Trd, 8638789.512, 105
Trd, 8638789.979, 79
Trd, 8638790.279, 140
Trd, 8638790.412, 109
Trd, 8638790.712, 61
Trd, 8638790.779, 80
Trd, 8638791.046, 116
Trd, 8638791.479, 72
Trd, 8638792.046, 113
Trd, 8638792.979, 64
Trd, 8638793.212, 72
Trd, 8638793.946, 64
Trd, 8638794.379, 64
Trd, 8638794.479, 65
Trd, 8638795.012, 119
Trd, 8638795.946, 117
Trd, 8638796.279, 110
Trd, 8638796.646, 107
Trd, 8638797.212, 123
Trd, 8638797.479, 106
Trd, 8638797.712, 93
Trd, 8638797.812, 83
Trd, 8638798.212, 115
Trd, 8638798.946, 105
Trd, 8638799.179, 123
Trd, 8638799.446, 118
Trd, 8638799.512, 103
Trd, 8638799.946, 130
Trd, 8638800.146, 120
Trd, 8638801.012, 115
Trd, 8638801.412, 83
Trd, 8638801.679, 95
Trd, 8638801.779, 95
Trd, 8638802.612, 68
Trd, 8638803.412, 63
Trd, 8638804.212, 71
Trd, 8638804.579, 64
Trd, 8638805.512, 64
Trd, 8638805.746, 85
Trd, 8638806.512, 69
Trd, 8638807.379, 85
Trd, 8638807.512, 90
Trd, 8638807.612, 80
Trd, 8638807.646, 92
Trd, 8638808.212, 105
Trd, 8638808.612, 78
Trd, 8638808.879, 103
Trd, 8638809.412, 114
Trd, 8638809.646, 113
Trd, 8638810.246, 133
Trd, 8638810.612, 127
Trd, 8638810.912, 112
Trd, 8638811.246, 123
Trd, 8638811.879, 112
Trd, 8638812.012, 100
Trd, 8638812.512, 78
Trd, 8638812.879, 84
Trd, 8638813.279, 61
Trd, 8638813.879, 136
Trd, 8638813.946, 135
Trd, 8638814.379, 118
Trd, 8638814.479, 94
Trd, 8638814.946, 140
Trd, 8638815.246, 129
Trd, 8638815.546, 116
Trd, 8638815.712, 115
Trd, 8638815.979, 91
Trd, 8638816.046, 81
Trd, 8638816.646, 73
Trd, 8638816.879, 117
Trd, 8638817.246, 60
Trd, 8638818.346, 62
Trd, 8638818.412, 66
Trd, 8638819.246, 72
Trd, 8638819.946, 75
Trd, 8638820.246, 86
Trd, 8638821.212, 65
Trd, 8638822.179, 70
Trd, 8638822.279, 69
Trd, 8638822.546, 115
Trd, 8638822.779, 117
Trd, 8638822.846, 92
Trd, 8638822.946, 84
Trd, 8638823.179, 68
Trd, 8638823.846, 121
Trd, 8638824.346, 68
Trd, 8638824.479, 80
Trd, 8638824.712, 105
Trd, 8638825.046, 66
Trd, 8638825.679, 113
Trd, 8638826.446, 106
Trd, 8638826.679, 73
Trd, 8638826.979, 78
Trd, 8638827.546, 71
Trd, 8638827.712, 129
Trd, 8638828.046, 81
Trd, 8638828.946, 77
Trd, 8638828.979, 69
Trd, 8638830.046, 118
Trd, 8638830.079, 111
Trd, 8638831.179, 85
Trd, 8638831.279, 78
Trd, 8638831.846, 66
Trd, 8638832.012, 95
Trd, 8638832.146, 125
Trd, 8638833.012, 137
Trd, 8638833.412, 132
Trd, 8638833.579, 112
Trd, 8638834.546, 103
Trd, 8638834.646, 98
Trd, 8638834.812, 96
Trd, 8638835.579, 86
Trd, 8638835.912, 80
Trd, 8638836.079, 101
Trd, 8638836.912, 129
Trd, 8638837.279, 135
Trd, 8638837.579, 124
Trd, 8638837.779, 81
Trd, 8638838.246, 68
Trd, 8638838.346, 71
Trd, 8638838.612, 78
Trd, 8638838.946, 95
Trd, 8638839.179, 113
Trd, 8638839.612, 120
Trd, 8638840.079, 100
Trd, 8638840.346, 132
Trd, 8638840.879, 107
Trd, 8638840.912, 90
Trd, 8638841.612, 83
Trd, 8638842.112, 79
Trd, 8638842.479, 113
Trd, 8638842.812, 86
Trd, 8638843.312, 79
Trd, 8638843.646, 114
Trd, 8638845.079, 97
Trd, 8638845.212, 109
Trd, 8638846.246, 75
Trd, 8638846.379, 67
Trd, 8638846.746, 98
Trd, 8638847.346, 78
Trd, 8638848.012, 60
Trd, 8638848.079, 62
Trd, 8638848.446, 64
Trd, 8638848.679, 108
Trd, 8638848.712, 117
Trd, 8638849.079, 133
Trd, 8638849.612, 90
Trd, 8638850.212, 86
Trd, 8638850.879, 77
Trd, 8638851.346, 76
Trd, 8638851.479, 98
Trd, 8638851.812, 72
Trd, 8638852.779, 62
Trd, 8638853.746, 93
Trd, 8638853.779, 89
Trd, 8638854.212, 96
Trd, 8638854.679, 68
Trd, 8638854.946, 85
Trd, 8638855.146, 66
Trd, 8638855.346, 63
Trd, 8638855.846, 64
Trd, 8638856.846, 69
Trd, 8638857.046, 73
Trd, 8638857.446, 93
Trd, 8638858.312, 66
Trd, 8638860.012, 93
Trd, 8638860.112, 94
Trd, 8638860.146, 96
Trd, 8638860.246, 76
Trd, 8638860.979, 66
Trd, 8638861.212, 69
Trd, 8638861.512, 77
Trd, 8638862.512, 77
Trd, 8638863.212, 95
Trd, 8638863.679, 96
Trd, 8638863.712, 101
Trd, 8638864.112, 94
Trd, 8638864.579, 137
Trd, 8638864.846, 97
Trd, 8638865.479, 93
Trd, 8638866.046, 90
Trd, 8638866.579, 140
Trd, 8638867.012, 140
Trd, 8638867.179, 123
Trd, 8638867.979, 91
Trd, 8638868.012, 115
Trd, 8638868.412, 134
Trd, 8638868.612, 111
Trd, 8638868.712, 110
Trd, 8638869.779, 107
Trd, 8638869.979, 96
Trd, 8638871.512, 101
Trd, 8638871.679, 101
Trd, 8638872.012, 139
Trd, 8638872.446, 91
Trd, 8638872.912, 90
Trd, 8638873.112, 81
Trd, 8638873.579, 96
Trd, 8638874.012, 66
Trd, 8638874.479, 77
Trd, 8638874.546, 104
Trd, 8638874.746, 77
Trd, 8638875.079, 138
Trd, 8638875.912, 114
Trd, 8638876.079, 84
Trd, 8638876.146, 83
Trd, 8638876.979, 102
Trd, 8638877.246, 67
Trd, 8638877.446, 67
Trd, 8638878.112, 135
Trd, 8638878.546, 112
Trd, 8638878.712, 94
Trd, 8638879.346, 78
Trd, 8638879.912, 78
Trd, 8638879.979, 69
Trd, 8638881.012, 68
Trd, 8638881.412, 76
Trd, 8638881.946, 123
Trd, 8638882.146, 128
Trd, 8638882.479, 111
Trd, 8638882.979, 108
Trd, 8638883.412, 84
Trd, 8638883.779, 92
Trd, 8638884.112, 71
Trd, 8638884.579, 125
Trd, 8638884.779, 70
Trd, 8638886.012, 117
Trd, 8638886.246, 109
Trd, 8638886.612, 115
Trd, 8638886.646, 88
Trd, 8638886.912, 103
Trd, 8638887.146, 113
Trd, 8638888.579, 101
Trd, 8638888.812, 131
Trd, 8638889.246, 127
Trd, 8638889.546, 123
Trd, 8638889.879, 120
Trd, 8638891.412, 105
Trd, 8638891.912, 113
Trd, 8638892.112, 140
Trd, 8638892.179, 108
Trd, 8638892.412, 103
Trd, 8638892.779, 111
Trd, 8638893.046, 106
Trd, 8638893.112, 98
Trd, 8638893.446, 86
Trd, 8638893.646, 137
Trd, 8638893.979, 99
Trd, 8638894.112, 91
Trd, 8638895.446, 78
Trd, 8638895.512, 115
Trd, 8638895.812, 79
Trd, 8638896.512, 120
Trd, 8638896.579, 107
Trd, 8638896.979, 119
Trd, 8638897.179, 100
Trd, 8638897.546, 113
Trd, 8638899.312, 100
Trd, 8638899.412, 73
Trd, 8638899.579, 115
Trd, 8638899.612, 71
Trd, 8638900.479, 125
Trd, 8638900.679, 131
Trd, 8638900.946, 108
Trd, 8638901.046, 86
Trd, 8638902.046, 139
Trd, 8638902.712, 134
Trd, 8638903.112, 123
Trd, 8638903.179, 117
Trd, 8638903.279, 87
Trd, 8638903.846, 131
Trd, 8638903.879, 98
Trd, 8638904.379, 115
Trd, 8638904.546, 111
Trd, 8638905.646, 96
Trd, 8638905.712, 94
Trd, 8638906.112, 110
Trd, 8638907.212, 135
Trd, 8638907.979, 119
Trd, 8638908.346, 130
Trd, 8638908.512, 124
Trd, 8638909.146, 102
Trd, 8638909.246, 101
Trd, 8638909.846, 87
Trd, 8638910.346, 112
Trd, 8638910.846, 125
Trd, 8638911.479, 124
Trd, 8638912.079, 117
Trd, 8638912.346, 113
Trd, 8638912.379, 106
Trd, 8638912.546, 115
Trd, 8638912.846, 96
Trd, 8638913.146, 89
Trd, 8638913.812, 80
Trd, 8638914.046, 71
Trd, 8638914.412, 68
Trd, 8638914.979, 71
Trd, 8638915.312, 86
Trd, 8638915.746, 78
Trd, 8638915.879, 94
Trd, 8638915.912, 100
Trd, 8638916.646, 60
Trd, 8638916.912, 63
Trd, 8638917.246, 116
Trd, 8638918.646, 96
Trd, 8638919.512, 95
Trd, 8638920.012, 132
Trd, 8638920.179, 129
Trd, 8638920.346, 118
Trd, 8638920.546, 98
Trd, 8638921.312, 105
Trd, 8638921.746, 94
Trd, 8638921.979, 115
Trd, 8638922.146, 66
Trd, 8638922.346, 64
Trd, 8638922.412, 72
Trd, 8638923.112, 122
Trd, 8638923.579, 60
Trd, 8638924.579, 63
Trd, 8638924.946, 92
Trd, 8638925.546, 92
Trd, 8638925.579, 84
Trd, 8638926.279, 69
Trd, 8638926.446, 89
Trd, 8638926.812, 106
Trd, 8638927.279, 117
Trd, 8638927.346, 81
Trd, 8638927.712, 68
Trd, 8638929.146, 118
Trd, 8638929.279, 117
Trd, 8638930.179, 116
Trd, 8638930.512, 137
Trd, 8638930.712, 134
Trd, 8638930.946, 85
Trd, 8638931.046, 94
Trd, 8638931.679, 98
Trd, 8638931.779, 90
Trd, 8638931.946, 86
Trd, 8638932.112, 101
Trd, 8638932.546, 80
Trd, 8638933.079, 98
Trd, 8638933.146, 97
Trd, 8638933.546, 95
Trd, 8638934.246, 72
Trd, 8638934.779, 62
Trd, 8638936.412, 104
Trd, 8638936.646, 85
Trd, 8638937.046, 113
Trd, 8638937.279, 125
Trd, 8638938.212, 95
Trd, 8638938.546, 93
Trd, 8638939.246, 85
Trd, 8638939.312, 98
Trd, 8638939.479, 73
Trd, 8638939.546, 100
Trd, 8638939.646, 97
Trd, 8638939.912, 70
Trd, 8638940.912, 71
Trd, 8638941.012, 70
Trd, 8638942.279, 114
Trd, 8638942.746, 112
Trd, 8638943.012, 107
Trd, 8638943.179, 107
Trd, 8638943.846, 101
Trd, 8638944.279, 99
Trd, 8638944.479, 68
Trd, 8638944.779, 140
Trd, 8638944.846, 132
Trd, 8638945.512, 72
Trd, 8638945.879, 66
Trd, 8638946.812, 136
Trd, 8638947.246, 131
Trd, 8638947.379, 130
Trd, 8638947.879, 97
Trd, 8638948.412, 104
Trd, 8638949.146, 117
Trd, 8638949.512, 96
Trd, 8638949.712, 89
Trd, 8638949.979, 89
Trd, 8638950.346, 123
Trd, 8638951.312, 120
Trd, 8638951.446, 112
Trd, 8638951.879, 139
Trd, 8638952.212, 107
Trd, 8638954.046, 119
Trd, 8638954.279, 119
Trd, 8638954.746, 116
Trd, 8638954.846, 99
Trd, 8638954.879, 82
Trd, 8638955.112, 79
Trd, 8638955.779, 88
Trd, 8638955.812, 69
Trd, 8638956.079, 100
Trd, 8638956.679, 136
Trd, 8638957.779, 89
Trd, 8638957.846, 88
Trd, 8638957.879, 83
Trd, 8638958.412, 66
Trd, 8638958.712, 99
Trd, 8638959.012, 95
Trd, 8638959.046, 94
Trd, 8638959.612, 90
Trd, 8638959.812, 88
Trd, 8638960.879, 117
Trd, 8638961.846, 128
Trd, 8638961.979, 91
Trd, 8638962.746, 124
Trd, 8638962.812, 105
Trd, 8638963.012, 123
Trd, 8638963.412, 120
Trd, 8638963.846, 73
Trd, 8638964.979, 139
Trd, 8638965.346, 105
Trd, 8638965.579, 125
Trd, 8638965.846, 97
Trd, 8638966.079, 96
Trd, 8638966.246, 65
Trd, 8638966.579, 99
Trd, 8638966.746, 110
Trd, 8638967.679, 100
Trd, 8638968.146, 94
Trd, 8638968.179, 86
Trd, 8638968.579, 131
Trd, 8638968.646, 102
Trd, 8638969.946, 112
Trd, 8638969.979, 89
Trd, 8638970.112, 86
Trd, 8638970.279, 81
Trd, 8638970.379, 85
Trd, 8638971.979, 79
Trd, 8638972.379, 66
Trd, 8638972.646, 94
Trd, 8638973.879, 63
Trd, 8638974.479, 76
Trd, 8638975.012, 63
Trd, 8638975.046, 87
Trd, 8638975.679, 100
Trd, 8638975.879, 74
Trd, 8638976.379, 108
Trd, 8638976.879, 123
Trd, 8638976.979, 103
Trd, 8638977.246, 103
Trd, 8638977.279, 81
Trd, 8638977.312, 119
Trd, 8638979.446, 93
Trd, 8638979.479, 92
Trd, 8638979.846, 106
Trd, 8638980.112, 108
Trd, 8638980.246, 140
Trd, 8638980.679, 65
Trd, 8638980.912, 75
Trd, 8638980.946, 80
Trd, 8638981.612, 108
Trd, 8638983.646, 124
Trd, 8638983.812, 119
Trd, 8638983.879, 98
Trd, 8638984.446, 78
Trd, 8638984.512, 68
Trd, 8638984.746, 89
Trd, 8638984.979, 109
Trd, 8638985.546, 61
Trd, 8638986.279, 93
Trd, 8638986.379, 86
Trd, 8638986.446, 84
Trd, 8638986.646, 140
Trd, 8638987.146, 82
Trd, 8638987.346, 72
Trd, 8638988.412, 140
Trd, 8638988.946, 123
Trd, 8638989.579, 115
Trd, 8638989.612, 111
Trd, 8638989.679, 99
Trd, 8638989.912, 94
Trd, 8638991.112, 66
Trd, 8638991.812, 72
Trd, 8638992.212, 113
Trd, 8638992.279, 112
Trd, 8638992.512, 107
Trd, 8638993.046, 118
Trd, 8638993.612, 84
Trd, 8638993.779, 112
Trd, 8638993.912, 131
Trd, 8638994.412, 112
Trd, 8638994.612, 95
Trd, 8638994.712, 85
Trd, 8638995.279, 87
Trd, 8638995.412, 64
Trd, 8638996.179, 87
Trd, 8638996.279, 101
Trd, 8638997.412, 63
Trd, 8638998.112, 70
Trd, 8638998.979, 73
Trd, 8638999.312, 79
Trd, 8638999.779, 110
Trd, 8638999.846, 120
Trd, 8639000.046, 68
Trd, 8639000.479, 68
Trd, 8639000.779, 104
Trd, 8639001.746, 84
Trd, 8639001.812, 118
Trd, 8639003.112, 111
Trd, 8639003.412, 91
Trd, 8639003.879, 88
Trd, 8639004.212, 102
Trd, 8639004.346, 62
Trd, 8639004.779, 63
Trd, 8639005.212, 107
Trd, 8639005.712, 108
Trd, 8639006.246, 88
Trd, 8639007.546, 97
Trd, 8639007.779, 81
Trd, 8639008.312, 96
Trd, 8639009.246, 118
Trd, 8639009.312, 128
Trd, 8639009.446, 93
Trd, 8639010.212, 113
Trd, 8639010.746, 109
Trd, 8639011.079, 111
Trd, 8639011.146, 108
Trd, 8639011.479, 86
Trd, 8639011.779, 101
Trd, 8639011.912, 103
Trd, 8639012.212, 83
Trd, 8639012.546, 83
Trd, 8639012.912, 87
Trd, 8639013.612, 75
Trd, 8639013.712, 70
Trd, 8639014.746, 94
Trd, 8639014.946, 64
Trd, 8639015.712, 109
Trd, 8639016.479, 99
Trd, 8639016.646, 104
Trd, 8639016.812, 84
Trd, 8639016.846, 83
Trd, 8639017.012, 70
Trd, 8639017.879, 87
Trd, 8639018.146, 114
Trd, 8639018.646, 109
Trd, 8639020.312, 121
Trd, 8639020.912, 120
Trd, 8639021.479, 117
Trd, 8639021.546, 115
Trd, 8639021.579, 115
Trd, 8639022.046, 103
Trd, 8639022.512, 100
Trd, 8639022.746, 137
Trd, 8639023.446, 70
Trd, 8639023.579, 96
Trd, 8639023.812, 90
Trd, 8639023.946, 67
Trd, 8639024.412, 125
Trd, 8639024.512, 109
Trd, 8639025.879, 85
Trd, 8639026.879, 89
Trd, 8639027.012, 84
Trd, 8639027.512, 74
Trd, 8639027.612, 64
Trd, 8639028.046, 60
Trd, 8639028.579, 113
Trd, 8639029.512, 118
Trd, 8639029.679, 131
Trd, 8639030.446, 128
Trd, 8639030.546, 99
Trd, 8639031.046, 118
Trd, 8639031.546, 114
Trd, 8639031.679, 109
Trd, 8639031.779, 120
Trd, 8639032.179, 104
Trd, 8639032.346, 96
Trd, 8639032.646, 95
Trd, 8639034.079, 68
Trd, 8639034.446, 117
Trd, 8639034.612, 86
Trd, 8639034.812, 121
Trd, 8639035.512, 92
Trd, 8639035.579, 91
Trd, 8639035.779, 96
Trd, 8639037.046, 121
Trd, 8639037.146, 108
Trd, 8639038.112, 125
Trd, 8639039.046, 131
Trd, 8639039.212, 118
Trd, 8639039.346, 108
Trd, 8639039.946, 123
Trd, 8639040.279, 135
Trd, 8639040.712, 111
Trd, 8639041.512, 118
Trd, 8639041.579, 117
Trd, 8639041.746, 92
Trd, 8639042.212, 83
Trd, 8639042.346, 80
Trd, 8639043.312, 117
Trd, 8639043.379, 119
Trd, 8639043.579, 65
Trd, 8639043.946, 127
Trd, 8639044.312, 114
Trd, 8639044.412, 110
Trd, 8639045.179, 104
Trd, 8639045.279, 93
Trd, 8639045.412, 114
Trd, 8639045.679, 85
Trd, 8639046.146, 105
Trd, 8639046.912, 119
Trd, 8639047.279, 103
Trd, 8639047.612, 100
Trd, 8639047.946, 100
Trd, 8639048.046, 89
Trd, 8639048.346, 91
Trd, 8639048.612, 136
Trd, 8639049.846, 138
Trd, 8639050.346, 120
Trd, 8639050.446, 118
Trd, 8639051.379, 118
Trd, 8639051.479, 95
Trd, 8639051.612, 98
Trd, 8639052.512, 91
Trd, 8639052.546, 86
Trd, 8639052.712, 93
Trd, 8639052.812, 89
Trd, 8639053.512, 134
Trd, 8639053.779, 75
Trd, 8639054.112, 123
Trd, 8639054.212, 73
Trd, 8639055.079, 115
Trd, 8639055.512, 113
Trd, 8639055.712, 112
Trd, 8639055.879, 79
Trd, 8639056.179, 64
Trd, 8639057.879, 91
Trd, 8639058.146, 107
Trd, 8639058.812, 89
Trd, 8639059.146, 83
Trd, 8639059.246, 96
Trd, 8639059.579, 103
Trd, 8639060.612, 132
Trd, 8639060.846, 130
Trd, 8639061.946, 117
Trd, 8639062.012, 119
Trd, 8639062.546, 131
Trd, 8639062.612, 109
Trd, 8639062.646, 77
Trd, 8639063.712, 83
Trd, 8639064.312, 83
Trd, 8639064.712, 80
Trd, 8639064.879, 110
Trd, 8639065.612, 101
Trd, 8639065.812, 103
Trd, 8639066.512, 89
Trd, 8639067.046, 117
Trd, 8639067.146, 115
Trd, 8639067.246, 102
Trd, 8639067.479, 85
Trd, 8639068.779, 114
Trd, 8639068.979, 116
Trd, 8639069.212, 112
Trd, 8639069.346, 127
Trd, 8639070.346, 122
Trd, 8639071.246, 115
Trd, 8639071.546, 107
Trd, 8639071.579, 100
Trd, 8639071.846, 86
Trd, 8639072.312, 124
Trd, 8639073.179, 127
Trd, 8639073.412, 126
Trd, 8639073.446, 105
Trd, 8639073.712, 89
Trd, 8639074.079, 102
Trd, 8639074.546, 122
Trd, 8639074.679, 101
Trd, 8639075.479, 133
Trd, 8639076.579, 116
Trd, 8639077.712, 114
Trd, 8639077.846, 108
Trd, 8639078.212, 95
Trd, 8639078.646, 93
Trd, 8639079.146, 96
Trd, 8639079.446, 138
Trd, 8639079.579, 99
Trd, 8639079.779, 130
Trd, 8639080.146, 104
Trd, 8639080.379, 94
Trd, 8639081.046, 124
Trd, 8639081.146, 115
Trd, 8639081.346, 77
Trd, 8639082.212, 60
Trd, 8639082.946, 103
Trd, 8639083.712, 95
Trd, 8639083.979, 96
Trd, 8639084.046, 69
Trd, 8639084.979, 140
Trd, 8639085.879, 125
Trd, 8639086.046, 125
Trd, 8639086.312, 130
Trd, 8639087.112, 130
Trd, 8639087.279, 117
Trd, 8639087.746, 119
Trd, 8639088.412, 128
Trd, 8639088.479, 117
Trd, 8639088.846, 113
Trd, 8639089.046, 111
Trd, 8639089.312, 95
Trd, 8639090.146, 111
Trd, 8639090.212, 106
Trd, 8639090.612, 122
Trd, 8639090.846, 138
Trd, 8639090.979, 111
Trd, 8639091.046, 96
Trd, 8639091.146, 139
Trd, 8639091.279, 140
Trd, 8639092.346, 95
Trd, 8639092.612, 84
Trd, 8639093.612, 76
Trd, 8639093.812, 82
Trd, 8639094.279, 140
Trd, 8639095.212, 117
Trd, 8639095.546, 108
Trd, 8639095.779, 105
Trd, 8639096.012, 96
Trd, 8639096.912, 96
Trd, 8639097.346, 97
Trd, 8639097.512, 93
Trd, 8639098.212, 118
Trd, 8639098.279, 108
Trd, 8639098.679, 88
Trd, 8639098.879, 139
Trd, 8639099.046, 85
Trd, 8639099.479, 66
Trd, 8639099.846, 73
Trd, 8639100.112, 106
Trd, 8639100.479, 114
Trd, 8639100.779, 113
Trd, 8639101.212, 88
Trd, 8639101.979, 109
Trd, 8639102.112, 130
Trd, 8639102.179, 124
Trd, 8639102.712, 78
Trd, 8639102.746, 68
Trd, 8639103.679, 118
Trd, 8639104.079, 85
Trd, 8639104.379, 72
Trd, 8639104.912, 113
Trd, 8639105.612, 60
Trd, 8639105.679, 60
Trd, 8639106.179, 66
Trd, 8639106.746, 87
Trd, 8639107.046, 91
Trd, 8639108.046, 76
Trd, 8639109.246, 119
Trd, 8639109.812, 110
Trd, 8639110.046, 103
Trd, 8639110.179, 97
Trd, 8639110.579, 122
Trd, 8639110.746, 91
Trd, 8639111.079, 96
Trd, 8639112.046, 122
Trd, 8639112.446, 125
Trd, 8639112.846, 97
Trd, 8639113.179, 127
Trd, 8639113.379, 94
Trd, 8639113.646, 110
Trd, 8639114.046, 90
Trd, 8639114.146, 86
Trd, 8639114.646, 64
Trd, 8639114.846, 106
Trd, 8639115.212, 66
Trd, 8639116.146, 117
Trd, 8639116.412, 115
Trd, 8639117.079, 105
Trd, 8639117.512, 132
Trd, 8639118.046, 99
Trd, 8639118.112, 87
Trd, 8639118.146, 85
Trd, 8639118.779, 130
Trd, 8639118.946, 92
Trd, 8639119.046, 66
Trd, 8639119.646, 139
Trd, 8639120.012, 138
Trd, 8639120.746, 111
Trd, 8639122.079, 138
Trd, 8639122.179, 131
Trd, 8639122.946, 124
Trd, 8639123.446, 124
Trd, 8639123.779, 112
Trd, 8639124.112, 107
Trd, 8639124.279, 133
Trd, 8639124.379, 92
Trd, 8639124.779, 115
Trd, 8639125.779, 121
Trd, 8639126.579, 121
Trd, 8639126.879, 117
Trd, 8639127.346, 117
Trd, 8639127.812, 108
Trd, 8639128.146, 133
Trd, 8639128.212, 132
Trd, 8639128.512, 104
Trd, 8639129.079, 109
Trd, 8639129.112, 114
Trd, 8639129.346, 139
Trd, 8639129.412, 67
Trd, 8639129.912, 133
Trd, 8639130.046, 80
Trd, 8639130.412, 80
Trd, 8639131.179, 120
Trd, 8639131.212, 76
Trd, 8639131.846, 61
Trd, 8639132.779, 134
Trd, 8639133.379, 139
Trd, 8639134.946, 126
Trd, 8639135.246, 125
Trd, 8639135.479, 124
Trd, 8639136.379, 123
Trd, 8639136.512, 116
Trd, 8639136.712, 104
Trd, 8639136.912, 104
Trd, 8639137.146, 121
Trd, 8639137.612, 100
Trd, 8639137.746, 99
Trd, 8639138.112, 97
Trd, 8639138.212, 85
Trd, 8639138.312, 87
Trd, 8639139.146, 117
Trd, 8639140.179, 62
Trd, 8639140.379, 78
Trd, 8639140.779, 69
Trd, 8639141.346, 70
Trd, 8639141.679, 60
Trd, 8639141.812, 72
Trd, 8639142.712, 61
Trd, 8639142.812, 88
Trd, 8639143.312, 70
Trd, 8639144.079, 68
Trd, 8639144.712, 86
Trd, 8639145.146, 86
Trd, 8639145.346, 111
Trd, 8639145.746, 90
Trd, 8639145.879, 96
Trd, 8639146.112, 88
Trd, 8639146.246, 108
Trd, 8639147.679, 93
Trd, 8639148.079, 92
Trd, 8639148.146, 76
Trd, 8639149.179, 112
Trd, 8639149.346, 109
Trd, 8639149.712, 104
Trd, 8639150.079, 131
Trd, 8639150.179, 115
Trd, 8639150.446, 96
Trd, 8639151.146, 124
Trd, 8639151.212, 106
Trd, 8639152.346, 114
Trd, 8639152.712, 138
Trd, 8639152.812, 137
Trd, 8639153.112, 109
Trd, 8639153.179, 105
Trd, 8639153.279, 109
Trd, 8639153.312, 65
Trd, 8639154.412, 112
Trd, 8639155.412, 85
Trd, 8639156.112, 69
Trd, 8639156.412, 108
Trd, 8639157.179, 133
Trd, 8639157.279, 132
Trd, 8639157.446, 111
Trd, 8639157.679, 106
Trd, 8639157.879, 97
Trd, 8639158.112, 91
Trd, 8639159.312, 85
Trd, 8639159.846, 119
Trd, 8639160.012, 82
Trd, 8639160.079, 72
Trd, 8639160.412, 95
Trd, 8639161.346, 97
Trd, 8639161.712, 120
Trd, 8639162.112, 74
Trd, 8639162.512, 114
Trd, 8639162.746, 89
Trd, 8639162.979, 70
Trd, 8639163.479, 67
Trd, 8639163.512, 84
Trd, 8639163.579, 62
Trd, 8639165.146, 94
Trd, 8639165.379, 64
Trd, 8639165.846, 92
Trd, 8639166.279, 69
Trd, 8639166.446, 67
Trd, 8639167.079, 64
Trd, 8639167.212, 65
Trd, 8639167.379, 62
Trd, 8639167.612, 85
Trd, 8639168.446, 98
Trd, 8639168.779, 135
Trd, 8639169.246, 135
Trd, 8639169.479, 134
Trd, 8639169.812, 105
Trd, 8639170.679, 126
Trd, 8639171.046, 118
Trd, 8639171.579, 111
Trd, 8639174.046, 124
Trd, 8639174.279, 103
Trd, 8639174.546, 128
Trd, 8639174.612, 101
Trd, 8639174.812, 110
Trd, 8639174.979, 92
Trd, 8639175.212, 81
Trd, 8639175.446, 74
Trd, 8639175.912, 65
Trd, 8639176.179, 100
Trd, 8639177.012, 107
Trd, 8639177.412, 128
Trd, 8639178.246, 102
Trd, 8639178.446, 106
Trd, 8639178.746, 111
Trd, 8639178.812, 101
Trd, 8639179.446, 124
Trd, 8639179.679, 106
Trd, 8639179.912, 90
Trd, 8639179.946, 77
Trd, 8639180.012, 75
Trd, 8639182.046, 116
Trd, 8639182.079, 115
Trd, 8639182.679, 124
Trd, 8639182.846, 120
Trd, 8639183.679, 118
Trd, 8639184.812, 121
Trd, 8639185.112, 89
Trd, 8639185.179, 75
Trd, 8639185.412, 75
Trd, 8639185.712, 94
Trd, 8639187.046, 100
Trd, 8639187.212, 119
Trd, 8639187.612, 99
Trd, 8639188.146, 106
Trd, 8639188.712, 128
Trd, 8639188.979, 95
Trd, 8639189.579, 73
Trd, 8639189.779, 64
Trd, 8639190.212, 126
Trd, 8639190.879, 101
Trd, 8639191.146, 90
Trd, 8639192.012, 122
Trd, 8639192.079, 109
Trd, 8639193.379, 136
Trd, 8639193.679, 129
Trd, 8639193.712, 97
Trd, 8639193.979, 90
Trd, 8639194.046, 95
Trd, 8639194.579, 89
Trd, 8639194.912, 108
Trd, 8639195.346, 84
Trd, 8639195.779, 66
Trd, 8639195.912, 77
Trd, 8639196.212, 64
Trd, 8639196.979, 85
Trd, 8639197.212, 95
Trd, 8639197.312, 68
Trd, 8639197.646, 81
Trd, 8639197.779, 112
Trd, 8639198.812, 108
Trd, 8639198.946, 103
Trd, 8639199.146, 92
Trd, 8639199.446, 99
Trd, 8639200.046, 135
Trd, 8639200.246, 140
Trd, 8639200.712, 120
Trd, 8639200.812, 112
Trd, 8639201.012, 93
Trd, 8639201.279, 63
Trd, 8639202.046, 108
Trd, 8639202.112, 112
Trd, 8639202.512, 89
Trd, 8639204.046, 78
Trd, 8639204.112, 84
Trd, 8639205.412, 83
Trd, 8639205.812, 109
Trd, 8639206.079, 108
Trd, 8639206.112, 75
Trd, 8639206.746, 80
Trd, 8639207.146, 91
Trd, 8639207.379, 74
Trd, 8639207.512, 73
Trd, 8639207.779, 134
Trd, 8639208.412, 103
Trd, 8639208.512, 84
Trd, 8639209.212, 82
Trd, 8639209.479, 73
Trd, 8639209.846, 122
Trd, 8639210.012, 118
Trd, 8639210.712, 85
Trd, 8639210.912, 98
Trd, 8639211.746, 76
Trd, 8639211.879, 73
Trd, 8639212.112, 124
Trd, 8639212.312, 102
Trd, 8639212.579, 122
Trd, 8639213.912, 108
Trd, 8639213.946, 80
Trd, 8639214.679, 124
Trd, 8639215.646, 134
Trd, 8639215.879, 115
Trd, 8639216.012, 104
Trd, 8639216.246, 84
Trd, 8639216.979, 86
Trd, 8639217.112, 95
Trd, 8639217.779, 74
Trd, 8639218.379, 111
Trd, 8639218.446, 110
Trd, 8639218.746, 110
Trd, 8639218.979, 60
Trd, 8639219.879, 130
Trd, 8639220.779, 139
Trd, 8639220.912, 125
Trd, 8639221.212, 91
Trd, 8639221.546, 132
Trd, 8639222.846, 105
Trd, 8639223.246, 137
Trd, 8639223.312, 102
Trd, 8639223.612, 99
Trd, 8639223.979, 80
Trd, 8639225.212, 118
Trd, 8639226.512, 89
Trd, 8639226.879, 81
Trd, 8639227.046, 101
Trd, 8639227.212, 84
Trd, 8639227.779, 70
Trd, 8639228.379, 92
Trd, 8639228.446, 65
Trd, 8639229.012, 73
Trd, 8639229.046, 88
Trd, 8639229.579, 121
Trd, 8639229.979, 78
Trd, 8639230.246, 71
Trd, 8639230.579, 64
Trd, 8639231.379, 60
Trd, 8639231.612, 98
Trd, 8639231.979, 100
Trd, 8639232.212, 132
Trd, 8639232.346, 93
Trd, 8639233.012, 130
Trd, 8639234.379, 80
Trd, 8639234.812, 81
Trd, 8639234.912, 67
Trd, 8639235.512, 65
Trd, 8639236.346, 76
Trd, 8639236.812, 86
Trd, 8639237.212, 126
Trd, 8639237.412, 72
Trd, 8639237.679, 137
Trd, 8639237.846, 104
Trd, 8639238.912, 133
Trd, 8639239.146, 131
Trd, 8639239.379, 120
Trd, 8639239.412, 114
Trd, 8639239.879, 73
Trd, 8639239.946, 63
Trd, 8639241.946, 124
Trd, 8639242.079, 122
Trd, 8639242.312, 138
Trd, 8639242.546, 103
Trd, 8639242.579, 101
Trd, 8639243.346, 112
Trd, 8639244.279, 82
Trd, 8639245.012, 100
Trd, 8639245.212, 111
Trd, 8639245.479, 95
Trd, 8639245.679, 99
Trd, 8639245.746, 111
Trd, 8639246.112, 95
Trd, 8639246.146, 114
Trd, 8639246.446, 86
Trd, 8639248.212, 123
Trd, 8639248.312, 103
Trd, 8639248.446, 110
Trd, 8639248.479, 109
Trd, 8639248.512, 101
Trd, 8639248.679, 139
Trd, 8639248.846, 131
Trd, 8639249.779, 121
Trd, 8639250.279, 110
Trd, 8639250.446, 108
Trd, 8639250.679, 105
Trd, 8639251.079, 96
Trd, 8639251.146, 65
Trd, 8639251.912, 128
Trd, 8639253.012, 127
Trd, 8639253.279, 114
Trd, 8639253.446, 110
Trd, 8639254.179, 94
Trd, 8639254.212, 117
Trd, 8639254.312, 106
Trd, 8639255.012, 95
Trd, 8639255.112, 105
Trd, 8639256.412, 96
Trd, 8639256.812, 94
Trd, 8639257.179, 93
Trd, 8639257.812, 134
Trd, 8639257.946, 125
Trd, 8639258.046, 106
Trd, 8639258.146, 99
Trd, 8639258.246, 90
Trd, 8639259.279, 122
Trd, 8639259.679, 97
Trd, 8639259.812, 104
Trd, 8639260.312, 94
Trd, 8639261.512, 87
Trd, 8639262.279, 88
Trd, 8639262.612, 85
Trd, 8639262.712, 92
Trd, 8639262.912, 76
Trd, 8639263.446, 74
Trd, 8639264.312, 138
Trd, 8639264.479, 100
Trd, 8639265.279, 80
Trd, 8639266.079, 87
Trd, 8639266.179, 90
Trd, 8639266.846, 75
Trd, 8639267.146, 138
Trd, 8639267.346, 71
Trd, 8639267.479, 128
Trd, 8639267.879, 62
Trd, 8639268.646, 113
Trd, 8639269.779, 120
Trd, 8639269.879, 110
Trd, 8639269.912, 109
Trd, 8639270.446, 78
Trd, 8639270.546, 81
Trd, 8639270.579, 68
Trd, 8639270.979, 70
Trd, 8639271.512, 91
Trd, 8639272.279, 63
Trd, 8639272.546, 63
Trd, 8639273.312, 81
Trd, 8639273.812, 97
Trd, 8639274.346, 79
Trd, 8639275.212, 89
Trd, 8639275.246, 75
Trd, 8639276.012, 111
Trd, 8639276.512, 110
Trd, 8639276.579, 106
Trd, 8639276.646, 94
Trd, 8639277.046, 74
Trd, 8639277.712, 72
Trd, 8639278.046, 66
Trd, 8639278.146, 99
Trd, 8639278.646, 107
Trd, 8639278.812, 89
Trd, 8639279.946, 106
Trd, 8639280.246, 104
Trd, 8639281.179, 61
Trd, 8639281.412, 73
Trd, 8639281.512, 89
Trd, 8639281.579, 60
Trd, 8639282.146, 71
Trd, 8639283.012, 60
Trd, 8639283.546, 61
Trd, 8639283.979, 72
Trd, 8639284.112, 75
Trd, 8639284.212, 75
Trd, 8639284.646, 105
Trd, 8639284.879, 102
Trd, 8639285.812, 96
Trd, 8639286.146, 92
Trd, 8639286.612, 130
Trd, 8639287.046, 134
Trd, 8639287.979, 82
Trd, 8639288.046, 78
Trd, 8639288.646, 71
Trd, 8639288.679, 85
Trd, 8639289.079, 130
Trd, 8639289.846, 131
Trd, 8639290.479, 121
Trd, 8639291.112, 110
Trd, 8639291.646, 101
Trd, 8639291.679, 88
Trd, 8639292.479, 81
Trd, 8639292.846, 66
Trd, 8639293.012, 73
Trd, 8639293.212, 63
Trd, 8639293.512, 94
Trd, 8639293.546, 77
Trd, 8639294.812, 114
Trd, 8639294.846, 106
Trd, 8639295.546, 134
Trd, 8639296.879, 68
Trd, 8639297.312, 71
Trd, 8639297.979, 69
Trd, 8639298.279, 64
Trd, 8639298.346, 71
Trd, 8639298.812, 82
Trd, 8639299.546, 63
Trd, 8639299.712, 67
Trd, 8639300.112, 71
Trd, 8639300.279, 71
Trd, 8639300.412, 97
Trd, 8639302.246, 92
Trd, 8639302.279, 91
Trd, 8639302.479, 101
Trd, 8639302.679, 103
Trd, 8639303.979, 102
Trd, 8639304.379, 84
Trd, 8639304.412, 77
Trd, 8639304.512, 74
Trd, 8639304.712, 84
Trd, 8639305.312, 102
Trd, 8639306.246, 78
Trd, 8639306.679, 96
Trd, 8639306.912, 95
Trd, 8639306.946, 77
Trd, 8639307.279, 81
Trd, 8639307.746, 129
Trd, 8639307.912, 76
Trd, 8639308.712, 119
Trd, 8639309.079, 109
Trd, 8639309.746, 98
Trd, 8639310.446, 103
Trd, 8639311.146, 122
Trd, 8639311.312, 107
Trd, 8639311.579, 101
Trd, 8639311.746, 121
Trd, 8639311.779, 120
Trd, 8639312.412, 122
Trd, 8639312.879, 139
Trd, 8639312.946, 62
Trd, 8639313.646, 68
Trd, 8639313.746, 71
Trd, 8639314.579, 101
Trd, 8639315.179, 91
Trd, 8639315.546, 75
Trd, 8639315.679, 67
Trd, 8639316.379, 87
Trd, 8639316.846, 99
Trd, 8639317.246, 94
Trd, 8639317.512, 118
Trd, 8639317.679, 75
Trd, 8639318.246, 92
Trd, 8639318.746, 61
Trd, 8639319.112, 93
Trd, 8639319.379, 72
Trd, 8639320.479, 65
Trd, 8639320.712, 91
Trd, 8639321.746, 71
Trd, 8639322.012, 100
Trd, 8639322.246, 83
Trd, 8639322.579, 66
Trd, 8639322.712, 82
Trd, 8639322.979, 89
Trd, 8639323.346, 94
Trd, 8639324.879, 71
Trd, 8639325.612, 71
Trd, 8639325.779, 61
Trd, 8639326.379, 120
Trd, 8639326.546, 107
Trd, 8639326.712, 81
Trd, 8639326.846, 78
Trd, 8639328.046, 133
Trd, 8639328.179, 131
Trd, 8639328.879, 116
Trd, 8639329.212, 117
Trd, 8639329.279, 115
Trd, 8639329.479, 67
Trd, 8639329.612, 79
Trd, 8639330.079, 123
Trd, 8639330.112, 90
Trd, 8639330.412, 81
Trd, 8639331.212, 136
Trd, 8639331.312, 129
Trd, 8639332.879, 60
Trd, 8639332.912, 62
Trd, 8639332.979, 70
Trd, 8639334.012, 135
Trd, 8639334.079, 121
Trd, 8639335.012, 94
Trd, 8639335.212, 83
Trd, 8639335.312, 108
Trd, 8639335.479, 77
Trd, 8639337.046, 87
Trd, 8639337.079, 86
Trd, 8639337.179, 76
Trd, 8639337.612, 84
Trd, 8639338.112, 127
Trd, 8639338.146, 126
Trd, 8639338.779, 93
Trd, 8639339.612, 85
Trd, 8639340.246, 69
Trd, 8639340.712, 61
Trd, 8639341.379, 64
Trd, 8639341.812, 70
Trd, 8639342.446, 120
Trd, 8639342.746, 107
Trd, 8639342.912, 106
Trd, 8639343.146, 93
Trd, 8639343.212, 78
Trd, 8639343.679, 73
Trd, 8639345.046, 136
Trd, 8639345.279, 130
Trd, 8639345.512, 125
Trd, 8639345.812, 99
Trd, 8639346.146, 60
Trd, 8639346.379, 62
Trd, 8639346.412, 93
Trd, 8639347.179, 104
Trd, 8639347.579, 67
Trd, 8639348.479, 129
Trd, 8639348.979, 128
Trd, 8639349.012, 83
Trd, 8639349.846, 132
Trd, 8639349.946, 127
Trd, 8639350.612, 96
Trd, 8639351.112, 85
Trd, 8639351.612, 82
Trd, 8639351.712, 74
Trd, 8639352.279, 133
Trd, 8639352.646, 119
Trd, 8639353.146, 80
Trd, 8639353.346, 134
Trd, 8639353.746, 98
Trd, 8639353.912, 80
Trd, 8639354.212, 79
Trd, 8639354.446, 88
Trd, 8639355.012, 73
Trd, 8639355.246, 95
Trd, 8639355.812, 72
Trd, 8639356.946, 62
Trd, 8639357.079, 61
Trd, 8639357.246, 67
Trd, 8639358.112, 115
Trd, 8639358.379, 139
Trd, 8639358.612, 72
Trd, 8639359.379, 71
Trd, 8639359.546, 60
Trd, 8639359.679, 82
Trd, 8639359.846, 88
Trd, 8639360.746, 69
Trd, 8639360.879, 66
Trd, 8639361.279, 61
Trd, 8639361.512, 63
Trd, 8639362.479, 65
Trd, 8639362.912, 80
Trd, 8639363.246, 62
Trd, 8639363.379, 94
Trd, 8639364.479, 92
Trd, 8639364.912, 83
Trd, 8639365.079, 70
Trd, 8639365.246, 67
Trd, 8639365.946, 73
Trd, 8639366.146, 63
Trd, 8639366.546, 77
Trd, 8639366.579, 70
Trd, 8639367.079, 110
Trd, 8639367.246, 123
Trd, 8639368.312, 133
Trd, 8639368.646, 89
Trd, 8639369.412, 61
Trd, 8639369.946, 65
Trd, 8639370.579, 127
Trd, 8639370.646, 66
Trd, 8639371.112, 103
Trd, 8639372.112, 82
Trd, 8639372.879, 62
Trd, 8639373.379, 67
Trd, 8639373.446, 64
Trd, 8639373.746, 87
Trd, 8639374.079, 125
Trd, 8639374.946, 88
Trd, 8639375.779, 85
Trd, 8639376.246, 106
Trd, 8639376.379, 102
Trd, 8639376.679, 135
Trd, 8639376.812, 132
Trd, 8639376.879, 99
Trd, 8639377.012, 77
Trd, 8639377.579, 120
Trd, 8639377.779, 119
Trd, 8639378.212, 100
Trd, 8639378.579, 104
Trd, 8639378.746, 81
Trd, 8639379.912, 108
Trd, 8639380.312, 105
Trd, 8639381.046, 87
Trd, 8639381.312, 118
Trd, 8639381.379, 111
Trd, 8639381.679, 129
Trd, 8639382.179, 123
Trd, 8639382.512, 118
Trd, 8639382.812, 127
Trd, 8639383.112, 91
Trd, 8639383.146, 90
Trd, 8639383.379, 86
Trd, 8639384.179, 100
Trd, 8639384.546, 95
Trd, 8639384.946, 124
Trd, 8639385.312, 98
Trd, 8639386.412, 123
Trd, 8639386.612, 102
Trd, 8639386.779, 104
Trd, 8639386.979, 140
Trd, 8639387.179, 89
Trd, 8639387.279, 80
Trd, 8639388.112, 104
Trd, 8639388.179, 95
Trd, 8639388.846, 95
Trd, 8639389.346, 62
Trd, 8639389.679, 65
Trd, 8639390.646, 61
Trd, 8639390.712, 75
Trd, 8639392.012, 119
Trd, 8639392.112, 116
Trd, 8639392.446, 113
Trd, 8639393.046, 97
Trd, 8639393.279, 96
Trd, 8639393.312, 99
Trd, 8639394.146, 138
Trd, 8639394.879, 98
Trd, 8639395.112, 115
Trd, 8639395.212, 111
Trd, 8639395.579, 107
Trd, 8639396.012, 92
Trd, 8639396.179, 89
Trd, 8639397.212, 79
Trd, 8639397.779, 64
Trd, 8639398.579, 80
Trd, 8639398.712, 61
Trd, 8639399.279, 99
Trd, 8639399.479, 110
Trd, 8639399.612, 84
Trd, 8639400.646, 91
Trd, 8639400.979, 82
Trd, 8639402.279, 94
Trd, 8639402.312, 108
Trd, 8639402.546, 98
Trd, 8639403.012, 108
Trd, 8639403.279, 79
Trd, 8639404.746, 72
Trd, 8639404.912, 98
Trd, 8639405.346, 131
Trd, 8639405.879, 125
Trd, 8639406.179, 118
Trd, 8639406.212, 110
Trd, 8639406.412, 86
Trd, 8639406.579, 135
Trd, 8639406.679, 74
Trd, 8639406.846, 132
Trd, 8639408.046, 62
Trd, 8639408.179, 69
Trd, 8639408.579, 70
Trd, 8639409.079, 137
Trd, 8639409.379, 113
Trd, 8639409.679, 115
Trd, 8639409.846, 88
Trd, 8639410.946, 138
Trd, 8639411.079, 110
Trd, 8639411.512, 81
Trd, 8639411.712, 76
Trd, 8639412.179, 115
Trd, 8639412.579, 61
Trd, 8639413.612, 114
Trd, 8639413.746, 105
Trd, 8639414.112, 106
Trd, 8639414.412, 122
Trd, 8639414.512, 90
Trd, 8639414.912, 115
Trd, 8639415.446, 125
Trd, 8639415.812, 114
Trd, 8639416.212, 117
Trd, 8639417.012, 93
Trd, 8639417.079, 79
Trd, 8639417.212, 68
Trd, 8639417.279, 64
Trd, 8639417.579, 78
Trd, 8639417.979, 64
Trd, 8639418.512, 67
Trd, 8639419.446, 94
Trd, 8639419.546, 90
Trd, 8639420.112, 114
Trd, 8639420.146, 97
Trd, 8639420.512, 84
Trd, 8639421.012, 102
Trd, 8639421.246, 83
Trd, 8639421.412, 81
Trd, 8639422.046, 116
Trd, 8639422.179, 84
Trd, 8639422.912, 118
Trd, 8639423.579, 121
Trd, 8639424.046, 107
Trd, 8639424.246, 76
Trd, 8639424.679, 68
Trd, 8639425.179, 124
Trd, 8639425.679, 125
Trd, 8639426.046, 136
Trd, 8639426.179, 128
Trd, 8639426.679, 106
Trd, 8639427.079, 112
Trd, 8639427.546, 68
Trd, 8639428.746, 60
Trd, 8639429.212, 62
Trd, 8639429.546, 72
Trd, 8639430.179, 65
Trd, 8639430.512, 65
Trd, 8639431.079, 68
Trd, 8639431.346, 93
Trd, 8639431.812, 60
Trd, 8639432.046, 61
Trd, 8639432.112, 69
Trd, 8639433.346, 121
Trd, 8639433.912, 114
Trd, 8639434.312, 131
Trd, 8639434.346, 105
Trd, 8639434.879, 134
Trd, 8639435.046, 128
Trd, 8639435.179, 104
Trd, 8639435.579, 68
Trd, 8639436.212, 79
Trd, 8639436.546, 95
Trd, 8639436.579, 69
Trd, 8639437.179, 76
Trd, 8639437.746, 131
Trd, 8639438.312, 97
Trd, 8639438.546, 79
Trd, 8639438.879, 69
Trd, 8639439.046, 71
Trd, 8639439.812, 71
Trd, 8639440.246, 95
Trd, 8639440.512, 94
Trd, 8639440.846, 121
Trd, 8639441.012, 111
Trd, 8639441.746, 77
Trd, 8639442.079, 89
Trd, 8639442.179, 96
Trd, 8639442.379, 85
Trd, 8639442.679, 96
Trd, 8639442.879, 92
Trd, 8639444.012, 127
Trd, 8639444.846, 104
Trd, 8639445.046, 96
Trd, 8639445.812, 111
Trd, 8639446.179, 92
Trd, 8639446.312, 83
Trd, 8639446.812, 140
Trd, 8639447.046, 135
Trd, 8639447.312, 120
Trd, 8639447.412, 114
Trd, 8639447.579, 134
Trd, 8639448.412, 99
Trd, 8639448.746, 96
Trd, 8639449.546, 105
Trd, 8639450.646, 116
Trd, 8639451.612, 121
Trd, 8639452.246, 125
Trd, 8639452.546, 95
Trd, 8639452.679, 130
Trd, 8639452.946, 131
Trd, 8639453.346, 132
Trd, 8639453.779, 89
Trd, 8639454.312, 121
Trd, 8639454.779, 140
Trd, 8639455.146, 126
Trd, 8639455.779, 107
Trd, 8639455.879, 92
Trd, 8639456.346, 86
Trd, 8639456.679, 80
Trd, 8639457.046, 80
Trd, 8639457.446, 83
Trd, 8639457.579, 79
Trd, 8639458.379, 125
Trd, 8639458.812, 62
Trd, 8639459.146, 64
Trd, 8639459.646, 73
Trd, 8639459.946, 90
Trd, 8639460.046, 118
Trd, 8639460.246, 61
Trd, 8639461.512, 85
Trd, 8639462.079, 60
Trd, 8639462.279, 63
Trd, 8639462.712, 69
Trd, 8639463.246, 62
Trd, 8639463.879, 74
Trd, 8639464.679, 97
Trd, 8639464.912, 120
Trd, 8639465.046, 118
Trd, 8639465.512, 95
Trd, 8639465.812, 93
Trd, 8639466.012, 92
Trd, 8639467.046, 87
Trd, 8639467.246, 93
Trd, 8639467.446, 104
Trd, 8639467.879, 107
Trd, 8639468.879, 99
Trd, 8639468.912, 91
Trd, 8639470.146, 138
Trd, 8639470.379, 116
Trd, 8639471.179, 104
Trd, 8639471.212, 93
Trd, 8639471.712, 68
Trd, 8639471.846, 105
Trd, 8639472.112, 113
Trd, 8639472.779, 84
Trd, 8639472.846, 85
Trd, 8639473.012, 119
Trd, 8639473.312, 63
Trd, 8639474.179, 67
Trd, 8639474.646, 73
Trd, 8639475.879, 115
Trd, 8639476.179, 112
Trd, 8639476.412, 106
Trd, 8639476.646, 85
Trd, 8639476.812, 75
Trd, 8639477.312, 137
Trd, 8639477.379, 119
Trd, 8639477.812, 103
Trd, 8639477.979, 70
Trd, 8639478.479, 96
Trd, 8639478.846, 108
Trd, 8639479.612, 61
Trd, 8639480.046, 62
Trd, 8639480.579, 108
Trd, 8639480.779, 119
Trd, 8639480.979, 98
Trd, 8639482.112, 125
Trd, 8639482.346, 110
Trd, 8639482.479, 98
Trd, 8639482.812, 92
Trd, 8639483.346, 88
Trd, 8639483.746, 79
Trd, 8639484.846, 131
Trd, 8639484.946, 106
Trd, 8639485.446, 120
Trd, 8639485.879, 96
Trd, 8639486.012, 128
Trd, 8639486.879, 106
Trd, 8639486.946, 102
Trd, 8639487.412, 129
Trd, 8639487.779, 101
Trd, 8639488.479, 123
Trd, 8639488.512, 100
Trd, 8639489.046, 93
Trd, 8639489.512, 82
Trd, 8639489.546, 82
Trd, 8639490.046, 66
Trd, 8639490.546, 101
Trd, 8639490.979, 126
Trd, 8639491.012, 92
Trd, 8639491.679, 130
Trd, 8639492.079, 84
Trd, 8639492.812, 61
Trd, 8639493.046, 70
Trd, 8639493.246, 64
Trd, 8639493.679, 89
Trd, 8639494.112, 86
Trd, 8639494.412, 77
Trd, 8639495.012, 129
Trd, 8639495.279, 105
Trd, 8639495.379, 104
Trd, 8639496.179, 137
Trd, 8639496.279, 129
Trd, 8639496.546, 92
Trd, 8639497.512, 88
Trd, 8639498.212, 99
Trd, 8639498.279, 90
Trd, 8639498.812, 67
Trd, 8639499.779, 65
Trd, 8639499.879, 73
Trd, 8639500.046, 66
Trd, 8639500.812, 89
Trd, 8639501.079, 65
Trd, 8639501.346, 68
Trd, 8639501.912, 104
Trd, 8639502.579, 62
Trd, 8639503.046, 68
Trd, 8639503.179, 81
Trd, 8639503.312, 82
Trd, 8639503.912, 83
Trd, 8639504.379, 112
Trd, 8639504.646, 72
Trd, 8639505.012, 110
Trd, 8639505.079, 69
Trd, 8639506.412, 97
Trd, 8639507.246, 137
Trd, 8639507.612, 136
Trd, 8639507.679, 114
Trd, 8639508.479, 118
Trd, 8639508.846, 128
Trd, 8639509.212, 125
Trd, 8639509.379, 113
Trd, 8639509.446, 108
Trd, 8639509.779, 92
Trd, 8639510.046, 90
Trd, 8639510.712, 67
Trd, 8639510.979, 75
Trd, 8639511.512, 77
Trd, 8639512.612, 107
Trd, 8639512.912, 94
Trd, 8639513.212, 92
Trd, 8639513.512, 86
Trd, 8639513.912, 116
Trd, 8639514.279, 105
Trd, 8639514.412, 101
Trd, 8639514.812, 86
Trd, 8639514.846, 80
Trd, 8639515.412, 126
Trd, 8639516.212, 125
Trd, 8639516.712, 121
Trd, 8639516.879, 119
Trd, 8639516.912, 85
Trd, 8639517.512, 112
Trd, 8639517.846, 115
Trd, 8639517.912, 60
Trd, 8639518.779, 64
Trd, 8639519.079, 68
Trd, 8639519.379, 87
Trd, 8639519.412, 97
Trd, 8639520.212, 98
Trd, 8639521.179, 60
Trd, 8639521.479, 63
Trd, 8639521.546, 66
Trd, 8639522.179, 72
Trd, 8639522.279, 79
Trd, 8639522.879, 111
Trd, 8639523.612, 83
Trd, 8639523.746, 81
Trd, 8639524.546, 110
Trd, 8639524.646, 109
Trd, 8639526.446, 97
Trd, 8639526.646, 109
Trd, 8639527.379, 88
Trd, 8639527.646, 87
Trd, 8639527.812, 116
Trd, 8639529.079, 98
Trd, 8639529.679, 97
Trd, 8639529.779, 96
Trd, 8639529.879, 132
Trd, 8639530.879, 103
Trd, 8639531.546, 87
Trd, 8639532.146, 120
Trd, 8639532.779, 140
Trd, 8639533.012, 135
Trd, 8639533.112, 128
Trd, 8639533.146, 101
Trd, 8639533.512, 119
Trd, 8639533.912, 113
Trd, 8639535.012, 105
Trd, 8639535.046, 103
Trd, 8639535.412, 129
Trd, 8639536.879, 109
Trd, 8639537.046, 100
Trd, 8639537.512, 106
Trd, 8639537.712, 78
Trd, 8639537.912, 82
Trd, 8639538.146, 131
Trd, 8639538.412, 73
Trd, 8639538.479, 82
Trd, 8639538.679, 92
Trd, 8639539.146, 113
Trd, 8639539.412, 99
Trd, 8639539.846, 133
Trd, 8639539.946, 122
Trd, 8639541.246, 79
Trd, 8639541.479, 91
Trd, 8639541.512, 108
Trd, 8639541.679, 78
Trd, 8639542.046, 84
Trd, 8639542.879, 97
Trd, 8639543.812, 74
Trd, 8639544.346, 64
Trd, 8639544.746, 63
Trd, 8639544.779, 118
Trd, 8639545.512, 87
Trd, 8639545.846, 99
Trd, 8639545.879, 77
Trd, 8639546.746, 134
Trd, 8639547.246, 120
Trd, 8639547.279, 103
Trd, 8639548.079, 116
Trd, 8639548.112, 88
Trd, 8639548.346, 73
Trd, 8639549.212, 106
Trd, 8639549.846, 107
Trd, 8639550.479, 100
Trd, 8639550.546, 90
Trd, 8639551.146, 126
Trd, 8639551.212, 97
Trd, 8639551.346, 86
Trd, 8639551.712, 83
Trd, 8639552.446, 107
Trd, 8639553.079, 77
Trd, 8639553.646, 82
Trd, 8639554.179, 84
Trd, 8639555.146, 102
Trd, 8639555.179, 81
Trd, 8639555.879, 77
Trd, 8639556.146, 75
Trd, 8639556.279, 74
Trd, 8639556.746, 90
Trd, 8639557.479, 72
Trd, 8639557.646, 75
Trd, 8639557.946, 107
Trd, 8639558.779, 106
Trd, 8639558.979, 105
Trd, 8639559.446, 126
Trd, 8639559.646, 85
Trd, 8639560.046, 79
Trd, 8639560.279, 134
Trd, 8639561.046, 128
Trd, 8639561.279, 104
Trd, 8639561.479, 103
Trd, 8639561.679, 130
Trd, 8639562.446, 134
Trd, 8639562.979, 91
Trd, 8639563.112, 81
Trd, 8639563.179, 73
Trd, 8639564.379, 87
Trd, 8639564.679, 100
Trd, 8639565.446, 137
Trd, 8639565.912, 119
Trd, 8639566.012, 118
Trd, 8639566.646, 110
Trd, 8639567.146, 109
Trd, 8639567.179, 68
Trd, 8639567.579, 73
Trd, 8639567.679, 104
Trd, 8639568.746, 109
Trd, 8639569.346, 102
Trd, 8639570.279, 118
Trd, 8639570.379, 112
Trd, 8639570.646, 110
Trd, 8639571.212, 130
Trd, 8639571.512, 112
Trd, 8639571.679, 95
Trd, 8639571.746, 92
Trd, 8639572.146, 126
Trd, 8639572.546, 86
Trd, 8639572.746, 132
Trd, 8639573.812, 97
Trd, 8639573.879, 73
Trd, 8639574.079, 93
Trd, 8639574.346, 114
Trd, 8639574.679, 61
Trd, 8639575.446, 89
Trd, 8639575.612, 67
Trd, 8639577.146, 112
Trd, 8639577.379, 82
Trd, 8639577.779, 120
Trd, 8639578.012, 77
Trd, 8639578.279, 83
Trd, 8639578.412, 109
Trd, 8639579.012, 106
Trd, 8639579.446, 100
Trd, 8639580.246, 96
Trd, 8639580.546, 98
Trd, 8639580.746, 113
Trd, 8639580.879, 96
Trd, 8639581.612, 93
Trd, 8639582.046, 75
Trd, 8639583.212, 74
Trd, 8639583.346, 62
Trd, 8639583.412, 67
Trd, 8639583.746, 115
Trd, 8639584.046, 62
Trd, 8639584.812, 63
Trd, 8639585.446, 123
Trd, 8639585.779, 120
Trd, 8639587.012, 135
Trd, 8639587.246, 128
Trd, 8639587.379, 81
Trd, 8639587.646, 70
Trd, 8639588.679, 61
Trd, 8639588.712, 62
Trd, 8639588.779, 65
Trd, 8639589.279, 72
Trd, 8639589.979, 69
Trd, 8639590.179, 74
Trd, 8639590.712, 62
Trd, 8639591.079, 112
Trd, 8639592.046, 74
Trd, 8639592.546, 97
Trd, 8639593.146, 77
Trd, 8639593.279, 77
Trd, 8639593.312, 102
Trd, 8639594.479, 129
Trd, 8639594.812, 131
Trd, 8639595.146, 93
Trd, 8639595.179, 89
Trd, 8639595.546, 91
Trd, 8639595.712, 91
Trd, 8639596.212, 100
Trd, 8639596.579, 88
Trd, 8639597.146, 79
Trd, 8639597.412, 90
Trd, 8639597.746, 128
Trd, 8639597.779, 78
Trd, 8639598.246, 96
Trd, 8639599.212, 136
Trd, 8639599.712, 130
Trd, 8639599.812, 117
Trd, 8639600.812, 92
Trd, 8639600.979, 127
Trd, 8639601.279, 81
Trd, 8639601.412, 123
Trd, 8639601.879, 74
Trd, 8639602.679, 97
Trd, 8639602.712, 93
Trd, 8639603.346, 95
Trd, 8639604.179, 86
Trd, 8639604.346, 84
Trd, 8639604.546, 82
Trd, 8639604.912, 62
Trd, 8639604.979, 86
Trd, 8639606.112, 92
Trd, 8639606.212, 135
Trd, 8639606.412, 97
Trd, 8639606.479, 102
Trd, 8639607.112, 136
Trd, 8639607.679, 103
Trd, 8639608.546, 117
Trd, 8639609.412, 130
Trd, 8639609.646, 115
Trd, 8639609.879, 115
Trd, 8639610.012, 114
Trd, 8639610.546, 109
Trd, 8639610.646, 101
Trd, 8639610.912, 85
Trd, 8639611.479, 61
Trd, 8639612.279, 104
Trd, 8639612.512, 106
Trd, 8639612.746, 61
Trd, 8639613.646, 62
Trd, 8639614.046, 132
Trd, 8639614.346, 110
Trd, 8639614.779, 134
Trd, 8639614.879, 115
Trd, 8639614.912, 89
Trd, 8639616.046, 139
Trd, 8639616.479, 104
Trd, 8639616.846, 99
Trd, 8639617.346, 95
Trd, 8639617.779, 83
Trd, 8639617.812, 103
Trd, 8639617.846, 80
Trd, 8639617.912, 72
Trd, 8639619.112, 89
Trd, 8639619.579, 134
Trd, 8639619.646, 115
Trd, 8639620.646, 81
Trd, 8639621.246, 130
Trd, 8639621.612, 121
Trd, 8639622.446, 104
Trd, 8639622.779, 124
Trd, 8639623.246, 109
Trd, 8639623.312, 107
Trd, 8639623.446, 103
Trd, 8639623.579, 82
Trd, 8639623.612, 73
Trd, 8639624.779, 89
Trd, 8639624.812, 91
Trd, 8639625.512, 65
Trd, 8639625.612, 83
Trd, 8639626.146, 139
Trd, 8639626.379, 138
Trd, 8639626.979, 115
Trd, 8639627.312, 114
Trd, 8639628.046, 102
Trd, 8639628.079, 97
Trd, 8639628.646, 100
Trd, 8639628.779, 108
Trd, 8639630.179, 110
Trd, 8639630.312, 119
Trd, 8639630.746, 103
Trd, 8639630.846, 100
Trd, 8639630.979, 90
Trd, 8639631.079, 86
Trd, 8639631.912, 127
Trd, 8639633.046, 110
Trd, 8639633.479, 102
Trd, 8639633.746, 80
Trd, 8639634.346, 72
Trd, 8639634.612, 91
Trd, 8639634.879, 64
Trd, 8639635.379, 109
Trd, 8639635.679, 109
Trd, 8639636.312, 77
Trd, 8639636.612, 69
Trd, 8639637.079, 106
Trd, 8639637.546, 61
Trd, 8639637.779, 112
Trd, 8639638.812, 70
Trd, 8639638.846, 88
Trd, 8639638.979, 128
Trd, 8639639.012, 109
Trd, 8639639.746, 77
Trd, 8639640.179, 98
Trd, 8639640.446, 103
Trd, 8639640.746, 115
Trd, 8639641.046, 66
Trd, 8639641.746, 127
Trd, 8639641.979, 65
Trd, 8639642.746, 121
Trd, 8639643.612, 130
Trd, 8639643.979, 63
Trd, 8639644.146, 80
Trd, 8639644.379, 95
Trd, 8639645.246, 67
Trd, 8639645.379, 72
Trd, 8639645.812, 60
Trd, 8639646.112, 63
Trd, 8639646.679, 63
Trd, 8639647.079, 88
Trd, 8639647.179, 65
Trd, 8639647.579, 93
Trd, 8639648.079, 121
Trd, 8639648.346, 78
Trd, 8639648.679, 91
Trd, 8639649.646, 101
Trd, 8639649.779, 96
Trd, 8639650.146, 92
Trd, 8639650.346, 73
Trd, 8639651.112, 72
Trd, 8639651.312, 108
Trd, 8639651.346, 114
Trd, 8639651.446, 95
Trd, 8639651.779, 61
Trd, 8639652.612, 103
Trd, 8639653.146, 73
Trd, 8639653.879, 98
Trd, 8639654.712, 97
Trd, 8639654.812, 80
Trd, 8639655.646, 138
Trd, 8639656.279, 108
Trd, 8639656.679, 101
Trd, 8639656.779, 98
Trd, 8639657.512, 119
Trd, 8639657.546, 117
Trd, 8639658.246, 93
Trd, 8639659.179, 84
Trd, 8639659.612, 61
Trd, 8639659.946, 67
Trd, 8639660.412, 60
Trd, 8639660.779, 64
Trd, 8639660.946, 79
Trd, 8639662.146, 79
Trd, 8639662.546, 79
Trd, 8639663.046, 74
Trd, 8639663.646, 108
Trd, 8639663.712, 109
Trd, 8639664.012, 131
Trd, 8639664.046, 86
Trd, 8639664.112, 79
Trd, 8639664.679, 112
Trd, 8639664.879, 107
Trd, 8639665.412, 104
Trd, 8639665.879, 78
Trd, 8639666.379, 97
Trd, 8639667.279, 63
Trd, 8639668.346, 65
Trd, 8639668.779, 63
Trd, 8639669.246, 68
Trd, 8639669.379, 72
Trd, 8639670.246, 85
Trd, 8639670.279, 84
Trd, 8639670.479, 73
Trd, 8639670.646, 68
Trd, 8639671.479, 84
Trd, 8639671.546, 133
Trd, 8639672.246, 130
Trd, 8639672.712, 123
Trd, 8639673.279, 124
Trd, 8639673.346, 122
Trd, 8639673.846, 119
Trd, 8639674.146, 113
Trd, 8639674.312, 88
Trd, 8639674.412, 75
Trd, 8639674.612, 89
Trd, 8639674.779, 108
Trd, 8639675.279, 134
Trd, 8639676.212, 115
Trd, 8639676.712, 130
Trd, 8639676.979, 81
Trd, 8639677.046, 76
Trd, 8639677.779, 127
Trd, 8639678.179, 119
Trd, 8639678.212, 101
Trd, 8639679.079, 107
Trd, 8639680.079, 98
Trd, 8639680.279, 94
Trd, 8639681.046, 126
Trd, 8639681.579, 90
Trd, 8639681.846, 62
Trd, 8639682.046, 67
Trd, 8639683.179, 127
Trd, 8639683.246, 123
Trd, 8639683.379, 123
Trd, 8639683.779, 118
Trd, 8639684.279, 114
Trd, 8639684.346, 113
Trd, 8639684.612, 102
Trd, 8639684.646, 115
Trd, 8639685.446, 95
Trd, 8639685.712, 82
Trd, 8639686.579, 102
Trd, 8639686.779, 89
Trd, 8639687.279, 139
Trd, 8639688.979, 128
Trd, 8639689.079, 121
Trd, 8639689.412, 126
Trd, 8639689.446, 108
Trd, 8639689.612, 100
Trd, 8639690.146, 95
Trd, 8639691.046, 115
Trd, 8639691.446, 101
Trd, 8639691.979, 91
Trd, 8639692.346, 103
Trd, 8639692.612, 112
Trd, 8639692.946, 66
Trd, 8639693.012, 62
Trd, 8639693.112, 69
Trd, 8639693.946, 81
Trd, 8639694.679, 94
Trd, 8639695.412, 116
Trd, 8639696.179, 104
Trd, 8639696.379, 93
Trd, 8639696.912, 107
Trd, 8639697.112, 97
Trd, 8639697.412, 105
Trd, 8639698.112, 103
Trd, 8639698.179, 82
Trd, 8639698.612, 92
Trd, 8639698.746, 82
Trd, 8639699.346, 108
Trd, 8639699.812, 128
Trd, 8639700.246, 128
Trd, 8639700.546, 124
Trd, 8639700.579, 120
Trd, 8639700.779, 111
Trd, 8639700.879, 93
Trd, 8639701.212, 115
Trd, 8639701.812, 91
Trd, 8639701.979, 128
Trd, 8639702.012, 118
Trd, 8639703.912, 105
Trd, 8639704.046, 99
Trd, 8639705.046, 103
Trd, 8639705.546, 92
Trd, 8639705.646, 91
Trd, 8639705.679, 90
Trd, 8639705.979, 75
Trd, 8639706.046, 93
Trd, 8639706.679, 101
Trd, 8639707.346, 114
Trd, 8639707.746, 110
Trd, 8639708.779, 140
Trd, 8639708.979, 107
Trd, 8639709.379, 97
Trd, 8639709.746, 129
Trd, 8639710.279, 124
Trd, 8639710.312, 103
Trd, 8639711.112, 125
Trd, 8639711.646, 110
Trd, 8639712.179, 98
Trd, 8639712.312, 90
Trd, 8639712.546, 101
Trd, 8639712.579, 89
Trd, 8639714.646, 105
Trd, 8639714.679, 104
Trd, 8639714.912, 100
Trd, 8639715.079, 75
Trd, 8639715.212, 118
Trd, 8639715.512, 73
Trd, 8639715.612, 96
Trd, 8639716.112, 83
Trd, 8639716.946, 76
Trd, 8639717.612, 65
Trd, 8639717.779, 66
Trd, 8639717.979, 92
Trd, 8639718.946, 62
Trd, 8639719.079, 90
Trd, 8639719.279, 60
Trd, 8639720.079, 72
Trd, 8639720.912, 62
Trd, 8639721.279, 78
Trd, 8639722.212, 81
Trd, 8639722.246, 81
Trd, 8639722.446, 82
Trd, 8639722.746, 114
Trd, 8639723.146, 107
Trd, 8639723.279, 82
Trd, 8639723.912, 79
Trd, 8639724.046, 74
Trd, 8639724.879, 98
Trd, 8639725.379, 63
Trd, 8639725.946, 60
Trd, 8639726.112, 132
Trd, 8639726.712, 92
Trd, 8639726.979, 67
Trd, 8639727.812, 90
Trd, 8639728.812, 77
Trd, 8639729.012, 74
Trd, 8639729.079, 127
Trd, 8639729.912, 116
Trd, 8639729.946, 108
Trd, 8639730.679, 105
Trd, 8639730.779, 95
Trd, 8639731.412, 94
Trd, 8639731.646, 129
Trd, 8639732.546, 113
Trd, 8639733.146, 125
Trd, 8639733.379, 129
Trd, 8639734.212, 117
Trd, 8639734.412, 98
Trd, 8639734.579, 102
Trd, 8639735.112, 103
Trd, 8639735.646, 106
Trd, 8639736.146, 101
Trd, 8639736.279, 99
Trd, 8639736.379, 88
Trd, 8639736.479, 85
Trd, 8639736.979, 113
Trd, 8639737.879, 119
Trd, 8639737.912, 118
Trd, 8639738.579, 107
Trd, 8639738.679, 106
Trd, 8639738.946, 87
Trd, 8639739.812, 131
Trd, 8639739.846, 125
Trd, 8639740.446, 140
Trd, 8639740.812, 131
Trd, 8639741.046, 126
Trd, 8639741.346, 93
Trd, 8639742.212, 83
Trd, 8639742.579, 80
Trd, 8639742.979, 114
Trd, 8639743.412, 107
Trd, 8639743.679, 105
Trd, 8639743.779, 105
Trd, 8639745.046, 61
Trd, 8639745.246, 62
Trd, 8639745.812, 60
Trd, 8639746.079, 66
Trd, 8639746.512, 60
Trd, 8639746.746, 73
Trd, 8639747.246, 64
Trd, 8639747.612, 105
Trd, 8639748.112, 85
Trd, 8639748.579, 118
Trd, 8639748.646, 118
Trd, 8639748.846, 110
Trd, 8639748.979, 74
Trd, 8639750.212, 112
Trd, 8639750.346, 71
Trd, 8639750.546, 136
Trd, 8639751.312, 124
Trd, 8639751.512, 140
Trd, 8639751.646, 86
Trd, 8639752.379, 119
Trd, 8639753.312, 88
Trd, 8639753.879, 112
Trd, 8639753.946, 102
Trd, 8639754.312, 120
Trd, 8639754.646, 111
Trd, 8639754.912, 110
Trd, 8639755.512, 101
Trd, 8639755.879, 84
Trd, 8639756.146, 109
Trd, 8639756.879, 73
Trd, 8639757.112, 114
Trd, 8639757.379, 111
Trd, 8639758.079, 105
Trd, 8639758.512, 110
Trd, 8639758.746, 120
Trd, 8639758.879, 73
Trd, 8639759.246, 80
Trd, 8639759.712, 63
Trd, 8639760.846, 77
Trd, 8639760.979, 87
Trd, 8639761.112, 127
Trd, 8639761.246, 61
Trd, 8639762.446, 139
Trd, 8639762.879, 138
Trd, 8639763.012, 131
Trd, 8639763.712, 122
Trd, 8639763.746, 107
Trd, 8639764.146, 104
Trd, 8639764.746, 129
Trd, 8639766.379, 129
Trd, 8639766.846, 124
Trd, 8639767.279, 135
Trd, 8639767.346, 118
Trd, 8639767.512, 80
Trd, 8639767.612, 72
Trd, 8639767.712, 88
Trd, 8639768.179, 101
Trd, 8639768.846, 92
Trd, 8639769.246, 89
Trd, 8639769.446, 71
Trd, 8639770.212, 115
Trd, 8639770.379, 76
Trd, 8639770.879, 124
Trd, 8639772.712, 137
Trd, 8639772.946, 124
Trd, 8639773.179, 104
Trd, 8639773.379, 96
Trd, 8639774.112, 96
Trd, 8639774.546, 100
Trd, 8639774.779, 83
Trd, 8639775.179, 88
Trd, 8639775.379, 85
Trd, 8639775.546, 116
Trd, 8639775.879, 97
Trd, 8639776.212, 85
Trd, 8639776.679, 87
Trd, 8639776.846, 78
Trd, 8639777.379, 114
Trd, 8639777.712, 74
Trd, 8639779.612, 123
Trd, 8639780.279, 111
Trd, 8639780.412, 127
Trd, 8639780.712, 104
Trd, 8639780.812, 102
Trd, 8639780.946, 97
Trd, 8639781.346, 120
Trd, 8639781.579, 117
Trd, 8639781.612, 127
Trd, 8639781.679, 113
Trd, 8639783.146, 113
Trd, 8639783.746, 69
Trd, 8639784.012, 69
Trd, 8639785.012, 103
Trd, 8639785.246, 102
Trd, 8639785.412, 97
Trd, 8639785.812, 108
Trd, 8639786.779, 85
Trd, 8639787.346, 82
Trd, 8639787.479, 94
Trd, 8639787.946, 94
Trd, 8639787.979, 81
Trd, 8639788.412, 76
Trd, 8639789.179, 105
Trd, 8639789.379, 107
Trd, 8639789.946, 73
Trd, 8639790.146, 60
Trd, 8639790.246, 67
Trd, 8639790.846, 131
Trd, 8639791.346, 88
Trd, 8639792.679, 70
Trd, 8639792.846, 71
Trd, 8639793.012, 87
Trd, 8639794.346, 110
Trd, 8639794.946, 107
Trd, 8639794.979, 90
Trd, 8639795.112, 84
Trd, 8639796.112, 130
Trd, 8639796.446, 105
Trd, 8639796.646, 96
Trd, 8639797.079, 137
Trd, 8639797.479, 120
Trd, 8639797.579, 110
Trd, 8639797.646, 105
Trd, 8639798.712, 108
Trd, 8639799.212, 97
Trd, 8639799.479, 132
Trd, 8639800.046, 131
Trd, 8639800.446, 125
Trd, 8639800.679, 123
Trd, 8639801.046, 129
Trd, 8639801.212, 118
Trd, 8639801.246, 102
Trd, 8639801.612, 84
Trd, 8639802.779, 115
Trd, 8639802.812, 113
Trd, 8639802.912, 116
Trd, 8639803.412, 96
Trd, 8639803.479, 98
Trd, 8639804.212, 138
Trd, 8639804.379, 101
Trd, 8639804.446, 88
Trd, 8639805.312, 76
Trd, 8639805.746, 61
Trd, 8639806.546, 88
Trd, 8639807.012, 97
Trd, 8639808.212, 117
Trd, 8639808.412, 107
Trd, 8639808.546, 121
Trd, 8639809.046, 61
Trd, 8639809.779, 135
Trd, 8639809.879, 113
Trd, 8639810.012, 131
Trd, 8639811.046, 105
Trd, 8639811.446, 101
Trd, 8639811.979, 101
Trd, 8639812.012, 107
Trd, 8639812.246, 78
Trd, 8639812.312, 76
Trd, 8639812.446, 61
Trd, 8639812.779, 135
Trd, 8639813.346, 60
Trd, 8639813.746, 118
Trd, 8639815.912, 71
Trd, 8639816.412, 74
Trd, 8639816.546, 76
Trd, 8639816.879, 127
Trd, 8639817.279, 73
Trd, 8639818.112, 103
Trd, 8639818.446, 127
Trd, 8639818.579, 115
Trd, 8639820.412, 123
Trd, 8639820.912, 113
Trd, 8639820.946, 90
Trd, 8639821.012, 88
Trd, 8639821.046, 74
Trd, 8639821.379, 109
Trd, 8639821.712, 112
Trd, 8639822.546, 121
Trd, 8639823.279, 123
Trd, 8639823.712, 122
Trd, 8639823.779, 100
Trd, 8639824.512, 112
Trd, 8639824.712, 81
Trd, 8639825.512, 60
Trd, 8639825.912, 76
Trd, 8639826.012, 107
Trd, 8639826.246, 106
Trd, 8639826.546, 103
Trd, 8639826.912, 99
Trd, 8639827.146, 103
Trd, 8639827.446, 99
Trd, 8639827.612, 86
Trd, 8639827.646, 69
Trd, 8639828.279, 75
Trd, 8639829.546, 108
Trd, 8639830.046, 91
Trd, 8639830.446, 84
Trd, 8639830.846, 78
Trd, 8639831.046, 106
Trd, 8639831.312, 79
Trd, 8639831.912, 67
Trd, 8639832.346, 67
Trd, 8639832.379, 88
Trd, 8639832.712, 132
Trd, 8639833.079, 137
Trd, 8639833.379, 90
Trd, 8639833.412, 80
Trd, 8639834.212, 106
Trd, 8639834.979, 84
Trd, 8639835.112, 83
Trd, 8639835.579, 137
Trd, 8639836.412, 110
Trd, 8639836.712, 132
Trd, 8639836.812, 108
Trd, 8639837.746, 106
Trd, 8639838.012, 96
Trd, 8639838.146, 84
Trd, 8639838.579, 109
Trd, 8639838.779, 118
Trd, 8639838.979, 104
Trd, 8639839.246, 114
Trd, 8639840.379, 139
Trd, 8639840.412, 132
Trd, 8639840.946, 130
Trd, 8639841.379, 91
Trd, 8639841.979, 95
Trd, 8639842.246, 67
Trd, 8639842.679, 139
Trd, 8639844.612, 134
Trd, 8639844.712, 122
Trd, 8639845.846, 117
Trd, 8639846.212, 125
Trd, 8639846.246, 115
Trd, 8639846.346, 115
Trd, 8639846.546, 126
Trd, 8639847.146, 110
Trd, 8639847.512, 100
Trd, 8639848.112, 73
Trd, 8639848.212, 71
Trd, 8639848.646, 114
Trd, 8639849.112, 94
Trd, 8639849.579, 86
Trd, 8639849.746, 82
Trd, 8639850.812, 114
Trd, 8639850.846, 111
Trd, 8639851.079, 96
Trd, 8639851.179, 126
Trd, 8639851.446, 97
Trd, 8639851.646, 114
Trd, 8639852.612, 138
Trd, 8639852.979, 124
Trd, 8639853.546, 134
Trd, 8639853.812, 133
Trd, 8639853.912, 128
Trd, 8639854.879, 112
Trd, 8639855.546, 110
Trd, 8639855.679, 115
Trd, 8639856.346, 91
Trd, 8639856.446, 83
Trd, 8639856.912, 93
Trd, 8639857.712, 76
Trd, 8639858.412, 129
Trd, 8639858.646, 114
Trd, 8639858.712, 104
Trd, 8639858.746, 77
Trd, 8639859.312, 74
Trd, 8639859.546, 108
Trd, 8639859.646, 81
Trd, 8639859.746, 109
Trd, 8639859.846, 84
Trd, 8639860.879, 129
Trd, 8639860.912, 112
Trd, 8639861.646, 120
Trd, 8639861.912, 97
Trd, 8639862.312, 113
Trd, 8639863.079, 104
Trd, 8639863.479, 115
Trd, 8639864.379, 104
Trd, 8639865.012, 125
Trd, 8639865.446, 120
Trd, 8639865.812, 112
Trd, 8639865.946, 94
Trd, 8639866.212, 102
Trd, 8639866.346, 87
Trd, 8639866.979, 122
Trd, 8639867.246, 92
Trd, 8639867.712, 99
Trd, 8639868.046, 137
Trd, 8639868.912, 110
Trd, 8639869.046, 71
Trd, 8639869.979, 140
Trd, 8639870.379, 139
Trd, 8639870.512, 127
Trd, 8639870.646, 94
Trd, 8639871.446, 118
Trd, 8639871.812, 113
Trd, 8639872.512, 105
Trd, 8639872.912, 99
Trd, 8639873.146, 103
Trd, 8639873.979, 124
Trd, 8639874.212, 128
Trd, 8639875.246, 124
Trd, 8639875.346, 118
Trd, 8639876.412, 137
Trd, 8639876.446, 136
Trd, 8639876.512, 133
Trd, 8639876.612, 125
Trd, 8639876.846, 117
Trd, 8639877.046, 116
Trd, 8639877.146, 104
Trd, 8639877.646, 97
Trd, 8639878.246, 84
Trd, 8639878.912, 109
Trd, 8639879.279, 108
Trd, 8639880.046, 135
Trd, 8639880.079, 128
Trd, 8639880.112, 85
Trd, 8639880.979, 137
Trd, 8639881.012, 81
Trd, 8639881.479, 64
Trd, 8639881.546, 70
Trd, 8639883.246, 139
Trd, 8639883.612, 135
Trd, 8639883.679, 128
Trd, 8639883.846, 117
Trd, 8639883.946, 91
Trd, 8639884.846, 131
Trd, 8639884.946, 124
Trd, 8639884.979, 114
Trd, 8639885.646, 113
Trd, 8639885.979, 111
Trd, 8639886.479, 109
Trd, 8639886.546, 92
Trd, 8639887.346, 138
Trd, 8639887.412, 95
Trd, 8639887.679, 112
Trd, 8639888.679, 111
Trd, 8639888.979, 106
Trd, 8639889.146, 95
Trd, 8639890.012, 129
Trd, 8639890.079, 122
Trd, 8639891.012, 128
Trd, 8639891.146, 122
Trd, 8639891.412, 120
Trd, 8639891.446, 118
Trd, 8639891.646, 119
Trd, 8639892.512, 126
Trd, 8639892.779, 81
Trd, 8639892.946, 106
Trd, 8639893.312, 135
Trd, 8639894.046, 84
Trd, 8639894.746, 80
Trd, 8639895.046, 127
Trd, 8639895.312, 137
Trd, 8639895.479, 114
Trd, 8639895.746, 119
Trd, 8639895.912, 118
Trd, 8639896.379, 100
Trd, 8639896.712, 93
Trd, 8639897.179, 105
Trd, 8639897.412, 70
Trd, 8639898.346, 103
Trd, 8639898.379, 88
Trd, 8639899.412, 121
Trd, 8639899.546, 85
Trd, 8639899.879, 104
Trd, 8639900.212, 100
Trd, 8639900.846, 89
Trd, 8639901.879, 124
Trd, 8639902.046, 129
Trd, 8639902.146, 121
Trd, 8639902.912, 110
Trd, 8639903.879, 93
Trd, 8639904.546, 91
Trd, 8639904.579, 90
Trd, 8639904.946, 113
Trd, 8639905.512, 79
Trd, 8639905.946, 81
Trd, 8639906.579, 135
Trd, 8639907.112, 134
Trd, 8639907.146, 112
Trd, 8639907.812, 106
Trd, 8639908.179, 93
Trd, 8639908.912, 131
Trd, 8639909.546, 118
Trd, 8639909.712, 112
Trd, 8639909.979, 110
Trd, 8639910.579, 104
Trd, 8639911.279, 61
Trd, 8639911.379, 63
Trd, 8639911.912, 92
Trd, 8639912.846, 104
Trd, 8639913.312, 63
Trd, 8639913.679, 62
Trd, 8639913.912, 62
Trd, 8639914.479, 81
Trd, 8639914.779, 89
Trd, 8639915.046, 63
Trd, 8639915.346, 94
Trd, 8639915.846, 60
Trd, 8639916.246, 92
Trd, 8639917.112, 60
Trd, 8639917.812, 126
Trd, 8639918.546, 130
Trd, 8639918.846, 129
Trd, 8639919.246, 124
Trd, 8639919.346, 107
Trd, 8639919.412, 105
Trd, 8639919.979, 65
Trd, 8639920.912, 116
Trd, 8639921.246, 102
Trd, 8639921.846, 94
Trd, 8639922.212, 98
Trd, 8639922.246, 123
Trd, 8639922.546, 87
Trd, 8639922.946, 85
Trd, 8639923.712, 88
Trd, 8639924.179, 86
Trd, 8639924.212, 65
Trd, 8639924.346, 108
Trd, 8639924.846, 87
Trd, 8639925.279, 128
Trd, 8639926.112, 98
Trd, 8639926.212, 104
Trd, 8639926.346, 114
Trd, 8639926.846, 119
Trd, 8639927.012, 123
Trd, 8639927.546, 67
Trd, 8639928.446, 133
Trd, 8639929.046, 121
Trd, 8639929.079, 102
Trd, 8639929.112, 90
Trd, 8639929.512, 99
Trd, 8639930.012, 119
Trd, 8639930.279, 129
Trd, 8639930.346, 109
Trd, 8639930.912, 106
Trd, 8639931.712, 96
Trd, 8639931.812, 96
Trd, 8639932.679, 98
Trd, 8639932.779, 89
Trd, 8639933.179, 97
Trd, 8639933.579, 104
Trd, 8639933.646, 122
Trd, 8639934.312, 131
Trd, 8639934.746, 90
Trd, 8639935.746, 106
Trd, 8639935.946, 86
Trd, 8639936.446, 119
Trd, 8639937.179, 107
Trd, 8639937.446, 118
Trd, 8639937.579, 102
Trd, 8639938.146, 96
Trd, 8639938.479, 123
Trd, 8639938.846, 94
Trd, 8639939.112, 94
Trd, 8639939.279, 90
Trd, 8639939.679, 68
Trd, 8639940.146, 119
Trd, 8639940.179, 98
Trd, 8639940.346, 66
Trd, 8639940.479, 103
Trd, 8639941.379, 107
Trd, 8639941.879, 107
Trd, 8639942.579, 106
Trd, 8639943.446, 97
Trd, 8639943.612, 102
Trd, 8639943.779, 78
Trd, 8639944.112, 81
Trd, 8639945.079, 75
Trd, 8639945.612, 119
Trd, 8639945.846, 81
Trd, 8639946.046, 74
Trd, 8639946.646, 85
Trd, 8639946.912, 108
Trd, 8639946.979, 84
Trd, 8639947.512, 131
Trd, 8639947.712, 122
Trd, 8639948.246, 109
Trd, 8639948.612, 103
Trd, 8639949.112, 107
Trd, 8639949.646, 102
Trd, 8639949.779, 86
Trd, 8639949.812, 75
Trd, 8639949.879, 74
Trd, 8639950.779, 67
Trd, 8639950.846, 72
Trd, 8639951.646, 109
Trd, 8639952.079, 129
Trd, 8639952.112, 123
Trd, 8639952.646, 60
Trd, 8639953.046, 64
Trd, 8639953.712, 110
Trd, 8639954.246, 94
Trd, 8639954.312, 91
Trd, 8639954.412, 88
Trd, 8639954.479, 109
Trd, 8639955.079, 76
Trd, 8639955.746, 65
Trd, 8639956.679, 85
Trd, 8639957.079, 120
Trd, 8639957.379, 135
Trd, 8639957.579, 120
Trd, 8639958.179, 119
Trd, 8639958.579, 93
Trd, 8639958.912, 127
Trd, 8639959.079, 130
Trd, 8639959.246, 106
Trd, 8639959.612, 68
Trd, 8639960.112, 69
Trd, 8639960.346, 87
Trd, 8639961.379, 86
Trd, 8639961.646, 77
Trd, 8639961.812, 75
Trd, 8639962.179, 92
Trd, 8639963.012, 81
Trd, 8639963.312, 82
Trd, 8639963.512, 89
Trd, 8639963.679, 95
Trd, 8639964.146, 121
Trd, 8639965.112, 108
Trd, 8639965.312, 85
Trd, 8639966.079, 127
Trd, 8639966.679, 121
Trd, 8639966.879, 96
Trd, 8639967.179, 96
Trd, 8639967.879, 104
Trd, 8639968.046, 110
Trd, 8639968.612, 133
Trd, 8639968.846, 113
Trd, 8639969.179, 122
Trd, 8639969.312, 113
Trd, 8639969.546, 87
Trd, 8639970.112, 74
Trd, 8639970.812, 67
Trd, 8639971.912, 66
Trd, 8639972.146, 62
Trd, 8639972.246, 73
Trd, 8639972.346, 73
Trd, 8639973.312, 63
Trd, 8639974.312, 60
Trd, 8639974.412, 99
Trd, 8639974.612, 65
Trd, 8639975.279, 105
Trd, 8639975.979, 129
Trd, 8639976.512, 108
Trd, 8639976.579, 105
Trd, 8639976.912, 81
Trd, 8639977.446, 65
Trd, 8639977.746, 94
Trd, 8639978.246, 109
Trd, 8639978.446, 101
Trd, 8639978.679, 86
Trd, 8639979.279, 87
Trd, 8639979.346, 91
Trd, 8639980.646, 109
Trd, 8639981.012, 102
Trd, 8639981.046, 96
Trd, 8639981.212, 89
Trd, 8639981.646, 86
Trd, 8639981.946, 122
Trd, 8639982.312, 79
Trd, 8639982.679, 79
Trd, 8639983.546, 89
Trd, 8639983.912, 82
Trd, 8639984.379, 139
Trd, 8639984.412, 137
Trd, 8639985.046, 133
Trd, 8639985.212, 110
Trd, 8639985.779, 129
Trd, 8639985.912, 107
Trd, 8639986.946, 102
Trd, 8639987.179, 100
Trd, 8639987.446, 81
Trd, 8639987.646, 73
Trd, 8639988.079, 123
Trd, 8639988.346, 102
Trd, 8639988.446, 79
Trd, 8639989.412, 60
Trd, 8639990.212, 106
Trd, 8639990.812, 117
Trd, 8639991.312, 98
Trd, 8639991.346, 121
Trd, 8639992.112, 73
Trd, 8639992.212, 71
Trd, 8639992.446, 108
Trd, 8639992.579, 103
Trd, 8639993.012, 94
Trd, 8639993.779, 83
Trd, 8639994.379, 70
Trd, 8639995.112, 75
Trd, 8639995.379, 88
Trd, 8639996.579, 71
Trd, 8639996.612, 118
Trd, 8639997.279, 115
Trd, 8639997.312, 114
Trd, 8639997.346, 110
Trd, 8639997.646, 121
Trd, 8639998.646, 70
Trd, 8639999.146, 60
Trd, 8639999.412, 78
Trd, 8639999.512, 96
Trd, 8639999.679, 115
