Trd, 8638758.246, 60
Trd, 8638758.379, 64
Trd, 8638758.446, 71
Trd, 8638758.512, 61
Trd, 8638758.612, 60
Trd, 8638759.412, 64
Trd, 8638759.979, 66
Trd, 8638760.212, 67
Trd, 8638760.546, 73
Trd, 8638761.412, 82
Trd, 8638761.646, 70
Trd, 8638761.679, 67
Trd, 8638762.846, 60
Trd, 8638762.879, 61
Trd, 8638763.446, 65
Trd, 8638763.912, 78
Trd, 8638764.412, 71
Trd, 8638764.546, 70
Trd, 8638764.846, 72
Trd, 8638765.179, 93
Trd, 8638765.579, 72
Trd, 8638766.312, 140
Trd, 8638767.279, 140
Trd, 8638767.612, 140
Trd, 8638768.546, 140
Trd, 8638769.112, 140
Trd, 8638770.379, 140
Trd, 8638770.679, 140
Trd, 8638770.746, 140
Trd, 8638770.979, 140
Trd, 8638771.379, 140
Trd, 8638771.946, 140
Trd, 8638772.046, 140
Trd, 8638772.079, 140
Trd, 8638772.146, 140
Trd, 8638772.412, 139
Trd, 8638773.246, 139
Trd, 8638774.879, 140
Trd, 8638775.579, 140
Trd, 8638776.112, 140
Trd, 8638776.379, 140
Trd, 8638776.812, 140
Trd, 8638777.079, 140
Trd, 8638777.346, 140
Trd, 8638777.646, 140
Trd, 8638778.579, 140
Trd, 8638778.779, 140
Trd, 8638779.812, 140
Trd, 8638779.912, 140
Trd, 8638780.246, 140
Trd, 8638780.279, 140
Trd, 8638780.679, 140
Trd, 8638782.079, 140
Trd, 8638782.279, 140
Trd, 8638782.312, 140
Trd, 8638782.346, 140
Trd, 8638782.712, 140
Trd, 8638783.279, 140
Trd, 8638783.679, 140
Trd, 8638784.312, 140
Trd, 8638784.346, 140
Trd, 8638784.479, 140
Trd, 8638784.612, 140
Trd, 8638784.946, 140
Trd, 8638785.012, 140
Trd, 8638786.212, 60
Trd, 8638786.679, 66
Trd, 8638787.379, 64
Trd, 8638787.579, 66
Trd, 8638788.412, 82
Trd, 8638788.512, 71
Trd, 8638788.712, 71
Trd, 8638788.846, 70
Trd, 8638789.179, 140
Trd, 8638789.346, 70
Trd, 8638790.112, 63
Trd, 8638790.779, 140
Trd, 8638791.279, 140
Trd, 8638791.346, 140
Trd, 8638792.579, 140
Trd, 8638792.812, 140
Trd, 8638793.312, 140
Trd, 8638793.979, 140
Trd, 8638794.579, 140
Trd, 8638794.812, 140
Trd, 8638795.146, 140
Trd, 8638795.446, 140
Trd, 8638796.646, 140
Trd, 8638796.679, 140
Trd, 8638796.779, 140
Trd, 8638798.912, 140
Trd, 8638798.979, 140
Trd, 8638799.379, 140
Trd, 8638799.679, 140
Trd, 8638799.846, 140
Trd, 8638800.046, 140
Trd, 8638801.946, 140
Trd, 8638802.379, 140
Trd, 8638802.446, 140
Trd, 8638802.946, 140
Trd, 8638803.012, 140
Trd, 8638803.446, 140
Trd, 8638803.512, 140
Trd, 8638805.246, 140
Trd, 8638805.979, 140
Trd, 8638806.346, 140
Trd, 8638806.446, 140
Trd, 8638806.812, 140
Trd, 8638807.046, 140
Trd, 8638808.746, 140
Trd, 8638809.112, 140
Trd, 8638809.379, 140
Trd, 8638809.412, 140
Trd, 8638809.979, 140
Trd, 8638810.246, 140
Trd, 8638810.346, 140
Trd, 8638810.846, 140
Trd, 8638810.912, 140
Trd, 8638810.979, 140
Trd, 8638811.446, 140
Trd, 8638811.646, 140
Trd, 8638813.546, 140
Trd, 8638813.779, 140
Trd, 8638813.879, 140
Trd, 8638815.279, 140
Trd, 8638815.346, 140
Trd, 8638815.612, 140
Trd, 8638816.079, 140
Trd, 8638816.412, 139
Trd, 8638816.779, 140
Trd, 8638816.946, 138
Trd, 8638817.412, 138
Trd, 8638817.779, 139
Trd, 8638819.446, 140
Trd, 8638819.712, 140
Trd, 8638820.046, 140
Trd, 8638820.512, 140
Trd, 8638820.579, 140
Trd, 8638821.679, 138
Trd, 8638822.579, 140
Trd, 8638822.812, 140
Trd, 8638823.046, 140
Trd, 8638823.246, 140
Trd, 8638823.579, 140
Trd, 8638824.012, 140
Trd, 8638824.579, 140
Trd, 8638824.946, 140
Trd, 8638825.246, 139
Trd, 8638825.612, 140
Trd, 8638827.212, 140
Trd, 8638828.512, 140
Trd, 8638828.579, 140
Trd, 8638828.612, 140
Trd, 8638828.646, 140
Trd, 8638828.712, 140
Trd, 8638829.112, 140
Trd, 8638829.279, 140
Trd, 8638829.312, 140
Trd, 8638830.179, 140
Trd, 8638830.212, 140
Trd, 8638830.946, 140
Trd, 8638831.346, 139
Trd, 8638831.646, 139
Trd, 8638833.046, 140
Trd, 8638833.312, 140
Trd, 8638833.579, 140
Trd, 8638833.712, 140
Trd, 8638834.079, 140
Trd, 8638834.846, 140
Trd, 8638835.346, 140
Trd, 8638837.079, 140
Trd, 8638837.646, 140
Trd, 8638838.312, 140
Trd, 8638838.479, 140
Trd, 8638838.746, 140
Trd, 8638838.812, 140
Trd, 8638838.879, 140
Trd, 8638839.212, 140
Trd, 8638839.279, 140
Trd, 8638839.446, 140
Trd, 8638840.112, 140
Trd, 8638840.846, 140
Trd, 8638841.379, 140
Trd, 8638841.679, 140
Trd, 8638842.112, 140
Trd, 8638842.146, 140
Trd, 8638842.746, 140
Trd, 8638842.812, 140
Trd, 8638843.346, 140
Trd, 8638844.646, 140
Trd, 8638844.912, 139
Trd, 8638845.979, 140
Trd, 8638846.112, 140
Trd, 8638846.246, 140
Trd, 8638847.779, 140
Trd, 8638848.546, 140
Trd, 8638848.746, 140
Trd, 8638849.079, 140
Trd, 8638849.279, 140
Trd, 8638850.912, 140
Trd, 8638851.812, 140
Trd, 8638852.046, 140
Trd, 8638853.279, 140
Trd, 8638853.646, 140
Trd, 8638854.279, 140
Trd, 8638854.546, 140
Trd, 8638854.979, 140
Trd, 8638855.146, 140
Trd, 8638855.212, 140
Trd, 8638855.246, 140
Trd, 8638855.512, 140
Trd, 8638855.946, 140
Trd, 8638856.612, 140
Trd, 8638856.646, 140
Trd, 8638856.779, 140
Trd, 8638857.746, 140
Trd, 8638858.779, 140
Trd, 8638859.112, 140
Trd, 8638859.779, 140
Trd, 8638860.046, 140
Trd, 8638860.646, 140
Trd, 8638861.079, 140
Trd, 8638861.146, 140
Trd, 8638861.379, 140
Trd, 8638861.612, 140
Trd, 8638862.412, 140
Trd, 8638862.446, 139
Trd, 8638863.146, 139
Trd, 8638863.279, 124
Trd, 8638864.646, 137
Trd, 8638865.112, 135
Trd, 8638865.179, 135
Trd, 8638865.479, 131
Trd, 8638865.679, 130
Trd, 8638865.912, 132
Trd, 8638865.946, 129
Trd, 8638866.012, 138
Trd, 8638866.346, 114
Trd, 8638866.946, 140
Trd, 8638867.812, 140
Trd, 8638868.312, 140
Trd, 8638868.712, 140
Trd, 8638869.712, 140
Trd, 8638870.546, 140
Trd, 8638870.946, 140
Trd, 8638871.246, 140
Trd, 8638872.079, 140
Trd, 8638872.246, 140
Trd, 8638873.512, 140
Trd, 8638874.679, 140
Trd, 8638875.679, 140
Trd, 8638875.846, 140
Trd, 8638876.812, 140
Trd, 8638877.012, 140
Trd, 8638877.279, 140
Trd, 8638877.379, 140
Trd, 8638877.546, 138
Trd, 8638877.579, 138
Trd, 8638878.046, 140
Trd, 8638878.946, 140
Trd, 8638881.679, 140
Trd, 8638881.712, 140
Trd, 8638881.779, 140
Trd, 8638882.046, 140
Trd, 8638882.112, 139
Trd, 8638882.346, 140
Trd, 8638882.679, 140
Trd, 8638882.746, 140
Trd, 8638883.046, 140
Trd, 8638883.379, 140
Trd, 8638883.479, 139
Trd, 8638884.512, 66
Trd, 8638884.812, 79
Trd, 8638885.812, 95
Trd, 8638886.212, 60
Trd, 8638886.446, 61
Trd, 8638887.546, 60
Trd, 8638887.812, 60
Trd, 8638888.246, 63
Trd, 8638888.279, 62
Trd, 8638888.379, 61
Trd, 8638889.112, 72
Trd, 8638889.812, 76
Trd, 8638890.479, 91
Trd, 8638890.879, 81
Trd, 8638891.546, 87
Trd, 8638891.679, 81
Trd, 8638891.879, 80
Trd, 8638892.412, 94
Trd, 8638893.379, 140
Trd, 8638893.912, 140
Trd, 8638894.279, 140
Trd, 8638895.212, 140
Trd, 8638895.379, 140
Trd, 8638895.712, 140
Trd, 8638895.979, 140
Trd, 8638896.846, 140
Trd, 8638898.079, 140
Trd, 8638898.246, 140
Trd, 8638898.279, 140
Trd, 8638898.446, 139
Trd, 8638898.679, 138
Trd, 8638899.912, 140
Trd, 8638900.546, 140
Trd, 8638900.712, 140
Trd, 8638901.179, 140
Trd, 8638901.246, 140
Trd, 8638901.412, 139
Trd, 8638902.212, 140
Trd, 8638902.779, 140
Trd, 8638903.279, 140
Trd, 8638903.579, 140
Trd, 8638904.146, 140
Trd, 8638904.179, 140
Trd, 8638904.912, 140
Trd, 8638906.646, 140
Trd, 8638907.279, 140
Trd, 8638907.879, 140
Trd, 8638908.012, 140
Trd, 8638908.212, 140
Trd, 8638908.912, 140
Trd, 8638909.179, 140
Trd, 8638909.512, 140
Trd, 8638909.779, 140
Trd, 8638910.112, 140
Trd, 8638910.312, 139
Trd, 8638910.879, 140
Trd, 8638911.479, 110
Trd, 8638911.879, 140
Trd, 8638912.179, 102
Trd, 8638912.546, 95
Trd, 8638913.046, 140
Trd, 8638913.612, 140
Trd, 8638913.779, 140
Trd, 8638914.079, 140
Trd, 8638914.979, 140
Trd, 8638916.246, 140
Trd, 8638916.379, 140
Trd, 8638916.946, 140
Trd, 8638917.179, 140
Trd, 8638917.312, 140
Trd, 8638917.446, 140
Trd, 8638918.179, 140
Trd, 8638918.946, 140
Trd, 8638919.412, 140
Trd, 8638920.479, 140
Trd, 8638921.346, 140
Trd, 8638921.712, 140
Trd, 8638921.746, 140
Trd, 8638921.879, 140
Trd, 8638922.312, 140
Trd, 8638922.446, 140
Trd, 8638922.579, 140
Trd, 8638923.379, 140
Trd, 8638923.612, 140
Trd, 8638923.946, 140
Trd, 8638924.212, 140
Trd, 8638924.279, 136
Trd, 8638924.946, 118
Trd, 8638925.012, 137
Trd, 8638925.612, 118
Trd, 8638926.479, 140
Trd, 8638927.312, 140
Trd, 8638927.479, 140
Trd, 8638927.846, 139
Trd, 8638928.546, 115
Trd, 8638928.779, 102
Trd, 8638929.112, 92
Trd, 8638929.279, 89
Trd, 8638930.146, 140
Trd, 8638930.546, 139
Trd, 8638930.979, 139
Trd, 8638931.546, 140
Trd, 8638931.612, 140
Trd, 8638932.179, 138
Trd, 8638932.379, 139
Trd, 8638932.446, 139
Trd, 8638933.012, 139
Trd, 8638933.046, 138
Trd, 8638933.879, 127
Trd, 8638934.246, 127
Trd, 8638934.679, 126
Trd, 8638935.479, 128
Trd, 8638935.746, 129
Trd, 8638936.379, 127
Trd, 8638936.446, 126
Trd, 8638936.846, 128
Trd, 8638937.312, 127
Trd, 8638937.546, 106
Trd, 8638937.679, 128
Trd, 8638937.746, 100
Trd, 8638938.646, 113
Trd, 8638939.846, 60
Trd, 8638940.646, 60
Trd, 8638941.579, 60
Trd, 8638941.712, 61
Trd, 8638942.212, 67
Trd, 8638942.679, 112
Trd, 8638943.379, 60
Trd, 8638944.046, 60
Trd, 8638944.246, 61
Trd, 8638944.279, 70
Trd, 8638944.412, 60
Trd, 8638945.346, 87
Trd, 8638946.146, 140
Trd, 8638946.912, 140
Trd, 8638947.246, 140
Trd, 8638947.446, 140
Trd, 8638947.612, 140
Trd, 8638948.046, 140
Trd, 8638948.312, 140
Trd, 8638948.546, 140
Trd, 8638948.579, 140
Trd, 8638948.746, 111
Trd, 8638949.712, 65
Trd, 8638950.012, 64
Trd, 8638950.579, 61
Trd, 8638951.246, 65
Trd, 8638951.979, 64
Trd, 8638952.046, 64
Trd, 8638952.412, 136
Trd, 8638952.846, 78
Trd, 8638952.946, 67
Trd, 8638952.979, 64
Trd, 8638953.246, 70
Trd, 8638954.846, 140
Trd, 8638955.746, 140
Trd, 8638956.246, 140
Trd, 8638956.512, 140
Trd, 8638957.012, 140
Trd, 8638957.079, 140
Trd, 8638958.046, 140
Trd, 8638958.446, 140
Trd, 8638958.846, 140
Trd, 8638959.112, 140
Trd, 8638960.146, 140
Trd, 8638960.446, 140
Trd, 8638961.412, 140
Trd, 8638962.312, 140
Trd, 8638962.379, 140
Trd, 8638962.412, 140
Trd, 8638962.479, 140
Trd, 8638964.212, 140
Trd, 8638964.979, 140
Trd, 8638965.512, 140
Trd, 8638966.312, 140
Trd, 8638966.446, 140
Trd, 8638966.546, 140
Trd, 8638967.112, 140
Trd, 8638968.112, 140
Trd, 8638968.412, 140
Trd, 8638968.512, 140
Trd, 8638968.912, 140
Trd, 8638969.279, 140
Trd, 8638969.979, 140
Trd, 8638970.079, 140
Trd, 8638970.279, 140
Trd, 8638970.746, 140
Trd, 8638971.512, 140
Trd, 8638971.712, 140
Trd, 8638972.046, 140
Trd, 8638972.146, 140
Trd, 8638972.812, 140
Trd, 8638973.079, 140
Trd, 8638973.512, 140
Trd, 8638974.379, 140
Trd, 8638975.112, 140
Trd, 8638975.512, 140
Trd, 8638976.312, 140
Trd, 8638976.446, 138
Trd, 8638976.546, 137
Trd, 8638976.879, 138
Trd, 8638977.846, 140
Trd, 8638978.112, 140
Trd, 8638978.512, 140
Trd, 8638979.412, 140
Trd, 8638981.146, 140
Trd, 8638981.246, 140
Trd, 8638981.279, 140
Trd, 8638981.412, 140
Trd, 8638981.912, 140
Trd, 8638981.946, 140
Trd, 8638982.446, 140
Trd, 8638984.279, 140
Trd, 8638984.512, 140
Trd, 8638984.779, 140
Trd, 8638984.979, 140
Trd, 8638986.512, 140
Trd, 8638986.679, 140
Trd, 8638987.612, 140
Trd, 8638988.212, 140
Trd, 8638988.246, 140
Trd, 8638988.946, 140
Trd, 8638989.346, 140
Trd, 8638989.512, 140
Trd, 8638989.612, 140
Trd, 8638989.779, 140
Trd, 8638990.179, 140
Trd, 8638990.812, 140
Trd, 8638991.112, 140
Trd, 8638991.379, 140
Trd, 8638992.079, 140
Trd, 8638992.146, 140
Trd, 8638992.379, 140
Trd, 8638992.512, 140
Trd, 8638992.846, 140
Trd, 8638993.212, 140
Trd, 8638993.379, 139
Trd, 8638994.246, 140
Trd, 8638995.979, 140
Trd, 8638996.212, 140
Trd, 8638996.912, 140
Trd, 8638997.279, 140
Trd, 8638997.946, 140
Trd, 8638998.146, 140
Trd, 8638998.812, 140
Trd, 8638999.046, 140
Trd, 8638999.979, 140
Trd, 8639000.179, 140
Trd, 8639001.279, 140
Trd, 8639001.412, 140
Trd, 8639002.012, 140
Trd, 8639002.312, 140
Trd, 8639003.246, 140
Trd, 8639003.879, 140
Trd, 8639004.512, 140
Trd, 8639004.546, 140
Trd, 8639006.379, 140
Trd, 8639006.812, 140
Trd, 8639007.146, 140
Trd, 8639007.279, 140
Trd, 8639007.979, 140
Trd, 8639008.812, 140
Trd, 8639009.246, 140
Trd, 8639009.479, 140
Trd, 8639010.046, 140
Trd, 8639010.379, 140
Trd, 8639011.279, 140
Trd, 8639012.212, 140
Trd, 8639012.412, 140
Trd, 8639012.712, 140
Trd, 8639012.812, 140
Trd, 8639013.079, 140
Trd, 8639013.546, 140
Trd, 8639013.679, 140
Trd, 8639013.712, 140
Trd, 8639014.246, 136
Trd, 8639014.612, 135
Trd, 8639016.679, 140
Trd, 8639016.712, 140
Trd, 8639017.646, 140
Trd, 8639017.846, 140
Trd, 8639018.012, 140
Trd, 8639018.746, 140
Trd, 8639019.112, 140
Trd, 8639019.212, 140
Trd, 8639019.412, 140
Trd, 8639019.479, 140
Trd, 8639020.079, 140
Trd, 8639020.446, 140
Trd, 8639020.812, 140
Trd, 8639020.912, 140
Trd, 8639021.912, 140
Trd, 8639023.312, 140
Trd, 8639023.946, 140
Trd, 8639024.679, 140
Trd, 8639024.812, 140
Trd, 8639025.246, 140
Trd, 8639025.879, 140
Trd, 8639026.179, 140
Trd, 8639029.479, 140
Trd, 8639029.679, 140
Trd, 8639030.012, 140
Trd, 8639030.346, 140
Trd, 8639030.379, 140
Trd, 8639030.479, 140
Trd, 8639030.512, 140
Trd, 8639031.146, 140
Trd, 8639032.412, 140
Trd, 8639032.546, 140
Trd, 8639032.779, 140
Trd, 8639032.879, 140
Trd, 8639033.279, 140
Trd, 8639034.046, 140
Trd, 8639034.212, 139
Trd, 8639035.512, 139
Trd, 8639035.679, 140
Trd, 8639035.979, 140
Trd, 8639036.379, 140
Trd, 8639036.612, 140
Trd, 8639037.212, 140
Trd, 8639037.546, 140
Trd, 8639038.512, 140
Trd, 8639038.712, 140
Trd, 8639039.446, 140
Trd, 8639039.812, 140
Trd, 8639040.212, 140
Trd, 8639041.046, 140
Trd, 8639041.312, 140
Trd, 8639042.412, 140
Trd, 8639043.579, 140
Trd, 8639044.212, 140
Trd, 8639044.312, 140
Trd, 8639044.412, 140
Trd, 8639044.612, 140
Trd, 8639045.346, 140
Trd, 8639045.546, 140
Trd, 8639046.012, 140
Trd, 8639046.746, 140
Trd, 8639046.779, 140
Trd, 8639046.912, 140
Trd, 8639047.179, 140
Trd, 8639047.412, 138
Trd, 8639047.812, 140
Trd, 8639048.012, 139
Trd, 8639048.779, 139
Trd, 8639049.012, 139
Trd, 8639049.179, 138
Trd, 8639049.679, 62
Trd, 8639051.179, 61
Trd, 8639051.479, 87
Trd, 8639052.012, 86
Trd, 8639053.179, 60
Trd, 8639053.346, 86
Trd, 8639053.479, 87
Trd, 8639053.646, 67
Trd, 8639054.312, 140
Trd, 8639054.379, 139
Trd, 8639054.412, 137
Trd, 8639055.379, 140
Trd, 8639055.446, 140
Trd, 8639057.412, 140
Trd, 8639057.812, 140
Trd, 8639057.879, 140
Trd, 8639058.046, 140
Trd, 8639058.246, 140
Trd, 8639058.346, 140
Trd, 8639058.646, 140
Trd, 8639059.812, 140
Trd, 8639060.712, 140
Trd, 8639061.012, 140
Trd, 8639061.079, 140
Trd, 8639061.579, 140
Trd, 8639061.746, 140
Trd, 8639062.446, 137
Trd, 8639062.812, 140
Trd, 8639063.212, 140
Trd, 8639065.012, 140
Trd, 8639065.179, 140
Trd, 8639065.646, 140
Trd, 8639065.746, 140
Trd, 8639066.246, 140
Trd, 8639066.679, 140
Trd, 8639067.646, 140
Trd, 8639067.946, 140
Trd, 8639068.012, 140
Trd, 8639068.346, 140
Trd, 8639069.446, 140
Trd, 8639070.579, 140
Trd, 8639071.312, 140
Trd, 8639071.479, 140
Trd, 8639072.012, 140
Trd, 8639072.412, 140
Trd, 8639072.979, 140
Trd, 8639073.612, 140
Trd, 8639074.546, 140
Trd, 8639075.712, 140
Trd, 8639075.812, 140
Trd, 8639075.979, 140
Trd, 8639076.312, 140
Trd, 8639076.679, 140
Trd, 8639076.712, 140
Trd, 8639077.612, 140
Trd, 8639077.812, 140
Trd, 8639078.279, 140
Trd, 8639078.979, 140
Trd, 8639080.179, 140
Trd, 8639080.646, 140
Trd, 8639080.946, 140
Trd, 8639081.012, 140
Trd, 8639081.479, 140
Trd, 8639081.579, 140
Trd, 8639081.712, 140
Trd, 8639081.979, 140
Trd, 8639082.112, 140
Trd, 8639082.279, 122
Trd, 8639082.412, 110
Trd, 8639082.579, 109
Trd, 8639083.412, 140
Trd, 8639083.546, 140
Trd, 8639084.146, 139
Trd, 8639084.446, 138
Trd, 8639086.379, 60
Trd, 8639086.946, 61
Trd, 8639087.079, 60
Trd, 8639087.246, 63
Trd, 8639088.012, 60
Trd, 8639088.246, 64
Trd, 8639088.679, 63
Trd, 8639088.912, 64
Trd, 8639089.079, 66
Trd, 8639089.312, 67
Trd, 8639089.479, 67
Trd, 8639089.612, 65
Trd, 8639090.179, 139
Trd, 8639091.979, 140
Trd, 8639092.346, 140
Trd, 8639092.779, 140
Trd, 8639093.179, 140
Trd, 8639093.379, 140
Trd, 8639093.512, 139
Trd, 8639093.979, 117
Trd, 8639094.279, 116
Trd, 8639094.912, 79
Trd, 8639095.046, 66
Trd, 8639095.412, 79
Trd, 8639095.546, 80
Trd, 8639095.912, 61
Trd, 8639097.412, 61
Trd, 8639097.679, 62
Trd, 8639098.212, 61
Trd, 8639099.012, 140
Trd, 8639099.279, 140
Trd, 8639099.979, 140
Trd, 8639101.579, 140
Trd, 8639101.946, 140
Trd, 8639102.412, 140
Trd, 8639102.679, 140
Trd, 8639102.746, 140
Trd, 8639104.012, 140
Trd, 8639104.779, 140
Trd, 8639105.312, 140
Trd, 8639106.912, 140
Trd, 8639107.179, 140
Trd, 8639107.712, 140
Trd, 8639107.812, 140
Trd, 8639107.846, 140
Trd, 8639108.179, 140
Trd, 8639108.446, 140
Trd, 8639108.512, 140
Trd, 8639109.046, 140
Trd, 8639109.379, 140
Trd, 8639109.479, 140
Trd, 8639109.746, 140
Trd, 8639110.612, 140
Trd, 8639110.812, 140
Trd, 8639112.146, 140
Trd, 8639113.179, 140
Trd, 8639113.512, 140
Trd, 8639113.646, 140
Trd, 8639113.746, 140
Trd, 8639113.812, 139
Trd, 8639114.279, 140
Trd, 8639114.712, 140
Trd, 8639114.879, 140
Trd, 8639115.712, 63
Trd, 8639116.112, 62
Trd, 8639116.846, 64
Trd, 8639117.479, 60
Trd, 8639117.512, 60
Trd, 8639117.546, 61
Trd, 8639118.146, 61
Trd, 8639119.479, 60
Trd, 8639119.579, 60
Trd, 8639119.912, 60
Trd, 8639120.446, 61
Trd, 8639120.679, 61
Trd, 8639120.979, 119
Trd, 8639121.046, 74
Trd, 8639121.479, 63
Trd, 8639121.946, 66
Trd, 8639122.312, 120
Trd, 8639122.812, 121
Trd, 8639122.846, 65
Trd, 8639123.012, 68
Trd, 8639124.212, 60
Trd, 8639124.646, 60
Trd, 8639125.479, 63
Trd, 8639126.246, 60
Trd, 8639127.079, 62
Trd, 8639128.246, 61
Trd, 8639129.412, 60
Trd, 8639129.512, 60
Trd, 8639129.646, 61
Trd, 8639129.746, 62
Trd, 8639129.812, 61
Trd, 8639129.846, 64
Trd, 8639129.912, 68
Trd, 8639130.046, 85
Trd, 8639131.346, 70
Trd, 8639131.379, 66
Trd, 8639134.046, 140
Trd, 8639134.279, 140
Trd, 8639135.212, 140
Trd, 8639135.246, 140
Trd, 8639135.646, 140
Trd, 8639135.679, 140
Trd, 8639136.712, 140
Trd, 8639137.046, 140
Trd, 8639137.179, 140
Trd, 8639137.479, 140
Trd, 8639137.579, 140
Trd, 8639137.679, 140
Trd, 8639137.779, 140
Trd, 8639138.012, 140
Trd, 8639138.079, 139
Trd, 8639138.579, 114
Trd, 8639140.379, 140
Trd, 8639141.146, 140
Trd, 8639143.312, 140
Trd, 8639143.446, 140
Trd, 8639144.546, 140
Trd, 8639145.312, 140
Trd, 8639145.379, 140
Trd, 8639145.746, 140
Trd, 8639145.946, 140
Trd, 8639146.179, 140
Trd, 8639146.246, 140
Trd, 8639146.612, 140
Trd, 8639147.346, 140
Trd, 8639147.446, 140
Trd, 8639147.546, 140
Trd, 8639147.612, 140
Trd, 8639147.746, 139
Trd, 8639147.946, 129
Trd, 8639148.412, 140
Trd, 8639148.779, 140
Trd, 8639149.646, 140
Trd, 8639149.712, 139
Trd, 8639150.346, 140
Trd, 8639151.112, 140
Trd, 8639151.246, 140
Trd, 8639152.312, 140
Trd, 8639152.612, 140
Trd, 8639152.679, 140
Trd, 8639154.446, 140
Trd, 8639154.479, 140
Trd, 8639154.646, 140
Trd, 8639155.146, 140
Trd, 8639155.179, 139
Trd, 8639155.212, 137
Trd, 8639156.046, 137
Trd, 8639156.212, 138
Trd, 8639156.279, 137
Trd, 8639156.646, 113
Trd, 8639157.879, 140
Trd, 8639158.046, 140
Trd, 8639158.146, 140
Trd, 8639158.579, 140
Trd, 8639158.712, 140
Trd, 8639159.246, 60
Trd, 8639159.479, 60
Trd, 8639160.246, 61
Trd, 8639160.912, 60
Trd, 8639161.012, 60
Trd, 8639161.312, 61
Trd, 8639161.779, 63
Trd, 8639162.112, 63
Trd, 8639162.212, 62
Trd, 8639162.712, 67
Trd, 8639163.979, 67
Trd, 8639164.412, 117
Trd, 8639165.212, 69
Trd, 8639165.546, 70
Trd, 8639166.279, 140
Trd, 8639167.079, 140
Trd, 8639167.612, 140
Trd, 8639169.312, 140
Trd, 8639169.379, 140
Trd, 8639170.946, 140
Trd, 8639171.012, 140
Trd, 8639171.779, 140
Trd, 8639171.912, 140
Trd, 8639172.079, 140
Trd, 8639172.112, 140
Trd, 8639172.146, 140
Trd, 8639172.779, 140
Trd, 8639173.779, 140
Trd, 8639175.412, 140
Trd, 8639175.512, 140
Trd, 8639175.879, 140
Trd, 8639176.012, 140
Trd, 8639176.079, 140
Trd, 8639176.512, 140
Trd, 8639176.746, 140
Trd, 8639177.012, 140
Trd, 8639177.146, 137
Trd, 8639178.446, 140
Trd, 8639178.846, 140
Trd, 8639179.179, 140
Trd, 8639179.979, 140
Trd, 8639180.379, 140
Trd, 8639180.912, 140
Trd, 8639181.579, 140
Trd, 8639181.679, 140
Trd, 8639181.879, 139
Trd, 8639181.946, 138
Trd, 8639182.512, 122
Trd, 8639182.912, 140
Trd, 8639184.879, 140
Trd, 8639185.612, 140
Trd, 8639185.746, 140
Trd, 8639186.212, 140
Trd, 8639186.312, 140
Trd, 8639187.479, 140
Trd, 8639187.646, 140
Trd, 8639187.679, 140
Trd, 8639187.846, 140
Trd, 8639188.146, 140
Trd, 8639188.179, 140
Trd, 8639189.079, 140
Trd, 8639189.379, 140
Trd, 8639189.812, 140
Trd, 8639190.879, 140
Trd, 8639190.912, 140
Trd, 8639191.679, 140
Trd, 8639191.746, 140
Trd, 8639192.112, 140
Trd, 8639192.646, 140
Trd, 8639192.979, 140
Trd, 8639193.179, 140
Trd, 8639193.546, 140
Trd, 8639193.979, 140
Trd, 8639194.246, 140
Trd, 8639194.312, 140
Trd, 8639194.879, 140
Trd, 8639195.246, 96
Trd, 8639196.846, 64
Trd, 8639197.212, 60
Trd, 8639197.279, 61
Trd, 8639198.512, 60
Trd, 8639198.546, 60
Trd, 8639199.312, 63
Trd, 8639199.646, 65
Trd, 8639200.112, 60
Trd, 8639200.212, 60
Trd, 8639201.279, 60
Trd, 8639201.646, 66
Trd, 8639201.746, 133
Trd, 8639201.812, 65
Trd, 8639202.112, 140
Trd, 8639203.412, 140
Trd, 8639203.446, 140
Trd, 8639204.212, 140
Trd, 8639204.512, 140
Trd, 8639204.779, 140
Trd, 8639205.046, 140
Trd, 8639205.112, 140
Trd, 8639206.446, 140
Trd, 8639206.912, 140
Trd, 8639206.946, 140
Trd, 8639207.646, 140
Trd, 8639208.646, 140
Trd, 8639209.112, 140
Trd, 8639209.846, 140
Trd, 8639210.712, 140
Trd, 8639210.746, 140
Trd, 8639211.846, 140
Trd, 8639212.446, 140
Trd, 8639212.979, 140
Trd, 8639213.879, 140
Trd, 8639214.079, 140
Trd, 8639214.446, 140
Trd, 8639214.912, 140
Trd, 8639214.979, 140
Trd, 8639215.879, 140
Trd, 8639216.779, 140
Trd, 8639216.879, 140
Trd, 8639217.012, 140
Trd, 8639217.846, 140
Trd, 8639218.012, 140
Trd, 8639218.046, 140
Trd, 8639218.446, 140
Trd, 8639218.879, 140
Trd, 8639219.312, 140
Trd, 8639219.379, 140
Trd, 8639219.946, 138
Trd, 8639220.079, 139
Trd, 8639220.546, 139
Trd, 8639220.612, 139
Trd, 8639221.046, 122
Trd, 8639221.312, 121
Trd, 8639221.446, 138
Trd, 8639222.879, 139
Trd, 8639223.412, 140
Trd, 8639224.346, 140
Trd, 8639224.446, 140
Trd, 8639225.312, 140
Trd, 8639226.246, 140
Trd, 8639226.412, 140
Trd, 8639227.679, 140
Trd, 8639227.712, 140
Trd, 8639227.846, 140
Trd, 8639228.079, 140
Trd, 8639228.679, 140
Trd, 8639228.712, 140
Trd, 8639230.279, 140
Trd, 8639231.246, 140
Trd, 8639231.312, 140
Trd, 8639231.879, 140
Trd, 8639231.912, 140
Trd, 8639232.646, 140
Trd, 8639232.779, 140
Trd, 8639232.846, 140
Trd, 8639234.879, 140
Trd, 8639235.279, 140
Trd, 8639235.379, 140
Trd, 8639235.746, 140
Trd, 8639236.079, 140
Trd, 8639236.346, 140
Trd, 8639236.679, 140
Trd, 8639236.879, 140
Trd, 8639236.979, 140
Trd, 8639237.046, 140
Trd, 8639237.179, 139
Trd, 8639237.379, 137
Trd, 8639237.779, 110
Trd, 8639239.179, 62
Trd, 8639239.246, 62
Trd, 8639239.446, 69
Trd, 8639239.679, 90
Trd, 8639240.412, 73
Trd, 8639241.379, 140
Trd, 8639241.479, 139
Trd, 8639242.146, 140
Trd, 8639242.312, 140
Trd, 8639242.646, 138
Trd, 8639243.646, 140
Trd, 8639243.979, 140
Trd, 8639244.246, 140
Trd, 8639245.112, 140
Trd, 8639245.346, 140
Trd, 8639245.846, 140
Trd, 8639246.112, 140
Trd, 8639246.179, 140
Trd, 8639248.446, 140
Trd, 8639248.946, 140
Trd, 8639249.746, 140
Trd, 8639249.846, 140
Trd, 8639250.112, 140
Trd, 8639251.246, 140
Trd, 8639251.479, 140
Trd, 8639251.579, 140
Trd, 8639251.779, 140
Trd, 8639252.046, 140
Trd, 8639252.646, 140
Trd, 8639252.746, 140
Trd, 8639254.112, 140
Trd, 8639254.246, 140
Trd, 8639254.379, 140
Trd, 8639254.646, 140
Trd, 8639254.812, 140
Trd, 8639254.979, 140
Trd, 8639255.712, 140
Trd, 8639256.079, 140
Trd, 8639256.479, 140
Trd, 8639257.212, 140
Trd, 8639258.246, 140
Trd, 8639258.612, 140
Trd, 8639259.079, 140
Trd, 8639259.112, 140
Trd, 8639260.212, 140
Trd, 8639260.512, 140
Trd, 8639261.546, 140
Trd, 8639261.812, 140
Trd, 8639261.879, 140
Trd, 8639261.979, 140
Trd, 8639262.512, 140
Trd, 8639262.546, 140
Trd, 8639263.046, 140
Trd, 8639263.646, 139
Trd, 8639263.679, 139
Trd, 8639263.979, 138
Trd, 8639264.346, 123
Trd, 8639265.379, 127
Trd, 8639265.579, 127
Trd, 8639266.712, 135
Trd, 8639266.846, 134
Trd, 8639267.046, 135
Trd, 8639267.679, 134
Trd, 8639267.812, 134
Trd, 8639267.979, 133
Trd, 8639269.079, 140
Trd, 8639269.246, 140
Trd, 8639269.312, 140
Trd, 8639269.512, 140
Trd, 8639270.412, 140
Trd, 8639270.512, 137
Trd, 8639271.179, 139
Trd, 8639271.979, 140
Trd, 8639272.346, 140
Trd, 8639273.879, 140
Trd, 8639274.046, 140
Trd, 8639274.279, 140
Trd, 8639274.812, 140
Trd, 8639275.512, 140
Trd, 8639275.746, 140
Trd, 8639275.846, 140
Trd, 8639276.212, 140
Trd, 8639276.312, 140
Trd, 8639276.546, 140
Trd, 8639277.346, 139
Trd, 8639277.779, 140
Trd, 8639278.212, 140
Trd, 8639278.346, 139
Trd, 8639278.879, 140
Trd, 8639279.579, 140
Trd, 8639279.746, 140
Trd, 8639280.746, 140
Trd, 8639281.146, 140
Trd, 8639281.479, 140
Trd, 8639282.346, 140
Trd, 8639282.412, 140
Trd, 8639283.946, 140
Trd, 8639284.279, 140
Trd, 8639284.346, 140
Trd, 8639284.379, 140
Trd, 8639284.679, 140
Trd, 8639285.112, 140
Trd, 8639285.712, 140
Trd, 8639287.646, 140
Trd, 8639287.712, 140
Trd, 8639287.812, 140
Trd, 8639288.279, 140
Trd, 8639288.712, 140
Trd, 8639289.079, 140
Trd, 8639289.112, 140
Trd, 8639290.212, 140
Trd, 8639290.446, 140
Trd, 8639290.479, 138
Trd, 8639290.546, 138
Trd, 8639290.746, 140
Trd, 8639290.846, 140
Trd, 8639291.179, 138
Trd, 8639291.779, 137
Trd, 8639292.412, 99
Trd, 8639292.612, 137
Trd, 8639292.712, 98
Trd, 8639293.646, 138
Trd, 8639294.312, 139
Trd, 8639294.979, 140
Trd, 8639295.379, 140
Trd, 8639295.546, 140
Trd, 8639296.479, 140
Trd, 8639296.779, 140
Trd, 8639296.812, 140
Trd, 8639297.279, 140
Trd, 8639298.246, 140
Trd, 8639299.979, 140
Trd, 8639300.446, 140
Trd, 8639301.046, 140
Trd, 8639302.446, 140
Trd, 8639302.579, 140
Trd, 8639302.779, 140
Trd, 8639303.346, 140
Trd, 8639304.046, 140
Trd, 8639304.246, 140
Trd, 8639304.646, 140
Trd, 8639305.212, 140
Trd, 8639305.346, 140
Trd, 8639305.712, 140
Trd, 8639306.346, 140
Trd, 8639306.646, 140
Trd, 8639307.679, 140
Trd, 8639307.712, 140
Trd, 8639307.912, 140
Trd, 8639308.079, 140
Trd, 8639308.246, 140
Trd, 8639308.879, 140
Trd, 8639309.012, 140
Trd, 8639309.379, 140
Trd, 8639309.846, 140
Trd, 8639309.879, 139
Trd, 8639310.679, 140
Trd, 8639310.912, 140
Trd, 8639311.012, 138
Trd, 8639313.146, 140
Trd, 8639313.379, 140
Trd, 8639313.712, 140
Trd, 8639314.179, 140
Trd, 8639314.479, 140
Trd, 8639314.546, 140
Trd, 8639315.246, 140
Trd, 8639315.479, 140
Trd, 8639315.512, 140
Trd, 8639316.479, 140
Trd, 8639318.012, 140
Trd, 8639318.279, 140
Trd, 8639318.446, 140
Trd, 8639318.546, 140
Trd, 8639318.879, 140
Trd, 8639319.312, 140
Trd, 8639320.046, 140
Trd, 8639321.079, 140
Trd, 8639321.779, 140
Trd, 8639322.046, 140
Trd, 8639322.279, 140
Trd, 8639322.379, 140
Trd, 8639322.712, 140
Trd, 8639322.879, 140
Trd, 8639323.579, 138
Trd, 8639323.846, 140
Trd, 8639324.312, 115
Trd, 8639324.846, 140
Trd, 8639325.046, 140
Trd, 8639325.579, 135
Trd, 8639325.746, 138
Trd, 8639326.412, 140
Trd, 8639327.112, 140
Trd, 8639327.612, 140
Trd, 8639328.279, 140
Trd, 8639328.379, 140
Trd, 8639328.612, 140
Trd, 8639328.779, 140
Trd, 8639329.346, 134
Trd, 8639330.146, 140
Trd, 8639330.246, 139
Trd, 8639330.679, 127
Trd, 8639331.879, 133
Trd, 8639331.912, 132
Trd, 8639332.179, 133
Trd, 8639332.379, 133
Trd, 8639333.079, 133
Trd, 8639333.579, 140
Trd, 8639333.879, 116
Trd, 8639334.246, 116
Trd, 8639334.679, 140
Trd, 8639334.712, 140
Trd, 8639335.846, 139
Trd, 8639336.212, 137
Trd, 8639337.079, 140
Trd, 8639337.379, 135
Trd, 8639337.612, 125
Trd, 8639338.079, 121
Trd, 8639338.579, 110
Trd, 8639338.912, 121
Trd, 8639339.079, 124
Trd, 8639339.646, 114
Trd, 8639340.079, 116
Trd, 8639340.779, 116
Trd, 8639342.312, 140
Trd, 8639342.379, 140
Trd, 8639343.712, 140
Trd, 8639344.146, 140
Trd, 8639344.379, 140
Trd, 8639344.679, 140
Trd, 8639345.312, 140
Trd, 8639345.412, 140
Trd, 8639345.746, 140
Trd, 8639346.046, 140
Trd, 8639346.612, 140
Trd, 8639346.879, 140
Trd, 8639346.946, 139
Trd, 8639347.646, 140
Trd, 8639347.779, 140
Trd, 8639348.446, 140
Trd, 8639348.546, 139
Trd, 8639348.612, 122
Trd, 8639348.846, 109
Trd, 8639349.646, 140
Trd, 8639350.112, 140
Trd, 8639350.412, 140
Trd, 8639350.679, 140
Trd, 8639351.612, 140
Trd, 8639352.112, 139
Trd, 8639352.646, 125
Trd, 8639353.712, 140
Trd, 8639353.946, 140
Trd, 8639354.246, 140
Trd, 8639354.612, 140
Trd, 8639355.412, 140
Trd, 8639355.712, 139
Trd, 8639356.246, 140
Trd, 8639356.846, 138
Trd, 8639357.279, 140
Trd, 8639357.312, 138
Trd, 8639357.612, 125
Trd, 8639357.812, 134
Trd, 8639358.479, 117
Trd, 8639358.946, 115
Trd, 8639361.046, 140
Trd, 8639361.312, 140
Trd, 8639361.712, 140
Trd, 8639362.346, 140
Trd, 8639362.546, 140
Trd, 8639362.812, 140
Trd, 8639363.246, 139
Trd, 8639363.379, 140
Trd, 8639363.979, 140
Trd, 8639364.146, 139
Trd, 8639364.512, 139
Trd, 8639365.246, 140
Trd, 8639365.579, 140
Trd, 8639365.646, 140
Trd, 8639365.979, 140
Trd, 8639366.279, 140
Trd, 8639366.979, 140
Trd, 8639367.246, 140
Trd, 8639367.479, 140
Trd, 8639367.646, 140
Trd, 8639368.612, 140
Trd, 8639368.879, 140
Trd, 8639369.446, 139
Trd, 8639370.012, 140
Trd, 8639370.346, 140
Trd, 8639371.212, 140
Trd, 8639371.412, 140
Trd, 8639371.512, 140
Trd, 8639372.246, 140
Trd, 8639372.879, 140
Trd, 8639373.212, 140
Trd, 8639374.112, 140
Trd, 8639374.346, 140
Trd, 8639374.579, 140
Trd, 8639377.212, 140
Trd, 8639377.379, 140
Trd, 8639377.412, 140
Trd, 8639377.612, 140
Trd, 8639377.746, 140
Trd, 8639377.779, 140
Trd, 8639378.179, 140
Trd, 8639378.579, 140
Trd, 8639379.412, 140
Trd, 8639380.046, 140
Trd, 8639380.312, 140
Trd, 8639380.579, 140
Trd, 8639381.679, 140
Trd, 8639381.746, 140
Trd, 8639382.146, 140
Trd, 8639383.512, 140
Trd, 8639384.012, 140
Trd, 8639385.046, 140
Trd, 8639385.212, 140
Trd, 8639385.312, 140
Trd, 8639385.412, 140
Trd, 8639386.046, 140
Trd, 8639386.112, 140
Trd, 8639386.912, 140
Trd, 8639387.312, 140
Trd, 8639387.712, 140
Trd, 8639388.346, 140
Trd, 8639388.912, 140
Trd, 8639389.012, 140
Trd, 8639389.146, 140
Trd, 8639389.512, 140
Trd, 8639390.446, 140
Trd, 8639393.379, 140
Trd, 8639393.479, 140
Trd, 8639393.546, 140
Trd, 8639393.712, 140
Trd, 8639393.779, 140
Trd, 8639394.246, 140
Trd, 8639394.912, 140
Trd, 8639395.212, 140
Trd, 8639395.479, 140
Trd, 8639395.779, 140
Trd, 8639396.379, 140
Trd, 8639396.779, 140
Trd, 8639397.246, 140
Trd, 8639397.279, 140
Trd, 8639397.446, 140
Trd, 8639397.912, 140
Trd, 8639398.479, 140
Trd, 8639398.646, 140
Trd, 8639399.279, 140
Trd, 8639399.612, 140
Trd, 8639400.712, 140
Trd, 8639401.312, 140
Trd, 8639401.612, 140
Trd, 8639401.746, 140
Trd, 8639402.279, 140
Trd, 8639403.712, 140
Trd, 8639404.146, 140
Trd, 8639404.212, 140
Trd, 8639404.479, 140
Trd, 8639404.746, 140
Trd, 8639404.912, 136
Trd, 8639405.746, 140
Trd, 8639406.312, 140
Trd, 8639407.479, 139
Trd, 8639407.512, 140
Trd, 8639407.546, 139
Trd, 8639408.012, 138
Trd, 8639408.712, 115
Trd, 8639409.012, 139
Trd, 8639409.946, 140
Trd, 8639410.512, 140
Trd, 8639411.046, 140
Trd, 8639411.112, 140
Trd, 8639411.312, 140
Trd, 8639411.346, 140
Trd, 8639411.946, 140
Trd, 8639412.079, 123
Trd, 8639412.312, 137
Trd, 8639413.079, 140
Trd, 8639413.412, 140
Trd, 8639414.179, 140
Trd, 8639414.712, 140
Trd, 8639415.846, 140
Trd, 8639416.012, 140
Trd, 8639416.046, 140
Trd, 8639416.079, 140
Trd, 8639416.946, 140
Trd, 8639417.379, 140
Trd, 8639417.479, 139
Trd, 8639417.779, 135
Trd, 8639418.212, 127
Trd, 8639419.412, 140
Trd, 8639419.512, 131
Trd, 8639421.046, 140
Trd, 8639421.212, 140
Trd, 8639421.812, 140
Trd, 8639422.179, 140
Trd, 8639422.246, 140
Trd, 8639422.446, 140
Trd, 8639422.579, 140
Trd, 8639422.979, 140
Trd, 8639423.579, 135
Trd, 8639423.912, 140
Trd, 8639424.379, 139
Trd, 8639424.812, 140
Trd, 8639425.079, 140
Trd, 8639425.712, 140
Trd, 8639425.979, 140
Trd, 8639426.579, 140
Trd, 8639427.579, 125
Trd, 8639427.646, 136
Trd, 8639427.679, 123
Trd, 8639428.779, 140
Trd, 8639430.079, 140
Trd, 8639430.146, 140
Trd, 8639430.446, 140
Trd, 8639431.846, 140
Trd, 8639432.312, 140
Trd, 8639432.612, 140
Trd, 8639432.679, 140
Trd, 8639432.979, 140
Trd, 8639433.546, 140
Trd, 8639433.712, 140
Trd, 8639433.779, 138
Trd, 8639434.879, 139
Trd, 8639435.179, 140
Trd, 8639436.012, 140
Trd, 8639437.012, 140
Trd, 8639437.112, 140
Trd, 8639437.812, 140
Trd, 8639439.579, 140
Trd, 8639439.679, 140
Trd, 8639440.046, 140
Trd, 8639440.579, 140
Trd, 8639441.479, 140
Trd, 8639441.512, 140
Trd, 8639441.846, 140
Trd, 8639441.912, 140
Trd, 8639442.812, 140
Trd, 8639444.546, 140
Trd, 8639444.579, 140
Trd, 8639445.012, 140
Trd, 8639445.312, 140
Trd, 8639445.812, 140
Trd, 8639446.112, 140
Trd, 8639446.346, 140
Trd, 8639446.379, 140
Trd, 8639446.979, 139
Trd, 8639447.112, 138
Trd, 8639447.146, 138
Trd, 8639448.179, 114
Trd, 8639448.312, 114
Trd, 8639448.446, 138
Trd, 8639448.712, 112
Trd, 8639448.779, 139
Trd, 8639448.946, 140
Trd, 8639450.312, 140
Trd, 8639450.646, 140
Trd, 8639451.446, 140
Trd, 8639451.912, 140
Trd, 8639452.212, 140
Trd, 8639452.412, 140
Trd, 8639453.046, 140
Trd, 8639453.479, 140
Trd, 8639453.612, 139
Trd, 8639453.912, 139
Trd, 8639454.246, 140
Trd, 8639454.546, 140
Trd, 8639454.679, 140
Trd, 8639456.246, 140
Trd, 8639456.712, 140
Trd, 8639456.812, 140
Trd, 8639457.412, 140
Trd, 8639457.746, 140
Trd, 8639457.779, 140
Trd, 8639457.946, 139
Trd, 8639458.012, 134
Trd, 8639458.412, 125
Trd, 8639458.979, 124
Trd, 8639459.146, 138
Trd, 8639459.746, 99
Trd, 8639460.779, 62
Trd, 8639461.046, 68
Trd, 8639461.379, 140
Trd, 8639461.912, 140
Trd, 8639463.046, 140
Trd, 8639463.312, 140
Trd, 8639464.112, 140
Trd, 8639464.812, 140
Trd, 8639466.012, 140
Trd, 8639466.146, 140
Trd, 8639466.546, 140
Trd, 8639466.679, 140
Trd, 8639467.446, 140
Trd, 8639467.512, 140
Trd, 8639467.846, 140
Trd, 8639468.512, 140
Trd, 8639468.779, 140
Trd, 8639470.012, 140
Trd, 8639470.146, 140
Trd, 8639470.646, 140
Trd, 8639470.779, 140
Trd, 8639470.846, 137
Trd, 8639473.246, 140
Trd, 8639473.446, 140
Trd, 8639473.546, 140
Trd, 8639473.779, 139
Trd, 8639473.912, 139
Trd, 8639474.879, 103
Trd, 8639475.212, 102
Trd, 8639475.712, 103
Trd, 8639475.779, 102
Trd, 8639476.046, 137
Trd, 8639476.479, 140
Trd, 8639476.712, 104
Trd, 8639477.112, 139
Trd, 8639477.612, 140
Trd, 8639480.412, 140
Trd, 8639480.612, 140
Trd, 8639480.646, 140
Trd, 8639480.779, 140
Trd, 8639481.779, 140
Trd, 8639481.846, 140
Trd, 8639482.512, 140
Trd, 8639483.146, 140
Trd, 8639484.079, 140
Trd, 8639484.146, 140
Trd, 8639484.279, 140
Trd, 8639484.312, 140
Trd, 8639485.079, 140
Trd, 8639485.612, 140
Trd, 8639485.812, 140
Trd, 8639486.479, 140
Trd, 8639486.812, 140
Trd, 8639487.012, 140
Trd, 8639487.979, 139
Trd, 8639488.246, 140
Trd, 8639488.312, 140
Trd, 8639488.746, 140
Trd, 8639488.912, 140
Trd, 8639489.879, 140
Trd, 8639490.612, 139
Trd, 8639490.912, 138
Trd, 8639492.046, 140
Trd, 8639492.712, 140
Trd, 8639492.779, 140
Trd, 8639493.946, 140
Trd, 8639494.212, 140
Trd, 8639494.379, 140
Trd, 8639494.546, 139
Trd, 8639494.646, 138
Trd, 8639497.346, 140
Trd, 8639497.446, 140
Trd, 8639497.846, 140
Trd, 8639498.012, 140
Trd, 8639498.179, 140
Trd, 8639498.446, 140
Trd, 8639498.512, 140
Trd, 8639498.546, 139
Trd, 8639499.212, 140
Trd, 8639499.312, 140
Trd, 8639499.379, 140
Trd, 8639499.446, 137
Trd, 8639499.546, 124
Trd, 8639499.946, 65
Trd, 8639501.646, 140
Trd, 8639501.846, 140
Trd, 8639502.846, 140
Trd, 8639503.012, 140
Trd, 8639503.712, 140
Trd, 8639503.746, 140
Trd, 8639503.846, 140
Trd, 8639503.979, 140
Trd, 8639504.012, 140
Trd, 8639504.679, 140
Trd, 8639504.879, 140
Trd, 8639505.279, 113
Trd, 8639506.046, 115
Trd, 8639506.279, 115
Trd, 8639506.512, 115
Trd, 8639506.712, 140
Trd, 8639507.212, 114
Trd, 8639507.412, 113
Trd, 8639507.612, 104
Trd, 8639508.212, 139
Trd, 8639509.546, 140
Trd, 8639510.912, 140
Trd, 8639511.646, 140
Trd, 8639511.846, 140
Trd, 8639512.446, 140
Trd, 8639512.946, 140
Trd, 8639513.179, 140
Trd, 8639513.546, 140
Trd, 8639514.046, 140
Trd, 8639514.412, 140
Trd, 8639514.646, 140
Trd, 8639515.079, 140
Trd, 8639515.179, 139
Trd, 8639516.112, 139
Trd, 8639517.446, 140
Trd, 8639517.612, 139
Trd, 8639517.812, 139
Trd, 8639518.112, 139
Trd, 8639519.079, 139
Trd, 8639519.679, 140
Trd, 8639521.146, 140
Trd, 8639521.212, 140
Trd, 8639521.746, 140
Trd, 8639522.112, 140
Trd, 8639522.812, 140
Trd, 8639523.179, 140
Trd, 8639523.746, 140
Trd, 8639524.079, 140
Trd, 8639524.112, 140
Trd, 8639524.312, 140
Trd, 8639525.646, 140
Trd, 8639525.979, 140
Trd, 8639526.346, 140
Trd, 8639526.412, 140
Trd, 8639526.812, 140
Trd, 8639527.712, 140
Trd, 8639528.079, 140
Trd, 8639529.012, 138
Trd, 8639529.212, 138
Trd, 8639529.579, 124
Trd, 8639530.379, 132
Trd, 8639530.412, 133
Trd, 8639530.579, 126
Trd, 8639530.712, 125
Trd, 8639531.979, 140
Trd, 8639532.212, 140
Trd, 8639532.446, 140
Trd, 8639533.612, 140
Trd, 8639533.912, 140
Trd, 8639534.012, 140
Trd, 8639534.712, 140
Trd, 8639535.146, 140
Trd, 8639535.512, 140
Trd, 8639535.779, 139
Trd, 8639535.812, 139
Trd, 8639537.279, 140
Trd, 8639537.579, 140
Trd, 8639538.046, 140
Trd, 8639538.079, 140
Trd, 8639538.579, 140
Trd, 8639538.746, 140
Trd, 8639539.112, 140
Trd, 8639539.979, 140
Trd, 8639540.479, 140
Trd, 8639540.512, 137
Trd, 8639541.012, 139
Trd, 8639541.279, 110
Trd, 8639541.312, 109
Trd, 8639541.512, 140
Trd, 8639542.246, 137
Trd, 8639543.379, 140
Trd, 8639543.612, 140
Trd, 8639545.012, 104
Trd, 8639545.079, 103
Trd, 8639545.312, 102
Trd, 8639546.246, 140
Trd, 8639546.579, 140
Trd, 8639547.546, 140
Trd, 8639547.812, 140
Trd, 8639548.579, 140
Trd, 8639548.912, 140
Trd, 8639548.946, 140
Trd, 8639549.979, 140
Trd, 8639550.279, 140
Trd, 8639551.412, 140
Trd, 8639551.679, 140
Trd, 8639552.746, 140
Trd, 8639552.979, 140
Trd, 8639553.646, 140
Trd, 8639553.912, 140
Trd, 8639554.412, 140
Trd, 8639554.812, 140
Trd, 8639554.946, 140
Trd, 8639555.246, 140
Trd, 8639555.646, 140
Trd, 8639556.146, 140
Trd, 8639556.312, 140
Trd, 8639556.546, 140
Trd, 8639556.779, 139
Trd, 8639557.446, 140
Trd, 8639558.379, 140
Trd, 8639558.646, 140
Trd, 8639558.746, 140
Trd, 8639559.279, 140
Trd, 8639561.179, 140
Trd, 8639561.412, 140
Trd, 8639561.679, 140
Trd, 8639562.012, 140
Trd, 8639562.112, 140
Trd, 8639562.412, 140
Trd, 8639562.479, 137
Trd, 8639563.112, 120
Trd, 8639563.546, 140
Trd, 8639563.946, 138
Trd, 8639563.979, 137
Trd, 8639564.179, 117
Trd, 8639564.279, 116
Trd, 8639565.012, 129
Trd, 8639565.312, 129
Trd, 8639565.879, 131
Trd, 8639567.379, 133
Trd, 8639567.812, 140
Trd, 8639567.846, 133
Trd, 8639568.446, 135
Trd, 8639568.546, 135
Trd, 8639568.979, 140
Trd, 8639569.146, 134
Trd, 8639569.212, 133
Trd, 8639569.946, 140
Trd, 8639570.146, 140
Trd, 8639570.779, 140
Trd, 8639570.912, 140
Trd, 8639571.079, 140
Trd, 8639571.146, 140
Trd, 8639571.979, 139
Trd, 8639572.112, 139
Trd, 8639572.979, 139
Trd, 8639573.312, 118
Trd, 8639574.112, 118
Trd, 8639574.279, 117
Trd, 8639574.579, 136
Trd, 8639574.846, 140
Trd, 8639575.046, 140
Trd, 8639575.746, 140
Trd, 8639577.146, 140
Trd, 8639577.946, 140
Trd, 8639579.046, 140
Trd, 8639579.379, 140
Trd, 8639580.212, 140
Trd, 8639580.412, 140
Trd, 8639580.712, 140
Trd, 8639580.812, 140
Trd, 8639580.846, 140
Trd, 8639580.912, 140
Trd, 8639581.712, 140
Trd, 8639581.979, 140
Trd, 8639582.146, 140
Trd, 8639582.212, 140
Trd, 8639582.279, 123
Trd, 8639582.546, 122
Trd, 8639583.146, 138
Trd, 8639583.879, 125
Trd, 8639584.146, 136
Trd, 8639584.312, 125
Trd, 8639585.046, 137
Trd, 8639586.346, 140
Trd, 8639586.479, 140
Trd, 8639587.046, 140
Trd, 8639588.046, 140
Trd, 8639588.112, 140
Trd, 8639588.246, 140
Trd, 8639589.646, 140
Trd, 8639589.946, 140
Trd, 8639590.179, 140
Trd, 8639590.279, 140
Trd, 8639590.646, 140
Trd, 8639592.012, 140
Trd, 8639592.146, 140
Trd, 8639592.612, 140
Trd, 8639592.679, 140
Trd, 8639593.279, 140
Trd, 8639593.712, 140
Trd, 8639593.846, 140
Trd, 8639594.012, 140
Trd, 8639594.146, 140
Trd, 8639594.746, 140
Trd, 8639595.246, 140
Trd, 8639595.446, 140
Trd, 8639595.746, 139
Trd, 8639596.979, 62
Trd, 8639597.146, 71
Trd, 8639597.512, 140
Trd, 8639597.579, 140
Trd, 8639597.812, 139
Trd, 8639598.546, 140
Trd, 8639598.679, 140
Trd, 8639600.546, 140
Trd, 8639600.912, 140
Trd, 8639600.979, 140
Trd, 8639603.112, 140
Trd, 8639603.312, 140
Trd, 8639603.612, 140
Trd, 8639604.379, 140
Trd, 8639605.112, 140
Trd, 8639605.612, 140
Trd, 8639606.212, 140
Trd, 8639606.246, 140
Trd, 8639607.346, 140
Trd, 8639607.379, 140
Trd, 8639607.646, 140
Trd, 8639608.446, 140
Trd, 8639609.379, 140
Trd, 8639609.612, 140
Trd, 8639609.812, 140
Trd, 8639610.612, 140
Trd, 8639610.712, 140
Trd, 8639611.012, 140
Trd, 8639611.812, 140
Trd, 8639611.979, 140
Trd, 8639612.146, 140
Trd, 8639612.346, 139
Trd, 8639614.246, 140
Trd, 8639614.279, 140
Trd, 8639615.279, 140
Trd, 8639615.612, 140
Trd, 8639616.146, 140
Trd, 8639616.512, 140
Trd, 8639616.646, 139
Trd, 8639616.712, 140
Trd, 8639617.046, 140
Trd, 8639617.479, 139
Trd, 8639617.579, 136
Trd, 8639617.612, 123
Trd, 8639619.046, 140
Trd, 8639619.712, 140
Trd, 8639620.246, 140
Trd, 8639620.546, 140
Trd, 8639622.012, 140
Trd, 8639622.146, 140
Trd, 8639622.212, 140
Trd, 8639622.546, 140
Trd, 8639623.212, 140
Trd, 8639623.312, 140
Trd, 8639624.446, 140
Trd, 8639624.479, 140
Trd, 8639625.246, 140
Trd, 8639625.579, 140
Trd, 8639625.812, 140
Trd, 8639626.046, 139
Trd, 8639627.146, 140
Trd, 8639627.212, 140
Trd, 8639627.546, 140
Trd, 8639628.046, 140
Trd, 8639628.412, 140
Trd, 8639629.146, 140
Trd, 8639629.179, 140
Trd, 8639630.846, 140
Trd, 8639631.012, 140
Trd, 8639631.879, 140
Trd, 8639632.212, 140
Trd, 8639632.746, 140
Trd, 8639632.879, 140
Trd, 8639633.746, 140
Trd, 8639633.779, 140
Trd, 8639633.979, 140
Trd, 8639635.879, 140
Trd, 8639636.212, 140
Trd, 8639636.312, 140
Trd, 8639636.512, 140
Trd, 8639636.746, 140
Trd, 8639637.079, 140
Trd, 8639637.212, 140
Trd, 8639637.546, 140
Trd, 8639638.212, 140
Trd, 8639638.479, 140
Trd, 8639638.879, 140
Trd, 8639638.912, 140
Trd, 8639639.846, 140
Trd, 8639640.279, 140
Trd, 8639641.279, 140
Trd, 8639641.646, 140
Trd, 8639641.779, 140
Trd, 8639643.612, 140
Trd, 8639643.712, 140
Trd, 8639643.912, 140
Trd, 8639644.312, 140
Trd, 8639645.312, 140
Trd, 8639645.712, 140
Trd, 8639647.212, 140
Trd, 8639647.412, 140
Trd, 8639647.479, 140
Trd, 8639647.512, 140
Trd, 8639648.179, 140
Trd, 8639649.212, 140
Trd, 8639649.679, 140
Trd, 8639649.846, 140
Trd, 8639650.979, 140
Trd, 8639651.246, 140
Trd, 8639651.379, 140
Trd, 8639651.612, 140
Trd, 8639651.679, 140
Trd, 8639651.979, 140
Trd, 8639652.246, 140
Trd, 8639654.579, 140
Trd, 8639654.846, 140
Trd, 8639655.079, 140
Trd, 8639655.379, 140
Trd, 8639655.746, 140
Trd, 8639655.779, 140
Trd, 8639657.179, 140
Trd, 8639657.212, 140
Trd, 8639657.579, 140
Trd, 8639657.679, 140
Trd, 8639658.146, 140
Trd, 8639658.546, 140
Trd, 8639658.779, 140
Trd, 8639658.946, 140
Trd, 8639659.979, 140
Trd, 8639660.546, 140
Trd, 8639660.646, 140
Trd, 8639660.812, 112
Trd, 8639661.012, 112
Trd, 8639661.279, 139
Trd, 8639661.746, 140
Trd, 8639662.512, 140
Trd, 8639662.879, 140
Trd, 8639663.812, 140
Trd, 8639664.446, 140
Trd, 8639665.946, 140
Trd, 8639666.446, 140
Trd, 8639667.646, 140
Trd, 8639669.312, 140
Trd, 8639669.946, 140
Trd, 8639670.146, 140
Trd, 8639670.346, 140
Trd, 8639670.479, 140
Trd, 8639671.346, 140
Trd, 8639672.112, 140
Trd, 8639672.179, 140
Trd, 8639672.479, 140
Trd, 8639672.546, 140
Trd, 8639672.946, 140
Trd, 8639673.479, 139
Trd, 8639673.779, 139
Trd, 8639674.612, 140
Trd, 8639674.846, 140
Trd, 8639675.246, 140
Trd, 8639676.079, 140
Trd, 8639676.246, 140
Trd, 8639676.346, 140
Trd, 8639676.846, 134
Trd, 8639677.279, 140
Trd, 8639678.479, 62
Trd, 8639679.112, 60
Trd, 8639679.546, 60
Trd, 8639679.946, 60
Trd, 8639680.012, 60
Trd, 8639680.546, 61
Trd, 8639680.779, 61
Trd, 8639680.812, 62
Trd, 8639681.846, 60
Trd, 8639682.046, 65
Trd, 8639683.046, 79
Trd, 8639683.212, 139
Trd, 8639683.579, 140
Trd, 8639684.279, 78
Trd, 8639684.479, 79
Trd, 8639684.779, 78
Trd, 8639685.112, 78
Trd, 8639685.746, 77
Trd, 8639687.712, 140
Trd, 8639687.979, 140
Trd, 8639688.079, 140
Trd, 8639688.146, 140
Trd, 8639688.212, 140
Trd, 8639688.579, 140
Trd, 8639688.712, 140
Trd, 8639688.879, 140
Trd, 8639689.746, 140
Trd, 8639689.879, 140
Trd, 8639690.079, 140
Trd, 8639690.346, 140
Trd, 8639690.612, 139
Trd, 8639691.179, 140
Trd, 8639691.379, 137
Trd, 8639691.479, 108
Trd, 8639691.812, 140
Trd, 8639692.279, 93
Trd, 8639693.046, 77
Trd, 8639693.312, 60
Trd, 8639695.112, 140
Trd, 8639695.412, 140
Trd, 8639695.746, 140
Trd, 8639696.679, 140
Trd, 8639697.079, 140
Trd, 8639697.579, 140
Trd, 8639698.112, 140
Trd, 8639698.146, 139
Trd, 8639698.379, 136
Trd, 8639699.079, 138
Trd, 8639699.379, 140
Trd, 8639699.412, 140
Trd, 8639699.946, 140
Trd, 8639701.346, 135
Trd, 8639701.679, 130
Trd, 8639701.746, 128
Trd, 8639702.079, 128
Trd, 8639702.512, 127
Trd, 8639702.712, 126
Trd, 8639702.879, 113
Trd, 8639703.612, 125
Trd, 8639703.746, 126
Trd, 8639703.846, 101
Trd, 8639704.146, 136
Trd, 8639704.212, 90
Trd, 8639705.512, 102
Trd, 8639705.812, 135
Trd, 8639706.646, 115
Trd, 8639707.046, 115
Trd, 8639707.379, 112
Trd, 8639707.412, 131
Trd, 8639707.746, 103
Trd, 8639708.179, 102
Trd, 8639708.212, 101
Trd, 8639708.812, 107
Trd, 8639709.446, 93
Trd, 8639710.512, 140
Trd, 8639711.279, 140
Trd, 8639712.146, 140
Trd, 8639712.246, 140
Trd, 8639712.812, 140
Trd, 8639714.079, 140
Trd, 8639714.646, 140
Trd, 8639715.212, 140
Trd, 8639716.312, 140
Trd, 8639716.379, 140
Trd, 8639716.679, 140
Trd, 8639716.879, 140
Trd, 8639717.012, 140
Trd, 8639717.112, 140
Trd, 8639717.479, 140
Trd, 8639717.679, 140
Trd, 8639717.712, 140
Trd, 8639717.746, 139
Trd, 8639718.946, 139
Trd, 8639719.379, 140
Trd, 8639719.846, 138
Trd, 8639719.912, 137
Trd, 8639720.812, 128
Trd, 8639720.846, 139
Trd, 8639720.879, 127
Trd, 8639721.379, 125
Trd, 8639721.679, 138
Trd, 8639721.912, 139
Trd, 8639723.346, 124
Trd, 8639723.712, 126
Trd, 8639723.746, 122
Trd, 8639724.946, 130
Trd, 8639725.146, 130
Trd, 8639725.179, 112
Trd, 8639725.579, 139
Trd, 8639725.612, 126
Trd, 8639727.346, 140
Trd, 8639727.646, 140
Trd, 8639727.679, 140
Trd, 8639728.379, 140
Trd, 8639728.446, 140
Trd, 8639729.179, 140
Trd, 8639729.312, 140
Trd, 8639729.446, 140
Trd, 8639729.612, 140
Trd, 8639729.712, 140
Trd, 8639730.379, 139
Trd, 8639731.079, 138
Trd, 8639731.579, 140
Trd, 8639732.212, 140
Trd, 8639732.412, 140
Trd, 8639733.212, 140
Trd, 8639734.379, 140
Trd, 8639735.312, 140
Trd, 8639735.512, 140
Trd, 8639735.612, 140
Trd, 8639736.479, 140
Trd, 8639737.646, 140
Trd, 8639738.379, 140
Trd, 8639738.546, 140
Trd, 8639739.812, 140
Trd, 8639740.012, 140
Trd, 8639740.479, 140
Trd, 8639740.679, 140
Trd, 8639741.112, 140
Trd, 8639741.246, 140
Trd, 8639742.079, 140
Trd, 8639742.546, 140
Trd, 8639743.712, 140
Trd, 8639744.246, 140
Trd, 8639744.412, 140
Trd, 8639744.479, 140
Trd, 8639744.679, 140
Trd, 8639745.346, 140
Trd, 8639745.379, 140
Trd, 8639745.412, 140
Trd, 8639745.546, 140
Trd, 8639745.779, 138
Trd, 8639746.346, 140
Trd, 8639747.846, 140
Trd, 8639748.412, 140
Trd, 8639749.679, 140
Trd, 8639749.779, 140
Trd, 8639750.512, 140
Trd, 8639751.312, 140
Trd, 8639751.446, 140
Trd, 8639751.512, 140
Trd, 8639752.346, 140
Trd, 8639752.846, 140
Trd, 8639754.112, 140
Trd, 8639754.312, 140
Trd, 8639755.046, 140
Trd, 8639755.312, 140
Trd, 8639755.346, 140
Trd, 8639756.012, 140
Trd, 8639757.512, 140
Trd, 8639757.979, 140
Trd, 8639758.512, 140
Trd, 8639758.612, 140
Trd, 8639760.479, 140
Trd, 8639761.079, 140
Trd, 8639761.379, 140
Trd, 8639761.479, 140
Trd, 8639762.046, 140
Trd, 8639762.446, 140
Trd, 8639763.046, 140
Trd, 8639763.479, 140
Trd, 8639765.079, 140
Trd, 8639765.146, 140
Trd, 8639766.312, 140
Trd, 8639766.479, 140
Trd, 8639766.579, 140
Trd, 8639766.846, 140
Trd, 8639767.446, 140
Trd, 8639767.779, 140
Trd, 8639768.046, 140
Trd, 8639768.279, 140
Trd, 8639768.479, 140
Trd, 8639768.512, 140
Trd, 8639768.912, 140
Trd, 8639769.379, 140
Trd, 8639769.812, 140
Trd, 8639769.879, 140
Trd, 8639770.146, 140
Trd, 8639770.312, 138
Trd, 8639770.946, 140
Trd, 8639771.079, 139
Trd, 8639771.512, 124
Trd, 8639771.912, 139
Trd, 8639772.646, 125
Trd, 8639773.146, 126
Trd, 8639773.779, 127
Trd, 8639776.079, 140
Trd, 8639776.146, 140
Trd, 8639776.279, 140
Trd, 8639776.412, 140
Trd, 8639776.712, 140
Trd, 8639778.779, 140
Trd, 8639779.012, 140
Trd, 8639779.212, 140
Trd, 8639779.246, 140
Trd, 8639780.079, 140
Trd, 8639781.212, 140
Trd, 8639781.246, 140
Trd, 8639782.079, 140
Trd, 8639782.312, 140
Trd, 8639782.712, 140
Trd, 8639782.779, 140
Trd, 8639783.646, 140
Trd, 8639784.046, 140
Trd, 8639784.146, 140
Trd, 8639784.412, 139
Trd, 8639784.646, 140
Trd, 8639784.812, 140
Trd, 8639786.179, 140
Trd, 8639787.046, 140
Trd, 8639787.112, 140
Trd, 8639787.212, 140
Trd, 8639787.612, 140
Trd, 8639788.712, 140
Trd, 8639788.979, 140
Trd, 8639789.812, 140
Trd, 8639789.912, 140
Trd, 8639790.012, 140
Trd, 8639792.079, 140
Trd, 8639792.412, 140
Trd, 8639792.446, 140
Trd, 8639793.646, 140
Trd, 8639793.812, 140
Trd, 8639795.112, 140
Trd, 8639795.579, 140
Trd, 8639795.612, 140
Trd, 8639795.912, 139
Trd, 8639796.379, 140
Trd, 8639797.012, 140
Trd, 8639797.346, 140
Trd, 8639797.646, 140
Trd, 8639797.979, 140
Trd, 8639798.079, 140
Trd, 8639798.412, 140
Trd, 8639798.746, 140
Trd, 8639799.212, 140
Trd, 8639799.312, 140
Trd, 8639800.112, 108
Trd, 8639800.146, 107
Trd, 8639800.879, 140
Trd, 8639801.379, 140
Trd, 8639801.546, 140
Trd, 8639803.246, 140
Trd, 8639803.546, 140
Trd, 8639803.879, 140
Trd, 8639803.946, 140
Trd, 8639804.379, 140
Trd, 8639804.512, 140
Trd, 8639804.979, 140
Trd, 8639805.012, 139
Trd, 8639805.079, 138
Trd, 8639805.846, 124
Trd, 8639807.046, 140
Trd, 8639807.379, 140
Trd, 8639807.879, 140
Trd, 8639808.112, 138
Trd, 8639808.279, 113
Trd, 8639808.546, 112
Trd, 8639808.912, 110
Trd, 8639808.946, 135
Trd, 8639809.379, 134
Trd, 8639809.412, 135
Trd, 8639810.446, 140
Trd, 8639811.112, 140
Trd, 8639811.812, 140
Trd, 8639812.346, 140
Trd, 8639812.412, 140
Trd, 8639813.212, 140
Trd, 8639813.579, 140
Trd, 8639813.612, 140
Trd, 8639813.646, 140
Trd, 8639814.479, 138
Trd, 8639816.079, 140
Trd, 8639816.479, 140
Trd, 8639817.579, 140
Trd, 8639817.812, 140
Trd, 8639818.079, 140
Trd, 8639818.812, 140
Trd, 8639819.579, 140
Trd, 8639819.612, 140
Trd, 8639820.046, 140
Trd, 8639820.146, 140
Trd, 8639820.612, 140
Trd, 8639820.779, 139
Trd, 8639821.146, 136
Trd, 8639821.546, 140
Trd, 8639821.946, 139
Trd, 8639822.079, 117
Trd, 8639822.912, 119
Trd, 8639823.046, 118
Trd, 8639823.712, 98
Trd, 8639824.312, 96
Trd, 8639824.346, 129
Trd, 8639825.346, 129
Trd, 8639825.746, 85
Trd, 8639826.246, 61
Trd, 8639827.379, 60
Trd, 8639829.079, 60
Trd, 8639830.412, 60
Trd, 8639830.612, 60
Trd, 8639830.812, 60
Trd, 8639831.179, 60
Trd, 8639831.246, 63
Trd, 8639831.546, 64
Trd, 8639831.612, 64
Trd, 8639832.046, 66
Trd, 8639832.379, 132
Trd, 8639832.946, 138
Trd, 8639833.079, 139
Trd, 8639833.246, 66
Trd, 8639833.279, 65
Trd, 8639833.912, 61
Trd, 8639834.479, 61
Trd, 8639835.512, 63
Trd, 8639837.012, 61
Trd, 8639837.079, 75
Trd, 8639837.512, 60
Trd, 8639837.846, 61
Trd, 8639838.279, 64
Trd, 8639838.779, 76
Trd, 8639838.979, 77
Trd, 8639839.812, 106
Trd, 8639839.912, 106
Trd, 8639841.079, 132
Trd, 8639841.179, 111
Trd, 8639841.546, 113
Trd, 8639841.879, 114
Trd, 8639842.312, 114
Trd, 8639843.212, 140
Trd, 8639843.779, 140
Trd, 8639844.012, 140
Trd, 8639844.779, 140
Trd, 8639845.246, 140
Trd, 8639845.746, 140
Trd, 8639846.046, 140
Trd, 8639846.679, 140
Trd, 8639847.446, 140
Trd, 8639849.079, 140
Trd, 8639849.746, 140
Trd, 8639849.779, 140
Trd, 8639850.312, 140
Trd, 8639850.579, 140
Trd, 8639850.779, 140
Trd, 8639850.879, 140
Trd, 8639851.212, 140
Trd, 8639851.879, 140
Trd, 8639851.946, 140
Trd, 8639852.012, 140
Trd, 8639852.079, 113
Trd, 8639853.346, 119
Trd, 8639853.879, 123
Trd, 8639853.946, 119
Trd, 8639854.846, 139
Trd, 8639856.212, 140
Trd, 8639856.879, 140
Trd, 8639857.412, 140
Trd, 8639857.579, 140
Trd, 8639858.812, 140
Trd, 8639859.379, 140
Trd, 8639859.912, 140
Trd, 8639860.346, 140
Trd, 8639862.279, 140
Trd, 8639862.579, 140
Trd, 8639863.312, 140
Trd, 8639864.212, 140
Trd, 8639864.846, 140
Trd, 8639864.946, 140
Trd, 8639865.646, 140
Trd, 8639866.379, 140
Trd, 8639866.412, 140
Trd, 8639866.546, 140
Trd, 8639866.846, 140
Trd, 8639867.012, 140
Trd, 8639868.512, 140
Trd, 8639868.846, 140
Trd, 8639868.946, 140
Trd, 8639869.746, 140
Trd, 8639869.846, 140
Trd, 8639870.179, 140
Trd, 8639870.246, 140
Trd, 8639870.446, 140
Trd, 8639870.979, 140
Trd, 8639871.646, 140
Trd, 8639871.779, 140
Trd, 8639873.146, 140
Trd, 8639873.446, 140
Trd, 8639874.046, 140
Trd, 8639874.246, 140
Trd, 8639874.312, 140
Trd, 8639874.612, 140
Trd, 8639874.812, 140
Trd, 8639875.246, 140
Trd, 8639875.579, 140
Trd, 8639876.112, 140
Trd, 8639876.346, 140
Trd, 8639876.679, 140
Trd, 8639876.846, 139
Trd, 8639876.979, 109
Trd, 8639877.479, 139
Trd, 8639877.712, 109
Trd, 8639879.646, 60
Trd, 8639880.712, 60
Trd, 8639881.612, 60
Trd, 8639881.812, 60
Trd, 8639881.879, 60
Trd, 8639881.979, 64
Trd, 8639882.146, 69
Trd, 8639882.446, 65
Trd, 8639882.946, 124
Trd, 8639883.312, 66
Trd, 8639883.779, 121
Trd, 8639884.446, 71
Trd, 8639884.512, 125
Trd, 8639884.879, 85
Trd, 8639885.279, 71
Trd, 8639885.346, 70
Trd, 8639887.079, 61
Trd, 8639887.346, 62
Trd, 8639887.479, 63
Trd, 8639887.646, 60
Trd, 8639888.279, 61
Trd, 8639889.379, 60
Trd, 8639890.046, 60
Trd, 8639890.279, 63
Trd, 8639890.512, 60
Trd, 8639890.912, 64
Trd, 8639891.346, 67
Trd, 8639891.512, 66
Trd, 8639891.779, 62
Trd, 8639892.712, 61
Trd, 8639892.912, 60
Trd, 8639893.212, 61
Trd, 8639894.546, 61
Trd, 8639894.712, 60
Trd, 8639895.112, 65
Trd, 8639895.146, 66
Trd, 8639895.412, 62
Trd, 8639896.412, 116
Trd, 8639896.612, 71
Trd, 8639896.679, 69
Trd, 8639897.612, 117
Trd, 8639897.712, 71
Trd, 8639897.746, 119
Trd, 8639898.546, 139
Trd, 8639898.912, 87
Trd, 8639899.112, 75
Trd, 8639899.512, 108
Trd, 8639900.679, 85
Trd, 8639901.212, 140
Trd, 8639901.312, 84
Trd, 8639901.712, 84
Trd, 8639902.679, 139
Trd, 8639903.679, 140
Trd, 8639904.012, 140
Trd, 8639904.846, 140
Trd, 8639905.479, 140
Trd, 8639905.912, 140
Trd, 8639906.046, 140
Trd, 8639906.712, 140
Trd, 8639906.779, 140
Trd, 8639906.846, 139
Trd, 8639906.879, 139
Trd, 8639907.912, 139
Trd, 8639909.579, 140
Trd, 8639910.079, 140
Trd, 8639910.679, 140
Trd, 8639910.779, 140
Trd, 8639911.179, 140
Trd, 8639911.312, 140
Trd, 8639911.646, 140
Trd, 8639911.946, 140
Trd, 8639912.346, 140
Trd, 8639912.379, 140
Trd, 8639912.779, 140
Trd, 8639913.479, 140
Trd, 8639913.779, 140
Trd, 8639914.179, 140
Trd, 8639915.179, 140
Trd, 8639915.846, 140
Trd, 8639915.979, 140
Trd, 8639916.079, 140
Trd, 8639916.812, 140
Trd, 8639917.712, 140
Trd, 8639917.779, 140
Trd, 8639917.812, 140
Trd, 8639918.879, 140
Trd, 8639919.012, 140
Trd, 8639920.646, 140
Trd, 8639921.279, 140
Trd, 8639921.379, 140
Trd, 8639921.546, 140
Trd, 8639921.612, 140
Trd, 8639922.112, 140
Trd, 8639922.479, 140
Trd, 8639923.112, 140
Trd, 8639923.146, 140
Trd, 8639923.679, 139
Trd, 8639924.812, 140
Trd, 8639925.046, 140
Trd, 8639925.546, 140
Trd, 8639927.612, 140
Trd, 8639927.712, 140
Trd, 8639927.879, 140
Trd, 8639927.946, 140
Trd, 8639928.012, 140
Trd, 8639928.912, 140
Trd, 8639928.946, 140
Trd, 8639929.279, 140
Trd, 8639929.312, 140
Trd, 8639929.446, 139
Trd, 8639929.712, 140
Trd, 8639930.246, 139
Trd, 8639930.646, 140
Trd, 8639930.746, 140
Trd, 8639931.512, 140
Trd, 8639932.046, 140
Trd, 8639932.512, 140
Trd, 8639933.479, 140
Trd, 8639933.546, 140
Trd, 8639933.712, 140
Trd, 8639933.746, 140
Trd, 8639933.846, 140
Trd, 8639933.946, 140
Trd, 8639934.179, 140
Trd, 8639935.046, 109
Trd, 8639935.179, 138
Trd, 8639935.879, 61
Trd, 8639937.079, 140
Trd, 8639937.646, 140
Trd, 8639938.046, 140
Trd, 8639938.379, 140
Trd, 8639938.946, 140
Trd, 8639939.312, 140
Trd, 8639939.679, 140
Trd, 8639939.712, 140
Trd, 8639939.846, 140
Trd, 8639939.879, 140
Trd, 8639939.912, 139
Trd, 8639941.212, 140
Trd, 8639942.346, 140
Trd, 8639942.546, 140
Trd, 8639942.579, 140
Trd, 8639942.846, 140
Trd, 8639943.112, 139
Trd, 8639943.579, 140
Trd, 8639944.712, 140
Trd, 8639944.879, 140
Trd, 8639945.946, 140
Trd, 8639946.446, 140
Trd, 8639946.646, 140
Trd, 8639947.079, 140
Trd, 8639947.179, 140
Trd, 8639947.812, 140
Trd, 8639948.112, 140
Trd, 8639948.279, 140
Trd, 8639948.346, 140
Trd, 8639948.546, 140
Trd, 8639948.646, 138
Trd, 8639950.046, 119
Trd, 8639950.946, 121
Trd, 8639951.679, 104
Trd, 8639951.946, 125
Trd, 8639952.312, 104
Trd, 8639952.346, 126
Trd, 8639952.779, 129
Trd, 8639952.879, 91
Trd, 8639953.512, 82
Trd, 8639954.046, 63
Trd, 8639954.779, 63
Trd, 8639957.112, 60
Trd, 8639957.179, 60
Trd, 8639957.212, 61
Trd, 8639957.379, 73
Trd, 8639957.612, 64
Trd, 8639957.946, 75
Trd, 8639958.446, 64
Trd, 8639958.712, 73
Trd, 8639959.112, 96
Trd, 8639959.646, 97
Trd, 8639959.879, 76
Trd, 8639959.979, 98
Trd, 8639960.446, 122
Trd, 8639960.512, 123
Trd, 8639960.712, 80
Trd, 8639961.146, 140
Trd, 8639961.679, 127
Trd, 8639961.746, 101
Trd, 8639962.412, 140
Trd, 8639963.779, 140
Trd, 8639964.246, 140
Trd, 8639964.412, 140
Trd, 8639964.479, 140
Trd, 8639964.879, 140
Trd, 8639965.012, 140
Trd, 8639965.212, 140
Trd, 8639966.046, 140
Trd, 8639966.612, 140
Trd, 8639966.746, 139
Trd, 8639967.712, 140
Trd, 8639967.912, 140
Trd, 8639968.346, 140
Trd, 8639968.512, 140
Trd, 8639970.079, 140
Trd, 8639970.846, 140
Trd, 8639971.912, 140
Trd, 8639972.712, 140
Trd, 8639973.512, 140
Trd, 8639974.146, 140
Trd, 8639974.379, 140
Trd, 8639974.412, 140
Trd, 8639975.379, 140
Trd, 8639976.412, 140
Trd, 8639977.279, 140
Trd, 8639978.112, 140
Trd, 8639978.379, 140
Trd, 8639978.579, 140
Trd, 8639978.646, 140
Trd, 8639979.512, 140
Trd, 8639979.846, 140
Trd, 8639980.079, 140
Trd, 8639980.579, 140
Trd, 8639980.679, 140
Trd, 8639980.779, 140
Trd, 8639980.812, 140
Trd, 8639980.912, 133
Trd, 8639981.179, 138
Trd, 8639982.046, 139
Trd, 8639982.546, 140
Trd, 8639982.912, 126
Trd, 8639983.212, 126
Trd, 8639983.879, 140
Trd, 8639984.746, 140
Trd, 8639984.812, 140
Trd, 8639985.846, 140
Trd, 8639985.946, 140
Trd, 8639986.646, 140
Trd, 8639986.946, 140
Trd, 8639987.212, 140
Trd, 8639987.812, 140
Trd, 8639988.512, 140
Trd, 8639988.946, 140
Trd, 8639989.279, 140
Trd, 8639989.612, 140
Trd, 8639990.679, 140
Trd, 8639991.812, 140
Trd, 8639992.279, 140
Trd, 8639992.846, 140
Trd, 8639992.946, 140
Trd, 8639993.012, 140
Trd, 8639994.046, 140
Trd, 8639995.046, 140
Trd, 8639995.379, 140
Trd, 8639995.812, 140
Trd, 8639995.946, 140
Trd, 8639996.246, 140
Trd, 8639996.279, 140
Trd, 8639997.412, 140
Trd, 8639997.679, 140
Trd, 8639998.179, 140
Trd, 8639998.879, 140
Trd, 8639999.179, 140
Trd, 8639999.279, 140
Trd, 8639999.512, 140
Trd, 8639999.579, 140
Trd, 8639999.646, 132
