Trd, 8638728.046, 119
Trd, 8638728.546, 117
Trd, 8638729.812, 112
Trd, 8638730.212, 100
Trd, 8638730.712, 97
Trd, 8638731.012, 106
Trd, 8638731.112, 118
Trd, 8638731.546, 96
Trd, 8638732.246, 124
Trd, 8638732.612, 118
Trd, 8638732.912, 101
Trd, 8638733.746, 101
Trd, 8638734.279, 117
Trd, 8638735.079, 110
Trd, 8638735.546, 109
Trd, 8638737.579, 115
Trd, 8638738.279, 123
Trd, 8638738.512, 117
Trd, 8638738.546, 113
Trd, 8638738.812, 89
Trd, 8638738.946, 122
Trd, 8638739.346, 138
Trd, 8638740.546, 114
Trd, 8638740.712, 103
Trd, 8638741.712, 109
Trd, 8638741.879, 105
Trd, 8638742.446, 128
Trd, 8638742.879, 116
Trd, 8638743.046, 104
Trd, 8638743.079, 98
Trd, 8638743.746, 91
Trd, 8638744.212, 115
Trd, 8638745.012, 110
Trd, 8638745.246, 100
Trd, 8638745.579, 113
Trd, 8638745.712, 109
Trd, 8638746.246, 108
Trd, 8638746.546, 139
Trd, 8638747.179, 94
Trd, 8638747.912, 87
Trd, 8638748.379, 87
Trd, 8638748.746, 101
Trd, 8638749.679, 111
Trd, 8638750.179, 139
Trd, 8638750.979, 115
Trd, 8638751.046, 109
Trd, 8638751.446, 98
Trd, 8638751.979, 94
Trd, 8638752.112, 94
Trd, 8638752.646, 101
Trd, 8638753.246, 135
Trd, 8638753.479, 91
Trd, 8638755.112, 97
Trd, 8638755.179, 112
Trd, 8638755.612, 137
Trd, 8638756.412, 118
Trd, 8638756.479, 109
Trd, 8638757.212, 109
Trd, 8638758.279, 122
Trd, 8638759.012, 100
Trd, 8638759.346, 97
Trd, 8638759.412, 93
Trd, 8638759.912, 89
Trd, 8638760.379, 78
Trd, 8638761.446, 88
Trd, 8638761.479, 116
Trd, 8638761.712, 85
Trd, 8638763.912, 92
Trd, 8638764.146, 88
Trd, 8638764.279, 85
Trd, 8638764.512, 81
Trd, 8638764.912, 75
Trd, 8638765.046, 75
Trd, 8638765.946, 128
Trd, 8638766.179, 112
Trd, 8638767.312, 118
Trd, 8638767.546, 115
Trd, 8638767.979, 117
Trd, 8638768.212, 103
Trd, 8638768.946, 102
Trd, 8638770.646, 115
Trd, 8638770.879, 101
Trd, 8638772.946, 110
Trd, 8638773.312, 104
Trd, 8638773.446, 95
Trd, 8638773.579, 121
Trd, 8638773.612, 94
Trd, 8638773.812, 94
Trd, 8638774.446, 119
Trd, 8638774.879, 108
Trd, 8638775.079, 124
Trd, 8638775.979, 130
Trd, 8638776.379, 99
Trd, 8638776.546, 98
Trd, 8638777.546, 119
Trd, 8638779.946, 102
Trd, 8638780.079, 94
Trd, 8638781.112, 113
Trd, 8638781.146, 105
Trd, 8638781.346, 90
Trd, 8638782.512, 115
Trd, 8638782.712, 129
Trd, 8638782.746, 106
Trd, 8638783.946, 94
Trd, 8638784.212, 97
Trd, 8638784.946, 91
Trd, 8638785.546, 93
Trd, 8638786.546, 103
Trd, 8638787.012, 95
Trd, 8638787.646, 92
Trd, 8638787.912, 102
Trd, 8638788.146, 94
Trd, 8638788.446, 93
Trd, 8638788.546, 89
Trd, 8638788.579, 83
Trd, 8638789.246, 117
Trd, 8638789.979, 111
Trd, 8638790.646, 113
Trd, 8638790.746, 99
Trd, 8638791.679, 132
Trd, 8638792.012, 121
Trd, 8638792.512, 120
Trd, 8638792.746, 96
Trd, 8638793.279, 134
Trd, 8638793.412, 126
Trd, 8638793.612, 101
Trd, 8638794.079, 116
Trd, 8638795.246, 125
Trd, 8638795.646, 123
Trd, 8638795.846, 105
Trd, 8638796.012, 96
Trd, 8638797.379, 105
Trd, 8638798.579, 97
Trd, 8638799.412, 103
Trd, 8638799.712, 119
Trd, 8638800.012, 134
Trd, 8638800.179, 114
Trd, 8638800.946, 86
Trd, 8638801.179, 103
Trd, 8638801.879, 130
Trd, 8638802.279, 108
Trd, 8638803.046, 101
Trd, 8638803.846, 109
Trd, 8638804.579, 99
Trd, 8638804.979, 89
Trd, 8638805.246, 86
Trd, 8638806.546, 131
Trd, 8638806.612, 110
Trd, 8638806.946, 121
Trd, 8638807.012, 112
Trd, 8638808.246, 123
Trd, 8638808.712, 124
Trd, 8638809.046, 113
Trd, 8638809.646, 106
Trd, 8638810.512, 101
Trd, 8638810.879, 85
Trd, 8638811.346, 132
Trd, 8638811.612, 118
Trd, 8638812.146, 94
Trd, 8638812.379, 114
Trd, 8638812.446, 91
Trd, 8638813.446, 89
Trd, 8638815.246, 87
Trd, 8638815.612, 82
Trd, 8638816.012, 89
Trd, 8638816.479, 98
Trd, 8638816.646, 109
Trd, 8638818.346, 105
Trd, 8638818.912, 107
Trd, 8638819.112, 92
Trd, 8638819.546, 115
Trd, 8638820.746, 126
Trd, 8638821.346, 132
Trd, 8638821.779, 113
Trd, 8638822.046, 110
Trd, 8638822.346, 107
Trd, 8638823.312, 104
Trd, 8638823.579, 133
Trd, 8638823.612, 115
Trd, 8638823.846, 91
Trd, 8638824.246, 99
Trd, 8638824.579, 87
Trd, 8638825.546, 88
Trd, 8638825.879, 78
Trd, 8638826.179, 94
Trd, 8638828.546, 127
Trd, 8638829.012, 139
Trd, 8638829.179, 124
Trd, 8638830.079, 113
Trd, 8638830.712, 110
Trd, 8638831.379, 101
Trd, 8638832.279, 125
Trd, 8638832.346, 120
Trd, 8638832.446, 117
Trd, 8638833.079, 121
Trd, 8638834.612, 109
Trd, 8638835.079, 101
Trd, 8638835.379, 99
Trd, 8638836.579, 95
Trd, 8638836.879, 84
Trd, 8638837.079, 104
Trd, 8638838.279, 117
Trd, 8638838.912, 108
Trd, 8638838.979, 101
Trd, 8638839.346, 84
Trd, 8638839.979, 119
Trd, 8638842.079, 131
Trd, 8638842.679, 111
Trd, 8638842.879, 105
Trd, 8638843.179, 94
Trd, 8638844.346, 128
Trd, 8638844.479, 116
Trd, 8638844.512, 113
Trd, 8638844.612, 101
Trd, 8638845.212, 123
Trd, 8638845.646, 112
Trd, 8638846.879, 132
Trd, 8638847.646, 119
Trd, 8638848.412, 140
Trd, 8638848.946, 122
Trd, 8638849.179, 117
Trd, 8638849.612, 115
Trd, 8638849.679, 107
Trd, 8638850.579, 90
Trd, 8638850.979, 82
Trd, 8638851.046, 89
Trd, 8638851.212, 95
Trd, 8638851.912, 126
Trd, 8638852.012, 101
Trd, 8638852.279, 140
Trd, 8638852.779, 91
Trd, 8638853.046, 121
Trd, 8638854.179, 108
Trd, 8638854.312, 102
Trd, 8638854.846, 99
Trd, 8638856.046, 105
Trd, 8638857.246, 120
Trd, 8638857.479, 113
Trd, 8638857.946, 96
Trd, 8638859.079, 122
Trd, 8638859.246, 92
Trd, 8638859.346, 81
Trd, 8638859.479, 80
Trd, 8638859.612, 76
Trd, 8638859.979, 129
Trd, 8638860.112, 111
Trd, 8638860.812, 139
Trd, 8638861.146, 122
Trd, 8638861.279, 114
Trd, 8638861.846, 140
Trd, 8638864.179, 99
Trd, 8638864.379, 132
Trd, 8638864.446, 92
Trd, 8638864.479, 87
Trd, 8638865.479, 129
Trd, 8638866.312, 121
Trd, 8638866.479, 120
Trd, 8638867.446, 106
Trd, 8638867.612, 102
Trd, 8638867.912, 100
Trd, 8638868.279, 114
Trd, 8638868.912, 108
Trd, 8638869.612, 116
Trd, 8638870.146, 101
Trd, 8638870.212, 100
Trd, 8638870.279, 98
Trd, 8638870.979, 82
Trd, 8638871.479, 136
Trd, 8638872.079, 117
Trd, 8638872.546, 84
Trd, 8638873.646, 130
Trd, 8638874.479, 128
Trd, 8638875.746, 108
Trd, 8638876.012, 104
Trd, 8638876.712, 103
Trd, 8638877.046, 111
Trd, 8638877.146, 108
Trd, 8638878.346, 139
Trd, 8638878.512, 102
Trd, 8638879.179, 116
Trd, 8638879.879, 113
Trd, 8638879.912, 99
Trd, 8638880.646, 101
Trd, 8638881.579, 92
Trd, 8638883.246, 136
Trd, 8638883.579, 117
Trd, 8638883.746, 116
Trd, 8638883.812, 112
Trd, 8638883.912, 107
Trd, 8638884.079, 124
Trd, 8638884.179, 108
Trd, 8638885.379, 109
Trd, 8638885.446, 104
Trd, 8638885.479, 103
Trd, 8638885.879, 85
Trd, 8638886.046, 101
Trd, 8638886.079, 78
Trd, 8638887.179, 138
Trd, 8638888.012, 132
Trd, 8638888.546, 120
Trd, 8638889.112, 134
Trd, 8638890.179, 124
Trd, 8638890.446, 112
Trd, 8638890.479, 110
Trd, 8638890.912, 126
Trd, 8638891.879, 110
Trd, 8638892.012, 94
Trd, 8638892.246, 92
Trd, 8638892.646, 116
Trd, 8638892.946, 136
Trd, 8638893.479, 125
Trd, 8638893.979, 108
Trd, 8638894.112, 119
Trd, 8638896.479, 111
Trd, 8638896.846, 129
Trd, 8638896.912, 114
Trd, 8638897.746, 113
Trd, 8638899.812, 108
Trd, 8638900.412, 119
Trd, 8638900.579, 111
Trd, 8638901.279, 116
Trd, 8638901.612, 109
Trd, 8638901.812, 100
Trd, 8638902.079, 109
Trd, 8638902.112, 133
Trd, 8638902.379, 105
Trd, 8638902.812, 106
Trd, 8638902.879, 114
Trd, 8638903.146, 100
Trd, 8638904.146, 92
Trd, 8638905.179, 90
Trd, 8638905.379, 78
Trd, 8638905.479, 67
Trd, 8638906.112, 68
Trd, 8638906.146, 77
Trd, 8638906.946, 122
Trd, 8638908.679, 113
Trd, 8638909.179, 83
Trd, 8638909.312, 81
Trd, 8638909.846, 76
Trd, 8638910.012, 83
Trd, 8638910.712, 105
Trd, 8638911.112, 92
Trd, 8638911.846, 123
Trd, 8638912.812, 108
Trd, 8638913.679, 125
Trd, 8638913.879, 100
Trd, 8638914.279, 100
Trd, 8638914.879, 107
Trd, 8638915.246, 104
Trd, 8638915.546, 100
Trd, 8638916.479, 133
Trd, 8638916.912, 105
Trd, 8638917.679, 129
Trd, 8638917.979, 122
Trd, 8638918.246, 106
Trd, 8638918.479, 94
Trd, 8638919.412, 121
Trd, 8638919.812, 99
Trd, 8638919.912, 123
Trd, 8638920.312, 110
Trd, 8638920.346, 97
Trd, 8638921.179, 89
Trd, 8638921.346, 81
Trd, 8638921.812, 78
Trd, 8638922.746, 114
Trd, 8638923.012, 113
Trd, 8638923.046, 112
Trd, 8638923.312, 107
Trd, 8638923.446, 95
Trd, 8638924.312, 108
Trd, 8638924.646, 87
Trd, 8638926.379, 90
Trd, 8638926.612, 101
Trd, 8638926.746, 135
Trd, 8638928.279, 93
Trd, 8638928.612, 103
Trd, 8638929.579, 93
Trd, 8638930.112, 107
Trd, 8638930.812, 97
Trd, 8638931.046, 88
Trd, 8638931.779, 132
Trd, 8638932.379, 121
Trd, 8638932.912, 112
Trd, 8638933.112, 110
Trd, 8638933.779, 126
Trd, 8638934.079, 120
Trd, 8638934.479, 101
Trd, 8638935.379, 92
Trd, 8638936.012, 99
Trd, 8638936.079, 91
Trd, 8638936.646, 114
Trd, 8638936.746, 93
Trd, 8638937.446, 95
Trd, 8638937.979, 124
Trd, 8638939.279, 109
Trd, 8638939.312, 103
Trd, 8638939.646, 105
Trd, 8638940.212, 107
Trd, 8638940.746, 133
Trd, 8638941.112, 138
Trd, 8638941.912, 122
Trd, 8638941.946, 102
Trd, 8638942.646, 87
Trd, 8638943.112, 136
Trd, 8638943.746, 113
Trd, 8638944.346, 110
Trd, 8638944.579, 119
Trd, 8638945.279, 101
Trd, 8638945.346, 96
Trd, 8638945.912, 104
Trd, 8638946.046, 85
Trd, 8638946.846, 102
Trd, 8638947.546, 73
Trd, 8638948.479, 80
Trd, 8638948.779, 107
Trd, 8638949.079, 105
Trd, 8638949.479, 106
Trd, 8638949.646, 93
Trd, 8638950.379, 87
Trd, 8638951.046, 90
Trd, 8638951.446, 97
Trd, 8638952.079, 107
Trd, 8638953.379, 118
Trd, 8638953.846, 106
Trd, 8638953.979, 105
Trd, 8638954.079, 104
Trd, 8638954.746, 120
Trd, 8638955.212, 109
Trd, 8638955.812, 110
Trd, 8638956.212, 119
Trd, 8638956.412, 109
Trd, 8638956.779, 111
Trd, 8638957.746, 114
Trd, 8638958.112, 113
Trd, 8638958.146, 113
Trd, 8638958.779, 120
Trd, 8638959.112, 106
Trd, 8638959.346, 103
Trd, 8638959.412, 100
Trd, 8638959.479, 98
Trd, 8638959.679, 96
Trd, 8638960.046, 96
Trd, 8638961.512, 113
Trd, 8638961.579, 102
Trd, 8638961.646, 99
Trd, 8638962.146, 135
Trd, 8638962.512, 77
Trd, 8638963.246, 74
Trd, 8638963.512, 78
Trd, 8638964.479, 79
Trd, 8638966.046, 138
Trd, 8638966.812, 140
Trd, 8638967.079, 134
Trd, 8638967.312, 126
Trd, 8638967.512, 117
Trd, 8638969.446, 135
Trd, 8638969.746, 127
Trd, 8638970.379, 132
Trd, 8638971.179, 125
Trd, 8638972.279, 106
Trd, 8638972.512, 103
Trd, 8638973.046, 93
Trd, 8638973.779, 96
Trd, 8638974.812, 103
Trd, 8638974.979, 109
Trd, 8638975.612, 138
Trd, 8638975.846, 136
Trd, 8638976.446, 131
Trd, 8638976.812, 119
Trd, 8638976.979, 110
Trd, 8638977.512, 102
Trd, 8638977.979, 109
Trd, 8638978.046, 107
Trd, 8638978.779, 100
Trd, 8638978.846, 95
Trd, 8638979.179, 94
Trd, 8638979.346, 92
Trd, 8638979.446, 83
Trd, 8638979.946, 90
Trd, 8638980.246, 132
Trd, 8638981.412, 117
Trd, 8638982.112, 128
Trd, 8638982.779, 105
Trd, 8638983.079, 112
Trd, 8638983.346, 101
Trd, 8638985.846, 91
Trd, 8638986.912, 127
Trd, 8638987.079, 122
Trd, 8638987.512, 117
Trd, 8638987.546, 112
Trd, 8638987.812, 108
Trd, 8638988.212, 110
Trd, 8638988.912, 101
Trd, 8638989.379, 137
Trd, 8638990.046, 125
Trd, 8638990.446, 118
Trd, 8638990.846, 122
Trd, 8638990.979, 103
Trd, 8638991.079, 99
Trd, 8638991.579, 115
Trd, 8638991.779, 121
Trd, 8638992.279, 96
Trd, 8638992.379, 90
Trd, 8638992.479, 74
Trd, 8638992.612, 133
Trd, 8638993.612, 99
Trd, 8638994.412, 91
Trd, 8638996.079, 102
Trd, 8638996.446, 115
Trd, 8638996.879, 121
Trd, 8638996.979, 111
Trd, 8638997.012, 84
Trd, 8638998.046, 70
Trd, 8638998.479, 104
Trd, 8638998.646, 102
Trd, 8638999.179, 112
Trd, 8638999.546, 120
Trd, 8638999.712, 104
Trd, 8639000.446, 125
Trd, 8639001.246, 132
Trd, 8639001.779, 116
Trd, 8639003.146, 119
Trd, 8639003.679, 110
Trd, 8639004.079, 101
Trd, 8639004.946, 95
Trd, 8639004.979, 102
Trd, 8639005.246, 80
Trd, 8639005.879, 119
Trd, 8639007.112, 88
Trd, 8639007.879, 140
Trd, 8639008.546, 117
Trd, 8639009.279, 111
Trd, 8639009.446, 104
Trd, 8639009.879, 115
Trd, 8639010.379, 117
Trd, 8639010.746, 92
Trd, 8639010.846, 87
Trd, 8639010.946, 99
Trd, 8639012.312, 139
Trd, 8639012.546, 131
Trd, 8639013.112, 123
Trd, 8639013.912, 102
Trd, 8639014.112, 100
Trd, 8639015.046, 88
Trd, 8639015.379, 98
Trd, 8639016.112, 106
Trd, 8639016.846, 97
Trd, 8639016.912, 117
Trd, 8639017.012, 90
Trd, 8639017.512, 106
Trd, 8639017.579, 105
Trd, 8639018.446, 87
Trd, 8639018.546, 87
Trd, 8639018.946, 115
Trd, 8639019.246, 113
Trd, 8639020.512, 97
Trd, 8639020.579, 116
Trd, 8639021.546, 108
Trd, 8639021.979, 87
Trd, 8639022.279, 111
Trd, 8639022.646, 106
Trd, 8639023.112, 101
Trd, 8639024.679, 123
Trd, 8639024.712, 99
Trd, 8639026.079, 134
Trd, 8639026.479, 120
Trd, 8639026.512, 114
Trd, 8639026.546, 107
Trd, 8639027.146, 128
Trd, 8639027.946, 84
Trd, 8639029.279, 97
Trd, 8639029.379, 116
Trd, 8639029.612, 91
Trd, 8639029.712, 104
Trd, 8639029.746, 119
Trd, 8639029.979, 126
Trd, 8639030.079, 86
Trd, 8639030.612, 85
Trd, 8639031.146, 95
Trd, 8639032.279, 85
Trd, 8639033.679, 81
Trd, 8639034.179, 77
Trd, 8639034.512, 84
Trd, 8639034.912, 95
Trd, 8639035.279, 93
Trd, 8639035.412, 91
Trd, 8639035.446, 99
Trd, 8639035.779, 91
Trd, 8639036.379, 105
Trd, 8639036.779, 103
Trd, 8639036.979, 94
Trd, 8639037.379, 107
Trd, 8639038.046, 109
Trd, 8639038.146, 104
Trd, 8639038.746, 127
Trd, 8639040.012, 121
Trd, 8639040.112, 97
Trd, 8639040.446, 94
Trd, 8639040.812, 126
Trd, 8639041.446, 121
Trd, 8639042.012, 122
Trd, 8639042.146, 111
Trd, 8639042.479, 88
Trd, 8639042.712, 90
Trd, 8639043.012, 102
Trd, 8639043.546, 85
Trd, 8639044.546, 95
Trd, 8639045.812, 138
Trd, 8639046.246, 123
Trd, 8639046.412, 120
Trd, 8639047.212, 112
Trd, 8639047.279, 108
Trd, 8639049.646, 133
Trd, 8639049.912, 118
Trd, 8639050.946, 104
Trd, 8639051.046, 94
Trd, 8639051.079, 93
Trd, 8639051.146, 115
Trd, 8639051.512, 139
Trd, 8639052.112, 96
Trd, 8639052.312, 96
Trd, 8639052.979, 88
Trd, 8639053.112, 87
Trd, 8639053.546, 84
Trd, 8639053.979, 103
Trd, 8639054.246, 81
Trd, 8639054.446, 77
Trd, 8639054.546, 72
Trd, 8639055.112, 128
Trd, 8639055.279, 83
Trd, 8639055.512, 74
Trd, 8639056.912, 130
Trd, 8639057.012, 107
Trd, 8639058.379, 110
Trd, 8639059.112, 97
Trd, 8639059.946, 129
Trd, 8639060.146, 129
Trd, 8639060.212, 125
Trd, 8639060.412, 124
Trd, 8639060.646, 115
Trd, 8639060.712, 111
Trd, 8639060.846, 110
Trd, 8639061.512, 108
Trd, 8639062.046, 140
Trd, 8639063.179, 100
Trd, 8639063.712, 100
Trd, 8639064.146, 94
Trd, 8639064.612, 95
Trd, 8639064.712, 107
Trd, 8639066.412, 97
Trd, 8639066.446, 119
Trd, 8639066.712, 120
Trd, 8639067.679, 100
Trd, 8639068.812, 111
Trd, 8639068.879, 100
Trd, 8639069.379, 133
Trd, 8639069.846, 99
Trd, 8639070.112, 94
Trd, 8639070.246, 92
Trd, 8639070.746, 124
Trd, 8639071.912, 79
Trd, 8639073.579, 102
Trd, 8639073.746, 82
Trd, 8639074.012, 82
Trd, 8639074.679, 84
Trd, 8639074.912, 72
Trd, 8639075.346, 109
Trd, 8639076.212, 139
Trd, 8639076.646, 129
Trd, 8639076.779, 122
Trd, 8639077.412, 98
Trd, 8639078.512, 115
Trd, 8639078.579, 90
Trd, 8639078.646, 84
Trd, 8639079.212, 80
Trd, 8639079.912, 118
Trd, 8639081.479, 114
Trd, 8639081.846, 113
Trd, 8639082.512, 124
Trd, 8639083.012, 112
Trd, 8639083.079, 107
Trd, 8639083.679, 129
Trd, 8639083.879, 114
Trd, 8639085.879, 132
Trd, 8639085.912, 117
Trd, 8639086.146, 107
Trd, 8639086.479, 125
Trd, 8639086.746, 95
Trd, 8639087.046, 99
Trd, 8639087.279, 95
Trd, 8639087.946, 123
Trd, 8639088.646, 120
Trd, 8639088.679, 109
Trd, 8639090.046, 131
Trd, 8639090.179, 125
Trd, 8639090.546, 107
Trd, 8639090.646, 104
Trd, 8639091.046, 100
Trd, 8639092.446, 123
Trd, 8639092.879, 119
Trd, 8639093.546, 131
Trd, 8639094.079, 127
Trd, 8639094.112, 117
Trd, 8639094.912, 114
Trd, 8639095.312, 125
Trd, 8639095.912, 117
Trd, 8639096.279, 101
Trd, 8639096.546, 136
Trd, 8639097.346, 139
Trd, 8639097.379, 131
Trd, 8639098.179, 128
Trd, 8639098.712, 121
Trd, 8639099.212, 120
Trd, 8639099.479, 135
Trd, 8639099.546, 130
Trd, 8639101.546, 128
Trd, 8639101.612, 121
Trd, 8639102.779, 118
Trd, 8639102.879, 115
Trd, 8639104.146, 109
Trd, 8639105.212, 118
Trd, 8639106.512, 137
Trd, 8639106.712, 127
Trd, 8639107.812, 117
Trd, 8639107.879, 113
Trd, 8639108.079, 111
Trd, 8639108.379, 114
Trd, 8639108.579, 129
Trd, 8639109.146, 108
Trd, 8639109.612, 105
Trd, 8639110.312, 111
Trd, 8639110.812, 103
Trd, 8639111.046, 98
Trd, 8639111.279, 98
Trd, 8639111.746, 99
Trd, 8639111.979, 98
Trd, 8639112.079, 93
Trd, 8639112.546, 129
Trd, 8639112.912, 120
Trd, 8639113.412, 109
Trd, 8639114.479, 66
Trd, 8639117.079, 122
Trd, 8639117.379, 110
Trd, 8639118.179, 122
Trd, 8639118.679, 109
Trd, 8639119.212, 116
Trd, 8639119.712, 108
Trd, 8639119.912, 122
Trd, 8639120.112, 107
Trd, 8639120.179, 103
Trd, 8639120.779, 126
Trd, 8639121.479, 130
Trd, 8639122.379, 106
Trd, 8639122.546, 106
Trd, 8639122.812, 103
Trd, 8639123.179, 103
Trd, 8639123.346, 101
Trd, 8639123.746, 131
Trd, 8639124.679, 121
Trd, 8639125.246, 99
Trd, 8639125.579, 93
Trd, 8639125.979, 79
Trd, 8639127.079, 107
Trd, 8639127.679, 108
Trd, 8639128.046, 94
Trd, 8639128.612, 112
Trd, 8639128.679, 93
Trd, 8639129.846, 121
Trd, 8639130.379, 106
Trd, 8639130.546, 93
Trd, 8639130.679, 85
Trd, 8639132.046, 105
Trd, 8639132.579, 98
Trd, 8639132.679, 96
Trd, 8639134.212, 131
Trd, 8639134.512, 123
Trd, 8639134.546, 99
Trd, 8639135.479, 108
Trd, 8639135.546, 103
Trd, 8639135.612, 77
Trd, 8639136.179, 118
Trd, 8639136.546, 133
Trd, 8639136.646, 104
Trd, 8639138.379, 91
Trd, 8639138.879, 104
Trd, 8639139.679, 73
Trd, 8639139.779, 75
Trd, 8639140.546, 96
Trd, 8639141.112, 110
Trd, 8639141.212, 91
Trd, 8639141.846, 118
Trd, 8639142.079, 121
Trd, 8639142.512, 84
Trd, 8639142.612, 83
Trd, 8639144.079, 108
Trd, 8639144.312, 117
Trd, 8639144.846, 113
Trd, 8639145.246, 104
Trd, 8639146.046, 97
Trd, 8639146.279, 112
Trd, 8639146.646, 97
Trd, 8639146.746, 95
Trd, 8639147.112, 119
Trd, 8639147.546, 118
Trd, 8639148.279, 101
Trd, 8639148.379, 120
Trd, 8639148.712, 119
Trd, 8639149.112, 112
Trd, 8639149.412, 90
Trd, 8639149.979, 96
Trd, 8639150.246, 94
Trd, 8639150.979, 137
Trd, 8639151.212, 134
Trd, 8639152.379, 112
Trd, 8639152.646, 102
Trd, 8639152.946, 130
Trd, 8639153.046, 93
Trd, 8639153.746, 91
Trd, 8639153.846, 76
Trd, 8639155.179, 97
Trd, 8639155.746, 122
Trd, 8639155.846, 108
Trd, 8639157.846, 134
Trd, 8639158.646, 108
Trd, 8639158.746, 115
Trd, 8639159.012, 107
Trd, 8639159.779, 102
Trd, 8639159.846, 103
Trd, 8639160.579, 93
Trd, 8639160.679, 95
Trd, 8639160.912, 135
Trd, 8639161.646, 104
Trd, 8639162.179, 94
Trd, 8639163.479, 132
Trd, 8639163.846, 118
Trd, 8639164.146, 124
Trd, 8639164.479, 100
Trd, 8639164.679, 97
Trd, 8639166.579, 117
Trd, 8639166.746, 113
Trd, 8639167.212, 98
Trd, 8639167.612, 93
Trd, 8639167.646, 124
Trd, 8639167.979, 92
Trd, 8639169.212, 108
Trd, 8639169.279, 101
Trd, 8639170.046, 124
Trd, 8639170.312, 117
Trd, 8639171.546, 88
Trd, 8639171.646, 106
Trd, 8639171.812, 109
Trd, 8639173.046, 104
Trd, 8639173.146, 115
Trd, 8639173.646, 71
Trd, 8639174.346, 91
Trd, 8639175.046, 113
Trd, 8639175.812, 112
Trd, 8639175.879, 108
Trd, 8639176.212, 103
Trd, 8639176.246, 100
Trd, 8639176.646, 129
Trd, 8639176.746, 124
Trd, 8639177.312, 125
Trd, 8639177.779, 85
Trd, 8639178.379, 117
Trd, 8639179.312, 122
Trd, 8639179.479, 116
Trd, 8639180.046, 103
Trd, 8639181.079, 82
Trd, 8639181.646, 104
Trd, 8639182.046, 106
Trd, 8639183.779, 133
Trd, 8639184.412, 129
Trd, 8639184.679, 132
Trd, 8639184.812, 122
Trd, 8639185.812, 105
Trd, 8639186.012, 102
Trd, 8639186.379, 92
Trd, 8639186.812, 106
Trd, 8639188.446, 112
Trd, 8639189.179, 80
Trd, 8639189.246, 75
Trd, 8639189.979, 129
Trd, 8639190.079, 101
Trd, 8639190.112, 73
Trd, 8639191.346, 78
Trd, 8639191.446, 85
Trd, 8639191.712, 74
Trd, 8639191.946, 91
Trd, 8639192.846, 112
Trd, 8639193.079, 84
Trd, 8639193.512, 76
Trd, 8639194.012, 77
Trd, 8639194.046, 98
Trd, 8639195.079, 139
Trd, 8639195.279, 127
Trd, 8639195.512, 118
Trd, 8639196.579, 113
Trd, 8639196.879, 110
Trd, 8639197.779, 98
Trd, 8639197.812, 97
Trd, 8639198.446, 122
Trd, 8639198.879, 129
Trd, 8639199.612, 113
Trd, 8639199.646, 113
Trd, 8639200.279, 102
Trd, 8639200.846, 98
Trd, 8639201.079, 101
Trd, 8639201.112, 97
Trd, 8639201.979, 87
Trd, 8639202.079, 80
Trd, 8639202.312, 79
Trd, 8639202.379, 86
Trd, 8639202.479, 106
Trd, 8639202.546, 73
Trd, 8639202.612, 81
Trd, 8639203.746, 100
Trd, 8639204.079, 100
Trd, 8639204.579, 126
Trd, 8639205.179, 72
Trd, 8639205.879, 87
Trd, 8639207.212, 103
Trd, 8639207.312, 101
Trd, 8639207.612, 97
Trd, 8639208.012, 93
Trd, 8639209.512, 86
Trd, 8639209.746, 82
Trd, 8639210.446, 75
Trd, 8639210.779, 74
Trd, 8639210.879, 77
Trd, 8639211.479, 98
Trd, 8639212.446, 83
Trd, 8639212.812, 128
Trd, 8639212.912, 107
Trd, 8639213.112, 88
Trd, 8639213.812, 132
Trd, 8639214.412, 122
Trd, 8639215.179, 105
Trd, 8639215.312, 103
Trd, 8639216.779, 116
Trd, 8639217.479, 107
Trd, 8639217.779, 104
Trd, 8639218.012, 102
Trd, 8639218.446, 134
Trd, 8639219.246, 115
Trd, 8639219.412, 124
Trd, 8639220.046, 103
Trd, 8639221.146, 95
Trd, 8639221.446, 124
Trd, 8639222.112, 131
Trd, 8639222.246, 128
Trd, 8639222.512, 111
Trd, 8639223.212, 114
Trd, 8639223.746, 102
Trd, 8639223.979, 99
Trd, 8639224.179, 128
Trd, 8639224.479, 97
Trd, 8639224.879, 101
Trd, 8639225.412, 103
Trd, 8639225.746, 95
Trd, 8639226.612, 116
Trd, 8639227.146, 125
Trd, 8639228.779, 116
Trd, 8639229.112, 111
Trd, 8639229.579, 111
Trd, 8639230.212, 102
Trd, 8639230.579, 136
Trd, 8639231.046, 124
Trd, 8639231.179, 131
Trd, 8639231.512, 136
Trd, 8639232.079, 115
Trd, 8639232.546, 103
Trd, 8639232.912, 95
Trd, 8639233.179, 86
Trd, 8639234.446, 80
Trd, 8639234.812, 113
Trd, 8639235.579, 93
Trd, 8639235.679, 92
Trd, 8639235.779, 90
Trd, 8639237.012, 112
Trd, 8639237.479, 87
Trd, 8639238.446, 85
Trd, 8639238.979, 121
Trd, 8639239.612, 125
Trd, 8639240.179, 113
Trd, 8639240.779, 106
Trd, 8639241.179, 108
Trd, 8639241.546, 101
Trd, 8639241.946, 106
Trd, 8639242.812, 133
Trd, 8639243.079, 124
Trd, 8639244.312, 135
Trd, 8639244.412, 133
Trd, 8639245.212, 121
Trd, 8639245.312, 119
Trd, 8639245.512, 113
Trd, 8639246.712, 101
Trd, 8639247.046, 133
Trd, 8639247.246, 125
Trd, 8639248.279, 130
Trd, 8639248.346, 124
Trd, 8639248.446, 108
Trd, 8639248.846, 116
Trd, 8639249.212, 109
Trd, 8639250.612, 113
Trd, 8639250.746, 110
Trd, 8639251.046, 99
Trd, 8639251.212, 99
Trd, 8639252.779, 131
Trd, 8639253.479, 111
Trd, 8639254.146, 125
Trd, 8639254.812, 132
Trd, 8639255.212, 112
Trd, 8639255.346, 103
Trd, 8639255.912, 130
Trd, 8639256.212, 107
Trd, 8639257.179, 114
Trd, 8639258.146, 139
Trd, 8639258.246, 122
Trd, 8639259.012, 128
Trd, 8639259.312, 126
Trd, 8639259.612, 135
Trd, 8639259.879, 118
Trd, 8639259.979, 111
Trd, 8639260.012, 104
Trd, 8639260.112, 101
Trd, 8639261.612, 93
Trd, 8639262.579, 103
Trd, 8639262.646, 103
Trd, 8639262.979, 97
Trd, 8639263.346, 82
Trd, 8639263.779, 82
Trd, 8639264.479, 98
Trd, 8639264.879, 107
Trd, 8639265.546, 82
Trd, 8639266.146, 101
Trd, 8639266.412, 127
Trd, 8639267.546, 119
Trd, 8639268.579, 119
Trd, 8639268.679, 112
Trd, 8639269.446, 104
Trd, 8639270.212, 98
Trd, 8639270.346, 101
Trd, 8639270.446, 96
Trd, 8639270.946, 92
Trd, 8639271.179, 105
Trd, 8639272.346, 100
Trd, 8639272.646, 109
Trd, 8639273.112, 98
Trd, 8639273.879, 88
Trd, 8639274.479, 110
Trd, 8639275.012, 114
Trd, 8639275.679, 106
Trd, 8639276.046, 113
Trd, 8639276.479, 136
Trd, 8639277.146, 109
Trd, 8639277.446, 89
Trd, 8639278.179, 96
Trd, 8639279.546, 118
Trd, 8639279.812, 113
Trd, 8639279.946, 139
Trd, 8639280.379, 132
Trd, 8639281.612, 125
Trd, 8639281.979, 120
Trd, 8639282.412, 133
Trd, 8639282.846, 110
Trd, 8639283.212, 108
Trd, 8639283.679, 121
Trd, 8639284.279, 107
Trd, 8639284.779, 105
Trd, 8639284.846, 101
Trd, 8639285.912, 130
Trd, 8639286.346, 90
Trd, 8639286.379, 89
Trd, 8639287.446, 137
Trd, 8639287.546, 126
Trd, 8639287.979, 115
Trd, 8639288.212, 136
Trd, 8639288.646, 104
Trd, 8639289.646, 104
Trd, 8639290.179, 101
Trd, 8639291.079, 96
Trd, 8639291.112, 104
Trd, 8639291.546, 112
Trd, 8639292.412, 102
Trd, 8639293.112, 94
Trd, 8639294.079, 120
Trd, 8639294.112, 113
Trd, 8639294.179, 108
Trd, 8639294.846, 100
Trd, 8639295.246, 109
Trd, 8639295.879, 107
Trd, 8639296.246, 123
Trd, 8639296.379, 97
Trd, 8639297.246, 84
Trd, 8639297.612, 88
Trd, 8639298.046, 84
Trd, 8639299.179, 95
Trd, 8639299.712, 116
Trd, 8639299.746, 110
Trd, 8639300.379, 138
Trd, 8639301.012, 107
Trd, 8639301.546, 96
Trd, 8639302.212, 114
Trd, 8639302.446, 84
Trd, 8639302.612, 80
Trd, 8639302.879, 92
Trd, 8639303.279, 84
Trd, 8639303.612, 118
Trd, 8639303.812, 82
Trd, 8639304.279, 93
Trd, 8639304.979, 130
Trd, 8639305.312, 122
Trd, 8639305.712, 94
Trd, 8639308.479, 103
Trd, 8639308.512, 100
Trd, 8639308.712, 127
Trd, 8639308.779, 97
Trd, 8639309.379, 112
Trd, 8639309.479, 96
Trd, 8639309.912, 132
Trd, 8639310.612, 121
Trd, 8639311.212, 118
Trd, 8639311.279, 117
Trd, 8639311.479, 114
Trd, 8639311.879, 112
Trd, 8639311.912, 108
Trd, 8639312.212, 97
Trd, 8639313.912, 137
Trd, 8639314.346, 124
Trd, 8639315.179, 126
Trd, 8639315.846, 113
Trd, 8639316.746, 123
Trd, 8639317.179, 122
Trd, 8639317.579, 137
Trd, 8639317.879, 124
Trd, 8639318.346, 127
Trd, 8639318.912, 103
Trd, 8639319.512, 99
Trd, 8639319.746, 139
Trd, 8639320.012, 112
Trd, 8639320.446, 97
Trd, 8639320.946, 93
Trd, 8639321.046, 81
Trd, 8639321.946, 112
Trd, 8639322.579, 103
Trd, 8639322.879, 85
Trd, 8639323.479, 124
Trd, 8639324.379, 119
Trd, 8639324.812, 112
Trd, 8639326.612, 106
Trd, 8639326.746, 111
Trd, 8639326.979, 111
Trd, 8639327.112, 124
Trd, 8639327.479, 121
Trd, 8639327.746, 113
Trd, 8639329.146, 103
Trd, 8639329.312, 92
Trd, 8639329.412, 106
Trd, 8639330.512, 113
Trd, 8639330.679, 106
Trd, 8639330.779, 85
Trd, 8639331.312, 107
Trd, 8639332.712, 88
Trd, 8639332.912, 84
Trd, 8639334.379, 115
Trd, 8639334.812, 135
Trd, 8639335.512, 114
Trd, 8639335.646, 112
Trd, 8639336.012, 108
Trd, 8639336.212, 114
Trd, 8639337.046, 107
Trd, 8639337.079, 99
Trd, 8639338.812, 109
Trd, 8639338.979, 91
Trd, 8639339.379, 90
Trd, 8639339.412, 89
Trd, 8639339.546, 119
Trd, 8639339.912, 88
Trd, 8639340.512, 107
Trd, 8639341.479, 119
Trd, 8639341.612, 129
Trd, 8639342.546, 97
Trd, 8639343.046, 76
Trd, 8639343.479, 94
Trd, 8639344.346, 84
Trd, 8639344.912, 70
Trd, 8639346.012, 88
Trd, 8639346.046, 99
Trd, 8639346.512, 95
Trd, 8639346.779, 92
Trd, 8639347.912, 79
Trd, 8639348.112, 77
Trd, 8639348.246, 82
Trd, 8639348.312, 113
Trd, 8639349.179, 109
Trd, 8639349.512, 121
Trd, 8639350.446, 73
Trd, 8639350.579, 100
Trd, 8639351.279, 96
Trd, 8639351.546, 81
Trd, 8639352.746, 90
Trd, 8639352.846, 101
Trd, 8639353.646, 71
Trd, 8639353.746, 135
Trd, 8639353.979, 66
Trd, 8639354.112, 128
Trd, 8639354.879, 81
Trd, 8639355.479, 64
Trd, 8639355.612, 98
Trd, 8639356.046, 68
Trd, 8639356.446, 101
Trd, 8639356.646, 107
Trd, 8639356.679, 97
Trd, 8639356.846, 79
Trd, 8639357.579, 128
Trd, 8639357.846, 104
Trd, 8639358.712, 115
Trd, 8639358.879, 84
Trd, 8639359.479, 83
Trd, 8639360.546, 105
Trd, 8639360.779, 100
Trd, 8639361.112, 106
Trd, 8639361.646, 131
Trd, 8639362.379, 99
Trd, 8639363.412, 118
Trd, 8639364.046, 110
Trd, 8639364.212, 114
Trd, 8639364.446, 113
Trd, 8639365.279, 107
Trd, 8639365.712, 104
Trd, 8639366.046, 121
Trd, 8639366.212, 98
Trd, 8639366.946, 95
Trd, 8639367.379, 111
Trd, 8639367.579, 123
Trd, 8639367.879, 93
Trd, 8639368.646, 115
Trd, 8639369.179, 132
Trd, 8639369.846, 131
Trd, 8639369.879, 122
Trd, 8639370.412, 113
Trd, 8639371.846, 102
Trd, 8639372.179, 129
Trd, 8639372.246, 97
Trd, 8639373.512, 100
Trd, 8639373.579, 89
Trd, 8639373.846, 95
Trd, 8639374.079, 124
Trd, 8639374.112, 113
Trd, 8639375.279, 94
Trd, 8639376.179, 104
Trd, 8639376.479, 101
Trd, 8639376.846, 107
Trd, 8639377.346, 102
Trd, 8639377.779, 137
Trd, 8639378.079, 122
Trd, 8639378.312, 113
Trd, 8639378.512, 130
Trd, 8639378.546, 105
Trd, 8639378.679, 131
Trd, 8639378.846, 90
Trd, 8639379.179, 122
Trd, 8639379.446, 108
Trd, 8639379.846, 89
Trd, 8639380.612, 106
Trd, 8639380.946, 97
Trd, 8639382.646, 104
Trd, 8639382.912, 98
Trd, 8639383.646, 91
Trd, 8639384.446, 88
Trd, 8639384.846, 116
Trd, 8639385.312, 122
Trd, 8639385.779, 112
Trd, 8639386.779, 95
Trd, 8639387.046, 109
Trd, 8639387.546, 88
Trd, 8639387.812, 76
Trd, 8639388.179, 76
Trd, 8639389.479, 115
Trd, 8639389.879, 113
Trd, 8639390.179, 122
Trd, 8639390.212, 103
Trd, 8639390.946, 127
Trd, 8639391.579, 99
Trd, 8639392.212, 120
Trd, 8639392.879, 99
Trd, 8639393.379, 94
Trd, 8639393.846, 95
Trd, 8639393.946, 88
Trd, 8639394.112, 102
Trd, 8639395.012, 79
Trd, 8639396.146, 125
Trd, 8639396.279, 115
Trd, 8639397.846, 109
Trd, 8639397.912, 104
Trd, 8639398.479, 81
Trd, 8639398.679, 87
Trd, 8639399.246, 98
Trd, 8639400.012, 106
Trd, 8639400.646, 92
Trd, 8639401.812, 128
Trd, 8639402.212, 123
Trd, 8639402.312, 120
Trd, 8639402.946, 121
Trd, 8639403.512, 109
Trd, 8639404.246, 133
Trd, 8639405.646, 108
Trd, 8639405.779, 111
Trd, 8639406.412, 127
Trd, 8639406.546, 104
Trd, 8639406.979, 108
Trd, 8639408.279, 94
Trd, 8639408.612, 88
Trd, 8639408.679, 108
Trd, 8639409.146, 121
Trd, 8639409.246, 89
Trd, 8639410.512, 121
Trd, 8639411.179, 112
Trd, 8639411.679, 129
Trd, 8639411.812, 127
Trd, 8639412.946, 112
Trd, 8639413.346, 111
Trd, 8639414.012, 118
Trd, 8639414.379, 107
Trd, 8639415.279, 118
Trd, 8639415.546, 104
Trd, 8639415.612, 103
Trd, 8639415.646, 86
Trd, 8639415.712, 73
Trd, 8639415.779, 127
Trd, 8639417.812, 139
Trd, 8639418.579, 130
Trd, 8639418.879, 135
Trd, 8639419.146, 124
Trd, 8639419.946, 110
Trd, 8639420.146, 88
Trd, 8639421.179, 121
Trd, 8639421.512, 111
Trd, 8639421.612, 106
Trd, 8639421.879, 124
Trd, 8639422.112, 96
Trd, 8639422.612, 99
Trd, 8639423.379, 106
Trd, 8639423.412, 134
Trd, 8639423.479, 101
Trd, 8639424.212, 112
Trd, 8639424.612, 98
Trd, 8639425.046, 121
Trd, 8639426.346, 108
Trd, 8639426.479, 112
Trd, 8639427.146, 106
Trd, 8639427.379, 99
Trd, 8639428.812, 120
Trd, 8639429.279, 108
Trd, 8639429.579, 104
Trd, 8639429.879, 123
Trd, 8639429.946, 110
Trd, 8639430.446, 102
Trd, 8639431.412, 89
Trd, 8639431.712, 87
Trd, 8639432.546, 127
Trd, 8639432.646, 120
Trd, 8639432.912, 113
Trd, 8639433.479, 124
Trd, 8639433.779, 104
Trd, 8639434.212, 112
Trd, 8639434.479, 131
Trd, 8639434.946, 104
Trd, 8639435.812, 102
Trd, 8639436.212, 114
Trd, 8639437.479, 97
Trd, 8639438.279, 96
Trd, 8639438.546, 87
Trd, 8639438.779, 100
Trd, 8639439.412, 85
Trd, 8639439.512, 78
Trd, 8639439.912, 95
Trd, 8639440.279, 93
Trd, 8639440.479, 135
Trd, 8639440.579, 89
Trd, 8639441.412, 107
Trd, 8639442.312, 110
Trd, 8639442.879, 107
Trd, 8639443.712, 87
Trd, 8639443.779, 94
Trd, 8639443.879, 112
Trd, 8639444.212, 107
Trd, 8639445.712, 121
Trd, 8639446.146, 131
Trd, 8639446.579, 113
Trd, 8639446.846, 83
Trd, 8639447.612, 74
Trd, 8639448.446, 139
Trd, 8639448.612, 133
Trd, 8639448.712, 131
Trd, 8639449.112, 98
Trd, 8639449.479, 88
Trd, 8639449.779, 88
Trd, 8639450.546, 71
Trd, 8639451.446, 80
Trd, 8639452.412, 81
Trd, 8639453.179, 96
Trd, 8639453.446, 126
Trd, 8639454.012, 126
Trd, 8639454.412, 89
Trd, 8639455.012, 127
Trd, 8639455.379, 112
Trd, 8639455.779, 112
Trd, 8639456.179, 105
Trd, 8639457.012, 116
Trd, 8639457.046, 117
Trd, 8639457.079, 113
Trd, 8639459.079, 103
Trd, 8639459.312, 89
Trd, 8639459.512, 136
Trd, 8639460.179, 130
Trd, 8639462.246, 107
Trd, 8639462.312, 105
Trd, 8639462.379, 124
Trd, 8639462.546, 130
Trd, 8639462.779, 97
Trd, 8639463.046, 112
Trd, 8639464.246, 111
Trd, 8639465.179, 97
Trd, 8639465.212, 91
Trd, 8639465.312, 84
Trd, 8639466.046, 111
Trd, 8639466.512, 95
Trd, 8639466.879, 92
Trd, 8639467.512, 109
Trd, 8639467.812, 109
Trd, 8639468.246, 121
Trd, 8639469.579, 107
Trd, 8639469.812, 140
Trd, 8639469.979, 131
Trd, 8639470.212, 123
Trd, 8639470.479, 115
Trd, 8639470.746, 93
Trd, 8639470.812, 91
Trd, 8639472.012, 137
Trd, 8639473.512, 129
Trd, 8639475.546, 136
Trd, 8639475.979, 116
Trd, 8639476.012, 112
Trd, 8639476.212, 117
Trd, 8639476.379, 107
Trd, 8639476.979, 97
Trd, 8639477.312, 95
Trd, 8639477.912, 97
Trd, 8639478.546, 76
Trd, 8639478.846, 75
Trd, 8639479.546, 84
Trd, 8639479.679, 76
Trd, 8639479.946, 71
Trd, 8639480.112, 80
Trd, 8639481.679, 94
Trd, 8639482.646, 105
Trd, 8639483.112, 89
Trd, 8639483.179, 87
Trd, 8639483.379, 86
Trd, 8639484.246, 94
Trd, 8639484.612, 120
Trd, 8639484.846, 89
Trd, 8639485.179, 83
Trd, 8639485.446, 89
Trd, 8639485.746, 88
Trd, 8639486.312, 84
Trd, 8639487.479, 139
Trd, 8639487.746, 122
Trd, 8639487.812, 122
Trd, 8639488.279, 113
Trd, 8639488.712, 106
Trd, 8639489.579, 119
Trd, 8639489.912, 115
Trd, 8639490.812, 119
Trd, 8639491.246, 112
Trd, 8639491.379, 119
Trd, 8639492.779, 132
Trd, 8639493.046, 103
Trd, 8639493.512, 94
Trd, 8639493.712, 106
Trd, 8639494.512, 127
Trd, 8639494.612, 90
Trd, 8639495.179, 89
Trd, 8639495.546, 101
Trd, 8639496.279, 92
Trd, 8639496.412, 88
Trd, 8639498.579, 117
Trd, 8639498.779, 108
Trd, 8639499.012, 125
Trd, 8639499.879, 134
Trd, 8639501.146, 124
Trd, 8639501.179, 117
Trd, 8639501.579, 114
Trd, 8639501.646, 110
Trd, 8639501.812, 110
Trd, 8639502.379, 130
Trd, 8639502.646, 99
Trd, 8639502.812, 106
Trd, 8639503.012, 81
Trd, 8639503.546, 118
Trd, 8639505.246, 119
Trd, 8639506.079, 114
Trd, 8639506.146, 107
Trd, 8639506.412, 101
Trd, 8639506.679, 101
Trd, 8639506.779, 95
Trd, 8639506.846, 83
Trd, 8639507.312, 76
Trd, 8639508.279, 95
Trd, 8639508.812, 121
Trd, 8639508.946, 130
Trd, 8639509.846, 107
Trd, 8639511.679, 111
Trd, 8639512.312, 128
Trd, 8639512.812, 121
Trd, 8639513.179, 117
Trd, 8639513.246, 129
Trd, 8639513.979, 115
Trd, 8639514.012, 108
Trd, 8639514.112, 108
Trd, 8639514.512, 112
Trd, 8639514.579, 103
Trd, 8639514.712, 90
Trd, 8639515.846, 95
Trd, 8639517.046, 103
Trd, 8639517.179, 119
Trd, 8639518.446, 117
Trd, 8639518.812, 111
Trd, 8639518.879, 110
Trd, 8639518.946, 132
Trd, 8639519.346, 122
Trd, 8639519.379, 108
Trd, 8639520.212, 124
Trd, 8639522.312, 74
Trd, 8639523.279, 104
Trd, 8639523.479, 95
Trd, 8639524.812, 103
Trd, 8639524.879, 95
Trd, 8639525.412, 123
Trd, 8639525.946, 113
Trd, 8639526.446, 124
Trd, 8639526.812, 117
Trd, 8639526.879, 115
Trd, 8639527.579, 120
Trd, 8639527.979, 132
Trd, 8639528.012, 116
Trd, 8639528.746, 105
Trd, 8639528.812, 105
Trd, 8639529.646, 105
Trd, 8639529.946, 99
Trd, 8639530.179, 124
Trd, 8639530.446, 105
Trd, 8639530.646, 91
Trd, 8639530.912, 112
Trd, 8639531.512, 88
Trd, 8639532.879, 109
Trd, 8639533.412, 97
Trd, 8639533.779, 91
Trd, 8639534.312, 81
Trd, 8639535.312, 100
Trd, 8639536.612, 123
Trd, 8639536.646, 104
Trd, 8639536.712, 97
Trd, 8639537.479, 110
Trd, 8639537.512, 100
Trd, 8639537.946, 127
Trd, 8639538.412, 123
Trd, 8639538.712, 116
Trd, 8639539.446, 113
Trd, 8639540.346, 132
Trd, 8639540.679, 121
Trd, 8639541.012, 116
Trd, 8639541.046, 113
Trd, 8639541.579, 102
Trd, 8639543.112, 127
Trd, 8639543.546, 112
Trd, 8639544.312, 119
Trd, 8639545.212, 106
Trd, 8639545.246, 105
Trd, 8639545.412, 109
Trd, 8639545.779, 131
Trd, 8639548.079, 116
Trd, 8639548.179, 113
Trd, 8639549.079, 111
Trd, 8639549.312, 98
Trd, 8639549.612, 93
Trd, 8639549.812, 91
Trd, 8639550.246, 110
Trd, 8639550.746, 117
Trd, 8639550.812, 107
Trd, 8639550.912, 94
Trd, 8639551.379, 115
Trd, 8639551.779, 102
Trd, 8639551.879, 93
Trd, 8639552.479, 139
Trd, 8639552.612, 123
Trd, 8639553.012, 114
Trd, 8639553.046, 108
Trd, 8639554.379, 62
Trd, 8639555.046, 79
Trd, 8639555.646, 84
Trd, 8639556.112, 112
Trd, 8639557.612, 131
Trd, 8639557.979, 120
Trd, 8639558.179, 116
Trd, 8639558.646, 115
Trd, 8639559.246, 100
Trd, 8639559.612, 90
Trd, 8639560.046, 105
Trd, 8639560.246, 89
Trd, 8639561.146, 112
Trd, 8639562.979, 126
Trd, 8639563.246, 115
Trd, 8639563.879, 130
Trd, 8639563.912, 110
Trd, 8639564.612, 102
Trd, 8639564.646, 101
Trd, 8639564.712, 99
Trd, 8639565.946, 89
Trd, 8639566.279, 100
Trd, 8639566.546, 111
Trd, 8639567.346, 96
Trd, 8639567.812, 63
Trd, 8639568.746, 107
Trd, 8639568.912, 111
Trd, 8639569.812, 122
Trd, 8639569.912, 121
Trd, 8639570.112, 138
Trd, 8639570.179, 112
Trd, 8639570.879, 128
Trd, 8639571.446, 106
Trd, 8639572.246, 129
Trd, 8639572.546, 105
Trd, 8639572.579, 89
Trd, 8639572.779, 84
Trd, 8639573.246, 91
Trd, 8639574.146, 95
Trd, 8639574.246, 115
Trd, 8639574.579, 71
Trd, 8639575.012, 109
Trd, 8639575.746, 91
Trd, 8639576.079, 104
Trd, 8639576.946, 85
Trd, 8639578.046, 127
Trd, 8639578.212, 102
Trd, 8639578.379, 90
Trd, 8639579.146, 106
Trd, 8639579.612, 96
Trd, 8639580.112, 83
Trd, 8639580.412, 82
Trd, 8639581.112, 110
Trd, 8639581.646, 91
Trd, 8639582.646, 95
Trd, 8639583.012, 88
Trd, 8639583.279, 78
Trd, 8639583.679, 78
Trd, 8639583.946, 87
Trd, 8639584.579, 135
Trd, 8639584.846, 127
Trd, 8639585.612, 95
Trd, 8639586.379, 94
Trd, 8639587.579, 125
Trd, 8639588.379, 127
Trd, 8639588.546, 102
Trd, 8639588.912, 94
Trd, 8639589.179, 107
Trd, 8639589.546, 105
Trd, 8639590.212, 127
Trd, 8639590.279, 109
Trd, 8639591.212, 129
Trd, 8639591.279, 122
Trd, 8639592.846, 107
Trd, 8639593.712, 101
Trd, 8639593.946, 100
Trd, 8639594.446, 135
Trd, 8639594.879, 138
Trd, 8639595.546, 126
Trd, 8639595.879, 121
Trd, 8639596.146, 113
Trd, 8639596.412, 111
Trd, 8639596.912, 129
Trd, 8639597.046, 105
Trd, 8639597.512, 92
Trd, 8639598.112, 91
Trd, 8639598.879, 118
Trd, 8639599.279, 111
Trd, 8639600.079, 126
Trd, 8639600.279, 102
Trd, 8639600.346, 99
Trd, 8639600.379, 98
Trd, 8639601.012, 100
Trd, 8639601.046, 94
Trd, 8639601.512, 100
Trd, 8639601.946, 119
Trd, 8639602.246, 97
Trd, 8639603.012, 120
Trd, 8639603.846, 112
Trd, 8639603.912, 130
Trd, 8639604.579, 120
Trd, 8639605.579, 116
Trd, 8639605.846, 109
Trd, 8639606.412, 112
Trd, 8639607.246, 135
Trd, 8639608.979, 101
Trd, 8639609.112, 100
Trd, 8639609.646, 99
Trd, 8639609.679, 90
Trd, 8639609.779, 90
Trd, 8639610.079, 68
Trd, 8639610.779, 124
Trd, 8639611.112, 93
Trd, 8639611.812, 88
Trd, 8639612.179, 113
Trd, 8639613.112, 115
Trd, 8639613.446, 133
Trd, 8639614.246, 125
Trd, 8639614.379, 111
Trd, 8639614.579, 104
Trd, 8639614.912, 93
Trd, 8639615.912, 104
Trd, 8639616.379, 82
Trd, 8639616.546, 111
Trd, 8639616.612, 121
Trd, 8639617.212, 117
Trd, 8639617.346, 102
Trd, 8639617.612, 109
Trd, 8639617.679, 125
Trd, 8639618.279, 117
Trd, 8639618.412, 110
Trd, 8639619.312, 123
Trd, 8639620.746, 108
Trd, 8639620.879, 105
Trd, 8639622.112, 111
Trd, 8639622.946, 126
Trd, 8639623.079, 119
Trd, 8639623.279, 93
Trd, 8639624.412, 90
Trd, 8639624.746, 97
Trd, 8639625.246, 87
Trd, 8639625.379, 117
Trd, 8639625.979, 136
Trd, 8639627.146, 119
Trd, 8639627.712, 99
Trd, 8639628.446, 114
Trd, 8639628.579, 110
Trd, 8639628.779, 97
Trd, 8639629.079, 96
Trd, 8639629.646, 89
Trd, 8639630.546, 86
Trd, 8639631.046, 110
Trd, 8639631.212, 127
Trd, 8639631.512, 121
Trd, 8639631.579, 111
Trd, 8639632.479, 101
Trd, 8639632.946, 101
Trd, 8639633.912, 97
Trd, 8639635.012, 140
Trd, 8639635.579, 81
Trd, 8639635.712, 110
Trd, 8639636.746, 133
Trd, 8639636.879, 116
Trd, 8639637.046, 79
Trd, 8639638.112, 84
Trd, 8639638.312, 92
Trd, 8639638.546, 99
Trd, 8639638.646, 114
Trd, 8639638.812, 119
Trd, 8639639.046, 111
Trd, 8639639.279, 89
Trd, 8639640.246, 97
Trd, 8639640.812, 134
Trd, 8639642.579, 80
Trd, 8639643.946, 73
Trd, 8639644.112, 107
Trd, 8639644.579, 65
Trd, 8639645.412, 102
Trd, 8639645.512, 81
Trd, 8639646.112, 82
Trd, 8639646.746, 109
Trd, 8639646.912, 103
Trd, 8639646.979, 94
Trd, 8639648.412, 115
Trd, 8639648.446, 93
Trd, 8639648.546, 76
Trd, 8639648.579, 75
Trd, 8639648.812, 69
Trd, 8639650.212, 117
Trd, 8639650.246, 112
Trd, 8639651.046, 91
Trd, 8639651.512, 89
Trd, 8639651.546, 88
Trd, 8639651.846, 76
Trd, 8639652.212, 85
Trd, 8639654.512, 114
Trd, 8639654.579, 110
Trd, 8639654.746, 108
Trd, 8639656.012, 121
Trd, 8639656.446, 119
Trd, 8639656.646, 112
Trd, 8639657.146, 130
Trd, 8639657.479, 111
Trd, 8639657.779, 105
Trd, 8639658.479, 119
Trd, 8639658.746, 118
Trd, 8639658.912, 105
Trd, 8639659.379, 127
Trd, 8639660.046, 131
Trd, 8639660.579, 93
Trd, 8639660.712, 97
Trd, 8639661.512, 91
Trd, 8639661.612, 88
Trd, 8639661.946, 102
Trd, 8639663.812, 124
Trd, 8639664.146, 122
Trd, 8639664.612, 134
Trd, 8639665.112, 130
Trd, 8639665.146, 115
Trd, 8639665.179, 115
Trd, 8639665.579, 101
Trd, 8639665.612, 90
Trd, 8639666.046, 83
Trd, 8639666.646, 123
Trd, 8639667.912, 139
Trd, 8639667.946, 132
Trd, 8639668.546, 111
Trd, 8639669.379, 124
Trd, 8639669.612, 112
Trd, 8639670.179, 97
Trd, 8639670.846, 134
Trd, 8639671.046, 118
Trd, 8639671.246, 103
Trd, 8639671.379, 96
Trd, 8639672.879, 103
Trd, 8639674.146, 120
Trd, 8639675.846, 112
Trd, 8639676.312, 104
Trd, 8639676.612, 108
Trd, 8639676.679, 103
Trd, 8639676.946, 102
Trd, 8639677.079, 98
Trd, 8639677.812, 101
Trd, 8639677.946, 87
Trd, 8639678.112, 116
Trd, 8639678.212, 119
Trd, 8639679.946, 91
Trd, 8639681.346, 109
Trd, 8639681.912, 109
Trd, 8639682.646, 101
Trd, 8639683.079, 100
Trd, 8639683.512, 95
Trd, 8639684.446, 112
Trd, 8639685.546, 118
Trd, 8639685.679, 133
Trd, 8639685.779, 125
Trd, 8639686.812, 130
Trd, 8639687.279, 109
Trd, 8639687.812, 119
Trd, 8639688.879, 118
Trd, 8639689.146, 115
Trd, 8639689.479, 117
Trd, 8639690.246, 114
Trd, 8639691.146, 123
Trd, 8639691.679, 119
Trd, 8639691.846, 113
Trd, 8639692.379, 122
Trd, 8639693.079, 107
Trd, 8639693.312, 120
Trd, 8639693.379, 105
Trd, 8639694.646, 129
Trd, 8639694.879, 115
Trd, 8639695.112, 112
Trd, 8639695.979, 129
Trd, 8639697.146, 90
Trd, 8639697.546, 110
Trd, 8639698.112, 96
Trd, 8639698.546, 104
Trd, 8639698.612, 112
Trd, 8639699.012, 93
Trd, 8639699.146, 93
Trd, 8639699.446, 106
Trd, 8639699.479, 124
Trd, 8639699.512, 89
Trd, 8639700.546, 110
Trd, 8639700.746, 98
Trd, 8639700.979, 96
Trd, 8639701.479, 107
Trd, 8639703.179, 124
Trd, 8639703.512, 115
Trd, 8639704.046, 129
Trd, 8639704.212, 114
Trd, 8639704.246, 114
Trd, 8639705.612, 129
Trd, 8639705.679, 122
Trd, 8639705.946, 121
Trd, 8639706.012, 119
Trd, 8639706.346, 115
Trd, 8639707.279, 101
Trd, 8639707.612, 104
Trd, 8639708.846, 100
Trd, 8639708.879, 95
Trd, 8639711.346, 138
Trd, 8639712.179, 123
Trd, 8639712.746, 117
Trd, 8639713.012, 107
Trd, 8639713.646, 116
Trd, 8639713.679, 113
Trd, 8639715.112, 132
Trd, 8639715.246, 127
Trd, 8639715.312, 125
Trd, 8639715.579, 119
Trd, 8639716.446, 113
Trd, 8639716.779, 108
Trd, 8639717.779, 98
Trd, 8639718.179, 91
Trd, 8639718.346, 134
Trd, 8639718.446, 82
Trd, 8639719.379, 110
Trd, 8639719.512, 93
Trd, 8639719.879, 80
Trd, 8639720.379, 96
Trd, 8639720.879, 118
Trd, 8639720.946, 112
Trd, 8639721.446, 64
Trd, 8639722.546, 63
Trd, 8639722.812, 108
Trd, 8639724.279, 66
Trd, 8639724.479, 72
Trd, 8639724.979, 90
Trd, 8639725.179, 109
Trd, 8639725.746, 108
Trd, 8639727.012, 92
Trd, 8639728.112, 110
Trd, 8639728.479, 108
Trd, 8639728.812, 115
Trd, 8639728.979, 97
Trd, 8639729.212, 134
Trd, 8639729.546, 83
Trd, 8639730.146, 107
Trd, 8639730.446, 73
Trd, 8639730.479, 73
Trd, 8639731.612, 102
Trd, 8639732.846, 124
Trd, 8639733.712, 128
Trd, 8639734.712, 109
Trd, 8639734.912, 134
Trd, 8639735.479, 123
Trd, 8639735.712, 118
Trd, 8639735.912, 135
Trd, 8639735.946, 128
Trd, 8639736.179, 105
Trd, 8639736.212, 104
Trd, 8639736.579, 134
Trd, 8639737.446, 139
Trd, 8639737.646, 116
Trd, 8639737.812, 116
Trd, 8639738.079, 108
Trd, 8639738.712, 103
Trd, 8639738.912, 97
Trd, 8639739.346, 97
Trd, 8639739.546, 99
Trd, 8639740.146, 90
Trd, 8639740.279, 94
Trd, 8639740.312, 75
Trd, 8639741.346, 138
Trd, 8639741.712, 98
Trd, 8639742.846, 115
Trd, 8639743.712, 88
Trd, 8639744.646, 123
Trd, 8639744.779, 109
Trd, 8639745.046, 132
Trd, 8639745.812, 101
Trd, 8639745.946, 116
Trd, 8639746.312, 100
Trd, 8639746.579, 120
Trd, 8639746.679, 90
Trd, 8639747.646, 88
Trd, 8639748.212, 112
Trd, 8639748.746, 103
Trd, 8639749.079, 110
Trd, 8639749.112, 102
Trd, 8639749.446, 112
Trd, 8639750.179, 97
Trd, 8639750.479, 92
Trd, 8639750.679, 90
Trd, 8639750.879, 88
Trd, 8639751.779, 126
Trd, 8639752.579, 100
Trd, 8639753.012, 86
Trd, 8639754.746, 131
Trd, 8639755.146, 125
Trd, 8639756.012, 129
Trd, 8639756.546, 112
Trd, 8639756.846, 118
Trd, 8639757.146, 110
Trd, 8639757.712, 105
Trd, 8639758.412, 101
Trd, 8639759.646, 99
Trd, 8639759.946, 94
Trd, 8639760.712, 95
Trd, 8639761.412, 111
Trd, 8639761.646, 118
Trd, 8639761.812, 112
Trd, 8639762.679, 89
Trd, 8639762.979, 85
Trd, 8639763.379, 103
Trd, 8639764.046, 124
Trd, 8639765.146, 125
Trd, 8639765.279, 120
Trd, 8639765.346, 119
Trd, 8639765.512, 116
Trd, 8639765.712, 111
Trd, 8639765.779, 112
Trd, 8639766.079, 103
Trd, 8639766.712, 132
Trd, 8639767.046, 129
Trd, 8639767.279, 123
Trd, 8639768.046, 124
Trd, 8639768.179, 115
Trd, 8639768.346, 103
Trd, 8639768.812, 109
Trd, 8639769.079, 98
Trd, 8639770.079, 97
Trd, 8639770.112, 96
Trd, 8639770.579, 116
Trd, 8639771.679, 124
Trd, 8639772.012, 119
Trd, 8639772.179, 99
Trd, 8639772.379, 135
Trd, 8639773.512, 91
Trd, 8639773.712, 85
Trd, 8639774.046, 80
Trd, 8639774.346, 136
Trd, 8639774.912, 103
Trd, 8639775.812, 92
Trd, 8639776.012, 95
Trd, 8639776.946, 86
Trd, 8639777.879, 81
Trd, 8639778.412, 89
Trd, 8639778.746, 105
Trd, 8639779.479, 106
Trd, 8639779.779, 100
Trd, 8639779.812, 96
Trd, 8639780.512, 95
Trd, 8639780.646, 94
Trd, 8639780.979, 60
Trd, 8639781.146, 86
Trd, 8639781.446, 93
Trd, 8639781.479, 80
Trd, 8639782.012, 61
Trd, 8639782.979, 131
Trd, 8639783.912, 129
Trd, 8639784.912, 122
Trd, 8639785.646, 124
Trd, 8639785.679, 119
Trd, 8639785.812, 106
Trd, 8639786.312, 99
Trd, 8639786.646, 100
Trd, 8639787.046, 94
Trd, 8639789.479, 94
Trd, 8639789.612, 90
Trd, 8639790.379, 131
Trd, 8639790.746, 129
Trd, 8639790.812, 123
Trd, 8639791.412, 138
Trd, 8639791.979, 110
Trd, 8639792.079, 107
Trd, 8639792.446, 136
Trd, 8639793.312, 114
Trd, 8639793.446, 110
Trd, 8639794.146, 91
Trd, 8639794.246, 118
Trd, 8639796.046, 113
Trd, 8639796.379, 119
Trd, 8639796.646, 114
Trd, 8639797.212, 88
Trd, 8639799.346, 123
Trd, 8639799.612, 120
Trd, 8639799.812, 102
Trd, 8639799.879, 102
Trd, 8639800.612, 114
Trd, 8639800.679, 111
Trd, 8639800.746, 110
Trd, 8639801.412, 126
Trd, 8639801.612, 101
Trd, 8639802.046, 101
Trd, 8639802.812, 103
Trd, 8639802.879, 100
Trd, 8639803.012, 80
Trd, 8639803.312, 95
Trd, 8639806.446, 140
Trd, 8639806.512, 133
Trd, 8639807.079, 123
Trd, 8639807.246, 122
Trd, 8639807.512, 118
Trd, 8639807.779, 105
Trd, 8639807.912, 114
Trd, 8639808.846, 105
Trd, 8639809.346, 112
Trd, 8639811.212, 113
Trd, 8639812.046, 109
Trd, 8639812.079, 128
Trd, 8639812.179, 106
Trd, 8639812.679, 109
Trd, 8639812.746, 105
Trd, 8639812.979, 99
Trd, 8639813.212, 98
Trd, 8639814.346, 109
Trd, 8639814.412, 102
Trd, 8639814.579, 132
Trd, 8639816.212, 127
Trd, 8639816.446, 128
Trd, 8639817.179, 113
Trd, 8639818.079, 110
Trd, 8639818.146, 108
Trd, 8639819.146, 102
Trd, 8639819.179, 102
Trd, 8639820.046, 104
Trd, 8639820.312, 104
Trd, 8639820.679, 103
Trd, 8639820.712, 135
Trd, 8639821.546, 117
Trd, 8639821.979, 111
Trd, 8639822.046, 105
Trd, 8639823.612, 125
Trd, 8639823.812, 113
Trd, 8639824.079, 111
Trd, 8639824.712, 117
Trd, 8639824.812, 121
Trd, 8639825.212, 118
Trd, 8639826.979, 118
Trd, 8639827.546, 113
Trd, 8639827.712, 113
Trd, 8639827.779, 110
Trd, 8639828.412, 111
Trd, 8639829.379, 115
Trd, 8639830.379, 100
Trd, 8639831.212, 131
Trd, 8639831.779, 118
Trd, 8639832.179, 108
Trd, 8639832.212, 102
Trd, 8639832.279, 94
Trd, 8639832.412, 87
Trd, 8639833.646, 80
Trd, 8639834.879, 93
Trd, 8639835.046, 97
Trd, 8639835.146, 100
Trd, 8639835.812, 79
Trd, 8639835.979, 75
Trd, 8639836.146, 109
Trd, 8639836.812, 100
Trd, 8639838.012, 88
Trd, 8639838.146, 116
Trd, 8639838.912, 104
Trd, 8639838.946, 89
Trd, 8639839.746, 84
Trd, 8639839.846, 77
Trd, 8639840.246, 110
Trd, 8639840.546, 92
Trd, 8639841.312, 103
Trd, 8639841.879, 131
Trd, 8639842.046, 104
Trd, 8639845.179, 126
Trd, 8639845.246, 119
Trd, 8639846.279, 139
Trd, 8639846.379, 125
Trd, 8639846.512, 114
Trd, 8639846.912, 114
Trd, 8639847.046, 109
Trd, 8639847.412, 107
Trd, 8639848.212, 101
Trd, 8639848.446, 96
Trd, 8639848.912, 105
Trd, 8639849.379, 95
Trd, 8639849.512, 84
Trd, 8639850.279, 133
Trd, 8639850.646, 83
Trd, 8639851.512, 105
Trd, 8639851.646, 90
Trd, 8639851.879, 106
Trd, 8639852.546, 86
Trd, 8639853.312, 96
Trd, 8639853.546, 76
Trd, 8639854.746, 105
Trd, 8639855.046, 108
Trd, 8639855.712, 85
Trd, 8639855.746, 84
Trd, 8639856.412, 109
Trd, 8639856.546, 127
Trd, 8639857.512, 127
Trd, 8639858.146, 121
Trd, 8639858.646, 120
Trd, 8639859.212, 131
Trd, 8639860.112, 138
Trd, 8639860.312, 120
Trd, 8639860.512, 108
Trd, 8639861.379, 108
Trd, 8639861.479, 113
Trd, 8639861.912, 107
Trd, 8639862.046, 99
Trd, 8639862.812, 96
Trd, 8639862.879, 93
Trd, 8639863.779, 88
Trd, 8639863.979, 132
Trd, 8639865.446, 110
Trd, 8639865.679, 120
Trd, 8639867.579, 132
Trd, 8639867.712, 119
Trd, 8639868.412, 116
Trd, 8639868.746, 113
Trd, 8639869.679, 132
Trd, 8639869.712, 116
Trd, 8639869.979, 129
Trd, 8639870.112, 106
Trd, 8639870.679, 96
Trd, 8639871.512, 119
Trd, 8639871.879, 88
Trd, 8639872.912, 84
Trd, 8639873.046, 111
Trd, 8639873.579, 120
Trd, 8639874.112, 90
Trd, 8639874.346, 92
Trd, 8639876.412, 101
Trd, 8639876.679, 121
Trd, 8639877.079, 116
Trd, 8639877.846, 120
Trd, 8639878.046, 107
Trd, 8639878.912, 103
Trd, 8639879.846, 120
Trd, 8639880.046, 123
Trd, 8639880.212, 115
Trd, 8639880.312, 111
Trd, 8639880.412, 106
Trd, 8639880.546, 132
Trd, 8639880.812, 104
Trd, 8639881.179, 100
Trd, 8639882.612, 108
Trd, 8639883.279, 103
Trd, 8639883.579, 126
Trd, 8639883.812, 121
Trd, 8639884.179, 120
Trd, 8639884.546, 136
Trd, 8639884.712, 108
Trd, 8639885.279, 116
Trd, 8639885.712, 106
Trd, 8639886.812, 98
Trd, 8639886.846, 96
Trd, 8639887.146, 94
Trd, 8639887.546, 118
Trd, 8639888.846, 132
Trd, 8639889.179, 114
Trd, 8639889.579, 92
Trd, 8639890.012, 112
Trd, 8639890.046, 86
Trd, 8639891.779, 138
Trd, 8639892.512, 124
Trd, 8639892.612, 117
Trd, 8639894.412, 124
Trd, 8639895.446, 117
Trd, 8639895.979, 114
Trd, 8639896.879, 128
Trd, 8639896.946, 136
Trd, 8639897.312, 114
Trd, 8639897.446, 135
Trd, 8639897.679, 121
Trd, 8639897.946, 106
Trd, 8639898.546, 112
Trd, 8639898.912, 140
Trd, 8639899.479, 120
Trd, 8639899.712, 96
Trd, 8639899.812, 91
Trd, 8639901.179, 112
Trd, 8639901.646, 100
Trd, 8639902.646, 115
Trd, 8639904.146, 113
Trd, 8639904.612, 116
Trd, 8639905.412, 125
Trd, 8639905.912, 108
Trd, 8639905.946, 106
Trd, 8639906.012, 98
Trd, 8639906.246, 92
Trd, 8639906.579, 98
Trd, 8639907.146, 105
Trd, 8639907.279, 94
Trd, 8639908.112, 118
Trd, 8639908.179, 106
Trd, 8639908.979, 126
Trd, 8639909.946, 101
Trd, 8639910.346, 101
Trd, 8639910.779, 101
Trd, 8639911.312, 95
Trd, 8639911.879, 107
Trd, 8639912.446, 137
Trd, 8639913.446, 91
Trd, 8639913.579, 89
Trd, 8639915.012, 96
Trd, 8639915.712, 102
Trd, 8639916.179, 129
Trd, 8639916.679, 122
Trd, 8639916.846, 104
Trd, 8639918.546, 98
Trd, 8639918.779, 101
Trd, 8639919.279, 97
Trd, 8639920.446, 102
Trd, 8639920.646, 103
Trd, 8639920.946, 94
Trd, 8639921.012, 122
Trd, 8639921.212, 108
Trd, 8639921.712, 122
Trd, 8639922.012, 104
Trd, 8639922.479, 112
Trd, 8639922.879, 106
Trd, 8639922.979, 99
Trd, 8639923.812, 113
Trd, 8639924.512, 102
Trd, 8639924.879, 82
Trd, 8639925.512, 124
Trd, 8639925.612, 117
Trd, 8639925.646, 113
Trd, 8639925.912, 93
Trd, 8639926.079, 108
Trd, 8639926.712, 71
Trd, 8639927.879, 85
Trd, 8639928.146, 86
Trd, 8639928.246, 66
Trd, 8639928.479, 96
Trd, 8639928.846, 103
Trd, 8639929.412, 106
Trd, 8639930.446, 98
Trd, 8639930.479, 97
Trd, 8639930.612, 86
Trd, 8639931.112, 88
Trd, 8639932.179, 86
Trd, 8639932.412, 83
Trd, 8639933.179, 91
Trd, 8639933.746, 112
Trd, 8639934.712, 131
Trd, 8639935.446, 118
Trd, 8639935.712, 108
Trd, 8639936.379, 100
Trd, 8639936.612, 115
Trd, 8639937.479, 116
Trd, 8639938.079, 108
Trd, 8639938.479, 111
Trd, 8639938.746, 105
Trd, 8639939.546, 93
Trd, 8639940.579, 105
Trd, 8639940.679, 98
Trd, 8639942.346, 107
Trd, 8639942.512, 101
Trd, 8639942.979, 96
Trd, 8639943.812, 111
Trd, 8639943.912, 123
Trd, 8639945.146, 139
Trd, 8639945.246, 100
Trd, 8639946.912, 119
Trd, 8639948.112, 110
Trd, 8639948.279, 123
Trd, 8639948.379, 105
Trd, 8639948.512, 104
Trd, 8639949.112, 104
Trd, 8639950.946, 126
Trd, 8639951.079, 116
Trd, 8639951.146, 107
Trd, 8639952.412, 97
Trd, 8639952.946, 99
Trd, 8639953.379, 93
Trd, 8639953.412, 88
Trd, 8639953.579, 84
Trd, 8639953.846, 102
Trd, 8639954.212, 122
Trd, 8639954.612, 93
Trd, 8639955.279, 99
Trd, 8639955.479, 92
Trd, 8639955.779, 89
Trd, 8639955.946, 86
Trd, 8639957.046, 119
Trd, 8639958.179, 132
Trd, 8639958.479, 126
Trd, 8639958.579, 118
Trd, 8639959.679, 132
Trd, 8639959.746, 114
Trd, 8639959.946, 108
Trd, 8639960.479, 97
Trd, 8639960.846, 88
Trd, 8639961.712, 84
Trd, 8639961.912, 82
Trd, 8639962.679, 83
Trd, 8639963.012, 103
Trd, 8639963.512, 85
Trd, 8639964.079, 106
Trd, 8639964.546, 95
Trd, 8639964.812, 120
Trd, 8639966.146, 102
Trd, 8639966.679, 115
Trd, 8639967.079, 110
Trd, 8639967.612, 125
Trd, 8639968.412, 117
Trd, 8639968.712, 111
Trd, 8639969.012, 107
Trd, 8639969.512, 106
Trd, 8639969.546, 94
Trd, 8639969.879, 93
Trd, 8639971.012, 125
Trd, 8639971.079, 122
Trd, 8639971.212, 114
Trd, 8639971.312, 107
Trd, 8639972.012, 128
Trd, 8639972.846, 100
Trd, 8639972.912, 96
Trd, 8639973.879, 92
Trd, 8639974.046, 130
Trd, 8639974.512, 132
Trd, 8639975.712, 110
Trd, 8639976.012, 96
Trd, 8639977.312, 129
Trd, 8639978.146, 138
Trd, 8639978.779, 138
Trd, 8639978.812, 118
Trd, 8639979.279, 108
Trd, 8639979.312, 104
Trd, 8639979.346, 101
Trd, 8639980.312, 111
Trd, 8639980.479, 105
Trd, 8639980.612, 97
Trd, 8639981.079, 99
Trd, 8639981.446, 101
Trd, 8639982.479, 97
Trd, 8639983.179, 99
Trd, 8639983.779, 90
Trd, 8639984.746, 113
Trd, 8639985.012, 94
Trd, 8639985.046, 86
Trd, 8639985.612, 124
Trd, 8639986.212, 122
Trd, 8639987.379, 130
Trd, 8639987.712, 114
Trd, 8639988.179, 128
Trd, 8639988.512, 113
Trd, 8639988.912, 103
Trd, 8639988.946, 101
Trd, 8639989.812, 70
Trd, 8639989.879, 109
Trd, 8639990.346, 101
Trd, 8639990.646, 135
Trd, 8639990.879, 127
Trd, 8639992.012, 108
Trd, 8639992.479, 133
Trd, 8639992.712, 118
Trd, 8639993.379, 118
Trd, 8639994.012, 96
Trd, 8639994.912, 91
Trd, 8639995.246, 84
Trd, 8639995.712, 90
Trd, 8639995.812, 84
Trd, 8639995.846, 75
Trd, 8639995.879, 96
Trd, 8639997.279, 119
Trd, 8639997.379, 113
Trd, 8639997.846, 97
Trd, 8639997.912, 118
Trd, 8639999.146, 107
Trd, 8639999.379, 115
