Trd, 8638793.579, 105
Trd, 8638794.479, 132
Trd, 8638795.046, 124
Trd, 8638795.779, 119
Trd, 8638797.246, 119
Trd, 8638797.446, 131
Trd, 8638797.579, 102
Trd, 8638798.179, 107
Trd, 8638798.679, 124
Trd, 8638798.712, 122
Trd, 8638798.812, 109
Trd, 8638799.112, 98
Trd, 8638799.246, 130
Trd, 8638799.879, 137
Trd, 8638800.146, 137
Trd, 8638800.312, 136
Trd, 8638800.512, 128
Trd, 8638800.812, 117
Trd, 8638800.846, 77
Trd, 8638801.246, 81
Trd, 8638802.279, 114
Trd, 8638802.546, 119
Trd, 8638802.712, 113
Trd, 8638802.846, 107
Trd, 8638803.046, 84
Trd, 8638803.146, 83
Trd, 8638803.879, 130
Trd, 8638804.046, 78
Trd, 8638804.779, 133
Trd, 8638805.312, 94
Trd, 8638805.479, 114
Trd, 8638805.779, 82
Trd, 8638806.846, 92
Trd, 8638807.112, 85
Trd, 8638807.212, 75
Trd, 8638809.012, 140
Trd, 8638809.146, 140
Trd, 8638809.212, 132
Trd, 8638809.246, 128
Trd, 8638809.979, 124
Trd, 8638810.646, 123
Trd, 8638810.912, 129
Trd, 8638811.179, 127
Trd, 8638811.346, 118
Trd, 8638811.879, 95
Trd, 8638812.479, 136
Trd, 8638812.512, 133
Trd, 8638813.112, 81
Trd, 8638813.846, 91
Trd, 8638814.279, 86
Trd, 8638814.879, 95
Trd, 8638815.379, 93
Trd, 8638815.479, 93
Trd, 8638815.546, 92
Trd, 8638816.212, 90
Trd, 8638816.279, 88
Trd, 8638817.112, 137
Trd, 8638817.512, 94
Trd, 8638817.879, 102
Trd, 8638817.979, 106
Trd, 8638818.079, 101
Trd, 8638818.112, 95
Trd, 8638818.712, 69
Trd, 8638819.279, 60
Trd, 8638819.979, 125
Trd, 8638820.479, 125
Trd, 8638821.412, 60
Trd, 8638822.179, 80
Trd, 8638822.512, 102
Trd, 8638823.112, 62
Trd, 8638823.246, 68
Trd, 8638823.446, 67
Trd, 8638824.246, 95
Trd, 8638824.679, 92
Trd, 8638825.546, 82
Trd, 8638826.079, 115
Trd, 8638826.279, 85
Trd, 8638826.512, 72
Trd, 8638826.946, 75
Trd, 8638827.046, 73
Trd, 8638827.179, 71
Trd, 8638828.046, 83
Trd, 8638828.279, 87
Trd, 8638828.479, 71
Trd, 8638828.779, 134
Trd, 8638829.146, 130
Trd, 8638829.446, 115
Trd, 8638829.479, 111
Trd, 8638829.679, 87
Trd, 8638830.212, 61
Trd, 8638830.246, 83
Trd, 8638831.379, 105
Trd, 8638831.546, 93
Trd, 8638832.246, 111
Trd, 8638832.346, 109
Trd, 8638833.446, 140
Trd, 8638834.146, 133
Trd, 8638834.712, 109
Trd, 8638834.812, 124
Trd, 8638834.846, 100
Trd, 8638834.912, 96
Trd, 8638835.012, 92
Trd, 8638835.079, 80
Trd, 8638835.712, 98
Trd, 8638835.746, 102
Trd, 8638836.879, 125
Trd, 8638837.046, 119
Trd, 8638838.079, 88
Trd, 8638838.379, 91
Trd, 8638838.446, 90
Trd, 8638838.746, 101
Trd, 8638838.879, 88
Trd, 8638839.146, 78
Trd, 8638839.946, 65
Trd, 8638840.379, 64
Trd, 8638840.646, 82
Trd, 8638840.846, 83
Trd, 8638841.612, 100
Trd, 8638842.012, 73
Trd, 8638842.979, 132
Trd, 8638843.012, 129
Trd, 8638843.246, 128
Trd, 8638843.612, 132
Trd, 8638844.446, 138
Trd, 8638845.479, 125
Trd, 8638846.512, 120
Trd, 8638846.979, 106
Trd, 8638847.079, 86
Trd, 8638847.512, 129
Trd, 8638848.479, 124
Trd, 8638848.779, 89
Trd, 8638849.412, 100
Trd, 8638849.746, 92
Trd, 8638850.146, 125
Trd, 8638850.579, 82
Trd, 8638850.712, 81
Trd, 8638851.112, 108
Trd, 8638851.512, 115
Trd, 8638851.746, 130
Trd, 8638852.379, 117
Trd, 8638853.146, 96
Trd, 8638853.546, 132
Trd, 8638853.846, 131
Trd, 8638853.879, 78
Trd, 8638854.379, 138
Trd, 8638854.546, 74
Trd, 8638854.679, 70
Trd, 8638854.979, 74
Trd, 8638856.412, 67
Trd, 8638856.979, 63
Trd, 8638857.246, 139
Trd, 8638857.479, 71
Trd, 8638857.846, 114
Trd, 8638858.579, 83
Trd, 8638859.346, 106
Trd, 8638859.579, 107
Trd, 8638859.812, 107
Trd, 8638860.179, 101
Trd, 8638860.379, 121
Trd, 8638860.679, 98
Trd, 8638861.479, 132
Trd, 8638862.112, 128
Trd, 8638862.579, 131
Trd, 8638863.146, 130
Trd, 8638863.279, 127
Trd, 8638863.546, 116
Trd, 8638863.746, 61
Trd, 8638864.179, 134
Trd, 8638864.779, 90
Trd, 8638865.212, 100
Trd, 8638865.279, 106
Trd, 8638865.679, 76
Trd, 8638866.246, 62
Trd, 8638866.912, 95
Trd, 8638867.746, 73
Trd, 8638867.946, 94
Trd, 8638868.579, 130
Trd, 8638868.812, 129
Trd, 8638869.112, 125
Trd, 8638869.279, 125
Trd, 8638870.212, 103
Trd, 8638870.646, 81
Trd, 8638870.979, 130
Trd, 8638871.379, 122
Trd, 8638871.546, 97
Trd, 8638872.712, 119
Trd, 8638872.779, 88
Trd, 8638873.012, 97
Trd, 8638873.079, 87
Trd, 8638873.679, 61
Trd, 8638875.146, 67
Trd, 8638876.612, 138
Trd, 8638876.646, 135
Trd, 8638877.612, 133
Trd, 8638878.012, 123
Trd, 8638878.212, 130
Trd, 8638878.412, 129
Trd, 8638878.946, 121
Trd, 8638878.979, 103
Trd, 8638879.046, 106
Trd, 8638879.679, 88
Trd, 8638879.879, 88
Trd, 8638880.312, 83
Trd, 8638881.312, 106
Trd, 8638881.546, 87
Trd, 8638881.879, 94
Trd, 8638882.346, 107
Trd, 8638882.446, 130
Trd, 8638882.712, 99
Trd, 8638883.346, 136
Trd, 8638883.479, 129
Trd, 8638883.879, 105
Trd, 8638884.679, 62
Trd, 8638885.246, 64
Trd, 8638886.112, 60
Trd, 8638886.346, 61
Trd, 8638886.379, 62
Trd, 8638886.812, 62
Trd, 8638887.146, 60
Trd, 8638888.212, 63
Trd, 8638889.179, 78
Trd, 8638889.346, 79
Trd, 8638889.779, 64
Trd, 8638889.979, 62
Trd, 8638890.046, 78
Trd, 8638890.079, 84
Trd, 8638890.112, 102
Trd, 8638890.312, 61
Trd, 8638892.546, 73
Trd, 8638892.879, 68
Trd, 8638893.079, 96
Trd, 8638893.146, 91
Trd, 8638893.912, 103
Trd, 8638894.079, 100
Trd, 8638894.279, 99
Trd, 8638894.812, 91
Trd, 8638895.279, 126
Trd, 8638895.579, 127
Trd, 8638895.779, 138
Trd, 8638895.846, 125
Trd, 8638895.912, 123
Trd, 8638896.412, 112
Trd, 8638897.179, 114
Trd, 8638897.512, 105
Trd, 8638898.112, 130
Trd, 8638898.746, 118
Trd, 8638899.346, 121
Trd, 8638899.412, 82
Trd, 8638899.679, 96
Trd, 8638900.112, 97
Trd, 8638900.412, 91
Trd, 8638900.512, 100
Trd, 8638901.646, 109
Trd, 8638901.679, 115
Trd, 8638902.212, 96
Trd, 8638902.346, 94
Trd, 8638902.379, 68
Trd, 8638903.012, 110
Trd, 8638903.446, 140
Trd, 8638903.612, 134
Trd, 8638903.779, 84
Trd, 8638903.946, 61
Trd, 8638904.979, 62
Trd, 8638905.446, 76
Trd, 8638905.579, 87
Trd, 8638907.179, 95
Trd, 8638907.212, 93
Trd, 8638907.779, 99
Trd, 8638908.279, 115
Trd, 8638908.379, 96
Trd, 8638908.479, 118
Trd, 8638908.812, 104
Trd, 8638909.079, 106
Trd, 8638909.679, 122
Trd, 8638910.012, 130
Trd, 8638910.446, 88
Trd, 8638911.012, 70
Trd, 8638911.046, 96
Trd, 8638911.946, 133
Trd, 8638912.112, 105
Trd, 8638913.046, 83
Trd, 8638913.512, 87
Trd, 8638913.579, 85
Trd, 8638914.112, 84
Trd, 8638914.279, 84
Trd, 8638914.479, 80
Trd, 8638914.846, 70
Trd, 8638915.212, 96
Trd, 8638915.579, 80
Trd, 8638916.712, 69
Trd, 8638916.979, 66
Trd, 8638917.346, 74
Trd, 8638917.579, 68
Trd, 8638918.046, 93
Trd, 8638918.146, 68
Trd, 8638918.379, 103
Trd, 8638918.612, 83
Trd, 8638919.046, 93
Trd, 8638919.579, 86
Trd, 8638919.646, 71
Trd, 8638919.846, 111
Trd, 8638920.212, 102
Trd, 8638921.346, 92
Trd, 8638921.646, 91
Trd, 8638921.879, 92
Trd, 8638922.146, 91
Trd, 8638922.846, 130
Trd, 8638923.012, 84
Trd, 8638923.746, 87
Trd, 8638923.912, 86
Trd, 8638924.479, 82
Trd, 8638924.646, 79
Trd, 8638924.979, 97
Trd, 8638926.046, 127
Trd, 8638926.346, 124
Trd, 8638926.479, 117
Trd, 8638926.779, 125
Trd, 8638927.379, 135
Trd, 8638927.679, 122
Trd, 8638927.712, 102
Trd, 8638928.212, 115
Trd, 8638928.412, 112
Trd, 8638928.912, 94
Trd, 8638929.079, 86
Trd, 8638929.946, 118
Trd, 8638930.379, 118
Trd, 8638930.412, 112
Trd, 8638931.646, 124
Trd, 8638931.879, 123
Trd, 8638931.912, 122
Trd, 8638932.512, 140
Trd, 8638932.546, 112
Trd, 8638932.712, 105
Trd, 8638933.612, 85
Trd, 8638934.279, 98
Trd, 8638935.046, 84
Trd, 8638935.079, 106
Trd, 8638935.279, 109
Trd, 8638935.446, 108
Trd, 8638935.646, 87
Trd, 8638936.079, 86
Trd, 8638936.812, 71
Trd, 8638937.079, 94
Trd, 8638937.379, 94
Trd, 8638937.879, 87
Trd, 8638937.979, 83
Trd, 8638938.246, 63
Trd, 8638938.779, 89
Trd, 8638938.979, 99
Trd, 8638939.412, 99
Trd, 8638939.779, 116
Trd, 8638940.179, 105
Trd, 8638940.312, 82
Trd, 8638941.179, 118
Trd, 8638942.146, 119
Trd, 8638942.346, 117
Trd, 8638942.679, 124
Trd, 8638943.446, 94
Trd, 8638943.679, 75
Trd, 8638943.779, 73
Trd, 8638944.346, 115
Trd, 8638944.446, 112
Trd, 8638944.479, 72
Trd, 8638945.212, 80
Trd, 8638946.412, 113
Trd, 8638946.446, 110
Trd, 8638946.679, 109
Trd, 8638947.379, 92
Trd, 8638947.546, 108
Trd, 8638948.212, 135
Trd, 8638948.412, 134
Trd, 8638948.446, 127
Trd, 8638948.712, 98
Trd, 8638948.879, 82
Trd, 8638949.146, 81
Trd, 8638949.312, 109
Trd, 8638950.612, 112
Trd, 8638951.012, 139
Trd, 8638951.046, 137
Trd, 8638951.079, 114
Trd, 8638951.712, 107
Trd, 8638952.046, 79
Trd, 8638953.512, 116
Trd, 8638953.546, 132
Trd, 8638953.679, 115
Trd, 8638954.612, 114
Trd, 8638954.812, 120
Trd, 8638955.079, 113
Trd, 8638955.879, 88
Trd, 8638956.579, 95
Trd, 8638956.679, 94
Trd, 8638957.146, 90
Trd, 8638957.212, 117
Trd, 8638958.012, 77
Trd, 8638958.046, 84
Trd, 8638958.179, 67
Trd, 8638959.012, 117
Trd, 8638959.479, 62
Trd, 8638959.779, 69
Trd, 8638960.046, 77
Trd, 8638960.679, 64
Trd, 8638961.212, 78
Trd, 8638961.779, 69
Trd, 8638962.346, 68
Trd, 8638962.379, 67
Trd, 8638962.446, 74
Trd, 8638962.979, 66
Trd, 8638963.012, 78
Trd, 8638963.546, 71
Trd, 8638964.579, 98
Trd, 8638964.712, 131
Trd, 8638965.579, 77
Trd, 8638966.346, 133
Trd, 8638966.546, 123
Trd, 8638966.979, 140
Trd, 8638967.246, 137
Trd, 8638967.579, 124
Trd, 8638967.712, 102
Trd, 8638968.046, 100
Trd, 8638968.679, 101
Trd, 8638968.846, 97
Trd, 8638970.046, 135
Trd, 8638970.279, 94
Trd, 8638970.346, 93
Trd, 8638970.412, 84
Trd, 8638971.112, 130
Trd, 8638971.646, 97
Trd, 8638972.546, 135
Trd, 8638972.846, 90
Trd, 8638973.546, 130
Trd, 8638973.679, 89
Trd, 8638974.779, 127
Trd, 8638974.812, 114
Trd, 8638975.146, 88
Trd, 8638975.312, 110
Trd, 8638975.446, 109
Trd, 8638975.779, 83
Trd, 8638976.112, 82
Trd, 8638977.346, 60
Trd, 8638977.646, 63
Trd, 8638978.012, 66
Trd, 8638978.646, 61
Trd, 8638978.946, 66
Trd, 8638979.212, 84
Trd, 8638979.546, 69
Trd, 8638979.779, 64
Trd, 8638981.179, 127
Trd, 8638981.312, 85
Trd, 8638981.479, 76
Trd, 8638982.179, 121
Trd, 8638982.212, 119
Trd, 8638982.279, 119
Trd, 8638982.746, 117
Trd, 8638982.879, 83
Trd, 8638983.146, 63
Trd, 8638983.979, 73
Trd, 8638984.446, 108
Trd, 8638985.179, 96
Trd, 8638985.312, 100
Trd, 8638985.546, 138
Trd, 8638985.612, 110
Trd, 8638986.146, 78
Trd, 8638986.246, 62
Trd, 8638986.679, 67
Trd, 8638987.979, 79
Trd, 8638988.346, 82
Trd, 8638988.979, 60
Trd, 8638990.179, 70
Trd, 8638990.346, 75
Trd, 8638990.812, 91
Trd, 8638991.279, 66
Trd, 8638991.412, 99
Trd, 8638991.579, 109
Trd, 8638992.112, 121
Trd, 8638992.479, 72
Trd, 8638993.046, 88
Trd, 8638993.112, 88
Trd, 8638993.612, 138
Trd, 8638994.112, 138
Trd, 8638994.146, 137
Trd, 8638994.312, 136
Trd, 8638994.579, 130
Trd, 8638994.746, 130
Trd, 8638994.812, 126
Trd, 8638994.879, 123
Trd, 8638995.046, 107
Trd, 8638997.146, 132
Trd, 8638997.579, 126
Trd, 8638997.779, 122
Trd, 8638998.746, 122
Trd, 8638998.812, 101
Trd, 8638998.879, 100
Trd, 8638999.779, 104
Trd, 8638999.979, 84
Trd, 8639000.579, 107
Trd, 8639001.079, 88
Trd, 8639001.246, 85
Trd, 8639001.712, 135
Trd, 8639002.179, 95
Trd, 8639002.246, 85
Trd, 8639003.179, 76
Trd, 8639003.546, 95
Trd, 8639003.846, 116
Trd, 8639003.879, 115
Trd, 8639004.279, 115
Trd, 8639004.446, 114
Trd, 8639004.779, 126
Trd, 8639005.279, 83
Trd, 8639005.579, 92
Trd, 8639005.646, 69
Trd, 8639005.712, 96
Trd, 8639006.212, 80
Trd, 8639006.846, 70
Trd, 8639006.912, 91
Trd, 8639007.312, 112
Trd, 8639007.546, 77
Trd, 8639008.546, 102
Trd, 8639009.012, 98
Trd, 8639009.046, 101
Trd, 8639009.746, 79
Trd, 8639010.079, 66
Trd, 8639010.179, 97
Trd, 8639011.746, 140
Trd, 8639011.946, 137
Trd, 8639012.046, 135
Trd, 8639012.579, 136
Trd, 8639012.746, 122
Trd, 8639012.946, 135
Trd, 8639013.379, 134
Trd, 8639013.546, 128
Trd, 8639013.912, 102
Trd, 8639014.579, 118
Trd, 8639014.846, 112
Trd, 8639015.479, 112
Trd, 8639015.646, 97
Trd, 8639016.546, 99
Trd, 8639016.712, 120
Trd, 8639017.379, 62
Trd, 8639017.546, 63
Trd, 8639018.179, 60
Trd, 8639018.846, 60
Trd, 8639019.646, 63
Trd, 8639019.879, 64
Trd, 8639020.846, 94
Trd, 8639021.146, 107
Trd, 8639021.246, 95
Trd, 8639021.312, 89
Trd, 8639021.846, 83
Trd, 8639022.012, 65
Trd, 8639022.679, 75
Trd, 8639022.746, 101
Trd, 8639023.646, 61
Trd, 8639023.979, 103
Trd, 8639024.512, 61
Trd, 8639025.346, 72
Trd, 8639025.612, 69
Trd, 8639025.646, 76
Trd, 8639026.512, 105
Trd, 8639026.612, 104
Trd, 8639026.779, 99
Trd, 8639026.946, 133
Trd, 8639027.512, 89
Trd, 8639027.579, 88
Trd, 8639028.279, 105
Trd, 8639028.646, 100
Trd, 8639028.779, 75
Trd, 8639029.646, 60
Trd, 8639030.346, 60
Trd, 8639030.679, 113
Trd, 8639031.046, 88
Trd, 8639031.679, 60
Trd, 8639032.146, 68
Trd, 8639032.646, 63
Trd, 8639033.246, 65
Trd, 8639034.512, 68
Trd, 8639034.579, 90
Trd, 8639034.746, 71
Trd, 8639035.012, 100
Trd, 8639035.479, 131
Trd, 8639035.546, 125
Trd, 8639035.646, 110
Trd, 8639035.812, 95
Trd, 8639036.146, 72
Trd, 8639036.679, 104
Trd, 8639038.346, 69
Trd, 8639038.846, 96
Trd, 8639039.246, 111
Trd, 8639039.446, 91
Trd, 8639039.746, 83
Trd, 8639040.712, 78
Trd, 8639040.879, 85
Trd, 8639041.012, 75
Trd, 8639041.912, 89
Trd, 8639042.079, 90
Trd, 8639042.246, 77
Trd, 8639043.612, 81
Trd, 8639043.679, 80
Trd, 8639043.812, 87
Trd, 8639044.412, 115
Trd, 8639044.612, 114
Trd, 8639044.646, 114
Trd, 8639045.079, 105
Trd, 8639045.646, 119
Trd, 8639046.046, 120
Trd, 8639046.446, 124
Trd, 8639046.912, 124
Trd, 8639047.079, 113
Trd, 8639047.346, 95
Trd, 8639047.546, 127
Trd, 8639047.646, 106
Trd, 8639048.446, 67
Trd, 8639050.112, 122
Trd, 8639050.246, 119
Trd, 8639050.579, 115
Trd, 8639051.212, 82
Trd, 8639051.279, 79
Trd, 8639051.712, 68
Trd, 8639052.779, 81
Trd, 8639053.379, 60
Trd, 8639053.479, 85
Trd, 8639053.579, 132
Trd, 8639053.746, 70
Trd, 8639055.346, 107
Trd, 8639055.479, 106
Trd, 8639055.812, 111
Trd, 8639056.046, 104
Trd, 8639056.112, 111
Trd, 8639056.379, 100
Trd, 8639056.679, 103
Trd, 8639057.079, 137
Trd, 8639058.312, 90
Trd, 8639058.579, 68
Trd, 8639058.979, 62
Trd, 8639059.212, 96
Trd, 8639059.379, 81
Trd, 8639059.612, 106
Trd, 8639060.146, 106
Trd, 8639060.179, 80
Trd, 8639060.312, 107
Trd, 8639061.579, 120
Trd, 8639062.112, 111
Trd, 8639062.146, 110
Trd, 8639063.112, 117
Trd, 8639063.646, 104
Trd, 8639063.846, 95
Trd, 8639064.046, 90
Trd, 8639064.346, 89
Trd, 8639064.646, 83
Trd, 8639064.879, 71
Trd, 8639065.379, 122
Trd, 8639066.212, 94
Trd, 8639066.246, 96
Trd, 8639066.446, 112
Trd, 8639066.779, 83
Trd, 8639067.346, 97
Trd, 8639067.779, 84
Trd, 8639068.746, 131
Trd, 8639069.179, 118
Trd, 8639069.346, 102
Trd, 8639069.712, 109
Trd, 8639070.379, 102
Trd, 8639070.679, 138
Trd, 8639070.712, 91
Trd, 8639071.279, 81
Trd, 8639071.779, 80
Trd, 8639071.979, 80
Trd, 8639072.179, 105
Trd, 8639072.679, 128
Trd, 8639073.446, 121
Trd, 8639074.746, 121
Trd, 8639075.012, 137
Trd, 8639075.846, 119
Trd, 8639076.112, 87
Trd, 8639077.112, 97
Trd, 8639077.312, 96
Trd, 8639077.412, 112
Trd, 8639078.212, 119
Trd, 8639078.246, 89
Trd, 8639078.546, 84
Trd, 8639079.112, 84
Trd, 8639079.579, 83
Trd, 8639079.779, 80
Trd, 8639080.012, 94
Trd, 8639080.246, 78
Trd, 8639080.346, 102
Trd, 8639081.046, 124
Trd, 8639081.346, 107
Trd, 8639081.912, 68
Trd, 8639083.079, 107
Trd, 8639084.146, 101
Trd, 8639084.246, 113
Trd, 8639084.612, 111
Trd, 8639085.312, 137
Trd, 8639085.479, 99
Trd, 8639085.512, 97
Trd, 8639086.246, 67
Trd, 8639086.446, 73
Trd, 8639087.246, 65
Trd, 8639087.779, 75
Trd, 8639087.946, 66
Trd, 8639088.046, 96
Trd, 8639088.579, 113
Trd, 8639088.779, 109
Trd, 8639089.412, 104
Trd, 8639089.712, 103
Trd, 8639089.946, 101
Trd, 8639091.012, 100
Trd, 8639091.312, 136
Trd, 8639091.412, 93
Trd, 8639091.446, 92
Trd, 8639091.612, 138
Trd, 8639091.879, 124
Trd, 8639092.212, 109
Trd, 8639092.979, 102
Trd, 8639093.212, 83
Trd, 8639093.946, 132
Trd, 8639094.346, 124
Trd, 8639094.612, 137
Trd, 8639094.846, 137
Trd, 8639095.079, 120
Trd, 8639095.179, 113
Trd, 8639095.979, 133
Trd, 8639096.379, 126
Trd, 8639096.779, 123
Trd, 8639097.046, 119
Trd, 8639097.612, 134
Trd, 8639097.779, 130
Trd, 8639097.812, 118
Trd, 8639098.412, 111
Trd, 8639098.879, 108
Trd, 8639099.179, 106
Trd, 8639099.546, 105
Trd, 8639100.112, 115
Trd, 8639100.479, 103
Trd, 8639100.612, 130
Trd, 8639101.179, 126
Trd, 8639101.712, 93
Trd, 8639101.946, 79
Trd, 8639102.679, 140
Trd, 8639103.079, 139
Trd, 8639104.212, 117
Trd, 8639104.546, 111
Trd, 8639104.679, 105
Trd, 8639105.146, 79
Trd, 8639105.212, 76
Trd, 8639105.379, 82
Trd, 8639105.546, 112
Trd, 8639106.212, 91
Trd, 8639106.812, 87
Trd, 8639106.912, 111
Trd, 8639107.346, 78
Trd, 8639107.379, 77
Trd, 8639108.412, 137
Trd, 8639108.512, 96
Trd, 8639108.579, 92
Trd, 8639109.046, 92
Trd, 8639109.112, 68
Trd, 8639109.412, 70
Trd, 8639110.846, 88
Trd, 8639111.779, 116
Trd, 8639111.979, 113
Trd, 8639112.246, 80
Trd, 8639112.279, 119
Trd, 8639112.712, 94
Trd, 8639112.979, 68
Trd, 8639113.179, 132
Trd, 8639113.246, 117
Trd, 8639113.412, 61
Trd, 8639113.612, 99
Trd, 8639115.046, 105
Trd, 8639115.512, 123
Trd, 8639116.212, 120
Trd, 8639116.679, 95
Trd, 8639117.146, 96
Trd, 8639117.246, 96
Trd, 8639117.479, 82
Trd, 8639118.046, 88
Trd, 8639118.646, 79
Trd, 8639119.146, 92
Trd, 8639119.179, 89
Trd, 8639120.012, 128
Trd, 8639120.412, 95
Trd, 8639120.546, 88
Trd, 8639121.046, 99
Trd, 8639121.712, 84
Trd, 8639122.579, 88
Trd, 8639123.179, 140
Trd, 8639123.646, 140
Trd, 8639124.346, 133
Trd, 8639124.512, 124
Trd, 8639125.346, 127
Trd, 8639125.612, 128
Trd, 8639126.479, 114
Trd, 8639127.012, 111
Trd, 8639127.346, 111
Trd, 8639127.379, 109
Trd, 8639127.612, 122
Trd, 8639127.679, 96
Trd, 8639127.946, 95
Trd, 8639128.179, 65
Trd, 8639128.312, 67
Trd, 8639128.712, 79
Trd, 8639128.979, 122
Trd, 8639129.446, 104
Trd, 8639130.712, 127
Trd, 8639131.846, 114
Trd, 8639131.879, 113
Trd, 8639132.046, 96
Trd, 8639133.279, 113
Trd, 8639133.779, 138
Trd, 8639133.812, 122
Trd, 8639134.646, 133
Trd, 8639134.912, 132
Trd, 8639135.046, 119
Trd, 8639135.846, 120
Trd, 8639136.146, 120
Trd, 8639136.812, 114
Trd, 8639136.846, 113
Trd, 8639137.279, 97
Trd, 8639137.512, 120
Trd, 8639137.712, 82
Trd, 8639138.679, 102
Trd, 8639139.346, 80
Trd, 8639139.679, 100
Trd, 8639140.079, 130
Trd, 8639140.412, 91
Trd, 8639140.979, 119
Trd, 8639141.179, 103
Trd, 8639141.446, 138
Trd, 8639141.779, 136
Trd, 8639142.012, 129
Trd, 8639142.512, 130
Trd, 8639142.646, 129
Trd, 8639143.079, 119
Trd, 8639143.279, 118
Trd, 8639144.112, 139
Trd, 8639144.146, 113
Trd, 8639145.546, 132
Trd, 8639145.746, 122
Trd, 8639146.012, 136
Trd, 8639146.146, 106
Trd, 8639146.346, 92
Trd, 8639146.746, 94
Trd, 8639147.679, 90
Trd, 8639148.012, 91
Trd, 8639148.779, 115
Trd, 8639149.012, 114
Trd, 8639149.212, 127
Trd, 8639149.346, 71
Trd, 8639149.912, 110
Trd, 8639151.279, 110
Trd, 8639151.312, 104
Trd, 8639151.379, 94
Trd, 8639151.712, 93
Trd, 8639151.812, 85
Trd, 8639152.446, 117
Trd, 8639152.946, 85
Trd, 8639153.912, 90
Trd, 8639154.412, 94
Trd, 8639154.812, 89
Trd, 8639155.012, 79
Trd, 8639155.412, 76
Trd, 8639155.879, 121
Trd, 8639156.112, 119
Trd, 8639156.579, 90
Trd, 8639156.779, 94
Trd, 8639157.979, 104
Trd, 8639158.112, 102
Trd, 8639158.212, 84
Trd, 8639158.612, 66
Trd, 8639159.046, 95
Trd, 8639159.412, 107
Trd, 8639159.579, 82
Trd, 8639159.879, 138
Trd, 8639160.112, 75
Trd, 8639161.512, 96
Trd, 8639161.912, 118
Trd, 8639162.846, 133
Trd, 8639163.279, 100
Trd, 8639163.346, 93
Trd, 8639163.812, 100
Trd, 8639164.012, 99
Trd, 8639164.379, 68
Trd, 8639164.479, 80
Trd, 8639164.879, 61
Trd, 8639165.046, 70
Trd, 8639165.446, 90
Trd, 8639165.746, 74
Trd, 8639166.112, 93
Trd, 8639166.246, 103
Trd, 8639166.312, 93
Trd, 8639167.412, 62
Trd, 8639167.546, 70
Trd, 8639168.312, 86
Trd, 8639168.546, 91
Trd, 8639169.079, 83
Trd, 8639169.546, 60
Trd, 8639170.079, 108
Trd, 8639171.312, 81
Trd, 8639171.779, 63
Trd, 8639172.046, 61
Trd, 8639172.179, 86
Trd, 8639172.279, 87
Trd, 8639172.346, 65
Trd, 8639172.779, 60
Trd, 8639172.846, 73
Trd, 8639173.012, 111
Trd, 8639173.346, 128
Trd, 8639173.712, 61
Trd, 8639174.646, 62
Trd, 8639175.279, 65
Trd, 8639175.812, 70
Trd, 8639175.846, 72
Trd, 8639176.346, 74
Trd, 8639176.546, 80
Trd, 8639176.812, 87
Trd, 8639177.612, 125
Trd, 8639177.779, 124
Trd, 8639177.979, 123
Trd, 8639178.346, 87
Trd, 8639178.579, 64
Trd, 8639178.946, 67
Trd, 8639179.446, 63
Trd, 8639179.746, 63
Trd, 8639180.212, 98
Trd, 8639180.679, 112
Trd, 8639180.979, 67
Trd, 8639181.446, 117
Trd, 8639181.879, 104
Trd, 8639182.446, 86
Trd, 8639183.279, 122
Trd, 8639183.712, 121
Trd, 8639183.946, 115
Trd, 8639184.446, 140
Trd, 8639184.912, 116
Trd, 8639185.246, 115
Trd, 8639185.446, 112
Trd, 8639185.779, 124
Trd, 8639185.812, 108
Trd, 8639186.212, 103
Trd, 8639187.446, 106
Trd, 8639188.279, 98
Trd, 8639188.346, 94
Trd, 8639188.446, 86
Trd, 8639188.679, 69
Trd, 8639189.279, 60
Trd, 8639190.279, 72
Trd, 8639190.679, 110
Trd, 8639190.712, 102
Trd, 8639191.312, 119
Trd, 8639191.946, 107
Trd, 8639192.112, 109
Trd, 8639193.346, 107
Trd, 8639193.579, 108
Trd, 8639193.646, 107
Trd, 8639194.212, 123
Trd, 8639194.446, 119
Trd, 8639194.512, 106
Trd, 8639194.612, 102
Trd, 8639195.012, 109
Trd, 8639195.112, 79
Trd, 8639196.112, 138
Trd, 8639197.046, 129
Trd, 8639197.146, 128
Trd, 8639198.146, 123
Trd, 8639198.312, 122
Trd, 8639198.779, 121
Trd, 8639198.812, 111
Trd, 8639199.046, 109
Trd, 8639199.579, 108
Trd, 8639200.046, 127
Trd, 8639200.079, 103
Trd, 8639200.746, 60
Trd, 8639200.979, 63
Trd, 8639201.379, 66
Trd, 8639202.346, 61
Trd, 8639202.412, 61
Trd, 8639203.446, 66
Trd, 8639203.779, 92
Trd, 8639204.512, 64
Trd, 8639204.846, 69
Trd, 8639204.979, 69
Trd, 8639205.579, 102
Trd, 8639205.646, 64
Trd, 8639205.746, 61
Trd, 8639206.179, 68
Trd, 8639206.446, 112
Trd, 8639207.079, 129
Trd, 8639207.212, 127
Trd, 8639207.879, 139
Trd, 8639209.046, 127
Trd, 8639209.612, 116
Trd, 8639209.679, 113
Trd, 8639209.746, 110
Trd, 8639210.012, 101
Trd, 8639210.579, 85
Trd, 8639210.912, 63
Trd, 8639211.246, 87
Trd, 8639211.979, 60
Trd, 8639212.179, 63
Trd, 8639212.279, 123
Trd, 8639213.112, 74
Trd, 8639213.212, 78
Trd, 8639213.312, 88
Trd, 8639213.912, 82
Trd, 8639214.146, 79
Trd, 8639214.546, 76
Trd, 8639216.379, 124
Trd, 8639217.046, 98
Trd, 8639217.312, 98
Trd, 8639217.346, 90
Trd, 8639217.946, 97
Trd, 8639218.312, 104
Trd, 8639218.346, 103
Trd, 8639219.046, 77
Trd, 8639219.246, 74
Trd, 8639219.379, 74
Trd, 8639219.412, 114
Trd, 8639221.479, 111
Trd, 8639221.579, 109
Trd, 8639222.912, 77
Trd, 8639222.946, 89
Trd, 8639222.979, 76
Trd, 8639223.212, 115
Trd, 8639223.879, 77
Trd, 8639224.446, 76
Trd, 8639224.612, 64
Trd, 8639225.346, 74
Trd, 8639225.612, 92
Trd, 8639226.479, 117
Trd, 8639227.612, 83
Trd, 8639228.212, 76
Trd, 8639228.312, 97
Trd, 8639228.746, 73
Trd, 8639229.246, 71
Trd, 8639229.346, 85
Trd, 8639229.579, 97
Trd, 8639230.246, 61
Trd, 8639230.546, 73
Trd, 8639231.279, 64
Trd, 8639232.312, 66
Trd, 8639232.512, 79
Trd, 8639233.279, 74
Trd, 8639233.446, 61
Trd, 8639233.579, 64
Trd, 8639233.946, 67
Trd, 8639234.612, 70
Trd, 8639235.512, 113
Trd, 8639235.712, 90
Trd, 8639236.479, 81
Trd, 8639236.812, 96
Trd, 8639236.979, 106
Trd, 8639237.412, 99
Trd, 8639237.779, 89
Trd, 8639237.912, 88
Trd, 8639237.946, 77
Trd, 8639238.446, 125
Trd, 8639238.546, 124
Trd, 8639239.079, 91
Trd, 8639239.112, 70
Trd, 8639239.546, 111
Trd, 8639239.979, 129
Trd, 8639240.846, 85
Trd, 8639240.979, 98
Trd, 8639241.612, 111
Trd, 8639241.646, 100
Trd, 8639243.412, 100
Trd, 8639243.446, 99
Trd, 8639243.612, 96
Trd, 8639243.979, 78
Trd, 8639244.079, 99
Trd, 8639244.279, 107
Trd, 8639244.412, 110
Trd, 8639245.246, 109
Trd, 8639245.279, 76
Trd, 8639245.579, 78
Trd, 8639246.412, 87
Trd, 8639247.079, 95
Trd, 8639247.546, 93
Trd, 8639247.879, 118
Trd, 8639248.312, 137
Trd, 8639248.979, 130
Trd, 8639249.179, 129
Trd, 8639249.446, 115
Trd, 8639250.112, 123
Trd, 8639250.146, 117
Trd, 8639250.712, 112
Trd, 8639251.146, 129
Trd, 8639251.879, 121
Trd, 8639252.346, 111
Trd, 8639252.779, 99
Trd, 8639253.146, 104
Trd, 8639253.846, 108
Trd, 8639254.312, 99
Trd, 8639254.646, 98
Trd, 8639255.146, 113
Trd, 8639255.246, 98
Trd, 8639256.046, 85
Trd, 8639256.079, 115
Trd, 8639256.579, 107
Trd, 8639257.079, 107
Trd, 8639257.212, 92
Trd, 8639257.446, 118
Trd, 8639257.479, 117
Trd, 8639257.812, 100
Trd, 8639259.079, 132
Trd, 8639259.412, 132
Trd, 8639259.979, 119
Trd, 8639260.146, 115
Trd, 8639260.246, 115
Trd, 8639260.746, 114
Trd, 8639261.646, 121
Trd, 8639262.112, 114
Trd, 8639262.146, 111
Trd, 8639263.646, 103
Trd, 8639264.012, 87
Trd, 8639264.179, 76
Trd, 8639264.279, 74
Trd, 8639265.146, 62
Trd, 8639265.746, 108
Trd, 8639266.012, 126
Trd, 8639267.212, 133
Trd, 8639267.312, 132
Trd, 8639267.379, 129
Trd, 8639267.546, 126
Trd, 8639267.579, 125
Trd, 8639268.146, 102
Trd, 8639268.179, 86
Trd, 8639268.912, 110
Trd, 8639269.579, 112
Trd, 8639269.879, 104
Trd, 8639270.179, 123
Trd, 8639270.712, 126
Trd, 8639270.812, 107
Trd, 8639271.512, 99
Trd, 8639271.979, 92
Trd, 8639273.279, 120
Trd, 8639273.879, 136
Trd, 8639273.946, 135
Trd, 8639274.012, 119
Trd, 8639274.146, 101
Trd, 8639274.412, 121
Trd, 8639274.446, 91
Trd, 8639275.212, 86
Trd, 8639275.579, 107
Trd, 8639276.512, 80
Trd, 8639277.779, 138
Trd, 8639277.879, 102
Trd, 8639278.579, 131
Trd, 8639278.846, 133
Trd, 8639279.246, 126
Trd, 8639279.279, 110
Trd, 8639279.446, 119
Trd, 8639279.879, 99
Trd, 8639280.312, 75
Trd, 8639281.212, 75
Trd, 8639281.646, 69
Trd, 8639281.979, 119
Trd, 8639282.079, 98
Trd, 8639282.212, 87
Trd, 8639282.379, 96
Trd, 8639282.579, 136
Trd, 8639283.246, 66
Trd, 8639283.779, 71
Trd, 8639284.812, 60
Trd, 8639284.946, 79
Trd, 8639285.512, 125
Trd, 8639285.746, 101
Trd, 8639286.446, 64
Trd, 8639287.079, 109
Trd, 8639287.212, 106
Trd, 8639287.312, 93
Trd, 8639288.712, 109
Trd, 8639288.812, 106
Trd, 8639288.979, 92
Trd, 8639289.412, 82
Trd, 8639289.612, 87
Trd, 8639289.846, 90
Trd, 8639290.346, 83
Trd, 8639290.412, 96
Trd, 8639290.579, 81
Trd, 8639290.679, 112
Trd, 8639291.646, 102
Trd, 8639292.712, 78
Trd, 8639292.746, 96
Trd, 8639293.212, 90
Trd, 8639293.546, 103
Trd, 8639293.579, 102
Trd, 8639293.912, 107
Trd, 8639294.012, 110
Trd, 8639295.079, 91
Trd, 8639295.346, 95
Trd, 8639295.612, 84
Trd, 8639296.712, 60
Trd, 8639297.079, 62
Trd, 8639297.546, 62
Trd, 8639297.946, 66
Trd, 8639297.979, 82
Trd, 8639298.846, 61
Trd, 8639299.079, 69
Trd, 8639299.812, 62
Trd, 8639300.046, 63
Trd, 8639300.379, 76
Trd, 8639300.879, 115
Trd, 8639300.946, 102
Trd, 8639301.012, 116
Trd, 8639301.779, 124
Trd, 8639301.979, 129
Trd, 8639302.012, 123
Trd, 8639302.379, 118
Trd, 8639302.912, 111
Trd, 8639302.946, 87
Trd, 8639303.312, 63
Trd, 8639303.446, 81
Trd, 8639304.846, 62
Trd, 8639305.312, 63
Trd, 8639305.512, 69
Trd, 8639305.646, 112
Trd, 8639306.246, 96
Trd, 8639306.479, 61
Trd, 8639307.079, 62
Trd, 8639308.446, 64
Trd, 8639308.546, 71
Trd, 8639309.312, 65
Trd, 8639309.946, 60
Trd, 8639310.012, 64
Trd, 8639310.479, 78
Trd, 8639311.112, 93
Trd, 8639311.279, 104
Trd, 8639311.412, 103
Trd, 8639311.646, 61
Trd, 8639312.379, 118
Trd, 8639312.746, 76
Trd, 8639313.612, 105
Trd, 8639314.246, 96
Trd, 8639314.812, 85
Trd, 8639314.979, 76
Trd, 8639315.446, 80
Trd, 8639315.479, 118
Trd, 8639315.546, 131
Trd, 8639315.746, 77
Trd, 8639316.012, 74
Trd, 8639316.512, 124
Trd, 8639317.746, 60
Trd, 8639317.946, 67
Trd, 8639319.012, 65
Trd, 8639319.612, 73
Trd, 8639319.679, 71
Trd, 8639319.812, 80
Trd, 8639320.979, 81
Trd, 8639321.112, 76
Trd, 8639321.779, 83
Trd, 8639322.279, 74
Trd, 8639322.712, 108
Trd, 8639322.979, 92
Trd, 8639323.479, 91
Trd, 8639324.012, 78
Trd, 8639324.046, 121
Trd, 8639324.112, 77
Trd, 8639324.446, 73
Trd, 8639324.646, 71
Trd, 8639325.379, 121
Trd, 8639326.112, 138
Trd, 8639326.312, 107
Trd, 8639326.512, 103
Trd, 8639326.846, 123
Trd, 8639327.112, 88
Trd, 8639327.512, 70
Trd, 8639327.746, 106
Trd, 8639328.446, 99
Trd, 8639328.779, 127
Trd, 8639329.112, 98
Trd, 8639330.979, 127
Trd, 8639331.179, 121
Trd, 8639331.646, 114
Trd, 8639332.146, 98
Trd, 8639332.246, 96
Trd, 8639332.379, 93
Trd, 8639332.812, 140
Trd, 8639332.979, 137
Trd, 8639333.146, 127
Trd, 8639333.646, 104
Trd, 8639334.379, 135
Trd, 8639334.812, 130
Trd, 8639335.679, 126
Trd, 8639336.679, 137
Trd, 8639337.012, 127
Trd, 8639337.112, 127
Trd, 8639337.379, 124
Trd, 8639337.512, 105
Trd, 8639337.979, 100
Trd, 8639338.312, 87
Trd, 8639339.012, 64
Trd, 8639339.546, 61
Trd, 8639339.912, 87
Trd, 8639340.212, 104
Trd, 8639340.546, 71
Trd, 8639340.646, 92
Trd, 8639341.412, 127
Trd, 8639341.479, 110
Trd, 8639342.079, 109
Trd, 8639342.246, 108
Trd, 8639342.712, 123
Trd, 8639342.979, 108
Trd, 8639343.179, 134
Trd, 8639343.312, 133
Trd, 8639343.446, 107
Trd, 8639343.979, 88
Trd, 8639344.246, 109
Trd, 8639344.812, 63
Trd, 8639345.246, 60
Trd, 8639345.612, 83
Trd, 8639346.012, 84
Trd, 8639346.212, 88
Trd, 8639346.946, 91
Trd, 8639348.279, 112
Trd, 8639348.512, 112
Trd, 8639348.546, 126
Trd, 8639348.812, 109
Trd, 8639349.246, 101
Trd, 8639349.846, 123
Trd, 8639350.379, 121
Trd, 8639350.546, 115
Trd, 8639350.746, 97
Trd, 8639350.879, 86
Trd, 8639351.046, 115
Trd, 8639351.446, 77
Trd, 8639351.712, 68
Trd, 8639352.646, 67
Trd, 8639352.812, 80
Trd, 8639353.279, 83
Trd, 8639354.212, 133
Trd, 8639354.446, 133
Trd, 8639355.279, 125
Trd, 8639355.346, 122
Trd, 8639356.546, 140
Trd, 8639356.846, 108
Trd, 8639357.112, 64
Trd, 8639357.312, 65
Trd, 8639358.346, 102
Trd, 8639358.679, 81
Trd, 8639359.046, 78
Trd, 8639359.579, 93
Trd, 8639359.646, 128
Trd, 8639359.912, 79
Trd, 8639360.312, 79
Trd, 8639360.646, 137
Trd, 8639361.312, 91
Trd, 8639361.546, 90
Trd, 8639361.612, 113
Trd, 8639361.779, 60
Trd, 8639362.079, 132
Trd, 8639363.079, 98
Trd, 8639363.512, 102
Trd, 8639364.446, 131
Trd, 8639364.679, 134
Trd, 8639364.946, 79
Trd, 8639364.979, 67
Trd, 8639365.479, 66
Trd, 8639365.612, 97
Trd, 8639366.146, 104
Trd, 8639366.246, 110
Trd, 8639367.446, 99
Trd, 8639368.279, 106
Trd, 8639368.712, 105
Trd, 8639368.746, 105
Trd, 8639369.312, 104
Trd, 8639369.779, 110
Trd, 8639370.046, 133
Trd, 8639370.079, 92
Trd, 8639370.279, 132
Trd, 8639370.779, 96
Trd, 8639371.112, 120
Trd, 8639371.179, 97
Trd, 8639372.579, 140
Trd, 8639373.079, 140
Trd, 8639373.279, 139
Trd, 8639373.379, 138
Trd, 8639373.479, 137
Trd, 8639374.446, 137
Trd, 8639375.279, 133
Trd, 8639375.312, 126
Trd, 8639375.346, 103
Trd, 8639375.412, 89
Trd, 8639376.179, 99
Trd, 8639376.346, 88
Trd, 8639376.512, 114
Trd, 8639376.912, 102
Trd, 8639377.446, 100
Trd, 8639377.746, 101
Trd, 8639378.246, 121
Trd, 8639378.612, 95
Trd, 8639379.079, 102
Trd, 8639379.612, 66
Trd, 8639379.712, 83
Trd, 8639380.046, 73
Trd, 8639380.612, 131
Trd, 8639380.812, 120
Trd, 8639381.546, 115
Trd, 8639381.879, 85
Trd, 8639382.746, 139
Trd, 8639383.812, 83
Trd, 8639384.079, 82
Trd, 8639384.146, 109
Trd, 8639384.446, 123
Trd, 8639385.279, 110
Trd, 8639385.312, 125
Trd, 8639385.679, 113
Trd, 8639386.312, 74
Trd, 8639386.546, 75
Trd, 8639386.846, 80
Trd, 8639387.279, 112
Trd, 8639387.412, 106
Trd, 8639388.146, 93
Trd, 8639388.346, 79
Trd, 8639388.379, 76
Trd, 8639389.346, 61
Trd, 8639389.812, 63
Trd, 8639391.246, 61
Trd, 8639391.279, 62
Trd, 8639391.379, 63
Trd, 8639391.646, 122
Trd, 8639391.879, 97
Trd, 8639392.212, 97
Trd, 8639392.412, 109
Trd, 8639392.712, 68
Trd, 8639393.146, 126
Trd, 8639393.246, 114
Trd, 8639393.346, 108
Trd, 8639393.512, 60
Trd, 8639393.946, 67
Trd, 8639395.012, 72
Trd, 8639396.046, 67
Trd, 8639396.579, 71
Trd, 8639396.712, 61
Trd, 8639396.946, 71
Trd, 8639398.046, 75
Trd, 8639398.612, 63
Trd, 8639399.046, 124
Trd, 8639399.946, 97
Trd, 8639400.579, 60
Trd, 8639400.779, 65
Trd, 8639401.412, 73
Trd, 8639402.012, 60
Trd, 8639402.246, 68
Trd, 8639402.946, 60
Trd, 8639403.246, 62
Trd, 8639404.579, 106
Trd, 8639404.879, 105
Trd, 8639405.012, 105
Trd, 8639405.146, 103
Trd, 8639405.212, 85
Trd, 8639405.512, 69
Trd, 8639406.912, 77
Trd, 8639407.046, 105
Trd, 8639407.712, 65
Trd, 8639408.412, 65
Trd, 8639408.446, 108
Trd, 8639409.512, 123
Trd, 8639409.646, 125
Trd, 8639409.912, 114
Trd, 8639410.979, 111
Trd, 8639411.646, 110
Trd, 8639411.712, 127
Trd, 8639411.846, 86
Trd, 8639412.212, 118
Trd, 8639412.779, 78
Trd, 8639413.046, 86
Trd, 8639413.279, 86
Trd, 8639413.312, 63
Trd, 8639413.679, 96
Trd, 8639414.146, 67
Trd, 8639414.479, 88
Trd, 8639415.012, 98
Trd, 8639415.312, 71
Trd, 8639416.479, 64
Trd, 8639416.946, 71
Trd, 8639417.212, 66
Trd, 8639417.779, 66
Trd, 8639419.446, 76
Trd, 8639420.146, 75
Trd, 8639420.279, 83
Trd, 8639420.679, 119
Trd, 8639421.112, 130
Trd, 8639421.346, 114
Trd, 8639421.846, 118
Trd, 8639421.946, 112
Trd, 8639422.512, 125
Trd, 8639422.746, 102
Trd, 8639422.946, 73
Trd, 8639423.312, 117
Trd, 8639423.712, 87
Trd, 8639424.446, 74
Trd, 8639424.612, 68
Trd, 8639424.946, 136
Trd, 8639425.346, 104
Trd, 8639425.379, 104
Trd, 8639425.579, 92
Trd, 8639426.379, 82
Trd, 8639427.479, 134
Trd, 8639427.612, 96
Trd, 8639428.012, 126
Trd, 8639429.679, 102
Trd, 8639430.179, 102
Trd, 8639430.746, 127
Trd, 8639430.879, 106
Trd, 8639431.179, 114
Trd, 8639431.246, 110
Trd, 8639431.346, 99
Trd, 8639431.946, 90
Trd, 8639432.179, 112
Trd, 8639432.412, 118
Trd, 8639432.712, 104
Trd, 8639433.746, 97
Trd, 8639433.846, 100
Trd, 8639434.279, 96
Trd, 8639434.579, 92
Trd, 8639434.746, 112
Trd, 8639435.246, 115
Trd, 8639435.546, 89
Trd, 8639436.079, 103
Trd, 8639436.346, 138
Trd, 8639437.512, 114
Trd, 8639437.546, 113
Trd, 8639437.579, 88
Trd, 8639439.046, 131
Trd, 8639439.379, 117
Trd, 8639439.979, 118
Trd, 8639440.379, 124
Trd, 8639440.512, 113
Trd, 8639440.679, 112
Trd, 8639441.079, 119
Trd, 8639441.812, 111
Trd, 8639442.046, 125
Trd, 8639442.179, 97
Trd, 8639442.212, 72
Trd, 8639442.579, 97
Trd, 8639442.979, 114
Trd, 8639443.146, 113
Trd, 8639443.179, 95
Trd, 8639443.746, 125
Trd, 8639444.079, 128
Trd, 8639444.646, 119
Trd, 8639444.812, 135
Trd, 8639445.146, 120
Trd, 8639445.479, 134
Trd, 8639446.246, 86
Trd, 8639446.479, 89
Trd, 8639446.946, 85
Trd, 8639447.912, 106
Trd, 8639448.279, 90
Trd, 8639449.012, 134
Trd, 8639449.312, 97
Trd, 8639449.712, 75
Trd, 8639450.446, 62
Trd, 8639450.879, 79
Trd, 8639450.979, 110
Trd, 8639451.712, 62
Trd, 8639452.212, 67
Trd, 8639452.746, 61
Trd, 8639453.212, 63
Trd, 8639453.246, 65
Trd, 8639453.479, 86
Trd, 8639453.779, 133
Trd, 8639453.812, 123
Trd, 8639454.046, 79
Trd, 8639454.946, 97
Trd, 8639455.346, 97
Trd, 8639455.612, 111
Trd, 8639455.846, 112
Trd, 8639456.779, 96
Trd, 8639457.412, 109
Trd, 8639457.879, 97
Trd, 8639457.912, 96
Trd, 8639458.379, 101
Trd, 8639458.979, 121
Trd, 8639459.412, 73
Trd, 8639459.946, 72
Trd, 8639460.079, 87
Trd, 8639460.612, 75
Trd, 8639461.112, 70
Trd, 8639461.579, 109
Trd, 8639462.146, 79
Trd, 8639462.512, 75
Trd, 8639462.612, 128
Trd, 8639463.112, 74
Trd, 8639463.412, 79
Trd, 8639463.779, 69
Trd, 8639464.312, 62
Trd, 8639465.246, 71
Trd, 8639465.446, 68
Trd, 8639466.246, 107
Trd, 8639466.612, 133
Trd, 8639466.679, 138
Trd, 8639467.446, 109
Trd, 8639467.512, 107
Trd, 8639467.879, 94
Trd, 8639468.312, 108
Trd, 8639468.646, 99
Trd, 8639468.679, 98
Trd, 8639469.346, 82
Trd, 8639469.779, 111
Trd, 8639470.079, 95
Trd, 8639470.746, 104
Trd, 8639470.979, 109
Trd, 8639472.112, 86
Trd, 8639472.246, 84
Trd, 8639472.379, 78
Trd, 8639472.512, 66
Trd, 8639472.579, 91
Trd, 8639473.846, 64
Trd, 8639474.246, 61
Trd, 8639474.512, 64
Trd, 8639475.112, 65
Trd, 8639475.712, 62
Trd, 8639476.479, 119
Trd, 8639476.679, 86
Trd, 8639477.046, 81
Trd, 8639477.146, 77
Trd, 8639477.312, 60
Trd, 8639478.379, 68
Trd, 8639479.312, 82
Trd, 8639479.512, 111
Trd, 8639479.779, 72
Trd, 8639480.212, 72
Trd, 8639480.579, 99
Trd, 8639481.279, 100
Trd, 8639481.346, 77
Trd, 8639481.512, 128
Trd, 8639481.546, 120
Trd, 8639482.046, 93
Trd, 8639482.212, 92
Trd, 8639482.446, 91
Trd, 8639483.246, 98
Trd, 8639484.146, 128
Trd, 8639484.179, 108
Trd, 8639485.246, 135
Trd, 8639486.212, 139
Trd, 8639486.279, 138
Trd, 8639486.312, 137
Trd, 8639487.112, 130
Trd, 8639487.612, 119
Trd, 8639487.712, 118
Trd, 8639488.279, 116
Trd, 8639488.412, 113
Trd, 8639488.446, 101
Trd, 8639488.646, 108
Trd, 8639488.812, 79
Trd, 8639489.712, 126
Trd, 8639489.979, 131
Trd, 8639490.179, 85
Trd, 8639491.279, 129
Trd, 8639491.612, 125
Trd, 8639491.646, 88
Trd, 8639492.079, 112
Trd, 8639493.079, 91
Trd, 8639493.846, 104
Trd, 8639493.946, 90
Trd, 8639493.979, 75
Trd, 8639494.312, 73
Trd, 8639495.412, 72
Trd, 8639495.912, 70
Trd, 8639496.012, 108
Trd, 8639496.412, 95
Trd, 8639496.946, 125
Trd, 8639498.712, 115
Trd, 8639498.946, 105
Trd, 8639499.079, 94
Trd, 8639499.246, 90
Trd, 8639499.312, 80
Trd, 8639499.646, 130
Trd, 8639500.079, 133
Trd, 8639500.746, 133
Trd, 8639501.446, 137
Trd, 8639501.612, 107
Trd, 8639502.579, 73
Trd, 8639502.979, 70
Trd, 8639503.146, 64
Trd, 8639504.112, 127
Trd, 8639504.646, 126
Trd, 8639505.279, 112
Trd, 8639505.412, 112
Trd, 8639505.712, 111
Trd, 8639506.246, 109
Trd, 8639506.479, 106
Trd, 8639506.512, 95
Trd, 8639506.746, 91
Trd, 8639507.579, 131
Trd, 8639507.646, 123
Trd, 8639507.812, 74
Trd, 8639508.512, 93
Trd, 8639508.879, 104
Trd, 8639509.412, 93
Trd, 8639509.746, 138
Trd, 8639510.312, 138
Trd, 8639510.412, 137
Trd, 8639510.779, 112
Trd, 8639511.246, 98
Trd, 8639511.779, 81
Trd, 8639512.046, 71
Trd, 8639512.346, 90
Trd, 8639512.479, 121
Trd, 8639512.679, 66
Trd, 8639512.846, 91
Trd, 8639513.046, 102
Trd, 8639513.346, 122
Trd, 8639514.846, 86
Trd, 8639515.012, 120
Trd, 8639515.746, 94
Trd, 8639516.012, 75
Trd, 8639516.679, 75
Trd, 8639516.812, 81
Trd, 8639516.912, 72
Trd, 8639517.046, 72
Trd, 8639518.246, 108
Trd, 8639518.346, 106
Trd, 8639518.379, 104
Trd, 8639518.679, 109
Trd, 8639519.146, 130
Trd, 8639519.479, 116
Trd, 8639520.212, 102
Trd, 8639520.312, 97
Trd, 8639521.279, 129
Trd, 8639521.512, 127
Trd, 8639521.946, 125
Trd, 8639522.679, 117
Trd, 8639522.879, 113
Trd, 8639523.012, 114
Trd, 8639523.612, 112
Trd, 8639524.079, 126
Trd, 8639524.246, 112
Trd, 8639524.546, 88
Trd, 8639524.946, 79
Trd, 8639525.346, 64
Trd, 8639526.079, 68
Trd, 8639526.379, 63
Trd, 8639526.912, 64
Trd, 8639527.879, 68
Trd, 8639527.912, 67
Trd, 8639528.212, 76
Trd, 8639528.579, 74
Trd, 8639529.212, 106
Trd, 8639529.246, 73
Trd, 8639529.679, 124
Trd, 8639530.246, 77
Trd, 8639530.946, 62
Trd, 8639531.246, 64
Trd, 8639531.379, 69
Trd, 8639532.779, 102
Trd, 8639532.879, 102
Trd, 8639533.146, 100
Trd, 8639533.179, 100
Trd, 8639533.512, 70
Trd, 8639533.812, 90
Trd, 8639534.079, 99
Trd, 8639535.012, 113
Trd, 8639535.312, 107
Trd, 8639535.412, 114
Trd, 8639535.612, 61
Trd, 8639536.446, 122
Trd, 8639536.546, 116
Trd, 8639537.379, 96
Trd, 8639537.512, 93
Trd, 8639537.646, 140
Trd, 8639538.079, 91
Trd, 8639538.512, 90
Trd, 8639538.679, 114
Trd, 8639538.812, 131
Trd, 8639539.246, 134
Trd, 8639539.546, 132
Trd, 8639540.746, 131
Trd, 8639540.812, 128
Trd, 8639541.046, 112
Trd, 8639541.212, 124
Trd, 8639542.179, 68
Trd, 8639542.879, 67
Trd, 8639543.546, 67
Trd, 8639544.046, 104
Trd, 8639544.312, 62
Trd, 8639544.746, 62
Trd, 8639544.812, 62
Trd, 8639545.979, 65
Trd, 8639546.212, 65
Trd, 8639546.546, 65
Trd, 8639546.779, 71
Trd, 8639547.179, 65
Trd, 8639547.579, 72
Trd, 8639547.979, 64
Trd, 8639548.079, 64
Trd, 8639548.812, 64
Trd, 8639548.846, 65
Trd, 8639549.812, 81
Trd, 8639550.612, 100
Trd, 8639550.946, 99
Trd, 8639551.346, 97
Trd, 8639551.546, 110
Trd, 8639551.712, 113
Trd, 8639551.846, 104
Trd, 8639551.946, 95
Trd, 8639552.112, 116
Trd, 8639552.246, 103
Trd, 8639552.746, 94
Trd, 8639552.879, 68
Trd, 8639553.979, 64
Trd, 8639554.546, 126
Trd, 8639555.179, 88
Trd, 8639555.379, 86
Trd, 8639555.846, 91
Trd, 8639556.312, 105
Trd, 8639556.512, 95
Trd, 8639556.679, 115
Trd, 8639557.212, 78
Trd, 8639558.246, 87
Trd, 8639559.146, 75
Trd, 8639559.579, 116
Trd, 8639560.279, 92
Trd, 8639560.546, 91
Trd, 8639561.046, 98
Trd, 8639561.546, 120
Trd, 8639562.046, 110
Trd, 8639562.212, 107
Trd, 8639562.346, 106
Trd, 8639562.479, 104
Trd, 8639563.146, 95
Trd, 8639563.346, 128
Trd, 8639563.479, 109
Trd, 8639564.112, 115
Trd, 8639564.946, 122
Trd, 8639565.179, 79
Trd, 8639565.346, 67
Trd, 8639566.979, 60
Trd, 8639567.112, 63
Trd, 8639567.912, 120
Trd, 8639568.446, 134
Trd, 8639569.112, 127
Trd, 8639569.512, 128
Trd, 8639569.779, 140
Trd, 8639570.346, 114
Trd, 8639570.712, 114
Trd, 8639570.846, 90
Trd, 8639570.946, 81
Trd, 8639571.012, 87
Trd, 8639571.812, 105
Trd, 8639571.879, 69
Trd, 8639572.679, 128
Trd, 8639573.112, 125
Trd, 8639573.212, 124
Trd, 8639573.712, 124
Trd, 8639574.012, 120
Trd, 8639574.212, 119
Trd, 8639574.612, 88
Trd, 8639574.779, 87
Trd, 8639575.379, 118
Trd, 8639575.779, 118
Trd, 8639575.846, 92
Trd, 8639576.112, 119
Trd, 8639576.146, 91
Trd, 8639576.646, 108
Trd, 8639576.746, 86
Trd, 8639578.346, 131
Trd, 8639578.579, 121
Trd, 8639578.646, 116
Trd, 8639579.279, 114
Trd, 8639579.312, 111
Trd, 8639579.446, 130
Trd, 8639579.579, 103
Trd, 8639579.712, 115
Trd, 8639580.579, 100
Trd, 8639580.646, 79
Trd, 8639581.146, 87
Trd, 8639582.212, 111
Trd, 8639582.779, 115
Trd, 8639583.112, 115
Trd, 8639583.712, 114
Trd, 8639584.079, 105
Trd, 8639584.512, 103
Trd, 8639584.679, 104
Trd, 8639584.912, 122
Trd, 8639585.579, 103
Trd, 8639586.512, 116
Trd, 8639586.712, 115
Trd, 8639586.812, 109
Trd, 8639586.946, 94
Trd, 8639587.012, 116
Trd, 8639588.146, 60
Trd, 8639588.212, 64
Trd, 8639588.312, 131
Trd, 8639589.079, 99
Trd, 8639589.212, 118
Trd, 8639589.479, 69
Trd, 8639589.612, 60
Trd, 8639590.579, 60
Trd, 8639590.846, 60
Trd, 8639591.112, 75
Trd, 8639591.546, 91
Trd, 8639592.312, 69
Trd, 8639592.779, 68
Trd, 8639593.346, 81
Trd, 8639593.379, 73
Trd, 8639593.912, 70
Trd, 8639594.146, 84
Trd, 8639594.512, 103
Trd, 8639594.779, 80
Trd, 8639594.812, 70
Trd, 8639595.212, 68
Trd, 8639595.946, 75
Trd, 8639596.379, 74
Trd, 8639596.479, 119
Trd, 8639596.746, 109
Trd, 8639597.346, 87
Trd, 8639598.012, 120
Trd, 8639598.912, 101
Trd, 8639599.246, 132
Trd, 8639599.579, 128
Trd, 8639600.079, 96
Trd, 8639600.146, 95
Trd, 8639600.546, 90
Trd, 8639600.979, 120
Trd, 8639601.046, 119
Trd, 8639601.412, 94
Trd, 8639601.479, 84
Trd, 8639602.179, 65
Trd, 8639602.679, 118
Trd, 8639602.912, 117
Trd, 8639602.946, 114
Trd, 8639603.112, 104
Trd, 8639604.212, 63
Trd, 8639604.712, 79
Trd, 8639604.979, 96
Trd, 8639605.179, 60
Trd, 8639606.112, 88
Trd, 8639606.879, 130
Trd, 8639607.212, 137
Trd, 8639607.612, 109
Trd, 8639608.046, 111
Trd, 8639608.112, 108
Trd, 8639608.212, 132
Trd, 8639608.712, 138
Trd, 8639609.279, 131
Trd, 8639609.546, 120
Trd, 8639609.612, 104
Trd, 8639610.512, 106
Trd, 8639610.679, 92
Trd, 8639610.746, 75
Trd, 8639611.846, 131
Trd, 8639612.279, 129
Trd, 8639612.479, 92
Trd, 8639612.779, 112
Trd, 8639613.012, 96
Trd, 8639614.279, 128
Trd, 8639614.412, 93
Trd, 8639614.579, 91
Trd, 8639615.112, 126
Trd, 8639615.379, 92
Trd, 8639615.846, 112
Trd, 8639615.979, 85
Trd, 8639616.246, 83
Trd, 8639617.179, 125
Trd, 8639617.312, 92
Trd, 8639618.379, 64
Trd, 8639619.212, 64
Trd, 8639619.479, 76
Trd, 8639619.512, 88
Trd, 8639620.312, 66
Trd, 8639620.646, 68
Trd, 8639620.946, 70
Trd, 8639621.112, 79
Trd, 8639621.579, 69
Trd, 8639621.646, 93
Trd, 8639622.512, 92
Trd, 8639622.579, 91
Trd, 8639623.479, 103
Trd, 8639623.779, 80
Trd, 8639624.212, 115
Trd, 8639624.312, 105
Trd, 8639625.679, 133
Trd, 8639626.112, 136
Trd, 8639626.146, 126
Trd, 8639626.512, 124
Trd, 8639626.546, 111
Trd, 8639627.279, 140
Trd, 8639627.479, 87
Trd, 8639628.512, 113
Trd, 8639628.779, 110
Trd, 8639629.012, 121
Trd, 8639629.246, 111
Trd, 8639629.512, 108
Trd, 8639630.279, 129
Trd, 8639630.346, 111
Trd, 8639630.846, 106
Trd, 8639631.012, 105
Trd, 8639631.712, 125
Trd, 8639631.946, 124
Trd, 8639632.079, 124
Trd, 8639632.212, 99
Trd, 8639633.212, 119
Trd, 8639633.346, 118
Trd, 8639633.879, 112
Trd, 8639633.979, 85
Trd, 8639634.779, 75
Trd, 8639635.479, 111
Trd, 8639636.012, 70
Trd, 8639636.746, 61
Trd, 8639637.179, 65
Trd, 8639637.379, 67
Trd, 8639638.012, 61
Trd, 8639638.846, 63
Trd, 8639639.212, 66
Trd, 8639639.446, 64
Trd, 8639640.346, 72
Trd, 8639640.679, 69
Trd, 8639640.746, 80
Trd, 8639641.246, 65
Trd, 8639641.879, 95
Trd, 8639642.146, 112
Trd, 8639642.746, 70
Trd, 8639643.246, 106
Trd, 8639643.712, 81
Trd, 8639644.246, 62
Trd, 8639644.779, 65
Trd, 8639645.079, 66
Trd, 8639646.646, 129
Trd, 8639646.812, 119
Trd, 8639647.046, 79
Trd, 8639647.546, 111
Trd, 8639647.846, 111
Trd, 8639648.179, 126
Trd, 8639648.479, 106
Trd, 8639648.512, 105
Trd, 8639648.612, 92
Trd, 8639649.646, 82
Trd, 8639650.079, 90
Trd, 8639650.446, 112
Trd, 8639651.046, 93
Trd, 8639651.079, 122
Trd, 8639651.179, 90
Trd, 8639652.579, 133
Trd, 8639652.846, 133
Trd, 8639653.579, 113
Trd, 8639653.646, 96
Trd, 8639653.712, 95
Trd, 8639653.979, 106
Trd, 8639654.012, 120
Trd, 8639654.746, 60
Trd, 8639654.946, 96
Trd, 8639655.146, 90
Trd, 8639655.212, 73
Trd, 8639656.212, 64
Trd, 8639656.479, 87
Trd, 8639657.412, 130
Trd, 8639657.512, 90
Trd, 8639658.079, 73
Trd, 8639658.612, 84
Trd, 8639659.312, 64
Trd, 8639659.646, 129
Trd, 8639660.179, 65
Trd, 8639660.412, 67
Trd, 8639660.746, 78
Trd, 8639661.946, 117
Trd, 8639662.246, 85
Trd, 8639662.279, 83
Trd, 8639662.312, 82
Trd, 8639662.446, 124
Trd, 8639663.046, 102
Trd, 8639663.812, 67
Trd, 8639664.079, 97
Trd, 8639665.579, 60
Trd, 8639666.012, 63
Trd, 8639666.079, 67
Trd, 8639666.246, 71
Trd, 8639666.746, 83
Trd, 8639666.879, 94
Trd, 8639667.079, 60
Trd, 8639667.779, 63
Trd, 8639667.946, 100
Trd, 8639668.512, 104
Trd, 8639669.146, 65
Trd, 8639670.012, 67
Trd, 8639670.779, 94
Trd, 8639670.979, 113
Trd, 8639671.312, 90
Trd, 8639671.379, 119
Trd, 8639671.946, 113
Trd, 8639672.279, 125
Trd, 8639672.312, 124
Trd, 8639672.546, 119
Trd, 8639673.212, 90
Trd, 8639674.046, 138
Trd, 8639674.312, 120
Trd, 8639674.512, 112
Trd, 8639674.979, 113
Trd, 8639675.412, 107
Trd, 8639676.212, 124
Trd, 8639676.812, 130
Trd, 8639677.146, 110
Trd, 8639677.746, 102
Trd, 8639677.812, 121
Trd, 8639678.512, 119
Trd, 8639679.046, 131
Trd, 8639679.146, 120
Trd, 8639679.546, 121
Trd, 8639679.846, 120
Trd, 8639680.179, 125
Trd, 8639680.246, 124
Trd, 8639680.846, 119
Trd, 8639680.879, 119
Trd, 8639681.112, 109
Trd, 8639681.612, 108
Trd, 8639681.912, 104
Trd, 8639682.212, 104
Trd, 8639682.246, 89
Trd, 8639682.646, 125
Trd, 8639683.046, 124
Trd, 8639683.379, 122
Trd, 8639684.112, 110
Trd, 8639685.846, 123
Trd, 8639686.012, 121
Trd, 8639686.279, 120
Trd, 8639686.612, 113
Trd, 8639686.846, 96
Trd, 8639686.946, 95
Trd, 8639687.079, 109
Trd, 8639687.679, 79
Trd, 8639688.312, 135
Trd, 8639688.479, 98
Trd, 8639688.612, 61
Trd, 8639688.646, 105
Trd, 8639689.912, 131
Trd, 8639691.112, 136
Trd, 8639691.879, 128
Trd, 8639692.146, 121
Trd, 8639692.212, 119
Trd, 8639692.479, 114
Trd, 8639693.412, 109
Trd, 8639693.612, 83
Trd, 8639694.546, 129
Trd, 8639694.646, 99
Trd, 8639695.412, 124
Trd, 8639695.679, 97
Trd, 8639695.846, 93
Trd, 8639696.246, 88
Trd, 8639696.579, 70
Trd, 8639697.212, 65
Trd, 8639697.312, 128
Trd, 8639697.546, 139
Trd, 8639697.879, 133
Trd, 8639698.279, 132
Trd, 8639699.012, 140
Trd, 8639699.812, 134
Trd, 8639699.979, 106
Trd, 8639700.279, 110
Trd, 8639700.946, 91
Trd, 8639702.012, 60
Trd, 8639702.446, 64
Trd, 8639702.646, 62
Trd, 8639703.446, 63
Trd, 8639703.512, 75
Trd, 8639703.846, 108
Trd, 8639704.746, 92
Trd, 8639705.012, 114
Trd, 8639706.379, 88
Trd, 8639706.412, 70
Trd, 8639706.679, 92
Trd, 8639707.246, 70
Trd, 8639708.446, 69
Trd, 8639708.946, 85
Trd, 8639709.179, 67
Trd, 8639709.612, 79
Trd, 8639709.679, 77
Trd, 8639709.812, 110
Trd, 8639710.412, 67
Trd, 8639710.479, 106
Trd, 8639710.746, 102
Trd, 8639711.379, 81
Trd, 8639712.346, 64
Trd, 8639712.912, 60
Trd, 8639712.979, 68
Trd, 8639713.679, 67
Trd, 8639714.179, 79
Trd, 8639715.012, 66
Trd, 8639715.212, 63
Trd, 8639715.446, 65
Trd, 8639715.846, 60
Trd, 8639716.146, 90
Trd, 8639716.512, 88
Trd, 8639716.946, 89
Trd, 8639717.046, 98
Trd, 8639717.279, 99
Trd, 8639717.379, 104
Trd, 8639718.012, 104
Trd, 8639718.746, 104
Trd, 8639719.112, 98
Trd, 8639720.546, 137
Trd, 8639720.946, 135
Trd, 8639720.979, 131
Trd, 8639722.012, 129
Trd, 8639722.246, 127
Trd, 8639722.546, 123
Trd, 8639722.812, 119
Trd, 8639723.079, 127
Trd, 8639723.179, 91
Trd, 8639723.279, 90
Trd, 8639724.512, 99
Trd, 8639725.146, 139
Trd, 8639725.646, 116
Trd, 8639725.712, 114
Trd, 8639726.146, 116
Trd, 8639726.379, 109
Trd, 8639726.546, 117
Trd, 8639726.712, 105
Trd, 8639727.612, 137
Trd, 8639727.946, 123
Trd, 8639728.012, 82
Trd, 8639728.346, 68
Trd, 8639728.712, 116
Trd, 8639728.846, 114
Trd, 8639729.512, 84
Trd, 8639730.546, 104
Trd, 8639730.612, 102
Trd, 8639730.679, 97
Trd, 8639730.812, 71
Trd, 8639731.379, 68
Trd, 8639732.579, 60
Trd, 8639732.612, 61
Trd, 8639732.746, 65
Trd, 8639733.379, 60
Trd, 8639733.846, 63
Trd, 8639734.079, 78
Trd, 8639734.112, 79
Trd, 8639735.512, 137
Trd, 8639735.779, 105
Trd, 8639735.946, 107
Trd, 8639736.512, 107
Trd, 8639736.612, 105
Trd, 8639737.112, 102
Trd, 8639737.579, 87
Trd, 8639738.779, 127
Trd, 8639738.946, 126
Trd, 8639739.879, 121
Trd, 8639740.046, 119
Trd, 8639740.446, 119
Trd, 8639740.746, 120
Trd, 8639740.879, 115
Trd, 8639741.179, 114
Trd, 8639741.546, 110
Trd, 8639742.012, 100
Trd, 8639742.046, 94
Trd, 8639742.479, 139
Trd, 8639742.712, 106
Trd, 8639743.046, 105
Trd, 8639744.179, 130
Trd, 8639744.746, 101
Trd, 8639744.879, 113
Trd, 8639745.012, 117
Trd, 8639745.979, 115
Trd, 8639746.579, 139
Trd, 8639746.912, 107
Trd, 8639747.379, 94
Trd, 8639747.646, 95
Trd, 8639747.779, 85
Trd, 8639748.879, 81
Trd, 8639749.146, 66
Trd, 8639750.012, 60
Trd, 8639750.746, 60
Trd, 8639751.046, 63
Trd, 8639751.846, 66
Trd, 8639751.879, 77
Trd, 8639752.479, 74
Trd, 8639752.946, 72
Trd, 8639753.279, 84
Trd, 8639753.846, 81
Trd, 8639753.879, 70
Trd, 8639754.779, 94
Trd, 8639754.879, 97
Trd, 8639755.612, 65
Trd, 8639755.712, 63
Trd, 8639756.212, 89
Trd, 8639756.246, 97
Trd, 8639756.479, 80
Trd, 8639757.179, 138
Trd, 8639758.079, 138
Trd, 8639758.579, 131
Trd, 8639758.679, 132
Trd, 8639758.946, 124
Trd, 8639759.312, 92
Trd, 8639759.379, 111
Trd, 8639759.446, 91
Trd, 8639759.879, 116
Trd, 8639760.712, 115
Trd, 8639761.046, 129
Trd, 8639761.479, 128
Trd, 8639761.546, 121
Trd, 8639762.379, 131
Trd, 8639762.779, 130
Trd, 8639762.979, 125
Trd, 8639763.879, 116
Trd, 8639763.946, 110
Trd, 8639764.179, 114
Trd, 8639764.346, 109
Trd, 8639764.979, 74
Trd, 8639765.112, 107
Trd, 8639765.512, 91
Trd, 8639766.046, 74
Trd, 8639766.779, 135
Trd, 8639766.979, 109
Trd, 8639767.612, 96
Trd, 8639768.479, 134
Trd, 8639768.546, 118
Trd, 8639768.679, 60
Trd, 8639769.279, 109
Trd, 8639770.312, 138
Trd, 8639770.346, 136
Trd, 8639770.679, 132
Trd, 8639770.746, 131
Trd, 8639770.946, 127
Trd, 8639771.179, 88
Trd, 8639771.312, 93
Trd, 8639771.679, 92
Trd, 8639771.746, 136
Trd, 8639772.246, 86
Trd, 8639773.512, 129
Trd, 8639773.946, 100
Trd, 8639774.312, 98
Trd, 8639774.612, 99
Trd, 8639774.779, 97
Trd, 8639775.246, 100
Trd, 8639775.346, 87
Trd, 8639775.812, 72
Trd, 8639776.079, 76
Trd, 8639776.912, 78
Trd, 8639777.212, 73
Trd, 8639777.346, 88
Trd, 8639777.446, 70
Trd, 8639777.946, 75
Trd, 8639777.979, 89
Trd, 8639778.512, 83
Trd, 8639779.412, 62
Trd, 8639780.512, 85
Trd, 8639781.046, 71
Trd, 8639781.446, 88
Trd, 8639781.779, 136
Trd, 8639782.112, 115
Trd, 8639782.179, 102
Trd, 8639782.379, 73
Trd, 8639783.246, 137
Trd, 8639783.512, 100
Trd, 8639784.479, 102
Trd, 8639784.879, 101
Trd, 8639785.846, 97
Trd, 8639785.879, 107
Trd, 8639785.912, 89
Trd, 8639786.746, 118
Trd, 8639787.412, 135
Trd, 8639787.712, 115
Trd, 8639788.012, 91
Trd, 8639788.179, 84
Trd, 8639788.779, 74
Trd, 8639788.846, 70
Trd, 8639789.579, 101
Trd, 8639789.712, 73
Trd, 8639789.946, 86
Trd, 8639791.212, 137
Trd, 8639791.779, 133
Trd, 8639791.912, 104
Trd, 8639792.212, 99
Trd, 8639792.246, 62
Trd, 8639793.012, 80
Trd, 8639793.579, 97
Trd, 8639794.279, 97
Trd, 8639794.312, 97
Trd, 8639794.612, 65
Trd, 8639795.379, 91
Trd, 8639795.412, 89
Trd, 8639796.146, 85
Trd, 8639796.212, 62
Trd, 8639796.946, 91
Trd, 8639797.079, 118
Trd, 8639797.712, 131
Trd, 8639797.879, 105
Trd, 8639798.279, 87
Trd, 8639798.512, 119
Trd, 8639799.246, 116
Trd, 8639800.046, 105
Trd, 8639800.279, 101
Trd, 8639800.812, 111
Trd, 8639801.279, 127
Trd, 8639801.546, 130
Trd, 8639801.912, 99
Trd, 8639802.379, 107
Trd, 8639802.579, 105
Trd, 8639802.612, 102
Trd, 8639803.412, 115
Trd, 8639803.779, 115
Trd, 8639803.979, 112
Trd, 8639804.312, 109
Trd, 8639804.412, 109
Trd, 8639804.979, 107
Trd, 8639805.079, 83
Trd, 8639805.212, 79
Trd, 8639806.679, 65
Trd, 8639807.046, 83
Trd, 8639807.479, 78
Trd, 8639808.012, 71
Trd, 8639808.146, 70
Trd, 8639808.612, 117
Trd, 8639809.112, 117
Trd, 8639809.379, 115
Trd, 8639810.112, 139
Trd, 8639810.279, 137
Trd, 8639811.146, 107
Trd, 8639811.212, 105
Trd, 8639812.079, 103
Trd, 8639812.912, 89
Trd, 8639812.946, 90
Trd, 8639813.079, 91
Trd, 8639813.112, 85
Trd, 8639813.379, 79
Trd, 8639813.746, 75
Trd, 8639814.312, 84
Trd, 8639815.346, 64
Trd, 8639815.679, 61
Trd, 8639815.812, 135
Trd, 8639816.479, 64
Trd, 8639816.646, 66
Trd, 8639817.146, 70
Trd, 8639817.246, 64
Trd, 8639817.779, 116
Trd, 8639817.912, 101
Trd, 8639818.312, 60
Trd, 8639818.379, 109
Trd, 8639819.012, 135
Trd, 8639819.512, 118
Trd, 8639820.679, 114
Trd, 8639820.779, 109
Trd, 8639822.079, 128
Trd, 8639822.146, 103
Trd, 8639822.512, 132
Trd, 8639822.846, 133
Trd, 8639823.446, 129
Trd, 8639823.712, 129
Trd, 8639824.979, 110
Trd, 8639825.212, 117
Trd, 8639825.446, 120
Trd, 8639826.212, 114
Trd, 8639826.279, 111
Trd, 8639826.712, 92
Trd, 8639827.312, 107
Trd, 8639827.346, 98
Trd, 8639827.446, 90
Trd, 8639828.012, 110
Trd, 8639828.512, 139
Trd, 8639828.612, 132
Trd, 8639828.812, 95
Trd, 8639828.879, 94
Trd, 8639828.946, 69
Trd, 8639829.579, 132
Trd, 8639830.112, 68
Trd, 8639830.346, 78
Trd, 8639830.746, 63
Trd, 8639831.012, 129
Trd, 8639831.779, 64
Trd, 8639832.046, 65
Trd, 8639832.412, 80
Trd, 8639832.579, 87
Trd, 8639832.946, 92
Trd, 8639833.346, 79
Trd, 8639834.612, 119
Trd, 8639835.046, 106
Trd, 8639835.612, 127
Trd, 8639835.979, 106
Trd, 8639836.012, 105
Trd, 8639836.846, 138
Trd, 8639837.479, 126
Trd, 8639837.779, 104
Trd, 8639837.879, 131
Trd, 8639838.146, 103
Trd, 8639838.812, 124
Trd, 8639839.579, 140
Trd, 8639839.646, 95
Trd, 8639839.979, 70
Trd, 8639841.112, 104
Trd, 8639841.146, 103
Trd, 8639841.546, 78
Trd, 8639842.346, 111
Trd, 8639842.412, 103
Trd, 8639842.646, 108
Trd, 8639843.312, 62
Trd, 8639843.612, 72
Trd, 8639844.212, 74
Trd, 8639844.612, 103
Trd, 8639844.946, 132
Trd, 8639845.112, 131
Trd, 8639845.379, 138
Trd, 8639845.579, 110
Trd, 8639846.212, 138
Trd, 8639847.012, 137
Trd, 8639847.579, 136
Trd, 8639847.712, 122
Trd, 8639848.146, 125
Trd, 8639848.212, 123
Trd, 8639849.112, 132
Trd, 8639850.179, 125
Trd, 8639850.579, 123
Trd, 8639850.712, 91
Trd, 8639851.579, 79
Trd, 8639851.979, 129
Trd, 8639852.179, 129
Trd, 8639852.312, 130
Trd, 8639852.412, 123
Trd, 8639853.112, 66
Trd, 8639853.646, 82
Trd, 8639854.012, 96
Trd, 8639854.412, 124
Trd, 8639854.946, 129
Trd, 8639855.312, 86
Trd, 8639856.112, 105
Trd, 8639856.312, 110
Trd, 8639856.679, 86
Trd, 8639857.379, 86
Trd, 8639857.579, 111
Trd, 8639857.779, 85
Trd, 8639857.812, 82
Trd, 8639858.179, 107
Trd, 8639858.546, 107
Trd, 8639858.746, 116
Trd, 8639859.712, 133
Trd, 8639859.746, 131
Trd, 8639859.946, 110
Trd, 8639861.412, 118
Trd, 8639861.579, 117
Trd, 8639861.779, 85
Trd, 8639863.179, 128
Trd, 8639863.546, 133
Trd, 8639863.746, 134
Trd, 8639863.812, 121
Trd, 8639863.979, 101
Trd, 8639864.379, 138
Trd, 8639864.412, 137
Trd, 8639864.512, 102
Trd, 8639865.179, 126
Trd, 8639865.879, 74
Trd, 8639866.512, 71
Trd, 8639867.479, 134
Trd, 8639867.746, 138
Trd, 8639867.779, 130
Trd, 8639867.812, 128
Trd, 8639867.946, 84
Trd, 8639868.046, 66
Trd, 8639869.246, 86
Trd, 8639869.579, 101
Trd, 8639869.946, 112
Trd, 8639870.179, 111
Trd, 8639870.579, 87
Trd, 8639870.912, 65
Trd, 8639870.979, 85
Trd, 8639872.346, 79
Trd, 8639872.779, 96
Trd, 8639873.112, 88
Trd, 8639873.346, 83
Trd, 8639874.246, 125
Trd, 8639874.312, 138
Trd, 8639875.012, 123
Trd, 8639875.046, 122
Trd, 8639875.779, 119
Trd, 8639875.946, 113
Trd, 8639876.012, 75
Trd, 8639876.112, 74
Trd, 8639876.212, 79
Trd, 8639876.879, 83
Trd, 8639876.946, 81
Trd, 8639877.046, 73
Trd, 8639877.479, 61
Trd, 8639878.446, 73
Trd, 8639878.479, 130
Trd, 8639879.212, 130
Trd, 8639879.446, 107
Trd, 8639880.146, 94
Trd, 8639880.279, 77
Trd, 8639880.679, 123
Trd, 8639880.712, 124
Trd, 8639880.779, 83
Trd, 8639882.179, 140
Trd, 8639882.612, 140
Trd, 8639882.746, 132
Trd, 8639882.946, 130
Trd, 8639883.112, 114
Trd, 8639883.812, 126
Trd, 8639884.312, 121
Trd, 8639884.846, 120
Trd, 8639885.479, 114
Trd, 8639885.579, 98
Trd, 8639885.812, 75
Trd, 8639885.979, 91
Trd, 8639886.779, 109
Trd, 8639887.112, 118
Trd, 8639888.546, 131
Trd, 8639888.779, 128
Trd, 8639888.946, 124
Trd, 8639889.146, 91
Trd, 8639889.879, 95
Trd, 8639890.012, 70
Trd, 8639890.712, 60
Trd, 8639891.012, 86
Trd, 8639891.879, 63
Trd, 8639893.346, 60
Trd, 8639894.812, 66
Trd, 8639894.979, 62
Trd, 8639895.046, 64
Trd, 8639895.379, 63
Trd, 8639895.512, 72
Trd, 8639895.679, 91
Trd, 8639896.779, 92
Trd, 8639896.846, 71
Trd, 8639897.046, 70
Trd, 8639897.446, 87
Trd, 8639898.446, 106
Trd, 8639899.179, 115
Trd, 8639900.212, 107
Trd, 8639900.312, 117
Trd, 8639900.579, 105
Trd, 8639901.046, 98
Trd, 8639902.246, 140
Trd, 8639902.712, 140
Trd, 8639902.779, 137
Trd, 8639903.279, 132
Trd, 8639903.646, 106
Trd, 8639903.779, 104
Trd, 8639903.946, 97
Trd, 8639903.979, 87
Trd, 8639904.612, 124
Trd, 8639905.146, 130
Trd, 8639905.379, 129
Trd, 8639905.679, 125
Trd, 8639906.746, 128
Trd, 8639907.046, 135
Trd, 8639907.079, 128
Trd, 8639907.346, 105
Trd, 8639907.546, 95
Trd, 8639908.246, 69
Trd, 8639908.779, 112
Trd, 8639909.146, 107
Trd, 8639909.179, 110
Trd, 8639909.546, 61
Trd, 8639910.379, 91
Trd, 8639910.746, 136
Trd, 8639910.779, 93
Trd, 8639911.046, 86
Trd, 8639911.346, 83
Trd, 8639911.812, 131
Trd, 8639911.946, 124
Trd, 8639912.412, 120
Trd, 8639912.579, 118
Trd, 8639912.746, 92
Trd, 8639913.279, 131
Trd, 8639914.479, 105
Trd, 8639914.746, 69
Trd, 8639915.012, 130
Trd, 8639915.779, 77
Trd, 8639916.512, 124
Trd, 8639916.746, 133
Trd, 8639917.079, 123
Trd, 8639917.246, 118
Trd, 8639917.646, 103
Trd, 8639917.846, 136
Trd, 8639917.879, 134
Trd, 8639918.746, 101
Trd, 8639919.346, 76
Trd, 8639919.846, 117
Trd, 8639920.646, 101
Trd, 8639922.179, 139
Trd, 8639922.546, 138
Trd, 8639922.612, 137
Trd, 8639922.812, 131
Trd, 8639923.479, 98
Trd, 8639923.579, 97
Trd, 8639923.712, 115
Trd, 8639923.746, 109
Trd, 8639924.679, 122
Trd, 8639924.912, 120
Trd, 8639924.979, 94
Trd, 8639925.012, 93
Trd, 8639925.546, 127
Trd, 8639926.179, 111
Trd, 8639926.612, 70
Trd, 8639927.246, 87
Trd, 8639927.746, 77
Trd, 8639927.779, 89
Trd, 8639928.112, 63
Trd, 8639928.646, 87
Trd, 8639929.212, 121
Trd, 8639930.112, 119
Trd, 8639930.579, 109
Trd, 8639930.846, 114
Trd, 8639931.146, 86
Trd, 8639931.379, 62
Trd, 8639932.112, 61
Trd, 8639933.212, 66
Trd, 8639933.312, 91
Trd, 8639934.179, 62
Trd, 8639934.512, 70
Trd, 8639935.379, 60
Trd, 8639935.912, 67
Trd, 8639936.179, 82
Trd, 8639936.946, 90
Trd, 8639937.112, 105
Trd, 8639937.546, 67
Trd, 8639937.846, 67
Trd, 8639937.879, 69
Trd, 8639938.412, 83
Trd, 8639938.512, 80
Trd, 8639938.812, 119
Trd, 8639938.846, 109
Trd, 8639939.212, 123
Trd, 8639940.112, 119
Trd, 8639940.446, 83
Trd, 8639941.012, 86
Trd, 8639941.146, 103
Trd, 8639941.679, 101
Trd, 8639942.679, 134
Trd, 8639942.912, 124
Trd, 8639943.746, 138
Trd, 8639943.912, 140
Trd, 8639944.579, 137
Trd, 8639944.879, 136
Trd, 8639944.979, 116
Trd, 8639945.146, 110
Trd, 8639945.546, 111
Trd, 8639946.012, 106
Trd, 8639946.079, 104
Trd, 8639946.779, 97
Trd, 8639947.412, 86
Trd, 8639947.979, 107
Trd, 8639948.212, 104
Trd, 8639948.279, 96
Trd, 8639948.546, 110
Trd, 8639948.646, 126
Trd, 8639948.946, 62
Trd, 8639949.979, 97
Trd, 8639950.012, 95
Trd, 8639950.146, 100
Trd, 8639951.512, 98
Trd, 8639952.146, 62
Trd, 8639953.112, 117
Trd, 8639953.179, 111
Trd, 8639953.846, 75
Trd, 8639954.246, 87
Trd, 8639955.046, 109
Trd, 8639955.079, 108
Trd, 8639955.312, 106
Trd, 8639955.479, 115
Trd, 8639955.879, 106
Trd, 8639956.212, 88
Trd, 8639956.512, 95
Trd, 8639957.446, 83
Trd, 8639957.946, 87
Trd, 8639958.512, 92
Trd, 8639958.879, 125
Trd, 8639959.046, 130
Trd, 8639959.146, 112
Trd, 8639959.812, 92
Trd, 8639961.212, 116
Trd, 8639961.646, 109
Trd, 8639961.812, 108
Trd, 8639961.912, 104
Trd, 8639962.879, 107
Trd, 8639963.412, 120
Trd, 8639963.712, 106
Trd, 8639963.779, 106
Trd, 8639963.979, 123
Trd, 8639964.246, 105
Trd, 8639964.412, 103
Trd, 8639964.446, 88
Trd, 8639965.079, 131
Trd, 8639965.446, 111
Trd, 8639965.846, 68
Trd, 8639966.946, 68
Trd, 8639967.246, 73
Trd, 8639967.579, 75
Trd, 8639967.946, 76
Trd, 8639968.246, 100
Trd, 8639969.212, 95
Trd, 8639970.346, 124
Trd, 8639970.612, 119
Trd, 8639971.246, 120
Trd, 8639971.346, 117
Trd, 8639971.579, 124
Trd, 8639971.846, 93
Trd, 8639971.979, 89
Trd, 8639972.112, 98
Trd, 8639972.146, 86
Trd, 8639972.979, 84
Trd, 8639973.046, 89
Trd, 8639973.412, 116
Trd, 8639975.379, 135
Trd, 8639975.612, 101
Trd, 8639975.646, 94
Trd, 8639976.212, 126
Trd, 8639976.446, 91
Trd, 8639976.712, 133
Trd, 8639977.312, 60
Trd, 8639978.479, 112
Trd, 8639978.546, 109
Trd, 8639978.879, 132
Trd, 8639978.979, 68
Trd, 8639979.246, 67
Trd, 8639979.512, 96
Trd, 8639980.479, 121
Trd, 8639980.579, 120
Trd, 8639980.612, 114
Trd, 8639980.979, 108
Trd, 8639981.779, 81
Trd, 8639981.879, 99
Trd, 8639981.946, 80
Trd, 8639982.346, 100
Trd, 8639982.946, 129
Trd, 8639982.979, 118
Trd, 8639983.946, 135
Trd, 8639984.012, 106
Trd, 8639984.112, 116
Trd, 8639984.512, 101
Trd, 8639985.179, 110
Trd, 8639985.746, 130
Trd, 8639986.012, 123
Trd, 8639986.946, 108
Trd, 8639987.846, 105
Trd, 8639988.179, 115
Trd, 8639988.379, 114
Trd, 8639988.712, 110
Trd, 8639989.312, 104
Trd, 8639989.912, 138
Trd, 8639990.279, 124
Trd, 8639990.512, 111
Trd, 8639990.746, 112
Trd, 8639990.846, 93
Trd, 8639991.946, 119
Trd, 8639992.212, 131
Trd, 8639992.512, 124
Trd, 8639992.546, 109
Trd, 8639992.612, 108
Trd, 8639993.412, 138
Trd, 8639993.512, 100
Trd, 8639993.912, 98
Trd, 8639994.012, 89
Trd, 8639994.879, 84
Trd, 8639995.146, 81
Trd, 8639995.346, 77
Trd, 8639996.912, 60
Trd, 8639997.046, 65
Trd, 8639997.112, 71
Trd, 8639997.512, 76
Trd, 8639998.012, 80
Trd, 8639998.279, 132
Trd, 8639999.579, 105
Trd, 8639999.679, 98
Trd, 8639999.946, 66
