Trd, 8638774.446, 140
Trd, 8638775.412, 140
Trd, 8638775.512, 140
Trd, 8638775.879, 140
Trd, 8638776.446, 140
Trd, 8638777.746, 140
Trd, 8638777.846, 140
Trd, 8638778.312, 140
Trd, 8638778.412, 140
Trd, 8638778.879, 140
Trd, 8638779.546, 140
Trd, 8638780.012, 140
Trd, 8638780.346, 140
Trd, 8638780.812, 140
Trd, 8638781.312, 140
Trd, 8638781.779, 140
Trd, 8638782.279, 140
Trd, 8638782.846, 140
Trd, 8638783.646, 140
Trd, 8638784.179, 140
Trd, 8638784.946, 140
Trd, 8638785.146, 140
Trd, 8638785.712, 140
Trd, 8638785.979, 140
Trd, 8638786.012, 140
Trd, 8638786.479, 140
Trd, 8638786.612, 140
Trd, 8638786.912, 140
Trd, 8638787.079, 140
Trd, 8638787.246, 140
Trd, 8638787.312, 140
Trd, 8638787.846, 140
Trd, 8638788.046, 140
Trd, 8638788.346, 140
Trd, 8638789.146, 140
Trd, 8638789.912, 140
Trd, 8638790.146, 140
Trd, 8638791.479, 140
Trd, 8638791.546, 140
Trd, 8638792.812, 140
Trd, 8638793.146, 140
Trd, 8638793.212, 140
Trd, 8638793.979, 140
Trd, 8638794.279, 140
Trd, 8638794.979, 140
Trd, 8638795.012, 140
Trd, 8638795.846, 140
Trd, 8638796.012, 140
Trd, 8638796.046, 140
Trd, 8638796.712, 140
Trd, 8638797.046, 140
Trd, 8638797.112, 140
Trd, 8638797.946, 140
Trd, 8638798.046, 140
Trd, 8638798.879, 140
Trd, 8638798.912, 140
Trd, 8638799.012, 140
Trd, 8638799.479, 140
Trd, 8638799.846, 140
Trd, 8638799.912, 140
Trd, 8638800.379, 140
Trd, 8638800.412, 140
Trd, 8638800.646, 140
Trd, 8638800.946, 138
Trd, 8638801.279, 136
Trd, 8638802.112, 140
Trd, 8638802.912, 140
Trd, 8638803.246, 140
Trd, 8638803.879, 140
Trd, 8638804.279, 140
Trd, 8638804.379, 140
Trd, 8638806.179, 140
Trd, 8638806.246, 140
Trd, 8638806.612, 140
Trd, 8638807.746, 140
Trd, 8638807.979, 140
Trd, 8638808.146, 140
Trd, 8638808.212, 140
Trd, 8638808.846, 140
Trd, 8638809.812, 140
Trd, 8638809.846, 140
Trd, 8638810.312, 140
Trd, 8638810.579, 140
Trd, 8638811.046, 140
Trd, 8638811.779, 140
Trd, 8638812.046, 140
Trd, 8638812.446, 140
Trd, 8638813.912, 140
Trd, 8638814.046, 140
Trd, 8638814.312, 140
Trd, 8638815.679, 140
Trd, 8638815.779, 140
Trd, 8638815.912, 140
Trd, 8638816.112, 140
Trd, 8638816.612, 140
Trd, 8638816.679, 140
Trd, 8638817.146, 140
Trd, 8638817.679, 140
Trd, 8638819.012, 140
Trd, 8638819.379, 140
Trd, 8638820.079, 140
Trd, 8638820.212, 140
Trd, 8638820.979, 140
Trd, 8638821.246, 140
Trd, 8638821.412, 140
Trd, 8638822.579, 140
Trd, 8638822.879, 140
Trd, 8638823.079, 140
Trd, 8638823.146, 140
Trd, 8638823.279, 140
Trd, 8638823.812, 140
Trd, 8638823.879, 140
Trd, 8638824.046, 140
Trd, 8638824.479, 140
Trd, 8638824.646, 140
Trd, 8638825.146, 139
Trd, 8638825.212, 138
Trd, 8638826.679, 140
Trd, 8638826.712, 140
Trd, 8638828.079, 140
Trd, 8638828.179, 140
Trd, 8638828.579, 140
Trd, 8638829.012, 140
Trd, 8638830.146, 140
Trd, 8638830.846, 140
Trd, 8638831.846, 140
Trd, 8638832.179, 140
Trd, 8638832.212, 140
Trd, 8638833.412, 140
Trd, 8638833.479, 140
Trd, 8638833.679, 140
Trd, 8638834.212, 140
Trd, 8638834.679, 140
Trd, 8638835.146, 140
Trd, 8638835.379, 140
Trd, 8638835.479, 140
Trd, 8638835.512, 140
Trd, 8638835.912, 140
Trd, 8638835.946, 140
Trd, 8638837.079, 140
Trd, 8638837.446, 140
Trd, 8638838.679, 140
Trd, 8638839.979, 140
Trd, 8638840.279, 140
Trd, 8638841.179, 140
Trd, 8638842.679, 140
Trd, 8638842.912, 140
Trd, 8638843.246, 140
Trd, 8638844.212, 140
Trd, 8638844.246, 140
Trd, 8638844.646, 140
Trd, 8638844.812, 140
Trd, 8638844.879, 140
Trd, 8638845.046, 140
Trd, 8638845.179, 140
Trd, 8638846.446, 140
Trd, 8638846.612, 140
Trd, 8638846.679, 140
Trd, 8638847.012, 140
Trd, 8638848.079, 140
Trd, 8638848.746, 140
Trd, 8638849.146, 140
Trd, 8638849.179, 140
Trd, 8638849.279, 140
Trd, 8638850.246, 140
Trd, 8638850.912, 140
Trd, 8638851.246, 140
Trd, 8638852.379, 140
Trd, 8638853.046, 140
Trd, 8638853.446, 140
Trd, 8638854.379, 140
Trd, 8638854.479, 140
Trd, 8638854.512, 140
Trd, 8638854.646, 140
Trd, 8638855.079, 140
Trd, 8638855.946, 140
Trd, 8638856.012, 140
Trd, 8638856.246, 140
Trd, 8638856.346, 140
Trd, 8638856.412, 140
Trd, 8638856.979, 140
Trd, 8638857.346, 140
Trd, 8638857.879, 140
Trd, 8638857.979, 140
Trd, 8638858.912, 140
Trd, 8638859.512, 140
Trd, 8638859.712, 140
Trd, 8638860.179, 140
Trd, 8638861.746, 140
Trd, 8638861.846, 140
Trd, 8638862.812, 140
Trd, 8638863.146, 140
Trd, 8638863.312, 140
Trd, 8638863.479, 140
Trd, 8638863.679, 140
Trd, 8638863.712, 140
Trd, 8638864.012, 140
Trd, 8638864.446, 140
Trd, 8638864.646, 140
Trd, 8638864.746, 140
Trd, 8638865.312, 140
Trd, 8638865.512, 140
Trd, 8638866.012, 140
Trd, 8638867.079, 140
Trd, 8638867.146, 140
Trd, 8638868.212, 140
Trd, 8638868.512, 140
Trd, 8638869.079, 140
Trd, 8638869.246, 140
Trd, 8638869.312, 140
Trd, 8638869.412, 140
Trd, 8638870.079, 140
Trd, 8638870.612, 140
Trd, 8638870.779, 140
Trd, 8638870.979, 140
Trd, 8638871.212, 140
Trd, 8638871.279, 140
Trd, 8638871.779, 139
Trd, 8638872.812, 140
Trd, 8638872.846, 139
Trd, 8638872.979, 139
Trd, 8638873.046, 137
Trd, 8638873.146, 136
Trd, 8638874.112, 140
Trd, 8638874.646, 140
Trd, 8638874.946, 140
Trd, 8638875.112, 140
Trd, 8638875.179, 139
Trd, 8638875.679, 140
Trd, 8638875.712, 140
Trd, 8638876.279, 64
Trd, 8638876.479, 140
Trd, 8638876.979, 140
Trd, 8638877.279, 60
Trd, 8638877.979, 61
Trd, 8638878.879, 60
Trd, 8638879.079, 60
Trd, 8638879.779, 61
Trd, 8638880.212, 60
Trd, 8638880.712, 61
Trd, 8638881.046, 66
Trd, 8638881.646, 75
Trd, 8638882.012, 60
Trd, 8638883.412, 60
Trd, 8638884.512, 60
Trd, 8638884.712, 60
Trd, 8638885.012, 60
Trd, 8638885.246, 60
Trd, 8638885.379, 60
Trd, 8638885.446, 61
Trd, 8638885.779, 60
Trd, 8638885.979, 61
Trd, 8638886.046, 61
Trd, 8638886.579, 62
Trd, 8638886.779, 62
Trd, 8638887.546, 62
Trd, 8638887.812, 63
Trd, 8638887.846, 61
Trd, 8638887.879, 63
Trd, 8638888.479, 65
Trd, 8638889.412, 129
Trd, 8638889.512, 139
Trd, 8638890.079, 63
Trd, 8638890.679, 65
Trd, 8638891.712, 60
Trd, 8638891.779, 60
Trd, 8638892.146, 62
Trd, 8638892.446, 62
Trd, 8638892.646, 62
Trd, 8638893.012, 62
Trd, 8638893.112, 66
Trd, 8638893.279, 62
Trd, 8638894.479, 61
Trd, 8638895.012, 61
Trd, 8638897.079, 60
Trd, 8638897.379, 60
Trd, 8638897.579, 60
Trd, 8638897.712, 61
Trd, 8638898.112, 60
Trd, 8638898.346, 61
Trd, 8638898.579, 62
Trd, 8638898.612, 63
Trd, 8638898.812, 63
Trd, 8638899.312, 62
Trd, 8638899.412, 60
Trd, 8638900.046, 66
Trd, 8638900.546, 61
Trd, 8638900.612, 62
Trd, 8638901.346, 60
Trd, 8638901.579, 61
Trd, 8638902.379, 70
Trd, 8638902.846, 60
Trd, 8638903.879, 60
Trd, 8638904.079, 67
Trd, 8638904.146, 69
Trd, 8638904.612, 60
Trd, 8638904.979, 61
Trd, 8638905.879, 60
Trd, 8638906.579, 60
Trd, 8638906.812, 60
Trd, 8638907.112, 60
Trd, 8638907.312, 60
Trd, 8638908.046, 63
Trd, 8638908.612, 60
Trd, 8638910.112, 60
Trd, 8638910.279, 60
Trd, 8638911.246, 60
Trd, 8638911.412, 60
Trd, 8638911.812, 60
Trd, 8638911.912, 60
Trd, 8638912.379, 60
Trd, 8638912.412, 60
Trd, 8638912.512, 67
Trd, 8638912.546, 67
Trd, 8638913.879, 62
Trd, 8638914.046, 67
Trd, 8638914.146, 69
Trd, 8638914.579, 135
Trd, 8638915.079, 135
Trd, 8638915.279, 140
Trd, 8638915.679, 140
Trd, 8638915.712, 139
Trd, 8638916.279, 140
Trd, 8638916.646, 73
Trd, 8638916.946, 93
Trd, 8638917.112, 72
Trd, 8638917.312, 70
Trd, 8638918.579, 140
Trd, 8638919.146, 140
Trd, 8638919.746, 140
Trd, 8638919.946, 140
Trd, 8638920.446, 140
Trd, 8638920.746, 140
Trd, 8638921.446, 140
Trd, 8638922.579, 140
Trd, 8638922.912, 140
Trd, 8638923.046, 140
Trd, 8638923.246, 140
Trd, 8638923.946, 140
Trd, 8638924.846, 140
Trd, 8638925.479, 140
Trd, 8638925.679, 140
Trd, 8638926.412, 140
Trd, 8638926.846, 140
Trd, 8638927.879, 140
Trd, 8638928.012, 140
Trd, 8638928.712, 140
Trd, 8638929.079, 140
Trd, 8638929.479, 140
Trd, 8638929.912, 140
Trd, 8638930.346, 140
Trd, 8638930.412, 140
Trd, 8638931.279, 140
Trd, 8638931.512, 140
Trd, 8638931.646, 140
Trd, 8638932.112, 140
Trd, 8638932.179, 140
Trd, 8638932.212, 140
Trd, 8638932.446, 140
Trd, 8638934.012, 140
Trd, 8638934.279, 140
Trd, 8638934.479, 140
Trd, 8638934.612, 140
Trd, 8638934.746, 140
Trd, 8638935.479, 140
Trd, 8638935.746, 140
Trd, 8638936.079, 140
Trd, 8638937.179, 140
Trd, 8638937.712, 140
Trd, 8638938.812, 140
Trd, 8638938.879, 140
Trd, 8638939.712, 140
Trd, 8638940.546, 140
Trd, 8638940.812, 140
Trd, 8638942.212, 140
Trd, 8638942.312, 140
Trd, 8638942.446, 140
Trd, 8638942.646, 139
Trd, 8638942.712, 139
Trd, 8638942.846, 138
Trd, 8638942.979, 140
Trd, 8638943.146, 140
Trd, 8638944.479, 140
Trd, 8638946.712, 140
Trd, 8638947.312, 140
Trd, 8638947.546, 140
Trd, 8638947.846, 140
Trd, 8638948.512, 140
Trd, 8638948.546, 140
Trd, 8638948.946, 140
Trd, 8638949.179, 140
Trd, 8638949.279, 140
Trd, 8638949.412, 140
Trd, 8638949.512, 140
Trd, 8638950.912, 140
Trd, 8638951.012, 140
Trd, 8638951.946, 140
Trd, 8638952.146, 140
Trd, 8638952.212, 140
Trd, 8638952.579, 140
Trd, 8638952.646, 139
Trd, 8638952.979, 140
Trd, 8638953.512, 140
Trd, 8638953.746, 140
Trd, 8638954.479, 140
Trd, 8638954.812, 140
Trd, 8638954.846, 140
Trd, 8638955.746, 140
Trd, 8638956.479, 140
Trd, 8638956.912, 140
Trd, 8638957.912, 140
Trd, 8638957.946, 140
Trd, 8638958.012, 137
Trd, 8638958.279, 136
Trd, 8638959.246, 140
Trd, 8638959.346, 140
Trd, 8638959.812, 140
Trd, 8638961.479, 140
Trd, 8638962.312, 140
Trd, 8638962.912, 140
Trd, 8638962.979, 140
Trd, 8638963.012, 140
Trd, 8638963.212, 139
Trd, 8638963.746, 140
Trd, 8638964.879, 140
Trd, 8638964.946, 140
Trd, 8638966.312, 140
Trd, 8638966.479, 140
Trd, 8638966.512, 140
Trd, 8638966.579, 139
Trd, 8638967.446, 140
Trd, 8638967.479, 139
Trd, 8638968.346, 139
Trd, 8638969.179, 140
Trd, 8638969.346, 140
Trd, 8638969.979, 140
Trd, 8638970.812, 140
Trd, 8638972.312, 140
Trd, 8638972.379, 139
Trd, 8638972.646, 139
Trd, 8638972.912, 140
Trd, 8638973.912, 140
Trd, 8638974.612, 140
Trd, 8638975.146, 140
Trd, 8638975.212, 140
Trd, 8638975.946, 140
Trd, 8638976.479, 140
Trd, 8638976.546, 140
Trd, 8638976.579, 140
Trd, 8638977.179, 140
Trd, 8638977.479, 140
Trd, 8638978.112, 140
Trd, 8638978.146, 140
Trd, 8638978.279, 140
Trd, 8638978.746, 140
Trd, 8638979.879, 140
Trd, 8638980.279, 140
Trd, 8638980.646, 140
Trd, 8638981.079, 140
Trd, 8638981.379, 140
Trd, 8638981.679, 140
Trd, 8638982.012, 140
Trd, 8638982.579, 140
Trd, 8638982.712, 140
Trd, 8638984.246, 140
Trd, 8638984.746, 140
Trd, 8638984.946, 140
Trd, 8638985.146, 140
Trd, 8638985.279, 140
Trd, 8638985.412, 140
Trd, 8638985.746, 140
Trd, 8638987.146, 140
Trd, 8638987.712, 140
Trd, 8638987.879, 140
Trd, 8638988.312, 140
Trd, 8638988.612, 140
Trd, 8638990.546, 140
Trd, 8638990.746, 140
Trd, 8638991.346, 140
Trd, 8638991.746, 140
Trd, 8638991.846, 140
Trd, 8638992.212, 140
Trd, 8638992.579, 140
Trd, 8638992.946, 140
Trd, 8638993.446, 140
Trd, 8638993.779, 140
Trd, 8638994.146, 140
Trd, 8638994.379, 140
Trd, 8638994.479, 140
Trd, 8638994.846, 140
Trd, 8638995.146, 140
Trd, 8638995.212, 140
Trd, 8638995.412, 140
Trd, 8638995.446, 140
Trd, 8638995.812, 140
Trd, 8638996.412, 140
Trd, 8638996.846, 140
Trd, 8638997.579, 140
Trd, 8638997.846, 138
Trd, 8638998.712, 140
Trd, 8638998.946, 140
Trd, 8638999.012, 139
Trd, 8638999.379, 138
Trd, 8639000.212, 140
Trd, 8639000.279, 140
Trd, 8639000.446, 138
Trd, 8639001.112, 140
Trd, 8639001.712, 140
Trd, 8639002.846, 140
Trd, 8639003.812, 140
Trd, 8639004.346, 140
Trd, 8639004.446, 140
Trd, 8639004.546, 140
Trd, 8639004.779, 140
Trd, 8639004.979, 139
Trd, 8639005.279, 140
Trd, 8639005.679, 140
Trd, 8639008.112, 140
Trd, 8639008.212, 140
Trd, 8639008.446, 140
Trd, 8639009.679, 140
Trd, 8639009.779, 140
Trd, 8639010.146, 140
Trd, 8639010.746, 140
Trd, 8639010.912, 140
Trd, 8639011.479, 140
Trd, 8639011.679, 140
Trd, 8639012.079, 140
Trd, 8639012.112, 140
Trd, 8639013.412, 140
Trd, 8639013.512, 140
Trd, 8639013.879, 140
Trd, 8639014.012, 140
Trd, 8639014.479, 140
Trd, 8639015.479, 140
Trd, 8639015.979, 140
Trd, 8639016.612, 140
Trd, 8639017.446, 140
Trd, 8639017.912, 140
Trd, 8639017.946, 140
Trd, 8639018.446, 140
Trd, 8639018.479, 140
Trd, 8639019.212, 140
Trd, 8639020.346, 140
Trd, 8639020.512, 140
Trd, 8639020.746, 140
Trd, 8639020.812, 140
Trd, 8639021.679, 140
Trd, 8639021.846, 140
Trd, 8639023.012, 140
Trd, 8639023.546, 140
Trd, 8639024.446, 140
Trd, 8639024.612, 140
Trd, 8639024.646, 140
Trd, 8639024.746, 140
Trd, 8639024.946, 140
Trd, 8639024.979, 140
Trd, 8639025.612, 140
Trd, 8639026.179, 140
Trd, 8639026.512, 140
Trd, 8639026.612, 140
Trd, 8639026.746, 138
Trd, 8639026.779, 138
Trd, 8639028.612, 140
Trd, 8639028.646, 140
Trd, 8639029.179, 140
Trd, 8639029.346, 140
Trd, 8639029.712, 140
Trd, 8639030.079, 140
Trd, 8639032.212, 140
Trd, 8639032.246, 140
Trd, 8639032.279, 140
Trd, 8639032.379, 140
Trd, 8639032.479, 140
Trd, 8639032.946, 140
Trd, 8639033.712, 140
Trd, 8639034.812, 140
Trd, 8639035.546, 140
Trd, 8639035.612, 140
Trd, 8639035.846, 140
Trd, 8639036.179, 140
Trd, 8639036.412, 139
Trd, 8639036.846, 140
Trd, 8639037.712, 140
Trd, 8639037.812, 140
Trd, 8639038.246, 140
Trd, 8639038.479, 140
Trd, 8639039.346, 140
Trd, 8639039.879, 140
Trd, 8639039.912, 140
Trd, 8639040.112, 140
Trd, 8639041.179, 140
Trd, 8639041.412, 140
Trd, 8639041.579, 140
Trd, 8639041.612, 140
Trd, 8639041.779, 140
Trd, 8639041.879, 140
Trd, 8639042.612, 140
Trd, 8639042.746, 140
Trd, 8639043.746, 140
Trd, 8639043.846, 140
Trd, 8639043.979, 140
Trd, 8639044.379, 140
Trd, 8639045.446, 140
Trd, 8639046.779, 140
Trd, 8639047.646, 140
Trd, 8639047.946, 140
Trd, 8639048.312, 140
Trd, 8639048.346, 140
Trd, 8639048.379, 140
Trd, 8639048.479, 140
Trd, 8639048.646, 140
Trd, 8639048.746, 140
Trd, 8639049.046, 140
Trd, 8639049.512, 140
Trd, 8639049.879, 138
Trd, 8639050.179, 140
Trd, 8639050.512, 138
Trd, 8639050.779, 61
Trd, 8639051.146, 140
Trd, 8639051.312, 140
Trd, 8639051.346, 140
Trd, 8639052.046, 137
Trd, 8639052.579, 140
Trd, 8639052.812, 140
Trd, 8639053.912, 140
Trd, 8639053.946, 140
Trd, 8639054.279, 140
Trd, 8639054.646, 140
Trd, 8639054.812, 60
Trd, 8639056.012, 140
Trd, 8639057.279, 140
Trd, 8639058.079, 140
Trd, 8639058.479, 140
Trd, 8639059.179, 140
Trd, 8639059.546, 140
Trd, 8639060.212, 140
Trd, 8639060.346, 140
Trd, 8639060.512, 140
Trd, 8639060.612, 140
Trd, 8639060.812, 140
Trd, 8639061.112, 140
Trd, 8639061.179, 140
Trd, 8639062.046, 140
Trd, 8639062.512, 140
Trd, 8639062.879, 140
Trd, 8639063.679, 140
Trd, 8639063.912, 140
Trd, 8639063.979, 140
Trd, 8639064.179, 140
Trd, 8639064.812, 140
Trd, 8639066.146, 140
Trd, 8639066.412, 140
Trd, 8639066.512, 140
Trd, 8639066.846, 140
Trd, 8639067.046, 140
Trd, 8639067.112, 140
Trd, 8639067.412, 140
Trd, 8639068.712, 140
Trd, 8639068.946, 140
Trd, 8639069.446, 140
Trd, 8639069.546, 140
Trd, 8639069.646, 140
Trd, 8639070.112, 140
Trd, 8639070.479, 140
Trd, 8639070.979, 140
Trd, 8639071.412, 140
Trd, 8639072.012, 140
Trd, 8639073.479, 140
Trd, 8639074.779, 140
Trd, 8639075.512, 140
Trd, 8639075.579, 140
Trd, 8639075.846, 140
Trd, 8639076.146, 140
Trd, 8639076.379, 140
Trd, 8639076.679, 140
Trd, 8639077.379, 140
Trd, 8639077.412, 140
Trd, 8639077.779, 140
Trd, 8639078.012, 140
Trd, 8639078.646, 140
Trd, 8639079.546, 140
Trd, 8639079.579, 140
Trd, 8639080.079, 140
Trd, 8639080.379, 140
Trd, 8639080.679, 140
Trd, 8639081.312, 140
Trd, 8639081.612, 140
Trd, 8639082.579, 140
Trd, 8639083.112, 140
Trd, 8639083.646, 140
Trd, 8639083.679, 140
Trd, 8639084.346, 140
Trd, 8639085.246, 140
Trd, 8639085.512, 140
Trd, 8639085.879, 140
Trd, 8639086.279, 140
Trd, 8639086.979, 140
Trd, 8639087.479, 140
Trd, 8639088.579, 140
Trd, 8639088.612, 140
Trd, 8639089.712, 140
Trd, 8639089.879, 140
Trd, 8639089.912, 139
Trd, 8639091.212, 140
Trd, 8639091.679, 140
Trd, 8639091.812, 140
Trd, 8639092.512, 140
Trd, 8639092.646, 140
Trd, 8639093.479, 140
Trd, 8639093.546, 140
Trd, 8639094.079, 140
Trd, 8639094.112, 140
Trd, 8639094.312, 139
Trd, 8639094.346, 139
Trd, 8639095.512, 140
Trd, 8639095.746, 140
Trd, 8639095.846, 140
Trd, 8639095.979, 140
Trd, 8639096.612, 140
Trd, 8639096.712, 139
Trd, 8639096.746, 137
Trd, 8639097.012, 67
Trd, 8639097.246, 61
Trd, 8639097.379, 139
Trd, 8639097.812, 137
Trd, 8639098.579, 60
Trd, 8639099.112, 60
Trd, 8639099.146, 61
Trd, 8639099.879, 60
Trd, 8639101.012, 60
Trd, 8639101.079, 60
Trd, 8639101.246, 60
Trd, 8639101.546, 61
Trd, 8639102.346, 63
Trd, 8639102.679, 62
Trd, 8639104.279, 60
Trd, 8639104.612, 60
Trd, 8639104.912, 60
Trd, 8639104.979, 61
Trd, 8639105.746, 60
Trd, 8639105.779, 60
Trd, 8639105.879, 60
Trd, 8639106.879, 60
Trd, 8639107.212, 64
Trd, 8639108.046, 60
Trd, 8639108.279, 60
Trd, 8639109.212, 60
Trd, 8639109.579, 61
Trd, 8639110.212, 65
Trd, 8639110.712, 69
Trd, 8639110.812, 72
Trd, 8639110.846, 96
Trd, 8639110.912, 68
Trd, 8639111.046, 67
Trd, 8639112.146, 140
Trd, 8639112.612, 140
Trd, 8639113.179, 140
Trd, 8639113.346, 140
Trd, 8639113.379, 140
Trd, 8639114.546, 140
Trd, 8639114.679, 140
Trd, 8639114.846, 139
Trd, 8639115.246, 139
Trd, 8639115.346, 138
Trd, 8639115.379, 138
Trd, 8639115.712, 140
Trd, 8639116.012, 139
Trd, 8639116.812, 140
Trd, 8639117.646, 140
Trd, 8639118.646, 140
Trd, 8639118.779, 140
Trd, 8639119.279, 140
Trd, 8639119.812, 140
Trd, 8639120.779, 140
Trd, 8639120.979, 140
Trd, 8639121.279, 140
Trd, 8639121.379, 140
Trd, 8639121.712, 140
Trd, 8639122.046, 140
Trd, 8639122.212, 140
Trd, 8639122.346, 140
Trd, 8639123.412, 140
Trd, 8639124.179, 140
Trd, 8639124.446, 140
Trd, 8639124.879, 140
Trd, 8639124.912, 140
Trd, 8639125.512, 140
Trd, 8639125.879, 140
Trd, 8639126.146, 140
Trd, 8639126.179, 140
Trd, 8639126.679, 140
Trd, 8639128.312, 140
Trd, 8639128.779, 140
Trd, 8639128.879, 140
Trd, 8639129.346, 140
Trd, 8639129.612, 140
Trd, 8639130.512, 140
Trd, 8639131.479, 140
Trd, 8639131.646, 140
Trd, 8639132.712, 140
Trd, 8639132.912, 140
Trd, 8639133.379, 140
Trd, 8639133.546, 140
Trd, 8639133.579, 140
Trd, 8639135.012, 140
Trd, 8639135.612, 140
Trd, 8639135.812, 140
Trd, 8639136.146, 140
Trd, 8639136.279, 140
Trd, 8639136.546, 140
Trd, 8639136.646, 140
Trd, 8639138.079, 140
Trd, 8639138.712, 140
Trd, 8639138.946, 140
Trd, 8639139.512, 140
Trd, 8639139.579, 140
Trd, 8639139.746, 140
Trd, 8639140.146, 140
Trd, 8639140.579, 140
Trd, 8639140.712, 140
Trd, 8639140.779, 140
Trd, 8639140.879, 139
Trd, 8639141.879, 138
Trd, 8639141.912, 133
Trd, 8639142.279, 139
Trd, 8639143.446, 140
Trd, 8639143.879, 140
Trd, 8639144.212, 140
Trd, 8639144.312, 140
Trd, 8639144.412, 140
Trd, 8639144.779, 140
Trd, 8639144.912, 139
Trd, 8639146.412, 140
Trd, 8639146.812, 140
Trd, 8639147.012, 140
Trd, 8639148.579, 140
Trd, 8639148.879, 140
Trd, 8639149.112, 140
Trd, 8639149.446, 140
Trd, 8639149.646, 140
Trd, 8639150.546, 140
Trd, 8639150.846, 140
Trd, 8639151.012, 140
Trd, 8639152.746, 140
Trd, 8639152.879, 140
Trd, 8639152.979, 140
Trd, 8639153.312, 140
Trd, 8639154.179, 140
Trd, 8639154.779, 140
Trd, 8639154.879, 140
Trd, 8639155.279, 140
Trd, 8639155.379, 140
Trd, 8639155.946, 140
Trd, 8639156.212, 140
Trd, 8639156.979, 140
Trd, 8639157.446, 140
Trd, 8639158.046, 140
Trd, 8639158.179, 140
Trd, 8639158.846, 140
Trd, 8639158.946, 140
Trd, 8639159.946, 140
Trd, 8639160.346, 140
Trd, 8639161.446, 140
Trd, 8639161.879, 140
Trd, 8639161.979, 140
Trd, 8639162.746, 139
Trd, 8639162.812, 140
Trd, 8639163.279, 139
Trd, 8639163.379, 139
Trd, 8639163.479, 140
Trd, 8639164.012, 140
Trd, 8639164.512, 140
Trd, 8639165.146, 140
Trd, 8639165.246, 140
Trd, 8639165.912, 140
Trd, 8639166.279, 140
Trd, 8639166.646, 140
Trd, 8639167.346, 140
Trd, 8639167.679, 140
Trd, 8639167.712, 140
Trd, 8639168.079, 140
Trd, 8639168.612, 140
Trd, 8639168.646, 140
Trd, 8639168.679, 140
Trd, 8639169.446, 140
Trd, 8639169.746, 140
Trd, 8639170.412, 140
Trd, 8639170.946, 140
Trd, 8639171.246, 140
Trd, 8639171.746, 140
Trd, 8639172.946, 140
Trd, 8639173.212, 140
Trd, 8639173.279, 140
Trd, 8639174.612, 140
Trd, 8639174.879, 140
Trd, 8639174.912, 140
Trd, 8639175.612, 140
Trd, 8639175.879, 140
Trd, 8639176.379, 140
Trd, 8639177.412, 140
Trd, 8639177.712, 140
Trd, 8639177.879, 140
Trd, 8639178.046, 140
Trd, 8639178.079, 140
Trd, 8639178.412, 140
Trd, 8639178.446, 139
Trd, 8639178.579, 139
Trd, 8639178.846, 140
Trd, 8639178.879, 138
Trd, 8639179.712, 140
Trd, 8639179.879, 140
Trd, 8639180.246, 140
Trd, 8639181.112, 139
Trd, 8639181.546, 139
Trd, 8639181.779, 138
Trd, 8639182.212, 138
Trd, 8639182.979, 63
Trd, 8639183.012, 66
Trd, 8639183.379, 60
Trd, 8639183.546, 60
Trd, 8639184.512, 65
Trd, 8639184.812, 70
Trd, 8639184.946, 89
Trd, 8639186.279, 60
Trd, 8639186.679, 60
Trd, 8639186.712, 60
Trd, 8639187.279, 62
Trd, 8639187.346, 62
Trd, 8639187.579, 65
Trd, 8639187.646, 65
Trd, 8639188.646, 60
Trd, 8639188.746, 61
Trd, 8639189.212, 60
Trd, 8639190.579, 61
Trd, 8639190.612, 60
Trd, 8639190.879, 61
Trd, 8639191.112, 63
Trd, 8639191.412, 63
Trd, 8639191.679, 63
Trd, 8639192.046, 64
Trd, 8639192.346, 62
Trd, 8639192.412, 67
Trd, 8639192.512, 61
Trd, 8639192.679, 74
Trd, 8639193.512, 63
Trd, 8639194.679, 62
Trd, 8639195.712, 60
Trd, 8639195.779, 64
Trd, 8639196.079, 66
Trd, 8639196.312, 66
Trd, 8639196.779, 60
Trd, 8639197.112, 60
Trd, 8639197.979, 60
Trd, 8639198.012, 61
Trd, 8639199.279, 61
Trd, 8639199.546, 61
Trd, 8639199.646, 60
Trd, 8639200.379, 61
Trd, 8639200.646, 70
Trd, 8639200.779, 64
Trd, 8639200.946, 65
Trd, 8639201.646, 68
Trd, 8639201.679, 67
Trd, 8639202.212, 137
Trd, 8639202.546, 63
Trd, 8639202.879, 140
Trd, 8639203.579, 140
Trd, 8639204.146, 140
Trd, 8639204.412, 140
Trd, 8639205.846, 140
Trd, 8639205.946, 140
Trd, 8639206.546, 140
Trd, 8639206.846, 140
Trd, 8639207.646, 140
Trd, 8639208.079, 140
Trd, 8639208.212, 140
Trd, 8639208.512, 140
Trd, 8639209.212, 140
Trd, 8639209.312, 140
Trd, 8639209.612, 140
Trd, 8639209.712, 140
Trd, 8639209.746, 139
Trd, 8639210.479, 140
Trd, 8639210.712, 139
Trd, 8639211.446, 140
Trd, 8639211.612, 140
Trd, 8639212.679, 140
Trd, 8639213.112, 140
Trd, 8639213.179, 140
Trd, 8639215.346, 140
Trd, 8639215.612, 140
Trd, 8639215.812, 140
Trd, 8639215.912, 140
Trd, 8639215.946, 140
Trd, 8639216.246, 140
Trd, 8639217.479, 140
Trd, 8639218.212, 140
Trd, 8639218.346, 140
Trd, 8639218.779, 140
Trd, 8639218.879, 140
Trd, 8639219.346, 140
Trd, 8639219.479, 140
Trd, 8639219.546, 140
Trd, 8639220.079, 140
Trd, 8639220.179, 140
Trd, 8639220.646, 140
Trd, 8639222.379, 140
Trd, 8639223.112, 140
Trd, 8639224.146, 140
Trd, 8639224.379, 140
Trd, 8639224.546, 140
Trd, 8639224.612, 140
Trd, 8639224.646, 140
Trd, 8639224.879, 140
Trd, 8639225.012, 140
Trd, 8639225.046, 139
Trd, 8639225.612, 140
Trd, 8639225.679, 140
Trd, 8639226.579, 140
Trd, 8639227.079, 140
Trd, 8639227.212, 140
Trd, 8639227.646, 140
Trd, 8639229.046, 140
Trd, 8639229.812, 140
Trd, 8639230.012, 140
Trd, 8639230.946, 140
Trd, 8639231.012, 140
Trd, 8639231.512, 140
Trd, 8639231.779, 140
Trd, 8639231.912, 140
Trd, 8639232.179, 140
Trd, 8639232.212, 140
Trd, 8639232.479, 140
Trd, 8639233.246, 140
Trd, 8639233.312, 140
Trd, 8639233.479, 140
Trd, 8639233.812, 140
Trd, 8639234.712, 140
Trd, 8639235.412, 140
Trd, 8639235.446, 140
Trd, 8639235.846, 140
Trd, 8639237.912, 140
Trd, 8639237.979, 140
Trd, 8639238.079, 140
Trd, 8639238.179, 140
Trd, 8639239.946, 140
Trd, 8639239.979, 140
Trd, 8639240.012, 140
Trd, 8639240.146, 140
Trd, 8639240.379, 140
Trd, 8639240.546, 140
Trd, 8639241.812, 140
Trd, 8639242.412, 140
Trd, 8639243.746, 140
Trd, 8639244.679, 140
Trd, 8639245.846, 140
Trd, 8639245.912, 140
Trd, 8639246.046, 140
Trd, 8639246.546, 140
Trd, 8639247.479, 140
Trd, 8639248.246, 140
Trd, 8639248.812, 140
Trd, 8639249.146, 140
Trd, 8639249.279, 140
Trd, 8639249.346, 140
Trd, 8639249.446, 140
Trd, 8639249.979, 140
Trd, 8639251.279, 140
Trd, 8639251.312, 140
Trd, 8639252.712, 140
Trd, 8639252.812, 140
Trd, 8639252.946, 140
Trd, 8639253.012, 140
Trd, 8639253.479, 140
Trd, 8639253.879, 140
Trd, 8639254.112, 140
Trd, 8639254.712, 140
Trd, 8639254.879, 140
Trd, 8639255.346, 140
Trd, 8639255.446, 140
Trd, 8639255.846, 140
Trd, 8639256.246, 140
Trd, 8639257.146, 140
Trd, 8639257.512, 140
Trd, 8639258.246, 140
Trd, 8639258.746, 140
Trd, 8639258.812, 140
Trd, 8639259.679, 140
Trd, 8639260.546, 140
Trd, 8639260.579, 140
Trd, 8639261.446, 140
Trd, 8639261.746, 140
Trd, 8639261.946, 140
Trd, 8639262.379, 140
Trd, 8639263.012, 140
Trd, 8639263.812, 140
Trd, 8639264.112, 140
Trd, 8639264.312, 140
Trd, 8639265.312, 140
Trd, 8639266.746, 140
Trd, 8639267.946, 140
Trd, 8639268.146, 140
Trd, 8639269.012, 140
Trd, 8639269.279, 140
Trd, 8639269.379, 140
Trd, 8639269.846, 140
Trd, 8639270.212, 140
Trd, 8639270.912, 140
Trd, 8639271.312, 140
Trd, 8639271.612, 140
Trd, 8639271.946, 140
Trd, 8639271.979, 140
Trd, 8639272.879, 140
Trd, 8639272.979, 140
Trd, 8639273.879, 140
Trd, 8639274.279, 140
Trd, 8639274.712, 140
Trd, 8639275.812, 140
Trd, 8639276.979, 140
Trd, 8639277.412, 140
Trd, 8639277.612, 140
Trd, 8639278.079, 140
Trd, 8639278.579, 140
Trd, 8639278.846, 140
Trd, 8639279.012, 140
Trd, 8639279.212, 140
Trd, 8639279.746, 140
Trd, 8639280.312, 140
Trd, 8639280.479, 140
Trd, 8639280.679, 140
Trd, 8639281.046, 140
Trd, 8639281.679, 140
Trd, 8639283.512, 140
Trd, 8639283.812, 140
Trd, 8639283.879, 140
Trd, 8639283.946, 140
Trd, 8639284.712, 140
Trd, 8639285.079, 140
Trd, 8639285.179, 140
Trd, 8639285.779, 140
Trd, 8639286.012, 140
Trd, 8639287.146, 140
Trd, 8639287.179, 140
Trd, 8639287.212, 140
Trd, 8639287.412, 140
Trd, 8639287.612, 140
Trd, 8639288.179, 140
Trd, 8639289.446, 140
Trd, 8639289.546, 140
Trd, 8639290.212, 140
Trd, 8639290.446, 140
Trd, 8639291.112, 140
Trd, 8639292.812, 140
Trd, 8639292.879, 140
Trd, 8639293.446, 140
Trd, 8639293.579, 140
Trd, 8639294.246, 140
Trd, 8639294.579, 140
Trd, 8639294.812, 140
Trd, 8639295.112, 140
Trd, 8639295.212, 140
Trd, 8639295.646, 140
Trd, 8639295.712, 140
Trd, 8639296.246, 140
Trd, 8639296.279, 140
Trd, 8639296.946, 140
Trd, 8639297.379, 140
Trd, 8639297.746, 140
Trd, 8639298.079, 140
Trd, 8639298.512, 140
Trd, 8639298.579, 140
Trd, 8639298.679, 140
Trd, 8639298.779, 140
Trd, 8639299.212, 140
Trd, 8639300.179, 140
Trd, 8639300.212, 140
Trd, 8639300.246, 140
Trd, 8639300.512, 140
Trd, 8639300.779, 140
Trd, 8639301.846, 140
Trd, 8639302.179, 140
Trd, 8639302.379, 140
Trd, 8639302.712, 140
Trd, 8639302.912, 140
Trd, 8639304.446, 140
Trd, 8639305.946, 140
Trd, 8639306.079, 140
Trd, 8639306.979, 140
Trd, 8639308.612, 140
Trd, 8639308.946, 140
Trd, 8639309.212, 140
Trd, 8639310.346, 140
Trd, 8639310.412, 140
Trd, 8639310.679, 140
Trd, 8639311.112, 140
Trd, 8639311.146, 140
Trd, 8639312.246, 140
Trd, 8639312.546, 140
Trd, 8639312.612, 139
Trd, 8639313.346, 136
Trd, 8639313.446, 136
Trd, 8639313.579, 140
Trd, 8639313.612, 135
Trd, 8639314.379, 140
Trd, 8639314.812, 139
Trd, 8639315.179, 140
Trd, 8639315.446, 140
Trd, 8639315.546, 140
Trd, 8639315.812, 140
Trd, 8639317.912, 140
Trd, 8639318.179, 140
Trd, 8639318.379, 140
Trd, 8639318.912, 140
Trd, 8639319.146, 140
Trd, 8639319.712, 140
Trd, 8639320.412, 140
Trd, 8639320.746, 140
Trd, 8639322.079, 140
Trd, 8639322.212, 140
Trd, 8639322.312, 140
Trd, 8639322.812, 140
Trd, 8639323.079, 140
Trd, 8639323.579, 140
Trd, 8639324.446, 140
Trd, 8639324.846, 140
Trd, 8639324.946, 140
Trd, 8639324.979, 140
Trd, 8639325.212, 140
Trd, 8639325.279, 139
Trd, 8639325.546, 139
Trd, 8639326.212, 140
Trd, 8639326.612, 140
Trd, 8639327.279, 140
Trd, 8639327.446, 140
Trd, 8639328.012, 140
Trd, 8639328.246, 140
Trd, 8639328.979, 140
Trd, 8639329.079, 140
Trd, 8639329.146, 139
Trd, 8639329.312, 140
Trd, 8639329.612, 140
Trd, 8639329.712, 140
Trd, 8639330.079, 140
Trd, 8639331.379, 140
Trd, 8639332.512, 140
Trd, 8639333.179, 140
Trd, 8639333.279, 140
Trd, 8639333.379, 140
Trd, 8639333.579, 140
Trd, 8639334.312, 140
Trd, 8639334.479, 140
Trd, 8639334.746, 140
Trd, 8639335.946, 140
Trd, 8639336.012, 140
Trd, 8639337.312, 140
Trd, 8639338.479, 140
Trd, 8639339.112, 140
Trd, 8639339.646, 140
Trd, 8639339.812, 140
Trd, 8639340.279, 140
Trd, 8639340.612, 140
Trd, 8639340.779, 140
Trd, 8639341.546, 140
Trd, 8639341.579, 140
Trd, 8639342.079, 140
Trd, 8639342.246, 140
Trd, 8639342.446, 140
Trd, 8639342.712, 140
Trd, 8639342.846, 139
Trd, 8639342.879, 139
Trd, 8639343.012, 68
Trd, 8639344.046, 63
Trd, 8639344.212, 83
Trd, 8639344.946, 140
Trd, 8639345.146, 140
Trd, 8639345.246, 140
Trd, 8639346.246, 140
Trd, 8639346.812, 140
Trd, 8639347.212, 140
Trd, 8639347.546, 140
Trd, 8639347.679, 140
Trd, 8639348.279, 140
Trd, 8639349.512, 140
Trd, 8639349.779, 140
Trd, 8639350.212, 140
Trd, 8639350.312, 140
Trd, 8639352.379, 140
Trd, 8639352.446, 140
Trd, 8639353.046, 140
Trd, 8639353.079, 140
Trd, 8639354.012, 140
Trd, 8639354.079, 140
Trd, 8639355.146, 140
Trd, 8639355.579, 140
Trd, 8639355.746, 140
Trd, 8639356.112, 140
Trd, 8639356.879, 140
Trd, 8639357.346, 140
Trd, 8639357.412, 140
Trd, 8639357.912, 140
Trd, 8639358.312, 140
Trd, 8639359.379, 140
Trd, 8639359.812, 140
Trd, 8639360.312, 140
Trd, 8639360.679, 140
Trd, 8639360.712, 140
Trd, 8639361.246, 140
Trd, 8639361.346, 140
Trd, 8639361.679, 140
Trd, 8639362.912, 140
Trd, 8639363.212, 140
Trd, 8639363.646, 140
Trd, 8639363.679, 140
Trd, 8639363.879, 140
Trd, 8639364.546, 140
Trd, 8639364.612, 140
Trd, 8639365.279, 140
Trd, 8639365.912, 140
Trd, 8639366.112, 140
Trd, 8639366.512, 140
Trd, 8639366.812, 140
Trd, 8639366.912, 140
Trd, 8639367.079, 140
Trd, 8639367.246, 140
Trd, 8639367.379, 139
Trd, 8639367.746, 138
Trd, 8639367.946, 140
Trd, 8639368.846, 140
Trd, 8639369.179, 140
Trd, 8639369.212, 140
Trd, 8639369.312, 139
Trd, 8639371.112, 140
Trd, 8639371.612, 140
Trd, 8639371.746, 139
Trd, 8639372.646, 140
Trd, 8639372.712, 140
Trd, 8639373.446, 140
Trd, 8639374.112, 140
Trd, 8639374.679, 140
Trd, 8639374.846, 139
Trd, 8639375.212, 139
Trd, 8639375.646, 140
Trd, 8639376.246, 140
Trd, 8639378.579, 140
Trd, 8639378.779, 140
Trd, 8639378.812, 140
Trd, 8639378.879, 140
Trd, 8639379.379, 140
Trd, 8639379.446, 140
Trd, 8639379.712, 140
Trd, 8639379.746, 140
Trd, 8639379.879, 140
Trd, 8639380.079, 140
Trd, 8639380.246, 139
Trd, 8639381.146, 140
Trd, 8639382.379, 140
Trd, 8639382.546, 140
Trd, 8639382.879, 140
Trd, 8639383.546, 140
Trd, 8639383.779, 140
Trd, 8639384.879, 140
Trd, 8639385.812, 140
Trd, 8639386.112, 140
Trd, 8639386.446, 140
Trd, 8639386.712, 140
Trd, 8639386.779, 140
Trd, 8639386.946, 140
Trd, 8639387.712, 140
Trd, 8639387.812, 140
Trd, 8639388.179, 140
Trd, 8639388.812, 140
Trd, 8639389.179, 140
Trd, 8639389.412, 140
Trd, 8639389.512, 140
Trd, 8639390.079, 140
Trd, 8639390.946, 140
Trd, 8639392.146, 140
Trd, 8639393.279, 140
Trd, 8639394.112, 140
Trd, 8639394.479, 140
Trd, 8639394.646, 140
Trd, 8639395.079, 140
Trd, 8639395.246, 140
Trd, 8639395.912, 140
Trd, 8639396.112, 140
Trd, 8639396.279, 140
Trd, 8639396.379, 140
Trd, 8639396.879, 140
Trd, 8639397.446, 140
Trd, 8639397.646, 140
Trd, 8639399.346, 140
Trd, 8639399.812, 140
Trd, 8639400.146, 140
Trd, 8639400.579, 140
Trd, 8639400.712, 140
Trd, 8639401.279, 140
Trd, 8639401.612, 140
Trd, 8639402.646, 140
Trd, 8639403.279, 140
Trd, 8639403.346, 140
Trd, 8639403.579, 140
Trd, 8639403.612, 140
Trd, 8639403.679, 139
Trd, 8639403.879, 140
Trd, 8639404.446, 140
Trd, 8639404.812, 140
Trd, 8639405.112, 140
Trd, 8639405.212, 140
Trd, 8639405.412, 140
Trd, 8639405.846, 140
Trd, 8639407.346, 140
Trd, 8639407.612, 140
Trd, 8639408.679, 140
Trd, 8639408.712, 140
Trd, 8639409.879, 140
Trd, 8639410.679, 140
Trd, 8639410.879, 140
Trd, 8639411.279, 140
Trd, 8639411.379, 140
Trd, 8639411.646, 140
Trd, 8639412.412, 140
Trd, 8639412.812, 140
Trd, 8639413.079, 140
Trd, 8639413.146, 140
Trd, 8639414.446, 140
Trd, 8639414.946, 140
Trd, 8639415.012, 140
Trd, 8639415.112, 140
Trd, 8639415.279, 140
Trd, 8639415.346, 140
Trd, 8639416.812, 140
Trd, 8639416.946, 140
Trd, 8639418.179, 140
Trd, 8639418.879, 140
Trd, 8639419.079, 140
Trd, 8639419.779, 140
Trd, 8639420.312, 140
Trd, 8639420.379, 140
Trd, 8639421.512, 140
Trd, 8639422.112, 140
Trd, 8639422.646, 140
Trd, 8639422.812, 140
Trd, 8639423.012, 140
Trd, 8639423.112, 140
Trd, 8639423.646, 140
Trd, 8639424.579, 140
Trd, 8639425.279, 140
Trd, 8639425.879, 140
Trd, 8639426.046, 140
Trd, 8639426.712, 140
Trd, 8639426.912, 140
Trd, 8639427.079, 140
Trd, 8639427.412, 140
Trd, 8639427.479, 140
Trd, 8639428.746, 140
Trd, 8639429.312, 140
Trd, 8639429.546, 140
Trd, 8639430.412, 140
Trd, 8639430.546, 140
Trd, 8639431.712, 140
Trd, 8639432.179, 140
Trd, 8639432.279, 140
Trd, 8639432.312, 140
Trd, 8639432.612, 140
Trd, 8639432.746, 139
Trd, 8639433.679, 140
Trd, 8639434.312, 140
Trd, 8639434.979, 140
Trd, 8639435.012, 140
Trd, 8639435.379, 140
Trd, 8639435.412, 140
Trd, 8639436.346, 140
Trd, 8639436.812, 140
Trd, 8639437.279, 140
Trd, 8639437.446, 140
Trd, 8639437.546, 140
Trd, 8639437.912, 140
Trd, 8639438.012, 139
Trd, 8639438.812, 140
Trd, 8639439.446, 140
Trd, 8639439.479, 140
Trd, 8639440.046, 140
Trd, 8639440.979, 140
Trd, 8639441.346, 140
Trd, 8639442.879, 140
Trd, 8639443.246, 140
Trd, 8639443.312, 140
Trd, 8639443.879, 140
Trd, 8639443.912, 140
Trd, 8639444.246, 140
Trd, 8639445.279, 140
Trd, 8639445.379, 140
Trd, 8639445.579, 140
Trd, 8639446.246, 140
Trd, 8639446.446, 140
Trd, 8639447.112, 140
Trd, 8639447.312, 140
Trd, 8639448.046, 140
Trd, 8639448.112, 140
Trd, 8639449.212, 140
Trd, 8639449.312, 140
Trd, 8639449.579, 140
Trd, 8639450.246, 140
Trd, 8639450.712, 140
Trd, 8639451.146, 140
Trd, 8639451.279, 140
Trd, 8639451.612, 140
Trd, 8639451.712, 140
Trd, 8639452.046, 140
Trd, 8639452.246, 140
Trd, 8639452.712, 140
Trd, 8639453.446, 140
Trd, 8639453.712, 140
Trd, 8639453.912, 140
Trd, 8639454.746, 140
Trd, 8639454.912, 140
Trd, 8639455.112, 140
Trd, 8639455.779, 140
Trd, 8639456.112, 140
Trd, 8639456.679, 140
Trd, 8639456.879, 140
Trd, 8639457.079, 140
Trd, 8639457.812, 140
Trd, 8639458.646, 140
Trd, 8639458.912, 140
Trd, 8639459.179, 140
Trd, 8639460.246, 140
Trd, 8639461.379, 140
Trd, 8639461.612, 140
Trd, 8639461.679, 140
Trd, 8639461.812, 140
Trd, 8639462.212, 140
Trd, 8639462.379, 140
Trd, 8639462.546, 140
Trd, 8639462.579, 140
Trd, 8639463.412, 140
Trd, 8639464.079, 139
Trd, 8639464.446, 138
Trd, 8639464.612, 138
Trd, 8639464.646, 138
Trd, 8639464.746, 138
Trd, 8639465.479, 140
Trd, 8639465.612, 139
Trd, 8639466.179, 140
Trd, 8639467.079, 140
Trd, 8639467.512, 140
Trd, 8639467.946, 140
Trd, 8639468.212, 140
Trd, 8639468.746, 140
Trd, 8639469.812, 140
Trd, 8639470.179, 140
Trd, 8639470.479, 140
Trd, 8639472.079, 140
Trd, 8639472.146, 140
Trd, 8639472.446, 140
Trd, 8639472.779, 140
Trd, 8639473.346, 140
Trd, 8639473.412, 140
Trd, 8639473.679, 140
Trd, 8639473.946, 140
Trd, 8639474.879, 140
Trd, 8639475.279, 140
Trd, 8639475.346, 140
Trd, 8639475.379, 140
Trd, 8639476.479, 140
Trd, 8639477.046, 140
Trd, 8639478.112, 140
Trd, 8639478.546, 140
Trd, 8639479.546, 140
Trd, 8639479.846, 140
Trd, 8639479.946, 140
Trd, 8639480.346, 140
Trd, 8639480.512, 140
Trd, 8639480.746, 140
Trd, 8639480.979, 140
Trd, 8639481.246, 140
Trd, 8639481.546, 140
Trd, 8639482.079, 140
Trd, 8639482.212, 140
Trd, 8639483.279, 140
Trd, 8639483.479, 140
Trd, 8639483.746, 140
Trd, 8639483.846, 140
Trd, 8639484.179, 140
Trd, 8639484.512, 140
Trd, 8639486.646, 140
Trd, 8639486.912, 140
Trd, 8639487.012, 140
Trd, 8639487.212, 140
Trd, 8639487.612, 140
Trd, 8639487.812, 140
Trd, 8639487.979, 140
Trd, 8639488.246, 140
Trd, 8639488.279, 139
Trd, 8639489.746, 140
Trd, 8639489.779, 140
Trd, 8639490.846, 140
Trd, 8639491.112, 140
Trd, 8639491.412, 140
Trd, 8639491.646, 140
Trd, 8639492.246, 140
Trd, 8639492.379, 140
Trd, 8639493.079, 140
Trd, 8639494.112, 139
Trd, 8639494.479, 140
Trd, 8639495.346, 140
Trd, 8639495.746, 140
Trd, 8639495.846, 140
Trd, 8639496.279, 140
Trd, 8639496.812, 140
Trd, 8639497.379, 140
Trd, 8639497.879, 140
Trd, 8639498.079, 140
Trd, 8639498.279, 140
Trd, 8639498.612, 140
Trd, 8639500.046, 140
Trd, 8639500.979, 140
Trd, 8639501.979, 140
Trd, 8639502.446, 140
Trd, 8639502.546, 140
Trd, 8639502.879, 140
Trd, 8639503.446, 140
Trd, 8639503.746, 140
Trd, 8639504.546, 140
Trd, 8639505.246, 140
Trd, 8639505.579, 140
Trd, 8639505.979, 140
Trd, 8639506.012, 140
Trd, 8639506.046, 140
Trd, 8639506.312, 140
Trd, 8639506.446, 140
Trd, 8639506.712, 140
Trd, 8639506.912, 140
Trd, 8639507.079, 140
Trd, 8639507.179, 140
Trd, 8639508.912, 140
Trd, 8639508.979, 140
Trd, 8639509.479, 140
Trd, 8639509.812, 140
Trd, 8639510.346, 140
Trd, 8639510.712, 140
Trd, 8639510.946, 140
Trd, 8639511.112, 140
Trd, 8639511.679, 140
Trd, 8639512.446, 140
Trd, 8639512.979, 140
Trd, 8639513.512, 140
Trd, 8639513.646, 140
Trd, 8639514.012, 140
Trd, 8639514.412, 140
Trd, 8639515.379, 140
Trd, 8639515.412, 140
Trd, 8639515.646, 140
Trd, 8639516.279, 140
Trd, 8639517.879, 140
Trd, 8639518.979, 140
Trd, 8639519.746, 140
Trd, 8639520.012, 140
Trd, 8639520.679, 140
Trd, 8639520.779, 140
Trd, 8639521.046, 140
Trd, 8639521.146, 140
Trd, 8639521.512, 140
Trd, 8639522.546, 140
Trd, 8639523.046, 140
Trd, 8639523.212, 140
Trd, 8639523.546, 140
Trd, 8639523.679, 140
Trd, 8639523.879, 140
Trd, 8639524.546, 139
Trd, 8639524.579, 134
Trd, 8639526.212, 140
Trd, 8639526.379, 140
Trd, 8639526.479, 140
Trd, 8639527.279, 140
Trd, 8639527.946, 140
Trd, 8639528.479, 140
Trd, 8639529.179, 140
Trd, 8639529.646, 140
Trd, 8639529.812, 140
Trd, 8639530.146, 140
Trd, 8639530.246, 140
Trd, 8639531.046, 140
Trd, 8639531.312, 140
Trd, 8639532.579, 140
Trd, 8639533.146, 140
Trd, 8639533.446, 140
Trd, 8639533.512, 140
Trd, 8639533.546, 140
Trd, 8639533.579, 140
Trd, 8639533.712, 140
Trd, 8639534.479, 140
Trd, 8639534.579, 140
Trd, 8639534.979, 140
Trd, 8639535.012, 139
Trd, 8639535.579, 140
Trd, 8639536.146, 140
Trd, 8639537.512, 140
Trd, 8639538.679, 140
Trd, 8639540.146, 140
Trd, 8639540.246, 140
Trd, 8639540.346, 140
Trd, 8639540.779, 140
Trd, 8639541.012, 140
Trd, 8639542.146, 140
Trd, 8639542.446, 140
Trd, 8639542.879, 140
Trd, 8639543.046, 140
Trd, 8639543.079, 140
Trd, 8639543.779, 140
Trd, 8639543.846, 140
Trd, 8639544.079, 140
Trd, 8639544.446, 140
Trd, 8639544.479, 140
Trd, 8639544.979, 140
Trd, 8639545.146, 140
Trd, 8639545.246, 139
Trd, 8639545.712, 139
Trd, 8639545.746, 139
Trd, 8639546.012, 140
Trd, 8639546.446, 140
Trd, 8639546.979, 140
Trd, 8639548.612, 140
Trd, 8639548.679, 139
Trd, 8639548.812, 138
Trd, 8639549.379, 140
Trd, 8639550.379, 140
Trd, 8639550.646, 139
Trd, 8639551.179, 140
Trd, 8639551.779, 138
Trd, 8639552.012, 140
Trd, 8639552.146, 140
Trd, 8639553.346, 140
Trd, 8639553.379, 140
Trd, 8639554.012, 140
Trd, 8639554.646, 140
Trd, 8639555.146, 140
Trd, 8639555.779, 140
Trd, 8639556.246, 140
Trd, 8639556.446, 140
Trd, 8639557.012, 140
Trd, 8639557.412, 140
Trd, 8639558.512, 140
Trd, 8639559.112, 140
Trd, 8639559.346, 140
Trd, 8639559.812, 140
Trd, 8639560.612, 140
Trd, 8639561.112, 140
Trd, 8639561.512, 140
Trd, 8639561.579, 140
Trd, 8639562.246, 140
Trd, 8639562.312, 140
Trd, 8639562.879, 140
Trd, 8639563.446, 140
Trd, 8639563.579, 140
Trd, 8639564.279, 140
Trd, 8639564.312, 140
Trd, 8639564.412, 140
Trd, 8639565.112, 140
Trd, 8639565.712, 140
Trd, 8639567.012, 140
Trd, 8639567.146, 140
Trd, 8639567.579, 140
Trd, 8639567.979, 140
Trd, 8639568.612, 140
Trd, 8639568.846, 140
Trd, 8639569.346, 140
Trd, 8639570.246, 140
Trd, 8639570.846, 140
Trd, 8639571.046, 140
Trd, 8639571.179, 140
Trd, 8639571.446, 140
Trd, 8639572.279, 140
Trd, 8639572.312, 140
Trd, 8639572.512, 140
Trd, 8639572.579, 140
Trd, 8639572.912, 140
Trd, 8639573.412, 139
Trd, 8639573.746, 139
Trd, 8639574.412, 140
Trd, 8639574.446, 140
Trd, 8639574.479, 140
Trd, 8639575.246, 140
Trd, 8639576.446, 140
Trd, 8639576.546, 140
Trd, 8639577.712, 140
Trd, 8639577.812, 140
Trd, 8639578.146, 140
Trd, 8639578.212, 140
Trd, 8639578.712, 140
Trd, 8639579.612, 140
Trd, 8639579.912, 140
Trd, 8639580.112, 140
Trd, 8639580.346, 140
Trd, 8639581.146, 140
Trd, 8639581.679, 140
Trd, 8639582.112, 140
Trd, 8639582.346, 140
Trd, 8639582.746, 140
Trd, 8639583.346, 140
Trd, 8639583.379, 139
Trd, 8639583.646, 139
Trd, 8639584.546, 140
Trd, 8639584.879, 140
Trd, 8639585.079, 139
Trd, 8639585.146, 138
Trd, 8639586.246, 140
Trd, 8639586.746, 140
Trd, 8639586.779, 140
Trd, 8639587.979, 140
Trd, 8639588.579, 140
Trd, 8639588.979, 140
Trd, 8639589.112, 140
Trd, 8639589.246, 140
Trd, 8639590.812, 140
Trd, 8639590.912, 140
Trd, 8639592.912, 140
Trd, 8639593.012, 140
Trd, 8639593.346, 140
Trd, 8639593.779, 140
Trd, 8639593.912, 140
Trd, 8639593.979, 140
Trd, 8639594.046, 139
Trd, 8639594.546, 140
Trd, 8639594.846, 140
Trd, 8639595.046, 139
Trd, 8639595.146, 140
Trd, 8639595.346, 140
Trd, 8639595.412, 138
Trd, 8639595.646, 139
Trd, 8639595.879, 137
Trd, 8639596.546, 140
Trd, 8639597.446, 139
Trd, 8639598.012, 140
Trd, 8639598.079, 140
Trd, 8639599.579, 140
Trd, 8639599.879, 140
Trd, 8639600.012, 140
Trd, 8639600.579, 140
Trd, 8639601.212, 140
Trd, 8639601.346, 140
Trd, 8639601.579, 140
Trd, 8639601.612, 140
Trd, 8639602.079, 140
Trd, 8639602.579, 139
Trd, 8639602.846, 140
Trd, 8639603.412, 140
Trd, 8639603.779, 140
Trd, 8639603.812, 140
Trd, 8639603.912, 140
Trd, 8639604.446, 139
Trd, 8639604.846, 139
Trd, 8639605.212, 140
Trd, 8639605.512, 140
Trd, 8639606.579, 140
Trd, 8639606.946, 140
Trd, 8639607.146, 140
Trd, 8639607.412, 140
Trd, 8639607.746, 140
Trd, 8639608.179, 140
Trd, 8639608.579, 140
Trd, 8639608.712, 140
Trd, 8639609.012, 140
Trd, 8639609.846, 140
Trd, 8639610.179, 140
Trd, 8639610.712, 140
Trd, 8639612.246, 140
Trd, 8639612.579, 140
Trd, 8639612.646, 140
Trd, 8639613.012, 140
Trd, 8639614.112, 140
Trd, 8639614.479, 140
Trd, 8639614.646, 140
Trd, 8639614.712, 140
Trd, 8639615.646, 140
Trd, 8639615.946, 140
Trd, 8639616.379, 140
Trd, 8639616.446, 139
Trd, 8639617.079, 140
Trd, 8639618.312, 140
Trd, 8639618.379, 140
Trd, 8639619.779, 140
Trd, 8639619.946, 140
Trd, 8639620.212, 140
Trd, 8639620.612, 140
Trd, 8639620.779, 140
Trd, 8639621.579, 140
Trd, 8639621.646, 140
Trd, 8639621.712, 140
Trd, 8639621.779, 140
Trd, 8639622.746, 140
Trd, 8639622.846, 140
Trd, 8639623.079, 140
Trd, 8639623.946, 140
Trd, 8639623.979, 140
Trd, 8639624.079, 140
Trd, 8639624.346, 140
Trd, 8639624.446, 140
Trd, 8639624.746, 140
Trd, 8639624.812, 140
Trd, 8639625.246, 140
Trd, 8639625.979, 140
Trd, 8639626.812, 140
Trd, 8639627.046, 140
Trd, 8639628.646, 140
Trd, 8639629.046, 140
Trd, 8639629.312, 139
Trd, 8639629.612, 140
Trd, 8639630.046, 140
Trd, 8639630.512, 140
Trd, 8639630.546, 140
Trd, 8639631.612, 140
Trd, 8639632.312, 140
Trd, 8639632.412, 140
Trd, 8639633.046, 140
Trd, 8639633.446, 140
Trd, 8639633.546, 140
Trd, 8639633.912, 140
Trd, 8639634.079, 140
Trd, 8639634.879, 140
Trd, 8639635.012, 140
Trd, 8639635.646, 140
Trd, 8639635.846, 140
Trd, 8639636.412, 140
Trd, 8639636.646, 140
Trd, 8639636.779, 140
Trd, 8639636.979, 140
Trd, 8639637.546, 140
Trd, 8639638.012, 140
Trd, 8639638.079, 140
Trd, 8639638.746, 140
Trd, 8639639.246, 140
Trd, 8639640.012, 140
Trd, 8639640.446, 140
Trd, 8639640.579, 140
Trd, 8639640.679, 140
Trd, 8639641.312, 140
Trd, 8639641.812, 140
Trd, 8639641.979, 140
Trd, 8639642.179, 140
Trd, 8639642.679, 140
Trd, 8639643.846, 140
Trd, 8639643.979, 140
Trd, 8639645.612, 140
Trd, 8639646.079, 140
Trd, 8639646.146, 140
Trd, 8639646.546, 140
Trd, 8639646.712, 140
Trd, 8639647.646, 140
Trd, 8639647.712, 140
Trd, 8639648.346, 140
Trd, 8639649.312, 140
Trd, 8639649.812, 140
Trd, 8639650.279, 140
Trd, 8639650.979, 140
Trd, 8639651.379, 140
Trd, 8639651.712, 140
Trd, 8639652.012, 140
Trd, 8639652.412, 140
Trd, 8639654.146, 140
Trd, 8639654.412, 140
Trd, 8639654.446, 140
Trd, 8639654.646, 140
Trd, 8639654.679, 140
Trd, 8639655.012, 140
Trd, 8639655.846, 140
Trd, 8639655.912, 140
Trd, 8639656.146, 140
Trd, 8639656.446, 140
Trd, 8639656.579, 140
Trd, 8639656.612, 139
Trd, 8639657.112, 140
Trd, 8639657.946, 140
Trd, 8639658.346, 140
Trd, 8639658.479, 140
Trd, 8639658.979, 140
Trd, 8639659.146, 140
Trd, 8639660.746, 140
Trd, 8639660.779, 140
Trd, 8639661.346, 140
Trd, 8639661.412, 140
Trd, 8639661.446, 140
Trd, 8639662.079, 140
Trd, 8639664.646, 140
Trd, 8639664.679, 140
Trd, 8639665.112, 140
Trd, 8639665.412, 140
Trd, 8639665.812, 140
Trd, 8639665.979, 140
Trd, 8639666.646, 140
Trd, 8639666.746, 140
Trd, 8639666.812, 140
Trd, 8639667.146, 140
Trd, 8639668.012, 140
Trd, 8639668.246, 140
Trd, 8639669.212, 140
Trd, 8639669.512, 140
Trd, 8639669.979, 140
Trd, 8639670.246, 140
Trd, 8639670.379, 140
Trd, 8639670.446, 140
Trd, 8639671.079, 140
Trd, 8639671.179, 140
Trd, 8639671.712, 140
Trd, 8639671.846, 140
Trd, 8639672.112, 140
Trd, 8639672.346, 140
Trd, 8639674.946, 140
Trd, 8639675.246, 140
Trd, 8639675.512, 140
Trd, 8639676.179, 140
Trd, 8639676.446, 140
Trd, 8639677.012, 140
Trd, 8639677.246, 140
Trd, 8639677.946, 140
Trd, 8639679.179, 140
Trd, 8639679.379, 140
Trd, 8639679.779, 140
Trd, 8639679.812, 140
Trd, 8639680.279, 140
Trd, 8639680.979, 140
Trd, 8639681.112, 140
Trd, 8639682.012, 140
Trd, 8639682.679, 140
Trd, 8639682.779, 140
Trd, 8639682.879, 140
Trd, 8639683.146, 140
Trd, 8639684.212, 140
Trd, 8639684.246, 140
Trd, 8639684.446, 140
Trd, 8639684.712, 140
Trd, 8639685.079, 140
Trd, 8639685.279, 140
Trd, 8639685.846, 140
Trd, 8639685.979, 140
Trd, 8639686.012, 139
Trd, 8639686.946, 140
Trd, 8639687.279, 140
Trd, 8639687.379, 140
Trd, 8639688.379, 137
Trd, 8639688.812, 140
Trd, 8639689.746, 140
Trd, 8639690.346, 140
Trd, 8639691.279, 140
Trd, 8639691.446, 140
Trd, 8639692.179, 140
Trd, 8639692.512, 140
Trd, 8639693.112, 140
Trd, 8639693.146, 140
Trd, 8639694.012, 140
Trd, 8639694.512, 140
Trd, 8639694.912, 140
Trd, 8639695.312, 140
Trd, 8639695.712, 140
Trd, 8639696.512, 140
Trd, 8639697.312, 140
Trd, 8639698.146, 140
Trd, 8639698.379, 140
Trd, 8639699.412, 140
Trd, 8639699.612, 140
Trd, 8639699.912, 140
Trd, 8639700.146, 139
Trd, 8639700.246, 139
Trd, 8639700.479, 139
Trd, 8639700.846, 140
Trd, 8639701.146, 140
Trd, 8639701.312, 140
Trd, 8639702.479, 140
Trd, 8639703.212, 140
Trd, 8639703.512, 140
Trd, 8639703.846, 140
Trd, 8639704.346, 140
Trd, 8639704.746, 140
Trd, 8639704.946, 140
Trd, 8639706.112, 140
Trd, 8639706.579, 140
Trd, 8639707.179, 140
Trd, 8639707.412, 140
Trd, 8639707.746, 140
Trd, 8639707.812, 140
Trd, 8639708.412, 140
Trd, 8639708.812, 140
Trd, 8639710.012, 140
Trd, 8639710.679, 140
Trd, 8639710.946, 140
Trd, 8639711.812, 140
Trd, 8639712.179, 140
Trd, 8639713.079, 140
Trd, 8639713.279, 140
Trd, 8639713.846, 140
Trd, 8639715.146, 140
Trd, 8639715.546, 140
Trd, 8639715.746, 140
Trd, 8639715.946, 140
Trd, 8639716.479, 140
Trd, 8639717.112, 140
Trd, 8639717.312, 140
Trd, 8639717.546, 140
Trd, 8639717.646, 140
Trd, 8639717.712, 140
Trd, 8639718.012, 140
Trd, 8639719.479, 140
Trd, 8639719.812, 140
Trd, 8639720.012, 140
Trd, 8639720.379, 140
Trd, 8639721.112, 140
Trd, 8639721.812, 140
Trd, 8639722.312, 140
Trd, 8639722.779, 140
Trd, 8639723.746, 140
Trd, 8639724.112, 140
Trd, 8639724.179, 140
Trd, 8639724.712, 140
Trd, 8639724.912, 140
Trd, 8639724.979, 139
Trd, 8639725.212, 140
Trd, 8639725.479, 140
Trd, 8639725.979, 140
Trd, 8639726.046, 139
Trd, 8639726.646, 140
Trd, 8639726.879, 135
Trd, 8639727.479, 140
Trd, 8639728.146, 140
Trd, 8639728.846, 140
Trd, 8639730.012, 140
Trd, 8639730.179, 140
Trd, 8639730.279, 140
Trd, 8639730.512, 140
Trd, 8639730.579, 140
Trd, 8639731.679, 140
Trd, 8639732.279, 140
Trd, 8639732.746, 140
Trd, 8639732.979, 140
Trd, 8639733.079, 140
Trd, 8639733.346, 140
Trd, 8639733.879, 139
Trd, 8639734.879, 140
Trd, 8639735.379, 140
Trd, 8639735.679, 140
Trd, 8639736.079, 140
Trd, 8639736.279, 140
Trd, 8639737.312, 140
Trd, 8639738.212, 140
Trd, 8639739.212, 140
Trd, 8639739.379, 140
Trd, 8639739.746, 140
Trd, 8639740.546, 140
Trd, 8639740.746, 140
Trd, 8639740.779, 140
Trd, 8639741.046, 140
Trd, 8639741.146, 140
Trd, 8639741.179, 140
Trd, 8639741.346, 140
Trd, 8639742.779, 140
Trd, 8639742.946, 140
Trd, 8639743.612, 140
Trd, 8639743.912, 140
Trd, 8639745.479, 140
Trd, 8639745.546, 140
Trd, 8639746.179, 140
Trd, 8639746.646, 140
Trd, 8639746.679, 140
Trd, 8639746.746, 140
Trd, 8639747.312, 140
Trd, 8639748.012, 140
Trd, 8639748.279, 140
Trd, 8639748.512, 140
Trd, 8639748.879, 140
Trd, 8639749.312, 140
Trd, 8639749.846, 140
Trd, 8639750.046, 140
Trd, 8639751.179, 140
Trd, 8639751.279, 140
Trd, 8639751.679, 140
Trd, 8639751.712, 140
Trd, 8639752.046, 139
Trd, 8639752.146, 138
Trd, 8639752.446, 140
Trd, 8639752.512, 139
Trd, 8639753.379, 140
Trd, 8639753.779, 140
Trd, 8639754.479, 140
Trd, 8639754.512, 139
Trd, 8639754.579, 137
Trd, 8639754.779, 62
Trd, 8639755.812, 140
Trd, 8639756.712, 140
Trd, 8639756.879, 139
Trd, 8639757.146, 140
Trd, 8639758.746, 140
Trd, 8639759.246, 140
Trd, 8639759.312, 140
Trd, 8639759.546, 140
Trd, 8639760.079, 139
Trd, 8639760.612, 140
Trd, 8639761.112, 140
Trd, 8639761.246, 140
Trd, 8639761.579, 139
Trd, 8639761.646, 140
Trd, 8639761.946, 140
Trd, 8639762.179, 140
Trd, 8639762.679, 140
Trd, 8639763.246, 140
Trd, 8639763.546, 139
Trd, 8639763.779, 140
Trd, 8639764.146, 139
Trd, 8639765.146, 140
Trd, 8639765.646, 140
Trd, 8639766.279, 140
Trd, 8639766.779, 140
Trd, 8639767.012, 140
Trd, 8639768.512, 140
Trd, 8639768.579, 140
Trd, 8639768.646, 140
Trd, 8639768.812, 140
Trd, 8639769.779, 140
Trd, 8639770.979, 140
Trd, 8639771.112, 140
Trd, 8639771.479, 140
Trd, 8639771.712, 140
Trd, 8639771.779, 140
Trd, 8639771.979, 140
Trd, 8639772.246, 140
Trd, 8639772.279, 139
Trd, 8639772.546, 139
Trd, 8639772.612, 135
Trd, 8639772.812, 140
Trd, 8639773.546, 60
Trd, 8639774.446, 61
Trd, 8639774.479, 64
Trd, 8639775.046, 69
Trd, 8639775.446, 62
Trd, 8639775.846, 65
Trd, 8639776.046, 62
Trd, 8639776.812, 63
Trd, 8639777.279, 61
Trd, 8639777.812, 68
Trd, 8639777.912, 68
Trd, 8639778.412, 61
Trd, 8639779.012, 60
Trd, 8639779.246, 60
Trd, 8639779.879, 60
Trd, 8639780.146, 60
Trd, 8639780.379, 62
Trd, 8639780.446, 61
Trd, 8639781.012, 62
Trd, 8639781.079, 61
Trd, 8639781.446, 63
Trd, 8639782.146, 60
Trd, 8639782.212, 61
Trd, 8639782.346, 62
Trd, 8639782.446, 81
Trd, 8639783.079, 96
Trd, 8639784.679, 140
Trd, 8639785.246, 140
Trd, 8639785.479, 140
Trd, 8639785.679, 140
Trd, 8639786.379, 140
Trd, 8639786.546, 140
Trd, 8639786.979, 140
Trd, 8639787.012, 140
Trd, 8639787.612, 140
Trd, 8639788.379, 140
Trd, 8639788.579, 140
Trd, 8639788.679, 140
Trd, 8639789.046, 140
Trd, 8639789.212, 140
Trd, 8639790.212, 140
Trd, 8639790.412, 139
Trd, 8639790.512, 138
Trd, 8639790.679, 140
Trd, 8639791.579, 140
Trd, 8639792.379, 140
Trd, 8639793.279, 140
Trd, 8639794.012, 140
Trd, 8639794.279, 140
Trd, 8639794.746, 140
Trd, 8639794.779, 140
Trd, 8639795.346, 140
Trd, 8639796.246, 140
Trd, 8639797.212, 140
Trd, 8639797.879, 140
Trd, 8639797.912, 140
Trd, 8639798.246, 140
Trd, 8639798.779, 140
Trd, 8639799.379, 140
Trd, 8639799.446, 140
Trd, 8639799.646, 140
Trd, 8639801.112, 140
Trd, 8639801.346, 140
Trd, 8639801.879, 140
Trd, 8639802.046, 140
Trd, 8639802.512, 140
Trd, 8639802.712, 140
Trd, 8639802.779, 140
Trd, 8639803.146, 140
Trd, 8639804.212, 140
Trd, 8639804.379, 140
Trd, 8639804.479, 140
Trd, 8639804.512, 140
Trd, 8639804.612, 140
Trd, 8639804.846, 140
Trd, 8639805.246, 140
Trd, 8639806.746, 140
Trd, 8639806.812, 140
Trd, 8639806.979, 140
Trd, 8639807.579, 140
Trd, 8639808.512, 140
Trd, 8639810.179, 140
Trd, 8639810.779, 140
Trd, 8639811.246, 140
Trd, 8639811.346, 140
Trd, 8639811.379, 140
Trd, 8639811.546, 140
Trd, 8639811.612, 140
Trd, 8639813.679, 140
Trd, 8639813.812, 140
Trd, 8639814.479, 140
Trd, 8639814.746, 140
Trd, 8639814.846, 140
Trd, 8639814.912, 140
Trd, 8639815.246, 140
Trd, 8639815.379, 140
Trd, 8639816.112, 140
Trd, 8639816.246, 140
Trd, 8639816.679, 140
Trd, 8639816.779, 140
Trd, 8639816.912, 139
Trd, 8639817.579, 140
Trd, 8639817.679, 140
Trd, 8639818.746, 140
Trd, 8639819.279, 140
Trd, 8639819.912, 140
Trd, 8639820.179, 140
Trd, 8639820.846, 140
Trd, 8639821.079, 140
Trd, 8639821.579, 140
Trd, 8639821.646, 139
Trd, 8639822.279, 140
Trd, 8639822.412, 139
Trd, 8639822.579, 139
Trd, 8639822.612, 137
Trd, 8639823.679, 140
Trd, 8639823.912, 140
Trd, 8639824.779, 140
Trd, 8639825.112, 140
Trd, 8639825.879, 140
Trd, 8639826.012, 140
Trd, 8639826.379, 140
Trd, 8639826.579, 140
Trd, 8639827.646, 140
Trd, 8639827.712, 140
Trd, 8639828.012, 140
Trd, 8639829.046, 140
Trd, 8639829.446, 140
Trd, 8639829.646, 140
Trd, 8639829.712, 140
Trd, 8639830.546, 140
Trd, 8639831.679, 140
Trd, 8639832.612, 140
Trd, 8639832.846, 140
Trd, 8639833.012, 140
Trd, 8639833.346, 140
Trd, 8639834.546, 140
Trd, 8639834.879, 140
Trd, 8639834.946, 140
Trd, 8639835.279, 140
Trd, 8639836.379, 140
Trd, 8639836.579, 140
Trd, 8639837.579, 140
Trd, 8639837.712, 140
Trd, 8639837.979, 140
Trd, 8639838.146, 140
Trd, 8639838.346, 139
Trd, 8639839.246, 140
Trd, 8639839.512, 140
Trd, 8639839.646, 140
Trd, 8639840.446, 140
Trd, 8639841.046, 140
Trd, 8639841.212, 140
Trd, 8639841.879, 140
Trd, 8639842.079, 140
Trd, 8639842.112, 140
Trd, 8639842.312, 140
Trd, 8639842.379, 140
Trd, 8639842.846, 140
Trd, 8639843.579, 140
Trd, 8639844.379, 140
Trd, 8639844.446, 140
Trd, 8639844.546, 140
Trd, 8639845.079, 140
Trd, 8639845.446, 140
Trd, 8639845.546, 140
Trd, 8639846.312, 140
Trd, 8639846.879, 140
Trd, 8639848.346, 140
Trd, 8639848.679, 140
Trd, 8639849.079, 140
Trd, 8639849.579, 140
Trd, 8639850.679, 140
Trd, 8639850.779, 140
Trd, 8639850.912, 140
Trd, 8639851.612, 140
Trd, 8639851.812, 140
Trd, 8639851.979, 140
Trd, 8639852.012, 140
Trd, 8639852.779, 140
Trd, 8639853.912, 140
Trd, 8639854.346, 140
Trd, 8639854.379, 140
Trd, 8639854.512, 140
Trd, 8639855.146, 140
Trd, 8639855.512, 140
Trd, 8639855.712, 140
Trd, 8639856.646, 140
Trd, 8639856.846, 140
Trd, 8639857.179, 140
Trd, 8639857.612, 140
Trd, 8639858.779, 140
Trd, 8639858.846, 140
Trd, 8639859.179, 140
Trd, 8639860.846, 140
Trd, 8639861.146, 140
Trd, 8639861.479, 140
Trd, 8639861.912, 140
Trd, 8639861.946, 140
Trd, 8639861.979, 140
Trd, 8639862.479, 140
Trd, 8639862.946, 140
Trd, 8639863.312, 140
Trd, 8639863.712, 140
Trd, 8639864.412, 140
Trd, 8639865.379, 140
Trd, 8639865.779, 140
Trd, 8639866.812, 140
Trd, 8639867.446, 140
Trd, 8639867.512, 140
Trd, 8639867.779, 140
Trd, 8639867.812, 140
Trd, 8639867.912, 140
Trd, 8639868.712, 140
Trd, 8639869.012, 140
Trd, 8639869.479, 140
Trd, 8639869.846, 139
Trd, 8639869.979, 140
Trd, 8639870.279, 140
Trd, 8639870.479, 140
Trd, 8639872.246, 140
Trd, 8639872.746, 140
Trd, 8639873.479, 140
Trd, 8639873.546, 140
Trd, 8639873.946, 140
Trd, 8639874.112, 140
Trd, 8639874.346, 140
Trd, 8639875.312, 140
Trd, 8639875.346, 140
Trd, 8639876.012, 140
Trd, 8639876.379, 140
Trd, 8639876.512, 140
Trd, 8639877.512, 140
Trd, 8639877.779, 140
Trd, 8639878.012, 140
Trd, 8639878.079, 140
Trd, 8639878.246, 140
Trd, 8639878.512, 139
Trd, 8639878.579, 139
Trd, 8639879.046, 140
Trd, 8639879.712, 60
Trd, 8639879.846, 64
Trd, 8639879.946, 140
Trd, 8639880.879, 65
Trd, 8639882.912, 60
Trd, 8639883.012, 61
Trd, 8639883.112, 61
Trd, 8639883.979, 62
Trd, 8639884.012, 63
Trd, 8639884.179, 60
Trd, 8639884.412, 61
Trd, 8639885.346, 66
Trd, 8639885.979, 60
Trd, 8639886.012, 60
Trd, 8639887.479, 60
Trd, 8639887.646, 60
Trd, 8639888.612, 61
Trd, 8639889.346, 60
Trd, 8639889.379, 61
Trd, 8639889.746, 60
Trd, 8639890.146, 62
Trd, 8639890.479, 63
Trd, 8639890.979, 64
Trd, 8639891.146, 64
Trd, 8639891.446, 65
Trd, 8639891.612, 64
Trd, 8639892.512, 62
Trd, 8639893.046, 140
Trd, 8639893.346, 140
Trd, 8639893.446, 140
Trd, 8639894.079, 60
Trd, 8639894.179, 60
Trd, 8639894.279, 60
Trd, 8639894.912, 140
Trd, 8639895.446, 62
Trd, 8639895.479, 63
Trd, 8639896.846, 140
Trd, 8639897.146, 140
Trd, 8639897.279, 140
Trd, 8639897.979, 140
Trd, 8639898.979, 140
Trd, 8639899.079, 140
Trd, 8639899.779, 140
Trd, 8639900.279, 140
Trd, 8639900.812, 140
Trd, 8639901.112, 140
Trd, 8639901.846, 140
Trd, 8639901.879, 140
Trd, 8639902.412, 140
Trd, 8639902.579, 140
Trd, 8639903.679, 140
Trd, 8639904.246, 140
Trd, 8639904.579, 140
Trd, 8639904.646, 140
Trd, 8639904.746, 140
Trd, 8639904.812, 140
Trd, 8639904.912, 140
Trd, 8639904.979, 137
Trd, 8639905.246, 139
Trd, 8639905.612, 139
Trd, 8639905.846, 138
Trd, 8639906.212, 139
Trd, 8639906.446, 72
Trd, 8639907.179, 61
Trd, 8639907.246, 62
Trd, 8639907.612, 64
Trd, 8639908.846, 61
Trd, 8639909.646, 61
Trd, 8639909.912, 62
Trd, 8639910.212, 60
Trd, 8639910.612, 60
Trd, 8639910.846, 60
Trd, 8639911.179, 65
Trd, 8639913.112, 60
Trd, 8639913.812, 60
Trd, 8639914.179, 60
Trd, 8639914.779, 60
Trd, 8639914.879, 62
Trd, 8639915.212, 62
Trd, 8639915.546, 64
Trd, 8639916.546, 60
Trd, 8639916.812, 61
Trd, 8639916.879, 62
Trd, 8639917.212, 63
Trd, 8639917.546, 60
Trd, 8639917.846, 63
Trd, 8639917.946, 90
Trd, 8639918.746, 60
Trd, 8639918.879, 60
Trd, 8639919.246, 62
Trd, 8639919.312, 62
Trd, 8639919.479, 64
Trd, 8639920.079, 62
Trd, 8639920.279, 64
Trd, 8639920.512, 91
Trd, 8639921.412, 60
Trd, 8639921.446, 60
Trd, 8639922.679, 60
Trd, 8639923.312, 60
Trd, 8639923.779, 60
Trd, 8639924.212, 60
Trd, 8639924.879, 60
Trd, 8639925.279, 61
Trd, 8639925.312, 61
Trd, 8639925.579, 60
Trd, 8639926.779, 61
Trd, 8639926.846, 62
Trd, 8639927.679, 61
Trd, 8639928.612, 60
Trd, 8639928.846, 61
Trd, 8639929.212, 62
Trd, 8639929.312, 60
Trd, 8639929.946, 60
Trd, 8639930.612, 61
Trd, 8639930.746, 62
Trd, 8639930.879, 61
Trd, 8639931.046, 65
Trd, 8639931.379, 61
Trd, 8639931.512, 65
Trd, 8639931.979, 69
Trd, 8639932.012, 71
Trd, 8639932.246, 81
Trd, 8639932.979, 66
Trd, 8639933.846, 67
Trd, 8639934.212, 66
Trd, 8639934.446, 68
Trd, 8639934.679, 67
Trd, 8639935.212, 140
Trd, 8639935.412, 69
Trd, 8639935.846, 69
Trd, 8639935.879, 70
Trd, 8639936.779, 140
Trd, 8639937.146, 140
Trd, 8639937.746, 140
Trd, 8639938.012, 140
Trd, 8639938.112, 140
Trd, 8639938.612, 140
Trd, 8639938.646, 140
Trd, 8639939.746, 140
Trd, 8639939.912, 140
Trd, 8639940.179, 139
Trd, 8639940.512, 140
Trd, 8639942.279, 140
Trd, 8639942.612, 140
Trd, 8639942.712, 140
Trd, 8639942.846, 140
Trd, 8639943.279, 140
Trd, 8639943.712, 140
Trd, 8639944.179, 140
Trd, 8639944.546, 140
Trd, 8639944.579, 140
Trd, 8639945.179, 140
Trd, 8639945.312, 140
Trd, 8639945.346, 140
Trd, 8639945.546, 140
Trd, 8639946.046, 140
Trd, 8639947.779, 140
Trd, 8639948.346, 140
Trd, 8639948.712, 140
Trd, 8639949.246, 140
Trd, 8639949.446, 140
Trd, 8639950.512, 140
Trd, 8639950.646, 140
Trd, 8639951.179, 140
Trd, 8639951.846, 140
Trd, 8639952.346, 140
Trd, 8639953.046, 140
Trd, 8639953.579, 140
Trd, 8639954.079, 140
Trd, 8639954.112, 140
Trd, 8639954.612, 140
Trd, 8639955.646, 140
Trd, 8639955.679, 140
Trd, 8639956.846, 140
Trd, 8639957.146, 140
Trd, 8639957.246, 140
Trd, 8639957.346, 140
Trd, 8639957.512, 140
Trd, 8639958.012, 140
Trd, 8639958.112, 140
Trd, 8639958.312, 140
Trd, 8639958.946, 140
Trd, 8639958.979, 140
Trd, 8639959.179, 140
Trd, 8639960.546, 140
Trd, 8639961.146, 140
Trd, 8639961.579, 140
Trd, 8639962.079, 140
Trd, 8639962.279, 140
Trd, 8639962.946, 140
Trd, 8639963.246, 140
Trd, 8639963.579, 140
Trd, 8639965.079, 140
Trd, 8639965.346, 140
Trd, 8639965.512, 140
Trd, 8639965.779, 140
Trd, 8639965.912, 140
Trd, 8639966.379, 140
Trd, 8639966.479, 139
Trd, 8639966.979, 140
Trd, 8639967.479, 140
Trd, 8639967.979, 140
Trd, 8639968.046, 140
Trd, 8639968.679, 140
Trd, 8639969.879, 140
Trd, 8639969.946, 140
Trd, 8639970.246, 140
Trd, 8639972.246, 140
Trd, 8639972.312, 140
Trd, 8639972.646, 140
Trd, 8639972.879, 140
Trd, 8639973.046, 140
Trd, 8639974.146, 140
Trd, 8639974.312, 140
Trd, 8639974.379, 140
Trd, 8639974.679, 140
Trd, 8639975.179, 140
Trd, 8639975.212, 140
Trd, 8639975.346, 139
Trd, 8639975.479, 138
Trd, 8639975.512, 138
Trd, 8639976.346, 140
Trd, 8639976.812, 140
Trd, 8639977.346, 140
Trd, 8639977.679, 140
Trd, 8639977.779, 140
Trd, 8639978.012, 140
Trd, 8639978.312, 140
Trd, 8639978.379, 140
Trd, 8639978.679, 139
Trd, 8639979.812, 140
Trd, 8639980.146, 140
Trd, 8639981.179, 140
Trd, 8639981.446, 140
Trd, 8639981.912, 140
Trd, 8639982.079, 140
Trd, 8639982.746, 140
Trd, 8639982.779, 139
Trd, 8639982.846, 140
Trd, 8639983.112, 140
Trd, 8639983.212, 139
Trd, 8639983.346, 140
Trd, 8639984.246, 140
Trd, 8639985.579, 140
Trd, 8639985.679, 140
Trd, 8639985.712, 140
Trd, 8639985.912, 139
Trd, 8639986.612, 140
Trd, 8639986.712, 140
Trd, 8639986.779, 140
Trd, 8639987.112, 140
Trd, 8639988.012, 140
Trd, 8639988.546, 140
Trd, 8639988.646, 140
Trd, 8639989.779, 140
Trd, 8639990.079, 140
Trd, 8639990.279, 140
Trd, 8639993.012, 140
Trd, 8639993.179, 140
Trd, 8639993.679, 140
Trd, 8639993.946, 140
Trd, 8639994.212, 140
Trd, 8639994.412, 140
Trd, 8639994.546, 140
Trd, 8639994.846, 140
Trd, 8639995.379, 140
Trd, 8639996.946, 140
Trd, 8639997.746, 140
Trd, 8639998.146, 140
Trd, 8639998.379, 140
Trd, 8639999.446, 140
Trd, 8639999.979, 140
