Trd, 8638755.912, 81
Trd, 8638756.079, 122
Trd, 8638756.712, 139
Trd, 8638757.546, 140
Trd, 8638758.812, 140
Trd, 8638759.379, 140
Trd, 8638759.812, 140
Trd, 8638760.612, 140
Trd, 8638761.579, 140
Trd, 8638761.846, 140
Trd, 8638763.779, 140
Trd, 8638764.712, 140
Trd, 8638765.446, 140
Trd, 8638765.679, 140
Trd, 8638765.946, 140
Trd, 8638766.079, 140
Trd, 8638766.346, 140
Trd, 8638766.512, 140
Trd, 8638767.779, 140
Trd, 8638768.446, 140
Trd, 8638768.512, 140
Trd, 8638768.679, 140
Trd, 8638769.179, 140
Trd, 8638769.512, 140
Trd, 8638770.079, 140
Trd, 8638770.312, 140
Trd, 8638770.379, 140
Trd, 8638770.446, 140
Trd, 8638771.046, 140
Trd, 8638771.079, 139
Trd, 8638772.846, 140
Trd, 8638773.079, 140
Trd, 8638773.746, 140
Trd, 8638774.479, 140
Trd, 8638775.446, 140
Trd, 8638775.512, 140
Trd, 8638775.846, 140
Trd, 8638776.346, 140
Trd, 8638776.579, 140
Trd, 8638776.646, 140
Trd, 8638776.679, 140
Trd, 8638776.946, 140
Trd, 8638778.046, 140
Trd, 8638778.846, 140
Trd, 8638779.546, 140
Trd, 8638779.879, 140
Trd, 8638780.246, 140
Trd, 8638780.379, 140
Trd, 8638780.946, 140
Trd, 8638782.712, 140
Trd, 8638783.212, 140
Trd, 8638784.546, 140
Trd, 8638784.612, 140
Trd, 8638785.579, 140
Trd, 8638785.779, 140
Trd, 8638785.912, 140
Trd, 8638786.146, 140
Trd, 8638786.412, 140
Trd, 8638786.979, 140
Trd, 8638787.179, 140
Trd, 8638787.346, 140
Trd, 8638787.946, 140
Trd, 8638788.279, 139
Trd, 8638788.412, 139
Trd, 8638788.512, 138
Trd, 8638789.246, 140
Trd, 8638789.346, 140
Trd, 8638789.912, 108
Trd, 8638790.179, 140
Trd, 8638790.412, 130
Trd, 8638791.179, 60
Trd, 8638791.846, 60
Trd, 8638792.112, 60
Trd, 8638792.179, 60
Trd, 8638792.912, 60
Trd, 8638793.479, 60
Trd, 8638793.879, 61
Trd, 8638793.912, 63
Trd, 8638795.812, 60
Trd, 8638795.979, 60
Trd, 8638796.546, 60
Trd, 8638797.479, 60
Trd, 8638797.879, 60
Trd, 8638797.979, 62
Trd, 8638798.579, 63
Trd, 8638799.179, 62
Trd, 8638799.246, 67
Trd, 8638800.812, 140
Trd, 8638801.679, 140
Trd, 8638802.046, 140
Trd, 8638802.446, 140
Trd, 8638802.712, 140
Trd, 8638802.879, 140
Trd, 8638803.479, 140
Trd, 8638804.012, 140
Trd, 8638804.546, 140
Trd, 8638806.246, 140
Trd, 8638806.512, 140
Trd, 8638806.679, 140
Trd, 8638806.879, 140
Trd, 8638807.379, 140
Trd, 8638807.512, 140
Trd, 8638807.712, 140
Trd, 8638807.779, 140
Trd, 8638808.246, 140
Trd, 8638808.512, 140
Trd, 8638808.812, 140
Trd, 8638809.879, 140
Trd, 8638810.879, 140
Trd, 8638811.046, 140
Trd, 8638811.612, 140
Trd, 8638811.646, 139
Trd, 8638812.179, 140
Trd, 8638812.546, 138
Trd, 8638812.612, 137
Trd, 8638814.346, 140
Trd, 8638814.379, 140
Trd, 8638815.046, 140
Trd, 8638815.312, 140
Trd, 8638815.512, 140
Trd, 8638815.846, 140
Trd, 8638816.046, 139
Trd, 8638816.946, 140
Trd, 8638817.279, 139
Trd, 8638817.712, 140
Trd, 8638817.779, 140
Trd, 8638819.612, 140
Trd, 8638820.112, 140
Trd, 8638820.279, 140
Trd, 8638820.612, 140
Trd, 8638821.579, 140
Trd, 8638821.712, 140
Trd, 8638822.012, 140
Trd, 8638822.279, 140
Trd, 8638822.379, 140
Trd, 8638822.846, 140
Trd, 8638823.346, 140
Trd, 8638824.246, 140
Trd, 8638824.546, 140
Trd, 8638824.779, 140
Trd, 8638825.612, 140
Trd, 8638825.912, 140
Trd, 8638826.479, 140
Trd, 8638827.012, 140
Trd, 8638827.246, 140
Trd, 8638828.446, 140
Trd, 8638829.279, 140
Trd, 8638829.412, 140
Trd, 8638829.679, 140
Trd, 8638830.046, 140
Trd, 8638830.346, 140
Trd, 8638830.946, 140
Trd, 8638831.046, 139
Trd, 8638831.312, 140
Trd, 8638832.012, 140
Trd, 8638832.379, 140
Trd, 8638832.879, 140
Trd, 8638834.379, 140
Trd, 8638834.546, 140
Trd, 8638834.979, 140
Trd, 8638835.112, 140
Trd, 8638835.579, 140
Trd, 8638837.712, 140
Trd, 8638838.546, 140
Trd, 8638838.846, 140
Trd, 8638839.679, 140
Trd, 8638839.946, 140
Trd, 8638840.012, 140
Trd, 8638841.346, 140
Trd, 8638841.379, 140
Trd, 8638841.612, 140
Trd, 8638841.912, 140
Trd, 8638842.646, 140
Trd, 8638842.679, 140
Trd, 8638844.046, 140
Trd, 8638844.079, 140
Trd, 8638844.546, 140
Trd, 8638844.846, 140
Trd, 8638845.246, 140
Trd, 8638846.946, 140
Trd, 8638846.979, 140
Trd, 8638847.579, 140
Trd, 8638847.712, 140
Trd, 8638847.746, 140
Trd, 8638849.246, 140
Trd, 8638849.379, 140
Trd, 8638849.846, 140
Trd, 8638851.146, 140
Trd, 8638851.346, 140
Trd, 8638851.979, 140
Trd, 8638852.446, 140
Trd, 8638852.612, 140
Trd, 8638852.712, 140
Trd, 8638853.279, 140
Trd, 8638853.646, 139
Trd, 8638853.846, 139
Trd, 8638854.046, 137
Trd, 8638854.312, 139
Trd, 8638854.946, 137
Trd, 8638855.212, 138
Trd, 8638855.446, 139
Trd, 8638856.479, 140
Trd, 8638856.779, 140
Trd, 8638857.212, 140
Trd, 8638857.346, 140
Trd, 8638858.279, 140
Trd, 8638858.746, 140
Trd, 8638859.479, 140
Trd, 8638859.679, 140
Trd, 8638859.779, 140
Trd, 8638859.846, 140
Trd, 8638859.879, 140
Trd, 8638861.246, 140
Trd, 8638861.612, 140
Trd, 8638862.379, 140
Trd, 8638862.579, 140
Trd, 8638862.979, 139
Trd, 8638863.612, 140
Trd, 8638863.646, 140
Trd, 8638863.712, 138
Trd, 8638865.646, 140
Trd, 8638866.979, 140
Trd, 8638868.512, 140
Trd, 8638868.579, 140
Trd, 8638869.012, 140
Trd, 8638869.079, 140
Trd, 8638869.212, 140
Trd, 8638869.246, 140
Trd, 8638869.546, 140
Trd, 8638869.779, 140
Trd, 8638870.179, 140
Trd, 8638870.412, 140
Trd, 8638870.479, 140
Trd, 8638870.512, 140
Trd, 8638870.612, 135
Trd, 8638870.879, 136
Trd, 8638871.679, 135
Trd, 8638871.846, 80
Trd, 8638872.646, 63
Trd, 8638873.446, 60
Trd, 8638873.879, 70
Trd, 8638874.279, 71
Trd, 8638874.546, 62
Trd, 8638875.179, 61
Trd, 8638875.612, 63
Trd, 8638875.646, 63
Trd, 8638876.212, 102
Trd, 8638876.846, 137
Trd, 8638877.446, 140
Trd, 8638877.979, 69
Trd, 8638878.112, 139
Trd, 8638878.479, 120
Trd, 8638879.046, 74
Trd, 8638879.746, 118
Trd, 8638880.146, 75
Trd, 8638881.012, 140
Trd, 8638881.146, 140
Trd, 8638881.712, 140
Trd, 8638881.946, 140
Trd, 8638882.512, 140
Trd, 8638882.679, 140
Trd, 8638883.112, 140
Trd, 8638884.179, 140
Trd, 8638884.646, 140
Trd, 8638884.912, 140
Trd, 8638884.979, 140
Trd, 8638885.612, 140
Trd, 8638885.646, 140
Trd, 8638885.846, 137
Trd, 8638886.679, 127
Trd, 8638887.179, 136
Trd, 8638887.312, 135
Trd, 8638888.812, 140
Trd, 8638889.212, 140
Trd, 8638889.446, 140
Trd, 8638889.912, 140
Trd, 8638890.046, 140
Trd, 8638890.146, 140
Trd, 8638890.746, 140
Trd, 8638890.879, 140
Trd, 8638892.479, 140
Trd, 8638892.512, 140
Trd, 8638893.912, 140
Trd, 8638894.379, 140
Trd, 8638895.479, 140
Trd, 8638895.946, 140
Trd, 8638896.212, 140
Trd, 8638896.379, 140
Trd, 8638896.412, 140
Trd, 8638896.646, 140
Trd, 8638896.946, 140
Trd, 8638897.279, 140
Trd, 8638897.646, 137
Trd, 8638897.846, 110
Trd, 8638898.079, 61
Trd, 8638898.312, 138
Trd, 8638898.512, 137
Trd, 8638899.179, 62
Trd, 8638899.946, 76
Trd, 8638900.246, 64
Trd, 8638900.412, 95
Trd, 8638901.412, 90
Trd, 8638901.846, 89
Trd, 8638902.146, 74
Trd, 8638902.246, 87
Trd, 8638903.179, 87
Trd, 8638904.746, 60
Trd, 8638905.012, 60
Trd, 8638905.912, 60
Trd, 8638906.246, 60
Trd, 8638906.346, 60
Trd, 8638906.446, 60
Trd, 8638906.479, 60
Trd, 8638907.979, 60
Trd, 8638908.246, 60
Trd, 8638908.312, 60
Trd, 8638908.546, 60
Trd, 8638908.846, 60
Trd, 8638908.879, 61
Trd, 8638909.946, 60
Trd, 8638910.279, 60
Trd, 8638910.879, 60
Trd, 8638910.946, 60
Trd, 8638911.412, 70
Trd, 8638911.679, 61
Trd, 8638912.479, 66
Trd, 8638913.246, 60
Trd, 8638913.846, 63
Trd, 8638914.112, 70
Trd, 8638914.946, 62
Trd, 8638915.479, 62
Trd, 8638915.912, 60
Trd, 8638916.679, 64
Trd, 8638917.279, 60
Trd, 8638917.412, 62
Trd, 8638917.812, 62
Trd, 8638917.879, 63
Trd, 8638918.146, 64
Trd, 8638919.046, 64
Trd, 8638919.179, 65
Trd, 8638919.212, 67
Trd, 8638920.146, 69
Trd, 8638920.512, 124
Trd, 8638920.912, 60
Trd, 8638921.412, 61
Trd, 8638921.679, 61
Trd, 8638922.512, 65
Trd, 8638923.212, 65
Trd, 8638923.912, 132
Trd, 8638924.546, 76
Trd, 8638924.846, 99
Trd, 8638925.012, 100
Trd, 8638925.079, 101
Trd, 8638927.046, 140
Trd, 8638927.579, 140
Trd, 8638928.512, 140
Trd, 8638928.612, 140
Trd, 8638928.746, 140
Trd, 8638929.146, 140
Trd, 8638929.279, 140
Trd, 8638929.312, 140
Trd, 8638929.379, 140
Trd, 8638930.112, 140
Trd, 8638930.679, 140
Trd, 8638930.779, 112
Trd, 8638931.512, 139
Trd, 8638931.979, 137
Trd, 8638932.012, 114
Trd, 8638932.146, 140
Trd, 8638932.312, 113
Trd, 8638933.079, 106
Trd, 8638934.246, 60
Trd, 8638934.679, 60
Trd, 8638935.779, 60
Trd, 8638935.812, 60
Trd, 8638936.179, 60
Trd, 8638937.779, 60
Trd, 8638938.079, 60
Trd, 8638938.346, 61
Trd, 8638938.979, 60
Trd, 8638939.246, 62
Trd, 8638940.712, 61
Trd, 8638940.846, 62
Trd, 8638940.979, 61
Trd, 8638941.179, 62
Trd, 8638941.579, 63
Trd, 8638941.812, 69
Trd, 8638941.946, 94
Trd, 8638942.379, 140
Trd, 8638942.546, 140
Trd, 8638944.112, 140
Trd, 8638944.412, 140
Trd, 8638944.846, 140
Trd, 8638945.012, 140
Trd, 8638945.546, 140
Trd, 8638946.179, 140
Trd, 8638947.146, 140
Trd, 8638947.679, 140
Trd, 8638948.279, 140
Trd, 8638949.279, 140
Trd, 8638949.346, 140
Trd, 8638949.646, 140
Trd, 8638950.012, 140
Trd, 8638950.746, 140
Trd, 8638951.079, 140
Trd, 8638951.179, 140
Trd, 8638951.312, 140
Trd, 8638951.379, 140
Trd, 8638952.946, 140
Trd, 8638952.979, 140
Trd, 8638953.112, 140
Trd, 8638953.412, 140
Trd, 8638953.812, 140
Trd, 8638954.146, 140
Trd, 8638954.279, 140
Trd, 8638955.179, 140
Trd, 8638955.679, 140
Trd, 8638956.712, 140
Trd, 8638956.846, 140
Trd, 8638957.112, 139
Trd, 8638958.446, 140
Trd, 8638959.179, 140
Trd, 8638959.646, 140
Trd, 8638959.779, 140
Trd, 8638960.679, 140
Trd, 8638960.912, 140
Trd, 8638960.946, 140
Trd, 8638960.979, 140
Trd, 8638961.146, 140
Trd, 8638961.346, 140
Trd, 8638961.546, 139
Trd, 8638962.246, 64
Trd, 8638962.546, 140
Trd, 8638962.646, 60
Trd, 8638963.079, 140
Trd, 8638963.612, 131
Trd, 8638965.912, 140
Trd, 8638966.012, 140
Trd, 8638966.246, 140
Trd, 8638966.779, 140
Trd, 8638967.079, 140
Trd, 8638967.846, 140
Trd, 8638967.912, 140
Trd, 8638968.279, 140
Trd, 8638969.179, 140
Trd, 8638969.279, 140
Trd, 8638970.446, 140
Trd, 8638970.846, 140
Trd, 8638971.512, 140
Trd, 8638972.046, 140
Trd, 8638972.779, 140
Trd, 8638973.079, 140
Trd, 8638973.212, 140
Trd, 8638974.646, 140
Trd, 8638975.579, 140
Trd, 8638975.679, 140
Trd, 8638975.846, 140
Trd, 8638975.946, 140
Trd, 8638976.712, 140
Trd, 8638976.912, 140
Trd, 8638977.212, 140
Trd, 8638977.412, 140
Trd, 8638977.779, 140
Trd, 8638978.179, 140
Trd, 8638978.346, 140
Trd, 8638978.446, 140
Trd, 8638979.379, 137
Trd, 8638979.679, 138
Trd, 8638979.779, 137
Trd, 8638979.812, 136
Trd, 8638979.946, 137
Trd, 8638980.812, 136
Trd, 8638981.346, 140
Trd, 8638982.079, 140
Trd, 8638982.212, 140
Trd, 8638982.979, 140
Trd, 8638984.146, 140
Trd, 8638985.712, 140
Trd, 8638986.379, 140
Trd, 8638986.512, 140
Trd, 8638986.546, 140
Trd, 8638986.746, 140
Trd, 8638986.779, 140
Trd, 8638986.979, 140
Trd, 8638987.212, 140
Trd, 8638988.146, 140
Trd, 8638988.212, 140
Trd, 8638988.479, 139
Trd, 8638989.346, 140
Trd, 8638989.912, 140
Trd, 8638990.279, 140
Trd, 8638990.346, 140
Trd, 8638991.279, 140
Trd, 8638992.112, 140
Trd, 8638993.079, 140
Trd, 8638993.546, 140
Trd, 8638994.746, 140
Trd, 8638995.479, 140
Trd, 8638995.612, 140
Trd, 8638996.412, 140
Trd, 8638996.446, 140
Trd, 8638996.846, 140
Trd, 8638997.012, 140
Trd, 8638997.112, 140
Trd, 8638998.146, 140
Trd, 8638999.646, 140
Trd, 8639000.046, 140
Trd, 8639000.112, 140
Trd, 8639000.479, 140
Trd, 8639000.812, 140
Trd, 8639001.312, 140
Trd, 8639002.012, 140
Trd, 8639003.412, 140
Trd, 8639004.079, 140
Trd, 8639005.012, 140
Trd, 8639005.079, 140
Trd, 8639005.346, 140
Trd, 8639005.412, 140
Trd, 8639005.746, 140
Trd, 8639005.779, 140
Trd, 8639005.946, 140
Trd, 8639006.312, 140
Trd, 8639006.346, 140
Trd, 8639006.846, 140
Trd, 8639006.912, 140
Trd, 8639007.979, 140
Trd, 8639008.646, 140
Trd, 8639010.246, 140
Trd, 8639012.046, 140
Trd, 8639012.079, 140
Trd, 8639012.246, 140
Trd, 8639012.346, 140
Trd, 8639013.046, 140
Trd, 8639013.279, 140
Trd, 8639014.279, 140
Trd, 8639014.446, 140
Trd, 8639014.912, 140
Trd, 8639015.079, 140
Trd, 8639015.479, 140
Trd, 8639015.546, 140
Trd, 8639015.579, 140
Trd, 8639016.212, 140
Trd, 8639016.512, 140
Trd, 8639016.912, 140
Trd, 8639017.179, 140
Trd, 8639017.612, 140
Trd, 8639017.679, 140
Trd, 8639017.912, 140
Trd, 8639018.146, 137
Trd, 8639019.212, 140
Trd, 8639020.646, 140
Trd, 8639021.112, 140
Trd, 8639021.412, 140
Trd, 8639022.246, 140
Trd, 8639022.312, 140
Trd, 8639022.379, 140
Trd, 8639022.679, 140
Trd, 8639023.512, 140
Trd, 8639023.946, 140
Trd, 8639025.312, 140
Trd, 8639025.579, 140
Trd, 8639025.912, 140
Trd, 8639026.079, 140
Trd, 8639026.479, 140
Trd, 8639027.346, 140
Trd, 8639028.346, 140
Trd, 8639029.112, 140
Trd, 8639029.512, 140
Trd, 8639030.679, 140
Trd, 8639031.012, 140
Trd, 8639031.479, 140
Trd, 8639031.979, 140
Trd, 8639033.046, 140
Trd, 8639033.112, 140
Trd, 8639033.512, 140
Trd, 8639033.912, 140
Trd, 8639034.379, 140
Trd, 8639034.712, 140
Trd, 8639035.779, 140
Trd, 8639036.346, 140
Trd, 8639036.512, 140
Trd, 8639036.846, 140
Trd, 8639036.946, 140
Trd, 8639037.279, 140
Trd, 8639037.512, 140
Trd, 8639038.079, 140
Trd, 8639038.346, 140
Trd, 8639038.512, 140
Trd, 8639039.146, 140
Trd, 8639039.246, 140
Trd, 8639039.679, 140
Trd, 8639040.179, 140
Trd, 8639040.346, 140
Trd, 8639041.079, 140
Trd, 8639041.779, 140
Trd, 8639041.846, 140
Trd, 8639042.046, 140
Trd, 8639042.846, 139
Trd, 8639042.879, 140
Trd, 8639044.279, 140
Trd, 8639044.612, 140
Trd, 8639044.746, 140
Trd, 8639046.412, 140
Trd, 8639046.712, 140
Trd, 8639046.812, 140
Trd, 8639047.279, 140
Trd, 8639047.579, 139
Trd, 8639047.712, 139
Trd, 8639048.046, 139
Trd, 8639048.979, 60
Trd, 8639049.146, 60
Trd, 8639050.146, 60
Trd, 8639050.212, 60
Trd, 8639050.812, 60
Trd, 8639051.012, 60
Trd, 8639051.679, 60
Trd, 8639051.912, 60
Trd, 8639052.212, 60
Trd, 8639052.346, 60
Trd, 8639052.379, 61
Trd, 8639053.112, 66
Trd, 8639053.212, 66
Trd, 8639054.046, 138
Trd, 8639055.646, 140
Trd, 8639055.746, 140
Trd, 8639056.279, 140
Trd, 8639056.679, 140
Trd, 8639057.279, 140
Trd, 8639057.346, 140
Trd, 8639057.379, 140
Trd, 8639057.446, 140
Trd, 8639057.646, 140
Trd, 8639057.812, 140
Trd, 8639058.179, 140
Trd, 8639059.779, 140
Trd, 8639059.912, 140
Trd, 8639060.312, 140
Trd, 8639060.346, 139
Trd, 8639060.712, 135
Trd, 8639061.612, 139
Trd, 8639061.712, 139
Trd, 8639062.212, 140
Trd, 8639063.112, 140
Trd, 8639063.312, 140
Trd, 8639063.346, 140
Trd, 8639063.512, 140
Trd, 8639064.212, 140
Trd, 8639064.279, 139
Trd, 8639064.712, 138
Trd, 8639064.946, 138
Trd, 8639065.079, 140
Trd, 8639065.879, 139
Trd, 8639065.979, 137
Trd, 8639066.446, 136
Trd, 8639067.979, 140
Trd, 8639068.279, 140
Trd, 8639068.479, 140
Trd, 8639068.979, 140
Trd, 8639070.346, 140
Trd, 8639070.812, 140
Trd, 8639070.946, 140
Trd, 8639071.379, 140
Trd, 8639072.212, 140
Trd, 8639072.412, 140
Trd, 8639072.446, 140
Trd, 8639072.846, 140
Trd, 8639073.179, 140
Trd, 8639073.312, 140
Trd, 8639073.346, 140
Trd, 8639073.512, 139
Trd, 8639073.979, 140
Trd, 8639074.746, 139
Trd, 8639075.379, 140
Trd, 8639075.679, 140
Trd, 8639075.912, 140
Trd, 8639076.046, 137
Trd, 8639077.046, 140
Trd, 8639078.012, 140
Trd, 8639078.346, 140
Trd, 8639078.779, 140
Trd, 8639078.946, 140
Trd, 8639080.046, 140
Trd, 8639080.512, 140
Trd, 8639080.712, 140
Trd, 8639081.079, 140
Trd, 8639081.112, 140
Trd, 8639081.812, 139
Trd, 8639082.279, 140
Trd, 8639084.412, 140
Trd, 8639084.946, 140
Trd, 8639084.979, 139
Trd, 8639085.012, 138
Trd, 8639085.846, 136
Trd, 8639086.179, 61
Trd, 8639086.912, 60
Trd, 8639087.646, 60
Trd, 8639087.712, 61
Trd, 8639088.079, 61
Trd, 8639088.512, 66
Trd, 8639088.546, 67
Trd, 8639088.712, 82
Trd, 8639088.912, 66
Trd, 8639089.212, 140
Trd, 8639089.446, 140
Trd, 8639090.946, 140
Trd, 8639091.979, 140
Trd, 8639092.046, 137
Trd, 8639092.379, 138
Trd, 8639092.546, 137
Trd, 8639093.046, 140
Trd, 8639093.212, 140
Trd, 8639093.979, 140
Trd, 8639094.379, 140
Trd, 8639094.612, 140
Trd, 8639094.646, 140
Trd, 8639094.979, 140
Trd, 8639095.179, 130
Trd, 8639095.379, 76
Trd, 8639096.479, 72
Trd, 8639096.512, 73
Trd, 8639096.779, 73
Trd, 8639096.979, 74
Trd, 8639098.412, 60
Trd, 8639098.679, 60
Trd, 8639099.079, 62
Trd, 8639099.579, 63
Trd, 8639101.346, 60
Trd, 8639101.512, 60
Trd, 8639101.646, 60
Trd, 8639101.712, 60
Trd, 8639102.012, 61
Trd, 8639102.046, 63
Trd, 8639102.679, 63
Trd, 8639102.812, 63
Trd, 8639103.146, 64
Trd, 8639103.246, 75
Trd, 8639104.312, 68
Trd, 8639104.846, 69
Trd, 8639104.979, 85
Trd, 8639105.379, 84
Trd, 8639105.412, 72
Trd, 8639105.579, 83
Trd, 8639106.812, 140
Trd, 8639107.912, 140
Trd, 8639107.979, 140
Trd, 8639108.179, 140
Trd, 8639108.646, 139
Trd, 8639110.346, 139
Trd, 8639110.546, 140
Trd, 8639110.712, 140
Trd, 8639110.846, 140
Trd, 8639111.112, 140
Trd, 8639111.479, 140
Trd, 8639111.712, 140
Trd, 8639112.312, 140
Trd, 8639113.479, 140
Trd, 8639113.646, 140
Trd, 8639113.712, 140
Trd, 8639113.746, 139
Trd, 8639113.812, 139
Trd, 8639114.146, 139
Trd, 8639115.912, 140
Trd, 8639116.412, 140
Trd, 8639117.146, 140
Trd, 8639117.646, 140
Trd, 8639118.046, 140
Trd, 8639118.179, 140
Trd, 8639119.079, 140
Trd, 8639119.246, 140
Trd, 8639120.212, 140
Trd, 8639120.812, 140
Trd, 8639121.712, 140
Trd, 8639121.879, 140
Trd, 8639122.179, 140
Trd, 8639122.246, 140
Trd, 8639122.646, 140
Trd, 8639122.912, 140
Trd, 8639122.946, 140
Trd, 8639123.112, 140
Trd, 8639123.246, 140
Trd, 8639123.546, 139
Trd, 8639123.712, 138
Trd, 8639124.279, 137
Trd, 8639124.312, 139
Trd, 8639125.979, 138
Trd, 8639126.179, 140
Trd, 8639126.279, 140
Trd, 8639126.912, 140
Trd, 8639128.246, 140
Trd, 8639129.946, 140
Trd, 8639131.079, 140
Trd, 8639131.246, 140
Trd, 8639131.312, 140
Trd, 8639132.312, 140
Trd, 8639132.812, 140
Trd, 8639132.946, 140
Trd, 8639133.779, 140
Trd, 8639134.212, 140
Trd, 8639134.246, 140
Trd, 8639134.546, 140
Trd, 8639134.679, 140
Trd, 8639135.212, 140
Trd, 8639135.346, 140
Trd, 8639137.146, 140
Trd, 8639137.712, 140
Trd, 8639137.812, 140
Trd, 8639137.879, 140
Trd, 8639137.912, 139
Trd, 8639138.612, 140
Trd, 8639139.679, 140
Trd, 8639140.779, 140
Trd, 8639140.946, 140
Trd, 8639141.079, 140
Trd, 8639141.312, 140
Trd, 8639141.512, 140
Trd, 8639143.346, 140
Trd, 8639143.646, 140
Trd, 8639145.279, 140
Trd, 8639145.812, 140
Trd, 8639146.146, 140
Trd, 8639146.379, 140
Trd, 8639146.979, 140
Trd, 8639147.446, 140
Trd, 8639147.846, 140
Trd, 8639148.512, 140
Trd, 8639148.612, 140
Trd, 8639149.212, 140
Trd, 8639149.412, 140
Trd, 8639149.746, 140
Trd, 8639149.812, 140
Trd, 8639150.179, 140
Trd, 8639150.512, 140
Trd, 8639151.212, 140
Trd, 8639151.246, 139
Trd, 8639151.612, 140
Trd, 8639152.279, 140
Trd, 8639152.546, 140
Trd, 8639152.946, 140
Trd, 8639154.179, 140
Trd, 8639154.612, 140
Trd, 8639155.179, 140
Trd, 8639155.912, 140
Trd, 8639156.046, 140
Trd, 8639156.812, 140
Trd, 8639157.279, 140
Trd, 8639157.546, 140
Trd, 8639158.446, 140
Trd, 8639158.746, 140
Trd, 8639159.012, 140
Trd, 8639159.112, 140
Trd, 8639159.979, 140
Trd, 8639160.112, 140
Trd, 8639160.479, 140
Trd, 8639160.546, 140
Trd, 8639160.912, 140
Trd, 8639161.879, 140
Trd, 8639163.279, 140
Trd, 8639163.912, 140
Trd, 8639165.112, 140
Trd, 8639165.279, 140
Trd, 8639165.779, 140
Trd, 8639166.346, 140
Trd, 8639166.446, 140
Trd, 8639166.979, 140
Trd, 8639167.612, 140
Trd, 8639167.846, 140
Trd, 8639168.012, 140
Trd, 8639168.379, 140
Trd, 8639168.779, 140
Trd, 8639168.812, 140
Trd, 8639170.012, 140
Trd, 8639170.079, 140
Trd, 8639170.246, 140
Trd, 8639170.979, 139
Trd, 8639171.279, 140
Trd, 8639171.846, 140
Trd, 8639172.079, 140
Trd, 8639172.146, 140
Trd, 8639172.879, 140
Trd, 8639172.946, 139
Trd, 8639173.046, 140
Trd, 8639173.512, 140
Trd, 8639174.346, 140
Trd, 8639174.612, 124
Trd, 8639174.946, 140
Trd, 8639175.512, 98
Trd, 8639175.746, 81
Trd, 8639175.812, 139
Trd, 8639176.579, 139
Trd, 8639176.612, 81
Trd, 8639177.112, 138
Trd, 8639177.946, 139
Trd, 8639179.379, 140
Trd, 8639179.446, 140
Trd, 8639181.179, 140
Trd, 8639181.579, 140
Trd, 8639181.612, 140
Trd, 8639181.679, 140
Trd, 8639181.712, 140
Trd, 8639182.112, 139
Trd, 8639182.212, 139
Trd, 8639182.679, 139
Trd, 8639182.779, 140
Trd, 8639183.312, 140
Trd, 8639183.446, 140
Trd, 8639183.912, 140
Trd, 8639184.479, 140
Trd, 8639185.446, 140
Trd, 8639186.146, 140
Trd, 8639186.179, 140
Trd, 8639186.612, 140
Trd, 8639187.112, 137
Trd, 8639187.246, 126
Trd, 8639187.646, 139
Trd, 8639187.846, 140
Trd, 8639188.779, 140
Trd, 8639188.979, 140
Trd, 8639189.146, 140
Trd, 8639189.512, 140
Trd, 8639189.946, 140
Trd, 8639190.646, 139
Trd, 8639190.879, 137
Trd, 8639191.612, 60
Trd, 8639191.646, 60
Trd, 8639192.012, 60
Trd, 8639192.646, 61
Trd, 8639192.679, 71
Trd, 8639195.312, 60
Trd, 8639195.879, 61
Trd, 8639196.146, 63
Trd, 8639196.979, 65
Trd, 8639198.012, 65
Trd, 8639198.046, 66
Trd, 8639198.279, 63
Trd, 8639199.079, 70
Trd, 8639199.246, 124
Trd, 8639199.379, 68
Trd, 8639199.812, 123
Trd, 8639199.979, 70
Trd, 8639200.646, 123
Trd, 8639201.312, 91
Trd, 8639201.912, 95
Trd, 8639201.946, 84
Trd, 8639202.012, 95
Trd, 8639202.946, 86
Trd, 8639203.612, 88
Trd, 8639203.746, 89
Trd, 8639203.812, 87
Trd, 8639204.012, 110
Trd, 8639204.112, 85
Trd, 8639205.079, 132
Trd, 8639205.879, 131
Trd, 8639206.346, 139
Trd, 8639206.379, 91
Trd, 8639207.212, 62
Trd, 8639207.346, 63
Trd, 8639207.446, 64
Trd, 8639208.379, 65
Trd, 8639209.346, 113
Trd, 8639209.879, 62
Trd, 8639209.946, 63
Trd, 8639212.046, 69
Trd, 8639212.512, 61
Trd, 8639212.612, 63
Trd, 8639213.012, 61
Trd, 8639213.079, 61
Trd, 8639213.446, 61
Trd, 8639213.646, 61
Trd, 8639213.812, 139
Trd, 8639214.279, 140
Trd, 8639214.346, 140
Trd, 8639214.812, 140
Trd, 8639215.712, 140
Trd, 8639216.346, 140
Trd, 8639216.946, 140
Trd, 8639216.979, 140
Trd, 8639217.112, 140
Trd, 8639217.346, 139
Trd, 8639217.946, 140
Trd, 8639219.079, 140
Trd, 8639219.112, 140
Trd, 8639219.312, 140
Trd, 8639219.346, 140
Trd, 8639220.112, 140
Trd, 8639220.879, 140
Trd, 8639221.812, 140
Trd, 8639222.312, 140
Trd, 8639222.412, 140
Trd, 8639222.812, 140
Trd, 8639223.012, 140
Trd, 8639223.279, 140
Trd, 8639223.512, 140
Trd, 8639223.546, 140
Trd, 8639224.812, 138
Trd, 8639225.212, 140
Trd, 8639225.612, 140
Trd, 8639227.312, 140
Trd, 8639229.079, 140
Trd, 8639229.512, 140
Trd, 8639229.712, 140
Trd, 8639229.846, 140
Trd, 8639230.079, 140
Trd, 8639230.379, 140
Trd, 8639230.746, 139
Trd, 8639230.979, 140
Trd, 8639231.012, 139
Trd, 8639231.046, 137
Trd, 8639231.646, 140
Trd, 8639233.146, 140
Trd, 8639233.179, 140
Trd, 8639233.612, 140
Trd, 8639235.046, 140
Trd, 8639235.146, 140
Trd, 8639235.579, 140
Trd, 8639235.946, 140
Trd, 8639236.379, 140
Trd, 8639236.412, 139
Trd, 8639236.579, 139
Trd, 8639237.179, 136
Trd, 8639237.412, 134
Trd, 8639237.512, 139
Trd, 8639238.112, 137
Trd, 8639238.546, 140
Trd, 8639239.246, 140
Trd, 8639239.612, 140
Trd, 8639240.412, 140
Trd, 8639241.379, 140
Trd, 8639242.012, 140
Trd, 8639242.179, 140
Trd, 8639242.212, 140
Trd, 8639243.612, 140
Trd, 8639243.746, 140
Trd, 8639245.512, 140
Trd, 8639246.246, 140
Trd, 8639246.379, 140
Trd, 8639246.579, 140
Trd, 8639246.746, 140
Trd, 8639248.112, 140
Trd, 8639248.679, 140
Trd, 8639248.712, 140
Trd, 8639249.112, 140
Trd, 8639249.212, 140
Trd, 8639249.612, 140
Trd, 8639249.912, 140
Trd, 8639249.946, 140
Trd, 8639250.579, 140
Trd, 8639252.712, 140
Trd, 8639252.779, 140
Trd, 8639253.746, 140
Trd, 8639253.846, 140
Trd, 8639254.112, 140
Trd, 8639254.379, 140
Trd, 8639254.412, 140
Trd, 8639254.646, 140
Trd, 8639254.946, 140
Trd, 8639255.712, 140
Trd, 8639255.879, 140
Trd, 8639256.179, 140
Trd, 8639256.246, 140
Trd, 8639257.279, 140
Trd, 8639258.012, 140
Trd, 8639259.146, 140
Trd, 8639259.346, 140
Trd, 8639259.512, 140
Trd, 8639260.146, 140
Trd, 8639260.846, 140
Trd, 8639262.146, 140
Trd, 8639262.279, 140
Trd, 8639262.346, 140
Trd, 8639262.746, 140
Trd, 8639264.179, 140
Trd, 8639264.279, 140
Trd, 8639264.346, 140
Trd, 8639264.912, 140
Trd, 8639265.879, 140
Trd, 8639266.412, 140
Trd, 8639267.212, 140
Trd, 8639268.879, 140
Trd, 8639269.146, 140
Trd, 8639269.312, 140
Trd, 8639269.346, 140
Trd, 8639270.046, 140
Trd, 8639270.446, 140
Trd, 8639271.112, 140
Trd, 8639271.312, 140
Trd, 8639271.546, 140
Trd, 8639273.512, 140
Trd, 8639273.746, 140
Trd, 8639274.146, 140
Trd, 8639274.412, 140
Trd, 8639274.446, 140
Trd, 8639275.212, 140
Trd, 8639275.846, 140
Trd, 8639276.812, 140
Trd, 8639277.112, 140
Trd, 8639277.979, 140
Trd, 8639278.279, 140
Trd, 8639278.412, 140
Trd, 8639278.479, 140
Trd, 8639278.679, 140
Trd, 8639278.746, 140
Trd, 8639279.046, 140
Trd, 8639279.079, 139
Trd, 8639279.679, 138
Trd, 8639280.646, 136
Trd, 8639280.746, 135
Trd, 8639280.879, 135
Trd, 8639280.912, 137
Trd, 8639282.212, 140
Trd, 8639282.479, 140
Trd, 8639282.612, 140
Trd, 8639283.546, 140
Trd, 8639284.479, 140
Trd, 8639285.012, 140
Trd, 8639285.212, 140
Trd, 8639286.112, 140
Trd, 8639286.646, 140
Trd, 8639286.812, 140
Trd, 8639287.179, 140
Trd, 8639287.479, 140
Trd, 8639287.546, 140
Trd, 8639288.079, 140
Trd, 8639288.412, 140
Trd, 8639288.812, 140
Trd, 8639289.279, 140
Trd, 8639289.379, 140
Trd, 8639289.512, 140
Trd, 8639289.879, 140
Trd, 8639290.412, 138
Trd, 8639290.479, 136
Trd, 8639291.512, 63
Trd, 8639292.012, 60
Trd, 8639292.646, 68
Trd, 8639293.279, 60
Trd, 8639293.812, 60
Trd, 8639294.446, 60
Trd, 8639294.812, 60
Trd, 8639294.846, 60
Trd, 8639295.112, 60
Trd, 8639295.246, 62
Trd, 8639295.412, 136
Trd, 8639296.146, 140
Trd, 8639296.612, 124
Trd, 8639297.379, 67
Trd, 8639298.379, 140
Trd, 8639298.479, 139
Trd, 8639299.312, 140
Trd, 8639299.412, 140
Trd, 8639299.579, 140
Trd, 8639299.679, 140
Trd, 8639300.346, 139
Trd, 8639300.379, 139
Trd, 8639300.546, 138
Trd, 8639300.612, 138
Trd, 8639301.146, 137
Trd, 8639301.579, 137
Trd, 8639301.846, 138
Trd, 8639302.112, 125
Trd, 8639304.112, 140
Trd, 8639304.146, 140
Trd, 8639304.612, 140
Trd, 8639305.246, 140
Trd, 8639306.212, 140
Trd, 8639307.079, 140
Trd, 8639307.146, 140
Trd, 8639307.546, 140
Trd, 8639307.646, 140
Trd, 8639307.779, 140
Trd, 8639308.112, 140
Trd, 8639308.379, 140
Trd, 8639308.612, 140
Trd, 8639308.746, 140
Trd, 8639308.846, 140
Trd, 8639309.346, 140
Trd, 8639309.979, 140
Trd, 8639311.046, 140
Trd, 8639311.512, 140
Trd, 8639311.579, 139
Trd, 8639312.879, 140
Trd, 8639312.946, 140
Trd, 8639313.146, 140
Trd, 8639314.012, 140
Trd, 8639314.146, 140
Trd, 8639314.212, 140
Trd, 8639314.379, 140
Trd, 8639314.879, 140
Trd, 8639315.046, 140
Trd, 8639315.879, 140
Trd, 8639316.379, 140
Trd, 8639316.646, 140
Trd, 8639316.846, 140
Trd, 8639316.946, 133
Trd, 8639317.146, 140
Trd, 8639318.479, 102
Trd, 8639319.879, 140
Trd, 8639320.346, 140
Trd, 8639321.479, 140
Trd, 8639321.679, 140
Trd, 8639321.779, 140
Trd, 8639322.079, 140
Trd, 8639322.146, 140
Trd, 8639322.446, 138
Trd, 8639322.479, 138
Trd, 8639322.679, 135
Trd, 8639322.746, 136
Trd, 8639323.012, 80
Trd, 8639323.412, 62
Trd, 8639323.912, 63
Trd, 8639326.312, 140
Trd, 8639326.446, 140
Trd, 8639326.646, 140
Trd, 8639326.846, 140
Trd, 8639326.946, 140
Trd, 8639327.512, 140
Trd, 8639329.479, 140
Trd, 8639329.646, 140
Trd, 8639329.946, 140
Trd, 8639330.712, 140
Trd, 8639330.979, 140
Trd, 8639331.746, 140
Trd, 8639331.912, 140
Trd, 8639332.412, 140
Trd, 8639332.712, 140
Trd, 8639332.846, 140
Trd, 8639333.512, 140
Trd, 8639334.412, 140
Trd, 8639334.646, 140
Trd, 8639335.446, 140
Trd, 8639335.612, 140
Trd, 8639337.112, 140
Trd, 8639337.479, 140
Trd, 8639337.712, 140
Trd, 8639338.112, 140
Trd, 8639338.246, 140
Trd, 8639338.646, 140
Trd, 8639339.146, 140
Trd, 8639339.746, 140
Trd, 8639340.212, 140
Trd, 8639340.379, 140
Trd, 8639340.712, 140
Trd, 8639341.812, 140
Trd, 8639342.212, 140
Trd, 8639342.512, 140
Trd, 8639343.412, 140
Trd, 8639343.479, 140
Trd, 8639344.046, 140
Trd, 8639344.112, 140
Trd, 8639344.246, 140
Trd, 8639344.312, 140
Trd, 8639344.712, 140
Trd, 8639345.446, 140
Trd, 8639346.412, 140
Trd, 8639346.612, 140
Trd, 8639346.746, 140
Trd, 8639346.812, 140
Trd, 8639348.979, 140
Trd, 8639349.612, 140
Trd, 8639349.946, 140
Trd, 8639350.846, 140
Trd, 8639353.179, 140
Trd, 8639353.812, 140
Trd, 8639354.046, 140
Trd, 8639354.579, 140
Trd, 8639354.879, 140
Trd, 8639355.946, 140
Trd, 8639356.579, 140
Trd, 8639356.646, 140
Trd, 8639356.879, 140
Trd, 8639357.079, 140
Trd, 8639357.146, 140
Trd, 8639357.446, 140
Trd, 8639357.812, 140
Trd, 8639357.879, 140
Trd, 8639358.612, 140
Trd, 8639359.812, 140
Trd, 8639360.579, 140
Trd, 8639360.979, 140
Trd, 8639361.146, 138
Trd, 8639361.579, 140
Trd, 8639361.846, 140
Trd, 8639362.879, 140
Trd, 8639363.146, 140
Trd, 8639364.012, 140
Trd, 8639364.079, 140
Trd, 8639364.712, 140
Trd, 8639364.846, 140
Trd, 8639364.879, 140
Trd, 8639365.179, 140
Trd, 8639366.012, 140
Trd, 8639366.079, 140
Trd, 8639366.212, 140
Trd, 8639366.546, 138
Trd, 8639367.412, 140
Trd, 8639368.012, 140
Trd, 8639368.046, 140
Trd, 8639368.912, 140
Trd, 8639369.412, 140
Trd, 8639370.546, 140
Trd, 8639370.946, 140
Trd, 8639371.046, 140
Trd, 8639372.112, 140
Trd, 8639372.646, 140
Trd, 8639372.712, 139
Trd, 8639373.579, 140
Trd, 8639373.679, 140
Trd, 8639374.712, 140
Trd, 8639374.946, 140
Trd, 8639375.112, 140
Trd, 8639375.246, 140
Trd, 8639375.479, 140
Trd, 8639376.212, 140
Trd, 8639376.579, 140
Trd, 8639376.846, 140
Trd, 8639377.212, 140
Trd, 8639378.846, 140
Trd, 8639379.146, 140
Trd, 8639381.012, 140
Trd, 8639381.346, 140
Trd, 8639381.512, 140
Trd, 8639381.812, 140
Trd, 8639383.179, 140
Trd, 8639383.312, 140
Trd, 8639383.346, 140
Trd, 8639383.812, 140
Trd, 8639383.979, 140
Trd, 8639384.379, 140
Trd, 8639384.579, 140
Trd, 8639384.612, 140
Trd, 8639384.812, 140
Trd, 8639384.912, 140
Trd, 8639385.212, 140
Trd, 8639386.146, 140
Trd, 8639387.079, 140
Trd, 8639388.146, 140
Trd, 8639389.612, 140
Trd, 8639389.679, 140
Trd, 8639390.046, 140
Trd, 8639391.446, 140
Trd, 8639391.679, 140
Trd, 8639393.846, 140
Trd, 8639394.346, 140
Trd, 8639394.846, 140
Trd, 8639394.946, 140
Trd, 8639395.279, 140
Trd, 8639395.312, 140
Trd, 8639395.412, 140
Trd, 8639395.679, 140
Trd, 8639395.912, 140
Trd, 8639396.512, 140
Trd, 8639396.879, 140
Trd, 8639397.246, 140
Trd, 8639397.346, 140
Trd, 8639397.879, 140
Trd, 8639397.979, 140
Trd, 8639398.246, 140
Trd, 8639399.679, 140
Trd, 8639400.112, 140
Trd, 8639401.046, 140
Trd, 8639401.579, 140
Trd, 8639401.812, 140
Trd, 8639401.912, 140
Trd, 8639402.012, 140
Trd, 8639404.012, 140
Trd, 8639404.712, 140
Trd, 8639405.212, 140
Trd, 8639406.312, 140
Trd, 8639406.846, 140
Trd, 8639406.979, 140
Trd, 8639407.312, 140
Trd, 8639407.579, 140
Trd, 8639408.212, 140
Trd, 8639409.379, 140
Trd, 8639409.846, 140
Trd, 8639410.246, 140
Trd, 8639410.312, 140
Trd, 8639410.812, 140
Trd, 8639411.212, 140
Trd, 8639411.246, 140
Trd, 8639411.346, 140
Trd, 8639411.812, 140
Trd, 8639412.112, 140
Trd, 8639412.612, 140
Trd, 8639413.279, 140
Trd, 8639414.112, 140
Trd, 8639415.079, 140
Trd, 8639416.012, 140
Trd, 8639416.346, 140
Trd, 8639417.079, 140
Trd, 8639418.346, 140
Trd, 8639418.379, 140
Trd, 8639418.679, 140
Trd, 8639418.946, 140
Trd, 8639419.012, 140
Trd, 8639419.679, 140
Trd, 8639420.212, 140
Trd, 8639420.912, 140
Trd, 8639421.112, 140
Trd, 8639421.312, 140
Trd, 8639421.579, 140
Trd, 8639421.912, 140
Trd, 8639423.512, 140
Trd, 8639423.712, 140
Trd, 8639423.746, 140
Trd, 8639423.912, 140
Trd, 8639424.512, 140
Trd, 8639424.812, 140
Trd, 8639425.279, 140
Trd, 8639425.546, 140
Trd, 8639425.879, 140
Trd, 8639427.279, 140
Trd, 8639427.912, 140
Trd, 8639428.012, 140
Trd, 8639428.712, 140
Trd, 8639429.279, 134
Trd, 8639429.712, 139
Trd, 8639430.146, 139
Trd, 8639430.612, 140
Trd, 8639431.046, 140
Trd, 8639431.179, 140
Trd, 8639431.479, 140
Trd, 8639431.779, 139
Trd, 8639432.712, 140
Trd, 8639432.779, 140
Trd, 8639433.246, 140
Trd, 8639433.479, 140
Trd, 8639434.046, 140
Trd, 8639434.346, 140
Trd, 8639434.379, 140
Trd, 8639434.679, 140
Trd, 8639435.112, 140
Trd, 8639435.946, 140
Trd, 8639436.046, 140
Trd, 8639436.579, 140
Trd, 8639437.279, 140
Trd, 8639437.446, 140
Trd, 8639437.912, 138
Trd, 8639439.546, 140
Trd, 8639439.646, 140
Trd, 8639439.846, 140
Trd, 8639440.279, 140
Trd, 8639441.412, 140
Trd, 8639441.846, 140
Trd, 8639442.812, 140
Trd, 8639443.246, 140
Trd, 8639443.379, 140
Trd, 8639444.912, 140
Trd, 8639445.112, 140
Trd, 8639445.446, 140
Trd, 8639445.479, 140
Trd, 8639445.712, 140
Trd, 8639446.046, 140
Trd, 8639448.079, 140
Trd, 8639448.912, 140
Trd, 8639449.046, 140
Trd, 8639449.946, 140
Trd, 8639450.046, 140
Trd, 8639450.146, 140
Trd, 8639450.279, 140
Trd, 8639451.012, 140
Trd, 8639452.179, 140
Trd, 8639452.212, 140
Trd, 8639452.246, 140
Trd, 8639452.779, 140
Trd, 8639452.846, 140
Trd, 8639453.179, 139
Trd, 8639453.312, 140
Trd, 8639453.679, 140
Trd, 8639453.879, 139
Trd, 8639454.379, 139
Trd, 8639454.479, 140
Trd, 8639455.846, 136
Trd, 8639456.079, 138
Trd, 8639456.312, 137
Trd, 8639456.779, 140
Trd, 8639456.946, 139
Trd, 8639456.979, 135
Trd, 8639457.179, 140
Trd, 8639457.579, 135
Trd, 8639459.212, 140
Trd, 8639460.112, 140
Trd, 8639460.146, 140
Trd, 8639460.712, 140
Trd, 8639461.046, 140
Trd, 8639461.279, 140
Trd, 8639461.779, 140
Trd, 8639461.946, 140
Trd, 8639462.179, 140
Trd, 8639462.212, 128
Trd, 8639462.579, 98
Trd, 8639463.246, 65
Trd, 8639463.612, 65
Trd, 8639464.079, 66
Trd, 8639464.346, 66
Trd, 8639464.546, 95
Trd, 8639464.912, 68
Trd, 8639465.079, 66
Trd, 8639465.179, 71
Trd, 8639465.212, 96
Trd, 8639465.879, 134
Trd, 8639468.046, 140
Trd, 8639468.246, 140
Trd, 8639468.579, 140
Trd, 8639469.112, 140
Trd, 8639469.379, 140
Trd, 8639470.612, 140
Trd, 8639470.879, 140
Trd, 8639471.379, 140
Trd, 8639471.779, 140
Trd, 8639471.879, 140
Trd, 8639472.579, 140
Trd, 8639473.446, 140
Trd, 8639473.579, 140
Trd, 8639473.846, 140
Trd, 8639474.946, 140
Trd, 8639474.979, 140
Trd, 8639475.112, 140
Trd, 8639475.479, 140
Trd, 8639475.579, 140
Trd, 8639475.779, 139
Trd, 8639476.046, 140
Trd, 8639476.212, 139
Trd, 8639477.579, 140
Trd, 8639477.746, 140
Trd, 8639478.012, 140
Trd, 8639478.479, 140
Trd, 8639479.612, 128
Trd, 8639480.312, 120
Trd, 8639480.479, 128
Trd, 8639480.979, 122
Trd, 8639481.046, 121
Trd, 8639481.579, 123
Trd, 8639481.712, 119
Trd, 8639482.012, 125
Trd, 8639482.479, 125
Trd, 8639483.246, 140
Trd, 8639483.312, 140
Trd, 8639483.712, 139
Trd, 8639483.979, 138
Trd, 8639484.546, 140
Trd, 8639485.012, 140
Trd, 8639486.146, 140
Trd, 8639486.579, 140
Trd, 8639486.779, 140
Trd, 8639486.812, 140
Trd, 8639487.246, 140
Trd, 8639487.912, 140
Trd, 8639489.046, 140
Trd, 8639489.412, 140
Trd, 8639489.946, 140
Trd, 8639490.412, 140
Trd, 8639490.712, 139
Trd, 8639491.912, 140
Trd, 8639492.179, 140
Trd, 8639492.512, 140
Trd, 8639492.779, 140
Trd, 8639492.979, 139
Trd, 8639493.012, 139
Trd, 8639493.112, 139
Trd, 8639493.412, 140
Trd, 8639493.779, 140
Trd, 8639494.846, 140
Trd, 8639495.246, 140
Trd, 8639495.912, 140
Trd, 8639496.146, 140
Trd, 8639496.612, 140
Trd, 8639496.746, 140
Trd, 8639497.679, 140
Trd, 8639497.846, 140
Trd, 8639498.012, 140
Trd, 8639498.646, 140
Trd, 8639498.779, 140
Trd, 8639499.012, 140
Trd, 8639500.079, 140
Trd, 8639500.546, 140
Trd, 8639500.779, 140
Trd, 8639501.379, 140
Trd, 8639501.679, 140
Trd, 8639501.812, 139
Trd, 8639501.846, 139
Trd, 8639502.146, 140
Trd, 8639503.246, 140
Trd, 8639504.946, 140
Trd, 8639505.312, 140
Trd, 8639506.679, 140
Trd, 8639506.879, 140
Trd, 8639507.279, 140
Trd, 8639508.012, 140
Trd, 8639508.312, 140
Trd, 8639508.546, 140
Trd, 8639508.879, 140
Trd, 8639509.079, 140
Trd, 8639509.112, 140
Trd, 8639510.212, 140
Trd, 8639511.612, 140
Trd, 8639511.679, 140
Trd, 8639511.812, 140
Trd, 8639512.179, 140
Trd, 8639512.379, 140
Trd, 8639512.612, 140
Trd, 8639512.679, 140
Trd, 8639513.846, 140
Trd, 8639514.079, 140
Trd, 8639514.112, 140
Trd, 8639514.212, 140
Trd, 8639514.612, 140
Trd, 8639515.279, 140
Trd, 8639515.346, 140
Trd, 8639515.646, 140
Trd, 8639515.679, 140
Trd, 8639516.546, 140
Trd, 8639516.746, 140
Trd, 8639516.779, 121
Trd, 8639517.812, 140
Trd, 8639519.412, 140
Trd, 8639519.979, 140
Trd, 8639520.179, 140
Trd, 8639520.379, 140
Trd, 8639521.079, 140
Trd, 8639521.212, 140
Trd, 8639521.646, 140
Trd, 8639522.312, 140
Trd, 8639522.446, 140
Trd, 8639522.512, 140
Trd, 8639522.612, 139
Trd, 8639524.179, 140
Trd, 8639524.212, 140
Trd, 8639524.246, 140
Trd, 8639524.779, 140
Trd, 8639525.146, 140
Trd, 8639525.979, 140
Trd, 8639526.146, 140
Trd, 8639526.812, 140
Trd, 8639526.846, 140
Trd, 8639527.046, 138
Trd, 8639527.979, 130
Trd, 8639529.112, 140
Trd, 8639529.346, 139
Trd, 8639529.479, 139
Trd, 8639530.812, 140
Trd, 8639531.079, 140
Trd, 8639531.146, 139
Trd, 8639531.612, 139
Trd, 8639531.679, 124
Trd, 8639532.212, 140
Trd, 8639532.679, 140
Trd, 8639533.412, 140
Trd, 8639533.512, 140
Trd, 8639533.579, 140
Trd, 8639533.812, 140
Trd, 8639534.912, 140
Trd, 8639535.146, 140
Trd, 8639536.846, 140
Trd, 8639536.879, 140
Trd, 8639537.112, 140
Trd, 8639537.379, 140
Trd, 8639537.779, 140
Trd, 8639537.812, 140
Trd, 8639538.579, 140
Trd, 8639538.912, 140
Trd, 8639539.946, 140
Trd, 8639540.446, 140
Trd, 8639541.012, 140
Trd, 8639541.112, 140
Trd, 8639541.912, 140
Trd, 8639542.079, 140
Trd, 8639542.379, 140
Trd, 8639542.446, 140
Trd, 8639542.812, 140
Trd, 8639543.446, 140
Trd, 8639543.746, 140
Trd, 8639543.879, 140
Trd, 8639544.079, 139
Trd, 8639544.412, 140
Trd, 8639544.479, 138
Trd, 8639545.379, 132
Trd, 8639545.612, 139
Trd, 8639546.079, 139
Trd, 8639546.446, 136
Trd, 8639546.646, 137
Trd, 8639546.746, 100
Trd, 8639548.079, 140
Trd, 8639548.212, 140
Trd, 8639548.312, 140
Trd, 8639548.879, 131
Trd, 8639549.146, 104
Trd, 8639549.346, 103
Trd, 8639550.346, 89
Trd, 8639550.779, 140
Trd, 8639550.846, 140
Trd, 8639551.846, 140
Trd, 8639552.246, 140
Trd, 8639552.512, 140
Trd, 8639552.579, 140
Trd, 8639552.979, 140
Trd, 8639553.579, 139
Trd, 8639553.779, 137
Trd, 8639554.612, 134
Trd, 8639554.712, 135
Trd, 8639554.946, 136
Trd, 8639555.712, 60
Trd, 8639556.479, 60
Trd, 8639557.412, 60
Trd, 8639558.046, 60
Trd, 8639558.612, 63
Trd, 8639558.846, 63
Trd, 8639559.412, 62
Trd, 8639559.546, 62
Trd, 8639559.812, 61
Trd, 8639560.012, 63
Trd, 8639560.112, 64
Trd, 8639560.312, 62
Trd, 8639560.379, 66
Trd, 8639561.012, 140
Trd, 8639561.346, 140
Trd, 8639561.679, 140
Trd, 8639562.079, 102
Trd, 8639563.112, 140
Trd, 8639563.212, 140
Trd, 8639563.379, 140
Trd, 8639564.012, 140
Trd, 8639564.446, 134
Trd, 8639565.612, 83
Trd, 8639565.746, 103
Trd, 8639566.346, 87
Trd, 8639566.579, 85
Trd, 8639567.779, 101
Trd, 8639567.846, 102
Trd, 8639567.979, 103
Trd, 8639568.312, 104
Trd, 8639568.346, 87
Trd, 8639568.812, 88
Trd, 8639569.312, 140
Trd, 8639570.512, 140
Trd, 8639570.979, 140
Trd, 8639571.079, 140
Trd, 8639571.746, 140
Trd, 8639571.946, 140
Trd, 8639573.046, 140
Trd, 8639573.746, 140
Trd, 8639575.246, 140
Trd, 8639575.479, 140
Trd, 8639575.946, 140
Trd, 8639576.246, 140
Trd, 8639577.579, 140
Trd, 8639577.679, 140
Trd, 8639577.846, 140
Trd, 8639578.379, 140
Trd, 8639578.979, 140
Trd, 8639579.079, 139
Trd, 8639580.179, 140
Trd, 8639581.079, 140
Trd, 8639581.112, 140
Trd, 8639582.012, 140
Trd, 8639582.179, 140
Trd, 8639582.212, 140
Trd, 8639582.412, 140
Trd, 8639582.779, 140
Trd, 8639582.979, 140
Trd, 8639583.179, 140
Trd, 8639583.546, 140
Trd, 8639584.579, 140
Trd, 8639584.612, 140
Trd, 8639585.579, 140
Trd, 8639586.146, 140
Trd, 8639586.346, 140
Trd, 8639586.412, 140
Trd, 8639586.746, 140
Trd, 8639586.779, 139
Trd, 8639587.112, 140
Trd, 8639587.512, 139
Trd, 8639587.612, 138
Trd, 8639587.646, 140
Trd, 8639589.012, 140
Trd, 8639589.046, 140
Trd, 8639590.879, 140
Trd, 8639590.946, 140
Trd, 8639591.512, 140
Trd, 8639592.279, 140
Trd, 8639593.246, 140
Trd, 8639593.512, 140
Trd, 8639593.712, 140
Trd, 8639594.412, 140
Trd, 8639595.279, 140
Trd, 8639597.279, 140
Trd, 8639597.579, 140
Trd, 8639597.912, 140
Trd, 8639598.646, 140
Trd, 8639598.812, 140
Trd, 8639599.012, 140
Trd, 8639599.079, 140
Trd, 8639599.479, 140
Trd, 8639599.579, 140
Trd, 8639599.912, 140
Trd, 8639600.179, 140
Trd, 8639600.246, 139
Trd, 8639600.546, 139
Trd, 8639601.412, 139
Trd, 8639601.746, 138
Trd, 8639601.879, 140
Trd, 8639602.179, 139
Trd, 8639602.646, 139
Trd, 8639603.846, 140
Trd, 8639604.346, 140
Trd, 8639605.146, 140
Trd, 8639605.379, 140
Trd, 8639606.179, 140
Trd, 8639606.412, 140
Trd, 8639606.646, 140
Trd, 8639607.112, 140
Trd, 8639607.346, 140
Trd, 8639608.346, 140
Trd, 8639608.446, 140
Trd, 8639608.646, 140
Trd, 8639609.279, 140
Trd, 8639609.446, 140
Trd, 8639610.212, 140
Trd, 8639610.679, 140
Trd, 8639610.779, 140
Trd, 8639611.312, 140
Trd, 8639611.712, 140
Trd, 8639611.846, 140
Trd, 8639612.079, 140
Trd, 8639612.212, 140
Trd, 8639612.312, 140
Trd, 8639612.346, 136
Trd, 8639613.179, 139
Trd, 8639613.212, 103
Trd, 8639614.312, 138
Trd, 8639614.646, 138
Trd, 8639615.646, 140
Trd, 8639617.846, 140
Trd, 8639618.346, 140
Trd, 8639618.412, 140
Trd, 8639618.946, 140
Trd, 8639620.912, 140
Trd, 8639621.446, 140
Trd, 8639621.479, 140
Trd, 8639621.746, 140
Trd, 8639621.946, 140
Trd, 8639622.012, 140
Trd, 8639622.279, 140
Trd, 8639622.512, 140
Trd, 8639624.112, 140
Trd, 8639624.246, 140
Trd, 8639624.312, 140
Trd, 8639625.412, 140
Trd, 8639625.779, 140
Trd, 8639625.846, 140
Trd, 8639626.779, 140
Trd, 8639627.146, 140
Trd, 8639627.412, 140
Trd, 8639627.846, 140
Trd, 8639627.979, 140
Trd, 8639628.279, 98
Trd, 8639628.579, 140
Trd, 8639628.679, 139
Trd, 8639628.946, 140
Trd, 8639629.612, 118
Trd, 8639629.879, 64
Trd, 8639630.212, 61
Trd, 8639631.646, 62
Trd, 8639632.712, 60
Trd, 8639633.579, 61
Trd, 8639634.612, 60
Trd, 8639634.779, 61
Trd, 8639635.146, 62
Trd, 8639635.279, 62
Trd, 8639635.312, 66
Trd, 8639635.379, 64
Trd, 8639635.479, 65
Trd, 8639635.712, 61
Trd, 8639636.446, 98
Trd, 8639636.946, 89
Trd, 8639637.979, 93
Trd, 8639638.112, 94
Trd, 8639638.312, 90
Trd, 8639639.079, 140
Trd, 8639639.479, 140
Trd, 8639639.746, 140
Trd, 8639640.646, 140
Trd, 8639640.912, 140
Trd, 8639641.012, 140
Trd, 8639641.346, 140
Trd, 8639642.079, 140
Trd, 8639643.446, 140
Trd, 8639643.779, 140
Trd, 8639644.179, 140
Trd, 8639644.246, 140
Trd, 8639644.346, 140
Trd, 8639644.746, 140
Trd, 8639645.512, 140
Trd, 8639645.579, 140
Trd, 8639645.712, 140
Trd, 8639647.412, 140
Trd, 8639648.679, 140
Trd, 8639648.879, 140
Trd, 8639649.312, 140
Trd, 8639649.846, 140
Trd, 8639649.979, 140
Trd, 8639650.146, 140
Trd, 8639650.179, 140
Trd, 8639650.212, 140
Trd, 8639650.579, 140
Trd, 8639650.779, 140
Trd, 8639651.112, 140
Trd, 8639651.246, 140
Trd, 8639651.712, 67
Trd, 8639652.979, 62
Trd, 8639653.479, 62
Trd, 8639653.579, 66
Trd, 8639653.612, 109
Trd, 8639654.379, 61
Trd, 8639654.812, 140
Trd, 8639656.346, 74
Trd, 8639657.079, 137
Trd, 8639657.479, 89
Trd, 8639658.112, 140
Trd, 8639658.146, 140
Trd, 8639660.446, 140
Trd, 8639660.946, 140
Trd, 8639662.012, 140
Trd, 8639662.112, 140
Trd, 8639662.746, 140
Trd, 8639663.446, 140
Trd, 8639664.112, 140
Trd, 8639664.246, 140
Trd, 8639666.612, 140
Trd, 8639667.212, 140
Trd, 8639667.412, 140
Trd, 8639668.179, 140
Trd, 8639668.712, 140
Trd, 8639669.212, 140
Trd, 8639670.012, 140
Trd, 8639670.312, 140
Trd, 8639670.446, 140
Trd, 8639671.679, 140
Trd, 8639672.812, 140
Trd, 8639673.046, 140
Trd, 8639673.446, 140
Trd, 8639674.046, 140
Trd, 8639674.079, 140
Trd, 8639674.779, 140
Trd, 8639674.979, 140
Trd, 8639675.212, 140
Trd, 8639675.979, 140
Trd, 8639676.812, 140
Trd, 8639677.546, 140
Trd, 8639677.646, 140
Trd, 8639677.679, 140
Trd, 8639678.212, 140
Trd, 8639680.012, 140
Trd, 8639680.412, 140
Trd, 8639681.246, 140
Trd, 8639681.346, 140
Trd, 8639681.746, 140
Trd, 8639681.812, 140
Trd, 8639682.612, 140
Trd, 8639682.979, 140
Trd, 8639684.779, 140
Trd, 8639684.846, 140
Trd, 8639684.879, 140
Trd, 8639685.012, 140
Trd, 8639685.112, 140
Trd, 8639685.779, 139
Trd, 8639685.846, 139
Trd, 8639686.612, 140
Trd, 8639686.879, 140
Trd, 8639688.812, 140
Trd, 8639689.712, 140
Trd, 8639689.946, 140
Trd, 8639690.079, 140
Trd, 8639690.712, 140
Trd, 8639691.446, 140
Trd, 8639691.512, 140
Trd, 8639691.546, 140
Trd, 8639691.812, 140
Trd, 8639693.046, 140
Trd, 8639693.279, 140
Trd, 8639694.046, 140
Trd, 8639694.679, 140
Trd, 8639695.312, 140
Trd, 8639695.346, 140
Trd, 8639695.779, 140
Trd, 8639696.079, 140
Trd, 8639696.179, 140
Trd, 8639697.279, 140
Trd, 8639697.412, 140
Trd, 8639697.912, 140
Trd, 8639697.946, 140
Trd, 8639698.046, 140
Trd, 8639698.246, 139
Trd, 8639698.512, 138
Trd, 8639699.012, 139
Trd, 8639699.379, 140
Trd, 8639699.712, 139
Trd, 8639700.012, 139
Trd, 8639700.079, 140
Trd, 8639700.812, 140
Trd, 8639700.979, 131
Trd, 8639701.046, 86
Trd, 8639701.179, 70
Trd, 8639702.612, 60
Trd, 8639702.746, 68
Trd, 8639703.412, 140
Trd, 8639703.679, 140
Trd, 8639704.146, 140
Trd, 8639704.712, 140
Trd, 8639705.146, 140
Trd, 8639705.979, 140
Trd, 8639706.112, 140
Trd, 8639706.846, 140
Trd, 8639707.312, 140
Trd, 8639709.012, 140
Trd, 8639709.746, 140
Trd, 8639709.779, 140
Trd, 8639710.112, 140
Trd, 8639710.479, 140
Trd, 8639710.979, 140
Trd, 8639711.179, 140
Trd, 8639711.312, 140
Trd, 8639712.146, 140
Trd, 8639712.379, 140
Trd, 8639712.479, 140
Trd, 8639712.512, 140
Trd, 8639712.912, 140
Trd, 8639713.012, 140
Trd, 8639713.512, 140
Trd, 8639714.246, 140
Trd, 8639714.679, 140
Trd, 8639715.446, 140
Trd, 8639715.979, 140
Trd, 8639716.079, 140
Trd, 8639716.146, 140
Trd, 8639716.479, 140
Trd, 8639717.412, 140
Trd, 8639717.879, 140
Trd, 8639718.546, 140
Trd, 8639719.279, 140
Trd, 8639720.412, 140
Trd, 8639721.412, 140
Trd, 8639721.746, 140
Trd, 8639721.946, 140
Trd, 8639723.012, 140
Trd, 8639723.312, 140
Trd, 8639723.446, 140
Trd, 8639723.979, 140
Trd, 8639724.546, 140
Trd, 8639725.246, 140
Trd, 8639726.779, 140
Trd, 8639726.879, 140
Trd, 8639727.346, 140
Trd, 8639727.379, 140
Trd, 8639727.579, 140
Trd, 8639727.946, 140
Trd, 8639728.246, 140
Trd, 8639729.912, 140
Trd, 8639731.146, 140
Trd, 8639731.179, 140
Trd, 8639731.579, 140
Trd, 8639731.646, 140
Trd, 8639731.912, 140
Trd, 8639732.112, 140
Trd, 8639732.179, 140
Trd, 8639732.312, 140
Trd, 8639732.912, 140
Trd, 8639733.646, 140
Trd, 8639733.812, 140
Trd, 8639734.079, 140
Trd, 8639735.179, 140
Trd, 8639735.779, 140
Trd, 8639736.512, 140
Trd, 8639736.646, 140
Trd, 8639737.412, 140
Trd, 8639737.512, 140
Trd, 8639737.779, 140
Trd, 8639738.446, 140
Trd, 8639738.846, 140
Trd, 8639738.879, 140
Trd, 8639739.146, 140
Trd, 8639740.312, 140
Trd, 8639740.546, 140
Trd, 8639740.646, 140
Trd, 8639740.746, 140
Trd, 8639741.046, 139
Trd, 8639741.312, 138
Trd, 8639741.446, 139
Trd, 8639741.612, 138
Trd, 8639743.446, 140
Trd, 8639743.612, 140
Trd, 8639744.479, 62
Trd, 8639744.646, 63
Trd, 8639745.546, 140
Trd, 8639746.079, 140
Trd, 8639746.179, 140
Trd, 8639746.612, 140
Trd, 8639746.779, 140
Trd, 8639747.312, 140
Trd, 8639747.946, 140
Trd, 8639748.546, 140
Trd, 8639748.612, 140
Trd, 8639748.746, 140
Trd, 8639748.812, 140
Trd, 8639749.012, 140
Trd, 8639750.246, 140
Trd, 8639751.212, 140
Trd, 8639752.212, 140
Trd, 8639752.546, 140
Trd, 8639753.379, 140
Trd, 8639753.446, 140
Trd, 8639753.612, 140
Trd, 8639753.712, 140
Trd, 8639754.579, 140
Trd, 8639754.712, 140
Trd, 8639755.146, 140
Trd, 8639755.179, 140
Trd, 8639756.612, 140
Trd, 8639757.646, 140
Trd, 8639758.646, 140
Trd, 8639760.346, 140
Trd, 8639760.379, 140
Trd, 8639760.646, 140
Trd, 8639761.712, 140
Trd, 8639762.079, 140
Trd, 8639762.179, 140
Trd, 8639762.812, 140
Trd, 8639763.846, 140
Trd, 8639764.312, 140
Trd, 8639764.812, 140
Trd, 8639765.912, 140
Trd, 8639765.979, 140
Trd, 8639766.079, 140
Trd, 8639766.112, 140
Trd, 8639766.679, 140
Trd, 8639766.712, 140
Trd, 8639766.912, 140
Trd, 8639767.346, 140
Trd, 8639767.646, 140
Trd, 8639768.379, 140
Trd, 8639769.279, 140
Trd, 8639770.479, 140
Trd, 8639770.812, 140
Trd, 8639770.846, 140
Trd, 8639770.912, 140
Trd, 8639771.812, 140
Trd, 8639771.846, 140
Trd, 8639772.412, 140
Trd, 8639772.679, 140
Trd, 8639772.946, 140
Trd, 8639772.979, 140
Trd, 8639773.846, 140
Trd, 8639774.079, 139
Trd, 8639774.279, 124
Trd, 8639774.512, 140
Trd, 8639774.979, 60
Trd, 8639775.612, 140
Trd, 8639776.146, 140
Trd, 8639776.246, 140
Trd, 8639776.512, 140
Trd, 8639776.912, 138
Trd, 8639777.879, 140
Trd, 8639778.279, 139
Trd, 8639779.512, 140
Trd, 8639780.812, 140
Trd, 8639781.446, 140
Trd, 8639781.812, 140
Trd, 8639783.546, 140
Trd, 8639783.646, 140
Trd, 8639784.212, 140
Trd, 8639784.279, 140
Trd, 8639784.546, 140
Trd, 8639784.646, 140
Trd, 8639785.412, 140
Trd, 8639785.479, 140
Trd, 8639786.246, 140
Trd, 8639787.079, 140
Trd, 8639787.246, 140
Trd, 8639788.179, 140
Trd, 8639788.346, 140
Trd, 8639788.479, 140
Trd, 8639788.879, 140
Trd, 8639789.712, 140
Trd, 8639790.912, 140
Trd, 8639791.279, 140
Trd, 8639791.779, 140
Trd, 8639792.512, 140
Trd, 8639792.812, 140
Trd, 8639793.612, 140
Trd, 8639794.712, 140
Trd, 8639795.079, 140
Trd, 8639795.279, 140
Trd, 8639795.379, 140
Trd, 8639796.079, 140
Trd, 8639797.279, 140
Trd, 8639797.346, 140
Trd, 8639797.712, 140
Trd, 8639798.146, 140
Trd, 8639798.579, 139
Trd, 8639800.046, 139
Trd, 8639800.112, 139
Trd, 8639800.279, 139
Trd, 8639800.446, 139
Trd, 8639800.712, 140
Trd, 8639801.079, 139
Trd, 8639801.412, 138
Trd, 8639802.212, 138
Trd, 8639803.312, 140
Trd, 8639803.579, 140
Trd, 8639803.812, 140
Trd, 8639805.379, 140
Trd, 8639805.412, 140
Trd, 8639805.546, 140
Trd, 8639806.546, 140
Trd, 8639806.646, 140
Trd, 8639806.746, 140
Trd, 8639807.746, 140
Trd, 8639808.179, 140
Trd, 8639808.546, 140
Trd, 8639808.779, 140
Trd, 8639809.146, 140
Trd, 8639810.612, 140
Trd, 8639810.912, 140
Trd, 8639810.946, 140
Trd, 8639811.146, 140
Trd, 8639811.879, 140
Trd, 8639811.979, 140
Trd, 8639812.246, 140
Trd, 8639812.779, 140
Trd, 8639813.379, 137
Trd, 8639813.512, 140
Trd, 8639813.879, 137
Trd, 8639813.979, 138
Trd, 8639814.446, 139
Trd, 8639814.779, 138
Trd, 8639814.979, 89
Trd, 8639815.946, 140
Trd, 8639816.212, 140
Trd, 8639817.846, 140
Trd, 8639818.879, 140
Trd, 8639819.246, 140
Trd, 8639819.612, 140
Trd, 8639820.312, 140
Trd, 8639820.712, 140
Trd, 8639822.012, 140
Trd, 8639822.679, 140
Trd, 8639822.779, 140
Trd, 8639823.612, 140
Trd, 8639823.646, 140
Trd, 8639824.246, 140
Trd, 8639824.579, 140
Trd, 8639824.979, 140
Trd, 8639825.579, 140
Trd, 8639827.112, 140
Trd, 8639827.212, 140
Trd, 8639827.446, 140
Trd, 8639827.679, 140
Trd, 8639828.879, 140
Trd, 8639829.179, 140
Trd, 8639829.312, 140
Trd, 8639829.712, 140
Trd, 8639830.446, 140
Trd, 8639830.946, 140
Trd, 8639831.112, 140
Trd, 8639831.412, 140
Trd, 8639831.946, 140
Trd, 8639832.312, 140
Trd, 8639832.546, 140
Trd, 8639832.712, 140
Trd, 8639832.912, 140
Trd, 8639833.212, 140
Trd, 8639833.512, 140
Trd, 8639834.379, 109
Trd, 8639834.746, 139
Trd, 8639835.212, 140
Trd, 8639835.612, 111
Trd, 8639835.779, 139
Trd, 8639835.912, 139
Trd, 8639836.279, 140
Trd, 8639836.546, 140
Trd, 8639836.579, 140
Trd, 8639837.946, 140
Trd, 8639838.312, 140
Trd, 8639839.979, 140
Trd, 8639841.679, 140
Trd, 8639841.712, 140
Trd, 8639841.812, 140
Trd, 8639841.979, 140
Trd, 8639842.279, 140
Trd, 8639842.312, 140
Trd, 8639842.479, 140
Trd, 8639843.012, 140
Trd, 8639843.312, 140
Trd, 8639843.412, 140
Trd, 8639843.679, 134
Trd, 8639844.046, 140
Trd, 8639844.246, 139
Trd, 8639844.712, 138
Trd, 8639845.612, 138
Trd, 8639845.712, 136
Trd, 8639845.846, 133
Trd, 8639846.112, 137
Trd, 8639846.246, 117
Trd, 8639846.912, 139
Trd, 8639847.446, 136
Trd, 8639848.046, 121
Trd, 8639848.179, 122
Trd, 8639848.812, 127
Trd, 8639848.946, 135
Trd, 8639848.979, 139
Trd, 8639850.279, 60
Trd, 8639851.646, 60
Trd, 8639851.712, 60
Trd, 8639852.546, 60
Trd, 8639852.912, 60
Trd, 8639852.979, 60
Trd, 8639853.112, 60
Trd, 8639853.312, 60
Trd, 8639853.646, 60
Trd, 8639853.712, 62
Trd, 8639854.212, 60
Trd, 8639854.379, 60
Trd, 8639854.412, 61
Trd, 8639855.412, 62
Trd, 8639855.446, 61
Trd, 8639855.612, 87
Trd, 8639856.112, 68
Trd, 8639856.712, 64
Trd, 8639857.012, 76
Trd, 8639857.046, 80
Trd, 8639858.912, 84
Trd, 8639860.079, 60
Trd, 8639860.646, 60
Trd, 8639860.746, 60
Trd, 8639860.846, 60
Trd, 8639861.746, 60
Trd, 8639862.012, 60
Trd, 8639862.912, 60
Trd, 8639862.946, 60
Trd, 8639862.979, 60
Trd, 8639863.079, 61
Trd, 8639863.546, 67
Trd, 8639863.946, 140
Trd, 8639864.212, 140
Trd, 8639864.312, 140
Trd, 8639864.546, 140
Trd, 8639864.846, 140
Trd, 8639865.946, 73
Trd, 8639866.012, 71
Trd, 8639866.079, 70
Trd, 8639867.579, 114
Trd, 8639867.879, 106
Trd, 8639867.979, 114
Trd, 8639868.212, 104
Trd, 8639869.046, 109
Trd, 8639869.146, 110
Trd, 8639870.346, 140
Trd, 8639870.646, 140
Trd, 8639871.079, 140
Trd, 8639871.512, 140
Trd, 8639872.812, 140
Trd, 8639873.246, 140
Trd, 8639873.312, 140
Trd, 8639873.412, 140
Trd, 8639873.779, 140
Trd, 8639873.879, 140
Trd, 8639874.679, 140
Trd, 8639875.279, 140
Trd, 8639875.612, 140
Trd, 8639876.112, 140
Trd, 8639876.479, 140
Trd, 8639876.546, 140
Trd, 8639876.979, 140
Trd, 8639877.446, 140
Trd, 8639878.246, 140
Trd, 8639878.679, 140
Trd, 8639879.046, 139
Trd, 8639879.179, 140
Trd, 8639879.646, 140
Trd, 8639879.812, 140
Trd, 8639880.479, 140
Trd, 8639880.979, 140
Trd, 8639881.579, 140
Trd, 8639881.912, 140
Trd, 8639882.646, 140
Trd, 8639884.246, 140
Trd, 8639884.312, 140
Trd, 8639885.379, 140
Trd, 8639885.812, 140
Trd, 8639885.946, 140
Trd, 8639886.212, 139
Trd, 8639886.479, 140
Trd, 8639886.712, 139
Trd, 8639887.379, 140
Trd, 8639887.779, 140
Trd, 8639889.012, 140
Trd, 8639889.079, 140
Trd, 8639889.212, 140
Trd, 8639889.246, 139
Trd, 8639889.479, 139
Trd, 8639889.812, 140
Trd, 8639889.979, 140
Trd, 8639891.679, 140
Trd, 8639891.846, 140
Trd, 8639892.512, 140
Trd, 8639892.879, 140
Trd, 8639893.912, 140
Trd, 8639894.112, 139
Trd, 8639896.079, 140
Trd, 8639896.246, 140
Trd, 8639896.479, 140
Trd, 8639896.646, 140
Trd, 8639896.979, 140
Trd, 8639897.412, 140
Trd, 8639897.579, 140
Trd, 8639897.879, 140
Trd, 8639899.179, 140
Trd, 8639899.212, 140
Trd, 8639899.279, 140
Trd, 8639899.312, 139
Trd, 8639900.379, 139
Trd, 8639900.512, 139
Trd, 8639900.646, 140
Trd, 8639902.212, 140
Trd, 8639902.379, 140
Trd, 8639902.746, 140
Trd, 8639903.612, 140
Trd, 8639904.446, 140
Trd, 8639904.912, 140
Trd, 8639905.046, 140
Trd, 8639906.612, 140
Trd, 8639906.846, 140
Trd, 8639906.946, 140
Trd, 8639908.379, 140
Trd, 8639909.012, 140
Trd, 8639909.146, 140
Trd, 8639909.246, 140
Trd, 8639909.912, 140
Trd, 8639910.646, 140
Trd, 8639910.812, 140
Trd, 8639911.512, 140
Trd, 8639911.712, 140
Trd, 8639912.046, 140
Trd, 8639912.079, 140
Trd, 8639912.346, 140
Trd, 8639913.212, 140
Trd, 8639913.679, 140
Trd, 8639914.046, 140
Trd, 8639914.779, 140
Trd, 8639914.812, 140
Trd, 8639914.879, 140
Trd, 8639915.446, 140
Trd, 8639915.779, 140
Trd, 8639916.912, 140
Trd, 8639917.412, 140
Trd, 8639917.712, 140
Trd, 8639917.746, 140
Trd, 8639917.912, 140
Trd, 8639918.279, 140
Trd, 8639918.379, 140
Trd, 8639918.712, 138
Trd, 8639918.879, 133
Trd, 8639919.246, 140
Trd, 8639919.479, 140
Trd, 8639919.912, 140
Trd, 8639920.479, 140
Trd, 8639920.512, 140
Trd, 8639920.812, 140
Trd, 8639921.079, 122
Trd, 8639921.379, 140
Trd, 8639921.579, 116
Trd, 8639923.046, 140
Trd, 8639923.179, 129
Trd, 8639923.946, 130
Trd, 8639925.546, 140
Trd, 8639926.912, 140
Trd, 8639927.279, 140
Trd, 8639927.912, 140
Trd, 8639928.579, 140
Trd, 8639928.979, 140
Trd, 8639929.112, 140
Trd, 8639929.212, 140
Trd, 8639929.379, 140
Trd, 8639930.079, 140
Trd, 8639930.112, 140
Trd, 8639930.979, 140
Trd, 8639931.379, 140
Trd, 8639931.412, 140
Trd, 8639932.179, 140
Trd, 8639932.446, 140
Trd, 8639933.246, 140
Trd, 8639933.446, 140
Trd, 8639933.646, 140
Trd, 8639933.679, 140
Trd, 8639935.212, 140
Trd, 8639935.512, 140
Trd, 8639936.379, 140
Trd, 8639936.679, 140
Trd, 8639937.846, 140
Trd, 8639938.046, 140
Trd, 8639938.246, 140
Trd, 8639938.779, 140
Trd, 8639938.912, 140
Trd, 8639938.979, 140
Trd, 8639939.079, 140
Trd, 8639939.212, 140
Trd, 8639939.312, 136
Trd, 8639939.746, 140
Trd, 8639939.946, 140
Trd, 8639940.379, 62
Trd, 8639940.746, 84
Trd, 8639941.579, 140
Trd, 8639943.679, 140
Trd, 8639943.812, 140
Trd, 8639944.579, 140
Trd, 8639944.679, 140
Trd, 8639945.046, 140
Trd, 8639945.279, 140
Trd, 8639946.679, 140
Trd, 8639946.879, 140
Trd, 8639947.379, 140
Trd, 8639947.546, 140
Trd, 8639947.679, 140
Trd, 8639947.979, 140
Trd, 8639948.146, 140
Trd, 8639948.312, 140
Trd, 8639948.679, 140
Trd, 8639949.046, 140
Trd, 8639949.679, 140
Trd, 8639949.712, 140
Trd, 8639951.346, 140
Trd, 8639951.712, 140
Trd, 8639952.546, 140
Trd, 8639952.812, 140
Trd, 8639953.146, 140
Trd, 8639953.912, 140
Trd, 8639953.946, 140
Trd, 8639954.512, 140
Trd, 8639954.679, 140
Trd, 8639954.712, 140
Trd, 8639954.846, 140
Trd, 8639954.979, 140
Trd, 8639955.112, 140
Trd, 8639955.346, 140
Trd, 8639955.879, 140
Trd, 8639956.512, 140
Trd, 8639958.079, 140
Trd, 8639959.279, 140
Trd, 8639959.612, 140
Trd, 8639959.712, 140
Trd, 8639959.846, 140
Trd, 8639961.146, 140
Trd, 8639961.179, 140
Trd, 8639961.779, 140
Trd, 8639962.012, 140
Trd, 8639962.146, 140
Trd, 8639962.879, 140
Trd, 8639963.212, 140
Trd, 8639963.246, 140
Trd, 8639963.746, 140
Trd, 8639964.312, 140
Trd, 8639964.446, 140
Trd, 8639964.612, 140
Trd, 8639965.646, 140
Trd, 8639966.079, 140
Trd, 8639966.479, 140
Trd, 8639966.712, 140
Trd, 8639967.912, 140
Trd, 8639967.946, 139
Trd, 8639968.579, 140
Trd, 8639969.046, 140
Trd, 8639969.412, 140
Trd, 8639969.679, 140
Trd, 8639970.512, 140
Trd, 8639970.779, 140
Trd, 8639970.979, 140
Trd, 8639971.112, 140
Trd, 8639971.212, 140
Trd, 8639971.246, 134
Trd, 8639972.446, 140
Trd, 8639973.246, 140
Trd, 8639974.279, 140
Trd, 8639974.779, 140
Trd, 8639975.079, 140
Trd, 8639975.346, 140
Trd, 8639975.379, 140
Trd, 8639975.546, 139
Trd, 8639975.612, 139
Trd, 8639975.912, 140
Trd, 8639976.379, 137
Trd, 8639977.746, 140
Trd, 8639978.479, 140
Trd, 8639978.746, 140
Trd, 8639979.346, 140
Trd, 8639979.446, 140
Trd, 8639980.846, 140
Trd, 8639980.912, 139
Trd, 8639980.979, 134
Trd, 8639981.012, 132
Trd, 8639983.112, 140
Trd, 8639983.446, 140
Trd, 8639983.512, 140
Trd, 8639983.812, 140
Trd, 8639984.112, 140
Trd, 8639984.179, 140
Trd, 8639985.446, 140
Trd, 8639986.212, 140
Trd, 8639986.679, 140
Trd, 8639987.046, 140
Trd, 8639987.112, 140
Trd, 8639987.779, 140
Trd, 8639988.546, 140
Trd, 8639989.246, 140
Trd, 8639990.679, 140
Trd, 8639991.046, 140
Trd, 8639991.412, 140
Trd, 8639991.512, 140
Trd, 8639991.546, 140
Trd, 8639992.012, 140
Trd, 8639992.146, 140
Trd, 8639992.812, 140
Trd, 8639992.979, 139
Trd, 8639994.112, 140
Trd, 8639994.446, 140
Trd, 8639995.412, 140
Trd, 8639995.646, 140
Trd, 8639996.146, 140
Trd, 8639996.512, 140
Trd, 8639996.646, 140
Trd, 8639997.146, 140
Trd, 8639997.279, 140
Trd, 8639997.379, 140
Trd, 8639997.579, 140
Trd, 8639997.879, 140
Trd, 8639998.779, 140
Trd, 8639999.212, 140
