Trd, 8638784.812, 78
Trd, 8638785.879, 137
Trd, 8638786.346, 140
Trd, 8638786.812, 140
Trd, 8638786.946, 136
Trd, 8638787.412, 140
Trd, 8638787.512, 82
Trd, 8638788.212, 60
Trd, 8638788.412, 61
Trd, 8638788.546, 131
Trd, 8638789.312, 140
Trd, 8638789.379, 140
Trd, 8638789.479, 139
Trd, 8638790.079, 140
Trd, 8638790.379, 140
Trd, 8638790.479, 140
Trd, 8638791.246, 89
Trd, 8638791.912, 60
Trd, 8638792.312, 81
Trd, 8638793.012, 82
Trd, 8638793.146, 96
Trd, 8638793.312, 95
Trd, 8638793.846, 86
Trd, 8638794.846, 140
Trd, 8638795.346, 140
Trd, 8638796.046, 140
Trd, 8638796.746, 140
Trd, 8638796.779, 139
Trd, 8638796.912, 139
Trd, 8638797.612, 140
Trd, 8638797.946, 140
Trd, 8638798.346, 140
Trd, 8638798.479, 140
Trd, 8638799.912, 137
Trd, 8638800.046, 129
Trd, 8638800.279, 128
Trd, 8638800.612, 134
Trd, 8638801.346, 138
Trd, 8638802.046, 140
Trd, 8638802.746, 138
Trd, 8638803.346, 139
Trd, 8638803.879, 139
Trd, 8638804.179, 138
Trd, 8638804.646, 138
Trd, 8638805.079, 121
Trd, 8638805.646, 120
Trd, 8638806.146, 114
Trd, 8638806.212, 110
Trd, 8638806.646, 115
Trd, 8638806.979, 98
Trd, 8638807.646, 140
Trd, 8638808.112, 138
Trd, 8638808.346, 139
Trd, 8638808.446, 137
Trd, 8638809.246, 139
Trd, 8638809.579, 97
Trd, 8638810.512, 60
Trd, 8638810.912, 60
Trd, 8638811.746, 60
Trd, 8638811.846, 61
Trd, 8638812.579, 62
Trd, 8638812.879, 73
Trd, 8638812.946, 61
Trd, 8638812.979, 75
Trd, 8638813.479, 63
Trd, 8638814.046, 69
Trd, 8638814.479, 76
Trd, 8638814.712, 71
Trd, 8638814.879, 96
Trd, 8638815.346, 68
Trd, 8638815.412, 69
Trd, 8638816.112, 111
Trd, 8638816.712, 72
Trd, 8638818.212, 61
Trd, 8638818.279, 61
Trd, 8638818.512, 62
Trd, 8638818.612, 62
Trd, 8638819.046, 140
Trd, 8638819.179, 139
Trd, 8638819.312, 139
Trd, 8638819.646, 140
Trd, 8638820.179, 138
Trd, 8638820.846, 86
Trd, 8638822.346, 60
Trd, 8638823.046, 60
Trd, 8638823.246, 60
Trd, 8638823.312, 61
Trd, 8638823.479, 63
Trd, 8638824.212, 61
Trd, 8638824.379, 61
Trd, 8638824.979, 62
Trd, 8638825.012, 69
Trd, 8638825.279, 63
Trd, 8638825.479, 60
Trd, 8638826.679, 62
Trd, 8638826.779, 77
Trd, 8638827.446, 62
Trd, 8638828.846, 60
Trd, 8638829.012, 60
Trd, 8638829.179, 60
Trd, 8638829.746, 64
Trd, 8638829.812, 63
Trd, 8638830.179, 64
Trd, 8638830.312, 65
Trd, 8638830.346, 87
Trd, 8638830.779, 140
Trd, 8638831.846, 140
Trd, 8638831.979, 139
Trd, 8638832.612, 135
Trd, 8638832.746, 95
Trd, 8638833.546, 128
Trd, 8638833.846, 135
Trd, 8638834.212, 128
Trd, 8638834.246, 127
Trd, 8638834.679, 140
Trd, 8638834.912, 140
Trd, 8638836.312, 140
Trd, 8638836.546, 139
Trd, 8638837.312, 140
Trd, 8638837.646, 84
Trd, 8638837.946, 107
Trd, 8638838.279, 84
Trd, 8638838.379, 133
Trd, 8638839.079, 104
Trd, 8638839.446, 105
Trd, 8638839.712, 130
Trd, 8638839.779, 119
Trd, 8638839.846, 132
Trd, 8638840.579, 86
Trd, 8638840.846, 132
Trd, 8638840.946, 105
Trd, 8638841.779, 60
Trd, 8638842.246, 67
Trd, 8638842.679, 63
Trd, 8638842.979, 64
Trd, 8638843.679, 60
Trd, 8638843.912, 60
Trd, 8638844.279, 64
Trd, 8638844.346, 70
Trd, 8638844.812, 107
Trd, 8638845.046, 62
Trd, 8638846.879, 140
Trd, 8638847.179, 140
Trd, 8638847.479, 138
Trd, 8638847.579, 131
Trd, 8638848.046, 130
Trd, 8638849.046, 71
Trd, 8638849.079, 72
Trd, 8638849.412, 63
Trd, 8638849.446, 64
Trd, 8638849.646, 60
Trd, 8638849.746, 61
Trd, 8638849.779, 71
Trd, 8638850.479, 60
Trd, 8638851.512, 60
Trd, 8638851.946, 60
Trd, 8638853.379, 60
Trd, 8638853.579, 60
Trd, 8638854.579, 60
Trd, 8638855.179, 60
Trd, 8638855.479, 60
Trd, 8638856.379, 60
Trd, 8638856.412, 60
Trd, 8638856.512, 63
Trd, 8638857.546, 60
Trd, 8638857.612, 60
Trd, 8638858.546, 63
Trd, 8638858.612, 63
Trd, 8638858.946, 62
Trd, 8638858.979, 61
Trd, 8638859.012, 65
Trd, 8638859.646, 64
Trd, 8638859.779, 65
Trd, 8638860.112, 73
Trd, 8638860.846, 60
Trd, 8638861.079, 61
Trd, 8638861.346, 61
Trd, 8638861.412, 62
Trd, 8638861.512, 110
Trd, 8638862.212, 128
Trd, 8638863.179, 64
Trd, 8638863.579, 62
Trd, 8638864.246, 60
Trd, 8638864.579, 61
Trd, 8638864.812, 62
Trd, 8638865.046, 64
Trd, 8638865.546, 63
Trd, 8638866.079, 83
Trd, 8638866.779, 63
Trd, 8638867.146, 61
Trd, 8638867.212, 65
Trd, 8638867.579, 61
Trd, 8638867.779, 62
Trd, 8638868.079, 77
Trd, 8638868.979, 63
Trd, 8638869.379, 62
Trd, 8638869.546, 61
Trd, 8638869.679, 62
Trd, 8638871.746, 60
Trd, 8638872.112, 60
Trd, 8638872.579, 60
Trd, 8638873.146, 60
Trd, 8638873.179, 60
Trd, 8638873.579, 65
Trd, 8638873.979, 66
Trd, 8638874.279, 70
Trd, 8638874.412, 71
Trd, 8638874.746, 61
Trd, 8638874.879, 72
Trd, 8638876.112, 61
Trd, 8638876.312, 61
Trd, 8638876.846, 63
Trd, 8638877.012, 82
Trd, 8638877.546, 74
Trd, 8638877.846, 65
Trd, 8638877.946, 75
Trd, 8638878.046, 65
Trd, 8638878.346, 61
Trd, 8638878.612, 96
Trd, 8638879.512, 62
Trd, 8638880.012, 79
Trd, 8638880.379, 74
Trd, 8638880.646, 118
Trd, 8638880.812, 62
Trd, 8638881.712, 70
Trd, 8638882.379, 61
Trd, 8638882.612, 60
Trd, 8638882.712, 62
Trd, 8638883.279, 60
Trd, 8638883.779, 60
Trd, 8638885.179, 60
Trd, 8638885.212, 60
Trd, 8638886.679, 60
Trd, 8638887.012, 60
Trd, 8638887.212, 60
Trd, 8638887.246, 61
Trd, 8638887.312, 61
Trd, 8638888.046, 60
Trd, 8638888.246, 61
Trd, 8638888.579, 60
Trd, 8638888.812, 61
Trd, 8638889.112, 67
Trd, 8638889.479, 63
Trd, 8638890.112, 81
Trd, 8638890.579, 116
Trd, 8638890.879, 79
Trd, 8638890.979, 83
Trd, 8638891.546, 138
Trd, 8638892.179, 62
Trd, 8638892.446, 77
Trd, 8638892.546, 78
Trd, 8638893.446, 108
Trd, 8638893.479, 97
Trd, 8638894.146, 98
Trd, 8638894.279, 63
Trd, 8638894.512, 64
Trd, 8638895.379, 135
Trd, 8638895.446, 139
Trd, 8638896.212, 82
Trd, 8638896.679, 80
Trd, 8638896.979, 137
Trd, 8638897.212, 138
Trd, 8638897.646, 62
Trd, 8638897.879, 67
Trd, 8638898.312, 67
Trd, 8638899.212, 66
Trd, 8638899.912, 68
Trd, 8638900.246, 97
Trd, 8638900.346, 74
Trd, 8638900.779, 69
Trd, 8638901.212, 110
Trd, 8638901.612, 104
Trd, 8638902.746, 134
Trd, 8638903.112, 115
Trd, 8638903.246, 114
Trd, 8638903.612, 113
Trd, 8638903.646, 132
Trd, 8638903.946, 106
Trd, 8638904.346, 105
Trd, 8638904.812, 104
Trd, 8638904.879, 91
Trd, 8638905.046, 88
Trd, 8638905.112, 84
Trd, 8638905.212, 129
Trd, 8638905.379, 130
Trd, 8638906.679, 140
Trd, 8638907.479, 140
Trd, 8638907.679, 139
Trd, 8638907.746, 139
Trd, 8638908.312, 109
Trd, 8638908.912, 65
Trd, 8638909.012, 66
Trd, 8638909.779, 60
Trd, 8638909.946, 61
Trd, 8638910.279, 61
Trd, 8638910.346, 62
Trd, 8638911.379, 60
Trd, 8638911.846, 60
Trd, 8638912.512, 60
Trd, 8638912.912, 61
Trd, 8638913.079, 66
Trd, 8638913.679, 66
Trd, 8638914.612, 66
Trd, 8638914.679, 66
Trd, 8638915.012, 67
Trd, 8638915.279, 69
Trd, 8638915.379, 69
Trd, 8638915.912, 61
Trd, 8638917.012, 61
Trd, 8638917.112, 62
Trd, 8638917.779, 62
Trd, 8638918.112, 64
Trd, 8638918.379, 66
Trd, 8638918.646, 63
Trd, 8638919.112, 62
Trd, 8638919.679, 65
Trd, 8638919.846, 66
Trd, 8638920.312, 60
Trd, 8638920.679, 61
Trd, 8638921.079, 94
Trd, 8638921.412, 79
Trd, 8638921.812, 93
Trd, 8638923.812, 60
Trd, 8638923.879, 60
Trd, 8638924.279, 60
Trd, 8638924.612, 60
Trd, 8638925.212, 60
Trd, 8638925.246, 60
Trd, 8638925.446, 63
Trd, 8638925.646, 61
Trd, 8638925.846, 65
Trd, 8638926.279, 60
Trd, 8638926.712, 111
Trd, 8638927.012, 113
Trd, 8638927.046, 119
Trd, 8638927.779, 140
Trd, 8638928.612, 140
Trd, 8638928.646, 139
Trd, 8638928.879, 110
Trd, 8638929.146, 139
Trd, 8638929.579, 125
Trd, 8638929.612, 79
Trd, 8638929.679, 78
Trd, 8638930.279, 125
Trd, 8638931.046, 104
Trd, 8638931.879, 139
Trd, 8638932.112, 138
Trd, 8638933.979, 140
Trd, 8638934.079, 140
Trd, 8638934.346, 140
Trd, 8638934.579, 140
Trd, 8638935.279, 140
Trd, 8638935.379, 139
Trd, 8638936.046, 138
Trd, 8638936.612, 87
Trd, 8638936.812, 88
Trd, 8638937.146, 84
Trd, 8638937.179, 82
Trd, 8638938.279, 131
Trd, 8638938.846, 95
Trd, 8638938.946, 62
Trd, 8638940.179, 118
Trd, 8638940.312, 107
Trd, 8638940.412, 106
Trd, 8638940.646, 123
Trd, 8638940.779, 130
Trd, 8638941.312, 125
Trd, 8638941.446, 124
Trd, 8638941.579, 72
Trd, 8638942.446, 138
Trd, 8638943.046, 140
Trd, 8638943.946, 69
Trd, 8638944.046, 70
Trd, 8638944.646, 71
Trd, 8638945.012, 94
Trd, 8638945.179, 72
Trd, 8638945.712, 105
Trd, 8638945.746, 70
Trd, 8638946.279, 136
Trd, 8638946.446, 122
Trd, 8638947.212, 140
Trd, 8638948.746, 139
Trd, 8638948.812, 139
Trd, 8638949.379, 120
Trd, 8638950.379, 140
Trd, 8638951.179, 140
Trd, 8638951.379, 140
Trd, 8638951.912, 140
Trd, 8638952.312, 140
Trd, 8638953.179, 140
Trd, 8638953.579, 140
Trd, 8638954.212, 140
Trd, 8638954.512, 139
Trd, 8638954.746, 139
Trd, 8638955.346, 140
Trd, 8638955.779, 140
Trd, 8638955.946, 130
Trd, 8638955.979, 129
Trd, 8638956.246, 101
Trd, 8638956.546, 130
Trd, 8638956.879, 140
Trd, 8638956.912, 129
Trd, 8638957.079, 98
Trd, 8638957.946, 140
Trd, 8638958.846, 113
Trd, 8638959.046, 131
Trd, 8638959.546, 105
Trd, 8638959.646, 91
Trd, 8638960.612, 118
Trd, 8638961.146, 117
Trd, 8638961.912, 93
Trd, 8638962.246, 102
Trd, 8638962.879, 103
Trd, 8638962.979, 101
Trd, 8638963.146, 107
Trd, 8638963.412, 101
Trd, 8638963.479, 108
Trd, 8638963.546, 99
Trd, 8638963.746, 97
Trd, 8638964.212, 60
Trd, 8638964.312, 66
Trd, 8638965.112, 72
Trd, 8638965.679, 134
Trd, 8638966.346, 123
Trd, 8638967.779, 139
Trd, 8638968.212, 140
Trd, 8638969.712, 140
Trd, 8638969.746, 140
Trd, 8638970.212, 140
Trd, 8638970.646, 140
Trd, 8638970.679, 136
Trd, 8638971.179, 137
Trd, 8638971.812, 129
Trd, 8638971.946, 127
Trd, 8638972.846, 125
Trd, 8638973.379, 136
Trd, 8638973.512, 97
Trd, 8638974.279, 89
Trd, 8638974.479, 88
Trd, 8638974.846, 140
Trd, 8638975.346, 137
Trd, 8638976.446, 138
Trd, 8638977.312, 125
Trd, 8638978.012, 138
Trd, 8638978.112, 117
Trd, 8638978.379, 117
Trd, 8638978.879, 140
Trd, 8638979.146, 139
Trd, 8638979.646, 80
Trd, 8638980.312, 140
Trd, 8638980.579, 140
Trd, 8638982.179, 140
Trd, 8638982.646, 140
Trd, 8638982.746, 140
Trd, 8638982.812, 140
Trd, 8638982.879, 140
Trd, 8638983.212, 99
Trd, 8638984.112, 135
Trd, 8638984.146, 124
Trd, 8638984.679, 140
Trd, 8638985.312, 108
Trd, 8638985.479, 107
Trd, 8638985.979, 136
Trd, 8638986.146, 120
Trd, 8638986.379, 111
Trd, 8638988.079, 139
Trd, 8638988.246, 140
Trd, 8638988.279, 139
Trd, 8638988.746, 137
Trd, 8638988.912, 116
Trd, 8638989.046, 115
Trd, 8638989.479, 84
Trd, 8638990.179, 140
Trd, 8638990.479, 138
Trd, 8638991.179, 140
Trd, 8638991.546, 107
Trd, 8638992.312, 95
Trd, 8638993.079, 82
Trd, 8638993.946, 138
Trd, 8638993.979, 139
Trd, 8638994.379, 119
Trd, 8638994.979, 131
Trd, 8638995.346, 138
Trd, 8638995.779, 139
Trd, 8638995.812, 121
Trd, 8638995.979, 120
Trd, 8638996.279, 118
Trd, 8638996.712, 137
Trd, 8638997.779, 128
Trd, 8638997.879, 127
Trd, 8638998.079, 119
Trd, 8638998.112, 94
Trd, 8638999.012, 60
Trd, 8638999.212, 61
Trd, 8638999.879, 61
Trd, 8638999.979, 79
Trd, 8639000.412, 139
Trd, 8639001.146, 108
Trd, 8639001.679, 140
Trd, 8639001.912, 140
Trd, 8639002.679, 140
Trd, 8639003.512, 140
Trd, 8639003.946, 140
Trd, 8639004.179, 140
Trd, 8639004.812, 140
Trd, 8639006.112, 140
Trd, 8639006.679, 140
Trd, 8639006.712, 140
Trd, 8639006.979, 140
Trd, 8639007.146, 139
Trd, 8639007.546, 118
Trd, 8639007.612, 117
Trd, 8639007.846, 138
Trd, 8639008.846, 137
Trd, 8639009.079, 112
Trd, 8639009.146, 123
Trd, 8639009.746, 130
Trd, 8639010.579, 122
Trd, 8639010.646, 90
Trd, 8639010.712, 126
Trd, 8639010.779, 129
Trd, 8639011.412, 140
Trd, 8639011.812, 137
Trd, 8639012.112, 136
Trd, 8639012.346, 85
Trd, 8639013.112, 140
Trd, 8639013.612, 140
Trd, 8639014.679, 140
Trd, 8639014.746, 140
Trd, 8639014.912, 137
Trd, 8639015.012, 105
Trd, 8639016.312, 140
Trd, 8639017.279, 140
Trd, 8639017.679, 140
Trd, 8639018.046, 140
Trd, 8639018.912, 140
Trd, 8639019.479, 140
Trd, 8639019.846, 132
Trd, 8639019.979, 111
Trd, 8639020.412, 85
Trd, 8639020.979, 85
Trd, 8639021.512, 140
Trd, 8639022.312, 140
Trd, 8639022.412, 140
Trd, 8639022.812, 140
Trd, 8639023.112, 138
Trd, 8639023.212, 122
Trd, 8639023.612, 104
Trd, 8639023.679, 125
Trd, 8639023.912, 83
Trd, 8639024.179, 137
Trd, 8639024.346, 115
Trd, 8639025.746, 60
Trd, 8639026.279, 61
Trd, 8639026.446, 65
Trd, 8639026.979, 62
Trd, 8639027.346, 64
Trd, 8639027.412, 135
Trd, 8639027.579, 137
Trd, 8639027.712, 96
Trd, 8639029.079, 140
Trd, 8639029.112, 140
Trd, 8639029.246, 87
Trd, 8639030.012, 140
Trd, 8639030.446, 140
Trd, 8639030.479, 139
Trd, 8639031.112, 136
Trd, 8639031.246, 106
Trd, 8639031.579, 140
Trd, 8639032.412, 140
Trd, 8639032.546, 140
Trd, 8639032.812, 140
Trd, 8639033.112, 121
Trd, 8639033.346, 113
Trd, 8639034.579, 84
Trd, 8639035.479, 138
Trd, 8639035.646, 137
Trd, 8639036.312, 140
Trd, 8639036.679, 140
Trd, 8639036.746, 138
Trd, 8639037.412, 138
Trd, 8639038.212, 140
Trd, 8639038.879, 124
Trd, 8639039.246, 123
Trd, 8639039.312, 121
Trd, 8639039.779, 140
Trd, 8639039.879, 138
Trd, 8639041.212, 140
Trd, 8639041.512, 133
Trd, 8639042.246, 136
Trd, 8639042.346, 137
Trd, 8639042.379, 134
Trd, 8639042.612, 96
Trd, 8639043.312, 129
Trd, 8639043.746, 140
Trd, 8639044.112, 139
Trd, 8639044.746, 118
Trd, 8639044.912, 65
Trd, 8639045.079, 79
Trd, 8639046.246, 140
Trd, 8639046.546, 139
Trd, 8639046.979, 138
Trd, 8639048.046, 140
Trd, 8639048.612, 140
Trd, 8639048.912, 140
Trd, 8639049.179, 137
Trd, 8639049.379, 99
Trd, 8639050.079, 120
Trd, 8639050.379, 140
Trd, 8639051.179, 134
Trd, 8639051.379, 110
Trd, 8639051.646, 110
Trd, 8639051.779, 110
Trd, 8639051.979, 113
Trd, 8639052.779, 109
Trd, 8639053.479, 99
Trd, 8639053.979, 140
Trd, 8639054.079, 140
Trd, 8639054.579, 117
Trd, 8639056.312, 140
Trd, 8639056.812, 139
Trd, 8639056.946, 139
Trd, 8639057.079, 140
Trd, 8639057.746, 139
Trd, 8639057.779, 140
Trd, 8639058.712, 140
Trd, 8639058.846, 139
Trd, 8639059.346, 140
Trd, 8639059.379, 136
Trd, 8639059.412, 118
Trd, 8639059.746, 126
Trd, 8639060.179, 139
Trd, 8639061.546, 140
Trd, 8639062.446, 138
Trd, 8639062.512, 136
Trd, 8639062.546, 135
Trd, 8639063.246, 137
Trd, 8639063.279, 133
Trd, 8639063.346, 140
Trd, 8639064.112, 140
Trd, 8639064.712, 140
Trd, 8639065.279, 138
Trd, 8639065.612, 90
Trd, 8639065.946, 89
Trd, 8639066.112, 85
Trd, 8639067.412, 118
Trd, 8639067.779, 129
Trd, 8639067.946, 121
Trd, 8639068.246, 123
Trd, 8639068.912, 122
Trd, 8639069.079, 121
Trd, 8639069.379, 121
Trd, 8639069.646, 106
Trd, 8639070.146, 117
Trd, 8639070.512, 124
Trd, 8639071.046, 109
Trd, 8639071.179, 127
Trd, 8639071.279, 107
Trd, 8639071.812, 99
Trd, 8639072.312, 62
Trd, 8639072.412, 63
Trd, 8639073.546, 140
Trd, 8639073.846, 140
Trd, 8639074.346, 140
Trd, 8639074.379, 108
Trd, 8639074.479, 103
Trd, 8639075.312, 117
Trd, 8639075.846, 113
Trd, 8639075.912, 112
Trd, 8639076.379, 140
Trd, 8639076.679, 140
Trd, 8639078.146, 140
Trd, 8639078.479, 140
Trd, 8639078.712, 140
Trd, 8639079.112, 140
Trd, 8639080.279, 140
Trd, 8639080.579, 140
Trd, 8639081.579, 140
Trd, 8639081.979, 139
Trd, 8639082.512, 126
Trd, 8639082.579, 125
Trd, 8639082.679, 118
Trd, 8639082.879, 138
Trd, 8639083.546, 138
Trd, 8639084.712, 120
Trd, 8639084.812, 83
Trd, 8639085.112, 77
Trd, 8639085.479, 108
Trd, 8639085.579, 130
Trd, 8639085.979, 133
Trd, 8639087.679, 140
Trd, 8639087.846, 140
Trd, 8639087.879, 137
Trd, 8639088.912, 140
Trd, 8639089.212, 138
Trd, 8639089.679, 133
Trd, 8639089.779, 107
Trd, 8639089.846, 98
Trd, 8639090.312, 67
Trd, 8639091.079, 60
Trd, 8639092.479, 60
Trd, 8639093.479, 60
Trd, 8639093.512, 60
Trd, 8639094.146, 60
Trd, 8639094.246, 60
Trd, 8639094.579, 62
Trd, 8639094.746, 63
Trd, 8639094.812, 64
Trd, 8639094.912, 64
Trd, 8639094.946, 97
Trd, 8639095.612, 67
Trd, 8639095.912, 69
Trd, 8639096.179, 100
Trd, 8639096.346, 72
Trd, 8639096.779, 84
Trd, 8639096.979, 71
Trd, 8639098.079, 140
Trd, 8639098.246, 139
Trd, 8639098.979, 126
Trd, 8639099.012, 123
Trd, 8639099.212, 122
Trd, 8639099.612, 138
Trd, 8639099.879, 137
Trd, 8639100.112, 129
Trd, 8639100.646, 71
Trd, 8639100.679, 70
Trd, 8639100.946, 138
Trd, 8639101.112, 136
Trd, 8639102.879, 60
Trd, 8639102.912, 62
Trd, 8639103.746, 62
Trd, 8639104.012, 63
Trd, 8639104.046, 78
Trd, 8639105.679, 60
Trd, 8639106.312, 60
Trd, 8639106.412, 60
Trd, 8639106.646, 62
Trd, 8639106.746, 63
Trd, 8639107.646, 62
Trd, 8639108.179, 60
Trd, 8639108.879, 61
Trd, 8639109.312, 61
Trd, 8639109.412, 63
Trd, 8639109.546, 66
Trd, 8639109.712, 71
Trd, 8639109.846, 65
Trd, 8639110.479, 140
Trd, 8639110.746, 140
Trd, 8639111.812, 140
Trd, 8639113.312, 140
Trd, 8639113.412, 140
Trd, 8639113.546, 140
Trd, 8639114.846, 140
Trd, 8639114.946, 140
Trd, 8639115.079, 140
Trd, 8639115.412, 139
Trd, 8639115.679, 138
Trd, 8639116.179, 138
Trd, 8639117.046, 140
Trd, 8639117.146, 139
Trd, 8639117.646, 140
Trd, 8639117.679, 134
Trd, 8639118.346, 139
Trd, 8639119.112, 140
Trd, 8639119.312, 140
Trd, 8639119.679, 140
Trd, 8639119.812, 139
Trd, 8639120.112, 126
Trd, 8639120.679, 140
Trd, 8639121.246, 140
Trd, 8639121.379, 130
Trd, 8639121.646, 127
Trd, 8639121.746, 126
Trd, 8639122.612, 128
Trd, 8639123.012, 129
Trd, 8639123.879, 129
Trd, 8639124.579, 139
Trd, 8639124.979, 137
Trd, 8639125.479, 136
Trd, 8639125.646, 132
Trd, 8639125.779, 98
Trd, 8639126.412, 139
Trd, 8639127.446, 114
Trd, 8639127.579, 113
Trd, 8639128.046, 138
Trd, 8639128.346, 139
Trd, 8639128.779, 140
Trd, 8639128.912, 140
Trd, 8639129.146, 133
Trd, 8639129.312, 123
Trd, 8639129.412, 97
Trd, 8639130.146, 120
Trd, 8639130.246, 103
Trd, 8639130.579, 105
Trd, 8639130.879, 137
Trd, 8639131.779, 140
Trd, 8639133.146, 99
Trd, 8639133.312, 96
Trd, 8639133.412, 89
Trd, 8639134.312, 62
Trd, 8639134.346, 63
Trd, 8639134.646, 64
Trd, 8639134.746, 65
Trd, 8639134.779, 65
Trd, 8639136.046, 61
Trd, 8639136.212, 61
Trd, 8639136.746, 65
Trd, 8639137.079, 61
Trd, 8639137.812, 63
Trd, 8639137.879, 64
Trd, 8639138.579, 67
Trd, 8639138.979, 61
Trd, 8639139.079, 62
Trd, 8639140.012, 66
Trd, 8639140.146, 66
Trd, 8639141.312, 65
Trd, 8639141.446, 65
Trd, 8639141.512, 68
Trd, 8639141.546, 69
Trd, 8639141.646, 80
Trd, 8639142.179, 113
Trd, 8639143.146, 64
Trd, 8639143.412, 65
Trd, 8639143.679, 62
Trd, 8639144.046, 60
Trd, 8639144.279, 69
Trd, 8639144.446, 62
Trd, 8639145.379, 62
Trd, 8639145.779, 64
Trd, 8639145.812, 65
Trd, 8639145.979, 64
Trd, 8639146.712, 66
Trd, 8639147.046, 68
Trd, 8639147.079, 83
Trd, 8639147.212, 62
Trd, 8639147.879, 62
Trd, 8639148.012, 67
Trd, 8639148.179, 62
Trd, 8639149.046, 60
Trd, 8639149.146, 66
Trd, 8639149.679, 61
Trd, 8639151.179, 60
Trd, 8639151.279, 62
Trd, 8639151.979, 62
Trd, 8639152.379, 117
Trd, 8639152.546, 117
Trd, 8639152.579, 81
Trd, 8639152.679, 93
Trd, 8639153.112, 64
Trd, 8639153.412, 96
Trd, 8639153.779, 64
Trd, 8639154.212, 97
Trd, 8639154.346, 105
Trd, 8639154.746, 65
Trd, 8639154.779, 62
Trd, 8639155.312, 61
Trd, 8639155.579, 61
Trd, 8639155.912, 117
Trd, 8639156.479, 140
Trd, 8639156.812, 140
Trd, 8639157.546, 140
Trd, 8639158.779, 140
Trd, 8639158.879, 140
Trd, 8639159.546, 123
Trd, 8639159.812, 90
Trd, 8639160.479, 139
Trd, 8639160.746, 63
Trd, 8639160.879, 64
Trd, 8639161.779, 63
Trd, 8639162.279, 60
Trd, 8639162.479, 60
Trd, 8639162.846, 61
Trd, 8639163.212, 60
Trd, 8639163.546, 60
Trd, 8639163.579, 60
Trd, 8639163.646, 72
Trd, 8639164.646, 140
Trd, 8639165.412, 139
Trd, 8639165.512, 118
Trd, 8639166.012, 140
Trd, 8639166.212, 140
Trd, 8639166.379, 140
Trd, 8639166.546, 137
Trd, 8639166.846, 138
Trd, 8639166.879, 115
Trd, 8639166.912, 88
Trd, 8639167.546, 99
Trd, 8639168.179, 60
Trd, 8639169.512, 140
Trd, 8639169.579, 140
Trd, 8639170.246, 140
Trd, 8639170.846, 140
Trd, 8639171.546, 140
Trd, 8639171.746, 140
Trd, 8639173.512, 140
Trd, 8639173.879, 140
Trd, 8639173.912, 140
Trd, 8639174.079, 140
Trd, 8639174.112, 140
Trd, 8639174.446, 121
Trd, 8639174.679, 140
Trd, 8639174.946, 100
Trd, 8639175.446, 61
Trd, 8639176.412, 140
Trd, 8639177.046, 63
Trd, 8639177.146, 64
Trd, 8639178.512, 140
Trd, 8639178.612, 140
Trd, 8639178.812, 140
Trd, 8639179.479, 140
Trd, 8639179.946, 140
Trd, 8639180.046, 140
Trd, 8639180.779, 140
Trd, 8639180.879, 140
Trd, 8639181.312, 140
Trd, 8639181.346, 112
Trd, 8639181.712, 130
Trd, 8639182.612, 140
Trd, 8639182.846, 112
Trd, 8639183.112, 136
Trd, 8639183.679, 138
Trd, 8639183.846, 140
Trd, 8639184.612, 133
Trd, 8639184.846, 119
Trd, 8639185.212, 96
Trd, 8639185.679, 68
Trd, 8639185.712, 63
Trd, 8639185.846, 127
Trd, 8639186.112, 103
Trd, 8639187.279, 140
Trd, 8639187.446, 140
Trd, 8639188.212, 140
Trd, 8639189.746, 140
Trd, 8639189.846, 140
Trd, 8639189.879, 140
Trd, 8639190.046, 134
Trd, 8639190.279, 138
Trd, 8639190.379, 119
Trd, 8639191.046, 137
Trd, 8639191.679, 134
Trd, 8639191.712, 124
Trd, 8639191.946, 123
Trd, 8639192.312, 135
Trd, 8639192.412, 94
Trd, 8639192.479, 92
Trd, 8639192.846, 113
Trd, 8639193.279, 108
Trd, 8639193.346, 113
Trd, 8639194.546, 139
Trd, 8639194.812, 103
Trd, 8639195.612, 140
Trd, 8639195.779, 134
Trd, 8639196.479, 140
Trd, 8639196.579, 140
Trd, 8639197.379, 140
Trd, 8639197.912, 140
Trd, 8639198.379, 140
Trd, 8639198.579, 140
Trd, 8639199.646, 140
Trd, 8639199.812, 140
Trd, 8639200.546, 140
Trd, 8639201.346, 140
Trd, 8639201.479, 140
Trd, 8639201.779, 140
Trd, 8639203.179, 126
Trd, 8639203.612, 125
Trd, 8639204.046, 114
Trd, 8639204.579, 112
Trd, 8639204.746, 117
Trd, 8639204.779, 120
Trd, 8639204.979, 97
Trd, 8639205.212, 125
Trd, 8639205.812, 105
Trd, 8639206.146, 61
Trd, 8639207.212, 123
Trd, 8639207.246, 130
Trd, 8639208.312, 60
Trd, 8639208.346, 60
Trd, 8639208.846, 60
Trd, 8639209.646, 60
Trd, 8639210.412, 60
Trd, 8639210.479, 60
Trd, 8639210.646, 60
Trd, 8639211.146, 60
Trd, 8639211.212, 62
Trd, 8639211.512, 63
Trd, 8639211.979, 67
Trd, 8639212.379, 98
Trd, 8639213.146, 61
Trd, 8639213.479, 60
Trd, 8639213.746, 62
Trd, 8639215.079, 140
Trd, 8639215.212, 140
Trd, 8639215.479, 140
Trd, 8639215.646, 140
Trd, 8639216.212, 125
Trd, 8639216.246, 124
Trd, 8639216.746, 136
Trd, 8639217.479, 140
Trd, 8639217.979, 140
Trd, 8639218.046, 129
Trd, 8639218.379, 121
Trd, 8639218.512, 64
Trd, 8639220.012, 73
Trd, 8639220.046, 72
Trd, 8639220.179, 68
Trd, 8639220.912, 66
Trd, 8639221.112, 65
Trd, 8639221.346, 62
Trd, 8639221.746, 66
Trd, 8639221.812, 61
Trd, 8639223.179, 104
Trd, 8639223.312, 77
Trd, 8639223.379, 105
Trd, 8639223.412, 75
Trd, 8639223.746, 60
Trd, 8639224.246, 106
Trd, 8639224.612, 89
Trd, 8639225.012, 136
Trd, 8639225.146, 80
Trd, 8639225.579, 63
Trd, 8639225.779, 140
Trd, 8639226.279, 61
Trd, 8639227.012, 140
Trd, 8639227.912, 69
Trd, 8639228.646, 60
Trd, 8639229.312, 60
Trd, 8639229.379, 60
Trd, 8639229.579, 60
Trd, 8639229.612, 62
Trd, 8639229.646, 64
Trd, 8639229.979, 130
Trd, 8639230.246, 130
Trd, 8639230.412, 112
Trd, 8639230.912, 140
Trd, 8639232.012, 140
Trd, 8639232.446, 110
Trd, 8639232.746, 140
Trd, 8639232.946, 133
Trd, 8639233.279, 87
Trd, 8639233.912, 80
Trd, 8639235.079, 140
Trd, 8639235.146, 140
Trd, 8639235.479, 126
Trd, 8639236.112, 116
Trd, 8639236.446, 117
Trd, 8639236.879, 118
Trd, 8639237.379, 60
Trd, 8639237.512, 60
Trd, 8639237.712, 60
Trd, 8639238.179, 61
Trd, 8639238.479, 139
Trd, 8639239.012, 68
Trd, 8639240.479, 60
Trd, 8639240.712, 61
Trd, 8639240.846, 61
Trd, 8639241.279, 60
Trd, 8639241.646, 60
Trd, 8639241.746, 61
Trd, 8639242.079, 64
Trd, 8639242.212, 67
Trd, 8639242.346, 140
Trd, 8639243.079, 93
Trd, 8639243.312, 133
Trd, 8639243.812, 93
Trd, 8639244.312, 93
Trd, 8639244.846, 121
Trd, 8639245.012, 111
Trd, 8639245.146, 139
Trd, 8639245.712, 123
Trd, 8639245.779, 121
Trd, 8639246.012, 127
Trd, 8639246.479, 97
Trd, 8639246.946, 96
Trd, 8639247.346, 98
Trd, 8639247.412, 97
Trd, 8639247.879, 97
Trd, 8639248.012, 130
Trd, 8639248.446, 140
Trd, 8639249.712, 140
Trd, 8639251.579, 136
Trd, 8639251.612, 122
Trd, 8639252.079, 124
Trd, 8639252.279, 122
Trd, 8639252.579, 124
Trd, 8639252.779, 123
Trd, 8639253.079, 123
Trd, 8639253.279, 84
Trd, 8639253.512, 127
Trd, 8639253.946, 106
Trd, 8639254.012, 105
Trd, 8639254.412, 76
Trd, 8639255.212, 136
Trd, 8639255.379, 135
Trd, 8639256.446, 83
Trd, 8639256.512, 68
Trd, 8639256.979, 68
Trd, 8639257.279, 69
Trd, 8639258.079, 67
Trd, 8639258.279, 97
Trd, 8639258.712, 87
Trd, 8639259.412, 60
Trd, 8639259.579, 93
Trd, 8639259.879, 94
Trd, 8639260.612, 60
Trd, 8639261.646, 62
Trd, 8639261.746, 62
Trd, 8639261.946, 61
Trd, 8639262.312, 72
Trd, 8639263.279, 137
Trd, 8639263.712, 138
Trd, 8639264.179, 140
Trd, 8639264.812, 104
Trd, 8639265.246, 139
Trd, 8639265.712, 121
Trd, 8639265.946, 126
Trd, 8639266.079, 119
Trd, 8639266.579, 118
Trd, 8639267.079, 92
Trd, 8639267.712, 104
Trd, 8639267.779, 105
Trd, 8639268.646, 67
Trd, 8639268.812, 106
Trd, 8639270.146, 60
Trd, 8639270.212, 60
Trd, 8639270.412, 60
Trd, 8639270.879, 60
Trd, 8639271.446, 62
Trd, 8639271.546, 62
Trd, 8639272.046, 79
Trd, 8639272.312, 79
Trd, 8639272.379, 80
Trd, 8639272.746, 128
Trd, 8639272.979, 64
Trd, 8639273.246, 65
Trd, 8639273.479, 72
Trd, 8639274.146, 64
Trd, 8639274.246, 71
Trd, 8639275.046, 140
Trd, 8639275.746, 140
Trd, 8639276.146, 128
Trd, 8639277.179, 140
Trd, 8639277.646, 137
Trd, 8639277.812, 137
Trd, 8639278.046, 136
Trd, 8639278.446, 127
Trd, 8639279.179, 140
Trd, 8639281.312, 140
Trd, 8639281.512, 140
Trd, 8639281.679, 140
Trd, 8639281.879, 139
Trd, 8639281.912, 98
Trd, 8639282.279, 120
Trd, 8639282.779, 112
Trd, 8639283.646, 140
Trd, 8639284.146, 136
Trd, 8639284.246, 133
Trd, 8639285.312, 140
Trd, 8639285.579, 140
Trd, 8639285.912, 138
Trd, 8639286.312, 123
Trd, 8639286.812, 120
Trd, 8639287.079, 130
Trd, 8639287.446, 131
Trd, 8639287.512, 121
Trd, 8639287.546, 132
Trd, 8639287.979, 94
Trd, 8639290.079, 140
Trd, 8639290.312, 140
Trd, 8639290.579, 140
Trd, 8639290.646, 140
Trd, 8639290.812, 114
Trd, 8639291.079, 107
Trd, 8639291.479, 111
Trd, 8639291.779, 100
Trd, 8639292.246, 114
Trd, 8639292.712, 108
Trd, 8639292.912, 106
Trd, 8639293.746, 90
Trd, 8639294.446, 125
Trd, 8639294.679, 126
Trd, 8639295.012, 139
Trd, 8639295.212, 116
Trd, 8639296.379, 140
Trd, 8639296.779, 140
Trd, 8639297.112, 140
Trd, 8639297.746, 140
Trd, 8639298.346, 140
Trd, 8639298.412, 140
Trd, 8639299.046, 140
Trd, 8639299.612, 140
Trd, 8639299.846, 125
Trd, 8639301.412, 140
Trd, 8639301.679, 93
Trd, 8639301.946, 93
Trd, 8639302.012, 94
Trd, 8639302.412, 81
Trd, 8639303.112, 60
Trd, 8639303.979, 82
Trd, 8639304.412, 73
Trd, 8639304.579, 73
Trd, 8639304.646, 72
Trd, 8639305.412, 121
Trd, 8639305.479, 120
Trd, 8639306.112, 140
Trd, 8639306.246, 140
Trd, 8639306.379, 133
Trd, 8639306.846, 131
Trd, 8639308.046, 130
Trd, 8639308.979, 140
Trd, 8639309.446, 140
Trd, 8639309.646, 138
Trd, 8639309.812, 139
Trd, 8639310.346, 138
Trd, 8639311.946, 114
Trd, 8639312.679, 132
Trd, 8639313.179, 138
Trd, 8639313.646, 128
Trd, 8639313.712, 127
Trd, 8639313.979, 137
Trd, 8639314.146, 136
Trd, 8639314.546, 126
Trd, 8639314.579, 125
Trd, 8639315.446, 140
Trd, 8639315.479, 140
Trd, 8639315.546, 139
Trd, 8639316.379, 105
Trd, 8639317.379, 60
Trd, 8639318.046, 60
Trd, 8639319.346, 60
Trd, 8639319.446, 60
Trd, 8639319.779, 60
Trd, 8639319.912, 61
Trd, 8639319.979, 62
Trd, 8639320.312, 61
Trd, 8639320.446, 63
Trd, 8639320.512, 73
Trd, 8639321.046, 60
Trd, 8639321.612, 60
Trd, 8639321.912, 62
Trd, 8639322.012, 65
Trd, 8639322.346, 60
Trd, 8639323.012, 65
Trd, 8639323.412, 61
Trd, 8639323.512, 65
Trd, 8639324.079, 63
Trd, 8639324.246, 62
Trd, 8639325.046, 60
Trd, 8639325.079, 61
Trd, 8639325.179, 67
Trd, 8639325.712, 70
Trd, 8639326.646, 60
Trd, 8639327.012, 61
Trd, 8639327.346, 60
Trd, 8639327.812, 60
Trd, 8639328.479, 62
Trd, 8639329.412, 67
Trd, 8639329.479, 66
Trd, 8639329.746, 65
Trd, 8639330.179, 69
Trd, 8639330.412, 60
Trd, 8639330.612, 71
Trd, 8639330.912, 74
Trd, 8639331.279, 97
Trd, 8639331.979, 70
Trd, 8639332.779, 85
Trd, 8639333.479, 60
Trd, 8639334.112, 60
Trd, 8639335.146, 60
Trd, 8639335.346, 60
Trd, 8639335.479, 60
Trd, 8639335.846, 60
Trd, 8639336.446, 60
Trd, 8639336.812, 60
Trd, 8639336.946, 63
Trd, 8639337.446, 62
Trd, 8639337.979, 62
Trd, 8639339.112, 60
Trd, 8639339.179, 60
Trd, 8639339.412, 60
Trd, 8639339.912, 69
Trd, 8639339.979, 70
Trd, 8639340.279, 140
Trd, 8639340.412, 138
Trd, 8639341.246, 115
Trd, 8639341.279, 114
Trd, 8639341.312, 112
Trd, 8639342.246, 109
Trd, 8639343.479, 82
Trd, 8639344.179, 80
Trd, 8639344.712, 66
Trd, 8639344.746, 69
Trd, 8639344.879, 64
Trd, 8639345.212, 63
Trd, 8639345.479, 81
Trd, 8639346.079, 81
Trd, 8639346.346, 61
Trd, 8639346.546, 86
Trd, 8639346.879, 87
Trd, 8639347.012, 68
Trd, 8639347.612, 62
Trd, 8639347.812, 61
Trd, 8639347.946, 72
Trd, 8639348.446, 66
Trd, 8639348.879, 73
Trd, 8639348.946, 77
Trd, 8639349.512, 70
Trd, 8639349.646, 93
Trd, 8639350.379, 72
Trd, 8639351.346, 140
Trd, 8639351.412, 140
Trd, 8639351.646, 131
Trd, 8639352.512, 115
Trd, 8639352.546, 113
Trd, 8639352.712, 110
Trd, 8639354.079, 132
Trd, 8639354.212, 133
Trd, 8639354.746, 135
Trd, 8639355.179, 98
Trd, 8639355.446, 96
Trd, 8639355.546, 129
Trd, 8639355.746, 136
Trd, 8639356.079, 112
Trd, 8639356.146, 111
Trd, 8639356.746, 97
Trd, 8639357.412, 60
Trd, 8639357.446, 61
Trd, 8639358.346, 61
Trd, 8639358.912, 60
Trd, 8639359.412, 60
Trd, 8639359.612, 60
Trd, 8639359.879, 60
Trd, 8639360.112, 61
Trd, 8639360.746, 61
Trd, 8639361.246, 62
Trd, 8639361.746, 61
Trd, 8639362.612, 60
Trd, 8639363.146, 62
Trd, 8639363.479, 89
Trd, 8639364.346, 64
Trd, 8639364.379, 65
Trd, 8639366.046, 60
Trd, 8639366.212, 60
Trd, 8639366.412, 62
Trd, 8639366.646, 60
Trd, 8639367.046, 60
Trd, 8639367.212, 62
Trd, 8639367.746, 138
Trd, 8639368.212, 73
Trd, 8639368.746, 67
Trd, 8639369.146, 60
Trd, 8639369.279, 63
Trd, 8639370.579, 124
Trd, 8639370.912, 65
Trd, 8639370.979, 66
Trd, 8639371.412, 62
Trd, 8639371.712, 63
Trd, 8639371.946, 109
Trd, 8639373.112, 60
Trd, 8639373.146, 63
Trd, 8639373.546, 60
Trd, 8639373.579, 60
Trd, 8639374.312, 64
Trd, 8639374.879, 60
Trd, 8639375.046, 63
Trd, 8639375.079, 66
Trd, 8639375.579, 77
Trd, 8639375.846, 60
Trd, 8639377.912, 60
Trd, 8639378.012, 62
Trd, 8639378.112, 60
Trd, 8639378.146, 63
Trd, 8639378.279, 65
Trd, 8639378.512, 69
Trd, 8639378.612, 96
Trd, 8639380.379, 60
Trd, 8639380.412, 60
Trd, 8639381.579, 60
Trd, 8639382.212, 60
Trd, 8639382.279, 60
Trd, 8639382.346, 60
Trd, 8639382.446, 61
Trd, 8639383.012, 60
Trd, 8639383.412, 61
Trd, 8639383.646, 63
Trd, 8639383.679, 66
Trd, 8639384.579, 62
Trd, 8639384.812, 63
Trd, 8639384.979, 64
Trd, 8639385.912, 74
Trd, 8639385.979, 70
Trd, 8639386.279, 71
Trd, 8639386.412, 70
Trd, 8639386.879, 72
Trd, 8639387.046, 73
Trd, 8639387.346, 123
Trd, 8639389.046, 140
Trd, 8639389.346, 140
Trd, 8639389.479, 140
Trd, 8639389.879, 140
Trd, 8639390.112, 139
Trd, 8639390.512, 138
Trd, 8639391.646, 140
Trd, 8639391.712, 140
Trd, 8639392.146, 139
Trd, 8639392.446, 138
Trd, 8639392.546, 120
Trd, 8639392.812, 119
Trd, 8639393.079, 107
Trd, 8639394.246, 140
Trd, 8639394.912, 140
Trd, 8639394.979, 139
Trd, 8639395.079, 137
Trd, 8639395.212, 140
Trd, 8639395.279, 114
Trd, 8639396.079, 134
Trd, 8639396.546, 135
Trd, 8639396.612, 121
Trd, 8639397.312, 134
Trd, 8639397.946, 70
Trd, 8639398.779, 109
Trd, 8639398.912, 117
Trd, 8639398.979, 139
Trd, 8639399.812, 140
Trd, 8639400.279, 113
Trd, 8639400.646, 79
Trd, 8639400.846, 113
Trd, 8639400.979, 81
Trd, 8639401.212, 76
Trd, 8639401.979, 111
Trd, 8639402.446, 113
Trd, 8639402.679, 123
Trd, 8639403.212, 117
Trd, 8639403.612, 106
Trd, 8639404.246, 63
Trd, 8639405.612, 64
Trd, 8639405.746, 63
Trd, 8639405.946, 64
Trd, 8639406.312, 65
Trd, 8639406.346, 66
Trd, 8639406.379, 68
Trd, 8639406.712, 62
Trd, 8639406.912, 60
Trd, 8639406.979, 69
Trd, 8639407.679, 80
Trd, 8639408.279, 60
Trd, 8639408.946, 62
Trd, 8639409.079, 63
Trd, 8639409.479, 64
Trd, 8639410.212, 139
Trd, 8639410.379, 139
Trd, 8639410.779, 140
Trd, 8639411.212, 140
Trd, 8639411.446, 140
Trd, 8639411.546, 140
Trd, 8639411.679, 140
Trd, 8639411.846, 139
Trd, 8639412.512, 113
Trd, 8639413.379, 138
Trd, 8639413.479, 81
Trd, 8639414.312, 60
Trd, 8639415.346, 62
Trd, 8639415.979, 62
Trd, 8639416.046, 63
Trd, 8639416.779, 60
Trd, 8639416.812, 60
Trd, 8639417.546, 131
Trd, 8639417.579, 108
Trd, 8639417.812, 90
Trd, 8639418.412, 139
Trd, 8639418.812, 140
Trd, 8639419.112, 140
Trd, 8639419.312, 140
Trd, 8639419.712, 140
Trd, 8639419.846, 140
Trd, 8639419.912, 139
Trd, 8639420.512, 128
Trd, 8639420.979, 91
Trd, 8639422.146, 130
Trd, 8639423.346, 140
Trd, 8639423.912, 140
Trd, 8639424.346, 140
Trd, 8639424.579, 140
Trd, 8639425.312, 140
Trd, 8639425.612, 140
Trd, 8639426.346, 124
Trd, 8639426.412, 138
Trd, 8639426.512, 139
Trd, 8639427.079, 140
Trd, 8639427.946, 95
Trd, 8639428.046, 75
Trd, 8639428.179, 73
Trd, 8639428.346, 72
Trd, 8639428.646, 105
Trd, 8639430.046, 140
Trd, 8639430.446, 139
Trd, 8639430.812, 130
Trd, 8639431.112, 106
Trd, 8639432.112, 112
Trd, 8639433.279, 140
Trd, 8639433.912, 140
Trd, 8639434.112, 140
Trd, 8639434.646, 140
Trd, 8639434.712, 140
Trd, 8639435.846, 140
Trd, 8639436.679, 140
Trd, 8639437.079, 140
Trd, 8639437.312, 140
Trd, 8639437.379, 140
Trd, 8639438.246, 140
Trd, 8639439.179, 140
Trd, 8639439.712, 140
Trd, 8639439.879, 140
Trd, 8639440.379, 140
Trd, 8639440.479, 140
Trd, 8639440.846, 140
Trd, 8639441.012, 75
Trd, 8639441.079, 74
Trd, 8639442.446, 96
Trd, 8639442.646, 137
Trd, 8639443.679, 132
Trd, 8639443.912, 87
Trd, 8639444.479, 139
Trd, 8639445.012, 140
Trd, 8639445.179, 140
Trd, 8639445.412, 138
Trd, 8639445.512, 140
Trd, 8639446.346, 133
Trd, 8639446.379, 123
Trd, 8639447.079, 135
Trd, 8639447.412, 121
Trd, 8639447.679, 122
Trd, 8639447.779, 131
Trd, 8639448.612, 130
Trd, 8639448.846, 132
Trd, 8639449.012, 132
Trd, 8639449.512, 130
Trd, 8639449.646, 134
Trd, 8639450.046, 126
Trd, 8639450.379, 60
Trd, 8639450.946, 67
Trd, 8639451.079, 69
Trd, 8639452.179, 140
Trd, 8639452.212, 97
Trd, 8639453.379, 140
Trd, 8639453.712, 113
Trd, 8639453.979, 139
Trd, 8639454.246, 136
Trd, 8639454.579, 114
Trd, 8639455.779, 140
Trd, 8639456.012, 140
Trd, 8639457.279, 140
Trd, 8639457.579, 140
Trd, 8639457.646, 140
Trd, 8639457.779, 135
Trd, 8639457.846, 130
Trd, 8639458.079, 116
Trd, 8639458.146, 112
Trd, 8639458.579, 106
Trd, 8639460.179, 107
Trd, 8639460.212, 106
Trd, 8639460.412, 107
Trd, 8639461.246, 137
Trd, 8639461.479, 131
Trd, 8639461.512, 130
Trd, 8639461.746, 129
Trd, 8639462.546, 117
Trd, 8639462.746, 129
Trd, 8639463.012, 104
Trd, 8639463.446, 113
Trd, 8639464.346, 126
Trd, 8639464.512, 128
Trd, 8639464.779, 131
Trd, 8639465.046, 118
Trd, 8639465.812, 140
Trd, 8639466.646, 136
Trd, 8639466.712, 135
Trd, 8639467.112, 140
Trd, 8639467.246, 135
Trd, 8639468.012, 135
Trd, 8639468.612, 140
Trd, 8639468.779, 134
Trd, 8639468.946, 124
Trd, 8639469.712, 134
Trd, 8639470.112, 128
Trd, 8639470.379, 139
Trd, 8639470.679, 124
Trd, 8639471.179, 123
Trd, 8639471.346, 115
Trd, 8639471.412, 60
Trd, 8639471.779, 140
Trd, 8639471.879, 104
Trd, 8639471.946, 103
Trd, 8639472.679, 113
Trd, 8639472.946, 112
Trd, 8639474.079, 87
Trd, 8639474.179, 86
Trd, 8639475.179, 68
Trd, 8639476.046, 132
Trd, 8639476.546, 137
Trd, 8639476.612, 120
Trd, 8639476.646, 119
Trd, 8639476.712, 118
Trd, 8639476.846, 138
Trd, 8639476.946, 116
Trd, 8639477.046, 70
Trd, 8639477.179, 139
Trd, 8639477.779, 132
Trd, 8639478.212, 134
Trd, 8639478.412, 104
Trd, 8639478.512, 83
Trd, 8639479.279, 136
Trd, 8639480.246, 140
Trd, 8639480.746, 140
Trd, 8639481.012, 140
Trd, 8639481.612, 140
Trd, 8639481.846, 140
Trd, 8639482.612, 138
Trd, 8639483.012, 120
Trd, 8639483.246, 139
Trd, 8639483.979, 140
Trd, 8639484.546, 140
Trd, 8639485.012, 140
Trd, 8639485.312, 140
Trd, 8639485.746, 138
Trd, 8639486.012, 110
Trd, 8639487.079, 135
Trd, 8639487.379, 116
Trd, 8639487.579, 112
Trd, 8639487.679, 90
Trd, 8639487.779, 133
Trd, 8639487.812, 134
Trd, 8639488.312, 65
Trd, 8639489.746, 62
Trd, 8639490.179, 61
Trd, 8639490.646, 60
Trd, 8639490.812, 62
Trd, 8639491.246, 63
Trd, 8639491.312, 64
Trd, 8639491.512, 83
Trd, 8639492.779, 140
Trd, 8639493.012, 140
Trd, 8639493.312, 140
Trd, 8639493.412, 139
Trd, 8639493.446, 90
Trd, 8639494.112, 140
Trd, 8639494.479, 62
Trd, 8639495.946, 60
Trd, 8639496.346, 60
Trd, 8639496.479, 60
Trd, 8639496.846, 62
Trd, 8639497.546, 60
Trd, 8639498.179, 63
Trd, 8639498.412, 64
Trd, 8639498.579, 64
Trd, 8639498.946, 63
Trd, 8639499.779, 64
Trd, 8639499.812, 64
Trd, 8639499.879, 62
Trd, 8639499.979, 88
Trd, 8639500.712, 140
Trd, 8639501.712, 140
Trd, 8639501.779, 140
Trd, 8639501.912, 140
Trd, 8639502.446, 109
Trd, 8639502.612, 108
Trd, 8639503.779, 97
Trd, 8639504.146, 109
Trd, 8639504.412, 124
Trd, 8639505.379, 95
Trd, 8639505.479, 102
Trd, 8639505.679, 77
Trd, 8639505.912, 101
Trd, 8639506.879, 61
Trd, 8639507.046, 63
Trd, 8639507.246, 66
Trd, 8639507.446, 68
Trd, 8639508.679, 60
Trd, 8639509.246, 60
Trd, 8639509.346, 60
Trd, 8639510.746, 60
Trd, 8639511.179, 60
Trd, 8639511.779, 62
Trd, 8639512.079, 61
Trd, 8639513.546, 60
Trd, 8639513.712, 61
Trd, 8639513.979, 62
Trd, 8639514.412, 60
Trd, 8639514.912, 60
Trd, 8639515.012, 61
Trd, 8639515.146, 62
Trd, 8639515.712, 61
Trd, 8639516.179, 63
Trd, 8639516.312, 62
Trd, 8639516.346, 65
Trd, 8639516.579, 66
Trd, 8639518.246, 60
Trd, 8639520.279, 60
Trd, 8639520.412, 60
Trd, 8639520.646, 60
Trd, 8639520.812, 60
Trd, 8639520.846, 69
Trd, 8639521.512, 63
Trd, 8639521.712, 81
Trd, 8639521.746, 99
Trd, 8639522.279, 64
Trd, 8639522.312, 68
Trd, 8639522.446, 74
Trd, 8639522.512, 63
Trd, 8639522.679, 75
Trd, 8639523.779, 61
Trd, 8639523.879, 67
Trd, 8639524.646, 65
Trd, 8639524.812, 67
Trd, 8639525.279, 111
Trd, 8639525.879, 65
Trd, 8639525.946, 64
Trd, 8639526.612, 103
Trd, 8639526.946, 77
Trd, 8639527.046, 75
Trd, 8639527.479, 80
Trd, 8639528.746, 138
Trd, 8639529.979, 139
Trd, 8639530.312, 139
Trd, 8639531.346, 140
Trd, 8639531.912, 140
Trd, 8639531.946, 140
Trd, 8639532.112, 139
Trd, 8639532.912, 140
Trd, 8639533.179, 138
Trd, 8639533.212, 139
Trd, 8639533.412, 139
Trd, 8639533.812, 137
Trd, 8639534.679, 139
Trd, 8639534.812, 135
Trd, 8639534.979, 133
Trd, 8639535.046, 127
Trd, 8639535.912, 107
Trd, 8639536.012, 71
Trd, 8639536.379, 136
Trd, 8639536.912, 60
Trd, 8639537.079, 131
Trd, 8639537.446, 60
Trd, 8639537.679, 134
Trd, 8639538.579, 131
Trd, 8639539.046, 60
Trd, 8639539.246, 63
Trd, 8639540.179, 77
Trd, 8639540.879, 63
Trd, 8639541.012, 66
Trd, 8639541.712, 65
Trd, 8639542.412, 69
Trd, 8639542.746, 76
Trd, 8639543.046, 70
Trd, 8639543.246, 77
Trd, 8639543.479, 76
Trd, 8639543.512, 91
Trd, 8639543.546, 69
Trd, 8639543.812, 66
Trd, 8639544.446, 63
Trd, 8639545.379, 60
Trd, 8639546.212, 60
Trd, 8639546.379, 60
Trd, 8639546.912, 60
Trd, 8639547.112, 66
Trd, 8639547.579, 61
Trd, 8639547.946, 62
Trd, 8639548.446, 60
Trd, 8639550.179, 60
Trd, 8639550.246, 60
Trd, 8639550.379, 60
Trd, 8639550.512, 68
Trd, 8639551.012, 63
Trd, 8639551.612, 64
Trd, 8639552.079, 63
Trd, 8639552.112, 62
Trd, 8639552.412, 61
Trd, 8639552.479, 65
Trd, 8639553.279, 61
Trd, 8639553.579, 64
Trd, 8639553.979, 65
Trd, 8639554.112, 63
Trd, 8639554.312, 102
Trd, 8639554.346, 120
Trd, 8639555.146, 61
Trd, 8639555.446, 140
Trd, 8639556.612, 89
Trd, 8639556.946, 65
Trd, 8639557.779, 60
Trd, 8639557.812, 63
Trd, 8639558.446, 60
Trd, 8639558.912, 60
Trd, 8639559.079, 60
Trd, 8639559.146, 61
Trd, 8639559.712, 62
Trd, 8639561.446, 60
Trd, 8639562.579, 60
Trd, 8639562.946, 61
Trd, 8639563.212, 62
Trd, 8639563.679, 60
Trd, 8639564.079, 60
Trd, 8639564.279, 60
Trd, 8639565.312, 60
Trd, 8639565.679, 60
Trd, 8639565.746, 61
Trd, 8639566.012, 61
Trd, 8639566.046, 74
Trd, 8639566.079, 60
Trd, 8639566.779, 63
Trd, 8639567.579, 74
Trd, 8639567.912, 72
Trd, 8639568.412, 78
Trd, 8639568.879, 78
Trd, 8639569.112, 79
Trd, 8639569.479, 60
Trd, 8639569.812, 60
Trd, 8639570.546, 60
Trd, 8639571.546, 61
Trd, 8639572.079, 61
Trd, 8639572.246, 62
Trd, 8639572.346, 71
Trd, 8639573.312, 67
Trd, 8639573.579, 65
Trd, 8639573.879, 70
Trd, 8639575.146, 86
Trd, 8639575.212, 87
Trd, 8639575.279, 70
Trd, 8639575.546, 66
Trd, 8639575.646, 65
Trd, 8639575.779, 115
Trd, 8639576.212, 125
Trd, 8639576.579, 120
Trd, 8639576.679, 129
Trd, 8639576.979, 119
Trd, 8639577.046, 117
Trd, 8639577.512, 69
Trd, 8639578.579, 62
Trd, 8639579.279, 62
Trd, 8639579.679, 62
Trd, 8639580.012, 62
Trd, 8639580.179, 64
Trd, 8639580.479, 65
Trd, 8639580.512, 61
Trd, 8639580.746, 80
Trd, 8639581.579, 122
Trd, 8639581.779, 122
Trd, 8639581.912, 121
Trd, 8639582.612, 123
Trd, 8639582.879, 137
Trd, 8639583.412, 112
Trd, 8639583.646, 126
Trd, 8639584.212, 63
Trd, 8639584.312, 62
Trd, 8639585.012, 60
Trd, 8639585.179, 62
Trd, 8639585.579, 62
Trd, 8639586.212, 63
Trd, 8639586.446, 63
Trd, 8639586.912, 63
Trd, 8639587.546, 64
Trd, 8639587.612, 64
Trd, 8639587.746, 67
Trd, 8639588.312, 65
Trd, 8639589.046, 67
Trd, 8639589.312, 68
Trd, 8639589.879, 65
Trd, 8639590.346, 68
Trd, 8639590.379, 71
Trd, 8639591.312, 108
Trd, 8639591.679, 137
Trd, 8639592.212, 69
Trd, 8639593.312, 60
Trd, 8639593.379, 60
Trd, 8639593.646, 140
Trd, 8639594.612, 60
Trd, 8639596.212, 60
Trd, 8639596.279, 60
Trd, 8639596.446, 60
Trd, 8639597.012, 61
Trd, 8639597.312, 61
Trd, 8639597.379, 62
Trd, 8639597.612, 62
Trd, 8639597.779, 112
Trd, 8639598.079, 140
Trd, 8639598.412, 65
Trd, 8639599.312, 133
Trd, 8639599.612, 132
Trd, 8639599.879, 98
Trd, 8639600.479, 61
Trd, 8639600.579, 62
Trd, 8639600.779, 62
Trd, 8639601.179, 63
Trd, 8639601.412, 134
Trd, 8639602.246, 68
Trd, 8639602.512, 71
Trd, 8639602.846, 61
Trd, 8639603.212, 61
Trd, 8639603.246, 74
Trd, 8639603.646, 60
Trd, 8639604.179, 61
Trd, 8639604.246, 132
Trd, 8639604.779, 67
Trd, 8639605.112, 67
Trd, 8639605.179, 70
Trd, 8639606.112, 75
Trd, 8639606.779, 90
Trd, 8639607.779, 85
Trd, 8639608.412, 140
Trd, 8639608.679, 140
Trd, 8639609.379, 139
Trd, 8639609.512, 138
Trd, 8639609.646, 131
Trd, 8639609.979, 137
Trd, 8639610.646, 78
Trd, 8639610.712, 79
Trd, 8639611.346, 73
Trd, 8639612.246, 137
Trd, 8639612.479, 124
Trd, 8639612.579, 123
Trd, 8639612.746, 121
Trd, 8639613.146, 120
Trd, 8639613.612, 125
Trd, 8639614.079, 90
Trd, 8639614.312, 135
Trd, 8639615.412, 140
Trd, 8639615.712, 140
Trd, 8639615.846, 140
Trd, 8639616.779, 140
Trd, 8639617.512, 140
Trd, 8639617.912, 140
Trd, 8639618.346, 140
Trd, 8639619.346, 140
Trd, 8639619.446, 140
Trd, 8639620.379, 140
Trd, 8639620.579, 140
Trd, 8639620.712, 125
Trd, 8639621.412, 124
Trd, 8639621.712, 70
Trd, 8639622.312, 140
Trd, 8639622.479, 140
Trd, 8639622.746, 140
Trd, 8639623.546, 140
Trd, 8639623.646, 140
Trd, 8639624.046, 140
Trd, 8639624.412, 140
Trd, 8639625.112, 139
Trd, 8639625.446, 136
Trd, 8639625.712, 135
Trd, 8639626.179, 135
Trd, 8639626.512, 94
Trd, 8639627.246, 133
Trd, 8639627.946, 139
Trd, 8639628.146, 125
Trd, 8639628.312, 119
Trd, 8639628.846, 107
Trd, 8639629.479, 140
Trd, 8639630.312, 140
Trd, 8639630.512, 140
Trd, 8639630.579, 140
Trd, 8639631.179, 140
Trd, 8639631.212, 140
Trd, 8639631.412, 96
Trd, 8639631.512, 62
Trd, 8639632.279, 129
Trd, 8639633.012, 67
Trd, 8639633.479, 139
Trd, 8639634.346, 140
Trd, 8639634.679, 140
Trd, 8639634.846, 140
Trd, 8639635.679, 140
Trd, 8639636.079, 140
Trd, 8639636.379, 101
Trd, 8639637.046, 140
Trd, 8639638.112, 140
Trd, 8639638.346, 140
Trd, 8639639.279, 140
Trd, 8639639.379, 140
Trd, 8639639.879, 140
Trd, 8639640.112, 140
Trd, 8639640.512, 140
Trd, 8639640.712, 139
Trd, 8639641.446, 135
Trd, 8639641.712, 123
Trd, 8639641.946, 139
Trd, 8639642.179, 130
Trd, 8639642.646, 138
Trd, 8639643.046, 116
Trd, 8639643.746, 73
Trd, 8639643.779, 72
Trd, 8639644.479, 139
Trd, 8639645.046, 140
Trd, 8639645.112, 140
Trd, 8639645.946, 137
Trd, 8639645.979, 130
Trd, 8639646.212, 131
Trd, 8639646.546, 110
Trd, 8639646.612, 88
Trd, 8639646.779, 136
Trd, 8639647.146, 138
Trd, 8639647.546, 63
Trd, 8639648.012, 102
Trd, 8639648.912, 97
Trd, 8639648.946, 67
Trd, 8639650.179, 105
Trd, 8639650.212, 91
Trd, 8639650.779, 64
Trd, 8639651.812, 63
Trd, 8639652.446, 63
Trd, 8639652.612, 68
Trd, 8639653.646, 61
Trd, 8639653.912, 60
Trd, 8639654.012, 61
Trd, 8639654.679, 61
Trd, 8639654.879, 67
Trd, 8639655.712, 62
Trd, 8639655.746, 70
Trd, 8639655.912, 71
Trd, 8639656.279, 80
Trd, 8639656.412, 63
Trd, 8639656.712, 61
Trd, 8639658.479, 60
Trd, 8639658.779, 60
Trd, 8639658.812, 60
Trd, 8639659.079, 60
Trd, 8639659.246, 60
Trd, 8639659.446, 60
Trd, 8639659.512, 62
Trd, 8639659.946, 65
Trd, 8639660.612, 60
Trd, 8639660.812, 61
Trd, 8639661.046, 62
Trd, 8639661.646, 117
Trd, 8639661.712, 91
Trd, 8639662.179, 76
Trd, 8639663.846, 60
Trd, 8639663.979, 61
Trd, 8639664.579, 63
Trd, 8639664.646, 62
Trd, 8639664.879, 64
Trd, 8639665.246, 60
Trd, 8639665.579, 60
Trd, 8639665.946, 70
Trd, 8639666.879, 63
Trd, 8639666.946, 102
Trd, 8639667.012, 62
Trd, 8639667.379, 62
Trd, 8639668.579, 60
Trd, 8639669.046, 60
Trd, 8639669.179, 60
Trd, 8639669.212, 60
Trd, 8639669.879, 67
Trd, 8639670.346, 61
Trd, 8639670.379, 79
Trd, 8639671.046, 65
Trd, 8639671.412, 65
Trd, 8639671.812, 140
Trd, 8639672.146, 72
Trd, 8639672.646, 62
Trd, 8639673.179, 102
Trd, 8639673.346, 74
Trd, 8639674.379, 140
Trd, 8639674.546, 140
Trd, 8639674.746, 140
Trd, 8639674.912, 140
Trd, 8639675.312, 140
Trd, 8639675.679, 137
Trd, 8639675.779, 92
Trd, 8639675.879, 139
Trd, 8639676.446, 113
Trd, 8639678.112, 140
Trd, 8639678.546, 139
Trd, 8639679.179, 140
Trd, 8639679.312, 140
Trd, 8639679.479, 140
Trd, 8639679.679, 139
Trd, 8639679.779, 139
Trd, 8639679.946, 126
Trd, 8639680.279, 126
Trd, 8639680.546, 140
Trd, 8639681.479, 140
Trd, 8639682.546, 140
Trd, 8639682.579, 139
Trd, 8639683.046, 139
Trd, 8639683.712, 134
Trd, 8639684.179, 134
Trd, 8639684.379, 126
Trd, 8639684.479, 123
Trd, 8639685.146, 83
Trd, 8639685.212, 65
Trd, 8639685.412, 120
Trd, 8639686.146, 123
Trd, 8639686.179, 122
Trd, 8639687.046, 62
Trd, 8639687.612, 61
Trd, 8639688.146, 110
Trd, 8639688.679, 89
Trd, 8639689.079, 110
Trd, 8639689.512, 86
Trd, 8639689.546, 85
Trd, 8639690.046, 67
Trd, 8639690.112, 75
Trd, 8639690.379, 111
Trd, 8639690.812, 64
Trd, 8639691.746, 60
Trd, 8639692.679, 60
Trd, 8639692.846, 60
Trd, 8639693.512, 60
Trd, 8639694.246, 60
Trd, 8639694.446, 61
Trd, 8639694.479, 61
Trd, 8639695.079, 65
Trd, 8639695.146, 60
Trd, 8639695.446, 70
Trd, 8639695.546, 75
Trd, 8639695.712, 99
Trd, 8639696.812, 68
Trd, 8639696.946, 68
Trd, 8639697.012, 68
Trd, 8639697.079, 67
Trd, 8639697.479, 67
Trd, 8639697.679, 70
Trd, 8639698.146, 100
Trd, 8639698.746, 62
Trd, 8639698.846, 77
Trd, 8639699.379, 74
Trd, 8639699.846, 72
Trd, 8639701.179, 61
Trd, 8639702.246, 62
Trd, 8639702.679, 77
Trd, 8639703.446, 112
Trd, 8639703.812, 65
Trd, 8639704.346, 140
Trd, 8639704.379, 136
Trd, 8639705.179, 140
Trd, 8639705.712, 140
Trd, 8639705.946, 140
Trd, 8639706.912, 140
Trd, 8639706.979, 140
Trd, 8639707.312, 140
Trd, 8639707.479, 139
Trd, 8639707.579, 138
Trd, 8639707.846, 88
Trd, 8639708.346, 76
Trd, 8639708.679, 84
Trd, 8639708.912, 84
Trd, 8639709.146, 66
Trd, 8639709.479, 75
Trd, 8639709.879, 83
Trd, 8639709.946, 84
Trd, 8639710.112, 133
Trd, 8639711.146, 117
Trd, 8639711.546, 117
Trd, 8639711.946, 106
Trd, 8639712.112, 139
Trd, 8639712.879, 108
Trd, 8639713.112, 107
Trd, 8639713.312, 127
Trd, 8639713.746, 107
Trd, 8639714.779, 140
Trd, 8639714.979, 139
Trd, 8639715.112, 137
Trd, 8639715.412, 139
Trd, 8639716.279, 137
Trd, 8639717.679, 137
Trd, 8639718.879, 140
Trd, 8639719.546, 140
Trd, 8639719.779, 140
Trd, 8639720.046, 139
Trd, 8639720.379, 140
Trd, 8639720.712, 138
Trd, 8639720.812, 136
Trd, 8639721.012, 140
Trd, 8639721.646, 123
Trd, 8639722.346, 94
Trd, 8639722.546, 94
Trd, 8639722.712, 104
Trd, 8639722.746, 107
Trd, 8639723.612, 138
Trd, 8639723.846, 137
Trd, 8639724.046, 113
Trd, 8639724.479, 136
Trd, 8639724.546, 138
Trd, 8639724.612, 139
Trd, 8639724.879, 122
Trd, 8639725.079, 121
Trd, 8639725.546, 70
Trd, 8639725.746, 63
Trd, 8639727.446, 140
Trd, 8639727.646, 140
Trd, 8639728.746, 140
Trd, 8639729.179, 140
Trd, 8639729.546, 140
Trd, 8639729.846, 139
Trd, 8639730.346, 140
Trd, 8639731.746, 140
Trd, 8639731.779, 140
Trd, 8639731.912, 139
Trd, 8639732.979, 139
Trd, 8639733.012, 137
Trd, 8639733.412, 139
Trd, 8639733.612, 138
Trd, 8639734.046, 140
Trd, 8639734.746, 139
Trd, 8639735.412, 131
Trd, 8639735.779, 60
Trd, 8639736.179, 60
Trd, 8639736.212, 60
Trd, 8639736.479, 61
Trd, 8639737.079, 62
Trd, 8639737.546, 63
Trd, 8639737.679, 65
Trd, 8639738.512, 75
Trd, 8639738.846, 61
Trd, 8639739.712, 60
Trd, 8639740.112, 62
Trd, 8639740.179, 126
Trd, 8639740.979, 116
Trd, 8639741.046, 115
Trd, 8639741.079, 114
Trd, 8639741.979, 121
Trd, 8639742.246, 115
Trd, 8639742.512, 110
Trd, 8639742.679, 124
Trd, 8639743.012, 79
Trd, 8639743.412, 113
Trd, 8639744.046, 64
Trd, 8639744.179, 75
Trd, 8639744.379, 83
Trd, 8639745.079, 62
Trd, 8639745.646, 63
Trd, 8639746.112, 64
Trd, 8639746.979, 140
Trd, 8639747.179, 123
Trd, 8639747.446, 123
Trd, 8639748.246, 139
Trd, 8639748.479, 125
Trd, 8639749.079, 136
Trd, 8639749.579, 140
Trd, 8639749.679, 140
Trd, 8639750.212, 140
Trd, 8639750.646, 140
Trd, 8639750.812, 140
Trd, 8639750.912, 139
Trd, 8639751.479, 128
Trd, 8639751.946, 98
Trd, 8639752.412, 97
Trd, 8639752.512, 135
Trd, 8639752.546, 85
Trd, 8639752.879, 75
Trd, 8639754.312, 116
Trd, 8639754.379, 84
Trd, 8639754.512, 129
Trd, 8639754.546, 132
Trd, 8639755.546, 77
Trd, 8639755.612, 76
Trd, 8639756.079, 100
Trd, 8639756.212, 74
Trd, 8639756.379, 116
Trd, 8639757.079, 72
Trd, 8639757.246, 69
Trd, 8639757.812, 140
Trd, 8639758.046, 140
Trd, 8639758.946, 140
Trd, 8639760.046, 140
Trd, 8639760.912, 140
Trd, 8639761.146, 140
Trd, 8639761.279, 131
Trd, 8639761.346, 129
Trd, 8639761.646, 138
Trd, 8639761.846, 125
Trd, 8639762.779, 139
Trd, 8639763.546, 140
Trd, 8639764.246, 140
Trd, 8639764.646, 132
Trd, 8639765.679, 60
Trd, 8639765.779, 60
Trd, 8639765.912, 60
Trd, 8639766.046, 63
Trd, 8639767.146, 62
Trd, 8639767.279, 60
Trd, 8639767.346, 67
Trd, 8639767.679, 63
Trd, 8639768.079, 134
Trd, 8639769.179, 140
Trd, 8639769.646, 140
Trd, 8639769.746, 139
Trd, 8639769.779, 132
Trd, 8639770.312, 140
Trd, 8639771.012, 138
Trd, 8639772.312, 140
Trd, 8639772.412, 138
Trd, 8639773.679, 133
Trd, 8639773.979, 128
Trd, 8639774.012, 96
Trd, 8639774.979, 140
Trd, 8639775.246, 119
Trd, 8639775.779, 110
Trd, 8639776.879, 140
Trd, 8639777.779, 140
Trd, 8639777.846, 140
Trd, 8639777.912, 140
Trd, 8639778.246, 140
Trd, 8639778.279, 136
Trd, 8639778.679, 138
Trd, 8639779.512, 98
Trd, 8639779.679, 95
Trd, 8639779.712, 101
Trd, 8639781.346, 140
Trd, 8639781.379, 138
Trd, 8639781.746, 138
Trd, 8639781.846, 138
Trd, 8639782.046, 140
Trd, 8639782.212, 122
Trd, 8639782.379, 94
Trd, 8639783.279, 127
Trd, 8639783.346, 98
Trd, 8639784.446, 138
Trd, 8639784.679, 67
Trd, 8639785.179, 61
Trd, 8639785.846, 61
Trd, 8639787.146, 75
Trd, 8639788.312, 63
Trd, 8639788.446, 64
Trd, 8639788.512, 65
Trd, 8639789.012, 62
Trd, 8639789.279, 60
Trd, 8639789.446, 63
Trd, 8639789.746, 60
Trd, 8639789.846, 60
Trd, 8639790.112, 60
Trd, 8639790.646, 61
Trd, 8639791.046, 61
Trd, 8639791.112, 63
Trd, 8639791.512, 87
Trd, 8639791.879, 60
Trd, 8639793.779, 68
Trd, 8639794.246, 61
Trd, 8639794.279, 64
Trd, 8639795.146, 62
Trd, 8639795.246, 61
Trd, 8639795.446, 62
Trd, 8639795.712, 62
Trd, 8639795.779, 65
Trd, 8639795.879, 65
Trd, 8639796.179, 63
Trd, 8639796.212, 61
Trd, 8639796.412, 88
Trd, 8639796.912, 61
Trd, 8639796.946, 62
Trd, 8639799.279, 60
Trd, 8639799.912, 60
Trd, 8639800.312, 61
Trd, 8639800.412, 66
Trd, 8639800.512, 65
Trd, 8639801.079, 65
Trd, 8639802.146, 60
Trd, 8639803.146, 60
Trd, 8639803.512, 62
Trd, 8639804.179, 64
Trd, 8639804.212, 62
Trd, 8639805.312, 60
Trd, 8639805.379, 60
Trd, 8639805.412, 60
Trd, 8639805.446, 60
Trd, 8639805.846, 62
Trd, 8639806.179, 61
Trd, 8639806.746, 63
Trd, 8639806.779, 64
Trd, 8639807.346, 67
Trd, 8639807.746, 66
Trd, 8639807.912, 65
Trd, 8639808.112, 66
Trd, 8639808.212, 61
Trd, 8639809.079, 131
Trd, 8639809.412, 63
Trd, 8639810.246, 60
Trd, 8639810.846, 135
Trd, 8639811.412, 126
Trd, 8639811.512, 121
Trd, 8639812.012, 129
Trd, 8639812.546, 123
Trd, 8639812.779, 123
Trd, 8639813.079, 125
Trd, 8639813.479, 126
Trd, 8639813.512, 125
Trd, 8639813.679, 128
Trd, 8639814.212, 107
Trd, 8639814.912, 98
Trd, 8639815.712, 116
Trd, 8639815.846, 118
Trd, 8639816.479, 117
Trd, 8639816.612, 104
Trd, 8639816.746, 119
Trd, 8639817.112, 98
Trd, 8639817.312, 122
Trd, 8639817.379, 97
Trd, 8639818.212, 96
Trd, 8639818.612, 129
Trd, 8639818.779, 96
Trd, 8639819.012, 95
Trd, 8639819.846, 66
Trd, 8639820.012, 74
Trd, 8639821.446, 60
Trd, 8639821.646, 61
Trd, 8639821.712, 61
Trd, 8639821.846, 126
Trd, 8639822.246, 63
Trd, 8639822.279, 62
Trd, 8639822.612, 131
Trd, 8639822.979, 61
Trd, 8639824.579, 60
Trd, 8639825.279, 60
Trd, 8639825.846, 60
Trd, 8639826.079, 60
Trd, 8639826.479, 68
Trd, 8639826.946, 62
Trd, 8639827.012, 62
Trd, 8639827.046, 63
Trd, 8639827.112, 96
Trd, 8639827.346, 64
Trd, 8639827.546, 140
Trd, 8639828.746, 60
Trd, 8639828.946, 60
Trd, 8639830.146, 61
Trd, 8639830.346, 65
Trd, 8639831.612, 60
Trd, 8639831.712, 60
Trd, 8639832.112, 61
Trd, 8639832.246, 62
Trd, 8639832.512, 63
Trd, 8639832.712, 114
Trd, 8639833.512, 65
Trd, 8639833.646, 64
Trd, 8639833.779, 102
Trd, 8639834.712, 62
Trd, 8639835.012, 62
Trd, 8639835.146, 63
Trd, 8639836.046, 78
Trd, 8639836.379, 65
Trd, 8639836.546, 65
Trd, 8639837.112, 72
Trd, 8639837.679, 85
Trd, 8639837.979, 110
Trd, 8639838.012, 140
Trd, 8639838.279, 84
Trd, 8639839.712, 140
Trd, 8639840.646, 140
Trd, 8639840.846, 140
Trd, 8639841.346, 140
Trd, 8639841.779, 140
Trd, 8639841.846, 139
Trd, 8639842.412, 106
Trd, 8639842.679, 84
Trd, 8639842.712, 82
Trd, 8639843.946, 140
Trd, 8639844.112, 119
Trd, 8639844.546, 100
Trd, 8639845.612, 140
Trd, 8639845.846, 140
Trd, 8639846.912, 140
Trd, 8639846.946, 84
Trd, 8639847.479, 82
Trd, 8639847.979, 84
Trd, 8639848.546, 60
Trd, 8639848.712, 60
Trd, 8639848.779, 61
Trd, 8639849.412, 60
Trd, 8639849.612, 61
Trd, 8639849.846, 60
Trd, 8639850.012, 63
Trd, 8639850.112, 65
Trd, 8639850.446, 77
Trd, 8639850.946, 60
Trd, 8639850.979, 60
Trd, 8639851.979, 63
Trd, 8639852.746, 62
Trd, 8639852.812, 65
Trd, 8639853.346, 70
Trd, 8639853.579, 70
Trd, 8639853.946, 67
Trd, 8639854.012, 66
Trd, 8639854.946, 118
Trd, 8639855.246, 99
Trd, 8639855.312, 98
Trd, 8639855.479, 97
Trd, 8639855.646, 62
Trd, 8639856.912, 79
Trd, 8639857.079, 140
Trd, 8639858.246, 61
Trd, 8639858.646, 62
Trd, 8639858.779, 140
Trd, 8639858.946, 140
Trd, 8639859.012, 138
Trd, 8639859.746, 84
Trd, 8639860.246, 85
Trd, 8639860.912, 140
Trd, 8639861.146, 140
Trd, 8639861.179, 136
Trd, 8639861.212, 118
Trd, 8639861.946, 140
Trd, 8639862.779, 140
Trd, 8639863.646, 139
Trd, 8639863.746, 138
Trd, 8639864.212, 130
Trd, 8639864.946, 140
Trd, 8639866.212, 140
Trd, 8639866.279, 140
Trd, 8639866.312, 105
Trd, 8639866.346, 98
Trd, 8639866.746, 140
Trd, 8639867.612, 60
Trd, 8639867.679, 75
Trd, 8639868.012, 140
Trd, 8639868.812, 71
Trd, 8639869.579, 61
Trd, 8639869.846, 60
Trd, 8639870.079, 60
Trd, 8639870.579, 60
Trd, 8639871.146, 60
Trd, 8639871.179, 60
Trd, 8639872.179, 60
Trd, 8639872.546, 60
Trd, 8639872.812, 61
Trd, 8639872.946, 60
Trd, 8639873.046, 62
Trd, 8639873.346, 60
Trd, 8639874.679, 60
Trd, 8639875.112, 63
Trd, 8639876.046, 63
Trd, 8639876.079, 66
Trd, 8639876.479, 67
Trd, 8639876.746, 63
Trd, 8639876.812, 61
Trd, 8639876.979, 67
Trd, 8639877.212, 72
Trd, 8639877.379, 73
Trd, 8639878.479, 66
Trd, 8639878.879, 68
Trd, 8639879.646, 61
Trd, 8639880.612, 60
Trd, 8639880.746, 62
Trd, 8639881.779, 61
Trd, 8639881.812, 62
Trd, 8639882.079, 63
Trd, 8639882.712, 62
Trd, 8639883.079, 61
Trd, 8639883.312, 65
Trd, 8639883.446, 79
Trd, 8639883.512, 105
Trd, 8639884.046, 140
Trd, 8639884.212, 68
Trd, 8639884.746, 139
Trd, 8639885.512, 127
Trd, 8639886.212, 65
Trd, 8639886.246, 63
Trd, 8639886.412, 67
Trd, 8639886.646, 68
Trd, 8639886.779, 140
Trd, 8639887.612, 140
Trd, 8639888.279, 140
Trd, 8639888.312, 77
Trd, 8639889.412, 137
Trd, 8639890.246, 113
Trd, 8639890.679, 87
Trd, 8639890.979, 79
Trd, 8639891.346, 80
Trd, 8639891.512, 86
Trd, 8639891.579, 80
Trd, 8639891.979, 88
Trd, 8639892.846, 140
Trd, 8639892.879, 140
Trd, 8639893.279, 140
Trd, 8639893.379, 140
Trd, 8639893.912, 137
Trd, 8639894.879, 67
Trd, 8639895.046, 80
Trd, 8639895.079, 81
Trd, 8639895.179, 133
Trd, 8639896.512, 109
Trd, 8639896.746, 140
Trd, 8639896.879, 139
Trd, 8639897.479, 124
Trd, 8639897.612, 114
Trd, 8639898.212, 137
Trd, 8639899.612, 136
Trd, 8639901.046, 140
Trd, 8639901.379, 140
Trd, 8639901.579, 140
Trd, 8639901.679, 140
Trd, 8639901.779, 140
Trd, 8639901.946, 136
Trd, 8639902.812, 140
Trd, 8639903.146, 137
Trd, 8639903.679, 138
Trd, 8639904.046, 136
Trd, 8639904.412, 124
Trd, 8639905.212, 140
Trd, 8639905.312, 140
Trd, 8639905.679, 125
Trd, 8639905.979, 140
Trd, 8639906.046, 140
Trd, 8639906.346, 140
Trd, 8639907.279, 125
Trd, 8639907.912, 119
Trd, 8639908.046, 140
Trd, 8639908.212, 139
Trd, 8639909.012, 89
Trd, 8639909.179, 87
Trd, 8639910.146, 93
Trd, 8639910.479, 86
Trd, 8639911.012, 110
Trd, 8639911.646, 140
Trd, 8639911.946, 138
Trd, 8639912.112, 137
Trd, 8639912.779, 140
Trd, 8639914.012, 127
Trd, 8639914.312, 128
Trd, 8639914.412, 128
Trd, 8639914.546, 127
Trd, 8639914.812, 106
Trd, 8639915.012, 88
Trd, 8639916.579, 140
Trd, 8639916.646, 139
Trd, 8639917.146, 119
Trd, 8639917.312, 124
Trd, 8639917.512, 133
Trd, 8639917.612, 60
Trd, 8639918.012, 60
Trd, 8639918.846, 60
Trd, 8639918.912, 60
Trd, 8639919.979, 127
Trd, 8639920.712, 139
Trd, 8639920.846, 126
Trd, 8639921.012, 126
Trd, 8639921.479, 120
Trd, 8639921.946, 138
Trd, 8639923.079, 64
Trd, 8639923.312, 64
Trd, 8639923.446, 65
Trd, 8639923.512, 66
Trd, 8639924.079, 67
Trd, 8639924.212, 124
Trd, 8639924.979, 114
Trd, 8639925.012, 113
Trd, 8639925.212, 71
Trd, 8639925.912, 63
Trd, 8639926.112, 69
Trd, 8639926.579, 136
Trd, 8639928.079, 139
Trd, 8639928.446, 118
Trd, 8639929.346, 116
Trd, 8639929.579, 118
Trd, 8639929.612, 120
Trd, 8639929.679, 117
Trd, 8639930.712, 131
Trd, 8639931.046, 132
Trd, 8639931.179, 114
Trd, 8639931.212, 104
Trd, 8639932.379, 94
Trd, 8639932.879, 130
Trd, 8639932.912, 86
Trd, 8639932.946, 132
Trd, 8639933.079, 83
Trd, 8639933.412, 77
Trd, 8639934.312, 140
Trd, 8639934.579, 140
Trd, 8639935.279, 88
Trd, 8639935.379, 136
Trd, 8639935.746, 97
Trd, 8639936.212, 140
Trd, 8639937.679, 140
Trd, 8639938.879, 140
Trd, 8639939.046, 140
Trd, 8639939.112, 140
Trd, 8639939.146, 140
Trd, 8639939.679, 139
Trd, 8639940.879, 140
Trd, 8639941.279, 140
Trd, 8639941.312, 136
Trd, 8639941.579, 128
Trd, 8639942.046, 124
Trd, 8639942.512, 140
Trd, 8639942.812, 139
Trd, 8639943.446, 121
Trd, 8639943.479, 120
Trd, 8639943.679, 132
Trd, 8639944.579, 61
Trd, 8639944.679, 62
Trd, 8639944.846, 63
Trd, 8639945.179, 112
Trd, 8639945.946, 101
Trd, 8639946.746, 60
Trd, 8639948.346, 60
Trd, 8639948.479, 60
Trd, 8639948.712, 62
Trd, 8639948.779, 62
Trd, 8639948.879, 63
Trd, 8639949.079, 62
Trd, 8639949.812, 64
Trd, 8639949.912, 62
Trd, 8639950.012, 75
Trd, 8639950.079, 82
Trd, 8639951.812, 140
Trd, 8639952.046, 131
Trd, 8639952.512, 108
Trd, 8639952.712, 107
Trd, 8639952.879, 84
Trd, 8639953.079, 82
Trd, 8639954.346, 101
Trd, 8639954.979, 73
Trd, 8639955.312, 72
Trd, 8639955.646, 60
Trd, 8639956.079, 60
Trd, 8639956.512, 60
Trd, 8639957.879, 65
Trd, 8639958.179, 66
Trd, 8639958.446, 65
Trd, 8639958.812, 66
Trd, 8639958.979, 67
Trd, 8639959.312, 64
Trd, 8639959.479, 70
Trd, 8639959.779, 60
Trd, 8639960.746, 68
Trd, 8639961.279, 69
Trd, 8639961.379, 112
Trd, 8639962.546, 60
Trd, 8639962.579, 60
Trd, 8639962.646, 60
Trd, 8639963.146, 61
Trd, 8639963.379, 60
Trd, 8639964.012, 87
Trd, 8639964.212, 121
Trd, 8639964.379, 60
Trd, 8639965.412, 139
Trd, 8639966.112, 130
Trd, 8639966.379, 140
Trd, 8639966.779, 128
Trd, 8639967.612, 120
Trd, 8639968.212, 128
Trd, 8639968.512, 122
Trd, 8639968.679, 122
Trd, 8639969.046, 140
Trd, 8639969.179, 121
Trd, 8639969.379, 112
Trd, 8639970.346, 138
Trd, 8639971.179, 79
Trd, 8639971.412, 79
Trd, 8639971.446, 105
Trd, 8639971.712, 82
Trd, 8639972.679, 140
Trd, 8639973.712, 140
Trd, 8639973.779, 140
Trd, 8639974.179, 140
Trd, 8639974.279, 140
Trd, 8639974.346, 139
Trd, 8639975.346, 140
Trd, 8639975.746, 139
Trd, 8639975.812, 136
Trd, 8639976.246, 87
Trd, 8639976.479, 123
Trd, 8639977.512, 138
Trd, 8639978.112, 130
Trd, 8639978.512, 109
Trd, 8639978.646, 108
Trd, 8639979.246, 108
Trd, 8639979.746, 126
Trd, 8639980.346, 140
Trd, 8639980.579, 140
Trd, 8639980.646, 140
Trd, 8639981.179, 103
Trd, 8639981.446, 140
Trd, 8639982.112, 115
Trd, 8639982.412, 102
Trd, 8639982.846, 140
Trd, 8639983.612, 124
Trd, 8639984.646, 140
Trd, 8639984.812, 111
Trd, 8639985.212, 138
Trd, 8639985.646, 132
Trd, 8639985.912, 134
Trd, 8639986.779, 62
Trd, 8639986.846, 67
Trd, 8639987.512, 82
Trd, 8639988.812, 82
Trd, 8639988.946, 61
Trd, 8639989.112, 83
Trd, 8639990.012, 62
Trd, 8639990.346, 60
Trd, 8639990.412, 62
Trd, 8639990.479, 64
Trd, 8639990.579, 68
Trd, 8639990.879, 63
Trd, 8639991.512, 78
Trd, 8639991.812, 70
Trd, 8639992.479, 97
Trd, 8639993.979, 62
Trd, 8639994.079, 70
Trd, 8639995.046, 61
Trd, 8639995.812, 65
Trd, 8639996.346, 63
Trd, 8639996.512, 60
Trd, 8639997.946, 60
Trd, 8639998.712, 60
Trd, 8639999.112, 60
Trd, 8639999.279, 61
Trd, 8639999.579, 60
