Trd, 8638776.012, 60
Trd, 8638776.279, 82
Trd, 8638776.546, 140
Trd, 8638777.579, 96
Trd, 8638777.612, 84
Trd, 8638778.246, 81
Trd, 8638778.312, 93
Trd, 8638778.479, 108
Trd, 8638778.812, 85
Trd, 8638778.912, 81
Trd, 8638779.146, 101
Trd, 8638779.546, 80
Trd, 8638780.046, 78
Trd, 8638780.479, 135
Trd, 8638780.979, 117
Trd, 8638781.412, 112
Trd, 8638781.879, 138
Trd, 8638782.679, 64
Trd, 8638783.479, 96
Trd, 8638783.612, 74
Trd, 8638783.679, 60
Trd, 8638783.779, 104
Trd, 8638784.679, 140
Trd, 8638785.179, 140
Trd, 8638785.312, 96
Trd, 8638785.512, 89
Trd, 8638786.046, 67
Trd, 8638787.546, 60
Trd, 8638787.579, 61
Trd, 8638787.879, 75
Trd, 8638788.046, 77
Trd, 8638788.979, 140
Trd, 8638789.179, 140
Trd, 8638790.246, 122
Trd, 8638790.579, 139
Trd, 8638791.179, 123
Trd, 8638791.379, 119
Trd, 8638791.479, 113
Trd, 8638792.846, 128
Trd, 8638793.279, 106
Trd, 8638793.512, 103
Trd, 8638793.779, 103
Trd, 8638793.812, 100
Trd, 8638794.546, 77
Trd, 8638795.012, 107
Trd, 8638795.979, 118
Trd, 8638796.612, 107
Trd, 8638796.646, 107
Trd, 8638796.779, 107
Trd, 8638797.479, 114
Trd, 8638797.779, 109
Trd, 8638797.912, 102
Trd, 8638798.246, 98
Trd, 8638798.946, 120
Trd, 8638799.412, 140
Trd, 8638799.812, 125
Trd, 8638800.046, 104
Trd, 8638801.179, 140
Trd, 8638801.279, 139
Trd, 8638801.512, 128
Trd, 8638802.212, 120
Trd, 8638802.479, 115
Trd, 8638802.812, 104
Trd, 8638802.879, 101
Trd, 8638803.112, 94
Trd, 8638803.312, 138
Trd, 8638804.012, 95
Trd, 8638804.179, 105
Trd, 8638804.279, 63
Trd, 8638805.112, 110
Trd, 8638805.579, 106
Trd, 8638805.979, 102
Trd, 8638806.012, 77
Trd, 8638806.246, 113
Trd, 8638807.279, 63
Trd, 8638807.979, 133
Trd, 8638808.779, 128
Trd, 8638808.846, 125
Trd, 8638809.146, 117
Trd, 8638809.246, 112
Trd, 8638809.779, 118
Trd, 8638809.846, 118
Trd, 8638809.912, 121
Trd, 8638810.612, 87
Trd, 8638811.979, 137
Trd, 8638812.112, 136
Trd, 8638812.312, 140
Trd, 8638813.479, 121
Trd, 8638813.679, 109
Trd, 8638814.312, 107
Trd, 8638814.879, 123
Trd, 8638815.379, 118
Trd, 8638815.846, 115
Trd, 8638816.079, 102
Trd, 8638816.746, 115
Trd, 8638817.046, 113
Trd, 8638817.079, 97
Trd, 8638817.346, 100
Trd, 8638818.146, 102
Trd, 8638818.612, 101
Trd, 8638818.812, 98
Trd, 8638819.479, 132
Trd, 8638819.546, 131
Trd, 8638819.712, 105
Trd, 8638819.912, 98
Trd, 8638821.412, 139
Trd, 8638821.612, 135
Trd, 8638822.079, 134
Trd, 8638822.112, 123
Trd, 8638822.346, 119
Trd, 8638822.879, 110
Trd, 8638823.346, 129
Trd, 8638823.412, 106
Trd, 8638823.746, 140
Trd, 8638824.779, 108
Trd, 8638824.946, 113
Trd, 8638825.012, 94
Trd, 8638825.312, 66
Trd, 8638825.712, 117
Trd, 8638826.179, 105
Trd, 8638826.946, 140
Trd, 8638827.446, 114
Trd, 8638828.112, 103
Trd, 8638828.312, 99
Trd, 8638829.312, 100
Trd, 8638831.046, 134
Trd, 8638831.412, 122
Trd, 8638831.512, 106
Trd, 8638831.579, 100
Trd, 8638831.646, 86
Trd, 8638832.612, 96
Trd, 8638832.712, 106
Trd, 8638832.779, 96
Trd, 8638833.279, 87
Trd, 8638833.546, 81
Trd, 8638834.412, 110
Trd, 8638834.846, 102
Trd, 8638835.512, 94
Trd, 8638836.312, 115
Trd, 8638836.979, 107
Trd, 8638837.812, 140
Trd, 8638838.046, 125
Trd, 8638838.379, 138
Trd, 8638838.446, 119
Trd, 8638838.579, 110
Trd, 8638839.146, 91
Trd, 8638839.179, 89
Trd, 8638839.279, 73
Trd, 8638840.179, 61
Trd, 8638840.412, 65
Trd, 8638842.012, 61
Trd, 8638842.512, 65
Trd, 8638843.146, 83
Trd, 8638843.212, 127
Trd, 8638844.346, 92
Trd, 8638844.579, 63
Trd, 8638844.879, 71
Trd, 8638844.912, 108
Trd, 8638845.212, 66
Trd, 8638845.679, 61
Trd, 8638847.079, 63
Trd, 8638847.646, 63
Trd, 8638847.879, 62
Trd, 8638847.912, 66
Trd, 8638847.979, 85
Trd, 8638848.246, 74
Trd, 8638848.579, 89
Trd, 8638849.446, 65
Trd, 8638850.346, 118
Trd, 8638851.179, 104
Trd, 8638851.579, 139
Trd, 8638851.612, 116
Trd, 8638851.679, 104
Trd, 8638852.012, 95
Trd, 8638853.112, 108
Trd, 8638853.646, 107
Trd, 8638854.412, 114
Trd, 8638854.479, 111
Trd, 8638854.546, 106
Trd, 8638854.579, 123
Trd, 8638855.946, 125
Trd, 8638856.146, 125
Trd, 8638856.212, 105
Trd, 8638857.179, 139
Trd, 8638857.446, 101
Trd, 8638857.646, 96
Trd, 8638857.946, 83
Trd, 8638859.246, 133
Trd, 8638859.379, 131
Trd, 8638859.946, 140
Trd, 8638860.012, 97
Trd, 8638860.212, 88
Trd, 8638861.079, 113
Trd, 8638861.112, 111
Trd, 8638861.812, 92
Trd, 8638862.079, 81
Trd, 8638862.646, 129
Trd, 8638862.946, 121
Trd, 8638862.979, 119
Trd, 8638863.512, 139
Trd, 8638863.679, 125
Trd, 8638863.879, 114
Trd, 8638865.079, 90
Trd, 8638866.046, 70
Trd, 8638866.079, 85
Trd, 8638866.412, 102
Trd, 8638866.446, 96
Trd, 8638867.879, 131
Trd, 8638868.012, 118
Trd, 8638868.079, 103
Trd, 8638868.146, 70
Trd, 8638868.746, 94
Trd, 8638869.679, 130
Trd, 8638869.979, 130
Trd, 8638870.079, 119
Trd, 8638870.312, 104
Trd, 8638870.412, 93
Trd, 8638870.879, 77
Trd, 8638871.346, 127
Trd, 8638872.246, 134
Trd, 8638873.212, 136
Trd, 8638873.512, 135
Trd, 8638873.546, 121
Trd, 8638873.979, 97
Trd, 8638874.312, 93
Trd, 8638874.646, 116
Trd, 8638874.712, 93
Trd, 8638875.846, 107
Trd, 8638876.079, 101
Trd, 8638876.479, 138
Trd, 8638876.879, 96
Trd, 8638877.179, 96
Trd, 8638878.146, 130
Trd, 8638878.379, 130
Trd, 8638878.412, 127
Trd, 8638879.246, 128
Trd, 8638879.812, 106
Trd, 8638880.346, 112
Trd, 8638880.479, 105
Trd, 8638880.979, 139
Trd, 8638881.379, 134
Trd, 8638881.412, 133
Trd, 8638882.012, 121
Trd, 8638882.579, 108
Trd, 8638882.946, 95
Trd, 8638883.379, 125
Trd, 8638883.746, 116
Trd, 8638884.379, 111
Trd, 8638884.612, 110
Trd, 8638884.979, 110
Trd, 8638886.346, 123
Trd, 8638887.779, 114
Trd, 8638887.812, 113
Trd, 8638888.146, 128
Trd, 8638888.746, 102
Trd, 8638888.779, 102
Trd, 8638888.879, 99
Trd, 8638889.279, 130
Trd, 8638889.446, 80
Trd, 8638889.479, 74
Trd, 8638889.746, 85
Trd, 8638889.879, 82
Trd, 8638890.446, 83
Trd, 8638890.679, 84
Trd, 8638892.379, 140
Trd, 8638892.512, 127
Trd, 8638892.812, 122
Trd, 8638892.912, 94
Trd, 8638892.979, 91
Trd, 8638893.079, 86
Trd, 8638893.179, 84
Trd, 8638893.579, 77
Trd, 8638893.679, 87
Trd, 8638894.612, 140
Trd, 8638894.746, 139
Trd, 8638895.379, 139
Trd, 8638895.412, 131
Trd, 8638896.412, 140
Trd, 8638896.879, 112
Trd, 8638897.546, 119
Trd, 8638897.712, 104
Trd, 8638897.846, 100
Trd, 8638898.279, 120
Trd, 8638899.146, 101
Trd, 8638899.646, 107
Trd, 8638899.712, 122
Trd, 8638900.412, 110
Trd, 8638901.079, 127
Trd, 8638901.379, 117
Trd, 8638902.712, 124
Trd, 8638902.879, 101
Trd, 8638903.179, 140
Trd, 8638904.946, 126
Trd, 8638905.012, 96
Trd, 8638905.346, 98
Trd, 8638905.512, 96
Trd, 8638905.646, 87
Trd, 8638905.912, 132
Trd, 8638906.012, 133
Trd, 8638906.279, 135
Trd, 8638907.179, 123
Trd, 8638907.379, 124
Trd, 8638908.212, 84
Trd, 8638909.579, 97
Trd, 8638909.912, 116
Trd, 8638909.979, 115
Trd, 8638910.146, 96
Trd, 8638910.512, 121
Trd, 8638910.779, 105
Trd, 8638910.879, 96
Trd, 8638911.046, 119
Trd, 8638911.379, 139
Trd, 8638911.679, 114
Trd, 8638911.779, 103
Trd, 8638912.446, 133
Trd, 8638913.579, 136
Trd, 8638913.812, 113
Trd, 8638914.046, 100
Trd, 8638914.746, 105
Trd, 8638915.246, 111
Trd, 8638915.746, 106
Trd, 8638915.779, 108
Trd, 8638917.012, 109
Trd, 8638917.479, 108
Trd, 8638917.546, 104
Trd, 8638917.679, 103
Trd, 8638917.946, 138
Trd, 8638918.312, 138
Trd, 8638919.846, 118
Trd, 8638920.112, 116
Trd, 8638920.246, 122
Trd, 8638920.312, 116
Trd, 8638920.379, 106
Trd, 8638920.479, 110
Trd, 8638921.412, 107
Trd, 8638922.079, 60
Trd, 8638922.546, 67
Trd, 8638924.179, 61
Trd, 8638924.779, 68
Trd, 8638925.646, 61
Trd, 8638925.712, 106
Trd, 8638925.879, 72
Trd, 8638926.112, 115
Trd, 8638926.146, 128
Trd, 8638926.246, 112
Trd, 8638926.312, 75
Trd, 8638926.712, 67
Trd, 8638926.746, 70
Trd, 8638927.179, 117
Trd, 8638928.312, 84
Trd, 8638929.512, 140
Trd, 8638929.746, 140
Trd, 8638929.912, 139
Trd, 8638930.079, 128
Trd, 8638930.312, 123
Trd, 8638931.846, 140
Trd, 8638932.512, 104
Trd, 8638933.146, 100
Trd, 8638933.746, 133
Trd, 8638933.812, 120
Trd, 8638933.946, 105
Trd, 8638934.312, 99
Trd, 8638934.579, 84
Trd, 8638934.979, 70
Trd, 8638935.546, 68
Trd, 8638936.212, 91
Trd, 8638936.512, 77
Trd, 8638937.212, 77
Trd, 8638937.912, 101
Trd, 8638937.979, 97
Trd, 8638938.212, 83
Trd, 8638938.846, 69
Trd, 8638939.612, 95
Trd, 8638940.146, 134
Trd, 8638940.479, 69
Trd, 8638940.579, 63
Trd, 8638941.112, 96
Trd, 8638941.246, 86
Trd, 8638941.812, 140
Trd, 8638941.912, 125
Trd, 8638942.646, 99
Trd, 8638942.712, 84
Trd, 8638943.479, 76
Trd, 8638943.546, 78
Trd, 8638944.079, 104
Trd, 8638944.312, 82
Trd, 8638944.379, 74
Trd, 8638945.046, 140
Trd, 8638945.246, 98
Trd, 8638947.546, 111
Trd, 8638947.746, 66
Trd, 8638948.079, 112
Trd, 8638948.712, 70
Trd, 8638949.146, 95
Trd, 8638949.779, 98
Trd, 8638950.946, 138
Trd, 8638951.112, 132
Trd, 8638951.212, 120
Trd, 8638951.279, 107
Trd, 8638951.746, 116
Trd, 8638951.812, 116
Trd, 8638952.812, 105
Trd, 8638952.946, 94
Trd, 8638953.179, 85
Trd, 8638953.912, 90
Trd, 8638954.779, 69
Trd, 8638955.212, 73
Trd, 8638955.246, 68
Trd, 8638955.579, 123
Trd, 8638956.346, 136
Trd, 8638957.179, 98
Trd, 8638957.379, 96
Trd, 8638957.546, 115
Trd, 8638957.779, 132
Trd, 8638959.079, 140
Trd, 8638959.212, 112
Trd, 8638959.346, 92
Trd, 8638959.646, 91
Trd, 8638960.546, 95
Trd, 8638960.679, 89
Trd, 8638960.812, 82
Trd, 8638960.979, 88
Trd, 8638961.079, 119
Trd, 8638961.746, 101
Trd, 8638962.246, 127
Trd, 8638962.546, 78
Trd, 8638963.479, 127
Trd, 8638964.512, 127
Trd, 8638964.912, 116
Trd, 8638965.246, 107
Trd, 8638965.679, 106
Trd, 8638965.879, 108
Trd, 8638966.312, 136
Trd, 8638966.646, 137
Trd, 8638966.912, 100
Trd, 8638967.046, 96
Trd, 8638968.046, 88
Trd, 8638968.246, 90
Trd, 8638968.979, 107
Trd, 8638969.079, 87
Trd, 8638969.779, 123
Trd, 8638969.846, 96
Trd, 8638970.246, 115
Trd, 8638970.312, 91
Trd, 8638971.246, 92
Trd, 8638971.479, 91
Trd, 8638972.146, 86
Trd, 8638973.512, 98
Trd, 8638974.279, 101
Trd, 8638974.579, 99
Trd, 8638974.746, 98
Trd, 8638974.912, 104
Trd, 8638975.312, 138
Trd, 8638975.379, 138
Trd, 8638975.879, 101
Trd, 8638976.079, 97
Trd, 8638976.512, 138
Trd, 8638976.846, 136
Trd, 8638977.312, 85
Trd, 8638977.412, 131
Trd, 8638977.612, 98
Trd, 8638978.012, 70
Trd, 8638978.746, 72
Trd, 8638979.446, 139
Trd, 8638979.712, 109
Trd, 8638979.979, 65
Trd, 8638980.179, 110
Trd, 8638981.079, 60
Trd, 8638981.146, 61
Trd, 8638982.312, 79
Trd, 8638982.379, 91
Trd, 8638982.512, 110
Trd, 8638982.646, 78
Trd, 8638983.879, 91
Trd, 8638984.079, 85
Trd, 8638984.512, 80
Trd, 8638984.946, 79
Trd, 8638985.046, 95
Trd, 8638985.712, 106
Trd, 8638987.446, 109
Trd, 8638987.612, 129
Trd, 8638987.679, 108
Trd, 8638988.046, 108
Trd, 8638988.079, 108
Trd, 8638988.179, 85
Trd, 8638988.379, 118
Trd, 8638988.879, 139
Trd, 8638989.812, 112
Trd, 8638990.079, 111
Trd, 8638990.746, 112
Trd, 8638991.212, 78
Trd, 8638991.646, 121
Trd, 8638991.946, 75
Trd, 8638992.979, 116
Trd, 8638993.712, 111
Trd, 8638994.146, 111
Trd, 8638994.179, 110
Trd, 8638994.279, 104
Trd, 8638994.612, 97
Trd, 8638995.579, 102
Trd, 8638995.946, 118
Trd, 8638996.646, 132
Trd, 8638996.912, 129
Trd, 8638996.946, 114
Trd, 8638997.546, 140
Trd, 8638997.679, 140
Trd, 8638998.979, 139
Trd, 8638999.079, 139
Trd, 8638999.379, 88
Trd, 8638999.579, 96
Trd, 8638999.746, 72
Trd, 8638999.979, 132
Trd, 8639000.812, 78
Trd, 8639000.879, 86
Trd, 8639001.546, 140
Trd, 8639002.179, 127
Trd, 8639002.946, 126
Trd, 8639003.646, 129
Trd, 8639003.946, 123
Trd, 8639004.312, 107
Trd, 8639004.546, 108
Trd, 8639004.979, 103
Trd, 8639005.012, 98
Trd, 8639006.079, 115
Trd, 8639006.212, 115
Trd, 8639006.346, 113
Trd, 8639006.546, 93
Trd, 8639007.012, 70
Trd, 8639008.879, 103
Trd, 8639009.612, 127
Trd, 8639010.746, 65
Trd, 8639010.779, 65
Trd, 8639011.279, 91
Trd, 8639011.412, 73
Trd, 8639011.579, 96
Trd, 8639012.146, 95
Trd, 8639012.312, 94
Trd, 8639012.712, 78
Trd, 8639013.046, 60
Trd, 8639014.346, 63
Trd, 8639014.679, 63
Trd, 8639015.479, 67
Trd, 8639016.046, 69
Trd, 8639016.712, 69
Trd, 8639017.579, 73
Trd, 8639017.746, 73
Trd, 8639018.046, 106
Trd, 8639018.546, 81
Trd, 8639019.479, 116
Trd, 8639019.646, 133
Trd, 8639019.912, 103
Trd, 8639020.079, 103
Trd, 8639020.512, 102
Trd, 8639020.579, 101
Trd, 8639021.079, 107
Trd, 8639021.412, 108
Trd, 8639022.212, 105
Trd, 8639022.846, 87
Trd, 8639023.046, 130
Trd, 8639023.579, 72
Trd, 8639024.012, 70
Trd, 8639024.379, 76
Trd, 8639024.679, 92
Trd, 8639025.246, 138
Trd, 8639026.746, 94
Trd, 8639026.946, 93
Trd, 8639027.179, 90
Trd, 8639027.512, 103
Trd, 8639027.912, 112
Trd, 8639028.246, 95
Trd, 8639028.946, 93
Trd, 8639029.379, 98
Trd, 8639029.779, 104
Trd, 8639030.246, 85
Trd, 8639030.979, 101
Trd, 8639031.179, 85
Trd, 8639031.479, 93
Trd, 8639031.912, 104
Trd, 8639033.812, 99
Trd, 8639033.879, 94
Trd, 8639034.412, 65
Trd, 8639034.979, 84
Trd, 8639035.346, 65
Trd, 8639035.579, 94
Trd, 8639035.679, 63
Trd, 8639035.846, 99
Trd, 8639036.646, 67
Trd, 8639036.912, 93
Trd, 8639037.012, 95
Trd, 8639037.879, 140
Trd, 8639038.379, 139
Trd, 8639038.612, 115
Trd, 8639039.479, 96
Trd, 8639040.079, 79
Trd, 8639040.946, 105
Trd, 8639041.279, 111
Trd, 8639041.812, 118
Trd, 8639041.912, 118
Trd, 8639041.979, 104
Trd, 8639042.112, 93
Trd, 8639042.179, 87
Trd, 8639042.946, 75
Trd, 8639043.079, 94
Trd, 8639043.446, 131
Trd, 8639044.212, 85
Trd, 8639045.546, 139
Trd, 8639045.779, 140
Trd, 8639046.179, 109
Trd, 8639046.379, 99
Trd, 8639046.412, 88
Trd, 8639046.912, 79
Trd, 8639048.046, 80
Trd, 8639048.279, 88
Trd, 8639049.679, 75
Trd, 8639049.879, 89
Trd, 8639050.046, 70
Trd, 8639050.379, 83
Trd, 8639050.879, 117
Trd, 8639051.379, 116
Trd, 8639051.912, 115
Trd, 8639052.179, 115
Trd, 8639052.312, 109
Trd, 8639052.412, 99
Trd, 8639053.312, 109
Trd, 8639053.512, 94
Trd, 8639054.012, 90
Trd, 8639054.546, 90
Trd, 8639054.946, 133
Trd, 8639056.146, 139
Trd, 8639056.579, 139
Trd, 8639056.746, 125
Trd, 8639057.512, 91
Trd, 8639057.612, 89
Trd, 8639057.712, 85
Trd, 8639058.079, 82
Trd, 8639058.379, 71
Trd, 8639058.779, 99
Trd, 8639059.212, 76
Trd, 8639059.612, 126
Trd, 8639059.846, 126
Trd, 8639061.379, 112
Trd, 8639062.679, 140
Trd, 8639062.846, 139
Trd, 8639063.512, 123
Trd, 8639064.246, 108
Trd, 8639064.746, 133
Trd, 8639064.879, 130
Trd, 8639064.912, 114
Trd, 8639065.012, 111
Trd, 8639065.279, 108
Trd, 8639066.279, 140
Trd, 8639066.812, 122
Trd, 8639068.112, 119
Trd, 8639068.479, 119
Trd, 8639069.079, 115
Trd, 8639069.146, 114
Trd, 8639069.279, 104
Trd, 8639069.479, 126
Trd, 8639070.179, 120
Trd, 8639070.912, 116
Trd, 8639071.946, 139
Trd, 8639072.312, 126
Trd, 8639072.446, 114
Trd, 8639072.879, 113
Trd, 8639072.912, 113
Trd, 8639073.479, 140
Trd, 8639074.046, 140
Trd, 8639074.112, 118
Trd, 8639074.412, 77
Trd, 8639074.446, 73
Trd, 8639075.146, 61
Trd, 8639075.812, 69
Trd, 8639076.312, 107
Trd, 8639076.846, 80
Trd, 8639078.012, 80
Trd, 8639078.046, 78
Trd, 8639078.379, 107
Trd, 8639078.979, 111
Trd, 8639079.212, 90
Trd, 8639080.946, 140
Trd, 8639081.379, 137
Trd, 8639081.479, 122
Trd, 8639081.779, 117
Trd, 8639082.246, 111
Trd, 8639082.346, 107
Trd, 8639082.846, 140
Trd, 8639083.079, 139
Trd, 8639083.279, 122
Trd, 8639084.179, 121
Trd, 8639084.512, 130
Trd, 8639085.179, 65
Trd, 8639085.546, 60
Trd, 8639085.979, 84
Trd, 8639086.279, 61
Trd, 8639086.812, 61
Trd, 8639086.946, 78
Trd, 8639087.379, 101
Trd, 8639087.779, 67
Trd, 8639088.012, 134
Trd, 8639089.312, 71
Trd, 8639089.512, 92
Trd, 8639090.079, 71
Trd, 8639090.779, 101
Trd, 8639090.812, 100
Trd, 8639091.746, 120
Trd, 8639092.079, 101
Trd, 8639092.212, 100
Trd, 8639092.279, 93
Trd, 8639092.779, 127
Trd, 8639092.912, 125
Trd, 8639093.246, 113
Trd, 8639093.646, 105
Trd, 8639093.979, 101
Trd, 8639095.012, 135
Trd, 8639095.312, 117
Trd, 8639095.579, 88
Trd, 8639095.912, 86
Trd, 8639096.046, 81
Trd, 8639097.179, 75
Trd, 8639097.479, 80
Trd, 8639097.679, 79
Trd, 8639097.946, 94
Trd, 8639098.146, 94
Trd, 8639098.479, 94
Trd, 8639098.646, 93
Trd, 8639098.879, 140
Trd, 8639099.312, 93
Trd, 8639099.879, 95
Trd, 8639100.846, 88
Trd, 8639101.712, 109
Trd, 8639101.912, 122
Trd, 8639102.712, 128
Trd, 8639102.879, 109
Trd, 8639102.979, 109
Trd, 8639103.146, 107
Trd, 8639103.579, 98
Trd, 8639103.812, 98
Trd, 8639104.479, 98
Trd, 8639105.179, 101
Trd, 8639105.312, 87
Trd, 8639106.012, 78
Trd, 8639106.246, 71
Trd, 8639106.346, 91
Trd, 8639106.879, 130
Trd, 8639107.912, 139
Trd, 8639108.546, 140
Trd, 8639108.746, 119
Trd, 8639108.912, 135
Trd, 8639109.546, 75
Trd, 8639110.112, 83
Trd, 8639111.379, 60
Trd, 8639111.679, 63
Trd, 8639111.779, 72
Trd, 8639112.312, 103
Trd, 8639112.746, 65
Trd, 8639112.979, 63
Trd, 8639113.446, 103
Trd, 8639113.946, 137
Trd, 8639114.346, 114
Trd, 8639114.446, 116
Trd, 8639115.512, 114
Trd, 8639116.212, 122
Trd, 8639116.312, 105
Trd, 8639116.446, 96
Trd, 8639116.879, 140
Trd, 8639117.279, 114
Trd, 8639117.979, 107
Trd, 8639118.046, 120
Trd, 8639118.446, 102
Trd, 8639118.812, 140
Trd, 8639119.112, 140
Trd, 8639119.312, 128
Trd, 8639119.479, 100
Trd, 8639119.779, 94
Trd, 8639120.279, 110
Trd, 8639121.212, 94
Trd, 8639121.379, 96
Trd, 8639122.012, 114
Trd, 8639122.412, 107
Trd, 8639123.112, 100
Trd, 8639123.679, 136
Trd, 8639124.912, 110
Trd, 8639125.179, 92
Trd, 8639125.212, 89
Trd, 8639125.312, 132
Trd, 8639125.512, 106
Trd, 8639125.612, 89
Trd, 8639126.346, 88
Trd, 8639127.179, 137
Trd, 8639127.479, 140
Trd, 8639127.512, 124
Trd, 8639128.046, 86
Trd, 8639128.646, 83
Trd, 8639129.446, 75
Trd, 8639129.779, 68
Trd, 8639129.979, 117
Trd, 8639130.146, 120
Trd, 8639130.646, 67
Trd, 8639131.179, 66
Trd, 8639131.312, 103
Trd, 8639131.879, 65
Trd, 8639131.979, 66
Trd, 8639132.179, 89
Trd, 8639132.912, 102
Trd, 8639133.312, 66
Trd, 8639133.612, 140
Trd, 8639136.346, 103
Trd, 8639136.379, 103
Trd, 8639136.512, 81
Trd, 8639137.579, 94
Trd, 8639138.112, 92
Trd, 8639138.812, 128
Trd, 8639139.312, 127
Trd, 8639139.379, 115
Trd, 8639139.712, 72
Trd, 8639139.979, 87
Trd, 8639140.112, 73
Trd, 8639140.812, 106
Trd, 8639140.912, 108
Trd, 8639141.179, 79
Trd, 8639141.679, 64
Trd, 8639141.879, 62
Trd, 8639142.279, 60
Trd, 8639142.446, 61
Trd, 8639142.812, 63
Trd, 8639143.446, 62
Trd, 8639143.779, 122
Trd, 8639144.646, 122
Trd, 8639145.379, 122
Trd, 8639145.812, 121
Trd, 8639146.479, 140
Trd, 8639146.579, 140
Trd, 8639146.712, 135
Trd, 8639147.246, 124
Trd, 8639148.112, 93
Trd, 8639148.746, 103
Trd, 8639148.779, 97
Trd, 8639149.212, 93
Trd, 8639149.479, 99
Trd, 8639149.679, 109
Trd, 8639150.612, 131
Trd, 8639150.946, 106
Trd, 8639151.446, 139
Trd, 8639153.179, 100
Trd, 8639153.279, 99
Trd, 8639153.412, 86
Trd, 8639153.646, 84
Trd, 8639155.046, 102
Trd, 8639155.212, 81
Trd, 8639155.479, 124
Trd, 8639155.579, 80
Trd, 8639156.479, 134
Trd, 8639156.679, 105
Trd, 8639157.412, 140
Trd, 8639157.746, 130
Trd, 8639157.812, 129
Trd, 8639158.246, 138
Trd, 8639158.546, 105
Trd, 8639159.346, 116
Trd, 8639159.812, 127
Trd, 8639160.612, 104
Trd, 8639161.146, 140
Trd, 8639161.212, 139
Trd, 8639161.579, 129
Trd, 8639161.712, 127
Trd, 8639162.212, 116
Trd, 8639163.479, 119
Trd, 8639163.646, 109
Trd, 8639164.012, 118
Trd, 8639165.479, 89
Trd, 8639166.012, 100
Trd, 8639166.079, 76
Trd, 8639166.246, 111
Trd, 8639166.312, 71
Trd, 8639167.246, 98
Trd, 8639167.679, 97
Trd, 8639168.246, 61
Trd, 8639168.346, 62
Trd, 8639169.179, 62
Trd, 8639169.479, 120
Trd, 8639169.979, 140
Trd, 8639170.279, 140
Trd, 8639170.346, 119
Trd, 8639171.046, 101
Trd, 8639171.646, 110
Trd, 8639172.279, 72
Trd, 8639172.312, 79
Trd, 8639172.446, 104
Trd, 8639173.012, 74
Trd, 8639173.579, 70
Trd, 8639173.679, 104
Trd, 8639174.112, 71
Trd, 8639175.679, 80
Trd, 8639175.979, 91
Trd, 8639176.246, 92
Trd, 8639177.012, 140
Trd, 8639177.179, 125
Trd, 8639177.379, 123
Trd, 8639177.679, 124
Trd, 8639177.946, 113
Trd, 8639178.779, 102
Trd, 8639178.812, 106
Trd, 8639179.412, 87
Trd, 8639180.746, 140
Trd, 8639181.012, 131
Trd, 8639181.246, 122
Trd, 8639181.812, 120
Trd, 8639181.879, 108
Trd, 8639181.912, 99
Trd, 8639182.479, 97
Trd, 8639182.879, 121
Trd, 8639183.712, 120
Trd, 8639183.779, 98
Trd, 8639183.846, 95
Trd, 8639184.146, 89
Trd, 8639184.879, 90
Trd, 8639185.346, 95
Trd, 8639185.546, 102
Trd, 8639185.846, 77
Trd, 8639186.212, 105
Trd, 8639186.879, 114
Trd, 8639187.179, 121
Trd, 8639187.779, 134
Trd, 8639187.879, 104
Trd, 8639188.146, 93
Trd, 8639188.612, 87
Trd, 8639189.012, 88
Trd, 8639189.379, 132
Trd, 8639190.412, 133
Trd, 8639191.312, 98
Trd, 8639191.612, 98
Trd, 8639192.379, 120
Trd, 8639192.512, 109
Trd, 8639193.412, 139
Trd, 8639194.012, 125
Trd, 8639194.779, 114
Trd, 8639195.012, 108
Trd, 8639195.812, 107
Trd, 8639196.046, 98
Trd, 8639196.146, 86
Trd, 8639196.479, 99
Trd, 8639196.512, 85
Trd, 8639197.279, 78
Trd, 8639197.679, 114
Trd, 8639198.212, 72
Trd, 8639198.946, 129
Trd, 8639199.079, 75
Trd, 8639199.579, 139
Trd, 8639200.212, 74
Trd, 8639200.512, 104
Trd, 8639200.712, 82
Trd, 8639201.779, 132
Trd, 8639202.446, 132
Trd, 8639202.846, 125
Trd, 8639203.112, 120
Trd, 8639203.446, 102
Trd, 8639203.812, 119
Trd, 8639203.879, 99
Trd, 8639204.046, 98
Trd, 8639205.279, 121
Trd, 8639205.712, 120
Trd, 8639206.146, 104
Trd, 8639206.579, 101
Trd, 8639207.079, 92
Trd, 8639207.346, 135
Trd, 8639207.612, 112
Trd, 8639208.346, 107
Trd, 8639208.412, 90
Trd, 8639208.812, 90
Trd, 8639209.312, 140
Trd, 8639210.279, 132
Trd, 8639210.779, 118
Trd, 8639211.279, 125
Trd, 8639212.012, 105
Trd, 8639212.446, 104
Trd, 8639212.979, 84
Trd, 8639213.012, 84
Trd, 8639213.546, 140
Trd, 8639213.746, 102
Trd, 8639214.312, 138
Trd, 8639214.346, 92
Trd, 8639214.379, 84
Trd, 8639214.512, 82
Trd, 8639215.179, 119
Trd, 8639215.312, 76
Trd, 8639216.312, 94
Trd, 8639216.412, 93
Trd, 8639216.546, 92
Trd, 8639217.346, 89
Trd, 8639217.612, 100
Trd, 8639217.846, 98
Trd, 8639218.712, 96
Trd, 8639219.612, 103
Trd, 8639219.712, 99
Trd, 8639219.812, 93
Trd, 8639220.379, 129
Trd, 8639221.012, 83
Trd, 8639221.512, 81
Trd, 8639221.679, 81
Trd, 8639222.779, 95
Trd, 8639223.212, 140
Trd, 8639223.479, 106
Trd, 8639223.679, 92
Trd, 8639223.912, 112
Trd, 8639223.946, 79
Trd, 8639224.046, 129
Trd, 8639224.379, 95
Trd, 8639224.579, 69
Trd, 8639225.246, 122
Trd, 8639225.912, 113
Trd, 8639226.046, 93
Trd, 8639226.246, 93
Trd, 8639226.279, 92
Trd, 8639226.379, 123
Trd, 8639228.146, 125
Trd, 8639228.312, 103
Trd, 8639228.912, 99
Trd, 8639229.179, 95
Trd, 8639229.612, 103
Trd, 8639229.679, 101
Trd, 8639229.746, 106
Trd, 8639230.212, 101
Trd, 8639230.379, 89
Trd, 8639231.312, 110
Trd, 8639231.446, 103
Trd, 8639232.479, 106
Trd, 8639232.579, 93
Trd, 8639232.812, 131
Trd, 8639232.912, 98
Trd, 8639233.712, 127
Trd, 8639233.879, 115
Trd, 8639234.546, 88
Trd, 8639234.612, 87
Trd, 8639235.279, 138
Trd, 8639235.412, 119
Trd, 8639235.446, 88
Trd, 8639236.146, 122
Trd, 8639236.479, 114
Trd, 8639236.546, 130
Trd, 8639236.912, 87
Trd, 8639238.412, 110
Trd, 8639238.812, 111
Trd, 8639238.879, 111
Trd, 8639239.112, 107
Trd, 8639239.179, 100
Trd, 8639240.879, 131
Trd, 8639241.379, 106
Trd, 8639242.212, 106
Trd, 8639242.846, 107
Trd, 8639243.146, 105
Trd, 8639243.312, 138
Trd, 8639243.946, 104
Trd, 8639244.212, 84
Trd, 8639244.579, 84
Trd, 8639245.112, 69
Trd, 8639245.512, 97
Trd, 8639246.246, 88
Trd, 8639246.746, 80
Trd, 8639246.879, 91
Trd, 8639246.912, 79
Trd, 8639247.412, 63
Trd, 8639247.812, 62
Trd, 8639247.946, 96
Trd, 8639248.346, 60
Trd, 8639248.812, 63
Trd, 8639249.546, 67
Trd, 8639250.679, 68
Trd, 8639250.712, 69
Trd, 8639250.779, 87
Trd, 8639250.846, 109
Trd, 8639251.079, 80
Trd, 8639251.979, 133
Trd, 8639252.246, 133
Trd, 8639252.412, 139
Trd, 8639252.779, 127
Trd, 8639253.012, 116
Trd, 8639253.646, 112
Trd, 8639254.079, 107
Trd, 8639254.546, 99
Trd, 8639254.646, 99
Trd, 8639254.746, 88
Trd, 8639255.212, 77
Trd, 8639256.846, 87
Trd, 8639257.246, 140
Trd, 8639257.346, 113
Trd, 8639257.812, 112
Trd, 8639258.046, 99
Trd, 8639258.312, 78
Trd, 8639259.312, 124
Trd, 8639259.946, 117
Trd, 8639260.012, 119
Trd, 8639260.312, 109
Trd, 8639260.412, 110
Trd, 8639261.712, 114
Trd, 8639261.946, 104
Trd, 8639262.379, 104
Trd, 8639262.912, 103
Trd, 8639263.312, 102
Trd, 8639263.846, 135
Trd, 8639263.912, 109
Trd, 8639264.246, 106
Trd, 8639265.112, 104
Trd, 8639265.146, 86
Trd, 8639266.879, 140
Trd, 8639266.912, 125
Trd, 8639267.379, 124
Trd, 8639267.712, 124
Trd, 8639268.046, 102
Trd, 8639268.612, 97
Trd, 8639269.046, 125
Trd, 8639269.079, 131
Trd, 8639269.412, 139
Trd, 8639269.712, 123
Trd, 8639269.879, 138
Trd, 8639271.479, 124
Trd, 8639271.779, 123
Trd, 8639272.012, 96
Trd, 8639272.546, 127
Trd, 8639273.646, 140
Trd, 8639273.712, 139
Trd, 8639273.979, 135
Trd, 8639274.146, 123
Trd, 8639274.746, 134
Trd, 8639275.279, 128
Trd, 8639275.812, 108
Trd, 8639276.112, 108
Trd, 8639277.679, 140
Trd, 8639278.079, 140
Trd, 8639278.279, 127
Trd, 8639278.446, 125
Trd, 8639278.646, 122
Trd, 8639280.212, 105
Trd, 8639280.612, 96
Trd, 8639281.179, 122
Trd, 8639281.512, 107
Trd, 8639281.746, 86
Trd, 8639282.146, 75
Trd, 8639282.346, 72
Trd, 8639283.079, 140
Trd, 8639283.446, 68
Trd, 8639283.579, 112
Trd, 8639284.579, 123
Trd, 8639286.346, 139
Trd, 8639286.812, 126
Trd, 8639286.879, 115
Trd, 8639287.646, 123
Trd, 8639287.679, 122
Trd, 8639287.746, 122
Trd, 8639288.146, 107
Trd, 8639289.012, 88
Trd, 8639289.479, 140
Trd, 8639289.712, 124
Trd, 8639290.946, 119
Trd, 8639291.279, 89
Trd, 8639291.612, 75
Trd, 8639291.679, 64
Trd, 8639292.412, 60
Trd, 8639292.646, 100
Trd, 8639293.279, 61
Trd, 8639294.479, 80
Trd, 8639294.579, 132
Trd, 8639294.679, 61
Trd, 8639295.312, 114
Trd, 8639295.379, 115
Trd, 8639295.812, 140
Trd, 8639296.612, 114
Trd, 8639296.812, 114
Trd, 8639298.046, 93
Trd, 8639298.446, 113
Trd, 8639298.712, 88
Trd, 8639299.379, 89
Trd, 8639299.712, 93
Trd, 8639300.012, 140
Trd, 8639300.246, 140
Trd, 8639300.579, 85
Trd, 8639301.246, 84
Trd, 8639301.479, 93
Trd, 8639301.646, 92
Trd, 8639302.246, 135
Trd, 8639303.012, 133
Trd, 8639304.879, 137
Trd, 8639305.146, 137
Trd, 8639305.212, 128
Trd, 8639305.779, 89
Trd, 8639305.846, 125
Trd, 8639306.046, 131
Trd, 8639306.779, 101
Trd, 8639307.112, 127
Trd, 8639307.512, 86
Trd, 8639307.746, 93
Trd, 8639307.812, 78
Trd, 8639308.479, 140
Trd, 8639309.279, 124
Trd, 8639309.746, 123
Trd, 8639311.179, 124
Trd, 8639311.212, 124
Trd, 8639311.512, 120
Trd, 8639311.646, 140
Trd, 8639312.146, 113
Trd, 8639312.279, 110
Trd, 8639312.379, 110
Trd, 8639313.046, 134
Trd, 8639313.479, 90
Trd, 8639314.779, 97
Trd, 8639315.146, 138
Trd, 8639315.912, 122
Trd, 8639317.246, 102
Trd, 8639317.412, 97
Trd, 8639317.646, 118
Trd, 8639318.679, 139
Trd, 8639319.346, 131
Trd, 8639319.912, 116
Trd, 8639320.046, 103
Trd, 8639320.312, 100
Trd, 8639320.679, 97
Trd, 8639320.712, 85
Trd, 8639321.012, 128
Trd, 8639321.912, 100
Trd, 8639322.512, 74
Trd, 8639322.579, 75
Trd, 8639323.379, 70
Trd, 8639324.179, 140
Trd, 8639324.479, 70
Trd, 8639324.579, 63
Trd, 8639324.679, 111
Trd, 8639325.112, 121
Trd, 8639325.546, 72
Trd, 8639326.279, 63
Trd, 8639326.346, 75
Trd, 8639327.312, 90
Trd, 8639328.112, 75
Trd, 8639328.679, 68
Trd, 8639328.879, 107
Trd, 8639329.712, 84
Trd, 8639329.946, 71
Trd, 8639330.612, 69
Trd, 8639330.846, 90
Trd, 8639331.012, 132
Trd, 8639331.379, 80
Trd, 8639331.712, 67
Trd, 8639332.646, 138
Trd, 8639333.546, 72
Trd, 8639333.779, 82
Trd, 8639334.046, 96
Trd, 8639334.779, 105
Trd, 8639335.212, 95
Trd, 8639335.279, 76
Trd, 8639335.479, 72
Trd, 8639336.746, 104
Trd, 8639337.046, 113
Trd, 8639337.712, 104
Trd, 8639338.246, 136
Trd, 8639338.712, 140
Trd, 8639338.979, 140
Trd, 8639339.046, 94
Trd, 8639339.612, 65
Trd, 8639339.912, 96
Trd, 8639340.812, 112
Trd, 8639341.012, 122
Trd, 8639341.912, 112
Trd, 8639342.046, 107
Trd, 8639343.612, 99
Trd, 8639344.612, 123
Trd, 8639344.679, 114
Trd, 8639344.712, 96
Trd, 8639345.079, 140
Trd, 8639345.346, 140
Trd, 8639345.946, 138
Trd, 8639346.212, 138
Trd, 8639346.412, 140
Trd, 8639346.446, 121
Trd, 8639346.546, 118
Trd, 8639347.479, 140
Trd, 8639347.779, 125
Trd, 8639347.912, 109
Trd, 8639348.179, 108
Trd, 8639348.746, 107
Trd, 8639350.546, 71
Trd, 8639351.146, 133
Trd, 8639351.246, 129
Trd, 8639351.346, 129
Trd, 8639351.946, 106
Trd, 8639352.246, 104
Trd, 8639352.346, 107
Trd, 8639352.979, 110
Trd, 8639353.812, 123
Trd, 8639353.879, 131
Trd, 8639354.146, 140
Trd, 8639354.346, 107
Trd, 8639354.412, 107
Trd, 8639355.346, 126
Trd, 8639355.546, 124
Trd, 8639356.179, 124
Trd, 8639356.679, 103
Trd, 8639356.912, 97
Trd, 8639357.246, 95
Trd, 8639357.446, 126
Trd, 8639357.612, 94
Trd, 8639357.946, 94
Trd, 8639358.546, 125
Trd, 8639358.579, 100
Trd, 8639358.979, 108
Trd, 8639359.379, 92
Trd, 8639359.979, 137
Trd, 8639360.346, 91
Trd, 8639360.679, 89
Trd, 8639361.846, 118
Trd, 8639361.912, 120
Trd, 8639362.246, 103
Trd, 8639362.579, 88
Trd, 8639362.746, 87
Trd, 8639363.479, 117
Trd, 8639363.579, 111
Trd, 8639363.846, 113
Trd, 8639363.879, 105
Trd, 8639365.346, 140
Trd, 8639366.179, 123
Trd, 8639367.079, 125
Trd, 8639367.812, 123
Trd, 8639367.946, 98
Trd, 8639368.046, 84
Trd, 8639368.646, 85
Trd, 8639368.679, 83
Trd, 8639368.712, 103
Trd, 8639370.346, 74
Trd, 8639371.012, 94
Trd, 8639371.779, 86
Trd, 8639371.979, 80
Trd, 8639372.279, 121
Trd, 8639372.546, 117
Trd, 8639372.646, 91
Trd, 8639373.712, 92
Trd, 8639373.812, 88
Trd, 8639374.146, 102
Trd, 8639375.946, 139
Trd, 8639375.979, 126
Trd, 8639376.279, 135
Trd, 8639376.312, 134
Trd, 8639376.679, 118
Trd, 8639377.346, 118
Trd, 8639377.712, 118
Trd, 8639378.779, 104
Trd, 8639379.012, 116
Trd, 8639379.746, 140
Trd, 8639379.879, 120
Trd, 8639380.946, 138
Trd, 8639381.179, 137
Trd, 8639381.712, 108
Trd, 8639382.912, 97
Trd, 8639383.912, 123
Trd, 8639384.612, 121
Trd, 8639384.846, 121
Trd, 8639385.146, 125
Trd, 8639385.446, 103
Trd, 8639385.579, 99
Trd, 8639386.046, 139
Trd, 8639386.246, 130
Trd, 8639386.412, 111
Trd, 8639386.446, 85
Trd, 8639387.012, 109
Trd, 8639387.312, 104
Trd, 8639388.179, 97
Trd, 8639388.779, 68
Trd, 8639389.012, 84
Trd, 8639390.312, 71
Trd, 8639390.412, 77
Trd, 8639390.479, 69
Trd, 8639390.679, 79
Trd, 8639391.112, 100
Trd, 8639391.446, 89
Trd, 8639392.146, 128
Trd, 8639392.179, 118
Trd, 8639392.879, 133
Trd, 8639393.612, 67
Trd, 8639393.879, 109
Trd, 8639394.412, 63
Trd, 8639395.146, 85
Trd, 8639395.579, 130
Trd, 8639395.846, 83
Trd, 8639396.679, 117
Trd, 8639397.346, 113
Trd, 8639397.546, 107
Trd, 8639397.879, 97
Trd, 8639398.746, 138
Trd, 8639399.079, 138
Trd, 8639399.112, 93
Trd, 8639399.312, 81
Trd, 8639399.846, 82
Trd, 8639400.479, 78
Trd, 8639400.579, 86
Trd, 8639401.179, 90
Trd, 8639402.079, 112
Trd, 8639402.179, 91
Trd, 8639402.212, 91
Trd, 8639402.346, 81
Trd, 8639403.346, 95
Trd, 8639403.612, 95
Trd, 8639403.879, 130
Trd, 8639404.246, 100
Trd, 8639404.546, 91
Trd, 8639405.412, 94
Trd, 8639405.579, 94
Trd, 8639405.746, 99
Trd, 8639406.312, 82
Trd, 8639406.412, 117
Trd, 8639406.812, 133
Trd, 8639407.746, 60
Trd, 8639408.346, 127
Trd, 8639408.479, 106
Trd, 8639408.646, 105
Trd, 8639408.879, 97
Trd, 8639409.412, 110
Trd, 8639410.312, 99
Trd, 8639410.512, 91
Trd, 8639410.746, 89
Trd, 8639410.912, 138
Trd, 8639411.746, 66
Trd, 8639411.946, 68
Trd, 8639412.079, 63
Trd, 8639413.246, 131
Trd, 8639414.379, 140
Trd, 8639415.046, 140
Trd, 8639415.179, 139
Trd, 8639415.546, 125
Trd, 8639415.612, 122
Trd, 8639415.812, 110
Trd, 8639415.946, 99
Trd, 8639416.079, 94
Trd, 8639416.646, 76
Trd, 8639416.812, 114
Trd, 8639417.179, 104
Trd, 8639418.179, 124
Trd, 8639418.246, 121
Trd, 8639418.746, 111
Trd, 8639419.646, 107
Trd, 8639419.746, 106
Trd, 8639419.912, 94
Trd, 8639420.546, 124
Trd, 8639421.212, 92
Trd, 8639421.679, 137
Trd, 8639422.346, 77
Trd, 8639422.746, 105
Trd, 8639422.779, 79
Trd, 8639422.812, 70
Trd, 8639424.112, 102
Trd, 8639424.312, 99
Trd, 8639424.646, 66
Trd, 8639425.946, 60
Trd, 8639426.246, 64
Trd, 8639426.679, 65
Trd, 8639426.946, 67
Trd, 8639427.046, 86
Trd, 8639427.712, 65
Trd, 8639428.146, 74
Trd, 8639428.379, 62
Trd, 8639428.746, 61
Trd, 8639430.512, 98
Trd, 8639430.746, 80
Trd, 8639430.779, 80
Trd, 8639431.012, 75
Trd, 8639432.012, 62
Trd, 8639432.279, 68
Trd, 8639432.679, 71
Trd, 8639433.079, 62
Trd, 8639433.146, 90
Trd, 8639433.212, 113
Trd, 8639433.812, 94
Trd, 8639434.279, 104
Trd, 8639434.512, 97
Trd, 8639434.946, 87
Trd, 8639436.779, 103
Trd, 8639436.879, 94
Trd, 8639437.412, 91
Trd, 8639437.879, 99
Trd, 8639437.979, 84
Trd, 8639438.379, 88
Trd, 8639438.579, 79
Trd, 8639439.246, 120
Trd, 8639439.779, 128
Trd, 8639440.512, 111
Trd, 8639440.679, 110
Trd, 8639440.879, 110
Trd, 8639441.646, 107
Trd, 8639441.846, 86
Trd, 8639442.079, 130
Trd, 8639442.512, 131
Trd, 8639442.879, 95
Trd, 8639443.479, 86
Trd, 8639443.846, 115
Trd, 8639443.879, 101
Trd, 8639444.446, 108
Trd, 8639444.479, 75
Trd, 8639444.779, 97
Trd, 8639445.446, 140
Trd, 8639446.446, 123
Trd, 8639447.012, 114
Trd, 8639447.046, 112
Trd, 8639447.179, 104
Trd, 8639447.846, 123
Trd, 8639447.979, 123
Trd, 8639448.246, 122
Trd, 8639449.212, 121
Trd, 8639450.079, 140
Trd, 8639450.312, 80
Trd, 8639452.112, 84
Trd, 8639452.246, 77
Trd, 8639453.246, 123
Trd, 8639453.446, 100
Trd, 8639454.146, 127
Trd, 8639454.446, 120
Trd, 8639454.579, 116
Trd, 8639455.212, 133
Trd, 8639455.279, 112
Trd, 8639455.446, 99
Trd, 8639455.779, 138
Trd, 8639455.946, 98
Trd, 8639456.879, 104
Trd, 8639456.979, 104
Trd, 8639457.779, 124
Trd, 8639458.279, 76
Trd, 8639458.346, 76
Trd, 8639458.712, 70
Trd, 8639458.846, 89
Trd, 8639460.279, 140
Trd, 8639460.646, 140
Trd, 8639460.779, 124
Trd, 8639461.012, 112
Trd, 8639461.846, 111
Trd, 8639462.346, 100
Trd, 8639462.512, 102
Trd, 8639462.712, 137
Trd, 8639462.846, 112
Trd, 8639463.746, 100
Trd, 8639463.912, 95
Trd, 8639464.379, 71
Trd, 8639464.479, 104
Trd, 8639465.646, 98
Trd, 8639465.912, 84
Trd, 8639466.179, 89
Trd, 8639466.346, 106
Trd, 8639467.579, 103
Trd, 8639467.679, 83
Trd, 8639467.846, 81
Trd, 8639468.079, 94
Trd, 8639468.479, 74
Trd, 8639469.046, 139
Trd, 8639469.646, 135
Trd, 8639469.812, 103
Trd, 8639470.212, 106
Trd, 8639470.912, 95
Trd, 8639471.279, 94
Trd, 8639471.579, 93
Trd, 8639472.379, 106
Trd, 8639473.646, 139
Trd, 8639473.679, 98
Trd, 8639473.712, 88
Trd, 8639474.412, 84
Trd, 8639474.679, 83
Trd, 8639475.179, 99
Trd, 8639475.212, 84
Trd, 8639475.246, 81
Trd, 8639476.146, 61
Trd, 8639476.979, 118
Trd, 8639477.379, 60
Trd, 8639478.446, 131
Trd, 8639478.779, 130
Trd, 8639478.879, 121
Trd, 8639478.979, 108
Trd, 8639479.379, 100
Trd, 8639479.446, 94
Trd, 8639479.946, 117
Trd, 8639480.346, 124
Trd, 8639480.479, 124
Trd, 8639480.512, 111
Trd, 8639481.246, 93
Trd, 8639482.212, 114
Trd, 8639482.279, 106
Trd, 8639482.879, 133
Trd, 8639483.346, 140
Trd, 8639483.479, 89
Trd, 8639483.546, 66
Trd, 8639484.112, 83
Trd, 8639485.479, 118
Trd, 8639486.612, 138
Trd, 8639486.879, 114
Trd, 8639486.912, 107
Trd, 8639487.312, 85
Trd, 8639487.679, 85
Trd, 8639488.279, 133
Trd, 8639489.246, 102
Trd, 8639490.012, 121
Trd, 8639490.246, 93
Trd, 8639490.346, 82
Trd, 8639490.546, 64
Trd, 8639491.712, 134
Trd, 8639492.079, 117
Trd, 8639493.146, 100
Trd, 8639493.646, 120
Trd, 8639493.946, 106
Trd, 8639494.412, 129
Trd, 8639494.746, 104
Trd, 8639495.446, 107
Trd, 8639496.112, 88
Trd, 8639496.379, 63
Trd, 8639496.612, 67
Trd, 8639497.179, 65
Trd, 8639497.612, 61
Trd, 8639498.579, 75
Trd, 8639499.679, 60
Trd, 8639499.712, 62
Trd, 8639500.112, 91
Trd, 8639500.346, 84
Trd, 8639500.479, 83
Trd, 8639501.079, 62
Trd, 8639502.012, 77
Trd, 8639502.512, 77
Trd, 8639502.646, 78
Trd, 8639502.679, 79
Trd, 8639503.012, 129
Trd, 8639503.146, 109
Trd, 8639503.746, 111
Trd, 8639504.246, 116
Trd, 8639504.579, 81
Trd, 8639504.946, 101
Trd, 8639505.179, 140
Trd, 8639506.079, 91
Trd, 8639506.512, 103
Trd, 8639506.579, 83
Trd, 8639507.312, 74
Trd, 8639507.646, 136
Trd, 8639508.646, 74
Trd, 8639508.846, 85
Trd, 8639509.346, 72
Trd, 8639509.512, 113
Trd, 8639510.212, 110
Trd, 8639510.979, 87
Trd, 8639511.579, 87
Trd, 8639511.612, 87
Trd, 8639512.512, 137
Trd, 8639512.846, 129
Trd, 8639512.879, 119
Trd, 8639512.946, 103
Trd, 8639513.846, 102
Trd, 8639514.212, 102
Trd, 8639514.279, 80
Trd, 8639514.346, 69
Trd, 8639515.012, 128
Trd, 8639516.312, 88
Trd, 8639516.379, 76
Trd, 8639516.712, 67
Trd, 8639517.479, 66
Trd, 8639517.846, 86
Trd, 8639518.146, 81
Trd, 8639518.679, 75
Trd, 8639519.112, 73
Trd, 8639519.212, 71
Trd, 8639519.379, 74
Trd, 8639519.646, 66
Trd, 8639520.312, 67
Trd, 8639520.379, 63
Trd, 8639520.579, 68
Trd, 8639520.912, 137
Trd, 8639521.312, 75
Trd, 8639522.246, 63
Trd, 8639523.046, 86
Trd, 8639523.379, 78
Trd, 8639524.279, 138
Trd, 8639524.379, 134
Trd, 8639524.512, 93
Trd, 8639524.546, 76
Trd, 8639525.412, 121
Trd, 8639526.546, 100
Trd, 8639527.079, 103
Trd, 8639527.679, 97
Trd, 8639527.779, 94
Trd, 8639527.979, 90
Trd, 8639528.146, 130
Trd, 8639528.312, 89
Trd, 8639528.346, 78
Trd, 8639528.812, 64
Trd, 8639529.746, 105
Trd, 8639529.979, 105
Trd, 8639530.146, 112
Trd, 8639530.346, 114
Trd, 8639531.312, 124
Trd, 8639531.612, 117
Trd, 8639532.379, 108
Trd, 8639532.579, 128
Trd, 8639532.879, 108
Trd, 8639533.146, 81
Trd, 8639533.612, 95
Trd, 8639533.846, 99
Trd, 8639534.912, 118
Trd, 8639535.046, 130
Trd, 8639536.579, 140
Trd, 8639537.312, 140
Trd, 8639537.546, 113
Trd, 8639537.979, 103
Trd, 8639538.079, 101
Trd, 8639538.846, 122
Trd, 8639538.946, 112
Trd, 8639539.412, 134
Trd, 8639539.546, 104
Trd, 8639540.146, 140
Trd, 8639540.879, 138
Trd, 8639541.312, 124
Trd, 8639541.446, 108
Trd, 8639541.512, 103
Trd, 8639542.079, 110
Trd, 8639543.112, 94
Trd, 8639543.312, 107
Trd, 8639543.579, 93
Trd, 8639543.746, 89
Trd, 8639544.179, 79
Trd, 8639544.912, 75
Trd, 8639544.979, 94
Trd, 8639545.446, 71
Trd, 8639545.712, 82
Trd, 8639546.712, 137
Trd, 8639546.812, 123
Trd, 8639547.612, 64
Trd, 8639547.946, 65
Trd, 8639548.146, 66
Trd, 8639549.679, 65
Trd, 8639550.179, 75
Trd, 8639551.346, 119
Trd, 8639551.746, 140
Trd, 8639551.846, 108
Trd, 8639551.946, 118
Trd, 8639551.979, 99
Trd, 8639553.146, 102
Trd, 8639553.446, 100
Trd, 8639554.446, 139
Trd, 8639555.479, 134
Trd, 8639555.579, 131
Trd, 8639555.612, 124
Trd, 8639555.646, 110
Trd, 8639555.746, 107
Trd, 8639557.012, 101
Trd, 8639557.179, 74
Trd, 8639558.379, 69
Trd, 8639558.612, 79
Trd, 8639559.112, 67
Trd, 8639560.212, 62
Trd, 8639560.479, 85
Trd, 8639560.912, 139
Trd, 8639561.212, 82
Trd, 8639561.279, 61
Trd, 8639561.646, 101
Trd, 8639561.879, 88
Trd, 8639562.346, 86
Trd, 8639562.712, 100
Trd, 8639562.979, 94
Trd, 8639563.146, 94
Trd, 8639563.612, 115
Trd, 8639563.846, 114
Trd, 8639564.246, 105
Trd, 8639565.679, 139
Trd, 8639566.746, 126
Trd, 8639566.812, 111
Trd, 8639566.979, 104
Trd, 8639567.346, 94
Trd, 8639568.346, 140
Trd, 8639568.946, 125
Trd, 8639568.979, 124
Trd, 8639569.079, 132
Trd, 8639569.512, 117
Trd, 8639569.846, 94
Trd, 8639570.379, 109
Trd, 8639570.779, 106
Trd, 8639571.279, 88
Trd, 8639571.312, 81
Trd, 8639571.812, 139
Trd, 8639572.712, 136
Trd, 8639573.412, 130
Trd, 8639573.612, 128
Trd, 8639574.379, 124
Trd, 8639574.946, 116
Trd, 8639575.046, 114
Trd, 8639575.246, 104
Trd, 8639576.046, 125
Trd, 8639576.446, 131
Trd, 8639576.912, 110
Trd, 8639577.112, 105
Trd, 8639577.679, 92
Trd, 8639578.212, 92
Trd, 8639578.579, 139
Trd, 8639578.846, 91
Trd, 8639578.979, 82
Trd, 8639579.212, 98
Trd, 8639579.346, 136
Trd, 8639579.612, 102
Trd, 8639579.812, 83
Trd, 8639580.079, 110
Trd, 8639581.112, 82
Trd, 8639581.412, 76
Trd, 8639581.446, 91
Trd, 8639581.479, 73
Trd, 8639582.346, 135
Trd, 8639583.346, 129
Trd, 8639583.679, 109
Trd, 8639584.212, 108
Trd, 8639584.612, 133
Trd, 8639584.679, 102
Trd, 8639585.046, 102
Trd, 8639585.512, 97
Trd, 8639585.846, 98
Trd, 8639585.946, 97
Trd, 8639586.579, 109
Trd, 8639587.946, 61
Trd, 8639588.046, 64
Trd, 8639588.079, 64
Trd, 8639588.112, 88
Trd, 8639588.312, 62
Trd, 8639588.912, 117
Trd, 8639589.046, 116
Trd, 8639589.346, 116
Trd, 8639591.112, 140
Trd, 8639591.446, 139
Trd, 8639592.079, 138
Trd, 8639592.412, 119
Trd, 8639592.512, 108
Trd, 8639592.679, 110
Trd, 8639593.879, 112
Trd, 8639594.146, 108
Trd, 8639594.546, 107
Trd, 8639594.579, 107
Trd, 8639594.679, 97
Trd, 8639596.112, 127
Trd, 8639596.146, 127
Trd, 8639596.379, 118
Trd, 8639596.679, 139
Trd, 8639596.746, 107
Trd, 8639596.779, 98
Trd, 8639597.379, 97
Trd, 8639598.146, 75
Trd, 8639598.312, 66
Trd, 8639599.546, 109
Trd, 8639600.179, 138
Trd, 8639600.379, 103
Trd, 8639600.979, 134
Trd, 8639601.012, 103
Trd, 8639601.612, 128
Trd, 8639602.712, 133
Trd, 8639602.946, 112
Trd, 8639603.312, 100
Trd, 8639603.779, 96
Trd, 8639604.079, 91
Trd, 8639604.146, 85
Trd, 8639604.179, 78
Trd, 8639604.612, 73
Trd, 8639604.712, 90
Trd, 8639606.212, 110
Trd, 8639606.612, 95
Trd, 8639606.946, 90
Trd, 8639607.812, 128
Trd, 8639608.479, 139
Trd, 8639609.146, 140
Trd, 8639609.612, 125
Trd, 8639609.812, 128
Trd, 8639609.912, 110
Trd, 8639610.279, 108
Trd, 8639610.346, 106
Trd, 8639611.112, 139
Trd, 8639611.379, 129
Trd, 8639611.979, 129
Trd, 8639612.179, 128
Trd, 8639612.346, 115
Trd, 8639612.812, 101
Trd, 8639614.179, 110
Trd, 8639615.012, 137
Trd, 8639615.046, 136
Trd, 8639615.612, 139
Trd, 8639615.712, 117
Trd, 8639617.046, 140
Trd, 8639617.646, 140
Trd, 8639618.912, 107
Trd, 8639619.112, 98
Trd, 8639619.146, 113
Trd, 8639619.612, 124
Trd, 8639619.946, 119
Trd, 8639620.312, 98
Trd, 8639620.912, 87
Trd, 8639620.946, 86
Trd, 8639623.146, 140
Trd, 8639623.312, 140
Trd, 8639623.612, 135
Trd, 8639623.679, 111
Trd, 8639624.112, 98
Trd, 8639624.246, 139
Trd, 8639624.446, 98
Trd, 8639625.112, 98
Trd, 8639626.112, 117
Trd, 8639626.412, 103
Trd, 8639627.012, 72
Trd, 8639627.446, 92
Trd, 8639628.346, 101
Trd, 8639628.546, 85
Trd, 8639629.312, 133
Trd, 8639629.512, 111
Trd, 8639629.846, 140
Trd, 8639629.946, 110
Trd, 8639630.179, 102
Trd, 8639630.246, 88
Trd, 8639630.879, 63
Trd, 8639631.279, 60
Trd, 8639631.312, 66
Trd, 8639632.012, 82
Trd, 8639632.146, 75
Trd, 8639632.912, 97
Trd, 8639633.179, 77
Trd, 8639634.246, 61
Trd, 8639634.346, 68
Trd, 8639634.846, 73
Trd, 8639635.379, 120
Trd, 8639636.479, 114
Trd, 8639637.012, 113
Trd, 8639637.412, 113
Trd, 8639637.479, 127
Trd, 8639637.812, 106
Trd, 8639638.046, 127
Trd, 8639638.312, 91
Trd, 8639639.012, 79
Trd, 8639639.279, 68
Trd, 8639640.212, 69
Trd, 8639641.279, 76
Trd, 8639641.346, 76
Trd, 8639641.612, 67
Trd, 8639642.012, 65
Trd, 8639642.212, 100
Trd, 8639642.412, 63
Trd, 8639642.612, 109
Trd, 8639643.012, 68
Trd, 8639643.612, 94
Trd, 8639643.812, 127
Trd, 8639643.846, 106
Trd, 8639644.412, 102
Trd, 8639644.779, 91
Trd, 8639645.646, 72
Trd, 8639646.079, 72
Trd, 8639646.112, 96
Trd, 8639646.479, 71
Trd, 8639646.946, 104
Trd, 8639647.179, 83
Trd, 8639647.846, 83
Trd, 8639648.112, 124
Trd, 8639648.379, 104
Trd, 8639649.779, 122
Trd, 8639649.846, 122
Trd, 8639650.079, 92
Trd, 8639650.446, 138
Trd, 8639650.746, 80
Trd, 8639650.812, 75
Trd, 8639651.279, 101
Trd, 8639652.246, 140
Trd, 8639652.946, 107
Trd, 8639653.679, 92
Trd, 8639653.779, 90
Trd, 8639653.846, 88
Trd, 8639654.079, 84
Trd, 8639654.679, 139
Trd, 8639654.812, 139
Trd, 8639654.946, 98
Trd, 8639655.046, 78
Trd, 8639655.612, 69
Trd, 8639656.546, 113
Trd, 8639656.612, 91
Trd, 8639657.312, 125
Trd, 8639659.079, 130
Trd, 8639659.179, 129
Trd, 8639660.146, 110
Trd, 8639660.312, 104
Trd, 8639660.512, 128
Trd, 8639661.779, 140
Trd, 8639662.012, 119
Trd, 8639662.346, 115
Trd, 8639662.646, 100
Trd, 8639662.712, 92
Trd, 8639662.779, 90
Trd, 8639662.912, 68
Trd, 8639664.446, 139
Trd, 8639664.679, 124
Trd, 8639664.712, 116
Trd, 8639664.812, 115
Trd, 8639665.346, 81
Trd, 8639665.446, 60
Trd, 8639665.779, 94
Trd, 8639665.879, 102
Trd, 8639666.246, 77
Trd, 8639667.079, 110
Trd, 8639667.379, 75
Trd, 8639667.512, 93
Trd, 8639668.012, 87
Trd, 8639668.179, 73
Trd, 8639669.146, 109
Trd, 8639669.246, 100
Trd, 8639669.512, 63
Trd, 8639669.846, 74
Trd, 8639670.446, 60
Trd, 8639670.912, 94
Trd, 8639671.779, 87
Trd, 8639671.879, 77
Trd, 8639672.246, 75
Trd, 8639672.646, 94
Trd, 8639672.779, 62
Trd, 8639673.612, 65
Trd, 8639674.079, 64
Trd, 8639674.246, 81
Trd, 8639674.512, 98
Trd, 8639675.012, 84
Trd, 8639675.279, 71
Trd, 8639675.646, 77
Trd, 8639675.712, 89
Trd, 8639676.612, 89
Trd, 8639676.746, 79
Trd, 8639676.846, 74
Trd, 8639677.712, 68
Trd, 8639678.312, 70
Trd, 8639678.779, 65
Trd, 8639679.079, 88
Trd, 8639679.479, 83
Trd, 8639680.746, 118
Trd, 8639680.979, 117
Trd, 8639681.146, 114
Trd, 8639681.246, 100
Trd, 8639681.546, 102
Trd, 8639681.646, 90
Trd, 8639682.079, 140
Trd, 8639682.879, 115
Trd, 8639683.112, 117
Trd, 8639683.879, 115
Trd, 8639684.479, 119
Trd, 8639684.779, 97
Trd, 8639685.079, 96
Trd, 8639685.312, 105
Trd, 8639686.012, 91
Trd, 8639686.212, 81
Trd, 8639686.679, 61
Trd, 8639687.746, 119
Trd, 8639687.912, 119
Trd, 8639688.446, 110
Trd, 8639688.912, 108
Trd, 8639689.179, 118
Trd, 8639689.246, 114
Trd, 8639690.379, 117
Trd, 8639690.612, 132
Trd, 8639691.246, 106
Trd, 8639691.546, 102
Trd, 8639691.812, 90
Trd, 8639692.046, 120
Trd, 8639692.312, 79
Trd, 8639692.479, 83
Trd, 8639692.912, 78
Trd, 8639693.579, 123
Trd, 8639693.746, 122
Trd, 8639693.946, 80
Trd, 8639694.746, 121
Trd, 8639695.712, 137
Trd, 8639696.146, 124
Trd, 8639696.346, 124
Trd, 8639696.712, 135
Trd, 8639697.046, 140
Trd, 8639697.779, 117
Trd, 8639697.946, 111
Trd, 8639698.279, 108
Trd, 8639698.379, 94
Trd, 8639698.979, 63
Trd, 8639699.146, 72
Trd, 8639699.579, 60
Trd, 8639700.879, 127
Trd, 8639700.979, 103
Trd, 8639701.079, 131
Trd, 8639701.179, 100
Trd, 8639701.679, 92
Trd, 8639701.846, 92
Trd, 8639702.312, 89
Trd, 8639703.012, 104
Trd, 8639703.412, 99
Trd, 8639704.179, 123
Trd, 8639704.779, 140
Trd, 8639704.912, 122
Trd, 8639705.112, 113
Trd, 8639705.546, 91
Trd, 8639706.412, 86
Trd, 8639706.479, 85
Trd, 8639706.879, 130
Trd, 8639707.346, 106
Trd, 8639707.579, 85
Trd, 8639708.179, 105
Trd, 8639709.012, 115
Trd, 8639709.146, 125
Trd, 8639709.846, 110
Trd, 8639710.779, 98
Trd, 8639710.879, 94
Trd, 8639710.979, 93
Trd, 8639711.646, 97
Trd, 8639712.479, 108
Trd, 8639712.546, 88
Trd, 8639712.779, 115
Trd, 8639713.079, 85
Trd, 8639713.612, 96
Trd, 8639714.079, 123
Trd, 8639714.146, 87
Trd, 8639715.079, 134
Trd, 8639715.412, 121
Trd, 8639716.012, 113
Trd, 8639716.546, 109
Trd, 8639716.812, 107
Trd, 8639717.946, 113
Trd, 8639718.146, 113
Trd, 8639718.279, 108
Trd, 8639718.646, 139
Trd, 8639718.946, 140
Trd, 8639719.279, 125
Trd, 8639719.446, 122
Trd, 8639719.579, 92
Trd, 8639720.446, 90
Trd, 8639721.046, 130
Trd, 8639721.446, 115
Trd, 8639722.112, 105
Trd, 8639722.246, 96
Trd, 8639723.546, 114
Trd, 8639723.612, 102
Trd, 8639724.246, 109
Trd, 8639724.679, 108
Trd, 8639725.412, 106
Trd, 8639726.179, 139
Trd, 8639726.579, 119
Trd, 8639726.679, 113
Trd, 8639726.712, 98
Trd, 8639728.212, 109
Trd, 8639728.546, 77
Trd, 8639729.079, 87
Trd, 8639729.512, 98
Trd, 8639729.879, 113
Trd, 8639730.446, 81
Trd, 8639730.946, 106
Trd, 8639731.579, 131
Trd, 8639731.946, 107
Trd, 8639732.679, 100
Trd, 8639732.712, 99
Trd, 8639733.212, 134
Trd, 8639733.312, 94
Trd, 8639733.979, 88
Trd, 8639735.046, 112
Trd, 8639735.079, 99
Trd, 8639735.279, 97
Trd, 8639735.912, 82
Trd, 8639736.012, 139
Trd, 8639736.546, 83
Trd, 8639737.046, 93
Trd, 8639737.479, 93
Trd, 8639738.146, 68
Trd, 8639739.512, 62
Trd, 8639739.946, 70
Trd, 8639740.579, 93
Trd, 8639740.746, 89
Trd, 8639741.712, 91
Trd, 8639741.912, 89
Trd, 8639742.046, 84
Trd, 8639742.412, 106
Trd, 8639743.179, 138
Trd, 8639743.312, 95
Trd, 8639743.579, 133
Trd, 8639744.379, 81
Trd, 8639744.446, 92
Trd, 8639744.612, 77
Trd, 8639744.646, 73
Trd, 8639745.346, 88
Trd, 8639745.979, 68
Trd, 8639746.146, 93
Trd, 8639747.479, 65
Trd, 8639748.079, 87
Trd, 8639748.546, 75
Trd, 8639748.679, 73
Trd, 8639748.846, 98
Trd, 8639750.112, 112
Trd, 8639750.146, 90
Trd, 8639750.812, 130
Trd, 8639751.112, 111
Trd, 8639751.412, 139
Trd, 8639751.746, 99
Trd, 8639751.912, 99
Trd, 8639752.546, 101
Trd, 8639752.612, 92
Trd, 8639753.512, 120
Trd, 8639754.846, 62
Trd, 8639755.312, 60
Trd, 8639755.379, 64
Trd, 8639755.512, 65
Trd, 8639755.946, 75
Trd, 8639756.479, 81
Trd, 8639757.946, 61
Trd, 8639758.079, 104
Trd, 8639758.346, 91
Trd, 8639759.046, 62
Trd, 8639759.079, 67
Trd, 8639759.612, 60
Trd, 8639759.746, 62
Trd, 8639760.279, 63
Trd, 8639760.546, 66
Trd, 8639761.046, 111
Trd, 8639761.612, 133
Trd, 8639761.912, 133
Trd, 8639762.612, 138
Trd, 8639763.612, 122
Trd, 8639764.779, 95
Trd, 8639765.179, 85
Trd, 8639765.279, 79
Trd, 8639765.379, 114
Trd, 8639766.212, 134
Trd, 8639766.346, 134
Trd, 8639766.679, 120
Trd, 8639766.879, 101
Trd, 8639766.979, 81
Trd, 8639767.712, 118
Trd, 8639767.946, 133
Trd, 8639768.046, 93
Trd, 8639768.946, 138
Trd, 8639769.546, 98
Trd, 8639770.446, 104
Trd, 8639770.812, 72
Trd, 8639771.146, 101
Trd, 8639771.446, 75
Trd, 8639771.979, 86
Trd, 8639772.279, 77
Trd, 8639772.479, 77
Trd, 8639772.846, 69
Trd, 8639773.346, 128
Trd, 8639773.746, 133
Trd, 8639773.879, 69
Trd, 8639774.512, 100
Trd, 8639775.946, 115
Trd, 8639776.146, 87
Trd, 8639776.179, 86
Trd, 8639776.779, 93
Trd, 8639776.912, 100
Trd, 8639777.912, 70
Trd, 8639778.479, 64
Trd, 8639778.612, 71
Trd, 8639778.712, 72
Trd, 8639780.246, 64
Trd, 8639780.279, 67
Trd, 8639781.279, 62
Trd, 8639781.579, 60
Trd, 8639781.679, 107
Trd, 8639782.079, 89
Trd, 8639782.479, 91
Trd, 8639782.579, 95
Trd, 8639782.679, 88
Trd, 8639782.712, 83
Trd, 8639784.812, 140
Trd, 8639785.046, 140
Trd, 8639785.679, 140
Trd, 8639785.879, 139
Trd, 8639785.979, 126
Trd, 8639786.046, 125
Trd, 8639786.146, 118
Trd, 8639786.379, 114
Trd, 8639786.879, 109
Trd, 8639787.412, 96
Trd, 8639788.079, 104
Trd, 8639788.112, 76
Trd, 8639789.579, 140
Trd, 8639790.046, 114
Trd, 8639790.246, 104
Trd, 8639790.679, 133
Trd, 8639790.946, 80
Trd, 8639791.212, 86
Trd, 8639791.946, 96
Trd, 8639792.346, 108
Trd, 8639792.612, 138
Trd, 8639792.646, 138
Trd, 8639792.679, 123
Trd, 8639792.746, 97
Trd, 8639793.746, 91
Trd, 8639793.779, 79
Trd, 8639794.012, 70
Trd, 8639795.146, 69
Trd, 8639795.512, 116
Trd, 8639796.379, 72
Trd, 8639796.546, 69
Trd, 8639797.612, 67
Trd, 8639797.712, 79
Trd, 8639797.946, 87
Trd, 8639798.012, 82
Trd, 8639798.312, 103
Trd, 8639799.246, 105
Trd, 8639799.412, 101
Trd, 8639799.512, 75
Trd, 8639800.212, 81
Trd, 8639800.246, 70
Trd, 8639800.679, 62
Trd, 8639800.712, 63
Trd, 8639801.579, 63
Trd, 8639802.212, 74
Trd, 8639803.546, 71
Trd, 8639804.412, 78
Trd, 8639804.546, 68
Trd, 8639804.746, 111
Trd, 8639804.879, 123
Trd, 8639806.146, 135
Trd, 8639806.479, 133
Trd, 8639806.612, 127
Trd, 8639806.746, 117
Trd, 8639807.512, 140
Trd, 8639807.712, 134
Trd, 8639808.246, 125
Trd, 8639808.846, 112
Trd, 8639808.879, 83
Trd, 8639810.112, 129
Trd, 8639810.246, 130
Trd, 8639810.779, 129
Trd, 8639811.112, 119
Trd, 8639811.146, 108
Trd, 8639811.246, 107
Trd, 8639811.846, 139
Trd, 8639812.146, 81
Trd, 8639812.446, 110
Trd, 8639812.646, 79
Trd, 8639813.279, 94
Trd, 8639815.046, 85
Trd, 8639815.079, 118
Trd, 8639815.579, 123
Trd, 8639816.046, 103
Trd, 8639816.279, 101
Trd, 8639816.346, 83
Trd, 8639816.879, 75
Trd, 8639817.412, 77
Trd, 8639817.646, 140
Trd, 8639818.112, 100
Trd, 8639818.346, 96
Trd, 8639819.046, 121
Trd, 8639819.279, 111
Trd, 8639820.146, 121
Trd, 8639820.612, 114
Trd, 8639820.946, 111
Trd, 8639821.279, 111
Trd, 8639821.746, 117
Trd, 8639821.912, 110
Trd, 8639821.979, 96
Trd, 8639822.912, 82
Trd, 8639823.112, 83
Trd, 8639823.279, 74
Trd, 8639824.012, 91
Trd, 8639824.179, 85
Trd, 8639825.279, 113
Trd, 8639825.379, 97
Trd, 8639825.646, 84
Trd, 8639826.679, 79
Trd, 8639827.079, 77
Trd, 8639827.279, 76
Trd, 8639828.079, 97
Trd, 8639828.646, 137
Trd, 8639828.912, 69
Trd, 8639829.146, 72
Trd, 8639829.579, 128
Trd, 8639829.779, 131
Trd, 8639830.212, 118
Trd, 8639830.579, 108
Trd, 8639831.046, 118
Trd, 8639831.312, 129
Trd, 8639832.412, 83
Trd, 8639832.946, 93
Trd, 8639833.046, 93
Trd, 8639833.412, 86
Trd, 8639833.812, 102
Trd, 8639833.879, 78
Trd, 8639834.679, 109
Trd, 8639835.179, 96
Trd, 8639835.979, 136
Trd, 8639836.146, 110
Trd, 8639836.512, 122
Trd, 8639836.679, 98
Trd, 8639837.012, 90
Trd, 8639837.979, 80
Trd, 8639838.512, 112
Trd, 8639838.579, 75
Trd, 8639838.979, 136
Trd, 8639840.012, 99
Trd, 8639840.512, 92
Trd, 8639840.646, 74
Trd, 8639841.346, 71
Trd, 8639842.246, 66
Trd, 8639842.812, 74
Trd, 8639842.912, 95
Trd, 8639843.079, 83
Trd, 8639843.312, 68
Trd, 8639843.546, 99
Trd, 8639844.312, 140
Trd, 8639844.479, 115
Trd, 8639844.812, 134
Trd, 8639844.879, 104
Trd, 8639845.879, 98
Trd, 8639846.012, 93
Trd, 8639846.079, 67
Trd, 8639846.579, 63
Trd, 8639847.446, 94
Trd, 8639847.912, 60
Trd, 8639848.146, 106
Trd, 8639848.612, 73
Trd, 8639848.912, 62
Trd, 8639849.312, 79
Trd, 8639850.312, 62
Trd, 8639850.812, 65
Trd, 8639851.346, 83
Trd, 8639851.712, 67
Trd, 8639851.812, 83
Trd, 8639852.079, 90
Trd, 8639852.746, 105
Trd, 8639853.279, 100
Trd, 8639853.679, 99
Trd, 8639853.946, 94
Trd, 8639854.012, 94
Trd, 8639854.579, 110
Trd, 8639854.712, 94
Trd, 8639855.512, 92
Trd, 8639855.912, 81
Trd, 8639856.379, 85
Trd, 8639856.512, 116
Trd, 8639856.846, 133
Trd, 8639857.412, 118
Trd, 8639857.912, 114
Trd, 8639858.112, 96
Trd, 8639858.212, 96
Trd, 8639858.312, 73
Trd, 8639859.612, 61
Trd, 8639860.546, 67
Trd, 8639860.579, 86
Trd, 8639860.712, 99
Trd, 8639860.879, 139
Trd, 8639861.412, 140
Trd, 8639861.679, 114
Trd, 8639861.912, 113
Trd, 8639862.079, 77
Trd, 8639862.379, 69
Trd, 8639863.779, 61
Trd, 8639864.312, 63
Trd, 8639864.379, 63
Trd, 8639865.379, 80
Trd, 8639865.512, 121
Trd, 8639866.079, 73
Trd, 8639866.612, 72
Trd, 8639866.746, 82
Trd, 8639866.812, 67
Trd, 8639867.579, 129
Trd, 8639868.179, 101
Trd, 8639868.879, 115
Trd, 8639869.146, 90
Trd, 8639869.346, 81
Trd, 8639869.379, 68
Trd, 8639870.346, 73
Trd, 8639871.446, 62
Trd, 8639871.512, 85
Trd, 8639872.112, 104
Trd, 8639872.712, 63
Trd, 8639872.746, 79
Trd, 8639873.212, 63
Trd, 8639873.912, 108
Trd, 8639874.612, 112
Trd, 8639874.812, 130
Trd, 8639875.279, 62
Trd, 8639875.746, 63
Trd, 8639876.146, 85
Trd, 8639876.446, 102
Trd, 8639876.779, 89
Trd, 8639876.846, 97
Trd, 8639877.012, 85
Trd, 8639877.479, 84
Trd, 8639877.679, 84
Trd, 8639878.212, 65
Trd, 8639878.412, 97
Trd, 8639878.479, 133
Trd, 8639878.746, 95
Trd, 8639879.146, 88
Trd, 8639880.246, 63
Trd, 8639881.112, 72
Trd, 8639881.379, 70
Trd, 8639881.846, 69
Trd, 8639882.212, 75
Trd, 8639882.679, 76
Trd, 8639883.512, 72
Trd, 8639883.712, 86
Trd, 8639884.446, 133
Trd, 8639884.746, 82
Trd, 8639885.312, 92
Trd, 8639885.412, 94
Trd, 8639885.612, 87
Trd, 8639885.646, 85
Trd, 8639886.646, 134
Trd, 8639887.046, 122
Trd, 8639887.112, 140
Trd, 8639888.279, 116
Trd, 8639888.512, 116
Trd, 8639888.612, 107
Trd, 8639888.846, 101
Trd, 8639889.546, 139
Trd, 8639889.846, 95
Trd, 8639890.146, 138
Trd, 8639890.579, 94
Trd, 8639890.646, 70
Trd, 8639891.612, 63
Trd, 8639892.079, 62
Trd, 8639892.146, 63
Trd, 8639892.879, 60
Trd, 8639893.112, 65
Trd, 8639893.779, 61
Trd, 8639895.212, 74
Trd, 8639895.579, 81
Trd, 8639895.779, 112
Trd, 8639896.646, 127
Trd, 8639896.712, 116
Trd, 8639896.746, 67
Trd, 8639896.946, 73
Trd, 8639897.179, 80
Trd, 8639897.879, 69
Trd, 8639898.212, 79
Trd, 8639898.479, 67
Trd, 8639899.412, 132
Trd, 8639899.479, 132
Trd, 8639899.979, 108
Trd, 8639900.112, 62
Trd, 8639900.979, 60
Trd, 8639901.012, 88
Trd, 8639901.312, 130
Trd, 8639901.646, 61
Trd, 8639902.046, 124
Trd, 8639902.679, 73
Trd, 8639903.246, 110
Trd, 8639903.412, 140
Trd, 8639904.379, 102
Trd, 8639904.446, 95
Trd, 8639905.012, 140
Trd, 8639905.046, 139
Trd, 8639905.446, 80
Trd, 8639906.979, 106
Trd, 8639907.212, 78
Trd, 8639907.246, 76
Trd, 8639907.412, 73
Trd, 8639907.612, 93
Trd, 8639908.912, 82
Trd, 8639909.412, 115
Trd, 8639909.479, 115
Trd, 8639909.846, 107
Trd, 8639910.146, 126
Trd, 8639910.779, 107
Trd, 8639911.446, 124
Trd, 8639911.479, 111
Trd, 8639911.512, 98
Trd, 8639912.046, 139
Trd, 8639912.112, 139
Trd, 8639912.246, 118
Trd, 8639912.646, 105
Trd, 8639913.279, 88
Trd, 8639914.679, 112
Trd, 8639914.812, 135
Trd, 8639915.046, 95
Trd, 8639915.912, 82
Trd, 8639916.612, 81
Trd, 8639916.912, 125
Trd, 8639917.846, 75
Trd, 8639918.179, 80
Trd, 8639918.312, 90
Trd, 8639919.412, 113
Trd, 8639919.612, 78
Trd, 8639919.679, 73
Trd, 8639919.846, 73
Trd, 8639919.912, 101
Trd, 8639920.146, 71
Trd, 8639920.379, 102
Trd, 8639921.146, 132
Trd, 8639921.279, 123
Trd, 8639922.079, 100
Trd, 8639922.679, 140
Trd, 8639922.712, 93
Trd, 8639922.946, 91
Trd, 8639923.246, 85
Trd, 8639924.146, 111
Trd, 8639924.446, 110
Trd, 8639925.379, 114
Trd, 8639925.612, 110
Trd, 8639925.679, 98
Trd, 8639926.079, 74
Trd, 8639927.079, 78
Trd, 8639927.312, 128
Trd, 8639928.012, 111
Trd, 8639928.179, 87
Trd, 8639929.212, 139
Trd, 8639929.312, 121
Trd, 8639929.546, 120
Trd, 8639929.879, 113
Trd, 8639929.979, 89
Trd, 8639930.046, 70
Trd, 8639930.346, 119
Trd, 8639930.712, 128
Trd, 8639930.979, 130
Trd, 8639933.679, 123
Trd, 8639933.712, 123
Trd, 8639933.946, 122
Trd, 8639934.112, 114
Trd, 8639934.679, 102
Trd, 8639934.712, 139
Trd, 8639935.646, 138
Trd, 8639935.679, 106
Trd, 8639936.579, 96
Trd, 8639936.679, 93
Trd, 8639937.179, 84
Trd, 8639937.279, 78
Trd, 8639938.146, 107
Trd, 8639938.979, 107
Trd, 8639939.079, 89
Trd, 8639939.312, 66
Trd, 8639939.712, 66
Trd, 8639939.946, 115
Trd, 8639940.446, 103
Trd, 8639940.712, 76
Trd, 8639941.746, 103
Trd, 8639941.946, 87
Trd, 8639942.546, 79
Trd, 8639942.746, 111
Trd, 8639943.179, 102
Trd, 8639943.446, 69
Trd, 8639943.679, 60
Trd, 8639944.146, 60
Trd, 8639944.279, 62
Trd, 8639945.579, 67
Trd, 8639945.646, 77
Trd, 8639945.979, 136
Trd, 8639947.412, 127
Trd, 8639947.679, 77
Trd, 8639947.912, 77
Trd, 8639948.446, 76
Trd, 8639948.979, 102
Trd, 8639949.079, 98
Trd, 8639949.179, 97
Trd, 8639949.746, 121
Trd, 8639949.846, 119
Trd, 8639950.546, 121
Trd, 8639950.912, 78
Trd, 8639951.012, 139
Trd, 8639952.012, 87
Trd, 8639952.046, 86
Trd, 8639952.446, 78
Trd, 8639952.546, 77
Trd, 8639952.846, 121
Trd, 8639954.012, 139
Trd, 8639954.312, 136
Trd, 8639954.412, 139
Trd, 8639955.612, 122
Trd, 8639955.646, 121
Trd, 8639955.846, 117
Trd, 8639956.146, 116
Trd, 8639956.679, 110
Trd, 8639957.746, 96
Trd, 8639957.846, 80
Trd, 8639958.279, 125
Trd, 8639958.912, 98
Trd, 8639959.346, 98
Trd, 8639959.546, 96
Trd, 8639959.679, 72
Trd, 8639959.979, 69
Trd, 8639960.112, 102
Trd, 8639960.579, 138
Trd, 8639960.979, 92
Trd, 8639961.112, 97
Trd, 8639961.212, 85
Trd, 8639963.179, 124
Trd, 8639963.279, 122
Trd, 8639963.379, 110
Trd, 8639963.779, 131
Trd, 8639963.879, 99
Trd, 8639964.546, 98
Trd, 8639965.246, 106
Trd, 8639965.346, 78
Trd, 8639965.579, 114
Trd, 8639965.646, 84
Trd, 8639966.279, 78
Trd, 8639966.712, 140
Trd, 8639966.879, 123
Trd, 8639967.412, 136
Trd, 8639968.412, 109
Trd, 8639968.712, 83
Trd, 8639969.179, 84
Trd, 8639969.712, 111
Trd, 8639969.912, 99
Trd, 8639969.979, 112
Trd, 8639970.512, 98
Trd, 8639970.646, 120
Trd, 8639971.179, 106
Trd, 8639971.846, 84
Trd, 8639972.079, 77
Trd, 8639972.479, 77
Trd, 8639972.679, 75
Trd, 8639972.946, 74
Trd, 8639975.646, 133
Trd, 8639975.679, 104
Trd, 8639975.779, 100
Trd, 8639975.879, 117
Trd, 8639976.512, 79
Trd, 8639976.579, 71
Trd, 8639977.512, 100
Trd, 8639978.079, 101
Trd, 8639978.146, 129
Trd, 8639978.312, 83
Trd, 8639978.446, 79
Trd, 8639978.846, 110
Trd, 8639979.579, 123
Trd, 8639979.846, 117
Trd, 8639981.446, 116
Trd, 8639981.512, 116
Trd, 8639982.246, 120
Trd, 8639982.579, 112
Trd, 8639982.812, 103
Trd, 8639983.279, 121
Trd, 8639983.679, 140
Trd, 8639984.079, 112
Trd, 8639984.512, 100
Trd, 8639984.579, 99
Trd, 8639984.779, 132
Trd, 8639986.046, 140
Trd, 8639986.679, 139
Trd, 8639987.012, 140
Trd, 8639987.112, 138
Trd, 8639987.346, 120
Trd, 8639987.779, 115
Trd, 8639988.179, 104
Trd, 8639988.346, 66
Trd, 8639988.779, 92
Trd, 8639989.479, 64
Trd, 8639989.546, 126
Trd, 8639990.112, 98
Trd, 8639990.146, 80
Trd, 8639990.946, 61
Trd, 8639992.079, 66
Trd, 8639992.546, 80
Trd, 8639992.612, 84
Trd, 8639993.012, 102
Trd, 8639993.646, 99
Trd, 8639994.412, 117
Trd, 8639994.546, 117
Trd, 8639994.646, 101
Trd, 8639995.279, 68
Trd, 8639995.446, 81
Trd, 8639996.346, 66
Trd, 8639996.812, 64
Trd, 8639996.846, 75
Trd, 8639997.279, 67
Trd, 8639997.546, 101
Trd, 8639998.479, 140
Trd, 8639999.212, 117
Trd, 8639999.346, 115
Trd, 8639999.979, 105
