Trd, 8638780.746, 60
Trd, 8638781.046, 60
Trd, 8638782.279, 60
Trd, 8638782.446, 60
Trd, 8638783.046, 60
Trd, 8638783.079, 61
Trd, 8638783.779, 60
Trd, 8638784.046, 60
Trd, 8638784.312, 61
Trd, 8638784.546, 62
Trd, 8638784.879, 60
Trd, 8638785.179, 62
Trd, 8638785.412, 63
Trd, 8638785.646, 69
Trd, 8638785.946, 63
Trd, 8638786.046, 139
Trd, 8638786.212, 66
Trd, 8638786.479, 62
Trd, 8638787.146, 62
Trd, 8638787.879, 61
Trd, 8638788.079, 62
Trd, 8638788.312, 63
Trd, 8638788.579, 66
Trd, 8638789.446, 138
Trd, 8638789.612, 137
Trd, 8638789.946, 107
Trd, 8638790.179, 63
Trd, 8638790.846, 60
Trd, 8638791.746, 60
Trd, 8638792.146, 60
Trd, 8638793.012, 60
Trd, 8638793.679, 60
Trd, 8638794.146, 60
Trd, 8638794.279, 60
Trd, 8638794.846, 60
Trd, 8638794.879, 60
Trd, 8638795.279, 61
Trd, 8638795.612, 60
Trd, 8638796.112, 63
Trd, 8638796.146, 60
Trd, 8638796.346, 64
Trd, 8638796.512, 60
Trd, 8638797.312, 63
Trd, 8638797.712, 62
Trd, 8638797.946, 63
Trd, 8638798.079, 67
Trd, 8638798.812, 66
Trd, 8638798.912, 62
Trd, 8638800.112, 61
Trd, 8638800.212, 62
Trd, 8638800.612, 63
Trd, 8638800.846, 61
Trd, 8638801.179, 60
Trd, 8638802.546, 60
Trd, 8638803.012, 60
Trd, 8638803.946, 60
Trd, 8638804.646, 60
Trd, 8638804.746, 61
Trd, 8638805.012, 60
Trd, 8638807.046, 60
Trd, 8638807.746, 60
Trd, 8638807.912, 61
Trd, 8638808.512, 60
Trd, 8638808.846, 60
Trd, 8638808.946, 61
Trd, 8638809.112, 61
Trd, 8638809.312, 60
Trd, 8638809.646, 63
Trd, 8638810.079, 63
Trd, 8638810.379, 60
Trd, 8638810.446, 140
Trd, 8638810.846, 63
Trd, 8638811.412, 140
Trd, 8638812.179, 140
Trd, 8638812.379, 140
Trd, 8638812.712, 140
Trd, 8638812.746, 140
Trd, 8638813.012, 140
Trd, 8638813.246, 140
Trd, 8638813.346, 140
Trd, 8638813.779, 140
Trd, 8638814.579, 139
Trd, 8638815.012, 139
Trd, 8638816.012, 140
Trd, 8638816.412, 140
Trd, 8638817.046, 140
Trd, 8638817.479, 140
Trd, 8638817.512, 140
Trd, 8638818.346, 140
Trd, 8638818.979, 140
Trd, 8638819.112, 140
Trd, 8638819.379, 140
Trd, 8638820.146, 140
Trd, 8638820.246, 140
Trd, 8638820.312, 139
Trd, 8638821.546, 140
Trd, 8638821.912, 140
Trd, 8638822.179, 140
Trd, 8638823.279, 140
Trd, 8638824.179, 140
Trd, 8638824.212, 140
Trd, 8638824.346, 140
Trd, 8638825.779, 140
Trd, 8638826.212, 140
Trd, 8638826.546, 140
Trd, 8638826.712, 140
Trd, 8638827.179, 140
Trd, 8638828.012, 140
Trd, 8638828.746, 140
Trd, 8638828.846, 140
Trd, 8638829.346, 140
Trd, 8638829.879, 140
Trd, 8638829.946, 140
Trd, 8638830.079, 140
Trd, 8638830.212, 139
Trd, 8638830.412, 136
Trd, 8638830.479, 81
Trd, 8638830.579, 67
Trd, 8638831.212, 140
Trd, 8638831.412, 140
Trd, 8638832.479, 140
Trd, 8638832.746, 140
Trd, 8638833.346, 140
Trd, 8638833.746, 140
Trd, 8638835.279, 140
Trd, 8638835.346, 140
Trd, 8638835.879, 140
Trd, 8638836.179, 140
Trd, 8638836.479, 140
Trd, 8638836.612, 140
Trd, 8638836.646, 140
Trd, 8638838.179, 140
Trd, 8638838.212, 140
Trd, 8638838.246, 140
Trd, 8638838.479, 140
Trd, 8638839.712, 140
Trd, 8638839.779, 140
Trd, 8638841.212, 140
Trd, 8638841.346, 140
Trd, 8638841.379, 138
Trd, 8638841.779, 139
Trd, 8638842.012, 140
Trd, 8638842.279, 138
Trd, 8638842.746, 71
Trd, 8638842.946, 71
Trd, 8638843.146, 62
Trd, 8638843.479, 62
Trd, 8638843.579, 135
Trd, 8638843.846, 67
Trd, 8638844.679, 67
Trd, 8638845.212, 139
Trd, 8638845.712, 60
Trd, 8638846.579, 140
Trd, 8638847.346, 65
Trd, 8638847.446, 67
Trd, 8638848.046, 64
Trd, 8638848.446, 64
Trd, 8638848.546, 69
Trd, 8638848.712, 64
Trd, 8638848.846, 67
Trd, 8638850.012, 71
Trd, 8638850.179, 61
Trd, 8638851.579, 60
Trd, 8638851.979, 60
Trd, 8638852.012, 61
Trd, 8638852.846, 60
Trd, 8638854.112, 60
Trd, 8638854.179, 60
Trd, 8638854.246, 60
Trd, 8638854.912, 61
Trd, 8638855.312, 63
Trd, 8638855.446, 64
Trd, 8638855.779, 63
Trd, 8638856.046, 72
Trd, 8638856.612, 140
Trd, 8638856.746, 140
Trd, 8638856.846, 140
Trd, 8638856.979, 63
Trd, 8638858.246, 140
Trd, 8638858.312, 140
Trd, 8638858.679, 140
Trd, 8638859.779, 140
Trd, 8638860.246, 140
Trd, 8638860.279, 140
Trd, 8638861.079, 140
Trd, 8638861.446, 140
Trd, 8638861.679, 140
Trd, 8638862.279, 139
Trd, 8638862.412, 139
Trd, 8638863.179, 139
Trd, 8638863.746, 140
Trd, 8638864.746, 140
Trd, 8638864.846, 140
Trd, 8638864.912, 140
Trd, 8638865.646, 140
Trd, 8638867.079, 140
Trd, 8638867.146, 140
Trd, 8638867.312, 139
Trd, 8638867.446, 138
Trd, 8638867.846, 140
Trd, 8638869.246, 140
Trd, 8638869.546, 139
Trd, 8638869.712, 139
Trd, 8638869.779, 139
Trd, 8638871.346, 140
Trd, 8638871.412, 140
Trd, 8638871.979, 140
Trd, 8638872.512, 139
Trd, 8638873.779, 140
Trd, 8638874.379, 140
Trd, 8638874.812, 139
Trd, 8638875.112, 140
Trd, 8638875.246, 140
Trd, 8638875.279, 140
Trd, 8638875.512, 140
Trd, 8638875.779, 139
Trd, 8638876.412, 140
Trd, 8638876.812, 140
Trd, 8638877.312, 140
Trd, 8638877.579, 140
Trd, 8638877.646, 140
Trd, 8638878.346, 61
Trd, 8638878.579, 60
Trd, 8638878.879, 60
Trd, 8638879.179, 61
Trd, 8638879.412, 60
Trd, 8638879.479, 68
Trd, 8638879.912, 67
Trd, 8638880.846, 140
Trd, 8638881.212, 140
Trd, 8638881.412, 140
Trd, 8638881.546, 139
Trd, 8638882.112, 140
Trd, 8638882.312, 138
Trd, 8638883.246, 95
Trd, 8638883.412, 139
Trd, 8638883.812, 95
Trd, 8638884.179, 105
Trd, 8638884.312, 83
Trd, 8638884.712, 140
Trd, 8638886.012, 140
Trd, 8638886.146, 140
Trd, 8638886.979, 140
Trd, 8638887.679, 140
Trd, 8638888.512, 140
Trd, 8638888.546, 140
Trd, 8638888.779, 140
Trd, 8638888.846, 140
Trd, 8638889.112, 140
Trd, 8638889.379, 138
Trd, 8638889.979, 140
Trd, 8638890.946, 140
Trd, 8638891.012, 140
Trd, 8638892.112, 140
Trd, 8638893.546, 140
Trd, 8638893.779, 140
Trd, 8638894.479, 140
Trd, 8638894.912, 140
Trd, 8638895.046, 140
Trd, 8638895.079, 139
Trd, 8638895.846, 139
Trd, 8638895.879, 139
Trd, 8638896.079, 140
Trd, 8638896.379, 140
Trd, 8638896.646, 111
Trd, 8638897.346, 110
Trd, 8638897.646, 139
Trd, 8638898.179, 140
Trd, 8638898.279, 139
Trd, 8638898.946, 61
Trd, 8638898.979, 62
Trd, 8638900.612, 140
Trd, 8638900.679, 140
Trd, 8638901.112, 139
Trd, 8638901.979, 140
Trd, 8638902.579, 140
Trd, 8638902.712, 140
Trd, 8638903.146, 140
Trd, 8638903.212, 140
Trd, 8638903.779, 140
Trd, 8638904.079, 140
Trd, 8638904.612, 140
Trd, 8638905.112, 140
Trd, 8638905.246, 139
Trd, 8638905.846, 140
Trd, 8638905.946, 140
Trd, 8638905.979, 140
Trd, 8638906.312, 140
Trd, 8638906.612, 113
Trd, 8638907.846, 60
Trd, 8638908.079, 61
Trd, 8638908.379, 60
Trd, 8638908.812, 60
Trd, 8638908.879, 61
Trd, 8638909.112, 60
Trd, 8638909.412, 61
Trd, 8638909.579, 63
Trd, 8638909.979, 60
Trd, 8638910.446, 62
Trd, 8638911.912, 60
Trd, 8638912.046, 60
Trd, 8638913.646, 60
Trd, 8638913.979, 60
Trd, 8638914.779, 60
Trd, 8638915.046, 60
Trd, 8638915.146, 60
Trd, 8638915.812, 60
Trd, 8638917.279, 60
Trd, 8638917.446, 60
Trd, 8638917.779, 60
Trd, 8638917.879, 61
Trd, 8638918.046, 60
Trd, 8638918.246, 61
Trd, 8638918.412, 60
Trd, 8638918.712, 60
Trd, 8638918.779, 60
Trd, 8638919.146, 60
Trd, 8638919.879, 63
Trd, 8638919.946, 66
Trd, 8638920.446, 61
Trd, 8638920.512, 60
Trd, 8638921.512, 62
Trd, 8638921.679, 63
Trd, 8638922.612, 60
Trd, 8638923.179, 60
Trd, 8638923.912, 60
Trd, 8638924.112, 62
Trd, 8638924.679, 60
Trd, 8638924.879, 60
Trd, 8638925.312, 62
Trd, 8638925.379, 61
Trd, 8638925.412, 62
Trd, 8638926.079, 64
Trd, 8638926.212, 65
Trd, 8638926.412, 64
Trd, 8638926.846, 65
Trd, 8638927.079, 67
Trd, 8638928.379, 140
Trd, 8638928.579, 140
Trd, 8638928.846, 140
Trd, 8638928.946, 139
Trd, 8638929.312, 136
Trd, 8638930.946, 140
Trd, 8638930.979, 140
Trd, 8638932.112, 140
Trd, 8638932.479, 140
Trd, 8638932.812, 140
Trd, 8638933.112, 140
Trd, 8638933.479, 140
Trd, 8638934.012, 140
Trd, 8638934.246, 139
Trd, 8638934.346, 139
Trd, 8638934.579, 140
Trd, 8638934.879, 139
Trd, 8638936.279, 140
Trd, 8638936.646, 140
Trd, 8638937.379, 140
Trd, 8638937.579, 140
Trd, 8638937.712, 140
Trd, 8638938.079, 140
Trd, 8638938.479, 140
Trd, 8638939.146, 139
Trd, 8638939.279, 136
Trd, 8638939.346, 140
Trd, 8638939.946, 136
Trd, 8638940.179, 99
Trd, 8638940.479, 138
Trd, 8638940.679, 85
Trd, 8638941.212, 140
Trd, 8638941.612, 140
Trd, 8638942.046, 140
Trd, 8638942.379, 140
Trd, 8638943.512, 139
Trd, 8638943.712, 140
Trd, 8638943.879, 139
Trd, 8638944.646, 140
Trd, 8638945.279, 140
Trd, 8638945.379, 140
Trd, 8638945.546, 139
Trd, 8638945.912, 139
Trd, 8638946.012, 138
Trd, 8638947.379, 140
Trd, 8638947.546, 139
Trd, 8638947.612, 139
Trd, 8638949.479, 140
Trd, 8638949.546, 140
Trd, 8638949.679, 140
Trd, 8638949.746, 140
Trd, 8638949.846, 138
Trd, 8638951.479, 140
Trd, 8638951.546, 140
Trd, 8638952.279, 140
Trd, 8638952.946, 140
Trd, 8638953.379, 140
Trd, 8638953.546, 140
Trd, 8638953.812, 140
Trd, 8638953.979, 139
Trd, 8638954.046, 90
Trd, 8638954.979, 140
Trd, 8638957.279, 140
Trd, 8638957.879, 140
Trd, 8638958.046, 140
Trd, 8638958.246, 140
Trd, 8638958.812, 140
Trd, 8638959.279, 140
Trd, 8638959.512, 140
Trd, 8638959.579, 140
Trd, 8638959.746, 139
Trd, 8638960.446, 140
Trd, 8638960.912, 140
Trd, 8638961.046, 140
Trd, 8638961.379, 140
Trd, 8638961.579, 140
Trd, 8638962.179, 140
Trd, 8638962.412, 140
Trd, 8638962.712, 140
Trd, 8638963.246, 140
Trd, 8638963.812, 139
Trd, 8638965.079, 140
Trd, 8638965.546, 140
Trd, 8638966.346, 140
Trd, 8638967.046, 140
Trd, 8638967.312, 140
Trd, 8638968.046, 140
Trd, 8638968.846, 140
Trd, 8638968.979, 140
Trd, 8638970.012, 140
Trd, 8638970.179, 140
Trd, 8638970.846, 140
Trd, 8638970.879, 140
Trd, 8638971.379, 140
Trd, 8638971.879, 140
Trd, 8638971.979, 140
Trd, 8638972.279, 140
Trd, 8638972.479, 140
Trd, 8638972.512, 139
Trd, 8638972.712, 139
Trd, 8638973.679, 140
Trd, 8638974.246, 140
Trd, 8638974.546, 140
Trd, 8638974.846, 140
Trd, 8638975.279, 140
Trd, 8638975.812, 140
Trd, 8638976.312, 140
Trd, 8638976.612, 140
Trd, 8638976.646, 140
Trd, 8638977.979, 128
Trd, 8638979.279, 140
Trd, 8638979.846, 140
Trd, 8638980.012, 140
Trd, 8638980.179, 140
Trd, 8638981.846, 140
Trd, 8638981.946, 140
Trd, 8638982.546, 140
Trd, 8638982.812, 140
Trd, 8638982.846, 139
Trd, 8638983.512, 140
Trd, 8638984.112, 104
Trd, 8638984.146, 103
Trd, 8638984.346, 101
Trd, 8638985.246, 140
Trd, 8638985.546, 139
Trd, 8638985.812, 140
Trd, 8638986.012, 112
Trd, 8638986.179, 111
Trd, 8638986.646, 61
Trd, 8638987.112, 140
Trd, 8638987.212, 137
Trd, 8638987.679, 140
Trd, 8638988.046, 140
Trd, 8638988.779, 140
Trd, 8638989.112, 140
Trd, 8638989.279, 140
Trd, 8638989.779, 140
Trd, 8638990.612, 140
Trd, 8638991.146, 140
Trd, 8638991.546, 140
Trd, 8638992.112, 140
Trd, 8638992.346, 140
Trd, 8638992.946, 140
Trd, 8638993.046, 140
Trd, 8638993.646, 140
Trd, 8638994.146, 140
Trd, 8638994.646, 140
Trd, 8638994.912, 140
Trd, 8638995.312, 140
Trd, 8638995.879, 140
Trd, 8638996.579, 140
Trd, 8638996.946, 140
Trd, 8638997.012, 140
Trd, 8638997.146, 140
Trd, 8638997.379, 140
Trd, 8638997.712, 140
Trd, 8638998.012, 140
Trd, 8638998.112, 140
Trd, 8638998.612, 139
Trd, 8638998.946, 138
Trd, 8638999.812, 140
Trd, 8638999.846, 136
Trd, 8639000.679, 140
Trd, 8639000.946, 139
Trd, 8639002.079, 140
Trd, 8639002.179, 140
Trd, 8639002.812, 140
Trd, 8639003.246, 140
Trd, 8639003.846, 140
Trd, 8639004.212, 140
Trd, 8639004.412, 139
Trd, 8639004.512, 139
Trd, 8639005.146, 140
Trd, 8639005.479, 140
Trd, 8639005.746, 138
Trd, 8639006.346, 69
Trd, 8639006.379, 63
Trd, 8639006.612, 139
Trd, 8639008.546, 60
Trd, 8639008.712, 61
Trd, 8639008.879, 61
Trd, 8639009.012, 62
Trd, 8639009.146, 63
Trd, 8639009.812, 139
Trd, 8639010.446, 140
Trd, 8639010.712, 140
Trd, 8639010.746, 140
Trd, 8639010.846, 139
Trd, 8639011.712, 140
Trd, 8639012.612, 140
Trd, 8639012.646, 140
Trd, 8639012.846, 140
Trd, 8639012.912, 140
Trd, 8639013.312, 140
Trd, 8639013.712, 140
Trd, 8639013.779, 140
Trd, 8639013.812, 118
Trd, 8639014.546, 68
Trd, 8639015.146, 65
Trd, 8639015.646, 138
Trd, 8639016.012, 140
Trd, 8639017.612, 66
Trd, 8639018.146, 65
Trd, 8639018.279, 66
Trd, 8639018.412, 70
Trd, 8639018.846, 60
Trd, 8639019.079, 61
Trd, 8639019.446, 62
Trd, 8639019.512, 63
Trd, 8639020.346, 61
Trd, 8639020.412, 67
Trd, 8639021.779, 60
Trd, 8639022.346, 60
Trd, 8639022.579, 60
Trd, 8639022.879, 60
Trd, 8639023.312, 61
Trd, 8639023.646, 62
Trd, 8639023.712, 63
Trd, 8639024.546, 60
Trd, 8639024.746, 61
Trd, 8639025.912, 61
Trd, 8639026.046, 64
Trd, 8639026.146, 60
Trd, 8639026.412, 65
Trd, 8639026.746, 60
Trd, 8639027.746, 60
Trd, 8639027.912, 61
Trd, 8639028.246, 63
Trd, 8639028.279, 63
Trd, 8639028.412, 65
Trd, 8639029.546, 60
Trd, 8639029.579, 60
Trd, 8639029.746, 62
Trd, 8639030.412, 60
Trd, 8639030.846, 61
Trd, 8639031.279, 61
Trd, 8639031.379, 62
Trd, 8639033.012, 63
Trd, 8639033.479, 60
Trd, 8639033.846, 63
Trd, 8639034.279, 63
Trd, 8639034.479, 60
Trd, 8639034.579, 60
Trd, 8639035.412, 61
Trd, 8639035.446, 62
Trd, 8639035.512, 64
Trd, 8639035.746, 60
Trd, 8639036.479, 60
Trd, 8639036.912, 60
Trd, 8639037.146, 67
Trd, 8639038.146, 60
Trd, 8639038.679, 60
Trd, 8639038.812, 60
Trd, 8639039.712, 61
Trd, 8639039.812, 63
Trd, 8639040.312, 60
Trd, 8639040.446, 61
Trd, 8639040.812, 64
Trd, 8639040.979, 68
Trd, 8639041.012, 63
Trd, 8639041.179, 71
Trd, 8639042.012, 61
Trd, 8639042.146, 60
Trd, 8639042.546, 60
Trd, 8639043.979, 60
Trd, 8639044.112, 60
Trd, 8639044.646, 60
Trd, 8639044.746, 60
Trd, 8639045.646, 60
Trd, 8639045.746, 60
Trd, 8639046.046, 61
Trd, 8639046.146, 61
Trd, 8639046.446, 61
Trd, 8639046.512, 61
Trd, 8639046.946, 61
Trd, 8639047.446, 60
Trd, 8639047.712, 63
Trd, 8639047.879, 60
Trd, 8639047.979, 67
Trd, 8639048.479, 63
Trd, 8639048.979, 64
Trd, 8639049.446, 72
Trd, 8639050.112, 60
Trd, 8639050.579, 73
Trd, 8639051.112, 74
Trd, 8639051.679, 60
Trd, 8639051.946, 60
Trd, 8639052.246, 60
Trd, 8639052.679, 60
Trd, 8639052.812, 60
Trd, 8639053.112, 61
Trd, 8639053.412, 63
Trd, 8639053.812, 63
Trd, 8639053.946, 140
Trd, 8639054.512, 140
Trd, 8639055.012, 140
Trd, 8639055.579, 140
Trd, 8639055.646, 139
Trd, 8639056.446, 135
Trd, 8639057.312, 140
Trd, 8639057.812, 140
Trd, 8639058.479, 140
Trd, 8639058.646, 137
Trd, 8639058.746, 123
Trd, 8639059.746, 140
Trd, 8639060.046, 139
Trd, 8639060.212, 138
Trd, 8639060.946, 139
Trd, 8639061.079, 139
Trd, 8639061.812, 140
Trd, 8639062.146, 140
Trd, 8639062.679, 140
Trd, 8639064.579, 140
Trd, 8639064.946, 140
Trd, 8639065.079, 140
Trd, 8639065.146, 140
Trd, 8639065.179, 140
Trd, 8639065.246, 140
Trd, 8639065.446, 140
Trd, 8639065.679, 140
Trd, 8639066.212, 140
Trd, 8639066.346, 140
Trd, 8639066.712, 140
Trd, 8639067.112, 140
Trd, 8639067.579, 140
Trd, 8639067.779, 103
Trd, 8639068.546, 140
Trd, 8639069.912, 140
Trd, 8639070.012, 140
Trd, 8639070.046, 140
Trd, 8639070.446, 140
Trd, 8639070.612, 137
Trd, 8639071.412, 140
Trd, 8639071.512, 140
Trd, 8639071.812, 140
Trd, 8639071.846, 139
Trd, 8639071.979, 140
Trd, 8639073.579, 138
Trd, 8639074.046, 60
Trd, 8639074.146, 60
Trd, 8639074.946, 60
Trd, 8639075.379, 60
Trd, 8639075.412, 60
Trd, 8639075.912, 60
Trd, 8639076.546, 60
Trd, 8639076.646, 62
Trd, 8639076.879, 62
Trd, 8639077.346, 61
Trd, 8639077.512, 62
Trd, 8639077.646, 61
Trd, 8639077.746, 64
Trd, 8639077.779, 93
Trd, 8639078.146, 64
Trd, 8639078.312, 62
Trd, 8639079.446, 66
Trd, 8639079.912, 71
Trd, 8639080.979, 60
Trd, 8639081.079, 60
Trd, 8639082.279, 60
Trd, 8639082.612, 60
Trd, 8639082.646, 60
Trd, 8639082.712, 62
Trd, 8639083.279, 61
Trd, 8639083.512, 60
Trd, 8639083.579, 63
Trd, 8639083.912, 60
Trd, 8639084.146, 61
Trd, 8639085.179, 61
Trd, 8639085.246, 60
Trd, 8639085.279, 61
Trd, 8639085.612, 68
Trd, 8639085.879, 64
Trd, 8639086.079, 69
Trd, 8639087.079, 69
Trd, 8639087.579, 60
Trd, 8639087.879, 66
Trd, 8639088.679, 60
Trd, 8639089.146, 60
Trd, 8639089.812, 61
Trd, 8639090.046, 62
Trd, 8639091.279, 60
Trd, 8639091.479, 63
Trd, 8639091.579, 66
Trd, 8639091.979, 63
Trd, 8639092.912, 61
Trd, 8639093.879, 60
Trd, 8639093.979, 60
Trd, 8639094.046, 60
Trd, 8639094.179, 61
Trd, 8639094.646, 61
Trd, 8639094.979, 60
Trd, 8639095.079, 61
Trd, 8639095.312, 60
Trd, 8639095.646, 61
Trd, 8639096.346, 60
Trd, 8639096.412, 70
Trd, 8639096.779, 71
Trd, 8639097.479, 140
Trd, 8639097.812, 140
Trd, 8639098.312, 62
Trd, 8639098.812, 61
Trd, 8639099.012, 62
Trd, 8639099.179, 63
Trd, 8639099.579, 60
Trd, 8639100.879, 60
Trd, 8639101.079, 60
Trd, 8639101.346, 72
Trd, 8639101.646, 60
Trd, 8639102.246, 139
Trd, 8639102.512, 64
Trd, 8639102.846, 66
Trd, 8639102.946, 139
Trd, 8639103.046, 138
Trd, 8639103.712, 60
Trd, 8639104.179, 60
Trd, 8639104.379, 62
Trd, 8639104.846, 140
Trd, 8639105.412, 63
Trd, 8639106.046, 61
Trd, 8639106.946, 62
Trd, 8639107.346, 60
Trd, 8639107.679, 60
Trd, 8639108.046, 60
Trd, 8639108.712, 62
Trd, 8639109.779, 60
Trd, 8639110.012, 60
Trd, 8639110.346, 61
Trd, 8639110.379, 61
Trd, 8639110.412, 60
Trd, 8639110.679, 60
Trd, 8639110.846, 62
Trd, 8639111.246, 61
Trd, 8639112.112, 60
Trd, 8639112.179, 61
Trd, 8639112.579, 60
Trd, 8639113.346, 60
Trd, 8639113.846, 79
Trd, 8639115.446, 60
Trd, 8639115.912, 60
Trd, 8639116.046, 60
Trd, 8639116.746, 60
Trd, 8639117.246, 61
Trd, 8639117.279, 61
Trd, 8639117.412, 62
Trd, 8639117.912, 62
Trd, 8639118.446, 60
Trd, 8639118.546, 61
Trd, 8639119.246, 60
Trd, 8639119.446, 60
Trd, 8639119.946, 60
Trd, 8639120.246, 60
Trd, 8639120.712, 60
Trd, 8639121.212, 61
Trd, 8639121.312, 65
Trd, 8639121.412, 71
Trd, 8639121.946, 61
Trd, 8639122.579, 64
Trd, 8639123.046, 76
Trd, 8639123.479, 68
Trd, 8639123.946, 63
Trd, 8639124.379, 64
Trd, 8639124.779, 64
Trd, 8639124.812, 67
Trd, 8639125.512, 64
Trd, 8639125.846, 140
Trd, 8639126.379, 140
Trd, 8639126.712, 140
Trd, 8639127.012, 140
Trd, 8639127.312, 139
Trd, 8639127.412, 91
Trd, 8639127.612, 140
Trd, 8639128.012, 139
Trd, 8639128.279, 90
Trd, 8639128.479, 139
Trd, 8639128.879, 70
Trd, 8639128.979, 139
Trd, 8639130.012, 60
Trd, 8639130.146, 61
Trd, 8639130.346, 60
Trd, 8639130.746, 62
Trd, 8639131.279, 62
Trd, 8639131.846, 60
Trd, 8639132.346, 60
Trd, 8639132.746, 61
Trd, 8639133.246, 62
Trd, 8639133.746, 60
Trd, 8639134.079, 61
Trd, 8639134.746, 62
Trd, 8639135.412, 64
Trd, 8639136.212, 62
Trd, 8639136.846, 60
Trd, 8639136.979, 60
Trd, 8639137.179, 60
Trd, 8639137.312, 61
Trd, 8639137.979, 61
Trd, 8639138.112, 61
Trd, 8639138.279, 62
Trd, 8639138.446, 64
Trd, 8639139.046, 61
Trd, 8639139.312, 74
Trd, 8639139.779, 132
Trd, 8639140.312, 140
Trd, 8639140.379, 140
Trd, 8639141.212, 69
Trd, 8639141.479, 67
Trd, 8639142.212, 77
Trd, 8639142.379, 139
Trd, 8639142.912, 117
Trd, 8639143.779, 140
Trd, 8639144.712, 138
Trd, 8639144.812, 137
Trd, 8639145.346, 140
Trd, 8639145.546, 134
Trd, 8639145.646, 133
Trd, 8639146.812, 140
Trd, 8639146.879, 140
Trd, 8639147.412, 140
Trd, 8639147.446, 140
Trd, 8639147.712, 136
Trd, 8639148.479, 138
Trd, 8639148.779, 140
Trd, 8639149.179, 116
Trd, 8639149.212, 114
Trd, 8639149.512, 140
Trd, 8639150.712, 140
Trd, 8639150.846, 140
Trd, 8639152.412, 140
Trd, 8639152.746, 140
Trd, 8639152.812, 140
Trd, 8639152.846, 139
Trd, 8639153.179, 140
Trd, 8639153.412, 140
Trd, 8639154.046, 140
Trd, 8639155.112, 140
Trd, 8639155.346, 140
Trd, 8639155.912, 140
Trd, 8639156.246, 140
Trd, 8639157.846, 140
Trd, 8639158.346, 140
Trd, 8639158.412, 139
Trd, 8639158.812, 140
Trd, 8639158.946, 140
Trd, 8639159.046, 140
Trd, 8639160.046, 140
Trd, 8639160.679, 140
Trd, 8639160.746, 140
Trd, 8639161.146, 140
Trd, 8639161.646, 140
Trd, 8639161.812, 140
Trd, 8639162.946, 140
Trd, 8639163.512, 140
Trd, 8639163.579, 140
Trd, 8639163.879, 140
Trd, 8639164.512, 140
Trd, 8639164.612, 140
Trd, 8639164.946, 140
Trd, 8639164.979, 139
Trd, 8639165.212, 139
Trd, 8639165.279, 93
Trd, 8639165.912, 140
Trd, 8639166.112, 139
Trd, 8639166.912, 136
Trd, 8639167.079, 137
Trd, 8639167.312, 135
Trd, 8639167.712, 87
Trd, 8639167.846, 140
Trd, 8639168.546, 127
Trd, 8639169.746, 60
Trd, 8639169.912, 60
Trd, 8639169.979, 60
Trd, 8639170.612, 60
Trd, 8639170.946, 61
Trd, 8639171.546, 61
Trd, 8639172.246, 63
Trd, 8639172.279, 64
Trd, 8639172.512, 65
Trd, 8639172.712, 64
Trd, 8639173.046, 65
Trd, 8639173.179, 64
Trd, 8639173.479, 63
Trd, 8639173.579, 60
Trd, 8639174.079, 60
Trd, 8639174.679, 63
Trd, 8639175.079, 63
Trd, 8639175.846, 64
Trd, 8639175.912, 67
Trd, 8639176.312, 139
Trd, 8639176.879, 60
Trd, 8639177.212, 60
Trd, 8639177.346, 60
Trd, 8639178.046, 64
Trd, 8639178.546, 62
Trd, 8639178.712, 70
Trd, 8639179.546, 140
Trd, 8639179.579, 140
Trd, 8639180.646, 140
Trd, 8639181.346, 140
Trd, 8639181.379, 140
Trd, 8639182.812, 140
Trd, 8639183.212, 140
Trd, 8639183.412, 140
Trd, 8639184.412, 140
Trd, 8639184.746, 140
Trd, 8639186.046, 140
Trd, 8639186.512, 140
Trd, 8639186.546, 140
Trd, 8639186.746, 140
Trd, 8639186.979, 140
Trd, 8639187.279, 140
Trd, 8639188.112, 140
Trd, 8639188.646, 140
Trd, 8639188.979, 140
Trd, 8639189.712, 140
Trd, 8639190.246, 140
Trd, 8639190.312, 139
Trd, 8639191.946, 140
Trd, 8639192.012, 140
Trd, 8639192.879, 140
Trd, 8639193.012, 140
Trd, 8639194.079, 140
Trd, 8639194.279, 140
Trd, 8639195.146, 140
Trd, 8639195.279, 140
Trd, 8639195.379, 140
Trd, 8639195.412, 140
Trd, 8639195.479, 140
Trd, 8639195.646, 140
Trd, 8639195.679, 139
Trd, 8639195.979, 139
Trd, 8639196.712, 140
Trd, 8639197.579, 140
Trd, 8639198.279, 140
Trd, 8639198.912, 140
Trd, 8639199.212, 140
Trd, 8639199.979, 140
Trd, 8639200.246, 140
Trd, 8639200.746, 140
Trd, 8639200.779, 140
Trd, 8639201.112, 140
Trd, 8639201.212, 140
Trd, 8639201.446, 140
Trd, 8639201.512, 140
Trd, 8639201.712, 101
Trd, 8639201.779, 90
Trd, 8639202.212, 60
Trd, 8639203.112, 60
Trd, 8639203.179, 64
Trd, 8639203.346, 64
Trd, 8639203.379, 65
Trd, 8639203.546, 63
Trd, 8639204.312, 140
Trd, 8639205.246, 140
Trd, 8639206.212, 140
Trd, 8639206.379, 140
Trd, 8639206.612, 140
Trd, 8639206.846, 140
Trd, 8639209.012, 140
Trd, 8639209.312, 140
Trd, 8639209.479, 140
Trd, 8639210.079, 140
Trd, 8639210.646, 140
Trd, 8639211.612, 140
Trd, 8639212.379, 140
Trd, 8639212.646, 140
Trd, 8639213.412, 140
Trd, 8639213.446, 140
Trd, 8639213.812, 140
Trd, 8639214.446, 140
Trd, 8639214.746, 140
Trd, 8639214.979, 140
Trd, 8639215.546, 140
Trd, 8639215.779, 140
Trd, 8639216.546, 140
Trd, 8639217.479, 140
Trd, 8639217.679, 140
Trd, 8639218.046, 140
Trd, 8639218.312, 140
Trd, 8639218.712, 140
Trd, 8639218.746, 140
Trd, 8639219.212, 140
Trd, 8639219.779, 140
Trd, 8639219.946, 140
Trd, 8639220.446, 140
Trd, 8639220.879, 140
Trd, 8639221.079, 140
Trd, 8639221.546, 139
Trd, 8639222.379, 140
Trd, 8639223.279, 140
Trd, 8639223.379, 140
Trd, 8639223.746, 140
Trd, 8639224.646, 140
Trd, 8639225.479, 140
Trd, 8639227.812, 140
Trd, 8639227.979, 140
Trd, 8639228.179, 140
Trd, 8639228.746, 140
Trd, 8639228.979, 140
Trd, 8639229.246, 140
Trd, 8639229.346, 140
Trd, 8639229.646, 140
Trd, 8639230.379, 140
Trd, 8639230.446, 140
Trd, 8639230.579, 140
Trd, 8639230.679, 140
Trd, 8639230.979, 140
Trd, 8639232.012, 137
Trd, 8639232.346, 136
Trd, 8639232.412, 138
Trd, 8639232.779, 138
Trd, 8639232.846, 139
Trd, 8639233.246, 138
Trd, 8639233.312, 135
Trd, 8639233.679, 139
Trd, 8639234.646, 140
Trd, 8639234.979, 140
Trd, 8639236.612, 140
Trd, 8639236.679, 140
Trd, 8639237.079, 140
Trd, 8639237.879, 140
Trd, 8639238.012, 140
Trd, 8639238.479, 140
Trd, 8639238.512, 140
Trd, 8639239.346, 140
Trd, 8639240.479, 140
Trd, 8639240.512, 139
Trd, 8639241.512, 140
Trd, 8639242.246, 140
Trd, 8639242.312, 140
Trd, 8639242.346, 140
Trd, 8639243.546, 140
Trd, 8639243.612, 140
Trd, 8639243.846, 140
Trd, 8639243.912, 140
Trd, 8639244.779, 139
Trd, 8639245.212, 139
Trd, 8639245.279, 139
Trd, 8639245.412, 139
Trd, 8639245.546, 138
Trd, 8639245.612, 140
Trd, 8639246.446, 140
Trd, 8639246.546, 138
Trd, 8639246.946, 140
Trd, 8639247.179, 112
Trd, 8639247.479, 140
Trd, 8639248.446, 140
Trd, 8639248.512, 140
Trd, 8639249.712, 140
Trd, 8639250.246, 140
Trd, 8639250.312, 140
Trd, 8639250.512, 139
Trd, 8639251.712, 140
Trd, 8639252.146, 140
Trd, 8639252.412, 140
Trd, 8639252.679, 140
Trd, 8639252.879, 139
Trd, 8639253.146, 137
Trd, 8639253.379, 140
Trd, 8639254.012, 140
Trd, 8639254.146, 136
Trd, 8639254.479, 135
Trd, 8639255.546, 140
Trd, 8639256.112, 140
Trd, 8639257.279, 140
Trd, 8639257.846, 140
Trd, 8639257.879, 140
Trd, 8639258.012, 140
Trd, 8639258.046, 140
Trd, 8639258.212, 136
Trd, 8639258.779, 140
Trd, 8639259.712, 140
Trd, 8639260.212, 140
Trd, 8639260.879, 140
Trd, 8639261.279, 140
Trd, 8639261.479, 140
Trd, 8639261.846, 140
Trd, 8639263.046, 140
Trd, 8639263.246, 140
Trd, 8639264.646, 140
Trd, 8639265.112, 140
Trd, 8639265.212, 140
Trd, 8639265.679, 140
Trd, 8639266.612, 140
Trd, 8639266.946, 140
Trd, 8639267.212, 139
Trd, 8639268.246, 140
Trd, 8639268.479, 140
Trd, 8639269.779, 140
Trd, 8639269.979, 140
Trd, 8639270.112, 140
Trd, 8639270.212, 140
Trd, 8639271.379, 140
Trd, 8639271.612, 140
Trd, 8639271.679, 140
Trd, 8639271.946, 140
Trd, 8639272.012, 140
Trd, 8639272.746, 140
Trd, 8639273.046, 140
Trd, 8639273.379, 140
Trd, 8639273.546, 140
Trd, 8639273.612, 140
Trd, 8639274.012, 140
Trd, 8639274.212, 139
Trd, 8639274.412, 138
Trd, 8639275.212, 140
Trd, 8639275.546, 140
Trd, 8639275.912, 140
Trd, 8639275.979, 139
Trd, 8639276.212, 140
Trd, 8639276.712, 137
Trd, 8639277.046, 140
Trd, 8639277.812, 111
Trd, 8639278.279, 138
Trd, 8639279.179, 135
Trd, 8639279.279, 138
Trd, 8639279.312, 101
Trd, 8639279.379, 88
Trd, 8639280.079, 140
Trd, 8639280.112, 140
Trd, 8639280.312, 140
Trd, 8639280.746, 139
Trd, 8639281.246, 102
Trd, 8639282.479, 140
Trd, 8639282.546, 140
Trd, 8639282.846, 140
Trd, 8639283.646, 140
Trd, 8639284.312, 140
Trd, 8639284.812, 140
Trd, 8639285.012, 140
Trd, 8639285.246, 139
Trd, 8639285.846, 140
Trd, 8639286.746, 140
Trd, 8639286.979, 140
Trd, 8639288.412, 140
Trd, 8639288.679, 140
Trd, 8639288.746, 140
Trd, 8639289.112, 140
Trd, 8639289.179, 140
Trd, 8639289.412, 140
Trd, 8639289.612, 140
Trd, 8639290.012, 140
Trd, 8639290.546, 139
Trd, 8639291.279, 140
Trd, 8639291.479, 140
Trd, 8639291.546, 140
Trd, 8639292.179, 134
Trd, 8639293.046, 137
Trd, 8639293.279, 133
Trd, 8639293.812, 140
Trd, 8639293.946, 140
Trd, 8639294.746, 140
Trd, 8639294.846, 140
Trd, 8639295.746, 140
Trd, 8639296.579, 140
Trd, 8639297.512, 140
Trd, 8639297.646, 140
Trd, 8639297.812, 140
Trd, 8639298.046, 140
Trd, 8639298.246, 140
Trd, 8639298.412, 140
Trd, 8639299.546, 140
Trd, 8639300.346, 140
Trd, 8639301.312, 140
Trd, 8639301.546, 140
Trd, 8639302.179, 140
Trd, 8639302.446, 140
Trd, 8639303.579, 140
Trd, 8639303.946, 140
Trd, 8639304.079, 140
Trd, 8639304.112, 138
Trd, 8639304.146, 138
Trd, 8639305.079, 139
Trd, 8639305.579, 139
Trd, 8639305.679, 138
Trd, 8639305.946, 140
Trd, 8639306.879, 140
Trd, 8639307.912, 140
Trd, 8639308.346, 140
Trd, 8639308.946, 140
Trd, 8639309.346, 140
Trd, 8639310.612, 140
Trd, 8639310.712, 140
Trd, 8639311.279, 140
Trd, 8639311.379, 140
Trd, 8639311.579, 139
Trd, 8639311.679, 139
Trd, 8639311.979, 138
Trd, 8639312.346, 137
Trd, 8639312.379, 138
Trd, 8639312.912, 137
Trd, 8639312.946, 135
Trd, 8639313.846, 137
Trd, 8639313.979, 84
Trd, 8639314.646, 140
Trd, 8639315.746, 140
Trd, 8639316.312, 140
Trd, 8639317.146, 140
Trd, 8639317.812, 140
Trd, 8639317.912, 140
Trd, 8639318.012, 140
Trd, 8639318.446, 140
Trd, 8639318.512, 140
Trd, 8639319.246, 140
Trd, 8639319.379, 140
Trd, 8639320.779, 140
Trd, 8639321.146, 140
Trd, 8639321.212, 140
Trd, 8639321.412, 140
Trd, 8639321.746, 140
Trd, 8639322.046, 140
Trd, 8639322.346, 140
Trd, 8639323.846, 140
Trd, 8639324.379, 140
Trd, 8639325.079, 140
Trd, 8639325.146, 140
Trd, 8639325.646, 140
Trd, 8639325.712, 140
Trd, 8639325.812, 140
Trd, 8639326.012, 140
Trd, 8639326.112, 140
Trd, 8639326.179, 139
Trd, 8639326.746, 140
Trd, 8639327.046, 140
Trd, 8639327.412, 140
Trd, 8639328.446, 140
Trd, 8639328.712, 140
Trd, 8639328.979, 138
Trd, 8639329.512, 140
Trd, 8639329.846, 88
Trd, 8639330.479, 80
Trd, 8639330.712, 140
Trd, 8639331.379, 138
Trd, 8639331.412, 66
Trd, 8639331.846, 140
Trd, 8639332.246, 140
Trd, 8639333.246, 140
Trd, 8639333.346, 140
Trd, 8639333.546, 140
Trd, 8639334.812, 140
Trd, 8639335.946, 140
Trd, 8639336.379, 140
Trd, 8639336.579, 140
Trd, 8639336.846, 140
Trd, 8639337.046, 140
Trd, 8639337.412, 139
Trd, 8639337.746, 139
Trd, 8639338.779, 140
Trd, 8639339.546, 140
Trd, 8639339.579, 139
Trd, 8639339.779, 139
Trd, 8639340.246, 140
Trd, 8639340.446, 140
Trd, 8639341.046, 140
Trd, 8639341.412, 60
Trd, 8639342.012, 104
Trd, 8639342.212, 64
Trd, 8639342.412, 140
Trd, 8639343.212, 140
Trd, 8639343.712, 140
Trd, 8639344.179, 140
Trd, 8639344.246, 107
Trd, 8639344.546, 72
Trd, 8639344.612, 61
Trd, 8639345.112, 139
Trd, 8639345.712, 139
Trd, 8639346.279, 139
Trd, 8639346.612, 139
Trd, 8639346.779, 139
Trd, 8639347.346, 138
Trd, 8639348.146, 138
Trd, 8639348.246, 136
Trd, 8639348.479, 138
Trd, 8639349.346, 60
Trd, 8639349.846, 60
Trd, 8639350.179, 61
Trd, 8639351.079, 60
Trd, 8639351.212, 60
Trd, 8639351.346, 60
Trd, 8639351.579, 61
Trd, 8639352.179, 60
Trd, 8639352.779, 60
Trd, 8639352.946, 60
Trd, 8639353.079, 61
Trd, 8639353.346, 65
Trd, 8639354.346, 60
Trd, 8639354.512, 60
Trd, 8639354.612, 60
Trd, 8639355.146, 61
Trd, 8639355.379, 62
Trd, 8639356.546, 60
Trd, 8639356.912, 60
Trd, 8639358.046, 62
Trd, 8639358.212, 62
Trd, 8639358.979, 61
Trd, 8639359.312, 60
Trd, 8639359.379, 62
Trd, 8639360.046, 60
Trd, 8639360.346, 61
Trd, 8639360.412, 61
Trd, 8639360.979, 60
Trd, 8639361.279, 60
Trd, 8639361.346, 62
Trd, 8639361.412, 60
Trd, 8639361.979, 63
Trd, 8639362.546, 139
Trd, 8639362.879, 140
Trd, 8639363.679, 72
Trd, 8639364.012, 139
Trd, 8639364.479, 65
Trd, 8639365.079, 60
Trd, 8639365.246, 63
Trd, 8639365.946, 139
Trd, 8639366.946, 140
Trd, 8639366.979, 138
Trd, 8639367.012, 91
Trd, 8639368.612, 140
Trd, 8639369.812, 140
Trd, 8639369.946, 140
Trd, 8639370.212, 140
Trd, 8639370.279, 140
Trd, 8639370.346, 140
Trd, 8639370.812, 140
Trd, 8639372.679, 140
Trd, 8639373.079, 140
Trd, 8639373.979, 140
Trd, 8639374.246, 140
Trd, 8639374.379, 140
Trd, 8639374.679, 140
Trd, 8639375.379, 140
Trd, 8639375.679, 140
Trd, 8639375.946, 140
Trd, 8639376.679, 140
Trd, 8639376.879, 140
Trd, 8639377.046, 140
Trd, 8639377.246, 139
Trd, 8639377.946, 140
Trd, 8639378.246, 140
Trd, 8639378.579, 140
Trd, 8639378.779, 139
Trd, 8639380.312, 140
Trd, 8639380.346, 140
Trd, 8639380.579, 139
Trd, 8639380.679, 139
Trd, 8639381.312, 140
Trd, 8639381.646, 140
Trd, 8639382.012, 139
Trd, 8639382.712, 140
Trd, 8639382.746, 140
Trd, 8639382.946, 140
Trd, 8639383.946, 140
Trd, 8639384.579, 140
Trd, 8639384.979, 140
Trd, 8639385.346, 140
Trd, 8639385.779, 140
Trd, 8639386.312, 140
Trd, 8639386.379, 140
Trd, 8639386.512, 139
Trd, 8639386.779, 140
Trd, 8639387.179, 140
Trd, 8639387.479, 140
Trd, 8639389.579, 140
Trd, 8639389.812, 140
Trd, 8639389.846, 140
Trd, 8639390.446, 140
Trd, 8639391.279, 140
Trd, 8639391.346, 140
Trd, 8639392.379, 140
Trd, 8639393.579, 140
Trd, 8639393.679, 140
Trd, 8639393.746, 140
Trd, 8639394.046, 140
Trd, 8639394.379, 140
Trd, 8639394.412, 140
Trd, 8639395.079, 140
Trd, 8639395.412, 140
Trd, 8639395.779, 140
Trd, 8639396.412, 137
Trd, 8639396.712, 140
Trd, 8639397.312, 140
Trd, 8639398.079, 140
Trd, 8639398.179, 140
Trd, 8639398.346, 139
Trd, 8639399.612, 140
Trd, 8639399.979, 140
Trd, 8639400.046, 140
Trd, 8639400.179, 140
Trd, 8639401.146, 140
Trd, 8639401.212, 140
Trd, 8639401.812, 139
Trd, 8639401.946, 139
Trd, 8639402.479, 140
Trd, 8639402.946, 140
Trd, 8639403.146, 140
Trd, 8639403.246, 140
Trd, 8639403.712, 139
Trd, 8639404.079, 140
Trd, 8639404.146, 139
Trd, 8639404.212, 95
Trd, 8639404.646, 93
Trd, 8639404.979, 62
Trd, 8639405.879, 140
Trd, 8639406.846, 140
Trd, 8639407.579, 140
Trd, 8639407.712, 140
Trd, 8639408.046, 140
Trd, 8639408.212, 140
Trd, 8639408.279, 138
Trd, 8639409.212, 140
Trd, 8639409.979, 140
Trd, 8639410.712, 140
Trd, 8639410.812, 140
Trd, 8639411.512, 140
Trd, 8639411.779, 140
Trd, 8639412.412, 140
Trd, 8639412.646, 140
Trd, 8639412.946, 140
Trd, 8639413.912, 139
Trd, 8639414.512, 140
Trd, 8639414.779, 140
Trd, 8639415.612, 140
Trd, 8639415.746, 140
Trd, 8639415.879, 140
Trd, 8639416.446, 140
Trd, 8639418.012, 140
Trd, 8639418.246, 140
Trd, 8639418.446, 140
Trd, 8639418.846, 140
Trd, 8639419.479, 140
Trd, 8639420.412, 140
Trd, 8639421.079, 140
Trd, 8639421.246, 140
Trd, 8639421.579, 140
Trd, 8639421.779, 140
Trd, 8639422.112, 140
Trd, 8639422.212, 140
Trd, 8639422.379, 140
Trd, 8639422.646, 140
Trd, 8639423.212, 140
Trd, 8639423.446, 136
Trd, 8639423.579, 124
Trd, 8639424.212, 140
Trd, 8639424.546, 140
Trd, 8639424.779, 139
Trd, 8639426.046, 140
Trd, 8639426.246, 140
Trd, 8639426.979, 140
Trd, 8639427.279, 140
Trd, 8639427.779, 140
Trd, 8639427.912, 140
Trd, 8639428.612, 140
Trd, 8639428.646, 140
Trd, 8639429.046, 139
Trd, 8639429.179, 138
Trd, 8639429.279, 133
Trd, 8639429.679, 140
Trd, 8639431.679, 140
Trd, 8639431.812, 140
Trd, 8639431.846, 140
Trd, 8639432.446, 140
Trd, 8639432.846, 140
Trd, 8639434.012, 140
Trd, 8639434.246, 140
Trd, 8639434.712, 140
Trd, 8639434.879, 139
Trd, 8639434.979, 139
Trd, 8639435.479, 140
Trd, 8639435.779, 140
Trd, 8639436.212, 140
Trd, 8639436.879, 140
Trd, 8639437.112, 140
Trd, 8639437.312, 140
Trd, 8639437.512, 140
Trd, 8639437.812, 140
Trd, 8639437.879, 140
Trd, 8639438.446, 140
Trd, 8639439.412, 140
Trd, 8639440.112, 140
Trd, 8639441.879, 140
Trd, 8639442.179, 140
Trd, 8639442.612, 140
Trd, 8639442.679, 140
Trd, 8639442.979, 140
Trd, 8639443.112, 140
Trd, 8639443.146, 140
Trd, 8639445.212, 140
Trd, 8639446.079, 140
Trd, 8639446.212, 139
Trd, 8639446.279, 139
Trd, 8639446.446, 140
Trd, 8639446.912, 140
Trd, 8639446.979, 140
Trd, 8639447.979, 140
Trd, 8639448.212, 140
Trd, 8639448.579, 140
Trd, 8639449.312, 140
Trd, 8639449.479, 140
Trd, 8639450.112, 140
Trd, 8639450.646, 140
Trd, 8639451.546, 140
Trd, 8639451.679, 140
Trd, 8639452.379, 140
Trd, 8639452.512, 140
Trd, 8639453.512, 140
Trd, 8639453.879, 140
Trd, 8639453.979, 140
Trd, 8639454.046, 139
Trd, 8639455.146, 140
Trd, 8639455.179, 139
Trd, 8639455.946, 140
Trd, 8639456.079, 140
Trd, 8639456.312, 139
Trd, 8639457.779, 140
Trd, 8639457.846, 140
Trd, 8639458.179, 140
Trd, 8639458.546, 140
Trd, 8639459.412, 140
Trd, 8639459.479, 140
Trd, 8639459.512, 140
Trd, 8639460.246, 140
Trd, 8639461.779, 140
Trd, 8639461.812, 140
Trd, 8639461.846, 140
Trd, 8639462.179, 140
Trd, 8639462.246, 140
Trd, 8639462.779, 139
Trd, 8639462.812, 139
Trd, 8639462.879, 138
Trd, 8639463.346, 140
Trd, 8639463.512, 140
Trd, 8639464.379, 140
Trd, 8639464.779, 140
Trd, 8639465.112, 140
Trd, 8639465.512, 140
Trd, 8639465.746, 140
Trd, 8639465.846, 140
Trd, 8639466.312, 140
Trd, 8639466.546, 104
Trd, 8639466.646, 91
Trd, 8639467.079, 140
Trd, 8639467.279, 140
Trd, 8639467.546, 137
Trd, 8639468.212, 126
Trd, 8639468.379, 61
Trd, 8639468.846, 140
Trd, 8639469.246, 115
Trd, 8639471.012, 140
Trd, 8639471.679, 140
Trd, 8639472.012, 140
Trd, 8639472.079, 140
Trd, 8639472.979, 139
Trd, 8639473.812, 140
Trd, 8639475.212, 140
Trd, 8639476.012, 140
Trd, 8639476.046, 140
Trd, 8639476.379, 140
Trd, 8639476.746, 139
Trd, 8639476.846, 139
Trd, 8639476.946, 139
Trd, 8639478.146, 140
Trd, 8639478.179, 140
Trd, 8639478.346, 140
Trd, 8639478.779, 140
Trd, 8639479.446, 140
Trd, 8639481.046, 140
Trd, 8639481.112, 140
Trd, 8639481.779, 140
Trd, 8639481.912, 140
Trd, 8639482.146, 140
Trd, 8639482.946, 139
Trd, 8639483.746, 140
Trd, 8639483.846, 139
Trd, 8639484.546, 140
Trd, 8639484.746, 140
Trd, 8639485.146, 140
Trd, 8639485.279, 140
Trd, 8639486.079, 140
Trd, 8639486.212, 140
Trd, 8639487.012, 140
Trd, 8639487.446, 139
Trd, 8639487.612, 138
Trd, 8639488.512, 140
Trd, 8639488.812, 140
Trd, 8639488.946, 140
Trd, 8639489.579, 139
Trd, 8639490.046, 139
Trd, 8639491.612, 140
Trd, 8639491.979, 140
Trd, 8639492.346, 140
Trd, 8639492.646, 140
Trd, 8639492.812, 140
Trd, 8639493.279, 139
Trd, 8639493.379, 139
Trd, 8639493.512, 137
Trd, 8639494.279, 123
Trd, 8639494.779, 140
Trd, 8639494.979, 140
Trd, 8639495.079, 140
Trd, 8639495.812, 140
Trd, 8639495.946, 140
Trd, 8639496.079, 139
Trd, 8639497.079, 140
Trd, 8639497.846, 140
Trd, 8639498.046, 140
Trd, 8639499.046, 140
Trd, 8639499.146, 140
Trd, 8639500.079, 140
Trd, 8639500.546, 140
Trd, 8639501.512, 140
Trd, 8639501.912, 140
Trd, 8639502.446, 140
Trd, 8639502.546, 140
Trd, 8639503.546, 140
Trd, 8639503.579, 140
Trd, 8639503.712, 140
Trd, 8639503.746, 140
Trd, 8639503.979, 140
Trd, 8639504.312, 140
Trd, 8639504.479, 139
Trd, 8639504.679, 140
Trd, 8639505.379, 140
Trd, 8639506.279, 140
Trd, 8639506.412, 140
Trd, 8639507.446, 140
Trd, 8639507.679, 140
Trd, 8639508.112, 140
Trd, 8639508.212, 140
Trd, 8639509.046, 140
Trd, 8639509.212, 140
Trd, 8639509.712, 140
Trd, 8639510.312, 139
Trd, 8639510.612, 140
Trd, 8639511.312, 139
Trd, 8639511.812, 140
Trd, 8639512.046, 140
Trd, 8639513.079, 140
Trd, 8639513.112, 140
Trd, 8639513.346, 140
Trd, 8639513.412, 140
Trd, 8639513.479, 140
Trd, 8639514.246, 140
Trd, 8639514.746, 138
Trd, 8639515.179, 139
Trd, 8639516.179, 138
Trd, 8639516.346, 140
Trd, 8639516.779, 140
Trd, 8639517.012, 140
Trd, 8639517.379, 140
Trd, 8639517.679, 140
Trd, 8639518.079, 140
Trd, 8639518.379, 140
Trd, 8639519.279, 140
Trd, 8639520.279, 140
Trd, 8639521.112, 140
Trd, 8639521.879, 140
Trd, 8639522.646, 140
Trd, 8639522.746, 140
Trd, 8639522.879, 140
Trd, 8639523.212, 140
Trd, 8639523.512, 140
Trd, 8639523.812, 140
Trd, 8639524.379, 140
Trd, 8639525.312, 140
Trd, 8639525.812, 140
Trd, 8639526.079, 140
Trd, 8639526.712, 140
Trd, 8639527.446, 140
Trd, 8639528.079, 140
Trd, 8639528.146, 140
Trd, 8639528.246, 140
Trd, 8639529.012, 140
Trd, 8639530.046, 140
Trd, 8639530.712, 140
Trd, 8639530.746, 140
Trd, 8639531.312, 140
Trd, 8639531.746, 140
Trd, 8639531.846, 140
Trd, 8639532.779, 140
Trd, 8639532.846, 138
Trd, 8639533.179, 139
Trd, 8639533.279, 131
Trd, 8639533.812, 140
Trd, 8639534.679, 140
Trd, 8639535.046, 140
Trd, 8639535.346, 140
Trd, 8639535.479, 140
Trd, 8639535.746, 140
Trd, 8639536.012, 140
Trd, 8639536.646, 139
Trd, 8639536.846, 136
Trd, 8639537.112, 121
Trd, 8639537.546, 140
Trd, 8639537.646, 138
Trd, 8639537.812, 94
Trd, 8639540.346, 140
Trd, 8639540.812, 140
Trd, 8639541.179, 140
Trd, 8639541.212, 140
Trd, 8639541.346, 140
Trd, 8639542.479, 140
Trd, 8639542.779, 140
Trd, 8639542.912, 140
Trd, 8639543.846, 140
Trd, 8639543.979, 140
Trd, 8639545.546, 140
Trd, 8639545.812, 140
Trd, 8639546.312, 140
Trd, 8639546.479, 140
Trd, 8639546.546, 140
Trd, 8639546.612, 140
Trd, 8639547.212, 140
Trd, 8639547.579, 140
Trd, 8639547.979, 139
Trd, 8639548.746, 140
Trd, 8639549.512, 140
Trd, 8639549.979, 140
Trd, 8639550.012, 140
Trd, 8639550.412, 140
Trd, 8639551.112, 140
Trd, 8639551.279, 140
Trd, 8639551.412, 140
Trd, 8639551.812, 140
Trd, 8639551.912, 138
Trd, 8639552.946, 140
Trd, 8639553.379, 139
Trd, 8639553.979, 140
Trd, 8639554.612, 140
Trd, 8639555.079, 140
Trd, 8639555.412, 140
Trd, 8639556.279, 140
Trd, 8639556.346, 139
Trd, 8639557.146, 140
Trd, 8639557.612, 140
Trd, 8639557.746, 139
Trd, 8639558.146, 140
Trd, 8639558.512, 140
Trd, 8639558.746, 140
Trd, 8639559.312, 139
Trd, 8639559.612, 137
Trd, 8639560.546, 140
Trd, 8639560.612, 140
Trd, 8639561.846, 134
Trd, 8639562.212, 140
Trd, 8639562.312, 140
Trd, 8639562.579, 140
Trd, 8639562.679, 83
Trd, 8639563.312, 139
Trd, 8639563.846, 77
Trd, 8639564.146, 75
Trd, 8639565.379, 60
Trd, 8639565.712, 60
Trd, 8639565.846, 60
Trd, 8639566.246, 62
Trd, 8639566.446, 63
Trd, 8639566.579, 65
Trd, 8639566.946, 95
Trd, 8639567.179, 66
Trd, 8639568.379, 140
Trd, 8639568.479, 140
Trd, 8639568.646, 139
Trd, 8639568.812, 62
Trd, 8639569.379, 140
Trd, 8639569.646, 140
Trd, 8639570.079, 140
Trd, 8639570.446, 140
Trd, 8639570.546, 140
Trd, 8639570.579, 135
Trd, 8639570.746, 60
Trd, 8639571.279, 133
Trd, 8639571.779, 138
Trd, 8639572.279, 140
Trd, 8639572.812, 140
Trd, 8639574.046, 140
Trd, 8639574.112, 140
Trd, 8639574.446, 139
Trd, 8639575.679, 140
Trd, 8639575.746, 140
Trd, 8639576.546, 140
Trd, 8639576.579, 140
Trd, 8639577.079, 140
Trd, 8639577.612, 140
Trd, 8639577.779, 140
Trd, 8639578.179, 140
Trd, 8639579.179, 140
Trd, 8639579.979, 140
Trd, 8639580.646, 140
Trd, 8639581.146, 140
Trd, 8639581.446, 140
Trd, 8639581.479, 140
Trd, 8639581.646, 139
Trd, 8639581.912, 139
Trd, 8639582.446, 135
Trd, 8639582.812, 137
Trd, 8639582.946, 122
Trd, 8639583.912, 140
Trd, 8639584.179, 137
Trd, 8639584.612, 137
Trd, 8639584.946, 60
Trd, 8639585.146, 60
Trd, 8639585.879, 60
Trd, 8639586.012, 60
Trd, 8639586.112, 64
Trd, 8639586.579, 65
Trd, 8639586.912, 63
Trd, 8639587.279, 138
Trd, 8639588.079, 140
Trd, 8639588.179, 140
Trd, 8639588.712, 140
Trd, 8639589.212, 140
Trd, 8639589.946, 140
Trd, 8639590.546, 140
Trd, 8639590.712, 140
Trd, 8639590.812, 140
Trd, 8639590.912, 137
Trd, 8639590.946, 130
Trd, 8639591.512, 66
Trd, 8639592.146, 60
Trd, 8639592.612, 60
Trd, 8639593.446, 60
Trd, 8639593.579, 61
Trd, 8639593.646, 62
Trd, 8639593.979, 62
Trd, 8639594.379, 64
Trd, 8639594.612, 66
Trd, 8639594.679, 60
Trd, 8639595.212, 61
Trd, 8639595.546, 62
Trd, 8639595.646, 60
Trd, 8639597.146, 140
Trd, 8639597.212, 140
Trd, 8639597.479, 140
Trd, 8639597.879, 140
Trd, 8639597.912, 139
Trd, 8639598.746, 140
Trd, 8639599.612, 140
Trd, 8639599.712, 140
Trd, 8639600.312, 140
Trd, 8639600.346, 140
Trd, 8639602.746, 140
Trd, 8639602.879, 140
Trd, 8639603.046, 140
Trd, 8639603.446, 140
Trd, 8639603.612, 140
Trd, 8639604.112, 140
Trd, 8639604.746, 140
Trd, 8639605.512, 140
Trd, 8639605.879, 140
Trd, 8639606.012, 140
Trd, 8639606.312, 140
Trd, 8639606.812, 140
Trd, 8639608.379, 140
Trd, 8639608.646, 140
Trd, 8639609.212, 140
Trd, 8639609.879, 140
Trd, 8639609.946, 140
Trd, 8639609.979, 140
Trd, 8639610.212, 139
Trd, 8639610.746, 139
Trd, 8639611.679, 140
Trd, 8639612.846, 140
Trd, 8639613.112, 140
Trd, 8639613.512, 139
Trd, 8639613.879, 85
Trd, 8639614.179, 136
Trd, 8639614.446, 137
Trd, 8639614.646, 140
Trd, 8639614.746, 139
Trd, 8639615.412, 140
Trd, 8639615.512, 140
Trd, 8639616.779, 140
Trd, 8639617.079, 140
Trd, 8639617.979, 140
Trd, 8639618.612, 140
Trd, 8639618.646, 140
Trd, 8639618.746, 140
Trd, 8639620.779, 140
Trd, 8639620.979, 140
Trd, 8639621.746, 140
Trd, 8639621.846, 140
Trd, 8639621.946, 140
Trd, 8639621.979, 140
Trd, 8639622.512, 139
Trd, 8639623.012, 140
Trd, 8639623.579, 140
Trd, 8639623.912, 140
Trd, 8639624.479, 140
Trd, 8639624.579, 140
Trd, 8639625.679, 140
Trd, 8639626.012, 140
Trd, 8639626.646, 140
Trd, 8639626.979, 140
Trd, 8639627.012, 139
Trd, 8639628.979, 140
Trd, 8639629.046, 140
Trd, 8639629.346, 140
Trd, 8639629.479, 140
Trd, 8639629.646, 140
Trd, 8639629.779, 140
Trd, 8639630.012, 139
Trd, 8639630.079, 140
Trd, 8639630.346, 139
Trd, 8639630.879, 136
Trd, 8639631.079, 118
Trd, 8639631.612, 138
Trd, 8639631.779, 139
Trd, 8639631.979, 140
Trd, 8639632.279, 86
Trd, 8639632.612, 130
Trd, 8639632.879, 135
Trd, 8639633.479, 71
Trd, 8639633.779, 72
Trd, 8639634.646, 60
Trd, 8639634.846, 60
Trd, 8639635.079, 60
Trd, 8639635.846, 60
Trd, 8639636.612, 61
Trd, 8639636.812, 63
Trd, 8639637.546, 60
Trd, 8639638.179, 60
Trd, 8639638.879, 60
Trd, 8639639.046, 60
Trd, 8639639.079, 62
Trd, 8639639.679, 60
Trd, 8639639.712, 62
Trd, 8639640.712, 60
Trd, 8639641.079, 60
Trd, 8639641.246, 60
Trd, 8639641.379, 61
Trd, 8639641.579, 64
Trd, 8639641.646, 69
Trd, 8639642.112, 65
Trd, 8639642.479, 139
Trd, 8639642.979, 140
Trd, 8639643.179, 139
Trd, 8639643.212, 139
Trd, 8639644.279, 140
Trd, 8639644.379, 139
Trd, 8639644.579, 139
Trd, 8639644.979, 140
Trd, 8639646.279, 61
Trd, 8639647.146, 60
Trd, 8639647.279, 60
Trd, 8639647.479, 61
Trd, 8639647.646, 63
Trd, 8639647.712, 64
Trd, 8639648.112, 60
Trd, 8639648.312, 60
Trd, 8639650.079, 60
Trd, 8639650.179, 60
Trd, 8639650.579, 60
Trd, 8639651.712, 60
Trd, 8639651.846, 61
Trd, 8639652.012, 62
Trd, 8639652.746, 60
Trd, 8639652.779, 60
Trd, 8639653.079, 61
Trd, 8639653.246, 61
Trd, 8639653.479, 65
Trd, 8639653.546, 61
Trd, 8639653.612, 73
Trd, 8639654.146, 62
Trd, 8639655.112, 63
Trd, 8639655.279, 65
Trd, 8639655.912, 60
Trd, 8639657.212, 61
Trd, 8639657.246, 62
Trd, 8639657.512, 139
Trd, 8639657.946, 62
Trd, 8639658.746, 61
Trd, 8639660.446, 60
Trd, 8639660.579, 60
Trd, 8639660.779, 60
Trd, 8639661.246, 60
Trd, 8639661.379, 63
Trd, 8639661.912, 60
Trd, 8639662.246, 60
Trd, 8639662.479, 60
Trd, 8639662.946, 60
Trd, 8639663.112, 60
Trd, 8639663.279, 61
Trd, 8639663.612, 63
Trd, 8639663.779, 60
Trd, 8639664.046, 61
Trd, 8639664.546, 61
Trd, 8639665.046, 60
Trd, 8639665.612, 61
Trd, 8639665.746, 65
Trd, 8639666.012, 63
Trd, 8639666.479, 140
Trd, 8639666.912, 128
Trd, 8639667.046, 136
Trd, 8639667.712, 140
Trd, 8639667.812, 128
Trd, 8639668.279, 140
Trd, 8639669.479, 140
Trd, 8639669.712, 140
Trd, 8639670.379, 140
Trd, 8639670.446, 140
Trd, 8639670.546, 140
Trd, 8639670.812, 140
Trd, 8639671.246, 139
Trd, 8639671.379, 106
Trd, 8639671.979, 72
Trd, 8639672.779, 140
Trd, 8639674.146, 140
Trd, 8639674.812, 140
Trd, 8639675.412, 140
Trd, 8639675.446, 140
Trd, 8639676.179, 140
Trd, 8639676.246, 140
Trd, 8639676.346, 140
Trd, 8639676.379, 139
Trd, 8639676.579, 137
Trd, 8639676.746, 138
Trd, 8639677.579, 137
Trd, 8639677.746, 136
Trd, 8639678.212, 135
Trd, 8639678.279, 138
Trd, 8639678.446, 84
Trd, 8639679.479, 135
Trd, 8639679.612, 62
Trd, 8639679.846, 61
Trd, 8639680.946, 140
Trd, 8639681.046, 140
Trd, 8639681.312, 140
Trd, 8639681.346, 140
Trd, 8639681.379, 139
Trd, 8639682.112, 62
Trd, 8639682.812, 61
Trd, 8639682.979, 61
Trd, 8639684.512, 60
Trd, 8639684.779, 60
Trd, 8639684.979, 60
Trd, 8639685.012, 62
Trd, 8639685.712, 60
Trd, 8639686.179, 60
Trd, 8639686.779, 60
Trd, 8639687.579, 60
Trd, 8639687.846, 63
Trd, 8639687.946, 63
Trd, 8639688.079, 61
Trd, 8639688.279, 140
Trd, 8639688.712, 140
Trd, 8639688.879, 140
Trd, 8639689.379, 140
Trd, 8639690.179, 135
Trd, 8639690.412, 134
Trd, 8639690.579, 91
Trd, 8639690.612, 89
Trd, 8639691.546, 136
Trd, 8639692.546, 67
Trd, 8639692.712, 124
Trd, 8639693.246, 117
Trd, 8639694.312, 60
Trd, 8639694.346, 65
Trd, 8639694.446, 124
Trd, 8639695.112, 61
Trd, 8639695.246, 60
Trd, 8639695.312, 61
Trd, 8639695.912, 60
Trd, 8639695.979, 60
Trd, 8639696.146, 61
Trd, 8639696.712, 61
Trd, 8639697.579, 60
Trd, 8639697.812, 60
Trd, 8639698.346, 61
Trd, 8639698.879, 61
Trd, 8639699.279, 62
Trd, 8639699.546, 64
Trd, 8639700.579, 60
Trd, 8639701.246, 60
Trd, 8639701.879, 61
Trd, 8639702.179, 61
Trd, 8639702.946, 60
Trd, 8639703.279, 60
Trd, 8639703.479, 62
Trd, 8639703.679, 64
Trd, 8639703.912, 63
Trd, 8639704.146, 139
Trd, 8639704.346, 137
Trd, 8639704.412, 61
Trd, 8639705.246, 66
Trd, 8639705.279, 60
Trd, 8639706.279, 140
Trd, 8639706.512, 138
Trd, 8639706.812, 140
Trd, 8639707.512, 139
Trd, 8639708.979, 140
Trd, 8639709.112, 140
Trd, 8639709.412, 140
Trd, 8639709.712, 140
Trd, 8639709.912, 140
Trd, 8639710.079, 140
Trd, 8639711.212, 140
Trd, 8639711.479, 140
Trd, 8639712.046, 140
Trd, 8639712.212, 140
Trd, 8639712.546, 140
Trd, 8639713.112, 138
Trd, 8639713.446, 102
Trd, 8639713.912, 140
Trd, 8639714.012, 139
Trd, 8639714.746, 62
Trd, 8639715.112, 140
Trd, 8639715.979, 140
Trd, 8639716.246, 140
Trd, 8639717.579, 140
Trd, 8639718.146, 140
Trd, 8639718.246, 140
Trd, 8639719.612, 140
Trd, 8639719.779, 140
Trd, 8639720.246, 140
Trd, 8639720.912, 140
Trd, 8639721.312, 140
Trd, 8639721.512, 140
Trd, 8639721.912, 140
Trd, 8639721.979, 139
Trd, 8639722.679, 140
Trd, 8639723.146, 140
Trd, 8639723.612, 140
Trd, 8639723.946, 139
Trd, 8639724.512, 140
Trd, 8639724.979, 140
Trd, 8639725.312, 140
Trd, 8639725.746, 140
Trd, 8639726.579, 140
Trd, 8639727.079, 140
Trd, 8639727.212, 140
Trd, 8639727.846, 140
Trd, 8639727.946, 139
Trd, 8639728.246, 140
Trd, 8639729.012, 140
Trd, 8639729.079, 139
Trd, 8639729.112, 136
Trd, 8639730.179, 140
Trd, 8639730.479, 140
Trd, 8639731.346, 140
Trd, 8639731.712, 140
Trd, 8639731.946, 139
Trd, 8639732.146, 138
Trd, 8639732.246, 139
Trd, 8639733.646, 140
Trd, 8639733.879, 140
Trd, 8639734.079, 140
Trd, 8639734.412, 140
Trd, 8639734.512, 140
Trd, 8639734.712, 140
Trd, 8639735.312, 138
Trd, 8639735.946, 140
Trd, 8639737.479, 140
Trd, 8639737.712, 140
Trd, 8639738.412, 140
Trd, 8639738.846, 140
Trd, 8639739.212, 140
Trd, 8639739.779, 140
Trd, 8639740.079, 140
Trd, 8639740.679, 140
Trd, 8639740.712, 139
Trd, 8639741.112, 139
Trd, 8639741.812, 140
Trd, 8639741.879, 138
Trd, 8639742.112, 138
Trd, 8639742.546, 138
Trd, 8639743.279, 129
Trd, 8639743.346, 93
Trd, 8639743.812, 60
Trd, 8639744.346, 123
Trd, 8639744.479, 125
Trd, 8639744.579, 133
Trd, 8639745.112, 64
Trd, 8639745.579, 133
Trd, 8639745.846, 74
Trd, 8639746.546, 139
Trd, 8639747.646, 60
Trd, 8639748.079, 60
Trd, 8639748.679, 61
Trd, 8639749.212, 61
Trd, 8639749.712, 60
Trd, 8639750.212, 60
Trd, 8639750.646, 65
Trd, 8639751.446, 60
Trd, 8639751.812, 60
Trd, 8639751.912, 60
Trd, 8639752.479, 60
Trd, 8639752.579, 61
Trd, 8639753.246, 60
Trd, 8639753.312, 60
Trd, 8639753.412, 60
Trd, 8639755.779, 60
Trd, 8639756.112, 60
Trd, 8639756.179, 60
Trd, 8639756.412, 60
Trd, 8639756.446, 61
Trd, 8639756.779, 60
Trd, 8639756.946, 61
Trd, 8639757.246, 60
Trd, 8639757.679, 60
Trd, 8639758.346, 60
Trd, 8639758.412, 61
Trd, 8639759.779, 60
Trd, 8639760.112, 60
Trd, 8639760.579, 61
Trd, 8639761.046, 62
Trd, 8639761.379, 61
Trd, 8639761.712, 61
Trd, 8639762.446, 60
Trd, 8639763.179, 60
Trd, 8639763.379, 60
Trd, 8639763.446, 60
Trd, 8639763.646, 60
Trd, 8639764.212, 62
Trd, 8639764.412, 64
Trd, 8639764.846, 63
Trd, 8639765.579, 60
Trd, 8639765.879, 60
Trd, 8639766.112, 63
Trd, 8639767.046, 62
Trd, 8639768.279, 60
Trd, 8639768.312, 60
Trd, 8639768.446, 60
Trd, 8639768.646, 62
Trd, 8639769.379, 61
Trd, 8639769.512, 60
Trd, 8639770.012, 60
Trd, 8639770.146, 62
Trd, 8639770.646, 60
Trd, 8639770.979, 60
Trd, 8639771.212, 61
Trd, 8639771.879, 63
Trd, 8639772.146, 62
Trd, 8639772.179, 67
Trd, 8639772.679, 140
Trd, 8639772.779, 140
Trd, 8639772.979, 61
Trd, 8639773.512, 60
Trd, 8639774.346, 60
Trd, 8639774.512, 60
Trd, 8639775.112, 60
Trd, 8639775.346, 60
Trd, 8639775.679, 61
Trd, 8639776.979, 60
Trd, 8639777.312, 60
Trd, 8639777.346, 61
Trd, 8639777.446, 62
Trd, 8639778.679, 60
Trd, 8639779.346, 60
Trd, 8639779.412, 61
Trd, 8639779.679, 62
Trd, 8639779.712, 67
Trd, 8639780.679, 60
Trd, 8639781.446, 60
Trd, 8639781.612, 60
Trd, 8639782.146, 60
Trd, 8639783.279, 60
Trd, 8639783.446, 60
Trd, 8639783.512, 60
Trd, 8639783.612, 60
Trd, 8639783.846, 64
Trd, 8639783.912, 60
Trd, 8639784.579, 61
Trd, 8639784.746, 61
Trd, 8639784.846, 65
Trd, 8639785.279, 63
Trd, 8639785.746, 61
Trd, 8639785.979, 65
Trd, 8639786.279, 136
Trd, 8639786.312, 135
Trd, 8639786.679, 62
Trd, 8639787.846, 60
Trd, 8639787.946, 84
Trd, 8639789.812, 60
Trd, 8639790.212, 60
Trd, 8639790.746, 60
Trd, 8639791.112, 60
Trd, 8639791.146, 60
Trd, 8639791.246, 60
Trd, 8639791.746, 63
Trd, 8639791.946, 63
Trd, 8639792.979, 63
Trd, 8639794.012, 61
Trd, 8639794.246, 60
Trd, 8639794.312, 61
Trd, 8639794.512, 62
Trd, 8639794.779, 61
Trd, 8639794.879, 62
Trd, 8639795.012, 63
Trd, 8639795.146, 140
Trd, 8639795.746, 104
Trd, 8639795.779, 102
Trd, 8639796.512, 140
Trd, 8639798.279, 140
Trd, 8639798.546, 140
Trd, 8639799.079, 140
Trd, 8639799.746, 140
Trd, 8639800.546, 140
Trd, 8639800.779, 140
Trd, 8639800.979, 140
Trd, 8639801.512, 140
Trd, 8639802.179, 140
Trd, 8639802.679, 140
Trd, 8639802.712, 140
Trd, 8639803.146, 140
Trd, 8639803.679, 140
Trd, 8639803.879, 140
Trd, 8639804.012, 140
Trd, 8639804.079, 137
Trd, 8639807.179, 140
Trd, 8639807.246, 140
Trd, 8639807.512, 140
Trd, 8639807.912, 140
Trd, 8639808.546, 140
Trd, 8639809.312, 140
Trd, 8639809.546, 140
Trd, 8639810.179, 140
Trd, 8639810.379, 140
Trd, 8639810.679, 140
Trd, 8639811.146, 140
Trd, 8639811.412, 140
Trd, 8639811.446, 140
Trd, 8639811.946, 140
Trd, 8639812.612, 140
Trd, 8639812.712, 139
Trd, 8639813.346, 140
Trd, 8639814.079, 140
Trd, 8639814.212, 139
Trd, 8639814.479, 139
Trd, 8639814.512, 138
Trd, 8639815.512, 140
Trd, 8639816.012, 140
Trd, 8639816.112, 140
Trd, 8639816.312, 138
Trd, 8639816.446, 139
Trd, 8639816.512, 140
Trd, 8639817.212, 140
Trd, 8639818.079, 140
Trd, 8639818.812, 137
Trd, 8639819.179, 140
Trd, 8639819.512, 140
Trd, 8639819.812, 139
Trd, 8639819.846, 137
Trd, 8639820.012, 136
Trd, 8639821.112, 140
Trd, 8639821.979, 140
Trd, 8639822.312, 140
Trd, 8639822.446, 140
Trd, 8639822.712, 140
Trd, 8639823.246, 140
Trd, 8639824.512, 140
Trd, 8639824.579, 139
Trd, 8639824.779, 138
Trd, 8639824.946, 139
Trd, 8639826.279, 140
Trd, 8639826.379, 140
Trd, 8639826.412, 140
Trd, 8639826.712, 140
Trd, 8639827.046, 140
Trd, 8639827.579, 140
Trd, 8639828.746, 140
Trd, 8639829.279, 140
Trd, 8639829.312, 140
Trd, 8639829.646, 140
Trd, 8639831.012, 140
Trd, 8639831.312, 140
Trd, 8639831.479, 140
Trd, 8639831.579, 140
Trd, 8639832.146, 140
Trd, 8639832.412, 139
Trd, 8639833.312, 140
Trd, 8639833.479, 139
Trd, 8639834.412, 140
Trd, 8639834.779, 140
Trd, 8639835.579, 140
Trd, 8639835.712, 140
Trd, 8639836.912, 140
Trd, 8639837.046, 140
Trd, 8639837.646, 140
Trd, 8639838.512, 140
Trd, 8639839.179, 140
Trd, 8639839.412, 140
Trd, 8639839.546, 140
Trd, 8639839.912, 140
Trd, 8639840.479, 140
Trd, 8639840.679, 140
Trd, 8639841.112, 140
Trd, 8639841.546, 140
Trd, 8639841.946, 139
Trd, 8639842.812, 139
Trd, 8639844.379, 140
Trd, 8639844.779, 140
Trd, 8639844.812, 140
Trd, 8639845.512, 140
Trd, 8639845.579, 140
Trd, 8639846.379, 140
Trd, 8639846.912, 140
Trd, 8639847.312, 140
Trd, 8639847.346, 140
Trd, 8639847.479, 140
Trd, 8639847.546, 140
Trd, 8639848.412, 140
Trd, 8639848.479, 139
Trd, 8639848.712, 140
Trd, 8639849.046, 138
Trd, 8639849.346, 140
Trd, 8639850.346, 140
Trd, 8639850.412, 140
Trd, 8639850.746, 138
Trd, 8639850.846, 99
Trd, 8639851.279, 138
Trd, 8639851.479, 99
Trd, 8639851.512, 139
Trd, 8639852.612, 62
Trd, 8639853.446, 63
Trd, 8639854.279, 140
Trd, 8639854.546, 140
Trd, 8639855.246, 140
Trd, 8639855.646, 140
Trd, 8639856.412, 140
Trd, 8639856.512, 140
Trd, 8639857.712, 140
Trd, 8639858.079, 140
Trd, 8639858.479, 140
Trd, 8639858.746, 140
Trd, 8639859.412, 140
Trd, 8639859.479, 140
Trd, 8639859.779, 139
Trd, 8639859.946, 140
Trd, 8639860.646, 140
Trd, 8639861.712, 140
Trd, 8639863.846, 140
Trd, 8639864.079, 140
Trd, 8639864.279, 140
Trd, 8639864.379, 140
Trd, 8639864.546, 139
Trd, 8639864.612, 139
Trd, 8639864.679, 138
Trd, 8639864.979, 100
Trd, 8639865.412, 140
Trd, 8639865.779, 98
Trd, 8639865.912, 96
Trd, 8639866.079, 94
Trd, 8639866.912, 140
Trd, 8639867.479, 140
Trd, 8639867.646, 139
Trd, 8639867.912, 138
Trd, 8639868.079, 140
Trd, 8639868.312, 140
Trd, 8639869.412, 140
Trd, 8639869.779, 139
Trd, 8639869.979, 138
Trd, 8639871.212, 140
Trd, 8639871.379, 140
Trd, 8639873.746, 140
Trd, 8639873.946, 140
Trd, 8639874.512, 140
Trd, 8639874.812, 140
Trd, 8639875.512, 140
Trd, 8639875.612, 140
Trd, 8639875.679, 139
Trd, 8639876.746, 140
Trd, 8639876.812, 140
Trd, 8639877.146, 140
Trd, 8639877.279, 139
Trd, 8639878.579, 140
Trd, 8639879.112, 140
Trd, 8639879.479, 140
Trd, 8639879.546, 140
Trd, 8639879.979, 140
Trd, 8639880.146, 140
Trd, 8639880.279, 140
Trd, 8639880.379, 139
Trd, 8639880.412, 139
Trd, 8639881.346, 128
Trd, 8639881.379, 127
Trd, 8639882.279, 140
Trd, 8639882.379, 140
Trd, 8639882.579, 140
Trd, 8639882.912, 140
Trd, 8639884.479, 140
Trd, 8639885.079, 140
Trd, 8639885.246, 139
Trd, 8639885.546, 140
Trd, 8639886.146, 140
Trd, 8639886.212, 134
Trd, 8639886.446, 90
Trd, 8639887.579, 140
Trd, 8639888.179, 140
Trd, 8639888.379, 140
Trd, 8639888.846, 140
Trd, 8639890.179, 140
Trd, 8639890.312, 140
Trd, 8639891.679, 140
Trd, 8639891.779, 140
Trd, 8639892.446, 140
Trd, 8639893.146, 140
Trd, 8639893.579, 140
Trd, 8639893.612, 140
Trd, 8639893.912, 140
Trd, 8639894.112, 140
Trd, 8639894.479, 140
Trd, 8639895.179, 140
Trd, 8639895.846, 140
Trd, 8639896.279, 140
Trd, 8639896.346, 140
Trd, 8639896.912, 140
Trd, 8639897.812, 140
Trd, 8639898.212, 139
Trd, 8639898.546, 138
Trd, 8639899.112, 140
Trd, 8639899.379, 140
Trd, 8639899.679, 140
Trd, 8639900.212, 140
Trd, 8639900.379, 139
Trd, 8639900.546, 139
Trd, 8639902.412, 140
Trd, 8639902.446, 140
Trd, 8639902.679, 140
Trd, 8639902.946, 140
Trd, 8639903.379, 140
Trd, 8639903.546, 140
Trd, 8639904.146, 140
Trd, 8639904.279, 140
Trd, 8639905.179, 140
Trd, 8639905.246, 140
Trd, 8639905.546, 139
Trd, 8639905.746, 137
Trd, 8639906.146, 138
Trd, 8639906.312, 137
Trd, 8639906.346, 138
Trd, 8639906.946, 140
Trd, 8639908.412, 140
Trd, 8639909.779, 140
Trd, 8639910.346, 140
Trd, 8639910.846, 138
Trd, 8639911.112, 140
Trd, 8639911.379, 137
Trd, 8639911.746, 138
Trd, 8639912.046, 133
Trd, 8639912.346, 135
Trd, 8639912.379, 94
Trd, 8639912.979, 140
Trd, 8639913.012, 139
Trd, 8639913.279, 140
Trd, 8639913.712, 140
Trd, 8639914.746, 140
Trd, 8639915.079, 140
Trd, 8639915.312, 140
Trd, 8639916.446, 140
Trd, 8639916.546, 139
Trd, 8639916.679, 139
Trd, 8639916.712, 138
Trd, 8639917.446, 140
Trd, 8639918.379, 140
Trd, 8639918.412, 140
Trd, 8639918.446, 140
Trd, 8639918.779, 139
Trd, 8639919.946, 140
Trd, 8639920.246, 140
Trd, 8639920.846, 140
Trd, 8639921.779, 140
Trd, 8639921.946, 140
Trd, 8639922.046, 140
Trd, 8639922.479, 140
Trd, 8639923.346, 140
Trd, 8639924.312, 140
Trd, 8639924.812, 140
Trd, 8639925.412, 140
Trd, 8639925.879, 140
Trd, 8639926.212, 140
Trd, 8639926.346, 140
Trd, 8639927.312, 140
Trd, 8639927.346, 140
Trd, 8639927.679, 137
Trd, 8639928.112, 140
Trd, 8639928.679, 138
Trd, 8639928.712, 125
Trd, 8639928.946, 139
Trd, 8639929.279, 138
Trd, 8639929.946, 140
Trd, 8639929.979, 139
Trd, 8639930.079, 135
Trd, 8639931.579, 63
Trd, 8639931.746, 65
Trd, 8639931.779, 68
Trd, 8639932.279, 73
Trd, 8639932.346, 74
Trd, 8639932.979, 140
Trd, 8639933.246, 100
Trd, 8639934.112, 140
Trd, 8639934.146, 140
Trd, 8639934.479, 140
Trd, 8639935.012, 140
Trd, 8639935.646, 140
Trd, 8639936.112, 140
Trd, 8639936.412, 139
Trd, 8639936.512, 138
Trd, 8639936.846, 140
Trd, 8639936.879, 134
Trd, 8639937.446, 140
Trd, 8639937.646, 140
Trd, 8639939.212, 140
Trd, 8639939.379, 113
Trd, 8639939.846, 97
Trd, 8639940.512, 140
Trd, 8639940.946, 140
Trd, 8639941.146, 140
Trd, 8639942.046, 140
Trd, 8639942.279, 140
Trd, 8639942.846, 140
Trd, 8639942.979, 140
Trd, 8639943.212, 140
Trd, 8639943.646, 122
Trd, 8639943.779, 120
Trd, 8639944.579, 140
Trd, 8639945.212, 140
Trd, 8639945.412, 139
Trd, 8639945.512, 136
Trd, 8639945.946, 92
Trd, 8639946.379, 139
Trd, 8639947.546, 102
Trd, 8639947.746, 102
Trd, 8639947.946, 109
Trd, 8639948.079, 139
Trd, 8639948.346, 139
Trd, 8639948.779, 140
Trd, 8639948.979, 99
Trd, 8639949.112, 139
Trd, 8639949.279, 139
Trd, 8639949.412, 90
Trd, 8639950.046, 140
Trd, 8639950.512, 63
Trd, 8639950.912, 62
Trd, 8639951.546, 140
Trd, 8639952.079, 140
Trd, 8639952.979, 140
Trd, 8639953.012, 140
Trd, 8639953.146, 138
Trd, 8639953.912, 140
Trd, 8639954.346, 139
Trd, 8639955.079, 140
Trd, 8639955.679, 140
Trd, 8639955.912, 140
Trd, 8639956.779, 140
Trd, 8639956.879, 140
Trd, 8639956.946, 138
Trd, 8639957.712, 140
Trd, 8639958.579, 140
Trd, 8639958.812, 140
Trd, 8639959.379, 140
Trd, 8639960.379, 140
Trd, 8639960.846, 140
Trd, 8639961.512, 140
Trd, 8639961.612, 140
Trd, 8639961.646, 140
Trd, 8639961.779, 139
Trd, 8639962.746, 140
Trd, 8639962.779, 140
Trd, 8639963.479, 140
Trd, 8639963.512, 140
Trd, 8639964.246, 140
Trd, 8639964.279, 140
Trd, 8639964.346, 140
Trd, 8639964.412, 140
Trd, 8639964.746, 140
Trd, 8639964.946, 140
Trd, 8639965.612, 140
Trd, 8639965.679, 101
Trd, 8639966.046, 140
Trd, 8639966.212, 92
Trd, 8639966.712, 140
Trd, 8639966.779, 127
Trd, 8639967.212, 95
Trd, 8639968.412, 140
Trd, 8639969.046, 140
Trd, 8639969.179, 138
Trd, 8639969.812, 140
Trd, 8639969.946, 139
Trd, 8639970.979, 140
Trd, 8639971.179, 138
Trd, 8639971.312, 140
Trd, 8639971.479, 139
Trd, 8639971.912, 140
Trd, 8639972.746, 140
Trd, 8639973.146, 140
Trd, 8639973.346, 140
Trd, 8639973.546, 139
Trd, 8639973.679, 138
Trd, 8639974.846, 140
Trd, 8639976.679, 140
Trd, 8639976.879, 140
Trd, 8639977.479, 140
Trd, 8639978.146, 140
Trd, 8639978.412, 140
Trd, 8639979.379, 140
Trd, 8639979.646, 140
Trd, 8639979.746, 140
Trd, 8639980.512, 140
Trd, 8639980.646, 139
Trd, 8639980.946, 140
Trd, 8639981.212, 140
Trd, 8639981.446, 139
Trd, 8639981.679, 140
Trd, 8639981.779, 138
Trd, 8639982.946, 139
Trd, 8639984.246, 140
Trd, 8639984.279, 140
Trd, 8639984.346, 140
Trd, 8639984.812, 140
Trd, 8639984.946, 139
Trd, 8639985.412, 140
Trd, 8639986.212, 140
Trd, 8639987.079, 140
Trd, 8639987.946, 140
Trd, 8639988.179, 140
Trd, 8639988.646, 140
Trd, 8639989.246, 140
Trd, 8639989.346, 140
Trd, 8639989.579, 140
Trd, 8639989.612, 140
Trd, 8639990.179, 139
Trd, 8639990.546, 60
Trd, 8639991.146, 140
Trd, 8639992.346, 140
Trd, 8639992.446, 140
Trd, 8639992.646, 140
Trd, 8639992.779, 140
Trd, 8639993.012, 140
Trd, 8639993.279, 140
Trd, 8639993.446, 140
Trd, 8639993.546, 139
Trd, 8639993.579, 136
Trd, 8639993.746, 80
Trd, 8639994.246, 80
Trd, 8639994.946, 140
Trd, 8639995.079, 83
Trd, 8639995.412, 64
Trd, 8639995.746, 60
Trd, 8639995.779, 62
Trd, 8639996.179, 62
Trd, 8639996.846, 62
Trd, 8639997.179, 140
Trd, 8639997.846, 86
Trd, 8639998.479, 60
Trd, 8639999.246, 60
