Trd, 8638797.912, 140
Trd, 8638798.146, 140
Trd, 8638798.346, 61
Trd, 8638799.846, 67
Trd, 8638799.879, 66
Trd, 8638800.146, 65
Trd, 8638800.279, 109
Trd, 8638800.446, 131
Trd, 8638800.679, 66
Trd, 8638801.279, 67
Trd, 8638801.379, 65
Trd, 8638802.312, 68
Trd, 8638802.612, 79
Trd, 8638803.512, 128
Trd, 8638803.746, 140
Trd, 8638803.879, 95
Trd, 8638804.379, 61
Trd, 8638805.246, 60
Trd, 8638806.079, 61
Trd, 8638806.446, 60
Trd, 8638806.946, 60
Trd, 8638807.079, 62
Trd, 8638807.312, 61
Trd, 8638807.579, 62
Trd, 8638807.712, 62
Trd, 8638808.246, 63
Trd, 8638808.279, 90
Trd, 8638808.912, 65
Trd, 8638809.312, 140
Trd, 8638809.346, 137
Trd, 8638810.579, 140
Trd, 8638810.646, 139
Trd, 8638810.912, 139
Trd, 8638811.279, 140
Trd, 8638811.412, 139
Trd, 8638811.812, 139
Trd, 8638811.912, 138
Trd, 8638812.412, 121
Trd, 8638812.479, 119
Trd, 8638812.612, 126
Trd, 8638813.246, 112
Trd, 8638813.279, 82
Trd, 8638814.912, 140
Trd, 8638815.312, 140
Trd, 8638815.346, 138
Trd, 8638815.979, 140
Trd, 8638816.012, 139
Trd, 8638816.346, 131
Trd, 8638816.379, 100
Trd, 8638817.446, 63
Trd, 8638817.579, 70
Trd, 8638817.912, 70
Trd, 8638818.612, 140
Trd, 8638818.812, 122
Trd, 8638819.679, 61
Trd, 8638820.412, 61
Trd, 8638820.679, 63
Trd, 8638821.212, 61
Trd, 8638822.012, 63
Trd, 8638822.046, 63
Trd, 8638822.212, 64
Trd, 8638822.879, 66
Trd, 8638823.012, 66
Trd, 8638823.246, 64
Trd, 8638823.312, 68
Trd, 8638823.879, 102
Trd, 8638824.579, 89
Trd, 8638824.646, 80
Trd, 8638824.746, 79
Trd, 8638824.846, 101
Trd, 8638825.346, 134
Trd, 8638826.012, 140
Trd, 8638826.046, 139
Trd, 8638826.312, 125
Trd, 8638826.412, 67
Trd, 8638827.779, 62
Trd, 8638828.246, 63
Trd, 8638828.779, 60
Trd, 8638828.879, 67
Trd, 8638829.912, 62
Trd, 8638830.146, 65
Trd, 8638830.179, 82
Trd, 8638830.612, 98
Trd, 8638831.379, 70
Trd, 8638831.712, 70
Trd, 8638832.312, 140
Trd, 8638832.579, 140
Trd, 8638832.646, 139
Trd, 8638832.912, 135
Trd, 8638833.112, 134
Trd, 8638833.412, 134
Trd, 8638833.479, 122
Trd, 8638834.446, 140
Trd, 8638834.779, 140
Trd, 8638836.746, 140
Trd, 8638836.879, 140
Trd, 8638837.012, 140
Trd, 8638837.412, 140
Trd, 8638837.946, 140
Trd, 8638838.146, 140
Trd, 8638838.312, 140
Trd, 8638838.346, 140
Trd, 8638838.612, 139
Trd, 8638838.846, 122
Trd, 8638838.979, 140
Trd, 8638839.246, 138
Trd, 8638839.779, 108
Trd, 8638839.812, 98
Trd, 8638840.412, 69
Trd, 8638841.112, 60
Trd, 8638841.512, 62
Trd, 8638841.879, 62
Trd, 8638842.746, 64
Trd, 8638842.812, 63
Trd, 8638842.879, 65
Trd, 8638842.912, 62
Trd, 8638843.212, 68
Trd, 8638843.312, 78
Trd, 8638843.512, 139
Trd, 8638844.512, 74
Trd, 8638845.279, 139
Trd, 8638846.012, 140
Trd, 8638846.079, 129
Trd, 8638846.679, 134
Trd, 8638846.712, 102
Trd, 8638846.946, 139
Trd, 8638847.046, 94
Trd, 8638847.212, 90
Trd, 8638848.046, 71
Trd, 8638848.446, 72
Trd, 8638849.112, 72
Trd, 8638849.179, 73
Trd, 8638849.412, 89
Trd, 8638850.846, 75
Trd, 8638850.979, 79
Trd, 8638851.412, 106
Trd, 8638851.779, 85
Trd, 8638851.879, 74
Trd, 8638852.079, 140
Trd, 8638852.879, 60
Trd, 8638853.646, 60
Trd, 8638854.112, 60
Trd, 8638854.212, 61
Trd, 8638854.646, 62
Trd, 8638855.312, 65
Trd, 8638855.712, 65
Trd, 8638856.512, 61
Trd, 8638856.912, 64
Trd, 8638857.779, 63
Trd, 8638858.046, 84
Trd, 8638858.112, 63
Trd, 8638858.412, 140
Trd, 8638858.846, 139
Trd, 8638859.312, 66
Trd, 8638859.512, 65
Trd, 8638860.179, 64
Trd, 8638860.412, 65
Trd, 8638861.346, 68
Trd, 8638862.046, 60
Trd, 8638862.679, 60
Trd, 8638863.079, 60
Trd, 8638863.146, 60
Trd, 8638863.446, 61
Trd, 8638863.979, 63
Trd, 8638864.279, 63
Trd, 8638864.479, 61
Trd, 8638864.912, 81
Trd, 8638865.112, 63
Trd, 8638865.279, 67
Trd, 8638865.312, 86
Trd, 8638865.479, 62
Trd, 8638865.779, 62
Trd, 8638866.779, 61
Trd, 8638867.379, 65
Trd, 8638868.712, 61
Trd, 8638869.412, 60
Trd, 8638870.212, 60
Trd, 8638870.679, 60
Trd, 8638870.779, 63
Trd, 8638872.079, 62
Trd, 8638872.179, 64
Trd, 8638872.412, 62
Trd, 8638872.679, 64
Trd, 8638872.712, 64
Trd, 8638872.946, 66
Trd, 8638872.979, 65
Trd, 8638873.212, 66
Trd, 8638873.346, 64
Trd, 8638873.412, 63
Trd, 8638874.179, 83
Trd, 8638874.312, 60
Trd, 8638874.646, 140
Trd, 8638875.112, 60
Trd, 8638876.379, 63
Trd, 8638876.412, 63
Trd, 8638877.146, 60
Trd, 8638878.012, 60
Trd, 8638879.112, 60
Trd, 8638879.912, 61
Trd, 8638880.779, 60
Trd, 8638880.846, 60
Trd, 8638880.879, 60
Trd, 8638881.079, 79
Trd, 8638881.412, 61
Trd, 8638881.612, 63
Trd, 8638881.746, 62
Trd, 8638881.846, 64
Trd, 8638882.079, 64
Trd, 8638882.579, 138
Trd, 8638883.046, 138
Trd, 8638883.546, 140
Trd, 8638883.612, 137
Trd, 8638883.712, 62
Trd, 8638883.779, 88
Trd, 8638883.812, 61
Trd, 8638885.146, 61
Trd, 8638885.912, 61
Trd, 8638886.279, 69
Trd, 8638886.546, 61
Trd, 8638887.546, 60
Trd, 8638888.346, 61
Trd, 8638889.212, 60
Trd, 8638889.712, 62
Trd, 8638889.912, 64
Trd, 8638890.212, 62
Trd, 8638890.379, 62
Trd, 8638890.446, 63
Trd, 8638890.479, 61
Trd, 8638890.746, 64
Trd, 8638891.179, 139
Trd, 8638891.446, 138
Trd, 8638892.046, 62
Trd, 8638892.479, 68
Trd, 8638892.679, 75
Trd, 8638894.879, 63
Trd, 8638896.046, 61
Trd, 8638897.246, 60
Trd, 8638898.112, 60
Trd, 8638898.612, 60
Trd, 8638898.779, 61
Trd, 8638899.046, 62
Trd, 8638899.079, 62
Trd, 8638899.246, 66
Trd, 8638899.679, 65
Trd, 8638899.912, 64
Trd, 8638900.046, 63
Trd, 8638900.179, 64
Trd, 8638900.212, 72
Trd, 8638900.579, 68
Trd, 8638900.712, 64
Trd, 8638900.912, 140
Trd, 8638901.512, 61
Trd, 8638901.679, 61
Trd, 8638902.512, 137
Trd, 8638902.912, 132
Trd, 8638903.212, 76
Trd, 8638903.546, 140
Trd, 8638904.679, 140
Trd, 8638904.779, 140
Trd, 8638905.346, 140
Trd, 8638905.612, 140
Trd, 8638905.912, 140
Trd, 8638906.246, 140
Trd, 8638906.746, 140
Trd, 8638907.046, 89
Trd, 8638907.212, 88
Trd, 8638908.179, 60
Trd, 8638908.412, 60
Trd, 8638908.579, 62
Trd, 8638909.312, 61
Trd, 8638909.746, 64
Trd, 8638909.912, 61
Trd, 8638910.246, 65
Trd, 8638910.712, 60
Trd, 8638911.146, 60
Trd, 8638911.179, 61
Trd, 8638911.912, 68
Trd, 8638912.446, 60
Trd, 8638912.512, 61
Trd, 8638912.846, 138
Trd, 8638913.012, 61
Trd, 8638914.279, 62
Trd, 8638914.512, 61
Trd, 8638914.946, 60
Trd, 8638915.179, 62
Trd, 8638915.212, 63
Trd, 8638915.612, 62
Trd, 8638916.079, 65
Trd, 8638916.346, 67
Trd, 8638916.612, 64
Trd, 8638916.879, 61
Trd, 8638917.112, 69
Trd, 8638917.846, 60
Trd, 8638918.779, 60
Trd, 8638920.212, 60
Trd, 8638920.746, 60
Trd, 8638921.146, 60
Trd, 8638921.546, 61
Trd, 8638921.646, 64
Trd, 8638921.746, 66
Trd, 8638921.879, 67
Trd, 8638921.979, 62
Trd, 8638922.112, 69
Trd, 8638922.546, 63
Trd, 8638922.846, 63
Trd, 8638923.246, 86
Trd, 8638923.812, 63
Trd, 8638923.879, 60
Trd, 8638924.312, 140
Trd, 8638924.646, 139
Trd, 8638925.479, 138
Trd, 8638925.712, 136
Trd, 8638925.846, 100
Trd, 8638926.079, 140
Trd, 8638926.212, 61
Trd, 8638927.412, 64
Trd, 8638927.579, 65
Trd, 8638927.979, 140
Trd, 8638928.712, 140
Trd, 8638929.046, 140
Trd, 8638929.246, 140
Trd, 8638930.112, 140
Trd, 8638930.379, 139
Trd, 8638930.412, 139
Trd, 8638930.512, 122
Trd, 8638930.546, 100
Trd, 8638931.779, 139
Trd, 8638931.979, 122
Trd, 8638932.279, 110
Trd, 8638933.746, 61
Trd, 8638933.779, 62
Trd, 8638933.912, 61
Trd, 8638935.012, 61
Trd, 8638935.646, 63
Trd, 8638935.779, 64
Trd, 8638935.912, 69
Trd, 8638936.479, 64
Trd, 8638937.046, 61
Trd, 8638937.346, 63
Trd, 8638937.679, 64
Trd, 8638937.879, 67
Trd, 8638938.212, 63
Trd, 8638938.346, 62
Trd, 8638938.846, 63
Trd, 8638938.946, 66
Trd, 8638939.112, 73
Trd, 8638939.279, 72
Trd, 8638940.179, 140
Trd, 8638940.746, 139
Trd, 8638941.012, 140
Trd, 8638941.546, 60
Trd, 8638941.879, 61
Trd, 8638942.412, 60
Trd, 8638942.846, 60
Trd, 8638944.012, 61
Trd, 8638945.246, 60
Trd, 8638946.046, 61
Trd, 8638946.079, 61
Trd, 8638946.312, 62
Trd, 8638946.379, 63
Trd, 8638946.446, 69
Trd, 8638946.479, 85
Trd, 8638947.079, 65
Trd, 8638947.279, 63
Trd, 8638947.746, 65
Trd, 8638948.312, 66
Trd, 8638948.412, 65
Trd, 8638948.812, 64
Trd, 8638948.979, 69
Trd, 8638949.646, 63
Trd, 8638949.712, 70
Trd, 8638950.912, 62
Trd, 8638951.279, 63
Trd, 8638951.779, 64
Trd, 8638952.512, 61
Trd, 8638952.579, 61
Trd, 8638952.979, 64
Trd, 8638953.379, 63
Trd, 8638953.412, 63
Trd, 8638953.512, 62
Trd, 8638953.546, 65
Trd, 8638953.612, 66
Trd, 8638953.879, 60
Trd, 8638954.846, 62
Trd, 8638956.012, 104
Trd, 8638956.546, 106
Trd, 8638956.679, 103
Trd, 8638956.846, 139
Trd, 8638956.879, 102
Trd, 8638957.946, 140
Trd, 8638958.412, 140
Trd, 8638958.779, 140
Trd, 8638959.546, 140
Trd, 8638960.112, 140
Trd, 8638960.412, 140
Trd, 8638961.079, 140
Trd, 8638962.046, 140
Trd, 8638962.512, 140
Trd, 8638962.612, 140
Trd, 8638962.879, 140
Trd, 8638963.012, 140
Trd, 8638963.212, 140
Trd, 8638963.246, 140
Trd, 8638963.646, 122
Trd, 8638963.846, 101
Trd, 8638964.479, 139
Trd, 8638965.679, 133
Trd, 8638965.946, 105
Trd, 8638966.646, 140
Trd, 8638967.246, 139
Trd, 8638967.379, 121
Trd, 8638967.846, 140
Trd, 8638968.779, 105
Trd, 8638968.912, 138
Trd, 8638969.112, 105
Trd, 8638969.412, 104
Trd, 8638969.612, 100
Trd, 8638970.279, 100
Trd, 8638970.379, 93
Trd, 8638970.979, 65
Trd, 8638971.412, 71
Trd, 8638972.146, 71
Trd, 8638972.512, 105
Trd, 8638972.679, 104
Trd, 8638973.312, 60
Trd, 8638974.046, 65
Trd, 8638974.112, 71
Trd, 8638974.246, 126
Trd, 8638974.846, 65
Trd, 8638975.246, 138
Trd, 8638975.512, 138
Trd, 8638975.812, 139
Trd, 8638975.979, 109
Trd, 8638976.312, 60
Trd, 8638977.179, 140
Trd, 8638977.346, 140
Trd, 8638977.379, 140
Trd, 8638977.846, 140
Trd, 8638978.279, 140
Trd, 8638978.646, 125
Trd, 8638978.812, 139
Trd, 8638978.979, 139
Trd, 8638979.412, 108
Trd, 8638980.046, 91
Trd, 8638980.546, 118
Trd, 8638980.646, 90
Trd, 8638980.746, 89
Trd, 8638981.546, 91
Trd, 8638981.946, 96
Trd, 8638982.679, 138
Trd, 8638983.712, 140
Trd, 8638983.912, 140
Trd, 8638984.046, 67
Trd, 8638984.679, 134
Trd, 8638985.279, 122
Trd, 8638985.312, 121
Trd, 8638985.879, 121
Trd, 8638986.146, 89
Trd, 8638986.512, 75
Trd, 8638986.679, 71
Trd, 8638987.312, 93
Trd, 8638988.779, 140
Trd, 8638988.979, 140
Trd, 8638989.512, 140
Trd, 8638989.546, 140
Trd, 8638989.746, 140
Trd, 8638989.946, 140
Trd, 8638990.246, 140
Trd, 8638990.379, 138
Trd, 8638990.812, 140
Trd, 8638990.879, 139
Trd, 8638991.246, 123
Trd, 8638991.946, 140
Trd, 8638992.046, 138
Trd, 8638992.512, 129
Trd, 8638992.746, 123
Trd, 8638993.579, 139
Trd, 8638994.112, 139
Trd, 8638994.279, 138
Trd, 8638994.446, 136
Trd, 8638996.046, 140
Trd, 8638996.312, 128
Trd, 8638997.012, 140
Trd, 8638997.412, 138
Trd, 8638997.512, 128
Trd, 8638998.046, 62
Trd, 8638998.246, 64
Trd, 8638999.312, 140
Trd, 8638999.379, 140
Trd, 8638999.446, 140
Trd, 8638999.879, 140
Trd, 8639000.146, 140
Trd, 8639000.312, 139
Trd, 8639000.512, 123
Trd, 8639001.579, 60
Trd, 8639002.079, 61
Trd, 8639002.746, 61
Trd, 8639002.812, 72
Trd, 8639003.379, 66
Trd, 8639003.546, 139
Trd, 8639003.812, 112
Trd, 8639004.779, 140
Trd, 8639004.879, 140
Trd, 8639005.379, 140
Trd, 8639005.679, 140
Trd, 8639006.012, 140
Trd, 8639006.612, 140
Trd, 8639007.079, 140
Trd, 8639007.312, 140
Trd, 8639007.346, 140
Trd, 8639007.579, 140
Trd, 8639008.679, 140
Trd, 8639008.779, 137
Trd, 8639009.012, 137
Trd, 8639009.112, 101
Trd, 8639009.846, 140
Trd, 8639009.912, 110
Trd, 8639010.179, 109
Trd, 8639010.579, 94
Trd, 8639011.546, 139
Trd, 8639012.079, 60
Trd, 8639012.646, 60
Trd, 8639013.079, 60
Trd, 8639013.612, 60
Trd, 8639014.146, 61
Trd, 8639015.012, 62
Trd, 8639015.512, 60
Trd, 8639015.712, 61
Trd, 8639015.812, 63
Trd, 8639016.179, 60
Trd, 8639016.512, 61
Trd, 8639016.946, 60
Trd, 8639017.279, 65
Trd, 8639017.546, 66
Trd, 8639018.046, 140
Trd, 8639018.579, 138
Trd, 8639019.312, 139
Trd, 8639019.612, 139
Trd, 8639019.679, 139
Trd, 8639021.212, 140
Trd, 8639021.512, 140
Trd, 8639021.579, 140
Trd, 8639021.679, 140
Trd, 8639021.846, 122
Trd, 8639022.279, 81
Trd, 8639022.412, 69
Trd, 8639022.579, 68
Trd, 8639023.246, 67
Trd, 8639024.112, 62
Trd, 8639024.479, 61
Trd, 8639025.512, 62
Trd, 8639025.746, 60
Trd, 8639025.779, 78
Trd, 8639026.212, 65
Trd, 8639026.679, 88
Trd, 8639026.946, 75
Trd, 8639027.279, 107
Trd, 8639027.346, 96
Trd, 8639027.846, 69
Trd, 8639027.946, 68
Trd, 8639028.112, 67
Trd, 8639028.279, 69
Trd, 8639028.612, 139
Trd, 8639030.412, 60
Trd, 8639032.146, 60
Trd, 8639032.412, 61
Trd, 8639032.446, 61
Trd, 8639032.746, 63
Trd, 8639033.246, 62
Trd, 8639033.546, 64
Trd, 8639034.312, 139
Trd, 8639034.379, 138
Trd, 8639034.779, 124
Trd, 8639035.479, 140
Trd, 8639035.879, 140
Trd, 8639036.079, 140
Trd, 8639036.579, 140
Trd, 8639036.746, 140
Trd, 8639037.412, 140
Trd, 8639038.012, 140
Trd, 8639038.146, 140
Trd, 8639038.312, 140
Trd, 8639038.379, 123
Trd, 8639039.212, 139
Trd, 8639040.146, 130
Trd, 8639040.979, 140
Trd, 8639041.079, 140
Trd, 8639041.179, 135
Trd, 8639041.546, 122
Trd, 8639041.746, 114
Trd, 8639042.179, 124
Trd, 8639042.612, 115
Trd, 8639042.712, 109
Trd, 8639042.746, 89
Trd, 8639042.879, 78
Trd, 8639043.712, 140
Trd, 8639044.446, 140
Trd, 8639044.679, 140
Trd, 8639045.246, 140
Trd, 8639045.579, 140
Trd, 8639046.212, 139
Trd, 8639046.279, 137
Trd, 8639046.646, 133
Trd, 8639046.746, 132
Trd, 8639046.979, 62
Trd, 8639047.479, 140
Trd, 8639048.779, 67
Trd, 8639049.379, 66
Trd, 8639049.579, 67
Trd, 8639049.746, 63
Trd, 8639050.446, 68
Trd, 8639050.546, 63
Trd, 8639050.679, 75
Trd, 8639051.212, 67
Trd, 8639051.612, 71
Trd, 8639051.646, 70
Trd, 8639051.912, 68
Trd, 8639052.979, 60
Trd, 8639053.146, 62
Trd, 8639053.612, 68
Trd, 8639054.179, 72
Trd, 8639054.212, 81
Trd, 8639054.879, 68
Trd, 8639054.912, 67
Trd, 8639055.079, 65
Trd, 8639056.946, 60
Trd, 8639057.579, 61
Trd, 8639058.179, 61
Trd, 8639058.479, 60
Trd, 8639058.712, 67
Trd, 8639058.879, 76
Trd, 8639059.112, 76
Trd, 8639059.346, 64
Trd, 8639059.812, 70
Trd, 8639060.346, 73
Trd, 8639060.479, 71
Trd, 8639060.546, 67
Trd, 8639060.679, 65
Trd, 8639061.546, 72
Trd, 8639062.279, 60
Trd, 8639063.346, 60
Trd, 8639063.846, 60
Trd, 8639064.079, 60
Trd, 8639064.412, 61
Trd, 8639065.046, 62
Trd, 8639065.579, 65
Trd, 8639066.112, 66
Trd, 8639066.246, 65
Trd, 8639066.479, 63
Trd, 8639066.546, 67
Trd, 8639066.946, 63
Trd, 8639067.346, 71
Trd, 8639067.846, 118
Trd, 8639067.946, 90
Trd, 8639068.079, 63
Trd, 8639068.279, 63
Trd, 8639068.612, 71
Trd, 8639069.879, 111
Trd, 8639070.179, 67
Trd, 8639071.112, 62
Trd, 8639071.946, 64
Trd, 8639072.046, 65
Trd, 8639072.346, 61
Trd, 8639072.612, 60
Trd, 8639073.812, 60
Trd, 8639074.346, 60
Trd, 8639075.612, 60
Trd, 8639075.646, 60
Trd, 8639075.979, 60
Trd, 8639077.346, 60
Trd, 8639077.746, 61
Trd, 8639077.812, 61
Trd, 8639077.846, 61
Trd, 8639077.946, 61
Trd, 8639078.079, 61
Trd, 8639078.112, 62
Trd, 8639078.279, 67
Trd, 8639078.646, 125
Trd, 8639078.946, 89
Trd, 8639079.046, 140
Trd, 8639079.679, 64
Trd, 8639079.712, 63
Trd, 8639079.879, 66
Trd, 8639081.246, 140
Trd, 8639081.379, 140
Trd, 8639081.579, 131
Trd, 8639082.346, 94
Trd, 8639082.979, 60
Trd, 8639083.579, 60
Trd, 8639083.812, 61
Trd, 8639085.479, 60
Trd, 8639085.612, 61
Trd, 8639085.912, 61
Trd, 8639086.146, 60
Trd, 8639087.612, 60
Trd, 8639087.712, 60
Trd, 8639087.746, 62
Trd, 8639087.912, 64
Trd, 8639088.046, 61
Trd, 8639088.146, 64
Trd, 8639088.379, 65
Trd, 8639088.712, 66
Trd, 8639089.146, 73
Trd, 8639089.446, 70
Trd, 8639089.979, 83
Trd, 8639090.346, 75
Trd, 8639090.612, 140
Trd, 8639090.646, 140
Trd, 8639091.012, 140
Trd, 8639091.812, 138
Trd, 8639092.346, 140
Trd, 8639092.979, 140
Trd, 8639093.312, 139
Trd, 8639093.579, 139
Trd, 8639093.779, 123
Trd, 8639094.712, 60
Trd, 8639095.146, 60
Trd, 8639095.412, 60
Trd, 8639095.779, 60
Trd, 8639096.212, 61
Trd, 8639097.079, 60
Trd, 8639097.179, 63
Trd, 8639097.646, 66
Trd, 8639098.312, 61
Trd, 8639098.446, 80
Trd, 8639099.046, 63
Trd, 8639099.279, 60
Trd, 8639099.946, 65
Trd, 8639100.279, 70
Trd, 8639100.446, 84
Trd, 8639101.046, 69
Trd, 8639101.146, 68
Trd, 8639101.379, 68
Trd, 8639101.812, 140
Trd, 8639102.379, 140
Trd, 8639102.646, 140
Trd, 8639102.846, 140
Trd, 8639103.579, 140
Trd, 8639103.646, 140
Trd, 8639103.746, 140
Trd, 8639104.946, 131
Trd, 8639105.212, 100
Trd, 8639105.312, 105
Trd, 8639105.679, 140
Trd, 8639105.979, 87
Trd, 8639106.946, 140
Trd, 8639107.279, 140
Trd, 8639107.346, 139
Trd, 8639107.912, 125
Trd, 8639108.079, 114
Trd, 8639109.446, 140
Trd, 8639110.279, 140
Trd, 8639110.446, 140
Trd, 8639110.646, 140
Trd, 8639110.846, 140
Trd, 8639111.112, 140
Trd, 8639111.246, 140
Trd, 8639111.312, 139
Trd, 8639112.412, 140
Trd, 8639112.879, 140
Trd, 8639112.912, 140
Trd, 8639113.312, 140
Trd, 8639113.346, 140
Trd, 8639114.279, 140
Trd, 8639115.146, 140
Trd, 8639115.446, 139
Trd, 8639115.912, 134
Trd, 8639116.112, 131
Trd, 8639117.179, 140
Trd, 8639117.646, 140
Trd, 8639117.946, 140
Trd, 8639118.012, 140
Trd, 8639118.512, 140
Trd, 8639118.579, 138
Trd, 8639118.879, 140
Trd, 8639119.412, 107
Trd, 8639119.812, 68
Trd, 8639120.379, 63
Trd, 8639120.579, 63
Trd, 8639121.479, 66
Trd, 8639122.012, 87
Trd, 8639122.246, 65
Trd, 8639122.679, 139
Trd, 8639122.846, 65
Trd, 8639123.012, 64
Trd, 8639123.412, 63
Trd, 8639124.546, 70
Trd, 8639124.946, 72
Trd, 8639125.212, 72
Trd, 8639125.279, 71
Trd, 8639125.612, 137
Trd, 8639125.646, 79
Trd, 8639126.112, 139
Trd, 8639126.579, 101
Trd, 8639126.879, 79
Trd, 8639127.112, 78
Trd, 8639127.279, 112
Trd, 8639127.912, 139
Trd, 8639128.179, 124
Trd, 8639128.379, 72
Trd, 8639130.146, 60
Trd, 8639130.979, 60
Trd, 8639131.312, 61
Trd, 8639131.646, 62
Trd, 8639132.546, 64
Trd, 8639132.579, 65
Trd, 8639132.679, 69
Trd, 8639132.879, 70
Trd, 8639133.746, 60
Trd, 8639133.846, 60
Trd, 8639134.512, 66
Trd, 8639134.879, 60
Trd, 8639135.279, 62
Trd, 8639136.079, 60
Trd, 8639136.446, 60
Trd, 8639137.479, 65
Trd, 8639137.646, 61
Trd, 8639137.679, 66
Trd, 8639138.312, 62
Trd, 8639138.579, 64
Trd, 8639138.879, 61
Trd, 8639139.479, 62
Trd, 8639139.646, 64
Trd, 8639139.879, 65
Trd, 8639140.146, 66
Trd, 8639140.179, 62
Trd, 8639140.846, 64
Trd, 8639141.312, 62
Trd, 8639142.212, 60
Trd, 8639142.446, 60
Trd, 8639143.012, 60
Trd, 8639143.346, 61
Trd, 8639143.412, 62
Trd, 8639144.046, 69
Trd, 8639144.279, 62
Trd, 8639144.346, 65
Trd, 8639144.546, 88
Trd, 8639145.012, 63
Trd, 8639145.412, 61
Trd, 8639145.812, 68
Trd, 8639146.946, 60
Trd, 8639147.379, 61
Trd, 8639148.146, 61
Trd, 8639148.912, 61
Trd, 8639150.612, 60
Trd, 8639150.946, 60
Trd, 8639152.112, 60
Trd, 8639152.246, 61
Trd, 8639152.446, 60
Trd, 8639152.712, 62
Trd, 8639152.979, 62
Trd, 8639153.212, 65
Trd, 8639153.579, 61
Trd, 8639153.779, 63
Trd, 8639154.212, 61
Trd, 8639154.446, 66
Trd, 8639154.779, 71
Trd, 8639154.946, 110
Trd, 8639155.546, 68
Trd, 8639155.746, 66
Trd, 8639157.012, 68
Trd, 8639157.512, 69
Trd, 8639158.346, 60
Trd, 8639158.479, 60
Trd, 8639158.646, 65
Trd, 8639159.012, 61
Trd, 8639159.079, 72
Trd, 8639159.546, 63
Trd, 8639159.879, 64
Trd, 8639160.479, 140
Trd, 8639161.046, 64
Trd, 8639161.179, 64
Trd, 8639161.612, 65
Trd, 8639161.879, 76
Trd, 8639162.179, 68
Trd, 8639162.579, 67
Trd, 8639162.912, 66
Trd, 8639163.179, 65
Trd, 8639163.412, 61
Trd, 8639163.612, 70
Trd, 8639164.379, 62
Trd, 8639165.046, 140
Trd, 8639165.579, 106
Trd, 8639165.846, 105
Trd, 8639166.979, 60
Trd, 8639167.146, 61
Trd, 8639167.612, 63
Trd, 8639167.712, 92
Trd, 8639168.246, 64
Trd, 8639168.279, 63
Trd, 8639168.379, 62
Trd, 8639168.812, 99
Trd, 8639169.079, 65
Trd, 8639170.446, 140
Trd, 8639170.512, 140
Trd, 8639170.579, 140
Trd, 8639171.312, 140
Trd, 8639171.579, 140
Trd, 8639172.279, 140
Trd, 8639172.312, 140
Trd, 8639172.846, 140
Trd, 8639173.212, 140
Trd, 8639173.512, 140
Trd, 8639174.146, 140
Trd, 8639174.879, 140
Trd, 8639174.946, 128
Trd, 8639175.579, 140
Trd, 8639176.079, 129
Trd, 8639176.112, 128
Trd, 8639176.246, 126
Trd, 8639176.646, 115
Trd, 8639177.312, 140
Trd, 8639177.879, 140
Trd, 8639178.712, 140
Trd, 8639178.746, 140
Trd, 8639179.046, 140
Trd, 8639179.112, 140
Trd, 8639179.512, 140
Trd, 8639179.546, 127
Trd, 8639180.146, 123
Trd, 8639180.446, 128
Trd, 8639181.079, 98
Trd, 8639181.946, 140
Trd, 8639182.512, 140
Trd, 8639182.612, 140
Trd, 8639183.012, 117
Trd, 8639183.146, 109
Trd, 8639183.246, 109
Trd, 8639183.479, 108
Trd, 8639183.779, 140
Trd, 8639184.979, 105
Trd, 8639185.146, 102
Trd, 8639185.446, 103
Trd, 8639185.679, 137
Trd, 8639186.079, 132
Trd, 8639186.879, 137
Trd, 8639187.146, 128
Trd, 8639187.279, 125
Trd, 8639188.112, 125
Trd, 8639188.379, 140
Trd, 8639188.512, 115
Trd, 8639189.312, 137
Trd, 8639189.612, 115
Trd, 8639189.712, 102
Trd, 8639190.346, 103
Trd, 8639190.679, 65
Trd, 8639191.946, 140
Trd, 8639192.112, 140
Trd, 8639192.646, 140
Trd, 8639192.812, 139
Trd, 8639192.879, 136
Trd, 8639193.546, 140
Trd, 8639193.746, 140
Trd, 8639193.979, 140
Trd, 8639194.346, 140
Trd, 8639195.412, 140
Trd, 8639195.812, 114
Trd, 8639196.479, 60
Trd, 8639197.179, 60
Trd, 8639198.212, 60
Trd, 8639198.846, 60
Trd, 8639198.912, 60
Trd, 8639199.079, 61
Trd, 8639199.179, 62
Trd, 8639199.446, 61
Trd, 8639199.979, 61
Trd, 8639200.679, 65
Trd, 8639200.712, 65
Trd, 8639201.279, 68
Trd, 8639201.912, 64
Trd, 8639201.946, 73
Trd, 8639202.112, 62
Trd, 8639203.379, 60
Trd, 8639203.912, 60
Trd, 8639205.079, 60
Trd, 8639205.312, 60
Trd, 8639205.846, 61
Trd, 8639206.612, 61
Trd, 8639207.212, 140
Trd, 8639207.779, 118
Trd, 8639208.146, 68
Trd, 8639209.179, 140
Trd, 8639209.579, 140
Trd, 8639209.746, 140
Trd, 8639210.779, 140
Trd, 8639210.846, 140
Trd, 8639211.012, 140
Trd, 8639211.746, 140
Trd, 8639211.912, 140
Trd, 8639212.212, 140
Trd, 8639212.312, 140
Trd, 8639212.412, 140
Trd, 8639212.746, 103
Trd, 8639212.879, 101
Trd, 8639212.912, 80
Trd, 8639213.646, 138
Trd, 8639214.279, 138
Trd, 8639214.346, 135
Trd, 8639214.579, 140
Trd, 8639215.146, 140
Trd, 8639215.279, 140
Trd, 8639215.679, 140
Trd, 8639216.612, 140
Trd, 8639216.912, 140
Trd, 8639217.246, 140
Trd, 8639217.512, 139
Trd, 8639217.812, 137
Trd, 8639218.179, 139
Trd, 8639218.246, 122
Trd, 8639218.512, 114
Trd, 8639219.879, 140
Trd, 8639219.979, 140
Trd, 8639220.012, 139
Trd, 8639220.046, 117
Trd, 8639220.179, 114
Trd, 8639220.379, 105
Trd, 8639221.346, 71
Trd, 8639221.679, 69
Trd, 8639222.079, 60
Trd, 8639222.479, 139
Trd, 8639223.379, 60
Trd, 8639223.479, 62
Trd, 8639223.612, 64
Trd, 8639224.312, 67
Trd, 8639224.479, 133
Trd, 8639226.012, 140
Trd, 8639226.346, 140
Trd, 8639226.412, 140
Trd, 8639226.446, 139
Trd, 8639226.579, 139
Trd, 8639227.346, 139
Trd, 8639227.412, 123
Trd, 8639227.512, 137
Trd, 8639227.979, 106
Trd, 8639228.279, 105
Trd, 8639228.979, 140
Trd, 8639229.012, 106
Trd, 8639229.346, 106
Trd, 8639230.212, 120
Trd, 8639230.779, 118
Trd, 8639231.479, 118
Trd, 8639231.579, 137
Trd, 8639231.679, 118
Trd, 8639232.079, 118
Trd, 8639232.479, 114
Trd, 8639232.879, 140
Trd, 8639232.979, 126
Trd, 8639233.112, 107
Trd, 8639233.812, 138
Trd, 8639234.479, 140
Trd, 8639234.979, 140
Trd, 8639235.679, 140
Trd, 8639235.712, 110
Trd, 8639236.346, 140
Trd, 8639236.946, 140
Trd, 8639237.346, 140
Trd, 8639237.679, 140
Trd, 8639237.979, 140
Trd, 8639238.579, 140
Trd, 8639238.612, 140
Trd, 8639238.646, 139
Trd, 8639239.346, 140
Trd, 8639239.812, 140
Trd, 8639239.979, 124
Trd, 8639240.612, 136
Trd, 8639240.679, 97
Trd, 8639240.779, 93
Trd, 8639241.979, 139
Trd, 8639242.146, 104
Trd, 8639242.412, 135
Trd, 8639243.412, 140
Trd, 8639243.446, 140
Trd, 8639243.646, 140
Trd, 8639244.379, 140
Trd, 8639244.412, 140
Trd, 8639244.779, 80
Trd, 8639245.612, 63
Trd, 8639246.112, 63
Trd, 8639247.179, 138
Trd, 8639247.346, 99
Trd, 8639247.912, 101
Trd, 8639248.246, 100
Trd, 8639248.579, 140
Trd, 8639248.846, 137
Trd, 8639249.412, 139
Trd, 8639249.779, 140
Trd, 8639250.812, 140
Trd, 8639251.246, 140
Trd, 8639251.612, 140
Trd, 8639251.646, 140
Trd, 8639252.046, 140
Trd, 8639252.712, 140
Trd, 8639252.846, 140
Trd, 8639253.312, 140
Trd, 8639253.412, 140
Trd, 8639254.379, 140
Trd, 8639254.679, 140
Trd, 8639254.746, 139
Trd, 8639255.346, 126
Trd, 8639255.546, 140
Trd, 8639256.012, 139
Trd, 8639256.412, 140
Trd, 8639256.679, 126
Trd, 8639256.979, 135
Trd, 8639257.179, 105
Trd, 8639257.479, 84
Trd, 8639258.312, 108
Trd, 8639258.412, 107
Trd, 8639258.712, 106
Trd, 8639259.612, 140
Trd, 8639260.012, 140
Trd, 8639260.712, 140
Trd, 8639261.046, 140
Trd, 8639261.379, 140
Trd, 8639262.146, 140
Trd, 8639262.679, 140
Trd, 8639263.012, 138
Trd, 8639263.579, 101
Trd, 8639263.712, 100
Trd, 8639263.946, 72
Trd, 8639264.479, 139
Trd, 8639264.546, 118
Trd, 8639265.512, 119
Trd, 8639265.646, 117
Trd, 8639265.946, 102
Trd, 8639265.979, 101
Trd, 8639266.412, 69
Trd, 8639266.446, 76
Trd, 8639266.612, 140
Trd, 8639266.979, 140
Trd, 8639267.979, 140
Trd, 8639268.579, 140
Trd, 8639268.746, 140
Trd, 8639268.812, 140
Trd, 8639269.279, 140
Trd, 8639269.346, 139
Trd, 8639270.012, 140
Trd, 8639270.279, 104
Trd, 8639270.612, 106
Trd, 8639271.479, 76
Trd, 8639271.712, 118
Trd, 8639272.912, 139
Trd, 8639273.512, 140
Trd, 8639273.746, 139
Trd, 8639273.846, 137
Trd, 8639274.379, 140
Trd, 8639274.546, 140
Trd, 8639274.612, 140
Trd, 8639274.946, 108
Trd, 8639275.379, 125
Trd, 8639275.812, 122
Trd, 8639275.979, 121
Trd, 8639276.179, 119
Trd, 8639276.446, 61
Trd, 8639276.579, 122
Trd, 8639277.179, 65
Trd, 8639277.412, 63
Trd, 8639279.312, 65
Trd, 8639280.012, 60
Trd, 8639280.979, 61
Trd, 8639281.146, 63
Trd, 8639281.346, 64
Trd, 8639281.746, 65
Trd, 8639282.112, 67
Trd, 8639282.612, 64
Trd, 8639282.979, 64
Trd, 8639283.712, 128
Trd, 8639284.079, 140
Trd, 8639285.046, 140
Trd, 8639285.112, 140
Trd, 8639285.246, 140
Trd, 8639285.779, 137
Trd, 8639285.812, 115
Trd, 8639286.446, 110
Trd, 8639287.046, 139
Trd, 8639288.379, 140
Trd, 8639288.679, 140
Trd, 8639288.946, 140
Trd, 8639289.179, 140
Trd, 8639289.379, 140
Trd, 8639289.612, 140
Trd, 8639289.812, 140
Trd, 8639290.579, 140
Trd, 8639290.712, 139
Trd, 8639291.746, 140
Trd, 8639291.779, 139
Trd, 8639292.012, 140
Trd, 8639292.412, 140
Trd, 8639292.479, 139
Trd, 8639292.846, 126
Trd, 8639293.279, 74
Trd, 8639294.279, 138
Trd, 8639295.012, 139
Trd, 8639295.046, 139
Trd, 8639295.379, 126
Trd, 8639295.412, 125
Trd, 8639295.879, 106
Trd, 8639296.312, 61
Trd, 8639297.512, 60
Trd, 8639297.779, 60
Trd, 8639298.046, 60
Trd, 8639298.612, 66
Trd, 8639299.079, 61
Trd, 8639299.679, 60
Trd, 8639299.979, 70
Trd, 8639300.546, 78
Trd, 8639300.679, 66
Trd, 8639301.546, 69
Trd, 8639301.679, 70
Trd, 8639301.946, 70
Trd, 8639302.279, 68
Trd, 8639302.546, 68
Trd, 8639302.646, 74
Trd, 8639302.879, 67
Trd, 8639303.446, 60
Trd, 8639304.212, 70
Trd, 8639304.712, 86
Trd, 8639305.112, 140
Trd, 8639305.812, 60
Trd, 8639306.012, 61
Trd, 8639307.512, 60
Trd, 8639307.612, 60
Trd, 8639307.779, 64
Trd, 8639308.446, 63
Trd, 8639308.679, 63
Trd, 8639308.912, 63
Trd, 8639309.112, 70
Trd, 8639310.312, 63
Trd, 8639310.712, 63
Trd, 8639310.746, 61
Trd, 8639311.446, 61
Trd, 8639311.912, 67
Trd, 8639312.079, 65
Trd, 8639312.679, 60
Trd, 8639312.779, 62
Trd, 8639312.979, 63
Trd, 8639313.346, 60
Trd, 8639313.412, 77
Trd, 8639314.446, 82
Trd, 8639314.812, 84
Trd, 8639315.012, 82
Trd, 8639315.546, 83
Trd, 8639315.779, 85
Trd, 8639316.079, 140
Trd, 8639316.379, 140
Trd, 8639317.179, 139
Trd, 8639317.412, 138
Trd, 8639317.912, 140
Trd, 8639318.212, 140
Trd, 8639318.746, 138
Trd, 8639319.012, 140
Trd, 8639319.579, 140
Trd, 8639320.046, 140
Trd, 8639320.279, 140
Trd, 8639320.479, 130
Trd, 8639320.546, 116
Trd, 8639321.179, 140
Trd, 8639321.446, 139
Trd, 8639321.879, 140
Trd, 8639322.112, 140
Trd, 8639322.579, 139
Trd, 8639322.612, 124
Trd, 8639323.146, 139
Trd, 8639323.312, 126
Trd, 8639323.479, 125
Trd, 8639324.779, 103
Trd, 8639324.879, 123
Trd, 8639325.112, 103
Trd, 8639325.346, 101
Trd, 8639325.612, 138
Trd, 8639326.079, 105
Trd, 8639326.479, 70
Trd, 8639327.012, 62
Trd, 8639327.479, 66
Trd, 8639328.446, 63
Trd, 8639330.446, 61
Trd, 8639331.412, 60
Trd, 8639331.679, 60
Trd, 8639332.746, 60
Trd, 8639332.779, 60
Trd, 8639332.912, 60
Trd, 8639332.979, 60
Trd, 8639333.312, 60
Trd, 8639333.512, 61
Trd, 8639333.546, 62
Trd, 8639333.646, 63
Trd, 8639334.346, 63
Trd, 8639334.846, 66
Trd, 8639335.346, 65
Trd, 8639335.579, 69
Trd, 8639335.946, 67
Trd, 8639336.012, 65
Trd, 8639336.512, 140
Trd, 8639336.579, 140
Trd, 8639337.112, 68
Trd, 8639337.312, 71
Trd, 8639338.012, 66
Trd, 8639338.812, 137
Trd, 8639339.112, 81
Trd, 8639339.312, 82
Trd, 8639339.512, 140
Trd, 8639339.812, 65
Trd, 8639340.546, 139
Trd, 8639341.479, 136
Trd, 8639341.646, 62
Trd, 8639341.779, 61
Trd, 8639341.846, 63
Trd, 8639342.179, 61
Trd, 8639342.846, 63
Trd, 8639343.146, 64
Trd, 8639343.812, 64
Trd, 8639344.646, 63
Trd, 8639345.612, 63
Trd, 8639345.679, 69
Trd, 8639345.779, 71
Trd, 8639346.479, 63
Trd, 8639346.512, 65
Trd, 8639347.346, 66
Trd, 8639347.646, 62
Trd, 8639348.312, 60
Trd, 8639348.712, 62
Trd, 8639348.779, 64
Trd, 8639349.346, 61
Trd, 8639350.412, 60
Trd, 8639350.479, 60
Trd, 8639350.512, 61
Trd, 8639351.412, 63
Trd, 8639351.979, 63
Trd, 8639352.079, 63
Trd, 8639352.112, 60
Trd, 8639353.579, 61
Trd, 8639354.012, 64
Trd, 8639354.512, 65
Trd, 8639354.679, 67
Trd, 8639354.779, 65
Trd, 8639354.979, 80
Trd, 8639355.012, 63
Trd, 8639355.346, 140
Trd, 8639355.879, 140
Trd, 8639356.112, 140
Trd, 8639356.346, 137
Trd, 8639357.479, 140
Trd, 8639357.512, 131
Trd, 8639358.012, 131
Trd, 8639358.279, 140
Trd, 8639358.679, 130
Trd, 8639359.146, 91
Trd, 8639359.846, 137
Trd, 8639360.012, 137
Trd, 8639360.379, 140
Trd, 8639361.546, 137
Trd, 8639361.646, 137
Trd, 8639361.746, 136
Trd, 8639361.779, 121
Trd, 8639362.846, 140
Trd, 8639363.146, 140
Trd, 8639363.412, 140
Trd, 8639363.479, 140
Trd, 8639364.679, 140
Trd, 8639365.279, 140
Trd, 8639365.346, 140
Trd, 8639365.846, 140
Trd, 8639366.779, 139
Trd, 8639366.812, 138
Trd, 8639366.846, 136
Trd, 8639367.312, 124
Trd, 8639367.612, 123
Trd, 8639368.446, 140
Trd, 8639368.546, 140
Trd, 8639368.712, 140
Trd, 8639369.212, 114
Trd, 8639369.312, 111
Trd, 8639369.746, 140
Trd, 8639369.879, 122
Trd, 8639371.579, 137
Trd, 8639371.612, 136
Trd, 8639372.479, 139
Trd, 8639372.579, 139
Trd, 8639372.879, 136
Trd, 8639372.912, 123
Trd, 8639373.779, 138
Trd, 8639373.912, 126
Trd, 8639374.379, 140
Trd, 8639375.312, 140
Trd, 8639375.646, 140
Trd, 8639375.946, 140
Trd, 8639376.279, 140
Trd, 8639376.312, 80
Trd, 8639377.312, 138
Trd, 8639377.546, 137
Trd, 8639377.746, 135
Trd, 8639377.846, 120
Trd, 8639378.446, 60
Trd, 8639378.912, 60
Trd, 8639379.879, 61
Trd, 8639380.512, 60
Trd, 8639381.146, 67
Trd, 8639381.579, 60
Trd, 8639382.279, 62
Trd, 8639382.412, 60
Trd, 8639382.679, 65
Trd, 8639382.712, 62
Trd, 8639382.779, 61
Trd, 8639383.279, 66
Trd, 8639383.546, 62
Trd, 8639383.779, 133
Trd, 8639384.546, 136
Trd, 8639385.546, 140
Trd, 8639385.946, 140
Trd, 8639386.012, 140
Trd, 8639386.379, 139
Trd, 8639386.579, 139
Trd, 8639386.846, 139
Trd, 8639387.579, 140
Trd, 8639387.612, 140
Trd, 8639388.079, 140
Trd, 8639389.212, 140
Trd, 8639389.412, 140
Trd, 8639389.646, 140
Trd, 8639389.779, 140
Trd, 8639391.112, 140
Trd, 8639391.212, 140
Trd, 8639391.279, 140
Trd, 8639391.412, 122
Trd, 8639391.512, 111
Trd, 8639391.979, 140
Trd, 8639392.279, 104
Trd, 8639392.612, 79
Trd, 8639392.979, 137
Trd, 8639393.346, 140
Trd, 8639393.546, 123
Trd, 8639394.146, 122
Trd, 8639394.646, 125
Trd, 8639395.046, 125
Trd, 8639395.779, 140
Trd, 8639396.146, 99
Trd, 8639396.179, 98
Trd, 8639396.646, 140
Trd, 8639397.246, 140
Trd, 8639398.046, 140
Trd, 8639398.446, 140
Trd, 8639399.046, 140
Trd, 8639399.079, 140
Trd, 8639399.146, 140
Trd, 8639399.312, 140
Trd, 8639399.912, 140
Trd, 8639399.979, 140
Trd, 8639400.079, 95
Trd, 8639400.212, 71
Trd, 8639401.112, 138
Trd, 8639401.712, 137
Trd, 8639402.112, 136
Trd, 8639402.779, 139
Trd, 8639403.112, 118
Trd, 8639403.146, 111
Trd, 8639403.446, 139
Trd, 8639404.512, 137
Trd, 8639404.846, 139
Trd, 8639405.179, 138
Trd, 8639405.312, 136
Trd, 8639406.046, 140
Trd, 8639406.746, 140
Trd, 8639407.212, 140
Trd, 8639407.546, 140
Trd, 8639407.912, 140
Trd, 8639408.679, 140
Trd, 8639409.046, 140
Trd, 8639409.812, 140
Trd, 8639409.846, 139
Trd, 8639410.512, 136
Trd, 8639410.712, 120
Trd, 8639410.779, 98
Trd, 8639411.379, 140
Trd, 8639411.479, 87
Trd, 8639412.079, 87
Trd, 8639412.146, 86
Trd, 8639412.479, 95
Trd, 8639412.779, 94
Trd, 8639413.446, 102
Trd, 8639413.979, 62
Trd, 8639414.379, 60
Trd, 8639414.646, 61
Trd, 8639415.179, 140
Trd, 8639415.912, 140
Trd, 8639416.146, 140
Trd, 8639416.179, 139
Trd, 8639416.479, 139
Trd, 8639417.146, 128
Trd, 8639417.179, 126
Trd, 8639417.812, 114
Trd, 8639417.912, 112
Trd, 8639418.312, 127
Trd, 8639418.946, 92
Trd, 8639419.079, 96
Trd, 8639419.446, 133
Trd, 8639419.812, 79
Trd, 8639420.212, 113
Trd, 8639421.346, 140
Trd, 8639421.612, 140
Trd, 8639421.679, 140
Trd, 8639421.846, 133
Trd, 8639421.879, 129
Trd, 8639421.946, 85
Trd, 8639422.646, 65
Trd, 8639423.112, 139
Trd, 8639423.146, 138
Trd, 8639423.979, 137
Trd, 8639425.912, 66
Trd, 8639426.379, 67
Trd, 8639426.446, 67
Trd, 8639426.779, 64
Trd, 8639427.546, 69
Trd, 8639428.179, 66
Trd, 8639428.346, 69
Trd, 8639428.546, 68
Trd, 8639428.679, 64
Trd, 8639428.912, 69
Trd, 8639429.146, 68
Trd, 8639429.812, 139
Trd, 8639429.846, 122
Trd, 8639430.646, 118
Trd, 8639430.746, 116
Trd, 8639431.346, 140
Trd, 8639431.479, 102
Trd, 8639431.912, 140
Trd, 8639431.946, 122
Trd, 8639432.179, 61
Trd, 8639432.579, 72
Trd, 8639432.879, 70
Trd, 8639433.779, 140
Trd, 8639433.912, 139
Trd, 8639433.946, 94
Trd, 8639434.379, 88
Trd, 8639435.446, 140
Trd, 8639436.312, 140
Trd, 8639436.812, 140
Trd, 8639436.979, 140
Trd, 8639437.046, 140
Trd, 8639437.279, 140
Trd, 8639437.312, 139
Trd, 8639437.412, 122
Trd, 8639438.146, 72
Trd, 8639438.246, 112
Trd, 8639439.479, 130
Trd, 8639439.512, 99
Trd, 8639439.946, 136
Trd, 8639440.012, 138
Trd, 8639440.346, 126
Trd, 8639441.012, 64
Trd, 8639441.079, 64
Trd, 8639441.879, 60
Trd, 8639442.179, 62
Trd, 8639443.112, 61
Trd, 8639443.346, 65
Trd, 8639444.812, 62
Trd, 8639444.879, 61
Trd, 8639445.579, 61
Trd, 8639445.746, 64
Trd, 8639446.012, 62
Trd, 8639446.312, 60
Trd, 8639446.379, 65
Trd, 8639446.579, 66
Trd, 8639447.346, 61
Trd, 8639448.512, 63
Trd, 8639448.712, 68
Trd, 8639448.979, 68
Trd, 8639449.446, 68
Trd, 8639449.846, 62
Trd, 8639450.012, 63
Trd, 8639451.479, 63
Trd, 8639451.946, 64
Trd, 8639452.479, 61
Trd, 8639453.146, 61
Trd, 8639453.346, 62
Trd, 8639453.579, 62
Trd, 8639454.579, 65
Trd, 8639455.112, 62
Trd, 8639455.179, 68
Trd, 8639456.112, 62
Trd, 8639456.346, 64
Trd, 8639456.379, 67
Trd, 8639456.579, 63
Trd, 8639456.712, 65
Trd, 8639456.812, 63
Trd, 8639457.379, 65
Trd, 8639457.979, 64
Trd, 8639459.846, 60
Trd, 8639460.479, 60
Trd, 8639460.646, 60
Trd, 8639460.712, 65
Trd, 8639460.746, 66
Trd, 8639461.079, 60
Trd, 8639461.612, 61
Trd, 8639461.846, 61
Trd, 8639462.379, 67
Trd, 8639462.512, 62
Trd, 8639462.912, 63
Trd, 8639463.579, 63
Trd, 8639464.112, 63
Trd, 8639464.246, 62
Trd, 8639464.446, 64
Trd, 8639464.546, 61
Trd, 8639465.079, 67
Trd, 8639465.279, 62
Trd, 8639465.479, 62
Trd, 8639466.079, 69
Trd, 8639467.112, 125
Trd, 8639467.579, 140
Trd, 8639467.646, 140
Trd, 8639467.946, 140
Trd, 8639468.012, 140
Trd, 8639468.146, 139
Trd, 8639468.579, 139
Trd, 8639468.946, 79
Trd, 8639469.446, 61
Trd, 8639470.112, 64
Trd, 8639471.079, 60
Trd, 8639471.746, 61
Trd, 8639472.879, 60
Trd, 8639473.846, 62
Trd, 8639474.412, 62
Trd, 8639474.446, 63
Trd, 8639475.312, 64
Trd, 8639475.579, 67
Trd, 8639475.612, 65
Trd, 8639475.646, 63
Trd, 8639476.046, 62
Trd, 8639476.412, 60
Trd, 8639476.812, 60
Trd, 8639477.479, 60
Trd, 8639478.012, 61
Trd, 8639478.212, 62
Trd, 8639478.279, 69
Trd, 8639478.512, 79
Trd, 8639480.712, 60
Trd, 8639481.146, 61
Trd, 8639481.946, 62
Trd, 8639482.279, 61
Trd, 8639482.346, 64
Trd, 8639482.846, 62
Trd, 8639483.046, 63
Trd, 8639483.479, 61
Trd, 8639483.946, 61
Trd, 8639483.979, 62
Trd, 8639484.512, 63
Trd, 8639485.179, 61
Trd, 8639486.179, 63
Trd, 8639486.212, 64
Trd, 8639486.246, 66
Trd, 8639486.412, 67
Trd, 8639486.846, 61
Trd, 8639487.179, 61
Trd, 8639487.312, 67
Trd, 8639488.546, 60
Trd, 8639489.146, 63
Trd, 8639490.046, 60
Trd, 8639490.146, 61
Trd, 8639490.379, 63
Trd, 8639491.246, 60
Trd, 8639492.112, 63
Trd, 8639492.146, 71
Trd, 8639492.979, 67
Trd, 8639493.579, 85
Trd, 8639493.779, 74
Trd, 8639493.979, 76
Trd, 8639494.179, 76
Trd, 8639494.479, 73
Trd, 8639494.712, 73
Trd, 8639495.112, 75
Trd, 8639495.312, 73
Trd, 8639495.912, 106
Trd, 8639496.112, 76
Trd, 8639497.846, 63
Trd, 8639498.379, 62
Trd, 8639498.846, 62
Trd, 8639498.912, 64
Trd, 8639499.446, 64
Trd, 8639499.579, 65
Trd, 8639499.612, 67
Trd, 8639499.779, 63
Trd, 8639500.379, 73
Trd, 8639500.579, 81
Trd, 8639501.612, 139
Trd, 8639501.912, 60
Trd, 8639502.512, 65
Trd, 8639502.812, 140
Trd, 8639503.446, 140
Trd, 8639503.546, 140
Trd, 8639504.779, 140
Trd, 8639504.979, 140
Trd, 8639505.079, 140
Trd, 8639505.112, 140
Trd, 8639505.146, 140
Trd, 8639505.246, 140
Trd, 8639505.646, 140
Trd, 8639506.779, 140
Trd, 8639506.912, 140
Trd, 8639507.046, 122
Trd, 8639507.746, 140
Trd, 8639507.879, 96
Trd, 8639508.579, 140
Trd, 8639508.746, 140
Trd, 8639508.779, 140
Trd, 8639508.812, 122
Trd, 8639509.579, 140
Trd, 8639509.746, 92
Trd, 8639510.246, 103
Trd, 8639510.312, 82
Trd, 8639510.812, 138
Trd, 8639511.912, 106
Trd, 8639512.379, 107
Trd, 8639513.246, 137
Trd, 8639513.346, 136
Trd, 8639513.679, 106
Trd, 8639513.746, 89
Trd, 8639514.146, 60
Trd, 8639514.846, 62
Trd, 8639515.179, 68
Trd, 8639515.812, 65
Trd, 8639516.712, 60
Trd, 8639516.912, 63
Trd, 8639517.146, 69
Trd, 8639517.746, 62
Trd, 8639517.812, 63
Trd, 8639517.979, 66
Trd, 8639518.446, 64
Trd, 8639518.679, 68
Trd, 8639519.212, 140
Trd, 8639520.079, 140
Trd, 8639520.279, 139
Trd, 8639520.379, 139
Trd, 8639521.779, 60
Trd, 8639522.246, 60
Trd, 8639522.746, 60
Trd, 8639523.012, 61
Trd, 8639523.879, 60
Trd, 8639524.146, 62
Trd, 8639524.212, 61
Trd, 8639524.579, 61
Trd, 8639524.946, 62
Trd, 8639525.079, 62
Trd, 8639525.112, 63
Trd, 8639525.412, 63
Trd, 8639525.612, 64
Trd, 8639526.246, 64
Trd, 8639526.546, 85
Trd, 8639526.979, 102
Trd, 8639527.179, 101
Trd, 8639527.412, 65
Trd, 8639527.646, 64
Trd, 8639527.746, 67
Trd, 8639529.046, 77
Trd, 8639530.012, 63
Trd, 8639530.612, 76
Trd, 8639530.712, 62
Trd, 8639531.012, 62
Trd, 8639531.279, 61
Trd, 8639531.446, 61
Trd, 8639531.579, 127
Trd, 8639531.879, 69
Trd, 8639533.346, 60
Trd, 8639534.112, 63
Trd, 8639534.312, 61
Trd, 8639534.379, 67
Trd, 8639534.679, 89
Trd, 8639535.979, 140
Trd, 8639536.012, 79
Trd, 8639536.246, 79
Trd, 8639536.712, 83
Trd, 8639536.779, 80
Trd, 8639537.546, 81
Trd, 8639538.146, 67
Trd, 8639538.712, 61
Trd, 8639539.412, 60
Trd, 8639539.446, 61
Trd, 8639540.212, 61
Trd, 8639540.312, 67
Trd, 8639541.312, 62
Trd, 8639541.579, 65
Trd, 8639541.612, 65
Trd, 8639541.979, 67
Trd, 8639542.446, 60
Trd, 8639542.579, 62
Trd, 8639543.046, 61
Trd, 8639543.546, 60
Trd, 8639543.646, 62
Trd, 8639544.246, 61
Trd, 8639544.812, 60
Trd, 8639545.412, 61
Trd, 8639547.412, 60
Trd, 8639547.946, 61
Trd, 8639548.146, 60
Trd, 8639548.712, 60
Trd, 8639549.146, 60
Trd, 8639549.179, 60
Trd, 8639549.312, 60
Trd, 8639549.446, 60
Trd, 8639549.746, 60
Trd, 8639550.046, 60
Trd, 8639550.412, 61
Trd, 8639552.346, 60
Trd, 8639553.312, 60
Trd, 8639553.446, 60
Trd, 8639553.579, 60
Trd, 8639553.646, 62
Trd, 8639553.679, 62
Trd, 8639554.312, 62
Trd, 8639554.979, 61
Trd, 8639555.479, 60
Trd, 8639556.146, 60
Trd, 8639556.246, 61
Trd, 8639556.546, 64
Trd, 8639556.579, 69
Trd, 8639556.646, 77
Trd, 8639557.046, 74
Trd, 8639557.079, 62
Trd, 8639558.046, 61
Trd, 8639558.746, 60
Trd, 8639559.446, 60
Trd, 8639559.512, 60
Trd, 8639561.512, 64
Trd, 8639561.946, 60
Trd, 8639562.512, 60
Trd, 8639562.912, 61
Trd, 8639562.946, 63
Trd, 8639563.312, 69
Trd, 8639563.412, 67
Trd, 8639563.646, 67
Trd, 8639563.712, 67
Trd, 8639563.946, 99
Trd, 8639565.179, 136
Trd, 8639565.446, 135
Trd, 8639566.012, 67
Trd, 8639566.379, 68
Trd, 8639566.412, 96
Trd, 8639566.846, 140
Trd, 8639566.912, 140
Trd, 8639567.046, 126
Trd, 8639567.079, 75
Trd, 8639568.179, 62
Trd, 8639568.979, 60
Trd, 8639569.312, 63
Trd, 8639569.712, 61
Trd, 8639570.412, 139
Trd, 8639570.979, 62
Trd, 8639572.279, 60
Trd, 8639573.346, 60
Trd, 8639573.746, 60
Trd, 8639573.846, 61
Trd, 8639574.946, 61
Trd, 8639575.312, 61
Trd, 8639575.846, 63
Trd, 8639575.946, 63
Trd, 8639575.979, 62
Trd, 8639576.212, 63
Trd, 8639576.312, 65
Trd, 8639576.412, 78
Trd, 8639577.212, 62
Trd, 8639577.479, 64
Trd, 8639577.746, 62
Trd, 8639578.446, 66
Trd, 8639578.746, 68
Trd, 8639578.846, 64
Trd, 8639580.146, 60
Trd, 8639580.312, 60
Trd, 8639580.412, 64
Trd, 8639581.879, 60
Trd, 8639581.946, 62
Trd, 8639581.979, 74
Trd, 8639582.679, 62
Trd, 8639583.179, 140
Trd, 8639583.546, 68
Trd, 8639583.579, 67
Trd, 8639583.746, 67
Trd, 8639583.946, 139
Trd, 8639584.512, 140
Trd, 8639584.712, 139
Trd, 8639585.512, 134
Trd, 8639585.979, 140
Trd, 8639586.012, 133
Trd, 8639586.279, 140
Trd, 8639587.346, 140
Trd, 8639587.446, 139
Trd, 8639587.479, 139
Trd, 8639587.946, 140
Trd, 8639588.679, 137
Trd, 8639589.079, 137
Trd, 8639589.179, 136
Trd, 8639589.946, 140
Trd, 8639590.346, 140
Trd, 8639591.179, 140
Trd, 8639591.279, 140
Trd, 8639591.612, 138
Trd, 8639591.679, 138
Trd, 8639592.146, 122
Trd, 8639592.746, 140
Trd, 8639592.979, 140
Trd, 8639593.612, 139
Trd, 8639593.746, 113
Trd, 8639593.846, 84
Trd, 8639594.646, 60
Trd, 8639596.179, 60
Trd, 8639596.212, 60
Trd, 8639596.412, 61
Trd, 8639596.712, 62
Trd, 8639597.646, 62
Trd, 8639597.912, 64
Trd, 8639597.946, 63
Trd, 8639598.012, 64
Trd, 8639598.079, 66
Trd, 8639599.079, 60
Trd, 8639599.312, 65
Trd, 8639599.646, 67
Trd, 8639599.679, 73
Trd, 8639600.346, 65
Trd, 8639600.546, 83
Trd, 8639600.779, 97
Trd, 8639600.946, 66
Trd, 8639601.012, 65
Trd, 8639601.412, 62
Trd, 8639601.946, 61
Trd, 8639602.712, 63
Trd, 8639603.646, 65
Trd, 8639604.712, 60
Trd, 8639605.112, 60
Trd, 8639605.279, 60
Trd, 8639606.179, 63
Trd, 8639606.212, 63
Trd, 8639606.312, 64
Trd, 8639606.412, 64
Trd, 8639606.812, 65
Trd, 8639606.946, 62
Trd, 8639607.112, 118
Trd, 8639607.612, 70
Trd, 8639608.012, 140
Trd, 8639608.612, 140
Trd, 8639608.879, 65
Trd, 8639609.679, 60
Trd, 8639610.112, 61
Trd, 8639610.379, 60
Trd, 8639610.946, 61
Trd, 8639611.379, 62
Trd, 8639611.546, 63
Trd, 8639612.546, 64
Trd, 8639612.712, 65
Trd, 8639612.979, 63
Trd, 8639613.712, 140
Trd, 8639613.812, 140
Trd, 8639613.846, 140
Trd, 8639614.046, 71
Trd, 8639615.146, 62
Trd, 8639615.246, 74
Trd, 8639615.646, 102
Trd, 8639616.179, 63
Trd, 8639616.646, 61
Trd, 8639616.879, 63
Trd, 8639617.179, 66
Trd, 8639617.846, 80
Trd, 8639618.012, 104
Trd, 8639618.179, 110
Trd, 8639618.279, 78
Trd, 8639619.179, 61
Trd, 8639619.346, 140
Trd, 8639619.812, 139
Trd, 8639620.579, 123
Trd, 8639621.246, 124
Trd, 8639621.479, 125
Trd, 8639621.612, 124
Trd, 8639621.679, 109
Trd, 8639621.979, 101
Trd, 8639622.479, 140
Trd, 8639622.812, 140
Trd, 8639623.179, 133
Trd, 8639623.479, 140
Trd, 8639623.512, 94
Trd, 8639624.146, 140
Trd, 8639624.179, 140
Trd, 8639624.246, 140
Trd, 8639626.379, 60
Trd, 8639626.712, 60
Trd, 8639627.412, 60
Trd, 8639627.479, 60
Trd, 8639627.879, 61
Trd, 8639627.946, 61
Trd, 8639628.379, 61
Trd, 8639628.512, 75
Trd, 8639629.046, 60
Trd, 8639629.112, 70
Trd, 8639629.279, 96
Trd, 8639629.579, 140
Trd, 8639629.879, 62
Trd, 8639630.146, 61
Trd, 8639630.512, 70
Trd, 8639631.046, 72
Trd, 8639631.446, 66
Trd, 8639632.512, 62
Trd, 8639633.546, 64
Trd, 8639634.079, 62
Trd, 8639634.612, 64
Trd, 8639635.512, 61
Trd, 8639635.546, 62
Trd, 8639635.879, 63
Trd, 8639636.312, 139
Trd, 8639636.412, 138
Trd, 8639636.812, 125
Trd, 8639637.279, 126
Trd, 8639637.846, 127
Trd, 8639638.012, 140
Trd, 8639638.379, 140
Trd, 8639638.879, 140
Trd, 8639639.812, 140
Trd, 8639639.879, 140
Trd, 8639640.012, 140
Trd, 8639640.379, 140
Trd, 8639640.779, 137
Trd, 8639641.012, 139
Trd, 8639641.712, 140
Trd, 8639642.079, 133
Trd, 8639642.512, 113
Trd, 8639642.912, 113
Trd, 8639643.112, 140
Trd, 8639643.479, 110
Trd, 8639643.512, 108
Trd, 8639643.979, 140
Trd, 8639644.212, 136
Trd, 8639644.512, 69
Trd, 8639644.846, 75
Trd, 8639645.812, 74
Trd, 8639646.512, 140
Trd, 8639646.612, 140
Trd, 8639646.846, 123
Trd, 8639647.946, 140
Trd, 8639647.979, 137
Trd, 8639648.079, 136
Trd, 8639648.179, 112
Trd, 8639648.646, 139
Trd, 8639648.712, 87
Trd, 8639648.812, 75
Trd, 8639650.112, 140
Trd, 8639650.546, 140
Trd, 8639651.012, 140
Trd, 8639651.412, 140
Trd, 8639652.779, 140
Trd, 8639652.879, 140
Trd, 8639652.946, 140
Trd, 8639653.012, 122
Trd, 8639653.512, 94
Trd, 8639653.612, 140
Trd, 8639654.446, 140
Trd, 8639654.479, 140
Trd, 8639655.379, 63
Trd, 8639655.479, 62
Trd, 8639655.579, 65
Trd, 8639655.979, 65
Trd, 8639656.846, 61
Trd, 8639656.912, 63
Trd, 8639657.979, 60
Trd, 8639658.446, 60
Trd, 8639658.712, 61
Trd, 8639659.912, 60
Trd, 8639660.946, 61
Trd, 8639661.346, 61
Trd, 8639661.712, 63
Trd, 8639661.879, 62
Trd, 8639662.246, 60
Trd, 8639662.746, 65
Trd, 8639662.812, 62
Trd, 8639663.012, 60
Trd, 8639663.279, 60
Trd, 8639663.746, 61
Trd, 8639664.012, 61
Trd, 8639664.246, 61
Trd, 8639664.546, 74
Trd, 8639664.746, 76
Trd, 8639664.912, 80
Trd, 8639665.346, 132
Trd, 8639665.612, 131
Trd, 8639665.646, 117
Trd, 8639666.012, 65
Trd, 8639666.612, 140
Trd, 8639666.712, 109
Trd, 8639667.579, 122
Trd, 8639667.846, 81
Trd, 8639668.712, 133
Trd, 8639668.846, 125
Trd, 8639668.946, 124
Trd, 8639669.179, 79
Trd, 8639669.579, 102
Trd, 8639670.312, 140
Trd, 8639671.646, 140
Trd, 8639671.679, 140
Trd, 8639672.079, 140
Trd, 8639672.279, 140
Trd, 8639672.379, 140
Trd, 8639672.479, 140
Trd, 8639673.446, 140
Trd, 8639673.846, 140
Trd, 8639674.146, 139
Trd, 8639674.512, 137
Trd, 8639675.046, 140
Trd, 8639675.612, 140
Trd, 8639676.512, 140
Trd, 8639677.346, 139
Trd, 8639677.446, 127
Trd, 8639677.512, 126
Trd, 8639677.546, 123
Trd, 8639678.079, 140
Trd, 8639678.279, 115
Trd, 8639678.779, 131
Trd, 8639679.346, 116
Trd, 8639680.046, 139
Trd, 8639680.412, 139
Trd, 8639680.446, 138
Trd, 8639680.479, 119
Trd, 8639681.179, 140
Trd, 8639681.279, 119
Trd, 8639682.179, 140
Trd, 8639682.279, 140
Trd, 8639682.412, 139
Trd, 8639682.846, 69
Trd, 8639684.012, 140
Trd, 8639684.412, 140
Trd, 8639684.746, 140
Trd, 8639685.912, 138
Trd, 8639686.079, 123
Trd, 8639686.646, 107
Trd, 8639686.779, 100
Trd, 8639686.912, 99
Trd, 8639687.612, 66
Trd, 8639688.412, 61
Trd, 8639688.746, 61
Trd, 8639689.279, 65
Trd, 8639689.546, 62
Trd, 8639689.879, 61
Trd, 8639690.512, 62
Trd, 8639691.079, 65
Trd, 8639691.279, 65
Trd, 8639691.612, 69
Trd, 8639691.646, 111
Trd, 8639692.312, 96
Trd, 8639692.546, 96
Trd, 8639692.846, 109
Trd, 8639693.979, 61
Trd, 8639694.046, 62
Trd, 8639694.279, 65
Trd, 8639694.479, 65
Trd, 8639695.246, 61
Trd, 8639695.446, 72
Trd, 8639696.412, 140
Trd, 8639696.512, 123
Trd, 8639697.346, 64
Trd, 8639697.546, 69
Trd, 8639697.646, 66
Trd, 8639697.812, 65
Trd, 8639698.112, 64
Trd, 8639698.846, 61
Trd, 8639699.546, 65
Trd, 8639699.746, 102
Trd, 8639700.046, 101
Trd, 8639700.446, 71
Trd, 8639700.712, 60
Trd, 8639700.779, 63
Trd, 8639701.646, 84
Trd, 8639702.779, 60
Trd, 8639702.946, 60
Trd, 8639703.512, 60
Trd, 8639703.679, 67
Trd, 8639704.046, 62
Trd, 8639704.979, 65
Trd, 8639705.912, 62
Trd, 8639706.046, 62
Trd, 8639706.379, 63
Trd, 8639706.612, 67
Trd, 8639707.012, 65
Trd, 8639707.179, 74
Trd, 8639707.212, 62
Trd, 8639707.912, 62
Trd, 8639708.679, 67
Trd, 8639709.046, 71
Trd, 8639709.946, 126
Trd, 8639710.279, 140
Trd, 8639710.379, 140
Trd, 8639710.479, 124
Trd, 8639710.546, 123
Trd, 8639710.879, 120
Trd, 8639711.712, 90
Trd, 8639711.812, 88
Trd, 8639712.146, 85
Trd, 8639713.112, 62
Trd, 8639713.346, 62
Trd, 8639714.179, 80
Trd, 8639714.212, 79
Trd, 8639714.579, 60
Trd, 8639714.979, 98
Trd, 8639715.979, 63
Trd, 8639716.112, 62
Trd, 8639716.579, 68
Trd, 8639716.612, 62
Trd, 8639717.146, 60
Trd, 8639717.179, 60
Trd, 8639717.679, 62
Trd, 8639717.979, 60
Trd, 8639718.646, 137
Trd, 8639719.379, 140
Trd, 8639719.946, 140
Trd, 8639720.479, 140
Trd, 8639720.579, 140
Trd, 8639720.646, 140
Trd, 8639720.912, 138
Trd, 8639721.579, 139
Trd, 8639721.612, 135
Trd, 8639721.812, 123
Trd, 8639721.946, 122
Trd, 8639722.512, 140
Trd, 8639722.712, 83
Trd, 8639722.946, 92
Trd, 8639723.312, 140
Trd, 8639724.412, 60
Trd, 8639724.946, 60
Trd, 8639725.546, 60
Trd, 8639725.679, 64
Trd, 8639725.946, 104
Trd, 8639726.279, 120
Trd, 8639726.812, 72
Trd, 8639728.912, 60
Trd, 8639729.212, 62
Trd, 8639729.579, 63
Trd, 8639729.679, 66
Trd, 8639729.746, 62
Trd, 8639729.912, 65
Trd, 8639730.379, 66
Trd, 8639730.546, 62
Trd, 8639730.912, 62
Trd, 8639731.346, 62
Trd, 8639731.512, 64
Trd, 8639732.046, 62
Trd, 8639732.212, 69
Trd, 8639732.679, 65
Trd, 8639733.179, 64
Trd, 8639733.579, 62
Trd, 8639733.679, 74
Trd, 8639734.412, 60
Trd, 8639735.479, 61
Trd, 8639735.712, 64
Trd, 8639736.246, 60
Trd, 8639737.279, 63
Trd, 8639738.012, 60
Trd, 8639738.179, 62
Trd, 8639738.512, 62
Trd, 8639739.046, 63
Trd, 8639739.379, 61
Trd, 8639739.946, 60
Trd, 8639740.246, 65
Trd, 8639740.779, 66
Trd, 8639741.279, 66
Trd, 8639741.579, 73
Trd, 8639741.812, 66
Trd, 8639741.946, 65
Trd, 8639742.446, 140
Trd, 8639742.712, 113
Trd, 8639742.812, 111
Trd, 8639744.012, 60
Trd, 8639744.179, 64
Trd, 8639744.346, 70
Trd, 8639744.979, 61
Trd, 8639745.546, 63
Trd, 8639745.746, 139
Trd, 8639746.146, 62
Trd, 8639746.846, 63
Trd, 8639748.079, 61
Trd, 8639748.179, 64
Trd, 8639748.246, 69
Trd, 8639748.812, 61
Trd, 8639749.479, 60
Trd, 8639749.646, 61
Trd, 8639749.912, 62
Trd, 8639750.579, 60
Trd, 8639751.012, 64
Trd, 8639751.312, 63
Trd, 8639751.712, 136
Trd, 8639751.812, 79
Trd, 8639751.946, 64
Trd, 8639752.246, 64
Trd, 8639753.912, 125
Trd, 8639754.612, 61
Trd, 8639754.879, 61
Trd, 8639754.979, 61
Trd, 8639755.446, 68
Trd, 8639755.579, 62
Trd, 8639755.979, 66
Trd, 8639756.379, 67
Trd, 8639756.412, 68
Trd, 8639756.812, 67
Trd, 8639756.979, 69
Trd, 8639757.179, 66
Trd, 8639757.246, 81
Trd, 8639758.646, 75
Trd, 8639758.679, 74
Trd, 8639759.112, 74
Trd, 8639760.146, 60
Trd, 8639760.512, 60
Trd, 8639760.546, 61
Trd, 8639760.646, 74
Trd, 8639760.679, 75
Trd, 8639760.812, 62
Trd, 8639760.912, 85
Trd, 8639761.579, 60
Trd, 8639762.512, 140
Trd, 8639762.746, 140
Trd, 8639763.012, 140
Trd, 8639763.212, 139
Trd, 8639763.612, 78
Trd, 8639763.879, 75
Trd, 8639764.512, 74
Trd, 8639764.846, 140
Trd, 8639765.146, 70
Trd, 8639765.246, 110
Trd, 8639766.546, 140
Trd, 8639766.846, 140
Trd, 8639766.879, 139
Trd, 8639767.046, 140
Trd, 8639767.179, 139
Trd, 8639767.646, 102
Trd, 8639768.279, 139
Trd, 8639768.512, 140
Trd, 8639769.112, 139
Trd, 8639769.446, 139
Trd, 8639769.679, 139
Trd, 8639770.012, 140
Trd, 8639770.446, 137
Trd, 8639770.846, 136
Trd, 8639770.879, 94
Trd, 8639771.946, 86
Trd, 8639772.212, 89
Trd, 8639772.912, 60
Trd, 8639773.812, 60
Trd, 8639774.746, 60
Trd, 8639775.279, 60
Trd, 8639775.812, 61
Trd, 8639777.079, 60
Trd, 8639777.246, 62
Trd, 8639777.279, 61
Trd, 8639777.679, 63
Trd, 8639777.712, 61
Trd, 8639778.346, 63
Trd, 8639778.479, 64
Trd, 8639778.646, 61
Trd, 8639778.712, 65
Trd, 8639779.412, 67
Trd, 8639779.912, 60
Trd, 8639780.612, 67
Trd, 8639781.012, 65
Trd, 8639781.212, 82
Trd, 8639781.612, 72
Trd, 8639781.679, 68
Trd, 8639782.146, 65
Trd, 8639782.579, 64
Trd, 8639782.979, 62
Trd, 8639783.179, 68
Trd, 8639783.279, 135
Trd, 8639784.012, 67
Trd, 8639784.046, 66
Trd, 8639784.546, 61
Trd, 8639784.779, 62
Trd, 8639786.012, 62
Trd, 8639786.146, 63
Trd, 8639786.646, 65
Trd, 8639786.846, 62
Trd, 8639787.946, 61
Trd, 8639788.979, 60
Trd, 8639789.246, 62
Trd, 8639789.546, 62
Trd, 8639789.846, 63
Trd, 8639790.446, 62
Trd, 8639790.646, 63
Trd, 8639790.679, 64
Trd, 8639791.012, 64
Trd, 8639791.146, 62
Trd, 8639791.346, 63
Trd, 8639792.079, 140
Trd, 8639792.979, 137
Trd, 8639793.379, 140
Trd, 8639793.479, 77
Trd, 8639793.879, 61
Trd, 8639794.379, 132
Trd, 8639794.912, 60
Trd, 8639795.012, 66
Trd, 8639796.646, 60
Trd, 8639797.212, 61
Trd, 8639797.612, 60
Trd, 8639798.079, 61
Trd, 8639798.479, 62
Trd, 8639798.646, 77
Trd, 8639798.846, 78
Trd, 8639799.446, 63
Trd, 8639799.546, 63
Trd, 8639800.146, 62
Trd, 8639800.712, 64
Trd, 8639801.579, 62
Trd, 8639801.612, 61
Trd, 8639801.812, 62
Trd, 8639802.012, 62
Trd, 8639802.446, 66
Trd, 8639802.512, 83
Trd, 8639802.779, 81
Trd, 8639803.179, 63
Trd, 8639803.646, 64
Trd, 8639803.712, 62
Trd, 8639803.846, 137
Trd, 8639805.146, 140
Trd, 8639805.679, 61
Trd, 8639805.812, 69
Trd, 8639805.879, 70
Trd, 8639805.979, 72
Trd, 8639807.479, 60
Trd, 8639807.612, 63
Trd, 8639808.212, 75
Trd, 8639809.379, 64
Trd, 8639809.512, 64
Trd, 8639810.479, 140
Trd, 8639810.546, 137
Trd, 8639810.646, 66
Trd, 8639811.012, 65
Trd, 8639811.346, 65
Trd, 8639811.612, 64
Trd, 8639811.679, 63
Trd, 8639812.179, 60
Trd, 8639812.612, 76
Trd, 8639812.946, 88
Trd, 8639813.412, 129
Trd, 8639813.546, 75
Trd, 8639813.979, 140
Trd, 8639814.046, 140
Trd, 8639814.079, 115
Trd, 8639815.146, 61
Trd, 8639816.146, 62
Trd, 8639816.346, 61
Trd, 8639816.812, 64
Trd, 8639817.012, 60
Trd, 8639817.679, 62
Trd, 8639818.046, 61
Trd, 8639818.146, 63
Trd, 8639818.546, 64
Trd, 8639818.746, 66
Trd, 8639818.979, 74
Trd, 8639819.412, 70
Trd, 8639819.812, 71
Trd, 8639820.146, 71
Trd, 8639820.312, 69
Trd, 8639820.612, 70
Trd, 8639820.946, 78
Trd, 8639821.112, 68
Trd, 8639821.712, 61
Trd, 8639821.912, 140
Trd, 8639822.146, 138
Trd, 8639822.246, 64
Trd, 8639823.746, 61
Trd, 8639824.979, 60
Trd, 8639825.079, 61
Trd, 8639825.346, 61
Trd, 8639826.012, 61
Trd, 8639826.846, 60
Trd, 8639827.212, 60
Trd, 8639827.612, 61
Trd, 8639827.746, 61
Trd, 8639828.179, 62
Trd, 8639828.812, 64
Trd, 8639830.212, 64
Trd, 8639830.246, 64
Trd, 8639830.379, 64
Trd, 8639830.546, 66
Trd, 8639830.846, 65
Trd, 8639830.979, 77
Trd, 8639831.679, 83
Trd, 8639831.812, 81
Trd, 8639832.546, 73
Trd, 8639832.579, 88
Trd, 8639832.746, 69
Trd, 8639832.979, 66
Trd, 8639833.779, 60
Trd, 8639833.846, 63
Trd, 8639834.379, 64
Trd, 8639835.079, 139
Trd, 8639835.346, 139
Trd, 8639835.679, 138
Trd, 8639836.046, 138
Trd, 8639836.346, 137
Trd, 8639837.146, 139
Trd, 8639837.779, 140
Trd, 8639838.212, 140
Trd, 8639838.579, 140
Trd, 8639838.646, 140
Trd, 8639838.679, 100
Trd, 8639840.146, 68
Trd, 8639840.246, 140
Trd, 8639841.246, 60
Trd, 8639841.312, 60
Trd, 8639842.146, 60
Trd, 8639842.312, 61
Trd, 8639843.479, 61
Trd, 8639843.879, 60
Trd, 8639843.912, 63
Trd, 8639844.512, 60
Trd, 8639844.712, 65
Trd, 8639844.746, 92
Trd, 8639844.946, 60
Trd, 8639845.012, 69
Trd, 8639845.046, 106
Trd, 8639845.279, 65
Trd, 8639846.612, 60
Trd, 8639847.779, 60
Trd, 8639848.212, 62
Trd, 8639848.246, 65
Trd, 8639848.579, 66
Trd, 8639849.179, 60
Trd, 8639850.446, 60
Trd, 8639850.946, 61
Trd, 8639851.046, 60
Trd, 8639851.179, 66
Trd, 8639851.979, 60
Trd, 8639852.512, 60
Trd, 8639853.012, 63
Trd, 8639854.012, 60
Trd, 8639854.212, 60
Trd, 8639854.512, 60
Trd, 8639854.679, 60
Trd, 8639854.846, 68
Trd, 8639855.079, 61
Trd, 8639855.379, 60
Trd, 8639856.446, 70
Trd, 8639856.712, 65
Trd, 8639857.179, 60
Trd, 8639857.579, 60
Trd, 8639858.179, 61
Trd, 8639858.979, 61
Trd, 8639859.046, 61
Trd, 8639859.612, 68
Trd, 8639860.012, 66
Trd, 8639860.846, 66
Trd, 8639860.979, 60
Trd, 8639861.312, 63
Trd, 8639862.046, 68
Trd, 8639862.146, 68
Trd, 8639862.712, 69
Trd, 8639862.779, 68
Trd, 8639863.046, 103
Trd, 8639863.112, 80
Trd, 8639863.579, 108
Trd, 8639863.679, 78
Trd, 8639863.779, 70
Trd, 8639864.212, 98
Trd, 8639864.512, 97
Trd, 8639864.879, 140
Trd, 8639865.679, 140
Trd, 8639866.112, 140
Trd, 8639866.812, 140
Trd, 8639866.946, 140
Trd, 8639866.979, 139
Trd, 8639867.646, 64
Trd, 8639867.979, 65
Trd, 8639868.479, 62
Trd, 8639869.379, 72
Trd, 8639869.846, 60
Trd, 8639869.879, 67
Trd, 8639870.612, 140
Trd, 8639871.012, 140
Trd, 8639871.312, 140
Trd, 8639871.512, 140
Trd, 8639871.946, 140
Trd, 8639872.012, 140
Trd, 8639872.279, 140
Trd, 8639872.446, 140
Trd, 8639873.046, 140
Trd, 8639873.212, 139
Trd, 8639873.512, 140
Trd, 8639873.912, 139
Trd, 8639874.212, 138
Trd, 8639874.679, 139
Trd, 8639874.712, 138
Trd, 8639875.946, 127
Trd, 8639876.312, 126
Trd, 8639876.546, 140
Trd, 8639877.979, 140
Trd, 8639878.546, 140
Trd, 8639878.646, 140
Trd, 8639878.679, 140
Trd, 8639878.979, 140
Trd, 8639879.412, 139
Trd, 8639880.279, 140
Trd, 8639880.412, 139
Trd, 8639880.512, 137
Trd, 8639880.812, 135
Trd, 8639880.912, 128
Trd, 8639881.579, 111
Trd, 8639881.846, 111
Trd, 8639881.879, 106
Trd, 8639882.446, 104
Trd, 8639882.579, 115
Trd, 8639883.212, 140
Trd, 8639883.412, 63
Trd, 8639883.679, 61
Trd, 8639883.712, 61
Trd, 8639884.212, 136
Trd, 8639884.612, 135
Trd, 8639884.846, 88
Trd, 8639885.479, 87
Trd, 8639887.412, 60
Trd, 8639888.579, 60
Trd, 8639888.746, 60
Trd, 8639889.179, 61
Trd, 8639889.412, 63
Trd, 8639889.479, 63
Trd, 8639889.912, 61
Trd, 8639890.312, 60
Trd, 8639890.846, 60
Trd, 8639891.112, 62
Trd, 8639892.246, 60
Trd, 8639892.379, 62
Trd, 8639893.146, 62
Trd, 8639893.412, 62
Trd, 8639893.812, 63
Trd, 8639893.979, 63
Trd, 8639894.579, 65
Trd, 8639894.746, 66
Trd, 8639895.312, 140
Trd, 8639895.346, 140
Trd, 8639895.446, 65
Trd, 8639895.946, 61
Trd, 8639895.979, 67
Trd, 8639896.612, 129
Trd, 8639896.779, 103
Trd, 8639897.412, 65
Trd, 8639897.646, 100
Trd, 8639897.812, 61
Trd, 8639898.346, 60
Trd, 8639899.846, 60
Trd, 8639900.279, 61
Trd, 8639900.379, 61
Trd, 8639901.346, 63
Trd, 8639901.646, 60
Trd, 8639901.812, 60
Trd, 8639902.079, 63
Trd, 8639902.446, 65
Trd, 8639902.579, 64
Trd, 8639902.946, 140
Trd, 8639903.546, 140
Trd, 8639903.912, 140
Trd, 8639904.612, 140
Trd, 8639904.879, 140
Trd, 8639904.912, 140
Trd, 8639905.146, 140
Trd, 8639905.512, 136
Trd, 8639905.579, 135
Trd, 8639905.646, 122
Trd, 8639905.779, 65
Trd, 8639907.279, 140
Trd, 8639907.512, 140
Trd, 8639907.612, 140
Trd, 8639908.179, 140
Trd, 8639908.846, 140
Trd, 8639909.312, 139
Trd, 8639909.346, 136
Trd, 8639909.479, 122
Trd, 8639910.346, 140
Trd, 8639911.012, 140
Trd, 8639911.479, 140
Trd, 8639912.079, 140
Trd, 8639912.212, 139
Trd, 8639912.246, 137
Trd, 8639912.379, 135
Trd, 8639913.212, 139
Trd, 8639913.312, 138
Trd, 8639913.846, 139
Trd, 8639914.379, 138
Trd, 8639914.546, 140
Trd, 8639916.246, 110
Trd, 8639916.312, 99
Trd, 8639916.379, 82
Trd, 8639916.446, 82
Trd, 8639916.812, 115
Trd, 8639916.879, 114
Trd, 8639917.112, 96
Trd, 8639917.179, 87
Trd, 8639918.179, 139
Trd, 8639918.412, 139
Trd, 8639918.846, 140
Trd, 8639919.812, 140
Trd, 8639919.979, 140
Trd, 8639920.179, 140
Trd, 8639920.312, 140
Trd, 8639920.679, 139
Trd, 8639921.012, 140
Trd, 8639921.812, 61
Trd, 8639922.179, 61
Trd, 8639922.312, 90
Trd, 8639922.512, 139
Trd, 8639922.712, 105
Trd, 8639923.646, 108
Trd, 8639924.479, 123
Trd, 8639924.612, 124
Trd, 8639925.046, 123
Trd, 8639925.546, 111
Trd, 8639925.712, 85
Trd, 8639926.579, 75
Trd, 8639926.779, 140
Trd, 8639926.846, 140
Trd, 8639927.746, 140
Trd, 8639928.312, 140
Trd, 8639928.579, 140
Trd, 8639929.846, 140
Trd, 8639929.879, 140
Trd, 8639930.212, 140
Trd, 8639930.246, 140
Trd, 8639930.646, 140
Trd, 8639930.779, 140
Trd, 8639931.412, 92
Trd, 8639932.579, 135
Trd, 8639932.846, 136
Trd, 8639933.312, 140
Trd, 8639933.379, 140
Trd, 8639933.812, 140
Trd, 8639933.846, 122
Trd, 8639934.012, 118
Trd, 8639934.179, 64
Trd, 8639934.846, 140
Trd, 8639935.046, 77
Trd, 8639935.312, 76
Trd, 8639935.612, 62
Trd, 8639937.346, 61
Trd, 8639938.146, 61
Trd, 8639938.212, 61
Trd, 8639938.412, 62
Trd, 8639938.746, 61
Trd, 8639938.979, 64
Trd, 8639939.779, 70
Trd, 8639939.912, 73
Trd, 8639940.512, 65
Trd, 8639940.579, 61
Trd, 8639941.312, 67
Trd, 8639941.379, 94
Trd, 8639942.312, 62
Trd, 8639942.479, 64
Trd, 8639942.546, 65
Trd, 8639942.712, 64
Trd, 8639942.946, 66
Trd, 8639943.412, 64
Trd, 8639943.446, 63
Trd, 8639943.812, 69
Trd, 8639944.146, 67
Trd, 8639944.212, 63
Trd, 8639944.512, 97
Trd, 8639944.746, 83
Trd, 8639945.612, 140
Trd, 8639945.979, 140
Trd, 8639946.179, 140
Trd, 8639948.079, 140
Trd, 8639948.112, 140
Trd, 8639948.179, 140
Trd, 8639948.246, 138
Trd, 8639948.579, 124
Trd, 8639948.879, 123
Trd, 8639949.079, 140
Trd, 8639949.846, 127
Trd, 8639950.246, 127
Trd, 8639950.479, 125
Trd, 8639950.546, 101
Trd, 8639950.746, 98
Trd, 8639951.279, 65
Trd, 8639952.612, 79
Trd, 8639952.779, 124
Trd, 8639952.812, 68
Trd, 8639953.346, 137
Trd, 8639953.946, 121
Trd, 8639954.079, 120
Trd, 8639954.479, 74
Trd, 8639954.546, 73
Trd, 8639954.912, 139
Trd, 8639955.346, 140
Trd, 8639956.579, 140
Trd, 8639956.846, 139
Trd, 8639956.879, 139
Trd, 8639957.312, 140
Trd, 8639957.512, 139
Trd, 8639957.779, 120
Trd, 8639958.379, 120
Trd, 8639959.512, 140
Trd, 8639960.079, 140
Trd, 8639960.279, 139
Trd, 8639960.412, 136
Trd, 8639960.512, 116
Trd, 8639960.746, 87
Trd, 8639962.146, 140
Trd, 8639962.779, 140
Trd, 8639963.079, 140
Trd, 8639963.212, 140
Trd, 8639963.479, 140
Trd, 8639963.646, 139
Trd, 8639964.012, 122
Trd, 8639965.246, 137
Trd, 8639965.646, 138
Trd, 8639965.979, 137
Trd, 8639966.212, 137
Trd, 8639966.312, 122
Trd, 8639966.679, 115
Trd, 8639967.279, 140
Trd, 8639967.512, 140
Trd, 8639967.746, 122
Trd, 8639967.912, 70
Trd, 8639967.979, 132
Trd, 8639968.812, 131
Trd, 8639969.146, 133
Trd, 8639969.346, 133
Trd, 8639970.646, 140
Trd, 8639971.446, 140
Trd, 8639971.512, 140
Trd, 8639971.612, 140
Trd, 8639971.646, 139
Trd, 8639971.912, 128
Trd, 8639972.279, 130
Trd, 8639972.379, 129
Trd, 8639972.779, 139
Trd, 8639974.179, 140
Trd, 8639974.579, 140
Trd, 8639975.046, 140
Trd, 8639976.579, 140
Trd, 8639976.946, 140
Trd, 8639977.012, 140
Trd, 8639977.146, 138
Trd, 8639977.446, 138
Trd, 8639977.846, 137
Trd, 8639978.079, 135
Trd, 8639978.112, 108
Trd, 8639978.379, 108
Trd, 8639978.412, 107
Trd, 8639979.779, 62
Trd, 8639980.046, 63
Trd, 8639980.412, 63
Trd, 8639980.612, 65
Trd, 8639980.979, 62
Trd, 8639981.546, 61
Trd, 8639982.246, 60
Trd, 8639982.312, 62
Trd, 8639982.479, 64
Trd, 8639982.646, 62
Trd, 8639982.912, 137
Trd, 8639982.979, 63
Trd, 8639983.212, 65
Trd, 8639983.379, 72
Trd, 8639984.146, 63
Trd, 8639985.712, 63
Trd, 8639985.879, 61
Trd, 8639987.446, 60
Trd, 8639987.512, 62
Trd, 8639988.746, 63
Trd, 8639988.846, 68
Trd, 8639989.346, 62
Trd, 8639989.512, 68
Trd, 8639990.612, 62
Trd, 8639990.712, 64
Trd, 8639990.846, 65
Trd, 8639991.012, 66
Trd, 8639991.079, 73
Trd, 8639991.479, 140
Trd, 8639992.046, 66
Trd, 8639992.212, 65
Trd, 8639992.312, 65
Trd, 8639993.146, 66
Trd, 8639993.812, 67
Trd, 8639994.812, 74
Trd, 8639995.512, 60
Trd, 8639996.079, 62
Trd, 8639996.146, 73
Trd, 8639996.779, 63
Trd, 8639996.946, 69
Trd, 8639997.079, 74
Trd, 8639997.146, 62
Trd, 8639998.479, 139
Trd, 8639998.646, 137
Trd, 8639998.679, 136
Trd, 8639999.146, 126
Trd, 8639999.346, 111
Trd, 8639999.846, 140
