Trd, 8638760.179, 62
Trd, 8638760.246, 72
Trd, 8638760.646, 135
Trd, 8638761.446, 128
Trd, 8638761.646, 127
Trd, 8638762.112, 135
Trd, 8638762.179, 126
Trd, 8638762.312, 135
Trd, 8638762.379, 100
Trd, 8638763.079, 88
Trd, 8638763.112, 136
Trd, 8638763.346, 138
Trd, 8638763.679, 137
Trd, 8638764.279, 139
Trd, 8638765.579, 137
Trd, 8638766.012, 139
Trd, 8638767.679, 140
Trd, 8638767.779, 140
Trd, 8638768.379, 140
Trd, 8638768.412, 140
Trd, 8638768.512, 140
Trd, 8638768.946, 140
Trd, 8638769.446, 140
Trd, 8638770.346, 140
Trd, 8638771.512, 139
Trd, 8638771.879, 139
Trd, 8638772.812, 140
Trd, 8638774.079, 140
Trd, 8638774.879, 140
Trd, 8638775.079, 140
Trd, 8638775.179, 140
Trd, 8638775.246, 140
Trd, 8638775.312, 140
Trd, 8638775.779, 140
Trd, 8638776.112, 140
Trd, 8638776.246, 140
Trd, 8638778.012, 140
Trd, 8638778.179, 140
Trd, 8638778.546, 140
Trd, 8638779.512, 140
Trd, 8638780.279, 139
Trd, 8638780.446, 121
Trd, 8638780.846, 130
Trd, 8638781.779, 140
Trd, 8638782.412, 140
Trd, 8638782.446, 140
Trd, 8638782.712, 140
Trd, 8638782.779, 140
Trd, 8638782.879, 139
Trd, 8638783.479, 140
Trd, 8638784.012, 140
Trd, 8638784.212, 140
Trd, 8638784.679, 125
Trd, 8638784.712, 124
Trd, 8638785.079, 139
Trd, 8638785.146, 88
Trd, 8638785.646, 139
Trd, 8638785.779, 73
Trd, 8638786.979, 60
Trd, 8638787.146, 61
Trd, 8638787.412, 63
Trd, 8638787.746, 63
Trd, 8638787.812, 66
Trd, 8638787.946, 67
Trd, 8638788.479, 95
Trd, 8638789.579, 60
Trd, 8638790.046, 60
Trd, 8638790.146, 60
Trd, 8638790.246, 62
Trd, 8638790.279, 62
Trd, 8638790.612, 138
Trd, 8638790.912, 60
Trd, 8638791.912, 61
Trd, 8638792.079, 67
Trd, 8638792.779, 139
Trd, 8638793.646, 138
Trd, 8638793.779, 108
Trd, 8638794.712, 61
Trd, 8638795.512, 64
Trd, 8638795.746, 118
Trd, 8638796.312, 76
Trd, 8638796.379, 77
Trd, 8638796.446, 79
Trd, 8638797.046, 83
Trd, 8638797.479, 119
Trd, 8638797.846, 113
Trd, 8638797.912, 112
Trd, 8638798.046, 134
Trd, 8638799.112, 63
Trd, 8638799.179, 64
Trd, 8638799.512, 65
Trd, 8638799.546, 67
Trd, 8638800.346, 140
Trd, 8638800.446, 137
Trd, 8638800.912, 60
Trd, 8638801.646, 140
Trd, 8638801.912, 121
Trd, 8638802.479, 139
Trd, 8638803.212, 140
Trd, 8638803.879, 140
Trd, 8638804.212, 140
Trd, 8638805.212, 140
Trd, 8638805.846, 140
Trd, 8638805.979, 140
Trd, 8638806.079, 113
Trd, 8638806.812, 139
Trd, 8638807.346, 138
Trd, 8638807.712, 137
Trd, 8638809.012, 140
Trd, 8638809.546, 140
Trd, 8638810.012, 139
Trd, 8638810.346, 138
Trd, 8638810.379, 137
Trd, 8638810.679, 139
Trd, 8638810.779, 128
Trd, 8638810.846, 137
Trd, 8638811.912, 139
Trd, 8638812.412, 138
Trd, 8638813.412, 140
Trd, 8638813.579, 140
Trd, 8638814.279, 140
Trd, 8638814.312, 140
Trd, 8638814.512, 140
Trd, 8638814.779, 140
Trd, 8638815.446, 117
Trd, 8638816.279, 140
Trd, 8638816.446, 140
Trd, 8638816.912, 139
Trd, 8638817.246, 139
Trd, 8638818.479, 138
Trd, 8638819.512, 139
Trd, 8638819.579, 139
Trd, 8638820.446, 140
Trd, 8638820.846, 139
Trd, 8638822.812, 140
Trd, 8638822.846, 135
Trd, 8638824.246, 140
Trd, 8638824.279, 140
Trd, 8638825.012, 140
Trd, 8638825.146, 140
Trd, 8638825.279, 140
Trd, 8638825.779, 140
Trd, 8638826.179, 139
Trd, 8638826.312, 140
Trd, 8638826.412, 134
Trd, 8638826.479, 134
Trd, 8638826.979, 140
Trd, 8638827.146, 126
Trd, 8638827.879, 140
Trd, 8638828.179, 139
Trd, 8638828.579, 139
Trd, 8638829.012, 140
Trd, 8638830.046, 140
Trd, 8638830.146, 140
Trd, 8638831.612, 140
Trd, 8638831.779, 140
Trd, 8638831.879, 140
Trd, 8638832.246, 140
Trd, 8638832.312, 140
Trd, 8638832.412, 139
Trd, 8638834.179, 130
Trd, 8638834.346, 133
Trd, 8638834.946, 120
Trd, 8638835.046, 114
Trd, 8638835.112, 113
Trd, 8638835.146, 108
Trd, 8638835.679, 127
Trd, 8638836.546, 111
Trd, 8638836.946, 68
Trd, 8638837.146, 112
Trd, 8638837.246, 115
Trd, 8638837.579, 129
Trd, 8638837.679, 139
Trd, 8638837.812, 74
Trd, 8638838.446, 140
Trd, 8638839.012, 130
Trd, 8638839.979, 139
Trd, 8638840.746, 140
Trd, 8638840.846, 139
Trd, 8638841.679, 128
Trd, 8638841.746, 127
Trd, 8638841.979, 140
Trd, 8638842.346, 140
Trd, 8638842.446, 140
Trd, 8638843.612, 140
Trd, 8638843.679, 140
Trd, 8638844.679, 131
Trd, 8638845.612, 134
Trd, 8638845.979, 137
Trd, 8638846.946, 140
Trd, 8638846.979, 139
Trd, 8638848.412, 140
Trd, 8638849.112, 140
Trd, 8638849.179, 140
Trd, 8638849.246, 140
Trd, 8638849.312, 139
Trd, 8638850.012, 138
Trd, 8638850.079, 138
Trd, 8638850.846, 136
Trd, 8638850.879, 133
Trd, 8638851.179, 122
Trd, 8638852.246, 134
Trd, 8638852.379, 136
Trd, 8638852.712, 140
Trd, 8638852.779, 100
Trd, 8638852.812, 99
Trd, 8638852.846, 98
Trd, 8638853.579, 139
Trd, 8638854.746, 140
Trd, 8638854.946, 140
Trd, 8638855.479, 132
Trd, 8638855.946, 139
Trd, 8638856.146, 138
Trd, 8638856.912, 140
Trd, 8638857.012, 140
Trd, 8638857.312, 118
Trd, 8638857.912, 137
Trd, 8638857.979, 118
Trd, 8638858.912, 140
Trd, 8638859.112, 139
Trd, 8638859.746, 120
Trd, 8638860.412, 139
Trd, 8638861.279, 140
Trd, 8638861.579, 138
Trd, 8638862.212, 134
Trd, 8638862.312, 133
Trd, 8638862.446, 139
Trd, 8638862.746, 140
Trd, 8638864.612, 139
Trd, 8638864.712, 138
Trd, 8638864.912, 123
Trd, 8638865.179, 116
Trd, 8638865.912, 139
Trd, 8638866.512, 140
Trd, 8638867.512, 140
Trd, 8638869.179, 140
Trd, 8638869.279, 140
Trd, 8638870.312, 140
Trd, 8638870.679, 140
Trd, 8638870.879, 140
Trd, 8638872.212, 139
Trd, 8638872.712, 134
Trd, 8638872.946, 136
Trd, 8638873.146, 136
Trd, 8638873.312, 138
Trd, 8638873.512, 140
Trd, 8638874.146, 140
Trd, 8638874.379, 140
Trd, 8638874.412, 140
Trd, 8638874.812, 140
Trd, 8638875.012, 139
Trd, 8638875.112, 110
Trd, 8638875.146, 94
Trd, 8638875.712, 62
Trd, 8638876.246, 65
Trd, 8638876.912, 63
Trd, 8638877.146, 140
Trd, 8638877.446, 140
Trd, 8638879.912, 140
Trd, 8638880.012, 140
Trd, 8638880.079, 140
Trd, 8638880.712, 140
Trd, 8638881.446, 140
Trd, 8638881.679, 139
Trd, 8638882.812, 140
Trd, 8638883.646, 140
Trd, 8638883.679, 139
Trd, 8638884.346, 140
Trd, 8638885.946, 140
Trd, 8638886.146, 139
Trd, 8638886.346, 137
Trd, 8638886.912, 138
Trd, 8638887.046, 137
Trd, 8638887.346, 138
Trd, 8638887.379, 140
Trd, 8638887.512, 133
Trd, 8638887.779, 139
Trd, 8638888.746, 139
Trd, 8638889.212, 140
Trd, 8638889.479, 140
Trd, 8638890.012, 138
Trd, 8638890.712, 140
Trd, 8638890.979, 134
Trd, 8638891.112, 116
Trd, 8638891.346, 115
Trd, 8638891.812, 122
Trd, 8638893.579, 140
Trd, 8638893.679, 140
Trd, 8638895.012, 140
Trd, 8638895.446, 140
Trd, 8638896.079, 140
Trd, 8638896.579, 140
Trd, 8638896.846, 140
Trd, 8638896.912, 138
Trd, 8638897.479, 140
Trd, 8638897.612, 138
Trd, 8638897.712, 135
Trd, 8638897.879, 114
Trd, 8638898.312, 140
Trd, 8638898.446, 128
Trd, 8638898.846, 140
Trd, 8638899.512, 109
Trd, 8638899.612, 108
Trd, 8638900.312, 138
Trd, 8638900.546, 112
Trd, 8638901.012, 111
Trd, 8638901.246, 139
Trd, 8638901.446, 132
Trd, 8638901.946, 134
Trd, 8638902.246, 133
Trd, 8638902.512, 101
Trd, 8638903.679, 140
Trd, 8638904.279, 140
Trd, 8638904.912, 140
Trd, 8638905.312, 140
Trd, 8638905.579, 129
Trd, 8638906.346, 140
Trd, 8638906.512, 139
Trd, 8638907.279, 128
Trd, 8638909.379, 140
Trd, 8638909.746, 140
Trd, 8638910.146, 140
Trd, 8638910.212, 140
Trd, 8638910.279, 140
Trd, 8638910.712, 139
Trd, 8638911.179, 137
Trd, 8638911.212, 138
Trd, 8638911.479, 136
Trd, 8638911.712, 121
Trd, 8638912.246, 138
Trd, 8638912.779, 140
Trd, 8638913.512, 139
Trd, 8638913.612, 129
Trd, 8638913.746, 101
Trd, 8638914.079, 125
Trd, 8638914.446, 133
Trd, 8638915.112, 123
Trd, 8638915.346, 97
Trd, 8638916.279, 140
Trd, 8638916.746, 137
Trd, 8638916.879, 140
Trd, 8638917.379, 139
Trd, 8638917.679, 140
Trd, 8638918.112, 140
Trd, 8638920.046, 140
Trd, 8638920.112, 140
Trd, 8638920.346, 140
Trd, 8638920.879, 140
Trd, 8638921.146, 138
Trd, 8638922.146, 138
Trd, 8638922.346, 138
Trd, 8638922.746, 132
Trd, 8638922.812, 99
Trd, 8638922.879, 98
Trd, 8638925.046, 140
Trd, 8638927.246, 140
Trd, 8638927.312, 140
Trd, 8638927.346, 140
Trd, 8638927.912, 140
Trd, 8638928.346, 140
Trd, 8638928.479, 140
Trd, 8638928.546, 140
Trd, 8638929.079, 139
Trd, 8638929.146, 138
Trd, 8638929.179, 134
Trd, 8638929.212, 133
Trd, 8638930.112, 140
Trd, 8638930.246, 139
Trd, 8638931.246, 136
Trd, 8638931.579, 121
Trd, 8638931.912, 120
Trd, 8638932.212, 116
Trd, 8638933.279, 128
Trd, 8638933.512, 96
Trd, 8638933.779, 129
Trd, 8638933.812, 130
Trd, 8638933.979, 138
Trd, 8638935.046, 140
Trd, 8638935.479, 140
Trd, 8638935.579, 139
Trd, 8638935.779, 139
Trd, 8638936.179, 120
Trd, 8638937.146, 128
Trd, 8638937.912, 140
Trd, 8638938.012, 140
Trd, 8638938.146, 140
Trd, 8638939.279, 103
Trd, 8638939.379, 96
Trd, 8638939.912, 107
Trd, 8638940.312, 140
Trd, 8638940.512, 96
Trd, 8638941.512, 140
Trd, 8638941.712, 140
Trd, 8638942.412, 140
Trd, 8638943.746, 140
Trd, 8638944.079, 140
Trd, 8638944.112, 140
Trd, 8638944.212, 140
Trd, 8638944.379, 140
Trd, 8638944.412, 139
Trd, 8638945.346, 138
Trd, 8638946.912, 140
Trd, 8638947.512, 140
Trd, 8638947.612, 139
Trd, 8638947.679, 139
Trd, 8638947.846, 139
Trd, 8638948.379, 139
Trd, 8638948.879, 140
Trd, 8638949.346, 140
Trd, 8638951.079, 140
Trd, 8638951.112, 137
Trd, 8638952.979, 140
Trd, 8638953.012, 140
Trd, 8638953.646, 140
Trd, 8638955.112, 140
Trd, 8638955.312, 140
Trd, 8638956.112, 140
Trd, 8638956.412, 140
Trd, 8638956.479, 140
Trd, 8638957.212, 140
Trd, 8638958.479, 140
Trd, 8638959.412, 140
Trd, 8638959.879, 140
Trd, 8638960.212, 140
Trd, 8638960.512, 140
Trd, 8638960.646, 140
Trd, 8638960.746, 139
Trd, 8638961.179, 138
Trd, 8638961.546, 129
Trd, 8638961.979, 140
Trd, 8638962.712, 139
Trd, 8638962.946, 117
Trd, 8638963.212, 140
Trd, 8638964.079, 140
Trd, 8638964.412, 139
Trd, 8638965.579, 140
Trd, 8638965.679, 139
Trd, 8638966.046, 139
Trd, 8638966.379, 140
Trd, 8638966.512, 139
Trd, 8638966.979, 140
Trd, 8638967.679, 140
Trd, 8638967.879, 140
Trd, 8638967.946, 138
Trd, 8638968.879, 140
Trd, 8638969.012, 140
Trd, 8638970.712, 140
Trd, 8638970.912, 139
Trd, 8638971.179, 140
Trd, 8638971.546, 140
Trd, 8638971.979, 139
Trd, 8638972.612, 140
Trd, 8638973.612, 140
Trd, 8638974.079, 140
Trd, 8638975.946, 140
Trd, 8638976.512, 140
Trd, 8638977.012, 140
Trd, 8638977.112, 140
Trd, 8638977.579, 139
Trd, 8638978.579, 140
Trd, 8638978.646, 140
Trd, 8638978.812, 138
Trd, 8638979.512, 137
Trd, 8638979.912, 113
Trd, 8638979.979, 138
Trd, 8638981.146, 138
Trd, 8638981.446, 140
Trd, 8638982.179, 140
Trd, 8638982.746, 137
Trd, 8638982.779, 136
Trd, 8638982.879, 135
Trd, 8638983.046, 140
Trd, 8638983.212, 118
Trd, 8638983.446, 111
Trd, 8638983.846, 93
Trd, 8638984.946, 138
Trd, 8638987.346, 140
Trd, 8638987.479, 140
Trd, 8638987.546, 138
Trd, 8638987.579, 137
Trd, 8638987.646, 137
Trd, 8638988.079, 140
Trd, 8638988.379, 126
Trd, 8638989.112, 140
Trd, 8638990.212, 140
Trd, 8638991.246, 140
Trd, 8638991.279, 140
Trd, 8638992.546, 140
Trd, 8638993.146, 140
Trd, 8638993.446, 139
Trd, 8638993.646, 140
Trd, 8638994.646, 139
Trd, 8638994.712, 139
Trd, 8638994.779, 117
Trd, 8638995.112, 139
Trd, 8638995.546, 140
Trd, 8638995.712, 136
Trd, 8638996.279, 140
Trd, 8638996.346, 140
Trd, 8638997.112, 140
Trd, 8638997.646, 139
Trd, 8638997.679, 138
Trd, 8638998.879, 92
Trd, 8638999.546, 123
Trd, 8639000.012, 140
Trd, 8639000.579, 139
Trd, 8639000.646, 122
Trd, 8639000.912, 140
Trd, 8639001.012, 102
Trd, 8639001.746, 138
Trd, 8639001.946, 121
Trd, 8639002.846, 83
Trd, 8639003.346, 61
Trd, 8639003.812, 60
Trd, 8639004.712, 60
Trd, 8639004.912, 60
Trd, 8639004.979, 61
Trd, 8639005.012, 61
Trd, 8639005.446, 69
Trd, 8639006.146, 69
Trd, 8639006.246, 68
Trd, 8639006.312, 65
Trd, 8639006.446, 69
Trd, 8639006.479, 70
Trd, 8639006.846, 83
Trd, 8639006.979, 84
Trd, 8639007.712, 60
Trd, 8639007.946, 60
Trd, 8639008.979, 60
Trd, 8639009.012, 60
Trd, 8639009.246, 60
Trd, 8639011.612, 140
Trd, 8639011.846, 140
Trd, 8639012.312, 140
Trd, 8639012.479, 140
Trd, 8639012.646, 139
Trd, 8639012.779, 139
Trd, 8639013.279, 140
Trd, 8639013.946, 139
Trd, 8639014.079, 128
Trd, 8639015.446, 140
Trd, 8639015.679, 140
Trd, 8639016.446, 140
Trd, 8639017.079, 140
Trd, 8639017.112, 136
Trd, 8639017.179, 136
Trd, 8639017.212, 133
Trd, 8639018.546, 140
Trd, 8639019.179, 107
Trd, 8639019.446, 140
Trd, 8639020.046, 137
Trd, 8639020.246, 136
Trd, 8639021.112, 104
Trd, 8639021.312, 137
Trd, 8639021.546, 136
Trd, 8639021.646, 130
Trd, 8639021.979, 105
Trd, 8639022.246, 138
Trd, 8639023.046, 140
Trd, 8639023.746, 134
Trd, 8639024.146, 138
Trd, 8639024.479, 133
Trd, 8639024.779, 139
Trd, 8639025.946, 140
Trd, 8639026.246, 138
Trd, 8639027.746, 140
Trd, 8639028.212, 138
Trd, 8639028.312, 138
Trd, 8639028.612, 126
Trd, 8639028.679, 115
Trd, 8639028.912, 96
Trd, 8639029.579, 135
Trd, 8639029.646, 95
Trd, 8639030.012, 60
Trd, 8639031.079, 140
Trd, 8639031.379, 140
Trd, 8639031.412, 140
Trd, 8639032.212, 139
Trd, 8639032.312, 139
Trd, 8639032.346, 137
Trd, 8639033.079, 136
Trd, 8639033.246, 124
Trd, 8639033.379, 92
Trd, 8639033.779, 73
Trd, 8639035.046, 120
Trd, 8639035.246, 70
Trd, 8639035.479, 128
Trd, 8639035.612, 128
Trd, 8639036.446, 128
Trd, 8639036.612, 128
Trd, 8639037.112, 87
Trd, 8639038.512, 140
Trd, 8639040.879, 140
Trd, 8639041.046, 140
Trd, 8639041.346, 140
Trd, 8639041.846, 140
Trd, 8639042.079, 140
Trd, 8639042.112, 140
Trd, 8639042.379, 140
Trd, 8639042.979, 140
Trd, 8639043.679, 140
Trd, 8639044.046, 140
Trd, 8639044.212, 140
Trd, 8639045.679, 140
Trd, 8639046.079, 140
Trd, 8639046.912, 140
Trd, 8639046.979, 140
Trd, 8639047.379, 139
Trd, 8639047.579, 139
Trd, 8639047.746, 139
Trd, 8639048.079, 134
Trd, 8639048.146, 129
Trd, 8639048.479, 139
Trd, 8639048.879, 139
Trd, 8639049.046, 138
Trd, 8639049.712, 140
Trd, 8639050.446, 140
Trd, 8639050.612, 140
Trd, 8639051.012, 138
Trd, 8639052.346, 140
Trd, 8639052.512, 132
Trd, 8639054.212, 140
Trd, 8639054.446, 140
Trd, 8639055.846, 140
Trd, 8639055.979, 140
Trd, 8639056.512, 139
Trd, 8639056.746, 140
Trd, 8639057.146, 139
Trd, 8639057.479, 140
Trd, 8639057.546, 139
Trd, 8639059.346, 140
Trd, 8639059.579, 140
Trd, 8639059.612, 139
Trd, 8639059.712, 139
Trd, 8639060.546, 140
Trd, 8639060.712, 140
Trd, 8639061.112, 140
Trd, 8639061.779, 140
Trd, 8639062.479, 140
Trd, 8639063.012, 137
Trd, 8639063.579, 132
Trd, 8639063.912, 133
Trd, 8639064.146, 132
Trd, 8639064.279, 134
Trd, 8639064.412, 124
Trd, 8639064.812, 135
Trd, 8639064.946, 120
Trd, 8639065.712, 137
Trd, 8639066.646, 140
Trd, 8639066.812, 140
Trd, 8639066.846, 140
Trd, 8639067.479, 139
Trd, 8639068.512, 137
Trd, 8639068.779, 136
Trd, 8639069.046, 119
Trd, 8639069.079, 116
Trd, 8639070.346, 140
Trd, 8639070.979, 140
Trd, 8639071.379, 140
Trd, 8639072.246, 140
Trd, 8639073.912, 140
Trd, 8639073.946, 140
Trd, 8639074.579, 140
Trd, 8639075.012, 140
Trd, 8639075.312, 140
Trd, 8639075.879, 138
Trd, 8639075.979, 134
Trd, 8639076.046, 116
Trd, 8639077.012, 140
Trd, 8639077.846, 140
Trd, 8639078.579, 135
Trd, 8639078.612, 131
Trd, 8639078.812, 139
Trd, 8639079.179, 140
Trd, 8639079.979, 139
Trd, 8639080.246, 140
Trd, 8639080.479, 138
Trd, 8639080.946, 137
Trd, 8639081.646, 120
Trd, 8639082.146, 140
Trd, 8639082.312, 123
Trd, 8639083.879, 140
Trd, 8639084.779, 140
Trd, 8639084.879, 140
Trd, 8639085.512, 140
Trd, 8639085.612, 140
Trd, 8639085.779, 139
Trd, 8639085.812, 139
Trd, 8639085.879, 140
Trd, 8639086.412, 129
Trd, 8639086.746, 140
Trd, 8639088.446, 140
Trd, 8639089.079, 139
Trd, 8639089.446, 140
Trd, 8639089.612, 139
Trd, 8639089.946, 140
Trd, 8639092.646, 140
Trd, 8639093.146, 140
Trd, 8639093.179, 139
Trd, 8639093.246, 136
Trd, 8639093.812, 138
Trd, 8639095.046, 140
Trd, 8639095.112, 140
Trd, 8639095.246, 140
Trd, 8639095.546, 140
Trd, 8639095.912, 140
Trd, 8639096.346, 140
Trd, 8639096.512, 139
Trd, 8639096.912, 131
Trd, 8639097.212, 117
Trd, 8639097.646, 118
Trd, 8639097.812, 119
Trd, 8639097.912, 99
Trd, 8639098.112, 139
Trd, 8639099.446, 140
Trd, 8639100.679, 140
Trd, 8639100.846, 140
Trd, 8639100.879, 140
Trd, 8639101.579, 140
Trd, 8639101.712, 140
Trd, 8639102.712, 139
Trd, 8639103.546, 138
Trd, 8639103.812, 137
Trd, 8639104.646, 131
Trd, 8639104.879, 120
Trd, 8639106.246, 140
Trd, 8639107.146, 140
Trd, 8639107.179, 140
Trd, 8639107.279, 140
Trd, 8639107.779, 139
Trd, 8639107.846, 139
Trd, 8639107.879, 140
Trd, 8639108.346, 137
Trd, 8639108.546, 137
Trd, 8639108.579, 128
Trd, 8639108.812, 114
Trd, 8639109.146, 133
Trd, 8639110.179, 125
Trd, 8639110.546, 128
Trd, 8639110.812, 131
Trd, 8639111.612, 140
Trd, 8639112.679, 140
Trd, 8639112.846, 140
Trd, 8639114.046, 140
Trd, 8639114.212, 139
Trd, 8639114.312, 134
Trd, 8639114.746, 138
Trd, 8639115.812, 140
Trd, 8639115.912, 140
Trd, 8639116.412, 140
Trd, 8639117.212, 140
Trd, 8639117.312, 133
Trd, 8639118.512, 137
Trd, 8639118.946, 134
Trd, 8639118.979, 135
Trd, 8639119.246, 122
Trd, 8639119.279, 134
Trd, 8639119.479, 134
Trd, 8639119.579, 135
Trd, 8639119.646, 90
Trd, 8639122.146, 140
Trd, 8639122.179, 140
Trd, 8639122.312, 140
Trd, 8639122.579, 140
Trd, 8639122.746, 139
Trd, 8639123.312, 139
Trd, 8639123.346, 138
Trd, 8639124.012, 138
Trd, 8639125.179, 140
Trd, 8639125.446, 138
Trd, 8639126.012, 140
Trd, 8639126.146, 130
Trd, 8639126.379, 139
Trd, 8639126.912, 140
Trd, 8639127.112, 140
Trd, 8639128.212, 133
Trd, 8639128.646, 140
Trd, 8639129.946, 140
Trd, 8639130.012, 139
Trd, 8639130.746, 140
Trd, 8639130.912, 127
Trd, 8639131.912, 140
Trd, 8639132.646, 140
Trd, 8639133.112, 140
Trd, 8639134.079, 140
Trd, 8639134.412, 140
Trd, 8639134.679, 140
Trd, 8639134.712, 140
Trd, 8639134.979, 140
Trd, 8639135.679, 140
Trd, 8639136.146, 140
Trd, 8639136.212, 140
Trd, 8639136.779, 140
Trd, 8639136.846, 139
Trd, 8639136.879, 134
Trd, 8639137.546, 132
Trd, 8639137.846, 139
Trd, 8639138.379, 130
Trd, 8639138.912, 122
Trd, 8639139.779, 107
Trd, 8639139.912, 126
Trd, 8639140.246, 99
Trd, 8639140.479, 124
Trd, 8639140.612, 125
Trd, 8639140.712, 69
Trd, 8639141.212, 131
Trd, 8639141.812, 61
Trd, 8639142.279, 60
Trd, 8639142.346, 62
Trd, 8639142.479, 62
Trd, 8639142.546, 62
Trd, 8639142.579, 61
Trd, 8639143.679, 100
Trd, 8639143.979, 126
Trd, 8639146.179, 140
Trd, 8639146.446, 140
Trd, 8639146.779, 140
Trd, 8639147.012, 140
Trd, 8639147.046, 139
Trd, 8639147.846, 140
Trd, 8639148.946, 140
Trd, 8639149.046, 139
Trd, 8639149.579, 140
Trd, 8639149.812, 138
Trd, 8639150.112, 137
Trd, 8639150.279, 136
Trd, 8639150.879, 136
Trd, 8639150.912, 132
Trd, 8639150.979, 138
Trd, 8639151.679, 117
Trd, 8639152.079, 140
Trd, 8639152.179, 113
Trd, 8639152.512, 126
Trd, 8639153.446, 135
Trd, 8639153.612, 138
Trd, 8639154.079, 135
Trd, 8639154.479, 135
Trd, 8639154.579, 134
Trd, 8639154.979, 135
Trd, 8639155.112, 133
Trd, 8639155.879, 120
Trd, 8639156.046, 116
Trd, 8639157.146, 140
Trd, 8639157.246, 139
Trd, 8639158.646, 140
Trd, 8639158.912, 140
Trd, 8639159.079, 140
Trd, 8639159.112, 140
Trd, 8639159.346, 135
Trd, 8639160.012, 139
Trd, 8639160.112, 116
Trd, 8639161.079, 134
Trd, 8639161.279, 115
Trd, 8639161.446, 133
Trd, 8639161.879, 138
Trd, 8639161.979, 139
Trd, 8639162.046, 129
Trd, 8639163.079, 140
Trd, 8639163.446, 105
Trd, 8639163.646, 105
Trd, 8639164.279, 104
Trd, 8639164.779, 138
Trd, 8639164.912, 132
Trd, 8639165.012, 121
Trd, 8639166.079, 127
Trd, 8639166.479, 60
Trd, 8639166.712, 60
Trd, 8639167.979, 110
Trd, 8639168.079, 111
Trd, 8639168.146, 112
Trd, 8639168.912, 91
Trd, 8639168.946, 90
Trd, 8639169.412, 140
Trd, 8639170.012, 79
Trd, 8639171.246, 139
Trd, 8639171.446, 112
Trd, 8639171.546, 95
Trd, 8639171.946, 112
Trd, 8639172.446, 85
Trd, 8639172.679, 137
Trd, 8639174.146, 140
Trd, 8639174.846, 140
Trd, 8639175.479, 140
Trd, 8639175.512, 140
Trd, 8639175.779, 140
Trd, 8639175.946, 140
Trd, 8639176.012, 138
Trd, 8639176.346, 110
Trd, 8639177.112, 138
Trd, 8639177.446, 138
Trd, 8639177.712, 128
Trd, 8639179.512, 126
Trd, 8639179.579, 126
Trd, 8639179.746, 106
Trd, 8639180.346, 122
Trd, 8639180.579, 124
Trd, 8639180.812, 126
Trd, 8639181.079, 105
Trd, 8639181.812, 139
Trd, 8639181.912, 138
Trd, 8639182.312, 137
Trd, 8639182.379, 62
Trd, 8639183.446, 140
Trd, 8639183.612, 140
Trd, 8639184.712, 140
Trd, 8639184.812, 139
Trd, 8639187.112, 140
Trd, 8639187.846, 140
Trd, 8639188.246, 140
Trd, 8639188.279, 140
Trd, 8639188.379, 140
Trd, 8639188.846, 140
Trd, 8639189.046, 139
Trd, 8639189.579, 140
Trd, 8639189.746, 129
Trd, 8639190.079, 112
Trd, 8639190.412, 99
Trd, 8639190.546, 139
Trd, 8639190.746, 99
Trd, 8639191.279, 138
Trd, 8639191.446, 137
Trd, 8639192.379, 77
Trd, 8639192.646, 138
Trd, 8639193.946, 112
Trd, 8639195.546, 140
Trd, 8639195.879, 140
Trd, 8639196.079, 140
Trd, 8639196.746, 140
Trd, 8639196.946, 140
Trd, 8639197.846, 139
Trd, 8639198.379, 140
Trd, 8639199.146, 140
Trd, 8639199.346, 137
Trd, 8639199.446, 136
Trd, 8639199.579, 136
Trd, 8639199.612, 127
Trd, 8639199.812, 106
Trd, 8639201.146, 140
Trd, 8639201.812, 140
Trd, 8639202.412, 140
Trd, 8639203.846, 140
Trd, 8639204.112, 140
Trd, 8639204.646, 140
Trd, 8639204.846, 140
Trd, 8639204.946, 140
Trd, 8639205.079, 139
Trd, 8639205.179, 139
Trd, 8639205.246, 137
Trd, 8639205.279, 119
Trd, 8639205.512, 97
Trd, 8639205.946, 140
Trd, 8639207.279, 140
Trd, 8639207.512, 140
Trd, 8639208.379, 140
Trd, 8639208.612, 138
Trd, 8639209.112, 140
Trd, 8639209.746, 140
Trd, 8639210.012, 139
Trd, 8639210.079, 137
Trd, 8639210.846, 137
Trd, 8639211.246, 140
Trd, 8639211.379, 138
Trd, 8639213.079, 140
Trd, 8639213.312, 140
Trd, 8639213.512, 140
Trd, 8639213.812, 140
Trd, 8639214.212, 139
Trd, 8639214.379, 140
Trd, 8639214.412, 137
Trd, 8639215.012, 115
Trd, 8639215.246, 92
Trd, 8639215.612, 140
Trd, 8639216.279, 140
Trd, 8639216.746, 140
Trd, 8639217.479, 135
Trd, 8639217.779, 137
Trd, 8639218.346, 139
Trd, 8639218.712, 139
Trd, 8639218.812, 113
Trd, 8639219.512, 140
Trd, 8639219.812, 137
Trd, 8639219.946, 102
Trd, 8639220.446, 101
Trd, 8639220.846, 85
Trd, 8639221.079, 134
Trd, 8639222.246, 140
Trd, 8639222.312, 140
Trd, 8639223.212, 135
Trd, 8639224.446, 140
Trd, 8639224.546, 140
Trd, 8639225.246, 140
Trd, 8639225.746, 140
Trd, 8639226.746, 140
Trd, 8639227.312, 140
Trd, 8639227.746, 140
Trd, 8639227.779, 112
Trd, 8639228.579, 132
Trd, 8639228.712, 131
Trd, 8639229.079, 130
Trd, 8639229.146, 131
Trd, 8639229.479, 129
Trd, 8639229.846, 132
Trd, 8639230.046, 125
Trd, 8639230.979, 140
Trd, 8639231.512, 139
Trd, 8639231.779, 138
Trd, 8639233.312, 140
Trd, 8639233.879, 140
Trd, 8639233.912, 140
Trd, 8639234.679, 140
Trd, 8639234.846, 140
Trd, 8639234.912, 140
Trd, 8639234.979, 140
Trd, 8639236.712, 140
Trd, 8639236.979, 140
Trd, 8639237.646, 140
Trd, 8639238.179, 140
Trd, 8639238.512, 140
Trd, 8639239.212, 140
Trd, 8639239.312, 139
Trd, 8639239.546, 128
Trd, 8639239.612, 129
Trd, 8639240.712, 139
Trd, 8639242.079, 140
Trd, 8639242.912, 140
Trd, 8639242.946, 140
Trd, 8639243.512, 140
Trd, 8639244.646, 140
Trd, 8639244.846, 140
Trd, 8639245.546, 140
Trd, 8639245.612, 139
Trd, 8639246.012, 140
Trd, 8639247.079, 140
Trd, 8639247.412, 140
Trd, 8639247.446, 136
Trd, 8639247.612, 135
Trd, 8639248.379, 139
Trd, 8639248.546, 139
Trd, 8639248.746, 137
Trd, 8639249.279, 140
Trd, 8639249.446, 136
Trd, 8639249.879, 139
Trd, 8639250.379, 140
Trd, 8639250.912, 80
Trd, 8639251.246, 77
Trd, 8639251.279, 76
Trd, 8639252.679, 130
Trd, 8639252.912, 131
Trd, 8639253.279, 105
Trd, 8639253.312, 134
Trd, 8639253.446, 72
Trd, 8639253.479, 68
Trd, 8639254.946, 140
Trd, 8639255.079, 140
Trd, 8639256.046, 140
Trd, 8639256.279, 140
Trd, 8639257.546, 140
Trd, 8639258.046, 140
Trd, 8639259.079, 140
Trd, 8639259.479, 140
Trd, 8639259.679, 140
Trd, 8639259.712, 139
Trd, 8639259.812, 139
Trd, 8639260.746, 139
Trd, 8639261.112, 140
Trd, 8639261.212, 139
Trd, 8639262.112, 140
Trd, 8639262.146, 127
Trd, 8639262.346, 131
Trd, 8639263.046, 138
Trd, 8639263.146, 139
Trd, 8639263.512, 125
Trd, 8639264.179, 110
Trd, 8639265.279, 134
Trd, 8639265.312, 135
Trd, 8639265.579, 82
Trd, 8639265.746, 132
Trd, 8639265.846, 136
Trd, 8639266.179, 128
Trd, 8639266.746, 140
Trd, 8639267.179, 115
Trd, 8639267.879, 139
Trd, 8639268.979, 133
Trd, 8639270.412, 140
Trd, 8639270.746, 140
Trd, 8639270.812, 140
Trd, 8639270.846, 139
Trd, 8639271.279, 140
Trd, 8639272.112, 140
Trd, 8639273.112, 140
Trd, 8639273.179, 140
Trd, 8639273.446, 139
Trd, 8639273.779, 138
Trd, 8639275.112, 117
Trd, 8639275.612, 140
Trd, 8639276.146, 140
Trd, 8639276.846, 140
Trd, 8639277.512, 140
Trd, 8639278.612, 140
Trd, 8639279.046, 140
Trd, 8639279.546, 140
Trd, 8639279.746, 140
Trd, 8639280.112, 140
Trd, 8639280.479, 140
Trd, 8639280.746, 140
Trd, 8639281.779, 140
Trd, 8639282.412, 140
Trd, 8639282.746, 140
Trd, 8639282.879, 140
Trd, 8639283.812, 139
Trd, 8639284.912, 140
Trd, 8639285.512, 140
Trd, 8639286.412, 139
Trd, 8639286.612, 140
Trd, 8639286.879, 139
Trd, 8639287.612, 132
Trd, 8639288.212, 140
Trd, 8639288.446, 140
Trd, 8639288.612, 140
Trd, 8639288.979, 140
Trd, 8639289.079, 140
Trd, 8639289.546, 136
Trd, 8639289.746, 139
Trd, 8639289.979, 82
Trd, 8639290.079, 75
Trd, 8639290.412, 98
Trd, 8639290.979, 140
Trd, 8639291.379, 119
Trd, 8639293.312, 136
Trd, 8639293.379, 134
Trd, 8639293.679, 140
Trd, 8639294.546, 139
Trd, 8639295.379, 138
Trd, 8639295.846, 140
Trd, 8639296.046, 139
Trd, 8639297.146, 140
Trd, 8639297.779, 140
Trd, 8639297.946, 140
Trd, 8639298.779, 140
Trd, 8639298.846, 140
Trd, 8639299.646, 140
Trd, 8639300.746, 138
Trd, 8639300.879, 139
Trd, 8639300.912, 137
Trd, 8639301.879, 138
Trd, 8639302.379, 136
Trd, 8639302.579, 137
Trd, 8639302.746, 128
Trd, 8639303.312, 125
Trd, 8639303.379, 137
Trd, 8639303.412, 114
Trd, 8639303.646, 138
Trd, 8639303.812, 124
Trd, 8639304.212, 105
Trd, 8639304.879, 99
Trd, 8639305.112, 140
Trd, 8639305.479, 140
Trd, 8639305.912, 101
Trd, 8639307.446, 140
Trd, 8639308.012, 139
Trd, 8639308.279, 130
Trd, 8639308.612, 140
Trd, 8639308.679, 128
Trd, 8639309.546, 140
Trd, 8639309.779, 140
Trd, 8639309.946, 135
Trd, 8639310.112, 101
Trd, 8639310.412, 137
Trd, 8639310.646, 100
Trd, 8639311.179, 140
Trd, 8639312.012, 140
Trd, 8639312.679, 129
Trd, 8639312.912, 109
Trd, 8639313.646, 128
Trd, 8639313.779, 109
Trd, 8639314.046, 100
Trd, 8639314.479, 128
Trd, 8639314.979, 62
Trd, 8639315.112, 60
Trd, 8639315.846, 120
Trd, 8639316.146, 140
Trd, 8639316.679, 140
Trd, 8639316.912, 125
Trd, 8639317.112, 140
Trd, 8639318.579, 140
Trd, 8639319.746, 140
Trd, 8639319.879, 140
Trd, 8639319.912, 140
Trd, 8639320.212, 127
Trd, 8639321.046, 135
Trd, 8639321.512, 136
Trd, 8639321.879, 137
Trd, 8639322.046, 124
Trd, 8639322.479, 126
Trd, 8639322.912, 125
Trd, 8639323.146, 126
Trd, 8639323.212, 120
Trd, 8639323.912, 139
Trd, 8639324.212, 104
Trd, 8639324.312, 118
Trd, 8639324.712, 88
Trd, 8639325.212, 138
Trd, 8639325.712, 140
Trd, 8639325.746, 124
Trd, 8639326.179, 140
Trd, 8639326.546, 102
Trd, 8639327.246, 140
Trd, 8639327.879, 115
Trd, 8639328.812, 140
Trd, 8639329.346, 137
Trd, 8639329.712, 140
Trd, 8639330.179, 139
Trd, 8639330.746, 111
Trd, 8639331.746, 60
Trd, 8639332.046, 60
Trd, 8639332.112, 60
Trd, 8639332.146, 61
Trd, 8639332.546, 61
Trd, 8639332.679, 76
Trd, 8639332.812, 139
Trd, 8639334.512, 60
Trd, 8639334.579, 60
Trd, 8639334.779, 62
Trd, 8639334.912, 62
Trd, 8639335.746, 61
Trd, 8639335.846, 86
Trd, 8639336.112, 67
Trd, 8639336.346, 75
Trd, 8639336.846, 64
Trd, 8639337.179, 107
Trd, 8639337.579, 84
Trd, 8639338.179, 140
Trd, 8639338.579, 140
Trd, 8639339.579, 140
Trd, 8639339.779, 139
Trd, 8639340.579, 140
Trd, 8639340.746, 140
Trd, 8639341.246, 140
Trd, 8639341.512, 140
Trd, 8639342.579, 140
Trd, 8639343.179, 140
Trd, 8639343.746, 140
Trd, 8639344.612, 140
Trd, 8639345.046, 140
Trd, 8639345.912, 140
Trd, 8639346.179, 140
Trd, 8639346.212, 140
Trd, 8639346.712, 140
Trd, 8639347.246, 140
Trd, 8639347.779, 140
Trd, 8639347.979, 139
Trd, 8639348.212, 140
Trd, 8639348.346, 139
Trd, 8639348.546, 138
Trd, 8639348.746, 139
Trd, 8639349.712, 140
Trd, 8639349.946, 138
Trd, 8639350.146, 140
Trd, 8639350.679, 127
Trd, 8639351.379, 140
Trd, 8639351.479, 140
Trd, 8639351.846, 126
Trd, 8639353.079, 134
Trd, 8639353.546, 127
Trd, 8639353.679, 124
Trd, 8639353.946, 102
Trd, 8639354.279, 116
Trd, 8639354.779, 97
Trd, 8639355.446, 140
Trd, 8639356.512, 140
Trd, 8639357.812, 140
Trd, 8639358.479, 140
Trd, 8639358.546, 140
Trd, 8639359.012, 139
Trd, 8639359.179, 139
Trd, 8639359.512, 138
Trd, 8639359.579, 138
Trd, 8639359.612, 130
Trd, 8639360.012, 140
Trd, 8639360.746, 140
Trd, 8639361.446, 140
Trd, 8639361.646, 137
Trd, 8639361.846, 118
Trd, 8639361.912, 96
Trd, 8639362.479, 113
Trd, 8639362.612, 127
Trd, 8639363.412, 140
Trd, 8639364.046, 140
Trd, 8639364.479, 96
Trd, 8639364.812, 119
Trd, 8639364.946, 88
Trd, 8639365.379, 133
Trd, 8639365.879, 91
Trd, 8639366.246, 134
Trd, 8639366.712, 140
Trd, 8639367.446, 140
Trd, 8639368.246, 138
Trd, 8639369.546, 140
Trd, 8639369.979, 138
Trd, 8639371.812, 140
Trd, 8639371.979, 140
Trd, 8639372.979, 140
Trd, 8639373.212, 140
Trd, 8639373.879, 140
Trd, 8639373.912, 139
Trd, 8639374.246, 138
Trd, 8639374.379, 138
Trd, 8639374.579, 138
Trd, 8639374.612, 135
Trd, 8639374.812, 124
Trd, 8639375.379, 115
Trd, 8639375.912, 138
Trd, 8639377.212, 130
Trd, 8639377.446, 92
Trd, 8639377.579, 71
Trd, 8639378.112, 135
Trd, 8639378.446, 137
Trd, 8639378.846, 93
Trd, 8639379.579, 140
Trd, 8639380.246, 140
Trd, 8639380.712, 140
Trd, 8639381.279, 140
Trd, 8639381.879, 140
Trd, 8639382.479, 140
Trd, 8639383.012, 140
Trd, 8639384.012, 140
Trd, 8639384.712, 140
Trd, 8639385.212, 140
Trd, 8639385.479, 138
Trd, 8639385.846, 140
Trd, 8639386.146, 134
Trd, 8639386.579, 140
Trd, 8639386.679, 139
Trd, 8639388.012, 140
Trd, 8639388.912, 140
Trd, 8639389.379, 140
Trd, 8639389.746, 140
Trd, 8639389.846, 140
Trd, 8639390.612, 112
Trd, 8639390.646, 74
Trd, 8639391.212, 140
Trd, 8639392.246, 140
Trd, 8639393.212, 140
Trd, 8639393.479, 140
Trd, 8639394.079, 140
Trd, 8639394.212, 140
Trd, 8639394.279, 140
Trd, 8639394.646, 140
Trd, 8639394.946, 140
Trd, 8639395.212, 122
Trd, 8639395.812, 140
Trd, 8639396.012, 140
Trd, 8639396.212, 140
Trd, 8639397.046, 139
Trd, 8639397.212, 125
Trd, 8639397.646, 139
Trd, 8639397.946, 104
Trd, 8639398.046, 138
Trd, 8639399.079, 138
Trd, 8639399.479, 138
Trd, 8639399.779, 125
Trd, 8639400.112, 124
Trd, 8639401.046, 86
Trd, 8639401.779, 60
Trd, 8639401.846, 63
Trd, 8639402.879, 62
Trd, 8639403.379, 60
Trd, 8639403.412, 62
Trd, 8639403.512, 63
Trd, 8639403.679, 67
Trd, 8639404.746, 66
Trd, 8639404.946, 64
Trd, 8639405.679, 63
Trd, 8639406.046, 65
Trd, 8639406.146, 79
Trd, 8639406.746, 60
Trd, 8639407.346, 60
Trd, 8639408.079, 72
Trd, 8639408.512, 60
Trd, 8639408.612, 60
Trd, 8639409.479, 64
Trd, 8639409.712, 84
Trd, 8639410.546, 60
Trd, 8639411.712, 60
Trd, 8639412.812, 60
Trd, 8639413.012, 62
Trd, 8639413.179, 63
Trd, 8639413.546, 62
Trd, 8639413.779, 67
Trd, 8639413.912, 62
Trd, 8639414.046, 68
Trd, 8639414.179, 69
Trd, 8639414.512, 64
Trd, 8639415.346, 140
Trd, 8639415.746, 140
Trd, 8639416.046, 140
Trd, 8639417.279, 139
Trd, 8639417.312, 138
Trd, 8639417.512, 140
Trd, 8639417.746, 140
Trd, 8639417.879, 138
Trd, 8639418.312, 139
Trd, 8639418.846, 140
Trd, 8639419.212, 140
Trd, 8639419.346, 134
Trd, 8639419.412, 120
Trd, 8639420.312, 139
Trd, 8639421.879, 140
Trd, 8639422.012, 139
Trd, 8639422.246, 138
Trd, 8639422.412, 138
Trd, 8639423.479, 138
Trd, 8639424.546, 140
Trd, 8639424.846, 140
Trd, 8639425.146, 140
Trd, 8639426.612, 140
Trd, 8639426.679, 140
Trd, 8639427.112, 140
Trd, 8639427.146, 139
Trd, 8639427.812, 140
Trd, 8639427.979, 134
Trd, 8639429.112, 113
Trd, 8639429.246, 130
Trd, 8639429.312, 131
Trd, 8639429.346, 98
Trd, 8639429.479, 71
Trd, 8639430.646, 73
Trd, 8639430.712, 130
Trd, 8639431.146, 130
Trd, 8639431.246, 98
Trd, 8639431.312, 71
Trd, 8639432.012, 72
Trd, 8639432.646, 140
Trd, 8639433.512, 106
Trd, 8639433.979, 105
Trd, 8639434.179, 139
Trd, 8639434.212, 97
Trd, 8639435.779, 140
Trd, 8639436.079, 140
Trd, 8639436.812, 140
Trd, 8639438.179, 140
Trd, 8639438.812, 140
Trd, 8639439.879, 140
Trd, 8639440.312, 140
Trd, 8639440.412, 140
Trd, 8639440.479, 140
Trd, 8639440.579, 139
Trd, 8639440.879, 140
Trd, 8639441.412, 140
Trd, 8639441.779, 140
Trd, 8639442.312, 129
Trd, 8639443.679, 138
Trd, 8639443.979, 137
Trd, 8639444.112, 139
Trd, 8639444.912, 140
Trd, 8639445.346, 139
Trd, 8639445.446, 135
Trd, 8639445.979, 103
Trd, 8639446.346, 139
Trd, 8639447.312, 136
Trd, 8639447.479, 134
Trd, 8639447.679, 134
Trd, 8639448.046, 96
Trd, 8639448.146, 81
Trd, 8639448.379, 135
Trd, 8639448.912, 140
Trd, 8639449.379, 140
Trd, 8639450.312, 140
Trd, 8639450.346, 139
Trd, 8639450.879, 139
Trd, 8639451.746, 131
Trd, 8639452.146, 128
Trd, 8639452.612, 128
Trd, 8639453.579, 140
Trd, 8639453.679, 140
Trd, 8639456.179, 140
Trd, 8639456.412, 140
Trd, 8639456.679, 140
Trd, 8639457.779, 140
Trd, 8639457.946, 140
Trd, 8639458.212, 140
Trd, 8639458.379, 140
Trd, 8639458.446, 140
Trd, 8639458.779, 140
Trd, 8639459.179, 140
Trd, 8639459.412, 140
Trd, 8639459.712, 139
Trd, 8639461.479, 140
Trd, 8639461.612, 139
Trd, 8639461.646, 139
Trd, 8639461.712, 115
Trd, 8639462.079, 138
Trd, 8639462.146, 139
Trd, 8639462.212, 107
Trd, 8639462.446, 138
Trd, 8639462.746, 137
Trd, 8639463.346, 112
Trd, 8639463.546, 137
Trd, 8639464.012, 61
Trd, 8639465.279, 140
Trd, 8639465.412, 138
Trd, 8639465.979, 140
Trd, 8639466.412, 140
Trd, 8639467.412, 140
Trd, 8639467.812, 139
Trd, 8639468.812, 140
Trd, 8639468.946, 140
Trd, 8639469.812, 125
Trd, 8639470.146, 136
Trd, 8639470.679, 140
Trd, 8639472.012, 140
Trd, 8639472.079, 140
Trd, 8639472.612, 140
Trd, 8639472.912, 140
Trd, 8639473.112, 140
Trd, 8639473.146, 120
Trd, 8639473.346, 140
Trd, 8639473.546, 108
Trd, 8639474.346, 136
Trd, 8639475.046, 133
Trd, 8639475.212, 70
Trd, 8639475.346, 116
Trd, 8639475.712, 67
Trd, 8639477.012, 60
Trd, 8639477.112, 60
Trd, 8639477.312, 62
Trd, 8639477.612, 67
Trd, 8639478.079, 67
Trd, 8639478.112, 68
Trd, 8639478.846, 69
Trd, 8639478.879, 70
Trd, 8639479.646, 83
Trd, 8639480.379, 114
Trd, 8639480.579, 111
Trd, 8639480.946, 140
Trd, 8639481.479, 140
Trd, 8639482.612, 140
Trd, 8639482.879, 139
Trd, 8639483.079, 138
Trd, 8639483.746, 139
Trd, 8639483.779, 137
Trd, 8639485.446, 140
Trd, 8639485.679, 129
Trd, 8639486.212, 140
Trd, 8639486.312, 115
Trd, 8639486.679, 139
Trd, 8639486.879, 137
Trd, 8639487.279, 135
Trd, 8639487.512, 129
Trd, 8639487.712, 77
Trd, 8639487.946, 78
Trd, 8639488.146, 77
Trd, 8639488.212, 76
Trd, 8639488.246, 74
Trd, 8639489.846, 140
Trd, 8639490.112, 140
Trd, 8639491.012, 140
Trd, 8639491.379, 140
Trd, 8639491.479, 140
Trd, 8639491.746, 136
Trd, 8639492.012, 138
Trd, 8639492.612, 137
Trd, 8639492.879, 104
Trd, 8639493.012, 136
Trd, 8639493.912, 122
Trd, 8639494.112, 132
Trd, 8639494.279, 135
Trd, 8639494.646, 112
Trd, 8639494.712, 111
Trd, 8639494.846, 136
Trd, 8639495.946, 133
Trd, 8639496.312, 138
Trd, 8639497.746, 140
Trd, 8639497.779, 140
Trd, 8639498.079, 140
Trd, 8639498.579, 140
Trd, 8639499.212, 140
Trd, 8639499.912, 140
Trd, 8639500.279, 140
Trd, 8639501.379, 140
Trd, 8639501.412, 138
Trd, 8639501.612, 117
Trd, 8639501.979, 124
Trd, 8639502.379, 140
Trd, 8639503.079, 140
Trd, 8639503.179, 139
Trd, 8639504.346, 140
Trd, 8639504.512, 139
Trd, 8639504.879, 131
Trd, 8639505.646, 140
Trd, 8639506.312, 140
Trd, 8639506.379, 140
Trd, 8639506.546, 138
Trd, 8639506.879, 138
Trd, 8639507.012, 138
Trd, 8639507.379, 138
Trd, 8639507.446, 133
Trd, 8639508.346, 135
Trd, 8639508.446, 123
Trd, 8639508.679, 121
Trd, 8639508.979, 137
Trd, 8639509.246, 121
Trd, 8639510.346, 90
Trd, 8639510.479, 78
Trd, 8639510.912, 80
Trd, 8639510.979, 79
Trd, 8639511.046, 70
Trd, 8639511.079, 138
Trd, 8639511.446, 140
Trd, 8639512.412, 139
Trd, 8639512.646, 138
Trd, 8639512.979, 131
Trd, 8639513.246, 140
Trd, 8639514.212, 140
Trd, 8639515.479, 107
Trd, 8639515.546, 106
Trd, 8639515.846, 70
Trd, 8639516.746, 139
Trd, 8639516.979, 140
Trd, 8639517.512, 139
Trd, 8639518.446, 139
Trd, 8639519.779, 140
Trd, 8639520.179, 140
Trd, 8639520.646, 140
Trd, 8639521.179, 140
Trd, 8639521.446, 140
Trd, 8639521.946, 140
Trd, 8639522.079, 138
Trd, 8639522.346, 139
Trd, 8639522.479, 138
Trd, 8639522.579, 140
Trd, 8639522.979, 134
Trd, 8639523.112, 129
Trd, 8639524.912, 140
Trd, 8639524.979, 140
Trd, 8639525.779, 140
Trd, 8639525.812, 140
Trd, 8639525.846, 139
Trd, 8639526.312, 137
Trd, 8639526.612, 117
Trd, 8639526.912, 109
Trd, 8639527.079, 91
Trd, 8639527.579, 138
Trd, 8639527.779, 137
Trd, 8639528.946, 138
Trd, 8639529.112, 127
Trd, 8639529.546, 60
Trd, 8639529.712, 60
Trd, 8639530.146, 60
Trd, 8639530.879, 62
Trd, 8639531.346, 89
Trd, 8639531.646, 88
Trd, 8639532.246, 60
Trd, 8639532.412, 60
Trd, 8639533.646, 60
Trd, 8639533.712, 61
Trd, 8639533.746, 63
Trd, 8639533.946, 64
Trd, 8639534.112, 83
Trd, 8639534.612, 140
Trd, 8639534.646, 140
Trd, 8639534.779, 140
Trd, 8639535.012, 139
Trd, 8639535.712, 140
Trd, 8639537.279, 140
Trd, 8639537.712, 140
Trd, 8639537.779, 140
Trd, 8639538.046, 140
Trd, 8639538.779, 134
Trd, 8639538.979, 133
Trd, 8639539.279, 131
Trd, 8639541.079, 140
Trd, 8639541.412, 140
Trd, 8639542.179, 139
Trd, 8639543.612, 140
Trd, 8639543.946, 139
Trd, 8639543.979, 140
Trd, 8639544.112, 140
Trd, 8639544.512, 140
Trd, 8639545.079, 137
Trd, 8639545.212, 136
Trd, 8639545.446, 139
Trd, 8639545.512, 140
Trd, 8639545.612, 128
Trd, 8639545.979, 140
Trd, 8639547.612, 140
Trd, 8639547.646, 138
Trd, 8639548.746, 140
Trd, 8639548.812, 140
Trd, 8639549.079, 134
Trd, 8639549.179, 118
Trd, 8639550.346, 140
Trd, 8639550.779, 139
Trd, 8639550.946, 133
Trd, 8639551.079, 140
Trd, 8639551.346, 89
Trd, 8639551.379, 139
Trd, 8639551.446, 66
Trd, 8639553.412, 140
Trd, 8639553.646, 140
Trd, 8639554.612, 139
Trd, 8639556.012, 139
Trd, 8639556.479, 140
Trd, 8639557.012, 140
Trd, 8639557.046, 139
Trd, 8639557.312, 140
Trd, 8639557.746, 137
Trd, 8639558.279, 140
Trd, 8639558.446, 104
Trd, 8639558.679, 122
Trd, 8639559.112, 116
Trd, 8639559.746, 140
Trd, 8639560.879, 140
Trd, 8639561.612, 140
Trd, 8639563.079, 140
Trd, 8639563.579, 140
Trd, 8639563.946, 140
Trd, 8639564.212, 140
Trd, 8639564.479, 140
Trd, 8639564.546, 140
Trd, 8639564.912, 140
Trd, 8639565.146, 136
Trd, 8639565.946, 136
Trd, 8639566.346, 137
Trd, 8639566.546, 135
Trd, 8639567.179, 140
Trd, 8639568.046, 140
Trd, 8639568.979, 125
Trd, 8639569.112, 110
Trd, 8639569.179, 138
Trd, 8639570.312, 139
Trd, 8639570.512, 140
Trd, 8639572.512, 140
Trd, 8639572.646, 137
Trd, 8639573.512, 140
Trd, 8639573.712, 140
Trd, 8639574.212, 140
Trd, 8639574.846, 140
Trd, 8639575.112, 135
Trd, 8639575.312, 140
Trd, 8639576.612, 140
Trd, 8639577.079, 140
Trd, 8639577.279, 139
Trd, 8639578.412, 139
Trd, 8639578.979, 139
Trd, 8639579.379, 140
Trd, 8639579.612, 139
Trd, 8639580.579, 140
Trd, 8639580.879, 140
Trd, 8639581.246, 139
Trd, 8639581.446, 139
Trd, 8639582.112, 136
Trd, 8639582.146, 134
Trd, 8639582.679, 138
Trd, 8639583.312, 93
Trd, 8639583.479, 110
Trd, 8639583.779, 107
Trd, 8639584.179, 61
Trd, 8639585.846, 138
Trd, 8639586.046, 107
Trd, 8639586.479, 139
Trd, 8639586.912, 140
Trd, 8639588.746, 139
Trd, 8639588.779, 136
Trd, 8639589.612, 140
Trd, 8639589.946, 139
Trd, 8639590.146, 139
Trd, 8639590.246, 138
Trd, 8639590.512, 140
Trd, 8639590.712, 138
Trd, 8639591.746, 99
Trd, 8639591.879, 92
Trd, 8639592.046, 135
Trd, 8639592.912, 133
Trd, 8639594.112, 140
Trd, 8639594.612, 138
Trd, 8639595.146, 139
Trd, 8639595.679, 140
Trd, 8639596.012, 140
Trd, 8639596.079, 138
Trd, 8639596.379, 130
Trd, 8639596.646, 139
Trd, 8639596.846, 130
Trd, 8639597.512, 140
Trd, 8639597.946, 140
Trd, 8639598.812, 140
Trd, 8639599.879, 140
Trd, 8639599.946, 139
Trd, 8639600.446, 139
Trd, 8639600.746, 138
Trd, 8639601.279, 139
Trd, 8639601.446, 137
Trd, 8639601.546, 121
Trd, 8639601.679, 91
Trd, 8639601.712, 71
Trd, 8639602.212, 66
Trd, 8639602.812, 133
Trd, 8639603.046, 127
Trd, 8639603.512, 87
Trd, 8639603.812, 131
Trd, 8639604.012, 136
Trd, 8639604.879, 92
Trd, 8639605.979, 139
Trd, 8639606.179, 104
Trd, 8639606.646, 104
Trd, 8639607.279, 140
Trd, 8639607.546, 138
Trd, 8639608.646, 63
Trd, 8639608.712, 64
Trd, 8639609.012, 62
Trd, 8639609.046, 60
Trd, 8639609.112, 63
Trd, 8639609.346, 71
Trd, 8639609.546, 132
Trd, 8639610.146, 60
Trd, 8639610.412, 140
Trd, 8639611.646, 140
Trd, 8639612.046, 140
Trd, 8639612.512, 140
Trd, 8639612.712, 138
Trd, 8639612.779, 118
Trd, 8639612.812, 139
Trd, 8639612.846, 105
Trd, 8639613.912, 140
Trd, 8639613.979, 115
Trd, 8639614.746, 62
Trd, 8639615.046, 60
Trd, 8639615.079, 62
Trd, 8639615.246, 63
Trd, 8639616.646, 140
Trd, 8639616.879, 140
Trd, 8639617.612, 140
Trd, 8639617.746, 139
Trd, 8639618.746, 113
Trd, 8639618.946, 112
Trd, 8639621.112, 140
Trd, 8639621.379, 139
Trd, 8639621.512, 138
Trd, 8639621.646, 138
Trd, 8639622.046, 139
Trd, 8639622.079, 135
Trd, 8639622.212, 119
Trd, 8639622.679, 101
Trd, 8639623.879, 140
Trd, 8639624.112, 140
Trd, 8639625.212, 140
Trd, 8639625.279, 139
Trd, 8639625.346, 139
Trd, 8639625.479, 101
Trd, 8639626.112, 137
Trd, 8639627.746, 135
Trd, 8639628.746, 139
Trd, 8639628.946, 140
Trd, 8639630.246, 140
Trd, 8639630.812, 140
Trd, 8639631.079, 139
Trd, 8639631.712, 139
Trd, 8639632.612, 140
Trd, 8639632.979, 140
Trd, 8639634.046, 140
Trd, 8639634.146, 140
Trd, 8639635.312, 139
Trd, 8639635.379, 138
Trd, 8639636.312, 139
Trd, 8639636.379, 140
Trd, 8639636.679, 128
Trd, 8639636.846, 127
Trd, 8639637.012, 139
Trd, 8639637.546, 138
Trd, 8639637.946, 140
Trd, 8639638.079, 107
Trd, 8639638.379, 138
Trd, 8639639.546, 133
Trd, 8639639.779, 133
Trd, 8639639.912, 133
Trd, 8639640.012, 130
Trd, 8639640.179, 115
Trd, 8639640.646, 134
Trd, 8639641.412, 137
Trd, 8639641.879, 101
Trd, 8639643.979, 140
Trd, 8639644.012, 140
Trd, 8639644.379, 140
Trd, 8639645.512, 140
Trd, 8639645.612, 139
Trd, 8639645.979, 137
Trd, 8639646.379, 138
Trd, 8639646.846, 140
Trd, 8639648.179, 140
Trd, 8639648.946, 140
Trd, 8639649.179, 140
Trd, 8639649.412, 140
Trd, 8639649.512, 140
Trd, 8639650.079, 138
Trd, 8639650.412, 138
Trd, 8639650.579, 124
Trd, 8639650.646, 123
Trd, 8639650.979, 117
Trd, 8639651.146, 136
Trd, 8639651.446, 137
Trd, 8639651.479, 107
Trd, 8639651.979, 139
Trd, 8639652.546, 139
Trd, 8639652.979, 114
Trd, 8639653.212, 77
Trd, 8639653.312, 78
Trd, 8639653.846, 140
Trd, 8639654.479, 140
Trd, 8639655.812, 140
Trd, 8639656.379, 140
Trd, 8639656.979, 139
Trd, 8639657.712, 140
Trd, 8639658.612, 140
Trd, 8639658.846, 140
Trd, 8639659.312, 140
Trd, 8639659.546, 140
Trd, 8639660.146, 140
Trd, 8639660.379, 140
Trd, 8639660.646, 139
Trd, 8639660.846, 130
Trd, 8639661.412, 119
Trd, 8639661.612, 115
Trd, 8639661.846, 107
Trd, 8639661.946, 96
Trd, 8639662.612, 100
Trd, 8639663.112, 134
Trd, 8639663.379, 128
Trd, 8639663.779, 132
Trd, 8639664.112, 121
Trd, 8639664.312, 135
Trd, 8639665.046, 137
Trd, 8639665.479, 140
Trd, 8639665.579, 123
Trd, 8639666.146, 120
Trd, 8639667.012, 140
Trd, 8639667.212, 137
Trd, 8639668.379, 140
Trd, 8639669.312, 140
Trd, 8639669.679, 140
Trd, 8639669.846, 140
Trd, 8639670.046, 139
Trd, 8639670.079, 140
Trd, 8639670.712, 137
Trd, 8639670.779, 126
Trd, 8639671.312, 120
Trd, 8639671.646, 124
Trd, 8639671.812, 102
Trd, 8639671.912, 138
Trd, 8639672.479, 126
Trd, 8639673.679, 126
Trd, 8639674.212, 140
Trd, 8639674.546, 139
Trd, 8639675.146, 120
Trd, 8639675.279, 118
Trd, 8639676.579, 140
Trd, 8639677.312, 140
Trd, 8639677.679, 139
Trd, 8639677.912, 140
Trd, 8639678.746, 140
Trd, 8639678.912, 139
Trd, 8639679.079, 139
Trd, 8639679.379, 139
Trd, 8639680.279, 137
Trd, 8639680.479, 131
Trd, 8639680.612, 127
Trd, 8639680.812, 115
Trd, 8639681.312, 133
Trd, 8639681.846, 124
Trd, 8639682.246, 132
Trd, 8639682.612, 134
Trd, 8639682.979, 106
Trd, 8639684.379, 140
Trd, 8639684.712, 140
Trd, 8639684.846, 138
Trd, 8639685.979, 140
Trd, 8639686.012, 140
Trd, 8639686.679, 116
Trd, 8639686.712, 115
Trd, 8639687.779, 140
Trd, 8639688.512, 140
Trd, 8639689.146, 140
Trd, 8639689.212, 140
Trd, 8639689.246, 138
Trd, 8639689.712, 140
Trd, 8639691.546, 140
Trd, 8639691.612, 140
Trd, 8639692.346, 140
Trd, 8639693.012, 140
Trd, 8639693.312, 140
Trd, 8639693.646, 134
Trd, 8639693.879, 130
Trd, 8639694.079, 127
Trd, 8639695.412, 140
Trd, 8639695.612, 140
Trd, 8639696.512, 140
Trd, 8639696.779, 140
Trd, 8639698.312, 140
Trd, 8639698.346, 140
Trd, 8639698.412, 140
Trd, 8639699.679, 140
Trd, 8639699.779, 140
Trd, 8639700.446, 140
Trd, 8639700.612, 140
Trd, 8639700.646, 138
Trd, 8639701.179, 129
Trd, 8639701.446, 131
Trd, 8639701.846, 136
Trd, 8639702.512, 140
Trd, 8639703.046, 137
Trd, 8639703.346, 129
Trd, 8639703.612, 135
Trd, 8639704.146, 139
Trd, 8639704.546, 139
Trd, 8639704.946, 105
Trd, 8639705.279, 97
Trd, 8639705.312, 138
Trd, 8639705.579, 96
Trd, 8639705.779, 91
Trd, 8639706.646, 98
Trd, 8639707.112, 70
Trd, 8639707.679, 64
Trd, 8639707.712, 65
Trd, 8639709.179, 60
Trd, 8639709.279, 63
Trd, 8639709.912, 63
Trd, 8639710.312, 62
Trd, 8639710.379, 63
Trd, 8639710.812, 60
Trd, 8639711.012, 62
Trd, 8639711.146, 64
Trd, 8639711.412, 66
Trd, 8639711.446, 73
Trd, 8639711.679, 66
Trd, 8639712.046, 83
Trd, 8639713.446, 134
Trd, 8639713.679, 110
Trd, 8639713.912, 114
Trd, 8639714.012, 115
Trd, 8639714.479, 135
Trd, 8639716.879, 140
Trd, 8639717.546, 140
Trd, 8639717.712, 139
Trd, 8639718.212, 137
Trd, 8639718.612, 139
Trd, 8639720.046, 140
Trd, 8639720.079, 139
Trd, 8639720.646, 140
Trd, 8639720.679, 140
Trd, 8639721.546, 140
Trd, 8639722.412, 140
Trd, 8639722.746, 137
Trd, 8639722.912, 138
Trd, 8639723.179, 139
Trd, 8639723.246, 140
Trd, 8639724.246, 140
Trd, 8639724.346, 140
Trd, 8639724.479, 128
Trd, 8639724.512, 108
Trd, 8639724.779, 140
Trd, 8639724.846, 140
Trd, 8639724.946, 140
Trd, 8639725.212, 139
Trd, 8639725.646, 126
Trd, 8639725.746, 96
Trd, 8639726.946, 84
Trd, 8639727.279, 140
Trd, 8639727.446, 140
Trd, 8639727.779, 139
Trd, 8639728.712, 96
Trd, 8639729.579, 97
Trd, 8639729.612, 96
Trd, 8639729.646, 98
Trd, 8639730.112, 72
Trd, 8639730.446, 100
Trd, 8639730.579, 62
Trd, 8639731.012, 100
Trd, 8639731.579, 139
Trd, 8639731.612, 106
Trd, 8639731.846, 125
Trd, 8639732.079, 140
Trd, 8639732.579, 140
Trd, 8639732.646, 126
Trd, 8639733.979, 140
Trd, 8639734.779, 140
Trd, 8639735.612, 140
Trd, 8639736.412, 140
Trd, 8639736.979, 139
Trd, 8639737.446, 136
Trd, 8639737.479, 135
Trd, 8639738.246, 135
Trd, 8639738.546, 140
Trd, 8639739.412, 140
Trd, 8639739.846, 140
Trd, 8639740.379, 140
Trd, 8639741.346, 140
Trd, 8639741.412, 127
Trd, 8639741.746, 116
Trd, 8639742.112, 140
Trd, 8639742.346, 140
Trd, 8639742.946, 139
Trd, 8639742.979, 112
Trd, 8639743.146, 111
Trd, 8639743.579, 140
Trd, 8639744.579, 137
Trd, 8639744.679, 125
Trd, 8639745.212, 140
Trd, 8639745.712, 111
Trd, 8639746.279, 138
Trd, 8639746.646, 74
Trd, 8639746.846, 138
Trd, 8639746.946, 65
Trd, 8639747.346, 61
Trd, 8639747.812, 61
Trd, 8639748.246, 61
Trd, 8639748.479, 62
Trd, 8639748.779, 62
Trd, 8639748.812, 62
Trd, 8639749.312, 60
Trd, 8639749.879, 139
Trd, 8639750.179, 66
Trd, 8639750.812, 60
Trd, 8639751.479, 94
Trd, 8639751.712, 93
Trd, 8639752.612, 68
Trd, 8639752.779, 112
Trd, 8639753.046, 64
Trd, 8639753.779, 64
Trd, 8639754.046, 99
Trd, 8639754.179, 100
Trd, 8639754.212, 101
Trd, 8639754.846, 119
Trd, 8639755.879, 91
Trd, 8639756.079, 70
Trd, 8639756.179, 71
Trd, 8639757.112, 88
Trd, 8639757.579, 130
Trd, 8639757.612, 76
Trd, 8639758.212, 134
Trd, 8639758.546, 140
Trd, 8639759.379, 140
Trd, 8639760.179, 140
Trd, 8639760.746, 140
Trd, 8639761.379, 140
Trd, 8639761.612, 140
Trd, 8639762.279, 140
Trd, 8639762.812, 140
Trd, 8639764.379, 140
Trd, 8639764.646, 140
Trd, 8639764.946, 140
Trd, 8639765.379, 140
Trd, 8639765.746, 140
Trd, 8639766.212, 139
Trd, 8639766.612, 134
Trd, 8639767.146, 133
Trd, 8639767.846, 139
Trd, 8639768.012, 139
Trd, 8639768.212, 133
Trd, 8639768.279, 115
Trd, 8639768.346, 114
Trd, 8639768.546, 81
Trd, 8639769.446, 78
Trd, 8639769.679, 70
Trd, 8639769.912, 80
Trd, 8639769.979, 82
Trd, 8639770.079, 95
Trd, 8639770.746, 63
Trd, 8639772.679, 140
Trd, 8639774.012, 140
Trd, 8639774.346, 140
Trd, 8639775.012, 140
Trd, 8639775.079, 139
Trd, 8639775.279, 105
Trd, 8639776.179, 139
Trd, 8639776.379, 138
Trd, 8639777.546, 140
Trd, 8639777.646, 140
Trd, 8639778.246, 140
Trd, 8639778.279, 140
Trd, 8639778.512, 135
Trd, 8639778.812, 132
Trd, 8639779.979, 140
Trd, 8639780.312, 140
Trd, 8639781.112, 140
Trd, 8639781.279, 140
Trd, 8639781.712, 139
Trd, 8639781.846, 140
Trd, 8639782.246, 137
Trd, 8639782.312, 140
Trd, 8639783.012, 140
Trd, 8639783.279, 139
Trd, 8639783.379, 140
Trd, 8639784.146, 140
Trd, 8639785.312, 140
Trd, 8639785.446, 140
Trd, 8639786.146, 140
Trd, 8639786.179, 138
Trd, 8639787.212, 140
Trd, 8639787.246, 140
Trd, 8639788.879, 140
Trd, 8639789.412, 140
Trd, 8639789.612, 140
Trd, 8639789.779, 136
Trd, 8639789.946, 130
Trd, 8639789.979, 129
Trd, 8639790.246, 118
Trd, 8639790.546, 137
Trd, 8639791.812, 140
Trd, 8639792.812, 140
Trd, 8639793.012, 140
Trd, 8639794.612, 139
Trd, 8639794.812, 140
Trd, 8639794.912, 140
Trd, 8639795.112, 139
Trd, 8639795.246, 137
Trd, 8639795.712, 117
Trd, 8639795.846, 116
Trd, 8639795.946, 98
Trd, 8639796.412, 139
Trd, 8639796.912, 136
Trd, 8639797.812, 138
Trd, 8639797.879, 116
Trd, 8639798.146, 111
Trd, 8639798.546, 140
Trd, 8639798.646, 113
Trd, 8639800.412, 139
Trd, 8639800.479, 138
Trd, 8639801.012, 140
Trd, 8639803.212, 140
Trd, 8639803.279, 140
Trd, 8639803.479, 140
Trd, 8639803.546, 140
Trd, 8639803.779, 140
Trd, 8639804.146, 138
Trd, 8639804.379, 139
Trd, 8639804.746, 122
Trd, 8639805.312, 135
Trd, 8639805.646, 140
Trd, 8639805.746, 132
Trd, 8639807.146, 140
Trd, 8639807.179, 140
Trd, 8639808.112, 140
Trd, 8639808.912, 140
Trd, 8639808.979, 140
Trd, 8639809.246, 136
Trd, 8639809.646, 135
Trd, 8639810.512, 138
Trd, 8639811.012, 137
Trd, 8639811.912, 140
Trd, 8639812.479, 139
Trd, 8639813.146, 140
Trd, 8639813.312, 138
Trd, 8639814.246, 140
Trd, 8639814.279, 140
Trd, 8639814.912, 137
Trd, 8639816.379, 139
Trd, 8639816.446, 105
Trd, 8639816.546, 102
Trd, 8639816.646, 89
Trd, 8639817.212, 140
Trd, 8639817.879, 140
Trd, 8639819.479, 140
Trd, 8639819.612, 140
Trd, 8639819.846, 140
Trd, 8639820.512, 140
Trd, 8639821.112, 140
Trd, 8639821.412, 139
Trd, 8639821.979, 140
Trd, 8639822.246, 140
Trd, 8639822.779, 140
Trd, 8639823.979, 140
Trd, 8639824.046, 140
Trd, 8639824.679, 120
Trd, 8639825.112, 127
Trd, 8639826.412, 138
Trd, 8639826.512, 138
Trd, 8639826.779, 138
Trd, 8639827.012, 137
Trd, 8639827.179, 140
Trd, 8639827.512, 140
Trd, 8639827.779, 119
Trd, 8639829.446, 140
Trd, 8639829.779, 140
Trd, 8639830.846, 140
Trd, 8639831.279, 138
Trd, 8639832.112, 140
Trd, 8639832.379, 140
Trd, 8639832.446, 138
Trd, 8639832.712, 139
Trd, 8639832.812, 137
Trd, 8639833.946, 140
Trd, 8639834.612, 140
Trd, 8639834.746, 140
Trd, 8639835.079, 140
Trd, 8639836.246, 140
Trd, 8639836.446, 140
Trd, 8639836.912, 139
Trd, 8639836.946, 138
Trd, 8639837.512, 139
Trd, 8639837.912, 138
Trd, 8639838.446, 129
Trd, 8639839.412, 140
Trd, 8639839.612, 139
Trd, 8639839.879, 128
Trd, 8639841.146, 136
Trd, 8639841.612, 96
Trd, 8639841.746, 90
Trd, 8639842.312, 134
Trd, 8639842.446, 128
Trd, 8639842.512, 135
Trd, 8639842.812, 127
Trd, 8639842.879, 125
Trd, 8639842.912, 119
Trd, 8639843.479, 60
Trd, 8639843.746, 66
Trd, 8639844.746, 134
Trd, 8639844.879, 134
Trd, 8639846.146, 140
Trd, 8639846.312, 140
Trd, 8639846.479, 137
Trd, 8639847.279, 140
Trd, 8639847.379, 140
Trd, 8639848.412, 140
Trd, 8639848.746, 140
Trd, 8639848.979, 140
Trd, 8639849.012, 140
Trd, 8639849.379, 140
Trd, 8639849.479, 138
Trd, 8639849.979, 130
Trd, 8639850.446, 120
Trd, 8639851.246, 140
Trd, 8639852.012, 140
Trd, 8639852.079, 140
Trd, 8639852.112, 137
Trd, 8639852.179, 135
Trd, 8639852.579, 140
Trd, 8639852.912, 135
Trd, 8639853.079, 140
Trd, 8639853.279, 138
Trd, 8639854.046, 140
Trd, 8639854.679, 139
Trd, 8639855.279, 136
Trd, 8639855.312, 135
Trd, 8639855.612, 100
Trd, 8639855.679, 140
Trd, 8639856.546, 138
Trd, 8639856.746, 99
Trd, 8639857.046, 140
Trd, 8639857.712, 101
Trd, 8639857.846, 102
Trd, 8639858.146, 85
Trd, 8639860.246, 139
Trd, 8639860.412, 137
Trd, 8639861.446, 136
Trd, 8639861.946, 140
Trd, 8639861.979, 139
Trd, 8639862.012, 134
Trd, 8639862.712, 140
Trd, 8639862.912, 137
Trd, 8639863.079, 132
Trd, 8639863.379, 98
Trd, 8639863.446, 140
Trd, 8639864.179, 140
Trd, 8639864.279, 140
Trd, 8639865.179, 140
Trd, 8639865.479, 140
Trd, 8639865.879, 140
Trd, 8639865.979, 140
Trd, 8639866.446, 140
Trd, 8639866.812, 138
Trd, 8639867.312, 139
Trd, 8639867.346, 113
Trd, 8639868.212, 138
Trd, 8639868.646, 127
Trd, 8639868.979, 107
Trd, 8639869.379, 138
Trd, 8639869.979, 105
Trd, 8639870.146, 137
Trd, 8639870.179, 104
Trd, 8639870.712, 140
Trd, 8639871.079, 92
Trd, 8639871.879, 138
Trd, 8639872.746, 140
Trd, 8639872.946, 140
Trd, 8639873.046, 140
Trd, 8639873.279, 140
Trd, 8639873.779, 140
Trd, 8639874.146, 140
Trd, 8639874.746, 140
Trd, 8639875.579, 140
Trd, 8639876.846, 139
Trd, 8639877.512, 140
Trd, 8639877.746, 140
Trd, 8639877.879, 140
Trd, 8639878.346, 140
Trd, 8639879.246, 140
Trd, 8639880.212, 139
Trd, 8639880.346, 137
Trd, 8639881.312, 132
Trd, 8639881.546, 132
Trd, 8639881.579, 129
Trd, 8639881.812, 130
Trd, 8639882.479, 128
Trd, 8639882.979, 133
Trd, 8639883.046, 127
Trd, 8639883.346, 106
Trd, 8639883.612, 131
Trd, 8639883.812, 134
Trd, 8639884.046, 139
Trd, 8639885.012, 133
Trd, 8639885.279, 140
Trd, 8639885.612, 93
Trd, 8639885.879, 92
Trd, 8639886.379, 135
Trd, 8639886.912, 140
Trd, 8639887.079, 134
Trd, 8639887.212, 133
Trd, 8639888.179, 139
Trd, 8639888.346, 139
Trd, 8639888.546, 140
Trd, 8639889.146, 110
Trd, 8639889.246, 87
Trd, 8639889.346, 140
Trd, 8639889.779, 90
Trd, 8639890.812, 132
Trd, 8639890.846, 86
Trd, 8639891.679, 85
Trd, 8639891.912, 125
Trd, 8639892.146, 125
Trd, 8639892.512, 61
Trd, 8639892.879, 125
Trd, 8639893.679, 63
Trd, 8639893.779, 63
Trd, 8639894.079, 63
Trd, 8639894.112, 64
Trd, 8639894.879, 140
Trd, 8639895.379, 64
Trd, 8639895.412, 65
Trd, 8639895.679, 119
Trd, 8639895.846, 61
Trd, 8639896.679, 60
Trd, 8639897.446, 60
Trd, 8639897.579, 60
Trd, 8639898.012, 60
Trd, 8639898.212, 61
Trd, 8639898.379, 64
Trd, 8639898.546, 68
Trd, 8639898.646, 71
Trd, 8639898.946, 68
Trd, 8639899.712, 140
Trd, 8639900.646, 61
Trd, 8639900.846, 61
Trd, 8639901.212, 63
Trd, 8639901.312, 61
Trd, 8639902.079, 60
Trd, 8639902.212, 65
Trd, 8639902.479, 87
Trd, 8639903.179, 61
Trd, 8639903.212, 63
Trd, 8639903.779, 60
Trd, 8639903.912, 92
Trd, 8639904.412, 140
Trd, 8639905.446, 60
Trd, 8639905.946, 140
Trd, 8639906.112, 139
Trd, 8639906.679, 139
Trd, 8639908.212, 140
Trd, 8639908.412, 140
Trd, 8639908.712, 139
Trd, 8639909.079, 114
Trd, 8639909.179, 111
Trd, 8639909.312, 115
Trd, 8639909.712, 107
Trd, 8639910.579, 129
Trd, 8639911.079, 140
Trd, 8639911.412, 140
Trd, 8639911.712, 140
Trd, 8639912.546, 140
Trd, 8639912.812, 140
Trd, 8639912.946, 140
Trd, 8639913.046, 140
Trd, 8639913.312, 136
Trd, 8639913.479, 84
Trd, 8639913.812, 136
Trd, 8639914.046, 136
Trd, 8639914.379, 131
Trd, 8639915.679, 140
Trd, 8639915.812, 128
Trd, 8639917.079, 140
Trd, 8639917.479, 140
Trd, 8639917.612, 140
Trd, 8639917.879, 139
Trd, 8639918.012, 136
Trd, 8639918.312, 127
Trd, 8639918.512, 137
Trd, 8639919.212, 85
Trd, 8639919.812, 77
Trd, 8639920.246, 131
Trd, 8639920.812, 70
Trd, 8639921.646, 126
Trd, 8639921.779, 131
Trd, 8639921.979, 103
Trd, 8639922.246, 140
Trd, 8639922.579, 137
Trd, 8639923.779, 140
Trd, 8639924.079, 140
Trd, 8639926.646, 140
Trd, 8639927.779, 140
Trd, 8639927.846, 140
Trd, 8639928.346, 140
Trd, 8639928.412, 140
Trd, 8639928.712, 140
Trd, 8639928.912, 140
Trd, 8639929.246, 139
Trd, 8639930.246, 140
Trd, 8639930.679, 140
Trd, 8639931.379, 140
Trd, 8639932.112, 140
Trd, 8639932.479, 140
Trd, 8639932.779, 140
Trd, 8639932.912, 140
Trd, 8639932.979, 140
Trd, 8639933.046, 114
Trd, 8639933.312, 140
Trd, 8639933.412, 108
Trd, 8639933.912, 106
Trd, 8639935.079, 140
Trd, 8639935.812, 134
Trd, 8639935.946, 118
Trd, 8639936.312, 89
Trd, 8639936.746, 131
Trd, 8639937.046, 108
Trd, 8639937.246, 127
Trd, 8639937.479, 128
Trd, 8639937.746, 131
Trd, 8639938.146, 138
Trd, 8639938.946, 140
Trd, 8639939.846, 140
Trd, 8639940.012, 140
Trd, 8639940.846, 140
Trd, 8639940.912, 140
Trd, 8639941.979, 140
Trd, 8639942.012, 140
Trd, 8639942.746, 140
Trd, 8639943.212, 139
Trd, 8639943.479, 139
Trd, 8639945.512, 140
Trd, 8639945.879, 140
Trd, 8639946.412, 140
Trd, 8639946.579, 140
Trd, 8639947.012, 140
Trd, 8639947.246, 139
Trd, 8639948.379, 140
Trd, 8639948.679, 138
Trd, 8639950.112, 140
Trd, 8639950.312, 140
Trd, 8639951.512, 140
Trd, 8639951.546, 139
Trd, 8639951.946, 140
Trd, 8639952.379, 139
Trd, 8639953.046, 140
Trd, 8639953.412, 140
Trd, 8639953.612, 140
Trd, 8639953.679, 126
Trd, 8639953.712, 128
Trd, 8639954.546, 102
Trd, 8639955.012, 100
Trd, 8639955.879, 132
Trd, 8639956.446, 136
Trd, 8639956.746, 130
Trd, 8639957.012, 130
Trd, 8639957.279, 125
Trd, 8639957.312, 124
Trd, 8639957.846, 125
Trd, 8639958.146, 124
Trd, 8639958.179, 126
Trd, 8639959.079, 129
Trd, 8639959.379, 139
Trd, 8639959.946, 140
Trd, 8639960.412, 140
Trd, 8639960.446, 140
Trd, 8639960.912, 140
Trd, 8639961.012, 103
Trd, 8639962.646, 140
Trd, 8639963.312, 140
Trd, 8639964.112, 140
Trd, 8639964.479, 140
Trd, 8639964.746, 140
Trd, 8639965.079, 139
Trd, 8639965.212, 137
Trd, 8639965.346, 121
Trd, 8639965.646, 103
Trd, 8639966.046, 140
Trd, 8639966.212, 140
Trd, 8639966.279, 139
Trd, 8639968.379, 140
Trd, 8639968.579, 140
Trd, 8639969.012, 139
Trd, 8639969.712, 140
Trd, 8639970.279, 140
Trd, 8639970.879, 140
Trd, 8639972.146, 140
Trd, 8639972.379, 140
Trd, 8639972.912, 140
Trd, 8639973.612, 140
Trd, 8639973.646, 125
Trd, 8639975.046, 139
Trd, 8639975.212, 135
Trd, 8639975.379, 135
Trd, 8639976.346, 140
Trd, 8639976.579, 123
Trd, 8639976.912, 140
Trd, 8639977.079, 139
Trd, 8639977.612, 115
Trd, 8639977.812, 137
Trd, 8639977.846, 115
Trd, 8639978.279, 138
Trd, 8639978.546, 139
Trd, 8639979.546, 118
Trd, 8639979.912, 128
Trd, 8639980.779, 139
Trd, 8639981.246, 117
Trd, 8639982.246, 139
Trd, 8639982.346, 119
Trd, 8639982.479, 124
Trd, 8639982.512, 117
Trd, 8639983.279, 133
Trd, 8639985.046, 140
Trd, 8639985.446, 140
Trd, 8639985.846, 140
Trd, 8639985.912, 139
Trd, 8639986.146, 137
Trd, 8639986.446, 137
Trd, 8639986.846, 137
Trd, 8639986.912, 136
Trd, 8639987.512, 140
Trd, 8639987.879, 139
Trd, 8639988.579, 138
Trd, 8639988.812, 139
Trd, 8639989.212, 97
Trd, 8639989.346, 112
Trd, 8639989.812, 140
Trd, 8639990.612, 120
Trd, 8639990.846, 111
Trd, 8639991.612, 63
Trd, 8639991.679, 64
Trd, 8639992.379, 65
Trd, 8639993.512, 92
Trd, 8639994.112, 140
Trd, 8639994.312, 139
Trd, 8639994.412, 139
Trd, 8639994.912, 140
Trd, 8639995.046, 140
Trd, 8639995.812, 139
Trd, 8639995.946, 139
Trd, 8639995.979, 119
Trd, 8639996.446, 111
Trd, 8639998.079, 140
Trd, 8639998.179, 140
Trd, 8639999.846, 140
