Trd, 8638782.046, 85
Trd, 8638782.946, 78
Trd, 8638783.946, 92
Trd, 8638783.979, 91
Trd, 8638784.779, 132
Trd, 8638784.846, 131
Trd, 8638785.212, 84
Trd, 8638785.279, 84
Trd, 8638786.312, 96
Trd, 8638786.946, 96
Trd, 8638787.546, 125
Trd, 8638788.112, 123
Trd, 8638788.246, 96
Trd, 8638788.446, 79
Trd, 8638788.712, 112
Trd, 8638789.212, 103
Trd, 8638789.646, 85
Trd, 8638789.812, 78
Trd, 8638789.979, 88
Trd, 8638790.446, 118
Trd, 8638791.646, 130
Trd, 8638791.712, 116
Trd, 8638792.512, 96
Trd, 8638792.679, 115
Trd, 8638793.346, 118
Trd, 8638793.946, 119
Trd, 8638794.112, 96
Trd, 8638794.212, 96
Trd, 8638796.212, 140
Trd, 8638796.346, 140
Trd, 8638797.646, 140
Trd, 8638797.679, 136
Trd, 8638798.079, 113
Trd, 8638798.412, 110
Trd, 8638799.679, 114
Trd, 8638799.912, 114
Trd, 8638800.379, 82
Trd, 8638800.912, 93
Trd, 8638801.379, 106
Trd, 8638801.746, 129
Trd, 8638801.979, 128
Trd, 8638802.212, 125
Trd, 8638803.079, 109
Trd, 8638803.279, 102
Trd, 8638803.512, 100
Trd, 8638804.012, 97
Trd, 8638804.212, 84
Trd, 8638804.346, 83
Trd, 8638804.646, 80
Trd, 8638805.112, 62
Trd, 8638806.179, 84
Trd, 8638806.279, 103
Trd, 8638807.546, 137
Trd, 8638808.046, 137
Trd, 8638808.812, 138
Trd, 8638809.012, 136
Trd, 8638809.046, 120
Trd, 8638809.312, 107
Trd, 8638809.846, 104
Trd, 8638809.946, 102
Trd, 8638810.046, 83
Trd, 8638810.346, 63
Trd, 8638810.512, 106
Trd, 8638811.312, 102
Trd, 8638811.379, 93
Trd, 8638811.546, 82
Trd, 8638811.779, 68
Trd, 8638812.279, 121
Trd, 8638814.012, 69
Trd, 8638814.046, 74
Trd, 8638814.246, 82
Trd, 8638814.512, 85
Trd, 8638814.846, 86
Trd, 8638815.112, 70
Trd, 8638815.512, 116
Trd, 8638816.612, 124
Trd, 8638817.312, 97
Trd, 8638817.446, 81
Trd, 8638817.712, 76
Trd, 8638817.979, 85
Trd, 8638818.479, 88
Trd, 8638819.612, 86
Trd, 8638820.012, 93
Trd, 8638820.612, 73
Trd, 8638820.812, 75
Trd, 8638821.479, 82
Trd, 8638822.012, 65
Trd, 8638822.579, 62
Trd, 8638823.146, 64
Trd, 8638823.579, 61
Trd, 8638823.779, 75
Trd, 8638824.179, 132
Trd, 8638824.246, 109
Trd, 8638825.146, 80
Trd, 8638825.179, 79
Trd, 8638825.346, 98
Trd, 8638825.912, 130
Trd, 8638827.179, 78
Trd, 8638827.712, 134
Trd, 8638827.846, 105
Trd, 8638828.079, 76
Trd, 8638828.779, 102
Trd, 8638828.812, 101
Trd, 8638829.212, 112
Trd, 8638829.379, 86
Trd, 8638829.746, 86
Trd, 8638830.046, 101
Trd, 8638830.279, 72
Trd, 8638830.912, 85
Trd, 8638831.379, 67
Trd, 8638831.779, 72
Trd, 8638832.879, 86
Trd, 8638833.079, 78
Trd, 8638833.312, 69
Trd, 8638833.912, 72
Trd, 8638834.746, 90
Trd, 8638834.779, 100
Trd, 8638835.379, 115
Trd, 8638835.646, 115
Trd, 8638835.979, 114
Trd, 8638836.046, 100
Trd, 8638836.112, 118
Trd, 8638836.279, 65
Trd, 8638837.312, 62
Trd, 8638837.512, 124
Trd, 8638838.112, 121
Trd, 8638838.712, 97
Trd, 8638838.812, 89
Trd, 8638839.446, 101
Trd, 8638840.179, 119
Trd, 8638840.346, 98
Trd, 8638841.646, 126
Trd, 8638841.979, 110
Trd, 8638842.746, 125
Trd, 8638843.579, 124
Trd, 8638843.612, 106
Trd, 8638843.846, 110
Trd, 8638843.979, 106
Trd, 8638844.146, 107
Trd, 8638844.179, 100
Trd, 8638844.679, 99
Trd, 8638844.779, 103
Trd, 8638845.312, 98
Trd, 8638845.379, 100
Trd, 8638846.512, 128
Trd, 8638846.679, 125
Trd, 8638847.112, 105
Trd, 8638847.346, 109
Trd, 8638847.412, 99
Trd, 8638847.846, 86
Trd, 8638848.212, 64
Trd, 8638848.746, 85
Trd, 8638848.779, 101
Trd, 8638849.446, 94
Trd, 8638850.646, 116
Trd, 8638850.812, 96
Trd, 8638852.146, 97
Trd, 8638852.679, 94
Trd, 8638853.012, 105
Trd, 8638853.112, 93
Trd, 8638853.746, 95
Trd, 8638853.846, 93
Trd, 8638854.146, 95
Trd, 8638854.446, 117
Trd, 8638854.579, 78
Trd, 8638855.046, 116
Trd, 8638856.579, 116
Trd, 8638856.679, 113
Trd, 8638857.079, 107
Trd, 8638857.812, 92
Trd, 8638857.979, 84
Trd, 8638858.079, 93
Trd, 8638858.112, 78
Trd, 8638858.746, 130
Trd, 8638858.912, 92
Trd, 8638859.512, 91
Trd, 8638860.379, 125
Trd, 8638861.046, 132
Trd, 8638861.279, 131
Trd, 8638862.212, 131
Trd, 8638863.246, 122
Trd, 8638863.579, 117
Trd, 8638863.846, 114
Trd, 8638864.046, 119
Trd, 8638864.312, 112
Trd, 8638864.579, 91
Trd, 8638864.646, 110
Trd, 8638865.712, 111
Trd, 8638866.246, 119
Trd, 8638866.579, 96
Trd, 8638867.379, 93
Trd, 8638867.612, 87
Trd, 8638868.379, 131
Trd, 8638868.846, 110
Trd, 8638869.679, 110
Trd, 8638869.712, 85
Trd, 8638870.212, 115
Trd, 8638870.712, 114
Trd, 8638870.879, 82
Trd, 8638870.979, 76
Trd, 8638871.079, 76
Trd, 8638871.579, 72
Trd, 8638872.146, 99
Trd, 8638872.446, 72
Trd, 8638873.246, 89
Trd, 8638873.446, 117
Trd, 8638873.546, 80
Trd, 8638873.612, 87
Trd, 8638874.546, 87
Trd, 8638874.579, 124
Trd, 8638874.846, 136
Trd, 8638875.746, 102
Trd, 8638876.112, 63
Trd, 8638876.679, 98
Trd, 8638877.079, 82
Trd, 8638877.179, 80
Trd, 8638877.879, 88
Trd, 8638878.079, 83
Trd, 8638879.112, 87
Trd, 8638879.712, 89
Trd, 8638880.179, 94
Trd, 8638880.312, 111
Trd, 8638880.479, 94
Trd, 8638880.546, 89
Trd, 8638881.012, 87
Trd, 8638881.046, 86
Trd, 8638881.679, 89
Trd, 8638881.846, 102
Trd, 8638882.446, 111
Trd, 8638883.012, 117
Trd, 8638883.279, 116
Trd, 8638883.512, 135
Trd, 8638883.812, 107
Trd, 8638885.046, 83
Trd, 8638885.846, 114
Trd, 8638886.479, 70
Trd, 8638886.946, 71
Trd, 8638888.046, 129
Trd, 8638888.679, 130
Trd, 8638888.746, 129
Trd, 8638889.046, 105
Trd, 8638889.079, 100
Trd, 8638889.312, 94
Trd, 8638890.112, 125
Trd, 8638890.179, 92
Trd, 8638890.412, 82
Trd, 8638890.546, 103
Trd, 8638890.646, 109
Trd, 8638891.012, 79
Trd, 8638891.512, 67
Trd, 8638891.846, 116
Trd, 8638892.479, 126
Trd, 8638894.212, 133
Trd, 8638894.312, 111
Trd, 8638894.512, 98
Trd, 8638894.546, 78
Trd, 8638894.579, 65
Trd, 8638895.579, 64
Trd, 8638896.612, 88
Trd, 8638896.946, 68
Trd, 8638897.312, 67
Trd, 8638897.712, 69
Trd, 8638897.779, 74
Trd, 8638897.879, 100
Trd, 8638898.312, 111
Trd, 8638898.546, 82
Trd, 8638899.779, 103
Trd, 8638900.279, 103
Trd, 8638900.479, 102
Trd, 8638900.712, 102
Trd, 8638901.512, 101
Trd, 8638902.046, 86
Trd, 8638902.446, 87
Trd, 8638902.646, 118
Trd, 8638902.679, 86
Trd, 8638903.546, 84
Trd, 8638903.746, 83
Trd, 8638904.112, 94
Trd, 8638904.446, 94
Trd, 8638904.846, 91
Trd, 8638905.346, 100
Trd, 8638905.579, 98
Trd, 8638905.612, 96
Trd, 8638906.379, 89
Trd, 8638906.479, 88
Trd, 8638906.946, 118
Trd, 8638907.412, 122
Trd, 8638908.112, 91
Trd, 8638908.612, 115
Trd, 8638908.846, 105
Trd, 8638909.179, 83
Trd, 8638909.879, 113
Trd, 8638909.946, 125
Trd, 8638910.246, 110
Trd, 8638910.379, 108
Trd, 8638910.446, 98
Trd, 8638910.479, 71
Trd, 8638910.779, 69
Trd, 8638910.812, 111
Trd, 8638911.946, 129
Trd, 8638912.646, 74
Trd, 8638913.812, 87
Trd, 8638913.879, 86
Trd, 8638914.412, 99
Trd, 8638914.479, 85
Trd, 8638914.512, 83
Trd, 8638915.312, 106
Trd, 8638915.612, 95
Trd, 8638916.146, 71
Trd, 8638916.179, 114
Trd, 8638916.346, 70
Trd, 8638917.012, 90
Trd, 8638917.179, 86
Trd, 8638917.812, 127
Trd, 8638918.212, 125
Trd, 8638918.912, 79
Trd, 8638919.279, 67
Trd, 8638920.112, 89
Trd, 8638920.212, 80
Trd, 8638920.412, 85
Trd, 8638920.446, 118
Trd, 8638921.746, 97
Trd, 8638922.379, 75
Trd, 8638922.579, 81
Trd, 8638922.646, 72
Trd, 8638923.246, 75
Trd, 8638923.746, 97
Trd, 8638924.212, 86
Trd, 8638925.279, 85
Trd, 8638925.379, 89
Trd, 8638925.479, 100
Trd, 8638925.879, 100
Trd, 8638925.979, 99
Trd, 8638926.679, 98
Trd, 8638926.779, 96
Trd, 8638927.712, 83
Trd, 8638927.779, 75
Trd, 8638928.079, 81
Trd, 8638929.479, 92
Trd, 8638929.946, 72
Trd, 8638930.079, 91
Trd, 8638930.346, 65
Trd, 8638930.712, 61
Trd, 8638931.446, 65
Trd, 8638931.512, 61
Trd, 8638931.646, 61
Trd, 8638932.879, 83
Trd, 8638933.279, 99
Trd, 8638933.512, 73
Trd, 8638933.979, 74
Trd, 8638934.346, 111
Trd, 8638934.379, 109
Trd, 8638934.779, 134
Trd, 8638934.946, 115
Trd, 8638935.012, 108
Trd, 8638935.079, 90
Trd, 8638935.879, 112
Trd, 8638936.679, 114
Trd, 8638937.179, 132
Trd, 8638937.412, 78
Trd, 8638937.646, 127
Trd, 8638938.979, 117
Trd, 8638939.246, 116
Trd, 8638939.379, 114
Trd, 8638939.879, 92
Trd, 8638940.212, 120
Trd, 8638940.446, 96
Trd, 8638940.679, 81
Trd, 8638940.712, 99
Trd, 8638940.979, 102
Trd, 8638942.246, 116
Trd, 8638942.379, 91
Trd, 8638942.446, 81
Trd, 8638943.412, 116
Trd, 8638943.746, 84
Trd, 8638944.312, 113
Trd, 8638944.646, 95
Trd, 8638944.679, 94
Trd, 8638945.679, 83
Trd, 8638945.746, 84
Trd, 8638945.946, 134
Trd, 8638946.146, 126
Trd, 8638946.346, 96
Trd, 8638946.912, 74
Trd, 8638948.079, 66
Trd, 8638948.912, 60
Trd, 8638948.979, 61
Trd, 8638949.512, 69
Trd, 8638950.079, 73
Trd, 8638950.246, 96
Trd, 8638950.846, 99
Trd, 8638951.179, 82
Trd, 8638951.646, 124
Trd, 8638951.679, 82
Trd, 8638951.712, 78
Trd, 8638952.612, 76
Trd, 8638952.779, 112
Trd, 8638953.112, 74
Trd, 8638953.412, 74
Trd, 8638953.512, 82
Trd, 8638954.179, 77
Trd, 8638954.346, 84
Trd, 8638954.846, 77
Trd, 8638955.679, 109
Trd, 8638956.512, 111
Trd, 8638957.146, 106
Trd, 8638957.379, 87
Trd, 8638958.312, 125
Trd, 8638958.579, 93
Trd, 8638958.612, 89
Trd, 8638959.012, 64
Trd, 8638959.612, 64
Trd, 8638960.212, 73
Trd, 8638961.079, 67
Trd, 8638961.646, 69
Trd, 8638961.812, 67
Trd, 8638962.079, 86
Trd, 8638962.146, 75
Trd, 8638962.546, 65
Trd, 8638963.446, 78
Trd, 8638964.079, 109
Trd, 8638965.279, 83
Trd, 8638965.679, 120
Trd, 8638965.812, 118
Trd, 8638965.879, 109
Trd, 8638966.012, 102
Trd, 8638966.712, 83
Trd, 8638967.346, 92
Trd, 8638967.646, 92
Trd, 8638967.746, 111
Trd, 8638967.779, 90
Trd, 8638967.846, 134
Trd, 8638968.312, 106
Trd, 8638969.279, 101
Trd, 8638969.379, 96
Trd, 8638969.412, 95
Trd, 8638969.512, 87
Trd, 8638970.812, 61
Trd, 8638971.079, 101
Trd, 8638972.112, 117
Trd, 8638972.546, 111
Trd, 8638972.679, 110
Trd, 8638972.912, 86
Trd, 8638973.679, 109
Trd, 8638974.379, 105
Trd, 8638974.912, 107
Trd, 8638976.646, 121
Trd, 8638976.712, 119
Trd, 8638976.746, 118
Trd, 8638976.846, 81
Trd, 8638977.112, 75
Trd, 8638977.279, 69
Trd, 8638977.912, 62
Trd, 8638978.412, 62
Trd, 8638979.712, 78
Trd, 8638981.046, 62
Trd, 8638981.879, 64
Trd, 8638982.112, 68
Trd, 8638982.279, 69
Trd, 8638982.946, 63
Trd, 8638983.179, 64
Trd, 8638983.679, 84
Trd, 8638983.712, 64
Trd, 8638983.879, 113
Trd, 8638984.112, 94
Trd, 8638984.412, 83
Trd, 8638984.612, 134
Trd, 8638984.979, 66
Trd, 8638985.279, 66
Trd, 8638985.746, 97
Trd, 8638986.379, 70
Trd, 8638986.646, 73
Trd, 8638987.679, 85
Trd, 8638988.212, 105
Trd, 8638988.312, 123
Trd, 8638988.379, 84
Trd, 8638988.546, 83
Trd, 8638989.479, 119
Trd, 8638989.712, 101
Trd, 8638989.846, 86
Trd, 8638990.812, 65
Trd, 8638991.546, 65
Trd, 8638991.912, 61
Trd, 8638992.612, 69
Trd, 8638993.012, 65
Trd, 8638993.612, 64
Trd, 8638994.512, 68
Trd, 8638994.946, 84
Trd, 8638995.279, 100
Trd, 8638995.312, 99
Trd, 8638995.712, 103
Trd, 8638995.912, 98
Trd, 8638996.512, 72
Trd, 8638997.112, 71
Trd, 8638997.612, 71
Trd, 8638998.112, 95
Trd, 8638998.346, 81
Trd, 8638998.412, 99
Trd, 8638998.879, 76
Trd, 8638999.712, 61
Trd, 8639000.112, 62
Trd, 8639000.379, 62
Trd, 8639000.812, 99
Trd, 8639000.879, 71
Trd, 8639001.412, 102
Trd, 8639001.846, 72
Trd, 8639002.579, 69
Trd, 8639003.079, 101
Trd, 8639004.479, 64
Trd, 8639004.679, 63
Trd, 8639005.946, 62
Trd, 8639006.079, 64
Trd, 8639006.112, 66
Trd, 8639006.279, 73
Trd, 8639006.612, 64
Trd, 8639007.012, 90
Trd, 8639007.046, 89
Trd, 8639007.579, 73
Trd, 8639007.812, 73
Trd, 8639008.146, 86
Trd, 8639008.346, 72
Trd, 8639008.912, 91
Trd, 8639009.046, 126
Trd, 8639010.612, 65
Trd, 8639010.846, 68
Trd, 8639010.946, 71
Trd, 8639011.412, 84
Trd, 8639011.812, 67
Trd, 8639012.346, 97
Trd, 8639012.379, 96
Trd, 8639012.779, 65
Trd, 8639012.912, 79
Trd, 8639013.446, 61
Trd, 8639013.912, 62
Trd, 8639014.679, 69
Trd, 8639014.879, 87
Trd, 8639014.979, 62
Trd, 8639015.679, 122
Trd, 8639015.812, 121
Trd, 8639016.079, 84
Trd, 8639016.546, 68
Trd, 8639016.779, 135
Trd, 8639017.812, 60
Trd, 8639019.246, 128
Trd, 8639019.746, 127
Trd, 8639019.846, 124
Trd, 8639019.979, 123
Trd, 8639020.079, 103
Trd, 8639020.112, 102
Trd, 8639020.712, 83
Trd, 8639021.046, 111
Trd, 8639021.746, 110
Trd, 8639022.079, 109
Trd, 8639023.279, 93
Trd, 8639023.779, 129
Trd, 8639024.046, 128
Trd, 8639024.412, 128
Trd, 8639024.546, 128
Trd, 8639025.312, 125
Trd, 8639026.046, 134
Trd, 8639026.079, 133
Trd, 8639026.846, 72
Trd, 8639027.012, 74
Trd, 8639027.579, 120
Trd, 8639028.112, 88
Trd, 8639028.312, 88
Trd, 8639028.412, 84
Trd, 8639028.712, 92
Trd, 8639028.846, 63
Trd, 8639030.179, 139
Trd, 8639030.279, 99
Trd, 8639030.846, 129
Trd, 8639030.879, 128
Trd, 8639031.412, 122
Trd, 8639031.646, 105
Trd, 8639033.346, 84
Trd, 8639033.379, 80
Trd, 8639033.712, 124
Trd, 8639034.446, 113
Trd, 8639034.479, 89
Trd, 8639035.046, 87
Trd, 8639035.146, 96
Trd, 8639035.612, 89
Trd, 8639036.146, 87
Trd, 8639036.812, 108
Trd, 8639037.012, 88
Trd, 8639037.112, 102
Trd, 8639037.412, 89
Trd, 8639038.112, 124
Trd, 8639038.346, 114
Trd, 8639038.479, 85
Trd, 8639039.012, 71
Trd, 8639039.079, 65
Trd, 8639039.446, 78
Trd, 8639039.546, 66
Trd, 8639040.012, 82
Trd, 8639040.679, 104
Trd, 8639041.679, 86
Trd, 8639041.712, 85
Trd, 8639041.846, 110
Trd, 8639041.879, 81
Trd, 8639042.812, 74
Trd, 8639043.612, 126
Trd, 8639043.679, 89
Trd, 8639043.812, 88
Trd, 8639043.846, 72
Trd, 8639045.312, 134
Trd, 8639045.712, 121
Trd, 8639046.146, 127
Trd, 8639046.179, 120
Trd, 8639046.312, 111
Trd, 8639047.379, 119
Trd, 8639047.646, 116
Trd, 8639048.046, 117
Trd, 8639048.146, 91
Trd, 8639049.179, 73
Trd, 8639049.979, 87
Trd, 8639050.012, 81
Trd, 8639050.246, 93
Trd, 8639051.046, 112
Trd, 8639051.312, 106
Trd, 8639051.379, 90
Trd, 8639051.746, 85
Trd, 8639051.879, 100
Trd, 8639052.346, 118
Trd, 8639052.379, 90
Trd, 8639052.446, 82
Trd, 8639052.946, 104
Trd, 8639053.612, 94
Trd, 8639054.546, 135
Trd, 8639054.912, 122
Trd, 8639055.546, 101
Trd, 8639056.179, 126
Trd, 8639056.346, 98
Trd, 8639056.379, 106
Trd, 8639056.846, 89
Trd, 8639057.212, 123
Trd, 8639057.579, 84
Trd, 8639057.812, 74
Trd, 8639058.179, 62
Trd, 8639058.746, 95
Trd, 8639059.246, 93
Trd, 8639059.812, 104
Trd, 8639061.279, 62
Trd, 8639061.679, 60
Trd, 8639062.046, 70
Trd, 8639062.112, 129
Trd, 8639062.646, 71
Trd, 8639062.712, 70
Trd, 8639062.846, 68
Trd, 8639063.146, 76
Trd, 8639063.346, 111
Trd, 8639063.779, 117
Trd, 8639064.012, 113
Trd, 8639064.512, 111
Trd, 8639064.679, 103
Trd, 8639065.046, 80
Trd, 8639065.479, 69
Trd, 8639065.779, 62
Trd, 8639066.879, 100
Trd, 8639067.212, 82
Trd, 8639067.412, 82
Trd, 8639067.546, 94
Trd, 8639067.646, 80
Trd, 8639068.246, 73
Trd, 8639068.712, 64
Trd, 8639070.712, 62
Trd, 8639070.746, 69
Trd, 8639070.779, 82
Trd, 8639071.346, 120
Trd, 8639071.646, 83
Trd, 8639072.612, 98
Trd, 8639072.646, 78
Trd, 8639072.779, 77
Trd, 8639074.546, 61
Trd, 8639074.746, 68
Trd, 8639075.446, 73
Trd, 8639075.846, 83
Trd, 8639076.212, 127
Trd, 8639076.446, 119
Trd, 8639076.512, 112
Trd, 8639077.246, 111
Trd, 8639077.379, 110
Trd, 8639077.412, 109
Trd, 8639077.912, 109
Trd, 8639078.312, 78
Trd, 8639078.612, 115
Trd, 8639079.412, 71
Trd, 8639079.912, 63
Trd, 8639080.112, 69
Trd, 8639080.746, 67
Trd, 8639081.146, 89
Trd, 8639081.279, 93
Trd, 8639082.246, 84
Trd, 8639082.779, 85
Trd, 8639082.879, 84
Trd, 8639082.912, 83
Trd, 8639083.212, 93
Trd, 8639083.779, 104
Trd, 8639083.846, 80
Trd, 8639084.812, 122
Trd, 8639084.879, 98
Trd, 8639085.079, 124
Trd, 8639085.146, 73
Trd, 8639086.079, 101
Trd, 8639086.346, 102
Trd, 8639087.379, 131
Trd, 8639087.512, 130
Trd, 8639087.646, 128
Trd, 8639087.679, 107
Trd, 8639088.346, 107
Trd, 8639088.646, 118
Trd, 8639088.912, 98
Trd, 8639088.979, 97
Trd, 8639089.979, 76
Trd, 8639090.346, 115
Trd, 8639091.346, 115
Trd, 8639091.846, 112
Trd, 8639091.912, 116
Trd, 8639091.979, 103
Trd, 8639092.379, 85
Trd, 8639092.846, 84
Trd, 8639093.179, 91
Trd, 8639093.579, 73
Trd, 8639094.412, 98
Trd, 8639095.746, 107
Trd, 8639095.946, 106
Trd, 8639096.279, 105
Trd, 8639096.546, 99
Trd, 8639096.979, 98
Trd, 8639097.079, 101
Trd, 8639097.346, 114
Trd, 8639097.646, 113
Trd, 8639097.679, 85
Trd, 8639097.712, 73
Trd, 8639098.079, 66
Trd, 8639098.712, 68
Trd, 8639098.779, 67
Trd, 8639098.979, 73
Trd, 8639099.479, 110
Trd, 8639101.179, 136
Trd, 8639101.512, 133
Trd, 8639101.646, 129
Trd, 8639101.712, 108
Trd, 8639101.879, 95
Trd, 8639102.646, 130
Trd, 8639102.746, 124
Trd, 8639103.012, 111
Trd, 8639103.046, 103
Trd, 8639103.579, 134
Trd, 8639104.446, 134
Trd, 8639104.579, 123
Trd, 8639105.012, 93
Trd, 8639105.312, 88
Trd, 8639105.346, 85
Trd, 8639107.312, 94
Trd, 8639107.846, 81
Trd, 8639108.312, 120
Trd, 8639108.446, 114
Trd, 8639108.479, 111
Trd, 8639108.512, 73
Trd, 8639108.946, 113
Trd, 8639109.212, 70
Trd, 8639109.946, 105
Trd, 8639111.146, 120
Trd, 8639111.546, 117
Trd, 8639111.746, 133
Trd, 8639112.146, 111
Trd, 8639112.546, 65
Trd, 8639112.912, 100
Trd, 8639112.979, 124
Trd, 8639113.012, 83
Trd, 8639114.446, 116
Trd, 8639114.646, 95
Trd, 8639114.946, 98
Trd, 8639115.179, 67
Trd, 8639115.579, 77
Trd, 8639115.846, 93
Trd, 8639116.046, 89
Trd, 8639117.012, 70
Trd, 8639117.479, 71
Trd, 8639118.346, 91
Trd, 8639118.446, 78
Trd, 8639118.612, 90
Trd, 8639119.279, 113
Trd, 8639119.512, 95
Trd, 8639120.146, 94
Trd, 8639120.412, 80
Trd, 8639121.146, 134
Trd, 8639121.479, 101
Trd, 8639122.179, 93
Trd, 8639122.346, 86
Trd, 8639122.379, 83
Trd, 8639123.312, 76
Trd, 8639123.712, 78
Trd, 8639124.646, 64
Trd, 8639124.946, 116
Trd, 8639125.646, 104
Trd, 8639125.846, 103
Trd, 8639126.212, 101
Trd, 8639126.479, 82
Trd, 8639126.779, 72
Trd, 8639126.846, 66
Trd, 8639127.379, 64
Trd, 8639127.679, 107
Trd, 8639128.712, 61
Trd, 8639129.346, 62
Trd, 8639130.979, 61
Trd, 8639131.046, 63
Trd, 8639131.112, 64
Trd, 8639131.646, 64
Trd, 8639132.712, 60
Trd, 8639132.979, 68
Trd, 8639133.279, 69
Trd, 8639133.512, 60
Trd, 8639134.479, 67
Trd, 8639134.812, 62
Trd, 8639134.979, 62
Trd, 8639135.012, 95
Trd, 8639135.379, 87
Trd, 8639136.079, 78
Trd, 8639136.746, 80
Trd, 8639137.212, 97
Trd, 8639137.679, 82
Trd, 8639137.946, 97
Trd, 8639138.079, 108
Trd, 8639138.546, 126
Trd, 8639139.179, 127
Trd, 8639139.212, 126
Trd, 8639139.512, 123
Trd, 8639139.779, 111
Trd, 8639139.979, 110
Trd, 8639141.812, 99
Trd, 8639141.912, 124
Trd, 8639142.512, 128
Trd, 8639142.812, 104
Trd, 8639142.846, 103
Trd, 8639143.212, 93
Trd, 8639143.279, 92
Trd, 8639144.212, 72
Trd, 8639144.979, 72
Trd, 8639145.112, 72
Trd, 8639145.246, 64
Trd, 8639145.479, 68
Trd, 8639146.346, 93
Trd, 8639146.679, 75
Trd, 8639147.379, 65
Trd, 8639147.712, 65
Trd, 8639147.879, 64
Trd, 8639147.979, 66
Trd, 8639148.346, 62
Trd, 8639148.446, 132
Trd, 8639148.879, 74
Trd, 8639149.546, 74
Trd, 8639150.312, 85
Trd, 8639151.146, 98
Trd, 8639151.546, 88
Trd, 8639151.579, 87
Trd, 8639151.979, 67
Trd, 8639152.146, 97
Trd, 8639152.246, 63
Trd, 8639152.346, 106
Trd, 8639153.179, 116
Trd, 8639154.746, 63
Trd, 8639155.946, 66
Trd, 8639156.612, 79
Trd, 8639156.846, 77
Trd, 8639157.312, 73
Trd, 8639157.612, 65
Trd, 8639157.679, 86
Trd, 8639157.779, 111
Trd, 8639158.246, 80
Trd, 8639158.312, 119
Trd, 8639158.512, 76
Trd, 8639158.779, 84
Trd, 8639159.046, 130
Trd, 8639160.712, 68
Trd, 8639161.512, 64
Trd, 8639162.212, 94
Trd, 8639162.479, 76
Trd, 8639162.879, 97
Trd, 8639162.946, 113
Trd, 8639163.046, 86
Trd, 8639163.146, 86
Trd, 8639163.279, 87
Trd, 8639163.346, 108
Trd, 8639164.446, 100
Trd, 8639165.046, 98
Trd, 8639165.412, 130
Trd, 8639165.479, 85
Trd, 8639165.646, 81
Trd, 8639165.779, 104
Trd, 8639166.279, 81
Trd, 8639167.879, 100
Trd, 8639168.212, 75
Trd, 8639168.779, 62
Trd, 8639168.979, 64
Trd, 8639169.546, 62
Trd, 8639169.712, 70
Trd, 8639169.846, 88
Trd, 8639171.546, 110
Trd, 8639171.912, 87
Trd, 8639171.979, 85
Trd, 8639172.046, 98
Trd, 8639172.246, 85
Trd, 8639172.312, 78
Trd, 8639172.912, 113
Trd, 8639174.446, 81
Trd, 8639175.912, 127
Trd, 8639176.112, 127
Trd, 8639176.146, 126
Trd, 8639176.246, 123
Trd, 8639176.546, 116
Trd, 8639177.412, 109
Trd, 8639177.579, 108
Trd, 8639177.646, 91
Trd, 8639178.212, 69
Trd, 8639179.379, 68
Trd, 8639179.446, 60
Trd, 8639180.479, 60
Trd, 8639180.579, 64
Trd, 8639181.212, 66
Trd, 8639181.446, 70
Trd, 8639182.512, 103
Trd, 8639182.646, 123
Trd, 8639182.712, 125
Trd, 8639182.779, 80
Trd, 8639183.546, 89
Trd, 8639184.079, 87
Trd, 8639185.112, 88
Trd, 8639185.412, 90
Trd, 8639185.779, 87
Trd, 8639186.012, 84
Trd, 8639187.046, 101
Trd, 8639187.079, 86
Trd, 8639187.512, 85
Trd, 8639187.779, 73
Trd, 8639188.379, 130
Trd, 8639189.046, 122
Trd, 8639189.179, 101
Trd, 8639189.379, 100
Trd, 8639189.479, 96
Trd, 8639189.779, 72
Trd, 8639190.812, 92
Trd, 8639191.412, 104
Trd, 8639192.512, 114
Trd, 8639192.746, 63
Trd, 8639193.146, 113
Trd, 8639193.379, 114
Trd, 8639193.479, 83
Trd, 8639193.512, 82
Trd, 8639194.146, 118
Trd, 8639194.346, 118
Trd, 8639196.079, 61
Trd, 8639196.112, 71
Trd, 8639196.446, 115
Trd, 8639196.812, 98
Trd, 8639197.279, 95
Trd, 8639197.346, 92
Trd, 8639197.546, 99
Trd, 8639198.212, 82
Trd, 8639198.746, 110
Trd, 8639198.879, 83
Trd, 8639199.746, 132
Trd, 8639200.812, 130
Trd, 8639201.212, 129
Trd, 8639201.246, 117
Trd, 8639201.279, 116
Trd, 8639202.179, 109
Trd, 8639202.212, 100
Trd, 8639202.546, 104
Trd, 8639203.179, 136
Trd, 8639203.379, 128
Trd, 8639203.446, 127
Trd, 8639203.879, 126
Trd, 8639203.946, 125
Trd, 8639204.679, 109
Trd, 8639205.112, 99
Trd, 8639205.279, 96
Trd, 8639206.112, 81
Trd, 8639207.046, 120
Trd, 8639207.312, 124
Trd, 8639207.712, 117
Trd, 8639208.579, 107
Trd, 8639208.612, 106
Trd, 8639209.112, 85
Trd, 8639209.379, 91
Trd, 8639209.512, 90
Trd, 8639209.579, 116
Trd, 8639210.846, 93
Trd, 8639211.079, 82
Trd, 8639211.246, 81
Trd, 8639211.512, 78
Trd, 8639212.846, 121
Trd, 8639213.612, 103
Trd, 8639213.812, 99
Trd, 8639214.412, 112
Trd, 8639214.779, 111
Trd, 8639214.846, 107
Trd, 8639214.946, 89
Trd, 8639215.112, 81
Trd, 8639215.979, 83
Trd, 8639216.246, 82
Trd, 8639216.279, 73
Trd, 8639216.779, 63
Trd, 8639217.446, 83
Trd, 8639217.812, 70
Trd, 8639218.079, 124
Trd, 8639218.579, 135
Trd, 8639219.146, 135
Trd, 8639219.546, 132
Trd, 8639219.579, 107
Trd, 8639219.746, 138
Trd, 8639220.146, 129
Trd, 8639220.812, 128
Trd, 8639220.979, 126
Trd, 8639221.846, 131
Trd, 8639222.246, 119
Trd, 8639223.612, 116
Trd, 8639224.046, 113
Trd, 8639224.112, 105
Trd, 8639224.179, 102
Trd, 8639224.512, 98
Trd, 8639224.779, 97
Trd, 8639224.812, 84
Trd, 8639225.412, 118
Trd, 8639226.046, 105
Trd, 8639226.679, 94
Trd, 8639226.912, 91
Trd, 8639228.079, 63
Trd, 8639228.246, 89
Trd, 8639229.012, 87
Trd, 8639229.512, 127
Trd, 8639230.046, 126
Trd, 8639230.946, 118
Trd, 8639231.179, 118
Trd, 8639231.412, 117
Trd, 8639231.646, 117
Trd, 8639232.446, 80
Trd, 8639233.346, 112
Trd, 8639233.446, 65
Trd, 8639233.746, 109
Trd, 8639234.612, 112
Trd, 8639234.779, 94
Trd, 8639234.979, 89
Trd, 8639235.446, 72
Trd, 8639236.112, 61
Trd, 8639236.779, 73
Trd, 8639237.046, 129
Trd, 8639237.646, 139
Trd, 8639238.179, 129
Trd, 8639238.412, 132
Trd, 8639238.479, 129
Trd, 8639238.546, 105
Trd, 8639238.646, 118
Trd, 8639239.779, 119
Trd, 8639240.012, 108
Trd, 8639240.212, 86
Trd, 8639240.912, 78
Trd, 8639241.012, 76
Trd, 8639241.146, 108
Trd, 8639241.946, 86
Trd, 8639242.579, 104
Trd, 8639242.712, 104
Trd, 8639242.846, 103
Trd, 8639243.346, 101
Trd, 8639243.546, 90
Trd, 8639243.646, 73
Trd, 8639244.179, 119
Trd, 8639244.412, 72
Trd, 8639244.746, 75
Trd, 8639245.046, 63
Trd, 8639246.646, 73
Trd, 8639246.912, 116
Trd, 8639246.979, 130
Trd, 8639247.246, 115
Trd, 8639247.379, 118
Trd, 8639247.546, 112
Trd, 8639248.446, 60
Trd, 8639248.879, 63
Trd, 8639249.046, 100
Trd, 8639249.346, 60
Trd, 8639249.512, 61
Trd, 8639250.479, 111
Trd, 8639251.046, 130
Trd, 8639252.012, 125
Trd, 8639252.246, 114
Trd, 8639252.912, 104
Trd, 8639253.312, 94
Trd, 8639253.546, 98
Trd, 8639253.646, 86
Trd, 8639253.912, 108
Trd, 8639254.212, 87
Trd, 8639254.746, 85
Trd, 8639254.912, 68
Trd, 8639255.079, 105
Trd, 8639255.479, 98
Trd, 8639256.512, 102
Trd, 8639256.879, 119
Trd, 8639257.179, 83
Trd, 8639258.346, 121
Trd, 8639258.546, 107
Trd, 8639259.379, 106
Trd, 8639259.446, 104
Trd, 8639259.479, 104
Trd, 8639260.112, 110
Trd, 8639260.712, 136
Trd, 8639261.012, 104
Trd, 8639261.512, 89
Trd, 8639261.712, 81
Trd, 8639262.546, 86
Trd, 8639263.112, 81
Trd, 8639263.146, 79
Trd, 8639263.346, 98
Trd, 8639263.679, 106
Trd, 8639264.112, 138
Trd, 8639264.512, 122
Trd, 8639265.212, 103
Trd, 8639265.312, 100
Trd, 8639265.612, 91
Trd, 8639265.812, 90
Trd, 8639265.912, 87
Trd, 8639266.579, 103
Trd, 8639267.479, 74
Trd, 8639267.512, 68
Trd, 8639267.612, 92
Trd, 8639268.179, 85
Trd, 8639268.379, 84
Trd, 8639269.746, 127
Trd, 8639270.246, 104
Trd, 8639271.079, 95
Trd, 8639271.179, 108
Trd, 8639272.346, 104
Trd, 8639272.712, 87
Trd, 8639272.746, 87
Trd, 8639273.212, 104
Trd, 8639273.246, 70
Trd, 8639273.379, 107
Trd, 8639274.512, 68
Trd, 8639275.112, 71
Trd, 8639275.179, 60
Trd, 8639275.812, 80
Trd, 8639275.912, 72
Trd, 8639277.079, 117
Trd, 8639277.146, 116
Trd, 8639277.212, 105
Trd, 8639278.479, 92
Trd, 8639279.246, 136
Trd, 8639279.879, 135
Trd, 8639279.912, 131
Trd, 8639280.746, 125
Trd, 8639280.879, 123
Trd, 8639281.246, 110
Trd, 8639281.746, 129
Trd, 8639281.979, 128
Trd, 8639282.379, 94
Trd, 8639282.646, 93
Trd, 8639282.779, 87
Trd, 8639283.346, 65
Trd, 8639283.679, 60
Trd, 8639283.979, 65
Trd, 8639284.246, 86
Trd, 8639285.479, 87
Trd, 8639285.779, 114
Trd, 8639286.246, 75
Trd, 8639286.379, 74
Trd, 8639287.046, 126
Trd, 8639287.312, 76
Trd, 8639287.946, 97
Trd, 8639288.579, 86
Trd, 8639290.312, 118
Trd, 8639290.579, 91
Trd, 8639290.879, 91
Trd, 8639290.912, 92
Trd, 8639291.612, 90
Trd, 8639291.779, 92
Trd, 8639291.946, 69
Trd, 8639292.412, 60
Trd, 8639292.646, 60
Trd, 8639293.012, 61
Trd, 8639293.346, 62
Trd, 8639294.712, 61
Trd, 8639294.779, 93
Trd, 8639295.146, 103
Trd, 8639296.079, 132
Trd, 8639296.446, 108
Trd, 8639296.646, 90
Trd, 8639296.946, 137
Trd, 8639296.979, 88
Trd, 8639298.279, 96
Trd, 8639299.046, 88
Trd, 8639299.712, 90
Trd, 8639299.746, 88
Trd, 8639300.179, 67
Trd, 8639300.312, 61
Trd, 8639300.412, 93
Trd, 8639301.279, 62
Trd, 8639301.346, 62
Trd, 8639301.546, 83
Trd, 8639302.212, 67
Trd, 8639302.346, 73
Trd, 8639302.412, 85
Trd, 8639303.512, 71
Trd, 8639304.112, 67
Trd, 8639304.179, 100
Trd, 8639305.179, 102
Trd, 8639305.579, 68
Trd, 8639305.812, 101
Trd, 8639306.879, 64
Trd, 8639307.312, 60
Trd, 8639307.579, 64
Trd, 8639308.012, 62
Trd, 8639308.479, 64
Trd, 8639308.679, 60
Trd, 8639308.846, 117
Trd, 8639309.779, 91
Trd, 8639309.912, 90
Trd, 8639309.979, 88
Trd, 8639310.746, 68
Trd, 8639312.012, 130
Trd, 8639312.279, 128
Trd, 8639312.412, 125
Trd, 8639312.579, 119
Trd, 8639312.612, 118
Trd, 8639313.046, 85
Trd, 8639313.179, 75
Trd, 8639313.679, 75
Trd, 8639313.712, 74
Trd, 8639314.579, 90
Trd, 8639315.212, 128
Trd, 8639315.746, 115
Trd, 8639316.046, 91
Trd, 8639316.146, 86
Trd, 8639317.379, 86
Trd, 8639317.646, 121
Trd, 8639317.812, 97
Trd, 8639318.212, 96
Trd, 8639319.246, 65
Trd, 8639319.379, 65
Trd, 8639319.812, 72
Trd, 8639320.912, 112
Trd, 8639321.112, 110
Trd, 8639321.379, 82
Trd, 8639321.546, 108
Trd, 8639321.712, 81
Trd, 8639322.046, 99
Trd, 8639322.612, 84
Trd, 8639324.346, 119
Trd, 8639324.612, 97
Trd, 8639324.712, 97
Trd, 8639325.379, 89
Trd, 8639325.779, 89
Trd, 8639325.946, 81
Trd, 8639326.212, 92
Trd, 8639326.812, 93
Trd, 8639327.079, 74
Trd, 8639327.912, 63
Trd, 8639327.946, 81
Trd, 8639329.879, 60
Trd, 8639330.112, 60
Trd, 8639330.146, 63
Trd, 8639330.346, 68
Trd, 8639330.646, 95
Trd, 8639330.779, 78
Trd, 8639331.079, 63
Trd, 8639332.246, 110
Trd, 8639333.212, 100
Trd, 8639333.446, 73
Trd, 8639333.712, 99
Trd, 8639334.146, 73
Trd, 8639334.279, 101
Trd, 8639334.346, 72
Trd, 8639334.846, 73
Trd, 8639335.012, 72
Trd, 8639335.612, 103
Trd, 8639335.646, 94
Trd, 8639336.846, 93
Trd, 8639337.046, 92
Trd, 8639337.412, 68
Trd, 8639337.446, 88
Trd, 8639337.846, 71
Trd, 8639338.312, 60
Trd, 8639339.446, 103
Trd, 8639339.612, 102
Trd, 8639339.879, 67
Trd, 8639340.512, 62
Trd, 8639341.046, 79
Trd, 8639341.612, 106
Trd, 8639341.712, 116
Trd, 8639342.012, 102
Trd, 8639342.412, 116
Trd, 8639342.446, 86
Trd, 8639343.646, 70
Trd, 8639344.112, 75
Trd, 8639344.179, 79
Trd, 8639344.246, 69
Trd, 8639344.946, 122
Trd, 8639345.079, 80
Trd, 8639345.812, 89
Trd, 8639346.279, 67
Trd, 8639346.912, 75
Trd, 8639347.446, 81
Trd, 8639348.779, 134
Trd, 8639349.379, 135
Trd, 8639350.012, 138
Trd, 8639350.346, 129
Trd, 8639350.479, 127
Trd, 8639350.612, 123
Trd, 8639350.946, 118
Trd, 8639351.246, 110
Trd, 8639351.912, 106
Trd, 8639352.546, 73
Trd, 8639352.946, 78
Trd, 8639353.479, 116
Trd, 8639353.679, 111
Trd, 8639353.979, 69
Trd, 8639354.012, 112
Trd, 8639354.546, 101
Trd, 8639354.746, 78
Trd, 8639355.479, 75
Trd, 8639355.512, 73
Trd, 8639356.246, 134
Trd, 8639357.179, 124
Trd, 8639357.546, 123
Trd, 8639358.312, 117
Trd, 8639358.546, 116
Trd, 8639358.646, 113
Trd, 8639358.779, 103
Trd, 8639359.446, 120
Trd, 8639359.746, 131
Trd, 8639359.979, 119
Trd, 8639360.379, 65
Trd, 8639361.212, 99
Trd, 8639361.512, 89
Trd, 8639362.212, 105
Trd, 8639362.312, 101
Trd, 8639362.712, 100
Trd, 8639362.746, 99
Trd, 8639362.879, 74
Trd, 8639364.546, 78
Trd, 8639364.646, 94
Trd, 8639364.712, 69
Trd, 8639365.079, 61
Trd, 8639365.446, 74
Trd, 8639366.012, 86
Trd, 8639366.879, 87
Trd, 8639367.046, 98
Trd, 8639367.512, 86
Trd, 8639367.912, 129
Trd, 8639368.446, 108
Trd, 8639368.912, 120
Trd, 8639369.146, 137
Trd, 8639370.012, 119
Trd, 8639370.912, 115
Trd, 8639371.879, 110
Trd, 8639372.012, 116
Trd, 8639372.246, 104
Trd, 8639372.412, 104
Trd, 8639372.679, 96
Trd, 8639373.546, 118
Trd, 8639373.579, 117
Trd, 8639373.812, 103
Trd, 8639374.846, 123
Trd, 8639375.012, 117
Trd, 8639375.746, 94
Trd, 8639376.879, 99
Trd, 8639377.012, 107
Trd, 8639377.079, 89
Trd, 8639377.646, 85
Trd, 8639378.912, 84
Trd, 8639379.179, 82
Trd, 8639379.312, 79
Trd, 8639380.546, 113
Trd, 8639380.579, 102
Trd, 8639380.746, 94
Trd, 8639380.912, 66
Trd, 8639382.046, 72
Trd, 8639382.179, 75
Trd, 8639382.812, 70
Trd, 8639383.446, 134
Trd, 8639383.612, 133
Trd, 8639383.912, 130
Trd, 8639384.379, 132
Trd, 8639384.479, 103
Trd, 8639385.346, 109
Trd, 8639386.012, 119
Trd, 8639386.079, 120
Trd, 8639386.879, 115
Trd, 8639386.946, 110
Trd, 8639387.179, 108
Trd, 8639387.279, 102
Trd, 8639387.346, 100
Trd, 8639388.512, 107
Trd, 8639388.746, 106
Trd, 8639389.212, 111
Trd, 8639389.712, 110
Trd, 8639390.146, 139
Trd, 8639390.579, 125
Trd, 8639390.612, 111
Trd, 8639390.779, 83
Trd, 8639391.446, 112
Trd, 8639392.079, 126
Trd, 8639392.512, 64
Trd, 8639392.746, 96
Trd, 8639392.912, 127
Trd, 8639393.712, 102
Trd, 8639393.846, 101
Trd, 8639394.412, 127
Trd, 8639395.112, 129
Trd, 8639396.046, 92
Trd, 8639396.079, 90
Trd, 8639396.479, 101
Trd, 8639396.512, 87
Trd, 8639396.979, 84
Trd, 8639397.646, 72
Trd, 8639397.846, 88
Trd, 8639398.746, 64
Trd, 8639399.579, 63
Trd, 8639400.479, 62
Trd, 8639401.146, 64
Trd, 8639401.479, 61
Trd, 8639401.779, 67
Trd, 8639402.512, 100
Trd, 8639402.679, 86
Trd, 8639402.779, 101
Trd, 8639402.812, 82
Trd, 8639402.979, 76
Trd, 8639403.612, 63
Trd, 8639404.146, 68
Trd, 8639404.346, 61
Trd, 8639405.212, 65
Trd, 8639405.812, 113
Trd, 8639406.279, 85
Trd, 8639406.746, 74
Trd, 8639406.979, 90
Trd, 8639407.112, 80
Trd, 8639407.579, 101
Trd, 8639407.746, 100
Trd, 8639408.412, 132
Trd, 8639408.712, 121
Trd, 8639408.746, 118
Trd, 8639409.079, 66
Trd, 8639409.646, 64
Trd, 8639410.312, 63
Trd, 8639411.646, 63
Trd, 8639411.779, 68
Trd, 8639412.279, 77
Trd, 8639412.912, 74
Trd, 8639413.879, 94
Trd, 8639414.512, 106
Trd, 8639414.712, 86
Trd, 8639414.779, 71
Trd, 8639415.246, 71
Trd, 8639415.412, 114
Trd, 8639416.046, 117
Trd, 8639416.379, 125
Trd, 8639416.779, 111
Trd, 8639416.912, 108
Trd, 8639417.179, 105
Trd, 8639417.946, 113
Trd, 8639418.079, 101
Trd, 8639418.346, 114
Trd, 8639418.979, 86
Trd, 8639419.279, 117
Trd, 8639419.646, 84
Trd, 8639419.712, 91
Trd, 8639420.346, 103
Trd, 8639420.812, 101
Trd, 8639420.912, 107
Trd, 8639421.112, 112
Trd, 8639421.746, 110
Trd, 8639422.812, 134
Trd, 8639423.612, 125
Trd, 8639423.946, 136
Trd, 8639424.179, 125
Trd, 8639425.212, 128
Trd, 8639425.246, 112
Trd, 8639425.846, 111
Trd, 8639426.512, 96
Trd, 8639426.646, 108
Trd, 8639426.679, 84
Trd, 8639426.946, 84
Trd, 8639427.379, 101
Trd, 8639428.579, 133
Trd, 8639428.712, 110
Trd, 8639429.612, 126
Trd, 8639429.812, 125
Trd, 8639429.879, 122
Trd, 8639430.812, 114
Trd, 8639431.579, 119
Trd, 8639431.779, 114
Trd, 8639431.946, 113
Trd, 8639432.179, 97
Trd, 8639432.812, 125
Trd, 8639433.212, 124
Trd, 8639433.246, 103
Trd, 8639433.379, 86
Trd, 8639433.812, 86
Trd, 8639434.312, 60
Trd, 8639434.646, 60
Trd, 8639434.779, 61
Trd, 8639435.112, 83
Trd, 8639435.146, 81
Trd, 8639435.312, 87
Trd, 8639437.079, 69
Trd, 8639438.712, 104
Trd, 8639438.879, 102
Trd, 8639438.912, 133
Trd, 8639439.179, 127
Trd, 8639439.346, 100
Trd, 8639439.412, 84
Trd, 8639439.912, 102
Trd, 8639440.112, 78
Trd, 8639441.279, 69
Trd, 8639442.612, 69
Trd, 8639443.046, 63
Trd, 8639443.146, 77
Trd, 8639444.246, 65
Trd, 8639444.612, 101
Trd, 8639445.512, 94
Trd, 8639445.846, 119
Trd, 8639446.012, 92
Trd, 8639446.312, 90
Trd, 8639447.012, 109
Trd, 8639447.412, 108
Trd, 8639448.546, 110
Trd, 8639449.246, 112
Trd, 8639449.346, 109
Trd, 8639449.446, 108
Trd, 8639449.779, 114
Trd, 8639450.079, 90
Trd, 8639450.146, 79
Trd, 8639450.179, 76
Trd, 8639450.879, 73
Trd, 8639451.346, 76
Trd, 8639451.646, 76
Trd, 8639452.679, 108
Trd, 8639453.879, 128
Trd, 8639454.312, 119
Trd, 8639454.612, 121
Trd, 8639454.779, 120
Trd, 8639455.446, 89
Trd, 8639455.512, 127
Trd, 8639456.079, 60
Trd, 8639456.312, 60
Trd, 8639456.412, 62
Trd, 8639456.546, 63
Trd, 8639457.312, 88
Trd, 8639458.179, 66
Trd, 8639458.346, 96
Trd, 8639458.879, 71
Trd, 8639459.246, 80
Trd, 8639459.479, 71
Trd, 8639460.046, 97
Trd, 8639461.212, 97
Trd, 8639461.579, 98
Trd, 8639461.712, 92
Trd, 8639461.779, 90
Trd, 8639461.879, 81
Trd, 8639461.946, 72
Trd, 8639462.246, 96
Trd, 8639463.046, 90
Trd, 8639463.179, 113
Trd, 8639463.712, 77
Trd, 8639463.912, 70
Trd, 8639464.679, 121
Trd, 8639464.812, 67
Trd, 8639465.112, 65
Trd, 8639465.379, 108
Trd, 8639465.779, 104
Trd, 8639466.646, 121
Trd, 8639466.746, 140
Trd, 8639466.946, 122
Trd, 8639466.979, 100
Trd, 8639467.912, 80
Trd, 8639468.112, 67
Trd, 8639468.846, 60
Trd, 8639469.279, 72
Trd, 8639469.846, 68
Trd, 8639471.212, 61
Trd, 8639471.246, 61
Trd, 8639471.912, 68
Trd, 8639472.946, 122
Trd, 8639473.112, 101
Trd, 8639473.746, 101
Trd, 8639473.912, 108
Trd, 8639473.979, 100
Trd, 8639474.312, 100
Trd, 8639474.512, 94
Trd, 8639475.679, 117
Trd, 8639475.812, 114
Trd, 8639475.946, 95
Trd, 8639476.346, 91
Trd, 8639476.612, 69
Trd, 8639477.446, 133
Trd, 8639477.479, 70
Trd, 8639477.512, 63
Trd, 8639478.112, 133
Trd, 8639478.446, 94
Trd, 8639479.712, 109
Trd, 8639479.879, 109
Trd, 8639480.846, 100
Trd, 8639481.679, 101
Trd, 8639482.112, 100
Trd, 8639483.079, 114
Trd, 8639483.112, 112
Trd, 8639483.279, 97
Trd, 8639483.446, 97
Trd, 8639483.679, 69
Trd, 8639483.946, 105
Trd, 8639484.912, 133
Trd, 8639484.979, 132
Trd, 8639485.346, 131
Trd, 8639485.546, 122
Trd, 8639486.279, 108
Trd, 8639486.412, 84
Trd, 8639486.712, 99
Trd, 8639487.379, 99
Trd, 8639487.546, 97
Trd, 8639488.079, 93
Trd, 8639488.246, 83
Trd, 8639488.612, 112
Trd, 8639489.079, 94
Trd, 8639490.546, 107
Trd, 8639490.879, 107
Trd, 8639491.079, 108
Trd, 8639491.279, 134
Trd, 8639491.446, 106
Trd, 8639491.779, 129
Trd, 8639492.012, 127
Trd, 8639492.246, 100
Trd, 8639493.012, 67
Trd, 8639493.412, 75
Trd, 8639493.912, 68
Trd, 8639494.046, 78
Trd, 8639494.846, 60
Trd, 8639494.879, 64
Trd, 8639494.946, 68
Trd, 8639496.579, 95
Trd, 8639497.112, 97
Trd, 8639498.046, 97
Trd, 8639498.279, 87
Trd, 8639498.812, 69
Trd, 8639498.912, 66
Trd, 8639499.946, 79
Trd, 8639500.612, 95
Trd, 8639500.812, 74
Trd, 8639501.546, 137
Trd, 8639501.579, 127
Trd, 8639502.012, 78
Trd, 8639503.046, 117
Trd, 8639503.079, 116
Trd, 8639503.212, 119
Trd, 8639503.846, 91
Trd, 8639504.712, 87
Trd, 8639504.879, 85
Trd, 8639505.146, 118
Trd, 8639505.512, 90
Trd, 8639506.446, 113
Trd, 8639506.579, 87
Trd, 8639506.712, 85
Trd, 8639506.979, 111
Trd, 8639507.246, 93
Trd, 8639507.612, 81
Trd, 8639508.112, 127
Trd, 8639509.112, 94
Trd, 8639509.312, 122
Trd, 8639509.346, 113
Trd, 8639510.479, 99
Trd, 8639511.212, 85
Trd, 8639511.446, 83
Trd, 8639512.446, 76
Trd, 8639512.679, 67
Trd, 8639513.546, 88
Trd, 8639513.812, 99
Trd, 8639514.246, 75
Trd, 8639514.579, 77
Trd, 8639515.279, 95
Trd, 8639515.412, 79
Trd, 8639515.912, 78
Trd, 8639516.212, 74
Trd, 8639516.646, 62
Trd, 8639517.079, 62
Trd, 8639517.346, 111
Trd, 8639518.112, 81
Trd, 8639519.246, 110
Trd, 8639519.279, 83
Trd, 8639519.946, 80
Trd, 8639520.112, 84
Trd, 8639520.646, 94
Trd, 8639521.012, 135
Trd, 8639521.079, 91
Trd, 8639521.779, 101
Trd, 8639522.379, 111
Trd, 8639522.546, 94
Trd, 8639522.746, 85
Trd, 8639522.979, 68
Trd, 8639523.312, 74
Trd, 8639523.546, 107
Trd, 8639525.012, 104
Trd, 8639525.446, 96
Trd, 8639526.246, 114
Trd, 8639526.546, 125
Trd, 8639526.612, 100
Trd, 8639526.679, 99
Trd, 8639526.746, 99
Trd, 8639527.279, 100
Trd, 8639527.379, 98
Trd, 8639527.579, 95
Trd, 8639527.879, 81
Trd, 8639528.112, 73
Trd, 8639528.346, 73
Trd, 8639528.646, 64
Trd, 8639528.679, 83
Trd, 8639529.479, 105
Trd, 8639530.046, 112
Trd, 8639530.712, 83
Trd, 8639530.979, 70
Trd, 8639531.312, 77
Trd, 8639531.446, 68
Trd, 8639531.646, 66
Trd, 8639532.012, 93
Trd, 8639533.246, 68
Trd, 8639534.779, 72
Trd, 8639535.346, 73
Trd, 8639535.679, 86
Trd, 8639535.846, 99
Trd, 8639536.079, 66
Trd, 8639536.112, 65
Trd, 8639536.212, 89
Trd, 8639536.646, 67
Trd, 8639536.746, 65
Trd, 8639538.646, 71
Trd, 8639539.046, 71
Trd, 8639539.679, 78
Trd, 8639540.346, 85
Trd, 8639541.079, 119
Trd, 8639541.446, 116
Trd, 8639541.579, 60
Trd, 8639541.779, 65
Trd, 8639542.579, 115
Trd, 8639542.612, 114
Trd, 8639542.746, 110
Trd, 8639543.012, 93
Trd, 8639543.146, 113
Trd, 8639543.346, 92
Trd, 8639544.646, 61
Trd, 8639545.079, 91
Trd, 8639545.612, 119
Trd, 8639545.746, 116
Trd, 8639545.846, 97
Trd, 8639546.746, 131
Trd, 8639546.879, 130
Trd, 8639547.479, 64
Trd, 8639547.646, 77
Trd, 8639548.079, 85
Trd, 8639548.846, 71
Trd, 8639549.612, 92
Trd, 8639549.979, 95
Trd, 8639550.012, 69
Trd, 8639551.079, 98
Trd, 8639551.146, 66
Trd, 8639551.812, 133
Trd, 8639552.746, 134
Trd, 8639552.946, 131
Trd, 8639552.979, 109
Trd, 8639553.712, 124
Trd, 8639553.846, 119
Trd, 8639554.912, 123
Trd, 8639555.279, 114
Trd, 8639555.646, 111
Trd, 8639555.746, 109
Trd, 8639556.046, 111
Trd, 8639557.079, 118
Trd, 8639557.212, 106
Trd, 8639557.879, 103
Trd, 8639558.646, 88
Trd, 8639559.079, 90
Trd, 8639560.012, 97
Trd, 8639560.179, 90
Trd, 8639560.312, 123
Trd, 8639560.412, 122
Trd, 8639560.779, 78
Trd, 8639561.746, 93
Trd, 8639561.879, 79
Trd, 8639562.012, 76
Trd, 8639562.646, 122
Trd, 8639562.912, 125
Trd, 8639563.212, 111
Trd, 8639564.612, 109
Trd, 8639564.646, 106
Trd, 8639565.546, 112
Trd, 8639565.712, 110
Trd, 8639565.879, 117
Trd, 8639566.579, 118
Trd, 8639566.979, 110
Trd, 8639567.179, 99
Trd, 8639567.479, 91
Trd, 8639568.146, 92
Trd, 8639569.112, 114
Trd, 8639569.179, 96
Trd, 8639569.379, 110
Trd, 8639570.479, 103
Trd, 8639570.979, 99
Trd, 8639571.046, 98
Trd, 8639571.979, 90
Trd, 8639572.579, 90
Trd, 8639572.612, 81
Trd, 8639573.512, 125
Trd, 8639574.046, 107
Trd, 8639574.079, 92
Trd, 8639574.246, 89
Trd, 8639575.046, 92
Trd, 8639575.412, 92
Trd, 8639575.579, 91
Trd, 8639576.146, 118
Trd, 8639576.746, 126
Trd, 8639577.346, 90
Trd, 8639577.379, 89
Trd, 8639578.412, 123
Trd, 8639578.546, 118
Trd, 8639579.012, 110
Trd, 8639579.279, 109
Trd, 8639579.879, 103
Trd, 8639580.146, 98
Trd, 8639580.312, 95
Trd, 8639580.479, 92
Trd, 8639581.612, 125
Trd, 8639581.879, 109
Trd, 8639581.946, 108
Trd, 8639582.046, 100
Trd, 8639582.779, 114
Trd, 8639583.279, 110
Trd, 8639583.546, 91
Trd, 8639584.179, 103
Trd, 8639584.379, 102
Trd, 8639584.846, 69
Trd, 8639584.946, 75
Trd, 8639585.812, 88
Trd, 8639585.846, 115
Trd, 8639587.446, 90
Trd, 8639588.079, 89
Trd, 8639588.212, 88
Trd, 8639588.246, 76
Trd, 8639588.779, 79
Trd, 8639589.479, 67
Trd, 8639590.279, 69
Trd, 8639590.979, 64
Trd, 8639591.379, 62
Trd, 8639592.046, 60
Trd, 8639592.946, 66
Trd, 8639593.079, 75
Trd, 8639593.646, 72
Trd, 8639593.746, 70
Trd, 8639594.679, 73
Trd, 8639595.012, 65
Trd, 8639595.346, 64
Trd, 8639595.412, 79
Trd, 8639596.012, 94
Trd, 8639596.312, 116
Trd, 8639597.079, 137
Trd, 8639597.479, 98
Trd, 8639598.579, 119
Trd, 8639598.646, 118
Trd, 8639598.946, 105
Trd, 8639599.179, 114
Trd, 8639599.279, 99
Trd, 8639599.346, 97
Trd, 8639599.379, 130
Trd, 8639600.212, 123
Trd, 8639601.379, 92
Trd, 8639601.712, 105
Trd, 8639601.946, 80
Trd, 8639602.912, 127
Trd, 8639603.046, 123
Trd, 8639603.079, 118
Trd, 8639603.746, 99
Trd, 8639603.779, 84
Trd, 8639604.412, 99
Trd, 8639604.979, 105
Trd, 8639605.212, 98
Trd, 8639605.412, 128
Trd, 8639605.446, 96
Trd, 8639606.279, 82
Trd, 8639606.479, 84
Trd, 8639606.579, 80
Trd, 8639607.712, 68
Trd, 8639608.912, 119
Trd, 8639609.046, 118
Trd, 8639609.246, 108
Trd, 8639609.512, 121
Trd, 8639610.279, 120
Trd, 8639610.479, 119
Trd, 8639611.046, 109
Trd, 8639611.479, 128
Trd, 8639611.579, 109
Trd, 8639611.779, 134
Trd, 8639611.846, 95
Trd, 8639612.112, 105
Trd, 8639612.879, 88
Trd, 8639614.012, 64
Trd, 8639614.746, 132
Trd, 8639615.646, 134
Trd, 8639616.179, 124
Trd, 8639616.679, 120
Trd, 8639617.012, 120
Trd, 8639617.412, 124
Trd, 8639617.479, 94
Trd, 8639617.679, 100
Trd, 8639618.346, 121
Trd, 8639618.512, 120
Trd, 8639618.612, 109
Trd, 8639619.079, 81
Trd, 8639620.146, 95
Trd, 8639620.246, 91
Trd, 8639620.546, 140
Trd, 8639620.979, 108
Trd, 8639621.446, 90
Trd, 8639621.812, 76
Trd, 8639622.412, 78
Trd, 8639622.546, 79
Trd, 8639622.846, 61
Trd, 8639623.446, 60
Trd, 8639623.812, 62
Trd, 8639624.646, 68
Trd, 8639624.946, 60
Trd, 8639625.612, 69
Trd, 8639626.746, 61
Trd, 8639627.479, 62
Trd, 8639627.846, 65
Trd, 8639627.879, 62
Trd, 8639628.446, 60
Trd, 8639629.146, 71
Trd, 8639629.212, 81
Trd, 8639630.012, 61
Trd, 8639631.012, 64
Trd, 8639631.246, 61
Trd, 8639631.946, 72
Trd, 8639631.979, 73
Trd, 8639632.212, 67
Trd, 8639632.412, 69
Trd, 8639633.312, 63
Trd, 8639633.946, 77
Trd, 8639634.312, 66
Trd, 8639635.112, 70
Trd, 8639635.812, 68
Trd, 8639636.379, 69
Trd, 8639636.912, 72
Trd, 8639637.346, 72
Trd, 8639637.412, 74
Trd, 8639637.579, 67
Trd, 8639638.246, 74
Trd, 8639638.979, 78
Trd, 8639639.379, 98
Trd, 8639640.312, 134
Trd, 8639640.412, 131
Trd, 8639640.479, 116
Trd, 8639640.812, 101
Trd, 8639640.946, 100
Trd, 8639641.479, 91
Trd, 8639642.279, 84
Trd, 8639642.479, 80
Trd, 8639642.979, 70
Trd, 8639643.612, 79
Trd, 8639643.712, 71
Trd, 8639643.846, 69
Trd, 8639644.046, 85
Trd, 8639644.846, 114
Trd, 8639645.546, 92
Trd, 8639645.646, 77
Trd, 8639646.846, 96
Trd, 8639646.912, 94
Trd, 8639648.212, 137
Trd, 8639649.046, 107
Trd, 8639649.212, 94
Trd, 8639649.379, 83
Trd, 8639649.646, 75
Trd, 8639649.746, 74
Trd, 8639649.812, 106
Trd, 8639650.712, 101
Trd, 8639651.479, 97
Trd, 8639652.946, 137
Trd, 8639653.179, 137
Trd, 8639653.212, 135
Trd, 8639653.379, 134
Trd, 8639653.579, 119
Trd, 8639653.879, 118
Trd, 8639654.379, 117
Trd, 8639654.712, 117
Trd, 8639655.446, 111
Trd, 8639655.846, 107
Trd, 8639656.579, 117
Trd, 8639656.812, 132
Trd, 8639658.279, 128
Trd, 8639658.312, 125
Trd, 8639658.546, 74
Trd, 8639658.746, 88
Trd, 8639659.479, 124
Trd, 8639659.712, 123
Trd, 8639659.746, 114
Trd, 8639660.646, 129
Trd, 8639660.946, 122
Trd, 8639661.246, 119
Trd, 8639661.612, 110
Trd, 8639661.679, 95
Trd, 8639662.312, 121
Trd, 8639663.679, 119
Trd, 8639664.546, 119
Trd, 8639664.579, 116
Trd, 8639664.646, 108
Trd, 8639664.779, 86
Trd, 8639665.212, 112
Trd, 8639665.279, 102
Trd, 8639665.612, 101
Trd, 8639666.179, 81
Trd, 8639666.646, 63
Trd, 8639667.446, 117
Trd, 8639667.779, 119
Trd, 8639668.179, 92
Trd, 8639669.479, 91
Trd, 8639669.512, 100
Trd, 8639669.846, 126
Trd, 8639669.912, 108
Trd, 8639670.079, 89
Trd, 8639671.112, 103
Trd, 8639671.146, 92
Trd, 8639671.179, 90
Trd, 8639671.312, 80
Trd, 8639671.846, 61
Trd, 8639672.546, 61
Trd, 8639673.312, 61
Trd, 8639673.646, 60
Trd, 8639673.812, 92
Trd, 8639674.579, 66
Trd, 8639674.946, 70
Trd, 8639675.512, 65
Trd, 8639675.946, 138
Trd, 8639676.112, 110
Trd, 8639676.479, 75
Trd, 8639676.612, 84
Trd, 8639676.812, 76
Trd, 8639677.546, 87
Trd, 8639677.846, 73
Trd, 8639678.246, 129
Trd, 8639678.412, 127
Trd, 8639678.812, 110
Trd, 8639679.412, 109
Trd, 8639679.612, 73
Trd, 8639679.879, 102
Trd, 8639680.612, 119
Trd, 8639681.246, 78
Trd, 8639681.312, 62
Trd, 8639682.312, 105
Trd, 8639682.546, 104
Trd, 8639682.779, 79
Trd, 8639684.079, 90
Trd, 8639684.212, 100
Trd, 8639684.446, 86
Trd, 8639684.846, 83
Trd, 8639685.179, 81
Trd, 8639685.346, 98
Trd, 8639685.546, 71
Trd, 8639685.612, 68
Trd, 8639685.879, 67
Trd, 8639686.246, 69
Trd, 8639686.479, 67
Trd, 8639686.779, 124
Trd, 8639687.379, 66
Trd, 8639688.112, 62
Trd, 8639688.346, 60
Trd, 8639689.446, 77
Trd, 8639690.212, 107
Trd, 8639690.246, 105
Trd, 8639690.646, 87
Trd, 8639691.279, 97
Trd, 8639691.379, 88
Trd, 8639692.212, 129
Trd, 8639692.246, 126
Trd, 8639692.812, 126
Trd, 8639693.246, 125
Trd, 8639693.279, 116
Trd, 8639694.046, 105
Trd, 8639694.246, 104
Trd, 8639694.312, 94
Trd, 8639695.079, 123
Trd, 8639695.912, 130
Trd, 8639696.179, 131
Trd, 8639696.379, 130
Trd, 8639696.512, 129
Trd, 8639696.546, 91
Trd, 8639697.712, 98
Trd, 8639697.746, 81
Trd, 8639697.946, 91
Trd, 8639698.879, 107
Trd, 8639700.646, 103
Trd, 8639700.746, 102
Trd, 8639701.246, 127
Trd, 8639701.312, 116
Trd, 8639701.412, 113
Trd, 8639701.912, 133
Trd, 8639702.312, 131
Trd, 8639703.012, 111
Trd, 8639703.212, 131
Trd, 8639705.079, 116
Trd, 8639705.179, 107
Trd, 8639705.279, 106
Trd, 8639705.379, 102
Trd, 8639705.912, 112
Trd, 8639705.946, 98
Trd, 8639706.412, 98
Trd, 8639707.146, 67
Trd, 8639707.179, 74
Trd, 8639707.212, 66
Trd, 8639707.812, 72
Trd, 8639708.946, 125
Trd, 8639709.079, 116
Trd, 8639709.712, 122
Trd, 8639709.912, 82
Trd, 8639709.979, 67
Trd, 8639711.012, 113
Trd, 8639711.046, 97
Trd, 8639711.179, 74
Trd, 8639711.846, 61
Trd, 8639712.346, 63
Trd, 8639713.212, 108
Trd, 8639713.379, 94
Trd, 8639714.012, 85
Trd, 8639714.279, 78
Trd, 8639714.412, 74
Trd, 8639714.779, 90
Trd, 8639715.646, 119
Trd, 8639716.279, 85
Trd, 8639716.479, 83
Trd, 8639716.746, 108
Trd, 8639717.612, 86
Trd, 8639717.712, 115
Trd, 8639718.279, 92
Trd, 8639718.546, 79
Trd, 8639718.612, 74
Trd, 8639719.146, 68
Trd, 8639719.912, 65
Trd, 8639721.179, 63
Trd, 8639721.479, 84
Trd, 8639722.179, 98
Trd, 8639722.579, 82
Trd, 8639722.646, 80
Trd, 8639722.979, 78
Trd, 8639723.212, 75
Trd, 8639723.346, 103
Trd, 8639723.579, 73
Trd, 8639723.746, 72
Trd, 8639724.012, 69
Trd, 8639724.379, 71
Trd, 8639724.446, 68
Trd, 8639725.079, 62
Trd, 8639725.512, 101
Trd, 8639726.246, 71
Trd, 8639727.012, 91
Trd, 8639727.246, 82
Trd, 8639728.312, 94
Trd, 8639728.479, 65
Trd, 8639729.712, 62
Trd, 8639730.079, 62
Trd, 8639730.246, 66
Trd, 8639730.612, 61
Trd, 8639730.746, 67
Trd, 8639731.112, 67
Trd, 8639731.312, 78
Trd, 8639731.579, 92
Trd, 8639731.946, 117
Trd, 8639732.346, 122
Trd, 8639732.379, 98
Trd, 8639732.446, 97
Trd, 8639732.579, 91
Trd, 8639732.812, 90
Trd, 8639733.212, 64
Trd, 8639734.479, 66
Trd, 8639735.312, 100
Trd, 8639735.446, 84
Trd, 8639735.779, 75
Trd, 8639736.412, 77
Trd, 8639736.779, 93
Trd, 8639737.279, 96
Trd, 8639737.712, 82
Trd, 8639738.012, 97
Trd, 8639738.212, 78
Trd, 8639739.712, 122
Trd, 8639739.746, 121
Trd, 8639740.046, 123
Trd, 8639740.246, 75
Trd, 8639740.412, 71
Trd, 8639741.112, 65
Trd, 8639741.579, 63
Trd, 8639741.846, 66
Trd, 8639742.612, 61
Trd, 8639743.112, 116
Trd, 8639743.346, 116
Trd, 8639743.912, 127
Trd, 8639744.146, 110
Trd, 8639744.546, 114
Trd, 8639744.612, 80
Trd, 8639744.846, 79
Trd, 8639745.379, 87
Trd, 8639745.679, 72
Trd, 8639746.212, 85
Trd, 8639746.846, 64
Trd, 8639748.046, 121
Trd, 8639748.212, 117
Trd, 8639748.479, 134
Trd, 8639748.746, 138
Trd, 8639748.846, 112
Trd, 8639749.012, 83
Trd, 8639749.546, 89
Trd, 8639749.612, 63
Trd, 8639750.346, 61
Trd, 8639751.179, 63
Trd, 8639751.946, 69
Trd, 8639752.746, 69
Trd, 8639753.012, 73
Trd, 8639753.646, 81
Trd, 8639753.846, 63
Trd, 8639754.746, 77
Trd, 8639754.946, 67
Trd, 8639755.246, 65
Trd, 8639755.479, 63
Trd, 8639755.679, 67
Trd, 8639756.879, 77
Trd, 8639757.412, 62
Trd, 8639757.712, 107
Trd, 8639757.946, 107
Trd, 8639758.612, 77
Trd, 8639759.312, 90
Trd, 8639759.479, 106
Trd, 8639759.746, 66
Trd, 8639760.946, 114
Trd, 8639761.079, 113
Trd, 8639761.346, 112
Trd, 8639761.546, 90
Trd, 8639761.712, 112
Trd, 8639762.046, 88
Trd, 8639762.646, 88
Trd, 8639762.679, 82
Trd, 8639763.246, 74
Trd, 8639763.579, 120
Trd, 8639764.279, 107
Trd, 8639764.312, 106
Trd, 8639764.479, 120
Trd, 8639765.012, 116
Trd, 8639765.112, 125
Trd, 8639765.646, 125
Trd, 8639765.979, 92
Trd, 8639767.346, 81
Trd, 8639768.846, 116
Trd, 8639769.112, 107
Trd, 8639769.712, 78
Trd, 8639769.779, 77
Trd, 8639770.112, 102
Trd, 8639770.479, 129
Trd, 8639771.046, 124
Trd, 8639771.579, 96
Trd, 8639771.612, 101
Trd, 8639771.846, 125
Trd, 8639772.312, 114
Trd, 8639772.612, 71
Trd, 8639773.579, 76
Trd, 8639773.646, 66
Trd, 8639773.912, 66
Trd, 8639774.246, 79
Trd, 8639774.446, 87
Trd, 8639774.712, 124
Trd, 8639775.012, 97
Trd, 8639775.612, 132
Trd, 8639776.279, 124
Trd, 8639776.479, 117
Trd, 8639776.979, 90
Trd, 8639777.546, 81
Trd, 8639777.679, 80
Trd, 8639778.112, 114
Trd, 8639778.779, 85
Trd, 8639778.979, 86
Trd, 8639779.512, 91
Trd, 8639779.546, 98
Trd, 8639780.146, 109
Trd, 8639780.212, 123
Trd, 8639780.746, 111
Trd, 8639781.512, 120
Trd, 8639782.212, 106
Trd, 8639782.279, 94
Trd, 8639783.612, 109
Trd, 8639783.846, 118
Trd, 8639784.279, 93
Trd, 8639784.679, 96
Trd, 8639784.879, 113
Trd, 8639785.212, 112
Trd, 8639786.312, 114
Trd, 8639786.346, 138
Trd, 8639786.512, 125
Trd, 8639786.612, 99
Trd, 8639786.879, 97
Trd, 8639786.946, 113
Trd, 8639787.779, 104
Trd, 8639788.012, 73
Trd, 8639788.846, 65
Trd, 8639790.012, 91
Trd, 8639790.579, 88
Trd, 8639790.712, 77
Trd, 8639791.446, 130
Trd, 8639791.646, 129
Trd, 8639791.779, 104
Trd, 8639792.279, 120
Trd, 8639792.346, 110
Trd, 8639793.012, 92
Trd, 8639793.646, 79
Trd, 8639793.779, 94
Trd, 8639793.879, 64
Trd, 8639794.812, 61
Trd, 8639796.146, 65
Trd, 8639796.412, 69
Trd, 8639796.479, 60
Trd, 8639796.812, 63
Trd, 8639796.879, 70
Trd, 8639797.779, 65
Trd, 8639798.346, 94
Trd, 8639798.512, 87
Trd, 8639799.112, 69
Trd, 8639799.446, 106
Trd, 8639799.546, 88
Trd, 8639799.579, 86
Trd, 8639800.646, 70
Trd, 8639801.046, 101
Trd, 8639801.079, 99
Trd, 8639801.846, 98
Trd, 8639802.646, 131
Trd, 8639802.879, 115
Trd, 8639803.446, 93
Trd, 8639803.612, 90
Trd, 8639803.912, 89
Trd, 8639804.346, 111
Trd, 8639805.012, 91
Trd, 8639805.146, 89
Trd, 8639805.712, 88
Trd, 8639806.612, 93
Trd, 8639806.946, 93
Trd, 8639807.112, 89
Trd, 8639807.279, 73
Trd, 8639808.179, 96
Trd, 8639808.812, 129
Trd, 8639808.846, 128
Trd, 8639808.879, 126
Trd, 8639809.212, 105
Trd, 8639809.712, 86
Trd, 8639809.946, 91
Trd, 8639810.546, 71
Trd, 8639811.246, 95
Trd, 8639811.946, 61
Trd, 8639813.379, 65
Trd, 8639813.679, 62
Trd, 8639814.612, 115
Trd, 8639815.246, 126
Trd, 8639815.346, 124
Trd, 8639815.479, 99
Trd, 8639815.812, 76
Trd, 8639816.046, 77
Trd, 8639817.012, 91
Trd, 8639817.112, 121
Trd, 8639817.179, 77
Trd, 8639817.246, 77
Trd, 8639818.212, 119
Trd, 8639818.412, 119
Trd, 8639818.912, 113
Trd, 8639819.179, 115
Trd, 8639819.346, 104
Trd, 8639820.379, 138
Trd, 8639821.412, 124
Trd, 8639821.446, 123
Trd, 8639821.812, 120
Trd, 8639822.179, 117
Trd, 8639822.312, 113
Trd, 8639822.846, 125
Trd, 8639822.979, 82
Trd, 8639823.979, 82
Trd, 8639824.279, 97
Trd, 8639824.879, 102
Trd, 8639825.546, 132
Trd, 8639826.112, 113
Trd, 8639826.146, 97
Trd, 8639826.246, 83
Trd, 8639826.446, 74
Trd, 8639826.879, 90
Trd, 8639827.646, 90
Trd, 8639827.979, 86
Trd, 8639828.312, 113
Trd, 8639828.479, 94
Trd, 8639828.546, 85
Trd, 8639829.646, 118
Trd, 8639829.746, 99
Trd, 8639830.046, 124
Trd, 8639831.046, 106
Trd, 8639832.112, 97
Trd, 8639832.446, 99
Trd, 8639832.879, 80
Trd, 8639833.079, 78
Trd, 8639833.279, 75
Trd, 8639833.612, 75
Trd, 8639833.846, 65
Trd, 8639834.546, 128
Trd, 8639834.646, 127
Trd, 8639834.679, 118
Trd, 8639834.846, 103
Trd, 8639835.479, 88
Trd, 8639835.679, 69
Trd, 8639836.579, 130
Trd, 8639837.046, 129
Trd, 8639837.779, 122
Trd, 8639838.446, 127
Trd, 8639839.346, 125
Trd, 8639839.446, 110
Trd, 8639839.646, 107
Trd, 8639839.779, 103
Trd, 8639839.879, 102
Trd, 8639840.679, 112
Trd, 8639841.012, 102
Trd, 8639841.079, 100
Trd, 8639841.146, 108
Trd, 8639841.412, 68
Trd, 8639841.746, 67
Trd, 8639842.779, 62
Trd, 8639843.479, 63
Trd, 8639844.612, 108
Trd, 8639844.846, 94
Trd, 8639845.112, 97
Trd, 8639845.346, 94
Trd, 8639845.512, 84
Trd, 8639846.146, 119
Trd, 8639846.512, 118
Trd, 8639847.479, 112
Trd, 8639847.912, 95
Trd, 8639848.146, 90
Trd, 8639848.812, 105
Trd, 8639848.846, 97
Trd, 8639849.579, 122
Trd, 8639849.779, 121
Trd, 8639850.212, 101
Trd, 8639850.379, 99
Trd, 8639851.012, 80
Trd, 8639851.312, 121
Trd, 8639851.612, 83
Trd, 8639851.812, 77
Trd, 8639852.046, 76
Trd, 8639852.679, 116
Trd, 8639852.912, 93
Trd, 8639853.479, 92
Trd, 8639853.512, 90
Trd, 8639854.112, 74
Trd, 8639854.912, 135
Trd, 8639855.446, 133
Trd, 8639855.646, 132
Trd, 8639856.146, 131
Trd, 8639856.546, 129
Trd, 8639856.612, 104
Trd, 8639856.679, 91
Trd, 8639857.046, 92
Trd, 8639857.779, 95
Trd, 8639859.346, 100
Trd, 8639859.512, 92
Trd, 8639859.812, 76
Trd, 8639859.912, 60
Trd, 8639861.012, 65
Trd, 8639861.346, 118
Trd, 8639861.446, 101
Trd, 8639861.712, 80
Trd, 8639862.646, 135
Trd, 8639862.879, 132
Trd, 8639863.512, 111
Trd, 8639863.879, 105
Trd, 8639864.646, 91
Trd, 8639865.112, 134
Trd, 8639865.412, 102
Trd, 8639866.112, 121
Trd, 8639866.846, 100
Trd, 8639866.912, 99
Trd, 8639867.012, 97
Trd, 8639867.212, 96
Trd, 8639867.479, 96
Trd, 8639867.946, 106
Trd, 8639868.179, 80
Trd, 8639868.412, 79
Trd, 8639869.079, 132
Trd, 8639869.212, 111
Trd, 8639869.246, 111
Trd, 8639869.746, 93
Trd, 8639869.846, 116
Trd, 8639870.179, 60
Trd, 8639870.646, 71
Trd, 8639871.546, 137
Trd, 8639871.612, 107
Trd, 8639871.812, 88
Trd, 8639872.346, 74
Trd, 8639873.346, 73
Trd, 8639873.612, 71
Trd, 8639873.712, 76
Trd, 8639874.479, 121
Trd, 8639874.512, 118
Trd, 8639874.846, 107
Trd, 8639874.979, 93
Trd, 8639875.612, 68
Trd, 8639876.046, 83
Trd, 8639877.146, 124
Trd, 8639877.812, 113
Trd, 8639877.846, 112
Trd, 8639877.912, 109
Trd, 8639878.379, 77
Trd, 8639879.712, 95
Trd, 8639879.746, 70
Trd, 8639880.212, 71
Trd, 8639880.612, 104
Trd, 8639880.779, 70
Trd, 8639881.412, 82
Trd, 8639881.646, 61
Trd, 8639881.746, 129
Trd, 8639883.179, 119
Trd, 8639883.346, 113
Trd, 8639883.512, 86
Trd, 8639883.612, 101
Trd, 8639884.346, 106
Trd, 8639884.879, 121
Trd, 8639885.579, 132
Trd, 8639887.012, 110
Trd, 8639887.312, 106
Trd, 8639887.379, 105
Trd, 8639887.479, 89
Trd, 8639888.246, 104
Trd, 8639888.579, 115
Trd, 8639888.612, 103
Trd, 8639888.879, 98
Trd, 8639889.479, 84
Trd, 8639889.679, 83
Trd, 8639890.246, 83
Trd, 8639890.979, 80
Trd, 8639891.012, 77
Trd, 8639891.746, 96
Trd, 8639891.979, 95
Trd, 8639892.246, 125
Trd, 8639892.712, 83
Trd, 8639893.112, 87
Trd, 8639893.246, 80
Trd, 8639893.446, 78
Trd, 8639893.612, 79
Trd, 8639895.912, 62
Trd, 8639896.112, 67
Trd, 8639896.146, 76
Trd, 8639896.212, 94
Trd, 8639896.646, 73
Trd, 8639896.979, 82
Trd, 8639897.079, 118
Trd, 8639897.179, 87
Trd, 8639898.646, 132
Trd, 8639899.612, 89
Trd, 8639899.912, 86
Trd, 8639899.979, 85
Trd, 8639900.012, 82
Trd, 8639900.746, 131
Trd, 8639901.246, 106
Trd, 8639902.412, 100
Trd, 8639902.646, 86
Trd, 8639903.246, 120
Trd, 8639903.646, 106
Trd, 8639904.512, 128
Trd, 8639904.746, 124
Trd, 8639905.146, 109
Trd, 8639905.479, 91
Trd, 8639905.846, 85
Trd, 8639906.179, 80
Trd, 8639906.312, 104
Trd, 8639906.746, 93
Trd, 8639907.179, 63
Trd, 8639907.512, 62
Trd, 8639908.212, 63
Trd, 8639908.546, 74
Trd, 8639909.579, 61
Trd, 8639909.779, 79
Trd, 8639910.179, 65
Trd, 8639910.379, 86
Trd, 8639910.912, 74
Trd, 8639911.146, 79
Trd, 8639911.946, 101
Trd, 8639912.346, 99
Trd, 8639912.446, 84
Trd, 8639912.912, 81
Trd, 8639913.212, 84
Trd, 8639913.346, 65
Trd, 8639914.146, 112
Trd, 8639915.646, 134
Trd, 8639915.746, 134
Trd, 8639915.779, 133
Trd, 8639916.012, 117
Trd, 8639916.346, 91
Trd, 8639916.379, 90
Trd, 8639917.512, 128
Trd, 8639917.846, 127
Trd, 8639919.046, 113
Trd, 8639919.079, 112
Trd, 8639919.112, 114
Trd, 8639919.212, 111
Trd, 8639920.079, 108
Trd, 8639920.112, 103
Trd, 8639920.146, 98
Trd, 8639921.146, 63
Trd, 8639921.479, 71
Trd, 8639922.079, 75
Trd, 8639923.179, 83
Trd, 8639923.512, 93
Trd, 8639923.579, 95
Trd, 8639924.412, 106
Trd, 8639924.746, 105
Trd, 8639925.112, 104
Trd, 8639925.279, 97
Trd, 8639925.479, 97
Trd, 8639925.512, 69
Trd, 8639925.779, 104
Trd, 8639925.846, 88
Trd, 8639927.212, 61
Trd, 8639927.446, 98
Trd, 8639927.546, 67
Trd, 8639927.879, 119
Trd, 8639928.446, 114
Trd, 8639929.179, 61
Trd, 8639930.146, 65
Trd, 8639930.246, 67
Trd, 8639931.546, 74
Trd, 8639931.846, 73
Trd, 8639932.979, 110
Trd, 8639933.012, 72
Trd, 8639933.579, 126
Trd, 8639933.879, 80
Trd, 8639934.379, 105
Trd, 8639934.879, 92
Trd, 8639934.946, 91
Trd, 8639935.146, 85
Trd, 8639935.212, 127
Trd, 8639935.246, 79
Trd, 8639935.779, 112
Trd, 8639936.146, 78
Trd, 8639936.512, 66
Trd, 8639936.912, 135
Trd, 8639937.012, 90
Trd, 8639937.312, 77
Trd, 8639938.479, 69
Trd, 8639938.512, 74
Trd, 8639939.679, 75
Trd, 8639939.946, 69
Trd, 8639940.212, 95
Trd, 8639940.746, 113
Trd, 8639941.512, 123
Trd, 8639942.246, 118
Trd, 8639942.646, 110
Trd, 8639942.779, 115
Trd, 8639942.979, 94
Trd, 8639943.312, 68
Trd, 8639943.479, 71
Trd, 8639943.612, 60
Trd, 8639944.679, 87
Trd, 8639944.879, 104
Trd, 8639944.912, 86
Trd, 8639945.112, 62
Trd, 8639945.879, 101
Trd, 8639946.879, 96
Trd, 8639946.979, 85
Trd, 8639947.579, 81
Trd, 8639947.812, 80
Trd, 8639948.346, 82
Trd, 8639948.512, 78
Trd, 8639949.146, 78
Trd, 8639949.179, 77
Trd, 8639949.879, 136
Trd, 8639949.946, 130
Trd, 8639950.746, 89
Trd, 8639951.046, 83
Trd, 8639951.146, 98
Trd, 8639951.246, 83
Trd, 8639951.412, 74
Trd, 8639952.246, 84
Trd, 8639953.512, 66
Trd, 8639954.112, 73
Trd, 8639955.146, 74
Trd, 8639955.279, 84
Trd, 8639955.546, 71
Trd, 8639955.779, 71
Trd, 8639955.812, 62
Trd, 8639956.179, 71
Trd, 8639957.412, 120
Trd, 8639957.512, 118
Trd, 8639957.579, 108
Trd, 8639957.946, 124
Trd, 8639958.146, 84
Trd, 8639958.412, 129
Trd, 8639959.946, 83
Trd, 8639960.046, 80
Trd, 8639960.379, 79
Trd, 8639961.346, 111
Trd, 8639962.046, 109
Trd, 8639962.112, 102
Trd, 8639962.312, 113
Trd, 8639962.779, 76
Trd, 8639963.546, 111
Trd, 8639963.579, 77
Trd, 8639964.512, 61
Trd, 8639964.779, 73
Trd, 8639965.946, 60
Trd, 8639966.812, 69
Trd, 8639967.079, 60
Trd, 8639967.446, 69
Trd, 8639967.512, 70
Trd, 8639968.079, 80
Trd, 8639968.412, 68
Trd, 8639968.612, 74
Trd, 8639968.646, 68
Trd, 8639968.712, 65
Trd, 8639968.846, 106
Trd, 8639969.346, 60
Trd, 8639969.679, 72
Trd, 8639969.746, 117
Trd, 8639969.846, 62
Trd, 8639970.212, 112
Trd, 8639971.779, 85
Trd, 8639972.812, 132
Trd, 8639973.146, 96
Trd, 8639973.679, 92
Trd, 8639973.812, 90
Trd, 8639973.879, 82
Trd, 8639974.046, 93
Trd, 8639975.379, 102
Trd, 8639975.546, 104
Trd, 8639975.779, 79
Trd, 8639975.846, 77
Trd, 8639977.179, 62
Trd, 8639977.312, 82
Trd, 8639978.446, 63
Trd, 8639978.479, 64
Trd, 8639978.546, 65
Trd, 8639978.612, 102
Trd, 8639979.179, 61
Trd, 8639980.546, 94
Trd, 8639980.579, 95
Trd, 8639980.979, 83
Trd, 8639981.112, 81
Trd, 8639981.246, 80
Trd, 8639981.612, 79
Trd, 8639982.746, 77
Trd, 8639983.046, 108
Trd, 8639983.379, 60
Trd, 8639983.479, 62
Trd, 8639983.879, 102
Trd, 8639984.112, 99
Trd, 8639984.946, 60
Trd, 8639985.612, 110
Trd, 8639985.912, 133
Trd, 8639986.046, 106
Trd, 8639986.179, 104
Trd, 8639986.479, 95
Trd, 8639988.212, 132
Trd, 8639988.346, 137
Trd, 8639988.879, 123
Trd, 8639989.012, 93
Trd, 8639989.079, 83
Trd, 8639989.612, 116
Trd, 8639990.079, 112
Trd, 8639990.646, 116
Trd, 8639991.346, 118
Trd, 8639992.146, 117
Trd, 8639992.446, 115
Trd, 8639993.079, 83
Trd, 8639993.246, 112
Trd, 8639994.679, 88
Trd, 8639995.079, 103
Trd, 8639995.112, 102
Trd, 8639995.146, 88
Trd, 8639995.312, 107
Trd, 8639996.012, 86
Trd, 8639996.379, 102
Trd, 8639996.479, 85
Trd, 8639996.546, 105
Trd, 8639997.346, 134
Trd, 8639997.612, 131
Trd, 8639997.679, 111
Trd, 8639998.146, 102
Trd, 8639998.179, 90
