Trd, 8638754.079, 117
Trd, 8638754.312, 101
Trd, 8638755.079, 78
Trd, 8638755.579, 81
Trd, 8638756.779, 74
Trd, 8638756.879, 85
Trd, 8638757.046, 106
Trd, 8638758.112, 116
Trd, 8638758.779, 101
Trd, 8638758.912, 105
Trd, 8638759.212, 83
Trd, 8638759.546, 100
Trd, 8638760.012, 72
Trd, 8638760.712, 105
Trd, 8638761.546, 97
Trd, 8638762.912, 127
Trd, 8638763.579, 131
Trd, 8638763.712, 113
Trd, 8638764.179, 117
Trd, 8638764.679, 137
Trd, 8638764.712, 122
Trd, 8638764.912, 114
Trd, 8638765.246, 134
Trd, 8638766.612, 111
Trd, 8638767.612, 140
Trd, 8638767.979, 111
Trd, 8638768.312, 113
Trd, 8638769.112, 131
Trd, 8638769.646, 120
Trd, 8638770.479, 121
Trd, 8638770.646, 124
Trd, 8638771.279, 116
Trd, 8638771.479, 128
Trd, 8638771.612, 111
Trd, 8638771.879, 102
Trd, 8638772.646, 128
Trd, 8638772.679, 99
Trd, 8638773.246, 135
Trd, 8638773.379, 121
Trd, 8638773.546, 115
Trd, 8638773.679, 108
Trd, 8638774.579, 99
Trd, 8638775.646, 92
Trd, 8638776.112, 117
Trd, 8638776.712, 123
Trd, 8638777.212, 112
Trd, 8638777.446, 134
Trd, 8638777.546, 98
Trd, 8638778.179, 112
Trd, 8638778.879, 108
Trd, 8638779.579, 130
Trd, 8638780.279, 114
Trd, 8638780.646, 107
Trd, 8638780.779, 84
Trd, 8638781.379, 120
Trd, 8638781.646, 68
Trd, 8638782.046, 122
Trd, 8638782.112, 100
Trd, 8638782.346, 82
Trd, 8638783.546, 101
Trd, 8638784.379, 115
Trd, 8638784.812, 113
Trd, 8638785.079, 100
Trd, 8638785.679, 79
Trd, 8638786.946, 124
Trd, 8638787.712, 136
Trd, 8638788.012, 130
Trd, 8638788.246, 113
Trd, 8638788.412, 112
Trd, 8638788.812, 100
Trd, 8638788.846, 93
Trd, 8638788.879, 93
Trd, 8638789.479, 119
Trd, 8638790.579, 118
Trd, 8638790.879, 115
Trd, 8638790.912, 86
Trd, 8638791.346, 80
Trd, 8638794.479, 128
Trd, 8638794.612, 127
Trd, 8638794.746, 122
Trd, 8638795.212, 127
Trd, 8638795.246, 122
Trd, 8638795.646, 96
Trd, 8638795.779, 95
Trd, 8638796.012, 114
Trd, 8638796.046, 129
Trd, 8638796.146, 113
Trd, 8638796.346, 129
Trd, 8638796.679, 118
Trd, 8638797.479, 93
Trd, 8638797.679, 91
Trd, 8638799.012, 137
Trd, 8638799.412, 127
Trd, 8638799.446, 117
Trd, 8638799.712, 113
Trd, 8638800.212, 132
Trd, 8638800.412, 115
Trd, 8638800.579, 94
Trd, 8638801.679, 110
Trd, 8638801.912, 110
Trd, 8638802.579, 109
Trd, 8638803.179, 106
Trd, 8638803.279, 87
Trd, 8638804.012, 92
Trd, 8638804.712, 120
Trd, 8638804.912, 118
Trd, 8638805.146, 113
Trd, 8638805.412, 121
Trd, 8638805.679, 129
Trd, 8638805.946, 104
Trd, 8638805.979, 100
Trd, 8638806.246, 68
Trd, 8638808.312, 124
Trd, 8638808.579, 123
Trd, 8638809.246, 101
Trd, 8638809.679, 104
Trd, 8638809.779, 115
Trd, 8638810.312, 122
Trd, 8638810.446, 126
Trd, 8638811.712, 127
Trd, 8638812.079, 125
Trd, 8638812.912, 121
Trd, 8638813.412, 112
Trd, 8638813.446, 112
Trd, 8638813.646, 104
Trd, 8638814.146, 140
Trd, 8638814.346, 126
Trd, 8638814.679, 113
Trd, 8638814.912, 112
Trd, 8638815.612, 99
Trd, 8638815.779, 89
Trd, 8638816.346, 100
Trd, 8638816.946, 111
Trd, 8638817.746, 127
Trd, 8638818.246, 96
Trd, 8638818.312, 101
Trd, 8638819.046, 99
Trd, 8638819.679, 120
Trd, 8638819.946, 103
Trd, 8638821.379, 140
Trd, 8638821.412, 139
Trd, 8638821.979, 133
Trd, 8638822.346, 131
Trd, 8638823.212, 105
Trd, 8638823.446, 123
Trd, 8638823.512, 103
Trd, 8638823.812, 124
Trd, 8638823.912, 95
Trd, 8638824.179, 81
Trd, 8638824.212, 138
Trd, 8638824.679, 80
Trd, 8638825.046, 123
Trd, 8638826.246, 102
Trd, 8638826.412, 101
Trd, 8638826.746, 100
Trd, 8638827.412, 87
Trd, 8638827.712, 102
Trd, 8638828.712, 125
Trd, 8638828.912, 83
Trd, 8638828.946, 128
Trd, 8638829.279, 95
Trd, 8638829.812, 81
Trd, 8638831.546, 83
Trd, 8638831.946, 136
Trd, 8638832.146, 106
Trd, 8638832.512, 126
Trd, 8638832.879, 93
Trd, 8638833.046, 72
Trd, 8638833.146, 87
Trd, 8638833.312, 68
Trd, 8638834.346, 116
Trd, 8638834.379, 115
Trd, 8638835.112, 118
Trd, 8638835.346, 102
Trd, 8638836.212, 95
Trd, 8638837.979, 104
Trd, 8638838.479, 85
Trd, 8638838.846, 130
Trd, 8638839.246, 126
Trd, 8638839.479, 134
Trd, 8638839.512, 118
Trd, 8638840.112, 69
Trd, 8638840.312, 105
Trd, 8638841.012, 134
Trd, 8638841.579, 129
Trd, 8638842.212, 116
Trd, 8638842.312, 114
Trd, 8638842.446, 133
Trd, 8638842.846, 132
Trd, 8638843.312, 130
Trd, 8638843.979, 78
Trd, 8638844.679, 122
Trd, 8638844.979, 126
Trd, 8638845.146, 97
Trd, 8638845.579, 83
Trd, 8638846.379, 118
Trd, 8638847.012, 126
Trd, 8638847.512, 125
Trd, 8638848.012, 106
Trd, 8638848.312, 103
Trd, 8638848.346, 89
Trd, 8638848.446, 86
Trd, 8638848.679, 88
Trd, 8638849.046, 121
Trd, 8638849.312, 83
Trd, 8638849.446, 78
Trd, 8638850.379, 112
Trd, 8638851.146, 83
Trd, 8638852.679, 94
Trd, 8638852.779, 101
Trd, 8638853.112, 100
Trd, 8638854.179, 113
Trd, 8638854.246, 102
Trd, 8638854.779, 137
Trd, 8638855.079, 131
Trd, 8638855.146, 123
Trd, 8638855.846, 108
Trd, 8638856.179, 104
Trd, 8638856.346, 101
Trd, 8638856.546, 89
Trd, 8638857.046, 93
Trd, 8638857.379, 83
Trd, 8638857.779, 96
Trd, 8638858.012, 136
Trd, 8638859.312, 101
Trd, 8638859.346, 94
Trd, 8638859.512, 92
Trd, 8638859.946, 120
Trd, 8638860.512, 119
Trd, 8638860.946, 123
Trd, 8638861.946, 77
Trd, 8638862.646, 97
Trd, 8638862.846, 127
Trd, 8638863.946, 135
Trd, 8638864.679, 133
Trd, 8638864.812, 132
Trd, 8638864.879, 128
Trd, 8638864.979, 114
Trd, 8638865.212, 125
Trd, 8638865.446, 125
Trd, 8638865.812, 137
Trd, 8638866.212, 119
Trd, 8638866.379, 111
Trd, 8638867.979, 97
Trd, 8638868.246, 89
Trd, 8638868.279, 95
Trd, 8638868.346, 86
Trd, 8638869.379, 103
Trd, 8638869.679, 100
Trd, 8638870.512, 130
Trd, 8638870.646, 135
Trd, 8638870.879, 125
Trd, 8638871.312, 105
Trd, 8638872.146, 109
Trd, 8638872.312, 108
Trd, 8638872.479, 86
Trd, 8638873.146, 92
Trd, 8638873.746, 104
Trd, 8638873.846, 84
Trd, 8638874.146, 69
Trd, 8638874.179, 85
Trd, 8638874.546, 131
Trd, 8638874.846, 114
Trd, 8638876.712, 76
Trd, 8638877.412, 120
Trd, 8638878.846, 79
Trd, 8638878.879, 73
Trd, 8638879.412, 112
Trd, 8638879.479, 82
Trd, 8638879.679, 98
Trd, 8638879.779, 128
Trd, 8638879.946, 125
Trd, 8638880.912, 112
Trd, 8638881.046, 123
Trd, 8638881.512, 114
Trd, 8638882.046, 139
Trd, 8638882.146, 138
Trd, 8638882.312, 100
Trd, 8638882.946, 94
Trd, 8638883.346, 90
Trd, 8638884.412, 115
Trd, 8638884.546, 112
Trd, 8638884.579, 110
Trd, 8638885.246, 85
Trd, 8638885.312, 114
Trd, 8638886.079, 104
Trd, 8638886.179, 87
Trd, 8638886.246, 111
Trd, 8638888.312, 65
Trd, 8638888.512, 82
Trd, 8638888.546, 93
Trd, 8638889.246, 73
Trd, 8638889.279, 83
Trd, 8638889.546, 92
Trd, 8638890.379, 82
Trd, 8638890.546, 119
Trd, 8638891.579, 92
Trd, 8638892.079, 99
Trd, 8638892.546, 96
Trd, 8638892.646, 76
Trd, 8638893.479, 73
Trd, 8638894.512, 85
Trd, 8638894.912, 87
Trd, 8638894.979, 89
Trd, 8638895.846, 123
Trd, 8638896.312, 98
Trd, 8638897.146, 139
Trd, 8638897.346, 103
Trd, 8638897.546, 134
Trd, 8638898.046, 95
Trd, 8638898.279, 140
Trd, 8638898.512, 125
Trd, 8638900.846, 132
Trd, 8638901.579, 132
Trd, 8638901.712, 129
Trd, 8638902.112, 103
Trd, 8638902.579, 133
Trd, 8638902.846, 110
Trd, 8638902.879, 95
Trd, 8638903.712, 110
Trd, 8638905.679, 140
Trd, 8638905.746, 133
Trd, 8638905.946, 122
Trd, 8638907.079, 121
Trd, 8638907.712, 120
Trd, 8638907.779, 100
Trd, 8638908.146, 95
Trd, 8638908.379, 116
Trd, 8638908.512, 113
Trd, 8638909.579, 124
Trd, 8638909.646, 95
Trd, 8638909.912, 89
Trd, 8638910.879, 84
Trd, 8638911.246, 98
Trd, 8638911.846, 122
Trd, 8638913.112, 127
Trd, 8638913.212, 121
Trd, 8638913.946, 139
Trd, 8638914.212, 133
Trd, 8638914.279, 133
Trd, 8638914.612, 97
Trd, 8638915.179, 102
Trd, 8638915.246, 98
Trd, 8638916.046, 128
Trd, 8638916.446, 109
Trd, 8638916.879, 95
Trd, 8638917.079, 78
Trd, 8638917.779, 134
Trd, 8638918.012, 130
Trd, 8638918.612, 96
Trd, 8638918.712, 95
Trd, 8638920.046, 93
Trd, 8638920.246, 89
Trd, 8638920.646, 89
Trd, 8638920.846, 126
Trd, 8638920.946, 78
Trd, 8638921.946, 97
Trd, 8638922.446, 117
Trd, 8638923.412, 140
Trd, 8638924.346, 127
Trd, 8638924.779, 129
Trd, 8638925.112, 121
Trd, 8638925.412, 140
Trd, 8638926.412, 132
Trd, 8638926.579, 121
Trd, 8638926.646, 111
Trd, 8638926.879, 129
Trd, 8638927.312, 100
Trd, 8638927.612, 92
Trd, 8638927.646, 87
Trd, 8638927.979, 96
Trd, 8638928.046, 97
Trd, 8638928.612, 82
Trd, 8638929.512, 78
Trd, 8638929.712, 104
Trd, 8638930.779, 77
Trd, 8638931.246, 81
Trd, 8638931.512, 74
Trd, 8638932.446, 140
Trd, 8638932.912, 136
Trd, 8638933.146, 136
Trd, 8638933.579, 119
Trd, 8638933.846, 110
Trd, 8638934.179, 102
Trd, 8638934.312, 109
Trd, 8638934.612, 99
Trd, 8638935.112, 97
Trd, 8638935.279, 84
Trd, 8638935.579, 86
Trd, 8638935.812, 111
Trd, 8638935.846, 86
Trd, 8638936.146, 110
Trd, 8638936.879, 102
Trd, 8638937.046, 93
Trd, 8638937.746, 98
Trd, 8638938.446, 115
Trd, 8638939.079, 101
Trd, 8638939.279, 95
Trd, 8638939.912, 101
Trd, 8638940.479, 132
Trd, 8638940.946, 140
Trd, 8638940.979, 109
Trd, 8638941.679, 108
Trd, 8638941.912, 110
Trd, 8638942.446, 110
Trd, 8638942.512, 107
Trd, 8638942.579, 91
Trd, 8638943.546, 107
Trd, 8638943.679, 136
Trd, 8638944.379, 107
Trd, 8638944.446, 93
Trd, 8638946.112, 123
Trd, 8638946.279, 118
Trd, 8638946.346, 104
Trd, 8638948.846, 133
Trd, 8638949.046, 127
Trd, 8638949.146, 119
Trd, 8638949.346, 118
Trd, 8638949.612, 100
Trd, 8638950.379, 119
Trd, 8638950.712, 115
Trd, 8638950.812, 107
Trd, 8638951.346, 104
Trd, 8638951.446, 118
Trd, 8638952.046, 125
Trd, 8638952.146, 124
Trd, 8638952.279, 121
Trd, 8638953.479, 101
Trd, 8638953.512, 96
Trd, 8638953.812, 77
Trd, 8638954.112, 92
Trd, 8638954.946, 87
Trd, 8638955.046, 107
Trd, 8638955.712, 78
Trd, 8638955.912, 103
Trd, 8638956.579, 116
Trd, 8638957.346, 126
Trd, 8638957.512, 120
Trd, 8638959.079, 116
Trd, 8638959.479, 114
Trd, 8638959.646, 115
Trd, 8638959.946, 112
Trd, 8638960.379, 133
Trd, 8638961.712, 140
Trd, 8638962.179, 139
Trd, 8638962.412, 110
Trd, 8638962.879, 105
Trd, 8638963.112, 121
Trd, 8638964.146, 125
Trd, 8638964.179, 111
Trd, 8638964.446, 128
Trd, 8638965.979, 131
Trd, 8638966.446, 118
Trd, 8638966.612, 117
Trd, 8638966.779, 117
Trd, 8638966.979, 121
Trd, 8638968.346, 124
Trd, 8638968.979, 120
Trd, 8638969.212, 114
Trd, 8638969.579, 107
Trd, 8638970.279, 119
Trd, 8638970.512, 127
Trd, 8638970.879, 124
Trd, 8638971.179, 94
Trd, 8638972.312, 130
Trd, 8638972.379, 129
Trd, 8638972.612, 126
Trd, 8638973.012, 137
Trd, 8638973.346, 101
Trd, 8638974.246, 98
Trd, 8638974.712, 95
Trd, 8638975.246, 111
Trd, 8638975.579, 108
Trd, 8638976.046, 132
Trd, 8638979.279, 127
Trd, 8638979.379, 116
Trd, 8638979.612, 103
Trd, 8638979.712, 76
Trd, 8638979.879, 107
Trd, 8638980.279, 79
Trd, 8638980.679, 79
Trd, 8638981.079, 119
Trd, 8638981.946, 118
Trd, 8638983.246, 138
Trd, 8638983.846, 140
Trd, 8638984.612, 117
Trd, 8638985.179, 115
Trd, 8638985.212, 114
Trd, 8638985.712, 112
Trd, 8638986.246, 107
Trd, 8638986.379, 99
Trd, 8638987.046, 126
Trd, 8638987.712, 102
Trd, 8638988.179, 137
Trd, 8638988.379, 140
Trd, 8638988.712, 111
Trd, 8638989.012, 104
Trd, 8638989.312, 111
Trd, 8638989.746, 101
Trd, 8638990.012, 120
Trd, 8638990.479, 98
Trd, 8638990.746, 102
Trd, 8638991.879, 102
Trd, 8638992.046, 108
Trd, 8638992.446, 71
Trd, 8638993.912, 93
Trd, 8638994.479, 105
Trd, 8638995.479, 123
Trd, 8638996.212, 122
Trd, 8638996.546, 136
Trd, 8638996.679, 119
Trd, 8638996.912, 128
Trd, 8638996.979, 127
Trd, 8638997.412, 134
Trd, 8638997.679, 132
Trd, 8638998.212, 123
Trd, 8638999.479, 134
Trd, 8639000.546, 133
Trd, 8639000.746, 133
Trd, 8639000.946, 126
Trd, 8639001.646, 131
Trd, 8639001.746, 125
Trd, 8639001.912, 125
Trd, 8639002.146, 114
Trd, 8639002.246, 108
Trd, 8639002.546, 135
Trd, 8639002.612, 110
Trd, 8639002.912, 97
Trd, 8639003.179, 70
Trd, 8639003.712, 133
Trd, 8639005.412, 115
Trd, 8639005.946, 105
Trd, 8639006.112, 97
Trd, 8639006.546, 140
Trd, 8639006.679, 130
Trd, 8639007.479, 129
Trd, 8639007.812, 123
Trd, 8639008.012, 123
Trd, 8639008.446, 101
Trd, 8639008.579, 78
Trd, 8639008.679, 138
Trd, 8639009.679, 105
Trd, 8639010.046, 124
Trd, 8639010.746, 130
Trd, 8639010.779, 91
Trd, 8639011.246, 99
Trd, 8639011.879, 131
Trd, 8639012.012, 125
Trd, 8639012.979, 88
Trd, 8639013.112, 88
Trd, 8639013.446, 120
Trd, 8639013.979, 92
Trd, 8639014.412, 63
Trd, 8639015.812, 126
Trd, 8639016.112, 125
Trd, 8639016.712, 100
Trd, 8639017.312, 112
Trd, 8639017.912, 120
Trd, 8639018.412, 122
Trd, 8639019.279, 117
Trd, 8639019.546, 92
Trd, 8639019.746, 90
Trd, 8639020.346, 121
Trd, 8639020.646, 123
Trd, 8639020.779, 120
Trd, 8639021.712, 114
Trd, 8639022.446, 95
Trd, 8639022.612, 76
Trd, 8639023.079, 109
Trd, 8639024.012, 124
Trd, 8639024.179, 103
Trd, 8639024.312, 72
Trd, 8639024.946, 133
Trd, 8639025.279, 95
Trd, 8639025.512, 84
Trd, 8639025.646, 121
Trd, 8639026.446, 70
Trd, 8639026.946, 69
Trd, 8639027.679, 80
Trd, 8639027.712, 88
Trd, 8639028.246, 106
Trd, 8639028.279, 110
Trd, 8639028.579, 114
Trd, 8639029.179, 124
Trd, 8639029.912, 105
Trd, 8639030.446, 101
Trd, 8639030.812, 110
Trd, 8639030.979, 97
Trd, 8639031.579, 87
Trd, 8639031.679, 93
Trd, 8639032.546, 95
Trd, 8639033.679, 107
Trd, 8639033.779, 105
Trd, 8639033.846, 104
Trd, 8639034.612, 131
Trd, 8639034.846, 125
Trd, 8639035.446, 131
Trd, 8639035.812, 127
Trd, 8639035.879, 110
Trd, 8639036.279, 122
Trd, 8639036.979, 107
Trd, 8639037.079, 102
Trd, 8639037.479, 86
Trd, 8639037.746, 115
Trd, 8639038.746, 140
Trd, 8639039.212, 121
Trd, 8639039.412, 110
Trd, 8639039.579, 93
Trd, 8639040.246, 94
Trd, 8639041.246, 94
Trd, 8639041.612, 82
Trd, 8639041.679, 97
Trd, 8639042.279, 86
Trd, 8639042.946, 111
Trd, 8639043.179, 113
Trd, 8639043.912, 130
Trd, 8639044.779, 120
Trd, 8639044.946, 116
Trd, 8639045.079, 103
Trd, 8639045.312, 70
Trd, 8639046.412, 125
Trd, 8639046.479, 121
Trd, 8639046.912, 127
Trd, 8639046.979, 117
Trd, 8639047.279, 112
Trd, 8639049.212, 121
Trd, 8639050.246, 103
Trd, 8639050.279, 102
Trd, 8639051.012, 110
Trd, 8639051.379, 129
Trd, 8639051.412, 101
Trd, 8639051.612, 108
Trd, 8639052.112, 123
Trd, 8639052.312, 98
Trd, 8639052.346, 83
Trd, 8639053.479, 93
Trd, 8639054.246, 124
Trd, 8639055.179, 138
Trd, 8639056.512, 137
Trd, 8639056.746, 131
Trd, 8639056.846, 118
Trd, 8639057.146, 99
Trd, 8639057.479, 95
Trd, 8639057.546, 86
Trd, 8639057.879, 110
Trd, 8639057.912, 93
Trd, 8639058.112, 115
Trd, 8639058.846, 60
Trd, 8639060.212, 62
Trd, 8639060.679, 89
Trd, 8639061.212, 119
Trd, 8639061.712, 65
Trd, 8639061.746, 67
Trd, 8639061.779, 92
Trd, 8639062.746, 84
Trd, 8639062.812, 72
Trd, 8639063.512, 113
Trd, 8639063.979, 115
Trd, 8639064.079, 105
Trd, 8639064.946, 104
Trd, 8639065.812, 113
Trd, 8639066.046, 113
Trd, 8639066.879, 102
Trd, 8639066.946, 98
Trd, 8639067.179, 92
Trd, 8639067.546, 91
Trd, 8639067.746, 110
Trd, 8639068.012, 106
Trd, 8639068.079, 111
Trd, 8639068.979, 95
Trd, 8639069.612, 86
Trd, 8639070.212, 121
Trd, 8639070.912, 111
Trd, 8639071.246, 108
Trd, 8639071.512, 133
Trd, 8639071.679, 123
Trd, 8639072.246, 114
Trd, 8639072.646, 101
Trd, 8639073.712, 106
Trd, 8639073.779, 104
Trd, 8639073.846, 124
Trd, 8639074.146, 130
Trd, 8639074.746, 97
Trd, 8639074.912, 91
Trd, 8639075.012, 128
Trd, 8639075.512, 123
Trd, 8639076.546, 100
Trd, 8639077.679, 105
Trd, 8639077.879, 103
Trd, 8639078.512, 93
Trd, 8639079.612, 106
Trd, 8639079.879, 109
Trd, 8639080.112, 124
Trd, 8639080.646, 131
Trd, 8639080.712, 129
Trd, 8639080.979, 114
Trd, 8639081.846, 94
Trd, 8639082.646, 117
Trd, 8639083.779, 103
Trd, 8639084.046, 96
Trd, 8639084.546, 97
Trd, 8639085.046, 140
Trd, 8639085.279, 133
Trd, 8639085.646, 105
Trd, 8639085.812, 106
Trd, 8639086.046, 104
Trd, 8639086.146, 75
Trd, 8639086.979, 113
Trd, 8639088.346, 134
Trd, 8639088.679, 128
Trd, 8639089.646, 102
Trd, 8639089.712, 104
Trd, 8639089.779, 98
Trd, 8639089.912, 93
Trd, 8639090.646, 127
Trd, 8639091.846, 133
Trd, 8639091.879, 127
Trd, 8639092.046, 121
Trd, 8639092.179, 115
Trd, 8639092.746, 122
Trd, 8639093.379, 104
Trd, 8639093.612, 103
Trd, 8639093.746, 108
Trd, 8639095.046, 139
Trd, 8639096.146, 138
Trd, 8639096.279, 132
Trd, 8639096.512, 133
Trd, 8639096.612, 115
Trd, 8639096.679, 84
Trd, 8639097.946, 75
Trd, 8639098.046, 78
Trd, 8639098.279, 90
Trd, 8639098.479, 62
Trd, 8639099.279, 117
Trd, 8639099.646, 87
Trd, 8639100.712, 84
Trd, 8639101.579, 104
Trd, 8639102.079, 128
Trd, 8639102.279, 102
Trd, 8639103.179, 116
Trd, 8639103.912, 131
Trd, 8639103.979, 124
Trd, 8639104.012, 121
Trd, 8639104.112, 94
Trd, 8639104.679, 119
Trd, 8639105.146, 127
Trd, 8639105.179, 115
Trd, 8639105.512, 115
Trd, 8639106.079, 113
Trd, 8639106.212, 108
Trd, 8639107.412, 65
Trd, 8639107.946, 86
Trd, 8639108.446, 134
Trd, 8639108.912, 63
Trd, 8639108.946, 69
Trd, 8639109.379, 76
Trd, 8639110.179, 67
Trd, 8639110.312, 76
Trd, 8639110.612, 86
Trd, 8639110.979, 98
Trd, 8639111.879, 118
Trd, 8639112.746, 117
Trd, 8639112.846, 123
Trd, 8639112.879, 113
Trd, 8639113.246, 102
Trd, 8639113.546, 123
Trd, 8639113.912, 100
Trd, 8639114.012, 102
Trd, 8639115.146, 85
Trd, 8639116.412, 140
Trd, 8639116.846, 140
Trd, 8639116.879, 139
Trd, 8639117.646, 137
Trd, 8639118.079, 101
Trd, 8639118.512, 98
Trd, 8639118.712, 92
Trd, 8639119.012, 97
Trd, 8639119.079, 132
Trd, 8639120.046, 133
Trd, 8639120.512, 138
Trd, 8639120.546, 136
Trd, 8639120.712, 120
Trd, 8639121.579, 113
Trd, 8639121.879, 112
Trd, 8639122.779, 134
Trd, 8639123.779, 111
Trd, 8639123.812, 103
Trd, 8639123.979, 101
Trd, 8639124.846, 101
Trd, 8639125.146, 87
Trd, 8639125.312, 87
Trd, 8639126.479, 75
Trd, 8639127.012, 68
Trd, 8639127.312, 137
Trd, 8639127.546, 114
Trd, 8639128.146, 134
Trd, 8639128.212, 114
Trd, 8639128.346, 112
Trd, 8639129.312, 67
Trd, 8639129.979, 72
Trd, 8639130.279, 77
Trd, 8639130.512, 93
Trd, 8639130.612, 95
Trd, 8639132.112, 91
Trd, 8639132.212, 76
Trd, 8639132.479, 109
Trd, 8639132.679, 125
Trd, 8639133.612, 129
Trd, 8639134.046, 125
Trd, 8639135.446, 130
Trd, 8639135.979, 138
Trd, 8639136.346, 132
Trd, 8639136.412, 129
Trd, 8639136.479, 124
Trd, 8639136.512, 119
Trd, 8639138.079, 125
Trd, 8639138.346, 117
Trd, 8639138.712, 133
Trd, 8639139.146, 124
Trd, 8639140.146, 138
Trd, 8639140.646, 127
Trd, 8639141.212, 126
Trd, 8639141.246, 113
Trd, 8639142.346, 132
Trd, 8639143.412, 103
Trd, 8639143.479, 99
Trd, 8639144.512, 128
Trd, 8639144.579, 124
Trd, 8639144.646, 108
Trd, 8639145.246, 113
Trd, 8639145.412, 107
Trd, 8639146.512, 125
Trd, 8639147.879, 113
Trd, 8639148.746, 120
Trd, 8639149.146, 118
Trd, 8639149.579, 114
Trd, 8639149.846, 113
Trd, 8639149.979, 100
Trd, 8639150.279, 96
Trd, 8639150.612, 110
Trd, 8639150.979, 99
Trd, 8639151.179, 120
Trd, 8639151.446, 72
Trd, 8639152.279, 89
Trd, 8639152.579, 98
Trd, 8639152.712, 115
Trd, 8639153.246, 111
Trd, 8639153.446, 94
Trd, 8639154.812, 105
Trd, 8639155.146, 95
Trd, 8639156.112, 117
Trd, 8639156.979, 116
Trd, 8639157.212, 128
Trd, 8639157.412, 116
Trd, 8639157.712, 94
Trd, 8639158.446, 136
Trd, 8639159.046, 133
Trd, 8639159.279, 128
Trd, 8639160.246, 92
Trd, 8639160.479, 89
Trd, 8639160.579, 86
Trd, 8639161.946, 89
Trd, 8639162.346, 130
Trd, 8639162.512, 111
Trd, 8639163.079, 94
Trd, 8639163.612, 96
Trd, 8639165.212, 133
Trd, 8639165.379, 114
Trd, 8639165.779, 112
Trd, 8639165.846, 120
Trd, 8639166.779, 136
Trd, 8639166.979, 123
Trd, 8639167.312, 117
Trd, 8639167.612, 105
Trd, 8639168.779, 132
Trd, 8639168.812, 135
Trd, 8639168.912, 109
Trd, 8639169.446, 122
Trd, 8639169.812, 98
Trd, 8639171.212, 133
Trd, 8639171.746, 132
Trd, 8639172.546, 134
Trd, 8639172.746, 121
Trd, 8639173.446, 74
Trd, 8639173.612, 73
Trd, 8639173.646, 72
Trd, 8639173.679, 85
Trd, 8639173.946, 91
Trd, 8639174.312, 130
Trd, 8639174.546, 108
Trd, 8639174.612, 92
Trd, 8639175.679, 113
Trd, 8639176.546, 111
Trd, 8639177.046, 119
Trd, 8639178.479, 132
Trd, 8639178.846, 126
Trd, 8639178.912, 103
Trd, 8639179.146, 91
Trd, 8639179.279, 91
Trd, 8639180.746, 108
Trd, 8639180.879, 92
Trd, 8639181.212, 101
Trd, 8639181.279, 87
Trd, 8639181.746, 104
Trd, 8639181.812, 103
Trd, 8639182.112, 90
Trd, 8639182.779, 103
Trd, 8639182.946, 96
Trd, 8639183.679, 64
Trd, 8639185.646, 140
Trd, 8639185.946, 130
Trd, 8639186.046, 125
Trd, 8639186.212, 95
Trd, 8639186.812, 132
Trd, 8639186.946, 130
Trd, 8639187.012, 108
Trd, 8639187.079, 103
Trd, 8639187.479, 122
Trd, 8639187.679, 125
Trd, 8639188.279, 89
Trd, 8639189.212, 96
Trd, 8639189.312, 86
Trd, 8639189.612, 133
Trd, 8639189.679, 119
Trd, 8639190.346, 112
Trd, 8639190.779, 112
Trd, 8639191.346, 122
Trd, 8639191.712, 116
Trd, 8639192.046, 137
Trd, 8639192.846, 127
Trd, 8639193.246, 136
Trd, 8639194.046, 117
Trd, 8639194.579, 106
Trd, 8639194.712, 103
Trd, 8639194.912, 90
Trd, 8639195.046, 125
Trd, 8639196.046, 131
Trd, 8639196.379, 120
Trd, 8639196.579, 115
Trd, 8639197.912, 103
Trd, 8639197.946, 94
Trd, 8639198.912, 126
Trd, 8639198.946, 121
Trd, 8639199.579, 140
Trd, 8639200.612, 133
Trd, 8639201.312, 116
Trd, 8639201.646, 135
Trd, 8639202.712, 137
Trd, 8639202.779, 122
Trd, 8639202.812, 120
Trd, 8639203.812, 123
Trd, 8639204.079, 122
Trd, 8639205.279, 133
Trd, 8639205.546, 125
Trd, 8639205.779, 116
Trd, 8639206.312, 115
Trd, 8639206.479, 131
Trd, 8639206.679, 110
Trd, 8639207.312, 92
Trd, 8639207.879, 103
Trd, 8639208.512, 122
Trd, 8639208.912, 129
Trd, 8639209.146, 138
Trd, 8639210.212, 110
Trd, 8639210.346, 109
Trd, 8639210.846, 109
Trd, 8639211.346, 102
Trd, 8639211.379, 99
Trd, 8639211.479, 81
Trd, 8639212.112, 118
Trd, 8639213.746, 117
Trd, 8639214.179, 113
Trd, 8639214.279, 115
Trd, 8639214.879, 127
Trd, 8639215.346, 110
Trd, 8639215.446, 110
Trd, 8639215.579, 118
Trd, 8639216.246, 126
Trd, 8639217.146, 136
Trd, 8639217.946, 137
Trd, 8639218.012, 137
Trd, 8639218.046, 136
Trd, 8639218.412, 125
Trd, 8639218.746, 114
Trd, 8639219.512, 131
Trd, 8639219.579, 113
Trd, 8639220.346, 103
Trd, 8639221.079, 125
Trd, 8639221.679, 117
Trd, 8639221.812, 128
Trd, 8639221.879, 116
Trd, 8639222.079, 116
Trd, 8639222.879, 101
Trd, 8639222.912, 103
Trd, 8639223.279, 117
Trd, 8639223.312, 97
Trd, 8639223.846, 90
Trd, 8639224.279, 104
Trd, 8639225.046, 98
Trd, 8639226.146, 137
Trd, 8639226.179, 112
Trd, 8639226.279, 140
Trd, 8639226.646, 115
Trd, 8639226.679, 114
Trd, 8639227.179, 114
Trd, 8639227.412, 110
Trd, 8639227.479, 96
Trd, 8639227.546, 93
Trd, 8639227.812, 88
Trd, 8639228.312, 112
Trd, 8639229.779, 128
Trd, 8639230.479, 128
Trd, 8639230.879, 123
Trd, 8639231.246, 113
Trd, 8639231.346, 114
Trd, 8639231.812, 94
Trd, 8639232.312, 81
Trd, 8639232.512, 91
Trd, 8639233.479, 78
Trd, 8639233.679, 82
Trd, 8639234.612, 108
Trd, 8639235.212, 101
Trd, 8639235.412, 100
Trd, 8639235.579, 86
Trd, 8639236.679, 88
Trd, 8639237.279, 71
Trd, 8639237.746, 70
Trd, 8639237.779, 103
Trd, 8639238.279, 68
Trd, 8639238.546, 69
Trd, 8639238.846, 71
Trd, 8639239.746, 87
Trd, 8639240.046, 94
Trd, 8639240.246, 98
Trd, 8639241.112, 140
Trd, 8639241.279, 109
Trd, 8639242.179, 126
Trd, 8639242.279, 111
Trd, 8639244.846, 118
Trd, 8639244.912, 109
Trd, 8639244.979, 109
Trd, 8639245.012, 121
Trd, 8639245.346, 122
Trd, 8639245.479, 103
Trd, 8639246.646, 138
Trd, 8639247.179, 136
Trd, 8639248.246, 99
Trd, 8639248.346, 98
Trd, 8639248.446, 91
Trd, 8639248.612, 119
Trd, 8639248.879, 114
Trd, 8639249.346, 124
Trd, 8639249.412, 105
Trd, 8639249.812, 112
Trd, 8639249.912, 82
Trd, 8639250.279, 83
Trd, 8639251.546, 119
Trd, 8639251.746, 139
Trd, 8639251.879, 103
Trd, 8639252.246, 97
Trd, 8639252.312, 96
Trd, 8639253.046, 115
Trd, 8639253.846, 106
Trd, 8639254.046, 109
Trd, 8639255.779, 117
Trd, 8639256.179, 118
Trd, 8639256.546, 97
Trd, 8639256.579, 102
Trd, 8639256.646, 95
Trd, 8639257.446, 133
Trd, 8639258.012, 131
Trd, 8639258.246, 117
Trd, 8639259.246, 104
Trd, 8639259.612, 126
Trd, 8639260.046, 99
Trd, 8639260.812, 109
Trd, 8639260.879, 94
Trd, 8639261.446, 110
Trd, 8639261.579, 77
Trd, 8639261.712, 126
Trd, 8639261.946, 106
Trd, 8639262.312, 128
Trd, 8639262.479, 116
Trd, 8639262.879, 101
Trd, 8639263.346, 128
Trd, 8639264.379, 130
Trd, 8639265.279, 120
Trd, 8639266.879, 108
Trd, 8639267.279, 119
Trd, 8639267.412, 135
Trd, 8639267.779, 116
Trd, 8639267.979, 103
Trd, 8639268.046, 96
Trd, 8639268.246, 84
Trd, 8639268.479, 111
Trd, 8639270.212, 94
Trd, 8639270.546, 93
Trd, 8639271.646, 122
Trd, 8639271.912, 117
Trd, 8639273.079, 135
Trd, 8639273.112, 125
Trd, 8639273.279, 114
Trd, 8639273.746, 101
Trd, 8639273.946, 126
Trd, 8639274.712, 95
Trd, 8639274.812, 106
Trd, 8639275.079, 68
Trd, 8639276.512, 121
Trd, 8639276.946, 78
Trd, 8639277.179, 73
Trd, 8639277.979, 133
Trd, 8639278.146, 86
Trd, 8639278.312, 90
Trd, 8639278.446, 93
Trd, 8639278.512, 76
Trd, 8639278.979, 139
Trd, 8639279.146, 138
Trd, 8639281.346, 110
Trd, 8639281.712, 127
Trd, 8639282.079, 103
Trd, 8639282.112, 106
Trd, 8639282.846, 123
Trd, 8639283.412, 100
Trd, 8639283.879, 110
Trd, 8639284.179, 92
Trd, 8639285.512, 127
Trd, 8639285.612, 122
Trd, 8639285.812, 116
Trd, 8639285.879, 114
Trd, 8639287.179, 126
Trd, 8639287.479, 102
Trd, 8639288.579, 122
Trd, 8639289.312, 105
Trd, 8639289.446, 93
Trd, 8639289.612, 113
Trd, 8639290.412, 137
Trd, 8639290.612, 131
Trd, 8639290.712, 117
Trd, 8639290.946, 109
Trd, 8639291.412, 123
Trd, 8639291.546, 99
Trd, 8639291.712, 83
Trd, 8639292.279, 98
Trd, 8639293.379, 124
Trd, 8639293.779, 107
Trd, 8639294.212, 125
Trd, 8639294.412, 95
Trd, 8639294.446, 109
Trd, 8639294.479, 94
Trd, 8639294.612, 92
Trd, 8639295.346, 91
Trd, 8639296.379, 107
Trd, 8639296.646, 133
Trd, 8639296.946, 105
Trd, 8639298.479, 108
Trd, 8639299.079, 104
Trd, 8639299.246, 118
Trd, 8639299.679, 111
Trd, 8639300.146, 103
Trd, 8639300.279, 102
Trd, 8639300.379, 98
Trd, 8639301.612, 95
Trd, 8639301.779, 100
Trd, 8639301.979, 122
Trd, 8639302.479, 86
Trd, 8639302.846, 114
Trd, 8639302.979, 126
Trd, 8639303.879, 137
Trd, 8639304.046, 109
Trd, 8639304.512, 130
Trd, 8639306.312, 127
Trd, 8639306.879, 121
Trd, 8639307.179, 120
Trd, 8639307.412, 118
Trd, 8639307.979, 122
Trd, 8639308.579, 125
Trd, 8639309.512, 110
Trd, 8639309.546, 106
Trd, 8639309.579, 113
Trd, 8639309.846, 100
Trd, 8639310.546, 130
Trd, 8639311.012, 133
Trd, 8639311.046, 109
Trd, 8639311.579, 87
Trd, 8639311.679, 92
Trd, 8639311.779, 86
Trd, 8639312.812, 114
Trd, 8639313.346, 131
Trd, 8639313.746, 129
Trd, 8639314.079, 120
Trd, 8639314.912, 116
Trd, 8639315.112, 127
Trd, 8639315.546, 134
Trd, 8639315.679, 115
Trd, 8639316.412, 130
Trd, 8639317.279, 128
Trd, 8639317.846, 122
Trd, 8639318.012, 112
Trd, 8639318.212, 106
Trd, 8639319.146, 101
Trd, 8639319.246, 90
Trd, 8639319.412, 77
Trd, 8639319.779, 139
Trd, 8639320.046, 140
Trd, 8639320.246, 107
Trd, 8639321.712, 127
Trd, 8639321.912, 123
Trd, 8639322.746, 117
Trd, 8639323.479, 130
Trd, 8639323.646, 128
Trd, 8639323.846, 100
Trd, 8639325.412, 130
Trd, 8639325.712, 101
Trd, 8639325.812, 98
Trd, 8639325.879, 98
Trd, 8639326.046, 95
Trd, 8639326.179, 83
Trd, 8639328.046, 122
Trd, 8639328.146, 117
Trd, 8639329.179, 110
Trd, 8639329.312, 136
Trd, 8639329.412, 102
Trd, 8639330.046, 131
Trd, 8639331.246, 139
Trd, 8639331.446, 133
Trd, 8639331.779, 128
Trd, 8639332.346, 127
Trd, 8639332.646, 124
Trd, 8639333.412, 118
Trd, 8639334.146, 118
Trd, 8639334.279, 136
Trd, 8639335.412, 120
Trd, 8639335.512, 110
Trd, 8639335.746, 94
Trd, 8639336.112, 138
Trd, 8639336.246, 125
Trd, 8639336.712, 119
Trd, 8639337.612, 139
Trd, 8639337.779, 123
Trd, 8639338.446, 131
Trd, 8639338.612, 130
Trd, 8639339.479, 119
Trd, 8639340.512, 120
Trd, 8639341.179, 111
Trd, 8639341.679, 104
Trd, 8639343.179, 110
Trd, 8639343.246, 104
Trd, 8639343.379, 104
Trd, 8639343.412, 100
Trd, 8639343.779, 105
Trd, 8639343.846, 83
Trd, 8639344.212, 71
Trd, 8639344.546, 100
Trd, 8639345.279, 129
Trd, 8639346.179, 136
Trd, 8639346.212, 125
Trd, 8639346.546, 138
Trd, 8639346.946, 97
Trd, 8639347.312, 135
Trd, 8639347.346, 86
Trd, 8639348.146, 130
Trd, 8639348.279, 87
Trd, 8639349.279, 122
Trd, 8639349.612, 116
Trd, 8639350.012, 118
Trd, 8639350.712, 126
Trd, 8639351.012, 123
Trd, 8639351.312, 83
Trd, 8639351.579, 83
Trd, 8639351.846, 82
Trd, 8639352.879, 135
Trd, 8639353.179, 119
Trd, 8639353.912, 95
Trd, 8639354.146, 138
Trd, 8639354.479, 125
Trd, 8639355.346, 128
Trd, 8639356.112, 120
Trd, 8639356.712, 112
Trd, 8639356.879, 110
Trd, 8639357.446, 108
Trd, 8639357.646, 99
Trd, 8639359.246, 104
Trd, 8639359.779, 130
Trd, 8639360.312, 130
Trd, 8639360.846, 126
Trd, 8639360.912, 127
Trd, 8639361.646, 122
Trd, 8639361.846, 105
Trd, 8639362.212, 139
Trd, 8639362.446, 122
Trd, 8639362.679, 85
Trd, 8639363.179, 115
Trd, 8639363.312, 111
Trd, 8639363.612, 103
Trd, 8639364.412, 95
Trd, 8639365.712, 139
Trd, 8639365.812, 138
Trd, 8639365.912, 103
Trd, 8639366.646, 102
Trd, 8639367.012, 126
Trd, 8639367.479, 136
Trd, 8639367.879, 116
Trd, 8639368.346, 92
Trd, 8639369.346, 103
Trd, 8639369.579, 104
Trd, 8639369.812, 99
Trd, 8639370.212, 135
Trd, 8639370.579, 83
Trd, 8639371.312, 102
Trd, 8639371.512, 85
Trd, 8639371.579, 109
Trd, 8639371.812, 88
Trd, 8639372.379, 136
Trd, 8639372.512, 130
Trd, 8639372.546, 123
Trd, 8639372.946, 139
Trd, 8639373.379, 113
Trd, 8639374.779, 112
Trd, 8639374.912, 108
Trd, 8639375.612, 124
Trd, 8639375.846, 91
Trd, 8639375.946, 120
Trd, 8639376.212, 121
Trd, 8639376.679, 127
Trd, 8639377.179, 118
Trd, 8639378.046, 125
Trd, 8639378.812, 136
Trd, 8639378.979, 134
Trd, 8639379.279, 130
Trd, 8639379.846, 125
Trd, 8639379.946, 119
Trd, 8639380.979, 138
Trd, 8639381.046, 111
Trd, 8639381.446, 130
Trd, 8639382.079, 111
Trd, 8639382.212, 108
Trd, 8639382.412, 97
Trd, 8639382.546, 108
Trd, 8639382.779, 89
Trd, 8639384.412, 90
Trd, 8639384.612, 90
Trd, 8639385.212, 136
Trd, 8639385.479, 118
Trd, 8639385.646, 98
Trd, 8639386.179, 93
Trd, 8639386.279, 108
Trd, 8639386.912, 113
Trd, 8639387.146, 91
Trd, 8639387.846, 83
Trd, 8639388.212, 75
Trd, 8639388.946, 121
Trd, 8639389.646, 89
Trd, 8639390.779, 117
Trd, 8639391.546, 122
Trd, 8639392.346, 130
Trd, 8639392.712, 114
Trd, 8639393.679, 118
Trd, 8639393.879, 117
Trd, 8639394.079, 112
Trd, 8639396.646, 133
Trd, 8639396.712, 132
Trd, 8639396.912, 128
Trd, 8639398.679, 129
Trd, 8639398.746, 127
Trd, 8639399.012, 124
Trd, 8639399.046, 119
Trd, 8639399.279, 110
Trd, 8639399.412, 125
Trd, 8639399.779, 126
Trd, 8639400.312, 107
Trd, 8639400.979, 104
Trd, 8639401.479, 104
Trd, 8639402.179, 110
Trd, 8639402.412, 91
Trd, 8639402.646, 90
Trd, 8639403.112, 100
Trd, 8639403.246, 98
Trd, 8639404.112, 116
Trd, 8639404.179, 95
Trd, 8639404.546, 127
Trd, 8639405.246, 125
Trd, 8639405.779, 109
Trd, 8639405.812, 124
Trd, 8639406.146, 89
Trd, 8639406.512, 124
Trd, 8639407.646, 114
Trd, 8639407.846, 107
Trd, 8639408.346, 81
Trd, 8639408.946, 124
Trd, 8639409.912, 94
Trd, 8639410.446, 134
Trd, 8639411.346, 138
Trd, 8639411.979, 136
Trd, 8639412.112, 131
Trd, 8639412.479, 107
Trd, 8639413.112, 140
Trd, 8639413.312, 80
Trd, 8639413.712, 79
Trd, 8639413.812, 64
Trd, 8639414.046, 77
Trd, 8639415.346, 106
Trd, 8639416.246, 119
Trd, 8639416.279, 99
Trd, 8639416.512, 97
Trd, 8639416.646, 96
Trd, 8639417.979, 128
Trd, 8639418.279, 126
Trd, 8639418.312, 106
Trd, 8639418.779, 118
Trd, 8639419.212, 65
Trd, 8639419.312, 62
Trd, 8639419.579, 73
Trd, 8639420.612, 130
Trd, 8639420.946, 123
Trd, 8639422.012, 108
Trd, 8639422.879, 122
Trd, 8639422.912, 118
Trd, 8639423.346, 131
Trd, 8639423.512, 127
Trd, 8639423.746, 101
Trd, 8639424.446, 136
Trd, 8639424.679, 136
Trd, 8639425.112, 131
Trd, 8639425.379, 125
Trd, 8639426.112, 103
Trd, 8639426.279, 109
Trd, 8639426.446, 98
Trd, 8639426.479, 100
Trd, 8639427.279, 130
Trd, 8639428.046, 78
Trd, 8639428.779, 80
Trd, 8639429.112, 96
Trd, 8639429.412, 78
Trd, 8639429.679, 74
Trd, 8639430.179, 93
Trd, 8639430.546, 105
Trd, 8639431.046, 137
Trd, 8639431.212, 93
Trd, 8639432.046, 131
Trd, 8639433.612, 132
Trd, 8639433.879, 110
Trd, 8639434.479, 128
Trd, 8639434.812, 118
Trd, 8639435.646, 130
Trd, 8639436.046, 125
Trd, 8639436.912, 113
Trd, 8639437.179, 138
Trd, 8639437.212, 113
Trd, 8639437.379, 119
Trd, 8639437.912, 110
Trd, 8639438.346, 132
Trd, 8639438.746, 130
Trd, 8639438.779, 115
Trd, 8639439.046, 92
Trd, 8639439.646, 137
Trd, 8639440.312, 132
Trd, 8639440.612, 131
Trd, 8639441.779, 108
Trd, 8639442.279, 138
Trd, 8639442.512, 112
Trd, 8639443.179, 104
Trd, 8639443.246, 101
Trd, 8639443.412, 123
Trd, 8639444.212, 108
Trd, 8639445.246, 109
Trd, 8639446.079, 121
Trd, 8639446.579, 129
Trd, 8639447.079, 96
Trd, 8639447.846, 79
Trd, 8639448.512, 111
Trd, 8639448.646, 96
Trd, 8639448.912, 106
Trd, 8639449.012, 76
Trd, 8639449.212, 76
Trd, 8639449.312, 101
Trd, 8639449.479, 85
Trd, 8639449.546, 110
Trd, 8639450.979, 115
Trd, 8639451.679, 102
Trd, 8639452.579, 113
Trd, 8639452.779, 99
Trd, 8639452.946, 124
Trd, 8639453.546, 124
Trd, 8639454.546, 108
Trd, 8639455.079, 114
Trd, 8639455.912, 109
Trd, 8639455.979, 107
Trd, 8639456.812, 121
Trd, 8639456.979, 109
Trd, 8639457.046, 101
Trd, 8639457.579, 137
Trd, 8639457.646, 140
Trd, 8639457.846, 131
Trd, 8639459.446, 101
Trd, 8639459.479, 99
Trd, 8639459.812, 109
Trd, 8639459.979, 99
Trd, 8639460.412, 119
Trd, 8639460.912, 102
Trd, 8639461.346, 88
Trd, 8639461.712, 85
Trd, 8639461.779, 81
Trd, 8639461.946, 103
Trd, 8639462.012, 123
Trd, 8639462.679, 104
Trd, 8639462.879, 84
Trd, 8639463.412, 129
Trd, 8639464.812, 122
Trd, 8639464.846, 115
Trd, 8639465.012, 130
Trd, 8639465.112, 94
Trd, 8639465.712, 114
Trd, 8639466.579, 100
Trd, 8639466.612, 104
Trd, 8639466.779, 88
Trd, 8639466.879, 133
Trd, 8639467.246, 93
Trd, 8639467.279, 84
Trd, 8639468.312, 118
Trd, 8639469.512, 65
Trd, 8639469.712, 81
Trd, 8639469.812, 101
Trd, 8639470.012, 63
Trd, 8639471.079, 78
Trd, 8639471.246, 128
Trd, 8639472.146, 83
Trd, 8639472.612, 60
Trd, 8639473.046, 98
Trd, 8639473.179, 115
Trd, 8639473.746, 89
Trd, 8639475.179, 87
Trd, 8639475.546, 84
Trd, 8639475.746, 80
Trd, 8639476.812, 95
Trd, 8639476.946, 88
Trd, 8639477.712, 83
Trd, 8639477.746, 103
Trd, 8639478.079, 70
Trd, 8639478.946, 108
Trd, 8639479.079, 85
Trd, 8639479.579, 90
Trd, 8639480.512, 79
Trd, 8639481.579, 137
Trd, 8639481.712, 136
Trd, 8639481.779, 118
Trd, 8639481.979, 108
Trd, 8639482.512, 115
Trd, 8639482.912, 85
Trd, 8639483.179, 106
Trd, 8639483.379, 113
Trd, 8639483.512, 100
Trd, 8639483.879, 121
Trd, 8639484.379, 98
Trd, 8639485.146, 135
Trd, 8639485.646, 138
Trd, 8639485.712, 97
Trd, 8639485.846, 89
Trd, 8639486.179, 84
Trd, 8639487.546, 121
Trd, 8639487.579, 107
Trd, 8639487.846, 130
Trd, 8639488.012, 124
Trd, 8639488.679, 128
Trd, 8639488.746, 107
Trd, 8639489.112, 118
Trd, 8639490.546, 106
Trd, 8639491.146, 80
Trd, 8639491.446, 132
Trd, 8639491.679, 135
Trd, 8639491.812, 120
Trd, 8639492.212, 73
Trd, 8639492.246, 115
Trd, 8639492.512, 72
Trd, 8639495.012, 107
Trd, 8639495.179, 100
Trd, 8639495.212, 134
Trd, 8639495.646, 110
Trd, 8639495.746, 95
Trd, 8639495.779, 85
Trd, 8639496.112, 106
Trd, 8639497.212, 131
Trd, 8639497.779, 102
Trd, 8639498.079, 75
Trd, 8639498.679, 105
Trd, 8639499.546, 88
Trd, 8639501.579, 131
Trd, 8639501.679, 125
Trd, 8639501.979, 138
Trd, 8639502.546, 110
Trd, 8639502.779, 133
Trd, 8639503.979, 139
Trd, 8639504.312, 138
Trd, 8639504.579, 137
Trd, 8639504.812, 131
Trd, 8639505.012, 111
Trd, 8639506.312, 125
Trd, 8639506.546, 118
Trd, 8639507.079, 121
Trd, 8639507.246, 117
Trd, 8639507.912, 121
Trd, 8639508.246, 92
Trd, 8639508.479, 70
Trd, 8639508.512, 80
Trd, 8639508.946, 100
Trd, 8639510.046, 127
Trd, 8639510.412, 113
Trd, 8639510.512, 108
Trd, 8639510.812, 138
Trd, 8639512.712, 98
Trd, 8639513.279, 130
Trd, 8639513.712, 91
Trd, 8639514.579, 113
Trd, 8639514.746, 99
Trd, 8639515.079, 101
Trd, 8639515.479, 114
Trd, 8639516.412, 125
Trd, 8639516.746, 111
Trd, 8639516.779, 110
Trd, 8639516.812, 99
Trd, 8639516.946, 96
Trd, 8639517.846, 122
Trd, 8639518.179, 104
Trd, 8639518.346, 89
Trd, 8639519.179, 102
Trd, 8639519.679, 76
Trd, 8639520.346, 90
Trd, 8639520.512, 93
Trd, 8639521.079, 80
Trd, 8639521.246, 85
Trd, 8639521.546, 99
Trd, 8639521.879, 104
Trd, 8639522.179, 137
Trd, 8639522.712, 127
Trd, 8639522.912, 122
Trd, 8639523.112, 122
Trd, 8639523.746, 94
Trd, 8639523.812, 93
Trd, 8639523.979, 86
Trd, 8639525.212, 79
Trd, 8639525.446, 80
Trd, 8639526.012, 72
Trd, 8639526.612, 68
Trd, 8639527.479, 82
Trd, 8639527.679, 110
Trd, 8639528.679, 117
Trd, 8639529.079, 79
Trd, 8639529.212, 90
Trd, 8639529.479, 67
Trd, 8639529.912, 63
Trd, 8639530.279, 119
Trd, 8639530.746, 99
Trd, 8639530.846, 116
Trd, 8639531.112, 80
Trd, 8639531.246, 98
Trd, 8639531.912, 89
Trd, 8639532.046, 98
Trd, 8639533.312, 124
Trd, 8639533.479, 102
Trd, 8639534.179, 105
Trd, 8639534.679, 119
Trd, 8639534.979, 136
Trd, 8639535.146, 109
Trd, 8639536.212, 103
Trd, 8639536.246, 99
Trd, 8639536.946, 99
Trd, 8639537.446, 110
Trd, 8639537.546, 107
Trd, 8639537.846, 74
Trd, 8639537.979, 110
Trd, 8639538.546, 135
Trd, 8639538.579, 132
Trd, 8639539.379, 126
Trd, 8639540.512, 109
Trd, 8639540.946, 124
Trd, 8639542.079, 102
Trd, 8639542.412, 104
Trd, 8639542.912, 99
Trd, 8639543.112, 116
Trd, 8639543.146, 98
Trd, 8639543.479, 115
Trd, 8639544.346, 97
Trd, 8639544.579, 85
Trd, 8639545.512, 135
Trd, 8639545.746, 125
Trd, 8639546.012, 125
Trd, 8639546.312, 112
Trd, 8639546.446, 111
Trd, 8639547.612, 138
Trd, 8639548.046, 131
Trd, 8639548.646, 118
Trd, 8639548.946, 130
Trd, 8639549.246, 118
Trd, 8639549.712, 119
Trd, 8639549.979, 105
Trd, 8639550.679, 100
Trd, 8639550.812, 99
Trd, 8639550.946, 88
Trd, 8639552.046, 110
Trd, 8639552.079, 123
Trd, 8639553.046, 112
Trd, 8639553.079, 112
Trd, 8639553.179, 108
Trd, 8639553.779, 139
Trd, 8639554.346, 128
Trd, 8639554.546, 129
Trd, 8639555.346, 116
Trd, 8639555.546, 115
Trd, 8639555.612, 117
Trd, 8639555.946, 117
Trd, 8639556.146, 120
Trd, 8639556.612, 138
Trd, 8639556.946, 132
Trd, 8639556.979, 99
Trd, 8639558.412, 139
Trd, 8639559.012, 119
Trd, 8639560.312, 140
Trd, 8639560.579, 129
Trd, 8639561.046, 114
Trd, 8639561.446, 124
Trd, 8639562.846, 134
Trd, 8639563.246, 114
Trd, 8639563.612, 116
Trd, 8639563.812, 123
Trd, 8639564.279, 136
Trd, 8639564.779, 130
Trd, 8639565.079, 122
Trd, 8639565.312, 121
Trd, 8639565.879, 139
Trd, 8639565.979, 103
Trd, 8639566.412, 105
Trd, 8639566.979, 96
Trd, 8639567.179, 87
Trd, 8639567.546, 132
Trd, 8639567.779, 115
Trd, 8639568.646, 132
Trd, 8639569.112, 124
Trd, 8639569.646, 116
Trd, 8639569.712, 110
Trd, 8639570.712, 92
Trd, 8639571.679, 101
Trd, 8639572.612, 139
Trd, 8639572.679, 133
Trd, 8639573.079, 130
Trd, 8639573.746, 108
Trd, 8639574.679, 98
Trd, 8639575.046, 116
Trd, 8639575.446, 95
Trd, 8639575.879, 134
Trd, 8639576.879, 104
Trd, 8639577.212, 103
Trd, 8639577.612, 126
Trd, 8639579.712, 131
Trd, 8639580.312, 138
Trd, 8639580.679, 137
Trd, 8639580.879, 131
Trd, 8639580.912, 126
Trd, 8639581.579, 136
Trd, 8639582.379, 129
Trd, 8639582.712, 122
Trd, 8639582.812, 115
Trd, 8639583.279, 123
Trd, 8639583.679, 115
Trd, 8639583.912, 98
Trd, 8639584.946, 126
Trd, 8639585.979, 115
Trd, 8639586.079, 102
Trd, 8639586.246, 119
Trd, 8639586.279, 107
Trd, 8639586.612, 131
Trd, 8639586.879, 134
Trd, 8639587.412, 109
Trd, 8639587.879, 97
Trd, 8639588.112, 107
Trd, 8639588.812, 95
Trd, 8639588.846, 92
Trd, 8639589.046, 91
Trd, 8639589.746, 135
Trd, 8639590.579, 125
Trd, 8639591.379, 131
Trd, 8639591.812, 121
Trd, 8639592.379, 71
Trd, 8639593.112, 81
Trd, 8639593.279, 83
Trd, 8639593.579, 88
Trd, 8639593.879, 116
Trd, 8639594.312, 135
Trd, 8639594.346, 134
Trd, 8639595.046, 118
Trd, 8639595.079, 93
Trd, 8639595.179, 86
Trd, 8639595.979, 104
Trd, 8639596.046, 89
Trd, 8639596.812, 127
Trd, 8639597.412, 127
Trd, 8639597.679, 121
Trd, 8639597.779, 103
Trd, 8639597.946, 102
Trd, 8639598.312, 101
Trd, 8639598.779, 138
Trd, 8639598.846, 101
Trd, 8639600.579, 65
Trd, 8639600.612, 74
Trd, 8639601.112, 112
Trd, 8639601.879, 68
Trd, 8639602.379, 107
Trd, 8639603.046, 121
Trd, 8639603.312, 91
Trd, 8639603.512, 133
Trd, 8639603.746, 91
Trd, 8639604.279, 89
Trd, 8639606.112, 140
Trd, 8639606.312, 140
Trd, 8639606.346, 117
Trd, 8639607.446, 136
Trd, 8639608.112, 99
Trd, 8639608.412, 133
Trd, 8639608.679, 117
Trd, 8639608.812, 132
Trd, 8639608.846, 109
Trd, 8639609.179, 93
Trd, 8639610.012, 127
Trd, 8639611.479, 109
Trd, 8639613.179, 140
Trd, 8639613.279, 130
Trd, 8639613.412, 116
Trd, 8639613.779, 136
Trd, 8639614.479, 140
Trd, 8639614.546, 133
Trd, 8639614.879, 123
Trd, 8639615.612, 123
Trd, 8639615.679, 127
Trd, 8639616.246, 94
Trd, 8639616.746, 129
Trd, 8639617.012, 110
Trd, 8639617.412, 93
Trd, 8639617.579, 66
Trd, 8639618.246, 63
Trd, 8639619.079, 77
Trd, 8639619.279, 119
Trd, 8639619.379, 111
Trd, 8639619.946, 128
Trd, 8639620.412, 121
Trd, 8639620.879, 104
Trd, 8639621.679, 103
Trd, 8639621.746, 99
Trd, 8639622.179, 136
Trd, 8639623.379, 131
Trd, 8639623.412, 122
Trd, 8639623.746, 105
Trd, 8639624.612, 119
Trd, 8639624.812, 111
Trd, 8639624.946, 121
Trd, 8639625.579, 113
Trd, 8639626.479, 134
Trd, 8639626.646, 133
Trd, 8639626.879, 122
Trd, 8639627.212, 115
Trd, 8639627.446, 133
Trd, 8639628.479, 131
Trd, 8639628.546, 127
Trd, 8639628.746, 120
Trd, 8639629.046, 132
Trd, 8639629.412, 138
Trd, 8639630.012, 77
Trd, 8639630.746, 103
Trd, 8639631.012, 132
Trd, 8639631.812, 118
Trd, 8639632.546, 109
Trd, 8639632.612, 95
Trd, 8639633.546, 121
Trd, 8639633.679, 119
Trd, 8639633.846, 114
Trd, 8639634.479, 118
Trd, 8639635.012, 102
Trd, 8639635.112, 100
Trd, 8639635.246, 94
Trd, 8639635.412, 121
Trd, 8639635.846, 130
Trd, 8639636.279, 123
Trd, 8639636.612, 108
Trd, 8639636.779, 128
Trd, 8639637.412, 123
Trd, 8639637.979, 133
Trd, 8639638.279, 107
Trd, 8639638.446, 85
Trd, 8639639.479, 104
Trd, 8639640.212, 116
Trd, 8639640.412, 106
Trd, 8639640.646, 88
Trd, 8639641.246, 133
Trd, 8639641.946, 82
Trd, 8639643.146, 135
Trd, 8639643.312, 139
Trd, 8639643.812, 103
Trd, 8639643.912, 80
Trd, 8639644.279, 128
Trd, 8639644.746, 140
Trd, 8639645.712, 105
Trd, 8639646.079, 93
Trd, 8639646.146, 123
Trd, 8639646.812, 100
Trd, 8639647.346, 122
Trd, 8639647.646, 112
Trd, 8639647.946, 99
Trd, 8639648.612, 102
Trd, 8639648.846, 112
Trd, 8639649.279, 135
Trd, 8639650.646, 122
Trd, 8639650.679, 100
Trd, 8639650.912, 120
Trd, 8639650.946, 100
Trd, 8639651.312, 126
Trd, 8639651.412, 95
Trd, 8639651.746, 88
Trd, 8639652.979, 128
Trd, 8639653.446, 117
Trd, 8639654.112, 108
Trd, 8639654.746, 115
Trd, 8639654.946, 83
Trd, 8639655.246, 78
Trd, 8639656.046, 96
Trd, 8639656.812, 107
Trd, 8639657.546, 92
Trd, 8639658.179, 93
Trd, 8639658.212, 91
Trd, 8639658.479, 90
Trd, 8639659.079, 97
Trd, 8639659.146, 89
Trd, 8639659.679, 112
Trd, 8639661.012, 136
Trd, 8639661.179, 112
Trd, 8639661.579, 109
Trd, 8639662.579, 121
Trd, 8639662.979, 129
Trd, 8639663.046, 107
Trd, 8639664.112, 138
Trd, 8639664.546, 73
Trd, 8639664.746, 61
Trd, 8639665.679, 124
Trd, 8639666.979, 62
Trd, 8639668.079, 82
Trd, 8639668.112, 71
Trd, 8639668.979, 105
Trd, 8639669.046, 108
Trd, 8639669.546, 114
Trd, 8639669.579, 86
Trd, 8639669.746, 83
Trd, 8639669.946, 84
Trd, 8639670.012, 84
Trd, 8639670.179, 90
Trd, 8639670.612, 129
Trd, 8639671.412, 134
Trd, 8639671.846, 125
Trd, 8639672.612, 128
Trd, 8639673.912, 114
Trd, 8639674.379, 118
Trd, 8639674.679, 116
Trd, 8639675.112, 120
Trd, 8639675.346, 104
Trd, 8639675.746, 94
Trd, 8639676.246, 120
Trd, 8639676.879, 91
Trd, 8639679.346, 131
Trd, 8639679.779, 130
Trd, 8639680.112, 114
Trd, 8639680.146, 112
Trd, 8639680.279, 87
Trd, 8639680.879, 119
Trd, 8639681.146, 131
Trd, 8639681.546, 127
Trd, 8639682.979, 134
Trd, 8639683.546, 128
Trd, 8639683.879, 124
Trd, 8639684.579, 103
Trd, 8639684.746, 131
Trd, 8639685.779, 130
Trd, 8639686.112, 114
Trd, 8639686.246, 126
Trd, 8639688.312, 104
Trd, 8639689.512, 98
Trd, 8639689.979, 97
Trd, 8639690.612, 126
Trd, 8639690.712, 133
Trd, 8639691.012, 110
Trd, 8639691.512, 125
Trd, 8639692.446, 129
Trd, 8639692.679, 127
Trd, 8639693.012, 126
Trd, 8639693.212, 120
Trd, 8639693.312, 99
Trd, 8639693.412, 119
Trd, 8639694.346, 117
Trd, 8639694.512, 121
Trd, 8639694.646, 94
Trd, 8639696.946, 74
Trd, 8639697.179, 61
Trd, 8639697.712, 78
Trd, 8639698.246, 97
Trd, 8639698.279, 85
Trd, 8639698.512, 110
Trd, 8639699.712, 125
Trd, 8639699.779, 124
Trd, 8639700.779, 123
Trd, 8639701.046, 112
Trd, 8639701.579, 109
Trd, 8639701.779, 100
Trd, 8639702.012, 99
Trd, 8639703.079, 128
Trd, 8639703.479, 118
Trd, 8639704.179, 108
Trd, 8639704.646, 98
Trd, 8639704.946, 81
Trd, 8639705.646, 86
Trd, 8639706.412, 123
Trd, 8639706.446, 117
Trd, 8639707.312, 116
Trd, 8639707.479, 99
Trd, 8639707.612, 132
Trd, 8639707.946, 134
Trd, 8639708.112, 125
Trd, 8639708.146, 99
Trd, 8639708.712, 85
Trd, 8639710.612, 126
Trd, 8639710.679, 120
Trd, 8639711.079, 114
Trd, 8639711.712, 101
Trd, 8639711.946, 107
Trd, 8639712.746, 83
Trd, 8639712.879, 94
Trd, 8639713.579, 106
Trd, 8639714.379, 110
Trd, 8639714.879, 111
Trd, 8639715.012, 106
Trd, 8639715.046, 99
Trd, 8639715.379, 98
Trd, 8639715.612, 85
Trd, 8639716.279, 132
Trd, 8639717.279, 100
Trd, 8639717.379, 98
Trd, 8639717.846, 87
Trd, 8639718.212, 87
Trd, 8639718.779, 84
Trd, 8639719.412, 98
Trd, 8639719.879, 132
Trd, 8639720.446, 136
Trd, 8639720.946, 122
Trd, 8639721.012, 109
Trd, 8639722.046, 121
Trd, 8639722.846, 121
Trd, 8639723.479, 104
Trd, 8639723.579, 103
Trd, 8639723.879, 140
Trd, 8639724.079, 103
Trd, 8639724.112, 100
Trd, 8639724.279, 138
Trd, 8639724.912, 92
Trd, 8639725.512, 126
Trd, 8639725.546, 90
Trd, 8639726.212, 84
Trd, 8639726.746, 103
Trd, 8639727.846, 98
Trd, 8639730.012, 132
Trd, 8639730.212, 124
Trd, 8639730.379, 123
Trd, 8639730.446, 119
Trd, 8639731.046, 97
Trd, 8639731.212, 96
Trd, 8639732.012, 98
Trd, 8639733.046, 138
Trd, 8639733.446, 124
Trd, 8639734.212, 108
Trd, 8639734.512, 126
Trd, 8639735.212, 140
Trd, 8639735.412, 112
Trd, 8639735.446, 107
Trd, 8639735.679, 106
Trd, 8639736.979, 83
Trd, 8639737.079, 77
Trd, 8639738.046, 70
Trd, 8639738.146, 127
Trd, 8639738.612, 138
Trd, 8639738.679, 97
Trd, 8639739.879, 95
Trd, 8639740.012, 104
Trd, 8639740.579, 105
Trd, 8639740.779, 107
Trd, 8639740.979, 101
Trd, 8639741.479, 109
Trd, 8639741.679, 103
Trd, 8639741.746, 95
Trd, 8639742.146, 93
Trd, 8639742.846, 109
Trd, 8639743.779, 113
Trd, 8639743.812, 128
Trd, 8639744.279, 133
Trd, 8639744.412, 120
Trd, 8639744.979, 113
Trd, 8639745.246, 110
Trd, 8639746.212, 105
Trd, 8639746.412, 118
Trd, 8639746.446, 100
Trd, 8639746.946, 98
Trd, 8639747.212, 85
Trd, 8639748.879, 86
Trd, 8639748.946, 64
Trd, 8639749.712, 129
Trd, 8639750.246, 134
Trd, 8639750.779, 140
Trd, 8639751.279, 112
Trd, 8639751.646, 129
Trd, 8639751.746, 125
Trd, 8639751.846, 110
Trd, 8639753.446, 118
Trd, 8639753.712, 119
Trd, 8639754.379, 139
Trd, 8639754.412, 98
Trd, 8639755.112, 136
Trd, 8639755.746, 116
Trd, 8639756.312, 106
Trd, 8639756.846, 96
Trd, 8639756.912, 92
Trd, 8639757.079, 78
Trd, 8639757.779, 91
Trd, 8639758.479, 81
Trd, 8639758.712, 93
Trd, 8639758.912, 139
Trd, 8639760.446, 136
Trd, 8639760.579, 130
Trd, 8639760.779, 103
Trd, 8639761.246, 108
Trd, 8639761.812, 111
Trd, 8639761.846, 110
Trd, 8639762.579, 137
Trd, 8639763.512, 110
Trd, 8639765.012, 124
Trd, 8639765.479, 110
Trd, 8639765.612, 120
Trd, 8639765.946, 136
Trd, 8639766.546, 106
Trd, 8639766.912, 107
Trd, 8639766.979, 102
Trd, 8639767.246, 95
Trd, 8639767.312, 65
Trd, 8639768.979, 100
Trd, 8639769.112, 95
Trd, 8639769.779, 99
Trd, 8639770.712, 132
Trd, 8639770.779, 96
Trd, 8639771.346, 134
Trd, 8639771.412, 127
Trd, 8639772.246, 124
Trd, 8639772.612, 110
Trd, 8639772.912, 60
Trd, 8639773.812, 127
Trd, 8639773.979, 81
Trd, 8639775.412, 113
Trd, 8639776.179, 122
Trd, 8639776.512, 136
Trd, 8639776.579, 109
Trd, 8639777.212, 140
Trd, 8639777.612, 122
Trd, 8639777.746, 117
Trd, 8639777.846, 115
Trd, 8639777.912, 110
Trd, 8639778.179, 96
Trd, 8639779.279, 138
Trd, 8639779.946, 139
Trd, 8639780.146, 136
Trd, 8639780.512, 130
Trd, 8639782.112, 133
Trd, 8639782.212, 107
Trd, 8639782.379, 100
Trd, 8639782.779, 120
Trd, 8639783.946, 128
Trd, 8639784.179, 99
Trd, 8639784.246, 92
Trd, 8639784.446, 85
Trd, 8639785.179, 116
Trd, 8639785.446, 110
Trd, 8639785.712, 98
Trd, 8639786.046, 81
Trd, 8639786.179, 80
Trd, 8639786.212, 109
Trd, 8639786.646, 97
Trd, 8639787.279, 108
Trd, 8639787.346, 107
Trd, 8639788.246, 79
Trd, 8639789.712, 122
Trd, 8639790.546, 137
Trd, 8639791.712, 139
Trd, 8639791.946, 139
Trd, 8639792.279, 138
Trd, 8639792.446, 135
Trd, 8639792.512, 132
Trd, 8639792.812, 132
Trd, 8639793.312, 126
Trd, 8639793.346, 102
Trd, 8639793.946, 104
Trd, 8639794.646, 104
Trd, 8639794.712, 103
Trd, 8639794.812, 110
Trd, 8639795.112, 123
Trd, 8639795.446, 113
Trd, 8639795.712, 101
Trd, 8639796.512, 112
Trd, 8639796.646, 128
Trd, 8639798.046, 140
Trd, 8639798.546, 116
Trd, 8639798.846, 114
Trd, 8639799.279, 93
Trd, 8639800.179, 97
Trd, 8639800.379, 96
Trd, 8639800.679, 100
Trd, 8639801.712, 133
Trd, 8639801.846, 130
Trd, 8639801.946, 119
Trd, 8639802.979, 124
Trd, 8639803.446, 108
Trd, 8639803.879, 104
Trd, 8639804.646, 102
Trd, 8639804.779, 99
Trd, 8639805.312, 101
Trd, 8639805.646, 123
Trd, 8639806.579, 109
Trd, 8639806.846, 116
Trd, 8639806.879, 108
Trd, 8639807.079, 113
Trd, 8639807.912, 103
Trd, 8639807.946, 99
Trd, 8639808.246, 94
Trd, 8639808.479, 130
Trd, 8639808.812, 137
Trd, 8639809.079, 118
Trd, 8639809.146, 109
Trd, 8639810.146, 95
Trd, 8639810.779, 121
Trd, 8639811.446, 95
Trd, 8639811.646, 108
Trd, 8639812.112, 92
Trd, 8639812.312, 113
Trd, 8639814.812, 136
Trd, 8639814.846, 135
Trd, 8639815.179, 132
Trd, 8639815.212, 133
Trd, 8639815.779, 139
Trd, 8639815.879, 138
Trd, 8639815.912, 132
Trd, 8639816.079, 122
Trd, 8639816.112, 120
Trd, 8639817.246, 140
Trd, 8639817.546, 98
Trd, 8639818.046, 106
Trd, 8639819.879, 108
Trd, 8639820.546, 130
Trd, 8639820.712, 102
Trd, 8639820.912, 100
Trd, 8639821.779, 115
Trd, 8639822.179, 125
Trd, 8639822.846, 128
Trd, 8639822.979, 100
Trd, 8639823.912, 105
Trd, 8639824.579, 130
Trd, 8639824.912, 99
Trd, 8639825.446, 115
Trd, 8639826.446, 97
Trd, 8639826.479, 95
Trd, 8639827.412, 85
Trd, 8639827.612, 98
Trd, 8639828.912, 101
Trd, 8639828.979, 107
Trd, 8639829.412, 138
Trd, 8639829.779, 97
Trd, 8639830.546, 99
Trd, 8639831.579, 104
Trd, 8639832.612, 127
Trd, 8639833.012, 115
Trd, 8639833.179, 103
Trd, 8639833.312, 93
Trd, 8639833.879, 134
Trd, 8639835.912, 139
Trd, 8639836.846, 119
Trd, 8639837.346, 114
Trd, 8639837.579, 111
Trd, 8639837.979, 109
Trd, 8639838.179, 104
Trd, 8639838.512, 99
Trd, 8639838.646, 91
Trd, 8639838.979, 128
Trd, 8639839.346, 102
Trd, 8639840.512, 135
Trd, 8639840.812, 133
Trd, 8639841.479, 103
Trd, 8639842.412, 122
Trd, 8639842.712, 119
Trd, 8639843.479, 138
Trd, 8639844.246, 137
Trd, 8639844.779, 140
Trd, 8639845.446, 121
Trd, 8639845.612, 117
Trd, 8639846.446, 108
Trd, 8639847.046, 121
Trd, 8639847.679, 135
Trd, 8639848.312, 112
Trd, 8639848.479, 112
Trd, 8639849.379, 120
Trd, 8639849.446, 116
Trd, 8639850.379, 118
Trd, 8639850.612, 138
Trd, 8639851.379, 140
Trd, 8639851.412, 138
Trd, 8639851.546, 117
Trd, 8639851.579, 109
Trd, 8639852.279, 96
Trd, 8639852.346, 92
Trd, 8639852.546, 103
Trd, 8639853.012, 109
Trd, 8639854.046, 76
Trd, 8639854.312, 95
Trd, 8639855.912, 105
Trd, 8639856.312, 99
Trd, 8639856.612, 115
Trd, 8639857.212, 123
Trd, 8639857.246, 122
Trd, 8639857.279, 91
Trd, 8639857.879, 113
Trd, 8639858.312, 88
Trd, 8639858.812, 100
Trd, 8639860.179, 85
Trd, 8639860.379, 97
Trd, 8639861.046, 110
Trd, 8639861.379, 108
Trd, 8639861.512, 107
Trd, 8639861.846, 121
Trd, 8639862.779, 131
Trd, 8639862.846, 118
Trd, 8639863.546, 129
Trd, 8639863.979, 96
Trd, 8639864.112, 83
Trd, 8639865.479, 98
Trd, 8639865.779, 106
Trd, 8639866.079, 91
Trd, 8639866.179, 91
Trd, 8639867.846, 123
Trd, 8639868.812, 109
Trd, 8639868.846, 108
Trd, 8639869.612, 93
Trd, 8639870.212, 131
Trd, 8639870.479, 109
Trd, 8639871.079, 109
Trd, 8639871.179, 89
Trd, 8639871.279, 87
Trd, 8639872.012, 114
Trd, 8639872.312, 98
Trd, 8639872.879, 95
Trd, 8639873.079, 95
Trd, 8639873.112, 105
Trd, 8639873.246, 107
Trd, 8639873.346, 109
Trd, 8639873.579, 90
Trd, 8639874.379, 97
Trd, 8639875.546, 93
Trd, 8639876.612, 136
Trd, 8639876.812, 131
Trd, 8639876.846, 128
Trd, 8639877.312, 113
Trd, 8639877.446, 116
Trd, 8639877.646, 106
Trd, 8639878.712, 133
Trd, 8639878.846, 132
Trd, 8639879.746, 126
Trd, 8639880.379, 121
Trd, 8639880.512, 96
Trd, 8639881.179, 89
Trd, 8639881.346, 115
Trd, 8639881.912, 138
Trd, 8639882.112, 73
Trd, 8639882.712, 92
Trd, 8639883.046, 106
Trd, 8639883.879, 122
Trd, 8639884.579, 103
Trd, 8639885.212, 123
Trd, 8639885.446, 102
Trd, 8639885.479, 101
Trd, 8639886.412, 133
Trd, 8639886.446, 132
Trd, 8639887.112, 102
Trd, 8639887.379, 129
Trd, 8639887.646, 78
Trd, 8639890.012, 132
Trd, 8639890.712, 123
Trd, 8639891.112, 135
Trd, 8639891.846, 136
Trd, 8639892.212, 138
Trd, 8639892.946, 131
Trd, 8639893.246, 132
Trd, 8639893.312, 119
Trd, 8639893.379, 116
Trd, 8639894.212, 111
Trd, 8639894.346, 100
Trd, 8639894.479, 87
Trd, 8639894.679, 78
Trd, 8639894.712, 77
Trd, 8639897.012, 129
Trd, 8639897.512, 124
Trd, 8639898.846, 108
Trd, 8639899.479, 129
Trd, 8639899.579, 110
Trd, 8639900.546, 123
Trd, 8639900.679, 132
Trd, 8639900.779, 121
Trd, 8639901.379, 103
Trd, 8639901.812, 102
Trd, 8639902.379, 126
Trd, 8639902.612, 103
Trd, 8639902.879, 129
Trd, 8639903.179, 102
Trd, 8639903.579, 93
Trd, 8639903.812, 91
Trd, 8639904.179, 76
Trd, 8639904.479, 115
Trd, 8639904.512, 116
Trd, 8639905.212, 136
Trd, 8639905.512, 122
Trd, 8639906.379, 107
Trd, 8639906.979, 132
Trd, 8639907.079, 88
Trd, 8639907.279, 84
Trd, 8639907.512, 95
Trd, 8639908.446, 71
Trd, 8639909.346, 121
Trd, 8639910.079, 119
Trd, 8639910.346, 117
Trd, 8639910.679, 122
Trd, 8639912.379, 106
Trd, 8639913.046, 139
Trd, 8639913.579, 132
Trd, 8639913.846, 119
Trd, 8639913.979, 110
Trd, 8639914.512, 136
Trd, 8639915.246, 140
Trd, 8639915.646, 139
Trd, 8639916.346, 137
Trd, 8639916.712, 132
Trd, 8639918.412, 126
Trd, 8639918.979, 124
Trd, 8639919.012, 121
Trd, 8639919.079, 117
Trd, 8639921.012, 131
Trd, 8639921.512, 138
Trd, 8639921.646, 125
Trd, 8639922.112, 95
Trd, 8639922.246, 94
Trd, 8639922.712, 135
Trd, 8639923.246, 125
Trd, 8639924.479, 121
Trd, 8639924.646, 118
Trd, 8639924.679, 103
Trd, 8639925.046, 124
Trd, 8639925.479, 118
Trd, 8639925.846, 103
Trd, 8639927.546, 132
Trd, 8639927.779, 130
Trd, 8639927.979, 126
Trd, 8639928.446, 113
Trd, 8639929.212, 138
Trd, 8639929.312, 109
Trd, 8639929.479, 107
Trd, 8639930.079, 103
Trd, 8639930.412, 124
Trd, 8639930.546, 79
Trd, 8639931.379, 116
Trd, 8639931.679, 111
Trd, 8639932.746, 93
Trd, 8639933.246, 136
Trd, 8639933.312, 122
Trd, 8639933.579, 114
Trd, 8639934.046, 112
Trd, 8639934.346, 86
Trd, 8639934.812, 122
Trd, 8639935.812, 104
Trd, 8639936.746, 128
Trd, 8639936.879, 138
Trd, 8639937.179, 119
Trd, 8639937.712, 139
Trd, 8639938.112, 119
Trd, 8639938.246, 119
Trd, 8639938.412, 115
Trd, 8639938.512, 111
Trd, 8639939.612, 122
Trd, 8639940.812, 123
Trd, 8639941.779, 127
Trd, 8639942.146, 117
Trd, 8639942.612, 129
Trd, 8639942.779, 124
Trd, 8639943.079, 115
Trd, 8639943.746, 131
Trd, 8639943.812, 127
Trd, 8639944.546, 98
Trd, 8639944.812, 97
Trd, 8639945.412, 93
Trd, 8639945.646, 116
Trd, 8639945.812, 109
Trd, 8639945.879, 101
Trd, 8639946.279, 109
Trd, 8639947.112, 95
Trd, 8639948.179, 75
Trd, 8639948.479, 87
Trd, 8639948.579, 113
Trd, 8639948.746, 86
Trd, 8639949.179, 102
Trd, 8639949.746, 96
Trd, 8639950.246, 106
Trd, 8639950.712, 127
Trd, 8639951.679, 97
Trd, 8639952.046, 109
Trd, 8639952.446, 122
Trd, 8639952.712, 104
Trd, 8639952.746, 97
Trd, 8639952.846, 74
Trd, 8639953.046, 130
Trd, 8639953.346, 70
Trd, 8639953.879, 107
Trd, 8639954.346, 80
Trd, 8639954.479, 69
Trd, 8639956.146, 118
Trd, 8639956.346, 105
Trd, 8639956.979, 133
Trd, 8639957.012, 119
Trd, 8639957.446, 99
Trd, 8639957.946, 88
Trd, 8639959.112, 99
Trd, 8639959.712, 95
Trd, 8639959.812, 93
Trd, 8639960.579, 88
Trd, 8639962.279, 109
Trd, 8639962.379, 84
Trd, 8639962.546, 129
Trd, 8639963.046, 75
Trd, 8639963.112, 84
Trd, 8639963.179, 99
Trd, 8639963.246, 73
Trd, 8639964.279, 130
Trd, 8639964.579, 125
Trd, 8639964.812, 131
Trd, 8639964.979, 139
Trd, 8639965.846, 113
Trd, 8639966.012, 108
Trd, 8639966.546, 137
Trd, 8639967.412, 128
Trd, 8639967.846, 113
Trd, 8639968.012, 107
Trd, 8639968.146, 96
Trd, 8639968.512, 94
Trd, 8639968.746, 100
Trd, 8639968.946, 93
Trd, 8639969.079, 87
Trd, 8639969.412, 100
Trd, 8639970.112, 105
Trd, 8639970.312, 126
Trd, 8639970.979, 119
Trd, 8639971.746, 137
Trd, 8639972.779, 107
Trd, 8639972.912, 106
Trd, 8639973.246, 122
Trd, 8639973.312, 107
Trd, 8639974.212, 91
Trd, 8639974.712, 90
Trd, 8639975.412, 118
Trd, 8639975.879, 112
Trd, 8639975.946, 91
Trd, 8639977.046, 136
Trd, 8639977.812, 134
Trd, 8639977.979, 117
Trd, 8639978.812, 118
Trd, 8639979.112, 139
Trd, 8639979.379, 135
Trd, 8639979.479, 133
Trd, 8639979.812, 111
Trd, 8639980.312, 81
Trd, 8639981.012, 91
Trd, 8639981.246, 120
Trd, 8639982.479, 139
Trd, 8639983.379, 134
Trd, 8639983.712, 128
Trd, 8639983.946, 139
Trd, 8639984.146, 124
Trd, 8639984.179, 116
Trd, 8639984.779, 104
Trd, 8639985.212, 90
Trd, 8639986.146, 130
Trd, 8639986.212, 129
Trd, 8639987.212, 130
Trd, 8639987.812, 133
Trd, 8639987.979, 132
Trd, 8639989.112, 120
Trd, 8639989.646, 114
Trd, 8639989.679, 107
Trd, 8639990.046, 126
Trd, 8639990.246, 105
Trd, 8639990.479, 104
Trd, 8639990.912, 101
Trd, 8639991.479, 134
Trd, 8639991.512, 133
Trd, 8639992.646, 127
Trd, 8639992.979, 110
Trd, 8639993.512, 136
Trd, 8639993.946, 108
Trd, 8639994.179, 120
Trd, 8639994.312, 119
Trd, 8639994.512, 116
Trd, 8639994.646, 102
Trd, 8639995.246, 127
Trd, 8639995.879, 131
Trd, 8639996.779, 129
Trd, 8639996.879, 123
Trd, 8639996.912, 109
Trd, 8639997.912, 139
Trd, 8639997.946, 102
Trd, 8639998.112, 89
Trd, 8639998.512, 126
Trd, 8639999.312, 85
Trd, 8639999.746, 81
