Trd, 8638789.179, 76
Trd, 8638789.879, 81
Trd, 8638790.812, 108
Trd, 8638790.912, 107
Trd, 8638791.779, 121
Trd, 8638792.279, 107
Trd, 8638792.846, 95
Trd, 8638792.979, 95
Trd, 8638793.046, 93
Trd, 8638793.212, 77
Trd, 8638793.312, 114
Trd, 8638793.812, 110
Trd, 8638793.979, 96
Trd, 8638794.812, 107
Trd, 8638794.912, 87
Trd, 8638795.046, 113
Trd, 8638796.212, 92
Trd, 8638796.812, 140
Trd, 8638797.479, 122
Trd, 8638797.812, 112
Trd, 8638797.946, 111
Trd, 8638798.746, 129
Trd, 8638799.112, 107
Trd, 8638799.179, 90
Trd, 8638799.212, 90
Trd, 8638800.012, 77
Trd, 8638800.046, 99
Trd, 8638801.112, 140
Trd, 8638801.479, 139
Trd, 8638801.579, 138
Trd, 8638801.679, 80
Trd, 8638801.846, 82
Trd, 8638802.412, 76
Trd, 8638802.579, 95
Trd, 8638802.846, 97
Trd, 8638803.312, 115
Trd, 8638803.979, 82
Trd, 8638804.312, 106
Trd, 8638805.046, 137
Trd, 8638805.179, 85
Trd, 8638805.612, 140
Trd, 8638805.646, 139
Trd, 8638805.712, 74
Trd, 8638807.712, 85
Trd, 8638807.879, 85
Trd, 8638808.012, 91
Trd, 8638808.379, 62
Trd, 8638808.546, 78
Trd, 8638809.012, 134
Trd, 8638809.379, 64
Trd, 8638810.346, 71
Trd, 8638810.879, 68
Trd, 8638811.046, 66
Trd, 8638811.112, 108
Trd, 8638811.712, 121
Trd, 8638812.512, 110
Trd, 8638812.612, 97
Trd, 8638812.812, 120
Trd, 8638813.146, 121
Trd, 8638813.912, 88
Trd, 8638814.579, 79
Trd, 8638814.946, 135
Trd, 8638815.312, 132
Trd, 8638815.746, 125
Trd, 8638815.879, 140
Trd, 8638816.446, 68
Trd, 8638816.612, 94
Trd, 8638818.112, 83
Trd, 8638818.312, 87
Trd, 8638818.412, 108
Trd, 8638818.746, 83
Trd, 8638818.946, 82
Trd, 8638819.312, 81
Trd, 8638819.446, 80
Trd, 8638820.412, 79
Trd, 8638820.479, 72
Trd, 8638821.312, 118
Trd, 8638822.079, 114
Trd, 8638822.212, 111
Trd, 8638822.746, 123
Trd, 8638823.112, 140
Trd, 8638823.312, 116
Trd, 8638823.512, 113
Trd, 8638824.212, 127
Trd, 8638824.412, 97
Trd, 8638825.179, 105
Trd, 8638826.779, 61
Trd, 8638826.879, 71
Trd, 8638827.812, 118
Trd, 8638827.946, 117
Trd, 8638828.512, 110
Trd, 8638828.979, 106
Trd, 8638829.212, 132
Trd, 8638829.646, 131
Trd, 8638830.579, 110
Trd, 8638830.912, 107
Trd, 8638830.946, 106
Trd, 8638831.312, 105
Trd, 8638831.579, 105
Trd, 8638831.712, 99
Trd, 8638832.212, 86
Trd, 8638833.312, 112
Trd, 8638833.379, 108
Trd, 8638833.746, 97
Trd, 8638834.012, 87
Trd, 8638834.212, 89
Trd, 8638835.146, 140
Trd, 8638835.179, 124
Trd, 8638835.579, 118
Trd, 8638836.579, 140
Trd, 8638837.079, 136
Trd, 8638837.379, 127
Trd, 8638838.046, 119
Trd, 8638838.079, 113
Trd, 8638838.279, 124
Trd, 8638839.312, 135
Trd, 8638839.379, 114
Trd, 8638840.012, 110
Trd, 8638840.046, 118
Trd, 8638841.179, 89
Trd, 8638841.346, 64
Trd, 8638841.479, 100
Trd, 8638841.879, 137
Trd, 8638842.279, 126
Trd, 8638842.812, 78
Trd, 8638842.912, 75
Trd, 8638843.846, 139
Trd, 8638843.946, 101
Trd, 8638844.212, 132
Trd, 8638845.346, 72
Trd, 8638845.512, 71
Trd, 8638846.012, 75
Trd, 8638846.146, 87
Trd, 8638846.312, 89
Trd, 8638846.846, 102
Trd, 8638847.612, 82
Trd, 8638847.679, 72
Trd, 8638847.879, 89
Trd, 8638848.012, 65
Trd, 8638848.312, 140
Trd, 8638849.046, 136
Trd, 8638849.379, 119
Trd, 8638849.912, 122
Trd, 8638850.046, 85
Trd, 8638850.646, 133
Trd, 8638850.679, 84
Trd, 8638851.112, 115
Trd, 8638851.312, 80
Trd, 8638852.346, 60
Trd, 8638852.912, 65
Trd, 8638853.046, 88
Trd, 8638853.146, 62
Trd, 8638853.212, 93
Trd, 8638853.612, 137
Trd, 8638854.879, 76
Trd, 8638855.679, 72
Trd, 8638856.846, 66
Trd, 8638857.446, 67
Trd, 8638857.946, 63
Trd, 8638858.146, 78
Trd, 8638858.679, 69
Trd, 8638858.746, 64
Trd, 8638858.879, 72
Trd, 8638859.246, 122
Trd, 8638859.912, 139
Trd, 8638860.346, 109
Trd, 8638860.479, 101
Trd, 8638860.579, 92
Trd, 8638860.846, 92
Trd, 8638861.312, 98
Trd, 8638861.412, 90
Trd, 8638861.579, 83
Trd, 8638862.279, 99
Trd, 8638862.612, 88
Trd, 8638862.779, 93
Trd, 8638863.512, 140
Trd, 8638863.546, 139
Trd, 8638864.079, 93
Trd, 8638864.712, 115
Trd, 8638864.946, 118
Trd, 8638865.279, 111
Trd, 8638865.812, 109
Trd, 8638866.379, 97
Trd, 8638866.512, 77
Trd, 8638866.679, 103
Trd, 8638866.946, 68
Trd, 8638868.212, 84
Trd, 8638868.312, 85
Trd, 8638869.112, 134
Trd, 8638869.579, 99
Trd, 8638869.879, 89
Trd, 8638870.212, 117
Trd, 8638870.812, 132
Trd, 8638871.912, 94
Trd, 8638872.179, 140
Trd, 8638873.079, 131
Trd, 8638873.212, 130
Trd, 8638873.246, 129
Trd, 8638873.612, 136
Trd, 8638874.179, 116
Trd, 8638874.479, 121
Trd, 8638874.612, 107
Trd, 8638875.346, 92
Trd, 8638875.912, 87
Trd, 8638877.279, 131
Trd, 8638877.446, 130
Trd, 8638877.546, 116
Trd, 8638877.812, 114
Trd, 8638878.612, 85
Trd, 8638879.012, 82
Trd, 8638879.079, 79
Trd, 8638879.312, 86
Trd, 8638879.612, 100
Trd, 8638879.679, 100
Trd, 8638880.146, 76
Trd, 8638880.746, 94
Trd, 8638880.912, 127
Trd, 8638882.679, 93
Trd, 8638883.179, 118
Trd, 8638884.179, 133
Trd, 8638884.212, 118
Trd, 8638884.312, 115
Trd, 8638884.346, 109
Trd, 8638884.379, 105
Trd, 8638884.579, 92
Trd, 8638884.679, 137
Trd, 8638885.312, 140
Trd, 8638885.379, 131
Trd, 8638885.579, 76
Trd, 8638886.446, 104
Trd, 8638887.246, 83
Trd, 8638887.979, 97
Trd, 8638888.179, 96
Trd, 8638888.279, 108
Trd, 8638889.312, 103
Trd, 8638889.446, 102
Trd, 8638889.812, 103
Trd, 8638889.946, 122
Trd, 8638890.212, 109
Trd, 8638891.479, 85
Trd, 8638891.812, 75
Trd, 8638892.312, 78
Trd, 8638892.646, 64
Trd, 8638892.946, 115
Trd, 8638893.612, 63
Trd, 8638893.712, 61
Trd, 8638894.712, 71
Trd, 8638894.879, 77
Trd, 8638895.012, 80
Trd, 8638895.546, 112
Trd, 8638895.746, 92
Trd, 8638896.112, 82
Trd, 8638896.579, 133
Trd, 8638896.912, 140
Trd, 8638897.679, 99
Trd, 8638898.446, 132
Trd, 8638898.679, 131
Trd, 8638899.212, 101
Trd, 8638899.679, 116
Trd, 8638899.812, 112
Trd, 8638900.179, 94
Trd, 8638900.512, 90
Trd, 8638900.879, 86
Trd, 8638900.912, 70
Trd, 8638901.112, 117
Trd, 8638901.746, 120
Trd, 8638902.112, 118
Trd, 8638902.446, 107
Trd, 8638902.679, 85
Trd, 8638904.012, 65
Trd, 8638904.112, 61
Trd, 8638904.279, 63
Trd, 8638904.846, 72
Trd, 8638904.946, 62
Trd, 8638905.012, 82
Trd, 8638905.812, 139
Trd, 8638906.112, 126
Trd, 8638906.946, 90
Trd, 8638906.979, 89
Trd, 8638907.346, 83
Trd, 8638907.946, 86
Trd, 8638908.046, 114
Trd, 8638908.646, 140
Trd, 8638908.912, 140
Trd, 8638909.212, 140
Trd, 8638909.746, 133
Trd, 8638909.846, 128
Trd, 8638910.246, 120
Trd, 8638911.379, 128
Trd, 8638911.412, 127
Trd, 8638912.179, 137
Trd, 8638912.446, 115
Trd, 8638913.012, 96
Trd, 8638913.046, 93
Trd, 8638913.579, 138
Trd, 8638913.779, 111
Trd, 8638914.012, 97
Trd, 8638914.246, 87
Trd, 8638915.546, 84
Trd, 8638915.812, 138
Trd, 8638916.246, 115
Trd, 8638916.546, 106
Trd, 8638916.746, 98
Trd, 8638917.212, 85
Trd, 8638917.946, 69
Trd, 8638918.079, 68
Trd, 8638919.412, 140
Trd, 8638919.679, 139
Trd, 8638919.812, 132
Trd, 8638920.279, 131
Trd, 8638921.412, 140
Trd, 8638921.579, 139
Trd, 8638922.012, 139
Trd, 8638922.246, 111
Trd, 8638922.479, 97
Trd, 8638922.779, 97
Trd, 8638922.912, 90
Trd, 8638922.946, 89
Trd, 8638923.246, 96
Trd, 8638924.346, 82
Trd, 8638924.479, 81
Trd, 8638925.046, 78
Trd, 8638925.112, 99
Trd, 8638925.179, 67
Trd, 8638925.346, 71
Trd, 8638926.846, 107
Trd, 8638927.012, 74
Trd, 8638927.046, 69
Trd, 8638927.679, 77
Trd, 8638927.879, 140
Trd, 8638928.246, 98
Trd, 8638928.512, 123
Trd, 8638928.946, 73
Trd, 8638930.012, 87
Trd, 8638930.212, 112
Trd, 8638930.246, 79
Trd, 8638930.812, 140
Trd, 8638931.912, 137
Trd, 8638932.012, 121
Trd, 8638932.112, 120
Trd, 8638932.646, 140
Trd, 8638932.979, 118
Trd, 8638933.212, 89
Trd, 8638934.479, 95
Trd, 8638934.546, 92
Trd, 8638934.646, 108
Trd, 8638935.546, 116
Trd, 8638936.112, 134
Trd, 8638936.912, 103
Trd, 8638937.079, 96
Trd, 8638937.146, 95
Trd, 8638937.179, 130
Trd, 8638937.346, 84
Trd, 8638937.746, 92
Trd, 8638938.712, 108
Trd, 8638938.812, 107
Trd, 8638938.946, 76
Trd, 8638940.112, 115
Trd, 8638940.146, 114
Trd, 8638940.546, 129
Trd, 8638940.712, 108
Trd, 8638941.679, 114
Trd, 8638941.846, 109
Trd, 8638942.046, 101
Trd, 8638942.079, 100
Trd, 8638942.912, 127
Trd, 8638943.079, 98
Trd, 8638945.046, 63
Trd, 8638945.179, 67
Trd, 8638945.779, 85
Trd, 8638945.846, 101
Trd, 8638946.812, 98
Trd, 8638946.846, 134
Trd, 8638947.046, 94
Trd, 8638947.812, 94
Trd, 8638948.012, 90
Trd, 8638948.279, 111
Trd, 8638948.546, 89
Trd, 8638949.012, 99
Trd, 8638949.246, 72
Trd, 8638949.979, 98
Trd, 8638950.179, 69
Trd, 8638950.579, 92
Trd, 8638951.046, 128
Trd, 8638951.812, 76
Trd, 8638952.079, 68
Trd, 8638952.646, 99
Trd, 8638953.712, 85
Trd, 8638953.812, 98
Trd, 8638954.112, 83
Trd, 8638954.146, 76
Trd, 8638954.512, 74
Trd, 8638954.746, 131
Trd, 8638955.046, 80
Trd, 8638955.212, 68
Trd, 8638955.979, 77
Trd, 8638956.579, 67
Trd, 8638957.112, 64
Trd, 8638957.579, 63
Trd, 8638958.112, 79
Trd, 8638958.746, 62
Trd, 8638958.946, 81
Trd, 8638959.112, 64
Trd, 8638959.279, 87
Trd, 8638960.012, 104
Trd, 8638960.846, 120
Trd, 8638961.179, 104
Trd, 8638961.412, 127
Trd, 8638961.946, 100
Trd, 8638962.012, 99
Trd, 8638962.346, 109
Trd, 8638962.579, 91
Trd, 8638962.879, 76
Trd, 8638963.379, 138
Trd, 8638963.846, 126
Trd, 8638964.746, 75
Trd, 8638965.346, 65
Trd, 8638965.379, 117
Trd, 8638965.946, 88
Trd, 8638966.379, 139
Trd, 8638966.546, 131
Trd, 8638968.546, 68
Trd, 8638968.612, 83
Trd, 8638968.646, 89
Trd, 8638969.046, 127
Trd, 8638969.379, 140
Trd, 8638969.579, 140
Trd, 8638970.046, 123
Trd, 8638970.112, 122
Trd, 8638970.212, 117
Trd, 8638970.246, 98
Trd, 8638970.412, 97
Trd, 8638970.646, 79
Trd, 8638970.846, 74
Trd, 8638971.812, 118
Trd, 8638972.212, 138
Trd, 8638973.179, 115
Trd, 8638973.446, 113
Trd, 8638973.546, 83
Trd, 8638973.879, 87
Trd, 8638973.979, 75
Trd, 8638974.412, 64
Trd, 8638975.246, 82
Trd, 8638975.312, 74
Trd, 8638975.579, 89
Trd, 8638975.846, 94
Trd, 8638976.679, 92
Trd, 8638977.079, 83
Trd, 8638977.612, 82
Trd, 8638978.279, 126
Trd, 8638978.479, 114
Trd, 8638978.746, 111
Trd, 8638979.246, 97
Trd, 8638979.412, 65
Trd, 8638980.012, 69
Trd, 8638981.046, 131
Trd, 8638981.212, 136
Trd, 8638981.479, 136
Trd, 8638981.579, 96
Trd, 8638982.579, 80
Trd, 8638982.912, 90
Trd, 8638983.746, 133
Trd, 8638983.812, 119
Trd, 8638984.279, 125
Trd, 8638984.612, 87
Trd, 8638984.746, 82
Trd, 8638985.579, 112
Trd, 8638985.946, 111
Trd, 8638986.312, 95
Trd, 8638986.979, 95
Trd, 8638987.012, 109
Trd, 8638987.846, 83
Trd, 8638987.879, 89
Trd, 8638988.679, 139
Trd, 8638988.712, 124
Trd, 8638988.812, 121
Trd, 8638990.446, 137
Trd, 8638991.012, 113
Trd, 8638991.446, 113
Trd, 8638991.546, 112
Trd, 8638991.746, 106
Trd, 8638992.079, 109
Trd, 8638992.446, 108
Trd, 8638992.546, 126
Trd, 8638992.846, 100
Trd, 8638993.546, 79
Trd, 8638994.046, 72
Trd, 8638994.512, 100
Trd, 8638995.746, 101
Trd, 8638995.979, 120
Trd, 8638996.146, 99
Trd, 8638996.279, 78
Trd, 8638997.246, 77
Trd, 8638997.979, 137
Trd, 8638998.079, 101
Trd, 8638998.712, 140
Trd, 8638999.012, 117
Trd, 8638999.412, 126
Trd, 8638999.712, 125
Trd, 8638999.812, 123
Trd, 8639000.212, 99
Trd, 8639000.512, 71
Trd, 8639001.979, 135
Trd, 8639002.079, 82
Trd, 8639003.212, 65
Trd, 8639003.346, 83
Trd, 8639004.046, 65
Trd, 8639004.079, 67
Trd, 8639004.212, 90
Trd, 8639005.212, 65
Trd, 8639005.512, 70
Trd, 8639005.779, 85
Trd, 8639007.112, 82
Trd, 8639007.179, 84
Trd, 8639008.812, 84
Trd, 8639009.079, 102
Trd, 8639009.112, 78
Trd, 8639009.179, 91
Trd, 8639009.312, 78
Trd, 8639010.146, 96
Trd, 8639010.579, 70
Trd, 8639010.812, 68
Trd, 8639011.579, 87
Trd, 8639012.179, 102
Trd, 8639012.879, 85
Trd, 8639013.446, 108
Trd, 8639013.579, 122
Trd, 8639014.812, 125
Trd, 8639015.112, 119
Trd, 8639015.246, 94
Trd, 8639015.312, 86
Trd, 8639015.346, 81
Trd, 8639015.879, 93
Trd, 8639016.079, 94
Trd, 8639016.579, 77
Trd, 8639016.979, 88
Trd, 8639017.079, 78
Trd, 8639017.146, 99
Trd, 8639017.512, 86
Trd, 8639018.979, 79
Trd, 8639019.246, 71
Trd, 8639019.279, 64
Trd, 8639020.646, 123
Trd, 8639021.312, 137
Trd, 8639021.612, 132
Trd, 8639022.012, 102
Trd, 8639022.446, 97
Trd, 8639022.546, 94
Trd, 8639022.746, 101
Trd, 8639023.346, 140
Trd, 8639024.079, 140
Trd, 8639024.179, 111
Trd, 8639024.912, 95
Trd, 8639025.179, 94
Trd, 8639025.246, 93
Trd, 8639025.746, 76
Trd, 8639026.279, 115
Trd, 8639026.912, 117
Trd, 8639027.012, 114
Trd, 8639027.279, 99
Trd, 8639027.712, 83
Trd, 8639028.079, 65
Trd, 8639028.979, 107
Trd, 8639029.212, 108
Trd, 8639030.146, 75
Trd, 8639030.579, 75
Trd, 8639030.912, 100
Trd, 8639030.946, 75
Trd, 8639031.946, 137
Trd, 8639032.346, 108
Trd, 8639032.679, 99
Trd, 8639032.946, 99
Trd, 8639032.979, 110
Trd, 8639033.046, 86
Trd, 8639033.812, 139
Trd, 8639033.946, 137
Trd, 8639034.646, 113
Trd, 8639035.012, 133
Trd, 8639035.279, 88
Trd, 8639035.479, 111
Trd, 8639036.512, 62
Trd, 8639037.146, 87
Trd, 8639037.212, 124
Trd, 8639038.346, 95
Trd, 8639038.512, 91
Trd, 8639038.779, 90
Trd, 8639039.112, 94
Trd, 8639039.612, 84
Trd, 8639040.179, 97
Trd, 8639040.279, 77
Trd, 8639040.679, 140
Trd, 8639041.379, 72
Trd, 8639041.479, 70
Trd, 8639041.512, 90
Trd, 8639042.012, 70
Trd, 8639042.746, 62
Trd, 8639043.979, 139
Trd, 8639044.012, 131
Trd, 8639044.079, 130
Trd, 8639044.212, 121
Trd, 8639045.012, 92
Trd, 8639045.312, 91
Trd, 8639046.579, 140
Trd, 8639046.646, 138
Trd, 8639046.879, 114
Trd, 8639046.912, 111
Trd, 8639047.212, 110
Trd, 8639047.412, 113
Trd, 8639047.446, 91
Trd, 8639048.212, 63
Trd, 8639048.346, 101
Trd, 8639049.179, 61
Trd, 8639049.779, 62
Trd, 8639050.646, 96
Trd, 8639050.846, 106
Trd, 8639051.446, 82
Trd, 8639052.179, 73
Trd, 8639052.679, 98
Trd, 8639052.779, 124
Trd, 8639053.012, 108
Trd, 8639053.412, 118
Trd, 8639053.779, 119
Trd, 8639053.879, 117
Trd, 8639053.979, 79
Trd, 8639054.579, 88
Trd, 8639055.212, 77
Trd, 8639055.346, 121
Trd, 8639055.746, 66
Trd, 8639056.546, 105
Trd, 8639056.679, 83
Trd, 8639056.746, 80
Trd, 8639057.612, 97
Trd, 8639057.812, 122
Trd, 8639058.079, 70
Trd, 8639058.412, 88
Trd, 8639058.679, 129
Trd, 8639059.246, 140
Trd, 8639059.579, 81
Trd, 8639059.679, 81
Trd, 8639060.746, 107
Trd, 8639061.312, 94
Trd, 8639061.646, 97
Trd, 8639061.812, 88
Trd, 8639062.479, 84
Trd, 8639062.579, 72
Trd, 8639063.079, 68
Trd, 8639064.012, 80
Trd, 8639064.346, 80
Trd, 8639064.679, 83
Trd, 8639065.112, 91
Trd, 8639065.579, 139
Trd, 8639066.446, 135
Trd, 8639066.479, 131
Trd, 8639066.546, 88
Trd, 8639066.579, 78
Trd, 8639066.779, 69
Trd, 8639067.279, 91
Trd, 8639067.512, 83
Trd, 8639068.846, 139
Trd, 8639068.946, 123
Trd, 8639070.046, 83
Trd, 8639070.112, 95
Trd, 8639070.246, 75
Trd, 8639071.646, 140
Trd, 8639071.779, 139
Trd, 8639072.012, 122
Trd, 8639072.146, 121
Trd, 8639072.212, 121
Trd, 8639072.346, 111
Trd, 8639073.079, 136
Trd, 8639073.146, 114
Trd, 8639073.346, 140
Trd, 8639073.412, 114
Trd, 8639073.479, 90
Trd, 8639074.546, 93
Trd, 8639075.012, 97
Trd, 8639075.212, 112
Trd, 8639075.446, 104
Trd, 8639075.612, 84
Trd, 8639075.812, 72
Trd, 8639076.846, 127
Trd, 8639077.446, 106
Trd, 8639078.012, 97
Trd, 8639078.212, 92
Trd, 8639078.279, 90
Trd, 8639079.312, 137
Trd, 8639079.546, 88
Trd, 8639079.679, 103
Trd, 8639079.779, 127
Trd, 8639080.046, 82
Trd, 8639080.946, 77
Trd, 8639081.946, 107
Trd, 8639082.546, 138
Trd, 8639082.779, 71
Trd, 8639083.379, 81
Trd, 8639083.479, 102
Trd, 8639084.112, 74
Trd, 8639084.612, 92
Trd, 8639084.946, 106
Trd, 8639085.112, 81
Trd, 8639085.479, 90
Trd, 8639086.146, 68
Trd, 8639086.279, 77
Trd, 8639087.512, 113
Trd, 8639089.046, 83
Trd, 8639089.346, 88
Trd, 8639089.379, 86
Trd, 8639090.412, 124
Trd, 8639091.812, 122
Trd, 8639092.279, 120
Trd, 8639092.346, 110
Trd, 8639092.379, 107
Trd, 8639092.779, 98
Trd, 8639092.812, 71
Trd, 8639093.946, 137
Trd, 8639094.479, 111
Trd, 8639094.879, 87
Trd, 8639095.046, 69
Trd, 8639095.512, 122
Trd, 8639095.779, 95
Trd, 8639095.846, 93
Trd, 8639096.279, 79
Trd, 8639096.846, 84
Trd, 8639096.879, 65
Trd, 8639097.412, 139
Trd, 8639097.779, 97
Trd, 8639098.146, 73
Trd, 8639098.512, 86
Trd, 8639098.679, 76
Trd, 8639099.212, 109
Trd, 8639099.812, 77
Trd, 8639100.612, 83
Trd, 8639101.046, 64
Trd, 8639101.979, 60
Trd, 8639102.812, 64
Trd, 8639102.946, 63
Trd, 8639103.746, 60
Trd, 8639103.779, 76
Trd, 8639103.879, 62
Trd, 8639104.279, 60
Trd, 8639104.579, 78
Trd, 8639105.712, 106
Trd, 8639106.212, 91
Trd, 8639106.246, 88
Trd, 8639106.346, 103
Trd, 8639106.546, 105
Trd, 8639107.779, 139
Trd, 8639107.979, 138
Trd, 8639108.079, 137
Trd, 8639108.412, 100
Trd, 8639108.946, 131
Trd, 8639109.179, 97
Trd, 8639109.379, 87
Trd, 8639110.179, 100
Trd, 8639110.346, 140
Trd, 8639110.579, 100
Trd, 8639111.579, 110
Trd, 8639111.846, 105
Trd, 8639111.912, 93
Trd, 8639112.346, 83
Trd, 8639112.612, 74
Trd, 8639113.379, 75
Trd, 8639113.646, 66
Trd, 8639113.879, 86
Trd, 8639114.212, 65
Trd, 8639115.846, 64
Trd, 8639115.879, 75
Trd, 8639116.412, 61
Trd, 8639116.479, 65
Trd, 8639116.679, 69
Trd, 8639116.712, 76
Trd, 8639117.379, 127
Trd, 8639117.846, 108
Trd, 8639118.046, 119
Trd, 8639119.212, 139
Trd, 8639119.479, 96
Trd, 8639119.746, 111
Trd, 8639120.046, 99
Trd, 8639120.179, 131
Trd, 8639120.379, 130
Trd, 8639120.579, 89
Trd, 8639121.146, 138
Trd, 8639121.546, 135
Trd, 8639121.612, 114
Trd, 8639121.712, 97
Trd, 8639122.612, 94
Trd, 8639123.179, 139
Trd, 8639123.579, 123
Trd, 8639124.212, 140
Trd, 8639124.712, 119
Trd, 8639124.779, 118
Trd, 8639125.312, 123
Trd, 8639126.046, 122
Trd, 8639126.279, 140
Trd, 8639126.679, 111
Trd, 8639127.279, 109
Trd, 8639127.346, 94
Trd, 8639127.912, 116
Trd, 8639128.879, 100
Trd, 8639129.912, 119
Trd, 8639130.179, 85
Trd, 8639130.646, 73
Trd, 8639130.812, 140
Trd, 8639131.579, 136
Trd, 8639131.646, 125
Trd, 8639131.879, 120
Trd, 8639133.112, 105
Trd, 8639133.146, 104
Trd, 8639133.779, 99
Trd, 8639134.012, 107
Trd, 8639134.812, 138
Trd, 8639134.879, 94
Trd, 8639135.046, 93
Trd, 8639136.112, 97
Trd, 8639137.279, 96
Trd, 8639137.746, 88
Trd, 8639138.012, 85
Trd, 8639138.246, 82
Trd, 8639138.412, 72
Trd, 8639138.546, 63
Trd, 8639139.479, 65
Trd, 8639139.646, 81
Trd, 8639139.712, 92
Trd, 8639140.246, 66
Trd, 8639140.712, 62
Trd, 8639140.879, 64
Trd, 8639141.246, 105
Trd, 8639142.346, 78
Trd, 8639142.612, 116
Trd, 8639142.879, 87
Trd, 8639142.912, 87
Trd, 8639142.946, 82
Trd, 8639144.179, 70
Trd, 8639144.279, 65
Trd, 8639144.612, 105
Trd, 8639145.312, 118
Trd, 8639145.712, 101
Trd, 8639147.012, 67
Trd, 8639147.446, 78
Trd, 8639147.879, 76
Trd, 8639148.012, 70
Trd, 8639148.112, 80
Trd, 8639148.812, 98
Trd, 8639149.412, 63
Trd, 8639150.312, 63
Trd, 8639150.446, 73
Trd, 8639150.879, 77
Trd, 8639152.279, 93
Trd, 8639152.446, 86
Trd, 8639152.746, 131
Trd, 8639152.812, 104
Trd, 8639154.079, 107
Trd, 8639154.479, 105
Trd, 8639154.579, 96
Trd, 8639154.646, 95
Trd, 8639154.912, 74
Trd, 8639155.312, 76
Trd, 8639155.479, 93
Trd, 8639155.912, 119
Trd, 8639157.479, 77
Trd, 8639158.279, 105
Trd, 8639158.579, 104
Trd, 8639159.079, 92
Trd, 8639159.312, 113
Trd, 8639159.479, 64
Trd, 8639160.112, 62
Trd, 8639160.479, 62
Trd, 8639160.512, 67
Trd, 8639160.879, 87
Trd, 8639161.212, 61
Trd, 8639162.879, 90
Trd, 8639163.012, 81
Trd, 8639163.346, 99
Trd, 8639163.746, 102
Trd, 8639164.079, 73
Trd, 8639164.112, 92
Trd, 8639164.346, 72
Trd, 8639164.479, 114
Trd, 8639164.712, 86
Trd, 8639164.746, 70
Trd, 8639165.979, 108
Trd, 8639166.246, 108
Trd, 8639166.312, 103
Trd, 8639166.646, 140
Trd, 8639166.779, 108
Trd, 8639167.346, 96
Trd, 8639167.979, 120
Trd, 8639168.246, 105
Trd, 8639168.779, 80
Trd, 8639169.246, 64
Trd, 8639169.446, 70
Trd, 8639169.779, 83
Trd, 8639170.346, 64
Trd, 8639170.579, 76
Trd, 8639170.979, 104
Trd, 8639171.879, 102
Trd, 8639171.946, 94
Trd, 8639172.712, 65
Trd, 8639173.012, 67
Trd, 8639173.112, 78
Trd, 8639173.379, 90
Trd, 8639174.346, 75
Trd, 8639174.579, 75
Trd, 8639175.312, 68
Trd, 8639175.646, 79
Trd, 8639176.779, 114
Trd, 8639176.812, 113
Trd, 8639176.912, 112
Trd, 8639177.079, 100
Trd, 8639177.179, 138
Trd, 8639177.479, 139
Trd, 8639178.212, 117
Trd, 8639180.179, 92
Trd, 8639180.579, 78
Trd, 8639180.679, 82
Trd, 8639180.946, 77
Trd, 8639181.612, 130
Trd, 8639182.379, 82
Trd, 8639182.746, 75
Trd, 8639183.212, 93
Trd, 8639183.379, 72
Trd, 8639183.612, 82
Trd, 8639184.146, 64
Trd, 8639184.779, 140
Trd, 8639184.946, 124
Trd, 8639184.979, 92
Trd, 8639185.479, 125
Trd, 8639185.712, 114
Trd, 8639186.179, 140
Trd, 8639186.479, 121
Trd, 8639186.612, 113
Trd, 8639187.112, 108
Trd, 8639187.146, 103
Trd, 8639188.412, 123
Trd, 8639188.846, 121
Trd, 8639189.079, 109
Trd, 8639189.479, 73
Trd, 8639190.112, 140
Trd, 8639190.646, 102
Trd, 8639191.046, 60
Trd, 8639191.379, 69
Trd, 8639191.712, 69
Trd, 8639192.112, 63
Trd, 8639192.946, 73
Trd, 8639193.346, 60
Trd, 8639193.912, 60
Trd, 8639194.179, 68
Trd, 8639194.679, 68
Trd, 8639195.079, 79
Trd, 8639195.146, 76
Trd, 8639195.179, 91
Trd, 8639195.412, 121
Trd, 8639196.079, 140
Trd, 8639196.279, 75
Trd, 8639196.612, 113
Trd, 8639196.879, 103
Trd, 8639197.712, 84
Trd, 8639198.346, 80
Trd, 8639198.579, 79
Trd, 8639198.712, 77
Trd, 8639200.112, 88
Trd, 8639200.146, 84
Trd, 8639200.179, 74
Trd, 8639200.746, 74
Trd, 8639202.379, 131
Trd, 8639202.446, 120
Trd, 8639202.779, 112
Trd, 8639202.846, 130
Trd, 8639203.312, 140
Trd, 8639203.379, 99
Trd, 8639203.812, 140
Trd, 8639204.112, 136
Trd, 8639204.146, 120
Trd, 8639204.546, 94
Trd, 8639205.146, 109
Trd, 8639206.046, 132
Trd, 8639206.679, 131
Trd, 8639206.812, 129
Trd, 8639206.846, 116
Trd, 8639207.046, 112
Trd, 8639207.679, 134
Trd, 8639208.012, 120
Trd, 8639208.479, 114
Trd, 8639208.746, 110
Trd, 8639209.279, 98
Trd, 8639210.179, 91
Trd, 8639210.512, 78
Trd, 8639210.612, 66
Trd, 8639210.712, 66
Trd, 8639211.779, 71
Trd, 8639211.812, 134
Trd, 8639212.712, 79
Trd, 8639212.812, 73
Trd, 8639213.712, 79
Trd, 8639214.179, 86
Trd, 8639214.779, 84
Trd, 8639214.846, 65
Trd, 8639215.912, 60
Trd, 8639215.979, 80
Trd, 8639216.646, 65
Trd, 8639216.779, 66
Trd, 8639217.079, 101
Trd, 8639217.212, 95
Trd, 8639217.679, 68
Trd, 8639218.179, 92
Trd, 8639218.246, 91
Trd, 8639218.279, 69
Trd, 8639219.046, 66
Trd, 8639219.812, 111
Trd, 8639220.079, 138
Trd, 8639221.112, 103
Trd, 8639221.312, 101
Trd, 8639221.579, 97
Trd, 8639221.612, 83
Trd, 8639222.812, 101
Trd, 8639222.946, 93
Trd, 8639223.846, 140
Trd, 8639223.879, 123
Trd, 8639224.446, 103
Trd, 8639224.879, 127
Trd, 8639225.446, 121
Trd, 8639225.546, 96
Trd, 8639226.646, 93
Trd, 8639227.179, 80
Trd, 8639227.246, 94
Trd, 8639227.546, 113
Trd, 8639227.779, 89
Trd, 8639228.379, 114
Trd, 8639229.146, 109
Trd, 8639229.546, 104
Trd, 8639230.612, 90
Trd, 8639231.479, 121
Trd, 8639232.012, 92
Trd, 8639232.046, 100
Trd, 8639232.446, 131
Trd, 8639232.979, 111
Trd, 8639233.046, 107
Trd, 8639233.246, 86
Trd, 8639233.746, 127
Trd, 8639233.979, 128
Trd, 8639234.246, 94
Trd, 8639234.446, 118
Trd, 8639235.679, 71
Trd, 8639235.812, 101
Trd, 8639236.446, 69
Trd, 8639237.146, 60
Trd, 8639237.812, 64
Trd, 8639237.912, 87
Trd, 8639237.946, 122
Trd, 8639238.312, 138
Trd, 8639238.812, 74
Trd, 8639239.612, 112
Trd, 8639239.912, 132
Trd, 8639240.312, 80
Trd, 8639240.612, 94
Trd, 8639240.946, 140
Trd, 8639241.079, 139
Trd, 8639241.279, 138
Trd, 8639241.546, 91
Trd, 8639242.579, 122
Trd, 8639242.912, 138
Trd, 8639243.246, 93
Trd, 8639243.846, 105
Trd, 8639244.179, 140
Trd, 8639244.846, 92
Trd, 8639245.179, 91
Trd, 8639245.612, 84
Trd, 8639246.179, 86
Trd, 8639246.379, 105
Trd, 8639246.546, 96
Trd, 8639246.779, 99
Trd, 8639247.246, 99
Trd, 8639247.379, 89
Trd, 8639248.446, 129
Trd, 8639248.812, 98
Trd, 8639249.012, 95
Trd, 8639249.579, 82
Trd, 8639249.746, 66
Trd, 8639251.212, 65
Trd, 8639251.346, 76
Trd, 8639251.712, 79
Trd, 8639252.479, 102
Trd, 8639252.679, 96
Trd, 8639253.479, 83
Trd, 8639253.546, 115
Trd, 8639253.879, 81
Trd, 8639254.046, 108
Trd, 8639254.112, 80
Trd, 8639254.279, 81
Trd, 8639255.546, 138
Trd, 8639256.046, 66
Trd, 8639257.412, 66
Trd, 8639257.512, 69
Trd, 8639257.579, 74
Trd, 8639257.979, 114
Trd, 8639258.046, 80
Trd, 8639258.912, 69
Trd, 8639259.046, 106
Trd, 8639259.379, 83
Trd, 8639259.812, 68
Trd, 8639259.912, 70
Trd, 8639260.279, 69
Trd, 8639261.079, 70
Trd, 8639261.146, 69
Trd, 8639261.446, 90
Trd, 8639262.646, 109
Trd, 8639262.912, 105
Trd, 8639263.012, 103
Trd, 8639263.146, 107
Trd, 8639264.079, 100
Trd, 8639265.179, 140
Trd, 8639265.612, 140
Trd, 8639265.646, 138
Trd, 8639265.879, 101
Trd, 8639266.546, 75
Trd, 8639266.646, 76
Trd, 8639266.679, 69
Trd, 8639267.046, 64
Trd, 8639267.212, 73
Trd, 8639267.346, 77
Trd, 8639268.379, 85
Trd, 8639268.579, 77
Trd, 8639269.246, 61
Trd, 8639269.346, 117
Trd, 8639269.646, 114
Trd, 8639270.046, 132
Trd, 8639270.512, 114
Trd, 8639270.879, 113
Trd, 8639271.779, 81
Trd, 8639271.912, 63
Trd, 8639272.212, 82
Trd, 8639272.546, 61
Trd, 8639272.712, 63
Trd, 8639272.946, 109
Trd, 8639273.012, 139
Trd, 8639273.746, 127
Trd, 8639274.012, 103
Trd, 8639274.112, 88
Trd, 8639274.946, 83
Trd, 8639275.512, 84
Trd, 8639275.712, 79
Trd, 8639276.179, 86
Trd, 8639276.512, 81
Trd, 8639276.646, 114
Trd, 8639277.346, 62
Trd, 8639277.646, 66
Trd, 8639278.379, 68
Trd, 8639278.479, 66
Trd, 8639278.879, 81
Trd, 8639279.179, 78
Trd, 8639280.112, 110
Trd, 8639280.546, 100
Trd, 8639280.912, 98
Trd, 8639281.279, 89
Trd, 8639281.812, 82
Trd, 8639282.179, 82
Trd, 8639282.312, 66
Trd, 8639282.379, 110
Trd, 8639283.112, 139
Trd, 8639283.479, 66
Trd, 8639283.546, 62
Trd, 8639284.246, 76
Trd, 8639284.279, 87
Trd, 8639285.179, 85
Trd, 8639285.746, 128
Trd, 8639287.212, 125
Trd, 8639287.479, 107
Trd, 8639287.779, 97
Trd, 8639287.846, 94
Trd, 8639287.979, 101
Trd, 8639288.046, 89
Trd, 8639288.246, 139
Trd, 8639289.046, 140
Trd, 8639289.246, 138
Trd, 8639289.412, 137
Trd, 8639289.446, 131
Trd, 8639290.412, 89
Trd, 8639290.879, 97
Trd, 8639291.046, 92
Trd, 8639291.379, 88
Trd, 8639292.312, 128
Trd, 8639292.512, 127
Trd, 8639292.746, 115
Trd, 8639293.779, 120
Trd, 8639293.846, 113
Trd, 8639294.412, 123
Trd, 8639294.546, 73
Trd, 8639295.046, 64
Trd, 8639295.546, 75
Trd, 8639296.612, 78
Trd, 8639296.646, 79
Trd, 8639297.412, 60
Trd, 8639297.479, 60
Trd, 8639297.512, 62
Trd, 8639297.579, 66
Trd, 8639298.546, 63
Trd, 8639299.146, 61
Trd, 8639299.479, 66
Trd, 8639300.312, 68
Trd, 8639300.412, 69
Trd, 8639300.779, 63
Trd, 8639301.546, 99
Trd, 8639301.812, 74
Trd, 8639302.179, 84
Trd, 8639302.912, 129
Trd, 8639303.012, 128
Trd, 8639303.279, 113
Trd, 8639303.612, 94
Trd, 8639303.812, 97
Trd, 8639303.846, 80
Trd, 8639305.112, 77
Trd, 8639305.146, 72
Trd, 8639305.246, 65
Trd, 8639305.646, 74
Trd, 8639306.112, 87
Trd, 8639306.479, 122
Trd, 8639306.679, 137
Trd, 8639306.846, 120
Trd, 8639307.846, 81
Trd, 8639307.946, 80
Trd, 8639308.046, 86
Trd, 8639308.279, 106
Trd, 8639308.379, 86
Trd, 8639309.346, 129
Trd, 8639310.279, 110
Trd, 8639310.346, 114
Trd, 8639310.546, 107
Trd, 8639311.646, 70
Trd, 8639312.412, 93
Trd, 8639312.612, 76
Trd, 8639313.312, 139
Trd, 8639313.446, 138
Trd, 8639313.546, 110
Trd, 8639313.846, 96
Trd, 8639314.179, 67
Trd, 8639314.612, 69
Trd, 8639315.479, 140
Trd, 8639315.512, 139
Trd, 8639315.946, 66
Trd, 8639316.512, 79
Trd, 8639317.512, 104
Trd, 8639317.579, 85
Trd, 8639318.412, 81
Trd, 8639318.512, 111
Trd, 8639318.879, 109
Trd, 8639319.579, 106
Trd, 8639320.012, 139
Trd, 8639320.146, 100
Trd, 8639320.612, 122
Trd, 8639320.679, 93
Trd, 8639321.246, 103
Trd, 8639321.646, 102
Trd, 8639322.546, 120
Trd, 8639322.979, 119
Trd, 8639323.012, 109
Trd, 8639323.712, 129
Trd, 8639324.012, 135
Trd, 8639324.046, 108
Trd, 8639325.346, 132
Trd, 8639325.612, 123
Trd, 8639325.646, 105
Trd, 8639326.612, 106
Trd, 8639326.779, 85
Trd, 8639327.746, 60
Trd, 8639328.079, 67
Trd, 8639328.812, 68
Trd, 8639329.679, 64
Trd, 8639329.779, 75
Trd, 8639330.212, 60
Trd, 8639330.379, 77
Trd, 8639330.979, 60
Trd, 8639331.546, 118
Trd, 8639331.779, 135
Trd, 8639332.112, 126
Trd, 8639333.279, 139
Trd, 8639333.646, 123
Trd, 8639333.946, 103
Trd, 8639334.646, 101
Trd, 8639335.112, 101
Trd, 8639335.546, 103
Trd, 8639335.712, 123
Trd, 8639335.846, 100
Trd, 8639336.279, 117
Trd, 8639336.579, 80
Trd, 8639337.279, 134
Trd, 8639337.446, 84
Trd, 8639338.746, 112
Trd, 8639338.912, 115
Trd, 8639338.979, 111
Trd, 8639339.179, 81
Trd, 8639339.479, 105
Trd, 8639339.512, 78
Trd, 8639339.646, 72
Trd, 8639340.379, 75
Trd, 8639340.846, 69
Trd, 8639341.412, 76
Trd, 8639341.679, 91
Trd, 8639342.046, 130
Trd, 8639342.612, 126
Trd, 8639343.379, 82
Trd, 8639343.679, 79
Trd, 8639344.012, 106
Trd, 8639344.079, 103
Trd, 8639344.446, 138
Trd, 8639344.846, 113
Trd, 8639345.712, 123
Trd, 8639345.812, 111
Trd, 8639346.579, 123
Trd, 8639347.212, 140
Trd, 8639347.279, 102
Trd, 8639347.412, 99
Trd, 8639347.846, 88
Trd, 8639348.112, 65
Trd, 8639349.079, 65
Trd, 8639349.579, 79
Trd, 8639350.412, 85
Trd, 8639351.112, 93
Trd, 8639351.479, 103
Trd, 8639351.546, 106
Trd, 8639351.746, 86
Trd, 8639352.612, 65
Trd, 8639352.679, 68
Trd, 8639353.112, 113
Trd, 8639353.479, 76
Trd, 8639354.146, 91
Trd, 8639354.779, 83
Trd, 8639354.912, 103
Trd, 8639356.112, 107
Trd, 8639356.512, 130
Trd, 8639356.746, 104
Trd, 8639357.446, 139
Trd, 8639357.712, 101
Trd, 8639358.246, 117
Trd, 8639358.512, 70
Trd, 8639359.012, 106
Trd, 8639359.646, 123
Trd, 8639360.446, 120
Trd, 8639360.479, 119
Trd, 8639360.646, 117
Trd, 8639360.812, 111
Trd, 8639362.012, 110
Trd, 8639362.179, 108
Trd, 8639362.346, 106
Trd, 8639362.746, 103
Trd, 8639363.046, 101
Trd, 8639363.612, 111
Trd, 8639363.946, 107
Trd, 8639364.679, 119
Trd, 8639365.412, 89
Trd, 8639365.746, 88
Trd, 8639366.679, 77
Trd, 8639366.946, 123
Trd, 8639367.146, 77
Trd, 8639367.412, 82
Trd, 8639367.446, 76
Trd, 8639368.012, 91
Trd, 8639368.712, 68
Trd, 8639368.779, 121
Trd, 8639369.346, 73
Trd, 8639369.879, 136
Trd, 8639370.312, 108
Trd, 8639370.746, 88
Trd, 8639371.512, 88
Trd, 8639372.012, 90
Trd, 8639372.679, 116
Trd, 8639372.746, 107
Trd, 8639372.812, 109
Trd, 8639372.946, 77
Trd, 8639372.979, 117
Trd, 8639373.512, 81
Trd, 8639373.546, 60
Trd, 8639374.979, 91
Trd, 8639375.079, 116
Trd, 8639375.579, 138
Trd, 8639375.879, 137
Trd, 8639376.012, 136
Trd, 8639376.146, 122
Trd, 8639376.512, 116
Trd, 8639378.179, 94
Trd, 8639378.912, 112
Trd, 8639378.946, 111
Trd, 8639379.312, 105
Trd, 8639379.446, 117
Trd, 8639380.212, 98
Trd, 8639380.246, 89
Trd, 8639380.412, 89
Trd, 8639381.146, 95
Trd, 8639381.179, 86
Trd, 8639382.612, 133
Trd, 8639382.646, 132
Trd, 8639383.446, 109
Trd, 8639383.546, 117
Trd, 8639383.812, 140
Trd, 8639384.112, 125
Trd, 8639384.146, 111
Trd, 8639385.312, 114
Trd, 8639385.346, 113
Trd, 8639385.512, 102
Trd, 8639385.679, 94
Trd, 8639386.712, 93
Trd, 8639386.846, 91
Trd, 8639386.912, 86
Trd, 8639387.012, 81
Trd, 8639387.246, 115
Trd, 8639387.612, 121
Trd, 8639387.912, 126
Trd, 8639388.546, 110
Trd, 8639389.046, 82
Trd, 8639389.346, 65
Trd, 8639389.712, 68
Trd, 8639390.246, 116
Trd, 8639390.479, 112
Trd, 8639391.212, 139
Trd, 8639391.846, 134
Trd, 8639391.979, 106
Trd, 8639392.379, 116
Trd, 8639392.546, 139
Trd, 8639393.112, 108
Trd, 8639393.679, 91
Trd, 8639393.879, 83
Trd, 8639394.646, 110
Trd, 8639394.846, 109
Trd, 8639395.279, 86
Trd, 8639396.512, 127
Trd, 8639396.746, 126
Trd, 8639396.846, 133
Trd, 8639397.046, 119
Trd, 8639397.279, 103
Trd, 8639398.346, 107
Trd, 8639398.412, 106
Trd, 8639398.512, 83
Trd, 8639398.546, 82
Trd, 8639398.746, 122
Trd, 8639399.712, 99
Trd, 8639399.812, 65
Trd, 8639400.246, 69
Trd, 8639402.279, 63
Trd, 8639402.679, 60
Trd, 8639403.246, 62
Trd, 8639403.579, 64
Trd, 8639403.812, 87
Trd, 8639403.979, 74
Trd, 8639404.012, 86
Trd, 8639404.512, 79
Trd, 8639405.779, 60
Trd, 8639406.412, 70
Trd, 8639406.579, 86
Trd, 8639406.646, 126
Trd, 8639407.646, 112
Trd, 8639407.812, 73
Trd, 8639408.379, 140
Trd, 8639408.779, 98
Trd, 8639409.212, 122
Trd, 8639409.346, 97
Trd, 8639409.746, 87
Trd, 8639410.412, 96
Trd, 8639410.546, 82
Trd, 8639412.546, 68
Trd, 8639412.579, 69
Trd, 8639412.746, 65
Trd, 8639413.612, 73
Trd, 8639413.946, 82
Trd, 8639414.346, 73
Trd, 8639415.046, 68
Trd, 8639415.112, 83
Trd, 8639415.179, 111
Trd, 8639415.712, 82
Trd, 8639416.779, 70
Trd, 8639417.246, 78
Trd, 8639417.546, 140
Trd, 8639417.579, 140
Trd, 8639418.212, 93
Trd, 8639419.312, 110
Trd, 8639419.979, 98
Trd, 8639420.012, 96
Trd, 8639420.412, 106
Trd, 8639420.746, 87
Trd, 8639421.046, 125
Trd, 8639421.446, 82
Trd, 8639421.679, 131
Trd, 8639422.246, 112
Trd, 8639422.279, 91
Trd, 8639422.412, 116
Trd, 8639422.812, 112
Trd, 8639424.146, 73
Trd, 8639424.912, 84
Trd, 8639425.246, 110
Trd, 8639426.112, 115
Trd, 8639426.746, 84
Trd, 8639426.946, 97
Trd, 8639427.012, 66
Trd, 8639427.779, 106
Trd, 8639428.079, 104
Trd, 8639428.246, 94
Trd, 8639428.379, 97
Trd, 8639428.479, 69
Trd, 8639429.179, 122
Trd, 8639429.912, 83
Trd, 8639430.279, 140
Trd, 8639430.546, 62
Trd, 8639431.279, 78
Trd, 8639432.046, 93
Trd, 8639432.212, 119
Trd, 8639433.012, 139
Trd, 8639433.346, 138
Trd, 8639433.612, 71
Trd, 8639433.879, 95
Trd, 8639434.646, 140
Trd, 8639434.746, 130
Trd, 8639435.179, 99
Trd, 8639435.679, 83
Trd, 8639436.046, 75
Trd, 8639436.079, 75
Trd, 8639436.212, 67
Trd, 8639436.946, 72
Trd, 8639437.012, 71
Trd, 8639437.479, 129
Trd, 8639438.412, 140
Trd, 8639438.779, 138
Trd, 8639438.979, 124
Trd, 8639439.312, 110
Trd, 8639439.412, 99
Trd, 8639440.212, 83
Trd, 8639441.012, 68
Trd, 8639441.646, 92
Trd, 8639442.712, 62
Trd, 8639442.746, 67
Trd, 8639444.212, 60
Trd, 8639444.846, 67
Trd, 8639445.046, 68
Trd, 8639445.112, 91
Trd, 8639446.212, 60
Trd, 8639446.346, 69
Trd, 8639446.479, 80
Trd, 8639446.879, 82
Trd, 8639447.179, 76
Trd, 8639447.979, 119
Trd, 8639448.712, 81
Trd, 8639448.846, 69
Trd, 8639449.679, 60
Trd, 8639450.046, 69
Trd, 8639450.646, 65
Trd, 8639450.912, 73
Trd, 8639451.312, 134
Trd, 8639451.512, 133
Trd, 8639451.546, 118
Trd, 8639452.312, 126
Trd, 8639452.446, 97
Trd, 8639453.079, 127
Trd, 8639453.312, 118
Trd, 8639454.112, 96
Trd, 8639454.679, 81
Trd, 8639454.812, 80
Trd, 8639455.112, 74
Trd, 8639455.512, 136
Trd, 8639455.779, 94
Trd, 8639457.379, 60
Trd, 8639457.679, 69
Trd, 8639458.079, 61
Trd, 8639458.412, 63
Trd, 8639458.879, 79
Trd, 8639459.146, 65
Trd, 8639459.346, 62
Trd, 8639459.579, 85
Trd, 8639460.212, 66
Trd, 8639460.246, 71
Trd, 8639460.679, 67
Trd, 8639461.212, 120
Trd, 8639461.846, 122
Trd, 8639462.646, 88
Trd, 8639462.679, 94
Trd, 8639463.046, 94
Trd, 8639463.712, 86
Trd, 8639464.079, 84
Trd, 8639464.246, 73
Trd, 8639464.312, 75
Trd, 8639464.479, 75
Trd, 8639464.746, 91
Trd, 8639465.646, 61
Trd, 8639466.379, 67
Trd, 8639466.846, 66
Trd, 8639467.179, 65
Trd, 8639467.746, 64
Trd, 8639467.812, 76
Trd, 8639468.212, 77
Trd, 8639468.679, 60
Trd, 8639468.746, 110
Trd, 8639469.379, 61
Trd, 8639469.612, 127
Trd, 8639469.812, 79
Trd, 8639470.346, 66
Trd, 8639470.746, 86
Trd, 8639470.812, 93
Trd, 8639470.879, 87
Trd, 8639471.012, 86
Trd, 8639471.146, 84
Trd, 8639471.779, 139
Trd, 8639472.679, 119
Trd, 8639473.346, 67
Trd, 8639473.379, 68
Trd, 8639473.746, 71
Trd, 8639475.579, 83
Trd, 8639476.746, 68
Trd, 8639476.812, 68
Trd, 8639477.312, 66
Trd, 8639477.346, 72
Trd, 8639477.512, 77
Trd, 8639477.912, 89
Trd, 8639478.012, 90
Trd, 8639478.412, 113
Trd, 8639479.079, 73
Trd, 8639479.546, 140
Trd, 8639479.812, 138
Trd, 8639480.179, 140
Trd, 8639480.912, 126
Trd, 8639480.946, 108
Trd, 8639481.246, 100
Trd, 8639481.379, 91
Trd, 8639482.679, 74
Trd, 8639482.712, 73
Trd, 8639483.079, 90
Trd, 8639483.746, 127
Trd, 8639484.112, 132
Trd, 8639485.146, 132
Trd, 8639485.312, 104
Trd, 8639486.446, 138
Trd, 8639486.512, 132
Trd, 8639486.612, 123
Trd, 8639487.479, 100
Trd, 8639487.512, 91
Trd, 8639487.912, 85
Trd, 8639488.246, 98
Trd, 8639488.946, 95
Trd, 8639489.379, 87
Trd, 8639489.579, 68
Trd, 8639490.012, 114
Trd, 8639490.146, 123
Trd, 8639491.012, 133
Trd, 8639491.412, 117
Trd, 8639491.712, 106
Trd, 8639491.946, 77
Trd, 8639492.212, 102
Trd, 8639492.246, 118
Trd, 8639493.846, 64
Trd, 8639493.912, 61
Trd, 8639494.579, 126
Trd, 8639494.779, 60
Trd, 8639495.312, 101
Trd, 8639495.379, 98
Trd, 8639496.079, 76
Trd, 8639496.379, 71
Trd, 8639496.779, 60
Trd, 8639497.146, 105
Trd, 8639497.379, 137
Trd, 8639497.846, 73
Trd, 8639498.346, 85
Trd, 8639498.512, 93
Trd, 8639498.579, 83
Trd, 8639499.446, 106
Trd, 8639499.479, 83
Trd, 8639499.912, 62
Trd, 8639500.912, 132
Trd, 8639501.079, 131
Trd, 8639501.179, 130
Trd, 8639501.679, 97
Trd, 8639502.779, 95
Trd, 8639503.079, 98
Trd, 8639503.379, 103
Trd, 8639503.679, 80
Trd, 8639504.212, 140
Trd, 8639504.246, 75
Trd, 8639504.946, 74
Trd, 8639504.979, 72
Trd, 8639505.746, 85
Trd, 8639506.012, 93
Trd, 8639506.346, 63
Trd, 8639506.779, 133
Trd, 8639507.146, 138
Trd, 8639507.612, 132
Trd, 8639507.679, 117
Trd, 8639508.212, 103
Trd, 8639508.912, 76
Trd, 8639509.646, 73
Trd, 8639510.079, 123
Trd, 8639510.412, 87
Trd, 8639510.946, 86
Trd, 8639510.979, 86
Trd, 8639512.246, 140
Trd, 8639512.546, 138
Trd, 8639512.679, 99
Trd, 8639513.179, 99
Trd, 8639513.946, 114
Trd, 8639514.146, 100
Trd, 8639514.379, 105
Trd, 8639514.812, 88
Trd, 8639515.079, 86
Trd, 8639515.479, 140
Trd, 8639515.546, 75
Trd, 8639516.612, 130
Trd, 8639516.779, 140
Trd, 8639516.912, 138
Trd, 8639518.179, 122
Trd, 8639518.446, 113
Trd, 8639518.746, 112
Trd, 8639518.779, 103
Trd, 8639519.712, 100
Trd, 8639519.779, 122
Trd, 8639521.012, 105
Trd, 8639521.079, 105
Trd, 8639521.546, 99
Trd, 8639521.612, 118
Trd, 8639522.479, 140
Trd, 8639523.312, 121
Trd, 8639523.379, 105
Trd, 8639523.479, 103
Trd, 8639524.312, 122
Trd, 8639524.412, 108
Trd, 8639524.546, 134
Trd, 8639526.112, 102
Trd, 8639526.312, 106
Trd, 8639526.779, 89
Trd, 8639527.012, 118
Trd, 8639527.646, 96
Trd, 8639527.812, 132
Trd, 8639528.312, 139
Trd, 8639528.512, 119
Trd, 8639528.712, 109
Trd, 8639529.479, 84
Trd, 8639530.379, 116
Trd, 8639530.446, 72
Trd, 8639530.979, 91
Trd, 8639531.079, 83
Trd, 8639531.146, 97
Trd, 8639531.912, 140
Trd, 8639531.979, 115
Trd, 8639532.746, 96
Trd, 8639533.446, 89
Trd, 8639533.612, 101
Trd, 8639534.112, 139
Trd, 8639534.646, 87
Trd, 8639534.746, 130
Trd, 8639535.179, 84
Trd, 8639535.612, 83
Trd, 8639535.679, 62
Trd, 8639535.979, 129
Trd, 8639536.479, 140
Trd, 8639536.846, 120
Trd, 8639537.346, 107
Trd, 8639537.379, 88
Trd, 8639537.446, 76
Trd, 8639538.179, 65
Trd, 8639538.546, 84
Trd, 8639539.012, 99
Trd, 8639540.279, 95
Trd, 8639540.412, 92
Trd, 8639540.679, 87
Trd, 8639540.812, 101
Trd, 8639541.912, 83
Trd, 8639542.679, 72
Trd, 8639543.746, 61
Trd, 8639543.846, 62
Trd, 8639544.146, 109
Trd, 8639544.446, 76
Trd, 8639544.479, 92
Trd, 8639544.679, 76
Trd, 8639546.712, 115
Trd, 8639546.912, 118
Trd, 8639546.979, 100
Trd, 8639547.046, 87
Trd, 8639547.346, 86
Trd, 8639547.812, 97
Trd, 8639547.879, 87
Trd, 8639548.379, 107
Trd, 8639548.612, 81
Trd, 8639549.512, 93
Trd, 8639549.946, 114
Trd, 8639550.946, 107
Trd, 8639550.979, 79
Trd, 8639551.479, 132
Trd, 8639551.546, 77
Trd, 8639552.046, 137
Trd, 8639552.512, 96
Trd, 8639553.512, 110
Trd, 8639553.846, 109
Trd, 8639554.079, 97
Trd, 8639554.279, 92
Trd, 8639555.079, 101
Trd, 8639555.112, 107
Trd, 8639555.479, 100
Trd, 8639555.546, 99
Trd, 8639555.579, 95
Trd, 8639556.012, 89
Trd, 8639556.612, 60
Trd, 8639557.312, 69
Trd, 8639557.679, 68
Trd, 8639558.312, 63
Trd, 8639558.512, 86
Trd, 8639559.146, 62
Trd, 8639559.446, 67
Trd, 8639559.912, 95
Trd, 8639560.646, 74
Trd, 8639561.712, 101
Trd, 8639561.912, 97
Trd, 8639562.012, 116
Trd, 8639562.579, 134
Trd, 8639563.179, 86
Trd, 8639563.379, 92
Trd, 8639563.946, 95
Trd, 8639564.146, 77
Trd, 8639564.412, 74
Trd, 8639565.279, 72
Trd, 8639565.512, 99
Trd, 8639565.712, 68
Trd, 8639566.112, 140
Trd, 8639566.279, 140
Trd, 8639566.812, 123
Trd, 8639567.246, 99
Trd, 8639568.212, 91
Trd, 8639568.579, 86
Trd, 8639568.646, 82
Trd, 8639568.912, 103
Trd, 8639568.946, 91
Trd, 8639569.279, 79
Trd, 8639569.979, 86
Trd, 8639570.579, 101
Trd, 8639571.212, 63
Trd, 8639572.412, 140
Trd, 8639572.446, 139
Trd, 8639572.646, 110
Trd, 8639572.879, 75
Trd, 8639573.112, 104
Trd, 8639574.079, 78
Trd, 8639574.112, 126
Trd, 8639575.912, 98
Trd, 8639576.012, 97
Trd, 8639576.179, 112
Trd, 8639576.446, 65
Trd, 8639576.779, 72
Trd, 8639577.012, 83
Trd, 8639577.646, 109
Trd, 8639577.912, 129
Trd, 8639578.112, 113
Trd, 8639578.212, 108
Trd, 8639578.879, 113
Trd, 8639579.012, 105
Trd, 8639579.146, 103
Trd, 8639579.812, 98
Trd, 8639580.446, 138
Trd, 8639580.479, 134
Trd, 8639580.779, 110
Trd, 8639581.212, 115
Trd, 8639581.512, 107
Trd, 8639582.612, 106
Trd, 8639582.879, 120
Trd, 8639583.479, 105
Trd, 8639583.579, 112
Trd, 8639583.879, 134
Trd, 8639584.179, 81
Trd, 8639584.412, 122
Trd, 8639585.646, 61
Trd, 8639585.712, 122
Trd, 8639585.912, 131
Trd, 8639586.412, 73
Trd, 8639586.712, 92
Trd, 8639587.512, 89
Trd, 8639587.779, 88
Trd, 8639587.979, 71
Trd, 8639588.646, 66
Trd, 8639590.646, 60
Trd, 8639590.912, 68
Trd, 8639591.046, 102
Trd, 8639591.112, 60
Trd, 8639591.446, 99
Trd, 8639592.179, 71
Trd, 8639592.779, 80
Trd, 8639593.012, 70
Trd, 8639593.346, 78
Trd, 8639593.646, 86
Trd, 8639594.079, 83
Trd, 8639594.212, 98
Trd, 8639594.246, 83
Trd, 8639594.412, 95
Trd, 8639595.346, 131
Trd, 8639595.546, 118
Trd, 8639596.346, 104
Trd, 8639596.579, 102
Trd, 8639596.746, 98
Trd, 8639597.346, 138
Trd, 8639597.679, 88
Trd, 8639597.846, 82
Trd, 8639598.079, 75
Trd, 8639598.846, 75
Trd, 8639599.346, 140
Trd, 8639599.512, 111
Trd, 8639599.846, 118
Trd, 8639600.046, 139
Trd, 8639601.079, 126
Trd, 8639601.212, 137
Trd, 8639601.579, 114
Trd, 8639601.746, 103
Trd, 8639602.946, 113
Trd, 8639603.179, 88
Trd, 8639603.246, 85
Trd, 8639603.846, 119
Trd, 8639604.412, 82
Trd, 8639604.712, 79
Trd, 8639605.079, 84
Trd, 8639605.446, 73
Trd, 8639605.479, 105
Trd, 8639605.612, 62
Trd, 8639606.079, 60
Trd, 8639606.879, 123
Trd, 8639607.479, 128
Trd, 8639607.679, 120
Trd, 8639607.846, 126
Trd, 8639608.012, 132
Trd, 8639609.179, 68
Trd, 8639609.379, 92
Trd, 8639609.546, 71
Trd, 8639611.046, 74
Trd, 8639611.279, 79
Trd, 8639611.412, 101
Trd, 8639612.546, 87
Trd, 8639613.212, 104
Trd, 8639613.379, 113
Trd, 8639613.912, 112
Trd, 8639614.146, 94
Trd, 8639614.212, 90
Trd, 8639614.412, 89
Trd, 8639614.812, 71
Trd, 8639614.912, 69
Trd, 8639615.479, 61
Trd, 8639615.546, 86
Trd, 8639616.179, 76
Trd, 8639616.612, 69
Trd, 8639617.746, 74
Trd, 8639618.946, 85
Trd, 8639619.079, 79
Trd, 8639619.112, 103
Trd, 8639619.612, 74
Trd, 8639619.779, 97
Trd, 8639619.912, 74
Trd, 8639620.412, 64
Trd, 8639620.679, 64
Trd, 8639620.746, 102
Trd, 8639621.079, 72
Trd, 8639621.412, 68
Trd, 8639622.079, 60
Trd, 8639622.212, 83
Trd, 8639623.112, 85
Trd, 8639623.346, 102
Trd, 8639624.079, 129
Trd, 8639624.479, 84
Trd, 8639624.512, 83
Trd, 8639624.712, 67
Trd, 8639626.079, 82
Trd, 8639626.446, 60
Trd, 8639626.612, 77
Trd, 8639626.812, 76
Trd, 8639627.112, 66
Trd, 8639627.146, 71
Trd, 8639628.912, 64
Trd, 8639629.046, 100
Trd, 8639629.312, 61
Trd, 8639629.879, 60
Trd, 8639630.112, 60
Trd, 8639631.079, 69
Trd, 8639631.212, 70
Trd, 8639631.546, 83
Trd, 8639631.879, 75
Trd, 8639632.112, 82
Trd, 8639632.812, 137
Trd, 8639633.012, 109
Trd, 8639633.046, 104
Trd, 8639633.679, 99
Trd, 8639634.912, 101
Trd, 8639635.346, 140
Trd, 8639635.779, 138
Trd, 8639635.846, 121
Trd, 8639636.279, 116
Trd, 8639636.812, 115
Trd, 8639637.046, 94
Trd, 8639637.612, 115
Trd, 8639639.046, 112
Trd, 8639639.146, 98
Trd, 8639639.279, 91
Trd, 8639639.679, 115
Trd, 8639639.846, 109
Trd, 8639640.079, 138
Trd, 8639640.679, 102
Trd, 8639640.946, 103
Trd, 8639641.679, 75
Trd, 8639641.879, 68
Trd, 8639642.479, 120
Trd, 8639642.979, 122
Trd, 8639643.946, 95
Trd, 8639644.279, 92
Trd, 8639644.912, 91
Trd, 8639645.279, 90
Trd, 8639645.546, 88
Trd, 8639646.346, 110
Trd, 8639646.479, 87
Trd, 8639647.412, 77
Trd, 8639647.546, 82
Trd, 8639648.012, 140
Trd, 8639648.046, 124
Trd, 8639648.079, 84
Trd, 8639648.279, 107
Trd, 8639649.279, 140
Trd, 8639649.579, 115
Trd, 8639650.112, 113
Trd, 8639650.246, 100
Trd, 8639650.312, 91
Trd, 8639650.746, 119
Trd, 8639651.946, 62
Trd, 8639652.612, 61
Trd, 8639652.812, 67
Trd, 8639652.912, 67
Trd, 8639654.012, 83
Trd, 8639654.379, 98
Trd, 8639654.512, 133
Trd, 8639654.679, 78
Trd, 8639654.979, 71
Trd, 8639655.679, 80
Trd, 8639656.079, 76
Trd, 8639656.246, 102
Trd, 8639656.846, 85
Trd, 8639657.846, 79
Trd, 8639658.379, 70
Trd, 8639659.112, 80
Trd, 8639659.312, 71
Trd, 8639659.412, 127
Trd, 8639659.679, 102
Trd, 8639660.046, 82
Trd, 8639660.546, 77
Trd, 8639661.079, 112
Trd, 8639661.179, 94
Trd, 8639662.746, 122
Trd, 8639662.846, 133
Trd, 8639662.912, 120
Trd, 8639663.246, 112
Trd, 8639663.612, 110
Trd, 8639664.212, 140
Trd, 8639664.379, 110
Trd, 8639664.779, 109
Trd, 8639664.879, 84
Trd, 8639665.712, 71
Trd, 8639665.779, 88
Trd, 8639666.146, 140
Trd, 8639666.546, 125
Trd, 8639666.779, 117
Trd, 8639667.712, 119
Trd, 8639668.179, 130
Trd, 8639668.212, 112
Trd, 8639668.879, 96
Trd, 8639669.212, 123
Trd, 8639669.679, 93
Trd, 8639669.846, 69
Trd, 8639670.079, 82
Trd, 8639670.612, 68
Trd, 8639670.946, 80
Trd, 8639671.679, 103
Trd, 8639671.946, 85
Trd, 8639672.512, 92
Trd, 8639672.746, 99
Trd, 8639672.779, 71
Trd, 8639672.979, 107
Trd, 8639673.246, 69
Trd, 8639673.846, 70
Trd, 8639674.279, 72
Trd, 8639675.279, 97
Trd, 8639675.312, 121
Trd, 8639675.646, 72
Trd, 8639676.712, 77
Trd, 8639676.946, 80
Trd, 8639677.346, 122
Trd, 8639677.879, 115
Trd, 8639678.112, 106
Trd, 8639678.212, 94
Trd, 8639678.546, 93
Trd, 8639679.112, 120
Trd, 8639679.579, 140
Trd, 8639679.612, 104
Trd, 8639680.146, 120
Trd, 8639680.346, 138
Trd, 8639680.912, 99
Trd, 8639681.046, 98
Trd, 8639681.512, 112
Trd, 8639682.112, 99
Trd, 8639682.246, 97
Trd, 8639682.446, 79
Trd, 8639683.112, 74
Trd, 8639683.279, 105
Trd, 8639683.612, 73
Trd, 8639683.912, 73
Trd, 8639684.279, 86
Trd, 8639685.046, 82
Trd, 8639685.379, 64
Trd, 8639685.646, 74
Trd, 8639685.912, 71
Trd, 8639686.912, 83
Trd, 8639687.046, 78
Trd, 8639687.312, 72
Trd, 8639687.379, 110
Trd, 8639687.579, 70
Trd, 8639688.346, 83
Trd, 8639689.679, 78
Trd, 8639689.746, 73
Trd, 8639690.179, 78
Trd, 8639690.312, 77
Trd, 8639691.079, 122
Trd, 8639691.546, 68
Trd, 8639691.579, 93
Trd, 8639692.079, 106
Trd, 8639692.646, 121
Trd, 8639693.379, 82
Trd, 8639693.812, 122
Trd, 8639694.079, 84
Trd, 8639694.379, 69
Trd, 8639694.779, 67
Trd, 8639695.146, 65
Trd, 8639695.446, 65
Trd, 8639695.979, 84
Trd, 8639696.146, 70
Trd, 8639696.212, 65
Trd, 8639696.646, 72
Trd, 8639696.846, 97
Trd, 8639697.612, 83
Trd, 8639698.579, 90
Trd, 8639699.012, 71
Trd, 8639699.712, 85
Trd, 8639699.912, 102
Trd, 8639700.379, 89
Trd, 8639700.879, 86
Trd, 8639700.912, 81
Trd, 8639701.212, 97
Trd, 8639701.746, 75
Trd, 8639701.846, 83
Trd, 8639702.212, 91
Trd, 8639702.946, 124
Trd, 8639703.012, 90
Trd, 8639703.879, 60
Trd, 8639704.046, 131
Trd, 8639705.246, 73
Trd, 8639705.312, 68
Trd, 8639705.879, 89
Trd, 8639705.979, 88
Trd, 8639706.212, 93
Trd, 8639706.412, 86
Trd, 8639707.212, 72
Trd, 8639707.946, 65
Trd, 8639708.379, 76
Trd, 8639709.246, 62
Trd, 8639709.379, 92
Trd, 8639709.646, 94
Trd, 8639709.979, 60
Trd, 8639710.479, 63
Trd, 8639710.612, 65
Trd, 8639710.846, 81
Trd, 8639711.479, 65
Trd, 8639711.546, 80
Trd, 8639712.379, 61
Trd, 8639713.712, 62
Trd, 8639713.912, 68
Trd, 8639714.246, 93
Trd, 8639714.912, 63
Trd, 8639715.046, 76
Trd, 8639715.579, 90
Trd, 8639715.646, 63
Trd, 8639716.079, 65
Trd, 8639716.112, 100
Trd, 8639716.546, 103
Trd, 8639717.446, 72
Trd, 8639717.546, 65
Trd, 8639718.146, 70
Trd, 8639718.379, 73
Trd, 8639719.246, 60
Trd, 8639719.579, 83
Trd, 8639719.779, 69
Trd, 8639720.646, 89
Trd, 8639720.712, 90
Trd, 8639720.812, 105
Trd, 8639720.879, 86
Trd, 8639721.079, 72
Trd, 8639722.112, 94
Trd, 8639722.546, 101
Trd, 8639722.712, 86
Trd, 8639723.946, 109
Trd, 8639724.546, 112
Trd, 8639724.712, 83
Trd, 8639724.846, 80
Trd, 8639725.512, 82
Trd, 8639726.312, 81
Trd, 8639726.579, 83
Trd, 8639726.679, 89
Trd, 8639726.779, 121
Trd, 8639727.812, 113
Trd, 8639728.146, 119
Trd, 8639728.346, 117
Trd, 8639728.512, 99
Trd, 8639728.812, 96
Trd, 8639729.679, 112
Trd, 8639730.012, 108
Trd, 8639730.112, 104
Trd, 8639731.346, 140
Trd, 8639731.779, 137
Trd, 8639731.879, 123
Trd, 8639732.012, 114
Trd, 8639732.079, 102
Trd, 8639732.479, 130
Trd, 8639732.779, 132
Trd, 8639732.812, 130
Trd, 8639733.379, 109
Trd, 8639733.446, 135
Trd, 8639734.512, 101
Trd, 8639734.712, 101
Trd, 8639734.746, 77
Trd, 8639735.379, 98
Trd, 8639736.712, 93
Trd, 8639736.812, 89
Trd, 8639737.112, 112
Trd, 8639737.212, 110
Trd, 8639737.912, 101
Trd, 8639737.979, 75
Trd, 8639738.379, 60
Trd, 8639739.179, 79
Trd, 8639739.212, 74
Trd, 8639739.679, 61
Trd, 8639739.746, 84
Trd, 8639739.946, 75
Trd, 8639740.912, 119
Trd, 8639741.246, 88
Trd, 8639741.346, 129
Trd, 8639741.446, 84
Trd, 8639742.846, 106
Trd, 8639743.879, 88
Trd, 8639744.012, 87
Trd, 8639744.879, 89
Trd, 8639746.012, 140
Trd, 8639746.279, 138
Trd, 8639746.312, 136
Trd, 8639746.546, 121
Trd, 8639746.979, 120
Trd, 8639747.079, 111
Trd, 8639747.512, 110
Trd, 8639748.546, 106
Trd, 8639748.946, 140
Trd, 8639749.779, 115
Trd, 8639750.312, 139
Trd, 8639750.379, 134
Trd, 8639751.212, 128
Trd, 8639751.246, 117
Trd, 8639751.446, 113
Trd, 8639751.679, 93
Trd, 8639752.646, 123
Trd, 8639753.779, 131
Trd, 8639753.812, 97
Trd, 8639754.512, 109
Trd, 8639754.846, 105
Trd, 8639754.879, 97
Trd, 8639755.012, 133
Trd, 8639755.179, 82
Trd, 8639755.879, 70
Trd, 8639756.479, 65
Trd, 8639756.746, 135
Trd, 8639756.946, 61
Trd, 8639757.946, 85
Trd, 8639758.279, 82
Trd, 8639758.879, 72
Trd, 8639759.579, 92
Trd, 8639760.012, 90
Trd, 8639760.212, 105
Trd, 8639760.246, 133
Trd, 8639761.112, 113
Trd, 8639761.246, 112
Trd, 8639761.512, 103
Trd, 8639761.646, 89
Trd, 8639762.046, 75
Trd, 8639762.246, 75
Trd, 8639762.312, 104
Trd, 8639763.079, 60
Trd, 8639763.479, 88
Trd, 8639763.712, 85
Trd, 8639764.346, 77
Trd, 8639764.379, 76
Trd, 8639764.412, 74
Trd, 8639764.679, 83
Trd, 8639764.746, 76
Trd, 8639765.279, 124
Trd, 8639766.712, 114
Trd, 8639767.246, 90
Trd, 8639767.379, 90
Trd, 8639768.079, 83
Trd, 8639768.212, 79
Trd, 8639768.746, 106
Trd, 8639769.079, 140
Trd, 8639769.246, 107
Trd, 8639769.612, 89
Trd, 8639770.012, 85
Trd, 8639770.912, 90
Trd, 8639771.112, 86
Trd, 8639772.346, 139
Trd, 8639773.046, 126
Trd, 8639773.079, 125
Trd, 8639773.446, 110
Trd, 8639773.612, 106
Trd, 8639773.679, 138
Trd, 8639773.879, 120
Trd, 8639774.479, 139
Trd, 8639774.879, 113
Trd, 8639775.646, 129
Trd, 8639775.946, 92
Trd, 8639776.079, 117
Trd, 8639776.379, 90
Trd, 8639776.546, 89
Trd, 8639777.546, 64
Trd, 8639777.679, 114
Trd, 8639778.379, 138
Trd, 8639780.746, 77
Trd, 8639780.812, 74
Trd, 8639781.079, 73
Trd, 8639781.112, 73
Trd, 8639781.312, 109
Trd, 8639782.012, 126
Trd, 8639782.446, 133
Trd, 8639782.612, 132
Trd, 8639782.679, 103
Trd, 8639783.579, 89
Trd, 8639783.646, 84
Trd, 8639783.912, 70
Trd, 8639784.679, 100
Trd, 8639785.279, 122
Trd, 8639785.546, 120
Trd, 8639785.712, 113
Trd, 8639785.779, 113
Trd, 8639785.946, 92
Trd, 8639786.746, 92
Trd, 8639787.279, 91
Trd, 8639787.579, 118
Trd, 8639787.646, 101
Trd, 8639787.779, 90
Trd, 8639789.079, 99
Trd, 8639789.312, 89
Trd, 8639789.479, 88
Trd, 8639789.646, 103
Trd, 8639790.346, 113
Trd, 8639790.612, 87
Trd, 8639791.279, 121
Trd, 8639791.412, 78
Trd, 8639791.879, 73
Trd, 8639792.112, 93
Trd, 8639792.712, 62
Trd, 8639793.179, 135
Trd, 8639793.346, 111
Trd, 8639794.012, 101
Trd, 8639794.646, 82
Trd, 8639795.079, 81
Trd, 8639795.312, 136
Trd, 8639795.646, 133
Trd, 8639795.746, 73
Trd, 8639796.379, 64
Trd, 8639796.512, 78
Trd, 8639796.979, 140
Trd, 8639797.379, 101
Trd, 8639797.412, 100
Trd, 8639798.112, 88
Trd, 8639798.846, 88
Trd, 8639798.912, 88
Trd, 8639799.179, 83
Trd, 8639799.279, 81
Trd, 8639799.346, 63
Trd, 8639799.712, 84
Trd, 8639801.646, 93
Trd, 8639801.746, 89
Trd, 8639802.712, 76
Trd, 8639802.779, 86
Trd, 8639802.979, 70
Trd, 8639803.112, 87
Trd, 8639803.479, 61
Trd, 8639804.446, 63
Trd, 8639805.312, 66
Trd, 8639806.246, 62
Trd, 8639806.546, 81
Trd, 8639807.046, 69
Trd, 8639807.079, 62
Trd, 8639807.446, 82
Trd, 8639808.046, 64
Trd, 8639808.379, 64
Trd, 8639808.779, 74
Trd, 8639809.379, 62
Trd, 8639809.546, 67
Trd, 8639810.946, 95
Trd, 8639811.246, 63
Trd, 8639811.579, 84
Trd, 8639812.046, 75
Trd, 8639812.546, 99
Trd, 8639812.746, 94
Trd, 8639812.946, 93
Trd, 8639813.579, 138
Trd, 8639813.712, 123
Trd, 8639813.812, 122
Trd, 8639814.379, 134
Trd, 8639814.546, 108
Trd, 8639814.812, 99
Trd, 8639815.379, 140
Trd, 8639816.312, 125
Trd, 8639817.079, 113
Trd, 8639817.346, 106
Trd, 8639817.412, 105
Trd, 8639817.546, 100
Trd, 8639817.812, 97
Trd, 8639818.812, 95
Trd, 8639819.112, 94
Trd, 8639819.912, 96
Trd, 8639820.212, 94
Trd, 8639820.312, 93
Trd, 8639820.479, 82
Trd, 8639820.879, 96
Trd, 8639821.346, 136
Trd, 8639821.412, 135
Trd, 8639822.179, 101
Trd, 8639823.012, 115
Trd, 8639823.712, 109
Trd, 8639823.946, 108
Trd, 8639824.112, 86
Trd, 8639824.312, 84
Trd, 8639824.346, 94
Trd, 8639824.646, 82
Trd, 8639825.379, 76
Trd, 8639825.712, 76
Trd, 8639825.946, 130
Trd, 8639826.879, 106
Trd, 8639827.246, 89
Trd, 8639827.679, 68
Trd, 8639828.379, 93
Trd, 8639829.012, 98
Trd, 8639829.212, 101
Trd, 8639829.646, 74
Trd, 8639830.079, 136
Trd, 8639830.479, 124
Trd, 8639830.746, 71
Trd, 8639830.946, 107
Trd, 8639831.079, 68
Trd, 8639831.979, 94
Trd, 8639832.646, 81
Trd, 8639832.846, 67
Trd, 8639833.279, 95
Trd, 8639833.512, 93
Trd, 8639834.912, 85
Trd, 8639835.346, 140
Trd, 8639835.479, 116
Trd, 8639835.646, 139
Trd, 8639836.812, 94
Trd, 8639836.979, 83
Trd, 8639837.012, 89
Trd, 8639837.312, 73
Trd, 8639837.512, 96
Trd, 8639838.446, 83
Trd, 8639839.112, 100
Trd, 8639839.346, 73
Trd, 8639839.479, 73
Trd, 8639839.512, 73
Trd, 8639839.746, 131
Trd, 8639839.812, 97
Trd, 8639840.179, 90
Trd, 8639840.546, 97
Trd, 8639840.679, 67
Trd, 8639841.212, 60
Trd, 8639842.279, 60
Trd, 8639842.912, 63
Trd, 8639843.446, 85
Trd, 8639843.846, 140
Trd, 8639844.246, 139
Trd, 8639844.746, 123
Trd, 8639844.912, 81
Trd, 8639845.612, 61
Trd, 8639846.279, 99
Trd, 8639846.446, 118
Trd, 8639846.746, 104
Trd, 8639847.246, 99
Trd, 8639847.679, 98
Trd, 8639847.812, 93
Trd, 8639848.346, 97
Trd, 8639848.679, 83
Trd, 8639849.546, 64
Trd, 8639850.246, 89
Trd, 8639850.312, 81
Trd, 8639850.912, 106
Trd, 8639851.112, 105
Trd, 8639851.912, 101
Trd, 8639851.979, 117
Trd, 8639852.046, 97
Trd, 8639853.279, 137
Trd, 8639854.112, 103
Trd, 8639854.346, 86
Trd, 8639854.912, 83
Trd, 8639855.412, 96
Trd, 8639855.712, 105
Trd, 8639856.179, 108
Trd, 8639856.546, 140
Trd, 8639856.846, 100
Trd, 8639857.446, 139
Trd, 8639857.479, 112
Trd, 8639858.379, 127
Trd, 8639858.846, 117
Trd, 8639859.112, 140
Trd, 8639860.246, 138
Trd, 8639861.079, 124
Trd, 8639861.512, 118
Trd, 8639861.712, 110
Trd, 8639861.812, 88
Trd, 8639861.979, 83
Trd, 8639862.246, 115
Trd, 8639863.212, 127
Trd, 8639863.246, 126
Trd, 8639863.446, 74
Trd, 8639863.979, 77
Trd, 8639864.146, 64
Trd, 8639864.512, 60
Trd, 8639865.846, 79
Trd, 8639866.112, 84
Trd, 8639866.279, 67
Trd, 8639866.712, 70
Trd, 8639867.579, 84
Trd, 8639867.646, 82
Trd, 8639867.712, 94
Trd, 8639868.479, 128
Trd, 8639868.846, 103
Trd, 8639869.146, 104
Trd, 8639869.579, 138
Trd, 8639870.846, 96
Trd, 8639871.946, 126
Trd, 8639872.246, 132
Trd, 8639872.679, 109
Trd, 8639872.712, 106
Trd, 8639872.946, 104
Trd, 8639873.079, 102
Trd, 8639873.546, 140
Trd, 8639874.646, 84
Trd, 8639875.112, 90
Trd, 8639875.879, 92
Trd, 8639876.146, 98
Trd, 8639876.212, 101
Trd, 8639876.746, 85
Trd, 8639877.012, 111
Trd, 8639877.146, 109
Trd, 8639877.212, 112
Trd, 8639877.312, 90
Trd, 8639877.979, 135
Trd, 8639878.012, 101
Trd, 8639878.146, 138
Trd, 8639878.712, 90
Trd, 8639879.246, 129
Trd, 8639879.479, 73
Trd, 8639879.979, 92
Trd, 8639880.412, 64
Trd, 8639880.679, 71
Trd, 8639882.379, 135
Trd, 8639883.146, 66
Trd, 8639883.212, 81
Trd, 8639883.746, 65
Trd, 8639884.146, 90
Trd, 8639884.512, 96
Trd, 8639884.679, 83
Trd, 8639885.112, 76
Trd, 8639885.679, 137
Trd, 8639885.979, 84
Trd, 8639886.079, 82
Trd, 8639886.146, 78
Trd, 8639886.279, 95
Trd, 8639886.546, 87
Trd, 8639886.746, 109
Trd, 8639887.212, 93
Trd, 8639888.112, 67
Trd, 8639889.546, 60
Trd, 8639889.712, 84
Trd, 8639890.746, 101
Trd, 8639890.912, 71
Trd, 8639891.312, 66
Trd, 8639891.612, 67
Trd, 8639891.879, 66
Trd, 8639893.212, 98
Trd, 8639893.379, 95
Trd, 8639893.912, 103
Trd, 8639894.379, 95
Trd, 8639894.812, 140
Trd, 8639894.979, 134
Trd, 8639895.079, 118
Trd, 8639895.646, 139
Trd, 8639895.712, 116
Trd, 8639896.646, 105
Trd, 8639897.612, 114
Trd, 8639897.712, 93
Trd, 8639898.246, 93
Trd, 8639898.379, 92
Trd, 8639898.712, 92
Trd, 8639898.912, 93
Trd, 8639899.079, 100
Trd, 8639900.046, 72
Trd, 8639900.179, 60
Trd, 8639900.946, 121
Trd, 8639901.079, 120
Trd, 8639901.112, 137
Trd, 8639901.912, 71
Trd, 8639902.112, 100
Trd, 8639902.479, 116
Trd, 8639903.412, 93
Trd, 8639903.712, 116
Trd, 8639904.012, 88
Trd, 8639904.046, 69
Trd, 8639904.546, 83
Trd, 8639905.612, 60
Trd, 8639906.079, 70
Trd, 8639906.679, 67
Trd, 8639906.812, 71
Trd, 8639907.179, 72
Trd, 8639907.212, 101
Trd, 8639907.446, 64
Trd, 8639909.046, 66
Trd, 8639909.312, 70
Trd, 8639909.479, 72
Trd, 8639909.912, 74
Trd, 8639910.446, 67
Trd, 8639910.679, 79
Trd, 8639911.412, 72
Trd, 8639911.512, 65
Trd, 8639911.879, 101
Trd, 8639912.046, 90
Trd, 8639912.546, 65
Trd, 8639913.646, 80
Trd, 8639913.779, 82
Trd, 8639914.446, 103
Trd, 8639914.479, 93
Trd, 8639915.979, 81
Trd, 8639916.012, 69
Trd, 8639916.346, 99
Trd, 8639916.579, 84
Trd, 8639916.679, 79
Trd, 8639917.546, 98
Trd, 8639917.846, 68
Trd, 8639917.879, 75
Trd, 8639918.179, 83
Trd, 8639918.446, 68
Trd, 8639918.479, 140
Trd, 8639918.646, 94
Trd, 8639919.512, 94
Trd, 8639920.046, 140
Trd, 8639921.246, 137
Trd, 8639922.146, 96
Trd, 8639922.446, 95
Trd, 8639922.579, 84
Trd, 8639922.879, 71
Trd, 8639922.912, 62
Trd, 8639923.312, 85
Trd, 8639924.212, 80
Trd, 8639924.912, 64
Trd, 8639925.446, 120
Trd, 8639926.179, 129
Trd, 8639926.479, 129
Trd, 8639927.379, 136
Trd, 8639927.412, 138
Trd, 8639927.546, 132
Trd, 8639927.979, 109
Trd, 8639928.112, 109
Trd, 8639928.179, 115
Trd, 8639928.346, 92
Trd, 8639928.846, 140
Trd, 8639929.746, 94
Trd, 8639930.012, 84
Trd, 8639930.979, 72
Trd, 8639931.546, 62
Trd, 8639931.879, 76
Trd, 8639932.512, 92
Trd, 8639933.212, 77
Trd, 8639933.379, 138
Trd, 8639933.479, 74
Trd, 8639934.112, 70
Trd, 8639934.346, 103
Trd, 8639934.379, 69
Trd, 8639934.912, 78
Trd, 8639935.612, 69
Trd, 8639935.712, 82
Trd, 8639936.079, 82
Trd, 8639936.579, 97
Trd, 8639936.979, 116
Trd, 8639937.012, 81
Trd, 8639937.446, 104
Trd, 8639938.079, 125
Trd, 8639938.179, 118
Trd, 8639938.579, 117
Trd, 8639938.779, 116
Trd, 8639938.879, 103
Trd, 8639938.912, 93
Trd, 8639939.679, 95
Trd, 8639940.412, 80
Trd, 8639941.146, 66
Trd, 8639941.512, 77
Trd, 8639942.212, 65
Trd, 8639942.412, 64
Trd, 8639942.546, 85
Trd, 8639943.879, 119
Trd, 8639944.479, 130
Trd, 8639944.546, 129
Trd, 8639944.746, 117
Trd, 8639944.946, 139
Trd, 8639945.879, 99
Trd, 8639945.946, 97
Trd, 8639947.112, 139
Trd, 8639947.279, 119
Trd, 8639947.479, 89
Trd, 8639948.046, 84
Trd, 8639948.112, 94
Trd, 8639948.479, 94
Trd, 8639948.846, 83
Trd, 8639949.412, 109
Trd, 8639949.712, 81
Trd, 8639950.012, 77
Trd, 8639950.246, 116
Trd, 8639951.312, 109
Trd, 8639951.646, 94
Trd, 8639952.646, 84
Trd, 8639953.179, 123
Trd, 8639953.946, 138
Trd, 8639953.979, 112
Trd, 8639954.346, 108
Trd, 8639954.579, 117
Trd, 8639955.079, 111
Trd, 8639955.246, 108
Trd, 8639956.346, 100
Trd, 8639956.379, 87
Trd, 8639956.479, 103
Trd, 8639957.146, 115
Trd, 8639958.612, 137
Trd, 8639958.779, 121
Trd, 8639959.046, 121
Trd, 8639959.746, 109
Trd, 8639959.779, 108
Trd, 8639959.979, 106
Trd, 8639960.346, 93
Trd, 8639961.212, 84
Trd, 8639961.946, 60
Trd, 8639962.046, 71
Trd, 8639962.212, 73
Trd, 8639962.346, 66
Trd, 8639963.046, 128
Trd, 8639963.446, 92
Trd, 8639963.712, 75
Trd, 8639963.846, 67
Trd, 8639964.246, 113
Trd, 8639964.579, 86
Trd, 8639965.512, 123
Trd, 8639965.879, 126
Trd, 8639966.079, 107
Trd, 8639966.212, 104
Trd, 8639966.312, 95
Trd, 8639966.512, 90
Trd, 8639966.946, 77
Trd, 8639967.879, 63
Trd, 8639968.079, 65
Trd, 8639968.812, 90
Trd, 8639969.612, 140
Trd, 8639969.679, 138
Trd, 8639969.712, 119
Trd, 8639969.812, 112
Trd, 8639970.312, 106
Trd, 8639970.846, 97
Trd, 8639972.146, 140
Trd, 8639972.246, 111
Trd, 8639972.579, 138
Trd, 8639972.712, 107
Trd, 8639972.846, 102
Trd, 8639973.646, 87
Trd, 8639974.512, 115
Trd, 8639975.079, 104
Trd, 8639975.212, 98
Trd, 8639975.512, 68
Trd, 8639976.712, 140
Trd, 8639977.246, 140
Trd, 8639977.812, 127
Trd, 8639978.712, 139
Trd, 8639978.779, 137
Trd, 8639979.712, 111
Trd, 8639979.879, 109
Trd, 8639980.112, 103
Trd, 8639981.012, 90
Trd, 8639981.112, 84
Trd, 8639981.179, 102
Trd, 8639981.379, 82
Trd, 8639981.846, 97
Trd, 8639982.512, 62
Trd, 8639983.112, 108
Trd, 8639983.279, 132
Trd, 8639983.712, 104
Trd, 8639983.779, 78
Trd, 8639984.246, 90
Trd, 8639984.712, 79
Trd, 8639985.779, 90
Trd, 8639985.879, 86
Trd, 8639986.079, 125
Trd, 8639986.112, 85
Trd, 8639986.446, 140
Trd, 8639986.546, 98
Trd, 8639988.212, 140
Trd, 8639988.512, 139
Trd, 8639988.812, 117
Trd, 8639988.879, 86
Trd, 8639990.012, 68
Trd, 8639990.146, 72
Trd, 8639990.379, 86
Trd, 8639990.646, 77
Trd, 8639990.679, 66
Trd, 8639991.579, 63
Trd, 8639991.679, 115
Trd, 8639991.979, 65
Trd, 8639992.379, 85
Trd, 8639992.546, 136
Trd, 8639993.479, 82
Trd, 8639993.512, 90
Trd, 8639994.479, 131
Trd, 8639994.912, 60
Trd, 8639995.912, 102
Trd, 8639996.312, 98
Trd, 8639997.346, 105
Trd, 8639998.312, 121
Trd, 8639998.379, 124
Trd, 8639998.812, 101
Trd, 8639998.879, 100
Trd, 8639999.379, 86
Trd, 8639999.646, 111
Trd, 8639999.679, 99
Trd, 8639999.779, 88
