Trd, 8638761.412, 140
Trd, 8638761.446, 140
Trd, 8638761.779, 140
Trd, 8638761.879, 140
Trd, 8638762.079, 139
Trd, 8638762.612, 97
Trd, 8638763.846, 136
Trd, 8638764.412, 104
Trd, 8638765.579, 111
Trd, 8638765.712, 124
Trd, 8638766.079, 122
Trd, 8638766.212, 112
Trd, 8638766.279, 111
Trd, 8638767.412, 119
Trd, 8638767.446, 118
Trd, 8638767.779, 115
Trd, 8638768.112, 139
Trd, 8638768.579, 60
Trd, 8638769.146, 60
Trd, 8638769.279, 64
Trd, 8638769.612, 63
Trd, 8638771.112, 61
Trd, 8638771.246, 62
Trd, 8638771.379, 81
Trd, 8638772.579, 75
Trd, 8638773.012, 61
Trd, 8638773.046, 76
Trd, 8638773.346, 64
Trd, 8638773.712, 66
Trd, 8638774.012, 92
Trd, 8638774.479, 104
Trd, 8638775.379, 140
Trd, 8638776.979, 140
Trd, 8638777.046, 140
Trd, 8638777.146, 140
Trd, 8638778.312, 140
Trd, 8638778.546, 140
Trd, 8638778.812, 140
Trd, 8638778.979, 140
Trd, 8638779.179, 139
Trd, 8638779.579, 139
Trd, 8638779.812, 139
Trd, 8638779.912, 140
Trd, 8638781.546, 140
Trd, 8638781.579, 140
Trd, 8638781.712, 140
Trd, 8638781.846, 140
Trd, 8638781.979, 123
Trd, 8638782.779, 135
Trd, 8638783.079, 102
Trd, 8638783.879, 129
Trd, 8638783.912, 105
Trd, 8638784.179, 99
Trd, 8638785.346, 69
Trd, 8638786.679, 73
Trd, 8638786.846, 98
Trd, 8638787.012, 73
Trd, 8638787.079, 99
Trd, 8638787.579, 74
Trd, 8638787.912, 98
Trd, 8638788.112, 74
Trd, 8638788.512, 97
Trd, 8638788.979, 79
Trd, 8638789.012, 98
Trd, 8638790.079, 140
Trd, 8638790.412, 140
Trd, 8638791.779, 140
Trd, 8638792.046, 140
Trd, 8638792.612, 140
Trd, 8638792.746, 140
Trd, 8638792.879, 140
Trd, 8638793.079, 140
Trd, 8638793.146, 140
Trd, 8638793.646, 140
Trd, 8638793.912, 140
Trd, 8638794.446, 94
Trd, 8638794.679, 82
Trd, 8638795.412, 95
Trd, 8638795.446, 96
Trd, 8638795.979, 61
Trd, 8638796.746, 60
Trd, 8638797.879, 60
Trd, 8638798.679, 60
Trd, 8638798.779, 60
Trd, 8638799.146, 60
Trd, 8638799.179, 60
Trd, 8638799.246, 60
Trd, 8638799.446, 60
Trd, 8638800.079, 60
Trd, 8638800.112, 60
Trd, 8638801.979, 60
Trd, 8638802.046, 60
Trd, 8638802.579, 60
Trd, 8638802.779, 60
Trd, 8638802.979, 60
Trd, 8638803.246, 60
Trd, 8638803.479, 60
Trd, 8638803.579, 60
Trd, 8638803.779, 65
Trd, 8638803.979, 80
Trd, 8638804.146, 60
Trd, 8638804.812, 62
Trd, 8638805.412, 61
Trd, 8638805.446, 62
Trd, 8638805.779, 69
Trd, 8638806.012, 62
Trd, 8638807.812, 62
Trd, 8638808.546, 60
Trd, 8638809.046, 60
Trd, 8638809.346, 60
Trd, 8638809.746, 60
Trd, 8638809.846, 61
Trd, 8638810.779, 71
Trd, 8638811.012, 71
Trd, 8638811.346, 119
Trd, 8638811.412, 117
Trd, 8638811.746, 118
Trd, 8638811.912, 119
Trd, 8638812.179, 119
Trd, 8638812.379, 118
Trd, 8638812.579, 76
Trd, 8638813.346, 68
Trd, 8638814.312, 140
Trd, 8638814.846, 140
Trd, 8638815.546, 140
Trd, 8638816.046, 140
Trd, 8638816.312, 140
Trd, 8638817.246, 140
Trd, 8638817.279, 139
Trd, 8638817.946, 140
Trd, 8638818.446, 140
Trd, 8638818.479, 140
Trd, 8638818.879, 140
Trd, 8638819.046, 140
Trd, 8638819.246, 140
Trd, 8638819.379, 129
Trd, 8638821.312, 139
Trd, 8638821.546, 122
Trd, 8638822.046, 121
Trd, 8638822.746, 138
Trd, 8638822.912, 121
Trd, 8638823.546, 140
Trd, 8638824.646, 140
Trd, 8638824.679, 140
Trd, 8638824.912, 140
Trd, 8638825.412, 140
Trd, 8638825.812, 140
Trd, 8638826.079, 140
Trd, 8638828.012, 140
Trd, 8638828.612, 140
Trd, 8638828.679, 140
Trd, 8638828.912, 140
Trd, 8638829.146, 140
Trd, 8638829.379, 140
Trd, 8638829.579, 140
Trd, 8638829.846, 140
Trd, 8638829.879, 140
Trd, 8638829.912, 140
Trd, 8638830.646, 140
Trd, 8638831.279, 140
Trd, 8638831.312, 140
Trd, 8638832.379, 140
Trd, 8638832.679, 140
Trd, 8638833.346, 139
Trd, 8638833.879, 140
Trd, 8638834.512, 140
Trd, 8638834.612, 140
Trd, 8638836.046, 140
Trd, 8638836.279, 140
Trd, 8638836.912, 140
Trd, 8638838.212, 140
Trd, 8638838.512, 140
Trd, 8638838.612, 140
Trd, 8638839.779, 140
Trd, 8638839.979, 140
Trd, 8638840.479, 140
Trd, 8638841.046, 140
Trd, 8638842.012, 140
Trd, 8638842.612, 140
Trd, 8638843.279, 140
Trd, 8638843.512, 140
Trd, 8638843.546, 140
Trd, 8638843.846, 140
Trd, 8638844.312, 140
Trd, 8638844.479, 140
Trd, 8638844.712, 140
Trd, 8638845.312, 140
Trd, 8638845.712, 140
Trd, 8638845.812, 140
Trd, 8638846.179, 140
Trd, 8638846.246, 140
Trd, 8638846.312, 140
Trd, 8638847.112, 133
Trd, 8638847.379, 136
Trd, 8638847.746, 129
Trd, 8638848.412, 129
Trd, 8638848.479, 128
Trd, 8638850.046, 140
Trd, 8638850.246, 140
Trd, 8638850.512, 140
Trd, 8638850.712, 138
Trd, 8638851.646, 88
Trd, 8638852.679, 118
Trd, 8638853.346, 140
Trd, 8638854.012, 140
Trd, 8638854.146, 140
Trd, 8638854.312, 117
Trd, 8638855.212, 92
Trd, 8638855.579, 126
Trd, 8638855.712, 95
Trd, 8638856.046, 126
Trd, 8638856.579, 96
Trd, 8638856.646, 94
Trd, 8638856.812, 91
Trd, 8638857.679, 121
Trd, 8638858.179, 83
Trd, 8638858.612, 92
Trd, 8638859.446, 114
Trd, 8638859.812, 114
Trd, 8638859.846, 113
Trd, 8638859.979, 113
Trd, 8638860.446, 114
Trd, 8638860.512, 116
Trd, 8638860.979, 117
Trd, 8638861.112, 116
Trd, 8638862.179, 116
Trd, 8638862.579, 95
Trd, 8638863.612, 140
Trd, 8638863.646, 139
Trd, 8638864.312, 140
Trd, 8638864.446, 140
Trd, 8638865.112, 140
Trd, 8638865.446, 140
Trd, 8638866.179, 140
Trd, 8638866.379, 140
Trd, 8638866.546, 137
Trd, 8638866.812, 96
Trd, 8638867.779, 140
Trd, 8638867.846, 140
Trd, 8638867.879, 138
Trd, 8638868.346, 66
Trd, 8638868.946, 64
Trd, 8638870.879, 61
Trd, 8638871.312, 60
Trd, 8638872.212, 60
Trd, 8638873.112, 60
Trd, 8638873.146, 60
Trd, 8638873.846, 60
Trd, 8638873.946, 60
Trd, 8638874.179, 60
Trd, 8638875.379, 60
Trd, 8638875.979, 60
Trd, 8638876.046, 60
Trd, 8638876.279, 61
Trd, 8638876.646, 62
Trd, 8638876.779, 62
Trd, 8638876.812, 61
Trd, 8638877.212, 72
Trd, 8638877.579, 73
Trd, 8638878.179, 62
Trd, 8638878.646, 66
Trd, 8638879.112, 65
Trd, 8638879.146, 63
Trd, 8638879.212, 76
Trd, 8638879.646, 63
Trd, 8638880.212, 65
Trd, 8638880.579, 75
Trd, 8638881.646, 75
Trd, 8638882.212, 74
Trd, 8638882.379, 70
Trd, 8638882.612, 74
Trd, 8638882.746, 74
Trd, 8638883.012, 75
Trd, 8638883.112, 74
Trd, 8638883.579, 106
Trd, 8638883.646, 75
Trd, 8638884.446, 78
Trd, 8638884.646, 78
Trd, 8638885.212, 80
Trd, 8638886.079, 140
Trd, 8638886.412, 65
Trd, 8638887.079, 82
Trd, 8638887.612, 109
Trd, 8638888.246, 140
Trd, 8638889.079, 140
Trd, 8638889.212, 140
Trd, 8638889.546, 140
Trd, 8638889.679, 140
Trd, 8638890.112, 139
Trd, 8638890.579, 86
Trd, 8638890.879, 81
Trd, 8638892.346, 140
Trd, 8638892.746, 140
Trd, 8638893.646, 139
Trd, 8638894.346, 140
Trd, 8638894.412, 140
Trd, 8638894.546, 140
Trd, 8638895.512, 140
Trd, 8638895.612, 140
Trd, 8638895.746, 140
Trd, 8638895.812, 140
Trd, 8638895.979, 140
Trd, 8638896.846, 140
Trd, 8638897.146, 128
Trd, 8638898.246, 140
Trd, 8638898.279, 140
Trd, 8638898.712, 139
Trd, 8638898.812, 139
Trd, 8638899.379, 109
Trd, 8638899.446, 108
Trd, 8638900.079, 106
Trd, 8638901.446, 131
Trd, 8638901.479, 112
Trd, 8638901.612, 129
Trd, 8638901.879, 132
Trd, 8638902.212, 113
Trd, 8638902.546, 114
Trd, 8638903.179, 115
Trd, 8638903.612, 123
Trd, 8638903.746, 116
Trd, 8638904.212, 114
Trd, 8638904.679, 114
Trd, 8638904.912, 125
Trd, 8638905.046, 71
Trd, 8638905.179, 126
Trd, 8638905.746, 70
Trd, 8638906.212, 86
Trd, 8638907.379, 140
Trd, 8638908.112, 73
Trd, 8638908.412, 73
Trd, 8638910.046, 140
Trd, 8638911.046, 140
Trd, 8638911.412, 140
Trd, 8638911.612, 140
Trd, 8638912.279, 140
Trd, 8638912.646, 140
Trd, 8638912.879, 140
Trd, 8638913.312, 140
Trd, 8638913.446, 140
Trd, 8638914.179, 140
Trd, 8638914.246, 140
Trd, 8638915.546, 140
Trd, 8638916.579, 140
Trd, 8638917.046, 140
Trd, 8638918.412, 140
Trd, 8638918.546, 140
Trd, 8638918.646, 140
Trd, 8638918.679, 140
Trd, 8638918.812, 140
Trd, 8638919.212, 111
Trd, 8638919.446, 105
Trd, 8638919.846, 105
Trd, 8638920.012, 106
Trd, 8638920.312, 77
Trd, 8638921.046, 78
Trd, 8638921.479, 60
Trd, 8638921.746, 95
Trd, 8638922.046, 69
Trd, 8638922.212, 63
Trd, 8638922.779, 64
Trd, 8638922.879, 66
Trd, 8638923.379, 69
Trd, 8638924.912, 140
Trd, 8638925.379, 140
Trd, 8638925.679, 140
Trd, 8638926.646, 140
Trd, 8638927.312, 140
Trd, 8638927.946, 140
Trd, 8638928.579, 140
Trd, 8638928.812, 140
Trd, 8638930.512, 140
Trd, 8638930.846, 140
Trd, 8638931.512, 140
Trd, 8638931.679, 140
Trd, 8638932.579, 140
Trd, 8638932.879, 140
Trd, 8638934.546, 140
Trd, 8638934.779, 140
Trd, 8638936.012, 140
Trd, 8638937.112, 140
Trd, 8638937.912, 140
Trd, 8638938.412, 140
Trd, 8638938.812, 140
Trd, 8638938.846, 140
Trd, 8638938.879, 140
Trd, 8638938.979, 140
Trd, 8638939.146, 140
Trd, 8638939.512, 140
Trd, 8638939.646, 140
Trd, 8638939.879, 140
Trd, 8638940.646, 140
Trd, 8638941.379, 140
Trd, 8638942.179, 140
Trd, 8638942.212, 140
Trd, 8638942.379, 140
Trd, 8638942.446, 139
Trd, 8638942.746, 140
Trd, 8638942.779, 140
Trd, 8638943.646, 95
Trd, 8638944.079, 95
Trd, 8638944.412, 140
Trd, 8638945.346, 140
Trd, 8638945.446, 140
Trd, 8638945.879, 139
Trd, 8638947.479, 140
Trd, 8638947.646, 140
Trd, 8638947.746, 140
Trd, 8638948.246, 140
Trd, 8638948.712, 123
Trd, 8638949.212, 140
Trd, 8638949.879, 140
Trd, 8638951.146, 140
Trd, 8638951.279, 140
Trd, 8638952.012, 140
Trd, 8638952.279, 140
Trd, 8638952.479, 140
Trd, 8638953.446, 94
Trd, 8638954.579, 140
Trd, 8638954.912, 140
Trd, 8638956.079, 140
Trd, 8638956.646, 140
Trd, 8638957.979, 140
Trd, 8638958.179, 140
Trd, 8638958.212, 140
Trd, 8638959.146, 140
Trd, 8638959.446, 140
Trd, 8638959.646, 140
Trd, 8638959.712, 140
Trd, 8638959.746, 140
Trd, 8638959.812, 140
Trd, 8638959.912, 140
Trd, 8638960.112, 140
Trd, 8638961.546, 140
Trd, 8638962.346, 140
Trd, 8638962.479, 140
Trd, 8638962.746, 140
Trd, 8638963.112, 140
Trd, 8638963.246, 140
Trd, 8638964.479, 140
Trd, 8638965.112, 140
Trd, 8638965.379, 140
Trd, 8638965.679, 140
Trd, 8638966.946, 140
Trd, 8638969.712, 140
Trd, 8638969.779, 140
Trd, 8638970.046, 140
Trd, 8638970.146, 140
Trd, 8638970.812, 140
Trd, 8638971.246, 140
Trd, 8638971.912, 140
Trd, 8638974.146, 140
Trd, 8638974.279, 140
Trd, 8638974.612, 140
Trd, 8638975.346, 140
Trd, 8638975.946, 140
Trd, 8638976.479, 140
Trd, 8638977.146, 140
Trd, 8638978.046, 140
Trd, 8638978.779, 140
Trd, 8638979.312, 140
Trd, 8638979.412, 140
Trd, 8638979.712, 140
Trd, 8638980.246, 140
Trd, 8638980.446, 140
Trd, 8638980.479, 140
Trd, 8638980.912, 140
Trd, 8638981.046, 140
Trd, 8638981.246, 140
Trd, 8638981.679, 140
Trd, 8638981.846, 140
Trd, 8638982.412, 140
Trd, 8638982.446, 140
Trd, 8638982.612, 140
Trd, 8638983.846, 140
Trd, 8638984.279, 109
Trd, 8638984.846, 116
Trd, 8638985.546, 112
Trd, 8638985.746, 111
Trd, 8638985.812, 110
Trd, 8638985.946, 135
Trd, 8638986.112, 110
Trd, 8638986.412, 138
Trd, 8638986.512, 109
Trd, 8638987.312, 137
Trd, 8638987.812, 123
Trd, 8638987.846, 66
Trd, 8638988.979, 72
Trd, 8638989.112, 112
Trd, 8638989.546, 73
Trd, 8638989.779, 68
Trd, 8638990.646, 140
Trd, 8638990.846, 74
Trd, 8638992.246, 140
Trd, 8638992.346, 140
Trd, 8638992.712, 140
Trd, 8638993.912, 140
Trd, 8638994.246, 140
Trd, 8638996.246, 140
Trd, 8638997.446, 140
Trd, 8638997.812, 140
Trd, 8638998.279, 140
Trd, 8638998.446, 140
Trd, 8638999.012, 140
Trd, 8638999.112, 140
Trd, 8638999.679, 140
Trd, 8639000.279, 140
Trd, 8639001.279, 140
Trd, 8639001.579, 140
Trd, 8639001.612, 140
Trd, 8639002.146, 140
Trd, 8639002.879, 140
Trd, 8639003.046, 140
Trd, 8639003.246, 140
Trd, 8639003.412, 140
Trd, 8639003.512, 140
Trd, 8639004.146, 140
Trd, 8639004.812, 140
Trd, 8639004.912, 139
Trd, 8639005.712, 140
Trd, 8639005.746, 108
Trd, 8639006.846, 115
Trd, 8639006.879, 114
Trd, 8639007.046, 107
Trd, 8639007.912, 109
Trd, 8639008.379, 111
Trd, 8639008.946, 113
Trd, 8639009.046, 112
Trd, 8639009.312, 134
Trd, 8639010.046, 130
Trd, 8639010.246, 132
Trd, 8639010.346, 112
Trd, 8639010.979, 98
Trd, 8639011.412, 132
Trd, 8639011.446, 104
Trd, 8639012.712, 128
Trd, 8639013.079, 129
Trd, 8639013.279, 100
Trd, 8639013.479, 129
Trd, 8639013.846, 107
Trd, 8639014.546, 127
Trd, 8639015.612, 118
Trd, 8639015.746, 116
Trd, 8639015.846, 116
Trd, 8639015.879, 111
Trd, 8639016.979, 60
Trd, 8639017.946, 82
Trd, 8639018.379, 60
Trd, 8639018.479, 60
Trd, 8639019.279, 68
Trd, 8639019.946, 64
Trd, 8639020.046, 69
Trd, 8639020.379, 67
Trd, 8639020.479, 67
Trd, 8639020.612, 68
Trd, 8639020.879, 88
Trd, 8639021.112, 67
Trd, 8639021.346, 65
Trd, 8639022.312, 60
Trd, 8639022.946, 60
Trd, 8639023.346, 60
Trd, 8639024.179, 60
Trd, 8639025.212, 60
Trd, 8639026.312, 60
Trd, 8639027.212, 60
Trd, 8639027.279, 60
Trd, 8639027.346, 60
Trd, 8639027.479, 61
Trd, 8639027.712, 61
Trd, 8639028.412, 60
Trd, 8639028.546, 60
Trd, 8639028.612, 61
Trd, 8639028.746, 60
Trd, 8639029.179, 60
Trd, 8639029.412, 61
Trd, 8639030.279, 66
Trd, 8639030.579, 66
Trd, 8639030.812, 68
Trd, 8639031.512, 77
Trd, 8639032.012, 73
Trd, 8639032.746, 66
Trd, 8639033.012, 82
Trd, 8639033.512, 82
Trd, 8639034.079, 95
Trd, 8639035.746, 129
Trd, 8639035.912, 81
Trd, 8639036.046, 81
Trd, 8639036.079, 80
Trd, 8639036.146, 79
Trd, 8639036.612, 78
Trd, 8639038.279, 140
Trd, 8639038.446, 79
Trd, 8639038.546, 77
Trd, 8639039.312, 140
Trd, 8639039.546, 140
Trd, 8639040.512, 140
Trd, 8639040.912, 140
Trd, 8639041.579, 140
Trd, 8639042.512, 140
Trd, 8639043.412, 140
Trd, 8639043.712, 140
Trd, 8639044.712, 140
Trd, 8639044.846, 140
Trd, 8639045.379, 140
Trd, 8639045.479, 140
Trd, 8639045.612, 140
Trd, 8639045.746, 140
Trd, 8639045.779, 140
Trd, 8639046.312, 139
Trd, 8639046.946, 140
Trd, 8639047.346, 140
Trd, 8639047.379, 140
Trd, 8639047.546, 139
Trd, 8639047.646, 140
Trd, 8639047.812, 105
Trd, 8639047.846, 104
Trd, 8639048.379, 99
Trd, 8639048.746, 140
Trd, 8639050.446, 140
Trd, 8639051.046, 140
Trd, 8639053.112, 140
Trd, 8639054.112, 140
Trd, 8639054.712, 140
Trd, 8639055.112, 140
Trd, 8639055.979, 140
Trd, 8639056.112, 140
Trd, 8639056.279, 140
Trd, 8639056.379, 140
Trd, 8639057.512, 140
Trd, 8639057.946, 140
Trd, 8639057.979, 140
Trd, 8639058.246, 140
Trd, 8639058.579, 140
Trd, 8639058.946, 140
Trd, 8639059.412, 140
Trd, 8639059.846, 140
Trd, 8639061.046, 140
Trd, 8639061.112, 140
Trd, 8639061.212, 140
Trd, 8639061.612, 140
Trd, 8639062.079, 140
Trd, 8639062.612, 140
Trd, 8639062.646, 140
Trd, 8639062.712, 140
Trd, 8639062.879, 140
Trd, 8639063.479, 140
Trd, 8639064.579, 140
Trd, 8639065.412, 140
Trd, 8639065.812, 140
Trd, 8639065.979, 140
Trd, 8639066.346, 140
Trd, 8639067.279, 140
Trd, 8639067.746, 140
Trd, 8639067.879, 140
Trd, 8639068.012, 140
Trd, 8639068.112, 140
Trd, 8639068.979, 140
Trd, 8639069.146, 140
Trd, 8639069.379, 140
Trd, 8639070.512, 140
Trd, 8639070.712, 140
Trd, 8639070.779, 140
Trd, 8639071.646, 140
Trd, 8639071.679, 140
Trd, 8639072.446, 140
Trd, 8639072.846, 140
Trd, 8639073.079, 140
Trd, 8639073.179, 140
Trd, 8639073.379, 140
Trd, 8639074.212, 103
Trd, 8639074.546, 103
Trd, 8639074.579, 102
Trd, 8639075.212, 140
Trd, 8639076.379, 109
Trd, 8639076.446, 134
Trd, 8639076.879, 109
Trd, 8639076.912, 133
Trd, 8639077.112, 108
Trd, 8639078.012, 61
Trd, 8639078.379, 127
Trd, 8639078.812, 129
Trd, 8639079.346, 62
Trd, 8639079.579, 61
Trd, 8639079.946, 66
Trd, 8639080.546, 67
Trd, 8639080.612, 66
Trd, 8639080.879, 66
Trd, 8639081.312, 66
Trd, 8639081.812, 65
Trd, 8639082.212, 64
Trd, 8639082.612, 63
Trd, 8639082.846, 62
Trd, 8639083.179, 65
Trd, 8639084.112, 65
Trd, 8639084.746, 66
Trd, 8639084.979, 65
Trd, 8639085.179, 64
Trd, 8639085.512, 67
Trd, 8639086.212, 60
Trd, 8639086.546, 60
Trd, 8639086.579, 60
Trd, 8639087.412, 60
Trd, 8639088.312, 60
Trd, 8639088.512, 60
Trd, 8639088.579, 60
Trd, 8639088.812, 65
Trd, 8639088.946, 66
Trd, 8639089.812, 67
Trd, 8639090.512, 72
Trd, 8639090.546, 76
Trd, 8639091.212, 74
Trd, 8639091.279, 80
Trd, 8639092.179, 82
Trd, 8639092.279, 83
Trd, 8639092.946, 90
Trd, 8639093.146, 90
Trd, 8639093.312, 90
Trd, 8639093.446, 140
Trd, 8639094.446, 140
Trd, 8639094.979, 140
Trd, 8639095.579, 140
Trd, 8639096.712, 140
Trd, 8639096.746, 140
Trd, 8639097.346, 140
Trd, 8639097.612, 140
Trd, 8639098.212, 140
Trd, 8639098.812, 140
Trd, 8639098.979, 140
Trd, 8639099.279, 140
Trd, 8639100.612, 140
Trd, 8639101.046, 139
Trd, 8639101.179, 138
Trd, 8639101.346, 138
Trd, 8639102.546, 138
Trd, 8639102.679, 138
Trd, 8639102.712, 140
Trd, 8639103.479, 140
Trd, 8639103.579, 140
Trd, 8639104.679, 94
Trd, 8639105.746, 100
Trd, 8639107.112, 120
Trd, 8639107.346, 136
Trd, 8639107.779, 105
Trd, 8639107.812, 104
Trd, 8639107.912, 116
Trd, 8639108.079, 131
Trd, 8639108.212, 133
Trd, 8639108.846, 128
Trd, 8639108.979, 127
Trd, 8639109.046, 133
Trd, 8639109.412, 128
Trd, 8639109.479, 126
Trd, 8639109.712, 98
Trd, 8639110.179, 135
Trd, 8639111.546, 140
Trd, 8639111.912, 140
Trd, 8639112.012, 140
Trd, 8639112.879, 140
Trd, 8639114.046, 138
Trd, 8639114.546, 140
Trd, 8639116.279, 140
Trd, 8639116.479, 140
Trd, 8639117.846, 140
Trd, 8639118.012, 140
Trd, 8639118.379, 140
Trd, 8639118.479, 140
Trd, 8639119.312, 140
Trd, 8639120.012, 140
Trd, 8639120.212, 140
Trd, 8639120.246, 140
Trd, 8639120.846, 140
Trd, 8639120.912, 140
Trd, 8639121.112, 140
Trd, 8639121.379, 140
Trd, 8639121.646, 140
Trd, 8639122.346, 140
Trd, 8639122.379, 140
Trd, 8639122.612, 140
Trd, 8639122.946, 136
Trd, 8639123.379, 102
Trd, 8639124.979, 134
Trd, 8639125.146, 112
Trd, 8639125.212, 134
Trd, 8639125.546, 134
Trd, 8639125.979, 114
Trd, 8639126.046, 113
Trd, 8639126.379, 112
Trd, 8639126.412, 109
Trd, 8639129.112, 140
Trd, 8639129.346, 140
Trd, 8639129.479, 140
Trd, 8639129.679, 140
Trd, 8639129.779, 140
Trd, 8639129.979, 140
Trd, 8639130.479, 140
Trd, 8639131.412, 140
Trd, 8639131.946, 140
Trd, 8639132.146, 140
Trd, 8639132.679, 140
Trd, 8639134.012, 140
Trd, 8639135.512, 140
Trd, 8639135.812, 140
Trd, 8639135.912, 140
Trd, 8639136.046, 140
Trd, 8639136.479, 140
Trd, 8639136.612, 138
Trd, 8639137.279, 140
Trd, 8639139.079, 140
Trd, 8639139.512, 140
Trd, 8639139.912, 140
Trd, 8639140.112, 140
Trd, 8639140.212, 140
Trd, 8639140.912, 140
Trd, 8639141.212, 140
Trd, 8639141.412, 140
Trd, 8639141.812, 138
Trd, 8639141.979, 136
Trd, 8639143.012, 123
Trd, 8639143.979, 104
Trd, 8639144.146, 116
Trd, 8639144.546, 116
Trd, 8639144.612, 115
Trd, 8639144.746, 114
Trd, 8639144.779, 115
Trd, 8639145.046, 95
Trd, 8639145.579, 92
Trd, 8639145.646, 91
Trd, 8639146.446, 66
Trd, 8639146.679, 60
Trd, 8639148.146, 60
Trd, 8639148.779, 60
Trd, 8639149.012, 60
Trd, 8639149.046, 60
Trd, 8639149.179, 60
Trd, 8639150.146, 60
Trd, 8639150.212, 60
Trd, 8639150.646, 60
Trd, 8639150.912, 60
Trd, 8639151.012, 60
Trd, 8639151.046, 61
Trd, 8639152.212, 140
Trd, 8639152.246, 140
Trd, 8639152.879, 140
Trd, 8639153.646, 140
Trd, 8639154.646, 140
Trd, 8639155.412, 140
Trd, 8639156.012, 140
Trd, 8639156.212, 140
Trd, 8639156.446, 140
Trd, 8639156.946, 140
Trd, 8639157.812, 140
Trd, 8639158.512, 140
Trd, 8639159.112, 140
Trd, 8639160.246, 140
Trd, 8639160.612, 140
Trd, 8639160.646, 140
Trd, 8639160.979, 140
Trd, 8639161.579, 140
Trd, 8639161.846, 139
Trd, 8639161.946, 139
Trd, 8639162.912, 82
Trd, 8639163.112, 135
Trd, 8639163.146, 76
Trd, 8639163.246, 137
Trd, 8639164.812, 81
Trd, 8639164.912, 119
Trd, 8639164.979, 80
Trd, 8639166.112, 124
Trd, 8639166.412, 126
Trd, 8639166.512, 125
Trd, 8639166.946, 122
Trd, 8639167.012, 106
Trd, 8639167.046, 123
Trd, 8639167.546, 61
Trd, 8639169.146, 60
Trd, 8639169.579, 60
Trd, 8639170.779, 61
Trd, 8639171.312, 61
Trd, 8639171.912, 63
Trd, 8639171.979, 64
Trd, 8639172.012, 63
Trd, 8639172.379, 63
Trd, 8639172.812, 64
Trd, 8639173.379, 60
Trd, 8639173.446, 60
Trd, 8639173.879, 60
Trd, 8639174.046, 60
Trd, 8639174.679, 62
Trd, 8639174.879, 64
Trd, 8639174.912, 62
Trd, 8639175.412, 65
Trd, 8639175.846, 66
Trd, 8639175.912, 75
Trd, 8639176.346, 75
Trd, 8639176.479, 76
Trd, 8639176.679, 94
Trd, 8639176.979, 69
Trd, 8639177.146, 69
Trd, 8639177.412, 68
Trd, 8639177.846, 85
Trd, 8639177.946, 86
Trd, 8639179.312, 60
Trd, 8639181.346, 60
Trd, 8639182.512, 60
Trd, 8639182.846, 60
Trd, 8639182.912, 60
Trd, 8639183.512, 60
Trd, 8639183.679, 61
Trd, 8639184.212, 66
Trd, 8639184.512, 74
Trd, 8639185.079, 70
Trd, 8639185.412, 70
Trd, 8639185.446, 68
Trd, 8639186.312, 69
Trd, 8639186.379, 68
Trd, 8639186.446, 67
Trd, 8639186.746, 69
Trd, 8639187.212, 67
Trd, 8639187.379, 67
Trd, 8639187.412, 61
Trd, 8639187.512, 71
Trd, 8639188.512, 133
Trd, 8639188.979, 118
Trd, 8639189.579, 121
Trd, 8639189.646, 118
Trd, 8639189.879, 117
Trd, 8639190.079, 116
Trd, 8639190.712, 138
Trd, 8639190.812, 122
Trd, 8639191.546, 68
Trd, 8639193.879, 140
Trd, 8639194.079, 140
Trd, 8639194.346, 140
Trd, 8639195.379, 140
Trd, 8639196.812, 140
Trd, 8639197.112, 140
Trd, 8639197.146, 140
Trd, 8639197.279, 140
Trd, 8639197.312, 140
Trd, 8639197.379, 140
Trd, 8639197.479, 140
Trd, 8639197.646, 139
Trd, 8639198.246, 129
Trd, 8639198.546, 140
Trd, 8639198.679, 140
Trd, 8639198.912, 140
Trd, 8639199.179, 140
Trd, 8639199.379, 140
Trd, 8639200.746, 130
Trd, 8639201.079, 124
Trd, 8639201.746, 137
Trd, 8639202.746, 140
Trd, 8639203.512, 140
Trd, 8639203.612, 140
Trd, 8639203.979, 140
Trd, 8639205.112, 140
Trd, 8639206.112, 140
Trd, 8639206.212, 140
Trd, 8639206.246, 140
Trd, 8639206.846, 140
Trd, 8639207.246, 140
Trd, 8639207.512, 140
Trd, 8639207.646, 140
Trd, 8639207.779, 140
Trd, 8639208.079, 140
Trd, 8639209.112, 140
Trd, 8639209.746, 140
Trd, 8639210.179, 140
Trd, 8639210.546, 140
Trd, 8639211.846, 140
Trd, 8639212.079, 140
Trd, 8639212.379, 140
Trd, 8639212.779, 140
Trd, 8639214.446, 140
Trd, 8639214.746, 140
Trd, 8639216.712, 140
Trd, 8639217.612, 140
Trd, 8639217.712, 140
Trd, 8639218.179, 140
Trd, 8639218.246, 140
Trd, 8639218.546, 139
Trd, 8639218.579, 140
Trd, 8639218.779, 140
Trd, 8639219.112, 140
Trd, 8639219.146, 140
Trd, 8639219.446, 140
Trd, 8639219.512, 139
Trd, 8639220.879, 99
Trd, 8639221.746, 90
Trd, 8639221.846, 91
Trd, 8639221.879, 92
Trd, 8639222.479, 89
Trd, 8639222.512, 87
Trd, 8639222.946, 86
Trd, 8639223.046, 86
Trd, 8639223.646, 66
Trd, 8639225.579, 60
Trd, 8639226.146, 60
Trd, 8639227.712, 60
Trd, 8639228.212, 60
Trd, 8639228.546, 60
Trd, 8639228.779, 60
Trd, 8639229.012, 60
Trd, 8639229.279, 60
Trd, 8639229.479, 60
Trd, 8639229.579, 60
Trd, 8639230.112, 61
Trd, 8639230.379, 61
Trd, 8639230.612, 62
Trd, 8639230.712, 60
Trd, 8639231.012, 61
Trd, 8639231.279, 61
Trd, 8639232.579, 60
Trd, 8639233.446, 60
Trd, 8639233.712, 60
Trd, 8639233.746, 60
Trd, 8639234.812, 63
Trd, 8639235.079, 64
Trd, 8639235.112, 61
Trd, 8639235.246, 63
Trd, 8639236.846, 60
Trd, 8639236.912, 61
Trd, 8639237.312, 62
Trd, 8639237.412, 64
Trd, 8639237.546, 104
Trd, 8639238.246, 68
Trd, 8639239.146, 90
Trd, 8639239.246, 80
Trd, 8639240.012, 86
Trd, 8639240.179, 84
Trd, 8639240.312, 87
Trd, 8639240.346, 84
Trd, 8639240.712, 83
Trd, 8639240.779, 82
Trd, 8639241.812, 60
Trd, 8639242.712, 60
Trd, 8639243.412, 60
Trd, 8639243.679, 60
Trd, 8639244.212, 60
Trd, 8639244.546, 61
Trd, 8639244.846, 61
Trd, 8639245.012, 62
Trd, 8639245.212, 63
Trd, 8639245.246, 63
Trd, 8639246.146, 68
Trd, 8639246.612, 71
Trd, 8639246.846, 72
Trd, 8639247.246, 73
Trd, 8639247.279, 71
Trd, 8639247.446, 70
Trd, 8639247.812, 88
Trd, 8639248.679, 61
Trd, 8639249.079, 61
Trd, 8639249.379, 76
Trd, 8639251.279, 60
Trd, 8639251.312, 60
Trd, 8639251.346, 60
Trd, 8639252.379, 60
Trd, 8639252.646, 60
Trd, 8639252.812, 62
Trd, 8639253.046, 65
Trd, 8639253.346, 75
Trd, 8639254.612, 84
Trd, 8639255.412, 103
Trd, 8639255.479, 114
Trd, 8639255.546, 102
Trd, 8639255.912, 113
Trd, 8639256.079, 89
Trd, 8639256.346, 86
Trd, 8639256.546, 110
Trd, 8639256.912, 86
Trd, 8639258.112, 93
Trd, 8639258.779, 93
Trd, 8639258.879, 78
Trd, 8639259.112, 81
Trd, 8639259.346, 105
Trd, 8639259.379, 81
Trd, 8639259.846, 82
Trd, 8639260.112, 104
Trd, 8639260.146, 82
Trd, 8639260.712, 105
Trd, 8639261.279, 80
Trd, 8639261.479, 80
Trd, 8639261.812, 83
Trd, 8639262.112, 134
Trd, 8639262.246, 134
Trd, 8639262.446, 132
Trd, 8639265.179, 140
Trd, 8639265.212, 140
Trd, 8639265.379, 138
Trd, 8639265.512, 96
Trd, 8639265.612, 96
Trd, 8639266.046, 111
Trd, 8639266.179, 95
Trd, 8639267.012, 100
Trd, 8639267.212, 98
Trd, 8639268.312, 61
Trd, 8639269.379, 123
Trd, 8639269.546, 124
Trd, 8639269.579, 122
Trd, 8639270.079, 127
Trd, 8639270.179, 78
Trd, 8639270.879, 120
Trd, 8639271.546, 90
Trd, 8639271.646, 118
Trd, 8639271.879, 117
Trd, 8639272.112, 91
Trd, 8639272.812, 97
Trd, 8639273.479, 114
Trd, 8639273.512, 115
Trd, 8639273.779, 103
Trd, 8639274.479, 114
Trd, 8639274.846, 104
Trd, 8639274.879, 103
Trd, 8639275.579, 140
Trd, 8639275.679, 139
Trd, 8639276.412, 120
Trd, 8639277.179, 140
Trd, 8639277.346, 140
Trd, 8639277.446, 119
Trd, 8639278.012, 81
Trd, 8639278.746, 66
Trd, 8639279.679, 60
Trd, 8639279.746, 60
Trd, 8639280.179, 60
Trd, 8639280.212, 60
Trd, 8639280.712, 60
Trd, 8639280.912, 60
Trd, 8639281.646, 60
Trd, 8639281.879, 61
Trd, 8639282.279, 62
Trd, 8639282.946, 63
Trd, 8639283.179, 64
Trd, 8639283.212, 66
Trd, 8639283.812, 65
Trd, 8639284.346, 65
Trd, 8639284.679, 89
Trd, 8639285.179, 65
Trd, 8639286.046, 84
Trd, 8639286.279, 86
Trd, 8639286.312, 82
Trd, 8639286.712, 106
Trd, 8639287.312, 84
Trd, 8639287.379, 82
Trd, 8639287.712, 81
Trd, 8639288.846, 118
Trd, 8639288.912, 72
Trd, 8639289.312, 87
Trd, 8639290.379, 137
Trd, 8639291.212, 126
Trd, 8639291.346, 126
Trd, 8639291.479, 127
Trd, 8639291.579, 129
Trd, 8639291.612, 126
Trd, 8639292.179, 125
Trd, 8639292.846, 123
Trd, 8639293.546, 64
Trd, 8639294.212, 60
Trd, 8639294.646, 60
Trd, 8639295.212, 60
Trd, 8639295.412, 60
Trd, 8639295.946, 60
Trd, 8639296.079, 61
Trd, 8639296.479, 64
Trd, 8639296.879, 66
Trd, 8639297.346, 100
Trd, 8639297.612, 111
Trd, 8639298.412, 118
Trd, 8639298.479, 70
Trd, 8639299.012, 72
Trd, 8639299.279, 72
Trd, 8639300.946, 140
Trd, 8639303.379, 140
Trd, 8639303.479, 140
Trd, 8639303.779, 140
Trd, 8639304.012, 140
Trd, 8639304.112, 140
Trd, 8639304.512, 140
Trd, 8639304.746, 140
Trd, 8639304.879, 140
Trd, 8639304.946, 140
Trd, 8639305.146, 139
Trd, 8639305.779, 111
Trd, 8639305.946, 138
Trd, 8639305.979, 111
Trd, 8639306.179, 111
Trd, 8639306.912, 133
Trd, 8639307.146, 111
Trd, 8639307.212, 110
Trd, 8639309.779, 140
Trd, 8639309.912, 140
Trd, 8639310.512, 140
Trd, 8639310.546, 140
Trd, 8639311.279, 140
Trd, 8639312.512, 140
Trd, 8639313.212, 140
Trd, 8639313.412, 140
Trd, 8639314.246, 140
Trd, 8639314.379, 140
Trd, 8639314.646, 140
Trd, 8639314.846, 138
Trd, 8639315.079, 140
Trd, 8639316.579, 140
Trd, 8639316.879, 140
Trd, 8639317.479, 140
Trd, 8639318.112, 140
Trd, 8639318.512, 140
Trd, 8639320.079, 140
Trd, 8639320.546, 140
Trd, 8639321.646, 140
Trd, 8639321.712, 140
Trd, 8639321.746, 140
Trd, 8639322.212, 140
Trd, 8639322.679, 140
Trd, 8639322.812, 140
Trd, 8639322.879, 140
Trd, 8639323.079, 140
Trd, 8639323.212, 140
Trd, 8639323.279, 140
Trd, 8639323.479, 140
Trd, 8639323.946, 140
Trd, 8639324.279, 140
Trd, 8639324.512, 140
Trd, 8639325.312, 140
Trd, 8639325.412, 140
Trd, 8639325.479, 140
Trd, 8639325.779, 84
Trd, 8639326.746, 86
Trd, 8639327.112, 63
Trd, 8639327.612, 122
Trd, 8639328.646, 61
Trd, 8639328.846, 133
Trd, 8639329.812, 132
Trd, 8639330.112, 67
Trd, 8639330.779, 126
Trd, 8639330.946, 127
Trd, 8639332.212, 62
Trd, 8639332.312, 68
Trd, 8639332.546, 63
Trd, 8639332.679, 67
Trd, 8639332.712, 72
Trd, 8639332.946, 83
Trd, 8639334.312, 75
Trd, 8639334.746, 76
Trd, 8639335.079, 78
Trd, 8639335.612, 76
Trd, 8639335.812, 76
Trd, 8639335.979, 76
Trd, 8639336.146, 75
Trd, 8639336.212, 76
Trd, 8639337.012, 140
Trd, 8639337.879, 140
Trd, 8639338.212, 138
Trd, 8639339.012, 140
Trd, 8639339.912, 140
Trd, 8639339.979, 140
Trd, 8639340.446, 140
Trd, 8639341.879, 140
Trd, 8639341.946, 140
Trd, 8639342.912, 140
Trd, 8639343.446, 140
Trd, 8639343.546, 140
Trd, 8639343.579, 140
Trd, 8639344.312, 140
Trd, 8639344.379, 139
Trd, 8639344.846, 139
Trd, 8639345.079, 138
Trd, 8639345.246, 140
Trd, 8639345.279, 138
Trd, 8639346.512, 140
Trd, 8639346.979, 111
Trd, 8639347.112, 110
Trd, 8639348.812, 140
Trd, 8639349.479, 140
Trd, 8639349.612, 140
Trd, 8639350.012, 140
Trd, 8639351.979, 140
Trd, 8639352.079, 140
Trd, 8639352.179, 140
Trd, 8639353.279, 140
Trd, 8639353.546, 140
Trd, 8639353.812, 140
Trd, 8639354.312, 140
Trd, 8639354.346, 140
Trd, 8639354.412, 140
Trd, 8639354.446, 140
Trd, 8639354.479, 140
Trd, 8639355.246, 135
Trd, 8639355.279, 134
Trd, 8639356.346, 94
Trd, 8639356.579, 135
Trd, 8639356.812, 88
Trd, 8639357.046, 133
Trd, 8639358.212, 132
Trd, 8639358.346, 118
Trd, 8639359.112, 140
Trd, 8639359.779, 140
Trd, 8639359.879, 140
Trd, 8639360.846, 140
Trd, 8639361.212, 140
Trd, 8639361.379, 140
Trd, 8639361.679, 140
Trd, 8639363.012, 140
Trd, 8639363.246, 140
Trd, 8639364.079, 140
Trd, 8639365.612, 140
Trd, 8639365.979, 140
Trd, 8639366.279, 140
Trd, 8639366.612, 140
Trd, 8639366.946, 140
Trd, 8639367.012, 140
Trd, 8639367.046, 140
Trd, 8639367.179, 140
Trd, 8639367.512, 140
Trd, 8639367.746, 140
Trd, 8639367.912, 140
Trd, 8639368.679, 140
Trd, 8639369.046, 140
Trd, 8639369.479, 139
Trd, 8639370.079, 140
Trd, 8639370.912, 60
Trd, 8639371.212, 60
Trd, 8639372.546, 60
Trd, 8639373.512, 60
Trd, 8639373.546, 60
Trd, 8639373.812, 60
Trd, 8639373.912, 60
Trd, 8639373.979, 60
Trd, 8639374.179, 60
Trd, 8639374.546, 60
Trd, 8639374.846, 60
Trd, 8639375.479, 140
Trd, 8639375.779, 138
Trd, 8639376.312, 63
Trd, 8639376.412, 109
Trd, 8639376.546, 92
Trd, 8639377.746, 140
Trd, 8639377.779, 140
Trd, 8639378.779, 60
Trd, 8639378.912, 60
Trd, 8639379.546, 60
Trd, 8639379.579, 60
Trd, 8639379.846, 61
Trd, 8639380.479, 63
Trd, 8639380.512, 64
Trd, 8639380.746, 61
Trd, 8639380.846, 65
Trd, 8639381.379, 60
Trd, 8639381.646, 73
Trd, 8639382.579, 60
Trd, 8639383.612, 60
Trd, 8639383.646, 60
Trd, 8639383.946, 61
Trd, 8639384.046, 62
Trd, 8639384.512, 62
Trd, 8639384.679, 63
Trd, 8639384.946, 65
Trd, 8639385.112, 64
Trd, 8639385.846, 87
Trd, 8639386.546, 104
Trd, 8639387.446, 91
Trd, 8639387.479, 89
Trd, 8639388.012, 102
Trd, 8639388.446, 103
Trd, 8639389.546, 104
Trd, 8639389.746, 139
Trd, 8639390.112, 60
Trd, 8639391.012, 60
Trd, 8639391.112, 60
Trd, 8639391.379, 61
Trd, 8639391.512, 63
Trd, 8639391.712, 61
Trd, 8639392.046, 65
Trd, 8639393.312, 69
Trd, 8639393.446, 63
Trd, 8639394.346, 140
Trd, 8639394.512, 140
Trd, 8639395.212, 140
Trd, 8639395.512, 140
Trd, 8639396.746, 140
Trd, 8639397.612, 140
Trd, 8639397.912, 140
Trd, 8639398.546, 140
Trd, 8639398.846, 140
Trd, 8639399.346, 138
Trd, 8639400.912, 140
Trd, 8639400.946, 140
Trd, 8639402.679, 140
Trd, 8639403.046, 140
Trd, 8639403.912, 140
Trd, 8639405.312, 140
Trd, 8639405.679, 140
Trd, 8639406.546, 140
Trd, 8639406.879, 140
Trd, 8639408.046, 140
Trd, 8639408.346, 140
Trd, 8639408.379, 140
Trd, 8639408.646, 140
Trd, 8639408.679, 140
Trd, 8639408.712, 140
Trd, 8639409.079, 140
Trd, 8639409.179, 139
Trd, 8639409.612, 139
Trd, 8639409.846, 138
Trd, 8639410.012, 77
Trd, 8639410.312, 61
Trd, 8639410.446, 80
Trd, 8639411.179, 108
Trd, 8639411.279, 107
Trd, 8639412.179, 140
Trd, 8639413.779, 140
Trd, 8639413.912, 140
Trd, 8639415.412, 140
Trd, 8639416.146, 140
Trd, 8639416.312, 140
Trd, 8639416.412, 140
Trd, 8639417.446, 140
Trd, 8639417.712, 140
Trd, 8639417.812, 140
Trd, 8639418.212, 140
Trd, 8639418.546, 140
Trd, 8639418.946, 140
Trd, 8639419.412, 139
Trd, 8639419.512, 138
Trd, 8639420.012, 138
Trd, 8639420.312, 113
Trd, 8639420.512, 112
Trd, 8639422.012, 140
Trd, 8639423.012, 140
Trd, 8639423.312, 140
Trd, 8639423.646, 140
Trd, 8639423.679, 140
Trd, 8639423.946, 138
Trd, 8639424.346, 96
Trd, 8639425.412, 64
Trd, 8639426.446, 76
Trd, 8639427.346, 79
Trd, 8639427.479, 74
Trd, 8639427.646, 80
Trd, 8639427.979, 111
Trd, 8639428.146, 75
Trd, 8639429.479, 105
Trd, 8639429.712, 84
Trd, 8639430.179, 85
Trd, 8639430.312, 108
Trd, 8639430.612, 100
Trd, 8639430.646, 107
Trd, 8639430.679, 84
Trd, 8639430.846, 109
Trd, 8639431.146, 111
Trd, 8639432.112, 90
Trd, 8639432.346, 90
Trd, 8639432.746, 125
Trd, 8639432.779, 90
Trd, 8639433.212, 92
Trd, 8639433.312, 94
Trd, 8639433.412, 127
Trd, 8639433.446, 90
Trd, 8639434.879, 60
Trd, 8639435.179, 60
Trd, 8639435.679, 60
Trd, 8639436.179, 60
Trd, 8639436.312, 60
Trd, 8639436.946, 60
Trd, 8639437.746, 62
Trd, 8639438.179, 60
Trd, 8639438.346, 62
Trd, 8639438.579, 63
Trd, 8639440.379, 61
Trd, 8639440.979, 97
Trd, 8639441.212, 79
Trd, 8639441.312, 78
Trd, 8639442.412, 60
Trd, 8639442.579, 61
Trd, 8639442.912, 60
Trd, 8639443.146, 60
Trd, 8639443.546, 60
Trd, 8639444.046, 63
Trd, 8639444.512, 64
Trd, 8639444.846, 63
Trd, 8639444.946, 63
Trd, 8639444.979, 62
Trd, 8639445.179, 67
Trd, 8639445.812, 61
Trd, 8639445.879, 63
Trd, 8639446.679, 60
Trd, 8639447.479, 60
Trd, 8639449.346, 60
Trd, 8639449.812, 60
Trd, 8639450.312, 60
Trd, 8639451.646, 60
Trd, 8639451.812, 60
Trd, 8639451.946, 60
Trd, 8639452.312, 60
Trd, 8639452.346, 60
Trd, 8639452.479, 61
Trd, 8639452.646, 61
Trd, 8639452.846, 63
Trd, 8639453.279, 67
Trd, 8639453.746, 69
Trd, 8639454.379, 79
Trd, 8639454.679, 91
Trd, 8639454.879, 89
Trd, 8639455.946, 85
Trd, 8639456.646, 88
Trd, 8639456.712, 85
Trd, 8639456.912, 124
Trd, 8639457.479, 121
Trd, 8639457.879, 86
Trd, 8639458.712, 92
Trd, 8639459.012, 112
Trd, 8639459.146, 91
Trd, 8639459.679, 112
Trd, 8639459.912, 92
Trd, 8639460.712, 111
Trd, 8639461.146, 109
Trd, 8639461.612, 94
Trd, 8639462.179, 95
Trd, 8639462.246, 94
Trd, 8639462.279, 136
Trd, 8639462.846, 92
Trd, 8639463.579, 130
Trd, 8639463.812, 95
Trd, 8639464.479, 128
Trd, 8639465.246, 126
Trd, 8639465.912, 126
Trd, 8639466.079, 103
Trd, 8639466.112, 102
Trd, 8639466.412, 101
Trd, 8639466.946, 102
Trd, 8639467.246, 123
Trd, 8639467.546, 114
Trd, 8639468.446, 107
Trd, 8639468.846, 119
Trd, 8639469.312, 109
Trd, 8639469.512, 120
Trd, 8639469.679, 109
Trd, 8639469.979, 122
Trd, 8639470.079, 107
Trd, 8639470.546, 113
Trd, 8639470.579, 110
Trd, 8639471.412, 123
Trd, 8639471.646, 71
Trd, 8639472.946, 77
Trd, 8639473.346, 77
Trd, 8639474.012, 81
Trd, 8639475.246, 88
Trd, 8639475.279, 87
Trd, 8639475.379, 85
Trd, 8639475.812, 90
Trd, 8639475.979, 95
Trd, 8639476.346, 138
Trd, 8639476.546, 140
Trd, 8639477.946, 86
Trd, 8639479.112, 140
Trd, 8639479.212, 140
Trd, 8639479.946, 140
Trd, 8639480.379, 140
Trd, 8639480.446, 140
Trd, 8639480.946, 139
Trd, 8639481.146, 137
Trd, 8639481.346, 115
Trd, 8639482.846, 140
Trd, 8639484.146, 140
Trd, 8639484.979, 140
Trd, 8639485.046, 140
Trd, 8639485.412, 140
Trd, 8639485.546, 140
Trd, 8639487.546, 140
Trd, 8639487.779, 140
Trd, 8639487.812, 140
Trd, 8639488.212, 140
Trd, 8639488.812, 140
Trd, 8639488.846, 140
Trd, 8639489.146, 140
Trd, 8639489.512, 140
Trd, 8639489.979, 140
Trd, 8639490.346, 140
Trd, 8639490.879, 136
Trd, 8639491.346, 116
Trd, 8639491.846, 118
Trd, 8639492.346, 138
Trd, 8639492.446, 138
Trd, 8639492.979, 138
Trd, 8639493.179, 137
Trd, 8639493.379, 130
Trd, 8639493.946, 122
Trd, 8639494.012, 91
Trd, 8639495.546, 140
Trd, 8639495.879, 140
Trd, 8639496.279, 140
Trd, 8639496.546, 140
Trd, 8639497.879, 140
Trd, 8639498.012, 140
Trd, 8639498.779, 140
Trd, 8639499.479, 140
Trd, 8639500.846, 140
Trd, 8639501.479, 140
Trd, 8639502.946, 140
Trd, 8639503.246, 140
Trd, 8639503.379, 140
Trd, 8639504.912, 140
Trd, 8639505.446, 140
Trd, 8639506.312, 140
Trd, 8639506.446, 140
Trd, 8639506.879, 140
Trd, 8639507.312, 140
Trd, 8639507.346, 140
Trd, 8639507.446, 140
Trd, 8639507.512, 140
Trd, 8639507.579, 140
Trd, 8639507.746, 138
Trd, 8639507.979, 137
Trd, 8639508.512, 139
Trd, 8639509.179, 140
Trd, 8639509.646, 140
Trd, 8639509.979, 140
Trd, 8639510.379, 139
Trd, 8639510.612, 140
Trd, 8639511.146, 139
Trd, 8639511.979, 137
Trd, 8639512.046, 106
Trd, 8639512.246, 98
Trd, 8639513.746, 97
Trd, 8639514.212, 104
Trd, 8639514.746, 104
Trd, 8639514.912, 104
Trd, 8639515.146, 105
Trd, 8639515.246, 105
Trd, 8639515.379, 102
Trd, 8639516.079, 84
Trd, 8639516.412, 82
Trd, 8639517.146, 60
Trd, 8639517.379, 60
Trd, 8639518.446, 61
Trd, 8639518.946, 60
Trd, 8639519.146, 60
Trd, 8639519.312, 61
Trd, 8639519.579, 60
Trd, 8639520.212, 60
Trd, 8639521.012, 60
Trd, 8639521.079, 60
Trd, 8639521.946, 60
Trd, 8639522.512, 61
Trd, 8639523.979, 60
Trd, 8639524.412, 60
Trd, 8639524.546, 61
Trd, 8639524.579, 62
Trd, 8639525.146, 61
Trd, 8639525.346, 63
Trd, 8639526.179, 62
Trd, 8639526.346, 63
Trd, 8639526.446, 64
Trd, 8639527.012, 64
Trd, 8639528.046, 68
Trd, 8639528.312, 69
Trd, 8639528.379, 70
Trd, 8639528.512, 140
Trd, 8639529.879, 140
Trd, 8639530.646, 140
Trd, 8639530.946, 140
Trd, 8639531.246, 140
Trd, 8639531.579, 140
Trd, 8639532.046, 140
Trd, 8639532.112, 140
Trd, 8639532.779, 140
Trd, 8639532.812, 140
Trd, 8639533.012, 140
Trd, 8639533.946, 139
Trd, 8639534.579, 139
Trd, 8639534.712, 139
Trd, 8639534.879, 138
Trd, 8639535.446, 138
Trd, 8639535.512, 125
Trd, 8639535.779, 136
Trd, 8639536.779, 140
Trd, 8639537.079, 140
Trd, 8639537.179, 139
Trd, 8639537.212, 138
Trd, 8639537.746, 139
Trd, 8639537.979, 139
Trd, 8639538.046, 138
Trd, 8639538.612, 140
Trd, 8639539.646, 132
Trd, 8639539.846, 131
Trd, 8639540.012, 130
Trd, 8639540.346, 129
Trd, 8639543.079, 140
Trd, 8639543.746, 140
Trd, 8639543.846, 140
Trd, 8639544.046, 140
Trd, 8639545.379, 140
Trd, 8639545.612, 140
Trd, 8639546.346, 140
Trd, 8639546.579, 140
Trd, 8639547.046, 140
Trd, 8639547.612, 140
Trd, 8639547.879, 140
Trd, 8639549.012, 140
Trd, 8639549.046, 140
Trd, 8639549.079, 140
Trd, 8639549.212, 140
Trd, 8639549.346, 140
Trd, 8639549.712, 136
Trd, 8639550.579, 63
Trd, 8639550.946, 127
Trd, 8639551.446, 114
Trd, 8639551.846, 109
Trd, 8639552.846, 63
Trd, 8639553.279, 66
Trd, 8639553.812, 61
Trd, 8639554.846, 64
Trd, 8639554.946, 67
Trd, 8639556.579, 60
Trd, 8639556.646, 61
Trd, 8639556.712, 62
Trd, 8639556.779, 62
Trd, 8639556.846, 61
Trd, 8639557.212, 62
Trd, 8639557.612, 66
Trd, 8639557.779, 67
Trd, 8639557.979, 79
Trd, 8639559.212, 71
Trd, 8639559.846, 63
Trd, 8639560.079, 80
Trd, 8639560.612, 63
Trd, 8639560.679, 79
Trd, 8639560.779, 62
Trd, 8639561.546, 63
Trd, 8639561.679, 64
Trd, 8639562.079, 73
Trd, 8639562.679, 73
Trd, 8639562.746, 74
Trd, 8639563.146, 86
Trd, 8639563.779, 76
Trd, 8639563.946, 63
Trd, 8639564.679, 92
Trd, 8639564.746, 63
Trd, 8639565.846, 91
Trd, 8639565.879, 90
Trd, 8639566.679, 74
Trd, 8639567.012, 74
Trd, 8639567.079, 75
Trd, 8639567.546, 60
Trd, 8639567.746, 63
Trd, 8639568.512, 62
Trd, 8639571.412, 61
Trd, 8639572.279, 60
Trd, 8639573.146, 60
Trd, 8639573.546, 60
Trd, 8639573.812, 60
Trd, 8639574.246, 60
Trd, 8639574.446, 60
Trd, 8639574.746, 60
Trd, 8639574.812, 60
Trd, 8639575.179, 62
Trd, 8639575.512, 62
Trd, 8639575.812, 63
Trd, 8639576.312, 69
Trd, 8639576.479, 73
Trd, 8639576.512, 76
Trd, 8639576.746, 68
Trd, 8639578.712, 140
Trd, 8639579.046, 118
Trd, 8639579.146, 117
Trd, 8639579.212, 117
Trd, 8639579.646, 131
Trd, 8639579.779, 131
Trd, 8639580.512, 131
Trd, 8639581.312, 123
Trd, 8639581.746, 105
Trd, 8639581.979, 121
Trd, 8639582.579, 116
Trd, 8639582.879, 106
Trd, 8639582.946, 115
Trd, 8639583.112, 107
Trd, 8639583.712, 117
Trd, 8639584.746, 115
Trd, 8639584.879, 116
Trd, 8639586.046, 140
Trd, 8639586.679, 140
Trd, 8639587.279, 140
Trd, 8639588.146, 140
Trd, 8639588.246, 140
Trd, 8639589.012, 140
Trd, 8639589.046, 140
Trd, 8639589.446, 140
Trd, 8639589.746, 140
Trd, 8639590.346, 140
Trd, 8639591.112, 140
Trd, 8639591.179, 140
Trd, 8639591.546, 140
Trd, 8639591.612, 139
Trd, 8639591.912, 138
Trd, 8639592.379, 97
Trd, 8639593.012, 139
Trd, 8639593.146, 136
Trd, 8639594.112, 139
Trd, 8639594.412, 104
Trd, 8639594.979, 140
Trd, 8639596.312, 140
Trd, 8639596.679, 140
Trd, 8639596.812, 140
Trd, 8639598.479, 140
Trd, 8639598.612, 140
Trd, 8639598.712, 140
Trd, 8639600.112, 140
Trd, 8639600.446, 140
Trd, 8639601.279, 140
Trd, 8639601.379, 140
Trd, 8639601.612, 140
Trd, 8639601.712, 140
Trd, 8639603.812, 140
Trd, 8639604.346, 140
Trd, 8639604.446, 140
Trd, 8639604.679, 140
Trd, 8639604.712, 140
Trd, 8639605.012, 140
Trd, 8639605.246, 140
Trd, 8639605.346, 140
Trd, 8639605.479, 140
Trd, 8639606.179, 140
Trd, 8639606.212, 140
Trd, 8639606.946, 140
Trd, 8639608.379, 140
Trd, 8639608.446, 140
Trd, 8639608.579, 140
Trd, 8639608.779, 140
Trd, 8639610.079, 62
Trd, 8639610.212, 65
Trd, 8639611.146, 74
Trd, 8639611.546, 74
Trd, 8639612.146, 122
Trd, 8639612.412, 98
Trd, 8639612.812, 97
Trd, 8639613.179, 85
Trd, 8639613.246, 102
Trd, 8639613.512, 88
Trd, 8639613.879, 102
Trd, 8639615.479, 60
Trd, 8639615.712, 60
Trd, 8639616.812, 60
Trd, 8639617.379, 60
Trd, 8639618.279, 60
Trd, 8639618.579, 60
Trd, 8639619.012, 60
Trd, 8639619.312, 60
Trd, 8639619.346, 60
Trd, 8639619.512, 60
Trd, 8639619.746, 60
Trd, 8639620.579, 60
Trd, 8639620.946, 64
Trd, 8639621.046, 63
Trd, 8639621.646, 61
Trd, 8639621.846, 62
Trd, 8639621.879, 63
Trd, 8639621.912, 64
Trd, 8639622.946, 70
Trd, 8639623.979, 73
Trd, 8639624.246, 74
Trd, 8639624.646, 75
Trd, 8639624.746, 72
Trd, 8639625.312, 107
Trd, 8639625.479, 78
Trd, 8639625.879, 77
Trd, 8639626.012, 106
Trd, 8639626.046, 107
Trd, 8639626.546, 79
Trd, 8639626.912, 78
Trd, 8639627.012, 77
Trd, 8639628.412, 140
Trd, 8639630.379, 140
Trd, 8639631.379, 140
Trd, 8639632.112, 140
Trd, 8639632.279, 140
Trd, 8639632.546, 140
Trd, 8639633.046, 140
Trd, 8639633.612, 140
Trd, 8639633.646, 140
Trd, 8639634.646, 140
Trd, 8639634.779, 140
Trd, 8639634.946, 140
Trd, 8639634.979, 140
Trd, 8639635.079, 140
Trd, 8639635.112, 140
Trd, 8639635.279, 140
Trd, 8639635.946, 140
Trd, 8639636.146, 140
Trd, 8639636.212, 140
Trd, 8639637.246, 140
Trd, 8639637.612, 140
Trd, 8639638.212, 140
Trd, 8639638.712, 140
Trd, 8639639.812, 140
Trd, 8639641.379, 140
Trd, 8639641.712, 140
Trd, 8639641.746, 140
Trd, 8639643.646, 140
Trd, 8639644.146, 140
Trd, 8639644.312, 140
Trd, 8639644.846, 140
Trd, 8639645.979, 140
Trd, 8639646.446, 140
Trd, 8639646.546, 140
Trd, 8639646.679, 140
Trd, 8639647.512, 140
Trd, 8639647.646, 140
Trd, 8639649.379, 140
Trd, 8639649.512, 140
Trd, 8639649.679, 140
Trd, 8639649.846, 140
Trd, 8639649.879, 140
Trd, 8639650.112, 140
Trd, 8639650.312, 140
Trd, 8639650.446, 139
Trd, 8639650.779, 116
Trd, 8639651.446, 138
Trd, 8639651.646, 139
Trd, 8639652.379, 118
Trd, 8639653.046, 93
Trd, 8639653.079, 92
Trd, 8639654.479, 97
Trd, 8639654.579, 96
Trd, 8639655.112, 123
Trd, 8639655.412, 123
Trd, 8639655.446, 98
Trd, 8639655.512, 124
Trd, 8639655.679, 125
Trd, 8639655.912, 100
Trd, 8639656.312, 102
Trd, 8639657.279, 105
Trd, 8639657.379, 130
Trd, 8639657.546, 104
Trd, 8639658.246, 130
Trd, 8639659.612, 108
Trd, 8639660.379, 140
Trd, 8639660.579, 140
Trd, 8639660.779, 140
Trd, 8639661.146, 140
Trd, 8639661.346, 110
Trd, 8639661.512, 109
Trd, 8639662.579, 109
Trd, 8639662.746, 109
Trd, 8639662.846, 109
Trd, 8639663.279, 109
Trd, 8639663.312, 108
Trd, 8639663.879, 61
Trd, 8639664.246, 62
Trd, 8639664.546, 110
Trd, 8639665.079, 62
Trd, 8639665.312, 60
Trd, 8639665.579, 61
Trd, 8639665.946, 66
Trd, 8639666.679, 70
Trd, 8639667.279, 103
Trd, 8639668.179, 100
Trd, 8639668.212, 102
Trd, 8639669.012, 60
Trd, 8639669.079, 60
Trd, 8639669.512, 63
Trd, 8639669.779, 63
Trd, 8639669.979, 60
Trd, 8639670.979, 60
Trd, 8639671.146, 60
Trd, 8639671.312, 60
Trd, 8639671.512, 60
Trd, 8639672.079, 60
Trd, 8639672.146, 62
Trd, 8639672.379, 64
Trd, 8639672.479, 66
Trd, 8639673.012, 65
Trd, 8639673.812, 85
Trd, 8639674.212, 133
Trd, 8639674.412, 132
Trd, 8639674.746, 95
Trd, 8639674.812, 97
Trd, 8639675.179, 101
Trd, 8639675.212, 87
Trd, 8639675.412, 87
Trd, 8639677.012, 94
Trd, 8639677.212, 95
Trd, 8639677.746, 96
Trd, 8639678.046, 98
Trd, 8639678.179, 99
Trd, 8639679.479, 138
Trd, 8639679.879, 140
Trd, 8639679.946, 139
Trd, 8639680.046, 138
Trd, 8639680.079, 138
Trd, 8639680.479, 97
Trd, 8639680.646, 96
Trd, 8639681.746, 140
Trd, 8639682.646, 140
Trd, 8639683.246, 140
Trd, 8639684.746, 140
Trd, 8639685.279, 140
Trd, 8639685.612, 140
Trd, 8639686.246, 140
Trd, 8639686.846, 140
Trd, 8639687.512, 140
Trd, 8639687.712, 140
Trd, 8639688.612, 140
Trd, 8639688.779, 140
Trd, 8639689.779, 140
Trd, 8639689.979, 140
Trd, 8639692.846, 140
Trd, 8639692.979, 140
Trd, 8639693.179, 140
Trd, 8639694.279, 140
Trd, 8639694.312, 140
Trd, 8639694.379, 140
Trd, 8639695.079, 140
Trd, 8639695.146, 140
Trd, 8639695.512, 140
Trd, 8639695.879, 140
Trd, 8639696.046, 140
Trd, 8639696.246, 140
Trd, 8639698.079, 140
Trd, 8639698.512, 140
Trd, 8639699.246, 140
Trd, 8639699.712, 140
Trd, 8639701.146, 140
Trd, 8639701.246, 140
Trd, 8639701.279, 140
Trd, 8639702.012, 140
Trd, 8639703.779, 140
Trd, 8639704.679, 140
Trd, 8639704.912, 140
Trd, 8639704.946, 140
Trd, 8639705.646, 140
Trd, 8639705.712, 140
Trd, 8639705.846, 140
Trd, 8639705.912, 140
Trd, 8639705.979, 140
Trd, 8639706.046, 140
Trd, 8639706.379, 137
Trd, 8639707.312, 129
Trd, 8639707.379, 128
Trd, 8639707.712, 127
Trd, 8639707.812, 125
Trd, 8639708.446, 66
Trd, 8639708.946, 60
Trd, 8639709.746, 122
Trd, 8639709.912, 126
Trd, 8639710.279, 122
Trd, 8639710.379, 121
Trd, 8639710.812, 122
Trd, 8639711.546, 102
Trd, 8639711.579, 89
Trd, 8639711.846, 103
Trd, 8639712.812, 95
Trd, 8639713.046, 118
Trd, 8639713.079, 94
Trd, 8639714.012, 70
Trd, 8639715.012, 65
Trd, 8639715.879, 62
Trd, 8639715.946, 63
Trd, 8639716.212, 63
Trd, 8639716.346, 63
Trd, 8639716.879, 61
Trd, 8639716.979, 62
Trd, 8639717.412, 68
Trd, 8639717.446, 62
Trd, 8639718.512, 72
Trd, 8639719.612, 70
Trd, 8639720.012, 68
Trd, 8639720.379, 68
Trd, 8639720.512, 68
Trd, 8639720.579, 69
Trd, 8639720.846, 69
Trd, 8639720.879, 67
Trd, 8639721.112, 70
Trd, 8639721.279, 61
Trd, 8639721.446, 77
Trd, 8639722.046, 61
Trd, 8639723.212, 60
Trd, 8639723.479, 63
Trd, 8639724.512, 80
Trd, 8639724.779, 81
Trd, 8639724.946, 108
Trd, 8639725.212, 83
Trd, 8639725.779, 104
Trd, 8639726.179, 87
Trd, 8639726.379, 104
Trd, 8639726.879, 108
Trd, 8639727.746, 87
Trd, 8639727.879, 87
Trd, 8639728.812, 140
Trd, 8639729.979, 140
Trd, 8639731.012, 140
Trd, 8639731.812, 140
Trd, 8639731.946, 140
Trd, 8639732.079, 140
Trd, 8639732.279, 138
Trd, 8639732.312, 137
Trd, 8639732.512, 124
Trd, 8639733.146, 77
Trd, 8639733.479, 78
Trd, 8639733.512, 135
Trd, 8639734.079, 136
Trd, 8639734.346, 107
Trd, 8639735.146, 99
Trd, 8639735.512, 123
Trd, 8639735.712, 124
Trd, 8639736.612, 101
Trd, 8639737.046, 100
Trd, 8639737.646, 139
Trd, 8639738.779, 140
Trd, 8639739.112, 140
Trd, 8639740.246, 140
Trd, 8639740.379, 140
Trd, 8639740.512, 140
Trd, 8639740.546, 140
Trd, 8639740.846, 140
Trd, 8639741.046, 140
Trd, 8639741.346, 140
Trd, 8639742.412, 131
Trd, 8639742.612, 132
Trd, 8639742.712, 131
Trd, 8639742.746, 136
Trd, 8639742.879, 130
Trd, 8639743.579, 67
Trd, 8639743.679, 68
Trd, 8639744.212, 60
Trd, 8639744.746, 71
Trd, 8639745.312, 60
Trd, 8639746.312, 60
Trd, 8639746.379, 74
Trd, 8639746.479, 60
Trd, 8639746.679, 83
Trd, 8639747.179, 131
Trd, 8639747.879, 139
Trd, 8639748.312, 139
Trd, 8639749.012, 74
Trd, 8639749.046, 73
Trd, 8639749.146, 71
Trd, 8639751.079, 92
Trd, 8639751.346, 85
Trd, 8639751.912, 138
Trd, 8639752.346, 138
Trd, 8639753.146, 137
Trd, 8639753.612, 135
Trd, 8639754.079, 135
Trd, 8639754.179, 137
Trd, 8639754.679, 137
Trd, 8639754.746, 137
Trd, 8639754.846, 136
Trd, 8639755.346, 74
Trd, 8639757.412, 140
Trd, 8639758.479, 140
Trd, 8639758.746, 140
Trd, 8639758.912, 140
Trd, 8639759.212, 140
Trd, 8639760.779, 140
Trd, 8639761.479, 140
Trd, 8639761.812, 140
Trd, 8639762.579, 140
Trd, 8639762.746, 140
Trd, 8639763.312, 140
Trd, 8639763.612, 140
Trd, 8639763.846, 140
Trd, 8639763.946, 140
Trd, 8639764.146, 140
Trd, 8639764.212, 139
Trd, 8639764.379, 102
Trd, 8639764.446, 140
Trd, 8639766.546, 132
Trd, 8639767.046, 91
Trd, 8639767.246, 96
Trd, 8639767.946, 119
Trd, 8639768.179, 120
Trd, 8639768.379, 93
Trd, 8639769.112, 93
Trd, 8639769.879, 115
Trd, 8639770.812, 114
Trd, 8639771.112, 113
Trd, 8639771.212, 112
Trd, 8639771.279, 111
Trd, 8639771.312, 109
Trd, 8639772.046, 103
Trd, 8639772.879, 140
Trd, 8639774.446, 140
Trd, 8639774.779, 140
Trd, 8639775.479, 140
Trd, 8639776.279, 140
Trd, 8639776.646, 140
Trd, 8639776.779, 140
Trd, 8639778.512, 140
Trd, 8639778.612, 140
Trd, 8639778.879, 140
Trd, 8639779.579, 140
Trd, 8639779.679, 140
Trd, 8639779.946, 140
Trd, 8639780.079, 140
Trd, 8639780.379, 140
Trd, 8639780.546, 139
Trd, 8639780.746, 139
Trd, 8639781.046, 140
Trd, 8639781.612, 140
Trd, 8639781.879, 140
Trd, 8639782.179, 140
Trd, 8639782.212, 140
Trd, 8639782.446, 103
Trd, 8639783.379, 114
Trd, 8639784.646, 140
Trd, 8639784.679, 139
Trd, 8639785.446, 129
Trd, 8639786.146, 140
Trd, 8639786.812, 140
Trd, 8639787.012, 140
Trd, 8639787.579, 140
Trd, 8639788.646, 140
Trd, 8639788.979, 140
Trd, 8639789.012, 140
Trd, 8639790.312, 140
Trd, 8639791.546, 140
Trd, 8639792.179, 140
Trd, 8639793.246, 140
Trd, 8639793.346, 140
Trd, 8639793.846, 140
Trd, 8639794.446, 140
Trd, 8639794.679, 140
Trd, 8639794.812, 140
Trd, 8639795.546, 140
Trd, 8639796.379, 140
Trd, 8639796.446, 140
Trd, 8639796.879, 140
Trd, 8639797.446, 140
Trd, 8639798.346, 140
Trd, 8639799.212, 140
Trd, 8639799.246, 140
Trd, 8639799.412, 140
Trd, 8639799.646, 140
Trd, 8639799.679, 140
Trd, 8639800.079, 140
Trd, 8639800.612, 140
Trd, 8639800.979, 140
Trd, 8639801.046, 86
Trd, 8639801.879, 140
Trd, 8639802.079, 140
Trd, 8639802.179, 140
Trd, 8639802.746, 119
Trd, 8639804.079, 98
Trd, 8639804.346, 118
Trd, 8639804.512, 88
Trd, 8639804.946, 140
Trd, 8639806.846, 140
Trd, 8639807.146, 140
Trd, 8639807.212, 140
Trd, 8639808.079, 140
Trd, 8639808.346, 140
Trd, 8639809.312, 140
Trd, 8639809.646, 140
Trd, 8639809.912, 140
Trd, 8639810.079, 140
Trd, 8639811.446, 140
Trd, 8639812.546, 140
Trd, 8639813.179, 140
Trd, 8639813.979, 140
Trd, 8639814.679, 140
Trd, 8639814.812, 140
Trd, 8639815.212, 140
Trd, 8639815.746, 140
Trd, 8639816.779, 140
Trd, 8639817.179, 140
Trd, 8639817.612, 140
Trd, 8639817.679, 140
Trd, 8639817.712, 140
Trd, 8639817.846, 140
Trd, 8639818.246, 140
Trd, 8639818.346, 140
Trd, 8639818.812, 140
Trd, 8639818.912, 140
Trd, 8639819.479, 140
Trd, 8639819.512, 139
Trd, 8639819.579, 137
Trd, 8639820.146, 74
Trd, 8639821.646, 87
Trd, 8639822.112, 62
Trd, 8639822.246, 63
Trd, 8639823.379, 62
Trd, 8639823.646, 63
Trd, 8639823.679, 64
Trd, 8639823.846, 64
Trd, 8639824.279, 67
Trd, 8639824.579, 67
Trd, 8639824.812, 68
Trd, 8639825.179, 66
Trd, 8639825.612, 66
Trd, 8639826.079, 65
Trd, 8639826.212, 72
Trd, 8639826.579, 111
Trd, 8639827.379, 140
Trd, 8639828.712, 140
Trd, 8639829.279, 140
Trd, 8639829.312, 140
Trd, 8639829.546, 140
Trd, 8639831.379, 140
Trd, 8639831.712, 140
Trd, 8639831.746, 140
Trd, 8639832.146, 140
Trd, 8639832.379, 139
Trd, 8639832.712, 140
Trd, 8639833.046, 140
Trd, 8639833.279, 140
Trd, 8639833.412, 140
Trd, 8639833.579, 140
Trd, 8639833.646, 139
Trd, 8639834.212, 140
Trd, 8639834.479, 140
Trd, 8639834.946, 139
Trd, 8639835.412, 117
Trd, 8639836.112, 140
Trd, 8639837.079, 139
Trd, 8639838.346, 140
Trd, 8639839.112, 140
Trd, 8639839.379, 140
Trd, 8639839.446, 140
Trd, 8639840.412, 140
Trd, 8639840.579, 103
Trd, 8639841.179, 82
Trd, 8639841.446, 138
Trd, 8639841.746, 140
Trd, 8639842.312, 140
Trd, 8639843.579, 140
Trd, 8639843.712, 140
Trd, 8639844.079, 140
Trd, 8639844.646, 140
Trd, 8639846.112, 140
Trd, 8639846.246, 140
Trd, 8639846.379, 140
Trd, 8639846.479, 140
Trd, 8639846.979, 140
Trd, 8639847.079, 140
Trd, 8639847.512, 140
Trd, 8639848.046, 140
Trd, 8639848.612, 138
Trd, 8639848.879, 136
Trd, 8639849.112, 116
Trd, 8639849.512, 134
Trd, 8639850.279, 119
Trd, 8639850.379, 131
Trd, 8639851.279, 129
Trd, 8639851.446, 122
Trd, 8639851.612, 130
Trd, 8639852.079, 122
Trd, 8639852.512, 67
Trd, 8639852.579, 68
Trd, 8639852.946, 93
Trd, 8639853.846, 72
Trd, 8639853.879, 68
Trd, 8639853.979, 66
Trd, 8639854.212, 139
Trd, 8639855.579, 62
Trd, 8639856.679, 60
Trd, 8639856.746, 63
Trd, 8639857.946, 61
Trd, 8639858.412, 62
Trd, 8639859.546, 63
Trd, 8639860.246, 67
Trd, 8639860.412, 71
Trd, 8639860.479, 73
Trd, 8639860.612, 70
Trd, 8639861.212, 70
Trd, 8639861.946, 75
Trd, 8639862.179, 76
Trd, 8639862.212, 76
Trd, 8639862.379, 76
Trd, 8639862.446, 78
Trd, 8639862.646, 74
Trd, 8639863.246, 60
Trd, 8639863.812, 61
Trd, 8639863.912, 74
Trd, 8639865.512, 137
Trd, 8639866.412, 67
Trd, 8639866.712, 70
Trd, 8639867.646, 60
Trd, 8639867.979, 60
Trd, 8639869.446, 60
Trd, 8639869.679, 60
Trd, 8639869.912, 61
Trd, 8639869.946, 61
Trd, 8639870.079, 61
Trd, 8639870.412, 60
Trd, 8639870.679, 62
Trd, 8639871.646, 60
Trd, 8639872.346, 60
Trd, 8639872.746, 60
Trd, 8639873.979, 60
Trd, 8639874.046, 60
Trd, 8639874.279, 60
Trd, 8639874.912, 60
Trd, 8639875.079, 63
Trd, 8639875.346, 60
Trd, 8639875.479, 63
Trd, 8639875.679, 64
Trd, 8639876.612, 65
Trd, 8639876.679, 64
Trd, 8639877.479, 69
Trd, 8639878.079, 68
Trd, 8639878.112, 67
Trd, 8639878.212, 65
Trd, 8639878.312, 70
Trd, 8639878.579, 80
Trd, 8639878.812, 79
Trd, 8639879.446, 87
Trd, 8639879.879, 140
Trd, 8639880.946, 140
Trd, 8639881.012, 140
Trd, 8639881.346, 139
Trd, 8639881.379, 140
Trd, 8639881.479, 65
Trd, 8639882.279, 137
Trd, 8639884.012, 60
Trd, 8639884.612, 60
Trd, 8639885.012, 60
Trd, 8639885.279, 60
Trd, 8639885.846, 60
Trd, 8639886.179, 60
Trd, 8639887.012, 60
Trd, 8639887.846, 60
Trd, 8639888.179, 62
Trd, 8639888.412, 61
Trd, 8639888.812, 63
Trd, 8639888.912, 64
Trd, 8639889.246, 65
Trd, 8639889.446, 79
Trd, 8639889.612, 78
Trd, 8639890.346, 71
Trd, 8639890.512, 75
Trd, 8639890.546, 76
Trd, 8639890.912, 67
Trd, 8639892.746, 60
Trd, 8639892.879, 60
Trd, 8639893.479, 60
Trd, 8639893.846, 61
Trd, 8639894.146, 61
Trd, 8639894.512, 62
Trd, 8639895.112, 60
Trd, 8639897.346, 60
Trd, 8639897.446, 60
Trd, 8639897.912, 62
Trd, 8639898.012, 63
Trd, 8639898.079, 60
Trd, 8639898.246, 65
Trd, 8639900.912, 60
Trd, 8639901.312, 60
Trd, 8639901.479, 60
Trd, 8639901.746, 60
Trd, 8639901.879, 61
Trd, 8639902.079, 63
Trd, 8639902.179, 62
Trd, 8639902.512, 63
Trd, 8639902.679, 62
Trd, 8639902.846, 66
Trd, 8639903.446, 60
Trd, 8639903.546, 65
Trd, 8639904.046, 108
Trd, 8639904.846, 62
Trd, 8639905.479, 64
Trd, 8639905.712, 61
Trd, 8639906.179, 61
Trd, 8639906.512, 62
Trd, 8639906.546, 63
Trd, 8639907.946, 140
Trd, 8639908.046, 140
Trd, 8639908.246, 140
Trd, 8639908.712, 140
Trd, 8639910.312, 140
Trd, 8639910.479, 140
Trd, 8639912.179, 140
Trd, 8639912.246, 140
Trd, 8639912.279, 140
Trd, 8639912.779, 140
Trd, 8639913.879, 140
Trd, 8639914.112, 140
Trd, 8639914.546, 113
Trd, 8639914.846, 113
Trd, 8639915.246, 86
Trd, 8639916.512, 134
Trd, 8639917.112, 97
Trd, 8639917.146, 133
Trd, 8639917.446, 97
Trd, 8639917.512, 134
Trd, 8639917.579, 97
Trd, 8639918.046, 95
Trd, 8639918.079, 88
Trd, 8639918.179, 107
Trd, 8639919.679, 140
Trd, 8639920.779, 140
Trd, 8639921.046, 140
Trd, 8639921.079, 140
Trd, 8639921.246, 140
Trd, 8639921.612, 140
Trd, 8639921.646, 140
Trd, 8639921.979, 140
Trd, 8639922.146, 140
Trd, 8639922.346, 140
Trd, 8639923.779, 140
Trd, 8639923.979, 140
Trd, 8639924.012, 139
Trd, 8639924.512, 138
Trd, 8639924.546, 103
Trd, 8639926.279, 140
Trd, 8639926.579, 140
Trd, 8639927.279, 140
Trd, 8639928.079, 140
Trd, 8639930.346, 140
Trd, 8639930.912, 140
Trd, 8639930.979, 140
Trd, 8639931.246, 140
Trd, 8639931.379, 140
Trd, 8639931.446, 140
Trd, 8639931.779, 140
Trd, 8639932.712, 140
Trd, 8639933.912, 140
Trd, 8639934.146, 140
Trd, 8639934.379, 140
Trd, 8639934.412, 140
Trd, 8639934.612, 139
Trd, 8639935.012, 138
Trd, 8639935.446, 96
Trd, 8639935.479, 95
Trd, 8639935.879, 63
Trd, 8639936.979, 130
Trd, 8639937.046, 108
Trd, 8639937.112, 107
Trd, 8639937.312, 106
Trd, 8639937.612, 121
Trd, 8639937.846, 120
Trd, 8639939.512, 111
Trd, 8639939.579, 112
Trd, 8639939.846, 95
Trd, 8639940.146, 127
Trd, 8639940.646, 95
Trd, 8639940.712, 94
Trd, 8639940.946, 93
Trd, 8639941.412, 112
Trd, 8639941.546, 111
Trd, 8639942.046, 96
Trd, 8639942.146, 122
Trd, 8639944.046, 99
Trd, 8639945.379, 140
Trd, 8639945.779, 140
Trd, 8639946.746, 140
Trd, 8639947.712, 140
Trd, 8639948.479, 140
Trd, 8639948.912, 140
Trd, 8639949.446, 140
Trd, 8639949.612, 140
Trd, 8639949.646, 140
Trd, 8639949.712, 140
Trd, 8639949.812, 140
Trd, 8639949.846, 140
Trd, 8639949.912, 140
Trd, 8639950.512, 138
Trd, 8639951.012, 115
Trd, 8639951.679, 83
Trd, 8639952.446, 80
Trd, 8639953.379, 127
Trd, 8639953.812, 92
Trd, 8639954.179, 97
Trd, 8639954.746, 96
Trd, 8639955.246, 96
Trd, 8639955.779, 126
Trd, 8639955.846, 95
Trd, 8639956.212, 125
Trd, 8639957.412, 115
Trd, 8639957.979, 119
Trd, 8639958.012, 120
Trd, 8639958.546, 99
Trd, 8639958.612, 96
Trd, 8639958.979, 120
Trd, 8639959.346, 61
Trd, 8639961.279, 60
Trd, 8639961.379, 60
Trd, 8639961.446, 60
Trd, 8639961.546, 60
Trd, 8639962.379, 61
Trd, 8639963.346, 60
Trd, 8639963.812, 60
Trd, 8639963.979, 62
Trd, 8639964.012, 62
Trd, 8639964.479, 61
Trd, 8639964.979, 60
Trd, 8639965.279, 60
Trd, 8639966.079, 60
Trd, 8639966.279, 60
Trd, 8639966.412, 61
Trd, 8639966.946, 60
Trd, 8639967.012, 62
Trd, 8639968.312, 60
Trd, 8639968.712, 60
Trd, 8639969.712, 60
Trd, 8639969.746, 61
Trd, 8639970.846, 60
Trd, 8639971.812, 60
Trd, 8639971.846, 60
Trd, 8639972.679, 60
Trd, 8639972.912, 60
Trd, 8639973.112, 60
Trd, 8639973.412, 65
Trd, 8639973.546, 62
Trd, 8639974.212, 65
Trd, 8639974.312, 66
Trd, 8639974.812, 67
Trd, 8639975.379, 88
Trd, 8639975.446, 73
Trd, 8639976.179, 78
Trd, 8639976.279, 140
Trd, 8639976.846, 80
Trd, 8639977.779, 140
Trd, 8639978.679, 140
Trd, 8639978.779, 140
Trd, 8639979.412, 140
Trd, 8639979.579, 140
Trd, 8639980.246, 140
Trd, 8639980.379, 140
Trd, 8639980.546, 140
Trd, 8639980.579, 140
Trd, 8639981.512, 140
Trd, 8639982.879, 140
Trd, 8639983.879, 140
Trd, 8639984.012, 140
Trd, 8639985.479, 140
Trd, 8639985.779, 140
Trd, 8639987.046, 140
Trd, 8639987.112, 140
Trd, 8639987.179, 140
Trd, 8639987.246, 140
Trd, 8639987.479, 140
Trd, 8639987.679, 140
Trd, 8639987.779, 140
Trd, 8639988.246, 140
Trd, 8639988.379, 140
Trd, 8639989.112, 140
Trd, 8639989.579, 140
Trd, 8639989.946, 140
Trd, 8639990.379, 139
Trd, 8639990.879, 140
Trd, 8639991.546, 140
Trd, 8639991.612, 140
Trd, 8639992.312, 140
Trd, 8639992.412, 139
Trd, 8639992.712, 84
Trd, 8639992.879, 136
Trd, 8639993.312, 80
Trd, 8639994.312, 67
Trd, 8639994.446, 133
Trd, 8639995.012, 69
Trd, 8639996.279, 112
Trd, 8639996.812, 114
Trd, 8639997.212, 113
Trd, 8639997.312, 112
Trd, 8639997.546, 112
Trd, 8639997.712, 113
Trd, 8639998.079, 112
Trd, 8639998.379, 111
Trd, 8639998.779, 91
Trd, 8639998.912, 89
Trd, 8639999.812, 140
