Trd, 8638754.779, 140
Trd, 8638754.846, 140
Trd, 8638755.679, 140
Trd, 8638757.112, 140
Trd, 8638757.146, 140
Trd, 8638757.346, 140
Trd, 8638757.746, 140
Trd, 8638757.879, 140
Trd, 8638758.712, 140
Trd, 8638758.746, 140
Trd, 8638758.946, 139
Trd, 8638759.246, 137
Trd, 8638759.546, 126
Trd, 8638759.912, 62
Trd, 8638760.179, 69
Trd, 8638761.412, 61
Trd, 8638761.612, 62
Trd, 8638762.112, 60
Trd, 8638762.346, 61
Trd, 8638762.779, 60
Trd, 8638762.846, 60
Trd, 8638763.146, 93
Trd, 8638763.446, 61
Trd, 8638764.046, 65
Trd, 8638764.146, 99
Trd, 8638764.946, 124
Trd, 8638766.646, 60
Trd, 8638767.246, 60
Trd, 8638767.846, 60
Trd, 8638768.546, 60
Trd, 8638768.912, 60
Trd, 8638768.946, 61
Trd, 8638769.412, 67
Trd, 8638769.846, 69
Trd, 8638770.412, 79
Trd, 8638771.646, 140
Trd, 8638771.979, 140
Trd, 8638772.312, 140
Trd, 8638772.446, 140
Trd, 8638772.712, 140
Trd, 8638772.912, 140
Trd, 8638773.012, 139
Trd, 8638773.946, 125
Trd, 8638773.979, 126
Trd, 8638774.246, 140
Trd, 8638774.412, 131
Trd, 8638774.679, 136
Trd, 8638775.012, 135
Trd, 8638775.246, 129
Trd, 8638775.879, 138
Trd, 8638776.379, 109
Trd, 8638776.412, 108
Trd, 8638776.979, 100
Trd, 8638777.446, 140
Trd, 8638778.212, 140
Trd, 8638779.946, 140
Trd, 8638780.446, 140
Trd, 8638780.712, 140
Trd, 8638781.112, 116
Trd, 8638781.212, 109
Trd, 8638781.279, 139
Trd, 8638782.412, 140
Trd, 8638782.546, 140
Trd, 8638782.712, 140
Trd, 8638782.812, 137
Trd, 8638783.546, 140
Trd, 8638783.746, 101
Trd, 8638783.912, 139
Trd, 8638785.046, 140
Trd, 8638785.412, 140
Trd, 8638786.312, 140
Trd, 8638786.679, 140
Trd, 8638787.512, 140
Trd, 8638787.646, 140
Trd, 8638787.712, 140
Trd, 8638788.012, 139
Trd, 8638788.879, 140
Trd, 8638788.946, 139
Trd, 8638789.279, 140
Trd, 8638789.512, 139
Trd, 8638790.779, 140
Trd, 8638791.079, 140
Trd, 8638791.846, 140
Trd, 8638792.212, 139
Trd, 8638792.279, 138
Trd, 8638792.446, 137
Trd, 8638793.079, 140
Trd, 8638793.946, 140
Trd, 8638794.146, 140
Trd, 8638794.379, 139
Trd, 8638794.546, 140
Trd, 8638794.712, 138
Trd, 8638795.046, 108
Trd, 8638796.012, 140
Trd, 8638796.312, 140
Trd, 8638796.912, 140
Trd, 8638797.412, 140
Trd, 8638798.012, 140
Trd, 8638798.079, 140
Trd, 8638798.212, 140
Trd, 8638798.346, 140
Trd, 8638799.012, 137
Trd, 8638799.612, 136
Trd, 8638799.879, 138
Trd, 8638801.646, 140
Trd, 8638802.046, 140
Trd, 8638802.246, 140
Trd, 8638802.346, 140
Trd, 8638802.512, 140
Trd, 8638802.612, 140
Trd, 8638802.879, 139
Trd, 8638804.046, 140
Trd, 8638805.812, 140
Trd, 8638806.279, 140
Trd, 8638806.312, 140
Trd, 8638806.346, 140
Trd, 8638806.579, 140
Trd, 8638807.412, 140
Trd, 8638807.646, 139
Trd, 8638807.946, 139
Trd, 8638808.112, 137
Trd, 8638809.012, 138
Trd, 8638809.046, 140
Trd, 8638810.079, 128
Trd, 8638810.546, 140
Trd, 8638810.579, 140
Trd, 8638811.112, 127
Trd, 8638811.512, 102
Trd, 8638812.946, 140
Trd, 8638813.512, 140
Trd, 8638814.146, 140
Trd, 8638815.546, 140
Trd, 8638816.246, 140
Trd, 8638816.446, 140
Trd, 8638816.646, 140
Trd, 8638816.812, 140
Trd, 8638817.379, 140
Trd, 8638817.479, 140
Trd, 8638817.546, 139
Trd, 8638817.979, 140
Trd, 8638818.646, 140
Trd, 8638819.012, 140
Trd, 8638819.746, 140
Trd, 8638820.146, 140
Trd, 8638820.446, 140
Trd, 8638820.612, 139
Trd, 8638821.946, 140
Trd, 8638822.112, 140
Trd, 8638822.446, 140
Trd, 8638822.512, 139
Trd, 8638822.612, 139
Trd, 8638824.079, 139
Trd, 8638824.312, 139
Trd, 8638824.612, 139
Trd, 8638824.879, 139
Trd, 8638825.979, 140
Trd, 8638826.579, 140
Trd, 8638826.812, 140
Trd, 8638827.212, 139
Trd, 8638827.412, 140
Trd, 8638827.746, 129
Trd, 8638828.712, 139
Trd, 8638830.712, 140
Trd, 8638831.512, 140
Trd, 8638831.946, 140
Trd, 8638832.146, 140
Trd, 8638832.712, 140
Trd, 8638832.979, 140
Trd, 8638833.146, 139
Trd, 8638833.579, 140
Trd, 8638833.846, 139
Trd, 8638834.146, 140
Trd, 8638834.712, 140
Trd, 8638835.179, 140
Trd, 8638836.546, 140
Trd, 8638836.679, 140
Trd, 8638837.146, 140
Trd, 8638837.512, 140
Trd, 8638837.712, 140
Trd, 8638838.212, 140
Trd, 8638838.946, 140
Trd, 8638839.479, 140
Trd, 8638840.079, 140
Trd, 8638841.046, 140
Trd, 8638841.112, 140
Trd, 8638841.346, 140
Trd, 8638841.646, 134
Trd, 8638842.412, 140
Trd, 8638842.646, 140
Trd, 8638842.712, 139
Trd, 8638843.179, 140
Trd, 8638843.979, 140
Trd, 8638844.212, 140
Trd, 8638844.579, 139
Trd, 8638845.579, 140
Trd, 8638846.279, 140
Trd, 8638846.346, 140
Trd, 8638846.412, 140
Trd, 8638847.046, 140
Trd, 8638847.412, 140
Trd, 8638848.646, 140
Trd, 8638849.312, 140
Trd, 8638849.512, 140
Trd, 8638849.846, 140
Trd, 8638850.046, 140
Trd, 8638850.379, 139
Trd, 8638850.546, 139
Trd, 8638850.912, 102
Trd, 8638850.946, 139
Trd, 8638851.146, 126
Trd, 8638851.346, 140
Trd, 8638852.846, 140
Trd, 8638853.112, 140
Trd, 8638853.379, 140
Trd, 8638853.612, 140
Trd, 8638854.379, 122
Trd, 8638854.646, 116
Trd, 8638855.846, 140
Trd, 8638856.079, 140
Trd, 8638856.112, 139
Trd, 8638856.379, 137
Trd, 8638857.379, 140
Trd, 8638857.946, 140
Trd, 8638858.412, 140
Trd, 8638859.212, 140
Trd, 8638859.646, 140
Trd, 8638860.212, 140
Trd, 8638860.379, 140
Trd, 8638861.012, 140
Trd, 8638861.279, 140
Trd, 8638862.112, 140
Trd, 8638862.146, 140
Trd, 8638864.379, 140
Trd, 8638864.479, 140
Trd, 8638864.512, 140
Trd, 8638864.579, 140
Trd, 8638864.612, 140
Trd, 8638865.012, 140
Trd, 8638865.146, 140
Trd, 8638865.746, 140
Trd, 8638867.579, 140
Trd, 8638867.979, 140
Trd, 8638868.112, 140
Trd, 8638868.179, 140
Trd, 8638868.479, 138
Trd, 8638868.546, 138
Trd, 8638869.246, 135
Trd, 8638869.846, 140
Trd, 8638870.246, 140
Trd, 8638870.679, 140
Trd, 8638870.812, 140
Trd, 8638871.879, 140
Trd, 8638872.779, 140
Trd, 8638873.279, 140
Trd, 8638873.612, 140
Trd, 8638874.146, 140
Trd, 8638874.846, 140
Trd, 8638874.946, 140
Trd, 8638876.679, 140
Trd, 8638876.846, 140
Trd, 8638877.979, 140
Trd, 8638878.779, 140
Trd, 8638879.246, 140
Trd, 8638879.346, 140
Trd, 8638879.412, 139
Trd, 8638879.912, 140
Trd, 8638880.446, 140
Trd, 8638880.512, 140
Trd, 8638880.679, 140
Trd, 8638880.946, 138
Trd, 8638882.379, 140
Trd, 8638882.612, 140
Trd, 8638882.779, 140
Trd, 8638882.879, 139
Trd, 8638883.446, 136
Trd, 8638884.179, 138
Trd, 8638885.179, 140
Trd, 8638885.279, 139
Trd, 8638885.446, 139
Trd, 8638885.812, 137
Trd, 8638886.079, 127
Trd, 8638886.279, 126
Trd, 8638886.412, 139
Trd, 8638887.246, 139
Trd, 8638888.246, 135
Trd, 8638888.412, 127
Trd, 8638888.812, 137
Trd, 8638889.046, 128
Trd, 8638889.179, 139
Trd, 8638890.279, 140
Trd, 8638891.279, 140
Trd, 8638891.579, 140
Trd, 8638891.846, 140
Trd, 8638891.946, 140
Trd, 8638893.146, 140
Trd, 8638893.712, 131
Trd, 8638893.812, 140
Trd, 8638894.546, 139
Trd, 8638895.779, 140
Trd, 8638896.246, 140
Trd, 8638896.312, 140
Trd, 8638897.546, 140
Trd, 8638898.246, 140
Trd, 8638898.512, 140
Trd, 8638899.079, 140
Trd, 8638899.412, 140
Trd, 8638899.512, 140
Trd, 8638899.612, 140
Trd, 8638900.146, 140
Trd, 8638900.379, 140
Trd, 8638901.746, 140
Trd, 8638901.879, 140
Trd, 8638902.312, 140
Trd, 8638903.212, 140
Trd, 8638903.612, 139
Trd, 8638904.212, 139
Trd, 8638905.512, 140
Trd, 8638905.812, 140
Trd, 8638906.346, 140
Trd, 8638907.046, 140
Trd, 8638907.479, 140
Trd, 8638907.812, 140
Trd, 8638908.112, 140
Trd, 8638909.112, 140
Trd, 8638909.179, 140
Trd, 8638909.779, 140
Trd, 8638910.979, 140
Trd, 8638911.379, 140
Trd, 8638911.579, 140
Trd, 8638912.779, 140
Trd, 8638913.046, 140
Trd, 8638913.246, 140
Trd, 8638913.379, 140
Trd, 8638913.746, 140
Trd, 8638914.746, 140
Trd, 8638915.446, 140
Trd, 8638915.879, 140
Trd, 8638916.979, 140
Trd, 8638917.046, 140
Trd, 8638917.846, 140
Trd, 8638917.879, 140
Trd, 8638918.179, 140
Trd, 8638918.212, 140
Trd, 8638918.512, 130
Trd, 8638918.912, 137
Trd, 8638919.046, 139
Trd, 8638919.679, 140
Trd, 8638919.712, 139
Trd, 8638920.312, 138
Trd, 8638920.712, 91
Trd, 8638921.046, 140
Trd, 8638923.179, 140
Trd, 8638923.379, 140
Trd, 8638924.012, 140
Trd, 8638924.079, 140
Trd, 8638924.546, 140
Trd, 8638924.712, 140
Trd, 8638925.146, 139
Trd, 8638925.346, 140
Trd, 8638925.546, 130
Trd, 8638926.146, 139
Trd, 8638926.346, 136
Trd, 8638926.546, 140
Trd, 8638926.612, 108
Trd, 8638926.979, 81
Trd, 8638927.146, 80
Trd, 8638927.612, 133
Trd, 8638928.379, 139
Trd, 8638930.046, 140
Trd, 8638930.312, 140
Trd, 8638931.046, 140
Trd, 8638931.179, 140
Trd, 8638931.446, 140
Trd, 8638932.746, 140
Trd, 8638932.979, 140
Trd, 8638933.779, 140
Trd, 8638933.912, 140
Trd, 8638934.812, 140
Trd, 8638935.412, 140
Trd, 8638935.746, 140
Trd, 8638935.779, 139
Trd, 8638936.279, 139
Trd, 8638936.512, 117
Trd, 8638936.879, 122
Trd, 8638937.846, 140
Trd, 8638937.879, 139
Trd, 8638937.979, 139
Trd, 8638938.712, 139
Trd, 8638939.246, 139
Trd, 8638940.379, 140
Trd, 8638941.346, 140
Trd, 8638941.579, 140
Trd, 8638941.879, 140
Trd, 8638942.179, 140
Trd, 8638942.512, 140
Trd, 8638943.612, 140
Trd, 8638944.379, 140
Trd, 8638944.646, 140
Trd, 8638945.012, 139
Trd, 8638945.579, 140
Trd, 8638946.046, 140
Trd, 8638946.312, 140
Trd, 8638946.579, 139
Trd, 8638946.679, 139
Trd, 8638946.879, 140
Trd, 8638947.812, 140
Trd, 8638948.079, 140
Trd, 8638949.146, 140
Trd, 8638949.246, 140
Trd, 8638949.412, 140
Trd, 8638950.046, 139
Trd, 8638950.079, 138
Trd, 8638950.612, 80
Trd, 8638952.279, 140
Trd, 8638952.446, 140
Trd, 8638952.579, 140
Trd, 8638952.979, 140
Trd, 8638953.079, 140
Trd, 8638953.279, 140
Trd, 8638954.046, 139
Trd, 8638954.312, 140
Trd, 8638954.812, 139
Trd, 8638955.579, 140
Trd, 8638956.446, 140
Trd, 8638956.646, 140
Trd, 8638956.812, 140
Trd, 8638957.446, 137
Trd, 8638957.979, 140
Trd, 8638958.279, 140
Trd, 8638958.379, 139
Trd, 8638958.512, 129
Trd, 8638958.712, 122
Trd, 8638959.512, 140
Trd, 8638959.679, 137
Trd, 8638960.012, 104
Trd, 8638960.579, 140
Trd, 8638962.046, 140
Trd, 8638962.112, 140
Trd, 8638962.412, 140
Trd, 8638963.646, 140
Trd, 8638963.679, 140
Trd, 8638963.846, 140
Trd, 8638964.412, 140
Trd, 8638964.512, 139
Trd, 8638965.612, 140
Trd, 8638965.779, 140
Trd, 8638966.046, 140
Trd, 8638966.512, 140
Trd, 8638966.712, 118
Trd, 8638967.212, 139
Trd, 8638967.546, 139
Trd, 8638968.879, 140
Trd, 8638969.012, 140
Trd, 8638969.146, 140
Trd, 8638969.679, 140
Trd, 8638970.079, 140
Trd, 8638970.212, 140
Trd, 8638970.679, 140
Trd, 8638971.312, 140
Trd, 8638972.246, 140
Trd, 8638972.346, 140
Trd, 8638972.779, 140
Trd, 8638972.812, 138
Trd, 8638973.579, 128
Trd, 8638973.679, 127
Trd, 8638974.012, 95
Trd, 8638975.046, 140
Trd, 8638975.379, 140
Trd, 8638975.646, 140
Trd, 8638976.679, 140
Trd, 8638977.446, 140
Trd, 8638978.012, 140
Trd, 8638978.246, 139
Trd, 8638978.612, 140
Trd, 8638978.779, 140
Trd, 8638978.812, 139
Trd, 8638978.946, 138
Trd, 8638979.512, 138
Trd, 8638980.512, 140
Trd, 8638980.979, 139
Trd, 8638982.146, 140
Trd, 8638982.379, 140
Trd, 8638982.612, 140
Trd, 8638984.312, 140
Trd, 8638984.846, 140
Trd, 8638984.912, 140
Trd, 8638984.979, 140
Trd, 8638985.346, 140
Trd, 8638986.179, 140
Trd, 8638986.379, 140
Trd, 8638986.446, 139
Trd, 8638987.012, 138
Trd, 8638987.212, 139
Trd, 8638987.612, 140
Trd, 8638987.646, 138
Trd, 8638987.879, 137
Trd, 8638988.012, 128
Trd, 8638988.346, 140
Trd, 8638988.512, 135
Trd, 8638989.912, 101
Trd, 8638990.579, 69
Trd, 8638991.046, 118
Trd, 8638991.146, 120
Trd, 8638991.346, 116
Trd, 8638992.312, 140
Trd, 8638992.746, 140
Trd, 8638992.879, 140
Trd, 8638993.246, 140
Trd, 8638993.412, 118
Trd, 8638993.612, 135
Trd, 8638994.646, 140
Trd, 8638995.546, 140
Trd, 8638995.612, 140
Trd, 8638995.712, 140
Trd, 8638996.846, 140
Trd, 8638997.046, 122
Trd, 8638997.879, 140
Trd, 8638998.279, 129
Trd, 8638998.346, 128
Trd, 8638998.946, 95
Trd, 8638999.246, 136
Trd, 8638999.512, 134
Trd, 8638999.846, 140
Trd, 8639000.979, 140
Trd, 8639001.046, 140
Trd, 8639001.112, 140
Trd, 8639002.846, 140
Trd, 8639003.079, 140
Trd, 8639005.279, 140
Trd, 8639005.346, 140
Trd, 8639005.879, 140
Trd, 8639005.912, 140
Trd, 8639006.079, 140
Trd, 8639006.179, 140
Trd, 8639006.512, 140
Trd, 8639007.412, 140
Trd, 8639008.546, 140
Trd, 8639008.579, 140
Trd, 8639008.779, 139
Trd, 8639008.812, 139
Trd, 8639009.112, 139
Trd, 8639010.046, 139
Trd, 8639010.079, 139
Trd, 8639010.312, 140
Trd, 8639011.612, 140
Trd, 8639012.212, 140
Trd, 8639012.512, 140
Trd, 8639013.079, 140
Trd, 8639013.312, 139
Trd, 8639013.712, 101
Trd, 8639014.012, 60
Trd, 8639014.512, 126
Trd, 8639015.346, 92
Trd, 8639016.012, 140
Trd, 8639016.946, 140
Trd, 8639017.246, 140
Trd, 8639017.446, 139
Trd, 8639017.546, 140
Trd, 8639018.579, 139
Trd, 8639018.712, 137
Trd, 8639019.179, 139
Trd, 8639019.412, 139
Trd, 8639020.279, 140
Trd, 8639021.612, 140
Trd, 8639021.879, 140
Trd, 8639021.912, 139
Trd, 8639022.079, 133
Trd, 8639022.479, 140
Trd, 8639022.746, 133
Trd, 8639023.079, 138
Trd, 8639023.746, 140
Trd, 8639025.379, 140
Trd, 8639025.546, 140
Trd, 8639026.046, 139
Trd, 8639027.312, 140
Trd, 8639027.679, 140
Trd, 8639027.879, 140
Trd, 8639028.412, 140
Trd, 8639028.679, 140
Trd, 8639029.446, 140
Trd, 8639029.846, 140
Trd, 8639031.279, 140
Trd, 8639032.046, 140
Trd, 8639032.979, 140
Trd, 8639033.479, 140
Trd, 8639033.612, 140
Trd, 8639034.346, 140
Trd, 8639035.179, 140
Trd, 8639035.346, 140
Trd, 8639035.479, 140
Trd, 8639035.612, 140
Trd, 8639035.812, 140
Trd, 8639036.946, 140
Trd, 8639037.712, 140
Trd, 8639037.946, 140
Trd, 8639039.446, 140
Trd, 8639040.212, 140
Trd, 8639040.546, 140
Trd, 8639040.712, 140
Trd, 8639041.112, 140
Trd, 8639041.646, 140
Trd, 8639041.712, 140
Trd, 8639041.746, 139
Trd, 8639042.112, 140
Trd, 8639042.679, 140
Trd, 8639043.246, 140
Trd, 8639043.812, 140
Trd, 8639044.112, 140
Trd, 8639044.412, 140
Trd, 8639044.546, 140
Trd, 8639045.312, 140
Trd, 8639045.912, 138
Trd, 8639046.146, 140
Trd, 8639046.712, 140
Trd, 8639047.046, 140
Trd, 8639048.146, 140
Trd, 8639048.312, 138
Trd, 8639049.312, 140
Trd, 8639049.512, 140
Trd, 8639049.946, 140
Trd, 8639050.379, 140
Trd, 8639051.246, 140
Trd, 8639051.679, 140
Trd, 8639052.012, 140
Trd, 8639052.046, 140
Trd, 8639053.279, 140
Trd, 8639053.512, 140
Trd, 8639054.312, 140
Trd, 8639054.679, 140
Trd, 8639054.812, 140
Trd, 8639054.846, 140
Trd, 8639054.879, 139
Trd, 8639055.412, 140
Trd, 8639055.479, 139
Trd, 8639055.979, 139
Trd, 8639056.679, 140
Trd, 8639056.812, 140
Trd, 8639057.912, 140
Trd, 8639058.146, 140
Trd, 8639058.879, 140
Trd, 8639059.012, 140
Trd, 8639059.579, 140
Trd, 8639059.746, 140
Trd, 8639060.412, 140
Trd, 8639060.612, 140
Trd, 8639061.412, 140
Trd, 8639062.112, 140
Trd, 8639062.546, 140
Trd, 8639062.912, 140
Trd, 8639063.579, 140
Trd, 8639063.612, 139
Trd, 8639064.212, 139
Trd, 8639064.579, 99
Trd, 8639064.612, 98
Trd, 8639064.679, 98
Trd, 8639065.146, 138
Trd, 8639065.379, 139
Trd, 8639065.979, 111
Trd, 8639066.479, 125
Trd, 8639066.912, 79
Trd, 8639067.612, 139
Trd, 8639067.846, 140
Trd, 8639068.479, 140
Trd, 8639069.179, 140
Trd, 8639069.312, 138
Trd, 8639069.579, 137
Trd, 8639070.812, 140
Trd, 8639071.046, 140
Trd, 8639071.679, 140
Trd, 8639072.979, 140
Trd, 8639073.446, 140
Trd, 8639074.712, 140
Trd, 8639075.246, 140
Trd, 8639075.979, 140
Trd, 8639076.446, 140
Trd, 8639077.179, 140
Trd, 8639077.612, 140
Trd, 8639078.179, 140
Trd, 8639078.246, 140
Trd, 8639078.746, 140
Trd, 8639079.179, 140
Trd, 8639079.412, 139
Trd, 8639080.679, 140
Trd, 8639080.812, 140
Trd, 8639081.212, 140
Trd, 8639081.879, 139
Trd, 8639082.046, 139
Trd, 8639082.079, 138
Trd, 8639082.512, 140
Trd, 8639082.946, 140
Trd, 8639083.146, 139
Trd, 8639084.546, 137
Trd, 8639086.046, 140
Trd, 8639087.512, 140
Trd, 8639087.612, 140
Trd, 8639087.646, 140
Trd, 8639087.779, 140
Trd, 8639087.812, 140
Trd, 8639087.912, 140
Trd, 8639088.312, 140
Trd, 8639088.946, 140
Trd, 8639089.079, 140
Trd, 8639090.179, 140
Trd, 8639090.679, 140
Trd, 8639090.879, 140
Trd, 8639091.246, 140
Trd, 8639091.912, 140
Trd, 8639092.379, 140
Trd, 8639092.446, 140
Trd, 8639093.379, 140
Trd, 8639093.879, 140
Trd, 8639094.946, 140
Trd, 8639095.179, 140
Trd, 8639095.279, 138
Trd, 8639095.479, 137
Trd, 8639097.146, 140
Trd, 8639097.446, 140
Trd, 8639097.812, 140
Trd, 8639098.279, 140
Trd, 8639098.446, 139
Trd, 8639099.079, 140
Trd, 8639099.212, 140
Trd, 8639099.379, 140
Trd, 8639099.779, 137
Trd, 8639099.946, 137
Trd, 8639100.346, 139
Trd, 8639101.979, 140
Trd, 8639102.246, 140
Trd, 8639102.746, 138
Trd, 8639103.712, 140
Trd, 8639103.746, 140
Trd, 8639104.446, 140
Trd, 8639104.746, 140
Trd, 8639105.246, 139
Trd, 8639105.546, 139
Trd, 8639106.546, 139
Trd, 8639106.579, 140
Trd, 8639106.912, 139
Trd, 8639107.179, 139
Trd, 8639107.579, 140
Trd, 8639107.812, 139
Trd, 8639108.279, 139
Trd, 8639109.012, 140
Trd, 8639109.946, 140
Trd, 8639110.079, 140
Trd, 8639110.246, 140
Trd, 8639110.446, 140
Trd, 8639110.612, 139
Trd, 8639110.946, 130
Trd, 8639111.579, 129
Trd, 8639112.779, 80
Trd, 8639113.146, 77
Trd, 8639114.146, 140
Trd, 8639115.046, 140
Trd, 8639115.312, 140
Trd, 8639115.746, 140
Trd, 8639116.312, 140
Trd, 8639116.346, 140
Trd, 8639116.546, 140
Trd, 8639116.579, 139
Trd, 8639117.112, 137
Trd, 8639118.046, 140
Trd, 8639118.279, 140
Trd, 8639118.646, 140
Trd, 8639119.379, 140
Trd, 8639119.546, 139
Trd, 8639119.679, 140
Trd, 8639120.312, 140
Trd, 8639120.479, 104
Trd, 8639120.979, 138
Trd, 8639121.812, 140
Trd, 8639122.712, 140
Trd, 8639123.112, 140
Trd, 8639123.812, 140
Trd, 8639124.912, 140
Trd, 8639126.112, 140
Trd, 8639126.212, 140
Trd, 8639126.279, 140
Trd, 8639126.379, 140
Trd, 8639128.012, 140
Trd, 8639128.146, 140
Trd, 8639128.312, 140
Trd, 8639128.779, 140
Trd, 8639129.346, 140
Trd, 8639129.546, 140
Trd, 8639130.446, 138
Trd, 8639130.679, 139
Trd, 8639131.512, 140
Trd, 8639131.912, 140
Trd, 8639132.412, 140
Trd, 8639132.979, 140
Trd, 8639133.012, 140
Trd, 8639133.179, 140
Trd, 8639133.312, 140
Trd, 8639133.646, 139
Trd, 8639134.346, 140
Trd, 8639135.312, 140
Trd, 8639135.446, 127
Trd, 8639136.412, 140
Trd, 8639136.512, 139
Trd, 8639136.746, 137
Trd, 8639137.546, 140
Trd, 8639138.179, 140
Trd, 8639139.412, 140
Trd, 8639139.779, 140
Trd, 8639140.012, 140
Trd, 8639140.746, 138
Trd, 8639141.312, 140
Trd, 8639141.479, 140
Trd, 8639141.546, 140
Trd, 8639142.312, 140
Trd, 8639143.512, 140
Trd, 8639143.646, 140
Trd, 8639144.112, 140
Trd, 8639144.212, 140
Trd, 8639144.379, 140
Trd, 8639144.446, 139
Trd, 8639144.612, 135
Trd, 8639145.412, 139
Trd, 8639146.846, 138
Trd, 8639147.512, 140
Trd, 8639147.779, 140
Trd, 8639147.812, 140
Trd, 8639148.179, 140
Trd, 8639148.412, 140
Trd, 8639148.512, 140
Trd, 8639148.612, 139
Trd, 8639148.712, 128
Trd, 8639149.546, 140
Trd, 8639149.579, 126
Trd, 8639150.779, 131
Trd, 8639151.346, 140
Trd, 8639152.046, 140
Trd, 8639152.179, 140
Trd, 8639152.779, 140
Trd, 8639153.179, 140
Trd, 8639153.746, 140
Trd, 8639153.846, 140
Trd, 8639153.946, 128
Trd, 8639154.512, 102
Trd, 8639155.712, 139
Trd, 8639156.179, 140
Trd, 8639156.346, 140
Trd, 8639156.746, 139
Trd, 8639156.812, 139
Trd, 8639157.579, 138
Trd, 8639157.679, 109
Trd, 8639158.079, 98
Trd, 8639158.846, 63
Trd, 8639158.979, 60
Trd, 8639159.112, 64
Trd, 8639160.112, 140
Trd, 8639160.146, 140
Trd, 8639160.746, 140
Trd, 8639161.446, 140
Trd, 8639161.912, 140
Trd, 8639162.046, 140
Trd, 8639162.279, 140
Trd, 8639162.679, 73
Trd, 8639162.946, 139
Trd, 8639163.312, 99
Trd, 8639163.746, 140
Trd, 8639164.012, 140
Trd, 8639165.146, 139
Trd, 8639165.712, 140
Trd, 8639166.612, 140
Trd, 8639166.912, 139
Trd, 8639167.112, 128
Trd, 8639168.912, 140
Trd, 8639168.946, 140
Trd, 8639169.179, 140
Trd, 8639170.312, 140
Trd, 8639170.646, 140
Trd, 8639171.146, 140
Trd, 8639171.212, 140
Trd, 8639171.612, 139
Trd, 8639171.979, 140
Trd, 8639173.546, 140
Trd, 8639174.112, 140
Trd, 8639175.646, 140
Trd, 8639175.712, 140
Trd, 8639175.979, 140
Trd, 8639176.012, 140
Trd, 8639176.812, 140
Trd, 8639177.179, 140
Trd, 8639177.212, 140
Trd, 8639177.379, 140
Trd, 8639177.979, 140
Trd, 8639179.046, 140
Trd, 8639179.346, 140
Trd, 8639179.579, 139
Trd, 8639180.446, 140
Trd, 8639180.679, 140
Trd, 8639181.646, 140
Trd, 8639181.946, 140
Trd, 8639182.012, 140
Trd, 8639183.312, 140
Trd, 8639183.479, 140
Trd, 8639184.246, 140
Trd, 8639184.779, 140
Trd, 8639185.946, 140
Trd, 8639186.346, 140
Trd, 8639186.379, 140
Trd, 8639186.446, 139
Trd, 8639187.946, 140
Trd, 8639188.079, 140
Trd, 8639188.546, 140
Trd, 8639189.912, 140
Trd, 8639189.946, 140
Trd, 8639191.146, 140
Trd, 8639192.012, 140
Trd, 8639192.246, 140
Trd, 8639192.546, 140
Trd, 8639193.246, 140
Trd, 8639193.579, 140
Trd, 8639194.079, 140
Trd, 8639194.146, 140
Trd, 8639194.812, 140
Trd, 8639194.979, 140
Trd, 8639196.246, 140
Trd, 8639196.779, 140
Trd, 8639196.846, 140
Trd, 8639197.279, 140
Trd, 8639198.112, 140
Trd, 8639198.646, 140
Trd, 8639198.679, 140
Trd, 8639199.079, 140
Trd, 8639199.312, 139
Trd, 8639199.679, 140
Trd, 8639200.112, 139
Trd, 8639200.379, 137
Trd, 8639200.579, 140
Trd, 8639201.512, 137
Trd, 8639201.579, 140
Trd, 8639202.346, 140
Trd, 8639202.446, 139
Trd, 8639203.579, 139
Trd, 8639203.679, 138
Trd, 8639204.379, 140
Trd, 8639204.979, 140
Trd, 8639205.112, 140
Trd, 8639205.246, 140
Trd, 8639205.579, 140
Trd, 8639205.812, 128
Trd, 8639206.279, 94
Trd, 8639206.346, 93
Trd, 8639207.112, 71
Trd, 8639207.679, 66
Trd, 8639208.012, 62
Trd, 8639208.146, 65
Trd, 8639208.712, 60
Trd, 8639209.479, 67
Trd, 8639210.546, 60
Trd, 8639211.379, 60
Trd, 8639212.212, 60
Trd, 8639212.446, 60
Trd, 8639212.812, 62
Trd, 8639212.879, 62
Trd, 8639213.012, 65
Trd, 8639213.979, 140
Trd, 8639215.179, 140
Trd, 8639215.412, 140
Trd, 8639215.546, 140
Trd, 8639215.779, 140
Trd, 8639216.412, 140
Trd, 8639217.112, 140
Trd, 8639217.312, 140
Trd, 8639217.579, 140
Trd, 8639218.812, 140
Trd, 8639218.979, 140
Trd, 8639219.212, 140
Trd, 8639219.812, 140
Trd, 8639219.912, 140
Trd, 8639220.646, 140
Trd, 8639220.679, 140
Trd, 8639220.979, 140
Trd, 8639221.179, 137
Trd, 8639221.812, 140
Trd, 8639222.179, 140
Trd, 8639222.646, 140
Trd, 8639223.179, 140
Trd, 8639223.979, 140
Trd, 8639224.112, 140
Trd, 8639224.146, 113
Trd, 8639224.512, 139
Trd, 8639225.512, 140
Trd, 8639225.579, 138
Trd, 8639227.079, 139
Trd, 8639227.212, 115
Trd, 8639228.012, 140
Trd, 8639229.212, 140
Trd, 8639229.379, 140
Trd, 8639229.612, 140
Trd, 8639230.046, 140
Trd, 8639230.246, 139
Trd, 8639230.446, 137
Trd, 8639231.246, 140
Trd, 8639231.612, 140
Trd, 8639232.646, 140
Trd, 8639233.112, 140
Trd, 8639233.246, 140
Trd, 8639234.046, 140
Trd, 8639234.512, 140
Trd, 8639234.946, 140
Trd, 8639235.179, 140
Trd, 8639235.679, 140
Trd, 8639236.379, 140
Trd, 8639236.879, 138
Trd, 8639236.946, 137
Trd, 8639237.346, 138
Trd, 8639237.646, 139
Trd, 8639237.979, 140
Trd, 8639238.012, 140
Trd, 8639238.112, 139
Trd, 8639238.912, 140
Trd, 8639239.779, 140
Trd, 8639240.646, 140
Trd, 8639240.812, 138
Trd, 8639241.179, 132
Trd, 8639241.912, 140
Trd, 8639242.579, 129
Trd, 8639242.979, 140
Trd, 8639243.646, 140
Trd, 8639245.512, 140
Trd, 8639246.679, 140
Trd, 8639246.912, 140
Trd, 8639247.246, 140
Trd, 8639247.846, 140
Trd, 8639249.046, 140
Trd, 8639249.312, 140
Trd, 8639250.012, 140
Trd, 8639250.212, 140
Trd, 8639250.879, 140
Trd, 8639250.946, 140
Trd, 8639251.612, 140
Trd, 8639251.779, 140
Trd, 8639251.912, 140
Trd, 8639252.046, 140
Trd, 8639252.512, 140
Trd, 8639252.679, 140
Trd, 8639253.346, 140
Trd, 8639253.612, 140
Trd, 8639254.112, 140
Trd, 8639255.079, 140
Trd, 8639255.212, 140
Trd, 8639255.612, 140
Trd, 8639256.412, 138
Trd, 8639256.446, 137
Trd, 8639256.846, 140
Trd, 8639257.579, 140
Trd, 8639257.612, 140
Trd, 8639257.846, 140
Trd, 8639258.179, 140
Trd, 8639258.912, 140
Trd, 8639259.679, 140
Trd, 8639259.712, 140
Trd, 8639259.746, 138
Trd, 8639259.812, 129
Trd, 8639260.079, 115
Trd, 8639260.946, 140
Trd, 8639261.512, 140
Trd, 8639261.812, 140
Trd, 8639262.279, 140
Trd, 8639263.412, 140
Trd, 8639263.479, 140
Trd, 8639264.046, 139
Trd, 8639264.712, 140
Trd, 8639265.079, 140
Trd, 8639265.512, 140
Trd, 8639266.079, 140
Trd, 8639266.746, 140
Trd, 8639266.979, 140
Trd, 8639267.112, 140
Trd, 8639267.246, 138
Trd, 8639267.579, 139
Trd, 8639267.712, 128
Trd, 8639268.179, 137
Trd, 8639268.346, 115
Trd, 8639268.912, 140
Trd, 8639269.312, 138
Trd, 8639269.679, 116
Trd, 8639270.646, 137
Trd, 8639271.012, 139
Trd, 8639272.546, 116
Trd, 8639273.146, 116
Trd, 8639273.212, 127
Trd, 8639273.679, 115
Trd, 8639273.746, 114
Trd, 8639273.812, 108
Trd, 8639273.912, 133
Trd, 8639274.146, 105
Trd, 8639274.746, 134
Trd, 8639275.246, 62
Trd, 8639275.679, 140
Trd, 8639275.746, 139
Trd, 8639275.879, 139
Trd, 8639276.079, 107
Trd, 8639276.279, 139
Trd, 8639276.912, 140
Trd, 8639277.779, 139
Trd, 8639278.279, 139
Trd, 8639278.512, 118
Trd, 8639279.446, 136
Trd, 8639279.846, 140
Trd, 8639280.079, 137
Trd, 8639280.146, 89
Trd, 8639280.612, 140
Trd, 8639281.246, 140
Trd, 8639281.712, 140
Trd, 8639281.979, 140
Trd, 8639282.112, 139
Trd, 8639282.246, 137
Trd, 8639282.279, 111
Trd, 8639282.979, 137
Trd, 8639283.112, 136
Trd, 8639283.846, 140
Trd, 8639284.312, 140
Trd, 8639284.646, 140
Trd, 8639285.412, 139
Trd, 8639285.946, 140
Trd, 8639287.346, 140
Trd, 8639287.946, 140
Trd, 8639288.579, 140
Trd, 8639288.779, 140
Trd, 8639289.546, 140
Trd, 8639289.612, 140
Trd, 8639289.879, 139
Trd, 8639290.479, 140
Trd, 8639290.579, 140
Trd, 8639290.679, 139
Trd, 8639292.046, 140
Trd, 8639292.079, 140
Trd, 8639292.312, 140
Trd, 8639292.679, 140
Trd, 8639292.879, 140
Trd, 8639294.179, 139
Trd, 8639295.046, 139
Trd, 8639295.479, 139
Trd, 8639295.746, 133
Trd, 8639296.212, 140
Trd, 8639296.946, 140
Trd, 8639298.179, 140
Trd, 8639298.479, 140
Trd, 8639299.679, 140
Trd, 8639299.746, 140
Trd, 8639299.812, 140
Trd, 8639299.912, 140
Trd, 8639300.312, 140
Trd, 8639300.546, 139
Trd, 8639300.646, 139
Trd, 8639301.046, 139
Trd, 8639301.346, 129
Trd, 8639301.512, 138
Trd, 8639301.979, 140
Trd, 8639302.312, 140
Trd, 8639304.479, 140
Trd, 8639304.546, 140
Trd, 8639304.779, 140
Trd, 8639305.579, 139
Trd, 8639305.646, 138
Trd, 8639305.912, 140
Trd, 8639306.279, 140
Trd, 8639306.379, 140
Trd, 8639307.179, 140
Trd, 8639307.479, 137
Trd, 8639307.746, 128
Trd, 8639308.246, 131
Trd, 8639309.112, 140
Trd, 8639309.679, 140
Trd, 8639310.479, 140
Trd, 8639311.046, 140
Trd, 8639311.579, 140
Trd, 8639312.012, 140
Trd, 8639312.079, 139
Trd, 8639312.646, 140
Trd, 8639312.912, 140
Trd, 8639313.979, 140
Trd, 8639314.079, 140
Trd, 8639314.812, 140
Trd, 8639314.879, 140
Trd, 8639314.946, 139
Trd, 8639315.246, 140
Trd, 8639315.612, 139
Trd, 8639315.979, 139
Trd, 8639316.012, 138
Trd, 8639316.646, 140
Trd, 8639317.012, 128
Trd, 8639317.246, 122
Trd, 8639317.612, 138
Trd, 8639317.812, 108
Trd, 8639318.979, 140
Trd, 8639320.046, 140
Trd, 8639320.446, 140
Trd, 8639321.312, 140
Trd, 8639322.312, 140
Trd, 8639322.679, 140
Trd, 8639323.879, 140
Trd, 8639324.246, 140
Trd, 8639324.379, 140
Trd, 8639324.812, 140
Trd, 8639325.246, 140
Trd, 8639326.946, 140
Trd, 8639327.179, 140
Trd, 8639327.879, 140
Trd, 8639328.379, 140
Trd, 8639329.079, 140
Trd, 8639329.846, 140
Trd, 8639329.912, 140
Trd, 8639329.979, 140
Trd, 8639330.612, 140
Trd, 8639330.879, 140
Trd, 8639331.479, 140
Trd, 8639331.512, 140
Trd, 8639332.712, 140
Trd, 8639333.712, 140
Trd, 8639334.079, 140
Trd, 8639334.446, 140
Trd, 8639334.546, 140
Trd, 8639335.046, 140
Trd, 8639335.746, 140
Trd, 8639336.212, 140
Trd, 8639336.446, 139
Trd, 8639336.646, 137
Trd, 8639337.079, 140
Trd, 8639338.179, 140
Trd, 8639338.579, 140
Trd, 8639338.779, 140
Trd, 8639338.912, 140
Trd, 8639339.212, 140
Trd, 8639339.346, 140
Trd, 8639339.979, 131
Trd, 8639340.112, 130
Trd, 8639340.679, 138
Trd, 8639340.779, 128
Trd, 8639340.979, 140
Trd, 8639341.412, 112
Trd, 8639342.412, 137
Trd, 8639342.512, 118
Trd, 8639342.712, 106
Trd, 8639343.846, 140
Trd, 8639343.979, 139
Trd, 8639345.546, 140
Trd, 8639345.679, 140
Trd, 8639345.879, 140
Trd, 8639346.279, 140
Trd, 8639346.846, 140
Trd, 8639346.946, 139
Trd, 8639347.246, 140
Trd, 8639347.512, 140
Trd, 8639348.346, 140
Trd, 8639348.412, 140
Trd, 8639348.546, 140
Trd, 8639348.579, 139
Trd, 8639349.279, 140
Trd, 8639349.712, 140
Trd, 8639349.946, 140
Trd, 8639350.346, 139
Trd, 8639350.512, 140
Trd, 8639350.746, 139
Trd, 8639351.046, 100
Trd, 8639352.646, 140
Trd, 8639352.679, 140
Trd, 8639352.779, 140
Trd, 8639353.846, 140
Trd, 8639354.879, 140
Trd, 8639355.279, 140
Trd, 8639355.479, 140
Trd, 8639355.512, 140
Trd, 8639355.946, 139
Trd, 8639356.146, 140
Trd, 8639356.879, 140
Trd, 8639358.079, 140
Trd, 8639358.479, 139
Trd, 8639358.612, 140
Trd, 8639359.679, 140
Trd, 8639360.012, 140
Trd, 8639360.112, 140
Trd, 8639360.179, 140
Trd, 8639360.746, 140
Trd, 8639360.812, 140
Trd, 8639360.946, 139
Trd, 8639361.112, 128
Trd, 8639361.379, 140
Trd, 8639362.312, 61
Trd, 8639362.446, 71
Trd, 8639363.212, 71
Trd, 8639363.379, 72
Trd, 8639364.346, 67
Trd, 8639364.646, 139
Trd, 8639364.879, 138
Trd, 8639365.379, 66
Trd, 8639366.112, 60
Trd, 8639366.179, 61
Trd, 8639366.346, 65
Trd, 8639367.246, 70
Trd, 8639367.479, 131
Trd, 8639367.979, 134
Trd, 8639368.212, 77
Trd, 8639368.712, 139
Trd, 8639368.946, 139
Trd, 8639369.212, 138
Trd, 8639369.312, 77
Trd, 8639369.646, 76
Trd, 8639369.712, 122
Trd, 8639370.579, 77
Trd, 8639372.112, 140
Trd, 8639372.146, 139
Trd, 8639372.946, 63
Trd, 8639373.546, 140
Trd, 8639374.279, 60
Trd, 8639374.612, 60
Trd, 8639375.079, 133
Trd, 8639376.212, 67
Trd, 8639376.946, 69
Trd, 8639377.312, 60
Trd, 8639377.412, 60
Trd, 8639377.446, 73
Trd, 8639377.912, 95
Trd, 8639378.446, 137
Trd, 8639378.879, 72
Trd, 8639379.012, 62
Trd, 8639379.079, 63
Trd, 8639379.912, 62
Trd, 8639380.112, 64
Trd, 8639381.412, 111
Trd, 8639381.446, 96
Trd, 8639381.746, 140
Trd, 8639382.546, 110
Trd, 8639382.612, 97
Trd, 8639383.779, 140
Trd, 8639384.779, 140
Trd, 8639385.079, 140
Trd, 8639385.146, 140
Trd, 8639386.112, 140
Trd, 8639386.546, 140
Trd, 8639387.712, 140
Trd, 8639387.946, 140
Trd, 8639388.012, 140
Trd, 8639388.746, 140
Trd, 8639389.179, 140
Trd, 8639389.212, 140
Trd, 8639389.646, 140
Trd, 8639389.846, 140
Trd, 8639390.146, 138
Trd, 8639390.512, 137
Trd, 8639391.446, 88
Trd, 8639391.679, 102
Trd, 8639392.679, 60
Trd, 8639393.312, 60
Trd, 8639393.446, 61
Trd, 8639393.846, 60
Trd, 8639394.212, 85
Trd, 8639394.512, 60
Trd, 8639395.412, 65
Trd, 8639395.546, 63
Trd, 8639395.879, 65
Trd, 8639396.146, 60
Trd, 8639396.346, 61
Trd, 8639396.779, 66
Trd, 8639396.912, 131
Trd, 8639397.412, 80
Trd, 8639397.779, 79
Trd, 8639398.412, 60
Trd, 8639398.512, 138
Trd, 8639398.946, 140
Trd, 8639399.379, 139
Trd, 8639399.546, 128
Trd, 8639400.079, 138
Trd, 8639400.146, 140
Trd, 8639400.179, 104
Trd, 8639401.612, 61
Trd, 8639401.812, 63
Trd, 8639402.346, 61
Trd, 8639403.279, 140
Trd, 8639403.479, 140
Trd, 8639403.612, 139
Trd, 8639403.846, 138
Trd, 8639404.746, 139
Trd, 8639404.946, 139
Trd, 8639405.312, 139
Trd, 8639405.546, 138
Trd, 8639405.879, 131
Trd, 8639406.379, 140
Trd, 8639406.512, 131
Trd, 8639406.612, 130
Trd, 8639406.812, 140
Trd, 8639407.112, 119
Trd, 8639407.346, 107
Trd, 8639408.212, 119
Trd, 8639408.346, 63
Trd, 8639408.446, 67
Trd, 8639410.012, 62
Trd, 8639410.279, 61
Trd, 8639410.579, 63
Trd, 8639412.046, 60
Trd, 8639413.012, 63
Trd, 8639413.479, 62
Trd, 8639413.512, 69
Trd, 8639413.879, 61
Trd, 8639414.379, 63
Trd, 8639414.612, 67
Trd, 8639414.979, 83
Trd, 8639415.446, 63
Trd, 8639416.279, 60
Trd, 8639416.479, 119
Trd, 8639416.846, 74
Trd, 8639417.046, 65
Trd, 8639418.412, 72
Trd, 8639418.546, 81
Trd, 8639419.246, 65
Trd, 8639419.579, 66
Trd, 8639419.746, 66
Trd, 8639420.279, 139
Trd, 8639421.346, 140
Trd, 8639421.512, 140
Trd, 8639422.312, 140
Trd, 8639422.546, 140
Trd, 8639422.979, 140
Trd, 8639423.712, 140
Trd, 8639423.746, 139
Trd, 8639424.212, 140
Trd, 8639425.012, 140
Trd, 8639425.112, 139
Trd, 8639425.346, 140
Trd, 8639426.346, 140
Trd, 8639427.279, 140
Trd, 8639427.646, 140
Trd, 8639427.912, 140
Trd, 8639428.612, 140
Trd, 8639429.012, 140
Trd, 8639430.279, 140
Trd, 8639430.646, 140
Trd, 8639431.012, 140
Trd, 8639432.079, 140
Trd, 8639432.379, 140
Trd, 8639432.412, 140
Trd, 8639432.646, 140
Trd, 8639433.079, 140
Trd, 8639433.912, 140
Trd, 8639434.179, 140
Trd, 8639434.312, 140
Trd, 8639435.112, 140
Trd, 8639435.179, 140
Trd, 8639435.946, 140
Trd, 8639436.246, 140
Trd, 8639437.312, 140
Trd, 8639438.012, 140
Trd, 8639438.146, 138
Trd, 8639438.279, 136
Trd, 8639439.012, 138
Trd, 8639439.746, 140
Trd, 8639439.812, 140
Trd, 8639440.379, 139
Trd, 8639440.412, 139
Trd, 8639440.779, 129
Trd, 8639441.112, 121
Trd, 8639441.312, 102
Trd, 8639442.079, 140
Trd, 8639442.446, 140
Trd, 8639442.546, 140
Trd, 8639443.312, 139
Trd, 8639443.479, 136
Trd, 8639443.879, 115
Trd, 8639444.412, 68
Trd, 8639444.479, 71
Trd, 8639444.946, 140
Trd, 8639446.346, 140
Trd, 8639446.612, 140
Trd, 8639446.646, 140
Trd, 8639446.912, 140
Trd, 8639447.279, 140
Trd, 8639447.512, 140
Trd, 8639447.612, 138
Trd, 8639447.912, 138
Trd, 8639447.946, 129
Trd, 8639449.112, 137
Trd, 8639449.379, 95
Trd, 8639449.946, 62
Trd, 8639450.446, 61
Trd, 8639450.579, 62
Trd, 8639451.846, 63
Trd, 8639452.012, 60
Trd, 8639452.179, 65
Trd, 8639452.646, 99
Trd, 8639453.012, 65
Trd, 8639453.579, 64
Trd, 8639453.846, 139
Trd, 8639454.779, 140
Trd, 8639454.812, 139
Trd, 8639455.246, 140
Trd, 8639456.379, 140
Trd, 8639456.546, 140
Trd, 8639456.812, 140
Trd, 8639457.179, 140
Trd, 8639457.812, 140
Trd, 8639458.246, 140
Trd, 8639458.479, 139
Trd, 8639459.712, 138
Trd, 8639460.279, 140
Trd, 8639460.512, 140
Trd, 8639461.112, 140
Trd, 8639461.212, 140
Trd, 8639461.779, 140
Trd, 8639462.179, 140
Trd, 8639462.379, 140
Trd, 8639463.279, 140
Trd, 8639463.946, 140
Trd, 8639464.312, 140
Trd, 8639465.012, 140
Trd, 8639466.246, 140
Trd, 8639466.746, 140
Trd, 8639466.879, 140
Trd, 8639466.946, 139
Trd, 8639467.246, 140
Trd, 8639467.646, 140
Trd, 8639468.646, 140
Trd, 8639469.212, 140
Trd, 8639469.246, 140
Trd, 8639470.679, 140
Trd, 8639470.712, 140
Trd, 8639471.179, 140
Trd, 8639471.312, 140
Trd, 8639471.579, 140
Trd, 8639472.246, 140
Trd, 8639472.746, 140
Trd, 8639472.979, 140
Trd, 8639473.479, 140
Trd, 8639474.146, 140
Trd, 8639474.379, 140
Trd, 8639474.479, 140
Trd, 8639475.612, 139
Trd, 8639476.579, 112
Trd, 8639476.779, 131
Trd, 8639476.812, 135
Trd, 8639476.879, 112
Trd, 8639477.079, 138
Trd, 8639477.446, 139
Trd, 8639477.812, 140
Trd, 8639478.312, 134
Trd, 8639478.479, 127
Trd, 8639478.946, 140
Trd, 8639479.146, 140
Trd, 8639479.812, 140
Trd, 8639480.646, 140
Trd, 8639481.012, 140
Trd, 8639482.012, 140
Trd, 8639482.112, 140
Trd, 8639482.412, 140
Trd, 8639483.479, 140
Trd, 8639483.712, 140
Trd, 8639484.012, 140
Trd, 8639484.112, 140
Trd, 8639484.346, 140
Trd, 8639485.512, 140
Trd, 8639485.879, 140
Trd, 8639486.146, 140
Trd, 8639486.179, 140
Trd, 8639487.246, 140
Trd, 8639488.079, 140
Trd, 8639488.279, 139
Trd, 8639488.912, 140
Trd, 8639489.212, 140
Trd, 8639489.612, 140
Trd, 8639490.112, 139
Trd, 8639490.379, 138
Trd, 8639490.579, 137
Trd, 8639491.212, 140
Trd, 8639491.479, 140
Trd, 8639491.512, 137
Trd, 8639491.579, 128
Trd, 8639492.579, 140
Trd, 8639493.046, 140
Trd, 8639493.579, 140
Trd, 8639493.746, 140
Trd, 8639493.779, 138
Trd, 8639496.046, 140
Trd, 8639496.212, 140
Trd, 8639496.379, 140
Trd, 8639496.979, 140
Trd, 8639497.079, 140
Trd, 8639497.479, 140
Trd, 8639497.646, 139
Trd, 8639497.812, 140
Trd, 8639498.046, 138
Trd, 8639498.612, 64
Trd, 8639499.346, 139
Trd, 8639499.612, 103
Trd, 8639499.912, 139
Trd, 8639500.212, 140
Trd, 8639500.479, 140
Trd, 8639500.912, 129
Trd, 8639501.546, 120
Trd, 8639502.746, 140
Trd, 8639503.412, 140
Trd, 8639505.279, 140
Trd, 8639505.679, 140
Trd, 8639505.946, 140
Trd, 8639506.179, 140
Trd, 8639507.346, 140
Trd, 8639507.646, 140
Trd, 8639507.712, 139
Trd, 8639507.912, 140
Trd, 8639508.479, 140
Trd, 8639508.979, 140
Trd, 8639509.012, 140
Trd, 8639510.046, 140
Trd, 8639510.179, 140
Trd, 8639510.246, 137
Trd, 8639510.312, 120
Trd, 8639510.679, 139
Trd, 8639511.746, 140
Trd, 8639511.779, 140
Trd, 8639512.679, 140
Trd, 8639512.812, 140
Trd, 8639513.379, 140
Trd, 8639513.979, 140
Trd, 8639514.112, 140
Trd, 8639514.146, 137
Trd, 8639515.146, 140
Trd, 8639515.679, 140
Trd, 8639516.079, 139
Trd, 8639516.679, 62
Trd, 8639516.979, 140
Trd, 8639517.412, 120
Trd, 8639518.579, 139
Trd, 8639518.646, 138
Trd, 8639519.112, 128
Trd, 8639519.212, 122
Trd, 8639520.112, 138
Trd, 8639520.346, 140
Trd, 8639520.512, 139
Trd, 8639520.579, 120
Trd, 8639522.312, 140
Trd, 8639523.146, 140
Trd, 8639523.579, 140
Trd, 8639523.679, 140
Trd, 8639523.912, 140
Trd, 8639524.379, 140
Trd, 8639524.979, 140
Trd, 8639525.946, 140
Trd, 8639526.446, 140
Trd, 8639526.979, 140
Trd, 8639527.146, 140
Trd, 8639528.146, 140
Trd, 8639528.246, 140
Trd, 8639528.279, 140
Trd, 8639529.379, 140
Trd, 8639530.246, 139
Trd, 8639530.346, 138
Trd, 8639530.712, 138
Trd, 8639530.812, 137
Trd, 8639530.846, 137
Trd, 8639532.412, 140
Trd, 8639532.479, 140
Trd, 8639532.712, 140
Trd, 8639533.146, 140
Trd, 8639533.379, 140
Trd, 8639534.446, 140
Trd, 8639535.212, 140
Trd, 8639535.246, 139
Trd, 8639535.912, 140
Trd, 8639536.212, 140
Trd, 8639536.246, 137
Trd, 8639536.612, 140
Trd, 8639537.479, 140
Trd, 8639537.846, 140
Trd, 8639537.946, 140
Trd, 8639538.712, 140
Trd, 8639539.046, 139
Trd, 8639540.379, 140
Trd, 8639541.112, 140
Trd, 8639542.379, 140
Trd, 8639542.546, 140
Trd, 8639542.846, 140
Trd, 8639543.112, 140
Trd, 8639543.312, 140
Trd, 8639543.846, 140
Trd, 8639544.379, 139
Trd, 8639544.446, 140
Trd, 8639545.379, 140
Trd, 8639545.612, 139
Trd, 8639546.079, 139
Trd, 8639546.179, 132
Trd, 8639547.346, 140
Trd, 8639547.812, 140
Trd, 8639548.079, 140
Trd, 8639548.779, 140
Trd, 8639549.279, 140
Trd, 8639549.612, 140
Trd, 8639550.512, 140
Trd, 8639550.546, 140
Trd, 8639550.946, 140
Trd, 8639551.312, 140
Trd, 8639551.646, 140
Trd, 8639551.712, 140
Trd, 8639551.779, 139
Trd, 8639553.512, 140
Trd, 8639553.546, 140
Trd, 8639554.512, 140
Trd, 8639554.579, 140
Trd, 8639554.979, 140
Trd, 8639556.446, 140
Trd, 8639557.279, 140
Trd, 8639557.746, 140
Trd, 8639557.779, 140
Trd, 8639557.946, 140
Trd, 8639558.512, 140
Trd, 8639558.879, 140
Trd, 8639558.946, 140
Trd, 8639559.179, 140
Trd, 8639559.579, 140
Trd, 8639559.612, 140
Trd, 8639559.979, 140
Trd, 8639560.079, 140
Trd, 8639561.346, 140
Trd, 8639561.412, 140
Trd, 8639561.479, 140
Trd, 8639561.546, 137
Trd, 8639561.746, 128
Trd, 8639562.079, 140
Trd, 8639563.912, 140
Trd, 8639564.779, 140
Trd, 8639565.212, 140
Trd, 8639565.612, 140
Trd, 8639566.146, 140
Trd, 8639566.479, 140
Trd, 8639566.812, 139
Trd, 8639567.112, 138
Trd, 8639567.812, 140
Trd, 8639568.412, 140
Trd, 8639568.779, 140
Trd, 8639569.246, 140
Trd, 8639569.412, 140
Trd, 8639570.079, 140
Trd, 8639570.279, 139
Trd, 8639571.546, 140
Trd, 8639571.846, 140
Trd, 8639572.079, 140
Trd, 8639572.446, 139
Trd, 8639572.646, 138
Trd, 8639572.946, 121
Trd, 8639573.279, 140
Trd, 8639573.446, 139
Trd, 8639574.146, 140
Trd, 8639574.979, 140
Trd, 8639575.246, 138
Trd, 8639576.746, 140
Trd, 8639577.146, 140
Trd, 8639577.179, 140
Trd, 8639577.546, 139
Trd, 8639579.179, 140
Trd, 8639579.446, 140
Trd, 8639579.812, 140
Trd, 8639580.079, 140
Trd, 8639580.479, 140
Trd, 8639581.479, 140
Trd, 8639581.946, 140
Trd, 8639582.146, 140
Trd, 8639582.812, 140
Trd, 8639583.179, 140
Trd, 8639584.846, 140
Trd, 8639585.046, 140
Trd, 8639585.246, 140
Trd, 8639585.312, 140
Trd, 8639585.546, 140
Trd, 8639585.846, 140
Trd, 8639586.146, 140
Trd, 8639586.746, 140
Trd, 8639586.779, 140
Trd, 8639587.412, 140
Trd, 8639588.712, 140
Trd, 8639589.512, 140
Trd, 8639589.679, 140
Trd, 8639589.779, 137
Trd, 8639589.946, 118
Trd, 8639590.246, 116
Trd, 8639590.579, 114
Trd, 8639591.779, 138
Trd, 8639592.446, 140
Trd, 8639593.346, 140
Trd, 8639593.579, 140
Trd, 8639594.479, 140
Trd, 8639594.512, 140
Trd, 8639594.579, 140
Trd, 8639595.146, 140
Trd, 8639595.212, 140
Trd, 8639595.779, 140
Trd, 8639596.212, 140
Trd, 8639596.246, 138
Trd, 8639596.379, 136
Trd, 8639596.946, 140
Trd, 8639597.346, 140
Trd, 8639597.679, 140
Trd, 8639598.079, 140
Trd, 8639598.512, 140
Trd, 8639599.679, 140
Trd, 8639600.546, 140
Trd, 8639601.246, 140
Trd, 8639601.946, 140
Trd, 8639602.146, 140
Trd, 8639602.979, 140
Trd, 8639603.179, 140
Trd, 8639603.446, 140
Trd, 8639603.712, 139
Trd, 8639604.212, 138
Trd, 8639604.779, 140
Trd, 8639605.812, 140
Trd, 8639605.846, 140
Trd, 8639607.579, 140
Trd, 8639608.579, 140
Trd, 8639608.679, 140
Trd, 8639608.779, 140
Trd, 8639609.146, 140
Trd, 8639609.346, 140
Trd, 8639609.512, 140
Trd, 8639609.646, 140
Trd, 8639609.912, 140
Trd, 8639610.079, 138
Trd, 8639611.112, 139
Trd, 8639611.979, 138
Trd, 8639612.712, 140
Trd, 8639613.112, 140
Trd, 8639613.312, 114
Trd, 8639613.379, 106
Trd, 8639614.112, 70
Trd, 8639614.279, 139
Trd, 8639614.946, 138
Trd, 8639615.746, 60
Trd, 8639616.579, 61
Trd, 8639616.846, 63
Trd, 8639616.979, 63
Trd, 8639617.046, 69
Trd, 8639617.112, 112
Trd, 8639618.112, 61
Trd, 8639618.379, 63
Trd, 8639618.746, 61
Trd, 8639619.446, 63
Trd, 8639619.946, 64
Trd, 8639620.246, 67
Trd, 8639620.312, 66
Trd, 8639620.912, 64
Trd, 8639621.379, 119
Trd, 8639621.479, 61
Trd, 8639622.079, 134
Trd, 8639622.479, 86
Trd, 8639622.579, 65
Trd, 8639622.912, 120
Trd, 8639624.446, 140
Trd, 8639625.646, 140
Trd, 8639625.879, 140
Trd, 8639626.879, 140
Trd, 8639626.946, 140
Trd, 8639627.079, 139
Trd, 8639627.212, 139
Trd, 8639627.346, 138
Trd, 8639628.746, 140
Trd, 8639628.779, 140
Trd, 8639629.446, 140
Trd, 8639630.412, 140
Trd, 8639630.912, 140
Trd, 8639631.279, 140
Trd, 8639631.879, 140
Trd, 8639631.912, 140
Trd, 8639632.579, 140
Trd, 8639634.146, 140
Trd, 8639634.779, 140
Trd, 8639634.879, 140
Trd, 8639636.379, 140
Trd, 8639637.612, 140
Trd, 8639638.612, 140
Trd, 8639638.779, 140
Trd, 8639639.646, 140
Trd, 8639639.846, 140
Trd, 8639640.112, 140
Trd, 8639640.212, 140
Trd, 8639640.446, 140
Trd, 8639640.779, 140
Trd, 8639641.079, 140
Trd, 8639641.312, 140
Trd, 8639641.379, 139
Trd, 8639642.012, 140
Trd, 8639642.546, 140
Trd, 8639642.579, 140
Trd, 8639642.612, 140
Trd, 8639643.212, 139
Trd, 8639643.346, 138
Trd, 8639643.412, 128
Trd, 8639643.612, 117
Trd, 8639645.546, 140
Trd, 8639645.846, 140
Trd, 8639645.979, 140
Trd, 8639646.379, 140
Trd, 8639647.912, 140
Trd, 8639648.112, 140
Trd, 8639648.846, 140
Trd, 8639649.512, 140
Trd, 8639650.879, 140
Trd, 8639651.379, 140
Trd, 8639652.012, 140
Trd, 8639652.579, 140
Trd, 8639652.912, 140
Trd, 8639653.012, 140
Trd, 8639653.046, 138
Trd, 8639653.946, 140
Trd, 8639654.279, 140
Trd, 8639654.546, 140
Trd, 8639655.012, 140
Trd, 8639655.212, 140
Trd, 8639655.812, 140
Trd, 8639656.146, 140
Trd, 8639656.712, 140
Trd, 8639657.246, 140
Trd, 8639657.346, 140
Trd, 8639658.012, 140
Trd, 8639658.746, 139
Trd, 8639659.046, 139
Trd, 8639660.012, 140
Trd, 8639660.379, 140
Trd, 8639661.246, 140
Trd, 8639662.246, 140
Trd, 8639662.812, 140
Trd, 8639664.279, 140
Trd, 8639664.812, 140
Trd, 8639664.846, 140
Trd, 8639665.312, 140
Trd, 8639665.479, 140
Trd, 8639665.812, 140
Trd, 8639666.112, 140
Trd, 8639666.279, 140
Trd, 8639666.779, 140
Trd, 8639667.446, 140
Trd, 8639668.346, 140
Trd, 8639668.546, 140
Trd, 8639668.579, 139
Trd, 8639668.912, 139
Trd, 8639669.512, 136
Trd, 8639669.546, 135
Trd, 8639670.312, 83
Trd, 8639670.979, 60
Trd, 8639671.079, 63
Trd, 8639671.179, 68
Trd, 8639671.412, 107
Trd, 8639672.012, 121
Trd, 8639672.879, 140
Trd, 8639673.312, 140
Trd, 8639674.012, 140
Trd, 8639674.246, 140
Trd, 8639675.712, 140
Trd, 8639676.079, 140
Trd, 8639676.312, 140
Trd, 8639676.479, 140
Trd, 8639676.512, 140
Trd, 8639676.946, 139
Trd, 8639677.846, 140
Trd, 8639678.312, 140
Trd, 8639679.446, 140
Trd, 8639679.879, 140
Trd, 8639680.812, 140
Trd, 8639681.112, 140
Trd, 8639682.579, 140
Trd, 8639682.646, 140
Trd, 8639683.046, 140
Trd, 8639683.312, 140
Trd, 8639683.646, 140
Trd, 8639683.712, 140
Trd, 8639683.912, 139
Trd, 8639684.012, 139
Trd, 8639684.112, 129
Trd, 8639685.346, 140
Trd, 8639685.479, 140
Trd, 8639686.579, 140
Trd, 8639687.112, 140
Trd, 8639687.412, 140
Trd, 8639687.546, 140
Trd, 8639687.579, 139
Trd, 8639687.779, 130
Trd, 8639690.479, 140
Trd, 8639690.546, 140
Trd, 8639690.879, 140
Trd, 8639691.312, 140
Trd, 8639691.812, 140
Trd, 8639692.079, 140
Trd, 8639692.312, 140
Trd, 8639692.746, 140
Trd, 8639693.212, 140
Trd, 8639693.346, 140
Trd, 8639694.712, 140
Trd, 8639696.746, 140
Trd, 8639696.946, 140
Trd, 8639697.246, 140
Trd, 8639697.979, 140
Trd, 8639698.046, 140
Trd, 8639698.646, 140
Trd, 8639699.046, 140
Trd, 8639699.312, 140
Trd, 8639699.446, 140
Trd, 8639699.479, 140
Trd, 8639700.579, 140
Trd, 8639700.746, 140
Trd, 8639700.912, 140
Trd, 8639701.246, 138
Trd, 8639701.646, 140
Trd, 8639701.779, 140
Trd, 8639702.079, 140
Trd, 8639702.779, 140
Trd, 8639703.146, 140
Trd, 8639704.146, 140
Trd, 8639704.946, 140
Trd, 8639705.579, 140
Trd, 8639705.979, 140
Trd, 8639706.312, 140
Trd, 8639706.679, 140
Trd, 8639706.979, 137
Trd, 8639707.312, 113
Trd, 8639707.746, 140
Trd, 8639708.312, 139
Trd, 8639710.112, 140
Trd, 8639710.612, 140
Trd, 8639710.912, 140
Trd, 8639711.312, 140
Trd, 8639711.479, 140
Trd, 8639712.312, 140
Trd, 8639712.346, 140
Trd, 8639712.412, 140
Trd, 8639713.412, 140
Trd, 8639713.479, 140
Trd, 8639713.879, 140
Trd, 8639714.412, 140
Trd, 8639714.679, 140
Trd, 8639715.346, 140
Trd, 8639716.179, 140
Trd, 8639718.179, 140
Trd, 8639718.912, 140
Trd, 8639719.046, 140
Trd, 8639719.946, 140
Trd, 8639720.379, 140
Trd, 8639720.679, 140
Trd, 8639720.712, 140
Trd, 8639721.146, 140
Trd, 8639721.379, 139
Trd, 8639721.579, 140
Trd, 8639721.746, 140
Trd, 8639722.612, 140
Trd, 8639722.712, 140
Trd, 8639723.512, 140
Trd, 8639724.146, 140
Trd, 8639724.279, 139
Trd, 8639724.346, 138
Trd, 8639725.112, 131
Trd, 8639725.246, 126
Trd, 8639726.079, 103
Trd, 8639726.879, 101
Trd, 8639728.012, 140
Trd, 8639728.179, 140
Trd, 8639728.312, 140
Trd, 8639728.912, 140
Trd, 8639728.979, 140
Trd, 8639729.912, 140
Trd, 8639730.379, 140
Trd, 8639730.712, 140
Trd, 8639730.912, 140
Trd, 8639731.179, 140
Trd, 8639731.346, 139
Trd, 8639731.979, 139
Trd, 8639732.946, 134
Trd, 8639733.612, 134
Trd, 8639733.846, 122
Trd, 8639734.212, 138
Trd, 8639735.112, 140
Trd, 8639735.312, 139
Trd, 8639735.846, 140
Trd, 8639735.912, 140
Trd, 8639736.846, 140
Trd, 8639737.012, 140
Trd, 8639737.512, 140
Trd, 8639737.712, 140
Trd, 8639738.079, 140
Trd, 8639738.979, 139
Trd, 8639739.712, 140
Trd, 8639739.912, 140
Trd, 8639741.679, 140
Trd, 8639741.879, 140
Trd, 8639741.946, 140
Trd, 8639743.046, 140
Trd, 8639743.346, 140
Trd, 8639743.546, 140
Trd, 8639743.712, 139
Trd, 8639744.679, 140
Trd, 8639744.879, 140
Trd, 8639745.179, 138
Trd, 8639745.479, 137
Trd, 8639745.946, 137
Trd, 8639746.379, 140
Trd, 8639747.079, 139
Trd, 8639747.246, 128
Trd, 8639747.312, 113
Trd, 8639747.912, 140
Trd, 8639748.246, 140
Trd, 8639749.046, 139
Trd, 8639749.446, 128
Trd, 8639749.612, 140
Trd, 8639749.712, 137
Trd, 8639751.412, 140
Trd, 8639751.746, 140
Trd, 8639751.979, 140
Trd, 8639752.046, 140
Trd, 8639752.512, 140
Trd, 8639753.212, 140
Trd, 8639753.779, 140
Trd, 8639753.879, 140
Trd, 8639754.412, 140
Trd, 8639754.846, 140
Trd, 8639756.246, 140
Trd, 8639756.446, 140
Trd, 8639756.512, 140
Trd, 8639757.412, 139
Trd, 8639757.612, 138
Trd, 8639757.812, 137
Trd, 8639758.212, 135
Trd, 8639758.346, 126
Trd, 8639759.346, 123
Trd, 8639759.679, 114
Trd, 8639759.746, 120
Trd, 8639760.512, 75
Trd, 8639760.679, 76
Trd, 8639761.012, 76
Trd, 8639761.712, 140
Trd, 8639762.179, 139
Trd, 8639763.012, 140
Trd, 8639763.046, 139
Trd, 8639763.546, 139
Trd, 8639764.579, 140
Trd, 8639764.712, 140
Trd, 8639765.046, 140
Trd, 8639765.279, 140
Trd, 8639766.746, 140
Trd, 8639767.312, 140
Trd, 8639767.579, 140
Trd, 8639767.846, 140
Trd, 8639768.379, 140
Trd, 8639768.412, 140
Trd, 8639768.812, 139
Trd, 8639768.946, 138
Trd, 8639769.212, 118
Trd, 8639770.346, 140
Trd, 8639770.479, 137
Trd, 8639771.412, 140
Trd, 8639771.879, 140
Trd, 8639771.946, 140
Trd, 8639773.412, 128
Trd, 8639774.512, 140
Trd, 8639775.579, 140
Trd, 8639775.712, 140
Trd, 8639776.179, 140
Trd, 8639776.512, 140
Trd, 8639776.546, 140
Trd, 8639776.812, 140
Trd, 8639777.412, 140
Trd, 8639777.912, 140
Trd, 8639778.012, 140
Trd, 8639778.046, 139
Trd, 8639778.812, 139
Trd, 8639778.846, 139
Trd, 8639779.279, 140
Trd, 8639779.679, 140
Trd, 8639779.979, 140
Trd, 8639781.179, 140
Trd, 8639781.446, 140
Trd, 8639781.746, 140
Trd, 8639782.179, 140
Trd, 8639782.246, 139
Trd, 8639783.146, 139
Trd, 8639783.246, 129
Trd, 8639784.046, 139
Trd, 8639784.979, 128
Trd, 8639785.412, 140
Trd, 8639786.579, 140
Trd, 8639786.612, 140
Trd, 8639786.812, 140
Trd, 8639787.546, 140
Trd, 8639787.846, 140
Trd, 8639788.512, 139
Trd, 8639788.812, 140
Trd, 8639790.279, 140
Trd, 8639790.346, 140
Trd, 8639790.479, 140
Trd, 8639790.812, 140
Trd, 8639791.579, 140
Trd, 8639792.179, 140
Trd, 8639792.212, 140
Trd, 8639792.712, 139
Trd, 8639793.279, 140
Trd, 8639793.879, 140
Trd, 8639794.079, 140
Trd, 8639794.346, 140
Trd, 8639794.379, 139
Trd, 8639794.546, 139
Trd, 8639794.579, 139
Trd, 8639795.012, 137
Trd, 8639795.679, 122
Trd, 8639795.746, 139
Trd, 8639796.279, 138
Trd, 8639796.879, 101
Trd, 8639797.546, 140
Trd, 8639797.746, 139
Trd, 8639798.012, 138
Trd, 8639798.079, 80
Trd, 8639798.512, 140
Trd, 8639798.679, 138
Trd, 8639799.112, 120
Trd, 8639799.346, 122
Trd, 8639800.312, 110
Trd, 8639800.979, 140
Trd, 8639801.012, 140
Trd, 8639801.146, 140
Trd, 8639801.612, 139
Trd, 8639801.812, 121
Trd, 8639803.046, 140
Trd, 8639803.146, 140
Trd, 8639805.246, 140
Trd, 8639805.746, 140
Trd, 8639805.879, 140
Trd, 8639806.712, 140
Trd, 8639807.012, 140
Trd, 8639807.279, 140
Trd, 8639807.779, 140
Trd, 8639808.412, 140
Trd, 8639808.479, 140
Trd, 8639808.512, 138
Trd, 8639808.646, 134
Trd, 8639808.912, 107
Trd, 8639810.079, 140
Trd, 8639810.479, 139
Trd, 8639810.612, 127
Trd, 8639811.546, 140
Trd, 8639811.846, 140
Trd, 8639812.746, 140
Trd, 8639812.812, 139
Trd, 8639813.379, 134
Trd, 8639814.379, 140
Trd, 8639814.779, 140
Trd, 8639815.446, 140
Trd, 8639815.746, 140
Trd, 8639816.046, 140
Trd, 8639816.279, 140
Trd, 8639816.379, 139
Trd, 8639817.246, 140
Trd, 8639817.879, 140
Trd, 8639818.546, 140
Trd, 8639818.746, 140
Trd, 8639819.146, 140
Trd, 8639820.012, 140
Trd, 8639820.246, 140
Trd, 8639821.179, 140
Trd, 8639821.412, 138
Trd, 8639821.446, 138
Trd, 8639821.579, 138
Trd, 8639822.512, 113
Trd, 8639823.712, 140
Trd, 8639824.112, 140
Trd, 8639824.379, 140
Trd, 8639825.112, 140
Trd, 8639825.546, 140
Trd, 8639825.946, 140
Trd, 8639826.246, 140
Trd, 8639826.279, 140
Trd, 8639826.779, 139
Trd, 8639827.479, 140
Trd, 8639827.512, 139
Trd, 8639827.546, 128
Trd, 8639828.146, 110
Trd, 8639828.946, 140
Trd, 8639828.979, 139
Trd, 8639829.512, 140
Trd, 8639829.812, 140
Trd, 8639830.146, 140
Trd, 8639830.712, 139
Trd, 8639830.912, 139
Trd, 8639830.946, 138
Trd, 8639832.146, 140
Trd, 8639834.012, 140
Trd, 8639834.179, 140
Trd, 8639834.346, 140
Trd, 8639834.579, 140
Trd, 8639834.646, 140
Trd, 8639834.812, 140
Trd, 8639835.112, 140
Trd, 8639835.879, 123
Trd, 8639836.646, 134
Trd, 8639836.679, 133
Trd, 8639837.779, 140
Trd, 8639838.512, 140
Trd, 8639839.212, 140
Trd, 8639840.512, 140
Trd, 8639840.846, 140
Trd, 8639841.579, 140
Trd, 8639842.279, 140
Trd, 8639842.712, 140
Trd, 8639842.946, 140
Trd, 8639843.546, 140
Trd, 8639843.879, 140
Trd, 8639843.979, 140
Trd, 8639844.912, 140
Trd, 8639845.179, 140
Trd, 8639845.912, 140
Trd, 8639846.712, 140
Trd, 8639847.012, 140
Trd, 8639847.046, 140
Trd, 8639847.779, 140
Trd, 8639848.612, 140
Trd, 8639849.079, 140
Trd, 8639849.246, 140
Trd, 8639849.846, 140
Trd, 8639850.179, 140
Trd, 8639850.346, 140
Trd, 8639850.412, 140
Trd, 8639850.846, 139
Trd, 8639851.079, 140
Trd, 8639851.246, 140
Trd, 8639851.412, 129
Trd, 8639851.679, 124
Trd, 8639853.146, 140
Trd, 8639853.646, 140
Trd, 8639854.046, 140
Trd, 8639854.379, 140
Trd, 8639855.079, 140
Trd, 8639855.746, 140
Trd, 8639855.812, 139
Trd, 8639857.146, 140
Trd, 8639857.712, 140
Trd, 8639857.812, 140
Trd, 8639858.546, 140
Trd, 8639858.946, 140
Trd, 8639859.012, 140
Trd, 8639860.946, 140
Trd, 8639861.446, 140
Trd, 8639862.212, 140
Trd, 8639862.746, 140
Trd, 8639862.812, 140
Trd, 8639863.079, 140
Trd, 8639863.246, 140
Trd, 8639864.879, 140
Trd, 8639865.079, 140
Trd, 8639865.979, 140
Trd, 8639866.312, 140
Trd, 8639866.879, 140
Trd, 8639867.012, 140
Trd, 8639867.246, 140
Trd, 8639867.679, 140
Trd, 8639867.779, 139
Trd, 8639868.212, 140
Trd, 8639869.012, 138
Trd, 8639869.179, 139
Trd, 8639869.446, 140
Trd, 8639869.712, 140
Trd, 8639869.746, 128
Trd, 8639869.846, 107
Trd, 8639870.379, 63
Trd, 8639870.579, 106
Trd, 8639870.979, 71
Trd, 8639872.212, 140
Trd, 8639872.246, 140
Trd, 8639872.879, 139
Trd, 8639873.346, 140
Trd, 8639873.779, 140
Trd, 8639874.779, 140
Trd, 8639875.079, 140
Trd, 8639875.812, 140
Trd, 8639876.612, 140
Trd, 8639876.846, 140
Trd, 8639877.146, 140
Trd, 8639877.479, 140
Trd, 8639877.912, 140
Trd, 8639878.746, 140
Trd, 8639879.079, 140
Trd, 8639879.112, 140
Trd, 8639879.546, 140
Trd, 8639879.979, 140
Trd, 8639880.579, 140
Trd, 8639880.946, 140
Trd, 8639881.112, 140
Trd, 8639881.312, 140
Trd, 8639882.979, 140
Trd, 8639883.279, 140
Trd, 8639883.379, 140
Trd, 8639883.779, 140
Trd, 8639883.946, 139
Trd, 8639885.879, 140
Trd, 8639885.979, 140
Trd, 8639886.879, 140
Trd, 8639888.079, 140
Trd, 8639888.112, 140
Trd, 8639888.179, 140
Trd, 8639888.712, 140
Trd, 8639889.746, 140
Trd, 8639890.046, 140
Trd, 8639890.179, 140
Trd, 8639890.279, 140
Trd, 8639890.479, 140
Trd, 8639891.146, 140
Trd, 8639892.879, 140
Trd, 8639892.912, 140
Trd, 8639893.412, 140
Trd, 8639894.079, 140
Trd, 8639894.246, 140
Trd, 8639894.679, 139
Trd, 8639894.746, 140
Trd, 8639895.179, 140
Trd, 8639895.412, 137
Trd, 8639896.312, 140
Trd, 8639896.879, 140
Trd, 8639897.212, 140
Trd, 8639897.379, 140
Trd, 8639897.646, 140
Trd, 8639898.579, 140
Trd, 8639899.679, 140
Trd, 8639899.979, 140
Trd, 8639900.746, 140
Trd, 8639900.846, 140
Trd, 8639901.512, 140
Trd, 8639901.746, 140
Trd, 8639902.546, 140
Trd, 8639902.879, 140
Trd, 8639902.979, 140
Trd, 8639903.912, 140
Trd, 8639904.146, 140
Trd, 8639904.346, 136
Trd, 8639905.912, 140
Trd, 8639906.379, 140
Trd, 8639906.612, 140
Trd, 8639906.779, 139
Trd, 8639906.879, 129
Trd, 8639907.179, 109
Trd, 8639908.046, 140
Trd, 8639908.379, 137
Trd, 8639908.479, 140
Trd, 8639908.746, 140
Trd, 8639909.179, 140
Trd, 8639909.246, 131
Trd, 8639910.379, 140
Trd, 8639911.679, 140
Trd, 8639912.746, 140
Trd, 8639912.946, 140
Trd, 8639913.512, 140
Trd, 8639913.846, 140
Trd, 8639913.879, 140
Trd, 8639914.446, 140
Trd, 8639914.512, 140
Trd, 8639915.546, 140
Trd, 8639916.179, 140
Trd, 8639916.379, 140
Trd, 8639916.779, 140
Trd, 8639918.246, 140
Trd, 8639918.779, 140
Trd, 8639919.246, 140
Trd, 8639919.346, 140
Trd, 8639919.446, 139
Trd, 8639921.612, 140
Trd, 8639921.712, 140
Trd, 8639922.212, 140
Trd, 8639922.412, 140
Trd, 8639922.512, 140
Trd, 8639923.212, 139
Trd, 8639923.346, 139
Trd, 8639923.412, 140
Trd, 8639923.446, 139
Trd, 8639924.012, 139
Trd, 8639925.246, 140
Trd, 8639925.446, 140
Trd, 8639926.046, 140
Trd, 8639926.079, 140
Trd, 8639926.246, 140
Trd, 8639927.446, 140
Trd, 8639927.746, 140
Trd, 8639928.012, 139
Trd, 8639928.179, 140
Trd, 8639928.979, 140
Trd, 8639930.246, 140
Trd, 8639930.612, 140
Trd, 8639930.946, 140
Trd, 8639931.512, 140
Trd, 8639931.712, 140
Trd, 8639932.746, 140
Trd, 8639932.912, 140
Trd, 8639933.246, 140
Trd, 8639933.646, 140
Trd, 8639933.879, 140
Trd, 8639933.912, 139
Trd, 8639935.279, 140
Trd, 8639935.846, 140
Trd, 8639936.679, 140
Trd, 8639936.879, 140
Trd, 8639937.412, 140
Trd, 8639938.412, 140
Trd, 8639938.746, 140
Trd, 8639939.379, 140
Trd, 8639939.479, 139
Trd, 8639939.879, 139
Trd, 8639940.012, 133
Trd, 8639940.512, 140
Trd, 8639940.746, 140
Trd, 8639941.379, 140
Trd, 8639941.879, 140
Trd, 8639943.079, 140
Trd, 8639943.279, 140
Trd, 8639944.012, 140
Trd, 8639944.812, 140
Trd, 8639944.946, 140
Trd, 8639944.979, 137
Trd, 8639945.079, 139
Trd, 8639946.146, 140
Trd, 8639946.279, 127
Trd, 8639946.812, 130
Trd, 8639947.179, 130
Trd, 8639947.646, 130
Trd, 8639948.146, 130
Trd, 8639949.446, 140
Trd, 8639949.479, 140
Trd, 8639951.146, 140
Trd, 8639951.379, 140
Trd, 8639951.446, 140
Trd, 8639951.546, 140
Trd, 8639952.112, 136
Trd, 8639952.146, 134
Trd, 8639952.879, 140
Trd, 8639953.812, 140
Trd, 8639954.312, 140
Trd, 8639955.512, 140
Trd, 8639955.546, 139
Trd, 8639955.846, 139
Trd, 8639956.179, 140
Trd, 8639956.212, 140
Trd, 8639956.346, 139
Trd, 8639956.446, 138
Trd, 8639956.679, 128
Trd, 8639956.779, 105
Trd, 8639958.046, 140
Trd, 8639958.646, 138
Trd, 8639958.779, 117
Trd, 8639959.879, 140
Trd, 8639960.246, 137
Trd, 8639960.312, 136
Trd, 8639960.512, 139
Trd, 8639962.212, 140
Trd, 8639962.512, 140
Trd, 8639963.046, 140
Trd, 8639963.512, 140
Trd, 8639965.112, 140
Trd, 8639965.246, 140
Trd, 8639965.279, 140
Trd, 8639965.312, 139
Trd, 8639965.412, 136
Trd, 8639965.812, 139
Trd, 8639966.079, 137
Trd, 8639966.512, 131
Trd, 8639967.479, 140
Trd, 8639967.512, 140
Trd, 8639967.679, 134
Trd, 8639968.079, 140
Trd, 8639969.012, 138
Trd, 8639969.579, 130
Trd, 8639969.679, 128
Trd, 8639971.412, 140
Trd, 8639971.512, 140
Trd, 8639971.612, 140
Trd, 8639972.179, 139
Trd, 8639972.812, 140
Trd, 8639973.112, 140
Trd, 8639973.579, 140
Trd, 8639974.646, 140
Trd, 8639974.679, 139
Trd, 8639975.879, 140
Trd, 8639976.279, 140
Trd, 8639976.746, 139
Trd, 8639976.912, 138
Trd, 8639977.379, 139
Trd, 8639978.079, 140
Trd, 8639978.679, 140
Trd, 8639978.812, 139
Trd, 8639979.546, 140
Trd, 8639979.579, 138
Trd, 8639979.712, 137
Trd, 8639979.746, 136
Trd, 8639980.179, 94
Trd, 8639980.279, 139
Trd, 8639982.179, 140
Trd, 8639982.312, 139
Trd, 8639983.079, 139
Trd, 8639983.146, 140
Trd, 8639983.312, 137
Trd, 8639983.546, 140
Trd, 8639986.279, 140
Trd, 8639986.646, 140
Trd, 8639986.946, 140
Trd, 8639987.046, 140
Trd, 8639987.312, 140
Trd, 8639987.646, 140
Trd, 8639987.812, 140
Trd, 8639987.846, 140
Trd, 8639988.146, 140
Trd, 8639989.012, 140
Trd, 8639989.112, 139
Trd, 8639989.279, 139
Trd, 8639989.512, 140
Trd, 8639989.846, 139
Trd, 8639990.912, 140
Trd, 8639991.546, 140
Trd, 8639991.879, 139
Trd, 8639992.179, 138
Trd, 8639992.512, 136
Trd, 8639992.779, 140
Trd, 8639993.146, 137
Trd, 8639993.246, 134
Trd, 8639993.579, 135
Trd, 8639994.879, 140
Trd, 8639995.346, 140
Trd, 8639995.879, 140
Trd, 8639995.946, 139
Trd, 8639997.812, 140
Trd, 8639997.912, 140
Trd, 8639997.979, 140
Trd, 8639998.512, 140
Trd, 8639998.579, 139
Trd, 8639998.679, 138
Trd, 8639999.679, 140
Trd, 8639999.879, 140
