Trd, 8638793.746, 127
Trd, 8638794.346, 137
Trd, 8638794.912, 116
Trd, 8638795.346, 121
Trd, 8638795.379, 106
Trd, 8638795.646, 140
Trd, 8638797.212, 104
Trd, 8638797.879, 104
Trd, 8638798.279, 107
Trd, 8638798.412, 102
Trd, 8638798.679, 132
Trd, 8638798.979, 140
Trd, 8638799.246, 101
Trd, 8638799.379, 98
Trd, 8638800.179, 93
Trd, 8638800.446, 129
Trd, 8638800.746, 124
Trd, 8638800.846, 90
Trd, 8638801.712, 88
Trd, 8638801.979, 100
Trd, 8638802.346, 128
Trd, 8638802.446, 126
Trd, 8638803.146, 85
Trd, 8638803.346, 136
Trd, 8638803.679, 120
Trd, 8638803.846, 116
Trd, 8638803.912, 66
Trd, 8638804.879, 110
Trd, 8638805.112, 104
Trd, 8638805.479, 86
Trd, 8638805.712, 89
Trd, 8638805.912, 88
Trd, 8638807.179, 72
Trd, 8638807.512, 97
Trd, 8638808.179, 78
Trd, 8638808.679, 81
Trd, 8638809.146, 69
Trd, 8638809.179, 82
Trd, 8638809.979, 68
Trd, 8638810.446, 77
Trd, 8638811.046, 79
Trd, 8638811.346, 67
Trd, 8638811.412, 64
Trd, 8638811.612, 75
Trd, 8638811.746, 62
Trd, 8638812.679, 71
Trd, 8638812.746, 65
Trd, 8638813.546, 92
Trd, 8638813.612, 88
Trd, 8638814.479, 90
Trd, 8638815.979, 77
Trd, 8638816.079, 68
Trd, 8638817.179, 75
Trd, 8638817.479, 76
Trd, 8638817.546, 80
Trd, 8638817.646, 67
Trd, 8638818.379, 85
Trd, 8638818.879, 64
Trd, 8638819.046, 68
Trd, 8638819.246, 99
Trd, 8638819.379, 101
Trd, 8638819.579, 66
Trd, 8638819.746, 70
Trd, 8638819.879, 131
Trd, 8638820.479, 72
Trd, 8638821.379, 65
Trd, 8638821.612, 91
Trd, 8638822.079, 70
Trd, 8638822.412, 70
Trd, 8638823.279, 100
Trd, 8638823.412, 97
Trd, 8638823.712, 76
Trd, 8638823.746, 91
Trd, 8638824.512, 81
Trd, 8638825.279, 76
Trd, 8638825.679, 71
Trd, 8638826.046, 82
Trd, 8638826.246, 96
Trd, 8638827.212, 129
Trd, 8638827.479, 128
Trd, 8638827.779, 121
Trd, 8638828.079, 115
Trd, 8638828.146, 113
Trd, 8638828.212, 99
Trd, 8638828.379, 117
Trd, 8638828.579, 137
Trd, 8638829.746, 93
Trd, 8638830.646, 89
Trd, 8638830.846, 87
Trd, 8638830.979, 110
Trd, 8638831.579, 111
Trd, 8638831.912, 89
Trd, 8638832.379, 87
Trd, 8638832.512, 80
Trd, 8638832.946, 140
Trd, 8638834.212, 66
Trd, 8638834.946, 73
Trd, 8638835.079, 85
Trd, 8638835.512, 72
Trd, 8638835.712, 94
Trd, 8638836.112, 82
Trd, 8638837.412, 89
Trd, 8638837.946, 101
Trd, 8638838.312, 90
Trd, 8638838.479, 96
Trd, 8638838.612, 96
Trd, 8638838.779, 90
Trd, 8638838.812, 98
Trd, 8638839.179, 105
Trd, 8638839.412, 99
Trd, 8638839.879, 88
Trd, 8638840.646, 102
Trd, 8638840.979, 135
Trd, 8638841.712, 138
Trd, 8638841.912, 130
Trd, 8638842.079, 121
Trd, 8638842.379, 120
Trd, 8638842.546, 100
Trd, 8638843.346, 137
Trd, 8638843.379, 122
Trd, 8638843.546, 120
Trd, 8638843.879, 98
Trd, 8638844.312, 135
Trd, 8638844.746, 98
Trd, 8638844.946, 97
Trd, 8638845.279, 110
Trd, 8638846.146, 94
Trd, 8638846.612, 138
Trd, 8638847.346, 112
Trd, 8638847.679, 135
Trd, 8638847.812, 126
Trd, 8638847.912, 139
Trd, 8638848.046, 93
Trd, 8638849.012, 93
Trd, 8638849.312, 88
Trd, 8638849.379, 85
Trd, 8638850.012, 65
Trd, 8638850.579, 126
Trd, 8638850.879, 140
Trd, 8638851.846, 131
Trd, 8638852.112, 71
Trd, 8638852.379, 70
Trd, 8638852.412, 70
Trd, 8638852.712, 66
Trd, 8638853.346, 108
Trd, 8638853.612, 106
Trd, 8638853.779, 71
Trd, 8638854.479, 63
Trd, 8638855.079, 64
Trd, 8638855.379, 92
Trd, 8638855.712, 72
Trd, 8638856.012, 68
Trd, 8638856.146, 99
Trd, 8638856.212, 66
Trd, 8638856.779, 83
Trd, 8638857.646, 122
Trd, 8638857.979, 117
Trd, 8638858.012, 114
Trd, 8638858.446, 138
Trd, 8638859.579, 129
Trd, 8638859.679, 125
Trd, 8638859.779, 118
Trd, 8638860.012, 115
Trd, 8638860.712, 93
Trd, 8638860.912, 85
Trd, 8638861.946, 83
Trd, 8638862.946, 130
Trd, 8638862.979, 107
Trd, 8638863.012, 86
Trd, 8638863.379, 95
Trd, 8638863.812, 90
Trd, 8638864.146, 136
Trd, 8638864.312, 85
Trd, 8638864.879, 89
Trd, 8638865.246, 88
Trd, 8638865.946, 113
Trd, 8638866.179, 85
Trd, 8638866.246, 85
Trd, 8638866.679, 83
Trd, 8638867.512, 94
Trd, 8638867.946, 71
Trd, 8638868.312, 139
Trd, 8638869.412, 122
Trd, 8638869.646, 115
Trd, 8638870.212, 114
Trd, 8638870.879, 110
Trd, 8638870.946, 93
Trd, 8638871.579, 89
Trd, 8638871.812, 86
Trd, 8638871.912, 81
Trd, 8638872.446, 71
Trd, 8638872.546, 93
Trd, 8638873.379, 64
Trd, 8638873.512, 78
Trd, 8638874.346, 129
Trd, 8638874.646, 132
Trd, 8638875.546, 127
Trd, 8638875.579, 127
Trd, 8638875.846, 110
Trd, 8638876.779, 84
Trd, 8638877.446, 67
Trd, 8638877.879, 69
Trd, 8638878.046, 69
Trd, 8638878.146, 68
Trd, 8638878.246, 89
Trd, 8638878.979, 71
Trd, 8638879.946, 131
Trd, 8638880.212, 130
Trd, 8638880.379, 126
Trd, 8638881.946, 140
Trd, 8638882.279, 140
Trd, 8638882.379, 118
Trd, 8638882.546, 125
Trd, 8638882.646, 117
Trd, 8638882.679, 114
Trd, 8638882.779, 114
Trd, 8638882.879, 123
Trd, 8638883.979, 138
Trd, 8638884.212, 134
Trd, 8638884.246, 92
Trd, 8638884.346, 87
Trd, 8638884.612, 99
Trd, 8638885.479, 87
Trd, 8638885.746, 127
Trd, 8638887.612, 101
Trd, 8638887.812, 137
Trd, 8638888.146, 83
Trd, 8638888.312, 76
Trd, 8638888.979, 99
Trd, 8638889.112, 94
Trd, 8638889.446, 137
Trd, 8638889.879, 133
Trd, 8638890.712, 132
Trd, 8638890.746, 128
Trd, 8638891.812, 127
Trd, 8638892.346, 129
Trd, 8638892.712, 122
Trd, 8638892.846, 118
Trd, 8638893.246, 130
Trd, 8638893.346, 121
Trd, 8638893.546, 86
Trd, 8638893.646, 76
Trd, 8638894.112, 126
Trd, 8638895.046, 78
Trd, 8638895.379, 95
Trd, 8638895.746, 110
Trd, 8638896.212, 90
Trd, 8638896.379, 89
Trd, 8638897.812, 103
Trd, 8638898.012, 133
Trd, 8638898.079, 101
Trd, 8638898.212, 91
Trd, 8638898.546, 85
Trd, 8638899.079, 127
Trd, 8638899.446, 111
Trd, 8638899.579, 87
Trd, 8638899.946, 95
Trd, 8638900.546, 88
Trd, 8638900.746, 86
Trd, 8638901.412, 62
Trd, 8638901.879, 93
Trd, 8638903.379, 69
Trd, 8638904.412, 85
Trd, 8638904.679, 93
Trd, 8638904.812, 102
Trd, 8638905.112, 124
Trd, 8638905.279, 78
Trd, 8638905.712, 97
Trd, 8638905.746, 77
Trd, 8638906.479, 91
Trd, 8638906.646, 77
Trd, 8638907.679, 64
Trd, 8638908.112, 69
Trd, 8638908.212, 92
Trd, 8638908.279, 104
Trd, 8638908.879, 100
Trd, 8638908.979, 114
Trd, 8638909.679, 71
Trd, 8638910.179, 86
Trd, 8638910.412, 110
Trd, 8638911.012, 125
Trd, 8638912.012, 80
Trd, 8638912.179, 90
Trd, 8638912.446, 79
Trd, 8638912.646, 74
Trd, 8638913.879, 123
Trd, 8638914.012, 122
Trd, 8638914.046, 106
Trd, 8638914.512, 129
Trd, 8638914.879, 127
Trd, 8638915.846, 119
Trd, 8638915.879, 103
Trd, 8638916.212, 92
Trd, 8638917.112, 76
Trd, 8638917.246, 74
Trd, 8638917.379, 118
Trd, 8638917.546, 135
Trd, 8638917.646, 66
Trd, 8638918.246, 93
Trd, 8638918.512, 106
Trd, 8638918.879, 121
Trd, 8638919.979, 63
Trd, 8638920.346, 108
Trd, 8638920.479, 74
Trd, 8638921.512, 63
Trd, 8638921.679, 63
Trd, 8638922.379, 61
Trd, 8638922.679, 64
Trd, 8638922.712, 67
Trd, 8638923.279, 65
Trd, 8638923.479, 76
Trd, 8638924.112, 78
Trd, 8638924.346, 80
Trd, 8638925.546, 113
Trd, 8638926.079, 120
Trd, 8638926.179, 117
Trd, 8638926.479, 113
Trd, 8638926.512, 71
Trd, 8638926.979, 110
Trd, 8638927.046, 106
Trd, 8638928.179, 72
Trd, 8638928.312, 73
Trd, 8638928.912, 86
Trd, 8638929.279, 65
Trd, 8638929.379, 79
Trd, 8638929.912, 107
Trd, 8638930.446, 140
Trd, 8638930.512, 105
Trd, 8638930.779, 115
Trd, 8638930.946, 96
Trd, 8638931.512, 122
Trd, 8638931.879, 138
Trd, 8638932.046, 99
Trd, 8638932.279, 136
Trd, 8638933.712, 121
Trd, 8638933.746, 120
Trd, 8638933.879, 117
Trd, 8638934.779, 70
Trd, 8638935.679, 95
Trd, 8638935.712, 94
Trd, 8638935.746, 97
Trd, 8638936.746, 93
Trd, 8638937.046, 130
Trd, 8638937.079, 125
Trd, 8638937.146, 92
Trd, 8638937.446, 136
Trd, 8638937.579, 63
Trd, 8638939.446, 138
Trd, 8638939.512, 139
Trd, 8638939.912, 122
Trd, 8638940.779, 129
Trd, 8638940.812, 128
Trd, 8638940.879, 124
Trd, 8638941.179, 124
Trd, 8638942.046, 128
Trd, 8638942.146, 116
Trd, 8638942.246, 92
Trd, 8638942.446, 87
Trd, 8638944.012, 137
Trd, 8638944.112, 134
Trd, 8638944.146, 133
Trd, 8638944.512, 128
Trd, 8638944.746, 124
Trd, 8638944.846, 102
Trd, 8638945.112, 129
Trd, 8638945.746, 68
Trd, 8638946.279, 70
Trd, 8638946.846, 63
Trd, 8638947.812, 85
Trd, 8638947.979, 64
Trd, 8638948.079, 89
Trd, 8638949.112, 93
Trd, 8638949.279, 77
Trd, 8638949.379, 101
Trd, 8638951.012, 103
Trd, 8638952.046, 137
Trd, 8638952.079, 133
Trd, 8638952.112, 98
Trd, 8638952.246, 97
Trd, 8638952.512, 95
Trd, 8638952.546, 91
Trd, 8638953.312, 105
Trd, 8638953.612, 83
Trd, 8638953.879, 132
Trd, 8638954.246, 81
Trd, 8638954.412, 77
Trd, 8638955.012, 70
Trd, 8638956.479, 86
Trd, 8638956.879, 104
Trd, 8638957.012, 84
Trd, 8638957.179, 131
Trd, 8638957.379, 110
Trd, 8638958.379, 77
Trd, 8638958.512, 76
Trd, 8638958.712, 75
Trd, 8638959.012, 78
Trd, 8638959.146, 99
Trd, 8638959.379, 89
Trd, 8638960.346, 81
Trd, 8638960.712, 132
Trd, 8638962.146, 89
Trd, 8638962.412, 103
Trd, 8638962.779, 76
Trd, 8638963.579, 114
Trd, 8638963.946, 74
Trd, 8638964.146, 115
Trd, 8638964.412, 110
Trd, 8638964.579, 106
Trd, 8638965.212, 102
Trd, 8638965.712, 74
Trd, 8638965.846, 94
Trd, 8638966.879, 127
Trd, 8638966.946, 126
Trd, 8638967.146, 122
Trd, 8638967.779, 65
Trd, 8638968.212, 80
Trd, 8638969.246, 88
Trd, 8638969.312, 91
Trd, 8638969.379, 62
Trd, 8638969.579, 71
Trd, 8638969.979, 93
Trd, 8638970.546, 69
Trd, 8638971.212, 79
Trd, 8638971.746, 81
Trd, 8638971.946, 80
Trd, 8638972.012, 78
Trd, 8638972.079, 63
Trd, 8638973.946, 60
Trd, 8638974.846, 60
Trd, 8638975.112, 68
Trd, 8638975.246, 70
Trd, 8638975.279, 82
Trd, 8638975.712, 96
Trd, 8638975.979, 70
Trd, 8638976.046, 68
Trd, 8638976.079, 68
Trd, 8638976.846, 68
Trd, 8638978.246, 88
Trd, 8638978.612, 101
Trd, 8638979.046, 60
Trd, 8638979.746, 67
Trd, 8638980.379, 69
Trd, 8638980.579, 68
Trd, 8638981.246, 103
Trd, 8638981.412, 108
Trd, 8638982.046, 76
Trd, 8638982.279, 74
Trd, 8638983.179, 70
Trd, 8638983.412, 76
Trd, 8638983.846, 60
Trd, 8638983.912, 86
Trd, 8638984.479, 66
Trd, 8638984.846, 66
Trd, 8638985.346, 65
Trd, 8638985.779, 63
Trd, 8638986.812, 65
Trd, 8638986.979, 69
Trd, 8638987.046, 77
Trd, 8638987.812, 66
Trd, 8638987.879, 79
Trd, 8638988.346, 123
Trd, 8638988.779, 88
Trd, 8638989.379, 88
Trd, 8638989.512, 96
Trd, 8638989.646, 98
Trd, 8638989.712, 87
Trd, 8638990.446, 136
Trd, 8638990.512, 86
Trd, 8638992.379, 90
Trd, 8638992.412, 86
Trd, 8638992.679, 86
Trd, 8638992.712, 79
Trd, 8638993.079, 96
Trd, 8638993.546, 131
Trd, 8638993.779, 64
Trd, 8638993.946, 64
Trd, 8638994.579, 96
Trd, 8638994.612, 67
Trd, 8638995.146, 60
Trd, 8638996.212, 74
Trd, 8638996.379, 82
Trd, 8638996.446, 89
Trd, 8638996.812, 100
Trd, 8638998.046, 65
Trd, 8638998.946, 73
Trd, 8639000.112, 64
Trd, 8639000.246, 63
Trd, 8639000.646, 68
Trd, 8639001.312, 75
Trd, 8639001.512, 68
Trd, 8639001.579, 64
Trd, 8639002.012, 83
Trd, 8639002.112, 78
Trd, 8639003.079, 77
Trd, 8639003.179, 92
Trd, 8639003.512, 78
Trd, 8639003.579, 86
Trd, 8639004.679, 83
Trd, 8639005.212, 105
Trd, 8639005.412, 90
Trd, 8639005.579, 89
Trd, 8639005.912, 140
Trd, 8639006.179, 118
Trd, 8639006.512, 118
Trd, 8639006.612, 98
Trd, 8639007.046, 139
Trd, 8639007.546, 137
Trd, 8639008.146, 133
Trd, 8639009.212, 140
Trd, 8639009.312, 135
Trd, 8639009.512, 125
Trd, 8639009.579, 121
Trd, 8639010.146, 121
Trd, 8639010.279, 130
Trd, 8639010.579, 117
Trd, 8639011.546, 133
Trd, 8639011.646, 117
Trd, 8639012.246, 117
Trd, 8639012.279, 94
Trd, 8639012.946, 133
Trd, 8639013.146, 111
Trd, 8639013.546, 129
Trd, 8639013.912, 94
Trd, 8639014.379, 87
Trd, 8639014.812, 119
Trd, 8639014.946, 129
Trd, 8639015.179, 107
Trd, 8639015.279, 106
Trd, 8639016.546, 135
Trd, 8639016.612, 133
Trd, 8639017.079, 131
Trd, 8639017.179, 79
Trd, 8639017.512, 96
Trd, 8639017.579, 95
Trd, 8639018.046, 125
Trd, 8639018.679, 94
Trd, 8639019.379, 85
Trd, 8639020.112, 85
Trd, 8639020.479, 80
Trd, 8639020.912, 100
Trd, 8639021.012, 82
Trd, 8639021.479, 104
Trd, 8639022.279, 61
Trd, 8639022.312, 78
Trd, 8639022.646, 84
Trd, 8639022.712, 72
Trd, 8639023.512, 75
Trd, 8639024.279, 133
Trd, 8639024.579, 123
Trd, 8639024.979, 106
Trd, 8639025.012, 105
Trd, 8639025.312, 70
Trd, 8639025.946, 109
Trd, 8639026.546, 66
Trd, 8639026.812, 60
Trd, 8639027.046, 113
Trd, 8639027.379, 80
Trd, 8639027.646, 78
Trd, 8639028.412, 61
Trd, 8639029.112, 134
Trd, 8639030.446, 126
Trd, 8639030.512, 124
Trd, 8639030.679, 103
Trd, 8639031.179, 91
Trd, 8639031.246, 101
Trd, 8639031.512, 124
Trd, 8639032.046, 110
Trd, 8639032.746, 84
Trd, 8639033.312, 88
Trd, 8639033.446, 85
Trd, 8639033.846, 132
Trd, 8639033.879, 119
Trd, 8639034.579, 132
Trd, 8639034.612, 128
Trd, 8639035.146, 105
Trd, 8639036.046, 109
Trd, 8639036.579, 138
Trd, 8639036.946, 125
Trd, 8639037.012, 134
Trd, 8639037.146, 112
Trd, 8639037.312, 105
Trd, 8639037.612, 133
Trd, 8639037.912, 98
Trd, 8639037.979, 99
Trd, 8639038.912, 81
Trd, 8639039.612, 80
Trd, 8639039.746, 131
Trd, 8639039.779, 79
Trd, 8639040.679, 134
Trd, 8639040.912, 65
Trd, 8639040.946, 61
Trd, 8639041.312, 139
Trd, 8639041.946, 72
Trd, 8639042.012, 83
Trd, 8639042.746, 62
Trd, 8639043.446, 76
Trd, 8639044.012, 62
Trd, 8639044.279, 65
Trd, 8639044.346, 67
Trd, 8639045.046, 76
Trd, 8639045.112, 88
Trd, 8639045.646, 105
Trd, 8639046.046, 67
Trd, 8639046.712, 85
Trd, 8639047.046, 87
Trd, 8639047.412, 85
Trd, 8639047.446, 121
Trd, 8639048.112, 111
Trd, 8639049.112, 111
Trd, 8639049.512, 125
Trd, 8639049.879, 104
Trd, 8639049.979, 94
Trd, 8639050.079, 80
Trd, 8639050.446, 62
Trd, 8639051.279, 73
Trd, 8639051.446, 75
Trd, 8639052.112, 67
Trd, 8639052.679, 60
Trd, 8639052.779, 89
Trd, 8639053.879, 65
Trd, 8639054.612, 61
Trd, 8639056.179, 61
Trd, 8639056.379, 62
Trd, 8639056.646, 68
Trd, 8639056.746, 69
Trd, 8639057.179, 91
Trd, 8639057.246, 117
Trd, 8639057.479, 95
Trd, 8639057.579, 89
Trd, 8639057.946, 103
Trd, 8639058.679, 64
Trd, 8639059.546, 70
Trd, 8639059.779, 63
Trd, 8639059.912, 123
Trd, 8639060.246, 71
Trd, 8639060.679, 61
Trd, 8639061.179, 85
Trd, 8639061.312, 60
Trd, 8639061.712, 60
Trd, 8639061.812, 62
Trd, 8639062.946, 73
Trd, 8639063.946, 72
Trd, 8639064.379, 71
Trd, 8639064.546, 81
Trd, 8639064.879, 60
Trd, 8639065.379, 61
Trd, 8639065.412, 87
Trd, 8639066.079, 69
Trd, 8639067.279, 75
Trd, 8639067.446, 89
Trd, 8639067.579, 80
Trd, 8639067.912, 60
Trd, 8639068.279, 90
Trd, 8639068.946, 64
Trd, 8639069.546, 91
Trd, 8639069.979, 79
Trd, 8639070.212, 70
Trd, 8639070.679, 121
Trd, 8639070.912, 119
Trd, 8639071.112, 118
Trd, 8639071.246, 117
Trd, 8639071.812, 87
Trd, 8639072.779, 93
Trd, 8639073.079, 103
Trd, 8639073.312, 90
Trd, 8639073.679, 85
Trd, 8639074.379, 123
Trd, 8639074.546, 140
Trd, 8639075.479, 130
Trd, 8639075.512, 129
Trd, 8639075.812, 135
Trd, 8639076.046, 122
Trd, 8639076.846, 116
Trd, 8639077.046, 115
Trd, 8639077.812, 100
Trd, 8639078.046, 104
Trd, 8639078.779, 88
Trd, 8639079.079, 114
Trd, 8639079.512, 86
Trd, 8639079.679, 88
Trd, 8639080.379, 108
Trd, 8639080.479, 88
Trd, 8639080.546, 75
Trd, 8639081.846, 121
Trd, 8639082.179, 121
Trd, 8639082.212, 120
Trd, 8639082.512, 131
Trd, 8639082.546, 117
Trd, 8639082.579, 99
Trd, 8639082.646, 116
Trd, 8639083.012, 139
Trd, 8639083.812, 132
Trd, 8639084.279, 73
Trd, 8639084.879, 134
Trd, 8639085.379, 107
Trd, 8639085.546, 106
Trd, 8639085.579, 83
Trd, 8639086.179, 85
Trd, 8639087.212, 80
Trd, 8639087.312, 68
Trd, 8639087.512, 68
Trd, 8639087.746, 67
Trd, 8639087.912, 127
Trd, 8639088.512, 131
Trd, 8639089.979, 86
Trd, 8639090.246, 85
Trd, 8639090.346, 84
Trd, 8639090.479, 130
Trd, 8639090.679, 69
Trd, 8639091.146, 72
Trd, 8639091.846, 68
Trd, 8639092.112, 71
Trd, 8639093.079, 95
Trd, 8639093.246, 70
Trd, 8639093.779, 65
Trd, 8639095.479, 69
Trd, 8639095.879, 69
Trd, 8639095.946, 76
Trd, 8639096.279, 65
Trd, 8639096.779, 65
Trd, 8639097.046, 64
Trd, 8639097.279, 64
Trd, 8639098.012, 77
Trd, 8639098.146, 85
Trd, 8639098.312, 75
Trd, 8639098.446, 73
Trd, 8639098.612, 88
Trd, 8639099.246, 70
Trd, 8639100.012, 63
Trd, 8639100.179, 120
Trd, 8639100.746, 134
Trd, 8639101.046, 115
Trd, 8639101.746, 86
Trd, 8639101.946, 113
Trd, 8639101.979, 74
Trd, 8639102.079, 88
Trd, 8639102.612, 67
Trd, 8639103.846, 68
Trd, 8639103.946, 74
Trd, 8639104.612, 64
Trd, 8639104.712, 69
Trd, 8639106.012, 121
Trd, 8639106.246, 67
Trd, 8639106.846, 63
Trd, 8639107.046, 94
Trd, 8639107.412, 114
Trd, 8639107.912, 134
Trd, 8639108.446, 130
Trd, 8639108.546, 126
Trd, 8639109.012, 118
Trd, 8639109.646, 137
Trd, 8639110.146, 134
Trd, 8639110.346, 133
Trd, 8639110.679, 121
Trd, 8639110.946, 100
Trd, 8639111.346, 100
Trd, 8639111.846, 81
Trd, 8639112.579, 82
Trd, 8639112.746, 79
Trd, 8639112.946, 76
Trd, 8639113.312, 75
Trd, 8639114.046, 77
Trd, 8639114.446, 109
Trd, 8639114.546, 62
Trd, 8639115.412, 72
Trd, 8639117.212, 72
Trd, 8639117.312, 62
Trd, 8639117.679, 73
Trd, 8639117.879, 64
Trd, 8639117.946, 77
Trd, 8639118.012, 79
Trd, 8639118.846, 64
Trd, 8639119.146, 72
Trd, 8639119.212, 65
Trd, 8639119.246, 72
Trd, 8639119.812, 65
Trd, 8639120.112, 88
Trd, 8639120.512, 138
Trd, 8639121.279, 69
Trd, 8639121.812, 63
Trd, 8639121.912, 75
Trd, 8639122.246, 84
Trd, 8639122.446, 76
Trd, 8639123.079, 87
Trd, 8639123.612, 74
Trd, 8639123.879, 76
Trd, 8639124.479, 83
Trd, 8639124.812, 81
Trd, 8639125.012, 80
Trd, 8639126.046, 106
Trd, 8639126.212, 106
Trd, 8639126.479, 109
Trd, 8639126.579, 103
Trd, 8639127.046, 68
Trd, 8639127.179, 66
Trd, 8639127.746, 70
Trd, 8639128.612, 61
Trd, 8639128.712, 63
Trd, 8639129.446, 91
Trd, 8639130.146, 69
Trd, 8639130.612, 73
Trd, 8639131.212, 127
Trd, 8639131.346, 126
Trd, 8639131.679, 117
Trd, 8639131.746, 137
Trd, 8639132.046, 110
Trd, 8639132.079, 91
Trd, 8639133.012, 62
Trd, 8639133.279, 62
Trd, 8639133.379, 87
Trd, 8639133.812, 98
Trd, 8639134.179, 114
Trd, 8639134.479, 81
Trd, 8639135.212, 62
Trd, 8639136.512, 73
Trd, 8639136.912, 64
Trd, 8639137.112, 84
Trd, 8639137.579, 92
Trd, 8639137.879, 98
Trd, 8639138.112, 90
Trd, 8639138.146, 89
Trd, 8639139.279, 138
Trd, 8639139.312, 134
Trd, 8639139.746, 67
Trd, 8639140.479, 124
Trd, 8639140.846, 97
Trd, 8639141.046, 73
Trd, 8639141.746, 61
Trd, 8639141.846, 78
Trd, 8639142.612, 84
Trd, 8639142.846, 61
Trd, 8639143.246, 95
Trd, 8639143.312, 72
Trd, 8639144.346, 86
Trd, 8639144.546, 84
Trd, 8639144.579, 99
Trd, 8639145.246, 82
Trd, 8639146.079, 132
Trd, 8639146.746, 120
Trd, 8639146.946, 134
Trd, 8639147.812, 124
Trd, 8639147.912, 116
Trd, 8639148.379, 124
Trd, 8639148.712, 120
Trd, 8639148.912, 109
Trd, 8639149.146, 133
Trd, 8639150.012, 116
Trd, 8639150.479, 114
Trd, 8639151.246, 99
Trd, 8639151.346, 96
Trd, 8639151.712, 124
Trd, 8639152.512, 95
Trd, 8639152.946, 94
Trd, 8639153.446, 87
Trd, 8639153.479, 85
Trd, 8639155.079, 96
Trd, 8639155.279, 80
Trd, 8639155.346, 76
Trd, 8639155.679, 94
Trd, 8639156.612, 107
Trd, 8639157.079, 84
Trd, 8639157.612, 120
Trd, 8639157.879, 65
Trd, 8639158.512, 66
Trd, 8639158.579, 78
Trd, 8639158.679, 83
Trd, 8639159.646, 90
Trd, 8639159.912, 94
Trd, 8639160.246, 68
Trd, 8639160.446, 72
Trd, 8639161.046, 123
Trd, 8639161.412, 96
Trd, 8639161.646, 139
Trd, 8639161.946, 87
Trd, 8639162.279, 84
Trd, 8639162.346, 83
Trd, 8639162.379, 80
Trd, 8639163.212, 67
Trd, 8639163.879, 131
Trd, 8639164.079, 122
Trd, 8639164.412, 76
Trd, 8639164.812, 122
Trd, 8639165.379, 67
Trd, 8639165.479, 63
Trd, 8639166.212, 63
Trd, 8639166.412, 76
Trd, 8639166.979, 73
Trd, 8639167.079, 77
Trd, 8639167.379, 101
Trd, 8639168.279, 70
Trd, 8639168.479, 82
Trd, 8639169.646, 61
Trd, 8639170.012, 79
Trd, 8639170.146, 83
Trd, 8639170.679, 109
Trd, 8639171.046, 78
Trd, 8639171.612, 65
Trd, 8639171.846, 79
Trd, 8639172.446, 132
Trd, 8639172.946, 99
Trd, 8639173.212, 127
Trd, 8639173.312, 124
Trd, 8639173.779, 92
Trd, 8639174.312, 67
Trd, 8639174.779, 69
Trd, 8639174.946, 79
Trd, 8639175.146, 139
Trd, 8639175.479, 139
Trd, 8639176.079, 133
Trd, 8639176.179, 116
Trd, 8639176.212, 94
Trd, 8639176.512, 106
Trd, 8639176.579, 95
Trd, 8639177.012, 74
Trd, 8639178.179, 61
Trd, 8639179.046, 83
Trd, 8639179.479, 91
Trd, 8639179.679, 87
Trd, 8639179.746, 102
Trd, 8639180.379, 86
Trd, 8639180.612, 132
Trd, 8639181.212, 96
Trd, 8639181.412, 111
Trd, 8639182.246, 106
Trd, 8639182.612, 88
Trd, 8639182.946, 103
Trd, 8639183.879, 93
Trd, 8639184.146, 93
Trd, 8639184.212, 111
Trd, 8639184.412, 91
Trd, 8639185.879, 139
Trd, 8639186.079, 89
Trd, 8639186.412, 136
Trd, 8639186.879, 105
Trd, 8639187.279, 98
Trd, 8639187.446, 110
Trd, 8639189.112, 113
Trd, 8639189.146, 123
Trd, 8639190.046, 134
Trd, 8639190.212, 133
Trd, 8639190.446, 97
Trd, 8639190.512, 94
Trd, 8639190.646, 91
Trd, 8639191.146, 113
Trd, 8639191.646, 84
Trd, 8639191.679, 82
Trd, 8639192.346, 89
Trd, 8639192.712, 83
Trd, 8639193.046, 66
Trd, 8639193.512, 73
Trd, 8639195.312, 108
Trd, 8639195.746, 107
Trd, 8639196.146, 106
Trd, 8639196.779, 117
Trd, 8639196.912, 105
Trd, 8639196.979, 103
Trd, 8639197.046, 99
Trd, 8639197.146, 89
Trd, 8639198.779, 75
Trd, 8639198.946, 89
Trd, 8639199.012, 84
Trd, 8639199.246, 122
Trd, 8639200.112, 78
Trd, 8639200.246, 84
Trd, 8639201.646, 104
Trd, 8639201.712, 101
Trd, 8639201.812, 101
Trd, 8639202.012, 98
Trd, 8639202.612, 95
Trd, 8639202.712, 89
Trd, 8639202.979, 110
Trd, 8639203.012, 74
Trd, 8639203.179, 69
Trd, 8639204.046, 102
Trd, 8639204.446, 95
Trd, 8639205.312, 88
Trd, 8639205.346, 96
Trd, 8639205.779, 87
Trd, 8639206.146, 78
Trd, 8639206.546, 70
Trd, 8639208.379, 62
Trd, 8639209.112, 76
Trd, 8639209.746, 64
Trd, 8639209.812, 78
Trd, 8639209.879, 78
Trd, 8639210.512, 63
Trd, 8639210.679, 61
Trd, 8639211.246, 71
Trd, 8639211.479, 62
Trd, 8639211.612, 79
Trd, 8639212.879, 77
Trd, 8639213.479, 76
Trd, 8639213.546, 76
Trd, 8639213.579, 77
Trd, 8639214.946, 88
Trd, 8639214.979, 87
Trd, 8639215.646, 94
Trd, 8639216.179, 85
Trd, 8639217.346, 82
Trd, 8639217.412, 103
Trd, 8639217.546, 113
Trd, 8639217.712, 80
Trd, 8639218.846, 125
Trd, 8639219.212, 124
Trd, 8639219.646, 111
Trd, 8639219.912, 88
Trd, 8639220.412, 82
Trd, 8639220.912, 66
Trd, 8639220.979, 117
Trd, 8639221.212, 60
Trd, 8639221.646, 116
Trd, 8639222.512, 77
Trd, 8639222.879, 99
Trd, 8639223.179, 116
Trd, 8639223.412, 102
Trd, 8639224.212, 137
Trd, 8639224.346, 137
Trd, 8639224.546, 136
Trd, 8639225.979, 131
Trd, 8639226.179, 130
Trd, 8639226.546, 135
Trd, 8639226.579, 127
Trd, 8639226.712, 118
Trd, 8639227.712, 88
Trd, 8639228.479, 135
Trd, 8639228.679, 137
Trd, 8639228.946, 132
Trd, 8639229.179, 131
Trd, 8639229.379, 127
Trd, 8639229.979, 107
Trd, 8639230.446, 80
Trd, 8639232.612, 73
Trd, 8639232.879, 87
Trd, 8639233.179, 72
Trd, 8639233.846, 83
Trd, 8639233.879, 92
Trd, 8639234.012, 100
Trd, 8639234.346, 128
Trd, 8639234.412, 81
Trd, 8639235.112, 110
Trd, 8639235.379, 107
Trd, 8639235.879, 102
Trd, 8639236.046, 130
Trd, 8639236.379, 100
Trd, 8639236.612, 116
Trd, 8639236.812, 99
Trd, 8639237.379, 78
Trd, 8639238.146, 103
Trd, 8639238.312, 93
Trd, 8639238.679, 81
Trd, 8639239.346, 79
Trd, 8639239.446, 86
Trd, 8639240.012, 79
Trd, 8639240.279, 77
Trd, 8639240.879, 101
Trd, 8639241.012, 77
Trd, 8639241.279, 76
Trd, 8639243.012, 101
Trd, 8639243.146, 69
Trd, 8639244.179, 68
Trd, 8639244.612, 65
Trd, 8639245.212, 95
Trd, 8639245.512, 80
Trd, 8639245.646, 73
Trd, 8639245.779, 79
Trd, 8639245.912, 98
Trd, 8639247.112, 82
Trd, 8639247.746, 73
Trd, 8639247.779, 71
Trd, 8639248.612, 137
Trd, 8639248.912, 133
Trd, 8639249.446, 86
Trd, 8639249.646, 85
Trd, 8639249.679, 84
Trd, 8639249.846, 67
Trd, 8639250.546, 66
Trd, 8639251.279, 83
Trd, 8639251.712, 77
Trd, 8639252.379, 68
Trd, 8639252.646, 65
Trd, 8639252.812, 101
Trd, 8639252.946, 94
Trd, 8639253.546, 78
Trd, 8639254.012, 70
Trd, 8639254.112, 69
Trd, 8639254.446, 89
Trd, 8639254.479, 111
Trd, 8639255.079, 129
Trd, 8639255.112, 125
Trd, 8639256.079, 136
Trd, 8639256.646, 133
Trd, 8639257.112, 128
Trd, 8639257.312, 122
Trd, 8639257.679, 103
Trd, 8639257.946, 87
Trd, 8639258.646, 81
Trd, 8639258.846, 78
Trd, 8639259.212, 77
Trd, 8639259.679, 97
Trd, 8639259.779, 104
Trd, 8639260.112, 74
Trd, 8639260.279, 92
Trd, 8639261.112, 88
Trd, 8639261.246, 87
Trd, 8639261.646, 68
Trd, 8639262.512, 139
Trd, 8639263.079, 140
Trd, 8639263.412, 140
Trd, 8639263.446, 135
Trd, 8639263.546, 132
Trd, 8639264.912, 95
Trd, 8639264.979, 90
Trd, 8639265.412, 115
Trd, 8639265.546, 106
Trd, 8639265.979, 140
Trd, 8639266.346, 140
Trd, 8639266.846, 92
Trd, 8639266.946, 89
Trd, 8639267.146, 86
Trd, 8639267.479, 92
Trd, 8639267.612, 130
Trd, 8639269.379, 138
Trd, 8639269.712, 123
Trd, 8639269.779, 122
Trd, 8639270.712, 125
Trd, 8639271.512, 118
Trd, 8639271.579, 118
Trd, 8639271.612, 115
Trd, 8639271.646, 127
Trd, 8639272.279, 69
Trd, 8639273.679, 61
Trd, 8639274.246, 60
Trd, 8639274.979, 65
Trd, 8639275.146, 64
Trd, 8639275.646, 80
Trd, 8639275.812, 84
Trd, 8639275.979, 65
Trd, 8639276.679, 72
Trd, 8639276.912, 101
Trd, 8639277.579, 96
Trd, 8639277.712, 104
Trd, 8639277.746, 93
Trd, 8639277.979, 96
Trd, 8639278.246, 93
Trd, 8639278.612, 126
Trd, 8639279.346, 134
Trd, 8639280.112, 130
Trd, 8639280.179, 129
Trd, 8639280.379, 124
Trd, 8639280.679, 90
Trd, 8639280.746, 86
Trd, 8639281.712, 124
Trd, 8639282.146, 102
Trd, 8639282.979, 101
Trd, 8639283.046, 110
Trd, 8639283.146, 100
Trd, 8639283.912, 138
Trd, 8639283.946, 134
Trd, 8639284.046, 123
Trd, 8639284.479, 99
Trd, 8639284.646, 86
Trd, 8639284.879, 118
Trd, 8639285.912, 62
Trd, 8639286.012, 94
Trd, 8639286.046, 95
Trd, 8639286.112, 69
Trd, 8639286.579, 66
Trd, 8639287.212, 61
Trd, 8639287.712, 65
Trd, 8639287.946, 63
Trd, 8639288.246, 97
Trd, 8639289.579, 94
Trd, 8639289.746, 121
Trd, 8639289.879, 68
Trd, 8639290.579, 123
Trd, 8639291.046, 109
Trd, 8639291.146, 68
Trd, 8639291.446, 139
Trd, 8639292.879, 128
Trd, 8639293.079, 128
Trd, 8639293.712, 140
Trd, 8639293.912, 123
Trd, 8639293.979, 119
Trd, 8639294.212, 112
Trd, 8639294.379, 81
Trd, 8639294.946, 116
Trd, 8639294.979, 99
Trd, 8639295.546, 107
Trd, 8639295.879, 89
Trd, 8639296.912, 137
Trd, 8639297.446, 140
Trd, 8639298.346, 128
Trd, 8639298.412, 127
Trd, 8639298.446, 114
Trd, 8639298.479, 98
Trd, 8639299.079, 120
Trd, 8639299.279, 115
Trd, 8639299.479, 65
Trd, 8639300.346, 89
Trd, 8639300.379, 82
Trd, 8639300.546, 93
Trd, 8639301.312, 139
Trd, 8639301.446, 88
Trd, 8639302.112, 102
Trd, 8639302.146, 95
Trd, 8639302.812, 97
Trd, 8639303.412, 111
Trd, 8639303.979, 124
Trd, 8639304.046, 123
Trd, 8639304.279, 103
Trd, 8639304.746, 84
Trd, 8639305.279, 89
Trd, 8639305.512, 82
Trd, 8639305.779, 82
Trd, 8639306.812, 102
Trd, 8639307.546, 133
Trd, 8639308.612, 79
Trd, 8639308.712, 73
Trd, 8639308.912, 78
Trd, 8639308.946, 77
Trd, 8639309.079, 73
Trd, 8639309.412, 86
Trd, 8639310.246, 117
Trd, 8639310.412, 103
Trd, 8639310.646, 95
Trd, 8639311.012, 118
Trd, 8639311.546, 68
Trd, 8639311.879, 123
Trd, 8639312.146, 110
Trd, 8639312.846, 123
Trd, 8639313.046, 119
Trd, 8639313.179, 87
Trd, 8639313.912, 64
Trd, 8639314.446, 140
Trd, 8639314.912, 108
Trd, 8639316.112, 70
Trd, 8639316.446, 134
Trd, 8639316.479, 133
Trd, 8639316.579, 131
Trd, 8639317.579, 69
Trd, 8639317.846, 68
Trd, 8639317.912, 75
Trd, 8639318.446, 138
Trd, 8639318.512, 125
Trd, 8639318.712, 124
Trd, 8639318.746, 120
Trd, 8639319.546, 89
Trd, 8639320.179, 87
Trd, 8639320.212, 86
Trd, 8639321.646, 60
Trd, 8639321.779, 67
Trd, 8639322.379, 69
Trd, 8639322.612, 81
Trd, 8639322.812, 94
Trd, 8639323.146, 107
Trd, 8639324.146, 116
Trd, 8639324.846, 76
Trd, 8639324.912, 76
Trd, 8639325.679, 77
Trd, 8639325.712, 77
Trd, 8639326.379, 92
Trd, 8639326.546, 106
Trd, 8639326.979, 84
Trd, 8639327.412, 67
Trd, 8639328.279, 70
Trd, 8639328.312, 95
Trd, 8639328.446, 61
Trd, 8639329.979, 70
Trd, 8639330.279, 118
Trd, 8639330.746, 129
Trd, 8639331.246, 105
Trd, 8639331.679, 124
Trd, 8639331.779, 104
Trd, 8639332.746, 105
Trd, 8639332.846, 104
Trd, 8639333.279, 98
Trd, 8639333.312, 98
Trd, 8639333.546, 93
Trd, 8639333.579, 98
Trd, 8639333.779, 88
Trd, 8639334.112, 138
Trd, 8639335.179, 140
Trd, 8639335.412, 140
Trd, 8639337.279, 137
Trd, 8639337.612, 140
Trd, 8639338.046, 138
Trd, 8639338.279, 133
Trd, 8639338.846, 125
Trd, 8639339.246, 109
Trd, 8639339.379, 107
Trd, 8639339.612, 106
Trd, 8639339.912, 100
Trd, 8639340.312, 108
Trd, 8639340.512, 105
Trd, 8639340.546, 102
Trd, 8639341.179, 99
Trd, 8639341.546, 76
Trd, 8639341.779, 68
Trd, 8639342.179, 99
Trd, 8639343.146, 60
Trd, 8639343.346, 60
Trd, 8639344.046, 66
Trd, 8639344.579, 64
Trd, 8639344.812, 94
Trd, 8639345.312, 94
Trd, 8639345.512, 97
Trd, 8639345.812, 91
Trd, 8639346.146, 103
Trd, 8639346.246, 91
Trd, 8639346.912, 88
Trd, 8639347.646, 121
Trd, 8639348.246, 138
Trd, 8639349.046, 118
Trd, 8639349.646, 115
Trd, 8639349.812, 113
Trd, 8639349.946, 140
Trd, 8639350.379, 88
Trd, 8639350.846, 129
Trd, 8639350.879, 128
Trd, 8639351.312, 77
Trd, 8639351.979, 79
Trd, 8639352.579, 77
Trd, 8639353.612, 85
Trd, 8639353.712, 76
Trd, 8639353.779, 77
Trd, 8639353.812, 76
Trd, 8639354.912, 74
Trd, 8639355.212, 93
Trd, 8639355.479, 82
Trd, 8639356.112, 89
Trd, 8639356.279, 74
Trd, 8639356.479, 137
Trd, 8639357.046, 85
Trd, 8639357.112, 93
Trd, 8639357.246, 62
Trd, 8639358.046, 91
Trd, 8639359.679, 71
Trd, 8639360.212, 60
Trd, 8639360.379, 64
Trd, 8639360.446, 66
Trd, 8639360.612, 68
Trd, 8639361.946, 67
Trd, 8639362.046, 85
Trd, 8639362.512, 67
Trd, 8639362.612, 61
Trd, 8639362.846, 89
Trd, 8639363.812, 115
Trd, 8639363.946, 80
Trd, 8639364.212, 60
Trd, 8639365.212, 64
Trd, 8639365.246, 71
Trd, 8639365.279, 73
Trd, 8639365.512, 108
Trd, 8639366.446, 108
Trd, 8639366.679, 73
Trd, 8639368.146, 68
Trd, 8639369.146, 68
Trd, 8639369.346, 138
Trd, 8639369.412, 67
Trd, 8639369.779, 68
Trd, 8639370.079, 106
Trd, 8639370.212, 66
Trd, 8639370.946, 68
Trd, 8639371.046, 105
Trd, 8639371.246, 62
Trd, 8639371.746, 62
Trd, 8639372.879, 68
Trd, 8639372.979, 77
Trd, 8639373.112, 83
Trd, 8639374.546, 65
Trd, 8639374.946, 70
Trd, 8639375.112, 68
Trd, 8639375.612, 73
Trd, 8639376.812, 76
Trd, 8639376.946, 78
Trd, 8639377.179, 92
Trd, 8639377.612, 96
Trd, 8639378.779, 113
Trd, 8639378.812, 108
Trd, 8639378.846, 119
Trd, 8639379.546, 107
Trd, 8639379.612, 108
Trd, 8639379.812, 105
Trd, 8639379.946, 127
Trd, 8639380.112, 105
Trd, 8639380.646, 118
Trd, 8639381.212, 101
Trd, 8639381.346, 94
Trd, 8639381.679, 94
Trd, 8639381.946, 93
Trd, 8639382.346, 119
Trd, 8639383.412, 100
Trd, 8639383.646, 118
Trd, 8639383.812, 99
Trd, 8639384.812, 99
Trd, 8639385.079, 93
Trd, 8639385.146, 85
Trd, 8639385.179, 84
Trd, 8639385.446, 83
Trd, 8639385.579, 107
Trd, 8639386.579, 134
Trd, 8639387.112, 136
Trd, 8639387.246, 73
Trd, 8639387.946, 67
Trd, 8639388.312, 75
Trd, 8639389.279, 82
Trd, 8639389.646, 60
Trd, 8639390.246, 90
Trd, 8639390.812, 81
Trd, 8639390.912, 108
Trd, 8639391.512, 66
Trd, 8639391.612, 68
Trd, 8639391.879, 110
Trd, 8639392.446, 60
Trd, 8639392.546, 67
Trd, 8639392.646, 68
Trd, 8639394.312, 71
Trd, 8639394.912, 70
Trd, 8639395.146, 77
Trd, 8639395.346, 82
Trd, 8639395.479, 67
Trd, 8639395.579, 66
Trd, 8639396.346, 140
Trd, 8639396.512, 140
Trd, 8639396.612, 110
Trd, 8639396.912, 137
Trd, 8639397.379, 119
Trd, 8639398.446, 121
Trd, 8639398.579, 113
Trd, 8639398.712, 87
Trd, 8639399.479, 107
Trd, 8639399.546, 96
Trd, 8639399.879, 117
Trd, 8639400.046, 88
Trd, 8639400.479, 120
Trd, 8639401.112, 104
Trd, 8639401.779, 98
Trd, 8639401.879, 96
Trd, 8639402.246, 75
Trd, 8639402.646, 74
Trd, 8639403.279, 104
Trd, 8639403.779, 84
Trd, 8639404.246, 92
Trd, 8639404.379, 81
Trd, 8639404.779, 79
Trd, 8639404.946, 78
Trd, 8639405.879, 61
Trd, 8639406.012, 74
Trd, 8639406.046, 76
Trd, 8639406.412, 62
Trd, 8639406.746, 81
Trd, 8639407.079, 113
Trd, 8639407.446, 88
Trd, 8639407.646, 95
Trd, 8639408.912, 96
Trd, 8639409.712, 71
Trd, 8639410.412, 138
Trd, 8639410.579, 118
Trd, 8639410.746, 92
Trd, 8639410.912, 92
Trd, 8639411.612, 107
Trd, 8639411.746, 126
Trd, 8639412.479, 94
Trd, 8639412.546, 98
Trd, 8639413.179, 92
Trd, 8639413.379, 113
Trd, 8639413.479, 89
Trd, 8639413.912, 120
Trd, 8639414.012, 109
Trd, 8639414.279, 133
Trd, 8639414.312, 128
Trd, 8639415.346, 72
Trd, 8639415.612, 76
Trd, 8639416.512, 93
Trd, 8639416.546, 73
Trd, 8639418.112, 87
Trd, 8639418.212, 76
Trd, 8639418.512, 76
Trd, 8639419.479, 139
Trd, 8639419.846, 88
Trd, 8639420.312, 95
Trd, 8639420.746, 96
Trd, 8639420.946, 87
Trd, 8639421.479, 86
Trd, 8639421.579, 85
Trd, 8639422.312, 88
Trd, 8639422.612, 87
Trd, 8639422.679, 86
Trd, 8639423.246, 114
Trd, 8639423.846, 113
Trd, 8639424.312, 102
Trd, 8639424.412, 102
Trd, 8639424.646, 110
Trd, 8639425.312, 102
Trd, 8639425.346, 101
Trd, 8639425.912, 137
Trd, 8639426.212, 98
Trd, 8639426.446, 111
Trd, 8639426.979, 98
Trd, 8639427.346, 135
Trd, 8639427.712, 129
Trd, 8639427.746, 126
Trd, 8639428.479, 103
Trd, 8639429.746, 96
Trd, 8639430.112, 108
Trd, 8639430.979, 123
Trd, 8639431.112, 122
Trd, 8639431.246, 109
Trd, 8639431.812, 94
Trd, 8639432.012, 91
Trd, 8639432.379, 115
Trd, 8639432.979, 124
Trd, 8639433.079, 104
Trd, 8639433.112, 69
Trd, 8639433.879, 99
Trd, 8639434.046, 132
Trd, 8639434.646, 98
Trd, 8639435.246, 97
Trd, 8639435.346, 90
Trd, 8639435.379, 86
Trd, 8639435.646, 121
Trd, 8639435.679, 70
Trd, 8639436.746, 67
Trd, 8639436.846, 62
Trd, 8639437.112, 99
Trd, 8639437.146, 90
Trd, 8639437.746, 77
Trd, 8639438.446, 62
Trd, 8639439.779, 85
Trd, 8639440.279, 138
Trd, 8639440.946, 126
Trd, 8639441.012, 123
Trd, 8639441.112, 97
Trd, 8639441.612, 97
Trd, 8639442.379, 96
Trd, 8639442.546, 93
Trd, 8639443.112, 94
Trd, 8639443.612, 124
Trd, 8639443.712, 115
Trd, 8639445.012, 108
Trd, 8639445.279, 102
Trd, 8639445.512, 110
Trd, 8639445.679, 101
Trd, 8639445.812, 101
Trd, 8639446.446, 139
Trd, 8639446.612, 106
Trd, 8639446.812, 104
Trd, 8639446.946, 102
Trd, 8639447.012, 99
Trd, 8639447.379, 63
Trd, 8639447.646, 74
Trd, 8639448.379, 108
Trd, 8639448.912, 117
Trd, 8639450.179, 140
Trd, 8639450.279, 136
Trd, 8639450.979, 128
Trd, 8639451.279, 124
Trd, 8639451.546, 117
Trd, 8639451.946, 120
Trd, 8639452.446, 81
Trd, 8639452.612, 73
Trd, 8639452.646, 72
Trd, 8639453.279, 67
Trd, 8639454.046, 83
Trd, 8639454.812, 93
Trd, 8639455.112, 110
Trd, 8639455.212, 126
Trd, 8639455.546, 93
Trd, 8639456.012, 134
Trd, 8639456.412, 137
Trd, 8639456.612, 129
Trd, 8639457.179, 84
Trd, 8639457.546, 93
Trd, 8639458.279, 104
Trd, 8639458.612, 101
Trd, 8639459.312, 97
Trd, 8639459.379, 100
Trd, 8639459.546, 102
Trd, 8639459.746, 103
Trd, 8639460.546, 112
Trd, 8639460.779, 96
Trd, 8639461.179, 95
Trd, 8639462.012, 113
Trd, 8639462.146, 93
Trd, 8639462.179, 92
Trd, 8639462.412, 87
Trd, 8639462.479, 84
Trd, 8639463.412, 113
Trd, 8639463.746, 136
Trd, 8639463.979, 102
Trd, 8639464.046, 91
Trd, 8639464.612, 73
Trd, 8639466.012, 109
Trd, 8639466.079, 105
Trd, 8639466.746, 124
Trd, 8639466.946, 121
Trd, 8639467.246, 116
Trd, 8639467.546, 103
Trd, 8639467.746, 139
Trd, 8639467.779, 87
Trd, 8639468.446, 115
Trd, 8639468.846, 112
Trd, 8639470.046, 137
Trd, 8639470.079, 136
Trd, 8639470.212, 82
Trd, 8639470.412, 91
Trd, 8639471.246, 139
Trd, 8639471.512, 125
Trd, 8639471.979, 106
Trd, 8639472.046, 89
Trd, 8639473.179, 140
Trd, 8639474.046, 130
Trd, 8639474.079, 129
Trd, 8639474.712, 96
Trd, 8639475.046, 88
Trd, 8639475.279, 85
Trd, 8639475.779, 133
Trd, 8639476.079, 127
Trd, 8639476.112, 123
Trd, 8639476.746, 97
Trd, 8639477.412, 67
Trd, 8639478.379, 96
Trd, 8639478.912, 121
Trd, 8639479.112, 119
Trd, 8639479.646, 121
Trd, 8639480.712, 120
Trd, 8639481.012, 121
Trd, 8639481.212, 120
Trd, 8639481.379, 116
Trd, 8639481.512, 108
Trd, 8639481.946, 102
Trd, 8639482.246, 78
Trd, 8639483.146, 138
Trd, 8639483.412, 134
Trd, 8639483.579, 138
Trd, 8639483.712, 131
Trd, 8639483.812, 130
Trd, 8639484.312, 133
Trd, 8639485.212, 108
Trd, 8639485.379, 101
Trd, 8639485.446, 90
Trd, 8639485.579, 129
Trd, 8639486.246, 125
Trd, 8639486.712, 124
Trd, 8639486.846, 121
Trd, 8639486.946, 98
Trd, 8639487.912, 113
Trd, 8639488.212, 124
Trd, 8639488.646, 99
Trd, 8639489.312, 98
Trd, 8639489.679, 86
Trd, 8639490.512, 113
Trd, 8639490.646, 77
Trd, 8639490.712, 118
Trd, 8639490.879, 83
Trd, 8639491.246, 60
Trd, 8639491.779, 61
Trd, 8639491.946, 65
Trd, 8639492.079, 78
Trd, 8639492.712, 79
Trd, 8639493.946, 110
Trd, 8639495.012, 133
Trd, 8639495.179, 120
Trd, 8639495.346, 118
Trd, 8639495.579, 118
Trd, 8639496.012, 138
Trd, 8639496.046, 117
Trd, 8639496.979, 71
Trd, 8639497.012, 72
Trd, 8639497.746, 83
Trd, 8639498.146, 66
Trd, 8639498.679, 87
Trd, 8639498.746, 89
Trd, 8639499.212, 136
Trd, 8639499.912, 112
Trd, 8639500.446, 139
Trd, 8639500.646, 124
Trd, 8639500.812, 123
Trd, 8639500.946, 136
Trd, 8639501.512, 120
Trd, 8639502.179, 118
Trd, 8639502.446, 117
Trd, 8639503.246, 132
Trd, 8639503.812, 115
Trd, 8639504.179, 109
Trd, 8639504.246, 108
Trd, 8639504.279, 100
Trd, 8639505.079, 107
Trd, 8639506.212, 132
Trd, 8639506.412, 128
Trd, 8639506.512, 119
Trd, 8639507.012, 99
Trd, 8639507.479, 96
Trd, 8639507.512, 87
Trd, 8639507.779, 131
Trd, 8639507.812, 75
Trd, 8639507.946, 62
Trd, 8639509.512, 71
Trd, 8639509.846, 132
Trd, 8639510.446, 102
Trd, 8639510.646, 101
Trd, 8639510.946, 105
Trd, 8639511.046, 104
Trd, 8639512.079, 98
Trd, 8639512.379, 106
Trd, 8639513.212, 94
Trd, 8639514.379, 136
Trd, 8639514.412, 135
Trd, 8639514.679, 122
Trd, 8639515.046, 109
Trd, 8639515.546, 106
Trd, 8639515.679, 105
Trd, 8639515.712, 124
Trd, 8639516.412, 137
Trd, 8639516.546, 132
Trd, 8639516.879, 135
Trd, 8639517.046, 111
Trd, 8639518.012, 132
Trd, 8639518.346, 80
Trd, 8639519.079, 120
Trd, 8639519.312, 112
Trd, 8639520.346, 65
Trd, 8639520.379, 123
Trd, 8639521.312, 69
Trd, 8639521.646, 89
Trd, 8639521.879, 67
Trd, 8639522.746, 77
Trd, 8639523.112, 81
Trd, 8639523.279, 77
Trd, 8639523.479, 77
Trd, 8639523.712, 76
Trd, 8639523.846, 127
Trd, 8639524.179, 64
Trd, 8639524.279, 68
Trd, 8639525.912, 68
Trd, 8639526.446, 78
Trd, 8639526.579, 101
Trd, 8639526.746, 88
Trd, 8639526.946, 113
Trd, 8639528.012, 74
Trd, 8639528.446, 73
Trd, 8639528.679, 129
Trd, 8639529.212, 119
Trd, 8639530.046, 74
Trd, 8639530.212, 82
Trd, 8639531.312, 80
Trd, 8639531.512, 96
Trd, 8639531.579, 75
Trd, 8639531.779, 81
Trd, 8639532.046, 65
Trd, 8639532.112, 67
Trd, 8639532.546, 63
Trd, 8639532.946, 64
Trd, 8639533.379, 70
Trd, 8639533.846, 91
Trd, 8639535.146, 66
Trd, 8639536.212, 63
Trd, 8639536.446, 83
Trd, 8639537.346, 64
Trd, 8639538.346, 60
Trd, 8639538.879, 61
Trd, 8639538.946, 62
Trd, 8639539.379, 63
Trd, 8639539.946, 67
Trd, 8639541.079, 80
Trd, 8639541.146, 133
Trd, 8639541.379, 113
Trd, 8639541.446, 77
Trd, 8639541.612, 73
Trd, 8639541.646, 69
Trd, 8639542.779, 104
Trd, 8639542.812, 103
Trd, 8639543.412, 105
Trd, 8639543.712, 77
Trd, 8639543.946, 75
Trd, 8639544.346, 135
Trd, 8639545.112, 95
Trd, 8639545.279, 107
Trd, 8639545.312, 94
Trd, 8639545.746, 91
Trd, 8639546.212, 86
Trd, 8639546.646, 77
Trd, 8639547.079, 77
Trd, 8639547.612, 88
Trd, 8639547.879, 86
Trd, 8639548.079, 130
Trd, 8639548.112, 82
Trd, 8639548.312, 68
Trd, 8639549.379, 108
Trd, 8639550.012, 137
Trd, 8639550.079, 106
Trd, 8639550.146, 105
Trd, 8639550.312, 94
Trd, 8639550.746, 84
Trd, 8639551.412, 118
Trd, 8639551.512, 136
Trd, 8639552.212, 103
Trd, 8639552.679, 97
Trd, 8639553.112, 115
Trd, 8639553.646, 105
Trd, 8639554.012, 80
Trd, 8639554.412, 80
Trd, 8639554.712, 73
Trd, 8639555.179, 95
Trd, 8639555.879, 61
Trd, 8639556.979, 60
Trd, 8639557.712, 87
Trd, 8639558.412, 124
Trd, 8639558.679, 121
Trd, 8639558.712, 120
Trd, 8639558.979, 119
Trd, 8639559.679, 119
Trd, 8639560.312, 129
Trd, 8639560.679, 139
Trd, 8639561.279, 129
Trd, 8639562.212, 120
Trd, 8639562.346, 120
Trd, 8639562.579, 113
Trd, 8639563.246, 105
Trd, 8639563.612, 85
Trd, 8639563.679, 79
Trd, 8639564.112, 140
Trd, 8639564.779, 140
Trd, 8639566.312, 117
Trd, 8639566.546, 116
Trd, 8639566.579, 116
Trd, 8639566.779, 112
Trd, 8639567.612, 138
Trd, 8639569.279, 103
Trd, 8639569.479, 93
Trd, 8639569.779, 122
Trd, 8639570.046, 111
Trd, 8639570.079, 86
Trd, 8639570.412, 105
Trd, 8639571.179, 102
Trd, 8639571.446, 81
Trd, 8639571.479, 123
Trd, 8639571.512, 67
Trd, 8639572.446, 80
Trd, 8639572.746, 85
Trd, 8639572.946, 101
Trd, 8639573.212, 67
Trd, 8639573.912, 102
Trd, 8639574.146, 70
Trd, 8639575.379, 61
Trd, 8639576.212, 74
Trd, 8639576.846, 75
Trd, 8639577.179, 96
Trd, 8639577.446, 78
Trd, 8639578.146, 87
Trd, 8639578.812, 60
Trd, 8639579.246, 60
Trd, 8639579.746, 64
Trd, 8639579.879, 65
Trd, 8639580.279, 67
Trd, 8639580.312, 66
Trd, 8639581.179, 101
Trd, 8639581.346, 99
Trd, 8639581.612, 98
Trd, 8639581.879, 100
Trd, 8639582.346, 64
Trd, 8639582.546, 67
Trd, 8639583.179, 64
Trd, 8639583.279, 63
Trd, 8639583.446, 90
Trd, 8639584.312, 101
Trd, 8639584.479, 137
Trd, 8639585.012, 79
Trd, 8639586.179, 74
Trd, 8639586.912, 63
Trd, 8639587.112, 64
Trd, 8639587.279, 117
Trd, 8639588.046, 72
Trd, 8639589.079, 60
Trd, 8639589.712, 61
Trd, 8639589.746, 66
Trd, 8639590.246, 138
Trd, 8639590.312, 136
Trd, 8639590.346, 123
Trd, 8639590.579, 121
Trd, 8639590.612, 118
Trd, 8639590.946, 113
Trd, 8639591.579, 67
Trd, 8639593.212, 131
Trd, 8639593.279, 127
Trd, 8639593.746, 121
Trd, 8639594.246, 125
Trd, 8639594.379, 120
Trd, 8639594.412, 119
Trd, 8639594.512, 118
Trd, 8639594.546, 112
Trd, 8639594.712, 86
Trd, 8639594.912, 104
Trd, 8639595.446, 71
Trd, 8639595.646, 126
Trd, 8639596.512, 60
Trd, 8639597.979, 72
Trd, 8639598.546, 74
Trd, 8639599.412, 72
Trd, 8639599.446, 77
Trd, 8639599.679, 71
Trd, 8639600.312, 69
Trd, 8639600.512, 88
Trd, 8639600.779, 70
Trd, 8639601.179, 77
Trd, 8639602.046, 65
Trd, 8639602.279, 73
Trd, 8639602.979, 65
Trd, 8639603.046, 62
Trd, 8639603.146, 60
Trd, 8639604.246, 66
Trd, 8639604.979, 72
Trd, 8639605.379, 68
Trd, 8639606.246, 66
Trd, 8639606.312, 83
Trd, 8639606.712, 60
Trd, 8639607.846, 72
Trd, 8639608.479, 60
Trd, 8639608.979, 60
Trd, 8639609.479, 65
Trd, 8639610.246, 68
Trd, 8639610.746, 60
Trd, 8639610.846, 62
Trd, 8639610.912, 93
Trd, 8639611.612, 61
Trd, 8639612.679, 70
Trd, 8639613.346, 64
Trd, 8639613.979, 61
Trd, 8639614.246, 72
Trd, 8639614.479, 67
Trd, 8639615.279, 62
Trd, 8639616.012, 60
Trd, 8639616.046, 62
Trd, 8639616.079, 71
Trd, 8639616.746, 70
Trd, 8639616.812, 72
Trd, 8639617.846, 62
Trd, 8639618.846, 70
Trd, 8639619.046, 124
Trd, 8639619.112, 94
Trd, 8639619.346, 76
Trd, 8639619.712, 71
Trd, 8639620.112, 63
Trd, 8639620.312, 66
Trd, 8639621.379, 62
Trd, 8639621.512, 90
Trd, 8639622.579, 69
Trd, 8639623.046, 66
Trd, 8639623.146, 63
Trd, 8639623.446, 76
Trd, 8639624.112, 83
Trd, 8639624.646, 68
Trd, 8639625.179, 70
Trd, 8639625.379, 78
Trd, 8639626.612, 89
Trd, 8639626.679, 76
Trd, 8639627.079, 106
Trd, 8639627.512, 75
Trd, 8639628.112, 106
Trd, 8639628.446, 90
Trd, 8639628.512, 114
Trd, 8639628.979, 116
Trd, 8639629.046, 73
Trd, 8639629.546, 128
Trd, 8639629.946, 72
Trd, 8639630.046, 103
Trd, 8639630.812, 68
Trd, 8639630.946, 70
Trd, 8639631.379, 69
Trd, 8639632.212, 71
Trd, 8639632.412, 71
Trd, 8639633.312, 98
Trd, 8639633.346, 83
Trd, 8639633.979, 82
Trd, 8639634.112, 87
Trd, 8639634.479, 103
Trd, 8639634.546, 111
Trd, 8639635.512, 60
Trd, 8639635.912, 86
Trd, 8639636.312, 89
Trd, 8639637.646, 71
Trd, 8639637.746, 72
Trd, 8639638.279, 60
Trd, 8639638.812, 83
Trd, 8639639.046, 75
Trd, 8639639.612, 125
Trd, 8639639.646, 96
Trd, 8639639.879, 128
Trd, 8639640.079, 95
Trd, 8639640.446, 89
Trd, 8639640.679, 88
Trd, 8639640.812, 97
Trd, 8639640.979, 87
Trd, 8639641.379, 124
Trd, 8639641.712, 106
Trd, 8639641.746, 105
Trd, 8639642.412, 103
Trd, 8639643.546, 106
Trd, 8639643.679, 105
Trd, 8639644.146, 92
Trd, 8639644.212, 108
Trd, 8639644.312, 79
Trd, 8639645.046, 75
Trd, 8639645.779, 61
Trd, 8639646.112, 66
Trd, 8639647.079, 100
Trd, 8639647.579, 98
Trd, 8639647.646, 85
Trd, 8639648.146, 132
Trd, 8639648.479, 79
Trd, 8639649.146, 67
Trd, 8639649.312, 98
Trd, 8639649.746, 65
Trd, 8639649.846, 69
Trd, 8639650.446, 61
Trd, 8639650.512, 63
Trd, 8639650.746, 123
Trd, 8639652.046, 116
Trd, 8639652.646, 115
Trd, 8639653.346, 138
Trd, 8639653.546, 133
Trd, 8639653.812, 134
Trd, 8639654.612, 127
Trd, 8639654.912, 118
Trd, 8639655.246, 117
Trd, 8639655.346, 115
Trd, 8639655.412, 110
Trd, 8639655.912, 104
Trd, 8639655.946, 101
Trd, 8639656.179, 85
Trd, 8639657.379, 117
Trd, 8639658.779, 74
Trd, 8639658.879, 65
Trd, 8639658.979, 65
Trd, 8639659.146, 78
Trd, 8639659.779, 83
Trd, 8639659.979, 83
Trd, 8639660.246, 87
Trd, 8639660.512, 106
Trd, 8639661.646, 136
Trd, 8639661.746, 135
Trd, 8639662.146, 133
Trd, 8639662.379, 131
Trd, 8639662.679, 124
Trd, 8639663.079, 133
Trd, 8639663.112, 128
Trd, 8639663.879, 119
Trd, 8639664.512, 83
Trd, 8639664.612, 80
Trd, 8639664.912, 75
Trd, 8639665.212, 86
Trd, 8639665.912, 103
Trd, 8639666.712, 62
Trd, 8639666.979, 98
Trd, 8639667.179, 68
Trd, 8639667.579, 67
Trd, 8639667.679, 111
Trd, 8639667.979, 125
Trd, 8639668.012, 85
Trd, 8639668.446, 89
Trd, 8639669.212, 72
Trd, 8639669.346, 73
Trd, 8639669.846, 71
Trd, 8639670.146, 140
Trd, 8639670.379, 135
Trd, 8639671.379, 133
Trd, 8639671.512, 137
Trd, 8639671.612, 132
Trd, 8639672.679, 131
Trd, 8639673.012, 123
Trd, 8639673.246, 115
Trd, 8639673.546, 137
Trd, 8639674.746, 110
Trd, 8639674.812, 91
Trd, 8639675.212, 90
Trd, 8639675.579, 89
Trd, 8639676.746, 97
Trd, 8639677.179, 112
Trd, 8639677.712, 115
Trd, 8639677.812, 107
Trd, 8639677.946, 105
Trd, 8639678.012, 84
Trd, 8639678.679, 113
Trd, 8639679.012, 112
Trd, 8639679.346, 108
Trd, 8639679.512, 83
Trd, 8639680.212, 75
Trd, 8639681.012, 77
Trd, 8639681.312, 60
Trd, 8639681.479, 63
Trd, 8639681.712, 85
Trd, 8639681.846, 104
Trd, 8639682.412, 132
Trd, 8639682.712, 130
Trd, 8639683.046, 104
Trd, 8639683.612, 73
Trd, 8639684.246, 82
Trd, 8639684.346, 71
Trd, 8639686.046, 115
Trd, 8639686.312, 91
Trd, 8639686.746, 91
Trd, 8639687.046, 115
Trd, 8639687.979, 119
Trd, 8639688.179, 100
Trd, 8639688.546, 100
Trd, 8639688.579, 89
Trd, 8639688.612, 67
Trd, 8639689.079, 124
Trd, 8639689.279, 121
Trd, 8639689.779, 72
Trd, 8639690.146, 67
Trd, 8639691.212, 77
Trd, 8639691.346, 80
Trd, 8639691.846, 128
Trd, 8639692.012, 88
Trd, 8639692.379, 82
Trd, 8639692.512, 74
Trd, 8639693.446, 96
Trd, 8639694.212, 130
Trd, 8639694.346, 118
Trd, 8639694.546, 93
Trd, 8639695.446, 88
Trd, 8639695.479, 84
Trd, 8639696.312, 118
Trd, 8639697.546, 79
Trd, 8639697.612, 77
Trd, 8639697.746, 72
Trd, 8639698.579, 82
Trd, 8639698.746, 86
Trd, 8639699.079, 85
Trd, 8639699.579, 77
Trd, 8639699.879, 119
Trd, 8639699.946, 75
Trd, 8639700.046, 67
Trd, 8639700.246, 83
Trd, 8639700.679, 90
Trd, 8639700.846, 60
Trd, 8639701.812, 63
Trd, 8639702.179, 89
Trd, 8639702.312, 91
Trd, 8639702.612, 126
Trd, 8639702.812, 88
Trd, 8639703.512, 65
Trd, 8639703.946, 62
Trd, 8639704.546, 63
Trd, 8639704.746, 62
Trd, 8639705.512, 62
Trd, 8639706.212, 68
Trd, 8639706.712, 82
Trd, 8639706.779, 87
Trd, 8639707.179, 87
Trd, 8639707.212, 92
Trd, 8639707.379, 104
Trd, 8639708.012, 77
Trd, 8639708.746, 75
Trd, 8639708.812, 72
Trd, 8639709.646, 131
Trd, 8639709.712, 119
Trd, 8639710.846, 65
Trd, 8639710.946, 65
Trd, 8639711.112, 131
Trd, 8639712.079, 97
Trd, 8639712.579, 75
Trd, 8639713.112, 68
Trd, 8639713.146, 79
Trd, 8639714.379, 61
Trd, 8639714.746, 68
Trd, 8639715.212, 71
Trd, 8639715.279, 93
Trd, 8639715.312, 69
Trd, 8639715.579, 107
Trd, 8639716.579, 101
Trd, 8639716.846, 100
Trd, 8639717.079, 79
Trd, 8639718.212, 80
Trd, 8639719.346, 120
Trd, 8639719.479, 117
Trd, 8639719.746, 103
Trd, 8639720.212, 94
Trd, 8639720.579, 90
Trd, 8639720.679, 108
Trd, 8639721.079, 122
Trd, 8639721.379, 89
Trd, 8639721.746, 99
Trd, 8639722.712, 114
Trd, 8639722.812, 99
Trd, 8639722.946, 124
Trd, 8639723.279, 67
Trd, 8639723.546, 66
Trd, 8639724.779, 104
Trd, 8639724.946, 113
Trd, 8639725.079, 104
Trd, 8639725.346, 91
Trd, 8639725.379, 96
Trd, 8639726.146, 133
Trd, 8639726.812, 97
Trd, 8639727.012, 97
Trd, 8639727.279, 98
Trd, 8639727.446, 95
Trd, 8639727.546, 86
Trd, 8639727.579, 104
Trd, 8639728.212, 140
Trd, 8639728.779, 85
Trd, 8639728.979, 101
Trd, 8639729.412, 115
Trd, 8639730.012, 100
Trd, 8639730.612, 136
Trd, 8639731.079, 108
Trd, 8639731.379, 107
Trd, 8639731.612, 140
Trd, 8639732.579, 139
Trd, 8639732.979, 108
Trd, 8639733.646, 105
Trd, 8639733.846, 101
Trd, 8639734.146, 100
Trd, 8639734.312, 88
Trd, 8639734.879, 78
Trd, 8639735.379, 98
Trd, 8639735.579, 99
Trd, 8639735.979, 115
Trd, 8639736.112, 95
Trd, 8639737.012, 109
Trd, 8639737.579, 104
Trd, 8639737.946, 97
Trd, 8639737.979, 95
Trd, 8639738.612, 92
Trd, 8639738.846, 138
Trd, 8639739.079, 140
Trd, 8639739.446, 102
Trd, 8639739.546, 86
Trd, 8639740.412, 78
Trd, 8639740.879, 114
Trd, 8639741.346, 80
Trd, 8639741.979, 80
Trd, 8639742.779, 95
Trd, 8639743.179, 93
Trd, 8639743.212, 83
Trd, 8639743.512, 82
Trd, 8639743.679, 67
Trd, 8639744.112, 92
Trd, 8639744.346, 106
Trd, 8639744.612, 65
Trd, 8639745.112, 66
Trd, 8639745.446, 96
Trd, 8639745.779, 77
Trd, 8639745.912, 89
Trd, 8639746.012, 76
Trd, 8639746.379, 67
Trd, 8639746.746, 63
Trd, 8639747.146, 136
Trd, 8639747.279, 132
Trd, 8639747.846, 110
Trd, 8639748.779, 79
Trd, 8639748.946, 76
Trd, 8639749.312, 98
Trd, 8639749.912, 104
Trd, 8639750.679, 103
Trd, 8639751.146, 102
Trd, 8639751.179, 100
Trd, 8639751.312, 114
Trd, 8639751.512, 109
Trd, 8639752.246, 69
Trd, 8639752.346, 89
Trd, 8639752.412, 118
Trd, 8639753.246, 94
Trd, 8639753.912, 63
Trd, 8639754.212, 65
Trd, 8639754.546, 72
Trd, 8639754.846, 65
Trd, 8639755.012, 100
Trd, 8639755.079, 63
Trd, 8639755.912, 61
Trd, 8639756.512, 69
Trd, 8639757.046, 71
Trd, 8639757.912, 68
Trd, 8639758.479, 60
Trd, 8639758.712, 61
Trd, 8639759.346, 75
Trd, 8639759.546, 74
Trd, 8639759.812, 105
Trd, 8639759.879, 71
Trd, 8639760.179, 72
Trd, 8639760.646, 69
Trd, 8639761.512, 81
Trd, 8639761.679, 78
Trd, 8639762.046, 64
Trd, 8639762.612, 119
Trd, 8639762.846, 104
Trd, 8639764.212, 72
Trd, 8639764.279, 69
Trd, 8639764.779, 95
Trd, 8639765.346, 86
Trd, 8639765.979, 140
Trd, 8639766.146, 140
Trd, 8639766.412, 140
Trd, 8639766.446, 135
Trd, 8639766.512, 128
Trd, 8639766.779, 129
Trd, 8639766.979, 110
Trd, 8639767.046, 108
Trd, 8639768.312, 89
Trd, 8639768.846, 121
Trd, 8639769.146, 82
Trd, 8639769.512, 77
Trd, 8639769.579, 78
Trd, 8639769.979, 83
Trd, 8639770.279, 74
Trd, 8639771.012, 60
Trd, 8639771.612, 86
Trd, 8639771.946, 90
Trd, 8639772.379, 93
Trd, 8639772.712, 86
Trd, 8639772.812, 85
Trd, 8639773.212, 84
Trd, 8639773.712, 104
Trd, 8639774.446, 62
Trd, 8639774.512, 74
Trd, 8639774.846, 95
Trd, 8639775.046, 138
Trd, 8639775.412, 62
Trd, 8639775.512, 82
Trd, 8639777.346, 64
Trd, 8639777.412, 92
Trd, 8639777.946, 74
Trd, 8639778.812, 66
Trd, 8639779.079, 69
Trd, 8639779.312, 89
Trd, 8639780.279, 68
Trd, 8639780.446, 68
Trd, 8639780.779, 92
Trd, 8639780.879, 128
Trd, 8639780.946, 61
Trd, 8639782.179, 73
Trd, 8639782.246, 70
Trd, 8639783.079, 66
Trd, 8639783.479, 113
Trd, 8639783.879, 108
Trd, 8639784.146, 111
Trd, 8639784.312, 138
Trd, 8639784.412, 105
Trd, 8639784.779, 93
Trd, 8639785.012, 92
Trd, 8639785.712, 79
Trd, 8639785.779, 81
Trd, 8639787.079, 60
Trd, 8639788.346, 62
Trd, 8639788.412, 63
Trd, 8639788.979, 78
Trd, 8639789.112, 68
Trd, 8639789.646, 76
Trd, 8639790.246, 93
Trd, 8639790.612, 71
Trd, 8639790.812, 62
Trd, 8639791.779, 78
Trd, 8639792.079, 77
Trd, 8639792.279, 86
Trd, 8639792.746, 86
Trd, 8639793.446, 130
Trd, 8639793.479, 122
Trd, 8639794.046, 133
Trd, 8639794.079, 126
Trd, 8639794.646, 94
Trd, 8639795.746, 103
Trd, 8639796.146, 102
Trd, 8639796.546, 104
Trd, 8639796.712, 80
Trd, 8639797.312, 79
Trd, 8639797.879, 66
Trd, 8639798.479, 85
Trd, 8639798.512, 66
Trd, 8639799.079, 119
Trd, 8639799.712, 103
Trd, 8639800.579, 96
Trd, 8639800.779, 113
Trd, 8639801.179, 86
Trd, 8639801.312, 136
Trd, 8639801.746, 91
Trd, 8639801.779, 86
Trd, 8639801.946, 86
Trd, 8639802.346, 124
Trd, 8639802.546, 115
Trd, 8639803.046, 140
Trd, 8639803.346, 123
Trd, 8639803.546, 109
Trd, 8639803.612, 82
Trd, 8639804.046, 93
Trd, 8639804.312, 80
Trd, 8639805.012, 85
Trd, 8639805.512, 109
Trd, 8639806.312, 69
Trd, 8639806.379, 69
Trd, 8639806.979, 66
Trd, 8639807.446, 68
Trd, 8639808.712, 73
Trd, 8639809.012, 73
Trd, 8639809.046, 74
Trd, 8639809.712, 60
Trd, 8639809.746, 90
Trd, 8639810.679, 114
Trd, 8639810.746, 111
Trd, 8639811.246, 111
Trd, 8639811.312, 102
Trd, 8639811.446, 71
Trd, 8639813.112, 74
Trd, 8639813.612, 62
Trd, 8639813.679, 65
Trd, 8639813.912, 67
Trd, 8639814.112, 131
Trd, 8639814.479, 81
Trd, 8639814.879, 96
Trd, 8639815.879, 133
Trd, 8639815.946, 126
Trd, 8639816.312, 79
Trd, 8639816.779, 77
Trd, 8639817.146, 91
Trd, 8639817.946, 64
Trd, 8639818.046, 65
Trd, 8639818.546, 60
Trd, 8639818.579, 66
Trd, 8639819.779, 63
Trd, 8639820.346, 79
Trd, 8639820.512, 82
Trd, 8639820.612, 94
Trd, 8639820.712, 97
Trd, 8639820.912, 61
Trd, 8639822.179, 70
Trd, 8639823.246, 76
Trd, 8639823.279, 69
Trd, 8639823.312, 118
Trd, 8639824.812, 73
Trd, 8639825.079, 74
Trd, 8639825.146, 72
Trd, 8639825.246, 71
Trd, 8639826.212, 118
Trd, 8639826.412, 130
Trd, 8639826.479, 100
Trd, 8639826.946, 139
Trd, 8639827.312, 117
Trd, 8639827.979, 114
Trd, 8639828.246, 108
Trd, 8639828.379, 108
Trd, 8639828.946, 140
Trd, 8639829.079, 92
Trd, 8639830.079, 103
Trd, 8639830.179, 90
Trd, 8639830.212, 88
Trd, 8639831.379, 94
Trd, 8639832.079, 108
Trd, 8639832.479, 108
Trd, 8639833.012, 105
Trd, 8639833.679, 138
Trd, 8639833.912, 125
Trd, 8639833.946, 124
Trd, 8639834.012, 120
Trd, 8639834.412, 104
Trd, 8639835.446, 133
Trd, 8639835.912, 137
Trd, 8639836.146, 121
Trd, 8639836.612, 117
Trd, 8639836.979, 69
Trd, 8639837.412, 70
Trd, 8639837.779, 97
Trd, 8639838.312, 61
Trd, 8639839.279, 100
Trd, 8639839.779, 94
Trd, 8639839.812, 79
Trd, 8639840.379, 90
Trd, 8639840.812, 138
Trd, 8639840.846, 87
Trd, 8639841.246, 109
Trd, 8639841.979, 101
Trd, 8639842.546, 78
Trd, 8639842.779, 82
Trd, 8639842.812, 73
Trd, 8639843.312, 71
Trd, 8639844.279, 74
Trd, 8639844.912, 82
Trd, 8639845.279, 85
Trd, 8639845.512, 99
Trd, 8639846.379, 86
Trd, 8639846.446, 86
Trd, 8639846.812, 79
Trd, 8639847.046, 75
Trd, 8639847.579, 75
Trd, 8639847.746, 77
Trd, 8639847.779, 66
Trd, 8639848.512, 64
Trd, 8639848.912, 71
Trd, 8639849.712, 75
Trd, 8639849.812, 67
Trd, 8639850.746, 93
Trd, 8639850.846, 108
Trd, 8639851.312, 80
Trd, 8639851.412, 69
Trd, 8639852.046, 100
Trd, 8639852.312, 86
Trd, 8639853.079, 113
Trd, 8639853.379, 81
Trd, 8639854.046, 79
Trd, 8639854.179, 107
Trd, 8639854.212, 79
Trd, 8639854.246, 77
Trd, 8639855.246, 63
Trd, 8639855.412, 63
Trd, 8639856.812, 63
Trd, 8639857.046, 69
Trd, 8639857.579, 60
Trd, 8639857.879, 95
Trd, 8639858.412, 75
Trd, 8639858.579, 72
Trd, 8639859.312, 79
Trd, 8639859.979, 79
Trd, 8639860.012, 91
Trd, 8639860.379, 91
Trd, 8639860.812, 75
Trd, 8639861.212, 78
Trd, 8639862.046, 76
Trd, 8639862.279, 84
Trd, 8639862.646, 60
Trd, 8639863.812, 67
Trd, 8639864.112, 74
Trd, 8639864.579, 95
Trd, 8639865.112, 67
Trd, 8639865.779, 71
Trd, 8639865.846, 75
Trd, 8639866.279, 103
Trd, 8639866.646, 119
Trd, 8639866.746, 115
Trd, 8639866.912, 95
Trd, 8639867.546, 96
Trd, 8639868.312, 71
Trd, 8639868.446, 93
Trd, 8639868.879, 112
Trd, 8639869.679, 118
Trd, 8639869.846, 93
Trd, 8639871.012, 96
Trd, 8639871.212, 90
Trd, 8639871.312, 88
Trd, 8639871.346, 88
Trd, 8639871.379, 102
Trd, 8639872.079, 84
Trd, 8639872.312, 104
Trd, 8639873.012, 89
Trd, 8639874.846, 119
Trd, 8639875.046, 110
Trd, 8639875.279, 104
Trd, 8639875.512, 101
Trd, 8639875.546, 100
Trd, 8639875.879, 98
Trd, 8639876.379, 106
Trd, 8639877.412, 119
Trd, 8639877.679, 127
Trd, 8639878.746, 138
Trd, 8639878.912, 138
Trd, 8639879.312, 137
Trd, 8639879.946, 131
Trd, 8639880.212, 131
Trd, 8639880.412, 120
Trd, 8639880.446, 112
Trd, 8639880.812, 83
Trd, 8639881.946, 80
Trd, 8639882.079, 99
Trd, 8639882.446, 85
Trd, 8639882.512, 79
Trd, 8639882.612, 98
Trd, 8639882.679, 75
Trd, 8639882.979, 82
Trd, 8639883.579, 134
Trd, 8639883.946, 91
Trd, 8639884.579, 82
Trd, 8639885.479, 78
Trd, 8639885.812, 85
Trd, 8639886.079, 79
Trd, 8639886.379, 78
Trd, 8639887.179, 83
Trd, 8639887.279, 90
Trd, 8639887.812, 102
Trd, 8639888.412, 101
Trd, 8639888.779, 71
Trd, 8639889.512, 77
Trd, 8639889.846, 91
Trd, 8639890.079, 101
Trd, 8639890.579, 73
Trd, 8639890.812, 79
Trd, 8639890.846, 71
Trd, 8639891.879, 124
Trd, 8639892.046, 123
Trd, 8639892.112, 122
Trd, 8639892.379, 116
Trd, 8639892.879, 117
Trd, 8639893.146, 137
Trd, 8639893.346, 92
Trd, 8639894.179, 101
Trd, 8639894.212, 100
Trd, 8639894.312, 66
Trd, 8639895.112, 78
Trd, 8639895.446, 96
Trd, 8639896.246, 74
Trd, 8639896.446, 66
Trd, 8639896.912, 62
Trd, 8639897.179, 95
Trd, 8639897.346, 124
Trd, 8639897.979, 132
Trd, 8639898.146, 79
Trd, 8639899.012, 73
Trd, 8639899.612, 82
Trd, 8639899.746, 84
Trd, 8639900.179, 90
Trd, 8639900.346, 99
Trd, 8639900.579, 79
Trd, 8639900.812, 109
Trd, 8639900.912, 114
Trd, 8639901.246, 115
Trd, 8639901.679, 139
Trd, 8639902.179, 111
Trd, 8639902.712, 134
Trd, 8639902.812, 133
Trd, 8639902.979, 122
Trd, 8639903.546, 107
Trd, 8639903.646, 102
Trd, 8639904.179, 87
Trd, 8639904.379, 86
Trd, 8639905.512, 127
Trd, 8639905.546, 123
Trd, 8639905.679, 108
Trd, 8639905.912, 69
Trd, 8639906.079, 73
Trd, 8639907.879, 121
Trd, 8639908.046, 97
Trd, 8639908.812, 120
Trd, 8639909.746, 76
Trd, 8639909.779, 73
Trd, 8639909.979, 86
Trd, 8639910.379, 93
Trd, 8639910.412, 71
Trd, 8639910.679, 70
Trd, 8639910.912, 96
Trd, 8639911.046, 70
Trd, 8639911.279, 69
Trd, 8639911.812, 62
Trd, 8639911.979, 117
Trd, 8639912.479, 134
Trd, 8639914.146, 99
Trd, 8639914.179, 99
Trd, 8639914.512, 96
Trd, 8639914.712, 102
Trd, 8639914.746, 130
Trd, 8639915.212, 96
Trd, 8639915.312, 95
Trd, 8639915.846, 132
Trd, 8639916.146, 131
Trd, 8639916.312, 123
Trd, 8639916.546, 119
Trd, 8639917.179, 103
Trd, 8639917.579, 100
Trd, 8639918.179, 140
Trd, 8639919.012, 140
Trd, 8639919.212, 139
Trd, 8639919.612, 114
Trd, 8639920.212, 131
Trd, 8639920.279, 116
Trd, 8639920.412, 111
Trd, 8639921.279, 125
Trd, 8639921.779, 124
Trd, 8639921.879, 101
Trd, 8639922.879, 89
Trd, 8639923.012, 111
Trd, 8639923.112, 88
Trd, 8639923.179, 86
Trd, 8639923.379, 81
Trd, 8639923.912, 140
Trd, 8639924.079, 123
Trd, 8639924.179, 84
Trd, 8639924.746, 80
Trd, 8639926.212, 64
Trd, 8639926.846, 61
Trd, 8639927.246, 67
Trd, 8639927.546, 72
Trd, 8639928.546, 71
Trd, 8639928.679, 123
Trd, 8639929.512, 85
Trd, 8639929.946, 81
Trd, 8639930.379, 85
Trd, 8639930.779, 78
Trd, 8639931.112, 75
Trd, 8639931.579, 74
Trd, 8639931.679, 72
Trd, 8639932.112, 72
Trd, 8639933.379, 62
Trd, 8639933.479, 60
Trd, 8639933.846, 66
Trd, 8639934.012, 79
Trd, 8639934.379, 69
Trd, 8639934.779, 84
Trd, 8639934.812, 64
Trd, 8639935.746, 62
Trd, 8639936.012, 61
Trd, 8639936.112, 65
Trd, 8639937.279, 61
Trd, 8639937.746, 62
Trd, 8639938.179, 60
Trd, 8639939.012, 64
Trd, 8639940.246, 112
Trd, 8639940.446, 88
Trd, 8639940.912, 75
Trd, 8639940.946, 130
Trd, 8639941.346, 69
Trd, 8639941.946, 117
Trd, 8639942.546, 111
Trd, 8639942.612, 109
Trd, 8639942.779, 120
Trd, 8639943.579, 124
Trd, 8639943.612, 125
Trd, 8639943.679, 110
Trd, 8639944.112, 106
Trd, 8639944.446, 104
Trd, 8639944.912, 60
Trd, 8639946.246, 138
Trd, 8639946.312, 135
Trd, 8639946.812, 127
Trd, 8639946.846, 127
Trd, 8639946.912, 123
Trd, 8639947.412, 117
Trd, 8639948.312, 87
Trd, 8639948.912, 122
Trd, 8639949.012, 96
Trd, 8639949.179, 87
Trd, 8639949.612, 79
Trd, 8639949.812, 77
Trd, 8639949.979, 67
Trd, 8639950.179, 81
Trd, 8639950.412, 91
Trd, 8639950.879, 102
Trd, 8639951.446, 89
Trd, 8639951.712, 137
Trd, 8639952.112, 101
Trd, 8639952.246, 126
Trd, 8639952.546, 124
Trd, 8639952.612, 110
Trd, 8639952.779, 88
Trd, 8639953.412, 87
Trd, 8639953.546, 86
Trd, 8639954.579, 93
Trd, 8639955.046, 140
Trd, 8639955.079, 90
Trd, 8639955.979, 126
Trd, 8639956.112, 123
Trd, 8639956.246, 109
Trd, 8639956.279, 93
Trd, 8639956.746, 140
Trd, 8639956.879, 140
Trd, 8639957.279, 131
Trd, 8639957.446, 77
Trd, 8639958.679, 76
Trd, 8639958.879, 85
Trd, 8639959.012, 80
Trd, 8639959.346, 81
Trd, 8639959.412, 79
Trd, 8639959.746, 84
Trd, 8639960.846, 140
Trd, 8639961.146, 139
Trd, 8639961.879, 97
Trd, 8639962.146, 69
Trd, 8639962.412, 85
Trd, 8639962.512, 89
Trd, 8639963.612, 136
Trd, 8639963.879, 133
Trd, 8639963.946, 132
Trd, 8639964.012, 131
Trd, 8639964.512, 138
Trd, 8639965.246, 125
Trd, 8639965.812, 91
Trd, 8639966.479, 127
Trd, 8639966.679, 80
Trd, 8639967.179, 137
Trd, 8639967.479, 103
Trd, 8639967.912, 89
Trd, 8639968.812, 108
Trd, 8639968.946, 107
Trd, 8639970.212, 78
Trd, 8639970.479, 72
Trd, 8639971.179, 72
Trd, 8639971.279, 78
Trd, 8639972.146, 124
Trd, 8639972.712, 117
Trd, 8639972.846, 110
Trd, 8639973.779, 137
Trd, 8639973.946, 133
Trd, 8639974.179, 119
Trd, 8639974.512, 132
Trd, 8639974.579, 95
Trd, 8639975.146, 105
Trd, 8639975.912, 87
Trd, 8639976.112, 89
Trd, 8639976.679, 69
Trd, 8639977.712, 83
Trd, 8639977.779, 82
Trd, 8639978.312, 109
Trd, 8639978.779, 104
Trd, 8639978.912, 123
Trd, 8639979.212, 101
Trd, 8639979.579, 130
Trd, 8639980.412, 138
Trd, 8639980.846, 137
Trd, 8639981.112, 129
Trd, 8639981.746, 128
Trd, 8639982.346, 127
Trd, 8639982.512, 127
Trd, 8639982.979, 123
Trd, 8639983.012, 122
Trd, 8639983.212, 121
Trd, 8639983.712, 117
Trd, 8639984.812, 94
Trd, 8639985.279, 75
Trd, 8639985.446, 78
Trd, 8639985.746, 90
Trd, 8639986.046, 60
Trd, 8639987.279, 98
Trd, 8639987.346, 99
Trd, 8639987.379, 95
Trd, 8639987.912, 69
Trd, 8639988.346, 87
Trd, 8639988.679, 109
Trd, 8639988.879, 77
Trd, 8639989.046, 72
Trd, 8639989.312, 61
Trd, 8639989.946, 136
Trd, 8639990.779, 139
Trd, 8639991.246, 138
Trd, 8639991.412, 137
Trd, 8639991.479, 140
Trd, 8639991.812, 134
Trd, 8639992.079, 126
Trd, 8639992.179, 117
Trd, 8639992.412, 106
Trd, 8639993.512, 67
Trd, 8639993.612, 75
Trd, 8639993.979, 84
Trd, 8639995.112, 82
Trd, 8639995.246, 103
Trd, 8639995.379, 73
Trd, 8639996.446, 72
Trd, 8639996.479, 126
Trd, 8639996.679, 91
Trd, 8639997.746, 135
Trd, 8639997.812, 123
Trd, 8639997.846, 122
Trd, 8639998.179, 119
Trd, 8639998.412, 108
Trd, 8639998.612, 90
Trd, 8639999.579, 86
Trd, 8639999.846, 74
Trd, 8639999.946, 131
