Trd, 8638753.379, 95
Trd, 8638754.779, 111
Trd, 8638755.446, 129
Trd, 8638755.479, 123
Trd, 8638756.012, 131
Trd, 8638756.346, 63
Trd, 8638756.746, 67
Trd, 8638757.312, 69
Trd, 8638757.546, 132
Trd, 8638758.979, 129
Trd, 8638759.512, 129
Trd, 8638760.312, 116
Trd, 8638760.779, 116
Trd, 8638761.046, 140
Trd, 8638761.479, 122
Trd, 8638762.046, 117
Trd, 8638762.679, 125
Trd, 8638763.146, 129
Trd, 8638763.479, 104
Trd, 8638763.546, 103
Trd, 8638764.279, 137
Trd, 8638765.412, 133
Trd, 8638765.512, 127
Trd, 8638765.546, 114
Trd, 8638766.046, 134
Trd, 8638766.679, 137
Trd, 8638767.812, 137
Trd, 8638767.912, 121
Trd, 8638768.212, 109
Trd, 8638768.612, 118
Trd, 8638768.912, 106
Trd, 8638769.779, 100
Trd, 8638770.179, 84
Trd, 8638770.579, 85
Trd, 8638771.746, 130
Trd, 8638772.012, 117
Trd, 8638772.579, 124
Trd, 8638772.646, 107
Trd, 8638773.946, 137
Trd, 8638774.812, 122
Trd, 8638775.246, 118
Trd, 8638775.346, 116
Trd, 8638775.379, 116
Trd, 8638775.579, 103
Trd, 8638775.879, 92
Trd, 8638776.646, 104
Trd, 8638776.712, 119
Trd, 8638777.012, 123
Trd, 8638777.312, 96
Trd, 8638777.746, 125
Trd, 8638778.179, 90
Trd, 8638779.346, 94
Trd, 8638779.779, 118
Trd, 8638779.912, 117
Trd, 8638781.846, 127
Trd, 8638782.246, 130
Trd, 8638782.479, 123
Trd, 8638782.546, 133
Trd, 8638782.646, 122
Trd, 8638783.646, 133
Trd, 8638783.912, 129
Trd, 8638784.479, 135
Trd, 8638784.846, 128
Trd, 8638784.912, 95
Trd, 8638785.179, 138
Trd, 8638785.746, 131
Trd, 8638786.712, 135
Trd, 8638786.746, 135
Trd, 8638787.146, 121
Trd, 8638787.346, 120
Trd, 8638787.446, 95
Trd, 8638787.646, 139
Trd, 8638787.812, 84
Trd, 8638788.846, 110
Trd, 8638789.146, 126
Trd, 8638789.679, 131
Trd, 8638790.379, 137
Trd, 8638790.946, 114
Trd, 8638791.412, 102
Trd, 8638791.812, 109
Trd, 8638792.412, 105
Trd, 8638793.079, 129
Trd, 8638793.346, 66
Trd, 8638794.012, 108
Trd, 8638794.312, 104
Trd, 8638795.379, 139
Trd, 8638795.646, 139
Trd, 8638796.546, 140
Trd, 8638797.079, 132
Trd, 8638797.112, 122
Trd, 8638797.546, 95
Trd, 8638797.912, 130
Trd, 8638798.779, 124
Trd, 8638798.912, 125
Trd, 8638799.012, 123
Trd, 8638799.112, 89
Trd, 8638799.546, 132
Trd, 8638800.446, 138
Trd, 8638801.646, 135
Trd, 8638802.079, 133
Trd, 8638802.112, 118
Trd, 8638803.079, 131
Trd, 8638803.146, 125
Trd, 8638803.746, 111
Trd, 8638803.946, 111
Trd, 8638804.346, 132
Trd, 8638804.579, 128
Trd, 8638804.646, 125
Trd, 8638806.212, 130
Trd, 8638806.512, 138
Trd, 8638806.712, 124
Trd, 8638807.179, 128
Trd, 8638807.679, 115
Trd, 8638807.979, 125
Trd, 8638809.212, 137
Trd, 8638809.279, 126
Trd, 8638809.812, 133
Trd, 8638810.279, 126
Trd, 8638810.679, 125
Trd, 8638810.946, 136
Trd, 8638811.246, 130
Trd, 8638811.446, 101
Trd, 8638811.812, 96
Trd, 8638812.112, 84
Trd, 8638812.579, 131
Trd, 8638812.612, 71
Trd, 8638813.279, 92
Trd, 8638813.546, 111
Trd, 8638813.712, 74
Trd, 8638814.112, 121
Trd, 8638814.646, 137
Trd, 8638814.779, 129
Trd, 8638817.079, 130
Trd, 8638817.812, 105
Trd, 8638817.846, 86
Trd, 8638818.079, 86
Trd, 8638818.179, 85
Trd, 8638818.712, 136
Trd, 8638819.246, 127
Trd, 8638819.312, 98
Trd, 8638820.446, 136
Trd, 8638821.579, 134
Trd, 8638821.612, 132
Trd, 8638821.879, 127
Trd, 8638822.379, 137
Trd, 8638822.412, 120
Trd, 8638822.479, 120
Trd, 8638822.579, 104
Trd, 8638823.179, 127
Trd, 8638823.279, 125
Trd, 8638823.779, 99
Trd, 8638824.112, 140
Trd, 8638824.612, 128
Trd, 8638825.246, 120
Trd, 8638825.446, 115
Trd, 8638825.912, 140
Trd, 8638826.079, 117
Trd, 8638826.646, 124
Trd, 8638826.979, 114
Trd, 8638827.179, 136
Trd, 8638827.612, 117
Trd, 8638828.846, 139
Trd, 8638829.212, 133
Trd, 8638829.646, 101
Trd, 8638829.846, 114
Trd, 8638830.112, 87
Trd, 8638830.912, 62
Trd, 8638831.279, 138
Trd, 8638831.512, 83
Trd, 8638831.846, 115
Trd, 8638832.079, 91
Trd, 8638832.279, 124
Trd, 8638833.279, 64
Trd, 8638833.479, 62
Trd, 8638833.812, 86
Trd, 8638834.446, 72
Trd, 8638835.446, 101
Trd, 8638835.679, 98
Trd, 8638836.646, 98
Trd, 8638836.712, 97
Trd, 8638837.512, 133
Trd, 8638837.812, 95
Trd, 8638838.579, 136
Trd, 8638838.879, 133
Trd, 8638838.912, 130
Trd, 8638839.112, 112
Trd, 8638840.146, 120
Trd, 8638840.779, 116
Trd, 8638841.279, 110
Trd, 8638841.979, 107
Trd, 8638842.146, 107
Trd, 8638842.412, 121
Trd, 8638842.812, 98
Trd, 8638842.979, 110
Trd, 8638843.412, 87
Trd, 8638843.879, 124
Trd, 8638844.112, 111
Trd, 8638844.446, 120
Trd, 8638845.179, 104
Trd, 8638845.646, 128
Trd, 8638845.979, 140
Trd, 8638846.212, 98
Trd, 8638847.112, 85
Trd, 8638847.346, 69
Trd, 8638847.412, 96
Trd, 8638847.779, 94
Trd, 8638849.046, 111
Trd, 8638849.546, 114
Trd, 8638850.212, 134
Trd, 8638850.412, 110
Trd, 8638850.912, 110
Trd, 8638851.246, 109
Trd, 8638852.279, 138
Trd, 8638853.612, 133
Trd, 8638853.746, 115
Trd, 8638853.912, 138
Trd, 8638854.079, 134
Trd, 8638854.246, 132
Trd, 8638854.346, 129
Trd, 8638856.379, 126
Trd, 8638857.312, 135
Trd, 8638857.412, 135
Trd, 8638857.912, 129
Trd, 8638858.012, 119
Trd, 8638858.046, 108
Trd, 8638859.446, 133
Trd, 8638859.546, 131
Trd, 8638859.579, 119
Trd, 8638860.079, 136
Trd, 8638860.412, 140
Trd, 8638861.479, 119
Trd, 8638862.979, 135
Trd, 8638863.112, 113
Trd, 8638863.179, 113
Trd, 8638863.412, 110
Trd, 8638863.646, 104
Trd, 8638864.012, 105
Trd, 8638864.046, 100
Trd, 8638864.579, 137
Trd, 8638866.612, 135
Trd, 8638867.512, 137
Trd, 8638867.646, 140
Trd, 8638867.812, 134
Trd, 8638868.146, 135
Trd, 8638868.746, 132
Trd, 8638868.846, 126
Trd, 8638869.179, 135
Trd, 8638869.946, 113
Trd, 8638870.112, 127
Trd, 8638870.546, 98
Trd, 8638871.179, 139
Trd, 8638872.046, 127
Trd, 8638872.079, 117
Trd, 8638873.012, 126
Trd, 8638873.246, 137
Trd, 8638873.779, 132
Trd, 8638873.946, 140
Trd, 8638875.846, 135
Trd, 8638876.279, 128
Trd, 8638876.879, 122
Trd, 8638877.279, 130
Trd, 8638877.346, 114
Trd, 8638877.546, 110
Trd, 8638877.879, 109
Trd, 8638877.912, 103
Trd, 8638878.712, 116
Trd, 8638878.912, 138
Trd, 8638879.812, 129
Trd, 8638880.679, 112
Trd, 8638881.346, 118
Trd, 8638882.312, 114
Trd, 8638882.446, 118
Trd, 8638882.779, 126
Trd, 8638884.246, 125
Trd, 8638884.312, 120
Trd, 8638884.746, 137
Trd, 8638884.946, 128
Trd, 8638885.346, 120
Trd, 8638886.312, 131
Trd, 8638886.379, 106
Trd, 8638886.779, 106
Trd, 8638886.846, 100
Trd, 8638887.379, 140
Trd, 8638888.246, 136
Trd, 8638888.312, 128
Trd, 8638888.412, 123
Trd, 8638888.446, 115
Trd, 8638889.546, 140
Trd, 8638889.712, 84
Trd, 8638889.879, 116
Trd, 8638890.112, 83
Trd, 8638891.212, 75
Trd, 8638891.746, 114
Trd, 8638891.979, 111
Trd, 8638892.212, 77
Trd, 8638892.346, 127
Trd, 8638892.479, 79
Trd, 8638893.012, 125
Trd, 8638894.046, 102
Trd, 8638894.346, 120
Trd, 8638894.712, 121
Trd, 8638895.746, 94
Trd, 8638896.312, 134
Trd, 8638896.646, 117
Trd, 8638896.746, 111
Trd, 8638897.246, 110
Trd, 8638898.646, 136
Trd, 8638899.346, 92
Trd, 8638899.379, 91
Trd, 8638899.646, 105
Trd, 8638899.979, 77
Trd, 8638900.012, 105
Trd, 8638900.679, 92
Trd, 8638900.812, 82
Trd, 8638900.912, 138
Trd, 8638901.446, 137
Trd, 8638901.612, 124
Trd, 8638902.279, 102
Trd, 8638902.412, 95
Trd, 8638904.512, 122
Trd, 8638904.612, 118
Trd, 8638905.179, 136
Trd, 8638905.379, 124
Trd, 8638906.512, 108
Trd, 8638906.746, 105
Trd, 8638907.079, 116
Trd, 8638907.479, 139
Trd, 8638908.179, 138
Trd, 8638909.879, 132
Trd, 8638910.712, 121
Trd, 8638911.312, 136
Trd, 8638911.379, 121
Trd, 8638911.446, 118
Trd, 8638912.212, 140
Trd, 8638912.379, 138
Trd, 8638912.546, 111
Trd, 8638913.112, 132
Trd, 8638913.146, 118
Trd, 8638913.412, 118
Trd, 8638913.746, 128
Trd, 8638914.212, 116
Trd, 8638915.012, 118
Trd, 8638915.146, 115
Trd, 8638915.312, 111
Trd, 8638916.846, 122
Trd, 8638917.079, 124
Trd, 8638917.912, 119
Trd, 8638918.179, 139
Trd, 8638918.746, 107
Trd, 8638919.346, 104
Trd, 8638919.679, 94
Trd, 8638920.246, 105
Trd, 8638920.312, 111
Trd, 8638920.679, 123
Trd, 8638921.512, 112
Trd, 8638921.579, 106
Trd, 8638921.712, 106
Trd, 8638921.779, 127
Trd, 8638922.112, 93
Trd, 8638922.679, 89
Trd, 8638922.912, 102
Trd, 8638923.112, 113
Trd, 8638924.679, 102
Trd, 8638926.312, 135
Trd, 8638926.512, 111
Trd, 8638926.679, 126
Trd, 8638926.879, 101
Trd, 8638927.312, 99
Trd, 8638927.912, 94
Trd, 8638927.946, 89
Trd, 8638928.612, 101
Trd, 8638928.812, 134
Trd, 8638928.846, 119
Trd, 8638929.012, 101
Trd, 8638929.846, 79
Trd, 8638931.179, 122
Trd, 8638931.446, 96
Trd, 8638932.912, 136
Trd, 8638933.046, 130
Trd, 8638933.746, 131
Trd, 8638934.412, 135
Trd, 8638934.846, 136
Trd, 8638935.279, 123
Trd, 8638935.546, 119
Trd, 8638936.312, 132
Trd, 8638936.579, 131
Trd, 8638936.646, 123
Trd, 8638936.712, 85
Trd, 8638937.546, 77
Trd, 8638938.246, 118
Trd, 8638938.279, 96
Trd, 8638939.712, 128
Trd, 8638939.846, 124
Trd, 8638940.079, 124
Trd, 8638940.712, 136
Trd, 8638942.546, 132
Trd, 8638942.646, 127
Trd, 8638943.179, 118
Trd, 8638943.546, 129
Trd, 8638944.046, 133
Trd, 8638944.446, 114
Trd, 8638945.279, 106
Trd, 8638945.812, 137
Trd, 8638946.846, 139
Trd, 8638946.879, 133
Trd, 8638946.946, 127
Trd, 8638947.879, 133
Trd, 8638948.779, 138
Trd, 8638949.246, 126
Trd, 8638949.879, 129
Trd, 8638950.046, 139
Trd, 8638950.712, 129
Trd, 8638951.012, 124
Trd, 8638951.179, 123
Trd, 8638951.412, 122
Trd, 8638951.646, 120
Trd, 8638951.846, 139
Trd, 8638952.546, 99
Trd, 8638952.979, 98
Trd, 8638953.512, 83
Trd, 8638954.246, 78
Trd, 8638955.112, 140
Trd, 8638955.412, 133
Trd, 8638956.279, 138
Trd, 8638956.912, 137
Trd, 8638957.612, 114
Trd, 8638958.879, 134
Trd, 8638959.412, 140
Trd, 8638959.746, 134
Trd, 8638960.279, 122
Trd, 8638961.146, 126
Trd, 8638962.046, 134
Trd, 8638962.346, 128
Trd, 8638962.412, 96
Trd, 8638962.846, 126
Trd, 8638963.212, 100
Trd, 8638964.446, 137
Trd, 8638964.879, 132
Trd, 8638965.012, 127
Trd, 8638965.479, 129
Trd, 8638965.846, 134
Trd, 8638966.346, 134
Trd, 8638966.712, 136
Trd, 8638967.312, 130
Trd, 8638967.546, 116
Trd, 8638967.579, 113
Trd, 8638968.546, 139
Trd, 8638968.946, 121
Trd, 8638970.479, 134
Trd, 8638970.612, 138
Trd, 8638970.946, 135
Trd, 8638971.112, 132
Trd, 8638971.879, 128
Trd, 8638971.912, 125
Trd, 8638972.046, 113
Trd, 8638972.846, 107
Trd, 8638973.679, 136
Trd, 8638973.979, 120
Trd, 8638974.012, 123
Trd, 8638974.246, 87
Trd, 8638974.646, 86
Trd, 8638975.812, 128
Trd, 8638977.512, 127
Trd, 8638977.579, 125
Trd, 8638977.946, 123
Trd, 8638978.812, 129
Trd, 8638979.646, 116
Trd, 8638980.146, 114
Trd, 8638981.046, 140
Trd, 8638981.079, 125
Trd, 8638981.712, 122
Trd, 8638982.012, 134
Trd, 8638982.079, 117
Trd, 8638982.412, 114
Trd, 8638982.446, 104
Trd, 8638983.146, 73
Trd, 8638983.279, 103
Trd, 8638983.846, 105
Trd, 8638985.779, 138
Trd, 8638986.079, 133
Trd, 8638986.512, 132
Trd, 8638986.579, 118
Trd, 8638986.879, 132
Trd, 8638987.112, 113
Trd, 8638987.812, 105
Trd, 8638987.912, 118
Trd, 8638988.946, 139
Trd, 8638989.379, 127
Trd, 8638990.079, 132
Trd, 8638991.012, 139
Trd, 8638992.479, 139
Trd, 8638994.746, 139
Trd, 8638995.212, 140
Trd, 8638995.579, 139
Trd, 8638995.746, 132
Trd, 8638995.812, 136
Trd, 8638995.879, 121
Trd, 8638996.446, 136
Trd, 8638996.879, 129
Trd, 8638996.912, 117
Trd, 8638997.279, 95
Trd, 8638997.679, 138
Trd, 8638998.312, 136
Trd, 8638998.346, 122
Trd, 8638998.379, 71
Trd, 8638999.246, 111
Trd, 8638999.912, 123
Trd, 8639000.679, 119
Trd, 8639001.412, 110
Trd, 8639001.612, 110
Trd, 8639001.712, 108
Trd, 8639002.946, 119
Trd, 8639003.712, 132
Trd, 8639004.546, 123
Trd, 8639004.612, 119
Trd, 8639005.312, 126
Trd, 8639005.879, 130
Trd, 8639006.179, 124
Trd, 8639006.446, 130
Trd, 8639007.679, 126
Trd, 8639008.612, 133
Trd, 8639008.712, 131
Trd, 8639008.912, 131
Trd, 8639009.079, 126
Trd, 8639009.446, 121
Trd, 8639009.812, 120
Trd, 8639009.912, 140
Trd, 8639010.446, 120
Trd, 8639010.546, 117
Trd, 8639010.979, 135
Trd, 8639011.646, 122
Trd, 8639011.912, 114
Trd, 8639012.479, 106
Trd, 8639012.712, 97
Trd, 8639012.946, 124
Trd, 8639013.346, 101
Trd, 8639013.379, 94
Trd, 8639014.012, 139
Trd, 8639016.012, 133
Trd, 8639016.046, 125
Trd, 8639016.579, 134
Trd, 8639016.912, 139
Trd, 8639016.979, 134
Trd, 8639017.079, 131
Trd, 8639017.246, 128
Trd, 8639017.479, 98
Trd, 8639017.746, 137
Trd, 8639018.779, 126
Trd, 8639019.446, 132
Trd, 8639020.112, 139
Trd, 8639020.412, 137
Trd, 8639021.279, 134
Trd, 8639022.412, 126
Trd, 8639023.012, 133
Trd, 8639023.512, 122
Trd, 8639023.646, 121
Trd, 8639024.246, 120
Trd, 8639024.712, 107
Trd, 8639025.479, 111
Trd, 8639025.946, 140
Trd, 8639026.579, 124
Trd, 8639026.879, 104
Trd, 8639027.179, 106
Trd, 8639027.446, 118
Trd, 8639027.579, 101
Trd, 8639027.979, 125
Trd, 8639028.146, 103
Trd, 8639028.512, 133
Trd, 8639029.212, 133
Trd, 8639029.646, 130
Trd, 8639030.212, 117
Trd, 8639030.679, 115
Trd, 8639031.046, 123
Trd, 8639031.579, 131
Trd, 8639032.846, 132
Trd, 8639032.946, 126
Trd, 8639033.546, 119
Trd, 8639033.612, 112
Trd, 8639033.746, 126
Trd, 8639034.712, 121
Trd, 8639034.812, 112
Trd, 8639034.846, 110
Trd, 8639035.146, 124
Trd, 8639036.046, 115
Trd, 8639036.712, 87
Trd, 8639037.012, 83
Trd, 8639037.079, 88
Trd, 8639037.412, 85
Trd, 8639038.079, 138
Trd, 8639038.346, 124
Trd, 8639038.546, 88
Trd, 8639038.712, 89
Trd, 8639039.246, 96
Trd, 8639039.779, 137
Trd, 8639039.879, 80
Trd, 8639039.946, 65
Trd, 8639040.379, 125
Trd, 8639040.812, 135
Trd, 8639041.446, 138
Trd, 8639041.879, 125
Trd, 8639042.412, 90
Trd, 8639042.712, 88
Trd, 8639043.712, 120
Trd, 8639043.879, 110
Trd, 8639044.079, 121
Trd, 8639044.246, 110
Trd, 8639044.779, 140
Trd, 8639044.946, 132
Trd, 8639045.379, 73
Trd, 8639047.079, 140
Trd, 8639047.146, 127
Trd, 8639047.546, 116
Trd, 8639047.612, 114
Trd, 8639047.846, 140
Trd, 8639048.579, 139
Trd, 8639049.546, 139
Trd, 8639049.912, 140
Trd, 8639050.179, 133
Trd, 8639050.246, 133
Trd, 8639050.379, 115
Trd, 8639050.779, 117
Trd, 8639051.112, 117
Trd, 8639052.479, 140
Trd, 8639052.712, 94
Trd, 8639054.112, 125
Trd, 8639054.279, 104
Trd, 8639054.679, 92
Trd, 8639054.912, 104
Trd, 8639056.812, 140
Trd, 8639057.246, 138
Trd, 8639057.512, 134
Trd, 8639057.612, 129
Trd, 8639057.812, 137
Trd, 8639058.046, 120
Trd, 8639058.379, 114
Trd, 8639058.879, 111
Trd, 8639059.712, 135
Trd, 8639060.312, 138
Trd, 8639060.346, 130
Trd, 8639061.379, 127
Trd, 8639061.912, 116
Trd, 8639062.479, 111
Trd, 8639062.746, 112
Trd, 8639062.912, 102
Trd, 8639063.246, 93
Trd, 8639064.146, 138
Trd, 8639064.246, 137
Trd, 8639064.312, 125
Trd, 8639065.046, 125
Trd, 8639066.479, 117
Trd, 8639067.179, 124
Trd, 8639067.312, 123
Trd, 8639068.712, 140
Trd, 8639068.746, 116
Trd, 8639068.779, 114
Trd, 8639069.046, 114
Trd, 8639069.579, 113
Trd, 8639070.046, 135
Trd, 8639070.446, 114
Trd, 8639070.912, 101
Trd, 8639071.146, 123
Trd, 8639073.279, 136
Trd, 8639073.512, 117
Trd, 8639073.746, 103
Trd, 8639073.812, 101
Trd, 8639073.846, 83
Trd, 8639074.779, 117
Trd, 8639074.946, 121
Trd, 8639075.812, 134
Trd, 8639075.846, 128
Trd, 8639076.512, 139
Trd, 8639076.979, 136
Trd, 8639077.012, 124
Trd, 8639078.212, 126
Trd, 8639078.446, 119
Trd, 8639078.846, 107
Trd, 8639079.212, 137
Trd, 8639079.346, 139
Trd, 8639080.012, 106
Trd, 8639080.279, 117
Trd, 8639080.312, 98
Trd, 8639080.712, 110
Trd, 8639081.546, 97
Trd, 8639081.812, 122
Trd, 8639083.012, 139
Trd, 8639083.112, 124
Trd, 8639084.212, 125
Trd, 8639084.512, 139
Trd, 8639084.746, 116
Trd, 8639085.212, 122
Trd, 8639085.279, 132
Trd, 8639086.346, 130
Trd, 8639087.012, 139
Trd, 8639087.279, 124
Trd, 8639087.579, 110
Trd, 8639087.946, 132
Trd, 8639088.212, 110
Trd, 8639088.446, 92
Trd, 8639088.579, 140
Trd, 8639089.012, 71
Trd, 8639089.512, 137
Trd, 8639090.146, 117
Trd, 8639090.546, 138
Trd, 8639090.879, 119
Trd, 8639091.312, 128
Trd, 8639091.512, 110
Trd, 8639092.279, 61
Trd, 8639092.412, 73
Trd, 8639092.846, 100
Trd, 8639093.046, 128
Trd, 8639093.546, 117
Trd, 8639093.779, 98
Trd, 8639093.846, 135
Trd, 8639094.512, 136
Trd, 8639094.812, 130
Trd, 8639095.846, 118
Trd, 8639095.979, 114
Trd, 8639097.146, 106
Trd, 8639097.312, 103
Trd, 8639098.479, 119
Trd, 8639098.746, 129
Trd, 8639098.812, 105
Trd, 8639099.546, 92
Trd, 8639100.146, 97
Trd, 8639100.312, 97
Trd, 8639100.379, 100
Trd, 8639100.946, 81
Trd, 8639101.112, 63
Trd, 8639101.579, 114
Trd, 8639102.079, 127
Trd, 8639102.679, 85
Trd, 8639103.446, 103
Trd, 8639103.579, 86
Trd, 8639104.612, 134
Trd, 8639105.246, 133
Trd, 8639105.912, 128
Trd, 8639106.212, 123
Trd, 8639106.912, 134
Trd, 8639107.012, 133
Trd, 8639107.312, 115
Trd, 8639107.379, 98
Trd, 8639107.912, 123
Trd, 8639108.279, 126
Trd, 8639109.379, 135
Trd, 8639110.346, 133
Trd, 8639111.246, 125
Trd, 8639111.379, 114
Trd, 8639111.679, 112
Trd, 8639111.712, 117
Trd, 8639111.812, 110
Trd, 8639112.012, 132
Trd, 8639112.046, 107
Trd, 8639112.346, 102
Trd, 8639112.946, 121
Trd, 8639113.146, 115
Trd, 8639113.179, 127
Trd, 8639113.446, 102
Trd, 8639115.679, 112
Trd, 8639115.879, 130
Trd, 8639116.079, 104
Trd, 8639117.112, 138
Trd, 8639117.246, 129
Trd, 8639117.512, 125
Trd, 8639117.812, 131
Trd, 8639118.346, 133
Trd, 8639118.846, 117
Trd, 8639119.446, 135
Trd, 8639119.746, 105
Trd, 8639120.246, 111
Trd, 8639120.412, 106
Trd, 8639120.646, 96
Trd, 8639121.412, 112
Trd, 8639122.379, 126
Trd, 8639122.512, 113
Trd, 8639122.979, 139
Trd, 8639123.146, 136
Trd, 8639123.712, 135
Trd, 8639123.812, 139
Trd, 8639124.779, 109
Trd, 8639125.612, 115
Trd, 8639125.779, 114
Trd, 8639125.946, 107
Trd, 8639126.679, 137
Trd, 8639127.012, 131
Trd, 8639127.812, 134
Trd, 8639127.979, 136
Trd, 8639128.446, 135
Trd, 8639128.979, 128
Trd, 8639130.112, 124
Trd, 8639130.146, 112
Trd, 8639130.912, 140
Trd, 8639132.379, 128
Trd, 8639132.446, 122
Trd, 8639132.779, 133
Trd, 8639132.912, 117
Trd, 8639133.679, 138
Trd, 8639133.912, 137
Trd, 8639134.379, 136
Trd, 8639134.612, 133
Trd, 8639134.679, 127
Trd, 8639135.246, 115
Trd, 8639136.812, 125
Trd, 8639137.412, 139
Trd, 8639137.579, 133
Trd, 8639137.646, 124
Trd, 8639137.979, 124
Trd, 8639139.412, 140
Trd, 8639139.512, 132
Trd, 8639139.979, 128
Trd, 8639140.679, 140
Trd, 8639140.912, 140
Trd, 8639141.812, 140
Trd, 8639142.079, 124
Trd, 8639143.179, 123
Trd, 8639143.312, 122
Trd, 8639144.479, 120
Trd, 8639144.712, 122
Trd, 8639145.079, 113
Trd, 8639145.179, 103
Trd, 8639145.279, 91
Trd, 8639145.846, 68
Trd, 8639145.979, 81
Trd, 8639146.346, 139
Trd, 8639147.012, 139
Trd, 8639147.079, 132
Trd, 8639147.446, 135
Trd, 8639148.679, 136
Trd, 8639148.846, 126
Trd, 8639149.346, 104
Trd, 8639149.712, 84
Trd, 8639149.979, 87
Trd, 8639150.479, 91
Trd, 8639151.179, 136
Trd, 8639151.546, 128
Trd, 8639152.446, 109
Trd, 8639152.679, 113
Trd, 8639152.812, 92
Trd, 8639153.179, 110
Trd, 8639153.446, 90
Trd, 8639154.246, 136
Trd, 8639155.246, 134
Trd, 8639156.379, 139
Trd, 8639156.546, 132
Trd, 8639156.946, 123
Trd, 8639157.312, 133
Trd, 8639158.579, 118
Trd, 8639158.679, 120
Trd, 8639158.712, 139
Trd, 8639159.379, 134
Trd, 8639160.146, 120
Trd, 8639161.212, 138
Trd, 8639161.479, 136
Trd, 8639161.579, 135
Trd, 8639162.212, 140
Trd, 8639162.646, 132
Trd, 8639164.279, 137
Trd, 8639164.979, 133
Trd, 8639165.379, 132
Trd, 8639165.412, 129
Trd, 8639165.512, 127
Trd, 8639165.646, 121
Trd, 8639167.179, 119
Trd, 8639168.346, 124
Trd, 8639168.779, 140
Trd, 8639169.746, 138
Trd, 8639169.846, 128
Trd, 8639170.179, 133
Trd, 8639170.246, 126
Trd, 8639170.279, 125
Trd, 8639171.212, 117
Trd, 8639171.646, 110
Trd, 8639171.846, 107
Trd, 8639172.512, 100
Trd, 8639172.812, 125
Trd, 8639172.946, 132
Trd, 8639173.146, 140
Trd, 8639173.612, 117
Trd, 8639174.546, 125
Trd, 8639175.279, 99
Trd, 8639175.879, 117
Trd, 8639177.612, 129
Trd, 8639177.946, 123
Trd, 8639178.312, 108
Trd, 8639178.879, 113
Trd, 8639179.112, 136
Trd, 8639179.212, 128
Trd, 8639179.346, 119
Trd, 8639180.312, 123
Trd, 8639180.746, 130
Trd, 8639181.046, 132
Trd, 8639181.579, 129
Trd, 8639181.612, 116
Trd, 8639182.746, 137
Trd, 8639183.612, 132
Trd, 8639184.379, 126
Trd, 8639184.412, 120
Trd, 8639184.679, 138
Trd, 8639184.712, 124
Trd, 8639185.246, 138
Trd, 8639186.079, 110
Trd, 8639186.946, 93
Trd, 8639187.079, 128
Trd, 8639187.346, 93
Trd, 8639187.679, 102
Trd, 8639188.579, 117
Trd, 8639189.279, 115
Trd, 8639189.446, 104
Trd, 8639189.612, 96
Trd, 8639189.812, 130
Trd, 8639189.946, 123
Trd, 8639190.312, 116
Trd, 8639190.612, 67
Trd, 8639191.246, 125
Trd, 8639193.179, 128
Trd, 8639193.246, 120
Trd, 8639193.612, 140
Trd, 8639193.779, 138
Trd, 8639194.012, 132
Trd, 8639194.579, 136
Trd, 8639194.646, 116
Trd, 8639196.246, 80
Trd, 8639196.679, 91
Trd, 8639197.246, 94
Trd, 8639197.512, 120
Trd, 8639197.746, 128
Trd, 8639197.879, 122
Trd, 8639198.579, 108
Trd, 8639198.679, 126
Trd, 8639198.812, 127
Trd, 8639199.679, 108
Trd, 8639200.212, 140
Trd, 8639200.446, 110
Trd, 8639200.579, 108
Trd, 8639201.246, 109
Trd, 8639202.512, 137
Trd, 8639202.746, 136
Trd, 8639202.779, 121
Trd, 8639203.479, 135
Trd, 8639203.712, 126
Trd, 8639204.579, 140
Trd, 8639204.746, 132
Trd, 8639205.746, 129
Trd, 8639206.046, 127
Trd, 8639206.446, 123
Trd, 8639206.879, 119
Trd, 8639207.012, 133
Trd, 8639207.079, 110
Trd, 8639208.012, 123
Trd, 8639208.246, 115
Trd, 8639208.712, 101
Trd, 8639208.746, 101
Trd, 8639209.279, 94
Trd, 8639209.679, 138
Trd, 8639209.979, 92
Trd, 8639210.212, 134
Trd, 8639211.779, 140
Trd, 8639212.379, 133
Trd, 8639212.812, 138
Trd, 8639213.646, 88
Trd, 8639214.079, 120
Trd, 8639214.146, 112
Trd, 8639214.946, 123
Trd, 8639215.179, 138
Trd, 8639215.312, 138
Trd, 8639216.446, 134
Trd, 8639216.846, 124
Trd, 8639217.712, 138
Trd, 8639218.179, 139
Trd, 8639218.412, 109
Trd, 8639219.012, 139
Trd, 8639219.746, 124
Trd, 8639219.779, 111
Trd, 8639221.379, 139
Trd, 8639222.179, 136
Trd, 8639222.212, 133
Trd, 8639222.379, 120
Trd, 8639223.712, 130
Trd, 8639223.846, 108
Trd, 8639223.946, 116
Trd, 8639224.246, 140
Trd, 8639224.579, 124
Trd, 8639224.712, 111
Trd, 8639224.746, 89
Trd, 8639225.579, 105
Trd, 8639226.479, 136
Trd, 8639226.746, 112
Trd, 8639228.812, 134
Trd, 8639228.846, 133
Trd, 8639229.012, 132
Trd, 8639229.112, 126
Trd, 8639230.579, 113
Trd, 8639231.812, 108
Trd, 8639231.879, 83
Trd, 8639232.012, 92
Trd, 8639232.246, 73
Trd, 8639232.779, 83
Trd, 8639232.812, 117
Trd, 8639233.479, 131
Trd, 8639233.546, 74
Trd, 8639234.579, 99
Trd, 8639234.879, 111
Trd, 8639235.446, 138
Trd, 8639235.712, 131
Trd, 8639237.146, 113
Trd, 8639237.379, 124
Trd, 8639237.846, 115
Trd, 8639238.012, 127
Trd, 8639238.312, 108
Trd, 8639238.379, 78
Trd, 8639238.479, 133
Trd, 8639238.879, 125
Trd, 8639240.446, 138
Trd, 8639240.479, 129
Trd, 8639240.546, 117
Trd, 8639240.812, 140
Trd, 8639241.679, 138
Trd, 8639241.946, 129
Trd, 8639242.012, 125
Trd, 8639242.846, 129
Trd, 8639243.346, 117
Trd, 8639243.512, 103
Trd, 8639244.112, 124
Trd, 8639244.946, 117
Trd, 8639245.746, 137
Trd, 8639246.612, 131
Trd, 8639247.279, 132
Trd, 8639247.446, 116
Trd, 8639248.212, 132
Trd, 8639248.246, 111
Trd, 8639248.579, 106
Trd, 8639248.612, 91
Trd, 8639248.779, 129
Trd, 8639249.546, 93
Trd, 8639250.246, 120
Trd, 8639250.612, 122
Trd, 8639251.246, 126
Trd, 8639251.546, 117
Trd, 8639252.046, 112
Trd, 8639252.146, 109
Trd, 8639253.379, 121
Trd, 8639253.579, 118
Trd, 8639254.312, 123
Trd, 8639254.412, 108
Trd, 8639254.712, 113
Trd, 8639254.912, 85
Trd, 8639255.179, 101
Trd, 8639255.312, 79
Trd, 8639255.946, 121
Trd, 8639256.246, 112
Trd, 8639256.679, 82
Trd, 8639256.946, 136
Trd, 8639257.546, 121
Trd, 8639257.946, 72
Trd, 8639258.912, 97
Trd, 8639259.179, 101
Trd, 8639260.179, 117
Trd, 8639260.412, 112
Trd, 8639260.812, 135
Trd, 8639261.346, 109
Trd, 8639261.679, 122
Trd, 8639261.812, 125
Trd, 8639263.679, 130
Trd, 8639264.146, 137
Trd, 8639264.346, 124
Trd, 8639264.412, 121
Trd, 8639264.979, 137
Trd, 8639265.712, 134
Trd, 8639265.746, 123
Trd, 8639267.046, 139
Trd, 8639267.212, 132
Trd, 8639267.546, 125
Trd, 8639267.812, 115
Trd, 8639268.446, 132
Trd, 8639269.012, 100
Trd, 8639269.779, 133
Trd, 8639269.946, 121
Trd, 8639270.879, 129
Trd, 8639270.946, 108
Trd, 8639271.112, 106
Trd, 8639271.712, 134
Trd, 8639272.079, 109
Trd, 8639272.779, 138
Trd, 8639273.279, 131
Trd, 8639274.546, 134
Trd, 8639275.212, 126
Trd, 8639275.579, 131
Trd, 8639276.079, 119
Trd, 8639276.512, 129
Trd, 8639276.712, 91
Trd, 8639277.312, 110
Trd, 8639277.879, 131
Trd, 8639278.246, 116
Trd, 8639278.479, 109
Trd, 8639278.812, 115
Trd, 8639278.946, 128
Trd, 8639279.212, 99
Trd, 8639279.679, 99
Trd, 8639280.212, 90
Trd, 8639280.879, 104
Trd, 8639281.279, 86
Trd, 8639281.346, 76
Trd, 8639282.312, 135
Trd, 8639282.379, 126
Trd, 8639283.046, 129
Trd, 8639283.179, 94
Trd, 8639284.279, 125
Trd, 8639284.479, 86
Trd, 8639284.812, 131
Trd, 8639285.079, 108
Trd, 8639286.612, 131
Trd, 8639288.179, 134
Trd, 8639288.712, 128
Trd, 8639289.046, 139
Trd, 8639289.112, 122
Trd, 8639290.079, 133
Trd, 8639290.212, 122
Trd, 8639290.912, 120
Trd, 8639291.546, 138
Trd, 8639292.079, 118
Trd, 8639293.179, 131
Trd, 8639293.479, 137
Trd, 8639293.546, 134
Trd, 8639293.846, 136
Trd, 8639293.979, 127
Trd, 8639294.579, 109
Trd, 8639295.512, 102
Trd, 8639296.146, 96
Trd, 8639296.412, 118
Trd, 8639296.479, 90
Trd, 8639296.746, 124
Trd, 8639296.946, 123
Trd, 8639297.379, 122
Trd, 8639297.979, 117
Trd, 8639298.479, 102
Trd, 8639298.546, 100
Trd, 8639298.879, 68
Trd, 8639300.012, 110
Trd, 8639300.112, 136
Trd, 8639300.446, 131
Trd, 8639300.479, 106
Trd, 8639300.846, 84
Trd, 8639301.579, 78
Trd, 8639301.912, 104
Trd, 8639302.079, 75
Trd, 8639302.612, 118
Trd, 8639302.779, 110
Trd, 8639303.612, 115
Trd, 8639304.746, 125
Trd, 8639304.912, 110
Trd, 8639305.479, 140
Trd, 8639305.979, 127
Trd, 8639306.046, 106
Trd, 8639306.346, 140
Trd, 8639307.246, 109
Trd, 8639307.379, 138
Trd, 8639308.279, 121
Trd, 8639309.679, 130
Trd, 8639309.812, 90
Trd, 8639310.246, 140
Trd, 8639311.412, 136
Trd, 8639311.912, 138
Trd, 8639313.012, 138
Trd, 8639313.179, 122
Trd, 8639313.646, 100
Trd, 8639313.779, 100
Trd, 8639313.912, 111
Trd, 8639314.246, 78
Trd, 8639314.712, 120
Trd, 8639314.912, 112
Trd, 8639315.246, 110
Trd, 8639315.679, 87
Trd, 8639316.179, 88
Trd, 8639316.246, 84
Trd, 8639317.179, 90
Trd, 8639317.912, 118
Trd, 8639317.946, 113
Trd, 8639318.446, 126
Trd, 8639318.712, 134
Trd, 8639319.246, 136
Trd, 8639319.346, 136
Trd, 8639319.846, 130
Trd, 8639321.079, 102
Trd, 8639321.312, 91
Trd, 8639321.646, 130
Trd, 8639322.279, 125
Trd, 8639322.346, 102
Trd, 8639322.812, 96
Trd, 8639322.946, 135
Trd, 8639323.746, 132
Trd, 8639323.946, 102
Trd, 8639325.612, 126
Trd, 8639325.779, 116
Trd, 8639325.846, 96
Trd, 8639326.179, 129
Trd, 8639326.546, 112
Trd, 8639327.712, 121
Trd, 8639327.779, 116
Trd, 8639328.246, 120
Trd, 8639328.346, 111
Trd, 8639328.779, 92
Trd, 8639328.812, 109
Trd, 8639329.746, 127
Trd, 8639330.446, 136
Trd, 8639330.779, 107
Trd, 8639330.979, 103
Trd, 8639331.846, 138
Trd, 8639332.212, 134
Trd, 8639332.946, 97
Trd, 8639333.779, 130
Trd, 8639333.846, 126
Trd, 8639334.512, 127
Trd, 8639334.812, 112
Trd, 8639334.846, 111
Trd, 8639334.979, 83
Trd, 8639335.679, 136
Trd, 8639336.979, 138
Trd, 8639337.279, 129
Trd, 8639338.346, 126
Trd, 8639339.012, 140
Trd, 8639340.079, 134
Trd, 8639340.279, 133
Trd, 8639341.046, 126
Trd, 8639341.079, 120
Trd, 8639341.646, 134
Trd, 8639341.912, 126
Trd, 8639342.246, 135
Trd, 8639342.579, 117
Trd, 8639342.746, 98
Trd, 8639342.846, 118
Trd, 8639343.112, 97
Trd, 8639343.512, 98
Trd, 8639343.712, 108
Trd, 8639343.846, 97
Trd, 8639345.379, 135
Trd, 8639346.046, 127
Trd, 8639346.112, 112
Trd, 8639346.312, 99
Trd, 8639346.379, 96
Trd, 8639346.412, 89
Trd, 8639346.912, 140
Trd, 8639347.646, 102
Trd, 8639348.612, 109
Trd, 8639348.979, 122
Trd, 8639349.546, 137
Trd, 8639350.779, 127
Trd, 8639351.046, 131
Trd, 8639351.479, 116
Trd, 8639352.112, 106
Trd, 8639352.946, 135
Trd, 8639353.079, 122
Trd, 8639353.312, 101
Trd, 8639355.146, 135
Trd, 8639355.346, 140
Trd, 8639355.979, 127
Trd, 8639356.446, 128
Trd, 8639356.512, 122
Trd, 8639356.746, 116
Trd, 8639357.246, 114
Trd, 8639357.312, 111
Trd, 8639357.812, 136
Trd, 8639357.979, 115
Trd, 8639358.379, 90
Trd, 8639359.512, 131
Trd, 8639361.079, 132
Trd, 8639361.512, 129
Trd, 8639361.546, 123
Trd, 8639361.679, 139
Trd, 8639362.179, 139
Trd, 8639363.779, 119
Trd, 8639363.846, 136
Trd, 8639363.946, 118
Trd, 8639364.012, 115
Trd, 8639364.146, 103
Trd, 8639364.212, 93
Trd, 8639364.346, 136
Trd, 8639364.679, 134
Trd, 8639365.012, 81
Trd, 8639366.412, 117
Trd, 8639366.479, 117
Trd, 8639366.779, 134
Trd, 8639366.879, 95
Trd, 8639367.946, 119
Trd, 8639368.146, 120
Trd, 8639368.546, 78
Trd, 8639368.846, 67
Trd, 8639369.012, 93
Trd, 8639369.312, 116
Trd, 8639369.712, 105
Trd, 8639369.779, 93
Trd, 8639370.979, 138
Trd, 8639371.546, 136
Trd, 8639371.612, 120
Trd, 8639372.546, 133
Trd, 8639373.146, 122
Trd, 8639374.212, 137
Trd, 8639374.312, 103
Trd, 8639375.279, 99
Trd, 8639375.946, 117
Trd, 8639376.712, 130
Trd, 8639376.746, 106
Trd, 8639377.079, 125
Trd, 8639378.046, 137
Trd, 8639378.779, 135
Trd, 8639378.979, 125
Trd, 8639379.312, 124
Trd, 8639380.012, 123
Trd, 8639380.112, 122
Trd, 8639380.479, 132
Trd, 8639381.212, 100
Trd, 8639382.112, 139
Trd, 8639382.712, 133
Trd, 8639383.212, 133
Trd, 8639383.246, 127
Trd, 8639383.379, 111
Trd, 8639383.779, 135
Trd, 8639384.346, 135
Trd, 8639386.179, 128
Trd, 8639386.612, 139
Trd, 8639386.746, 122
Trd, 8639387.212, 122
Trd, 8639387.812, 92
Trd, 8639388.646, 138
Trd, 8639389.012, 129
Trd, 8639389.112, 126
Trd, 8639389.146, 113
Trd, 8639390.046, 130
Trd, 8639391.412, 137
Trd, 8639392.179, 135
Trd, 8639392.612, 132
Trd, 8639393.046, 133
Trd, 8639393.379, 121
Trd, 8639393.646, 99
Trd, 8639393.746, 109
Trd, 8639393.846, 84
Trd, 8639396.412, 119
Trd, 8639397.012, 122
Trd, 8639397.312, 133
Trd, 8639397.912, 133
Trd, 8639398.312, 138
Trd, 8639399.346, 116
Trd, 8639399.546, 111
Trd, 8639399.612, 111
Trd, 8639399.779, 125
Trd, 8639399.879, 124
Trd, 8639400.346, 136
Trd, 8639401.479, 130
Trd, 8639401.612, 122
Trd, 8639403.479, 133
Trd, 8639403.546, 128
Trd, 8639403.912, 124
Trd, 8639403.946, 119
Trd, 8639404.112, 127
Trd, 8639404.746, 137
Trd, 8639404.879, 114
Trd, 8639405.279, 79
Trd, 8639406.012, 103
Trd, 8639406.379, 120
Trd, 8639407.046, 118
Trd, 8639407.612, 115
Trd, 8639407.812, 95
Trd, 8639408.846, 133
Trd, 8639409.479, 127
Trd, 8639409.679, 126
Trd, 8639409.779, 121
Trd, 8639410.146, 126
Trd, 8639410.479, 123
Trd, 8639410.912, 137
Trd, 8639411.212, 118
Trd, 8639412.412, 130
Trd, 8639412.979, 122
Trd, 8639413.046, 121
Trd, 8639413.246, 115
Trd, 8639413.279, 108
Trd, 8639413.446, 126
Trd, 8639413.479, 100
Trd, 8639414.779, 140
Trd, 8639415.046, 135
Trd, 8639415.712, 137
Trd, 8639416.012, 131
Trd, 8639416.179, 129
Trd, 8639416.479, 108
Trd, 8639417.246, 111
Trd, 8639418.112, 104
Trd, 8639418.312, 103
Trd, 8639418.946, 131
Trd, 8639419.646, 124
Trd, 8639420.279, 128
Trd, 8639420.579, 133
Trd, 8639421.779, 127
Trd, 8639422.379, 129
Trd, 8639422.812, 125
Trd, 8639423.212, 124
Trd, 8639423.279, 122
Trd, 8639423.346, 113
Trd, 8639424.846, 138
Trd, 8639425.579, 123
Trd, 8639425.679, 114
Trd, 8639425.712, 112
Trd, 8639425.746, 115
Trd, 8639426.079, 114
Trd, 8639427.279, 126
Trd, 8639427.379, 120
Trd, 8639427.846, 128
Trd, 8639428.279, 119
Trd, 8639428.812, 112
Trd, 8639429.912, 108
Trd, 8639429.946, 106
Trd, 8639430.846, 130
Trd, 8639431.679, 135
Trd, 8639431.712, 126
Trd, 8639432.046, 121
Trd, 8639432.246, 121
Trd, 8639432.346, 91
Trd, 8639432.512, 95
Trd, 8639434.046, 137
Trd, 8639434.979, 135
Trd, 8639435.046, 123
Trd, 8639435.212, 96
Trd, 8639436.146, 139
Trd, 8639437.079, 132
Trd, 8639437.279, 130
Trd, 8639437.712, 128
Trd, 8639438.246, 121
Trd, 8639439.312, 133
Trd, 8639439.812, 119
Trd, 8639439.879, 116
Trd, 8639440.079, 78
Trd, 8639440.512, 126
Trd, 8639440.646, 132
Trd, 8639440.879, 134
Trd, 8639441.579, 132
Trd, 8639441.846, 113
Trd, 8639442.712, 116
Trd, 8639442.979, 133
Trd, 8639443.179, 129
Trd, 8639444.279, 115
Trd, 8639444.379, 112
Trd, 8639444.879, 140
Trd, 8639445.112, 95
Trd, 8639446.246, 128
Trd, 8639446.379, 123
Trd, 8639447.079, 114
Trd, 8639447.412, 109
Trd, 8639448.046, 108
Trd, 8639448.646, 118
Trd, 8639448.812, 112
Trd, 8639449.012, 111
Trd, 8639449.379, 104
Trd, 8639449.412, 100
Trd, 8639449.746, 117
Trd, 8639449.812, 65
Trd, 8639450.579, 133
Trd, 8639450.879, 138
Trd, 8639451.846, 127
Trd, 8639452.779, 139
Trd, 8639452.812, 138
Trd, 8639452.912, 123
Trd, 8639453.612, 111
Trd, 8639454.646, 124
Trd, 8639454.779, 105
Trd, 8639454.812, 86
Trd, 8639456.246, 140
Trd, 8639456.346, 123
Trd, 8639456.846, 119
Trd, 8639456.879, 96
Trd, 8639457.212, 106
Trd, 8639457.712, 103
Trd, 8639458.446, 100
Trd, 8639459.246, 124
Trd, 8639459.546, 82
Trd, 8639460.046, 98
Trd, 8639460.312, 106
Trd, 8639460.379, 132
Trd, 8639461.079, 128
Trd, 8639461.612, 128
Trd, 8639462.179, 138
Trd, 8639462.679, 135
Trd, 8639462.846, 128
Trd, 8639463.112, 136
Trd, 8639463.546, 80
Trd, 8639464.979, 139
Trd, 8639465.279, 134
Trd, 8639465.546, 123
Trd, 8639465.746, 106
Trd, 8639466.979, 111
Trd, 8639467.812, 140
Trd, 8639468.046, 138
Trd, 8639469.279, 116
Trd, 8639469.946, 136
Trd, 8639470.046, 111
Trd, 8639470.979, 111
Trd, 8639471.779, 136
Trd, 8639471.912, 124
Trd, 8639472.179, 111
Trd, 8639472.879, 126
Trd, 8639473.046, 119
Trd, 8639473.479, 114
Trd, 8639474.746, 120
Trd, 8639475.579, 114
Trd, 8639475.646, 112
Trd, 8639476.112, 127
Trd, 8639476.512, 119
Trd, 8639476.546, 106
Trd, 8639476.812, 96
Trd, 8639476.946, 107
Trd, 8639477.079, 86
Trd, 8639479.146, 136
Trd, 8639479.279, 126
Trd, 8639479.446, 124
Trd, 8639479.912, 117
Trd, 8639480.346, 112
Trd, 8639480.979, 118
Trd, 8639481.046, 106
Trd, 8639481.112, 106
Trd, 8639481.279, 119
Trd, 8639482.012, 92
Trd, 8639482.946, 140
Trd, 8639483.179, 136
Trd, 8639483.479, 137
Trd, 8639486.279, 128
Trd, 8639486.346, 130
Trd, 8639486.446, 124
Trd, 8639486.479, 118
Trd, 8639486.746, 122
Trd, 8639487.979, 113
Trd, 8639488.112, 129
Trd, 8639488.646, 132
Trd, 8639488.879, 125
Trd, 8639489.679, 140
Trd, 8639490.112, 124
Trd, 8639490.646, 140
Trd, 8639490.912, 122
Trd, 8639491.112, 119
Trd, 8639491.846, 128
Trd, 8639492.279, 113
Trd, 8639492.812, 140
Trd, 8639493.179, 133
Trd, 8639493.446, 99
Trd, 8639493.479, 98
Trd, 8639494.546, 127
Trd, 8639494.712, 137
Trd, 8639494.846, 125
Trd, 8639495.112, 102
Trd, 8639495.879, 71
Trd, 8639496.579, 103
Trd, 8639496.879, 122
Trd, 8639497.979, 131
Trd, 8639498.146, 113
Trd, 8639498.312, 107
Trd, 8639498.479, 111
Trd, 8639498.579, 102
Trd, 8639498.779, 124
Trd, 8639499.379, 120
Trd, 8639499.879, 114
Trd, 8639501.479, 140
Trd, 8639502.146, 132
Trd, 8639502.512, 130
Trd, 8639502.879, 118
Trd, 8639503.712, 111
Trd, 8639503.779, 109
Trd, 8639503.812, 99
Trd, 8639503.979, 98
Trd, 8639504.146, 113
Trd, 8639504.746, 121
Trd, 8639505.679, 113
Trd, 8639506.279, 139
Trd, 8639506.779, 133
Trd, 8639507.312, 131
Trd, 8639507.512, 131
Trd, 8639507.746, 130
Trd, 8639508.079, 130
Trd, 8639509.112, 123
Trd, 8639509.346, 121
Trd, 8639509.579, 117
Trd, 8639510.712, 139
Trd, 8639510.979, 137
Trd, 8639511.479, 132
Trd, 8639512.512, 123
Trd, 8639513.046, 139
Trd, 8639513.146, 125
Trd, 8639513.179, 124
Trd, 8639513.312, 123
Trd, 8639513.879, 127
Trd, 8639514.512, 131
Trd, 8639514.546, 119
Trd, 8639515.746, 119
Trd, 8639516.146, 131
Trd, 8639517.279, 130
Trd, 8639518.279, 133
Trd, 8639518.679, 136
Trd, 8639519.246, 136
Trd, 8639519.379, 126
Trd, 8639519.979, 127
Trd, 8639520.146, 120
Trd, 8639520.246, 116
Trd, 8639520.979, 129
Trd, 8639521.712, 140
Trd, 8639522.346, 117
Trd, 8639523.279, 130
Trd, 8639523.579, 127
Trd, 8639523.979, 134
Trd, 8639524.479, 121
Trd, 8639524.512, 115
Trd, 8639525.412, 139
Trd, 8639525.746, 121
Trd, 8639527.212, 137
Trd, 8639527.479, 133
Trd, 8639527.812, 131
Trd, 8639528.046, 128
Trd, 8639528.146, 127
Trd, 8639528.279, 126
Trd, 8639528.612, 130
Trd, 8639528.812, 120
Trd, 8639529.779, 135
Trd, 8639529.812, 121
Trd, 8639530.012, 129
Trd, 8639530.279, 120
Trd, 8639531.812, 135
Trd, 8639532.612, 139
Trd, 8639532.846, 136
Trd, 8639533.312, 135
Trd, 8639533.712, 130
Trd, 8639534.312, 102
Trd, 8639534.612, 130
Trd, 8639534.846, 139
Trd, 8639535.279, 132
Trd, 8639535.312, 119
Trd, 8639535.546, 98
Trd, 8639535.579, 80
Trd, 8639536.346, 135
Trd, 8639537.779, 136
Trd, 8639538.112, 131
Trd, 8639539.179, 124
Trd, 8639539.712, 137
Trd, 8639539.912, 133
Trd, 8639540.946, 135
Trd, 8639541.112, 131
Trd, 8639542.312, 111
Trd, 8639542.379, 110
Trd, 8639542.779, 120
Trd, 8639542.846, 115
Trd, 8639543.012, 115
Trd, 8639543.512, 119
Trd, 8639543.546, 78
Trd, 8639543.946, 78
Trd, 8639544.279, 71
Trd, 8639544.846, 131
Trd, 8639545.346, 117
Trd, 8639546.212, 123
Trd, 8639546.779, 133
Trd, 8639546.846, 124
Trd, 8639547.246, 118
Trd, 8639547.346, 106
Trd, 8639547.379, 104
Trd, 8639547.646, 108
Trd, 8639549.312, 136
Trd, 8639549.946, 137
Trd, 8639550.246, 134
Trd, 8639550.812, 126
Trd, 8639551.179, 123
Trd, 8639551.679, 105
Trd, 8639551.979, 128
Trd, 8639552.312, 123
Trd, 8639552.546, 107
Trd, 8639553.046, 94
Trd, 8639553.412, 81
Trd, 8639553.746, 130
Trd, 8639554.512, 97
Trd, 8639555.546, 82
Trd, 8639555.579, 81
Trd, 8639555.646, 75
Trd, 8639556.112, 132
Trd, 8639557.246, 132
Trd, 8639557.312, 126
Trd, 8639558.079, 123
Trd, 8639558.979, 123
Trd, 8639559.079, 107
Trd, 8639559.146, 95
Trd, 8639559.812, 120
Trd, 8639559.946, 112
Trd, 8639561.279, 111
Trd, 8639561.646, 135
Trd, 8639562.112, 126
Trd, 8639562.412, 128
Trd, 8639562.546, 114
Trd, 8639562.746, 110
Trd, 8639562.812, 96
Trd, 8639563.646, 134
Trd, 8639564.079, 116
Trd, 8639565.212, 137
Trd, 8639565.479, 131
Trd, 8639566.446, 111
Trd, 8639567.312, 97
Trd, 8639567.579, 114
Trd, 8639567.646, 103
Trd, 8639567.679, 95
Trd, 8639568.212, 101
Trd, 8639570.079, 117
Trd, 8639570.779, 131
Trd, 8639571.412, 140
Trd, 8639571.512, 104
Trd, 8639572.346, 127
Trd, 8639572.746, 103
Trd, 8639573.412, 119
Trd, 8639573.579, 132
Trd, 8639573.712, 90
Trd, 8639574.112, 124
Trd, 8639574.379, 122
Trd, 8639574.712, 84
Trd, 8639575.346, 87
Trd, 8639575.479, 83
Trd, 8639575.546, 96
Trd, 8639576.312, 135
Trd, 8639577.146, 85
Trd, 8639577.546, 114
Trd, 8639578.479, 136
Trd, 8639578.846, 92
Trd, 8639579.112, 100
Trd, 8639579.179, 82
Trd, 8639580.446, 135
Trd, 8639581.312, 136
Trd, 8639581.379, 120
Trd, 8639581.612, 114
Trd, 8639581.946, 98
Trd, 8639582.479, 92
Trd, 8639582.579, 91
Trd, 8639582.712, 132
Trd, 8639582.779, 89
Trd, 8639583.212, 105
Trd, 8639583.346, 104
Trd, 8639583.546, 73
Trd, 8639583.612, 103
Trd, 8639584.612, 116
Trd, 8639585.046, 95
Trd, 8639585.412, 79
Trd, 8639586.579, 72
Trd, 8639586.746, 124
Trd, 8639587.146, 131
Trd, 8639587.512, 121
Trd, 8639587.946, 80
Trd, 8639588.246, 115
Trd, 8639588.512, 79
Trd, 8639588.912, 133
Trd, 8639590.179, 124
Trd, 8639591.612, 113
Trd, 8639592.312, 104
Trd, 8639592.379, 101
Trd, 8639592.546, 123
Trd, 8639592.646, 114
Trd, 8639593.312, 84
Trd, 8639593.646, 134
Trd, 8639594.079, 127
Trd, 8639594.479, 135
Trd, 8639595.179, 121
Trd, 8639595.446, 113
Trd, 8639595.646, 132
Trd, 8639596.079, 111
Trd, 8639596.546, 110
Trd, 8639597.279, 121
Trd, 8639597.546, 131
Trd, 8639598.679, 119
Trd, 8639598.912, 118
Trd, 8639599.279, 115
Trd, 8639599.579, 122
Trd, 8639600.046, 111
Trd, 8639600.246, 94
Trd, 8639600.379, 84
Trd, 8639601.646, 101
Trd, 8639602.246, 102
Trd, 8639602.346, 106
Trd, 8639602.979, 135
Trd, 8639603.646, 135
Trd, 8639603.879, 124
Trd, 8639604.012, 119
Trd, 8639604.512, 113
Trd, 8639604.546, 107
Trd, 8639604.846, 138
Trd, 8639605.212, 129
Trd, 8639606.179, 116
Trd, 8639606.512, 87
Trd, 8639606.612, 115
Trd, 8639607.112, 79
Trd, 8639607.679, 105
Trd, 8639608.846, 125
Trd, 8639609.512, 130
Trd, 8639609.546, 85
Trd, 8639610.712, 131
Trd, 8639611.012, 126
Trd, 8639611.279, 120
Trd, 8639611.346, 111
Trd, 8639611.746, 107
Trd, 8639612.012, 136
Trd, 8639612.779, 106
Trd, 8639613.212, 115
Trd, 8639613.946, 119
Trd, 8639614.046, 103
Trd, 8639614.546, 140
Trd, 8639615.946, 138
Trd, 8639616.146, 133
Trd, 8639616.446, 132
Trd, 8639617.312, 139
Trd, 8639617.712, 137
Trd, 8639617.912, 131
Trd, 8639619.079, 136
Trd, 8639619.479, 129
Trd, 8639619.679, 120
Trd, 8639620.546, 81
Trd, 8639621.479, 135
Trd, 8639621.979, 112
Trd, 8639623.146, 137
Trd, 8639623.279, 132
Trd, 8639623.846, 128
Trd, 8639624.946, 111
Trd, 8639625.079, 96
Trd, 8639625.812, 121
Trd, 8639626.479, 133
Trd, 8639626.712, 136
Trd, 8639627.379, 122
Trd, 8639627.779, 121
Trd, 8639627.979, 118
Trd, 8639628.312, 114
Trd, 8639628.879, 104
Trd, 8639629.646, 119
Trd, 8639629.846, 120
Trd, 8639630.079, 92
Trd, 8639630.612, 119
Trd, 8639631.346, 136
Trd, 8639631.612, 95
Trd, 8639632.079, 86
Trd, 8639632.579, 95
Trd, 8639632.879, 71
Trd, 8639632.946, 116
Trd, 8639633.046, 67
Trd, 8639633.612, 120
Trd, 8639633.946, 74
Trd, 8639635.246, 103
Trd, 8639635.679, 130
Trd, 8639635.946, 130
Trd, 8639636.246, 129
Trd, 8639636.946, 133
Trd, 8639637.346, 122
Trd, 8639637.579, 135
Trd, 8639637.979, 101
Trd, 8639638.546, 91
Trd, 8639638.812, 98
Trd, 8639639.046, 124
Trd, 8639639.079, 127
Trd, 8639639.679, 119
Trd, 8639639.912, 100
Trd, 8639640.946, 138
Trd, 8639641.546, 97
Trd, 8639642.879, 123
Trd, 8639643.379, 123
Trd, 8639643.412, 118
Trd, 8639644.146, 135
Trd, 8639644.479, 108
Trd, 8639644.712, 99
Trd, 8639644.979, 94
Trd, 8639645.112, 107
Trd, 8639645.312, 132
Trd, 8639645.446, 85
Trd, 8639645.679, 96
Trd, 8639645.779, 109
Trd, 8639646.546, 96
Trd, 8639647.112, 128
Trd, 8639647.679, 125
Trd, 8639648.646, 115
Trd, 8639648.779, 110
Trd, 8639649.279, 133
Trd, 8639650.046, 121
Trd, 8639650.312, 113
Trd, 8639650.979, 134
Trd, 8639651.179, 127
Trd, 8639652.612, 137
Trd, 8639652.812, 127
Trd, 8639653.779, 110
Trd, 8639654.179, 129
Trd, 8639655.079, 123
Trd, 8639655.379, 129
Trd, 8639655.746, 109
Trd, 8639655.979, 102
Trd, 8639656.146, 74
Trd, 8639657.046, 138
Trd, 8639657.146, 136
Trd, 8639657.279, 136
Trd, 8639657.479, 101
Trd, 8639657.812, 137
Trd, 8639658.079, 132
Trd, 8639658.946, 136
Trd, 8639659.646, 116
Trd, 8639660.079, 114
Trd, 8639660.812, 123
Trd, 8639660.979, 136
Trd, 8639661.846, 119
Trd, 8639662.046, 119
Trd, 8639663.112, 114
Trd, 8639663.412, 98
Trd, 8639663.979, 63
Trd, 8639664.346, 81
Trd, 8639664.379, 78
Trd, 8639664.879, 61
Trd, 8639665.612, 72
Trd, 8639665.912, 71
Trd, 8639666.146, 65
Trd, 8639666.479, 122
Trd, 8639667.412, 139
Trd, 8639667.746, 101
Trd, 8639668.179, 134
Trd, 8639668.346, 97
Trd, 8639668.579, 88
Trd, 8639669.046, 80
Trd, 8639669.146, 90
Trd, 8639669.479, 131
Trd, 8639669.812, 111
Trd, 8639670.112, 101
Trd, 8639670.546, 132
Trd, 8639672.012, 123
Trd, 8639672.246, 104
Trd, 8639672.746, 99
Trd, 8639673.312, 140
Trd, 8639673.679, 137
Trd, 8639673.812, 129
Trd, 8639674.146, 120
Trd, 8639674.579, 132
Trd, 8639675.546, 136
Trd, 8639675.612, 98
Trd, 8639675.679, 120
Trd, 8639676.612, 86
Trd, 8639676.946, 137
Trd, 8639677.112, 130
Trd, 8639677.212, 125
Trd, 8639677.279, 112
Trd, 8639678.179, 125
Trd, 8639678.446, 90
Trd, 8639678.846, 125
Trd, 8639678.912, 105
Trd, 8639680.146, 133
Trd, 8639680.346, 124
Trd, 8639681.312, 118
Trd, 8639681.479, 112
Trd, 8639681.946, 108
Trd, 8639682.212, 105
Trd, 8639682.279, 100
Trd, 8639682.712, 139
Trd, 8639683.112, 124
Trd, 8639684.146, 113
Trd, 8639684.212, 113
Trd, 8639684.646, 126
Trd, 8639685.012, 109
Trd, 8639685.212, 107
Trd, 8639685.346, 131
Trd, 8639685.912, 115
Trd, 8639686.612, 115
Trd, 8639686.779, 128
Trd, 8639687.146, 95
Trd, 8639687.612, 66
Trd, 8639687.779, 108
Trd, 8639688.712, 135
Trd, 8639689.779, 139
Trd, 8639690.012, 132
Trd, 8639690.879, 135
Trd, 8639691.479, 134
Trd, 8639691.846, 121
Trd, 8639692.279, 86
Trd, 8639692.646, 79
Trd, 8639692.812, 87
Trd, 8639692.912, 77
Trd, 8639693.046, 129
Trd, 8639693.379, 112
Trd, 8639694.912, 98
Trd, 8639695.446, 137
Trd, 8639695.679, 92
Trd, 8639695.779, 136
Trd, 8639696.079, 78
Trd, 8639696.446, 126
Trd, 8639696.812, 63
Trd, 8639697.446, 138
Trd, 8639698.746, 129
Trd, 8639698.846, 112
Trd, 8639699.179, 125
Trd, 8639700.212, 133
Trd, 8639700.479, 118
Trd, 8639700.846, 140
Trd, 8639701.379, 134
Trd, 8639702.179, 137
Trd, 8639702.512, 117
Trd, 8639703.212, 97
Trd, 8639703.346, 97
Trd, 8639703.412, 74
Trd, 8639704.479, 124
Trd, 8639704.579, 132
Trd, 8639705.612, 125
Trd, 8639705.746, 119
Trd, 8639706.446, 124
Trd, 8639707.446, 86
Trd, 8639707.912, 136
Trd, 8639709.512, 135
Trd, 8639709.779, 140
Trd, 8639709.846, 135
Trd, 8639710.079, 130
Trd, 8639710.612, 128
Trd, 8639710.746, 113
Trd, 8639711.079, 82
Trd, 8639711.379, 136
Trd, 8639711.712, 140
Trd, 8639711.746, 133
Trd, 8639711.946, 131
Trd, 8639713.112, 134
Trd, 8639713.246, 121
Trd, 8639713.279, 117
Trd, 8639714.612, 140
Trd, 8639715.112, 140
Trd, 8639715.279, 134
Trd, 8639715.312, 123
Trd, 8639715.712, 127
Trd, 8639715.746, 122
Trd, 8639716.146, 137
Trd, 8639717.346, 140
Trd, 8639718.046, 136
Trd, 8639718.212, 110
Trd, 8639718.379, 131
Trd, 8639719.146, 112
Trd, 8639719.279, 105
Trd, 8639719.379, 105
Trd, 8639719.512, 100
Trd, 8639719.712, 92
Trd, 8639720.646, 129
Trd, 8639720.946, 90
Trd, 8639721.379, 124
Trd, 8639721.846, 112
Trd, 8639722.646, 110
Trd, 8639724.112, 126
Trd, 8639724.212, 135
Trd, 8639724.646, 123
Trd, 8639725.446, 122
Trd, 8639725.546, 121
Trd, 8639725.612, 117
Trd, 8639725.946, 125
Trd, 8639726.012, 116
Trd, 8639728.046, 122
Trd, 8639728.279, 111
Trd, 8639728.479, 91
Trd, 8639728.546, 114
Trd, 8639728.746, 139
Trd, 8639729.212, 84
Trd, 8639729.612, 72
Trd, 8639730.146, 72
Trd, 8639730.446, 98
Trd, 8639730.979, 96
Trd, 8639732.046, 136
Trd, 8639732.312, 125
Trd, 8639732.779, 139
Trd, 8639733.346, 136
Trd, 8639733.446, 87
Trd, 8639734.046, 99
Trd, 8639735.246, 130
Trd, 8639735.546, 128
Trd, 8639736.679, 127
Trd, 8639736.946, 124
Trd, 8639737.312, 123
Trd, 8639737.912, 116
Trd, 8639739.079, 123
Trd, 8639739.346, 133
Trd, 8639739.479, 128
Trd, 8639740.079, 116
Trd, 8639740.479, 138
Trd, 8639741.012, 120
Trd, 8639741.146, 106
Trd, 8639741.646, 91
Trd, 8639741.746, 85
Trd, 8639741.779, 84
Trd, 8639742.246, 100
Trd, 8639742.746, 134
Trd, 8639743.112, 97
Trd, 8639743.812, 103
Trd, 8639744.046, 82
Trd, 8639744.246, 136
Trd, 8639744.346, 129
Trd, 8639744.646, 122
Trd, 8639745.346, 71
Trd, 8639745.512, 69
Trd, 8639745.579, 83
Trd, 8639745.612, 68
Trd, 8639746.612, 112
Trd, 8639747.412, 130
Trd, 8639747.512, 117
Trd, 8639747.846, 122
Trd, 8639749.279, 103
Trd, 8639749.479, 137
Trd, 8639749.946, 140
Trd, 8639750.079, 96
Trd, 8639750.146, 111
Trd, 8639751.579, 138
Trd, 8639751.846, 103
Trd, 8639751.979, 140
Trd, 8639752.079, 100
Trd, 8639752.412, 79
Trd, 8639753.046, 105
Trd, 8639753.146, 77
Trd, 8639753.646, 132
Trd, 8639754.079, 133
Trd, 8639754.212, 135
Trd, 8639754.512, 132
Trd, 8639755.246, 109
Trd, 8639755.979, 133
Trd, 8639756.779, 116
Trd, 8639756.979, 118
Trd, 8639757.279, 115
Trd, 8639757.612, 128
Trd, 8639757.746, 109
Trd, 8639757.912, 106
Trd, 8639758.012, 123
Trd, 8639758.112, 103
Trd, 8639758.412, 85
Trd, 8639760.679, 133
Trd, 8639760.912, 127
Trd, 8639761.046, 115
Trd, 8639761.746, 106
Trd, 8639762.079, 138
Trd, 8639762.312, 123
Trd, 8639762.779, 112
Trd, 8639764.612, 140
Trd, 8639765.112, 110
Trd, 8639765.412, 110
Trd, 8639765.446, 106
Trd, 8639765.846, 139
Trd, 8639766.212, 139
Trd, 8639766.512, 132
Trd, 8639767.046, 111
Trd, 8639767.746, 105
Trd, 8639768.212, 116
Trd, 8639769.179, 134
Trd, 8639769.279, 135
Trd, 8639769.646, 135
Trd, 8639769.846, 117
Trd, 8639770.746, 126
Trd, 8639770.912, 112
Trd, 8639771.212, 137
Trd, 8639771.312, 131
Trd, 8639771.379, 103
Trd, 8639772.079, 85
Trd, 8639772.179, 94
Trd, 8639772.446, 99
Trd, 8639773.579, 109
Trd, 8639773.879, 77
Trd, 8639774.479, 76
Trd, 8639774.512, 120
Trd, 8639775.046, 136
Trd, 8639775.279, 133
Trd, 8639775.679, 120
Trd, 8639775.746, 91
Trd, 8639776.479, 112
Trd, 8639776.579, 82
Trd, 8639777.579, 112
Trd, 8639777.879, 110
Trd, 8639778.112, 107
Trd, 8639779.012, 129
Trd, 8639779.879, 136
Trd, 8639780.279, 114
Trd, 8639780.546, 104
Trd, 8639780.879, 130
Trd, 8639781.112, 137
Trd, 8639781.212, 105
Trd, 8639781.412, 100
Trd, 8639782.079, 94
Trd, 8639783.012, 127
Trd, 8639783.479, 133
Trd, 8639783.546, 116
Trd, 8639785.146, 140
Trd, 8639785.746, 132
Trd, 8639786.512, 123
Trd, 8639786.579, 112
Trd, 8639786.779, 132
Trd, 8639787.312, 140
Trd, 8639787.646, 140
Trd, 8639788.646, 140
Trd, 8639788.679, 136
Trd, 8639788.779, 126
Trd, 8639789.512, 123
Trd, 8639789.712, 110
Trd, 8639789.779, 100
Trd, 8639791.246, 88
Trd, 8639792.779, 126
Trd, 8639793.212, 122
Trd, 8639793.612, 119
Trd, 8639793.712, 117
Trd, 8639794.512, 121
Trd, 8639794.612, 100
Trd, 8639796.212, 140
Trd, 8639796.746, 140
Trd, 8639797.846, 127
Trd, 8639798.212, 95
Trd, 8639798.379, 108
Trd, 8639798.912, 128
Trd, 8639799.112, 100
Trd, 8639799.246, 116
Trd, 8639800.212, 133
Trd, 8639800.479, 132
Trd, 8639800.846, 136
Trd, 8639801.012, 96
Trd, 8639802.112, 136
Trd, 8639802.346, 138
Trd, 8639802.612, 126
Trd, 8639802.679, 107
Trd, 8639803.179, 127
Trd, 8639803.879, 123
Trd, 8639804.512, 90
Trd, 8639804.979, 87
Trd, 8639805.212, 104
Trd, 8639805.346, 131
Trd, 8639805.912, 132
Trd, 8639806.346, 105
Trd, 8639808.212, 140
Trd, 8639808.412, 132
Trd, 8639808.746, 129
Trd, 8639809.479, 125
Trd, 8639809.779, 140
Trd, 8639811.046, 113
Trd, 8639811.979, 130
Trd, 8639812.712, 139
Trd, 8639812.746, 139
Trd, 8639812.846, 135
Trd, 8639813.046, 132
Trd, 8639813.246, 123
Trd, 8639813.279, 105
Trd, 8639814.412, 140
Trd, 8639814.446, 112
Trd, 8639815.279, 135
Trd, 8639815.612, 126
Trd, 8639815.679, 86
Trd, 8639816.779, 103
Trd, 8639816.912, 76
Trd, 8639818.379, 125
Trd, 8639818.612, 112
Trd, 8639819.112, 106
Trd, 8639819.212, 116
Trd, 8639819.712, 122
Trd, 8639820.146, 108
Trd, 8639820.179, 138
Trd, 8639821.312, 133
Trd, 8639821.412, 138
Trd, 8639821.812, 134
Trd, 8639822.246, 125
Trd, 8639823.179, 123
Trd, 8639823.579, 138
Trd, 8639823.712, 115
Trd, 8639824.246, 136
Trd, 8639824.779, 121
Trd, 8639824.846, 113
Trd, 8639825.412, 112
Trd, 8639826.179, 138
Trd, 8639826.212, 122
Trd, 8639826.246, 122
Trd, 8639827.446, 129
Trd, 8639827.479, 120
Trd, 8639827.579, 113
Trd, 8639828.279, 122
Trd, 8639828.312, 110
Trd, 8639828.746, 115
Trd, 8639829.546, 75
Trd, 8639829.779, 68
Trd, 8639830.612, 134
Trd, 8639830.946, 128
Trd, 8639831.112, 130
Trd, 8639831.179, 108
Trd, 8639831.712, 131
Trd, 8639831.812, 111
Trd, 8639832.312, 106
Trd, 8639832.712, 126
Trd, 8639833.279, 97
Trd, 8639834.412, 96
Trd, 8639835.679, 135
Trd, 8639835.712, 120
Trd, 8639836.179, 123
Trd, 8639837.612, 140
Trd, 8639837.946, 136
Trd, 8639839.012, 140
Trd, 8639839.046, 137
Trd, 8639839.779, 140
Trd, 8639840.179, 132
Trd, 8639840.579, 130
Trd, 8639840.679, 139
Trd, 8639840.812, 127
Trd, 8639841.079, 100
Trd, 8639841.546, 108
Trd, 8639842.279, 86
Trd, 8639843.612, 136
Trd, 8639844.312, 118
Trd, 8639844.612, 138
Trd, 8639845.212, 133
Trd, 8639845.512, 129
Trd, 8639846.746, 118
Trd, 8639847.446, 125
Trd, 8639847.646, 139
Trd, 8639847.946, 124
Trd, 8639848.179, 102
Trd, 8639848.479, 99
Trd, 8639848.612, 111
Trd, 8639850.012, 134
Trd, 8639851.079, 126
Trd, 8639851.146, 124
Trd, 8639851.312, 123
Trd, 8639851.479, 109
Trd, 8639852.412, 123
Trd, 8639852.512, 119
Trd, 8639852.712, 139
Trd, 8639853.046, 126
Trd, 8639854.079, 128
Trd, 8639854.779, 97
Trd, 8639855.046, 132
Trd, 8639855.279, 122
Trd, 8639856.746, 137
Trd, 8639856.779, 127
Trd, 8639857.646, 104
Trd, 8639857.679, 100
Trd, 8639858.046, 119
Trd, 8639858.312, 89
Trd, 8639859.279, 84
Trd, 8639859.412, 94
Trd, 8639859.446, 88
Trd, 8639859.546, 127
Trd, 8639860.146, 137
Trd, 8639860.346, 115
Trd, 8639860.412, 119
Trd, 8639861.612, 132
Trd, 8639862.012, 110
Trd, 8639862.179, 105
Trd, 8639862.446, 74
Trd, 8639863.079, 91
Trd, 8639863.612, 100
Trd, 8639864.312, 129
Trd, 8639864.379, 92
Trd, 8639864.912, 100
Trd, 8639865.979, 131
Trd, 8639866.546, 138
Trd, 8639866.879, 132
Trd, 8639867.012, 118
Trd, 8639867.079, 117
Trd, 8639867.179, 112
Trd, 8639869.079, 139
Trd, 8639870.312, 133
Trd, 8639870.546, 132
Trd, 8639870.579, 126
Trd, 8639870.712, 124
Trd, 8639870.912, 119
Trd, 8639871.212, 118
Trd, 8639871.279, 134
Trd, 8639872.212, 126
Trd, 8639873.212, 130
Trd, 8639873.546, 133
Trd, 8639874.146, 130
Trd, 8639875.779, 139
Trd, 8639875.846, 136
Trd, 8639875.879, 134
Trd, 8639875.912, 133
Trd, 8639876.912, 93
Trd, 8639876.946, 91
Trd, 8639877.312, 101
Trd, 8639878.079, 123
Trd, 8639878.412, 117
Trd, 8639878.712, 127
Trd, 8639879.112, 139
Trd, 8639879.612, 117
Trd, 8639880.079, 127
Trd, 8639880.379, 116
Trd, 8639881.412, 123
Trd, 8639881.479, 120
Trd, 8639882.412, 128
Trd, 8639882.646, 119
Trd, 8639882.946, 117
Trd, 8639883.012, 111
Trd, 8639883.212, 116
Trd, 8639883.746, 111
Trd, 8639883.779, 101
Trd, 8639884.546, 121
Trd, 8639884.712, 115
Trd, 8639885.846, 132
Trd, 8639885.879, 130
Trd, 8639887.846, 139
Trd, 8639888.579, 131
Trd, 8639888.612, 131
Trd, 8639888.712, 124
Trd, 8639888.846, 137
Trd, 8639888.946, 123
Trd, 8639889.379, 140
Trd, 8639890.179, 130
Trd, 8639890.612, 138
Trd, 8639891.246, 129
Trd, 8639891.812, 131
Trd, 8639891.912, 125
Trd, 8639892.212, 119
Trd, 8639892.246, 116
Trd, 8639892.279, 116
Trd, 8639892.479, 97
Trd, 8639893.512, 90
Trd, 8639894.046, 75
Trd, 8639894.112, 92
Trd, 8639894.179, 111
Trd, 8639895.712, 127
Trd, 8639895.879, 118
Trd, 8639895.912, 118
Trd, 8639896.612, 60
Trd, 8639897.746, 63
Trd, 8639898.112, 103
Trd, 8639898.512, 137
Trd, 8639898.579, 106
Trd, 8639898.812, 116
Trd, 8639899.046, 76
Trd, 8639899.812, 91
Trd, 8639900.812, 110
Trd, 8639901.379, 118
Trd, 8639901.412, 114
Trd, 8639902.012, 134
Trd, 8639902.412, 132
Trd, 8639903.079, 140
Trd, 8639903.346, 126
Trd, 8639903.712, 110
Trd, 8639904.079, 128
Trd, 8639904.112, 113
Trd, 8639904.179, 109
Trd, 8639904.679, 122
Trd, 8639905.312, 96
Trd, 8639906.046, 132
Trd, 8639906.679, 127
Trd, 8639907.179, 137
Trd, 8639907.212, 120
Trd, 8639907.312, 102
Trd, 8639907.779, 104
Trd, 8639908.512, 92
Trd, 8639908.879, 109
Trd, 8639909.879, 85
Trd, 8639910.179, 65
Trd, 8639910.279, 88
Trd, 8639910.579, 60
Trd, 8639911.279, 131
Trd, 8639911.546, 139
Trd, 8639912.046, 140
Trd, 8639912.512, 125
Trd, 8639914.212, 116
Trd, 8639915.579, 120
Trd, 8639915.712, 127
Trd, 8639916.146, 129
Trd, 8639917.012, 101
Trd, 8639917.546, 140
Trd, 8639918.179, 134
Trd, 8639918.612, 125
Trd, 8639918.812, 118
Trd, 8639919.246, 110
Trd, 8639919.446, 117
Trd, 8639920.012, 126
Trd, 8639920.079, 116
Trd, 8639920.779, 107
Trd, 8639921.746, 132
Trd, 8639922.146, 124
Trd, 8639922.779, 95
Trd, 8639923.112, 109
Trd, 8639924.212, 139
Trd, 8639924.546, 138
Trd, 8639924.712, 129
Trd, 8639924.912, 125
Trd, 8639925.079, 104
Trd, 8639926.312, 135
Trd, 8639926.712, 118
Trd, 8639926.746, 113
Trd, 8639928.746, 111
Trd, 8639929.179, 139
Trd, 8639929.279, 133
Trd, 8639929.912, 131
Trd, 8639930.512, 100
Trd, 8639930.579, 96
Trd, 8639930.879, 112
Trd, 8639931.046, 128
Trd, 8639931.746, 140
Trd, 8639932.379, 122
Trd, 8639933.212, 135
Trd, 8639933.679, 120
Trd, 8639933.746, 114
Trd, 8639934.546, 119
Trd, 8639935.712, 111
Trd, 8639935.979, 112
Trd, 8639936.879, 132
Trd, 8639937.546, 118
Trd, 8639937.846, 121
Trd, 8639937.946, 117
Trd, 8639938.879, 140
Trd, 8639938.979, 135
Trd, 8639940.479, 135
Trd, 8639940.779, 129
Trd, 8639941.046, 119
Trd, 8639941.412, 139
Trd, 8639941.846, 107
Trd, 8639942.812, 134
Trd, 8639943.079, 130
Trd, 8639943.346, 125
Trd, 8639943.379, 123
Trd, 8639944.012, 137
Trd, 8639944.479, 132
Trd, 8639945.746, 102
Trd, 8639946.179, 96
Trd, 8639946.779, 108
Trd, 8639946.812, 124
Trd, 8639947.346, 139
Trd, 8639947.979, 120
Trd, 8639948.079, 113
Trd, 8639949.379, 137
Trd, 8639949.412, 125
Trd, 8639949.646, 120
Trd, 8639950.046, 133
Trd, 8639950.412, 105
Trd, 8639952.112, 99
Trd, 8639952.779, 133
Trd, 8639952.846, 131
Trd, 8639952.946, 118
Trd, 8639953.712, 131
Trd, 8639954.112, 100
Trd, 8639954.812, 127
Trd, 8639955.079, 132
Trd, 8639955.212, 127
Trd, 8639956.179, 121
Trd, 8639956.612, 112
Trd, 8639956.946, 112
Trd, 8639957.846, 120
Trd, 8639957.912, 121
Trd, 8639958.246, 111
Trd, 8639958.279, 110
Trd, 8639959.212, 131
Trd, 8639959.479, 119
Trd, 8639960.912, 134
Trd, 8639961.446, 131
Trd, 8639961.779, 121
Trd, 8639962.079, 111
Trd, 8639962.346, 117
Trd, 8639962.679, 94
Trd, 8639962.779, 100
Trd, 8639964.179, 139
Trd, 8639964.746, 132
Trd, 8639964.979, 140
Trd, 8639965.412, 134
Trd, 8639965.546, 128
Trd, 8639965.579, 122
Trd, 8639966.179, 129
Trd, 8639966.312, 117
Trd, 8639966.412, 110
Trd, 8639966.746, 105
Trd, 8639966.779, 90
Trd, 8639967.546, 84
Trd, 8639967.879, 93
Trd, 8639968.812, 131
Trd, 8639969.146, 77
Trd, 8639969.412, 95
Trd, 8639969.779, 124
Trd, 8639969.879, 73
Trd, 8639970.212, 106
Trd, 8639971.546, 138
Trd, 8639972.912, 104
Trd, 8639973.212, 100
Trd, 8639973.279, 98
Trd, 8639973.379, 97
Trd, 8639974.912, 137
Trd, 8639975.512, 130
Trd, 8639975.979, 131
Trd, 8639976.146, 126
Trd, 8639976.179, 123
Trd, 8639976.246, 109
Trd, 8639976.879, 109
Trd, 8639977.046, 86
Trd, 8639977.412, 91
Trd, 8639977.446, 102
Trd, 8639977.779, 89
Trd, 8639978.612, 127
Trd, 8639979.279, 88
Trd, 8639980.246, 134
Trd, 8639980.279, 118
Trd, 8639980.546, 137
Trd, 8639981.379, 132
Trd, 8639981.546, 126
Trd, 8639981.846, 79
Trd, 8639981.879, 70
Trd, 8639982.179, 93
Trd, 8639982.546, 120
Trd, 8639982.946, 117
Trd, 8639983.312, 96
Trd, 8639984.879, 134
Trd, 8639986.012, 124
Trd, 8639986.479, 119
Trd, 8639986.712, 103
Trd, 8639986.746, 98
Trd, 8639987.012, 95
Trd, 8639987.446, 125
Trd, 8639988.079, 93
Trd, 8639988.812, 97
Trd, 8639989.112, 132
Trd, 8639989.212, 122
Trd, 8639989.779, 140
Trd, 8639991.012, 140
Trd, 8639991.079, 123
Trd, 8639991.379, 94
Trd, 8639992.412, 91
Trd, 8639992.612, 87
Trd, 8639992.946, 98
Trd, 8639993.279, 105
Trd, 8639993.479, 84
Trd, 8639994.212, 140
Trd, 8639994.412, 132
Trd, 8639994.546, 126
Trd, 8639994.579, 140
Trd, 8639995.179, 137
Trd, 8639995.579, 127
Trd, 8639995.612, 93
Trd, 8639995.712, 127
Trd, 8639996.812, 138
Trd, 8639997.212, 130
Trd, 8639997.279, 134
Trd, 8639997.446, 117
Trd, 8639998.112, 121
Trd, 8639998.546, 95
Trd, 8639999.679, 113
Trd, 8639999.779, 91
