Trd, 8638758.646, 132
Trd, 8638759.312, 127
Trd, 8638759.612, 123
Trd, 8638759.779, 112
Trd, 8638760.112, 120
Trd, 8638760.179, 111
Trd, 8638761.179, 100
Trd, 8638761.346, 110
Trd, 8638761.479, 139
Trd, 8638761.979, 134
Trd, 8638762.246, 140
Trd, 8638762.479, 136
Trd, 8638763.846, 127
Trd, 8638764.212, 126
Trd, 8638766.046, 69
Trd, 8638766.312, 74
Trd, 8638766.379, 84
Trd, 8638766.779, 75
Trd, 8638766.846, 94
Trd, 8638766.946, 71
Trd, 8638767.079, 80
Trd, 8638767.812, 86
Trd, 8638768.079, 108
Trd, 8638768.512, 74
Trd, 8638768.546, 84
Trd, 8638768.812, 90
Trd, 8638769.146, 121
Trd, 8638769.446, 108
Trd, 8638769.746, 111
Trd, 8638770.412, 112
Trd, 8638770.446, 87
Trd, 8638771.312, 140
Trd, 8638772.012, 107
Trd, 8638772.079, 100
Trd, 8638772.512, 98
Trd, 8638773.379, 120
Trd, 8638773.712, 95
Trd, 8638773.946, 102
Trd, 8638774.079, 129
Trd, 8638774.512, 69
Trd, 8638775.479, 124
Trd, 8638775.579, 67
Trd, 8638776.779, 135
Trd, 8638777.279, 131
Trd, 8638777.812, 88
Trd, 8638777.846, 88
Trd, 8638778.046, 96
Trd, 8638778.079, 85
Trd, 8638778.512, 140
Trd, 8638778.546, 132
Trd, 8638778.779, 112
Trd, 8638779.146, 116
Trd, 8638779.846, 118
Trd, 8638779.912, 104
Trd, 8638780.146, 103
Trd, 8638781.179, 102
Trd, 8638781.746, 87
Trd, 8638782.246, 75
Trd, 8638782.679, 70
Trd, 8638783.546, 132
Trd, 8638783.579, 119
Trd, 8638783.846, 114
Trd, 8638784.946, 139
Trd, 8638785.379, 107
Trd, 8638785.479, 111
Trd, 8638786.046, 112
Trd, 8638786.679, 136
Trd, 8638786.979, 121
Trd, 8638787.846, 101
Trd, 8638787.912, 95
Trd, 8638788.212, 64
Trd, 8638788.712, 113
Trd, 8638789.312, 114
Trd, 8638790.379, 119
Trd, 8638790.512, 126
Trd, 8638790.912, 111
Trd, 8638791.512, 65
Trd, 8638791.612, 109
Trd, 8638791.879, 114
Trd, 8638792.546, 61
Trd, 8638793.312, 60
Trd, 8638793.412, 60
Trd, 8638793.746, 62
Trd, 8638793.779, 87
Trd, 8638793.979, 110
Trd, 8638794.412, 128
Trd, 8638795.412, 140
Trd, 8638795.712, 113
Trd, 8638796.479, 135
Trd, 8638796.846, 134
Trd, 8638798.479, 123
Trd, 8638798.746, 139
Trd, 8638798.812, 85
Trd, 8638799.812, 118
Trd, 8638799.946, 110
Trd, 8638800.012, 96
Trd, 8638800.779, 127
Trd, 8638801.412, 134
Trd, 8638801.479, 111
Trd, 8638801.746, 110
Trd, 8638802.179, 126
Trd, 8638802.246, 109
Trd, 8638802.412, 97
Trd, 8638802.779, 94
Trd, 8638806.212, 119
Trd, 8638806.446, 130
Trd, 8638806.812, 113
Trd, 8638807.012, 112
Trd, 8638808.079, 134
Trd, 8638808.612, 129
Trd, 8638808.646, 128
Trd, 8638808.779, 123
Trd, 8638808.879, 88
Trd, 8638809.079, 125
Trd, 8638809.546, 115
Trd, 8638809.946, 102
Trd, 8638810.079, 107
Trd, 8638810.446, 102
Trd, 8638811.912, 140
Trd, 8638812.712, 137
Trd, 8638812.912, 136
Trd, 8638813.412, 131
Trd, 8638814.212, 139
Trd, 8638814.746, 135
Trd, 8638815.279, 117
Trd, 8638815.412, 118
Trd, 8638815.979, 109
Trd, 8638816.046, 82
Trd, 8638816.712, 98
Trd, 8638816.779, 123
Trd, 8638817.279, 133
Trd, 8638818.112, 129
Trd, 8638818.246, 123
Trd, 8638818.679, 121
Trd, 8638819.179, 137
Trd, 8638819.212, 111
Trd, 8638819.946, 114
Trd, 8638820.012, 106
Trd, 8638820.146, 105
Trd, 8638821.412, 140
Trd, 8638821.712, 115
Trd, 8638822.446, 127
Trd, 8638822.712, 121
Trd, 8638823.779, 108
Trd, 8638823.812, 106
Trd, 8638823.979, 88
Trd, 8638824.412, 78
Trd, 8638824.646, 129
Trd, 8638824.912, 117
Trd, 8638825.512, 62
Trd, 8638825.846, 94
Trd, 8638826.112, 121
Trd, 8638826.646, 134
Trd, 8638828.546, 117
Trd, 8638829.179, 114
Trd, 8638829.912, 123
Trd, 8638830.079, 108
Trd, 8638830.612, 107
Trd, 8638830.846, 138
Trd, 8638830.912, 99
Trd, 8638831.346, 101
Trd, 8638831.679, 110
Trd, 8638831.846, 114
Trd, 8638832.246, 139
Trd, 8638833.079, 127
Trd, 8638833.346, 134
Trd, 8638833.979, 94
Trd, 8638834.412, 113
Trd, 8638834.746, 88
Trd, 8638835.279, 114
Trd, 8638836.046, 78
Trd, 8638836.146, 109
Trd, 8638837.279, 134
Trd, 8638838.012, 130
Trd, 8638838.246, 140
Trd, 8638838.479, 127
Trd, 8638839.146, 118
Trd, 8638839.279, 102
Trd, 8638839.312, 92
Trd, 8638839.412, 87
Trd, 8638839.479, 119
Trd, 8638840.479, 121
Trd, 8638840.579, 110
Trd, 8638840.612, 99
Trd, 8638840.712, 72
Trd, 8638841.746, 121
Trd, 8638842.212, 121
Trd, 8638842.679, 125
Trd, 8638843.346, 104
Trd, 8638844.079, 110
Trd, 8638844.312, 119
Trd, 8638844.479, 100
Trd, 8638845.046, 86
Trd, 8638845.312, 121
Trd, 8638846.212, 116
Trd, 8638846.846, 140
Trd, 8638846.979, 123
Trd, 8638847.379, 96
Trd, 8638847.812, 112
Trd, 8638847.946, 89
Trd, 8638848.179, 74
Trd, 8638849.112, 83
Trd, 8638849.146, 78
Trd, 8638849.279, 93
Trd, 8638850.212, 88
Trd, 8638851.746, 118
Trd, 8638852.246, 120
Trd, 8638852.412, 87
Trd, 8638852.746, 97
Trd, 8638852.812, 137
Trd, 8638854.079, 103
Trd, 8638854.346, 87
Trd, 8638854.612, 64
Trd, 8638855.379, 103
Trd, 8638855.746, 121
Trd, 8638855.979, 118
Trd, 8638856.146, 102
Trd, 8638856.546, 139
Trd, 8638856.979, 136
Trd, 8638857.246, 133
Trd, 8638857.579, 132
Trd, 8638858.279, 137
Trd, 8638858.679, 118
Trd, 8638858.912, 104
Trd, 8638859.312, 106
Trd, 8638859.812, 108
Trd, 8638860.279, 132
Trd, 8638861.312, 134
Trd, 8638861.579, 139
Trd, 8638861.746, 120
Trd, 8638862.246, 115
Trd, 8638862.412, 105
Trd, 8638862.779, 85
Trd, 8638863.379, 125
Trd, 8638863.546, 104
Trd, 8638864.079, 91
Trd, 8638864.479, 117
Trd, 8638864.612, 105
Trd, 8638864.946, 135
Trd, 8638866.679, 138
Trd, 8638866.912, 106
Trd, 8638867.112, 134
Trd, 8638867.979, 123
Trd, 8638869.212, 94
Trd, 8638869.579, 102
Trd, 8638870.146, 126
Trd, 8638870.246, 126
Trd, 8638870.379, 113
Trd, 8638871.179, 120
Trd, 8638871.379, 107
Trd, 8638871.946, 112
Trd, 8638872.479, 129
Trd, 8638872.679, 103
Trd, 8638872.879, 90
Trd, 8638872.946, 76
Trd, 8638873.446, 73
Trd, 8638873.612, 104
Trd, 8638873.812, 122
Trd, 8638875.312, 129
Trd, 8638875.812, 113
Trd, 8638875.912, 109
Trd, 8638875.946, 106
Trd, 8638876.646, 107
Trd, 8638877.646, 103
Trd, 8638878.312, 136
Trd, 8638878.346, 107
Trd, 8638878.379, 93
Trd, 8638879.246, 140
Trd, 8638879.346, 66
Trd, 8638880.746, 140
Trd, 8638881.346, 122
Trd, 8638881.946, 137
Trd, 8638882.412, 136
Trd, 8638883.146, 121
Trd, 8638883.346, 102
Trd, 8638884.179, 137
Trd, 8638884.846, 109
Trd, 8638885.246, 91
Trd, 8638885.446, 100
Trd, 8638886.046, 85
Trd, 8638886.279, 93
Trd, 8638886.446, 140
Trd, 8638887.279, 99
Trd, 8638887.512, 119
Trd, 8638888.312, 109
Trd, 8638888.346, 93
Trd, 8638888.446, 99
Trd, 8638889.179, 67
Trd, 8638889.512, 115
Trd, 8638889.679, 138
Trd, 8638890.012, 111
Trd, 8638890.212, 106
Trd, 8638890.546, 83
Trd, 8638891.512, 75
Trd, 8638892.146, 73
Trd, 8638892.979, 136
Trd, 8638893.746, 132
Trd, 8638894.212, 103
Trd, 8638894.646, 87
Trd, 8638895.479, 140
Trd, 8638896.179, 119
Trd, 8638896.312, 116
Trd, 8638896.912, 125
Trd, 8638897.112, 100
Trd, 8638897.312, 81
Trd, 8638897.912, 117
Trd, 8638898.046, 140
Trd, 8638898.979, 133
Trd, 8638899.112, 132
Trd, 8638899.212, 113
Trd, 8638899.412, 104
Trd, 8638899.579, 102
Trd, 8638899.946, 102
Trd, 8638900.446, 122
Trd, 8638900.779, 138
Trd, 8638901.279, 127
Trd, 8638901.479, 107
Trd, 8638902.379, 96
Trd, 8638902.746, 91
Trd, 8638902.912, 133
Trd, 8638903.179, 130
Trd, 8638903.546, 106
Trd, 8638904.379, 129
Trd, 8638904.479, 100
Trd, 8638905.912, 140
Trd, 8638906.612, 133
Trd, 8638907.212, 119
Trd, 8638907.612, 105
Trd, 8638907.712, 99
Trd, 8638907.746, 96
Trd, 8638908.212, 139
Trd, 8638908.279, 130
Trd, 8638909.712, 64
Trd, 8638910.379, 119
Trd, 8638910.612, 120
Trd, 8638910.779, 113
Trd, 8638910.879, 91
Trd, 8638910.946, 123
Trd, 8638911.512, 123
Trd, 8638911.679, 100
Trd, 8638912.312, 113
Trd, 8638913.779, 124
Trd, 8638913.846, 109
Trd, 8638914.146, 86
Trd, 8638914.479, 106
Trd, 8638915.246, 138
Trd, 8638915.646, 107
Trd, 8638915.979, 140
Trd, 8638916.412, 140
Trd, 8638916.712, 139
Trd, 8638916.979, 132
Trd, 8638917.212, 125
Trd, 8638918.579, 121
Trd, 8638918.879, 100
Trd, 8638918.946, 89
Trd, 8638919.112, 87
Trd, 8638919.746, 128
Trd, 8638920.446, 119
Trd, 8638920.912, 119
Trd, 8638921.879, 127
Trd, 8638922.146, 72
Trd, 8638922.279, 72
Trd, 8638922.679, 86
Trd, 8638923.579, 95
Trd, 8638924.012, 114
Trd, 8638924.346, 107
Trd, 8638924.946, 86
Trd, 8638925.212, 86
Trd, 8638925.712, 114
Trd, 8638925.946, 109
Trd, 8638926.179, 115
Trd, 8638926.979, 105
Trd, 8638927.012, 100
Trd, 8638927.279, 125
Trd, 8638927.646, 104
Trd, 8638928.679, 135
Trd, 8638929.112, 129
Trd, 8638929.912, 110
Trd, 8638929.979, 136
Trd, 8638930.212, 109
Trd, 8638930.779, 139
Trd, 8638930.912, 118
Trd, 8638931.012, 104
Trd, 8638931.079, 113
Trd, 8638931.712, 96
Trd, 8638932.012, 107
Trd, 8638932.246, 105
Trd, 8638933.679, 117
Trd, 8638933.746, 116
Trd, 8638934.246, 66
Trd, 8638934.512, 85
Trd, 8638934.746, 94
Trd, 8638935.146, 88
Trd, 8638935.312, 131
Trd, 8638936.079, 100
Trd, 8638936.646, 102
Trd, 8638936.846, 84
Trd, 8638937.479, 139
Trd, 8638938.346, 103
Trd, 8638938.479, 113
Trd, 8638939.446, 126
Trd, 8638939.679, 86
Trd, 8638940.912, 135
Trd, 8638941.412, 138
Trd, 8638941.712, 127
Trd, 8638942.512, 119
Trd, 8638942.712, 78
Trd, 8638943.546, 113
Trd, 8638944.346, 115
Trd, 8638944.479, 123
Trd, 8638944.812, 107
Trd, 8638945.179, 93
Trd, 8638946.246, 99
Trd, 8638946.579, 77
Trd, 8638946.912, 126
Trd, 8638946.946, 71
Trd, 8638946.979, 65
Trd, 8638948.712, 97
Trd, 8638948.912, 91
Trd, 8638949.112, 87
Trd, 8638949.646, 102
Trd, 8638949.779, 85
Trd, 8638950.412, 97
Trd, 8638950.812, 114
Trd, 8638951.179, 101
Trd, 8638951.212, 94
Trd, 8638951.379, 111
Trd, 8638952.612, 87
Trd, 8638952.946, 84
Trd, 8638953.979, 108
Trd, 8638954.479, 102
Trd, 8638954.912, 129
Trd, 8638955.846, 112
Trd, 8638956.079, 111
Trd, 8638956.446, 89
Trd, 8638957.079, 121
Trd, 8638957.212, 114
Trd, 8638957.246, 135
Trd, 8638958.246, 92
Trd, 8638958.346, 102
Trd, 8638958.912, 119
Trd, 8638959.279, 129
Trd, 8638959.479, 92
Trd, 8638959.912, 88
Trd, 8638960.412, 83
Trd, 8638960.846, 136
Trd, 8638961.179, 106
Trd, 8638961.446, 83
Trd, 8638962.079, 140
Trd, 8638962.879, 131
Trd, 8638963.479, 81
Trd, 8638963.579, 136
Trd, 8638964.446, 126
Trd, 8638964.546, 115
Trd, 8638964.979, 118
Trd, 8638965.412, 134
Trd, 8638966.379, 115
Trd, 8638967.646, 115
Trd, 8638967.979, 96
Trd, 8638968.179, 116
Trd, 8638968.279, 123
Trd, 8638968.346, 110
Trd, 8638969.046, 78
Trd, 8638969.412, 120
Trd, 8638970.046, 93
Trd, 8638970.079, 104
Trd, 8638970.179, 80
Trd, 8638971.146, 69
Trd, 8638971.646, 119
Trd, 8638971.746, 118
Trd, 8638972.112, 92
Trd, 8638972.279, 90
Trd, 8638972.579, 136
Trd, 8638973.112, 128
Trd, 8638973.846, 96
Trd, 8638974.912, 136
Trd, 8638975.279, 120
Trd, 8638975.379, 131
Trd, 8638975.746, 109
Trd, 8638976.412, 126
Trd, 8638976.912, 132
Trd, 8638977.679, 102
Trd, 8638977.879, 122
Trd, 8638978.412, 132
Trd, 8638978.912, 140
Trd, 8638979.012, 107
Trd, 8638979.846, 95
Trd, 8638980.612, 128
Trd, 8638980.646, 128
Trd, 8638980.879, 103
Trd, 8638980.946, 117
Trd, 8638981.379, 92
Trd, 8638982.379, 108
Trd, 8638982.579, 126
Trd, 8638984.512, 110
Trd, 8638984.646, 104
Trd, 8638984.712, 82
Trd, 8638985.846, 140
Trd, 8638985.912, 139
Trd, 8638986.046, 127
Trd, 8638986.279, 95
Trd, 8638986.446, 138
Trd, 8638986.779, 127
Trd, 8638987.546, 128
Trd, 8638987.879, 134
Trd, 8638987.946, 127
Trd, 8638988.446, 124
Trd, 8638989.546, 122
Trd, 8638990.112, 123
Trd, 8638991.012, 116
Trd, 8638991.379, 131
Trd, 8638991.979, 104
Trd, 8638992.312, 98
Trd, 8638992.379, 93
Trd, 8638992.846, 128
Trd, 8638993.146, 130
Trd, 8638993.946, 98
Trd, 8638994.279, 84
Trd, 8638995.146, 137
Trd, 8638996.179, 123
Trd, 8638996.279, 99
Trd, 8638996.812, 120
Trd, 8638997.079, 98
Trd, 8638997.279, 81
Trd, 8638997.512, 81
Trd, 8638997.779, 76
Trd, 8638998.979, 70
Trd, 8638999.146, 61
Trd, 8638999.612, 119
Trd, 8638999.879, 134
Trd, 8639000.512, 113
Trd, 8639001.146, 112
Trd, 8639001.312, 113
Trd, 8639001.446, 99
Trd, 8639001.712, 71
Trd, 8639001.912, 140
Trd, 8639002.979, 103
Trd, 8639003.446, 73
Trd, 8639003.779, 125
Trd, 8639005.346, 96
Trd, 8639006.079, 106
Trd, 8639006.679, 129
Trd, 8639007.379, 95
Trd, 8639007.846, 124
Trd, 8639008.312, 112
Trd, 8639008.579, 94
Trd, 8639008.646, 108
Trd, 8639008.979, 127
Trd, 8639009.212, 98
Trd, 8639010.112, 86
Trd, 8639010.512, 102
Trd, 8639010.546, 80
Trd, 8639010.912, 81
Trd, 8639012.412, 93
Trd, 8639012.746, 72
Trd, 8639014.279, 121
Trd, 8639014.546, 99
Trd, 8639015.512, 132
Trd, 8639016.012, 140
Trd, 8639016.179, 116
Trd, 8639016.246, 108
Trd, 8639016.446, 129
Trd, 8639017.079, 112
Trd, 8639017.479, 109
Trd, 8639017.512, 108
Trd, 8639017.912, 106
Trd, 8639018.646, 113
Trd, 8639018.979, 121
Trd, 8639019.612, 97
Trd, 8639020.146, 137
Trd, 8639021.412, 80
Trd, 8639021.546, 122
Trd, 8639021.646, 136
Trd, 8639021.979, 120
Trd, 8639022.412, 117
Trd, 8639022.612, 127
Trd, 8639023.879, 139
Trd, 8639024.079, 126
Trd, 8639024.346, 72
Trd, 8639024.712, 100
Trd, 8639024.746, 70
Trd, 8639024.846, 103
Trd, 8639025.079, 85
Trd, 8639025.879, 125
Trd, 8639026.946, 112
Trd, 8639027.079, 132
Trd, 8639027.646, 126
Trd, 8639028.079, 114
Trd, 8639028.512, 140
Trd, 8639029.279, 99
Trd, 8639029.612, 96
Trd, 8639030.112, 74
Trd, 8639030.712, 101
Trd, 8639031.846, 140
Trd, 8639032.012, 139
Trd, 8639032.412, 127
Trd, 8639032.512, 129
Trd, 8639032.546, 115
Trd, 8639032.779, 87
Trd, 8639032.912, 85
Trd, 8639033.679, 99
Trd, 8639034.246, 91
Trd, 8639034.379, 113
Trd, 8639035.246, 118
Trd, 8639035.512, 115
Trd, 8639035.746, 103
Trd, 8639036.312, 92
Trd, 8639036.746, 138
Trd, 8639036.912, 119
Trd, 8639037.146, 102
Trd, 8639037.479, 99
Trd, 8639038.279, 101
Trd, 8639038.512, 69
Trd, 8639038.646, 84
Trd, 8639039.212, 81
Trd, 8639039.246, 97
Trd, 8639039.346, 106
Trd, 8639039.946, 63
Trd, 8639041.512, 108
Trd, 8639041.612, 104
Trd, 8639042.012, 112
Trd, 8639042.179, 121
Trd, 8639042.579, 103
Trd, 8639043.946, 123
Trd, 8639044.446, 87
Trd, 8639044.579, 137
Trd, 8639045.012, 140
Trd, 8639045.212, 77
Trd, 8639046.479, 105
Trd, 8639046.879, 104
Trd, 8639047.446, 76
Trd, 8639048.179, 75
Trd, 8639048.579, 94
Trd, 8639049.146, 139
Trd, 8639049.679, 107
Trd, 8639050.612, 137
Trd, 8639050.646, 134
Trd, 8639050.979, 138
Trd, 8639051.846, 129
Trd, 8639052.146, 127
Trd, 8639052.479, 95
Trd, 8639052.879, 92
Trd, 8639052.912, 87
Trd, 8639053.046, 91
Trd, 8639053.779, 113
Trd, 8639054.912, 137
Trd, 8639055.179, 113
Trd, 8639055.712, 102
Trd, 8639056.212, 134
Trd, 8639057.079, 100
Trd, 8639057.712, 136
Trd, 8639057.779, 131
Trd, 8639058.046, 100
Trd, 8639058.079, 95
Trd, 8639059.079, 139
Trd, 8639059.246, 129
Trd, 8639060.246, 140
Trd, 8639060.479, 139
Trd, 8639061.079, 124
Trd, 8639061.612, 111
Trd, 8639061.779, 104
Trd, 8639064.879, 110
Trd, 8639065.446, 108
Trd, 8639066.312, 140
Trd, 8639066.412, 136
Trd, 8639066.512, 92
Trd, 8639066.879, 73
Trd, 8639067.146, 125
Trd, 8639067.646, 90
Trd, 8639067.812, 99
Trd, 8639068.079, 99
Trd, 8639068.212, 69
Trd, 8639068.579, 125
Trd, 8639070.279, 124
Trd, 8639070.412, 130
Trd, 8639070.912, 138
Trd, 8639071.779, 103
Trd, 8639071.979, 129
Trd, 8639072.946, 120
Trd, 8639073.046, 109
Trd, 8639073.346, 140
Trd, 8639074.246, 126
Trd, 8639074.879, 136
Trd, 8639074.912, 110
Trd, 8639075.646, 139
Trd, 8639075.946, 120
Trd, 8639076.646, 135
Trd, 8639076.946, 85
Trd, 8639077.179, 129
Trd, 8639077.446, 121
Trd, 8639077.546, 73
Trd, 8639077.912, 97
Trd, 8639079.446, 140
Trd, 8639079.546, 115
Trd, 8639080.046, 104
Trd, 8639080.479, 116
Trd, 8639081.079, 76
Trd, 8639081.512, 125
Trd, 8639082.279, 130
Trd, 8639082.612, 125
Trd, 8639084.079, 129
Trd, 8639084.179, 128
Trd, 8639084.446, 105
Trd, 8639084.512, 102
Trd, 8639084.846, 138
Trd, 8639085.012, 102
Trd, 8639086.979, 117
Trd, 8639088.079, 136
Trd, 8639088.546, 130
Trd, 8639088.646, 126
Trd, 8639089.312, 123
Trd, 8639089.412, 123
Trd, 8639089.846, 90
Trd, 8639090.112, 99
Trd, 8639090.279, 85
Trd, 8639090.512, 101
Trd, 8639091.779, 92
Trd, 8639092.012, 105
Trd, 8639092.479, 128
Trd, 8639092.812, 115
Trd, 8639093.379, 139
Trd, 8639093.846, 127
Trd, 8639094.212, 125
Trd, 8639094.479, 116
Trd, 8639094.779, 103
Trd, 8639095.712, 118
Trd, 8639096.279, 137
Trd, 8639096.679, 129
Trd, 8639097.279, 106
Trd, 8639097.412, 107
Trd, 8639097.479, 134
Trd, 8639097.612, 93
Trd, 8639098.012, 104
Trd, 8639098.346, 134
Trd, 8639099.379, 136
Trd, 8639100.179, 111
Trd, 8639100.746, 119
Trd, 8639101.646, 120
Trd, 8639101.679, 115
Trd, 8639101.879, 140
Trd, 8639101.946, 115
Trd, 8639102.279, 109
Trd, 8639102.846, 106
Trd, 8639103.779, 140
Trd, 8639104.246, 130
Trd, 8639104.712, 139
Trd, 8639104.812, 106
Trd, 8639104.979, 105
Trd, 8639105.779, 109
Trd, 8639105.846, 93
Trd, 8639106.679, 63
Trd, 8639106.712, 74
Trd, 8639106.846, 92
Trd, 8639107.546, 69
Trd, 8639107.646, 74
Trd, 8639108.312, 116
Trd, 8639109.079, 90
Trd, 8639109.312, 88
Trd, 8639109.712, 68
Trd, 8639110.612, 134
Trd, 8639110.679, 106
Trd, 8639111.379, 101
Trd, 8639112.279, 104
Trd, 8639112.512, 120
Trd, 8639113.179, 100
Trd, 8639113.346, 87
Trd, 8639113.379, 66
Trd, 8639114.179, 99
Trd, 8639114.446, 91
Trd, 8639114.846, 110
Trd, 8639115.046, 113
Trd, 8639115.312, 90
Trd, 8639115.812, 114
Trd, 8639116.346, 106
Trd, 8639117.246, 124
Trd, 8639117.479, 140
Trd, 8639117.612, 89
Trd, 8639119.146, 136
Trd, 8639119.546, 103
Trd, 8639120.412, 140
Trd, 8639120.779, 138
Trd, 8639120.912, 132
Trd, 8639121.312, 98
Trd, 8639121.846, 104
Trd, 8639122.512, 122
Trd, 8639122.746, 110
Trd, 8639123.012, 135
Trd, 8639123.112, 116
Trd, 8639123.312, 96
Trd, 8639123.779, 132
Trd, 8639124.479, 125
Trd, 8639124.779, 111
Trd, 8639125.112, 119
Trd, 8639125.212, 105
Trd, 8639126.479, 131
Trd, 8639126.579, 103
Trd, 8639126.779, 136
Trd, 8639127.446, 113
Trd, 8639127.479, 84
Trd, 8639128.512, 112
Trd, 8639128.912, 99
Trd, 8639129.312, 112
Trd, 8639129.746, 98
Trd, 8639130.012, 72
Trd, 8639130.679, 127
Trd, 8639130.946, 101
Trd, 8639131.179, 68
Trd, 8639131.779, 101
Trd, 8639132.012, 99
Trd, 8639133.279, 71
Trd, 8639133.779, 86
Trd, 8639133.812, 89
Trd, 8639134.079, 60
Trd, 8639135.279, 139
Trd, 8639135.379, 105
Trd, 8639135.512, 103
Trd, 8639136.246, 130
Trd, 8639136.812, 140
Trd, 8639136.912, 113
Trd, 8639137.512, 117
Trd, 8639138.012, 105
Trd, 8639139.012, 138
Trd, 8639139.712, 121
Trd, 8639140.212, 116
Trd, 8639140.279, 118
Trd, 8639140.812, 136
Trd, 8639140.979, 95
Trd, 8639141.046, 81
Trd, 8639142.612, 125
Trd, 8639142.946, 96
Trd, 8639143.679, 112
Trd, 8639143.746, 104
Trd, 8639144.079, 126
Trd, 8639145.046, 123
Trd, 8639145.946, 114
Trd, 8639146.246, 127
Trd, 8639146.279, 121
Trd, 8639146.812, 137
Trd, 8639146.879, 115
Trd, 8639147.046, 86
Trd, 8639148.079, 108
Trd, 8639149.479, 133
Trd, 8639149.679, 132
Trd, 8639149.812, 116
Trd, 8639149.879, 99
Trd, 8639150.012, 101
Trd, 8639150.112, 92
Trd, 8639151.012, 116
Trd, 8639151.112, 136
Trd, 8639151.346, 81
Trd, 8639151.979, 79
Trd, 8639152.746, 131
Trd, 8639152.779, 123
Trd, 8639152.846, 122
Trd, 8639153.879, 130
Trd, 8639154.079, 129
Trd, 8639155.712, 102
Trd, 8639156.012, 114
Trd, 8639156.446, 111
Trd, 8639156.479, 109
Trd, 8639156.512, 124
Trd, 8639156.646, 93
Trd, 8639157.346, 70
Trd, 8639157.712, 104
Trd, 8639158.346, 107
Trd, 8639158.879, 119
Trd, 8639159.046, 77
Trd, 8639159.912, 140
Trd, 8639160.746, 112
Trd, 8639160.912, 107
Trd, 8639160.946, 118
Trd, 8639161.479, 99
Trd, 8639161.779, 98
Trd, 8639163.112, 82
Trd, 8639163.246, 122
Trd, 8639164.179, 87
Trd, 8639164.379, 105
Trd, 8639164.412, 81
Trd, 8639164.612, 123
Trd, 8639165.112, 115
Trd, 8639165.379, 111
Trd, 8639166.179, 87
Trd, 8639166.412, 98
Trd, 8639166.746, 122
Trd, 8639167.279, 75
Trd, 8639167.346, 86
Trd, 8639168.179, 133
Trd, 8639168.446, 104
Trd, 8639168.646, 99
Trd, 8639169.112, 64
Trd, 8639169.912, 126
Trd, 8639170.179, 108
Trd, 8639170.512, 114
Trd, 8639170.779, 115
Trd, 8639171.512, 113
Trd, 8639172.312, 140
Trd, 8639172.546, 103
Trd, 8639172.579, 92
Trd, 8639172.912, 121
Trd, 8639172.946, 105
Trd, 8639173.979, 139
Trd, 8639174.612, 138
Trd, 8639174.746, 115
Trd, 8639174.779, 118
Trd, 8639175.179, 105
Trd, 8639175.646, 95
Trd, 8639178.012, 123
Trd, 8639178.279, 135
Trd, 8639178.912, 135
Trd, 8639178.946, 125
Trd, 8639179.912, 140
Trd, 8639180.212, 138
Trd, 8639180.412, 96
Trd, 8639180.479, 115
Trd, 8639180.512, 91
Trd, 8639181.312, 120
Trd, 8639181.779, 136
Trd, 8639182.179, 81
Trd, 8639182.312, 139
Trd, 8639183.379, 122
Trd, 8639183.579, 117
Trd, 8639183.879, 116
Trd, 8639184.946, 140
Trd, 8639185.179, 115
Trd, 8639185.579, 117
Trd, 8639185.779, 126
Trd, 8639186.112, 105
Trd, 8639187.412, 139
Trd, 8639187.712, 111
Trd, 8639187.846, 135
Trd, 8639188.379, 102
Trd, 8639188.512, 102
Trd, 8639189.079, 135
Trd, 8639189.479, 135
Trd, 8639189.979, 140
Trd, 8639190.312, 114
Trd, 8639190.779, 121
Trd, 8639190.946, 105
Trd, 8639191.279, 64
Trd, 8639191.346, 99
Trd, 8639192.446, 105
Trd, 8639193.112, 71
Trd, 8639193.579, 139
Trd, 8639194.046, 134
Trd, 8639194.779, 112
Trd, 8639195.112, 74
Trd, 8639195.212, 84
Trd, 8639195.379, 112
Trd, 8639196.512, 94
Trd, 8639197.912, 104
Trd, 8639198.146, 79
Trd, 8639199.046, 93
Trd, 8639199.079, 124
Trd, 8639199.746, 140
Trd, 8639200.079, 140
Trd, 8639200.812, 140
Trd, 8639201.112, 104
Trd, 8639201.212, 102
Trd, 8639201.546, 136
Trd, 8639201.946, 98
Trd, 8639202.279, 95
Trd, 8639203.046, 118
Trd, 8639203.612, 136
Trd, 8639203.946, 132
Trd, 8639204.146, 108
Trd, 8639204.846, 85
Trd, 8639205.279, 89
Trd, 8639205.746, 109
Trd, 8639205.846, 94
Trd, 8639206.279, 119
Trd, 8639206.912, 139
Trd, 8639207.146, 129
Trd, 8639207.712, 119
Trd, 8639208.379, 108
Trd, 8639208.746, 140
Trd, 8639209.612, 139
Trd, 8639209.846, 118
Trd, 8639210.212, 139
Trd, 8639211.212, 139
Trd, 8639211.446, 129
Trd, 8639211.679, 111
Trd, 8639211.879, 129
Trd, 8639212.446, 111
Trd, 8639213.079, 110
Trd, 8639213.146, 123
Trd, 8639214.179, 128
Trd, 8639215.146, 140
Trd, 8639216.179, 104
Trd, 8639216.312, 103
Trd, 8639216.379, 115
Trd, 8639217.312, 129
Trd, 8639217.512, 119
Trd, 8639217.746, 88
Trd, 8639217.779, 87
Trd, 8639218.646, 122
Trd, 8639218.779, 88
Trd, 8639220.112, 107
Trd, 8639220.312, 113
Trd, 8639220.546, 119
Trd, 8639221.012, 124
Trd, 8639221.979, 132
Trd, 8639222.479, 132
Trd, 8639222.712, 131
Trd, 8639223.346, 126
Trd, 8639223.579, 120
Trd, 8639224.179, 115
Trd, 8639224.212, 97
Trd, 8639224.346, 78
Trd, 8639224.812, 137
Trd, 8639224.912, 101
Trd, 8639225.579, 109
Trd, 8639226.179, 106
Trd, 8639227.079, 107
Trd, 8639227.146, 122
Trd, 8639227.612, 120
Trd, 8639228.079, 112
Trd, 8639228.179, 91
Trd, 8639229.246, 82
Trd, 8639229.912, 96
Trd, 8639230.312, 102
Trd, 8639230.512, 129
Trd, 8639231.079, 80
Trd, 8639231.112, 81
Trd, 8639231.446, 96
Trd, 8639232.379, 140
Trd, 8639232.812, 106
Trd, 8639232.946, 95
Trd, 8639233.046, 80
Trd, 8639234.212, 118
Trd, 8639234.879, 102
Trd, 8639235.446, 121
Trd, 8639235.479, 66
Trd, 8639235.946, 126
Trd, 8639236.379, 112
Trd, 8639236.712, 112
Trd, 8639237.379, 115
Trd, 8639238.846, 133
Trd, 8639239.479, 115
Trd, 8639239.546, 114
Trd, 8639240.146, 107
Trd, 8639240.812, 85
Trd, 8639240.879, 83
Trd, 8639240.979, 74
Trd, 8639241.112, 67
Trd, 8639241.146, 89
Trd, 8639241.812, 67
Trd, 8639241.979, 63
Trd, 8639243.146, 124
Trd, 8639243.379, 123
Trd, 8639244.179, 140
Trd, 8639244.412, 112
Trd, 8639245.612, 140
Trd, 8639246.279, 99
Trd, 8639246.879, 84
Trd, 8639247.446, 83
Trd, 8639249.546, 128
Trd, 8639249.579, 121
Trd, 8639250.046, 118
Trd, 8639250.179, 97
Trd, 8639251.079, 128
Trd, 8639251.879, 135
Trd, 8639252.079, 125
Trd, 8639252.579, 97
Trd, 8639253.479, 140
Trd, 8639254.612, 86
Trd, 8639254.712, 85
Trd, 8639254.912, 117
Trd, 8639255.512, 73
Trd, 8639255.546, 83
Trd, 8639255.746, 72
Trd, 8639256.412, 61
Trd, 8639256.446, 120
Trd, 8639257.046, 128
Trd, 8639257.646, 93
Trd, 8639258.579, 133
Trd, 8639260.512, 133
Trd, 8639260.979, 140
Trd, 8639261.479, 123
Trd, 8639261.546, 112
Trd, 8639261.679, 129
Trd, 8639261.746, 107
Trd, 8639261.879, 132
Trd, 8639262.079, 77
Trd, 8639263.312, 140
Trd, 8639263.512, 138
Trd, 8639264.379, 138
Trd, 8639264.746, 131
Trd, 8639264.812, 128
Trd, 8639265.546, 123
Trd, 8639266.012, 105
Trd, 8639266.746, 86
Trd, 8639267.279, 66
Trd, 8639267.679, 136
Trd, 8639267.712, 132
Trd, 8639268.446, 107
Trd, 8639268.979, 63
Trd, 8639269.179, 91
Trd, 8639269.579, 99
Trd, 8639270.479, 87
Trd, 8639270.579, 90
Trd, 8639271.379, 94
Trd, 8639271.446, 108
Trd, 8639271.912, 73
Trd, 8639272.112, 123
Trd, 8639272.712, 83
Trd, 8639273.312, 122
Trd, 8639273.346, 117
Trd, 8639274.579, 122
Trd, 8639274.946, 125
Trd, 8639275.846, 130
Trd, 8639276.279, 106
Trd, 8639276.579, 100
Trd, 8639276.879, 95
Trd, 8639277.279, 117
Trd, 8639277.379, 116
Trd, 8639279.246, 117
Trd, 8639279.512, 115
Trd, 8639279.946, 138
Trd, 8639280.046, 100
Trd, 8639280.279, 103
Trd, 8639280.812, 126
Trd, 8639281.179, 99
Trd, 8639281.546, 127
Trd, 8639281.812, 138
Trd, 8639282.112, 94
Trd, 8639282.912, 117
Trd, 8639283.846, 121
Trd, 8639284.879, 118
Trd, 8639285.079, 125
Trd, 8639285.679, 120
Trd, 8639286.679, 140
Trd, 8639286.779, 114
Trd, 8639287.612, 136
Trd, 8639288.479, 129
Trd, 8639289.746, 111
Trd, 8639289.779, 104
Trd, 8639289.912, 117
Trd, 8639290.346, 125
Trd, 8639290.479, 89
Trd, 8639290.712, 118
Trd, 8639290.912, 90
Trd, 8639291.046, 83
Trd, 8639291.546, 132
Trd, 8639291.612, 131
Trd, 8639292.712, 126
Trd, 8639292.979, 127
Trd, 8639293.546, 140
Trd, 8639293.779, 140
Trd, 8639294.179, 122
Trd, 8639294.846, 95
Trd, 8639295.279, 94
Trd, 8639295.346, 125
Trd, 8639295.846, 85
Trd, 8639296.012, 123
Trd, 8639296.279, 66
Trd, 8639296.379, 133
Trd, 8639297.146, 94
Trd, 8639298.446, 74
Trd, 8639298.979, 125
Trd, 8639299.446, 137
Trd, 8639299.512, 124
Trd, 8639300.746, 93
Trd, 8639300.779, 88
Trd, 8639300.979, 72
Trd, 8639301.512, 108
Trd, 8639302.179, 97
Trd, 8639303.012, 91
Trd, 8639303.479, 97
Trd, 8639303.646, 93
Trd, 8639303.679, 107
Trd, 8639303.846, 139
Trd, 8639303.979, 82
Trd, 8639304.279, 101
Trd, 8639305.179, 83
Trd, 8639305.246, 129
Trd, 8639305.279, 124
Trd, 8639307.412, 125
Trd, 8639307.446, 124
Trd, 8639307.546, 114
Trd, 8639308.312, 117
Trd, 8639308.446, 123
Trd, 8639308.546, 102
Trd, 8639309.212, 110
Trd, 8639311.312, 126
Trd, 8639311.646, 120
Trd, 8639312.046, 122
Trd, 8639312.079, 100
Trd, 8639312.279, 80
Trd, 8639312.479, 106
Trd, 8639312.646, 127
Trd, 8639313.712, 73
Trd, 8639313.746, 83
Trd, 8639313.812, 87
Trd, 8639314.812, 68
Trd, 8639316.279, 104
Trd, 8639316.546, 89
Trd, 8639316.946, 140
Trd, 8639317.046, 77
Trd, 8639318.112, 80
Trd, 8639319.012, 95
Trd, 8639319.046, 95
Trd, 8639319.679, 132
Trd, 8639320.079, 94
Trd, 8639320.146, 111
Trd, 8639320.379, 131
Trd, 8639321.279, 101
Trd, 8639321.612, 135
Trd, 8639321.712, 89
Trd, 8639321.879, 126
Trd, 8639322.279, 136
Trd, 8639323.079, 105
Trd, 8639323.212, 120
Trd, 8639324.479, 130
Trd, 8639324.646, 99
Trd, 8639325.346, 130
Trd, 8639325.912, 133
Trd, 8639326.146, 129
Trd, 8639326.546, 137
Trd, 8639327.279, 139
Trd, 8639327.446, 132
Trd, 8639327.612, 129
Trd, 8639328.679, 122
Trd, 8639328.979, 92
Trd, 8639329.146, 125
Trd, 8639329.479, 127
Trd, 8639329.979, 120
Trd, 8639330.879, 98
Trd, 8639331.046, 111
Trd, 8639331.079, 92
Trd, 8639331.246, 118
Trd, 8639331.346, 127
Trd, 8639331.746, 124
Trd, 8639331.979, 113
Trd, 8639332.546, 122
Trd, 8639332.612, 127
Trd, 8639333.379, 115
Trd, 8639334.079, 118
Trd, 8639334.312, 125
Trd, 8639335.279, 71
Trd, 8639335.946, 103
Trd, 8639336.712, 130
Trd, 8639336.846, 125
Trd, 8639337.479, 125
Trd, 8639338.179, 140
Trd, 8639338.612, 111
Trd, 8639338.646, 109
Trd, 8639339.479, 110
Trd, 8639339.812, 120
Trd, 8639340.112, 99
Trd, 8639342.679, 120
Trd, 8639343.346, 131
Trd, 8639343.479, 101
Trd, 8639344.346, 131
Trd, 8639344.412, 115
Trd, 8639344.846, 140
Trd, 8639345.279, 129
Trd, 8639345.646, 63
Trd, 8639345.746, 99
Trd, 8639346.012, 93
Trd, 8639347.412, 101
Trd, 8639347.879, 88
Trd, 8639348.112, 120
Trd, 8639349.046, 106
Trd, 8639349.212, 111
Trd, 8639350.079, 95
Trd, 8639350.279, 90
Trd, 8639350.312, 83
Trd, 8639351.112, 140
Trd, 8639352.646, 130
Trd, 8639352.712, 115
Trd, 8639353.012, 116
Trd, 8639353.146, 99
Trd, 8639353.846, 137
Trd, 8639354.179, 103
Trd, 8639355.146, 126
Trd, 8639356.146, 100
Trd, 8639356.346, 122
Trd, 8639356.779, 125
Trd, 8639357.379, 122
Trd, 8639357.746, 126
Trd, 8639358.012, 133
Trd, 8639358.379, 130
Trd, 8639359.012, 122
Trd, 8639359.312, 110
Trd, 8639359.846, 128
Trd, 8639360.679, 121
Trd, 8639361.012, 130
Trd, 8639361.346, 112
Trd, 8639361.779, 132
Trd, 8639362.312, 103
Trd, 8639363.312, 108
Trd, 8639364.246, 129
Trd, 8639364.679, 138
Trd, 8639364.712, 91
Trd, 8639365.646, 130
Trd, 8639365.712, 138
Trd, 8639365.746, 113
Trd, 8639366.146, 137
Trd, 8639366.779, 138
Trd, 8639367.412, 130
Trd, 8639367.812, 140
Trd, 8639368.812, 121
Trd, 8639369.246, 138
Trd, 8639369.712, 108
Trd, 8639369.779, 106
Trd, 8639370.179, 102
Trd, 8639370.412, 101
Trd, 8639370.779, 140
Trd, 8639371.279, 129
Trd, 8639372.012, 133
Trd, 8639372.979, 132
Trd, 8639373.112, 134
Trd, 8639374.312, 125
Trd, 8639375.112, 96
Trd, 8639375.446, 109
Trd, 8639376.346, 130
Trd, 8639377.312, 140
Trd, 8639377.479, 112
Trd, 8639378.312, 131
Trd, 8639378.512, 138
Trd, 8639379.046, 130
Trd, 8639379.212, 111
Trd, 8639379.379, 120
Trd, 8639380.346, 102
Trd, 8639381.579, 129
Trd, 8639382.079, 107
Trd, 8639382.312, 129
Trd, 8639382.712, 73
Trd, 8639383.312, 123
Trd, 8639383.712, 70
Trd, 8639384.279, 74
Trd, 8639384.879, 101
Trd, 8639385.046, 114
Trd, 8639385.446, 88
Trd, 8639385.512, 82
Trd, 8639385.812, 69
Trd, 8639386.679, 94
Trd, 8639386.746, 117
Trd, 8639387.179, 126
Trd, 8639387.279, 88
Trd, 8639387.446, 70
Trd, 8639388.179, 97
Trd, 8639388.946, 88
Trd, 8639389.779, 72
Trd, 8639390.012, 66
Trd, 8639390.546, 92
Trd, 8639391.012, 85
Trd, 8639391.212, 117
Trd, 8639391.479, 118
Trd, 8639391.612, 99
Trd, 8639391.979, 81
Trd, 8639392.346, 112
Trd, 8639392.912, 131
Trd, 8639393.379, 96
Trd, 8639393.712, 117
Trd, 8639393.979, 122
Trd, 8639395.679, 75
Trd, 8639395.779, 98
Trd, 8639396.679, 132
Trd, 8639396.946, 127
Trd, 8639397.446, 130
Trd, 8639397.679, 109
Trd, 8639397.979, 109
Trd, 8639398.946, 130
Trd, 8639400.246, 129
Trd, 8639400.379, 128
Trd, 8639400.446, 118
Trd, 8639401.812, 108
Trd, 8639401.912, 118
Trd, 8639402.212, 92
Trd, 8639402.346, 125
Trd, 8639402.446, 92
Trd, 8639403.179, 116
Trd, 8639403.779, 117
Trd, 8639404.212, 139
Trd, 8639404.679, 124
Trd, 8639404.979, 120
Trd, 8639405.446, 132
Trd, 8639406.712, 140
Trd, 8639406.946, 140
Trd, 8639406.979, 122
Trd, 8639407.512, 129
Trd, 8639408.846, 105
Trd, 8639409.346, 112
Trd, 8639409.846, 120
Trd, 8639410.012, 131
Trd, 8639410.246, 118
Trd, 8639411.012, 117
Trd, 8639411.279, 130
Trd, 8639411.979, 115
Trd, 8639412.446, 89
Trd, 8639412.646, 86
Trd, 8639412.679, 119
Trd, 8639412.879, 85
Trd, 8639413.246, 89
Trd, 8639413.412, 89
Trd, 8639413.712, 68
Trd, 8639414.112, 63
Trd, 8639415.212, 66
Trd, 8639415.412, 75
Trd, 8639415.512, 85
Trd, 8639415.646, 96
Trd, 8639415.846, 120
Trd, 8639415.979, 120
Trd, 8639416.112, 116
Trd, 8639417.879, 115
Trd, 8639417.912, 102
Trd, 8639417.979, 101
Trd, 8639418.079, 72
Trd, 8639418.446, 71
Trd, 8639418.546, 69
Trd, 8639419.112, 115
Trd, 8639419.479, 116
Trd, 8639419.746, 88
Trd, 8639420.812, 138
Trd, 8639422.412, 105
Trd, 8639423.146, 110
Trd, 8639423.946, 138
Trd, 8639424.612, 132
Trd, 8639424.679, 102
Trd, 8639425.212, 125
Trd, 8639425.646, 140
Trd, 8639426.246, 139
Trd, 8639426.279, 139
Trd, 8639426.746, 114
Trd, 8639426.846, 106
Trd, 8639427.112, 122
Trd, 8639427.612, 92
Trd, 8639428.879, 138
Trd, 8639428.912, 107
Trd, 8639430.012, 140
Trd, 8639430.179, 105
Trd, 8639430.812, 82
Trd, 8639431.112, 94
Trd, 8639431.312, 99
Trd, 8639431.446, 110
Trd, 8639431.546, 105
Trd, 8639431.712, 123
Trd, 8639432.612, 137
Trd, 8639432.946, 139
Trd, 8639434.012, 128
Trd, 8639434.879, 122
Trd, 8639435.546, 123
Trd, 8639435.846, 106
Trd, 8639436.079, 124
Trd, 8639436.246, 96
Trd, 8639436.312, 91
Trd, 8639436.379, 90
Trd, 8639436.446, 76
Trd, 8639437.146, 134
Trd, 8639437.446, 78
Trd, 8639438.379, 133
Trd, 8639438.879, 77
Trd, 8639439.412, 60
Trd, 8639440.512, 121
Trd, 8639441.146, 139
Trd, 8639441.846, 113
Trd, 8639442.012, 112
Trd, 8639443.946, 105
Trd, 8639444.279, 100
Trd, 8639444.379, 94
Trd, 8639444.446, 86
Trd, 8639444.712, 92
Trd, 8639445.379, 121
Trd, 8639445.646, 115
Trd, 8639447.279, 115
Trd, 8639447.312, 115
Trd, 8639447.712, 92
Trd, 8639447.746, 88
Trd, 8639448.179, 132
Trd, 8639448.679, 107
Trd, 8639449.012, 112
Trd, 8639449.246, 97
Trd, 8639450.579, 111
Trd, 8639451.279, 95
Trd, 8639451.746, 108
Trd, 8639452.312, 117
Trd, 8639452.579, 107
Trd, 8639452.612, 88
Trd, 8639452.979, 125
Trd, 8639453.612, 114
Trd, 8639454.646, 84
Trd, 8639455.012, 91
Trd, 8639455.446, 93
Trd, 8639455.546, 84
Trd, 8639455.912, 74
Trd, 8639456.146, 126
Trd, 8639456.712, 138
Trd, 8639456.746, 120
Trd, 8639457.179, 67
Trd, 8639457.379, 130
Trd, 8639457.712, 119
Trd, 8639458.312, 129
Trd, 8639458.346, 113
Trd, 8639459.079, 81
Trd, 8639459.712, 133
Trd, 8639460.512, 131
Trd, 8639461.212, 108
Trd, 8639461.846, 105
Trd, 8639462.446, 138
Trd, 8639462.479, 100
Trd, 8639462.846, 126
Trd, 8639463.779, 127
Trd, 8639464.279, 118
Trd, 8639465.579, 128
Trd, 8639466.646, 137
Trd, 8639466.812, 115
Trd, 8639467.012, 135
Trd, 8639467.679, 124
Trd, 8639467.712, 117
Trd, 8639467.812, 139
Trd, 8639468.679, 116
Trd, 8639469.012, 125
Trd, 8639469.179, 99
Trd, 8639469.346, 96
Trd, 8639470.512, 114
Trd, 8639471.112, 128
Trd, 8639471.546, 110
Trd, 8639471.646, 118
Trd, 8639473.212, 125
Trd, 8639473.812, 130
Trd, 8639473.879, 120
Trd, 8639474.646, 111
Trd, 8639475.712, 136
Trd, 8639476.246, 139
Trd, 8639477.246, 119
Trd, 8639477.379, 123
Trd, 8639478.079, 140
Trd, 8639478.146, 140
Trd, 8639478.446, 140
Trd, 8639478.646, 118
Trd, 8639479.312, 103
Trd, 8639479.612, 137
Trd, 8639480.379, 133
Trd, 8639482.446, 113
Trd, 8639482.612, 113
Trd, 8639482.679, 120
Trd, 8639482.912, 115
Trd, 8639483.546, 126
Trd, 8639484.046, 110
Trd, 8639484.712, 99
Trd, 8639485.046, 140
Trd, 8639485.312, 112
Trd, 8639485.979, 100
Trd, 8639486.946, 128
Trd, 8639487.746, 130
Trd, 8639487.812, 129
Trd, 8639487.946, 118
Trd, 8639488.412, 118
Trd, 8639488.479, 109
Trd, 8639489.379, 106
Trd, 8639489.546, 140
Trd, 8639490.646, 95
Trd, 8639491.012, 94
Trd, 8639491.579, 77
Trd, 8639492.879, 140
Trd, 8639493.379, 117
Trd, 8639493.446, 97
Trd, 8639493.612, 88
Trd, 8639493.646, 118
Trd, 8639493.879, 125
Trd, 8639494.946, 121
Trd, 8639495.279, 117
Trd, 8639495.379, 107
Trd, 8639495.746, 124
Trd, 8639496.246, 99
Trd, 8639496.312, 132
Trd, 8639496.379, 88
Trd, 8639496.612, 63
Trd, 8639496.679, 71
Trd, 8639498.546, 118
Trd, 8639498.612, 123
Trd, 8639498.679, 118
Trd, 8639499.779, 108
Trd, 8639500.246, 103
Trd, 8639500.346, 69
Trd, 8639501.146, 140
Trd, 8639501.212, 108
Trd, 8639501.646, 113
Trd, 8639502.012, 100
Trd, 8639502.212, 125
Trd, 8639503.179, 111
Trd, 8639503.946, 119
Trd, 8639504.112, 113
Trd, 8639504.579, 120
Trd, 8639505.712, 106
Trd, 8639506.046, 116
Trd, 8639506.112, 99
Trd, 8639506.146, 120
Trd, 8639506.179, 99
Trd, 8639506.712, 92
Trd, 8639507.079, 89
Trd, 8639507.446, 98
Trd, 8639508.212, 107
Trd, 8639508.512, 66
Trd, 8639509.879, 77
Trd, 8639510.512, 121
Trd, 8639510.779, 103
Trd, 8639511.346, 101
Trd, 8639511.712, 137
Trd, 8639512.312, 124
Trd, 8639512.479, 72
Trd, 8639512.579, 65
Trd, 8639512.946, 117
Trd, 8639513.546, 122
Trd, 8639513.746, 60
Trd, 8639514.446, 91
Trd, 8639514.646, 116
Trd, 8639515.246, 132
Trd, 8639515.579, 132
Trd, 8639516.646, 128
Trd, 8639517.046, 127
Trd, 8639517.346, 121
Trd, 8639517.446, 81
Trd, 8639518.546, 140
Trd, 8639518.912, 140
Trd, 8639519.612, 134
Trd, 8639520.012, 129
Trd, 8639520.279, 119
Trd, 8639520.612, 114
Trd, 8639520.846, 114
Trd, 8639521.646, 133
Trd, 8639521.879, 129
Trd, 8639522.279, 97
Trd, 8639523.112, 114
Trd, 8639525.079, 140
Trd, 8639525.246, 139
Trd, 8639525.279, 125
Trd, 8639525.546, 128
Trd, 8639525.812, 131
Trd, 8639526.279, 123
Trd, 8639526.379, 130
Trd, 8639527.046, 109
Trd, 8639527.546, 124
Trd, 8639528.146, 122
Trd, 8639528.279, 108
Trd, 8639528.746, 115
Trd, 8639528.879, 111
Trd, 8639529.212, 94
Trd, 8639529.879, 81
Trd, 8639529.979, 97
Trd, 8639530.479, 60
Trd, 8639530.546, 103
Trd, 8639531.246, 128
Trd, 8639532.546, 87
Trd, 8639533.046, 68
Trd, 8639533.579, 139
Trd, 8639533.679, 119
Trd, 8639533.879, 83
Trd, 8639534.012, 97
Trd, 8639534.846, 103
Trd, 8639535.179, 108
Trd, 8639535.279, 100
Trd, 8639535.512, 77
Trd, 8639536.579, 94
Trd, 8639537.846, 126
Trd, 8639537.879, 124
Trd, 8639538.512, 138
Trd, 8639538.746, 125
Trd, 8639539.246, 100
Trd, 8639539.546, 127
Trd, 8639540.546, 134
Trd, 8639540.612, 132
Trd, 8639541.079, 133
Trd, 8639541.112, 77
Trd, 8639542.612, 140
Trd, 8639542.646, 132
Trd, 8639543.246, 140
Trd, 8639544.179, 122
Trd, 8639544.679, 89
Trd, 8639545.512, 116
Trd, 8639545.612, 83
Trd, 8639546.046, 115
Trd, 8639546.279, 123
Trd, 8639547.346, 140
Trd, 8639547.712, 131
Trd, 8639548.079, 113
Trd, 8639548.479, 99
Trd, 8639548.512, 94
Trd, 8639548.879, 93
Trd, 8639550.412, 64
Trd, 8639550.612, 79
Trd, 8639551.179, 66
Trd, 8639551.412, 97
Trd, 8639551.946, 98
Trd, 8639552.112, 87
Trd, 8639552.912, 86
Trd, 8639553.312, 88
Trd, 8639553.479, 104
Trd, 8639553.512, 87
Trd, 8639553.812, 75
Trd, 8639554.046, 109
Trd, 8639554.346, 111
Trd, 8639555.212, 140
Trd, 8639556.312, 114
Trd, 8639556.612, 97
Trd, 8639556.779, 87
Trd, 8639556.912, 84
Trd, 8639557.646, 139
Trd, 8639558.412, 67
Trd, 8639558.579, 115
Trd, 8639558.879, 111
Trd, 8639559.312, 136
Trd, 8639559.479, 126
Trd, 8639560.112, 138
Trd, 8639560.812, 61
Trd, 8639561.179, 140
Trd, 8639561.679, 126
Trd, 8639561.812, 120
Trd, 8639562.246, 124
Trd, 8639562.412, 115
Trd, 8639563.712, 120
Trd, 8639564.012, 118
Trd, 8639564.512, 123
Trd, 8639564.879, 112
Trd, 8639565.212, 121
Trd, 8639565.512, 97
Trd, 8639566.712, 135
Trd, 8639567.446, 120
Trd, 8639568.046, 140
Trd, 8639568.579, 120
Trd, 8639569.179, 140
Trd, 8639569.812, 133
Trd, 8639569.879, 102
Trd, 8639570.379, 139
Trd, 8639571.712, 108
Trd, 8639573.012, 133
Trd, 8639573.279, 107
Trd, 8639573.412, 93
Trd, 8639573.446, 91
Trd, 8639573.546, 107
Trd, 8639573.779, 135
Trd, 8639574.012, 132
Trd, 8639574.179, 126
Trd, 8639574.412, 121
Trd, 8639574.946, 137
Trd, 8639576.612, 139
Trd, 8639576.912, 125
Trd, 8639577.479, 139
Trd, 8639577.679, 138
Trd, 8639577.979, 102
Trd, 8639578.379, 88
Trd, 8639579.279, 97
Trd, 8639579.446, 102
Trd, 8639580.179, 74
Trd, 8639580.746, 90
Trd, 8639581.146, 100
Trd, 8639581.246, 88
Trd, 8639581.679, 73
Trd, 8639581.812, 93
Trd, 8639582.579, 128
Trd, 8639582.712, 119
Trd, 8639583.512, 135
Trd, 8639583.612, 85
Trd, 8639583.946, 117
Trd, 8639584.212, 134
Trd, 8639584.512, 87
Trd, 8639585.046, 124
Trd, 8639586.146, 91
Trd, 8639586.646, 133
Trd, 8639586.812, 105
Trd, 8639587.279, 111
Trd, 8639588.012, 127
Trd, 8639588.212, 139
Trd, 8639588.746, 128
Trd, 8639589.212, 113
Trd, 8639589.346, 105
Trd, 8639589.646, 125
Trd, 8639589.846, 123
Trd, 8639589.979, 95
Trd, 8639590.012, 66
Trd, 8639590.846, 94
Trd, 8639592.012, 129
Trd, 8639592.112, 132
Trd, 8639592.579, 140
Trd, 8639592.812, 115
Trd, 8639593.079, 132
Trd, 8639593.746, 105
Trd, 8639594.246, 119
Trd, 8639594.746, 94
Trd, 8639595.612, 132
Trd, 8639595.679, 114
Trd, 8639596.612, 110
Trd, 8639596.679, 88
Trd, 8639597.679, 97
Trd, 8639598.012, 123
Trd, 8639598.079, 123
Trd, 8639598.179, 122
Trd, 8639598.412, 91
Trd, 8639598.646, 88
Trd, 8639599.879, 139
Trd, 8639600.979, 140
Trd, 8639601.379, 127
Trd, 8639602.446, 114
Trd, 8639602.546, 98
Trd, 8639602.879, 93
Trd, 8639602.979, 101
Trd, 8639605.079, 130
Trd, 8639605.112, 114
Trd, 8639605.412, 139
Trd, 8639605.679, 136
Trd, 8639606.246, 133
Trd, 8639606.546, 123
Trd, 8639606.879, 111
Trd, 8639607.112, 88
Trd, 8639608.412, 138
Trd, 8639609.046, 132
Trd, 8639609.079, 128
Trd, 8639609.246, 124
Trd, 8639609.412, 110
Trd, 8639609.479, 106
Trd, 8639609.546, 104
Trd, 8639609.712, 85
Trd, 8639610.779, 71
Trd, 8639611.146, 61
Trd, 8639611.379, 72
Trd, 8639611.579, 88
Trd, 8639611.812, 97
Trd, 8639612.279, 106
Trd, 8639612.979, 96
Trd, 8639613.079, 65
Trd, 8639613.446, 118
Trd, 8639614.779, 139
Trd, 8639615.446, 131
Trd, 8639615.546, 113
Trd, 8639616.246, 138
Trd, 8639616.746, 110
Trd, 8639616.979, 108
Trd, 8639617.446, 100
Trd, 8639617.646, 80
Trd, 8639617.712, 110
Trd, 8639618.146, 74
Trd, 8639619.412, 122
Trd, 8639620.612, 121
Trd, 8639621.212, 120
Trd, 8639621.946, 116
Trd, 8639622.546, 104
Trd, 8639623.246, 118
Trd, 8639623.612, 112
Trd, 8639624.046, 120
Trd, 8639624.279, 85
Trd, 8639624.546, 80
Trd, 8639624.679, 119
Trd, 8639624.946, 103
Trd, 8639625.812, 108
Trd, 8639626.212, 136
Trd, 8639626.379, 137
Trd, 8639626.846, 140
Trd, 8639627.312, 90
Trd, 8639628.279, 87
Trd, 8639628.746, 130
Trd, 8639628.812, 100
Trd, 8639628.946, 107
Trd, 8639629.446, 112
Trd, 8639629.679, 133
Trd, 8639630.179, 117
Trd, 8639630.979, 116
Trd, 8639631.179, 89
Trd, 8639632.279, 123
Trd, 8639632.846, 138
Trd, 8639633.479, 132
Trd, 8639633.979, 107
Trd, 8639634.446, 124
Trd, 8639634.512, 138
Trd, 8639634.946, 137
Trd, 8639635.679, 138
Trd, 8639635.846, 136
Trd, 8639636.079, 116
Trd, 8639636.312, 107
Trd, 8639636.446, 112
Trd, 8639636.579, 103
Trd, 8639637.546, 139
Trd, 8639638.346, 120
Trd, 8639638.379, 105
Trd, 8639638.746, 98
Trd, 8639639.912, 128
Trd, 8639640.179, 112
Trd, 8639640.379, 132
Trd, 8639640.412, 139
Trd, 8639640.779, 103
Trd, 8639640.912, 61
Trd, 8639641.279, 82
Trd, 8639642.812, 137
Trd, 8639643.346, 134
Trd, 8639643.479, 116
Trd, 8639643.579, 98
Trd, 8639644.412, 137
Trd, 8639644.712, 116
Trd, 8639645.446, 99
Trd, 8639645.879, 110
Trd, 8639646.112, 105
Trd, 8639647.112, 123
Trd, 8639648.179, 135
Trd, 8639648.312, 124
Trd, 8639648.746, 110
Trd, 8639649.312, 140
Trd, 8639649.479, 131
Trd, 8639650.512, 135
Trd, 8639651.112, 99
Trd, 8639652.379, 134
Trd, 8639652.846, 100
Trd, 8639652.946, 111
Trd, 8639653.079, 82
Trd, 8639653.212, 79
Trd, 8639653.479, 62
Trd, 8639653.912, 117
Trd, 8639654.579, 130
Trd, 8639655.146, 113
Trd, 8639655.779, 136
Trd, 8639655.879, 119
Trd, 8639657.412, 139
Trd, 8639657.779, 130
Trd, 8639658.012, 108
Trd, 8639658.179, 97
Trd, 8639658.712, 96
Trd, 8639658.746, 95
Trd, 8639659.079, 104
Trd, 8639659.479, 138
Trd, 8639659.746, 130
Trd, 8639660.212, 95
Trd, 8639660.446, 128
Trd, 8639660.946, 82
Trd, 8639661.146, 83
Trd, 8639661.612, 140
Trd, 8639661.912, 136
Trd, 8639662.379, 130
Trd, 8639663.546, 111
Trd, 8639664.012, 133
Trd, 8639664.046, 124
Trd, 8639664.646, 123
Trd, 8639665.212, 123
Trd, 8639665.512, 123
Trd, 8639665.712, 92
Trd, 8639666.012, 84
Trd, 8639666.446, 131
Trd, 8639667.046, 129
Trd, 8639667.712, 125
Trd, 8639668.379, 118
Trd, 8639668.779, 93
Trd, 8639669.746, 112
Trd, 8639669.846, 103
Trd, 8639670.312, 92
Trd, 8639670.946, 97
Trd, 8639671.579, 64
Trd, 8639671.746, 72
Trd, 8639672.246, 75
Trd, 8639672.546, 108
Trd, 8639672.679, 121
Trd, 8639673.312, 132
Trd, 8639673.579, 116
Trd, 8639673.879, 95
Trd, 8639674.879, 116
Trd, 8639675.079, 91
Trd, 8639676.379, 128
Trd, 8639677.512, 138
Trd, 8639678.179, 135
Trd, 8639678.712, 126
Trd, 8639679.146, 111
Trd, 8639679.346, 97
Trd, 8639679.646, 84
Trd, 8639679.779, 102
Trd, 8639680.046, 78
Trd, 8639680.446, 86
Trd, 8639680.546, 119
Trd, 8639681.712, 131
Trd, 8639681.912, 101
Trd, 8639682.379, 73
Trd, 8639682.446, 84
Trd, 8639684.346, 95
Trd, 8639685.679, 140
Trd, 8639685.712, 138
Trd, 8639685.946, 132
Trd, 8639686.546, 138
Trd, 8639687.246, 122
Trd, 8639688.312, 138
Trd, 8639688.546, 140
Trd, 8639688.779, 139
Trd, 8639688.812, 126
Trd, 8639689.146, 121
Trd, 8639689.912, 125
Trd, 8639690.479, 115
Trd, 8639690.512, 107
Trd, 8639690.912, 87
Trd, 8639691.046, 85
Trd, 8639691.679, 106
Trd, 8639692.012, 101
Trd, 8639692.279, 129
Trd, 8639692.346, 77
Trd, 8639693.712, 140
Trd, 8639694.412, 129
Trd, 8639695.779, 138
Trd, 8639696.112, 136
Trd, 8639696.312, 129
Trd, 8639696.846, 122
Trd, 8639697.779, 127
Trd, 8639698.346, 104
Trd, 8639698.479, 98
Trd, 8639699.079, 124
Trd, 8639699.112, 127
Trd, 8639699.212, 124
Trd, 8639699.379, 98
Trd, 8639700.846, 107
Trd, 8639701.512, 135
Trd, 8639701.812, 137
Trd, 8639702.579, 131
Trd, 8639703.479, 99
Trd, 8639703.846, 109
Trd, 8639704.212, 118
Trd, 8639704.346, 87
Trd, 8639704.879, 137
Trd, 8639705.679, 134
Trd, 8639705.779, 119
Trd, 8639705.879, 111
Trd, 8639706.312, 76
Trd, 8639706.712, 90
Trd, 8639706.912, 98
Trd, 8639707.312, 121
Trd, 8639707.412, 114
Trd, 8639707.546, 125
Trd, 8639707.779, 74
Trd, 8639708.079, 107
Trd, 8639708.412, 119
Trd, 8639709.612, 138
Trd, 8639710.912, 137
Trd, 8639710.946, 128
Trd, 8639711.046, 120
Trd, 8639711.146, 119
Trd, 8639711.246, 114
Trd, 8639711.512, 104
Trd, 8639712.412, 124
Trd, 8639712.779, 122
Trd, 8639713.112, 120
Trd, 8639714.046, 138
Trd, 8639715.012, 129
Trd, 8639715.379, 98
Trd, 8639716.079, 132
Trd, 8639716.512, 107
Trd, 8639717.112, 84
Trd, 8639717.279, 86
Trd, 8639717.912, 129
Trd, 8639718.479, 112
Trd, 8639718.712, 139
Trd, 8639718.746, 113
Trd, 8639719.012, 112
Trd, 8639719.446, 116
Trd, 8639719.579, 100
Trd, 8639720.512, 103
Trd, 8639720.879, 118
Trd, 8639721.712, 137
Trd, 8639722.612, 138
Trd, 8639722.746, 97
Trd, 8639723.112, 139
Trd, 8639723.146, 91
Trd, 8639724.012, 138
Trd, 8639724.779, 130
Trd, 8639724.946, 100
Trd, 8639725.246, 93
Trd, 8639726.379, 101
Trd, 8639726.412, 108
Trd, 8639726.812, 115
Trd, 8639727.312, 133
Trd, 8639728.212, 115
Trd, 8639728.646, 120
Trd, 8639728.712, 127
Trd, 8639728.846, 105
Trd, 8639728.979, 89
Trd, 8639729.679, 140
Trd, 8639730.012, 127
Trd, 8639730.712, 93
Trd, 8639730.946, 91
Trd, 8639731.312, 125
Trd, 8639731.712, 99
Trd, 8639731.979, 134
Trd, 8639733.012, 106
Trd, 8639733.312, 106
Trd, 8639733.846, 98
Trd, 8639734.012, 113
Trd, 8639734.812, 114
Trd, 8639735.079, 108
Trd, 8639736.546, 113
Trd, 8639736.646, 99
Trd, 8639736.912, 137
Trd, 8639737.879, 136
Trd, 8639738.246, 130
Trd, 8639738.746, 119
Trd, 8639739.012, 119
Trd, 8639739.446, 127
Trd, 8639739.579, 107
Trd, 8639740.179, 108
Trd, 8639740.246, 117
Trd, 8639740.579, 112
Trd, 8639741.046, 96
Trd, 8639741.279, 99
Trd, 8639742.179, 140
Trd, 8639743.079, 80
Trd, 8639743.746, 77
Trd, 8639744.279, 97
Trd, 8639744.579, 66
Trd, 8639744.912, 63
Trd, 8639745.246, 102
Trd, 8639746.146, 107
Trd, 8639746.379, 100
Trd, 8639746.812, 104
Trd, 8639747.079, 134
Trd, 8639747.879, 114
Trd, 8639748.146, 126
Trd, 8639749.212, 131
Trd, 8639749.346, 93
Trd, 8639749.546, 92
Trd, 8639750.046, 89
Trd, 8639750.612, 103
Trd, 8639751.046, 99
Trd, 8639751.146, 75
Trd, 8639751.646, 117
Trd, 8639752.046, 114
Trd, 8639752.179, 90
Trd, 8639754.246, 131
Trd, 8639754.479, 130
Trd, 8639754.612, 121
Trd, 8639754.912, 121
Trd, 8639754.946, 119
Trd, 8639755.479, 136
Trd, 8639756.312, 118
Trd, 8639756.479, 115
Trd, 8639756.812, 103
Trd, 8639757.046, 138
Trd, 8639757.179, 78
Trd, 8639757.546, 132
Trd, 8639758.712, 135
Trd, 8639758.912, 130
Trd, 8639759.012, 125
Trd, 8639759.679, 135
Trd, 8639760.712, 130
Trd, 8639761.412, 133
Trd, 8639761.446, 131
Trd, 8639761.512, 130
Trd, 8639762.979, 107
Trd, 8639763.312, 121
Trd, 8639764.479, 110
Trd, 8639764.946, 110
Trd, 8639765.012, 122
Trd, 8639765.079, 94
Trd, 8639765.412, 128
Trd, 8639765.979, 134
Trd, 8639766.479, 99
Trd, 8639766.546, 135
Trd, 8639767.079, 132
Trd, 8639767.712, 123
Trd, 8639768.446, 140
Trd, 8639768.979, 131
Trd, 8639769.346, 127
Trd, 8639769.712, 99
Trd, 8639769.746, 72
Trd, 8639770.512, 103
Trd, 8639771.279, 118
Trd, 8639771.612, 112
Trd, 8639771.779, 111
Trd, 8639772.079, 131
Trd, 8639774.046, 140
Trd, 8639774.346, 140
Trd, 8639774.612, 139
Trd, 8639774.946, 129
Trd, 8639775.279, 112
Trd, 8639775.312, 109
Trd, 8639776.212, 109
Trd, 8639776.479, 122
Trd, 8639776.712, 110
Trd, 8639776.946, 104
Trd, 8639777.379, 132
Trd, 8639777.912, 127
Trd, 8639778.879, 109
Trd, 8639779.546, 127
Trd, 8639779.879, 97
Trd, 8639781.146, 67
Trd, 8639781.246, 66
Trd, 8639781.379, 77
Trd, 8639782.279, 90
Trd, 8639782.612, 99
Trd, 8639783.679, 86
Trd, 8639784.112, 123
Trd, 8639784.646, 111
Trd, 8639784.679, 110
Trd, 8639785.312, 134
Trd, 8639785.846, 123
Trd, 8639785.879, 114
Trd, 8639786.279, 121
Trd, 8639786.779, 140
Trd, 8639786.912, 114
Trd, 8639787.512, 134
Trd, 8639787.746, 122
Trd, 8639787.946, 109
Trd, 8639789.112, 137
Trd, 8639789.446, 136
Trd, 8639789.846, 132
Trd, 8639789.979, 122
Trd, 8639790.412, 96
Trd, 8639791.846, 137
Trd, 8639791.979, 138
Trd, 8639793.212, 102
Trd, 8639793.512, 134
Trd, 8639794.379, 140
Trd, 8639794.579, 123
Trd, 8639794.679, 129
Trd, 8639794.879, 121
Trd, 8639795.146, 136
Trd, 8639795.212, 106
Trd, 8639796.679, 120
Trd, 8639796.879, 113
Trd, 8639798.079, 131
Trd, 8639798.412, 122
Trd, 8639798.679, 140
Trd, 8639798.779, 122
Trd, 8639798.812, 118
Trd, 8639798.912, 117
Trd, 8639799.012, 115
Trd, 8639799.512, 126
Trd, 8639800.446, 103
Trd, 8639801.346, 122
Trd, 8639801.579, 114
Trd, 8639801.712, 100
Trd, 8639802.112, 135
Trd, 8639802.246, 126
Trd, 8639802.946, 139
Trd, 8639804.279, 140
Trd, 8639804.346, 122
Trd, 8639804.712, 120
Trd, 8639805.146, 122
Trd, 8639805.712, 119
Trd, 8639805.912, 119
Trd, 8639806.846, 139
Trd, 8639807.146, 126
Trd, 8639807.612, 129
Trd, 8639808.112, 135
Trd, 8639808.346, 95
Trd, 8639808.546, 91
Trd, 8639809.546, 127
Trd, 8639810.112, 85
Trd, 8639811.012, 136
Trd, 8639812.012, 135
Trd, 8639812.279, 138
Trd, 8639812.579, 130
Trd, 8639812.679, 128
Trd, 8639812.879, 111
Trd, 8639812.912, 98
Trd, 8639813.512, 140
Trd, 8639814.279, 131
Trd, 8639815.646, 130
Trd, 8639816.612, 112
Trd, 8639816.646, 110
Trd, 8639817.346, 132
Trd, 8639817.646, 114
Trd, 8639818.079, 111
Trd, 8639818.246, 128
Trd, 8639819.479, 114
Trd, 8639819.746, 105
Trd, 8639820.046, 138
Trd, 8639820.212, 97
Trd, 8639820.646, 122
Trd, 8639820.912, 139
Trd, 8639821.112, 102
Trd, 8639822.079, 97
Trd, 8639822.546, 102
Trd, 8639822.846, 96
Trd, 8639824.179, 139
Trd, 8639824.312, 122
Trd, 8639824.946, 124
Trd, 8639825.146, 125
Trd, 8639825.679, 80
Trd, 8639826.246, 111
Trd, 8639826.479, 88
Trd, 8639827.446, 60
Trd, 8639827.846, 81
Trd, 8639828.112, 100
Trd, 8639828.612, 63
Trd, 8639828.812, 74
Trd, 8639829.946, 79
Trd, 8639830.179, 86
Trd, 8639830.579, 125
Trd, 8639830.679, 104
Trd, 8639830.846, 95
Trd, 8639831.146, 129
Trd, 8639831.579, 80
Trd, 8639831.679, 71
Trd, 8639831.912, 103
Trd, 8639832.179, 140
Trd, 8639832.846, 107
Trd, 8639832.912, 106
Trd, 8639833.079, 98
Trd, 8639833.479, 86
Trd, 8639833.846, 134
Trd, 8639834.346, 77
Trd, 8639834.379, 81
Trd, 8639835.512, 85
Trd, 8639835.912, 77
Trd, 8639836.179, 93
Trd, 8639836.912, 140
Trd, 8639837.446, 128
Trd, 8639837.579, 115
Trd, 8639838.579, 140
Trd, 8639839.479, 128
Trd, 8639839.579, 117
Trd, 8639840.812, 140
Trd, 8639841.979, 135
Trd, 8639842.112, 130
Trd, 8639842.479, 127
Trd, 8639842.879, 107
Trd, 8639842.946, 98
Trd, 8639843.246, 97
Trd, 8639843.846, 67
Trd, 8639843.879, 66
Trd, 8639844.712, 101
Trd, 8639845.012, 75
Trd, 8639845.879, 140
Trd, 8639846.079, 132
Trd, 8639846.312, 118
Trd, 8639846.779, 109
Trd, 8639847.012, 102
Trd, 8639848.479, 118
Trd, 8639849.779, 122
Trd, 8639850.679, 116
Trd, 8639851.412, 129
Trd, 8639851.512, 120
Trd, 8639851.879, 131
Trd, 8639852.179, 125
Trd, 8639852.512, 114
Trd, 8639852.612, 113
Trd, 8639852.779, 102
Trd, 8639853.512, 100
Trd, 8639853.546, 99
Trd, 8639853.879, 97
Trd, 8639855.479, 124
Trd, 8639855.746, 117
Trd, 8639855.846, 115
Trd, 8639856.046, 105
Trd, 8639856.246, 133
Trd, 8639857.912, 107
Trd, 8639858.046, 102
Trd, 8639858.712, 88
Trd, 8639859.446, 79
Trd, 8639859.512, 77
Trd, 8639859.712, 76
Trd, 8639860.179, 105
Trd, 8639860.579, 124
Trd, 8639861.312, 140
Trd, 8639861.446, 137
Trd, 8639861.912, 96
Trd, 8639862.379, 64
Trd, 8639863.079, 78
Trd, 8639863.946, 62
Trd, 8639863.979, 80
Trd, 8639864.479, 101
Trd, 8639864.846, 132
Trd, 8639864.879, 115
Trd, 8639865.179, 96
Trd, 8639866.046, 94
Trd, 8639866.246, 103
Trd, 8639866.646, 87
Trd, 8639867.246, 108
Trd, 8639867.279, 130
Trd, 8639868.112, 125
Trd, 8639868.612, 129
Trd, 8639869.146, 108
Trd, 8639869.379, 103
Trd, 8639869.746, 134
Trd, 8639870.546, 109
Trd, 8639870.846, 131
Trd, 8639871.012, 124
Trd, 8639871.846, 140
Trd, 8639873.146, 118
Trd, 8639873.179, 118
Trd, 8639873.446, 104
Trd, 8639874.612, 138
Trd, 8639874.912, 134
Trd, 8639875.046, 126
Trd, 8639875.346, 135
Trd, 8639875.446, 121
Trd, 8639877.212, 100
Trd, 8639877.246, 72
Trd, 8639877.479, 91
Trd, 8639877.812, 78
Trd, 8639878.212, 71
Trd, 8639878.279, 112
Trd, 8639879.612, 110
Trd, 8639879.746, 108
Trd, 8639880.779, 127
Trd, 8639880.846, 125
Trd, 8639880.912, 121
Trd, 8639882.012, 116
Trd, 8639882.046, 124
Trd, 8639882.112, 106
Trd, 8639882.279, 139
Trd, 8639882.479, 68
Trd, 8639883.446, 102
Trd, 8639883.612, 102
Trd, 8639883.846, 128
Trd, 8639884.012, 93
Trd, 8639884.512, 129
Trd, 8639884.979, 118
Trd, 8639885.746, 128
Trd, 8639885.912, 123
Trd, 8639886.946, 133
Trd, 8639887.279, 135
Trd, 8639887.879, 131
Trd, 8639888.312, 120
Trd, 8639890.079, 140
Trd, 8639890.212, 125
Trd, 8639890.612, 138
Trd, 8639890.846, 120
Trd, 8639890.946, 114
Trd, 8639891.046, 100
Trd, 8639891.879, 140
Trd, 8639892.812, 135
Trd, 8639893.146, 136
Trd, 8639893.512, 125
Trd, 8639893.746, 133
Trd, 8639894.279, 123
Trd, 8639895.746, 140
Trd, 8639895.879, 139
Trd, 8639896.512, 139
Trd, 8639896.712, 123
Trd, 8639896.946, 92
Trd, 8639897.212, 102
Trd, 8639897.679, 136
Trd, 8639898.179, 115
Trd, 8639898.712, 103
Trd, 8639899.512, 108
Trd, 8639901.012, 135
Trd, 8639901.346, 129
Trd, 8639901.979, 111
Trd, 8639902.112, 140
Trd, 8639902.379, 140
Trd, 8639902.446, 103
Trd, 8639902.479, 99
Trd, 8639902.712, 77
Trd, 8639903.046, 71
Trd, 8639903.946, 111
Trd, 8639904.079, 127
Trd, 8639904.912, 104
Trd, 8639905.046, 133
Trd, 8639905.946, 140
Trd, 8639906.512, 138
Trd, 8639906.679, 120
Trd, 8639906.812, 118
Trd, 8639906.879, 97
Trd, 8639907.212, 101
Trd, 8639907.779, 61
Trd, 8639908.546, 120
Trd, 8639908.846, 120
Trd, 8639909.579, 140
Trd, 8639910.279, 139
Trd, 8639910.612, 119
Trd, 8639910.746, 115
Trd, 8639911.379, 121
Trd, 8639912.312, 130
Trd, 8639912.579, 86
Trd, 8639912.679, 70
Trd, 8639913.346, 73
Trd, 8639913.546, 70
Trd, 8639913.779, 80
Trd, 8639915.212, 125
Trd, 8639915.579, 140
Trd, 8639915.679, 139
Trd, 8639915.846, 137
Trd, 8639917.046, 103
Trd, 8639917.179, 102
Trd, 8639917.512, 75
Trd, 8639918.046, 74
Trd, 8639919.579, 104
Trd, 8639919.612, 90
Trd, 8639919.879, 103
Trd, 8639919.946, 82
Trd, 8639920.846, 100
Trd, 8639921.012, 90
Trd, 8639921.612, 115
Trd, 8639922.446, 140
Trd, 8639922.846, 130
Trd, 8639923.612, 136
Trd, 8639923.812, 115
Trd, 8639923.879, 107
Trd, 8639923.979, 106
Trd, 8639925.012, 89
Trd, 8639925.979, 127
Trd, 8639926.446, 130
Trd, 8639926.646, 129
Trd, 8639927.479, 119
Trd, 8639927.812, 121
Trd, 8639927.979, 120
Trd, 8639928.179, 129
Trd, 8639929.546, 123
Trd, 8639930.179, 95
Trd, 8639930.446, 81
Trd, 8639931.246, 121
Trd, 8639931.446, 122
Trd, 8639931.646, 137
Trd, 8639931.679, 74
Trd, 8639932.179, 114
Trd, 8639932.846, 113
Trd, 8639933.012, 109
Trd, 8639933.646, 129
Trd, 8639934.112, 119
Trd, 8639934.912, 115
Trd, 8639935.046, 124
Trd, 8639935.279, 108
Trd, 8639935.579, 134
Trd, 8639936.312, 85
Trd, 8639936.846, 134
Trd, 8639936.946, 75
Trd, 8639937.412, 112
Trd, 8639937.712, 64
Trd, 8639938.346, 105
Trd, 8639939.146, 132
Trd, 8639939.346, 106
Trd, 8639939.746, 105
Trd, 8639940.246, 110
Trd, 8639940.712, 109
Trd, 8639942.479, 134
Trd, 8639942.679, 109
Trd, 8639942.912, 98
Trd, 8639943.146, 87
Trd, 8639944.812, 137
Trd, 8639944.946, 137
Trd, 8639945.112, 119
Trd, 8639945.579, 118
Trd, 8639946.112, 108
Trd, 8639946.346, 98
Trd, 8639946.612, 140
Trd, 8639947.246, 98
Trd, 8639947.346, 78
Trd, 8639947.812, 130
Trd, 8639948.079, 107
Trd, 8639948.479, 121
Trd, 8639948.812, 133
Trd, 8639949.779, 140
Trd, 8639950.646, 131
Trd, 8639950.812, 98
Trd, 8639951.046, 96
Trd, 8639951.212, 136
Trd, 8639952.079, 103
Trd, 8639952.679, 114
Trd, 8639953.112, 112
Trd, 8639953.279, 86
Trd, 8639953.779, 81
Trd, 8639953.879, 100
Trd, 8639954.212, 81
Trd, 8639954.346, 111
Trd, 8639954.946, 101
Trd, 8639955.346, 128
Trd, 8639956.079, 133
Trd, 8639956.179, 135
Trd, 8639956.346, 98
Trd, 8639956.912, 113
Trd, 8639956.979, 125
Trd, 8639957.779, 81
Trd, 8639957.946, 68
Trd, 8639957.979, 104
Trd, 8639958.479, 80
Trd, 8639958.679, 132
Trd, 8639959.546, 62
Trd, 8639959.612, 74
Trd, 8639960.412, 61
Trd, 8639960.579, 87
Trd, 8639961.312, 72
Trd, 8639961.812, 140
Trd, 8639962.279, 112
Trd, 8639963.146, 140
Trd, 8639963.712, 111
Trd, 8639963.979, 120
Trd, 8639965.279, 129
Trd, 8639965.312, 113
Trd, 8639965.846, 100
Trd, 8639966.479, 139
Trd, 8639967.312, 98
Trd, 8639967.512, 97
Trd, 8639967.846, 112
Trd, 8639968.112, 95
Trd, 8639968.279, 129
Trd, 8639968.446, 84
Trd, 8639968.979, 137
Trd, 8639969.079, 131
Trd, 8639969.946, 140
Trd, 8639969.979, 106
Trd, 8639970.246, 118
Trd, 8639970.679, 90
Trd, 8639971.079, 135
Trd, 8639972.112, 120
Trd, 8639972.846, 132
Trd, 8639973.079, 137
Trd, 8639973.946, 136
Trd, 8639973.979, 123
Trd, 8639974.446, 119
Trd, 8639974.846, 93
Trd, 8639975.012, 132
Trd, 8639975.212, 111
Trd, 8639975.446, 98
Trd, 8639976.046, 138
Trd, 8639976.146, 114
Trd, 8639976.512, 122
Trd, 8639976.679, 140
Trd, 8639978.212, 135
Trd, 8639978.379, 127
Trd, 8639978.546, 121
Trd, 8639978.879, 88
Trd, 8639979.146, 116
Trd, 8639981.012, 127
Trd, 8639981.046, 124
Trd, 8639982.479, 126
Trd, 8639982.846, 126
Trd, 8639983.012, 133
Trd, 8639983.312, 101
Trd, 8639983.679, 91
Trd, 8639983.946, 132
Trd, 8639984.779, 140
Trd, 8639985.046, 138
Trd, 8639986.179, 109
Trd, 8639986.612, 88
Trd, 8639986.779, 103
Trd, 8639986.812, 88
Trd, 8639987.112, 92
Trd, 8639987.479, 133
Trd, 8639987.579, 121
Trd, 8639987.812, 110
Trd, 8639988.512, 102
Trd, 8639989.012, 117
Trd, 8639989.079, 126
Trd, 8639989.146, 130
Trd, 8639990.446, 101
Trd, 8639990.879, 122
Trd, 8639990.979, 87
Trd, 8639991.046, 105
Trd, 8639991.546, 92
Trd, 8639992.279, 111
Trd, 8639992.579, 118
Trd, 8639993.146, 97
Trd, 8639993.479, 101
Trd, 8639993.679, 91
Trd, 8639994.379, 84
Trd, 8639994.412, 116
Trd, 8639995.312, 136
Trd, 8639995.512, 126
Trd, 8639996.079, 122
Trd, 8639996.146, 106
Trd, 8639997.779, 121
Trd, 8639997.812, 109
Trd, 8639998.046, 139
Trd, 8639998.546, 127
Trd, 8639999.379, 140
Trd, 8639999.512, 136
