Trd, 8638737.479, 104
Trd, 8638737.579, 101
Trd, 8638738.646, 100
Trd, 8638739.379, 98
Trd, 8638741.146, 140
Trd, 8638741.546, 140
Trd, 8638743.212, 140
Trd, 8638743.379, 140
Trd, 8638743.579, 140
Trd, 8638743.846, 140
Trd, 8638743.946, 140
Trd, 8638744.212, 138
Trd, 8638744.379, 139
Trd, 8638745.079, 135
Trd, 8638745.412, 134
Trd, 8638746.079, 127
Trd, 8638746.146, 124
Trd, 8638747.912, 140
Trd, 8638747.979, 140
Trd, 8638748.246, 139
Trd, 8638749.279, 140
Trd, 8638750.546, 140
Trd, 8638752.046, 140
Trd, 8638753.379, 140
Trd, 8638754.146, 140
Trd, 8638754.579, 140
Trd, 8638754.979, 140
Trd, 8638755.012, 140
Trd, 8638755.079, 140
Trd, 8638755.279, 140
Trd, 8638755.346, 140
Trd, 8638755.512, 140
Trd, 8638755.979, 140
Trd, 8638756.579, 132
Trd, 8638757.179, 137
Trd, 8638757.446, 129
Trd, 8638759.446, 140
Trd, 8638759.846, 140
Trd, 8638760.512, 140
Trd, 8638761.979, 140
Trd, 8638762.246, 140
Trd, 8638762.512, 139
Trd, 8638762.746, 128
Trd, 8638763.612, 127
Trd, 8638763.912, 129
Trd, 8638764.079, 133
Trd, 8638764.212, 121
Trd, 8638764.679, 122
Trd, 8638765.512, 138
Trd, 8638766.912, 127
Trd, 8638767.046, 126
Trd, 8638767.846, 138
Trd, 8638768.112, 125
Trd, 8638769.812, 140
Trd, 8638769.912, 140
Trd, 8638769.979, 140
Trd, 8638770.112, 135
Trd, 8638770.212, 138
Trd, 8638770.479, 139
Trd, 8638771.979, 128
Trd, 8638772.179, 128
Trd, 8638772.312, 129
Trd, 8638772.479, 127
Trd, 8638772.879, 129
Trd, 8638773.579, 123
Trd, 8638773.746, 122
Trd, 8638773.879, 124
Trd, 8638774.346, 122
Trd, 8638774.946, 121
Trd, 8638774.979, 95
Trd, 8638775.079, 74
Trd, 8638775.146, 123
Trd, 8638775.646, 62
Trd, 8638775.879, 95
Trd, 8638776.179, 94
Trd, 8638777.579, 137
Trd, 8638779.412, 120
Trd, 8638779.446, 121
Trd, 8638779.846, 122
Trd, 8638780.112, 124
Trd, 8638780.712, 124
Trd, 8638780.979, 125
Trd, 8638782.212, 128
Trd, 8638782.912, 125
Trd, 8638783.046, 123
Trd, 8638783.079, 126
Trd, 8638784.612, 125
Trd, 8638784.712, 126
Trd, 8638784.812, 129
Trd, 8638785.479, 127
Trd, 8638785.646, 126
Trd, 8638785.879, 125
Trd, 8638785.979, 126
Trd, 8638786.012, 127
Trd, 8638786.212, 127
Trd, 8638786.279, 115
Trd, 8638788.046, 126
Trd, 8638788.112, 118
Trd, 8638788.312, 87
Trd, 8638791.346, 140
Trd, 8638792.412, 140
Trd, 8638792.879, 140
Trd, 8638793.012, 140
Trd, 8638793.079, 140
Trd, 8638793.479, 140
Trd, 8638793.512, 137
Trd, 8638793.546, 137
Trd, 8638793.712, 126
Trd, 8638794.112, 139
Trd, 8638794.379, 117
Trd, 8638794.612, 132
Trd, 8638795.112, 116
Trd, 8638795.546, 133
Trd, 8638795.646, 135
Trd, 8638798.279, 139
Trd, 8638798.779, 138
Trd, 8638800.646, 140
Trd, 8638801.246, 140
Trd, 8638801.512, 140
Trd, 8638801.779, 140
Trd, 8638802.112, 140
Trd, 8638802.212, 140
Trd, 8638802.879, 140
Trd, 8638803.212, 139
Trd, 8638803.312, 139
Trd, 8638804.412, 129
Trd, 8638804.546, 122
Trd, 8638805.246, 133
Trd, 8638806.246, 131
Trd, 8638806.912, 122
Trd, 8638808.146, 126
Trd, 8638808.379, 124
Trd, 8638808.979, 130
Trd, 8638809.179, 127
Trd, 8638809.279, 104
Trd, 8638809.479, 125
Trd, 8638810.212, 122
Trd, 8638810.412, 61
Trd, 8638811.446, 117
Trd, 8638811.546, 117
Trd, 8638811.946, 113
Trd, 8638812.446, 112
Trd, 8638812.746, 109
Trd, 8638813.046, 109
Trd, 8638813.479, 109
Trd, 8638813.579, 110
Trd, 8638813.712, 113
Trd, 8638814.079, 109
Trd, 8638814.446, 104
Trd, 8638815.846, 140
Trd, 8638816.446, 140
Trd, 8638817.679, 140
Trd, 8638817.746, 140
Trd, 8638818.212, 140
Trd, 8638819.279, 140
Trd, 8638819.946, 140
Trd, 8638820.212, 140
Trd, 8638820.279, 140
Trd, 8638820.612, 139
Trd, 8638820.979, 128
Trd, 8638821.646, 109
Trd, 8638822.212, 124
Trd, 8638823.112, 113
Trd, 8638823.312, 113
Trd, 8638823.712, 113
Trd, 8638823.812, 115
Trd, 8638824.546, 116
Trd, 8638825.879, 140
Trd, 8638827.112, 140
Trd, 8638827.146, 140
Trd, 8638827.279, 140
Trd, 8638827.746, 139
Trd, 8638828.679, 138
Trd, 8638828.946, 138
Trd, 8638829.046, 126
Trd, 8638829.379, 138
Trd, 8638829.412, 88
Trd, 8638830.746, 136
Trd, 8638830.979, 132
Trd, 8638831.279, 130
Trd, 8638831.446, 135
Trd, 8638832.179, 131
Trd, 8638832.212, 94
Trd, 8638832.846, 140
Trd, 8638833.279, 135
Trd, 8638833.446, 112
Trd, 8638834.679, 140
Trd, 8638835.679, 140
Trd, 8638835.979, 127
Trd, 8638836.512, 137
Trd, 8638836.946, 60
Trd, 8638837.079, 60
Trd, 8638837.312, 140
Trd, 8638838.546, 62
Trd, 8638839.312, 63
Trd, 8638839.379, 63
Trd, 8638839.546, 63
Trd, 8638839.779, 63
Trd, 8638839.979, 62
Trd, 8638840.146, 62
Trd, 8638840.279, 65
Trd, 8638841.346, 102
Trd, 8638841.679, 89
Trd, 8638841.712, 140
Trd, 8638842.746, 128
Trd, 8638843.012, 129
Trd, 8638843.112, 81
Trd, 8638844.279, 93
Trd, 8638844.779, 127
Trd, 8638844.846, 129
Trd, 8638844.912, 94
Trd, 8638845.512, 127
Trd, 8638845.779, 85
Trd, 8638846.546, 131
Trd, 8638847.479, 128
Trd, 8638847.912, 128
Trd, 8638848.912, 126
Trd, 8638848.979, 105
Trd, 8638849.212, 103
Trd, 8638849.946, 103
Trd, 8638850.079, 123
Trd, 8638850.746, 104
Trd, 8638851.446, 120
Trd, 8638851.646, 123
Trd, 8638851.912, 105
Trd, 8638852.646, 104
Trd, 8638853.079, 109
Trd, 8638853.646, 96
Trd, 8638854.212, 108
Trd, 8638854.479, 96
Trd, 8638854.812, 106
Trd, 8638855.112, 108
Trd, 8638856.046, 109
Trd, 8638856.279, 110
Trd, 8638856.679, 108
Trd, 8638857.746, 110
Trd, 8638858.046, 78
Trd, 8638858.146, 111
Trd, 8638859.246, 108
Trd, 8638860.412, 105
Trd, 8638860.812, 96
Trd, 8638860.946, 95
Trd, 8638861.012, 94
Trd, 8638861.546, 100
Trd, 8638862.446, 96
Trd, 8638862.812, 99
Trd, 8638862.979, 94
Trd, 8638863.379, 99
Trd, 8638863.446, 100
Trd, 8638863.846, 100
Trd, 8638864.312, 99
Trd, 8638864.479, 100
Trd, 8638865.812, 140
Trd, 8638865.946, 140
Trd, 8638866.246, 140
Trd, 8638866.746, 139
Trd, 8638868.512, 140
Trd, 8638869.312, 140
Trd, 8638871.279, 140
Trd, 8638871.479, 140
Trd, 8638871.512, 140
Trd, 8638871.546, 140
Trd, 8638871.812, 140
Trd, 8638872.646, 139
Trd, 8638873.079, 139
Trd, 8638873.646, 138
Trd, 8638874.212, 126
Trd, 8638874.379, 124
Trd, 8638874.646, 112
Trd, 8638875.579, 137
Trd, 8638875.679, 101
Trd, 8638875.746, 100
Trd, 8638876.446, 134
Trd, 8638877.046, 132
Trd, 8638877.779, 64
Trd, 8638878.579, 118
Trd, 8638879.146, 129
Trd, 8638879.912, 126
Trd, 8638879.946, 106
Trd, 8638880.312, 62
Trd, 8638880.379, 63
Trd, 8638881.312, 118
Trd, 8638881.379, 63
Trd, 8638881.979, 63
Trd, 8638882.046, 117
Trd, 8638883.012, 64
Trd, 8638883.146, 63
Trd, 8638883.346, 62
Trd, 8638883.812, 61
Trd, 8638884.012, 60
Trd, 8638884.812, 60
Trd, 8638884.846, 60
Trd, 8638885.279, 61
Trd, 8638886.046, 63
Trd, 8638886.212, 60
Trd, 8638886.479, 63
Trd, 8638886.546, 65
Trd, 8638887.479, 63
Trd, 8638887.646, 64
Trd, 8638888.012, 65
Trd, 8638889.079, 97
Trd, 8638889.246, 99
Trd, 8638889.546, 100
Trd, 8638889.779, 70
Trd, 8638889.879, 62
Trd, 8638890.146, 63
Trd, 8638890.279, 131
Trd, 8638891.979, 68
Trd, 8638892.312, 79
Trd, 8638892.746, 79
Trd, 8638892.912, 80
Trd, 8638893.912, 74
Trd, 8638894.612, 77
Trd, 8638894.746, 77
Trd, 8638894.812, 75
Trd, 8638895.279, 78
Trd, 8638895.412, 78
Trd, 8638895.579, 76
Trd, 8638896.379, 72
Trd, 8638896.479, 72
Trd, 8638896.546, 72
Trd, 8638896.946, 70
Trd, 8638897.412, 73
Trd, 8638898.146, 65
Trd, 8638898.379, 140
Trd, 8638899.412, 131
Trd, 8638900.312, 132
Trd, 8638900.479, 126
Trd, 8638900.512, 133
Trd, 8638901.446, 137
Trd, 8638902.312, 68
Trd, 8638903.446, 112
Trd, 8638904.379, 140
Trd, 8638904.912, 139
Trd, 8638904.946, 139
Trd, 8638905.612, 112
Trd, 8638905.812, 131
Trd, 8638906.046, 111
Trd, 8638907.112, 122
Trd, 8638907.246, 123
Trd, 8638907.279, 137
Trd, 8638908.579, 130
Trd, 8638909.979, 132
Trd, 8638910.112, 132
Trd, 8638912.346, 140
Trd, 8638912.979, 138
Trd, 8638913.179, 138
Trd, 8638913.646, 137
Trd, 8638913.879, 138
Trd, 8638914.179, 138
Trd, 8638914.879, 140
Trd, 8638915.479, 134
Trd, 8638916.612, 135
Trd, 8638917.212, 118
Trd, 8638917.479, 131
Trd, 8638917.746, 130
Trd, 8638917.912, 133
Trd, 8638918.279, 131
Trd, 8638918.479, 133
Trd, 8638918.779, 121
Trd, 8638919.912, 140
Trd, 8638921.846, 140
Trd, 8638921.879, 140
Trd, 8638922.046, 140
Trd, 8638922.246, 140
Trd, 8638922.312, 140
Trd, 8638922.346, 128
Trd, 8638923.146, 139
Trd, 8638923.346, 99
Trd, 8638924.046, 98
Trd, 8638924.479, 132
Trd, 8638924.646, 99
Trd, 8638925.046, 126
Trd, 8638925.746, 123
Trd, 8638926.879, 101
Trd, 8638927.346, 106
Trd, 8638927.379, 108
Trd, 8638927.646, 103
Trd, 8638928.012, 107
Trd, 8638930.179, 91
Trd, 8638930.279, 92
Trd, 8638930.379, 91
Trd, 8638930.679, 91
Trd, 8638931.012, 99
Trd, 8638931.312, 100
Trd, 8638932.179, 139
Trd, 8638932.579, 138
Trd, 8638934.246, 139
Trd, 8638935.012, 139
Trd, 8638935.346, 138
Trd, 8638935.612, 134
Trd, 8638936.079, 140
Trd, 8638936.679, 139
Trd, 8638937.612, 140
Trd, 8638938.046, 140
Trd, 8638938.879, 129
Trd, 8638939.079, 131
Trd, 8638939.479, 127
Trd, 8638940.046, 125
Trd, 8638940.146, 126
Trd, 8638940.679, 124
Trd, 8638940.746, 122
Trd, 8638940.846, 119
Trd, 8638941.146, 104
Trd, 8638941.246, 125
Trd, 8638942.446, 139
Trd, 8638945.646, 140
Trd, 8638945.712, 140
Trd, 8638945.846, 140
Trd, 8638945.946, 140
Trd, 8638945.979, 140
Trd, 8638946.179, 140
Trd, 8638946.446, 139
Trd, 8638946.612, 139
Trd, 8638947.646, 136
Trd, 8638947.812, 117
Trd, 8638949.012, 120
Trd, 8638949.746, 122
Trd, 8638949.946, 122
Trd, 8638950.279, 121
Trd, 8638950.512, 121
Trd, 8638950.579, 122
Trd, 8638951.112, 122
Trd, 8638951.546, 121
Trd, 8638951.846, 121
Trd, 8638952.012, 117
Trd, 8638952.879, 118
Trd, 8638952.979, 121
Trd, 8638953.079, 116
Trd, 8638954.012, 108
Trd, 8638954.446, 102
Trd, 8638955.579, 140
Trd, 8638955.846, 140
Trd, 8638957.779, 140
Trd, 8638958.579, 140
Trd, 8638959.112, 139
Trd, 8638959.912, 128
Trd, 8638960.246, 125
Trd, 8638960.312, 123
Trd, 8638960.712, 125
Trd, 8638960.846, 125
Trd, 8638961.212, 109
Trd, 8638961.379, 104
Trd, 8638961.979, 90
Trd, 8638962.246, 110
Trd, 8638962.612, 108
Trd, 8638963.146, 60
Trd, 8638963.379, 67
Trd, 8638963.412, 68
Trd, 8638963.746, 103
Trd, 8638964.879, 98
Trd, 8638965.046, 99
Trd, 8638965.212, 100
Trd, 8638967.012, 124
Trd, 8638967.212, 125
Trd, 8638967.546, 140
Trd, 8638969.346, 140
Trd, 8638969.512, 140
Trd, 8638969.812, 139
Trd, 8638969.846, 139
Trd, 8638970.879, 132
Trd, 8638971.012, 131
Trd, 8638971.079, 128
Trd, 8638971.779, 129
Trd, 8638971.979, 116
Trd, 8638972.179, 131
Trd, 8638972.979, 111
Trd, 8638974.412, 112
Trd, 8638974.779, 112
Trd, 8638975.246, 112
Trd, 8638975.346, 113
Trd, 8638975.612, 126
Trd, 8638975.712, 127
Trd, 8638976.179, 131
Trd, 8638976.512, 114
Trd, 8638977.579, 140
Trd, 8638978.146, 117
Trd, 8638978.412, 115
Trd, 8638979.812, 140
Trd, 8638980.446, 140
Trd, 8638980.946, 140
Trd, 8638981.179, 140
Trd, 8638981.412, 140
Trd, 8638981.579, 139
Trd, 8638981.779, 127
Trd, 8638982.012, 133
Trd, 8638982.646, 124
Trd, 8638982.712, 126
Trd, 8638982.946, 119
Trd, 8638983.046, 120
Trd, 8638984.179, 68
Trd, 8638984.879, 64
Trd, 8638985.012, 135
Trd, 8638986.479, 122
Trd, 8638986.779, 121
Trd, 8638986.846, 118
Trd, 8638987.879, 114
Trd, 8638988.046, 122
Trd, 8638988.446, 107
Trd, 8638989.412, 109
Trd, 8638989.746, 110
Trd, 8638989.846, 108
Trd, 8638990.046, 106
Trd, 8638990.412, 110
Trd, 8638991.312, 106
Trd, 8638991.712, 105
Trd, 8638991.879, 104
Trd, 8638992.512, 99
Trd, 8638992.546, 100
Trd, 8638993.646, 99
Trd, 8638994.746, 95
Trd, 8638994.912, 97
Trd, 8638995.146, 92
Trd, 8638995.179, 98
Trd, 8638995.612, 140
Trd, 8638995.879, 140
Trd, 8638996.579, 136
Trd, 8638998.312, 133
Trd, 8638998.912, 140
Trd, 8638999.412, 139
Trd, 8638999.812, 136
Trd, 8639000.012, 140
Trd, 8639000.246, 129
Trd, 8639000.946, 117
Trd, 8639002.012, 140
Trd, 8639002.212, 140
Trd, 8639002.479, 103
Trd, 8639003.012, 62
Trd, 8639003.879, 125
Trd, 8639005.079, 109
Trd, 8639005.912, 109
Trd, 8639006.479, 110
Trd, 8639006.712, 109
Trd, 8639006.779, 110
Trd, 8639006.912, 100
Trd, 8639007.779, 78
Trd, 8639008.079, 73
Trd, 8639008.379, 83
Trd, 8639008.946, 82
Trd, 8639009.112, 83
Trd, 8639009.379, 83
Trd, 8639009.512, 84
Trd, 8639012.179, 140
Trd, 8639012.279, 140
Trd, 8639012.512, 140
Trd, 8639012.846, 140
Trd, 8639013.179, 140
Trd, 8639013.312, 140
Trd, 8639013.779, 139
Trd, 8639013.812, 139
Trd, 8639014.379, 139
Trd, 8639015.046, 122
Trd, 8639015.679, 105
Trd, 8639016.212, 101
Trd, 8639016.679, 98
Trd, 8639017.479, 62
Trd, 8639017.879, 122
Trd, 8639018.312, 122
Trd, 8639018.346, 85
Trd, 8639018.512, 123
Trd, 8639019.179, 120
Trd, 8639021.212, 107
Trd, 8639021.346, 108
Trd, 8639021.479, 110
Trd, 8639021.512, 112
Trd, 8639021.879, 113
Trd, 8639022.179, 103
Trd, 8639022.279, 100
Trd, 8639023.046, 110
Trd, 8639023.312, 110
Trd, 8639023.379, 113
Trd, 8639025.479, 139
Trd, 8639025.612, 139
Trd, 8639026.846, 140
Trd, 8639029.146, 140
Trd, 8639029.379, 140
Trd, 8639029.512, 140
Trd, 8639029.846, 139
Trd, 8639029.879, 139
Trd, 8639029.979, 128
Trd, 8639030.312, 138
Trd, 8639030.546, 129
Trd, 8639031.412, 135
Trd, 8639032.346, 135
Trd, 8639033.012, 128
Trd, 8639033.079, 127
Trd, 8639033.379, 106
Trd, 8639033.712, 131
Trd, 8639033.946, 131
Trd, 8639034.379, 121
Trd, 8639034.512, 130
Trd, 8639037.312, 140
Trd, 8639038.079, 140
Trd, 8639038.179, 140
Trd, 8639038.346, 140
Trd, 8639038.579, 139
Trd, 8639038.879, 131
Trd, 8639040.112, 101
Trd, 8639040.279, 117
Trd, 8639040.379, 101
Trd, 8639040.612, 100
Trd, 8639040.646, 117
Trd, 8639041.179, 112
Trd, 8639042.179, 106
Trd, 8639042.379, 107
Trd, 8639043.046, 105
Trd, 8639043.146, 105
Trd, 8639043.212, 109
Trd, 8639043.312, 110
Trd, 8639043.946, 140
Trd, 8639044.046, 140
Trd, 8639045.046, 140
Trd, 8639045.246, 140
Trd, 8639046.512, 140
Trd, 8639047.246, 140
Trd, 8639047.346, 140
Trd, 8639048.179, 140
Trd, 8639050.379, 140
Trd, 8639051.012, 140
Trd, 8639051.346, 140
Trd, 8639052.112, 140
Trd, 8639052.879, 140
Trd, 8639052.912, 140
Trd, 8639053.046, 137
Trd, 8639053.212, 140
Trd, 8639053.712, 140
Trd, 8639054.012, 140
Trd, 8639054.479, 122
Trd, 8639054.846, 137
Trd, 8639055.212, 132
Trd, 8639056.046, 137
Trd, 8639056.512, 132
Trd, 8639056.746, 134
Trd, 8639057.479, 137
Trd, 8639057.546, 132
Trd, 8639058.946, 138
Trd, 8639059.879, 140
Trd, 8639059.912, 140
Trd, 8639060.246, 137
Trd, 8639060.779, 140
Trd, 8639061.046, 140
Trd, 8639061.146, 135
Trd, 8639061.246, 134
Trd, 8639062.446, 129
Trd, 8639063.046, 86
Trd, 8639063.312, 127
Trd, 8639063.912, 126
Trd, 8639064.079, 128
Trd, 8639064.312, 125
Trd, 8639064.812, 126
Trd, 8639064.879, 109
Trd, 8639066.079, 112
Trd, 8639066.446, 82
Trd, 8639066.479, 113
Trd, 8639066.646, 114
Trd, 8639066.912, 115
Trd, 8639067.712, 125
Trd, 8639068.112, 60
Trd, 8639068.912, 136
Trd, 8639069.479, 136
Trd, 8639070.079, 138
Trd, 8639070.946, 140
Trd, 8639073.046, 140
Trd, 8639074.512, 140
Trd, 8639074.679, 140
Trd, 8639074.779, 140
Trd, 8639074.879, 140
Trd, 8639075.146, 132
Trd, 8639075.446, 139
Trd, 8639076.379, 124
Trd, 8639076.446, 126
Trd, 8639077.612, 128
Trd, 8639078.279, 138
Trd, 8639079.479, 130
Trd, 8639079.546, 130
Trd, 8639079.646, 131
Trd, 8639080.412, 121
Trd, 8639081.146, 119
Trd, 8639081.346, 118
Trd, 8639081.446, 111
Trd, 8639081.546, 80
Trd, 8639081.712, 66
Trd, 8639082.112, 120
Trd, 8639082.779, 74
Trd, 8639082.979, 117
Trd, 8639083.579, 72
Trd, 8639083.612, 116
Trd, 8639084.912, 109
Trd, 8639085.712, 110
Trd, 8639085.912, 94
Trd, 8639086.112, 112
Trd, 8639086.279, 123
Trd, 8639087.446, 115
Trd, 8639087.579, 114
Trd, 8639088.279, 111
Trd, 8639088.946, 140
Trd, 8639089.179, 125
Trd, 8639091.712, 140
Trd, 8639092.412, 140
Trd, 8639092.679, 140
Trd, 8639092.779, 140
Trd, 8639093.046, 140
Trd, 8639093.079, 140
Trd, 8639093.146, 137
Trd, 8639093.679, 132
Trd, 8639094.379, 136
Trd, 8639094.479, 131
Trd, 8639095.479, 122
Trd, 8639096.312, 113
Trd, 8639096.546, 119
Trd, 8639097.212, 117
Trd, 8639097.279, 118
Trd, 8639097.312, 127
Trd, 8639098.246, 111
Trd, 8639098.846, 114
Trd, 8639098.946, 128
Trd, 8639098.979, 113
Trd, 8639100.079, 139
Trd, 8639101.612, 140
Trd, 8639101.679, 140
Trd, 8639102.912, 140
Trd, 8639103.746, 120
Trd, 8639104.012, 117
Trd, 8639104.246, 117
Trd, 8639104.779, 116
Trd, 8639104.946, 117
Trd, 8639105.246, 116
Trd, 8639105.346, 117
Trd, 8639105.579, 118
Trd, 8639105.679, 109
Trd, 8639106.879, 110
Trd, 8639107.079, 109
Trd, 8639107.346, 139
Trd, 8639107.712, 139
Trd, 8639108.979, 138
Trd, 8639110.812, 140
Trd, 8639110.879, 140
Trd, 8639111.079, 140
Trd, 8639111.779, 130
Trd, 8639111.946, 131
Trd, 8639112.079, 128
Trd, 8639112.212, 120
Trd, 8639112.279, 132
Trd, 8639112.512, 118
Trd, 8639113.312, 134
Trd, 8639113.979, 136
Trd, 8639114.112, 108
Trd, 8639114.446, 139
Trd, 8639115.079, 124
Trd, 8639116.912, 140
Trd, 8639118.046, 140
Trd, 8639118.246, 140
Trd, 8639118.579, 140
Trd, 8639119.079, 140
Trd, 8639119.879, 135
Trd, 8639120.246, 134
Trd, 8639120.446, 136
Trd, 8639120.846, 129
Trd, 8639121.046, 135
Trd, 8639121.079, 118
Trd, 8639121.512, 129
Trd, 8639121.546, 104
Trd, 8639121.579, 130
Trd, 8639122.246, 122
Trd, 8639122.679, 123
Trd, 8639122.779, 122
Trd, 8639122.979, 124
Trd, 8639124.179, 125
Trd, 8639124.812, 123
Trd, 8639125.212, 107
Trd, 8639126.079, 106
Trd, 8639126.412, 106
Trd, 8639127.179, 108
Trd, 8639127.446, 105
Trd, 8639127.946, 103
Trd, 8639127.979, 104
Trd, 8639128.246, 100
Trd, 8639128.546, 102
Trd, 8639128.646, 82
Trd, 8639128.746, 102
Trd, 8639128.846, 95
Trd, 8639129.846, 65
Trd, 8639130.512, 62
Trd, 8639130.579, 63
Trd, 8639130.646, 64
Trd, 8639131.379, 64
Trd, 8639131.846, 63
Trd, 8639132.379, 64
Trd, 8639133.812, 61
Trd, 8639133.846, 67
Trd, 8639133.879, 69
Trd, 8639134.312, 67
Trd, 8639134.412, 71
Trd, 8639135.912, 78
Trd, 8639136.079, 77
Trd, 8639136.112, 74
Trd, 8639136.446, 78
Trd, 8639136.579, 79
Trd, 8639136.912, 128
Trd, 8639137.346, 128
Trd, 8639139.079, 140
Trd, 8639139.246, 140
Trd, 8639140.879, 140
Trd, 8639142.146, 140
Trd, 8639142.712, 140
Trd, 8639143.012, 140
Trd, 8639143.812, 140
Trd, 8639144.012, 140
Trd, 8639144.212, 140
Trd, 8639144.246, 140
Trd, 8639144.712, 137
Trd, 8639145.146, 128
Trd, 8639145.946, 127
Trd, 8639146.346, 82
Trd, 8639146.446, 125
Trd, 8639146.746, 124
Trd, 8639147.479, 120
Trd, 8639147.512, 121
Trd, 8639147.746, 62
Trd, 8639147.846, 122
Trd, 8639148.012, 123
Trd, 8639149.679, 60
Trd, 8639149.779, 60
Trd, 8639149.979, 60
Trd, 8639150.146, 60
Trd, 8639150.479, 60
Trd, 8639150.546, 60
Trd, 8639151.879, 139
Trd, 8639152.412, 124
Trd, 8639154.246, 140
Trd, 8639154.346, 140
Trd, 8639154.379, 140
Trd, 8639154.646, 140
Trd, 8639154.779, 140
Trd, 8639155.312, 140
Trd, 8639155.846, 140
Trd, 8639156.479, 140
Trd, 8639156.946, 140
Trd, 8639158.346, 140
Trd, 8639158.679, 140
Trd, 8639160.712, 140
Trd, 8639160.979, 140
Trd, 8639161.046, 140
Trd, 8639161.112, 140
Trd, 8639161.579, 140
Trd, 8639161.779, 138
Trd, 8639161.912, 139
Trd, 8639162.679, 138
Trd, 8639162.779, 84
Trd, 8639163.546, 115
Trd, 8639164.246, 107
Trd, 8639165.346, 118
Trd, 8639165.512, 119
Trd, 8639165.612, 111
Trd, 8639166.012, 110
Trd, 8639167.246, 109
Trd, 8639167.479, 109
Trd, 8639168.079, 110
Trd, 8639168.612, 111
Trd, 8639168.679, 112
Trd, 8639169.212, 111
Trd, 8639169.612, 111
Trd, 8639169.646, 101
Trd, 8639171.946, 140
Trd, 8639172.146, 140
Trd, 8639172.612, 138
Trd, 8639173.746, 140
Trd, 8639175.646, 140
Trd, 8639175.746, 140
Trd, 8639175.812, 140
Trd, 8639175.879, 137
Trd, 8639176.046, 108
Trd, 8639176.512, 126
Trd, 8639176.679, 125
Trd, 8639177.212, 128
Trd, 8639178.512, 134
Trd, 8639178.746, 126
Trd, 8639178.946, 125
Trd, 8639179.546, 131
Trd, 8639180.212, 128
Trd, 8639180.312, 125
Trd, 8639180.746, 120
Trd, 8639180.912, 127
Trd, 8639181.779, 124
Trd, 8639182.146, 96
Trd, 8639182.312, 124
Trd, 8639182.546, 117
Trd, 8639182.812, 122
Trd, 8639182.846, 125
Trd, 8639183.679, 89
Trd, 8639184.012, 119
Trd, 8639184.212, 111
Trd, 8639185.312, 113
Trd, 8639185.512, 91
Trd, 8639186.312, 112
Trd, 8639186.512, 113
Trd, 8639186.646, 105
Trd, 8639186.846, 104
Trd, 8639187.146, 109
Trd, 8639188.646, 109
Trd, 8639188.879, 108
Trd, 8639189.146, 107
Trd, 8639189.646, 107
Trd, 8639189.946, 107
Trd, 8639190.179, 108
Trd, 8639190.746, 73
Trd, 8639190.812, 107
Trd, 8639191.112, 104
Trd, 8639192.412, 100
Trd, 8639192.946, 99
Trd, 8639193.179, 98
Trd, 8639193.212, 101
Trd, 8639193.479, 103
Trd, 8639193.679, 94
Trd, 8639193.846, 101
Trd, 8639194.279, 101
Trd, 8639194.746, 100
Trd, 8639195.446, 83
Trd, 8639195.912, 97
Trd, 8639196.012, 100
Trd, 8639196.412, 105
Trd, 8639197.646, 112
Trd, 8639198.546, 140
Trd, 8639199.346, 140
Trd, 8639199.512, 140
Trd, 8639200.779, 140
Trd, 8639200.912, 140
Trd, 8639201.512, 140
Trd, 8639201.612, 139
Trd, 8639202.712, 140
Trd, 8639204.679, 140
Trd, 8639204.779, 140
Trd, 8639205.446, 140
Trd, 8639205.612, 140
Trd, 8639205.679, 140
Trd, 8639205.846, 138
Trd, 8639206.312, 134
Trd, 8639206.879, 132
Trd, 8639206.946, 131
Trd, 8639207.212, 131
Trd, 8639208.146, 133
Trd, 8639208.546, 133
Trd, 8639208.679, 135
Trd, 8639211.179, 115
Trd, 8639211.712, 115
Trd, 8639211.779, 115
Trd, 8639212.479, 114
Trd, 8639212.712, 112
Trd, 8639213.412, 103
Trd, 8639214.746, 140
Trd, 8639214.779, 140
Trd, 8639214.946, 140
Trd, 8639215.912, 140
Trd, 8639216.179, 140
Trd, 8639216.212, 140
Trd, 8639216.446, 139
Trd, 8639217.112, 140
Trd, 8639217.246, 139
Trd, 8639218.346, 138
Trd, 8639218.879, 140
Trd, 8639219.179, 140
Trd, 8639219.846, 137
Trd, 8639219.879, 131
Trd, 8639220.146, 131
Trd, 8639220.879, 137
Trd, 8639223.012, 138
Trd, 8639223.179, 137
Trd, 8639223.379, 136
Trd, 8639223.612, 127
Trd, 8639224.146, 132
Trd, 8639224.512, 139
Trd, 8639225.046, 129
Trd, 8639225.612, 130
Trd, 8639226.179, 123
Trd, 8639226.346, 122
Trd, 8639226.879, 122
Trd, 8639227.112, 122
Trd, 8639227.579, 121
Trd, 8639227.779, 122
Trd, 8639227.912, 125
Trd, 8639228.312, 120
Trd, 8639229.046, 140
Trd, 8639230.112, 109
Trd, 8639230.746, 135
Trd, 8639231.046, 131
Trd, 8639232.446, 139
Trd, 8639232.646, 126
Trd, 8639233.179, 133
Trd, 8639233.412, 132
Trd, 8639234.246, 127
Trd, 8639234.446, 121
Trd, 8639235.246, 121
Trd, 8639235.712, 119
Trd, 8639235.979, 118
Trd, 8639236.212, 111
Trd, 8639236.712, 115
Trd, 8639237.112, 114
Trd, 8639237.979, 110
Trd, 8639238.146, 106
Trd, 8639238.512, 111
Trd, 8639238.746, 106
Trd, 8639239.079, 112
Trd, 8639239.479, 140
Trd, 8639240.079, 139
Trd, 8639241.446, 139
Trd, 8639242.279, 124
Trd, 8639243.312, 130
Trd, 8639243.646, 129
Trd, 8639243.879, 128
Trd, 8639244.212, 119
Trd, 8639244.279, 128
Trd, 8639244.646, 125
Trd, 8639244.679, 106
Trd, 8639245.212, 122
Trd, 8639245.746, 122
Trd, 8639246.479, 112
Trd, 8639246.579, 122
Trd, 8639246.846, 83
Trd, 8639247.279, 123
Trd, 8639248.079, 140
Trd, 8639249.612, 120
Trd, 8639249.946, 120
Trd, 8639250.012, 121
Trd, 8639250.046, 87
Trd, 8639250.112, 85
Trd, 8639250.512, 82
Trd, 8639250.712, 118
Trd, 8639250.979, 117
Trd, 8639251.246, 80
Trd, 8639251.279, 115
Trd, 8639252.279, 62
Trd, 8639253.212, 112
Trd, 8639254.079, 131
Trd, 8639255.812, 140
Trd, 8639256.712, 140
Trd, 8639258.712, 140
Trd, 8639258.779, 140
Trd, 8639258.879, 140
Trd, 8639259.012, 139
Trd, 8639259.446, 138
Trd, 8639259.546, 129
Trd, 8639259.879, 140
Trd, 8639259.979, 128
Trd, 8639260.079, 140
Trd, 8639260.546, 140
Trd, 8639261.079, 135
Trd, 8639262.046, 122
Trd, 8639262.246, 135
Trd, 8639262.279, 122
Trd, 8639263.646, 124
Trd, 8639263.679, 123
Trd, 8639263.712, 125
Trd, 8639264.546, 125
Trd, 8639265.146, 124
Trd, 8639265.946, 65
Trd, 8639266.412, 120
Trd, 8639266.946, 121
Trd, 8639266.979, 94
Trd, 8639268.946, 140
Trd, 8639270.112, 140
Trd, 8639270.312, 140
Trd, 8639270.812, 122
Trd, 8639273.646, 140
Trd, 8639274.046, 140
Trd, 8639274.112, 140
Trd, 8639274.479, 140
Trd, 8639274.746, 140
Trd, 8639275.179, 140
Trd, 8639277.946, 140
Trd, 8639278.146, 140
Trd, 8639278.712, 140
Trd, 8639279.179, 140
Trd, 8639279.579, 140
Trd, 8639279.679, 140
Trd, 8639279.746, 140
Trd, 8639280.112, 135
Trd, 8639280.212, 140
Trd, 8639280.546, 140
Trd, 8639281.646, 131
Trd, 8639282.646, 131
Trd, 8639282.679, 132
Trd, 8639283.546, 132
Trd, 8639283.579, 121
Trd, 8639283.812, 132
Trd, 8639284.612, 129
Trd, 8639284.946, 133
Trd, 8639285.179, 116
Trd, 8639285.346, 114
Trd, 8639285.479, 113
Trd, 8639285.812, 104
Trd, 8639286.546, 102
Trd, 8639286.912, 61
Trd, 8639287.279, 138
Trd, 8639289.546, 90
Trd, 8639289.812, 117
Trd, 8639289.879, 119
Trd, 8639290.179, 115
Trd, 8639290.312, 113
Trd, 8639291.079, 117
Trd, 8639291.512, 116
Trd, 8639291.746, 110
Trd, 8639291.946, 105
Trd, 8639292.146, 104
Trd, 8639293.046, 110
Trd, 8639293.112, 112
Trd, 8639295.279, 140
Trd, 8639295.912, 140
Trd, 8639296.712, 140
Trd, 8639296.812, 140
Trd, 8639297.246, 140
Trd, 8639297.646, 140
Trd, 8639299.646, 140
Trd, 8639299.812, 140
Trd, 8639300.612, 140
Trd, 8639300.679, 140
Trd, 8639300.912, 140
Trd, 8639301.112, 140
Trd, 8639301.379, 140
Trd, 8639302.046, 119
Trd, 8639302.146, 135
Trd, 8639302.246, 102
Trd, 8639303.579, 136
Trd, 8639303.812, 103
Trd, 8639304.079, 126
Trd, 8639305.279, 125
Trd, 8639305.712, 140
Trd, 8639307.046, 140
Trd, 8639308.879, 140
Trd, 8639309.312, 140
Trd, 8639309.446, 140
Trd, 8639309.779, 140
Trd, 8639310.146, 139
Trd, 8639310.246, 139
Trd, 8639310.679, 138
Trd, 8639310.912, 139
Trd, 8639311.079, 137
Trd, 8639311.346, 132
Trd, 8639311.546, 132
Trd, 8639311.579, 133
Trd, 8639311.712, 120
Trd, 8639311.946, 139
Trd, 8639312.712, 106
Trd, 8639313.012, 69
Trd, 8639313.212, 64
Trd, 8639313.279, 69
Trd, 8639313.512, 60
Trd, 8639316.879, 140
Trd, 8639316.946, 140
Trd, 8639317.312, 140
Trd, 8639317.379, 140
Trd, 8639317.746, 139
Trd, 8639318.212, 139
Trd, 8639318.446, 103
Trd, 8639319.246, 133
Trd, 8639319.546, 97
Trd, 8639319.979, 87
Trd, 8639320.712, 127
Trd, 8639320.812, 128
Trd, 8639320.912, 128
Trd, 8639321.079, 128
Trd, 8639321.146, 126
Trd, 8639321.179, 125
Trd, 8639322.112, 132
Trd, 8639323.912, 99
Trd, 8639325.279, 140
Trd, 8639325.679, 140
Trd, 8639326.246, 140
Trd, 8639326.312, 140
Trd, 8639327.479, 140
Trd, 8639327.646, 140
Trd, 8639327.779, 140
Trd, 8639327.979, 140
Trd, 8639328.112, 140
Trd, 8639328.312, 140
Trd, 8639328.346, 140
Trd, 8639328.579, 140
Trd, 8639328.612, 128
Trd, 8639329.446, 136
Trd, 8639329.679, 120
Trd, 8639330.279, 136
Trd, 8639330.446, 131
Trd, 8639331.212, 137
Trd, 8639333.646, 140
Trd, 8639333.879, 140
Trd, 8639335.846, 140
Trd, 8639336.112, 140
Trd, 8639336.612, 140
Trd, 8639336.679, 140
Trd, 8639336.746, 140
Trd, 8639337.346, 136
Trd, 8639337.879, 135
Trd, 8639338.179, 135
Trd, 8639338.279, 136
Trd, 8639338.546, 131
Trd, 8639339.312, 131
Trd, 8639339.879, 120
Trd, 8639340.812, 124
Trd, 8639341.046, 121
Trd, 8639341.346, 120
Trd, 8639341.379, 119
Trd, 8639341.712, 121
Trd, 8639341.912, 109
Trd, 8639342.112, 124
Trd, 8639342.412, 124
Trd, 8639343.446, 117
Trd, 8639343.746, 106
Trd, 8639344.212, 99
Trd, 8639345.046, 112
Trd, 8639346.012, 102
Trd, 8639346.346, 101
Trd, 8639346.546, 98
Trd, 8639347.212, 90
Trd, 8639347.979, 62
Trd, 8639348.112, 62
Trd, 8639348.146, 63
Trd, 8639349.046, 60
Trd, 8639349.479, 60
Trd, 8639349.779, 62
Trd, 8639349.846, 69
Trd, 8639350.646, 69
Trd, 8639351.912, 60
Trd, 8639352.112, 60
Trd, 8639352.179, 60
Trd, 8639352.246, 60
Trd, 8639352.279, 61
Trd, 8639352.646, 62
Trd, 8639353.546, 63
Trd, 8639353.812, 63
Trd, 8639354.046, 61
Trd, 8639354.479, 61
Trd, 8639354.912, 60
Trd, 8639354.946, 61
Trd, 8639355.112, 64
Trd, 8639355.846, 63
Trd, 8639355.946, 64
Trd, 8639356.246, 99
Trd, 8639357.512, 76
Trd, 8639357.579, 75
Trd, 8639357.712, 74
Trd, 8639358.046, 73
Trd, 8639358.246, 73
Trd, 8639358.479, 75
Trd, 8639358.612, 78
Trd, 8639359.812, 125
Trd, 8639360.512, 127
Trd, 8639360.546, 128
Trd, 8639360.779, 130
Trd, 8639361.112, 129
Trd, 8639361.212, 128
Trd, 8639361.579, 131
Trd, 8639361.779, 119
Trd, 8639362.479, 118
Trd, 8639363.279, 127
Trd, 8639364.979, 140
Trd, 8639365.312, 140
Trd, 8639366.746, 140
Trd, 8639367.812, 140
Trd, 8639369.312, 140
Trd, 8639369.346, 140
Trd, 8639369.746, 140
Trd, 8639369.812, 140
Trd, 8639370.079, 140
Trd, 8639370.546, 139
Trd, 8639370.712, 140
Trd, 8639370.846, 139
Trd, 8639370.912, 137
Trd, 8639371.579, 138
Trd, 8639372.312, 118
Trd, 8639372.812, 118
Trd, 8639373.079, 128
Trd, 8639374.212, 116
Trd, 8639375.712, 103
Trd, 8639375.746, 104
Trd, 8639376.646, 94
Trd, 8639376.679, 98
Trd, 8639376.779, 93
Trd, 8639376.912, 99
Trd, 8639377.179, 99
Trd, 8639377.479, 96
Trd, 8639377.712, 96
Trd, 8639378.546, 80
Trd, 8639378.846, 97
Trd, 8639379.012, 109
Trd, 8639379.079, 77
Trd, 8639379.646, 140
Trd, 8639379.679, 139
Trd, 8639380.146, 140
Trd, 8639380.712, 138
Trd, 8639381.779, 140
Trd, 8639382.412, 101
Trd, 8639383.179, 126
Trd, 8639384.179, 127
Trd, 8639384.479, 128
Trd, 8639384.546, 129
Trd, 8639385.312, 121
Trd, 8639385.446, 120
Trd, 8639385.579, 121
Trd, 8639385.979, 121
Trd, 8639386.179, 121
Trd, 8639386.379, 120
Trd, 8639386.979, 121
Trd, 8639387.112, 113
Trd, 8639387.746, 115
Trd, 8639388.179, 113
Trd, 8639388.512, 112
Trd, 8639388.879, 70
Trd, 8639389.546, 114
Trd, 8639389.612, 115
Trd, 8639390.179, 140
Trd, 8639390.746, 137
Trd, 8639391.146, 122
Trd, 8639391.779, 126
Trd, 8639394.546, 140
Trd, 8639395.579, 140
Trd, 8639396.346, 140
Trd, 8639396.879, 140
Trd, 8639397.046, 140
Trd, 8639397.112, 140
Trd, 8639397.212, 138
Trd, 8639398.146, 118
Trd, 8639398.312, 131
Trd, 8639399.212, 128
Trd, 8639399.912, 125
Trd, 8639400.279, 110
Trd, 8639400.379, 67
Trd, 8639400.912, 104
Trd, 8639401.879, 140
Trd, 8639402.179, 140
Trd, 8639404.612, 140
Trd, 8639405.179, 140
Trd, 8639405.446, 140
Trd, 8639405.512, 140
Trd, 8639405.612, 140
Trd, 8639406.112, 140
Trd, 8639406.579, 140
Trd, 8639407.946, 140
Trd, 8639408.046, 140
Trd, 8639408.146, 140
Trd, 8639408.179, 119
Trd, 8639408.812, 119
Trd, 8639409.879, 131
Trd, 8639410.046, 107
Trd, 8639410.412, 133
Trd, 8639410.779, 106
Trd, 8639411.146, 130
Trd, 8639412.179, 87
Trd, 8639412.712, 122
Trd, 8639412.812, 123
Trd, 8639413.012, 102
Trd, 8639413.546, 102
Trd, 8639414.112, 102
Trd, 8639414.279, 102
Trd, 8639414.846, 103
Trd, 8639414.879, 113
Trd, 8639415.612, 113
Trd, 8639415.946, 104
Trd, 8639416.612, 140
Trd, 8639417.712, 118
Trd, 8639417.746, 117
Trd, 8639418.446, 117
Trd, 8639419.346, 136
Trd, 8639419.712, 133
Trd, 8639419.746, 123
Trd, 8639420.979, 130
Trd, 8639421.112, 95
Trd, 8639421.779, 98
Trd, 8639422.746, 117
Trd, 8639422.846, 120
Trd, 8639423.612, 115
Trd, 8639423.646, 116
Trd, 8639423.812, 117
Trd, 8639424.112, 102
Trd, 8639424.746, 101
Trd, 8639425.346, 109
Trd, 8639425.479, 109
Trd, 8639425.846, 92
Trd, 8639426.379, 109
Trd, 8639426.446, 73
Trd, 8639426.479, 110
Trd, 8639427.246, 100
Trd, 8639429.412, 140
Trd, 8639430.046, 140
Trd, 8639430.346, 140
Trd, 8639430.546, 140
Trd, 8639431.412, 140
Trd, 8639431.579, 136
Trd, 8639432.879, 140
Trd, 8639433.212, 140
Trd, 8639433.879, 140
Trd, 8639434.746, 140
Trd, 8639435.079, 140
Trd, 8639435.212, 140
Trd, 8639435.479, 139
Trd, 8639436.212, 138
Trd, 8639436.812, 135
Trd, 8639437.012, 137
Trd, 8639437.179, 133
Trd, 8639437.412, 138
Trd, 8639437.679, 126
Trd, 8639437.912, 102
Trd, 8639438.046, 103
Trd, 8639438.112, 101
Trd, 8639438.779, 129
Trd, 8639439.046, 127
Trd, 8639439.146, 128
Trd, 8639440.579, 127
Trd, 8639440.879, 129
Trd, 8639441.912, 129
Trd, 8639442.179, 129
Trd, 8639442.946, 129
Trd, 8639443.379, 122
Trd, 8639443.446, 112
Trd, 8639443.846, 109
Trd, 8639444.946, 139
Trd, 8639445.346, 139
Trd, 8639445.512, 139
Trd, 8639446.679, 137
Trd, 8639447.212, 135
Trd, 8639447.312, 138
Trd, 8639447.446, 134
Trd, 8639447.712, 139
Trd, 8639449.146, 119
Trd, 8639449.312, 133
Trd, 8639449.612, 88
Trd, 8639449.679, 84
Trd, 8639449.979, 71
Trd, 8639450.212, 131
Trd, 8639450.546, 129
Trd, 8639450.912, 132
Trd, 8639451.079, 124
Trd, 8639452.512, 140
Trd, 8639453.446, 140
Trd, 8639453.579, 138
Trd, 8639455.046, 135
Trd, 8639455.379, 136
Trd, 8639455.712, 137
Trd, 8639456.012, 137
Trd, 8639456.279, 137
Trd, 8639456.379, 138
Trd, 8639456.546, 136
Trd, 8639456.946, 125
Trd, 8639457.012, 138
Trd, 8639457.412, 87
Trd, 8639458.079, 133
Trd, 8639458.212, 135
Trd, 8639458.279, 136
Trd, 8639459.879, 109
Trd, 8639460.879, 140
Trd, 8639461.179, 128
Trd, 8639461.212, 80
Trd, 8639462.712, 140
Trd, 8639463.046, 140
Trd, 8639463.112, 140
Trd, 8639463.212, 140
Trd, 8639464.079, 134
Trd, 8639464.779, 131
Trd, 8639465.179, 130
Trd, 8639465.279, 129
Trd, 8639465.312, 120
Trd, 8639465.612, 113
Trd, 8639465.746, 83
Trd, 8639466.112, 126
Trd, 8639466.212, 63
Trd, 8639466.546, 131
Trd, 8639467.412, 115
Trd, 8639467.512, 133
Trd, 8639468.279, 117
Trd, 8639469.712, 140
Trd, 8639469.912, 140
Trd, 8639470.412, 137
Trd, 8639471.512, 140
Trd, 8639471.579, 140
Trd, 8639472.312, 138
Trd, 8639472.579, 137
Trd, 8639472.712, 139
Trd, 8639473.612, 136
Trd, 8639473.812, 135
Trd, 8639474.546, 135
Trd, 8639475.479, 133
Trd, 8639475.612, 132
Trd, 8639475.646, 134
Trd, 8639475.846, 125
Trd, 8639475.979, 136
Trd, 8639476.812, 127
Trd, 8639477.179, 127
Trd, 8639477.312, 126
Trd, 8639477.646, 137
Trd, 8639478.646, 134
Trd, 8639478.746, 125
Trd, 8639479.046, 130
Trd, 8639479.179, 133
Trd, 8639479.746, 107
Trd, 8639480.712, 140
Trd, 8639482.346, 140
Trd, 8639482.612, 140
Trd, 8639483.412, 140
Trd, 8639483.712, 140
Trd, 8639485.046, 140
Trd, 8639485.346, 140
Trd, 8639485.579, 140
Trd, 8639485.712, 140
Trd, 8639485.812, 127
Trd, 8639485.879, 105
Trd, 8639487.012, 135
Trd, 8639487.346, 130
Trd, 8639487.679, 129
Trd, 8639488.012, 130
Trd, 8639488.512, 107
Trd, 8639489.779, 111
Trd, 8639489.812, 108
Trd, 8639490.412, 139
Trd, 8639490.979, 108
Trd, 8639491.579, 126
Trd, 8639491.746, 134
Trd, 8639492.679, 128
Trd, 8639492.712, 113
Trd, 8639493.112, 129
Trd, 8639493.179, 113
Trd, 8639493.912, 127
Trd, 8639494.946, 114
Trd, 8639495.979, 120
Trd, 8639496.579, 116
Trd, 8639496.612, 115
Trd, 8639496.879, 107
Trd, 8639496.946, 116
Trd, 8639497.279, 117
Trd, 8639497.412, 118
Trd, 8639497.679, 106
Trd, 8639497.912, 119
Trd, 8639499.012, 140
Trd, 8639500.012, 140
Trd, 8639500.912, 140
Trd, 8639501.079, 139
Trd, 8639501.479, 138
Trd, 8639502.679, 140
Trd, 8639502.879, 140
Trd, 8639503.212, 140
Trd, 8639503.246, 140
Trd, 8639503.479, 140
Trd, 8639504.046, 87
Trd, 8639504.579, 140
Trd, 8639505.112, 120
Trd, 8639505.612, 140
Trd, 8639505.846, 140
Trd, 8639507.646, 140
Trd, 8639507.679, 140
Trd, 8639508.479, 140
Trd, 8639508.846, 140
Trd, 8639509.046, 140
Trd, 8639510.146, 140
Trd, 8639510.646, 140
Trd, 8639510.746, 140
Trd, 8639511.179, 140
Trd, 8639511.346, 139
Trd, 8639512.246, 140
Trd, 8639513.046, 129
Trd, 8639513.646, 134
Trd, 8639513.979, 126
Trd, 8639514.612, 125
Trd, 8639515.446, 123
Trd, 8639515.679, 122
Trd, 8639516.012, 113
Trd, 8639516.279, 118
Trd, 8639516.346, 113
Trd, 8639516.812, 113
Trd, 8639517.546, 115
Trd, 8639517.779, 113
Trd, 8639518.512, 104
Trd, 8639518.546, 116
Trd, 8639518.779, 99
Trd, 8639519.079, 117
Trd, 8639519.446, 118
Trd, 8639520.279, 82
Trd, 8639521.112, 118
Trd, 8639521.712, 77
Trd, 8639522.612, 111
Trd, 8639522.846, 82
Trd, 8639522.946, 111
Trd, 8639523.346, 107
Trd, 8639523.646, 105
Trd, 8639523.712, 101
Trd, 8639524.179, 102
Trd, 8639524.312, 104
Trd, 8639524.379, 97
Trd, 8639525.012, 102
Trd, 8639525.512, 102
Trd, 8639526.112, 102
Trd, 8639526.379, 103
Trd, 8639526.612, 103
Trd, 8639526.646, 102
Trd, 8639526.912, 139
Trd, 8639527.512, 140
Trd, 8639528.846, 140
Trd, 8639529.012, 140
Trd, 8639529.946, 139
Trd, 8639530.146, 138
Trd, 8639530.846, 137
Trd, 8639531.046, 129
Trd, 8639531.212, 123
Trd, 8639531.679, 137
Trd, 8639531.746, 138
Trd, 8639532.379, 98
Trd, 8639533.112, 135
Trd, 8639533.746, 139
Trd, 8639534.046, 140
Trd, 8639534.746, 115
Trd, 8639535.046, 113
Trd, 8639535.379, 110
Trd, 8639536.012, 139
Trd, 8639536.512, 132
Trd, 8639536.812, 131
Trd, 8639537.512, 132
Trd, 8639537.646, 131
Trd, 8639538.012, 130
Trd, 8639538.679, 127
Trd, 8639538.912, 118
Trd, 8639539.346, 117
Trd, 8639540.046, 97
Trd, 8639540.079, 118
Trd, 8639540.346, 106
Trd, 8639542.512, 103
Trd, 8639542.546, 105
Trd, 8639542.612, 108
Trd, 8639542.679, 112
Trd, 8639542.946, 87
Trd, 8639543.112, 84
Trd, 8639543.279, 112
Trd, 8639543.479, 113
Trd, 8639544.179, 117
Trd, 8639546.046, 140
Trd, 8639547.412, 140
Trd, 8639548.146, 140
Trd, 8639548.179, 140
Trd, 8639548.279, 139
Trd, 8639548.446, 140
Trd, 8639548.912, 139
Trd, 8639549.246, 139
Trd, 8639549.479, 136
Trd, 8639549.846, 136
Trd, 8639550.179, 135
Trd, 8639551.046, 125
Trd, 8639551.746, 63
Trd, 8639551.779, 64
Trd, 8639552.179, 65
Trd, 8639552.346, 62
Trd, 8639552.546, 63
Trd, 8639553.112, 61
Trd, 8639553.212, 62
Trd, 8639553.812, 60
Trd, 8639553.946, 61
Trd, 8639555.146, 60
Trd, 8639555.312, 60
Trd, 8639555.979, 60
Trd, 8639556.112, 60
Trd, 8639556.379, 60
Trd, 8639556.746, 60
Trd, 8639556.812, 61
Trd, 8639557.879, 139
Trd, 8639558.446, 71
Trd, 8639558.579, 74
Trd, 8639560.079, 140
Trd, 8639561.012, 140
Trd, 8639561.179, 140
Trd, 8639563.579, 140
Trd, 8639564.212, 140
Trd, 8639564.446, 140
Trd, 8639565.946, 140
Trd, 8639566.046, 140
Trd, 8639566.346, 137
Trd, 8639566.379, 132
Trd, 8639566.679, 129
Trd, 8639567.279, 132
Trd, 8639567.546, 131
Trd, 8639567.579, 132
Trd, 8639567.979, 130
Trd, 8639568.212, 130
Trd, 8639568.579, 131
Trd, 8639568.712, 129
Trd, 8639569.279, 139
Trd, 8639570.112, 140
Trd, 8639571.546, 140
Trd, 8639572.146, 140
Trd, 8639572.646, 116
Trd, 8639573.379, 118
Trd, 8639574.046, 121
Trd, 8639574.179, 121
Trd, 8639574.346, 121
Trd, 8639574.879, 118
Trd, 8639575.512, 116
Trd, 8639575.612, 94
Trd, 8639575.912, 114
Trd, 8639576.479, 116
Trd, 8639577.046, 112
Trd, 8639577.246, 101
Trd, 8639577.512, 113
Trd, 8639577.546, 114
Trd, 8639578.146, 116
Trd, 8639578.679, 110
Trd, 8639579.579, 123
Trd, 8639579.846, 112
Trd, 8639581.312, 140
Trd, 8639581.579, 140
Trd, 8639581.746, 139
Trd, 8639582.646, 140
Trd, 8639582.779, 140
Trd, 8639583.512, 140
Trd, 8639583.746, 140
Trd, 8639584.046, 139
Trd, 8639584.446, 140
Trd, 8639584.646, 139
Trd, 8639585.712, 112
Trd, 8639585.846, 111
Trd, 8639586.412, 123
Trd, 8639586.879, 128
Trd, 8639588.046, 123
Trd, 8639588.712, 122
Trd, 8639589.012, 116
Trd, 8639589.246, 115
Trd, 8639589.346, 120
Trd, 8639589.379, 113
Trd, 8639589.746, 119
Trd, 8639590.512, 115
Trd, 8639590.746, 117
Trd, 8639590.912, 112
Trd, 8639591.446, 121
Trd, 8639591.512, 105
Trd, 8639591.612, 121
Trd, 8639591.946, 122
Trd, 8639592.379, 136
Trd, 8639593.912, 140
Trd, 8639595.712, 140
Trd, 8639596.546, 140
Trd, 8639596.712, 140
Trd, 8639597.046, 135
Trd, 8639597.712, 134
Trd, 8639598.612, 139
Trd, 8639598.646, 139
Trd, 8639598.879, 137
Trd, 8639599.446, 135
Trd, 8639599.646, 134
Trd, 8639599.846, 135
Trd, 8639600.179, 134
Trd, 8639600.679, 132
Trd, 8639600.912, 129
Trd, 8639601.046, 124
Trd, 8639601.246, 122
Trd, 8639601.612, 130
Trd, 8639601.779, 80
Trd, 8639602.046, 126
Trd, 8639602.912, 119
Trd, 8639604.912, 101
Trd, 8639604.979, 100
Trd, 8639605.379, 102
Trd, 8639605.446, 101
Trd, 8639605.879, 100
Trd, 8639606.012, 99
Trd, 8639606.246, 89
Trd, 8639606.446, 98
Trd, 8639606.812, 97
Trd, 8639606.879, 98
Trd, 8639607.446, 97
Trd, 8639607.946, 98
Trd, 8639609.479, 140
Trd, 8639609.546, 127
Trd, 8639611.112, 140
Trd, 8639611.246, 140
Trd, 8639611.779, 140
Trd, 8639611.846, 140
Trd, 8639612.346, 140
Trd, 8639612.412, 138
Trd, 8639613.079, 139
Trd, 8639614.046, 128
Trd, 8639614.579, 130
Trd, 8639614.679, 128
Trd, 8639614.812, 130
Trd, 8639615.879, 129
Trd, 8639616.012, 129
Trd, 8639616.646, 128
Trd, 8639618.746, 140
Trd, 8639619.579, 140
Trd, 8639620.446, 140
Trd, 8639620.679, 140
Trd, 8639620.812, 140
Trd, 8639622.012, 140
Trd, 8639623.279, 140
Trd, 8639623.346, 140
Trd, 8639623.379, 140
Trd, 8639623.812, 140
Trd, 8639623.846, 139
Trd, 8639624.179, 140
Trd, 8639624.546, 140
Trd, 8639624.612, 140
Trd, 8639625.446, 138
Trd, 8639625.546, 139
Trd, 8639626.846, 140
Trd, 8639628.112, 140
Trd, 8639628.479, 140
Trd, 8639628.946, 140
Trd, 8639629.746, 140
Trd, 8639631.412, 140
Trd, 8639632.512, 140
Trd, 8639633.246, 140
Trd, 8639634.412, 140
Trd, 8639635.412, 140
Trd, 8639635.679, 140
Trd, 8639635.712, 140
Trd, 8639635.846, 140
Trd, 8639635.912, 140
Trd, 8639636.046, 140
Trd, 8639636.079, 137
Trd, 8639636.746, 138
Trd, 8639636.779, 127
Trd, 8639636.912, 139
Trd, 8639637.012, 140
Trd, 8639637.446, 101
Trd, 8639639.412, 126
Trd, 8639639.479, 128
Trd, 8639640.546, 120
Trd, 8639642.779, 140
Trd, 8639642.946, 140
Trd, 8639643.279, 140
Trd, 8639643.346, 139
Trd, 8639643.712, 140
Trd, 8639644.212, 140
Trd, 8639644.379, 139
Trd, 8639645.179, 133
Trd, 8639645.346, 99
Trd, 8639645.946, 106
Trd, 8639647.646, 108
Trd, 8639647.679, 109
Trd, 8639648.079, 107
Trd, 8639648.112, 97
Trd, 8639648.479, 95
Trd, 8639648.679, 93
Trd, 8639648.779, 92
Trd, 8639648.846, 105
Trd, 8639649.246, 104
Trd, 8639649.279, 106
Trd, 8639649.379, 89
Trd, 8639650.446, 78
Trd, 8639651.712, 140
Trd, 8639652.279, 140
Trd, 8639652.679, 140
Trd, 8639654.546, 140
Trd, 8639655.212, 140
Trd, 8639656.779, 140
Trd, 8639657.279, 140
Trd, 8639657.479, 140
Trd, 8639657.579, 140
Trd, 8639657.679, 137
Trd, 8639658.079, 139
Trd, 8639658.779, 129
Trd, 8639658.879, 131
Trd, 8639659.612, 127
Trd, 8639660.079, 121
Trd, 8639660.612, 122
Trd, 8639660.712, 121
Trd, 8639660.879, 119
Trd, 8639660.912, 126
Trd, 8639661.146, 128
Trd, 8639661.279, 62
Trd, 8639662.979, 124
Trd, 8639663.079, 123
Trd, 8639663.512, 121
Trd, 8639663.779, 121
Trd, 8639664.312, 104
Trd, 8639664.612, 118
Trd, 8639664.646, 101
Trd, 8639665.746, 74
Trd, 8639666.246, 60
Trd, 8639666.279, 61
Trd, 8639666.612, 72
Trd, 8639668.179, 65
Trd, 8639668.646, 64
Trd, 8639668.812, 64
Trd, 8639668.979, 63
Trd, 8639669.346, 63
Trd, 8639669.412, 64
Trd, 8639669.712, 67
Trd, 8639670.912, 140
Trd, 8639671.579, 140
Trd, 8639672.646, 140
Trd, 8639673.079, 140
Trd, 8639674.346, 140
Trd, 8639674.612, 140
Trd, 8639674.646, 140
Trd, 8639674.746, 134
Trd, 8639675.079, 134
Trd, 8639675.346, 135
Trd, 8639675.412, 104
Trd, 8639676.379, 131
Trd, 8639676.879, 90
Trd, 8639677.146, 119
Trd, 8639678.312, 81
Trd, 8639678.779, 64
Trd, 8639679.579, 60
Trd, 8639679.779, 60
Trd, 8639680.046, 60
Trd, 8639680.746, 60
Trd, 8639681.379, 60
Trd, 8639681.979, 60
Trd, 8639682.746, 60
Trd, 8639683.479, 60
Trd, 8639683.946, 60
Trd, 8639684.746, 60
Trd, 8639685.179, 60
Trd, 8639685.212, 60
Trd, 8639685.246, 60
Trd, 8639685.479, 60
Trd, 8639686.079, 60
Trd, 8639686.146, 60
Trd, 8639686.379, 61
Trd, 8639686.546, 62
Trd, 8639687.312, 63
Trd, 8639687.812, 136
Trd, 8639687.912, 135
Trd, 8639688.979, 139
Trd, 8639689.112, 127
Trd, 8639689.779, 127
Trd, 8639690.346, 126
Trd, 8639691.312, 127
Trd, 8639691.612, 140
Trd, 8639692.212, 140
Trd, 8639693.779, 140
Trd, 8639694.579, 140
Trd, 8639695.746, 140
Trd, 8639696.512, 140
Trd, 8639698.412, 140
Trd, 8639698.746, 140
Trd, 8639698.979, 140
Trd, 8639699.012, 140
Trd, 8639699.079, 140
Trd, 8639699.412, 139
Trd, 8639699.879, 138
Trd, 8639699.946, 128
Trd, 8639700.079, 139
Trd, 8639700.979, 133
Trd, 8639701.146, 132
Trd, 8639701.446, 130
Trd, 8639702.479, 131
Trd, 8639702.646, 130
Trd, 8639703.046, 123
Trd, 8639703.846, 91
Trd, 8639703.912, 126
Trd, 8639704.379, 94
Trd, 8639704.779, 126
Trd, 8639705.079, 126
Trd, 8639705.246, 88
Trd, 8639705.512, 125
Trd, 8639706.146, 120
Trd, 8639706.446, 120
Trd, 8639706.646, 112
Trd, 8639706.812, 108
Trd, 8639707.246, 121
Trd, 8639707.312, 104
Trd, 8639707.546, 121
Trd, 8639707.912, 116
Trd, 8639710.612, 118
Trd, 8639711.012, 118
Trd, 8639711.079, 110
Trd, 8639711.146, 105
Trd, 8639711.546, 97
Trd, 8639711.646, 112
Trd, 8639712.546, 110
Trd, 8639713.079, 89
Trd, 8639713.612, 109
Trd, 8639713.712, 110
Trd, 8639714.179, 104
Trd, 8639715.046, 107
Trd, 8639715.079, 110
Trd, 8639716.212, 101
Trd, 8639717.712, 140
Trd, 8639719.012, 140
Trd, 8639719.179, 140
Trd, 8639719.212, 140
Trd, 8639719.346, 140
Trd, 8639719.879, 140
Trd, 8639720.079, 127
Trd, 8639720.746, 122
Trd, 8639721.079, 127
Trd, 8639721.112, 138
Trd, 8639721.379, 113
Trd, 8639722.346, 102
Trd, 8639722.479, 132
Trd, 8639722.679, 133
Trd, 8639722.846, 109
Trd, 8639723.079, 117
Trd, 8639723.679, 130
Trd, 8639724.479, 140
Trd, 8639725.179, 140
Trd, 8639726.212, 140
Trd, 8639726.246, 140
Trd, 8639726.279, 82
Trd, 8639728.146, 130
Trd, 8639728.379, 129
Trd, 8639728.512, 130
Trd, 8639728.779, 133
Trd, 8639729.112, 128
Trd, 8639729.279, 132
Trd, 8639730.046, 133
Trd, 8639730.446, 128
Trd, 8639730.846, 116
Trd, 8639731.112, 139
Trd, 8639732.946, 140
Trd, 8639733.246, 140
Trd, 8639734.512, 140
Trd, 8639735.446, 140
Trd, 8639735.979, 140
Trd, 8639737.246, 140
Trd, 8639737.579, 140
Trd, 8639737.612, 140
Trd, 8639737.812, 139
Trd, 8639738.079, 133
Trd, 8639739.512, 132
Trd, 8639739.946, 134
Trd, 8639739.979, 129
Trd, 8639740.312, 128
Trd, 8639740.779, 127
Trd, 8639740.846, 131
Trd, 8639741.912, 129
Trd, 8639742.112, 103
Trd, 8639742.846, 104
Trd, 8639742.979, 103
Trd, 8639743.546, 124
Trd, 8639744.046, 124
Trd, 8639744.246, 126
Trd, 8639744.512, 99
Trd, 8639745.212, 98
Trd, 8639746.412, 98
Trd, 8639747.079, 111
Trd, 8639747.346, 128
Trd, 8639747.612, 131
Trd, 8639749.079, 123
Trd, 8639749.179, 124
Trd, 8639749.379, 123
Trd, 8639749.446, 121
Trd, 8639749.646, 122
Trd, 8639749.912, 121
Trd, 8639750.346, 111
Trd, 8639750.412, 117
Trd, 8639750.879, 116
Trd, 8639751.379, 117
Trd, 8639752.446, 114
Trd, 8639753.646, 140
Trd, 8639754.112, 140
Trd, 8639754.746, 140
Trd, 8639755.212, 140
Trd, 8639757.279, 140
Trd, 8639757.312, 140
Trd, 8639758.479, 140
Trd, 8639758.746, 140
Trd, 8639759.012, 140
Trd, 8639759.112, 139
Trd, 8639759.279, 138
Trd, 8639759.579, 129
Trd, 8639759.612, 136
Trd, 8639760.812, 112
Trd, 8639761.579, 115
Trd, 8639761.979, 123
Trd, 8639762.112, 123
Trd, 8639762.212, 124
Trd, 8639762.512, 111
Trd, 8639762.979, 109
Trd, 8639763.012, 95
Trd, 8639763.512, 123
Trd, 8639764.212, 122
Trd, 8639765.879, 114
Trd, 8639766.279, 115
Trd, 8639766.446, 111
Trd, 8639766.546, 111
Trd, 8639767.846, 111
Trd, 8639768.046, 110
Trd, 8639768.312, 111
Trd, 8639768.612, 105
Trd, 8639769.379, 108
Trd, 8639769.679, 110
Trd, 8639769.912, 99
Trd, 8639769.946, 97
Trd, 8639770.112, 109
Trd, 8639770.212, 98
Trd, 8639771.479, 140
Trd, 8639772.779, 140
Trd, 8639773.046, 140
Trd, 8639773.112, 140
Trd, 8639773.612, 138
Trd, 8639774.579, 134
Trd, 8639774.712, 133
Trd, 8639774.846, 133
Trd, 8639775.079, 132
Trd, 8639775.379, 122
Trd, 8639776.112, 140
Trd, 8639776.212, 139
Trd, 8639777.146, 97
Trd, 8639779.512, 140
Trd, 8639779.712, 140
Trd, 8639780.579, 140
Trd, 8639781.312, 140
Trd, 8639781.712, 140
Trd, 8639781.946, 140
Trd, 8639782.112, 140
Trd, 8639782.179, 140
Trd, 8639783.246, 134
Trd, 8639783.312, 139
Trd, 8639783.346, 129
Trd, 8639783.612, 128
Trd, 8639784.212, 122
Trd, 8639784.779, 121
Trd, 8639784.946, 132
Trd, 8639784.979, 133
Trd, 8639785.012, 120
Trd, 8639786.612, 130
Trd, 8639786.912, 115
Trd, 8639787.112, 106
Trd, 8639787.412, 131
Trd, 8639787.646, 131
Trd, 8639788.279, 110
Trd, 8639788.512, 66
Trd, 8639789.679, 120
Trd, 8639790.346, 119
Trd, 8639790.579, 119
Trd, 8639790.946, 118
Trd, 8639790.979, 119
Trd, 8639792.046, 115
Trd, 8639792.879, 115
Trd, 8639793.812, 115
Trd, 8639793.846, 114
Trd, 8639794.279, 124
Trd, 8639794.846, 127
Trd, 8639795.146, 139
Trd, 8639797.379, 140
Trd, 8639797.579, 139
Trd, 8639798.246, 138
Trd, 8639798.979, 129
Trd, 8639799.279, 125
Trd, 8639799.512, 105
Trd, 8639799.746, 61
Trd, 8639800.512, 128
Trd, 8639801.012, 127
Trd, 8639801.179, 129
Trd, 8639801.646, 98
Trd, 8639801.812, 98
Trd, 8639802.379, 124
Trd, 8639803.079, 124
Trd, 8639803.179, 125
Trd, 8639803.579, 128
Trd, 8639803.746, 117
Trd, 8639803.912, 129
Trd, 8639804.446, 124
Trd, 8639805.479, 123
Trd, 8639805.679, 122
Trd, 8639808.246, 140
Trd, 8639808.979, 140
Trd, 8639809.112, 140
Trd, 8639809.412, 135
Trd, 8639809.579, 135
Trd, 8639810.112, 132
Trd, 8639810.312, 132
Trd, 8639810.412, 129
Trd, 8639810.512, 127
Trd, 8639811.079, 100
Trd, 8639811.379, 100
Trd, 8639812.512, 122
Trd, 8639812.879, 122
Trd, 8639813.046, 101
Trd, 8639813.679, 99
Trd, 8639813.779, 116
Trd, 8639814.479, 115
Trd, 8639815.046, 116
Trd, 8639815.179, 100
Trd, 8639815.546, 99
Trd, 8639815.979, 100
Trd, 8639816.112, 112
Trd, 8639816.979, 105
Trd, 8639817.279, 104
Trd, 8639818.346, 103
Trd, 8639818.512, 103
Trd, 8639818.712, 103
Trd, 8639818.846, 103
Trd, 8639818.879, 104
Trd, 8639818.912, 98
Trd, 8639820.946, 140
Trd, 8639821.179, 140
Trd, 8639822.712, 139
Trd, 8639822.879, 139
Trd, 8639823.446, 139
Trd, 8639823.812, 140
Trd, 8639824.079, 138
Trd, 8639824.412, 137
Trd, 8639824.946, 129
Trd, 8639825.312, 132
Trd, 8639826.446, 130
Trd, 8639826.746, 129
Trd, 8639827.246, 130
Trd, 8639827.312, 132
Trd, 8639827.346, 125
Trd, 8639827.412, 125
Trd, 8639827.746, 119
Trd, 8639829.379, 118
Trd, 8639829.512, 116
Trd, 8639832.046, 140
Trd, 8639832.312, 140
Trd, 8639832.979, 140
Trd, 8639834.512, 140
Trd, 8639834.546, 140
Trd, 8639834.579, 140
Trd, 8639834.612, 139
Trd, 8639834.846, 139
Trd, 8639834.946, 139
Trd, 8639835.979, 130
Trd, 8639836.079, 130
Trd, 8639836.212, 130
Trd, 8639836.546, 129
Trd, 8639836.912, 128
Trd, 8639836.979, 128
Trd, 8639837.079, 65
Trd, 8639838.412, 124
Trd, 8639838.479, 124
Trd, 8639838.646, 106
Trd, 8639838.812, 106
Trd, 8639839.012, 105
Trd, 8639839.112, 104
Trd, 8639839.612, 121
Trd, 8639839.846, 122
Trd, 8639840.112, 121
Trd, 8639840.412, 122
Trd, 8639841.946, 60
Trd, 8639842.779, 60
Trd, 8639843.012, 60
Trd, 8639843.246, 60
Trd, 8639843.846, 60
Trd, 8639844.012, 60
Trd, 8639844.746, 60
Trd, 8639845.112, 60
Trd, 8639845.146, 60
Trd, 8639845.812, 60
Trd, 8639846.279, 60
Trd, 8639846.412, 60
Trd, 8639846.846, 61
Trd, 8639847.112, 62
Trd, 8639847.312, 63
Trd, 8639847.579, 63
Trd, 8639848.912, 140
Trd, 8639849.079, 113
Trd, 8639849.979, 128
Trd, 8639850.012, 127
Trd, 8639850.779, 117
Trd, 8639852.979, 140
Trd, 8639854.012, 140
Trd, 8639854.246, 140
Trd, 8639854.279, 139
Trd, 8639854.546, 140
Trd, 8639854.579, 140
Trd, 8639855.212, 139
Trd, 8639855.746, 139
Trd, 8639856.646, 131
Trd, 8639857.046, 130
Trd, 8639857.246, 134
Trd, 8639857.312, 130
Trd, 8639857.612, 121
Trd, 8639858.079, 135
Trd, 8639858.479, 136
Trd, 8639858.546, 64
Trd, 8639858.579, 138
Trd, 8639859.212, 124
Trd, 8639859.412, 123
Trd, 8639862.579, 140
Trd, 8639863.679, 140
Trd, 8639865.446, 140
Trd, 8639865.579, 140
Trd, 8639865.612, 140
Trd, 8639865.846, 140
Trd, 8639865.912, 140
Trd, 8639866.146, 138
Trd, 8639866.246, 140
Trd, 8639866.579, 119
Trd, 8639867.446, 139
Trd, 8639867.479, 139
Trd, 8639867.946, 119
Trd, 8639868.079, 130
Trd, 8639868.912, 140
Trd, 8639869.046, 140
Trd, 8639869.779, 102
Trd, 8639870.512, 138
Trd, 8639872.712, 140
Trd, 8639872.979, 140
Trd, 8639873.512, 140
Trd, 8639876.146, 140
Trd, 8639876.412, 140
Trd, 8639876.712, 140
Trd, 8639877.146, 140
Trd, 8639877.246, 140
Trd, 8639877.479, 140
Trd, 8639877.779, 139
Trd, 8639877.912, 134
Trd, 8639878.246, 136
Trd, 8639878.479, 139
Trd, 8639878.946, 138
Trd, 8639879.279, 138
Trd, 8639880.046, 129
Trd, 8639880.179, 123
Trd, 8639880.779, 138
Trd, 8639882.212, 118
Trd, 8639883.146, 121
Trd, 8639883.946, 140
Trd, 8639886.346, 140
Trd, 8639886.512, 140
Trd, 8639887.046, 140
Trd, 8639887.112, 140
Trd, 8639889.746, 140
Trd, 8639889.846, 140
Trd, 8639890.012, 140
Trd, 8639890.146, 140
Trd, 8639890.212, 140
Trd, 8639891.079, 140
Trd, 8639891.146, 140
Trd, 8639891.212, 139
Trd, 8639891.812, 140
Trd, 8639892.812, 140
Trd, 8639893.279, 140
Trd, 8639893.546, 140
Trd, 8639893.779, 137
Trd, 8639894.946, 140
Trd, 8639895.212, 140
Trd, 8639895.279, 140
Trd, 8639895.846, 138
Trd, 8639895.946, 136
Trd, 8639897.246, 134
Trd, 8639897.479, 133
Trd, 8639898.012, 111
Trd, 8639898.312, 129
Trd, 8639898.946, 131
Trd, 8639899.412, 140
Trd, 8639899.479, 115
Trd, 8639900.946, 137
Trd, 8639901.379, 140
Trd, 8639901.479, 140
Trd, 8639901.812, 140
Trd, 8639903.212, 140
Trd, 8639904.812, 140
Trd, 8639904.879, 140
Trd, 8639906.212, 140
Trd, 8639906.646, 140
Trd, 8639908.679, 140
Trd, 8639908.712, 140
Trd, 8639908.746, 140
Trd, 8639908.946, 139
Trd, 8639909.212, 140
Trd, 8639909.579, 139
Trd, 8639909.679, 140
Trd, 8639909.946, 140
Trd, 8639912.546, 140
Trd, 8639914.079, 140
Trd, 8639915.412, 140
Trd, 8639915.712, 140
Trd, 8639916.446, 140
Trd, 8639916.812, 140
Trd, 8639917.246, 140
Trd, 8639917.412, 140
Trd, 8639917.446, 140
Trd, 8639917.579, 140
Trd, 8639917.712, 140
Trd, 8639918.546, 133
Trd, 8639919.112, 131
Trd, 8639919.246, 124
Trd, 8639919.912, 131
Trd, 8639920.646, 71
Trd, 8639921.512, 87
Trd, 8639921.812, 139
Trd, 8639921.946, 139
Trd, 8639922.479, 140
Trd, 8639922.812, 63
Trd, 8639923.079, 60
Trd, 8639923.346, 61
Trd, 8639924.712, 140
Trd, 8639925.279, 140
Trd, 8639926.079, 140
Trd, 8639926.679, 140
Trd, 8639927.879, 140
Trd, 8639928.279, 140
Trd, 8639928.712, 140
Trd, 8639928.812, 140
Trd, 8639928.912, 140
Trd, 8639929.112, 140
Trd, 8639929.179, 140
Trd, 8639929.212, 139
Trd, 8639930.712, 140
Trd, 8639931.046, 137
Trd, 8639931.079, 128
Trd, 8639932.046, 134
Trd, 8639932.579, 122
Trd, 8639932.779, 108
Trd, 8639932.912, 128
Trd, 8639934.246, 128
Trd, 8639934.379, 126
Trd, 8639935.779, 126
Trd, 8639935.879, 126
Trd, 8639936.179, 114
Trd, 8639937.012, 78
Trd, 8639937.112, 123
Trd, 8639937.479, 127
Trd, 8639937.812, 127
Trd, 8639938.012, 120
Trd, 8639938.812, 123
Trd, 8639938.846, 124
Trd, 8639938.879, 130
Trd, 8639939.412, 134
Trd, 8639940.979, 123
Trd, 8639941.112, 122
Trd, 8639941.679, 134
Trd, 8639943.479, 60
Trd, 8639943.546, 60
Trd, 8639943.879, 60
Trd, 8639944.112, 60
Trd, 8639944.479, 60
Trd, 8639944.779, 60
Trd, 8639945.412, 60
Trd, 8639945.579, 60
Trd, 8639945.646, 60
Trd, 8639945.746, 67
Trd, 8639945.846, 115
Trd, 8639947.346, 60
Trd, 8639947.912, 60
Trd, 8639947.946, 60
Trd, 8639948.012, 62
Trd, 8639948.146, 65
Trd, 8639948.279, 68
Trd, 8639948.812, 140
Trd, 8639949.646, 140
Trd, 8639951.212, 140
Trd, 8639951.246, 140
Trd, 8639951.279, 140
Trd, 8639951.979, 140
Trd, 8639953.479, 140
Trd, 8639953.912, 140
Trd, 8639953.946, 140
Trd, 8639954.179, 140
Trd, 8639954.279, 139
Trd, 8639954.546, 140
Trd, 8639954.612, 139
Trd, 8639956.079, 127
Trd, 8639956.412, 126
Trd, 8639957.679, 115
Trd, 8639958.079, 108
Trd, 8639958.412, 110
Trd, 8639958.512, 116
Trd, 8639959.512, 114
Trd, 8639959.646, 115
Trd, 8639959.812, 115
Trd, 8639960.746, 116
Trd, 8639961.446, 138
Trd, 8639962.179, 127
Trd, 8639962.712, 120
Trd, 8639962.812, 119
Trd, 8639963.679, 122
Trd, 8639964.379, 133
Trd, 8639964.479, 133
Trd, 8639965.446, 124
Trd, 8639965.846, 118
Trd, 8639965.979, 120
Trd, 8639966.279, 118
Trd, 8639966.646, 106
Trd, 8639966.946, 116
Trd, 8639966.979, 104
Trd, 8639968.179, 100
Trd, 8639968.512, 97
Trd, 8639969.679, 89
Trd, 8639969.846, 87
Trd, 8639970.212, 87
Trd, 8639970.512, 89
Trd, 8639971.646, 60
Trd, 8639972.146, 60
Trd, 8639972.379, 61
Trd, 8639972.412, 65
Trd, 8639972.879, 87
Trd, 8639972.979, 88
Trd, 8639973.112, 89
Trd, 8639973.712, 60
Trd, 8639974.112, 115
Trd, 8639975.012, 114
Trd, 8639976.179, 90
Trd, 8639976.712, 104
Trd, 8639976.812, 105
Trd, 8639977.079, 83
Trd, 8639977.546, 103
Trd, 8639977.779, 84
Trd, 8639978.212, 101
Trd, 8639978.779, 99
Trd, 8639979.479, 89
Trd, 8639979.579, 100
Trd, 8639979.879, 99
Trd, 8639980.079, 91
Trd, 8639980.112, 100
Trd, 8639981.346, 91
Trd, 8639982.679, 102
Trd, 8639982.812, 101
Trd, 8639985.212, 140
Trd, 8639987.912, 140
Trd, 8639988.046, 140
Trd, 8639988.479, 140
Trd, 8639988.812, 140
Trd, 8639988.912, 140
Trd, 8639989.246, 140
Trd, 8639989.612, 139
Trd, 8639990.146, 139
Trd, 8639990.312, 139
Trd, 8639990.612, 129
Trd, 8639991.079, 119
Trd, 8639991.312, 135
Trd, 8639992.479, 124
Trd, 8639992.779, 126
Trd, 8639993.412, 125
Trd, 8639993.846, 123
Trd, 8639993.946, 124
Trd, 8639994.379, 123
Trd, 8639994.512, 122
Trd, 8639994.979, 123
Trd, 8639995.646, 124
Trd, 8639995.712, 125
Trd, 8639997.579, 140
Trd, 8639997.779, 140
Trd, 8639998.679, 140
Trd, 8639999.012, 140
Trd, 8639999.612, 140
Trd, 8639999.746, 140
