Trd, 8638764.312, 89
Trd, 8638764.712, 121
Trd, 8638766.179, 120
Trd, 8638766.579, 121
Trd, 8638766.612, 113
Trd, 8638767.046, 115
Trd, 8638767.779, 121
Trd, 8638768.212, 121
Trd, 8638768.746, 100
Trd, 8638768.946, 102
Trd, 8638769.579, 99
Trd, 8638769.879, 109
Trd, 8638770.246, 81
Trd, 8638770.312, 81
Trd, 8638771.246, 121
Trd, 8638771.879, 102
Trd, 8638772.612, 137
Trd, 8638772.779, 119
Trd, 8638773.046, 112
Trd, 8638773.246, 103
Trd, 8638773.646, 102
Trd, 8638774.312, 98
Trd, 8638774.346, 106
Trd, 8638774.779, 116
Trd, 8638774.912, 96
Trd, 8638776.012, 97
Trd, 8638776.546, 111
Trd, 8638776.612, 115
Trd, 8638776.846, 106
Trd, 8638777.412, 112
Trd, 8638777.712, 112
Trd, 8638777.846, 111
Trd, 8638778.312, 92
Trd, 8638779.012, 103
Trd, 8638779.312, 92
Trd, 8638779.779, 129
Trd, 8638780.546, 116
Trd, 8638780.746, 108
Trd, 8638781.279, 95
Trd, 8638782.079, 137
Trd, 8638783.346, 132
Trd, 8638783.546, 114
Trd, 8638783.612, 105
Trd, 8638784.446, 118
Trd, 8638784.546, 104
Trd, 8638784.812, 109
Trd, 8638785.579, 106
Trd, 8638785.779, 69
Trd, 8638785.846, 70
Trd, 8638786.679, 115
Trd, 8638787.046, 95
Trd, 8638787.079, 93
Trd, 8638787.746, 125
Trd, 8638788.146, 136
Trd, 8638788.679, 138
Trd, 8638789.112, 127
Trd, 8638789.812, 134
Trd, 8638790.212, 123
Trd, 8638791.479, 131
Trd, 8638791.546, 124
Trd, 8638791.646, 125
Trd, 8638791.746, 96
Trd, 8638791.879, 71
Trd, 8638791.979, 86
Trd, 8638792.946, 121
Trd, 8638793.979, 103
Trd, 8638794.479, 115
Trd, 8638795.146, 132
Trd, 8638795.379, 124
Trd, 8638795.879, 105
Trd, 8638796.146, 91
Trd, 8638796.712, 118
Trd, 8638796.912, 85
Trd, 8638797.412, 81
Trd, 8638797.479, 96
Trd, 8638798.046, 81
Trd, 8638798.646, 113
Trd, 8638798.979, 116
Trd, 8638799.146, 126
Trd, 8638799.446, 115
Trd, 8638800.979, 115
Trd, 8638801.612, 133
Trd, 8638801.679, 131
Trd, 8638801.946, 115
Trd, 8638802.046, 128
Trd, 8638802.146, 133
Trd, 8638802.379, 112
Trd, 8638802.446, 97
Trd, 8638803.746, 117
Trd, 8638803.912, 115
Trd, 8638804.212, 73
Trd, 8638805.146, 82
Trd, 8638805.612, 91
Trd, 8638806.312, 137
Trd, 8638806.612, 120
Trd, 8638806.646, 97
Trd, 8638807.046, 136
Trd, 8638807.379, 82
Trd, 8638807.612, 114
Trd, 8638807.646, 80
Trd, 8638807.712, 68
Trd, 8638807.946, 75
Trd, 8638808.612, 137
Trd, 8638809.279, 95
Trd, 8638809.579, 103
Trd, 8638809.679, 91
Trd, 8638811.612, 133
Trd, 8638811.679, 112
Trd, 8638812.179, 118
Trd, 8638812.646, 139
Trd, 8638812.679, 138
Trd, 8638812.979, 75
Trd, 8638813.746, 137
Trd, 8638814.179, 104
Trd, 8638814.312, 115
Trd, 8638814.579, 119
Trd, 8638814.612, 103
Trd, 8638815.112, 109
Trd, 8638815.512, 140
Trd, 8638815.712, 98
Trd, 8638817.546, 107
Trd, 8638818.146, 106
Trd, 8638818.412, 84
Trd, 8638818.512, 117
Trd, 8638818.546, 95
Trd, 8638819.146, 80
Trd, 8638819.279, 75
Trd, 8638819.679, 89
Trd, 8638820.112, 124
Trd, 8638820.179, 90
Trd, 8638820.212, 78
Trd, 8638821.812, 129
Trd, 8638822.046, 122
Trd, 8638822.312, 105
Trd, 8638822.546, 115
Trd, 8638822.846, 104
Trd, 8638822.912, 99
Trd, 8638823.046, 99
Trd, 8638823.112, 96
Trd, 8638823.979, 97
Trd, 8638824.579, 106
Trd, 8638824.879, 109
Trd, 8638825.112, 84
Trd, 8638825.146, 80
Trd, 8638825.612, 118
Trd, 8638828.079, 138
Trd, 8638828.179, 126
Trd, 8638828.212, 113
Trd, 8638828.246, 106
Trd, 8638828.812, 132
Trd, 8638829.179, 117
Trd, 8638829.312, 133
Trd, 8638829.746, 102
Trd, 8638829.846, 104
Trd, 8638830.379, 107
Trd, 8638830.746, 102
Trd, 8638830.812, 95
Trd, 8638831.346, 116
Trd, 8638832.046, 140
Trd, 8638832.746, 139
Trd, 8638832.779, 137
Trd, 8638833.746, 102
Trd, 8638834.012, 117
Trd, 8638834.346, 93
Trd, 8638834.546, 103
Trd, 8638835.346, 102
Trd, 8638835.712, 91
Trd, 8638835.879, 91
Trd, 8638836.079, 90
Trd, 8638836.379, 63
Trd, 8638837.879, 92
Trd, 8638838.246, 140
Trd, 8638838.512, 123
Trd, 8638838.646, 132
Trd, 8638838.779, 92
Trd, 8638838.846, 84
Trd, 8638840.912, 96
Trd, 8638841.012, 89
Trd, 8638841.212, 82
Trd, 8638841.246, 81
Trd, 8638841.346, 129
Trd, 8638841.946, 120
Trd, 8638842.646, 132
Trd, 8638843.579, 127
Trd, 8638843.646, 119
Trd, 8638844.812, 127
Trd, 8638845.546, 83
Trd, 8638846.646, 105
Trd, 8638846.979, 103
Trd, 8638848.012, 122
Trd, 8638848.046, 97
Trd, 8638848.312, 93
Trd, 8638849.446, 105
Trd, 8638849.646, 69
Trd, 8638850.046, 76
Trd, 8638850.179, 82
Trd, 8638850.279, 93
Trd, 8638851.512, 92
Trd, 8638852.246, 96
Trd, 8638852.812, 122
Trd, 8638853.079, 112
Trd, 8638853.179, 106
Trd, 8638853.212, 75
Trd, 8638853.379, 65
Trd, 8638854.012, 78
Trd, 8638854.112, 88
Trd, 8638854.612, 92
Trd, 8638855.046, 132
Trd, 8638855.912, 61
Trd, 8638855.979, 94
Trd, 8638856.312, 93
Trd, 8638857.512, 64
Trd, 8638857.746, 63
Trd, 8638857.879, 75
Trd, 8638858.846, 120
Trd, 8638858.979, 114
Trd, 8638859.746, 111
Trd, 8638861.346, 93
Trd, 8638861.546, 120
Trd, 8638861.612, 83
Trd, 8638861.746, 96
Trd, 8638862.179, 81
Trd, 8638863.379, 125
Trd, 8638863.879, 91
Trd, 8638864.446, 115
Trd, 8638864.512, 95
Trd, 8638864.946, 90
Trd, 8638865.446, 74
Trd, 8638865.646, 89
Trd, 8638865.746, 91
Trd, 8638866.146, 97
Trd, 8638866.379, 119
Trd, 8638866.879, 61
Trd, 8638867.646, 70
Trd, 8638868.146, 107
Trd, 8638868.279, 120
Trd, 8638868.379, 99
Trd, 8638869.546, 137
Trd, 8638870.946, 124
Trd, 8638871.179, 109
Trd, 8638872.512, 137
Trd, 8638872.546, 135
Trd, 8638872.646, 130
Trd, 8638872.912, 126
Trd, 8638873.779, 108
Trd, 8638874.246, 126
Trd, 8638874.546, 106
Trd, 8638874.912, 106
Trd, 8638874.946, 93
Trd, 8638875.279, 89
Trd, 8638875.546, 97
Trd, 8638875.779, 82
Trd, 8638876.479, 137
Trd, 8638877.179, 132
Trd, 8638877.379, 114
Trd, 8638878.179, 80
Trd, 8638878.312, 90
Trd, 8638879.646, 122
Trd, 8638880.046, 118
Trd, 8638880.146, 118
Trd, 8638880.246, 117
Trd, 8638880.479, 136
Trd, 8638880.579, 112
Trd, 8638880.912, 104
Trd, 8638881.646, 129
Trd, 8638882.246, 137
Trd, 8638882.412, 140
Trd, 8638882.946, 136
Trd, 8638883.512, 123
Trd, 8638883.779, 93
Trd, 8638884.312, 101
Trd, 8638884.446, 76
Trd, 8638884.746, 113
Trd, 8638885.246, 123
Trd, 8638886.379, 98
Trd, 8638886.446, 83
Trd, 8638887.646, 124
Trd, 8638887.746, 103
Trd, 8638888.279, 136
Trd, 8638888.846, 129
Trd, 8638889.312, 98
Trd, 8638889.346, 97
Trd, 8638889.512, 118
Trd, 8638890.146, 131
Trd, 8638891.546, 102
Trd, 8638891.912, 88
Trd, 8638891.979, 76
Trd, 8638892.346, 94
Trd, 8638893.246, 80
Trd, 8638893.446, 97
Trd, 8638893.612, 83
Trd, 8638894.346, 68
Trd, 8638894.846, 76
Trd, 8638895.012, 92
Trd, 8638895.179, 104
Trd, 8638895.646, 131
Trd, 8638895.746, 123
Trd, 8638895.812, 119
Trd, 8638897.746, 128
Trd, 8638897.846, 126
Trd, 8638898.446, 121
Trd, 8638898.712, 120
Trd, 8638899.212, 113
Trd, 8638899.246, 107
Trd, 8638899.579, 104
Trd, 8638899.812, 83
Trd, 8638900.079, 111
Trd, 8638900.279, 95
Trd, 8638900.712, 129
Trd, 8638901.312, 115
Trd, 8638901.812, 113
Trd, 8638902.012, 108
Trd, 8638902.146, 95
Trd, 8638902.312, 92
Trd, 8638903.279, 133
Trd, 8638904.246, 125
Trd, 8638904.479, 112
Trd, 8638904.512, 108
Trd, 8638904.579, 84
Trd, 8638905.079, 62
Trd, 8638905.279, 125
Trd, 8638905.979, 111
Trd, 8638906.246, 84
Trd, 8638906.846, 128
Trd, 8638907.712, 127
Trd, 8638908.012, 121
Trd, 8638909.179, 139
Trd, 8638909.246, 115
Trd, 8638909.312, 100
Trd, 8638910.046, 120
Trd, 8638910.379, 119
Trd, 8638910.612, 115
Trd, 8638911.646, 128
Trd, 8638911.679, 104
Trd, 8638911.712, 83
Trd, 8638913.212, 102
Trd, 8638913.246, 102
Trd, 8638913.379, 100
Trd, 8638914.446, 133
Trd, 8638914.812, 120
Trd, 8638914.979, 119
Trd, 8638915.879, 107
Trd, 8638915.912, 106
Trd, 8638916.646, 134
Trd, 8638917.379, 98
Trd, 8638917.812, 121
Trd, 8638917.946, 120
Trd, 8638918.046, 89
Trd, 8638918.612, 85
Trd, 8638918.879, 119
Trd, 8638919.112, 107
Trd, 8638920.146, 116
Trd, 8638920.812, 136
Trd, 8638920.979, 120
Trd, 8638922.479, 69
Trd, 8638922.746, 102
Trd, 8638923.046, 94
Trd, 8638923.579, 79
Trd, 8638923.746, 84
Trd, 8638924.112, 135
Trd, 8638924.346, 61
Trd, 8638925.912, 133
Trd, 8638926.812, 140
Trd, 8638926.879, 121
Trd, 8638927.446, 122
Trd, 8638927.812, 109
Trd, 8638928.312, 121
Trd, 8638928.712, 110
Trd, 8638929.912, 84
Trd, 8638930.212, 85
Trd, 8638930.379, 123
Trd, 8638930.479, 81
Trd, 8638931.746, 135
Trd, 8638932.212, 122
Trd, 8638932.412, 101
Trd, 8638932.479, 88
Trd, 8638932.779, 66
Trd, 8638933.179, 96
Trd, 8638933.546, 87
Trd, 8638933.846, 104
Trd, 8638933.912, 75
Trd, 8638934.746, 140
Trd, 8638934.946, 121
Trd, 8638937.112, 125
Trd, 8638937.746, 136
Trd, 8638937.812, 116
Trd, 8638938.346, 130
Trd, 8638938.646, 110
Trd, 8638939.479, 110
Trd, 8638939.846, 119
Trd, 8638940.279, 110
Trd, 8638940.379, 130
Trd, 8638940.679, 134
Trd, 8638940.979, 135
Trd, 8638941.546, 110
Trd, 8638941.679, 101
Trd, 8638942.212, 75
Trd, 8638942.512, 131
Trd, 8638944.146, 105
Trd, 8638944.446, 103
Trd, 8638944.679, 98
Trd, 8638945.079, 122
Trd, 8638945.412, 137
Trd, 8638945.746, 126
Trd, 8638946.079, 98
Trd, 8638946.146, 93
Trd, 8638947.646, 140
Trd, 8638947.879, 126
Trd, 8638948.546, 117
Trd, 8638948.779, 111
Trd, 8638948.912, 127
Trd, 8638949.579, 116
Trd, 8638950.679, 103
Trd, 8638951.546, 113
Trd, 8638951.879, 85
Trd, 8638951.946, 80
Trd, 8638952.646, 94
Trd, 8638952.712, 82
Trd, 8638953.112, 118
Trd, 8638953.412, 135
Trd, 8638953.479, 117
Trd, 8638954.312, 118
Trd, 8638954.779, 82
Trd, 8638955.179, 111
Trd, 8638956.412, 123
Trd, 8638956.746, 105
Trd, 8638957.412, 112
Trd, 8638958.646, 139
Trd, 8638959.712, 131
Trd, 8638959.779, 124
Trd, 8638960.412, 115
Trd, 8638960.479, 100
Trd, 8638960.779, 131
Trd, 8638961.346, 106
Trd, 8638961.879, 108
Trd, 8638962.312, 113
Trd, 8638962.812, 92
Trd, 8638963.679, 102
Trd, 8638963.779, 92
Trd, 8638963.846, 107
Trd, 8638964.912, 134
Trd, 8638966.179, 133
Trd, 8638966.612, 133
Trd, 8638967.812, 118
Trd, 8638968.346, 117
Trd, 8638968.612, 107
Trd, 8638969.079, 128
Trd, 8638969.279, 94
Trd, 8638970.046, 128
Trd, 8638970.546, 96
Trd, 8638970.579, 104
Trd, 8638970.946, 112
Trd, 8638971.446, 115
Trd, 8638971.479, 91
Trd, 8638971.812, 78
Trd, 8638972.079, 85
Trd, 8638973.346, 136
Trd, 8638974.079, 119
Trd, 8638974.446, 126
Trd, 8638974.746, 117
Trd, 8638974.812, 95
Trd, 8638975.779, 102
Trd, 8638975.946, 97
Trd, 8638976.146, 135
Trd, 8638976.579, 110
Trd, 8638976.712, 99
Trd, 8638977.046, 94
Trd, 8638977.079, 84
Trd, 8638978.446, 99
Trd, 8638978.612, 104
Trd, 8638978.746, 93
Trd, 8638979.679, 116
Trd, 8638979.712, 111
Trd, 8638980.146, 75
Trd, 8638980.379, 70
Trd, 8638981.179, 129
Trd, 8638981.646, 128
Trd, 8638981.946, 107
Trd, 8638982.412, 108
Trd, 8638983.312, 110
Trd, 8638983.946, 139
Trd, 8638984.046, 118
Trd, 8638985.412, 135
Trd, 8638985.612, 126
Trd, 8638985.846, 131
Trd, 8638986.246, 100
Trd, 8638986.512, 92
Trd, 8638986.579, 110
Trd, 8638987.179, 100
Trd, 8638987.646, 97
Trd, 8638987.946, 96
Trd, 8638988.012, 103
Trd, 8638988.646, 124
Trd, 8638989.079, 103
Trd, 8638989.179, 84
Trd, 8638989.679, 87
Trd, 8638990.146, 103
Trd, 8638990.279, 60
Trd, 8638990.512, 62
Trd, 8638991.012, 99
Trd, 8638991.312, 140
Trd, 8638993.046, 103
Trd, 8638994.212, 133
Trd, 8638994.246, 123
Trd, 8638994.279, 102
Trd, 8638995.279, 82
Trd, 8638995.312, 90
Trd, 8638995.512, 135
Trd, 8638995.546, 81
Trd, 8638995.679, 92
Trd, 8638997.446, 77
Trd, 8638997.746, 120
Trd, 8638998.412, 60
Trd, 8638998.579, 65
Trd, 8638999.746, 98
Trd, 8638999.946, 94
Trd, 8639000.046, 99
Trd, 8639000.246, 88
Trd, 8639000.812, 106
Trd, 8639001.112, 116
Trd, 8639001.346, 74
Trd, 8639001.579, 77
Trd, 8639001.612, 93
Trd, 8639003.246, 114
Trd, 8639003.646, 126
Trd, 8639003.779, 104
Trd, 8639003.846, 70
Trd, 8639003.946, 66
Trd, 8639004.546, 108
Trd, 8639006.179, 80
Trd, 8639006.379, 79
Trd, 8639006.612, 69
Trd, 8639007.079, 106
Trd, 8639007.646, 116
Trd, 8639007.812, 109
Trd, 8639007.879, 106
Trd, 8639009.046, 133
Trd, 8639009.579, 123
Trd, 8639010.379, 122
Trd, 8639010.646, 131
Trd, 8639010.779, 103
Trd, 8639011.079, 101
Trd, 8639011.679, 118
Trd, 8639011.846, 123
Trd, 8639011.879, 118
Trd, 8639012.379, 105
Trd, 8639012.579, 103
Trd, 8639013.346, 95
Trd, 8639013.446, 93
Trd, 8639013.779, 69
Trd, 8639013.912, 90
Trd, 8639014.246, 91
Trd, 8639016.012, 100
Trd, 8639016.046, 81
Trd, 8639016.312, 90
Trd, 8639016.512, 93
Trd, 8639016.679, 114
Trd, 8639016.846, 77
Trd, 8639017.779, 97
Trd, 8639018.012, 92
Trd, 8639018.479, 112
Trd, 8639018.679, 110
Trd, 8639018.946, 138
Trd, 8639019.512, 99
Trd, 8639019.712, 74
Trd, 8639020.812, 140
Trd, 8639021.646, 122
Trd, 8639021.712, 109
Trd, 8639022.246, 95
Trd, 8639023.279, 117
Trd, 8639023.979, 109
Trd, 8639024.046, 105
Trd, 8639024.446, 108
Trd, 8639024.946, 87
Trd, 8639025.212, 96
Trd, 8639026.646, 103
Trd, 8639026.779, 81
Trd, 8639026.846, 77
Trd, 8639027.012, 112
Trd, 8639028.079, 130
Trd, 8639028.612, 133
Trd, 8639028.846, 122
Trd, 8639029.179, 107
Trd, 8639029.412, 104
Trd, 8639029.479, 104
Trd, 8639029.579, 130
Trd, 8639029.746, 136
Trd, 8639029.779, 100
Trd, 8639030.479, 115
Trd, 8639031.412, 77
Trd, 8639032.146, 86
Trd, 8639032.546, 114
Trd, 8639032.612, 101
Trd, 8639033.079, 81
Trd, 8639033.346, 75
Trd, 8639033.946, 107
Trd, 8639034.346, 128
Trd, 8639034.912, 134
Trd, 8639035.812, 140
Trd, 8639036.112, 123
Trd, 8639036.646, 127
Trd, 8639036.979, 63
Trd, 8639037.946, 74
Trd, 8639038.112, 124
Trd, 8639038.979, 90
Trd, 8639040.412, 104
Trd, 8639040.579, 92
Trd, 8639040.712, 91
Trd, 8639041.112, 71
Trd, 8639041.546, 115
Trd, 8639041.912, 97
Trd, 8639042.179, 85
Trd, 8639042.312, 123
Trd, 8639043.946, 131
Trd, 8639044.512, 98
Trd, 8639045.146, 128
Trd, 8639045.346, 115
Trd, 8639045.446, 93
Trd, 8639045.546, 130
Trd, 8639046.179, 92
Trd, 8639046.946, 113
Trd, 8639047.046, 110
Trd, 8639047.246, 118
Trd, 8639048.412, 132
Trd, 8639048.579, 130
Trd, 8639048.746, 123
Trd, 8639048.812, 123
Trd, 8639049.612, 106
Trd, 8639049.646, 94
Trd, 8639051.146, 106
Trd, 8639051.379, 116
Trd, 8639051.912, 108
Trd, 8639052.046, 110
Trd, 8639052.412, 107
Trd, 8639052.446, 92
Trd, 8639053.179, 104
Trd, 8639053.212, 90
Trd, 8639053.246, 105
Trd, 8639054.046, 61
Trd, 8639054.579, 92
Trd, 8639054.646, 83
Trd, 8639055.112, 122
Trd, 8639055.246, 118
Trd, 8639055.379, 82
Trd, 8639056.112, 109
Trd, 8639056.646, 125
Trd, 8639057.112, 138
Trd, 8639057.279, 113
Trd, 8639057.679, 126
Trd, 8639058.612, 122
Trd, 8639058.979, 101
Trd, 8639059.079, 89
Trd, 8639059.512, 94
Trd, 8639060.679, 119
Trd, 8639061.146, 129
Trd, 8639061.946, 107
Trd, 8639062.212, 78
Trd, 8639062.279, 124
Trd, 8639062.512, 122
Trd, 8639062.946, 113
Trd, 8639063.746, 91
Trd, 8639064.346, 60
Trd, 8639065.212, 60
Trd, 8639065.379, 93
Trd, 8639065.779, 62
Trd, 8639066.612, 136
Trd, 8639066.812, 115
Trd, 8639067.379, 118
Trd, 8639067.812, 121
Trd, 8639067.912, 106
Trd, 8639068.079, 94
Trd, 8639069.012, 96
Trd, 8639069.712, 75
Trd, 8639070.146, 61
Trd, 8639070.479, 123
Trd, 8639070.512, 88
Trd, 8639071.246, 112
Trd, 8639071.746, 130
Trd, 8639072.579, 124
Trd, 8639073.179, 133
Trd, 8639073.646, 107
Trd, 8639074.379, 130
Trd, 8639074.479, 102
Trd, 8639075.379, 97
Trd, 8639075.712, 96
Trd, 8639075.946, 79
Trd, 8639077.112, 76
Trd, 8639077.479, 100
Trd, 8639078.112, 134
Trd, 8639078.246, 88
Trd, 8639078.879, 127
Trd, 8639079.179, 95
Trd, 8639079.579, 86
Trd, 8639080.412, 111
Trd, 8639081.112, 134
Trd, 8639081.279, 111
Trd, 8639081.879, 136
Trd, 8639083.279, 111
Trd, 8639083.312, 99
Trd, 8639083.379, 114
Trd, 8639083.846, 132
Trd, 8639083.946, 121
Trd, 8639084.612, 128
Trd, 8639085.079, 112
Trd, 8639085.146, 102
Trd, 8639085.946, 125
Trd, 8639086.612, 115
Trd, 8639086.646, 107
Trd, 8639088.079, 93
Trd, 8639088.179, 74
Trd, 8639090.012, 116
Trd, 8639090.546, 136
Trd, 8639090.646, 100
Trd, 8639091.346, 139
Trd, 8639091.612, 127
Trd, 8639092.446, 109
Trd, 8639092.746, 104
Trd, 8639092.846, 102
Trd, 8639093.279, 102
Trd, 8639093.412, 111
Trd, 8639093.712, 140
Trd, 8639094.012, 75
Trd, 8639094.546, 131
Trd, 8639094.712, 123
Trd, 8639095.212, 110
Trd, 8639095.979, 126
Trd, 8639096.312, 119
Trd, 8639096.712, 118
Trd, 8639096.846, 118
Trd, 8639097.212, 98
Trd, 8639097.579, 135
Trd, 8639097.812, 121
Trd, 8639098.579, 103
Trd, 8639098.612, 98
Trd, 8639100.212, 133
Trd, 8639100.446, 132
Trd, 8639101.112, 135
Trd, 8639101.179, 125
Trd, 8639101.746, 80
Trd, 8639102.212, 87
Trd, 8639102.846, 94
Trd, 8639102.912, 130
Trd, 8639103.279, 90
Trd, 8639103.512, 69
Trd, 8639104.712, 128
Trd, 8639104.879, 98
Trd, 8639105.012, 88
Trd, 8639105.612, 101
Trd, 8639106.246, 79
Trd, 8639106.546, 139
Trd, 8639107.846, 129
Trd, 8639108.379, 119
Trd, 8639108.612, 110
Trd, 8639108.979, 101
Trd, 8639109.179, 96
Trd, 8639109.846, 76
Trd, 8639110.146, 75
Trd, 8639110.179, 91
Trd, 8639110.212, 67
Trd, 8639110.679, 128
Trd, 8639110.879, 97
Trd, 8639111.646, 73
Trd, 8639112.246, 67
Trd, 8639112.346, 97
Trd, 8639112.412, 118
Trd, 8639112.946, 103
Trd, 8639113.012, 62
Trd, 8639113.112, 69
Trd, 8639114.079, 85
Trd, 8639114.479, 125
Trd, 8639115.579, 136
Trd, 8639115.746, 134
Trd, 8639116.012, 122
Trd, 8639116.479, 121
Trd, 8639116.912, 114
Trd, 8639117.146, 104
Trd, 8639117.979, 130
Trd, 8639118.712, 129
Trd, 8639119.046, 139
Trd, 8639119.146, 106
Trd, 8639120.679, 101
Trd, 8639121.246, 129
Trd, 8639121.579, 110
Trd, 8639122.746, 105
Trd, 8639123.046, 100
Trd, 8639123.179, 123
Trd, 8639123.412, 113
Trd, 8639124.012, 111
Trd, 8639124.279, 117
Trd, 8639124.346, 81
Trd, 8639124.512, 76
Trd, 8639125.246, 139
Trd, 8639126.046, 97
Trd, 8639126.079, 76
Trd, 8639127.179, 125
Trd, 8639127.279, 110
Trd, 8639127.579, 101
Trd, 8639128.146, 77
Trd, 8639128.646, 99
Trd, 8639129.379, 85
Trd, 8639129.879, 84
Trd, 8639130.379, 131
Trd, 8639130.746, 106
Trd, 8639131.579, 114
Trd, 8639131.879, 72
Trd, 8639132.679, 108
Trd, 8639133.046, 90
Trd, 8639133.112, 86
Trd, 8639133.946, 106
Trd, 8639134.546, 133
Trd, 8639134.979, 102
Trd, 8639135.412, 88
Trd, 8639136.012, 122
Trd, 8639136.646, 122
Trd, 8639136.846, 97
Trd, 8639137.046, 84
Trd, 8639137.079, 78
Trd, 8639137.579, 134
Trd, 8639138.912, 121
Trd, 8639139.212, 95
Trd, 8639139.746, 109
Trd, 8639141.112, 109
Trd, 8639141.312, 134
Trd, 8639141.479, 100
Trd, 8639141.979, 107
Trd, 8639142.679, 124
Trd, 8639142.846, 133
Trd, 8639143.246, 88
Trd, 8639143.546, 85
Trd, 8639144.212, 124
Trd, 8639144.746, 134
Trd, 8639145.046, 132
Trd, 8639145.112, 126
Trd, 8639145.246, 98
Trd, 8639146.046, 105
Trd, 8639146.279, 87
Trd, 8639146.412, 135
Trd, 8639146.779, 83
Trd, 8639146.846, 74
Trd, 8639147.279, 83
Trd, 8639148.312, 139
Trd, 8639149.246, 118
Trd, 8639149.279, 93
Trd, 8639149.879, 136
Trd, 8639150.879, 105
Trd, 8639151.479, 122
Trd, 8639151.646, 91
Trd, 8639152.246, 89
Trd, 8639152.712, 102
Trd, 8639153.279, 90
Trd, 8639153.512, 82
Trd, 8639153.946, 65
Trd, 8639154.912, 121
Trd, 8639154.979, 133
Trd, 8639155.779, 113
Trd, 8639156.346, 120
Trd, 8639156.479, 107
Trd, 8639156.946, 106
Trd, 8639157.046, 103
Trd, 8639157.179, 103
Trd, 8639157.446, 113
Trd, 8639157.512, 80
Trd, 8639158.312, 127
Trd, 8639158.412, 125
Trd, 8639160.446, 131
Trd, 8639160.812, 116
Trd, 8639161.079, 115
Trd, 8639161.246, 121
Trd, 8639161.879, 113
Trd, 8639162.079, 96
Trd, 8639162.146, 91
Trd, 8639162.346, 104
Trd, 8639162.846, 110
Trd, 8639163.346, 139
Trd, 8639163.679, 104
Trd, 8639163.946, 117
Trd, 8639164.146, 93
Trd, 8639164.479, 94
Trd, 8639165.246, 125
Trd, 8639166.146, 111
Trd, 8639166.179, 108
Trd, 8639166.679, 77
Trd, 8639167.412, 108
Trd, 8639167.712, 119
Trd, 8639167.879, 119
Trd, 8639168.312, 98
Trd, 8639168.446, 103
Trd, 8639168.579, 90
Trd, 8639168.946, 89
Trd, 8639169.479, 92
Trd, 8639169.812, 125
Trd, 8639171.079, 128
Trd, 8639171.446, 79
Trd, 8639171.612, 89
Trd, 8639172.046, 126
Trd, 8639172.346, 104
Trd, 8639172.679, 95
Trd, 8639173.379, 63
Trd, 8639173.446, 88
Trd, 8639173.612, 118
Trd, 8639173.912, 103
Trd, 8639174.346, 109
Trd, 8639174.446, 61
Trd, 8639175.579, 112
Trd, 8639176.512, 109
Trd, 8639176.812, 93
Trd, 8639177.279, 78
Trd, 8639177.446, 73
Trd, 8639177.546, 86
Trd, 8639177.646, 71
Trd, 8639178.179, 88
Trd, 8639178.579, 120
Trd, 8639179.679, 104
Trd, 8639179.912, 131
Trd, 8639180.179, 124
Trd, 8639180.512, 105
Trd, 8639180.812, 99
Trd, 8639181.379, 109
Trd, 8639181.479, 128
Trd, 8639182.012, 61
Trd, 8639182.246, 90
Trd, 8639184.246, 140
Trd, 8639184.412, 92
Trd, 8639184.746, 85
Trd, 8639184.812, 91
Trd, 8639184.946, 75
Trd, 8639185.246, 69
Trd, 8639186.312, 78
Trd, 8639186.846, 103
Trd, 8639187.346, 61
Trd, 8639187.746, 114
Trd, 8639188.012, 94
Trd, 8639188.646, 79
Trd, 8639189.112, 123
Trd, 8639190.212, 71
Trd, 8639191.112, 125
Trd, 8639191.746, 122
Trd, 8639192.379, 130
Trd, 8639192.512, 116
Trd, 8639192.779, 94
Trd, 8639193.012, 115
Trd, 8639193.712, 119
Trd, 8639193.912, 88
Trd, 8639194.346, 140
Trd, 8639194.479, 138
Trd, 8639194.779, 113
Trd, 8639195.179, 119
Trd, 8639195.612, 126
Trd, 8639196.679, 126
Trd, 8639196.779, 105
Trd, 8639197.412, 78
Trd, 8639198.112, 131
Trd, 8639198.512, 129
Trd, 8639198.546, 123
Trd, 8639198.579, 105
Trd, 8639199.146, 114
Trd, 8639200.412, 113
Trd, 8639201.679, 126
Trd, 8639202.046, 118
Trd, 8639202.079, 112
Trd, 8639202.579, 101
Trd, 8639202.646, 135
Trd, 8639203.312, 117
Trd, 8639203.846, 101
Trd, 8639204.812, 138
Trd, 8639204.912, 125
Trd, 8639205.012, 122
Trd, 8639206.379, 136
Trd, 8639206.812, 128
Trd, 8639207.246, 124
Trd, 8639207.512, 128
Trd, 8639207.879, 123
Trd, 8639208.446, 112
Trd, 8639208.879, 110
Trd, 8639208.912, 104
Trd, 8639209.912, 130
Trd, 8639210.079, 109
Trd, 8639210.479, 100
Trd, 8639210.779, 87
Trd, 8639212.179, 113
Trd, 8639212.579, 107
Trd, 8639212.979, 97
Trd, 8639213.479, 90
Trd, 8639213.512, 80
Trd, 8639213.812, 76
Trd, 8639213.846, 81
Trd, 8639214.179, 136
Trd, 8639214.746, 104
Trd, 8639215.579, 128
Trd, 8639215.912, 114
Trd, 8639216.179, 107
Trd, 8639216.712, 128
Trd, 8639217.346, 102
Trd, 8639217.479, 95
Trd, 8639217.812, 131
Trd, 8639219.312, 78
Trd, 8639219.346, 75
Trd, 8639219.412, 71
Trd, 8639219.846, 120
Trd, 8639220.146, 116
Trd, 8639220.612, 99
Trd, 8639220.846, 101
Trd, 8639222.412, 127
Trd, 8639222.479, 117
Trd, 8639222.646, 111
Trd, 8639223.179, 137
Trd, 8639223.279, 103
Trd, 8639223.646, 112
Trd, 8639224.412, 137
Trd, 8639224.812, 133
Trd, 8639225.146, 138
Trd, 8639225.346, 124
Trd, 8639225.379, 119
Trd, 8639226.212, 100
Trd, 8639226.546, 81
Trd, 8639227.812, 120
Trd, 8639228.279, 111
Trd, 8639228.379, 110
Trd, 8639229.146, 92
Trd, 8639229.412, 105
Trd, 8639230.279, 97
Trd, 8639231.612, 99
Trd, 8639231.646, 89
Trd, 8639231.779, 106
Trd, 8639232.946, 116
Trd, 8639233.446, 129
Trd, 8639233.512, 103
Trd, 8639234.379, 132
Trd, 8639234.779, 116
Trd, 8639234.846, 110
Trd, 8639234.912, 100
Trd, 8639235.246, 128
Trd, 8639235.479, 120
Trd, 8639235.946, 96
Trd, 8639236.379, 106
Trd, 8639236.946, 93
Trd, 8639237.612, 134
Trd, 8639238.412, 116
Trd, 8639238.612, 120
Trd, 8639238.879, 85
Trd, 8639239.612, 121
Trd, 8639239.779, 105
Trd, 8639241.012, 134
Trd, 8639241.146, 86
Trd, 8639242.346, 107
Trd, 8639242.646, 90
Trd, 8639242.712, 96
Trd, 8639243.979, 137
Trd, 8639244.212, 114
Trd, 8639245.212, 101
Trd, 8639245.446, 92
Trd, 8639245.579, 87
Trd, 8639245.946, 115
Trd, 8639246.979, 116
Trd, 8639247.346, 139
Trd, 8639247.612, 139
Trd, 8639247.979, 114
Trd, 8639248.279, 110
Trd, 8639248.346, 106
Trd, 8639248.779, 104
Trd, 8639248.812, 101
Trd, 8639249.279, 79
Trd, 8639249.712, 72
Trd, 8639250.046, 137
Trd, 8639250.612, 133
Trd, 8639250.779, 130
Trd, 8639251.046, 110
Trd, 8639252.546, 76
Trd, 8639252.912, 76
Trd, 8639253.379, 109
Trd, 8639253.546, 134
Trd, 8639254.246, 140
Trd, 8639254.446, 124
Trd, 8639254.946, 126
Trd, 8639255.279, 127
Trd, 8639255.312, 111
Trd, 8639255.812, 73
Trd, 8639256.646, 88
Trd, 8639256.946, 110
Trd, 8639257.546, 121
Trd, 8639258.246, 120
Trd, 8639258.612, 120
Trd, 8639258.879, 111
Trd, 8639259.512, 102
Trd, 8639259.579, 119
Trd, 8639259.846, 115
Trd, 8639260.812, 129
Trd, 8639260.879, 120
Trd, 8639261.512, 139
Trd, 8639261.946, 132
Trd, 8639262.512, 133
Trd, 8639262.779, 118
Trd, 8639263.379, 101
Trd, 8639263.446, 106
Trd, 8639264.279, 99
Trd, 8639264.612, 95
Trd, 8639264.712, 80
Trd, 8639264.812, 121
Trd, 8639265.046, 128
Trd, 8639265.079, 73
Trd, 8639265.679, 131
Trd, 8639265.946, 86
Trd, 8639266.779, 125
Trd, 8639266.879, 106
Trd, 8639267.712, 65
Trd, 8639268.012, 93
Trd, 8639269.046, 83
Trd, 8639269.312, 115
Trd, 8639269.479, 139
Trd, 8639269.512, 95
Trd, 8639269.646, 78
Trd, 8639270.179, 126
Trd, 8639270.812, 125
Trd, 8639271.646, 121
Trd, 8639272.179, 113
Trd, 8639272.712, 122
Trd, 8639273.046, 98
Trd, 8639273.979, 103
Trd, 8639274.346, 103
Trd, 8639275.146, 127
Trd, 8639275.179, 116
Trd, 8639275.912, 119
Trd, 8639275.979, 108
Trd, 8639276.446, 128
Trd, 8639277.012, 139
Trd, 8639277.446, 110
Trd, 8639278.446, 93
Trd, 8639278.946, 99
Trd, 8639279.279, 138
Trd, 8639279.312, 112
Trd, 8639279.479, 93
Trd, 8639279.979, 128
Trd, 8639280.012, 123
Trd, 8639280.312, 97
Trd, 8639280.812, 132
Trd, 8639281.946, 130
Trd, 8639282.046, 97
Trd, 8639282.212, 114
Trd, 8639282.912, 123
Trd, 8639283.912, 137
Trd, 8639284.279, 137
Trd, 8639284.846, 134
Trd, 8639285.246, 130
Trd, 8639285.279, 110
Trd, 8639286.279, 122
Trd, 8639286.546, 107
Trd, 8639287.079, 140
Trd, 8639287.446, 136
Trd, 8639288.312, 100
Trd, 8639289.046, 68
Trd, 8639289.112, 82
Trd, 8639290.112, 102
Trd, 8639291.146, 116
Trd, 8639291.212, 123
Trd, 8639291.246, 91
Trd, 8639291.279, 82
Trd, 8639291.412, 127
Trd, 8639291.679, 112
Trd, 8639291.779, 69
Trd, 8639292.379, 107
Trd, 8639293.812, 123
Trd, 8639294.612, 128
Trd, 8639294.746, 123
Trd, 8639294.879, 119
Trd, 8639295.179, 113
Trd, 8639295.912, 109
Trd, 8639295.946, 98
Trd, 8639297.046, 135
Trd, 8639297.346, 105
Trd, 8639297.412, 99
Trd, 8639297.846, 131
Trd, 8639298.246, 109
Trd, 8639298.512, 98
Trd, 8639299.112, 115
Trd, 8639299.512, 102
Trd, 8639299.846, 89
Trd, 8639300.479, 128
Trd, 8639300.612, 86
Trd, 8639301.646, 121
Trd, 8639302.546, 135
Trd, 8639302.612, 140
Trd, 8639302.946, 114
Trd, 8639304.246, 111
Trd, 8639304.546, 133
Trd, 8639304.779, 135
Trd, 8639305.046, 101
Trd, 8639305.112, 99
Trd, 8639305.746, 133
Trd, 8639305.946, 115
Trd, 8639306.679, 100
Trd, 8639306.979, 135
Trd, 8639307.446, 118
Trd, 8639307.579, 80
Trd, 8639308.179, 122
Trd, 8639309.179, 131
Trd, 8639309.679, 101
Trd, 8639310.112, 120
Trd, 8639310.612, 117
Trd, 8639311.012, 128
Trd, 8639311.079, 110
Trd, 8639311.412, 94
Trd, 8639312.046, 98
Trd, 8639312.546, 103
Trd, 8639312.779, 92
Trd, 8639312.979, 108
Trd, 8639313.946, 89
Trd, 8639314.112, 86
Trd, 8639314.746, 135
Trd, 8639315.346, 119
Trd, 8639315.746, 95
Trd, 8639315.779, 95
Trd, 8639315.812, 94
Trd, 8639317.246, 117
Trd, 8639317.546, 84
Trd, 8639317.679, 100
Trd, 8639318.346, 63
Trd, 8639318.846, 93
Trd, 8639318.879, 102
Trd, 8639319.079, 80
Trd, 8639321.046, 138
Trd, 8639321.412, 138
Trd, 8639321.446, 124
Trd, 8639321.712, 120
Trd, 8639321.812, 99
Trd, 8639322.346, 96
Trd, 8639323.012, 97
Trd, 8639323.446, 96
Trd, 8639323.579, 111
Trd, 8639323.979, 137
Trd, 8639324.679, 127
Trd, 8639326.446, 140
Trd, 8639326.746, 139
Trd, 8639326.846, 128
Trd, 8639327.412, 115
Trd, 8639327.479, 96
Trd, 8639328.379, 134
Trd, 8639329.379, 106
Trd, 8639329.646, 112
Trd, 8639330.079, 123
Trd, 8639331.312, 120
Trd, 8639331.646, 135
Trd, 8639332.246, 134
Trd, 8639332.312, 134
Trd, 8639332.679, 108
Trd, 8639333.179, 127
Trd, 8639333.412, 102
Trd, 8639335.312, 112
Trd, 8639335.912, 97
Trd, 8639336.912, 106
Trd, 8639337.046, 114
Trd, 8639337.779, 108
Trd, 8639338.279, 112
Trd, 8639339.179, 132
Trd, 8639339.312, 103
Trd, 8639339.946, 128
Trd, 8639340.046, 101
Trd, 8639340.246, 100
Trd, 8639340.346, 136
Trd, 8639340.579, 96
Trd, 8639341.012, 93
Trd, 8639341.346, 102
Trd, 8639342.112, 85
Trd, 8639343.379, 137
Trd, 8639343.612, 124
Trd, 8639343.846, 125
Trd, 8639344.146, 117
Trd, 8639345.379, 112
Trd, 8639345.879, 124
Trd, 8639346.146, 111
Trd, 8639346.879, 132
Trd, 8639347.012, 112
Trd, 8639347.246, 90
Trd, 8639347.879, 102
Trd, 8639348.779, 99
Trd, 8639349.312, 95
Trd, 8639349.746, 109
Trd, 8639350.212, 71
Trd, 8639350.846, 103
Trd, 8639351.346, 108
Trd, 8639351.446, 111
Trd, 8639351.612, 113
Trd, 8639351.746, 103
Trd, 8639352.346, 107
Trd, 8639352.546, 112
Trd, 8639353.012, 84
Trd, 8639353.112, 72
Trd, 8639353.846, 72
Trd, 8639354.912, 76
Trd, 8639355.446, 137
Trd, 8639355.646, 98
Trd, 8639356.779, 123
Trd, 8639357.012, 117
Trd, 8639357.346, 123
Trd, 8639357.612, 110
Trd, 8639358.179, 114
Trd, 8639358.312, 96
Trd, 8639358.412, 81
Trd, 8639359.879, 100
Trd, 8639359.912, 96
Trd, 8639359.979, 68
Trd, 8639360.546, 65
Trd, 8639360.879, 62
Trd, 8639361.046, 71
Trd, 8639361.312, 73
Trd, 8639361.612, 73
Trd, 8639362.512, 103
Trd, 8639362.746, 81
Trd, 8639363.812, 136
Trd, 8639364.112, 113
Trd, 8639364.779, 112
Trd, 8639365.012, 97
Trd, 8639365.546, 99
Trd, 8639365.579, 97
Trd, 8639366.179, 123
Trd, 8639366.446, 91
Trd, 8639366.579, 82
Trd, 8639366.646, 103
Trd, 8639366.679, 81
Trd, 8639367.079, 69
Trd, 8639367.212, 83
Trd, 8639367.612, 75
Trd, 8639367.946, 107
Trd, 8639369.246, 89
Trd, 8639369.879, 108
Trd, 8639370.346, 132
Trd, 8639370.746, 125
Trd, 8639371.246, 99
Trd, 8639371.646, 88
Trd, 8639372.546, 87
Trd, 8639372.779, 69
Trd, 8639373.279, 96
Trd, 8639373.346, 96
Trd, 8639374.146, 127
Trd, 8639374.446, 120
Trd, 8639374.612, 99
Trd, 8639374.779, 84
Trd, 8639375.346, 84
Trd, 8639375.579, 91
Trd, 8639377.012, 125
Trd, 8639377.212, 96
Trd, 8639377.412, 130
Trd, 8639378.079, 126
Trd, 8639378.679, 109
Trd, 8639378.712, 94
Trd, 8639378.879, 124
Trd, 8639379.246, 98
Trd, 8639379.679, 107
Trd, 8639380.079, 78
Trd, 8639380.479, 109
Trd, 8639380.879, 124
Trd, 8639381.012, 125
Trd, 8639381.712, 81
Trd, 8639381.846, 92
Trd, 8639382.412, 89
Trd, 8639382.679, 106
Trd, 8639383.279, 112
Trd, 8639383.312, 107
Trd, 8639384.246, 104
Trd, 8639384.279, 84
Trd, 8639384.846, 115
Trd, 8639385.279, 129
Trd, 8639385.846, 95
Trd, 8639386.012, 71
Trd, 8639386.979, 96
Trd, 8639387.546, 78
Trd, 8639387.646, 69
Trd, 8639388.646, 105
Trd, 8639388.746, 114
Trd, 8639389.346, 117
Trd, 8639390.479, 135
Trd, 8639390.812, 114
Trd, 8639391.812, 128
Trd, 8639391.946, 126
Trd, 8639392.379, 108
Trd, 8639392.646, 126
Trd, 8639393.146, 108
Trd, 8639393.612, 127
Trd, 8639394.079, 131
Trd, 8639394.546, 128
Trd, 8639394.712, 136
Trd, 8639394.946, 127
Trd, 8639396.012, 96
Trd, 8639396.146, 125
Trd, 8639396.479, 103
Trd, 8639397.246, 108
Trd, 8639398.712, 132
Trd, 8639398.879, 126
Trd, 8639399.179, 113
Trd, 8639399.312, 120
Trd, 8639400.012, 128
Trd, 8639400.512, 116
Trd, 8639401.146, 120
Trd, 8639401.912, 103
Trd, 8639402.146, 102
Trd, 8639402.346, 123
Trd, 8639402.412, 110
Trd, 8639402.512, 127
Trd, 8639402.946, 92
Trd, 8639403.712, 99
Trd, 8639404.079, 121
Trd, 8639404.212, 99
Trd, 8639404.246, 80
Trd, 8639405.112, 81
Trd, 8639405.546, 104
Trd, 8639406.946, 127
Trd, 8639407.246, 134
Trd, 8639407.612, 102
Trd, 8639408.046, 107
Trd, 8639408.112, 100
Trd, 8639408.512, 98
Trd, 8639409.412, 91
Trd, 8639409.812, 96
Trd, 8639409.879, 86
Trd, 8639410.346, 126
Trd, 8639410.779, 68
Trd, 8639410.912, 115
Trd, 8639411.812, 119
Trd, 8639412.312, 133
Trd, 8639412.446, 106
Trd, 8639412.946, 116
Trd, 8639413.179, 91
Trd, 8639413.412, 106
Trd, 8639413.946, 112
Trd, 8639414.179, 110
Trd, 8639414.946, 95
Trd, 8639415.246, 82
Trd, 8639415.446, 79
Trd, 8639416.012, 132
Trd, 8639416.046, 103
Trd, 8639418.646, 131
Trd, 8639418.846, 123
Trd, 8639418.912, 118
Trd, 8639419.212, 101
Trd, 8639419.946, 133
Trd, 8639420.212, 116
Trd, 8639420.812, 101
Trd, 8639421.179, 136
Trd, 8639422.046, 118
Trd, 8639422.279, 126
Trd, 8639423.179, 114
Trd, 8639423.646, 118
Trd, 8639424.012, 86
Trd, 8639424.179, 81
Trd, 8639424.246, 106
Trd, 8639424.979, 81
Trd, 8639425.279, 87
Trd, 8639426.212, 71
Trd, 8639426.346, 84
Trd, 8639427.379, 123
Trd, 8639427.746, 118
Trd, 8639427.912, 112
Trd, 8639428.212, 139
Trd, 8639428.546, 112
Trd, 8639428.846, 112
Trd, 8639429.212, 107
Trd, 8639429.546, 118
Trd, 8639430.846, 138
Trd, 8639431.179, 104
Trd, 8639431.312, 101
Trd, 8639431.412, 84
Trd, 8639431.746, 66
Trd, 8639431.812, 102
Trd, 8639432.546, 92
Trd, 8639433.746, 128
Trd, 8639433.946, 100
Trd, 8639435.212, 120
Trd, 8639435.246, 113
Trd, 8639435.379, 106
Trd, 8639435.912, 131
Trd, 8639436.279, 119
Trd, 8639437.512, 123
Trd, 8639437.546, 86
Trd, 8639438.446, 123
Trd, 8639438.812, 118
Trd, 8639439.179, 113
Trd, 8639439.312, 111
Trd, 8639439.679, 62
Trd, 8639440.779, 63
Trd, 8639441.712, 94
Trd, 8639442.279, 106
Trd, 8639442.479, 100
Trd, 8639442.946, 96
Trd, 8639443.312, 79
Trd, 8639444.079, 78
Trd, 8639444.412, 137
Trd, 8639444.912, 75
Trd, 8639445.412, 112
Trd, 8639445.812, 99
Trd, 8639446.246, 134
Trd, 8639446.379, 135
Trd, 8639446.512, 116
Trd, 8639446.912, 92
Trd, 8639447.412, 128
Trd, 8639447.712, 122
Trd, 8639448.312, 126
Trd, 8639449.046, 108
Trd, 8639449.079, 97
Trd, 8639449.179, 74
Trd, 8639449.612, 111
Trd, 8639450.846, 81
Trd, 8639451.279, 100
Trd, 8639451.379, 122
Trd, 8639451.712, 125
Trd, 8639451.912, 134
Trd, 8639454.579, 134
Trd, 8639454.746, 138
Trd, 8639455.312, 128
Trd, 8639455.379, 117
Trd, 8639456.079, 87
Trd, 8639456.612, 72
Trd, 8639456.979, 119
Trd, 8639457.379, 133
Trd, 8639457.712, 89
Trd, 8639457.746, 129
Trd, 8639458.079, 84
Trd, 8639459.546, 131
Trd, 8639460.279, 109
Trd, 8639460.879, 131
Trd, 8639461.379, 103
Trd, 8639461.546, 100
Trd, 8639462.046, 112
Trd, 8639462.779, 96
Trd, 8639462.846, 104
Trd, 8639463.146, 88
Trd, 8639463.646, 138
Trd, 8639463.679, 82
Trd, 8639466.012, 137
Trd, 8639466.212, 134
Trd, 8639466.279, 115
Trd, 8639466.512, 125
Trd, 8639466.912, 119
Trd, 8639467.379, 104
Trd, 8639467.779, 109
Trd, 8639468.046, 109
Trd, 8639468.079, 79
Trd, 8639468.179, 72
Trd, 8639469.346, 119
Trd, 8639469.546, 101
Trd, 8639469.712, 100
Trd, 8639470.946, 133
Trd, 8639471.379, 89
Trd, 8639471.612, 87
Trd, 8639471.879, 126
Trd, 8639473.112, 133
Trd, 8639473.146, 101
Trd, 8639474.179, 121
Trd, 8639475.446, 135
Trd, 8639475.479, 129
Trd, 8639475.746, 104
Trd, 8639477.079, 136
Trd, 8639477.546, 134
Trd, 8639478.579, 119
Trd, 8639478.646, 132
Trd, 8639480.446, 116
Trd, 8639480.479, 113
Trd, 8639480.879, 113
Trd, 8639481.312, 138
Trd, 8639481.879, 107
Trd, 8639482.146, 108
Trd, 8639482.812, 128
Trd, 8639483.146, 118
Trd, 8639483.279, 104
Trd, 8639483.812, 119
Trd, 8639484.312, 126
Trd, 8639484.346, 101
Trd, 8639485.579, 134
Trd, 8639485.779, 133
Trd, 8639486.246, 125
Trd, 8639486.979, 134
Trd, 8639487.079, 98
Trd, 8639487.279, 137
Trd, 8639487.779, 132
Trd, 8639487.946, 98
Trd, 8639488.679, 122
Trd, 8639489.279, 84
Trd, 8639489.746, 106
Trd, 8639489.912, 115
Trd, 8639490.079, 128
Trd, 8639491.446, 120
Trd, 8639491.879, 121
Trd, 8639491.946, 118
Trd, 8639492.246, 112
Trd, 8639492.312, 117
Trd, 8639493.346, 127
Trd, 8639493.679, 118
Trd, 8639494.079, 114
Trd, 8639494.312, 129
Trd, 8639494.512, 105
Trd, 8639494.946, 84
Trd, 8639494.979, 78
Trd, 8639495.912, 127
Trd, 8639496.046, 109
Trd, 8639496.279, 113
Trd, 8639496.746, 132
Trd, 8639496.846, 99
Trd, 8639497.446, 78
Trd, 8639497.579, 121
Trd, 8639497.612, 77
Trd, 8639498.146, 131
Trd, 8639498.346, 116
Trd, 8639500.512, 112
Trd, 8639501.146, 119
Trd, 8639501.446, 106
Trd, 8639501.779, 102
Trd, 8639501.879, 89
Trd, 8639502.012, 87
Trd, 8639502.279, 77
Trd, 8639502.412, 67
Trd, 8639502.479, 130
Trd, 8639503.112, 82
Trd, 8639503.379, 110
Trd, 8639503.512, 123
Trd, 8639503.946, 88
Trd, 8639504.046, 128
Trd, 8639504.912, 127
Trd, 8639505.679, 103
Trd, 8639506.779, 107
Trd, 8639507.912, 119
Trd, 8639508.012, 116
Trd, 8639508.512, 106
Trd, 8639508.912, 100
Trd, 8639509.079, 99
Trd, 8639509.779, 115
Trd, 8639510.012, 91
Trd, 8639510.479, 122
Trd, 8639510.812, 137
Trd, 8639510.846, 98
Trd, 8639511.312, 97
Trd, 8639511.679, 91
Trd, 8639512.146, 128
Trd, 8639512.546, 116
Trd, 8639513.112, 94
Trd, 8639513.212, 93
Trd, 8639514.012, 136
Trd, 8639514.779, 66
Trd, 8639515.279, 120
Trd, 8639516.146, 90
Trd, 8639516.546, 88
Trd, 8639517.079, 87
Trd, 8639517.312, 80
Trd, 8639517.479, 105
Trd, 8639517.579, 104
Trd, 8639518.446, 95
Trd, 8639518.646, 95
Trd, 8639518.879, 85
Trd, 8639519.779, 140
Trd, 8639519.946, 118
Trd, 8639520.146, 83
Trd, 8639520.246, 112
Trd, 8639520.579, 130
Trd, 8639521.146, 133
Trd, 8639521.246, 129
Trd, 8639522.612, 140
Trd, 8639522.912, 119
Trd, 8639523.646, 116
Trd, 8639524.746, 110
Trd, 8639524.779, 106
Trd, 8639524.812, 94
Trd, 8639524.846, 137
Trd, 8639525.479, 86
Trd, 8639526.446, 99
Trd, 8639526.679, 92
Trd, 8639527.112, 74
Trd, 8639527.646, 75
Trd, 8639528.446, 67
Trd, 8639528.946, 67
Trd, 8639529.379, 61
Trd, 8639530.379, 110
Trd, 8639531.512, 117
Trd, 8639532.012, 114
Trd, 8639532.079, 102
Trd, 8639532.246, 116
Trd, 8639532.412, 138
Trd, 8639532.679, 89
Trd, 8639533.146, 100
Trd, 8639533.679, 107
Trd, 8639533.779, 75
Trd, 8639534.746, 123
Trd, 8639535.412, 75
Trd, 8639536.579, 132
Trd, 8639536.979, 123
Trd, 8639537.046, 123
Trd, 8639537.412, 105
Trd, 8639537.512, 82
Trd, 8639538.012, 97
Trd, 8639538.146, 92
Trd, 8639538.412, 116
Trd, 8639538.746, 66
Trd, 8639539.846, 139
Trd, 8639540.546, 102
Trd, 8639540.746, 104
Trd, 8639540.779, 97
Trd, 8639541.179, 78
Trd, 8639541.612, 78
Trd, 8639542.746, 108
Trd, 8639542.779, 125
Trd, 8639542.979, 137
Trd, 8639543.246, 87
Trd, 8639543.912, 69
Trd, 8639544.046, 69
Trd, 8639544.212, 90
Trd, 8639544.479, 87
Trd, 8639544.946, 119
Trd, 8639545.946, 66
Trd, 8639546.546, 60
Trd, 8639546.646, 78
Trd, 8639547.179, 120
Trd, 8639547.412, 119
Trd, 8639548.046, 91
Trd, 8639548.612, 88
Trd, 8639549.379, 92
Trd, 8639549.479, 82
Trd, 8639549.712, 97
Trd, 8639550.912, 129
Trd, 8639551.079, 108
Trd, 8639551.179, 98
Trd, 8639552.946, 122
Trd, 8639553.079, 110
Trd, 8639553.279, 115
Trd, 8639553.579, 79
Trd, 8639554.746, 119
Trd, 8639555.379, 91
Trd, 8639555.446, 90
Trd, 8639555.812, 118
Trd, 8639556.079, 109
Trd, 8639556.646, 110
Trd, 8639557.612, 124
Trd, 8639557.646, 94
Trd, 8639558.212, 117
Trd, 8639558.412, 116
Trd, 8639559.279, 116
Trd, 8639559.646, 96
Trd, 8639560.012, 97
Trd, 8639560.212, 126
Trd, 8639560.512, 84
Trd, 8639561.079, 105
Trd, 8639562.179, 76
Trd, 8639562.379, 75
Trd, 8639562.779, 127
Trd, 8639563.746, 136
Trd, 8639563.812, 132
Trd, 8639563.946, 135
Trd, 8639564.412, 127
Trd, 8639565.579, 112
Trd, 8639565.712, 86
Trd, 8639566.479, 87
Trd, 8639566.579, 81
Trd, 8639566.712, 124
Trd, 8639566.812, 72
Trd, 8639567.012, 115
Trd, 8639567.546, 126
Trd, 8639567.779, 99
Trd, 8639568.846, 107
Trd, 8639569.412, 77
Trd, 8639569.779, 75
Trd, 8639570.412, 114
Trd, 8639570.446, 97
Trd, 8639570.646, 88
Trd, 8639570.812, 90
Trd, 8639571.112, 109
Trd, 8639572.479, 123
Trd, 8639572.612, 119
Trd, 8639573.479, 100
Trd, 8639573.579, 93
Trd, 8639574.146, 112
Trd, 8639574.812, 92
Trd, 8639574.846, 121
Trd, 8639575.546, 135
Trd, 8639575.579, 112
Trd, 8639575.946, 97
Trd, 8639576.146, 65
Trd, 8639577.812, 103
Trd, 8639578.046, 95
Trd, 8639578.079, 105
Trd, 8639579.046, 117
Trd, 8639579.146, 111
Trd, 8639579.346, 128
Trd, 8639579.846, 118
Trd, 8639581.946, 104
Trd, 8639582.446, 111
Trd, 8639583.012, 111
Trd, 8639583.546, 139
Trd, 8639583.579, 113
Trd, 8639583.946, 136
Trd, 8639584.246, 105
Trd, 8639584.512, 104
Trd, 8639584.846, 125
Trd, 8639585.312, 109
Trd, 8639585.512, 94
Trd, 8639585.679, 83
Trd, 8639586.412, 80
Trd, 8639587.146, 124
Trd, 8639588.946, 116
Trd, 8639589.446, 115
Trd, 8639589.512, 111
Trd, 8639590.279, 140
Trd, 8639590.479, 136
Trd, 8639590.679, 132
Trd, 8639590.779, 94
Trd, 8639591.046, 121
Trd, 8639592.046, 98
Trd, 8639592.912, 128
Trd, 8639593.346, 116
Trd, 8639594.079, 133
Trd, 8639594.546, 130
Trd, 8639594.712, 104
Trd, 8639594.979, 103
Trd, 8639595.579, 82
Trd, 8639595.646, 70
Trd, 8639596.012, 123
Trd, 8639596.379, 94
Trd, 8639596.946, 97
Trd, 8639597.646, 81
Trd, 8639598.146, 88
Trd, 8639598.212, 97
Trd, 8639598.412, 75
Trd, 8639598.712, 88
Trd, 8639599.046, 105
Trd, 8639599.346, 102
Trd, 8639599.446, 69
Trd, 8639602.046, 139
Trd, 8639602.312, 138
Trd, 8639602.579, 109
Trd, 8639603.046, 115
Trd, 8639603.579, 95
Trd, 8639603.746, 94
Trd, 8639604.212, 121
Trd, 8639604.246, 108
Trd, 8639604.646, 106
Trd, 8639604.812, 102
Trd, 8639605.079, 123
Trd, 8639605.479, 115
Trd, 8639605.879, 87
Trd, 8639606.079, 92
Trd, 8639607.646, 128
Trd, 8639608.646, 106
Trd, 8639608.679, 94
Trd, 8639608.746, 71
Trd, 8639608.979, 75
Trd, 8639609.312, 62
Trd, 8639609.579, 66
Trd, 8639609.879, 88
Trd, 8639610.079, 89
Trd, 8639611.279, 131
Trd, 8639611.746, 123
Trd, 8639612.046, 118
Trd, 8639612.479, 116
Trd, 8639614.079, 114
Trd, 8639614.146, 126
Trd, 8639614.646, 126
Trd, 8639614.679, 126
Trd, 8639615.912, 114
Trd, 8639616.746, 128
Trd, 8639617.212, 86
Trd, 8639617.512, 94
Trd, 8639617.979, 60
Trd, 8639618.046, 71
Trd, 8639618.279, 94
Trd, 8639618.346, 112
Trd, 8639618.712, 67
Trd, 8639618.946, 128
Trd, 8639619.446, 65
Trd, 8639620.212, 70
Trd, 8639620.846, 79
Trd, 8639621.246, 110
Trd, 8639621.446, 96
Trd, 8639621.712, 122
Trd, 8639622.946, 124
Trd, 8639622.979, 120
Trd, 8639623.412, 100
Trd, 8639623.512, 98
Trd, 8639625.579, 133
Trd, 8639625.879, 126
Trd, 8639625.979, 117
Trd, 8639626.146, 96
Trd, 8639626.379, 96
Trd, 8639626.479, 88
Trd, 8639627.446, 96
Trd, 8639627.512, 97
Trd, 8639627.612, 120
Trd, 8639628.346, 122
Trd, 8639628.512, 120
Trd, 8639628.712, 119
Trd, 8639629.446, 137
Trd, 8639630.546, 112
Trd, 8639630.646, 97
Trd, 8639630.712, 106
Trd, 8639631.446, 107
Trd, 8639632.546, 112
Trd, 8639632.712, 100
Trd, 8639633.746, 125
Trd, 8639634.179, 112
Trd, 8639634.779, 135
Trd, 8639635.046, 136
Trd, 8639635.446, 136
Trd, 8639635.579, 115
Trd, 8639636.112, 137
Trd, 8639637.312, 133
Trd, 8639637.412, 102
Trd, 8639637.546, 85
Trd, 8639638.279, 113
Trd, 8639638.379, 125
Trd, 8639639.112, 103
Trd, 8639639.312, 94
Trd, 8639639.779, 90
Trd, 8639640.146, 133
Trd, 8639640.312, 87
Trd, 8639640.579, 82
Trd, 8639641.646, 72
Trd, 8639641.946, 120
Trd, 8639642.046, 102
Trd, 8639642.312, 65
Trd, 8639642.712, 88
Trd, 8639643.012, 117
Trd, 8639643.379, 100
Trd, 8639644.012, 83
Trd, 8639644.579, 119
Trd, 8639645.346, 138
Trd, 8639645.579, 133
Trd, 8639645.812, 127
Trd, 8639646.112, 107
Trd, 8639646.846, 118
Trd, 8639647.079, 80
Trd, 8639647.146, 60
Trd, 8639647.379, 113
Trd, 8639648.246, 71
Trd, 8639648.779, 84
Trd, 8639649.312, 65
Trd, 8639649.346, 111
Trd, 8639650.312, 77
Trd, 8639650.679, 134
Trd, 8639651.479, 118
Trd, 8639652.912, 108
Trd, 8639652.946, 105
Trd, 8639653.679, 93
Trd, 8639653.779, 104
Trd, 8639654.512, 84
Trd, 8639654.979, 116
Trd, 8639655.179, 137
Trd, 8639655.312, 113
Trd, 8639656.879, 131
Trd, 8639657.479, 121
Trd, 8639657.579, 138
Trd, 8639658.012, 138
Trd, 8639658.212, 115
Trd, 8639658.279, 102
Trd, 8639659.179, 102
Trd, 8639659.479, 122
Trd, 8639660.612, 130
Trd, 8639660.746, 109
Trd, 8639661.112, 76
Trd, 8639661.446, 76
Trd, 8639662.012, 104
Trd, 8639662.346, 123
Trd, 8639662.979, 130
Trd, 8639663.946, 124
Trd, 8639664.012, 117
Trd, 8639664.212, 105
Trd, 8639664.412, 86
Trd, 8639665.046, 92
Trd, 8639665.579, 131
Trd, 8639666.112, 107
Trd, 8639667.112, 114
Trd, 8639667.279, 107
Trd, 8639667.479, 100
Trd, 8639667.579, 128
Trd, 8639668.246, 135
Trd, 8639668.379, 103
Trd, 8639668.946, 128
Trd, 8639668.979, 95
Trd, 8639669.179, 89
Trd, 8639669.312, 89
Trd, 8639670.212, 82
Trd, 8639670.312, 78
Trd, 8639671.379, 130
Trd, 8639672.679, 107
Trd, 8639672.712, 104
Trd, 8639673.346, 101
Trd, 8639673.646, 85
Trd, 8639674.079, 106
Trd, 8639674.212, 80
Trd, 8639674.479, 140
Trd, 8639675.712, 98
Trd, 8639676.046, 128
Trd, 8639676.646, 134
Trd, 8639676.746, 123
Trd, 8639676.779, 107
Trd, 8639677.346, 101
Trd, 8639677.979, 137
Trd, 8639679.046, 137
Trd, 8639679.279, 115
Trd, 8639679.479, 112
Trd, 8639679.912, 97
Trd, 8639680.012, 82
Trd, 8639680.212, 140
Trd, 8639680.812, 124
Trd, 8639681.312, 137
Trd, 8639681.479, 95
Trd, 8639682.446, 131
Trd, 8639682.479, 108
Trd, 8639682.679, 89
Trd, 8639683.179, 95
Trd, 8639684.212, 87
Trd, 8639685.112, 105
Trd, 8639685.446, 120
Trd, 8639685.646, 125
Trd, 8639685.679, 107
Trd, 8639686.279, 118
Trd, 8639686.579, 137
Trd, 8639686.946, 140
Trd, 8639687.379, 107
Trd, 8639687.979, 110
Trd, 8639689.112, 87
Trd, 8639689.846, 112
Trd, 8639690.612, 101
Trd, 8639690.779, 97
Trd, 8639691.612, 115
Trd, 8639692.912, 100
Trd, 8639692.946, 101
Trd, 8639693.179, 118
Trd, 8639693.379, 89
Trd, 8639693.712, 106
Trd, 8639693.779, 81
Trd, 8639693.812, 77
Trd, 8639694.146, 135
Trd, 8639694.979, 123
Trd, 8639695.612, 114
Trd, 8639696.746, 104
Trd, 8639697.046, 87
Trd, 8639697.546, 116
Trd, 8639697.879, 137
Trd, 8639698.346, 106
Trd, 8639698.512, 103
Trd, 8639699.446, 109
Trd, 8639700.012, 99
Trd, 8639700.446, 99
Trd, 8639700.479, 96
Trd, 8639700.546, 119
Trd, 8639701.146, 88
Trd, 8639701.912, 126
Trd, 8639702.112, 138
Trd, 8639702.346, 90
Trd, 8639703.779, 113
Trd, 8639704.312, 70
Trd, 8639704.846, 115
Trd, 8639705.912, 140
Trd, 8639706.046, 97
Trd, 8639706.379, 137
Trd, 8639707.779, 115
Trd, 8639708.179, 114
Trd, 8639708.246, 116
Trd, 8639708.279, 129
Trd, 8639708.546, 119
Trd, 8639709.712, 134
Trd, 8639710.546, 131
Trd, 8639710.712, 114
Trd, 8639710.979, 108
Trd, 8639711.046, 83
Trd, 8639711.679, 140
Trd, 8639712.412, 125
Trd, 8639712.612, 124
Trd, 8639712.979, 98
Trd, 8639713.112, 97
Trd, 8639714.146, 113
Trd, 8639714.246, 128
Trd, 8639714.379, 109
Trd, 8639714.779, 95
Trd, 8639714.812, 89
Trd, 8639716.146, 134
Trd, 8639716.279, 129
Trd, 8639716.312, 118
Trd, 8639717.512, 134
Trd, 8639717.846, 109
Trd, 8639718.146, 87
Trd, 8639720.279, 70
Trd, 8639720.579, 82
Trd, 8639720.612, 103
Trd, 8639720.679, 110
Trd, 8639721.012, 115
Trd, 8639721.312, 67
Trd, 8639722.812, 132
Trd, 8639723.346, 140
Trd, 8639723.579, 128
Trd, 8639724.279, 131
Trd, 8639724.346, 123
Trd, 8639724.479, 118
Trd, 8639725.346, 123
Trd, 8639725.546, 105
Trd, 8639725.946, 124
Trd, 8639726.279, 106
Trd, 8639726.412, 127
Trd, 8639726.846, 114
Trd, 8639727.379, 123
Trd, 8639728.246, 140
Trd, 8639728.312, 87
Trd, 8639728.446, 86
Trd, 8639729.846, 84
Trd, 8639730.479, 112
Trd, 8639730.679, 99
Trd, 8639732.179, 76
Trd, 8639732.746, 69
Trd, 8639732.979, 122
Trd, 8639733.146, 62
Trd, 8639733.712, 118
Trd, 8639733.946, 103
Trd, 8639734.012, 128
Trd, 8639735.079, 106
Trd, 8639735.579, 89
Trd, 8639736.279, 110
Trd, 8639737.079, 116
Trd, 8639737.146, 97
Trd, 8639737.246, 95
Trd, 8639737.279, 80
Trd, 8639737.546, 75
Trd, 8639738.179, 67
Trd, 8639738.379, 66
Trd, 8639738.546, 91
Trd, 8639738.912, 127
Trd, 8639739.446, 130
Trd, 8639740.112, 83
Trd, 8639740.146, 83
Trd, 8639740.979, 125
Trd, 8639741.546, 92
Trd, 8639741.879, 66
Trd, 8639742.479, 80
Trd, 8639742.946, 99
Trd, 8639743.412, 118
Trd, 8639743.446, 110
Trd, 8639745.046, 128
Trd, 8639745.346, 112
Trd, 8639745.512, 107
Trd, 8639745.846, 95
Trd, 8639745.912, 93
Trd, 8639746.079, 70
Trd, 8639746.579, 105
Trd, 8639746.912, 99
Trd, 8639748.046, 137
Trd, 8639748.512, 124
Trd, 8639748.679, 111
Trd, 8639748.746, 105
Trd, 8639749.279, 111
Trd, 8639749.746, 87
Trd, 8639750.212, 70
Trd, 8639750.846, 134
Trd, 8639752.312, 94
Trd, 8639753.279, 113
Trd, 8639753.512, 107
Trd, 8639754.012, 111
Trd, 8639754.146, 106
Trd, 8639754.246, 104
Trd, 8639754.479, 121
Trd, 8639754.812, 71
Trd, 8639755.246, 84
Trd, 8639755.946, 128
Trd, 8639756.612, 117
Trd, 8639757.246, 137
Trd, 8639757.946, 116
Trd, 8639757.979, 113
Trd, 8639758.279, 93
Trd, 8639758.712, 140
Trd, 8639759.779, 124
Trd, 8639759.879, 123
Trd, 8639760.246, 138
Trd, 8639760.612, 84
Trd, 8639761.379, 99
Trd, 8639761.779, 103
Trd, 8639761.979, 82
Trd, 8639762.146, 123
Trd, 8639762.612, 130
Trd, 8639763.346, 119
Trd, 8639763.979, 129
Trd, 8639764.012, 124
Trd, 8639764.112, 123
Trd, 8639764.279, 121
Trd, 8639764.546, 124
Trd, 8639764.679, 116
Trd, 8639764.879, 131
Trd, 8639765.212, 118
Trd, 8639766.779, 130
Trd, 8639767.246, 103
Trd, 8639767.346, 103
Trd, 8639767.512, 94
Trd, 8639767.779, 69
Trd, 8639768.546, 101
Trd, 8639768.579, 106
Trd, 8639768.879, 130
Trd, 8639769.579, 100
Trd, 8639769.846, 95
Trd, 8639770.046, 92
Trd, 8639771.112, 73
Trd, 8639771.179, 76
Trd, 8639771.479, 97
Trd, 8639772.312, 116
Trd, 8639772.579, 94
Trd, 8639772.646, 79
Trd, 8639773.579, 132
Trd, 8639774.479, 122
Trd, 8639774.546, 111
Trd, 8639774.879, 90
Trd, 8639775.246, 131
Trd, 8639775.779, 136
Trd, 8639775.979, 110
Trd, 8639777.812, 134
Trd, 8639778.046, 133
Trd, 8639779.479, 118
Trd, 8639779.779, 119
Trd, 8639780.346, 121
Trd, 8639780.479, 102
Trd, 8639780.512, 101
Trd, 8639780.746, 117
Trd, 8639780.846, 97
Trd, 8639781.112, 107
Trd, 8639783.212, 124
Trd, 8639783.679, 136
Trd, 8639784.312, 124
Trd, 8639784.846, 105
Trd, 8639785.546, 107
Trd, 8639785.912, 100
Trd, 8639786.212, 124
Trd, 8639786.446, 133
Trd, 8639787.446, 102
Trd, 8639787.879, 107
Trd, 8639788.079, 101
Trd, 8639788.546, 96
Trd, 8639789.046, 108
Trd, 8639789.646, 120
Trd, 8639789.679, 100
Trd, 8639790.279, 125
Trd, 8639790.379, 97
Trd, 8639790.879, 95
Trd, 8639791.312, 128
Trd, 8639791.912, 90
Trd, 8639792.512, 132
Trd, 8639792.946, 120
Trd, 8639793.212, 122
Trd, 8639793.746, 117
Trd, 8639794.179, 114
Trd, 8639794.646, 75
Trd, 8639794.812, 94
Trd, 8639795.746, 75
Trd, 8639796.312, 81
Trd, 8639796.712, 102
Trd, 8639797.546, 136
Trd, 8639798.046, 127
Trd, 8639799.046, 96
Trd, 8639799.112, 67
Trd, 8639799.379, 90
Trd, 8639799.512, 104
Trd, 8639800.379, 86
Trd, 8639801.546, 114
Trd, 8639801.879, 92
Trd, 8639802.012, 88
Trd, 8639802.112, 118
Trd, 8639802.146, 124
Trd, 8639802.546, 119
Trd, 8639803.112, 76
Trd, 8639803.546, 107
Trd, 8639803.612, 77
Trd, 8639804.112, 88
Trd, 8639804.712, 61
Trd, 8639805.112, 101
Trd, 8639805.579, 68
Trd, 8639805.612, 84
Trd, 8639805.846, 132
Trd, 8639807.312, 101
Trd, 8639807.379, 100
Trd, 8639807.646, 115
Trd, 8639808.012, 117
Trd, 8639808.679, 69
Trd, 8639809.346, 131
Trd, 8639809.412, 125
Trd, 8639809.746, 114
Trd, 8639809.846, 110
Trd, 8639811.112, 99
Trd, 8639811.546, 101
Trd, 8639811.646, 84
Trd, 8639811.746, 73
Trd, 8639812.746, 122
Trd, 8639812.979, 127
Trd, 8639813.046, 111
Trd, 8639813.212, 75
Trd, 8639813.846, 79
Trd, 8639813.912, 93
Trd, 8639815.779, 115
Trd, 8639815.946, 123
Trd, 8639816.046, 113
Trd, 8639816.279, 105
Trd, 8639816.512, 80
Trd, 8639818.012, 106
Trd, 8639818.279, 103
Trd, 8639818.546, 95
Trd, 8639818.912, 100
Trd, 8639819.512, 136
Trd, 8639820.146, 131
Trd, 8639821.046, 127
Trd, 8639821.146, 126
Trd, 8639821.212, 125
Trd, 8639822.046, 114
Trd, 8639822.379, 112
Trd, 8639822.512, 101
Trd, 8639823.579, 124
Trd, 8639824.046, 113
Trd, 8639824.212, 108
Trd, 8639824.379, 107
Trd, 8639824.579, 128
Trd, 8639824.646, 103
Trd, 8639825.979, 110
Trd, 8639826.679, 92
Trd, 8639827.179, 119
Trd, 8639827.479, 116
Trd, 8639828.179, 107
Trd, 8639828.379, 106
Trd, 8639828.712, 123
Trd, 8639829.012, 126
Trd, 8639829.246, 69
Trd, 8639830.046, 68
Trd, 8639830.146, 100
Trd, 8639830.279, 103
Trd, 8639830.579, 88
Trd, 8639830.912, 66
Trd, 8639832.179, 81
Trd, 8639832.312, 76
Trd, 8639833.612, 107
Trd, 8639833.679, 102
Trd, 8639833.879, 96
Trd, 8639834.379, 96
Trd, 8639834.412, 95
Trd, 8639834.879, 114
Trd, 8639835.579, 108
Trd, 8639835.646, 113
Trd, 8639835.879, 111
Trd, 8639836.812, 107
Trd, 8639837.679, 89
Trd, 8639838.112, 95
Trd, 8639838.579, 93
Trd, 8639839.946, 125
Trd, 8639840.012, 118
Trd, 8639840.179, 115
Trd, 8639840.979, 108
Trd, 8639841.446, 127
Trd, 8639841.946, 125
Trd, 8639842.012, 102
Trd, 8639842.312, 93
Trd, 8639842.812, 136
Trd, 8639843.112, 120
Trd, 8639843.179, 117
Trd, 8639843.346, 94
Trd, 8639845.112, 140
Trd, 8639845.646, 137
Trd, 8639846.779, 97
Trd, 8639846.846, 94
Trd, 8639847.246, 138
Trd, 8639847.412, 122
Trd, 8639848.112, 119
Trd, 8639849.212, 124
Trd, 8639849.712, 123
Trd, 8639849.779, 109
Trd, 8639850.146, 106
Trd, 8639850.212, 102
Trd, 8639850.346, 131
Trd, 8639850.779, 139
Trd, 8639851.312, 139
Trd, 8639852.146, 130
Trd, 8639852.412, 125
Trd, 8639852.679, 130
Trd, 8639852.746, 100
Trd, 8639853.446, 83
Trd, 8639854.046, 139
Trd, 8639854.446, 131
Trd, 8639855.079, 109
Trd, 8639855.712, 102
Trd, 8639855.879, 79
Trd, 8639856.312, 61
Trd, 8639856.746, 81
Trd, 8639856.812, 95
Trd, 8639857.912, 93
Trd, 8639858.312, 79
Trd, 8639858.646, 107
Trd, 8639858.679, 73
Trd, 8639859.646, 135
Trd, 8639860.546, 116
Trd, 8639860.579, 112
Trd, 8639860.946, 113
Trd, 8639861.012, 110
Trd, 8639861.446, 113
Trd, 8639861.679, 100
Trd, 8639861.712, 98
Trd, 8639862.646, 89
Trd, 8639863.779, 112
Trd, 8639864.146, 130
Trd, 8639864.712, 133
Trd, 8639864.879, 129
Trd, 8639865.146, 128
Trd, 8639865.646, 126
Trd, 8639866.679, 126
Trd, 8639867.046, 133
Trd, 8639867.479, 111
Trd, 8639867.579, 133
Trd, 8639867.612, 131
Trd, 8639867.746, 93
Trd, 8639868.146, 80
Trd, 8639868.346, 99
Trd, 8639868.679, 71
Trd, 8639868.979, 102
Trd, 8639869.779, 125
Trd, 8639870.912, 116
Trd, 8639871.479, 106
Trd, 8639871.646, 89
Trd, 8639871.812, 75
Trd, 8639872.079, 139
Trd, 8639872.812, 134
Trd, 8639873.946, 138
Trd, 8639874.146, 132
Trd, 8639874.746, 109
Trd, 8639874.779, 105
Trd, 8639875.312, 110
Trd, 8639875.379, 91
Trd, 8639876.112, 92
Trd, 8639877.112, 76
Trd, 8639877.346, 68
Trd, 8639877.879, 95
Trd, 8639878.012, 132
Trd, 8639878.412, 122
Trd, 8639878.979, 136
Trd, 8639879.479, 132
Trd, 8639879.546, 109
Trd, 8639880.512, 134
Trd, 8639881.479, 132
Trd, 8639882.412, 119
Trd, 8639882.446, 108
Trd, 8639882.746, 132
Trd, 8639883.579, 133
Trd, 8639884.546, 114
Trd, 8639884.879, 126
Trd, 8639884.979, 108
Trd, 8639885.446, 103
Trd, 8639885.779, 128
Trd, 8639887.246, 119
Trd, 8639887.379, 104
Trd, 8639887.512, 135
Trd, 8639887.812, 138
Trd, 8639888.212, 129
Trd, 8639888.412, 103
Trd, 8639889.079, 128
Trd, 8639889.512, 114
Trd, 8639889.546, 112
Trd, 8639890.312, 128
Trd, 8639892.112, 103
Trd, 8639892.746, 121
Trd, 8639893.079, 130
Trd, 8639893.112, 114
Trd, 8639893.146, 111
Trd, 8639893.912, 126
Trd, 8639896.246, 119
Trd, 8639896.712, 118
Trd, 8639897.579, 138
Trd, 8639897.912, 138
Trd, 8639897.946, 101
Trd, 8639898.146, 95
Trd, 8639898.279, 83
Trd, 8639898.979, 112
Trd, 8639899.479, 102
Trd, 8639900.446, 122
Trd, 8639900.746, 106
Trd, 8639901.112, 104
Trd, 8639901.179, 128
Trd, 8639901.312, 105
Trd, 8639902.612, 123
Trd, 8639902.746, 116
Trd, 8639902.779, 107
Trd, 8639903.279, 112
Trd, 8639904.746, 106
Trd, 8639904.946, 106
Trd, 8639904.979, 73
Trd, 8639906.546, 62
Trd, 8639907.212, 64
Trd, 8639907.246, 83
Trd, 8639907.412, 113
Trd, 8639908.579, 100
Trd, 8639908.612, 83
Trd, 8639908.779, 124
Trd, 8639908.946, 122
Trd, 8639909.346, 126
Trd, 8639909.512, 116
Trd, 8639910.346, 76
Trd, 8639910.946, 114
Trd, 8639911.379, 108
Trd, 8639912.112, 133
Trd, 8639912.212, 133
Trd, 8639912.279, 129
Trd, 8639912.579, 112
Trd, 8639913.412, 135
Trd, 8639914.179, 111
Trd, 8639914.646, 126
Trd, 8639914.812, 108
Trd, 8639914.946, 108
Trd, 8639915.479, 89
Trd, 8639915.579, 78
Trd, 8639915.779, 93
Trd, 8639916.212, 125
Trd, 8639916.446, 110
Trd, 8639916.779, 73
Trd, 8639917.212, 69
Trd, 8639918.179, 70
Trd, 8639918.312, 82
Trd, 8639918.746, 125
Trd, 8639919.079, 72
Trd, 8639919.446, 72
Trd, 8639919.712, 61
Trd, 8639920.779, 131
Trd, 8639920.946, 128
Trd, 8639920.979, 118
Trd, 8639921.746, 120
Trd, 8639921.979, 98
Trd, 8639922.479, 75
Trd, 8639922.646, 91
Trd, 8639923.412, 76
Trd, 8639923.946, 67
Trd, 8639924.979, 65
Trd, 8639925.279, 65
Trd, 8639925.846, 62
Trd, 8639926.812, 73
Trd, 8639926.846, 81
Trd, 8639927.379, 109
Trd, 8639927.812, 110
Trd, 8639928.112, 111
Trd, 8639928.212, 96
Trd, 8639929.212, 131
Trd, 8639929.612, 123
Trd, 8639929.746, 122
Trd, 8639929.879, 116
Trd, 8639930.079, 98
Trd, 8639930.612, 130
Trd, 8639931.279, 89
Trd, 8639933.212, 117
Trd, 8639933.346, 129
Trd, 8639933.512, 132
Trd, 8639933.579, 97
Trd, 8639933.879, 92
Trd, 8639933.912, 80
Trd, 8639936.812, 111
Trd, 8639936.846, 98
Trd, 8639936.912, 94
Trd, 8639937.146, 129
Trd, 8639938.079, 121
Trd, 8639938.246, 101
Trd, 8639938.746, 129
Trd, 8639939.279, 82
Trd, 8639939.379, 90
Trd, 8639939.479, 103
Trd, 8639939.712, 80
Trd, 8639940.079, 72
Trd, 8639940.712, 128
Trd, 8639942.579, 136
Trd, 8639943.379, 112
Trd, 8639944.046, 109
Trd, 8639944.579, 102
Trd, 8639944.979, 104
Trd, 8639945.012, 103
Trd, 8639945.146, 96
Trd, 8639945.879, 108
Trd, 8639946.579, 83
Trd, 8639946.746, 125
Trd, 8639947.279, 135
Trd, 8639947.346, 102
Trd, 8639948.112, 110
Trd, 8639948.279, 104
Trd, 8639948.879, 71
Trd, 8639949.712, 77
Trd, 8639950.446, 124
Trd, 8639951.546, 139
Trd, 8639951.612, 117
Trd, 8639951.846, 116
Trd, 8639951.946, 103
Trd, 8639952.246, 133
Trd, 8639952.879, 136
Trd, 8639953.579, 108
Trd, 8639954.079, 116
Trd, 8639954.179, 110
Trd, 8639954.512, 94
Trd, 8639955.279, 132
Trd, 8639955.479, 121
Trd, 8639955.846, 140
Trd, 8639955.879, 109
Trd, 8639956.779, 109
Trd, 8639957.046, 140
Trd, 8639957.479, 139
Trd, 8639957.512, 107
Trd, 8639958.346, 90
Trd, 8639959.579, 110
Trd, 8639959.679, 122
Trd, 8639959.912, 103
Trd, 8639960.179, 127
Trd, 8639960.346, 82
Trd, 8639960.679, 76
Trd, 8639961.012, 107
Trd, 8639961.179, 86
Trd, 8639961.946, 83
Trd, 8639962.612, 70
Trd, 8639962.946, 93
Trd, 8639963.379, 68
Trd, 8639964.079, 62
Trd, 8639964.446, 64
Trd, 8639965.112, 124
Trd, 8639965.279, 105
Trd, 8639965.312, 101
Trd, 8639965.612, 70
Trd, 8639966.679, 71
Trd, 8639967.179, 111
Trd, 8639967.412, 123
Trd, 8639968.079, 129
Trd, 8639968.312, 118
Trd, 8639968.579, 100
Trd, 8639968.746, 129
Trd, 8639969.012, 86
Trd, 8639969.579, 71
Trd, 8639970.446, 116
Trd, 8639970.712, 113
Trd, 8639970.846, 92
Trd, 8639971.512, 96
Trd, 8639972.012, 114
Trd, 8639973.212, 137
Trd, 8639973.612, 139
Trd, 8639973.812, 100
Trd, 8639973.979, 88
Trd, 8639974.546, 133
Trd, 8639975.246, 125
Trd, 8639975.579, 91
Trd, 8639975.746, 112
Trd, 8639975.912, 129
Trd, 8639976.079, 125
Trd, 8639976.846, 133
Trd, 8639978.212, 132
Trd, 8639978.646, 133
Trd, 8639978.746, 105
Trd, 8639979.846, 83
Trd, 8639979.979, 109
Trd, 8639980.446, 90
Trd, 8639980.779, 121
Trd, 8639982.179, 115
Trd, 8639982.212, 114
Trd, 8639982.379, 103
Trd, 8639983.046, 103
Trd, 8639983.346, 125
Trd, 8639983.379, 119
Trd, 8639983.779, 99
Trd, 8639985.012, 123
Trd, 8639985.212, 99
Trd, 8639985.479, 94
Trd, 8639985.979, 120
Trd, 8639986.112, 91
Trd, 8639986.712, 94
Trd, 8639987.679, 118
Trd, 8639987.779, 129
Trd, 8639989.846, 140
Trd, 8639989.946, 118
Trd, 8639990.446, 84
Trd, 8639990.712, 108
Trd, 8639990.879, 119
Trd, 8639991.046, 103
Trd, 8639991.146, 63
Trd, 8639991.512, 77
Trd, 8639991.712, 97
Trd, 8639991.979, 135
Trd, 8639993.946, 125
Trd, 8639994.046, 102
Trd, 8639994.379, 92
Trd, 8639995.546, 105
Trd, 8639995.712, 89
Trd, 8639996.379, 120
Trd, 8639996.579, 73
Trd, 8639996.979, 123
Trd, 8639997.279, 123
Trd, 8639997.412, 102
Trd, 8639998.712, 72
Trd, 8639998.979, 123
Trd, 8639999.346, 130
Trd, 8639999.479, 117
Trd, 8639999.579, 124
Trd, 8639999.679, 92
Trd, 8639999.746, 90
