Trd, 8638773.279, 140
Trd, 8638773.412, 140
Trd, 8638774.312, 140
Trd, 8638774.612, 139
Trd, 8638774.912, 137
Trd, 8638775.846, 140
Trd, 8638776.079, 140
Trd, 8638776.212, 138
Trd, 8638776.746, 140
Trd, 8638777.279, 140
Trd, 8638777.346, 130
Trd, 8638778.179, 98
Trd, 8638778.812, 108
Trd, 8638779.312, 62
Trd, 8638780.012, 61
Trd, 8638780.279, 63
Trd, 8638780.579, 63
Trd, 8638781.679, 62
Trd, 8638782.412, 64
Trd, 8638782.546, 64
Trd, 8638782.646, 65
Trd, 8638782.779, 62
Trd, 8638782.946, 65
Trd, 8638783.279, 63
Trd, 8638783.679, 60
Trd, 8638784.579, 64
Trd, 8638784.646, 67
Trd, 8638785.012, 61
Trd, 8638785.779, 60
Trd, 8638785.879, 61
Trd, 8638785.946, 61
Trd, 8638786.712, 67
Trd, 8638786.846, 61
Trd, 8638787.212, 100
Trd, 8638787.479, 85
Trd, 8638787.679, 84
Trd, 8638789.279, 140
Trd, 8638789.479, 130
Trd, 8638790.146, 140
Trd, 8638790.312, 140
Trd, 8638790.512, 135
Trd, 8638791.079, 139
Trd, 8638791.512, 134
Trd, 8638792.479, 140
Trd, 8638792.946, 140
Trd, 8638793.379, 140
Trd, 8638794.979, 140
Trd, 8638795.112, 140
Trd, 8638795.179, 140
Trd, 8638795.546, 139
Trd, 8638795.746, 139
Trd, 8638796.612, 135
Trd, 8638797.079, 134
Trd, 8638797.179, 132
Trd, 8638797.246, 129
Trd, 8638798.046, 115
Trd, 8638798.646, 140
Trd, 8638798.712, 139
Trd, 8638799.146, 89
Trd, 8638799.412, 64
Trd, 8638799.512, 65
Trd, 8638800.012, 61
Trd, 8638800.212, 63
Trd, 8638800.579, 69
Trd, 8638801.179, 65
Trd, 8638802.746, 70
Trd, 8638803.046, 63
Trd, 8638803.312, 64
Trd, 8638803.546, 67
Trd, 8638803.579, 112
Trd, 8638804.079, 132
Trd, 8638804.146, 61
Trd, 8638805.446, 73
Trd, 8638805.679, 60
Trd, 8638806.446, 61
Trd, 8638806.546, 64
Trd, 8638806.612, 65
Trd, 8638807.146, 61
Trd, 8638807.179, 92
Trd, 8638808.612, 60
Trd, 8638808.979, 63
Trd, 8638809.679, 64
Trd, 8638809.879, 68
Trd, 8638811.479, 60
Trd, 8638812.212, 60
Trd, 8638812.412, 60
Trd, 8638812.512, 60
Trd, 8638812.712, 61
Trd, 8638812.812, 61
Trd, 8638813.079, 64
Trd, 8638813.812, 65
Trd, 8638814.346, 104
Trd, 8638815.279, 140
Trd, 8638815.479, 140
Trd, 8638816.112, 140
Trd, 8638816.612, 138
Trd, 8638816.679, 137
Trd, 8638816.812, 110
Trd, 8638817.046, 114
Trd, 8638818.279, 140
Trd, 8638818.512, 140
Trd, 8638819.612, 140
Trd, 8638820.346, 140
Trd, 8638820.412, 136
Trd, 8638820.946, 134
Trd, 8638821.479, 117
Trd, 8638821.812, 115
Trd, 8638821.946, 108
Trd, 8638822.846, 139
Trd, 8638823.179, 140
Trd, 8638823.212, 139
Trd, 8638823.579, 140
Trd, 8638824.212, 139
Trd, 8638824.579, 89
Trd, 8638824.712, 139
Trd, 8638824.912, 82
Trd, 8638825.612, 140
Trd, 8638826.546, 140
Trd, 8638826.712, 140
Trd, 8638826.846, 140
Trd, 8638826.879, 139
Trd, 8638828.579, 140
Trd, 8638828.746, 139
Trd, 8638828.779, 139
Trd, 8638829.879, 135
Trd, 8638829.912, 134
Trd, 8638830.312, 134
Trd, 8638830.579, 130
Trd, 8638830.879, 120
Trd, 8638831.512, 140
Trd, 8638832.312, 140
Trd, 8638832.446, 138
Trd, 8638832.779, 138
Trd, 8638835.046, 140
Trd, 8638835.412, 140
Trd, 8638835.812, 140
Trd, 8638836.412, 140
Trd, 8638836.479, 140
Trd, 8638836.779, 140
Trd, 8638836.846, 140
Trd, 8638837.112, 139
Trd, 8638838.046, 140
Trd, 8638839.046, 140
Trd, 8638839.712, 139
Trd, 8638839.846, 135
Trd, 8638840.479, 135
Trd, 8638840.646, 127
Trd, 8638840.912, 83
Trd, 8638841.979, 136
Trd, 8638842.112, 83
Trd, 8638842.312, 76
Trd, 8638842.912, 115
Trd, 8638843.212, 111
Trd, 8638843.479, 139
Trd, 8638843.779, 140
Trd, 8638844.379, 140
Trd, 8638844.412, 130
Trd, 8638844.746, 113
Trd, 8638845.879, 140
Trd, 8638845.979, 140
Trd, 8638846.112, 139
Trd, 8638846.212, 62
Trd, 8638847.112, 60
Trd, 8638848.012, 60
Trd, 8638848.612, 60
Trd, 8638849.146, 61
Trd, 8638849.912, 61
Trd, 8638850.446, 63
Trd, 8638850.546, 66
Trd, 8638850.746, 140
Trd, 8638850.912, 95
Trd, 8638851.112, 140
Trd, 8638851.579, 60
Trd, 8638851.812, 67
Trd, 8638852.146, 118
Trd, 8638853.346, 140
Trd, 8638854.012, 140
Trd, 8638854.079, 140
Trd, 8638854.212, 140
Trd, 8638854.446, 140
Trd, 8638855.346, 140
Trd, 8638855.446, 140
Trd, 8638856.346, 140
Trd, 8638857.179, 140
Trd, 8638857.212, 140
Trd, 8638857.746, 140
Trd, 8638858.312, 140
Trd, 8638858.412, 140
Trd, 8638858.712, 139
Trd, 8638859.579, 139
Trd, 8638860.479, 140
Trd, 8638860.812, 139
Trd, 8638861.346, 140
Trd, 8638861.712, 139
Trd, 8638861.746, 138
Trd, 8638862.812, 130
Trd, 8638864.112, 125
Trd, 8638864.546, 125
Trd, 8638864.579, 124
Trd, 8638865.112, 139
Trd, 8638865.579, 138
Trd, 8638866.479, 140
Trd, 8638867.246, 140
Trd, 8638868.046, 140
Trd, 8638868.812, 140
Trd, 8638868.912, 140
Trd, 8638869.212, 140
Trd, 8638869.479, 140
Trd, 8638870.312, 139
Trd, 8638870.346, 135
Trd, 8638870.746, 130
Trd, 8638871.512, 139
Trd, 8638871.646, 121
Trd, 8638871.879, 121
Trd, 8638871.946, 68
Trd, 8638872.146, 60
Trd, 8638872.912, 93
Trd, 8638872.979, 94
Trd, 8638873.412, 69
Trd, 8638873.579, 94
Trd, 8638874.646, 60
Trd, 8638874.912, 66
Trd, 8638875.379, 61
Trd, 8638875.646, 101
Trd, 8638876.479, 140
Trd, 8638876.679, 140
Trd, 8638876.779, 140
Trd, 8638877.212, 60
Trd, 8638878.412, 60
Trd, 8638879.179, 60
Trd, 8638879.712, 60
Trd, 8638879.746, 61
Trd, 8638879.946, 62
Trd, 8638880.612, 63
Trd, 8638880.812, 61
Trd, 8638881.612, 109
Trd, 8638881.679, 93
Trd, 8638881.712, 63
Trd, 8638881.812, 61
Trd, 8638882.879, 60
Trd, 8638883.046, 60
Trd, 8638883.579, 61
Trd, 8638884.046, 63
Trd, 8638884.479, 60
Trd, 8638884.746, 62
Trd, 8638885.579, 61
Trd, 8638886.179, 60
Trd, 8638886.212, 62
Trd, 8638886.512, 66
Trd, 8638887.212, 62
Trd, 8638887.879, 61
Trd, 8638888.812, 61
Trd, 8638888.879, 63
Trd, 8638889.279, 64
Trd, 8638889.379, 65
Trd, 8638889.579, 65
Trd, 8638889.746, 64
Trd, 8638889.879, 65
Trd, 8638889.946, 100
Trd, 8638890.079, 64
Trd, 8638891.912, 140
Trd, 8638892.146, 140
Trd, 8638892.279, 140
Trd, 8638892.879, 139
Trd, 8638893.079, 138
Trd, 8638893.112, 135
Trd, 8638893.512, 122
Trd, 8638893.646, 129
Trd, 8638894.412, 135
Trd, 8638894.879, 140
Trd, 8638895.046, 81
Trd, 8638895.346, 69
Trd, 8638895.579, 61
Trd, 8638895.712, 64
Trd, 8638896.646, 66
Trd, 8638896.679, 67
Trd, 8638897.012, 140
Trd, 8638897.746, 131
Trd, 8638898.046, 70
Trd, 8638898.412, 61
Trd, 8638899.012, 69
Trd, 8638899.546, 112
Trd, 8638900.846, 64
Trd, 8638901.312, 64
Trd, 8638902.112, 60
Trd, 8638902.612, 62
Trd, 8638902.879, 63
Trd, 8638902.946, 65
Trd, 8638903.712, 99
Trd, 8638903.746, 98
Trd, 8638904.012, 93
Trd, 8638904.579, 60
Trd, 8638905.146, 69
Trd, 8638905.179, 111
Trd, 8638905.279, 62
Trd, 8638905.479, 136
Trd, 8638905.812, 120
Trd, 8638906.246, 67
Trd, 8638906.379, 66
Trd, 8638906.546, 70
Trd, 8638906.612, 65
Trd, 8638907.246, 63
Trd, 8638908.046, 63
Trd, 8638909.312, 60
Trd, 8638909.412, 61
Trd, 8638909.679, 61
Trd, 8638910.579, 67
Trd, 8638910.646, 68
Trd, 8638911.212, 68
Trd, 8638911.512, 72
Trd, 8638911.579, 74
Trd, 8638911.912, 87
Trd, 8638912.046, 86
Trd, 8638912.346, 71
Trd, 8638912.612, 68
Trd, 8638912.779, 67
Trd, 8638913.179, 60
Trd, 8638913.379, 90
Trd, 8638914.046, 112
Trd, 8638915.846, 140
Trd, 8638916.112, 140
Trd, 8638916.546, 139
Trd, 8638917.646, 60
Trd, 8638917.846, 60
Trd, 8638917.946, 62
Trd, 8638919.346, 61
Trd, 8638919.746, 139
Trd, 8638919.812, 83
Trd, 8638919.912, 140
Trd, 8638919.979, 82
Trd, 8638920.812, 60
Trd, 8638921.112, 61
Trd, 8638921.712, 121
Trd, 8638921.912, 120
Trd, 8638923.546, 140
Trd, 8638923.712, 140
Trd, 8638924.279, 140
Trd, 8638924.479, 140
Trd, 8638924.679, 138
Trd, 8638924.812, 135
Trd, 8638925.212, 140
Trd, 8638925.512, 138
Trd, 8638926.046, 138
Trd, 8638926.212, 128
Trd, 8638926.279, 99
Trd, 8638926.712, 138
Trd, 8638927.079, 137
Trd, 8638927.912, 140
Trd, 8638928.879, 140
Trd, 8638929.646, 140
Trd, 8638929.746, 140
Trd, 8638930.212, 139
Trd, 8638930.412, 139
Trd, 8638930.512, 135
Trd, 8638931.046, 140
Trd, 8638931.412, 140
Trd, 8638932.112, 138
Trd, 8638932.312, 140
Trd, 8638932.346, 85
Trd, 8638933.612, 140
Trd, 8638933.779, 140
Trd, 8638934.046, 140
Trd, 8638934.979, 139
Trd, 8638936.012, 137
Trd, 8638936.112, 136
Trd, 8638936.479, 137
Trd, 8638937.179, 140
Trd, 8638937.612, 140
Trd, 8638938.212, 122
Trd, 8638938.379, 119
Trd, 8638939.079, 139
Trd, 8638939.179, 138
Trd, 8638939.879, 127
Trd, 8638940.112, 137
Trd, 8638940.812, 126
Trd, 8638941.212, 138
Trd, 8638941.612, 139
Trd, 8638941.946, 124
Trd, 8638942.146, 91
Trd, 8638942.612, 87
Trd, 8638943.046, 83
Trd, 8638944.246, 63
Trd, 8638944.912, 60
Trd, 8638945.079, 65
Trd, 8638945.746, 62
Trd, 8638946.012, 62
Trd, 8638946.712, 70
Trd, 8638947.412, 61
Trd, 8638947.846, 62
Trd, 8638948.146, 71
Trd, 8638948.746, 60
Trd, 8638949.379, 103
Trd, 8638949.646, 101
Trd, 8638949.746, 139
Trd, 8638950.079, 98
Trd, 8638950.279, 137
Trd, 8638950.679, 96
Trd, 8638951.079, 94
Trd, 8638951.312, 108
Trd, 8638951.412, 76
Trd, 8638951.846, 140
Trd, 8638952.912, 137
Trd, 8638953.212, 140
Trd, 8638953.479, 139
Trd, 8638954.312, 92
Trd, 8638954.612, 90
Trd, 8638955.679, 135
Trd, 8638956.879, 124
Trd, 8638956.979, 121
Trd, 8638957.446, 140
Trd, 8638957.579, 131
Trd, 8638957.646, 103
Trd, 8638957.879, 140
Trd, 8638958.146, 140
Trd, 8638958.479, 140
Trd, 8638959.279, 65
Trd, 8638959.579, 140
Trd, 8638960.146, 140
Trd, 8638960.546, 67
Trd, 8638960.646, 66
Trd, 8638961.946, 72
Trd, 8638962.446, 108
Trd, 8638962.579, 78
Trd, 8638962.712, 69
Trd, 8638963.379, 140
Trd, 8638963.512, 140
Trd, 8638963.546, 140
Trd, 8638964.146, 140
Trd, 8638964.546, 140
Trd, 8638965.012, 135
Trd, 8638965.779, 140
Trd, 8638965.946, 139
Trd, 8638966.146, 140
Trd, 8638966.479, 132
Trd, 8638967.712, 98
Trd, 8638968.712, 140
Trd, 8638969.046, 121
Trd, 8638969.312, 120
Trd, 8638969.712, 134
Trd, 8638969.846, 92
Trd, 8638970.146, 60
Trd, 8638970.179, 135
Trd, 8638970.546, 75
Trd, 8638971.379, 140
Trd, 8638971.746, 139
Trd, 8638971.779, 136
Trd, 8638971.879, 108
Trd, 8638972.212, 113
Trd, 8638972.712, 108
Trd, 8638974.179, 140
Trd, 8638974.379, 140
Trd, 8638974.412, 140
Trd, 8638974.812, 139
Trd, 8638975.012, 137
Trd, 8638976.079, 139
Trd, 8638976.446, 138
Trd, 8638976.946, 131
Trd, 8638977.012, 130
Trd, 8638977.146, 136
Trd, 8638977.546, 140
Trd, 8638979.179, 140
Trd, 8638979.246, 140
Trd, 8638980.546, 140
Trd, 8638980.579, 140
Trd, 8638980.612, 140
Trd, 8638981.046, 138
Trd, 8638981.412, 139
Trd, 8638981.812, 139
Trd, 8638982.312, 137
Trd, 8638982.346, 135
Trd, 8638983.246, 139
Trd, 8638983.312, 127
Trd, 8638983.479, 127
Trd, 8638983.846, 137
Trd, 8638984.079, 87
Trd, 8638984.912, 109
Trd, 8638985.279, 107
Trd, 8638985.479, 91
Trd, 8638985.579, 88
Trd, 8638985.679, 76
Trd, 8638986.079, 61
Trd, 8638986.779, 140
Trd, 8638987.412, 139
Trd, 8638987.512, 138
Trd, 8638988.446, 139
Trd, 8638988.879, 140
Trd, 8638988.979, 140
Trd, 8638989.046, 140
Trd, 8638989.612, 140
Trd, 8638990.179, 127
Trd, 8638990.679, 133
Trd, 8638990.879, 99
Trd, 8638991.279, 71
Trd, 8638992.046, 124
Trd, 8638993.146, 140
Trd, 8638993.779, 140
Trd, 8638993.846, 140
Trd, 8638994.079, 140
Trd, 8638994.479, 114
Trd, 8638995.579, 137
Trd, 8638995.679, 136
Trd, 8638995.912, 129
Trd, 8638996.179, 127
Trd, 8638996.612, 125
Trd, 8638996.746, 123
Trd, 8638996.812, 76
Trd, 8638998.579, 140
Trd, 8638998.646, 140
Trd, 8638998.812, 140
Trd, 8638999.279, 137
Trd, 8639001.246, 140
Trd, 8639001.379, 140
Trd, 8639001.646, 140
Trd, 8639001.712, 140
Trd, 8639002.879, 140
Trd, 8639003.512, 140
Trd, 8639004.712, 140
Trd, 8639005.079, 140
Trd, 8639005.479, 140
Trd, 8639005.979, 140
Trd, 8639006.746, 140
Trd, 8639007.312, 140
Trd, 8639007.379, 140
Trd, 8639008.412, 140
Trd, 8639009.279, 140
Trd, 8639009.846, 140
Trd, 8639009.912, 137
Trd, 8639009.946, 136
Trd, 8639010.279, 135
Trd, 8639010.446, 123
Trd, 8639010.612, 107
Trd, 8639010.912, 107
Trd, 8639011.479, 140
Trd, 8639011.712, 139
Trd, 8639012.379, 106
Trd, 8639012.746, 139
Trd, 8639013.279, 64
Trd, 8639013.379, 64
Trd, 8639013.546, 62
Trd, 8639013.979, 62
Trd, 8639014.446, 60
Trd, 8639014.746, 61
Trd, 8639015.512, 60
Trd, 8639016.146, 140
Trd, 8639016.479, 140
Trd, 8639017.179, 140
Trd, 8639017.646, 140
Trd, 8639017.846, 108
Trd, 8639018.046, 108
Trd, 8639018.679, 139
Trd, 8639019.146, 140
Trd, 8639019.246, 139
Trd, 8639020.412, 140
Trd, 8639021.079, 140
Trd, 8639021.479, 140
Trd, 8639021.512, 140
Trd, 8639022.446, 129
Trd, 8639022.912, 124
Trd, 8639022.946, 137
Trd, 8639023.346, 119
Trd, 8639023.479, 65
Trd, 8639023.612, 138
Trd, 8639024.312, 63
Trd, 8639024.512, 69
Trd, 8639024.612, 102
Trd, 8639025.546, 138
Trd, 8639026.379, 104
Trd, 8639026.812, 96
Trd, 8639026.912, 96
Trd, 8639027.712, 140
Trd, 8639028.146, 62
Trd, 8639028.679, 140
Trd, 8639029.412, 139
Trd, 8639029.479, 121
Trd, 8639030.312, 92
Trd, 8639030.679, 127
Trd, 8639030.779, 91
Trd, 8639030.912, 61
Trd, 8639031.479, 128
Trd, 8639031.646, 61
Trd, 8639032.279, 139
Trd, 8639033.079, 138
Trd, 8639033.312, 140
Trd, 8639034.246, 138
Trd, 8639035.012, 140
Trd, 8639035.046, 140
Trd, 8639035.412, 140
Trd, 8639035.679, 139
Trd, 8639035.812, 135
Trd, 8639035.946, 111
Trd, 8639036.279, 110
Trd, 8639036.779, 126
Trd, 8639037.112, 114
Trd, 8639037.479, 112
Trd, 8639038.246, 140
Trd, 8639038.879, 140
Trd, 8639039.212, 139
Trd, 8639039.712, 140
Trd, 8639040.612, 140
Trd, 8639040.679, 134
Trd, 8639041.179, 138
Trd, 8639042.146, 92
Trd, 8639042.179, 90
Trd, 8639042.346, 91
Trd, 8639042.479, 74
Trd, 8639042.746, 120
Trd, 8639043.212, 62
Trd, 8639043.912, 63
Trd, 8639044.546, 60
Trd, 8639044.712, 67
Trd, 8639044.812, 69
Trd, 8639045.346, 71
Trd, 8639045.479, 116
Trd, 8639046.646, 60
Trd, 8639047.512, 60
Trd, 8639048.046, 61
Trd, 8639048.612, 60
Trd, 8639048.646, 66
Trd, 8639049.346, 64
Trd, 8639049.379, 68
Trd, 8639049.412, 62
Trd, 8639049.546, 68
Trd, 8639049.912, 69
Trd, 8639050.946, 118
Trd, 8639051.012, 90
Trd, 8639051.112, 89
Trd, 8639051.212, 137
Trd, 8639051.846, 139
Trd, 8639052.946, 61
Trd, 8639053.312, 65
Trd, 8639053.479, 62
Trd, 8639055.112, 60
Trd, 8639055.346, 60
Trd, 8639055.579, 61
Trd, 8639055.612, 62
Trd, 8639055.879, 61
Trd, 8639056.012, 66
Trd, 8639056.846, 61
Trd, 8639056.879, 63
Trd, 8639057.146, 70
Trd, 8639057.412, 82
Trd, 8639057.446, 83
Trd, 8639058.212, 138
Trd, 8639059.612, 134
Trd, 8639060.312, 115
Trd, 8639060.546, 115
Trd, 8639060.812, 139
Trd, 8639061.679, 139
Trd, 8639061.879, 112
Trd, 8639062.479, 111
Trd, 8639062.512, 108
Trd, 8639063.179, 118
Trd, 8639063.512, 118
Trd, 8639065.046, 140
Trd, 8639065.246, 140
Trd, 8639065.712, 138
Trd, 8639065.979, 140
Trd, 8639066.212, 138
Trd, 8639066.712, 139
Trd, 8639067.312, 135
Trd, 8639067.646, 139
Trd, 8639068.146, 134
Trd, 8639068.712, 140
Trd, 8639070.046, 140
Trd, 8639070.146, 139
Trd, 8639070.179, 87
Trd, 8639070.279, 80
Trd, 8639071.246, 67
Trd, 8639071.646, 63
Trd, 8639071.912, 63
Trd, 8639072.279, 64
Trd, 8639072.579, 63
Trd, 8639072.612, 88
Trd, 8639072.912, 64
Trd, 8639073.179, 63
Trd, 8639073.512, 140
Trd, 8639073.546, 63
Trd, 8639074.512, 68
Trd, 8639075.012, 140
Trd, 8639075.279, 140
Trd, 8639075.646, 102
Trd, 8639076.512, 136
Trd, 8639076.612, 101
Trd, 8639076.946, 135
Trd, 8639078.146, 131
Trd, 8639079.279, 140
Trd, 8639079.412, 140
Trd, 8639080.646, 140
Trd, 8639080.712, 140
Trd, 8639080.779, 140
Trd, 8639081.212, 135
Trd, 8639081.512, 139
Trd, 8639082.012, 140
Trd, 8639082.246, 139
Trd, 8639083.046, 113
Trd, 8639083.312, 116
Trd, 8639083.512, 107
Trd, 8639084.079, 96
Trd, 8639084.512, 81
Trd, 8639084.712, 139
Trd, 8639085.279, 60
Trd, 8639085.446, 60
Trd, 8639085.546, 64
Trd, 8639086.279, 60
Trd, 8639086.512, 61
Trd, 8639086.646, 140
Trd, 8639087.312, 61
Trd, 8639088.346, 62
Trd, 8639088.712, 65
Trd, 8639089.179, 68
Trd, 8639089.346, 69
Trd, 8639089.746, 64
Trd, 8639090.079, 140
Trd, 8639090.912, 140
Trd, 8639091.246, 140
Trd, 8639091.679, 138
Trd, 8639091.846, 139
Trd, 8639092.612, 140
Trd, 8639092.846, 140
Trd, 8639093.146, 135
Trd, 8639093.712, 114
Trd, 8639093.812, 113
Trd, 8639094.412, 136
Trd, 8639094.746, 103
Trd, 8639095.446, 138
Trd, 8639095.646, 140
Trd, 8639095.746, 134
Trd, 8639096.379, 137
Trd, 8639096.779, 135
Trd, 8639097.479, 139
Trd, 8639098.612, 140
Trd, 8639098.679, 140
Trd, 8639099.079, 140
Trd, 8639099.246, 138
Trd, 8639099.412, 140
Trd, 8639100.346, 125
Trd, 8639100.912, 120
Trd, 8639101.479, 140
Trd, 8639101.579, 101
Trd, 8639102.246, 100
Trd, 8639102.546, 115
Trd, 8639102.712, 69
Trd, 8639102.746, 111
Trd, 8639104.212, 130
Trd, 8639105.112, 131
Trd, 8639105.379, 140
Trd, 8639105.446, 139
Trd, 8639105.779, 139
Trd, 8639105.846, 138
Trd, 8639106.979, 139
Trd, 8639107.046, 137
Trd, 8639107.612, 130
Trd, 8639107.946, 129
Trd, 8639108.846, 129
Trd, 8639108.879, 126
Trd, 8639110.079, 140
Trd, 8639110.446, 140
Trd, 8639110.546, 112
Trd, 8639110.746, 111
Trd, 8639110.846, 90
Trd, 8639110.912, 81
Trd, 8639112.312, 140
Trd, 8639112.412, 140
Trd, 8639113.512, 140
Trd, 8639114.012, 140
Trd, 8639115.112, 140
Trd, 8639115.512, 140
Trd, 8639115.679, 140
Trd, 8639116.246, 140
Trd, 8639117.012, 140
Trd, 8639118.679, 140
Trd, 8639118.946, 140
Trd, 8639119.546, 140
Trd, 8639120.012, 140
Trd, 8639120.112, 139
Trd, 8639120.446, 132
Trd, 8639120.879, 139
Trd, 8639121.046, 127
Trd, 8639121.646, 140
Trd, 8639121.746, 140
Trd, 8639123.012, 140
Trd, 8639123.979, 140
Trd, 8639124.146, 140
Trd, 8639124.246, 139
Trd, 8639124.646, 127
Trd, 8639125.346, 133
Trd, 8639125.746, 137
Trd, 8639125.812, 136
Trd, 8639126.312, 134
Trd, 8639126.446, 133
Trd, 8639127.079, 140
Trd, 8639127.879, 140
Trd, 8639128.379, 140
Trd, 8639128.812, 136
Trd, 8639129.579, 140
Trd, 8639129.912, 140
Trd, 8639130.146, 140
Trd, 8639131.112, 134
Trd, 8639131.746, 81
Trd, 8639132.279, 140
Trd, 8639132.379, 140
Trd, 8639132.679, 114
Trd, 8639133.979, 140
Trd, 8639134.112, 139
Trd, 8639134.412, 138
Trd, 8639134.479, 114
Trd, 8639135.212, 140
Trd, 8639135.479, 139
Trd, 8639136.012, 136
Trd, 8639136.046, 135
Trd, 8639136.612, 135
Trd, 8639137.746, 139
Trd, 8639138.379, 140
Trd, 8639138.446, 137
Trd, 8639139.512, 139
Trd, 8639139.712, 139
Trd, 8639139.846, 138
Trd, 8639139.879, 129
Trd, 8639140.512, 136
Trd, 8639140.879, 130
Trd, 8639141.012, 139
Trd, 8639141.046, 113
Trd, 8639141.979, 83
Trd, 8639142.946, 140
Trd, 8639143.012, 138
Trd, 8639143.479, 140
Trd, 8639143.646, 93
Trd, 8639143.979, 131
Trd, 8639144.412, 111
Trd, 8639144.779, 94
Trd, 8639145.012, 140
Trd, 8639145.146, 140
Trd, 8639145.446, 140
Trd, 8639145.679, 134
Trd, 8639147.279, 140
Trd, 8639147.812, 140
Trd, 8639148.646, 140
Trd, 8639148.712, 140
Trd, 8639149.146, 140
Trd, 8639149.446, 140
Trd, 8639150.212, 140
Trd, 8639150.979, 138
Trd, 8639151.479, 140
Trd, 8639151.746, 140
Trd, 8639151.912, 139
Trd, 8639152.246, 137
Trd, 8639153.079, 140
Trd, 8639153.146, 135
Trd, 8639153.846, 75
Trd, 8639153.946, 124
Trd, 8639154.179, 88
Trd, 8639154.612, 62
Trd, 8639155.112, 60
Trd, 8639156.879, 62
Trd, 8639157.512, 60
Trd, 8639157.579, 62
Trd, 8639158.512, 61
Trd, 8639158.712, 63
Trd, 8639158.812, 65
Trd, 8639159.012, 65
Trd, 8639159.746, 87
Trd, 8639160.312, 101
Trd, 8639160.479, 117
Trd, 8639160.746, 108
Trd, 8639161.746, 140
Trd, 8639161.946, 139
Trd, 8639161.979, 138
Trd, 8639162.012, 135
Trd, 8639162.379, 107
Trd, 8639162.979, 100
Trd, 8639163.212, 71
Trd, 8639163.746, 133
Trd, 8639164.079, 68
Trd, 8639164.212, 69
Trd, 8639164.312, 68
Trd, 8639164.812, 63
Trd, 8639165.012, 133
Trd, 8639165.479, 138
Trd, 8639166.279, 128
Trd, 8639167.346, 140
Trd, 8639167.446, 133
Trd, 8639167.779, 112
Trd, 8639168.446, 140
Trd, 8639169.879, 140
Trd, 8639169.979, 140
Trd, 8639170.879, 140
Trd, 8639171.012, 140
Trd, 8639171.146, 140
Trd, 8639171.846, 140
Trd, 8639171.879, 139
Trd, 8639172.746, 140
Trd, 8639173.446, 140
Trd, 8639173.679, 140
Trd, 8639173.812, 140
Trd, 8639174.912, 140
Trd, 8639174.946, 140
Trd, 8639175.546, 140
Trd, 8639176.612, 140
Trd, 8639177.246, 140
Trd, 8639177.579, 140
Trd, 8639177.979, 140
Trd, 8639178.446, 140
Trd, 8639178.679, 140
Trd, 8639180.212, 140
Trd, 8639180.479, 139
Trd, 8639180.912, 138
Trd, 8639181.112, 135
Trd, 8639181.412, 115
Trd, 8639182.346, 140
Trd, 8639182.512, 106
Trd, 8639182.879, 140
Trd, 8639183.346, 140
Trd, 8639183.446, 140
Trd, 8639183.546, 135
Trd, 8639183.846, 140
Trd, 8639184.012, 140
Trd, 8639184.312, 140
Trd, 8639184.912, 137
Trd, 8639187.046, 140
Trd, 8639187.279, 140
Trd, 8639187.879, 140
Trd, 8639188.179, 135
Trd, 8639189.146, 140
Trd, 8639189.246, 140
Trd, 8639189.646, 139
Trd, 8639190.012, 140
Trd, 8639190.146, 136
Trd, 8639190.479, 124
Trd, 8639190.812, 68
Trd, 8639191.346, 68
Trd, 8639191.546, 62
Trd, 8639191.879, 137
Trd, 8639193.446, 140
Trd, 8639193.512, 140
Trd, 8639193.612, 140
Trd, 8639193.812, 140
Trd, 8639194.512, 130
Trd, 8639194.779, 129
Trd, 8639195.679, 140
Trd, 8639195.846, 140
Trd, 8639196.679, 138
Trd, 8639197.046, 140
Trd, 8639197.146, 135
Trd, 8639198.112, 99
Trd, 8639198.679, 132
Trd, 8639198.946, 124
Trd, 8639199.379, 101
Trd, 8639199.446, 100
Trd, 8639200.179, 133
Trd, 8639200.779, 139
Trd, 8639201.412, 133
Trd, 8639201.712, 79
Trd, 8639202.312, 140
Trd, 8639202.579, 140
Trd, 8639202.746, 140
Trd, 8639204.212, 140
Trd, 8639204.512, 139
Trd, 8639204.912, 139
Trd, 8639205.579, 138
Trd, 8639206.012, 140
Trd, 8639206.246, 139
Trd, 8639206.279, 137
Trd, 8639206.412, 129
Trd, 8639206.546, 81
Trd, 8639206.779, 140
Trd, 8639207.279, 131
Trd, 8639207.446, 117
Trd, 8639207.779, 66
Trd, 8639207.879, 67
Trd, 8639208.079, 64
Trd, 8639208.779, 61
Trd, 8639208.846, 92
Trd, 8639210.712, 140
Trd, 8639212.146, 140
Trd, 8639212.412, 140
Trd, 8639212.446, 140
Trd, 8639212.546, 139
Trd, 8639212.612, 139
Trd, 8639213.479, 138
Trd, 8639213.846, 137
Trd, 8639214.579, 136
Trd, 8639214.979, 132
Trd, 8639215.212, 129
Trd, 8639215.612, 123
Trd, 8639216.012, 110
Trd, 8639216.246, 135
Trd, 8639216.512, 108
Trd, 8639216.546, 92
Trd, 8639216.812, 103
Trd, 8639217.146, 61
Trd, 8639217.212, 119
Trd, 8639217.612, 73
Trd, 8639217.746, 82
Trd, 8639218.212, 137
Trd, 8639219.112, 60
Trd, 8639220.112, 60
Trd, 8639220.779, 60
Trd, 8639221.279, 60
Trd, 8639221.512, 60
Trd, 8639221.846, 65
Trd, 8639222.312, 138
Trd, 8639223.379, 60
Trd, 8639225.312, 62
Trd, 8639225.746, 63
Trd, 8639226.246, 64
Trd, 8639226.446, 64
Trd, 8639226.512, 65
Trd, 8639226.646, 84
Trd, 8639226.879, 81
Trd, 8639226.946, 101
Trd, 8639227.279, 63
Trd, 8639227.646, 138
Trd, 8639227.946, 136
Trd, 8639227.979, 67
Trd, 8639228.279, 64
Trd, 8639228.879, 69
Trd, 8639229.746, 94
Trd, 8639230.212, 62
Trd, 8639230.346, 69
Trd, 8639230.779, 69
Trd, 8639230.846, 70
Trd, 8639231.979, 61
Trd, 8639232.646, 64
Trd, 8639232.846, 66
Trd, 8639233.146, 63
Trd, 8639233.512, 140
Trd, 8639233.612, 62
Trd, 8639233.746, 66
Trd, 8639235.212, 140
Trd, 8639235.312, 139
Trd, 8639236.012, 60
Trd, 8639236.446, 62
Trd, 8639236.646, 63
Trd, 8639237.646, 69
Trd, 8639238.012, 63
Trd, 8639238.379, 61
Trd, 8639238.512, 61
Trd, 8639238.779, 63
Trd, 8639238.946, 64
Trd, 8639239.346, 140
Trd, 8639239.612, 139
Trd, 8639239.846, 138
Trd, 8639240.212, 62
Trd, 8639240.346, 69
Trd, 8639241.246, 66
Trd, 8639241.412, 136
Trd, 8639242.179, 70
Trd, 8639243.812, 61
Trd, 8639243.846, 60
Trd, 8639244.312, 62
Trd, 8639244.412, 64
Trd, 8639244.646, 60
Trd, 8639245.346, 137
Trd, 8639245.646, 134
Trd, 8639246.379, 140
Trd, 8639246.612, 139
Trd, 8639246.846, 136
Trd, 8639247.012, 139
Trd, 8639247.712, 139
Trd, 8639248.812, 140
Trd, 8639249.012, 138
Trd, 8639249.679, 139
Trd, 8639250.212, 138
Trd, 8639250.479, 137
Trd, 8639250.879, 136
Trd, 8639251.712, 140
Trd, 8639252.012, 139
Trd, 8639252.246, 137
Trd, 8639252.512, 133
Trd, 8639253.346, 114
Trd, 8639253.479, 113
Trd, 8639255.012, 140
Trd, 8639255.379, 140
Trd, 8639256.512, 140
Trd, 8639256.646, 140
Trd, 8639256.912, 140
Trd, 8639257.179, 139
Trd, 8639258.346, 139
Trd, 8639258.746, 139
Trd, 8639258.946, 137
Trd, 8639259.379, 131
Trd, 8639259.746, 131
Trd, 8639260.112, 136
Trd, 8639260.479, 140
Trd, 8639260.912, 129
Trd, 8639261.079, 113
Trd, 8639261.346, 125
Trd, 8639261.846, 68
Trd, 8639262.679, 140
Trd, 8639263.746, 140
Trd, 8639264.212, 139
Trd, 8639264.312, 138
Trd, 8639265.312, 140
Trd, 8639265.446, 140
Trd, 8639265.479, 135
Trd, 8639265.679, 121
Trd, 8639266.279, 140
Trd, 8639266.779, 93
Trd, 8639267.112, 102
Trd, 8639267.179, 71
Trd, 8639267.546, 103
Trd, 8639268.712, 140
Trd, 8639268.946, 140
Trd, 8639269.079, 140
Trd, 8639269.146, 140
Trd, 8639269.946, 140
Trd, 8639270.046, 139
Trd, 8639271.279, 140
Trd, 8639271.312, 135
Trd, 8639271.912, 115
Trd, 8639272.246, 121
Trd, 8639272.412, 116
Trd, 8639272.746, 140
Trd, 8639274.746, 140
Trd, 8639274.912, 140
Trd, 8639275.112, 140
Trd, 8639275.279, 140
Trd, 8639275.412, 140
Trd, 8639275.579, 140
Trd, 8639276.379, 63
Trd, 8639276.512, 64
Trd, 8639276.546, 65
Trd, 8639277.179, 139
Trd, 8639277.579, 138
Trd, 8639278.179, 138
Trd, 8639278.612, 140
Trd, 8639278.846, 137
Trd, 8639279.279, 68
Trd, 8639279.846, 88
Trd, 8639280.112, 86
Trd, 8639280.812, 118
Trd, 8639280.979, 93
Trd, 8639281.146, 132
Trd, 8639281.946, 96
Trd, 8639282.346, 95
Trd, 8639283.346, 64
Trd, 8639283.546, 61
Trd, 8639284.212, 64
Trd, 8639284.312, 66
Trd, 8639285.012, 66
Trd, 8639285.312, 61
Trd, 8639285.412, 74
Trd, 8639285.679, 66
Trd, 8639286.346, 139
Trd, 8639286.779, 140
Trd, 8639287.412, 140
Trd, 8639287.546, 138
Trd, 8639288.846, 140
Trd, 8639289.146, 140
Trd, 8639289.512, 140
Trd, 8639290.312, 140
Trd, 8639290.479, 140
Trd, 8639290.512, 139
Trd, 8639290.846, 136
Trd, 8639291.279, 137
Trd, 8639291.812, 90
Trd, 8639292.012, 89
Trd, 8639292.312, 130
Trd, 8639292.779, 140
Trd, 8639293.612, 135
Trd, 8639294.546, 140
Trd, 8639294.746, 140
Trd, 8639295.812, 140
Trd, 8639296.646, 140
Trd, 8639296.846, 139
Trd, 8639297.146, 137
Trd, 8639297.312, 138
Trd, 8639297.646, 140
Trd, 8639297.812, 136
Trd, 8639297.946, 131
Trd, 8639298.112, 105
Trd, 8639299.946, 140
Trd, 8639300.546, 140
Trd, 8639300.646, 140
Trd, 8639300.779, 140
Trd, 8639300.812, 137
Trd, 8639301.512, 140
Trd, 8639301.579, 140
Trd, 8639302.246, 139
Trd, 8639302.612, 138
Trd, 8639303.546, 140
Trd, 8639303.679, 135
Trd, 8639304.546, 131
Trd, 8639304.612, 129
Trd, 8639304.812, 140
Trd, 8639305.046, 140
Trd, 8639305.379, 140
Trd, 8639306.179, 140
Trd, 8639306.212, 127
Trd, 8639306.712, 139
Trd, 8639308.346, 140
Trd, 8639308.412, 140
Trd, 8639308.712, 139
Trd, 8639308.846, 140
Trd, 8639309.212, 140
Trd, 8639309.579, 139
Trd, 8639310.346, 140
Trd, 8639310.912, 139
Trd, 8639311.146, 138
Trd, 8639311.612, 135
Trd, 8639311.846, 133
Trd, 8639312.546, 140
Trd, 8639312.579, 128
Trd, 8639313.012, 78
Trd, 8639313.246, 140
Trd, 8639313.746, 140
Trd, 8639313.946, 139
Trd, 8639314.912, 140
Trd, 8639315.446, 140
Trd, 8639315.812, 138
Trd, 8639316.179, 122
Trd, 8639316.312, 106
Trd, 8639317.512, 91
Trd, 8639317.546, 91
Trd, 8639317.946, 140
Trd, 8639318.712, 140
Trd, 8639318.779, 139
Trd, 8639319.079, 68
Trd, 8639320.746, 65
Trd, 8639320.779, 62
Trd, 8639321.279, 70
Trd, 8639321.679, 71
Trd, 8639322.012, 76
Trd, 8639322.079, 62
Trd, 8639322.412, 65
Trd, 8639322.479, 81
Trd, 8639323.079, 61
Trd, 8639323.612, 139
Trd, 8639324.146, 120
Trd, 8639325.146, 140
Trd, 8639325.712, 140
Trd, 8639325.812, 140
Trd, 8639326.246, 140
Trd, 8639327.012, 60
Trd, 8639327.212, 61
Trd, 8639327.446, 60
Trd, 8639327.512, 69
Trd, 8639328.479, 139
Trd, 8639328.579, 138
Trd, 8639329.112, 136
Trd, 8639330.346, 140
Trd, 8639330.846, 140
Trd, 8639331.546, 140
Trd, 8639331.679, 140
Trd, 8639331.712, 135
Trd, 8639332.179, 118
Trd, 8639332.879, 98
Trd, 8639333.412, 90
Trd, 8639334.012, 60
Trd, 8639334.246, 61
Trd, 8639334.312, 62
Trd, 8639335.279, 60
Trd, 8639335.579, 60
Trd, 8639335.912, 60
Trd, 8639336.079, 62
Trd, 8639336.279, 62
Trd, 8639337.079, 111
Trd, 8639337.446, 69
Trd, 8639338.246, 72
Trd, 8639338.412, 70
Trd, 8639338.679, 62
Trd, 8639339.146, 139
Trd, 8639339.546, 140
Trd, 8639339.679, 139
Trd, 8639339.879, 135
Trd, 8639339.912, 99
Trd, 8639340.579, 121
Trd, 8639340.912, 124
Trd, 8639341.746, 97
Trd, 8639342.346, 125
Trd, 8639342.612, 110
Trd, 8639343.346, 60
Trd, 8639343.412, 66
Trd, 8639344.012, 61
Trd, 8639344.546, 75
Trd, 8639345.212, 138
Trd, 8639345.279, 62
Trd, 8639345.379, 62
Trd, 8639345.879, 82
Trd, 8639346.279, 137
Trd, 8639346.912, 104
Trd, 8639347.279, 77
Trd, 8639347.412, 77
Trd, 8639347.479, 104
Trd, 8639347.512, 105
Trd, 8639348.646, 140
Trd, 8639348.879, 140
Trd, 8639349.179, 140
Trd, 8639349.479, 140
Trd, 8639349.679, 139
Trd, 8639350.379, 138
Trd, 8639350.812, 139
Trd, 8639350.846, 135
Trd, 8639351.179, 140
Trd, 8639351.246, 88
Trd, 8639351.912, 60
Trd, 8639352.446, 107
Trd, 8639353.112, 127
Trd, 8639353.612, 107
Trd, 8639354.079, 118
Trd, 8639355.212, 119
Trd, 8639355.312, 118
Trd, 8639355.646, 140
Trd, 8639356.079, 140
Trd, 8639356.212, 140
Trd, 8639356.279, 140
Trd, 8639356.779, 140
Trd, 8639357.312, 139
Trd, 8639357.412, 135
Trd, 8639358.346, 126
Trd, 8639358.446, 125
Trd, 8639358.679, 128
Trd, 8639358.712, 124
Trd, 8639359.546, 140
Trd, 8639359.579, 140
Trd, 8639360.646, 140
Trd, 8639361.279, 140
Trd, 8639361.679, 140
Trd, 8639361.946, 140
Trd, 8639362.746, 140
Trd, 8639362.979, 139
Trd, 8639363.512, 140
Trd, 8639364.446, 140
Trd, 8639364.679, 140
Trd, 8639364.746, 140
Trd, 8639364.779, 139
Trd, 8639365.112, 135
Trd, 8639365.312, 139
Trd, 8639365.646, 95
Trd, 8639365.679, 94
Trd, 8639366.079, 137
Trd, 8639366.246, 103
Trd, 8639367.279, 121
Trd, 8639367.446, 134
Trd, 8639367.979, 121
Trd, 8639368.546, 135
Trd, 8639369.212, 137
Trd, 8639369.479, 127
Trd, 8639369.912, 131
Trd, 8639370.046, 131
Trd, 8639370.979, 138
Trd, 8639371.079, 130
Trd, 8639371.279, 134
Trd, 8639371.412, 126
Trd, 8639372.012, 140
Trd, 8639372.579, 140
Trd, 8639372.912, 105
Trd, 8639374.046, 140
Trd, 8639374.212, 140
Trd, 8639374.546, 137
Trd, 8639375.112, 140
Trd, 8639375.612, 139
Trd, 8639376.412, 138
Trd, 8639376.612, 140
Trd, 8639377.212, 135
Trd, 8639378.412, 140
Trd, 8639378.746, 140
Trd, 8639379.679, 140
Trd, 8639379.846, 140
Trd, 8639380.146, 140
Trd, 8639380.379, 138
Trd, 8639380.746, 134
Trd, 8639381.546, 140
Trd, 8639381.912, 128
Trd, 8639382.046, 93
Trd, 8639382.346, 85
Trd, 8639382.679, 139
Trd, 8639382.979, 138
Trd, 8639383.312, 113
Trd, 8639383.612, 113
Trd, 8639384.079, 140
Trd, 8639384.646, 138
Trd, 8639385.179, 137
Trd, 8639385.546, 137
Trd, 8639385.579, 136
Trd, 8639386.346, 139
Trd, 8639386.979, 131
Trd, 8639387.179, 139
Trd, 8639387.279, 96
Trd, 8639388.179, 98
Trd, 8639388.312, 110
Trd, 8639388.512, 132
Trd, 8639388.546, 96
Trd, 8639389.179, 140
Trd, 8639389.879, 139
Trd, 8639390.379, 140
Trd, 8639391.146, 134
Trd, 8639391.779, 130
Trd, 8639391.846, 125
Trd, 8639393.812, 140
Trd, 8639394.279, 140
Trd, 8639394.479, 140
Trd, 8639395.479, 140
Trd, 8639395.679, 139
Trd, 8639395.712, 138
Trd, 8639395.746, 135
Trd, 8639395.912, 132
Trd, 8639396.446, 140
Trd, 8639397.346, 140
Trd, 8639397.512, 140
Trd, 8639397.546, 139
Trd, 8639397.579, 135
Trd, 8639397.946, 133
Trd, 8639399.112, 124
Trd, 8639399.779, 140
Trd, 8639400.112, 136
Trd, 8639400.979, 140
Trd, 8639401.546, 140
Trd, 8639401.579, 139
Trd, 8639401.712, 135
Trd, 8639402.279, 135
Trd, 8639403.312, 140
Trd, 8639403.346, 139
Trd, 8639403.446, 140
Trd, 8639403.512, 73
Trd, 8639404.512, 132
Trd, 8639404.679, 125
Trd, 8639404.912, 134
Trd, 8639406.079, 140
Trd, 8639406.579, 121
Trd, 8639406.812, 120
Trd, 8639407.146, 109
Trd, 8639407.979, 125
Trd, 8639408.212, 139
Trd, 8639408.346, 137
Trd, 8639409.279, 120
Trd, 8639409.312, 116
Trd, 8639410.612, 140
Trd, 8639410.779, 140
Trd, 8639411.379, 140
Trd, 8639411.612, 124
Trd, 8639412.246, 140
Trd, 8639412.579, 140
Trd, 8639412.746, 139
Trd, 8639413.479, 94
Trd, 8639413.612, 91
Trd, 8639414.112, 134
Trd, 8639415.179, 139
Trd, 8639415.712, 140
Trd, 8639416.046, 140
Trd, 8639416.246, 140
Trd, 8639416.446, 139
Trd, 8639417.246, 137
Trd, 8639418.412, 140
Trd, 8639418.746, 140
Trd, 8639419.112, 140
Trd, 8639419.279, 136
Trd, 8639419.312, 135
Trd, 8639419.346, 102
Trd, 8639420.279, 140
Trd, 8639420.479, 123
Trd, 8639421.179, 101
Trd, 8639421.812, 140
Trd, 8639421.912, 139
Trd, 8639422.279, 128
Trd, 8639423.546, 140
Trd, 8639424.179, 140
Trd, 8639424.279, 131
Trd, 8639425.079, 139
Trd, 8639425.146, 137
Trd, 8639425.579, 140
Trd, 8639426.312, 131
Trd, 8639426.546, 101
Trd, 8639426.746, 113
Trd, 8639426.946, 75
Trd, 8639427.512, 140
Trd, 8639428.179, 100
Trd, 8639428.379, 85
Trd, 8639428.546, 121
Trd, 8639428.679, 139
Trd, 8639428.779, 62
Trd, 8639429.479, 89
Trd, 8639429.746, 62
Trd, 8639430.746, 65
Trd, 8639431.212, 76
Trd, 8639431.646, 60
Trd, 8639432.546, 140
Trd, 8639432.846, 140
Trd, 8639433.346, 140
Trd, 8639433.812, 140
Trd, 8639434.146, 140
Trd, 8639434.779, 140
Trd, 8639435.312, 140
Trd, 8639435.579, 139
Trd, 8639435.912, 138
Trd, 8639436.046, 134
Trd, 8639436.246, 132
Trd, 8639436.279, 131
Trd, 8639437.046, 140
Trd, 8639437.379, 140
Trd, 8639437.446, 139
Trd, 8639437.546, 104
Trd, 8639437.979, 137
Trd, 8639438.779, 139
Trd, 8639439.079, 139
Trd, 8639440.279, 61
Trd, 8639440.346, 62
Trd, 8639440.579, 61
Trd, 8639441.279, 140
Trd, 8639441.512, 140
Trd, 8639441.846, 140
Trd, 8639442.046, 134
Trd, 8639442.546, 140
Trd, 8639443.179, 140
Trd, 8639444.846, 140
Trd, 8639445.079, 140
Trd, 8639445.446, 140
Trd, 8639445.879, 140
Trd, 8639446.379, 140
Trd, 8639446.446, 131
Trd, 8639446.512, 127
Trd, 8639446.712, 114
Trd, 8639448.012, 140
Trd, 8639448.279, 139
Trd, 8639448.979, 131
Trd, 8639449.012, 98
Trd, 8639449.479, 74
Trd, 8639450.079, 68
Trd, 8639450.479, 111
Trd, 8639450.712, 138
Trd, 8639451.146, 110
Trd, 8639451.346, 109
Trd, 8639451.412, 67
Trd, 8639451.679, 68
Trd, 8639452.612, 140
Trd, 8639452.679, 140
Trd, 8639453.146, 60
Trd, 8639453.579, 140
Trd, 8639454.646, 140
Trd, 8639454.679, 82
Trd, 8639455.112, 94
Trd, 8639455.812, 140
Trd, 8639456.579, 140
Trd, 8639456.712, 140
Trd, 8639457.379, 140
Trd, 8639457.612, 140
Trd, 8639458.879, 139
Trd, 8639460.212, 140
Trd, 8639460.612, 140
Trd, 8639460.812, 140
Trd, 8639461.512, 139
Trd, 8639461.579, 138
Trd, 8639462.046, 135
Trd, 8639462.579, 137
Trd, 8639462.612, 84
Trd, 8639462.812, 66
Trd, 8639463.679, 134
Trd, 8639463.912, 139
Trd, 8639464.746, 140
Trd, 8639465.679, 140
Trd, 8639465.779, 140
Trd, 8639466.146, 140
Trd, 8639466.612, 140
Trd, 8639466.679, 135
Trd, 8639467.012, 140
Trd, 8639467.279, 126
Trd, 8639467.646, 120
Trd, 8639468.179, 72
Trd, 8639468.212, 73
Trd, 8639468.246, 63
Trd, 8639468.946, 139
Trd, 8639469.546, 131
Trd, 8639469.612, 111
Trd, 8639469.879, 111
Trd, 8639470.412, 110
Trd, 8639471.912, 140
Trd, 8639472.312, 140
Trd, 8639472.379, 140
Trd, 8639472.512, 140
Trd, 8639472.646, 140
Trd, 8639472.679, 128
Trd, 8639473.146, 121
Trd, 8639474.612, 139
Trd, 8639474.946, 139
Trd, 8639475.012, 138
Trd, 8639475.046, 135
Trd, 8639475.746, 140
Trd, 8639476.179, 115
Trd, 8639476.979, 140
Trd, 8639477.079, 140
Trd, 8639477.112, 140
Trd, 8639477.846, 140
Trd, 8639477.979, 139
Trd, 8639478.112, 127
Trd, 8639479.046, 140
Trd, 8639479.779, 140
Trd, 8639480.779, 140
Trd, 8639480.979, 140
Trd, 8639481.712, 140
Trd, 8639481.979, 140
Trd, 8639482.346, 140
Trd, 8639482.579, 139
Trd, 8639483.346, 140
Trd, 8639483.446, 140
Trd, 8639484.312, 140
Trd, 8639484.879, 140
Trd, 8639486.446, 140
Trd, 8639486.612, 137
Trd, 8639486.679, 131
Trd, 8639487.879, 140
Trd, 8639488.446, 140
Trd, 8639488.646, 140
Trd, 8639488.912, 140
Trd, 8639490.112, 140
Trd, 8639490.246, 139
Trd, 8639490.579, 61
Trd, 8639490.746, 60
Trd, 8639492.079, 61
Trd, 8639492.179, 62
Trd, 8639492.346, 76
Trd, 8639493.079, 61
Trd, 8639493.312, 63
Trd, 8639493.446, 66
Trd, 8639493.912, 64
Trd, 8639494.012, 65
Trd, 8639494.412, 72
Trd, 8639495.479, 66
Trd, 8639495.546, 73
Trd, 8639496.012, 68
Trd, 8639496.112, 66
Trd, 8639496.479, 140
Trd, 8639496.646, 140
Trd, 8639496.846, 131
Trd, 8639497.379, 61
Trd, 8639497.879, 62
Trd, 8639498.012, 96
Trd, 8639498.579, 140
Trd, 8639498.946, 139
Trd, 8639499.246, 75
Trd, 8639501.012, 61
Trd, 8639501.346, 61
Trd, 8639501.612, 60
Trd, 8639501.779, 62
Trd, 8639501.912, 66
Trd, 8639502.646, 81
Trd, 8639502.679, 68
Trd, 8639502.879, 67
Trd, 8639503.279, 69
Trd, 8639504.046, 63
Trd, 8639504.579, 140
Trd, 8639505.579, 116
Trd, 8639505.946, 140
Trd, 8639506.779, 140
Trd, 8639506.912, 140
Trd, 8639506.979, 140
Trd, 8639507.679, 140
Trd, 8639507.779, 139
Trd, 8639509.079, 139
Trd, 8639509.212, 138
Trd, 8639509.612, 132
Trd, 8639510.412, 121
Trd, 8639510.679, 120
Trd, 8639510.712, 119
Trd, 8639511.646, 113
Trd, 8639511.746, 113
Trd, 8639512.712, 140
Trd, 8639512.746, 140
Trd, 8639513.312, 140
Trd, 8639513.612, 140
Trd, 8639514.212, 140
Trd, 8639514.379, 140
Trd, 8639514.712, 140
Trd, 8639514.779, 139
Trd, 8639515.146, 137
Trd, 8639515.612, 138
Trd, 8639515.712, 137
Trd, 8639516.012, 138
Trd, 8639516.579, 138
Trd, 8639517.379, 136
Trd, 8639518.579, 128
Trd, 8639518.912, 139
Trd, 8639518.946, 138
Trd, 8639520.479, 140
Trd, 8639520.812, 140
Trd, 8639521.046, 140
Trd, 8639521.279, 140
Trd, 8639521.612, 140
Trd, 8639522.112, 138
Trd, 8639522.212, 140
Trd, 8639522.479, 136
Trd, 8639523.112, 121
Trd, 8639523.579, 129
Trd, 8639524.012, 111
Trd, 8639524.446, 90
Trd, 8639524.712, 70
Trd, 8639526.146, 140
Trd, 8639526.679, 140
Trd, 8639526.746, 139
Trd, 8639527.512, 140
Trd, 8639527.979, 140
Trd, 8639528.212, 139
Trd, 8639528.546, 137
Trd, 8639529.346, 140
Trd, 8639529.412, 120
Trd, 8639529.612, 79
Trd, 8639529.646, 68
Trd, 8639531.279, 140
Trd, 8639531.612, 140
Trd, 8639532.112, 140
Trd, 8639532.646, 140
Trd, 8639533.212, 140
Trd, 8639533.312, 140
Trd, 8639533.979, 140
Trd, 8639534.212, 135
Trd, 8639534.279, 134
Trd, 8639535.179, 140
Trd, 8639536.146, 140
Trd, 8639536.279, 140
Trd, 8639536.412, 140
Trd, 8639537.046, 140
Trd, 8639537.146, 135
Trd, 8639537.546, 131
Trd, 8639537.679, 99
Trd, 8639538.546, 140
Trd, 8639539.446, 138
Trd, 8639539.579, 121
Trd, 8639539.779, 140
Trd, 8639539.879, 113
Trd, 8639540.279, 115
Trd, 8639541.312, 65
Trd, 8639541.646, 140
Trd, 8639541.712, 138
Trd, 8639542.146, 140
Trd, 8639542.346, 140
Trd, 8639542.479, 135
Trd, 8639543.346, 67
Trd, 8639543.779, 69
Trd, 8639544.812, 140
Trd, 8639545.646, 140
Trd, 8639546.412, 140
Trd, 8639546.612, 139
Trd, 8639546.779, 135
Trd, 8639547.346, 140
Trd, 8639547.779, 140
Trd, 8639548.046, 140
Trd, 8639548.446, 132
Trd, 8639548.679, 127
Trd, 8639549.712, 121
Trd, 8639550.912, 140
Trd, 8639550.946, 140
Trd, 8639551.112, 140
Trd, 8639551.212, 140
Trd, 8639551.312, 140
Trd, 8639551.479, 140
Trd, 8639552.579, 139
Trd, 8639552.746, 137
Trd, 8639553.579, 120
Trd, 8639553.712, 75
Trd, 8639555.446, 139
Trd, 8639555.512, 140
Trd, 8639555.879, 140
Trd, 8639557.012, 140
Trd, 8639557.112, 140
Trd, 8639557.212, 140
Trd, 8639557.646, 139
Trd, 8639558.846, 140
Trd, 8639559.112, 140
Trd, 8639559.212, 140
Trd, 8639559.346, 139
Trd, 8639560.179, 140
Trd, 8639560.612, 138
Trd, 8639560.912, 138
Trd, 8639561.012, 135
Trd, 8639561.246, 104
Trd, 8639561.679, 126
Trd, 8639562.379, 106
Trd, 8639563.146, 140
Trd, 8639563.612, 137
Trd, 8639563.679, 125
Trd, 8639564.179, 140
Trd, 8639564.579, 140
Trd, 8639564.646, 139
Trd, 8639564.879, 139
Trd, 8639565.212, 138
Trd, 8639566.146, 140
Trd, 8639566.412, 140
Trd, 8639566.846, 136
Trd, 8639566.912, 135
Trd, 8639567.146, 128
Trd, 8639567.879, 140
Trd, 8639568.079, 140
Trd, 8639568.212, 136
Trd, 8639569.379, 131
Trd, 8639569.512, 77
Trd, 8639570.246, 140
Trd, 8639570.379, 137
Trd, 8639570.479, 136
Trd, 8639571.312, 139
Trd, 8639571.979, 138
Trd, 8639572.112, 139
Trd, 8639572.312, 135
Trd, 8639572.746, 83
Trd, 8639573.379, 140
Trd, 8639573.412, 140
Trd, 8639574.212, 140
Trd, 8639574.412, 140
Trd, 8639575.312, 125
Trd, 8639575.446, 140
Trd, 8639575.612, 98
Trd, 8639577.212, 140
Trd, 8639578.246, 140
Trd, 8639578.979, 140
Trd, 8639579.346, 140
Trd, 8639579.379, 140
Trd, 8639579.412, 139
Trd, 8639579.712, 139
Trd, 8639580.312, 140
Trd, 8639581.512, 140
Trd, 8639581.746, 139
Trd, 8639581.912, 138
Trd, 8639582.446, 139
Trd, 8639582.579, 131
Trd, 8639582.946, 115
Trd, 8639583.346, 138
Trd, 8639583.512, 118
Trd, 8639584.746, 138
Trd, 8639584.812, 137
Trd, 8639585.112, 140
Trd, 8639585.712, 140
Trd, 8639586.112, 140
Trd, 8639586.646, 131
Trd, 8639586.712, 138
Trd, 8639587.112, 139
Trd, 8639588.146, 67
Trd, 8639588.812, 67
Trd, 8639589.112, 66
Trd, 8639589.212, 67
Trd, 8639589.379, 120
Trd, 8639590.112, 107
Trd, 8639590.979, 140
Trd, 8639591.779, 140
Trd, 8639592.012, 136
Trd, 8639592.646, 139
Trd, 8639592.712, 138
Trd, 8639593.046, 140
Trd, 8639593.312, 128
Trd, 8639593.512, 88
Trd, 8639593.612, 67
Trd, 8639594.312, 86
Trd, 8639595.012, 61
Trd, 8639595.479, 61
Trd, 8639595.846, 60
Trd, 8639596.712, 61
Trd, 8639596.879, 62
Trd, 8639597.179, 67
Trd, 8639597.546, 68
Trd, 8639597.946, 113
Trd, 8639598.012, 81
Trd, 8639598.612, 60
Trd, 8639599.512, 61
Trd, 8639599.679, 61
Trd, 8639600.279, 62
Trd, 8639600.546, 63
Trd, 8639600.812, 62
Trd, 8639601.446, 62
Trd, 8639601.646, 60
Trd, 8639602.346, 63
Trd, 8639603.312, 139
Trd, 8639603.546, 138
Trd, 8639604.579, 140
Trd, 8639604.779, 127
Trd, 8639604.879, 126
Trd, 8639605.046, 125
Trd, 8639606.079, 110
Trd, 8639606.379, 108
Trd, 8639606.479, 125
Trd, 8639606.779, 105
Trd, 8639607.379, 60
Trd, 8639607.812, 125
Trd, 8639608.079, 66
Trd, 8639608.479, 136
Trd, 8639608.812, 139
Trd, 8639609.146, 140
Trd, 8639609.846, 140
Trd, 8639610.312, 140
Trd, 8639611.312, 140
Trd, 8639612.612, 140
Trd, 8639612.646, 140
Trd, 8639613.379, 140
Trd, 8639613.446, 140
Trd, 8639613.979, 140
Trd, 8639614.279, 140
Trd, 8639615.012, 140
Trd, 8639615.146, 140
Trd, 8639615.712, 138
Trd, 8639616.546, 140
Trd, 8639616.812, 140
Trd, 8639617.179, 138
Trd, 8639617.479, 140
Trd, 8639618.679, 140
Trd, 8639618.812, 140
Trd, 8639619.112, 139
Trd, 8639619.646, 139
Trd, 8639619.846, 138
Trd, 8639619.912, 136
Trd, 8639620.946, 123
Trd, 8639621.746, 140
Trd, 8639622.212, 140
Trd, 8639623.046, 139
Trd, 8639623.079, 135
Trd, 8639623.479, 140
Trd, 8639623.512, 136
Trd, 8639624.612, 140
Trd, 8639625.379, 140
Trd, 8639625.412, 140
Trd, 8639626.479, 140
Trd, 8639626.746, 140
Trd, 8639626.779, 139
Trd, 8639626.912, 135
Trd, 8639628.112, 133
Trd, 8639629.246, 140
Trd, 8639630.112, 140
Trd, 8639630.246, 140
Trd, 8639630.546, 139
Trd, 8639631.079, 131
Trd, 8639632.279, 132
Trd, 8639632.312, 130
Trd, 8639632.579, 128
Trd, 8639632.612, 123
Trd, 8639632.846, 139
Trd, 8639633.546, 140
Trd, 8639633.646, 87
Trd, 8639634.079, 140
Trd, 8639634.479, 140
Trd, 8639635.346, 140
Trd, 8639635.846, 127
Trd, 8639636.146, 140
Trd, 8639637.179, 140
Trd, 8639637.346, 130
Trd, 8639637.679, 87
Trd, 8639638.046, 140
Trd, 8639638.512, 140
Trd, 8639639.146, 140
Trd, 8639640.179, 140
Trd, 8639640.312, 140
Trd, 8639641.712, 140
Trd, 8639641.846, 140
Trd, 8639642.679, 140
Trd, 8639642.779, 140
Trd, 8639642.846, 140
Trd, 8639642.979, 131
Trd, 8639643.146, 129
Trd, 8639644.379, 139
Trd, 8639644.746, 139
Trd, 8639646.812, 140
Trd, 8639647.146, 140
Trd, 8639647.312, 140
Trd, 8639647.379, 140
Trd, 8639647.746, 140
Trd, 8639648.079, 140
Trd, 8639648.379, 137
Trd, 8639648.412, 135
Trd, 8639649.812, 140
Trd, 8639650.346, 140
Trd, 8639650.412, 140
Trd, 8639651.679, 138
Trd, 8639651.912, 132
Trd, 8639652.279, 113
Trd, 8639652.512, 89
Trd, 8639652.546, 82
Trd, 8639653.012, 140
Trd, 8639653.146, 139
Trd, 8639653.879, 138
Trd, 8639654.379, 134
Trd, 8639654.446, 123
Trd, 8639654.812, 84
Trd, 8639655.946, 140
Trd, 8639656.046, 139
Trd, 8639657.012, 93
Trd, 8639657.046, 92
Trd, 8639658.046, 99
Trd, 8639658.246, 98
Trd, 8639658.312, 100
Trd, 8639658.379, 91
Trd, 8639659.179, 100
Trd, 8639659.212, 92
Trd, 8639659.246, 101
Trd, 8639659.446, 140
Trd, 8639659.879, 85
Trd, 8639660.346, 63
Trd, 8639661.246, 60
Trd, 8639661.546, 60
Trd, 8639661.579, 62
Trd, 8639663.212, 140
Trd, 8639663.312, 140
Trd, 8639663.412, 140
Trd, 8639663.646, 139
Trd, 8639664.012, 140
Trd, 8639664.879, 140
Trd, 8639664.912, 140
Trd, 8639665.312, 118
Trd, 8639665.846, 110
Trd, 8639666.179, 61
Trd, 8639666.512, 73
Trd, 8639667.112, 74
Trd, 8639667.979, 115
Trd, 8639668.046, 60
Trd, 8639668.679, 63
Trd, 8639669.412, 60
Trd, 8639669.446, 64
Trd, 8639669.979, 140
Trd, 8639670.046, 139
Trd, 8639670.346, 139
Trd, 8639670.979, 88
Trd, 8639671.012, 87
Trd, 8639672.512, 140
Trd, 8639674.246, 140
Trd, 8639674.446, 140
Trd, 8639674.746, 140
Trd, 8639674.846, 139
Trd, 8639674.946, 138
Trd, 8639675.146, 138
Trd, 8639675.346, 135
Trd, 8639676.046, 139
Trd, 8639676.479, 131
Trd, 8639677.112, 124
Trd, 8639677.179, 123
Trd, 8639677.812, 118
Trd, 8639678.646, 140
Trd, 8639678.779, 140
Trd, 8639679.179, 140
Trd, 8639679.212, 132
Trd, 8639680.312, 139
Trd, 8639680.946, 139
Trd, 8639681.212, 139
Trd, 8639681.546, 138
Trd, 8639681.612, 135
Trd, 8639682.779, 140
Trd, 8639683.079, 140
Trd, 8639683.546, 140
Trd, 8639684.212, 140
Trd, 8639684.446, 137
Trd, 8639684.612, 136
Trd, 8639686.079, 140
Trd, 8639686.146, 140
Trd, 8639686.379, 140
Trd, 8639686.846, 114
Trd, 8639686.879, 99
Trd, 8639687.212, 79
Trd, 8639687.512, 77
Trd, 8639687.812, 139
Trd, 8639688.412, 111
Trd, 8639689.979, 140
Trd, 8639690.546, 140
Trd, 8639690.612, 138
Trd, 8639690.679, 138
Trd, 8639691.279, 140
Trd, 8639691.712, 138
Trd, 8639692.279, 139
Trd, 8639692.312, 135
Trd, 8639692.579, 101
Trd, 8639693.546, 62
Trd, 8639694.112, 65
Trd, 8639694.179, 65
Trd, 8639694.612, 60
Trd, 8639695.646, 140
Trd, 8639696.212, 140
Trd, 8639696.312, 140
Trd, 8639696.746, 140
Trd, 8639696.879, 140
Trd, 8639696.946, 86
Trd, 8639697.912, 138
Trd, 8639698.579, 140
Trd, 8639698.846, 140
Trd, 8639699.279, 139
Trd, 8639699.946, 140
Trd, 8639699.979, 139
Trd, 8639700.046, 137
Trd, 8639701.446, 138
Trd, 8639702.146, 137
Trd, 8639702.212, 136
Trd, 8639702.246, 131
Trd, 8639702.479, 139
Trd, 8639703.212, 120
Trd, 8639703.879, 140
Trd, 8639704.246, 139
Trd, 8639704.679, 137
Trd, 8639705.246, 113
Trd, 8639705.979, 134
Trd, 8639706.646, 140
Trd, 8639707.046, 130
Trd, 8639707.312, 118
Trd, 8639707.946, 140
Trd, 8639708.412, 139
Trd, 8639708.679, 136
Trd, 8639709.612, 137
Trd, 8639710.146, 136
Trd, 8639710.212, 132
Trd, 8639710.379, 120
Trd, 8639710.446, 85
Trd, 8639711.812, 140
Trd, 8639712.079, 140
Trd, 8639712.612, 140
Trd, 8639712.812, 139
Trd, 8639713.746, 140
Trd, 8639713.946, 140
Trd, 8639714.646, 139
Trd, 8639715.079, 140
Trd, 8639715.612, 140
Trd, 8639716.012, 139
Trd, 8639716.546, 139
Trd, 8639717.246, 140
Trd, 8639717.746, 131
Trd, 8639718.912, 140
Trd, 8639719.012, 123
Trd, 8639719.546, 122
Trd, 8639719.746, 140
Trd, 8639719.779, 120
Trd, 8639719.912, 100
Trd, 8639719.979, 76
Trd, 8639720.912, 130
Trd, 8639721.179, 135
Trd, 8639721.512, 101
Trd, 8639721.679, 87
Trd, 8639721.912, 89
Trd, 8639722.312, 111
Trd, 8639722.379, 64
Trd, 8639722.612, 60
Trd, 8639722.712, 81
Trd, 8639724.579, 62
Trd, 8639724.946, 63
Trd, 8639725.112, 64
Trd, 8639726.312, 61
Trd, 8639726.646, 62
Trd, 8639726.912, 63
Trd, 8639727.346, 62
Trd, 8639727.579, 63
Trd, 8639728.079, 62
Trd, 8639728.279, 70
Trd, 8639728.312, 61
Trd, 8639728.346, 74
Trd, 8639728.779, 90
Trd, 8639729.379, 140
Trd, 8639729.446, 140
Trd, 8639729.512, 140
Trd, 8639730.746, 140
Trd, 8639731.479, 140
Trd, 8639731.646, 140
Trd, 8639731.912, 136
Trd, 8639732.579, 134
Trd, 8639732.812, 132
Trd, 8639733.212, 96
Trd, 8639733.612, 139
Trd, 8639733.946, 139
Trd, 8639734.312, 116
Trd, 8639735.046, 138
Trd, 8639736.646, 140
Trd, 8639736.679, 140
Trd, 8639737.412, 139
Trd, 8639737.912, 140
Trd, 8639737.979, 140
Trd, 8639738.112, 140
Trd, 8639738.879, 139
Trd, 8639739.479, 140
Trd, 8639739.679, 140
Trd, 8639741.312, 140
Trd, 8639741.979, 140
Trd, 8639742.012, 137
Trd, 8639742.112, 135
Trd, 8639742.512, 127
Trd, 8639743.046, 140
Trd, 8639743.146, 140
Trd, 8639744.412, 140
Trd, 8639744.579, 140
Trd, 8639744.946, 140
Trd, 8639745.312, 140
Trd, 8639745.512, 140
Trd, 8639746.312, 140
Trd, 8639746.512, 122
Trd, 8639747.146, 140
Trd, 8639747.412, 140
Trd, 8639748.946, 140
Trd, 8639749.246, 140
Trd, 8639749.512, 140
Trd, 8639750.312, 140
Trd, 8639750.579, 139
Trd, 8639751.346, 136
Trd, 8639751.546, 132
Trd, 8639751.579, 124
Trd, 8639751.679, 112
Trd, 8639752.346, 132
Trd, 8639753.546, 139
Trd, 8639753.912, 122
Trd, 8639755.179, 140
Trd, 8639755.246, 140
Trd, 8639755.512, 140
Trd, 8639756.346, 140
Trd, 8639756.812, 140
Trd, 8639757.146, 140
Trd, 8639757.946, 140
Trd, 8639758.579, 140
Trd, 8639758.679, 138
Trd, 8639759.112, 108
Trd, 8639759.446, 75
Trd, 8639759.512, 73
Trd, 8639759.579, 69
Trd, 8639760.046, 91
Trd, 8639760.346, 94
Trd, 8639760.646, 98
Trd, 8639761.279, 140
Trd, 8639762.912, 140
Trd, 8639763.212, 140
Trd, 8639763.779, 140
Trd, 8639763.846, 140
Trd, 8639764.012, 139
Trd, 8639764.546, 140
Trd, 8639764.746, 136
Trd, 8639765.079, 93
Trd, 8639765.679, 103
Trd, 8639765.846, 128
Trd, 8639767.212, 140
Trd, 8639767.579, 140
Trd, 8639768.779, 140
Trd, 8639769.446, 140
Trd, 8639769.612, 139
Trd, 8639769.846, 131
Trd, 8639770.479, 138
Trd, 8639771.312, 140
Trd, 8639771.446, 140
Trd, 8639771.546, 114
Trd, 8639772.012, 74
Trd, 8639772.512, 107
Trd, 8639772.712, 109
Trd, 8639773.179, 139
Trd, 8639773.512, 113
Trd, 8639773.679, 112
Trd, 8639774.912, 140
Trd, 8639774.979, 135
Trd, 8639775.212, 130
Trd, 8639775.312, 129
Trd, 8639775.479, 126
Trd, 8639776.712, 140
Trd, 8639777.012, 140
Trd, 8639778.179, 140
Trd, 8639778.612, 140
Trd, 8639778.712, 140
Trd, 8639779.179, 139
Trd, 8639779.246, 85
Trd, 8639780.079, 140
Trd, 8639781.346, 140
Trd, 8639781.546, 140
Trd, 8639781.612, 140
Trd, 8639781.779, 139
Trd, 8639782.312, 139
Trd, 8639782.979, 140
Trd, 8639783.146, 140
Trd, 8639783.812, 131
Trd, 8639784.246, 139
Trd, 8639784.346, 138
Trd, 8639784.512, 131
Trd, 8639785.579, 134
Trd, 8639785.946, 140
Trd, 8639786.379, 137
Trd, 8639787.046, 125
Trd, 8639787.112, 124
Trd, 8639787.346, 63
Trd, 8639788.279, 140
Trd, 8639789.112, 140
Trd, 8639789.279, 139
Trd, 8639790.112, 137
Trd, 8639790.146, 133
Trd, 8639790.512, 132
Trd, 8639790.879, 116
Trd, 8639791.479, 140
Trd, 8639792.679, 140
Trd, 8639792.812, 140
Trd, 8639793.112, 137
Trd, 8639793.479, 131
Trd, 8639793.679, 89
Trd, 8639794.779, 140
Trd, 8639795.146, 140
Trd, 8639795.412, 140
Trd, 8639795.912, 140
Trd, 8639796.279, 139
Trd, 8639796.812, 131
Trd, 8639797.179, 140
Trd, 8639797.379, 125
Trd, 8639797.979, 125
Trd, 8639798.146, 139
Trd, 8639798.679, 135
Trd, 8639799.512, 140
Trd, 8639800.612, 140
Trd, 8639800.846, 140
Trd, 8639801.046, 140
Trd, 8639801.146, 138
Trd, 8639801.279, 135
Trd, 8639801.346, 134
Trd, 8639801.646, 116
Trd, 8639802.212, 61
Trd, 8639802.446, 63
Trd, 8639803.046, 87
Trd, 8639803.646, 72
Trd, 8639804.012, 109
Trd, 8639804.146, 99
Trd, 8639804.512, 74
Trd, 8639805.446, 64
Trd, 8639805.779, 84
Trd, 8639806.112, 63
Trd, 8639806.346, 64
Trd, 8639806.412, 63
Trd, 8639807.579, 140
Trd, 8639808.212, 139
Trd, 8639808.646, 139
Trd, 8639809.346, 118
Trd, 8639809.679, 74
Trd, 8639809.979, 140
Trd, 8639810.612, 111
Trd, 8639810.679, 127
Trd, 8639810.979, 108
Trd, 8639811.279, 137
Trd, 8639812.112, 140
Trd, 8639812.379, 139
Trd, 8639812.712, 137
Trd, 8639812.879, 73
Trd, 8639813.879, 60
Trd, 8639814.479, 60
Trd, 8639814.512, 60
Trd, 8639815.446, 60
Trd, 8639815.912, 64
Trd, 8639817.112, 64
Trd, 8639817.179, 62
Trd, 8639817.446, 64
Trd, 8639817.779, 61
Trd, 8639818.312, 66
Trd, 8639818.679, 61
Trd, 8639819.179, 140
Trd, 8639819.646, 140
Trd, 8639820.212, 140
Trd, 8639820.246, 140
Trd, 8639820.579, 140
Trd, 8639820.779, 69
Trd, 8639820.879, 139
Trd, 8639821.446, 140
Trd, 8639822.079, 140
Trd, 8639822.246, 140
Trd, 8639822.279, 140
Trd, 8639822.746, 135
Trd, 8639823.046, 130
Trd, 8639825.246, 140
Trd, 8639825.312, 140
Trd, 8639825.846, 140
Trd, 8639826.446, 140
Trd, 8639826.879, 140
Trd, 8639827.046, 140
Trd, 8639827.979, 140
Trd, 8639828.146, 140
Trd, 8639828.779, 140
Trd, 8639828.812, 138
Trd, 8639829.412, 127
Trd, 8639830.146, 138
Trd, 8639830.546, 140
Trd, 8639831.012, 140
Trd, 8639831.779, 140
Trd, 8639832.446, 137
Trd, 8639832.679, 129
Trd, 8639832.846, 74
Trd, 8639833.179, 128
Trd, 8639833.579, 114
Trd, 8639834.812, 140
Trd, 8639834.946, 139
Trd, 8639835.746, 140
Trd, 8639835.879, 106
Trd, 8639835.946, 105
Trd, 8639836.812, 138
Trd, 8639837.079, 140
Trd, 8639837.279, 140
Trd, 8639837.312, 137
Trd, 8639838.079, 139
Trd, 8639840.212, 140
Trd, 8639840.679, 140
Trd, 8639840.879, 140
Trd, 8639841.012, 140
Trd, 8639841.179, 140
Trd, 8639841.446, 140
Trd, 8639841.512, 139
Trd, 8639841.912, 136
Trd, 8639842.346, 87
Trd, 8639842.646, 140
Trd, 8639843.379, 110
Trd, 8639843.679, 88
Trd, 8639843.912, 88
Trd, 8639844.212, 89
Trd, 8639844.246, 88
Trd, 8639845.279, 93
Trd, 8639845.646, 87
Trd, 8639846.179, 84
Trd, 8639846.346, 92
Trd, 8639846.546, 61
Trd, 8639846.879, 93
Trd, 8639847.712, 140
Trd, 8639847.812, 139
Trd, 8639848.312, 139
Trd, 8639848.979, 139
Trd, 8639849.046, 137
Trd, 8639849.946, 140
Trd, 8639850.446, 140
Trd, 8639850.546, 136
Trd, 8639850.712, 135
Trd, 8639851.012, 109
Trd, 8639851.912, 140
Trd, 8639852.179, 131
Trd, 8639852.279, 91
Trd, 8639852.579, 138
Trd, 8639852.946, 89
Trd, 8639854.546, 140
Trd, 8639854.679, 140
Trd, 8639855.279, 140
Trd, 8639855.512, 123
Trd, 8639855.712, 123
Trd, 8639856.179, 114
Trd, 8639856.646, 114
Trd, 8639856.812, 113
Trd, 8639858.246, 140
Trd, 8639858.346, 139
Trd, 8639858.412, 137
Trd, 8639858.812, 135
Trd, 8639858.879, 89
Trd, 8639859.779, 139
Trd, 8639859.979, 138
Trd, 8639860.346, 140
Trd, 8639860.912, 62
Trd, 8639862.146, 139
Trd, 8639862.179, 135
Trd, 8639863.246, 140
Trd, 8639864.146, 140
Trd, 8639864.812, 140
Trd, 8639864.846, 140
Trd, 8639865.279, 140
Trd, 8639865.512, 135
Trd, 8639866.212, 139
Trd, 8639866.979, 140
Trd, 8639867.112, 128
Trd, 8639868.046, 140
Trd, 8639868.312, 140
Trd, 8639868.679, 139
Trd, 8639868.746, 135
Trd, 8639869.046, 90
Trd, 8639869.279, 139
Trd, 8639869.412, 140
Trd, 8639870.846, 140
Trd, 8639871.212, 140
Trd, 8639871.346, 140
Trd, 8639871.879, 135
Trd, 8639872.346, 131
Trd, 8639873.479, 140
Trd, 8639873.779, 140
Trd, 8639874.146, 140
Trd, 8639874.379, 135
Trd, 8639874.579, 130
Trd, 8639875.546, 111
Trd, 8639875.779, 140
Trd, 8639875.812, 140
Trd, 8639876.446, 140
Trd, 8639877.046, 140
Trd, 8639877.146, 140
Trd, 8639877.279, 95
Trd, 8639877.879, 140
Trd, 8639878.046, 94
Trd, 8639880.079, 140
Trd, 8639880.112, 140
Trd, 8639880.546, 139
Trd, 8639880.812, 140
Trd, 8639880.979, 140
Trd, 8639881.246, 140
Trd, 8639881.379, 83
Trd, 8639882.379, 140
Trd, 8639882.512, 140
Trd, 8639884.079, 126
Trd, 8639884.646, 129
Trd, 8639884.679, 128
Trd, 8639885.112, 140
Trd, 8639886.079, 139
Trd, 8639886.512, 140
Trd, 8639886.912, 140
Trd, 8639887.046, 140
Trd, 8639887.646, 135
Trd, 8639888.546, 139
Trd, 8639889.146, 140
Trd, 8639889.246, 111
Trd, 8639889.712, 139
Trd, 8639889.779, 74
Trd, 8639889.979, 71
Trd, 8639890.546, 66
Trd, 8639891.046, 60
Trd, 8639891.379, 88
Trd, 8639892.179, 61
Trd, 8639892.679, 62
Trd, 8639893.579, 62
Trd, 8639894.379, 61
Trd, 8639894.746, 63
Trd, 8639894.946, 61
Trd, 8639895.112, 63
Trd, 8639895.679, 64
Trd, 8639896.046, 123
Trd, 8639896.679, 66
Trd, 8639897.446, 130
Trd, 8639897.746, 130
Trd, 8639898.079, 129
Trd, 8639898.279, 138
Trd, 8639898.312, 96
Trd, 8639898.979, 140
Trd, 8639899.246, 130
Trd, 8639899.812, 99
Trd, 8639899.879, 87
Trd, 8639900.212, 115
Trd, 8639900.279, 88
Trd, 8639901.446, 65
Trd, 8639901.846, 93
Trd, 8639902.079, 115
Trd, 8639902.879, 61
Trd, 8639903.212, 61
Trd, 8639903.312, 62
Trd, 8639903.412, 62
Trd, 8639903.812, 140
Trd, 8639904.112, 139
Trd, 8639904.179, 139
Trd, 8639904.946, 137
Trd, 8639905.346, 136
Trd, 8639905.712, 135
Trd, 8639906.946, 118
Trd, 8639907.012, 119
Trd, 8639907.179, 114
Trd, 8639907.312, 97
Trd, 8639907.812, 121
Trd, 8639907.912, 122
Trd, 8639908.712, 61
Trd, 8639908.779, 63
Trd, 8639909.712, 61
Trd, 8639909.846, 62
Trd, 8639910.779, 60
Trd, 8639911.879, 60
Trd, 8639911.979, 63
Trd, 8639912.912, 61
Trd, 8639913.146, 60
Trd, 8639913.679, 61
Trd, 8639913.712, 61
Trd, 8639914.579, 63
Trd, 8639914.612, 64
Trd, 8639915.046, 62
Trd, 8639915.079, 62
Trd, 8639915.412, 60
Trd, 8639915.479, 61
Trd, 8639915.679, 61
Trd, 8639916.646, 63
Trd, 8639917.312, 62
Trd, 8639917.346, 74
Trd, 8639917.412, 78
Trd, 8639918.979, 65
Trd, 8639919.279, 68
Trd, 8639919.546, 65
Trd, 8639919.579, 63
Trd, 8639920.112, 88
Trd, 8639920.212, 87
Trd, 8639920.746, 140
Trd, 8639921.479, 140
Trd, 8639921.779, 139
Trd, 8639921.946, 140
Trd, 8639922.012, 135
Trd, 8639922.546, 133
Trd, 8639922.946, 130
Trd, 8639923.546, 138
Trd, 8639924.646, 140
Trd, 8639925.146, 140
Trd, 8639925.212, 140
Trd, 8639925.479, 138
Trd, 8639926.246, 134
Trd, 8639926.312, 130
Trd, 8639927.046, 132
Trd, 8639927.712, 140
Trd, 8639928.046, 140
Trd, 8639928.812, 140
Trd, 8639929.212, 140
Trd, 8639930.146, 139
Trd, 8639930.246, 140
Trd, 8639930.612, 140
Trd, 8639931.412, 140
Trd, 8639931.979, 140
Trd, 8639932.479, 140
Trd, 8639932.512, 140
Trd, 8639932.646, 140
Trd, 8639933.546, 138
Trd, 8639933.612, 138
Trd, 8639933.812, 135
Trd, 8639933.879, 129
Trd, 8639934.146, 140
Trd, 8639934.279, 140
Trd, 8639934.512, 108
Trd, 8639934.979, 139
Trd, 8639935.279, 97
Trd, 8639935.346, 86
Trd, 8639935.946, 132
Trd, 8639936.479, 133
Trd, 8639936.912, 131
Trd, 8639937.046, 130
Trd, 8639937.112, 137
Trd, 8639937.279, 120
Trd, 8639937.379, 88
Trd, 8639937.579, 67
Trd, 8639938.479, 63
Trd, 8639938.946, 62
Trd, 8639940.779, 61
Trd, 8639940.879, 61
Trd, 8639941.179, 61
Trd, 8639941.246, 63
Trd, 8639942.079, 110
Trd, 8639942.112, 72
Trd, 8639943.246, 63
Trd, 8639943.346, 64
Trd, 8639943.379, 62
Trd, 8639943.546, 109
Trd, 8639943.846, 84
Trd, 8639944.779, 140
Trd, 8639945.412, 139
Trd, 8639945.879, 138
Trd, 8639946.146, 140
Trd, 8639946.246, 136
Trd, 8639946.279, 135
Trd, 8639946.312, 113
Trd, 8639947.112, 140
Trd, 8639947.312, 61
Trd, 8639949.346, 140
Trd, 8639949.546, 139
Trd, 8639949.612, 140
Trd, 8639950.312, 140
Trd, 8639950.846, 139
Trd, 8639951.479, 127
Trd, 8639951.746, 121
Trd, 8639951.912, 122
Trd, 8639952.179, 106
Trd, 8639953.012, 124
Trd, 8639953.446, 125
Trd, 8639953.612, 73
Trd, 8639953.812, 128
Trd, 8639953.979, 140
Trd, 8639954.546, 93
Trd, 8639954.879, 139
Trd, 8639955.146, 63
Trd, 8639955.912, 61
Trd, 8639956.779, 62
Trd, 8639958.646, 61
Trd, 8639958.679, 62
Trd, 8639958.712, 64
Trd, 8639959.279, 62
Trd, 8639959.612, 61
Trd, 8639959.646, 63
Trd, 8639960.079, 60
Trd, 8639960.479, 62
Trd, 8639960.612, 60
Trd, 8639960.812, 62
Trd, 8639961.579, 128
Trd, 8639961.612, 103
Trd, 8639961.979, 103
Trd, 8639962.112, 101
Trd, 8639962.779, 69
Trd, 8639963.446, 62
Trd, 8639964.512, 63
Trd, 8639964.679, 66
Trd, 8639965.612, 60
Trd, 8639965.679, 62
Trd, 8639966.212, 62
Trd, 8639966.646, 61
Trd, 8639966.679, 60
Trd, 8639967.212, 60
Trd, 8639968.446, 60
Trd, 8639968.479, 62
Trd, 8639969.012, 62
Trd, 8639969.079, 63
Trd, 8639969.546, 65
Trd, 8639970.479, 60
Trd, 8639970.579, 62
Trd, 8639971.612, 64
Trd, 8639971.879, 70
Trd, 8639971.946, 63
Trd, 8639972.046, 64
Trd, 8639972.479, 75
Trd, 8639972.746, 62
Trd, 8639972.846, 60
Trd, 8639973.346, 140
Trd, 8639973.512, 130
Trd, 8639975.312, 140
Trd, 8639975.879, 140
Trd, 8639976.279, 138
Trd, 8639976.612, 130
Trd, 8639977.046, 140
Trd, 8639977.112, 130
Trd, 8639977.412, 140
Trd, 8639978.212, 140
Trd, 8639978.246, 140
Trd, 8639978.546, 140
Trd, 8639978.679, 140
Trd, 8639980.679, 140
Trd, 8639981.279, 140
Trd, 8639982.079, 129
Trd, 8639982.412, 116
Trd, 8639982.779, 139
Trd, 8639983.579, 140
Trd, 8639983.779, 139
Trd, 8639984.012, 138
Trd, 8639984.279, 137
Trd, 8639984.512, 122
Trd, 8639986.312, 60
Trd, 8639986.412, 61
Trd, 8639986.546, 63
Trd, 8639987.479, 62
Trd, 8639987.746, 140
Trd, 8639987.912, 134
Trd, 8639988.412, 61
Trd, 8639989.146, 63
Trd, 8639989.312, 65
Trd, 8639989.412, 72
Trd, 8639989.646, 65
Trd, 8639989.679, 64
Trd, 8639989.812, 106
Trd, 8639990.279, 64
Trd, 8639991.146, 61
Trd, 8639991.312, 63
Trd, 8639991.979, 60
Trd, 8639992.112, 62
Trd, 8639992.779, 60
Trd, 8639993.946, 60
Trd, 8639993.979, 60
Trd, 8639994.179, 61
Trd, 8639994.746, 65
Trd, 8639995.912, 140
Trd, 8639996.479, 140
Trd, 8639997.146, 140
Trd, 8639997.612, 140
Trd, 8639997.746, 140
Trd, 8639998.246, 140
Trd, 8639998.346, 139
Trd, 8639998.879, 138
Trd, 8639999.146, 135
Trd, 8639999.312, 140
Trd, 8639999.646, 100
Trd, 8639999.879, 99
