Trd, 8638799.546, 94
Trd, 8638799.646, 128
Trd, 8638799.712, 70
Trd, 8638799.746, 68
Trd, 8638799.912, 65
Trd, 8638800.312, 139
Trd, 8638800.379, 120
Trd, 8638801.446, 65
Trd, 8638801.679, 64
Trd, 8638801.979, 61
Trd, 8638802.012, 69
Trd, 8638802.079, 72
Trd, 8638802.346, 60
Trd, 8638802.446, 61
Trd, 8638803.212, 61
Trd, 8638803.812, 79
Trd, 8638804.012, 78
Trd, 8638804.746, 78
Trd, 8638804.812, 70
Trd, 8638805.012, 64
Trd, 8638805.679, 60
Trd, 8638805.779, 60
Trd, 8638807.212, 65
Trd, 8638807.779, 140
Trd, 8638808.146, 69
Trd, 8638808.279, 69
Trd, 8638808.446, 68
Trd, 8638808.479, 83
Trd, 8638809.146, 140
Trd, 8638809.479, 118
Trd, 8638809.646, 117
Trd, 8638810.079, 140
Trd, 8638810.579, 62
Trd, 8638811.712, 61
Trd, 8638812.446, 62
Trd, 8638812.679, 66
Trd, 8638813.012, 60
Trd, 8638813.546, 67
Trd, 8638813.946, 68
Trd, 8638814.012, 71
Trd, 8638814.312, 64
Trd, 8638814.779, 67
Trd, 8638814.912, 84
Trd, 8638815.712, 90
Trd, 8638816.112, 88
Trd, 8638816.812, 97
Trd, 8638817.479, 139
Trd, 8638817.546, 123
Trd, 8638818.079, 94
Trd, 8638818.212, 95
Trd, 8638818.446, 95
Trd, 8638818.646, 95
Trd, 8638818.679, 90
Trd, 8638819.479, 138
Trd, 8638820.212, 99
Trd, 8638820.546, 94
Trd, 8638820.812, 94
Trd, 8638821.046, 93
Trd, 8638821.079, 108
Trd, 8638821.312, 91
Trd, 8638821.612, 92
Trd, 8638821.712, 90
Trd, 8638821.812, 83
Trd, 8638822.312, 140
Trd, 8638822.912, 98
Trd, 8638823.112, 102
Trd, 8638823.412, 92
Trd, 8638824.746, 68
Trd, 8638824.879, 67
Trd, 8638825.612, 67
Trd, 8638825.979, 68
Trd, 8638826.179, 67
Trd, 8638826.246, 70
Trd, 8638828.046, 60
Trd, 8638828.812, 60
Trd, 8638829.012, 62
Trd, 8638829.079, 63
Trd, 8638830.246, 63
Trd, 8638830.446, 73
Trd, 8638830.712, 61
Trd, 8638831.312, 81
Trd, 8638831.412, 64
Trd, 8638831.579, 64
Trd, 8638831.612, 65
Trd, 8638831.879, 65
Trd, 8638831.979, 65
Trd, 8638832.812, 85
Trd, 8638833.079, 86
Trd, 8638833.179, 84
Trd, 8638834.112, 140
Trd, 8638834.212, 140
Trd, 8638834.479, 140
Trd, 8638835.379, 140
Trd, 8638835.912, 140
Trd, 8638835.979, 140
Trd, 8638836.612, 118
Trd, 8638836.712, 111
Trd, 8638836.779, 96
Trd, 8638837.412, 86
Trd, 8638838.212, 60
Trd, 8638838.412, 63
Trd, 8638839.179, 61
Trd, 8638839.312, 109
Trd, 8638840.346, 140
Trd, 8638841.046, 140
Trd, 8638841.079, 140
Trd, 8638841.412, 140
Trd, 8638841.479, 140
Trd, 8638841.779, 125
Trd, 8638842.012, 124
Trd, 8638842.312, 111
Trd, 8638842.579, 108
Trd, 8638842.979, 99
Trd, 8638843.012, 97
Trd, 8638843.946, 140
Trd, 8638844.279, 139
Trd, 8638844.612, 126
Trd, 8638844.879, 120
Trd, 8638845.379, 140
Trd, 8638845.712, 140
Trd, 8638845.979, 140
Trd, 8638846.412, 140
Trd, 8638846.579, 140
Trd, 8638846.679, 139
Trd, 8638847.012, 133
Trd, 8638847.279, 130
Trd, 8638847.446, 65
Trd, 8638849.446, 63
Trd, 8638849.912, 64
Trd, 8638850.112, 64
Trd, 8638851.346, 60
Trd, 8638851.612, 62
Trd, 8638852.212, 65
Trd, 8638852.412, 64
Trd, 8638852.612, 67
Trd, 8638852.712, 64
Trd, 8638853.079, 66
Trd, 8638853.279, 64
Trd, 8638854.512, 89
Trd, 8638854.979, 66
Trd, 8638855.112, 66
Trd, 8638855.512, 67
Trd, 8638855.646, 97
Trd, 8638855.679, 108
Trd, 8638856.046, 86
Trd, 8638856.112, 85
Trd, 8638857.412, 75
Trd, 8638857.679, 61
Trd, 8638858.346, 62
Trd, 8638858.779, 60
Trd, 8638858.912, 65
Trd, 8638859.712, 65
Trd, 8638859.979, 63
Trd, 8638860.412, 63
Trd, 8638861.312, 140
Trd, 8638861.712, 140
Trd, 8638861.846, 140
Trd, 8638861.979, 140
Trd, 8638862.246, 140
Trd, 8638862.546, 140
Trd, 8638862.579, 140
Trd, 8638862.712, 117
Trd, 8638862.879, 88
Trd, 8638863.412, 61
Trd, 8638863.612, 140
Trd, 8638865.046, 61
Trd, 8638865.546, 139
Trd, 8638866.179, 60
Trd, 8638866.679, 60
Trd, 8638867.046, 63
Trd, 8638867.312, 64
Trd, 8638867.879, 64
Trd, 8638868.012, 68
Trd, 8638868.246, 67
Trd, 8638868.979, 140
Trd, 8638869.046, 140
Trd, 8638869.346, 65
Trd, 8638869.412, 91
Trd, 8638871.246, 76
Trd, 8638871.512, 77
Trd, 8638872.012, 140
Trd, 8638872.212, 77
Trd, 8638872.679, 77
Trd, 8638873.646, 102
Trd, 8638873.679, 101
Trd, 8638873.712, 100
Trd, 8638874.346, 136
Trd, 8638874.379, 135
Trd, 8638874.512, 138
Trd, 8638874.912, 124
Trd, 8638874.979, 106
Trd, 8638876.246, 90
Trd, 8638877.046, 60
Trd, 8638877.912, 60
Trd, 8638878.746, 60
Trd, 8638879.112, 61
Trd, 8638879.312, 61
Trd, 8638879.412, 60
Trd, 8638879.546, 60
Trd, 8638879.612, 65
Trd, 8638879.679, 82
Trd, 8638879.879, 60
Trd, 8638880.012, 61
Trd, 8638880.179, 64
Trd, 8638880.612, 139
Trd, 8638880.879, 140
Trd, 8638881.579, 140
Trd, 8638881.779, 114
Trd, 8638881.846, 70
Trd, 8638883.246, 60
Trd, 8638883.879, 60
Trd, 8638883.912, 67
Trd, 8638885.212, 62
Trd, 8638886.279, 61
Trd, 8638887.012, 65
Trd, 8638887.246, 65
Trd, 8638887.312, 64
Trd, 8638887.346, 63
Trd, 8638887.379, 66
Trd, 8638887.512, 67
Trd, 8638887.546, 63
Trd, 8638888.412, 115
Trd, 8638888.446, 114
Trd, 8638889.146, 89
Trd, 8638889.446, 60
Trd, 8638889.746, 132
Trd, 8638890.479, 64
Trd, 8638890.946, 66
Trd, 8638891.279, 98
Trd, 8638891.379, 90
Trd, 8638891.846, 62
Trd, 8638894.246, 60
Trd, 8638894.479, 60
Trd, 8638894.679, 63
Trd, 8638894.712, 62
Trd, 8638894.746, 63
Trd, 8638895.179, 65
Trd, 8638895.512, 64
Trd, 8638895.779, 62
Trd, 8638896.346, 62
Trd, 8638896.512, 70
Trd, 8638897.946, 60
Trd, 8638898.112, 60
Trd, 8638898.212, 61
Trd, 8638898.646, 64
Trd, 8638899.446, 88
Trd, 8638899.479, 87
Trd, 8638899.812, 86
Trd, 8638899.912, 121
Trd, 8638899.979, 86
Trd, 8638900.279, 95
Trd, 8638900.412, 140
Trd, 8638900.712, 88
Trd, 8638901.146, 88
Trd, 8638901.579, 67
Trd, 8638902.446, 61
Trd, 8638902.879, 97
Trd, 8638903.112, 62
Trd, 8638903.312, 85
Trd, 8638904.446, 60
Trd, 8638905.012, 61
Trd, 8638905.146, 62
Trd, 8638905.546, 63
Trd, 8638906.179, 65
Trd, 8638906.712, 66
Trd, 8638907.512, 66
Trd, 8638907.579, 62
Trd, 8638907.879, 61
Trd, 8638908.846, 60
Trd, 8638908.979, 61
Trd, 8638909.379, 68
Trd, 8638909.446, 72
Trd, 8638909.979, 66
Trd, 8638910.146, 65
Trd, 8638910.812, 64
Trd, 8638911.112, 81
Trd, 8638911.746, 68
Trd, 8638911.812, 63
Trd, 8638911.846, 70
Trd, 8638912.146, 67
Trd, 8638912.412, 63
Trd, 8638914.246, 60
Trd, 8638914.712, 60
Trd, 8638914.812, 62
Trd, 8638914.946, 62
Trd, 8638915.312, 60
Trd, 8638915.612, 65
Trd, 8638915.679, 65
Trd, 8638916.046, 61
Trd, 8638916.146, 61
Trd, 8638916.312, 63
Trd, 8638916.579, 64
Trd, 8638917.346, 64
Trd, 8638917.412, 62
Trd, 8638918.112, 64
Trd, 8638918.379, 60
Trd, 8638918.812, 60
Trd, 8638919.979, 140
Trd, 8638920.012, 140
Trd, 8638920.079, 116
Trd, 8638921.179, 94
Trd, 8638921.212, 104
Trd, 8638921.279, 93
Trd, 8638922.412, 73
Trd, 8638922.579, 127
Trd, 8638923.079, 69
Trd, 8638923.179, 119
Trd, 8638923.446, 68
Trd, 8638923.546, 67
Trd, 8638923.679, 67
Trd, 8638924.146, 62
Trd, 8638924.312, 61
Trd, 8638924.879, 63
Trd, 8638925.312, 63
Trd, 8638925.812, 65
Trd, 8638927.412, 62
Trd, 8638927.679, 61
Trd, 8638927.812, 60
Trd, 8638927.912, 65
Trd, 8638928.579, 62
Trd, 8638928.646, 64
Trd, 8638929.312, 68
Trd, 8638929.679, 64
Trd, 8638929.779, 64
Trd, 8638930.846, 140
Trd, 8638930.879, 123
Trd, 8638931.846, 140
Trd, 8638932.012, 140
Trd, 8638932.146, 140
Trd, 8638932.679, 93
Trd, 8638933.446, 140
Trd, 8638933.512, 92
Trd, 8638933.546, 83
Trd, 8638933.912, 65
Trd, 8638934.346, 65
Trd, 8638935.079, 61
Trd, 8638935.579, 61
Trd, 8638936.579, 64
Trd, 8638936.879, 64
Trd, 8638936.912, 63
Trd, 8638937.946, 84
Trd, 8638938.012, 83
Trd, 8638938.046, 82
Trd, 8638938.479, 76
Trd, 8638938.579, 87
Trd, 8638938.679, 75
Trd, 8638938.979, 61
Trd, 8638939.279, 60
Trd, 8638939.579, 113
Trd, 8638940.046, 107
Trd, 8638940.179, 112
Trd, 8638941.546, 136
Trd, 8638941.779, 140
Trd, 8638942.446, 140
Trd, 8638942.946, 140
Trd, 8638943.046, 140
Trd, 8638943.379, 140
Trd, 8638943.946, 140
Trd, 8638943.979, 140
Trd, 8638944.446, 112
Trd, 8638944.546, 89
Trd, 8638944.846, 77
Trd, 8638944.879, 76
Trd, 8638945.879, 84
Trd, 8638946.979, 140
Trd, 8638947.179, 140
Trd, 8638947.412, 140
Trd, 8638947.879, 140
Trd, 8638948.312, 140
Trd, 8638948.679, 140
Trd, 8638949.446, 140
Trd, 8638949.479, 126
Trd, 8638949.679, 140
Trd, 8638949.712, 122
Trd, 8638950.779, 110
Trd, 8638950.846, 109
Trd, 8638952.012, 65
Trd, 8638952.246, 61
Trd, 8638953.346, 76
Trd, 8638953.412, 78
Trd, 8638953.846, 78
Trd, 8638953.979, 77
Trd, 8638955.246, 63
Trd, 8638955.346, 60
Trd, 8638955.712, 63
Trd, 8638956.079, 65
Trd, 8638956.246, 66
Trd, 8638956.812, 68
Trd, 8638957.979, 60
Trd, 8638958.212, 60
Trd, 8638960.946, 60
Trd, 8638961.079, 61
Trd, 8638961.112, 62
Trd, 8638961.446, 60
Trd, 8638962.079, 60
Trd, 8638962.112, 60
Trd, 8638962.312, 62
Trd, 8638962.946, 63
Trd, 8638963.079, 62
Trd, 8638963.179, 62
Trd, 8638964.112, 91
Trd, 8638964.246, 80
Trd, 8638964.279, 79
Trd, 8638964.746, 86
Trd, 8638964.779, 80
Trd, 8638964.879, 91
Trd, 8638965.246, 72
Trd, 8638965.679, 60
Trd, 8638966.446, 63
Trd, 8638966.779, 65
Trd, 8638967.112, 63
Trd, 8638967.612, 67
Trd, 8638967.812, 66
Trd, 8638968.579, 77
Trd, 8638968.712, 63
Trd, 8638969.746, 60
Trd, 8638970.112, 60
Trd, 8638970.646, 61
Trd, 8638970.712, 60
Trd, 8638971.012, 63
Trd, 8638971.546, 84
Trd, 8638972.179, 99
Trd, 8638972.279, 124
Trd, 8638972.712, 140
Trd, 8638972.912, 139
Trd, 8638973.246, 126
Trd, 8638974.046, 93
Trd, 8638974.112, 92
Trd, 8638974.246, 90
Trd, 8638974.679, 83
Trd, 8638974.712, 82
Trd, 8638975.246, 78
Trd, 8638976.979, 60
Trd, 8638977.079, 60
Trd, 8638977.412, 62
Trd, 8638977.812, 82
Trd, 8638977.912, 88
Trd, 8638978.446, 61
Trd, 8638979.046, 61
Trd, 8638979.146, 64
Trd, 8638980.046, 91
Trd, 8638981.712, 140
Trd, 8638981.946, 140
Trd, 8638982.212, 140
Trd, 8638982.246, 140
Trd, 8638982.379, 118
Trd, 8638983.179, 114
Trd, 8638983.346, 112
Trd, 8638983.579, 110
Trd, 8638983.712, 100
Trd, 8638984.246, 103
Trd, 8638984.346, 91
Trd, 8638984.779, 90
Trd, 8638984.979, 89
Trd, 8638985.246, 140
Trd, 8638986.079, 140
Trd, 8638986.112, 140
Trd, 8638986.312, 116
Trd, 8638986.479, 68
Trd, 8638987.646, 63
Trd, 8638988.579, 62
Trd, 8638989.779, 60
Trd, 8638989.812, 60
Trd, 8638989.946, 60
Trd, 8638990.446, 61
Trd, 8638990.646, 60
Trd, 8638990.846, 61
Trd, 8638991.446, 63
Trd, 8638991.646, 62
Trd, 8638991.879, 62
Trd, 8638993.046, 60
Trd, 8638994.212, 60
Trd, 8638994.279, 64
Trd, 8638994.379, 63
Trd, 8638994.579, 60
Trd, 8638994.679, 65
Trd, 8638995.546, 82
Trd, 8638995.879, 140
Trd, 8638995.979, 140
Trd, 8638996.279, 140
Trd, 8638996.546, 140
Trd, 8638996.779, 140
Trd, 8638997.012, 113
Trd, 8638997.246, 112
Trd, 8638997.746, 106
Trd, 8638998.812, 140
Trd, 8638998.846, 140
Trd, 8638999.279, 126
Trd, 8638999.712, 140
Trd, 8639000.079, 126
Trd, 8639000.379, 125
Trd, 8639000.446, 124
Trd, 8639001.112, 125
Trd, 8639001.146, 124
Trd, 8639001.712, 100
Trd, 8639001.879, 94
Trd, 8639002.379, 94
Trd, 8639002.546, 93
Trd, 8639002.712, 74
Trd, 8639004.046, 140
Trd, 8639004.112, 140
Trd, 8639004.212, 126
Trd, 8639004.312, 88
Trd, 8639004.612, 139
Trd, 8639005.346, 63
Trd, 8639006.079, 64
Trd, 8639006.346, 60
Trd, 8639006.746, 69
Trd, 8639006.979, 64
Trd, 8639007.112, 63
Trd, 8639007.679, 63
Trd, 8639008.646, 74
Trd, 8639009.246, 67
Trd, 8639009.479, 74
Trd, 8639009.646, 67
Trd, 8639010.612, 140
Trd, 8639010.746, 140
Trd, 8639010.779, 139
Trd, 8639011.146, 125
Trd, 8639011.212, 124
Trd, 8639011.479, 93
Trd, 8639012.079, 90
Trd, 8639012.279, 86
Trd, 8639014.312, 60
Trd, 8639014.412, 64
Trd, 8639014.846, 62
Trd, 8639015.212, 63
Trd, 8639015.346, 114
Trd, 8639015.379, 62
Trd, 8639016.312, 63
Trd, 8639016.646, 60
Trd, 8639017.412, 62
Trd, 8639017.579, 65
Trd, 8639018.446, 140
Trd, 8639018.746, 140
Trd, 8639019.179, 81
Trd, 8639019.812, 62
Trd, 8639019.946, 61
Trd, 8639020.146, 62
Trd, 8639020.412, 60
Trd, 8639020.912, 61
Trd, 8639021.012, 61
Trd, 8639022.079, 62
Trd, 8639022.146, 67
Trd, 8639023.112, 69
Trd, 8639023.146, 67
Trd, 8639023.612, 86
Trd, 8639023.712, 72
Trd, 8639023.812, 70
Trd, 8639024.179, 69
Trd, 8639024.479, 68
Trd, 8639024.846, 140
Trd, 8639025.479, 60
Trd, 8639026.279, 60
Trd, 8639026.679, 66
Trd, 8639026.779, 63
Trd, 8639026.846, 61
Trd, 8639027.279, 140
Trd, 8639027.312, 140
Trd, 8639027.712, 72
Trd, 8639028.146, 62
Trd, 8639029.446, 60
Trd, 8639030.212, 65
Trd, 8639031.379, 62
Trd, 8639032.412, 61
Trd, 8639032.546, 62
Trd, 8639032.746, 64
Trd, 8639032.912, 62
Trd, 8639032.979, 65
Trd, 8639033.579, 60
Trd, 8639034.246, 61
Trd, 8639034.579, 62
Trd, 8639035.346, 70
Trd, 8639035.712, 80
Trd, 8639035.846, 69
Trd, 8639035.946, 70
Trd, 8639036.346, 70
Trd, 8639036.679, 98
Trd, 8639036.979, 104
Trd, 8639037.079, 78
Trd, 8639037.479, 76
Trd, 8639037.746, 66
Trd, 8639037.912, 80
Trd, 8639038.146, 140
Trd, 8639038.479, 140
Trd, 8639038.612, 99
Trd, 8639039.212, 62
Trd, 8639040.379, 64
Trd, 8639041.312, 60
Trd, 8639042.546, 60
Trd, 8639042.879, 61
Trd, 8639043.346, 64
Trd, 8639044.179, 61
Trd, 8639045.312, 60
Trd, 8639045.546, 60
Trd, 8639046.012, 61
Trd, 8639046.646, 61
Trd, 8639047.446, 61
Trd, 8639047.612, 62
Trd, 8639047.879, 60
Trd, 8639048.779, 60
Trd, 8639049.246, 62
Trd, 8639049.846, 63
Trd, 8639050.412, 62
Trd, 8639050.646, 62
Trd, 8639050.779, 62
Trd, 8639050.912, 64
Trd, 8639051.079, 64
Trd, 8639051.179, 62
Trd, 8639051.679, 61
Trd, 8639051.979, 128
Trd, 8639052.279, 63
Trd, 8639052.612, 110
Trd, 8639053.679, 73
Trd, 8639053.712, 68
Trd, 8639053.746, 65
Trd, 8639053.946, 65
Trd, 8639054.446, 67
Trd, 8639054.946, 67
Trd, 8639055.312, 89
Trd, 8639055.346, 66
Trd, 8639056.046, 63
Trd, 8639056.179, 114
Trd, 8639057.779, 60
Trd, 8639059.246, 60
Trd, 8639059.279, 60
Trd, 8639059.512, 60
Trd, 8639059.679, 62
Trd, 8639060.112, 64
Trd, 8639060.712, 60
Trd, 8639060.912, 60
Trd, 8639061.446, 60
Trd, 8639061.812, 60
Trd, 8639062.246, 61
Trd, 8639062.846, 61
Trd, 8639063.112, 62
Trd, 8639063.146, 72
Trd, 8639063.512, 64
Trd, 8639063.612, 61
Trd, 8639064.479, 63
Trd, 8639064.646, 62
Trd, 8639064.779, 63
Trd, 8639065.746, 63
Trd, 8639066.612, 60
Trd, 8639067.079, 60
Trd, 8639067.279, 60
Trd, 8639067.446, 60
Trd, 8639067.712, 64
Trd, 8639067.812, 91
Trd, 8639068.046, 72
Trd, 8639068.646, 61
Trd, 8639069.546, 61
Trd, 8639069.712, 72
Trd, 8639070.779, 60
Trd, 8639071.012, 60
Trd, 8639071.479, 60
Trd, 8639071.579, 63
Trd, 8639072.112, 64
Trd, 8639072.579, 65
Trd, 8639072.612, 67
Trd, 8639072.846, 101
Trd, 8639072.912, 85
Trd, 8639073.412, 68
Trd, 8639074.546, 140
Trd, 8639074.579, 140
Trd, 8639075.146, 139
Trd, 8639075.412, 124
Trd, 8639076.246, 115
Trd, 8639076.412, 140
Trd, 8639076.746, 139
Trd, 8639076.879, 113
Trd, 8639077.746, 140
Trd, 8639078.212, 140
Trd, 8639078.746, 140
Trd, 8639078.946, 140
Trd, 8639079.679, 139
Trd, 8639079.912, 140
Trd, 8639080.379, 140
Trd, 8639080.579, 140
Trd, 8639081.246, 137
Trd, 8639081.346, 123
Trd, 8639081.646, 119
Trd, 8639081.812, 119
Trd, 8639082.246, 107
Trd, 8639082.512, 100
Trd, 8639082.946, 140
Trd, 8639083.046, 140
Trd, 8639083.179, 94
Trd, 8639083.612, 93
Trd, 8639083.846, 93
Trd, 8639084.779, 94
Trd, 8639085.179, 96
Trd, 8639086.412, 99
Trd, 8639086.446, 97
Trd, 8639086.979, 94
Trd, 8639087.012, 93
Trd, 8639087.112, 139
Trd, 8639087.779, 139
Trd, 8639087.912, 138
Trd, 8639088.279, 140
Trd, 8639089.046, 123
Trd, 8639089.479, 122
Trd, 8639089.846, 121
Trd, 8639089.979, 112
Trd, 8639090.279, 97
Trd, 8639090.346, 96
Trd, 8639090.512, 80
Trd, 8639091.479, 65
Trd, 8639093.646, 60
Trd, 8639093.879, 60
Trd, 8639094.212, 61
Trd, 8639094.546, 61
Trd, 8639095.079, 65
Trd, 8639095.946, 60
Trd, 8639095.979, 61
Trd, 8639096.179, 68
Trd, 8639096.879, 68
Trd, 8639097.246, 70
Trd, 8639097.346, 69
Trd, 8639097.446, 68
Trd, 8639098.279, 140
Trd, 8639098.546, 140
Trd, 8639098.612, 140
Trd, 8639098.846, 140
Trd, 8639098.879, 138
Trd, 8639099.779, 99
Trd, 8639099.912, 98
Trd, 8639100.846, 98
Trd, 8639100.946, 101
Trd, 8639101.379, 96
Trd, 8639101.412, 85
Trd, 8639101.512, 67
Trd, 8639101.979, 64
Trd, 8639103.579, 66
Trd, 8639105.212, 60
Trd, 8639105.946, 60
Trd, 8639106.712, 60
Trd, 8639107.146, 60
Trd, 8639107.579, 60
Trd, 8639107.812, 61
Trd, 8639107.846, 63
Trd, 8639108.179, 66
Trd, 8639108.546, 63
Trd, 8639108.579, 64
Trd, 8639108.679, 61
Trd, 8639109.179, 66
Trd, 8639109.512, 76
Trd, 8639109.979, 76
Trd, 8639110.012, 75
Trd, 8639110.412, 97
Trd, 8639110.612, 74
Trd, 8639111.412, 79
Trd, 8639111.579, 75
Trd, 8639111.646, 73
Trd, 8639112.079, 119
Trd, 8639113.746, 60
Trd, 8639114.379, 60
Trd, 8639114.412, 61
Trd, 8639114.812, 98
Trd, 8639115.712, 140
Trd, 8639116.246, 140
Trd, 8639116.512, 140
Trd, 8639116.912, 140
Trd, 8639117.046, 140
Trd, 8639117.146, 118
Trd, 8639117.179, 106
Trd, 8639117.979, 90
Trd, 8639118.279, 89
Trd, 8639118.346, 86
Trd, 8639118.412, 79
Trd, 8639119.346, 60
Trd, 8639119.612, 60
Trd, 8639120.446, 61
Trd, 8639121.279, 76
Trd, 8639121.579, 62
Trd, 8639121.812, 69
Trd, 8639121.912, 65
Trd, 8639122.546, 70
Trd, 8639123.312, 140
Trd, 8639123.446, 140
Trd, 8639123.612, 139
Trd, 8639123.846, 140
Trd, 8639124.212, 129
Trd, 8639124.512, 120
Trd, 8639124.812, 118
Trd, 8639125.612, 67
Trd, 8639126.379, 61
Trd, 8639126.412, 64
Trd, 8639128.012, 60
Trd, 8639128.112, 60
Trd, 8639128.446, 61
Trd, 8639128.746, 61
Trd, 8639129.479, 66
Trd, 8639129.579, 77
Trd, 8639129.912, 124
Trd, 8639130.479, 123
Trd, 8639130.912, 105
Trd, 8639131.246, 104
Trd, 8639131.379, 100
Trd, 8639131.446, 132
Trd, 8639131.646, 137
Trd, 8639132.146, 72
Trd, 8639133.079, 73
Trd, 8639133.179, 71
Trd, 8639133.246, 68
Trd, 8639133.512, 77
Trd, 8639133.679, 67
Trd, 8639133.979, 67
Trd, 8639134.979, 140
Trd, 8639136.712, 60
Trd, 8639137.346, 61
Trd, 8639137.779, 63
Trd, 8639137.879, 63
Trd, 8639138.012, 63
Trd, 8639138.112, 63
Trd, 8639138.412, 63
Trd, 8639138.746, 64
Trd, 8639138.812, 63
Trd, 8639139.112, 63
Trd, 8639139.312, 63
Trd, 8639139.379, 62
Trd, 8639140.012, 62
Trd, 8639140.646, 65
Trd, 8639141.412, 122
Trd, 8639142.212, 60
Trd, 8639142.846, 60
Trd, 8639143.112, 64
Trd, 8639143.579, 64
Trd, 8639143.846, 61
Trd, 8639144.046, 64
Trd, 8639144.212, 62
Trd, 8639144.446, 67
Trd, 8639145.012, 89
Trd, 8639145.112, 62
Trd, 8639145.679, 66
Trd, 8639145.712, 64
Trd, 8639145.912, 60
Trd, 8639146.379, 140
Trd, 8639147.279, 66
Trd, 8639147.312, 76
Trd, 8639147.346, 65
Trd, 8639148.412, 104
Trd, 8639148.779, 104
Trd, 8639149.179, 106
Trd, 8639149.446, 105
Trd, 8639149.512, 107
Trd, 8639149.546, 94
Trd, 8639149.746, 92
Trd, 8639150.712, 64
Trd, 8639151.279, 64
Trd, 8639151.779, 69
Trd, 8639152.046, 64
Trd, 8639152.446, 105
Trd, 8639152.846, 76
Trd, 8639153.012, 66
Trd, 8639153.112, 65
Trd, 8639153.612, 137
Trd, 8639153.912, 61
Trd, 8639154.746, 60
Trd, 8639155.079, 61
Trd, 8639155.246, 60
Trd, 8639156.612, 60
Trd, 8639157.046, 61
Trd, 8639157.446, 60
Trd, 8639157.979, 60
Trd, 8639158.246, 61
Trd, 8639158.412, 61
Trd, 8639158.546, 62
Trd, 8639158.879, 61
Trd, 8639159.646, 66
Trd, 8639160.246, 65
Trd, 8639160.312, 64
Trd, 8639160.446, 92
Trd, 8639161.079, 64
Trd, 8639161.312, 63
Trd, 8639162.646, 134
Trd, 8639163.146, 79
Trd, 8639163.246, 62
Trd, 8639163.746, 68
Trd, 8639164.412, 61
Trd, 8639164.446, 62
Trd, 8639164.746, 68
Trd, 8639165.146, 61
Trd, 8639165.979, 61
Trd, 8639166.312, 61
Trd, 8639166.579, 61
Trd, 8639166.712, 61
Trd, 8639166.946, 60
Trd, 8639167.712, 64
Trd, 8639167.846, 75
Trd, 8639167.879, 64
Trd, 8639168.546, 65
Trd, 8639168.712, 63
Trd, 8639168.912, 63
Trd, 8639169.179, 102
Trd, 8639169.646, 98
Trd, 8639170.012, 60
Trd, 8639170.946, 63
Trd, 8639172.346, 64
Trd, 8639172.746, 60
Trd, 8639172.879, 67
Trd, 8639173.079, 61
Trd, 8639173.246, 62
Trd, 8639173.479, 62
Trd, 8639173.979, 64
Trd, 8639174.046, 74
Trd, 8639175.746, 140
Trd, 8639176.046, 140
Trd, 8639176.379, 140
Trd, 8639176.446, 140
Trd, 8639176.612, 139
Trd, 8639176.746, 94
Trd, 8639176.812, 85
Trd, 8639177.346, 62
Trd, 8639177.779, 64
Trd, 8639178.446, 61
Trd, 8639178.546, 69
Trd, 8639178.612, 71
Trd, 8639179.379, 62
Trd, 8639179.646, 63
Trd, 8639179.846, 61
Trd, 8639180.212, 60
Trd, 8639180.579, 68
Trd, 8639181.779, 65
Trd, 8639182.046, 61
Trd, 8639182.546, 63
Trd, 8639182.679, 62
Trd, 8639182.846, 75
Trd, 8639183.346, 65
Trd, 8639183.779, 65
Trd, 8639184.146, 112
Trd, 8639184.579, 76
Trd, 8639184.779, 74
Trd, 8639185.612, 64
Trd, 8639185.646, 68
Trd, 8639187.446, 60
Trd, 8639188.279, 60
Trd, 8639188.312, 60
Trd, 8639188.346, 65
Trd, 8639188.446, 86
Trd, 8639188.946, 73
Trd, 8639189.346, 69
Trd, 8639189.712, 68
Trd, 8639189.779, 71
Trd, 8639189.846, 63
Trd, 8639190.779, 62
Trd, 8639191.446, 63
Trd, 8639191.812, 66
Trd, 8639192.212, 66
Trd, 8639192.512, 66
Trd, 8639192.979, 69
Trd, 8639193.112, 67
Trd, 8639193.379, 64
Trd, 8639193.579, 91
Trd, 8639194.212, 70
Trd, 8639194.279, 69
Trd, 8639194.346, 68
Trd, 8639195.412, 86
Trd, 8639195.812, 79
Trd, 8639196.446, 95
Trd, 8639196.712, 138
Trd, 8639196.812, 140
Trd, 8639196.879, 134
Trd, 8639197.479, 93
Trd, 8639197.846, 75
Trd, 8639198.612, 140
Trd, 8639199.179, 140
Trd, 8639199.446, 140
Trd, 8639200.146, 140
Trd, 8639200.412, 139
Trd, 8639200.879, 119
Trd, 8639201.179, 107
Trd, 8639201.346, 96
Trd, 8639201.779, 62
Trd, 8639202.579, 62
Trd, 8639202.679, 64
Trd, 8639203.579, 64
Trd, 8639204.146, 99
Trd, 8639204.279, 100
Trd, 8639204.312, 99
Trd, 8639204.679, 99
Trd, 8639205.079, 98
Trd, 8639205.212, 96
Trd, 8639205.412, 82
Trd, 8639207.046, 63
Trd, 8639207.612, 61
Trd, 8639207.946, 63
Trd, 8639208.246, 62
Trd, 8639208.446, 106
Trd, 8639208.979, 66
Trd, 8639209.046, 65
Trd, 8639209.579, 64
Trd, 8639210.346, 140
Trd, 8639210.446, 140
Trd, 8639210.612, 140
Trd, 8639210.646, 140
Trd, 8639211.012, 140
Trd, 8639211.246, 140
Trd, 8639211.746, 140
Trd, 8639212.512, 140
Trd, 8639213.146, 140
Trd, 8639213.246, 118
Trd, 8639213.379, 81
Trd, 8639214.012, 79
Trd, 8639214.246, 78
Trd, 8639214.812, 78
Trd, 8639215.212, 82
Trd, 8639215.446, 77
Trd, 8639215.512, 60
Trd, 8639216.279, 140
Trd, 8639216.646, 124
Trd, 8639217.246, 128
Trd, 8639217.779, 132
Trd, 8639218.246, 131
Trd, 8639218.446, 130
Trd, 8639219.212, 140
Trd, 8639220.379, 140
Trd, 8639220.446, 139
Trd, 8639220.579, 125
Trd, 8639220.746, 117
Trd, 8639221.112, 139
Trd, 8639221.446, 125
Trd, 8639221.879, 126
Trd, 8639222.479, 126
Trd, 8639222.546, 123
Trd, 8639222.846, 106
Trd, 8639222.946, 105
Trd, 8639223.379, 88
Trd, 8639224.012, 138
Trd, 8639224.279, 85
Trd, 8639224.412, 84
Trd, 8639225.912, 140
Trd, 8639226.046, 114
Trd, 8639226.212, 75
Trd, 8639226.512, 73
Trd, 8639226.912, 60
Trd, 8639227.346, 61
Trd, 8639227.812, 62
Trd, 8639228.412, 62
Trd, 8639228.579, 72
Trd, 8639229.279, 135
Trd, 8639229.679, 115
Trd, 8639230.679, 140
Trd, 8639230.812, 140
Trd, 8639230.946, 134
Trd, 8639231.312, 134
Trd, 8639231.946, 137
Trd, 8639232.146, 124
Trd, 8639232.712, 140
Trd, 8639233.046, 140
Trd, 8639233.646, 140
Trd, 8639233.812, 140
Trd, 8639233.912, 140
Trd, 8639234.279, 115
Trd, 8639234.379, 99
Trd, 8639234.412, 83
Trd, 8639235.112, 120
Trd, 8639235.146, 119
Trd, 8639235.179, 132
Trd, 8639235.379, 117
Trd, 8639237.146, 60
Trd, 8639237.479, 61
Trd, 8639237.946, 63
Trd, 8639239.079, 66
Trd, 8639239.546, 61
Trd, 8639240.179, 60
Trd, 8639240.946, 60
Trd, 8639241.846, 61
Trd, 8639241.979, 63
Trd, 8639242.246, 61
Trd, 8639242.412, 68
Trd, 8639242.679, 61
Trd, 8639242.979, 61
Trd, 8639243.346, 69
Trd, 8639243.479, 64
Trd, 8639243.946, 62
Trd, 8639244.179, 108
Trd, 8639244.646, 69
Trd, 8639244.946, 66
Trd, 8639245.046, 65
Trd, 8639245.979, 60
Trd, 8639247.179, 61
Trd, 8639247.279, 69
Trd, 8639247.779, 63
Trd, 8639249.046, 60
Trd, 8639249.412, 60
Trd, 8639249.512, 61
Trd, 8639249.879, 64
Trd, 8639250.079, 93
Trd, 8639250.112, 64
Trd, 8639250.212, 65
Trd, 8639250.846, 74
Trd, 8639251.379, 70
Trd, 8639251.479, 69
Trd, 8639252.146, 77
Trd, 8639252.312, 67
Trd, 8639252.612, 65
Trd, 8639253.412, 74
Trd, 8639253.579, 62
Trd, 8639253.679, 63
Trd, 8639254.112, 138
Trd, 8639254.979, 140
Trd, 8639255.912, 140
Trd, 8639256.146, 140
Trd, 8639256.212, 140
Trd, 8639256.579, 137
Trd, 8639257.312, 134
Trd, 8639257.479, 133
Trd, 8639257.612, 132
Trd, 8639257.779, 139
Trd, 8639257.946, 126
Trd, 8639258.046, 89
Trd, 8639260.512, 60
Trd, 8639260.812, 63
Trd, 8639261.212, 62
Trd, 8639261.446, 64
Trd, 8639261.779, 61
Trd, 8639262.379, 61
Trd, 8639262.679, 62
Trd, 8639262.846, 64
Trd, 8639263.079, 61
Trd, 8639263.379, 65
Trd, 8639263.512, 67
Trd, 8639263.612, 70
Trd, 8639264.746, 61
Trd, 8639265.479, 63
Trd, 8639265.746, 63
Trd, 8639266.746, 60
Trd, 8639267.246, 60
Trd, 8639267.746, 61
Trd, 8639268.179, 64
Trd, 8639268.312, 63
Trd, 8639268.512, 62
Trd, 8639269.179, 62
Trd, 8639269.446, 60
Trd, 8639269.712, 60
Trd, 8639270.146, 60
Trd, 8639270.612, 61
Trd, 8639270.946, 60
Trd, 8639271.012, 63
Trd, 8639272.012, 93
Trd, 8639273.112, 60
Trd, 8639273.279, 61
Trd, 8639273.346, 62
Trd, 8639273.612, 63
Trd, 8639273.946, 64
Trd, 8639274.079, 63
Trd, 8639274.412, 61
Trd, 8639274.946, 68
Trd, 8639275.046, 69
Trd, 8639275.379, 60
Trd, 8639275.412, 92
Trd, 8639276.812, 62
Trd, 8639277.279, 62
Trd, 8639277.679, 61
Trd, 8639277.779, 64
Trd, 8639278.046, 68
Trd, 8639278.079, 67
Trd, 8639278.612, 69
Trd, 8639280.079, 61
Trd, 8639280.379, 60
Trd, 8639280.779, 67
Trd, 8639281.146, 65
Trd, 8639281.479, 67
Trd, 8639282.046, 68
Trd, 8639282.212, 67
Trd, 8639282.479, 68
Trd, 8639282.546, 66
Trd, 8639282.779, 79
Trd, 8639284.212, 60
Trd, 8639284.379, 62
Trd, 8639286.379, 61
Trd, 8639286.579, 61
Trd, 8639286.679, 68
Trd, 8639286.946, 67
Trd, 8639287.346, 68
Trd, 8639287.779, 140
Trd, 8639288.079, 140
Trd, 8639288.746, 140
Trd, 8639288.912, 140
Trd, 8639288.946, 123
Trd, 8639289.279, 122
Trd, 8639289.546, 135
Trd, 8639289.746, 133
Trd, 8639290.412, 97
Trd, 8639290.946, 105
Trd, 8639291.312, 134
Trd, 8639291.646, 102
Trd, 8639292.046, 101
Trd, 8639292.212, 139
Trd, 8639292.379, 96
Trd, 8639293.546, 66
Trd, 8639294.179, 60
Trd, 8639294.512, 62
Trd, 8639295.112, 61
Trd, 8639295.146, 62
Trd, 8639295.712, 61
Trd, 8639296.012, 60
Trd, 8639296.746, 60
Trd, 8639296.779, 71
Trd, 8639297.346, 65
Trd, 8639297.379, 71
Trd, 8639297.679, 88
Trd, 8639297.779, 60
Trd, 8639297.979, 61
Trd, 8639298.379, 60
Trd, 8639299.312, 63
Trd, 8639299.712, 92
Trd, 8639300.046, 67
Trd, 8639300.446, 68
Trd, 8639301.412, 136
Trd, 8639301.512, 99
Trd, 8639301.579, 73
Trd, 8639301.779, 75
Trd, 8639301.946, 72
Trd, 8639302.346, 84
Trd, 8639302.479, 71
Trd, 8639302.779, 69
Trd, 8639303.346, 140
Trd, 8639304.246, 140
Trd, 8639304.279, 140
Trd, 8639304.712, 140
Trd, 8639304.746, 139
Trd, 8639305.812, 62
Trd, 8639307.079, 63
Trd, 8639307.246, 63
Trd, 8639307.512, 63
Trd, 8639307.846, 78
Trd, 8639307.946, 77
Trd, 8639308.679, 65
Trd, 8639308.812, 82
Trd, 8639309.079, 67
Trd, 8639309.646, 74
Trd, 8639309.746, 74
Trd, 8639310.312, 140
Trd, 8639310.546, 76
Trd, 8639310.846, 75
Trd, 8639311.179, 61
Trd, 8639312.312, 64
Trd, 8639312.979, 64
Trd, 8639313.546, 64
Trd, 8639313.812, 62
Trd, 8639315.346, 60
Trd, 8639315.446, 60
Trd, 8639315.479, 60
Trd, 8639316.012, 62
Trd, 8639316.046, 70
Trd, 8639316.312, 63
Trd, 8639316.512, 100
Trd, 8639316.746, 140
Trd, 8639316.979, 62
Trd, 8639318.146, 139
Trd, 8639318.246, 67
Trd, 8639318.312, 65
Trd, 8639318.512, 140
Trd, 8639318.879, 138
Trd, 8639319.412, 92
Trd, 8639320.979, 60
Trd, 8639321.146, 63
Trd, 8639321.312, 61
Trd, 8639321.912, 60
Trd, 8639322.379, 60
Trd, 8639322.979, 64
Trd, 8639323.046, 64
Trd, 8639323.446, 61
Trd, 8639323.612, 65
Trd, 8639324.312, 73
Trd, 8639324.446, 102
Trd, 8639324.712, 108
Trd, 8639325.479, 61
Trd, 8639327.246, 60
Trd, 8639327.379, 63
Trd, 8639327.779, 61
Trd, 8639328.346, 60
Trd, 8639328.812, 62
Trd, 8639328.912, 63
Trd, 8639329.246, 60
Trd, 8639329.679, 62
Trd, 8639329.712, 65
Trd, 8639329.946, 65
Trd, 8639330.346, 65
Trd, 8639330.846, 69
Trd, 8639331.946, 139
Trd, 8639332.046, 139
Trd, 8639332.112, 138
Trd, 8639332.246, 116
Trd, 8639332.346, 106
Trd, 8639332.546, 87
Trd, 8639333.912, 140
Trd, 8639334.612, 140
Trd, 8639334.746, 140
Trd, 8639335.479, 140
Trd, 8639335.979, 140
Trd, 8639336.012, 140
Trd, 8639336.112, 138
Trd, 8639336.179, 125
Trd, 8639336.446, 137
Trd, 8639336.546, 123
Trd, 8639337.712, 70
Trd, 8639338.146, 60
Trd, 8639339.046, 64
Trd, 8639339.879, 61
Trd, 8639340.979, 68
Trd, 8639341.179, 69
Trd, 8639341.579, 70
Trd, 8639341.812, 72
Trd, 8639341.979, 76
Trd, 8639342.212, 71
Trd, 8639342.246, 70
Trd, 8639342.446, 109
Trd, 8639342.679, 78
Trd, 8639343.046, 75
Trd, 8639343.112, 72
Trd, 8639343.312, 124
Trd, 8639343.746, 71
Trd, 8639344.179, 120
Trd, 8639344.346, 71
Trd, 8639345.179, 60
Trd, 8639347.079, 62
Trd, 8639347.112, 62
Trd, 8639347.246, 62
Trd, 8639347.646, 73
Trd, 8639347.679, 136
Trd, 8639348.312, 62
Trd, 8639348.879, 61
Trd, 8639349.846, 60
Trd, 8639350.246, 61
Trd, 8639350.712, 61
Trd, 8639351.846, 60
Trd, 8639352.146, 61
Trd, 8639352.646, 62
Trd, 8639352.812, 62
Trd, 8639353.612, 62
Trd, 8639353.779, 61
Trd, 8639353.879, 66
Trd, 8639354.079, 68
Trd, 8639354.112, 61
Trd, 8639354.779, 64
Trd, 8639354.879, 66
Trd, 8639354.979, 67
Trd, 8639355.579, 116
Trd, 8639356.279, 68
Trd, 8639356.546, 66
Trd, 8639357.512, 60
Trd, 8639357.912, 60
Trd, 8639358.812, 62
Trd, 8639359.346, 65
Trd, 8639360.046, 60
Trd, 8639360.312, 60
Trd, 8639360.546, 61
Trd, 8639360.979, 68
Trd, 8639361.112, 68
Trd, 8639361.179, 67
Trd, 8639361.346, 67
Trd, 8639361.679, 74
Trd, 8639361.846, 69
Trd, 8639361.879, 68
Trd, 8639362.446, 67
Trd, 8639363.079, 62
Trd, 8639363.546, 82
Trd, 8639363.879, 139
Trd, 8639364.379, 62
Trd, 8639364.646, 83
Trd, 8639364.846, 60
Trd, 8639365.112, 140
Trd, 8639365.212, 101
Trd, 8639366.079, 65
Trd, 8639366.246, 66
Trd, 8639366.479, 65
Trd, 8639366.946, 63
Trd, 8639367.912, 80
Trd, 8639368.079, 79
Trd, 8639368.179, 77
Trd, 8639368.312, 90
Trd, 8639369.079, 140
Trd, 8639369.612, 137
Trd, 8639370.012, 138
Trd, 8639370.279, 136
Trd, 8639370.612, 90
Trd, 8639370.812, 139
Trd, 8639371.346, 136
Trd, 8639371.712, 89
Trd, 8639371.846, 88
Trd, 8639372.012, 83
Trd, 8639372.112, 77
Trd, 8639373.012, 73
Trd, 8639373.879, 68
Trd, 8639374.479, 60
Trd, 8639374.779, 67
Trd, 8639375.446, 62
Trd, 8639375.979, 60
Trd, 8639376.212, 67
Trd, 8639376.879, 65
Trd, 8639377.279, 69
Trd, 8639377.479, 67
Trd, 8639377.512, 71
Trd, 8639377.779, 79
Trd, 8639378.312, 73
Trd, 8639378.979, 84
Trd, 8639379.512, 83
Trd, 8639380.179, 140
Trd, 8639380.212, 140
Trd, 8639380.279, 116
Trd, 8639380.412, 107
Trd, 8639380.846, 96
Trd, 8639381.279, 94
Trd, 8639383.079, 60
Trd, 8639383.512, 60
Trd, 8639383.912, 61
Trd, 8639384.546, 64
Trd, 8639384.746, 66
Trd, 8639384.879, 65
Trd, 8639384.946, 61
Trd, 8639385.046, 62
Trd, 8639385.246, 63
Trd, 8639386.179, 61
Trd, 8639386.679, 61
Trd, 8639387.079, 64
Trd, 8639387.779, 140
Trd, 8639388.312, 140
Trd, 8639388.612, 140
Trd, 8639388.679, 140
Trd, 8639388.779, 125
Trd, 8639389.046, 108
Trd, 8639389.379, 101
Trd, 8639389.612, 78
Trd, 8639389.746, 122
Trd, 8639389.846, 78
Trd, 8639390.212, 76
Trd, 8639390.579, 71
Trd, 8639391.246, 60
Trd, 8639391.812, 93
Trd, 8639393.146, 74
Trd, 8639393.179, 95
Trd, 8639393.312, 105
Trd, 8639394.612, 61
Trd, 8639394.979, 62
Trd, 8639396.612, 60
Trd, 8639397.712, 60
Trd, 8639397.846, 61
Trd, 8639397.979, 62
Trd, 8639398.312, 64
Trd, 8639399.179, 61
Trd, 8639399.246, 60
Trd, 8639399.512, 62
Trd, 8639399.779, 61
Trd, 8639399.946, 65
Trd, 8639400.746, 68
Trd, 8639400.879, 69
Trd, 8639400.912, 67
Trd, 8639400.979, 84
Trd, 8639401.279, 62
Trd, 8639401.512, 70
Trd, 8639402.379, 139
Trd, 8639402.612, 138
Trd, 8639402.646, 137
Trd, 8639402.879, 137
Trd, 8639403.079, 121
Trd, 8639403.812, 63
Trd, 8639404.179, 65
Trd, 8639404.412, 64
Trd, 8639404.946, 79
Trd, 8639405.046, 63
Trd, 8639405.679, 62
Trd, 8639406.112, 102
Trd, 8639406.546, 102
Trd, 8639406.712, 97
Trd, 8639407.512, 80
Trd, 8639407.646, 79
Trd, 8639407.712, 95
Trd, 8639407.979, 78
Trd, 8639408.879, 62
Trd, 8639409.479, 60
Trd, 8639410.179, 60
Trd, 8639410.279, 60
Trd, 8639410.512, 61
Trd, 8639410.612, 62
Trd, 8639410.812, 63
Trd, 8639412.512, 60
Trd, 8639412.946, 62
Trd, 8639413.546, 61
Trd, 8639413.912, 63
Trd, 8639414.346, 63
Trd, 8639414.546, 63
Trd, 8639414.646, 65
Trd, 8639415.079, 62
Trd, 8639415.979, 63
Trd, 8639416.479, 61
Trd, 8639417.312, 62
Trd, 8639417.612, 60
Trd, 8639418.112, 61
Trd, 8639418.612, 61
Trd, 8639418.679, 62
Trd, 8639418.779, 60
Trd, 8639418.946, 63
Trd, 8639419.879, 63
Trd, 8639420.312, 70
Trd, 8639420.746, 65
Trd, 8639420.946, 67
Trd, 8639421.046, 69
Trd, 8639421.679, 65
Trd, 8639422.179, 66
Trd, 8639422.446, 82
Trd, 8639422.612, 69
Trd, 8639423.246, 87
Trd, 8639423.446, 85
Trd, 8639423.579, 85
Trd, 8639423.779, 84
Trd, 8639423.846, 83
Trd, 8639424.179, 77
Trd, 8639425.412, 66
Trd, 8639426.012, 60
Trd, 8639426.879, 64
Trd, 8639426.979, 71
Trd, 8639427.879, 61
Trd, 8639427.946, 62
Trd, 8639428.112, 62
Trd, 8639428.712, 65
Trd, 8639429.479, 60
Trd, 8639430.446, 60
Trd, 8639431.079, 62
Trd, 8639431.546, 62
Trd, 8639432.912, 62
Trd, 8639432.979, 62
Trd, 8639433.379, 63
Trd, 8639433.546, 64
Trd, 8639433.846, 66
Trd, 8639434.046, 65
Trd, 8639434.146, 66
Trd, 8639434.412, 69
Trd, 8639434.712, 66
Trd, 8639435.346, 65
Trd, 8639435.412, 63
Trd, 8639435.979, 62
Trd, 8639436.246, 67
Trd, 8639436.679, 66
Trd, 8639437.746, 62
Trd, 8639438.479, 60
Trd, 8639440.012, 60
Trd, 8639440.346, 61
Trd, 8639440.379, 63
Trd, 8639441.446, 61
Trd, 8639441.746, 63
Trd, 8639442.079, 60
Trd, 8639442.212, 68
Trd, 8639442.579, 61
Trd, 8639442.712, 61
Trd, 8639442.979, 62
Trd, 8639443.379, 64
Trd, 8639443.612, 69
Trd, 8639443.879, 69
Trd, 8639444.479, 68
Trd, 8639445.179, 69
Trd, 8639446.146, 74
Trd, 8639446.312, 64
Trd, 8639446.579, 61
Trd, 8639447.546, 61
Trd, 8639447.679, 60
Trd, 8639448.612, 140
Trd, 8639449.512, 140
Trd, 8639449.646, 140
Trd, 8639449.712, 140
Trd, 8639450.346, 140
Trd, 8639450.479, 124
Trd, 8639450.646, 111
Trd, 8639451.012, 138
Trd, 8639451.079, 109
Trd, 8639451.279, 108
Trd, 8639451.612, 88
Trd, 8639451.846, 82
Trd, 8639452.979, 139
Trd, 8639453.379, 138
Trd, 8639453.512, 136
Trd, 8639453.712, 116
Trd, 8639455.179, 61
Trd, 8639455.679, 60
Trd, 8639456.446, 60
Trd, 8639456.879, 61
Trd, 8639457.446, 60
Trd, 8639458.112, 61
Trd, 8639459.212, 70
Trd, 8639459.412, 84
Trd, 8639459.979, 87
Trd, 8639460.046, 85
Trd, 8639460.346, 84
Trd, 8639460.546, 87
Trd, 8639461.079, 95
Trd, 8639461.112, 88
Trd, 8639462.079, 140
Trd, 8639462.212, 140
Trd, 8639462.746, 140
Trd, 8639462.779, 140
Trd, 8639463.146, 140
Trd, 8639463.812, 140
Trd, 8639463.979, 140
Trd, 8639464.246, 132
Trd, 8639464.346, 132
Trd, 8639464.712, 139
Trd, 8639464.912, 125
Trd, 8639465.679, 70
Trd, 8639466.246, 140
Trd, 8639466.879, 139
Trd, 8639467.446, 77
Trd, 8639467.579, 101
Trd, 8639468.212, 80
Trd, 8639469.012, 104
Trd, 8639469.379, 111
Trd, 8639470.212, 116
Trd, 8639471.612, 118
Trd, 8639471.679, 117
Trd, 8639471.912, 116
Trd, 8639472.179, 108
Trd, 8639472.446, 105
Trd, 8639472.846, 63
Trd, 8639473.379, 60
Trd, 8639474.046, 60
Trd, 8639474.179, 63
Trd, 8639474.379, 92
Trd, 8639474.846, 62
Trd, 8639474.979, 73
Trd, 8639475.446, 67
Trd, 8639475.812, 63
Trd, 8639475.846, 62
Trd, 8639476.679, 63
Trd, 8639477.179, 66
Trd, 8639477.579, 73
Trd, 8639477.779, 88
Trd, 8639478.646, 136
Trd, 8639479.179, 71
Trd, 8639479.812, 140
Trd, 8639480.346, 81
Trd, 8639480.512, 79
Trd, 8639480.779, 73
Trd, 8639482.579, 61
Trd, 8639482.612, 62
Trd, 8639483.946, 60
Trd, 8639483.979, 61
Trd, 8639484.446, 61
Trd, 8639484.479, 61
Trd, 8639484.612, 60
Trd, 8639484.712, 70
Trd, 8639485.012, 107
Trd, 8639485.712, 64
Trd, 8639486.112, 62
Trd, 8639486.712, 63
Trd, 8639486.979, 139
Trd, 8639487.079, 65
Trd, 8639487.312, 63
Trd, 8639488.579, 78
Trd, 8639489.779, 89
Trd, 8639490.112, 116
Trd, 8639490.379, 81
Trd, 8639490.812, 81
Trd, 8639490.846, 76
Trd, 8639491.379, 61
Trd, 8639491.679, 60
Trd, 8639492.446, 60
Trd, 8639492.812, 61
Trd, 8639493.312, 66
Trd, 8639493.612, 75
Trd, 8639493.712, 67
Trd, 8639494.279, 140
Trd, 8639494.546, 140
Trd, 8639494.746, 140
Trd, 8639495.412, 140
Trd, 8639495.746, 140
Trd, 8639495.846, 140
Trd, 8639495.946, 140
Trd, 8639496.112, 123
Trd, 8639496.179, 119
Trd, 8639497.712, 127
Trd, 8639497.979, 127
Trd, 8639498.412, 140
Trd, 8639498.746, 140
Trd, 8639498.946, 127
Trd, 8639499.312, 121
Trd, 8639499.379, 97
Trd, 8639500.279, 65
Trd, 8639500.879, 60
Trd, 8639501.779, 60
Trd, 8639502.079, 61
Trd, 8639502.479, 62
Trd, 8639502.946, 60
Trd, 8639503.046, 138
Trd, 8639503.412, 67
Trd, 8639503.512, 64
Trd, 8639504.212, 64
Trd, 8639504.412, 68
Trd, 8639504.879, 86
Trd, 8639505.312, 82
Trd, 8639505.546, 81
Trd, 8639505.779, 74
Trd, 8639506.479, 140
Trd, 8639506.712, 140
Trd, 8639507.279, 140
Trd, 8639507.346, 140
Trd, 8639507.512, 117
Trd, 8639508.079, 139
Trd, 8639509.179, 61
Trd, 8639509.379, 65
Trd, 8639509.879, 62
Trd, 8639510.179, 63
Trd, 8639510.346, 63
Trd, 8639510.479, 66
Trd, 8639510.646, 60
Trd, 8639510.812, 62
Trd, 8639511.646, 61
Trd, 8639511.779, 62
Trd, 8639513.146, 60
Trd, 8639513.779, 63
Trd, 8639513.979, 64
Trd, 8639514.146, 67
Trd, 8639514.279, 68
Trd, 8639514.546, 71
Trd, 8639515.946, 63
Trd, 8639516.479, 60
Trd, 8639516.979, 63
Trd, 8639517.112, 69
Trd, 8639517.479, 61
Trd, 8639517.579, 64
Trd, 8639518.546, 140
Trd, 8639518.879, 140
Trd, 8639519.112, 140
Trd, 8639519.246, 140
Trd, 8639519.979, 140
Trd, 8639520.212, 140
Trd, 8639520.512, 140
Trd, 8639520.646, 138
Trd, 8639521.479, 71
Trd, 8639521.712, 140
Trd, 8639522.079, 72
Trd, 8639522.679, 75
Trd, 8639523.412, 73
Trd, 8639524.146, 89
Trd, 8639524.479, 140
Trd, 8639524.846, 74
Trd, 8639525.479, 64
Trd, 8639527.046, 60
Trd, 8639527.212, 62
Trd, 8639527.679, 63
Trd, 8639527.779, 65
Trd, 8639528.146, 62
Trd, 8639528.512, 62
Trd, 8639528.679, 62
Trd, 8639528.746, 82
Trd, 8639528.879, 85
Trd, 8639529.012, 114
Trd, 8639529.079, 63
Trd, 8639530.279, 68
Trd, 8639530.346, 66
Trd, 8639530.579, 66
Trd, 8639530.779, 114
Trd, 8639531.546, 113
Trd, 8639531.912, 119
Trd, 8639531.979, 111
Trd, 8639532.446, 77
Trd, 8639532.712, 76
Trd, 8639533.179, 104
Trd, 8639533.412, 67
Trd, 8639533.646, 66
Trd, 8639534.112, 140
Trd, 8639536.446, 60
Trd, 8639537.512, 61
Trd, 8639537.846, 62
Trd, 8639538.179, 63
Trd, 8639538.312, 60
Trd, 8639538.446, 60
Trd, 8639538.812, 67
Trd, 8639538.879, 65
Trd, 8639539.112, 65
Trd, 8639539.512, 62
Trd, 8639540.346, 63
Trd, 8639540.512, 68
Trd, 8639540.812, 61
Trd, 8639541.446, 64
Trd, 8639541.812, 63
Trd, 8639541.846, 65
Trd, 8639542.179, 62
Trd, 8639542.812, 65
Trd, 8639543.312, 68
Trd, 8639543.779, 62
Trd, 8639544.612, 68
Trd, 8639544.812, 65
Trd, 8639544.846, 97
Trd, 8639545.212, 60
Trd, 8639545.246, 65
Trd, 8639545.446, 72
Trd, 8639546.379, 62
Trd, 8639546.779, 62
Trd, 8639546.912, 61
Trd, 8639547.279, 61
Trd, 8639549.212, 64
Trd, 8639549.746, 60
Trd, 8639549.979, 64
Trd, 8639550.579, 64
Trd, 8639551.179, 67
Trd, 8639551.412, 66
Trd, 8639551.946, 120
Trd, 8639552.012, 119
Trd, 8639552.046, 104
Trd, 8639552.446, 93
Trd, 8639552.846, 65
Trd, 8639553.312, 70
Trd, 8639554.179, 65
Trd, 8639554.812, 60
Trd, 8639555.079, 140
Trd, 8639556.746, 60
Trd, 8639556.779, 61
Trd, 8639557.112, 60
Trd, 8639557.246, 62
Trd, 8639557.446, 66
Trd, 8639558.146, 61
Trd, 8639558.346, 61
Trd, 8639558.612, 61
Trd, 8639558.679, 62
Trd, 8639558.746, 75
Trd, 8639558.812, 135
Trd, 8639559.146, 60
Trd, 8639559.746, 117
Trd, 8639560.612, 63
Trd, 8639560.712, 62
Trd, 8639561.646, 61
Trd, 8639562.579, 138
Trd, 8639562.879, 139
Trd, 8639563.112, 125
Trd, 8639563.579, 127
Trd, 8639563.646, 126
Trd, 8639564.212, 128
Trd, 8639564.246, 127
Trd, 8639564.279, 114
Trd, 8639564.679, 112
Trd, 8639565.012, 107
Trd, 8639565.346, 139
Trd, 8639566.012, 114
Trd, 8639566.179, 113
Trd, 8639566.379, 110
Trd, 8639566.946, 140
Trd, 8639567.146, 139
Trd, 8639567.812, 109
Trd, 8639568.079, 100
Trd, 8639568.112, 98
Trd, 8639568.279, 82
Trd, 8639569.046, 140
Trd, 8639569.112, 139
Trd, 8639569.812, 100
Trd, 8639570.979, 62
Trd, 8639571.046, 65
Trd, 8639571.412, 60
Trd, 8639571.879, 89
Trd, 8639572.379, 69
Trd, 8639572.879, 140
Trd, 8639573.812, 61
Trd, 8639574.412, 63
Trd, 8639574.912, 68
Trd, 8639574.979, 70
Trd, 8639575.512, 72
Trd, 8639575.546, 71
Trd, 8639576.079, 73
Trd, 8639576.412, 73
Trd, 8639576.446, 71
Trd, 8639576.546, 67
Trd, 8639578.346, 64
Trd, 8639578.612, 66
Trd, 8639578.746, 66
Trd, 8639579.379, 74
Trd, 8639579.479, 70
Trd, 8639579.579, 66
Trd, 8639579.679, 138
Trd, 8639580.379, 65
Trd, 8639580.946, 101
Trd, 8639581.446, 107
Trd, 8639581.579, 106
Trd, 8639582.112, 108
Trd, 8639582.312, 114
Trd, 8639582.379, 106
Trd, 8639582.446, 139
Trd, 8639582.912, 108
Trd, 8639583.046, 97
Trd, 8639583.712, 98
Trd, 8639584.179, 98
Trd, 8639584.212, 67
Trd, 8639585.512, 140
Trd, 8639585.946, 140
Trd, 8639586.646, 139
Trd, 8639586.846, 140
Trd, 8639587.746, 116
Trd, 8639587.912, 107
Trd, 8639588.312, 106
Trd, 8639588.646, 86
Trd, 8639588.746, 86
Trd, 8639589.779, 138
Trd, 8639589.979, 95
Trd, 8639590.046, 118
Trd, 8639590.112, 89
Trd, 8639590.646, 72
Trd, 8639591.246, 60
Trd, 8639591.579, 66
Trd, 8639592.346, 77
Trd, 8639592.379, 75
Trd, 8639592.746, 73
Trd, 8639593.179, 73
Trd, 8639593.679, 67
Trd, 8639594.079, 67
Trd, 8639594.646, 64
Trd, 8639595.246, 61
Trd, 8639595.712, 62
Trd, 8639595.979, 61
Trd, 8639596.479, 64
Trd, 8639596.512, 66
Trd, 8639596.679, 66
Trd, 8639596.879, 65
Trd, 8639596.979, 63
Trd, 8639597.546, 78
Trd, 8639598.112, 135
Trd, 8639598.312, 115
Trd, 8639598.779, 63
Trd, 8639600.046, 69
Trd, 8639600.212, 65
Trd, 8639600.479, 122
Trd, 8639601.746, 61
Trd, 8639602.212, 62
Trd, 8639602.346, 62
Trd, 8639602.746, 74
Trd, 8639603.279, 77
Trd, 8639603.312, 68
Trd, 8639603.879, 85
Trd, 8639604.179, 92
Trd, 8639604.479, 84
Trd, 8639604.512, 75
Trd, 8639604.912, 73
Trd, 8639605.246, 76
Trd, 8639605.579, 93
Trd, 8639605.646, 75
Trd, 8639605.846, 73
Trd, 8639606.679, 63
Trd, 8639607.112, 138
Trd, 8639607.246, 122
Trd, 8639607.312, 115
Trd, 8639608.179, 64
Trd, 8639608.246, 64
Trd, 8639608.379, 61
Trd, 8639609.212, 60
Trd, 8639609.746, 105
Trd, 8639609.912, 63
Trd, 8639610.146, 63
Trd, 8639611.112, 61
Trd, 8639611.446, 60
Trd, 8639611.679, 60
Trd, 8639612.746, 60
Trd, 8639612.979, 61
Trd, 8639613.012, 63
Trd, 8639613.379, 60
Trd, 8639613.412, 68
Trd, 8639613.746, 72
Trd, 8639613.979, 61
Trd, 8639615.146, 67
Trd, 8639615.279, 66
Trd, 8639615.746, 65
Trd, 8639617.546, 85
Trd, 8639617.746, 86
Trd, 8639617.846, 107
Trd, 8639617.912, 86
Trd, 8639618.212, 140
Trd, 8639618.612, 139
Trd, 8639618.979, 140
Trd, 8639619.212, 138
Trd, 8639619.279, 122
Trd, 8639620.412, 92
Trd, 8639620.946, 104
Trd, 8639621.379, 106
Trd, 8639621.446, 104
Trd, 8639621.546, 103
Trd, 8639621.846, 101
Trd, 8639622.046, 101
Trd, 8639622.212, 100
Trd, 8639622.779, 98
Trd, 8639622.812, 97
Trd, 8639623.379, 94
Trd, 8639624.079, 139
Trd, 8639624.212, 140
Trd, 8639624.612, 125
Trd, 8639624.979, 140
Trd, 8639625.379, 108
Trd, 8639626.112, 122
Trd, 8639626.146, 99
Trd, 8639626.612, 107
Trd, 8639627.079, 140
Trd, 8639627.379, 140
Trd, 8639627.512, 139
Trd, 8639628.146, 125
Trd, 8639628.412, 99
Trd, 8639628.512, 85
Trd, 8639628.946, 81
Trd, 8639629.646, 68
Trd, 8639630.612, 60
Trd, 8639631.746, 60
Trd, 8639632.212, 60
Trd, 8639632.979, 60
Trd, 8639633.112, 61
Trd, 8639633.746, 61
Trd, 8639634.479, 60
Trd, 8639634.912, 64
Trd, 8639634.946, 67
Trd, 8639634.979, 63
Trd, 8639635.012, 69
Trd, 8639635.046, 61
Trd, 8639635.146, 104
Trd, 8639635.712, 140
Trd, 8639636.779, 80
Trd, 8639636.979, 79
Trd, 8639637.046, 136
Trd, 8639637.379, 73
Trd, 8639637.579, 67
Trd, 8639637.912, 66
Trd, 8639638.246, 64
Trd, 8639639.179, 64
Trd, 8639639.379, 130
Trd, 8639640.212, 65
Trd, 8639640.379, 65
Trd, 8639640.879, 139
Trd, 8639641.279, 140
Trd, 8639641.712, 140
Trd, 8639641.879, 139
Trd, 8639642.412, 138
Trd, 8639642.646, 112
Trd, 8639643.079, 94
Trd, 8639643.612, 88
Trd, 8639643.646, 87
Trd, 8639644.412, 73
Trd, 8639644.446, 72
Trd, 8639644.746, 72
Trd, 8639645.146, 115
Trd, 8639645.312, 72
Trd, 8639645.679, 81
Trd, 8639646.146, 79
Trd, 8639646.279, 140
Trd, 8639647.546, 140
Trd, 8639647.612, 136
Trd, 8639648.246, 121
Trd, 8639648.312, 120
Trd, 8639648.779, 119
Trd, 8639649.546, 115
Trd, 8639649.912, 76
Trd, 8639650.279, 87
Trd, 8639650.346, 83
Trd, 8639650.646, 74
Trd, 8639650.912, 72
Trd, 8639651.579, 140
Trd, 8639652.146, 140
Trd, 8639652.579, 140
Trd, 8639652.612, 140
Trd, 8639653.012, 139
Trd, 8639653.512, 117
Trd, 8639653.712, 105
Trd, 8639654.212, 99
Trd, 8639654.346, 138
Trd, 8639654.646, 63
Trd, 8639655.612, 62
Trd, 8639656.012, 83
Trd, 8639656.546, 63
Trd, 8639656.712, 65
Trd, 8639657.312, 98
Trd, 8639657.379, 88
Trd, 8639657.812, 60
Trd, 8639659.046, 61
Trd, 8639659.446, 67
Trd, 8639659.712, 64
Trd, 8639660.046, 65
Trd, 8639660.146, 67
Trd, 8639660.612, 69
Trd, 8639660.646, 66
Trd, 8639660.812, 67
Trd, 8639661.679, 68
Trd, 8639661.812, 140
Trd, 8639661.979, 67
Trd, 8639662.712, 61
Trd, 8639663.112, 68
Trd, 8639664.479, 98
Trd, 8639664.812, 98
Trd, 8639665.212, 97
Trd, 8639665.246, 81
Trd, 8639665.512, 107
Trd, 8639665.612, 73
Trd, 8639665.946, 74
Trd, 8639666.512, 136
Trd, 8639666.779, 122
Trd, 8639666.812, 121
Trd, 8639668.046, 113
Trd, 8639668.379, 91
Trd, 8639668.779, 67
Trd, 8639669.679, 66
Trd, 8639670.312, 64
Trd, 8639670.412, 61
Trd, 8639670.579, 68
Trd, 8639670.779, 64
Trd, 8639671.546, 71
Trd, 8639671.679, 92
Trd, 8639672.112, 72
Trd, 8639672.679, 140
Trd, 8639673.012, 140
Trd, 8639673.146, 139
Trd, 8639673.312, 137
Trd, 8639674.246, 75
Trd, 8639674.479, 74
Trd, 8639674.512, 80
Trd, 8639675.412, 70
Trd, 8639675.879, 71
Trd, 8639676.279, 87
Trd, 8639676.579, 73
Trd, 8639676.712, 71
Trd, 8639676.946, 71
Trd, 8639677.146, 70
Trd, 8639677.712, 86
Trd, 8639677.846, 79
Trd, 8639678.612, 136
Trd, 8639679.079, 65
Trd, 8639679.979, 61
Trd, 8639680.346, 62
Trd, 8639680.546, 63
Trd, 8639680.979, 66
Trd, 8639681.046, 128
Trd, 8639681.379, 136
Trd, 8639682.179, 67
Trd, 8639682.479, 66
Trd, 8639682.679, 63
Trd, 8639683.112, 62
Trd, 8639683.979, 62
Trd, 8639684.012, 101
Trd, 8639685.312, 140
Trd, 8639685.379, 140
Trd, 8639685.412, 140
Trd, 8639685.479, 140
Trd, 8639685.979, 94
Trd, 8639686.079, 82
Trd, 8639686.112, 82
Trd, 8639686.446, 81
Trd, 8639687.479, 139
Trd, 8639689.346, 60
Trd, 8639689.679, 60
Trd, 8639690.146, 60
Trd, 8639690.679, 62
Trd, 8639690.746, 63
Trd, 8639690.979, 70
Trd, 8639691.712, 69
Trd, 8639691.946, 70
Trd, 8639692.179, 89
Trd, 8639692.212, 71
Trd, 8639692.646, 75
Trd, 8639692.979, 93
Trd, 8639693.079, 73
Trd, 8639693.279, 71
Trd, 8639693.979, 140
Trd, 8639694.212, 140
Trd, 8639694.879, 91
Trd, 8639694.979, 91
Trd, 8639695.046, 91
Trd, 8639695.512, 111
Trd, 8639695.846, 92
Trd, 8639696.179, 90
Trd, 8639696.346, 89
Trd, 8639696.779, 63
Trd, 8639696.979, 76
Trd, 8639698.012, 61
Trd, 8639698.412, 60
Trd, 8639699.846, 60
Trd, 8639699.879, 62
Trd, 8639700.479, 62
Trd, 8639700.612, 63
Trd, 8639700.779, 63
Trd, 8639701.912, 62
Trd, 8639702.179, 61
Trd, 8639702.479, 85
Trd, 8639702.846, 63
Trd, 8639703.046, 63
Trd, 8639703.246, 67
Trd, 8639704.379, 60
Trd, 8639705.046, 61
Trd, 8639705.079, 63
Trd, 8639705.279, 62
Trd, 8639705.412, 73
Trd, 8639705.879, 64
Trd, 8639706.112, 65
Trd, 8639706.479, 68
Trd, 8639706.512, 69
Trd, 8639706.579, 67
Trd, 8639707.079, 140
Trd, 8639707.212, 123
Trd, 8639707.712, 64
Trd, 8639708.412, 140
Trd, 8639708.546, 140
Trd, 8639708.746, 63
Trd, 8639709.479, 81
Trd, 8639710.612, 140
Trd, 8639710.879, 140
Trd, 8639711.212, 140
Trd, 8639711.279, 140
Trd, 8639711.346, 140
Trd, 8639711.412, 118
Trd, 8639712.212, 70
Trd, 8639713.312, 60
Trd, 8639713.579, 62
Trd, 8639713.612, 63
Trd, 8639715.479, 61
Trd, 8639715.679, 60
Trd, 8639716.546, 60
Trd, 8639716.712, 67
Trd, 8639717.512, 95
Trd, 8639717.579, 65
Trd, 8639717.912, 133
Trd, 8639718.312, 136
Trd, 8639718.612, 139
Trd, 8639718.646, 138
Trd, 8639719.246, 139
Trd, 8639719.879, 138
Trd, 8639720.379, 140
Trd, 8639720.412, 137
Trd, 8639720.912, 118
Trd, 8639720.946, 107
Trd, 8639721.146, 86
Trd, 8639721.379, 85
Trd, 8639721.946, 64
Trd, 8639722.012, 66
Trd, 8639722.146, 64
Trd, 8639722.346, 64
Trd, 8639722.812, 140
Trd, 8639723.112, 64
Trd, 8639723.912, 64
Trd, 8639724.079, 65
Trd, 8639724.979, 70
Trd, 8639725.812, 62
Trd, 8639726.312, 64
Trd, 8639726.712, 61
Trd, 8639727.046, 92
Trd, 8639727.679, 64
Trd, 8639728.046, 71
Trd, 8639728.079, 63
Trd, 8639728.712, 62
Trd, 8639729.046, 60
Trd, 8639729.712, 60
Trd, 8639730.012, 66
Trd, 8639730.079, 69
Trd, 8639731.079, 65
Trd, 8639731.679, 70
Trd, 8639731.912, 81
Trd, 8639732.046, 72
Trd, 8639732.179, 87
Trd, 8639732.412, 72
Trd, 8639732.646, 71
Trd, 8639732.746, 69
Trd, 8639733.612, 61
Trd, 8639734.746, 66
Trd, 8639735.212, 74
Trd, 8639735.446, 67
Trd, 8639735.946, 70
Trd, 8639736.246, 69
Trd, 8639737.146, 72
Trd, 8639737.446, 73
Trd, 8639737.779, 113
Trd, 8639737.846, 136
Trd, 8639738.112, 96
Trd, 8639738.479, 85
Trd, 8639738.912, 84
Trd, 8639740.479, 140
Trd, 8639740.646, 112
Trd, 8639740.779, 89
Trd, 8639741.212, 104
Trd, 8639741.412, 104
Trd, 8639741.512, 85
Trd, 8639741.879, 140
Trd, 8639741.946, 139
Trd, 8639742.579, 86
Trd, 8639743.246, 67
Trd, 8639743.346, 66
Trd, 8639744.079, 67
Trd, 8639744.279, 89
Trd, 8639745.212, 140
Trd, 8639745.579, 140
Trd, 8639745.646, 140
Trd, 8639746.246, 140
Trd, 8639746.446, 118
Trd, 8639746.512, 95
Trd, 8639747.546, 139
Trd, 8639747.612, 97
Trd, 8639747.779, 91
Trd, 8639748.346, 106
Trd, 8639748.612, 140
Trd, 8639748.812, 140
Trd, 8639749.079, 140
Trd, 8639750.079, 140
Trd, 8639750.912, 103
Trd, 8639750.946, 102
Trd, 8639751.246, 95
Trd, 8639751.412, 88
Trd, 8639751.479, 85
Trd, 8639751.779, 74
Trd, 8639752.279, 63
Trd, 8639753.612, 60
Trd, 8639754.712, 100
Trd, 8639755.312, 96
Trd, 8639755.712, 97
Trd, 8639755.779, 95
Trd, 8639755.912, 90
Trd, 8639756.012, 90
Trd, 8639756.112, 120
Trd, 8639756.346, 87
Trd, 8639756.446, 72
Trd, 8639757.012, 87
Trd, 8639757.412, 70
Trd, 8639757.479, 74
Trd, 8639757.846, 70
Trd, 8639757.912, 69
Trd, 8639758.512, 62
Trd, 8639760.846, 60
Trd, 8639761.012, 64
Trd, 8639761.346, 64
Trd, 8639761.612, 64
Trd, 8639761.779, 65
Trd, 8639764.112, 61
Trd, 8639764.546, 61
Trd, 8639764.846, 63
Trd, 8639764.979, 63
Trd, 8639765.079, 61
Trd, 8639765.246, 61
Trd, 8639765.412, 62
Trd, 8639766.112, 62
Trd, 8639766.346, 62
Trd, 8639767.046, 68
Trd, 8639767.212, 62
Trd, 8639767.779, 67
Trd, 8639767.946, 74
Trd, 8639768.479, 62
Trd, 8639769.079, 62
Trd, 8639769.612, 63
Trd, 8639770.112, 63
Trd, 8639770.279, 64
Trd, 8639770.379, 64
Trd, 8639770.546, 70
Trd, 8639770.646, 62
Trd, 8639772.046, 64
Trd, 8639772.979, 62
Trd, 8639773.746, 61
Trd, 8639773.812, 65
Trd, 8639774.946, 61
Trd, 8639775.079, 60
Trd, 8639775.246, 61
Trd, 8639775.312, 67
Trd, 8639775.379, 66
Trd, 8639775.779, 61
Trd, 8639776.012, 61
Trd, 8639776.212, 82
Trd, 8639778.212, 64
Trd, 8639778.946, 62
Trd, 8639779.579, 60
Trd, 8639779.946, 61
Trd, 8639779.979, 66
Trd, 8639780.279, 71
Trd, 8639780.579, 60
Trd, 8639780.812, 61
Trd, 8639781.746, 66
Trd, 8639781.779, 64
Trd, 8639781.812, 60
Trd, 8639781.946, 60
Trd, 8639782.346, 67
Trd, 8639782.712, 68
Trd, 8639783.379, 64
Trd, 8639783.512, 66
Trd, 8639784.246, 66
Trd, 8639784.346, 65
Trd, 8639784.779, 71
Trd, 8639785.179, 71
Trd, 8639785.279, 72
Trd, 8639785.979, 138
Trd, 8639786.112, 87
Trd, 8639787.046, 140
Trd, 8639787.146, 140
Trd, 8639787.512, 140
Trd, 8639787.979, 140
Trd, 8639788.146, 140
Trd, 8639788.312, 140
Trd, 8639788.946, 139
Trd, 8639789.179, 138
Trd, 8639789.279, 124
Trd, 8639790.312, 68
Trd, 8639790.346, 67
Trd, 8639790.679, 113
Trd, 8639790.912, 100
Trd, 8639791.012, 112
Trd, 8639791.046, 85
Trd, 8639791.112, 66
Trd, 8639791.746, 106
Trd, 8639792.412, 64
Trd, 8639793.546, 60
Trd, 8639793.846, 61
Trd, 8639794.612, 70
Trd, 8639794.846, 140
Trd, 8639795.512, 64
Trd, 8639797.412, 60
Trd, 8639797.446, 60
Trd, 8639797.712, 61
Trd, 8639797.746, 63
Trd, 8639797.979, 61
Trd, 8639798.146, 62
Trd, 8639798.979, 67
Trd, 8639799.279, 140
Trd, 8639799.746, 140
Trd, 8639800.179, 140
Trd, 8639800.379, 140
Trd, 8639800.412, 140
Trd, 8639800.446, 140
Trd, 8639800.479, 139
Trd, 8639800.846, 119
Trd, 8639801.046, 118
Trd, 8639801.379, 88
Trd, 8639801.979, 89
Trd, 8639802.546, 79
Trd, 8639802.846, 65
Trd, 8639803.946, 67
Trd, 8639804.746, 61
Trd, 8639805.579, 60
Trd, 8639805.779, 60
Trd, 8639806.146, 60
Trd, 8639806.646, 60
Trd, 8639806.879, 61
Trd, 8639806.979, 61
Trd, 8639807.079, 62
Trd, 8639807.646, 76
Trd, 8639807.679, 75
Trd, 8639808.146, 68
Trd, 8639808.179, 118
Trd, 8639808.346, 67
Trd, 8639808.446, 122
Trd, 8639808.846, 66
Trd, 8639809.279, 66
Trd, 8639809.646, 65
Trd, 8639810.312, 77
Trd, 8639810.746, 76
Trd, 8639810.979, 117
Trd, 8639811.146, 84
Trd, 8639811.479, 77
Trd, 8639812.112, 71
Trd, 8639812.179, 107
Trd, 8639812.446, 114
Trd, 8639813.379, 73
Trd, 8639813.612, 72
Trd, 8639813.679, 70
Trd, 8639814.346, 91
Trd, 8639814.679, 90
Trd, 8639815.012, 77
Trd, 8639815.179, 76
Trd, 8639815.812, 60
Trd, 8639816.479, 65
Trd, 8639816.679, 66
Trd, 8639816.746, 139
Trd, 8639817.279, 66
Trd, 8639817.846, 60
Trd, 8639818.012, 61
Trd, 8639818.646, 61
Trd, 8639818.746, 64
Trd, 8639818.846, 60
Trd, 8639819.946, 66
Trd, 8639820.712, 64
Trd, 8639821.279, 60
Trd, 8639821.679, 60
Trd, 8639821.879, 62
Trd, 8639821.946, 63
Trd, 8639822.146, 60
Trd, 8639822.979, 61
Trd, 8639823.179, 62
Trd, 8639823.279, 60
Trd, 8639824.379, 66
Trd, 8639824.546, 139
Trd, 8639825.046, 135
Trd, 8639825.546, 88
Trd, 8639825.612, 87
Trd, 8639825.746, 86
Trd, 8639826.212, 61
Trd, 8639826.646, 60
Trd, 8639827.012, 62
Trd, 8639828.979, 62
Trd, 8639829.012, 65
Trd, 8639831.779, 61
Trd, 8639831.812, 61
Trd, 8639831.879, 61
Trd, 8639831.979, 61
Trd, 8639832.012, 64
Trd, 8639832.412, 62
Trd, 8639832.679, 60
Trd, 8639832.712, 62
Trd, 8639833.646, 60
Trd, 8639833.846, 61
Trd, 8639834.412, 61
Trd, 8639835.012, 61
Trd, 8639835.546, 62
Trd, 8639835.746, 63
Trd, 8639835.879, 63
Trd, 8639836.179, 62
Trd, 8639836.212, 61
Trd, 8639836.312, 69
Trd, 8639837.079, 60
Trd, 8639837.946, 64
Trd, 8639838.346, 67
Trd, 8639839.046, 69
Trd, 8639839.212, 68
Trd, 8639839.279, 71
Trd, 8639839.679, 81
Trd, 8639839.846, 60
Trd, 8639840.712, 65
Trd, 8639841.079, 67
Trd, 8639841.112, 66
Trd, 8639841.612, 68
Trd, 8639841.646, 65
Trd, 8639842.346, 83
Trd, 8639842.712, 81
Trd, 8639842.746, 68
Trd, 8639843.246, 97
Trd, 8639843.679, 140
Trd, 8639843.712, 138
Trd, 8639844.946, 123
Trd, 8639845.012, 119
Trd, 8639845.446, 86
Trd, 8639845.479, 82
Trd, 8639846.146, 140
Trd, 8639846.179, 140
Trd, 8639846.779, 140
Trd, 8639847.146, 124
Trd, 8639847.579, 123
Trd, 8639847.946, 100
Trd, 8639849.279, 62
Trd, 8639849.779, 62
Trd, 8639850.079, 63
Trd, 8639850.512, 65
Trd, 8639850.646, 65
Trd, 8639850.946, 66
Trd, 8639851.446, 64
Trd, 8639851.912, 66
Trd, 8639852.179, 67
Trd, 8639852.579, 78
Trd, 8639852.646, 66
Trd, 8639853.179, 64
Trd, 8639853.479, 66
Trd, 8639854.946, 140
Trd, 8639855.412, 64
Trd, 8639855.946, 63
Trd, 8639856.046, 62
Trd, 8639856.746, 60
Trd, 8639856.979, 69
Trd, 8639857.079, 69
Trd, 8639857.112, 61
Trd, 8639858.346, 62
Trd, 8639858.579, 64
Trd, 8639858.812, 63
Trd, 8639859.479, 140
Trd, 8639859.546, 139
Trd, 8639859.579, 63
Trd, 8639860.046, 87
Trd, 8639860.179, 86
Trd, 8639860.512, 118
Trd, 8639860.779, 79
Trd, 8639861.146, 103
Trd, 8639861.312, 78
Trd, 8639862.079, 81
Trd, 8639862.112, 78
Trd, 8639862.812, 80
Trd, 8639863.479, 140
Trd, 8639864.246, 140
Trd, 8639864.279, 140
Trd, 8639865.146, 125
Trd, 8639865.846, 140
Trd, 8639865.879, 105
Trd, 8639866.212, 103
Trd, 8639866.446, 101
Trd, 8639866.512, 94
Trd, 8639866.679, 94
Trd, 8639866.946, 94
Trd, 8639867.479, 140
Trd, 8639867.679, 139
Trd, 8639867.746, 82
Trd, 8639869.946, 60
Trd, 8639870.079, 60
Trd, 8639870.246, 62
Trd, 8639870.679, 60
Trd, 8639871.379, 62
Trd, 8639872.346, 63
Trd, 8639872.612, 62
Trd, 8639872.779, 61
Trd, 8639872.979, 62
Trd, 8639873.679, 67
Trd, 8639873.712, 65
Trd, 8639874.379, 87
Trd, 8639874.812, 65
Trd, 8639874.846, 69
Trd, 8639875.246, 63
Trd, 8639876.046, 64
Trd, 8639876.246, 64
Trd, 8639876.546, 66
Trd, 8639876.746, 103
Trd, 8639877.312, 140
Trd, 8639877.446, 140
Trd, 8639877.879, 111
Trd, 8639878.346, 94
Trd, 8639878.712, 93
Trd, 8639879.646, 60
Trd, 8639880.646, 61
Trd, 8639880.946, 61
Trd, 8639881.046, 61
Trd, 8639881.546, 66
Trd, 8639881.979, 69
Trd, 8639882.346, 73
Trd, 8639882.379, 66
Trd, 8639882.412, 63
Trd, 8639882.779, 62
Trd, 8639882.879, 86
Trd, 8639883.512, 64
Trd, 8639883.846, 68
Trd, 8639884.146, 92
Trd, 8639884.279, 64
Trd, 8639885.379, 66
Trd, 8639885.512, 67
Trd, 8639885.846, 68
Trd, 8639885.879, 65
Trd, 8639886.079, 61
Trd, 8639886.379, 62
Trd, 8639886.746, 61
Trd, 8639887.179, 66
Trd, 8639887.946, 64
Trd, 8639888.546, 63
Trd, 8639889.312, 61
Trd, 8639889.546, 64
Trd, 8639891.679, 60
Trd, 8639891.746, 60
Trd, 8639892.212, 61
Trd, 8639892.512, 61
Trd, 8639892.612, 63
Trd, 8639893.046, 63
Trd, 8639893.312, 64
Trd, 8639893.546, 63
Trd, 8639893.746, 64
Trd, 8639893.812, 65
Trd, 8639894.212, 66
Trd, 8639894.379, 90
Trd, 8639895.046, 62
Trd, 8639895.379, 64
Trd, 8639895.479, 66
Trd, 8639895.512, 69
Trd, 8639896.279, 61
Trd, 8639897.212, 61
Trd, 8639897.246, 67
Trd, 8639897.479, 140
Trd, 8639897.646, 60
Trd, 8639897.912, 60
Trd, 8639898.212, 89
Trd, 8639898.479, 77
Trd, 8639898.646, 76
Trd, 8639899.279, 72
Trd, 8639899.312, 71
Trd, 8639900.346, 63
Trd, 8639900.479, 103
Trd, 8639901.146, 64
Trd, 8639902.046, 64
Trd, 8639902.079, 70
Trd, 8639902.212, 60
Trd, 8639902.912, 68
Trd, 8639903.479, 93
Trd, 8639903.946, 75
Trd, 8639904.112, 74
Trd, 8639904.179, 74
Trd, 8639905.379, 80
Trd, 8639905.479, 80
Trd, 8639905.579, 78
Trd, 8639905.812, 70
Trd, 8639906.212, 71
Trd, 8639906.846, 138
Trd, 8639906.946, 140
Trd, 8639907.412, 112
Trd, 8639907.646, 112
Trd, 8639908.279, 112
Trd, 8639908.379, 109
Trd, 8639908.646, 100
Trd, 8639908.746, 92
Trd, 8639909.946, 105
Trd, 8639910.712, 63
Trd, 8639911.479, 65
Trd, 8639911.512, 89
Trd, 8639911.679, 80
Trd, 8639911.779, 78
Trd, 8639912.212, 84
Trd, 8639912.246, 61
Trd, 8639912.779, 138
Trd, 8639912.879, 103
Trd, 8639912.946, 60
Trd, 8639913.212, 119
Trd, 8639914.312, 60
Trd, 8639914.746, 66
Trd, 8639914.979, 64
Trd, 8639915.512, 63
Trd, 8639916.346, 71
Trd, 8639916.712, 71
Trd, 8639917.479, 94
Trd, 8639917.612, 79
Trd, 8639917.846, 78
Trd, 8639918.112, 78
Trd, 8639918.346, 89
Trd, 8639918.412, 88
Trd, 8639918.946, 77
Trd, 8639919.279, 79
Trd, 8639919.312, 90
Trd, 8639919.579, 68
Trd, 8639920.379, 61
Trd, 8639920.646, 61
Trd, 8639921.712, 60
Trd, 8639922.546, 60
Trd, 8639923.612, 60
Trd, 8639923.646, 60
Trd, 8639923.912, 63
Trd, 8639924.112, 61
Trd, 8639924.412, 60
Trd, 8639924.612, 65
Trd, 8639925.479, 64
Trd, 8639925.646, 69
Trd, 8639925.846, 65
Trd, 8639926.512, 138
Trd, 8639926.646, 140
Trd, 8639926.946, 121
Trd, 8639927.579, 88
Trd, 8639927.712, 86
Trd, 8639928.746, 63
Trd, 8639929.746, 60
Trd, 8639931.312, 60
Trd, 8639932.012, 62
Trd, 8639932.146, 61
Trd, 8639932.212, 62
Trd, 8639932.312, 63
Trd, 8639932.346, 131
Trd, 8639932.712, 61
Trd, 8639932.912, 62
Trd, 8639933.446, 63
Trd, 8639933.812, 94
Trd, 8639934.512, 77
Trd, 8639934.612, 76
Trd, 8639935.079, 71
Trd, 8639935.112, 71
Trd, 8639935.646, 71
Trd, 8639936.012, 70
Trd, 8639936.279, 63
Trd, 8639937.246, 60
Trd, 8639937.546, 61
Trd, 8639938.179, 62
Trd, 8639938.246, 62
Trd, 8639938.512, 131
Trd, 8639938.812, 63
Trd, 8639939.046, 83
Trd, 8639939.112, 63
Trd, 8639939.346, 81
Trd, 8639939.646, 60
Trd, 8639942.346, 61
Trd, 8639942.512, 63
Trd, 8639942.812, 61
Trd, 8639944.146, 60
Trd, 8639944.379, 60
Trd, 8639944.679, 60
Trd, 8639944.812, 63
Trd, 8639944.912, 65
Trd, 8639945.012, 62
Trd, 8639945.379, 62
Trd, 8639945.512, 67
Trd, 8639946.346, 68
Trd, 8639946.479, 72
Trd, 8639946.512, 67
Trd, 8639946.546, 72
Trd, 8639946.846, 65
Trd, 8639947.379, 66
Trd, 8639947.512, 62
Trd, 8639947.879, 100
Trd, 8639948.112, 86
Trd, 8639948.946, 63
Trd, 8639949.012, 63
Trd, 8639950.212, 61
Trd, 8639951.246, 63
Trd, 8639951.812, 60
Trd, 8639952.112, 61
Trd, 8639952.746, 65
Trd, 8639952.779, 65
Trd, 8639952.812, 67
Trd, 8639952.879, 64
Trd, 8639953.012, 62
Trd, 8639954.079, 91
Trd, 8639954.112, 63
Trd, 8639954.579, 93
Trd, 8639954.679, 92
Trd, 8639955.146, 138
Trd, 8639955.512, 88
Trd, 8639955.946, 83
Trd, 8639956.346, 135
Trd, 8639956.579, 112
Trd, 8639958.012, 60
Trd, 8639958.846, 60
Trd, 8639959.179, 61
Trd, 8639960.279, 60
Trd, 8639960.679, 63
Trd, 8639960.879, 64
Trd, 8639961.079, 64
Trd, 8639961.912, 67
Trd, 8639961.946, 66
Trd, 8639961.979, 65
Trd, 8639962.646, 61
Trd, 8639963.146, 65
Trd, 8639963.312, 62
Trd, 8639963.646, 60
Trd, 8639963.812, 62
Trd, 8639964.546, 61
Trd, 8639966.112, 63
Trd, 8639966.912, 64
Trd, 8639967.112, 60
Trd, 8639967.979, 62
Trd, 8639968.146, 66
Trd, 8639968.312, 70
Trd, 8639968.346, 66
Trd, 8639968.379, 70
Trd, 8639968.479, 65
Trd, 8639969.046, 65
Trd, 8639969.312, 84
Trd, 8639969.379, 66
Trd, 8639969.646, 62
Trd, 8639970.312, 78
Trd, 8639970.746, 64
Trd, 8639972.446, 61
Trd, 8639972.712, 63
Trd, 8639973.812, 60
Trd, 8639973.879, 60
Trd, 8639974.279, 63
Trd, 8639974.346, 65
Trd, 8639974.946, 74
Trd, 8639975.012, 73
Trd, 8639975.179, 81
Trd, 8639975.412, 74
Trd, 8639975.479, 67
Trd, 8639975.946, 94
Trd, 8639976.379, 139
Trd, 8639976.412, 67
Trd, 8639976.479, 66
Trd, 8639976.946, 92
Trd, 8639977.212, 64
Trd, 8639978.312, 62
Trd, 8639978.412, 61
Trd, 8639979.279, 63
Trd, 8639979.312, 68
Trd, 8639980.512, 63
Trd, 8639980.546, 62
Trd, 8639980.579, 66
Trd, 8639980.746, 62
Trd, 8639980.979, 68
Trd, 8639981.379, 62
Trd, 8639982.212, 65
Trd, 8639982.346, 62
Trd, 8639983.579, 61
Trd, 8639983.679, 68
Trd, 8639984.212, 61
Trd, 8639984.712, 98
Trd, 8639984.779, 70
Trd, 8639984.879, 71
Trd, 8639984.946, 70
Trd, 8639985.679, 90
Trd, 8639985.746, 73
Trd, 8639985.946, 74
Trd, 8639986.079, 73
Trd, 8639986.779, 72
Trd, 8639987.979, 60
Trd, 8639988.746, 61
Trd, 8639988.812, 62
Trd, 8639989.512, 60
Trd, 8639989.879, 60
Trd, 8639990.379, 60
Trd, 8639993.112, 60
Trd, 8639993.146, 62
Trd, 8639993.379, 61
Trd, 8639993.412, 70
Trd, 8639993.746, 63
Trd, 8639994.012, 65
Trd, 8639994.412, 63
Trd, 8639994.446, 62
Trd, 8639995.012, 67
Trd, 8639995.046, 67
Trd, 8639995.212, 64
Trd, 8639995.446, 63
Trd, 8639995.579, 60
Trd, 8639995.879, 81
Trd, 8639997.179, 60
Trd, 8639997.279, 64
Trd, 8639998.012, 61
Trd, 8639998.546, 61
Trd, 8639999.546, 60
Trd, 8639999.979, 60
