Trd, 8638780.812, 64
Trd, 8638781.279, 103
Trd, 8638781.346, 95
Trd, 8638782.346, 61
Trd, 8638782.379, 95
Trd, 8638783.046, 88
Trd, 8638783.546, 60
Trd, 8638784.346, 122
Trd, 8638784.446, 121
Trd, 8638784.546, 120
Trd, 8638785.112, 70
Trd, 8638785.746, 89
Trd, 8638787.046, 97
Trd, 8638787.446, 97
Trd, 8638787.612, 97
Trd, 8638787.812, 87
Trd, 8638788.712, 131
Trd, 8638789.012, 122
Trd, 8638789.079, 95
Trd, 8638789.712, 140
Trd, 8638789.746, 133
Trd, 8638790.346, 133
Trd, 8638791.846, 112
Trd, 8638792.046, 104
Trd, 8638792.646, 100
Trd, 8638792.879, 96
Trd, 8638792.912, 81
Trd, 8638793.212, 119
Trd, 8638794.446, 85
Trd, 8638794.712, 84
Trd, 8638795.779, 83
Trd, 8638796.146, 75
Trd, 8638796.279, 96
Trd, 8638796.346, 95
Trd, 8638796.379, 84
Trd, 8638796.512, 98
Trd, 8638797.112, 85
Trd, 8638797.412, 75
Trd, 8638798.912, 81
Trd, 8638799.079, 80
Trd, 8638800.079, 92
Trd, 8638800.146, 90
Trd, 8638800.579, 115
Trd, 8638800.779, 85
Trd, 8638801.246, 77
Trd, 8638801.812, 65
Trd, 8638801.912, 104
Trd, 8638802.112, 90
Trd, 8638803.279, 139
Trd, 8638803.379, 126
Trd, 8638803.446, 84
Trd, 8638804.812, 106
Trd, 8638805.146, 81
Trd, 8638805.679, 94
Trd, 8638806.446, 87
Trd, 8638806.846, 118
Trd, 8638806.912, 113
Trd, 8638807.179, 86
Trd, 8638807.446, 84
Trd, 8638807.579, 102
Trd, 8638808.346, 128
Trd, 8638809.379, 129
Trd, 8638810.079, 135
Trd, 8638810.279, 96
Trd, 8638811.012, 109
Trd, 8638811.079, 75
Trd, 8638811.846, 106
Trd, 8638812.379, 118
Trd, 8638812.512, 117
Trd, 8638812.779, 88
Trd, 8638813.079, 87
Trd, 8638813.746, 124
Trd, 8638814.146, 99
Trd, 8638814.212, 82
Trd, 8638814.446, 136
Trd, 8638814.746, 60
Trd, 8638815.579, 61
Trd, 8638815.946, 65
Trd, 8638816.312, 67
Trd, 8638816.979, 75
Trd, 8638817.546, 73
Trd, 8638817.679, 67
Trd, 8638818.312, 93
Trd, 8638818.746, 117
Trd, 8638818.879, 116
Trd, 8638819.779, 114
Trd, 8638820.279, 108
Trd, 8638820.579, 107
Trd, 8638820.779, 112
Trd, 8638820.912, 104
Trd, 8638821.512, 116
Trd, 8638821.579, 70
Trd, 8638822.012, 127
Trd, 8638822.212, 83
Trd, 8638822.846, 81
Trd, 8638823.146, 71
Trd, 8638823.846, 65
Trd, 8638824.779, 65
Trd, 8638825.512, 91
Trd, 8638826.212, 94
Trd, 8638826.379, 84
Trd, 8638826.779, 70
Trd, 8638827.146, 103
Trd, 8638827.412, 105
Trd, 8638827.812, 107
Trd, 8638827.912, 88
Trd, 8638827.979, 86
Trd, 8638829.146, 123
Trd, 8638829.246, 119
Trd, 8638829.546, 114
Trd, 8638830.346, 77
Trd, 8638831.112, 76
Trd, 8638831.146, 78
Trd, 8638831.312, 76
Trd, 8638831.579, 73
Trd, 8638831.912, 70
Trd, 8638832.012, 84
Trd, 8638832.546, 139
Trd, 8638833.646, 91
Trd, 8638835.046, 134
Trd, 8638835.112, 128
Trd, 8638835.446, 111
Trd, 8638835.546, 104
Trd, 8638836.012, 127
Trd, 8638836.046, 79
Trd, 8638836.612, 129
Trd, 8638836.946, 113
Trd, 8638837.846, 97
Trd, 8638838.046, 107
Trd, 8638838.512, 108
Trd, 8638839.346, 107
Trd, 8638839.379, 87
Trd, 8638839.646, 138
Trd, 8638840.879, 130
Trd, 8638841.046, 114
Trd, 8638841.146, 108
Trd, 8638841.979, 131
Trd, 8638842.612, 126
Trd, 8638842.846, 96
Trd, 8638843.512, 100
Trd, 8638843.679, 91
Trd, 8638844.146, 93
Trd, 8638844.346, 83
Trd, 8638844.779, 60
Trd, 8638845.712, 60
Trd, 8638846.179, 60
Trd, 8638846.346, 64
Trd, 8638847.012, 79
Trd, 8638847.246, 86
Trd, 8638847.446, 137
Trd, 8638847.779, 81
Trd, 8638848.312, 115
Trd, 8638848.679, 82
Trd, 8638848.912, 81
Trd, 8638849.446, 94
Trd, 8638849.979, 93
Trd, 8638851.646, 128
Trd, 8638851.812, 138
Trd, 8638852.112, 127
Trd, 8638852.546, 115
Trd, 8638853.246, 135
Trd, 8638853.379, 104
Trd, 8638853.612, 91
Trd, 8638854.112, 89
Trd, 8638854.946, 87
Trd, 8638855.012, 96
Trd, 8638856.346, 140
Trd, 8638856.579, 129
Trd, 8638856.879, 105
Trd, 8638857.346, 107
Trd, 8638857.846, 95
Trd, 8638858.246, 102
Trd, 8638858.312, 89
Trd, 8638858.546, 115
Trd, 8638859.179, 83
Trd, 8638859.312, 71
Trd, 8638859.512, 116
Trd, 8638859.812, 66
Trd, 8638860.279, 81
Trd, 8638861.146, 71
Trd, 8638862.312, 140
Trd, 8638862.446, 127
Trd, 8638862.979, 139
Trd, 8638863.079, 82
Trd, 8638863.446, 83
Trd, 8638863.646, 122
Trd, 8638864.012, 107
Trd, 8638865.512, 111
Trd, 8638865.779, 110
Trd, 8638866.579, 108
Trd, 8638866.946, 134
Trd, 8638867.012, 104
Trd, 8638867.812, 106
Trd, 8638868.146, 109
Trd, 8638868.346, 105
Trd, 8638868.679, 105
Trd, 8638868.812, 103
Trd, 8638869.046, 125
Trd, 8638869.312, 88
Trd, 8638870.212, 96
Trd, 8638871.312, 98
Trd, 8638871.379, 97
Trd, 8638871.579, 96
Trd, 8638871.846, 88
Trd, 8638872.079, 96
Trd, 8638872.446, 86
Trd, 8638872.712, 97
Trd, 8638872.979, 115
Trd, 8638874.479, 82
Trd, 8638874.546, 77
Trd, 8638874.612, 108
Trd, 8638875.079, 87
Trd, 8638875.346, 128
Trd, 8638875.979, 124
Trd, 8638877.746, 138
Trd, 8638878.679, 138
Trd, 8638878.712, 128
Trd, 8638878.946, 124
Trd, 8638879.046, 122
Trd, 8638879.546, 108
Trd, 8638880.179, 60
Trd, 8638880.379, 67
Trd, 8638880.912, 81
Trd, 8638881.112, 112
Trd, 8638881.412, 60
Trd, 8638881.646, 68
Trd, 8638882.112, 69
Trd, 8638883.812, 63
Trd, 8638884.179, 68
Trd, 8638884.379, 70
Trd, 8638884.812, 69
Trd, 8638885.046, 74
Trd, 8638885.112, 78
Trd, 8638885.746, 83
Trd, 8638886.212, 89
Trd, 8638886.879, 92
Trd, 8638887.046, 135
Trd, 8638887.412, 93
Trd, 8638887.446, 92
Trd, 8638887.546, 66
Trd, 8638887.979, 79
Trd, 8638889.012, 115
Trd, 8638889.112, 108
Trd, 8638889.812, 118
Trd, 8638890.212, 112
Trd, 8638890.446, 103
Trd, 8638891.146, 125
Trd, 8638891.312, 123
Trd, 8638891.412, 120
Trd, 8638891.446, 119
Trd, 8638891.912, 114
Trd, 8638892.312, 113
Trd, 8638892.879, 102
Trd, 8638893.712, 111
Trd, 8638894.379, 126
Trd, 8638895.379, 91
Trd, 8638895.479, 88
Trd, 8638895.512, 133
Trd, 8638896.112, 88
Trd, 8638896.246, 81
Trd, 8638898.012, 98
Trd, 8638898.646, 98
Trd, 8638899.212, 105
Trd, 8638899.546, 108
Trd, 8638899.779, 109
Trd, 8638900.212, 119
Trd, 8638900.312, 99
Trd, 8638900.812, 100
Trd, 8638901.412, 116
Trd, 8638901.746, 123
Trd, 8638902.346, 140
Trd, 8638902.846, 115
Trd, 8638903.046, 101
Trd, 8638903.079, 96
Trd, 8638903.612, 90
Trd, 8638904.279, 112
Trd, 8638905.112, 74
Trd, 8638905.279, 109
Trd, 8638905.446, 79
Trd, 8638905.912, 85
Trd, 8638906.479, 107
Trd, 8638906.746, 110
Trd, 8638907.212, 110
Trd, 8638908.746, 106
Trd, 8638909.112, 108
Trd, 8638909.346, 106
Trd, 8638909.446, 105
Trd, 8638909.646, 94
Trd, 8638910.346, 109
Trd, 8638910.479, 93
Trd, 8638910.679, 81
Trd, 8638911.079, 81
Trd, 8638911.112, 79
Trd, 8638911.412, 122
Trd, 8638911.579, 76
Trd, 8638912.212, 71
Trd, 8638913.112, 70
Trd, 8638913.612, 63
Trd, 8638913.879, 63
Trd, 8638914.612, 68
Trd, 8638914.846, 63
Trd, 8638915.979, 69
Trd, 8638916.379, 79
Trd, 8638916.479, 85
Trd, 8638917.012, 72
Trd, 8638917.246, 72
Trd, 8638917.479, 88
Trd, 8638917.712, 99
Trd, 8638917.879, 74
Trd, 8638918.346, 60
Trd, 8638919.179, 62
Trd, 8638919.779, 130
Trd, 8638920.646, 116
Trd, 8638921.146, 121
Trd, 8638921.279, 105
Trd, 8638923.379, 60
Trd, 8638923.579, 62
Trd, 8638923.746, 81
Trd, 8638924.246, 61
Trd, 8638924.479, 60
Trd, 8638924.912, 61
Trd, 8638925.279, 62
Trd, 8638925.679, 76
Trd, 8638926.612, 70
Trd, 8638926.646, 93
Trd, 8638926.712, 70
Trd, 8638927.046, 72
Trd, 8638927.579, 74
Trd, 8638927.879, 95
Trd, 8638928.179, 70
Trd, 8638928.646, 136
Trd, 8638928.846, 81
Trd, 8638929.112, 78
Trd, 8638929.846, 89
Trd, 8638930.046, 90
Trd, 8638930.779, 69
Trd, 8638931.112, 70
Trd, 8638931.312, 69
Trd, 8638932.179, 71
Trd, 8638932.312, 69
Trd, 8638932.379, 83
Trd, 8638932.412, 97
Trd, 8638932.746, 61
Trd, 8638933.112, 67
Trd, 8638933.146, 104
Trd, 8638934.379, 130
Trd, 8638934.746, 109
Trd, 8638935.112, 97
Trd, 8638935.546, 121
Trd, 8638937.579, 114
Trd, 8638937.812, 117
Trd, 8638937.879, 113
Trd, 8638938.579, 125
Trd, 8638938.646, 112
Trd, 8638938.979, 111
Trd, 8638939.112, 108
Trd, 8638939.146, 82
Trd, 8638939.512, 90
Trd, 8638940.146, 88
Trd, 8638940.679, 122
Trd, 8638940.946, 121
Trd, 8638941.679, 140
Trd, 8638941.979, 140
Trd, 8638943.179, 138
Trd, 8638943.379, 111
Trd, 8638944.246, 86
Trd, 8638944.312, 116
Trd, 8638944.379, 62
Trd, 8638946.012, 120
Trd, 8638946.079, 119
Trd, 8638946.912, 120
Trd, 8638947.246, 95
Trd, 8638947.412, 90
Trd, 8638947.546, 86
Trd, 8638947.979, 113
Trd, 8638948.512, 79
Trd, 8638949.112, 124
Trd, 8638949.279, 82
Trd, 8638949.612, 63
Trd, 8638950.479, 65
Trd, 8638951.046, 66
Trd, 8638951.379, 85
Trd, 8638953.246, 133
Trd, 8638953.312, 132
Trd, 8638953.779, 131
Trd, 8638954.046, 117
Trd, 8638954.079, 113
Trd, 8638954.179, 112
Trd, 8638954.612, 87
Trd, 8638954.912, 75
Trd, 8638955.012, 130
Trd, 8638955.879, 111
Trd, 8638955.946, 107
Trd, 8638956.579, 98
Trd, 8638957.112, 68
Trd, 8638957.546, 81
Trd, 8638957.712, 79
Trd, 8638957.979, 123
Trd, 8638958.512, 80
Trd, 8638959.312, 67
Trd, 8638959.579, 76
Trd, 8638959.946, 63
Trd, 8638959.979, 88
Trd, 8638960.946, 61
Trd, 8638961.512, 68
Trd, 8638961.646, 74
Trd, 8638962.412, 60
Trd, 8638962.446, 61
Trd, 8638963.346, 69
Trd, 8638963.446, 69
Trd, 8638963.712, 86
Trd, 8638964.246, 74
Trd, 8638964.512, 73
Trd, 8638964.612, 106
Trd, 8638966.012, 138
Trd, 8638966.679, 121
Trd, 8638966.712, 107
Trd, 8638966.946, 87
Trd, 8638967.246, 82
Trd, 8638967.712, 78
Trd, 8638968.712, 73
Trd, 8638969.612, 122
Trd, 8638970.412, 123
Trd, 8638970.846, 122
Trd, 8638971.246, 121
Trd, 8638971.946, 118
Trd, 8638972.312, 118
Trd, 8638972.379, 115
Trd, 8638972.712, 110
Trd, 8638972.879, 87
Trd, 8638973.579, 85
Trd, 8638973.746, 60
Trd, 8638973.812, 63
Trd, 8638974.079, 60
Trd, 8638974.346, 95
Trd, 8638975.646, 96
Trd, 8638975.879, 120
Trd, 8638976.412, 110
Trd, 8638976.946, 109
Trd, 8638977.479, 95
Trd, 8638977.712, 86
Trd, 8638978.012, 78
Trd, 8638978.346, 109
Trd, 8638978.446, 102
Trd, 8638978.579, 137
Trd, 8638979.112, 123
Trd, 8638979.846, 101
Trd, 8638979.879, 97
Trd, 8638981.346, 93
Trd, 8638981.379, 92
Trd, 8638981.479, 83
Trd, 8638982.012, 129
Trd, 8638982.112, 128
Trd, 8638982.479, 108
Trd, 8638982.512, 100
Trd, 8638983.346, 90
Trd, 8638983.379, 102
Trd, 8638984.346, 75
Trd, 8638984.612, 86
Trd, 8638984.746, 72
Trd, 8638985.979, 78
Trd, 8638986.046, 83
Trd, 8638986.146, 68
Trd, 8638986.279, 67
Trd, 8638987.046, 68
Trd, 8638987.346, 68
Trd, 8638987.579, 66
Trd, 8638987.679, 72
Trd, 8638987.712, 75
Trd, 8638989.046, 130
Trd, 8638989.412, 117
Trd, 8638989.879, 82
Trd, 8638990.512, 81
Trd, 8638990.879, 83
Trd, 8638990.912, 84
Trd, 8638991.012, 77
Trd, 8638991.446, 83
Trd, 8638991.679, 83
Trd, 8638992.212, 140
Trd, 8638992.612, 119
Trd, 8638993.246, 78
Trd, 8638993.312, 101
Trd, 8638993.479, 69
Trd, 8638994.512, 70
Trd, 8638994.712, 74
Trd, 8638995.179, 119
Trd, 8638996.379, 115
Trd, 8638996.646, 99
Trd, 8638997.512, 106
Trd, 8638997.912, 105
Trd, 8638997.946, 88
Trd, 8638998.712, 119
Trd, 8638999.079, 97
Trd, 8638999.179, 76
Trd, 8638999.746, 108
Trd, 8639000.546, 60
Trd, 8639000.712, 60
Trd, 8639000.979, 66
Trd, 8639001.946, 74
Trd, 8639002.612, 76
Trd, 8639003.379, 111
Trd, 8639003.779, 107
Trd, 8639004.146, 105
Trd, 8639004.179, 97
Trd, 8639004.379, 97
Trd, 8639005.479, 134
Trd, 8639005.512, 101
Trd, 8639006.312, 126
Trd, 8639006.546, 81
Trd, 8639006.846, 124
Trd, 8639006.946, 80
Trd, 8639007.012, 88
Trd, 8639008.212, 133
Trd, 8639009.179, 131
Trd, 8639009.979, 126
Trd, 8639010.212, 109
Trd, 8639010.246, 108
Trd, 8639010.279, 100
Trd, 8639010.512, 115
Trd, 8639010.612, 133
Trd, 8639010.679, 87
Trd, 8639011.879, 60
Trd, 8639012.312, 67
Trd, 8639012.612, 62
Trd, 8639013.546, 60
Trd, 8639013.612, 68
Trd, 8639014.246, 60
Trd, 8639014.279, 68
Trd, 8639015.912, 61
Trd, 8639016.646, 61
Trd, 8639016.879, 60
Trd, 8639017.012, 64
Trd, 8639017.146, 72
Trd, 8639018.412, 97
Trd, 8639018.612, 98
Trd, 8639019.112, 99
Trd, 8639019.312, 129
Trd, 8639019.879, 99
Trd, 8639020.146, 93
Trd, 8639020.512, 94
Trd, 8639021.312, 70
Trd, 8639021.979, 73
Trd, 8639022.046, 82
Trd, 8639022.679, 135
Trd, 8639022.712, 102
Trd, 8639022.812, 118
Trd, 8639023.212, 120
Trd, 8639023.546, 78
Trd, 8639023.779, 70
Trd, 8639024.979, 64
Trd, 8639025.212, 82
Trd, 8639026.246, 71
Trd, 8639027.079, 80
Trd, 8639027.779, 72
Trd, 8639028.479, 70
Trd, 8639029.312, 61
Trd, 8639030.012, 70
Trd, 8639030.179, 72
Trd, 8639030.346, 81
Trd, 8639030.379, 72
Trd, 8639030.512, 65
Trd, 8639031.012, 60
Trd, 8639031.246, 118
Trd, 8639032.112, 125
Trd, 8639032.446, 140
Trd, 8639032.479, 117
Trd, 8639033.946, 115
Trd, 8639034.479, 114
Trd, 8639034.712, 124
Trd, 8639034.846, 113
Trd, 8639034.879, 126
Trd, 8639035.012, 106
Trd, 8639035.412, 81
Trd, 8639036.546, 98
Trd, 8639036.712, 97
Trd, 8639036.812, 132
Trd, 8639037.246, 137
Trd, 8639037.912, 123
Trd, 8639038.312, 122
Trd, 8639039.412, 118
Trd, 8639039.812, 117
Trd, 8639040.046, 100
Trd, 8639040.779, 140
Trd, 8639040.979, 133
Trd, 8639041.379, 132
Trd, 8639041.846, 99
Trd, 8639041.979, 92
Trd, 8639042.046, 77
Trd, 8639042.679, 60
Trd, 8639042.846, 61
Trd, 8639043.079, 65
Trd, 8639043.646, 67
Trd, 8639044.079, 103
Trd, 8639044.746, 90
Trd, 8639044.912, 89
Trd, 8639045.079, 87
Trd, 8639045.646, 116
Trd, 8639047.246, 130
Trd, 8639047.346, 117
Trd, 8639047.979, 124
Trd, 8639048.046, 109
Trd, 8639048.112, 128
Trd, 8639048.146, 95
Trd, 8639048.546, 94
Trd, 8639048.646, 60
Trd, 8639049.179, 110
Trd, 8639049.512, 138
Trd, 8639050.179, 129
Trd, 8639050.746, 112
Trd, 8639051.046, 77
Trd, 8639051.346, 74
Trd, 8639051.446, 71
Trd, 8639053.012, 65
Trd, 8639053.546, 61
Trd, 8639053.612, 70
Trd, 8639053.779, 65
Trd, 8639054.012, 73
Trd, 8639055.279, 63
Trd, 8639055.379, 70
Trd, 8639055.812, 63
Trd, 8639056.612, 61
Trd, 8639057.079, 68
Trd, 8639057.379, 79
Trd, 8639058.112, 66
Trd, 8639058.779, 92
Trd, 8639058.946, 91
Trd, 8639059.079, 107
Trd, 8639059.346, 91
Trd, 8639060.046, 68
Trd, 8639060.479, 69
Trd, 8639060.679, 78
Trd, 8639060.912, 80
Trd, 8639061.479, 70
Trd, 8639062.146, 104
Trd, 8639062.279, 80
Trd, 8639063.312, 132
Trd, 8639063.746, 97
Trd, 8639063.879, 102
Trd, 8639063.946, 95
Trd, 8639064.146, 103
Trd, 8639064.446, 99
Trd, 8639064.946, 107
Trd, 8639065.212, 83
Trd, 8639065.479, 86
Trd, 8639066.179, 84
Trd, 8639067.446, 72
Trd, 8639068.212, 78
Trd, 8639068.379, 102
Trd, 8639068.912, 86
Trd, 8639069.246, 78
Trd, 8639069.512, 78
Trd, 8639069.812, 77
Trd, 8639070.046, 76
Trd, 8639070.246, 128
Trd, 8639070.879, 96
Trd, 8639070.979, 80
Trd, 8639071.446, 94
Trd, 8639071.912, 107
Trd, 8639072.112, 134
Trd, 8639072.779, 110
Trd, 8639073.512, 110
Trd, 8639073.646, 109
Trd, 8639074.279, 83
Trd, 8639074.546, 103
Trd, 8639075.046, 74
Trd, 8639075.412, 89
Trd, 8639076.379, 80
Trd, 8639076.879, 76
Trd, 8639077.112, 70
Trd, 8639077.379, 76
Trd, 8639078.179, 81
Trd, 8639078.746, 92
Trd, 8639079.246, 83
Trd, 8639079.379, 99
Trd, 8639079.846, 82
Trd, 8639079.912, 83
Trd, 8639079.946, 80
Trd, 8639080.212, 77
Trd, 8639080.546, 84
Trd, 8639080.912, 64
Trd, 8639081.179, 137
Trd, 8639081.812, 100
Trd, 8639083.246, 66
Trd, 8639083.612, 65
Trd, 8639083.679, 86
Trd, 8639083.779, 61
Trd, 8639084.046, 82
Trd, 8639084.312, 111
Trd, 8639084.746, 106
Trd, 8639085.079, 130
Trd, 8639085.512, 124
Trd, 8639086.046, 104
Trd, 8639087.779, 67
Trd, 8639087.812, 74
Trd, 8639087.946, 87
Trd, 8639088.079, 91
Trd, 8639088.679, 80
Trd, 8639089.012, 78
Trd, 8639089.412, 81
Trd, 8639089.646, 71
Trd, 8639090.079, 92
Trd, 8639090.212, 90
Trd, 8639090.412, 92
Trd, 8639091.246, 75
Trd, 8639091.446, 72
Trd, 8639092.079, 73
Trd, 8639092.646, 102
Trd, 8639093.312, 81
Trd, 8639093.646, 88
Trd, 8639093.712, 105
Trd, 8639095.046, 93
Trd, 8639095.212, 85
Trd, 8639095.379, 105
Trd, 8639096.079, 63
Trd, 8639096.379, 105
Trd, 8639097.179, 105
Trd, 8639098.112, 120
Trd, 8639098.246, 103
Trd, 8639098.746, 102
Trd, 8639098.846, 131
Trd, 8639099.246, 130
Trd, 8639099.512, 125
Trd, 8639100.379, 113
Trd, 8639100.779, 109
Trd, 8639101.312, 103
Trd, 8639101.479, 131
Trd, 8639102.279, 124
Trd, 8639102.512, 123
Trd, 8639102.746, 121
Trd, 8639102.846, 127
Trd, 8639103.012, 136
Trd, 8639103.046, 92
Trd, 8639103.946, 100
Trd, 8639104.112, 88
Trd, 8639104.679, 135
Trd, 8639105.279, 109
Trd, 8639105.379, 107
Trd, 8639105.479, 118
Trd, 8639105.846, 70
Trd, 8639107.579, 69
Trd, 8639108.112, 71
Trd, 8639108.346, 72
Trd, 8639109.079, 60
Trd, 8639109.612, 73
Trd, 8639109.846, 71
Trd, 8639110.046, 75
Trd, 8639110.746, 102
Trd, 8639111.046, 132
Trd, 8639111.246, 131
Trd, 8639111.312, 91
Trd, 8639111.612, 86
Trd, 8639111.712, 65
Trd, 8639112.446, 89
Trd, 8639112.912, 105
Trd, 8639113.346, 128
Trd, 8639114.246, 131
Trd, 8639114.979, 101
Trd, 8639115.212, 100
Trd, 8639115.379, 119
Trd, 8639115.612, 91
Trd, 8639115.912, 63
Trd, 8639116.446, 113
Trd, 8639116.912, 101
Trd, 8639116.946, 76
Trd, 8639117.046, 75
Trd, 8639118.379, 109
Trd, 8639118.879, 82
Trd, 8639119.079, 64
Trd, 8639119.412, 66
Trd, 8639120.079, 96
Trd, 8639121.046, 123
Trd, 8639121.379, 122
Trd, 8639121.412, 121
Trd, 8639121.912, 121
Trd, 8639122.146, 123
Trd, 8639122.579, 109
Trd, 8639122.912, 97
Trd, 8639123.346, 140
Trd, 8639123.812, 125
Trd, 8639124.079, 124
Trd, 8639124.279, 122
Trd, 8639125.746, 115
Trd, 8639125.979, 98
Trd, 8639126.846, 95
Trd, 8639127.212, 92
Trd, 8639127.346, 96
Trd, 8639127.479, 91
Trd, 8639127.812, 81
Trd, 8639128.112, 69
Trd, 8639128.279, 96
Trd, 8639128.446, 101
Trd, 8639128.612, 76
Trd, 8639129.479, 60
Trd, 8639129.712, 96
Trd, 8639130.346, 60
Trd, 8639131.146, 67
Trd, 8639131.479, 66
Trd, 8639131.779, 71
Trd, 8639132.079, 86
Trd, 8639132.112, 65
Trd, 8639132.212, 130
Trd, 8639133.346, 125
Trd, 8639134.179, 111
Trd, 8639134.546, 103
Trd, 8639135.312, 90
Trd, 8639135.912, 86
Trd, 8639136.446, 112
Trd, 8639136.546, 110
Trd, 8639136.979, 110
Trd, 8639137.146, 132
Trd, 8639137.779, 93
Trd, 8639137.912, 91
Trd, 8639138.912, 89
Trd, 8639139.012, 88
Trd, 8639139.079, 89
Trd, 8639139.346, 68
Trd, 8639139.812, 65
Trd, 8639141.479, 139
Trd, 8639141.779, 124
Trd, 8639142.346, 139
Trd, 8639142.846, 136
Trd, 8639142.979, 119
Trd, 8639143.312, 111
Trd, 8639143.412, 110
Trd, 8639143.546, 90
Trd, 8639145.146, 123
Trd, 8639145.446, 122
Trd, 8639145.912, 110
Trd, 8639146.712, 102
Trd, 8639146.779, 100
Trd, 8639147.446, 129
Trd, 8639147.646, 117
Trd, 8639147.946, 111
Trd, 8639148.212, 122
Trd, 8639148.379, 94
Trd, 8639149.512, 133
Trd, 8639149.812, 132
Trd, 8639150.479, 121
Trd, 8639150.812, 118
Trd, 8639151.479, 91
Trd, 8639151.779, 83
Trd, 8639152.179, 84
Trd, 8639152.512, 114
Trd, 8639152.712, 113
Trd, 8639152.879, 122
Trd, 8639152.912, 110
Trd, 8639153.846, 69
Trd, 8639154.646, 60
Trd, 8639154.946, 63
Trd, 8639155.279, 82
Trd, 8639155.546, 70
Trd, 8639155.812, 107
Trd, 8639157.312, 140
Trd, 8639157.479, 140
Trd, 8639157.512, 138
Trd, 8639157.679, 127
Trd, 8639157.846, 122
Trd, 8639157.946, 121
Trd, 8639158.812, 89
Trd, 8639158.846, 89
Trd, 8639159.212, 87
Trd, 8639159.712, 122
Trd, 8639159.946, 121
Trd, 8639160.012, 87
Trd, 8639161.279, 111
Trd, 8639161.412, 107
Trd, 8639162.079, 106
Trd, 8639162.446, 138
Trd, 8639162.712, 134
Trd, 8639163.412, 138
Trd, 8639163.846, 122
Trd, 8639164.212, 99
Trd, 8639164.479, 128
Trd, 8639164.746, 116
Trd, 8639164.912, 82
Trd, 8639165.379, 134
Trd, 8639165.779, 133
Trd, 8639167.012, 132
Trd, 8639167.512, 126
Trd, 8639167.812, 122
Trd, 8639168.412, 110
Trd, 8639168.546, 109
Trd, 8639168.846, 134
Trd, 8639169.779, 114
Trd, 8639170.146, 102
Trd, 8639171.179, 61
Trd, 8639171.279, 63
Trd, 8639171.646, 90
Trd, 8639171.779, 90
Trd, 8639171.946, 78
Trd, 8639172.279, 114
Trd, 8639172.479, 81
Trd, 8639172.646, 75
Trd, 8639173.112, 85
Trd, 8639174.912, 105
Trd, 8639175.279, 111
Trd, 8639175.779, 87
Trd, 8639177.012, 137
Trd, 8639177.279, 137
Trd, 8639177.312, 136
Trd, 8639177.546, 120
Trd, 8639177.612, 106
Trd, 8639177.746, 105
Trd, 8639178.446, 109
Trd, 8639178.479, 81
Trd, 8639178.712, 68
Trd, 8639178.812, 60
Trd, 8639179.979, 116
Trd, 8639180.746, 94
Trd, 8639180.912, 93
Trd, 8639181.712, 98
Trd, 8639182.079, 96
Trd, 8639182.579, 90
Trd, 8639182.946, 97
Trd, 8639182.979, 96
Trd, 8639183.479, 91
Trd, 8639183.679, 131
Trd, 8639184.046, 72
Trd, 8639184.512, 64
Trd, 8639185.746, 60
Trd, 8639186.012, 65
Trd, 8639186.279, 65
Trd, 8639186.312, 68
Trd, 8639187.246, 74
Trd, 8639187.579, 65
Trd, 8639188.212, 68
Trd, 8639188.379, 85
Trd, 8639189.046, 84
Trd, 8639189.146, 139
Trd, 8639189.179, 110
Trd, 8639190.512, 76
Trd, 8639190.579, 73
Trd, 8639190.879, 115
Trd, 8639191.746, 92
Trd, 8639192.479, 102
Trd, 8639192.712, 103
Trd, 8639192.879, 112
Trd, 8639193.112, 88
Trd, 8639194.046, 91
Trd, 8639194.412, 82
Trd, 8639194.679, 85
Trd, 8639194.746, 84
Trd, 8639194.979, 137
Trd, 8639195.012, 81
Trd, 8639195.979, 80
Trd, 8639196.312, 82
Trd, 8639196.846, 73
Trd, 8639197.712, 76
Trd, 8639198.012, 78
Trd, 8639198.312, 74
Trd, 8639198.912, 62
Trd, 8639199.579, 64
Trd, 8639199.912, 60
Trd, 8639200.746, 68
Trd, 8639201.179, 67
Trd, 8639202.079, 74
Trd, 8639202.112, 91
Trd, 8639202.212, 70
Trd, 8639202.279, 69
Trd, 8639203.046, 124
Trd, 8639203.379, 114
Trd, 8639203.579, 112
Trd, 8639204.079, 112
Trd, 8639204.546, 113
Trd, 8639204.779, 74
Trd, 8639205.312, 72
Trd, 8639205.846, 70
Trd, 8639206.179, 75
Trd, 8639207.546, 115
Trd, 8639208.812, 75
Trd, 8639208.879, 74
Trd, 8639209.046, 94
Trd, 8639209.312, 67
Trd, 8639209.979, 62
Trd, 8639210.312, 72
Trd, 8639210.512, 99
Trd, 8639211.379, 117
Trd, 8639211.679, 71
Trd, 8639212.646, 69
Trd, 8639213.079, 62
Trd, 8639213.746, 70
Trd, 8639213.779, 70
Trd, 8639214.646, 68
Trd, 8639214.812, 60
Trd, 8639214.846, 69
Trd, 8639216.112, 61
Trd, 8639216.146, 60
Trd, 8639216.779, 88
Trd, 8639217.279, 86
Trd, 8639217.412, 89
Trd, 8639217.746, 112
Trd, 8639218.179, 134
Trd, 8639218.379, 112
Trd, 8639218.479, 111
Trd, 8639219.146, 125
Trd, 8639219.479, 74
Trd, 8639220.012, 78
Trd, 8639220.212, 66
Trd, 8639220.246, 97
Trd, 8639221.512, 94
Trd, 8639222.679, 128
Trd, 8639223.246, 124
Trd, 8639223.279, 123
Trd, 8639223.812, 132
Trd, 8639224.046, 136
Trd, 8639224.079, 127
Trd, 8639224.379, 124
Trd, 8639224.446, 113
Trd, 8639224.746, 112
Trd, 8639225.412, 73
Trd, 8639225.579, 72
Trd, 8639226.112, 69
Trd, 8639226.946, 60
Trd, 8639227.179, 76
Trd, 8639228.346, 79
Trd, 8639228.679, 113
Trd, 8639228.879, 74
Trd, 8639229.312, 92
Trd, 8639229.379, 73
Trd, 8639229.612, 72
Trd, 8639230.179, 105
Trd, 8639230.412, 106
Trd, 8639230.979, 103
Trd, 8639231.479, 108
Trd, 8639232.979, 140
Trd, 8639233.746, 122
Trd, 8639234.212, 121
Trd, 8639234.412, 108
Trd, 8639234.546, 102
Trd, 8639235.312, 99
Trd, 8639235.412, 100
Trd, 8639235.912, 115
Trd, 8639236.279, 138
Trd, 8639236.412, 137
Trd, 8639236.812, 125
Trd, 8639237.379, 135
Trd, 8639237.946, 124
Trd, 8639238.712, 118
Trd, 8639239.112, 115
Trd, 8639239.812, 114
Trd, 8639240.546, 106
Trd, 8639240.712, 104
Trd, 8639241.179, 99
Trd, 8639241.612, 88
Trd, 8639241.646, 85
Trd, 8639242.246, 97
Trd, 8639242.512, 109
Trd, 8639242.612, 104
Trd, 8639242.679, 88
Trd, 8639242.746, 82
Trd, 8639243.046, 73
Trd, 8639244.346, 106
Trd, 8639244.512, 124
Trd, 8639245.112, 98
Trd, 8639245.179, 97
Trd, 8639246.046, 106
Trd, 8639246.246, 128
Trd, 8639246.646, 109
Trd, 8639246.912, 101
Trd, 8639247.112, 82
Trd, 8639248.146, 79
Trd, 8639248.612, 78
Trd, 8639248.812, 85
Trd, 8639248.879, 78
Trd, 8639250.146, 140
Trd, 8639250.546, 140
Trd, 8639250.712, 124
Trd, 8639251.446, 97
Trd, 8639251.646, 120
Trd, 8639251.946, 105
Trd, 8639253.246, 131
Trd, 8639253.379, 116
Trd, 8639254.179, 103
Trd, 8639254.412, 102
Trd, 8639255.279, 126
Trd, 8639255.912, 133
Trd, 8639256.612, 138
Trd, 8639258.179, 118
Trd, 8639258.446, 118
Trd, 8639258.712, 115
Trd, 8639258.912, 105
Trd, 8639259.546, 100
Trd, 8639259.612, 76
Trd, 8639260.212, 127
Trd, 8639260.279, 109
Trd, 8639260.546, 113
Trd, 8639260.612, 100
Trd, 8639261.879, 67
Trd, 8639262.146, 63
Trd, 8639262.612, 66
Trd, 8639262.646, 68
Trd, 8639263.779, 61
Trd, 8639264.012, 63
Trd, 8639264.079, 80
Trd, 8639264.579, 64
Trd, 8639265.846, 98
Trd, 8639265.979, 70
Trd, 8639266.112, 69
Trd, 8639266.879, 139
Trd, 8639267.879, 109
Trd, 8639267.946, 107
Trd, 8639267.979, 94
Trd, 8639268.746, 119
Trd, 8639269.779, 123
Trd, 8639270.112, 112
Trd, 8639270.246, 104
Trd, 8639270.379, 100
Trd, 8639270.612, 123
Trd, 8639271.379, 112
Trd, 8639272.512, 123
Trd, 8639272.712, 123
Trd, 8639272.779, 122
Trd, 8639273.046, 122
Trd, 8639273.079, 121
Trd, 8639273.312, 109
Trd, 8639273.712, 115
Trd, 8639273.746, 110
Trd, 8639274.312, 109
Trd, 8639274.646, 137
Trd, 8639275.446, 106
Trd, 8639275.712, 105
Trd, 8639275.812, 99
Trd, 8639276.512, 116
Trd, 8639277.779, 123
Trd, 8639278.112, 110
Trd, 8639278.512, 109
Trd, 8639278.746, 99
Trd, 8639278.879, 97
Trd, 8639279.179, 122
Trd, 8639279.312, 117
Trd, 8639279.346, 99
Trd, 8639280.979, 114
Trd, 8639281.212, 99
Trd, 8639281.612, 92
Trd, 8639281.779, 83
Trd, 8639282.579, 94
Trd, 8639282.946, 68
Trd, 8639283.346, 69
Trd, 8639283.412, 67
Trd, 8639284.012, 140
Trd, 8639284.446, 132
Trd, 8639285.279, 120
Trd, 8639285.379, 127
Trd, 8639285.579, 117
Trd, 8639285.912, 118
Trd, 8639286.079, 117
Trd, 8639286.346, 114
Trd, 8639286.812, 114
Trd, 8639288.112, 121
Trd, 8639288.312, 116
Trd, 8639288.579, 113
Trd, 8639289.612, 102
Trd, 8639289.646, 96
Trd, 8639289.879, 112
Trd, 8639289.979, 85
Trd, 8639290.246, 61
Trd, 8639290.712, 137
Trd, 8639290.946, 136
Trd, 8639291.579, 83
Trd, 8639291.846, 81
Trd, 8639292.012, 70
Trd, 8639292.546, 101
Trd, 8639292.946, 93
Trd, 8639293.379, 105
Trd, 8639293.479, 102
Trd, 8639294.212, 92
Trd, 8639294.346, 78
Trd, 8639295.279, 90
Trd, 8639295.812, 90
Trd, 8639296.079, 139
Trd, 8639296.346, 95
Trd, 8639296.546, 129
Trd, 8639296.812, 103
Trd, 8639297.379, 101
Trd, 8639297.546, 84
Trd, 8639298.146, 113
Trd, 8639298.979, 125
Trd, 8639299.246, 96
Trd, 8639299.412, 92
Trd, 8639299.812, 114
Trd, 8639300.746, 91
Trd, 8639301.146, 98
Trd, 8639301.246, 93
Trd, 8639301.612, 94
Trd, 8639301.746, 88
Trd, 8639302.879, 61
Trd, 8639303.012, 106
Trd, 8639303.679, 70
Trd, 8639303.812, 90
Trd, 8639303.979, 78
Trd, 8639305.079, 60
Trd, 8639305.612, 60
Trd, 8639305.779, 64
Trd, 8639306.146, 67
Trd, 8639306.379, 110
Trd, 8639307.179, 78
Trd, 8639307.479, 118
Trd, 8639308.379, 86
Trd, 8639309.079, 138
Trd, 8639309.712, 94
Trd, 8639309.779, 93
Trd, 8639310.346, 130
Trd, 8639310.479, 102
Trd, 8639311.079, 101
Trd, 8639311.179, 114
Trd, 8639311.412, 124
Trd, 8639312.879, 76
Trd, 8639313.912, 133
Trd, 8639314.246, 119
Trd, 8639314.379, 110
Trd, 8639314.512, 109
Trd, 8639314.579, 101
Trd, 8639315.646, 101
Trd, 8639315.912, 100
Trd, 8639316.146, 102
Trd, 8639316.412, 99
Trd, 8639316.612, 82
Trd, 8639317.479, 61
Trd, 8639317.612, 103
Trd, 8639318.546, 75
Trd, 8639318.679, 92
Trd, 8639319.079, 76
Trd, 8639319.246, 75
Trd, 8639319.746, 75
Trd, 8639319.946, 87
Trd, 8639320.579, 106
Trd, 8639321.179, 136
Trd, 8639321.379, 121
Trd, 8639322.212, 137
Trd, 8639322.779, 134
Trd, 8639322.846, 92
Trd, 8639323.246, 92
Trd, 8639323.512, 91
Trd, 8639324.479, 61
Trd, 8639324.912, 128
Trd, 8639325.146, 114
Trd, 8639325.479, 123
Trd, 8639325.579, 130
Trd, 8639325.779, 99
Trd, 8639326.312, 124
Trd, 8639326.846, 98
Trd, 8639327.646, 106
Trd, 8639328.412, 122
Trd, 8639328.646, 103
Trd, 8639328.846, 87
Trd, 8639328.879, 78
Trd, 8639329.846, 121
Trd, 8639330.012, 112
Trd, 8639330.379, 112
Trd, 8639330.946, 112
Trd, 8639331.546, 113
Trd, 8639331.846, 111
Trd, 8639331.946, 100
Trd, 8639332.146, 89
Trd, 8639332.712, 119
Trd, 8639333.812, 129
Trd, 8639334.112, 74
Trd, 8639335.146, 118
Trd, 8639335.246, 110
Trd, 8639335.679, 105
Trd, 8639335.912, 64
Trd, 8639336.279, 109
Trd, 8639336.746, 63
Trd, 8639337.112, 123
Trd, 8639337.712, 110
Trd, 8639338.646, 68
Trd, 8639338.712, 64
Trd, 8639338.746, 68
Trd, 8639339.046, 64
Trd, 8639339.346, 88
Trd, 8639340.412, 106
Trd, 8639341.212, 86
Trd, 8639341.246, 75
Trd, 8639341.412, 123
Trd, 8639341.846, 126
Trd, 8639342.746, 89
Trd, 8639343.046, 95
Trd, 8639343.179, 113
Trd, 8639343.279, 118
Trd, 8639343.512, 112
Trd, 8639343.679, 111
Trd, 8639344.079, 110
Trd, 8639344.146, 101
Trd, 8639344.712, 100
Trd, 8639344.746, 99
Trd, 8639345.512, 76
Trd, 8639346.212, 68
Trd, 8639346.946, 63
Trd, 8639347.012, 75
Trd, 8639347.479, 102
Trd, 8639348.279, 136
Trd, 8639349.012, 134
Trd, 8639349.046, 116
Trd, 8639349.379, 90
Trd, 8639349.579, 89
Trd, 8639350.579, 106
Trd, 8639350.846, 104
Trd, 8639351.146, 90
Trd, 8639351.512, 89
Trd, 8639352.179, 78
Trd, 8639352.312, 78
Trd, 8639352.812, 64
Trd, 8639354.079, 64
Trd, 8639354.179, 65
Trd, 8639354.412, 61
Trd, 8639354.646, 63
Trd, 8639354.679, 66
Trd, 8639354.746, 98
Trd, 8639355.212, 62
Trd, 8639355.779, 64
Trd, 8639356.279, 74
Trd, 8639357.179, 119
Trd, 8639357.646, 134
Trd, 8639357.879, 132
Trd, 8639358.012, 99
Trd, 8639358.379, 99
Trd, 8639358.412, 64
Trd, 8639359.346, 68
Trd, 8639360.079, 72
Trd, 8639360.212, 63
Trd, 8639360.312, 79
Trd, 8639360.412, 94
Trd, 8639361.346, 66
Trd, 8639361.412, 129
Trd, 8639362.812, 85
Trd, 8639362.946, 126
Trd, 8639362.979, 83
Trd, 8639363.279, 82
Trd, 8639363.679, 79
Trd, 8639364.412, 69
Trd, 8639364.612, 80
Trd, 8639364.646, 69
Trd, 8639364.779, 65
Trd, 8639365.212, 101
Trd, 8639365.246, 102
Trd, 8639365.412, 85
Trd, 8639365.746, 138
Trd, 8639367.079, 103
Trd, 8639367.346, 112
Trd, 8639367.879, 104
Trd, 8639368.346, 109
Trd, 8639368.479, 95
Trd, 8639368.779, 120
Trd, 8639368.979, 84
Trd, 8639369.946, 85
Trd, 8639370.079, 84
Trd, 8639370.946, 92
Trd, 8639371.779, 102
Trd, 8639373.446, 130
Trd, 8639373.546, 93
Trd, 8639374.279, 77
Trd, 8639375.179, 134
Trd, 8639375.679, 134
Trd, 8639375.746, 133
Trd, 8639376.012, 120
Trd, 8639376.379, 119
Trd, 8639376.779, 117
Trd, 8639377.212, 109
Trd, 8639377.246, 105
Trd, 8639377.379, 98
Trd, 8639377.979, 124
Trd, 8639378.046, 123
Trd, 8639378.612, 123
Trd, 8639379.879, 140
Trd, 8639379.979, 139
Trd, 8639380.079, 134
Trd, 8639380.279, 124
Trd, 8639380.512, 114
Trd, 8639380.946, 119
Trd, 8639381.512, 132
Trd, 8639382.046, 125
Trd, 8639382.479, 76
Trd, 8639382.579, 136
Trd, 8639383.079, 129
Trd, 8639384.612, 134
Trd, 8639384.846, 133
Trd, 8639385.046, 132
Trd, 8639385.479, 118
Trd, 8639385.612, 110
Trd, 8639385.979, 86
Trd, 8639386.446, 91
Trd, 8639386.779, 95
Trd, 8639386.812, 76
Trd, 8639387.379, 74
Trd, 8639387.979, 100
Trd, 8639388.746, 102
Trd, 8639388.979, 101
Trd, 8639389.246, 134
Trd, 8639389.679, 100
Trd, 8639389.846, 89
Trd, 8639389.912, 88
Trd, 8639390.212, 123
Trd, 8639390.979, 88
Trd, 8639391.179, 120
Trd, 8639391.812, 90
Trd, 8639392.612, 108
Trd, 8639392.812, 103
Trd, 8639393.012, 84
Trd, 8639393.246, 83
Trd, 8639394.912, 136
Trd, 8639395.079, 117
Trd, 8639396.046, 118
Trd, 8639396.446, 118
Trd, 8639396.546, 112
Trd, 8639396.846, 119
Trd, 8639397.046, 102
Trd, 8639398.146, 119
Trd, 8639398.346, 118
Trd, 8639398.412, 112
Trd, 8639398.812, 92
Trd, 8639399.412, 64
Trd, 8639399.879, 120
Trd, 8639400.046, 83
Trd, 8639400.346, 102
Trd, 8639400.946, 118
Trd, 8639401.612, 110
Trd, 8639401.812, 101
Trd, 8639402.412, 96
Trd, 8639402.546, 93
Trd, 8639402.912, 139
Trd, 8639403.046, 116
Trd, 8639403.479, 78
Trd, 8639403.579, 93
Trd, 8639403.912, 74
Trd, 8639404.679, 78
Trd, 8639404.846, 128
Trd, 8639405.746, 119
Trd, 8639406.612, 116
Trd, 8639406.946, 108
Trd, 8639407.146, 130
Trd, 8639407.212, 104
Trd, 8639408.079, 101
Trd, 8639408.146, 83
Trd, 8639409.446, 86
Trd, 8639410.079, 85
Trd, 8639410.212, 118
Trd, 8639411.579, 103
Trd, 8639411.679, 102
Trd, 8639411.746, 100
Trd, 8639412.412, 112
Trd, 8639412.479, 102
Trd, 8639412.712, 118
Trd, 8639412.746, 117
Trd, 8639413.546, 102
Trd, 8639413.846, 112
Trd, 8639414.146, 95
Trd, 8639414.446, 92
Trd, 8639415.079, 106
Trd, 8639415.446, 65
Trd, 8639416.179, 64
Trd, 8639416.512, 64
Trd, 8639416.612, 87
Trd, 8639416.746, 74
Trd, 8639417.546, 108
Trd, 8639418.212, 97
Trd, 8639418.579, 86
Trd, 8639418.679, 84
Trd, 8639419.379, 116
Trd, 8639420.579, 105
Trd, 8639420.712, 85
Trd, 8639421.312, 125
Trd, 8639421.546, 118
Trd, 8639422.046, 85
Trd, 8639423.312, 130
Trd, 8639423.746, 114
Trd, 8639424.179, 96
Trd, 8639424.412, 92
Trd, 8639425.512, 127
Trd, 8639425.846, 125
Trd, 8639426.012, 111
Trd, 8639426.212, 66
Trd, 8639427.246, 134
Trd, 8639427.312, 106
Trd, 8639427.746, 87
Trd, 8639428.412, 67
Trd, 8639428.479, 79
Trd, 8639428.946, 68
Trd, 8639428.979, 80
Trd, 8639429.379, 81
Trd, 8639430.112, 73
Trd, 8639430.146, 66
Trd, 8639430.246, 62
Trd, 8639430.446, 97
Trd, 8639430.879, 80
Trd, 8639431.346, 89
Trd, 8639431.712, 93
Trd, 8639432.546, 65
Trd, 8639433.079, 86
Trd, 8639434.312, 105
Trd, 8639434.379, 114
Trd, 8639434.646, 97
Trd, 8639435.046, 97
Trd, 8639435.079, 99
Trd, 8639435.279, 87
Trd, 8639435.812, 71
Trd, 8639436.046, 61
Trd, 8639436.412, 88
Trd, 8639436.546, 80
Trd, 8639436.946, 122
Trd, 8639438.046, 83
Trd, 8639438.412, 84
Trd, 8639438.679, 80
Trd, 8639439.212, 96
Trd, 8639439.279, 108
Trd, 8639439.312, 83
Trd, 8639440.146, 60
Trd, 8639440.712, 67
Trd, 8639441.246, 117
Trd, 8639441.712, 87
Trd, 8639441.946, 90
Trd, 8639442.212, 79
Trd, 8639442.346, 72
Trd, 8639442.379, 71
Trd, 8639443.012, 77
Trd, 8639443.379, 62
Trd, 8639444.279, 78
Trd, 8639444.879, 61
Trd, 8639445.579, 68
Trd, 8639446.179, 80
Trd, 8639446.412, 85
Trd, 8639447.346, 60
Trd, 8639447.379, 62
Trd, 8639447.679, 60
Trd, 8639447.912, 60
Trd, 8639448.846, 118
Trd, 8639449.479, 136
Trd, 8639449.946, 119
Trd, 8639450.279, 106
Trd, 8639450.379, 98
Trd, 8639450.679, 87
Trd, 8639451.079, 63
Trd, 8639451.579, 62
Trd, 8639452.179, 126
Trd, 8639452.779, 74
Trd, 8639452.812, 99
Trd, 8639453.312, 90
Trd, 8639453.446, 69
Trd, 8639453.746, 78
Trd, 8639454.812, 69
Trd, 8639454.946, 71
Trd, 8639455.846, 134
Trd, 8639456.179, 108
Trd, 8639456.412, 99
Trd, 8639456.546, 98
Trd, 8639457.212, 91
Trd, 8639457.646, 112
Trd, 8639457.779, 99
Trd, 8639458.146, 92
Trd, 8639459.112, 100
Trd, 8639459.446, 96
Trd, 8639460.012, 90
Trd, 8639461.012, 88
Trd, 8639461.279, 104
Trd, 8639461.312, 84
Trd, 8639461.446, 68
Trd, 8639462.346, 101
Trd, 8639462.912, 91
Trd, 8639463.279, 87
Trd, 8639463.346, 87
Trd, 8639464.012, 73
Trd, 8639464.546, 76
Trd, 8639464.946, 123
Trd, 8639465.646, 108
Trd, 8639465.779, 128
Trd, 8639465.846, 114
Trd, 8639465.879, 107
Trd, 8639466.846, 76
Trd, 8639466.979, 74
Trd, 8639467.479, 75
Trd, 8639467.612, 103
Trd, 8639467.846, 116
Trd, 8639468.446, 115
Trd, 8639468.712, 97
Trd, 8639468.912, 126
Trd, 8639469.346, 60
Trd, 8639470.846, 118
Trd, 8639470.946, 113
Trd, 8639471.612, 102
Trd, 8639471.746, 102
Trd, 8639472.279, 127
Trd, 8639472.446, 126
Trd, 8639473.312, 126
Trd, 8639473.546, 93
Trd, 8639473.946, 117
Trd, 8639474.046, 133
Trd, 8639474.179, 93
Trd, 8639475.646, 79
Trd, 8639475.779, 94
Trd, 8639476.212, 77
Trd, 8639476.412, 74
Trd, 8639476.812, 91
Trd, 8639477.146, 82
Trd, 8639477.179, 81
Trd, 8639477.346, 71
Trd, 8639478.579, 91
Trd, 8639478.746, 119
Trd, 8639478.812, 106
Trd, 8639479.579, 73
Trd, 8639480.146, 140
Trd, 8639480.712, 139
Trd, 8639481.712, 75
Trd, 8639481.879, 73
Trd, 8639482.179, 90
Trd, 8639482.546, 106
Trd, 8639482.812, 89
Trd, 8639483.046, 83
Trd, 8639483.379, 78
Trd, 8639484.279, 65
Trd, 8639484.412, 61
Trd, 8639484.446, 63
Trd, 8639485.846, 63
Trd, 8639486.379, 71
Trd, 8639487.546, 60
Trd, 8639487.679, 60
Trd, 8639487.879, 60
Trd, 8639489.212, 96
Trd, 8639489.346, 75
Trd, 8639489.512, 75
Trd, 8639489.612, 115
Trd, 8639490.279, 139
Trd, 8639490.579, 87
Trd, 8639490.746, 73
Trd, 8639490.846, 104
Trd, 8639490.912, 74
Trd, 8639491.779, 131
Trd, 8639492.112, 103
Trd, 8639492.212, 98
Trd, 8639492.646, 140
Trd, 8639492.779, 97
Trd, 8639493.579, 123
Trd, 8639493.879, 104
Trd, 8639494.612, 84
Trd, 8639494.912, 77
Trd, 8639495.779, 123
Trd, 8639495.979, 112
Trd, 8639496.646, 113
Trd, 8639496.812, 100
Trd, 8639496.979, 85
Trd, 8639497.979, 100
Trd, 8639499.312, 122
Trd, 8639499.546, 109
Trd, 8639499.679, 109
Trd, 8639499.946, 105
Trd, 8639499.979, 87
Trd, 8639500.579, 87
Trd, 8639501.446, 116
Trd, 8639502.512, 119
Trd, 8639502.846, 140
Trd, 8639503.212, 133
Trd, 8639503.612, 130
Trd, 8639503.646, 126
Trd, 8639503.879, 121
Trd, 8639504.179, 117
Trd, 8639504.846, 60
Trd, 8639505.012, 63
Trd, 8639505.512, 60
Trd, 8639506.379, 60
Trd, 8639506.546, 61
Trd, 8639507.779, 60
Trd, 8639508.212, 64
Trd, 8639508.579, 61
Trd, 8639509.446, 77
Trd, 8639510.312, 81
Trd, 8639510.512, 111
Trd, 8639511.246, 85
Trd, 8639511.979, 89
Trd, 8639512.146, 88
Trd, 8639512.446, 91
Trd, 8639512.579, 71
Trd, 8639513.046, 76
Trd, 8639514.212, 95
Trd, 8639514.712, 93
Trd, 8639514.979, 92
Trd, 8639515.446, 116
Trd, 8639516.112, 91
Trd, 8639516.379, 85
Trd, 8639517.079, 106
Trd, 8639517.112, 107
Trd, 8639517.246, 115
Trd, 8639517.479, 90
Trd, 8639517.512, 81
Trd, 8639517.612, 83
Trd, 8639517.979, 80
Trd, 8639518.179, 92
Trd, 8639518.446, 101
Trd, 8639518.779, 91
Trd, 8639519.812, 114
Trd, 8639520.412, 126
Trd, 8639520.546, 102
Trd, 8639521.612, 83
Trd, 8639521.812, 82
Trd, 8639522.346, 81
Trd, 8639522.412, 135
Trd, 8639522.812, 80
Trd, 8639523.379, 77
Trd, 8639523.846, 76
Trd, 8639523.912, 90
Trd, 8639524.146, 76
Trd, 8639525.012, 66
Trd, 8639525.079, 67
Trd, 8639526.079, 66
Trd, 8639526.112, 79
Trd, 8639526.846, 64
Trd, 8639527.179, 98
Trd, 8639527.412, 63
Trd, 8639527.946, 62
Trd, 8639529.012, 83
Trd, 8639529.112, 71
Trd, 8639529.446, 92
Trd, 8639529.879, 69
Trd, 8639530.179, 71
Trd, 8639530.912, 125
Trd, 8639531.512, 132
Trd, 8639531.646, 125
Trd, 8639532.412, 130
Trd, 8639533.112, 120
Trd, 8639533.179, 131
Trd, 8639533.646, 105
Trd, 8639534.279, 99
Trd, 8639534.512, 93
Trd, 8639535.046, 89
Trd, 8639535.212, 103
Trd, 8639535.246, 81
Trd, 8639535.646, 106
Trd, 8639536.079, 89
Trd, 8639536.379, 96
Trd, 8639536.812, 76
Trd, 8639537.412, 61
Trd, 8639537.779, 64
Trd, 8639538.179, 120
Trd, 8639539.646, 131
Trd, 8639539.879, 134
Trd, 8639540.146, 133
Trd, 8639540.312, 135
Trd, 8639541.446, 120
Trd, 8639542.346, 130
Trd, 8639542.846, 140
Trd, 8639543.012, 140
Trd, 8639543.046, 140
Trd, 8639543.179, 116
Trd, 8639543.346, 110
Trd, 8639544.479, 127
Trd, 8639545.179, 125
Trd, 8639545.246, 124
Trd, 8639545.546, 117
Trd, 8639545.612, 111
Trd, 8639546.779, 123
Trd, 8639547.612, 116
Trd, 8639547.712, 115
Trd, 8639548.179, 109
Trd, 8639548.512, 117
Trd, 8639548.546, 98
Trd, 8639548.646, 86
Trd, 8639548.846, 81
Trd, 8639549.479, 119
Trd, 8639551.412, 127
Trd, 8639551.746, 126
Trd, 8639551.912, 121
Trd, 8639552.279, 121
Trd, 8639552.812, 76
Trd, 8639553.112, 100
Trd, 8639553.246, 73
Trd, 8639553.279, 110
Trd, 8639553.912, 122
Trd, 8639553.979, 112
Trd, 8639554.146, 107
Trd, 8639555.279, 116
Trd, 8639555.412, 115
Trd, 8639555.612, 105
Trd, 8639556.646, 114
Trd, 8639557.112, 122
Trd, 8639557.379, 109
Trd, 8639557.446, 108
Trd, 8639558.112, 92
Trd, 8639558.546, 122
Trd, 8639558.679, 91
Trd, 8639558.912, 131
Trd, 8639559.112, 66
Trd, 8639559.979, 62
Trd, 8639560.046, 77
Trd, 8639560.746, 76
Trd, 8639560.812, 77
Trd, 8639561.946, 65
Trd, 8639562.712, 130
Trd, 8639563.112, 137
Trd, 8639563.579, 123
Trd, 8639563.646, 121
Trd, 8639564.446, 135
Trd, 8639564.479, 107
Trd, 8639565.179, 83
Trd, 8639565.579, 87
Trd, 8639565.712, 98
Trd, 8639565.846, 76
Trd, 8639566.546, 100
Trd, 8639566.646, 108
Trd, 8639567.246, 68
Trd, 8639567.946, 92
Trd, 8639569.079, 115
Trd, 8639569.312, 128
Trd, 8639569.346, 127
Trd, 8639570.279, 125
Trd, 8639570.412, 119
Trd, 8639570.746, 118
Trd, 8639570.879, 113
Trd, 8639571.946, 106
Trd, 8639572.079, 103
Trd, 8639572.212, 102
Trd, 8639572.579, 103
Trd, 8639574.612, 90
Trd, 8639575.046, 105
Trd, 8639575.312, 106
Trd, 8639575.412, 90
Trd, 8639576.346, 102
Trd, 8639576.512, 102
Trd, 8639576.912, 91
Trd, 8639577.346, 121
Trd, 8639577.779, 83
Trd, 8639578.079, 81
Trd, 8639578.479, 99
Trd, 8639579.346, 98
Trd, 8639579.779, 129
Trd, 8639580.246, 131
Trd, 8639580.446, 112
Trd, 8639580.579, 100
Trd, 8639580.879, 81
Trd, 8639580.946, 76
Trd, 8639581.579, 74
Trd, 8639582.946, 94
Trd, 8639583.012, 90
Trd, 8639583.112, 88
Trd, 8639583.846, 137
Trd, 8639584.112, 101
Trd, 8639584.679, 60
Trd, 8639585.146, 60
Trd, 8639585.346, 60
Trd, 8639586.479, 79
Trd, 8639586.746, 80
Trd, 8639586.979, 72
Trd, 8639587.479, 64
Trd, 8639587.846, 62
Trd, 8639588.346, 61
Trd, 8639588.579, 69
Trd, 8639588.779, 94
Trd, 8639589.712, 63
Trd, 8639590.346, 71
Trd, 8639590.879, 95
Trd, 8639591.446, 135
Trd, 8639591.746, 73
Trd, 8639592.479, 121
Trd, 8639592.546, 120
Trd, 8639594.012, 108
Trd, 8639594.046, 83
Trd, 8639594.212, 80
Trd, 8639594.246, 118
Trd, 8639594.912, 103
Trd, 8639595.012, 77
Trd, 8639595.746, 76
Trd, 8639595.879, 77
Trd, 8639596.912, 79
Trd, 8639597.012, 78
Trd, 8639597.146, 98
Trd, 8639597.212, 117
Trd, 8639598.246, 108
Trd, 8639598.346, 94
Trd, 8639598.812, 77
Trd, 8639598.946, 76
Trd, 8639599.246, 136
Trd, 8639599.312, 80
Trd, 8639599.846, 74
Trd, 8639601.412, 123
Trd, 8639601.879, 103
Trd, 8639602.212, 77
Trd, 8639602.746, 108
Trd, 8639603.179, 107
Trd, 8639603.479, 127
Trd, 8639603.612, 106
Trd, 8639603.979, 95
Trd, 8639604.212, 111
Trd, 8639604.446, 109
Trd, 8639605.146, 109
Trd, 8639605.579, 114
Trd, 8639605.879, 107
Trd, 8639606.079, 117
Trd, 8639606.112, 102
Trd, 8639607.379, 93
Trd, 8639607.846, 119
Trd, 8639608.512, 138
Trd, 8639609.312, 123
Trd, 8639609.579, 113
Trd, 8639610.112, 127
Trd, 8639610.146, 112
Trd, 8639610.712, 112
Trd, 8639611.212, 113
Trd, 8639611.646, 111
Trd, 8639611.779, 103
Trd, 8639612.579, 102
Trd, 8639612.612, 84
Trd, 8639612.646, 74
Trd, 8639613.046, 71
Trd, 8639613.146, 69
Trd, 8639613.512, 102
Trd, 8639614.279, 136
Trd, 8639614.879, 136
Trd, 8639615.112, 125
Trd, 8639616.046, 103
Trd, 8639616.146, 101
Trd, 8639616.346, 125
Trd, 8639616.912, 99
Trd, 8639617.146, 88
Trd, 8639617.546, 76
Trd, 8639618.346, 81
Trd, 8639618.479, 77
Trd, 8639618.979, 134
Trd, 8639619.379, 101
Trd, 8639620.312, 95
Trd, 8639620.412, 90
Trd, 8639621.379, 134
Trd, 8639622.346, 131
Trd, 8639622.512, 123
Trd, 8639623.579, 135
Trd, 8639623.612, 134
Trd, 8639624.312, 133
Trd, 8639624.379, 132
Trd, 8639624.546, 119
Trd, 8639624.946, 112
Trd, 8639625.446, 109
Trd, 8639625.646, 108
Trd, 8639625.679, 107
Trd, 8639625.712, 93
Trd, 8639626.179, 89
Trd, 8639627.046, 137
Trd, 8639627.612, 104
Trd, 8639628.946, 122
Trd, 8639629.146, 83
Trd, 8639629.212, 83
Trd, 8639630.046, 89
Trd, 8639630.679, 117
Trd, 8639630.846, 116
Trd, 8639632.179, 129
Trd, 8639632.246, 123
Trd, 8639632.879, 110
Trd, 8639632.979, 109
Trd, 8639633.112, 92
Trd, 8639634.212, 105
Trd, 8639634.879, 111
Trd, 8639635.012, 113
Trd, 8639635.179, 104
Trd, 8639635.546, 92
Trd, 8639636.179, 83
Trd, 8639636.846, 101
Trd, 8639636.979, 100
Trd, 8639637.946, 100
Trd, 8639638.879, 113
Trd, 8639639.012, 125
Trd, 8639639.546, 74
Trd, 8639639.646, 69
Trd, 8639639.779, 93
Trd, 8639640.279, 121
Trd, 8639640.546, 113
Trd, 8639640.646, 111
Trd, 8639641.179, 96
Trd, 8639641.712, 102
Trd, 8639641.946, 88
Trd, 8639643.479, 60
Trd, 8639643.746, 68
Trd, 8639644.746, 60
Trd, 8639644.846, 61
Trd, 8639644.912, 66
Trd, 8639645.112, 68
Trd, 8639645.212, 71
Trd, 8639645.679, 63
Trd, 8639646.179, 64
Trd, 8639646.746, 77
Trd, 8639647.479, 68
Trd, 8639647.679, 69
Trd, 8639648.112, 65
Trd, 8639648.212, 64
Trd, 8639648.979, 74
Trd, 8639649.079, 60
Trd, 8639650.612, 60
Trd, 8639651.146, 82
Trd, 8639651.546, 60
Trd, 8639652.012, 93
Trd, 8639653.046, 105
Trd, 8639653.112, 105
Trd, 8639653.212, 106
Trd, 8639653.412, 121
Trd, 8639653.579, 104
Trd, 8639654.646, 129
Trd, 8639655.112, 77
Trd, 8639655.612, 65
Trd, 8639656.079, 74
Trd, 8639656.279, 84
Trd, 8639656.412, 65
Trd, 8639656.612, 65
Trd, 8639656.712, 83
Trd, 8639657.012, 71
Trd, 8639658.046, 121
Trd, 8639658.979, 115
Trd, 8639659.712, 119
Trd, 8639659.746, 113
Trd, 8639659.779, 110
Trd, 8639659.812, 98
Trd, 8639659.846, 96
Trd, 8639661.679, 97
Trd, 8639662.079, 99
Trd, 8639662.412, 106
Trd, 8639662.446, 105
Trd, 8639662.812, 85
Trd, 8639663.212, 82
Trd, 8639663.646, 76
Trd, 8639664.012, 62
Trd, 8639664.046, 116
Trd, 8639665.112, 121
Trd, 8639665.646, 119
Trd, 8639665.912, 105
Trd, 8639666.846, 140
Trd, 8639667.046, 136
Trd, 8639667.179, 134
Trd, 8639667.446, 128
Trd, 8639667.746, 123
Trd, 8639667.912, 121
Trd, 8639669.279, 138
Trd, 8639670.012, 136
Trd, 8639670.112, 128
Trd, 8639670.579, 125
Trd, 8639670.979, 117
Trd, 8639671.379, 123
Trd, 8639671.912, 79
Trd, 8639672.212, 122
Trd, 8639672.412, 122
Trd, 8639673.512, 123
Trd, 8639673.646, 107
Trd, 8639673.979, 97
Trd, 8639674.112, 108
Trd, 8639674.212, 113
Trd, 8639674.246, 89
Trd, 8639674.479, 63
Trd, 8639675.446, 67
Trd, 8639675.646, 63
Trd, 8639676.912, 64
Trd, 8639677.546, 70
Trd, 8639677.579, 72
Trd, 8639678.279, 74
Trd, 8639678.879, 82
Trd, 8639678.912, 69
Trd, 8639678.946, 68
Trd, 8639679.012, 67
Trd, 8639679.412, 98
Trd, 8639679.912, 88
Trd, 8639680.279, 86
Trd, 8639680.879, 85
Trd, 8639681.112, 83
Trd, 8639681.146, 81
Trd, 8639681.312, 107
Trd, 8639682.212, 107
Trd, 8639682.612, 83
Trd, 8639683.046, 84
Trd, 8639683.579, 91
Trd, 8639683.846, 115
Trd, 8639684.079, 99
Trd, 8639684.146, 118
Trd, 8639684.212, 88
Trd, 8639684.846, 83
Trd, 8639685.246, 88
Trd, 8639685.612, 82
Trd, 8639685.979, 111
Trd, 8639686.579, 125
Trd, 8639686.746, 66
Trd, 8639686.946, 116
Trd, 8639687.646, 109
Trd, 8639688.346, 101
Trd, 8639688.612, 105
Trd, 8639689.512, 99
Trd, 8639689.912, 135
Trd, 8639690.046, 130
Trd, 8639690.312, 109
Trd, 8639690.746, 110
Trd, 8639691.012, 108
Trd, 8639691.746, 115
Trd, 8639691.912, 97
Trd, 8639693.246, 114
Trd, 8639693.479, 112
Trd, 8639693.812, 126
Trd, 8639694.646, 113
Trd, 8639695.246, 104
Trd, 8639695.546, 103
Trd, 8639695.979, 90
Trd, 8639696.279, 113
Trd, 8639696.512, 122
Trd, 8639696.812, 90
Trd, 8639697.179, 89
Trd, 8639697.346, 83
Trd, 8639697.546, 81
Trd, 8639697.812, 73
Trd, 8639698.079, 95
Trd, 8639699.379, 63
Trd, 8639699.546, 92
Trd, 8639699.846, 95
Trd, 8639700.446, 119
Trd, 8639700.579, 117
Trd, 8639700.612, 87
Trd, 8639700.846, 60
Trd, 8639701.679, 61
Trd, 8639702.146, 120
Trd, 8639702.779, 92
Trd, 8639702.946, 84
Trd, 8639703.546, 96
Trd, 8639703.712, 112
Trd, 8639705.379, 60
Trd, 8639705.512, 61
Trd, 8639705.846, 62
Trd, 8639705.946, 64
Trd, 8639705.979, 65
Trd, 8639706.246, 60
Trd, 8639706.712, 61
Trd, 8639706.879, 124
Trd, 8639707.446, 60
Trd, 8639708.446, 66
Trd, 8639708.846, 73
Trd, 8639709.612, 84
Trd, 8639710.079, 95
Trd, 8639710.712, 125
Trd, 8639710.779, 120
Trd, 8639710.846, 126
Trd, 8639711.379, 110
Trd, 8639711.479, 116
Trd, 8639711.879, 106
Trd, 8639711.946, 95
Trd, 8639712.312, 92
Trd, 8639712.346, 104
Trd, 8639712.779, 83
Trd, 8639712.979, 106
Trd, 8639713.646, 66
Trd, 8639714.246, 62
Trd, 8639715.079, 64
Trd, 8639715.612, 60
Trd, 8639715.712, 61
Trd, 8639716.046, 121
Trd, 8639716.212, 98
Trd, 8639716.412, 65
Trd, 8639717.212, 72
Trd, 8639717.779, 67
Trd, 8639718.312, 68
Trd, 8639718.579, 72
Trd, 8639718.679, 73
Trd, 8639719.079, 72
Trd, 8639719.179, 73
Trd, 8639719.812, 78
Trd, 8639721.046, 61
Trd, 8639721.679, 64
Trd, 8639722.246, 110
Trd, 8639722.612, 110
Trd, 8639722.879, 138
Trd, 8639723.479, 106
Trd, 8639723.912, 115
Trd, 8639724.812, 90
Trd, 8639725.012, 75
Trd, 8639725.079, 133
Trd, 8639726.546, 102
Trd, 8639726.646, 114
Trd, 8639726.879, 101
Trd, 8639727.446, 111
Trd, 8639728.779, 126
Trd, 8639728.846, 106
Trd, 8639729.279, 105
Trd, 8639729.912, 135
Trd, 8639730.112, 118
Trd, 8639730.612, 106
Trd, 8639730.679, 105
Trd, 8639730.746, 100
Trd, 8639731.312, 121
Trd, 8639731.612, 112
Trd, 8639732.546, 109
Trd, 8639732.679, 126
Trd, 8639733.946, 107
Trd, 8639734.012, 96
Trd, 8639734.446, 125
Trd, 8639735.146, 94
Trd, 8639736.079, 139
Trd, 8639736.412, 103
Trd, 8639736.612, 102
Trd, 8639736.712, 133
Trd, 8639737.079, 119
Trd, 8639737.679, 119
Trd, 8639738.112, 86
Trd, 8639738.479, 91
Trd, 8639738.579, 108
Trd, 8639738.712, 90
Trd, 8639739.146, 85
Trd, 8639739.179, 86
Trd, 8639739.512, 93
Trd, 8639739.646, 66
Trd, 8639740.212, 95
Trd, 8639740.379, 98
Trd, 8639740.712, 63
Trd, 8639741.712, 81
Trd, 8639742.012, 80
Trd, 8639742.446, 67
Trd, 8639743.012, 61
Trd, 8639743.479, 109
Trd, 8639743.712, 62
Trd, 8639744.646, 61
Trd, 8639744.812, 68
Trd, 8639745.012, 60
Trd, 8639745.446, 124
Trd, 8639747.212, 61
Trd, 8639747.579, 64
Trd, 8639747.612, 92
Trd, 8639748.479, 90
Trd, 8639748.946, 93
Trd, 8639749.512, 81
Trd, 8639749.546, 79
Trd, 8639750.112, 85
Trd, 8639750.146, 73
Trd, 8639750.279, 65
Trd, 8639750.379, 62
Trd, 8639750.512, 66
Trd, 8639750.846, 61
Trd, 8639752.079, 138
Trd, 8639752.879, 130
Trd, 8639753.246, 130
Trd, 8639753.279, 119
Trd, 8639753.312, 102
Trd, 8639753.879, 116
Trd, 8639754.512, 110
Trd, 8639754.879, 88
Trd, 8639755.079, 82
Trd, 8639755.412, 75
Trd, 8639755.546, 109
Trd, 8639756.012, 96
Trd, 8639756.979, 71
Trd, 8639757.279, 85
Trd, 8639757.446, 87
Trd, 8639758.046, 107
Trd, 8639758.079, 96
Trd, 8639758.779, 134
Trd, 8639758.879, 64
Trd, 8639759.112, 75
Trd, 8639759.379, 89
Trd, 8639760.646, 67
Trd, 8639760.846, 67
Trd, 8639761.012, 82
Trd, 8639761.312, 66
Trd, 8639762.212, 66
Trd, 8639762.446, 72
Trd, 8639763.012, 92
Trd, 8639763.379, 101
Trd, 8639764.412, 102
Trd, 8639764.679, 134
Trd, 8639764.712, 87
Trd, 8639765.179, 86
Trd, 8639765.812, 120
Trd, 8639766.112, 120
Trd, 8639766.379, 119
Trd, 8639766.612, 95
Trd, 8639766.679, 94
Trd, 8639766.946, 108
Trd, 8639767.246, 103
Trd, 8639767.512, 121
Trd, 8639768.546, 117
Trd, 8639770.079, 138
Trd, 8639770.246, 128
Trd, 8639770.479, 123
Trd, 8639770.579, 122
Trd, 8639770.846, 104
Trd, 8639771.146, 138
Trd, 8639771.246, 124
Trd, 8639771.579, 99
Trd, 8639771.712, 134
Trd, 8639771.779, 133
Trd, 8639772.412, 97
Trd, 8639772.446, 66
Trd, 8639772.779, 103
Trd, 8639773.279, 105
Trd, 8639773.412, 85
Trd, 8639773.646, 65
Trd, 8639774.512, 66
Trd, 8639774.812, 68
Trd, 8639776.112, 61
Trd, 8639776.579, 61
Trd, 8639777.679, 61
Trd, 8639777.746, 63
Trd, 8639778.412, 61
Trd, 8639778.579, 60
Trd, 8639779.312, 71
Trd, 8639779.646, 74
Trd, 8639779.846, 80
Trd, 8639780.979, 95
Trd, 8639781.079, 93
Trd, 8639781.846, 124
Trd, 8639782.512, 108
Trd, 8639782.912, 134
Trd, 8639784.312, 120
Trd, 8639784.512, 132
Trd, 8639784.779, 134
Trd, 8639785.012, 119
Trd, 8639785.312, 140
Trd, 8639786.546, 121
Trd, 8639786.879, 99
Trd, 8639786.979, 95
Trd, 8639787.179, 119
Trd, 8639788.212, 92
Trd, 8639788.679, 88
Trd, 8639788.712, 80
Trd, 8639789.646, 115
Trd, 8639790.246, 139
Trd, 8639790.812, 127
Trd, 8639791.512, 92
Trd, 8639791.679, 87
Trd, 8639792.079, 135
Trd, 8639792.379, 101
Trd, 8639792.912, 101
Trd, 8639792.979, 90
Trd, 8639793.046, 81
Trd, 8639793.146, 74
Trd, 8639793.179, 83
Trd, 8639794.679, 136
Trd, 8639795.912, 135
Trd, 8639796.012, 110
Trd, 8639796.446, 109
Trd, 8639796.512, 103
Trd, 8639796.546, 97
Trd, 8639796.612, 94
Trd, 8639796.746, 79
Trd, 8639798.579, 126
Trd, 8639798.779, 109
Trd, 8639799.179, 107
Trd, 8639800.279, 129
Trd, 8639800.946, 136
Trd, 8639801.146, 134
Trd, 8639801.679, 133
Trd, 8639801.846, 126
Trd, 8639801.879, 115
Trd, 8639802.046, 92
Trd, 8639802.379, 84
Trd, 8639803.212, 91
Trd, 8639803.612, 106
Trd, 8639803.879, 110
Trd, 8639804.712, 121
Trd, 8639804.846, 120
Trd, 8639806.346, 140
Trd, 8639806.879, 134
Trd, 8639806.946, 134
Trd, 8639806.979, 133
Trd, 8639807.412, 107
Trd, 8639808.112, 119
Trd, 8639808.412, 99
Trd, 8639808.479, 87
Trd, 8639808.779, 86
Trd, 8639809.846, 121
Trd, 8639810.979, 64
Trd, 8639811.712, 62
Trd, 8639811.979, 63
Trd, 8639812.146, 65
Trd, 8639812.179, 74
Trd, 8639812.212, 77
Trd, 8639812.712, 107
Trd, 8639813.079, 64
Trd, 8639813.712, 82
Trd, 8639814.079, 106
Trd, 8639814.146, 75
Trd, 8639814.446, 68
Trd, 8639814.546, 70
Trd, 8639815.579, 110
Trd, 8639815.746, 109
Trd, 8639816.446, 106
Trd, 8639816.579, 126
Trd, 8639816.679, 103
Trd, 8639817.212, 98
Trd, 8639818.979, 118
Trd, 8639819.012, 116
Trd, 8639819.379, 114
Trd, 8639820.146, 114
Trd, 8639820.179, 101
Trd, 8639820.612, 66
Trd, 8639820.879, 129
Trd, 8639821.279, 102
Trd, 8639821.412, 127
Trd, 8639821.812, 113
Trd, 8639821.846, 112
Trd, 8639822.146, 110
Trd, 8639822.446, 112
Trd, 8639823.712, 123
Trd, 8639823.846, 118
Trd, 8639823.946, 116
Trd, 8639825.112, 96
Trd, 8639825.846, 133
Trd, 8639826.546, 132
Trd, 8639826.646, 130
Trd, 8639826.912, 120
Trd, 8639826.946, 117
Trd, 8639827.412, 115
Trd, 8639828.279, 120
Trd, 8639828.312, 114
Trd, 8639828.646, 98
Trd, 8639828.779, 91
Trd, 8639830.112, 76
Trd, 8639830.479, 101
Trd, 8639830.646, 105
Trd, 8639831.079, 129
Trd, 8639831.479, 115
Trd, 8639832.979, 139
Trd, 8639833.879, 108
Trd, 8639833.979, 106
Trd, 8639834.012, 94
Trd, 8639834.312, 90
Trd, 8639834.479, 85
Trd, 8639835.046, 112
Trd, 8639835.112, 111
Trd, 8639836.179, 135
Trd, 8639836.646, 135
Trd, 8639836.746, 134
Trd, 8639836.846, 124
Trd, 8639837.079, 83
Trd, 8639837.546, 82
Trd, 8639837.912, 67
Trd, 8639838.579, 109
Trd, 8639839.379, 111
Trd, 8639840.546, 108
Trd, 8639840.746, 75
Trd, 8639840.846, 62
Trd, 8639841.012, 67
Trd, 8639843.279, 116
Trd, 8639843.612, 111
Trd, 8639844.412, 115
Trd, 8639844.446, 113
Trd, 8639844.912, 140
Trd, 8639845.579, 140
Trd, 8639845.912, 121
Trd, 8639846.846, 114
Trd, 8639846.946, 108
Trd, 8639847.012, 105
Trd, 8639847.612, 127
Trd, 8639847.712, 92
Trd, 8639848.012, 115
Trd, 8639848.846, 85
Trd, 8639849.146, 120
Trd, 8639849.479, 84
Trd, 8639849.979, 114
Trd, 8639851.112, 123
Trd, 8639851.146, 91
Trd, 8639851.412, 81
Trd, 8639851.779, 75
Trd, 8639852.146, 79
Trd, 8639852.512, 80
Trd, 8639853.412, 76
Trd, 8639853.779, 94
Trd, 8639854.112, 115
Trd, 8639854.246, 99
Trd, 8639854.379, 88
Trd, 8639854.912, 106
Trd, 8639855.312, 133
Trd, 8639856.012, 132
Trd, 8639856.279, 133
Trd, 8639856.412, 130
Trd, 8639856.612, 126
Trd, 8639856.779, 118
Trd, 8639857.146, 105
Trd, 8639857.412, 94
Trd, 8639858.112, 84
Trd, 8639858.446, 104
Trd, 8639859.646, 104
Trd, 8639859.679, 105
Trd, 8639860.046, 85
Trd, 8639860.646, 104
Trd, 8639861.446, 95
Trd, 8639861.912, 89
Trd, 8639862.046, 88
Trd, 8639862.212, 113
Trd, 8639863.012, 127
Trd, 8639863.079, 126
Trd, 8639863.146, 125
Trd, 8639863.412, 125
Trd, 8639863.512, 108
Trd, 8639865.012, 100
Trd, 8639866.246, 109
Trd, 8639866.746, 135
Trd, 8639867.412, 120
Trd, 8639867.579, 132
Trd, 8639867.779, 137
Trd, 8639868.112, 111
Trd, 8639868.412, 109
Trd, 8639868.879, 116
Trd, 8639868.912, 104
Trd, 8639869.046, 103
Trd, 8639869.146, 99
Trd, 8639869.512, 96
Trd, 8639869.746, 128
Trd, 8639870.846, 98
Trd, 8639870.912, 92
Trd, 8639871.412, 140
Trd, 8639871.946, 139
Trd, 8639871.979, 123
Trd, 8639872.479, 110
Trd, 8639873.646, 125
Trd, 8639874.646, 102
Trd, 8639875.212, 86
Trd, 8639875.279, 136
Trd, 8639875.379, 84
Trd, 8639875.679, 124
Trd, 8639876.146, 133
Trd, 8639876.212, 119
Trd, 8639876.279, 86
Trd, 8639877.246, 81
Trd, 8639877.546, 66
Trd, 8639877.946, 72
Trd, 8639878.812, 65
Trd, 8639879.146, 125
Trd, 8639879.212, 120
Trd, 8639879.679, 135
Trd, 8639879.879, 126
Trd, 8639880.479, 105
Trd, 8639880.812, 126
Trd, 8639880.846, 102
Trd, 8639881.612, 130
Trd, 8639882.179, 128
Trd, 8639882.279, 118
Trd, 8639882.912, 133
Trd, 8639883.146, 132
Trd, 8639884.212, 137
Trd, 8639884.379, 90
Trd, 8639885.012, 90
Trd, 8639885.179, 89
Trd, 8639885.679, 96
Trd, 8639886.446, 114
Trd, 8639886.779, 128
Trd, 8639887.046, 113
Trd, 8639887.412, 112
Trd, 8639887.479, 105
Trd, 8639889.179, 136
Trd, 8639890.012, 129
Trd, 8639890.546, 129
Trd, 8639890.612, 124
Trd, 8639891.146, 122
Trd, 8639891.179, 105
Trd, 8639892.946, 117
Trd, 8639893.279, 109
Trd, 8639893.679, 100
Trd, 8639893.779, 96
Trd, 8639893.979, 110
Trd, 8639894.179, 96
Trd, 8639895.946, 120
Trd, 8639896.446, 119
Trd, 8639896.579, 114
Trd, 8639897.312, 140
Trd, 8639897.812, 136
Trd, 8639898.146, 128
Trd, 8639898.179, 118
Trd, 8639898.312, 114
Trd, 8639898.379, 111
Trd, 8639899.812, 124
Trd, 8639900.079, 108
Trd, 8639900.112, 106
Trd, 8639900.579, 65
Trd, 8639900.946, 66
Trd, 8639900.979, 95
Trd, 8639901.079, 63
Trd, 8639901.612, 112
Trd, 8639902.879, 126
Trd, 8639903.079, 121
Trd, 8639903.579, 112
Trd, 8639903.679, 111
Trd, 8639904.412, 99
Trd, 8639904.779, 88
Trd, 8639904.846, 116
Trd, 8639905.379, 73
Trd, 8639906.346, 98
Trd, 8639906.412, 97
Trd, 8639906.846, 133
Trd, 8639906.912, 132
Trd, 8639907.579, 132
Trd, 8639907.879, 100
Trd, 8639907.946, 98
Trd, 8639908.112, 91
Trd, 8639908.346, 88
Trd, 8639908.679, 135
Trd, 8639910.479, 129
Trd, 8639910.512, 121
Trd, 8639910.546, 113
Trd, 8639911.312, 127
Trd, 8639911.879, 72
Trd, 8639913.079, 120
Trd, 8639913.179, 119
Trd, 8639913.946, 118
Trd, 8639914.546, 118
Trd, 8639914.712, 109
Trd, 8639915.246, 108
Trd, 8639915.779, 101
Trd, 8639915.812, 101
Trd, 8639915.946, 124
Trd, 8639916.079, 110
Trd, 8639917.112, 100
Trd, 8639917.546, 98
Trd, 8639917.746, 90
Trd, 8639917.846, 78
Trd, 8639918.079, 74
Trd, 8639918.379, 65
Trd, 8639918.846, 79
Trd, 8639919.546, 76
Trd, 8639919.712, 132
Trd, 8639920.346, 76
Trd, 8639920.379, 74
Trd, 8639922.046, 118
Trd, 8639922.246, 102
Trd, 8639922.712, 128
Trd, 8639922.779, 102
Trd, 8639923.179, 111
Trd, 8639923.546, 129
Trd, 8639923.612, 105
Trd, 8639923.912, 91
Trd, 8639924.579, 77
Trd, 8639924.912, 88
Trd, 8639925.779, 113
Trd, 8639926.046, 101
Trd, 8639926.379, 87
Trd, 8639926.579, 67
Trd, 8639927.079, 95
Trd, 8639927.346, 93
Trd, 8639927.846, 86
Trd, 8639928.146, 87
Trd, 8639928.779, 108
Trd, 8639929.479, 94
Trd, 8639929.646, 112
Trd, 8639929.946, 112
Trd, 8639929.979, 106
Trd, 8639930.079, 94
Trd, 8639931.946, 84
Trd, 8639932.112, 102
Trd, 8639932.846, 70
Trd, 8639933.012, 72
Trd, 8639933.412, 77
Trd, 8639933.579, 78
Trd, 8639933.846, 89
Trd, 8639934.979, 93
Trd, 8639935.179, 84
Trd, 8639935.379, 82
Trd, 8639936.046, 81
Trd, 8639936.546, 76
Trd, 8639936.879, 75
Trd, 8639937.212, 64
Trd, 8639937.746, 62
Trd, 8639937.912, 69
Trd, 8639939.112, 87
Trd, 8639939.179, 77
Trd, 8639940.112, 82
Trd, 8639940.712, 117
Trd, 8639940.746, 114
Trd, 8639941.046, 131
Trd, 8639941.812, 138
Trd, 8639941.946, 105
Trd, 8639942.112, 102
Trd, 8639942.346, 93
Trd, 8639942.579, 81
Trd, 8639943.112, 60
Trd, 8639943.679, 77
Trd, 8639943.879, 76
Trd, 8639944.146, 72
Trd, 8639945.179, 63
Trd, 8639945.446, 65
Trd, 8639946.379, 60
Trd, 8639946.546, 60
Trd, 8639946.646, 62
Trd, 8639947.146, 69
Trd, 8639947.446, 98
Trd, 8639947.646, 73
Trd, 8639948.346, 124
Trd, 8639949.146, 136
Trd, 8639949.379, 109
Trd, 8639950.646, 128
Trd, 8639951.279, 128
Trd, 8639951.379, 127
Trd, 8639952.879, 128
Trd, 8639953.146, 114
Trd, 8639953.346, 107
Trd, 8639953.546, 96
Trd, 8639954.379, 87
Trd, 8639954.412, 127
Trd, 8639955.179, 99
Trd, 8639955.212, 98
Trd, 8639955.412, 113
Trd, 8639957.112, 136
Trd, 8639957.379, 126
Trd, 8639957.446, 121
Trd, 8639957.512, 106
Trd, 8639957.979, 129
Trd, 8639959.012, 130
Trd, 8639959.146, 129
Trd, 8639959.179, 128
Trd, 8639959.379, 115
Trd, 8639959.912, 116
Trd, 8639960.612, 106
Trd, 8639961.079, 95
Trd, 8639961.379, 96
Trd, 8639961.779, 90
Trd, 8639963.279, 96
Trd, 8639963.446, 96
Trd, 8639963.812, 121
Trd, 8639964.012, 96
Trd, 8639964.212, 107
Trd, 8639964.346, 102
Trd, 8639964.746, 81
Trd, 8639964.779, 77
Trd, 8639966.479, 97
Trd, 8639966.746, 81
Trd, 8639966.946, 121
Trd, 8639967.146, 75
Trd, 8639967.679, 84
Trd, 8639968.679, 60
Trd, 8639969.179, 130
Trd, 8639969.546, 102
Trd, 8639969.812, 101
Trd, 8639970.279, 123
Trd, 8639970.746, 110
Trd, 8639970.779, 93
Trd, 8639971.112, 129
Trd, 8639971.346, 88
Trd, 8639971.612, 85
Trd, 8639972.312, 109
Trd, 8639973.012, 83
Trd, 8639973.179, 66
Trd, 8639973.946, 72
Trd, 8639974.979, 131
Trd, 8639975.112, 82
Trd, 8639975.312, 72
Trd, 8639975.379, 67
Trd, 8639976.279, 113
Trd, 8639976.346, 112
Trd, 8639977.212, 124
Trd, 8639977.546, 123
Trd, 8639977.846, 100
Trd, 8639978.712, 111
Trd, 8639979.246, 102
Trd, 8639979.679, 124
Trd, 8639979.712, 97
Trd, 8639979.812, 124
Trd, 8639980.112, 99
Trd, 8639980.646, 103
Trd, 8639980.679, 93
Trd, 8639981.512, 90
Trd, 8639982.246, 89
Trd, 8639982.612, 73
Trd, 8639982.979, 139
Trd, 8639983.346, 129
Trd, 8639984.046, 111
Trd, 8639984.912, 88
Trd, 8639985.046, 76
Trd, 8639985.146, 74
Trd, 8639986.346, 118
Trd, 8639986.479, 125
Trd, 8639986.779, 138
Trd, 8639987.746, 123
Trd, 8639987.779, 93
Trd, 8639989.012, 122
Trd, 8639989.112, 123
Trd, 8639989.312, 105
Trd, 8639989.746, 106
Trd, 8639990.112, 115
Trd, 8639990.446, 105
Trd, 8639990.612, 110
Trd, 8639990.979, 106
Trd, 8639991.212, 128
Trd, 8639991.979, 118
Trd, 8639992.179, 112
Trd, 8639992.446, 113
Trd, 8639993.212, 110
Trd, 8639993.412, 101
Trd, 8639994.079, 94
Trd, 8639994.412, 98
Trd, 8639994.446, 86
Trd, 8639995.412, 132
Trd, 8639995.846, 120
Trd, 8639995.912, 114
Trd, 8639996.312, 111
Trd, 8639996.346, 108
Trd, 8639996.446, 77
Trd, 8639996.912, 126
Trd, 8639997.246, 60
Trd, 8639997.479, 87
Trd, 8639998.279, 60
Trd, 8639998.946, 66
Trd, 8639999.446, 104
