Trd, 8638796.846, 140
Trd, 8638797.079, 140
Trd, 8638797.846, 140
Trd, 8638797.979, 140
Trd, 8638798.179, 140
Trd, 8638798.412, 140
Trd, 8638798.812, 140
Trd, 8638799.412, 140
Trd, 8638799.846, 140
Trd, 8638800.146, 140
Trd, 8638800.279, 140
Trd, 8638800.846, 140
Trd, 8638801.212, 140
Trd, 8638801.412, 140
Trd, 8638801.646, 140
Trd, 8638802.212, 140
Trd, 8638802.512, 140
Trd, 8638802.679, 140
Trd, 8638802.746, 139
Trd, 8638803.846, 140
Trd, 8638804.046, 140
Trd, 8638804.446, 140
Trd, 8638804.546, 140
Trd, 8638804.846, 140
Trd, 8638804.979, 140
Trd, 8638805.246, 140
Trd, 8638805.312, 140
Trd, 8638806.546, 140
Trd, 8638806.846, 140
Trd, 8638808.246, 140
Trd, 8638808.812, 140
Trd, 8638808.879, 140
Trd, 8638809.079, 140
Trd, 8638809.279, 140
Trd, 8638809.546, 91
Trd, 8638809.846, 139
Trd, 8638810.146, 136
Trd, 8638810.746, 140
Trd, 8638810.846, 140
Trd, 8638810.946, 140
Trd, 8638811.079, 90
Trd, 8638811.879, 120
Trd, 8638812.146, 65
Trd, 8638812.846, 60
Trd, 8638812.879, 60
Trd, 8638813.746, 125
Trd, 8638814.179, 61
Trd, 8638814.312, 60
Trd, 8638814.646, 60
Trd, 8638814.712, 61
Trd, 8638815.546, 68
Trd, 8638815.712, 66
Trd, 8638816.146, 140
Trd, 8638816.546, 70
Trd, 8638816.679, 68
Trd, 8638817.946, 140
Trd, 8638818.346, 140
Trd, 8638818.646, 140
Trd, 8638818.679, 140
Trd, 8638819.179, 140
Trd, 8638819.479, 140
Trd, 8638820.012, 140
Trd, 8638820.046, 140
Trd, 8638820.312, 140
Trd, 8638820.712, 140
Trd, 8638820.879, 140
Trd, 8638821.246, 139
Trd, 8638822.912, 62
Trd, 8638822.979, 65
Trd, 8638823.846, 60
Trd, 8638824.012, 61
Trd, 8638825.546, 66
Trd, 8638826.012, 60
Trd, 8638826.946, 60
Trd, 8638827.079, 62
Trd, 8638828.379, 60
Trd, 8638828.779, 62
Trd, 8638829.379, 61
Trd, 8638829.812, 60
Trd, 8638830.046, 60
Trd, 8638830.679, 62
Trd, 8638830.979, 67
Trd, 8638831.079, 63
Trd, 8638831.146, 73
Trd, 8638831.246, 62
Trd, 8638831.446, 61
Trd, 8638831.479, 138
Trd, 8638832.746, 140
Trd, 8638832.779, 140
Trd, 8638833.112, 140
Trd, 8638833.246, 136
Trd, 8638834.912, 140
Trd, 8638836.112, 140
Trd, 8638836.279, 140
Trd, 8638836.679, 140
Trd, 8638836.779, 139
Trd, 8638837.079, 138
Trd, 8638837.146, 137
Trd, 8638837.479, 68
Trd, 8638838.846, 139
Trd, 8638839.312, 107
Trd, 8638839.646, 107
Trd, 8638840.146, 140
Trd, 8638840.979, 140
Trd, 8638841.412, 140
Trd, 8638841.512, 139
Trd, 8638841.912, 139
Trd, 8638842.779, 140
Trd, 8638842.979, 140
Trd, 8638843.212, 140
Trd, 8638843.979, 140
Trd, 8638844.012, 140
Trd, 8638844.112, 140
Trd, 8638844.646, 140
Trd, 8638844.979, 140
Trd, 8638845.246, 140
Trd, 8638845.712, 138
Trd, 8638845.879, 139
Trd, 8638846.912, 140
Trd, 8638847.612, 140
Trd, 8638848.079, 140
Trd, 8638848.346, 140
Trd, 8638849.012, 140
Trd, 8638849.312, 140
Trd, 8638849.546, 140
Trd, 8638849.612, 140
Trd, 8638849.779, 139
Trd, 8638850.079, 140
Trd, 8638850.479, 69
Trd, 8638852.012, 61
Trd, 8638852.946, 60
Trd, 8638853.012, 65
Trd, 8638853.346, 64
Trd, 8638853.612, 68
Trd, 8638854.012, 63
Trd, 8638854.346, 61
Trd, 8638854.446, 61
Trd, 8638854.679, 60
Trd, 8638854.779, 61
Trd, 8638855.046, 65
Trd, 8638855.779, 64
Trd, 8638855.979, 65
Trd, 8638856.046, 69
Trd, 8638856.246, 64
Trd, 8638856.279, 62
Trd, 8638856.612, 139
Trd, 8638856.779, 136
Trd, 8638857.179, 64
Trd, 8638857.312, 63
Trd, 8638857.579, 64
Trd, 8638858.312, 140
Trd, 8638859.279, 139
Trd, 8638860.679, 65
Trd, 8638861.079, 62
Trd, 8638861.379, 63
Trd, 8638862.146, 60
Trd, 8638862.279, 61
Trd, 8638863.612, 66
Trd, 8638863.679, 70
Trd, 8638864.212, 64
Trd, 8638864.312, 64
Trd, 8638864.612, 69
Trd, 8638864.812, 67
Trd, 8638865.212, 140
Trd, 8638865.579, 140
Trd, 8638866.579, 140
Trd, 8638866.646, 140
Trd, 8638866.912, 140
Trd, 8638867.312, 140
Trd, 8638868.979, 140
Trd, 8638869.012, 140
Trd, 8638869.446, 140
Trd, 8638869.612, 140
Trd, 8638869.712, 139
Trd, 8638870.346, 140
Trd, 8638870.512, 140
Trd, 8638871.146, 140
Trd, 8638871.546, 140
Trd, 8638871.579, 140
Trd, 8638871.846, 136
Trd, 8638872.012, 135
Trd, 8638873.079, 140
Trd, 8638873.112, 140
Trd, 8638873.512, 140
Trd, 8638874.146, 140
Trd, 8638874.579, 140
Trd, 8638874.679, 140
Trd, 8638874.912, 140
Trd, 8638875.046, 139
Trd, 8638875.379, 140
Trd, 8638876.046, 140
Trd, 8638876.846, 140
Trd, 8638876.912, 140
Trd, 8638877.346, 62
Trd, 8638877.446, 140
Trd, 8638877.679, 79
Trd, 8638878.879, 140
Trd, 8638879.246, 140
Trd, 8638879.812, 140
Trd, 8638879.846, 139
Trd, 8638881.079, 140
Trd, 8638881.712, 140
Trd, 8638882.112, 140
Trd, 8638882.312, 140
Trd, 8638882.579, 140
Trd, 8638882.912, 140
Trd, 8638883.479, 140
Trd, 8638883.912, 140
Trd, 8638883.946, 136
Trd, 8638883.979, 77
Trd, 8638884.546, 140
Trd, 8638884.612, 139
Trd, 8638884.779, 140
Trd, 8638884.946, 139
Trd, 8638885.779, 105
Trd, 8638886.879, 140
Trd, 8638887.346, 140
Trd, 8638887.679, 140
Trd, 8638887.746, 139
Trd, 8638888.079, 140
Trd, 8638888.146, 64
Trd, 8638888.379, 139
Trd, 8638889.046, 71
Trd, 8638889.179, 140
Trd, 8638889.812, 140
Trd, 8638890.346, 140
Trd, 8638891.146, 64
Trd, 8638892.579, 62
Trd, 8638892.779, 60
Trd, 8638893.012, 64
Trd, 8638893.346, 63
Trd, 8638893.479, 61
Trd, 8638893.512, 60
Trd, 8638894.079, 63
Trd, 8638894.279, 63
Trd, 8638894.712, 65
Trd, 8638894.912, 63
Trd, 8638894.946, 62
Trd, 8638895.912, 98
Trd, 8638896.212, 97
Trd, 8638896.279, 61
Trd, 8638896.679, 99
Trd, 8638896.979, 140
Trd, 8638898.746, 60
Trd, 8638898.812, 62
Trd, 8638898.912, 62
Trd, 8638899.079, 62
Trd, 8638899.179, 65
Trd, 8638899.412, 64
Trd, 8638899.646, 92
Trd, 8638900.312, 138
Trd, 8638900.446, 63
Trd, 8638900.679, 61
Trd, 8638901.979, 60
Trd, 8638902.146, 60
Trd, 8638902.446, 61
Trd, 8638902.612, 62
Trd, 8638902.812, 61
Trd, 8638903.512, 140
Trd, 8638904.079, 140
Trd, 8638904.746, 140
Trd, 8638904.979, 140
Trd, 8638905.312, 140
Trd, 8638905.712, 138
Trd, 8638906.379, 140
Trd, 8638906.479, 139
Trd, 8638906.946, 138
Trd, 8638907.012, 117
Trd, 8638907.712, 60
Trd, 8638909.746, 60
Trd, 8638909.979, 60
Trd, 8638910.579, 60
Trd, 8638910.746, 62
Trd, 8638910.812, 66
Trd, 8638910.946, 62
Trd, 8638911.279, 74
Trd, 8638911.579, 69
Trd, 8638912.112, 75
Trd, 8638912.279, 74
Trd, 8638912.312, 73
Trd, 8638912.512, 140
Trd, 8638912.712, 60
Trd, 8638913.346, 140
Trd, 8638913.479, 138
Trd, 8638915.646, 60
Trd, 8638915.746, 63
Trd, 8638916.046, 62
Trd, 8638916.146, 62
Trd, 8638916.579, 140
Trd, 8638916.612, 62
Trd, 8638917.146, 138
Trd, 8638917.479, 62
Trd, 8638917.679, 72
Trd, 8638918.446, 64
Trd, 8638919.279, 78
Trd, 8638919.379, 138
Trd, 8638920.012, 140
Trd, 8638920.546, 140
Trd, 8638921.079, 140
Trd, 8638921.212, 140
Trd, 8638921.646, 140
Trd, 8638922.046, 140
Trd, 8638922.346, 140
Trd, 8638923.012, 140
Trd, 8638923.046, 140
Trd, 8638923.346, 138
Trd, 8638923.979, 121
Trd, 8638924.412, 140
Trd, 8638925.179, 140
Trd, 8638925.579, 137
Trd, 8638926.746, 140
Trd, 8638927.212, 140
Trd, 8638927.579, 140
Trd, 8638927.612, 136
Trd, 8638928.046, 99
Trd, 8638928.112, 92
Trd, 8638928.279, 68
Trd, 8638928.812, 140
Trd, 8638929.446, 140
Trd, 8638929.579, 140
Trd, 8638930.179, 140
Trd, 8638930.312, 140
Trd, 8638931.079, 140
Trd, 8638931.512, 138
Trd, 8638931.912, 61
Trd, 8638932.646, 140
Trd, 8638933.312, 140
Trd, 8638934.579, 140
Trd, 8638935.212, 140
Trd, 8638935.312, 140
Trd, 8638935.346, 140
Trd, 8638935.612, 138
Trd, 8638936.279, 140
Trd, 8638936.346, 140
Trd, 8638936.912, 140
Trd, 8638937.179, 140
Trd, 8638938.012, 140
Trd, 8638938.479, 140
Trd, 8638938.512, 140
Trd, 8638938.912, 140
Trd, 8638939.579, 140
Trd, 8638939.679, 140
Trd, 8638939.912, 140
Trd, 8638940.279, 140
Trd, 8638940.646, 140
Trd, 8638941.212, 140
Trd, 8638942.446, 140
Trd, 8638942.646, 140
Trd, 8638943.112, 140
Trd, 8638943.546, 140
Trd, 8638943.746, 140
Trd, 8638944.279, 139
Trd, 8638944.779, 139
Trd, 8638944.846, 139
Trd, 8638945.179, 80
Trd, 8638945.212, 76
Trd, 8638945.812, 61
Trd, 8638946.046, 60
Trd, 8638946.312, 70
Trd, 8638946.779, 86
Trd, 8638948.412, 60
Trd, 8638948.479, 61
Trd, 8638948.912, 60
Trd, 8638949.012, 61
Trd, 8638949.046, 64
Trd, 8638949.446, 63
Trd, 8638949.812, 60
Trd, 8638950.112, 92
Trd, 8638950.346, 60
Trd, 8638950.812, 64
Trd, 8638951.312, 61
Trd, 8638951.646, 66
Trd, 8638951.979, 61
Trd, 8638952.112, 70
Trd, 8638953.312, 63
Trd, 8638953.379, 65
Trd, 8638953.712, 73
Trd, 8638954.112, 64
Trd, 8638954.212, 64
Trd, 8638954.646, 64
Trd, 8638954.846, 63
Trd, 8638955.146, 60
Trd, 8638955.879, 139
Trd, 8638956.479, 80
Trd, 8638956.879, 79
Trd, 8638957.079, 77
Trd, 8638957.112, 76
Trd, 8638957.912, 61
Trd, 8638958.179, 60
Trd, 8638959.012, 60
Trd, 8638959.612, 61
Trd, 8638959.679, 65
Trd, 8638960.346, 64
Trd, 8638960.479, 64
Trd, 8638960.946, 65
Trd, 8638961.579, 63
Trd, 8638961.646, 71
Trd, 8638961.879, 140
Trd, 8638962.412, 140
Trd, 8638962.479, 140
Trd, 8638962.512, 140
Trd, 8638963.779, 140
Trd, 8638963.879, 140
Trd, 8638963.946, 140
Trd, 8638964.179, 140
Trd, 8638964.446, 140
Trd, 8638964.512, 138
Trd, 8638965.546, 71
Trd, 8638966.146, 139
Trd, 8638966.546, 84
Trd, 8638967.246, 137
Trd, 8638967.546, 140
Trd, 8638968.279, 140
Trd, 8638968.812, 140
Trd, 8638969.246, 140
Trd, 8638969.812, 140
Trd, 8638970.279, 140
Trd, 8638970.346, 140
Trd, 8638970.579, 140
Trd, 8638970.946, 140
Trd, 8638971.379, 140
Trd, 8638971.946, 137
Trd, 8638972.612, 62
Trd, 8638972.679, 63
Trd, 8638973.879, 60
Trd, 8638974.012, 61
Trd, 8638974.046, 63
Trd, 8638974.146, 65
Trd, 8638974.312, 60
Trd, 8638974.612, 61
Trd, 8638975.012, 61
Trd, 8638975.612, 140
Trd, 8638976.479, 140
Trd, 8638977.779, 140
Trd, 8638978.079, 140
Trd, 8638978.546, 140
Trd, 8638978.579, 140
Trd, 8638978.879, 140
Trd, 8638979.612, 140
Trd, 8638979.746, 140
Trd, 8638979.779, 140
Trd, 8638979.846, 140
Trd, 8638980.246, 140
Trd, 8638980.712, 139
Trd, 8638981.179, 140
Trd, 8638982.279, 140
Trd, 8638982.646, 140
Trd, 8638983.379, 140
Trd, 8638983.646, 140
Trd, 8638983.746, 140
Trd, 8638983.846, 139
Trd, 8638983.979, 137
Trd, 8638984.412, 61
Trd, 8638985.612, 61
Trd, 8638985.679, 64
Trd, 8638985.812, 137
Trd, 8638986.246, 60
Trd, 8638986.646, 62
Trd, 8638986.912, 71
Trd, 8638987.812, 140
Trd, 8638987.912, 140
Trd, 8638987.946, 140
Trd, 8638991.112, 60
Trd, 8638991.346, 60
Trd, 8638992.046, 60
Trd, 8638992.246, 60
Trd, 8638992.279, 61
Trd, 8638992.612, 61
Trd, 8638994.379, 62
Trd, 8638994.579, 60
Trd, 8638994.646, 60
Trd, 8638994.846, 61
Trd, 8638995.079, 61
Trd, 8638995.246, 62
Trd, 8638995.512, 63
Trd, 8638995.646, 60
Trd, 8638996.212, 63
Trd, 8638996.646, 65
Trd, 8638997.012, 70
Trd, 8638997.346, 65
Trd, 8638997.546, 64
Trd, 8638997.746, 63
Trd, 8638998.612, 61
Trd, 8638999.179, 60
Trd, 8638999.846, 64
Trd, 8639000.412, 63
Trd, 8639000.879, 69
Trd, 8639001.012, 111
Trd, 8639001.246, 62
Trd, 8639001.946, 98
Trd, 8639002.346, 139
Trd, 8639002.746, 140
Trd, 8639003.479, 140
Trd, 8639003.646, 140
Trd, 8639004.246, 63
Trd, 8639004.279, 64
Trd, 8639004.312, 67
Trd, 8639004.646, 61
Trd, 8639006.179, 60
Trd, 8639006.246, 60
Trd, 8639006.479, 66
Trd, 8639007.012, 60
Trd, 8639008.212, 60
Trd, 8639009.346, 60
Trd, 8639009.512, 60
Trd, 8639010.246, 60
Trd, 8639010.512, 60
Trd, 8639010.579, 61
Trd, 8639010.812, 61
Trd, 8639010.912, 61
Trd, 8639011.446, 61
Trd, 8639011.712, 60
Trd, 8639011.879, 61
Trd, 8639012.146, 63
Trd, 8639012.379, 67
Trd, 8639012.712, 68
Trd, 8639012.912, 90
Trd, 8639013.512, 63
Trd, 8639014.179, 63
Trd, 8639014.312, 66
Trd, 8639015.179, 138
Trd, 8639015.879, 140
Trd, 8639016.079, 140
Trd, 8639016.612, 140
Trd, 8639017.846, 140
Trd, 8639018.046, 140
Trd, 8639018.112, 140
Trd, 8639018.912, 140
Trd, 8639019.046, 140
Trd, 8639019.412, 140
Trd, 8639019.646, 140
Trd, 8639019.779, 140
Trd, 8639020.179, 140
Trd, 8639020.546, 129
Trd, 8639021.179, 83
Trd, 8639021.512, 140
Trd, 8639021.612, 139
Trd, 8639021.879, 82
Trd, 8639023.579, 140
Trd, 8639023.612, 140
Trd, 8639023.846, 140
Trd, 8639024.079, 140
Trd, 8639025.012, 140
Trd, 8639025.379, 140
Trd, 8639025.779, 140
Trd, 8639026.112, 140
Trd, 8639026.212, 140
Trd, 8639026.279, 140
Trd, 8639026.846, 140
Trd, 8639026.912, 140
Trd, 8639027.412, 140
Trd, 8639027.646, 140
Trd, 8639028.212, 140
Trd, 8639029.079, 140
Trd, 8639029.146, 140
Trd, 8639029.712, 140
Trd, 8639030.812, 140
Trd, 8639031.012, 140
Trd, 8639031.046, 140
Trd, 8639031.712, 140
Trd, 8639032.046, 138
Trd, 8639032.112, 138
Trd, 8639032.279, 139
Trd, 8639032.546, 139
Trd, 8639032.579, 138
Trd, 8639032.846, 110
Trd, 8639033.046, 108
Trd, 8639034.146, 140
Trd, 8639034.179, 140
Trd, 8639035.479, 76
Trd, 8639036.146, 140
Trd, 8639036.312, 140
Trd, 8639036.846, 140
Trd, 8639037.579, 140
Trd, 8639037.812, 140
Trd, 8639037.946, 138
Trd, 8639038.012, 86
Trd, 8639038.412, 140
Trd, 8639038.946, 140
Trd, 8639039.446, 138
Trd, 8639039.912, 140
Trd, 8639040.246, 138
Trd, 8639041.079, 63
Trd, 8639041.612, 61
Trd, 8639041.679, 62
Trd, 8639041.812, 62
Trd, 8639042.912, 60
Trd, 8639044.046, 60
Trd, 8639044.446, 61
Trd, 8639044.512, 61
Trd, 8639044.846, 61
Trd, 8639045.412, 62
Trd, 8639045.746, 62
Trd, 8639046.379, 61
Trd, 8639046.546, 61
Trd, 8639046.612, 62
Trd, 8639046.779, 60
Trd, 8639046.879, 62
Trd, 8639047.179, 67
Trd, 8639047.446, 76
Trd, 8639047.812, 68
Trd, 8639048.946, 62
Trd, 8639049.046, 61
Trd, 8639049.979, 60
Trd, 8639050.246, 63
Trd, 8639050.346, 63
Trd, 8639050.446, 68
Trd, 8639050.879, 140
Trd, 8639050.946, 140
Trd, 8639051.312, 118
Trd, 8639051.346, 117
Trd, 8639052.012, 140
Trd, 8639052.146, 139
Trd, 8639052.979, 61
Trd, 8639053.946, 60
Trd, 8639054.379, 61
Trd, 8639054.679, 61
Trd, 8639055.946, 60
Trd, 8639056.079, 61
Trd, 8639056.479, 61
Trd, 8639056.612, 62
Trd, 8639057.312, 60
Trd, 8639058.046, 61
Trd, 8639058.746, 61
Trd, 8639059.279, 60
Trd, 8639059.546, 61
Trd, 8639059.746, 62
Trd, 8639060.079, 62
Trd, 8639061.212, 67
Trd, 8639061.679, 75
Trd, 8639062.046, 77
Trd, 8639062.112, 70
Trd, 8639062.479, 70
Trd, 8639062.512, 82
Trd, 8639062.779, 83
Trd, 8639062.979, 61
Trd, 8639063.379, 67
Trd, 8639063.679, 140
Trd, 8639063.812, 139
Trd, 8639064.746, 60
Trd, 8639064.912, 62
Trd, 8639066.379, 61
Trd, 8639066.712, 62
Trd, 8639066.812, 61
Trd, 8639067.312, 68
Trd, 8639067.346, 67
Trd, 8639067.479, 76
Trd, 8639068.079, 65
Trd, 8639068.346, 62
Trd, 8639068.546, 92
Trd, 8639068.979, 64
Trd, 8639069.212, 93
Trd, 8639069.346, 64
Trd, 8639069.912, 139
Trd, 8639070.446, 60
Trd, 8639070.512, 60
Trd, 8639071.679, 61
Trd, 8639072.112, 140
Trd, 8639072.179, 137
Trd, 8639072.646, 67
Trd, 8639072.679, 64
Trd, 8639072.746, 64
Trd, 8639072.946, 65
Trd, 8639073.446, 64
Trd, 8639074.312, 62
Trd, 8639074.479, 64
Trd, 8639075.612, 63
Trd, 8639075.746, 64
Trd, 8639076.579, 139
Trd, 8639076.746, 138
Trd, 8639076.779, 65
Trd, 8639076.912, 62
Trd, 8639077.579, 62
Trd, 8639078.479, 101
Trd, 8639078.746, 64
Trd, 8639079.279, 63
Trd, 8639080.279, 70
Trd, 8639080.446, 69
Trd, 8639080.779, 89
Trd, 8639080.846, 70
Trd, 8639080.879, 69
Trd, 8639081.179, 139
Trd, 8639081.912, 140
Trd, 8639082.012, 140
Trd, 8639082.379, 140
Trd, 8639082.412, 138
Trd, 8639082.746, 76
Trd, 8639084.346, 140
Trd, 8639084.546, 139
Trd, 8639084.579, 138
Trd, 8639084.646, 69
Trd, 8639085.012, 80
Trd, 8639085.179, 140
Trd, 8639085.612, 140
Trd, 8639086.079, 140
Trd, 8639087.146, 140
Trd, 8639087.612, 140
Trd, 8639088.079, 140
Trd, 8639088.279, 140
Trd, 8639088.579, 140
Trd, 8639088.712, 140
Trd, 8639089.679, 140
Trd, 8639089.846, 140
Trd, 8639090.246, 140
Trd, 8639090.312, 139
Trd, 8639090.812, 140
Trd, 8639091.979, 140
Trd, 8639092.079, 140
Trd, 8639092.212, 140
Trd, 8639092.446, 140
Trd, 8639092.679, 138
Trd, 8639092.746, 138
Trd, 8639093.546, 104
Trd, 8639093.812, 102
Trd, 8639093.846, 101
Trd, 8639095.179, 60
Trd, 8639095.346, 60
Trd, 8639095.512, 62
Trd, 8639095.779, 60
Trd, 8639096.246, 65
Trd, 8639096.679, 65
Trd, 8639096.846, 74
Trd, 8639097.012, 140
Trd, 8639097.179, 65
Trd, 8639097.579, 91
Trd, 8639097.846, 140
Trd, 8639098.179, 75
Trd, 8639098.312, 71
Trd, 8639099.812, 138
Trd, 8639100.879, 140
Trd, 8639100.946, 140
Trd, 8639101.146, 140
Trd, 8639101.246, 139
Trd, 8639101.679, 140
Trd, 8639101.712, 140
Trd, 8639102.012, 140
Trd, 8639102.379, 139
Trd, 8639102.579, 65
Trd, 8639102.946, 140
Trd, 8639103.012, 139
Trd, 8639103.579, 113
Trd, 8639104.546, 140
Trd, 8639104.746, 138
Trd, 8639104.879, 112
Trd, 8639105.779, 61
Trd, 8639106.379, 61
Trd, 8639106.612, 61
Trd, 8639107.112, 62
Trd, 8639107.646, 60
Trd, 8639107.846, 61
Trd, 8639107.879, 60
Trd, 8639107.979, 63
Trd, 8639108.346, 65
Trd, 8639108.379, 61
Trd, 8639109.346, 62
Trd, 8639109.612, 77
Trd, 8639110.779, 140
Trd, 8639111.446, 140
Trd, 8639111.779, 139
Trd, 8639111.912, 138
Trd, 8639112.246, 108
Trd, 8639112.712, 66
Trd, 8639113.012, 66
Trd, 8639113.512, 66
Trd, 8639114.979, 62
Trd, 8639115.279, 71
Trd, 8639116.179, 70
Trd, 8639116.979, 60
Trd, 8639117.279, 60
Trd, 8639117.446, 62
Trd, 8639117.679, 61
Trd, 8639118.046, 60
Trd, 8639118.312, 61
Trd, 8639118.579, 60
Trd, 8639118.746, 73
Trd, 8639119.212, 138
Trd, 8639119.612, 60
Trd, 8639120.679, 60
Trd, 8639121.212, 60
Trd, 8639121.379, 60
Trd, 8639121.512, 60
Trd, 8639121.846, 66
Trd, 8639123.179, 61
Trd, 8639123.579, 60
Trd, 8639123.946, 63
Trd, 8639124.112, 62
Trd, 8639124.346, 63
Trd, 8639124.946, 71
Trd, 8639125.112, 69
Trd, 8639125.179, 68
Trd, 8639125.679, 136
Trd, 8639125.912, 67
Trd, 8639126.212, 66
Trd, 8639127.379, 61
Trd, 8639128.079, 60
Trd, 8639128.612, 61
Trd, 8639128.779, 62
Trd, 8639129.279, 63
Trd, 8639129.512, 64
Trd, 8639129.846, 61
Trd, 8639130.479, 61
Trd, 8639131.046, 64
Trd, 8639131.412, 140
Trd, 8639131.746, 140
Trd, 8639132.346, 140
Trd, 8639132.646, 140
Trd, 8639132.712, 140
Trd, 8639132.746, 99
Trd, 8639132.812, 79
Trd, 8639133.279, 64
Trd, 8639133.979, 65
Trd, 8639135.246, 63
Trd, 8639135.312, 63
Trd, 8639135.712, 139
Trd, 8639136.779, 60
Trd, 8639137.546, 62
Trd, 8639138.546, 60
Trd, 8639138.712, 61
Trd, 8639139.879, 60
Trd, 8639140.112, 60
Trd, 8639140.279, 60
Trd, 8639141.046, 63
Trd, 8639141.112, 62
Trd, 8639141.346, 64
Trd, 8639141.479, 82
Trd, 8639141.512, 62
Trd, 8639141.646, 61
Trd, 8639142.179, 62
Trd, 8639142.512, 64
Trd, 8639142.846, 65
Trd, 8639143.546, 63
Trd, 8639144.279, 88
Trd, 8639144.912, 71
Trd, 8639145.112, 67
Trd, 8639145.179, 66
Trd, 8639146.112, 67
Trd, 8639146.546, 68
Trd, 8639146.646, 86
Trd, 8639147.112, 64
Trd, 8639147.612, 61
Trd, 8639148.246, 60
Trd, 8639148.312, 64
Trd, 8639148.846, 60
Trd, 8639148.912, 65
Trd, 8639149.279, 62
Trd, 8639150.046, 60
Trd, 8639150.212, 60
Trd, 8639150.346, 61
Trd, 8639151.746, 62
Trd, 8639152.012, 63
Trd, 8639152.446, 63
Trd, 8639153.279, 60
Trd, 8639153.646, 60
Trd, 8639153.812, 60
Trd, 8639154.012, 61
Trd, 8639154.046, 62
Trd, 8639155.546, 139
Trd, 8639156.012, 139
Trd, 8639156.346, 140
Trd, 8639156.646, 140
Trd, 8639157.079, 140
Trd, 8639157.412, 139
Trd, 8639157.879, 138
Trd, 8639157.979, 138
Trd, 8639158.146, 102
Trd, 8639158.246, 101
Trd, 8639158.479, 117
Trd, 8639159.879, 140
Trd, 8639160.446, 140
Trd, 8639161.346, 140
Trd, 8639161.479, 140
Trd, 8639161.779, 140
Trd, 8639161.946, 139
Trd, 8639162.146, 139
Trd, 8639162.312, 140
Trd, 8639163.246, 140
Trd, 8639164.379, 139
Trd, 8639164.712, 140
Trd, 8639165.179, 139
Trd, 8639165.546, 140
Trd, 8639165.979, 140
Trd, 8639166.012, 140
Trd, 8639166.079, 138
Trd, 8639166.379, 63
Trd, 8639166.979, 63
Trd, 8639168.379, 60
Trd, 8639168.712, 60
Trd, 8639169.446, 60
Trd, 8639169.612, 61
Trd, 8639170.046, 62
Trd, 8639170.179, 62
Trd, 8639170.679, 62
Trd, 8639171.179, 68
Trd, 8639171.712, 61
Trd, 8639172.446, 122
Trd, 8639172.646, 99
Trd, 8639172.779, 138
Trd, 8639173.079, 100
Trd, 8639173.379, 99
Trd, 8639174.912, 60
Trd, 8639175.146, 60
Trd, 8639175.312, 60
Trd, 8639175.912, 60
Trd, 8639176.146, 60
Trd, 8639177.179, 61
Trd, 8639177.912, 61
Trd, 8639178.046, 61
Trd, 8639179.112, 60
Trd, 8639179.846, 60
Trd, 8639181.379, 60
Trd, 8639181.446, 60
Trd, 8639182.212, 60
Trd, 8639182.479, 62
Trd, 8639182.546, 62
Trd, 8639182.712, 61
Trd, 8639182.779, 68
Trd, 8639183.046, 60
Trd, 8639183.446, 126
Trd, 8639183.512, 62
Trd, 8639183.679, 62
Trd, 8639184.746, 140
Trd, 8639184.912, 140
Trd, 8639185.312, 140
Trd, 8639185.779, 140
Trd, 8639186.646, 140
Trd, 8639187.312, 140
Trd, 8639187.546, 140
Trd, 8639187.879, 140
Trd, 8639188.746, 140
Trd, 8639189.179, 140
Trd, 8639189.212, 140
Trd, 8639189.379, 140
Trd, 8639189.446, 140
Trd, 8639189.812, 140
Trd, 8639190.146, 140
Trd, 8639190.212, 140
Trd, 8639191.212, 140
Trd, 8639191.379, 140
Trd, 8639191.512, 140
Trd, 8639192.146, 90
Trd, 8639192.279, 90
Trd, 8639192.912, 99
Trd, 8639193.279, 140
Trd, 8639193.812, 87
Trd, 8639194.679, 140
Trd, 8639195.479, 140
Trd, 8639196.212, 140
Trd, 8639196.312, 140
Trd, 8639196.912, 140
Trd, 8639197.446, 137
Trd, 8639197.612, 139
Trd, 8639198.212, 140
Trd, 8639198.712, 140
Trd, 8639198.946, 140
Trd, 8639199.646, 140
Trd, 8639199.912, 140
Trd, 8639200.146, 140
Trd, 8639200.546, 139
Trd, 8639200.712, 117
Trd, 8639201.079, 140
Trd, 8639201.112, 139
Trd, 8639201.646, 66
Trd, 8639201.779, 66
Trd, 8639202.246, 68
Trd, 8639202.712, 72
Trd, 8639203.079, 140
Trd, 8639203.446, 140
Trd, 8639204.012, 140
Trd, 8639204.146, 140
Trd, 8639204.212, 140
Trd, 8639204.312, 140
Trd, 8639204.379, 75
Trd, 8639205.146, 69
Trd, 8639206.012, 140
Trd, 8639206.112, 140
Trd, 8639206.479, 140
Trd, 8639206.912, 132
Trd, 8639207.812, 107
Trd, 8639208.179, 107
Trd, 8639208.279, 136
Trd, 8639208.312, 105
Trd, 8639209.246, 140
Trd, 8639209.879, 140
Trd, 8639210.212, 140
Trd, 8639210.912, 140
Trd, 8639211.146, 140
Trd, 8639211.346, 140
Trd, 8639211.579, 73
Trd, 8639211.812, 139
Trd, 8639211.912, 138
Trd, 8639212.446, 140
Trd, 8639213.146, 77
Trd, 8639213.812, 102
Trd, 8639214.579, 140
Trd, 8639215.446, 140
Trd, 8639215.812, 140
Trd, 8639215.879, 140
Trd, 8639216.112, 140
Trd, 8639217.012, 140
Trd, 8639217.612, 140
Trd, 8639217.779, 140
Trd, 8639218.279, 140
Trd, 8639218.512, 140
Trd, 8639218.546, 140
Trd, 8639218.979, 140
Trd, 8639219.246, 137
Trd, 8639220.112, 140
Trd, 8639220.379, 140
Trd, 8639220.746, 140
Trd, 8639220.946, 140
Trd, 8639221.079, 140
Trd, 8639221.179, 140
Trd, 8639221.879, 140
Trd, 8639222.012, 135
Trd, 8639222.746, 60
Trd, 8639223.212, 63
Trd, 8639223.479, 64
Trd, 8639223.712, 65
Trd, 8639225.246, 60
Trd, 8639226.779, 62
Trd, 8639227.112, 62
Trd, 8639227.246, 70
Trd, 8639227.312, 135
Trd, 8639227.479, 63
Trd, 8639227.679, 63
Trd, 8639228.079, 65
Trd, 8639228.179, 73
Trd, 8639228.246, 73
Trd, 8639228.946, 89
Trd, 8639229.046, 88
Trd, 8639229.679, 140
Trd, 8639229.779, 140
Trd, 8639230.179, 140
Trd, 8639230.712, 139
Trd, 8639230.846, 69
Trd, 8639232.246, 140
Trd, 8639232.312, 140
Trd, 8639232.546, 140
Trd, 8639233.712, 140
Trd, 8639233.846, 140
Trd, 8639233.979, 140
Trd, 8639234.012, 140
Trd, 8639234.346, 140
Trd, 8639235.112, 140
Trd, 8639235.312, 140
Trd, 8639236.046, 140
Trd, 8639236.412, 140
Trd, 8639236.512, 140
Trd, 8639236.546, 62
Trd, 8639236.746, 138
Trd, 8639238.312, 140
Trd, 8639238.579, 140
Trd, 8639238.946, 140
Trd, 8639239.246, 140
Trd, 8639239.646, 140
Trd, 8639239.712, 140
Trd, 8639240.112, 140
Trd, 8639240.246, 139
Trd, 8639240.846, 137
Trd, 8639241.079, 140
Trd, 8639241.446, 139
Trd, 8639242.379, 140
Trd, 8639242.712, 138
Trd, 8639242.779, 137
Trd, 8639243.212, 62
Trd, 8639244.379, 60
Trd, 8639244.612, 61
Trd, 8639244.912, 62
Trd, 8639245.179, 60
Trd, 8639246.179, 61
Trd, 8639246.412, 61
Trd, 8639246.912, 63
Trd, 8639247.712, 60
Trd, 8639248.812, 60
Trd, 8639249.346, 61
Trd, 8639249.712, 62
Trd, 8639250.246, 60
Trd, 8639251.112, 60
Trd, 8639251.146, 60
Trd, 8639251.379, 60
Trd, 8639251.412, 61
Trd, 8639251.479, 62
Trd, 8639251.812, 60
Trd, 8639252.446, 65
Trd, 8639252.646, 64
Trd, 8639252.812, 64
Trd, 8639252.846, 63
Trd, 8639253.346, 64
Trd, 8639254.246, 69
Trd, 8639254.379, 71
Trd, 8639254.479, 68
Trd, 8639254.546, 72
Trd, 8639254.946, 66
Trd, 8639255.779, 140
Trd, 8639256.379, 140
Trd, 8639256.479, 139
Trd, 8639257.112, 66
Trd, 8639257.579, 73
Trd, 8639257.979, 61
Trd, 8639259.879, 60
Trd, 8639259.946, 61
Trd, 8639260.246, 60
Trd, 8639260.812, 61
Trd, 8639260.879, 63
Trd, 8639261.279, 63
Trd, 8639261.546, 64
Trd, 8639262.212, 65
Trd, 8639262.346, 64
Trd, 8639262.712, 67
Trd, 8639263.012, 140
Trd, 8639263.379, 140
Trd, 8639263.779, 140
Trd, 8639264.179, 140
Trd, 8639264.879, 140
Trd, 8639265.179, 140
Trd, 8639265.412, 140
Trd, 8639265.779, 140
Trd, 8639266.146, 140
Trd, 8639266.312, 139
Trd, 8639266.379, 113
Trd, 8639266.846, 140
Trd, 8639266.912, 140
Trd, 8639267.179, 139
Trd, 8639268.212, 139
Trd, 8639268.346, 85
Trd, 8639268.946, 140
Trd, 8639269.879, 140
Trd, 8639270.512, 140
Trd, 8639270.812, 140
Trd, 8639270.879, 140
Trd, 8639271.312, 140
Trd, 8639271.846, 140
Trd, 8639271.912, 140
Trd, 8639272.079, 140
Trd, 8639272.646, 140
Trd, 8639272.712, 140
Trd, 8639273.779, 140
Trd, 8639273.979, 140
Trd, 8639274.412, 140
Trd, 8639274.446, 140
Trd, 8639275.246, 140
Trd, 8639276.112, 140
Trd, 8639276.346, 139
Trd, 8639276.612, 140
Trd, 8639277.179, 139
Trd, 8639277.779, 139
Trd, 8639277.879, 138
Trd, 8639277.979, 138
Trd, 8639279.046, 140
Trd, 8639279.312, 140
Trd, 8639279.512, 140
Trd, 8639279.779, 140
Trd, 8639280.112, 140
Trd, 8639280.146, 139
Trd, 8639280.479, 139
Trd, 8639280.779, 135
Trd, 8639281.746, 111
Trd, 8639282.646, 140
Trd, 8639282.812, 140
Trd, 8639283.379, 140
Trd, 8639284.012, 139
Trd, 8639284.579, 140
Trd, 8639284.612, 140
Trd, 8639285.079, 140
Trd, 8639285.246, 140
Trd, 8639286.479, 140
Trd, 8639286.579, 140
Trd, 8639286.979, 140
Trd, 8639287.312, 140
Trd, 8639288.912, 140
Trd, 8639288.946, 140
Trd, 8639289.212, 140
Trd, 8639289.279, 140
Trd, 8639289.446, 140
Trd, 8639290.212, 140
Trd, 8639290.612, 140
Trd, 8639290.912, 140
Trd, 8639291.279, 140
Trd, 8639291.679, 140
Trd, 8639292.179, 140
Trd, 8639292.279, 139
Trd, 8639292.412, 139
Trd, 8639292.579, 90
Trd, 8639293.112, 139
Trd, 8639293.446, 63
Trd, 8639293.912, 60
Trd, 8639294.212, 62
Trd, 8639294.712, 63
Trd, 8639296.146, 60
Trd, 8639296.746, 61
Trd, 8639298.212, 60
Trd, 8639298.846, 60
Trd, 8639298.946, 61
Trd, 8639299.579, 60
Trd, 8639300.079, 60
Trd, 8639300.146, 60
Trd, 8639300.512, 60
Trd, 8639300.946, 60
Trd, 8639300.979, 61
Trd, 8639301.112, 62
Trd, 8639301.246, 65
Trd, 8639301.446, 61
Trd, 8639301.946, 65
Trd, 8639302.346, 62
Trd, 8639302.879, 63
Trd, 8639303.312, 63
Trd, 8639303.379, 64
Trd, 8639303.779, 70
Trd, 8639304.146, 63
Trd, 8639304.579, 67
Trd, 8639304.812, 64
Trd, 8639305.912, 63
Trd, 8639306.812, 60
Trd, 8639307.012, 60
Trd, 8639307.912, 62
Trd, 8639308.479, 63
Trd, 8639308.879, 62
Trd, 8639309.246, 62
Trd, 8639309.646, 61
Trd, 8639310.279, 62
Trd, 8639310.979, 61
Trd, 8639311.046, 60
Trd, 8639311.146, 62
Trd, 8639311.212, 62
Trd, 8639311.279, 60
Trd, 8639311.946, 68
Trd, 8639312.379, 66
Trd, 8639312.879, 68
Trd, 8639313.279, 69
Trd, 8639313.312, 66
Trd, 8639313.546, 65
Trd, 8639313.779, 70
Trd, 8639314.279, 65
Trd, 8639314.579, 68
Trd, 8639314.612, 65
Trd, 8639314.846, 64
Trd, 8639316.212, 67
Trd, 8639316.679, 70
Trd, 8639316.979, 140
Trd, 8639317.212, 139
Trd, 8639317.279, 138
Trd, 8639318.446, 140
Trd, 8639318.546, 73
Trd, 8639318.846, 79
Trd, 8639319.246, 78
Trd, 8639319.279, 77
Trd, 8639319.546, 76
Trd, 8639319.779, 64
Trd, 8639319.979, 90
Trd, 8639321.179, 140
Trd, 8639321.279, 140
Trd, 8639322.412, 140
Trd, 8639323.412, 140
Trd, 8639323.679, 140
Trd, 8639324.179, 140
Trd, 8639324.212, 140
Trd, 8639324.712, 140
Trd, 8639324.912, 140
Trd, 8639325.079, 140
Trd, 8639325.946, 140
Trd, 8639326.479, 140
Trd, 8639326.612, 140
Trd, 8639326.979, 140
Trd, 8639328.112, 140
Trd, 8639328.779, 140
Trd, 8639329.079, 140
Trd, 8639329.112, 140
Trd, 8639329.579, 140
Trd, 8639329.912, 140
Trd, 8639330.046, 140
Trd, 8639330.079, 140
Trd, 8639330.179, 140
Trd, 8639330.879, 140
Trd, 8639331.212, 140
Trd, 8639332.179, 60
Trd, 8639332.779, 60
Trd, 8639333.012, 60
Trd, 8639333.346, 60
Trd, 8639333.646, 60
Trd, 8639333.812, 79
Trd, 8639334.346, 129
Trd, 8639335.412, 62
Trd, 8639335.779, 62
Trd, 8639335.812, 61
Trd, 8639336.479, 62
Trd, 8639336.679, 63
Trd, 8639336.879, 62
Trd, 8639337.246, 60
Trd, 8639337.279, 65
Trd, 8639337.712, 62
Trd, 8639338.379, 60
Trd, 8639338.746, 71
Trd, 8639338.946, 60
Trd, 8639339.146, 79
Trd, 8639339.312, 60
Trd, 8639340.279, 63
Trd, 8639340.912, 60
Trd, 8639341.879, 62
Trd, 8639342.212, 63
Trd, 8639342.546, 60
Trd, 8639343.346, 60
Trd, 8639344.246, 61
Trd, 8639345.612, 60
Trd, 8639346.346, 60
Trd, 8639346.379, 61
Trd, 8639346.846, 62
Trd, 8639346.946, 62
Trd, 8639347.046, 61
Trd, 8639347.146, 62
Trd, 8639347.546, 66
Trd, 8639347.646, 68
Trd, 8639348.446, 65
Trd, 8639348.479, 63
Trd, 8639348.646, 66
Trd, 8639349.279, 74
Trd, 8639349.346, 68
Trd, 8639349.412, 67
Trd, 8639350.546, 60
Trd, 8639350.812, 61
Trd, 8639350.879, 61
Trd, 8639352.279, 60
Trd, 8639352.679, 61
Trd, 8639353.179, 63
Trd, 8639353.512, 61
Trd, 8639354.246, 62
Trd, 8639354.312, 61
Trd, 8639355.212, 64
Trd, 8639355.246, 64
Trd, 8639355.346, 65
Trd, 8639355.612, 63
Trd, 8639355.812, 80
Trd, 8639355.846, 94
Trd, 8639356.746, 140
Trd, 8639357.012, 140
Trd, 8639357.146, 140
Trd, 8639358.112, 140
Trd, 8639359.112, 140
Trd, 8639359.212, 140
Trd, 8639359.846, 140
Trd, 8639359.879, 140
Trd, 8639360.812, 140
Trd, 8639361.079, 140
Trd, 8639361.212, 140
Trd, 8639361.646, 140
Trd, 8639362.212, 140
Trd, 8639362.746, 140
Trd, 8639362.879, 140
Trd, 8639363.412, 140
Trd, 8639363.879, 140
Trd, 8639363.912, 140
Trd, 8639364.012, 140
Trd, 8639364.279, 140
Trd, 8639365.079, 140
Trd, 8639365.912, 140
Trd, 8639366.179, 140
Trd, 8639366.279, 140
Trd, 8639366.479, 140
Trd, 8639366.546, 140
Trd, 8639366.812, 111
Trd, 8639367.312, 140
Trd, 8639368.046, 140
Trd, 8639368.379, 90
Trd, 8639368.412, 88
Trd, 8639369.379, 121
Trd, 8639369.579, 107
Trd, 8639370.012, 140
Trd, 8639371.312, 140
Trd, 8639371.512, 140
Trd, 8639371.846, 131
Trd, 8639372.312, 130
Trd, 8639372.512, 129
Trd, 8639372.879, 90
Trd, 8639373.179, 139
Trd, 8639373.312, 88
Trd, 8639373.479, 89
Trd, 8639374.212, 71
Trd, 8639374.579, 121
Trd, 8639374.879, 122
Trd, 8639375.546, 78
Trd, 8639375.579, 76
Trd, 8639376.679, 140
Trd, 8639377.046, 140
Trd, 8639377.079, 140
Trd, 8639377.979, 140
Trd, 8639378.579, 140
Trd, 8639378.879, 140
Trd, 8639378.979, 140
Trd, 8639379.546, 140
Trd, 8639380.279, 140
Trd, 8639380.612, 140
Trd, 8639380.746, 140
Trd, 8639381.179, 140
Trd, 8639381.979, 140
Trd, 8639382.879, 140
Trd, 8639382.946, 140
Trd, 8639383.012, 140
Trd, 8639383.112, 140
Trd, 8639384.512, 140
Trd, 8639384.679, 140
Trd, 8639384.979, 140
Trd, 8639385.546, 140
Trd, 8639385.579, 140
Trd, 8639386.279, 140
Trd, 8639387.312, 140
Trd, 8639387.479, 140
Trd, 8639387.846, 140
Trd, 8639388.046, 140
Trd, 8639388.112, 139
Trd, 8639388.179, 137
Trd, 8639388.679, 140
Trd, 8639388.779, 137
Trd, 8639388.812, 71
Trd, 8639389.446, 60
Trd, 8639389.912, 106
Trd, 8639391.012, 65
Trd, 8639392.046, 140
Trd, 8639392.512, 140
Trd, 8639392.746, 140
Trd, 8639392.779, 140
Trd, 8639393.112, 140
Trd, 8639393.546, 140
Trd, 8639393.579, 140
Trd, 8639394.479, 140
Trd, 8639394.712, 62
Trd, 8639395.612, 60
Trd, 8639395.846, 69
Trd, 8639396.479, 140
Trd, 8639396.812, 140
Trd, 8639396.946, 140
Trd, 8639397.379, 140
Trd, 8639397.479, 140
Trd, 8639397.646, 140
Trd, 8639399.579, 140
Trd, 8639399.612, 140
Trd, 8639399.912, 140
Trd, 8639400.112, 140
Trd, 8639400.179, 140
Trd, 8639401.046, 140
Trd, 8639401.246, 138
Trd, 8639401.646, 137
Trd, 8639401.712, 137
Trd, 8639401.912, 135
Trd, 8639403.179, 140
Trd, 8639403.279, 140
Trd, 8639403.779, 125
Trd, 8639404.146, 138
Trd, 8639404.212, 137
Trd, 8639404.312, 93
Trd, 8639405.112, 140
Trd, 8639405.346, 139
Trd, 8639405.379, 124
Trd, 8639406.779, 140
Trd, 8639407.246, 140
Trd, 8639407.512, 140
Trd, 8639407.846, 140
Trd, 8639408.279, 139
Trd, 8639408.546, 137
Trd, 8639408.579, 125
Trd, 8639409.479, 60
Trd, 8639409.879, 61
Trd, 8639410.212, 61
Trd, 8639410.546, 63
Trd, 8639410.879, 65
Trd, 8639411.479, 64
Trd, 8639411.579, 67
Trd, 8639412.412, 63
Trd, 8639412.579, 140
Trd, 8639412.812, 65
Trd, 8639412.912, 62
Trd, 8639413.079, 78
Trd, 8639414.379, 140
Trd, 8639414.846, 140
Trd, 8639414.979, 140
Trd, 8639415.012, 140
Trd, 8639415.712, 140
Trd, 8639416.112, 140
Trd, 8639416.279, 140
Trd, 8639417.579, 140
Trd, 8639417.779, 140
Trd, 8639419.046, 140
Trd, 8639419.179, 140
Trd, 8639419.312, 140
Trd, 8639419.346, 140
Trd, 8639419.479, 140
Trd, 8639419.512, 140
Trd, 8639420.746, 82
Trd, 8639420.779, 81
Trd, 8639421.679, 140
Trd, 8639422.146, 140
Trd, 8639422.679, 140
Trd, 8639423.346, 140
Trd, 8639423.879, 140
Trd, 8639423.979, 140
Trd, 8639424.212, 139
Trd, 8639424.312, 140
Trd, 8639425.579, 140
Trd, 8639425.979, 140
Trd, 8639426.079, 140
Trd, 8639426.312, 140
Trd, 8639426.412, 139
Trd, 8639427.112, 140
Trd, 8639427.712, 140
Trd, 8639427.979, 140
Trd, 8639428.379, 140
Trd, 8639429.779, 140
Trd, 8639429.879, 140
Trd, 8639430.712, 140
Trd, 8639430.812, 140
Trd, 8639430.979, 140
Trd, 8639431.146, 140
Trd, 8639431.446, 140
Trd, 8639432.079, 140
Trd, 8639432.212, 140
Trd, 8639432.979, 140
Trd, 8639433.446, 140
Trd, 8639433.979, 140
Trd, 8639434.046, 140
Trd, 8639434.212, 140
Trd, 8639434.546, 140
Trd, 8639435.179, 140
Trd, 8639435.479, 140
Trd, 8639436.412, 140
Trd, 8639436.712, 140
Trd, 8639437.279, 140
Trd, 8639437.712, 140
Trd, 8639439.079, 140
Trd, 8639439.146, 140
Trd, 8639439.279, 140
Trd, 8639439.879, 140
Trd, 8639439.979, 140
Trd, 8639440.479, 140
Trd, 8639441.512, 140
Trd, 8639441.746, 140
Trd, 8639442.179, 140
Trd, 8639442.546, 140
Trd, 8639442.712, 140
Trd, 8639442.746, 139
Trd, 8639443.579, 140
Trd, 8639444.446, 140
Trd, 8639444.512, 140
Trd, 8639444.846, 140
Trd, 8639444.912, 140
Trd, 8639447.312, 140
Trd, 8639447.712, 140
Trd, 8639447.812, 140
Trd, 8639447.879, 140
Trd, 8639448.012, 140
Trd, 8639448.279, 140
Trd, 8639448.512, 140
Trd, 8639448.946, 140
Trd, 8639449.112, 139
Trd, 8639449.912, 138
Trd, 8639450.146, 137
Trd, 8639451.112, 140
Trd, 8639451.212, 138
Trd, 8639451.479, 139
Trd, 8639451.979, 114
Trd, 8639452.012, 113
Trd, 8639452.146, 112
Trd, 8639452.212, 110
Trd, 8639452.946, 140
Trd, 8639453.312, 140
Trd, 8639454.012, 140
Trd, 8639454.312, 140
Trd, 8639454.412, 140
Trd, 8639454.512, 91
Trd, 8639456.279, 140
Trd, 8639456.446, 140
Trd, 8639456.679, 140
Trd, 8639456.946, 140
Trd, 8639457.046, 140
Trd, 8639457.346, 139
Trd, 8639457.546, 138
Trd, 8639458.746, 139
Trd, 8639458.812, 138
Trd, 8639459.446, 82
Trd, 8639459.679, 139
Trd, 8639460.112, 139
Trd, 8639460.146, 138
Trd, 8639460.812, 140
Trd, 8639461.646, 140
Trd, 8639462.046, 140
Trd, 8639462.246, 140
Trd, 8639462.279, 140
Trd, 8639462.946, 140
Trd, 8639463.012, 140
Trd, 8639463.112, 135
Trd, 8639464.546, 140
Trd, 8639465.279, 140
Trd, 8639465.979, 140
Trd, 8639466.046, 140
Trd, 8639466.246, 140
Trd, 8639467.512, 140
Trd, 8639468.146, 140
Trd, 8639468.212, 140
Trd, 8639468.712, 140
Trd, 8639468.846, 139
Trd, 8639469.312, 66
Trd, 8639469.746, 71
Trd, 8639469.812, 72
Trd, 8639470.012, 72
Trd, 8639471.146, 63
Trd, 8639471.212, 61
Trd, 8639471.646, 63
Trd, 8639472.046, 61
Trd, 8639472.546, 67
Trd, 8639472.612, 66
Trd, 8639473.212, 111
Trd, 8639473.379, 73
Trd, 8639474.279, 81
Trd, 8639474.312, 79
Trd, 8639474.579, 82
Trd, 8639474.746, 140
Trd, 8639475.812, 140
Trd, 8639476.312, 140
Trd, 8639476.412, 140
Trd, 8639476.846, 140
Trd, 8639476.979, 140
Trd, 8639477.812, 140
Trd, 8639477.879, 140
Trd, 8639477.912, 140
Trd, 8639478.312, 140
Trd, 8639478.446, 140
Trd, 8639478.712, 140
Trd, 8639478.779, 139
Trd, 8639480.046, 138
Trd, 8639480.746, 140
Trd, 8639480.879, 140
Trd, 8639480.946, 139
Trd, 8639481.212, 63
Trd, 8639482.612, 140
Trd, 8639482.912, 140
Trd, 8639482.979, 137
Trd, 8639483.146, 112
Trd, 8639483.512, 79
Trd, 8639484.346, 111
Trd, 8639484.479, 140
Trd, 8639484.812, 73
Trd, 8639485.246, 76
Trd, 8639485.512, 72
Trd, 8639485.712, 60
Trd, 8639485.746, 62
Trd, 8639486.212, 65
Trd, 8639487.612, 60
Trd, 8639488.712, 60
Trd, 8639488.846, 60
Trd, 8639489.846, 61
Trd, 8639490.612, 62
Trd, 8639490.679, 62
Trd, 8639490.846, 61
Trd, 8639491.412, 61
Trd, 8639492.412, 61
Trd, 8639492.579, 61
Trd, 8639492.912, 64
Trd, 8639493.279, 66
Trd, 8639493.446, 64
Trd, 8639493.779, 139
Trd, 8639494.346, 73
Trd, 8639494.846, 138
Trd, 8639495.812, 140
Trd, 8639495.846, 139
Trd, 8639496.179, 139
Trd, 8639496.612, 140
Trd, 8639497.146, 140
Trd, 8639497.246, 140
Trd, 8639497.312, 139
Trd, 8639497.912, 140
Trd, 8639498.012, 140
Trd, 8639498.346, 140
Trd, 8639499.746, 140
Trd, 8639499.979, 140
Trd, 8639500.146, 140
Trd, 8639500.179, 140
Trd, 8639500.346, 77
Trd, 8639500.946, 74
Trd, 8639501.146, 73
Trd, 8639502.012, 63
Trd, 8639502.046, 64
Trd, 8639502.179, 75
Trd, 8639502.346, 139
Trd, 8639502.912, 66
Trd, 8639503.079, 68
Trd, 8639503.312, 60
Trd, 8639504.079, 60
Trd, 8639504.246, 64
Trd, 8639504.679, 139
Trd, 8639504.946, 65
Trd, 8639505.212, 61
Trd, 8639505.379, 83
Trd, 8639505.612, 61
Trd, 8639506.646, 67
Trd, 8639506.746, 66
Trd, 8639507.712, 63
Trd, 8639507.779, 64
Trd, 8639508.412, 61
Trd, 8639508.446, 71
Trd, 8639509.079, 139
Trd, 8639509.312, 132
Trd, 8639509.912, 60
Trd, 8639512.079, 61
Trd, 8639512.279, 60
Trd, 8639512.812, 62
Trd, 8639513.146, 60
Trd, 8639513.579, 61
Trd, 8639513.946, 63
Trd, 8639514.146, 63
Trd, 8639514.246, 64
Trd, 8639514.312, 66
Trd, 8639515.446, 96
Trd, 8639515.612, 140
Trd, 8639515.712, 66
Trd, 8639515.946, 77
Trd, 8639516.179, 67
Trd, 8639516.312, 68
Trd, 8639516.879, 72
Trd, 8639517.479, 140
Trd, 8639517.746, 140
Trd, 8639518.946, 140
Trd, 8639519.046, 140
Trd, 8639519.312, 139
Trd, 8639519.346, 139
Trd, 8639519.546, 90
Trd, 8639519.812, 89
Trd, 8639520.246, 140
Trd, 8639520.512, 65
Trd, 8639521.579, 60
Trd, 8639522.979, 60
Trd, 8639523.112, 61
Trd, 8639523.279, 60
Trd, 8639523.312, 61
Trd, 8639523.446, 60
Trd, 8639524.512, 63
Trd, 8639524.779, 62
Trd, 8639525.079, 61
Trd, 8639526.046, 61
Trd, 8639526.146, 60
Trd, 8639526.379, 67
Trd, 8639526.512, 66
Trd, 8639526.679, 138
Trd, 8639527.112, 135
Trd, 8639527.279, 64
Trd, 8639527.879, 65
Trd, 8639528.279, 63
Trd, 8639528.512, 62
Trd, 8639528.712, 67
Trd, 8639528.812, 62
Trd, 8639528.946, 76
Trd, 8639529.579, 70
Trd, 8639530.346, 61
Trd, 8639530.746, 75
Trd, 8639532.579, 63
Trd, 8639534.012, 60
Trd, 8639534.546, 60
Trd, 8639534.746, 60
Trd, 8639535.212, 60
Trd, 8639535.279, 65
Trd, 8639535.579, 61
Trd, 8639535.679, 62
Trd, 8639535.846, 63
Trd, 8639536.012, 63
Trd, 8639536.579, 65
Trd, 8639537.112, 60
Trd, 8639537.746, 65
Trd, 8639538.146, 65
Trd, 8639538.679, 65
Trd, 8639538.979, 135
Trd, 8639539.179, 82
Trd, 8639539.379, 81
Trd, 8639539.412, 64
Trd, 8639539.579, 139
Trd, 8639539.612, 63
Trd, 8639540.546, 139
Trd, 8639541.046, 91
Trd, 8639541.312, 93
Trd, 8639541.912, 114
Trd, 8639542.346, 140
Trd, 8639543.446, 140
Trd, 8639543.779, 140
Trd, 8639543.879, 140
Trd, 8639544.212, 140
Trd, 8639544.679, 138
Trd, 8639545.212, 138
Trd, 8639545.346, 117
Trd, 8639546.746, 140
Trd, 8639546.779, 140
Trd, 8639546.879, 118
Trd, 8639547.279, 140
Trd, 8639547.512, 139
Trd, 8639547.779, 138
Trd, 8639548.479, 65
Trd, 8639549.046, 62
Trd, 8639550.079, 60
Trd, 8639550.179, 61
Trd, 8639550.246, 64
Trd, 8639551.146, 140
Trd, 8639551.312, 140
Trd, 8639551.446, 140
Trd, 8639551.779, 140
Trd, 8639552.546, 140
Trd, 8639552.612, 140
Trd, 8639552.712, 140
Trd, 8639553.246, 140
Trd, 8639553.746, 139
Trd, 8639554.179, 140
Trd, 8639554.212, 140
Trd, 8639555.379, 140
Trd, 8639555.579, 140
Trd, 8639555.846, 83
Trd, 8639556.146, 136
Trd, 8639556.312, 136
Trd, 8639556.646, 139
Trd, 8639557.279, 140
Trd, 8639558.246, 140
Trd, 8639558.479, 140
Trd, 8639558.546, 140
Trd, 8639559.212, 140
Trd, 8639559.246, 140
Trd, 8639559.946, 140
Trd, 8639559.979, 140
Trd, 8639560.346, 140
Trd, 8639560.912, 140
Trd, 8639561.112, 140
Trd, 8639561.446, 139
Trd, 8639561.712, 96
Trd, 8639563.512, 140
Trd, 8639563.779, 140
Trd, 8639563.812, 140
Trd, 8639564.312, 140
Trd, 8639564.879, 140
Trd, 8639565.946, 137
Trd, 8639566.112, 136
Trd, 8639566.312, 140
Trd, 8639566.546, 140
Trd, 8639566.779, 140
Trd, 8639567.546, 140
Trd, 8639567.812, 140
Trd, 8639568.046, 140
Trd, 8639568.246, 140
Trd, 8639568.446, 137
Trd, 8639569.346, 82
Trd, 8639569.879, 87
Trd, 8639569.979, 82
Trd, 8639570.646, 140
Trd, 8639570.979, 114
Trd, 8639571.146, 113
Trd, 8639571.879, 103
Trd, 8639572.446, 139
Trd, 8639572.746, 80
Trd, 8639572.946, 139
Trd, 8639573.079, 69
Trd, 8639573.512, 140
Trd, 8639573.912, 138
Trd, 8639575.012, 140
Trd, 8639575.712, 140
Trd, 8639576.046, 140
Trd, 8639576.312, 140
Trd, 8639576.446, 140
Trd, 8639577.112, 140
Trd, 8639577.746, 140
Trd, 8639577.846, 140
Trd, 8639578.046, 139
Trd, 8639578.179, 138
Trd, 8639579.146, 140
Trd, 8639579.579, 140
Trd, 8639579.646, 140
Trd, 8639579.979, 140
Trd, 8639580.679, 140
Trd, 8639580.812, 140
Trd, 8639581.146, 140
Trd, 8639581.679, 140
Trd, 8639581.812, 140
Trd, 8639582.279, 139
Trd, 8639582.412, 138
Trd, 8639582.646, 138
Trd, 8639583.112, 60
Trd, 8639583.879, 61
Trd, 8639585.379, 60
Trd, 8639585.879, 60
Trd, 8639586.246, 60
Trd, 8639586.346, 60
Trd, 8639586.446, 62
Trd, 8639587.012, 62
Trd, 8639587.279, 60
Trd, 8639588.312, 61
Trd, 8639588.546, 62
Trd, 8639589.012, 140
Trd, 8639589.046, 140
Trd, 8639589.446, 140
Trd, 8639589.779, 140
Trd, 8639590.046, 140
Trd, 8639590.379, 140
Trd, 8639590.546, 140
Trd, 8639590.779, 140
Trd, 8639591.112, 109
Trd, 8639591.179, 108
Trd, 8639591.946, 140
Trd, 8639593.112, 61
Trd, 8639593.979, 63
Trd, 8639594.112, 87
Trd, 8639594.512, 62
Trd, 8639594.646, 69
Trd, 8639595.346, 113
Trd, 8639595.879, 83
Trd, 8639596.046, 74
Trd, 8639596.379, 136
Trd, 8639596.479, 75
Trd, 8639596.646, 75
Trd, 8639597.446, 79
Trd, 8639597.546, 77
Trd, 8639597.912, 137
Trd, 8639598.546, 140
Trd, 8639598.946, 140
Trd, 8639598.979, 140
Trd, 8639599.246, 140
Trd, 8639599.446, 140
Trd, 8639599.846, 140
Trd, 8639600.412, 139
Trd, 8639600.512, 138
Trd, 8639600.979, 92
Trd, 8639601.879, 77
Trd, 8639602.146, 78
Trd, 8639602.479, 65
Trd, 8639602.579, 80
Trd, 8639602.879, 140
Trd, 8639603.546, 69
Trd, 8639604.246, 138
Trd, 8639604.412, 137
Trd, 8639604.479, 136
Trd, 8639605.312, 140
Trd, 8639605.946, 140
Trd, 8639606.212, 140
Trd, 8639606.946, 140
Trd, 8639606.979, 140
Trd, 8639607.312, 139
Trd, 8639607.412, 136
Trd, 8639608.746, 140
Trd, 8639609.446, 140
Trd, 8639609.479, 140
Trd, 8639610.179, 140
Trd, 8639610.579, 140
Trd, 8639610.946, 140
Trd, 8639611.912, 140
Trd, 8639612.779, 140
Trd, 8639612.812, 140
Trd, 8639613.346, 140
Trd, 8639614.679, 140
Trd, 8639614.812, 140
Trd, 8639614.846, 140
Trd, 8639614.879, 140
Trd, 8639615.479, 140
Trd, 8639615.612, 140
Trd, 8639616.079, 140
Trd, 8639616.579, 140
Trd, 8639616.679, 140
Trd, 8639617.612, 140
Trd, 8639617.712, 140
Trd, 8639617.746, 138
Trd, 8639617.779, 99
Trd, 8639618.046, 139
Trd, 8639619.746, 60
Trd, 8639619.846, 62
Trd, 8639620.379, 61
Trd, 8639620.746, 63
Trd, 8639620.846, 64
Trd, 8639621.179, 62
Trd, 8639621.246, 62
Trd, 8639621.379, 62
Trd, 8639622.512, 139
Trd, 8639622.612, 97
Trd, 8639623.179, 140
Trd, 8639623.679, 140
Trd, 8639624.246, 140
Trd, 8639624.379, 140
Trd, 8639624.512, 140
Trd, 8639625.279, 140
Trd, 8639626.012, 140
Trd, 8639626.746, 140
Trd, 8639626.979, 140
Trd, 8639627.112, 140
Trd, 8639627.412, 140
Trd, 8639628.079, 140
Trd, 8639628.479, 140
Trd, 8639628.779, 140
Trd, 8639629.012, 140
Trd, 8639629.546, 140
Trd, 8639630.212, 140
Trd, 8639630.379, 140
Trd, 8639631.112, 140
Trd, 8639631.246, 140
Trd, 8639632.379, 140
Trd, 8639632.546, 140
Trd, 8639632.912, 140
Trd, 8639632.946, 139
Trd, 8639633.546, 60
Trd, 8639633.679, 61
Trd, 8639633.846, 66
Trd, 8639634.512, 60
Trd, 8639635.112, 67
Trd, 8639635.279, 62
Trd, 8639636.579, 60
Trd, 8639637.212, 61
Trd, 8639637.612, 61
Trd, 8639637.979, 64
Trd, 8639638.679, 63
Trd, 8639638.846, 64
Trd, 8639638.912, 62
Trd, 8639639.146, 64
Trd, 8639639.346, 63
Trd, 8639639.879, 68
Trd, 8639640.346, 66
Trd, 8639641.179, 140
Trd, 8639641.346, 140
Trd, 8639641.612, 70
Trd, 8639642.779, 70
Trd, 8639642.946, 69
Trd, 8639643.412, 62
Trd, 8639643.612, 83
Trd, 8639643.912, 62
Trd, 8639644.379, 139
Trd, 8639644.846, 62
Trd, 8639645.212, 61
Trd, 8639646.079, 63
Trd, 8639646.279, 63
Trd, 8639646.646, 64
Trd, 8639646.679, 65
Trd, 8639647.312, 73
Trd, 8639647.612, 67
Trd, 8639647.679, 72
Trd, 8639648.079, 84
Trd, 8639648.679, 75
Trd, 8639649.046, 74
Trd, 8639650.046, 139
Trd, 8639650.112, 106
Trd, 8639650.512, 83
Trd, 8639650.746, 140
Trd, 8639650.879, 140
Trd, 8639651.046, 139
Trd, 8639651.446, 75
Trd, 8639651.812, 140
Trd, 8639651.846, 140
Trd, 8639652.812, 139
Trd, 8639653.046, 139
Trd, 8639654.079, 140
Trd, 8639654.279, 140
Trd, 8639654.779, 140
Trd, 8639654.979, 140
Trd, 8639656.179, 140
Trd, 8639656.246, 140
Trd, 8639657.112, 140
Trd, 8639657.279, 140
Trd, 8639657.379, 140
Trd, 8639657.912, 140
Trd, 8639658.179, 140
Trd, 8639658.446, 140
Trd, 8639658.646, 140
Trd, 8639659.012, 140
Trd, 8639660.479, 140
Trd, 8639660.846, 140
Trd, 8639660.979, 140
Trd, 8639661.312, 140
Trd, 8639661.346, 140
Trd, 8639662.479, 140
Trd, 8639662.612, 139
Trd, 8639662.712, 139
Trd, 8639664.446, 140
Trd, 8639664.646, 140
Trd, 8639664.679, 140
Trd, 8639665.012, 140
Trd, 8639665.046, 139
Trd, 8639665.279, 140
Trd, 8639665.479, 90
Trd, 8639665.779, 140
Trd, 8639666.279, 140
Trd, 8639666.712, 140
Trd, 8639667.379, 140
Trd, 8639667.546, 139
Trd, 8639668.012, 87
Trd, 8639668.146, 139
Trd, 8639669.446, 60
Trd, 8639669.646, 60
Trd, 8639669.846, 66
Trd, 8639670.079, 62
Trd, 8639670.346, 62
Trd, 8639670.812, 65
Trd, 8639672.346, 140
Trd, 8639672.479, 140
Trd, 8639672.712, 140
Trd, 8639672.746, 135
Trd, 8639673.646, 60
Trd, 8639674.412, 63
Trd, 8639674.446, 63
Trd, 8639675.279, 62
Trd, 8639675.412, 66
Trd, 8639675.912, 60
Trd, 8639676.112, 61
Trd, 8639676.979, 69
Trd, 8639677.112, 69
Trd, 8639677.646, 63
Trd, 8639678.179, 62
Trd, 8639678.546, 66
Trd, 8639678.679, 65
Trd, 8639678.879, 65
Trd, 8639679.046, 65
Trd, 8639679.079, 64
Trd, 8639679.946, 60
Trd, 8639679.979, 66
Trd, 8639680.246, 140
Trd, 8639680.879, 140
Trd, 8639680.946, 137
Trd, 8639682.079, 140
Trd, 8639682.212, 139
Trd, 8639682.446, 140
Trd, 8639683.212, 140
Trd, 8639683.379, 140
Trd, 8639683.446, 140
Trd, 8639683.579, 137
Trd, 8639684.246, 114
Trd, 8639684.479, 83
Trd, 8639686.146, 140
Trd, 8639686.312, 140
Trd, 8639686.379, 140
Trd, 8639686.512, 140
Trd, 8639687.546, 63
Trd, 8639687.579, 97
Trd, 8639688.612, 140
Trd, 8639688.712, 140
Trd, 8639689.146, 140
Trd, 8639689.346, 139
Trd, 8639691.179, 60
Trd, 8639691.279, 60
Trd, 8639691.512, 64
Trd, 8639691.712, 65
Trd, 8639692.146, 62
Trd, 8639692.346, 62
Trd, 8639692.512, 66
Trd, 8639693.412, 64
Trd, 8639693.546, 65
Trd, 8639693.612, 65
Trd, 8639693.679, 63
Trd, 8639694.212, 64
Trd, 8639694.679, 139
Trd, 8639694.746, 71
Trd, 8639694.979, 114
Trd, 8639695.679, 65
Trd, 8639695.846, 64
Trd, 8639696.279, 140
Trd, 8639696.812, 140
Trd, 8639697.812, 140
Trd, 8639698.112, 140
Trd, 8639698.212, 137
Trd, 8639698.979, 137
Trd, 8639699.146, 136
Trd, 8639699.179, 125
Trd, 8639699.746, 61
Trd, 8639700.212, 138
Trd, 8639700.412, 139
Trd, 8639700.479, 139
Trd, 8639701.646, 60
Trd, 8639702.146, 60
Trd, 8639702.812, 61
Trd, 8639703.046, 61
Trd, 8639703.279, 62
Trd, 8639704.379, 60
Trd, 8639705.712, 60
Trd, 8639705.979, 61
Trd, 8639706.112, 62
Trd, 8639706.512, 63
Trd, 8639706.612, 63
Trd, 8639706.979, 65
Trd, 8639707.312, 63
Trd, 8639707.779, 65
Trd, 8639707.812, 73
Trd, 8639707.946, 64
Trd, 8639708.079, 75
Trd, 8639708.779, 66
Trd, 8639709.312, 65
Trd, 8639709.646, 140
Trd, 8639710.312, 139
Trd, 8639710.679, 80
Trd, 8639710.846, 78
Trd, 8639711.112, 78
Trd, 8639711.946, 80
Trd, 8639712.979, 61
Trd, 8639713.146, 62
Trd, 8639713.279, 63
Trd, 8639713.979, 71
Trd, 8639714.046, 64
Trd, 8639714.679, 64
Trd, 8639715.012, 64
Trd, 8639715.512, 62
Trd, 8639715.746, 65
Trd, 8639715.846, 62
Trd, 8639716.479, 64
Trd, 8639716.979, 140
Trd, 8639718.146, 123
Trd, 8639718.312, 121
Trd, 8639718.512, 120
Trd, 8639718.846, 140
Trd, 8639720.079, 140
Trd, 8639720.312, 140
Trd, 8639721.612, 140
Trd, 8639721.679, 140
Trd, 8639722.146, 140
Trd, 8639722.379, 140
Trd, 8639722.879, 140
Trd, 8639722.912, 140
Trd, 8639723.279, 140
Trd, 8639723.779, 140
Trd, 8639724.179, 140
Trd, 8639725.012, 140
Trd, 8639725.612, 140
Trd, 8639725.879, 140
Trd, 8639726.146, 140
Trd, 8639726.346, 140
Trd, 8639726.812, 140
Trd, 8639726.912, 140
Trd, 8639727.079, 140
Trd, 8639727.412, 140
Trd, 8639727.612, 140
Trd, 8639728.046, 140
Trd, 8639728.079, 139
Trd, 8639728.179, 140
Trd, 8639728.746, 139
Trd, 8639728.846, 138
Trd, 8639729.379, 134
Trd, 8639730.246, 107
Trd, 8639731.079, 140
Trd, 8639731.279, 139
Trd, 8639731.379, 90
Trd, 8639731.746, 79
Trd, 8639732.446, 60
Trd, 8639733.579, 60
Trd, 8639734.212, 60
Trd, 8639734.846, 60
Trd, 8639735.946, 62
Trd, 8639736.146, 61
Trd, 8639736.312, 63
Trd, 8639736.446, 63
Trd, 8639736.479, 62
Trd, 8639736.879, 65
Trd, 8639736.946, 79
Trd, 8639737.612, 69
Trd, 8639738.012, 71
Trd, 8639738.146, 69
Trd, 8639738.212, 68
Trd, 8639738.479, 60
Trd, 8639740.312, 60
Trd, 8639740.479, 60
Trd, 8639740.912, 62
Trd, 8639741.546, 60
Trd, 8639741.979, 60
Trd, 8639742.279, 61
Trd, 8639742.512, 64
Trd, 8639742.846, 66
Trd, 8639742.979, 61
Trd, 8639743.379, 61
Trd, 8639743.479, 61
Trd, 8639743.846, 62
Trd, 8639744.179, 72
Trd, 8639744.546, 64
Trd, 8639745.012, 63
Trd, 8639745.146, 66
Trd, 8639745.546, 65
Trd, 8639746.079, 140
Trd, 8639746.879, 140
Trd, 8639747.379, 140
Trd, 8639747.512, 139
Trd, 8639748.212, 97
Trd, 8639748.512, 140
Trd, 8639748.579, 140
Trd, 8639749.012, 96
Trd, 8639750.312, 140
Trd, 8639750.779, 140
Trd, 8639751.046, 140
Trd, 8639751.612, 140
Trd, 8639751.646, 140
Trd, 8639752.346, 140
Trd, 8639752.379, 140
Trd, 8639752.446, 140
Trd, 8639752.779, 140
Trd, 8639753.012, 140
Trd, 8639753.179, 140
Trd, 8639753.379, 139
Trd, 8639755.112, 140
Trd, 8639755.212, 140
Trd, 8639755.879, 140
Trd, 8639756.246, 140
Trd, 8639756.946, 140
Trd, 8639757.012, 140
Trd, 8639757.079, 140
Trd, 8639757.679, 140
Trd, 8639757.779, 140
Trd, 8639758.246, 140
Trd, 8639759.179, 140
Trd, 8639759.279, 140
Trd, 8639759.946, 140
Trd, 8639760.546, 139
Trd, 8639760.812, 140
Trd, 8639760.979, 140
Trd, 8639761.412, 139
Trd, 8639761.446, 138
Trd, 8639761.812, 101
Trd, 8639761.879, 100
Trd, 8639762.479, 140
Trd, 8639762.512, 140
Trd, 8639762.712, 84
Trd, 8639762.979, 140
Trd, 8639764.412, 140
Trd, 8639764.579, 140
Trd, 8639764.612, 140
Trd, 8639765.846, 140
Trd, 8639766.312, 139
Trd, 8639766.512, 140
Trd, 8639766.912, 140
Trd, 8639767.312, 140
Trd, 8639767.479, 139
Trd, 8639767.679, 61
Trd, 8639768.212, 60
Trd, 8639768.879, 60
Trd, 8639769.146, 60
Trd, 8639770.346, 60
Trd, 8639770.679, 62
Trd, 8639771.079, 65
Trd, 8639771.646, 63
Trd, 8639771.812, 65
Trd, 8639772.212, 65
Trd, 8639772.246, 64
Trd, 8639772.312, 63
Trd, 8639772.412, 66
Trd, 8639772.612, 62
Trd, 8639772.712, 101
Trd, 8639773.146, 138
Trd, 8639773.346, 63
Trd, 8639773.979, 140
Trd, 8639774.812, 140
Trd, 8639775.012, 140
Trd, 8639775.179, 140
Trd, 8639775.279, 140
Trd, 8639775.779, 90
Trd, 8639776.279, 90
Trd, 8639776.879, 98
Trd, 8639777.412, 140
Trd, 8639777.446, 139
Trd, 8639777.979, 138
Trd, 8639778.212, 137
Trd, 8639779.479, 140
Trd, 8639779.779, 140
Trd, 8639780.212, 140
Trd, 8639780.412, 140
Trd, 8639780.879, 140
Trd, 8639781.079, 140
Trd, 8639781.312, 138
Trd, 8639781.479, 140
Trd, 8639781.679, 65
Trd, 8639782.612, 140
Trd, 8639783.979, 60
Trd, 8639784.746, 60
Trd, 8639784.812, 61
Trd, 8639785.312, 61
Trd, 8639786.079, 60
Trd, 8639786.846, 60
Trd, 8639787.712, 60
Trd, 8639787.912, 60
Trd, 8639788.279, 60
Trd, 8639788.712, 61
Trd, 8639789.046, 61
Trd, 8639789.279, 63
Trd, 8639789.479, 64
Trd, 8639789.612, 65
Trd, 8639789.846, 65
Trd, 8639789.879, 64
Trd, 8639789.946, 72
Trd, 8639790.912, 63
Trd, 8639791.212, 140
Trd, 8639791.512, 140
Trd, 8639791.579, 140
Trd, 8639791.912, 64
Trd, 8639792.179, 76
Trd, 8639792.412, 123
Trd, 8639792.812, 122
Trd, 8639793.479, 60
Trd, 8639793.646, 60
Trd, 8639794.012, 61
Trd, 8639794.412, 63
Trd, 8639795.479, 60
Trd, 8639795.646, 61
Trd, 8639796.779, 61
Trd, 8639797.246, 62
Trd, 8639797.446, 64
Trd, 8639797.479, 64
Trd, 8639797.846, 76
Trd, 8639798.246, 71
Trd, 8639798.379, 68
Trd, 8639799.079, 66
Trd, 8639799.546, 69
Trd, 8639799.812, 70
Trd, 8639800.212, 140
Trd, 8639800.446, 140
Trd, 8639800.712, 140
Trd, 8639801.412, 140
Trd, 8639801.546, 140
Trd, 8639801.612, 72
Trd, 8639801.979, 72
Trd, 8639802.946, 60
Trd, 8639803.179, 60
Trd, 8639803.746, 61
Trd, 8639804.112, 64
Trd, 8639804.612, 60
Trd, 8639804.679, 65
Trd, 8639805.746, 60
Trd, 8639807.179, 60
Trd, 8639807.446, 60
Trd, 8639808.712, 60
Trd, 8639808.746, 60
Trd, 8639809.179, 64
Trd, 8639809.612, 65
Trd, 8639809.746, 65
Trd, 8639809.946, 68
Trd, 8639810.179, 91
Trd, 8639810.279, 114
Trd, 8639810.746, 69
Trd, 8639811.146, 138
Trd, 8639811.712, 138
Trd, 8639811.846, 66
Trd, 8639811.979, 65
Trd, 8639812.746, 60
Trd, 8639812.779, 67
Trd, 8639813.079, 70
Trd, 8639813.312, 61
Trd, 8639813.712, 139
Trd, 8639814.112, 140
Trd, 8639815.346, 60
Trd, 8639815.612, 60
Trd, 8639816.212, 60
Trd, 8639816.979, 60
Trd, 8639817.212, 60
Trd, 8639817.312, 60
Trd, 8639817.579, 63
Trd, 8639817.846, 66
Trd, 8639817.879, 101
Trd, 8639818.112, 65
Trd, 8639818.446, 69
Trd, 8639818.612, 64
Trd, 8639818.712, 94
Trd, 8639819.046, 64
Trd, 8639819.112, 107
Trd, 8639820.012, 138
Trd, 8639820.412, 68
Trd, 8639821.079, 140
Trd, 8639821.112, 140
Trd, 8639822.212, 122
Trd, 8639822.679, 140
Trd, 8639822.912, 140
Trd, 8639822.979, 140
Trd, 8639823.946, 140
Trd, 8639824.379, 140
Trd, 8639824.646, 140
Trd, 8639824.946, 140
Trd, 8639825.246, 140
Trd, 8639825.846, 140
Trd, 8639825.879, 140
Trd, 8639826.546, 139
Trd, 8639826.579, 139
Trd, 8639827.646, 138
Trd, 8639827.946, 139
Trd, 8639828.079, 139
Trd, 8639829.246, 140
Trd, 8639829.612, 140
Trd, 8639830.146, 103
Trd, 8639830.879, 139
Trd, 8639831.279, 137
Trd, 8639831.412, 136
Trd, 8639831.479, 135
Trd, 8639832.046, 130
Trd, 8639832.546, 129
Trd, 8639833.746, 140
Trd, 8639833.779, 140
Trd, 8639834.212, 140
Trd, 8639834.679, 140
Trd, 8639835.446, 140
Trd, 8639836.012, 140
Trd, 8639836.546, 140
Trd, 8639837.012, 140
Trd, 8639837.512, 140
Trd, 8639837.579, 140
Trd, 8639837.679, 140
Trd, 8639837.912, 140
Trd, 8639838.012, 140
Trd, 8639838.746, 140
Trd, 8639838.779, 140
Trd, 8639839.212, 140
Trd, 8639839.312, 140
Trd, 8639839.646, 140
Trd, 8639840.079, 140
Trd, 8639840.846, 140
Trd, 8639841.012, 140
Trd, 8639841.112, 137
Trd, 8639841.379, 136
Trd, 8639841.579, 82
Trd, 8639842.779, 140
Trd, 8639842.912, 140
Trd, 8639843.279, 106
Trd, 8639843.779, 106
Trd, 8639844.046, 94
Trd, 8639844.846, 64
Trd, 8639845.279, 62
Trd, 8639845.612, 63
Trd, 8639846.212, 62
Trd, 8639846.779, 63
Trd, 8639847.679, 60
Trd, 8639847.979, 66
Trd, 8639848.346, 60
Trd, 8639848.979, 61
Trd, 8639849.146, 62
Trd, 8639849.179, 64
Trd, 8639850.379, 60
Trd, 8639850.679, 62
Trd, 8639850.846, 60
Trd, 8639852.312, 60
Trd, 8639853.246, 60
Trd, 8639854.946, 60
Trd, 8639855.112, 60
Trd, 8639855.446, 60
Trd, 8639856.279, 60
Trd, 8639856.546, 60
Trd, 8639856.946, 60
Trd, 8639857.146, 60
Trd, 8639857.546, 60
Trd, 8639857.646, 63
Trd, 8639857.912, 62
Trd, 8639858.046, 61
Trd, 8639858.446, 60
Trd, 8639858.746, 68
Trd, 8639859.112, 102
Trd, 8639859.379, 119
Trd, 8639859.612, 103
Trd, 8639859.646, 102
Trd, 8639860.012, 98
Trd, 8639860.779, 69
Trd, 8639861.279, 61
Trd, 8639861.579, 61
Trd, 8639862.046, 65
Trd, 8639862.112, 64
Trd, 8639862.312, 65
Trd, 8639862.646, 94
Trd, 8639863.012, 63
Trd, 8639864.246, 60
Trd, 8639864.946, 61
Trd, 8639864.979, 63
Trd, 8639866.112, 60
Trd, 8639867.346, 60
Trd, 8639867.546, 60
Trd, 8639868.112, 60
Trd, 8639869.246, 60
Trd, 8639869.312, 61
Trd, 8639869.379, 61
Trd, 8639869.546, 60
Trd, 8639869.746, 63
Trd, 8639870.012, 65
Trd, 8639870.179, 70
Trd, 8639870.446, 69
Trd, 8639870.846, 70
Trd, 8639871.212, 82
Trd, 8639871.446, 125
Trd, 8639871.512, 139
Trd, 8639871.779, 85
Trd, 8639872.379, 140
Trd, 8639873.246, 140
Trd, 8639873.612, 140
Trd, 8639873.712, 140
Trd, 8639873.779, 139
Trd, 8639874.346, 139
Trd, 8639874.479, 140
Trd, 8639874.779, 138
Trd, 8639875.479, 84
Trd, 8639875.579, 137
Trd, 8639875.946, 77
Trd, 8639876.546, 139
Trd, 8639877.812, 140
Trd, 8639878.212, 140
Trd, 8639878.279, 140
Trd, 8639878.446, 140
Trd, 8639878.812, 140
Trd, 8639879.246, 140
Trd, 8639879.579, 140
Trd, 8639879.846, 139
Trd, 8639879.879, 92
Trd, 8639880.646, 140
Trd, 8639881.179, 140
Trd, 8639881.346, 140
Trd, 8639881.512, 140
Trd, 8639882.512, 140
Trd, 8639883.179, 140
Trd, 8639883.246, 140
Trd, 8639883.412, 140
Trd, 8639883.779, 140
Trd, 8639884.346, 140
Trd, 8639884.512, 140
Trd, 8639885.246, 140
Trd, 8639885.579, 140
Trd, 8639886.212, 140
Trd, 8639886.412, 140
Trd, 8639887.212, 140
Trd, 8639888.279, 140
Trd, 8639888.446, 140
Trd, 8639888.879, 140
Trd, 8639889.046, 140
Trd, 8639889.179, 140
Trd, 8639889.212, 139
Trd, 8639889.512, 71
Trd, 8639889.746, 72
Trd, 8639889.912, 132
Trd, 8639889.979, 64
Trd, 8639891.112, 140
Trd, 8639891.379, 140
Trd, 8639891.812, 137
Trd, 8639892.212, 64
Trd, 8639892.579, 139
Trd, 8639892.779, 133
Trd, 8639893.812, 71
Trd, 8639894.912, 140
Trd, 8639895.046, 140
Trd, 8639895.079, 140
Trd, 8639895.112, 140
Trd, 8639895.379, 60
Trd, 8639895.846, 140
Trd, 8639896.146, 66
Trd, 8639896.812, 61
Trd, 8639897.312, 67
Trd, 8639897.979, 88
Trd, 8639898.146, 90
Trd, 8639898.412, 89
Trd, 8639898.746, 88
Trd, 8639899.379, 90
Trd, 8639901.079, 140
Trd, 8639901.312, 140
Trd, 8639901.879, 140
Trd, 8639902.479, 140
Trd, 8639902.512, 140
Trd, 8639902.612, 140
Trd, 8639903.146, 140
Trd, 8639903.279, 140
Trd, 8639903.946, 140
Trd, 8639904.046, 140
Trd, 8639904.112, 140
Trd, 8639904.146, 138
Trd, 8639905.212, 140
Trd, 8639905.746, 140
Trd, 8639905.912, 140
Trd, 8639905.979, 140
Trd, 8639906.546, 140
Trd, 8639906.812, 140
Trd, 8639908.112, 140
Trd, 8639908.346, 140
Trd, 8639908.446, 140
Trd, 8639908.746, 140
Trd, 8639908.779, 140
Trd, 8639909.179, 140
Trd, 8639909.346, 140
Trd, 8639910.046, 139
Trd, 8639910.446, 140
Trd, 8639910.479, 139
Trd, 8639910.512, 138
Trd, 8639911.779, 139
Trd, 8639912.512, 136
Trd, 8639912.879, 60
Trd, 8639913.079, 62
Trd, 8639913.646, 61
Trd, 8639914.779, 60
Trd, 8639914.979, 62
Trd, 8639915.746, 61
Trd, 8639915.979, 62
Trd, 8639916.446, 61
Trd, 8639916.746, 70
Trd, 8639917.212, 65
Trd, 8639917.312, 63
Trd, 8639917.479, 140
Trd, 8639917.546, 63
Trd, 8639918.046, 62
Trd, 8639918.146, 140
Trd, 8639918.779, 61
Trd, 8639919.246, 60
Trd, 8639919.379, 62
Trd, 8639919.779, 140
Trd, 8639920.112, 139
Trd, 8639921.179, 61
Trd, 8639922.346, 60
Trd, 8639923.079, 61
Trd, 8639923.412, 64
Trd, 8639925.412, 61
Trd, 8639925.879, 62
Trd, 8639925.979, 62
Trd, 8639926.112, 61
Trd, 8639926.446, 63
Trd, 8639926.779, 63
Trd, 8639926.879, 61
Trd, 8639927.046, 68
Trd, 8639927.512, 60
Trd, 8639927.679, 76
Trd, 8639927.812, 140
Trd, 8639928.646, 64
Trd, 8639928.846, 115
Trd, 8639929.512, 60
Trd, 8639931.179, 61
Trd, 8639931.679, 60
Trd, 8639931.712, 60
Trd, 8639932.079, 61
Trd, 8639932.179, 61
Trd, 8639932.212, 61
Trd, 8639932.846, 62
Trd, 8639933.112, 64
Trd, 8639933.346, 65
Trd, 8639933.379, 63
Trd, 8639933.779, 67
Trd, 8639933.979, 65
Trd, 8639934.112, 63
Trd, 8639934.179, 134
Trd, 8639935.346, 65
Trd, 8639935.479, 65
Trd, 8639935.779, 67
Trd, 8639936.279, 140
Trd, 8639936.612, 140
Trd, 8639937.012, 140
Trd, 8639937.046, 140
Trd, 8639937.612, 140
Trd, 8639937.746, 140
Trd, 8639938.346, 139
Trd, 8639938.779, 64
Trd, 8639939.546, 140
Trd, 8639939.812, 140
Trd, 8639940.279, 140
Trd, 8639940.646, 139
Trd, 8639941.312, 60
Trd, 8639941.612, 61
Trd, 8639942.346, 62
Trd, 8639942.712, 61
Trd, 8639943.246, 63
Trd, 8639943.879, 61
Trd, 8639944.146, 60
Trd, 8639944.879, 62
Trd, 8639945.046, 60
Trd, 8639945.479, 60
Trd, 8639945.812, 64
Trd, 8639945.879, 62
Trd, 8639946.479, 64
Trd, 8639946.712, 65
Trd, 8639946.912, 67
Trd, 8639947.246, 62
Trd, 8639947.979, 60
Trd, 8639948.079, 67
Trd, 8639948.946, 61
Trd, 8639949.079, 64
Trd, 8639949.179, 77
Trd, 8639951.112, 60
Trd, 8639952.246, 60
Trd, 8639952.846, 61
Trd, 8639953.012, 60
Trd, 8639953.712, 62
Trd, 8639953.946, 63
Trd, 8639954.079, 60
Trd, 8639954.112, 65
Trd, 8639954.412, 61
Trd, 8639954.746, 65
Trd, 8639954.812, 65
Trd, 8639954.846, 62
Trd, 8639955.512, 61
Trd, 8639955.912, 62
Trd, 8639955.979, 61
Trd, 8639957.179, 62
Trd, 8639957.479, 60
Trd, 8639957.712, 60
Trd, 8639957.912, 75
Trd, 8639958.412, 140
Trd, 8639958.679, 140
Trd, 8639959.146, 140
Trd, 8639959.312, 140
Trd, 8639959.446, 140
Trd, 8639960.112, 140
Trd, 8639960.146, 140
Trd, 8639960.212, 140
Trd, 8639960.546, 140
Trd, 8639960.612, 137
Trd, 8639960.846, 60
Trd, 8639962.279, 89
Trd, 8639962.512, 86
Trd, 8639962.679, 84
Trd, 8639962.879, 140
Trd, 8639963.546, 63
Trd, 8639963.779, 64
Trd, 8639964.446, 78
Trd, 8639966.112, 61
Trd, 8639966.146, 63
Trd, 8639966.179, 65
Trd, 8639967.146, 60
Trd, 8639967.479, 61
Trd, 8639967.646, 67
Trd, 8639967.746, 68
Trd, 8639968.079, 61
Trd, 8639968.112, 61
Trd, 8639968.312, 60
Trd, 8639968.446, 62
Trd, 8639968.646, 66
Trd, 8639968.912, 96
Trd, 8639969.712, 140
Trd, 8639969.979, 140
Trd, 8639970.212, 139
Trd, 8639971.679, 66
Trd, 8639972.879, 60
Trd, 8639972.912, 88
Trd, 8639973.246, 122
Trd, 8639974.246, 60
Trd, 8639974.312, 64
Trd, 8639974.446, 66
Trd, 8639975.212, 64
Trd, 8639975.379, 64
Trd, 8639975.546, 67
Trd, 8639975.846, 70
Trd, 8639975.946, 69
Trd, 8639976.079, 65
Trd, 8639976.779, 61
Trd, 8639977.012, 135
Trd, 8639977.579, 140
Trd, 8639977.612, 106
Trd, 8639977.879, 105
Trd, 8639978.079, 105
Trd, 8639978.346, 104
Trd, 8639978.846, 65
Trd, 8639978.912, 138
Trd, 8639979.812, 96
Trd, 8639980.479, 140
Trd, 8639980.712, 140
Trd, 8639981.046, 140
Trd, 8639981.712, 64
Trd, 8639982.079, 63
Trd, 8639982.312, 62
Trd, 8639983.012, 64
Trd, 8639983.379, 136
Trd, 8639983.746, 139
Trd, 8639984.246, 60
Trd, 8639984.612, 60
Trd, 8639984.912, 60
Trd, 8639985.346, 67
Trd, 8639985.612, 67
Trd, 8639986.179, 70
Trd, 8639986.412, 68
Trd, 8639986.779, 61
Trd, 8639987.579, 60
Trd, 8639988.046, 60
Trd, 8639988.579, 62
Trd, 8639990.312, 60
Trd, 8639990.646, 60
Trd, 8639990.912, 62
Trd, 8639991.979, 60
Trd, 8639992.212, 60
Trd, 8639993.379, 60
Trd, 8639993.412, 62
Trd, 8639993.446, 62
Trd, 8639993.912, 62
Trd, 8639994.246, 63
Trd, 8639994.279, 68
Trd, 8639994.479, 62
Trd, 8639994.912, 62
Trd, 8639995.512, 65
Trd, 8639995.746, 65
Trd, 8639996.146, 64
Trd, 8639996.679, 62
Trd, 8639998.279, 60
Trd, 8639998.512, 60
Trd, 8639998.912, 60
Trd, 8639999.079, 61
Trd, 8639999.146, 64
