Trd, 8638762.012, 94
Trd, 8638762.512, 104
Trd, 8638762.912, 71
Trd, 8638763.912, 79
Trd, 8638764.312, 90
Trd, 8638764.879, 135
Trd, 8638765.012, 136
Trd, 8638765.046, 126
Trd, 8638765.079, 119
Trd, 8638766.079, 92
Trd, 8638766.846, 69
Trd, 8638768.212, 120
Trd, 8638768.379, 112
Trd, 8638768.546, 95
Trd, 8638769.012, 81
Trd, 8638770.479, 83
Trd, 8638770.546, 111
Trd, 8638770.879, 75
Trd, 8638770.912, 72
Trd, 8638771.246, 110
Trd, 8638771.279, 92
Trd, 8638771.612, 115
Trd, 8638771.746, 122
Trd, 8638771.846, 61
Trd, 8638772.512, 95
Trd, 8638773.046, 106
Trd, 8638773.179, 133
Trd, 8638773.346, 116
Trd, 8638774.179, 93
Trd, 8638774.246, 86
Trd, 8638774.612, 93
Trd, 8638775.212, 108
Trd, 8638775.946, 85
Trd, 8638776.412, 112
Trd, 8638776.779, 94
Trd, 8638777.079, 100
Trd, 8638777.746, 85
Trd, 8638778.212, 113
Trd, 8638778.312, 128
Trd, 8638778.746, 89
Trd, 8638779.179, 137
Trd, 8638780.379, 107
Trd, 8638781.579, 98
Trd, 8638781.646, 116
Trd, 8638781.746, 92
Trd, 8638782.346, 90
Trd, 8638782.612, 137
Trd, 8638782.912, 107
Trd, 8638783.379, 95
Trd, 8638783.546, 88
Trd, 8638783.712, 87
Trd, 8638784.146, 91
Trd, 8638784.679, 121
Trd, 8638785.279, 127
Trd, 8638786.346, 136
Trd, 8638786.779, 140
Trd, 8638786.946, 116
Trd, 8638787.879, 98
Trd, 8638788.512, 119
Trd, 8638788.612, 104
Trd, 8638789.079, 105
Trd, 8638789.179, 94
Trd, 8638789.546, 90
Trd, 8638789.879, 92
Trd, 8638790.412, 85
Trd, 8638790.612, 110
Trd, 8638790.779, 130
Trd, 8638791.712, 82
Trd, 8638791.846, 103
Trd, 8638791.912, 82
Trd, 8638791.946, 103
Trd, 8638793.046, 96
Trd, 8638793.546, 134
Trd, 8638794.246, 136
Trd, 8638796.312, 111
Trd, 8638796.779, 115
Trd, 8638797.246, 128
Trd, 8638797.646, 107
Trd, 8638797.746, 105
Trd, 8638798.546, 104
Trd, 8638798.646, 97
Trd, 8638798.746, 89
Trd, 8638798.846, 78
Trd, 8638799.212, 130
Trd, 8638799.346, 102
Trd, 8638799.512, 132
Trd, 8638800.212, 82
Trd, 8638800.646, 88
Trd, 8638801.046, 122
Trd, 8638801.912, 89
Trd, 8638802.446, 108
Trd, 8638802.612, 99
Trd, 8638803.512, 140
Trd, 8638803.612, 120
Trd, 8638804.579, 92
Trd, 8638804.612, 88
Trd, 8638804.779, 78
Trd, 8638805.412, 66
Trd, 8638805.779, 131
Trd, 8638806.112, 134
Trd, 8638807.112, 117
Trd, 8638807.746, 132
Trd, 8638807.912, 93
Trd, 8638808.312, 107
Trd, 8638808.579, 102
Trd, 8638809.246, 95
Trd, 8638810.012, 93
Trd, 8638810.046, 96
Trd, 8638810.679, 75
Trd, 8638811.279, 77
Trd, 8638811.712, 136
Trd, 8638812.312, 76
Trd, 8638813.146, 72
Trd, 8638813.412, 82
Trd, 8638813.546, 96
Trd, 8638813.846, 69
Trd, 8638814.112, 105
Trd, 8638814.612, 93
Trd, 8638814.846, 75
Trd, 8638815.846, 100
Trd, 8638816.012, 91
Trd, 8638816.146, 87
Trd, 8638816.346, 99
Trd, 8638816.912, 125
Trd, 8638817.046, 95
Trd, 8638817.079, 133
Trd, 8638818.412, 90
Trd, 8638818.679, 119
Trd, 8638818.979, 84
Trd, 8638819.579, 95
Trd, 8638820.212, 79
Trd, 8638820.579, 69
Trd, 8638820.679, 73
Trd, 8638821.046, 65
Trd, 8638821.779, 80
Trd, 8638821.946, 79
Trd, 8638822.446, 84
Trd, 8638822.479, 84
Trd, 8638822.979, 78
Trd, 8638823.012, 77
Trd, 8638823.446, 97
Trd, 8638824.112, 66
Trd, 8638824.746, 93
Trd, 8638824.846, 110
Trd, 8638825.079, 84
Trd, 8638825.212, 81
Trd, 8638825.779, 104
Trd, 8638826.146, 115
Trd, 8638827.179, 132
Trd, 8638827.512, 129
Trd, 8638827.712, 115
Trd, 8638828.312, 87
Trd, 8638828.879, 76
Trd, 8638829.379, 109
Trd, 8638831.412, 93
Trd, 8638831.479, 86
Trd, 8638831.546, 82
Trd, 8638831.612, 108
Trd, 8638831.979, 112
Trd, 8638832.146, 117
Trd, 8638832.612, 88
Trd, 8638832.812, 80
Trd, 8638833.579, 65
Trd, 8638834.112, 67
Trd, 8638834.612, 139
Trd, 8638834.846, 73
Trd, 8638835.712, 68
Trd, 8638835.979, 83
Trd, 8638836.312, 118
Trd, 8638836.346, 98
Trd, 8638836.746, 90
Trd, 8638836.946, 85
Trd, 8638837.112, 99
Trd, 8638838.112, 66
Trd, 8638838.212, 112
Trd, 8638839.212, 99
Trd, 8638839.479, 84
Trd, 8638841.446, 82
Trd, 8638841.612, 92
Trd, 8638844.046, 85
Trd, 8638844.146, 85
Trd, 8638844.212, 74
Trd, 8638844.646, 106
Trd, 8638844.912, 92
Trd, 8638844.946, 103
Trd, 8638844.979, 107
Trd, 8638845.346, 104
Trd, 8638845.679, 98
Trd, 8638845.746, 91
Trd, 8638846.079, 86
Trd, 8638846.479, 89
Trd, 8638847.279, 78
Trd, 8638848.046, 76
Trd, 8638848.312, 71
Trd, 8638848.479, 117
Trd, 8638849.112, 85
Trd, 8638849.646, 88
Trd, 8638849.779, 77
Trd, 8638850.512, 97
Trd, 8638850.879, 86
Trd, 8638852.079, 104
Trd, 8638852.346, 120
Trd, 8638852.579, 116
Trd, 8638852.712, 114
Trd, 8638852.746, 83
Trd, 8638853.079, 85
Trd, 8638853.179, 95
Trd, 8638854.846, 80
Trd, 8638855.479, 79
Trd, 8638855.946, 87
Trd, 8638856.179, 118
Trd, 8638856.646, 84
Trd, 8638856.812, 101
Trd, 8638858.046, 94
Trd, 8638859.212, 108
Trd, 8638859.446, 100
Trd, 8638859.746, 133
Trd, 8638859.879, 87
Trd, 8638860.412, 97
Trd, 8638860.746, 97
Trd, 8638860.979, 110
Trd, 8638861.179, 132
Trd, 8638861.212, 123
Trd, 8638861.712, 114
Trd, 8638862.312, 81
Trd, 8638862.412, 98
Trd, 8638862.946, 97
Trd, 8638863.379, 113
Trd, 8638863.479, 114
Trd, 8638863.879, 107
Trd, 8638864.279, 88
Trd, 8638864.546, 71
Trd, 8638864.979, 121
Trd, 8638866.112, 94
Trd, 8638866.479, 94
Trd, 8638866.746, 85
Trd, 8638867.746, 117
Trd, 8638868.712, 106
Trd, 8638868.979, 104
Trd, 8638869.446, 93
Trd, 8638869.679, 67
Trd, 8638869.846, 104
Trd, 8638871.046, 79
Trd, 8638871.279, 65
Trd, 8638872.779, 90
Trd, 8638873.379, 127
Trd, 8638873.612, 104
Trd, 8638873.912, 93
Trd, 8638874.179, 100
Trd, 8638874.246, 84
Trd, 8638874.679, 100
Trd, 8638875.079, 112
Trd, 8638875.512, 89
Trd, 8638875.812, 106
Trd, 8638875.846, 86
Trd, 8638877.312, 99
Trd, 8638877.679, 101
Trd, 8638877.779, 92
Trd, 8638878.046, 130
Trd, 8638878.112, 95
Trd, 8638878.546, 115
Trd, 8638879.312, 93
Trd, 8638879.546, 85
Trd, 8638879.712, 80
Trd, 8638879.812, 96
Trd, 8638880.146, 125
Trd, 8638881.612, 60
Trd, 8638882.346, 118
Trd, 8638882.446, 112
Trd, 8638883.879, 136
Trd, 8638883.912, 119
Trd, 8638884.479, 140
Trd, 8638884.612, 136
Trd, 8638884.912, 78
Trd, 8638885.412, 90
Trd, 8638885.479, 107
Trd, 8638885.746, 118
Trd, 8638886.979, 101
Trd, 8638887.679, 123
Trd, 8638887.779, 99
Trd, 8638888.012, 94
Trd, 8638888.046, 91
Trd, 8638888.346, 96
Trd, 8638888.612, 84
Trd, 8638889.612, 94
Trd, 8638889.946, 117
Trd, 8638890.212, 111
Trd, 8638890.479, 84
Trd, 8638891.346, 76
Trd, 8638891.846, 89
Trd, 8638892.479, 119
Trd, 8638892.912, 96
Trd, 8638893.079, 116
Trd, 8638893.879, 138
Trd, 8638894.046, 140
Trd, 8638894.479, 132
Trd, 8638895.512, 112
Trd, 8638896.012, 120
Trd, 8638896.212, 133
Trd, 8638896.312, 107
Trd, 8638896.346, 94
Trd, 8638896.879, 86
Trd, 8638897.079, 121
Trd, 8638897.846, 102
Trd, 8638899.012, 139
Trd, 8638899.079, 115
Trd, 8638899.146, 100
Trd, 8638900.279, 93
Trd, 8638900.412, 77
Trd, 8638900.679, 92
Trd, 8638901.212, 137
Trd, 8638901.312, 135
Trd, 8638902.179, 125
Trd, 8638902.679, 107
Trd, 8638902.779, 104
Trd, 8638903.579, 137
Trd, 8638903.879, 107
Trd, 8638904.379, 117
Trd, 8638905.046, 111
Trd, 8638905.112, 102
Trd, 8638905.246, 100
Trd, 8638905.646, 92
Trd, 8638905.946, 84
Trd, 8638906.412, 100
Trd, 8638906.546, 97
Trd, 8638908.079, 94
Trd, 8638908.712, 83
Trd, 8638908.812, 126
Trd, 8638909.512, 103
Trd, 8638909.612, 99
Trd, 8638910.279, 92
Trd, 8638910.646, 108
Trd, 8638911.812, 117
Trd, 8638912.412, 83
Trd, 8638912.746, 78
Trd, 8638913.912, 82
Trd, 8638914.279, 84
Trd, 8638914.512, 96
Trd, 8638914.746, 128
Trd, 8638914.912, 114
Trd, 8638915.646, 128
Trd, 8638917.046, 102
Trd, 8638917.179, 117
Trd, 8638917.246, 74
Trd, 8638917.546, 136
Trd, 8638918.312, 87
Trd, 8638918.379, 71
Trd, 8638918.579, 84
Trd, 8638918.612, 68
Trd, 8638919.246, 80
Trd, 8638920.112, 95
Trd, 8638920.446, 114
Trd, 8638920.646, 77
Trd, 8638921.112, 72
Trd, 8638921.946, 100
Trd, 8638923.112, 104
Trd, 8638924.079, 136
Trd, 8638924.112, 104
Trd, 8638924.412, 133
Trd, 8638924.712, 110
Trd, 8638925.246, 106
Trd, 8638925.346, 100
Trd, 8638925.812, 114
Trd, 8638926.612, 134
Trd, 8638926.979, 116
Trd, 8638927.179, 107
Trd, 8638927.812, 132
Trd, 8638929.346, 127
Trd, 8638929.612, 120
Trd, 8638929.946, 138
Trd, 8638930.079, 127
Trd, 8638930.812, 120
Trd, 8638931.279, 115
Trd, 8638932.146, 119
Trd, 8638932.412, 133
Trd, 8638932.512, 95
Trd, 8638932.612, 92
Trd, 8638932.712, 119
Trd, 8638933.479, 114
Trd, 8638934.446, 136
Trd, 8638935.079, 114
Trd, 8638936.012, 116
Trd, 8638936.512, 140
Trd, 8638937.012, 103
Trd, 8638937.346, 92
Trd, 8638937.512, 122
Trd, 8638937.646, 92
Trd, 8638938.346, 105
Trd, 8638938.479, 92
Trd, 8638938.546, 79
Trd, 8638939.346, 94
Trd, 8638939.412, 90
Trd, 8638939.512, 119
Trd, 8638939.579, 78
Trd, 8638940.812, 90
Trd, 8638941.246, 101
Trd, 8638941.712, 107
Trd, 8638941.946, 99
Trd, 8638942.512, 83
Trd, 8638943.312, 85
Trd, 8638943.379, 89
Trd, 8638943.446, 79
Trd, 8638944.079, 81
Trd, 8638944.312, 115
Trd, 8638945.079, 105
Trd, 8638945.512, 88
Trd, 8638946.646, 89
Trd, 8638947.079, 85
Trd, 8638947.312, 127
Trd, 8638947.379, 97
Trd, 8638948.946, 109
Trd, 8638949.046, 103
Trd, 8638949.079, 70
Trd, 8638949.812, 68
Trd, 8638949.912, 83
Trd, 8638950.212, 110
Trd, 8638950.279, 74
Trd, 8638951.846, 94
Trd, 8638951.912, 108
Trd, 8638952.246, 121
Trd, 8638952.479, 114
Trd, 8638952.812, 70
Trd, 8638953.446, 65
Trd, 8638954.212, 68
Trd, 8638955.279, 73
Trd, 8638955.712, 77
Trd, 8638955.812, 67
Trd, 8638956.246, 82
Trd, 8638956.879, 85
Trd, 8638957.012, 104
Trd, 8638957.646, 109
Trd, 8638958.846, 80
Trd, 8638959.246, 114
Trd, 8638959.679, 138
Trd, 8638959.712, 129
Trd, 8638959.746, 129
Trd, 8638960.046, 79
Trd, 8638960.112, 96
Trd, 8638961.112, 86
Trd, 8638961.279, 84
Trd, 8638962.412, 87
Trd, 8638962.712, 69
Trd, 8638963.146, 113
Trd, 8638963.379, 85
Trd, 8638964.279, 102
Trd, 8638964.912, 96
Trd, 8638965.746, 89
Trd, 8638966.346, 66
Trd, 8638966.579, 84
Trd, 8638966.646, 126
Trd, 8638967.179, 84
Trd, 8638967.579, 110
Trd, 8638967.879, 115
Trd, 8638968.912, 105
Trd, 8638969.846, 139
Trd, 8638970.079, 130
Trd, 8638970.446, 120
Trd, 8638970.612, 111
Trd, 8638970.879, 124
Trd, 8638971.246, 130
Trd, 8638971.746, 132
Trd, 8638971.979, 129
Trd, 8638972.379, 126
Trd, 8638972.712, 121
Trd, 8638972.846, 109
Trd, 8638973.412, 101
Trd, 8638974.212, 78
Trd, 8638975.012, 113
Trd, 8638975.246, 115
Trd, 8638975.812, 115
Trd, 8638976.012, 115
Trd, 8638976.246, 91
Trd, 8638976.846, 90
Trd, 8638977.612, 90
Trd, 8638978.146, 103
Trd, 8638979.046, 133
Trd, 8638979.379, 139
Trd, 8638979.879, 103
Trd, 8638980.312, 103
Trd, 8638980.646, 101
Trd, 8638980.779, 93
Trd, 8638980.979, 86
Trd, 8638981.212, 108
Trd, 8638981.579, 123
Trd, 8638981.779, 82
Trd, 8638982.112, 96
Trd, 8638982.579, 76
Trd, 8638982.746, 120
Trd, 8638984.112, 126
Trd, 8638984.446, 103
Trd, 8638984.946, 110
Trd, 8638985.179, 139
Trd, 8638985.379, 93
Trd, 8638986.546, 108
Trd, 8638987.012, 87
Trd, 8638987.112, 67
Trd, 8638987.946, 135
Trd, 8638988.379, 123
Trd, 8638988.646, 117
Trd, 8638988.946, 125
Trd, 8638989.279, 86
Trd, 8638989.746, 72
Trd, 8638990.112, 136
Trd, 8638991.312, 135
Trd, 8638991.846, 120
Trd, 8638992.146, 124
Trd, 8638992.646, 122
Trd, 8638992.712, 120
Trd, 8638993.612, 137
Trd, 8638993.879, 105
Trd, 8638993.946, 101
Trd, 8638994.012, 117
Trd, 8638994.579, 133
Trd, 8638995.846, 131
Trd, 8638996.079, 112
Trd, 8638996.279, 109
Trd, 8638996.979, 90
Trd, 8638997.546, 72
Trd, 8638997.612, 110
Trd, 8638998.112, 79
Trd, 8638998.812, 108
Trd, 8638998.846, 98
Trd, 8638999.112, 72
Trd, 8638999.946, 93
Trd, 8639000.612, 140
Trd, 8639000.946, 139
Trd, 8639001.112, 121
Trd, 8639002.346, 140
Trd, 8639003.346, 118
Trd, 8639003.446, 117
Trd, 8639003.946, 138
Trd, 8639004.879, 99
Trd, 8639005.279, 94
Trd, 8639006.446, 111
Trd, 8639006.546, 113
Trd, 8639006.612, 109
Trd, 8639006.712, 108
Trd, 8639006.879, 110
Trd, 8639006.912, 118
Trd, 8639007.146, 106
Trd, 8639008.246, 140
Trd, 8639008.746, 124
Trd, 8639010.079, 117
Trd, 8639010.212, 130
Trd, 8639010.712, 118
Trd, 8639010.746, 111
Trd, 8639010.946, 122
Trd, 8639011.346, 132
Trd, 8639012.579, 118
Trd, 8639012.646, 78
Trd, 8639012.946, 115
Trd, 8639013.712, 134
Trd, 8639014.179, 86
Trd, 8639014.912, 118
Trd, 8639015.179, 105
Trd, 8639015.446, 76
Trd, 8639015.612, 118
Trd, 8639016.546, 81
Trd, 8639016.712, 75
Trd, 8639017.712, 104
Trd, 8639017.812, 108
Trd, 8639017.879, 115
Trd, 8639018.779, 94
Trd, 8639019.312, 118
Trd, 8639019.679, 77
Trd, 8639019.712, 80
Trd, 8639019.846, 85
Trd, 8639020.046, 69
Trd, 8639020.179, 85
Trd, 8639021.212, 136
Trd, 8639021.579, 116
Trd, 8639022.779, 123
Trd, 8639023.012, 105
Trd, 8639023.412, 119
Trd, 8639023.612, 115
Trd, 8639023.846, 111
Trd, 8639024.412, 118
Trd, 8639024.946, 132
Trd, 8639024.979, 122
Trd, 8639025.212, 135
Trd, 8639026.679, 115
Trd, 8639027.012, 119
Trd, 8639027.312, 109
Trd, 8639027.679, 99
Trd, 8639028.379, 106
Trd, 8639029.179, 133
Trd, 8639029.646, 97
Trd, 8639030.012, 90
Trd, 8639030.179, 89
Trd, 8639030.379, 80
Trd, 8639030.612, 77
Trd, 8639031.679, 137
Trd, 8639031.912, 135
Trd, 8639032.046, 114
Trd, 8639033.212, 96
Trd, 8639033.312, 73
Trd, 8639033.379, 103
Trd, 8639034.012, 99
Trd, 8639034.279, 83
Trd, 8639034.446, 86
Trd, 8639035.746, 89
Trd, 8639035.946, 75
Trd, 8639037.612, 139
Trd, 8639037.946, 122
Trd, 8639038.546, 121
Trd, 8639039.246, 116
Trd, 8639039.379, 122
Trd, 8639039.479, 91
Trd, 8639039.779, 85
Trd, 8639040.579, 71
Trd, 8639041.079, 101
Trd, 8639042.446, 134
Trd, 8639042.546, 127
Trd, 8639042.712, 109
Trd, 8639042.879, 135
Trd, 8639043.079, 108
Trd, 8639043.579, 101
Trd, 8639043.612, 97
Trd, 8639044.746, 140
Trd, 8639045.179, 139
Trd, 8639047.012, 123
Trd, 8639047.046, 130
Trd, 8639047.179, 126
Trd, 8639047.546, 113
Trd, 8639047.612, 112
Trd, 8639047.979, 136
Trd, 8639048.412, 111
Trd, 8639048.812, 107
Trd, 8639049.246, 136
Trd, 8639049.546, 106
Trd, 8639049.746, 106
Trd, 8639050.579, 131
Trd, 8639051.446, 98
Trd, 8639052.546, 88
Trd, 8639052.779, 86
Trd, 8639053.112, 117
Trd, 8639053.479, 108
Trd, 8639053.679, 93
Trd, 8639054.412, 100
Trd, 8639056.346, 89
Trd, 8639056.379, 86
Trd, 8639056.946, 90
Trd, 8639057.046, 82
Trd, 8639057.246, 99
Trd, 8639057.379, 98
Trd, 8639057.479, 136
Trd, 8639058.279, 132
Trd, 8639058.779, 119
Trd, 8639058.946, 118
Trd, 8639059.179, 99
Trd, 8639060.779, 137
Trd, 8639060.846, 120
Trd, 8639061.112, 103
Trd, 8639061.246, 106
Trd, 8639062.112, 132
Trd, 8639062.679, 124
Trd, 8639062.912, 113
Trd, 8639063.212, 139
Trd, 8639063.312, 110
Trd, 8639063.846, 132
Trd, 8639064.712, 116
Trd, 8639064.946, 108
Trd, 8639065.246, 101
Trd, 8639066.346, 118
Trd, 8639066.912, 111
Trd, 8639067.012, 105
Trd, 8639067.646, 92
Trd, 8639067.946, 90
Trd, 8639067.979, 80
Trd, 8639068.112, 124
Trd, 8639069.112, 94
Trd, 8639069.779, 118
Trd, 8639070.279, 97
Trd, 8639070.446, 96
Trd, 8639070.746, 109
Trd, 8639071.712, 86
Trd, 8639072.546, 95
Trd, 8639073.712, 138
Trd, 8639074.046, 109
Trd, 8639074.479, 138
Trd, 8639074.746, 73
Trd, 8639074.779, 80
Trd, 8639075.112, 112
Trd, 8639075.246, 101
Trd, 8639076.612, 97
Trd, 8639076.779, 95
Trd, 8639076.979, 125
Trd, 8639077.412, 120
Trd, 8639077.812, 95
Trd, 8639078.112, 97
Trd, 8639078.979, 102
Trd, 8639079.012, 105
Trd, 8639079.079, 87
Trd, 8639079.579, 122
Trd, 8639080.546, 95
Trd, 8639081.212, 108
Trd, 8639081.312, 100
Trd, 8639081.746, 123
Trd, 8639082.279, 113
Trd, 8639082.412, 96
Trd, 8639082.846, 94
Trd, 8639083.479, 137
Trd, 8639083.546, 113
Trd, 8639083.946, 125
Trd, 8639084.246, 102
Trd, 8639085.246, 120
Trd, 8639085.346, 113
Trd, 8639085.546, 137
Trd, 8639085.779, 108
Trd, 8639086.412, 91
Trd, 8639086.846, 138
Trd, 8639087.312, 118
Trd, 8639087.979, 116
Trd, 8639088.379, 137
Trd, 8639088.546, 102
Trd, 8639088.746, 88
Trd, 8639090.246, 116
Trd, 8639091.112, 109
Trd, 8639092.479, 105
Trd, 8639093.112, 99
Trd, 8639093.179, 97
Trd, 8639093.712, 99
Trd, 8639094.879, 137
Trd, 8639094.979, 128
Trd, 8639095.212, 113
Trd, 8639095.579, 137
Trd, 8639095.746, 136
Trd, 8639095.979, 140
Trd, 8639096.246, 105
Trd, 8639096.512, 83
Trd, 8639097.146, 129
Trd, 8639097.246, 118
Trd, 8639098.346, 135
Trd, 8639098.812, 114
Trd, 8639098.879, 109
Trd, 8639099.546, 100
Trd, 8639099.679, 98
Trd, 8639100.546, 137
Trd, 8639100.646, 134
Trd, 8639101.079, 122
Trd, 8639101.846, 111
Trd, 8639101.979, 95
Trd, 8639102.046, 88
Trd, 8639102.446, 129
Trd, 8639102.679, 80
Trd, 8639103.712, 92
Trd, 8639105.146, 118
Trd, 8639106.046, 118
Trd, 8639106.512, 102
Trd, 8639106.946, 96
Trd, 8639107.146, 117
Trd, 8639107.312, 114
Trd, 8639108.012, 140
Trd, 8639108.146, 126
Trd, 8639109.446, 134
Trd, 8639109.479, 122
Trd, 8639109.512, 114
Trd, 8639109.779, 111
Trd, 8639110.112, 135
Trd, 8639111.112, 102
Trd, 8639111.412, 114
Trd, 8639111.646, 136
Trd, 8639111.946, 117
Trd, 8639112.312, 139
Trd, 8639113.579, 134
Trd, 8639113.812, 112
Trd, 8639114.012, 113
Trd, 8639115.512, 93
Trd, 8639116.079, 91
Trd, 8639116.379, 100
Trd, 8639116.446, 102
Trd, 8639116.746, 99
Trd, 8639116.812, 94
Trd, 8639117.779, 136
Trd, 8639117.812, 133
Trd, 8639117.846, 127
Trd, 8639118.412, 120
Trd, 8639118.712, 124
Trd, 8639118.879, 98
Trd, 8639118.946, 135
Trd, 8639119.646, 108
Trd, 8639120.479, 139
Trd, 8639120.846, 113
Trd, 8639121.612, 115
Trd, 8639122.546, 106
Trd, 8639122.746, 101
Trd, 8639123.146, 100
Trd, 8639124.512, 98
Trd, 8639125.279, 96
Trd, 8639126.712, 114
Trd, 8639126.812, 102
Trd, 8639127.146, 130
Trd, 8639127.479, 132
Trd, 8639128.012, 127
Trd, 8639129.079, 129
Trd, 8639130.179, 108
Trd, 8639130.346, 97
Trd, 8639130.446, 93
Trd, 8639130.746, 121
Trd, 8639131.079, 82
Trd, 8639131.646, 79
Trd, 8639131.746, 113
Trd, 8639132.412, 67
Trd, 8639132.679, 91
Trd, 8639133.246, 94
Trd, 8639133.546, 90
Trd, 8639133.912, 70
Trd, 8639134.379, 105
Trd, 8639135.479, 121
Trd, 8639135.546, 114
Trd, 8639135.979, 108
Trd, 8639136.512, 110
Trd, 8639136.579, 108
Trd, 8639136.879, 124
Trd, 8639137.079, 103
Trd, 8639137.812, 89
Trd, 8639138.846, 137
Trd, 8639139.279, 126
Trd, 8639139.579, 129
Trd, 8639139.846, 85
Trd, 8639140.746, 105
Trd, 8639141.479, 87
Trd, 8639141.512, 76
Trd, 8639141.779, 99
Trd, 8639142.246, 104
Trd, 8639142.579, 109
Trd, 8639143.179, 125
Trd, 8639143.279, 96
Trd, 8639143.579, 92
Trd, 8639143.746, 81
Trd, 8639143.946, 78
Trd, 8639144.712, 122
Trd, 8639145.146, 96
Trd, 8639145.212, 78
Trd, 8639145.712, 85
Trd, 8639146.612, 94
Trd, 8639146.812, 131
Trd, 8639146.879, 102
Trd, 8639147.212, 136
Trd, 8639148.046, 82
Trd, 8639148.712, 90
Trd, 8639148.979, 106
Trd, 8639149.312, 104
Trd, 8639149.679, 96
Trd, 8639150.546, 97
Trd, 8639151.246, 87
Trd, 8639151.646, 86
Trd, 8639151.979, 71
Trd, 8639152.046, 106
Trd, 8639152.446, 68
Trd, 8639152.846, 107
Trd, 8639153.312, 110
Trd, 8639154.046, 83
Trd, 8639154.679, 110
Trd, 8639154.846, 80
Trd, 8639155.546, 76
Trd, 8639155.812, 120
Trd, 8639156.379, 81
Trd, 8639156.879, 90
Trd, 8639156.946, 103
Trd, 8639157.612, 138
Trd, 8639159.379, 115
Trd, 8639159.579, 108
Trd, 8639159.712, 113
Trd, 8639160.012, 123
Trd, 8639160.446, 121
Trd, 8639160.712, 106
Trd, 8639161.379, 121
Trd, 8639161.512, 115
Trd, 8639161.912, 127
Trd, 8639162.446, 108
Trd, 8639162.746, 99
Trd, 8639163.712, 109
Trd, 8639163.912, 103
Trd, 8639164.879, 84
Trd, 8639165.112, 113
Trd, 8639165.712, 131
Trd, 8639166.079, 101
Trd, 8639166.612, 106
Trd, 8639166.879, 132
Trd, 8639167.146, 132
Trd, 8639167.779, 90
Trd, 8639167.979, 118
Trd, 8639168.879, 123
Trd, 8639169.212, 116
Trd, 8639169.579, 128
Trd, 8639170.179, 118
Trd, 8639170.546, 114
Trd, 8639171.112, 110
Trd, 8639171.179, 99
Trd, 8639171.512, 86
Trd, 8639172.146, 125
Trd, 8639172.812, 131
Trd, 8639173.246, 108
Trd, 8639173.946, 95
Trd, 8639174.179, 113
Trd, 8639174.312, 80
Trd, 8639175.546, 101
Trd, 8639175.979, 113
Trd, 8639176.579, 121
Trd, 8639176.712, 115
Trd, 8639176.979, 104
Trd, 8639177.379, 118
Trd, 8639178.279, 105
Trd, 8639178.512, 97
Trd, 8639178.746, 123
Trd, 8639179.346, 125
Trd, 8639180.379, 111
Trd, 8639181.179, 138
Trd, 8639181.546, 117
Trd, 8639182.012, 103
Trd, 8639182.512, 113
Trd, 8639182.812, 101
Trd, 8639183.646, 120
Trd, 8639183.679, 96
Trd, 8639184.212, 119
Trd, 8639184.879, 110
Trd, 8639184.912, 113
Trd, 8639185.646, 96
Trd, 8639185.879, 81
Trd, 8639186.179, 107
Trd, 8639186.579, 80
Trd, 8639187.312, 114
Trd, 8639188.579, 122
Trd, 8639188.779, 89
Trd, 8639188.979, 128
Trd, 8639190.079, 120
Trd, 8639190.112, 119
Trd, 8639191.112, 100
Trd, 8639191.812, 107
Trd, 8639192.212, 96
Trd, 8639192.279, 91
Trd, 8639192.446, 103
Trd, 8639193.512, 138
Trd, 8639194.146, 131
Trd, 8639194.179, 125
Trd, 8639194.646, 105
Trd, 8639195.212, 138
Trd, 8639195.612, 124
Trd, 8639195.746, 108
Trd, 8639196.112, 99
Trd, 8639196.712, 81
Trd, 8639196.746, 108
Trd, 8639196.779, 109
Trd, 8639197.579, 90
Trd, 8639198.112, 91
Trd, 8639198.579, 94
Trd, 8639198.679, 80
Trd, 8639199.179, 126
Trd, 8639200.512, 89
Trd, 8639201.012, 87
Trd, 8639201.346, 113
Trd, 8639201.712, 117
Trd, 8639202.279, 126
Trd, 8639202.846, 117
Trd, 8639203.079, 90
Trd, 8639203.446, 110
Trd, 8639203.579, 96
Trd, 8639204.146, 117
Trd, 8639204.212, 102
Trd, 8639204.412, 126
Trd, 8639205.912, 120
Trd, 8639207.179, 114
Trd, 8639207.412, 110
Trd, 8639207.846, 78
Trd, 8639208.012, 110
Trd, 8639208.846, 136
Trd, 8639208.879, 133
Trd, 8639209.146, 127
Trd, 8639209.246, 111
Trd, 8639209.846, 102
Trd, 8639210.512, 96
Trd, 8639211.379, 97
Trd, 8639211.779, 131
Trd, 8639212.279, 128
Trd, 8639212.346, 119
Trd, 8639212.379, 116
Trd, 8639213.279, 114
Trd, 8639213.446, 106
Trd, 8639213.746, 101
Trd, 8639213.912, 98
Trd, 8639214.746, 125
Trd, 8639214.846, 113
Trd, 8639215.812, 99
Trd, 8639216.146, 78
Trd, 8639217.246, 107
Trd, 8639217.312, 129
Trd, 8639217.512, 106
Trd, 8639218.746, 125
Trd, 8639220.012, 106
Trd, 8639220.679, 98
Trd, 8639220.979, 110
Trd, 8639221.012, 95
Trd, 8639221.612, 102
Trd, 8639221.779, 119
Trd, 8639222.946, 127
Trd, 8639223.212, 138
Trd, 8639223.346, 123
Trd, 8639223.612, 121
Trd, 8639224.879, 138
Trd, 8639225.346, 124
Trd, 8639226.112, 131
Trd, 8639226.146, 120
Trd, 8639226.446, 114
Trd, 8639227.546, 116
Trd, 8639227.612, 107
Trd, 8639228.412, 112
Trd, 8639228.512, 125
Trd, 8639229.379, 103
Trd, 8639229.712, 121
Trd, 8639229.879, 112
Trd, 8639230.212, 86
Trd, 8639231.812, 112
Trd, 8639231.846, 106
Trd, 8639232.046, 117
Trd, 8639232.179, 106
Trd, 8639232.479, 118
Trd, 8639233.212, 111
Trd, 8639233.712, 98
Trd, 8639234.046, 137
Trd, 8639234.346, 92
Trd, 8639235.212, 84
Trd, 8639235.612, 122
Trd, 8639236.212, 113
Trd, 8639237.279, 139
Trd, 8639237.346, 136
Trd, 8639238.279, 136
Trd, 8639238.379, 138
Trd, 8639239.246, 131
Trd, 8639239.879, 117
Trd, 8639239.912, 103
Trd, 8639240.012, 132
Trd, 8639241.712, 120
Trd, 8639241.879, 116
Trd, 8639241.979, 115
Trd, 8639242.312, 113
Trd, 8639242.879, 119
Trd, 8639243.046, 103
Trd, 8639243.112, 100
Trd, 8639243.912, 105
Trd, 8639244.279, 114
Trd, 8639244.779, 136
Trd, 8639245.846, 129
Trd, 8639246.012, 117
Trd, 8639246.579, 122
Trd, 8639246.879, 116
Trd, 8639247.646, 115
Trd, 8639247.779, 94
Trd, 8639248.346, 112
Trd, 8639249.146, 140
Trd, 8639249.446, 107
Trd, 8639250.346, 116
Trd, 8639251.179, 97
Trd, 8639252.212, 130
Trd, 8639252.712, 98
Trd, 8639253.079, 101
Trd, 8639253.312, 137
Trd, 8639253.679, 121
Trd, 8639254.379, 106
Trd, 8639254.479, 105
Trd, 8639254.512, 100
Trd, 8639254.746, 100
Trd, 8639255.412, 87
Trd, 8639255.579, 122
Trd, 8639256.079, 94
Trd, 8639256.479, 80
Trd, 8639257.779, 103
Trd, 8639257.912, 84
Trd, 8639258.146, 81
Trd, 8639258.679, 98
Trd, 8639258.912, 138
Trd, 8639259.346, 125
Trd, 8639259.712, 80
Trd, 8639260.279, 139
Trd, 8639260.812, 132
Trd, 8639261.712, 114
Trd, 8639262.146, 99
Trd, 8639262.379, 108
Trd, 8639262.612, 105
Trd, 8639262.779, 91
Trd, 8639263.179, 81
Trd, 8639264.079, 138
Trd, 8639264.279, 114
Trd, 8639264.646, 132
Trd, 8639264.712, 111
Trd, 8639265.879, 137
Trd, 8639266.046, 118
Trd, 8639266.812, 116
Trd, 8639267.246, 93
Trd, 8639267.779, 139
Trd, 8639268.412, 137
Trd, 8639268.446, 128
Trd, 8639268.779, 124
Trd, 8639269.712, 111
Trd, 8639269.979, 107
Trd, 8639270.279, 115
Trd, 8639270.446, 132
Trd, 8639270.512, 98
Trd, 8639271.412, 93
Trd, 8639272.046, 116
Trd, 8639272.112, 96
Trd, 8639272.312, 102
Trd, 8639273.012, 135
Trd, 8639273.746, 86
Trd, 8639273.846, 108
Trd, 8639274.179, 79
Trd, 8639274.712, 67
Trd, 8639275.579, 66
Trd, 8639275.679, 81
Trd, 8639276.012, 92
Trd, 8639276.146, 64
Trd, 8639276.312, 93
Trd, 8639277.679, 95
Trd, 8639278.079, 85
Trd, 8639278.446, 96
Trd, 8639278.479, 98
Trd, 8639278.712, 99
Trd, 8639279.179, 89
Trd, 8639280.346, 138
Trd, 8639280.612, 123
Trd, 8639280.646, 111
Trd, 8639282.079, 106
Trd, 8639282.146, 101
Trd, 8639282.179, 75
Trd, 8639282.579, 85
Trd, 8639283.012, 89
Trd, 8639283.279, 84
Trd, 8639283.346, 83
Trd, 8639284.212, 87
Trd, 8639285.212, 136
Trd, 8639285.546, 100
Trd, 8639285.712, 94
Trd, 8639285.812, 136
Trd, 8639286.146, 111
Trd, 8639286.179, 95
Trd, 8639286.946, 76
Trd, 8639287.312, 94
Trd, 8639287.546, 73
Trd, 8639288.579, 89
Trd, 8639289.746, 133
Trd, 8639289.912, 128
Trd, 8639290.312, 102
Trd, 8639290.479, 109
Trd, 8639290.579, 92
Trd, 8639291.279, 83
Trd, 8639291.512, 84
Trd, 8639292.312, 91
Trd, 8639292.346, 82
Trd, 8639292.946, 69
Trd, 8639293.579, 135
Trd, 8639293.712, 102
Trd, 8639293.912, 103
Trd, 8639294.512, 114
Trd, 8639295.412, 100
Trd, 8639295.846, 94
Trd, 8639295.979, 122
Trd, 8639296.146, 81
Trd, 8639296.479, 78
Trd, 8639296.812, 129
Trd, 8639297.112, 132
Trd, 8639297.346, 126
Trd, 8639298.379, 132
Trd, 8639298.512, 121
Trd, 8639299.046, 125
Trd, 8639299.412, 92
Trd, 8639299.546, 79
Trd, 8639300.612, 138
Trd, 8639300.646, 133
Trd, 8639300.912, 133
Trd, 8639301.246, 112
Trd, 8639301.346, 99
Trd, 8639301.946, 78
Trd, 8639302.479, 77
Trd, 8639302.912, 86
Trd, 8639303.079, 103
Trd, 8639303.846, 128
Trd, 8639304.412, 100
Trd, 8639304.812, 131
Trd, 8639306.446, 133
Trd, 8639306.946, 115
Trd, 8639307.046, 111
Trd, 8639307.412, 111
Trd, 8639308.012, 104
Trd, 8639308.112, 95
Trd, 8639308.612, 92
Trd, 8639308.846, 98
Trd, 8639309.479, 111
Trd, 8639309.779, 97
Trd, 8639310.279, 129
Trd, 8639310.712, 86
Trd, 8639311.646, 129
Trd, 8639312.112, 112
Trd, 8639314.446, 95
Trd, 8639314.546, 107
Trd, 8639314.879, 98
Trd, 8639315.112, 124
Trd, 8639315.412, 114
Trd, 8639316.379, 83
Trd, 8639316.946, 92
Trd, 8639317.679, 115
Trd, 8639317.846, 92
Trd, 8639318.112, 109
Trd, 8639318.746, 99
Trd, 8639318.879, 83
Trd, 8639318.912, 75
Trd, 8639319.012, 109
Trd, 8639319.379, 80
Trd, 8639320.112, 67
Trd, 8639321.346, 133
Trd, 8639323.079, 138
Trd, 8639323.579, 118
Trd, 8639323.912, 138
Trd, 8639324.046, 128
Trd, 8639324.112, 117
Trd, 8639324.346, 107
Trd, 8639324.846, 121
Trd, 8639325.046, 101
Trd, 8639325.579, 99
Trd, 8639326.012, 112
Trd, 8639326.546, 117
Trd, 8639327.012, 126
Trd, 8639327.212, 118
Trd, 8639327.812, 116
Trd, 8639328.146, 125
Trd, 8639328.879, 127
Trd, 8639329.346, 115
Trd, 8639330.512, 130
Trd, 8639330.546, 111
Trd, 8639330.646, 110
Trd, 8639330.779, 107
Trd, 8639331.046, 85
Trd, 8639331.446, 126
Trd, 8639331.479, 71
Trd, 8639332.279, 117
Trd, 8639332.612, 102
Trd, 8639333.379, 140
Trd, 8639333.546, 129
Trd, 8639333.946, 121
Trd, 8639334.912, 136
Trd, 8639335.712, 110
Trd, 8639335.812, 102
Trd, 8639336.446, 108
Trd, 8639336.479, 136
Trd, 8639337.846, 133
Trd, 8639337.946, 109
Trd, 8639338.079, 100
Trd, 8639339.112, 101
Trd, 8639339.246, 77
Trd, 8639340.046, 110
Trd, 8639340.246, 136
Trd, 8639340.979, 74
Trd, 8639341.012, 77
Trd, 8639341.212, 72
Trd, 8639343.279, 124
Trd, 8639343.546, 111
Trd, 8639343.612, 103
Trd, 8639343.679, 108
Trd, 8639344.012, 124
Trd, 8639344.212, 115
Trd, 8639344.612, 118
Trd, 8639344.679, 84
Trd, 8639345.579, 67
Trd, 8639346.446, 94
Trd, 8639347.279, 110
Trd, 8639347.512, 109
Trd, 8639347.779, 107
Trd, 8639349.079, 131
Trd, 8639349.212, 129
Trd, 8639349.646, 98
Trd, 8639350.246, 113
Trd, 8639350.312, 93
Trd, 8639350.946, 94
Trd, 8639352.779, 120
Trd, 8639352.946, 114
Trd, 8639353.112, 106
Trd, 8639353.179, 102
Trd, 8639354.079, 119
Trd, 8639354.179, 116
Trd, 8639354.246, 116
Trd, 8639354.512, 103
Trd, 8639354.846, 104
Trd, 8639354.979, 101
Trd, 8639355.746, 83
Trd, 8639356.379, 133
Trd, 8639357.312, 124
Trd, 8639357.479, 117
Trd, 8639357.546, 80
Trd, 8639358.712, 125
Trd, 8639359.112, 88
Trd, 8639359.346, 101
Trd, 8639359.512, 97
Trd, 8639359.779, 83
Trd, 8639360.146, 120
Trd, 8639360.312, 80
Trd, 8639360.612, 139
Trd, 8639360.812, 77
Trd, 8639361.146, 102
Trd, 8639362.946, 84
Trd, 8639363.779, 127
Trd, 8639363.846, 113
Trd, 8639364.412, 136
Trd, 8639364.846, 94
Trd, 8639365.846, 129
Trd, 8639366.146, 114
Trd, 8639366.212, 109
Trd, 8639366.412, 100
Trd, 8639366.812, 94
Trd, 8639366.946, 88
Trd, 8639367.779, 103
Trd, 8639367.979, 105
Trd, 8639368.346, 122
Trd, 8639369.179, 104
Trd, 8639369.946, 78
Trd, 8639370.246, 72
Trd, 8639371.979, 124
Trd, 8639372.046, 139
Trd, 8639372.679, 120
Trd, 8639373.179, 111
Trd, 8639373.512, 95
Trd, 8639373.912, 120
Trd, 8639374.746, 127
Trd, 8639375.446, 124
Trd, 8639375.779, 97
Trd, 8639376.146, 94
Trd, 8639376.179, 91
Trd, 8639376.412, 91
Trd, 8639376.512, 128
Trd, 8639376.746, 89
Trd, 8639377.046, 115
Trd, 8639378.079, 90
Trd, 8639378.512, 115
Trd, 8639378.879, 140
Trd, 8639379.546, 102
Trd, 8639380.412, 112
Trd, 8639381.246, 113
Trd, 8639381.312, 111
Trd, 8639381.446, 93
Trd, 8639381.712, 87
Trd, 8639382.079, 119
Trd, 8639382.246, 110
Trd, 8639382.979, 112
Trd, 8639383.679, 86
Trd, 8639384.012, 129
Trd, 8639384.679, 125
Trd, 8639385.412, 140
Trd, 8639385.746, 133
Trd, 8639385.812, 130
Trd, 8639386.046, 129
Trd, 8639386.646, 120
Trd, 8639387.212, 112
Trd, 8639387.612, 132
Trd, 8639388.512, 138
Trd, 8639389.012, 103
Trd, 8639389.179, 79
Trd, 8639390.079, 83
Trd, 8639390.479, 102
Trd, 8639390.512, 110
Trd, 8639390.979, 90
Trd, 8639392.579, 79
Trd, 8639393.379, 114
Trd, 8639393.846, 99
Trd, 8639394.179, 103
Trd, 8639394.246, 86
Trd, 8639394.346, 73
Trd, 8639394.579, 88
Trd, 8639394.946, 82
Trd, 8639396.146, 116
Trd, 8639396.412, 120
Trd, 8639396.779, 101
Trd, 8639396.946, 94
Trd, 8639397.046, 112
Trd, 8639397.212, 96
Trd, 8639397.379, 96
Trd, 8639398.612, 90
Trd, 8639398.679, 111
Trd, 8639398.779, 100
Trd, 8639399.312, 92
Trd, 8639399.712, 89
Trd, 8639400.846, 139
Trd, 8639401.179, 82
Trd, 8639401.412, 82
Trd, 8639401.779, 87
Trd, 8639402.979, 104
Trd, 8639404.079, 118
Trd, 8639404.579, 136
Trd, 8639404.679, 131
Trd, 8639405.746, 116
Trd, 8639405.846, 111
Trd, 8639406.512, 138
Trd, 8639406.912, 117
Trd, 8639407.112, 120
Trd, 8639407.879, 133
Trd, 8639407.912, 112
Trd, 8639408.812, 131
Trd, 8639409.246, 113
Trd, 8639409.479, 102
Trd, 8639410.479, 90
Trd, 8639410.579, 62
Trd, 8639410.646, 98
Trd, 8639411.512, 61
Trd, 8639413.446, 105
Trd, 8639413.912, 96
Trd, 8639414.046, 118
Trd, 8639414.212, 95
Trd, 8639415.012, 97
Trd, 8639415.746, 140
Trd, 8639415.779, 127
Trd, 8639416.112, 89
Trd, 8639416.179, 88
Trd, 8639417.246, 123
Trd, 8639417.546, 112
Trd, 8639418.079, 117
Trd, 8639418.246, 97
Trd, 8639418.712, 123
Trd, 8639419.212, 119
Trd, 8639420.346, 129
Trd, 8639420.912, 118
Trd, 8639421.979, 130
Trd, 8639422.146, 111
Trd, 8639422.479, 128
Trd, 8639423.012, 126
Trd, 8639423.079, 120
Trd, 8639423.112, 100
Trd, 8639423.912, 121
Trd, 8639424.346, 93
Trd, 8639425.179, 131
Trd, 8639426.046, 120
Trd, 8639426.312, 140
Trd, 8639426.512, 136
Trd, 8639427.346, 122
Trd, 8639427.679, 108
Trd, 8639428.346, 127
Trd, 8639428.846, 98
Trd, 8639429.612, 129
Trd, 8639430.012, 136
Trd, 8639430.279, 111
Trd, 8639430.646, 92
Trd, 8639431.046, 76
Trd, 8639431.546, 69
Trd, 8639431.879, 106
Trd, 8639432.179, 101
Trd, 8639432.312, 82
Trd, 8639432.712, 89
Trd, 8639433.046, 80
Trd, 8639433.179, 91
Trd, 8639434.279, 105
Trd, 8639434.612, 73
Trd, 8639434.779, 73
Trd, 8639434.912, 68
Trd, 8639437.179, 79
Trd, 8639437.312, 131
Trd, 8639437.746, 112
Trd, 8639438.079, 113
Trd, 8639439.112, 128
Trd, 8639439.246, 112
Trd, 8639439.546, 126
Trd, 8639440.912, 129
Trd, 8639441.079, 127
Trd, 8639441.412, 117
Trd, 8639441.612, 110
Trd, 8639442.879, 90
Trd, 8639443.012, 109
Trd, 8639443.412, 101
Trd, 8639443.679, 99
Trd, 8639444.212, 83
Trd, 8639444.912, 92
Trd, 8639445.146, 86
Trd, 8639445.246, 102
Trd, 8639445.512, 79
Trd, 8639445.746, 89
Trd, 8639446.079, 87
Trd, 8639446.112, 132
Trd, 8639447.279, 116
Trd, 8639447.346, 112
Trd, 8639447.546, 75
Trd, 8639447.712, 81
Trd, 8639448.012, 131
Trd, 8639448.512, 129
Trd, 8639448.879, 113
Trd, 8639449.846, 123
Trd, 8639450.112, 130
Trd, 8639450.712, 108
Trd, 8639450.812, 71
Trd, 8639451.412, 128
Trd, 8639451.846, 104
Trd, 8639452.079, 102
Trd, 8639452.212, 126
Trd, 8639452.246, 98
Trd, 8639452.712, 76
Trd, 8639453.612, 63
Trd, 8639453.912, 87
Trd, 8639454.112, 89
Trd, 8639454.312, 133
Trd, 8639454.679, 81
Trd, 8639455.646, 73
Trd, 8639455.912, 87
Trd, 8639456.312, 106
Trd, 8639456.512, 131
Trd, 8639457.579, 109
Trd, 8639457.846, 96
Trd, 8639458.412, 114
Trd, 8639458.712, 101
Trd, 8639458.946, 121
Trd, 8639459.546, 95
Trd, 8639460.246, 140
Trd, 8639460.379, 120
Trd, 8639460.479, 113
Trd, 8639461.046, 86
Trd, 8639461.346, 94
Trd, 8639461.679, 113
Trd, 8639461.879, 64
Trd, 8639462.046, 127
Trd, 8639463.312, 108
Trd, 8639463.712, 104
Trd, 8639464.146, 85
Trd, 8639464.712, 69
Trd, 8639465.779, 101
Trd, 8639465.812, 94
Trd, 8639466.646, 86
Trd, 8639466.812, 108
Trd, 8639467.146, 89
Trd, 8639467.446, 140
Trd, 8639467.512, 98
Trd, 8639467.979, 89
Trd, 8639468.679, 107
Trd, 8639469.379, 117
Trd, 8639470.146, 136
Trd, 8639470.179, 111
Trd, 8639470.312, 136
Trd, 8639470.679, 118
Trd, 8639471.246, 93
Trd, 8639471.412, 80
Trd, 8639471.446, 101
Trd, 8639471.712, 75
Trd, 8639472.179, 63
Trd, 8639473.512, 66
Trd, 8639474.179, 135
Trd, 8639474.646, 114
Trd, 8639474.879, 102
Trd, 8639475.079, 123
Trd, 8639475.846, 133
Trd, 8639475.912, 113
Trd, 8639476.179, 110
Trd, 8639477.279, 107
Trd, 8639477.346, 74
Trd, 8639477.979, 123
Trd, 8639478.212, 88
Trd, 8639478.479, 66
Trd, 8639479.379, 112
Trd, 8639479.546, 114
Trd, 8639480.079, 100
Trd, 8639480.946, 89
Trd, 8639481.112, 84
Trd, 8639481.212, 78
Trd, 8639481.746, 108
Trd, 8639481.812, 129
Trd, 8639482.479, 140
Trd, 8639483.512, 127
Trd, 8639483.612, 119
Trd, 8639484.412, 133
Trd, 8639485.679, 114
Trd, 8639485.712, 102
Trd, 8639485.779, 124
Trd, 8639486.646, 133
Trd, 8639486.912, 95
Trd, 8639487.412, 124
Trd, 8639487.512, 116
Trd, 8639488.412, 127
Trd, 8639488.479, 115
Trd, 8639488.846, 113
Trd, 8639489.146, 97
Trd, 8639489.579, 92
Trd, 8639489.812, 90
Trd, 8639490.346, 83
Trd, 8639490.412, 70
Trd, 8639491.412, 100
Trd, 8639491.612, 92
Trd, 8639492.112, 140
Trd, 8639492.812, 134
Trd, 8639493.412, 117
Trd, 8639493.646, 99
Trd, 8639493.712, 95
Trd, 8639495.079, 135
Trd, 8639495.212, 118
Trd, 8639495.746, 102
Trd, 8639496.079, 136
Trd, 8639496.379, 139
Trd, 8639496.979, 134
Trd, 8639498.046, 121
Trd, 8639498.746, 135
Trd, 8639499.446, 128
Trd, 8639499.546, 124
Trd, 8639500.512, 140
Trd, 8639500.612, 120
Trd, 8639500.712, 112
Trd, 8639501.612, 104
Trd, 8639501.979, 135
Trd, 8639502.246, 104
Trd, 8639503.046, 108
Trd, 8639503.112, 95
Trd, 8639503.312, 92
Trd, 8639503.712, 111
Trd, 8639503.746, 115
Trd, 8639504.979, 104
Trd, 8639505.679, 129
Trd, 8639506.812, 135
Trd, 8639507.046, 131
Trd, 8639507.279, 128
Trd, 8639507.779, 128
Trd, 8639507.846, 116
Trd, 8639508.079, 109
Trd, 8639509.546, 78
Trd, 8639509.712, 84
Trd, 8639509.912, 129
Trd, 8639511.146, 106
Trd, 8639511.512, 107
Trd, 8639511.846, 120
Trd, 8639512.146, 99
Trd, 8639512.279, 131
Trd, 8639512.412, 110
Trd, 8639513.479, 111
Trd, 8639513.846, 110
Trd, 8639513.946, 102
Trd, 8639514.112, 112
Trd, 8639514.279, 114
Trd, 8639515.012, 138
Trd, 8639516.046, 102
Trd, 8639516.912, 107
Trd, 8639517.079, 96
Trd, 8639517.246, 88
Trd, 8639517.746, 82
Trd, 8639518.212, 109
Trd, 8639519.279, 100
Trd, 8639519.446, 100
Trd, 8639519.512, 94
Trd, 8639519.879, 88
Trd, 8639520.012, 80
Trd, 8639520.212, 116
Trd, 8639521.312, 75
Trd, 8639521.579, 131
Trd, 8639522.012, 105
Trd, 8639523.512, 129
Trd, 8639524.212, 131
Trd, 8639524.312, 129
Trd, 8639525.846, 110
Trd, 8639525.912, 99
Trd, 8639526.446, 107
Trd, 8639526.646, 101
Trd, 8639526.846, 128
Trd, 8639527.146, 135
Trd, 8639527.546, 96
Trd, 8639528.079, 88
Trd, 8639529.046, 88
Trd, 8639529.112, 81
Trd, 8639529.212, 80
Trd, 8639529.812, 108
Trd, 8639529.879, 92
Trd, 8639530.879, 91
Trd, 8639532.046, 107
Trd, 8639532.346, 89
Trd, 8639532.446, 88
Trd, 8639532.679, 101
Trd, 8639532.779, 97
Trd, 8639532.846, 94
Trd, 8639534.312, 116
Trd, 8639534.446, 118
Trd, 8639535.079, 139
Trd, 8639535.679, 131
Trd, 8639535.712, 101
Trd, 8639535.946, 81
Trd, 8639536.679, 110
Trd, 8639537.079, 139
Trd, 8639537.712, 109
Trd, 8639538.146, 101
Trd, 8639538.512, 63
Trd, 8639538.612, 66
Trd, 8639539.779, 101
Trd, 8639540.346, 119
Trd, 8639541.279, 136
Trd, 8639541.679, 111
Trd, 8639542.379, 129
Trd, 8639542.912, 124
Trd, 8639544.179, 122
Trd, 8639544.546, 115
Trd, 8639545.412, 110
Trd, 8639545.979, 87
Trd, 8639546.046, 71
Trd, 8639546.279, 100
Trd, 8639546.579, 88
Trd, 8639546.646, 81
Trd, 8639547.712, 138
Trd, 8639548.279, 136
Trd, 8639548.846, 113
Trd, 8639549.246, 90
Trd, 8639549.579, 137
Trd, 8639550.746, 124
Trd, 8639551.412, 117
Trd, 8639551.546, 111
Trd, 8639551.979, 101
Trd, 8639552.779, 118
Trd, 8639552.812, 101
Trd, 8639553.046, 77
Trd, 8639553.512, 66
Trd, 8639553.746, 63
Trd, 8639554.246, 109
Trd, 8639554.346, 85
Trd, 8639555.746, 107
Trd, 8639556.412, 87
Trd, 8639556.612, 85
Trd, 8639556.912, 77
Trd, 8639557.612, 73
Trd, 8639557.846, 86
Trd, 8639558.512, 98
Trd, 8639558.812, 92
Trd, 8639559.112, 85
Trd, 8639559.279, 125
Trd, 8639559.312, 67
Trd, 8639560.179, 102
Trd, 8639560.879, 134
Trd, 8639560.912, 95
Trd, 8639561.312, 113
Trd, 8639561.712, 110
Trd, 8639562.979, 128
Trd, 8639563.546, 100
Trd, 8639564.079, 99
Trd, 8639564.579, 113
Trd, 8639565.546, 108
Trd, 8639565.879, 105
Trd, 8639566.212, 101
Trd, 8639566.346, 92
Trd, 8639566.412, 113
Trd, 8639567.046, 106
Trd, 8639567.079, 64
Trd, 8639567.479, 94
Trd, 8639568.079, 126
Trd, 8639569.112, 122
Trd, 8639569.379, 114
Trd, 8639569.479, 111
Trd, 8639569.512, 124
Trd, 8639570.079, 74
Trd, 8639571.146, 86
Trd, 8639571.212, 99
Trd, 8639572.279, 93
Trd, 8639572.779, 106
Trd, 8639573.146, 102
Trd, 8639573.679, 76
Trd, 8639574.512, 131
Trd, 8639574.812, 136
Trd, 8639574.946, 102
Trd, 8639575.612, 123
Trd, 8639575.746, 106
Trd, 8639576.279, 119
Trd, 8639577.612, 119
Trd, 8639578.412, 115
Trd, 8639578.679, 108
Trd, 8639579.112, 104
Trd, 8639579.212, 101
Trd, 8639579.479, 121
Trd, 8639580.779, 137
Trd, 8639580.912, 123
Trd, 8639580.946, 105
Trd, 8639581.846, 126
Trd, 8639581.879, 80
Trd, 8639581.979, 77
Trd, 8639582.479, 77
Trd, 8639582.879, 84
Trd, 8639583.346, 104
Trd, 8639583.779, 104
Trd, 8639584.379, 138
Trd, 8639585.146, 129
Trd, 8639585.346, 126
Trd, 8639586.146, 132
Trd, 8639586.612, 115
Trd, 8639586.812, 108
Trd, 8639586.946, 140
Trd, 8639587.079, 105
Trd, 8639587.712, 107
Trd, 8639588.212, 113
Trd, 8639589.412, 96
Trd, 8639589.612, 94
Trd, 8639589.679, 92
Trd, 8639589.746, 111
Trd, 8639591.446, 102
Trd, 8639591.512, 78
Trd, 8639591.712, 137
Trd, 8639592.779, 128
Trd, 8639593.046, 117
Trd, 8639593.479, 98
Trd, 8639593.679, 107
Trd, 8639594.879, 83
Trd, 8639595.079, 79
Trd, 8639595.579, 92
Trd, 8639596.712, 72
Trd, 8639596.912, 71
Trd, 8639597.412, 72
Trd, 8639597.612, 62
Trd, 8639597.679, 74
Trd, 8639597.879, 88
Trd, 8639598.979, 127
Trd, 8639599.246, 133
Trd, 8639599.379, 109
Trd, 8639599.912, 97
Trd, 8639601.012, 91
Trd, 8639601.079, 118
Trd, 8639602.279, 122
Trd, 8639602.379, 112
Trd, 8639603.012, 103
Trd, 8639603.179, 101
Trd, 8639603.846, 91
Trd, 8639604.712, 140
Trd, 8639605.146, 126
Trd, 8639605.512, 104
Trd, 8639605.779, 116
Trd, 8639606.179, 97
Trd, 8639606.712, 135
Trd, 8639607.212, 116
Trd, 8639607.812, 115
Trd, 8639607.846, 131
Trd, 8639608.346, 104
Trd, 8639608.446, 129
Trd, 8639609.412, 78
Trd, 8639609.612, 85
Trd, 8639610.079, 83
Trd, 8639610.646, 105
Trd, 8639611.012, 126
Trd, 8639612.512, 82
Trd, 8639612.879, 118
Trd, 8639612.912, 119
Trd, 8639613.879, 119
Trd, 8639614.512, 133
Trd, 8639614.946, 113
Trd, 8639615.346, 111
Trd, 8639615.612, 89
Trd, 8639616.412, 70
Trd, 8639616.579, 95
Trd, 8639616.779, 79
Trd, 8639617.046, 89
Trd, 8639617.412, 68
Trd, 8639618.679, 127
Trd, 8639618.812, 113
Trd, 8639619.046, 127
Trd, 8639619.112, 108
Trd, 8639619.246, 102
Trd, 8639619.979, 97
Trd, 8639620.746, 106
Trd, 8639620.779, 124
Trd, 8639621.012, 86
Trd, 8639621.046, 70
Trd, 8639621.346, 70
Trd, 8639621.412, 72
Trd, 8639622.179, 133
Trd, 8639622.679, 80
Trd, 8639623.712, 68
Trd, 8639624.079, 110
Trd, 8639625.746, 140
Trd, 8639625.812, 103
Trd, 8639626.146, 98
Trd, 8639626.779, 139
Trd, 8639627.979, 124
Trd, 8639628.412, 139
Trd, 8639628.779, 94
Trd, 8639628.979, 112
Trd, 8639629.479, 88
Trd, 8639629.912, 114
Trd, 8639629.979, 83
Trd, 8639630.579, 107
Trd, 8639631.146, 94
Trd, 8639631.746, 80
Trd, 8639632.712, 98
Trd, 8639633.412, 84
Trd, 8639633.712, 117
Trd, 8639634.212, 89
Trd, 8639634.879, 89
Trd, 8639635.146, 88
Trd, 8639635.479, 83
Trd, 8639636.312, 75
Trd, 8639636.912, 90
Trd, 8639636.946, 86
Trd, 8639637.046, 79
Trd, 8639637.979, 139
Trd, 8639638.046, 120
Trd, 8639638.879, 120
Trd, 8639639.179, 114
Trd, 8639639.346, 114
Trd, 8639639.546, 87
Trd, 8639639.712, 109
Trd, 8639640.212, 89
Trd, 8639641.046, 92
Trd, 8639642.012, 113
Trd, 8639643.079, 124
Trd, 8639643.746, 109
Trd, 8639643.846, 102
Trd, 8639643.879, 127
Trd, 8639644.079, 130
Trd, 8639645.046, 118
Trd, 8639645.646, 118
Trd, 8639646.179, 118
Trd, 8639646.246, 120
Trd, 8639647.279, 137
Trd, 8639648.012, 138
Trd, 8639648.146, 130
Trd, 8639649.079, 140
Trd, 8639649.812, 122
Trd, 8639650.279, 125
Trd, 8639650.412, 103
Trd, 8639650.479, 99
Trd, 8639650.879, 97
Trd, 8639652.046, 134
Trd, 8639652.712, 106
Trd, 8639652.879, 104
Trd, 8639653.746, 102
Trd, 8639653.812, 133
Trd, 8639654.279, 85
Trd, 8639654.812, 98
Trd, 8639654.846, 80
Trd, 8639655.446, 101
Trd, 8639655.979, 136
Trd, 8639657.646, 99
Trd, 8639658.112, 95
Trd, 8639659.279, 136
Trd, 8639659.546, 138
Trd, 8639659.979, 123
Trd, 8639661.012, 122
Trd, 8639661.646, 118
Trd, 8639661.712, 116
Trd, 8639662.512, 124
Trd, 8639662.979, 124
Trd, 8639663.779, 138
Trd, 8639663.912, 118
Trd, 8639664.646, 104
Trd, 8639665.079, 103
Trd, 8639665.412, 119
Trd, 8639665.612, 113
Trd, 8639666.479, 129
Trd, 8639666.612, 103
Trd, 8639666.879, 99
Trd, 8639667.346, 93
Trd, 8639667.579, 83
Trd, 8639668.246, 81
Trd, 8639668.779, 127
Trd, 8639669.512, 126
Trd, 8639670.279, 79
Trd, 8639670.412, 99
Trd, 8639670.879, 119
Trd, 8639671.012, 111
Trd, 8639671.479, 87
Trd, 8639671.579, 76
Trd, 8639672.179, 108
Trd, 8639673.079, 80
Trd, 8639673.512, 83
Trd, 8639673.646, 95
Trd, 8639673.979, 103
Trd, 8639674.146, 103
Trd, 8639676.012, 131
Trd, 8639676.212, 116
Trd, 8639677.879, 99
Trd, 8639678.246, 94
Trd, 8639678.379, 89
Trd, 8639678.679, 102
Trd, 8639679.446, 99
Trd, 8639679.879, 100
Trd, 8639680.612, 111
Trd, 8639680.712, 86
Trd, 8639680.979, 95
Trd, 8639681.479, 70
Trd, 8639681.746, 100
Trd, 8639682.046, 120
Trd, 8639682.846, 113
Trd, 8639683.246, 64
Trd, 8639683.512, 62
Trd, 8639684.146, 74
Trd, 8639684.212, 71
Trd, 8639684.512, 62
Trd, 8639684.946, 112
Trd, 8639686.746, 111
Trd, 8639687.446, 118
Trd, 8639687.712, 93
Trd, 8639687.946, 80
Trd, 8639688.379, 104
Trd, 8639689.179, 85
Trd, 8639690.479, 78
Trd, 8639690.546, 71
Trd, 8639690.679, 119
Trd, 8639691.146, 122
Trd, 8639691.446, 100
Trd, 8639691.546, 102
Trd, 8639691.646, 88
Trd, 8639692.846, 124
Trd, 8639693.279, 101
Trd, 8639693.812, 133
Trd, 8639694.179, 108
Trd, 8639694.212, 103
Trd, 8639694.579, 103
Trd, 8639696.046, 86
Trd, 8639696.079, 94
Trd, 8639696.346, 114
Trd, 8639696.546, 103
Trd, 8639698.379, 130
Trd, 8639698.612, 105
Trd, 8639698.779, 103
Trd, 8639699.412, 117
Trd, 8639699.612, 138
Trd, 8639699.746, 95
Trd, 8639699.779, 94
Trd, 8639700.546, 106
Trd, 8639700.912, 118
Trd, 8639701.079, 127
Trd, 8639702.112, 137
Trd, 8639702.346, 128
Trd, 8639702.379, 115
Trd, 8639702.512, 107
Trd, 8639702.579, 102
Trd, 8639702.646, 99
Trd, 8639702.779, 135
Trd, 8639703.312, 94
Trd, 8639704.046, 138
Trd, 8639704.446, 132
Trd, 8639706.779, 119
Trd, 8639706.812, 90
Trd, 8639707.446, 124
Trd, 8639707.612, 115
Trd, 8639707.679, 135
Trd, 8639709.379, 111
Trd, 8639709.746, 100
Trd, 8639709.779, 96
Trd, 8639710.779, 127
Trd, 8639711.812, 122
Trd, 8639712.379, 115
Trd, 8639712.846, 108
Trd, 8639713.412, 105
Trd, 8639713.946, 74
Trd, 8639714.112, 103
Trd, 8639714.679, 104
Trd, 8639714.812, 88
Trd, 8639716.379, 117
Trd, 8639716.779, 125
Trd, 8639717.379, 94
Trd, 8639717.746, 83
Trd, 8639719.179, 128
Trd, 8639719.412, 126
Trd, 8639719.646, 122
Trd, 8639719.812, 120
Trd, 8639720.012, 111
Trd, 8639720.279, 100
Trd, 8639720.846, 139
Trd, 8639721.012, 129
Trd, 8639721.212, 119
Trd, 8639721.479, 103
Trd, 8639721.779, 104
Trd, 8639721.879, 126
Trd, 8639722.546, 115
Trd, 8639722.879, 89
Trd, 8639723.279, 75
Trd, 8639723.379, 73
Trd, 8639723.446, 72
Trd, 8639723.479, 77
Trd, 8639724.146, 100
Trd, 8639724.312, 80
Trd, 8639724.979, 120
Trd, 8639725.312, 118
Trd, 8639725.712, 109
Trd, 8639726.046, 94
Trd, 8639726.212, 110
Trd, 8639726.779, 79
Trd, 8639727.846, 112
Trd, 8639728.246, 96
Trd, 8639728.779, 77
Trd, 8639729.079, 123
Trd, 8639729.812, 113
Trd, 8639729.879, 111
Trd, 8639730.012, 98
Trd, 8639730.379, 103
Trd, 8639730.612, 112
Trd, 8639730.679, 132
Trd, 8639731.012, 77
Trd, 8639732.546, 132
Trd, 8639732.579, 112
Trd, 8639732.846, 105
Trd, 8639732.979, 83
Trd, 8639733.546, 111
Trd, 8639734.346, 108
Trd, 8639734.879, 104
Trd, 8639735.346, 126
Trd, 8639735.946, 128
Trd, 8639736.079, 113
Trd, 8639736.512, 108
Trd, 8639737.412, 122
Trd, 8639737.546, 113
Trd, 8639738.179, 86
Trd, 8639738.846, 79
Trd, 8639739.079, 92
Trd, 8639739.479, 129
Trd, 8639739.879, 113
Trd, 8639740.246, 97
Trd, 8639740.346, 122
Trd, 8639741.246, 94
Trd, 8639741.779, 127
Trd, 8639742.046, 110
Trd, 8639742.446, 107
Trd, 8639742.779, 134
Trd, 8639742.879, 126
Trd, 8639743.912, 112
Trd, 8639744.379, 136
Trd, 8639744.912, 135
Trd, 8639745.179, 111
Trd, 8639745.379, 109
Trd, 8639745.479, 106
Trd, 8639746.612, 98
Trd, 8639746.746, 111
Trd, 8639747.446, 104
Trd, 8639747.512, 98
Trd, 8639747.546, 95
Trd, 8639748.246, 104
Trd, 8639748.446, 108
Trd, 8639748.579, 106
Trd, 8639749.579, 96
Trd, 8639749.646, 93
Trd, 8639749.846, 85
Trd, 8639750.012, 82
Trd, 8639750.346, 81
Trd, 8639750.546, 80
Trd, 8639751.212, 98
Trd, 8639751.979, 106
Trd, 8639753.079, 92
Trd, 8639753.312, 108
Trd, 8639753.446, 95
Trd, 8639753.846, 118
Trd, 8639754.012, 114
Trd, 8639755.312, 137
Trd, 8639755.346, 122
Trd, 8639756.112, 94
Trd, 8639756.446, 105
Trd, 8639756.479, 91
Trd, 8639756.912, 87
Trd, 8639757.146, 110
Trd, 8639757.412, 61
Trd, 8639757.712, 64
Trd, 8639757.746, 81
Trd, 8639758.979, 136
Trd, 8639759.079, 83
Trd, 8639760.412, 127
Trd, 8639760.612, 118
Trd, 8639760.746, 90
Trd, 8639762.146, 88
Trd, 8639762.312, 76
Trd, 8639762.679, 99
Trd, 8639763.612, 67
Trd, 8639763.912, 105
Trd, 8639764.079, 76
Trd, 8639764.946, 104
Trd, 8639765.246, 102
Trd, 8639765.379, 95
Trd, 8639765.646, 109
Trd, 8639766.112, 94
Trd, 8639766.579, 116
Trd, 8639767.079, 114
Trd, 8639767.712, 129
Trd, 8639767.746, 92
Trd, 8639768.146, 90
Trd, 8639769.112, 104
Trd, 8639769.712, 94
Trd, 8639769.746, 73
Trd, 8639770.479, 76
Trd, 8639770.646, 81
Trd, 8639770.679, 100
Trd, 8639771.146, 85
Trd, 8639771.579, 101
Trd, 8639772.112, 135
Trd, 8639772.246, 112
Trd, 8639772.479, 138
Trd, 8639773.012, 96
Trd, 8639773.679, 135
Trd, 8639774.279, 116
Trd, 8639775.212, 85
Trd, 8639775.546, 117
Trd, 8639775.879, 85
Trd, 8639776.146, 96
Trd, 8639776.546, 120
Trd, 8639777.279, 126
Trd, 8639777.379, 117
Trd, 8639777.546, 111
Trd, 8639777.812, 83
Trd, 8639778.979, 133
Trd, 8639779.112, 122
Trd, 8639779.546, 105
Trd, 8639780.346, 79
Trd, 8639781.079, 98
Trd, 8639781.512, 122
Trd, 8639781.846, 136
Trd, 8639782.212, 128
Trd, 8639783.212, 106
Trd, 8639783.379, 98
Trd, 8639783.612, 107
Trd, 8639783.779, 108
Trd, 8639784.412, 131
Trd, 8639784.779, 96
Trd, 8639784.912, 77
Trd, 8639785.379, 73
Trd, 8639786.579, 102
Trd, 8639786.612, 75
Trd, 8639786.679, 129
Trd, 8639787.612, 108
Trd, 8639788.212, 106
Trd, 8639789.646, 123
Trd, 8639790.046, 136
Trd, 8639790.179, 122
Trd, 8639790.446, 134
Trd, 8639790.579, 125
Trd, 8639790.779, 110
Trd, 8639790.812, 92
Trd, 8639791.612, 138
Trd, 8639791.779, 102
Trd, 8639792.079, 86
Trd, 8639792.579, 94
Trd, 8639793.279, 91
Trd, 8639793.779, 117
Trd, 8639793.979, 98
Trd, 8639794.246, 75
Trd, 8639794.746, 95
Trd, 8639794.812, 93
Trd, 8639795.046, 105
Trd, 8639795.479, 91
Trd, 8639797.146, 135
Trd, 8639797.379, 128
Trd, 8639798.146, 105
Trd, 8639799.179, 140
Trd, 8639799.412, 114
Trd, 8639799.979, 119
Trd, 8639800.179, 116
Trd, 8639800.446, 114
Trd, 8639801.146, 116
Trd, 8639801.512, 115
Trd, 8639802.112, 98
Trd, 8639802.512, 76
Trd, 8639803.479, 95
Trd, 8639804.146, 97
Trd, 8639804.712, 101
Trd, 8639805.246, 86
Trd, 8639805.479, 124
Trd, 8639806.146, 91
Trd, 8639806.179, 90
Trd, 8639806.912, 105
Trd, 8639806.979, 118
Trd, 8639807.046, 77
Trd, 8639807.446, 139
Trd, 8639808.246, 138
Trd, 8639809.046, 130
Trd, 8639809.379, 118
Trd, 8639809.512, 84
Trd, 8639810.346, 119
Trd, 8639811.079, 115
Trd, 8639811.379, 139
Trd, 8639811.446, 139
Trd, 8639812.079, 117
Trd, 8639812.612, 120
Trd, 8639813.046, 133
Trd, 8639814.046, 128
Trd, 8639814.412, 120
Trd, 8639814.579, 105
Trd, 8639815.479, 137
Trd, 8639816.146, 128
Trd, 8639816.246, 124
Trd, 8639816.379, 124
Trd, 8639816.779, 139
Trd, 8639817.112, 140
Trd, 8639817.412, 126
Trd, 8639817.446, 124
Trd, 8639817.646, 113
Trd, 8639819.379, 140
Trd, 8639819.512, 138
Trd, 8639820.279, 126
Trd, 8639820.512, 101
Trd, 8639821.012, 132
Trd, 8639821.779, 138
Trd, 8639821.846, 123
Trd, 8639822.346, 98
Trd, 8639822.546, 87
Trd, 8639822.712, 117
Trd, 8639822.879, 107
Trd, 8639823.312, 97
Trd, 8639824.012, 98
Trd, 8639826.446, 133
Trd, 8639826.679, 104
Trd, 8639826.746, 102
Trd, 8639826.779, 96
Trd, 8639826.979, 93
Trd, 8639827.412, 138
Trd, 8639828.046, 135
Trd, 8639828.379, 130
Trd, 8639829.379, 116
Trd, 8639829.412, 114
Trd, 8639830.179, 138
Trd, 8639831.046, 112
Trd, 8639831.679, 128
Trd, 8639831.879, 104
Trd, 8639832.346, 107
Trd, 8639832.479, 97
Trd, 8639833.312, 113
Trd, 8639833.512, 87
Trd, 8639833.746, 117
Trd, 8639833.979, 99
Trd, 8639834.179, 87
Trd, 8639835.312, 138
Trd, 8639835.546, 105
Trd, 8639836.179, 117
Trd, 8639836.746, 109
Trd, 8639837.812, 79
Trd, 8639838.079, 68
Trd, 8639839.146, 106
Trd, 8639839.446, 70
Trd, 8639839.779, 121
Trd, 8639839.812, 108
Trd, 8639840.146, 127
Trd, 8639840.546, 110
Trd, 8639840.946, 103
Trd, 8639841.946, 97
Trd, 8639842.046, 135
Trd, 8639842.579, 96
Trd, 8639843.112, 113
Trd, 8639843.612, 121
Trd, 8639844.012, 113
Trd, 8639844.112, 136
Trd, 8639845.012, 119
Trd, 8639846.012, 133
Trd, 8639846.146, 119
Trd, 8639846.346, 99
Trd, 8639846.679, 82
Trd, 8639846.879, 133
Trd, 8639848.146, 128
Trd, 8639849.279, 127
Trd, 8639850.146, 123
Trd, 8639850.279, 104
Trd, 8639850.646, 86
Trd, 8639850.846, 86
Trd, 8639851.379, 80
Trd, 8639851.579, 75
Trd, 8639852.146, 121
Trd, 8639852.246, 106
Trd, 8639852.279, 75
Trd, 8639852.646, 108
Trd, 8639852.779, 75
Trd, 8639853.379, 78
Trd, 8639853.579, 128
Trd, 8639854.312, 121
Trd, 8639854.579, 101
Trd, 8639855.146, 124
Trd, 8639855.579, 99
Trd, 8639855.879, 102
Trd, 8639855.912, 135
Trd, 8639856.379, 86
Trd, 8639856.479, 89
Trd, 8639856.812, 82
Trd, 8639856.879, 80
Trd, 8639857.212, 64
Trd, 8639858.079, 138
Trd, 8639858.679, 116
Trd, 8639858.846, 110
Trd, 8639859.046, 103
Trd, 8639859.112, 131
Trd, 8639859.546, 78
Trd, 8639860.412, 74
Trd, 8639860.946, 84
Trd, 8639861.379, 75
Trd, 8639861.879, 105
Trd, 8639862.712, 135
Trd, 8639863.012, 118
Trd, 8639863.246, 121
Trd, 8639863.879, 110
Trd, 8639863.946, 87
Trd, 8639864.712, 128
Trd, 8639865.812, 113
Trd, 8639866.179, 119
Trd, 8639867.179, 140
Trd, 8639867.312, 120
Trd, 8639867.646, 139
Trd, 8639867.812, 119
Trd, 8639867.979, 102
Trd, 8639868.512, 102
Trd, 8639868.712, 117
Trd, 8639868.779, 87
Trd, 8639869.179, 135
Trd, 8639869.279, 111
Trd, 8639870.479, 102
Trd, 8639871.112, 91
Trd, 8639871.312, 108
Trd, 8639871.579, 95
Trd, 8639871.612, 74
Trd, 8639872.746, 137
Trd, 8639873.179, 136
Trd, 8639873.346, 119
Trd, 8639873.979, 121
Trd, 8639874.312, 114
Trd, 8639874.546, 104
Trd, 8639874.612, 88
Trd, 8639875.612, 83
Trd, 8639875.646, 92
Trd, 8639876.712, 136
Trd, 8639877.612, 111
Trd, 8639878.112, 105
Trd, 8639878.212, 101
Trd, 8639878.346, 83
Trd, 8639878.412, 108
Trd, 8639878.479, 82
Trd, 8639879.579, 100
Trd, 8639879.712, 71
Trd, 8639880.412, 132
Trd, 8639881.079, 86
Trd, 8639881.112, 84
Trd, 8639881.579, 115
Trd, 8639881.646, 112
Trd, 8639882.346, 98
Trd, 8639883.012, 96
Trd, 8639883.312, 95
Trd, 8639883.446, 89
Trd, 8639883.479, 82
Trd, 8639884.212, 86
Trd, 8639884.379, 89
Trd, 8639885.279, 106
Trd, 8639885.379, 112
Trd, 8639886.046, 80
Trd, 8639887.379, 95
Trd, 8639887.846, 90
Trd, 8639888.612, 93
Trd, 8639888.746, 100
Trd, 8639889.212, 82
Trd, 8639889.512, 131
Trd, 8639890.879, 90
Trd, 8639891.012, 87
Trd, 8639891.146, 103
Trd, 8639891.246, 77
Trd, 8639891.379, 100
Trd, 8639891.712, 103
Trd, 8639892.546, 85
Trd, 8639893.479, 86
Trd, 8639893.546, 78
Trd, 8639894.079, 62
Trd, 8639894.212, 63
Trd, 8639895.846, 120
Trd, 8639896.246, 129
Trd, 8639896.279, 127
Trd, 8639896.879, 111
Trd, 8639897.012, 111
Trd, 8639898.212, 87
Trd, 8639898.579, 101
Trd, 8639898.812, 98
Trd, 8639899.546, 108
Trd, 8639899.779, 92
Trd, 8639900.212, 99
Trd, 8639900.246, 89
Trd, 8639900.679, 113
Trd, 8639902.612, 83
Trd, 8639903.079, 92
Trd, 8639903.146, 136
Trd, 8639903.779, 91
Trd, 8639903.812, 82
Trd, 8639903.979, 81
Trd, 8639904.079, 116
Trd, 8639904.412, 75
Trd, 8639904.446, 91
Trd, 8639904.946, 80
Trd, 8639905.712, 80
Trd, 8639905.846, 104
Trd, 8639907.079, 136
Trd, 8639907.179, 98
Trd, 8639907.212, 98
Trd, 8639907.612, 136
Trd, 8639907.679, 117
Trd, 8639909.146, 121
Trd, 8639909.679, 109
Trd, 8639910.079, 100
Trd, 8639910.279, 98
Trd, 8639911.012, 92
Trd, 8639911.646, 120
Trd, 8639911.746, 116
Trd, 8639912.146, 93
Trd, 8639913.446, 135
Trd, 8639913.679, 120
Trd, 8639914.246, 108
Trd, 8639914.679, 106
Trd, 8639914.879, 101
Trd, 8639914.912, 83
Trd, 8639915.512, 130
Trd, 8639916.179, 124
Trd, 8639916.646, 125
Trd, 8639916.679, 122
Trd, 8639917.379, 125
Trd, 8639917.946, 108
Trd, 8639917.979, 84
Trd, 8639918.579, 140
Trd, 8639919.212, 108
Trd, 8639919.279, 103
Trd, 8639919.312, 95
Trd, 8639920.146, 120
Trd, 8639920.212, 90
Trd, 8639920.779, 124
Trd, 8639921.412, 139
Trd, 8639922.679, 95
Trd, 8639923.146, 116
Trd, 8639923.246, 104
Trd, 8639923.346, 91
Trd, 8639924.312, 87
Trd, 8639924.346, 98
Trd, 8639924.779, 73
Trd, 8639924.912, 114
Trd, 8639926.046, 138
Trd, 8639926.146, 129
Trd, 8639926.246, 106
Trd, 8639926.446, 61
Trd, 8639927.079, 111
Trd, 8639928.046, 107
Trd, 8639928.212, 109
Trd, 8639928.412, 97
Trd, 8639929.012, 92
Trd, 8639929.112, 87
Trd, 8639929.679, 94
Trd, 8639930.212, 71
Trd, 8639931.079, 98
Trd, 8639931.179, 86
Trd, 8639931.546, 93
Trd, 8639932.179, 63
Trd, 8639932.779, 78
Trd, 8639933.146, 71
Trd, 8639933.279, 82
Trd, 8639933.646, 96
Trd, 8639933.912, 109
Trd, 8639934.246, 133
Trd, 8639935.479, 125
Trd, 8639936.246, 113
Trd, 8639936.646, 120
Trd, 8639936.679, 97
Trd, 8639936.779, 94
Trd, 8639937.579, 114
Trd, 8639937.712, 104
Trd, 8639938.479, 111
Trd, 8639938.812, 128
Trd, 8639940.046, 91
Trd, 8639940.546, 69
Trd, 8639941.612, 89
Trd, 8639942.012, 79
Trd, 8639942.312, 87
Trd, 8639942.479, 93
Trd, 8639942.546, 114
Trd, 8639943.046, 76
Trd, 8639943.212, 126
Trd, 8639943.679, 65
Trd, 8639944.312, 103
Trd, 8639945.546, 137
Trd, 8639945.646, 123
Trd, 8639946.579, 111
Trd, 8639946.879, 85
Trd, 8639946.946, 82
Trd, 8639947.179, 111
Trd, 8639948.179, 126
Trd, 8639948.446, 133
Trd, 8639948.879, 121
Trd, 8639949.012, 120
Trd, 8639949.579, 118
Trd, 8639949.679, 105
Trd, 8639949.812, 73
Trd, 8639949.912, 139
Trd, 8639950.612, 105
Trd, 8639950.679, 92
Trd, 8639951.146, 79
Trd, 8639951.679, 114
Trd, 8639952.012, 83
Trd, 8639952.779, 99
Trd, 8639953.112, 81
Trd, 8639953.312, 103
Trd, 8639953.379, 100
Trd, 8639953.646, 89
Trd, 8639954.646, 139
Trd, 8639954.879, 107
Trd, 8639955.846, 99
Trd, 8639955.879, 99
Trd, 8639956.412, 93
Trd, 8639956.812, 100
Trd, 8639956.979, 107
Trd, 8639957.346, 89
Trd, 8639957.412, 84
Trd, 8639958.579, 89
Trd, 8639959.012, 81
Trd, 8639959.679, 97
Trd, 8639960.146, 138
Trd, 8639960.279, 113
Trd, 8639961.012, 100
Trd, 8639961.312, 92
Trd, 8639961.379, 111
Trd, 8639961.746, 101
Trd, 8639961.879, 76
Trd, 8639962.046, 120
Trd, 8639963.379, 113
Trd, 8639963.712, 122
Trd, 8639964.012, 132
Trd, 8639964.446, 123
Trd, 8639965.246, 92
Trd, 8639966.146, 112
Trd, 8639966.212, 107
Trd, 8639967.079, 88
Trd, 8639967.179, 87
Trd, 8639967.412, 127
Trd, 8639967.512, 83
Trd, 8639968.146, 87
Trd, 8639968.679, 98
Trd, 8639968.812, 123
Trd, 8639969.746, 108
Trd, 8639970.612, 130
Trd, 8639970.712, 93
Trd, 8639970.812, 85
Trd, 8639972.079, 131
Trd, 8639972.412, 135
Trd, 8639972.446, 129
Trd, 8639972.746, 124
Trd, 8639972.879, 116
Trd, 8639973.112, 107
Trd, 8639973.812, 100
Trd, 8639973.946, 98
Trd, 8639974.612, 130
Trd, 8639974.812, 136
Trd, 8639975.246, 69
Trd, 8639975.846, 87
Trd, 8639976.412, 86
Trd, 8639977.512, 130
Trd, 8639977.579, 109
Trd, 8639977.646, 88
Trd, 8639977.812, 86
Trd, 8639978.079, 90
Trd, 8639978.646, 88
Trd, 8639979.479, 134
Trd, 8639980.146, 140
Trd, 8639981.879, 95
Trd, 8639982.346, 120
Trd, 8639982.812, 104
Trd, 8639983.046, 112
Trd, 8639983.079, 97
Trd, 8639983.346, 115
Trd, 8639983.646, 126
Trd, 8639983.746, 99
Trd, 8639984.179, 114
Trd, 8639984.212, 93
Trd, 8639984.946, 113
Trd, 8639985.046, 88
Trd, 8639986.012, 135
Trd, 8639986.479, 68
Trd, 8639987.879, 102
Trd, 8639987.912, 93
Trd, 8639988.279, 87
Trd, 8639988.679, 122
Trd, 8639988.912, 75
Trd, 8639989.146, 70
Trd, 8639990.046, 87
Trd, 8639990.079, 76
Trd, 8639991.012, 74
Trd, 8639991.512, 94
Trd, 8639991.646, 83
Trd, 8639992.612, 93
Trd, 8639992.779, 111
Trd, 8639992.846, 91
Trd, 8639993.246, 118
Trd, 8639993.712, 91
Trd, 8639993.912, 90
Trd, 8639994.612, 95
Trd, 8639994.912, 84
Trd, 8639995.246, 103
Trd, 8639996.146, 116
Trd, 8639996.546, 118
Trd, 8639997.379, 119
Trd, 8639998.179, 113
Trd, 8639999.212, 110
Trd, 8639999.246, 101
Trd, 8639999.512, 140
