Trd, 8638788.612, 140
Trd, 8638789.212, 62
Trd, 8638789.312, 140
Trd, 8638789.779, 60
Trd, 8638789.879, 62
Trd, 8638791.079, 140
Trd, 8638791.279, 140
Trd, 8638791.346, 140
Trd, 8638792.712, 140
Trd, 8638792.946, 140
Trd, 8638792.979, 140
Trd, 8638793.379, 140
Trd, 8638793.546, 140
Trd, 8638794.412, 140
Trd, 8638794.446, 140
Trd, 8638794.512, 140
Trd, 8638795.379, 140
Trd, 8638795.979, 140
Trd, 8638796.012, 140
Trd, 8638796.079, 140
Trd, 8638796.812, 140
Trd, 8638797.046, 140
Trd, 8638797.412, 140
Trd, 8638798.546, 140
Trd, 8638798.779, 140
Trd, 8638799.446, 140
Trd, 8638799.612, 140
Trd, 8638799.912, 139
Trd, 8638800.446, 139
Trd, 8638800.512, 139
Trd, 8638801.079, 140
Trd, 8638801.246, 139
Trd, 8638802.112, 140
Trd, 8638802.246, 139
Trd, 8638802.346, 92
Trd, 8638802.379, 78
Trd, 8638803.212, 139
Trd, 8638803.246, 126
Trd, 8638803.579, 127
Trd, 8638803.946, 128
Trd, 8638804.346, 140
Trd, 8638804.446, 140
Trd, 8638805.512, 140
Trd, 8638805.579, 139
Trd, 8638806.346, 79
Trd, 8638807.512, 140
Trd, 8638807.779, 140
Trd, 8638808.179, 140
Trd, 8638808.379, 140
Trd, 8638808.512, 140
Trd, 8638808.579, 139
Trd, 8638809.746, 140
Trd, 8638810.312, 140
Trd, 8638810.346, 140
Trd, 8638811.379, 140
Trd, 8638811.446, 139
Trd, 8638811.946, 139
Trd, 8638812.146, 140
Trd, 8638812.779, 140
Trd, 8638813.246, 140
Trd, 8638813.712, 140
Trd, 8638813.812, 140
Trd, 8638814.512, 140
Trd, 8638814.712, 140
Trd, 8638814.879, 140
Trd, 8638814.946, 140
Trd, 8638815.146, 139
Trd, 8638815.312, 139
Trd, 8638815.579, 139
Trd, 8638817.512, 140
Trd, 8638817.546, 140
Trd, 8638817.679, 140
Trd, 8638818.046, 139
Trd, 8638819.379, 140
Trd, 8638819.412, 140
Trd, 8638819.446, 140
Trd, 8638819.779, 140
Trd, 8638820.046, 114
Trd, 8638821.412, 140
Trd, 8638821.946, 140
Trd, 8638822.046, 140
Trd, 8638822.112, 140
Trd, 8638822.346, 140
Trd, 8638822.846, 140
Trd, 8638823.579, 140
Trd, 8638823.612, 140
Trd, 8638823.912, 140
Trd, 8638824.146, 138
Trd, 8638824.312, 138
Trd, 8638825.146, 61
Trd, 8638825.246, 63
Trd, 8638825.746, 60
Trd, 8638825.846, 60
Trd, 8638826.212, 63
Trd, 8638826.246, 66
Trd, 8638826.979, 62
Trd, 8638828.012, 66
Trd, 8638828.146, 67
Trd, 8638828.546, 65
Trd, 8638829.146, 63
Trd, 8638829.212, 64
Trd, 8638830.179, 60
Trd, 8638831.112, 60
Trd, 8638831.679, 60
Trd, 8638832.112, 60
Trd, 8638832.146, 63
Trd, 8638832.446, 64
Trd, 8638832.712, 66
Trd, 8638832.779, 63
Trd, 8638833.212, 63
Trd, 8638833.312, 61
Trd, 8638833.579, 64
Trd, 8638833.679, 60
Trd, 8638833.712, 69
Trd, 8638834.146, 61
Trd, 8638835.912, 63
Trd, 8638836.046, 64
Trd, 8638836.612, 64
Trd, 8638836.812, 65
Trd, 8638836.912, 62
Trd, 8638838.712, 63
Trd, 8638838.979, 61
Trd, 8638839.179, 60
Trd, 8638839.812, 61
Trd, 8638840.012, 62
Trd, 8638840.312, 63
Trd, 8638840.446, 63
Trd, 8638840.679, 62
Trd, 8638841.146, 140
Trd, 8638841.212, 139
Trd, 8638842.179, 60
Trd, 8638842.412, 64
Trd, 8638842.979, 140
Trd, 8638843.279, 140
Trd, 8638843.879, 140
Trd, 8638844.312, 140
Trd, 8638844.446, 140
Trd, 8638844.679, 140
Trd, 8638844.712, 137
Trd, 8638845.446, 60
Trd, 8638845.846, 60
Trd, 8638846.512, 60
Trd, 8638846.746, 60
Trd, 8638847.612, 60
Trd, 8638847.946, 63
Trd, 8638849.446, 60
Trd, 8638849.946, 61
Trd, 8638850.679, 61
Trd, 8638850.912, 61
Trd, 8638851.512, 66
Trd, 8638851.779, 67
Trd, 8638851.879, 65
Trd, 8638852.379, 66
Trd, 8638852.446, 65
Trd, 8638853.579, 140
Trd, 8638853.846, 140
Trd, 8638853.946, 140
Trd, 8638854.146, 135
Trd, 8638854.579, 60
Trd, 8638854.846, 140
Trd, 8638855.646, 71
Trd, 8638855.679, 65
Trd, 8638856.746, 60
Trd, 8638857.346, 62
Trd, 8638857.846, 62
Trd, 8638858.012, 63
Trd, 8638858.079, 62
Trd, 8638858.112, 63
Trd, 8638858.412, 69
Trd, 8638858.612, 71
Trd, 8638859.212, 61
Trd, 8638859.412, 62
Trd, 8638859.579, 63
Trd, 8638860.346, 140
Trd, 8638860.812, 140
Trd, 8638860.879, 140
Trd, 8638861.312, 140
Trd, 8638861.346, 137
Trd, 8638862.046, 122
Trd, 8638863.012, 140
Trd, 8638863.179, 140
Trd, 8638863.346, 140
Trd, 8638863.412, 139
Trd, 8638864.579, 140
Trd, 8638864.679, 140
Trd, 8638864.912, 140
Trd, 8638865.012, 140
Trd, 8638865.446, 140
Trd, 8638865.512, 140
Trd, 8638865.812, 139
Trd, 8638866.179, 138
Trd, 8638866.746, 140
Trd, 8638866.946, 139
Trd, 8638867.412, 131
Trd, 8638867.746, 140
Trd, 8638869.179, 140
Trd, 8638869.779, 140
Trd, 8638870.179, 140
Trd, 8638870.279, 140
Trd, 8638870.779, 140
Trd, 8638870.979, 140
Trd, 8638871.612, 140
Trd, 8638871.712, 140
Trd, 8638872.012, 140
Trd, 8638872.412, 140
Trd, 8638872.646, 140
Trd, 8638873.579, 139
Trd, 8638874.012, 140
Trd, 8638874.246, 139
Trd, 8638874.712, 60
Trd, 8638874.912, 60
Trd, 8638875.412, 60
Trd, 8638875.979, 64
Trd, 8638876.112, 71
Trd, 8638877.146, 60
Trd, 8638877.779, 60
Trd, 8638878.246, 60
Trd, 8638878.779, 60
Trd, 8638879.079, 61
Trd, 8638881.512, 60
Trd, 8638881.846, 60
Trd, 8638881.946, 60
Trd, 8638882.579, 60
Trd, 8638882.779, 61
Trd, 8638883.179, 61
Trd, 8638883.379, 61
Trd, 8638883.546, 61
Trd, 8638883.712, 63
Trd, 8638883.846, 61
Trd, 8638883.879, 63
Trd, 8638884.046, 61
Trd, 8638884.379, 60
Trd, 8638884.812, 62
Trd, 8638885.079, 60
Trd, 8638885.879, 63
Trd, 8638885.979, 62
Trd, 8638887.212, 63
Trd, 8638887.712, 61
Trd, 8638887.746, 63
Trd, 8638888.079, 61
Trd, 8638889.279, 61
Trd, 8638889.546, 61
Trd, 8638890.046, 60
Trd, 8638891.579, 60
Trd, 8638892.979, 61
Trd, 8638893.579, 60
Trd, 8638893.712, 60
Trd, 8638893.812, 60
Trd, 8638894.679, 60
Trd, 8638894.779, 61
Trd, 8638895.046, 60
Trd, 8638895.279, 61
Trd, 8638896.079, 60
Trd, 8638896.212, 60
Trd, 8638896.446, 60
Trd, 8638896.546, 61
Trd, 8638897.046, 61
Trd, 8638897.079, 64
Trd, 8638897.512, 61
Trd, 8638897.612, 62
Trd, 8638897.946, 63
Trd, 8638897.979, 64
Trd, 8638898.312, 60
Trd, 8638898.379, 64
Trd, 8638898.912, 74
Trd, 8638899.279, 61
Trd, 8638900.079, 60
Trd, 8638900.512, 60
Trd, 8638900.912, 60
Trd, 8638900.946, 62
Trd, 8638901.612, 64
Trd, 8638901.746, 64
Trd, 8638901.946, 65
Trd, 8638902.246, 60
Trd, 8638903.012, 60
Trd, 8638903.446, 65
Trd, 8638904.079, 62
Trd, 8638904.312, 63
Trd, 8638904.679, 61
Trd, 8638904.846, 62
Trd, 8638904.912, 61
Trd, 8638905.079, 60
Trd, 8638905.212, 70
Trd, 8638905.379, 60
Trd, 8638907.479, 60
Trd, 8638907.512, 61
Trd, 8638907.679, 61
Trd, 8638908.612, 63
Trd, 8638909.012, 64
Trd, 8638909.546, 60
Trd, 8638909.812, 60
Trd, 8638910.112, 60
Trd, 8638910.812, 60
Trd, 8638910.879, 60
Trd, 8638911.246, 62
Trd, 8638911.512, 60
Trd, 8638912.779, 60
Trd, 8638913.146, 60
Trd, 8638913.279, 60
Trd, 8638913.812, 64
Trd, 8638914.146, 64
Trd, 8638914.312, 63
Trd, 8638914.512, 69
Trd, 8638915.012, 64
Trd, 8638915.279, 67
Trd, 8638915.512, 67
Trd, 8638915.912, 65
Trd, 8638916.946, 140
Trd, 8638917.246, 140
Trd, 8638917.712, 140
Trd, 8638917.879, 139
Trd, 8638918.246, 139
Trd, 8638918.379, 138
Trd, 8638919.412, 140
Trd, 8638919.446, 137
Trd, 8638920.046, 140
Trd, 8638920.312, 140
Trd, 8638921.212, 140
Trd, 8638921.246, 140
Trd, 8638921.279, 140
Trd, 8638921.412, 139
Trd, 8638921.679, 137
Trd, 8638922.346, 140
Trd, 8638922.479, 140
Trd, 8638923.346, 140
Trd, 8638924.012, 140
Trd, 8638924.112, 140
Trd, 8638924.212, 139
Trd, 8638924.546, 140
Trd, 8638925.479, 60
Trd, 8638925.846, 139
Trd, 8638926.012, 103
Trd, 8638926.279, 102
Trd, 8638926.412, 140
Trd, 8638926.612, 140
Trd, 8638927.579, 140
Trd, 8638928.046, 140
Trd, 8638928.579, 140
Trd, 8638928.746, 139
Trd, 8638929.079, 140
Trd, 8638929.412, 140
Trd, 8638930.246, 140
Trd, 8638930.279, 140
Trd, 8638930.712, 140
Trd, 8638931.812, 140
Trd, 8638932.212, 140
Trd, 8638932.746, 140
Trd, 8638933.279, 140
Trd, 8638933.379, 140
Trd, 8638933.712, 140
Trd, 8638933.946, 137
Trd, 8638934.079, 136
Trd, 8638934.646, 140
Trd, 8638935.646, 140
Trd, 8638936.346, 140
Trd, 8638936.412, 140
Trd, 8638936.779, 140
Trd, 8638937.312, 140
Trd, 8638938.112, 140
Trd, 8638938.679, 140
Trd, 8638939.179, 140
Trd, 8638939.379, 140
Trd, 8638939.512, 138
Trd, 8638939.712, 138
Trd, 8638940.012, 89
Trd, 8638940.246, 140
Trd, 8638940.312, 138
Trd, 8638941.112, 140
Trd, 8638941.546, 140
Trd, 8638941.646, 140
Trd, 8638942.079, 140
Trd, 8638942.279, 139
Trd, 8638942.679, 140
Trd, 8638943.812, 137
Trd, 8638943.946, 140
Trd, 8638944.279, 129
Trd, 8638944.579, 128
Trd, 8638944.679, 74
Trd, 8638945.246, 61
Trd, 8638945.479, 65
Trd, 8638945.879, 60
Trd, 8638946.379, 60
Trd, 8638947.612, 61
Trd, 8638948.079, 60
Trd, 8638948.746, 61
Trd, 8638949.012, 60
Trd, 8638949.212, 60
Trd, 8638950.546, 60
Trd, 8638951.179, 60
Trd, 8638951.246, 61
Trd, 8638952.379, 60
Trd, 8638952.679, 60
Trd, 8638953.512, 61
Trd, 8638954.046, 62
Trd, 8638954.212, 61
Trd, 8638954.379, 62
Trd, 8638954.479, 62
Trd, 8638954.579, 63
Trd, 8638954.779, 64
Trd, 8638954.979, 76
Trd, 8638955.212, 70
Trd, 8638955.279, 79
Trd, 8638955.679, 60
Trd, 8638956.079, 61
Trd, 8638956.246, 139
Trd, 8638956.446, 63
Trd, 8638957.579, 60
Trd, 8638957.979, 61
Trd, 8638958.546, 60
Trd, 8638958.812, 60
Trd, 8638958.979, 60
Trd, 8638959.479, 60
Trd, 8638959.679, 60
Trd, 8638960.046, 61
Trd, 8638961.612, 60
Trd, 8638961.879, 61
Trd, 8638963.346, 60
Trd, 8638963.846, 60
Trd, 8638964.612, 60
Trd, 8638965.312, 60
Trd, 8638965.579, 60
Trd, 8638966.179, 60
Trd, 8638966.246, 61
Trd, 8638966.312, 61
Trd, 8638966.579, 60
Trd, 8638966.712, 61
Trd, 8638967.146, 62
Trd, 8638967.979, 60
Trd, 8638968.179, 60
Trd, 8638968.612, 62
Trd, 8638968.746, 64
Trd, 8638969.279, 60
Trd, 8638969.312, 61
Trd, 8638969.746, 61
Trd, 8638970.512, 60
Trd, 8638971.046, 60
Trd, 8638971.246, 61
Trd, 8638971.546, 60
Trd, 8638972.379, 61
Trd, 8638972.512, 63
Trd, 8638972.946, 60
Trd, 8638973.846, 62
Trd, 8638975.046, 60
Trd, 8638975.112, 61
Trd, 8638976.879, 62
Trd, 8638977.379, 60
Trd, 8638977.479, 60
Trd, 8638978.046, 60
Trd, 8638978.479, 60
Trd, 8638979.146, 60
Trd, 8638979.346, 60
Trd, 8638979.412, 61
Trd, 8638979.446, 62
Trd, 8638979.712, 60
Trd, 8638980.712, 60
Trd, 8638981.512, 61
Trd, 8638982.479, 61
Trd, 8638983.179, 60
Trd, 8638983.346, 60
Trd, 8638983.646, 61
Trd, 8638983.879, 61
Trd, 8638984.379, 61
Trd, 8638984.746, 62
Trd, 8638984.812, 63
Trd, 8638984.846, 63
Trd, 8638985.312, 62
Trd, 8638985.346, 61
Trd, 8638985.846, 63
Trd, 8638985.879, 62
Trd, 8638986.012, 60
Trd, 8638987.679, 60
Trd, 8638988.312, 60
Trd, 8638988.679, 62
Trd, 8638988.879, 63
Trd, 8638989.846, 60
Trd, 8638989.946, 60
Trd, 8638990.179, 60
Trd, 8638990.812, 60
Trd, 8638991.146, 60
Trd, 8638992.312, 60
Trd, 8638992.412, 60
Trd, 8638993.246, 61
Trd, 8638993.646, 61
Trd, 8638993.846, 62
Trd, 8638993.879, 62
Trd, 8638993.946, 60
Trd, 8638994.079, 63
Trd, 8638994.112, 65
Trd, 8638994.412, 62
Trd, 8638994.712, 61
Trd, 8638995.546, 68
Trd, 8638995.979, 69
Trd, 8638996.279, 67
Trd, 8638996.379, 65
Trd, 8638996.412, 64
Trd, 8638997.546, 60
Trd, 8638998.646, 60
Trd, 8638999.479, 60
Trd, 8638999.946, 60
Trd, 8639000.179, 60
Trd, 8639000.546, 60
Trd, 8639000.946, 60
Trd, 8639001.212, 61
Trd, 8639002.212, 60
Trd, 8639002.246, 61
Trd, 8639002.579, 61
Trd, 8639002.779, 61
Trd, 8639002.846, 61
Trd, 8639002.979, 62
Trd, 8639003.346, 61
Trd, 8639003.679, 64
Trd, 8639004.012, 60
Trd, 8639004.479, 61
Trd, 8639004.746, 63
Trd, 8639004.846, 68
Trd, 8639005.446, 86
Trd, 8639005.646, 65
Trd, 8639005.812, 63
Trd, 8639006.112, 139
Trd, 8639006.612, 64
Trd, 8639007.979, 60
Trd, 8639008.046, 60
Trd, 8639008.146, 60
Trd, 8639008.279, 60
Trd, 8639009.146, 60
Trd, 8639009.812, 60
Trd, 8639010.712, 60
Trd, 8639011.546, 60
Trd, 8639011.779, 60
Trd, 8639011.979, 62
Trd, 8639012.879, 60
Trd, 8639014.379, 60
Trd, 8639014.712, 60
Trd, 8639014.946, 60
Trd, 8639015.546, 60
Trd, 8639015.712, 61
Trd, 8639015.979, 61
Trd, 8639016.146, 60
Trd, 8639016.379, 60
Trd, 8639016.579, 60
Trd, 8639017.046, 60
Trd, 8639017.279, 64
Trd, 8639017.879, 60
Trd, 8639018.046, 62
Trd, 8639018.412, 60
Trd, 8639018.612, 63
Trd, 8639018.646, 66
Trd, 8639018.912, 64
Trd, 8639019.946, 63
Trd, 8639020.246, 62
Trd, 8639020.446, 66
Trd, 8639021.546, 60
Trd, 8639021.812, 60
Trd, 8639022.212, 63
Trd, 8639022.546, 61
Trd, 8639023.179, 61
Trd, 8639023.212, 62
Trd, 8639023.312, 62
Trd, 8639024.179, 65
Trd, 8639025.346, 60
Trd, 8639025.979, 60
Trd, 8639026.012, 60
Trd, 8639026.412, 60
Trd, 8639026.646, 61
Trd, 8639026.846, 62
Trd, 8639027.012, 60
Trd, 8639027.346, 60
Trd, 8639027.746, 60
Trd, 8639028.279, 62
Trd, 8639028.312, 64
Trd, 8639028.979, 64
Trd, 8639029.046, 66
Trd, 8639029.112, 61
Trd, 8639029.279, 66
Trd, 8639029.579, 61
Trd, 8639030.146, 63
Trd, 8639030.612, 140
Trd, 8639030.912, 140
Trd, 8639030.946, 137
Trd, 8639031.046, 140
Trd, 8639031.112, 113
Trd, 8639031.879, 60
Trd, 8639032.812, 61
Trd, 8639033.346, 60
Trd, 8639034.879, 60
Trd, 8639035.079, 60
Trd, 8639035.612, 60
Trd, 8639035.679, 60
Trd, 8639036.579, 60
Trd, 8639036.646, 60
Trd, 8639037.279, 60
Trd, 8639037.646, 60
Trd, 8639038.479, 61
Trd, 8639039.079, 60
Trd, 8639039.279, 61
Trd, 8639039.879, 61
Trd, 8639040.279, 61
Trd, 8639040.379, 62
Trd, 8639040.612, 62
Trd, 8639040.846, 61
Trd, 8639041.646, 61
Trd, 8639041.846, 61
Trd, 8639041.946, 62
Trd, 8639042.312, 63
Trd, 8639042.346, 69
Trd, 8639042.479, 69
Trd, 8639044.246, 60
Trd, 8639044.279, 60
Trd, 8639045.046, 60
Trd, 8639045.346, 60
Trd, 8639046.012, 60
Trd, 8639046.912, 60
Trd, 8639046.979, 60
Trd, 8639048.612, 60
Trd, 8639048.712, 60
Trd, 8639049.746, 60
Trd, 8639050.046, 60
Trd, 8639050.646, 60
Trd, 8639050.979, 60
Trd, 8639051.046, 61
Trd, 8639051.212, 61
Trd, 8639051.746, 62
Trd, 8639051.846, 61
Trd, 8639052.179, 61
Trd, 8639052.379, 60
Trd, 8639052.479, 62
Trd, 8639052.779, 60
Trd, 8639053.146, 62
Trd, 8639053.612, 60
Trd, 8639053.879, 63
Trd, 8639053.979, 64
Trd, 8639054.012, 61
Trd, 8639054.746, 61
Trd, 8639055.912, 60
Trd, 8639057.246, 60
Trd, 8639057.412, 60
Trd, 8639057.579, 60
Trd, 8639058.612, 60
Trd, 8639058.946, 60
Trd, 8639059.546, 61
Trd, 8639059.912, 60
Trd, 8639061.179, 60
Trd, 8639062.512, 60
Trd, 8639062.812, 60
Trd, 8639063.512, 60
Trd, 8639063.979, 60
Trd, 8639064.012, 60
Trd, 8639064.179, 60
Trd, 8639064.212, 61
Trd, 8639064.779, 61
Trd, 8639066.179, 60
Trd, 8639066.279, 62
Trd, 8639067.679, 60
Trd, 8639067.712, 61
Trd, 8639068.112, 60
Trd, 8639068.779, 60
Trd, 8639068.846, 61
Trd, 8639069.279, 60
Trd, 8639070.312, 60
Trd, 8639070.679, 62
Trd, 8639070.946, 60
Trd, 8639071.546, 62
Trd, 8639071.979, 60
Trd, 8639072.712, 63
Trd, 8639072.912, 63
Trd, 8639072.979, 62
Trd, 8639073.079, 64
Trd, 8639074.479, 60
Trd, 8639074.946, 61
Trd, 8639075.146, 60
Trd, 8639075.946, 60
Trd, 8639076.079, 60
Trd, 8639076.212, 61
Trd, 8639076.246, 65
Trd, 8639076.312, 66
Trd, 8639076.546, 60
Trd, 8639077.179, 60
Trd, 8639077.412, 60
Trd, 8639078.246, 60
Trd, 8639078.512, 61
Trd, 8639079.346, 62
Trd, 8639080.112, 60
Trd, 8639080.379, 60
Trd, 8639080.879, 60
Trd, 8639081.212, 61
Trd, 8639082.212, 60
Trd, 8639082.546, 60
Trd, 8639083.046, 60
Trd, 8639083.846, 62
Trd, 8639083.946, 61
Trd, 8639083.979, 63
Trd, 8639084.379, 60
Trd, 8639084.746, 60
Trd, 8639084.812, 60
Trd, 8639085.412, 60
Trd, 8639086.246, 61
Trd, 8639086.479, 60
Trd, 8639086.912, 62
Trd, 8639087.179, 61
Trd, 8639087.546, 60
Trd, 8639087.646, 63
Trd, 8639088.146, 60
Trd, 8639089.512, 60
Trd, 8639089.579, 60
Trd, 8639089.746, 60
Trd, 8639090.846, 60
Trd, 8639090.879, 62
Trd, 8639090.912, 62
Trd, 8639091.279, 60
Trd, 8639091.579, 60
Trd, 8639093.012, 60
Trd, 8639094.279, 60
Trd, 8639094.312, 60
Trd, 8639094.512, 60
Trd, 8639094.579, 60
Trd, 8639094.779, 60
Trd, 8639095.146, 62
Trd, 8639095.379, 60
Trd, 8639095.446, 63
Trd, 8639096.146, 61
Trd, 8639096.179, 61
Trd, 8639096.346, 61
Trd, 8639096.912, 61
Trd, 8639097.146, 61
Trd, 8639098.146, 61
Trd, 8639098.712, 62
Trd, 8639098.812, 64
Trd, 8639098.912, 67
Trd, 8639099.012, 61
Trd, 8639099.346, 60
Trd, 8639099.479, 139
Trd, 8639100.446, 140
Trd, 8639100.746, 140
Trd, 8639100.979, 139
Trd, 8639101.546, 140
Trd, 8639101.912, 140
Trd, 8639102.579, 140
Trd, 8639102.679, 140
Trd, 8639102.846, 140
Trd, 8639103.446, 139
Trd, 8639103.612, 97
Trd, 8639103.846, 138
Trd, 8639104.312, 131
Trd, 8639104.879, 140
Trd, 8639105.579, 140
Trd, 8639105.646, 140
Trd, 8639105.979, 140
Trd, 8639106.579, 140
Trd, 8639106.812, 140
Trd, 8639107.112, 138
Trd, 8639107.779, 60
Trd, 8639108.046, 60
Trd, 8639109.679, 60
Trd, 8639110.012, 60
Trd, 8639110.579, 60
Trd, 8639110.846, 60
Trd, 8639113.112, 60
Trd, 8639113.346, 60
Trd, 8639113.546, 60
Trd, 8639113.779, 60
Trd, 8639113.979, 60
Trd, 8639114.112, 60
Trd, 8639114.312, 61
Trd, 8639114.679, 60
Trd, 8639114.879, 63
Trd, 8639115.079, 60
Trd, 8639115.212, 62
Trd, 8639115.612, 60
Trd, 8639115.679, 63
Trd, 8639116.012, 64
Trd, 8639116.346, 61
Trd, 8639116.479, 60
Trd, 8639116.646, 62
Trd, 8639117.812, 60
Trd, 8639118.646, 60
Trd, 8639119.946, 60
Trd, 8639120.612, 62
Trd, 8639120.712, 62
Trd, 8639121.046, 60
Trd, 8639122.312, 60
Trd, 8639122.946, 60
Trd, 8639123.012, 60
Trd, 8639123.412, 61
Trd, 8639123.546, 61
Trd, 8639124.746, 60
Trd, 8639124.779, 61
Trd, 8639124.946, 61
Trd, 8639125.179, 60
Trd, 8639125.612, 61
Trd, 8639125.812, 60
Trd, 8639125.912, 63
Trd, 8639126.179, 60
Trd, 8639127.612, 60
Trd, 8639128.246, 60
Trd, 8639128.412, 60
Trd, 8639128.679, 60
Trd, 8639129.146, 60
Trd, 8639129.946, 60
Trd, 8639129.979, 66
Trd, 8639131.412, 60
Trd, 8639132.012, 60
Trd, 8639132.312, 60
Trd, 8639132.746, 61
Trd, 8639133.112, 61
Trd, 8639133.646, 60
Trd, 8639133.746, 61
Trd, 8639134.112, 60
Trd, 8639134.746, 60
Trd, 8639134.779, 61
Trd, 8639134.812, 61
Trd, 8639135.212, 60
Trd, 8639135.712, 60
Trd, 8639136.212, 60
Trd, 8639137.012, 60
Trd, 8639137.146, 62
Trd, 8639137.379, 62
Trd, 8639137.612, 63
Trd, 8639137.746, 63
Trd, 8639137.879, 60
Trd, 8639138.112, 61
Trd, 8639138.312, 64
Trd, 8639138.346, 65
Trd, 8639139.946, 60
Trd, 8639140.312, 60
Trd, 8639140.479, 61
Trd, 8639140.512, 61
Trd, 8639142.446, 60
Trd, 8639143.012, 60
Trd, 8639143.446, 61
Trd, 8639143.479, 61
Trd, 8639144.512, 60
Trd, 8639144.612, 62
Trd, 8639144.879, 61
Trd, 8639145.046, 60
Trd, 8639145.779, 60
Trd, 8639145.912, 62
Trd, 8639146.046, 61
Trd, 8639146.179, 62
Trd, 8639146.246, 72
Trd, 8639146.779, 61
Trd, 8639147.046, 61
Trd, 8639147.412, 62
Trd, 8639148.279, 61
Trd, 8639148.412, 62
Trd, 8639148.479, 61
Trd, 8639149.112, 60
Trd, 8639149.379, 63
Trd, 8639149.512, 66
Trd, 8639150.579, 60
Trd, 8639150.879, 60
Trd, 8639151.412, 60
Trd, 8639151.679, 61
Trd, 8639151.712, 64
Trd, 8639153.312, 60
Trd, 8639153.579, 60
Trd, 8639154.679, 60
Trd, 8639154.746, 60
Trd, 8639155.046, 60
Trd, 8639155.979, 60
Trd, 8639156.012, 61
Trd, 8639156.112, 61
Trd, 8639156.412, 61
Trd, 8639156.746, 61
Trd, 8639156.912, 62
Trd, 8639157.012, 63
Trd, 8639157.112, 61
Trd, 8639158.079, 60
Trd, 8639158.446, 61
Trd, 8639158.712, 61
Trd, 8639161.112, 60
Trd, 8639161.779, 60
Trd, 8639161.946, 60
Trd, 8639162.179, 61
Trd, 8639162.212, 61
Trd, 8639162.246, 61
Trd, 8639162.346, 61
Trd, 8639162.446, 61
Trd, 8639163.112, 61
Trd, 8639163.346, 65
Trd, 8639163.479, 140
Trd, 8639163.646, 140
Trd, 8639163.879, 63
Trd, 8639164.246, 64
Trd, 8639164.446, 63
Trd, 8639164.679, 64
Trd, 8639164.912, 60
Trd, 8639164.946, 70
Trd, 8639166.312, 60
Trd, 8639166.379, 60
Trd, 8639167.012, 60
Trd, 8639167.146, 60
Trd, 8639167.879, 60
Trd, 8639168.346, 61
Trd, 8639169.612, 60
Trd, 8639170.012, 61
Trd, 8639170.046, 61
Trd, 8639170.312, 62
Trd, 8639170.746, 61
Trd, 8639170.979, 62
Trd, 8639171.146, 60
Trd, 8639171.412, 64
Trd, 8639171.612, 61
Trd, 8639172.046, 60
Trd, 8639172.412, 74
Trd, 8639173.012, 62
Trd, 8639173.579, 60
Trd, 8639173.879, 63
Trd, 8639174.679, 60
Trd, 8639175.012, 66
Trd, 8639175.879, 60
Trd, 8639176.046, 60
Trd, 8639176.446, 60
Trd, 8639176.579, 61
Trd, 8639178.379, 60
Trd, 8639178.546, 60
Trd, 8639178.779, 60
Trd, 8639179.179, 60
Trd, 8639181.012, 60
Trd, 8639181.179, 60
Trd, 8639181.246, 61
Trd, 8639181.312, 60
Trd, 8639181.612, 63
Trd, 8639181.979, 64
Trd, 8639182.646, 60
Trd, 8639182.812, 60
Trd, 8639183.079, 60
Trd, 8639183.512, 61
Trd, 8639183.912, 60
Trd, 8639184.579, 60
Trd, 8639185.612, 60
Trd, 8639185.779, 61
Trd, 8639187.146, 60
Trd, 8639187.512, 61
Trd, 8639188.146, 60
Trd, 8639188.779, 60
Trd, 8639188.812, 60
Trd, 8639188.846, 61
Trd, 8639189.379, 60
Trd, 8639189.712, 62
Trd, 8639190.579, 60
Trd, 8639190.612, 60
Trd, 8639191.079, 61
Trd, 8639191.146, 63
Trd, 8639191.412, 60
Trd, 8639191.679, 60
Trd, 8639191.779, 60
Trd, 8639192.079, 60
Trd, 8639192.279, 60
Trd, 8639192.546, 68
Trd, 8639192.879, 61
Trd, 8639193.379, 60
Trd, 8639194.446, 60
Trd, 8639194.612, 65
Trd, 8639194.879, 60
Trd, 8639195.846, 63
Trd, 8639196.012, 62
Trd, 8639196.746, 63
Trd, 8639197.012, 69
Trd, 8639197.246, 65
Trd, 8639197.612, 63
Trd, 8639197.779, 67
Trd, 8639198.112, 68
Trd, 8639198.146, 72
Trd, 8639198.212, 61
Trd, 8639198.246, 79
Trd, 8639199.679, 140
Trd, 8639199.746, 140
Trd, 8639200.046, 140
Trd, 8639200.779, 140
Trd, 8639201.512, 140
Trd, 8639201.679, 139
Trd, 8639202.279, 139
Trd, 8639202.412, 102
Trd, 8639202.612, 98
Trd, 8639202.712, 140
Trd, 8639202.912, 93
Trd, 8639203.446, 140
Trd, 8639203.746, 140
Trd, 8639204.746, 60
Trd, 8639205.179, 64
Trd, 8639205.446, 68
Trd, 8639206.379, 140
Trd, 8639207.379, 140
Trd, 8639207.546, 140
Trd, 8639207.846, 140
Trd, 8639208.212, 140
Trd, 8639208.579, 140
Trd, 8639208.846, 140
Trd, 8639209.112, 140
Trd, 8639209.179, 140
Trd, 8639209.512, 140
Trd, 8639209.746, 140
Trd, 8639209.946, 139
Trd, 8639210.579, 140
Trd, 8639210.612, 140
Trd, 8639211.212, 140
Trd, 8639211.279, 139
Trd, 8639212.146, 140
Trd, 8639212.879, 140
Trd, 8639212.946, 140
Trd, 8639213.112, 140
Trd, 8639213.446, 65
Trd, 8639213.712, 138
Trd, 8639213.746, 65
Trd, 8639215.079, 140
Trd, 8639215.279, 140
Trd, 8639215.479, 140
Trd, 8639216.279, 140
Trd, 8639216.579, 140
Trd, 8639217.212, 140
Trd, 8639217.679, 140
Trd, 8639218.346, 140
Trd, 8639218.479, 140
Trd, 8639219.179, 140
Trd, 8639219.479, 140
Trd, 8639219.879, 140
Trd, 8639220.746, 140
Trd, 8639221.146, 140
Trd, 8639221.479, 140
Trd, 8639221.646, 140
Trd, 8639222.079, 140
Trd, 8639222.246, 140
Trd, 8639222.412, 140
Trd, 8639222.846, 140
Trd, 8639222.946, 140
Trd, 8639223.279, 139
Trd, 8639223.412, 139
Trd, 8639223.946, 126
Trd, 8639224.479, 135
Trd, 8639225.046, 140
Trd, 8639225.812, 127
Trd, 8639226.579, 140
Trd, 8639226.846, 140
Trd, 8639227.046, 140
Trd, 8639227.246, 60
Trd, 8639227.512, 60
Trd, 8639227.846, 61
Trd, 8639229.279, 63
Trd, 8639229.512, 63
Trd, 8639230.179, 60
Trd, 8639230.546, 62
Trd, 8639231.112, 60
Trd, 8639231.579, 61
Trd, 8639232.379, 60
Trd, 8639232.479, 61
Trd, 8639233.312, 60
Trd, 8639233.779, 60
Trd, 8639233.912, 60
Trd, 8639234.046, 61
Trd, 8639234.512, 60
Trd, 8639234.546, 60
Trd, 8639234.679, 61
Trd, 8639234.712, 60
Trd, 8639234.812, 63
Trd, 8639235.379, 61
Trd, 8639235.446, 60
Trd, 8639235.912, 60
Trd, 8639236.912, 60
Trd, 8639237.246, 66
Trd, 8639238.212, 60
Trd, 8639238.846, 60
Trd, 8639239.379, 60
Trd, 8639240.079, 61
Trd, 8639241.212, 60
Trd, 8639241.446, 60
Trd, 8639241.946, 60
Trd, 8639242.512, 61
Trd, 8639242.646, 60
Trd, 8639243.346, 60
Trd, 8639243.379, 61
Trd, 8639243.846, 60
Trd, 8639243.879, 61
Trd, 8639243.912, 61
Trd, 8639244.712, 60
Trd, 8639244.779, 61
Trd, 8639245.012, 63
Trd, 8639245.779, 68
Trd, 8639246.112, 61
Trd, 8639246.712, 66
Trd, 8639247.446, 61
Trd, 8639249.046, 60
Trd, 8639249.179, 60
Trd, 8639249.912, 60
Trd, 8639250.179, 60
Trd, 8639250.312, 60
Trd, 8639250.846, 60
Trd, 8639251.146, 61
Trd, 8639251.179, 61
Trd, 8639251.212, 64
Trd, 8639251.379, 66
Trd, 8639251.812, 61
Trd, 8639252.612, 60
Trd, 8639252.646, 61
Trd, 8639253.046, 61
Trd, 8639253.146, 66
Trd, 8639253.412, 61
Trd, 8639253.879, 140
Trd, 8639254.246, 140
Trd, 8639254.379, 140
Trd, 8639254.712, 139
Trd, 8639255.279, 138
Trd, 8639255.712, 134
Trd, 8639256.412, 140
Trd, 8639256.979, 140
Trd, 8639257.212, 140
Trd, 8639257.746, 140
Trd, 8639257.979, 139
Trd, 8639258.046, 104
Trd, 8639258.712, 117
Trd, 8639258.879, 111
Trd, 8639259.746, 140
Trd, 8639259.779, 140
Trd, 8639260.146, 140
Trd, 8639260.279, 140
Trd, 8639260.812, 140
Trd, 8639261.146, 140
Trd, 8639261.479, 140
Trd, 8639262.279, 140
Trd, 8639262.579, 140
Trd, 8639262.646, 140
Trd, 8639262.712, 139
Trd, 8639263.012, 140
Trd, 8639263.679, 140
Trd, 8639263.946, 140
Trd, 8639264.712, 140
Trd, 8639265.179, 76
Trd, 8639265.546, 93
Trd, 8639266.046, 77
Trd, 8639267.279, 140
Trd, 8639267.346, 140
Trd, 8639267.746, 140
Trd, 8639268.179, 140
Trd, 8639268.579, 140
Trd, 8639269.179, 140
Trd, 8639269.312, 140
Trd, 8639269.412, 140
Trd, 8639269.479, 140
Trd, 8639270.279, 140
Trd, 8639270.312, 140
Trd, 8639271.112, 140
Trd, 8639271.246, 140
Trd, 8639271.412, 139
Trd, 8639271.812, 140
Trd, 8639272.346, 127
Trd, 8639272.479, 140
Trd, 8639272.812, 140
Trd, 8639273.712, 113
Trd, 8639274.412, 63
Trd, 8639275.212, 140
Trd, 8639275.412, 140
Trd, 8639275.446, 140
Trd, 8639276.212, 140
Trd, 8639276.379, 140
Trd, 8639276.479, 140
Trd, 8639276.846, 138
Trd, 8639277.212, 140
Trd, 8639277.446, 96
Trd, 8639277.612, 114
Trd, 8639278.879, 62
Trd, 8639279.012, 70
Trd, 8639279.246, 70
Trd, 8639280.379, 60
Trd, 8639280.546, 60
Trd, 8639280.812, 60
Trd, 8639282.279, 60
Trd, 8639284.079, 60
Trd, 8639284.279, 61
Trd, 8639284.346, 61
Trd, 8639284.879, 60
Trd, 8639285.646, 60
Trd, 8639285.812, 60
Trd, 8639285.879, 61
Trd, 8639286.046, 66
Trd, 8639286.279, 61
Trd, 8639286.446, 63
Trd, 8639286.812, 63
Trd, 8639287.212, 62
Trd, 8639287.512, 61
Trd, 8639287.679, 60
Trd, 8639287.712, 62
Trd, 8639287.912, 60
Trd, 8639288.279, 60
Trd, 8639288.579, 62
Trd, 8639288.879, 62
Trd, 8639288.912, 61
Trd, 8639289.112, 67
Trd, 8639290.612, 63
Trd, 8639290.912, 60
Trd, 8639290.946, 63
Trd, 8639290.979, 64
Trd, 8639291.479, 67
Trd, 8639292.612, 60
Trd, 8639292.879, 63
Trd, 8639293.479, 140
Trd, 8639294.012, 140
Trd, 8639294.046, 140
Trd, 8639294.612, 140
Trd, 8639294.779, 140
Trd, 8639294.846, 140
Trd, 8639295.446, 140
Trd, 8639295.546, 137
Trd, 8639295.779, 137
Trd, 8639296.079, 132
Trd, 8639296.446, 139
Trd, 8639296.879, 60
Trd, 8639297.346, 60
Trd, 8639297.546, 65
Trd, 8639299.279, 60
Trd, 8639299.612, 61
Trd, 8639300.079, 60
Trd, 8639300.646, 60
Trd, 8639300.679, 61
Trd, 8639301.579, 60
Trd, 8639301.979, 60
Trd, 8639303.779, 60
Trd, 8639304.512, 60
Trd, 8639304.746, 60
Trd, 8639304.846, 60
Trd, 8639305.379, 60
Trd, 8639305.546, 60
Trd, 8639305.612, 61
Trd, 8639305.779, 63
Trd, 8639306.312, 64
Trd, 8639306.446, 65
Trd, 8639306.712, 63
Trd, 8639307.046, 62
Trd, 8639308.679, 60
Trd, 8639309.079, 60
Trd, 8639309.379, 61
Trd, 8639309.446, 61
Trd, 8639309.746, 60
Trd, 8639310.846, 60
Trd, 8639312.012, 60
Trd, 8639312.379, 61
Trd, 8639313.146, 61
Trd, 8639313.412, 60
Trd, 8639314.179, 60
Trd, 8639314.412, 60
Trd, 8639314.512, 61
Trd, 8639314.679, 61
Trd, 8639315.212, 61
Trd, 8639315.379, 63
Trd, 8639315.546, 60
Trd, 8639315.846, 62
Trd, 8639316.046, 62
Trd, 8639316.146, 60
Trd, 8639316.879, 62
Trd, 8639317.412, 62
Trd, 8639318.479, 60
Trd, 8639319.212, 60
Trd, 8639319.479, 60
Trd, 8639319.579, 61
Trd, 8639320.012, 63
Trd, 8639320.046, 60
Trd, 8639320.346, 61
Trd, 8639320.612, 62
Trd, 8639320.679, 60
Trd, 8639320.779, 62
Trd, 8639321.412, 68
Trd, 8639322.212, 63
Trd, 8639323.012, 60
Trd, 8639323.146, 60
Trd, 8639323.279, 61
Trd, 8639323.479, 63
Trd, 8639324.112, 64
Trd, 8639324.379, 65
Trd, 8639324.412, 63
Trd, 8639324.679, 63
Trd, 8639324.846, 63
Trd, 8639325.246, 67
Trd, 8639325.579, 71
Trd, 8639325.979, 63
Trd, 8639326.046, 140
Trd, 8639326.212, 60
Trd, 8639326.946, 139
Trd, 8639328.879, 60
Trd, 8639329.279, 67
Trd, 8639329.679, 74
Trd, 8639329.846, 62
Trd, 8639330.746, 61
Trd, 8639330.779, 62
Trd, 8639331.179, 60
Trd, 8639331.412, 60
Trd, 8639331.612, 60
Trd, 8639333.646, 60
Trd, 8639333.712, 60
Trd, 8639334.012, 63
Trd, 8639334.579, 60
Trd, 8639334.746, 60
Trd, 8639335.246, 60
Trd, 8639335.546, 60
Trd, 8639336.212, 60
Trd, 8639336.712, 62
Trd, 8639336.912, 62
Trd, 8639336.979, 63
Trd, 8639337.279, 63
Trd, 8639337.712, 64
Trd, 8639339.312, 60
Trd, 8639339.946, 60
Trd, 8639340.012, 61
Trd, 8639340.479, 60
Trd, 8639340.812, 60
Trd, 8639341.079, 61
Trd, 8639341.512, 62
Trd, 8639342.546, 61
Trd, 8639342.912, 60
Trd, 8639343.979, 60
Trd, 8639344.012, 60
Trd, 8639344.412, 60
Trd, 8639345.279, 61
Trd, 8639345.512, 60
Trd, 8639345.946, 60
Trd, 8639346.246, 61
Trd, 8639346.479, 60
Trd, 8639347.046, 61
Trd, 8639347.679, 61
Trd, 8639347.746, 60
Trd, 8639348.079, 63
Trd, 8639348.112, 61
Trd, 8639348.179, 64
Trd, 8639348.679, 62
Trd, 8639349.179, 64
Trd, 8639349.779, 61
Trd, 8639350.012, 64
Trd, 8639350.146, 63
Trd, 8639350.312, 63
Trd, 8639350.579, 63
Trd, 8639350.779, 61
Trd, 8639351.346, 63
Trd, 8639351.579, 66
Trd, 8639351.879, 60
Trd, 8639352.479, 61
Trd, 8639352.746, 63
Trd, 8639352.779, 67
Trd, 8639353.212, 135
Trd, 8639354.346, 61
Trd, 8639354.679, 64
Trd, 8639355.279, 60
Trd, 8639355.679, 61
Trd, 8639356.612, 60
Trd, 8639357.979, 60
Trd, 8639358.212, 60
Trd, 8639358.246, 61
Trd, 8639359.212, 60
Trd, 8639359.712, 60
Trd, 8639359.812, 60
Trd, 8639360.712, 60
Trd, 8639361.146, 60
Trd, 8639361.512, 60
Trd, 8639361.846, 60
Trd, 8639362.312, 62
Trd, 8639362.346, 60
Trd, 8639362.979, 61
Trd, 8639363.379, 60
Trd, 8639364.412, 60
Trd, 8639364.846, 60
Trd, 8639365.579, 60
Trd, 8639365.679, 60
Trd, 8639366.312, 60
Trd, 8639366.646, 60
Trd, 8639366.846, 60
Trd, 8639367.146, 60
Trd, 8639367.379, 60
Trd, 8639367.479, 63
Trd, 8639367.546, 61
Trd, 8639368.179, 60
Trd, 8639368.679, 62
Trd, 8639368.879, 62
Trd, 8639369.812, 60
Trd, 8639370.079, 60
Trd, 8639370.146, 60
Trd, 8639370.446, 63
Trd, 8639370.812, 63
Trd, 8639371.779, 60
Trd, 8639372.012, 61
Trd, 8639373.079, 63
Trd, 8639374.012, 60
Trd, 8639374.046, 60
Trd, 8639374.512, 64
Trd, 8639375.612, 60
Trd, 8639376.012, 60
Trd, 8639376.179, 60
Trd, 8639376.246, 62
Trd, 8639376.646, 64
Trd, 8639376.712, 64
Trd, 8639376.746, 62
Trd, 8639377.579, 64
Trd, 8639378.246, 63
Trd, 8639378.412, 63
Trd, 8639378.712, 62
Trd, 8639378.946, 61
Trd, 8639379.246, 60
Trd, 8639379.746, 60
Trd, 8639380.146, 63
Trd, 8639380.279, 63
Trd, 8639380.512, 60
Trd, 8639381.412, 62
Trd, 8639381.879, 66
Trd, 8639382.812, 60
Trd, 8639383.012, 60
Trd, 8639383.612, 60
Trd, 8639384.712, 60
Trd, 8639384.979, 61
Trd, 8639385.179, 63
Trd, 8639385.512, 64
Trd, 8639386.712, 60
Trd, 8639387.646, 60
Trd, 8639387.746, 60
Trd, 8639388.079, 60
Trd, 8639388.412, 61
Trd, 8639388.712, 61
Trd, 8639388.879, 61
Trd, 8639388.979, 61
Trd, 8639389.046, 62
Trd, 8639389.079, 63
Trd, 8639389.712, 64
Trd, 8639389.812, 62
Trd, 8639390.379, 60
Trd, 8639390.512, 61
Trd, 8639390.546, 67
Trd, 8639392.446, 65
Trd, 8639392.512, 65
Trd, 8639393.079, 62
Trd, 8639393.112, 63
Trd, 8639393.412, 62
Trd, 8639393.679, 63
Trd, 8639394.546, 61
Trd, 8639394.879, 62
Trd, 8639395.246, 63
Trd, 8639395.446, 63
Trd, 8639395.546, 62
Trd, 8639396.279, 61
Trd, 8639396.546, 60
Trd, 8639396.579, 62
Trd, 8639396.679, 62
Trd, 8639396.879, 63
Trd, 8639397.312, 63
Trd, 8639397.879, 61
Trd, 8639398.079, 64
Trd, 8639398.612, 62
Trd, 8639399.146, 127
Trd, 8639399.646, 140
Trd, 8639399.812, 140
Trd, 8639400.046, 140
Trd, 8639402.312, 60
Trd, 8639402.346, 60
Trd, 8639402.946, 60
Trd, 8639403.079, 61
Trd, 8639403.779, 60
Trd, 8639403.812, 60
Trd, 8639404.079, 60
Trd, 8639404.212, 61
Trd, 8639404.379, 61
Trd, 8639404.946, 60
Trd, 8639405.046, 62
Trd, 8639405.346, 61
Trd, 8639405.712, 60
Trd, 8639406.179, 60
Trd, 8639406.446, 61
Trd, 8639406.646, 60
Trd, 8639406.679, 61
Trd, 8639408.779, 60
Trd, 8639409.546, 60
Trd, 8639409.746, 60
Trd, 8639410.412, 60
Trd, 8639410.579, 60
Trd, 8639411.446, 60
Trd, 8639411.979, 60
Trd, 8639412.112, 61
Trd, 8639413.146, 60
Trd, 8639413.379, 60
Trd, 8639413.679, 60
Trd, 8639414.279, 61
Trd, 8639414.579, 60
Trd, 8639415.179, 60
Trd, 8639415.346, 61
Trd, 8639415.512, 61
Trd, 8639415.546, 60
Trd, 8639415.879, 64
Trd, 8639416.212, 64
Trd, 8639416.512, 63
Trd, 8639416.746, 62
Trd, 8639417.046, 60
Trd, 8639417.212, 64
Trd, 8639418.679, 60
Trd, 8639418.712, 61
Trd, 8639418.912, 61
Trd, 8639419.412, 62
Trd, 8639420.812, 60
Trd, 8639420.846, 62
Trd, 8639421.679, 62
Trd, 8639421.812, 63
Trd, 8639422.112, 60
Trd, 8639422.912, 60
Trd, 8639424.346, 60
Trd, 8639424.446, 60
Trd, 8639425.146, 60
Trd, 8639425.546, 60
Trd, 8639425.679, 62
Trd, 8639425.912, 61
Trd, 8639426.046, 60
Trd, 8639426.446, 62
Trd, 8639426.612, 62
Trd, 8639426.679, 64
Trd, 8639427.212, 66
Trd, 8639427.279, 139
Trd, 8639428.079, 67
Trd, 8639428.112, 65
Trd, 8639428.512, 137
Trd, 8639429.779, 60
Trd, 8639429.812, 60
Trd, 8639429.846, 61
Trd, 8639430.112, 61
Trd, 8639430.446, 61
Trd, 8639430.479, 63
Trd, 8639430.912, 66
Trd, 8639433.546, 60
Trd, 8639434.246, 60
Trd, 8639434.579, 60
Trd, 8639434.812, 60
Trd, 8639436.212, 60
Trd, 8639436.246, 61
Trd, 8639436.379, 61
Trd, 8639436.546, 62
Trd, 8639436.712, 64
Trd, 8639436.846, 65
Trd, 8639437.046, 72
Trd, 8639437.346, 63
Trd, 8639437.612, 64
Trd, 8639437.812, 62
Trd, 8639438.579, 63
Trd, 8639439.112, 70
Trd, 8639439.212, 64
Trd, 8639439.246, 62
Trd, 8639439.712, 60
Trd, 8639440.079, 140
Trd, 8639440.612, 137
Trd, 8639441.479, 60
Trd, 8639442.179, 61
Trd, 8639442.879, 60
Trd, 8639443.212, 60
Trd, 8639443.279, 60
Trd, 8639443.379, 60
Trd, 8639444.246, 65
Trd, 8639445.479, 60
Trd, 8639447.279, 60
Trd, 8639447.546, 60
Trd, 8639447.579, 60
Trd, 8639447.812, 60
Trd, 8639447.846, 60
Trd, 8639448.412, 61
Trd, 8639448.446, 62
Trd, 8639448.712, 62
Trd, 8639448.812, 62
Trd, 8639449.112, 61
Trd, 8639449.179, 60
Trd, 8639449.679, 60
Trd, 8639450.346, 61
Trd, 8639450.646, 65
Trd, 8639451.912, 61
Trd, 8639452.446, 60
Trd, 8639454.846, 60
Trd, 8639455.179, 60
Trd, 8639455.212, 60
Trd, 8639455.446, 61
Trd, 8639455.479, 61
Trd, 8639455.612, 62
Trd, 8639455.712, 61
Trd, 8639455.812, 65
Trd, 8639455.946, 68
Trd, 8639456.212, 61
Trd, 8639456.479, 60
Trd, 8639456.746, 64
Trd, 8639456.946, 60
Trd, 8639457.679, 65
Trd, 8639458.246, 62
Trd, 8639459.712, 60
Trd, 8639460.112, 61
Trd, 8639460.146, 61
Trd, 8639460.179, 62
Trd, 8639460.879, 60
Trd, 8639461.579, 60
Trd, 8639461.846, 60
Trd, 8639462.379, 60
Trd, 8639462.546, 60
Trd, 8639462.779, 60
Trd, 8639463.246, 60
Trd, 8639463.446, 61
Trd, 8639463.746, 62
Trd, 8639464.279, 62
Trd, 8639464.646, 65
Trd, 8639465.079, 65
Trd, 8639465.679, 64
Trd, 8639465.712, 66
Trd, 8639465.879, 63
Trd, 8639466.779, 61
Trd, 8639467.112, 64
Trd, 8639467.579, 63
Trd, 8639467.612, 60
Trd, 8639467.712, 64
Trd, 8639468.112, 65
Trd, 8639469.412, 60
Trd, 8639469.679, 60
Trd, 8639469.879, 64
Trd, 8639470.112, 60
Trd, 8639470.712, 61
Trd, 8639470.879, 62
Trd, 8639472.012, 61
Trd, 8639472.512, 62
Trd, 8639473.012, 61
Trd, 8639473.279, 63
Trd, 8639473.812, 60
Trd, 8639473.979, 60
Trd, 8639474.112, 61
Trd, 8639474.179, 62
Trd, 8639474.379, 63
Trd, 8639474.612, 60
Trd, 8639475.079, 61
Trd, 8639475.246, 65
Trd, 8639475.479, 63
Trd, 8639475.546, 69
Trd, 8639478.179, 60
Trd, 8639478.346, 64
Trd, 8639478.679, 61
Trd, 8639479.412, 62
Trd, 8639479.646, 61
Trd, 8639479.912, 61
Trd, 8639479.979, 60
Trd, 8639480.212, 63
Trd, 8639481.312, 60
Trd, 8639481.612, 60
Trd, 8639481.846, 60
Trd, 8639481.946, 60
Trd, 8639482.846, 60
Trd, 8639482.912, 62
Trd, 8639484.012, 60
Trd, 8639484.879, 62
Trd, 8639485.579, 60
Trd, 8639485.712, 61
Trd, 8639486.679, 60
Trd, 8639486.912, 60
Trd, 8639487.112, 61
Trd, 8639487.179, 60
Trd, 8639487.212, 62
Trd, 8639487.446, 61
Trd, 8639487.846, 60
Trd, 8639487.879, 61
Trd, 8639488.112, 62
Trd, 8639488.212, 65
Trd, 8639488.779, 67
Trd, 8639489.446, 60
Trd, 8639489.579, 60
Trd, 8639489.846, 61
Trd, 8639490.546, 60
Trd, 8639491.146, 61
Trd, 8639491.579, 62
Trd, 8639492.446, 60
Trd, 8639492.579, 61
Trd, 8639493.312, 60
Trd, 8639494.312, 60
Trd, 8639494.612, 60
Trd, 8639495.046, 69
Trd, 8639495.212, 60
Trd, 8639495.712, 63
Trd, 8639496.146, 73
Trd, 8639497.112, 60
Trd, 8639497.179, 60
Trd, 8639497.346, 60
Trd, 8639497.379, 61
Trd, 8639497.912, 63
Trd, 8639498.179, 62
Trd, 8639498.246, 62
Trd, 8639498.746, 60
Trd, 8639499.379, 60
Trd, 8639499.612, 61
Trd, 8639500.212, 61
Trd, 8639500.446, 61
Trd, 8639500.846, 62
Trd, 8639501.312, 61
Trd, 8639502.112, 60
Trd, 8639502.612, 60
Trd, 8639502.712, 60
Trd, 8639502.879, 60
Trd, 8639502.912, 60
Trd, 8639503.179, 62
Trd, 8639503.279, 61
Trd, 8639503.812, 61
Trd, 8639504.079, 62
Trd, 8639504.546, 62
Trd, 8639504.579, 63
Trd, 8639504.812, 61
Trd, 8639504.946, 62
Trd, 8639505.146, 64
Trd, 8639506.812, 140
Trd, 8639507.412, 140
Trd, 8639507.612, 140
Trd, 8639507.712, 140
Trd, 8639507.979, 140
Trd, 8639508.312, 140
Trd, 8639508.379, 140
Trd, 8639508.979, 140
Trd, 8639509.479, 140
Trd, 8639510.179, 140
Trd, 8639510.479, 140
Trd, 8639510.546, 139
Trd, 8639511.146, 140
Trd, 8639511.212, 139
Trd, 8639511.312, 126
Trd, 8639511.912, 140
Trd, 8639512.646, 140
Trd, 8639512.846, 140
Trd, 8639512.879, 139
Trd, 8639513.546, 60
Trd, 8639513.612, 64
Trd, 8639513.946, 67
Trd, 8639515.746, 60
Trd, 8639516.146, 60
Trd, 8639516.779, 61
Trd, 8639516.846, 62
Trd, 8639517.212, 60
Trd, 8639517.812, 61
Trd, 8639517.912, 62
Trd, 8639518.812, 60
Trd, 8639520.512, 60
Trd, 8639520.946, 60
Trd, 8639521.046, 60
Trd, 8639521.412, 62
Trd, 8639521.579, 63
Trd, 8639521.712, 65
Trd, 8639521.746, 72
Trd, 8639522.512, 60
Trd, 8639522.779, 65
Trd, 8639523.746, 60
Trd, 8639523.779, 62
Trd, 8639523.879, 63
Trd, 8639523.979, 63
Trd, 8639525.512, 60
Trd, 8639525.779, 60
Trd, 8639526.746, 60
Trd, 8639527.012, 60
Trd, 8639527.712, 60
Trd, 8639528.512, 60
Trd, 8639528.579, 60
Trd, 8639529.646, 60
Trd, 8639529.712, 61
Trd, 8639531.012, 60
Trd, 8639531.346, 60
Trd, 8639531.379, 60
Trd, 8639533.012, 60
Trd, 8639533.179, 60
Trd, 8639533.279, 60
Trd, 8639533.546, 60
Trd, 8639533.912, 60
Trd, 8639534.246, 61
Trd, 8639534.612, 62
Trd, 8639534.946, 61
Trd, 8639535.279, 62
Trd, 8639535.379, 61
Trd, 8639535.612, 66
Trd, 8639535.912, 60
Trd, 8639536.046, 69
Trd, 8639537.179, 61
Trd, 8639537.312, 68
Trd, 8639538.146, 60
Trd, 8639538.979, 61
Trd, 8639539.312, 60
Trd, 8639540.312, 60
Trd, 8639540.379, 62
Trd, 8639540.779, 65
Trd, 8639541.279, 60
Trd, 8639541.779, 60
Trd, 8639541.812, 64
Trd, 8639542.612, 63
Trd, 8639543.512, 61
Trd, 8639543.812, 64
Trd, 8639544.079, 62
Trd, 8639544.612, 62
Trd, 8639544.879, 61
Trd, 8639544.912, 63
Trd, 8639545.379, 61
Trd, 8639546.079, 63
Trd, 8639546.179, 62
Trd, 8639546.379, 66
Trd, 8639547.179, 64
Trd, 8639547.946, 60
Trd, 8639548.879, 60
Trd, 8639548.912, 61
Trd, 8639549.646, 60
Trd, 8639549.912, 60
Trd, 8639550.146, 61
Trd, 8639550.679, 60
Trd, 8639551.546, 60
Trd, 8639551.846, 60
Trd, 8639552.479, 60
Trd, 8639553.279, 60
Trd, 8639553.612, 60
Trd, 8639553.812, 60
Trd, 8639554.646, 60
Trd, 8639555.379, 60
Trd, 8639555.546, 60
Trd, 8639555.779, 61
Trd, 8639555.946, 64
Trd, 8639556.246, 62
Trd, 8639556.346, 60
Trd, 8639556.646, 60
Trd, 8639557.046, 63
Trd, 8639557.146, 62
Trd, 8639557.379, 63
Trd, 8639558.279, 60
Trd, 8639558.746, 61
Trd, 8639558.946, 61
Trd, 8639559.112, 62
Trd, 8639559.212, 61
Trd, 8639559.412, 61
Trd, 8639559.779, 60
Trd, 8639560.412, 60
Trd, 8639561.479, 60
Trd, 8639562.146, 60
Trd, 8639562.412, 60
Trd, 8639564.012, 60
Trd, 8639564.046, 60
Trd, 8639564.079, 61
Trd, 8639564.346, 61
Trd, 8639564.712, 60
Trd, 8639565.712, 60
Trd, 8639565.746, 60
Trd, 8639566.246, 64
Trd, 8639566.746, 63
Trd, 8639566.912, 60
Trd, 8639567.379, 60
Trd, 8639567.446, 61
Trd, 8639567.679, 63
Trd, 8639568.079, 61
Trd, 8639568.412, 61
Trd, 8639568.546, 60
Trd, 8639569.079, 62
Trd, 8639570.279, 60
Trd, 8639571.112, 60
Trd, 8639571.346, 61
Trd, 8639571.612, 60
Trd, 8639572.779, 60
Trd, 8639573.146, 62
Trd, 8639573.979, 60
Trd, 8639574.712, 60
Trd, 8639575.846, 60
Trd, 8639576.079, 60
Trd, 8639576.312, 60
Trd, 8639576.712, 60
Trd, 8639577.146, 60
Trd, 8639577.712, 60
Trd, 8639577.812, 61
Trd, 8639578.112, 61
Trd, 8639578.412, 61
Trd, 8639578.446, 61
Trd, 8639578.712, 62
Trd, 8639578.746, 60
Trd, 8639579.046, 62
Trd, 8639579.446, 65
Trd, 8639581.379, 60
Trd, 8639581.412, 61
Trd, 8639581.479, 62
Trd, 8639582.446, 60
Trd, 8639583.679, 60
Trd, 8639583.946, 60
Trd, 8639584.079, 60
Trd, 8639584.346, 60
Trd, 8639584.479, 61
Trd, 8639585.112, 60
Trd, 8639585.346, 60
Trd, 8639585.646, 61
Trd, 8639585.979, 60
Trd, 8639586.112, 60
Trd, 8639586.679, 60
Trd, 8639587.146, 61
Trd, 8639587.546, 60
Trd, 8639587.646, 61
Trd, 8639588.212, 61
Trd, 8639588.279, 66
Trd, 8639589.779, 60
Trd, 8639589.879, 63
Trd, 8639590.279, 60
Trd, 8639592.079, 60
Trd, 8639592.346, 60
Trd, 8639592.446, 61
Trd, 8639593.112, 62
Trd, 8639594.112, 60
Trd, 8639594.312, 60
Trd, 8639594.346, 62
Trd, 8639595.079, 60
Trd, 8639595.379, 60
Trd, 8639595.846, 60
Trd, 8639596.046, 60
Trd, 8639596.146, 60
Trd, 8639596.212, 60
Trd, 8639596.346, 61
Trd, 8639596.446, 61
Trd, 8639596.946, 62
Trd, 8639597.912, 62
Trd, 8639598.112, 64
Trd, 8639598.579, 61
Trd, 8639598.846, 64
Trd, 8639599.146, 62
Trd, 8639599.646, 62
Trd, 8639600.146, 61
Trd, 8639600.212, 64
Trd, 8639601.212, 60
Trd, 8639601.646, 61
Trd, 8639602.112, 61
Trd, 8639603.779, 60
Trd, 8639604.112, 60
Trd, 8639604.279, 60
Trd, 8639604.512, 63
Trd, 8639605.179, 60
Trd, 8639605.712, 62
Trd, 8639606.046, 62
Trd, 8639606.379, 64
Trd, 8639606.446, 62
Trd, 8639606.579, 61
Trd, 8639606.746, 62
Trd, 8639606.979, 64
Trd, 8639607.312, 62
Trd, 8639607.546, 64
Trd, 8639608.012, 64
Trd, 8639608.212, 138
Trd, 8639608.279, 101
Trd, 8639608.512, 63
Trd, 8639608.846, 63
Trd, 8639609.246, 140
Trd, 8639611.179, 65
Trd, 8639611.212, 66
Trd, 8639612.146, 60
Trd, 8639613.246, 61
Trd, 8639613.379, 64
Trd, 8639613.446, 64
Trd, 8639613.479, 67
Trd, 8639613.679, 61
Trd, 8639613.879, 60
Trd, 8639614.279, 61
Trd, 8639614.446, 61
Trd, 8639614.479, 64
Trd, 8639614.846, 60
Trd, 8639615.346, 60
Trd, 8639615.679, 65
Trd, 8639616.046, 60
Trd, 8639616.612, 61
Trd, 8639616.812, 60
Trd, 8639617.646, 60
Trd, 8639618.312, 60
Trd, 8639618.912, 60
Trd, 8639618.946, 64
Trd, 8639619.746, 61
Trd, 8639620.112, 60
Trd, 8639621.712, 60
Trd, 8639622.079, 60
Trd, 8639622.446, 61
Trd, 8639622.546, 61
Trd, 8639622.646, 62
Trd, 8639623.846, 61
Trd, 8639624.212, 60
Trd, 8639624.846, 60
Trd, 8639625.179, 61
Trd, 8639625.512, 61
Trd, 8639625.612, 61
Trd, 8639625.812, 60
Trd, 8639626.846, 60
Trd, 8639627.246, 61
Trd, 8639627.346, 61
Trd, 8639627.412, 63
Trd, 8639627.946, 61
Trd, 8639628.212, 60
Trd, 8639628.712, 60
Trd, 8639629.212, 60
Trd, 8639629.546, 61
Trd, 8639629.846, 61
Trd, 8639630.079, 62
Trd, 8639630.112, 69
Trd, 8639630.179, 61
Trd, 8639630.746, 63
Trd, 8639631.046, 62
Trd, 8639632.012, 60
Trd, 8639633.346, 60
Trd, 8639633.412, 61
Trd, 8639634.412, 60
Trd, 8639634.546, 60
Trd, 8639634.779, 61
Trd, 8639635.079, 61
Trd, 8639635.912, 60
Trd, 8639637.012, 60
Trd, 8639637.279, 60
Trd, 8639637.612, 60
Trd, 8639637.879, 60
Trd, 8639637.946, 61
Trd, 8639638.546, 62
Trd, 8639639.046, 60
Trd, 8639639.312, 61
Trd, 8639639.546, 62
Trd, 8639639.846, 66
Trd, 8639640.012, 61
Trd, 8639640.212, 62
Trd, 8639640.712, 60
Trd, 8639640.912, 66
Trd, 8639641.679, 63
Trd, 8639641.812, 62
Trd, 8639643.879, 60
Trd, 8639644.512, 60
Trd, 8639644.946, 60
Trd, 8639645.879, 61
Trd, 8639646.146, 61
Trd, 8639646.812, 60
Trd, 8639647.046, 62
Trd, 8639647.579, 62
Trd, 8639647.812, 60
Trd, 8639647.846, 63
Trd, 8639647.912, 60
Trd, 8639649.479, 60
Trd, 8639649.779, 60
Trd, 8639649.879, 60
Trd, 8639649.979, 61
Trd, 8639650.146, 62
Trd, 8639650.246, 60
Trd, 8639650.346, 63
Trd, 8639650.846, 64
Trd, 8639650.879, 62
Trd, 8639650.912, 61
Trd, 8639651.246, 63
Trd, 8639651.679, 63
Trd, 8639652.012, 66
Trd, 8639652.412, 62
Trd, 8639652.779, 65
Trd, 8639654.112, 60
Trd, 8639654.179, 60
Trd, 8639654.679, 60
Trd, 8639656.146, 60
Trd, 8639656.246, 63
Trd, 8639656.512, 61
Trd, 8639657.079, 60
Trd, 8639657.912, 60
Trd, 8639657.979, 60
Trd, 8639658.079, 62
Trd, 8639659.212, 61
Trd, 8639660.646, 60
Trd, 8639660.746, 60
Trd, 8639660.779, 60
Trd, 8639661.046, 60
Trd, 8639661.279, 61
Trd, 8639661.546, 62
Trd, 8639661.979, 67
Trd, 8639662.546, 60
Trd, 8639662.779, 60
Trd, 8639663.212, 61
Trd, 8639663.346, 60
Trd, 8639663.446, 62
Trd, 8639663.779, 63
Trd, 8639664.179, 64
Trd, 8639664.312, 60
Trd, 8639665.079, 62
Trd, 8639665.679, 60
Trd, 8639666.179, 60
Trd, 8639666.679, 61
Trd, 8639667.446, 60
Trd, 8639668.579, 61
Trd, 8639668.779, 62
Trd, 8639669.046, 63
Trd, 8639670.479, 60
Trd, 8639670.812, 61
Trd, 8639671.012, 61
Trd, 8639671.412, 61
Trd, 8639671.646, 60
Trd, 8639672.712, 60
Trd, 8639673.412, 60
Trd, 8639673.679, 60
Trd, 8639673.879, 60
Trd, 8639674.679, 60
Trd, 8639674.879, 60
Trd, 8639675.612, 61
Trd, 8639675.746, 61
Trd, 8639675.846, 60
Trd, 8639676.946, 60
Trd, 8639677.612, 61
Trd, 8639677.779, 61
Trd, 8639677.812, 61
Trd, 8639678.446, 61
Trd, 8639678.546, 63
Trd, 8639678.846, 63
Trd, 8639678.946, 63
Trd, 8639678.979, 62
Trd, 8639679.079, 61
Trd, 8639679.179, 72
Trd, 8639679.846, 62
Trd, 8639680.179, 61
Trd, 8639680.446, 61
Trd, 8639681.046, 60
Trd, 8639681.679, 60
Trd, 8639681.712, 60
Trd, 8639682.679, 60
Trd, 8639684.112, 60
Trd, 8639685.112, 60
Trd, 8639685.646, 60
Trd, 8639686.146, 60
Trd, 8639686.179, 60
Trd, 8639686.779, 60
Trd, 8639686.912, 60
Trd, 8639688.579, 60
Trd, 8639689.612, 60
Trd, 8639689.646, 61
Trd, 8639689.746, 61
Trd, 8639689.846, 60
Trd, 8639689.912, 62
Trd, 8639690.079, 60
Trd, 8639690.446, 61
Trd, 8639690.812, 60
Trd, 8639691.546, 62
Trd, 8639691.679, 63
Trd, 8639691.846, 61
Trd, 8639691.979, 62
Trd, 8639692.012, 61
Trd, 8639692.212, 62
Trd, 8639693.112, 60
Trd, 8639693.512, 60
Trd, 8639694.412, 60
Trd, 8639694.446, 60
Trd, 8639694.746, 61
Trd, 8639695.512, 60
Trd, 8639696.146, 61
Trd, 8639697.379, 60
Trd, 8639697.579, 60
Trd, 8639697.612, 60
Trd, 8639698.012, 66
Trd, 8639698.479, 60
Trd, 8639699.179, 63
Trd, 8639699.279, 64
Trd, 8639699.612, 62
Trd, 8639699.812, 63
Trd, 8639700.012, 60
Trd, 8639700.779, 63
Trd, 8639700.979, 65
Trd, 8639701.012, 63
Trd, 8639701.112, 140
Trd, 8639701.446, 140
Trd, 8639702.479, 140
Trd, 8639702.612, 139
Trd, 8639702.946, 140
Trd, 8639703.146, 139
Trd, 8639703.946, 70
Trd, 8639704.146, 67
Trd, 8639704.512, 66
Trd, 8639706.246, 60
Trd, 8639706.379, 60
Trd, 8639706.512, 60
Trd, 8639708.212, 60
Trd, 8639708.379, 62
Trd, 8639709.346, 60
Trd, 8639709.779, 62
Trd, 8639710.046, 60
Trd, 8639711.279, 60
Trd, 8639711.746, 60
Trd, 8639713.279, 60
Trd, 8639713.912, 60
Trd, 8639714.512, 62
Trd, 8639714.579, 63
Trd, 8639714.679, 62
Trd, 8639714.879, 60
Trd, 8639714.946, 63
Trd, 8639715.379, 64
Trd, 8639715.412, 65
Trd, 8639715.479, 66
Trd, 8639715.512, 65
Trd, 8639716.012, 66
Trd, 8639716.212, 60
Trd, 8639717.446, 60
Trd, 8639718.812, 60
Trd, 8639718.946, 60
Trd, 8639719.479, 60
Trd, 8639719.646, 61
Trd, 8639719.679, 62
Trd, 8639721.312, 60
Trd, 8639722.412, 60
Trd, 8639722.679, 60
Trd, 8639723.479, 60
Trd, 8639723.746, 60
Trd, 8639723.779, 60
Trd, 8639723.846, 61
Trd, 8639724.012, 61
Trd, 8639724.412, 64
Trd, 8639724.479, 64
Trd, 8639724.679, 64
Trd, 8639725.279, 67
Trd, 8639725.512, 65
Trd, 8639725.912, 67
Trd, 8639726.046, 66
Trd, 8639726.212, 140
Trd, 8639726.379, 65
Trd, 8639727.412, 138
Trd, 8639728.179, 140
Trd, 8639728.312, 140
Trd, 8639728.779, 140
Trd, 8639728.979, 140
Trd, 8639729.246, 139
Trd, 8639729.546, 139
Trd, 8639729.579, 103
Trd, 8639729.746, 61
Trd, 8639730.646, 60
Trd, 8639731.279, 62
Trd, 8639732.546, 140
Trd, 8639732.612, 140
Trd, 8639732.912, 140
Trd, 8639733.579, 140
Trd, 8639733.846, 140
Trd, 8639734.012, 138
Trd, 8639734.312, 132
Trd, 8639734.712, 62
Trd, 8639734.779, 66
Trd, 8639735.146, 61
Trd, 8639735.812, 139
Trd, 8639736.112, 66
Trd, 8639736.579, 140
Trd, 8639736.746, 139
Trd, 8639737.479, 140
Trd, 8639737.612, 140
Trd, 8639738.146, 140
Trd, 8639738.279, 140
Trd, 8639738.812, 99
Trd, 8639739.146, 140
Trd, 8639739.479, 88
Trd, 8639739.812, 87
Trd, 8639741.046, 140
Trd, 8639741.179, 140
Trd, 8639741.846, 140
Trd, 8639742.646, 140
Trd, 8639742.812, 140
Trd, 8639742.846, 140
Trd, 8639742.979, 140
Trd, 8639744.012, 140
Trd, 8639744.079, 138
Trd, 8639744.779, 140
Trd, 8639744.812, 139
Trd, 8639744.879, 137
Trd, 8639746.146, 140
Trd, 8639746.279, 140
Trd, 8639746.346, 140
Trd, 8639747.179, 140
Trd, 8639747.546, 140
Trd, 8639747.712, 140
Trd, 8639748.412, 140
Trd, 8639748.479, 140
Trd, 8639749.079, 140
Trd, 8639749.112, 140
Trd, 8639749.679, 140
Trd, 8639749.712, 139
Trd, 8639750.712, 140
Trd, 8639751.179, 140
Trd, 8639752.846, 140
Trd, 8639753.112, 140
Trd, 8639753.146, 139
Trd, 8639753.446, 140
Trd, 8639753.479, 139
Trd, 8639754.012, 140
Trd, 8639754.612, 139
Trd, 8639755.112, 140
Trd, 8639755.579, 140
Trd, 8639755.746, 140
Trd, 8639756.046, 136
Trd, 8639756.612, 117
Trd, 8639756.879, 94
Trd, 8639757.812, 66
Trd, 8639758.546, 138
Trd, 8639758.579, 66
Trd, 8639759.112, 140
Trd, 8639759.346, 138
Trd, 8639759.446, 137
Trd, 8639759.546, 74
Trd, 8639759.946, 140
Trd, 8639760.846, 140
Trd, 8639761.512, 140
Trd, 8639761.546, 140
Trd, 8639762.212, 140
Trd, 8639762.479, 140
Trd, 8639762.879, 140
Trd, 8639763.279, 140
Trd, 8639763.312, 140
Trd, 8639764.379, 140
Trd, 8639764.579, 140
Trd, 8639764.879, 140
Trd, 8639765.279, 138
Trd, 8639765.946, 140
Trd, 8639766.079, 140
Trd, 8639766.479, 140
Trd, 8639767.312, 140
Trd, 8639767.546, 139
Trd, 8639767.646, 138
Trd, 8639768.546, 140
Trd, 8639768.946, 139
Trd, 8639769.112, 140
Trd, 8639769.146, 140
Trd, 8639769.479, 140
Trd, 8639770.046, 140
Trd, 8639770.379, 140
Trd, 8639770.479, 140
Trd, 8639771.046, 140
Trd, 8639771.946, 140
Trd, 8639772.279, 140
Trd, 8639772.312, 138
Trd, 8639773.612, 140
Trd, 8639773.679, 139
Trd, 8639773.779, 138
Trd, 8639773.812, 130
Trd, 8639775.746, 61
Trd, 8639776.512, 60
Trd, 8639776.779, 60
Trd, 8639777.012, 60
Trd, 8639777.079, 66
Trd, 8639777.112, 69
Trd, 8639778.079, 63
Trd, 8639778.146, 64
Trd, 8639779.146, 60
Trd, 8639779.479, 60
Trd, 8639779.846, 60
Trd, 8639781.346, 62
Trd, 8639781.679, 60
Trd, 8639781.912, 60
Trd, 8639782.046, 61
Trd, 8639782.246, 62
Trd, 8639782.446, 64
Trd, 8639782.546, 66
Trd, 8639782.679, 62
Trd, 8639783.346, 62
Trd, 8639783.612, 62
Trd, 8639783.746, 62
Trd, 8639784.112, 61
Trd, 8639784.612, 63
Trd, 8639784.879, 67
Trd, 8639785.712, 61
Trd, 8639785.946, 60
Trd, 8639786.212, 71
Trd, 8639787.012, 61
Trd, 8639787.912, 60
Trd, 8639788.012, 60
Trd, 8639789.346, 60
Trd, 8639790.312, 60
Trd, 8639790.346, 60
Trd, 8639790.446, 60
Trd, 8639790.746, 60
Trd, 8639790.779, 62
Trd, 8639790.912, 62
Trd, 8639791.546, 62
Trd, 8639791.746, 65
Trd, 8639791.946, 63
Trd, 8639792.046, 62
Trd, 8639792.312, 61
Trd, 8639792.812, 60
Trd, 8639793.112, 62
Trd, 8639793.479, 60
Trd, 8639794.912, 60
Trd, 8639795.546, 60
Trd, 8639795.979, 60
Trd, 8639796.646, 60
Trd, 8639797.212, 60
Trd, 8639797.412, 60
Trd, 8639797.979, 60
Trd, 8639798.012, 61
Trd, 8639798.979, 60
Trd, 8639799.179, 61
Trd, 8639799.746, 60
Trd, 8639799.812, 62
Trd, 8639799.912, 63
Trd, 8639800.012, 60
Trd, 8639801.012, 60
Trd, 8639801.312, 61
Trd, 8639801.479, 60
Trd, 8639801.579, 61
Trd, 8639801.746, 62
Trd, 8639802.112, 61
Trd, 8639802.346, 61
Trd, 8639802.912, 60
Trd, 8639803.046, 61
Trd, 8639803.346, 60
Trd, 8639804.679, 60
Trd, 8639805.646, 60
Trd, 8639805.679, 61
Trd, 8639807.079, 60
Trd, 8639807.446, 60
Trd, 8639808.946, 60
Trd, 8639809.146, 60
Trd, 8639809.212, 61
Trd, 8639809.479, 61
Trd, 8639809.546, 63
Trd, 8639809.679, 61
Trd, 8639809.879, 63
Trd, 8639810.179, 61
Trd, 8639810.246, 64
Trd, 8639810.712, 63
Trd, 8639810.812, 61
Trd, 8639811.812, 60
Trd, 8639812.346, 60
Trd, 8639812.379, 61
Trd, 8639813.246, 62
Trd, 8639813.779, 60
Trd, 8639814.246, 62
Trd, 8639814.812, 60
Trd, 8639815.046, 62
Trd, 8639815.246, 62
Trd, 8639815.279, 62
Trd, 8639815.379, 65
Trd, 8639815.879, 61
Trd, 8639816.312, 60
Trd, 8639816.512, 64
Trd, 8639816.679, 60
Trd, 8639817.379, 60
Trd, 8639817.779, 60
Trd, 8639818.379, 61
Trd, 8639818.779, 61
Trd, 8639818.812, 63
Trd, 8639819.912, 60
Trd, 8639820.112, 62
Trd, 8639820.312, 63
Trd, 8639821.646, 60
Trd, 8639822.246, 60
Trd, 8639822.346, 60
Trd, 8639823.912, 60
Trd, 8639823.979, 61
Trd, 8639825.212, 61
Trd, 8639825.279, 60
Trd, 8639825.312, 61
Trd, 8639825.546, 60
Trd, 8639825.812, 62
Trd, 8639826.312, 62
Trd, 8639826.546, 69
Trd, 8639827.579, 66
Trd, 8639827.746, 70
Trd, 8639827.812, 66
Trd, 8639827.946, 65
Trd, 8639828.246, 71
Trd, 8639828.346, 72
Trd, 8639828.646, 65
Trd, 8639829.712, 61
Trd, 8639830.679, 60
Trd, 8639830.979, 61
Trd, 8639831.012, 62
Trd, 8639832.579, 61
Trd, 8639833.446, 60
Trd, 8639834.179, 60
Trd, 8639834.379, 60
Trd, 8639834.679, 60
Trd, 8639835.346, 62
Trd, 8639836.046, 60
Trd, 8639836.579, 60
Trd, 8639836.912, 60
Trd, 8639837.212, 61
Trd, 8639838.246, 60
Trd, 8639838.446, 60
Trd, 8639838.612, 60
Trd, 8639839.112, 60
Trd, 8639839.179, 60
Trd, 8639839.579, 62
Trd, 8639840.646, 62
Trd, 8639841.679, 60
Trd, 8639842.212, 60
Trd, 8639842.279, 60
Trd, 8639842.379, 61
Trd, 8639843.512, 61
Trd, 8639843.679, 60
Trd, 8639844.879, 60
Trd, 8639845.212, 60
Trd, 8639846.512, 60
Trd, 8639846.579, 60
Trd, 8639846.779, 61
Trd, 8639847.012, 64
Trd, 8639847.212, 64
Trd, 8639847.246, 69
Trd, 8639847.479, 63
Trd, 8639847.846, 60
Trd, 8639847.946, 60
Trd, 8639848.379, 62
Trd, 8639848.612, 61
Trd, 8639848.912, 62
Trd, 8639848.979, 63
Trd, 8639849.946, 60
Trd, 8639849.979, 61
Trd, 8639850.812, 60
Trd, 8639851.012, 60
Trd, 8639851.279, 61
Trd, 8639851.679, 63
Trd, 8639851.979, 64
Trd, 8639852.712, 64
Trd, 8639853.046, 64
Trd, 8639853.412, 60
Trd, 8639853.579, 65
Trd, 8639854.112, 140
Trd, 8639854.179, 140
Trd, 8639854.212, 139
Trd, 8639854.946, 140
Trd, 8639855.279, 140
Trd, 8639855.879, 138
Trd, 8639856.212, 135
Trd, 8639856.512, 137
Trd, 8639857.812, 138
Trd, 8639858.146, 140
Trd, 8639858.546, 138
Trd, 8639858.712, 139
Trd, 8639858.812, 138
Trd, 8639858.846, 136
Trd, 8639859.346, 138
Trd, 8639859.379, 136
Trd, 8639860.479, 140
Trd, 8639860.779, 140
Trd, 8639861.212, 140
Trd, 8639861.846, 140
Trd, 8639862.412, 140
Trd, 8639862.512, 140
Trd, 8639862.846, 140
Trd, 8639862.912, 139
Trd, 8639863.146, 140
Trd, 8639863.479, 138
Trd, 8639864.046, 140
Trd, 8639864.979, 140
Trd, 8639865.046, 140
Trd, 8639865.212, 140
Trd, 8639866.012, 139
Trd, 8639866.146, 140
Trd, 8639866.279, 140
Trd, 8639867.046, 140
Trd, 8639867.246, 140
Trd, 8639867.479, 140
Trd, 8639867.546, 133
Trd, 8639868.112, 127
Trd, 8639869.112, 140
Trd, 8639869.212, 140
Trd, 8639869.412, 140
Trd, 8639869.646, 140
Trd, 8639869.879, 96
Trd, 8639871.379, 60
Trd, 8639871.412, 60
Trd, 8639871.746, 62
Trd, 8639871.846, 65
Trd, 8639872.179, 60
Trd, 8639872.946, 60
Trd, 8639873.112, 60
Trd, 8639873.179, 61
Trd, 8639873.812, 61
Trd, 8639874.046, 60
Trd, 8639874.212, 62
Trd, 8639875.379, 61
Trd, 8639875.879, 61
Trd, 8639876.179, 62
Trd, 8639878.246, 60
Trd, 8639878.312, 62
Trd, 8639878.579, 60
Trd, 8639878.612, 60
Trd, 8639878.679, 62
Trd, 8639878.946, 62
Trd, 8639879.446, 60
Trd, 8639879.512, 62
Trd, 8639880.579, 60
Trd, 8639881.812, 60
Trd, 8639882.046, 60
Trd, 8639882.512, 60
Trd, 8639882.612, 61
Trd, 8639883.212, 60
Trd, 8639883.712, 61
Trd, 8639884.179, 62
Trd, 8639885.579, 60
Trd, 8639886.046, 60
Trd, 8639886.379, 60
Trd, 8639887.012, 60
Trd, 8639887.112, 60
Trd, 8639887.446, 60
Trd, 8639887.512, 62
Trd, 8639887.712, 62
Trd, 8639887.846, 63
Trd, 8639887.879, 63
Trd, 8639889.746, 60
Trd, 8639890.179, 60
Trd, 8639890.346, 60
Trd, 8639891.312, 61
Trd, 8639892.279, 60
Trd, 8639892.446, 61
Trd, 8639892.646, 60
Trd, 8639893.046, 61
Trd, 8639893.079, 61
Trd, 8639894.012, 60
Trd, 8639894.746, 60
Trd, 8639896.812, 60
Trd, 8639896.879, 60
Trd, 8639896.912, 61
Trd, 8639896.946, 62
Trd, 8639897.179, 61
Trd, 8639897.412, 61
Trd, 8639897.479, 61
Trd, 8639897.812, 62
Trd, 8639898.279, 61
Trd, 8639898.679, 65
Trd, 8639898.712, 64
Trd, 8639898.979, 61
Trd, 8639899.246, 60
Trd, 8639899.479, 60
Trd, 8639900.279, 61
Trd, 8639901.079, 60
Trd, 8639902.046, 60
Trd, 8639902.379, 61
Trd, 8639902.879, 62
Trd, 8639902.912, 63
Trd, 8639903.912, 60
Trd, 8639905.179, 60
Trd, 8639906.312, 60
Trd, 8639906.379, 60
Trd, 8639907.079, 60
Trd, 8639907.379, 60
Trd, 8639907.812, 60
Trd, 8639908.612, 60
Trd, 8639909.012, 61
Trd, 8639909.379, 62
Trd, 8639909.679, 60
Trd, 8639909.912, 62
Trd, 8639910.012, 63
Trd, 8639910.112, 64
Trd, 8639910.346, 64
Trd, 8639910.379, 62
Trd, 8639911.146, 65
Trd, 8639911.512, 64
Trd, 8639912.346, 60
Trd, 8639912.746, 60
Trd, 8639912.846, 60
Trd, 8639912.912, 60
Trd, 8639913.512, 61
Trd, 8639914.212, 60
Trd, 8639914.279, 63
Trd, 8639915.112, 61
Trd, 8639915.546, 62
Trd, 8639916.812, 60
Trd, 8639917.579, 60
Trd, 8639917.646, 60
Trd, 8639918.212, 60
Trd, 8639919.412, 60
Trd, 8639919.612, 62
Trd, 8639919.912, 60
Trd, 8639920.479, 60
Trd, 8639921.012, 60
Trd, 8639921.179, 60
Trd, 8639921.279, 61
Trd, 8639921.346, 60
Trd, 8639921.579, 61
Trd, 8639921.746, 61
Trd, 8639921.812, 62
Trd, 8639922.079, 64
Trd, 8639922.779, 63
Trd, 8639923.046, 62
Trd, 8639923.546, 65
Trd, 8639923.579, 64
Trd, 8639924.046, 136
Trd, 8639925.379, 140
Trd, 8639925.679, 140
Trd, 8639925.712, 140
Trd, 8639926.079, 140
Trd, 8639926.446, 140
Trd, 8639926.512, 139
Trd, 8639927.579, 140
Trd, 8639928.246, 140
Trd, 8639928.379, 139
Trd, 8639928.546, 137
Trd, 8639928.946, 63
Trd, 8639929.579, 140
Trd, 8639929.679, 140
Trd, 8639930.212, 140
Trd, 8639930.279, 125
Trd, 8639930.446, 140
Trd, 8639931.479, 140
Trd, 8639931.546, 140
Trd, 8639931.779, 139
Trd, 8639931.879, 135
Trd, 8639933.146, 140
Trd, 8639933.479, 139
Trd, 8639933.779, 138
Trd, 8639934.479, 140
Trd, 8639935.079, 140
Trd, 8639935.279, 140
Trd, 8639935.779, 140
Trd, 8639938.046, 140
Trd, 8639938.212, 140
Trd, 8639938.246, 140
Trd, 8639938.312, 140
Trd, 8639938.512, 140
Trd, 8639938.579, 139
Trd, 8639938.679, 139
Trd, 8639938.712, 136
Trd, 8639939.512, 140
Trd, 8639939.712, 139
Trd, 8639939.746, 101
Trd, 8639940.879, 106
Trd, 8639941.012, 75
Trd, 8639941.812, 60
Trd, 8639941.879, 60
Trd, 8639942.812, 60
Trd, 8639944.079, 60
Trd, 8639944.479, 61
Trd, 8639944.979, 60
Trd, 8639945.679, 60
Trd, 8639945.879, 61
Trd, 8639946.379, 61
Trd, 8639947.012, 60
Trd, 8639947.112, 61
Trd, 8639947.879, 60
Trd, 8639949.479, 60
Trd, 8639949.712, 60
Trd, 8639949.846, 60
Trd, 8639950.146, 63
Trd, 8639950.212, 62
Trd, 8639950.512, 64
Trd, 8639950.546, 68
Trd, 8639950.612, 74
Trd, 8639950.846, 140
Trd, 8639951.179, 64
Trd, 8639951.346, 64
Trd, 8639953.946, 60
Trd, 8639954.746, 60
Trd, 8639955.079, 60
Trd, 8639955.246, 60
Trd, 8639956.246, 60
Trd, 8639956.879, 61
Trd, 8639957.479, 60
Trd, 8639958.612, 60
Trd, 8639958.946, 60
Trd, 8639959.012, 61
Trd, 8639959.212, 61
Trd, 8639959.446, 61
Trd, 8639959.479, 61
Trd, 8639959.579, 62
Trd, 8639959.846, 62
Trd, 8639959.879, 61
Trd, 8639960.479, 61
Trd, 8639960.879, 61
Trd, 8639961.112, 67
Trd, 8639962.579, 60
Trd, 8639962.846, 60
Trd, 8639962.879, 61
Trd, 8639963.179, 62
Trd, 8639963.379, 61
Trd, 8639964.246, 62
Trd, 8639964.946, 60
Trd, 8639965.479, 62
Trd, 8639965.512, 62
Trd, 8639965.912, 62
Trd, 8639965.946, 62
Trd, 8639966.212, 64
Trd, 8639966.246, 67
Trd, 8639967.046, 69
Trd, 8639967.946, 60
Trd, 8639968.012, 60
Trd, 8639968.946, 61
Trd, 8639969.279, 61
Trd, 8639969.312, 62
Trd, 8639970.112, 64
Trd, 8639970.412, 63
Trd, 8639970.446, 64
Trd, 8639970.612, 64
Trd, 8639970.812, 63
Trd, 8639971.046, 63
Trd, 8639971.912, 63
Trd, 8639972.079, 65
Trd, 8639972.112, 66
Trd, 8639972.412, 64
Trd, 8639973.779, 60
Trd, 8639974.379, 60
Trd, 8639974.546, 60
Trd, 8639975.012, 61
Trd, 8639975.312, 61
Trd, 8639975.479, 60
Trd, 8639975.779, 61
Trd, 8639975.979, 63
Trd, 8639976.979, 63
Trd, 8639977.412, 60
Trd, 8639977.579, 60
Trd, 8639977.846, 60
Trd, 8639978.012, 60
Trd, 8639978.212, 60
Trd, 8639978.646, 62
Trd, 8639978.712, 67
Trd, 8639979.346, 60
Trd, 8639979.746, 60
Trd, 8639980.312, 64
Trd, 8639980.612, 63
Trd, 8639981.079, 61
Trd, 8639981.912, 61
Trd, 8639982.479, 61
Trd, 8639983.879, 60
Trd, 8639984.079, 60
Trd, 8639984.379, 60
Trd, 8639985.146, 60
Trd, 8639985.412, 61
Trd, 8639985.846, 61
Trd, 8639986.346, 60
Trd, 8639986.412, 60
Trd, 8639986.612, 60
Trd, 8639986.846, 60
Trd, 8639987.479, 61
Trd, 8639987.546, 61
Trd, 8639987.712, 61
Trd, 8639987.946, 60
Trd, 8639988.179, 60
Trd, 8639988.812, 60
Trd, 8639989.146, 61
Trd, 8639990.046, 60
Trd, 8639990.146, 60
Trd, 8639990.746, 64
Trd, 8639992.146, 60
Trd, 8639992.279, 60
Trd, 8639992.712, 60
Trd, 8639993.846, 60
Trd, 8639994.079, 60
Trd, 8639994.346, 63
Trd, 8639994.446, 65
Trd, 8639994.512, 61
Trd, 8639994.812, 60
Trd, 8639995.079, 63
Trd, 8639995.412, 62
Trd, 8639995.679, 62
Trd, 8639995.812, 62
Trd, 8639996.346, 70
Trd, 8639996.812, 75
Trd, 8639997.046, 140
Trd, 8639997.279, 86
Trd, 8639998.146, 60
Trd, 8639998.446, 65
Trd, 8639999.579, 60
