Trd, 8638757.479, 74
Trd, 8638757.646, 77
Trd, 8638758.012, 116
Trd, 8638758.312, 94
Trd, 8638759.579, 97
Trd, 8638760.012, 93
Trd, 8638760.312, 91
Trd, 8638760.446, 120
Trd, 8638761.279, 122
Trd, 8638762.479, 109
Trd, 8638763.446, 139
Trd, 8638764.079, 107
Trd, 8638764.346, 105
Trd, 8638765.512, 135
Trd, 8638765.579, 131
Trd, 8638766.279, 117
Trd, 8638766.479, 91
Trd, 8638766.946, 101
Trd, 8638767.012, 99
Trd, 8638767.346, 77
Trd, 8638767.546, 68
Trd, 8638768.079, 75
Trd, 8638769.012, 132
Trd, 8638769.446, 80
Trd, 8638770.179, 91
Trd, 8638770.712, 64
Trd, 8638770.946, 66
Trd, 8638771.279, 113
Trd, 8638772.146, 106
Trd, 8638772.279, 103
Trd, 8638772.579, 117
Trd, 8638773.279, 124
Trd, 8638773.546, 123
Trd, 8638773.679, 78
Trd, 8638775.246, 105
Trd, 8638775.412, 103
Trd, 8638775.779, 82
Trd, 8638776.546, 69
Trd, 8638776.746, 87
Trd, 8638776.946, 110
Trd, 8638777.046, 70
Trd, 8638777.579, 80
Trd, 8638778.312, 95
Trd, 8638778.712, 118
Trd, 8638779.046, 101
Trd, 8638779.312, 121
Trd, 8638779.579, 91
Trd, 8638779.679, 81
Trd, 8638780.479, 79
Trd, 8638780.779, 112
Trd, 8638781.546, 71
Trd, 8638781.812, 81
Trd, 8638782.112, 70
Trd, 8638782.279, 100
Trd, 8638782.379, 126
Trd, 8638783.279, 62
Trd, 8638783.412, 86
Trd, 8638784.879, 96
Trd, 8638785.146, 80
Trd, 8638785.179, 74
Trd, 8638785.546, 91
Trd, 8638787.179, 120
Trd, 8638787.246, 109
Trd, 8638787.479, 134
Trd, 8638787.746, 65
Trd, 8638789.046, 73
Trd, 8638789.212, 70
Trd, 8638789.279, 77
Trd, 8638789.612, 87
Trd, 8638789.679, 93
Trd, 8638789.912, 128
Trd, 8638790.579, 98
Trd, 8638791.446, 111
Trd, 8638791.579, 126
Trd, 8638792.346, 131
Trd, 8638792.412, 130
Trd, 8638792.612, 133
Trd, 8638793.479, 104
Trd, 8638793.512, 69
Trd, 8638793.879, 79
Trd, 8638793.912, 65
Trd, 8638794.246, 71
Trd, 8638794.946, 71
Trd, 8638795.379, 64
Trd, 8638796.912, 127
Trd, 8638797.579, 120
Trd, 8638797.612, 88
Trd, 8638797.712, 70
Trd, 8638798.279, 113
Trd, 8638798.546, 100
Trd, 8638798.612, 102
Trd, 8638799.079, 107
Trd, 8638799.512, 120
Trd, 8638800.312, 116
Trd, 8638801.446, 110
Trd, 8638801.779, 115
Trd, 8638802.179, 86
Trd, 8638802.546, 99
Trd, 8638802.679, 135
Trd, 8638803.279, 111
Trd, 8638803.646, 85
Trd, 8638804.779, 127
Trd, 8638805.746, 93
Trd, 8638805.912, 94
Trd, 8638806.512, 129
Trd, 8638806.746, 97
Trd, 8638807.412, 91
Trd, 8638807.879, 72
Trd, 8638808.279, 121
Trd, 8638808.312, 117
Trd, 8638809.146, 135
Trd, 8638809.246, 113
Trd, 8638809.312, 111
Trd, 8638809.612, 116
Trd, 8638810.479, 62
Trd, 8638810.579, 79
Trd, 8638811.612, 68
Trd, 8638812.346, 78
Trd, 8638812.579, 87
Trd, 8638813.012, 60
Trd, 8638813.679, 82
Trd, 8638814.112, 63
Trd, 8638815.246, 89
Trd, 8638815.979, 60
Trd, 8638816.079, 84
Trd, 8638816.146, 88
Trd, 8638816.346, 104
Trd, 8638816.612, 84
Trd, 8638817.246, 111
Trd, 8638817.279, 82
Trd, 8638817.612, 139
Trd, 8638818.379, 103
Trd, 8638819.146, 134
Trd, 8638819.812, 123
Trd, 8638820.279, 106
Trd, 8638820.879, 62
Trd, 8638822.612, 87
Trd, 8638822.812, 97
Trd, 8638822.946, 109
Trd, 8638823.046, 78
Trd, 8638823.512, 76
Trd, 8638824.046, 92
Trd, 8638824.879, 90
Trd, 8638825.979, 84
Trd, 8638826.246, 96
Trd, 8638826.612, 134
Trd, 8638826.946, 97
Trd, 8638827.246, 125
Trd, 8638828.112, 129
Trd, 8638828.479, 105
Trd, 8638828.512, 81
Trd, 8638829.179, 76
Trd, 8638830.479, 102
Trd, 8638830.779, 102
Trd, 8638830.879, 79
Trd, 8638831.079, 74
Trd, 8638832.246, 91
Trd, 8638832.579, 96
Trd, 8638832.779, 116
Trd, 8638833.679, 136
Trd, 8638834.179, 134
Trd, 8638834.779, 129
Trd, 8638835.412, 132
Trd, 8638835.546, 117
Trd, 8638836.246, 112
Trd, 8638836.379, 110
Trd, 8638836.779, 110
Trd, 8638837.779, 77
Trd, 8638838.146, 72
Trd, 8638838.812, 84
Trd, 8638838.846, 91
Trd, 8638838.979, 94
Trd, 8638839.012, 79
Trd, 8638839.446, 114
Trd, 8638841.446, 107
Trd, 8638841.812, 95
Trd, 8638841.846, 90
Trd, 8638842.179, 110
Trd, 8638842.446, 91
Trd, 8638843.779, 87
Trd, 8638844.346, 98
Trd, 8638844.412, 94
Trd, 8638844.746, 82
Trd, 8638845.079, 61
Trd, 8638845.279, 99
Trd, 8638845.546, 105
Trd, 8638846.112, 101
Trd, 8638846.512, 104
Trd, 8638847.946, 129
Trd, 8638848.012, 111
Trd, 8638848.946, 112
Trd, 8638849.046, 122
Trd, 8638849.146, 110
Trd, 8638850.279, 111
Trd, 8638850.746, 119
Trd, 8638851.146, 102
Trd, 8638851.479, 106
Trd, 8638851.546, 122
Trd, 8638852.012, 130
Trd, 8638852.246, 100
Trd, 8638852.646, 131
Trd, 8638853.612, 99
Trd, 8638854.646, 95
Trd, 8638855.179, 113
Trd, 8638855.512, 96
Trd, 8638855.812, 94
Trd, 8638855.846, 78
Trd, 8638857.246, 108
Trd, 8638857.446, 80
Trd, 8638858.646, 105
Trd, 8638859.512, 90
Trd, 8638859.679, 118
Trd, 8638859.779, 107
Trd, 8638859.812, 101
Trd, 8638860.379, 140
Trd, 8638860.412, 135
Trd, 8638861.246, 115
Trd, 8638861.679, 113
Trd, 8638862.879, 109
Trd, 8638863.079, 104
Trd, 8638863.679, 106
Trd, 8638863.746, 112
Trd, 8638864.146, 113
Trd, 8638864.279, 97
Trd, 8638864.346, 84
Trd, 8638865.179, 71
Trd, 8638865.446, 69
Trd, 8638865.546, 87
Trd, 8638866.646, 79
Trd, 8638867.179, 102
Trd, 8638867.279, 64
Trd, 8638867.612, 120
Trd, 8638868.512, 118
Trd, 8638868.912, 85
Trd, 8638869.312, 81
Trd, 8638869.779, 80
Trd, 8638870.012, 99
Trd, 8638870.112, 80
Trd, 8638870.979, 130
Trd, 8638871.479, 103
Trd, 8638871.779, 122
Trd, 8638872.912, 124
Trd, 8638873.346, 127
Trd, 8638873.446, 117
Trd, 8638873.546, 135
Trd, 8638874.412, 122
Trd, 8638874.812, 119
Trd, 8638876.012, 138
Trd, 8638876.046, 137
Trd, 8638876.412, 128
Trd, 8638876.946, 127
Trd, 8638877.379, 134
Trd, 8638877.879, 110
Trd, 8638878.046, 116
Trd, 8638878.112, 93
Trd, 8638878.679, 139
Trd, 8638878.746, 95
Trd, 8638878.979, 122
Trd, 8638879.046, 100
Trd, 8638879.812, 127
Trd, 8638881.246, 130
Trd, 8638882.412, 125
Trd, 8638882.912, 124
Trd, 8638883.312, 136
Trd, 8638883.712, 136
Trd, 8638884.079, 115
Trd, 8638884.112, 92
Trd, 8638884.279, 126
Trd, 8638884.546, 79
Trd, 8638884.779, 77
Trd, 8638885.746, 87
Trd, 8638886.012, 78
Trd, 8638886.146, 75
Trd, 8638886.379, 84
Trd, 8638887.179, 109
Trd, 8638888.146, 135
Trd, 8638888.212, 115
Trd, 8638888.679, 122
Trd, 8638888.779, 107
Trd, 8638890.179, 94
Trd, 8638890.479, 106
Trd, 8638890.612, 100
Trd, 8638890.746, 112
Trd, 8638891.612, 116
Trd, 8638892.779, 132
Trd, 8638892.812, 85
Trd, 8638893.579, 128
Trd, 8638894.046, 108
Trd, 8638894.946, 119
Trd, 8638895.179, 131
Trd, 8638895.312, 118
Trd, 8638895.679, 129
Trd, 8638895.779, 113
Trd, 8638896.179, 124
Trd, 8638896.312, 106
Trd, 8638898.146, 121
Trd, 8638898.246, 111
Trd, 8638898.912, 115
Trd, 8638899.212, 125
Trd, 8638899.279, 115
Trd, 8638899.512, 102
Trd, 8638900.146, 101
Trd, 8638900.179, 96
Trd, 8638900.312, 78
Trd, 8638900.912, 80
Trd, 8638901.212, 131
Trd, 8638901.379, 118
Trd, 8638902.346, 118
Trd, 8638902.679, 104
Trd, 8638903.212, 128
Trd, 8638903.679, 77
Trd, 8638904.746, 92
Trd, 8638905.012, 94
Trd, 8638905.112, 80
Trd, 8638905.446, 89
Trd, 8638906.246, 104
Trd, 8638906.812, 101
Trd, 8638907.112, 89
Trd, 8638907.846, 79
Trd, 8638907.979, 79
Trd, 8638908.112, 119
Trd, 8638908.346, 116
Trd, 8638908.412, 78
Trd, 8638908.912, 92
Trd, 8638909.346, 139
Trd, 8638910.646, 117
Trd, 8638910.679, 105
Trd, 8638911.046, 99
Trd, 8638911.279, 65
Trd, 8638911.946, 93
Trd, 8638912.179, 70
Trd, 8638912.212, 92
Trd, 8638913.346, 97
Trd, 8638913.746, 112
Trd, 8638914.179, 97
Trd, 8638914.279, 74
Trd, 8638915.346, 84
Trd, 8638915.412, 61
Trd, 8638915.679, 130
Trd, 8638915.712, 83
Trd, 8638916.346, 95
Trd, 8638917.079, 129
Trd, 8638917.946, 98
Trd, 8638918.779, 105
Trd, 8638919.112, 88
Trd, 8638919.779, 115
Trd, 8638920.312, 139
Trd, 8638920.512, 130
Trd, 8638920.746, 110
Trd, 8638921.246, 76
Trd, 8638922.579, 96
Trd, 8638922.912, 104
Trd, 8638923.179, 87
Trd, 8638923.412, 113
Trd, 8638924.146, 100
Trd, 8638925.046, 119
Trd, 8638925.412, 106
Trd, 8638925.546, 104
Trd, 8638926.546, 120
Trd, 8638926.612, 110
Trd, 8638927.046, 135
Trd, 8638928.112, 91
Trd, 8638928.212, 97
Trd, 8638928.379, 132
Trd, 8638929.512, 133
Trd, 8638929.712, 124
Trd, 8638929.946, 114
Trd, 8638930.112, 97
Trd, 8638930.779, 87
Trd, 8638931.079, 97
Trd, 8638931.579, 114
Trd, 8638932.046, 71
Trd, 8638933.612, 112
Trd, 8638933.946, 124
Trd, 8638935.446, 123
Trd, 8638936.246, 102
Trd, 8638936.579, 97
Trd, 8638936.779, 79
Trd, 8638936.879, 82
Trd, 8638937.679, 120
Trd, 8638937.912, 115
Trd, 8638938.779, 98
Trd, 8638939.212, 87
Trd, 8638940.312, 127
Trd, 8638940.412, 116
Trd, 8638940.846, 96
Trd, 8638941.279, 88
Trd, 8638941.479, 88
Trd, 8638942.046, 123
Trd, 8638942.346, 83
Trd, 8638943.579, 117
Trd, 8638943.646, 119
Trd, 8638943.746, 100
Trd, 8638944.846, 108
Trd, 8638945.112, 134
Trd, 8638945.579, 116
Trd, 8638946.046, 110
Trd, 8638946.212, 76
Trd, 8638946.646, 64
Trd, 8638947.179, 63
Trd, 8638947.579, 91
Trd, 8638948.379, 123
Trd, 8638949.179, 91
Trd, 8638950.279, 121
Trd, 8638950.612, 134
Trd, 8638950.846, 81
Trd, 8638950.946, 77
Trd, 8638951.246, 126
Trd, 8638951.812, 117
Trd, 8638952.379, 98
Trd, 8638952.612, 125
Trd, 8638952.846, 107
Trd, 8638952.979, 63
Trd, 8638953.746, 105
Trd, 8638954.112, 94
Trd, 8638955.346, 134
Trd, 8638956.112, 124
Trd, 8638956.312, 137
Trd, 8638956.612, 109
Trd, 8638956.712, 100
Trd, 8638956.979, 127
Trd, 8638957.912, 97
Trd, 8638958.179, 70
Trd, 8638959.379, 100
Trd, 8638960.079, 102
Trd, 8638960.912, 90
Trd, 8638961.446, 105
Trd, 8638961.512, 84
Trd, 8638962.712, 110
Trd, 8638963.212, 106
Trd, 8638963.512, 139
Trd, 8638963.712, 104
Trd, 8638963.746, 102
Trd, 8638963.779, 96
Trd, 8638964.346, 83
Trd, 8638964.579, 135
Trd, 8638965.312, 68
Trd, 8638965.446, 62
Trd, 8638965.746, 105
Trd, 8638966.179, 105
Trd, 8638966.579, 122
Trd, 8638966.712, 119
Trd, 8638967.079, 115
Trd, 8638967.779, 130
Trd, 8638968.546, 116
Trd, 8638968.946, 135
Trd, 8638969.579, 78
Trd, 8638969.712, 136
Trd, 8638970.412, 112
Trd, 8638971.446, 115
Trd, 8638971.946, 86
Trd, 8638972.679, 135
Trd, 8638973.979, 88
Trd, 8638974.312, 119
Trd, 8638974.646, 130
Trd, 8638974.879, 63
Trd, 8638975.112, 100
Trd, 8638975.312, 75
Trd, 8638975.612, 127
Trd, 8638976.079, 128
Trd, 8638976.179, 113
Trd, 8638977.612, 98
Trd, 8638977.812, 93
Trd, 8638977.979, 98
Trd, 8638978.179, 95
Trd, 8638979.612, 79
Trd, 8638979.746, 82
Trd, 8638980.012, 99
Trd, 8638980.512, 86
Trd, 8638981.112, 117
Trd, 8638981.246, 105
Trd, 8638982.079, 131
Trd, 8638982.346, 99
Trd, 8638982.746, 83
Trd, 8638983.046, 98
Trd, 8638983.979, 134
Trd, 8638984.146, 118
Trd, 8638984.812, 134
Trd, 8638984.946, 128
Trd, 8638985.179, 129
Trd, 8638985.479, 103
Trd, 8638986.279, 93
Trd, 8638986.479, 85
Trd, 8638987.212, 108
Trd, 8638987.346, 77
Trd, 8638987.646, 114
Trd, 8638988.812, 70
Trd, 8638989.112, 113
Trd, 8638990.379, 127
Trd, 8638990.779, 132
Trd, 8638990.912, 121
Trd, 8638991.046, 111
Trd, 8638991.146, 91
Trd, 8638991.346, 80
Trd, 8638991.679, 108
Trd, 8638992.346, 96
Trd, 8638992.646, 116
Trd, 8638993.346, 108
Trd, 8638993.479, 86
Trd, 8638994.046, 87
Trd, 8638994.446, 93
Trd, 8638995.046, 103
Trd, 8638995.312, 69
Trd, 8638996.112, 93
Trd, 8638996.512, 100
Trd, 8638997.079, 129
Trd, 8638997.179, 111
Trd, 8638999.546, 86
Trd, 8638999.646, 103
Trd, 8638999.779, 84
Trd, 8639000.212, 99
Trd, 8639000.512, 78
Trd, 8639001.679, 83
Trd, 8639002.146, 127
Trd, 8639002.179, 131
Trd, 8639002.379, 132
Trd, 8639003.246, 112
Trd, 8639003.979, 93
Trd, 8639004.246, 96
Trd, 8639005.012, 109
Trd, 8639005.146, 101
Trd, 8639005.846, 105
Trd, 8639006.312, 100
Trd, 8639006.812, 135
Trd, 8639007.212, 130
Trd, 8639007.879, 128
Trd, 8639009.246, 95
Trd, 8639009.646, 116
Trd, 8639009.912, 96
Trd, 8639010.046, 89
Trd, 8639010.112, 84
Trd, 8639010.979, 118
Trd, 8639011.046, 126
Trd, 8639011.679, 107
Trd, 8639012.812, 92
Trd, 8639013.046, 107
Trd, 8639013.979, 133
Trd, 8639014.112, 129
Trd, 8639014.346, 115
Trd, 8639014.979, 94
Trd, 8639015.246, 87
Trd, 8639015.279, 71
Trd, 8639015.846, 94
Trd, 8639016.312, 109
Trd, 8639017.479, 117
Trd, 8639018.312, 83
Trd, 8639018.446, 67
Trd, 8639018.846, 97
Trd, 8639019.446, 125
Trd, 8639019.712, 130
Trd, 8639021.312, 75
Trd, 8639021.712, 94
Trd, 8639022.112, 107
Trd, 8639022.146, 107
Trd, 8639022.279, 74
Trd, 8639022.579, 69
Trd, 8639023.412, 133
Trd, 8639023.846, 98
Trd, 8639024.279, 95
Trd, 8639024.546, 126
Trd, 8639025.312, 92
Trd, 8639026.046, 71
Trd, 8639026.212, 93
Trd, 8639026.246, 106
Trd, 8639026.712, 92
Trd, 8639027.112, 95
Trd, 8639027.346, 137
Trd, 8639027.446, 140
Trd, 8639028.979, 121
Trd, 8639029.346, 130
Trd, 8639029.446, 107
Trd, 8639030.912, 117
Trd, 8639031.012, 114
Trd, 8639031.112, 112
Trd, 8639031.346, 118
Trd, 8639031.579, 91
Trd, 8639032.112, 116
Trd, 8639032.212, 118
Trd, 8639032.246, 87
Trd, 8639032.479, 92
Trd, 8639033.812, 102
Trd, 8639034.012, 109
Trd, 8639034.212, 94
Trd, 8639034.612, 124
Trd, 8639035.712, 100
Trd, 8639036.212, 100
Trd, 8639036.312, 127
Trd, 8639036.412, 124
Trd, 8639036.646, 110
Trd, 8639036.812, 99
Trd, 8639037.612, 121
Trd, 8639037.846, 88
Trd, 8639038.679, 104
Trd, 8639038.979, 71
Trd, 8639039.812, 82
Trd, 8639040.146, 95
Trd, 8639040.179, 89
Trd, 8639041.546, 102
Trd, 8639041.646, 114
Trd, 8639043.212, 105
Trd, 8639044.046, 126
Trd, 8639045.012, 130
Trd, 8639045.379, 129
Trd, 8639045.679, 103
Trd, 8639045.846, 97
Trd, 8639046.312, 124
Trd, 8639046.512, 117
Trd, 8639046.946, 112
Trd, 8639047.912, 114
Trd, 8639047.979, 111
Trd, 8639048.046, 124
Trd, 8639049.079, 134
Trd, 8639049.646, 110
Trd, 8639050.079, 124
Trd, 8639050.212, 115
Trd, 8639050.746, 139
Trd, 8639050.979, 111
Trd, 8639051.146, 100
Trd, 8639051.546, 104
Trd, 8639052.279, 132
Trd, 8639052.746, 116
Trd, 8639053.112, 122
Trd, 8639053.279, 114
Trd, 8639053.812, 113
Trd, 8639053.912, 111
Trd, 8639054.579, 121
Trd, 8639055.279, 125
Trd, 8639055.846, 104
Trd, 8639057.112, 124
Trd, 8639058.379, 110
Trd, 8639058.746, 103
Trd, 8639059.079, 138
Trd, 8639059.112, 104
Trd, 8639059.279, 102
Trd, 8639059.379, 101
Trd, 8639059.912, 114
Trd, 8639060.479, 129
Trd, 8639060.612, 111
Trd, 8639061.112, 111
Trd, 8639061.579, 125
Trd, 8639062.446, 117
Trd, 8639063.579, 122
Trd, 8639064.079, 134
Trd, 8639064.346, 88
Trd, 8639065.179, 95
Trd, 8639066.179, 110
Trd, 8639066.312, 106
Trd, 8639066.979, 105
Trd, 8639067.212, 120
Trd, 8639067.479, 114
Trd, 8639068.246, 104
Trd, 8639068.546, 90
Trd, 8639068.646, 88
Trd, 8639068.846, 115
Trd, 8639069.279, 113
Trd, 8639069.912, 95
Trd, 8639070.346, 105
Trd, 8639071.379, 137
Trd, 8639071.479, 78
Trd, 8639072.446, 69
Trd, 8639072.779, 100
Trd, 8639073.079, 114
Trd, 8639073.546, 93
Trd, 8639073.712, 105
Trd, 8639074.412, 118
Trd, 8639074.946, 125
Trd, 8639076.512, 116
Trd, 8639077.046, 109
Trd, 8639077.112, 118
Trd, 8639077.412, 123
Trd, 8639077.612, 118
Trd, 8639078.312, 119
Trd, 8639078.512, 118
Trd, 8639079.579, 106
Trd, 8639079.746, 75
Trd, 8639079.812, 88
Trd, 8639080.412, 115
Trd, 8639081.146, 128
Trd, 8639081.346, 126
Trd, 8639081.679, 109
Trd, 8639081.712, 84
Trd, 8639082.246, 122
Trd, 8639083.712, 112
Trd, 8639083.779, 115
Trd, 8639084.412, 87
Trd, 8639084.979, 98
Trd, 8639085.212, 116
Trd, 8639085.312, 97
Trd, 8639086.346, 110
Trd, 8639086.712, 98
Trd, 8639086.912, 85
Trd, 8639087.379, 104
Trd, 8639087.879, 122
Trd, 8639088.012, 77
Trd, 8639088.246, 75
Trd, 8639088.412, 72
Trd, 8639089.412, 78
Trd, 8639089.579, 129
Trd, 8639089.812, 116
Trd, 8639089.912, 118
Trd, 8639091.012, 129
Trd, 8639092.112, 76
Trd, 8639092.379, 79
Trd, 8639092.546, 90
Trd, 8639092.646, 99
Trd, 8639092.746, 80
Trd, 8639093.112, 97
Trd, 8639093.512, 91
Trd, 8639093.779, 83
Trd, 8639094.346, 105
Trd, 8639094.612, 130
Trd, 8639095.679, 77
Trd, 8639096.346, 87
Trd, 8639096.812, 103
Trd, 8639096.879, 77
Trd, 8639098.679, 118
Trd, 8639098.779, 116
Trd, 8639099.246, 105
Trd, 8639099.546, 98
Trd, 8639099.612, 95
Trd, 8639099.979, 104
Trd, 8639100.046, 102
Trd, 8639100.179, 134
Trd, 8639100.646, 92
Trd, 8639101.246, 72
Trd, 8639102.746, 71
Trd, 8639102.979, 98
Trd, 8639103.579, 77
Trd, 8639104.346, 139
Trd, 8639104.512, 101
Trd, 8639105.146, 122
Trd, 8639105.312, 122
Trd, 8639105.912, 110
Trd, 8639106.146, 106
Trd, 8639106.246, 99
Trd, 8639107.112, 113
Trd, 8639108.112, 125
Trd, 8639108.679, 120
Trd, 8639109.879, 88
Trd, 8639110.112, 74
Trd, 8639110.846, 86
Trd, 8639111.146, 104
Trd, 8639111.312, 81
Trd, 8639111.679, 126
Trd, 8639112.179, 96
Trd, 8639113.379, 130
Trd, 8639114.079, 118
Trd, 8639114.146, 116
Trd, 8639114.246, 118
Trd, 8639115.079, 121
Trd, 8639115.912, 131
Trd, 8639115.946, 120
Trd, 8639116.279, 103
Trd, 8639117.046, 92
Trd, 8639117.279, 105
Trd, 8639117.546, 92
Trd, 8639117.912, 133
Trd, 8639118.012, 130
Trd, 8639118.779, 81
Trd, 8639119.246, 119
Trd, 8639120.279, 126
Trd, 8639121.079, 100
Trd, 8639121.212, 96
Trd, 8639121.346, 94
Trd, 8639121.979, 118
Trd, 8639122.212, 137
Trd, 8639123.046, 133
Trd, 8639123.246, 127
Trd, 8639123.946, 104
Trd, 8639124.046, 91
Trd, 8639124.312, 81
Trd, 8639124.646, 112
Trd, 8639124.712, 64
Trd, 8639125.912, 125
Trd, 8639126.346, 100
Trd, 8639126.912, 132
Trd, 8639127.146, 93
Trd, 8639127.246, 94
Trd, 8639128.379, 116
Trd, 8639128.479, 112
Trd, 8639128.779, 101
Trd, 8639130.279, 117
Trd, 8639130.379, 98
Trd, 8639130.746, 97
Trd, 8639130.812, 85
Trd, 8639131.079, 96
Trd, 8639132.146, 95
Trd, 8639132.212, 99
Trd, 8639132.246, 93
Trd, 8639132.946, 127
Trd, 8639133.912, 131
Trd, 8639134.046, 137
Trd, 8639134.312, 125
Trd, 8639135.012, 118
Trd, 8639136.146, 106
Trd, 8639136.979, 124
Trd, 8639137.179, 114
Trd, 8639137.379, 106
Trd, 8639137.479, 109
Trd, 8639137.612, 106
Trd, 8639137.746, 85
Trd, 8639138.312, 110
Trd, 8639139.179, 109
Trd, 8639139.446, 84
Trd, 8639140.179, 122
Trd, 8639140.912, 132
Trd, 8639141.146, 110
Trd, 8639141.279, 102
Trd, 8639141.512, 100
Trd, 8639141.979, 99
Trd, 8639142.346, 116
Trd, 8639143.212, 100
Trd, 8639143.412, 74
Trd, 8639143.712, 86
Trd, 8639144.346, 80
Trd, 8639145.112, 117
Trd, 8639145.179, 103
Trd, 8639145.612, 91
Trd, 8639145.912, 129
Trd, 8639146.146, 82
Trd, 8639147.146, 88
Trd, 8639147.379, 112
Trd, 8639148.279, 70
Trd, 8639148.912, 68
Trd, 8639149.246, 78
Trd, 8639149.912, 84
Trd, 8639150.212, 98
Trd, 8639150.379, 132
Trd, 8639150.746, 125
Trd, 8639151.812, 131
Trd, 8639152.312, 124
Trd, 8639152.346, 112
Trd, 8639152.812, 121
Trd, 8639152.979, 104
Trd, 8639153.846, 106
Trd, 8639153.912, 88
Trd, 8639154.946, 139
Trd, 8639155.312, 133
Trd, 8639155.679, 134
Trd, 8639156.812, 120
Trd, 8639156.879, 109
Trd, 8639157.279, 109
Trd, 8639157.346, 100
Trd, 8639157.579, 89
Trd, 8639158.512, 132
Trd, 8639158.712, 126
Trd, 8639159.146, 130
Trd, 8639159.446, 112
Trd, 8639160.112, 130
Trd, 8639160.746, 116
Trd, 8639161.546, 140
Trd, 8639161.646, 135
Trd, 8639161.746, 101
Trd, 8639162.512, 96
Trd, 8639162.912, 99
Trd, 8639163.379, 94
Trd, 8639163.646, 79
Trd, 8639164.212, 86
Trd, 8639164.446, 103
Trd, 8639165.346, 135
Trd, 8639165.646, 139
Trd, 8639165.946, 132
Trd, 8639166.979, 93
Trd, 8639167.346, 107
Trd, 8639168.812, 108
Trd, 8639169.112, 94
Trd, 8639169.646, 83
Trd, 8639169.979, 108
Trd, 8639170.246, 122
Trd, 8639170.279, 103
Trd, 8639170.546, 125
Trd, 8639170.679, 131
Trd, 8639171.012, 96
Trd, 8639171.412, 137
Trd, 8639172.546, 121
Trd, 8639173.212, 86
Trd, 8639173.579, 90
Trd, 8639173.746, 100
Trd, 8639174.712, 110
Trd, 8639174.846, 109
Trd, 8639174.946, 97
Trd, 8639175.646, 87
Trd, 8639176.379, 100
Trd, 8639177.246, 109
Trd, 8639177.312, 119
Trd, 8639177.646, 110
Trd, 8639178.112, 119
Trd, 8639178.146, 101
Trd, 8639179.946, 88
Trd, 8639180.012, 83
Trd, 8639180.312, 105
Trd, 8639180.346, 73
Trd, 8639180.579, 108
Trd, 8639181.179, 65
Trd, 8639181.546, 106
Trd, 8639181.612, 87
Trd, 8639182.812, 93
Trd, 8639183.212, 95
Trd, 8639183.712, 84
Trd, 8639183.779, 95
Trd, 8639184.479, 121
Trd, 8639185.346, 93
Trd, 8639185.512, 89
Trd, 8639186.746, 99
Trd, 8639187.279, 95
Trd, 8639187.412, 119
Trd, 8639188.512, 117
Trd, 8639188.846, 122
Trd, 8639189.312, 131
Trd, 8639189.346, 130
Trd, 8639189.379, 134
Trd, 8639189.546, 119
Trd, 8639190.446, 96
Trd, 8639190.479, 75
Trd, 8639191.212, 114
Trd, 8639191.679, 87
Trd, 8639192.446, 74
Trd, 8639192.512, 68
Trd, 8639193.712, 119
Trd, 8639194.146, 86
Trd, 8639195.279, 114
Trd, 8639195.479, 110
Trd, 8639196.479, 88
Trd, 8639196.879, 99
Trd, 8639197.412, 83
Trd, 8639197.679, 86
Trd, 8639198.179, 126
Trd, 8639198.279, 73
Trd, 8639199.679, 113
Trd, 8639199.779, 124
Trd, 8639199.912, 112
Trd, 8639200.379, 111
Trd, 8639200.546, 100
Trd, 8639201.146, 107
Trd, 8639201.412, 125
Trd, 8639201.912, 95
Trd, 8639202.746, 111
Trd, 8639203.379, 120
Trd, 8639203.512, 72
Trd, 8639204.146, 95
Trd, 8639204.546, 103
Trd, 8639205.112, 129
Trd, 8639205.346, 107
Trd, 8639205.579, 97
Trd, 8639206.479, 138
Trd, 8639206.612, 116
Trd, 8639207.479, 110
Trd, 8639208.212, 119
Trd, 8639208.546, 102
Trd, 8639208.612, 120
Trd, 8639209.179, 92
Trd, 8639209.812, 70
Trd, 8639209.879, 78
Trd, 8639210.712, 81
Trd, 8639210.812, 82
Trd, 8639211.379, 101
Trd, 8639211.479, 101
Trd, 8639212.546, 100
Trd, 8639212.579, 130
Trd, 8639213.146, 126
Trd, 8639213.246, 85
Trd, 8639213.479, 78
Trd, 8639214.279, 81
Trd, 8639214.412, 97
Trd, 8639214.912, 82
Trd, 8639215.279, 79
Trd, 8639215.946, 113
Trd, 8639216.512, 101
Trd, 8639216.946, 84
Trd, 8639217.679, 114
Trd, 8639217.979, 84
Trd, 8639218.279, 80
Trd, 8639218.546, 124
Trd, 8639219.512, 130
Trd, 8639219.846, 128
Trd, 8639219.979, 109
Trd, 8639220.546, 85
Trd, 8639220.646, 92
Trd, 8639221.546, 105
Trd, 8639221.779, 105
Trd, 8639222.179, 98
Trd, 8639222.579, 96
Trd, 8639223.746, 123
Trd, 8639223.912, 118
Trd, 8639224.079, 129
Trd, 8639224.346, 108
Trd, 8639224.712, 98
Trd, 8639224.912, 133
Trd, 8639225.012, 85
Trd, 8639225.512, 89
Trd, 8639225.712, 93
Trd, 8639225.779, 98
Trd, 8639226.212, 96
Trd, 8639226.479, 84
Trd, 8639226.679, 77
Trd, 8639227.346, 72
Trd, 8639227.579, 62
Trd, 8639228.346, 79
Trd, 8639229.146, 111
Trd, 8639229.879, 118
Trd, 8639230.546, 114
Trd, 8639230.912, 101
Trd, 8639231.579, 117
Trd, 8639231.779, 79
Trd, 8639232.212, 109
Trd, 8639232.312, 123
Trd, 8639232.479, 138
Trd, 8639233.512, 126
Trd, 8639234.779, 114
Trd, 8639235.179, 124
Trd, 8639235.646, 117
Trd, 8639236.712, 118
Trd, 8639236.779, 113
Trd, 8639237.146, 113
Trd, 8639237.212, 136
Trd, 8639237.279, 119
Trd, 8639237.412, 106
Trd, 8639238.279, 111
Trd, 8639238.912, 104
Trd, 8639239.112, 103
Trd, 8639239.412, 91
Trd, 8639240.046, 99
Trd, 8639240.779, 79
Trd, 8639240.979, 85
Trd, 8639241.379, 116
Trd, 8639241.846, 72
Trd, 8639241.979, 78
Trd, 8639242.079, 71
Trd, 8639242.246, 93
Trd, 8639243.412, 77
Trd, 8639243.546, 85
Trd, 8639243.912, 129
Trd, 8639245.412, 112
Trd, 8639246.279, 114
Trd, 8639246.346, 93
Trd, 8639246.712, 96
Trd, 8639247.012, 109
Trd, 8639247.079, 88
Trd, 8639247.346, 126
Trd, 8639248.046, 124
Trd, 8639248.346, 106
Trd, 8639249.212, 91
Trd, 8639249.512, 78
Trd, 8639249.812, 78
Trd, 8639250.212, 118
Trd, 8639250.579, 125
Trd, 8639251.412, 109
Trd, 8639251.546, 123
Trd, 8639251.712, 108
Trd, 8639252.012, 101
Trd, 8639252.579, 129
Trd, 8639252.912, 92
Trd, 8639253.046, 103
Trd, 8639253.312, 119
Trd, 8639254.579, 87
Trd, 8639254.746, 125
Trd, 8639254.879, 129
Trd, 8639255.112, 65
Trd, 8639257.012, 121
Trd, 8639257.146, 114
Trd, 8639258.012, 102
Trd, 8639258.179, 100
Trd, 8639258.412, 100
Trd, 8639259.512, 91
Trd, 8639259.812, 102
Trd, 8639259.846, 93
Trd, 8639259.912, 105
Trd, 8639260.079, 84
Trd, 8639260.446, 112
Trd, 8639261.346, 134
Trd, 8639261.812, 82
Trd, 8639262.546, 123
Trd, 8639263.012, 116
Trd, 8639263.579, 136
Trd, 8639263.646, 102
Trd, 8639263.846, 106
Trd, 8639264.712, 111
Trd, 8639265.912, 119
Trd, 8639266.212, 140
Trd, 8639266.279, 127
Trd, 8639266.546, 115
Trd, 8639267.746, 138
Trd, 8639268.179, 122
Trd, 8639268.446, 118
Trd, 8639268.646, 104
Trd, 8639268.779, 102
Trd, 8639269.379, 100
Trd, 8639269.546, 105
Trd, 8639269.879, 135
Trd, 8639270.912, 98
Trd, 8639271.179, 136
Trd, 8639271.812, 105
Trd, 8639272.412, 88
Trd, 8639272.512, 86
Trd, 8639273.446, 121
Trd, 8639273.646, 110
Trd, 8639274.546, 118
Trd, 8639275.346, 129
Trd, 8639275.412, 90
Trd, 8639275.512, 79
Trd, 8639275.579, 68
Trd, 8639276.879, 102
Trd, 8639277.412, 137
Trd, 8639277.779, 113
Trd, 8639278.379, 112
Trd, 8639278.812, 128
Trd, 8639279.046, 85
Trd, 8639279.379, 120
Trd, 8639279.712, 118
Trd, 8639280.212, 111
Trd, 8639280.812, 128
Trd, 8639281.379, 140
Trd, 8639281.812, 137
Trd, 8639282.212, 108
Trd, 8639282.279, 127
Trd, 8639283.746, 103
Trd, 8639284.512, 89
Trd, 8639284.712, 94
Trd, 8639284.979, 88
Trd, 8639285.079, 88
Trd, 8639285.346, 101
Trd, 8639285.379, 106
Trd, 8639286.412, 73
Trd, 8639286.679, 93
Trd, 8639288.246, 110
Trd, 8639288.679, 79
Trd, 8639289.112, 121
Trd, 8639289.346, 87
Trd, 8639289.612, 96
Trd, 8639289.912, 127
Trd, 8639290.379, 122
Trd, 8639290.546, 127
Trd, 8639291.046, 85
Trd, 8639291.512, 72
Trd, 8639292.212, 80
Trd, 8639292.312, 69
Trd, 8639293.279, 140
Trd, 8639293.812, 122
Trd, 8639293.979, 116
Trd, 8639295.012, 140
Trd, 8639295.779, 124
Trd, 8639296.446, 135
Trd, 8639296.679, 132
Trd, 8639297.079, 130
Trd, 8639297.346, 109
Trd, 8639297.746, 113
Trd, 8639298.512, 78
Trd, 8639298.646, 86
Trd, 8639298.679, 124
Trd, 8639299.046, 101
Trd, 8639300.112, 113
Trd, 8639300.379, 134
Trd, 8639302.112, 122
Trd, 8639302.146, 119
Trd, 8639302.379, 128
Trd, 8639302.979, 98
Trd, 8639303.112, 114
Trd, 8639304.512, 97
Trd, 8639304.879, 122
Trd, 8639305.212, 94
Trd, 8639305.412, 87
Trd, 8639305.579, 121
Trd, 8639305.712, 82
Trd, 8639306.312, 108
Trd, 8639306.812, 121
Trd, 8639306.912, 124
Trd, 8639308.179, 93
Trd, 8639308.979, 94
Trd, 8639309.146, 101
Trd, 8639310.012, 86
Trd, 8639310.046, 89
Trd, 8639310.379, 120
Trd, 8639310.679, 86
Trd, 8639310.712, 126
Trd, 8639311.212, 90
Trd, 8639311.646, 131
Trd, 8639312.779, 134
Trd, 8639313.246, 139
Trd, 8639313.579, 132
Trd, 8639313.746, 124
Trd, 8639314.212, 119
Trd, 8639314.779, 127
Trd, 8639314.946, 76
Trd, 8639315.212, 80
Trd, 8639316.346, 79
Trd, 8639317.146, 116
Trd, 8639317.246, 89
Trd, 8639317.412, 137
Trd, 8639317.946, 101
Trd, 8639318.112, 109
Trd, 8639318.612, 72
Trd, 8639318.879, 126
Trd, 8639319.112, 110
Trd, 8639319.246, 113
Trd, 8639319.912, 82
Trd, 8639320.079, 84
Trd, 8639320.312, 92
Trd, 8639320.812, 65
Trd, 8639321.112, 90
Trd, 8639321.379, 94
Trd, 8639321.512, 92
Trd, 8639323.379, 118
Trd, 8639324.012, 93
Trd, 8639324.312, 103
Trd, 8639324.346, 86
Trd, 8639324.546, 104
Trd, 8639324.679, 106
Trd, 8639325.212, 109
Trd, 8639325.979, 134
Trd, 8639327.212, 93
Trd, 8639328.246, 98
Trd, 8639328.346, 89
Trd, 8639328.579, 103
Trd, 8639329.112, 108
Trd, 8639329.946, 96
Trd, 8639330.312, 135
Trd, 8639330.779, 128
Trd, 8639331.179, 139
Trd, 8639331.379, 136
Trd, 8639331.579, 108
Trd, 8639331.646, 79
Trd, 8639332.812, 118
Trd, 8639333.212, 131
Trd, 8639333.479, 126
Trd, 8639333.646, 102
Trd, 8639333.712, 92
Trd, 8639334.246, 98
Trd, 8639334.279, 98
Trd, 8639335.146, 68
Trd, 8639335.279, 85
Trd, 8639335.346, 120
Trd, 8639336.212, 101
Trd, 8639336.646, 98
Trd, 8639336.946, 84
Trd, 8639337.112, 85
Trd, 8639337.479, 131
Trd, 8639337.579, 109
Trd, 8639338.179, 65
Trd, 8639339.246, 131
Trd, 8639339.412, 109
Trd, 8639339.846, 128
Trd, 8639340.579, 117
Trd, 8639340.712, 100
Trd, 8639341.779, 130
Trd, 8639342.212, 129
Trd, 8639342.246, 96
Trd, 8639342.579, 95
Trd, 8639343.079, 135
Trd, 8639343.279, 116
Trd, 8639344.012, 122
Trd, 8639344.312, 113
Trd, 8639344.446, 101
Trd, 8639344.979, 102
Trd, 8639345.112, 100
Trd, 8639345.412, 102
Trd, 8639346.246, 104
Trd, 8639346.446, 105
Trd, 8639347.612, 107
Trd, 8639348.879, 93
Trd, 8639349.446, 104
Trd, 8639349.646, 110
Trd, 8639349.779, 102
Trd, 8639349.979, 107
Trd, 8639350.946, 87
Trd, 8639351.012, 85
Trd, 8639351.246, 92
Trd, 8639351.312, 105
Trd, 8639351.679, 105
Trd, 8639351.846, 107
Trd, 8639352.112, 112
Trd, 8639352.212, 113
Trd, 8639352.246, 86
Trd, 8639353.179, 61
Trd, 8639353.346, 65
Trd, 8639354.012, 93
Trd, 8639354.712, 117
Trd, 8639354.779, 98
Trd, 8639355.446, 108
Trd, 8639355.846, 131
Trd, 8639356.212, 106
Trd, 8639356.512, 91
Trd, 8639357.279, 93
Trd, 8639357.646, 89
Trd, 8639358.079, 105
Trd, 8639358.379, 121
Trd, 8639358.846, 86
Trd, 8639359.779, 127
Trd, 8639360.112, 110
Trd, 8639360.779, 79
Trd, 8639361.079, 110
Trd, 8639361.146, 76
Trd, 8639362.079, 114
Trd, 8639362.112, 107
Trd, 8639362.179, 89
Trd, 8639362.912, 98
Trd, 8639363.146, 135
Trd, 8639364.379, 127
Trd, 8639364.712, 109
Trd, 8639364.812, 110
Trd, 8639365.712, 125
Trd, 8639366.646, 116
Trd, 8639366.779, 111
Trd, 8639366.812, 110
Trd, 8639368.646, 116
Trd, 8639369.246, 121
Trd, 8639369.712, 117
Trd, 8639369.779, 127
Trd, 8639369.846, 115
Trd, 8639369.879, 107
Trd, 8639370.212, 90
Trd, 8639370.546, 121
Trd, 8639370.912, 121
Trd, 8639371.346, 68
Trd, 8639372.146, 99
Trd, 8639372.412, 78
Trd, 8639372.746, 123
Trd, 8639373.646, 105
Trd, 8639373.846, 111
Trd, 8639374.312, 97
Trd, 8639375.079, 91
Trd, 8639375.779, 92
Trd, 8639375.846, 117
Trd, 8639375.946, 80
Trd, 8639376.512, 84
Trd, 8639376.546, 62
Trd, 8639376.779, 64
Trd, 8639377.146, 88
Trd, 8639377.712, 73
Trd, 8639378.012, 103
Trd, 8639378.579, 65
Trd, 8639378.812, 81
Trd, 8639378.846, 100
Trd, 8639379.612, 67
Trd, 8639379.746, 67
Trd, 8639380.512, 68
Trd, 8639380.612, 92
Trd, 8639380.979, 120
Trd, 8639382.112, 96
Trd, 8639382.579, 101
Trd, 8639383.746, 74
Trd, 8639384.012, 116
Trd, 8639384.279, 104
Trd, 8639385.346, 93
Trd, 8639385.412, 82
Trd, 8639386.046, 82
Trd, 8639386.479, 100
Trd, 8639386.546, 103
Trd, 8639387.479, 106
Trd, 8639387.812, 120
Trd, 8639389.212, 125
Trd, 8639389.612, 78
Trd, 8639390.279, 107
Trd, 8639390.412, 84
Trd, 8639391.112, 97
Trd, 8639391.279, 84
Trd, 8639391.412, 89
Trd, 8639391.846, 110
Trd, 8639392.446, 125
Trd, 8639393.412, 113
Trd, 8639393.512, 90
Trd, 8639393.546, 87
Trd, 8639394.279, 118
Trd, 8639394.412, 128
Trd, 8639394.946, 129
Trd, 8639395.012, 103
Trd, 8639395.312, 97
Trd, 8639395.946, 131
Trd, 8639397.246, 125
Trd, 8639397.312, 124
Trd, 8639397.512, 102
Trd, 8639398.612, 115
Trd, 8639398.679, 101
Trd, 8639399.079, 126
Trd, 8639399.279, 87
Trd, 8639399.679, 105
Trd, 8639400.346, 123
Trd, 8639400.479, 105
Trd, 8639400.812, 85
Trd, 8639400.846, 78
Trd, 8639401.779, 120
Trd, 8639401.946, 88
Trd, 8639402.846, 135
Trd, 8639404.179, 106
Trd, 8639404.546, 90
Trd, 8639404.712, 111
Trd, 8639405.212, 137
Trd, 8639405.246, 131
Trd, 8639405.812, 106
Trd, 8639406.279, 109
Trd, 8639406.912, 138
Trd, 8639407.446, 115
Trd, 8639407.679, 85
Trd, 8639407.946, 120
Trd, 8639409.246, 75
Trd, 8639410.079, 132
Trd, 8639410.612, 123
Trd, 8639410.646, 121
Trd, 8639411.512, 80
Trd, 8639411.712, 84
Trd, 8639411.946, 126
Trd, 8639412.279, 130
Trd, 8639413.279, 115
Trd, 8639414.246, 120
Trd, 8639414.412, 132
Trd, 8639414.846, 115
Trd, 8639415.312, 114
Trd, 8639415.612, 93
Trd, 8639415.779, 89
Trd, 8639416.212, 72
Trd, 8639416.512, 101
Trd, 8639416.546, 126
Trd, 8639417.312, 122
Trd, 8639417.812, 111
Trd, 8639418.346, 125
Trd, 8639418.612, 92
Trd, 8639418.879, 85
Trd, 8639419.346, 130
Trd, 8639419.446, 93
Trd, 8639419.612, 86
Trd, 8639420.446, 75
Trd, 8639421.446, 61
Trd, 8639422.179, 127
Trd, 8639422.846, 91
Trd, 8639422.879, 113
Trd, 8639423.046, 98
Trd, 8639424.112, 92
Trd, 8639424.446, 122
Trd, 8639424.546, 110
Trd, 8639424.579, 92
Trd, 8639425.179, 95
Trd, 8639425.712, 89
Trd, 8639426.046, 71
Trd, 8639426.846, 119
Trd, 8639427.812, 90
Trd, 8639428.179, 74
Trd, 8639428.546, 79
Trd, 8639428.812, 61
Trd, 8639429.179, 66
Trd, 8639430.412, 111
Trd, 8639430.846, 108
Trd, 8639431.146, 83
Trd, 8639431.412, 124
Trd, 8639431.946, 82
Trd, 8639432.479, 121
Trd, 8639432.746, 120
Trd, 8639433.512, 69
Trd, 8639433.812, 82
Trd, 8639433.946, 110
Trd, 8639434.146, 106
Trd, 8639434.179, 79
Trd, 8639434.279, 108
Trd, 8639435.312, 140
Trd, 8639435.712, 122
Trd, 8639436.312, 127
Trd, 8639437.746, 118
Trd, 8639437.779, 109
Trd, 8639440.279, 109
Trd, 8639440.312, 109
Trd, 8639440.979, 118
Trd, 8639441.079, 116
Trd, 8639441.279, 89
Trd, 8639441.879, 129
Trd, 8639442.112, 123
Trd, 8639442.746, 117
Trd, 8639443.646, 111
Trd, 8639443.812, 99
Trd, 8639443.979, 104
Trd, 8639444.246, 93
Trd, 8639445.079, 109
Trd, 8639445.212, 97
Trd, 8639445.279, 72
Trd, 8639446.279, 113
Trd, 8639446.579, 64
Trd, 8639446.946, 65
Trd, 8639447.312, 111
Trd, 8639447.779, 68
Trd, 8639448.612, 105
Trd, 8639448.712, 89
Trd, 8639448.746, 117
Trd, 8639448.946, 118
Trd, 8639449.712, 139
Trd, 8639449.846, 91
Trd, 8639450.579, 112
Trd, 8639451.079, 91
Trd, 8639451.346, 100
Trd, 8639451.679, 123
Trd, 8639452.112, 100
Trd, 8639452.246, 77
Trd, 8639452.512, 112
Trd, 8639453.912, 106
Trd, 8639454.046, 76
Trd, 8639454.179, 91
Trd, 8639454.412, 112
Trd, 8639454.646, 105
Trd, 8639455.046, 76
Trd, 8639455.812, 84
Trd, 8639456.879, 110
Trd, 8639456.946, 125
Trd, 8639458.612, 137
Trd, 8639458.746, 102
Trd, 8639458.879, 91
Trd, 8639459.212, 138
Trd, 8639459.812, 98
Trd, 8639460.346, 116
Trd, 8639460.479, 98
Trd, 8639461.212, 107
Trd, 8639461.512, 87
Trd, 8639461.746, 119
Trd, 8639462.246, 131
Trd, 8639462.346, 114
Trd, 8639462.979, 105
Trd, 8639463.379, 126
Trd, 8639463.846, 98
Trd, 8639464.046, 107
Trd, 8639465.146, 102
Trd, 8639465.212, 68
Trd, 8639465.446, 101
Trd, 8639465.812, 139
Trd, 8639467.012, 106
Trd, 8639467.279, 112
Trd, 8639468.079, 127
Trd, 8639468.446, 137
Trd, 8639468.779, 116
Trd, 8639469.079, 113
Trd, 8639469.812, 108
Trd, 8639470.679, 116
Trd, 8639470.779, 73
Trd, 8639470.812, 121
Trd, 8639471.412, 72
Trd, 8639472.046, 120
Trd, 8639472.412, 125
Trd, 8639473.312, 127
Trd, 8639473.546, 117
Trd, 8639474.612, 140
Trd, 8639474.879, 124
Trd, 8639475.146, 87
Trd, 8639475.846, 95
Trd, 8639476.012, 90
Trd, 8639476.746, 76
Trd, 8639477.479, 60
Trd, 8639478.146, 120
Trd, 8639478.412, 134
Trd, 8639478.679, 132
Trd, 8639478.746, 113
Trd, 8639479.012, 121
Trd, 8639479.146, 91
Trd, 8639479.412, 92
Trd, 8639481.312, 133
Trd, 8639481.412, 133
Trd, 8639482.646, 120
Trd, 8639483.212, 103
Trd, 8639483.479, 105
Trd, 8639484.212, 109
Trd, 8639484.512, 115
Trd, 8639484.546, 101
Trd, 8639484.679, 107
Trd, 8639484.879, 102
Trd, 8639485.479, 83
Trd, 8639485.679, 95
Trd, 8639485.746, 89
Trd, 8639486.912, 98
Trd, 8639487.679, 135
Trd, 8639489.079, 111
Trd, 8639489.112, 98
Trd, 8639489.379, 101
Trd, 8639490.446, 99
Trd, 8639491.146, 127
Trd, 8639491.279, 124
Trd, 8639491.612, 111
Trd, 8639492.512, 129
Trd, 8639492.812, 90
Trd, 8639493.046, 108
Trd, 8639493.112, 101
Trd, 8639493.279, 93
Trd, 8639494.346, 124
Trd, 8639494.579, 99
Trd, 8639494.779, 94
Trd, 8639496.112, 122
Trd, 8639496.379, 118
Trd, 8639496.412, 111
Trd, 8639496.979, 129
Trd, 8639497.412, 94
Trd, 8639498.046, 119
Trd, 8639498.612, 121
Trd, 8639498.679, 111
Trd, 8639499.412, 131
Trd, 8639499.512, 116
Trd, 8639500.446, 128
Trd, 8639500.646, 101
Trd, 8639500.946, 130
Trd, 8639501.179, 119
Trd, 8639501.712, 90
Trd, 8639501.979, 117
Trd, 8639502.479, 136
Trd, 8639503.812, 100
Trd, 8639504.112, 95
Trd, 8639504.812, 122
Trd, 8639505.079, 70
Trd, 8639505.246, 81
Trd, 8639506.246, 63
Trd, 8639506.446, 97
Trd, 8639506.579, 99
Trd, 8639507.379, 113
Trd, 8639508.646, 123
Trd, 8639509.212, 118
Trd, 8639511.446, 128
Trd, 8639511.679, 105
Trd, 8639511.846, 109
Trd, 8639512.279, 133
Trd, 8639512.846, 100
Trd, 8639513.012, 98
Trd, 8639513.212, 92
Trd, 8639513.546, 83
Trd, 8639514.146, 92
Trd, 8639514.346, 113
Trd, 8639514.479, 91
Trd, 8639514.579, 80
Trd, 8639514.879, 64
Trd, 8639515.279, 69
Trd, 8639515.512, 119
Trd, 8639516.712, 124
Trd, 8639516.946, 120
Trd, 8639517.612, 91
Trd, 8639517.712, 77
Trd, 8639518.112, 80
Trd, 8639518.646, 72
Trd, 8639519.179, 111
Trd, 8639519.412, 104
Trd, 8639520.546, 134
Trd, 8639520.779, 98
Trd, 8639521.012, 128
Trd, 8639521.079, 120
Trd, 8639521.479, 131
Trd, 8639521.612, 105
Trd, 8639522.146, 109
Trd, 8639522.812, 135
Trd, 8639523.612, 136
Trd, 8639523.646, 129
Trd, 8639523.746, 125
Trd, 8639524.246, 95
Trd, 8639525.479, 102
Trd, 8639525.846, 87
Trd, 8639525.912, 103
Trd, 8639526.046, 135
Trd, 8639526.279, 132
Trd, 8639526.712, 140
Trd, 8639526.779, 90
Trd, 8639527.212, 103
Trd, 8639527.979, 106
Trd, 8639528.846, 117
Trd, 8639529.112, 104
Trd, 8639529.479, 131
Trd, 8639530.012, 128
Trd, 8639530.779, 137
Trd, 8639531.212, 127
Trd, 8639531.346, 137
Trd, 8639531.712, 81
Trd, 8639532.546, 135
Trd, 8639532.579, 103
Trd, 8639533.379, 64
Trd, 8639534.646, 130
Trd, 8639534.912, 127
Trd, 8639535.779, 131
Trd, 8639536.046, 95
Trd, 8639536.246, 66
Trd, 8639536.946, 99
Trd, 8639537.312, 137
Trd, 8639538.079, 126
Trd, 8639538.746, 123
Trd, 8639538.779, 122
Trd, 8639538.879, 137
Trd, 8639539.112, 108
Trd, 8639539.579, 120
Trd, 8639539.712, 95
Trd, 8639539.912, 101
Trd, 8639541.079, 60
Trd, 8639541.112, 95
Trd, 8639542.079, 107
Trd, 8639542.546, 137
Trd, 8639543.312, 84
Trd, 8639543.546, 86
Trd, 8639543.846, 117
Trd, 8639544.412, 113
Trd, 8639545.046, 117
Trd, 8639545.579, 138
Trd, 8639546.746, 125
Trd, 8639547.312, 125
Trd, 8639547.346, 124
Trd, 8639547.779, 118
Trd, 8639548.112, 117
Trd, 8639550.246, 128
Trd, 8639550.279, 121
Trd, 8639550.979, 118
Trd, 8639551.246, 114
Trd, 8639551.346, 110
Trd, 8639552.346, 106
Trd, 8639553.279, 98
Trd, 8639553.379, 125
Trd, 8639553.479, 129
Trd, 8639553.846, 128
Trd, 8639554.546, 97
Trd, 8639555.446, 121
Trd, 8639556.312, 104
Trd, 8639556.479, 98
Trd, 8639556.846, 100
Trd, 8639558.512, 125
Trd, 8639558.779, 122
Trd, 8639558.946, 101
Trd, 8639559.079, 99
Trd, 8639559.512, 100
Trd, 8639559.846, 105
Trd, 8639560.046, 88
Trd, 8639560.546, 77
Trd, 8639561.112, 139
Trd, 8639561.712, 123
Trd, 8639561.946, 136
Trd, 8639562.112, 119
Trd, 8639562.512, 124
Trd, 8639563.646, 98
Trd, 8639565.046, 131
Trd, 8639565.379, 99
Trd, 8639566.012, 96
Trd, 8639566.479, 89
Trd, 8639567.346, 114
Trd, 8639567.812, 105
Trd, 8639568.179, 99
Trd, 8639568.346, 95
Trd, 8639568.512, 93
Trd, 8639568.879, 88
Trd, 8639569.546, 79
Trd, 8639570.279, 131
Trd, 8639570.546, 77
Trd, 8639571.679, 113
Trd, 8639572.246, 126
Trd, 8639572.579, 103
Trd, 8639572.812, 121
Trd, 8639573.379, 128
Trd, 8639573.579, 114
Trd, 8639573.746, 108
Trd, 8639573.846, 99
Trd, 8639574.746, 91
Trd, 8639575.346, 120
Trd, 8639577.179, 111
Trd, 8639577.446, 111
Trd, 8639577.512, 106
Trd, 8639577.879, 111
Trd, 8639578.612, 107
Trd, 8639579.479, 112
Trd, 8639579.646, 105
Trd, 8639579.912, 107
Trd, 8639580.412, 90
Trd, 8639580.446, 88
Trd, 8639581.246, 130
Trd, 8639581.279, 129
Trd, 8639582.112, 110
Trd, 8639582.912, 117
Trd, 8639583.212, 95
Trd, 8639584.179, 86
Trd, 8639584.346, 83
Trd, 8639584.946, 112
Trd, 8639585.012, 109
Trd, 8639585.979, 125
Trd, 8639586.279, 103
Trd, 8639586.412, 90
Trd, 8639586.746, 127
Trd, 8639587.212, 101
Trd, 8639587.246, 99
Trd, 8639587.579, 119
Trd, 8639587.712, 95
Trd, 8639587.912, 73
Trd, 8639588.512, 116
Trd, 8639588.846, 106
Trd, 8639589.979, 108
Trd, 8639590.112, 102
Trd, 8639590.246, 88
Trd, 8639591.112, 133
Trd, 8639591.312, 104
Trd, 8639592.079, 113
Trd, 8639592.179, 124
Trd, 8639592.512, 114
Trd, 8639592.679, 103
Trd, 8639593.012, 74
Trd, 8639593.112, 86
Trd, 8639593.579, 71
Trd, 8639593.846, 121
Trd, 8639593.879, 82
Trd, 8639593.946, 72
Trd, 8639594.679, 96
Trd, 8639595.846, 87
Trd, 8639596.246, 82
Trd, 8639596.546, 62
Trd, 8639596.612, 79
Trd, 8639596.712, 106
Trd, 8639597.379, 61
Trd, 8639598.346, 81
Trd, 8639599.079, 117
Trd, 8639599.712, 121
Trd, 8639600.179, 126
Trd, 8639600.346, 111
Trd, 8639602.546, 112
Trd, 8639602.746, 111
Trd, 8639602.846, 95
Trd, 8639603.646, 119
Trd, 8639603.946, 89
Trd, 8639604.046, 93
Trd, 8639604.312, 81
Trd, 8639604.346, 77
Trd, 8639604.579, 94
Trd, 8639605.112, 90
Trd, 8639605.279, 122
Trd, 8639606.046, 125
Trd, 8639606.579, 105
Trd, 8639606.612, 75
Trd, 8639607.346, 74
Trd, 8639607.679, 85
Trd, 8639607.779, 63
Trd, 8639607.879, 89
Trd, 8639608.312, 116
Trd, 8639609.446, 131
Trd, 8639609.712, 122
Trd, 8639610.412, 119
Trd, 8639611.112, 98
Trd, 8639611.312, 84
Trd, 8639611.379, 74
Trd, 8639611.646, 63
Trd, 8639612.146, 63
Trd, 8639612.212, 69
Trd, 8639613.112, 124
Trd, 8639613.379, 127
Trd, 8639613.812, 135
Trd, 8639614.412, 133
Trd, 8639614.946, 90
Trd, 8639615.779, 121
Trd, 8639616.046, 105
Trd, 8639617.046, 111
Trd, 8639617.179, 137
Trd, 8639617.479, 124
Trd, 8639618.112, 125
Trd, 8639618.179, 122
Trd, 8639618.812, 127
Trd, 8639618.846, 109
Trd, 8639618.979, 90
Trd, 8639619.379, 89
Trd, 8639619.446, 109
Trd, 8639620.379, 119
Trd, 8639621.479, 88
Trd, 8639622.046, 111
Trd, 8639622.546, 95
Trd, 8639623.212, 99
Trd, 8639623.246, 116
Trd, 8639624.179, 108
Trd, 8639624.679, 112
Trd, 8639624.846, 106
Trd, 8639626.012, 133
Trd, 8639626.279, 102
Trd, 8639626.712, 75
Trd, 8639626.779, 79
Trd, 8639627.046, 79
Trd, 8639627.346, 112
Trd, 8639627.679, 84
Trd, 8639628.479, 120
Trd, 8639628.746, 88
Trd, 8639629.846, 69
Trd, 8639631.012, 98
Trd, 8639631.112, 94
Trd, 8639631.379, 76
Trd, 8639631.846, 127
Trd, 8639632.212, 140
Trd, 8639632.479, 114
Trd, 8639633.012, 120
Trd, 8639633.579, 116
Trd, 8639634.479, 109
Trd, 8639634.879, 127
Trd, 8639635.312, 130
Trd, 8639635.946, 84
Trd, 8639636.479, 104
Trd, 8639636.779, 96
Trd, 8639637.312, 83
Trd, 8639637.546, 94
Trd, 8639638.479, 123
Trd, 8639639.679, 105
Trd, 8639640.012, 122
Trd, 8639640.212, 122
Trd, 8639640.646, 123
Trd, 8639640.779, 100
Trd, 8639641.246, 70
Trd, 8639641.912, 119
Trd, 8639641.946, 121
Trd, 8639642.079, 115
Trd, 8639642.912, 102
Trd, 8639643.146, 108
Trd, 8639643.712, 106
Trd, 8639643.979, 89
Trd, 8639644.346, 104
Trd, 8639645.012, 116
Trd, 8639645.579, 132
Trd, 8639646.079, 88
Trd, 8639646.512, 83
Trd, 8639646.946, 130
Trd, 8639647.612, 103
Trd, 8639648.046, 126
Trd, 8639648.146, 94
Trd, 8639648.779, 106
Trd, 8639649.979, 103
Trd, 8639651.846, 100
Trd, 8639651.946, 95
Trd, 8639652.146, 80
Trd, 8639652.746, 129
Trd, 8639653.246, 124
Trd, 8639653.846, 123
Trd, 8639654.079, 118
Trd, 8639654.512, 102
Trd, 8639655.012, 104
Trd, 8639655.746, 93
Trd, 8639655.846, 95
Trd, 8639656.379, 90
Trd, 8639656.512, 114
Trd, 8639657.579, 82
Trd, 8639657.912, 95
Trd, 8639658.179, 72
Trd, 8639659.112, 72
Trd, 8639659.812, 121
Trd, 8639659.979, 118
Trd, 8639660.379, 62
Trd, 8639660.479, 66
Trd, 8639660.579, 102
Trd, 8639661.146, 77
Trd, 8639661.679, 97
Trd, 8639661.712, 112
Trd, 8639662.146, 85
Trd, 8639662.212, 65
Trd, 8639662.512, 76
Trd, 8639663.279, 137
Trd, 8639664.146, 105
Trd, 8639664.312, 88
Trd, 8639664.846, 121
Trd, 8639665.412, 138
Trd, 8639665.712, 70
Trd, 8639667.146, 106
Trd, 8639667.746, 65
Trd, 8639667.946, 89
Trd, 8639669.046, 85
Trd, 8639669.079, 80
Trd, 8639669.646, 124
Trd, 8639669.846, 111
Trd, 8639670.046, 109
Trd, 8639670.512, 128
Trd, 8639671.546, 113
Trd, 8639671.612, 90
Trd, 8639672.012, 94
Trd, 8639672.112, 95
Trd, 8639672.346, 80
Trd, 8639673.012, 72
Trd, 8639673.246, 68
Trd, 8639673.412, 74
Trd, 8639673.779, 67
Trd, 8639674.146, 106
Trd, 8639674.679, 61
Trd, 8639675.179, 95
Trd, 8639675.946, 95
Trd, 8639676.379, 89
Trd, 8639677.512, 84
Trd, 8639677.779, 84
Trd, 8639678.512, 82
Trd, 8639679.412, 102
Trd, 8639679.446, 86
Trd, 8639680.046, 102
Trd, 8639680.146, 105
Trd, 8639680.646, 113
Trd, 8639680.979, 104
Trd, 8639681.946, 128
Trd, 8639682.646, 136
Trd, 8639682.812, 134
Trd, 8639682.879, 130
Trd, 8639683.379, 106
Trd, 8639684.146, 136
Trd, 8639684.246, 103
Trd, 8639685.846, 123
Trd, 8639686.246, 116
Trd, 8639686.646, 109
Trd, 8639686.912, 103
Trd, 8639687.279, 134
Trd, 8639687.946, 131
Trd, 8639688.212, 96
Trd, 8639689.046, 111
Trd, 8639689.679, 112
Trd, 8639689.912, 110
Trd, 8639690.112, 120
Trd, 8639690.746, 109
Trd, 8639691.146, 129
Trd, 8639691.512, 134
Trd, 8639692.046, 107
Trd, 8639692.212, 92
Trd, 8639692.679, 96
Trd, 8639692.979, 89
Trd, 8639693.012, 105
Trd, 8639693.512, 105
Trd, 8639694.046, 97
Trd, 8639694.912, 89
Trd, 8639696.279, 80
Trd, 8639696.579, 76
Trd, 8639696.679, 85
Trd, 8639696.879, 92
Trd, 8639696.946, 97
Trd, 8639697.246, 87
Trd, 8639697.412, 76
Trd, 8639697.879, 72
Trd, 8639698.179, 96
Trd, 8639699.446, 120
Trd, 8639700.712, 113
Trd, 8639700.779, 101
Trd, 8639701.012, 83
Trd, 8639702.379, 115
Trd, 8639702.646, 124
Trd, 8639702.746, 96
Trd, 8639702.979, 92
Trd, 8639703.146, 88
Trd, 8639703.479, 69
Trd, 8639703.812, 114
Trd, 8639704.112, 65
Trd, 8639704.579, 80
Trd, 8639705.179, 120
Trd, 8639706.146, 114
Trd, 8639706.212, 90
Trd, 8639706.479, 123
Trd, 8639706.512, 82
Trd, 8639707.079, 79
Trd, 8639707.379, 86
Trd, 8639707.746, 125
Trd, 8639708.779, 90
Trd, 8639709.246, 101
Trd, 8639709.446, 102
Trd, 8639710.079, 102
Trd, 8639710.212, 130
Trd, 8639710.412, 96
Trd, 8639711.779, 140
Trd, 8639712.146, 134
Trd, 8639712.846, 82
Trd, 8639713.112, 121
Trd, 8639714.012, 140
Trd, 8639714.412, 91
Trd, 8639715.079, 128
Trd, 8639715.146, 118
Trd, 8639715.479, 96
Trd, 8639716.112, 135
Trd, 8639716.579, 113
Trd, 8639716.879, 99
Trd, 8639717.312, 68
Trd, 8639717.646, 72
Trd, 8639718.579, 123
Trd, 8639718.879, 94
Trd, 8639719.312, 81
Trd, 8639719.579, 134
Trd, 8639720.546, 93
Trd, 8639720.812, 105
Trd, 8639721.112, 109
Trd, 8639721.479, 115
Trd, 8639722.746, 105
Trd, 8639723.012, 140
Trd, 8639723.612, 98
Trd, 8639724.146, 118
Trd, 8639724.746, 110
Trd, 8639725.079, 98
Trd, 8639725.846, 108
Trd, 8639725.979, 115
Trd, 8639726.179, 92
Trd, 8639726.412, 140
Trd, 8639727.112, 132
Trd, 8639727.479, 123
Trd, 8639727.812, 132
Trd, 8639728.246, 101
Trd, 8639728.712, 86
Trd, 8639729.212, 134
Trd, 8639730.079, 128
Trd, 8639730.312, 133
Trd, 8639730.912, 101
Trd, 8639731.179, 92
Trd, 8639731.679, 77
Trd, 8639731.912, 68
Trd, 8639732.646, 105
Trd, 8639733.779, 110
Trd, 8639734.246, 104
Trd, 8639734.779, 98
Trd, 8639735.812, 74
Trd, 8639736.079, 87
Trd, 8639736.879, 114
Trd, 8639737.112, 88
Trd, 8639737.246, 121
Trd, 8639738.646, 75
Trd, 8639738.746, 80
Trd, 8639738.979, 110
Trd, 8639739.212, 70
Trd, 8639739.312, 81
Trd, 8639739.546, 98
Trd, 8639740.679, 66
Trd, 8639741.179, 86
Trd, 8639741.312, 65
Trd, 8639741.446, 84
Trd, 8639742.412, 90
Trd, 8639743.012, 126
Trd, 8639743.212, 107
Trd, 8639743.846, 137
Trd, 8639743.946, 132
Trd, 8639744.446, 94
Trd, 8639745.046, 71
Trd, 8639745.212, 67
Trd, 8639745.412, 95
Trd, 8639746.546, 97
Trd, 8639746.646, 126
Trd, 8639747.079, 116
Trd, 8639747.212, 111
Trd, 8639747.446, 76
Trd, 8639747.779, 77
Trd, 8639748.312, 128
Trd, 8639749.079, 127
Trd, 8639749.812, 111
Trd, 8639749.912, 131
Trd, 8639750.146, 80
Trd, 8639750.679, 129
Trd, 8639751.012, 103
Trd, 8639751.712, 96
Trd, 8639752.646, 133
Trd, 8639752.812, 113
Trd, 8639752.946, 106
Trd, 8639753.446, 106
Trd, 8639753.879, 109
Trd, 8639755.012, 137
Trd, 8639755.746, 128
Trd, 8639755.846, 122
Trd, 8639756.412, 102
Trd, 8639756.846, 101
Trd, 8639757.846, 98
Trd, 8639758.379, 136
Trd, 8639758.412, 113
Trd, 8639759.079, 101
Trd, 8639759.279, 90
Trd, 8639760.912, 139
Trd, 8639761.279, 99
Trd, 8639761.446, 93
Trd, 8639761.646, 101
Trd, 8639762.446, 112
Trd, 8639762.512, 92
Trd, 8639762.746, 99
Trd, 8639763.046, 123
Trd, 8639763.379, 128
Trd, 8639764.179, 66
Trd, 8639764.279, 70
Trd, 8639764.979, 88
Trd, 8639765.446, 113
Trd, 8639766.179, 123
Trd, 8639766.346, 100
Trd, 8639767.912, 130
Trd, 8639768.679, 98
Trd, 8639770.012, 121
Trd, 8639770.346, 130
Trd, 8639770.646, 109
Trd, 8639771.612, 104
Trd, 8639771.779, 104
Trd, 8639772.112, 124
Trd, 8639772.146, 105
Trd, 8639773.446, 115
Trd, 8639773.912, 88
Trd, 8639774.612, 118
Trd, 8639774.879, 116
Trd, 8639775.012, 107
Trd, 8639775.146, 126
Trd, 8639775.379, 67
Trd, 8639775.879, 96
Trd, 8639777.179, 65
Trd, 8639777.612, 66
Trd, 8639777.646, 69
Trd, 8639779.346, 96
Trd, 8639779.546, 105
Trd, 8639780.046, 95
Trd, 8639780.179, 88
Trd, 8639781.346, 116
Trd, 8639781.412, 119
Trd, 8639781.612, 97
Trd, 8639782.512, 105
Trd, 8639783.146, 135
Trd, 8639783.712, 103
Trd, 8639784.346, 140
Trd, 8639784.679, 102
Trd, 8639784.879, 81
Trd, 8639785.679, 112
Trd, 8639786.079, 107
Trd, 8639786.179, 103
Trd, 8639786.812, 129
Trd, 8639788.212, 109
Trd, 8639788.546, 135
Trd, 8639789.446, 101
Trd, 8639789.812, 86
Trd, 8639790.012, 82
Trd, 8639790.312, 77
Trd, 8639790.746, 103
Trd, 8639792.246, 107
Trd, 8639792.579, 88
Trd, 8639792.646, 75
Trd, 8639792.846, 118
Trd, 8639793.446, 88
Trd, 8639794.112, 104
Trd, 8639794.746, 114
Trd, 8639795.512, 80
Trd, 8639795.546, 88
Trd, 8639795.579, 95
Trd, 8639795.779, 110
Trd, 8639795.812, 99
Trd, 8639796.546, 97
Trd, 8639797.046, 83
Trd, 8639798.046, 97
Trd, 8639798.479, 100
Trd, 8639798.546, 98
Trd, 8639798.812, 85
Trd, 8639800.146, 140
Trd, 8639800.779, 126
Trd, 8639801.112, 111
Trd, 8639801.312, 95
Trd, 8639801.512, 97
Trd, 8639801.912, 110
Trd, 8639802.479, 97
Trd, 8639803.079, 134
Trd, 8639803.612, 127
Trd, 8639803.746, 115
Trd, 8639803.812, 114
Trd, 8639803.946, 104
Trd, 8639804.246, 109
Trd, 8639806.579, 111
Trd, 8639806.679, 97
Trd, 8639807.512, 117
Trd, 8639808.879, 118
Trd, 8639808.912, 111
Trd, 8639809.612, 112
Trd, 8639809.679, 115
Trd, 8639809.879, 80
Trd, 8639810.112, 106
Trd, 8639810.512, 94
Trd, 8639810.712, 98
Trd, 8639811.679, 116
Trd, 8639812.179, 95
Trd, 8639812.846, 89
Trd, 8639814.246, 107
Trd, 8639814.346, 104
Trd, 8639815.146, 128
Trd, 8639815.712, 128
Trd, 8639816.246, 84
Trd, 8639816.346, 96
Trd, 8639817.212, 139
Trd, 8639817.412, 130
Trd, 8639817.779, 90
Trd, 8639818.079, 97
Trd, 8639818.212, 116
Trd, 8639818.312, 101
Trd, 8639818.779, 84
Trd, 8639819.912, 124
Trd, 8639819.946, 104
Trd, 8639820.446, 96
Trd, 8639820.779, 94
Trd, 8639822.012, 122
Trd, 8639822.546, 130
Trd, 8639822.579, 98
Trd, 8639823.312, 76
Trd, 8639823.446, 78
Trd, 8639823.912, 117
Trd, 8639824.579, 127
Trd, 8639825.112, 127
Trd, 8639825.446, 119
Trd, 8639826.679, 139
Trd, 8639826.746, 130
Trd, 8639827.546, 96
Trd, 8639827.812, 134
Trd, 8639827.912, 91
Trd, 8639828.679, 104
Trd, 8639829.779, 123
Trd, 8639830.179, 111
Trd, 8639830.679, 121
Trd, 8639830.812, 107
Trd, 8639830.979, 101
Trd, 8639831.212, 129
Trd, 8639831.746, 117
Trd, 8639831.879, 131
Trd, 8639832.146, 132
Trd, 8639832.746, 113
Trd, 8639833.379, 110
Trd, 8639833.579, 132
Trd, 8639835.246, 131
Trd, 8639835.512, 131
Trd, 8639835.712, 108
Trd, 8639836.612, 122
Trd, 8639836.946, 110
Trd, 8639837.812, 95
Trd, 8639838.112, 87
Trd, 8639838.946, 123
Trd, 8639839.946, 125
Trd, 8639840.679, 128
Trd, 8639840.846, 90
Trd, 8639841.746, 123
Trd, 8639841.912, 109
Trd, 8639842.046, 101
Trd, 8639842.112, 110
Trd, 8639842.312, 81
Trd, 8639842.679, 138
Trd, 8639842.912, 94
Trd, 8639843.512, 84
Trd, 8639843.912, 96
Trd, 8639844.279, 93
Trd, 8639844.546, 86
Trd, 8639844.946, 100
Trd, 8639845.046, 104
Trd, 8639846.479, 101
Trd, 8639846.712, 71
Trd, 8639847.279, 123
Trd, 8639847.612, 123
Trd, 8639847.879, 105
Trd, 8639848.579, 124
Trd, 8639848.779, 101
Trd, 8639849.446, 138
Trd, 8639849.646, 127
Trd, 8639849.979, 107
Trd, 8639851.146, 121
Trd, 8639851.612, 86
Trd, 8639851.879, 82
Trd, 8639852.612, 126
Trd, 8639852.879, 124
Trd, 8639853.246, 94
Trd, 8639853.579, 94
Trd, 8639854.046, 92
Trd, 8639854.346, 111
Trd, 8639854.812, 66
Trd, 8639855.446, 81
Trd, 8639855.779, 72
Trd, 8639856.346, 76
Trd, 8639856.446, 91
Trd, 8639856.679, 86
Trd, 8639857.012, 119
Trd, 8639857.612, 92
Trd, 8639857.879, 126
Trd, 8639858.712, 124
Trd, 8639859.279, 119
Trd, 8639859.846, 83
Trd, 8639860.479, 96
Trd, 8639860.779, 102
Trd, 8639861.046, 120
Trd, 8639861.246, 103
Trd, 8639861.879, 104
Trd, 8639861.979, 137
Trd, 8639862.146, 95
Trd, 8639863.079, 105
Trd, 8639863.612, 98
Trd, 8639863.779, 95
Trd, 8639864.112, 88
Trd, 8639864.512, 103
Trd, 8639865.379, 87
Trd, 8639865.979, 139
Trd, 8639866.046, 119
Trd, 8639866.646, 115
Trd, 8639867.146, 95
Trd, 8639867.679, 104
Trd, 8639867.779, 86
Trd, 8639867.879, 106
Trd, 8639868.246, 94
Trd, 8639869.046, 87
Trd, 8639869.179, 94
Trd, 8639869.212, 96
Trd, 8639870.646, 97
Trd, 8639871.479, 97
Trd, 8639872.212, 79
Trd, 8639872.446, 83
Trd, 8639872.546, 137
Trd, 8639873.812, 120
Trd, 8639874.212, 106
Trd, 8639874.646, 135
Trd, 8639875.512, 122
Trd, 8639877.012, 127
Trd, 8639877.312, 126
Trd, 8639877.512, 122
Trd, 8639877.612, 103
Trd, 8639877.879, 96
Trd, 8639878.379, 120
Trd, 8639878.946, 111
Trd, 8639879.779, 138
Trd, 8639880.212, 124
Trd, 8639880.812, 114
Trd, 8639881.112, 105
Trd, 8639882.212, 114
Trd, 8639882.446, 118
Trd, 8639882.879, 97
Trd, 8639883.146, 116
Trd, 8639883.212, 85
Trd, 8639883.779, 112
Trd, 8639884.446, 118
Trd, 8639884.579, 101
Trd, 8639884.646, 102
Trd, 8639886.379, 124
Trd, 8639886.712, 116
Trd, 8639887.046, 130
Trd, 8639887.246, 132
Trd, 8639887.612, 100
Trd, 8639888.779, 140
Trd, 8639888.979, 118
Trd, 8639889.412, 111
Trd, 8639889.846, 122
Trd, 8639890.112, 91
Trd, 8639890.679, 80
Trd, 8639890.812, 78
Trd, 8639891.446, 96
Trd, 8639891.546, 66
Trd, 8639891.912, 89
Trd, 8639892.612, 122
Trd, 8639893.246, 127
Trd, 8639893.446, 124
Trd, 8639893.912, 90
Trd, 8639894.346, 73
Trd, 8639895.179, 114
Trd, 8639895.512, 94
Trd, 8639895.779, 117
Trd, 8639896.679, 134
Trd, 8639896.812, 123
Trd, 8639897.146, 123
Trd, 8639897.446, 136
Trd, 8639897.712, 111
Trd, 8639897.746, 104
Trd, 8639898.079, 93
Trd, 8639898.546, 127
Trd, 8639898.579, 95
Trd, 8639899.146, 104
Trd, 8639899.779, 106
Trd, 8639900.079, 127
Trd, 8639901.046, 88
Trd, 8639901.146, 95
Trd, 8639901.812, 100
Trd, 8639902.279, 80
Trd, 8639902.546, 89
Trd, 8639903.746, 106
Trd, 8639904.679, 136
Trd, 8639904.746, 128
Trd, 8639905.246, 114
Trd, 8639905.412, 110
Trd, 8639906.379, 121
Trd, 8639907.412, 135
Trd, 8639907.879, 121
Trd, 8639907.946, 105
Trd, 8639907.979, 96
Trd, 8639908.312, 76
Trd, 8639908.579, 115
Trd, 8639909.512, 98
Trd, 8639909.712, 138
Trd, 8639909.812, 135
Trd, 8639911.312, 129
Trd, 8639911.646, 120
Trd, 8639911.779, 109
Trd, 8639911.846, 74
Trd, 8639912.079, 66
Trd, 8639912.512, 135
Trd, 8639913.412, 129
Trd, 8639913.579, 126
Trd, 8639914.746, 110
Trd, 8639915.012, 107
Trd, 8639915.512, 127
Trd, 8639915.612, 124
Trd, 8639915.746, 96
Trd, 8639916.046, 118
Trd, 8639917.479, 115
Trd, 8639918.279, 95
Trd, 8639919.279, 101
Trd, 8639919.379, 104
Trd, 8639919.946, 114
Trd, 8639920.179, 102
Trd, 8639920.879, 76
Trd, 8639921.246, 86
Trd, 8639921.379, 76
Trd, 8639921.646, 75
Trd, 8639921.912, 61
Trd, 8639922.212, 87
Trd, 8639922.312, 85
Trd, 8639922.779, 89
Trd, 8639923.379, 90
Trd, 8639923.846, 70
Trd, 8639925.112, 98
Trd, 8639926.146, 111
Trd, 8639926.646, 125
Trd, 8639926.946, 80
Trd, 8639927.046, 113
Trd, 8639927.446, 67
Trd, 8639927.712, 76
Trd, 8639928.146, 124
Trd, 8639929.312, 108
Trd, 8639929.446, 101
Trd, 8639929.546, 101
Trd, 8639930.146, 84
Trd, 8639930.279, 89
Trd, 8639930.312, 99
Trd, 8639930.646, 118
Trd, 8639930.679, 79
Trd, 8639931.446, 130
Trd, 8639931.646, 73
Trd, 8639932.612, 79
Trd, 8639932.979, 83
Trd, 8639933.112, 107
Trd, 8639933.546, 132
Trd, 8639933.912, 104
Trd, 8639934.612, 83
Trd, 8639934.712, 77
Trd, 8639935.912, 111
Trd, 8639935.946, 92
Trd, 8639936.346, 119
Trd, 8639936.846, 79
Trd, 8639937.446, 113
Trd, 8639937.612, 134
Trd, 8639938.412, 115
Trd, 8639938.746, 121
Trd, 8639938.846, 114
Trd, 8639938.979, 100
Trd, 8639939.179, 97
Trd, 8639939.712, 81
Trd, 8639939.846, 132
Trd, 8639940.546, 113
Trd, 8639941.912, 91
Trd, 8639942.112, 93
Trd, 8639942.346, 60
Trd, 8639943.046, 69
Trd, 8639943.079, 75
Trd, 8639943.212, 65
Trd, 8639943.679, 91
Trd, 8639944.479, 119
Trd, 8639945.046, 115
Trd, 8639945.446, 124
Trd, 8639947.112, 94
Trd, 8639947.146, 105
Trd, 8639947.379, 89
Trd, 8639947.746, 119
Trd, 8639948.712, 120
Trd, 8639949.012, 109
Trd, 8639949.679, 109
Trd, 8639950.446, 128
Trd, 8639950.746, 135
Trd, 8639951.379, 109
Trd, 8639951.579, 108
Trd, 8639952.646, 104
Trd, 8639953.046, 81
Trd, 8639953.312, 77
Trd, 8639953.646, 112
Trd, 8639953.846, 121
Trd, 8639955.112, 123
Trd, 8639955.612, 105
Trd, 8639956.246, 95
Trd, 8639956.879, 105
Trd, 8639957.046, 98
Trd, 8639957.146, 98
Trd, 8639957.412, 88
Trd, 8639957.446, 79
Trd, 8639957.646, 97
Trd, 8639958.779, 137
Trd, 8639958.846, 114
Trd, 8639959.712, 107
Trd, 8639959.846, 71
Trd, 8639960.346, 99
Trd, 8639961.046, 84
Trd, 8639961.179, 61
Trd, 8639961.212, 86
Trd, 8639961.646, 117
Trd, 8639962.879, 140
Trd, 8639963.079, 110
Trd, 8639963.346, 109
Trd, 8639964.412, 101
Trd, 8639964.712, 94
Trd, 8639965.512, 84
Trd, 8639966.879, 110
Trd, 8639966.946, 102
Trd, 8639967.212, 129
Trd, 8639968.012, 132
Trd, 8639968.046, 114
Trd, 8639968.979, 83
Trd, 8639969.046, 99
Trd, 8639969.612, 136
Trd, 8639969.779, 129
Trd, 8639970.012, 118
Trd, 8639970.346, 113
Trd, 8639970.979, 90
Trd, 8639971.179, 110
Trd, 8639972.079, 129
Trd, 8639972.979, 123
Trd, 8639973.312, 103
Trd, 8639973.846, 136
Trd, 8639974.479, 130
Trd, 8639974.612, 116
Trd, 8639974.979, 105
Trd, 8639975.112, 118
Trd, 8639975.279, 97
Trd, 8639975.512, 64
Trd, 8639976.379, 67
Trd, 8639976.446, 67
Trd, 8639976.812, 67
Trd, 8639976.912, 85
Trd, 8639977.612, 80
Trd, 8639979.179, 134
Trd, 8639979.212, 128
Trd, 8639979.912, 123
Trd, 8639980.012, 116
Trd, 8639980.279, 123
Trd, 8639980.812, 97
Trd, 8639981.412, 138
Trd, 8639981.512, 118
Trd, 8639981.746, 122
Trd, 8639982.246, 104
Trd, 8639982.412, 108
Trd, 8639982.912, 92
Trd, 8639983.246, 92
Trd, 8639983.812, 89
Trd, 8639983.979, 108
Trd, 8639984.779, 94
Trd, 8639985.279, 80
Trd, 8639985.646, 105
Trd, 8639985.946, 70
Trd, 8639986.212, 99
Trd, 8639986.712, 73
Trd, 8639986.879, 112
Trd, 8639987.112, 101
Trd, 8639988.412, 116
Trd, 8639988.746, 98
Trd, 8639989.612, 94
Trd, 8639989.946, 97
Trd, 8639990.179, 82
Trd, 8639990.579, 105
Trd, 8639991.212, 104
Trd, 8639991.812, 109
Trd, 8639992.846, 110
Trd, 8639992.912, 107
Trd, 8639993.179, 98
Trd, 8639993.246, 97
Trd, 8639994.212, 128
Trd, 8639994.379, 116
Trd, 8639995.846, 84
Trd, 8639996.246, 83
Trd, 8639996.512, 117
Trd, 8639996.546, 108
Trd, 8639997.679, 118
Trd, 8639998.179, 121
Trd, 8639998.446, 122
Trd, 8639998.712, 105
Trd, 8639998.912, 103
Trd, 8639999.179, 98
Trd, 8639999.212, 103
