Trd, 8638740.179, 111
Trd, 8638740.646, 103
Trd, 8638741.012, 75
Trd, 8638741.646, 126
Trd, 8638742.012, 135
Trd, 8638742.279, 135
Trd, 8638742.712, 124
Trd, 8638742.979, 97
Trd, 8638743.679, 86
Trd, 8638744.679, 119
Trd, 8638744.879, 97
Trd, 8638745.179, 133
Trd, 8638745.346, 95
Trd, 8638745.612, 121
Trd, 8638746.046, 88
Trd, 8638746.279, 87
Trd, 8638747.046, 75
Trd, 8638747.779, 81
Trd, 8638747.912, 100
Trd, 8638748.679, 94
Trd, 8638748.946, 121
Trd, 8638749.512, 108
Trd, 8638749.779, 104
Trd, 8638750.379, 103
Trd, 8638750.446, 95
Trd, 8638751.512, 69
Trd, 8638752.212, 85
Trd, 8638752.446, 87
Trd, 8638753.446, 130
Trd, 8638753.679, 89
Trd, 8638754.379, 88
Trd, 8638754.446, 87
Trd, 8638754.779, 82
Trd, 8638754.846, 75
Trd, 8638755.312, 110
Trd, 8638755.612, 82
Trd, 8638755.912, 96
Trd, 8638756.279, 109
Trd, 8638756.446, 97
Trd, 8638756.679, 96
Trd, 8638757.412, 130
Trd, 8638758.012, 122
Trd, 8638759.979, 122
Trd, 8638761.479, 128
Trd, 8638761.646, 121
Trd, 8638762.446, 120
Trd, 8638762.946, 123
Trd, 8638763.012, 122
Trd, 8638763.279, 110
Trd, 8638763.312, 96
Trd, 8638764.746, 104
Trd, 8638764.979, 136
Trd, 8638765.679, 111
Trd, 8638765.779, 101
Trd, 8638766.279, 93
Trd, 8638766.846, 105
Trd, 8638767.912, 114
Trd, 8638768.179, 109
Trd, 8638768.479, 125
Trd, 8638768.646, 105
Trd, 8638770.312, 99
Trd, 8638770.479, 82
Trd, 8638770.979, 135
Trd, 8638771.646, 113
Trd, 8638771.879, 71
Trd, 8638772.046, 95
Trd, 8638772.246, 94
Trd, 8638772.312, 71
Trd, 8638772.712, 71
Trd, 8638773.679, 120
Trd, 8638774.046, 94
Trd, 8638775.412, 133
Trd, 8638775.746, 120
Trd, 8638776.779, 123
Trd, 8638777.279, 121
Trd, 8638777.346, 124
Trd, 8638777.446, 105
Trd, 8638778.146, 98
Trd, 8638778.179, 91
Trd, 8638779.779, 100
Trd, 8638779.979, 82
Trd, 8638780.246, 126
Trd, 8638781.012, 102
Trd, 8638781.079, 94
Trd, 8638781.612, 113
Trd, 8638782.612, 93
Trd, 8638782.879, 92
Trd, 8638783.546, 96
Trd, 8638784.546, 129
Trd, 8638784.912, 121
Trd, 8638785.312, 120
Trd, 8638785.412, 103
Trd, 8638785.579, 131
Trd, 8638785.846, 98
Trd, 8638787.679, 102
Trd, 8638787.879, 100
Trd, 8638788.712, 125
Trd, 8638789.712, 123
Trd, 8638789.846, 122
Trd, 8638790.879, 131
Trd, 8638791.012, 111
Trd, 8638792.046, 119
Trd, 8638792.212, 102
Trd, 8638792.879, 134
Trd, 8638793.679, 139
Trd, 8638793.812, 129
Trd, 8638794.979, 101
Trd, 8638795.746, 120
Trd, 8638796.012, 113
Trd, 8638796.312, 98
Trd, 8638796.412, 98
Trd, 8638797.746, 73
Trd, 8638797.846, 85
Trd, 8638798.246, 86
Trd, 8638799.012, 83
Trd, 8638799.946, 110
Trd, 8638800.212, 90
Trd, 8638801.146, 114
Trd, 8638801.279, 130
Trd, 8638801.412, 113
Trd, 8638801.912, 115
Trd, 8638802.446, 102
Trd, 8638802.646, 100
Trd, 8638802.846, 135
Trd, 8638803.112, 114
Trd, 8638803.146, 96
Trd, 8638803.712, 117
Trd, 8638803.946, 103
Trd, 8638804.746, 133
Trd, 8638804.779, 127
Trd, 8638806.212, 123
Trd, 8638808.546, 105
Trd, 8638808.746, 104
Trd, 8638808.912, 104
Trd, 8638808.946, 103
Trd, 8638809.279, 131
Trd, 8638809.379, 107
Trd, 8638809.479, 113
Trd, 8638809.779, 99
Trd, 8638810.712, 127
Trd, 8638811.112, 101
Trd, 8638811.412, 108
Trd, 8638811.579, 98
Trd, 8638811.879, 97
Trd, 8638812.712, 117
Trd, 8638813.246, 108
Trd, 8638813.379, 104
Trd, 8638813.612, 102
Trd, 8638814.079, 129
Trd, 8638814.246, 130
Trd, 8638814.479, 137
Trd, 8638814.546, 97
Trd, 8638815.846, 97
Trd, 8638817.146, 128
Trd, 8638817.379, 97
Trd, 8638817.512, 128
Trd, 8638819.446, 118
Trd, 8638819.479, 117
Trd, 8638820.046, 117
Trd, 8638820.712, 107
Trd, 8638821.546, 135
Trd, 8638821.612, 129
Trd, 8638822.412, 129
Trd, 8638822.479, 98
Trd, 8638822.712, 101
Trd, 8638822.746, 97
Trd, 8638823.279, 88
Trd, 8638824.046, 98
Trd, 8638824.112, 87
Trd, 8638825.346, 132
Trd, 8638825.579, 80
Trd, 8638826.179, 82
Trd, 8638827.079, 94
Trd, 8638827.812, 89
Trd, 8638828.312, 100
Trd, 8638828.512, 94
Trd, 8638828.646, 92
Trd, 8638829.046, 95
Trd, 8638829.346, 86
Trd, 8638829.512, 85
Trd, 8638830.179, 93
Trd, 8638830.612, 96
Trd, 8638830.746, 109
Trd, 8638831.812, 81
Trd, 8638832.012, 99
Trd, 8638832.579, 80
Trd, 8638832.612, 88
Trd, 8638833.046, 119
Trd, 8638833.212, 106
Trd, 8638835.146, 117
Trd, 8638835.679, 110
Trd, 8638835.746, 105
Trd, 8638835.879, 124
Trd, 8638836.712, 105
Trd, 8638837.412, 132
Trd, 8638837.912, 119
Trd, 8638839.146, 131
Trd, 8638839.812, 124
Trd, 8638839.979, 122
Trd, 8638842.112, 131
Trd, 8638842.246, 133
Trd, 8638842.279, 129
Trd, 8638842.379, 129
Trd, 8638842.479, 122
Trd, 8638842.612, 111
Trd, 8638842.779, 88
Trd, 8638843.179, 122
Trd, 8638843.712, 125
Trd, 8638844.546, 115
Trd, 8638845.046, 112
Trd, 8638845.746, 118
Trd, 8638846.446, 126
Trd, 8638846.479, 125
Trd, 8638847.412, 113
Trd, 8638847.979, 123
Trd, 8638848.612, 133
Trd, 8638848.646, 115
Trd, 8638849.012, 108
Trd, 8638849.579, 104
Trd, 8638849.846, 126
Trd, 8638849.946, 92
Trd, 8638850.812, 121
Trd, 8638851.112, 110
Trd, 8638851.379, 105
Trd, 8638851.579, 88
Trd, 8638851.712, 121
Trd, 8638851.912, 85
Trd, 8638853.012, 78
Trd, 8638853.946, 102
Trd, 8638854.146, 97
Trd, 8638854.379, 101
Trd, 8638855.212, 122
Trd, 8638856.079, 138
Trd, 8638856.879, 130
Trd, 8638856.946, 111
Trd, 8638857.246, 123
Trd, 8638857.546, 97
Trd, 8638858.046, 97
Trd, 8638859.246, 129
Trd, 8638859.412, 114
Trd, 8638859.812, 91
Trd, 8638859.979, 87
Trd, 8638860.046, 86
Trd, 8638860.179, 85
Trd, 8638862.679, 130
Trd, 8638863.212, 119
Trd, 8638863.412, 107
Trd, 8638863.879, 119
Trd, 8638863.912, 115
Trd, 8638864.279, 101
Trd, 8638864.479, 97
Trd, 8638864.812, 119
Trd, 8638865.946, 126
Trd, 8638866.546, 134
Trd, 8638866.612, 132
Trd, 8638866.812, 105
Trd, 8638866.946, 105
Trd, 8638867.279, 99
Trd, 8638868.712, 114
Trd, 8638869.146, 128
Trd, 8638869.346, 126
Trd, 8638870.112, 119
Trd, 8638871.112, 126
Trd, 8638871.346, 139
Trd, 8638871.412, 118
Trd, 8638872.112, 134
Trd, 8638872.612, 132
Trd, 8638872.812, 128
Trd, 8638873.112, 118
Trd, 8638873.712, 127
Trd, 8638874.212, 111
Trd, 8638874.346, 107
Trd, 8638874.412, 136
Trd, 8638874.879, 102
Trd, 8638875.712, 79
Trd, 8638876.179, 70
Trd, 8638876.579, 109
Trd, 8638876.946, 96
Trd, 8638877.046, 139
Trd, 8638877.712, 106
Trd, 8638878.212, 129
Trd, 8638878.346, 78
Trd, 8638880.179, 115
Trd, 8638880.479, 107
Trd, 8638880.579, 103
Trd, 8638881.379, 131
Trd, 8638881.846, 121
Trd, 8638882.346, 115
Trd, 8638882.546, 129
Trd, 8638882.679, 108
Trd, 8638882.812, 140
Trd, 8638882.879, 104
Trd, 8638883.179, 104
Trd, 8638884.246, 122
Trd, 8638884.379, 104
Trd, 8638885.079, 100
Trd, 8638885.979, 102
Trd, 8638886.112, 101
Trd, 8638886.246, 104
Trd, 8638886.846, 100
Trd, 8638887.079, 125
Trd, 8638887.179, 80
Trd, 8638887.579, 94
Trd, 8638887.612, 80
Trd, 8638888.546, 119
Trd, 8638888.912, 83
Trd, 8638889.812, 98
Trd, 8638890.546, 105
Trd, 8638890.612, 87
Trd, 8638890.679, 118
Trd, 8638892.212, 123
Trd, 8638892.779, 117
Trd, 8638893.079, 127
Trd, 8638893.579, 112
Trd, 8638893.612, 102
Trd, 8638893.946, 126
Trd, 8638894.379, 130
Trd, 8638895.179, 125
Trd, 8638895.646, 119
Trd, 8638895.812, 112
Trd, 8638896.279, 97
Trd, 8638896.746, 136
Trd, 8638897.646, 108
Trd, 8638898.479, 134
Trd, 8638899.179, 126
Trd, 8638899.279, 125
Trd, 8638899.312, 111
Trd, 8638899.779, 130
Trd, 8638900.312, 133
Trd, 8638902.846, 120
Trd, 8638903.379, 120
Trd, 8638903.479, 113
Trd, 8638903.646, 111
Trd, 8638903.879, 115
Trd, 8638904.579, 120
Trd, 8638904.646, 115
Trd, 8638904.746, 114
Trd, 8638905.646, 104
Trd, 8638905.912, 99
Trd, 8638906.679, 120
Trd, 8638906.812, 98
Trd, 8638906.879, 124
Trd, 8638906.946, 134
Trd, 8638907.379, 97
Trd, 8638907.546, 87
Trd, 8638907.679, 85
Trd, 8638907.746, 84
Trd, 8638907.912, 118
Trd, 8638909.046, 115
Trd, 8638909.812, 115
Trd, 8638910.879, 133
Trd, 8638910.946, 126
Trd, 8638911.546, 118
Trd, 8638912.379, 130
Trd, 8638913.279, 122
Trd, 8638913.379, 119
Trd, 8638913.646, 131
Trd, 8638914.479, 130
Trd, 8638914.579, 128
Trd, 8638915.246, 125
Trd, 8638915.612, 121
Trd, 8638916.012, 113
Trd, 8638916.779, 109
Trd, 8638916.946, 103
Trd, 8638917.946, 117
Trd, 8638919.712, 136
Trd, 8638920.012, 132
Trd, 8638920.246, 124
Trd, 8638920.712, 137
Trd, 8638921.579, 133
Trd, 8638921.846, 139
Trd, 8638922.346, 135
Trd, 8638922.646, 130
Trd, 8638922.746, 123
Trd, 8638923.046, 119
Trd, 8638923.312, 101
Trd, 8638923.946, 98
Trd, 8638924.646, 127
Trd, 8638924.812, 89
Trd, 8638925.046, 89
Trd, 8638926.879, 132
Trd, 8638927.479, 104
Trd, 8638927.779, 99
Trd, 8638928.446, 140
Trd, 8638928.646, 135
Trd, 8638929.346, 109
Trd, 8638930.179, 124
Trd, 8638930.712, 97
Trd, 8638930.912, 95
Trd, 8638931.112, 140
Trd, 8638931.379, 119
Trd, 8638932.446, 64
Trd, 8638933.379, 62
Trd, 8638933.512, 67
Trd, 8638933.979, 73
Trd, 8638934.212, 62
Trd, 8638935.046, 115
Trd, 8638936.279, 103
Trd, 8638936.346, 102
Trd, 8638936.746, 104
Trd, 8638936.979, 110
Trd, 8638937.146, 104
Trd, 8638937.912, 97
Trd, 8638938.146, 94
Trd, 8638939.046, 133
Trd, 8638939.446, 123
Trd, 8638939.679, 111
Trd, 8638941.212, 105
Trd, 8638941.579, 113
Trd, 8638941.879, 119
Trd, 8638942.212, 113
Trd, 8638942.446, 104
Trd, 8638942.646, 107
Trd, 8638942.746, 100
Trd, 8638943.379, 99
Trd, 8638943.679, 122
Trd, 8638943.979, 88
Trd, 8638944.712, 118
Trd, 8638944.746, 105
Trd, 8638945.446, 103
Trd, 8638946.012, 130
Trd, 8638947.646, 128
Trd, 8638947.946, 97
Trd, 8638948.846, 117
Trd, 8638949.646, 99
Trd, 8638949.912, 137
Trd, 8638951.112, 139
Trd, 8638951.546, 140
Trd, 8638952.012, 135
Trd, 8638952.312, 130
Trd, 8638952.479, 118
Trd, 8638953.012, 114
Trd, 8638953.279, 107
Trd, 8638953.879, 137
Trd, 8638954.146, 106
Trd, 8638954.646, 108
Trd, 8638955.112, 116
Trd, 8638955.912, 111
Trd, 8638956.379, 98
Trd, 8638956.812, 87
Trd, 8638957.546, 94
Trd, 8638957.846, 117
Trd, 8638958.679, 96
Trd, 8638958.812, 95
Trd, 8638959.446, 98
Trd, 8638959.912, 110
Trd, 8638960.712, 131
Trd, 8638960.746, 126
Trd, 8638961.779, 90
Trd, 8638961.879, 89
Trd, 8638962.012, 127
Trd, 8638962.212, 80
Trd, 8638963.046, 99
Trd, 8638964.212, 119
Trd, 8638964.546, 97
Trd, 8638965.046, 97
Trd, 8638965.579, 111
Trd, 8638965.612, 93
Trd, 8638966.246, 80
Trd, 8638966.412, 77
Trd, 8638966.679, 90
Trd, 8638967.912, 80
Trd, 8638968.946, 77
Trd, 8638969.046, 88
Trd, 8638969.112, 75
Trd, 8638969.679, 106
Trd, 8638970.479, 88
Trd, 8638971.146, 68
Trd, 8638971.412, 124
Trd, 8638971.746, 119
Trd, 8638971.879, 125
Trd, 8638972.079, 118
Trd, 8638972.412, 113
Trd, 8638973.379, 81
Trd, 8638973.912, 119
Trd, 8638975.479, 88
Trd, 8638976.079, 90
Trd, 8638976.679, 98
Trd, 8638976.946, 78
Trd, 8638977.246, 79
Trd, 8638977.279, 106
Trd, 8638977.579, 107
Trd, 8638977.746, 85
Trd, 8638978.279, 65
Trd, 8638979.879, 84
Trd, 8638979.912, 89
Trd, 8638980.712, 95
Trd, 8638981.446, 80
Trd, 8638981.612, 78
Trd, 8638981.846, 97
Trd, 8638981.946, 77
Trd, 8638982.312, 94
Trd, 8638983.079, 88
Trd, 8638983.712, 81
Trd, 8638984.212, 116
Trd, 8638985.246, 79
Trd, 8638985.346, 79
Trd, 8638985.746, 134
Trd, 8638986.246, 114
Trd, 8638986.946, 114
Trd, 8638987.012, 112
Trd, 8638988.146, 130
Trd, 8638988.379, 111
Trd, 8638988.412, 108
Trd, 8638989.012, 102
Trd, 8638989.712, 134
Trd, 8638990.079, 95
Trd, 8638990.212, 101
Trd, 8638990.479, 92
Trd, 8638991.146, 116
Trd, 8638991.179, 115
Trd, 8638993.112, 103
Trd, 8638993.679, 96
Trd, 8638993.879, 98
Trd, 8638994.146, 88
Trd, 8638994.546, 113
Trd, 8638994.712, 127
Trd, 8638995.346, 131
Trd, 8638996.212, 124
Trd, 8638996.379, 114
Trd, 8638996.546, 102
Trd, 8638997.412, 115
Trd, 8638997.779, 89
Trd, 8638998.079, 86
Trd, 8638998.312, 97
Trd, 8638998.579, 86
Trd, 8638999.046, 109
Trd, 8638999.146, 116
Trd, 8639000.112, 110
Trd, 8639000.279, 127
Trd, 8639001.079, 118
Trd, 8639001.612, 117
Trd, 8639002.479, 98
Trd, 8639002.646, 84
Trd, 8639002.779, 80
Trd, 8639002.946, 81
Trd, 8639003.479, 77
Trd, 8639004.079, 105
Trd, 8639004.112, 82
Trd, 8639004.479, 111
Trd, 8639005.079, 122
Trd, 8639005.312, 111
Trd, 8639005.379, 126
Trd, 8639005.612, 124
Trd, 8639006.446, 130
Trd, 8639006.512, 129
Trd, 8639006.879, 66
Trd, 8639007.612, 76
Trd, 8639007.646, 91
Trd, 8639009.846, 108
Trd, 8639010.279, 118
Trd, 8639010.546, 123
Trd, 8639011.112, 130
Trd, 8639011.146, 127
Trd, 8639012.412, 114
Trd, 8639013.679, 136
Trd, 8639013.912, 130
Trd, 8639014.046, 129
Trd, 8639014.812, 123
Trd, 8639015.446, 110
Trd, 8639015.479, 107
Trd, 8639015.879, 104
Trd, 8639016.279, 112
Trd, 8639016.546, 113
Trd, 8639016.679, 96
Trd, 8639016.746, 91
Trd, 8639017.312, 92
Trd, 8639018.079, 98
Trd, 8639018.579, 129
Trd, 8639019.079, 120
Trd, 8639019.346, 98
Trd, 8639019.812, 104
Trd, 8639020.912, 131
Trd, 8639021.112, 125
Trd, 8639021.646, 124
Trd, 8639021.912, 123
Trd, 8639021.979, 121
Trd, 8639023.746, 130
Trd, 8639024.312, 94
Trd, 8639024.379, 131
Trd, 8639024.879, 104
Trd, 8639025.112, 118
Trd, 8639025.212, 103
Trd, 8639026.479, 101
Trd, 8639026.546, 96
Trd, 8639027.246, 110
Trd, 8639028.012, 120
Trd, 8639028.179, 106
Trd, 8639028.379, 122
Trd, 8639028.812, 105
Trd, 8639030.479, 138
Trd, 8639031.012, 136
Trd, 8639031.212, 125
Trd, 8639031.246, 119
Trd, 8639031.846, 131
Trd, 8639032.446, 125
Trd, 8639032.679, 97
Trd, 8639033.046, 121
Trd, 8639033.979, 119
Trd, 8639034.246, 126
Trd, 8639034.912, 131
Trd, 8639035.179, 108
Trd, 8639035.712, 105
Trd, 8639036.279, 115
Trd, 8639036.812, 131
Trd, 8639036.879, 124
Trd, 8639037.512, 116
Trd, 8639037.779, 106
Trd, 8639038.179, 101
Trd, 8639038.312, 100
Trd, 8639038.579, 96
Trd, 8639038.812, 120
Trd, 8639039.679, 110
Trd, 8639039.946, 116
Trd, 8639040.179, 107
Trd, 8639041.112, 115
Trd, 8639041.779, 107
Trd, 8639042.346, 106
Trd, 8639042.746, 104
Trd, 8639043.112, 93
Trd, 8639043.512, 115
Trd, 8639043.646, 122
Trd, 8639044.346, 121
Trd, 8639044.912, 113
Trd, 8639045.312, 104
Trd, 8639045.679, 104
Trd, 8639045.812, 107
Trd, 8639046.246, 103
Trd, 8639046.779, 87
Trd, 8639046.946, 82
Trd, 8639047.379, 97
Trd, 8639048.046, 125
Trd, 8639048.579, 121
Trd, 8639048.612, 119
Trd, 8639049.446, 115
Trd, 8639049.879, 134
Trd, 8639050.612, 124
Trd, 8639050.879, 100
Trd, 8639051.179, 125
Trd, 8639051.212, 91
Trd, 8639051.579, 80
Trd, 8639052.412, 103
Trd, 8639052.912, 114
Trd, 8639053.446, 113
Trd, 8639053.546, 123
Trd, 8639054.246, 100
Trd, 8639055.612, 97
Trd, 8639056.379, 81
Trd, 8639056.879, 140
Trd, 8639057.146, 120
Trd, 8639058.279, 113
Trd, 8639058.512, 128
Trd, 8639058.679, 97
Trd, 8639059.812, 139
Trd, 8639059.979, 116
Trd, 8639060.579, 133
Trd, 8639060.779, 127
Trd, 8639061.346, 117
Trd, 8639061.546, 123
Trd, 8639062.412, 110
Trd, 8639063.679, 114
Trd, 8639064.946, 119
Trd, 8639065.179, 118
Trd, 8639065.279, 118
Trd, 8639065.979, 107
Trd, 8639066.112, 104
Trd, 8639066.246, 120
Trd, 8639067.246, 132
Trd, 8639067.579, 129
Trd, 8639067.812, 112
Trd, 8639068.079, 106
Trd, 8639068.546, 114
Trd, 8639068.846, 108
Trd, 8639069.879, 127
Trd, 8639070.412, 95
Trd, 8639071.112, 118
Trd, 8639071.612, 94
Trd, 8639072.112, 123
Trd, 8639072.546, 112
Trd, 8639072.812, 94
Trd, 8639072.912, 91
Trd, 8639073.046, 91
Trd, 8639073.246, 61
Trd, 8639073.979, 98
Trd, 8639074.112, 115
Trd, 8639074.146, 97
Trd, 8639074.679, 134
Trd, 8639075.212, 96
Trd, 8639075.879, 99
Trd, 8639076.312, 88
Trd, 8639077.379, 103
Trd, 8639077.812, 98
Trd, 8639078.212, 128
Trd, 8639078.946, 140
Trd, 8639079.879, 113
Trd, 8639080.046, 112
Trd, 8639080.812, 109
Trd, 8639081.879, 110
Trd, 8639082.212, 104
Trd, 8639082.312, 113
Trd, 8639083.246, 101
Trd, 8639083.846, 92
Trd, 8639084.179, 126
Trd, 8639084.712, 92
Trd, 8639084.979, 97
Trd, 8639086.079, 121
Trd, 8639086.146, 115
Trd, 8639086.979, 106
Trd, 8639087.146, 98
Trd, 8639087.279, 108
Trd, 8639087.646, 95
Trd, 8639087.779, 94
Trd, 8639088.146, 135
Trd, 8639088.879, 134
Trd, 8639089.812, 122
Trd, 8639090.546, 121
Trd, 8639090.679, 116
Trd, 8639091.046, 119
Trd, 8639091.346, 107
Trd, 8639092.246, 139
Trd, 8639092.312, 93
Trd, 8639092.812, 92
Trd, 8639093.246, 119
Trd, 8639094.646, 125
Trd, 8639094.979, 133
Trd, 8639095.379, 122
Trd, 8639096.579, 119
Trd, 8639097.012, 108
Trd, 8639097.179, 94
Trd, 8639097.212, 101
Trd, 8639097.279, 81
Trd, 8639098.546, 85
Trd, 8639098.879, 85
Trd, 8639099.479, 126
Trd, 8639099.879, 81
Trd, 8639100.379, 88
Trd, 8639101.012, 134
Trd, 8639101.246, 107
Trd, 8639101.646, 82
Trd, 8639102.279, 138
Trd, 8639102.712, 121
Trd, 8639103.279, 118
Trd, 8639103.479, 105
Trd, 8639104.279, 99
Trd, 8639104.746, 91
Trd, 8639105.146, 124
Trd, 8639105.712, 133
Trd, 8639106.079, 100
Trd, 8639106.279, 108
Trd, 8639106.846, 105
Trd, 8639106.946, 85
Trd, 8639108.546, 128
Trd, 8639108.979, 120
Trd, 8639110.179, 130
Trd, 8639110.379, 124
Trd, 8639110.779, 123
Trd, 8639110.946, 117
Trd, 8639111.212, 93
Trd, 8639112.146, 106
Trd, 8639112.246, 129
Trd, 8639112.379, 93
Trd, 8639112.546, 90
Trd, 8639113.879, 105
Trd, 8639113.912, 96
Trd, 8639115.446, 115
Trd, 8639116.079, 136
Trd, 8639116.246, 109
Trd, 8639116.312, 106
Trd, 8639116.579, 130
Trd, 8639116.946, 130
Trd, 8639117.146, 108
Trd, 8639117.179, 97
Trd, 8639118.079, 93
Trd, 8639118.412, 89
Trd, 8639120.179, 127
Trd, 8639120.712, 110
Trd, 8639121.812, 111
Trd, 8639122.046, 121
Trd, 8639122.512, 129
Trd, 8639123.346, 134
Trd, 8639123.512, 134
Trd, 8639123.612, 126
Trd, 8639124.046, 125
Trd, 8639124.746, 107
Trd, 8639125.846, 121
Trd, 8639126.346, 121
Trd, 8639126.379, 116
Trd, 8639126.512, 111
Trd, 8639126.579, 106
Trd, 8639126.846, 96
Trd, 8639126.912, 95
Trd, 8639127.146, 80
Trd, 8639127.246, 134
Trd, 8639127.879, 136
Trd, 8639128.546, 107
Trd, 8639128.646, 76
Trd, 8639129.546, 80
Trd, 8639130.146, 117
Trd, 8639130.179, 99
Trd, 8639131.912, 102
Trd, 8639132.079, 93
Trd, 8639132.679, 107
Trd, 8639132.712, 104
Trd, 8639133.746, 101
Trd, 8639134.146, 86
Trd, 8639134.279, 99
Trd, 8639134.512, 106
Trd, 8639135.012, 105
Trd, 8639135.512, 127
Trd, 8639136.246, 107
Trd, 8639136.579, 134
Trd, 8639136.746, 100
Trd, 8639137.712, 129
Trd, 8639137.746, 128
Trd, 8639138.446, 116
Trd, 8639138.946, 107
Trd, 8639139.512, 84
Trd, 8639139.646, 121
Trd, 8639140.112, 103
Trd, 8639140.246, 107
Trd, 8639141.246, 109
Trd, 8639141.412, 96
Trd, 8639142.346, 122
Trd, 8639142.579, 128
Trd, 8639142.846, 119
Trd, 8639143.179, 114
Trd, 8639143.579, 106
Trd, 8639144.546, 122
Trd, 8639144.612, 82
Trd, 8639144.912, 101
Trd, 8639145.079, 81
Trd, 8639145.512, 105
Trd, 8639146.312, 79
Trd, 8639146.979, 130
Trd, 8639147.546, 124
Trd, 8639148.012, 119
Trd, 8639148.746, 109
Trd, 8639148.846, 95
Trd, 8639149.146, 95
Trd, 8639149.279, 113
Trd, 8639149.446, 122
Trd, 8639150.512, 94
Trd, 8639151.246, 86
Trd, 8639152.179, 97
Trd, 8639152.679, 78
Trd, 8639154.279, 125
Trd, 8639154.346, 123
Trd, 8639154.912, 133
Trd, 8639154.979, 127
Trd, 8639155.746, 116
Trd, 8639156.712, 109
Trd, 8639157.246, 102
Trd, 8639157.346, 140
Trd, 8639157.412, 91
Trd, 8639157.979, 83
Trd, 8639158.646, 109
Trd, 8639159.279, 104
Trd, 8639159.879, 82
Trd, 8639159.946, 80
Trd, 8639160.646, 110
Trd, 8639160.879, 108
Trd, 8639161.512, 115
Trd, 8639161.712, 85
Trd, 8639163.179, 131
Trd, 8639163.746, 125
Trd, 8639163.779, 114
Trd, 8639163.812, 114
Trd, 8639164.146, 108
Trd, 8639166.012, 128
Trd, 8639166.646, 133
Trd, 8639168.079, 132
Trd, 8639168.112, 130
Trd, 8639168.312, 129
Trd, 8639168.646, 138
Trd, 8639168.879, 120
Trd, 8639169.046, 119
Trd, 8639169.312, 111
Trd, 8639169.679, 118
Trd, 8639169.746, 106
Trd, 8639169.846, 93
Trd, 8639170.546, 128
Trd, 8639171.246, 128
Trd, 8639171.812, 127
Trd, 8639171.846, 121
Trd, 8639172.812, 125
Trd, 8639172.846, 118
Trd, 8639174.112, 116
Trd, 8639174.246, 130
Trd, 8639174.912, 137
Trd, 8639175.246, 132
Trd, 8639175.346, 130
Trd, 8639176.879, 136
Trd, 8639177.012, 116
Trd, 8639177.046, 108
Trd, 8639177.312, 106
Trd, 8639178.079, 124
Trd, 8639179.579, 133
Trd, 8639179.979, 127
Trd, 8639180.412, 125
Trd, 8639181.479, 125
Trd, 8639181.646, 124
Trd, 8639182.179, 118
Trd, 8639182.946, 132
Trd, 8639183.812, 122
Trd, 8639183.912, 122
Trd, 8639184.579, 115
Trd, 8639184.912, 115
Trd, 8639185.879, 123
Trd, 8639186.312, 109
Trd, 8639186.679, 107
Trd, 8639186.746, 106
Trd, 8639187.312, 91
Trd, 8639187.912, 92
Trd, 8639188.079, 90
Trd, 8639188.912, 116
Trd, 8639189.146, 122
Trd, 8639190.212, 87
Trd, 8639190.646, 103
Trd, 8639191.912, 122
Trd, 8639191.946, 117
Trd, 8639193.179, 125
Trd, 8639193.279, 114
Trd, 8639193.312, 108
Trd, 8639194.246, 140
Trd, 8639195.412, 131
Trd, 8639195.479, 118
Trd, 8639195.612, 110
Trd, 8639196.779, 132
Trd, 8639197.079, 140
Trd, 8639197.212, 123
Trd, 8639197.346, 100
Trd, 8639197.712, 113
Trd, 8639199.779, 105
Trd, 8639199.912, 104
Trd, 8639200.346, 112
Trd, 8639200.546, 102
Trd, 8639201.346, 74
Trd, 8639201.779, 97
Trd, 8639201.846, 116
Trd, 8639202.079, 130
Trd, 8639203.012, 129
Trd, 8639203.246, 134
Trd, 8639204.112, 128
Trd, 8639204.179, 124
Trd, 8639204.679, 121
Trd, 8639204.812, 119
Trd, 8639206.212, 83
Trd, 8639206.779, 90
Trd, 8639207.012, 101
Trd, 8639208.146, 77
Trd, 8639208.546, 79
Trd, 8639208.812, 87
Trd, 8639209.079, 139
Trd, 8639209.112, 133
Trd, 8639209.146, 124
Trd, 8639211.312, 115
Trd, 8639211.546, 114
Trd, 8639213.112, 135
Trd, 8639213.312, 119
Trd, 8639213.779, 112
Trd, 8639214.079, 106
Trd, 8639214.212, 128
Trd, 8639214.346, 85
Trd, 8639214.379, 121
Trd, 8639215.646, 107
Trd, 8639215.946, 99
Trd, 8639216.612, 129
Trd, 8639216.712, 132
Trd, 8639217.646, 125
Trd, 8639218.012, 124
Trd, 8639218.279, 115
Trd, 8639218.779, 116
Trd, 8639219.446, 116
Trd, 8639220.512, 95
Trd, 8639220.679, 118
Trd, 8639221.379, 117
Trd, 8639221.879, 94
Trd, 8639222.879, 88
Trd, 8639223.146, 95
Trd, 8639223.246, 104
Trd, 8639223.612, 115
Trd, 8639223.712, 87
Trd, 8639223.746, 85
Trd, 8639224.346, 75
Trd, 8639225.046, 76
Trd, 8639225.346, 109
Trd, 8639225.679, 86
Trd, 8639225.946, 111
Trd, 8639226.812, 81
Trd, 8639227.379, 87
Trd, 8639227.812, 81
Trd, 8639228.479, 87
Trd, 8639228.879, 123
Trd, 8639229.212, 113
Trd, 8639229.479, 82
Trd, 8639229.812, 107
Trd, 8639230.012, 85
Trd, 8639230.046, 84
Trd, 8639230.346, 106
Trd, 8639230.812, 138
Trd, 8639230.846, 135
Trd, 8639231.479, 76
Trd, 8639232.712, 113
Trd, 8639232.746, 90
Trd, 8639234.446, 88
Trd, 8639234.646, 88
Trd, 8639234.912, 74
Trd, 8639235.179, 72
Trd, 8639235.446, 91
Trd, 8639235.779, 72
Trd, 8639236.012, 101
Trd, 8639236.846, 85
Trd, 8639237.579, 98
Trd, 8639237.646, 90
Trd, 8639238.079, 105
Trd, 8639238.312, 139
Trd, 8639238.579, 86
Trd, 8639239.112, 119
Trd, 8639239.646, 103
Trd, 8639240.946, 124
Trd, 8639241.146, 123
Trd, 8639241.479, 134
Trd, 8639241.512, 111
Trd, 8639243.746, 130
Trd, 8639243.979, 138
Trd, 8639244.279, 140
Trd, 8639244.412, 134
Trd, 8639244.912, 129
Trd, 8639245.446, 127
Trd, 8639245.746, 114
Trd, 8639246.612, 128
Trd, 8639246.946, 88
Trd, 8639247.079, 120
Trd, 8639247.812, 105
Trd, 8639247.946, 101
Trd, 8639248.612, 134
Trd, 8639250.112, 114
Trd, 8639250.212, 100
Trd, 8639250.779, 90
Trd, 8639251.279, 88
Trd, 8639251.346, 82
Trd, 8639251.479, 117
Trd, 8639252.746, 116
Trd, 8639252.879, 86
Trd, 8639254.312, 116
Trd, 8639254.779, 122
Trd, 8639255.012, 124
Trd, 8639255.912, 115
Trd, 8639255.979, 111
Trd, 8639256.979, 137
Trd, 8639257.046, 109
Trd, 8639257.779, 108
Trd, 8639257.812, 105
Trd, 8639258.112, 103
Trd, 8639258.212, 83
Trd, 8639258.579, 110
Trd, 8639259.912, 127
Trd, 8639260.512, 136
Trd, 8639260.846, 118
Trd, 8639262.312, 118
Trd, 8639262.346, 116
Trd, 8639262.779, 120
Trd, 8639263.879, 130
Trd, 8639264.379, 137
Trd, 8639264.646, 113
Trd, 8639264.846, 107
Trd, 8639265.479, 100
Trd, 8639266.179, 88
Trd, 8639266.312, 85
Trd, 8639266.946, 123
Trd, 8639267.346, 107
Trd, 8639268.646, 130
Trd, 8639268.846, 102
Trd, 8639269.612, 112
Trd, 8639269.712, 88
Trd, 8639269.979, 88
Trd, 8639270.312, 126
Trd, 8639271.979, 116
Trd, 8639272.146, 108
Trd, 8639272.412, 110
Trd, 8639272.846, 104
Trd, 8639273.179, 103
Trd, 8639273.579, 140
Trd, 8639274.046, 112
Trd, 8639274.479, 119
Trd, 8639274.712, 98
Trd, 8639275.212, 132
Trd, 8639275.479, 114
Trd, 8639276.212, 107
Trd, 8639276.412, 92
Trd, 8639276.812, 90
Trd, 8639277.712, 89
Trd, 8639279.112, 107
Trd, 8639280.079, 99
Trd, 8639280.312, 136
Trd, 8639281.046, 134
Trd, 8639281.146, 130
Trd, 8639281.179, 119
Trd, 8639281.646, 101
Trd, 8639282.312, 116
Trd, 8639282.579, 139
Trd, 8639284.879, 112
Trd, 8639285.079, 109
Trd, 8639285.379, 135
Trd, 8639285.412, 129
Trd, 8639285.512, 128
Trd, 8639285.646, 125
Trd, 8639286.312, 108
Trd, 8639286.379, 98
Trd, 8639287.279, 98
Trd, 8639287.779, 99
Trd, 8639288.012, 97
Trd, 8639288.212, 114
Trd, 8639288.312, 138
Trd, 8639288.579, 95
Trd, 8639288.946, 93
Trd, 8639289.712, 81
Trd, 8639289.812, 63
Trd, 8639290.646, 110
Trd, 8639291.946, 138
Trd, 8639292.579, 132
Trd, 8639293.812, 130
Trd, 8639294.412, 119
Trd, 8639295.179, 131
Trd, 8639295.679, 118
Trd, 8639296.546, 127
Trd, 8639297.279, 133
Trd, 8639297.312, 116
Trd, 8639298.046, 130
Trd, 8639298.812, 123
Trd, 8639299.546, 121
Trd, 8639299.812, 116
Trd, 8639300.212, 138
Trd, 8639301.646, 137
Trd, 8639301.812, 131
Trd, 8639302.479, 128
Trd, 8639303.046, 127
Trd, 8639303.746, 104
Trd, 8639303.812, 101
Trd, 8639304.112, 93
Trd, 8639304.446, 93
Trd, 8639305.579, 87
Trd, 8639306.312, 89
Trd, 8639306.946, 101
Trd, 8639307.512, 113
Trd, 8639307.946, 114
Trd, 8639308.346, 90
Trd, 8639309.146, 79
Trd, 8639309.546, 91
Trd, 8639309.912, 139
Trd, 8639310.812, 134
Trd, 8639311.046, 121
Trd, 8639311.312, 116
Trd, 8639311.479, 123
Trd, 8639311.946, 96
Trd, 8639312.079, 108
Trd, 8639313.279, 100
Trd, 8639313.512, 99
Trd, 8639314.312, 76
Trd, 8639314.346, 83
Trd, 8639315.712, 91
Trd, 8639315.846, 95
Trd, 8639316.146, 135
Trd, 8639317.546, 124
Trd, 8639317.779, 125
Trd, 8639318.279, 134
Trd, 8639318.779, 133
Trd, 8639319.079, 105
Trd, 8639319.346, 104
Trd, 8639319.412, 102
Trd, 8639320.146, 118
Trd, 8639320.779, 80
Trd, 8639321.512, 77
Trd, 8639321.746, 128
Trd, 8639322.679, 91
Trd, 8639322.879, 75
Trd, 8639323.212, 131
Trd, 8639324.079, 73
Trd, 8639324.146, 88
Trd, 8639324.846, 136
Trd, 8639324.946, 129
Trd, 8639325.446, 122
Trd, 8639326.012, 123
Trd, 8639326.346, 136
Trd, 8639326.479, 130
Trd, 8639326.712, 113
Trd, 8639327.079, 107
Trd, 8639327.312, 125
Trd, 8639327.446, 103
Trd, 8639327.479, 100
Trd, 8639328.546, 135
Trd, 8639329.479, 82
Trd, 8639330.179, 89
Trd, 8639330.912, 121
Trd, 8639331.612, 115
Trd, 8639331.912, 87
Trd, 8639332.412, 102
Trd, 8639332.746, 124
Trd, 8639332.946, 124
Trd, 8639333.212, 87
Trd, 8639334.212, 93
Trd, 8639334.379, 79
Trd, 8639336.379, 124
Trd, 8639336.746, 110
Trd, 8639337.046, 96
Trd, 8639337.112, 82
Trd, 8639337.646, 78
Trd, 8639337.679, 101
Trd, 8639338.712, 89
Trd, 8639339.112, 76
Trd, 8639339.246, 73
Trd, 8639340.679, 104
Trd, 8639340.846, 122
Trd, 8639341.146, 109
Trd, 8639341.279, 104
Trd, 8639341.946, 105
Trd, 8639342.446, 102
Trd, 8639342.712, 114
Trd, 8639343.146, 99
Trd, 8639344.612, 106
Trd, 8639344.679, 104
Trd, 8639345.779, 128
Trd, 8639345.879, 122
Trd, 8639345.946, 113
Trd, 8639346.246, 134
Trd, 8639346.546, 124
Trd, 8639347.312, 123
Trd, 8639347.912, 130
Trd, 8639348.879, 114
Trd, 8639348.946, 117
Trd, 8639349.779, 116
Trd, 8639350.079, 106
Trd, 8639350.246, 101
Trd, 8639350.412, 89
Trd, 8639350.912, 111
Trd, 8639352.212, 86
Trd, 8639352.312, 78
Trd, 8639352.579, 119
Trd, 8639353.846, 95
Trd, 8639354.146, 101
Trd, 8639354.612, 72
Trd, 8639354.679, 77
Trd, 8639354.779, 114
Trd, 8639356.046, 102
Trd, 8639356.146, 109
Trd, 8639357.446, 118
Trd, 8639357.679, 138
Trd, 8639357.812, 104
Trd, 8639357.879, 102
Trd, 8639358.946, 107
Trd, 8639359.246, 102
Trd, 8639359.346, 101
Trd, 8639359.546, 93
Trd, 8639359.846, 108
Trd, 8639360.879, 131
Trd, 8639360.946, 125
Trd, 8639361.146, 118
Trd, 8639361.546, 116
Trd, 8639361.712, 112
Trd, 8639362.879, 140
Trd, 8639363.979, 103
Trd, 8639364.546, 131
Trd, 8639365.412, 123
Trd, 8639366.646, 124
Trd, 8639367.412, 112
Trd, 8639367.912, 108
Trd, 8639367.979, 104
Trd, 8639368.346, 101
Trd, 8639368.412, 137
Trd, 8639368.479, 95
Trd, 8639368.846, 87
Trd, 8639369.246, 78
Trd, 8639369.846, 113
Trd, 8639370.646, 96
Trd, 8639371.012, 106
Trd, 8639371.412, 138
Trd, 8639371.579, 136
Trd, 8639371.612, 90
Trd, 8639371.779, 91
Trd, 8639373.279, 108
Trd, 8639373.412, 103
Trd, 8639373.712, 115
Trd, 8639374.279, 106
Trd, 8639374.546, 96
Trd, 8639375.779, 90
Trd, 8639375.912, 104
Trd, 8639376.346, 89
Trd, 8639377.079, 93
Trd, 8639377.846, 88
Trd, 8639379.146, 90
Trd, 8639379.646, 95
Trd, 8639379.879, 94
Trd, 8639380.379, 118
Trd, 8639380.712, 86
Trd, 8639380.912, 128
Trd, 8639381.812, 94
Trd, 8639382.012, 96
Trd, 8639382.646, 91
Trd, 8639384.379, 126
Trd, 8639385.646, 108
Trd, 8639385.679, 115
Trd, 8639386.012, 119
Trd, 8639386.212, 106
Trd, 8639386.279, 111
Trd, 8639386.379, 109
Trd, 8639386.812, 104
Trd, 8639387.079, 96
Trd, 8639387.546, 92
Trd, 8639389.012, 120
Trd, 8639390.146, 116
Trd, 8639390.279, 127
Trd, 8639390.746, 135
Trd, 8639391.646, 114
Trd, 8639391.912, 109
Trd, 8639392.846, 122
Trd, 8639393.179, 118
Trd, 8639394.012, 107
Trd, 8639394.212, 104
Trd, 8639394.279, 96
Trd, 8639394.579, 112
Trd, 8639395.212, 83
Trd, 8639395.679, 139
Trd, 8639396.412, 132
Trd, 8639396.479, 134
Trd, 8639396.512, 130
Trd, 8639397.112, 121
Trd, 8639397.146, 119
Trd, 8639397.346, 114
Trd, 8639397.879, 86
Trd, 8639397.979, 124
Trd, 8639398.479, 135
Trd, 8639398.679, 129
Trd, 8639398.879, 92
Trd, 8639399.146, 110
Trd, 8639400.412, 139
Trd, 8639400.879, 124
Trd, 8639401.912, 125
Trd, 8639402.446, 84
Trd, 8639402.946, 115
Trd, 8639403.312, 111
Trd, 8639403.446, 103
Trd, 8639403.479, 95
Trd, 8639404.112, 122
Trd, 8639404.512, 123
Trd, 8639405.212, 101
Trd, 8639406.046, 102
Trd, 8639406.646, 108
Trd, 8639407.412, 121
Trd, 8639407.979, 106
Trd, 8639408.146, 100
Trd, 8639408.246, 99
Trd, 8639408.646, 107
Trd, 8639408.746, 102
Trd, 8639410.179, 126
Trd, 8639410.479, 124
Trd, 8639410.646, 83
Trd, 8639411.146, 131
Trd, 8639412.012, 124
Trd, 8639412.212, 137
Trd, 8639412.512, 122
Trd, 8639413.246, 117
Trd, 8639413.879, 109
Trd, 8639414.712, 126
Trd, 8639415.112, 132
Trd, 8639416.112, 134
Trd, 8639416.912, 129
Trd, 8639417.446, 137
Trd, 8639417.812, 139
Trd, 8639418.279, 119
Trd, 8639418.679, 127
Trd, 8639418.779, 121
Trd, 8639420.546, 117
Trd, 8639420.746, 110
Trd, 8639420.812, 110
Trd, 8639420.946, 108
Trd, 8639422.479, 129
Trd, 8639422.879, 124
Trd, 8639423.546, 140
Trd, 8639424.412, 124
Trd, 8639425.146, 114
Trd, 8639425.179, 111
Trd, 8639425.346, 118
Trd, 8639426.012, 140
Trd, 8639426.212, 132
Trd, 8639426.279, 107
Trd, 8639426.546, 96
Trd, 8639428.479, 132
Trd, 8639428.612, 121
Trd, 8639429.146, 115
Trd, 8639429.279, 115
Trd, 8639429.479, 114
Trd, 8639430.046, 110
Trd, 8639430.446, 97
Trd, 8639430.712, 93
Trd, 8639430.979, 81
Trd, 8639431.046, 78
Trd, 8639431.612, 102
Trd, 8639431.846, 90
Trd, 8639433.279, 100
Trd, 8639433.546, 100
Trd, 8639433.779, 100
Trd, 8639433.979, 99
Trd, 8639434.179, 94
Trd, 8639435.346, 125
Trd, 8639435.679, 83
Trd, 8639436.579, 87
Trd, 8639436.846, 123
Trd, 8639436.946, 87
Trd, 8639437.246, 135
Trd, 8639437.446, 113
Trd, 8639438.179, 103
Trd, 8639438.546, 98
Trd, 8639438.879, 120
Trd, 8639439.679, 126
Trd, 8639440.212, 128
Trd, 8639441.146, 95
Trd, 8639441.212, 94
Trd, 8639441.612, 116
Trd, 8639442.246, 131
Trd, 8639443.346, 125
Trd, 8639443.746, 115
Trd, 8639444.112, 125
Trd, 8639444.212, 120
Trd, 8639445.012, 108
Trd, 8639445.179, 106
Trd, 8639445.379, 120
Trd, 8639445.779, 103
Trd, 8639446.446, 104
Trd, 8639446.546, 99
Trd, 8639447.579, 100
Trd, 8639448.046, 98
Trd, 8639448.179, 106
Trd, 8639448.946, 98
Trd, 8639449.046, 91
Trd, 8639449.846, 104
Trd, 8639450.046, 76
Trd, 8639451.012, 64
Trd, 8639451.379, 89
Trd, 8639451.612, 97
Trd, 8639451.779, 100
Trd, 8639452.979, 106
Trd, 8639453.779, 124
Trd, 8639454.346, 139
Trd, 8639454.446, 132
Trd, 8639454.912, 130
Trd, 8639456.412, 117
Trd, 8639457.246, 117
Trd, 8639457.346, 116
Trd, 8639457.612, 134
Trd, 8639458.312, 121
Trd, 8639459.512, 114
Trd, 8639460.246, 135
Trd, 8639460.479, 127
Trd, 8639461.112, 130
Trd, 8639461.279, 116
Trd, 8639461.612, 102
Trd, 8639461.846, 115
Trd, 8639462.379, 94
Trd, 8639462.512, 94
Trd, 8639463.212, 89
Trd, 8639463.312, 134
Trd, 8639463.446, 108
Trd, 8639464.546, 104
Trd, 8639465.746, 134
Trd, 8639466.279, 116
Trd, 8639467.246, 111
Trd, 8639467.512, 114
Trd, 8639467.679, 105
Trd, 8639468.046, 120
Trd, 8639468.312, 125
Trd, 8639468.912, 107
Trd, 8639469.112, 110
Trd, 8639469.746, 96
Trd, 8639470.812, 87
Trd, 8639471.546, 111
Trd, 8639471.879, 101
Trd, 8639472.379, 94
Trd, 8639474.146, 119
Trd, 8639474.646, 101
Trd, 8639474.679, 99
Trd, 8639474.912, 113
Trd, 8639475.012, 124
Trd, 8639476.446, 140
Trd, 8639476.546, 136
Trd, 8639476.846, 128
Trd, 8639477.212, 108
Trd, 8639477.246, 107
Trd, 8639478.446, 131
Trd, 8639478.812, 130
Trd, 8639479.346, 108
Trd, 8639479.512, 105
Trd, 8639480.079, 101
Trd, 8639480.146, 97
Trd, 8639480.446, 109
Trd, 8639480.579, 92
Trd, 8639480.979, 130
Trd, 8639481.746, 134
Trd, 8639482.679, 122
Trd, 8639483.179, 86
Trd, 8639483.812, 79
Trd, 8639483.946, 75
Trd, 8639484.179, 125
Trd, 8639485.146, 132
Trd, 8639485.846, 126
Trd, 8639486.446, 128
Trd, 8639486.646, 115
Trd, 8639486.779, 123
Trd, 8639487.712, 127
Trd, 8639487.979, 102
Trd, 8639488.612, 132
Trd, 8639488.679, 98
Trd, 8639489.579, 90
Trd, 8639490.612, 104
Trd, 8639490.812, 110
Trd, 8639490.946, 87
Trd, 8639492.212, 126
Trd, 8639492.479, 112
Trd, 8639492.979, 105
Trd, 8639493.212, 99
Trd, 8639493.412, 114
Trd, 8639493.912, 124
Trd, 8639494.412, 123
Trd, 8639495.012, 140
Trd, 8639495.279, 140
Trd, 8639495.379, 119
Trd, 8639496.012, 120
Trd, 8639496.179, 114
Trd, 8639496.479, 106
Trd, 8639496.612, 102
Trd, 8639497.912, 117
Trd, 8639497.979, 112
Trd, 8639498.479, 134
Trd, 8639499.912, 124
Trd, 8639500.479, 121
Trd, 8639501.379, 120
Trd, 8639502.279, 114
Trd, 8639502.712, 137
Trd, 8639503.946, 113
Trd, 8639504.112, 108
Trd, 8639504.146, 128
Trd, 8639504.446, 107
Trd, 8639504.846, 104
Trd, 8639505.879, 104
Trd, 8639506.812, 125
Trd, 8639507.146, 112
Trd, 8639508.246, 136
Trd, 8639509.246, 127
Trd, 8639509.946, 124
Trd, 8639510.046, 121
Trd, 8639510.279, 112
Trd, 8639510.379, 93
Trd, 8639511.079, 130
Trd, 8639511.112, 99
Trd, 8639511.679, 132
Trd, 8639511.912, 130
Trd, 8639512.546, 123
Trd, 8639512.646, 133
Trd, 8639514.012, 131
Trd, 8639514.246, 130
Trd, 8639514.479, 124
Trd, 8639515.012, 110
Trd, 8639515.646, 134
Trd, 8639515.746, 127
Trd, 8639516.112, 112
Trd, 8639516.246, 111
Trd, 8639516.446, 123
Trd, 8639517.312, 105
Trd, 8639517.446, 133
Trd, 8639517.946, 96
Trd, 8639518.279, 92
Trd, 8639520.079, 84
Trd, 8639520.479, 103
Trd, 8639521.846, 83
Trd, 8639521.879, 111
Trd, 8639522.146, 128
Trd, 8639523.246, 119
Trd, 8639523.346, 114
Trd, 8639523.379, 113
Trd, 8639523.812, 109
Trd, 8639524.179, 108
Trd, 8639524.246, 108
Trd, 8639524.279, 95
Trd, 8639524.946, 60
Trd, 8639525.746, 119
Trd, 8639526.746, 81
Trd, 8639527.179, 81
Trd, 8639527.212, 78
Trd, 8639527.312, 92
Trd, 8639527.412, 70
Trd, 8639527.546, 118
Trd, 8639528.446, 85
Trd, 8639529.612, 87
Trd, 8639529.812, 110
Trd, 8639529.946, 97
Trd, 8639531.512, 138
Trd, 8639532.846, 103
Trd, 8639532.912, 118
Trd, 8639533.346, 114
Trd, 8639533.512, 113
Trd, 8639533.746, 111
Trd, 8639534.212, 132
Trd, 8639536.812, 98
Trd, 8639537.246, 99
Trd, 8639537.812, 97
Trd, 8639538.012, 98
Trd, 8639538.779, 135
Trd, 8639538.846, 138
Trd, 8639539.346, 125
Trd, 8639539.412, 122
Trd, 8639539.446, 118
Trd, 8639539.612, 117
Trd, 8639540.479, 127
Trd, 8639541.079, 126
Trd, 8639541.712, 111
Trd, 8639542.279, 111
Trd, 8639542.779, 108
Trd, 8639542.946, 108
Trd, 8639543.246, 115
Trd, 8639543.379, 102
Trd, 8639544.179, 137
Trd, 8639545.312, 136
Trd, 8639545.712, 130
Trd, 8639545.946, 131
Trd, 8639546.512, 135
Trd, 8639546.612, 103
Trd, 8639546.779, 100
Trd, 8639547.879, 124
Trd, 8639548.246, 117
Trd, 8639548.346, 113
Trd, 8639549.279, 137
Trd, 8639549.679, 135
Trd, 8639549.812, 115
Trd, 8639549.979, 104
Trd, 8639552.212, 103
Trd, 8639552.246, 102
Trd, 8639552.612, 99
Trd, 8639552.812, 98
Trd, 8639552.879, 123
Trd, 8639553.512, 95
Trd, 8639553.812, 130
Trd, 8639553.846, 93
Trd, 8639554.546, 120
Trd, 8639555.179, 109
Trd, 8639556.979, 121
Trd, 8639557.279, 100
Trd, 8639557.746, 121
Trd, 8639557.946, 106
Trd, 8639558.312, 107
Trd, 8639558.479, 98
Trd, 8639559.346, 114
Trd, 8639559.712, 124
Trd, 8639560.012, 131
Trd, 8639560.246, 130
Trd, 8639560.446, 123
Trd, 8639560.579, 91
Trd, 8639560.779, 140
Trd, 8639561.479, 87
Trd, 8639562.612, 109
Trd, 8639562.946, 97
Trd, 8639562.979, 105
Trd, 8639563.046, 83
Trd, 8639563.379, 132
Trd, 8639563.412, 103
Trd, 8639563.446, 82
Trd, 8639564.112, 93
Trd, 8639564.279, 82
Trd, 8639564.879, 126
Trd, 8639565.346, 137
Trd, 8639565.546, 114
Trd, 8639566.279, 71
Trd, 8639566.679, 97
Trd, 8639568.012, 104
Trd, 8639568.179, 125
Trd, 8639568.512, 86
Trd, 8639569.646, 110
Trd, 8639570.179, 114
Trd, 8639570.879, 108
Trd, 8639571.179, 112
Trd, 8639571.446, 100
Trd, 8639572.446, 98
Trd, 8639573.012, 104
Trd, 8639574.712, 101
Trd, 8639575.312, 100
Trd, 8639575.746, 111
Trd, 8639575.879, 97
Trd, 8639576.479, 99
Trd, 8639576.812, 105
Trd, 8639577.079, 98
Trd, 8639577.212, 88
Trd, 8639577.412, 111
Trd, 8639577.812, 102
Trd, 8639579.046, 139
Trd, 8639579.212, 105
Trd, 8639579.679, 79
Trd, 8639579.946, 71
Trd, 8639580.679, 69
Trd, 8639581.479, 85
Trd, 8639581.646, 78
Trd, 8639582.212, 125
Trd, 8639582.512, 70
Trd, 8639585.312, 138
Trd, 8639585.412, 130
Trd, 8639586.279, 127
Trd, 8639586.946, 110
Trd, 8639587.412, 102
Trd, 8639587.646, 122
Trd, 8639587.679, 101
Trd, 8639587.812, 90
Trd, 8639588.046, 92
Trd, 8639588.846, 114
Trd, 8639589.046, 122
Trd, 8639590.046, 135
Trd, 8639590.512, 115
Trd, 8639590.879, 106
Trd, 8639591.479, 105
Trd, 8639591.512, 99
Trd, 8639591.546, 112
Trd, 8639592.146, 135
Trd, 8639593.346, 104
Trd, 8639594.279, 82
Trd, 8639595.046, 118
Trd, 8639595.479, 104
Trd, 8639595.512, 99
Trd, 8639596.446, 125
Trd, 8639596.812, 118
Trd, 8639596.979, 117
Trd, 8639597.812, 105
Trd, 8639598.012, 86
Trd, 8639598.612, 105
Trd, 8639598.712, 97
Trd, 8639599.412, 108
Trd, 8639600.046, 100
Trd, 8639600.912, 123
Trd, 8639601.746, 106
Trd, 8639601.812, 107
Trd, 8639602.012, 105
Trd, 8639602.312, 113
Trd, 8639602.546, 92
Trd, 8639603.612, 121
Trd, 8639603.779, 102
Trd, 8639604.712, 123
Trd, 8639605.179, 133
Trd, 8639605.379, 124
Trd, 8639605.479, 118
Trd, 8639605.679, 107
Trd, 8639606.079, 103
Trd, 8639606.246, 92
Trd, 8639606.946, 109
Trd, 8639608.012, 82
Trd, 8639608.479, 85
Trd, 8639608.579, 102
Trd, 8639609.012, 107
Trd, 8639609.079, 104
Trd, 8639609.912, 112
Trd, 8639611.012, 127
Trd, 8639611.079, 122
Trd, 8639612.012, 137
Trd, 8639612.446, 119
Trd, 8639613.412, 94
Trd, 8639613.446, 122
Trd, 8639613.779, 109
Trd, 8639614.446, 122
Trd, 8639614.912, 95
Trd, 8639615.446, 107
Trd, 8639616.112, 118
Trd, 8639616.246, 114
Trd, 8639616.446, 111
Trd, 8639616.612, 108
Trd, 8639616.979, 110
Trd, 8639617.012, 127
Trd, 8639617.079, 114
Trd, 8639617.312, 93
Trd, 8639617.779, 87
Trd, 8639618.946, 111
Trd, 8639619.346, 103
Trd, 8639620.546, 93
Trd, 8639621.412, 93
Trd, 8639621.579, 138
Trd, 8639622.046, 132
Trd, 8639622.346, 107
Trd, 8639624.446, 126
Trd, 8639624.912, 115
Trd, 8639625.346, 104
Trd, 8639626.412, 137
Trd, 8639626.512, 135
Trd, 8639627.146, 106
Trd, 8639627.746, 109
Trd, 8639627.779, 97
Trd, 8639629.246, 96
Trd, 8639629.512, 107
Trd, 8639630.079, 124
Trd, 8639630.112, 118
Trd, 8639630.146, 114
Trd, 8639630.679, 136
Trd, 8639632.112, 131
Trd, 8639632.212, 128
Trd, 8639632.712, 135
Trd, 8639632.779, 131
Trd, 8639633.012, 124
Trd, 8639634.079, 134
Trd, 8639634.379, 128
Trd, 8639634.912, 114
Trd, 8639635.246, 127
Trd, 8639635.679, 121
Trd, 8639636.012, 131
Trd, 8639636.379, 125
Trd, 8639636.546, 105
Trd, 8639636.946, 131
Trd, 8639637.379, 128
Trd, 8639637.646, 104
Trd, 8639639.579, 107
Trd, 8639639.612, 104
Trd, 8639640.112, 108
Trd, 8639641.246, 95
Trd, 8639641.379, 88
Trd, 8639641.679, 88
Trd, 8639642.446, 100
Trd, 8639643.379, 139
Trd, 8639643.579, 134
Trd, 8639643.646, 131
Trd, 8639643.679, 112
Trd, 8639644.246, 72
Trd, 8639644.812, 80
Trd, 8639645.246, 65
Trd, 8639646.512, 85
Trd, 8639647.479, 116
Trd, 8639647.512, 115
Trd, 8639647.546, 117
Trd, 8639648.379, 136
Trd, 8639649.546, 118
Trd, 8639650.212, 127
Trd, 8639650.312, 126
Trd, 8639650.846, 129
Trd, 8639650.912, 120
Trd, 8639651.079, 114
Trd, 8639651.212, 76
Trd, 8639652.479, 96
Trd, 8639653.112, 134
Trd, 8639653.746, 132
Trd, 8639654.112, 130
Trd, 8639654.712, 122
Trd, 8639655.246, 133
Trd, 8639656.279, 117
Trd, 8639656.812, 114
Trd, 8639657.079, 139
Trd, 8639658.112, 118
Trd, 8639658.279, 98
Trd, 8639658.412, 96
Trd, 8639658.446, 95
Trd, 8639659.346, 87
Trd, 8639659.746, 107
Trd, 8639659.912, 123
Trd, 8639660.579, 129
Trd, 8639660.746, 123
Trd, 8639660.812, 118
Trd, 8639661.479, 83
Trd, 8639662.279, 132
Trd, 8639662.846, 123
Trd, 8639663.079, 117
Trd, 8639663.679, 139
Trd, 8639665.846, 109
Trd, 8639666.312, 108
Trd, 8639666.479, 114
Trd, 8639666.512, 101
Trd, 8639666.879, 98
Trd, 8639667.179, 129
Trd, 8639667.379, 126
Trd, 8639667.846, 134
Trd, 8639668.579, 114
Trd, 8639668.779, 122
Trd, 8639669.646, 103
Trd, 8639669.912, 102
Trd, 8639670.746, 96
Trd, 8639671.146, 95
Trd, 8639671.746, 137
Trd, 8639672.479, 96
Trd, 8639672.912, 102
Trd, 8639673.012, 96
Trd, 8639673.179, 92
Trd, 8639673.579, 78
Trd, 8639673.979, 110
Trd, 8639674.679, 108
Trd, 8639675.512, 88
Trd, 8639675.779, 119
Trd, 8639676.146, 81
Trd, 8639677.012, 133
Trd, 8639677.379, 77
Trd, 8639678.246, 94
Trd, 8639678.379, 113
Trd, 8639678.512, 93
Trd, 8639679.412, 103
Trd, 8639679.679, 130
Trd, 8639680.379, 100
Trd, 8639680.479, 99
Trd, 8639681.946, 105
Trd, 8639682.146, 102
Trd, 8639682.246, 107
Trd, 8639682.646, 121
Trd, 8639683.079, 135
Trd, 8639683.946, 104
Trd, 8639684.412, 74
Trd, 8639685.279, 117
Trd, 8639685.579, 128
Trd, 8639686.412, 121
Trd, 8639686.546, 125
Trd, 8639686.646, 120
Trd, 8639687.146, 110
Trd, 8639687.179, 109
Trd, 8639688.079, 123
Trd, 8639688.212, 116
Trd, 8639689.612, 122
Trd, 8639690.212, 127
Trd, 8639690.312, 121
Trd, 8639690.746, 120
Trd, 8639690.979, 111
Trd, 8639691.312, 103
Trd, 8639691.646, 104
Trd, 8639692.246, 97
Trd, 8639692.879, 103
Trd, 8639693.146, 97
Trd, 8639693.779, 100
Trd, 8639694.579, 104
Trd, 8639694.879, 138
Trd, 8639695.179, 123
Trd, 8639695.612, 117
Trd, 8639696.212, 117
Trd, 8639696.546, 116
Trd, 8639696.812, 127
Trd, 8639697.312, 113
Trd, 8639697.712, 119
Trd, 8639697.779, 108
Trd, 8639698.512, 108
Trd, 8639698.812, 115
Trd, 8639699.912, 107
Trd, 8639700.212, 129
Trd, 8639701.012, 111
Trd, 8639701.279, 99
Trd, 8639701.546, 101
Trd, 8639701.646, 98
Trd, 8639704.446, 122
Trd, 8639704.512, 121
Trd, 8639704.779, 99
Trd, 8639705.012, 96
Trd, 8639705.079, 86
Trd, 8639705.246, 90
Trd, 8639705.846, 82
Trd, 8639705.879, 107
Trd, 8639706.312, 75
Trd, 8639706.446, 98
Trd, 8639707.446, 123
Trd, 8639709.746, 118
Trd, 8639709.846, 117
Trd, 8639710.446, 139
Trd, 8639710.612, 133
Trd, 8639710.846, 125
Trd, 8639711.146, 121
Trd, 8639712.979, 137
Trd, 8639713.279, 129
Trd, 8639713.379, 123
Trd, 8639714.312, 122
Trd, 8639714.779, 131
Trd, 8639715.279, 121
Trd, 8639715.712, 119
Trd, 8639715.812, 114
Trd, 8639716.446, 128
Trd, 8639716.646, 114
Trd, 8639716.846, 124
Trd, 8639717.312, 125
Trd, 8639717.479, 105
Trd, 8639717.579, 85
Trd, 8639719.012, 139
Trd, 8639719.479, 129
Trd, 8639719.779, 128
Trd, 8639720.646, 115
Trd, 8639721.646, 124
Trd, 8639721.812, 124
Trd, 8639722.179, 117
Trd, 8639722.612, 115
Trd, 8639723.012, 104
Trd, 8639723.346, 99
Trd, 8639725.179, 127
Trd, 8639725.646, 110
Trd, 8639725.712, 109
Trd, 8639726.246, 108
Trd, 8639726.712, 113
Trd, 8639727.346, 116
Trd, 8639727.579, 85
Trd, 8639727.712, 79
Trd, 8639727.846, 99
Trd, 8639729.112, 78
Trd, 8639729.746, 78
Trd, 8639730.212, 117
Trd, 8639730.312, 101
Trd, 8639731.346, 136
Trd, 8639731.779, 133
Trd, 8639731.812, 131
Trd, 8639731.879, 130
Trd, 8639732.712, 126
Trd, 8639733.012, 125
Trd, 8639734.079, 111
Trd, 8639734.379, 112
Trd, 8639734.479, 108
Trd, 8639734.746, 99
Trd, 8639735.079, 95
Trd, 8639735.679, 80
Trd, 8639736.112, 133
Trd, 8639736.346, 133
Trd, 8639736.712, 121
Trd, 8639737.246, 132
Trd, 8639738.079, 111
Trd, 8639739.046, 131
Trd, 8639739.546, 112
Trd, 8639739.812, 136
Trd, 8639739.912, 123
Trd, 8639740.012, 117
Trd, 8639740.046, 113
Trd, 8639741.546, 115
Trd, 8639742.046, 71
Trd, 8639742.579, 107
Trd, 8639742.779, 104
Trd, 8639743.746, 109
Trd, 8639744.412, 93
Trd, 8639744.579, 88
Trd, 8639744.879, 95
Trd, 8639745.446, 113
Trd, 8639746.446, 101
Trd, 8639747.612, 127
Trd, 8639748.579, 121
Trd, 8639748.612, 120
Trd, 8639748.746, 115
Trd, 8639749.179, 108
Trd, 8639749.346, 102
Trd, 8639749.779, 93
Trd, 8639750.379, 114
Trd, 8639751.212, 126
Trd, 8639751.579, 122
Trd, 8639751.846, 119
Trd, 8639752.179, 114
Trd, 8639753.546, 118
Trd, 8639755.112, 84
Trd, 8639755.279, 92
Trd, 8639755.679, 131
Trd, 8639755.912, 102
Trd, 8639756.446, 87
Trd, 8639756.746, 79
Trd, 8639757.179, 99
Trd, 8639757.346, 140
Trd, 8639757.679, 87
Trd, 8639758.546, 136
Trd, 8639758.946, 120
Trd, 8639759.112, 113
Trd, 8639759.312, 129
Trd, 8639759.712, 140
Trd, 8639760.279, 128
Trd, 8639762.246, 136
Trd, 8639762.412, 113
Trd, 8639762.446, 109
Trd, 8639762.879, 115
Trd, 8639762.912, 94
Trd, 8639763.979, 115
Trd, 8639764.246, 111
Trd, 8639764.379, 112
Trd, 8639765.346, 92
Trd, 8639767.546, 122
Trd, 8639767.679, 126
Trd, 8639767.879, 117
Trd, 8639768.179, 116
Trd, 8639768.612, 104
Trd, 8639769.412, 139
Trd, 8639771.512, 120
Trd, 8639772.046, 119
Trd, 8639772.146, 118
Trd, 8639772.779, 121
Trd, 8639772.812, 113
Trd, 8639773.512, 113
Trd, 8639773.846, 134
Trd, 8639774.146, 112
Trd, 8639775.012, 133
Trd, 8639775.079, 112
Trd, 8639775.779, 110
Trd, 8639776.146, 106
Trd, 8639776.246, 106
Trd, 8639776.312, 120
Trd, 8639776.412, 89
Trd, 8639776.912, 103
Trd, 8639777.379, 109
Trd, 8639777.712, 82
Trd, 8639778.212, 95
Trd, 8639779.146, 77
Trd, 8639780.679, 75
Trd, 8639781.079, 95
Trd, 8639781.546, 75
Trd, 8639781.746, 94
Trd, 8639782.046, 92
Trd, 8639782.346, 89
Trd, 8639782.712, 133
Trd, 8639783.346, 118
Trd, 8639783.979, 120
Trd, 8639784.446, 116
Trd, 8639784.646, 103
Trd, 8639785.579, 138
Trd, 8639785.846, 86
Trd, 8639786.412, 83
Trd, 8639786.746, 128
Trd, 8639787.279, 128
Trd, 8639788.246, 101
Trd, 8639788.279, 130
Trd, 8639789.046, 105
Trd, 8639789.312, 104
Trd, 8639789.412, 92
Trd, 8639789.712, 118
Trd, 8639790.212, 136
Trd, 8639790.346, 110
Trd, 8639790.379, 78
Trd, 8639790.679, 96
Trd, 8639791.346, 71
Trd, 8639792.446, 85
Trd, 8639792.946, 129
Trd, 8639793.346, 104
Trd, 8639794.246, 137
Trd, 8639794.746, 135
Trd, 8639795.012, 133
Trd, 8639795.179, 127
Trd, 8639795.212, 117
Trd, 8639795.412, 95
Trd, 8639796.079, 129
Trd, 8639796.112, 99
Trd, 8639796.946, 98
Trd, 8639797.612, 103
Trd, 8639797.946, 91
Trd, 8639797.979, 88
Trd, 8639799.046, 107
Trd, 8639799.379, 101
Trd, 8639799.612, 97
Trd, 8639799.912, 134
Trd, 8639800.046, 111
Trd, 8639800.912, 120
Trd, 8639802.412, 139
Trd, 8639802.779, 126
Trd, 8639802.979, 123
Trd, 8639803.179, 122
Trd, 8639803.379, 132
Trd, 8639803.812, 118
Trd, 8639804.546, 125
Trd, 8639804.846, 122
Trd, 8639805.546, 118
Trd, 8639806.212, 134
Trd, 8639806.246, 103
Trd, 8639806.579, 105
Trd, 8639807.079, 98
Trd, 8639807.246, 94
Trd, 8639808.846, 135
Trd, 8639809.146, 125
Trd, 8639809.912, 118
Trd, 8639810.012, 117
Trd, 8639810.846, 121
Trd, 8639810.912, 109
Trd, 8639811.279, 104
Trd, 8639811.446, 116
Trd, 8639811.979, 91
Trd, 8639812.746, 103
Trd, 8639812.812, 103
Trd, 8639812.912, 104
Trd, 8639813.179, 85
Trd, 8639814.412, 120
Trd, 8639814.446, 118
Trd, 8639814.479, 99
Trd, 8639816.179, 135
Trd, 8639816.879, 121
Trd, 8639817.046, 116
Trd, 8639817.846, 111
Trd, 8639818.112, 110
Trd, 8639819.046, 118
Trd, 8639819.179, 105
Trd, 8639820.312, 108
Trd, 8639820.346, 106
Trd, 8639820.546, 110
Trd, 8639820.746, 102
Trd, 8639821.612, 127
Trd, 8639821.979, 134
Trd, 8639822.279, 113
Trd, 8639822.612, 102
Trd, 8639822.879, 82
Trd, 8639823.079, 96
Trd, 8639823.979, 99
Trd, 8639824.046, 98
Trd, 8639825.146, 133
Trd, 8639826.079, 140
Trd, 8639826.312, 138
Trd, 8639826.546, 125
Trd, 8639826.746, 117
Trd, 8639827.212, 113
Trd, 8639828.146, 111
Trd, 8639828.279, 109
Trd, 8639829.012, 109
Trd, 8639829.346, 107
Trd, 8639829.479, 132
Trd, 8639829.712, 107
Trd, 8639830.112, 98
Trd, 8639830.846, 130
Trd, 8639831.446, 136
Trd, 8639831.846, 122
Trd, 8639831.879, 116
Trd, 8639832.146, 124
Trd, 8639832.746, 123
Trd, 8639834.579, 119
Trd, 8639834.746, 131
Trd, 8639834.879, 110
Trd, 8639835.179, 104
Trd, 8639835.479, 104
Trd, 8639836.412, 103
Trd, 8639837.046, 109
Trd, 8639837.112, 97
Trd, 8639838.112, 120
Trd, 8639838.346, 121
Trd, 8639838.779, 94
Trd, 8639839.179, 92
Trd, 8639839.279, 83
Trd, 8639839.412, 107
Trd, 8639840.146, 120
Trd, 8639840.179, 105
Trd, 8639840.779, 125
Trd, 8639841.246, 107
Trd, 8639842.546, 104
Trd, 8639842.646, 100
Trd, 8639843.412, 95
Trd, 8639843.446, 90
Trd, 8639843.746, 80
Trd, 8639844.579, 74
Trd, 8639845.712, 112
Trd, 8639846.246, 137
Trd, 8639847.346, 135
Trd, 8639847.412, 129
Trd, 8639847.946, 125
Trd, 8639848.046, 123
Trd, 8639848.679, 129
Trd, 8639849.079, 128
Trd, 8639849.146, 122
Trd, 8639850.212, 125
Trd, 8639850.346, 114
Trd, 8639851.112, 137
Trd, 8639851.179, 125
Trd, 8639851.212, 108
Trd, 8639851.446, 106
Trd, 8639851.612, 93
Trd, 8639852.012, 67
Trd, 8639852.579, 85
Trd, 8639852.779, 81
Trd, 8639853.779, 102
Trd, 8639854.179, 97
Trd, 8639854.312, 92
Trd, 8639856.679, 116
Trd, 8639856.912, 132
Trd, 8639857.279, 138
Trd, 8639857.412, 134
Trd, 8639857.979, 121
Trd, 8639858.112, 132
Trd, 8639858.346, 120
Trd, 8639858.779, 99
Trd, 8639860.212, 110
Trd, 8639860.712, 124
Trd, 8639860.946, 123
Trd, 8639861.046, 106
Trd, 8639861.346, 106
Trd, 8639862.012, 117
Trd, 8639863.546, 122
Trd, 8639863.746, 125
Trd, 8639864.046, 113
Trd, 8639864.346, 110
Trd, 8639864.779, 110
Trd, 8639864.946, 97
Trd, 8639866.312, 135
Trd, 8639866.512, 133
Trd, 8639866.812, 123
Trd, 8639866.946, 138
Trd, 8639867.546, 113
Trd, 8639867.646, 140
Trd, 8639868.112, 130
Trd, 8639868.546, 119
Trd, 8639869.246, 108
Trd, 8639869.912, 99
Trd, 8639870.379, 123
Trd, 8639870.912, 139
Trd, 8639872.646, 130
Trd, 8639872.679, 123
Trd, 8639873.179, 115
Trd, 8639873.379, 94
Trd, 8639873.646, 90
Trd, 8639873.812, 104
Trd, 8639874.546, 85
Trd, 8639875.246, 88
Trd, 8639875.646, 135
Trd, 8639876.279, 130
Trd, 8639876.812, 127
Trd, 8639877.179, 118
Trd, 8639877.512, 118
Trd, 8639878.212, 136
Trd, 8639878.412, 130
Trd, 8639879.046, 136
Trd, 8639879.746, 108
Trd, 8639880.679, 116
Trd, 8639880.879, 102
Trd, 8639881.512, 89
Trd, 8639882.012, 121
Trd, 8639882.112, 127
Trd, 8639882.812, 107
Trd, 8639882.846, 88
Trd, 8639882.946, 114
Trd, 8639883.112, 82
Trd, 8639883.279, 79
Trd, 8639883.646, 110
Trd, 8639884.212, 85
Trd, 8639885.479, 74
Trd, 8639886.546, 73
Trd, 8639887.012, 77
Trd, 8639887.279, 64
Trd, 8639887.946, 101
Trd, 8639888.312, 85
Trd, 8639888.446, 87
Trd, 8639889.379, 105
Trd, 8639889.646, 85
Trd, 8639890.212, 128
Trd, 8639890.646, 120
Trd, 8639890.779, 119
Trd, 8639891.179, 113
Trd, 8639891.646, 118
Trd, 8639892.646, 99
Trd, 8639892.846, 80
Trd, 8639893.012, 77
Trd, 8639893.546, 120
Trd, 8639893.646, 71
Trd, 8639894.079, 81
Trd, 8639894.779, 80
Trd, 8639895.779, 97
Trd, 8639896.246, 77
Trd, 8639896.846, 74
Trd, 8639897.546, 107
Trd, 8639898.579, 121
Trd, 8639900.012, 132
Trd, 8639901.712, 136
Trd, 8639901.812, 129
Trd, 8639902.046, 138
Trd, 8639902.179, 125
Trd, 8639902.412, 125
Trd, 8639902.579, 124
Trd, 8639902.646, 122
Trd, 8639903.146, 113
Trd, 8639903.746, 111
Trd, 8639904.546, 113
Trd, 8639905.046, 118
Trd, 8639905.646, 117
Trd, 8639905.779, 93
Trd, 8639906.179, 101
Trd, 8639906.712, 90
Trd, 8639907.746, 94
Trd, 8639908.212, 121
Trd, 8639908.612, 76
Trd, 8639908.712, 75
Trd, 8639909.879, 113
Trd, 8639910.079, 107
Trd, 8639910.212, 106
Trd, 8639911.312, 137
Trd, 8639911.646, 120
Trd, 8639911.712, 112
Trd, 8639912.479, 110
Trd, 8639913.012, 107
Trd, 8639913.079, 90
Trd, 8639914.712, 101
Trd, 8639915.646, 138
Trd, 8639915.812, 92
Trd, 8639915.946, 125
Trd, 8639916.612, 103
Trd, 8639917.346, 95
Trd, 8639918.012, 90
Trd, 8639918.512, 86
Trd, 8639918.846, 100
Trd, 8639919.512, 73
Trd, 8639920.946, 63
Trd, 8639921.012, 78
Trd, 8639921.079, 83
Trd, 8639921.346, 88
Trd, 8639921.812, 77
Trd, 8639922.012, 81
Trd, 8639923.546, 112
Trd, 8639923.579, 113
Trd, 8639923.712, 129
Trd, 8639924.679, 99
Trd, 8639924.779, 108
Trd, 8639924.912, 92
Trd, 8639925.046, 92
Trd, 8639925.446, 72
Trd, 8639926.512, 93
Trd, 8639926.612, 75
Trd, 8639927.112, 125
Trd, 8639928.079, 115
Trd, 8639929.712, 107
Trd, 8639930.346, 135
Trd, 8639930.379, 102
Trd, 8639930.612, 101
Trd, 8639931.312, 106
Trd, 8639931.646, 87
Trd, 8639932.246, 114
Trd, 8639933.012, 106
Trd, 8639933.746, 101
Trd, 8639934.246, 126
Trd, 8639934.579, 99
Trd, 8639934.612, 97
Trd, 8639935.879, 99
Trd, 8639936.046, 99
Trd, 8639936.479, 103
Trd, 8639936.846, 96
Trd, 8639937.379, 134
Trd, 8639937.679, 140
Trd, 8639938.246, 125
Trd, 8639938.446, 86
Trd, 8639938.979, 88
Trd, 8639940.212, 134
Trd, 8639940.346, 128
Trd, 8639941.812, 126
Trd, 8639942.212, 116
Trd, 8639942.312, 108
Trd, 8639942.612, 103
Trd, 8639943.412, 124
Trd, 8639944.546, 112
Trd, 8639944.879, 111
Trd, 8639944.946, 106
Trd, 8639945.279, 106
Trd, 8639946.146, 80
Trd, 8639946.212, 79
Trd, 8639946.446, 102
Trd, 8639947.212, 112
Trd, 8639947.712, 127
Trd, 8639948.612, 121
Trd, 8639950.046, 136
Trd, 8639950.179, 134
Trd, 8639951.112, 128
Trd, 8639951.146, 120
Trd, 8639951.546, 118
Trd, 8639951.812, 117
Trd, 8639951.846, 112
Trd, 8639952.512, 125
Trd, 8639952.746, 99
Trd, 8639953.779, 96
Trd, 8639954.312, 132
Trd, 8639954.712, 130
Trd, 8639954.812, 124
Trd, 8639955.212, 127
Trd, 8639955.912, 120
Trd, 8639956.012, 128
Trd, 8639956.746, 113
Trd, 8639957.312, 123
Trd, 8639957.712, 100
Trd, 8639957.879, 99
Trd, 8639958.079, 93
Trd, 8639958.546, 79
Trd, 8639958.912, 81
Trd, 8639959.646, 79
Trd, 8639959.946, 139
Trd, 8639960.912, 119
Trd, 8639961.379, 103
Trd, 8639961.979, 94
Trd, 8639962.046, 93
Trd, 8639963.479, 113
Trd, 8639963.879, 99
Trd, 8639963.946, 96
Trd, 8639964.046, 95
Trd, 8639964.712, 85
Trd, 8639965.579, 119
Trd, 8639965.646, 100
Trd, 8639966.012, 113
Trd, 8639967.846, 128
Trd, 8639968.179, 127
Trd, 8639968.312, 125
Trd, 8639968.546, 122
Trd, 8639968.746, 115
Trd, 8639969.012, 111
Trd, 8639969.112, 109
Trd, 8639969.312, 114
Trd, 8639969.912, 132
Trd, 8639969.946, 115
Trd, 8639971.079, 125
Trd, 8639971.212, 98
Trd, 8639972.279, 137
Trd, 8639972.312, 123
Trd, 8639973.246, 128
Trd, 8639973.346, 124
Trd, 8639973.379, 104
Trd, 8639973.912, 93
Trd, 8639974.279, 125
Trd, 8639975.212, 96
Trd, 8639975.546, 82
Trd, 8639975.979, 118
Trd, 8639976.279, 117
Trd, 8639976.446, 114
Trd, 8639977.146, 131
Trd, 8639977.646, 114
Trd, 8639978.379, 102
Trd, 8639978.746, 118
Trd, 8639978.779, 95
Trd, 8639979.612, 126
Trd, 8639979.746, 125
Trd, 8639979.912, 110
Trd, 8639980.479, 101
Trd, 8639980.946, 89
Trd, 8639981.279, 116
Trd, 8639981.712, 77
Trd, 8639981.812, 136
Trd, 8639982.912, 72
Trd, 8639983.079, 93
Trd, 8639983.879, 70
Trd, 8639984.412, 65
Trd, 8639984.646, 114
Trd, 8639985.346, 84
Trd, 8639985.546, 122
Trd, 8639986.212, 128
Trd, 8639986.812, 136
Trd, 8639986.946, 122
Trd, 8639986.979, 86
Trd, 8639987.379, 86
Trd, 8639988.212, 117
Trd, 8639988.546, 90
Trd, 8639989.179, 108
Trd, 8639989.212, 80
Trd, 8639989.746, 111
Trd, 8639989.912, 108
Trd, 8639990.179, 135
Trd, 8639991.279, 125
Trd, 8639992.046, 126
Trd, 8639992.246, 112
Trd, 8639992.912, 106
Trd, 8639994.446, 103
Trd, 8639994.512, 103
Trd, 8639994.712, 118
Trd, 8639995.012, 126
Trd, 8639995.146, 101
Trd, 8639995.379, 127
Trd, 8639996.046, 100
Trd, 8639996.079, 97
Trd, 8639998.046, 138
Trd, 8639998.412, 135
Trd, 8639999.112, 132
