Trd, 8638788.446, 62
Trd, 8638788.746, 62
Trd, 8638790.512, 60
Trd, 8638791.179, 61
Trd, 8638791.612, 62
Trd, 8638791.779, 65
Trd, 8638792.479, 60
Trd, 8638792.546, 62
Trd, 8638793.379, 61
Trd, 8638793.679, 65
Trd, 8638794.312, 64
Trd, 8638794.379, 66
Trd, 8638794.846, 68
Trd, 8638795.446, 72
Trd, 8638795.779, 71
Trd, 8638795.979, 100
Trd, 8638796.012, 68
Trd, 8638796.212, 67
Trd, 8638796.612, 68
Trd, 8638796.879, 64
Trd, 8638797.046, 64
Trd, 8638798.446, 65
Trd, 8638798.479, 64
Trd, 8638798.612, 87
Trd, 8638799.979, 64
Trd, 8638800.346, 86
Trd, 8638800.946, 107
Trd, 8638801.079, 110
Trd, 8638801.112, 107
Trd, 8638801.412, 140
Trd, 8638801.812, 107
Trd, 8638803.146, 112
Trd, 8638803.246, 125
Trd, 8638803.746, 117
Trd, 8638804.579, 114
Trd, 8638804.779, 111
Trd, 8638804.812, 110
Trd, 8638805.012, 102
Trd, 8638805.046, 101
Trd, 8638805.312, 113
Trd, 8638805.346, 89
Trd, 8638806.679, 62
Trd, 8638807.379, 61
Trd, 8638808.112, 62
Trd, 8638808.546, 65
Trd, 8638809.079, 60
Trd, 8638809.146, 60
Trd, 8638809.446, 60
Trd, 8638810.412, 63
Trd, 8638810.512, 64
Trd, 8638810.912, 66
Trd, 8638811.046, 64
Trd, 8638811.146, 71
Trd, 8638811.212, 63
Trd, 8638812.746, 61
Trd, 8638812.779, 61
Trd, 8638813.546, 61
Trd, 8638813.646, 61
Trd, 8638813.879, 60
Trd, 8638814.012, 60
Trd, 8638814.512, 60
Trd, 8638814.679, 62
Trd, 8638815.346, 113
Trd, 8638815.412, 82
Trd, 8638816.112, 60
Trd, 8638816.446, 60
Trd, 8638816.646, 62
Trd, 8638817.346, 64
Trd, 8638818.112, 66
Trd, 8638818.612, 65
Trd, 8638819.179, 78
Trd, 8638819.879, 68
Trd, 8638820.112, 67
Trd, 8638820.646, 71
Trd, 8638820.679, 69
Trd, 8638820.712, 75
Trd, 8638820.779, 65
Trd, 8638821.846, 70
Trd, 8638823.779, 72
Trd, 8638823.979, 71
Trd, 8638824.279, 69
Trd, 8638824.546, 77
Trd, 8638824.746, 99
Trd, 8638824.912, 74
Trd, 8638825.379, 88
Trd, 8638825.912, 71
Trd, 8638826.046, 69
Trd, 8638826.679, 91
Trd, 8638827.279, 69
Trd, 8638827.746, 70
Trd, 8638828.012, 68
Trd, 8638828.046, 68
Trd, 8638828.746, 71
Trd, 8638829.679, 102
Trd, 8638829.746, 101
Trd, 8638829.979, 102
Trd, 8638830.512, 101
Trd, 8638830.879, 101
Trd, 8638831.179, 118
Trd, 8638831.646, 90
Trd, 8638832.179, 91
Trd, 8638832.612, 87
Trd, 8638833.212, 98
Trd, 8638833.812, 89
Trd, 8638833.912, 91
Trd, 8638834.912, 93
Trd, 8638835.212, 93
Trd, 8638835.412, 91
Trd, 8638835.912, 97
Trd, 8638836.412, 90
Trd, 8638836.646, 106
Trd, 8638836.979, 107
Trd, 8638837.512, 103
Trd, 8638837.946, 91
Trd, 8638838.079, 119
Trd, 8638838.146, 90
Trd, 8638838.479, 91
Trd, 8638839.212, 90
Trd, 8638839.312, 83
Trd, 8638839.612, 82
Trd, 8638839.779, 81
Trd, 8638840.312, 105
Trd, 8638840.779, 104
Trd, 8638841.379, 79
Trd, 8638841.646, 79
Trd, 8638842.112, 69
Trd, 8638842.446, 63
Trd, 8638842.512, 72
Trd, 8638842.912, 61
Trd, 8638843.446, 131
Trd, 8638844.346, 60
Trd, 8638844.512, 67
Trd, 8638845.646, 66
Trd, 8638846.479, 60
Trd, 8638847.046, 61
Trd, 8638847.112, 61
Trd, 8638847.912, 61
Trd, 8638847.979, 60
Trd, 8638848.412, 63
Trd, 8638848.446, 102
Trd, 8638848.712, 63
Trd, 8638848.779, 62
Trd, 8638849.612, 83
Trd, 8638850.379, 64
Trd, 8638850.846, 64
Trd, 8638851.412, 66
Trd, 8638852.012, 90
Trd, 8638852.146, 66
Trd, 8638852.479, 98
Trd, 8638852.746, 67
Trd, 8638852.946, 65
Trd, 8638853.979, 68
Trd, 8638854.379, 68
Trd, 8638854.412, 67
Trd, 8638854.879, 65
Trd, 8638855.246, 134
Trd, 8638856.012, 78
Trd, 8638856.912, 61
Trd, 8638857.779, 60
Trd, 8638858.179, 61
Trd, 8638859.479, 62
Trd, 8638859.546, 62
Trd, 8638859.879, 61
Trd, 8638860.112, 63
Trd, 8638860.212, 76
Trd, 8638861.412, 68
Trd, 8638861.479, 67
Trd, 8638861.512, 67
Trd, 8638861.612, 67
Trd, 8638862.279, 63
Trd, 8638862.512, 82
Trd, 8638862.879, 110
Trd, 8638863.112, 112
Trd, 8638863.146, 110
Trd, 8638863.512, 80
Trd, 8638863.846, 130
Trd, 8638864.046, 106
Trd, 8638865.546, 65
Trd, 8638866.612, 60
Trd, 8638866.779, 65
Trd, 8638869.012, 61
Trd, 8638869.112, 60
Trd, 8638869.346, 61
Trd, 8638869.679, 62
Trd, 8638870.179, 64
Trd, 8638870.679, 140
Trd, 8638871.412, 99
Trd, 8638871.579, 98
Trd, 8638871.746, 98
Trd, 8638871.946, 98
Trd, 8638872.046, 93
Trd, 8638872.646, 88
Trd, 8638872.712, 87
Trd, 8638872.812, 90
Trd, 8638874.712, 139
Trd, 8638874.779, 138
Trd, 8638874.846, 138
Trd, 8638874.946, 137
Trd, 8638876.146, 120
Trd, 8638876.179, 119
Trd, 8638876.346, 118
Trd, 8638876.612, 92
Trd, 8638877.412, 64
Trd, 8638877.612, 64
Trd, 8638877.779, 62
Trd, 8638878.679, 64
Trd, 8638878.979, 63
Trd, 8638879.146, 62
Trd, 8638879.346, 68
Trd, 8638879.812, 76
Trd, 8638880.312, 81
Trd, 8638881.079, 139
Trd, 8638881.246, 137
Trd, 8638881.379, 136
Trd, 8638881.712, 135
Trd, 8638882.112, 128
Trd, 8638882.346, 128
Trd, 8638883.079, 140
Trd, 8638883.546, 140
Trd, 8638884.146, 121
Trd, 8638884.712, 113
Trd, 8638885.212, 114
Trd, 8638885.246, 113
Trd, 8638885.446, 138
Trd, 8638885.746, 134
Trd, 8638886.112, 97
Trd, 8638887.712, 61
Trd, 8638888.012, 61
Trd, 8638888.446, 65
Trd, 8638888.546, 63
Trd, 8638889.646, 96
Trd, 8638890.246, 97
Trd, 8638890.479, 96
Trd, 8638890.879, 96
Trd, 8638890.979, 89
Trd, 8638891.012, 83
Trd, 8638891.679, 83
Trd, 8638892.112, 139
Trd, 8638892.579, 107
Trd, 8638892.612, 106
Trd, 8638893.179, 81
Trd, 8638893.412, 89
Trd, 8638893.679, 111
Trd, 8638894.046, 106
Trd, 8638894.146, 93
Trd, 8638894.312, 112
Trd, 8638894.646, 94
Trd, 8638895.546, 137
Trd, 8638895.612, 99
Trd, 8638896.146, 127
Trd, 8638896.679, 95
Trd, 8638897.346, 98
Trd, 8638897.512, 97
Trd, 8638897.712, 96
Trd, 8638897.846, 98
Trd, 8638898.179, 95
Trd, 8638898.779, 89
Trd, 8638898.946, 81
Trd, 8638899.512, 76
Trd, 8638899.846, 100
Trd, 8638900.379, 90
Trd, 8638901.446, 137
Trd, 8638901.879, 102
Trd, 8638902.346, 102
Trd, 8638902.912, 100
Trd, 8638903.012, 99
Trd, 8638903.746, 99
Trd, 8638903.779, 109
Trd, 8638903.912, 91
Trd, 8638904.546, 89
Trd, 8638904.679, 81
Trd, 8638904.812, 83
Trd, 8638906.712, 83
Trd, 8638907.512, 87
Trd, 8638907.946, 109
Trd, 8638908.346, 140
Trd, 8638908.546, 108
Trd, 8638908.979, 99
Trd, 8638909.046, 98
Trd, 8638909.112, 88
Trd, 8638909.379, 128
Trd, 8638909.646, 114
Trd, 8638909.912, 89
Trd, 8638910.712, 95
Trd, 8638910.879, 104
Trd, 8638911.179, 100
Trd, 8638911.979, 101
Trd, 8638912.146, 100
Trd, 8638912.379, 100
Trd, 8638913.179, 115
Trd, 8638913.512, 114
Trd, 8638913.546, 110
Trd, 8638913.712, 106
Trd, 8638913.879, 122
Trd, 8638914.812, 106
Trd, 8638915.146, 138
Trd, 8638915.712, 105
Trd, 8638915.946, 104
Trd, 8638916.779, 113
Trd, 8638917.279, 136
Trd, 8638917.546, 135
Trd, 8638918.279, 134
Trd, 8638918.312, 134
Trd, 8638918.346, 118
Trd, 8638918.379, 118
Trd, 8638918.646, 137
Trd, 8638918.946, 81
Trd, 8638919.579, 70
Trd, 8638919.946, 61
Trd, 8638920.946, 105
Trd, 8638921.279, 104
Trd, 8638921.779, 61
Trd, 8638922.912, 61
Trd, 8638923.379, 64
Trd, 8638923.979, 68
Trd, 8638924.046, 67
Trd, 8638924.546, 65
Trd, 8638924.579, 62
Trd, 8638924.679, 87
Trd, 8638925.479, 65
Trd, 8638926.212, 64
Trd, 8638926.412, 70
Trd, 8638926.646, 62
Trd, 8638927.912, 61
Trd, 8638928.412, 72
Trd, 8638928.712, 62
Trd, 8638929.546, 63
Trd, 8638929.879, 62
Trd, 8638930.279, 61
Trd, 8638930.679, 62
Trd, 8638932.212, 61
Trd, 8638932.679, 64
Trd, 8638932.712, 69
Trd, 8638932.846, 64
Trd, 8638933.246, 63
Trd, 8638933.979, 92
Trd, 8638934.346, 92
Trd, 8638934.746, 89
Trd, 8638934.912, 89
Trd, 8638935.479, 140
Trd, 8638935.812, 140
Trd, 8638936.279, 130
Trd, 8638937.312, 140
Trd, 8638937.479, 131
Trd, 8638937.512, 131
Trd, 8638937.579, 129
Trd, 8638939.179, 125
Trd, 8638939.512, 125
Trd, 8638940.346, 122
Trd, 8638940.646, 109
Trd, 8638940.879, 107
Trd, 8638941.179, 105
Trd, 8638941.212, 96
Trd, 8638941.479, 94
Trd, 8638941.846, 127
Trd, 8638942.412, 96
Trd, 8638943.212, 140
Trd, 8638943.446, 134
Trd, 8638943.679, 116
Trd, 8638944.179, 123
Trd, 8638944.612, 98
Trd, 8638944.979, 98
Trd, 8638945.179, 98
Trd, 8638945.246, 96
Trd, 8638946.312, 140
Trd, 8638947.046, 129
Trd, 8638947.179, 116
Trd, 8638947.212, 115
Trd, 8638947.246, 87
Trd, 8638947.946, 99
Trd, 8638948.312, 82
Trd, 8638949.012, 124
Trd, 8638949.412, 125
Trd, 8638950.212, 126
Trd, 8638951.112, 130
Trd, 8638951.312, 129
Trd, 8638951.579, 125
Trd, 8638951.646, 124
Trd, 8638951.946, 114
Trd, 8638953.079, 106
Trd, 8638953.212, 106
Trd, 8638953.246, 105
Trd, 8638953.812, 102
Trd, 8638954.546, 140
Trd, 8638955.046, 89
Trd, 8638955.112, 88
Trd, 8638955.279, 86
Trd, 8638955.946, 87
Trd, 8638956.979, 62
Trd, 8638959.312, 61
Trd, 8638959.579, 62
Trd, 8638959.812, 62
Trd, 8638959.879, 61
Trd, 8638959.912, 60
Trd, 8638960.612, 68
Trd, 8638961.046, 62
Trd, 8638961.179, 61
Trd, 8638961.312, 64
Trd, 8638961.546, 62
Trd, 8638961.712, 83
Trd, 8638962.346, 63
Trd, 8638963.246, 124
Trd, 8638963.679, 115
Trd, 8638963.779, 114
Trd, 8638964.346, 113
Trd, 8638964.412, 112
Trd, 8638964.446, 103
Trd, 8638964.712, 103
Trd, 8638965.079, 102
Trd, 8638965.146, 102
Trd, 8638966.079, 99
Trd, 8638966.112, 98
Trd, 8638966.612, 90
Trd, 8638966.812, 88
Trd, 8638966.912, 77
Trd, 8638967.279, 138
Trd, 8638968.012, 140
Trd, 8638968.379, 139
Trd, 8638968.546, 121
Trd, 8638968.712, 95
Trd, 8638970.112, 61
Trd, 8638970.346, 62
Trd, 8638970.779, 66
Trd, 8638971.346, 63
Trd, 8638972.012, 63
Trd, 8638972.146, 73
Trd, 8638972.412, 62
Trd, 8638972.679, 63
Trd, 8638973.646, 62
Trd, 8638974.079, 63
Trd, 8638974.179, 68
Trd, 8638974.846, 68
Trd, 8638975.279, 69
Trd, 8638975.446, 68
Trd, 8638975.512, 97
Trd, 8638975.646, 131
Trd, 8638975.912, 68
Trd, 8638976.146, 67
Trd, 8638977.546, 67
Trd, 8638978.712, 75
Trd, 8638979.079, 74
Trd, 8638979.512, 76
Trd, 8638979.579, 76
Trd, 8638979.812, 75
Trd, 8638980.279, 67
Trd, 8638980.779, 71
Trd, 8638981.412, 73
Trd, 8638981.546, 72
Trd, 8638982.146, 102
Trd, 8638983.746, 91
Trd, 8638984.112, 140
Trd, 8638984.212, 140
Trd, 8638984.246, 140
Trd, 8638984.712, 140
Trd, 8638985.012, 83
Trd, 8638985.112, 97
Trd, 8638985.746, 89
Trd, 8638985.846, 77
Trd, 8638986.179, 76
Trd, 8638986.346, 76
Trd, 8638986.712, 85
Trd, 8638986.979, 86
Trd, 8638987.246, 84
Trd, 8638987.646, 79
Trd, 8638988.246, 78
Trd, 8638988.279, 76
Trd, 8638988.312, 62
Trd, 8638989.012, 104
Trd, 8638989.079, 99
Trd, 8638990.279, 60
Trd, 8638991.479, 61
Trd, 8638992.212, 64
Trd, 8638992.679, 64
Trd, 8638992.746, 61
Trd, 8638992.946, 76
Trd, 8638993.379, 63
Trd, 8638993.479, 63
Trd, 8638993.979, 66
Trd, 8638994.679, 68
Trd, 8638994.812, 68
Trd, 8638994.946, 72
Trd, 8638995.679, 67
Trd, 8638995.812, 65
Trd, 8638998.646, 62
Trd, 8638999.012, 63
Trd, 8638999.312, 72
Trd, 8638999.346, 109
Trd, 8638999.846, 81
Trd, 8639000.412, 72
Trd, 8639000.512, 74
Trd, 8639000.746, 74
Trd, 8639001.279, 74
Trd, 8639002.646, 123
Trd, 8639002.879, 109
Trd, 8639003.112, 104
Trd, 8639003.612, 104
Trd, 8639003.912, 105
Trd, 8639004.146, 103
Trd, 8639004.412, 103
Trd, 8639004.546, 92
Trd, 8639005.146, 104
Trd, 8639005.179, 99
Trd, 8639006.046, 62
Trd, 8639006.312, 62
Trd, 8639007.112, 68
Trd, 8639007.612, 67
Trd, 8639008.379, 67
Trd, 8639008.612, 62
Trd, 8639009.346, 62
Trd, 8639009.546, 97
Trd, 8639010.046, 92
Trd, 8639010.546, 138
Trd, 8639010.612, 138
Trd, 8639010.712, 94
Trd, 8639010.812, 84
Trd, 8639011.412, 65
Trd, 8639012.412, 69
Trd, 8639013.312, 60
Trd, 8639013.912, 61
Trd, 8639014.346, 64
Trd, 8639015.079, 65
Trd, 8639015.679, 68
Trd, 8639015.846, 72
Trd, 8639016.179, 68
Trd, 8639016.346, 67
Trd, 8639016.412, 66
Trd, 8639016.812, 66
Trd, 8639017.546, 139
Trd, 8639018.612, 140
Trd, 8639018.846, 139
Trd, 8639019.346, 132
Trd, 8639019.379, 131
Trd, 8639019.679, 128
Trd, 8639020.112, 137
Trd, 8639020.279, 136
Trd, 8639020.312, 127
Trd, 8639020.612, 112
Trd, 8639021.112, 73
Trd, 8639022.012, 73
Trd, 8639022.579, 71
Trd, 8639022.679, 70
Trd, 8639023.746, 136
Trd, 8639023.879, 135
Trd, 8639024.046, 131
Trd, 8639024.579, 130
Trd, 8639025.146, 102
Trd, 8639027.012, 62
Trd, 8639027.179, 67
Trd, 8639028.512, 61
Trd, 8639028.679, 62
Trd, 8639029.012, 60
Trd, 8639029.312, 61
Trd, 8639029.412, 65
Trd, 8639030.312, 92
Trd, 8639030.379, 77
Trd, 8639031.112, 69
Trd, 8639031.612, 72
Trd, 8639031.812, 72
Trd, 8639032.479, 77
Trd, 8639032.579, 71
Trd, 8639033.679, 61
Trd, 8639035.379, 65
Trd, 8639036.212, 60
Trd, 8639036.346, 60
Trd, 8639036.512, 61
Trd, 8639036.946, 62
Trd, 8639037.446, 64
Trd, 8639037.712, 65
Trd, 8639038.012, 67
Trd, 8639038.079, 92
Trd, 8639039.679, 76
Trd, 8639039.812, 78
Trd, 8639040.079, 77
Trd, 8639040.779, 87
Trd, 8639041.179, 88
Trd, 8639041.412, 118
Trd, 8639041.912, 86
Trd, 8639041.946, 81
Trd, 8639042.312, 79
Trd, 8639042.546, 79
Trd, 8639042.646, 68
Trd, 8639043.879, 64
Trd, 8639044.712, 68
Trd, 8639044.746, 73
Trd, 8639045.212, 140
Trd, 8639045.312, 84
Trd, 8639045.379, 83
Trd, 8639045.946, 78
Trd, 8639047.379, 90
Trd, 8639047.579, 91
Trd, 8639047.612, 89
Trd, 8639047.912, 87
Trd, 8639048.079, 73
Trd, 8639048.379, 88
Trd, 8639048.612, 72
Trd, 8639050.146, 63
Trd, 8639050.379, 65
Trd, 8639051.612, 61
Trd, 8639051.679, 62
Trd, 8639051.946, 62
Trd, 8639052.612, 63
Trd, 8639053.512, 76
Trd, 8639053.812, 78
Trd, 8639053.946, 67
Trd, 8639054.146, 67
Trd, 8639055.479, 134
Trd, 8639055.812, 134
Trd, 8639056.146, 131
Trd, 8639056.312, 131
Trd, 8639056.446, 118
Trd, 8639056.546, 115
Trd, 8639056.612, 92
Trd, 8639057.179, 75
Trd, 8639058.446, 60
Trd, 8639058.479, 61
Trd, 8639059.612, 63
Trd, 8639060.746, 60
Trd, 8639061.546, 60
Trd, 8639062.112, 63
Trd, 8639062.312, 64
Trd, 8639062.346, 68
Trd, 8639062.779, 69
Trd, 8639063.046, 69
Trd, 8639063.412, 70
Trd, 8639063.446, 68
Trd, 8639064.246, 77
Trd, 8639064.279, 76
Trd, 8639064.712, 75
Trd, 8639065.212, 140
Trd, 8639065.246, 77
Trd, 8639065.579, 140
Trd, 8639066.446, 106
Trd, 8639066.746, 85
Trd, 8639066.846, 76
Trd, 8639067.112, 69
Trd, 8639068.412, 74
Trd, 8639068.879, 76
Trd, 8639069.146, 113
Trd, 8639069.412, 89
Trd, 8639069.446, 87
Trd, 8639069.979, 60
Trd, 8639071.046, 62
Trd, 8639071.479, 100
Trd, 8639071.579, 111
Trd, 8639072.946, 107
Trd, 8639074.346, 113
Trd, 8639074.812, 116
Trd, 8639074.846, 115
Trd, 8639075.612, 113
Trd, 8639076.112, 114
Trd, 8639076.779, 120
Trd, 8639076.912, 118
Trd, 8639076.946, 113
Trd, 8639077.446, 114
Trd, 8639077.646, 113
Trd, 8639077.712, 112
Trd, 8639077.912, 91
Trd, 8639078.179, 85
Trd, 8639078.346, 84
Trd, 8639079.179, 74
Trd, 8639080.146, 111
Trd, 8639080.212, 110
Trd, 8639080.512, 139
Trd, 8639080.579, 110
Trd, 8639080.879, 116
Trd, 8639081.146, 110
Trd, 8639082.046, 122
Trd, 8639082.212, 122
Trd, 8639083.179, 98
Trd, 8639083.479, 96
Trd, 8639083.612, 95
Trd, 8639084.546, 60
Trd, 8639085.046, 62
Trd, 8639085.979, 64
Trd, 8639086.879, 61
Trd, 8639087.279, 68
Trd, 8639087.346, 132
Trd, 8639087.979, 65
Trd, 8639088.246, 66
Trd, 8639088.879, 65
Trd, 8639089.446, 67
Trd, 8639089.512, 66
Trd, 8639089.912, 93
Trd, 8639090.012, 86
Trd, 8639091.346, 121
Trd, 8639091.379, 120
Trd, 8639091.779, 113
Trd, 8639091.846, 105
Trd, 8639092.912, 107
Trd, 8639093.479, 106
Trd, 8639093.612, 106
Trd, 8639093.946, 105
Trd, 8639094.146, 104
Trd, 8639094.512, 89
Trd, 8639094.812, 90
Trd, 8639095.579, 118
Trd, 8639095.612, 117
Trd, 8639095.779, 89
Trd, 8639096.146, 88
Trd, 8639096.912, 131
Trd, 8639097.379, 137
Trd, 8639097.612, 136
Trd, 8639097.746, 125
Trd, 8639097.846, 121
Trd, 8639098.612, 86
Trd, 8639098.712, 86
Trd, 8639099.779, 131
Trd, 8639100.379, 115
Trd, 8639100.446, 111
Trd, 8639100.612, 100
Trd, 8639102.012, 60
Trd, 8639102.112, 63
Trd, 8639102.312, 64
Trd, 8639102.512, 66
Trd, 8639102.712, 79
Trd, 8639103.346, 80
Trd, 8639103.579, 82
Trd, 8639104.012, 78
Trd, 8639104.146, 70
Trd, 8639105.112, 67
Trd, 8639105.879, 115
Trd, 8639106.279, 73
Trd, 8639106.479, 130
Trd, 8639107.512, 82
Trd, 8639107.679, 92
Trd, 8639107.912, 85
Trd, 8639108.112, 79
Trd, 8639108.279, 77
Trd, 8639108.512, 65
Trd, 8639109.246, 77
Trd, 8639109.379, 115
Trd, 8639110.179, 124
Trd, 8639110.579, 83
Trd, 8639110.812, 86
Trd, 8639111.179, 111
Trd, 8639111.279, 85
Trd, 8639111.346, 82
Trd, 8639111.546, 139
Trd, 8639111.579, 66
Trd, 8639112.579, 71
Trd, 8639112.846, 66
Trd, 8639113.346, 68
Trd, 8639113.546, 66
Trd, 8639114.579, 88
Trd, 8639114.912, 89
Trd, 8639115.012, 63
Trd, 8639115.779, 70
Trd, 8639116.046, 75
Trd, 8639116.346, 77
Trd, 8639116.612, 75
Trd, 8639116.846, 73
Trd, 8639117.012, 115
Trd, 8639118.412, 64
Trd, 8639118.512, 85
Trd, 8639118.846, 60
Trd, 8639119.079, 62
Trd, 8639119.746, 61
Trd, 8639120.179, 63
Trd, 8639120.812, 70
Trd, 8639121.479, 69
Trd, 8639121.512, 67
Trd, 8639121.546, 66
Trd, 8639122.212, 64
Trd, 8639122.846, 61
Trd, 8639122.979, 66
Trd, 8639123.346, 60
Trd, 8639125.612, 69
Trd, 8639126.479, 63
Trd, 8639126.946, 63
Trd, 8639127.212, 63
Trd, 8639127.479, 64
Trd, 8639127.679, 66
Trd, 8639127.912, 68
Trd, 8639128.046, 68
Trd, 8639128.112, 68
Trd, 8639128.212, 72
Trd, 8639128.246, 68
Trd, 8639129.179, 77
Trd, 8639129.579, 117
Trd, 8639129.679, 116
Trd, 8639130.212, 96
Trd, 8639130.579, 95
Trd, 8639130.746, 93
Trd, 8639130.912, 93
Trd, 8639131.146, 85
Trd, 8639132.046, 76
Trd, 8639132.546, 68
Trd, 8639133.246, 64
Trd, 8639133.746, 66
Trd, 8639134.012, 89
Trd, 8639134.546, 71
Trd, 8639135.179, 88
Trd, 8639135.212, 87
Trd, 8639135.812, 88
Trd, 8639136.679, 85
Trd, 8639136.712, 81
Trd, 8639136.979, 107
Trd, 8639137.179, 76
Trd, 8639137.212, 74
Trd, 8639137.646, 73
Trd, 8639138.546, 107
Trd, 8639138.979, 119
Trd, 8639139.712, 102
Trd, 8639139.779, 102
Trd, 8639140.512, 103
Trd, 8639140.612, 102
Trd, 8639141.379, 108
Trd, 8639141.646, 108
Trd, 8639141.679, 99
Trd, 8639142.346, 140
Trd, 8639142.479, 90
Trd, 8639143.046, 122
Trd, 8639144.312, 116
Trd, 8639144.346, 115
Trd, 8639144.612, 140
Trd, 8639144.679, 115
Trd, 8639144.712, 110
Trd, 8639145.012, 129
Trd, 8639146.012, 102
Trd, 8639146.379, 100
Trd, 8639146.846, 102
Trd, 8639147.046, 100
Trd, 8639147.379, 101
Trd, 8639148.246, 140
Trd, 8639148.579, 140
Trd, 8639148.646, 140
Trd, 8639148.712, 139
Trd, 8639149.012, 104
Trd, 8639149.412, 103
Trd, 8639149.679, 88
Trd, 8639150.479, 90
Trd, 8639150.646, 91
Trd, 8639150.879, 140
Trd, 8639151.279, 90
Trd, 8639151.812, 89
Trd, 8639151.912, 115
Trd, 8639152.812, 83
Trd, 8639153.179, 84
Trd, 8639153.646, 121
Trd, 8639154.846, 87
Trd, 8639155.212, 86
Trd, 8639155.246, 85
Trd, 8639156.346, 61
Trd, 8639158.779, 60
Trd, 8639159.079, 61
Trd, 8639159.946, 64
Trd, 8639160.246, 66
Trd, 8639160.312, 64
Trd, 8639160.446, 60
Trd, 8639160.546, 67
Trd, 8639161.079, 62
Trd, 8639161.179, 60
Trd, 8639161.379, 61
Trd, 8639162.779, 76
Trd, 8639162.846, 71
Trd, 8639163.412, 67
Trd, 8639163.546, 68
Trd, 8639163.979, 140
Trd, 8639164.479, 73
Trd, 8639164.579, 73
Trd, 8639165.179, 74
Trd, 8639165.979, 79
Trd, 8639166.146, 76
Trd, 8639166.379, 76
Trd, 8639166.446, 73
Trd, 8639166.546, 73
Trd, 8639167.179, 88
Trd, 8639167.412, 74
Trd, 8639168.212, 140
Trd, 8639168.379, 139
Trd, 8639168.646, 139
Trd, 8639169.179, 139
Trd, 8639170.179, 140
Trd, 8639170.279, 137
Trd, 8639170.579, 131
Trd, 8639170.879, 128
Trd, 8639171.312, 111
Trd, 8639171.379, 110
Trd, 8639171.579, 116
Trd, 8639173.846, 62
Trd, 8639173.979, 73
Trd, 8639174.412, 65
Trd, 8639174.546, 76
Trd, 8639174.579, 75
Trd, 8639174.646, 62
Trd, 8639175.546, 61
Trd, 8639176.046, 100
Trd, 8639176.146, 98
Trd, 8639177.346, 64
Trd, 8639177.512, 66
Trd, 8639177.779, 62
Trd, 8639179.912, 63
Trd, 8639180.112, 66
Trd, 8639180.779, 64
Trd, 8639181.646, 67
Trd, 8639182.179, 77
Trd, 8639182.246, 74
Trd, 8639182.279, 72
Trd, 8639182.312, 72
Trd, 8639182.612, 78
Trd, 8639182.946, 70
Trd, 8639183.779, 72
Trd, 8639184.646, 89
Trd, 8639184.679, 88
Trd, 8639184.946, 87
Trd, 8639186.012, 113
Trd, 8639187.412, 60
Trd, 8639187.579, 61
Trd, 8639187.779, 62
Trd, 8639187.979, 65
Trd, 8639188.146, 70
Trd, 8639188.646, 63
Trd, 8639189.079, 68
Trd, 8639189.212, 80
Trd, 8639189.612, 140
Trd, 8639190.679, 111
Trd, 8639191.046, 82
Trd, 8639191.379, 82
Trd, 8639191.846, 91
Trd, 8639192.112, 122
Trd, 8639192.279, 93
Trd, 8639192.746, 112
Trd, 8639193.112, 83
Trd, 8639193.312, 78
Trd, 8639193.679, 60
Trd, 8639194.646, 64
Trd, 8639194.979, 139
Trd, 8639195.612, 71
Trd, 8639196.079, 119
Trd, 8639196.279, 119
Trd, 8639197.246, 123
Trd, 8639197.279, 122
Trd, 8639197.779, 122
Trd, 8639197.946, 122
Trd, 8639198.179, 121
Trd, 8639198.279, 119
Trd, 8639199.746, 122
Trd, 8639200.046, 109
Trd, 8639200.212, 106
Trd, 8639200.579, 131
Trd, 8639200.946, 105
Trd, 8639201.012, 104
Trd, 8639201.112, 87
Trd, 8639201.446, 62
Trd, 8639202.979, 61
Trd, 8639203.346, 61
Trd, 8639204.679, 61
Trd, 8639205.179, 60
Trd, 8639205.646, 61
Trd, 8639206.346, 62
Trd, 8639206.712, 62
Trd, 8639207.146, 61
Trd, 8639207.412, 62
Trd, 8639207.446, 60
Trd, 8639208.112, 65
Trd, 8639208.546, 65
Trd, 8639208.779, 62
Trd, 8639209.079, 62
Trd, 8639209.846, 67
Trd, 8639210.112, 68
Trd, 8639211.012, 86
Trd, 8639211.112, 86
Trd, 8639211.546, 86
Trd, 8639211.679, 86
Trd, 8639212.212, 93
Trd, 8639212.279, 86
Trd, 8639212.446, 86
Trd, 8639212.912, 76
Trd, 8639213.712, 67
Trd, 8639214.246, 61
Trd, 8639214.446, 71
Trd, 8639214.712, 71
Trd, 8639216.146, 61
Trd, 8639216.679, 62
Trd, 8639217.679, 64
Trd, 8639218.079, 63
Trd, 8639218.212, 66
Trd, 8639218.346, 68
Trd, 8639218.546, 70
Trd, 8639218.746, 77
Trd, 8639219.579, 78
Trd, 8639219.679, 79
Trd, 8639219.812, 80
Trd, 8639220.346, 95
Trd, 8639220.646, 132
Trd, 8639220.746, 131
Trd, 8639221.112, 84
Trd, 8639221.979, 84
Trd, 8639222.412, 84
Trd, 8639222.746, 85
Trd, 8639222.846, 87
Trd, 8639223.612, 88
Trd, 8639224.246, 106
Trd, 8639225.279, 94
Trd, 8639225.679, 137
Trd, 8639225.979, 140
Trd, 8639226.546, 90
Trd, 8639226.646, 93
Trd, 8639226.779, 92
Trd, 8639227.546, 67
Trd, 8639228.312, 62
Trd, 8639228.812, 64
Trd, 8639229.046, 70
Trd, 8639229.612, 70
Trd, 8639230.112, 119
Trd, 8639230.279, 116
Trd, 8639230.379, 115
Trd, 8639230.579, 114
Trd, 8639230.912, 86
Trd, 8639230.979, 78
Trd, 8639231.546, 115
Trd, 8639231.579, 79
Trd, 8639232.112, 107
Trd, 8639233.146, 84
Trd, 8639233.446, 102
Trd, 8639234.179, 88
Trd, 8639234.346, 87
Trd, 8639234.546, 86
Trd, 8639235.012, 83
Trd, 8639235.246, 81
Trd, 8639235.412, 79
Trd, 8639235.812, 79
Trd, 8639237.112, 66
Trd, 8639238.046, 61
Trd, 8639238.779, 65
Trd, 8639238.846, 75
Trd, 8639239.379, 66
Trd, 8639239.746, 66
Trd, 8639239.779, 73
Trd, 8639239.912, 89
Trd, 8639241.012, 86
Trd, 8639241.179, 103
Trd, 8639241.379, 87
Trd, 8639241.612, 86
Trd, 8639242.446, 94
Trd, 8639242.746, 114
Trd, 8639243.012, 95
Trd, 8639243.279, 96
Trd, 8639243.646, 140
Trd, 8639244.346, 140
Trd, 8639244.546, 140
Trd, 8639244.879, 140
Trd, 8639244.979, 139
Trd, 8639245.112, 137
Trd, 8639245.279, 123
Trd, 8639245.979, 120
Trd, 8639246.512, 109
Trd, 8639247.346, 140
Trd, 8639247.579, 140
Trd, 8639247.912, 121
Trd, 8639248.479, 140
Trd, 8639248.779, 121
Trd, 8639249.012, 100
Trd, 8639249.479, 61
Trd, 8639249.679, 64
Trd, 8639250.179, 66
Trd, 8639251.979, 61
Trd, 8639253.212, 60
Trd, 8639253.412, 60
Trd, 8639254.846, 61
Trd, 8639255.012, 61
Trd, 8639255.079, 60
Trd, 8639255.212, 63
Trd, 8639255.646, 64
Trd, 8639255.846, 62
Trd, 8639256.246, 67
Trd, 8639257.012, 64
Trd, 8639257.279, 127
Trd, 8639257.546, 66
Trd, 8639257.879, 66
Trd, 8639258.412, 65
Trd, 8639258.546, 64
Trd, 8639259.879, 63
Trd, 8639260.079, 63
Trd, 8639260.212, 67
Trd, 8639260.746, 66
Trd, 8639261.046, 64
Trd, 8639261.412, 62
Trd, 8639261.679, 69
Trd, 8639262.312, 63
Trd, 8639263.112, 100
Trd, 8639263.879, 118
Trd, 8639264.146, 139
Trd, 8639264.379, 138
Trd, 8639264.546, 130
Trd, 8639264.846, 126
Trd, 8639265.212, 112
Trd, 8639266.246, 138
Trd, 8639266.379, 138
Trd, 8639266.479, 124
Trd, 8639266.646, 123
Trd, 8639266.979, 118
Trd, 8639267.212, 118
Trd, 8639269.179, 60
Trd, 8639269.446, 63
Trd, 8639269.512, 67
Trd, 8639270.179, 72
Trd, 8639270.212, 61
Trd, 8639270.446, 61
Trd, 8639270.912, 72
Trd, 8639271.946, 112
Trd, 8639272.012, 112
Trd, 8639272.046, 111
Trd, 8639272.146, 111
Trd, 8639272.279, 110
Trd, 8639273.079, 139
Trd, 8639273.412, 111
Trd, 8639273.446, 109
Trd, 8639273.979, 139
Trd, 8639274.079, 121
Trd, 8639274.112, 98
Trd, 8639274.579, 87
Trd, 8639275.279, 85
Trd, 8639275.712, 85
Trd, 8639275.979, 79
Trd, 8639276.879, 84
Trd, 8639277.146, 140
Trd, 8639277.412, 82
Trd, 8639277.579, 123
Trd, 8639277.779, 80
Trd, 8639278.079, 80
Trd, 8639278.512, 79
Trd, 8639279.646, 90
Trd, 8639279.912, 72
Trd, 8639280.012, 89
Trd, 8639280.646, 71
Trd, 8639280.712, 71
Trd, 8639281.579, 137
Trd, 8639282.712, 71
Trd, 8639283.179, 75
Trd, 8639283.212, 74
Trd, 8639283.379, 90
Trd, 8639283.679, 76
Trd, 8639284.546, 113
Trd, 8639284.579, 113
Trd, 8639284.846, 112
Trd, 8639284.912, 116
Trd, 8639284.979, 111
Trd, 8639285.146, 73
Trd, 8639285.512, 76
Trd, 8639285.912, 74
Trd, 8639286.712, 73
Trd, 8639286.846, 73
Trd, 8639287.779, 80
Trd, 8639288.012, 112
Trd, 8639289.112, 140
Trd, 8639289.379, 139
Trd, 8639289.679, 124
Trd, 8639289.746, 123
Trd, 8639289.779, 122
Trd, 8639290.146, 118
Trd, 8639290.512, 89
Trd, 8639290.612, 75
Trd, 8639291.479, 71
Trd, 8639291.812, 67
Trd, 8639294.146, 63
Trd, 8639294.379, 63
Trd, 8639294.979, 60
Trd, 8639295.612, 66
Trd, 8639295.812, 61
Trd, 8639296.146, 63
Trd, 8639297.112, 67
Trd, 8639297.679, 110
Trd, 8639298.346, 80
Trd, 8639298.546, 81
Trd, 8639298.846, 76
Trd, 8639298.912, 68
Trd, 8639299.446, 72
Trd, 8639299.546, 71
Trd, 8639300.112, 69
Trd, 8639300.312, 100
Trd, 8639300.512, 70
Trd, 8639300.946, 79
Trd, 8639301.379, 85
Trd, 8639301.879, 84
Trd, 8639302.212, 83
Trd, 8639303.079, 84
Trd, 8639303.246, 85
Trd, 8639304.379, 97
Trd, 8639305.079, 140
Trd, 8639305.246, 140
Trd, 8639305.379, 137
Trd, 8639305.879, 123
Trd, 8639306.179, 122
Trd, 8639306.712, 134
Trd, 8639306.879, 119
Trd, 8639307.246, 118
Trd, 8639307.379, 118
Trd, 8639307.512, 100
Trd, 8639307.812, 65
Trd, 8639308.712, 60
Trd, 8639309.212, 62
Trd, 8639309.846, 60
Trd, 8639310.479, 61
Trd, 8639310.612, 60
Trd, 8639311.246, 62
Trd, 8639311.612, 67
Trd, 8639312.079, 61
Trd, 8639312.112, 65
Trd, 8639312.812, 98
Trd, 8639313.012, 91
Trd, 8639313.479, 89
Trd, 8639314.246, 98
Trd, 8639314.312, 97
Trd, 8639314.679, 96
Trd, 8639314.879, 87
Trd, 8639314.946, 85
Trd, 8639316.112, 63
Trd, 8639316.279, 75
Trd, 8639317.312, 60
Trd, 8639317.879, 64
Trd, 8639318.212, 73
Trd, 8639318.546, 73
Trd, 8639318.712, 73
Trd, 8639319.312, 72
Trd, 8639319.612, 85
Trd, 8639319.646, 82
Trd, 8639320.112, 129
Trd, 8639320.346, 128
Trd, 8639320.512, 126
Trd, 8639320.546, 100
Trd, 8639321.246, 83
Trd, 8639321.512, 104
Trd, 8639322.046, 83
Trd, 8639322.146, 86
Trd, 8639322.279, 82
Trd, 8639322.546, 82
Trd, 8639322.879, 82
Trd, 8639323.512, 82
Trd, 8639324.446, 105
Trd, 8639324.579, 89
Trd, 8639325.179, 60
Trd, 8639325.412, 86
Trd, 8639326.679, 64
Trd, 8639327.246, 64
Trd, 8639327.379, 62
Trd, 8639327.479, 60
Trd, 8639327.746, 63
Trd, 8639328.479, 69
Trd, 8639329.279, 74
Trd, 8639329.846, 78
Trd, 8639330.012, 98
Trd, 8639330.312, 102
Trd, 8639330.346, 98
Trd, 8639330.812, 75
Trd, 8639331.146, 140
Trd, 8639331.512, 85
Trd, 8639332.512, 91
Trd, 8639332.912, 82
Trd, 8639333.112, 86
Trd, 8639334.112, 84
Trd, 8639334.312, 83
Trd, 8639334.746, 75
Trd, 8639335.246, 64
Trd, 8639335.646, 93
Trd, 8639336.046, 79
Trd, 8639336.512, 65
Trd, 8639337.046, 138
Trd, 8639337.746, 140
Trd, 8639337.846, 138
Trd, 8639338.046, 137
Trd, 8639338.212, 101
Trd, 8639338.412, 91
Trd, 8639340.046, 60
Trd, 8639340.446, 61
Trd, 8639340.712, 62
Trd, 8639341.112, 65
Trd, 8639341.579, 67
Trd, 8639342.046, 62
Trd, 8639342.712, 140
Trd, 8639343.146, 118
Trd, 8639343.779, 111
Trd, 8639344.212, 110
Trd, 8639344.246, 109
Trd, 8639344.579, 109
Trd, 8639344.946, 109
Trd, 8639345.746, 113
Trd, 8639345.812, 139
Trd, 8639346.112, 112
Trd, 8639346.312, 110
Trd, 8639346.679, 108
Trd, 8639347.112, 93
Trd, 8639348.012, 140
Trd, 8639348.146, 121
Trd, 8639348.212, 112
Trd, 8639348.246, 71
Trd, 8639348.612, 86
Trd, 8639350.512, 60
Trd, 8639350.879, 60
Trd, 8639351.279, 62
Trd, 8639351.712, 63
Trd, 8639351.779, 62
Trd, 8639351.879, 62
Trd, 8639352.112, 64
Trd, 8639352.646, 65
Trd, 8639353.512, 103
Trd, 8639354.046, 137
Trd, 8639354.179, 115
Trd, 8639354.212, 115
Trd, 8639354.412, 103
Trd, 8639355.112, 102
Trd, 8639356.046, 64
Trd, 8639356.679, 63
Trd, 8639357.979, 139
Trd, 8639358.046, 138
Trd, 8639358.146, 138
Trd, 8639358.479, 137
Trd, 8639359.212, 100
Trd, 8639359.546, 97
Trd, 8639359.712, 97
Trd, 8639360.312, 97
Trd, 8639360.346, 96
Trd, 8639360.546, 96
Trd, 8639360.612, 96
Trd, 8639360.646, 88
Trd, 8639361.712, 72
Trd, 8639362.179, 140
Trd, 8639362.812, 140
Trd, 8639363.246, 140
Trd, 8639363.479, 139
Trd, 8639363.579, 110
Trd, 8639364.046, 71
Trd, 8639364.179, 71
Trd, 8639365.512, 61
Trd, 8639365.712, 65
Trd, 8639366.112, 98
Trd, 8639367.246, 136
Trd, 8639367.579, 98
Trd, 8639367.746, 120
Trd, 8639368.412, 98
Trd, 8639368.512, 98
Trd, 8639369.246, 95
Trd, 8639369.479, 93
Trd, 8639369.612, 92
Trd, 8639369.912, 93
Trd, 8639370.079, 91
Trd, 8639371.479, 62
Trd, 8639372.112, 61
Trd, 8639372.946, 64
Trd, 8639373.346, 75
Trd, 8639373.612, 99
Trd, 8639373.679, 99
Trd, 8639374.146, 99
Trd, 8639374.246, 101
Trd, 8639374.379, 100
Trd, 8639375.046, 104
Trd, 8639375.546, 105
Trd, 8639376.046, 115
Trd, 8639376.446, 103
Trd, 8639376.646, 100
Trd, 8639376.779, 100
Trd, 8639376.979, 99
Trd, 8639377.279, 92
Trd, 8639377.712, 94
Trd, 8639378.379, 95
Trd, 8639379.079, 95
Trd, 8639379.112, 94
Trd, 8639379.179, 91
Trd, 8639379.279, 90
Trd, 8639379.879, 140
Trd, 8639380.079, 108
Trd, 8639381.146, 140
Trd, 8639381.246, 139
Trd, 8639381.746, 138
Trd, 8639382.412, 140
Trd, 8639382.612, 140
Trd, 8639382.946, 139
Trd, 8639383.646, 135
Trd, 8639384.012, 132
Trd, 8639384.279, 122
Trd, 8639384.912, 116
Trd, 8639385.646, 119
Trd, 8639385.712, 118
Trd, 8639386.112, 108
Trd, 8639386.479, 94
Trd, 8639387.412, 132
Trd, 8639387.746, 117
Trd, 8639388.046, 116
Trd, 8639388.246, 69
Trd, 8639388.746, 74
Trd, 8639388.879, 70
Trd, 8639388.946, 129
Trd, 8639389.012, 69
Trd, 8639389.312, 64
Trd, 8639390.046, 107
Trd, 8639390.246, 91
Trd, 8639390.279, 90
Trd, 8639391.279, 91
Trd, 8639391.346, 91
Trd, 8639391.946, 90
Trd, 8639391.979, 90
Trd, 8639392.912, 80
Trd, 8639393.412, 79
Trd, 8639394.612, 140
Trd, 8639395.146, 140
Trd, 8639395.312, 138
Trd, 8639395.679, 124
Trd, 8639396.346, 125
Trd, 8639396.579, 124
Trd, 8639396.712, 118
Trd, 8639396.846, 103
Trd, 8639396.879, 100
Trd, 8639397.846, 64
Trd, 8639398.012, 63
Trd, 8639398.446, 72
Trd, 8639398.946, 60
Trd, 8639399.546, 61
Trd, 8639399.712, 61
Trd, 8639400.212, 65
Trd, 8639400.612, 93
Trd, 8639400.712, 92
Trd, 8639401.546, 88
Trd, 8639402.012, 89
Trd, 8639402.446, 86
Trd, 8639403.246, 122
Trd, 8639404.646, 140
Trd, 8639404.712, 140
Trd, 8639404.812, 120
Trd, 8639405.912, 130
Trd, 8639406.079, 129
Trd, 8639406.612, 131
Trd, 8639406.812, 130
Trd, 8639407.146, 118
Trd, 8639407.312, 116
Trd, 8639407.379, 104
Trd, 8639407.712, 89
Trd, 8639407.879, 88
Trd, 8639408.546, 134
Trd, 8639409.246, 98
Trd, 8639409.279, 97
Trd, 8639409.846, 128
Trd, 8639410.812, 105
Trd, 8639411.246, 136
Trd, 8639411.679, 115
Trd, 8639411.779, 111
Trd, 8639412.146, 107
Trd, 8639412.179, 103
Trd, 8639412.546, 90
Trd, 8639412.646, 86
Trd, 8639413.946, 61
Trd, 8639414.279, 64
Trd, 8639415.146, 60
Trd, 8639415.779, 60
Trd, 8639416.079, 63
Trd, 8639417.112, 64
Trd, 8639417.279, 62
Trd, 8639418.646, 68
Trd, 8639418.779, 71
Trd, 8639418.812, 71
Trd, 8639418.879, 67
Trd, 8639419.112, 65
Trd, 8639419.446, 71
Trd, 8639419.879, 79
Trd, 8639420.079, 70
Trd, 8639420.612, 85
Trd, 8639420.846, 73
Trd, 8639420.946, 70
Trd, 8639421.346, 70
Trd, 8639421.779, 115
Trd, 8639422.112, 108
Trd, 8639422.146, 107
Trd, 8639422.512, 99
Trd, 8639423.679, 99
Trd, 8639424.612, 99
Trd, 8639425.846, 129
Trd, 8639426.079, 117
Trd, 8639426.479, 115
Trd, 8639427.479, 140
Trd, 8639427.512, 139
Trd, 8639427.579, 139
Trd, 8639427.646, 127
Trd, 8639427.979, 117
Trd, 8639428.146, 116
Trd, 8639428.212, 114
Trd, 8639429.279, 114
Trd, 8639429.779, 111
Trd, 8639430.079, 109
Trd, 8639430.446, 107
Trd, 8639430.579, 103
Trd, 8639430.846, 86
Trd, 8639431.612, 140
Trd, 8639431.912, 140
Trd, 8639431.946, 140
Trd, 8639432.512, 114
Trd, 8639432.679, 115
Trd, 8639433.379, 129
Trd, 8639433.679, 120
Trd, 8639434.312, 107
Trd, 8639434.946, 104
Trd, 8639435.146, 129
Trd, 8639435.679, 140
Trd, 8639435.779, 140
Trd, 8639436.246, 121
Trd, 8639436.579, 103
Trd, 8639436.812, 136
Trd, 8639436.946, 136
Trd, 8639437.179, 85
Trd, 8639437.679, 67
Trd, 8639438.312, 73
Trd, 8639438.846, 81
Trd, 8639438.912, 79
Trd, 8639439.312, 77
Trd, 8639440.012, 84
Trd, 8639440.246, 82
Trd, 8639441.179, 94
Trd, 8639441.879, 112
Trd, 8639442.146, 85
Trd, 8639442.312, 84
Trd, 8639443.012, 85
Trd, 8639443.046, 84
Trd, 8639443.279, 118
Trd, 8639443.312, 117
Trd, 8639443.979, 96
Trd, 8639444.012, 96
Trd, 8639444.146, 89
Trd, 8639444.379, 125
Trd, 8639445.779, 65
Trd, 8639446.912, 76
Trd, 8639447.179, 72
Trd, 8639447.312, 71
Trd, 8639447.612, 116
Trd, 8639447.812, 115
Trd, 8639448.046, 105
Trd, 8639448.112, 67
Trd, 8639448.979, 67
Trd, 8639450.412, 78
Trd, 8639450.979, 86
Trd, 8639451.046, 85
Trd, 8639451.079, 85
Trd, 8639451.179, 84
Trd, 8639451.979, 92
Trd, 8639452.112, 92
Trd, 8639452.246, 91
Trd, 8639452.446, 91
Trd, 8639453.012, 92
Trd, 8639453.379, 139
Trd, 8639453.479, 90
Trd, 8639453.646, 81
Trd, 8639455.046, 111
Trd, 8639455.146, 110
Trd, 8639455.312, 109
Trd, 8639455.446, 109
Trd, 8639455.846, 100
Trd, 8639456.179, 99
Trd, 8639456.579, 80
Trd, 8639456.612, 121
Trd, 8639456.779, 112
Trd, 8639457.412, 77
Trd, 8639457.479, 76
Trd, 8639457.712, 140
Trd, 8639457.912, 74
Trd, 8639459.779, 60
Trd, 8639461.146, 63
Trd, 8639461.912, 70
Trd, 8639462.046, 65
Trd, 8639462.579, 66
Trd, 8639462.612, 65
Trd, 8639462.646, 72
Trd, 8639463.146, 80
Trd, 8639463.646, 68
Trd, 8639463.712, 68
Trd, 8639463.812, 67
Trd, 8639464.879, 68
Trd, 8639465.346, 81
Trd, 8639465.512, 71
Trd, 8639465.679, 140
Trd, 8639465.779, 139
Trd, 8639465.812, 69
Trd, 8639466.312, 83
Trd, 8639467.179, 73
Trd, 8639467.346, 70
Trd, 8639468.346, 72
Trd, 8639468.712, 71
Trd, 8639469.912, 76
Trd, 8639469.946, 76
Trd, 8639470.046, 75
Trd, 8639470.079, 84
Trd, 8639470.679, 110
Trd, 8639470.912, 102
Trd, 8639471.046, 101
Trd, 8639471.846, 86
Trd, 8639471.946, 86
Trd, 8639473.146, 133
Trd, 8639473.379, 132
Trd, 8639473.679, 118
Trd, 8639474.746, 139
Trd, 8639474.912, 119
Trd, 8639474.946, 108
Trd, 8639475.446, 105
Trd, 8639475.546, 104
Trd, 8639476.212, 103
Trd, 8639476.746, 105
Trd, 8639476.946, 105
Trd, 8639477.212, 105
Trd, 8639477.779, 103
Trd, 8639478.146, 132
Trd, 8639478.279, 130
Trd, 8639478.512, 101
Trd, 8639478.846, 140
Trd, 8639479.246, 140
Trd, 8639479.979, 97
Trd, 8639480.346, 103
Trd, 8639480.946, 104
Trd, 8639481.012, 103
Trd, 8639481.546, 99
Trd, 8639482.112, 102
Trd, 8639482.746, 103
Trd, 8639482.846, 103
Trd, 8639483.312, 86
Trd, 8639483.579, 76
Trd, 8639484.646, 79
Trd, 8639484.779, 82
Trd, 8639484.846, 79
Trd, 8639485.179, 61
Trd, 8639485.979, 65
Trd, 8639487.246, 61
Trd, 8639487.646, 66
Trd, 8639488.179, 70
Trd, 8639488.646, 70
Trd, 8639488.946, 68
Trd, 8639490.412, 80
Trd, 8639490.446, 81
Trd, 8639490.479, 80
Trd, 8639490.546, 79
Trd, 8639490.712, 76
Trd, 8639491.146, 121
Trd, 8639492.112, 140
Trd, 8639492.212, 139
Trd, 8639492.679, 112
Trd, 8639493.312, 114
Trd, 8639493.412, 113
Trd, 8639493.879, 106
Trd, 8639494.046, 96
Trd, 8639494.546, 74
Trd, 8639494.746, 91
Trd, 8639495.979, 139
Trd, 8639496.112, 139
Trd, 8639496.212, 137
Trd, 8639496.679, 139
Trd, 8639497.079, 137
Trd, 8639497.279, 136
Trd, 8639497.612, 136
Trd, 8639497.946, 133
Trd, 8639498.046, 120
Trd, 8639499.412, 139
Trd, 8639499.446, 139
Trd, 8639499.612, 140
Trd, 8639499.812, 123
Trd, 8639500.079, 123
Trd, 8639500.846, 124
Trd, 8639501.346, 120
Trd, 8639501.479, 113
Trd, 8639501.646, 98
Trd, 8639501.746, 94
Trd, 8639502.312, 136
Trd, 8639503.146, 140
Trd, 8639503.212, 136
Trd, 8639503.779, 136
Trd, 8639504.179, 136
Trd, 8639504.779, 135
Trd, 8639504.846, 133
Trd, 8639505.079, 78
Trd, 8639506.346, 61
Trd, 8639506.612, 78
Trd, 8639506.812, 66
Trd, 8639506.879, 63
Trd, 8639507.612, 72
Trd, 8639508.079, 71
Trd, 8639508.146, 70
Trd, 8639508.546, 75
Trd, 8639509.212, 133
Trd, 8639509.912, 80
Trd, 8639510.279, 80
Trd, 8639510.546, 80
Trd, 8639510.612, 111
Trd, 8639511.479, 79
Trd, 8639511.746, 78
Trd, 8639512.012, 74
Trd, 8639512.379, 70
Trd, 8639512.646, 65
Trd, 8639513.146, 81
Trd, 8639513.646, 92
Trd, 8639514.146, 99
Trd, 8639514.479, 82
Trd, 8639514.612, 78
Trd, 8639515.779, 85
Trd, 8639515.812, 83
Trd, 8639516.012, 79
Trd, 8639516.879, 138
Trd, 8639517.212, 139
Trd, 8639517.346, 138
Trd, 8639517.546, 137
Trd, 8639518.112, 134
Trd, 8639518.279, 76
Trd, 8639518.712, 140
Trd, 8639519.346, 63
Trd, 8639519.812, 127
Trd, 8639519.946, 126
Trd, 8639521.612, 61
Trd, 8639522.212, 61
Trd, 8639523.146, 61
Trd, 8639523.746, 64
Trd, 8639524.179, 65
Trd, 8639524.479, 69
Trd, 8639524.546, 63
Trd, 8639524.746, 65
Trd, 8639525.112, 65
Trd, 8639525.512, 66
Trd, 8639525.746, 64
Trd, 8639526.046, 65
Trd, 8639526.212, 63
Trd, 8639527.112, 122
Trd, 8639527.279, 96
Trd, 8639527.346, 96
Trd, 8639527.512, 95
Trd, 8639528.346, 67
Trd, 8639528.746, 64
Trd, 8639529.479, 60
Trd, 8639529.879, 69
Trd, 8639530.579, 70
Trd, 8639531.179, 62
Trd, 8639531.346, 62
Trd, 8639532.612, 67
Trd, 8639532.746, 63
Trd, 8639534.646, 61
Trd, 8639534.946, 66
Trd, 8639535.812, 67
Trd, 8639535.879, 67
Trd, 8639536.112, 69
Trd, 8639536.246, 69
Trd, 8639536.412, 68
Trd, 8639537.279, 71
Trd, 8639537.579, 74
Trd, 8639537.746, 71
Trd, 8639537.846, 71
Trd, 8639538.079, 72
Trd, 8639538.546, 75
Trd, 8639538.712, 71
Trd, 8639539.012, 93
Trd, 8639539.879, 78
Trd, 8639540.379, 80
Trd, 8639540.579, 115
Trd, 8639540.912, 78
Trd, 8639541.412, 82
Trd, 8639541.479, 86
Trd, 8639541.846, 82
Trd, 8639542.412, 91
Trd, 8639542.446, 90
Trd, 8639542.712, 80
Trd, 8639542.879, 72
Trd, 8639543.246, 73
Trd, 8639544.046, 85
Trd, 8639544.279, 75
Trd, 8639544.312, 71
Trd, 8639545.546, 63
Trd, 8639546.379, 63
Trd, 8639546.546, 64
Trd, 8639547.979, 60
Trd, 8639548.846, 60
Trd, 8639549.046, 66
Trd, 8639549.146, 62
Trd, 8639549.379, 75
Trd, 8639550.046, 71
Trd, 8639550.079, 67
Trd, 8639550.946, 70
Trd, 8639551.046, 74
Trd, 8639551.179, 79
Trd, 8639551.912, 71
Trd, 8639551.946, 72
Trd, 8639552.479, 76
Trd, 8639552.846, 76
Trd, 8639553.646, 84
Trd, 8639553.846, 83
Trd, 8639555.412, 124
Trd, 8639555.479, 123
Trd, 8639555.846, 123
Trd, 8639555.879, 122
Trd, 8639555.946, 118
Trd, 8639555.979, 118
Trd, 8639556.346, 117
Trd, 8639556.779, 115
Trd, 8639557.379, 105
Trd, 8639557.979, 104
Trd, 8639558.646, 115
Trd, 8639558.746, 86
Trd, 8639559.946, 82
Trd, 8639561.046, 140
Trd, 8639561.479, 119
Trd, 8639561.979, 114
Trd, 8639562.312, 136
Trd, 8639562.812, 113
Trd, 8639563.512, 114
Trd, 8639563.612, 113
Trd, 8639564.146, 120
Trd, 8639564.612, 120
Trd, 8639564.779, 120
Trd, 8639564.879, 120
Trd, 8639565.312, 117
Trd, 8639565.746, 139
Trd, 8639565.879, 117
Trd, 8639566.112, 108
Trd, 8639566.379, 103
Trd, 8639566.412, 102
Trd, 8639566.812, 102
Trd, 8639567.112, 90
Trd, 8639568.079, 86
Trd, 8639568.279, 87
Trd, 8639568.612, 110
Trd, 8639568.846, 88
Trd, 8639569.279, 130
Trd, 8639569.346, 88
Trd, 8639570.646, 73
Trd, 8639570.912, 139
Trd, 8639571.012, 138
Trd, 8639571.279, 62
Trd, 8639571.712, 66
Trd, 8639572.612, 82
Trd, 8639572.946, 90
Trd, 8639573.012, 81
Trd, 8639574.079, 95
Trd, 8639574.379, 98
Trd, 8639574.446, 98
Trd, 8639574.512, 96
Trd, 8639575.179, 82
Trd, 8639575.279, 74
Trd, 8639575.646, 73
Trd, 8639575.912, 73
Trd, 8639576.912, 70
Trd, 8639577.079, 68
Trd, 8639577.746, 69
Trd, 8639577.912, 69
Trd, 8639578.546, 70
Trd, 8639578.612, 69
Trd, 8639578.679, 74
Trd, 8639579.212, 76
Trd, 8639579.546, 69
Trd, 8639579.712, 69
Trd, 8639581.112, 79
Trd, 8639581.279, 78
Trd, 8639581.512, 77
Trd, 8639581.679, 76
Trd, 8639582.112, 121
Trd, 8639582.779, 115
Trd, 8639582.979, 112
Trd, 8639584.246, 116
Trd, 8639584.379, 115
Trd, 8639584.479, 114
Trd, 8639584.512, 113
Trd, 8639584.746, 113
Trd, 8639584.912, 122
Trd, 8639585.346, 65
Trd, 8639585.979, 61
Trd, 8639586.512, 66
Trd, 8639587.446, 65
Trd, 8639587.746, 66
Trd, 8639587.846, 68
Trd, 8639588.346, 68
Trd, 8639589.446, 133
Trd, 8639589.646, 105
Trd, 8639590.146, 108
Trd, 8639590.179, 105
Trd, 8639591.146, 103
Trd, 8639591.446, 110
Trd, 8639591.979, 106
Trd, 8639592.112, 103
Trd, 8639592.446, 115
Trd, 8639592.479, 104
Trd, 8639593.379, 138
Trd, 8639593.512, 137
Trd, 8639593.679, 137
Trd, 8639593.746, 134
Trd, 8639593.879, 123
Trd, 8639594.279, 68
Trd, 8639594.979, 105
Trd, 8639595.146, 105
Trd, 8639596.546, 130
Trd, 8639596.846, 130
Trd, 8639596.879, 128
Trd, 8639596.912, 118
Trd, 8639597.079, 105
Trd, 8639597.779, 62
Trd, 8639599.212, 61
Trd, 8639600.012, 61
Trd, 8639600.279, 61
Trd, 8639600.512, 60
Trd, 8639600.612, 63
Trd, 8639600.979, 64
Trd, 8639601.179, 66
Trd, 8639602.212, 66
Trd, 8639603.346, 65
Trd, 8639603.412, 64
Trd, 8639603.512, 70
Trd, 8639603.646, 140
Trd, 8639603.946, 140
Trd, 8639604.012, 139
Trd, 8639604.246, 108
Trd, 8639604.579, 68
Trd, 8639604.979, 66
Trd, 8639605.412, 65
Trd, 8639605.579, 100
Trd, 8639606.079, 91
Trd, 8639606.546, 90
Trd, 8639606.912, 82
Trd, 8639606.979, 79
Trd, 8639607.346, 81
Trd, 8639608.279, 69
Trd, 8639608.579, 66
Trd, 8639609.846, 65
Trd, 8639610.146, 66
Trd, 8639610.179, 68
Trd, 8639610.579, 89
Trd, 8639610.912, 90
Trd, 8639610.946, 90
Trd, 8639611.846, 86
Trd, 8639612.679, 86
Trd, 8639612.812, 77
Trd, 8639613.312, 89
Trd, 8639613.412, 81
Trd, 8639613.779, 132
Trd, 8639614.212, 77
Trd, 8639614.246, 76
Trd, 8639614.812, 80
Trd, 8639614.946, 79
Trd, 8639615.312, 95
Trd, 8639615.346, 90
Trd, 8639615.512, 77
Trd, 8639616.379, 93
Trd, 8639616.579, 94
Trd, 8639616.679, 93
Trd, 8639617.579, 92
Trd, 8639618.012, 135
Trd, 8639618.079, 99
Trd, 8639618.279, 97
Trd, 8639619.379, 87
Trd, 8639619.646, 90
Trd, 8639619.812, 85
Trd, 8639620.712, 86
Trd, 8639620.812, 84
Trd, 8639621.146, 75
Trd, 8639622.346, 78
Trd, 8639622.812, 60
Trd, 8639623.146, 63
Trd, 8639623.279, 61
Trd, 8639623.379, 63
Trd, 8639623.779, 130
Trd, 8639624.146, 113
Trd, 8639625.212, 65
Trd, 8639625.679, 65
Trd, 8639625.912, 65
Trd, 8639625.946, 69
Trd, 8639626.612, 66
Trd, 8639626.646, 133
Trd, 8639627.012, 67
Trd, 8639627.046, 85
Trd, 8639627.712, 85
Trd, 8639628.512, 68
Trd, 8639628.846, 71
Trd, 8639629.212, 81
Trd, 8639629.679, 84
Trd, 8639629.712, 70
Trd, 8639630.012, 92
Trd, 8639630.146, 72
Trd, 8639630.746, 73
Trd, 8639630.812, 65
Trd, 8639631.312, 107
Trd, 8639631.412, 86
Trd, 8639631.979, 140
Trd, 8639632.212, 114
Trd, 8639632.912, 98
Trd, 8639632.979, 98
Trd, 8639633.712, 127
Trd, 8639634.012, 111
Trd, 8639634.146, 110
Trd, 8639634.579, 109
Trd, 8639634.946, 95
Trd, 8639635.046, 85
Trd, 8639635.646, 60
Trd, 8639637.879, 60
Trd, 8639638.446, 62
Trd, 8639639.646, 62
Trd, 8639639.679, 63
Trd, 8639639.846, 64
Trd, 8639639.979, 65
Trd, 8639640.046, 64
Trd, 8639640.379, 70
Trd, 8639641.279, 69
Trd, 8639641.412, 68
Trd, 8639641.512, 66
Trd, 8639641.612, 61
Trd, 8639642.512, 67
Trd, 8639642.712, 62
Trd, 8639643.246, 73
Trd, 8639643.779, 68
Trd, 8639644.412, 68
Trd, 8639644.446, 67
Trd, 8639645.179, 83
Trd, 8639645.479, 82
Trd, 8639646.212, 82
Trd, 8639646.612, 81
Trd, 8639646.812, 69
Trd, 8639647.646, 61
Trd, 8639647.879, 60
Trd, 8639648.212, 75
Trd, 8639648.546, 66
Trd, 8639649.046, 60
Trd, 8639649.546, 67
Trd, 8639649.779, 71
Trd, 8639650.146, 64
Trd, 8639650.246, 65
Trd, 8639650.746, 63
Trd, 8639651.112, 65
Trd, 8639651.312, 64
Trd, 8639651.712, 63
Trd, 8639652.746, 61
Trd, 8639653.179, 60
Trd, 8639653.446, 61
Trd, 8639653.512, 62
Trd, 8639653.812, 64
Trd, 8639653.946, 66
Trd, 8639654.512, 75
Trd, 8639655.346, 73
Trd, 8639656.046, 78
Trd, 8639656.346, 82
Trd, 8639656.646, 99
Trd, 8639657.546, 86
Trd, 8639657.646, 85
Trd, 8639657.779, 84
Trd, 8639657.879, 119
Trd, 8639658.046, 128
Trd, 8639658.312, 139
Trd, 8639658.512, 119
Trd, 8639658.812, 79
Trd, 8639659.579, 121
Trd, 8639660.212, 82
Trd, 8639660.479, 105
Trd, 8639660.512, 81
Trd, 8639661.279, 61
Trd, 8639662.946, 61
Trd, 8639663.046, 61
Trd, 8639664.079, 63
Trd, 8639664.779, 60
Trd, 8639665.279, 65
Trd, 8639665.912, 60
Trd, 8639666.679, 62
Trd, 8639666.746, 61
Trd, 8639667.046, 60
Trd, 8639667.212, 60
Trd, 8639667.412, 61
Trd, 8639667.779, 68
Trd, 8639669.512, 60
Trd, 8639669.812, 62
Trd, 8639670.979, 61
Trd, 8639671.279, 61
Trd, 8639671.812, 63
Trd, 8639671.879, 64
Trd, 8639671.912, 66
Trd, 8639672.179, 63
Trd, 8639672.412, 68
Trd, 8639673.046, 88
Trd, 8639673.146, 138
Trd, 8639673.812, 117
Trd, 8639674.312, 132
Trd, 8639674.879, 111
Trd, 8639676.346, 60
Trd, 8639676.879, 61
Trd, 8639677.679, 62
Trd, 8639677.979, 64
Trd, 8639678.279, 60
Trd, 8639678.612, 65
Trd, 8639678.712, 62
Trd, 8639678.779, 71
Trd, 8639679.479, 64
Trd, 8639679.646, 100
Trd, 8639680.712, 74
Trd, 8639680.846, 74
Trd, 8639681.146, 74
Trd, 8639681.212, 73
Trd, 8639681.546, 73
Trd, 8639684.279, 118
Trd, 8639684.579, 126
Trd, 8639684.846, 119
Trd, 8639684.946, 117
Trd, 8639685.179, 116
Trd, 8639685.279, 115
Trd, 8639685.312, 114
Trd, 8639685.346, 101
Trd, 8639685.579, 140
Trd, 8639686.779, 139
Trd, 8639687.346, 138
Trd, 8639687.579, 119
Trd, 8639687.846, 103
Trd, 8639688.012, 89
Trd, 8639688.979, 65
Trd, 8639689.646, 60
Trd, 8639689.846, 67
Trd, 8639690.279, 61
Trd, 8639690.346, 61
Trd, 8639690.646, 67
Trd, 8639691.279, 63
Trd, 8639691.312, 80
Trd, 8639691.646, 60
Trd, 8639692.679, 68
Trd, 8639693.079, 70
Trd, 8639693.179, 67
Trd, 8639694.512, 140
Trd, 8639694.846, 140
Trd, 8639694.879, 140
Trd, 8639695.312, 140
Trd, 8639695.646, 139
Trd, 8639695.779, 140
Trd, 8639696.246, 140
Trd, 8639696.679, 138
Trd, 8639697.079, 140
Trd, 8639697.846, 134
Trd, 8639697.912, 132
Trd, 8639698.012, 124
Trd, 8639698.646, 114
Trd, 8639698.879, 110
Trd, 8639699.246, 110
Trd, 8639699.812, 121
Trd, 8639699.846, 105
Trd, 8639700.646, 72
Trd, 8639701.312, 90
Trd, 8639702.146, 89
Trd, 8639703.046, 83
Trd, 8639703.112, 83
Trd, 8639703.379, 82
Trd, 8639704.346, 81
Trd, 8639704.412, 93
Trd, 8639705.046, 81
Trd, 8639705.079, 80
Trd, 8639705.179, 80
Trd, 8639705.279, 79
Trd, 8639706.246, 109
Trd, 8639706.479, 93
Trd, 8639706.546, 91
Trd, 8639706.579, 78
Trd, 8639706.812, 74
Trd, 8639707.546, 64
Trd, 8639707.646, 79
Trd, 8639708.712, 83
Trd, 8639708.779, 63
Trd, 8639709.712, 60
Trd, 8639710.246, 65
Trd, 8639710.312, 62
Trd, 8639710.579, 63
Trd, 8639711.646, 139
Trd, 8639711.779, 137
Trd, 8639711.846, 68
Trd, 8639712.146, 67
Trd, 8639714.012, 83
Trd, 8639714.446, 140
Trd, 8639714.812, 140
Trd, 8639714.879, 140
Trd, 8639715.279, 102
Trd, 8639715.346, 97
Trd, 8639715.446, 97
Trd, 8639716.146, 92
Trd, 8639716.312, 131
Trd, 8639716.612, 70
Trd, 8639716.646, 69
Trd, 8639716.912, 127
Trd, 8639717.112, 125
Trd, 8639718.279, 61
Trd, 8639719.612, 60
Trd, 8639720.112, 60
Trd, 8639720.546, 65
Trd, 8639720.946, 66
Trd, 8639721.112, 65
Trd, 8639721.346, 66
Trd, 8639722.046, 73
Trd, 8639722.412, 72
Trd, 8639722.512, 71
Trd, 8639723.312, 113
Trd, 8639723.712, 110
Trd, 8639723.779, 110
Trd, 8639723.979, 110
Trd, 8639724.912, 139
Trd, 8639725.079, 112
Trd, 8639725.279, 114
Trd, 8639725.912, 115
Trd, 8639725.979, 114
Trd, 8639726.046, 111
Trd, 8639726.346, 100
Trd, 8639726.579, 96
Trd, 8639727.012, 95
Trd, 8639727.746, 96
Trd, 8639728.246, 97
Trd, 8639728.379, 95
Trd, 8639728.612, 82
Trd, 8639728.912, 66
Trd, 8639729.679, 115
Trd, 8639729.946, 64
Trd, 8639732.046, 60
Trd, 8639732.146, 61
Trd, 8639732.312, 60
Trd, 8639732.412, 63
Trd, 8639732.812, 63
Trd, 8639732.946, 63
Trd, 8639733.279, 67
Trd, 8639733.512, 68
Trd, 8639734.279, 72
Trd, 8639734.512, 74
Trd, 8639734.579, 69
Trd, 8639735.279, 90
Trd, 8639735.512, 92
Trd, 8639735.912, 89
Trd, 8639736.679, 93
Trd, 8639736.712, 91
Trd, 8639737.279, 126
Trd, 8639737.579, 113
Trd, 8639739.746, 60
Trd, 8639740.946, 60
Trd, 8639741.179, 61
Trd, 8639741.346, 61
Trd, 8639741.679, 62
Trd, 8639741.712, 60
Trd, 8639742.212, 61
Trd, 8639742.879, 63
Trd, 8639743.012, 61
Trd, 8639743.712, 80
Trd, 8639743.746, 78
Trd, 8639744.079, 83
Trd, 8639744.279, 90
Trd, 8639744.812, 84
Trd, 8639745.446, 95
Trd, 8639745.612, 97
Trd, 8639746.246, 103
Trd, 8639746.312, 93
Trd, 8639746.646, 86
Trd, 8639746.779, 84
Trd, 8639747.812, 81
Trd, 8639748.112, 80
Trd, 8639748.812, 140
Trd, 8639749.546, 137
Trd, 8639749.846, 136
Trd, 8639750.179, 134
Trd, 8639750.479, 123
Trd, 8639750.746, 118
Trd, 8639750.879, 117
Trd, 8639751.146, 108
Trd, 8639751.412, 93
Trd, 8639752.246, 99
Trd, 8639752.512, 106
Trd, 8639752.912, 99
Trd, 8639754.046, 140
Trd, 8639754.579, 140
Trd, 8639754.946, 140
Trd, 8639755.112, 140
Trd, 8639755.379, 140
Trd, 8639755.712, 135
Trd, 8639756.012, 119
Trd, 8639756.046, 113
Trd, 8639756.212, 93
Trd, 8639758.212, 61
Trd, 8639758.412, 62
Trd, 8639759.379, 62
Trd, 8639759.779, 63
Trd, 8639759.979, 71
Trd, 8639760.346, 75
Trd, 8639760.546, 75
Trd, 8639761.112, 73
Trd, 8639761.479, 74
Trd, 8639761.712, 74
Trd, 8639761.846, 79
Trd, 8639761.946, 84
Trd, 8639762.146, 73
Trd, 8639762.512, 73
Trd, 8639762.812, 74
Trd, 8639763.279, 67
Trd, 8639763.946, 65
Trd, 8639764.112, 62
Trd, 8639764.612, 138
Trd, 8639764.912, 138
Trd, 8639765.046, 138
Trd, 8639765.512, 138
Trd, 8639765.979, 119
Trd, 8639766.646, 140
Trd, 8639766.812, 103
Trd, 8639766.946, 102
Trd, 8639766.979, 94
Trd, 8639767.312, 88
Trd, 8639768.046, 67
Trd, 8639768.212, 62
Trd, 8639768.879, 60
Trd, 8639768.912, 64
Trd, 8639769.179, 90
Trd, 8639770.312, 60
Trd, 8639770.579, 61
Trd, 8639770.779, 66
Trd, 8639771.346, 71
Trd, 8639772.112, 136
Trd, 8639772.612, 63
Trd, 8639773.079, 64
Trd, 8639773.279, 98
Trd, 8639773.612, 96
Trd, 8639774.712, 68
Trd, 8639775.512, 68
Trd, 8639775.612, 69
Trd, 8639775.879, 69
Trd, 8639776.112, 74
Trd, 8639776.646, 73
Trd, 8639776.712, 70
Trd, 8639777.546, 110
Trd, 8639777.712, 109
Trd, 8639777.746, 75
Trd, 8639777.779, 136
Trd, 8639779.179, 61
Trd, 8639780.079, 61
Trd, 8639780.212, 63
Trd, 8639781.079, 67
Trd, 8639781.112, 66
Trd, 8639781.246, 65
Trd, 8639781.279, 63
Trd, 8639782.012, 114
Trd, 8639782.446, 113
Trd, 8639782.879, 134
Trd, 8639783.146, 113
Trd, 8639783.446, 113
Trd, 8639784.579, 132
Trd, 8639784.879, 132
Trd, 8639785.546, 138
Trd, 8639785.779, 131
Trd, 8639786.412, 117
Trd, 8639786.646, 124
Trd, 8639787.012, 114
Trd, 8639787.146, 114
Trd, 8639787.946, 119
Trd, 8639788.146, 114
Trd, 8639788.246, 99
Trd, 8639790.112, 61
Trd, 8639790.712, 61
Trd, 8639792.012, 61
Trd, 8639793.112, 61
Trd, 8639793.212, 63
Trd, 8639793.412, 62
Trd, 8639793.446, 61
Trd, 8639793.946, 63
Trd, 8639794.579, 61
Trd, 8639794.612, 94
Trd, 8639795.046, 81
Trd, 8639796.146, 74
Trd, 8639796.246, 73
Trd, 8639796.612, 73
Trd, 8639796.846, 73
Trd, 8639797.412, 139
Trd, 8639797.479, 96
Trd, 8639797.512, 96
Trd, 8639797.712, 74
Trd, 8639799.179, 122
Trd, 8639799.646, 84
Trd, 8639799.779, 114
Trd, 8639800.046, 86
Trd, 8639800.746, 88
Trd, 8639800.779, 86
Trd, 8639801.879, 92
Trd, 8639802.012, 91
Trd, 8639802.079, 89
Trd, 8639802.112, 83
Trd, 8639803.146, 108
Trd, 8639804.379, 88
Trd, 8639804.512, 87
Trd, 8639804.546, 96
Trd, 8639804.879, 140
Trd, 8639805.012, 139
Trd, 8639805.112, 110
Trd, 8639805.512, 136
Trd, 8639806.579, 102
Trd, 8639806.679, 101
Trd, 8639807.079, 102
Trd, 8639807.112, 101
Trd, 8639807.246, 92
Trd, 8639807.379, 96
Trd, 8639808.212, 87
Trd, 8639808.246, 84
Trd, 8639808.279, 79
Trd, 8639809.112, 138
Trd, 8639809.446, 134
Trd, 8639809.612, 129
Trd, 8639809.879, 115
Trd, 8639810.712, 63
Trd, 8639811.212, 61
Trd, 8639811.646, 62
Trd, 8639811.979, 77
Trd, 8639812.712, 65
Trd, 8639813.346, 64
Trd, 8639814.079, 63
Trd, 8639814.312, 63
Trd, 8639814.979, 85
Trd, 8639815.146, 64
Trd, 8639815.546, 65
Trd, 8639815.646, 64
Trd, 8639816.046, 66
Trd, 8639816.112, 103
Trd, 8639816.646, 101
Trd, 8639816.946, 71
Trd, 8639817.346, 98
Trd, 8639817.846, 73
Trd, 8639818.079, 74
Trd, 8639819.079, 70
Trd, 8639819.479, 72
Trd, 8639819.679, 69
Trd, 8639819.846, 68
Trd, 8639819.912, 65
Trd, 8639820.612, 82
Trd, 8639821.079, 125
Trd, 8639822.146, 61
Trd, 8639822.546, 63
Trd, 8639823.212, 65
Trd, 8639823.379, 87
Trd, 8639824.612, 106
Trd, 8639824.812, 114
Trd, 8639825.546, 98
Trd, 8639825.879, 116
Trd, 8639826.079, 108
Trd, 8639826.146, 108
Trd, 8639826.612, 140
Trd, 8639827.312, 124
Trd, 8639828.379, 126
Trd, 8639828.479, 125
Trd, 8639828.879, 134
Trd, 8639829.146, 110
Trd, 8639829.212, 109
Trd, 8639829.479, 108
Trd, 8639829.546, 107
Trd, 8639829.646, 103
Trd, 8639830.079, 82
Trd, 8639830.579, 79
Trd, 8639831.046, 79
Trd, 8639831.079, 78
Trd, 8639831.879, 102
Trd, 8639832.579, 103
Trd, 8639833.379, 124
Trd, 8639833.946, 110
Trd, 8639834.146, 129
Trd, 8639834.279, 108
Trd, 8639835.212, 128
Trd, 8639835.446, 120
Trd, 8639836.146, 140
Trd, 8639836.412, 119
Trd, 8639836.779, 120
Trd, 8639836.946, 110
Trd, 8639837.746, 105
Trd, 8639838.279, 99
Trd, 8639838.646, 94
Trd, 8639839.312, 96
Trd, 8639839.346, 93
Trd, 8639839.712, 84
Trd, 8639839.879, 123
Trd, 8639840.146, 70
Trd, 8639840.346, 81
Trd, 8639840.379, 80
Trd, 8639840.946, 65
Trd, 8639841.179, 94
Trd, 8639841.912, 69
Trd, 8639842.446, 140
Trd, 8639842.846, 122
Trd, 8639843.579, 94
Trd, 8639845.212, 60
Trd, 8639845.512, 64
Trd, 8639846.612, 63
Trd, 8639847.679, 63
Trd, 8639847.979, 67
Trd, 8639848.046, 68
Trd, 8639848.212, 66
Trd, 8639848.312, 70
Trd, 8639848.646, 131
Trd, 8639848.979, 66
Trd, 8639849.112, 72
Trd, 8639849.146, 66
Trd, 8639849.212, 65
Trd, 8639849.746, 67
Trd, 8639850.846, 72
Trd, 8639851.146, 71
Trd, 8639851.279, 69
Trd, 8639852.479, 96
Trd, 8639853.046, 89
Trd, 8639853.212, 103
Trd, 8639853.579, 99
Trd, 8639853.679, 98
Trd, 8639853.912, 100
Trd, 8639854.846, 101
Trd, 8639854.979, 133
Trd, 8639855.246, 103
Trd, 8639855.379, 104
Trd, 8639855.846, 103
Trd, 8639856.746, 140
Trd, 8639857.312, 129
Trd, 8639857.446, 128
Trd, 8639857.512, 127
Trd, 8639857.579, 113
Trd, 8639857.846, 60
Trd, 8639859.546, 82
Trd, 8639859.912, 62
Trd, 8639860.879, 62
Trd, 8639861.112, 61
Trd, 8639861.612, 64
Trd, 8639861.712, 70
Trd, 8639861.879, 65
Trd, 8639861.979, 71
Trd, 8639862.479, 64
Trd, 8639864.712, 60
Trd, 8639865.846, 60
Trd, 8639866.146, 61
Trd, 8639866.546, 62
Trd, 8639866.579, 61
Trd, 8639866.846, 63
Trd, 8639866.979, 79
Trd, 8639867.112, 101
Trd, 8639867.546, 79
Trd, 8639867.779, 67
Trd, 8639867.979, 67
Trd, 8639868.846, 86
Trd, 8639869.679, 73
Trd, 8639869.746, 72
Trd, 8639870.079, 71
Trd, 8639870.346, 138
Trd, 8639870.412, 66
Trd, 8639871.079, 139
Trd, 8639872.046, 105
Trd, 8639872.812, 60
Trd, 8639873.479, 62
Trd, 8639873.579, 63
Trd, 8639874.612, 63
Trd, 8639874.679, 63
Trd, 8639875.146, 60
Trd, 8639875.312, 62
Trd, 8639875.812, 65
Trd, 8639876.312, 63
Trd, 8639876.546, 62
Trd, 8639876.746, 62
Trd, 8639877.079, 66
Trd, 8639877.279, 63
Trd, 8639879.212, 60
Trd, 8639879.579, 78
Trd, 8639880.579, 139
Trd, 8639880.612, 97
Trd, 8639880.746, 98
Trd, 8639880.779, 97
Trd, 8639880.812, 96
Trd, 8639881.412, 95
Trd, 8639881.446, 93
Trd, 8639881.646, 85
Trd, 8639882.546, 90
Trd, 8639882.812, 90
Trd, 8639882.879, 86
Trd, 8639883.646, 73
Trd, 8639883.679, 72
Trd, 8639883.746, 70
Trd, 8639885.946, 84
Trd, 8639886.112, 69
Trd, 8639886.646, 84
Trd, 8639887.246, 70
Trd, 8639887.512, 70
Trd, 8639888.079, 94
Trd, 8639888.612, 85
Trd, 8639889.679, 92
Trd, 8639890.179, 93
Trd, 8639890.646, 98
Trd, 8639890.879, 96
Trd, 8639891.079, 139
Trd, 8639891.112, 95
Trd, 8639891.379, 94
Trd, 8639892.012, 97
Trd, 8639892.046, 96
Trd, 8639892.279, 107
Trd, 8639893.179, 115
Trd, 8639893.546, 139
Trd, 8639893.612, 114
Trd, 8639894.079, 112
Trd, 8639895.012, 114
Trd, 8639895.412, 115
Trd, 8639895.579, 114
Trd, 8639895.812, 101
Trd, 8639896.612, 105
Trd, 8639896.912, 103
Trd, 8639896.979, 101
Trd, 8639897.079, 100
Trd, 8639897.312, 100
Trd, 8639897.679, 116
Trd, 8639897.846, 93
Trd, 8639898.712, 79
Trd, 8639898.879, 117
Trd, 8639899.179, 77
Trd, 8639899.212, 77
Trd, 8639899.812, 73
Trd, 8639899.846, 65
Trd, 8639899.912, 65
Trd, 8639900.846, 66
Trd, 8639902.012, 60
Trd, 8639902.179, 60
Trd, 8639902.646, 61
Trd, 8639903.079, 60
Trd, 8639904.546, 68
Trd, 8639904.712, 68
Trd, 8639904.879, 72
Trd, 8639905.379, 69
Trd, 8639906.012, 61
Trd, 8639906.779, 60
Trd, 8639906.912, 61
Trd, 8639907.346, 63
Trd, 8639907.512, 64
Trd, 8639907.879, 63
Trd, 8639908.379, 74
Trd, 8639908.646, 65
Trd, 8639909.446, 62
Trd, 8639909.879, 65
Trd, 8639910.579, 93
Trd, 8639910.679, 87
Trd, 8639912.112, 119
Trd, 8639912.379, 140
Trd, 8639912.479, 118
Trd, 8639912.746, 114
Trd, 8639913.046, 112
Trd, 8639913.379, 103
Trd, 8639914.312, 110
Trd, 8639914.846, 109
Trd, 8639915.179, 136
Trd, 8639915.446, 96
Trd, 8639915.679, 96
Trd, 8639915.912, 95
Trd, 8639916.579, 88
Trd, 8639916.746, 86
Trd, 8639917.112, 71
Trd, 8639917.679, 103
Trd, 8639917.946, 88
Trd, 8639918.812, 72
Trd, 8639919.279, 62
Trd, 8639920.212, 60
Trd, 8639920.412, 63
Trd, 8639920.912, 61
Trd, 8639921.012, 67
Trd, 8639921.046, 69
Trd, 8639921.346, 60
Trd, 8639921.846, 62
Trd, 8639922.179, 62
Trd, 8639922.646, 63
Trd, 8639923.012, 64
Trd, 8639923.579, 66
Trd, 8639923.879, 140
Trd, 8639924.512, 140
Trd, 8639924.612, 140
Trd, 8639925.746, 140
Trd, 8639926.379, 140
Trd, 8639926.779, 140
Trd, 8639927.046, 140
Trd, 8639927.412, 140
Trd, 8639927.712, 140
Trd, 8639928.279, 140
Trd, 8639928.712, 139
Trd, 8639929.046, 140
Trd, 8639929.346, 139
Trd, 8639929.712, 140
Trd, 8639930.012, 137
Trd, 8639930.379, 133
Trd, 8639930.512, 133
Trd, 8639931.079, 131
Trd, 8639931.246, 140
Trd, 8639931.779, 140
Trd, 8639932.479, 140
Trd, 8639932.679, 140
Trd, 8639933.012, 140
Trd, 8639933.046, 122
Trd, 8639933.312, 111
Trd, 8639933.579, 110
Trd, 8639933.679, 108
Trd, 8639935.446, 62
Trd, 8639936.146, 60
Trd, 8639936.812, 60
Trd, 8639936.879, 62
Trd, 8639938.012, 67
Trd, 8639938.079, 66
Trd, 8639938.179, 64
Trd, 8639938.579, 66
Trd, 8639938.612, 65
Trd, 8639939.179, 69
Trd, 8639939.646, 71
Trd, 8639940.112, 70
Trd, 8639940.179, 69
Trd, 8639940.846, 93
Trd, 8639941.479, 82
Trd, 8639941.812, 94
Trd, 8639942.779, 99
Trd, 8639943.379, 99
Trd, 8639943.412, 97
Trd, 8639944.246, 97
Trd, 8639944.946, 112
Trd, 8639945.579, 115
Trd, 8639945.679, 115
Trd, 8639945.979, 114
Trd, 8639946.046, 114
Trd, 8639946.179, 110
Trd, 8639946.646, 89
Trd, 8639946.912, 62
Trd, 8639947.746, 66
Trd, 8639948.546, 67
Trd, 8639949.012, 66
Trd, 8639949.646, 126
Trd, 8639950.412, 125
Trd, 8639951.079, 126
Trd, 8639951.146, 136
Trd, 8639951.446, 124
Trd, 8639952.146, 107
Trd, 8639952.746, 110
Trd, 8639952.779, 109
Trd, 8639953.012, 120
Trd, 8639953.146, 107
Trd, 8639953.279, 103
Trd, 8639953.679, 113
Trd, 8639954.046, 95
Trd, 8639954.546, 108
Trd, 8639955.012, 84
Trd, 8639955.479, 87
Trd, 8639955.779, 82
Trd, 8639956.012, 126
Trd, 8639956.246, 119
Trd, 8639956.746, 120
Trd, 8639956.779, 119
Trd, 8639957.046, 118
Trd, 8639957.779, 87
Trd, 8639958.112, 82
Trd, 8639958.512, 72
Trd, 8639958.646, 83
Trd, 8639960.646, 75
Trd, 8639961.279, 76
Trd, 8639961.346, 75
Trd, 8639961.546, 111
Trd, 8639961.679, 74
Trd, 8639961.812, 73
Trd, 8639962.312, 81
Trd, 8639962.679, 120
Trd, 8639962.779, 79
Trd, 8639963.579, 79
Trd, 8639963.712, 80
Trd, 8639963.779, 79
Trd, 8639964.479, 66
Trd, 8639965.179, 62
Trd, 8639965.246, 67
Trd, 8639966.546, 69
Trd, 8639966.646, 117
Trd, 8639966.812, 109
Trd, 8639967.279, 80
Trd, 8639967.512, 69
Trd, 8639969.112, 140
Trd, 8639969.179, 140
Trd, 8639969.646, 140
Trd, 8639970.179, 140
Trd, 8639970.812, 140
Trd, 8639971.012, 140
Trd, 8639971.379, 139
Trd, 8639971.446, 137
Trd, 8639971.779, 134
Trd, 8639972.012, 124
Trd, 8639972.079, 124
Trd, 8639972.112, 120
Trd, 8639972.612, 115
Trd, 8639972.846, 114
Trd, 8639973.046, 113
Trd, 8639973.579, 69
Trd, 8639973.612, 68
Trd, 8639974.712, 72
Trd, 8639975.746, 93
Trd, 8639976.046, 93
Trd, 8639976.446, 98
Trd, 8639976.546, 89
Trd, 8639978.012, 106
Trd, 8639978.046, 77
Trd, 8639978.546, 77
Trd, 8639978.612, 76
Trd, 8639979.012, 140
Trd, 8639979.346, 113
Trd, 8639979.412, 99
Trd, 8639980.379, 106
Trd, 8639980.512, 130
Trd, 8639980.546, 105
Trd, 8639980.746, 126
Trd, 8639980.879, 105
Trd, 8639983.112, 60
Trd, 8639983.346, 60
Trd, 8639983.679, 60
Trd, 8639984.512, 64
Trd, 8639984.712, 62
Trd, 8639984.979, 88
Trd, 8639985.279, 60
Trd, 8639986.012, 64
Trd, 8639986.812, 68
Trd, 8639986.912, 65
Trd, 8639986.979, 63
Trd, 8639987.779, 62
Trd, 8639988.279, 63
Trd, 8639988.312, 63
Trd, 8639988.812, 85
Trd, 8639989.412, 87
Trd, 8639989.646, 99
Trd, 8639989.946, 81
Trd, 8639990.946, 123
Trd, 8639991.079, 122
Trd, 8639991.212, 108
Trd, 8639991.512, 83
Trd, 8639991.779, 92
Trd, 8639991.846, 91
Trd, 8639993.679, 128
Trd, 8639993.779, 104
Trd, 8639994.079, 131
Trd, 8639994.179, 130
Trd, 8639994.412, 117
Trd, 8639994.712, 117
Trd, 8639995.146, 107
Trd, 8639995.179, 106
Trd, 8639995.712, 103
Trd, 8639996.512, 103
Trd, 8639996.712, 91
Trd, 8639997.179, 122
Trd, 8639997.212, 110
Trd, 8639997.712, 88
Trd, 8639998.279, 89
Trd, 8639998.446, 137
Trd, 8639999.146, 87
Trd, 8639999.346, 86
Trd, 8639999.512, 85
Trd, 8639999.579, 84
Trd, 8639999.779, 76
