Trd, 8638733.312, 140
Trd, 8638734.046, 140
Trd, 8638734.446, 140
Trd, 8638735.746, 140
Trd, 8638735.946, 140
Trd, 8638736.712, 140
Trd, 8638738.179, 140
Trd, 8638738.646, 140
Trd, 8638741.212, 140
Trd, 8638741.346, 140
Trd, 8638741.379, 140
Trd, 8638741.546, 140
Trd, 8638742.212, 140
Trd, 8638742.346, 140
Trd, 8638742.779, 140
Trd, 8638743.012, 140
Trd, 8638743.346, 139
Trd, 8638743.579, 139
Trd, 8638744.612, 140
Trd, 8638744.712, 134
Trd, 8638744.979, 135
Trd, 8638745.912, 130
Trd, 8638746.246, 140
Trd, 8638746.579, 131
Trd, 8638747.746, 129
Trd, 8638748.312, 128
Trd, 8638748.446, 134
Trd, 8638748.612, 117
Trd, 8638748.946, 134
Trd, 8638749.046, 114
Trd, 8638749.146, 131
Trd, 8638749.446, 113
Trd, 8638751.012, 139
Trd, 8638751.179, 138
Trd, 8638752.312, 140
Trd, 8638752.946, 140
Trd, 8638753.712, 140
Trd, 8638753.779, 140
Trd, 8638754.079, 140
Trd, 8638754.412, 140
Trd, 8638754.779, 140
Trd, 8638755.946, 140
Trd, 8638756.179, 100
Trd, 8638756.712, 100
Trd, 8638756.846, 96
Trd, 8638756.879, 114
Trd, 8638756.912, 116
Trd, 8638758.379, 92
Trd, 8638758.412, 123
Trd, 8638758.446, 91
Trd, 8638759.479, 123
Trd, 8638759.912, 140
Trd, 8638761.412, 140
Trd, 8638761.579, 140
Trd, 8638762.146, 140
Trd, 8638763.046, 140
Trd, 8638765.379, 140
Trd, 8638765.512, 140
Trd, 8638765.912, 140
Trd, 8638766.779, 140
Trd, 8638767.179, 140
Trd, 8638767.279, 140
Trd, 8638768.512, 140
Trd, 8638769.279, 139
Trd, 8638769.546, 140
Trd, 8638769.979, 140
Trd, 8638770.546, 140
Trd, 8638771.546, 140
Trd, 8638771.712, 140
Trd, 8638772.046, 140
Trd, 8638772.146, 139
Trd, 8638772.679, 139
Trd, 8638772.712, 137
Trd, 8638775.346, 128
Trd, 8638775.546, 137
Trd, 8638775.679, 128
Trd, 8638775.846, 138
Trd, 8638775.879, 127
Trd, 8638776.079, 117
Trd, 8638776.579, 117
Trd, 8638778.112, 134
Trd, 8638778.446, 118
Trd, 8638778.546, 117
Trd, 8638778.746, 135
Trd, 8638779.446, 103
Trd, 8638780.212, 140
Trd, 8638780.512, 140
Trd, 8638781.912, 140
Trd, 8638782.079, 140
Trd, 8638782.812, 140
Trd, 8638783.146, 140
Trd, 8638783.279, 140
Trd, 8638783.812, 134
Trd, 8638783.912, 122
Trd, 8638784.179, 119
Trd, 8638785.846, 140
Trd, 8638785.912, 123
Trd, 8638786.812, 128
Trd, 8638787.212, 139
Trd, 8638787.379, 127
Trd, 8638787.412, 126
Trd, 8638787.812, 139
Trd, 8638787.946, 139
Trd, 8638788.946, 114
Trd, 8638790.146, 113
Trd, 8638790.212, 111
Trd, 8638790.346, 132
Trd, 8638790.646, 112
Trd, 8638791.212, 79
Trd, 8638791.579, 138
Trd, 8638791.612, 77
Trd, 8638792.379, 99
Trd, 8638795.546, 140
Trd, 8638796.079, 140
Trd, 8638796.946, 140
Trd, 8638796.979, 140
Trd, 8638797.612, 140
Trd, 8638798.512, 140
Trd, 8638798.646, 140
Trd, 8638798.679, 140
Trd, 8638798.979, 140
Trd, 8638800.179, 140
Trd, 8638800.546, 140
Trd, 8638800.879, 140
Trd, 8638801.179, 140
Trd, 8638801.646, 140
Trd, 8638802.246, 140
Trd, 8638802.546, 140
Trd, 8638802.579, 137
Trd, 8638803.079, 130
Trd, 8638804.246, 140
Trd, 8638804.612, 140
Trd, 8638805.746, 137
Trd, 8638806.479, 140
Trd, 8638808.079, 140
Trd, 8638808.112, 140
Trd, 8638809.246, 140
Trd, 8638810.279, 140
Trd, 8638810.346, 140
Trd, 8638810.446, 140
Trd, 8638810.712, 140
Trd, 8638810.779, 139
Trd, 8638811.346, 140
Trd, 8638811.379, 138
Trd, 8638812.912, 140
Trd, 8638813.079, 138
Trd, 8638813.446, 133
Trd, 8638813.679, 133
Trd, 8638814.779, 134
Trd, 8638816.146, 140
Trd, 8638816.612, 138
Trd, 8638816.979, 136
Trd, 8638817.779, 139
Trd, 8638818.179, 138
Trd, 8638819.046, 139
Trd, 8638819.879, 138
Trd, 8638820.512, 140
Trd, 8638820.912, 140
Trd, 8638821.012, 139
Trd, 8638821.712, 134
Trd, 8638822.412, 132
Trd, 8638822.679, 132
Trd, 8638822.879, 136
Trd, 8638822.912, 121
Trd, 8638822.946, 121
Trd, 8638823.079, 117
Trd, 8638823.112, 107
Trd, 8638824.012, 135
Trd, 8638826.312, 60
Trd, 8638826.712, 61
Trd, 8638826.879, 60
Trd, 8638827.712, 60
Trd, 8638828.046, 62
Trd, 8638828.212, 64
Trd, 8638828.646, 65
Trd, 8638828.912, 66
Trd, 8638829.846, 66
Trd, 8638829.879, 65
Trd, 8638830.346, 67
Trd, 8638830.579, 70
Trd, 8638830.779, 72
Trd, 8638831.346, 77
Trd, 8638831.712, 107
Trd, 8638831.812, 62
Trd, 8638832.912, 70
Trd, 8638833.446, 83
Trd, 8638833.546, 112
Trd, 8638834.546, 112
Trd, 8638834.879, 93
Trd, 8638834.912, 92
Trd, 8638835.179, 92
Trd, 8638835.446, 90
Trd, 8638837.046, 140
Trd, 8638838.046, 140
Trd, 8638838.446, 140
Trd, 8638838.479, 140
Trd, 8638839.512, 135
Trd, 8638839.879, 136
Trd, 8638840.012, 131
Trd, 8638840.512, 140
Trd, 8638841.179, 133
Trd, 8638841.379, 128
Trd, 8638842.079, 124
Trd, 8638843.212, 128
Trd, 8638843.679, 133
Trd, 8638844.212, 128
Trd, 8638844.546, 127
Trd, 8638845.412, 113
Trd, 8638845.679, 128
Trd, 8638845.812, 124
Trd, 8638846.512, 112
Trd, 8638846.946, 108
Trd, 8638847.979, 109
Trd, 8638848.079, 121
Trd, 8638848.246, 140
Trd, 8638849.346, 139
Trd, 8638849.379, 138
Trd, 8638849.979, 120
Trd, 8638850.512, 120
Trd, 8638850.946, 127
Trd, 8638851.279, 135
Trd, 8638852.279, 130
Trd, 8638853.312, 126
Trd, 8638853.512, 121
Trd, 8638853.546, 120
Trd, 8638853.812, 119
Trd, 8638855.179, 140
Trd, 8638855.779, 138
Trd, 8638855.879, 136
Trd, 8638856.046, 132
Trd, 8638856.146, 131
Trd, 8638856.579, 139
Trd, 8638856.979, 114
Trd, 8638857.679, 105
Trd, 8638858.312, 140
Trd, 8638859.046, 140
Trd, 8638859.546, 140
Trd, 8638859.812, 140
Trd, 8638860.879, 135
Trd, 8638862.479, 138
Trd, 8638863.112, 140
Trd, 8638863.312, 140
Trd, 8638863.646, 140
Trd, 8638863.879, 140
Trd, 8638864.979, 140
Trd, 8638865.112, 139
Trd, 8638865.446, 139
Trd, 8638865.946, 140
Trd, 8638866.412, 140
Trd, 8638867.079, 139
Trd, 8638867.412, 140
Trd, 8638867.879, 140
Trd, 8638868.079, 131
Trd, 8638868.412, 138
Trd, 8638869.146, 132
Trd, 8638869.246, 139
Trd, 8638869.846, 132
Trd, 8638870.212, 132
Trd, 8638870.779, 133
Trd, 8638871.512, 128
Trd, 8638872.079, 116
Trd, 8638872.446, 116
Trd, 8638872.946, 106
Trd, 8638873.646, 140
Trd, 8638873.979, 140
Trd, 8638874.146, 140
Trd, 8638874.912, 140
Trd, 8638875.679, 138
Trd, 8638876.812, 140
Trd, 8638876.879, 140
Trd, 8638876.979, 138
Trd, 8638877.346, 139
Trd, 8638877.812, 101
Trd, 8638877.912, 139
Trd, 8638878.112, 91
Trd, 8638878.546, 138
Trd, 8638878.779, 99
Trd, 8638880.112, 140
Trd, 8638880.712, 140
Trd, 8638880.779, 139
Trd, 8638882.179, 140
Trd, 8638882.946, 140
Trd, 8638883.512, 140
Trd, 8638883.646, 140
Trd, 8638883.746, 140
Trd, 8638884.546, 140
Trd, 8638885.112, 140
Trd, 8638885.846, 140
Trd, 8638886.512, 140
Trd, 8638886.546, 140
Trd, 8638886.612, 139
Trd, 8638887.379, 139
Trd, 8638887.746, 136
Trd, 8638888.879, 140
Trd, 8638889.079, 132
Trd, 8638889.612, 128
Trd, 8638890.446, 129
Trd, 8638891.079, 136
Trd, 8638891.679, 135
Trd, 8638892.512, 132
Trd, 8638892.646, 131
Trd, 8638892.712, 136
Trd, 8638893.746, 138
Trd, 8638893.879, 137
Trd, 8638894.279, 114
Trd, 8638894.712, 110
Trd, 8638896.279, 136
Trd, 8638896.812, 134
Trd, 8638896.846, 123
Trd, 8638897.646, 139
Trd, 8638897.679, 117
Trd, 8638897.712, 116
Trd, 8638897.979, 140
Trd, 8638900.012, 140
Trd, 8638900.046, 140
Trd, 8638900.112, 126
Trd, 8638900.579, 119
Trd, 8638901.912, 139
Trd, 8638902.946, 140
Trd, 8638903.079, 133
Trd, 8638903.312, 140
Trd, 8638903.679, 118
Trd, 8638904.546, 140
Trd, 8638904.612, 140
Trd, 8638906.979, 139
Trd, 8638907.046, 137
Trd, 8638907.446, 138
Trd, 8638907.646, 119
Trd, 8638908.246, 132
Trd, 8638908.746, 111
Trd, 8638909.379, 137
Trd, 8638909.746, 125
Trd, 8638910.112, 132
Trd, 8638910.312, 132
Trd, 8638910.546, 133
Trd, 8638911.012, 134
Trd, 8638911.112, 123
Trd, 8638911.146, 122
Trd, 8638911.779, 140
Trd, 8638913.012, 116
Trd, 8638913.979, 121
Trd, 8638914.412, 123
Trd, 8638914.546, 122
Trd, 8638915.279, 121
Trd, 8638915.346, 120
Trd, 8638915.479, 134
Trd, 8638915.979, 136
Trd, 8638916.412, 140
Trd, 8638916.479, 123
Trd, 8638916.979, 119
Trd, 8638917.179, 118
Trd, 8638917.279, 108
Trd, 8638918.046, 110
Trd, 8638918.079, 110
Trd, 8638920.579, 140
Trd, 8638921.246, 140
Trd, 8638921.312, 140
Trd, 8638921.412, 140
Trd, 8638921.746, 140
Trd, 8638923.146, 140
Trd, 8638923.779, 140
Trd, 8638925.012, 140
Trd, 8638925.212, 140
Trd, 8638925.279, 140
Trd, 8638925.446, 140
Trd, 8638925.912, 140
Trd, 8638926.579, 128
Trd, 8638926.779, 124
Trd, 8638927.112, 139
Trd, 8638927.812, 140
Trd, 8638928.246, 130
Trd, 8638928.779, 123
Trd, 8638928.879, 123
Trd, 8638928.912, 122
Trd, 8638929.379, 121
Trd, 8638930.112, 125
Trd, 8638930.579, 138
Trd, 8638931.579, 134
Trd, 8638931.846, 136
Trd, 8638933.246, 140
Trd, 8638933.546, 140
Trd, 8638933.779, 138
Trd, 8638934.179, 140
Trd, 8638934.212, 140
Trd, 8638935.012, 140
Trd, 8638935.146, 140
Trd, 8638935.246, 134
Trd, 8638935.612, 130
Trd, 8638937.046, 92
Trd, 8638937.512, 91
Trd, 8638937.812, 86
Trd, 8638938.112, 86
Trd, 8638938.279, 92
Trd, 8638938.446, 104
Trd, 8638938.512, 115
Trd, 8638938.946, 139
Trd, 8638939.579, 140
Trd, 8638940.679, 117
Trd, 8638940.979, 140
Trd, 8638941.179, 138
Trd, 8638941.679, 117
Trd, 8638941.746, 108
Trd, 8638942.546, 71
Trd, 8638943.512, 107
Trd, 8638943.646, 106
Trd, 8638944.146, 101
Trd, 8638944.679, 100
Trd, 8638944.812, 115
Trd, 8638944.846, 113
Trd, 8638945.212, 97
Trd, 8638947.546, 139
Trd, 8638948.212, 121
Trd, 8638948.746, 129
Trd, 8638949.012, 123
Trd, 8638949.146, 122
Trd, 8638950.212, 140
Trd, 8638950.712, 140
Trd, 8638950.746, 140
Trd, 8638951.412, 130
Trd, 8638951.679, 129
Trd, 8638952.279, 140
Trd, 8638952.612, 116
Trd, 8638953.312, 113
Trd, 8638954.046, 140
Trd, 8638954.346, 117
Trd, 8638955.079, 132
Trd, 8638955.146, 138
Trd, 8638955.446, 131
Trd, 8638955.479, 120
Trd, 8638955.746, 135
Trd, 8638955.879, 133
Trd, 8638956.279, 140
Trd, 8638956.479, 140
Trd, 8638956.879, 140
Trd, 8638956.912, 113
Trd, 8638957.612, 140
Trd, 8638958.546, 140
Trd, 8638959.546, 140
Trd, 8638960.379, 140
Trd, 8638960.546, 139
Trd, 8638960.612, 135
Trd, 8638961.646, 140
Trd, 8638962.712, 140
Trd, 8638962.812, 130
Trd, 8638963.312, 63
Trd, 8638963.379, 64
Trd, 8638964.012, 134
Trd, 8638964.879, 61
Trd, 8638965.646, 63
Trd, 8638965.679, 64
Trd, 8638966.246, 60
Trd, 8638966.279, 61
Trd, 8638967.146, 95
Trd, 8638967.212, 94
Trd, 8638967.612, 110
Trd, 8638968.812, 78
Trd, 8638969.779, 140
Trd, 8638970.379, 140
Trd, 8638971.379, 140
Trd, 8638972.846, 140
Trd, 8638972.912, 140
Trd, 8638972.979, 140
Trd, 8638973.279, 139
Trd, 8638973.312, 138
Trd, 8638973.712, 140
Trd, 8638974.212, 113
Trd, 8638975.179, 115
Trd, 8638975.546, 130
Trd, 8638975.846, 115
Trd, 8638977.112, 118
Trd, 8638978.512, 140
Trd, 8638978.579, 140
Trd, 8638979.179, 140
Trd, 8638979.212, 139
Trd, 8638980.312, 132
Trd, 8638980.412, 131
Trd, 8638980.746, 140
Trd, 8638980.779, 139
Trd, 8638982.112, 120
Trd, 8638982.479, 93
Trd, 8638982.779, 138
Trd, 8638984.446, 107
Trd, 8638984.812, 125
Trd, 8638984.846, 126
Trd, 8638984.946, 98
Trd, 8638985.046, 99
Trd, 8638985.712, 103
Trd, 8638985.979, 104
Trd, 8638986.146, 122
Trd, 8638987.279, 120
Trd, 8638987.479, 118
Trd, 8638987.579, 117
Trd, 8638988.079, 108
Trd, 8638988.246, 138
Trd, 8638988.446, 140
Trd, 8638989.346, 140
Trd, 8638989.946, 134
Trd, 8638990.746, 138
Trd, 8638991.979, 134
Trd, 8638992.312, 133
Trd, 8638992.879, 139
Trd, 8638993.546, 139
Trd, 8638993.646, 140
Trd, 8638993.812, 140
Trd, 8638993.912, 139
Trd, 8638994.079, 140
Trd, 8638994.946, 129
Trd, 8638995.212, 140
Trd, 8638995.246, 139
Trd, 8638995.812, 60
Trd, 8638996.579, 85
Trd, 8638996.679, 87
Trd, 8638996.712, 82
Trd, 8638997.512, 64
Trd, 8638998.112, 89
Trd, 8638999.446, 62
Trd, 8638999.646, 63
Trd, 8639000.446, 63
Trd, 8639001.379, 60
Trd, 8639001.446, 60
Trd, 8639001.646, 66
Trd, 8639001.679, 66
Trd, 8639002.346, 71
Trd, 8639003.312, 74
Trd, 8639003.479, 102
Trd, 8639003.512, 100
Trd, 8639003.879, 72
Trd, 8639004.812, 140
Trd, 8639005.446, 140
Trd, 8639006.046, 140
Trd, 8639006.879, 140
Trd, 8639007.479, 140
Trd, 8639007.646, 140
Trd, 8639007.679, 140
Trd, 8639008.246, 140
Trd, 8639008.312, 140
Trd, 8639008.912, 139
Trd, 8639009.112, 139
Trd, 8639009.379, 127
Trd, 8639009.479, 112
Trd, 8639009.846, 112
Trd, 8639010.846, 133
Trd, 8639011.146, 125
Trd, 8639011.346, 124
Trd, 8639013.579, 140
Trd, 8639014.046, 140
Trd, 8639014.779, 140
Trd, 8639014.912, 140
Trd, 8639015.012, 140
Trd, 8639015.046, 139
Trd, 8639015.079, 138
Trd, 8639015.746, 136
Trd, 8639016.979, 137
Trd, 8639017.046, 135
Trd, 8639017.412, 139
Trd, 8639018.012, 125
Trd, 8639018.712, 124
Trd, 8639019.412, 61
Trd, 8639020.012, 61
Trd, 8639020.246, 60
Trd, 8639020.412, 60
Trd, 8639021.679, 61
Trd, 8639021.746, 62
Trd, 8639022.612, 127
Trd, 8639023.412, 139
Trd, 8639025.079, 140
Trd, 8639025.646, 140
Trd, 8639025.746, 140
Trd, 8639025.779, 140
Trd, 8639026.312, 140
Trd, 8639026.446, 140
Trd, 8639026.746, 140
Trd, 8639026.846, 140
Trd, 8639026.979, 138
Trd, 8639027.079, 128
Trd, 8639027.446, 115
Trd, 8639028.679, 105
Trd, 8639028.912, 104
Trd, 8639029.246, 126
Trd, 8639029.812, 101
Trd, 8639030.279, 126
Trd, 8639030.346, 123
Trd, 8639030.812, 128
Trd, 8639031.479, 129
Trd, 8639031.746, 125
Trd, 8639031.879, 113
Trd, 8639035.646, 140
Trd, 8639035.712, 140
Trd, 8639035.979, 140
Trd, 8639036.246, 140
Trd, 8639036.379, 140
Trd, 8639036.579, 140
Trd, 8639036.646, 140
Trd, 8639037.646, 140
Trd, 8639038.112, 138
Trd, 8639039.112, 139
Trd, 8639039.179, 138
Trd, 8639040.546, 139
Trd, 8639040.646, 137
Trd, 8639040.979, 135
Trd, 8639041.279, 133
Trd, 8639041.979, 117
Trd, 8639042.546, 115
Trd, 8639043.579, 113
Trd, 8639044.346, 140
Trd, 8639044.679, 140
Trd, 8639044.746, 138
Trd, 8639045.046, 140
Trd, 8639045.246, 98
Trd, 8639046.046, 138
Trd, 8639046.946, 126
Trd, 8639047.746, 128
Trd, 8639048.179, 126
Trd, 8639048.246, 128
Trd, 8639049.146, 128
Trd, 8639049.279, 123
Trd, 8639049.846, 140
Trd, 8639050.312, 140
Trd, 8639050.979, 140
Trd, 8639051.346, 140
Trd, 8639051.479, 140
Trd, 8639052.112, 140
Trd, 8639052.279, 140
Trd, 8639053.246, 140
Trd, 8639053.646, 140
Trd, 8639054.646, 140
Trd, 8639055.579, 140
Trd, 8639055.912, 140
Trd, 8639056.212, 140
Trd, 8639056.946, 140
Trd, 8639056.979, 140
Trd, 8639057.279, 138
Trd, 8639057.612, 140
Trd, 8639058.146, 138
Trd, 8639058.212, 132
Trd, 8639058.879, 136
Trd, 8639059.312, 138
Trd, 8639061.579, 140
Trd, 8639061.946, 140
Trd, 8639062.079, 140
Trd, 8639062.179, 140
Trd, 8639062.812, 139
Trd, 8639063.679, 140
Trd, 8639064.146, 140
Trd, 8639064.212, 140
Trd, 8639064.379, 137
Trd, 8639064.546, 129
Trd, 8639064.746, 123
Trd, 8639065.112, 140
Trd, 8639065.179, 96
Trd, 8639065.679, 113
Trd, 8639066.612, 110
Trd, 8639067.179, 137
Trd, 8639067.379, 108
Trd, 8639068.179, 114
Trd, 8639068.479, 101
Trd, 8639068.812, 137
Trd, 8639068.879, 138
Trd, 8639070.512, 123
Trd, 8639070.879, 120
Trd, 8639071.779, 139
Trd, 8639072.246, 132
Trd, 8639072.446, 132
Trd, 8639072.512, 131
Trd, 8639072.946, 130
Trd, 8639073.179, 123
Trd, 8639073.279, 108
Trd, 8639074.479, 140
Trd, 8639075.046, 140
Trd, 8639076.412, 140
Trd, 8639076.512, 140
Trd, 8639076.679, 140
Trd, 8639076.712, 137
Trd, 8639077.479, 134
Trd, 8639078.812, 139
Trd, 8639079.846, 140
Trd, 8639080.146, 126
Trd, 8639080.212, 113
Trd, 8639080.979, 138
Trd, 8639081.179, 99
Trd, 8639081.346, 105
Trd, 8639082.746, 140
Trd, 8639082.846, 140
Trd, 8639083.312, 140
Trd, 8639084.112, 140
Trd, 8639084.479, 140
Trd, 8639084.846, 140
Trd, 8639084.879, 140
Trd, 8639085.012, 137
Trd, 8639086.179, 134
Trd, 8639086.612, 132
Trd, 8639086.846, 132
Trd, 8639087.479, 126
Trd, 8639087.679, 112
Trd, 8639088.112, 140
Trd, 8639088.179, 107
Trd, 8639088.779, 134
Trd, 8639090.212, 140
Trd, 8639091.612, 140
Trd, 8639091.812, 140
Trd, 8639091.946, 140
Trd, 8639092.179, 140
Trd, 8639093.079, 140
Trd, 8639093.312, 140
Trd, 8639093.412, 138
Trd, 8639094.212, 137
Trd, 8639094.546, 137
Trd, 8639095.112, 137
Trd, 8639095.912, 136
Trd, 8639095.946, 135
Trd, 8639096.112, 130
Trd, 8639097.046, 140
Trd, 8639097.246, 140
Trd, 8639097.546, 140
Trd, 8639097.746, 115
Trd, 8639099.346, 140
Trd, 8639099.712, 140
Trd, 8639099.979, 140
Trd, 8639100.379, 139
Trd, 8639101.679, 139
Trd, 8639102.312, 140
Trd, 8639102.579, 139
Trd, 8639103.012, 140
Trd, 8639103.112, 139
Trd, 8639103.746, 140
Trd, 8639103.812, 139
Trd, 8639104.079, 139
Trd, 8639104.346, 139
Trd, 8639105.079, 139
Trd, 8639105.112, 136
Trd, 8639105.879, 139
Trd, 8639106.012, 130
Trd, 8639106.146, 128
Trd, 8639106.946, 60
Trd, 8639107.312, 60
Trd, 8639107.412, 61
Trd, 8639107.812, 88
Trd, 8639108.212, 71
Trd, 8639108.779, 128
Trd, 8639110.012, 140
Trd, 8639110.079, 140
Trd, 8639111.512, 140
Trd, 8639111.912, 140
Trd, 8639112.946, 140
Trd, 8639113.279, 140
Trd, 8639113.879, 140
Trd, 8639114.012, 139
Trd, 8639114.679, 134
Trd, 8639115.612, 134
Trd, 8639116.346, 138
Trd, 8639116.512, 133
Trd, 8639117.346, 117
Trd, 8639117.479, 113
Trd, 8639117.846, 131
Trd, 8639117.912, 112
Trd, 8639118.146, 131
Trd, 8639119.012, 140
Trd, 8639121.112, 140
Trd, 8639121.146, 140
Trd, 8639121.379, 140
Trd, 8639121.412, 140
Trd, 8639122.379, 140
Trd, 8639123.379, 140
Trd, 8639124.046, 138
Trd, 8639124.812, 135
Trd, 8639125.646, 140
Trd, 8639125.679, 135
Trd, 8639126.279, 135
Trd, 8639126.446, 127
Trd, 8639126.979, 140
Trd, 8639127.712, 120
Trd, 8639127.979, 116
Trd, 8639128.579, 134
Trd, 8639128.779, 131
Trd, 8639128.879, 130
Trd, 8639129.312, 106
Trd, 8639129.446, 96
Trd, 8639130.712, 140
Trd, 8639131.246, 136
Trd, 8639131.479, 137
Trd, 8639132.446, 137
Trd, 8639132.746, 120
Trd, 8639133.246, 121
Trd, 8639134.146, 130
Trd, 8639135.179, 129
Trd, 8639135.512, 128
Trd, 8639135.679, 130
Trd, 8639136.379, 129
Trd, 8639136.612, 123
Trd, 8639137.079, 137
Trd, 8639137.212, 108
Trd, 8639138.412, 140
Trd, 8639138.479, 140
Trd, 8639139.079, 140
Trd, 8639139.179, 139
Trd, 8639139.379, 136
Trd, 8639140.212, 140
Trd, 8639140.912, 127
Trd, 8639141.012, 119
Trd, 8639141.579, 118
Trd, 8639142.379, 140
Trd, 8639142.479, 140
Trd, 8639143.879, 136
Trd, 8639145.012, 136
Trd, 8639145.246, 125
Trd, 8639145.646, 134
Trd, 8639146.012, 134
Trd, 8639146.546, 118
Trd, 8639146.779, 133
Trd, 8639147.446, 116
Trd, 8639148.112, 139
Trd, 8639148.212, 109
Trd, 8639148.946, 108
Trd, 8639149.012, 107
Trd, 8639150.046, 103
Trd, 8639150.546, 102
Trd, 8639150.746, 109
Trd, 8639151.179, 123
Trd, 8639151.312, 140
Trd, 8639152.046, 127
Trd, 8639152.479, 140
Trd, 8639152.579, 140
Trd, 8639154.579, 133
Trd, 8639155.279, 132
Trd, 8639155.412, 130
Trd, 8639155.746, 140
Trd, 8639156.279, 123
Trd, 8639156.479, 131
Trd, 8639156.879, 119
Trd, 8639157.012, 122
Trd, 8639157.079, 113
Trd, 8639157.512, 132
Trd, 8639157.946, 110
Trd, 8639159.012, 140
Trd, 8639159.712, 133
Trd, 8639159.779, 113
Trd, 8639159.979, 112
Trd, 8639160.146, 125
Trd, 8639160.479, 111
Trd, 8639160.879, 109
Trd, 8639161.612, 140
Trd, 8639162.046, 140
Trd, 8639163.312, 140
Trd, 8639163.646, 140
Trd, 8639163.679, 139
Trd, 8639164.712, 130
Trd, 8639164.746, 90
Trd, 8639165.046, 113
Trd, 8639165.979, 92
Trd, 8639166.279, 93
Trd, 8639167.312, 140
Trd, 8639167.612, 139
Trd, 8639168.579, 115
Trd, 8639169.479, 137
Trd, 8639169.512, 121
Trd, 8639169.546, 138
Trd, 8639170.212, 128
Trd, 8639170.346, 135
Trd, 8639170.512, 127
Trd, 8639171.246, 128
Trd, 8639172.012, 133
Trd, 8639172.179, 127
Trd, 8639172.646, 119
Trd, 8639173.846, 140
Trd, 8639174.179, 132
Trd, 8639174.546, 140
Trd, 8639174.612, 140
Trd, 8639174.779, 125
Trd, 8639175.012, 114
Trd, 8639175.646, 137
Trd, 8639177.746, 115
Trd, 8639177.846, 113
Trd, 8639177.879, 111
Trd, 8639178.112, 135
Trd, 8639178.512, 134
Trd, 8639178.712, 109
Trd, 8639178.912, 107
Trd, 8639178.946, 103
Trd, 8639180.312, 140
Trd, 8639180.979, 140
Trd, 8639182.079, 140
Trd, 8639183.146, 140
Trd, 8639183.246, 140
Trd, 8639183.812, 140
Trd, 8639184.246, 140
Trd, 8639185.646, 140
Trd, 8639186.279, 140
Trd, 8639187.412, 140
Trd, 8639187.812, 140
Trd, 8639188.012, 140
Trd, 8639188.212, 140
Trd, 8639188.346, 140
Trd, 8639188.879, 140
Trd, 8639189.179, 140
Trd, 8639189.412, 131
Trd, 8639189.479, 126
Trd, 8639190.046, 114
Trd, 8639190.412, 105
Trd, 8639191.079, 140
Trd, 8639191.679, 140
Trd, 8639191.979, 140
Trd, 8639192.312, 140
Trd, 8639192.479, 140
Trd, 8639193.312, 139
Trd, 8639193.379, 129
Trd, 8639194.046, 135
Trd, 8639195.546, 140
Trd, 8639195.712, 140
Trd, 8639196.146, 139
Trd, 8639196.879, 140
Trd, 8639196.912, 140
Trd, 8639197.979, 140
Trd, 8639198.579, 140
Trd, 8639199.212, 140
Trd, 8639199.446, 140
Trd, 8639199.846, 140
Trd, 8639200.279, 140
Trd, 8639200.579, 137
Trd, 8639201.079, 137
Trd, 8639201.379, 136
Trd, 8639202.546, 137
Trd, 8639203.079, 139
Trd, 8639203.112, 138
Trd, 8639203.479, 139
Trd, 8639203.612, 136
Trd, 8639204.446, 118
Trd, 8639205.112, 140
Trd, 8639205.546, 125
Trd, 8639206.412, 133
Trd, 8639206.579, 132
Trd, 8639207.112, 134
Trd, 8639207.179, 131
Trd, 8639207.679, 132
Trd, 8639208.446, 136
Trd, 8639208.546, 131
Trd, 8639208.646, 121
Trd, 8639209.012, 108
Trd, 8639211.046, 132
Trd, 8639211.412, 133
Trd, 8639211.479, 116
Trd, 8639211.946, 112
Trd, 8639212.179, 113
Trd, 8639212.579, 125
Trd, 8639213.446, 110
Trd, 8639213.646, 125
Trd, 8639214.412, 140
Trd, 8639214.679, 140
Trd, 8639215.646, 140
Trd, 8639215.912, 140
Trd, 8639217.112, 140
Trd, 8639217.512, 134
Trd, 8639217.846, 137
Trd, 8639219.579, 140
Trd, 8639219.912, 140
Trd, 8639220.079, 140
Trd, 8639220.146, 137
Trd, 8639220.212, 138
Trd, 8639220.546, 130
Trd, 8639220.946, 137
Trd, 8639221.912, 135
Trd, 8639222.246, 132
Trd, 8639223.246, 135
Trd, 8639223.712, 134
Trd, 8639224.312, 140
Trd, 8639224.379, 140
Trd, 8639224.579, 140
Trd, 8639225.312, 140
Trd, 8639225.446, 137
Trd, 8639226.612, 140
Trd, 8639227.312, 140
Trd, 8639227.646, 140
Trd, 8639227.879, 140
Trd, 8639228.479, 140
Trd, 8639230.012, 140
Trd, 8639230.779, 140
Trd, 8639231.346, 140
Trd, 8639231.879, 140
Trd, 8639232.012, 139
Trd, 8639232.279, 126
Trd, 8639232.512, 122
Trd, 8639232.912, 116
Trd, 8639233.079, 115
Trd, 8639233.746, 115
Trd, 8639233.879, 123
Trd, 8639235.679, 140
Trd, 8639235.979, 140
Trd, 8639236.212, 140
Trd, 8639236.279, 140
Trd, 8639236.612, 140
Trd, 8639236.679, 139
Trd, 8639237.479, 140
Trd, 8639237.846, 140
Trd, 8639237.879, 138
Trd, 8639238.079, 127
Trd, 8639238.346, 119
Trd, 8639238.779, 120
Trd, 8639238.979, 115
Trd, 8639240.346, 140
Trd, 8639241.279, 140
Trd, 8639242.279, 140
Trd, 8639242.379, 140
Trd, 8639244.012, 140
Trd, 8639244.579, 140
Trd, 8639244.646, 140
Trd, 8639244.679, 140
Trd, 8639244.912, 140
Trd, 8639245.012, 140
Trd, 8639245.046, 140
Trd, 8639245.079, 122
Trd, 8639245.612, 121
Trd, 8639246.746, 139
Trd, 8639246.979, 132
Trd, 8639247.646, 130
Trd, 8639248.312, 130
Trd, 8639249.012, 140
Trd, 8639250.246, 140
Trd, 8639251.012, 140
Trd, 8639251.146, 140
Trd, 8639251.379, 140
Trd, 8639251.646, 139
Trd, 8639251.812, 129
Trd, 8639252.512, 130
Trd, 8639253.946, 134
Trd, 8639254.046, 133
Trd, 8639254.312, 138
Trd, 8639254.679, 132
Trd, 8639255.746, 140
Trd, 8639255.779, 140
Trd, 8639255.812, 134
Trd, 8639256.246, 127
Trd, 8639256.446, 116
Trd, 8639258.012, 136
Trd, 8639258.512, 138
Trd, 8639258.946, 139
Trd, 8639259.912, 140
Trd, 8639260.579, 140
Trd, 8639260.979, 140
Trd, 8639261.212, 140
Trd, 8639261.279, 119
Trd, 8639261.746, 96
Trd, 8639262.079, 95
Trd, 8639262.879, 140
Trd, 8639263.112, 120
Trd, 8639263.712, 97
Trd, 8639263.912, 75
Trd, 8639264.046, 97
Trd, 8639264.312, 74
Trd, 8639264.712, 98
Trd, 8639264.746, 122
Trd, 8639264.879, 80
Trd, 8639265.546, 74
Trd, 8639265.679, 134
Trd, 8639266.879, 136
Trd, 8639267.246, 125
Trd, 8639267.279, 115
Trd, 8639267.779, 114
Trd, 8639268.612, 140
Trd, 8639268.646, 140
Trd, 8639268.846, 140
Trd, 8639269.879, 128
Trd, 8639270.012, 136
Trd, 8639270.046, 137
Trd, 8639270.379, 125
Trd, 8639270.579, 118
Trd, 8639270.946, 115
Trd, 8639272.646, 140
Trd, 8639273.146, 140
Trd, 8639273.679, 140
Trd, 8639273.912, 140
Trd, 8639274.079, 140
Trd, 8639274.179, 140
Trd, 8639274.912, 140
Trd, 8639275.079, 139
Trd, 8639277.012, 139
Trd, 8639278.046, 139
Trd, 8639278.579, 140
Trd, 8639278.646, 139
Trd, 8639279.079, 138
Trd, 8639279.812, 140
Trd, 8639280.146, 140
Trd, 8639280.179, 140
Trd, 8639280.312, 138
Trd, 8639280.646, 127
Trd, 8639281.246, 140
Trd, 8639281.279, 128
Trd, 8639281.346, 128
Trd, 8639282.712, 123
Trd, 8639282.979, 127
Trd, 8639283.379, 124
Trd, 8639283.846, 139
Trd, 8639284.112, 124
Trd, 8639284.246, 123
Trd, 8639284.512, 122
Trd, 8639285.346, 60
Trd, 8639285.412, 61
Trd, 8639286.012, 133
Trd, 8639286.479, 140
Trd, 8639286.812, 140
Trd, 8639287.246, 140
Trd, 8639288.046, 131
Trd, 8639288.612, 135
Trd, 8639288.746, 85
Trd, 8639288.812, 97
Trd, 8639289.179, 140
Trd, 8639289.512, 140
Trd, 8639290.046, 140
Trd, 8639290.612, 140
Trd, 8639292.046, 140
Trd, 8639292.379, 140
Trd, 8639292.946, 140
Trd, 8639293.646, 140
Trd, 8639293.912, 140
Trd, 8639294.212, 140
Trd, 8639294.712, 140
Trd, 8639295.412, 140
Trd, 8639295.546, 139
Trd, 8639297.212, 140
Trd, 8639297.512, 140
Trd, 8639298.079, 137
Trd, 8639298.312, 131
Trd, 8639299.179, 140
Trd, 8639299.879, 140
Trd, 8639300.012, 120
Trd, 8639300.046, 119
Trd, 8639300.179, 114
Trd, 8639301.079, 140
Trd, 8639302.212, 140
Trd, 8639302.312, 140
Trd, 8639302.446, 140
Trd, 8639303.079, 140
Trd, 8639303.246, 116
Trd, 8639303.546, 96
Trd, 8639304.179, 119
Trd, 8639304.312, 106
Trd, 8639304.412, 95
Trd, 8639304.679, 136
Trd, 8639305.046, 82
Trd, 8639305.179, 123
Trd, 8639306.379, 140
Trd, 8639306.512, 140
Trd, 8639307.412, 140
Trd, 8639307.646, 140
Trd, 8639308.512, 140
Trd, 8639308.546, 140
Trd, 8639308.779, 139
Trd, 8639310.046, 120
Trd, 8639311.312, 115
Trd, 8639311.746, 109
Trd, 8639311.779, 108
Trd, 8639311.946, 136
Trd, 8639312.312, 116
Trd, 8639312.412, 100
Trd, 8639312.646, 133
Trd, 8639313.812, 91
Trd, 8639313.979, 115
Trd, 8639314.379, 100
Trd, 8639314.679, 91
Trd, 8639315.379, 96
Trd, 8639316.546, 93
Trd, 8639316.579, 106
Trd, 8639316.912, 108
Trd, 8639316.979, 127
Trd, 8639317.112, 91
Trd, 8639317.679, 108
Trd, 8639317.746, 105
Trd, 8639317.812, 96
Trd, 8639317.912, 77
Trd, 8639319.046, 116
Trd, 8639320.412, 60
Trd, 8639320.912, 60
Trd, 8639320.946, 70
Trd, 8639321.679, 60
Trd, 8639322.346, 61
Trd, 8639322.779, 70
Trd, 8639323.412, 73
Trd, 8639324.079, 66
Trd, 8639324.279, 74
Trd, 8639324.746, 70
Trd, 8639324.979, 70
Trd, 8639325.512, 94
Trd, 8639325.746, 116
Trd, 8639326.346, 118
Trd, 8639326.379, 76
Trd, 8639326.512, 75
Trd, 8639327.246, 75
Trd, 8639327.479, 84
Trd, 8639327.779, 78
Trd, 8639328.279, 109
Trd, 8639329.012, 84
Trd, 8639331.446, 140
Trd, 8639331.512, 140
Trd, 8639332.412, 140
Trd, 8639332.646, 140
Trd, 8639333.779, 140
Trd, 8639334.079, 140
Trd, 8639334.712, 139
Trd, 8639335.079, 140
Trd, 8639335.746, 139
Trd, 8639336.512, 140
Trd, 8639336.812, 140
Trd, 8639337.012, 140
Trd, 8639337.646, 140
Trd, 8639338.146, 137
Trd, 8639338.212, 139
Trd, 8639338.812, 128
Trd, 8639338.946, 139
Trd, 8639339.512, 121
Trd, 8639340.312, 121
Trd, 8639340.546, 139
Trd, 8639340.746, 131
Trd, 8639341.512, 136
Trd, 8639341.546, 128
Trd, 8639341.646, 125
Trd, 8639342.779, 126
Trd, 8639343.212, 114
Trd, 8639343.612, 116
Trd, 8639344.046, 129
Trd, 8639344.712, 140
Trd, 8639345.546, 140
Trd, 8639345.679, 140
Trd, 8639345.979, 140
Trd, 8639346.446, 140
Trd, 8639347.179, 140
Trd, 8639348.512, 140
Trd, 8639348.979, 140
Trd, 8639349.146, 140
Trd, 8639349.679, 140
Trd, 8639350.046, 140
Trd, 8639350.312, 140
Trd, 8639350.412, 128
Trd, 8639350.579, 125
Trd, 8639350.812, 138
Trd, 8639351.146, 139
Trd, 8639352.279, 107
Trd, 8639352.846, 126
Trd, 8639353.412, 140
Trd, 8639353.746, 140
Trd, 8639353.879, 140
Trd, 8639354.579, 129
Trd, 8639355.079, 140
Trd, 8639355.612, 140
Trd, 8639358.012, 140
Trd, 8639358.479, 140
Trd, 8639358.679, 140
Trd, 8639360.279, 140
Trd, 8639360.379, 140
Trd, 8639360.446, 140
Trd, 8639361.079, 140
Trd, 8639361.546, 140
Trd, 8639361.646, 139
Trd, 8639361.712, 128
Trd, 8639361.779, 120
Trd, 8639363.246, 134
Trd, 8639364.279, 136
Trd, 8639364.746, 138
Trd, 8639364.912, 136
Trd, 8639366.746, 139
Trd, 8639366.912, 140
Trd, 8639367.246, 140
Trd, 8639367.312, 139
Trd, 8639368.879, 139
Trd, 8639369.179, 140
Trd, 8639369.446, 136
Trd, 8639369.812, 140
Trd, 8639370.246, 140
Trd, 8639371.379, 140
Trd, 8639371.546, 138
Trd, 8639372.379, 140
Trd, 8639372.512, 140
Trd, 8639372.946, 139
Trd, 8639373.446, 139
Trd, 8639374.446, 137
Trd, 8639375.312, 139
Trd, 8639375.712, 138
Trd, 8639376.479, 137
Trd, 8639377.146, 124
Trd, 8639377.179, 116
Trd, 8639377.412, 135
Trd, 8639378.679, 109
Trd, 8639378.979, 79
Trd, 8639379.612, 107
Trd, 8639379.912, 85
Trd, 8639380.112, 81
Trd, 8639380.212, 109
Trd, 8639380.812, 123
Trd, 8639381.312, 107
Trd, 8639381.379, 107
Trd, 8639381.546, 106
Trd, 8639381.779, 99
Trd, 8639383.246, 140
Trd, 8639383.879, 140
Trd, 8639383.979, 140
Trd, 8639384.179, 139
Trd, 8639385.646, 139
Trd, 8639385.746, 136
Trd, 8639386.179, 137
Trd, 8639386.412, 139
Trd, 8639386.479, 138
Trd, 8639386.546, 140
Trd, 8639387.012, 140
Trd, 8639387.612, 140
Trd, 8639389.479, 140
Trd, 8639390.079, 140
Trd, 8639391.179, 140
Trd, 8639391.379, 140
Trd, 8639391.446, 140
Trd, 8639392.812, 140
Trd, 8639392.879, 140
Trd, 8639393.146, 140
Trd, 8639393.479, 140
Trd, 8639394.112, 140
Trd, 8639395.079, 140
Trd, 8639395.579, 140
Trd, 8639395.779, 140
Trd, 8639396.012, 140
Trd, 8639396.179, 140
Trd, 8639396.412, 140
Trd, 8639396.779, 136
Trd, 8639397.646, 136
Trd, 8639397.846, 136
Trd, 8639399.812, 140
Trd, 8639399.846, 140
Trd, 8639400.079, 140
Trd, 8639400.412, 140
Trd, 8639400.946, 130
Trd, 8639401.012, 129
Trd, 8639401.612, 129
Trd, 8639401.846, 130
Trd, 8639402.012, 129
Trd, 8639402.212, 128
Trd, 8639402.679, 122
Trd, 8639403.212, 117
Trd, 8639403.912, 117
Trd, 8639404.312, 140
Trd, 8639404.846, 140
Trd, 8639405.479, 129
Trd, 8639405.779, 118
Trd, 8639406.412, 118
Trd, 8639407.046, 130
Trd, 8639407.479, 99
Trd, 8639408.079, 111
Trd, 8639408.212, 131
Trd, 8639408.312, 100
Trd, 8639408.746, 130
Trd, 8639409.779, 116
Trd, 8639410.012, 103
Trd, 8639410.312, 103
Trd, 8639410.946, 140
Trd, 8639411.179, 139
Trd, 8639411.946, 132
Trd, 8639412.012, 121
Trd, 8639412.146, 119
Trd, 8639412.479, 139
Trd, 8639412.712, 128
Trd, 8639413.212, 140
Trd, 8639414.446, 140
Trd, 8639416.179, 140
Trd, 8639416.379, 140
Trd, 8639416.579, 140
Trd, 8639417.146, 140
Trd, 8639417.312, 140
Trd, 8639417.546, 140
Trd, 8639418.212, 140
Trd, 8639418.846, 140
Trd, 8639419.079, 140
Trd, 8639419.512, 140
Trd, 8639419.746, 140
Trd, 8639420.046, 139
Trd, 8639421.246, 140
Trd, 8639422.712, 140
Trd, 8639422.946, 140
Trd, 8639423.279, 140
Trd, 8639423.446, 140
Trd, 8639424.146, 133
Trd, 8639424.446, 132
Trd, 8639424.812, 129
Trd, 8639425.346, 137
Trd, 8639426.379, 119
Trd, 8639426.446, 129
Trd, 8639426.479, 138
Trd, 8639426.579, 117
Trd, 8639426.779, 109
Trd, 8639426.946, 139
Trd, 8639427.746, 136
Trd, 8639428.179, 134
Trd, 8639428.612, 79
Trd, 8639429.379, 69
Trd, 8639430.012, 134
Trd, 8639430.112, 138
Trd, 8639430.712, 140
Trd, 8639431.346, 140
Trd, 8639432.612, 140
Trd, 8639433.312, 140
Trd, 8639433.379, 140
Trd, 8639433.579, 139
Trd, 8639433.879, 139
Trd, 8639434.912, 129
Trd, 8639435.546, 140
Trd, 8639435.579, 139
Trd, 8639435.679, 122
Trd, 8639436.579, 137
Trd, 8639436.946, 139
Trd, 8639437.412, 139
Trd, 8639437.446, 138
Trd, 8639437.779, 139
Trd, 8639437.812, 135
Trd, 8639438.012, 111
Trd, 8639439.212, 140
Trd, 8639439.346, 140
Trd, 8639439.479, 140
Trd, 8639439.879, 140
Trd, 8639440.012, 137
Trd, 8639441.579, 119
Trd, 8639442.179, 120
Trd, 8639442.446, 118
Trd, 8639443.246, 140
Trd, 8639443.846, 127
Trd, 8639444.012, 137
Trd, 8639445.279, 126
Trd, 8639445.346, 137
Trd, 8639446.012, 112
Trd, 8639446.612, 115
Trd, 8639446.779, 112
Trd, 8639446.979, 131
Trd, 8639447.279, 117
Trd, 8639447.446, 113
Trd, 8639447.846, 121
Trd, 8639448.546, 116
Trd, 8639448.779, 121
Trd, 8639449.546, 115
Trd, 8639449.579, 121
Trd, 8639449.712, 114
Trd, 8639451.046, 139
Trd, 8639451.812, 140
Trd, 8639452.479, 140
Trd, 8639452.579, 140
Trd, 8639453.012, 138
Trd, 8639453.112, 137
Trd, 8639454.579, 140
Trd, 8639454.846, 140
Trd, 8639455.346, 140
Trd, 8639455.579, 140
Trd, 8639456.146, 140
Trd, 8639457.379, 140
Trd, 8639457.446, 140
Trd, 8639458.079, 140
Trd, 8639458.979, 140
Trd, 8639459.412, 140
Trd, 8639459.946, 140
Trd, 8639460.312, 139
Trd, 8639460.979, 140
Trd, 8639461.146, 140
Trd, 8639461.379, 132
Trd, 8639461.646, 131
Trd, 8639463.079, 105
Trd, 8639463.179, 108
Trd, 8639463.212, 121
Trd, 8639463.412, 104
Trd, 8639463.612, 104
Trd, 8639463.979, 135
Trd, 8639464.379, 109
Trd, 8639465.046, 94
Trd, 8639466.412, 130
Trd, 8639466.779, 139
Trd, 8639466.912, 137
Trd, 8639468.446, 134
Trd, 8639468.746, 134
Trd, 8639469.179, 134
Trd, 8639469.246, 133
Trd, 8639469.946, 140
Trd, 8639470.479, 140
Trd, 8639470.646, 140
Trd, 8639471.579, 140
Trd, 8639471.979, 140
Trd, 8639472.512, 140
Trd, 8639472.546, 114
Trd, 8639473.746, 128
Trd, 8639473.946, 140
Trd, 8639474.346, 73
Trd, 8639474.979, 78
Trd, 8639475.379, 140
Trd, 8639475.846, 140
Trd, 8639475.912, 140
Trd, 8639477.346, 140
Trd, 8639477.912, 140
Trd, 8639478.546, 140
Trd, 8639478.612, 140
Trd, 8639480.412, 140
Trd, 8639480.446, 140
Trd, 8639480.646, 140
Trd, 8639481.446, 131
Trd, 8639481.512, 119
Trd, 8639481.646, 133
Trd, 8639482.012, 134
Trd, 8639482.246, 134
Trd, 8639482.379, 133
Trd, 8639482.712, 136
Trd, 8639484.446, 122
Trd, 8639485.079, 125
Trd, 8639485.546, 127
Trd, 8639485.612, 126
Trd, 8639485.679, 125
Trd, 8639486.312, 128
Trd, 8639486.612, 122
Trd, 8639487.346, 139
Trd, 8639488.179, 121
Trd, 8639488.812, 138
Trd, 8639489.012, 137
Trd, 8639489.712, 140
Trd, 8639490.679, 140
Trd, 8639491.412, 140
Trd, 8639491.979, 140
Trd, 8639492.112, 140
Trd, 8639492.146, 135
Trd, 8639492.912, 127
Trd, 8639493.179, 126
Trd, 8639493.746, 140
Trd, 8639494.146, 139
Trd, 8639494.879, 132
Trd, 8639494.979, 131
Trd, 8639495.312, 130
Trd, 8639496.012, 126
Trd, 8639496.246, 125
Trd, 8639496.846, 125
Trd, 8639496.879, 126
Trd, 8639498.079, 140
Trd, 8639498.946, 140
Trd, 8639499.446, 140
Trd, 8639501.146, 140
Trd, 8639501.312, 140
Trd, 8639501.746, 140
Trd, 8639502.146, 140
Trd, 8639502.312, 140
Trd, 8639502.512, 140
Trd, 8639503.379, 140
Trd, 8639503.546, 140
Trd, 8639503.879, 140
Trd, 8639504.212, 139
Trd, 8639504.412, 140
Trd, 8639504.679, 123
Trd, 8639504.812, 112
Trd, 8639504.979, 62
Trd, 8639505.379, 98
Trd, 8639506.079, 140
Trd, 8639506.312, 114
Trd, 8639508.846, 139
Trd, 8639509.512, 138
Trd, 8639511.612, 140
Trd, 8639511.879, 140
Trd, 8639511.946, 140
Trd, 8639511.979, 140
Trd, 8639512.346, 140
Trd, 8639512.579, 140
Trd, 8639513.112, 140
Trd, 8639513.279, 140
Trd, 8639513.412, 140
Trd, 8639514.012, 140
Trd, 8639515.146, 140
Trd, 8639515.212, 140
Trd, 8639515.412, 140
Trd, 8639516.246, 140
Trd, 8639516.446, 139
Trd, 8639516.479, 118
Trd, 8639518.046, 140
Trd, 8639518.212, 140
Trd, 8639518.846, 140
Trd, 8639519.146, 140
Trd, 8639520.379, 140
Trd, 8639520.579, 140
Trd, 8639521.479, 140
Trd, 8639522.046, 140
Trd, 8639522.146, 139
Trd, 8639522.346, 122
Trd, 8639522.479, 66
Trd, 8639522.879, 72
Trd, 8639523.812, 140
Trd, 8639524.146, 127
Trd, 8639524.746, 116
Trd, 8639526.079, 139
Trd, 8639527.046, 140
Trd, 8639527.279, 140
Trd, 8639528.712, 140
Trd, 8639529.312, 140
Trd, 8639529.646, 140
Trd, 8639530.712, 140
Trd, 8639531.246, 140
Trd, 8639531.646, 138
Trd, 8639532.212, 140
Trd, 8639532.479, 140
Trd, 8639532.546, 140
Trd, 8639532.912, 138
Trd, 8639532.979, 140
Trd, 8639534.112, 140
Trd, 8639534.246, 139
Trd, 8639534.879, 140
Trd, 8639535.146, 140
Trd, 8639535.679, 140
Trd, 8639537.779, 140
Trd, 8639538.479, 140
Trd, 8639538.646, 140
Trd, 8639538.979, 140
Trd, 8639539.146, 127
Trd, 8639540.046, 140
Trd, 8639541.846, 140
Trd, 8639542.246, 140
Trd, 8639543.146, 140
Trd, 8639543.679, 140
Trd, 8639543.879, 140
Trd, 8639544.246, 140
Trd, 8639544.612, 140
Trd, 8639544.879, 138
Trd, 8639547.512, 140
Trd, 8639547.779, 140
Trd, 8639548.112, 140
Trd, 8639548.179, 140
Trd, 8639548.412, 140
Trd, 8639548.846, 140
Trd, 8639548.979, 140
Trd, 8639549.779, 139
Trd, 8639550.479, 136
Trd, 8639551.079, 135
Trd, 8639551.679, 135
Trd, 8639551.712, 134
Trd, 8639552.646, 140
Trd, 8639552.979, 138
Trd, 8639553.746, 135
Trd, 8639554.279, 135
Trd, 8639555.379, 140
Trd, 8639555.412, 140
Trd, 8639555.612, 139
Trd, 8639555.779, 137
Trd, 8639556.012, 134
Trd, 8639557.846, 133
Trd, 8639557.946, 132
Trd, 8639558.046, 131
Trd, 8639558.612, 140
Trd, 8639558.879, 123
Trd, 8639559.012, 140
Trd, 8639559.146, 133
Trd, 8639559.379, 113
Trd, 8639559.712, 112
Trd, 8639560.546, 118
Trd, 8639561.279, 106
Trd, 8639561.679, 116
Trd, 8639561.879, 104
Trd, 8639562.446, 117
Trd, 8639563.479, 140
Trd, 8639563.879, 140
Trd, 8639565.146, 140
Trd, 8639565.546, 140
Trd, 8639565.679, 140
Trd, 8639565.779, 140
Trd, 8639566.079, 140
Trd, 8639566.646, 140
Trd, 8639566.712, 139
Trd, 8639566.846, 136
Trd, 8639567.379, 127
Trd, 8639567.746, 116
Trd, 8639568.312, 117
Trd, 8639568.446, 116
Trd, 8639568.512, 66
Trd, 8639569.812, 61
Trd, 8639569.979, 62
Trd, 8639570.746, 60
Trd, 8639570.912, 61
Trd, 8639571.479, 63
Trd, 8639571.746, 71
Trd, 8639571.979, 79
Trd, 8639572.312, 117
Trd, 8639572.512, 118
Trd, 8639572.779, 71
Trd, 8639573.212, 84
Trd, 8639573.279, 70
Trd, 8639574.412, 120
Trd, 8639575.912, 132
Trd, 8639576.279, 111
Trd, 8639576.512, 130
Trd, 8639577.612, 126
Trd, 8639578.012, 128
Trd, 8639578.046, 116
Trd, 8639578.179, 115
Trd, 8639578.212, 130
Trd, 8639578.412, 113
Trd, 8639578.646, 112
Trd, 8639579.846, 85
Trd, 8639580.212, 81
Trd, 8639580.646, 137
Trd, 8639580.812, 118
Trd, 8639581.212, 81
Trd, 8639582.579, 122
Trd, 8639583.046, 121
Trd, 8639583.212, 96
Trd, 8639583.812, 139
Trd, 8639583.846, 138
Trd, 8639584.079, 139
Trd, 8639584.746, 81
Trd, 8639585.079, 140
Trd, 8639586.479, 139
Trd, 8639586.679, 132
Trd, 8639586.912, 132
Trd, 8639587.112, 131
Trd, 8639587.479, 137
Trd, 8639587.912, 127
Trd, 8639587.946, 126
Trd, 8639588.312, 140
Trd, 8639588.912, 122
Trd, 8639589.112, 111
Trd, 8639590.279, 110
Trd, 8639591.612, 133
Trd, 8639591.879, 113
Trd, 8639592.379, 121
Trd, 8639592.412, 120
Trd, 8639593.312, 124
Trd, 8639593.346, 129
Trd, 8639593.612, 129
Trd, 8639593.679, 114
Trd, 8639594.179, 132
Trd, 8639594.679, 138
Trd, 8639595.079, 113
Trd, 8639595.646, 107
Trd, 8639597.546, 140
Trd, 8639598.246, 140
Trd, 8639599.079, 140
Trd, 8639600.379, 140
Trd, 8639600.412, 140
Trd, 8639601.646, 140
Trd, 8639601.846, 140
Trd, 8639602.246, 140
Trd, 8639602.546, 140
Trd, 8639603.579, 140
Trd, 8639604.079, 140
Trd, 8639605.446, 140
Trd, 8639605.679, 140
Trd, 8639606.012, 140
Trd, 8639606.046, 139
Trd, 8639606.912, 127
Trd, 8639607.012, 120
Trd, 8639607.312, 140
Trd, 8639607.946, 140
Trd, 8639608.412, 140
Trd, 8639608.612, 140
Trd, 8639609.079, 140
Trd, 8639609.612, 118
Trd, 8639609.846, 135
Trd, 8639610.379, 113
Trd, 8639610.812, 138
Trd, 8639611.012, 93
Trd, 8639611.379, 140
Trd, 8639611.579, 127
Trd, 8639612.079, 113
Trd, 8639612.812, 139
Trd, 8639613.179, 140
Trd, 8639613.379, 139
Trd, 8639614.912, 140
Trd, 8639615.246, 140
Trd, 8639615.379, 138
Trd, 8639616.379, 140
Trd, 8639617.379, 139
Trd, 8639618.046, 140
Trd, 8639619.479, 140
Trd, 8639619.646, 140
Trd, 8639619.746, 140
Trd, 8639619.779, 140
Trd, 8639620.412, 140
Trd, 8639620.712, 139
Trd, 8639620.912, 138
Trd, 8639621.146, 137
Trd, 8639621.346, 135
Trd, 8639623.012, 140
Trd, 8639623.246, 140
Trd, 8639623.946, 140
Trd, 8639624.246, 137
Trd, 8639624.912, 139
Trd, 8639625.612, 133
Trd, 8639625.646, 138
Trd, 8639625.812, 132
Trd, 8639626.146, 126
Trd, 8639628.146, 129
Trd, 8639628.612, 129
Trd, 8639628.779, 127
Trd, 8639629.179, 127
Trd, 8639629.246, 127
Trd, 8639629.512, 140
Trd, 8639630.012, 140
Trd, 8639630.212, 139
Trd, 8639631.279, 139
Trd, 8639632.012, 129
Trd, 8639632.812, 125
Trd, 8639632.979, 137
Trd, 8639633.179, 118
Trd, 8639633.379, 104
Trd, 8639633.646, 102
Trd, 8639634.279, 118
Trd, 8639634.512, 139
Trd, 8639635.412, 118
Trd, 8639635.746, 103
Trd, 8639636.646, 121
Trd, 8639637.212, 120
Trd, 8639638.512, 120
Trd, 8639638.779, 120
Trd, 8639639.112, 140
Trd, 8639639.679, 140
Trd, 8639640.379, 140
Trd, 8639640.846, 140
Trd, 8639642.212, 140
Trd, 8639642.246, 140
Trd, 8639642.279, 140
Trd, 8639642.579, 137
Trd, 8639643.112, 140
Trd, 8639643.746, 140
Trd, 8639644.479, 121
Trd, 8639644.846, 119
Trd, 8639645.012, 112
Trd, 8639645.579, 75
Trd, 8639645.812, 126
Trd, 8639646.646, 127
Trd, 8639647.479, 103
Trd, 8639648.179, 98
Trd, 8639649.346, 138
Trd, 8639650.479, 140
Trd, 8639650.646, 140
Trd, 8639651.379, 140
Trd, 8639651.712, 140
Trd, 8639652.012, 140
Trd, 8639652.046, 140
Trd, 8639652.746, 140
Trd, 8639653.012, 140
Trd, 8639653.312, 140
Trd, 8639653.912, 140
Trd, 8639654.346, 140
Trd, 8639654.612, 139
Trd, 8639655.646, 133
Trd, 8639655.746, 138
Trd, 8639655.946, 122
Trd, 8639656.379, 118
Trd, 8639656.612, 113
Trd, 8639656.912, 94
Trd, 8639657.712, 132
Trd, 8639658.112, 135
Trd, 8639658.412, 140
Trd, 8639659.446, 140
Trd, 8639659.512, 140
Trd, 8639660.412, 140
Trd, 8639661.012, 140
Trd, 8639661.079, 140
Trd, 8639661.179, 140
Trd, 8639661.246, 140
Trd, 8639662.312, 139
Trd, 8639662.379, 140
Trd, 8639662.646, 138
Trd, 8639662.912, 125
Trd, 8639663.646, 108
Trd, 8639664.479, 140
Trd, 8639664.646, 139
Trd, 8639664.712, 103
Trd, 8639665.879, 134
Trd, 8639666.679, 140
Trd, 8639667.246, 140
Trd, 8639667.679, 139
Trd, 8639667.812, 136
Trd, 8639667.946, 128
Trd, 8639668.312, 127
Trd, 8639668.546, 117
Trd, 8639670.379, 140
Trd, 8639670.612, 140
Trd, 8639672.179, 140
Trd, 8639672.646, 140
Trd, 8639673.379, 140
Trd, 8639673.746, 140
Trd, 8639673.812, 140
Trd, 8639674.179, 140
Trd, 8639674.812, 140
Trd, 8639674.912, 140
Trd, 8639675.612, 140
Trd, 8639676.212, 140
Trd, 8639676.346, 140
Trd, 8639676.846, 140
Trd, 8639677.246, 140
Trd, 8639678.479, 140
Trd, 8639678.512, 139
Trd, 8639678.912, 137
Trd, 8639679.046, 138
Trd, 8639679.412, 138
Trd, 8639680.046, 139
Trd, 8639681.179, 139
Trd, 8639681.346, 138
Trd, 8639681.779, 136
Trd, 8639682.179, 121
Trd, 8639682.312, 137
Trd, 8639683.179, 129
Trd, 8639683.346, 121
Trd, 8639684.312, 140
Trd, 8639684.379, 140
Trd, 8639685.346, 137
Trd, 8639687.312, 134
Trd, 8639687.579, 134
Trd, 8639688.779, 139
Trd, 8639688.912, 139
Trd, 8639689.346, 133
Trd, 8639689.512, 131
Trd, 8639690.546, 139
Trd, 8639690.812, 132
Trd, 8639692.379, 135
Trd, 8639693.579, 140
Trd, 8639693.712, 140
Trd, 8639694.046, 140
Trd, 8639694.479, 140
Trd, 8639694.679, 140
Trd, 8639695.246, 140
Trd, 8639695.579, 140
Trd, 8639695.646, 140
Trd, 8639695.679, 127
Trd, 8639696.779, 130
Trd, 8639697.079, 139
Trd, 8639697.179, 109
Trd, 8639697.679, 125
Trd, 8639697.912, 115
Trd, 8639699.512, 140
Trd, 8639700.712, 140
Trd, 8639701.412, 140
Trd, 8639703.446, 140
Trd, 8639704.279, 140
Trd, 8639704.779, 140
Trd, 8639704.979, 139
Trd, 8639705.646, 140
Trd, 8639705.979, 138
Trd, 8639707.112, 140
Trd, 8639707.146, 140
Trd, 8639707.979, 140
Trd, 8639708.146, 140
Trd, 8639709.112, 140
Trd, 8639709.579, 140
Trd, 8639710.012, 140
Trd, 8639710.212, 127
Trd, 8639711.046, 134
Trd, 8639711.379, 131
Trd, 8639713.179, 140
Trd, 8639713.512, 140
Trd, 8639713.812, 140
Trd, 8639713.879, 140
Trd, 8639714.246, 140
Trd, 8639714.846, 140
Trd, 8639715.679, 140
Trd, 8639716.246, 140
Trd, 8639717.279, 139
Trd, 8639718.246, 140
Trd, 8639718.279, 140
Trd, 8639718.312, 139
Trd, 8639718.946, 140
Trd, 8639719.112, 140
Trd, 8639719.246, 138
Trd, 8639719.279, 128
Trd, 8639719.312, 126
Trd, 8639720.446, 71
Trd, 8639721.379, 123
Trd, 8639721.479, 129
Trd, 8639722.479, 124
Trd, 8639723.879, 126
Trd, 8639723.946, 126
Trd, 8639724.146, 125
Trd, 8639724.212, 117
Trd, 8639724.779, 140
Trd, 8639726.812, 140
Trd, 8639727.512, 140
Trd, 8639727.779, 140
Trd, 8639727.946, 140
Trd, 8639728.579, 140
Trd, 8639728.912, 137
Trd, 8639728.979, 127
Trd, 8639729.246, 138
Trd, 8639729.412, 118
Trd, 8639729.812, 112
Trd, 8639730.479, 140
Trd, 8639731.346, 140
Trd, 8639731.612, 140
Trd, 8639731.879, 140
Trd, 8639733.079, 140
Trd, 8639733.246, 140
Trd, 8639734.079, 127
Trd, 8639734.312, 98
Trd, 8639734.412, 90
Trd, 8639735.879, 140
Trd, 8639736.812, 140
Trd, 8639737.612, 140
Trd, 8639738.012, 140
Trd, 8639738.212, 140
Trd, 8639739.846, 140
Trd, 8639739.979, 140
Trd, 8639740.479, 140
Trd, 8639740.812, 140
Trd, 8639740.979, 138
Trd, 8639741.979, 139
Trd, 8639742.546, 128
Trd, 8639743.046, 114
Trd, 8639743.612, 137
Trd, 8639743.679, 113
Trd, 8639744.346, 113
Trd, 8639744.412, 136
Trd, 8639744.646, 123
Trd, 8639745.579, 107
Trd, 8639745.746, 133
Trd, 8639746.412, 108
Trd, 8639746.479, 107
Trd, 8639746.579, 106
Trd, 8639746.779, 104
Trd, 8639748.679, 110
Trd, 8639749.746, 124
Trd, 8639749.979, 113
Trd, 8639750.779, 140
Trd, 8639751.046, 127
Trd, 8639751.712, 140
Trd, 8639752.912, 140
Trd, 8639753.446, 140
Trd, 8639754.012, 140
Trd, 8639754.179, 140
Trd, 8639755.012, 140
Trd, 8639755.346, 140
Trd, 8639755.846, 139
Trd, 8639756.412, 133
Trd, 8639756.846, 140
Trd, 8639756.946, 140
Trd, 8639757.879, 136
Trd, 8639758.412, 129
Trd, 8639758.579, 137
Trd, 8639759.846, 138
Trd, 8639760.112, 134
Trd, 8639761.046, 140
Trd, 8639761.412, 140
Trd, 8639762.279, 140
Trd, 8639762.579, 140
Trd, 8639762.912, 140
Trd, 8639763.946, 140
Trd, 8639764.546, 139
Trd, 8639764.779, 139
Trd, 8639765.712, 132
Trd, 8639766.212, 140
Trd, 8639766.512, 140
Trd, 8639766.712, 140
Trd, 8639767.546, 140
Trd, 8639768.479, 136
Trd, 8639768.612, 135
Trd, 8639769.179, 139
Trd, 8639769.279, 138
Trd, 8639769.879, 127
Trd, 8639770.279, 114
Trd, 8639770.646, 124
Trd, 8639771.612, 140
Trd, 8639772.546, 133
Trd, 8639772.912, 133
Trd, 8639772.946, 132
Trd, 8639773.012, 135
Trd, 8639773.179, 133
Trd, 8639774.079, 139
Trd, 8639774.579, 135
Trd, 8639774.912, 124
Trd, 8639775.079, 119
Trd, 8639775.646, 116
Trd, 8639776.079, 115
Trd, 8639776.212, 132
Trd, 8639777.179, 133
Trd, 8639777.279, 109
Trd, 8639777.812, 61
Trd, 8639778.846, 139
Trd, 8639778.979, 138
Trd, 8639779.279, 140
Trd, 8639780.146, 134
Trd, 8639780.879, 140
Trd, 8639780.979, 132
Trd, 8639781.512, 140
Trd, 8639782.446, 140
Trd, 8639783.779, 140
Trd, 8639785.212, 140
Trd, 8639785.546, 140
Trd, 8639786.179, 140
Trd, 8639786.612, 140
Trd, 8639787.146, 140
Trd, 8639787.879, 140
Trd, 8639788.212, 140
Trd, 8639788.979, 138
Trd, 8639789.012, 133
Trd, 8639789.846, 135
Trd, 8639790.312, 140
Trd, 8639790.879, 140
Trd, 8639791.112, 140
Trd, 8639791.846, 139
Trd, 8639791.946, 127
Trd, 8639792.112, 120
Trd, 8639793.012, 106
Trd, 8639793.546, 139
Trd, 8639794.179, 140
Trd, 8639794.879, 140
Trd, 8639795.079, 140
Trd, 8639795.112, 140
Trd, 8639795.146, 140
Trd, 8639796.412, 133
Trd, 8639796.612, 134
Trd, 8639797.646, 132
Trd, 8639797.712, 131
Trd, 8639797.779, 126
Trd, 8639797.846, 125
Trd, 8639798.012, 125
Trd, 8639798.479, 124
Trd, 8639798.812, 121
Trd, 8639798.912, 102
Trd, 8639799.079, 102
Trd, 8639799.312, 101
Trd, 8639799.712, 126
Trd, 8639800.212, 93
Trd, 8639802.079, 140
Trd, 8639802.279, 140
Trd, 8639802.779, 140
Trd, 8639803.612, 138
Trd, 8639804.479, 122
Trd, 8639804.612, 121
Trd, 8639804.779, 124
Trd, 8639804.879, 121
Trd, 8639805.179, 135
Trd, 8639806.446, 123
Trd, 8639806.779, 122
Trd, 8639807.012, 136
Trd, 8639807.412, 140
Trd, 8639808.246, 138
Trd, 8639809.112, 134
Trd, 8639809.146, 122
Trd, 8639809.879, 132
Trd, 8639810.712, 140
Trd, 8639811.112, 124
Trd, 8639811.412, 123
Trd, 8639812.446, 137
Trd, 8639812.812, 140
Trd, 8639812.979, 140
Trd, 8639814.179, 140
Trd, 8639815.046, 140
Trd, 8639815.479, 139
Trd, 8639815.646, 114
Trd, 8639815.679, 113
Trd, 8639816.179, 126
Trd, 8639817.112, 126
Trd, 8639817.779, 130
Trd, 8639818.246, 140
Trd, 8639818.746, 140
Trd, 8639818.912, 140
Trd, 8639819.046, 140
Trd, 8639819.146, 139
Trd, 8639819.946, 124
Trd, 8639820.546, 127
Trd, 8639821.412, 138
Trd, 8639821.746, 140
Trd, 8639822.346, 139
Trd, 8639822.446, 134
Trd, 8639823.679, 137
Trd, 8639823.779, 136
Trd, 8639823.946, 103
Trd, 8639825.379, 140
Trd, 8639825.779, 138
Trd, 8639826.146, 133
Trd, 8639827.012, 69
Trd, 8639827.546, 89
Trd, 8639827.846, 73
Trd, 8639828.612, 82
Trd, 8639829.012, 84
Trd, 8639829.279, 84
Trd, 8639829.946, 109
Trd, 8639830.012, 131
Trd, 8639830.246, 140
Trd, 8639830.779, 140
Trd, 8639831.179, 139
Trd, 8639832.512, 132
Trd, 8639833.512, 140
Trd, 8639833.579, 139
Trd, 8639833.646, 129
Trd, 8639834.746, 140
Trd, 8639835.246, 140
Trd, 8639835.846, 140
Trd, 8639836.246, 140
Trd, 8639836.612, 140
Trd, 8639836.846, 140
Trd, 8639837.779, 140
Trd, 8639838.379, 140
Trd, 8639838.679, 140
Trd, 8639838.712, 140
Trd, 8639840.079, 140
Trd, 8639840.646, 140
Trd, 8639840.812, 140
Trd, 8639841.879, 140
Trd, 8639842.879, 140
Trd, 8639842.912, 133
Trd, 8639842.946, 129
Trd, 8639843.512, 127
Trd, 8639843.779, 123
Trd, 8639844.346, 137
Trd, 8639844.446, 123
Trd, 8639844.479, 122
Trd, 8639845.279, 140
Trd, 8639846.046, 139
Trd, 8639846.346, 139
Trd, 8639847.779, 140
Trd, 8639847.812, 140
Trd, 8639848.412, 140
Trd, 8639848.812, 140
Trd, 8639849.546, 140
Trd, 8639849.612, 139
Trd, 8639849.746, 128
Trd, 8639849.946, 120
Trd, 8639850.846, 130
Trd, 8639851.479, 140
Trd, 8639852.379, 140
Trd, 8639852.546, 140
Trd, 8639852.746, 140
Trd, 8639852.846, 139
Trd, 8639853.279, 140
Trd, 8639854.146, 136
Trd, 8639854.746, 136
Trd, 8639855.179, 135
Trd, 8639855.312, 125
Trd, 8639856.679, 138
Trd, 8639857.512, 140
Trd, 8639859.012, 140
Trd, 8639859.046, 140
Trd, 8639859.579, 140
Trd, 8639859.979, 140
Trd, 8639860.112, 140
Trd, 8639861.546, 140
Trd, 8639862.446, 140
Trd, 8639862.546, 140
Trd, 8639862.679, 140
Trd, 8639863.212, 140
Trd, 8639863.446, 140
Trd, 8639863.612, 139
Trd, 8639864.246, 138
Trd, 8639864.479, 134
Trd, 8639864.946, 128
Trd, 8639864.979, 127
Trd, 8639865.179, 138
Trd, 8639865.446, 97
Trd, 8639865.612, 96
Trd, 8639866.612, 140
Trd, 8639866.846, 140
Trd, 8639867.246, 140
Trd, 8639867.312, 138
Trd, 8639869.979, 132
Trd, 8639870.012, 130
Trd, 8639870.246, 130
Trd, 8639871.446, 139
Trd, 8639871.512, 119
Trd, 8639871.779, 138
Trd, 8639872.012, 138
Trd, 8639872.646, 139
Trd, 8639872.779, 138
Trd, 8639873.146, 138
Trd, 8639873.579, 92
Trd, 8639874.212, 140
Trd, 8639874.646, 108
Trd, 8639876.312, 120
Trd, 8639876.612, 119
Trd, 8639877.479, 113
Trd, 8639877.812, 133
Trd, 8639877.879, 135
Trd, 8639877.912, 112
Trd, 8639877.946, 111
Trd, 8639878.146, 103
Trd, 8639878.412, 139
Trd, 8639880.012, 140
Trd, 8639880.479, 140
Trd, 8639880.546, 139
Trd, 8639880.646, 129
Trd, 8639881.612, 140
Trd, 8639882.112, 140
Trd, 8639882.179, 140
Trd, 8639882.946, 140
Trd, 8639883.579, 140
Trd, 8639883.912, 140
Trd, 8639885.379, 140
Trd, 8639885.912, 138
Trd, 8639886.146, 137
Trd, 8639886.179, 122
Trd, 8639886.379, 116
Trd, 8639887.479, 138
Trd, 8639887.812, 140
Trd, 8639887.979, 114
Trd, 8639888.179, 112
Trd, 8639888.846, 123
Trd, 8639888.979, 128
Trd, 8639889.279, 139
Trd, 8639890.079, 140
Trd, 8639890.546, 127
Trd, 8639890.712, 125
Trd, 8639890.846, 124
Trd, 8639891.012, 106
Trd, 8639891.712, 140
Trd, 8639891.779, 131
Trd, 8639892.312, 73
Trd, 8639894.112, 140
Trd, 8639894.746, 125
Trd, 8639895.479, 139
Trd, 8639895.879, 139
Trd, 8639895.912, 139
Trd, 8639896.412, 122
Trd, 8639896.446, 121
Trd, 8639897.246, 139
Trd, 8639897.412, 137
Trd, 8639897.712, 137
Trd, 8639897.812, 136
Trd, 8639897.946, 135
Trd, 8639898.012, 125
Trd, 8639899.246, 127
Trd, 8639899.346, 135
Trd, 8639900.512, 139
Trd, 8639900.812, 137
Trd, 8639902.012, 140
Trd, 8639902.546, 140
Trd, 8639903.046, 140
Trd, 8639903.079, 140
Trd, 8639903.379, 140
Trd, 8639903.579, 140
Trd, 8639903.946, 140
Trd, 8639904.446, 140
Trd, 8639905.312, 125
Trd, 8639905.346, 118
Trd, 8639905.812, 139
Trd, 8639906.779, 129
Trd, 8639907.146, 121
Trd, 8639907.946, 123
Trd, 8639908.079, 122
Trd, 8639908.946, 140
Trd, 8639910.212, 140
Trd, 8639910.479, 140
Trd, 8639910.812, 140
Trd, 8639910.879, 140
Trd, 8639911.846, 140
Trd, 8639911.879, 139
Trd, 8639912.712, 129
Trd, 8639912.879, 128
Trd, 8639912.946, 124
Trd, 8639913.146, 106
Trd, 8639914.679, 131
Trd, 8639914.946, 111
Trd, 8639915.079, 91
Trd, 8639915.179, 100
Trd, 8639915.979, 127
Trd, 8639916.212, 89
Trd, 8639916.579, 86
Trd, 8639916.879, 126
Trd, 8639917.612, 125
Trd, 8639918.979, 108
Trd, 8639919.346, 107
Trd, 8639919.946, 105
Trd, 8639920.346, 104
Trd, 8639920.946, 136
Trd, 8639921.112, 135
Trd, 8639921.246, 98
Trd, 8639922.879, 113
Trd, 8639924.412, 140
Trd, 8639924.579, 140
Trd, 8639924.779, 140
Trd, 8639924.946, 138
Trd, 8639924.979, 122
Trd, 8639925.179, 140
Trd, 8639926.312, 140
Trd, 8639926.946, 140
Trd, 8639927.212, 128
Trd, 8639927.712, 140
Trd, 8639927.812, 127
Trd, 8639929.379, 134
Trd, 8639930.046, 138
Trd, 8639930.846, 140
Trd, 8639931.979, 140
Trd, 8639932.512, 140
Trd, 8639932.579, 140
Trd, 8639932.712, 139
Trd, 8639934.346, 127
Trd, 8639935.279, 140
Trd, 8639935.312, 140
Trd, 8639935.712, 140
Trd, 8639936.112, 140
Trd, 8639936.512, 139
Trd, 8639937.746, 126
Trd, 8639937.946, 134
Trd, 8639938.179, 138
Trd, 8639938.212, 125
Trd, 8639938.779, 120
Trd, 8639939.146, 123
Trd, 8639939.246, 120
Trd, 8639939.312, 118
Trd, 8639940.012, 140
Trd, 8639940.079, 140
Trd, 8639940.712, 138
Trd, 8639941.512, 140
Trd, 8639941.779, 118
Trd, 8639942.379, 130
Trd, 8639942.846, 118
Trd, 8639943.446, 129
Trd, 8639943.679, 128
Trd, 8639946.679, 133
Trd, 8639946.779, 137
Trd, 8639946.812, 132
Trd, 8639947.379, 135
Trd, 8639947.546, 134
Trd, 8639947.646, 125
Trd, 8639948.146, 124
Trd, 8639948.246, 122
Trd, 8639948.446, 107
Trd, 8639948.912, 110
Trd, 8639949.312, 110
Trd, 8639950.379, 140
Trd, 8639950.779, 140
Trd, 8639951.446, 140
Trd, 8639951.746, 128
Trd, 8639952.046, 128
Trd, 8639952.446, 126
Trd, 8639952.646, 108
Trd, 8639955.412, 140
Trd, 8639955.446, 140
Trd, 8639956.012, 140
Trd, 8639956.679, 140
Trd, 8639957.746, 140
Trd, 8639958.346, 140
Trd, 8639958.512, 140
Trd, 8639958.646, 139
Trd, 8639959.079, 139
Trd, 8639959.146, 138
Trd, 8639959.179, 128
Trd, 8639959.246, 128
Trd, 8639961.546, 140
Trd, 8639961.779, 140
Trd, 8639961.946, 140
Trd, 8639962.046, 140
Trd, 8639962.446, 140
Trd, 8639963.079, 140
Trd, 8639963.112, 140
Trd, 8639963.412, 139
Trd, 8639964.146, 135
Trd, 8639964.312, 124
Trd, 8639965.312, 138
Trd, 8639965.646, 138
Trd, 8639965.712, 136
Trd, 8639966.112, 135
Trd, 8639966.179, 136
Trd, 8639966.579, 111
Trd, 8639967.279, 103
Trd, 8639969.312, 140
Trd, 8639969.546, 138
Trd, 8639969.879, 132
Trd, 8639970.679, 133
Trd, 8639971.646, 136
Trd, 8639972.146, 140
Trd, 8639972.246, 135
Trd, 8639973.179, 132
Trd, 8639973.946, 130
Trd, 8639974.212, 122
Trd, 8639974.746, 119
Trd, 8639975.079, 133
Trd, 8639975.812, 112
Trd, 8639976.912, 133
Trd, 8639977.346, 111
Trd, 8639977.646, 132
Trd, 8639977.712, 107
Trd, 8639978.012, 133
Trd, 8639978.279, 108
Trd, 8639978.346, 107
Trd, 8639979.212, 108
Trd, 8639979.346, 94
Trd, 8639979.479, 130
Trd, 8639980.112, 140
Trd, 8639980.879, 139
Trd, 8639981.312, 101
Trd, 8639983.312, 140
Trd, 8639983.379, 140
Trd, 8639983.946, 140
Trd, 8639984.012, 140
Trd, 8639984.246, 140
Trd, 8639984.546, 140
Trd, 8639986.512, 140
Trd, 8639986.579, 140
Trd, 8639986.746, 140
Trd, 8639987.012, 140
Trd, 8639987.346, 116
Trd, 8639987.746, 115
Trd, 8639987.879, 123
Trd, 8639987.946, 105
Trd, 8639988.479, 139
Trd, 8639990.146, 118
Trd, 8639990.879, 140
Trd, 8639991.546, 140
Trd, 8639992.946, 140
Trd, 8639993.212, 140
Trd, 8639993.412, 140
Trd, 8639993.612, 140
Trd, 8639993.679, 137
Trd, 8639994.146, 129
Trd, 8639994.346, 138
Trd, 8639994.612, 127
Trd, 8639995.346, 127
Trd, 8639996.146, 128
Trd, 8639996.412, 127
Trd, 8639997.046, 130
Trd, 8639997.146, 118
Trd, 8639999.346, 140
Trd, 8639999.546, 140
Trd, 8639999.579, 140
Trd, 8639999.612, 140
