Trd, 8638796.612, 140
Trd, 8638796.912, 140
Trd, 8638797.479, 140
Trd, 8638798.112, 140
Trd, 8638798.212, 140
Trd, 8638798.779, 140
Trd, 8638798.879, 139
Trd, 8638799.346, 139
Trd, 8638800.446, 140
Trd, 8638800.512, 140
Trd, 8638801.312, 140
Trd, 8638801.879, 140
Trd, 8638801.912, 140
Trd, 8638802.479, 139
Trd, 8638803.679, 140
Trd, 8638803.979, 140
Trd, 8638804.046, 140
Trd, 8638804.312, 139
Trd, 8638804.412, 140
Trd, 8638804.946, 140
Trd, 8638804.979, 139
Trd, 8638805.079, 139
Trd, 8638805.212, 140
Trd, 8638805.446, 140
Trd, 8638806.379, 140
Trd, 8638806.446, 134
Trd, 8638806.579, 139
Trd, 8638807.079, 140
Trd, 8638807.512, 140
Trd, 8638808.579, 140
Trd, 8638808.912, 140
Trd, 8638809.079, 140
Trd, 8638809.279, 140
Trd, 8638809.512, 140
Trd, 8638811.212, 140
Trd, 8638811.412, 140
Trd, 8638811.646, 139
Trd, 8638811.679, 139
Trd, 8638812.712, 140
Trd, 8638812.879, 140
Trd, 8638813.946, 140
Trd, 8638814.046, 140
Trd, 8638814.112, 139
Trd, 8638814.579, 140
Trd, 8638815.346, 140
Trd, 8638815.712, 140
Trd, 8638816.012, 140
Trd, 8638816.846, 140
Trd, 8638817.046, 140
Trd, 8638818.146, 140
Trd, 8638819.246, 140
Trd, 8638819.579, 140
Trd, 8638819.612, 140
Trd, 8638820.246, 140
Trd, 8638820.679, 140
Trd, 8638820.846, 140
Trd, 8638821.079, 140
Trd, 8638821.146, 139
Trd, 8638821.479, 139
Trd, 8638821.779, 139
Trd, 8638822.179, 140
Trd, 8638822.212, 139
Trd, 8638822.912, 140
Trd, 8638823.179, 140
Trd, 8638823.579, 139
Trd, 8638824.279, 140
Trd, 8638824.546, 140
Trd, 8638825.346, 140
Trd, 8638826.712, 140
Trd, 8638827.379, 140
Trd, 8638827.679, 140
Trd, 8638827.879, 139
Trd, 8638827.979, 140
Trd, 8638828.312, 139
Trd, 8638828.979, 140
Trd, 8638829.212, 140
Trd, 8638829.246, 140
Trd, 8638829.412, 140
Trd, 8638830.212, 140
Trd, 8638830.279, 140
Trd, 8638830.346, 140
Trd, 8638830.579, 139
Trd, 8638830.679, 140
Trd, 8638831.179, 140
Trd, 8638831.212, 139
Trd, 8638832.112, 140
Trd, 8638832.312, 139
Trd, 8638833.012, 140
Trd, 8638833.912, 140
Trd, 8638834.312, 140
Trd, 8638834.612, 140
Trd, 8638835.646, 140
Trd, 8638836.046, 140
Trd, 8638836.246, 139
Trd, 8638837.679, 140
Trd, 8638838.012, 140
Trd, 8638838.346, 140
Trd, 8638838.479, 140
Trd, 8638839.079, 140
Trd, 8638839.546, 140
Trd, 8638839.579, 139
Trd, 8638840.179, 139
Trd, 8638840.312, 140
Trd, 8638840.779, 140
Trd, 8638841.046, 139
Trd, 8638842.479, 140
Trd, 8638842.979, 140
Trd, 8638843.079, 140
Trd, 8638843.612, 140
Trd, 8638843.712, 140
Trd, 8638844.112, 140
Trd, 8638844.312, 140
Trd, 8638844.379, 140
Trd, 8638844.846, 140
Trd, 8638845.246, 139
Trd, 8638846.146, 139
Trd, 8638846.612, 140
Trd, 8638847.246, 140
Trd, 8638847.579, 140
Trd, 8638847.746, 140
Trd, 8638847.812, 140
Trd, 8638847.912, 140
Trd, 8638848.046, 140
Trd, 8638848.846, 140
Trd, 8638848.879, 139
Trd, 8638849.212, 139
Trd, 8638849.346, 140
Trd, 8638849.546, 137
Trd, 8638849.879, 138
Trd, 8638850.579, 140
Trd, 8638850.712, 138
Trd, 8638851.112, 61
Trd, 8638851.812, 138
Trd, 8638852.012, 139
Trd, 8638852.112, 138
Trd, 8638852.279, 139
Trd, 8638852.846, 128
Trd, 8638853.012, 122
Trd, 8638853.646, 138
Trd, 8638854.712, 65
Trd, 8638855.112, 61
Trd, 8638855.312, 62
Trd, 8638855.546, 61
Trd, 8638855.679, 62
Trd, 8638855.979, 140
Trd, 8638856.379, 140
Trd, 8638857.112, 140
Trd, 8638858.146, 140
Trd, 8638858.479, 140
Trd, 8638859.079, 140
Trd, 8638859.179, 140
Trd, 8638860.246, 139
Trd, 8638860.312, 138
Trd, 8638860.512, 82
Trd, 8638861.112, 140
Trd, 8638861.179, 139
Trd, 8638861.279, 139
Trd, 8638861.612, 138
Trd, 8638861.879, 140
Trd, 8638862.579, 139
Trd, 8638862.979, 103
Trd, 8638863.212, 140
Trd, 8638863.512, 140
Trd, 8638863.846, 139
Trd, 8638864.512, 140
Trd, 8638864.646, 140
Trd, 8638865.779, 140
Trd, 8638865.846, 140
Trd, 8638867.012, 140
Trd, 8638867.679, 140
Trd, 8638867.979, 140
Trd, 8638868.046, 140
Trd, 8638868.979, 140
Trd, 8638869.012, 140
Trd, 8638869.546, 139
Trd, 8638869.646, 139
Trd, 8638870.046, 139
Trd, 8638870.112, 140
Trd, 8638870.479, 140
Trd, 8638870.712, 140
Trd, 8638870.812, 140
Trd, 8638871.346, 140
Trd, 8638871.812, 140
Trd, 8638871.946, 140
Trd, 8638872.046, 140
Trd, 8638873.546, 140
Trd, 8638873.812, 140
Trd, 8638873.879, 139
Trd, 8638874.412, 140
Trd, 8638874.779, 140
Trd, 8638875.612, 140
Trd, 8638875.879, 140
Trd, 8638876.146, 140
Trd, 8638876.446, 140
Trd, 8638877.179, 139
Trd, 8638877.212, 139
Trd, 8638877.912, 140
Trd, 8638878.246, 140
Trd, 8638878.679, 140
Trd, 8638879.379, 140
Trd, 8638879.446, 140
Trd, 8638880.446, 140
Trd, 8638881.212, 140
Trd, 8638881.312, 140
Trd, 8638881.646, 138
Trd, 8638882.146, 139
Trd, 8638882.512, 140
Trd, 8638883.046, 140
Trd, 8638883.446, 140
Trd, 8638883.879, 140
Trd, 8638884.146, 140
Trd, 8638884.579, 140
Trd, 8638884.746, 140
Trd, 8638884.879, 140
Trd, 8638885.946, 140
Trd, 8638886.179, 140
Trd, 8638886.246, 140
Trd, 8638886.879, 139
Trd, 8638887.312, 140
Trd, 8638887.379, 140
Trd, 8638887.912, 140
Trd, 8638888.512, 140
Trd, 8638889.346, 140
Trd, 8638889.446, 140
Trd, 8638890.079, 140
Trd, 8638890.446, 140
Trd, 8638890.579, 140
Trd, 8638891.179, 140
Trd, 8638891.379, 140
Trd, 8638892.046, 140
Trd, 8638892.279, 140
Trd, 8638892.646, 140
Trd, 8638893.812, 140
Trd, 8638893.879, 140
Trd, 8638894.312, 140
Trd, 8638895.046, 140
Trd, 8638895.612, 140
Trd, 8638895.646, 140
Trd, 8638895.712, 139
Trd, 8638895.746, 139
Trd, 8638895.812, 140
Trd, 8638896.312, 140
Trd, 8638896.446, 139
Trd, 8638897.146, 140
Trd, 8638897.446, 140
Trd, 8638897.679, 136
Trd, 8638898.246, 140
Trd, 8638898.946, 140
Trd, 8638899.112, 140
Trd, 8638899.412, 140
Trd, 8638900.046, 140
Trd, 8638900.212, 140
Trd, 8638901.479, 140
Trd, 8638902.446, 140
Trd, 8638902.479, 140
Trd, 8638902.612, 140
Trd, 8638903.012, 139
Trd, 8638903.212, 140
Trd, 8638903.479, 138
Trd, 8638903.746, 140
Trd, 8638904.912, 140
Trd, 8638904.979, 140
Trd, 8638905.079, 140
Trd, 8638905.412, 140
Trd, 8638905.679, 140
Trd, 8638906.679, 140
Trd, 8638906.912, 139
Trd, 8638907.146, 138
Trd, 8638907.512, 138
Trd, 8638907.979, 139
Trd, 8638908.079, 113
Trd, 8638908.379, 137
Trd, 8638908.446, 139
Trd, 8638909.379, 61
Trd, 8638909.579, 65
Trd, 8638909.712, 66
Trd, 8638910.412, 66
Trd, 8638910.579, 61
Trd, 8638910.779, 60
Trd, 8638911.646, 60
Trd, 8638912.379, 61
Trd, 8638912.546, 61
Trd, 8638913.079, 60
Trd, 8638913.179, 62
Trd, 8638913.479, 64
Trd, 8638913.912, 60
Trd, 8638914.712, 60
Trd, 8638914.979, 61
Trd, 8638915.279, 65
Trd, 8638915.612, 61
Trd, 8638916.179, 60
Trd, 8638916.746, 60
Trd, 8638916.779, 60
Trd, 8638916.979, 60
Trd, 8638917.146, 62
Trd, 8638917.312, 63
Trd, 8638917.379, 64
Trd, 8638919.179, 60
Trd, 8638920.246, 62
Trd, 8638920.312, 63
Trd, 8638920.479, 60
Trd, 8638921.012, 60
Trd, 8638921.912, 60
Trd, 8638922.612, 62
Trd, 8638923.312, 61
Trd, 8638923.712, 63
Trd, 8638923.879, 64
Trd, 8638924.212, 62
Trd, 8638924.346, 63
Trd, 8638924.446, 64
Trd, 8638924.879, 64
Trd, 8638925.046, 63
Trd, 8638925.479, 62
Trd, 8638925.779, 61
Trd, 8638926.112, 65
Trd, 8638926.246, 66
Trd, 8638926.379, 70
Trd, 8638926.879, 140
Trd, 8638927.479, 139
Trd, 8638927.746, 137
Trd, 8638928.012, 135
Trd, 8638928.312, 114
Trd, 8638928.646, 138
Trd, 8638929.012, 140
Trd, 8638929.246, 138
Trd, 8638929.612, 137
Trd, 8638930.079, 60
Trd, 8638930.779, 60
Trd, 8638931.079, 60
Trd, 8638931.112, 60
Trd, 8638931.379, 60
Trd, 8638933.379, 60
Trd, 8638933.446, 64
Trd, 8638934.212, 60
Trd, 8638934.846, 60
Trd, 8638935.479, 60
Trd, 8638935.579, 61
Trd, 8638935.779, 60
Trd, 8638936.112, 60
Trd, 8638936.446, 60
Trd, 8638936.646, 61
Trd, 8638937.846, 60
Trd, 8638937.879, 61
Trd, 8638938.279, 60
Trd, 8638939.179, 60
Trd, 8638939.746, 60
Trd, 8638940.579, 60
Trd, 8638940.612, 60
Trd, 8638940.712, 60
Trd, 8638940.779, 61
Trd, 8638941.246, 60
Trd, 8638941.279, 60
Trd, 8638941.679, 62
Trd, 8638941.712, 66
Trd, 8638941.746, 67
Trd, 8638942.112, 73
Trd, 8638942.479, 74
Trd, 8638943.712, 139
Trd, 8638943.879, 140
Trd, 8638943.912, 139
Trd, 8638944.246, 140
Trd, 8638944.612, 140
Trd, 8638945.246, 139
Trd, 8638945.379, 139
Trd, 8638945.646, 83
Trd, 8638946.079, 139
Trd, 8638946.546, 140
Trd, 8638947.079, 140
Trd, 8638947.212, 139
Trd, 8638947.512, 67
Trd, 8638948.412, 139
Trd, 8638948.912, 139
Trd, 8638949.012, 140
Trd, 8638949.212, 140
Trd, 8638949.346, 140
Trd, 8638949.746, 140
Trd, 8638949.912, 140
Trd, 8638952.112, 140
Trd, 8638952.246, 140
Trd, 8638952.312, 139
Trd, 8638952.479, 140
Trd, 8638952.646, 140
Trd, 8638952.979, 139
Trd, 8638953.246, 140
Trd, 8638953.712, 139
Trd, 8638954.179, 139
Trd, 8638954.612, 140
Trd, 8638954.879, 140
Trd, 8638954.912, 140
Trd, 8638955.379, 140
Trd, 8638956.179, 139
Trd, 8638956.279, 138
Trd, 8638956.346, 140
Trd, 8638957.346, 140
Trd, 8638957.546, 140
Trd, 8638958.812, 140
Trd, 8638959.612, 139
Trd, 8638959.712, 140
Trd, 8638959.779, 139
Trd, 8638960.712, 140
Trd, 8638961.046, 140
Trd, 8638961.079, 140
Trd, 8638961.312, 140
Trd, 8638961.812, 140
Trd, 8638962.312, 140
Trd, 8638963.179, 140
Trd, 8638963.746, 140
Trd, 8638964.179, 139
Trd, 8638964.312, 139
Trd, 8638964.346, 139
Trd, 8638965.579, 140
Trd, 8638965.746, 140
Trd, 8638965.979, 140
Trd, 8638966.579, 140
Trd, 8638966.679, 140
Trd, 8638967.146, 140
Trd, 8638967.679, 138
Trd, 8638967.946, 140
Trd, 8638968.246, 140
Trd, 8638969.412, 140
Trd, 8638969.646, 140
Trd, 8638969.946, 139
Trd, 8638970.112, 137
Trd, 8638970.412, 138
Trd, 8638970.546, 138
Trd, 8638970.612, 135
Trd, 8638971.379, 108
Trd, 8638971.479, 137
Trd, 8638972.712, 140
Trd, 8638973.112, 140
Trd, 8638973.612, 139
Trd, 8638973.912, 140
Trd, 8638974.079, 140
Trd, 8638974.412, 140
Trd, 8638974.479, 137
Trd, 8638974.746, 140
Trd, 8638975.179, 124
Trd, 8638975.912, 140
Trd, 8638976.079, 139
Trd, 8638976.446, 140
Trd, 8638977.312, 140
Trd, 8638977.346, 140
Trd, 8638977.712, 140
Trd, 8638977.779, 140
Trd, 8638978.412, 140
Trd, 8638979.012, 139
Trd, 8638980.379, 140
Trd, 8638980.479, 140
Trd, 8638981.346, 140
Trd, 8638981.512, 140
Trd, 8638981.912, 140
Trd, 8638982.112, 139
Trd, 8638982.412, 139
Trd, 8638982.479, 139
Trd, 8638982.646, 139
Trd, 8638983.346, 138
Trd, 8638984.512, 140
Trd, 8638984.879, 140
Trd, 8638985.146, 140
Trd, 8638985.512, 140
Trd, 8638985.779, 140
Trd, 8638986.646, 140
Trd, 8638986.712, 138
Trd, 8638987.412, 140
Trd, 8638987.879, 139
Trd, 8638988.046, 140
Trd, 8638988.112, 139
Trd, 8638988.312, 138
Trd, 8638989.112, 137
Trd, 8638989.179, 136
Trd, 8638989.579, 139
Trd, 8638991.012, 140
Trd, 8638991.512, 140
Trd, 8638991.879, 140
Trd, 8638992.446, 140
Trd, 8638992.812, 140
Trd, 8638993.746, 140
Trd, 8638993.879, 140
Trd, 8638994.179, 140
Trd, 8638994.446, 139
Trd, 8638994.579, 140
Trd, 8638994.746, 140
Trd, 8638995.146, 139
Trd, 8638995.279, 139
Trd, 8638996.779, 102
Trd, 8638997.079, 139
Trd, 8638997.746, 60
Trd, 8638997.879, 63
Trd, 8638997.912, 65
Trd, 8638998.312, 62
Trd, 8638998.346, 63
Trd, 8638998.479, 63
Trd, 8638999.212, 140
Trd, 8639000.046, 140
Trd, 8639000.179, 140
Trd, 8639000.312, 140
Trd, 8639000.879, 140
Trd, 8639001.879, 140
Trd, 8639002.012, 140
Trd, 8639002.046, 140
Trd, 8639002.146, 139
Trd, 8639002.379, 140
Trd, 8639003.479, 140
Trd, 8639003.546, 140
Trd, 8639004.479, 140
Trd, 8639005.179, 140
Trd, 8639006.012, 140
Trd, 8639006.046, 140
Trd, 8639006.212, 140
Trd, 8639006.546, 140
Trd, 8639007.012, 140
Trd, 8639007.279, 140
Trd, 8639007.812, 140
Trd, 8639008.346, 140
Trd, 8639009.346, 140
Trd, 8639009.379, 140
Trd, 8639010.046, 140
Trd, 8639010.112, 140
Trd, 8639011.412, 140
Trd, 8639011.646, 140
Trd, 8639012.112, 140
Trd, 8639012.212, 140
Trd, 8639012.679, 140
Trd, 8639013.079, 140
Trd, 8639013.279, 139
Trd, 8639014.279, 139
Trd, 8639015.112, 140
Trd, 8639015.146, 140
Trd, 8639015.312, 139
Trd, 8639015.946, 140
Trd, 8639016.279, 140
Trd, 8639016.546, 140
Trd, 8639016.646, 139
Trd, 8639016.879, 140
Trd, 8639017.446, 140
Trd, 8639017.646, 140
Trd, 8639017.912, 139
Trd, 8639019.479, 140
Trd, 8639019.512, 140
Trd, 8639020.146, 140
Trd, 8639020.346, 140
Trd, 8639020.546, 140
Trd, 8639021.046, 140
Trd, 8639021.179, 140
Trd, 8639021.379, 139
Trd, 8639021.546, 139
Trd, 8639021.979, 140
Trd, 8639022.112, 140
Trd, 8639022.379, 136
Trd, 8639023.879, 140
Trd, 8639024.079, 140
Trd, 8639024.212, 140
Trd, 8639024.246, 140
Trd, 8639024.479, 140
Trd, 8639024.846, 140
Trd, 8639025.112, 140
Trd, 8639025.179, 139
Trd, 8639025.212, 139
Trd, 8639025.946, 140
Trd, 8639026.612, 140
Trd, 8639027.446, 140
Trd, 8639027.579, 138
Trd, 8639027.746, 140
Trd, 8639028.546, 140
Trd, 8639028.946, 139
Trd, 8639029.312, 140
Trd, 8639029.712, 138
Trd, 8639029.746, 138
Trd, 8639029.846, 108
Trd, 8639030.312, 140
Trd, 8639030.412, 138
Trd, 8639031.912, 140
Trd, 8639032.079, 140
Trd, 8639032.212, 129
Trd, 8639032.646, 60
Trd, 8639032.779, 60
Trd, 8639033.379, 60
Trd, 8639033.979, 60
Trd, 8639034.446, 60
Trd, 8639034.646, 60
Trd, 8639034.912, 61
Trd, 8639035.279, 61
Trd, 8639035.379, 62
Trd, 8639035.612, 67
Trd, 8639035.946, 62
Trd, 8639036.212, 61
Trd, 8639036.846, 64
Trd, 8639037.846, 60
Trd, 8639038.079, 60
Trd, 8639038.146, 60
Trd, 8639038.179, 61
Trd, 8639038.412, 62
Trd, 8639039.246, 62
Trd, 8639039.979, 60
Trd, 8639040.012, 63
Trd, 8639040.079, 72
Trd, 8639040.479, 139
Trd, 8639041.146, 130
Trd, 8639041.579, 140
Trd, 8639041.846, 95
Trd, 8639042.012, 95
Trd, 8639042.112, 66
Trd, 8639043.146, 60
Trd, 8639043.646, 140
Trd, 8639044.146, 140
Trd, 8639044.312, 140
Trd, 8639044.679, 131
Trd, 8639046.279, 140
Trd, 8639046.812, 140
Trd, 8639047.446, 140
Trd, 8639047.712, 140
Trd, 8639048.046, 140
Trd, 8639048.079, 140
Trd, 8639048.379, 140
Trd, 8639048.879, 140
Trd, 8639049.112, 140
Trd, 8639049.246, 136
Trd, 8639050.012, 139
Trd, 8639050.112, 136
Trd, 8639051.712, 140
Trd, 8639052.012, 140
Trd, 8639052.079, 140
Trd, 8639053.412, 140
Trd, 8639053.446, 140
Trd, 8639054.179, 140
Trd, 8639054.412, 140
Trd, 8639055.046, 140
Trd, 8639055.212, 140
Trd, 8639055.279, 139
Trd, 8639056.279, 140
Trd, 8639056.946, 140
Trd, 8639057.179, 140
Trd, 8639057.212, 140
Trd, 8639057.312, 140
Trd, 8639057.912, 140
Trd, 8639058.212, 140
Trd, 8639059.146, 140
Trd, 8639059.379, 98
Trd, 8639059.446, 138
Trd, 8639060.312, 140
Trd, 8639061.046, 140
Trd, 8639061.679, 140
Trd, 8639061.846, 140
Trd, 8639062.446, 140
Trd, 8639062.712, 140
Trd, 8639062.979, 140
Trd, 8639063.612, 140
Trd, 8639063.979, 140
Trd, 8639064.279, 140
Trd, 8639064.812, 140
Trd, 8639065.512, 140
Trd, 8639065.546, 140
Trd, 8639066.046, 140
Trd, 8639066.646, 140
Trd, 8639066.979, 140
Trd, 8639067.379, 140
Trd, 8639067.812, 140
Trd, 8639068.379, 140
Trd, 8639068.979, 140
Trd, 8639069.512, 140
Trd, 8639069.679, 139
Trd, 8639070.012, 139
Trd, 8639070.712, 140
Trd, 8639070.779, 140
Trd, 8639070.979, 140
Trd, 8639072.046, 140
Trd, 8639072.646, 140
Trd, 8639072.946, 140
Trd, 8639073.246, 140
Trd, 8639073.312, 138
Trd, 8639073.412, 137
Trd, 8639074.012, 139
Trd, 8639074.079, 137
Trd, 8639074.446, 136
Trd, 8639075.046, 138
Trd, 8639075.212, 139
Trd, 8639075.446, 140
Trd, 8639075.579, 111
Trd, 8639076.746, 140
Trd, 8639076.879, 140
Trd, 8639077.079, 139
Trd, 8639077.212, 139
Trd, 8639077.746, 140
Trd, 8639078.512, 140
Trd, 8639078.879, 140
Trd, 8639079.046, 140
Trd, 8639079.179, 140
Trd, 8639079.512, 139
Trd, 8639079.779, 140
Trd, 8639080.146, 71
Trd, 8639080.912, 96
Trd, 8639081.546, 139
Trd, 8639081.712, 140
Trd, 8639082.179, 74
Trd, 8639082.212, 75
Trd, 8639082.946, 140
Trd, 8639083.212, 140
Trd, 8639083.812, 139
Trd, 8639084.346, 140
Trd, 8639084.812, 64
Trd, 8639085.279, 60
Trd, 8639086.046, 140
Trd, 8639086.312, 140
Trd, 8639087.112, 140
Trd, 8639087.412, 140
Trd, 8639087.479, 140
Trd, 8639088.246, 140
Trd, 8639088.346, 139
Trd, 8639088.746, 140
Trd, 8639089.746, 140
Trd, 8639090.379, 140
Trd, 8639090.979, 140
Trd, 8639091.279, 140
Trd, 8639091.346, 139
Trd, 8639091.746, 140
Trd, 8639092.179, 140
Trd, 8639092.246, 140
Trd, 8639093.879, 140
Trd, 8639094.046, 140
Trd, 8639094.146, 140
Trd, 8639094.212, 140
Trd, 8639094.812, 140
Trd, 8639094.979, 139
Trd, 8639095.012, 136
Trd, 8639095.146, 120
Trd, 8639095.312, 138
Trd, 8639095.546, 60
Trd, 8639096.946, 140
Trd, 8639097.079, 139
Trd, 8639097.679, 139
Trd, 8639097.812, 61
Trd, 8639098.312, 140
Trd, 8639098.346, 138
Trd, 8639098.479, 138
Trd, 8639098.846, 139
Trd, 8639099.846, 140
Trd, 8639099.946, 140
Trd, 8639100.579, 140
Trd, 8639101.179, 140
Trd, 8639101.546, 140
Trd, 8639101.646, 139
Trd, 8639102.679, 140
Trd, 8639103.046, 140
Trd, 8639103.112, 140
Trd, 8639103.479, 140
Trd, 8639103.879, 140
Trd, 8639103.946, 139
Trd, 8639104.612, 139
Trd, 8639104.679, 139
Trd, 8639105.346, 62
Trd, 8639105.812, 139
Trd, 8639106.112, 140
Trd, 8639107.079, 138
Trd, 8639107.179, 138
Trd, 8639107.579, 138
Trd, 8639107.612, 137
Trd, 8639108.179, 139
Trd, 8639108.246, 133
Trd, 8639108.479, 140
Trd, 8639109.612, 140
Trd, 8639109.779, 140
Trd, 8639110.479, 139
Trd, 8639111.312, 140
Trd, 8639111.546, 139
Trd, 8639111.746, 139
Trd, 8639112.646, 140
Trd, 8639112.879, 140
Trd, 8639113.446, 140
Trd, 8639113.912, 139
Trd, 8639114.012, 140
Trd, 8639114.146, 140
Trd, 8639114.779, 139
Trd, 8639114.846, 139
Trd, 8639115.279, 140
Trd, 8639115.679, 140
Trd, 8639115.979, 140
Trd, 8639116.446, 140
Trd, 8639116.879, 140
Trd, 8639117.212, 139
Trd, 8639118.779, 140
Trd, 8639119.679, 140
Trd, 8639119.746, 140
Trd, 8639119.846, 140
Trd, 8639120.646, 140
Trd, 8639121.012, 140
Trd, 8639121.646, 140
Trd, 8639121.712, 140
Trd, 8639121.846, 140
Trd, 8639122.346, 140
Trd, 8639122.579, 140
Trd, 8639122.812, 140
Trd, 8639123.979, 140
Trd, 8639124.246, 140
Trd, 8639124.946, 140
Trd, 8639125.012, 140
Trd, 8639125.612, 140
Trd, 8639125.712, 139
Trd, 8639126.112, 139
Trd, 8639126.879, 140
Trd, 8639127.079, 140
Trd, 8639127.512, 140
Trd, 8639127.746, 139
Trd, 8639127.979, 140
Trd, 8639129.179, 140
Trd, 8639129.546, 140
Trd, 8639129.679, 139
Trd, 8639130.346, 139
Trd, 8639130.646, 140
Trd, 8639131.646, 140
Trd, 8639132.346, 140
Trd, 8639132.446, 139
Trd, 8639132.579, 140
Trd, 8639132.979, 140
Trd, 8639133.646, 140
Trd, 8639133.812, 140
Trd, 8639134.512, 140
Trd, 8639134.546, 139
Trd, 8639134.812, 139
Trd, 8639135.646, 140
Trd, 8639136.112, 139
Trd, 8639136.479, 140
Trd, 8639136.546, 140
Trd, 8639137.046, 140
Trd, 8639137.479, 140
Trd, 8639137.912, 139
Trd, 8639138.346, 140
Trd, 8639138.912, 140
Trd, 8639139.412, 140
Trd, 8639139.712, 140
Trd, 8639140.279, 140
Trd, 8639140.946, 140
Trd, 8639141.946, 140
Trd, 8639142.112, 140
Trd, 8639142.646, 140
Trd, 8639143.512, 140
Trd, 8639143.779, 140
Trd, 8639143.879, 140
Trd, 8639144.246, 140
Trd, 8639144.379, 140
Trd, 8639144.646, 140
Trd, 8639144.879, 140
Trd, 8639144.912, 139
Trd, 8639144.946, 139
Trd, 8639145.646, 140
Trd, 8639145.979, 140
Trd, 8639146.046, 140
Trd, 8639146.212, 140
Trd, 8639146.346, 140
Trd, 8639146.746, 140
Trd, 8639146.912, 113
Trd, 8639148.246, 139
Trd, 8639148.779, 140
Trd, 8639149.412, 140
Trd, 8639149.879, 139
Trd, 8639149.946, 139
Trd, 8639150.512, 124
Trd, 8639150.646, 140
Trd, 8639151.046, 140
Trd, 8639151.079, 139
Trd, 8639151.446, 63
Trd, 8639151.679, 64
Trd, 8639152.412, 138
Trd, 8639152.879, 140
Trd, 8639153.046, 140
Trd, 8639153.379, 140
Trd, 8639154.346, 139
Trd, 8639154.912, 140
Trd, 8639155.746, 140
Trd, 8639155.979, 140
Trd, 8639156.412, 140
Trd, 8639156.579, 140
Trd, 8639156.612, 139
Trd, 8639157.346, 136
Trd, 8639157.712, 120
Trd, 8639157.812, 120
Trd, 8639158.446, 140
Trd, 8639158.579, 139
Trd, 8639159.946, 140
Trd, 8639160.112, 140
Trd, 8639160.679, 140
Trd, 8639161.079, 140
Trd, 8639161.279, 140
Trd, 8639162.279, 140
Trd, 8639163.312, 140
Trd, 8639163.346, 140
Trd, 8639163.379, 140
Trd, 8639163.612, 140
Trd, 8639163.712, 140
Trd, 8639164.179, 140
Trd, 8639165.446, 140
Trd, 8639166.179, 140
Trd, 8639166.212, 140
Trd, 8639166.412, 140
Trd, 8639167.046, 140
Trd, 8639167.379, 140
Trd, 8639167.612, 140
Trd, 8639168.279, 140
Trd, 8639168.546, 140
Trd, 8639169.146, 140
Trd, 8639169.312, 140
Trd, 8639169.512, 140
Trd, 8639170.312, 140
Trd, 8639170.646, 139
Trd, 8639170.946, 140
Trd, 8639171.412, 139
Trd, 8639171.446, 138
Trd, 8639172.179, 140
Trd, 8639172.779, 140
Trd, 8639172.879, 140
Trd, 8639173.112, 140
Trd, 8639174.646, 140
Trd, 8639174.879, 140
Trd, 8639175.412, 140
Trd, 8639175.912, 140
Trd, 8639176.846, 140
Trd, 8639177.112, 140
Trd, 8639177.179, 140
Trd, 8639177.346, 140
Trd, 8639178.412, 140
Trd, 8639178.746, 140
Trd, 8639179.012, 140
Trd, 8639179.312, 140
Trd, 8639179.679, 140
Trd, 8639180.279, 139
Trd, 8639180.579, 140
Trd, 8639180.779, 140
Trd, 8639181.246, 139
Trd, 8639181.712, 139
Trd, 8639181.946, 140
Trd, 8639183.312, 140
Trd, 8639183.446, 140
Trd, 8639184.012, 140
Trd, 8639184.212, 140
Trd, 8639184.612, 140
Trd, 8639184.912, 140
Trd, 8639185.512, 140
Trd, 8639185.579, 140
Trd, 8639185.846, 139
Trd, 8639186.146, 139
Trd, 8639186.412, 91
Trd, 8639186.812, 139
Trd, 8639187.312, 138
Trd, 8639187.546, 140
Trd, 8639188.279, 63
Trd, 8639188.746, 61
Trd, 8639188.879, 63
Trd, 8639189.046, 63
Trd, 8639189.312, 66
Trd, 8639189.779, 69
Trd, 8639190.212, 60
Trd, 8639190.679, 60
Trd, 8639190.712, 70
Trd, 8639191.946, 140
Trd, 8639192.179, 140
Trd, 8639192.446, 140
Trd, 8639192.546, 139
Trd, 8639192.712, 140
Trd, 8639193.312, 140
Trd, 8639194.546, 140
Trd, 8639194.746, 138
Trd, 8639194.779, 138
Trd, 8639194.946, 137
Trd, 8639195.146, 138
Trd, 8639195.712, 139
Trd, 8639196.246, 140
Trd, 8639196.612, 140
Trd, 8639196.646, 64
Trd, 8639197.112, 61
Trd, 8639197.179, 61
Trd, 8639197.746, 75
Trd, 8639198.912, 139
Trd, 8639199.679, 139
Trd, 8639199.746, 139
Trd, 8639200.379, 140
Trd, 8639200.579, 139
Trd, 8639200.612, 139
Trd, 8639201.212, 140
Trd, 8639201.312, 140
Trd, 8639201.779, 140
Trd, 8639202.612, 140
Trd, 8639203.212, 140
Trd, 8639204.079, 140
Trd, 8639204.412, 140
Trd, 8639204.646, 139
Trd, 8639205.579, 140
Trd, 8639206.646, 140
Trd, 8639207.212, 140
Trd, 8639207.246, 140
Trd, 8639207.879, 140
Trd, 8639208.012, 140
Trd, 8639208.146, 140
Trd, 8639208.246, 139
Trd, 8639208.712, 140
Trd, 8639208.979, 140
Trd, 8639210.146, 140
Trd, 8639210.212, 140
Trd, 8639210.412, 139
Trd, 8639210.579, 139
Trd, 8639210.812, 136
Trd, 8639210.846, 140
Trd, 8639210.946, 136
Trd, 8639211.379, 140
Trd, 8639211.879, 140
Trd, 8639212.279, 139
Trd, 8639212.612, 105
Trd, 8639213.279, 137
Trd, 8639213.779, 140
Trd, 8639214.179, 139
Trd, 8639214.412, 140
Trd, 8639214.846, 140
Trd, 8639214.979, 139
Trd, 8639216.046, 140
Trd, 8639216.179, 140
Trd, 8639216.812, 140
Trd, 8639217.379, 140
Trd, 8639217.512, 139
Trd, 8639217.712, 139
Trd, 8639218.012, 139
Trd, 8639218.746, 139
Trd, 8639219.679, 140
Trd, 8639219.779, 140
Trd, 8639220.212, 140
Trd, 8639220.479, 140
Trd, 8639220.846, 140
Trd, 8639221.879, 140
Trd, 8639222.279, 140
Trd, 8639222.446, 140
Trd, 8639223.312, 140
Trd, 8639223.612, 140
Trd, 8639223.979, 140
Trd, 8639224.146, 139
Trd, 8639224.212, 137
Trd, 8639224.779, 140
Trd, 8639224.879, 140
Trd, 8639225.046, 139
Trd, 8639225.546, 140
Trd, 8639226.046, 138
Trd, 8639227.179, 140
Trd, 8639227.679, 139
Trd, 8639228.379, 140
Trd, 8639228.779, 139
Trd, 8639228.846, 140
Trd, 8639228.946, 139
Trd, 8639229.012, 139
Trd, 8639229.046, 139
Trd, 8639229.112, 115
Trd, 8639229.612, 140
Trd, 8639230.312, 140
Trd, 8639230.746, 140
Trd, 8639231.246, 139
Trd, 8639231.712, 140
Trd, 8639232.012, 140
Trd, 8639232.112, 140
Trd, 8639233.346, 140
Trd, 8639233.412, 140
Trd, 8639233.946, 140
Trd, 8639234.079, 140
Trd, 8639234.546, 140
Trd, 8639235.312, 140
Trd, 8639235.446, 140
Trd, 8639235.479, 140
Trd, 8639235.512, 139
Trd, 8639235.946, 140
Trd, 8639236.979, 140
Trd, 8639237.412, 140
Trd, 8639237.512, 140
Trd, 8639238.612, 140
Trd, 8639238.679, 140
Trd, 8639239.612, 140
Trd, 8639239.779, 140
Trd, 8639239.912, 140
Trd, 8639240.179, 140
Trd, 8639241.212, 140
Trd, 8639242.246, 140
Trd, 8639242.346, 140
Trd, 8639242.646, 140
Trd, 8639243.046, 140
Trd, 8639243.146, 139
Trd, 8639243.612, 139
Trd, 8639243.946, 139
Trd, 8639244.446, 140
Trd, 8639244.679, 140
Trd, 8639244.746, 139
Trd, 8639244.779, 139
Trd, 8639245.746, 140
Trd, 8639246.779, 140
Trd, 8639247.446, 140
Trd, 8639247.712, 140
Trd, 8639248.112, 140
Trd, 8639248.212, 140
Trd, 8639248.246, 140
Trd, 8639248.346, 139
Trd, 8639248.912, 140
Trd, 8639249.346, 140
Trd, 8639249.646, 140
Trd, 8639250.646, 140
Trd, 8639251.879, 140
Trd, 8639252.479, 140
Trd, 8639252.546, 140
Trd, 8639252.679, 140
Trd, 8639252.746, 140
Trd, 8639253.046, 139
Trd, 8639253.512, 140
Trd, 8639253.879, 140
Trd, 8639254.612, 140
Trd, 8639255.112, 140
Trd, 8639255.346, 140
Trd, 8639255.446, 140
Trd, 8639255.912, 140
Trd, 8639256.079, 140
Trd, 8639256.279, 140
Trd, 8639257.979, 140
Trd, 8639258.912, 140
Trd, 8639258.946, 139
Trd, 8639258.979, 138
Trd, 8639259.279, 140
Trd, 8639259.812, 140
Trd, 8639260.379, 140
Trd, 8639260.746, 140
Trd, 8639261.712, 140
Trd, 8639262.346, 140
Trd, 8639262.379, 140
Trd, 8639263.012, 140
Trd, 8639263.246, 140
Trd, 8639263.279, 140
Trd, 8639264.079, 140
Trd, 8639264.346, 140
Trd, 8639264.679, 140
Trd, 8639265.012, 140
Trd, 8639265.079, 140
Trd, 8639266.079, 140
Trd, 8639266.212, 140
Trd, 8639266.346, 140
Trd, 8639266.979, 140
Trd, 8639267.212, 140
Trd, 8639267.846, 139
Trd, 8639268.079, 139
Trd, 8639268.712, 140
Trd, 8639269.346, 140
Trd, 8639269.446, 139
Trd, 8639269.712, 140
Trd, 8639270.979, 140
Trd, 8639271.046, 140
Trd, 8639271.979, 140
Trd, 8639272.246, 140
Trd, 8639273.379, 140
Trd, 8639273.546, 140
Trd, 8639273.746, 140
Trd, 8639273.846, 140
Trd, 8639274.112, 140
Trd, 8639274.679, 140
Trd, 8639276.246, 140
Trd, 8639276.412, 140
Trd, 8639276.879, 140
Trd, 8639277.579, 140
Trd, 8639278.746, 140
Trd, 8639278.779, 140
Trd, 8639279.446, 140
Trd, 8639279.746, 140
Trd, 8639280.046, 140
Trd, 8639280.712, 140
Trd, 8639280.846, 140
Trd, 8639281.012, 140
Trd, 8639281.346, 140
Trd, 8639281.412, 139
Trd, 8639281.446, 139
Trd, 8639282.346, 140
Trd, 8639282.812, 140
Trd, 8639282.979, 140
Trd, 8639283.379, 139
Trd, 8639283.679, 139
Trd, 8639283.846, 139
Trd, 8639284.012, 138
Trd, 8639284.479, 140
Trd, 8639284.912, 140
Trd, 8639285.179, 137
Trd, 8639286.179, 140
Trd, 8639286.612, 140
Trd, 8639287.179, 140
Trd, 8639287.246, 140
Trd, 8639288.279, 140
Trd, 8639289.212, 140
Trd, 8639289.612, 140
Trd, 8639290.012, 140
Trd, 8639290.146, 140
Trd, 8639290.179, 139
Trd, 8639290.512, 139
Trd, 8639290.879, 140
Trd, 8639291.646, 140
Trd, 8639291.879, 140
Trd, 8639292.546, 140
Trd, 8639292.612, 139
Trd, 8639293.512, 140
Trd, 8639293.679, 139
Trd, 8639293.912, 140
Trd, 8639294.346, 140
Trd, 8639294.779, 139
Trd, 8639294.879, 139
Trd, 8639294.912, 139
Trd, 8639295.046, 140
Trd, 8639295.579, 140
Trd, 8639295.846, 140
Trd, 8639296.146, 139
Trd, 8639296.479, 135
Trd, 8639296.679, 134
Trd, 8639297.179, 138
Trd, 8639297.546, 112
Trd, 8639298.412, 139
Trd, 8639298.612, 138
Trd, 8639299.279, 140
Trd, 8639299.479, 138
Trd, 8639299.546, 112
Trd, 8639299.579, 112
Trd, 8639300.946, 140
Trd, 8639301.246, 140
Trd, 8639301.579, 140
Trd, 8639302.112, 140
Trd, 8639302.779, 140
Trd, 8639303.746, 140
Trd, 8639303.979, 140
Trd, 8639304.646, 140
Trd, 8639304.679, 140
Trd, 8639305.179, 140
Trd, 8639305.612, 140
Trd, 8639305.646, 140
Trd, 8639305.846, 140
Trd, 8639306.379, 140
Trd, 8639306.579, 140
Trd, 8639307.479, 140
Trd, 8639308.012, 139
Trd, 8639308.579, 140
Trd, 8639309.079, 140
Trd, 8639309.479, 140
Trd, 8639309.579, 139
Trd, 8639309.879, 139
Trd, 8639310.579, 121
Trd, 8639310.746, 115
Trd, 8639311.112, 139
Trd, 8639311.346, 139
Trd, 8639311.579, 140
Trd, 8639312.812, 140
Trd, 8639313.046, 140
Trd, 8639313.279, 140
Trd, 8639313.879, 140
Trd, 8639314.312, 140
Trd, 8639314.446, 140
Trd, 8639314.512, 139
Trd, 8639315.046, 140
Trd, 8639316.012, 140
Trd, 8639316.046, 140
Trd, 8639316.346, 140
Trd, 8639316.546, 138
Trd, 8639316.812, 140
Trd, 8639318.479, 140
Trd, 8639318.612, 140
Trd, 8639319.179, 140
Trd, 8639319.479, 140
Trd, 8639320.046, 140
Trd, 8639320.179, 139
Trd, 8639320.812, 140
Trd, 8639320.912, 139
Trd, 8639321.046, 140
Trd, 8639321.712, 140
Trd, 8639322.446, 140
Trd, 8639323.012, 140
Trd, 8639323.146, 140
Trd, 8639323.212, 140
Trd, 8639324.312, 140
Trd, 8639325.079, 140
Trd, 8639325.146, 140
Trd, 8639326.312, 140
Trd, 8639326.679, 140
Trd, 8639327.146, 140
Trd, 8639327.179, 140
Trd, 8639327.612, 140
Trd, 8639328.046, 140
Trd, 8639329.079, 140
Trd, 8639329.212, 139
Trd, 8639330.012, 140
Trd, 8639330.212, 140
Trd, 8639330.412, 140
Trd, 8639330.579, 140
Trd, 8639330.946, 140
Trd, 8639331.012, 139
Trd, 8639331.946, 140
Trd, 8639331.979, 139
Trd, 8639332.712, 140
Trd, 8639333.112, 140
Trd, 8639333.479, 140
Trd, 8639333.979, 139
Trd, 8639334.112, 137
Trd, 8639334.512, 137
Trd, 8639335.512, 140
Trd, 8639335.779, 140
Trd, 8639336.779, 140
Trd, 8639336.879, 140
Trd, 8639337.012, 140
Trd, 8639337.712, 140
Trd, 8639337.812, 140
Trd, 8639338.012, 140
Trd, 8639338.512, 140
Trd, 8639338.579, 134
Trd, 8639339.212, 140
Trd, 8639339.912, 60
Trd, 8639339.979, 60
Trd, 8639341.012, 61
Trd, 8639341.179, 61
Trd, 8639341.446, 63
Trd, 8639341.979, 140
Trd, 8639342.812, 140
Trd, 8639342.846, 138
Trd, 8639343.179, 138
Trd, 8639343.412, 139
Trd, 8639344.046, 140
Trd, 8639344.146, 139
Trd, 8639344.346, 139
Trd, 8639344.712, 140
Trd, 8639345.112, 140
Trd, 8639345.279, 137
Trd, 8639345.746, 137
Trd, 8639347.312, 140
Trd, 8639347.712, 140
Trd, 8639347.912, 140
Trd, 8639348.379, 140
Trd, 8639349.279, 140
Trd, 8639349.412, 140
Trd, 8639349.612, 140
Trd, 8639349.812, 140
Trd, 8639350.179, 140
Trd, 8639351.012, 140
Trd, 8639351.479, 140
Trd, 8639351.879, 140
Trd, 8639352.846, 140
Trd, 8639352.879, 140
Trd, 8639352.979, 140
Trd, 8639353.612, 140
Trd, 8639353.746, 140
Trd, 8639353.912, 139
Trd, 8639354.112, 139
Trd, 8639355.679, 140
Trd, 8639355.946, 140
Trd, 8639356.212, 140
Trd, 8639356.279, 139
Trd, 8639357.746, 140
Trd, 8639358.312, 140
Trd, 8639358.412, 140
Trd, 8639358.846, 140
Trd, 8639359.079, 140
Trd, 8639359.946, 140
Trd, 8639359.979, 140
Trd, 8639360.112, 139
Trd, 8639360.746, 140
Trd, 8639360.779, 140
Trd, 8639362.146, 140
Trd, 8639362.212, 140
Trd, 8639362.412, 140
Trd, 8639362.512, 139
Trd, 8639362.946, 140
Trd, 8639363.579, 60
Trd, 8639363.612, 60
Trd, 8639364.212, 60
Trd, 8639364.479, 60
Trd, 8639364.746, 61
Trd, 8639365.579, 61
Trd, 8639365.746, 60
Trd, 8639366.012, 70
Trd, 8639366.512, 62
Trd, 8639366.946, 72
Trd, 8639367.046, 83
Trd, 8639367.279, 139
Trd, 8639367.679, 61
Trd, 8639367.746, 62
Trd, 8639368.346, 62
Trd, 8639369.512, 61
Trd, 8639369.646, 60
Trd, 8639370.279, 62
Trd, 8639370.412, 63
Trd, 8639370.646, 64
Trd, 8639371.846, 60
Trd, 8639372.212, 60
Trd, 8639372.679, 60
Trd, 8639373.212, 60
Trd, 8639373.412, 62
Trd, 8639373.512, 63
Trd, 8639373.946, 64
Trd, 8639374.379, 60
Trd, 8639374.612, 61
Trd, 8639374.746, 64
Trd, 8639375.612, 62
Trd, 8639376.646, 64
Trd, 8639377.179, 60
Trd, 8639377.412, 60
Trd, 8639377.612, 60
Trd, 8639377.712, 61
Trd, 8639377.746, 63
Trd, 8639378.779, 60
Trd, 8639378.879, 60
Trd, 8639379.212, 60
Trd, 8639379.779, 60
Trd, 8639381.279, 61
Trd, 8639381.779, 64
Trd, 8639382.012, 61
Trd, 8639382.079, 66
Trd, 8639382.279, 68
Trd, 8639383.046, 65
Trd, 8639383.079, 76
Trd, 8639383.746, 60
Trd, 8639383.846, 61
Trd, 8639384.979, 63
Trd, 8639385.079, 67
Trd, 8639385.379, 60
Trd, 8639385.979, 60
Trd, 8639386.012, 61
Trd, 8639387.279, 60
Trd, 8639387.646, 60
Trd, 8639388.346, 60
Trd, 8639388.812, 61
Trd, 8639389.312, 60
Trd, 8639389.346, 60
Trd, 8639389.579, 61
Trd, 8639390.346, 61
Trd, 8639391.079, 62
Trd, 8639391.879, 60
Trd, 8639392.012, 61
Trd, 8639392.079, 61
Trd, 8639392.212, 61
Trd, 8639392.846, 61
Trd, 8639393.079, 60
Trd, 8639394.179, 60
Trd, 8639394.246, 61
Trd, 8639394.579, 62
Trd, 8639394.679, 63
Trd, 8639394.779, 61
Trd, 8639395.112, 60
Trd, 8639395.146, 62
Trd, 8639395.212, 67
Trd, 8639395.746, 66
Trd, 8639396.046, 63
Trd, 8639396.512, 61
Trd, 8639397.279, 60
Trd, 8639397.512, 60
Trd, 8639397.612, 62
Trd, 8639398.646, 60
Trd, 8639399.112, 61
Trd, 8639399.479, 61
Trd, 8639399.579, 66
Trd, 8639399.946, 61
Trd, 8639400.212, 61
Trd, 8639401.612, 60
Trd, 8639401.746, 60
Trd, 8639402.579, 61
Trd, 8639403.612, 60
Trd, 8639403.646, 61
Trd, 8639403.912, 60
Trd, 8639403.979, 63
Trd, 8639404.012, 64
Trd, 8639404.512, 60
Trd, 8639404.946, 60
Trd, 8639406.079, 60
Trd, 8639406.412, 60
Trd, 8639407.179, 62
Trd, 8639407.312, 61
Trd, 8639407.746, 62
Trd, 8639408.279, 60
Trd, 8639408.546, 62
Trd, 8639408.879, 63
Trd, 8639409.012, 63
Trd, 8639409.079, 65
Trd, 8639409.246, 64
Trd, 8639409.846, 80
Trd, 8639410.312, 67
Trd, 8639411.479, 60
Trd, 8639411.579, 60
Trd, 8639411.712, 62
Trd, 8639413.312, 60
Trd, 8639413.446, 60
Trd, 8639414.879, 60
Trd, 8639415.846, 60
Trd, 8639416.079, 60
Trd, 8639416.179, 60
Trd, 8639416.212, 60
Trd, 8639416.279, 61
Trd, 8639416.546, 61
Trd, 8639416.712, 61
Trd, 8639416.779, 61
Trd, 8639417.146, 64
Trd, 8639417.879, 67
Trd, 8639418.379, 60
Trd, 8639419.012, 60
Trd, 8639419.712, 60
Trd, 8639420.312, 61
Trd, 8639420.779, 60
Trd, 8639420.946, 62
Trd, 8639421.046, 62
Trd, 8639421.112, 63
Trd, 8639421.312, 66
Trd, 8639421.646, 62
Trd, 8639421.979, 67
Trd, 8639422.079, 71
Trd, 8639422.346, 65
Trd, 8639422.446, 65
Trd, 8639422.712, 139
Trd, 8639422.946, 64
Trd, 8639423.112, 60
Trd, 8639423.512, 61
Trd, 8639424.146, 66
Trd, 8639424.679, 67
Trd, 8639425.046, 60
Trd, 8639425.112, 60
Trd, 8639426.079, 66
Trd, 8639426.346, 68
Trd, 8639426.546, 62
Trd, 8639427.446, 63
Trd, 8639427.712, 64
Trd, 8639427.779, 60
Trd, 8639428.446, 60
Trd, 8639429.379, 60
Trd, 8639429.446, 64
Trd, 8639429.812, 65
Trd, 8639429.979, 68
Trd, 8639430.579, 139
Trd, 8639431.146, 140
Trd, 8639431.812, 140
Trd, 8639432.046, 139
Trd, 8639432.479, 139
Trd, 8639432.979, 140
Trd, 8639433.046, 140
Trd, 8639433.479, 140
Trd, 8639434.112, 140
Trd, 8639434.179, 139
Trd, 8639434.779, 140
Trd, 8639434.979, 140
Trd, 8639435.579, 140
Trd, 8639436.546, 140
Trd, 8639437.279, 140
Trd, 8639437.412, 140
Trd, 8639437.612, 139
Trd, 8639437.712, 139
Trd, 8639437.946, 140
Trd, 8639438.079, 129
Trd, 8639438.712, 138
Trd, 8639438.912, 137
Trd, 8639439.712, 140
Trd, 8639440.179, 140
Trd, 8639440.479, 140
Trd, 8639441.979, 140
Trd, 8639442.012, 140
Trd, 8639442.279, 140
Trd, 8639442.779, 140
Trd, 8639443.646, 140
Trd, 8639444.346, 140
Trd, 8639445.046, 140
Trd, 8639445.179, 140
Trd, 8639445.479, 140
Trd, 8639445.779, 140
Trd, 8639445.879, 140
Trd, 8639446.379, 106
Trd, 8639447.146, 140
Trd, 8639447.846, 140
Trd, 8639447.879, 139
Trd, 8639448.612, 140
Trd, 8639448.946, 140
Trd, 8639448.979, 138
Trd, 8639449.412, 139
Trd, 8639449.446, 138
Trd, 8639450.112, 138
Trd, 8639450.579, 139
Trd, 8639450.679, 140
Trd, 8639450.912, 140
Trd, 8639451.646, 140
Trd, 8639452.312, 140
Trd, 8639452.346, 140
Trd, 8639452.812, 140
Trd, 8639453.079, 139
Trd, 8639453.179, 139
Trd, 8639453.312, 138
Trd, 8639453.779, 140
Trd, 8639454.212, 129
Trd, 8639454.646, 140
Trd, 8639454.679, 140
Trd, 8639455.079, 140
Trd, 8639455.679, 140
Trd, 8639456.046, 140
Trd, 8639456.679, 140
Trd, 8639456.912, 140
Trd, 8639457.046, 139
Trd, 8639457.912, 140
Trd, 8639458.012, 140
Trd, 8639458.112, 139
Trd, 8639458.279, 140
Trd, 8639459.046, 140
Trd, 8639460.112, 140
Trd, 8639460.346, 140
Trd, 8639460.812, 140
Trd, 8639461.912, 140
Trd, 8639461.979, 140
Trd, 8639463.046, 140
Trd, 8639463.312, 139
Trd, 8639463.512, 139
Trd, 8639464.112, 140
Trd, 8639465.112, 140
Trd, 8639465.146, 140
Trd, 8639465.379, 140
Trd, 8639465.546, 140
Trd, 8639466.179, 140
Trd, 8639466.379, 140
Trd, 8639466.412, 139
Trd, 8639467.146, 140
Trd, 8639467.512, 139
Trd, 8639467.646, 140
Trd, 8639468.179, 140
Trd, 8639468.879, 140
Trd, 8639469.712, 140
Trd, 8639469.879, 140
Trd, 8639469.979, 140
Trd, 8639470.246, 140
Trd, 8639470.746, 139
Trd, 8639470.779, 138
Trd, 8639471.012, 138
Trd, 8639471.712, 140
Trd, 8639471.879, 140
Trd, 8639472.412, 140
Trd, 8639472.612, 140
Trd, 8639472.812, 140
Trd, 8639473.479, 140
Trd, 8639473.579, 140
Trd, 8639473.612, 139
Trd, 8639474.946, 140
Trd, 8639475.312, 140
Trd, 8639475.912, 140
Trd, 8639476.179, 140
Trd, 8639476.346, 140
Trd, 8639476.746, 140
Trd, 8639477.179, 140
Trd, 8639478.512, 140
Trd, 8639478.946, 140
Trd, 8639479.479, 140
Trd, 8639479.846, 140
Trd, 8639480.479, 140
Trd, 8639480.779, 140
Trd, 8639481.512, 140
Trd, 8639481.612, 140
Trd, 8639481.879, 140
Trd, 8639482.112, 139
Trd, 8639482.879, 140
Trd, 8639483.046, 139
Trd, 8639483.212, 139
Trd, 8639483.579, 140
Trd, 8639483.712, 140
Trd, 8639483.912, 140
Trd, 8639484.346, 61
Trd, 8639485.379, 139
Trd, 8639486.812, 140
Trd, 8639487.446, 140
Trd, 8639487.512, 140
Trd, 8639487.846, 140
Trd, 8639488.146, 140
Trd, 8639489.046, 140
Trd, 8639489.112, 140
Trd, 8639489.146, 139
Trd, 8639489.212, 140
Trd, 8639489.246, 139
Trd, 8639490.446, 140
Trd, 8639490.479, 140
Trd, 8639490.712, 138
Trd, 8639491.012, 136
Trd, 8639491.212, 140
Trd, 8639491.246, 108
Trd, 8639491.546, 136
Trd, 8639492.979, 140
Trd, 8639493.046, 140
Trd, 8639493.312, 140
Trd, 8639493.579, 139
Trd, 8639494.646, 140
Trd, 8639495.446, 140
Trd, 8639496.379, 140
Trd, 8639496.412, 140
Trd, 8639496.479, 140
Trd, 8639496.679, 140
Trd, 8639497.112, 140
Trd, 8639497.312, 140
Trd, 8639497.779, 140
Trd, 8639497.812, 139
Trd, 8639498.546, 140
Trd, 8639499.679, 140
Trd, 8639500.412, 140
Trd, 8639500.446, 140
Trd, 8639500.512, 139
Trd, 8639500.546, 139
Trd, 8639500.679, 140
Trd, 8639501.312, 140
Trd, 8639501.512, 140
Trd, 8639501.779, 140
Trd, 8639502.679, 139
Trd, 8639502.979, 139
Trd, 8639503.846, 140
Trd, 8639504.712, 140
Trd, 8639504.846, 140
Trd, 8639505.146, 139
Trd, 8639505.679, 139
Trd, 8639506.179, 140
Trd, 8639506.812, 140
Trd, 8639506.879, 140
Trd, 8639507.479, 140
Trd, 8639507.879, 140
Trd, 8639508.312, 139
Trd, 8639508.912, 140
Trd, 8639509.012, 140
Trd, 8639509.512, 140
Trd, 8639509.546, 140
Trd, 8639509.846, 139
Trd, 8639509.979, 140
Trd, 8639510.746, 140
Trd, 8639511.012, 140
Trd, 8639511.479, 140
Trd, 8639511.712, 140
Trd, 8639511.879, 140
Trd, 8639512.346, 140
Trd, 8639512.379, 139
Trd, 8639513.046, 139
Trd, 8639513.146, 140
Trd, 8639513.212, 134
Trd, 8639513.312, 66
Trd, 8639513.912, 140
Trd, 8639514.146, 140
Trd, 8639514.979, 140
Trd, 8639515.179, 102
Trd, 8639516.512, 140
Trd, 8639516.712, 140
Trd, 8639517.579, 139
Trd, 8639517.646, 139
Trd, 8639517.779, 138
Trd, 8639518.012, 136
Trd, 8639518.712, 140
Trd, 8639519.512, 140
Trd, 8639520.446, 140
Trd, 8639521.579, 140
Trd, 8639521.612, 140
Trd, 8639521.712, 140
Trd, 8639521.879, 139
Trd, 8639522.646, 140
Trd, 8639522.679, 140
Trd, 8639522.779, 140
Trd, 8639523.279, 140
Trd, 8639523.446, 140
Trd, 8639524.746, 140
Trd, 8639525.179, 140
Trd, 8639525.412, 140
Trd, 8639525.579, 139
Trd, 8639526.346, 140
Trd, 8639526.379, 139
Trd, 8639526.512, 140
Trd, 8639526.946, 140
Trd, 8639527.779, 140
Trd, 8639528.612, 140
Trd, 8639528.879, 140
Trd, 8639530.012, 140
Trd, 8639530.612, 140
Trd, 8639531.079, 140
Trd, 8639531.512, 140
Trd, 8639532.112, 140
Trd, 8639532.312, 140
Trd, 8639532.646, 139
Trd, 8639532.679, 139
Trd, 8639532.946, 138
Trd, 8639533.446, 140
Trd, 8639533.512, 140
Trd, 8639534.346, 140
Trd, 8639534.812, 140
Trd, 8639534.879, 139
Trd, 8639535.079, 139
Trd, 8639535.146, 139
Trd, 8639536.512, 140
Trd, 8639536.546, 140
Trd, 8639537.179, 140
Trd, 8639537.246, 139
Trd, 8639538.446, 140
Trd, 8639538.546, 140
Trd, 8639538.912, 140
Trd, 8639539.112, 139
Trd, 8639539.446, 138
Trd, 8639540.279, 140
Trd, 8639542.079, 140
Trd, 8639542.212, 140
Trd, 8639542.246, 140
Trd, 8639542.279, 139
Trd, 8639542.346, 138
Trd, 8639542.412, 137
Trd, 8639542.579, 137
Trd, 8639542.779, 140
Trd, 8639543.212, 140
Trd, 8639543.312, 138
Trd, 8639543.846, 67
Trd, 8639544.246, 62
Trd, 8639544.879, 63
Trd, 8639545.046, 61
Trd, 8639545.246, 60
Trd, 8639545.379, 61
Trd, 8639545.879, 66
Trd, 8639547.312, 60
Trd, 8639547.446, 60
Trd, 8639548.446, 60
Trd, 8639548.512, 61
Trd, 8639549.046, 60
Trd, 8639549.112, 61
Trd, 8639549.846, 61
Trd, 8639550.179, 60
Trd, 8639550.246, 61
Trd, 8639550.679, 64
Trd, 8639550.946, 60
Trd, 8639551.179, 135
Trd, 8639551.646, 139
Trd, 8639551.912, 139
Trd, 8639552.679, 65
Trd, 8639553.246, 135
Trd, 8639553.646, 65
Trd, 8639553.879, 121
Trd, 8639554.279, 60
Trd, 8639554.412, 65
Trd, 8639555.279, 66
Trd, 8639555.546, 64
Trd, 8639555.746, 139
Trd, 8639556.112, 62
Trd, 8639556.212, 67
Trd, 8639556.579, 140
Trd, 8639556.646, 60
Trd, 8639557.946, 60
Trd, 8639559.312, 60
Trd, 8639559.379, 60
Trd, 8639559.546, 60
Trd, 8639560.112, 63
Trd, 8639560.746, 60
Trd, 8639560.846, 60
Trd, 8639561.112, 69
Trd, 8639561.546, 61
Trd, 8639561.979, 74
Trd, 8639562.379, 63
Trd, 8639562.546, 66
Trd, 8639563.146, 60
Trd, 8639563.246, 68
Trd, 8639563.879, 61
Trd, 8639564.079, 63
Trd, 8639564.279, 62
Trd, 8639564.946, 63
Trd, 8639565.946, 60
Trd, 8639566.146, 61
Trd, 8639566.812, 60
Trd, 8639567.012, 61
Trd, 8639567.046, 62
Trd, 8639567.446, 61
Trd, 8639568.246, 62
Trd, 8639568.279, 63
Trd, 8639568.546, 65
Trd, 8639568.879, 63
Trd, 8639570.112, 63
Trd, 8639570.979, 60
Trd, 8639571.279, 60
Trd, 8639571.479, 60
Trd, 8639571.912, 64
Trd, 8639572.512, 60
Trd, 8639573.046, 60
Trd, 8639573.312, 62
Trd, 8639573.412, 64
Trd, 8639574.779, 60
Trd, 8639574.979, 60
Trd, 8639575.179, 60
Trd, 8639575.579, 60
Trd, 8639575.846, 60
Trd, 8639575.879, 64
Trd, 8639576.546, 60
Trd, 8639576.746, 60
Trd, 8639576.812, 65
Trd, 8639577.546, 63
Trd, 8639578.012, 66
Trd, 8639578.079, 62
Trd, 8639578.179, 61
Trd, 8639578.312, 62
Trd, 8639578.679, 62
Trd, 8639579.379, 60
Trd, 8639579.546, 62
Trd, 8639579.612, 62
Trd, 8639580.212, 140
Trd, 8639581.146, 140
Trd, 8639581.279, 140
Trd, 8639581.346, 139
Trd, 8639581.679, 140
Trd, 8639582.946, 140
Trd, 8639583.379, 140
Trd, 8639583.512, 140
Trd, 8639584.112, 140
Trd, 8639584.246, 140
Trd, 8639584.312, 140
Trd, 8639584.412, 140
Trd, 8639584.679, 139
Trd, 8639585.279, 140
Trd, 8639585.779, 140
Trd, 8639586.112, 140
Trd, 8639586.546, 140
Trd, 8639586.579, 140
Trd, 8639586.779, 140
Trd, 8639587.479, 62
Trd, 8639588.312, 62
Trd, 8639588.446, 62
Trd, 8639589.646, 62
Trd, 8639589.979, 62
Trd, 8639590.046, 72
Trd, 8639590.179, 61
Trd, 8639590.879, 63
Trd, 8639591.446, 66
Trd, 8639592.112, 63
Trd, 8639592.246, 64
Trd, 8639592.579, 140
Trd, 8639593.012, 62
Trd, 8639593.579, 60
Trd, 8639593.779, 63
Trd, 8639594.079, 65
Trd, 8639594.846, 62
Trd, 8639595.046, 63
Trd, 8639595.079, 63
Trd, 8639595.112, 66
Trd, 8639595.646, 66
Trd, 8639598.146, 60
Trd, 8639598.279, 60
Trd, 8639598.379, 60
Trd, 8639599.346, 60
Trd, 8639599.479, 60
Trd, 8639599.512, 60
Trd, 8639599.746, 60
Trd, 8639600.112, 60
Trd, 8639600.379, 60
Trd, 8639600.812, 60
Trd, 8639601.379, 60
Trd, 8639601.446, 60
Trd, 8639602.346, 61
Trd, 8639602.446, 63
Trd, 8639602.712, 65
Trd, 8639603.946, 60
Trd, 8639604.179, 60
Trd, 8639604.879, 60
Trd, 8639605.012, 60
Trd, 8639605.512, 62
Trd, 8639606.779, 60
Trd, 8639607.112, 60
Trd, 8639607.446, 60
Trd, 8639607.512, 60
Trd, 8639607.879, 61
Trd, 8639608.812, 62
Trd, 8639608.879, 64
Trd, 8639608.946, 140
Trd, 8639610.012, 60
Trd, 8639610.679, 60
Trd, 8639611.146, 60
Trd, 8639611.212, 62
Trd, 8639611.579, 60
Trd, 8639612.246, 60
Trd, 8639612.779, 60
Trd, 8639614.012, 60
Trd, 8639614.246, 60
Trd, 8639614.579, 60
Trd, 8639614.746, 60
Trd, 8639615.246, 61
Trd, 8639615.412, 61
Trd, 8639615.512, 62
Trd, 8639615.812, 62
Trd, 8639616.079, 61
Trd, 8639616.712, 61
Trd, 8639617.046, 60
Trd, 8639617.579, 61
Trd, 8639617.812, 61
Trd, 8639619.179, 62
Trd, 8639619.279, 61
Trd, 8639619.579, 61
Trd, 8639619.812, 63
Trd, 8639619.912, 64
Trd, 8639620.079, 64
Trd, 8639620.246, 60
Trd, 8639620.579, 65
Trd, 8639620.912, 69
Trd, 8639621.212, 79
Trd, 8639621.479, 80
Trd, 8639622.246, 66
Trd, 8639622.412, 65
Trd, 8639622.912, 140
Trd, 8639623.712, 140
Trd, 8639624.046, 140
Trd, 8639624.712, 140
Trd, 8639624.779, 140
Trd, 8639625.046, 139
Trd, 8639625.479, 140
Trd, 8639625.679, 137
Trd, 8639626.212, 61
Trd, 8639626.546, 138
Trd, 8639626.746, 61
Trd, 8639627.179, 61
Trd, 8639627.646, 64
Trd, 8639628.046, 60
Trd, 8639628.979, 60
Trd, 8639629.146, 60
Trd, 8639630.146, 60
Trd, 8639630.412, 61
Trd, 8639630.446, 62
Trd, 8639631.412, 64
Trd, 8639632.046, 63
Trd, 8639632.212, 66
Trd, 8639632.346, 68
Trd, 8639632.646, 60
Trd, 8639632.812, 61
Trd, 8639633.046, 61
Trd, 8639633.712, 61
Trd, 8639634.279, 61
Trd, 8639634.746, 87
Trd, 8639635.012, 89
Trd, 8639635.246, 89
Trd, 8639635.479, 60
Trd, 8639636.112, 60
Trd, 8639636.912, 60
Trd, 8639636.946, 61
Trd, 8639637.212, 63
Trd, 8639637.312, 62
Trd, 8639637.412, 60
Trd, 8639637.879, 64
Trd, 8639638.546, 61
Trd, 8639638.979, 61
Trd, 8639639.679, 61
Trd, 8639640.746, 60
Trd, 8639640.979, 62
Trd, 8639641.379, 62
Trd, 8639642.512, 60
Trd, 8639642.546, 60
Trd, 8639642.579, 61
Trd, 8639642.612, 62
Trd, 8639643.846, 60
Trd, 8639644.612, 60
Trd, 8639644.779, 60
Trd, 8639644.946, 60
Trd, 8639645.212, 60
Trd, 8639645.712, 60
Trd, 8639645.979, 61
Trd, 8639646.212, 62
Trd, 8639646.246, 62
Trd, 8639647.012, 63
Trd, 8639647.146, 67
Trd, 8639647.412, 118
Trd, 8639647.546, 117
Trd, 8639647.912, 138
Trd, 8639648.712, 140
Trd, 8639649.012, 140
Trd, 8639649.046, 140
Trd, 8639649.112, 140
Trd, 8639650.046, 140
Trd, 8639650.812, 140
Trd, 8639651.312, 140
Trd, 8639651.746, 140
Trd, 8639651.779, 139
Trd, 8639652.079, 140
Trd, 8639653.812, 140
Trd, 8639654.012, 140
Trd, 8639654.112, 140
Trd, 8639654.312, 140
Trd, 8639655.712, 140
Trd, 8639655.746, 140
Trd, 8639656.379, 139
Trd, 8639656.712, 140
Trd, 8639657.146, 140
Trd, 8639657.546, 140
Trd, 8639658.446, 139
Trd, 8639659.112, 140
Trd, 8639659.279, 140
Trd, 8639659.379, 139
Trd, 8639660.446, 140
Trd, 8639660.579, 140
Trd, 8639660.646, 140
Trd, 8639660.979, 140
Trd, 8639661.079, 139
Trd, 8639661.379, 140
Trd, 8639662.079, 140
Trd, 8639662.712, 140
Trd, 8639663.946, 140
Trd, 8639663.979, 140
Trd, 8639664.312, 140
Trd, 8639664.712, 140
Trd, 8639664.746, 140
Trd, 8639665.446, 139
Trd, 8639666.046, 140
Trd, 8639666.879, 140
Trd, 8639667.379, 140
Trd, 8639667.546, 140
Trd, 8639668.012, 139
Trd, 8639668.046, 139
Trd, 8639669.179, 140
Trd, 8639669.646, 140
Trd, 8639669.712, 140
Trd, 8639669.746, 140
Trd, 8639670.112, 140
Trd, 8639670.712, 140
Trd, 8639671.679, 139
Trd, 8639671.812, 140
Trd, 8639672.412, 140
Trd, 8639672.679, 139
Trd, 8639672.779, 139
Trd, 8639672.912, 138
Trd, 8639673.612, 140
Trd, 8639674.246, 140
Trd, 8639675.179, 140
Trd, 8639675.646, 140
Trd, 8639676.312, 140
Trd, 8639676.379, 140
Trd, 8639676.646, 140
Trd, 8639676.912, 140
Trd, 8639677.779, 140
Trd, 8639678.479, 140
Trd, 8639678.546, 140
Trd, 8639678.612, 140
Trd, 8639679.079, 140
Trd, 8639679.946, 140
Trd, 8639680.146, 140
Trd, 8639680.512, 139
Trd, 8639681.012, 140
Trd, 8639681.546, 140
Trd, 8639682.146, 140
Trd, 8639682.879, 140
Trd, 8639683.346, 139
Trd, 8639683.479, 139
Trd, 8639684.246, 140
Trd, 8639684.279, 140
Trd, 8639684.479, 139
Trd, 8639685.279, 140
Trd, 8639685.646, 140
Trd, 8639685.846, 140
Trd, 8639686.012, 140
Trd, 8639686.046, 137
Trd, 8639686.746, 139
Trd, 8639687.346, 140
Trd, 8639687.412, 136
Trd, 8639687.779, 139
Trd, 8639687.979, 135
Trd, 8639688.412, 137
Trd, 8639688.746, 63
Trd, 8639689.379, 137
Trd, 8639689.546, 135
Trd, 8639690.212, 66
Trd, 8639690.512, 62
Trd, 8639691.279, 62
Trd, 8639691.312, 67
Trd, 8639691.412, 68
Trd, 8639691.612, 60
Trd, 8639691.812, 60
Trd, 8639692.846, 60
Trd, 8639693.346, 60
Trd, 8639693.579, 62
Trd, 8639693.812, 62
Trd, 8639694.212, 60
Trd, 8639694.246, 64
Trd, 8639694.446, 60
Trd, 8639694.479, 67
Trd, 8639696.479, 60
Trd, 8639697.212, 60
Trd, 8639697.246, 60
Trd, 8639697.279, 61
Trd, 8639698.212, 67
Trd, 8639698.646, 62
Trd, 8639699.179, 60
Trd, 8639699.246, 68
Trd, 8639699.779, 70
Trd, 8639700.012, 61
Trd, 8639700.046, 74
Trd, 8639700.546, 60
Trd, 8639701.446, 60
Trd, 8639701.579, 61
Trd, 8639701.746, 62
Trd, 8639702.546, 61
Trd, 8639703.346, 60
Trd, 8639703.379, 62
Trd, 8639703.946, 60
Trd, 8639704.012, 61
Trd, 8639704.079, 70
Trd, 8639704.512, 140
Trd, 8639704.946, 62
Trd, 8639705.546, 62
Trd, 8639705.579, 81
Trd, 8639706.479, 121
Trd, 8639707.279, 64
Trd, 8639707.346, 68
Trd, 8639707.512, 69
Trd, 8639707.679, 61
Trd, 8639708.146, 60
Trd, 8639708.312, 138
Trd, 8639708.912, 140
Trd, 8639709.146, 64
Trd, 8639709.979, 140
Trd, 8639710.246, 140
Trd, 8639710.412, 136
Trd, 8639711.079, 138
Trd, 8639711.112, 138
Trd, 8639711.246, 140
Trd, 8639712.012, 140
Trd, 8639712.479, 140
Trd, 8639713.212, 140
Trd, 8639713.579, 139
Trd, 8639714.112, 139
Trd, 8639715.079, 140
Trd, 8639715.179, 140
Trd, 8639715.712, 140
Trd, 8639715.779, 139
Trd, 8639715.979, 140
Trd, 8639716.979, 140
Trd, 8639717.012, 139
Trd, 8639717.512, 140
Trd, 8639717.612, 140
Trd, 8639717.779, 140
Trd, 8639718.512, 139
Trd, 8639719.046, 140
Trd, 8639719.312, 139
Trd, 8639719.646, 140
Trd, 8639720.146, 139
Trd, 8639720.279, 138
Trd, 8639721.046, 137
Trd, 8639721.279, 140
Trd, 8639722.312, 140
Trd, 8639722.479, 140
Trd, 8639722.612, 140
Trd, 8639722.646, 101
Trd, 8639723.612, 61
Trd, 8639723.979, 63
Trd, 8639724.346, 65
Trd, 8639724.579, 139
Trd, 8639725.512, 60
Trd, 8639725.679, 60
Trd, 8639726.146, 62
Trd, 8639726.712, 62
Trd, 8639726.846, 62
Trd, 8639727.179, 139
Trd, 8639727.779, 140
Trd, 8639728.079, 140
Trd, 8639728.546, 140
Trd, 8639728.979, 140
Trd, 8639729.679, 140
Trd, 8639729.812, 136
Trd, 8639730.712, 140
Trd, 8639731.179, 140
Trd, 8639731.346, 140
Trd, 8639732.212, 140
Trd, 8639732.446, 140
Trd, 8639733.079, 140
Trd, 8639733.846, 140
Trd, 8639734.046, 140
Trd, 8639734.379, 140
Trd, 8639734.412, 139
Trd, 8639734.446, 138
Trd, 8639734.812, 140
Trd, 8639735.412, 140
Trd, 8639735.779, 140
Trd, 8639736.479, 140
Trd, 8639736.546, 139
Trd, 8639736.579, 139
Trd, 8639736.679, 139
Trd, 8639737.579, 140
Trd, 8639737.779, 140
Trd, 8639738.046, 139
Trd, 8639738.646, 124
Trd, 8639739.346, 140
Trd, 8639739.479, 140
Trd, 8639739.579, 137
Trd, 8639740.012, 140
Trd, 8639740.679, 140
Trd, 8639740.912, 140
Trd, 8639742.246, 140
Trd, 8639742.846, 140
Trd, 8639742.912, 139
Trd, 8639743.212, 140
Trd, 8639743.246, 139
Trd, 8639744.346, 139
Trd, 8639744.379, 139
Trd, 8639744.612, 139
Trd, 8639745.112, 140
Trd, 8639745.679, 140
Trd, 8639746.446, 140
Trd, 8639746.912, 140
Trd, 8639747.512, 140
Trd, 8639747.679, 140
Trd, 8639749.079, 140
Trd, 8639749.246, 140
Trd, 8639749.946, 139
Trd, 8639750.312, 140
Trd, 8639750.479, 140
Trd, 8639750.812, 140
Trd, 8639750.846, 140
Trd, 8639751.479, 140
Trd, 8639751.646, 140
Trd, 8639751.779, 140
Trd, 8639752.279, 140
Trd, 8639753.012, 131
Trd, 8639753.312, 137
Trd, 8639753.712, 61
Trd, 8639753.746, 62
Trd, 8639753.846, 60
Trd, 8639754.412, 60
Trd, 8639755.046, 138
Trd, 8639755.646, 61
Trd, 8639755.912, 61
Trd, 8639756.012, 62
Trd, 8639756.112, 64
Trd, 8639756.646, 60
Trd, 8639758.212, 62
Trd, 8639758.379, 62
Trd, 8639758.479, 65
Trd, 8639758.612, 66
Trd, 8639758.779, 67
Trd, 8639759.212, 66
Trd, 8639759.679, 60
Trd, 8639759.812, 66
Trd, 8639760.412, 62
Trd, 8639761.846, 60
Trd, 8639762.179, 60
Trd, 8639762.746, 60
Trd, 8639763.146, 60
Trd, 8639763.979, 60
Trd, 8639764.379, 60
Trd, 8639764.679, 61
Trd, 8639764.846, 64
Trd, 8639765.179, 61
Trd, 8639765.346, 62
Trd, 8639765.812, 63
Trd, 8639766.079, 63
Trd, 8639766.346, 64
Trd, 8639766.446, 64
Trd, 8639768.046, 65
Trd, 8639768.912, 60
Trd, 8639769.012, 60
Trd, 8639769.146, 63
Trd, 8639769.446, 60
Trd, 8639769.579, 61
Trd, 8639770.012, 60
Trd, 8639770.679, 60
Trd, 8639771.446, 60
Trd, 8639771.646, 61
Trd, 8639771.879, 65
Trd, 8639772.079, 62
Trd, 8639772.312, 60
Trd, 8639772.479, 62
Trd, 8639772.979, 129
Trd, 8639773.012, 129
Trd, 8639773.446, 139
Trd, 8639773.746, 62
Trd, 8639774.246, 140
Trd, 8639774.312, 136
Trd, 8639774.679, 140
Trd, 8639774.946, 140
Trd, 8639776.912, 60
Trd, 8639776.979, 60
Trd, 8639777.246, 60
Trd, 8639777.312, 60
Trd, 8639777.579, 60
Trd, 8639777.712, 60
Trd, 8639778.046, 73
Trd, 8639778.412, 137
Trd, 8639779.246, 61
Trd, 8639779.912, 60
Trd, 8639780.512, 60
Trd, 8639780.946, 62
Trd, 8639782.046, 60
Trd, 8639782.212, 61
Trd, 8639782.712, 61
Trd, 8639782.746, 61
Trd, 8639782.779, 62
Trd, 8639783.579, 82
Trd, 8639785.046, 140
Trd, 8639785.212, 139
Trd, 8639785.279, 138
Trd, 8639785.679, 138
Trd, 8639785.712, 138
Trd, 8639786.079, 69
Trd, 8639786.379, 90
Trd, 8639786.712, 61
Trd, 8639788.179, 60
Trd, 8639788.446, 60
Trd, 8639788.646, 61
Trd, 8639789.512, 61
Trd, 8639789.579, 62
Trd, 8639789.712, 61
Trd, 8639790.579, 61
Trd, 8639790.712, 61
Trd, 8639790.912, 61
Trd, 8639791.412, 60
Trd, 8639791.612, 60
Trd, 8639791.712, 60
Trd, 8639792.079, 60
Trd, 8639792.112, 65
Trd, 8639792.346, 97
Trd, 8639794.379, 60
Trd, 8639794.512, 61
Trd, 8639794.646, 60
Trd, 8639794.779, 63
Trd, 8639795.279, 63
Trd, 8639795.746, 60
Trd, 8639796.979, 60
Trd, 8639797.279, 60
Trd, 8639797.546, 62
Trd, 8639797.846, 61
Trd, 8639798.146, 60
Trd, 8639798.212, 62
Trd, 8639798.312, 63
Trd, 8639798.446, 61
Trd, 8639798.946, 64
Trd, 8639799.346, 60
Trd, 8639799.812, 60
Trd, 8639800.079, 61
Trd, 8639800.112, 63
Trd, 8639800.812, 140
Trd, 8639800.879, 140
Trd, 8639801.879, 140
Trd, 8639801.946, 140
Trd, 8639802.046, 140
Trd, 8639802.346, 140
Trd, 8639803.146, 79
Trd, 8639803.546, 138
Trd, 8639803.946, 69
Trd, 8639804.579, 65
Trd, 8639805.146, 61
Trd, 8639805.912, 60
Trd, 8639806.012, 61
Trd, 8639806.246, 62
Trd, 8639806.412, 60
Trd, 8639806.946, 60
Trd, 8639807.312, 60
Trd, 8639807.446, 61
Trd, 8639807.712, 60
Trd, 8639808.012, 61
Trd, 8639809.079, 63
Trd, 8639809.712, 61
Trd, 8639810.212, 62
Trd, 8639810.646, 60
Trd, 8639810.879, 60
Trd, 8639811.179, 63
Trd, 8639811.712, 62
Trd, 8639811.779, 65
Trd, 8639811.946, 66
Trd, 8639812.246, 62
Trd, 8639812.346, 71
Trd, 8639812.812, 65
Trd, 8639813.746, 60
Trd, 8639814.346, 61
Trd, 8639814.912, 68
Trd, 8639815.046, 77
Trd, 8639815.546, 138
Trd, 8639815.946, 61
Trd, 8639816.179, 139
Trd, 8639816.446, 140
Trd, 8639816.912, 62
Trd, 8639817.412, 62
Trd, 8639818.412, 73
Trd, 8639818.479, 65
Trd, 8639818.579, 78
Trd, 8639818.946, 140
Trd, 8639819.379, 140
Trd, 8639819.712, 139
Trd, 8639820.612, 140
Trd, 8639821.679, 140
Trd, 8639822.346, 140
Trd, 8639822.579, 140
Trd, 8639822.679, 140
Trd, 8639822.746, 139
Trd, 8639823.312, 140
Trd, 8639823.446, 140
Trd, 8639823.546, 140
Trd, 8639824.346, 140
Trd, 8639824.946, 140
Trd, 8639825.179, 139
Trd, 8639825.246, 138
Trd, 8639825.579, 139
Trd, 8639826.446, 140
Trd, 8639826.512, 139
Trd, 8639827.146, 139
Trd, 8639827.246, 140
Trd, 8639827.546, 140
Trd, 8639827.879, 140
Trd, 8639828.512, 140
Trd, 8639828.846, 138
Trd, 8639828.946, 139
Trd, 8639829.112, 139
Trd, 8639829.646, 140
Trd, 8639830.146, 140
Trd, 8639830.612, 140
Trd, 8639831.012, 140
Trd, 8639831.579, 140
Trd, 8639831.612, 140
Trd, 8639832.512, 140
Trd, 8639833.079, 140
Trd, 8639833.879, 140
Trd, 8639835.312, 140
Trd, 8639835.579, 140
Trd, 8639835.912, 140
Trd, 8639836.012, 140
Trd, 8639836.046, 139
Trd, 8639836.446, 140
Trd, 8639836.912, 140
Trd, 8639838.079, 140
Trd, 8639838.412, 140
Trd, 8639839.312, 140
Trd, 8639839.712, 140
Trd, 8639839.746, 138
Trd, 8639840.679, 140
Trd, 8639840.912, 140
Trd, 8639841.179, 140
Trd, 8639841.479, 140
Trd, 8639841.946, 140
Trd, 8639842.546, 140
Trd, 8639842.612, 139
Trd, 8639842.812, 140
Trd, 8639843.046, 138
Trd, 8639844.879, 140
Trd, 8639845.146, 140
Trd, 8639845.179, 140
Trd, 8639845.279, 140
Trd, 8639845.346, 139
Trd, 8639845.379, 138
Trd, 8639845.746, 139
Trd, 8639847.446, 140
Trd, 8639847.579, 140
Trd, 8639847.679, 140
Trd, 8639848.279, 140
Trd, 8639848.612, 139
Trd, 8639848.912, 140
Trd, 8639850.212, 140
Trd, 8639850.646, 140
Trd, 8639850.846, 140
Trd, 8639850.912, 140
Trd, 8639851.012, 139
Trd, 8639851.279, 140
Trd, 8639853.079, 140
Trd, 8639853.879, 140
Trd, 8639853.912, 140
Trd, 8639854.946, 140
Trd, 8639855.112, 140
Trd, 8639855.279, 140
Trd, 8639855.512, 140
Trd, 8639856.179, 140
Trd, 8639856.412, 140
Trd, 8639856.746, 140
Trd, 8639856.846, 140
Trd, 8639857.079, 140
Trd, 8639857.146, 140
Trd, 8639858.046, 140
Trd, 8639858.246, 140
Trd, 8639858.946, 140
Trd, 8639859.046, 140
Trd, 8639859.379, 140
Trd, 8639859.512, 139
Trd, 8639859.779, 137
Trd, 8639860.712, 61
Trd, 8639860.879, 60
Trd, 8639861.179, 62
Trd, 8639861.579, 61
Trd, 8639861.646, 62
Trd, 8639862.612, 60
Trd, 8639863.112, 72
Trd, 8639864.346, 140
Trd, 8639864.446, 140
Trd, 8639864.479, 140
Trd, 8639864.512, 138
Trd, 8639864.812, 140
Trd, 8639865.646, 140
Trd, 8639865.746, 140
Trd, 8639865.879, 140
Trd, 8639866.379, 140
Trd, 8639867.246, 140
Trd, 8639867.346, 140
Trd, 8639868.146, 140
Trd, 8639868.346, 140
Trd, 8639868.446, 140
Trd, 8639868.546, 140
Trd, 8639870.379, 140
Trd, 8639870.479, 140
Trd, 8639871.346, 140
Trd, 8639871.612, 140
Trd, 8639871.912, 140
Trd, 8639871.946, 140
Trd, 8639872.146, 139
Trd, 8639872.479, 139
Trd, 8639872.746, 140
Trd, 8639873.079, 138
Trd, 8639873.779, 140
Trd, 8639873.979, 140
Trd, 8639874.812, 140
Trd, 8639875.112, 140
Trd, 8639875.412, 61
Trd, 8639875.546, 60
Trd, 8639875.812, 61
Trd, 8639876.112, 61
Trd, 8639876.746, 65
Trd, 8639877.312, 61
Trd, 8639877.979, 60
Trd, 8639878.279, 60
Trd, 8639878.412, 63
Trd, 8639878.812, 65
Trd, 8639879.012, 60
Trd, 8639879.779, 74
Trd, 8639880.712, 60
Trd, 8639880.912, 60
Trd, 8639880.979, 64
Trd, 8639882.146, 60
Trd, 8639882.279, 60
Trd, 8639882.712, 62
Trd, 8639882.912, 60
Trd, 8639883.212, 61
Trd, 8639883.679, 61
Trd, 8639884.646, 61
Trd, 8639884.912, 61
Trd, 8639886.079, 60
Trd, 8639886.179, 61
Trd, 8639886.846, 60
Trd, 8639887.412, 60
Trd, 8639887.479, 61
Trd, 8639887.612, 62
Trd, 8639888.079, 63
Trd, 8639888.246, 60
Trd, 8639888.746, 63
Trd, 8639889.012, 60
Trd, 8639889.079, 64
Trd, 8639889.646, 60
Trd, 8639889.779, 61
Trd, 8639889.946, 61
Trd, 8639890.346, 62
Trd, 8639890.679, 60
Trd, 8639891.446, 61
Trd, 8639892.846, 60
Trd, 8639893.179, 60
Trd, 8639893.479, 62
Trd, 8639893.812, 62
Trd, 8639894.346, 60
Trd, 8639894.679, 60
Trd, 8639895.712, 60
Trd, 8639895.746, 61
Trd, 8639895.846, 61
Trd, 8639896.112, 62
Trd, 8639896.679, 60
Trd, 8639897.079, 60
Trd, 8639897.279, 63
Trd, 8639898.579, 60
Trd, 8639898.746, 60
Trd, 8639900.046, 61
Trd, 8639900.646, 60
Trd, 8639900.712, 61
Trd, 8639900.979, 61
Trd, 8639901.246, 61
Trd, 8639901.412, 62
Trd, 8639902.079, 62
Trd, 8639902.212, 60
Trd, 8639902.612, 60
Trd, 8639902.946, 63
Trd, 8639903.179, 62
Trd, 8639904.512, 61
Trd, 8639905.112, 61
Trd, 8639905.379, 62
Trd, 8639905.579, 60
Trd, 8639905.879, 63
Trd, 8639907.346, 60
Trd, 8639907.479, 60
Trd, 8639907.679, 60
Trd, 8639907.979, 61
Trd, 8639908.479, 61
Trd, 8639908.912, 61
Trd, 8639908.979, 61
Trd, 8639909.146, 60
Trd, 8639909.246, 61
Trd, 8639909.946, 60
Trd, 8639910.112, 60
Trd, 8639910.846, 61
Trd, 8639911.579, 60
Trd, 8639911.646, 61
Trd, 8639912.312, 60
Trd, 8639912.779, 61
Trd, 8639913.546, 61
Trd, 8639913.612, 63
Trd, 8639913.812, 62
Trd, 8639914.046, 63
Trd, 8639915.112, 60
Trd, 8639915.146, 61
Trd, 8639915.212, 63
Trd, 8639916.079, 60
Trd, 8639916.479, 60
Trd, 8639916.912, 60
Trd, 8639917.079, 60
Trd, 8639917.179, 60
Trd, 8639917.212, 61
Trd, 8639918.346, 60
Trd, 8639918.679, 61
Trd, 8639919.146, 62
Trd, 8639920.012, 60
Trd, 8639920.079, 60
Trd, 8639920.512, 60
Trd, 8639921.112, 60
Trd, 8639921.579, 61
Trd, 8639921.946, 60
Trd, 8639922.346, 60
Trd, 8639922.812, 60
Trd, 8639923.279, 60
Trd, 8639923.512, 60
Trd, 8639923.579, 65
Trd, 8639924.346, 60
Trd, 8639925.012, 60
Trd, 8639925.346, 61
Trd, 8639925.946, 62
Trd, 8639926.346, 60
Trd, 8639926.379, 69
Trd, 8639926.412, 79
Trd, 8639926.712, 63
Trd, 8639927.812, 66
Trd, 8639927.846, 66
Trd, 8639928.012, 70
Trd, 8639928.512, 139
Trd, 8639928.946, 139
Trd, 8639929.579, 140
Trd, 8639930.012, 140
Trd, 8639930.246, 140
Trd, 8639930.512, 139
Trd, 8639931.212, 140
Trd, 8639931.312, 140
Trd, 8639932.312, 139
Trd, 8639932.379, 113
Trd, 8639932.646, 140
Trd, 8639933.912, 140
Trd, 8639934.279, 140
Trd, 8639934.446, 140
Trd, 8639935.346, 140
Trd, 8639935.812, 140
Trd, 8639935.946, 140
Trd, 8639936.179, 139
Trd, 8639936.379, 139
Trd, 8639936.946, 140
Trd, 8639937.746, 140
Trd, 8639937.879, 140
Trd, 8639938.146, 140
Trd, 8639938.279, 139
Trd, 8639938.846, 140
Trd, 8639939.079, 140
Trd, 8639939.479, 140
Trd, 8639940.712, 140
Trd, 8639941.612, 140
Trd, 8639941.812, 140
Trd, 8639941.846, 139
Trd, 8639942.812, 140
Trd, 8639943.079, 140
Trd, 8639943.746, 140
Trd, 8639944.546, 140
Trd, 8639944.579, 140
Trd, 8639945.579, 140
Trd, 8639946.012, 140
Trd, 8639946.412, 140
Trd, 8639946.446, 139
Trd, 8639946.612, 140
Trd, 8639946.912, 139
Trd, 8639947.312, 139
Trd, 8639947.912, 140
Trd, 8639948.412, 140
Trd, 8639948.512, 140
Trd, 8639948.879, 140
Trd, 8639949.179, 137
Trd, 8639950.012, 140
Trd, 8639950.212, 140
Trd, 8639950.712, 140
Trd, 8639951.579, 140
Trd, 8639951.979, 140
Trd, 8639952.512, 140
Trd, 8639952.546, 138
Trd, 8639952.712, 138
Trd, 8639952.846, 138
Trd, 8639954.446, 140
Trd, 8639954.879, 140
Trd, 8639955.246, 140
Trd, 8639955.346, 140
Trd, 8639956.079, 140
Trd, 8639956.146, 140
Trd, 8639956.179, 140
Trd, 8639956.546, 139
Trd, 8639956.579, 136
Trd, 8639957.612, 140
Trd, 8639958.312, 140
Trd, 8639958.446, 140
Trd, 8639958.512, 139
Trd, 8639959.279, 140
Trd, 8639959.812, 140
Trd, 8639960.446, 140
Trd, 8639960.746, 139
Trd, 8639960.846, 140
Trd, 8639961.079, 140
Trd, 8639961.346, 140
Trd, 8639961.646, 139
Trd, 8639962.812, 140
Trd, 8639963.246, 140
Trd, 8639963.346, 140
Trd, 8639964.212, 140
Trd, 8639964.546, 140
Trd, 8639965.946, 140
Trd, 8639966.279, 140
Trd, 8639966.412, 140
Trd, 8639966.746, 140
Trd, 8639966.879, 140
Trd, 8639967.246, 140
Trd, 8639967.412, 140
Trd, 8639967.879, 140
Trd, 8639968.412, 140
Trd, 8639968.812, 140
Trd, 8639969.179, 139
Trd, 8639969.446, 140
Trd, 8639970.079, 140
Trd, 8639970.546, 140
Trd, 8639970.946, 140
Trd, 8639971.679, 140
Trd, 8639972.379, 140
Trd, 8639972.846, 140
Trd, 8639972.879, 140
Trd, 8639973.646, 140
Trd, 8639973.846, 140
Trd, 8639974.346, 139
Trd, 8639975.279, 140
Trd, 8639975.846, 140
Trd, 8639975.946, 140
Trd, 8639976.612, 140
Trd, 8639976.712, 139
Trd, 8639976.846, 140
Trd, 8639977.446, 140
Trd, 8639977.879, 140
Trd, 8639978.379, 140
Trd, 8639979.579, 140
Trd, 8639980.246, 139
Trd, 8639980.312, 139
Trd, 8639980.579, 140
Trd, 8639980.846, 140
Trd, 8639981.779, 140
Trd, 8639982.312, 140
Trd, 8639982.579, 140
Trd, 8639982.912, 140
Trd, 8639983.212, 139
Trd, 8639983.846, 140
Trd, 8639984.512, 140
Trd, 8639984.779, 140
Trd, 8639985.246, 138
Trd, 8639985.646, 140
Trd, 8639986.146, 140
Trd, 8639986.346, 140
Trd, 8639986.479, 140
Trd, 8639986.546, 139
Trd, 8639986.579, 124
Trd, 8639986.946, 60
Trd, 8639987.546, 60
Trd, 8639987.612, 61
Trd, 8639987.712, 61
Trd, 8639987.912, 75
Trd, 8639988.979, 140
Trd, 8639989.579, 140
Trd, 8639989.879, 140
Trd, 8639990.479, 140
Trd, 8639991.046, 140
Trd, 8639991.312, 140
Trd, 8639991.446, 139
Trd, 8639992.346, 140
Trd, 8639992.612, 140
Trd, 8639992.846, 140
Trd, 8639993.312, 135
Trd, 8639993.412, 120
Trd, 8639993.712, 140
Trd, 8639994.512, 140
Trd, 8639995.012, 140
Trd, 8639995.179, 140
Trd, 8639995.446, 140
Trd, 8639996.079, 140
Trd, 8639996.446, 140
Trd, 8639996.646, 140
Trd, 8639998.046, 140
Trd, 8639998.346, 140
Trd, 8639999.546, 140
Trd, 8639999.946, 140
