Trd, 8638754.112, 131
Trd, 8638754.312, 112
Trd, 8638754.579, 126
Trd, 8638755.446, 120
Trd, 8638755.746, 74
Trd, 8638756.946, 98
Trd, 8638757.779, 115
Trd, 8638757.846, 113
Trd, 8638758.012, 121
Trd, 8638759.046, 132
Trd, 8638759.312, 112
Trd, 8638760.379, 117
Trd, 8638760.612, 112
Trd, 8638760.879, 104
Trd, 8638761.079, 120
Trd, 8638761.479, 114
Trd, 8638761.712, 114
Trd, 8638762.346, 136
Trd, 8638762.879, 122
Trd, 8638763.312, 107
Trd, 8638763.779, 113
Trd, 8638763.812, 100
Trd, 8638764.112, 95
Trd, 8638764.912, 139
Trd, 8638765.712, 118
Trd, 8638765.812, 111
Trd, 8638766.612, 135
Trd, 8638767.246, 99
Trd, 8638767.312, 96
Trd, 8638767.712, 119
Trd, 8638768.412, 101
Trd, 8638768.679, 101
Trd, 8638768.712, 97
Trd, 8638769.579, 113
Trd, 8638769.846, 99
Trd, 8638770.512, 127
Trd, 8638770.746, 110
Trd, 8638771.679, 120
Trd, 8638771.979, 123
Trd, 8638772.246, 120
Trd, 8638772.712, 100
Trd, 8638773.379, 125
Trd, 8638774.212, 126
Trd, 8638774.279, 114
Trd, 8638774.946, 122
Trd, 8638775.012, 106
Trd, 8638775.179, 98
Trd, 8638775.679, 105
Trd, 8638775.712, 98
Trd, 8638776.112, 101
Trd, 8638776.812, 124
Trd, 8638777.079, 99
Trd, 8638777.246, 97
Trd, 8638778.146, 130
Trd, 8638778.346, 129
Trd, 8638778.446, 120
Trd, 8638778.712, 114
Trd, 8638778.946, 106
Trd, 8638779.979, 91
Trd, 8638781.479, 98
Trd, 8638782.012, 106
Trd, 8638782.146, 112
Trd, 8638782.679, 104
Trd, 8638782.979, 99
Trd, 8638784.012, 107
Trd, 8638784.179, 95
Trd, 8638784.612, 103
Trd, 8638785.579, 104
Trd, 8638785.746, 99
Trd, 8638786.379, 97
Trd, 8638786.479, 129
Trd, 8638786.879, 133
Trd, 8638787.046, 125
Trd, 8638787.479, 115
Trd, 8638788.712, 125
Trd, 8638789.279, 106
Trd, 8638789.346, 97
Trd, 8638789.446, 97
Trd, 8638790.046, 117
Trd, 8638791.046, 129
Trd, 8638791.179, 122
Trd, 8638792.112, 125
Trd, 8638792.179, 119
Trd, 8638792.346, 91
Trd, 8638793.046, 77
Trd, 8638793.146, 73
Trd, 8638793.279, 132
Trd, 8638794.612, 138
Trd, 8638795.212, 127
Trd, 8638795.579, 119
Trd, 8638796.046, 111
Trd, 8638797.079, 80
Trd, 8638797.379, 83
Trd, 8638797.712, 76
Trd, 8638797.879, 72
Trd, 8638797.946, 83
Trd, 8638798.079, 66
Trd, 8638799.012, 62
Trd, 8638800.412, 107
Trd, 8638800.546, 122
Trd, 8638800.746, 105
Trd, 8638800.946, 106
Trd, 8638802.012, 106
Trd, 8638802.046, 83
Trd, 8638802.146, 66
Trd, 8638802.346, 133
Trd, 8638802.479, 114
Trd, 8638803.612, 81
Trd, 8638804.346, 102
Trd, 8638804.812, 99
Trd, 8638805.679, 112
Trd, 8638805.712, 92
Trd, 8638806.346, 106
Trd, 8638807.079, 117
Trd, 8638807.212, 125
Trd, 8638807.446, 115
Trd, 8638808.646, 123
Trd, 8638808.812, 122
Trd, 8638809.046, 113
Trd, 8638809.446, 101
Trd, 8638810.246, 124
Trd, 8638810.279, 92
Trd, 8638810.479, 88
Trd, 8638811.179, 112
Trd, 8638811.479, 89
Trd, 8638812.212, 104
Trd, 8638812.412, 88
Trd, 8638812.979, 82
Trd, 8638813.079, 87
Trd, 8638813.879, 126
Trd, 8638813.979, 98
Trd, 8638814.412, 95
Trd, 8638814.479, 91
Trd, 8638814.646, 84
Trd, 8638814.679, 99
Trd, 8638814.812, 91
Trd, 8638816.212, 104
Trd, 8638816.312, 120
Trd, 8638817.012, 95
Trd, 8638818.312, 102
Trd, 8638818.346, 88
Trd, 8638818.579, 81
Trd, 8638819.046, 116
Trd, 8638819.412, 107
Trd, 8638820.112, 83
Trd, 8638820.312, 118
Trd, 8638820.979, 128
Trd, 8638821.012, 102
Trd, 8638821.512, 69
Trd, 8638822.279, 83
Trd, 8638823.779, 83
Trd, 8638824.079, 106
Trd, 8638824.646, 79
Trd, 8638824.679, 76
Trd, 8638824.712, 93
Trd, 8638824.979, 81
Trd, 8638825.212, 61
Trd, 8638825.712, 70
Trd, 8638826.379, 104
Trd, 8638826.512, 107
Trd, 8638826.712, 79
Trd, 8638827.179, 119
Trd, 8638827.412, 89
Trd, 8638828.912, 98
Trd, 8638829.012, 93
Trd, 8638829.879, 136
Trd, 8638829.979, 112
Trd, 8638830.346, 101
Trd, 8638830.612, 85
Trd, 8638831.379, 95
Trd, 8638832.379, 115
Trd, 8638832.512, 78
Trd, 8638832.946, 86
Trd, 8638833.046, 88
Trd, 8638833.612, 121
Trd, 8638833.712, 81
Trd, 8638834.512, 79
Trd, 8638834.946, 117
Trd, 8638836.646, 116
Trd, 8638836.912, 110
Trd, 8638837.279, 108
Trd, 8638837.312, 103
Trd, 8638837.512, 117
Trd, 8638837.879, 103
Trd, 8638838.079, 95
Trd, 8638838.579, 140
Trd, 8638838.846, 120
Trd, 8638839.279, 92
Trd, 8638840.412, 116
Trd, 8638842.979, 116
Trd, 8638843.412, 124
Trd, 8638843.612, 122
Trd, 8638843.712, 114
Trd, 8638843.812, 105
Trd, 8638843.979, 97
Trd, 8638844.312, 134
Trd, 8638844.546, 91
Trd, 8638844.779, 93
Trd, 8638844.879, 120
Trd, 8638845.346, 81
Trd, 8638845.912, 107
Trd, 8638846.979, 118
Trd, 8638847.912, 99
Trd, 8638848.279, 86
Trd, 8638848.446, 107
Trd, 8638849.746, 125
Trd, 8638850.379, 105
Trd, 8638850.812, 125
Trd, 8638850.846, 114
Trd, 8638851.112, 92
Trd, 8638851.379, 128
Trd, 8638851.679, 95
Trd, 8638852.579, 104
Trd, 8638853.412, 116
Trd, 8638853.546, 89
Trd, 8638853.979, 110
Trd, 8638854.579, 89
Trd, 8638854.946, 112
Trd, 8638855.312, 118
Trd, 8638855.379, 92
Trd, 8638855.746, 89
Trd, 8638855.979, 105
Trd, 8638858.246, 108
Trd, 8638858.946, 106
Trd, 8638859.312, 94
Trd, 8638859.479, 87
Trd, 8638860.046, 87
Trd, 8638861.079, 138
Trd, 8638861.546, 134
Trd, 8638862.912, 122
Trd, 8638863.179, 100
Trd, 8638863.412, 97
Trd, 8638863.479, 126
Trd, 8638864.246, 122
Trd, 8638864.879, 82
Trd, 8638865.146, 80
Trd, 8638865.246, 105
Trd, 8638865.679, 129
Trd, 8638866.379, 94
Trd, 8638866.546, 94
Trd, 8638867.312, 124
Trd, 8638867.946, 101
Trd, 8638868.312, 113
Trd, 8638868.712, 81
Trd, 8638868.812, 87
Trd, 8638869.246, 138
Trd, 8638869.279, 119
Trd, 8638870.146, 89
Trd, 8638870.546, 88
Trd, 8638871.012, 92
Trd, 8638871.346, 86
Trd, 8638871.912, 92
Trd, 8638872.312, 100
Trd, 8638873.346, 87
Trd, 8638873.479, 104
Trd, 8638873.679, 86
Trd, 8638874.112, 140
Trd, 8638875.012, 136
Trd, 8638875.046, 117
Trd, 8638875.346, 116
Trd, 8638875.379, 113
Trd, 8638876.812, 104
Trd, 8638876.946, 103
Trd, 8638877.079, 124
Trd, 8638877.612, 95
Trd, 8638877.712, 132
Trd, 8638878.712, 119
Trd, 8638879.179, 116
Trd, 8638879.546, 120
Trd, 8638879.946, 88
Trd, 8638880.246, 98
Trd, 8638880.346, 91
Trd, 8638880.379, 114
Trd, 8638880.746, 110
Trd, 8638880.846, 71
Trd, 8638882.012, 130
Trd, 8638882.446, 133
Trd, 8638882.546, 129
Trd, 8638882.946, 119
Trd, 8638883.046, 111
Trd, 8638883.312, 104
Trd, 8638884.779, 93
Trd, 8638885.012, 93
Trd, 8638885.412, 81
Trd, 8638885.546, 101
Trd, 8638886.046, 111
Trd, 8638886.512, 106
Trd, 8638886.579, 91
Trd, 8638887.079, 85
Trd, 8638887.846, 85
Trd, 8638888.046, 75
Trd, 8638888.146, 77
Trd, 8638888.746, 78
Trd, 8638889.946, 66
Trd, 8638890.279, 76
Trd, 8638890.612, 102
Trd, 8638891.346, 107
Trd, 8638891.512, 74
Trd, 8638891.879, 69
Trd, 8638892.712, 114
Trd, 8638893.479, 104
Trd, 8638893.679, 93
Trd, 8638894.046, 77
Trd, 8638894.479, 125
Trd, 8638895.012, 92
Trd, 8638895.146, 83
Trd, 8638895.679, 111
Trd, 8638896.146, 131
Trd, 8638896.946, 121
Trd, 8638897.779, 132
Trd, 8638898.246, 103
Trd, 8638898.479, 111
Trd, 8638898.712, 102
Trd, 8638899.312, 91
Trd, 8638899.679, 125
Trd, 8638900.379, 115
Trd, 8638900.446, 97
Trd, 8638900.479, 94
Trd, 8638900.512, 83
Trd, 8638900.712, 77
Trd, 8638900.846, 100
Trd, 8638901.579, 103
Trd, 8638902.412, 122
Trd, 8638902.446, 114
Trd, 8638902.479, 90
Trd, 8638902.712, 89
Trd, 8638903.012, 80
Trd, 8638903.179, 104
Trd, 8638903.846, 74
Trd, 8638903.946, 99
Trd, 8638904.412, 98
Trd, 8638906.212, 133
Trd, 8638906.746, 103
Trd, 8638907.946, 107
Trd, 8638907.979, 100
Trd, 8638909.312, 98
Trd, 8638910.379, 128
Trd, 8638910.646, 114
Trd, 8638911.079, 136
Trd, 8638911.146, 108
Trd, 8638911.646, 97
Trd, 8638911.712, 96
Trd, 8638911.812, 95
Trd, 8638912.846, 93
Trd, 8638913.512, 100
Trd, 8638913.746, 123
Trd, 8638914.279, 117
Trd, 8638914.812, 132
Trd, 8638915.112, 103
Trd, 8638915.379, 92
Trd, 8638916.779, 118
Trd, 8638917.212, 132
Trd, 8638917.812, 105
Trd, 8638917.946, 94
Trd, 8638918.979, 101
Trd, 8638919.246, 120
Trd, 8638919.812, 95
Trd, 8638920.046, 105
Trd, 8638920.212, 92
Trd, 8638920.546, 113
Trd, 8638920.679, 92
Trd, 8638921.379, 128
Trd, 8638921.479, 97
Trd, 8638921.912, 107
Trd, 8638922.579, 139
Trd, 8638922.879, 118
Trd, 8638923.246, 106
Trd, 8638924.079, 101
Trd, 8638925.079, 83
Trd, 8638925.246, 103
Trd, 8638925.779, 88
Trd, 8638926.946, 98
Trd, 8638927.146, 100
Trd, 8638927.746, 89
Trd, 8638928.179, 130
Trd, 8638928.312, 113
Trd, 8638928.579, 88
Trd, 8638929.279, 125
Trd, 8638929.312, 111
Trd, 8638929.812, 134
Trd, 8638930.012, 79
Trd, 8638930.512, 99
Trd, 8638930.912, 119
Trd, 8638931.112, 70
Trd, 8638931.412, 89
Trd, 8638932.212, 72
Trd, 8638934.079, 90
Trd, 8638934.146, 87
Trd, 8638934.712, 73
Trd, 8638935.179, 84
Trd, 8638935.579, 88
Trd, 8638937.212, 116
Trd, 8638937.279, 114
Trd, 8638937.346, 105
Trd, 8638937.646, 121
Trd, 8638937.812, 110
Trd, 8638939.246, 101
Trd, 8638939.912, 127
Trd, 8638940.212, 128
Trd, 8638940.446, 123
Trd, 8638941.446, 140
Trd, 8638942.646, 117
Trd, 8638942.679, 109
Trd, 8638942.746, 106
Trd, 8638943.079, 104
Trd, 8638943.479, 121
Trd, 8638943.812, 96
Trd, 8638943.979, 137
Trd, 8638944.246, 122
Trd, 8638944.579, 103
Trd, 8638945.679, 88
Trd, 8638946.312, 100
Trd, 8638946.512, 87
Trd, 8638946.679, 78
Trd, 8638947.746, 93
Trd, 8638947.979, 85
Trd, 8638948.046, 116
Trd, 8638949.079, 114
Trd, 8638949.412, 109
Trd, 8638949.612, 95
Trd, 8638950.146, 94
Trd, 8638950.846, 89
Trd, 8638950.946, 90
Trd, 8638951.279, 113
Trd, 8638951.579, 133
Trd, 8638952.246, 108
Trd, 8638952.312, 133
Trd, 8638952.479, 103
Trd, 8638952.546, 91
Trd, 8638953.779, 111
Trd, 8638954.379, 102
Trd, 8638954.679, 94
Trd, 8638955.679, 100
Trd, 8638956.046, 107
Trd, 8638956.146, 102
Trd, 8638956.879, 125
Trd, 8638957.312, 140
Trd, 8638958.212, 102
Trd, 8638958.579, 102
Trd, 8638958.612, 95
Trd, 8638959.179, 119
Trd, 8638959.312, 117
Trd, 8638959.846, 125
Trd, 8638960.879, 83
Trd, 8638961.012, 102
Trd, 8638961.312, 97
Trd, 8638962.679, 81
Trd, 8638963.279, 98
Trd, 8638964.446, 80
Trd, 8638964.779, 81
Trd, 8638965.779, 94
Trd, 8638966.146, 105
Trd, 8638966.479, 108
Trd, 8638966.912, 131
Trd, 8638967.012, 119
Trd, 8638967.812, 97
Trd, 8638968.279, 119
Trd, 8638968.546, 102
Trd, 8638968.646, 93
Trd, 8638969.279, 97
Trd, 8638969.846, 122
Trd, 8638970.846, 139
Trd, 8638971.012, 124
Trd, 8638971.846, 114
Trd, 8638972.146, 105
Trd, 8638973.479, 118
Trd, 8638973.612, 105
Trd, 8638974.212, 101
Trd, 8638974.546, 102
Trd, 8638974.779, 104
Trd, 8638974.879, 94
Trd, 8638975.912, 85
Trd, 8638976.112, 91
Trd, 8638976.546, 104
Trd, 8638976.846, 112
Trd, 8638977.479, 107
Trd, 8638977.879, 91
Trd, 8638978.179, 95
Trd, 8638978.412, 87
Trd, 8638978.946, 79
Trd, 8638979.212, 68
Trd, 8638979.979, 88
Trd, 8638980.179, 105
Trd, 8638980.846, 101
Trd, 8638981.246, 105
Trd, 8638981.879, 116
Trd, 8638981.912, 111
Trd, 8638982.012, 95
Trd, 8638982.546, 119
Trd, 8638983.312, 94
Trd, 8638985.246, 81
Trd, 8638985.646, 79
Trd, 8638986.012, 107
Trd, 8638986.246, 100
Trd, 8638986.746, 130
Trd, 8638987.646, 106
Trd, 8638987.846, 91
Trd, 8638988.746, 88
Trd, 8638988.946, 77
Trd, 8638989.412, 67
Trd, 8638989.946, 117
Trd, 8638990.479, 73
Trd, 8638991.479, 97
Trd, 8638992.046, 89
Trd, 8638992.179, 114
Trd, 8638992.346, 123
Trd, 8638992.846, 110
Trd, 8638994.912, 118
Trd, 8638995.079, 86
Trd, 8638995.146, 77
Trd, 8638997.046, 109
Trd, 8638997.479, 116
Trd, 8638997.679, 128
Trd, 8638997.812, 89
Trd, 8638998.779, 111
Trd, 8638999.179, 92
Trd, 8639000.279, 94
Trd, 8639000.679, 87
Trd, 8639000.779, 117
Trd, 8639000.879, 101
Trd, 8639001.446, 99
Trd, 8639001.546, 136
Trd, 8639001.946, 78
Trd, 8639003.679, 96
Trd, 8639004.279, 95
Trd, 8639005.212, 98
Trd, 8639005.346, 94
Trd, 8639005.546, 90
Trd, 8639005.579, 89
Trd, 8639006.079, 91
Trd, 8639006.479, 126
Trd, 8639007.146, 115
Trd, 8639007.279, 128
Trd, 8639007.612, 80
Trd, 8639007.846, 73
Trd, 8639008.379, 88
Trd, 8639008.979, 128
Trd, 8639009.379, 98
Trd, 8639010.012, 117
Trd, 8639010.779, 117
Trd, 8639010.946, 114
Trd, 8639011.712, 104
Trd, 8639011.779, 92
Trd, 8639012.746, 131
Trd, 8639013.179, 124
Trd, 8639013.612, 109
Trd, 8639014.846, 107
Trd, 8639014.979, 111
Trd, 8639015.012, 112
Trd, 8639015.946, 126
Trd, 8639016.212, 128
Trd, 8639016.646, 93
Trd, 8639016.912, 81
Trd, 8639017.379, 75
Trd, 8639017.612, 74
Trd, 8639018.079, 69
Trd, 8639018.212, 78
Trd, 8639018.612, 100
Trd, 8639019.312, 103
Trd, 8639019.612, 102
Trd, 8639019.879, 88
Trd, 8639020.979, 118
Trd, 8639022.379, 118
Trd, 8639023.012, 118
Trd, 8639023.212, 132
Trd, 8639024.379, 114
Trd, 8639024.912, 102
Trd, 8639025.112, 99
Trd, 8639025.246, 113
Trd, 8639025.779, 96
Trd, 8639026.146, 96
Trd, 8639027.012, 101
Trd, 8639027.379, 106
Trd, 8639027.412, 95
Trd, 8639027.646, 94
Trd, 8639028.446, 122
Trd, 8639028.646, 124
Trd, 8639030.079, 112
Trd, 8639030.279, 120
Trd, 8639031.146, 101
Trd, 8639031.179, 100
Trd, 8639031.979, 89
Trd, 8639032.346, 91
Trd, 8639032.379, 105
Trd, 8639032.546, 131
Trd, 8639034.012, 112
Trd, 8639034.479, 134
Trd, 8639034.646, 111
Trd, 8639035.212, 136
Trd, 8639035.846, 106
Trd, 8639036.079, 80
Trd, 8639036.179, 76
Trd, 8639036.479, 79
Trd, 8639036.512, 113
Trd, 8639037.212, 92
Trd, 8639037.479, 132
Trd, 8639037.879, 134
Trd, 8639037.946, 103
Trd, 8639038.279, 94
Trd, 8639039.112, 88
Trd, 8639039.346, 90
Trd, 8639039.546, 87
Trd, 8639040.112, 76
Trd, 8639040.812, 94
Trd, 8639041.146, 89
Trd, 8639041.412, 120
Trd, 8639042.879, 88
Trd, 8639043.046, 127
Trd, 8639043.312, 78
Trd, 8639044.679, 130
Trd, 8639044.746, 101
Trd, 8639045.346, 115
Trd, 8639045.746, 122
Trd, 8639046.046, 86
Trd, 8639046.412, 128
Trd, 8639047.146, 108
Trd, 8639047.679, 101
Trd, 8639047.812, 93
Trd, 8639048.612, 93
Trd, 8639048.912, 107
Trd, 8639049.346, 107
Trd, 8639049.646, 134
Trd, 8639050.412, 120
Trd, 8639050.712, 140
Trd, 8639050.879, 103
Trd, 8639051.879, 126
Trd, 8639053.046, 125
Trd, 8639053.279, 118
Trd, 8639053.446, 111
Trd, 8639053.879, 108
Trd, 8639054.212, 105
Trd, 8639054.579, 93
Trd, 8639054.779, 109
Trd, 8639055.446, 98
Trd, 8639056.146, 76
Trd, 8639056.279, 80
Trd, 8639056.646, 84
Trd, 8639057.179, 125
Trd, 8639057.312, 123
Trd, 8639057.479, 100
Trd, 8639057.612, 114
Trd, 8639058.112, 92
Trd, 8639058.879, 91
Trd, 8639059.546, 134
Trd, 8639059.646, 86
Trd, 8639059.946, 105
Trd, 8639061.212, 137
Trd, 8639061.246, 115
Trd, 8639061.679, 100
Trd, 8639062.212, 107
Trd, 8639062.246, 95
Trd, 8639062.746, 81
Trd, 8639063.046, 135
Trd, 8639063.746, 136
Trd, 8639064.746, 83
Trd, 8639064.779, 97
Trd, 8639064.812, 83
Trd, 8639065.012, 74
Trd, 8639065.612, 86
Trd, 8639066.012, 79
Trd, 8639066.179, 73
Trd, 8639066.512, 74
Trd, 8639067.046, 117
Trd, 8639067.279, 103
Trd, 8639067.612, 96
Trd, 8639067.946, 88
Trd, 8639068.879, 119
Trd, 8639069.246, 107
Trd, 8639069.746, 112
Trd, 8639069.946, 87
Trd, 8639070.412, 76
Trd, 8639070.546, 138
Trd, 8639071.546, 71
Trd, 8639071.579, 69
Trd, 8639071.912, 95
Trd, 8639072.379, 96
Trd, 8639072.646, 81
Trd, 8639073.112, 66
Trd, 8639074.479, 60
Trd, 8639075.912, 133
Trd, 8639076.479, 108
Trd, 8639076.546, 106
Trd, 8639076.579, 103
Trd, 8639076.612, 91
Trd, 8639077.446, 91
Trd, 8639077.546, 108
Trd, 8639077.912, 120
Trd, 8639078.012, 82
Trd, 8639079.612, 122
Trd, 8639080.512, 119
Trd, 8639080.812, 104
Trd, 8639080.979, 118
Trd, 8639081.312, 98
Trd, 8639081.446, 96
Trd, 8639083.146, 103
Trd, 8639083.212, 102
Trd, 8639084.746, 110
Trd, 8639085.512, 118
Trd, 8639085.546, 111
Trd, 8639085.579, 109
Trd, 8639085.612, 103
Trd, 8639085.679, 106
Trd, 8639086.446, 115
Trd, 8639086.679, 109
Trd, 8639087.746, 116
Trd, 8639088.179, 108
Trd, 8639089.712, 127
Trd, 8639090.112, 111
Trd, 8639090.612, 112
Trd, 8639090.779, 109
Trd, 8639090.879, 100
Trd, 8639090.912, 98
Trd, 8639091.712, 99
Trd, 8639091.779, 93
Trd, 8639092.046, 101
Trd, 8639092.312, 90
Trd, 8639092.412, 128
Trd, 8639093.079, 92
Trd, 8639093.112, 85
Trd, 8639093.612, 94
Trd, 8639093.712, 76
Trd, 8639094.112, 72
Trd, 8639094.212, 91
Trd, 8639094.412, 84
Trd, 8639095.146, 94
Trd, 8639095.579, 72
Trd, 8639095.712, 85
Trd, 8639096.312, 117
Trd, 8639098.379, 106
Trd, 8639098.679, 94
Trd, 8639098.746, 107
Trd, 8639098.879, 105
Trd, 8639099.512, 104
Trd, 8639100.612, 135
Trd, 8639101.646, 131
Trd, 8639101.912, 136
Trd, 8639101.946, 114
Trd, 8639102.346, 110
Trd, 8639102.679, 109
Trd, 8639102.979, 103
Trd, 8639103.179, 99
Trd, 8639103.979, 114
Trd, 8639104.146, 82
Trd, 8639104.846, 80
Trd, 8639105.346, 82
Trd, 8639105.379, 83
Trd, 8639105.579, 106
Trd, 8639106.379, 85
Trd, 8639106.412, 87
Trd, 8639106.512, 91
Trd, 8639107.579, 65
Trd, 8639107.779, 83
Trd, 8639108.179, 90
Trd, 8639108.379, 116
Trd, 8639109.379, 106
Trd, 8639110.179, 86
Trd, 8639111.279, 84
Trd, 8639111.412, 102
Trd, 8639111.946, 104
Trd, 8639112.679, 98
Trd, 8639113.046, 113
Trd, 8639113.779, 117
Trd, 8639114.812, 139
Trd, 8639115.079, 107
Trd, 8639115.279, 117
Trd, 8639115.712, 108
Trd, 8639115.979, 105
Trd, 8639116.246, 102
Trd, 8639116.812, 121
Trd, 8639117.212, 127
Trd, 8639117.446, 112
Trd, 8639117.946, 112
Trd, 8639118.212, 101
Trd, 8639118.279, 97
Trd, 8639118.512, 121
Trd, 8639119.412, 101
Trd, 8639121.146, 95
Trd, 8639121.446, 103
Trd, 8639121.879, 95
Trd, 8639122.179, 74
Trd, 8639122.246, 129
Trd, 8639122.646, 122
Trd, 8639123.579, 112
Trd, 8639123.946, 130
Trd, 8639124.212, 109
Trd, 8639124.279, 95
Trd, 8639125.346, 91
Trd, 8639126.279, 81
Trd, 8639126.979, 123
Trd, 8639127.246, 124
Trd, 8639127.612, 136
Trd, 8639128.012, 118
Trd, 8639128.246, 133
Trd, 8639128.812, 122
Trd, 8639128.946, 114
Trd, 8639129.846, 92
Trd, 8639130.179, 103
Trd, 8639130.479, 102
Trd, 8639132.346, 137
Trd, 8639132.379, 92
Trd, 8639133.079, 140
Trd, 8639133.946, 99
Trd, 8639134.479, 95
Trd, 8639134.746, 91
Trd, 8639134.779, 96
Trd, 8639135.279, 105
Trd, 8639136.479, 114
Trd, 8639137.346, 108
Trd, 8639137.446, 99
Trd, 8639137.546, 94
Trd, 8639137.712, 85
Trd, 8639139.146, 121
Trd, 8639140.812, 108
Trd, 8639141.046, 121
Trd, 8639141.512, 131
Trd, 8639141.712, 113
Trd, 8639141.979, 100
Trd, 8639142.846, 97
Trd, 8639143.412, 125
Trd, 8639143.679, 103
Trd, 8639143.812, 76
Trd, 8639144.612, 60
Trd, 8639145.146, 92
Trd, 8639145.379, 66
Trd, 8639145.846, 92
Trd, 8639146.112, 119
Trd, 8639146.779, 129
Trd, 8639147.746, 117
Trd, 8639148.379, 116
Trd, 8639149.146, 116
Trd, 8639149.212, 96
Trd, 8639150.312, 120
Trd, 8639150.512, 110
Trd, 8639150.546, 109
Trd, 8639150.846, 97
Trd, 8639151.779, 93
Trd, 8639152.412, 100
Trd, 8639152.479, 85
Trd, 8639152.946, 92
Trd, 8639152.979, 83
Trd, 8639153.512, 120
Trd, 8639154.012, 120
Trd, 8639154.446, 102
Trd, 8639154.546, 108
Trd, 8639155.279, 100
Trd, 8639155.779, 95
Trd, 8639156.179, 116
Trd, 8639156.579, 88
Trd, 8639156.846, 79
Trd, 8639157.346, 88
Trd, 8639157.579, 91
Trd, 8639158.112, 91
Trd, 8639159.312, 114
Trd, 8639159.546, 111
Trd, 8639160.412, 121
Trd, 8639160.646, 103
Trd, 8639160.879, 101
Trd, 8639161.779, 119
Trd, 8639162.046, 110
Trd, 8639162.279, 98
Trd, 8639162.379, 92
Trd, 8639163.212, 66
Trd, 8639163.446, 96
Trd, 8639164.079, 131
Trd, 8639164.179, 113
Trd, 8639164.346, 112
Trd, 8639164.412, 115
Trd, 8639165.546, 116
Trd, 8639166.512, 108
Trd, 8639166.612, 98
Trd, 8639166.679, 87
Trd, 8639167.279, 107
Trd, 8639167.446, 75
Trd, 8639168.412, 73
Trd, 8639169.179, 99
Trd, 8639169.246, 84
Trd, 8639170.079, 79
Trd, 8639170.246, 74
Trd, 8639170.579, 94
Trd, 8639170.912, 69
Trd, 8639171.012, 85
Trd, 8639171.646, 93
Trd, 8639172.146, 133
Trd, 8639172.846, 90
Trd, 8639172.979, 72
Trd, 8639173.712, 100
Trd, 8639174.546, 133
Trd, 8639174.879, 96
Trd, 8639175.246, 93
Trd, 8639175.979, 117
Trd, 8639176.746, 120
Trd, 8639177.046, 116
Trd, 8639177.179, 104
Trd, 8639177.546, 109
Trd, 8639177.579, 103
Trd, 8639177.679, 88
Trd, 8639177.979, 91
Trd, 8639178.112, 92
Trd, 8639178.846, 117
Trd, 8639179.412, 115
Trd, 8639179.746, 106
Trd, 8639180.079, 100
Trd, 8639181.646, 128
Trd, 8639181.812, 111
Trd, 8639182.046, 118
Trd, 8639182.212, 106
Trd, 8639182.612, 98
Trd, 8639182.646, 94
Trd, 8639182.712, 87
Trd, 8639182.779, 69
Trd, 8639183.579, 85
Trd, 8639184.746, 123
Trd, 8639185.012, 118
Trd, 8639186.079, 132
Trd, 8639186.346, 131
Trd, 8639186.412, 119
Trd, 8639186.479, 111
Trd, 8639186.546, 106
Trd, 8639187.646, 118
Trd, 8639188.012, 98
Trd, 8639188.579, 110
Trd, 8639188.612, 90
Trd, 8639189.812, 106
Trd, 8639189.879, 107
Trd, 8639190.646, 110
Trd, 8639190.912, 88
Trd, 8639191.279, 113
Trd, 8639192.046, 93
Trd, 8639192.446, 86
Trd, 8639193.446, 120
Trd, 8639193.512, 118
Trd, 8639193.979, 100
Trd, 8639194.012, 99
Trd, 8639194.279, 99
Trd, 8639194.879, 98
Trd, 8639195.112, 109
Trd, 8639195.479, 100
Trd, 8639196.479, 90
Trd, 8639196.612, 110
Trd, 8639196.979, 80
Trd, 8639197.279, 126
Trd, 8639197.612, 100
Trd, 8639197.746, 88
Trd, 8639199.312, 124
Trd, 8639199.512, 132
Trd, 8639199.546, 118
Trd, 8639200.546, 117
Trd, 8639201.779, 119
Trd, 8639201.812, 116
Trd, 8639201.979, 118
Trd, 8639202.879, 120
Trd, 8639203.479, 139
Trd, 8639204.179, 128
Trd, 8639204.279, 115
Trd, 8639205.112, 116
Trd, 8639205.379, 110
Trd, 8639205.446, 109
Trd, 8639206.046, 101
Trd, 8639206.246, 82
Trd, 8639206.512, 100
Trd, 8639206.546, 112
Trd, 8639207.212, 123
Trd, 8639207.546, 121
Trd, 8639208.512, 117
Trd, 8639208.879, 120
Trd, 8639209.346, 120
Trd, 8639209.446, 117
Trd, 8639209.712, 104
Trd, 8639209.746, 115
Trd, 8639210.312, 111
Trd, 8639210.546, 100
Trd, 8639211.012, 118
Trd, 8639211.646, 69
Trd, 8639212.846, 133
Trd, 8639213.046, 117
Trd, 8639213.246, 107
Trd, 8639213.846, 106
Trd, 8639214.246, 128
Trd, 8639215.279, 127
Trd, 8639215.346, 120
Trd, 8639215.679, 98
Trd, 8639216.212, 93
Trd, 8639217.012, 92
Trd, 8639217.779, 115
Trd, 8639218.312, 90
Trd, 8639218.779, 97
Trd, 8639219.346, 81
Trd, 8639220.479, 140
Trd, 8639220.912, 132
Trd, 8639221.612, 119
Trd, 8639221.846, 105
Trd, 8639221.879, 102
Trd, 8639222.312, 138
Trd, 8639222.779, 124
Trd, 8639224.446, 121
Trd, 8639225.146, 127
Trd, 8639226.112, 120
Trd, 8639226.512, 104
Trd, 8639226.579, 103
Trd, 8639226.746, 115
Trd, 8639226.946, 103
Trd, 8639227.012, 104
Trd, 8639227.179, 101
Trd, 8639228.079, 112
Trd, 8639229.312, 108
Trd, 8639229.779, 98
Trd, 8639230.512, 127
Trd, 8639230.646, 108
Trd, 8639232.246, 129
Trd, 8639232.379, 108
Trd, 8639232.846, 104
Trd, 8639233.779, 84
Trd, 8639233.846, 119
Trd, 8639234.212, 82
Trd, 8639234.512, 72
Trd, 8639235.079, 93
Trd, 8639235.979, 134
Trd, 8639236.012, 118
Trd, 8639236.546, 70
Trd, 8639236.679, 94
Trd, 8639237.279, 111
Trd, 8639237.379, 71
Trd, 8639238.079, 116
Trd, 8639238.346, 93
Trd, 8639239.312, 130
Trd, 8639239.579, 112
Trd, 8639239.846, 111
Trd, 8639240.412, 98
Trd, 8639240.479, 87
Trd, 8639240.946, 131
Trd, 8639241.446, 78
Trd, 8639242.579, 83
Trd, 8639242.946, 100
Trd, 8639243.246, 119
Trd, 8639244.012, 102
Trd, 8639244.079, 107
Trd, 8639244.412, 106
Trd, 8639244.579, 93
Trd, 8639245.246, 116
Trd, 8639245.512, 111
Trd, 8639246.079, 93
Trd, 8639246.179, 90
Trd, 8639246.746, 107
Trd, 8639247.246, 113
Trd, 8639247.446, 113
Trd, 8639247.746, 124
Trd, 8639247.946, 85
Trd, 8639249.046, 111
Trd, 8639249.346, 103
Trd, 8639249.446, 90
Trd, 8639249.979, 109
Trd, 8639250.212, 90
Trd, 8639250.546, 87
Trd, 8639250.579, 87
Trd, 8639251.479, 108
Trd, 8639251.979, 134
Trd, 8639252.079, 115
Trd, 8639252.746, 92
Trd, 8639253.379, 119
Trd, 8639253.412, 116
Trd, 8639254.546, 105
Trd, 8639255.212, 129
Trd, 8639255.479, 108
Trd, 8639256.312, 138
Trd, 8639256.479, 120
Trd, 8639256.512, 77
Trd, 8639257.079, 116
Trd, 8639257.946, 134
Trd, 8639258.279, 127
Trd, 8639258.379, 114
Trd, 8639259.646, 119
Trd, 8639259.679, 96
Trd, 8639260.146, 118
Trd, 8639260.346, 97
Trd, 8639260.612, 112
Trd, 8639261.812, 113
Trd, 8639262.279, 111
Trd, 8639262.579, 122
Trd, 8639262.712, 117
Trd, 8639263.279, 91
Trd, 8639263.512, 89
Trd, 8639264.146, 98
Trd, 8639265.679, 106
Trd, 8639266.079, 103
Trd, 8639266.412, 95
Trd, 8639266.746, 91
Trd, 8639266.812, 90
Trd, 8639267.646, 107
Trd, 8639268.179, 130
Trd, 8639268.346, 124
Trd, 8639269.912, 135
Trd, 8639269.946, 113
Trd, 8639270.179, 112
Trd, 8639270.946, 134
Trd, 8639271.279, 122
Trd, 8639271.746, 84
Trd, 8639272.112, 81
Trd, 8639272.146, 88
Trd, 8639273.046, 83
Trd, 8639273.346, 74
Trd, 8639273.879, 88
Trd, 8639274.179, 84
Trd, 8639275.279, 118
Trd, 8639275.446, 113
Trd, 8639275.679, 95
Trd, 8639275.979, 100
Trd, 8639276.979, 117
Trd, 8639277.212, 114
Trd, 8639277.679, 120
Trd, 8639279.112, 120
Trd, 8639279.346, 108
Trd, 8639279.479, 103
Trd, 8639280.212, 96
Trd, 8639280.312, 111
Trd, 8639280.512, 95
Trd, 8639281.846, 90
Trd, 8639282.246, 124
Trd, 8639282.812, 78
Trd, 8639283.112, 80
Trd, 8639283.346, 77
Trd, 8639283.446, 76
Trd, 8639283.879, 137
Trd, 8639284.412, 114
Trd, 8639285.346, 123
Trd, 8639285.379, 79
Trd, 8639285.612, 108
Trd, 8639285.879, 98
Trd, 8639285.946, 86
Trd, 8639286.679, 68
Trd, 8639286.812, 69
Trd, 8639286.912, 111
Trd, 8639288.112, 129
Trd, 8639288.379, 81
Trd, 8639288.846, 120
Trd, 8639289.079, 93
Trd, 8639289.479, 92
Trd, 8639289.946, 90
Trd, 8639290.312, 103
Trd, 8639290.712, 93
Trd, 8639290.746, 105
Trd, 8639291.079, 95
Trd, 8639291.912, 94
Trd, 8639292.146, 90
Trd, 8639292.346, 114
Trd, 8639292.612, 129
Trd, 8639293.712, 88
Trd, 8639294.112, 79
Trd, 8639294.646, 122
Trd, 8639295.279, 114
Trd, 8639295.312, 101
Trd, 8639295.712, 111
Trd, 8639296.112, 113
Trd, 8639296.412, 101
Trd, 8639297.212, 113
Trd, 8639297.546, 82
Trd, 8639298.712, 70
Trd, 8639298.979, 112
Trd, 8639300.012, 106
Trd, 8639300.212, 93
Trd, 8639300.412, 132
Trd, 8639300.912, 112
Trd, 8639301.112, 90
Trd, 8639302.179, 136
Trd, 8639302.512, 122
Trd, 8639302.846, 133
Trd, 8639303.512, 99
Trd, 8639303.546, 93
Trd, 8639303.679, 84
Trd, 8639303.846, 74
Trd, 8639304.912, 125
Trd, 8639305.312, 114
Trd, 8639305.446, 95
Trd, 8639307.079, 108
Trd, 8639307.212, 87
Trd, 8639307.379, 117
Trd, 8639307.546, 104
Trd, 8639308.379, 85
Trd, 8639309.412, 114
Trd, 8639309.512, 110
Trd, 8639310.046, 108
Trd, 8639310.512, 78
Trd, 8639310.812, 103
Trd, 8639311.046, 100
Trd, 8639312.612, 104
Trd, 8639312.779, 72
Trd, 8639313.579, 77
Trd, 8639313.612, 78
Trd, 8639313.912, 115
Trd, 8639314.046, 110
Trd, 8639314.446, 99
Trd, 8639314.846, 92
Trd, 8639316.146, 102
Trd, 8639316.279, 111
Trd, 8639317.279, 86
Trd, 8639318.979, 136
Trd, 8639319.079, 124
Trd, 8639319.346, 100
Trd, 8639319.579, 99
Trd, 8639319.812, 126
Trd, 8639319.979, 111
Trd, 8639320.046, 99
Trd, 8639320.946, 94
Trd, 8639321.912, 120
Trd, 8639322.112, 112
Trd, 8639322.379, 103
Trd, 8639323.046, 94
Trd, 8639324.046, 113
Trd, 8639324.112, 108
Trd, 8639324.712, 138
Trd, 8639324.912, 118
Trd, 8639325.379, 110
Trd, 8639325.646, 97
Trd, 8639326.379, 125
Trd, 8639326.446, 120
Trd, 8639327.112, 114
Trd, 8639327.246, 112
Trd, 8639327.579, 132
Trd, 8639327.979, 137
Trd, 8639328.379, 100
Trd, 8639328.679, 123
Trd, 8639329.046, 99
Trd, 8639329.179, 93
Trd, 8639329.779, 76
Trd, 8639330.312, 107
Trd, 8639331.012, 114
Trd, 8639331.412, 106
Trd, 8639332.312, 117
Trd, 8639332.612, 133
Trd, 8639332.679, 107
Trd, 8639334.212, 103
Trd, 8639334.346, 134
Trd, 8639334.846, 107
Trd, 8639335.146, 92
Trd, 8639335.479, 88
Trd, 8639336.046, 127
Trd, 8639336.212, 94
Trd, 8639336.246, 88
Trd, 8639336.646, 110
Trd, 8639337.279, 114
Trd, 8639337.446, 83
Trd, 8639337.612, 88
Trd, 8639337.946, 94
Trd, 8639338.679, 78
Trd, 8639338.846, 108
Trd, 8639340.846, 91
Trd, 8639340.912, 86
Trd, 8639341.612, 89
Trd, 8639342.412, 77
Trd, 8639343.079, 105
Trd, 8639343.312, 102
Trd, 8639343.612, 102
Trd, 8639344.346, 137
Trd, 8639344.946, 106
Trd, 8639345.012, 102
Trd, 8639345.179, 86
Trd, 8639345.246, 95
Trd, 8639346.212, 109
Trd, 8639346.846, 133
Trd, 8639346.912, 122
Trd, 8639347.046, 117
Trd, 8639347.212, 114
Trd, 8639348.612, 133
Trd, 8639348.779, 131
Trd, 8639349.746, 123
Trd, 8639350.512, 115
Trd, 8639350.979, 135
Trd, 8639351.146, 109
Trd, 8639351.379, 93
Trd, 8639352.046, 87
Trd, 8639352.346, 86
Trd, 8639353.512, 84
Trd, 8639353.546, 79
Trd, 8639353.979, 68
Trd, 8639354.279, 70
Trd, 8639354.312, 71
Trd, 8639355.579, 123
Trd, 8639355.846, 125
Trd, 8639356.779, 101
Trd, 8639357.046, 102
Trd, 8639357.146, 87
Trd, 8639357.379, 119
Trd, 8639357.546, 108
Trd, 8639357.912, 98
Trd, 8639358.179, 116
Trd, 8639358.579, 95
Trd, 8639359.112, 117
Trd, 8639359.179, 84
Trd, 8639360.746, 95
Trd, 8639361.079, 91
Trd, 8639361.179, 82
Trd, 8639361.212, 111
Trd, 8639361.712, 84
Trd, 8639362.412, 85
Trd, 8639362.879, 76
Trd, 8639363.179, 126
Trd, 8639363.646, 113
Trd, 8639364.612, 118
Trd, 8639365.646, 99
Trd, 8639366.279, 123
Trd, 8639367.112, 108
Trd, 8639367.512, 111
Trd, 8639367.846, 113
Trd, 8639368.146, 113
Trd, 8639368.412, 95
Trd, 8639369.179, 87
Trd, 8639369.512, 86
Trd, 8639369.712, 112
Trd, 8639370.679, 112
Trd, 8639370.712, 91
Trd, 8639371.546, 108
Trd, 8639372.446, 113
Trd, 8639372.879, 96
Trd, 8639373.646, 119
Trd, 8639374.246, 107
Trd, 8639374.479, 101
Trd, 8639374.746, 98
Trd, 8639375.112, 123
Trd, 8639375.312, 96
Trd, 8639375.412, 93
Trd, 8639375.512, 88
Trd, 8639376.046, 115
Trd, 8639376.879, 127
Trd, 8639377.246, 104
Trd, 8639378.146, 114
Trd, 8639378.812, 77
Trd, 8639379.212, 74
Trd, 8639379.546, 120
Trd, 8639379.746, 101
Trd, 8639379.912, 121
Trd, 8639379.946, 91
Trd, 8639380.579, 118
Trd, 8639381.246, 110
Trd, 8639381.346, 92
Trd, 8639382.546, 101
Trd, 8639382.746, 100
Trd, 8639383.579, 114
Trd, 8639383.979, 128
Trd, 8639384.979, 135
Trd, 8639385.012, 114
Trd, 8639385.279, 111
Trd, 8639385.446, 99
Trd, 8639385.879, 120
Trd, 8639386.046, 96
Trd, 8639386.346, 120
Trd, 8639387.179, 132
Trd, 8639388.912, 137
Trd, 8639389.079, 136
Trd, 8639389.179, 131
Trd, 8639389.479, 126
Trd, 8639389.946, 112
Trd, 8639390.379, 108
Trd, 8639390.512, 107
Trd, 8639391.346, 126
Trd, 8639391.412, 120
Trd, 8639391.579, 123
Trd, 8639392.579, 133
Trd, 8639393.146, 116
Trd, 8639394.112, 134
Trd, 8639394.246, 119
Trd, 8639394.412, 108
Trd, 8639394.712, 137
Trd, 8639395.379, 118
Trd, 8639396.612, 125
Trd, 8639396.946, 124
Trd, 8639397.446, 117
Trd, 8639399.312, 121
Trd, 8639399.479, 108
Trd, 8639399.879, 103
Trd, 8639400.246, 92
Trd, 8639400.379, 90
Trd, 8639400.846, 87
Trd, 8639400.912, 121
Trd, 8639401.079, 85
Trd, 8639401.979, 69
Trd, 8639402.512, 90
Trd, 8639402.579, 122
Trd, 8639402.812, 64
Trd, 8639403.346, 89
Trd, 8639403.679, 82
Trd, 8639403.712, 93
Trd, 8639404.512, 65
Trd, 8639405.646, 63
Trd, 8639406.779, 69
Trd, 8639407.346, 88
Trd, 8639407.612, 91
Trd, 8639407.679, 76
Trd, 8639407.946, 102
Trd, 8639408.712, 83
Trd, 8639409.479, 94
Trd, 8639409.612, 138
Trd, 8639410.479, 103
Trd, 8639410.712, 96
Trd, 8639410.812, 94
Trd, 8639411.112, 112
Trd, 8639412.012, 134
Trd, 8639412.146, 122
Trd, 8639412.512, 114
Trd, 8639412.712, 113
Trd, 8639413.479, 80
Trd, 8639413.646, 86
Trd, 8639414.012, 105
Trd, 8639414.612, 129
Trd, 8639415.779, 108
Trd, 8639416.146, 68
Trd, 8639416.779, 98
Trd, 8639417.346, 88
Trd, 8639418.579, 95
Trd, 8639419.012, 82
Trd, 8639419.246, 91
Trd, 8639419.446, 100
Trd, 8639419.679, 85
Trd, 8639420.646, 81
Trd, 8639420.712, 85
Trd, 8639421.012, 95
Trd, 8639421.312, 107
Trd, 8639421.746, 82
Trd, 8639422.446, 110
Trd, 8639423.612, 96
Trd, 8639424.246, 118
Trd, 8639424.779, 117
Trd, 8639425.379, 121
Trd, 8639425.446, 105
Trd, 8639425.579, 108
Trd, 8639426.546, 108
Trd, 8639426.679, 95
Trd, 8639427.346, 112
Trd, 8639427.512, 131
Trd, 8639427.946, 107
Trd, 8639428.112, 92
Trd, 8639428.379, 89
Trd, 8639428.646, 65
Trd, 8639429.579, 94
Trd, 8639430.179, 102
Trd, 8639430.779, 86
Trd, 8639430.946, 116
Trd, 8639432.446, 118
Trd, 8639432.512, 108
Trd, 8639433.346, 113
Trd, 8639434.179, 91
Trd, 8639434.246, 122
Trd, 8639434.312, 122
Trd, 8639435.546, 133
Trd, 8639435.612, 121
Trd, 8639436.412, 117
Trd, 8639436.512, 99
Trd, 8639436.812, 128
Trd, 8639437.146, 97
Trd, 8639437.746, 124
Trd, 8639438.179, 122
Trd, 8639438.679, 113
Trd, 8639439.079, 122
Trd, 8639439.412, 117
Trd, 8639440.179, 103
Trd, 8639440.246, 101
Trd, 8639440.346, 97
Trd, 8639440.746, 97
Trd, 8639441.479, 124
Trd, 8639442.279, 124
Trd, 8639442.312, 124
Trd, 8639442.412, 121
Trd, 8639442.679, 132
Trd, 8639442.812, 114
Trd, 8639443.646, 119
Trd, 8639443.946, 99
Trd, 8639444.346, 100
Trd, 8639444.512, 104
Trd, 8639444.546, 75
Trd, 8639445.446, 115
Trd, 8639445.512, 111
Trd, 8639446.079, 103
Trd, 8639447.646, 101
Trd, 8639447.946, 111
Trd, 8639448.279, 112
Trd, 8639448.546, 107
Trd, 8639449.479, 121
Trd, 8639450.079, 115
Trd, 8639450.446, 111
Trd, 8639450.946, 106
Trd, 8639450.979, 95
Trd, 8639451.012, 93
Trd, 8639451.412, 85
Trd, 8639451.446, 79
Trd, 8639451.812, 85
Trd, 8639453.779, 73
Trd, 8639453.912, 85
Trd, 8639454.046, 63
Trd, 8639454.346, 79
Trd, 8639455.012, 80
Trd, 8639455.812, 60
Trd, 8639455.879, 84
Trd, 8639455.979, 87
Trd, 8639456.579, 69
Trd, 8639457.779, 120
Trd, 8639457.946, 104
Trd, 8639458.246, 98
Trd, 8639458.946, 126
Trd, 8639459.379, 110
Trd, 8639459.812, 91
Trd, 8639460.446, 92
Trd, 8639460.846, 77
Trd, 8639462.579, 111
Trd, 8639463.246, 105
Trd, 8639463.479, 135
Trd, 8639463.546, 107
Trd, 8639463.779, 118
Trd, 8639464.246, 111
Trd, 8639464.446, 103
Trd, 8639465.746, 127
Trd, 8639465.812, 125
Trd, 8639466.479, 132
Trd, 8639466.579, 107
Trd, 8639466.679, 117
Trd, 8639466.812, 93
Trd, 8639468.012, 113
Trd, 8639468.446, 139
Trd, 8639468.679, 100
Trd, 8639468.746, 87
Trd, 8639469.079, 95
Trd, 8639469.646, 97
Trd, 8639469.812, 106
Trd, 8639470.512, 67
Trd, 8639470.546, 69
Trd, 8639471.346, 133
Trd, 8639471.512, 129
Trd, 8639471.679, 98
Trd, 8639472.979, 89
Trd, 8639473.479, 80
Trd, 8639473.746, 68
Trd, 8639474.212, 88
Trd, 8639476.246, 132
Trd, 8639476.879, 123
Trd, 8639477.312, 119
Trd, 8639477.746, 139
Trd, 8639477.912, 113
Trd, 8639478.212, 107
Trd, 8639478.412, 89
Trd, 8639478.846, 83
Trd, 8639478.946, 109
Trd, 8639479.646, 99
Trd, 8639480.346, 129
Trd, 8639480.412, 89
Trd, 8639480.879, 98
Trd, 8639481.212, 120
Trd, 8639481.312, 85
Trd, 8639482.146, 106
Trd, 8639482.246, 105
Trd, 8639482.379, 94
Trd, 8639483.212, 73
Trd, 8639484.146, 116
Trd, 8639484.412, 113
Trd, 8639484.846, 102
Trd, 8639485.179, 99
Trd, 8639485.612, 113
Trd, 8639485.712, 95
Trd, 8639486.579, 131
Trd, 8639487.246, 112
Trd, 8639487.579, 99
Trd, 8639488.046, 97
Trd, 8639488.079, 95
Trd, 8639488.479, 85
Trd, 8639488.912, 77
Trd, 8639489.546, 107
Trd, 8639489.879, 102
Trd, 8639490.679, 98
Trd, 8639491.446, 90
Trd, 8639491.679, 97
Trd, 8639492.112, 73
Trd, 8639492.512, 132
Trd, 8639493.212, 92
Trd, 8639494.079, 95
Trd, 8639494.446, 87
Trd, 8639495.246, 124
Trd, 8639496.112, 139
Trd, 8639496.412, 100
Trd, 8639496.846, 111
Trd, 8639496.979, 98
Trd, 8639497.412, 99
Trd, 8639497.512, 85
Trd, 8639498.312, 90
Trd, 8639498.712, 120
Trd, 8639499.246, 113
Trd, 8639499.479, 107
Trd, 8639500.412, 133
Trd, 8639501.146, 132
Trd, 8639501.779, 125
Trd, 8639502.112, 136
Trd, 8639502.146, 119
Trd, 8639502.612, 115
Trd, 8639503.046, 105
Trd, 8639503.646, 116
Trd, 8639504.112, 117
Trd, 8639504.546, 136
Trd, 8639505.112, 120
Trd, 8639505.246, 119
Trd, 8639505.346, 111
Trd, 8639505.546, 109
Trd, 8639505.879, 102
Trd, 8639506.612, 89
Trd, 8639507.079, 82
Trd, 8639507.146, 76
Trd, 8639508.012, 114
Trd, 8639508.279, 100
Trd, 8639508.746, 119
Trd, 8639509.546, 129
Trd, 8639509.746, 109
Trd, 8639510.579, 93
Trd, 8639511.112, 120
Trd, 8639511.246, 108
Trd, 8639512.079, 106
Trd, 8639512.579, 104
Trd, 8639513.312, 95
Trd, 8639513.646, 90
Trd, 8639513.779, 132
Trd, 8639514.512, 105
Trd, 8639514.812, 98
Trd, 8639515.346, 130
Trd, 8639515.612, 131
Trd, 8639515.779, 100
Trd, 8639516.046, 87
Trd, 8639517.179, 125
Trd, 8639517.746, 120
Trd, 8639518.279, 103
Trd, 8639518.346, 102
Trd, 8639518.612, 86
Trd, 8639518.912, 121
Trd, 8639519.346, 99
Trd, 8639519.712, 76
Trd, 8639520.446, 134
Trd, 8639521.179, 105
Trd, 8639521.346, 75
Trd, 8639523.546, 93
Trd, 8639523.946, 97
Trd, 8639524.212, 82
Trd, 8639524.646, 93
Trd, 8639525.146, 100
Trd, 8639525.579, 107
Trd, 8639525.679, 88
Trd, 8639526.112, 118
Trd, 8639526.379, 93
Trd, 8639526.679, 83
Trd, 8639526.979, 78
Trd, 8639528.079, 100
Trd, 8639528.479, 80
Trd, 8639528.712, 73
Trd, 8639529.179, 119
Trd, 8639529.446, 110
Trd, 8639530.212, 90
Trd, 8639530.312, 119
Trd, 8639530.612, 89
Trd, 8639530.846, 83
Trd, 8639531.112, 85
Trd, 8639531.446, 78
Trd, 8639532.879, 80
Trd, 8639533.179, 119
Trd, 8639533.246, 104
Trd, 8639533.446, 135
Trd, 8639534.579, 125
Trd, 8639535.079, 120
Trd, 8639536.212, 129
Trd, 8639536.512, 112
Trd, 8639536.846, 104
Trd, 8639537.079, 106
Trd, 8639537.179, 89
Trd, 8639537.946, 110
Trd, 8639539.179, 104
Trd, 8639539.579, 94
Trd, 8639539.979, 93
Trd, 8639540.246, 97
Trd, 8639540.512, 109
Trd, 8639540.946, 95
Trd, 8639541.912, 115
Trd, 8639542.412, 133
Trd, 8639542.579, 130
Trd, 8639543.146, 117
Trd, 8639543.246, 107
Trd, 8639543.612, 138
Trd, 8639544.179, 103
Trd, 8639544.712, 108
Trd, 8639544.912, 105
Trd, 8639545.479, 139
Trd, 8639545.712, 111
Trd, 8639546.979, 82
Trd, 8639547.479, 66
Trd, 8639547.746, 99
Trd, 8639548.146, 109
Trd, 8639548.346, 88
Trd, 8639548.979, 101
Trd, 8639549.046, 101
Trd, 8639549.479, 109
Trd, 8639551.079, 87
Trd, 8639551.312, 100
Trd, 8639551.379, 120
Trd, 8639551.679, 89
Trd, 8639551.779, 95
Trd, 8639553.046, 101
Trd, 8639553.112, 98
Trd, 8639553.846, 115
Trd, 8639554.212, 101
Trd, 8639555.079, 114
Trd, 8639555.846, 103
Trd, 8639556.879, 98
Trd, 8639556.979, 86
Trd, 8639557.446, 112
Trd, 8639558.512, 83
Trd, 8639559.279, 85
Trd, 8639559.979, 119
Trd, 8639560.446, 88
Trd, 8639561.012, 88
Trd, 8639562.146, 111
Trd, 8639562.579, 103
Trd, 8639562.779, 123
Trd, 8639563.279, 105
Trd, 8639563.512, 107
Trd, 8639564.112, 112
Trd, 8639564.212, 112
Trd, 8639564.812, 88
Trd, 8639565.012, 124
Trd, 8639565.646, 107
Trd, 8639566.046, 129
Trd, 8639566.512, 101
Trd, 8639566.612, 104
Trd, 8639567.412, 97
Trd, 8639567.446, 92
Trd, 8639567.746, 85
Trd, 8639567.946, 84
Trd, 8639568.446, 92
Trd, 8639570.646, 92
Trd, 8639570.779, 97
Trd, 8639571.312, 127
Trd, 8639571.746, 126
Trd, 8639572.246, 112
Trd, 8639572.579, 121
Trd, 8639574.246, 108
Trd, 8639575.046, 115
Trd, 8639575.879, 112
Trd, 8639576.346, 102
Trd, 8639576.646, 130
Trd, 8639577.079, 97
Trd, 8639577.246, 93
Trd, 8639577.379, 104
Trd, 8639578.279, 89
Trd, 8639578.312, 82
Trd, 8639579.046, 120
Trd, 8639579.979, 114
Trd, 8639580.179, 103
Trd, 8639580.212, 85
Trd, 8639581.246, 79
Trd, 8639581.879, 123
Trd, 8639583.012, 119
Trd, 8639583.379, 98
Trd, 8639583.846, 101
Trd, 8639583.979, 87
Trd, 8639584.212, 81
Trd, 8639584.346, 70
Trd, 8639584.546, 123
Trd, 8639584.612, 111
Trd, 8639585.479, 103
Trd, 8639586.012, 128
Trd, 8639586.712, 115
Trd, 8639586.946, 118
Trd, 8639587.012, 113
Trd, 8639587.812, 117
Trd, 8639588.479, 101
Trd, 8639588.812, 114
Trd, 8639589.412, 120
Trd, 8639589.979, 130
Trd, 8639590.112, 109
Trd, 8639590.412, 124
Trd, 8639592.346, 77
Trd, 8639593.046, 114
Trd, 8639593.446, 138
Trd, 8639594.479, 101
Trd, 8639595.379, 107
Trd, 8639595.679, 138
Trd, 8639595.879, 127
Trd, 8639596.312, 135
Trd, 8639596.879, 120
Trd, 8639597.479, 127
Trd, 8639597.679, 114
Trd, 8639597.746, 112
Trd, 8639598.446, 128
Trd, 8639598.579, 114
Trd, 8639599.679, 123
Trd, 8639600.079, 116
Trd, 8639600.379, 115
Trd, 8639600.812, 129
Trd, 8639602.812, 139
Trd, 8639603.012, 119
Trd, 8639603.212, 117
Trd, 8639603.612, 114
Trd, 8639603.946, 98
Trd, 8639603.979, 89
Trd, 8639604.012, 101
Trd, 8639604.146, 83
Trd, 8639604.812, 109
Trd, 8639605.679, 137
Trd, 8639606.046, 92
Trd, 8639606.779, 139
Trd, 8639607.279, 101
Trd, 8639607.612, 111
Trd, 8639607.746, 105
Trd, 8639607.912, 92
Trd, 8639608.579, 84
Trd, 8639608.612, 79
Trd, 8639608.912, 104
Trd, 8639609.679, 81
Trd, 8639610.246, 76
Trd, 8639610.979, 107
Trd, 8639611.746, 114
Trd, 8639611.879, 104
Trd, 8639612.279, 104
Trd, 8639612.846, 104
Trd, 8639612.946, 94
Trd, 8639613.579, 69
Trd, 8639613.746, 78
Trd, 8639613.912, 77
Trd, 8639614.079, 84
Trd, 8639615.112, 97
Trd, 8639615.746, 128
Trd, 8639617.046, 114
Trd, 8639617.112, 105
Trd, 8639617.279, 130
Trd, 8639617.712, 120
Trd, 8639617.879, 107
Trd, 8639617.912, 100
Trd, 8639617.946, 94
Trd, 8639618.546, 104
Trd, 8639619.012, 107
Trd, 8639619.612, 115
Trd, 8639620.346, 131
Trd, 8639620.812, 105
Trd, 8639621.046, 93
Trd, 8639621.679, 125
Trd, 8639622.179, 104
Trd, 8639622.512, 103
Trd, 8639622.712, 115
Trd, 8639622.846, 84
Trd, 8639624.679, 96
Trd, 8639624.746, 98
Trd, 8639624.946, 94
Trd, 8639625.346, 93
Trd, 8639625.612, 109
Trd, 8639625.679, 102
Trd, 8639626.846, 136
Trd, 8639627.246, 113
Trd, 8639627.379, 110
Trd, 8639628.712, 126
Trd, 8639630.079, 113
Trd, 8639630.212, 106
Trd, 8639630.812, 99
Trd, 8639631.012, 98
Trd, 8639631.379, 79
Trd, 8639631.446, 76
Trd, 8639632.112, 114
Trd, 8639632.612, 99
Trd, 8639633.812, 131
Trd, 8639634.146, 123
Trd, 8639634.479, 117
Trd, 8639634.679, 115
Trd, 8639634.712, 114
Trd, 8639635.079, 137
Trd, 8639635.246, 137
Trd, 8639635.879, 85
Trd, 8639636.579, 76
Trd, 8639636.712, 94
Trd, 8639636.912, 60
Trd, 8639637.312, 73
Trd, 8639637.412, 100
Trd, 8639637.846, 113
Trd, 8639638.246, 99
Trd, 8639638.479, 121
Trd, 8639638.712, 114
Trd, 8639639.212, 124
Trd, 8639640.079, 120
Trd, 8639640.212, 105
Trd, 8639640.712, 100
Trd, 8639641.079, 72
Trd, 8639641.212, 109
Trd, 8639641.346, 63
Trd, 8639642.679, 81
Trd, 8639642.812, 91
Trd, 8639642.946, 113
Trd, 8639643.346, 109
Trd, 8639644.946, 130
Trd, 8639645.212, 128
Trd, 8639646.146, 95
Trd, 8639646.512, 81
Trd, 8639646.946, 79
Trd, 8639647.546, 94
Trd, 8639648.612, 102
Trd, 8639648.946, 137
Trd, 8639649.179, 108
Trd, 8639649.246, 105
Trd, 8639649.779, 111
Trd, 8639649.912, 102
Trd, 8639649.946, 105
Trd, 8639652.612, 136
Trd, 8639652.979, 131
Trd, 8639653.179, 118
Trd, 8639653.479, 115
Trd, 8639653.979, 112
Trd, 8639654.446, 91
Trd, 8639654.512, 91
Trd, 8639655.746, 135
Trd, 8639656.246, 114
Trd, 8639657.112, 118
Trd, 8639657.212, 97
Trd, 8639657.246, 87
Trd, 8639657.879, 89
Trd, 8639657.946, 105
Trd, 8639658.279, 114
Trd, 8639658.379, 105
Trd, 8639658.646, 92
Trd, 8639658.912, 132
Trd, 8639658.946, 89
Trd, 8639659.679, 121
Trd, 8639660.312, 115
Trd, 8639661.112, 113
Trd, 8639662.046, 90
Trd, 8639663.579, 97
Trd, 8639664.279, 99
Trd, 8639664.512, 103
Trd, 8639665.212, 100
Trd, 8639665.646, 127
Trd, 8639665.846, 124
Trd, 8639666.179, 119
Trd, 8639666.412, 108
Trd, 8639666.712, 131
Trd, 8639667.379, 102
Trd, 8639667.612, 92
Trd, 8639667.946, 89
Trd, 8639668.612, 95
Trd, 8639669.612, 88
Trd, 8639669.646, 138
Trd, 8639670.012, 93
Trd, 8639670.246, 98
Trd, 8639670.579, 77
Trd, 8639671.279, 96
Trd, 8639671.746, 112
Trd, 8639671.846, 91
Trd, 8639672.746, 81
Trd, 8639672.979, 120
Trd, 8639673.546, 101
Trd, 8639673.912, 88
Trd, 8639674.146, 105
Trd, 8639676.479, 117
Trd, 8639676.712, 117
Trd, 8639676.779, 97
Trd, 8639677.046, 130
Trd, 8639677.279, 122
Trd, 8639677.412, 110
Trd, 8639677.712, 139
Trd, 8639678.246, 96
Trd, 8639678.612, 114
Trd, 8639678.746, 100
Trd, 8639679.112, 94
Trd, 8639679.912, 124
Trd, 8639681.212, 110
Trd, 8639681.246, 85
Trd, 8639681.312, 130
Trd, 8639681.446, 79
Trd, 8639681.812, 108
Trd, 8639682.412, 128
Trd, 8639682.479, 103
Trd, 8639682.679, 93
Trd, 8639683.179, 68
Trd, 8639683.446, 134
Trd, 8639683.479, 110
Trd, 8639683.812, 129
Trd, 8639684.612, 104
Trd, 8639684.879, 135
Trd, 8639685.246, 84
Trd, 8639685.912, 68
Trd, 8639686.112, 68
Trd, 8639687.746, 85
Trd, 8639688.012, 99
Trd, 8639689.012, 95
Trd, 8639689.246, 90
Trd, 8639689.312, 87
Trd, 8639689.679, 78
Trd, 8639689.912, 104
Trd, 8639690.512, 131
Trd, 8639691.046, 119
Trd, 8639692.179, 128
Trd, 8639692.646, 118
Trd, 8639693.512, 115
Trd, 8639694.546, 116
Trd, 8639694.679, 115
Trd, 8639695.012, 109
Trd, 8639695.746, 116
Trd, 8639695.912, 98
Trd, 8639696.346, 94
Trd, 8639696.412, 113
Trd, 8639697.012, 68
Trd, 8639697.079, 86
Trd, 8639697.846, 107
Trd, 8639698.446, 100
Trd, 8639698.679, 84
Trd, 8639699.479, 97
Trd, 8639700.012, 78
Trd, 8639700.146, 102
Trd, 8639701.479, 116
Trd, 8639702.012, 95
Trd, 8639702.212, 96
Trd, 8639702.612, 98
Trd, 8639702.946, 136
Trd, 8639703.046, 113
Trd, 8639703.412, 120
Trd, 8639703.646, 117
Trd, 8639704.012, 110
Trd, 8639705.312, 131
Trd, 8639705.479, 114
Trd, 8639705.679, 99
Trd, 8639705.779, 126
Trd, 8639705.946, 106
Trd, 8639706.112, 121
Trd, 8639706.479, 87
Trd, 8639706.746, 98
Trd, 8639706.946, 121
Trd, 8639707.979, 118
Trd, 8639708.146, 115
Trd, 8639708.479, 111
Trd, 8639708.846, 131
Trd, 8639709.446, 110
Trd, 8639709.946, 123
Trd, 8639710.346, 138
Trd, 8639710.546, 96
Trd, 8639711.346, 104
Trd, 8639711.379, 91
Trd, 8639711.746, 95
Trd, 8639712.079, 85
Trd, 8639712.479, 109
Trd, 8639713.146, 133
Trd, 8639713.179, 113
Trd, 8639714.046, 131
Trd, 8639715.479, 119
Trd, 8639715.646, 117
Trd, 8639715.812, 115
Trd, 8639716.346, 98
Trd, 8639716.679, 124
Trd, 8639716.712, 126
Trd, 8639717.612, 86
Trd, 8639717.812, 80
Trd, 8639717.879, 67
Trd, 8639717.912, 90
Trd, 8639718.946, 122
Trd, 8639719.579, 77
Trd, 8639720.046, 85
Trd, 8639720.379, 86
Trd, 8639720.446, 83
Trd, 8639720.746, 119
Trd, 8639721.546, 111
Trd, 8639722.412, 130
Trd, 8639722.946, 104
Trd, 8639723.346, 102
Trd, 8639723.446, 87
Trd, 8639724.512, 67
Trd, 8639725.279, 72
Trd, 8639725.679, 70
Trd, 8639725.812, 86
Trd, 8639726.179, 107
Trd, 8639726.379, 78
Trd, 8639727.012, 115
Trd, 8639727.712, 100
Trd, 8639728.279, 90
Trd, 8639728.312, 89
Trd, 8639728.812, 98
Trd, 8639729.279, 98
Trd, 8639729.479, 117
Trd, 8639729.546, 83
Trd, 8639730.046, 101
Trd, 8639730.912, 60
Trd, 8639731.379, 126
Trd, 8639731.646, 109
Trd, 8639732.012, 131
Trd, 8639732.579, 110
Trd, 8639733.512, 122
Trd, 8639734.412, 109
Trd, 8639734.779, 121
Trd, 8639735.079, 105
Trd, 8639735.479, 90
Trd, 8639735.712, 114
Trd, 8639736.312, 120
Trd, 8639737.012, 95
Trd, 8639737.046, 100
Trd, 8639737.346, 92
Trd, 8639737.879, 134
Trd, 8639738.146, 129
Trd, 8639738.346, 110
Trd, 8639739.146, 129
Trd, 8639739.246, 111
Trd, 8639739.946, 89
Trd, 8639740.346, 95
Trd, 8639740.646, 89
Trd, 8639741.546, 121
Trd, 8639741.846, 108
Trd, 8639741.912, 98
Trd, 8639742.679, 113
Trd, 8639743.879, 97
Trd, 8639743.979, 120
Trd, 8639744.146, 88
Trd, 8639745.046, 116
Trd, 8639745.212, 108
Trd, 8639746.912, 108
Trd, 8639747.612, 79
Trd, 8639747.879, 92
Trd, 8639748.246, 86
Trd, 8639748.712, 100
Trd, 8639749.746, 108
Trd, 8639750.312, 118
Trd, 8639750.379, 116
Trd, 8639750.746, 111
Trd, 8639751.246, 108
Trd, 8639751.346, 111
Trd, 8639751.579, 98
Trd, 8639752.179, 104
Trd, 8639752.312, 121
Trd, 8639752.746, 100
Trd, 8639753.679, 128
Trd, 8639754.379, 122
Trd, 8639754.612, 102
Trd, 8639754.879, 96
Trd, 8639756.179, 135
Trd, 8639756.212, 121
Trd, 8639756.379, 103
Trd, 8639756.579, 73
Trd, 8639757.812, 85
Trd, 8639758.079, 133
Trd, 8639758.412, 97
Trd, 8639758.646, 106
Trd, 8639759.246, 115
Trd, 8639759.312, 119
Trd, 8639760.612, 76
Trd, 8639760.946, 70
Trd, 8639761.146, 68
Trd, 8639761.446, 90
Trd, 8639763.979, 121
Trd, 8639764.412, 127
Trd, 8639764.879, 104
Trd, 8639765.212, 110
Trd, 8639765.279, 117
Trd, 8639765.912, 97
Trd, 8639766.279, 116
Trd, 8639767.112, 98
Trd, 8639767.346, 95
Trd, 8639767.812, 102
Trd, 8639769.046, 86
Trd, 8639770.312, 88
Trd, 8639770.546, 109
Trd, 8639770.946, 102
Trd, 8639771.179, 94
Trd, 8639771.846, 85
Trd, 8639772.012, 136
Trd, 8639773.012, 129
Trd, 8639773.179, 111
Trd, 8639773.379, 104
Trd, 8639773.679, 126
Trd, 8639773.979, 84
Trd, 8639774.446, 86
Trd, 8639776.512, 123
Trd, 8639776.646, 107
Trd, 8639776.779, 87
Trd, 8639777.412, 97
Trd, 8639777.746, 133
Trd, 8639777.946, 76
Trd, 8639778.012, 75
Trd, 8639779.246, 76
Trd, 8639780.046, 72
Trd, 8639781.879, 119
Trd, 8639782.112, 102
Trd, 8639782.212, 96
Trd, 8639782.346, 94
Trd, 8639782.746, 73
Trd, 8639783.212, 127
Trd, 8639784.146, 79
Trd, 8639784.246, 81
Trd, 8639784.279, 87
Trd, 8639785.446, 93
Trd, 8639786.146, 136
Trd, 8639786.479, 123
Trd, 8639787.146, 121
Trd, 8639787.179, 119
Trd, 8639787.412, 109
Trd, 8639787.946, 103
Trd, 8639788.146, 102
Trd, 8639788.579, 130
Trd, 8639788.612, 129
Trd, 8639788.912, 91
Trd, 8639790.046, 121
Trd, 8639790.179, 87
Trd, 8639791.079, 130
Trd, 8639791.912, 134
Trd, 8639792.079, 116
Trd, 8639792.346, 112
Trd, 8639792.712, 96
Trd, 8639794.312, 103
Trd, 8639794.579, 130
Trd, 8639795.746, 136
Trd, 8639795.779, 87
Trd, 8639795.979, 132
Trd, 8639796.479, 88
Trd, 8639796.679, 136
Trd, 8639797.579, 134
Trd, 8639797.846, 126
Trd, 8639797.946, 116
Trd, 8639798.112, 109
Trd, 8639798.446, 105
Trd, 8639799.279, 113
Trd, 8639799.512, 89
Trd, 8639800.346, 123
Trd, 8639800.612, 98
Trd, 8639802.779, 135
Trd, 8639803.579, 106
Trd, 8639804.012, 98
Trd, 8639804.046, 100
Trd, 8639804.979, 93
Trd, 8639805.079, 102
Trd, 8639805.446, 105
Trd, 8639806.179, 92
Trd, 8639806.279, 101
Trd, 8639806.479, 89
Trd, 8639806.612, 74
Trd, 8639807.146, 96
Trd, 8639807.212, 134
Trd, 8639809.446, 130
Trd, 8639809.512, 125
Trd, 8639809.612, 117
Trd, 8639809.946, 112
Trd, 8639810.046, 112
Trd, 8639810.312, 111
Trd, 8639811.012, 112
Trd, 8639811.212, 107
Trd, 8639811.912, 81
Trd, 8639812.679, 97
Trd, 8639813.079, 102
Trd, 8639814.379, 70
Trd, 8639814.679, 81
Trd, 8639815.012, 107
Trd, 8639815.379, 80
Trd, 8639815.412, 92
Trd, 8639816.146, 101
Trd, 8639816.346, 131
Trd, 8639816.412, 80
Trd, 8639817.879, 88
Trd, 8639818.312, 81
Trd, 8639818.679, 79
Trd, 8639818.746, 71
Trd, 8639818.912, 112
Trd, 8639820.079, 123
Trd, 8639820.446, 117
Trd, 8639820.612, 130
Trd, 8639820.979, 94
Trd, 8639821.312, 104
Trd, 8639822.112, 119
Trd, 8639822.946, 110
Trd, 8639823.279, 98
Trd, 8639824.946, 109
Trd, 8639825.079, 102
Trd, 8639825.179, 100
Trd, 8639826.279, 112
Trd, 8639826.412, 102
Trd, 8639827.312, 105
Trd, 8639827.746, 132
Trd, 8639828.279, 137
Trd, 8639828.412, 123
Trd, 8639829.212, 112
Trd, 8639829.479, 114
Trd, 8639830.312, 112
Trd, 8639830.746, 108
Trd, 8639832.012, 115
Trd, 8639832.212, 108
Trd, 8639833.279, 135
Trd, 8639833.612, 105
Trd, 8639833.679, 96
Trd, 8639833.712, 92
Trd, 8639833.912, 90
Trd, 8639834.446, 89
Trd, 8639834.479, 88
Trd, 8639835.412, 105
Trd, 8639835.546, 113
Trd, 8639835.712, 98
Trd, 8639836.112, 86
Trd, 8639836.412, 94
Trd, 8639836.746, 69
Trd, 8639836.779, 102
Trd, 8639837.812, 106
Trd, 8639838.412, 111
Trd, 8639838.479, 99
Trd, 8639838.879, 85
Trd, 8639838.979, 85
Trd, 8639840.279, 113
Trd, 8639841.279, 99
Trd, 8639841.512, 81
Trd, 8639841.746, 103
Trd, 8639841.846, 110
Trd, 8639842.212, 89
Trd, 8639842.446, 91
Trd, 8639843.979, 96
Trd, 8639844.179, 133
Trd, 8639844.346, 81
Trd, 8639844.546, 78
Trd, 8639844.646, 138
Trd, 8639844.946, 67
Trd, 8639846.612, 128
Trd, 8639846.712, 119
Trd, 8639847.679, 118
Trd, 8639847.712, 116
Trd, 8639847.779, 137
Trd, 8639848.879, 117
Trd, 8639849.146, 104
Trd, 8639849.646, 110
Trd, 8639850.246, 101
Trd, 8639850.646, 89
Trd, 8639851.046, 138
Trd, 8639852.112, 136
Trd, 8639852.179, 114
Trd, 8639852.979, 104
Trd, 8639853.346, 105
Trd, 8639853.446, 104
Trd, 8639854.146, 121
Trd, 8639854.346, 99
Trd, 8639854.546, 82
Trd, 8639854.746, 140
Trd, 8639855.112, 89
Trd, 8639855.246, 78
Trd, 8639855.679, 129
Trd, 8639856.346, 111
Trd, 8639856.779, 126
Trd, 8639857.412, 134
Trd, 8639857.479, 105
Trd, 8639858.479, 102
Trd, 8639858.746, 93
Trd, 8639858.812, 116
Trd, 8639858.846, 88
Trd, 8639860.679, 109
Trd, 8639860.912, 101
Trd, 8639861.112, 98
Trd, 8639861.412, 87
Trd, 8639861.479, 93
Trd, 8639861.879, 86
Trd, 8639862.612, 94
Trd, 8639863.112, 122
Trd, 8639863.646, 102
Trd, 8639864.079, 130
Trd, 8639864.146, 93
Trd, 8639864.346, 80
Trd, 8639864.546, 72
Trd, 8639864.779, 79
Trd, 8639865.079, 98
Trd, 8639865.412, 79
Trd, 8639865.546, 92
Trd, 8639866.912, 128
Trd, 8639867.979, 116
Trd, 8639868.279, 97
Trd, 8639869.046, 124
Trd, 8639870.146, 127
Trd, 8639870.279, 96
Trd, 8639870.612, 116
Trd, 8639871.246, 99
Trd, 8639871.646, 100
Trd, 8639871.712, 81
Trd, 8639872.446, 78
Trd, 8639872.646, 75
Trd, 8639872.946, 87
Trd, 8639873.246, 126
Trd, 8639874.246, 111
Trd, 8639874.312, 109
Trd, 8639875.079, 107
Trd, 8639877.179, 102
Trd, 8639877.446, 98
Trd, 8639878.179, 135
Trd, 8639878.512, 139
Trd, 8639878.579, 114
Trd, 8639878.979, 106
Trd, 8639879.046, 106
Trd, 8639879.479, 107
Trd, 8639881.246, 114
Trd, 8639881.379, 114
Trd, 8639881.446, 105
Trd, 8639881.612, 104
Trd, 8639882.079, 96
Trd, 8639882.712, 108
Trd, 8639882.812, 93
Trd, 8639883.279, 115
Trd, 8639884.079, 126
Trd, 8639884.912, 93
Trd, 8639885.412, 105
Trd, 8639885.846, 122
Trd, 8639885.879, 115
Trd, 8639886.246, 101
Trd, 8639887.279, 100
Trd, 8639887.312, 97
Trd, 8639888.212, 89
Trd, 8639888.712, 115
Trd, 8639888.779, 122
Trd, 8639889.312, 124
Trd, 8639889.746, 131
Trd, 8639889.812, 136
Trd, 8639890.446, 107
Trd, 8639890.812, 100
Trd, 8639890.846, 86
Trd, 8639892.046, 134
Trd, 8639892.312, 138
Trd, 8639893.112, 116
Trd, 8639893.646, 108
Trd, 8639894.046, 91
Trd, 8639894.212, 119
Trd, 8639894.646, 124
Trd, 8639895.812, 92
Trd, 8639897.079, 108
Trd, 8639897.179, 106
Trd, 8639897.412, 107
Trd, 8639897.979, 100
Trd, 8639898.146, 112
Trd, 8639898.579, 123
Trd, 8639898.946, 103
Trd, 8639899.212, 120
Trd, 8639899.346, 96
Trd, 8639899.779, 136
Trd, 8639899.879, 93
Trd, 8639900.412, 128
Trd, 8639900.512, 118
Trd, 8639901.979, 138
Trd, 8639902.512, 94
Trd, 8639902.879, 126
Trd, 8639903.112, 138
Trd, 8639903.479, 90
Trd, 8639903.712, 95
Trd, 8639903.846, 110
Trd, 8639904.112, 115
Trd, 8639904.812, 117
Trd, 8639905.846, 121
Trd, 8639905.946, 103
Trd, 8639907.246, 137
Trd, 8639907.279, 114
Trd, 8639907.746, 86
Trd, 8639908.712, 130
Trd, 8639908.812, 114
Trd, 8639908.946, 128
Trd, 8639909.246, 88
Trd, 8639910.879, 130
Trd, 8639910.946, 113
Trd, 8639911.879, 93
Trd, 8639912.379, 123
Trd, 8639912.712, 132
Trd, 8639913.012, 124
Trd, 8639914.946, 115
Trd, 8639915.612, 89
Trd, 8639915.679, 89
Trd, 8639915.846, 87
Trd, 8639916.312, 100
Trd, 8639916.546, 101
Trd, 8639917.279, 115
Trd, 8639918.312, 129
Trd, 8639918.512, 102
Trd, 8639919.112, 95
Trd, 8639919.312, 105
Trd, 8639919.579, 94
Trd, 8639920.046, 104
Trd, 8639920.312, 92
Trd, 8639921.312, 98
Trd, 8639921.346, 80
Trd, 8639921.512, 89
Trd, 8639921.946, 68
Trd, 8639922.579, 118
Trd, 8639922.812, 131
Trd, 8639923.412, 132
Trd, 8639923.646, 87
Trd, 8639924.879, 84
Trd, 8639925.379, 88
Trd, 8639926.446, 108
Trd, 8639926.779, 101
Trd, 8639927.179, 99
Trd, 8639927.379, 131
Trd, 8639927.746, 93
Trd, 8639928.212, 92
Trd, 8639928.346, 83
Trd, 8639928.746, 83
Trd, 8639928.946, 114
Trd, 8639929.712, 64
Trd, 8639930.346, 128
Trd, 8639931.012, 99
Trd, 8639931.212, 125
Trd, 8639932.079, 93
Trd, 8639932.312, 77
Trd, 8639932.712, 86
Trd, 8639932.946, 104
Trd, 8639933.579, 94
Trd, 8639934.746, 95
Trd, 8639934.879, 90
Trd, 8639934.946, 70
Trd, 8639935.846, 140
Trd, 8639935.879, 82
Trd, 8639936.612, 76
Trd, 8639936.746, 72
Trd, 8639937.379, 115
Trd, 8639937.612, 113
Trd, 8639937.746, 140
Trd, 8639938.779, 86
Trd, 8639938.812, 94
Trd, 8639938.879, 80
Trd, 8639939.479, 76
Trd, 8639939.612, 74
Trd, 8639940.446, 62
Trd, 8639940.646, 70
Trd, 8639941.246, 72
Trd, 8639942.179, 64
Trd, 8639942.712, 98
Trd, 8639943.612, 104
Trd, 8639943.846, 105
Trd, 8639944.479, 100
Trd, 8639944.779, 99
Trd, 8639945.979, 122
Trd, 8639946.879, 129
Trd, 8639947.779, 116
Trd, 8639948.046, 113
Trd, 8639948.279, 110
Trd, 8639948.312, 97
Trd, 8639948.346, 93
Trd, 8639948.412, 134
Trd, 8639948.879, 101
Trd, 8639949.112, 85
Trd, 8639950.246, 126
Trd, 8639950.512, 111
Trd, 8639951.446, 88
Trd, 8639952.112, 79
Trd, 8639952.546, 120
Trd, 8639953.012, 110
Trd, 8639953.579, 116
Trd, 8639954.279, 124
Trd, 8639954.512, 132
Trd, 8639955.346, 137
Trd, 8639955.779, 117
Trd, 8639955.812, 102
Trd, 8639955.946, 94
Trd, 8639956.146, 93
Trd, 8639957.046, 107
Trd, 8639957.879, 86
Trd, 8639959.212, 94
Trd, 8639959.379, 90
Trd, 8639959.846, 89
Trd, 8639959.912, 128
Trd, 8639960.346, 122
Trd, 8639960.546, 84
Trd, 8639960.846, 140
Trd, 8639961.712, 126
Trd, 8639962.179, 115
Trd, 8639963.179, 118
Trd, 8639963.312, 108
Trd, 8639964.212, 92
Trd, 8639964.979, 71
Trd, 8639965.346, 88
Trd, 8639965.746, 89
Trd, 8639966.279, 128
Trd, 8639966.846, 136
Trd, 8639966.912, 128
Trd, 8639967.146, 110
Trd, 8639968.112, 117
Trd, 8639968.212, 106
Trd, 8639968.579, 126
Trd, 8639969.746, 93
Trd, 8639970.412, 127
Trd, 8639971.412, 138
Trd, 8639971.979, 116
Trd, 8639972.379, 128
Trd, 8639972.412, 104
Trd, 8639973.112, 120
Trd, 8639973.279, 106
Trd, 8639973.779, 96
Trd, 8639974.079, 90
Trd, 8639974.279, 113
Trd, 8639975.546, 127
Trd, 8639976.312, 118
Trd, 8639976.679, 107
Trd, 8639977.512, 115
Trd, 8639977.712, 105
Trd, 8639978.012, 98
Trd, 8639978.212, 97
Trd, 8639978.846, 106
Trd, 8639979.712, 83
Trd, 8639979.746, 81
Trd, 8639980.279, 83
Trd, 8639981.612, 129
Trd, 8639982.079, 127
Trd, 8639982.346, 112
Trd, 8639982.479, 114
Trd, 8639983.079, 105
Trd, 8639983.446, 89
Trd, 8639983.612, 84
Trd, 8639983.946, 109
Trd, 8639984.379, 121
Trd, 8639984.479, 99
Trd, 8639984.679, 86
Trd, 8639985.746, 87
Trd, 8639985.779, 91
Trd, 8639986.046, 73
Trd, 8639986.212, 91
Trd, 8639986.879, 66
Trd, 8639987.512, 65
Trd, 8639987.746, 97
Trd, 8639987.846, 103
Trd, 8639988.679, 114
Trd, 8639989.446, 97
Trd, 8639989.979, 87
Trd, 8639990.912, 73
Trd, 8639991.479, 78
Trd, 8639991.579, 92
Trd, 8639992.646, 125
Trd, 8639992.946, 127
Trd, 8639993.346, 93
Trd, 8639993.479, 81
Trd, 8639993.879, 97
Trd, 8639993.912, 65
Trd, 8639995.046, 122
Trd, 8639995.579, 85
Trd, 8639996.146, 127
Trd, 8639996.546, 106
Trd, 8639996.646, 104
Trd, 8639997.512, 134
Trd, 8639997.879, 89
Trd, 8639999.179, 135
Trd, 8639999.912, 126
