Trd, 8638778.879, 140
Trd, 8638779.312, 137
Trd, 8638781.379, 140
Trd, 8638781.679, 140
Trd, 8638782.079, 140
Trd, 8638782.112, 137
Trd, 8638782.679, 135
Trd, 8638782.879, 131
Trd, 8638783.546, 108
Trd, 8638783.879, 87
Trd, 8638784.079, 107
Trd, 8638784.479, 108
Trd, 8638784.712, 69
Trd, 8638785.746, 81
Trd, 8638785.879, 67
Trd, 8638786.346, 86
Trd, 8638787.046, 127
Trd, 8638787.479, 62
Trd, 8638787.579, 61
Trd, 8638788.179, 122
Trd, 8638788.212, 113
Trd, 8638788.246, 95
Trd, 8638788.712, 125
Trd, 8638789.179, 68
Trd, 8638789.479, 125
Trd, 8638789.946, 81
Trd, 8638791.046, 140
Trd, 8638791.212, 140
Trd, 8638792.079, 140
Trd, 8638792.112, 140
Trd, 8638792.212, 140
Trd, 8638793.112, 140
Trd, 8638793.212, 138
Trd, 8638793.712, 112
Trd, 8638794.146, 129
Trd, 8638794.446, 138
Trd, 8638795.279, 120
Trd, 8638795.779, 110
Trd, 8638795.846, 131
Trd, 8638796.912, 113
Trd, 8638797.279, 115
Trd, 8638797.546, 114
Trd, 8638798.146, 113
Trd, 8638798.779, 114
Trd, 8638798.812, 110
Trd, 8638799.012, 105
Trd, 8638799.146, 71
Trd, 8638799.846, 89
Trd, 8638800.146, 116
Trd, 8638800.346, 117
Trd, 8638800.479, 118
Trd, 8638801.246, 140
Trd, 8638801.446, 140
Trd, 8638801.912, 136
Trd, 8638802.612, 61
Trd, 8638803.279, 63
Trd, 8638803.646, 63
Trd, 8638803.812, 64
Trd, 8638804.546, 60
Trd, 8638805.212, 60
Trd, 8638806.979, 60
Trd, 8638807.512, 60
Trd, 8638808.346, 60
Trd, 8638808.479, 60
Trd, 8638808.779, 60
Trd, 8638808.879, 60
Trd, 8638809.012, 60
Trd, 8638809.279, 60
Trd, 8638809.979, 61
Trd, 8638810.146, 63
Trd, 8638810.379, 65
Trd, 8638810.579, 61
Trd, 8638811.679, 65
Trd, 8638811.979, 68
Trd, 8638812.046, 61
Trd, 8638812.279, 76
Trd, 8638812.812, 60
Trd, 8638812.879, 61
Trd, 8638813.646, 63
Trd, 8638813.846, 65
Trd, 8638814.312, 69
Trd, 8638814.479, 62
Trd, 8638814.712, 61
Trd, 8638815.146, 74
Trd, 8638815.179, 70
Trd, 8638816.646, 138
Trd, 8638816.746, 139
Trd, 8638816.979, 95
Trd, 8638817.046, 66
Trd, 8638818.746, 140
Trd, 8638818.912, 140
Trd, 8638819.346, 140
Trd, 8638819.579, 140
Trd, 8638819.646, 140
Trd, 8638820.379, 140
Trd, 8638821.179, 138
Trd, 8638821.312, 109
Trd, 8638821.879, 112
Trd, 8638822.846, 132
Trd, 8638823.179, 119
Trd, 8638823.312, 118
Trd, 8638823.746, 117
Trd, 8638824.212, 129
Trd, 8638824.412, 114
Trd, 8638824.779, 123
Trd, 8638825.479, 114
Trd, 8638825.746, 123
Trd, 8638826.412, 115
Trd, 8638826.446, 114
Trd, 8638826.746, 110
Trd, 8638826.846, 140
Trd, 8638827.379, 89
Trd, 8638828.612, 121
Trd, 8638828.746, 119
Trd, 8638829.679, 140
Trd, 8638829.712, 136
Trd, 8638829.979, 102
Trd, 8638830.079, 101
Trd, 8638830.379, 139
Trd, 8638830.779, 117
Trd, 8638831.146, 105
Trd, 8638831.646, 86
Trd, 8638832.746, 139
Trd, 8638833.646, 106
Trd, 8638834.612, 138
Trd, 8638834.646, 109
Trd, 8638834.712, 103
Trd, 8638835.779, 131
Trd, 8638835.812, 130
Trd, 8638836.046, 111
Trd, 8638837.312, 140
Trd, 8638837.579, 140
Trd, 8638837.812, 140
Trd, 8638838.079, 140
Trd, 8638838.846, 140
Trd, 8638839.046, 140
Trd, 8638840.312, 140
Trd, 8638840.812, 140
Trd, 8638841.079, 140
Trd, 8638841.179, 140
Trd, 8638841.279, 140
Trd, 8638841.579, 130
Trd, 8638842.712, 119
Trd, 8638842.779, 132
Trd, 8638842.979, 91
Trd, 8638843.112, 89
Trd, 8638843.379, 80
Trd, 8638843.579, 133
Trd, 8638844.012, 61
Trd, 8638844.579, 100
Trd, 8638844.879, 99
Trd, 8638845.446, 98
Trd, 8638845.612, 130
Trd, 8638845.979, 104
Trd, 8638846.312, 93
Trd, 8638847.079, 103
Trd, 8638847.612, 101
Trd, 8638848.246, 61
Trd, 8638848.946, 60
Trd, 8638849.912, 72
Trd, 8638849.946, 73
Trd, 8638850.246, 64
Trd, 8638850.612, 64
Trd, 8638851.046, 71
Trd, 8638851.246, 72
Trd, 8638851.346, 70
Trd, 8638851.779, 67
Trd, 8638851.846, 87
Trd, 8638852.079, 140
Trd, 8638853.179, 140
Trd, 8638854.112, 140
Trd, 8638854.212, 140
Trd, 8638854.346, 139
Trd, 8638854.479, 118
Trd, 8638855.079, 134
Trd, 8638855.179, 133
Trd, 8638855.812, 140
Trd, 8638857.546, 100
Trd, 8638857.646, 99
Trd, 8638858.412, 139
Trd, 8638858.946, 140
Trd, 8638859.112, 139
Trd, 8638859.346, 101
Trd, 8638860.346, 140
Trd, 8638860.412, 140
Trd, 8638861.412, 140
Trd, 8638861.646, 109
Trd, 8638862.046, 86
Trd, 8638862.812, 100
Trd, 8638863.946, 139
Trd, 8638864.012, 139
Trd, 8638865.079, 140
Trd, 8638865.112, 139
Trd, 8638865.246, 138
Trd, 8638865.979, 137
Trd, 8638866.312, 137
Trd, 8638867.479, 140
Trd, 8638867.946, 140
Trd, 8638868.146, 140
Trd, 8638868.346, 140
Trd, 8638868.512, 140
Trd, 8638868.712, 134
Trd, 8638868.912, 120
Trd, 8638869.312, 119
Trd, 8638870.212, 137
Trd, 8638870.246, 102
Trd, 8638870.346, 98
Trd, 8638871.779, 134
Trd, 8638872.146, 109
Trd, 8638872.346, 108
Trd, 8638873.179, 140
Trd, 8638873.512, 139
Trd, 8638873.679, 137
Trd, 8638873.979, 140
Trd, 8638874.412, 138
Trd, 8638874.679, 137
Trd, 8638875.146, 137
Trd, 8638875.212, 136
Trd, 8638875.946, 89
Trd, 8638876.046, 89
Trd, 8638876.579, 136
Trd, 8638877.679, 140
Trd, 8638878.146, 140
Trd, 8638878.946, 140
Trd, 8638879.046, 140
Trd, 8638879.479, 140
Trd, 8638879.812, 137
Trd, 8638880.812, 138
Trd, 8638880.979, 123
Trd, 8638881.212, 122
Trd, 8638882.046, 136
Trd, 8638882.412, 115
Trd, 8638882.746, 92
Trd, 8638882.812, 88
Trd, 8638882.846, 134
Trd, 8638883.079, 66
Trd, 8638883.346, 138
Trd, 8638884.946, 60
Trd, 8638885.312, 61
Trd, 8638885.812, 60
Trd, 8638885.846, 62
Trd, 8638887.012, 60
Trd, 8638887.312, 61
Trd, 8638887.579, 65
Trd, 8638887.946, 61
Trd, 8638887.979, 66
Trd, 8638888.112, 60
Trd, 8638888.312, 140
Trd, 8638888.512, 140
Trd, 8638888.779, 116
Trd, 8638889.146, 62
Trd, 8638889.179, 63
Trd, 8638889.479, 62
Trd, 8638889.646, 138
Trd, 8638890.612, 130
Trd, 8638891.912, 111
Trd, 8638892.246, 111
Trd, 8638892.812, 140
Trd, 8638892.946, 140
Trd, 8638893.579, 110
Trd, 8638893.679, 108
Trd, 8638894.579, 140
Trd, 8638895.146, 139
Trd, 8638895.179, 115
Trd, 8638896.379, 139
Trd, 8638896.412, 102
Trd, 8638896.612, 101
Trd, 8638897.646, 140
Trd, 8638898.512, 140
Trd, 8638898.579, 140
Trd, 8638898.712, 129
Trd, 8638898.879, 139
Trd, 8638899.479, 132
Trd, 8638900.246, 127
Trd, 8638901.312, 95
Trd, 8638901.412, 95
Trd, 8638901.479, 104
Trd, 8638901.679, 93
Trd, 8638903.246, 140
Trd, 8638903.579, 140
Trd, 8638904.146, 136
Trd, 8638904.679, 133
Trd, 8638904.879, 132
Trd, 8638905.512, 140
Trd, 8638905.746, 139
Trd, 8638907.812, 140
Trd, 8638908.246, 140
Trd, 8638908.346, 140
Trd, 8638909.079, 140
Trd, 8638909.379, 140
Trd, 8638909.646, 140
Trd, 8638910.079, 140
Trd, 8638910.612, 140
Trd, 8638910.746, 136
Trd, 8638911.679, 131
Trd, 8638911.846, 136
Trd, 8638912.279, 131
Trd, 8638912.346, 130
Trd, 8638912.512, 118
Trd, 8638912.646, 82
Trd, 8638913.112, 134
Trd, 8638913.546, 60
Trd, 8638914.046, 61
Trd, 8638914.746, 60
Trd, 8638914.979, 60
Trd, 8638915.312, 123
Trd, 8638915.679, 140
Trd, 8638915.846, 140
Trd, 8638917.412, 140
Trd, 8638917.712, 140
Trd, 8638918.546, 140
Trd, 8638918.712, 140
Trd, 8638919.546, 140
Trd, 8638919.612, 140
Trd, 8638919.646, 140
Trd, 8638920.212, 139
Trd, 8638920.246, 134
Trd, 8638920.346, 129
Trd, 8638920.812, 136
Trd, 8638921.212, 111
Trd, 8638921.679, 113
Trd, 8638921.812, 97
Trd, 8638922.212, 96
Trd, 8638922.746, 78
Trd, 8638922.879, 134
Trd, 8638923.812, 79
Trd, 8638924.046, 136
Trd, 8638924.212, 135
Trd, 8638924.512, 140
Trd, 8638924.912, 140
Trd, 8638925.812, 140
Trd, 8638926.179, 140
Trd, 8638926.412, 140
Trd, 8638926.446, 140
Trd, 8638927.346, 122
Trd, 8638927.912, 121
Trd, 8638927.946, 118
Trd, 8638928.712, 110
Trd, 8638929.812, 111
Trd, 8638930.246, 140
Trd, 8638930.279, 123
Trd, 8638930.579, 111
Trd, 8638930.779, 62
Trd, 8638931.312, 140
Trd, 8638931.412, 140
Trd, 8638932.779, 60
Trd, 8638933.012, 61
Trd, 8638933.979, 60
Trd, 8638934.746, 60
Trd, 8638934.912, 60
Trd, 8638934.946, 61
Trd, 8638935.379, 60
Trd, 8638935.546, 60
Trd, 8638935.646, 60
Trd, 8638936.112, 61
Trd, 8638936.646, 62
Trd, 8638936.679, 67
Trd, 8638936.812, 101
Trd, 8638937.279, 117
Trd, 8638938.112, 72
Trd, 8638938.379, 74
Trd, 8638938.979, 75
Trd, 8638939.646, 84
Trd, 8638939.746, 76
Trd, 8638939.812, 85
Trd, 8638939.846, 75
Trd, 8638940.779, 60
Trd, 8638941.379, 60
Trd, 8638941.612, 60
Trd, 8638941.679, 60
Trd, 8638942.646, 62
Trd, 8638943.146, 61
Trd, 8638943.612, 61
Trd, 8638943.912, 62
Trd, 8638944.312, 61
Trd, 8638944.579, 63
Trd, 8638944.612, 63
Trd, 8638944.779, 62
Trd, 8638945.346, 140
Trd, 8638946.379, 137
Trd, 8638946.479, 92
Trd, 8638947.179, 140
Trd, 8638947.879, 140
Trd, 8638948.179, 139
Trd, 8638949.112, 140
Trd, 8638949.679, 140
Trd, 8638949.879, 140
Trd, 8638949.979, 140
Trd, 8638950.446, 137
Trd, 8638950.612, 138
Trd, 8638950.879, 138
Trd, 8638951.046, 136
Trd, 8638951.912, 134
Trd, 8638952.579, 125
Trd, 8638952.612, 95
Trd, 8638952.746, 129
Trd, 8638953.712, 127
Trd, 8638953.979, 110
Trd, 8638954.112, 110
Trd, 8638954.412, 126
Trd, 8638954.579, 107
Trd, 8638954.846, 92
Trd, 8638955.512, 89
Trd, 8638955.879, 70
Trd, 8638956.312, 65
Trd, 8638956.712, 60
Trd, 8638957.612, 60
Trd, 8638958.879, 60
Trd, 8638959.112, 61
Trd, 8638959.812, 60
Trd, 8638960.079, 62
Trd, 8638960.446, 60
Trd, 8638960.712, 60
Trd, 8638960.879, 60
Trd, 8638961.146, 61
Trd, 8638961.212, 62
Trd, 8638961.279, 62
Trd, 8638961.379, 61
Trd, 8638961.812, 61
Trd, 8638962.212, 61
Trd, 8638962.746, 64
Trd, 8638963.146, 64
Trd, 8638963.512, 64
Trd, 8638964.446, 62
Trd, 8638965.146, 61
Trd, 8638965.546, 61
Trd, 8638965.679, 62
Trd, 8638966.779, 61
Trd, 8638967.679, 60
Trd, 8638967.979, 60
Trd, 8638968.212, 61
Trd, 8638968.246, 61
Trd, 8638968.912, 64
Trd, 8638969.546, 60
Trd, 8638969.879, 61
Trd, 8638970.012, 61
Trd, 8638970.046, 61
Trd, 8638970.312, 65
Trd, 8638970.446, 73
Trd, 8638971.146, 67
Trd, 8638971.712, 118
Trd, 8638972.012, 126
Trd, 8638972.346, 120
Trd, 8638973.079, 120
Trd, 8638974.312, 140
Trd, 8638974.546, 137
Trd, 8638974.712, 136
Trd, 8638975.312, 140
Trd, 8638976.279, 140
Trd, 8638976.679, 140
Trd, 8638976.712, 140
Trd, 8638977.046, 139
Trd, 8638977.246, 136
Trd, 8638977.279, 134
Trd, 8638978.112, 126
Trd, 8638978.179, 125
Trd, 8638978.712, 137
Trd, 8638979.046, 124
Trd, 8638979.912, 124
Trd, 8638980.146, 137
Trd, 8638980.646, 121
Trd, 8638980.946, 136
Trd, 8638981.412, 140
Trd, 8638981.512, 119
Trd, 8638981.646, 119
Trd, 8638982.146, 103
Trd, 8638982.279, 102
Trd, 8638983.012, 73
Trd, 8638984.012, 140
Trd, 8638984.679, 140
Trd, 8638985.046, 140
Trd, 8638985.379, 139
Trd, 8638985.546, 138
Trd, 8638986.012, 140
Trd, 8638986.779, 131
Trd, 8638988.179, 132
Trd, 8638988.312, 131
Trd, 8638988.479, 129
Trd, 8638988.546, 115
Trd, 8638989.012, 138
Trd, 8638989.946, 140
Trd, 8638990.179, 140
Trd, 8638990.279, 140
Trd, 8638991.912, 107
Trd, 8638992.812, 140
Trd, 8638993.279, 140
Trd, 8638993.746, 140
Trd, 8638994.346, 138
Trd, 8638994.946, 134
Trd, 8638994.979, 126
Trd, 8638995.546, 128
Trd, 8638995.979, 126
Trd, 8638996.379, 126
Trd, 8638996.746, 128
Trd, 8638996.979, 126
Trd, 8638997.046, 133
Trd, 8638997.512, 125
Trd, 8638997.612, 97
Trd, 8638998.479, 101
Trd, 8638998.679, 105
Trd, 8638999.646, 92
Trd, 8638999.946, 93
Trd, 8639000.112, 123
Trd, 8639000.812, 93
Trd, 8639000.912, 88
Trd, 8639001.279, 81
Trd, 8639002.479, 109
Trd, 8639002.979, 116
Trd, 8639003.246, 115
Trd, 8639003.579, 98
Trd, 8639003.646, 97
Trd, 8639003.812, 98
Trd, 8639003.912, 115
Trd, 8639004.846, 140
Trd, 8639004.912, 140
Trd, 8639005.312, 60
Trd, 8639005.579, 62
Trd, 8639005.979, 140
Trd, 8639006.846, 140
Trd, 8639007.012, 110
Trd, 8639007.112, 72
Trd, 8639007.446, 61
Trd, 8639008.479, 140
Trd, 8639008.579, 139
Trd, 8639008.746, 125
Trd, 8639008.879, 114
Trd, 8639009.446, 63
Trd, 8639011.146, 60
Trd, 8639011.346, 60
Trd, 8639011.879, 60
Trd, 8639012.479, 60
Trd, 8639013.846, 60
Trd, 8639013.979, 60
Trd, 8639014.046, 60
Trd, 8639014.112, 61
Trd, 8639014.312, 62
Trd, 8639014.479, 61
Trd, 8639014.712, 60
Trd, 8639015.612, 60
Trd, 8639016.279, 60
Trd, 8639017.046, 61
Trd, 8639017.579, 60
Trd, 8639017.746, 60
Trd, 8639017.779, 60
Trd, 8639018.012, 62
Trd, 8639018.379, 64
Trd, 8639018.846, 63
Trd, 8639019.446, 63
Trd, 8639019.479, 62
Trd, 8639020.479, 60
Trd, 8639020.646, 61
Trd, 8639020.812, 61
Trd, 8639020.946, 62
Trd, 8639022.679, 60
Trd, 8639022.712, 60
Trd, 8639023.812, 61
Trd, 8639023.946, 62
Trd, 8639024.012, 62
Trd, 8639024.212, 61
Trd, 8639024.412, 60
Trd, 8639025.112, 60
Trd, 8639025.179, 62
Trd, 8639025.712, 140
Trd, 8639025.812, 138
Trd, 8639026.146, 66
Trd, 8639026.579, 90
Trd, 8639026.712, 91
Trd, 8639027.612, 136
Trd, 8639027.712, 120
Trd, 8639027.812, 87
Trd, 8639028.146, 75
Trd, 8639028.746, 139
Trd, 8639029.512, 60
Trd, 8639029.879, 60
Trd, 8639031.012, 60
Trd, 8639031.046, 60
Trd, 8639031.346, 60
Trd, 8639031.446, 60
Trd, 8639031.512, 60
Trd, 8639031.779, 61
Trd, 8639032.712, 60
Trd, 8639033.579, 61
Trd, 8639033.979, 60
Trd, 8639034.079, 61
Trd, 8639035.012, 64
Trd, 8639035.412, 60
Trd, 8639035.579, 65
Trd, 8639035.679, 62
Trd, 8639035.946, 62
Trd, 8639036.679, 62
Trd, 8639037.112, 63
Trd, 8639037.146, 65
Trd, 8639037.346, 65
Trd, 8639037.446, 62
Trd, 8639037.879, 63
Trd, 8639038.312, 63
Trd, 8639038.646, 62
Trd, 8639038.779, 67
Trd, 8639039.112, 68
Trd, 8639039.312, 63
Trd, 8639041.146, 108
Trd, 8639042.146, 140
Trd, 8639042.279, 140
Trd, 8639042.479, 140
Trd, 8639042.512, 140
Trd, 8639043.012, 140
Trd, 8639043.046, 140
Trd, 8639043.712, 136
Trd, 8639044.579, 140
Trd, 8639044.746, 127
Trd, 8639045.046, 139
Trd, 8639045.646, 113
Trd, 8639045.879, 112
Trd, 8639046.346, 113
Trd, 8639047.212, 102
Trd, 8639048.112, 138
Trd, 8639048.479, 137
Trd, 8639049.079, 139
Trd, 8639049.179, 137
Trd, 8639049.712, 133
Trd, 8639050.612, 138
Trd, 8639050.812, 138
Trd, 8639050.946, 139
Trd, 8639051.079, 138
Trd, 8639051.546, 138
Trd, 8639051.679, 138
Trd, 8639051.746, 137
Trd, 8639053.146, 93
Trd, 8639053.379, 91
Trd, 8639053.479, 86
Trd, 8639054.046, 132
Trd, 8639054.412, 139
Trd, 8639054.912, 111
Trd, 8639055.312, 140
Trd, 8639055.412, 107
Trd, 8639056.479, 140
Trd, 8639056.846, 140
Trd, 8639057.046, 134
Trd, 8639057.879, 60
Trd, 8639058.412, 60
Trd, 8639058.479, 60
Trd, 8639059.412, 64
Trd, 8639059.712, 67
Trd, 8639059.946, 67
Trd, 8639060.912, 67
Trd, 8639061.246, 66
Trd, 8639061.446, 66
Trd, 8639061.912, 69
Trd, 8639061.946, 69
Trd, 8639062.212, 64
Trd, 8639063.112, 60
Trd, 8639063.346, 60
Trd, 8639064.679, 60
Trd, 8639065.546, 60
Trd, 8639065.812, 60
Trd, 8639065.846, 64
Trd, 8639066.179, 61
Trd, 8639066.446, 69
Trd, 8639067.946, 67
Trd, 8639068.179, 68
Trd, 8639068.246, 65
Trd, 8639068.346, 62
Trd, 8639068.446, 69
Trd, 8639068.912, 80
Trd, 8639069.279, 62
Trd, 8639069.746, 61
Trd, 8639070.179, 61
Trd, 8639070.212, 61
Trd, 8639070.412, 62
Trd, 8639070.512, 63
Trd, 8639071.879, 62
Trd, 8639072.512, 61
Trd, 8639072.646, 62
Trd, 8639072.812, 64
Trd, 8639073.846, 60
Trd, 8639074.379, 60
Trd, 8639074.812, 61
Trd, 8639075.079, 62
Trd, 8639075.279, 60
Trd, 8639075.579, 61
Trd, 8639076.279, 62
Trd, 8639076.346, 61
Trd, 8639076.879, 64
Trd, 8639077.479, 60
Trd, 8639077.679, 60
Trd, 8639078.112, 140
Trd, 8639079.579, 65
Trd, 8639079.779, 137
Trd, 8639079.979, 64
Trd, 8639080.146, 71
Trd, 8639081.446, 62
Trd, 8639081.679, 64
Trd, 8639081.979, 71
Trd, 8639082.479, 63
Trd, 8639082.512, 70
Trd, 8639083.046, 63
Trd, 8639083.246, 63
Trd, 8639083.312, 65
Trd, 8639083.412, 62
Trd, 8639083.612, 61
Trd, 8639084.479, 63
Trd, 8639084.646, 64
Trd, 8639084.679, 66
Trd, 8639085.179, 71
Trd, 8639085.446, 63
Trd, 8639085.946, 69
Trd, 8639086.146, 62
Trd, 8639087.312, 69
Trd, 8639087.446, 140
Trd, 8639087.512, 68
Trd, 8639088.512, 140
Trd, 8639088.712, 140
Trd, 8639088.979, 137
Trd, 8639089.279, 133
Trd, 8639089.412, 103
Trd, 8639090.779, 120
Trd, 8639090.812, 119
Trd, 8639090.879, 90
Trd, 8639091.779, 140
Trd, 8639092.579, 139
Trd, 8639093.279, 140
Trd, 8639093.879, 140
Trd, 8639094.879, 140
Trd, 8639095.079, 140
Trd, 8639095.579, 126
Trd, 8639095.646, 120
Trd, 8639095.912, 121
Trd, 8639096.712, 140
Trd, 8639096.846, 140
Trd, 8639097.279, 125
Trd, 8639098.146, 128
Trd, 8639098.212, 128
Trd, 8639098.679, 127
Trd, 8639099.079, 124
Trd, 8639100.746, 118
Trd, 8639101.046, 119
Trd, 8639101.079, 118
Trd, 8639101.279, 120
Trd, 8639101.612, 92
Trd, 8639101.746, 90
Trd, 8639102.412, 61
Trd, 8639103.012, 60
Trd, 8639103.146, 60
Trd, 8639103.179, 62
Trd, 8639103.412, 140
Trd, 8639103.879, 126
Trd, 8639104.979, 140
Trd, 8639105.079, 139
Trd, 8639105.812, 139
Trd, 8639106.212, 134
Trd, 8639106.612, 140
Trd, 8639106.712, 136
Trd, 8639107.346, 123
Trd, 8639108.079, 123
Trd, 8639108.579, 124
Trd, 8639108.712, 123
Trd, 8639108.879, 121
Trd, 8639109.812, 124
Trd, 8639110.179, 95
Trd, 8639110.979, 98
Trd, 8639111.246, 97
Trd, 8639111.279, 122
Trd, 8639111.446, 95
Trd, 8639111.846, 119
Trd, 8639111.912, 123
Trd, 8639112.846, 104
Trd, 8639113.079, 78
Trd, 8639113.179, 73
Trd, 8639113.546, 72
Trd, 8639113.879, 61
Trd, 8639114.546, 60
Trd, 8639114.812, 60
Trd, 8639116.146, 60
Trd, 8639116.379, 60
Trd, 8639116.646, 60
Trd, 8639117.279, 65
Trd, 8639117.412, 61
Trd, 8639117.479, 66
Trd, 8639117.946, 61
Trd, 8639118.712, 63
Trd, 8639119.312, 64
Trd, 8639119.379, 65
Trd, 8639119.546, 65
Trd, 8639119.712, 72
Trd, 8639119.879, 75
Trd, 8639120.112, 88
Trd, 8639121.212, 72
Trd, 8639122.379, 60
Trd, 8639122.412, 60
Trd, 8639122.446, 61
Trd, 8639123.779, 60
Trd, 8639123.912, 60
Trd, 8639124.112, 60
Trd, 8639124.212, 61
Trd, 8639124.379, 75
Trd, 8639124.812, 139
Trd, 8639125.212, 139
Trd, 8639125.279, 138
Trd, 8639125.879, 140
Trd, 8639126.512, 75
Trd, 8639127.179, 91
Trd, 8639128.046, 85
Trd, 8639128.246, 85
Trd, 8639129.012, 140
Trd, 8639130.179, 140
Trd, 8639130.212, 136
Trd, 8639131.179, 140
Trd, 8639131.212, 140
Trd, 8639131.546, 140
Trd, 8639131.579, 140
Trd, 8639131.646, 111
Trd, 8639131.846, 63
Trd, 8639132.179, 61
Trd, 8639132.479, 119
Trd, 8639133.446, 138
Trd, 8639134.546, 63
Trd, 8639135.112, 74
Trd, 8639135.179, 73
Trd, 8639135.312, 76
Trd, 8639135.646, 62
Trd, 8639135.912, 72
Trd, 8639136.112, 67
Trd, 8639136.946, 60
Trd, 8639137.279, 60
Trd, 8639138.012, 60
Trd, 8639138.679, 60
Trd, 8639139.479, 60
Trd, 8639139.846, 60
Trd, 8639141.012, 61
Trd, 8639142.612, 60
Trd, 8639142.712, 60
Trd, 8639144.012, 60
Trd, 8639144.179, 60
Trd, 8639144.279, 61
Trd, 8639144.446, 63
Trd, 8639144.979, 60
Trd, 8639145.046, 60
Trd, 8639145.312, 61
Trd, 8639145.446, 60
Trd, 8639145.979, 65
Trd, 8639146.012, 67
Trd, 8639146.679, 60
Trd, 8639146.812, 62
Trd, 8639147.279, 70
Trd, 8639148.512, 66
Trd, 8639148.646, 72
Trd, 8639148.679, 90
Trd, 8639148.879, 71
Trd, 8639149.012, 112
Trd, 8639149.146, 98
Trd, 8639150.412, 105
Trd, 8639150.446, 104
Trd, 8639150.879, 105
Trd, 8639150.946, 107
Trd, 8639151.012, 104
Trd, 8639151.979, 103
Trd, 8639153.546, 60
Trd, 8639154.746, 61
Trd, 8639155.079, 62
Trd, 8639155.312, 63
Trd, 8639155.646, 63
Trd, 8639155.979, 63
Trd, 8639156.479, 119
Trd, 8639157.746, 140
Trd, 8639157.779, 140
Trd, 8639158.246, 140
Trd, 8639158.779, 140
Trd, 8639159.846, 136
Trd, 8639160.079, 137
Trd, 8639160.146, 108
Trd, 8639160.746, 123
Trd, 8639161.012, 108
Trd, 8639161.346, 139
Trd, 8639162.412, 140
Trd, 8639162.579, 140
Trd, 8639162.946, 138
Trd, 8639163.979, 139
Trd, 8639164.646, 140
Trd, 8639165.012, 140
Trd, 8639165.179, 140
Trd, 8639165.379, 140
Trd, 8639166.112, 124
Trd, 8639166.212, 121
Trd, 8639166.946, 123
Trd, 8639167.212, 121
Trd, 8639167.846, 135
Trd, 8639167.946, 139
Trd, 8639168.879, 139
Trd, 8639169.246, 137
Trd, 8639169.479, 136
Trd, 8639169.679, 113
Trd, 8639169.779, 106
Trd, 8639170.212, 72
Trd, 8639170.879, 140
Trd, 8639171.646, 140
Trd, 8639172.179, 140
Trd, 8639172.746, 140
Trd, 8639172.912, 134
Trd, 8639173.046, 135
Trd, 8639173.112, 134
Trd, 8639173.712, 121
Trd, 8639173.812, 114
Trd, 8639174.046, 127
Trd, 8639175.579, 132
Trd, 8639175.979, 132
Trd, 8639177.112, 140
Trd, 8639177.279, 140
Trd, 8639177.312, 139
Trd, 8639177.746, 139
Trd, 8639178.279, 138
Trd, 8639178.379, 137
Trd, 8639178.779, 138
Trd, 8639178.812, 137
Trd, 8639179.912, 132
Trd, 8639180.046, 131
Trd, 8639180.646, 128
Trd, 8639180.979, 128
Trd, 8639181.279, 130
Trd, 8639181.612, 132
Trd, 8639182.046, 140
Trd, 8639182.812, 112
Trd, 8639182.979, 109
Trd, 8639183.412, 97
Trd, 8639183.712, 128
Trd, 8639183.879, 95
Trd, 8639185.346, 104
Trd, 8639185.446, 94
Trd, 8639186.212, 61
Trd, 8639186.346, 61
Trd, 8639186.846, 139
Trd, 8639187.379, 138
Trd, 8639187.546, 118
Trd, 8639188.979, 131
Trd, 8639189.612, 131
Trd, 8639190.446, 133
Trd, 8639190.679, 134
Trd, 8639190.779, 137
Trd, 8639190.979, 132
Trd, 8639191.412, 140
Trd, 8639192.179, 139
Trd, 8639192.446, 137
Trd, 8639194.346, 140
Trd, 8639194.679, 140
Trd, 8639194.946, 140
Trd, 8639195.779, 140
Trd, 8639195.846, 140
Trd, 8639196.046, 136
Trd, 8639196.146, 129
Trd, 8639196.479, 115
Trd, 8639196.646, 139
Trd, 8639197.012, 106
Trd, 8639198.212, 138
Trd, 8639198.412, 138
Trd, 8639199.512, 116
Trd, 8639199.579, 132
Trd, 8639200.179, 138
Trd, 8639200.612, 139
Trd, 8639200.646, 121
Trd, 8639201.879, 134
Trd, 8639201.946, 116
Trd, 8639202.079, 116
Trd, 8639202.579, 137
Trd, 8639203.046, 105
Trd, 8639203.379, 140
Trd, 8639203.412, 104
Trd, 8639203.679, 118
Trd, 8639204.612, 132
Trd, 8639204.679, 130
Trd, 8639205.146, 104
Trd, 8639205.979, 139
Trd, 8639206.712, 140
Trd, 8639207.579, 140
Trd, 8639207.946, 140
Trd, 8639208.946, 139
Trd, 8639209.212, 140
Trd, 8639209.312, 136
Trd, 8639209.346, 135
Trd, 8639209.812, 130
Trd, 8639209.846, 117
Trd, 8639209.979, 137
Trd, 8639210.346, 138
Trd, 8639210.612, 132
Trd, 8639211.912, 139
Trd, 8639212.046, 138
Trd, 8639212.546, 137
Trd, 8639213.179, 140
Trd, 8639213.612, 139
Trd, 8639213.646, 136
Trd, 8639213.712, 119
Trd, 8639214.179, 139
Trd, 8639214.546, 128
Trd, 8639215.512, 138
Trd, 8639215.879, 122
Trd, 8639216.679, 140
Trd, 8639216.912, 140
Trd, 8639217.612, 140
Trd, 8639217.746, 140
Trd, 8639217.979, 140
Trd, 8639218.212, 136
Trd, 8639219.546, 113
Trd, 8639219.846, 140
Trd, 8639220.079, 116
Trd, 8639221.512, 140
Trd, 8639221.812, 140
Trd, 8639222.279, 140
Trd, 8639222.712, 140
Trd, 8639223.112, 140
Trd, 8639223.579, 140
Trd, 8639223.646, 140
Trd, 8639224.079, 139
Trd, 8639225.312, 140
Trd, 8639225.479, 140
Trd, 8639226.012, 79
Trd, 8639226.579, 137
Trd, 8639227.312, 136
Trd, 8639227.446, 130
Trd, 8639227.479, 108
Trd, 8639228.512, 138
Trd, 8639228.646, 137
Trd, 8639228.812, 79
Trd, 8639228.979, 61
Trd, 8639230.012, 140
Trd, 8639230.546, 61
Trd, 8639230.612, 62
Trd, 8639231.246, 70
Trd, 8639231.646, 63
Trd, 8639231.846, 64
Trd, 8639232.246, 65
Trd, 8639232.412, 67
Trd, 8639233.279, 84
Trd, 8639233.546, 79
Trd, 8639233.779, 78
Trd, 8639234.246, 84
Trd, 8639234.479, 85
Trd, 8639234.512, 82
Trd, 8639234.879, 139
Trd, 8639235.079, 80
Trd, 8639235.312, 118
Trd, 8639235.812, 118
Trd, 8639236.346, 115
Trd, 8639236.712, 102
Trd, 8639236.812, 67
Trd, 8639237.646, 65
Trd, 8639238.712, 139
Trd, 8639239.146, 138
Trd, 8639239.212, 136
Trd, 8639239.546, 135
Trd, 8639241.412, 138
Trd, 8639241.512, 136
Trd, 8639241.579, 129
Trd, 8639241.712, 127
Trd, 8639242.146, 131
Trd, 8639243.112, 140
Trd, 8639243.146, 136
Trd, 8639243.246, 89
Trd, 8639243.646, 90
Trd, 8639243.746, 88
Trd, 8639244.546, 128
Trd, 8639244.879, 127
Trd, 8639246.879, 138
Trd, 8639247.112, 138
Trd, 8639247.246, 139
Trd, 8639247.346, 128
Trd, 8639247.479, 127
Trd, 8639249.079, 140
Trd, 8639249.212, 136
Trd, 8639249.312, 126
Trd, 8639249.546, 125
Trd, 8639250.046, 140
Trd, 8639250.212, 97
Trd, 8639250.912, 95
Trd, 8639252.446, 95
Trd, 8639253.012, 140
Trd, 8639253.146, 140
Trd, 8639253.312, 140
Trd, 8639253.512, 140
Trd, 8639253.546, 139
Trd, 8639254.579, 140
Trd, 8639254.646, 140
Trd, 8639254.779, 138
Trd, 8639256.079, 132
Trd, 8639257.512, 140
Trd, 8639257.579, 140
Trd, 8639257.679, 140
Trd, 8639258.512, 140
Trd, 8639258.679, 140
Trd, 8639259.046, 136
Trd, 8639259.812, 132
Trd, 8639260.179, 139
Trd, 8639260.279, 137
Trd, 8639260.479, 136
Trd, 8639261.446, 138
Trd, 8639261.579, 137
Trd, 8639261.912, 122
Trd, 8639262.179, 103
Trd, 8639262.712, 70
Trd, 8639262.846, 135
Trd, 8639263.446, 136
Trd, 8639263.679, 95
Trd, 8639263.812, 71
Trd, 8639263.979, 133
Trd, 8639264.846, 66
Trd, 8639266.112, 60
Trd, 8639266.346, 60
Trd, 8639266.679, 60
Trd, 8639266.812, 61
Trd, 8639268.346, 60
Trd, 8639268.446, 60
Trd, 8639268.512, 60
Trd, 8639268.746, 61
Trd, 8639268.812, 60
Trd, 8639269.012, 66
Trd, 8639269.379, 64
Trd, 8639269.679, 65
Trd, 8639270.146, 60
Trd, 8639270.279, 62
Trd, 8639270.646, 86
Trd, 8639271.046, 60
Trd, 8639271.312, 61
Trd, 8639271.946, 63
Trd, 8639272.512, 60
Trd, 8639272.946, 61
Trd, 8639273.146, 62
Trd, 8639273.812, 65
Trd, 8639273.879, 79
Trd, 8639274.246, 66
Trd, 8639274.646, 69
Trd, 8639275.012, 68
Trd, 8639275.646, 134
Trd, 8639277.612, 138
Trd, 8639277.946, 129
Trd, 8639278.246, 127
Trd, 8639278.379, 124
Trd, 8639278.912, 121
Trd, 8639279.279, 122
Trd, 8639279.746, 124
Trd, 8639279.879, 127
Trd, 8639280.179, 125
Trd, 8639280.379, 127
Trd, 8639281.012, 125
Trd, 8639281.146, 124
Trd, 8639281.779, 122
Trd, 8639281.846, 121
Trd, 8639281.946, 100
Trd, 8639282.212, 127
Trd, 8639282.579, 90
Trd, 8639283.446, 65
Trd, 8639283.612, 132
Trd, 8639285.079, 134
Trd, 8639285.112, 133
Trd, 8639285.179, 133
Trd, 8639285.212, 124
Trd, 8639285.746, 135
Trd, 8639286.012, 140
Trd, 8639286.512, 64
Trd, 8639286.879, 65
Trd, 8639286.979, 63
Trd, 8639287.212, 63
Trd, 8639287.379, 62
Trd, 8639287.812, 60
Trd, 8639288.779, 85
Trd, 8639290.246, 63
Trd, 8639290.646, 61
Trd, 8639290.879, 62
Trd, 8639291.046, 63
Trd, 8639291.112, 67
Trd, 8639291.379, 140
Trd, 8639292.379, 61
Trd, 8639292.646, 62
Trd, 8639292.979, 60
Trd, 8639293.079, 60
Trd, 8639293.912, 60
Trd, 8639294.546, 60
Trd, 8639294.612, 60
Trd, 8639294.712, 64
Trd, 8639295.679, 70
Trd, 8639295.912, 76
Trd, 8639296.179, 77
Trd, 8639296.246, 73
Trd, 8639297.146, 140
Trd, 8639297.346, 140
Trd, 8639297.746, 140
Trd, 8639297.979, 140
Trd, 8639298.012, 140
Trd, 8639299.446, 140
Trd, 8639299.612, 140
Trd, 8639299.746, 137
Trd, 8639299.846, 139
Trd, 8639300.712, 137
Trd, 8639301.546, 139
Trd, 8639301.846, 88
Trd, 8639302.712, 118
Trd, 8639302.879, 139
Trd, 8639303.779, 60
Trd, 8639303.846, 60
Trd, 8639304.279, 60
Trd, 8639304.546, 61
Trd, 8639304.579, 62
Trd, 8639305.146, 65
Trd, 8639305.279, 62
Trd, 8639305.746, 65
Trd, 8639305.779, 62
Trd, 8639306.079, 62
Trd, 8639306.379, 61
Trd, 8639306.579, 66
Trd, 8639307.679, 61
Trd, 8639307.912, 64
Trd, 8639308.212, 60
Trd, 8639309.579, 60
Trd, 8639310.012, 60
Trd, 8639310.079, 61
Trd, 8639310.346, 61
Trd, 8639310.579, 61
Trd, 8639311.346, 61
Trd, 8639311.879, 62
Trd, 8639311.979, 62
Trd, 8639312.346, 68
Trd, 8639312.512, 63
Trd, 8639312.779, 64
Trd, 8639313.079, 123
Trd, 8639313.379, 136
Trd, 8639314.012, 124
Trd, 8639314.179, 109
Trd, 8639314.412, 80
Trd, 8639314.946, 139
Trd, 8639315.546, 137
Trd, 8639315.946, 65
Trd, 8639317.046, 140
Trd, 8639318.312, 140
Trd, 8639318.646, 140
Trd, 8639318.712, 140
Trd, 8639318.946, 137
Trd, 8639319.346, 136
Trd, 8639319.412, 104
Trd, 8639320.079, 96
Trd, 8639320.812, 103
Trd, 8639321.679, 140
Trd, 8639322.479, 140
Trd, 8639323.612, 140
Trd, 8639323.646, 140
Trd, 8639323.979, 140
Trd, 8639324.512, 140
Trd, 8639324.946, 140
Trd, 8639325.179, 136
Trd, 8639325.712, 139
Trd, 8639325.946, 134
Trd, 8639326.079, 139
Trd, 8639327.346, 140
Trd, 8639327.879, 130
Trd, 8639328.246, 139
Trd, 8639328.679, 139
Trd, 8639329.379, 131
Trd, 8639329.512, 128
Trd, 8639329.612, 123
Trd, 8639330.946, 99
Trd, 8639332.079, 103
Trd, 8639332.179, 103
Trd, 8639332.512, 103
Trd, 8639332.746, 102
Trd, 8639332.912, 98
Trd, 8639333.446, 101
Trd, 8639333.479, 102
Trd, 8639333.512, 100
Trd, 8639334.246, 140
Trd, 8639334.312, 140
Trd, 8639334.779, 91
Trd, 8639335.812, 68
Trd, 8639336.112, 60
Trd, 8639336.212, 122
Trd, 8639336.779, 131
Trd, 8639336.846, 135
Trd, 8639337.679, 75
Trd, 8639337.946, 73
Trd, 8639338.046, 99
Trd, 8639338.746, 76
Trd, 8639339.379, 78
Trd, 8639339.479, 76
Trd, 8639340.579, 103
Trd, 8639340.646, 75
Trd, 8639341.712, 140
Trd, 8639341.846, 140
Trd, 8639342.346, 140
Trd, 8639342.612, 140
Trd, 8639343.046, 136
Trd, 8639343.112, 135
Trd, 8639343.546, 134
Trd, 8639343.879, 133
Trd, 8639344.312, 131
Trd, 8639344.479, 127
Trd, 8639345.512, 136
Trd, 8639346.646, 108
Trd, 8639347.346, 139
Trd, 8639347.979, 136
Trd, 8639348.079, 136
Trd, 8639348.412, 136
Trd, 8639348.846, 140
Trd, 8639349.312, 136
Trd, 8639349.579, 135
Trd, 8639350.046, 104
Trd, 8639350.079, 102
Trd, 8639350.812, 138
Trd, 8639351.879, 140
Trd, 8639352.512, 140
Trd, 8639354.579, 140
Trd, 8639354.946, 140
Trd, 8639355.679, 140
Trd, 8639355.912, 140
Trd, 8639357.012, 140
Trd, 8639357.179, 140
Trd, 8639357.479, 140
Trd, 8639357.546, 140
Trd, 8639357.946, 140
Trd, 8639357.979, 139
Trd, 8639359.046, 140
Trd, 8639359.112, 140
Trd, 8639359.846, 137
Trd, 8639360.146, 137
Trd, 8639360.446, 136
Trd, 8639360.846, 132
Trd, 8639361.179, 136
Trd, 8639361.546, 131
Trd, 8639362.179, 140
Trd, 8639362.812, 139
Trd, 8639362.912, 137
Trd, 8639363.579, 139
Trd, 8639364.546, 135
Trd, 8639364.679, 124
Trd, 8639364.979, 106
Trd, 8639365.179, 125
Trd, 8639365.579, 85
Trd, 8639366.246, 140
Trd, 8639367.079, 140
Trd, 8639367.112, 138
Trd, 8639367.179, 129
Trd, 8639369.479, 60
Trd, 8639369.779, 60
Trd, 8639370.212, 60
Trd, 8639370.279, 60
Trd, 8639371.212, 60
Trd, 8639371.879, 61
Trd, 8639372.446, 60
Trd, 8639372.979, 60
Trd, 8639373.312, 61
Trd, 8639373.412, 62
Trd, 8639373.812, 63
Trd, 8639373.979, 62
Trd, 8639374.046, 61
Trd, 8639374.112, 65
Trd, 8639374.379, 65
Trd, 8639375.546, 60
Trd, 8639375.812, 60
Trd, 8639376.046, 60
Trd, 8639376.079, 63
Trd, 8639376.679, 62
Trd, 8639376.846, 62
Trd, 8639377.012, 63
Trd, 8639377.179, 64
Trd, 8639377.746, 62
Trd, 8639377.946, 62
Trd, 8639378.246, 62
Trd, 8639378.446, 63
Trd, 8639379.046, 60
Trd, 8639379.512, 63
Trd, 8639379.612, 63
Trd, 8639380.746, 60
Trd, 8639381.412, 60
Trd, 8639382.146, 60
Trd, 8639382.279, 60
Trd, 8639382.612, 61
Trd, 8639383.912, 61
Trd, 8639385.046, 60
Trd, 8639385.512, 60
Trd, 8639385.612, 62
Trd, 8639385.946, 61
Trd, 8639386.146, 63
Trd, 8639386.446, 63
Trd, 8639386.979, 64
Trd, 8639387.079, 65
Trd, 8639387.212, 65
Trd, 8639387.279, 63
Trd, 8639387.912, 67
Trd, 8639388.179, 66
Trd, 8639388.379, 67
Trd, 8639389.312, 102
Trd, 8639389.346, 101
Trd, 8639389.446, 85
Trd, 8639389.912, 70
Trd, 8639390.546, 76
Trd, 8639390.746, 111
Trd, 8639391.179, 117
Trd, 8639391.846, 71
Trd, 8639392.179, 89
Trd, 8639392.412, 71
Trd, 8639392.712, 69
Trd, 8639392.879, 88
Trd, 8639393.479, 90
Trd, 8639393.912, 62
Trd, 8639394.312, 63
Trd, 8639395.279, 65
Trd, 8639395.312, 67
Trd, 8639395.846, 67
Trd, 8639396.412, 68
Trd, 8639396.479, 67
Trd, 8639396.679, 70
Trd, 8639396.712, 71
Trd, 8639398.312, 76
Trd, 8639398.479, 80
Trd, 8639398.779, 99
Trd, 8639399.612, 140
Trd, 8639399.912, 140
Trd, 8639400.579, 140
Trd, 8639401.312, 140
Trd, 8639401.346, 136
Trd, 8639401.679, 136
Trd, 8639402.246, 138
Trd, 8639402.779, 139
Trd, 8639402.879, 136
Trd, 8639402.912, 135
Trd, 8639403.079, 102
Trd, 8639404.379, 140
Trd, 8639404.412, 140
Trd, 8639405.112, 139
Trd, 8639405.412, 123
Trd, 8639405.979, 124
Trd, 8639406.379, 60
Trd, 8639406.512, 60
Trd, 8639407.012, 68
Trd, 8639407.979, 60
Trd, 8639408.546, 63
Trd, 8639408.579, 67
Trd, 8639409.279, 61
Trd, 8639409.912, 60
Trd, 8639410.246, 63
Trd, 8639410.846, 61
Trd, 8639411.146, 63
Trd, 8639411.246, 64
Trd, 8639411.812, 61
Trd, 8639411.879, 63
Trd, 8639411.912, 60
Trd, 8639412.346, 61
Trd, 8639413.046, 60
Trd, 8639413.346, 62
Trd, 8639414.646, 60
Trd, 8639415.779, 60
Trd, 8639416.979, 61
Trd, 8639417.079, 61
Trd, 8639417.146, 62
Trd, 8639417.479, 62
Trd, 8639417.612, 61
Trd, 8639417.646, 63
Trd, 8639417.846, 61
Trd, 8639418.212, 60
Trd, 8639418.879, 61
Trd, 8639418.946, 61
Trd, 8639419.146, 62
Trd, 8639419.312, 69
Trd, 8639419.479, 61
Trd, 8639419.846, 79
Trd, 8639420.346, 61
Trd, 8639420.612, 133
Trd, 8639420.812, 80
Trd, 8639421.812, 63
Trd, 8639423.012, 69
Trd, 8639423.112, 68
Trd, 8639423.279, 68
Trd, 8639424.946, 60
Trd, 8639425.346, 60
Trd, 8639425.612, 60
Trd, 8639425.879, 60
Trd, 8639426.079, 60
Trd, 8639426.346, 63
Trd, 8639426.979, 60
Trd, 8639427.346, 61
Trd, 8639427.379, 62
Trd, 8639428.146, 61
Trd, 8639428.312, 60
Trd, 8639429.712, 61
Trd, 8639429.779, 60
Trd, 8639430.312, 60
Trd, 8639430.912, 61
Trd, 8639430.946, 64
Trd, 8639431.112, 67
Trd, 8639431.479, 62
Trd, 8639432.512, 60
Trd, 8639432.879, 60
Trd, 8639433.246, 60
Trd, 8639433.279, 60
Trd, 8639433.346, 61
Trd, 8639434.012, 62
Trd, 8639434.679, 61
Trd, 8639434.812, 61
Trd, 8639435.012, 62
Trd, 8639435.312, 61
Trd, 8639435.379, 61
Trd, 8639435.479, 62
Trd, 8639435.912, 62
Trd, 8639436.146, 63
Trd, 8639436.812, 67
Trd, 8639437.179, 60
Trd, 8639437.246, 61
Trd, 8639437.946, 60
Trd, 8639438.646, 61
Trd, 8639438.779, 65
Trd, 8639438.946, 85
Trd, 8639439.079, 62
Trd, 8639439.612, 75
Trd, 8639439.946, 60
Trd, 8639441.279, 140
Trd, 8639441.546, 140
Trd, 8639441.912, 140
Trd, 8639442.012, 139
Trd, 8639442.246, 135
Trd, 8639442.479, 135
Trd, 8639443.012, 130
Trd, 8639443.179, 96
Trd, 8639444.579, 140
Trd, 8639445.379, 140
Trd, 8639446.079, 140
Trd, 8639446.379, 140
Trd, 8639446.579, 140
Trd, 8639446.846, 140
Trd, 8639447.112, 140
Trd, 8639447.312, 136
Trd, 8639447.346, 124
Trd, 8639447.579, 100
Trd, 8639447.946, 139
Trd, 8639448.312, 140
Trd, 8639448.646, 101
Trd, 8639448.746, 113
Trd, 8639448.779, 99
Trd, 8639449.779, 131
Trd, 8639450.179, 88
Trd, 8639450.946, 90
Trd, 8639450.979, 88
Trd, 8639451.979, 82
Trd, 8639452.579, 83
Trd, 8639452.712, 84
Trd, 8639452.846, 82
Trd, 8639453.112, 81
Trd, 8639453.412, 96
Trd, 8639454.046, 110
Trd, 8639454.146, 111
Trd, 8639454.446, 69
Trd, 8639454.479, 66
Trd, 8639454.712, 65
Trd, 8639455.379, 66
Trd, 8639455.412, 112
Trd, 8639456.179, 140
Trd, 8639456.279, 140
Trd, 8639456.612, 73
Trd, 8639456.979, 71
Trd, 8639458.179, 63
Trd, 8639458.546, 119
Trd, 8639459.012, 139
Trd, 8639459.679, 138
Trd, 8639460.846, 140
Trd, 8639461.146, 140
Trd, 8639461.646, 140
Trd, 8639462.712, 140
Trd, 8639463.779, 140
Trd, 8639463.912, 140
Trd, 8639463.979, 136
Trd, 8639464.079, 105
Trd, 8639464.646, 140
Trd, 8639464.812, 113
Trd, 8639465.646, 139
Trd, 8639465.979, 61
Trd, 8639466.012, 62
Trd, 8639466.446, 60
Trd, 8639468.179, 60
Trd, 8639468.346, 60
Trd, 8639468.912, 60
Trd, 8639469.012, 60
Trd, 8639469.246, 62
Trd, 8639469.779, 60
Trd, 8639470.412, 61
Trd, 8639470.546, 60
Trd, 8639471.012, 60
Trd, 8639471.212, 60
Trd, 8639471.779, 60
Trd, 8639472.112, 60
Trd, 8639472.379, 65
Trd, 8639472.512, 69
Trd, 8639472.646, 61
Trd, 8639472.846, 61
Trd, 8639472.879, 69
Trd, 8639473.612, 70
Trd, 8639473.712, 60
Trd, 8639474.179, 60
Trd, 8639474.879, 60
Trd, 8639475.012, 62
Trd, 8639475.112, 61
Trd, 8639476.346, 60
Trd, 8639477.512, 60
Trd, 8639477.546, 60
Trd, 8639477.646, 60
Trd, 8639478.112, 60
Trd, 8639478.612, 60
Trd, 8639478.979, 60
Trd, 8639479.246, 60
Trd, 8639479.712, 62
Trd, 8639479.879, 64
Trd, 8639480.079, 72
Trd, 8639481.179, 140
Trd, 8639481.246, 140
Trd, 8639482.112, 140
Trd, 8639482.446, 140
Trd, 8639482.912, 140
Trd, 8639483.012, 140
Trd, 8639483.046, 123
Trd, 8639483.679, 124
Trd, 8639483.979, 118
Trd, 8639484.246, 98
Trd, 8639485.646, 61
Trd, 8639485.979, 61
Trd, 8639487.179, 60
Trd, 8639487.346, 60
Trd, 8639487.946, 60
Trd, 8639488.179, 60
Trd, 8639488.446, 60
Trd, 8639488.646, 61
Trd, 8639489.412, 62
Trd, 8639489.512, 65
Trd, 8639489.746, 78
Trd, 8639490.412, 66
Trd, 8639490.446, 64
Trd, 8639491.079, 91
Trd, 8639491.479, 93
Trd, 8639491.812, 103
Trd, 8639491.846, 69
Trd, 8639491.879, 66
Trd, 8639492.279, 69
Trd, 8639492.346, 66
Trd, 8639492.812, 65
Trd, 8639493.512, 136
Trd, 8639494.012, 138
Trd, 8639494.046, 136
Trd, 8639494.446, 81
Trd, 8639495.579, 138
Trd, 8639496.046, 60
Trd, 8639496.979, 60
Trd, 8639497.646, 66
Trd, 8639498.079, 61
Trd, 8639498.246, 60
Trd, 8639498.679, 60
Trd, 8639498.846, 60
Trd, 8639500.179, 60
Trd, 8639500.479, 60
Trd, 8639500.746, 61
Trd, 8639501.446, 62
Trd, 8639501.879, 61
Trd, 8639502.112, 60
Trd, 8639502.446, 61
Trd, 8639503.279, 62
Trd, 8639503.312, 60
Trd, 8639503.679, 62
Trd, 8639504.046, 61
Trd, 8639504.112, 63
Trd, 8639504.246, 62
Trd, 8639504.412, 68
Trd, 8639504.612, 63
Trd, 8639505.512, 124
Trd, 8639505.879, 122
Trd, 8639506.312, 140
Trd, 8639506.679, 139
Trd, 8639507.379, 140
Trd, 8639507.946, 137
Trd, 8639508.746, 120
Trd, 8639508.846, 119
Trd, 8639509.879, 140
Trd, 8639510.146, 140
Trd, 8639511.679, 139
Trd, 8639511.879, 136
Trd, 8639512.446, 137
Trd, 8639512.546, 133
Trd, 8639512.946, 134
Trd, 8639513.212, 133
Trd, 8639513.246, 132
Trd, 8639513.346, 96
Trd, 8639513.646, 140
Trd, 8639514.379, 134
Trd, 8639515.146, 140
Trd, 8639515.812, 136
Trd, 8639516.446, 125
Trd, 8639517.046, 140
Trd, 8639517.079, 123
Trd, 8639518.112, 135
Trd, 8639518.146, 125
Trd, 8639518.446, 125
Trd, 8639518.812, 129
Trd, 8639518.979, 129
Trd, 8639519.146, 124
Trd, 8639519.312, 122
Trd, 8639519.646, 119
Trd, 8639520.346, 110
Trd, 8639520.846, 128
Trd, 8639521.212, 129
Trd, 8639521.679, 110
Trd, 8639521.979, 139
Trd, 8639522.112, 128
Trd, 8639523.379, 125
Trd, 8639523.479, 112
Trd, 8639523.512, 111
Trd, 8639523.546, 126
Trd, 8639524.346, 110
Trd, 8639524.412, 109
Trd, 8639524.646, 91
Trd, 8639525.412, 63
Trd, 8639526.146, 64
Trd, 8639526.479, 113
Trd, 8639526.912, 137
Trd, 8639527.046, 112
Trd, 8639527.879, 140
Trd, 8639528.246, 140
Trd, 8639529.846, 140
Trd, 8639529.946, 139
Trd, 8639530.379, 138
Trd, 8639531.112, 136
Trd, 8639532.379, 139
Trd, 8639533.112, 140
Trd, 8639533.246, 135
Trd, 8639533.579, 133
Trd, 8639534.079, 140
Trd, 8639535.146, 140
Trd, 8639535.512, 140
Trd, 8639535.912, 140
Trd, 8639536.246, 140
Trd, 8639536.912, 140
Trd, 8639537.246, 140
Trd, 8639537.712, 140
Trd, 8639538.246, 140
Trd, 8639538.479, 140
Trd, 8639538.546, 140
Trd, 8639539.312, 140
Trd, 8639539.446, 140
Trd, 8639539.479, 140
Trd, 8639539.946, 138
Trd, 8639541.279, 137
Trd, 8639541.479, 136
Trd, 8639541.746, 135
Trd, 8639542.146, 135
Trd, 8639542.212, 133
Trd, 8639542.579, 132
Trd, 8639542.979, 127
Trd, 8639543.446, 134
Trd, 8639543.779, 125
Trd, 8639543.812, 133
Trd, 8639544.146, 135
Trd, 8639544.879, 95
Trd, 8639546.279, 140
Trd, 8639546.412, 139
Trd, 8639548.412, 140
Trd, 8639548.812, 140
Trd, 8639549.379, 140
Trd, 8639549.579, 140
Trd, 8639549.612, 139
Trd, 8639549.746, 136
Trd, 8639549.879, 117
Trd, 8639549.946, 103
Trd, 8639549.979, 87
Trd, 8639551.246, 72
Trd, 8639552.179, 60
Trd, 8639552.646, 60
Trd, 8639553.379, 60
Trd, 8639553.812, 60
Trd, 8639554.012, 60
Trd, 8639554.579, 60
Trd, 8639554.979, 60
Trd, 8639555.512, 63
Trd, 8639555.746, 60
Trd, 8639556.679, 60
Trd, 8639556.712, 60
Trd, 8639556.946, 60
Trd, 8639557.079, 60
Trd, 8639557.146, 61
Trd, 8639557.579, 61
Trd, 8639557.879, 60
Trd, 8639558.112, 61
Trd, 8639558.746, 61
Trd, 8639559.679, 60
Trd, 8639560.046, 60
Trd, 8639560.812, 61
Trd, 8639562.312, 60
Trd, 8639562.479, 60
Trd, 8639563.246, 60
Trd, 8639563.279, 60
Trd, 8639564.379, 60
Trd, 8639565.079, 60
Trd, 8639566.179, 61
Trd, 8639566.212, 61
Trd, 8639566.512, 62
Trd, 8639566.979, 61
Trd, 8639567.046, 65
Trd, 8639567.412, 68
Trd, 8639567.712, 65
Trd, 8639568.046, 64
Trd, 8639568.146, 62
Trd, 8639568.546, 64
Trd, 8639568.746, 64
Trd, 8639568.912, 62
Trd, 8639569.712, 60
Trd, 8639569.779, 60
Trd, 8639570.346, 60
Trd, 8639571.912, 60
Trd, 8639571.946, 60
Trd, 8639573.346, 60
Trd, 8639573.512, 60
Trd, 8639573.646, 60
Trd, 8639573.846, 60
Trd, 8639573.946, 61
Trd, 8639574.379, 62
Trd, 8639574.479, 61
Trd, 8639574.612, 62
Trd, 8639574.746, 62
Trd, 8639575.112, 88
Trd, 8639575.812, 139
Trd, 8639576.246, 90
Trd, 8639576.646, 91
Trd, 8639576.779, 134
Trd, 8639576.846, 90
Trd, 8639577.579, 133
Trd, 8639578.146, 132
Trd, 8639578.179, 85
Trd, 8639578.279, 71
Trd, 8639578.412, 61
Trd, 8639579.379, 71
Trd, 8639580.446, 107
Trd, 8639581.412, 110
Trd, 8639582.012, 134
Trd, 8639582.046, 110
Trd, 8639582.846, 123
Trd, 8639583.146, 124
Trd, 8639583.279, 131
Trd, 8639583.346, 127
Trd, 8639583.546, 121
Trd, 8639583.712, 118
Trd, 8639583.846, 132
Trd, 8639584.079, 104
Trd, 8639584.346, 101
Trd, 8639584.612, 100
Trd, 8639585.046, 139
Trd, 8639585.679, 133
Trd, 8639586.012, 127
Trd, 8639586.612, 127
Trd, 8639587.046, 129
Trd, 8639588.146, 108
Trd, 8639588.179, 121
Trd, 8639588.212, 107
Trd, 8639588.246, 106
Trd, 8639589.212, 140
Trd, 8639589.879, 140
Trd, 8639590.079, 140
Trd, 8639590.779, 140
Trd, 8639591.646, 140
Trd, 8639592.246, 140
Trd, 8639593.112, 140
Trd, 8639594.046, 140
Trd, 8639594.146, 140
Trd, 8639594.179, 139
Trd, 8639595.212, 140
Trd, 8639595.479, 140
Trd, 8639596.312, 140
Trd, 8639596.612, 140
Trd, 8639596.979, 140
Trd, 8639597.112, 140
Trd, 8639597.412, 136
Trd, 8639598.079, 117
Trd, 8639598.646, 140
Trd, 8639599.212, 140
Trd, 8639599.446, 140
Trd, 8639599.612, 102
Trd, 8639599.812, 139
Trd, 8639600.879, 139
Trd, 8639601.179, 129
Trd, 8639601.379, 105
Trd, 8639601.446, 76
Trd, 8639601.579, 75
Trd, 8639602.179, 119
Trd, 8639602.679, 138
Trd, 8639603.346, 140
Trd, 8639603.746, 140
Trd, 8639604.079, 140
Trd, 8639604.479, 140
Trd, 8639604.546, 124
Trd, 8639606.079, 127
Trd, 8639606.146, 126
Trd, 8639606.179, 78
Trd, 8639608.046, 140
Trd, 8639608.679, 140
Trd, 8639608.979, 140
Trd, 8639609.612, 140
Trd, 8639610.012, 140
Trd, 8639610.079, 140
Trd, 8639610.712, 140
Trd, 8639610.912, 139
Trd, 8639612.146, 138
Trd, 8639612.279, 135
Trd, 8639612.512, 140
Trd, 8639613.612, 140
Trd, 8639613.912, 138
Trd, 8639614.046, 135
Trd, 8639614.346, 99
Trd, 8639615.646, 108
Trd, 8639616.146, 127
Trd, 8639616.446, 107
Trd, 8639617.079, 126
Trd, 8639617.179, 115
Trd, 8639617.279, 112
Trd, 8639617.512, 105
Trd, 8639618.012, 93
Trd, 8639618.546, 94
Trd, 8639618.946, 121
Trd, 8639619.112, 92
Trd, 8639619.879, 140
Trd, 8639620.212, 140
Trd, 8639620.746, 110
Trd, 8639621.012, 109
Trd, 8639621.079, 140
Trd, 8639621.679, 107
Trd, 8639621.879, 137
Trd, 8639622.146, 106
Trd, 8639623.112, 62
Trd, 8639624.646, 128
Trd, 8639624.679, 113
Trd, 8639625.046, 114
Trd, 8639625.546, 113
Trd, 8639625.879, 129
Trd, 8639625.912, 130
Trd, 8639626.446, 140
Trd, 8639627.079, 140
Trd, 8639627.112, 140
Trd, 8639627.546, 136
Trd, 8639627.646, 110
Trd, 8639628.079, 98
Trd, 8639629.579, 140
Trd, 8639629.679, 139
Trd, 8639630.279, 136
Trd, 8639631.112, 140
Trd, 8639631.379, 140
Trd, 8639632.246, 140
Trd, 8639632.779, 134
Trd, 8639632.912, 133
Trd, 8639633.146, 140
Trd, 8639633.612, 138
Trd, 8639634.379, 140
Trd, 8639634.612, 140
Trd, 8639634.746, 140
Trd, 8639635.012, 140
Trd, 8639635.512, 109
Trd, 8639635.712, 108
Trd, 8639636.346, 132
Trd, 8639636.512, 96
Trd, 8639636.579, 133
Trd, 8639637.246, 96
Trd, 8639637.312, 81
Trd, 8639637.479, 77
Trd, 8639637.812, 97
Trd, 8639638.379, 127
Trd, 8639638.412, 78
Trd, 8639638.679, 127
Trd, 8639639.146, 63
Trd, 8639639.912, 60
Trd, 8639640.412, 60
Trd, 8639641.612, 60
Trd, 8639643.546, 60
Trd, 8639643.979, 60
Trd, 8639644.246, 60
Trd, 8639644.546, 60
Trd, 8639645.012, 60
Trd, 8639645.312, 60
Trd, 8639645.346, 60
Trd, 8639645.412, 61
Trd, 8639645.479, 61
Trd, 8639645.779, 62
Trd, 8639646.346, 64
Trd, 8639646.446, 72
Trd, 8639646.879, 64
Trd, 8639647.012, 70
Trd, 8639648.379, 121
Trd, 8639648.612, 120
Trd, 8639648.679, 119
Trd, 8639648.746, 140
Trd, 8639649.179, 118
Trd, 8639649.346, 117
Trd, 8639649.412, 121
Trd, 8639649.446, 113
Trd, 8639649.879, 84
Trd, 8639651.079, 140
Trd, 8639651.512, 113
Trd, 8639651.712, 95
Trd, 8639651.779, 74
Trd, 8639653.546, 140
Trd, 8639653.646, 140
Trd, 8639653.979, 134
Trd, 8639654.879, 137
Trd, 8639655.079, 135
Trd, 8639655.412, 131
Trd, 8639655.979, 140
Trd, 8639657.179, 140
Trd, 8639657.612, 140
Trd, 8639657.712, 139
Trd, 8639658.846, 137
Trd, 8639659.179, 135
Trd, 8639659.379, 134
Trd, 8639659.879, 127
Trd, 8639660.079, 110
Trd, 8639660.746, 135
Trd, 8639661.512, 112
Trd, 8639662.346, 114
Trd, 8639662.412, 109
Trd, 8639662.946, 102
Trd, 8639663.712, 125
Trd, 8639663.812, 127
Trd, 8639664.279, 110
Trd, 8639664.312, 109
Trd, 8639664.579, 109
Trd, 8639664.779, 134
Trd, 8639664.846, 135
Trd, 8639665.012, 109
Trd, 8639665.812, 116
Trd, 8639667.012, 140
Trd, 8639667.112, 140
Trd, 8639667.446, 137
Trd, 8639667.612, 140
Trd, 8639668.846, 140
Trd, 8639669.212, 136
Trd, 8639670.112, 140
Trd, 8639670.179, 140
Trd, 8639670.546, 140
Trd, 8639671.146, 140
Trd, 8639671.212, 140
Trd, 8639672.879, 140
Trd, 8639673.212, 140
Trd, 8639673.712, 140
Trd, 8639674.546, 140
Trd, 8639675.112, 140
Trd, 8639675.446, 140
Trd, 8639675.546, 140
Trd, 8639675.912, 140
Trd, 8639676.112, 136
Trd, 8639676.979, 126
Trd, 8639677.846, 129
Trd, 8639678.812, 134
Trd, 8639678.879, 137
Trd, 8639679.346, 132
Trd, 8639679.746, 104
Trd, 8639680.246, 139
Trd, 8639680.512, 136
Trd, 8639680.579, 131
Trd, 8639680.779, 90
Trd, 8639680.912, 81
Trd, 8639681.246, 79
Trd, 8639682.179, 140
Trd, 8639682.312, 140
Trd, 8639682.946, 140
Trd, 8639683.512, 126
Trd, 8639683.646, 124
Trd, 8639684.379, 72
Trd, 8639684.712, 139
Trd, 8639685.346, 138
Trd, 8639685.446, 137
Trd, 8639686.212, 127
Trd, 8639687.412, 137
Trd, 8639688.512, 140
Trd, 8639688.612, 139
Trd, 8639689.512, 140
Trd, 8639689.746, 138
Trd, 8639689.946, 140
Trd, 8639690.212, 138
Trd, 8639690.346, 115
Trd, 8639690.579, 106
Trd, 8639691.346, 114
Trd, 8639691.512, 115
Trd, 8639691.646, 108
Trd, 8639691.812, 106
Trd, 8639692.646, 107
Trd, 8639693.112, 97
Trd, 8639693.579, 135
Trd, 8639693.812, 84
Trd, 8639693.946, 83
Trd, 8639694.946, 131
Trd, 8639695.346, 81
Trd, 8639695.712, 131
Trd, 8639695.779, 128
Trd, 8639696.512, 115
Trd, 8639696.679, 115
Trd, 8639697.812, 140
Trd, 8639697.846, 139
Trd, 8639698.646, 140
Trd, 8639698.712, 138
Trd, 8639699.012, 135
Trd, 8639699.079, 118
Trd, 8639699.779, 80
Trd, 8639700.679, 93
Trd, 8639700.746, 90
Trd, 8639700.812, 109
Trd, 8639702.579, 140
Trd, 8639703.546, 140
Trd, 8639703.646, 140
Trd, 8639703.712, 140
Trd, 8639703.846, 140
Trd, 8639703.979, 140
Trd, 8639704.012, 137
Trd, 8639704.412, 136
Trd, 8639705.612, 66
Trd, 8639706.046, 106
Trd, 8639706.312, 103
Trd, 8639707.079, 127
Trd, 8639707.179, 127
Trd, 8639708.146, 139
Trd, 8639708.512, 138
Trd, 8639708.812, 137
Trd, 8639708.946, 132
Trd, 8639709.146, 137
Trd, 8639709.446, 111
Trd, 8639710.846, 60
Trd, 8639711.046, 60
Trd, 8639711.879, 63
Trd, 8639711.946, 65
Trd, 8639712.346, 62
Trd, 8639713.012, 65
Trd, 8639713.346, 65
Trd, 8639714.246, 67
Trd, 8639714.279, 66
Trd, 8639714.412, 65
Trd, 8639714.446, 66
Trd, 8639715.312, 66
Trd, 8639716.479, 60
Trd, 8639716.612, 60
Trd, 8639717.379, 64
Trd, 8639717.612, 64
Trd, 8639717.946, 65
Trd, 8639718.179, 65
Trd, 8639718.379, 68
Trd, 8639718.712, 66
Trd, 8639719.879, 74
Trd, 8639719.912, 72
Trd, 8639720.112, 71
Trd, 8639720.246, 70
Trd, 8639720.312, 65
Trd, 8639720.912, 140
Trd, 8639721.579, 121
Trd, 8639721.979, 79
Trd, 8639723.079, 123
Trd, 8639723.546, 123
Trd, 8639723.946, 137
Trd, 8639724.379, 138
Trd, 8639724.446, 136
Trd, 8639724.512, 139
Trd, 8639725.246, 136
Trd, 8639725.379, 136
Trd, 8639726.046, 136
Trd, 8639726.079, 135
Trd, 8639726.512, 116
Trd, 8639726.946, 121
Trd, 8639727.112, 120
Trd, 8639727.646, 139
Trd, 8639727.679, 91
Trd, 8639728.246, 67
Trd, 8639728.646, 133
Trd, 8639729.146, 140
Trd, 8639729.512, 140
Trd, 8639730.379, 140
Trd, 8639730.979, 140
Trd, 8639732.146, 140
Trd, 8639732.646, 140
Trd, 8639733.112, 140
Trd, 8639734.046, 140
Trd, 8639735.112, 140
Trd, 8639735.646, 140
Trd, 8639735.679, 140
Trd, 8639735.812, 140
Trd, 8639736.146, 140
Trd, 8639736.412, 140
Trd, 8639736.612, 139
Trd, 8639736.779, 136
Trd, 8639737.812, 116
Trd, 8639737.946, 113
Trd, 8639738.012, 117
Trd, 8639738.179, 112
Trd, 8639738.446, 139
Trd, 8639738.912, 111
Trd, 8639740.246, 140
Trd, 8639740.779, 135
Trd, 8639740.879, 134
Trd, 8639741.279, 132
Trd, 8639741.612, 132
Trd, 8639741.746, 131
Trd, 8639741.846, 103
Trd, 8639743.312, 60
Trd, 8639743.912, 60
Trd, 8639744.079, 61
Trd, 8639744.279, 62
Trd, 8639745.446, 60
Trd, 8639745.546, 62
Trd, 8639745.612, 64
Trd, 8639746.079, 61
Trd, 8639746.279, 62
Trd, 8639746.579, 64
Trd, 8639747.512, 89
Trd, 8639747.979, 106
Trd, 8639748.679, 91
Trd, 8639749.446, 110
Trd, 8639749.512, 122
Trd, 8639750.112, 103
Trd, 8639750.212, 122
Trd, 8639750.846, 114
Trd, 8639750.879, 113
Trd, 8639751.546, 123
Trd, 8639752.046, 103
Trd, 8639752.312, 102
Trd, 8639752.479, 99
Trd, 8639753.479, 140
Trd, 8639753.612, 88
Trd, 8639753.679, 83
Trd, 8639753.746, 75
Trd, 8639753.779, 74
Trd, 8639755.446, 140
Trd, 8639755.546, 140
Trd, 8639755.879, 140
Trd, 8639756.446, 140
Trd, 8639757.379, 138
Trd, 8639757.546, 137
Trd, 8639758.346, 63
Trd, 8639758.979, 67
Trd, 8639759.446, 140
Trd, 8639761.079, 140
Trd, 8639761.379, 140
Trd, 8639761.712, 140
Trd, 8639762.412, 140
Trd, 8639762.779, 140
Trd, 8639762.846, 140
Trd, 8639762.946, 140
Trd, 8639763.046, 136
Trd, 8639763.546, 135
Trd, 8639764.212, 116
Trd, 8639765.346, 140
Trd, 8639765.979, 140
Trd, 8639766.012, 140
Trd, 8639766.646, 140
Trd, 8639768.079, 140
Trd, 8639768.712, 140
Trd, 8639768.846, 140
Trd, 8639768.979, 140
Trd, 8639769.346, 136
Trd, 8639769.779, 139
Trd, 8639770.546, 140
Trd, 8639770.912, 140
Trd, 8639771.879, 116
Trd, 8639772.079, 87
Trd, 8639772.312, 71
Trd, 8639772.346, 68
Trd, 8639772.679, 140
Trd, 8639772.946, 140
Trd, 8639773.146, 140
Trd, 8639774.212, 140
Trd, 8639775.079, 140
Trd, 8639775.112, 140
Trd, 8639775.779, 140
Trd, 8639777.179, 140
Trd, 8639777.312, 140
Trd, 8639777.379, 140
Trd, 8639777.679, 136
Trd, 8639778.079, 62
Trd, 8639778.146, 65
Trd, 8639779.446, 60
Trd, 8639779.479, 65
Trd, 8639779.979, 65
Trd, 8639780.046, 66
Trd, 8639780.212, 61
Trd, 8639780.279, 62
Trd, 8639780.512, 140
Trd, 8639781.246, 139
Trd, 8639781.912, 113
Trd, 8639782.046, 84
Trd, 8639782.612, 83
Trd, 8639782.846, 64
Trd, 8639782.912, 115
Trd, 8639783.212, 63
Trd, 8639784.012, 116
Trd, 8639785.079, 82
Trd, 8639785.512, 140
Trd, 8639785.546, 139
Trd, 8639785.946, 138
Trd, 8639786.079, 138
Trd, 8639786.712, 140
Trd, 8639787.279, 139
Trd, 8639788.046, 140
Trd, 8639788.612, 140
Trd, 8639788.746, 139
Trd, 8639789.346, 139
Trd, 8639789.546, 135
Trd, 8639789.879, 134
Trd, 8639790.112, 132
Trd, 8639790.146, 113
Trd, 8639790.579, 66
Trd, 8639791.112, 70
Trd, 8639791.279, 67
Trd, 8639792.646, 60
Trd, 8639793.412, 60
Trd, 8639793.846, 60
Trd, 8639793.912, 60
Trd, 8639794.679, 63
Trd, 8639795.112, 140
Trd, 8639795.346, 140
Trd, 8639795.512, 140
Trd, 8639795.779, 139
Trd, 8639796.412, 108
Trd, 8639796.646, 108
Trd, 8639796.846, 107
Trd, 8639797.579, 117
Trd, 8639798.812, 140
Trd, 8639799.012, 140
Trd, 8639799.112, 140
Trd, 8639799.512, 137
Trd, 8639801.046, 131
Trd, 8639802.179, 126
Trd, 8639802.546, 139
Trd, 8639803.012, 137
Trd, 8639803.612, 140
Trd, 8639803.712, 136
Trd, 8639804.079, 130
Trd, 8639804.479, 104
Trd, 8639804.579, 103
Trd, 8639805.212, 119
Trd, 8639805.446, 108
Trd, 8639806.512, 140
Trd, 8639807.079, 140
Trd, 8639808.179, 140
Trd, 8639808.446, 139
Trd, 8639808.512, 138
Trd, 8639809.279, 125
Trd, 8639809.512, 125
Trd, 8639809.579, 124
Trd, 8639810.179, 139
Trd, 8639810.279, 109
Trd, 8639811.546, 136
Trd, 8639812.846, 138
Trd, 8639813.446, 140
Trd, 8639814.079, 140
Trd, 8639814.712, 140
Trd, 8639814.879, 139
Trd, 8639815.512, 138
Trd, 8639815.712, 138
Trd, 8639816.446, 135
Trd, 8639816.846, 140
Trd, 8639817.646, 140
Trd, 8639818.379, 138
Trd, 8639819.812, 140
Trd, 8639820.379, 140
Trd, 8639820.812, 140
Trd, 8639821.012, 140
Trd, 8639821.112, 140
Trd, 8639821.146, 140
Trd, 8639822.012, 140
Trd, 8639822.512, 140
Trd, 8639822.912, 136
Trd, 8639823.179, 138
Trd, 8639824.112, 102
Trd, 8639825.246, 109
Trd, 8639825.612, 130
Trd, 8639826.012, 110
Trd, 8639826.112, 109
Trd, 8639826.279, 107
Trd, 8639826.779, 126
Trd, 8639826.912, 97
Trd, 8639826.946, 96
Trd, 8639827.879, 123
Trd, 8639828.279, 125
Trd, 8639828.879, 125
Trd, 8639829.479, 140
Trd, 8639829.612, 140
Trd, 8639829.946, 140
Trd, 8639830.012, 136
Trd, 8639831.312, 140
Trd, 8639831.412, 140
Trd, 8639831.512, 138
Trd, 8639831.679, 138
Trd, 8639831.912, 74
Trd, 8639832.979, 140
Trd, 8639833.412, 140
Trd, 8639833.512, 112
Trd, 8639835.612, 140
Trd, 8639835.812, 124
Trd, 8639835.912, 123
Trd, 8639836.479, 138
Trd, 8639837.179, 135
Trd, 8639837.512, 131
Trd, 8639837.679, 106
Trd, 8639838.146, 106
Trd, 8639838.346, 106
Trd, 8639838.879, 139
Trd, 8639839.646, 140
Trd, 8639841.612, 140
Trd, 8639841.779, 140
Trd, 8639842.046, 140
Trd, 8639842.246, 140
Trd, 8639842.612, 140
Trd, 8639843.879, 140
Trd, 8639844.146, 140
Trd, 8639844.479, 140
Trd, 8639844.579, 139
Trd, 8639844.779, 136
Trd, 8639845.012, 135
Trd, 8639845.079, 100
Trd, 8639845.579, 140
Trd, 8639845.979, 98
Trd, 8639846.046, 98
Trd, 8639846.112, 75
Trd, 8639846.179, 70
Trd, 8639846.546, 61
Trd, 8639847.479, 74
Trd, 8639848.412, 74
Trd, 8639848.512, 74
Trd, 8639848.646, 135
Trd, 8639849.246, 138
Trd, 8639849.479, 67
Trd, 8639849.912, 67
Trd, 8639849.946, 82
Trd, 8639850.012, 83
Trd, 8639851.479, 136
Trd, 8639851.546, 113
Trd, 8639851.679, 109
Trd, 8639852.512, 119
Trd, 8639853.046, 118
Trd, 8639853.079, 100
Trd, 8639853.812, 119
Trd, 8639854.246, 101
Trd, 8639854.479, 66
Trd, 8639854.546, 133
Trd, 8639855.346, 60
Trd, 8639855.979, 60
Trd, 8639856.046, 60
Trd, 8639856.079, 60
Trd, 8639856.912, 61
Trd, 8639857.079, 62
Trd, 8639857.446, 62
Trd, 8639857.679, 64
Trd, 8639857.946, 64
Trd, 8639858.479, 140
Trd, 8639858.912, 140
Trd, 8639859.312, 140
Trd, 8639860.112, 140
Trd, 8639860.146, 139
Trd, 8639860.446, 136
Trd, 8639860.779, 103
Trd, 8639861.279, 67
Trd, 8639861.512, 71
Trd, 8639861.712, 138
Trd, 8639863.846, 119
Trd, 8639864.212, 138
Trd, 8639864.546, 119
Trd, 8639864.579, 118
Trd, 8639864.746, 64
Trd, 8639865.212, 131
Trd, 8639865.446, 140
Trd, 8639865.512, 129
Trd, 8639866.412, 68
Trd, 8639867.179, 64
Trd, 8639868.079, 69
Trd, 8639868.112, 118
Trd, 8639868.612, 112
Trd, 8639869.879, 121
Trd, 8639870.279, 117
Trd, 8639870.346, 114
Trd, 8639870.412, 112
Trd, 8639870.446, 110
Trd, 8639870.579, 138
Trd, 8639871.479, 139
Trd, 8639872.046, 133
Trd, 8639872.846, 140
Trd, 8639873.146, 139
Trd, 8639873.446, 139
Trd, 8639873.779, 138
Trd, 8639874.179, 79
Trd, 8639874.246, 133
Trd, 8639874.412, 72
Trd, 8639874.846, 113
Trd, 8639875.479, 110
Trd, 8639876.546, 77
Trd, 8639876.679, 133
Trd, 8639877.712, 118
Trd, 8639878.479, 140
Trd, 8639878.979, 140
Trd, 8639879.046, 140
Trd, 8639879.246, 140
Trd, 8639879.712, 137
Trd, 8639881.046, 138
Trd, 8639881.579, 140
Trd, 8639881.746, 136
Trd, 8639881.846, 132
Trd, 8639882.279, 100
Trd, 8639883.279, 120
Trd, 8639883.412, 118
Trd, 8639883.679, 108
Trd, 8639884.412, 136
Trd, 8639884.946, 106
Trd, 8639885.112, 113
Trd, 8639885.246, 112
Trd, 8639885.912, 137
Trd, 8639886.579, 140
Trd, 8639886.712, 140
Trd, 8639886.912, 122
Trd, 8639887.112, 140
Trd, 8639887.312, 136
Trd, 8639888.079, 108
Trd, 8639888.979, 62
Trd, 8639889.146, 63
Trd, 8639889.712, 64
Trd, 8639889.746, 72
Trd, 8639890.146, 64
Trd, 8639890.312, 63
Trd, 8639890.346, 65
Trd, 8639890.546, 62
Trd, 8639890.879, 115
Trd, 8639891.379, 64
Trd, 8639891.946, 66
Trd, 8639892.379, 67
Trd, 8639892.579, 64
Trd, 8639893.012, 68
Trd, 8639893.446, 64
Trd, 8639894.512, 89
Trd, 8639894.846, 65
Trd, 8639895.546, 93
Trd, 8639896.112, 126
Trd, 8639896.679, 125
Trd, 8639896.712, 122
Trd, 8639897.379, 136
Trd, 8639897.479, 135
Trd, 8639898.146, 140
Trd, 8639898.546, 136
Trd, 8639899.046, 140
Trd, 8639899.079, 127
Trd, 8639899.312, 135
Trd, 8639900.079, 140
Trd, 8639900.346, 140
Trd, 8639900.779, 125
Trd, 8639900.846, 108
Trd, 8639901.579, 140
Trd, 8639902.446, 123
Trd, 8639902.479, 122
Trd, 8639903.346, 136
Trd, 8639904.579, 127
Trd, 8639904.612, 126
Trd, 8639904.979, 127
Trd, 8639905.012, 118
Trd, 8639905.479, 128
Trd, 8639905.646, 72
Trd, 8639906.212, 60
Trd, 8639906.346, 73
Trd, 8639907.446, 70
Trd, 8639907.746, 67
Trd, 8639908.279, 66
Trd, 8639908.979, 65
Trd, 8639909.279, 60
Trd, 8639909.779, 60
Trd, 8639909.812, 60
Trd, 8639909.912, 61
Trd, 8639909.946, 63
Trd, 8639910.246, 63
Trd, 8639911.012, 64
Trd, 8639911.446, 64
Trd, 8639911.512, 63
Trd, 8639912.679, 140
Trd, 8639913.379, 139
Trd, 8639913.479, 136
Trd, 8639913.579, 118
Trd, 8639913.612, 112
Trd, 8639914.212, 140
Trd, 8639914.612, 139
Trd, 8639916.212, 140
Trd, 8639916.546, 140
Trd, 8639916.579, 140
Trd, 8639917.079, 140
Trd, 8639917.112, 140
Trd, 8639917.446, 136
Trd, 8639918.512, 135
Trd, 8639918.679, 133
Trd, 8639919.212, 119
Trd, 8639919.912, 104
Trd, 8639920.246, 103
Trd, 8639920.312, 91
Trd, 8639920.679, 69
Trd, 8639920.746, 64
Trd, 8639920.846, 69
Trd, 8639921.379, 61
Trd, 8639923.612, 60
Trd, 8639924.212, 60
Trd, 8639924.379, 60
Trd, 8639924.612, 60
Trd, 8639924.979, 60
Trd, 8639925.012, 60
Trd, 8639925.046, 60
Trd, 8639925.546, 62
Trd, 8639926.046, 61
Trd, 8639926.346, 62
Trd, 8639926.379, 68
Trd, 8639926.512, 61
Trd, 8639927.146, 60
Trd, 8639927.879, 60
Trd, 8639928.212, 60
Trd, 8639929.446, 60
Trd, 8639929.646, 60
Trd, 8639929.946, 60
Trd, 8639930.279, 60
Trd, 8639930.546, 62
Trd, 8639930.912, 62
Trd, 8639931.212, 65
Trd, 8639931.446, 64
Trd, 8639932.479, 61
Trd, 8639932.579, 63
Trd, 8639932.979, 61
Trd, 8639933.312, 64
Trd, 8639933.479, 62
Trd, 8639934.112, 63
Trd, 8639934.246, 64
Trd, 8639934.312, 66
Trd, 8639934.712, 65
Trd, 8639935.179, 67
Trd, 8639935.379, 68
Trd, 8639935.479, 66
Trd, 8639935.646, 77
Trd, 8639937.779, 60
Trd, 8639938.212, 60
Trd, 8639938.312, 60
Trd, 8639938.779, 60
Trd, 8639939.746, 60
Trd, 8639940.546, 60
Trd, 8639941.279, 61
Trd, 8639941.312, 64
Trd, 8639942.079, 60
Trd, 8639942.146, 60
Trd, 8639942.179, 61
Trd, 8639942.312, 62
Trd, 8639942.546, 62
Trd, 8639942.646, 61
Trd, 8639943.379, 62
Trd, 8639944.012, 61
Trd, 8639944.446, 61
Trd, 8639944.646, 60
Trd, 8639945.479, 60
Trd, 8639946.146, 60
Trd, 8639946.446, 61
Trd, 8639946.512, 61
Trd, 8639946.646, 61
Trd, 8639947.379, 62
Trd, 8639947.912, 70
Trd, 8639948.179, 66
Trd, 8639948.246, 71
Trd, 8639948.479, 66
Trd, 8639948.512, 65
Trd, 8639949.479, 62
Trd, 8639950.212, 62
Trd, 8639950.712, 62
Trd, 8639950.846, 63
Trd, 8639950.879, 61
Trd, 8639950.979, 69
Trd, 8639951.712, 60
Trd, 8639952.579, 66
Trd, 8639952.846, 65
Trd, 8639952.946, 64
Trd, 8639953.646, 60
Trd, 8639953.712, 91
Trd, 8639955.312, 60
Trd, 8639955.879, 61
Trd, 8639955.912, 67
Trd, 8639956.046, 60
Trd, 8639956.846, 95
Trd, 8639957.846, 88
Trd, 8639958.212, 97
Trd, 8639958.479, 93
Trd, 8639958.679, 92
Trd, 8639958.746, 91
Trd, 8639959.012, 88
Trd, 8639959.346, 96
Trd, 8639959.579, 90
Trd, 8639960.012, 67
Trd, 8639960.546, 95
Trd, 8639962.079, 60
Trd, 8639962.246, 60
Trd, 8639962.879, 60
Trd, 8639963.146, 60
Trd, 8639963.446, 60
Trd, 8639964.479, 60
Trd, 8639964.546, 62
Trd, 8639964.812, 60
Trd, 8639965.046, 61
Trd, 8639965.079, 63
Trd, 8639965.446, 60
Trd, 8639965.812, 60
Trd, 8639966.379, 60
Trd, 8639966.446, 61
Trd, 8639966.479, 71
Trd, 8639966.746, 67
Trd, 8639967.646, 62
Trd, 8639967.946, 70
Trd, 8639968.046, 61
Trd, 8639969.212, 61
Trd, 8639969.812, 63
Trd, 8639970.046, 61
Trd, 8639970.912, 63
Trd, 8639970.979, 61
Trd, 8639971.679, 63
Trd, 8639971.812, 82
Trd, 8639971.846, 129
Trd, 8639972.779, 90
Trd, 8639972.979, 137
Trd, 8639973.012, 89
Trd, 8639974.146, 66
Trd, 8639974.179, 83
Trd, 8639974.646, 140
Trd, 8639974.679, 139
Trd, 8639975.679, 66
Trd, 8639975.912, 120
Trd, 8639976.612, 66
Trd, 8639977.446, 70
Trd, 8639978.012, 71
Trd, 8639978.612, 79
Trd, 8639979.012, 79
Trd, 8639979.046, 76
Trd, 8639979.446, 79
Trd, 8639979.546, 76
Trd, 8639979.846, 72
Trd, 8639980.379, 94
Trd, 8639980.512, 67
Trd, 8639980.746, 65
Trd, 8639982.246, 60
Trd, 8639982.412, 61
Trd, 8639983.146, 61
Trd, 8639983.446, 61
Trd, 8639983.879, 61
Trd, 8639983.979, 62
Trd, 8639984.246, 64
Trd, 8639984.379, 62
Trd, 8639984.812, 64
Trd, 8639984.946, 66
Trd, 8639985.112, 68
Trd, 8639985.912, 90
Trd, 8639986.179, 108
Trd, 8639986.646, 133
Trd, 8639987.212, 68
Trd, 8639988.112, 140
Trd, 8639988.246, 80
Trd, 8639988.479, 95
Trd, 8639988.546, 95
Trd, 8639989.379, 140
Trd, 8639990.312, 140
Trd, 8639990.346, 139
Trd, 8639991.046, 112
Trd, 8639991.146, 98
Trd, 8639992.512, 140
Trd, 8639992.579, 136
Trd, 8639993.246, 139
Trd, 8639993.379, 135
Trd, 8639993.746, 124
Trd, 8639994.546, 125
Trd, 8639994.579, 86
Trd, 8639995.246, 90
Trd, 8639995.612, 85
Trd, 8639996.212, 88
Trd, 8639996.379, 89
Trd, 8639996.546, 88
Trd, 8639996.646, 87
Trd, 8639996.746, 90
Trd, 8639996.779, 85
Trd, 8639997.112, 91
Trd, 8639998.346, 60
Trd, 8639998.579, 67
Trd, 8639999.012, 79
Trd, 8639999.546, 67
