Trd, 8638773.979, 97
Trd, 8638774.079, 95
Trd, 8638774.412, 119
Trd, 8638775.412, 104
Trd, 8638775.612, 102
Trd, 8638776.146, 94
Trd, 8638776.446, 91
Trd, 8638777.046, 95
Trd, 8638777.479, 114
Trd, 8638777.879, 136
Trd, 8638778.579, 124
Trd, 8638778.646, 122
Trd, 8638778.879, 121
Trd, 8638779.079, 98
Trd, 8638779.446, 116
Trd, 8638779.612, 133
Trd, 8638780.012, 94
Trd, 8638780.179, 93
Trd, 8638781.246, 66
Trd, 8638781.679, 87
Trd, 8638783.046, 133
Trd, 8638783.179, 77
Trd, 8638783.279, 75
Trd, 8638784.179, 138
Trd, 8638784.712, 127
Trd, 8638784.779, 125
Trd, 8638785.279, 117
Trd, 8638785.612, 119
Trd, 8638786.412, 64
Trd, 8638786.546, 79
Trd, 8638786.779, 102
Trd, 8638787.846, 65
Trd, 8638788.446, 66
Trd, 8638788.579, 86
Trd, 8638789.546, 60
Trd, 8638790.079, 61
Trd, 8638790.346, 81
Trd, 8638790.512, 95
Trd, 8638790.646, 73
Trd, 8638790.812, 121
Trd, 8638790.879, 71
Trd, 8638791.746, 63
Trd, 8638792.446, 81
Trd, 8638793.246, 88
Trd, 8638794.512, 100
Trd, 8638795.146, 125
Trd, 8638795.446, 118
Trd, 8638795.479, 111
Trd, 8638795.646, 103
Trd, 8638796.512, 100
Trd, 8638796.579, 96
Trd, 8638796.612, 113
Trd, 8638797.246, 94
Trd, 8638797.412, 87
Trd, 8638797.512, 85
Trd, 8638797.812, 96
Trd, 8638798.046, 97
Trd, 8638798.246, 107
Trd, 8638798.812, 89
Trd, 8638799.646, 78
Trd, 8638799.812, 75
Trd, 8638800.146, 76
Trd, 8638800.746, 98
Trd, 8638801.579, 111
Trd, 8638802.446, 111
Trd, 8638802.712, 121
Trd, 8638803.112, 136
Trd, 8638803.446, 90
Trd, 8638804.412, 104
Trd, 8638804.979, 107
Trd, 8638805.346, 100
Trd, 8638805.412, 97
Trd, 8638805.846, 112
Trd, 8638806.712, 116
Trd, 8638806.746, 115
Trd, 8638807.179, 111
Trd, 8638807.312, 107
Trd, 8638807.712, 119
Trd, 8638808.046, 114
Trd, 8638808.212, 99
Trd, 8638808.446, 134
Trd, 8638809.046, 139
Trd, 8638809.412, 95
Trd, 8638809.512, 87
Trd, 8638809.712, 77
Trd, 8638810.579, 113
Trd, 8638811.079, 133
Trd, 8638811.446, 136
Trd, 8638812.546, 75
Trd, 8638812.779, 77
Trd, 8638813.146, 73
Trd, 8638813.879, 123
Trd, 8638814.179, 137
Trd, 8638815.379, 138
Trd, 8638815.779, 127
Trd, 8638816.012, 120
Trd, 8638816.312, 119
Trd, 8638817.046, 138
Trd, 8638817.246, 113
Trd, 8638817.512, 109
Trd, 8638817.612, 95
Trd, 8638818.146, 82
Trd, 8638818.446, 101
Trd, 8638819.079, 100
Trd, 8638819.512, 139
Trd, 8638819.879, 126
Trd, 8638820.246, 92
Trd, 8638820.279, 90
Trd, 8638820.746, 104
Trd, 8638821.012, 123
Trd, 8638822.279, 80
Trd, 8638823.946, 138
Trd, 8638824.146, 103
Trd, 8638824.212, 101
Trd, 8638824.812, 108
Trd, 8638825.079, 103
Trd, 8638825.712, 100
Trd, 8638826.512, 117
Trd, 8638826.779, 112
Trd, 8638826.812, 106
Trd, 8638826.912, 135
Trd, 8638827.446, 136
Trd, 8638828.279, 115
Trd, 8638828.512, 129
Trd, 8638828.679, 107
Trd, 8638829.946, 138
Trd, 8638830.712, 132
Trd, 8638830.946, 140
Trd, 8638831.546, 130
Trd, 8638832.112, 98
Trd, 8638832.446, 111
Trd, 8638833.079, 97
Trd, 8638833.212, 95
Trd, 8638833.412, 91
Trd, 8638833.712, 85
Trd, 8638834.146, 67
Trd, 8638834.512, 71
Trd, 8638834.612, 74
Trd, 8638834.812, 119
Trd, 8638836.012, 72
Trd, 8638836.046, 81
Trd, 8638836.712, 118
Trd, 8638837.212, 91
Trd, 8638837.279, 89
Trd, 8638838.112, 100
Trd, 8638838.646, 128
Trd, 8638839.246, 135
Trd, 8638839.579, 80
Trd, 8638840.179, 86
Trd, 8638840.379, 92
Trd, 8638841.146, 87
Trd, 8638841.812, 104
Trd, 8638842.612, 118
Trd, 8638843.179, 96
Trd, 8638843.212, 100
Trd, 8638843.746, 94
Trd, 8638843.812, 90
Trd, 8638845.246, 137
Trd, 8638845.946, 136
Trd, 8638846.012, 132
Trd, 8638846.046, 132
Trd, 8638846.779, 108
Trd, 8638847.046, 113
Trd, 8638847.279, 116
Trd, 8638847.979, 104
Trd, 8638848.079, 103
Trd, 8638848.279, 85
Trd, 8638848.646, 72
Trd, 8638848.946, 87
Trd, 8638849.212, 67
Trd, 8638849.579, 115
Trd, 8638850.012, 140
Trd, 8638850.512, 127
Trd, 8638851.379, 130
Trd, 8638851.779, 123
Trd, 8638852.712, 114
Trd, 8638853.512, 140
Trd, 8638853.579, 92
Trd, 8638854.012, 92
Trd, 8638854.346, 103
Trd, 8638854.646, 90
Trd, 8638854.946, 88
Trd, 8638855.046, 70
Trd, 8638856.346, 70
Trd, 8638856.512, 73
Trd, 8638856.946, 75
Trd, 8638857.379, 74
Trd, 8638858.112, 93
Trd, 8638858.179, 81
Trd, 8638858.346, 92
Trd, 8638859.079, 79
Trd, 8638859.212, 99
Trd, 8638859.579, 108
Trd, 8638859.679, 76
Trd, 8638859.912, 75
Trd, 8638860.246, 98
Trd, 8638860.879, 107
Trd, 8638861.746, 102
Trd, 8638861.946, 90
Trd, 8638862.346, 67
Trd, 8638863.612, 93
Trd, 8638863.812, 63
Trd, 8638864.479, 108
Trd, 8638864.512, 123
Trd, 8638864.679, 67
Trd, 8638865.079, 140
Trd, 8638865.346, 137
Trd, 8638865.746, 118
Trd, 8638866.546, 90
Trd, 8638866.779, 117
Trd, 8638866.812, 90
Trd, 8638869.412, 92
Trd, 8638869.446, 85
Trd, 8638869.579, 97
Trd, 8638869.612, 83
Trd, 8638869.946, 136
Trd, 8638870.046, 83
Trd, 8638871.146, 70
Trd, 8638871.846, 84
Trd, 8638872.546, 92
Trd, 8638872.879, 91
Trd, 8638873.279, 95
Trd, 8638873.779, 87
Trd, 8638874.346, 87
Trd, 8638874.512, 82
Trd, 8638874.679, 74
Trd, 8638875.146, 96
Trd, 8638875.379, 128
Trd, 8638875.479, 83
Trd, 8638875.679, 70
Trd, 8638875.879, 108
Trd, 8638876.979, 78
Trd, 8638877.512, 73
Trd, 8638877.546, 77
Trd, 8638877.612, 83
Trd, 8638878.079, 60
Trd, 8638879.746, 69
Trd, 8638880.546, 71
Trd, 8638880.779, 86
Trd, 8638880.846, 73
Trd, 8638881.812, 139
Trd, 8638882.279, 131
Trd, 8638882.446, 112
Trd, 8638882.812, 79
Trd, 8638883.612, 111
Trd, 8638883.712, 98
Trd, 8638883.912, 133
Trd, 8638884.346, 88
Trd, 8638885.146, 117
Trd, 8638885.179, 115
Trd, 8638886.612, 123
Trd, 8638886.879, 111
Trd, 8638887.079, 108
Trd, 8638887.146, 100
Trd, 8638888.379, 104
Trd, 8638888.712, 120
Trd, 8638889.312, 98
Trd, 8638889.479, 118
Trd, 8638889.679, 115
Trd, 8638890.079, 115
Trd, 8638890.446, 132
Trd, 8638890.546, 126
Trd, 8638891.346, 75
Trd, 8638891.512, 60
Trd, 8638892.246, 94
Trd, 8638893.712, 61
Trd, 8638893.779, 73
Trd, 8638894.079, 74
Trd, 8638894.412, 66
Trd, 8638894.446, 112
Trd, 8638894.779, 61
Trd, 8638895.546, 98
Trd, 8638895.912, 87
Trd, 8638896.312, 66
Trd, 8638896.912, 85
Trd, 8638896.946, 82
Trd, 8638897.312, 61
Trd, 8638897.879, 93
Trd, 8638898.479, 97
Trd, 8638898.679, 115
Trd, 8638898.779, 112
Trd, 8638898.912, 110
Trd, 8638899.979, 101
Trd, 8638900.446, 100
Trd, 8638900.679, 98
Trd, 8638901.279, 137
Trd, 8638902.112, 132
Trd, 8638903.612, 126
Trd, 8638903.746, 122
Trd, 8638903.779, 122
Trd, 8638903.979, 139
Trd, 8638904.946, 101
Trd, 8638905.412, 99
Trd, 8638905.746, 97
Trd, 8638905.779, 85
Trd, 8638906.046, 85
Trd, 8638906.146, 84
Trd, 8638906.212, 80
Trd, 8638906.812, 68
Trd, 8638907.479, 137
Trd, 8638908.512, 77
Trd, 8638908.679, 110
Trd, 8638909.779, 89
Trd, 8638910.379, 79
Trd, 8638910.912, 68
Trd, 8638911.146, 75
Trd, 8638911.179, 101
Trd, 8638912.012, 120
Trd, 8638912.246, 124
Trd, 8638912.546, 81
Trd, 8638912.746, 91
Trd, 8638913.112, 108
Trd, 8638913.279, 88
Trd, 8638913.712, 105
Trd, 8638914.146, 112
Trd, 8638915.112, 134
Trd, 8638915.246, 128
Trd, 8638915.446, 113
Trd, 8638915.646, 106
Trd, 8638915.946, 87
Trd, 8638916.446, 64
Trd, 8638917.846, 122
Trd, 8638918.379, 116
Trd, 8638918.412, 111
Trd, 8638918.946, 140
Trd, 8638919.112, 121
Trd, 8638920.046, 71
Trd, 8638920.112, 94
Trd, 8638920.179, 64
Trd, 8638921.312, 98
Trd, 8638921.579, 94
Trd, 8638922.046, 138
Trd, 8638922.112, 127
Trd, 8638922.279, 140
Trd, 8638922.412, 129
Trd, 8638922.746, 124
Trd, 8638923.279, 111
Trd, 8638923.879, 108
Trd, 8638924.346, 103
Trd, 8638925.479, 119
Trd, 8638925.812, 99
Trd, 8638927.312, 110
Trd, 8638927.612, 108
Trd, 8638928.112, 102
Trd, 8638928.379, 102
Trd, 8638928.946, 100
Trd, 8638928.979, 97
Trd, 8638929.012, 123
Trd, 8638929.212, 112
Trd, 8638929.812, 137
Trd, 8638930.012, 111
Trd, 8638930.579, 123
Trd, 8638930.712, 116
Trd, 8638931.979, 138
Trd, 8638932.479, 113
Trd, 8638932.779, 90
Trd, 8638933.446, 104
Trd, 8638934.079, 86
Trd, 8638934.312, 96
Trd, 8638934.479, 91
Trd, 8638934.512, 89
Trd, 8638934.746, 84
Trd, 8638935.146, 82
Trd, 8638935.346, 108
Trd, 8638935.912, 84
Trd, 8638936.246, 91
Trd, 8638937.646, 66
Trd, 8638938.179, 63
Trd, 8638938.679, 73
Trd, 8638939.312, 79
Trd, 8638939.579, 88
Trd, 8638940.212, 62
Trd, 8638940.512, 78
Trd, 8638941.079, 64
Trd, 8638941.946, 64
Trd, 8638942.512, 67
Trd, 8638943.479, 104
Trd, 8638943.646, 100
Trd, 8638943.812, 96
Trd, 8638944.279, 106
Trd, 8638944.512, 92
Trd, 8638944.746, 90
Trd, 8638945.079, 133
Trd, 8638945.379, 90
Trd, 8638945.679, 140
Trd, 8638946.579, 122
Trd, 8638947.246, 92
Trd, 8638947.379, 108
Trd, 8638947.712, 138
Trd, 8638948.279, 120
Trd, 8638949.112, 104
Trd, 8638949.479, 103
Trd, 8638950.012, 99
Trd, 8638950.679, 96
Trd, 8638950.812, 95
Trd, 8638951.846, 136
Trd, 8638952.046, 132
Trd, 8638952.712, 98
Trd, 8638952.812, 95
Trd, 8638952.946, 89
Trd, 8638954.179, 81
Trd, 8638954.312, 79
Trd, 8638955.212, 69
Trd, 8638955.812, 140
Trd, 8638956.512, 136
Trd, 8638956.612, 99
Trd, 8638956.712, 110
Trd, 8638957.579, 122
Trd, 8638958.479, 117
Trd, 8638958.546, 113
Trd, 8638958.579, 101
Trd, 8638958.812, 100
Trd, 8638958.912, 82
Trd, 8638960.846, 76
Trd, 8638960.879, 82
Trd, 8638961.979, 96
Trd, 8638962.646, 88
Trd, 8638963.446, 110
Trd, 8638963.612, 84
Trd, 8638963.879, 83
Trd, 8638964.146, 82
Trd, 8638964.412, 118
Trd, 8638964.712, 100
Trd, 8638964.946, 98
Trd, 8638965.146, 87
Trd, 8638965.812, 82
Trd, 8638966.512, 83
Trd, 8638967.846, 123
Trd, 8638968.246, 116
Trd, 8638968.546, 135
Trd, 8638968.679, 123
Trd, 8638968.779, 127
Trd, 8638969.446, 131
Trd, 8638969.546, 126
Trd, 8638970.012, 138
Trd, 8638970.646, 118
Trd, 8638971.079, 139
Trd, 8638972.012, 118
Trd, 8638972.046, 115
Trd, 8638972.612, 103
Trd, 8638973.746, 68
Trd, 8638974.012, 71
Trd, 8638974.279, 84
Trd, 8638974.512, 78
Trd, 8638974.612, 72
Trd, 8638975.279, 65
Trd, 8638975.646, 63
Trd, 8638975.946, 69
Trd, 8638977.012, 89
Trd, 8638977.546, 102
Trd, 8638978.112, 139
Trd, 8638978.812, 135
Trd, 8638978.946, 131
Trd, 8638979.312, 130
Trd, 8638979.679, 128
Trd, 8638980.279, 125
Trd, 8638980.546, 124
Trd, 8638981.046, 118
Trd, 8638981.112, 113
Trd, 8638981.212, 97
Trd, 8638982.679, 125
Trd, 8638982.812, 118
Trd, 8638982.979, 113
Trd, 8638983.546, 98
Trd, 8638984.179, 94
Trd, 8638984.446, 71
Trd, 8638984.646, 101
Trd, 8638984.912, 82
Trd, 8638985.046, 128
Trd, 8638985.579, 101
Trd, 8638985.746, 135
Trd, 8638986.012, 83
Trd, 8638986.912, 126
Trd, 8638987.179, 138
Trd, 8638987.412, 71
Trd, 8638987.746, 139
Trd, 8638988.846, 92
Trd, 8638989.012, 109
Trd, 8638989.512, 104
Trd, 8638989.812, 96
Trd, 8638991.046, 74
Trd, 8638991.346, 138
Trd, 8638991.646, 113
Trd, 8638992.179, 134
Trd, 8638992.446, 113
Trd, 8638992.546, 135
Trd, 8638993.912, 132
Trd, 8638994.312, 122
Trd, 8638994.579, 121
Trd, 8638995.379, 114
Trd, 8638995.446, 112
Trd, 8638996.112, 105
Trd, 8638996.412, 107
Trd, 8638996.712, 107
Trd, 8638997.312, 104
Trd, 8638997.646, 137
Trd, 8638998.112, 97
Trd, 8638998.879, 109
Trd, 8638999.546, 132
Trd, 8638999.812, 137
Trd, 8639000.179, 113
Trd, 8639000.212, 110
Trd, 8639000.279, 109
Trd, 8639000.846, 84
Trd, 8639001.046, 81
Trd, 8639001.846, 110
Trd, 8639002.246, 106
Trd, 8639002.612, 97
Trd, 8639004.379, 134
Trd, 8639004.446, 123
Trd, 8639004.546, 116
Trd, 8639005.346, 125
Trd, 8639005.612, 130
Trd, 8639006.246, 107
Trd, 8639006.479, 140
Trd, 8639006.846, 104
Trd, 8639008.146, 135
Trd, 8639008.346, 122
Trd, 8639008.479, 120
Trd, 8639008.812, 136
Trd, 8639008.912, 101
Trd, 8639009.879, 120
Trd, 8639009.946, 102
Trd, 8639010.079, 127
Trd, 8639011.079, 137
Trd, 8639012.479, 132
Trd, 8639012.546, 128
Trd, 8639012.746, 127
Trd, 8639013.779, 123
Trd, 8639015.046, 133
Trd, 8639015.279, 133
Trd, 8639015.579, 121
Trd, 8639016.279, 102
Trd, 8639017.012, 98
Trd, 8639018.312, 92
Trd, 8639018.479, 90
Trd, 8639018.512, 89
Trd, 8639018.546, 121
Trd, 8639018.746, 75
Trd, 8639019.679, 110
Trd, 8639019.979, 94
Trd, 8639020.712, 139
Trd, 8639020.979, 120
Trd, 8639021.946, 92
Trd, 8639022.246, 67
Trd, 8639022.712, 107
Trd, 8639022.879, 124
Trd, 8639023.379, 122
Trd, 8639023.746, 97
Trd, 8639024.112, 140
Trd, 8639025.346, 120
Trd, 8639026.046, 116
Trd, 8639026.346, 114
Trd, 8639026.446, 110
Trd, 8639026.846, 128
Trd, 8639027.146, 103
Trd, 8639027.179, 87
Trd, 8639029.112, 94
Trd, 8639029.179, 98
Trd, 8639029.346, 114
Trd, 8639029.512, 92
Trd, 8639030.346, 135
Trd, 8639030.779, 117
Trd, 8639030.912, 104
Trd, 8639031.012, 139
Trd, 8639031.446, 139
Trd, 8639031.879, 102
Trd, 8639032.446, 100
Trd, 8639033.712, 113
Trd, 8639033.912, 109
Trd, 8639034.246, 140
Trd, 8639034.746, 115
Trd, 8639035.112, 105
Trd, 8639036.046, 106
Trd, 8639036.346, 102
Trd, 8639036.379, 117
Trd, 8639036.579, 124
Trd, 8639036.612, 133
Trd, 8639037.312, 85
Trd, 8639037.412, 83
Trd, 8639038.312, 93
Trd, 8639038.412, 92
Trd, 8639038.679, 73
Trd, 8639039.112, 85
Trd, 8639039.746, 126
Trd, 8639039.879, 72
Trd, 8639041.079, 71
Trd, 8639041.146, 132
Trd, 8639042.079, 140
Trd, 8639042.646, 140
Trd, 8639043.146, 133
Trd, 8639043.946, 132
Trd, 8639044.379, 128
Trd, 8639044.712, 107
Trd, 8639044.879, 110
Trd, 8639045.512, 130
Trd, 8639045.646, 124
Trd, 8639045.746, 113
Trd, 8639045.779, 99
Trd, 8639046.679, 96
Trd, 8639046.879, 137
Trd, 8639047.979, 139
Trd, 8639048.012, 138
Trd, 8639048.512, 114
Trd, 8639049.546, 116
Trd, 8639049.979, 110
Trd, 8639050.112, 106
Trd, 8639050.379, 139
Trd, 8639050.746, 103
Trd, 8639051.112, 132
Trd, 8639051.712, 123
Trd, 8639052.046, 104
Trd, 8639053.212, 102
Trd, 8639053.979, 83
Trd, 8639054.212, 77
Trd, 8639055.079, 109
Trd, 8639055.346, 124
Trd, 8639055.479, 75
Trd, 8639055.812, 83
Trd, 8639056.212, 123
Trd, 8639056.512, 120
Trd, 8639057.679, 112
Trd, 8639058.012, 90
Trd, 8639058.046, 86
Trd, 8639058.379, 97
Trd, 8639059.479, 120
Trd, 8639060.146, 129
Trd, 8639060.379, 109
Trd, 8639061.112, 112
Trd, 8639061.212, 110
Trd, 8639061.346, 107
Trd, 8639061.512, 128
Trd, 8639061.612, 114
Trd, 8639062.079, 95
Trd, 8639062.812, 112
Trd, 8639062.879, 122
Trd, 8639062.946, 95
Trd, 8639063.379, 89
Trd, 8639063.879, 83
Trd, 8639065.812, 84
Trd, 8639065.946, 109
Trd, 8639066.246, 73
Trd, 8639066.512, 108
Trd, 8639066.646, 93
Trd, 8639067.812, 136
Trd, 8639067.979, 135
Trd, 8639068.579, 140
Trd, 8639068.646, 133
Trd, 8639068.812, 129
Trd, 8639068.879, 103
Trd, 8639070.112, 119
Trd, 8639070.612, 115
Trd, 8639070.879, 112
Trd, 8639070.912, 93
Trd, 8639071.779, 137
Trd, 8639072.246, 135
Trd, 8639072.612, 129
Trd, 8639073.012, 113
Trd, 8639073.546, 110
Trd, 8639074.179, 121
Trd, 8639074.946, 103
Trd, 8639075.246, 95
Trd, 8639075.446, 99
Trd, 8639075.579, 90
Trd, 8639075.946, 77
Trd, 8639076.446, 67
Trd, 8639077.412, 104
Trd, 8639077.646, 73
Trd, 8639077.846, 73
Trd, 8639078.612, 97
Trd, 8639078.879, 60
Trd, 8639079.812, 71
Trd, 8639079.979, 72
Trd, 8639080.246, 89
Trd, 8639080.746, 95
Trd, 8639081.579, 88
Trd, 8639082.346, 98
Trd, 8639082.879, 114
Trd, 8639082.912, 99
Trd, 8639082.946, 95
Trd, 8639083.146, 85
Trd, 8639083.279, 128
Trd, 8639083.879, 140
Trd, 8639084.879, 120
Trd, 8639085.446, 134
Trd, 8639085.812, 102
Trd, 8639086.246, 120
Trd, 8639086.679, 121
Trd, 8639086.746, 96
Trd, 8639087.379, 116
Trd, 8639088.079, 92
Trd, 8639088.746, 101
Trd, 8639089.246, 87
Trd, 8639089.446, 90
Trd, 8639090.079, 82
Trd, 8639090.646, 114
Trd, 8639090.712, 122
Trd, 8639091.212, 106
Trd, 8639091.346, 73
Trd, 8639091.712, 80
Trd, 8639092.279, 127
Trd, 8639092.746, 114
Trd, 8639092.879, 109
Trd, 8639094.812, 91
Trd, 8639095.079, 115
Trd, 8639095.379, 101
Trd, 8639095.779, 92
Trd, 8639095.979, 89
Trd, 8639097.112, 86
Trd, 8639097.279, 110
Trd, 8639097.579, 111
Trd, 8639097.679, 78
Trd, 8639098.712, 112
Trd, 8639098.779, 109
Trd, 8639099.346, 109
Trd, 8639099.412, 98
Trd, 8639099.879, 71
Trd, 8639101.546, 62
Trd, 8639101.679, 71
Trd, 8639101.846, 109
Trd, 8639102.646, 70
Trd, 8639103.679, 105
Trd, 8639103.812, 115
Trd, 8639104.512, 102
Trd, 8639104.812, 98
Trd, 8639104.879, 85
Trd, 8639105.279, 102
Trd, 8639105.446, 78
Trd, 8639105.512, 77
Trd, 8639105.812, 138
Trd, 8639106.712, 112
Trd, 8639107.412, 104
Trd, 8639108.179, 91
Trd, 8639108.979, 121
Trd, 8639109.379, 140
Trd, 8639110.012, 124
Trd, 8639110.779, 114
Trd, 8639111.746, 107
Trd, 8639111.946, 104
Trd, 8639112.012, 131
Trd, 8639112.212, 119
Trd, 8639112.279, 102
Trd, 8639113.412, 97
Trd, 8639113.646, 96
Trd, 8639114.546, 83
Trd, 8639114.612, 95
Trd, 8639114.879, 106
Trd, 8639115.146, 72
Trd, 8639115.312, 95
Trd, 8639115.946, 101
Trd, 8639116.479, 72
Trd, 8639116.646, 88
Trd, 8639117.512, 83
Trd, 8639117.746, 105
Trd, 8639118.412, 139
Trd, 8639118.546, 129
Trd, 8639119.446, 102
Trd, 8639120.612, 137
Trd, 8639120.846, 126
Trd, 8639121.279, 107
Trd, 8639121.746, 103
Trd, 8639121.946, 110
Trd, 8639122.779, 138
Trd, 8639122.946, 120
Trd, 8639123.279, 108
Trd, 8639123.346, 106
Trd, 8639123.412, 106
Trd, 8639123.679, 105
Trd, 8639123.712, 97
Trd, 8639124.446, 69
Trd, 8639124.579, 92
Trd, 8639125.279, 111
Trd, 8639125.346, 84
Trd, 8639126.246, 62
Trd, 8639126.679, 100
Trd, 8639127.412, 86
Trd, 8639127.446, 85
Trd, 8639127.512, 60
Trd, 8639128.479, 96
Trd, 8639128.612, 86
Trd, 8639128.912, 118
Trd, 8639129.612, 79
Trd, 8639131.346, 101
Trd, 8639131.646, 102
Trd, 8639132.046, 114
Trd, 8639132.079, 99
Trd, 8639132.212, 98
Trd, 8639132.612, 95
Trd, 8639132.646, 95
Trd, 8639133.446, 119
Trd, 8639133.579, 138
Trd, 8639134.212, 93
Trd, 8639135.146, 98
Trd, 8639135.179, 99
Trd, 8639135.579, 96
Trd, 8639135.612, 99
Trd, 8639135.946, 93
Trd, 8639135.979, 72
Trd, 8639137.046, 86
Trd, 8639137.679, 95
Trd, 8639138.146, 91
Trd, 8639138.446, 110
Trd, 8639139.012, 91
Trd, 8639139.712, 99
Trd, 8639140.079, 137
Trd, 8639140.912, 101
Trd, 8639141.046, 89
Trd, 8639141.479, 91
Trd, 8639141.746, 84
Trd, 8639141.946, 85
Trd, 8639142.212, 112
Trd, 8639142.446, 139
Trd, 8639143.012, 124
Trd, 8639144.246, 126
Trd, 8639144.946, 105
Trd, 8639145.212, 101
Trd, 8639145.379, 135
Trd, 8639146.879, 138
Trd, 8639147.179, 130
Trd, 8639147.212, 110
Trd, 8639147.246, 98
Trd, 8639147.779, 80
Trd, 8639147.979, 86
Trd, 8639148.046, 79
Trd, 8639148.746, 88
Trd, 8639149.846, 114
Trd, 8639150.479, 106
Trd, 8639151.579, 140
Trd, 8639152.046, 113
Trd, 8639152.512, 138
Trd, 8639152.912, 140
Trd, 8639152.979, 134
Trd, 8639153.679, 139
Trd, 8639154.212, 132
Trd, 8639154.312, 109
Trd, 8639154.612, 128
Trd, 8639154.779, 109
Trd, 8639155.379, 110
Trd, 8639155.512, 125
Trd, 8639155.979, 108
Trd, 8639156.179, 95
Trd, 8639156.546, 119
Trd, 8639156.912, 89
Trd, 8639157.179, 110
Trd, 8639157.812, 89
Trd, 8639157.979, 98
Trd, 8639158.412, 108
Trd, 8639159.079, 104
Trd, 8639159.346, 101
Trd, 8639159.379, 80
Trd, 8639160.379, 72
Trd, 8639160.712, 140
Trd, 8639161.479, 135
Trd, 8639161.846, 129
Trd, 8639162.612, 132
Trd, 8639163.146, 111
Trd, 8639163.479, 110
Trd, 8639163.646, 107
Trd, 8639163.946, 137
Trd, 8639165.046, 139
Trd, 8639166.046, 114
Trd, 8639166.446, 109
Trd, 8639166.912, 106
Trd, 8639167.012, 111
Trd, 8639167.179, 102
Trd, 8639167.279, 101
Trd, 8639167.546, 127
Trd, 8639167.812, 123
Trd, 8639168.312, 118
Trd, 8639168.446, 99
Trd, 8639168.679, 95
Trd, 8639169.912, 80
Trd, 8639169.979, 98
Trd, 8639170.579, 87
Trd, 8639170.712, 60
Trd, 8639171.179, 94
Trd, 8639172.146, 102
Trd, 8639172.212, 110
Trd, 8639172.479, 97
Trd, 8639173.112, 124
Trd, 8639173.646, 114
Trd, 8639173.812, 115
Trd, 8639173.946, 125
Trd, 8639174.212, 88
Trd, 8639175.712, 100
Trd, 8639175.812, 93
Trd, 8639175.879, 87
Trd, 8639176.412, 73
Trd, 8639177.346, 75
Trd, 8639177.679, 88
Trd, 8639178.279, 81
Trd, 8639178.746, 140
Trd, 8639179.012, 128
Trd, 8639179.512, 92
Trd, 8639180.579, 118
Trd, 8639180.679, 86
Trd, 8639181.479, 93
Trd, 8639181.512, 86
Trd, 8639181.646, 139
Trd, 8639182.179, 136
Trd, 8639182.846, 96
Trd, 8639183.012, 108
Trd, 8639183.146, 93
Trd, 8639183.346, 113
Trd, 8639184.712, 109
Trd, 8639186.246, 134
Trd, 8639186.346, 129
Trd, 8639187.046, 111
Trd, 8639188.312, 139
Trd, 8639188.346, 114
Trd, 8639188.546, 107
Trd, 8639188.646, 104
Trd, 8639188.946, 109
Trd, 8639189.346, 106
Trd, 8639189.479, 101
Trd, 8639190.146, 100
Trd, 8639190.879, 110
Trd, 8639191.046, 117
Trd, 8639191.412, 106
Trd, 8639191.746, 90
Trd, 8639192.146, 80
Trd, 8639193.112, 96
Trd, 8639193.146, 124
Trd, 8639193.179, 76
Trd, 8639193.346, 96
Trd, 8639193.712, 114
Trd, 8639193.912, 113
Trd, 8639194.646, 111
Trd, 8639195.712, 113
Trd, 8639196.479, 102
Trd, 8639196.679, 114
Trd, 8639196.846, 100
Trd, 8639197.046, 94
Trd, 8639197.379, 98
Trd, 8639197.979, 120
Trd, 8639198.146, 119
Trd, 8639198.912, 97
Trd, 8639199.179, 132
Trd, 8639199.679, 119
Trd, 8639200.012, 95
Trd, 8639200.046, 91
Trd, 8639200.112, 87
Trd, 8639200.679, 89
Trd, 8639200.979, 81
Trd, 8639201.379, 101
Trd, 8639202.446, 81
Trd, 8639202.479, 78
Trd, 8639203.179, 90
Trd, 8639203.379, 87
Trd, 8639203.446, 110
Trd, 8639203.512, 74
Trd, 8639203.779, 119
Trd, 8639204.146, 66
Trd, 8639205.812, 60
Trd, 8639206.012, 61
Trd, 8639206.312, 84
Trd, 8639207.512, 117
Trd, 8639207.846, 125
Trd, 8639207.879, 112
Trd, 8639207.912, 110
Trd, 8639207.979, 105
Trd, 8639208.679, 85
Trd, 8639209.346, 79
Trd, 8639209.446, 100
Trd, 8639209.479, 72
Trd, 8639209.512, 71
Trd, 8639211.046, 139
Trd, 8639211.212, 140
Trd, 8639211.946, 119
Trd, 8639212.046, 96
Trd, 8639212.312, 94
Trd, 8639212.512, 84
Trd, 8639212.912, 83
Trd, 8639213.512, 80
Trd, 8639213.946, 87
Trd, 8639214.346, 140
Trd, 8639214.612, 106
Trd, 8639214.779, 87
Trd, 8639215.012, 91
Trd, 8639215.746, 96
Trd, 8639216.179, 93
Trd, 8639216.679, 103
Trd, 8639217.446, 112
Trd, 8639217.512, 108
Trd, 8639217.712, 102
Trd, 8639218.946, 95
Trd, 8639219.179, 84
Trd, 8639219.746, 130
Trd, 8639220.346, 98
Trd, 8639220.379, 97
Trd, 8639220.712, 95
Trd, 8639220.746, 96
Trd, 8639221.379, 98
Trd, 8639222.012, 134
Trd, 8639222.446, 129
Trd, 8639223.146, 123
Trd, 8639223.712, 138
Trd, 8639223.912, 133
Trd, 8639224.012, 135
Trd, 8639224.279, 115
Trd, 8639224.479, 112
Trd, 8639224.846, 110
Trd, 8639225.046, 107
Trd, 8639225.246, 84
Trd, 8639225.746, 106
Trd, 8639226.679, 140
Trd, 8639226.946, 139
Trd, 8639227.479, 105
Trd, 8639227.746, 103
Trd, 8639228.512, 119
Trd, 8639228.779, 139
Trd, 8639229.112, 135
Trd, 8639229.412, 120
Trd, 8639230.846, 140
Trd, 8639231.212, 90
Trd, 8639232.012, 68
Trd, 8639232.212, 78
Trd, 8639233.079, 136
Trd, 8639233.446, 130
Trd, 8639233.646, 108
Trd, 8639234.812, 102
Trd, 8639235.012, 98
Trd, 8639235.346, 103
Trd, 8639235.779, 134
Trd, 8639235.912, 120
Trd, 8639236.179, 118
Trd, 8639236.479, 83
Trd, 8639236.712, 85
Trd, 8639237.312, 94
Trd, 8639238.479, 85
Trd, 8639238.512, 82
Trd, 8639238.779, 107
Trd, 8639239.479, 138
Trd, 8639239.779, 76
Trd, 8639240.579, 67
Trd, 8639240.646, 86
Trd, 8639241.046, 139
Trd, 8639241.179, 138
Trd, 8639241.646, 131
Trd, 8639241.979, 74
Trd, 8639242.612, 67
Trd, 8639242.746, 71
Trd, 8639243.546, 94
Trd, 8639243.779, 70
Trd, 8639244.679, 82
Trd, 8639245.012, 102
Trd, 8639245.579, 80
Trd, 8639246.146, 85
Trd, 8639246.946, 79
Trd, 8639246.979, 102
Trd, 8639247.612, 85
Trd, 8639247.646, 111
Trd, 8639248.512, 88
Trd, 8639249.879, 126
Trd, 8639250.546, 109
Trd, 8639250.679, 98
Trd, 8639250.879, 96
Trd, 8639250.946, 93
Trd, 8639251.612, 96
Trd, 8639251.812, 86
Trd, 8639252.846, 119
Trd, 8639252.912, 113
Trd, 8639253.146, 81
Trd, 8639253.479, 109
Trd, 8639255.079, 126
Trd, 8639255.612, 129
Trd, 8639256.012, 131
Trd, 8639256.912, 138
Trd, 8639257.012, 138
Trd, 8639257.946, 130
Trd, 8639258.079, 129
Trd, 8639258.579, 128
Trd, 8639258.646, 127
Trd, 8639259.346, 131
Trd, 8639259.612, 113
Trd, 8639259.912, 122
Trd, 8639261.379, 140
Trd, 8639262.079, 135
Trd, 8639262.479, 126
Trd, 8639262.646, 117
Trd, 8639262.879, 107
Trd, 8639264.346, 85
Trd, 8639264.446, 130
Trd, 8639264.479, 79
Trd, 8639265.212, 100
Trd, 8639265.446, 140
Trd, 8639266.512, 130
Trd, 8639266.746, 104
Trd, 8639267.012, 132
Trd, 8639267.912, 114
Trd, 8639268.079, 90
Trd, 8639268.179, 97
Trd, 8639268.379, 73
Trd, 8639269.246, 92
Trd, 8639269.346, 68
Trd, 8639270.179, 109
Trd, 8639270.279, 113
Trd, 8639270.579, 88
Trd, 8639270.912, 120
Trd, 8639271.046, 102
Trd, 8639271.479, 82
Trd, 8639271.746, 96
Trd, 8639272.712, 118
Trd, 8639273.546, 112
Trd, 8639274.246, 109
Trd, 8639274.612, 99
Trd, 8639274.679, 97
Trd, 8639275.412, 138
Trd, 8639275.679, 138
Trd, 8639275.712, 137
Trd, 8639275.779, 134
Trd, 8639276.346, 109
Trd, 8639276.379, 90
Trd, 8639276.679, 69
Trd, 8639277.112, 138
Trd, 8639277.746, 103
Trd, 8639278.379, 100
Trd, 8639279.212, 98
Trd, 8639279.279, 101
Trd, 8639279.879, 106
Trd, 8639280.512, 101
Trd, 8639280.612, 98
Trd, 8639280.912, 108
Trd, 8639281.446, 106
Trd, 8639281.879, 100
Trd, 8639282.146, 125
Trd, 8639282.279, 90
Trd, 8639283.112, 75
Trd, 8639283.579, 100
Trd, 8639283.746, 101
Trd, 8639284.212, 96
Trd, 8639284.612, 107
Trd, 8639284.912, 91
Trd, 8639285.112, 82
Trd, 8639287.479, 133
Trd, 8639287.746, 128
Trd, 8639288.112, 95
Trd, 8639288.312, 134
Trd, 8639288.646, 107
Trd, 8639289.179, 134
Trd, 8639289.412, 116
Trd, 8639289.979, 133
Trd, 8639290.779, 132
Trd, 8639291.746, 121
Trd, 8639291.846, 112
Trd, 8639291.946, 112
Trd, 8639292.012, 107
Trd, 8639293.379, 106
Trd, 8639293.512, 138
Trd, 8639294.179, 129
Trd, 8639294.579, 102
Trd, 8639295.379, 114
Trd, 8639295.612, 108
Trd, 8639296.012, 98
Trd, 8639296.279, 89
Trd, 8639296.479, 127
Trd, 8639296.912, 82
Trd, 8639298.246, 139
Trd, 8639298.379, 131
Trd, 8639298.579, 113
Trd, 8639299.379, 130
Trd, 8639299.412, 106
Trd, 8639299.979, 104
Trd, 8639300.546, 137
Trd, 8639301.012, 119
Trd, 8639301.246, 140
Trd, 8639301.846, 118
Trd, 8639302.046, 108
Trd, 8639302.146, 100
Trd, 8639302.179, 94
Trd, 8639302.712, 140
Trd, 8639304.179, 84
Trd, 8639304.546, 83
Trd, 8639304.846, 122
Trd, 8639304.879, 123
Trd, 8639305.146, 121
Trd, 8639305.712, 81
Trd, 8639306.346, 137
Trd, 8639306.912, 103
Trd, 8639307.312, 98
Trd, 8639307.412, 90
Trd, 8639307.879, 140
Trd, 8639308.179, 108
Trd, 8639308.379, 93
Trd, 8639308.512, 96
Trd, 8639310.046, 133
Trd, 8639310.612, 131
Trd, 8639310.912, 127
Trd, 8639312.112, 119
Trd, 8639312.412, 116
Trd, 8639312.512, 130
Trd, 8639312.846, 65
Trd, 8639313.446, 70
Trd, 8639313.579, 67
Trd, 8639313.746, 74
Trd, 8639314.346, 83
Trd, 8639315.179, 138
Trd, 8639315.212, 91
Trd, 8639315.979, 106
Trd, 8639316.479, 87
Trd, 8639316.546, 85
Trd, 8639317.212, 89
Trd, 8639317.579, 117
Trd, 8639317.679, 87
Trd, 8639317.712, 86
Trd, 8639318.146, 91
Trd, 8639318.246, 139
Trd, 8639318.512, 111
Trd, 8639318.712, 84
Trd, 8639320.046, 135
Trd, 8639320.712, 138
Trd, 8639320.846, 133
Trd, 8639320.979, 132
Trd, 8639321.112, 112
Trd, 8639321.279, 95
Trd, 8639321.579, 92
Trd, 8639323.046, 137
Trd, 8639323.479, 127
Trd, 8639323.612, 123
Trd, 8639323.846, 114
Trd, 8639324.112, 137
Trd, 8639324.746, 129
Trd, 8639325.279, 132
Trd, 8639325.979, 114
Trd, 8639326.079, 101
Trd, 8639326.579, 107
Trd, 8639326.779, 95
Trd, 8639327.146, 91
Trd, 8639328.346, 97
Trd, 8639328.446, 112
Trd, 8639329.479, 90
Trd, 8639329.879, 126
Trd, 8639330.979, 140
Trd, 8639331.179, 124
Trd, 8639331.712, 103
Trd, 8639331.812, 109
Trd, 8639332.046, 99
Trd, 8639332.279, 97
Trd, 8639332.412, 101
Trd, 8639332.846, 92
Trd, 8639333.112, 89
Trd, 8639333.946, 135
Trd, 8639334.612, 132
Trd, 8639334.746, 126
Trd, 8639335.279, 92
Trd, 8639335.312, 86
Trd, 8639335.379, 93
Trd, 8639336.312, 99
Trd, 8639336.379, 137
Trd, 8639337.546, 132
Trd, 8639338.212, 138
Trd, 8639338.879, 127
Trd, 8639338.979, 122
Trd, 8639339.279, 121
Trd, 8639339.579, 135
Trd, 8639340.579, 104
Trd, 8639340.946, 100
Trd, 8639341.146, 97
Trd, 8639341.212, 96
Trd, 8639341.346, 104
Trd, 8639341.712, 93
Trd, 8639342.012, 84
Trd, 8639342.812, 62
Trd, 8639343.812, 139
Trd, 8639344.212, 125
Trd, 8639344.446, 122
Trd, 8639344.646, 100
Trd, 8639344.679, 114
Trd, 8639344.779, 93
Trd, 8639345.246, 60
Trd, 8639345.646, 67
Trd, 8639346.379, 78
Trd, 8639347.212, 139
Trd, 8639347.379, 86
Trd, 8639347.512, 123
Trd, 8639348.412, 92
Trd, 8639349.346, 104
Trd, 8639349.546, 101
Trd, 8639349.712, 98
Trd, 8639349.779, 98
Trd, 8639350.612, 114
Trd, 8639350.712, 109
Trd, 8639351.346, 134
Trd, 8639351.412, 132
Trd, 8639351.446, 120
Trd, 8639353.212, 95
Trd, 8639353.379, 94
Trd, 8639354.212, 118
Trd, 8639355.012, 94
Trd, 8639355.079, 93
Trd, 8639355.246, 95
Trd, 8639355.546, 137
Trd, 8639355.679, 108
Trd, 8639356.379, 126
Trd, 8639356.479, 109
Trd, 8639356.679, 108
Trd, 8639357.246, 103
Trd, 8639357.946, 102
Trd, 8639358.112, 100
Trd, 8639359.212, 119
Trd, 8639360.012, 119
Trd, 8639360.246, 118
Trd, 8639360.579, 114
Trd, 8639362.046, 139
Trd, 8639362.079, 138
Trd, 8639362.246, 136
Trd, 8639362.746, 127
Trd, 8639363.279, 112
Trd, 8639363.646, 127
Trd, 8639364.046, 106
Trd, 8639364.379, 108
Trd, 8639365.146, 137
Trd, 8639365.512, 129
Trd, 8639365.712, 125
Trd, 8639366.079, 105
Trd, 8639366.779, 77
Trd, 8639367.379, 62
Trd, 8639367.712, 87
Trd, 8639368.546, 114
Trd, 8639368.946, 62
Trd, 8639369.012, 117
Trd, 8639369.746, 90
Trd, 8639369.779, 84
Trd, 8639370.246, 101
Trd, 8639371.279, 119
Trd, 8639371.346, 132
Trd, 8639371.979, 98
Trd, 8639372.012, 96
Trd, 8639372.346, 91
Trd, 8639372.979, 103
Trd, 8639374.246, 102
Trd, 8639374.479, 99
Trd, 8639374.646, 99
Trd, 8639374.779, 86
Trd, 8639374.846, 102
Trd, 8639375.146, 86
Trd, 8639375.179, 84
Trd, 8639376.312, 87
Trd, 8639376.779, 125
Trd, 8639377.846, 87
Trd, 8639378.212, 72
Trd, 8639378.479, 110
Trd, 8639379.012, 119
Trd, 8639380.446, 139
Trd, 8639381.112, 135
Trd, 8639381.312, 137
Trd, 8639381.412, 131
Trd, 8639381.812, 131
Trd, 8639381.846, 127
Trd, 8639381.879, 124
Trd, 8639382.679, 139
Trd, 8639382.879, 94
Trd, 8639383.546, 90
Trd, 8639384.012, 138
Trd, 8639385.046, 127
Trd, 8639385.112, 108
Trd, 8639385.946, 108
Trd, 8639386.646, 96
Trd, 8639387.246, 92
Trd, 8639388.112, 86
Trd, 8639388.146, 85
Trd, 8639388.279, 77
Trd, 8639388.346, 121
Trd, 8639388.846, 76
Trd, 8639389.046, 124
Trd, 8639389.546, 128
Trd, 8639391.012, 131
Trd, 8639391.079, 109
Trd, 8639391.312, 107
Trd, 8639391.346, 107
Trd, 8639391.679, 104
Trd, 8639393.079, 118
Trd, 8639393.779, 135
Trd, 8639393.812, 112
Trd, 8639393.946, 109
Trd, 8639395.012, 89
Trd, 8639395.746, 112
Trd, 8639395.879, 98
Trd, 8639396.112, 109
Trd, 8639396.379, 87
Trd, 8639396.679, 85
Trd, 8639397.112, 139
Trd, 8639398.212, 97
Trd, 8639398.746, 98
Trd, 8639399.046, 96
Trd, 8639399.212, 94
Trd, 8639399.379, 96
Trd, 8639400.479, 109
Trd, 8639401.546, 65
Trd, 8639401.912, 64
Trd, 8639402.046, 93
Trd, 8639402.179, 86
Trd, 8639402.379, 71
Trd, 8639402.779, 85
Trd, 8639403.146, 84
Trd, 8639403.479, 93
Trd, 8639403.912, 140
Trd, 8639404.212, 131
Trd, 8639404.379, 114
Trd, 8639405.246, 82
Trd, 8639405.712, 106
Trd, 8639406.112, 91
Trd, 8639406.479, 89
Trd, 8639406.679, 87
Trd, 8639406.846, 125
Trd, 8639406.979, 70
Trd, 8639408.146, 65
Trd, 8639408.812, 91
Trd, 8639409.446, 68
Trd, 8639409.712, 64
Trd, 8639410.412, 75
Trd, 8639410.579, 140
Trd, 8639411.646, 136
Trd, 8639412.312, 105
Trd, 8639412.512, 101
Trd, 8639413.312, 119
Trd, 8639413.712, 133
Trd, 8639415.646, 137
Trd, 8639416.779, 123
Trd, 8639416.879, 119
Trd, 8639417.046, 122
Trd, 8639417.679, 116
Trd, 8639417.712, 115
Trd, 8639418.046, 110
Trd, 8639418.546, 130
Trd, 8639418.912, 134
Trd, 8639419.212, 140
Trd, 8639419.346, 119
Trd, 8639419.679, 100
Trd, 8639420.646, 121
Trd, 8639421.146, 118
Trd, 8639421.179, 118
Trd, 8639421.579, 138
Trd, 8639422.012, 126
Trd, 8639422.179, 122
Trd, 8639422.546, 117
Trd, 8639422.879, 114
Trd, 8639423.012, 113
Trd, 8639423.479, 97
Trd, 8639423.646, 63
Trd, 8639424.179, 72
Trd, 8639424.579, 86
Trd, 8639424.646, 85
Trd, 8639425.012, 126
Trd, 8639425.312, 125
Trd, 8639426.479, 139
Trd, 8639427.479, 70
Trd, 8639427.612, 93
Trd, 8639428.012, 91
Trd, 8639428.079, 88
Trd, 8639429.112, 63
Trd, 8639429.279, 84
Trd, 8639429.679, 104
Trd, 8639430.512, 113
Trd, 8639430.779, 115
Trd, 8639431.012, 71
Trd, 8639431.112, 120
Trd, 8639431.246, 70
Trd, 8639432.312, 103
Trd, 8639432.446, 109
Trd, 8639432.812, 99
Trd, 8639433.512, 92
Trd, 8639433.946, 117
Trd, 8639434.346, 97
Trd, 8639434.512, 91
Trd, 8639435.746, 113
Trd, 8639436.546, 100
Trd, 8639436.679, 96
Trd, 8639436.746, 131
Trd, 8639436.846, 102
Trd, 8639437.046, 85
Trd, 8639437.312, 79
Trd, 8639437.912, 103
Trd, 8639438.279, 64
Trd, 8639438.312, 86
Trd, 8639439.446, 133
Trd, 8639439.812, 117
Trd, 8639440.212, 124
Trd, 8639440.779, 121
Trd, 8639440.879, 102
Trd, 8639441.212, 105
Trd, 8639442.179, 115
Trd, 8639442.646, 128
Trd, 8639442.746, 113
Trd, 8639443.079, 113
Trd, 8639443.712, 124
Trd, 8639444.179, 119
Trd, 8639444.579, 107
Trd, 8639444.712, 96
Trd, 8639445.346, 81
Trd, 8639445.379, 81
Trd, 8639445.546, 94
Trd, 8639446.279, 116
Trd, 8639446.612, 77
Trd, 8639446.712, 68
Trd, 8639446.812, 71
Trd, 8639447.012, 93
Trd, 8639447.579, 137
Trd, 8639448.146, 104
Trd, 8639448.712, 101
Trd, 8639450.212, 93
Trd, 8639450.846, 67
Trd, 8639450.912, 73
Trd, 8639450.946, 73
Trd, 8639451.979, 97
Trd, 8639452.412, 105
Trd, 8639452.612, 86
Trd, 8639453.612, 132
Trd, 8639453.812, 112
Trd, 8639454.346, 100
Trd, 8639454.612, 108
Trd, 8639455.079, 137
Trd, 8639455.779, 122
Trd, 8639455.846, 118
Trd, 8639456.112, 130
Trd, 8639456.612, 122
Trd, 8639457.512, 130
Trd, 8639457.579, 119
Trd, 8639457.679, 118
Trd, 8639457.712, 115
Trd, 8639458.412, 129
Trd, 8639458.646, 119
Trd, 8639459.279, 111
Trd, 8639460.146, 133
Trd, 8639460.312, 110
Trd, 8639461.212, 140
Trd, 8639461.412, 120
Trd, 8639461.479, 115
Trd, 8639462.279, 126
Trd, 8639462.379, 112
Trd, 8639462.712, 106
Trd, 8639463.046, 130
Trd, 8639463.412, 102
Trd, 8639463.912, 95
Trd, 8639465.346, 78
Trd, 8639465.412, 78
Trd, 8639465.446, 95
Trd, 8639465.512, 97
Trd, 8639465.779, 96
Trd, 8639467.046, 92
Trd, 8639467.179, 79
Trd, 8639467.546, 91
Trd, 8639467.912, 134
Trd, 8639468.179, 109
Trd, 8639468.379, 135
Trd, 8639469.646, 102
Trd, 8639469.679, 115
Trd, 8639470.812, 121
Trd, 8639471.312, 113
Trd, 8639471.579, 123
Trd, 8639471.979, 97
Trd, 8639472.479, 98
Trd, 8639472.646, 104
Trd, 8639472.912, 102
Trd, 8639473.512, 102
Trd, 8639474.079, 99
Trd, 8639474.612, 139
Trd, 8639474.746, 134
Trd, 8639476.079, 114
Trd, 8639476.246, 109
Trd, 8639477.179, 113
Trd, 8639477.246, 111
Trd, 8639477.346, 99
Trd, 8639477.679, 114
Trd, 8639478.079, 96
Trd, 8639479.012, 111
Trd, 8639479.979, 140
Trd, 8639480.512, 134
Trd, 8639480.612, 122
Trd, 8639480.879, 112
Trd, 8639481.946, 136
Trd, 8639482.246, 132
Trd, 8639482.312, 127
Trd, 8639482.612, 129
Trd, 8639482.779, 131
Trd, 8639483.679, 136
Trd, 8639483.746, 126
Trd, 8639483.846, 124
Trd, 8639484.279, 109
Trd, 8639485.279, 119
Trd, 8639485.479, 84
Trd, 8639486.112, 101
Trd, 8639486.712, 79
Trd, 8639486.946, 84
Trd, 8639487.412, 96
Trd, 8639487.546, 76
Trd, 8639487.646, 106
Trd, 8639487.679, 75
Trd, 8639488.112, 66
Trd, 8639489.412, 62
Trd, 8639490.212, 93
Trd, 8639490.512, 61
Trd, 8639490.879, 75
Trd, 8639491.846, 96
Trd, 8639492.246, 134
Trd, 8639492.512, 92
Trd, 8639493.346, 125
Trd, 8639493.846, 96
Trd, 8639494.312, 101
Trd, 8639494.512, 92
Trd, 8639494.579, 81
Trd, 8639494.712, 102
Trd, 8639494.879, 112
Trd, 8639495.012, 109
Trd, 8639495.612, 99
Trd, 8639495.712, 96
Trd, 8639496.646, 138
Trd, 8639496.812, 115
Trd, 8639496.946, 93
Trd, 8639497.279, 139
Trd, 8639497.879, 84
Trd, 8639497.979, 82
Trd, 8639499.479, 78
Trd, 8639500.212, 108
Trd, 8639500.312, 119
Trd, 8639501.346, 76
Trd, 8639501.379, 85
Trd, 8639502.312, 91
Trd, 8639502.346, 76
Trd, 8639502.846, 78
Trd, 8639503.046, 72
Trd, 8639503.579, 72
Trd, 8639503.679, 89
Trd, 8639504.012, 90
Trd, 8639504.646, 121
Trd, 8639505.479, 89
Trd, 8639506.412, 139
Trd, 8639506.446, 135
Trd, 8639506.479, 133
Trd, 8639506.779, 90
Trd, 8639507.246, 91
Trd, 8639507.646, 83
Trd, 8639508.279, 102
Trd, 8639509.112, 101
Trd, 8639509.146, 73
Trd, 8639509.812, 77
Trd, 8639510.046, 82
Trd, 8639510.112, 76
Trd, 8639511.146, 100
Trd, 8639511.279, 98
Trd, 8639511.612, 135
Trd, 8639512.179, 92
Trd, 8639513.146, 90
Trd, 8639513.346, 87
Trd, 8639513.612, 94
Trd, 8639514.079, 73
Trd, 8639514.946, 80
Trd, 8639516.112, 108
Trd, 8639516.246, 111
Trd, 8639516.579, 105
Trd, 8639516.979, 75
Trd, 8639517.612, 72
Trd, 8639517.946, 72
Trd, 8639518.279, 71
Trd, 8639518.412, 95
Trd, 8639518.512, 120
Trd, 8639518.646, 91
Trd, 8639519.312, 129
Trd, 8639519.646, 72
Trd, 8639520.712, 93
Trd, 8639520.979, 78
Trd, 8639521.212, 80
Trd, 8639521.279, 76
Trd, 8639521.446, 128
Trd, 8639522.146, 90
Trd, 8639522.712, 75
Trd, 8639524.346, 83
Trd, 8639524.512, 74
Trd, 8639524.846, 69
Trd, 8639525.312, 61
Trd, 8639525.579, 87
Trd, 8639526.612, 97
Trd, 8639527.012, 99
Trd, 8639527.146, 90
Trd, 8639527.379, 131
Trd, 8639528.079, 120
Trd, 8639528.112, 119
Trd, 8639528.279, 100
Trd, 8639528.779, 84
Trd, 8639529.479, 140
Trd, 8639529.812, 116
Trd, 8639530.079, 106
Trd, 8639530.346, 101
Trd, 8639531.246, 105
Trd, 8639531.412, 102
Trd, 8639532.179, 85
Trd, 8639532.712, 109
Trd, 8639533.912, 134
Trd, 8639534.579, 126
Trd, 8639535.312, 135
Trd, 8639535.812, 135
Trd, 8639535.846, 129
Trd, 8639536.246, 110
Trd, 8639536.879, 136
Trd, 8639536.912, 132
Trd, 8639537.279, 111
Trd, 8639537.879, 107
Trd, 8639538.346, 100
Trd, 8639538.612, 91
Trd, 8639538.979, 86
Trd, 8639539.046, 81
Trd, 8639539.746, 76
Trd, 8639540.012, 61
Trd, 8639540.612, 61
Trd, 8639541.246, 61
Trd, 8639541.812, 63
Trd, 8639542.312, 67
Trd, 8639542.946, 63
Trd, 8639543.512, 62
Trd, 8639543.946, 79
Trd, 8639545.012, 84
Trd, 8639545.112, 99
Trd, 8639546.212, 119
Trd, 8639546.412, 117
Trd, 8639546.512, 115
Trd, 8639546.779, 113
Trd, 8639547.079, 71
Trd, 8639547.146, 103
Trd, 8639547.212, 69
Trd, 8639547.579, 67
Trd, 8639547.979, 65
Trd, 8639548.479, 136
Trd, 8639549.246, 107
Trd, 8639549.846, 129
Trd, 8639550.179, 99
Trd, 8639550.846, 101
Trd, 8639550.979, 75
Trd, 8639551.612, 98
Trd, 8639552.146, 93
Trd, 8639552.546, 83
Trd, 8639553.046, 138
Trd, 8639553.512, 120
Trd, 8639554.579, 116
Trd, 8639554.746, 111
Trd, 8639555.212, 102
Trd, 8639555.812, 112
Trd, 8639556.546, 105
Trd, 8639557.812, 125
Trd, 8639557.979, 126
Trd, 8639558.079, 116
Trd, 8639559.012, 134
Trd, 8639559.046, 113
Trd, 8639559.612, 138
Trd, 8639559.979, 112
Trd, 8639560.146, 109
Trd, 8639560.412, 120
Trd, 8639560.646, 115
Trd, 8639561.146, 110
Trd, 8639561.946, 90
Trd, 8639562.179, 139
Trd, 8639562.612, 109
Trd, 8639563.046, 94
Trd, 8639563.546, 115
Trd, 8639563.646, 125
Trd, 8639563.779, 120
Trd, 8639563.846, 106
Trd, 8639564.212, 104
Trd, 8639564.346, 129
Trd, 8639565.646, 115
Trd, 8639565.779, 121
Trd, 8639566.412, 131
Trd, 8639567.412, 139
Trd, 8639567.446, 138
Trd, 8639567.579, 106
Trd, 8639567.746, 106
Trd, 8639568.112, 103
Trd, 8639568.179, 90
Trd, 8639568.812, 65
Trd, 8639569.146, 77
Trd, 8639569.412, 92
Trd, 8639570.679, 86
Trd, 8639570.746, 74
Trd, 8639571.779, 138
Trd, 8639571.812, 133
Trd, 8639571.846, 132
Trd, 8639572.179, 107
Trd, 8639573.112, 96
Trd, 8639573.679, 102
Trd, 8639574.112, 107
Trd, 8639574.746, 105
Trd, 8639574.812, 84
Trd, 8639575.346, 111
Trd, 8639575.746, 71
Trd, 8639576.346, 94
Trd, 8639576.512, 88
Trd, 8639576.946, 94
Trd, 8639577.646, 88
Trd, 8639578.712, 130
Trd, 8639579.346, 126
Trd, 8639579.579, 126
Trd, 8639579.879, 116
Trd, 8639581.212, 138
Trd, 8639581.512, 114
Trd, 8639581.812, 102
Trd, 8639581.979, 69
Trd, 8639582.679, 120
Trd, 8639583.079, 138
Trd, 8639583.379, 134
Trd, 8639584.179, 139
Trd, 8639584.346, 109
Trd, 8639584.579, 80
Trd, 8639584.879, 83
Trd, 8639585.012, 81
Trd, 8639585.046, 66
Trd, 8639585.412, 85
Trd, 8639586.046, 119
Trd, 8639587.812, 140
Trd, 8639587.879, 135
Trd, 8639588.546, 137
Trd, 8639588.912, 136
Trd, 8639589.379, 131
Trd, 8639589.746, 110
Trd, 8639589.979, 109
Trd, 8639590.046, 95
Trd, 8639590.512, 134
Trd, 8639591.079, 131
Trd, 8639591.679, 140
Trd, 8639591.979, 121
Trd, 8639592.146, 102
Trd, 8639592.179, 72
Trd, 8639592.679, 135
Trd, 8639593.079, 110
Trd, 8639594.079, 110
Trd, 8639595.379, 109
Trd, 8639595.446, 115
Trd, 8639595.912, 87
Trd, 8639596.546, 83
Trd, 8639597.312, 79
Trd, 8639598.012, 106
Trd, 8639598.612, 109
Trd, 8639598.679, 87
Trd, 8639598.879, 89
Trd, 8639599.179, 78
Trd, 8639599.512, 73
Trd, 8639600.279, 64
Trd, 8639601.179, 91
Trd, 8639601.379, 71
Trd, 8639601.412, 63
Trd, 8639602.346, 82
Trd, 8639602.612, 86
Trd, 8639602.979, 100
Trd, 8639603.146, 68
Trd, 8639603.579, 106
Trd, 8639604.012, 78
Trd, 8639604.546, 79
Trd, 8639605.779, 75
Trd, 8639606.246, 80
Trd, 8639606.412, 134
Trd, 8639606.679, 74
Trd, 8639606.746, 110
Trd, 8639606.946, 114
Trd, 8639607.079, 73
Trd, 8639607.579, 99
Trd, 8639608.412, 111
Trd, 8639608.512, 101
Trd, 8639608.579, 99
Trd, 8639609.046, 74
Trd, 8639609.646, 85
Trd, 8639609.846, 138
Trd, 8639609.879, 110
Trd, 8639610.879, 70
Trd, 8639612.112, 121
Trd, 8639612.346, 130
Trd, 8639613.246, 113
Trd, 8639613.646, 112
Trd, 8639614.146, 140
Trd, 8639614.312, 136
Trd, 8639614.712, 134
Trd, 8639615.412, 122
Trd, 8639616.046, 105
Trd, 8639616.146, 102
Trd, 8639616.246, 85
Trd, 8639616.412, 102
Trd, 8639616.679, 107
Trd, 8639617.812, 137
Trd, 8639618.046, 131
Trd, 8639618.079, 122
Trd, 8639618.346, 114
Trd, 8639618.412, 109
Trd, 8639619.046, 109
Trd, 8639619.579, 108
Trd, 8639620.112, 98
Trd, 8639620.379, 96
Trd, 8639620.412, 83
Trd, 8639620.646, 72
Trd, 8639622.046, 62
Trd, 8639622.479, 60
Trd, 8639622.646, 136
Trd, 8639623.346, 72
Trd, 8639624.146, 61
Trd, 8639624.512, 82
Trd, 8639624.679, 86
Trd, 8639624.979, 89
Trd, 8639625.812, 88
Trd, 8639626.146, 98
Trd, 8639626.812, 87
Trd, 8639628.146, 100
Trd, 8639628.379, 84
Trd, 8639628.512, 80
Trd, 8639628.912, 124
Trd, 8639629.412, 80
Trd, 8639629.812, 79
Trd, 8639630.079, 85
Trd, 8639630.679, 89
Trd, 8639630.779, 82
Trd, 8639630.912, 80
Trd, 8639630.946, 129
Trd, 8639631.346, 138
Trd, 8639632.679, 78
Trd, 8639633.279, 107
Trd, 8639633.412, 83
Trd, 8639633.679, 90
Trd, 8639633.946, 139
Trd, 8639634.946, 140
Trd, 8639635.579, 131
Trd, 8639635.712, 125
Trd, 8639635.779, 95
Trd, 8639636.112, 103
Trd, 8639636.612, 102
Trd, 8639637.279, 93
Trd, 8639637.512, 71
Trd, 8639637.612, 105
Trd, 8639638.112, 132
Trd, 8639638.146, 128
Trd, 8639639.212, 91
Trd, 8639639.412, 109
Trd, 8639639.879, 105
Trd, 8639641.679, 121
Trd, 8639641.912, 119
Trd, 8639642.346, 114
Trd, 8639642.679, 124
Trd, 8639642.946, 111
Trd, 8639643.912, 139
Trd, 8639644.079, 111
Trd, 8639644.346, 108
Trd, 8639644.912, 107
Trd, 8639645.346, 136
Trd, 8639646.646, 140
Trd, 8639646.846, 139
Trd, 8639646.979, 130
Trd, 8639647.079, 121
Trd, 8639647.912, 111
Trd, 8639648.012, 109
Trd, 8639648.246, 87
Trd, 8639649.079, 68
Trd, 8639649.379, 67
Trd, 8639649.412, 98
Trd, 8639649.912, 128
Trd, 8639650.012, 101
Trd, 8639650.779, 85
Trd, 8639651.379, 134
Trd, 8639651.779, 122
Trd, 8639651.879, 101
Trd, 8639652.046, 100
Trd, 8639652.146, 69
Trd, 8639653.179, 140
Trd, 8639653.212, 129
Trd, 8639653.812, 114
Trd, 8639654.446, 110
Trd, 8639654.912, 110
Trd, 8639655.179, 95
Trd, 8639656.012, 68
Trd, 8639656.479, 77
Trd, 8639656.712, 69
Trd, 8639657.212, 93
Trd, 8639657.379, 80
Trd, 8639658.446, 100
Trd, 8639658.612, 84
Trd, 8639658.812, 100
Trd, 8639658.912, 81
Trd, 8639659.212, 74
Trd, 8639659.712, 72
Trd, 8639660.012, 74
Trd, 8639661.212, 69
Trd, 8639661.412, 140
Trd, 8639662.112, 97
Trd, 8639662.779, 95
Trd, 8639662.946, 87
Trd, 8639663.746, 139
Trd, 8639663.812, 115
Trd, 8639664.912, 98
Trd, 8639665.679, 104
Trd, 8639666.112, 102
Trd, 8639666.846, 87
Trd, 8639667.212, 89
Trd, 8639667.779, 110
Trd, 8639667.979, 92
Trd, 8639668.379, 95
Trd, 8639668.712, 100
Trd, 8639668.812, 86
Trd, 8639668.879, 116
Trd, 8639669.012, 118
Trd, 8639670.079, 86
Trd, 8639670.546, 108
Trd, 8639670.646, 121
Trd, 8639670.812, 79
Trd, 8639671.212, 75
Trd, 8639671.812, 62
Trd, 8639672.646, 84
Trd, 8639673.046, 61
Trd, 8639673.579, 68
Trd, 8639673.812, 72
Trd, 8639674.046, 76
Trd, 8639674.579, 84
Trd, 8639675.379, 118
Trd, 8639676.379, 112
Trd, 8639676.446, 111
Trd, 8639676.979, 108
Trd, 8639678.146, 103
Trd, 8639678.346, 118
Trd, 8639678.779, 97
Trd, 8639678.812, 94
Trd, 8639679.012, 103
Trd, 8639679.412, 123
Trd, 8639680.312, 138
Trd, 8639681.012, 135
Trd, 8639681.279, 131
Trd, 8639682.346, 138
Trd, 8639682.779, 140
Trd, 8639683.046, 112
Trd, 8639683.079, 97
Trd, 8639684.079, 113
Trd, 8639684.312, 103
Trd, 8639684.346, 97
Trd, 8639684.379, 127
Trd, 8639684.446, 84
Trd, 8639684.912, 69
Trd, 8639685.379, 68
Trd, 8639685.879, 61
Trd, 8639687.112, 103
Trd, 8639687.379, 83
Trd, 8639687.646, 131
Trd, 8639687.712, 126
Trd, 8639689.112, 89
Trd, 8639689.279, 82
Trd, 8639689.479, 89
Trd, 8639689.612, 82
Trd, 8639689.712, 97
Trd, 8639690.446, 85
Trd, 8639690.479, 80
Trd, 8639690.712, 100
Trd, 8639690.979, 79
Trd, 8639691.479, 136
Trd, 8639691.812, 104
Trd, 8639691.946, 125
Trd, 8639692.479, 127
Trd, 8639693.646, 123
Trd, 8639694.179, 140
Trd, 8639694.346, 117
Trd, 8639694.779, 122
Trd, 8639694.879, 137
Trd, 8639695.079, 97
Trd, 8639695.612, 96
Trd, 8639695.746, 102
Trd, 8639696.479, 101
Trd, 8639696.779, 126
Trd, 8639697.579, 111
Trd, 8639697.812, 138
Trd, 8639698.579, 125
Trd, 8639698.946, 101
Trd, 8639699.779, 97
Trd, 8639700.179, 85
Trd, 8639700.846, 68
Trd, 8639701.046, 88
Trd, 8639701.612, 69
Trd, 8639702.246, 67
Trd, 8639703.046, 97
Trd, 8639703.146, 121
Trd, 8639703.312, 68
Trd, 8639703.779, 77
Trd, 8639704.312, 72
Trd, 8639704.512, 80
Trd, 8639704.546, 85
Trd, 8639704.712, 79
Trd, 8639704.979, 79
Trd, 8639705.112, 102
Trd, 8639705.279, 113
Trd, 8639706.679, 85
Trd, 8639706.979, 96
Trd, 8639707.079, 111
Trd, 8639707.546, 117
Trd, 8639708.046, 115
Trd, 8639708.779, 73
Trd, 8639708.879, 79
Trd, 8639709.312, 67
Trd, 8639709.812, 73
Trd, 8639709.946, 67
Trd, 8639711.246, 105
Trd, 8639711.312, 104
Trd, 8639711.412, 91
Trd, 8639711.512, 73
Trd, 8639712.046, 82
Trd, 8639712.446, 91
Trd, 8639713.279, 115
Trd, 8639713.612, 107
Trd, 8639713.746, 106
Trd, 8639713.879, 98
Trd, 8639714.179, 95
Trd, 8639714.312, 101
Trd, 8639714.746, 99
Trd, 8639715.746, 105
Trd, 8639716.779, 89
Trd, 8639717.079, 92
Trd, 8639717.146, 69
Trd, 8639717.779, 68
Trd, 8639718.546, 60
Trd, 8639719.812, 82
Trd, 8639720.346, 137
Trd, 8639720.546, 134
Trd, 8639720.646, 115
Trd, 8639720.779, 110
Trd, 8639721.312, 139
Trd, 8639721.679, 108
Trd, 8639722.146, 111
Trd, 8639722.346, 107
Trd, 8639722.779, 109
Trd, 8639723.446, 102
Trd, 8639724.779, 94
Trd, 8639725.179, 112
Trd, 8639725.512, 79
Trd, 8639725.679, 77
Trd, 8639725.746, 70
Trd, 8639726.212, 87
Trd, 8639726.346, 106
Trd, 8639726.979, 108
Trd, 8639727.146, 107
Trd, 8639727.379, 138
Trd, 8639728.312, 105
Trd, 8639729.012, 98
Trd, 8639729.579, 99
Trd, 8639729.779, 117
Trd, 8639729.846, 102
Trd, 8639730.712, 98
Trd, 8639730.779, 88
Trd, 8639730.879, 124
Trd, 8639731.246, 73
Trd, 8639731.379, 68
Trd, 8639731.579, 88
Trd, 8639732.779, 86
Trd, 8639732.946, 125
Trd, 8639733.312, 125
Trd, 8639733.812, 75
Trd, 8639735.146, 64
Trd, 8639735.479, 71
Trd, 8639735.946, 60
Trd, 8639736.812, 65
Trd, 8639737.312, 72
Trd, 8639737.479, 91
Trd, 8639737.746, 79
Trd, 8639738.246, 106
Trd, 8639738.679, 139
Trd, 8639738.812, 133
Trd, 8639739.179, 122
Trd, 8639739.346, 109
Trd, 8639739.712, 109
Trd, 8639740.246, 130
Trd, 8639740.412, 109
Trd, 8639741.479, 123
Trd, 8639742.146, 119
Trd, 8639742.212, 115
Trd, 8639742.312, 115
Trd, 8639742.346, 106
Trd, 8639742.446, 96
Trd, 8639743.346, 127
Trd, 8639743.612, 111
Trd, 8639744.446, 105
Trd, 8639744.646, 138
Trd, 8639744.712, 97
Trd, 8639745.479, 140
Trd, 8639745.579, 136
Trd, 8639746.046, 134
Trd, 8639746.446, 132
Trd, 8639746.512, 111
Trd, 8639746.879, 137
Trd, 8639747.812, 101
Trd, 8639747.979, 83
Trd, 8639748.912, 81
Trd, 8639749.012, 79
Trd, 8639749.946, 109
Trd, 8639750.346, 111
Trd, 8639750.479, 132
Trd, 8639751.412, 130
Trd, 8639751.579, 108
Trd, 8639752.612, 104
Trd, 8639752.846, 99
Trd, 8639752.979, 95
Trd, 8639753.212, 83
Trd, 8639754.046, 79
Trd, 8639754.512, 116
Trd, 8639754.712, 78
Trd, 8639755.179, 88
Trd, 8639755.312, 90
Trd, 8639755.346, 79
Trd, 8639755.479, 131
Trd, 8639755.579, 87
Trd, 8639756.212, 96
Trd, 8639756.679, 83
Trd, 8639757.379, 131
Trd, 8639758.312, 115
Trd, 8639758.946, 134
Trd, 8639759.346, 123
Trd, 8639759.546, 140
Trd, 8639760.146, 139
Trd, 8639760.212, 135
Trd, 8639760.312, 133
Trd, 8639761.112, 115
Trd, 8639761.346, 115
Trd, 8639761.479, 115
Trd, 8639761.912, 104
Trd, 8639762.112, 95
Trd, 8639763.246, 82
Trd, 8639763.646, 79
Trd, 8639764.212, 140
Trd, 8639765.212, 123
Trd, 8639765.279, 103
Trd, 8639765.346, 103
Trd, 8639765.446, 108
Trd, 8639765.546, 130
Trd, 8639765.712, 108
Trd, 8639766.612, 134
Trd, 8639767.012, 125
Trd, 8639768.846, 138
Trd, 8639768.979, 133
Trd, 8639769.179, 118
Trd, 8639769.212, 113
Trd, 8639769.479, 118
Trd, 8639770.012, 112
Trd, 8639770.112, 111
Trd, 8639770.446, 110
Trd, 8639770.812, 104
Trd, 8639770.846, 101
Trd, 8639771.146, 100
Trd, 8639772.212, 110
Trd, 8639772.446, 139
Trd, 8639773.146, 92
Trd, 8639774.179, 91
Trd, 8639774.246, 103
Trd, 8639774.712, 140
Trd, 8639774.812, 113
Trd, 8639775.212, 91
Trd, 8639776.046, 108
Trd, 8639776.246, 138
Trd, 8639776.846, 95
Trd, 8639777.879, 102
Trd, 8639777.946, 93
Trd, 8639778.512, 84
Trd, 8639778.746, 96
Trd, 8639779.512, 69
Trd, 8639779.612, 74
Trd, 8639779.879, 86
Trd, 8639781.012, 72
Trd, 8639781.379, 70
Trd, 8639781.512, 77
Trd, 8639781.546, 87
Trd, 8639782.112, 101
Trd, 8639782.612, 68
Trd, 8639782.879, 72
Trd, 8639783.512, 67
Trd, 8639783.846, 96
Trd, 8639784.012, 136
Trd, 8639784.946, 72
Trd, 8639785.412, 85
Trd, 8639785.479, 89
Trd, 8639786.279, 109
Trd, 8639786.346, 100
Trd, 8639786.546, 99
Trd, 8639786.679, 86
Trd, 8639788.479, 108
Trd, 8639788.646, 90
Trd, 8639788.979, 116
Trd, 8639789.446, 76
Trd, 8639789.646, 118
Trd, 8639790.079, 118
Trd, 8639790.446, 110
Trd, 8639791.179, 137
Trd, 8639791.512, 104
Trd, 8639791.679, 92
Trd, 8639791.746, 91
Trd, 8639792.112, 110
Trd, 8639792.312, 105
Trd, 8639793.846, 112
Trd, 8639793.946, 87
Trd, 8639794.179, 120
Trd, 8639794.479, 98
Trd, 8639794.812, 71
Trd, 8639795.946, 105
Trd, 8639796.312, 103
Trd, 8639797.146, 77
Trd, 8639797.879, 99
Trd, 8639798.312, 106
Trd, 8639798.412, 77
Trd, 8639799.079, 123
Trd, 8639799.179, 103
Trd, 8639800.546, 131
Trd, 8639801.512, 79
Trd, 8639801.646, 86
Trd, 8639801.812, 94
Trd, 8639802.179, 89
Trd, 8639803.046, 85
Trd, 8639803.146, 90
Trd, 8639803.712, 140
Trd, 8639804.379, 98
Trd, 8639805.346, 90
Trd, 8639805.612, 99
Trd, 8639805.879, 87
Trd, 8639806.146, 88
Trd, 8639806.179, 98
Trd, 8639806.412, 130
Trd, 8639807.379, 116
Trd, 8639808.112, 106
Trd, 8639808.712, 120
Trd, 8639809.246, 102
Trd, 8639809.546, 93
Trd, 8639810.279, 82
Trd, 8639810.879, 83
Trd, 8639811.746, 97
Trd, 8639811.779, 106
Trd, 8639812.646, 100
Trd, 8639813.312, 101
Trd, 8639813.712, 130
Trd, 8639813.746, 124
Trd, 8639814.012, 98
Trd, 8639814.812, 91
Trd, 8639814.946, 83
Trd, 8639814.979, 76
Trd, 8639816.012, 140
Trd, 8639816.979, 131
Trd, 8639817.579, 126
Trd, 8639817.712, 124
Trd, 8639818.846, 119
Trd, 8639818.946, 117
Trd, 8639819.012, 107
Trd, 8639819.279, 104
Trd, 8639819.379, 99
Trd, 8639820.012, 83
Trd, 8639820.679, 82
Trd, 8639821.079, 139
Trd, 8639821.146, 134
Trd, 8639822.146, 115
Trd, 8639822.579, 124
Trd, 8639822.779, 109
Trd, 8639823.512, 92
Trd, 8639824.346, 94
Trd, 8639824.646, 96
Trd, 8639825.779, 105
Trd, 8639825.846, 101
Trd, 8639826.046, 104
Trd, 8639826.212, 90
Trd, 8639826.546, 92
Trd, 8639826.646, 86
Trd, 8639827.412, 118
Trd, 8639827.679, 81
Trd, 8639827.979, 135
Trd, 8639828.646, 122
Trd, 8639829.146, 105
Trd, 8639829.379, 93
Trd, 8639829.646, 139
Trd, 8639829.679, 93
Trd, 8639830.812, 124
Trd, 8639831.246, 124
Trd, 8639831.746, 118
Trd, 8639831.779, 114
Trd, 8639832.046, 106
Trd, 8639832.546, 135
Trd, 8639834.046, 140
Trd, 8639834.146, 139
Trd, 8639834.479, 119
Trd, 8639836.012, 110
Trd, 8639836.446, 107
Trd, 8639836.512, 105
Trd, 8639837.112, 106
Trd, 8639837.179, 105
Trd, 8639837.446, 100
Trd, 8639837.646, 135
Trd, 8639838.446, 61
Trd, 8639838.912, 99
Trd, 8639839.646, 67
Trd, 8639840.846, 74
Trd, 8639840.979, 87
Trd, 8639841.012, 68
Trd, 8639841.146, 88
Trd, 8639841.412, 99
Trd, 8639841.879, 140
Trd, 8639841.946, 95
Trd, 8639842.546, 137
Trd, 8639842.646, 104
Trd, 8639843.546, 115
Trd, 8639843.912, 111
Trd, 8639844.212, 132
Trd, 8639844.579, 138
Trd, 8639844.979, 133
Trd, 8639845.579, 125
Trd, 8639846.246, 110
Trd, 8639846.712, 111
Trd, 8639847.046, 134
Trd, 8639847.246, 90
Trd, 8639847.546, 84
Trd, 8639848.146, 94
Trd, 8639849.512, 118
Trd, 8639849.712, 127
Trd, 8639849.846, 131
Trd, 8639850.679, 87
Trd, 8639851.079, 88
Trd, 8639851.112, 86
Trd, 8639851.546, 72
Trd, 8639852.079, 68
Trd, 8639852.346, 91
Trd, 8639852.379, 106
Trd, 8639852.846, 137
Trd, 8639853.212, 73
Trd, 8639854.046, 133
Trd, 8639854.812, 71
Trd, 8639855.846, 139
Trd, 8639856.146, 94
Trd, 8639856.212, 115
Trd, 8639856.479, 90
Trd, 8639856.546, 76
Trd, 8639856.812, 90
Trd, 8639857.579, 97
Trd, 8639857.979, 104
Trd, 8639858.846, 86
Trd, 8639859.246, 127
Trd, 8639859.579, 125
Trd, 8639859.712, 123
Trd, 8639860.146, 123
Trd, 8639860.179, 115
Trd, 8639860.279, 114
Trd, 8639860.312, 112
Trd, 8639861.679, 120
Trd, 8639861.946, 112
Trd, 8639862.579, 120
Trd, 8639863.612, 119
Trd, 8639863.912, 119
Trd, 8639864.779, 139
Trd, 8639864.846, 115
Trd, 8639864.912, 114
Trd, 8639865.446, 124
Trd, 8639865.846, 138
Trd, 8639866.046, 106
Trd, 8639866.912, 99
Trd, 8639868.046, 134
Trd, 8639868.279, 133
Trd, 8639868.312, 105
Trd, 8639868.412, 102
Trd, 8639868.446, 101
Trd, 8639868.846, 138
Trd, 8639868.979, 119
Trd, 8639870.579, 140
Trd, 8639871.946, 127
Trd, 8639872.112, 123
Trd, 8639872.479, 122
Trd, 8639872.846, 118
Trd, 8639872.979, 121
Trd, 8639873.079, 113
Trd, 8639873.579, 102
Trd, 8639874.312, 137
Trd, 8639874.779, 131
Trd, 8639875.179, 123
Trd, 8639875.579, 108
Trd, 8639875.812, 105
Trd, 8639875.946, 131
Trd, 8639876.446, 139
Trd, 8639877.379, 137
Trd, 8639877.912, 114
Trd, 8639878.146, 140
Trd, 8639878.846, 111
Trd, 8639879.546, 130
Trd, 8639879.812, 125
Trd, 8639880.412, 108
Trd, 8639880.879, 92
Trd, 8639881.046, 90
Trd, 8639881.812, 87
Trd, 8639882.112, 81
Trd, 8639882.879, 118
Trd, 8639883.046, 96
Trd, 8639883.246, 140
Trd, 8639884.046, 122
Trd, 8639884.079, 108
Trd, 8639884.846, 134
Trd, 8639885.079, 140
Trd, 8639885.346, 130
Trd, 8639885.846, 120
Trd, 8639886.379, 79
Trd, 8639886.679, 97
Trd, 8639887.546, 72
Trd, 8639887.712, 89
Trd, 8639888.046, 136
Trd, 8639888.146, 128
Trd, 8639889.512, 77
Trd, 8639889.712, 123
Trd, 8639890.112, 89
Trd, 8639890.879, 126
Trd, 8639891.012, 107
Trd, 8639891.079, 100
Trd, 8639892.512, 133
Trd, 8639892.879, 135
Trd, 8639893.279, 125
Trd, 8639893.379, 121
Trd, 8639894.046, 129
Trd, 8639894.412, 125
Trd, 8639894.479, 123
Trd, 8639895.146, 105
Trd, 8639895.912, 138
Trd, 8639896.112, 134
Trd, 8639896.312, 114
Trd, 8639896.679, 81
Trd, 8639897.046, 86
Trd, 8639898.212, 127
Trd, 8639898.279, 120
Trd, 8639898.312, 107
Trd, 8639898.346, 100
Trd, 8639899.779, 135
Trd, 8639900.246, 139
Trd, 8639900.779, 104
Trd, 8639901.079, 106
Trd, 8639901.612, 116
Trd, 8639901.812, 104
Trd, 8639902.312, 129
Trd, 8639902.479, 107
Trd, 8639902.612, 105
Trd, 8639902.946, 101
Trd, 8639903.812, 106
Trd, 8639903.912, 98
Trd, 8639904.046, 105
Trd, 8639904.546, 110
Trd, 8639904.746, 85
Trd, 8639905.112, 71
Trd, 8639906.779, 86
Trd, 8639907.146, 71
Trd, 8639907.312, 73
Trd, 8639907.779, 76
Trd, 8639908.379, 108
Trd, 8639908.479, 99
Trd, 8639910.346, 79
Trd, 8639910.512, 78
Trd, 8639910.712, 73
Trd, 8639911.279, 86
Trd, 8639911.946, 72
Trd, 8639912.246, 88
Trd, 8639912.546, 84
Trd, 8639913.012, 136
Trd, 8639913.679, 139
Trd, 8639914.012, 131
Trd, 8639914.079, 113
Trd, 8639915.079, 111
Trd, 8639915.146, 99
Trd, 8639915.712, 99
Trd, 8639916.179, 98
Trd, 8639916.379, 106
Trd, 8639917.746, 99
Trd, 8639917.779, 89
Trd, 8639918.446, 80
Trd, 8639918.479, 103
Trd, 8639918.979, 138
Trd, 8639919.079, 129
Trd, 8639919.212, 130
Trd, 8639919.346, 106
Trd, 8639919.779, 100
Trd, 8639920.346, 63
Trd, 8639921.112, 106
Trd, 8639921.579, 81
Trd, 8639922.412, 89
Trd, 8639922.446, 84
Trd, 8639923.546, 100
Trd, 8639923.612, 109
Trd, 8639924.246, 77
Trd, 8639924.712, 120
Trd, 8639924.946, 137
Trd, 8639925.112, 93
Trd, 8639925.246, 74
Trd, 8639926.412, 82
Trd, 8639926.846, 134
Trd, 8639927.179, 107
Trd, 8639927.312, 84
Trd, 8639927.912, 98
Trd, 8639928.612, 89
Trd, 8639929.079, 84
Trd, 8639929.146, 83
Trd, 8639929.212, 106
Trd, 8639929.912, 122
Trd, 8639930.512, 118
Trd, 8639930.646, 95
Trd, 8639931.146, 117
Trd, 8639931.279, 92
Trd, 8639931.512, 121
Trd, 8639931.646, 116
Trd, 8639932.246, 131
Trd, 8639932.312, 131
Trd, 8639932.412, 127
Trd, 8639933.646, 137
Trd, 8639933.879, 138
Trd, 8639934.412, 107
Trd, 8639934.546, 110
Trd, 8639935.112, 81
Trd, 8639935.146, 64
Trd, 8639936.979, 94
Trd, 8639937.446, 87
Trd, 8639937.546, 90
Trd, 8639937.746, 122
Trd, 8639937.946, 119
Trd, 8639939.312, 138
Trd, 8639939.746, 138
Trd, 8639939.779, 136
Trd, 8639939.946, 135
Trd, 8639940.946, 137
Trd, 8639941.212, 128
Trd, 8639941.379, 118
Trd, 8639941.679, 108
Trd, 8639941.846, 81
Trd, 8639941.979, 79
Trd, 8639942.979, 115
Trd, 8639943.179, 123
Trd, 8639943.279, 130
Trd, 8639943.546, 110
Trd, 8639944.812, 134
Trd, 8639945.246, 136
Trd, 8639945.312, 132
Trd, 8639945.446, 117
Trd, 8639946.879, 104
Trd, 8639947.179, 103
Trd, 8639947.412, 138
Trd, 8639947.512, 86
Trd, 8639948.012, 121
Trd, 8639948.379, 126
Trd, 8639948.879, 95
Trd, 8639949.046, 78
Trd, 8639949.179, 84
Trd, 8639949.479, 103
Trd, 8639950.079, 103
Trd, 8639950.312, 76
Trd, 8639950.579, 115
Trd, 8639952.179, 99
Trd, 8639952.212, 102
Trd, 8639952.279, 98
Trd, 8639952.346, 76
Trd, 8639952.479, 75
Trd, 8639952.712, 79
Trd, 8639953.312, 103
Trd, 8639953.879, 137
Trd, 8639955.012, 96
Trd, 8639956.412, 108
Trd, 8639956.812, 140
Trd, 8639957.212, 129
Trd, 8639957.446, 140
Trd, 8639957.846, 101
Trd, 8639958.246, 117
Trd, 8639958.346, 100
Trd, 8639958.412, 99
Trd, 8639960.346, 124
Trd, 8639960.879, 97
Trd, 8639961.012, 108
Trd, 8639961.546, 128
Trd, 8639961.846, 117
Trd, 8639962.279, 100
Trd, 8639962.379, 98
Trd, 8639962.579, 140
Trd, 8639964.112, 101
Trd, 8639964.412, 88
Trd, 8639965.512, 103
Trd, 8639965.912, 122
Trd, 8639965.979, 103
Trd, 8639966.979, 112
Trd, 8639967.812, 140
Trd, 8639968.079, 113
Trd, 8639968.112, 110
Trd, 8639968.246, 133
Trd, 8639968.546, 140
Trd, 8639968.779, 136
Trd, 8639969.012, 107
Trd, 8639969.512, 132
Trd, 8639970.479, 111
Trd, 8639970.679, 108
Trd, 8639971.246, 105
Trd, 8639971.379, 104
Trd, 8639972.146, 93
Trd, 8639972.379, 89
Trd, 8639972.746, 86
Trd, 8639972.979, 127
Trd, 8639973.646, 126
Trd, 8639973.846, 138
Trd, 8639973.879, 120
Trd, 8639974.079, 127
Trd, 8639974.412, 105
Trd, 8639974.579, 103
Trd, 8639975.146, 129
Trd, 8639975.779, 100
Trd, 8639976.379, 97
Trd, 8639977.079, 103
Trd, 8639978.246, 124
Trd, 8639978.612, 135
Trd, 8639978.812, 109
Trd, 8639980.046, 119
Trd, 8639980.112, 117
Trd, 8639980.212, 109
Trd, 8639980.679, 120
Trd, 8639981.346, 115
Trd, 8639981.546, 107
Trd, 8639982.046, 103
Trd, 8639982.412, 96
Trd, 8639982.579, 91
Trd, 8639983.679, 96
Trd, 8639983.779, 131
Trd, 8639984.112, 103
Trd, 8639985.079, 128
Trd, 8639985.212, 89
Trd, 8639985.679, 132
Trd, 8639985.879, 121
Trd, 8639986.412, 118
Trd, 8639986.479, 112
Trd, 8639986.712, 90
Trd, 8639987.779, 121
Trd, 8639988.446, 134
Trd, 8639988.579, 130
Trd, 8639989.112, 128
Trd, 8639989.212, 133
Trd, 8639989.412, 124
Trd, 8639989.946, 111
Trd, 8639990.312, 108
Trd, 8639990.579, 107
Trd, 8639991.312, 132
Trd, 8639991.712, 127
Trd, 8639991.746, 124
Trd, 8639992.412, 124
Trd, 8639992.446, 119
Trd, 8639993.479, 106
Trd, 8639994.046, 103
Trd, 8639994.112, 92
Trd, 8639994.546, 139
Trd, 8639995.246, 139
Trd, 8639995.412, 134
Trd, 8639995.746, 109
Trd, 8639996.446, 95
Trd, 8639996.846, 64
Trd, 8639997.846, 67
Trd, 8639998.112, 77
Trd, 8639998.412, 69
Trd, 8639999.246, 85
Trd, 8639999.446, 97
