Trd, 8638793.879, 60
Trd, 8638794.079, 60
Trd, 8638794.312, 60
Trd, 8638795.379, 63
Trd, 8638795.479, 64
Trd, 8638796.146, 60
Trd, 8638796.579, 60
Trd, 8638796.679, 65
Trd, 8638796.846, 62
Trd, 8638796.879, 66
Trd, 8638797.412, 61
Trd, 8638798.212, 61
Trd, 8638798.646, 62
Trd, 8638798.912, 60
Trd, 8638799.212, 61
Trd, 8638799.279, 64
Trd, 8638799.446, 64
Trd, 8638799.779, 66
Trd, 8638800.546, 60
Trd, 8638800.912, 60
Trd, 8638801.612, 62
Trd, 8638802.246, 61
Trd, 8638802.546, 63
Trd, 8638803.679, 60
Trd, 8638803.746, 62
Trd, 8638804.146, 63
Trd, 8638804.346, 64
Trd, 8638804.579, 65
Trd, 8638804.746, 61
Trd, 8638804.779, 66
Trd, 8638805.146, 60
Trd, 8638805.879, 70
Trd, 8638805.946, 70
Trd, 8638806.279, 73
Trd, 8638807.812, 60
Trd, 8638808.546, 60
Trd, 8638808.646, 60
Trd, 8638808.879, 63
Trd, 8638808.912, 64
Trd, 8638809.246, 63
Trd, 8638809.446, 64
Trd, 8638809.612, 60
Trd, 8638810.046, 65
Trd, 8638810.746, 60
Trd, 8638811.846, 60
Trd, 8638812.212, 61
Trd, 8638813.379, 60
Trd, 8638813.512, 61
Trd, 8638814.212, 61
Trd, 8638814.446, 62
Trd, 8638814.612, 61
Trd, 8638814.946, 62
Trd, 8638815.046, 62
Trd, 8638815.779, 62
Trd, 8638815.879, 62
Trd, 8638816.112, 64
Trd, 8638816.212, 61
Trd, 8638816.379, 66
Trd, 8638816.412, 70
Trd, 8638817.479, 69
Trd, 8638817.746, 63
Trd, 8638818.146, 68
Trd, 8638818.279, 68
Trd, 8638818.746, 67
Trd, 8638818.846, 69
Trd, 8638819.079, 62
Trd, 8638819.346, 70
Trd, 8638819.579, 73
Trd, 8638819.879, 62
Trd, 8638820.579, 64
Trd, 8638820.679, 67
Trd, 8638820.779, 72
Trd, 8638821.446, 69
Trd, 8638822.046, 65
Trd, 8638822.679, 66
Trd, 8638823.346, 65
Trd, 8638824.279, 61
Trd, 8638825.079, 61
Trd, 8638825.179, 60
Trd, 8638825.279, 62
Trd, 8638826.279, 60
Trd, 8638826.812, 60
Trd, 8638827.079, 60
Trd, 8638827.312, 62
Trd, 8638827.612, 63
Trd, 8638828.346, 61
Trd, 8638828.379, 63
Trd, 8638828.746, 60
Trd, 8638829.046, 62
Trd, 8638829.112, 61
Trd, 8638829.412, 61
Trd, 8638829.612, 63
Trd, 8638830.246, 62
Trd, 8638831.112, 60
Trd, 8638831.179, 63
Trd, 8638831.446, 62
Trd, 8638832.179, 62
Trd, 8638832.512, 64
Trd, 8638832.946, 65
Trd, 8638834.379, 60
Trd, 8638834.446, 60
Trd, 8638834.912, 60
Trd, 8638835.312, 60
Trd, 8638837.346, 60
Trd, 8638837.646, 60
Trd, 8638837.812, 60
Trd, 8638837.979, 61
Trd, 8638838.246, 61
Trd, 8638838.812, 61
Trd, 8638839.079, 60
Trd, 8638839.212, 62
Trd, 8638839.846, 61
Trd, 8638840.046, 62
Trd, 8638840.112, 63
Trd, 8638840.246, 64
Trd, 8638840.546, 70
Trd, 8638841.546, 63
Trd, 8638841.846, 63
Trd, 8638841.912, 69
Trd, 8638842.179, 69
Trd, 8638842.279, 62
Trd, 8638842.446, 70
Trd, 8638842.946, 62
Trd, 8638844.012, 62
Trd, 8638844.612, 63
Trd, 8638844.946, 62
Trd, 8638845.346, 60
Trd, 8638845.379, 61
Trd, 8638845.446, 61
Trd, 8638845.646, 62
Trd, 8638846.112, 63
Trd, 8638846.479, 80
Trd, 8638847.212, 137
Trd, 8638847.712, 64
Trd, 8638848.112, 69
Trd, 8638848.579, 134
Trd, 8638849.012, 69
Trd, 8638849.312, 68
Trd, 8638849.612, 60
Trd, 8638850.712, 140
Trd, 8638851.679, 140
Trd, 8638852.079, 140
Trd, 8638853.279, 140
Trd, 8638853.312, 140
Trd, 8638854.412, 140
Trd, 8638854.479, 140
Trd, 8638854.546, 139
Trd, 8638855.046, 139
Trd, 8638855.479, 140
Trd, 8638855.579, 140
Trd, 8638856.046, 139
Trd, 8638856.712, 140
Trd, 8638856.812, 139
Trd, 8638856.979, 139
Trd, 8638857.146, 138
Trd, 8638857.479, 135
Trd, 8638857.846, 140
Trd, 8638858.612, 140
Trd, 8638859.279, 139
Trd, 8638860.212, 140
Trd, 8638860.646, 140
Trd, 8638860.679, 140
Trd, 8638861.912, 140
Trd, 8638862.146, 139
Trd, 8638862.446, 140
Trd, 8638862.679, 140
Trd, 8638863.546, 140
Trd, 8638863.912, 140
Trd, 8638864.346, 140
Trd, 8638865.246, 140
Trd, 8638865.446, 138
Trd, 8638865.812, 140
Trd, 8638866.512, 140
Trd, 8638866.612, 140
Trd, 8638867.812, 140
Trd, 8638868.612, 140
Trd, 8638868.846, 140
Trd, 8638868.879, 139
Trd, 8638868.912, 136
Trd, 8638869.279, 140
Trd, 8638869.512, 140
Trd, 8638869.912, 140
Trd, 8638870.346, 140
Trd, 8638871.179, 140
Trd, 8638871.712, 139
Trd, 8638873.179, 140
Trd, 8638873.446, 140
Trd, 8638873.912, 140
Trd, 8638874.146, 140
Trd, 8638874.379, 140
Trd, 8638874.579, 140
Trd, 8638874.679, 140
Trd, 8638875.146, 139
Trd, 8638875.479, 138
Trd, 8638875.512, 114
Trd, 8638876.879, 140
Trd, 8638877.146, 139
Trd, 8638877.312, 138
Trd, 8638877.879, 140
Trd, 8638878.379, 140
Trd, 8638879.079, 140
Trd, 8638879.379, 140
Trd, 8638879.612, 140
Trd, 8638880.179, 140
Trd, 8638880.912, 135
Trd, 8638881.212, 140
Trd, 8638881.479, 126
Trd, 8638881.846, 90
Trd, 8638882.412, 62
Trd, 8638882.779, 60
Trd, 8638882.979, 62
Trd, 8638883.146, 64
Trd, 8638884.012, 60
Trd, 8638884.979, 62
Trd, 8638885.346, 63
Trd, 8638885.579, 68
Trd, 8638885.712, 62
Trd, 8638886.379, 140
Trd, 8638886.412, 139
Trd, 8638886.779, 63
Trd, 8638887.112, 98
Trd, 8638887.312, 66
Trd, 8638888.312, 140
Trd, 8638888.446, 66
Trd, 8638889.146, 61
Trd, 8638889.846, 66
Trd, 8638889.979, 63
Trd, 8638890.212, 66
Trd, 8638890.312, 67
Trd, 8638890.379, 68
Trd, 8638890.446, 67
Trd, 8638891.212, 60
Trd, 8638891.279, 61
Trd, 8638892.212, 62
Trd, 8638892.512, 64
Trd, 8638892.646, 60
Trd, 8638893.012, 63
Trd, 8638893.279, 64
Trd, 8638893.446, 64
Trd, 8638894.146, 103
Trd, 8638895.346, 140
Trd, 8638895.746, 140
Trd, 8638896.312, 140
Trd, 8638896.379, 138
Trd, 8638897.246, 132
Trd, 8638897.746, 140
Trd, 8638898.279, 140
Trd, 8638899.279, 140
Trd, 8638899.646, 140
Trd, 8638900.279, 140
Trd, 8638900.312, 140
Trd, 8638900.446, 139
Trd, 8638901.079, 138
Trd, 8638902.179, 140
Trd, 8638902.479, 140
Trd, 8638903.112, 140
Trd, 8638903.479, 140
Trd, 8638903.646, 140
Trd, 8638904.312, 140
Trd, 8638904.512, 140
Trd, 8638904.746, 139
Trd, 8638905.012, 138
Trd, 8638905.079, 130
Trd, 8638905.412, 140
Trd, 8638905.846, 139
Trd, 8638906.446, 68
Trd, 8638906.479, 69
Trd, 8638906.779, 70
Trd, 8638907.279, 63
Trd, 8638907.379, 71
Trd, 8638910.412, 60
Trd, 8638910.446, 60
Trd, 8638910.479, 60
Trd, 8638910.946, 60
Trd, 8638911.179, 61
Trd, 8638912.079, 60
Trd, 8638912.879, 60
Trd, 8638913.312, 62
Trd, 8638913.479, 63
Trd, 8638913.579, 60
Trd, 8638913.679, 63
Trd, 8638914.179, 60
Trd, 8638914.246, 60
Trd, 8638914.846, 60
Trd, 8638915.212, 61
Trd, 8638915.279, 65
Trd, 8638916.946, 61
Trd, 8638917.212, 60
Trd, 8638917.279, 60
Trd, 8638918.179, 63
Trd, 8638918.379, 63
Trd, 8638918.612, 63
Trd, 8638919.779, 60
Trd, 8638919.812, 60
Trd, 8638919.879, 61
Trd, 8638920.012, 63
Trd, 8638920.179, 66
Trd, 8638921.179, 60
Trd, 8638921.679, 60
Trd, 8638921.846, 61
Trd, 8638921.912, 67
Trd, 8638922.079, 79
Trd, 8638922.412, 62
Trd, 8638923.679, 62
Trd, 8638923.912, 63
Trd, 8638924.412, 61
Trd, 8638924.712, 62
Trd, 8638924.746, 63
Trd, 8638925.212, 62
Trd, 8638925.679, 61
Trd, 8638925.946, 62
Trd, 8638926.046, 63
Trd, 8638926.079, 64
Trd, 8638926.412, 69
Trd, 8638927.212, 61
Trd, 8638927.379, 140
Trd, 8638927.679, 140
Trd, 8638928.179, 140
Trd, 8638928.479, 118
Trd, 8638928.979, 60
Trd, 8638929.246, 63
Trd, 8638929.846, 60
Trd, 8638930.112, 60
Trd, 8638930.379, 60
Trd, 8638930.446, 61
Trd, 8638930.679, 62
Trd, 8638930.879, 62
Trd, 8638932.046, 140
Trd, 8638932.412, 140
Trd, 8638932.679, 137
Trd, 8638933.579, 138
Trd, 8638933.612, 137
Trd, 8638933.846, 83
Trd, 8638933.912, 140
Trd, 8638935.579, 138
Trd, 8638936.312, 140
Trd, 8638937.146, 140
Trd, 8638937.479, 140
Trd, 8638937.646, 139
Trd, 8638938.046, 140
Trd, 8638938.312, 138
Trd, 8638938.512, 130
Trd, 8638939.179, 60
Trd, 8638939.279, 60
Trd, 8638939.346, 61
Trd, 8638939.779, 127
Trd, 8638940.579, 140
Trd, 8638941.079, 137
Trd, 8638942.146, 140
Trd, 8638942.179, 131
Trd, 8638942.879, 140
Trd, 8638943.112, 140
Trd, 8638944.312, 140
Trd, 8638944.379, 140
Trd, 8638944.479, 140
Trd, 8638944.946, 138
Trd, 8638945.112, 114
Trd, 8638945.446, 65
Trd, 8638945.479, 66
Trd, 8638945.846, 70
Trd, 8638946.646, 125
Trd, 8638946.979, 140
Trd, 8638947.612, 140
Trd, 8638948.179, 140
Trd, 8638948.846, 140
Trd, 8638948.946, 140
Trd, 8638949.612, 140
Trd, 8638949.712, 139
Trd, 8638950.379, 140
Trd, 8638951.012, 140
Trd, 8638951.246, 140
Trd, 8638951.812, 140
Trd, 8638952.312, 140
Trd, 8638952.512, 140
Trd, 8638953.812, 140
Trd, 8638954.346, 140
Trd, 8638955.446, 140
Trd, 8638955.479, 140
Trd, 8638955.679, 140
Trd, 8638956.212, 140
Trd, 8638956.279, 139
Trd, 8638956.512, 137
Trd, 8638956.812, 137
Trd, 8638956.912, 101
Trd, 8638958.479, 140
Trd, 8638958.712, 140
Trd, 8638958.779, 139
Trd, 8638959.679, 140
Trd, 8638960.112, 139
Trd, 8638960.379, 138
Trd, 8638960.479, 125
Trd, 8638961.146, 139
Trd, 8638961.346, 124
Trd, 8638962.812, 140
Trd, 8638963.446, 140
Trd, 8638963.812, 140
Trd, 8638964.279, 140
Trd, 8638964.612, 140
Trd, 8638964.779, 140
Trd, 8638964.812, 140
Trd, 8638965.246, 140
Trd, 8638965.579, 140
Trd, 8638965.912, 140
Trd, 8638966.646, 140
Trd, 8638966.679, 140
Trd, 8638966.812, 113
Trd, 8638967.512, 140
Trd, 8638968.146, 140
Trd, 8638968.512, 140
Trd, 8638969.679, 140
Trd, 8638969.746, 140
Trd, 8638970.012, 140
Trd, 8638970.746, 140
Trd, 8638971.146, 140
Trd, 8638971.412, 139
Trd, 8638971.446, 137
Trd, 8638972.112, 140
Trd, 8638972.946, 139
Trd, 8638973.879, 140
Trd, 8638974.279, 140
Trd, 8638974.679, 140
Trd, 8638975.046, 138
Trd, 8638975.246, 137
Trd, 8638975.279, 116
Trd, 8638976.246, 140
Trd, 8638976.612, 140
Trd, 8638977.046, 140
Trd, 8638977.112, 138
Trd, 8638977.246, 106
Trd, 8638977.912, 120
Trd, 8638978.512, 69
Trd, 8638978.679, 65
Trd, 8638979.612, 140
Trd, 8638979.846, 140
Trd, 8638981.312, 140
Trd, 8638981.479, 140
Trd, 8638981.912, 140
Trd, 8638982.679, 140
Trd, 8638982.979, 140
Trd, 8638983.012, 140
Trd, 8638983.546, 139
Trd, 8638984.012, 138
Trd, 8638984.412, 139
Trd, 8638984.812, 140
Trd, 8638985.146, 140
Trd, 8638986.712, 140
Trd, 8638987.146, 140
Trd, 8638987.279, 140
Trd, 8638987.312, 140
Trd, 8638988.012, 140
Trd, 8638988.279, 140
Trd, 8638988.512, 140
Trd, 8638988.646, 96
Trd, 8638988.846, 139
Trd, 8638989.346, 136
Trd, 8638989.946, 127
Trd, 8638990.246, 130
Trd, 8638990.646, 60
Trd, 8638991.446, 60
Trd, 8638991.512, 64
Trd, 8638992.346, 63
Trd, 8638992.379, 64
Trd, 8638992.579, 140
Trd, 8638993.279, 64
Trd, 8638993.679, 63
Trd, 8638993.746, 64
Trd, 8638993.946, 72
Trd, 8638994.546, 73
Trd, 8638994.912, 140
Trd, 8638995.679, 140
Trd, 8638995.946, 140
Trd, 8638996.179, 140
Trd, 8638996.946, 140
Trd, 8638997.446, 140
Trd, 8638997.812, 140
Trd, 8638999.112, 140
Trd, 8638999.712, 140
Trd, 8638999.779, 140
Trd, 8639000.279, 139
Trd, 8639000.812, 139
Trd, 8639001.146, 140
Trd, 8639001.379, 139
Trd, 8639001.546, 140
Trd, 8639002.012, 139
Trd, 8639003.012, 140
Trd, 8639003.179, 140
Trd, 8639003.479, 140
Trd, 8639004.612, 140
Trd, 8639004.679, 139
Trd, 8639005.112, 140
Trd, 8639005.279, 139
Trd, 8639005.746, 123
Trd, 8639006.112, 140
Trd, 8639006.246, 123
Trd, 8639006.712, 140
Trd, 8639007.446, 139
Trd, 8639008.212, 140
Trd, 8639008.312, 135
Trd, 8639008.346, 127
Trd, 8639008.712, 62
Trd, 8639009.812, 140
Trd, 8639010.712, 120
Trd, 8639011.012, 120
Trd, 8639011.212, 121
Trd, 8639011.679, 137
Trd, 8639012.012, 121
Trd, 8639012.379, 140
Trd, 8639012.679, 140
Trd, 8639012.946, 99
Trd, 8639013.279, 133
Trd, 8639014.979, 140
Trd, 8639015.479, 140
Trd, 8639015.546, 140
Trd, 8639016.079, 140
Trd, 8639016.512, 140
Trd, 8639016.712, 140
Trd, 8639016.779, 140
Trd, 8639016.879, 137
Trd, 8639017.546, 140
Trd, 8639017.779, 140
Trd, 8639018.212, 140
Trd, 8639018.412, 134
Trd, 8639018.712, 140
Trd, 8639019.312, 138
Trd, 8639019.946, 140
Trd, 8639020.212, 140
Trd, 8639020.412, 140
Trd, 8639020.812, 140
Trd, 8639020.979, 136
Trd, 8639021.312, 140
Trd, 8639022.179, 140
Trd, 8639022.279, 140
Trd, 8639022.412, 119
Trd, 8639023.012, 69
Trd, 8639023.179, 61
Trd, 8639023.546, 62
Trd, 8639023.812, 64
Trd, 8639024.146, 61
Trd, 8639024.646, 140
Trd, 8639025.312, 60
Trd, 8639025.646, 60
Trd, 8639026.246, 60
Trd, 8639027.412, 61
Trd, 8639027.879, 61
Trd, 8639028.212, 63
Trd, 8639028.679, 64
Trd, 8639029.046, 65
Trd, 8639029.246, 66
Trd, 8639029.512, 64
Trd, 8639029.712, 60
Trd, 8639030.679, 60
Trd, 8639030.879, 60
Trd, 8639031.312, 60
Trd, 8639032.746, 60
Trd, 8639032.979, 60
Trd, 8639033.379, 60
Trd, 8639033.412, 60
Trd, 8639033.479, 61
Trd, 8639034.012, 60
Trd, 8639034.412, 61
Trd, 8639035.046, 62
Trd, 8639035.079, 63
Trd, 8639035.646, 63
Trd, 8639035.679, 63
Trd, 8639036.279, 65
Trd, 8639037.012, 61
Trd, 8639037.879, 61
Trd, 8639038.112, 60
Trd, 8639038.512, 65
Trd, 8639038.579, 71
Trd, 8639039.346, 62
Trd, 8639040.279, 65
Trd, 8639040.312, 69
Trd, 8639040.812, 61
Trd, 8639041.046, 68
Trd, 8639042.546, 60
Trd, 8639042.912, 72
Trd, 8639043.112, 60
Trd, 8639043.212, 63
Trd, 8639043.346, 73
Trd, 8639043.779, 140
Trd, 8639044.079, 106
Trd, 8639044.446, 139
Trd, 8639044.479, 75
Trd, 8639044.812, 61
Trd, 8639045.312, 79
Trd, 8639045.379, 138
Trd, 8639046.512, 60
Trd, 8639046.579, 60
Trd, 8639047.246, 63
Trd, 8639047.479, 60
Trd, 8639047.546, 64
Trd, 8639047.946, 66
Trd, 8639048.279, 60
Trd, 8639048.812, 62
Trd, 8639049.712, 62
Trd, 8639050.112, 62
Trd, 8639050.246, 60
Trd, 8639050.446, 60
Trd, 8639051.279, 66
Trd, 8639051.912, 138
Trd, 8639052.879, 140
Trd, 8639052.946, 140
Trd, 8639053.079, 139
Trd, 8639053.179, 94
Trd, 8639053.446, 96
Trd, 8639055.079, 60
Trd, 8639056.079, 60
Trd, 8639056.312, 60
Trd, 8639056.446, 60
Trd, 8639056.479, 62
Trd, 8639057.112, 61
Trd, 8639057.512, 62
Trd, 8639057.612, 61
Trd, 8639057.679, 61
Trd, 8639058.279, 60
Trd, 8639058.446, 61
Trd, 8639059.012, 67
Trd, 8639059.146, 70
Trd, 8639060.012, 71
Trd, 8639060.112, 73
Trd, 8639060.712, 61
Trd, 8639061.212, 61
Trd, 8639061.446, 61
Trd, 8639061.612, 61
Trd, 8639061.679, 62
Trd, 8639063.012, 60
Trd, 8639063.446, 61
Trd, 8639063.479, 60
Trd, 8639064.012, 62
Trd, 8639064.246, 65
Trd, 8639064.646, 63
Trd, 8639065.012, 60
Trd, 8639065.212, 64
Trd, 8639065.779, 70
Trd, 8639066.412, 140
Trd, 8639066.446, 140
Trd, 8639067.779, 60
Trd, 8639067.879, 60
Trd, 8639068.546, 60
Trd, 8639068.612, 71
Trd, 8639069.212, 60
Trd, 8639069.446, 61
Trd, 8639069.546, 62
Trd, 8639069.779, 72
Trd, 8639070.012, 60
Trd, 8639070.746, 60
Trd, 8639070.912, 60
Trd, 8639071.346, 62
Trd, 8639071.946, 65
Trd, 8639072.012, 65
Trd, 8639072.079, 60
Trd, 8639072.646, 60
Trd, 8639072.912, 60
Trd, 8639073.112, 61
Trd, 8639073.212, 61
Trd, 8639073.579, 62
Trd, 8639075.512, 60
Trd, 8639075.779, 60
Trd, 8639076.079, 60
Trd, 8639076.746, 60
Trd, 8639077.379, 60
Trd, 8639077.412, 60
Trd, 8639077.446, 60
Trd, 8639077.646, 60
Trd, 8639077.846, 68
Trd, 8639077.912, 79
Trd, 8639078.746, 139
Trd, 8639078.946, 140
Trd, 8639079.279, 140
Trd, 8639079.412, 139
Trd, 8639079.979, 140
Trd, 8639080.246, 63
Trd, 8639081.212, 60
Trd, 8639081.246, 61
Trd, 8639081.579, 60
Trd, 8639081.712, 62
Trd, 8639081.779, 63
Trd, 8639082.712, 78
Trd, 8639082.846, 61
Trd, 8639083.312, 63
Trd, 8639083.912, 61
Trd, 8639084.279, 136
Trd, 8639084.612, 63
Trd, 8639086.046, 63
Trd, 8639086.146, 65
Trd, 8639086.179, 67
Trd, 8639086.412, 61
Trd, 8639087.279, 60
Trd, 8639087.446, 60
Trd, 8639087.846, 60
Trd, 8639088.046, 61
Trd, 8639088.412, 60
Trd, 8639088.779, 63
Trd, 8639089.046, 60
Trd, 8639089.712, 62
Trd, 8639089.879, 64
Trd, 8639090.512, 60
Trd, 8639090.879, 60
Trd, 8639091.412, 60
Trd, 8639092.179, 60
Trd, 8639092.646, 60
Trd, 8639093.212, 60
Trd, 8639094.012, 61
Trd, 8639094.112, 62
Trd, 8639094.379, 62
Trd, 8639094.546, 61
Trd, 8639094.846, 64
Trd, 8639095.046, 63
Trd, 8639095.312, 66
Trd, 8639095.646, 66
Trd, 8639096.012, 62
Trd, 8639097.046, 140
Trd, 8639097.079, 140
Trd, 8639098.412, 60
Trd, 8639098.579, 60
Trd, 8639098.612, 60
Trd, 8639098.779, 61
Trd, 8639099.079, 66
Trd, 8639099.612, 67
Trd, 8639099.979, 110
Trd, 8639100.312, 134
Trd, 8639100.779, 62
Trd, 8639101.746, 63
Trd, 8639102.079, 60
Trd, 8639102.446, 60
Trd, 8639102.879, 63
Trd, 8639103.212, 61
Trd, 8639103.246, 62
Trd, 8639103.446, 61
Trd, 8639103.679, 64
Trd, 8639104.246, 62
Trd, 8639104.312, 64
Trd, 8639104.879, 62
Trd, 8639105.812, 60
Trd, 8639106.679, 62
Trd, 8639106.779, 63
Trd, 8639107.046, 64
Trd, 8639107.546, 60
Trd, 8639108.179, 60
Trd, 8639108.746, 60
Trd, 8639109.246, 60
Trd, 8639109.312, 60
Trd, 8639109.579, 64
Trd, 8639109.712, 64
Trd, 8639110.579, 65
Trd, 8639110.679, 66
Trd, 8639110.812, 63
Trd, 8639111.046, 140
Trd, 8639111.779, 133
Trd, 8639112.446, 66
Trd, 8639113.112, 62
Trd, 8639113.312, 64
Trd, 8639113.579, 60
Trd, 8639113.846, 63
Trd, 8639114.546, 63
Trd, 8639115.446, 60
Trd, 8639116.346, 60
Trd, 8639116.579, 60
Trd, 8639116.812, 61
Trd, 8639117.546, 60
Trd, 8639117.712, 60
Trd, 8639118.079, 61
Trd, 8639118.946, 60
Trd, 8639118.979, 64
Trd, 8639119.012, 64
Trd, 8639119.046, 74
Trd, 8639120.812, 140
Trd, 8639121.046, 140
Trd, 8639121.279, 140
Trd, 8639121.312, 140
Trd, 8639121.412, 139
Trd, 8639121.679, 140
Trd, 8639122.246, 140
Trd, 8639122.746, 140
Trd, 8639123.312, 140
Trd, 8639123.612, 139
Trd, 8639123.812, 136
Trd, 8639124.412, 139
Trd, 8639125.046, 140
Trd, 8639125.279, 140
Trd, 8639125.912, 139
Trd, 8639126.612, 139
Trd, 8639126.812, 139
Trd, 8639127.679, 140
Trd, 8639127.846, 140
Trd, 8639127.979, 116
Trd, 8639128.146, 102
Trd, 8639128.446, 70
Trd, 8639128.579, 71
Trd, 8639128.812, 68
Trd, 8639128.946, 67
Trd, 8639129.612, 138
Trd, 8639129.846, 101
Trd, 8639129.879, 100
Trd, 8639132.079, 140
Trd, 8639133.046, 140
Trd, 8639133.446, 140
Trd, 8639133.579, 140
Trd, 8639133.846, 140
Trd, 8639133.946, 140
Trd, 8639134.046, 140
Trd, 8639134.646, 118
Trd, 8639134.979, 139
Trd, 8639135.179, 115
Trd, 8639135.746, 140
Trd, 8639136.612, 140
Trd, 8639136.912, 140
Trd, 8639137.046, 140
Trd, 8639137.079, 139
Trd, 8639137.612, 140
Trd, 8639138.679, 140
Trd, 8639139.046, 140
Trd, 8639140.546, 140
Trd, 8639140.879, 140
Trd, 8639140.946, 140
Trd, 8639141.679, 140
Trd, 8639142.146, 140
Trd, 8639142.679, 140
Trd, 8639143.479, 140
Trd, 8639143.646, 140
Trd, 8639143.746, 140
Trd, 8639143.779, 140
Trd, 8639144.679, 140
Trd, 8639145.779, 140
Trd, 8639145.912, 140
Trd, 8639145.979, 140
Trd, 8639146.679, 140
Trd, 8639146.946, 125
Trd, 8639147.412, 140
Trd, 8639147.479, 113
Trd, 8639148.546, 140
Trd, 8639148.612, 139
Trd, 8639149.046, 138
Trd, 8639149.279, 135
Trd, 8639151.546, 140
Trd, 8639151.579, 140
Trd, 8639151.612, 140
Trd, 8639152.046, 138
Trd, 8639152.246, 139
Trd, 8639152.579, 140
Trd, 8639152.679, 140
Trd, 8639152.946, 140
Trd, 8639153.012, 136
Trd, 8639153.379, 140
Trd, 8639153.746, 137
Trd, 8639154.246, 128
Trd, 8639154.279, 78
Trd, 8639155.046, 140
Trd, 8639155.579, 140
Trd, 8639156.646, 140
Trd, 8639157.446, 140
Trd, 8639157.646, 140
Trd, 8639157.679, 140
Trd, 8639157.912, 140
Trd, 8639158.479, 140
Trd, 8639158.546, 138
Trd, 8639159.046, 137
Trd, 8639159.412, 140
Trd, 8639160.079, 138
Trd, 8639160.846, 140
Trd, 8639161.779, 140
Trd, 8639162.246, 140
Trd, 8639162.312, 139
Trd, 8639162.412, 137
Trd, 8639162.679, 132
Trd, 8639163.412, 140
Trd, 8639163.479, 139
Trd, 8639165.112, 140
Trd, 8639165.612, 140
Trd, 8639165.846, 140
Trd, 8639165.912, 140
Trd, 8639166.146, 121
Trd, 8639166.612, 138
Trd, 8639167.112, 106
Trd, 8639167.279, 134
Trd, 8639167.379, 136
Trd, 8639167.646, 137
Trd, 8639167.979, 136
Trd, 8639168.512, 140
Trd, 8639168.646, 64
Trd, 8639169.112, 140
Trd, 8639169.546, 61
Trd, 8639169.712, 140
Trd, 8639170.312, 60
Trd, 8639170.946, 66
Trd, 8639171.146, 62
Trd, 8639171.712, 67
Trd, 8639172.146, 140
Trd, 8639172.246, 140
Trd, 8639172.712, 140
Trd, 8639172.812, 139
Trd, 8639173.579, 140
Trd, 8639174.479, 140
Trd, 8639174.912, 140
Trd, 8639175.079, 140
Trd, 8639175.212, 140
Trd, 8639175.946, 140
Trd, 8639176.812, 139
Trd, 8639176.846, 139
Trd, 8639177.146, 140
Trd, 8639177.712, 140
Trd, 8639178.146, 140
Trd, 8639178.512, 140
Trd, 8639178.612, 140
Trd, 8639178.746, 140
Trd, 8639178.846, 139
Trd, 8639179.412, 139
Trd, 8639179.479, 138
Trd, 8639180.446, 140
Trd, 8639180.479, 110
Trd, 8639180.579, 108
Trd, 8639181.246, 140
Trd, 8639182.512, 140
Trd, 8639182.846, 140
Trd, 8639183.379, 140
Trd, 8639183.646, 140
Trd, 8639184.612, 140
Trd, 8639184.679, 140
Trd, 8639184.946, 140
Trd, 8639187.079, 140
Trd, 8639187.279, 140
Trd, 8639187.446, 140
Trd, 8639187.646, 140
Trd, 8639187.879, 140
Trd, 8639188.212, 140
Trd, 8639188.612, 140
Trd, 8639189.446, 140
Trd, 8639189.479, 139
Trd, 8639189.879, 138
Trd, 8639190.146, 128
Trd, 8639190.312, 125
Trd, 8639190.446, 117
Trd, 8639190.746, 61
Trd, 8639190.979, 62
Trd, 8639191.246, 67
Trd, 8639191.712, 139
Trd, 8639192.612, 140
Trd, 8639193.412, 140
Trd, 8639193.579, 140
Trd, 8639194.079, 140
Trd, 8639194.112, 139
Trd, 8639194.446, 139
Trd, 8639195.412, 140
Trd, 8639195.746, 140
Trd, 8639195.979, 140
Trd, 8639196.646, 140
Trd, 8639196.812, 140
Trd, 8639197.512, 140
Trd, 8639198.246, 140
Trd, 8639198.312, 140
Trd, 8639199.179, 140
Trd, 8639199.779, 140
Trd, 8639200.046, 140
Trd, 8639200.079, 140
Trd, 8639200.179, 140
Trd, 8639200.346, 140
Trd, 8639200.979, 139
Trd, 8639201.346, 140
Trd, 8639201.646, 140
Trd, 8639202.112, 140
Trd, 8639202.212, 140
Trd, 8639203.479, 140
Trd, 8639203.679, 140
Trd, 8639203.812, 139
Trd, 8639203.846, 138
Trd, 8639205.012, 139
Trd, 8639205.346, 70
Trd, 8639205.479, 61
Trd, 8639206.112, 140
Trd, 8639206.246, 140
Trd, 8639206.579, 138
Trd, 8639207.079, 84
Trd, 8639207.446, 140
Trd, 8639208.346, 140
Trd, 8639208.379, 140
Trd, 8639208.646, 139
Trd, 8639209.312, 139
Trd, 8639210.346, 140
Trd, 8639210.412, 140
Trd, 8639211.746, 140
Trd, 8639211.979, 140
Trd, 8639212.079, 140
Trd, 8639213.179, 139
Trd, 8639213.279, 111
Trd, 8639213.912, 93
Trd, 8639214.146, 63
Trd, 8639214.512, 140
Trd, 8639214.946, 140
Trd, 8639215.979, 140
Trd, 8639216.479, 140
Trd, 8639216.812, 140
Trd, 8639217.379, 140
Trd, 8639217.846, 140
Trd, 8639218.246, 139
Trd, 8639219.279, 140
Trd, 8639219.446, 140
Trd, 8639219.546, 139
Trd, 8639220.179, 140
Trd, 8639220.212, 138
Trd, 8639220.246, 105
Trd, 8639220.646, 139
Trd, 8639221.312, 140
Trd, 8639221.679, 140
Trd, 8639222.146, 133
Trd, 8639223.146, 140
Trd, 8639223.379, 140
Trd, 8639224.312, 140
Trd, 8639224.946, 140
Trd, 8639225.379, 139
Trd, 8639225.512, 136
Trd, 8639226.312, 139
Trd, 8639226.479, 71
Trd, 8639227.412, 140
Trd, 8639227.579, 140
Trd, 8639227.646, 140
Trd, 8639228.012, 140
Trd, 8639228.412, 140
Trd, 8639229.112, 140
Trd, 8639230.612, 140
Trd, 8639230.646, 140
Trd, 8639230.746, 139
Trd, 8639230.812, 108
Trd, 8639231.046, 61
Trd, 8639232.146, 138
Trd, 8639232.512, 140
Trd, 8639233.146, 140
Trd, 8639233.346, 139
Trd, 8639233.912, 140
Trd, 8639234.279, 139
Trd, 8639234.879, 140
Trd, 8639235.446, 140
Trd, 8639235.512, 121
Trd, 8639236.646, 140
Trd, 8639237.446, 140
Trd, 8639237.579, 140
Trd, 8639237.812, 140
Trd, 8639237.946, 140
Trd, 8639238.212, 139
Trd, 8639238.846, 140
Trd, 8639239.012, 104
Trd, 8639239.579, 140
Trd, 8639239.679, 139
Trd, 8639239.746, 140
Trd, 8639240.279, 140
Trd, 8639240.479, 140
Trd, 8639241.012, 140
Trd, 8639241.112, 73
Trd, 8639241.746, 131
Trd, 8639241.979, 67
Trd, 8639242.379, 97
Trd, 8639243.512, 60
Trd, 8639243.612, 60
Trd, 8639243.979, 60
Trd, 8639244.379, 60
Trd, 8639245.379, 62
Trd, 8639246.379, 63
Trd, 8639246.646, 60
Trd, 8639246.746, 61
Trd, 8639247.046, 137
Trd, 8639247.812, 139
Trd, 8639247.846, 138
Trd, 8639247.946, 122
Trd, 8639248.579, 76
Trd, 8639249.712, 140
Trd, 8639249.846, 140
Trd, 8639250.212, 140
Trd, 8639250.379, 140
Trd, 8639250.412, 138
Trd, 8639250.879, 140
Trd, 8639251.046, 136
Trd, 8639251.446, 123
Trd, 8639251.779, 128
Trd, 8639252.346, 84
Trd, 8639253.379, 131
Trd, 8639253.479, 135
Trd, 8639253.746, 81
Trd, 8639253.979, 73
Trd, 8639254.112, 131
Trd, 8639254.179, 71
Trd, 8639254.346, 133
Trd, 8639254.779, 110
Trd, 8639255.612, 139
Trd, 8639255.646, 138
Trd, 8639255.812, 136
Trd, 8639255.912, 120
Trd, 8639256.279, 138
Trd, 8639257.079, 140
Trd, 8639257.412, 140
Trd, 8639258.046, 140
Trd, 8639258.179, 140
Trd, 8639258.912, 139
Trd, 8639259.446, 139
Trd, 8639260.012, 140
Trd, 8639260.579, 138
Trd, 8639260.646, 115
Trd, 8639260.912, 140
Trd, 8639261.412, 140
Trd, 8639261.512, 140
Trd, 8639261.579, 139
Trd, 8639261.912, 140
Trd, 8639262.146, 134
Trd, 8639263.012, 140
Trd, 8639263.812, 140
Trd, 8639264.012, 139
Trd, 8639264.346, 139
Trd, 8639264.979, 139
Trd, 8639265.946, 140
Trd, 8639266.346, 140
Trd, 8639267.712, 140
Trd, 8639268.212, 140
Trd, 8639268.579, 140
Trd, 8639268.646, 140
Trd, 8639269.212, 140
Trd, 8639269.479, 140
Trd, 8639270.012, 139
Trd, 8639270.679, 140
Trd, 8639270.712, 140
Trd, 8639270.779, 135
Trd, 8639272.712, 140
Trd, 8639273.579, 140
Trd, 8639273.646, 140
Trd, 8639273.946, 140
Trd, 8639274.579, 140
Trd, 8639274.679, 140
Trd, 8639275.079, 139
Trd, 8639275.446, 140
Trd, 8639275.646, 135
Trd, 8639276.479, 140
Trd, 8639276.712, 107
Trd, 8639277.579, 140
Trd, 8639278.112, 140
Trd, 8639278.812, 140
Trd, 8639278.879, 138
Trd, 8639279.212, 138
Trd, 8639279.479, 138
Trd, 8639279.846, 140
Trd, 8639280.779, 140
Trd, 8639280.946, 140
Trd, 8639281.379, 140
Trd, 8639282.012, 140
Trd, 8639283.712, 140
Trd, 8639283.746, 140
Trd, 8639283.879, 140
Trd, 8639285.146, 140
Trd, 8639286.179, 140
Trd, 8639286.279, 140
Trd, 8639286.379, 139
Trd, 8639286.579, 140
Trd, 8639287.079, 140
Trd, 8639287.479, 140
Trd, 8639287.646, 140
Trd, 8639287.912, 140
Trd, 8639288.579, 140
Trd, 8639289.079, 138
Trd, 8639290.079, 140
Trd, 8639290.246, 139
Trd, 8639290.979, 140
Trd, 8639291.012, 140
Trd, 8639291.279, 140
Trd, 8639291.646, 140
Trd, 8639292.446, 140
Trd, 8639292.679, 140
Trd, 8639292.812, 138
Trd, 8639293.079, 133
Trd, 8639293.212, 138
Trd, 8639293.446, 68
Trd, 8639293.479, 67
Trd, 8639293.712, 140
Trd, 8639294.579, 134
Trd, 8639296.179, 140
Trd, 8639296.246, 140
Trd, 8639296.712, 139
Trd, 8639297.512, 132
Trd, 8639298.612, 139
Trd, 8639299.046, 140
Trd, 8639299.546, 140
Trd, 8639299.779, 140
Trd, 8639299.979, 138
Trd, 8639300.612, 140
Trd, 8639300.779, 140
Trd, 8639301.012, 137
Trd, 8639301.679, 138
Trd, 8639302.012, 140
Trd, 8639302.312, 140
Trd, 8639303.079, 139
Trd, 8639303.646, 140
Trd, 8639304.046, 140
Trd, 8639304.079, 137
Trd, 8639304.512, 140
Trd, 8639304.812, 139
Trd, 8639306.446, 140
Trd, 8639306.679, 140
Trd, 8639307.279, 140
Trd, 8639307.579, 140
Trd, 8639307.979, 140
Trd, 8639308.212, 140
Trd, 8639308.279, 139
Trd, 8639308.679, 140
Trd, 8639308.712, 116
Trd, 8639309.279, 140
Trd, 8639309.346, 118
Trd, 8639310.812, 140
Trd, 8639311.179, 140
Trd, 8639311.312, 139
Trd, 8639312.346, 140
Trd, 8639312.746, 140
Trd, 8639313.212, 140
Trd, 8639313.479, 139
Trd, 8639313.712, 137
Trd, 8639313.979, 105
Trd, 8639314.546, 121
Trd, 8639314.812, 120
Trd, 8639314.912, 139
Trd, 8639315.979, 140
Trd, 8639316.612, 140
Trd, 8639317.112, 140
Trd, 8639317.479, 140
Trd, 8639317.712, 140
Trd, 8639317.912, 139
Trd, 8639318.646, 140
Trd, 8639318.679, 120
Trd, 8639318.846, 61
Trd, 8639319.346, 61
Trd, 8639319.479, 65
Trd, 8639321.012, 140
Trd, 8639321.246, 140
Trd, 8639321.346, 140
Trd, 8639321.512, 140
Trd, 8639322.712, 138
Trd, 8639322.946, 115
Trd, 8639323.146, 140
Trd, 8639323.212, 114
Trd, 8639323.446, 125
Trd, 8639323.746, 116
Trd, 8639324.379, 140
Trd, 8639325.479, 140
Trd, 8639325.679, 140
Trd, 8639326.679, 140
Trd, 8639327.479, 140
Trd, 8639327.846, 140
Trd, 8639327.879, 140
Trd, 8639328.779, 140
Trd, 8639329.112, 140
Trd, 8639329.679, 140
Trd, 8639330.112, 140
Trd, 8639330.446, 140
Trd, 8639330.579, 140
Trd, 8639331.412, 140
Trd, 8639331.512, 140
Trd, 8639331.612, 112
Trd, 8639331.679, 139
Trd, 8639332.412, 139
Trd, 8639333.046, 139
Trd, 8639333.912, 140
Trd, 8639334.312, 140
Trd, 8639334.646, 140
Trd, 8639335.112, 140
Trd, 8639335.179, 139
Trd, 8639335.746, 140
Trd, 8639336.179, 140
Trd, 8639336.312, 139
Trd, 8639337.612, 140
Trd, 8639338.146, 140
Trd, 8639338.879, 140
Trd, 8639339.279, 140
Trd, 8639339.712, 140
Trd, 8639339.912, 140
Trd, 8639340.546, 140
Trd, 8639340.712, 139
Trd, 8639340.912, 139
Trd, 8639340.979, 139
Trd, 8639341.379, 121
Trd, 8639341.946, 140
Trd, 8639342.779, 140
Trd, 8639342.846, 137
Trd, 8639342.879, 66
Trd, 8639343.112, 63
Trd, 8639343.546, 140
Trd, 8639344.146, 137
Trd, 8639345.112, 140
Trd, 8639345.146, 139
Trd, 8639345.446, 138
Trd, 8639346.579, 137
Trd, 8639347.312, 140
Trd, 8639347.346, 139
Trd, 8639348.346, 140
Trd, 8639348.412, 140
Trd, 8639348.446, 140
Trd, 8639349.079, 140
Trd, 8639349.846, 140
Trd, 8639350.379, 140
Trd, 8639350.712, 140
Trd, 8639351.279, 140
Trd, 8639351.412, 128
Trd, 8639351.579, 139
Trd, 8639352.846, 140
Trd, 8639352.879, 140
Trd, 8639353.612, 140
Trd, 8639353.946, 140
Trd, 8639354.079, 135
Trd, 8639354.412, 128
Trd, 8639355.512, 140
Trd, 8639355.879, 140
Trd, 8639355.979, 140
Trd, 8639356.079, 138
Trd, 8639356.212, 136
Trd, 8639356.679, 140
Trd, 8639356.912, 140
Trd, 8639357.412, 139
Trd, 8639357.512, 134
Trd, 8639357.712, 137
Trd, 8639357.779, 134
Trd, 8639358.312, 136
Trd, 8639358.846, 136
Trd, 8639358.879, 107
Trd, 8639359.112, 102
Trd, 8639359.579, 138
Trd, 8639359.779, 140
Trd, 8639361.012, 140
Trd, 8639361.379, 140
Trd, 8639361.446, 140
Trd, 8639361.846, 140
Trd, 8639361.912, 139
Trd, 8639362.912, 139
Trd, 8639363.246, 137
Trd, 8639363.946, 140
Trd, 8639364.046, 125
Trd, 8639364.279, 139
Trd, 8639364.446, 82
Trd, 8639364.946, 61
Trd, 8639365.346, 139
Trd, 8639365.446, 139
Trd, 8639366.212, 139
Trd, 8639366.912, 113
Trd, 8639366.979, 140
Trd, 8639367.412, 140
Trd, 8639368.146, 140
Trd, 8639368.779, 139
Trd, 8639369.112, 139
Trd, 8639369.712, 140
Trd, 8639370.112, 140
Trd, 8639371.012, 140
Trd, 8639371.412, 140
Trd, 8639372.446, 140
Trd, 8639372.646, 140
Trd, 8639372.712, 140
Trd, 8639372.746, 139
Trd, 8639372.946, 107
Trd, 8639373.346, 139
Trd, 8639373.979, 139
Trd, 8639374.146, 138
Trd, 8639374.546, 90
Trd, 8639375.046, 121
Trd, 8639375.479, 140
Trd, 8639375.512, 137
Trd, 8639375.546, 113
Trd, 8639376.379, 61
Trd, 8639377.146, 140
Trd, 8639377.379, 105
Trd, 8639377.779, 140
Trd, 8639378.046, 140
Trd, 8639378.512, 138
Trd, 8639379.079, 60
Trd, 8639379.146, 60
Trd, 8639379.279, 104
Trd, 8639380.046, 61
Trd, 8639380.079, 62
Trd, 8639380.412, 61
Trd, 8639381.879, 60
Trd, 8639382.712, 60
Trd, 8639382.846, 60
Trd, 8639382.912, 60
Trd, 8639383.779, 62
Trd, 8639383.946, 62
Trd, 8639383.979, 66
Trd, 8639384.112, 70
Trd, 8639385.346, 140
Trd, 8639385.712, 140
Trd, 8639386.246, 140
Trd, 8639387.012, 140
Trd, 8639387.179, 140
Trd, 8639387.646, 140
Trd, 8639387.846, 140
Trd, 8639387.912, 140
Trd, 8639388.246, 140
Trd, 8639388.712, 139
Trd, 8639389.846, 140
Trd, 8639389.879, 140
Trd, 8639390.179, 140
Trd, 8639390.546, 140
Trd, 8639390.646, 138
Trd, 8639390.712, 124
Trd, 8639390.812, 84
Trd, 8639391.279, 140
Trd, 8639391.446, 140
Trd, 8639392.246, 60
Trd, 8639392.379, 60
Trd, 8639392.612, 65
Trd, 8639392.979, 60
Trd, 8639393.246, 60
Trd, 8639393.712, 60
Trd, 8639394.146, 140
Trd, 8639394.712, 140
Trd, 8639395.079, 140
Trd, 8639395.946, 140
Trd, 8639396.279, 140
Trd, 8639396.646, 140
Trd, 8639396.679, 140
Trd, 8639397.146, 140
Trd, 8639397.312, 139
Trd, 8639397.579, 139
Trd, 8639397.746, 138
Trd, 8639398.646, 140
Trd, 8639399.446, 140
Trd, 8639399.846, 140
Trd, 8639400.212, 140
Trd, 8639400.646, 140
Trd, 8639400.846, 140
Trd, 8639401.246, 140
Trd, 8639401.279, 140
Trd, 8639402.712, 140
Trd, 8639402.946, 139
Trd, 8639403.879, 139
Trd, 8639404.146, 140
Trd, 8639404.846, 140
Trd, 8639405.646, 140
Trd, 8639405.946, 139
Trd, 8639406.146, 137
Trd, 8639406.412, 136
Trd, 8639406.712, 126
Trd, 8639406.746, 97
Trd, 8639407.312, 139
Trd, 8639407.379, 137
Trd, 8639407.512, 140
Trd, 8639407.979, 140
Trd, 8639408.679, 140
Trd, 8639409.579, 139
Trd, 8639409.979, 140
Trd, 8639410.146, 139
Trd, 8639410.712, 140
Trd, 8639410.946, 140
Trd, 8639411.246, 140
Trd, 8639411.446, 140
Trd, 8639412.046, 140
Trd, 8639414.046, 140
Trd, 8639414.579, 140
Trd, 8639414.712, 140
Trd, 8639414.746, 140
Trd, 8639416.046, 140
Trd, 8639416.446, 140
Trd, 8639416.746, 140
Trd, 8639417.212, 139
Trd, 8639417.312, 140
Trd, 8639417.612, 139
Trd, 8639417.712, 139
Trd, 8639418.046, 140
Trd, 8639418.446, 138
Trd, 8639418.612, 135
Trd, 8639418.946, 124
Trd, 8639419.812, 131
Trd, 8639419.846, 130
Trd, 8639420.346, 140
Trd, 8639420.412, 139
Trd, 8639421.779, 139
Trd, 8639422.279, 140
Trd, 8639423.112, 140
Trd, 8639423.446, 140
Trd, 8639423.546, 136
Trd, 8639423.779, 113
Trd, 8639423.879, 109
Trd, 8639423.912, 97
Trd, 8639424.846, 114
Trd, 8639425.379, 140
Trd, 8639426.046, 140
Trd, 8639426.212, 140
Trd, 8639426.412, 139
Trd, 8639426.479, 84
Trd, 8639428.946, 140
Trd, 8639429.046, 140
Trd, 8639429.279, 140
Trd, 8639429.712, 140
Trd, 8639429.812, 140
Trd, 8639430.312, 140
Trd, 8639430.746, 140
Trd, 8639431.012, 140
Trd, 8639431.846, 140
Trd, 8639431.946, 139
Trd, 8639431.979, 137
Trd, 8639432.179, 140
Trd, 8639432.612, 140
Trd, 8639433.312, 137
Trd, 8639433.446, 121
Trd, 8639433.812, 140
Trd, 8639434.679, 140
Trd, 8639435.779, 140
Trd, 8639435.946, 140
Trd, 8639436.212, 140
Trd, 8639437.012, 140
Trd, 8639437.146, 140
Trd, 8639437.712, 140
Trd, 8639438.012, 140
Trd, 8639438.979, 140
Trd, 8639439.046, 140
Trd, 8639439.079, 140
Trd, 8639439.912, 140
Trd, 8639440.712, 140
Trd, 8639440.812, 139
Trd, 8639440.979, 140
Trd, 8639441.779, 140
Trd, 8639441.879, 136
Trd, 8639442.412, 140
Trd, 8639442.712, 139
Trd, 8639442.846, 102
Trd, 8639443.412, 140
Trd, 8639443.679, 140
Trd, 8639444.979, 140
Trd, 8639445.246, 140
Trd, 8639446.146, 140
Trd, 8639446.179, 140
Trd, 8639446.346, 139
Trd, 8639446.779, 139
Trd, 8639446.846, 140
Trd, 8639447.379, 134
Trd, 8639447.846, 140
Trd, 8639448.779, 140
Trd, 8639449.112, 140
Trd, 8639449.979, 139
Trd, 8639451.046, 140
Trd, 8639451.546, 140
Trd, 8639451.579, 140
Trd, 8639451.612, 140
Trd, 8639451.712, 140
Trd, 8639451.846, 140
Trd, 8639452.112, 128
Trd, 8639452.412, 140
Trd, 8639452.946, 140
Trd, 8639453.046, 139
Trd, 8639453.446, 70
Trd, 8639453.946, 139
Trd, 8639454.646, 140
Trd, 8639455.579, 140
Trd, 8639456.146, 140
Trd, 8639456.246, 138
Trd, 8639456.279, 128
Trd, 8639456.579, 140
Trd, 8639456.979, 140
Trd, 8639457.379, 140
Trd, 8639457.912, 140
Trd, 8639458.012, 140
Trd, 8639459.779, 140
Trd, 8639460.046, 140
Trd, 8639460.846, 140
Trd, 8639461.746, 140
Trd, 8639461.912, 139
Trd, 8639461.946, 139
Trd, 8639462.012, 121
Trd, 8639462.412, 140
Trd, 8639463.146, 140
Trd, 8639463.279, 140
Trd, 8639463.712, 140
Trd, 8639463.812, 139
Trd, 8639464.012, 138
Trd, 8639464.579, 139
Trd, 8639465.246, 140
Trd, 8639466.479, 140
Trd, 8639466.779, 140
Trd, 8639466.946, 140
Trd, 8639467.112, 139
Trd, 8639467.246, 132
Trd, 8639467.546, 138
Trd, 8639467.812, 90
Trd, 8639468.379, 138
Trd, 8639468.912, 139
Trd, 8639469.546, 66
Trd, 8639469.779, 66
Trd, 8639470.179, 60
Trd, 8639470.579, 61
Trd, 8639470.679, 61
Trd, 8639471.146, 60
Trd, 8639471.179, 62
Trd, 8639471.679, 62
Trd, 8639472.379, 60
Trd, 8639472.746, 61
Trd, 8639472.846, 63
Trd, 8639473.112, 64
Trd, 8639473.412, 66
Trd, 8639474.846, 140
Trd, 8639474.946, 140
Trd, 8639475.112, 140
Trd, 8639475.612, 140
Trd, 8639475.646, 139
Trd, 8639476.512, 134
Trd, 8639476.846, 99
Trd, 8639478.012, 140
Trd, 8639478.279, 136
Trd, 8639478.346, 97
Trd, 8639478.646, 81
Trd, 8639479.146, 140
Trd, 8639479.379, 140
Trd, 8639479.846, 140
Trd, 8639480.012, 140
Trd, 8639481.312, 140
Trd, 8639481.646, 140
Trd, 8639482.246, 140
Trd, 8639482.412, 138
Trd, 8639482.946, 140
Trd, 8639483.346, 136
Trd, 8639483.646, 131
Trd, 8639483.812, 110
Trd, 8639483.946, 65
Trd, 8639485.179, 140
Trd, 8639485.612, 140
Trd, 8639485.712, 140
Trd, 8639486.012, 139
Trd, 8639487.012, 140
Trd, 8639487.046, 140
Trd, 8639487.912, 140
Trd, 8639488.812, 140
Trd, 8639488.912, 140
Trd, 8639488.946, 139
Trd, 8639489.079, 139
Trd, 8639489.646, 140
Trd, 8639490.346, 140
Trd, 8639490.379, 139
Trd, 8639490.412, 139
Trd, 8639490.479, 113
Trd, 8639491.046, 140
Trd, 8639491.512, 102
Trd, 8639492.546, 140
Trd, 8639493.446, 140
Trd, 8639493.812, 140
Trd, 8639494.046, 140
Trd, 8639494.679, 140
Trd, 8639494.846, 139
Trd, 8639495.246, 111
Trd, 8639495.512, 139
Trd, 8639496.812, 140
Trd, 8639497.046, 135
Trd, 8639497.279, 139
Trd, 8639498.146, 137
Trd, 8639498.546, 138
Trd, 8639499.212, 137
Trd, 8639499.679, 119
Trd, 8639499.779, 118
Trd, 8639500.279, 66
Trd, 8639500.546, 66
Trd, 8639500.879, 118
Trd, 8639501.446, 60
Trd, 8639501.479, 60
Trd, 8639501.779, 104
Trd, 8639502.112, 140
Trd, 8639502.912, 140
Trd, 8639502.979, 140
Trd, 8639503.279, 137
Trd, 8639503.379, 139
Trd, 8639504.012, 136
Trd, 8639504.046, 108
Trd, 8639504.179, 62
Trd, 8639505.979, 60
Trd, 8639506.146, 61
Trd, 8639506.712, 60
Trd, 8639506.812, 60
Trd, 8639506.946, 62
Trd, 8639507.779, 60
Trd, 8639507.879, 61
Trd, 8639507.979, 61
Trd, 8639508.212, 62
Trd, 8639509.046, 62
Trd, 8639509.879, 60
Trd, 8639509.912, 60
Trd, 8639510.746, 69
Trd, 8639510.879, 76
Trd, 8639511.646, 62
Trd, 8639511.846, 64
Trd, 8639512.179, 60
Trd, 8639512.379, 60
Trd, 8639512.912, 62
Trd, 8639512.946, 64
Trd, 8639513.346, 63
Trd, 8639513.612, 67
Trd, 8639513.812, 62
Trd, 8639515.479, 61
Trd, 8639515.612, 60
Trd, 8639516.212, 62
Trd, 8639516.612, 60
Trd, 8639516.679, 61
Trd, 8639517.946, 60
Trd, 8639517.979, 60
Trd, 8639518.079, 62
Trd, 8639518.346, 61
Trd, 8639518.512, 63
Trd, 8639518.912, 61
Trd, 8639518.979, 62
Trd, 8639519.446, 64
Trd, 8639519.579, 67
Trd, 8639519.979, 78
Trd, 8639520.246, 60
Trd, 8639520.912, 62
Trd, 8639521.712, 61
Trd, 8639521.979, 61
Trd, 8639522.346, 60
Trd, 8639522.712, 138
Trd, 8639523.312, 140
Trd, 8639523.446, 140
Trd, 8639524.412, 140
Trd, 8639524.546, 140
Trd, 8639525.112, 139
Trd, 8639525.446, 139
Trd, 8639525.579, 140
Trd, 8639525.712, 135
Trd, 8639526.346, 131
Trd, 8639526.812, 140
Trd, 8639527.712, 140
Trd, 8639528.246, 140
Trd, 8639529.179, 140
Trd, 8639529.446, 133
Trd, 8639529.712, 140
Trd, 8639530.179, 140
Trd, 8639530.512, 140
Trd, 8639530.912, 140
Trd, 8639531.846, 140
Trd, 8639532.279, 140
Trd, 8639532.312, 140
Trd, 8639532.846, 140
Trd, 8639533.312, 140
Trd, 8639533.646, 140
Trd, 8639533.912, 113
Trd, 8639534.246, 100
Trd, 8639534.779, 119
Trd, 8639535.812, 140
Trd, 8639536.512, 140
Trd, 8639536.579, 139
Trd, 8639536.679, 137
Trd, 8639537.012, 138
Trd, 8639537.046, 126
Trd, 8639537.312, 124
Trd, 8639537.712, 137
Trd, 8639538.279, 135
Trd, 8639538.446, 119
Trd, 8639538.479, 138
Trd, 8639538.546, 71
Trd, 8639539.246, 140
Trd, 8639539.412, 140
Trd, 8639539.479, 93
Trd, 8639539.979, 140
Trd, 8639540.546, 140
Trd, 8639540.679, 139
Trd, 8639540.979, 140
Trd, 8639542.079, 140
Trd, 8639542.512, 140
Trd, 8639542.779, 140
Trd, 8639542.912, 139
Trd, 8639543.912, 137
Trd, 8639544.212, 140
Trd, 8639544.246, 125
Trd, 8639544.746, 140
Trd, 8639545.012, 140
Trd, 8639545.312, 138
Trd, 8639545.812, 138
Trd, 8639546.612, 140
Trd, 8639547.112, 138
Trd, 8639547.412, 138
Trd, 8639548.846, 140
Trd, 8639549.179, 140
Trd, 8639549.546, 140
Trd, 8639550.212, 140
Trd, 8639550.679, 140
Trd, 8639551.312, 140
Trd, 8639551.346, 137
Trd, 8639551.646, 139
Trd, 8639551.912, 138
Trd, 8639552.079, 123
Trd, 8639552.646, 124
Trd, 8639553.712, 140
Trd, 8639554.446, 140
Trd, 8639555.112, 140
Trd, 8639555.346, 140
Trd, 8639555.812, 140
Trd, 8639555.946, 140
Trd, 8639556.379, 140
Trd, 8639556.946, 131
Trd, 8639557.246, 139
Trd, 8639557.579, 102
Trd, 8639557.946, 62
Trd, 8639558.046, 63
Trd, 8639558.912, 66
Trd, 8639559.679, 129
Trd, 8639559.746, 104
Trd, 8639559.979, 98
Trd, 8639560.412, 140
Trd, 8639560.846, 140
Trd, 8639561.046, 138
Trd, 8639561.179, 136
Trd, 8639562.046, 140
Trd, 8639562.646, 140
Trd, 8639563.446, 140
Trd, 8639563.479, 140
Trd, 8639563.679, 139
Trd, 8639563.712, 138
Trd, 8639563.746, 138
Trd, 8639563.979, 134
Trd, 8639564.012, 110
Trd, 8639565.412, 64
Trd, 8639565.712, 66
Trd, 8639565.946, 65
Trd, 8639566.112, 67
Trd, 8639566.212, 67
Trd, 8639567.012, 140
Trd, 8639567.646, 139
Trd, 8639568.346, 98
Trd, 8639568.512, 140
Trd, 8639568.646, 140
Trd, 8639569.046, 68
Trd, 8639569.879, 140
Trd, 8639569.912, 139
Trd, 8639570.146, 139
Trd, 8639570.346, 140
Trd, 8639570.412, 140
Trd, 8639570.879, 140
Trd, 8639571.546, 140
Trd, 8639572.979, 140
Trd, 8639573.079, 139
Trd, 8639573.379, 140
Trd, 8639573.712, 140
Trd, 8639574.112, 139
Trd, 8639574.446, 137
Trd, 8639575.046, 140
Trd, 8639575.546, 139
Trd, 8639575.679, 107
Trd, 8639576.279, 60
Trd, 8639576.312, 60
Trd, 8639576.879, 78
Trd, 8639577.246, 69
Trd, 8639577.712, 63
Trd, 8639577.812, 63
Trd, 8639578.346, 63
Trd, 8639578.446, 77
Trd, 8639578.779, 78
Trd, 8639579.279, 140
Trd, 8639579.546, 139
Trd, 8639579.679, 140
Trd, 8639579.746, 113
Trd, 8639579.879, 76
Trd, 8639581.846, 140
Trd, 8639582.279, 140
Trd, 8639582.479, 140
Trd, 8639582.846, 140
Trd, 8639582.879, 140
Trd, 8639582.946, 140
Trd, 8639583.246, 139
Trd, 8639583.879, 140
Trd, 8639584.246, 140
Trd, 8639585.579, 140
Trd, 8639585.979, 140
Trd, 8639586.379, 140
Trd, 8639587.479, 140
Trd, 8639587.612, 137
Trd, 8639587.779, 136
Trd, 8639588.079, 134
Trd, 8639588.146, 98
Trd, 8639588.212, 76
Trd, 8639589.379, 140
Trd, 8639589.612, 140
Trd, 8639590.046, 140
Trd, 8639590.346, 140
Trd, 8639591.546, 140
Trd, 8639591.879, 140
Trd, 8639592.612, 140
Trd, 8639593.212, 140
Trd, 8639593.712, 140
Trd, 8639593.746, 140
Trd, 8639594.246, 140
Trd, 8639594.712, 140
Trd, 8639595.379, 140
Trd, 8639595.546, 140
Trd, 8639595.979, 140
Trd, 8639596.012, 140
Trd, 8639596.046, 140
Trd, 8639596.646, 140
Trd, 8639596.879, 140
Trd, 8639597.546, 140
Trd, 8639598.212, 136
Trd, 8639598.379, 140
Trd, 8639599.446, 140
Trd, 8639599.746, 140
Trd, 8639600.012, 138
Trd, 8639600.246, 69
Trd, 8639600.346, 68
Trd, 8639601.046, 140
Trd, 8639601.346, 140
Trd, 8639602.912, 140
Trd, 8639603.479, 140
Trd, 8639603.612, 139
Trd, 8639603.746, 139
Trd, 8639604.246, 139
Trd, 8639605.379, 140
Trd, 8639605.512, 140
Trd, 8639605.879, 140
Trd, 8639605.946, 140
Trd, 8639606.546, 140
Trd, 8639606.579, 140
Trd, 8639607.312, 140
Trd, 8639607.479, 140
Trd, 8639607.612, 139
Trd, 8639607.779, 78
Trd, 8639608.212, 140
Trd, 8639609.379, 140
Trd, 8639610.112, 140
Trd, 8639610.746, 140
Trd, 8639611.146, 140
Trd, 8639611.412, 140
Trd, 8639611.946, 140
Trd, 8639612.879, 140
Trd, 8639613.279, 140
Trd, 8639613.612, 140
Trd, 8639613.779, 140
Trd, 8639614.212, 140
Trd, 8639614.946, 140
Trd, 8639615.012, 140
Trd, 8639616.046, 140
Trd, 8639616.246, 139
Trd, 8639616.812, 139
Trd, 8639617.079, 139
Trd, 8639617.812, 140
Trd, 8639617.946, 139
Trd, 8639618.312, 137
Trd, 8639618.346, 128
Trd, 8639619.279, 140
Trd, 8639619.646, 139
Trd, 8639620.446, 140
Trd, 8639620.979, 140
Trd, 8639621.212, 140
Trd, 8639621.612, 140
Trd, 8639621.746, 114
Trd, 8639622.246, 138
Trd, 8639622.512, 140
Trd, 8639622.712, 134
Trd, 8639622.912, 125
Trd, 8639623.746, 136
Trd, 8639623.946, 137
Trd, 8639624.012, 135
Trd, 8639624.579, 122
Trd, 8639624.712, 137
Trd, 8639625.546, 129
Trd, 8639625.779, 128
Trd, 8639625.912, 127
Trd, 8639626.579, 112
Trd, 8639626.846, 138
Trd, 8639627.446, 140
Trd, 8639628.079, 140
Trd, 8639629.446, 140
Trd, 8639630.046, 140
Trd, 8639630.146, 140
Trd, 8639630.279, 140
Trd, 8639630.446, 139
Trd, 8639631.446, 140
Trd, 8639631.846, 140
Trd, 8639633.046, 140
Trd, 8639633.146, 140
Trd, 8639633.679, 140
Trd, 8639633.912, 140
Trd, 8639634.579, 140
Trd, 8639634.712, 139
Trd, 8639634.846, 139
Trd, 8639634.879, 99
Trd, 8639635.312, 139
Trd, 8639635.812, 87
Trd, 8639635.946, 80
Trd, 8639636.246, 60
Trd, 8639636.412, 61
Trd, 8639637.179, 60
Trd, 8639637.279, 60
Trd, 8639637.846, 60
Trd, 8639638.179, 67
Trd, 8639638.712, 80
Trd, 8639639.079, 60
Trd, 8639639.146, 62
Trd, 8639639.379, 64
Trd, 8639639.679, 66
Trd, 8639640.546, 61
Trd, 8639640.579, 62
Trd, 8639641.812, 62
Trd, 8639642.112, 64
Trd, 8639642.979, 60
Trd, 8639643.246, 60
Trd, 8639643.546, 61
Trd, 8639644.012, 62
Trd, 8639645.279, 60
Trd, 8639645.612, 60
Trd, 8639646.312, 60
Trd, 8639646.379, 61
Trd, 8639646.712, 61
Trd, 8639646.846, 61
Trd, 8639647.179, 61
Trd, 8639647.546, 61
Trd, 8639647.712, 61
Trd, 8639647.879, 61
Trd, 8639648.012, 71
Trd, 8639648.379, 140
Trd, 8639648.946, 62
Trd, 8639649.412, 63
Trd, 8639649.646, 63
Trd, 8639650.679, 62
Trd, 8639650.779, 66
Trd, 8639651.112, 60
Trd, 8639651.446, 61
Trd, 8639651.746, 65
Trd, 8639652.146, 138
Trd, 8639652.479, 60
Trd, 8639653.146, 61
Trd, 8639653.579, 60
Trd, 8639653.812, 60
Trd, 8639654.046, 62
Trd, 8639655.046, 60
Trd, 8639655.212, 60
Trd, 8639655.312, 62
Trd, 8639655.812, 61
Trd, 8639656.412, 60
Trd, 8639656.446, 62
Trd, 8639656.612, 61
Trd, 8639657.112, 61
Trd, 8639657.246, 68
Trd, 8639657.946, 61
Trd, 8639658.146, 62
Trd, 8639659.012, 61
Trd, 8639659.112, 65
Trd, 8639659.846, 60
Trd, 8639660.579, 61
Trd, 8639661.312, 60
Trd, 8639661.479, 61
Trd, 8639661.512, 65
Trd, 8639662.246, 60
Trd, 8639662.812, 61
Trd, 8639663.379, 64
Trd, 8639664.479, 60
Trd, 8639664.812, 60
Trd, 8639665.512, 60
Trd, 8639666.079, 60
Trd, 8639666.312, 61
Trd, 8639666.446, 63
Trd, 8639666.712, 61
Trd, 8639666.846, 65
Trd, 8639667.246, 60
Trd, 8639667.446, 68
Trd, 8639667.479, 68
Trd, 8639667.946, 61
Trd, 8639669.146, 60
Trd, 8639670.146, 60
Trd, 8639670.612, 60
Trd, 8639670.879, 60
Trd, 8639671.412, 60
Trd, 8639671.512, 60
Trd, 8639671.646, 63
Trd, 8639672.146, 61
Trd, 8639672.246, 60
Trd, 8639672.446, 62
Trd, 8639672.812, 64
Trd, 8639672.846, 65
Trd, 8639673.812, 60
Trd, 8639674.479, 61
Trd, 8639674.679, 60
Trd, 8639674.779, 60
Trd, 8639675.079, 60
Trd, 8639675.646, 60
Trd, 8639676.479, 60
Trd, 8639676.646, 60
Trd, 8639676.846, 60
Trd, 8639677.512, 62
Trd, 8639677.779, 63
Trd, 8639678.246, 60
Trd, 8639678.279, 61
Trd, 8639678.412, 63
Trd, 8639678.946, 140
Trd, 8639679.379, 140
Trd, 8639680.246, 140
Trd, 8639680.412, 139
Trd, 8639681.212, 140
Trd, 8639681.446, 136
Trd, 8639681.512, 68
Trd, 8639682.712, 140
Trd, 8639683.312, 140
Trd, 8639683.612, 140
Trd, 8639683.812, 135
Trd, 8639684.012, 107
Trd, 8639684.546, 140
Trd, 8639684.912, 140
Trd, 8639685.279, 140
Trd, 8639686.012, 140
Trd, 8639686.079, 140
Trd, 8639687.012, 140
Trd, 8639688.179, 140
Trd, 8639688.579, 140
Trd, 8639688.612, 140
Trd, 8639689.179, 140
Trd, 8639689.612, 139
Trd, 8639690.379, 140
Trd, 8639690.846, 140
Trd, 8639691.012, 139
Trd, 8639691.546, 140
Trd, 8639691.646, 140
Trd, 8639692.146, 140
Trd, 8639692.379, 140
Trd, 8639692.512, 140
Trd, 8639692.712, 139
Trd, 8639692.779, 131
Trd, 8639693.346, 127
Trd, 8639693.946, 79
Trd, 8639694.712, 140
Trd, 8639694.879, 139
Trd, 8639695.846, 139
Trd, 8639696.046, 135
Trd, 8639696.446, 120
Trd, 8639696.779, 139
Trd, 8639697.246, 138
Trd, 8639697.479, 133
Trd, 8639697.812, 140
Trd, 8639698.446, 139
Trd, 8639699.379, 139
Trd, 8639699.679, 102
Trd, 8639700.079, 108
Trd, 8639700.479, 140
Trd, 8639701.012, 140
Trd, 8639701.579, 140
Trd, 8639702.046, 140
Trd, 8639702.312, 139
Trd, 8639703.012, 140
Trd, 8639703.579, 140
Trd, 8639704.179, 140
Trd, 8639704.379, 139
Trd, 8639704.412, 138
Trd, 8639704.579, 117
Trd, 8639704.679, 102
Trd, 8639705.746, 140
Trd, 8639705.779, 140
Trd, 8639705.879, 139
Trd, 8639706.946, 60
Trd, 8639707.146, 66
Trd, 8639707.379, 64
Trd, 8639707.746, 60
Trd, 8639708.946, 60
Trd, 8639709.046, 62
Trd, 8639709.312, 69
Trd, 8639709.779, 60
Trd, 8639710.079, 60
Trd, 8639710.846, 60
Trd, 8639710.979, 60
Trd, 8639711.112, 60
Trd, 8639711.912, 60
Trd, 8639713.512, 60
Trd, 8639714.012, 61
Trd, 8639714.579, 62
Trd, 8639714.779, 65
Trd, 8639714.812, 65
Trd, 8639714.846, 67
Trd, 8639715.279, 62
Trd, 8639715.346, 63
Trd, 8639715.646, 69
Trd, 8639716.146, 62
Trd, 8639716.246, 65
Trd, 8639716.446, 66
Trd, 8639717.146, 61
Trd, 8639718.279, 62
Trd, 8639718.346, 63
Trd, 8639718.512, 64
Trd, 8639718.546, 64
Trd, 8639719.246, 60
Trd, 8639719.312, 61
Trd, 8639719.412, 65
Trd, 8639720.546, 61
Trd, 8639720.712, 62
Trd, 8639720.812, 140
Trd, 8639721.446, 64
Trd, 8639721.712, 139
Trd, 8639721.912, 63
Trd, 8639722.679, 138
Trd, 8639723.079, 140
Trd, 8639723.379, 139
Trd, 8639723.746, 139
Trd, 8639724.612, 139
Trd, 8639725.279, 140
Trd, 8639725.446, 140
Trd, 8639725.479, 139
Trd, 8639725.979, 140
Trd, 8639726.312, 88
Trd, 8639726.546, 81
Trd, 8639727.212, 140
Trd, 8639727.279, 140
Trd, 8639727.879, 140
Trd, 8639728.046, 140
Trd, 8639729.546, 140
Trd, 8639730.546, 140
Trd, 8639730.979, 140
Trd, 8639731.346, 140
Trd, 8639731.512, 140
Trd, 8639731.546, 138
Trd, 8639731.812, 140
Trd, 8639732.446, 140
Trd, 8639732.746, 139
Trd, 8639733.279, 139
Trd, 8639734.179, 140
Trd, 8639734.212, 140
Trd, 8639735.146, 140
Trd, 8639735.412, 140
Trd, 8639735.612, 139
Trd, 8639736.146, 135
Trd, 8639736.379, 89
Trd, 8639737.279, 140
Trd, 8639737.379, 140
Trd, 8639737.879, 137
Trd, 8639738.846, 140
Trd, 8639739.046, 140
Trd, 8639739.079, 137
Trd, 8639739.579, 140
Trd, 8639739.779, 140
Trd, 8639740.446, 138
Trd, 8639740.646, 123
Trd, 8639740.979, 83
Trd, 8639741.046, 78
Trd, 8639741.679, 60
Trd, 8639741.746, 60
Trd, 8639741.779, 137
Trd, 8639742.046, 133
Trd, 8639742.512, 140
Trd, 8639742.646, 112
Trd, 8639743.279, 137
Trd, 8639743.779, 140
Trd, 8639744.779, 140
Trd, 8639744.912, 140
Trd, 8639745.712, 140
Trd, 8639745.879, 140
Trd, 8639746.012, 139
Trd, 8639746.146, 138
Trd, 8639746.279, 84
Trd, 8639746.812, 140
Trd, 8639747.179, 140
Trd, 8639747.379, 62
Trd, 8639748.246, 60
Trd, 8639748.312, 60
Trd, 8639748.646, 66
Trd, 8639749.346, 62
Trd, 8639749.646, 64
Trd, 8639749.846, 70
Trd, 8639750.946, 60
Trd, 8639751.512, 60
Trd, 8639751.579, 62
Trd, 8639752.046, 65
Trd, 8639752.246, 69
Trd, 8639752.512, 71
Trd, 8639752.879, 60
Trd, 8639753.179, 63
Trd, 8639753.679, 60
Trd, 8639753.712, 61
Trd, 8639754.279, 138
Trd, 8639754.746, 67
Trd, 8639755.512, 60
Trd, 8639756.946, 61
Trd, 8639757.246, 62
Trd, 8639757.446, 62
Trd, 8639757.512, 63
Trd, 8639757.912, 60
Trd, 8639758.612, 64
Trd, 8639759.112, 62
Trd, 8639760.079, 63
Trd, 8639760.112, 68
Trd, 8639760.179, 69
Trd, 8639760.679, 64
Trd, 8639760.746, 65
Trd, 8639760.912, 66
Trd, 8639761.179, 69
Trd, 8639761.479, 60
Trd, 8639761.546, 69
Trd, 8639762.246, 140
Trd, 8639762.879, 60
Trd, 8639763.379, 61
Trd, 8639763.546, 61
Trd, 8639763.779, 61
Trd, 8639763.812, 62
Trd, 8639764.479, 60
Trd, 8639765.212, 60
Trd, 8639766.046, 60
Trd, 8639766.446, 61
Trd, 8639766.512, 63
Trd, 8639767.112, 62
Trd, 8639767.212, 62
Trd, 8639767.712, 60
Trd, 8639767.779, 60
Trd, 8639768.012, 61
Trd, 8639769.479, 61
Trd, 8639770.046, 60
Trd, 8639770.179, 60
Trd, 8639770.346, 61
Trd, 8639770.879, 60
Trd, 8639770.979, 62
Trd, 8639772.112, 60
Trd, 8639772.612, 60
Trd, 8639772.646, 60
Trd, 8639772.979, 60
Trd, 8639773.846, 60
Trd, 8639774.012, 60
Trd, 8639774.046, 60
Trd, 8639774.312, 62
Trd, 8639774.379, 62
Trd, 8639774.546, 61
Trd, 8639774.879, 61
Trd, 8639775.146, 63
Trd, 8639775.779, 60
Trd, 8639776.212, 79
Trd, 8639777.012, 63
Trd, 8639777.546, 68
Trd, 8639777.779, 62
Trd, 8639778.146, 64
Trd, 8639778.879, 60
Trd, 8639779.146, 60
Trd, 8639779.479, 61
Trd, 8639780.146, 60
Trd, 8639780.312, 60
Trd, 8639780.946, 62
Trd, 8639781.312, 60
Trd, 8639781.579, 62
Trd, 8639782.079, 60
Trd, 8639782.779, 60
Trd, 8639783.146, 61
Trd, 8639783.312, 62
Trd, 8639783.912, 61
Trd, 8639784.612, 60
Trd, 8639785.179, 60
Trd, 8639785.412, 60
Trd, 8639785.846, 60
Trd, 8639785.946, 60
Trd, 8639786.012, 61
Trd, 8639786.346, 60
Trd, 8639786.479, 61
Trd, 8639787.079, 76
Trd, 8639788.146, 62
Trd, 8639788.579, 61
Trd, 8639788.946, 62
Trd, 8639789.379, 63
Trd, 8639789.479, 66
Trd, 8639789.746, 67
Trd, 8639790.412, 63
Trd, 8639790.546, 60
Trd, 8639791.079, 60
Trd, 8639791.379, 60
Trd, 8639791.846, 63
Trd, 8639792.512, 64
Trd, 8639793.012, 60
Trd, 8639793.712, 61
Trd, 8639793.879, 62
Trd, 8639794.512, 140
Trd, 8639794.579, 140
Trd, 8639795.379, 140
Trd, 8639795.812, 140
Trd, 8639796.646, 140
Trd, 8639796.779, 139
Trd, 8639797.212, 139
Trd, 8639797.879, 108
Trd, 8639798.246, 85
Trd, 8639798.379, 137
Trd, 8639798.479, 123
Trd, 8639798.779, 84
Trd, 8639798.912, 76
Trd, 8639799.179, 140
Trd, 8639799.579, 60
Trd, 8639799.746, 60
Trd, 8639799.879, 68
Trd, 8639801.312, 140
Trd, 8639801.479, 140
Trd, 8639801.512, 140
Trd, 8639802.179, 140
Trd, 8639802.346, 139
Trd, 8639802.412, 72
Trd, 8639803.379, 140
Trd, 8639803.779, 140
Trd, 8639803.846, 139
Trd, 8639804.346, 139
Trd, 8639804.646, 137
Trd, 8639805.346, 139
Trd, 8639805.379, 118
Trd, 8639805.546, 60
Trd, 8639805.879, 88
Trd, 8639806.012, 139
Trd, 8639806.879, 140
Trd, 8639807.579, 140
Trd, 8639807.612, 140
Trd, 8639807.812, 140
Trd, 8639808.046, 63
Trd, 8639808.212, 63
Trd, 8639809.446, 60
Trd, 8639809.579, 61
Trd, 8639809.946, 60
Trd, 8639810.112, 62
Trd, 8639810.179, 65
Trd, 8639810.246, 66
Trd, 8639810.979, 70
Trd, 8639811.879, 68
Trd, 8639812.646, 60
Trd, 8639813.212, 60
Trd, 8639813.479, 61
Trd, 8639813.546, 62
Trd, 8639813.712, 63
Trd, 8639814.479, 60
Trd, 8639814.979, 65
Trd, 8639816.146, 60
Trd, 8639816.212, 62
Trd, 8639816.446, 62
Trd, 8639816.546, 66
Trd, 8639816.779, 63
Trd, 8639817.346, 64
Trd, 8639817.479, 69
Trd, 8639818.112, 61
Trd, 8639818.379, 64
Trd, 8639819.046, 61
Trd, 8639819.312, 65
Trd, 8639819.979, 114
Trd, 8639820.212, 65
Trd, 8639820.379, 68
Trd, 8639820.779, 61
Trd, 8639821.646, 60
Trd, 8639821.746, 61
Trd, 8639822.212, 65
Trd, 8639823.312, 60
Trd, 8639823.446, 60
Trd, 8639823.512, 62
Trd, 8639823.646, 66
Trd, 8639823.679, 68
Trd, 8639824.279, 81
Trd, 8639824.779, 61
Trd, 8639825.912, 64
Trd, 8639826.379, 63
Trd, 8639826.479, 62
Trd, 8639826.812, 139
Trd, 8639826.979, 116
Trd, 8639827.612, 60
Trd, 8639827.712, 70
Trd, 8639827.779, 72
Trd, 8639828.446, 91
Trd, 8639829.079, 92
Trd, 8639829.646, 140
Trd, 8639829.846, 140
Trd, 8639829.912, 140
Trd, 8639830.212, 138
Trd, 8639830.279, 137
Trd, 8639830.946, 83
Trd, 8639831.412, 63
Trd, 8639831.512, 63
Trd, 8639832.112, 60
Trd, 8639832.146, 65
Trd, 8639832.612, 66
Trd, 8639832.812, 67
Trd, 8639833.246, 68
Trd, 8639833.446, 124
Trd, 8639833.812, 62
Trd, 8639834.379, 140
Trd, 8639834.812, 139
Trd, 8639835.112, 138
Trd, 8639835.346, 63
Trd, 8639836.046, 138
Trd, 8639836.079, 123
Trd, 8639837.646, 60
Trd, 8639838.346, 60
Trd, 8639838.779, 60
Trd, 8639838.946, 60
Trd, 8639839.012, 61
Trd, 8639839.712, 61
Trd, 8639839.746, 63
Trd, 8639839.979, 62
Trd, 8639840.879, 60
Trd, 8639841.246, 61
Trd, 8639841.679, 60
Trd, 8639841.946, 60
Trd, 8639842.112, 62
Trd, 8639842.579, 62
Trd, 8639842.712, 63
Trd, 8639842.946, 62
Trd, 8639843.212, 63
Trd, 8639843.946, 69
Trd, 8639844.779, 69
Trd, 8639844.812, 71
Trd, 8639846.046, 60
Trd, 8639846.312, 60
Trd, 8639846.546, 62
Trd, 8639847.312, 60
Trd, 8639847.579, 60
Trd, 8639847.612, 60
Trd, 8639847.746, 61
Trd, 8639848.012, 62
Trd, 8639848.612, 64
Trd, 8639849.179, 60
Trd, 8639849.312, 62
Trd, 8639850.079, 60
Trd, 8639850.112, 60
Trd, 8639850.579, 60
Trd, 8639850.779, 62
Trd, 8639851.212, 61
Trd, 8639851.479, 62
Trd, 8639852.412, 62
Trd, 8639852.812, 62
Trd, 8639853.046, 61
Trd, 8639853.079, 64
Trd, 8639853.512, 66
Trd, 8639854.346, 60
Trd, 8639854.712, 60
Trd, 8639854.879, 62
Trd, 8639855.446, 64
Trd, 8639855.946, 62
Trd, 8639856.279, 60
Trd, 8639856.579, 60
Trd, 8639856.912, 61
Trd, 8639857.146, 60
Trd, 8639857.546, 61
Trd, 8639857.846, 61
Trd, 8639857.912, 64
Trd, 8639858.912, 61
Trd, 8639859.012, 63
Trd, 8639860.212, 60
Trd, 8639861.012, 60
Trd, 8639861.846, 60
Trd, 8639862.512, 60
Trd, 8639862.679, 60
Trd, 8639862.746, 61
Trd, 8639862.812, 62
Trd, 8639863.112, 60
Trd, 8639864.012, 60
Trd, 8639864.046, 61
Trd, 8639864.212, 62
Trd, 8639864.612, 60
Trd, 8639865.179, 62
Trd, 8639865.379, 63
Trd, 8639865.912, 60
Trd, 8639867.746, 60
Trd, 8639867.912, 60
Trd, 8639868.246, 60
Trd, 8639868.446, 60
Trd, 8639868.479, 60
Trd, 8639868.712, 60
Trd, 8639868.846, 60
Trd, 8639868.912, 61
Trd, 8639868.946, 61
Trd, 8639869.779, 62
Trd, 8639869.812, 64
Trd, 8639869.846, 61
Trd, 8639870.112, 62
Trd, 8639870.612, 67
Trd, 8639871.146, 67
Trd, 8639871.579, 67
Trd, 8639871.679, 63
Trd, 8639872.246, 130
Trd, 8639872.712, 92
Trd, 8639873.312, 72
Trd, 8639873.746, 60
Trd, 8639874.079, 60
Trd, 8639874.246, 60
Trd, 8639874.279, 70
Trd, 8639874.779, 87
Trd, 8639875.046, 140
Trd, 8639875.512, 140
Trd, 8639875.846, 140
Trd, 8639876.012, 133
Trd, 8639876.946, 140
Trd, 8639877.712, 140
Trd, 8639878.312, 140
Trd, 8639878.346, 140
Trd, 8639878.379, 139
Trd, 8639878.679, 140
Trd, 8639879.112, 87
Trd, 8639879.546, 62
Trd, 8639880.346, 71
Trd, 8639880.812, 140
Trd, 8639881.079, 139
Trd, 8639881.279, 140
Trd, 8639881.446, 138
Trd, 8639882.079, 139
Trd, 8639882.212, 140
Trd, 8639882.412, 83
Trd, 8639883.212, 61
Trd, 8639883.312, 62
Trd, 8639884.146, 60
Trd, 8639884.279, 62
Trd, 8639884.412, 60
Trd, 8639885.146, 62
Trd, 8639885.412, 67
Trd, 8639885.779, 62
Trd, 8639886.079, 74
Trd, 8639886.812, 63
Trd, 8639886.979, 78
Trd, 8639887.546, 61
Trd, 8639887.779, 62
Trd, 8639888.446, 60
Trd, 8639889.146, 60
Trd, 8639890.212, 60
Trd, 8639890.412, 60
Trd, 8639890.879, 63
Trd, 8639891.246, 63
Trd, 8639892.246, 60
Trd, 8639892.279, 60
Trd, 8639893.112, 60
Trd, 8639893.146, 62
Trd, 8639893.412, 62
Trd, 8639894.246, 62
Trd, 8639894.646, 60
Trd, 8639894.746, 63
Trd, 8639895.179, 61
Trd, 8639895.246, 64
Trd, 8639896.112, 62
Trd, 8639897.079, 61
Trd, 8639897.279, 60
Trd, 8639897.479, 61
Trd, 8639897.679, 61
Trd, 8639897.779, 62
Trd, 8639897.812, 63
Trd, 8639898.146, 140
Trd, 8639898.446, 140
Trd, 8639898.812, 136
Trd, 8639899.179, 140
Trd, 8639899.512, 137
Trd, 8639899.646, 135
Trd, 8639899.679, 105
Trd, 8639899.746, 138
Trd, 8639901.779, 140
Trd, 8639901.946, 140
Trd, 8639903.146, 140
Trd, 8639903.612, 140
Trd, 8639903.746, 140
Trd, 8639904.012, 139
Trd, 8639904.079, 139
Trd, 8639904.379, 136
Trd, 8639905.246, 139
Trd, 8639905.479, 138
Trd, 8639905.612, 136
Trd, 8639906.146, 128
Trd, 8639906.312, 93
Trd, 8639907.079, 140
Trd, 8639907.612, 140
Trd, 8639907.679, 140
Trd, 8639908.146, 140
Trd, 8639908.379, 140
Trd, 8639908.912, 140
Trd, 8639908.979, 140
Trd, 8639909.512, 140
Trd, 8639909.979, 140
Trd, 8639910.446, 140
Trd, 8639910.612, 140
Trd, 8639910.879, 138
Trd, 8639911.146, 120
Trd, 8639911.779, 60
Trd, 8639911.846, 60
Trd, 8639912.446, 60
Trd, 8639912.879, 60
Trd, 8639914.246, 60
Trd, 8639914.346, 60
Trd, 8639914.879, 61
Trd, 8639915.312, 61
Trd, 8639915.546, 63
Trd, 8639915.746, 61
Trd, 8639916.646, 61
Trd, 8639917.546, 64
Trd, 8639917.746, 61
Trd, 8639918.546, 60
Trd, 8639918.712, 60
Trd, 8639918.879, 60
Trd, 8639918.979, 61
Trd, 8639919.146, 63
Trd, 8639919.612, 61
Trd, 8639920.046, 63
Trd, 8639920.146, 63
Trd, 8639920.512, 65
Trd, 8639920.979, 61
Trd, 8639921.079, 115
Trd, 8639921.346, 65
Trd, 8639921.779, 64
Trd, 8639921.846, 62
Trd, 8639921.979, 61
Trd, 8639922.479, 65
Trd, 8639923.879, 60
Trd, 8639924.112, 62
Trd, 8639924.246, 60
Trd, 8639924.679, 138
Trd, 8639925.512, 60
Trd, 8639925.712, 69
Trd, 8639926.312, 66
Trd, 8639926.779, 73
Trd, 8639927.946, 60
Trd, 8639928.079, 60
Trd, 8639928.112, 60
Trd, 8639928.212, 60
Trd, 8639928.512, 61
Trd, 8639928.712, 61
Trd, 8639929.346, 63
Trd, 8639930.012, 60
Trd, 8639930.479, 63
Trd, 8639930.779, 140
Trd, 8639931.746, 129
Trd, 8639932.179, 129
Trd, 8639932.379, 122
Trd, 8639932.446, 136
Trd, 8639932.879, 62
Trd, 8639933.412, 60
Trd, 8639933.479, 60
Trd, 8639933.646, 64
Trd, 8639933.846, 92
Trd, 8639934.212, 61
Trd, 8639934.246, 75
Trd, 8639934.746, 140
Trd, 8639935.179, 109
Trd, 8639935.846, 68
Trd, 8639936.512, 69
Trd, 8639937.079, 72
Trd, 8639937.312, 60
Trd, 8639937.446, 73
Trd, 8639938.479, 60
Trd, 8639938.946, 60
Trd, 8639939.979, 60
Trd, 8639940.079, 61
Trd, 8639940.512, 60
Trd, 8639940.946, 61
Trd, 8639941.712, 64
Trd, 8639942.179, 63
Trd, 8639942.546, 62
Trd, 8639943.012, 64
Trd, 8639943.346, 60
Trd, 8639943.746, 60
Trd, 8639944.079, 64
Trd, 8639944.246, 60
Trd, 8639944.279, 65
Trd, 8639944.779, 60
Trd, 8639944.946, 72
Trd, 8639945.512, 67
Trd, 8639946.179, 63
Trd, 8639946.279, 65
Trd, 8639946.612, 70
Trd, 8639946.912, 69
Trd, 8639947.646, 60
Trd, 8639947.979, 60
Trd, 8639948.279, 60
Trd, 8639948.746, 60
Trd, 8639949.612, 60
Trd, 8639949.712, 61
Trd, 8639950.779, 60
Trd, 8639951.012, 61
Trd, 8639951.246, 61
Trd, 8639951.912, 60
Trd, 8639952.212, 65
Trd, 8639952.912, 62
Trd, 8639953.379, 63
Trd, 8639954.012, 62
Trd, 8639954.179, 67
Trd, 8639954.312, 62
Trd, 8639954.412, 61
Trd, 8639954.746, 60
Trd, 8639955.312, 64
Trd, 8639955.512, 65
Trd, 8639956.246, 61
Trd, 8639956.679, 60
Trd, 8639956.912, 61
Trd, 8639957.146, 60
Trd, 8639958.279, 60
Trd, 8639958.446, 61
Trd, 8639958.546, 60
Trd, 8639958.712, 60
Trd, 8639959.079, 60
Trd, 8639959.312, 61
Trd, 8639959.646, 62
Trd, 8639960.012, 60
Trd, 8639960.912, 64
Trd, 8639961.546, 60
Trd, 8639961.612, 62
Trd, 8639961.679, 62
Trd, 8639962.512, 60
Trd, 8639962.812, 60
Trd, 8639963.646, 60
Trd, 8639963.746, 62
Trd, 8639964.246, 62
Trd, 8639964.312, 62
Trd, 8639965.179, 60
Trd, 8639965.379, 62
Trd, 8639966.212, 60
Trd, 8639966.712, 63
Trd, 8639967.612, 61
Trd, 8639967.812, 62
Trd, 8639968.812, 60
Trd, 8639968.912, 60
Trd, 8639969.279, 61
Trd, 8639969.379, 62
Trd, 8639969.846, 63
Trd, 8639970.212, 60
Trd, 8639970.446, 60
Trd, 8639970.746, 60
Trd, 8639970.779, 61
Trd, 8639971.246, 61
Trd, 8639971.446, 67
Trd, 8639972.912, 140
Trd, 8639972.979, 140
Trd, 8639973.446, 138
Trd, 8639973.512, 137
Trd, 8639974.079, 140
Trd, 8639975.046, 140
Trd, 8639975.312, 140
Trd, 8639975.412, 138
Trd, 8639976.746, 140
Trd, 8639977.079, 136
Trd, 8639977.479, 140
Trd, 8639978.379, 140
Trd, 8639978.512, 140
Trd, 8639979.112, 140
Trd, 8639979.312, 140
Trd, 8639979.379, 139
Trd, 8639980.012, 139
Trd, 8639980.679, 138
Trd, 8639980.879, 138
Trd, 8639981.312, 139
Trd, 8639981.912, 139
Trd, 8639982.312, 140
Trd, 8639982.746, 100
Trd, 8639983.079, 139
Trd, 8639983.579, 136
Trd, 8639984.346, 140
Trd, 8639984.679, 140
Trd, 8639985.146, 139
Trd, 8639985.746, 140
Trd, 8639986.012, 140
Trd, 8639986.079, 116
Trd, 8639986.812, 81
Trd, 8639987.312, 136
Trd, 8639987.412, 140
Trd, 8639987.546, 126
Trd, 8639988.279, 140
Trd, 8639988.546, 140
Trd, 8639988.946, 140
Trd, 8639989.146, 139
Trd, 8639989.479, 135
Trd, 8639989.912, 68
Trd, 8639990.612, 140
Trd, 8639990.846, 140
Trd, 8639990.912, 70
Trd, 8639991.179, 68
Trd, 8639991.546, 140
Trd, 8639992.546, 140
Trd, 8639992.779, 140
Trd, 8639993.279, 140
Trd, 8639993.379, 140
Trd, 8639993.879, 138
Trd, 8639994.279, 139
Trd, 8639994.646, 139
Trd, 8639995.479, 139
Trd, 8639995.912, 140
Trd, 8639996.012, 138
Trd, 8639996.712, 140
Trd, 8639996.846, 99
Trd, 8639997.446, 140
Trd, 8639997.946, 140
Trd, 8639997.979, 91
Trd, 8639998.579, 139
Trd, 8639999.246, 93
Trd, 8639999.512, 60
Trd, 8639999.746, 65
