Trd, 8638751.079, 92
Trd, 8638751.312, 87
Trd, 8638752.046, 104
Trd, 8638752.479, 110
Trd, 8638752.612, 99
Trd, 8638753.412, 116
Trd, 8638754.012, 80
Trd, 8638754.846, 63
Trd, 8638755.146, 76
Trd, 8638755.412, 79
Trd, 8638755.512, 73
Trd, 8638756.246, 125
Trd, 8638757.212, 136
Trd, 8638757.479, 134
Trd, 8638759.512, 140
Trd, 8638759.879, 137
Trd, 8638760.279, 133
Trd, 8638760.479, 135
Trd, 8638760.979, 132
Trd, 8638761.246, 113
Trd, 8638761.412, 112
Trd, 8638761.579, 115
Trd, 8638761.946, 117
Trd, 8638762.512, 108
Trd, 8638762.546, 92
Trd, 8638762.779, 92
Trd, 8638765.112, 139
Trd, 8638765.179, 131
Trd, 8638765.812, 125
Trd, 8638766.046, 122
Trd, 8638766.379, 140
Trd, 8638766.546, 134
Trd, 8638766.812, 106
Trd, 8638767.279, 98
Trd, 8638767.846, 108
Trd, 8638767.946, 99
Trd, 8638768.046, 95
Trd, 8638770.012, 139
Trd, 8638770.112, 138
Trd, 8638770.246, 136
Trd, 8638770.546, 119
Trd, 8638771.779, 140
Trd, 8638772.379, 138
Trd, 8638772.646, 140
Trd, 8638772.812, 117
Trd, 8638773.079, 109
Trd, 8638774.746, 126
Trd, 8638774.912, 102
Trd, 8638775.546, 94
Trd, 8638776.046, 81
Trd, 8638776.346, 96
Trd, 8638776.679, 80
Trd, 8638777.346, 123
Trd, 8638778.279, 134
Trd, 8638778.846, 140
Trd, 8638779.112, 129
Trd, 8638779.479, 113
Trd, 8638779.979, 112
Trd, 8638780.146, 112
Trd, 8638780.579, 97
Trd, 8638781.246, 98
Trd, 8638781.946, 123
Trd, 8638781.979, 122
Trd, 8638783.012, 122
Trd, 8638783.079, 99
Trd, 8638783.446, 105
Trd, 8638783.579, 140
Trd, 8638784.079, 107
Trd, 8638784.812, 105
Trd, 8638785.779, 99
Trd, 8638787.079, 115
Trd, 8638787.446, 106
Trd, 8638787.712, 124
Trd, 8638788.112, 122
Trd, 8638788.479, 121
Trd, 8638788.712, 120
Trd, 8638788.879, 140
Trd, 8638788.912, 116
Trd, 8638789.012, 102
Trd, 8638789.946, 95
Trd, 8638790.379, 98
Trd, 8638791.079, 95
Trd, 8638792.079, 115
Trd, 8638792.912, 137
Trd, 8638792.979, 112
Trd, 8638794.112, 131
Trd, 8638794.412, 130
Trd, 8638794.612, 128
Trd, 8638794.712, 126
Trd, 8638794.846, 110
Trd, 8638795.046, 106
Trd, 8638795.279, 119
Trd, 8638795.446, 98
Trd, 8638796.979, 140
Trd, 8638797.379, 140
Trd, 8638797.712, 134
Trd, 8638798.379, 133
Trd, 8638799.246, 132
Trd, 8638799.779, 131
Trd, 8638799.846, 129
Trd, 8638800.279, 133
Trd, 8638800.379, 109
Trd, 8638800.646, 110
Trd, 8638800.712, 107
Trd, 8638802.979, 140
Trd, 8638803.479, 140
Trd, 8638803.746, 137
Trd, 8638803.946, 133
Trd, 8638804.846, 132
Trd, 8638805.312, 119
Trd, 8638805.946, 108
Trd, 8638807.279, 136
Trd, 8638807.679, 134
Trd, 8638807.846, 133
Trd, 8638808.179, 108
Trd, 8638808.412, 87
Trd, 8638808.879, 77
Trd, 8638809.246, 85
Trd, 8638810.212, 120
Trd, 8638810.512, 95
Trd, 8638810.646, 76
Trd, 8638810.846, 121
Trd, 8638812.112, 140
Trd, 8638812.146, 140
Trd, 8638812.179, 139
Trd, 8638813.679, 140
Trd, 8638813.912, 119
Trd, 8638814.179, 118
Trd, 8638815.279, 126
Trd, 8638815.412, 125
Trd, 8638816.246, 124
Trd, 8638816.412, 116
Trd, 8638816.612, 115
Trd, 8638817.412, 114
Trd, 8638817.612, 113
Trd, 8638817.679, 106
Trd, 8638817.812, 94
Trd, 8638819.179, 113
Trd, 8638819.446, 114
Trd, 8638820.046, 140
Trd, 8638820.379, 116
Trd, 8638820.846, 116
Trd, 8638821.279, 106
Trd, 8638821.446, 105
Trd, 8638821.779, 104
Trd, 8638821.812, 103
Trd, 8638822.279, 87
Trd, 8638823.179, 65
Trd, 8638823.312, 77
Trd, 8638823.712, 71
Trd, 8638823.812, 69
Trd, 8638824.912, 120
Trd, 8638825.946, 122
Trd, 8638826.112, 121
Trd, 8638826.479, 116
Trd, 8638827.012, 104
Trd, 8638827.279, 101
Trd, 8638827.646, 120
Trd, 8638828.312, 132
Trd, 8638828.346, 131
Trd, 8638828.912, 91
Trd, 8638829.979, 103
Trd, 8638830.512, 104
Trd, 8638830.779, 69
Trd, 8638830.812, 67
Trd, 8638831.812, 106
Trd, 8638832.112, 127
Trd, 8638832.546, 93
Trd, 8638833.479, 122
Trd, 8638834.279, 118
Trd, 8638834.512, 120
Trd, 8638834.679, 117
Trd, 8638835.279, 116
Trd, 8638835.346, 117
Trd, 8638835.379, 116
Trd, 8638837.012, 114
Trd, 8638837.212, 108
Trd, 8638837.379, 103
Trd, 8638837.546, 121
Trd, 8638838.079, 111
Trd, 8638838.112, 121
Trd, 8638839.346, 100
Trd, 8638839.812, 134
Trd, 8638840.146, 131
Trd, 8638840.446, 116
Trd, 8638840.646, 114
Trd, 8638841.012, 138
Trd, 8638841.779, 105
Trd, 8638842.146, 105
Trd, 8638842.346, 100
Trd, 8638842.846, 86
Trd, 8638843.079, 81
Trd, 8638843.512, 78
Trd, 8638844.046, 72
Trd, 8638844.112, 70
Trd, 8638844.412, 69
Trd, 8638845.079, 117
Trd, 8638846.612, 130
Trd, 8638846.879, 128
Trd, 8638846.946, 128
Trd, 8638847.079, 132
Trd, 8638847.912, 140
Trd, 8638848.446, 136
Trd, 8638848.512, 135
Trd, 8638849.279, 136
Trd, 8638850.146, 120
Trd, 8638850.346, 116
Trd, 8638851.279, 117
Trd, 8638851.512, 114
Trd, 8638851.846, 123
Trd, 8638852.246, 126
Trd, 8638852.446, 121
Trd, 8638852.846, 140
Trd, 8638853.712, 122
Trd, 8638854.112, 127
Trd, 8638854.146, 116
Trd, 8638854.346, 112
Trd, 8638854.979, 104
Trd, 8638856.579, 135
Trd, 8638856.746, 131
Trd, 8638857.546, 132
Trd, 8638857.646, 109
Trd, 8638857.979, 104
Trd, 8638859.112, 140
Trd, 8638859.212, 140
Trd, 8638859.679, 136
Trd, 8638860.079, 118
Trd, 8638861.379, 117
Trd, 8638861.812, 107
Trd, 8638862.012, 112
Trd, 8638862.446, 139
Trd, 8638863.012, 117
Trd, 8638863.379, 116
Trd, 8638863.879, 111
Trd, 8638864.279, 101
Trd, 8638864.346, 90
Trd, 8638864.946, 78
Trd, 8638865.679, 92
Trd, 8638865.846, 91
Trd, 8638867.279, 119
Trd, 8638868.412, 127
Trd, 8638868.446, 119
Trd, 8638868.479, 118
Trd, 8638868.912, 113
Trd, 8638869.212, 113
Trd, 8638869.679, 112
Trd, 8638870.212, 138
Trd, 8638870.512, 105
Trd, 8638870.912, 100
Trd, 8638871.112, 125
Trd, 8638871.279, 98
Trd, 8638873.112, 128
Trd, 8638873.312, 126
Trd, 8638873.746, 125
Trd, 8638873.879, 108
Trd, 8638875.112, 128
Trd, 8638875.346, 109
Trd, 8638875.679, 103
Trd, 8638876.446, 101
Trd, 8638877.212, 124
Trd, 8638877.379, 122
Trd, 8638877.646, 115
Trd, 8638877.746, 101
Trd, 8638878.579, 140
Trd, 8638879.279, 140
Trd, 8638881.779, 124
Trd, 8638881.879, 123
Trd, 8638882.546, 137
Trd, 8638883.012, 126
Trd, 8638883.112, 120
Trd, 8638883.612, 116
Trd, 8638884.112, 105
Trd, 8638884.446, 101
Trd, 8638884.812, 79
Trd, 8638885.346, 97
Trd, 8638885.879, 80
Trd, 8638886.012, 107
Trd, 8638886.812, 84
Trd, 8638887.146, 92
Trd, 8638887.779, 139
Trd, 8638887.879, 120
Trd, 8638889.246, 115
Trd, 8638889.446, 116
Trd, 8638889.712, 115
Trd, 8638890.146, 114
Trd, 8638891.812, 108
Trd, 8638891.912, 99
Trd, 8638892.112, 91
Trd, 8638892.579, 92
Trd, 8638892.846, 100
Trd, 8638893.146, 117
Trd, 8638894.279, 111
Trd, 8638894.712, 140
Trd, 8638894.846, 139
Trd, 8638895.412, 98
Trd, 8638895.779, 93
Trd, 8638896.012, 91
Trd, 8638896.179, 90
Trd, 8638896.912, 138
Trd, 8638897.046, 112
Trd, 8638897.712, 112
Trd, 8638897.846, 109
Trd, 8638898.412, 107
Trd, 8638898.479, 106
Trd, 8638899.212, 99
Trd, 8638900.279, 100
Trd, 8638901.779, 122
Trd, 8638901.912, 109
Trd, 8638901.946, 106
Trd, 8638902.846, 88
Trd, 8638903.312, 121
Trd, 8638904.112, 140
Trd, 8638904.446, 140
Trd, 8638904.912, 132
Trd, 8638905.012, 131
Trd, 8638905.779, 130
Trd, 8638906.046, 121
Trd, 8638906.179, 117
Trd, 8638906.946, 109
Trd, 8638907.579, 114
Trd, 8638909.346, 110
Trd, 8638909.846, 103
Trd, 8638909.879, 101
Trd, 8638909.979, 99
Trd, 8638910.512, 98
Trd, 8638910.912, 140
Trd, 8638911.012, 113
Trd, 8638911.112, 99
Trd, 8638911.379, 85
Trd, 8638912.246, 130
Trd, 8638914.012, 128
Trd, 8638914.612, 128
Trd, 8638914.679, 127
Trd, 8638914.846, 122
Trd, 8638915.146, 122
Trd, 8638915.312, 103
Trd, 8638915.412, 103
Trd, 8638915.612, 138
Trd, 8638915.846, 101
Trd, 8638915.912, 99
Trd, 8638915.946, 99
Trd, 8638917.379, 92
Trd, 8638918.212, 107
Trd, 8638919.112, 101
Trd, 8638920.079, 98
Trd, 8638920.212, 88
Trd, 8638920.246, 106
Trd, 8638921.646, 108
Trd, 8638921.879, 106
Trd, 8638922.646, 90
Trd, 8638922.779, 86
Trd, 8638922.846, 83
Trd, 8638922.912, 77
Trd, 8638923.046, 86
Trd, 8638923.179, 119
Trd, 8638923.879, 72
Trd, 8638925.012, 121
Trd, 8638925.379, 115
Trd, 8638925.546, 112
Trd, 8638926.379, 138
Trd, 8638926.612, 136
Trd, 8638927.179, 129
Trd, 8638927.346, 125
Trd, 8638927.812, 104
Trd, 8638928.479, 126
Trd, 8638928.679, 125
Trd, 8638929.112, 124
Trd, 8638929.646, 119
Trd, 8638929.746, 139
Trd, 8638929.812, 113
Trd, 8638929.912, 95
Trd, 8638931.612, 94
Trd, 8638932.012, 114
Trd, 8638932.546, 103
Trd, 8638932.712, 95
Trd, 8638933.046, 113
Trd, 8638933.879, 140
Trd, 8638934.112, 116
Trd, 8638934.312, 96
Trd, 8638934.512, 117
Trd, 8638935.646, 96
Trd, 8638935.846, 94
Trd, 8638935.946, 97
Trd, 8638936.046, 91
Trd, 8638936.546, 128
Trd, 8638937.746, 105
Trd, 8638937.846, 90
Trd, 8638938.912, 122
Trd, 8638939.046, 95
Trd, 8638940.746, 92
Trd, 8638940.912, 91
Trd, 8638941.146, 90
Trd, 8638941.212, 89
Trd, 8638941.712, 106
Trd, 8638941.779, 124
Trd, 8638942.312, 105
Trd, 8638942.746, 105
Trd, 8638943.246, 100
Trd, 8638943.312, 100
Trd, 8638944.579, 88
Trd, 8638945.012, 130
Trd, 8638945.046, 91
Trd, 8638945.746, 127
Trd, 8638946.112, 130
Trd, 8638946.279, 129
Trd, 8638947.279, 139
Trd, 8638947.312, 138
Trd, 8638948.246, 119
Trd, 8638948.746, 112
Trd, 8638949.112, 111
Trd, 8638950.279, 138
Trd, 8638950.379, 117
Trd, 8638950.812, 117
Trd, 8638951.312, 112
Trd, 8638951.446, 111
Trd, 8638952.046, 111
Trd, 8638952.446, 94
Trd, 8638953.579, 128
Trd, 8638953.679, 140
Trd, 8638953.746, 80
Trd, 8638955.546, 93
Trd, 8638956.379, 102
Trd, 8638956.712, 91
Trd, 8638957.412, 99
Trd, 8638957.812, 89
Trd, 8638958.179, 80
Trd, 8638958.446, 120
Trd, 8638959.112, 124
Trd, 8638959.512, 125
Trd, 8638959.812, 124
Trd, 8638960.012, 123
Trd, 8638960.112, 109
Trd, 8638960.412, 134
Trd, 8638960.746, 114
Trd, 8638960.846, 105
Trd, 8638961.979, 99
Trd, 8638962.579, 101
Trd, 8638962.812, 106
Trd, 8638963.346, 83
Trd, 8638963.812, 127
Trd, 8638964.346, 120
Trd, 8638964.946, 140
Trd, 8638966.112, 140
Trd, 8638966.579, 138
Trd, 8638966.812, 137
Trd, 8638967.146, 118
Trd, 8638967.546, 115
Trd, 8638968.079, 109
Trd, 8638968.346, 140
Trd, 8638968.979, 95
Trd, 8638969.379, 130
Trd, 8638969.946, 140
Trd, 8638970.612, 104
Trd, 8638971.179, 104
Trd, 8638971.479, 103
Trd, 8638971.512, 99
Trd, 8638972.246, 107
Trd, 8638973.179, 87
Trd, 8638973.379, 85
Trd, 8638973.479, 81
Trd, 8638973.612, 77
Trd, 8638974.412, 105
Trd, 8638975.279, 117
Trd, 8638975.646, 139
Trd, 8638976.079, 113
Trd, 8638976.112, 112
Trd, 8638976.879, 132
Trd, 8638977.879, 111
Trd, 8638978.312, 125
Trd, 8638978.679, 136
Trd, 8638979.246, 121
Trd, 8638979.579, 120
Trd, 8638979.746, 119
Trd, 8638979.779, 117
Trd, 8638979.846, 116
Trd, 8638980.212, 129
Trd, 8638980.779, 100
Trd, 8638982.046, 74
Trd, 8638982.146, 93
Trd, 8638982.379, 74
Trd, 8638982.579, 123
Trd, 8638984.312, 139
Trd, 8638984.546, 139
Trd, 8638984.746, 111
Trd, 8638984.846, 110
Trd, 8638985.346, 93
Trd, 8638985.746, 97
Trd, 8638985.846, 119
Trd, 8638986.579, 120
Trd, 8638987.412, 102
Trd, 8638987.446, 98
Trd, 8638987.746, 99
Trd, 8638988.212, 94
Trd, 8638988.346, 103
Trd, 8638988.746, 85
Trd, 8638988.979, 85
Trd, 8638989.712, 90
Trd, 8638990.479, 113
Trd, 8638990.512, 82
Trd, 8638991.546, 92
Trd, 8638992.379, 96
Trd, 8638992.512, 91
Trd, 8638993.712, 104
Trd, 8638993.912, 103
Trd, 8638995.012, 91
Trd, 8638995.646, 138
Trd, 8638995.846, 140
Trd, 8638996.646, 111
Trd, 8638997.079, 103
Trd, 8638997.579, 129
Trd, 8638998.112, 99
Trd, 8638998.779, 111
Trd, 8638998.946, 91
Trd, 8638999.712, 111
Trd, 8639000.279, 113
Trd, 8639000.446, 108
Trd, 8639000.779, 102
Trd, 8639001.279, 126
Trd, 8639001.312, 125
Trd, 8639001.679, 99
Trd, 8639002.012, 72
Trd, 8639002.512, 119
Trd, 8639003.846, 140
Trd, 8639003.946, 137
Trd, 8639003.979, 122
Trd, 8639004.012, 118
Trd, 8639004.146, 116
Trd, 8639006.146, 102
Trd, 8639006.612, 100
Trd, 8639007.079, 105
Trd, 8639007.112, 99
Trd, 8639007.612, 106
Trd, 8639007.746, 90
Trd, 8639008.412, 92
Trd, 8639008.712, 90
Trd, 8639009.546, 112
Trd, 8639009.612, 94
Trd, 8639009.646, 90
Trd, 8639011.879, 114
Trd, 8639012.879, 138
Trd, 8639013.579, 138
Trd, 8639014.346, 140
Trd, 8639014.579, 120
Trd, 8639014.612, 119
Trd, 8639014.646, 115
Trd, 8639014.746, 113
Trd, 8639015.879, 138
Trd, 8639015.946, 136
Trd, 8639016.046, 135
Trd, 8639017.379, 121
Trd, 8639017.646, 119
Trd, 8639018.179, 125
Trd, 8639018.812, 116
Trd, 8639019.146, 111
Trd, 8639019.346, 103
Trd, 8639019.512, 107
Trd, 8639019.779, 111
Trd, 8639020.646, 128
Trd, 8639021.112, 109
Trd, 8639021.279, 130
Trd, 8639021.912, 106
Trd, 8639022.579, 101
Trd, 8639022.679, 100
Trd, 8639022.912, 112
Trd, 8639022.946, 88
Trd, 8639023.279, 86
Trd, 8639024.046, 97
Trd, 8639024.079, 63
Trd, 8639024.712, 137
Trd, 8639025.079, 111
Trd, 8639025.112, 106
Trd, 8639025.812, 121
Trd, 8639025.846, 113
Trd, 8639026.346, 113
Trd, 8639027.746, 61
Trd, 8639028.512, 60
Trd, 8639028.812, 133
Trd, 8639030.146, 66
Trd, 8639030.279, 64
Trd, 8639030.646, 87
Trd, 8639030.779, 105
Trd, 8639031.012, 63
Trd, 8639031.379, 85
Trd, 8639031.546, 73
Trd, 8639032.612, 87
Trd, 8639032.912, 89
Trd, 8639033.412, 86
Trd, 8639034.179, 89
Trd, 8639034.246, 86
Trd, 8639034.312, 82
Trd, 8639035.112, 61
Trd, 8639036.312, 82
Trd, 8639036.746, 61
Trd, 8639037.612, 66
Trd, 8639037.746, 101
Trd, 8639037.846, 67
Trd, 8639038.012, 106
Trd, 8639038.412, 87
Trd, 8639040.346, 138
Trd, 8639040.546, 133
Trd, 8639040.579, 132
Trd, 8639041.079, 128
Trd, 8639041.479, 122
Trd, 8639041.946, 114
Trd, 8639042.079, 113
Trd, 8639042.712, 104
Trd, 8639042.946, 103
Trd, 8639043.346, 102
Trd, 8639044.212, 61
Trd, 8639044.579, 61
Trd, 8639044.779, 137
Trd, 8639044.812, 136
Trd, 8639045.479, 126
Trd, 8639045.612, 130
Trd, 8639046.012, 124
Trd, 8639046.212, 113
Trd, 8639049.079, 88
Trd, 8639050.246, 137
Trd, 8639050.479, 130
Trd, 8639051.079, 109
Trd, 8639051.112, 106
Trd, 8639051.279, 115
Trd, 8639051.412, 114
Trd, 8639051.646, 140
Trd, 8639051.946, 128
Trd, 8639052.146, 106
Trd, 8639052.546, 118
Trd, 8639052.946, 133
Trd, 8639054.246, 119
Trd, 8639054.412, 113
Trd, 8639055.079, 108
Trd, 8639055.779, 121
Trd, 8639055.812, 116
Trd, 8639055.846, 107
Trd, 8639055.979, 102
Trd, 8639056.912, 107
Trd, 8639057.779, 117
Trd, 8639059.112, 140
Trd, 8639059.812, 137
Trd, 8639060.046, 127
Trd, 8639060.146, 127
Trd, 8639061.212, 126
Trd, 8639061.412, 125
Trd, 8639061.479, 121
Trd, 8639061.712, 126
Trd, 8639062.212, 99
Trd, 8639062.846, 97
Trd, 8639063.079, 95
Trd, 8639063.479, 92
Trd, 8639064.312, 139
Trd, 8639065.312, 137
Trd, 8639065.479, 132
Trd, 8639065.812, 132
Trd, 8639065.912, 131
Trd, 8639066.879, 139
Trd, 8639067.646, 134
Trd, 8639067.912, 120
Trd, 8639068.712, 117
Trd, 8639068.746, 110
Trd, 8639068.946, 81
Trd, 8639069.312, 98
Trd, 8639070.112, 110
Trd, 8639070.846, 109
Trd, 8639071.412, 113
Trd, 8639072.012, 110
Trd, 8639072.212, 136
Trd, 8639072.346, 120
Trd, 8639072.612, 121
Trd, 8639073.746, 104
Trd, 8639073.812, 101
Trd, 8639074.079, 90
Trd, 8639074.479, 82
Trd, 8639075.412, 137
Trd, 8639075.946, 111
Trd, 8639076.679, 117
Trd, 8639077.112, 111
Trd, 8639077.212, 98
Trd, 8639078.212, 126
Trd, 8639078.279, 123
Trd, 8639078.579, 108
Trd, 8639079.179, 140
Trd, 8639079.446, 140
Trd, 8639079.646, 115
Trd, 8639080.279, 119
Trd, 8639080.579, 115
Trd, 8639081.112, 111
Trd, 8639081.312, 132
Trd, 8639081.679, 96
Trd, 8639082.246, 89
Trd, 8639082.846, 88
Trd, 8639083.312, 102
Trd, 8639084.112, 83
Trd, 8639085.779, 139
Trd, 8639085.812, 123
Trd, 8639086.379, 102
Trd, 8639086.546, 103
Trd, 8639088.412, 115
Trd, 8639088.612, 122
Trd, 8639089.012, 111
Trd, 8639089.246, 107
Trd, 8639089.379, 107
Trd, 8639091.012, 106
Trd, 8639091.312, 117
Trd, 8639091.712, 102
Trd, 8639091.979, 84
Trd, 8639092.346, 135
Trd, 8639093.079, 91
Trd, 8639093.512, 83
Trd, 8639093.912, 118
Trd, 8639093.979, 120
Trd, 8639095.312, 109
Trd, 8639096.346, 126
Trd, 8639096.912, 122
Trd, 8639096.946, 121
Trd, 8639097.312, 120
Trd, 8639097.979, 139
Trd, 8639098.412, 129
Trd, 8639098.679, 119
Trd, 8639100.679, 122
Trd, 8639100.746, 114
Trd, 8639100.779, 113
Trd, 8639100.979, 107
Trd, 8639101.012, 106
Trd, 8639101.479, 103
Trd, 8639101.612, 79
Trd, 8639102.112, 75
Trd, 8639102.346, 112
Trd, 8639103.646, 65
Trd, 8639104.446, 63
Trd, 8639104.612, 62
Trd, 8639105.046, 67
Trd, 8639105.746, 64
Trd, 8639106.012, 80
Trd, 8639106.579, 79
Trd, 8639107.779, 137
Trd, 8639107.912, 132
Trd, 8639108.512, 132
Trd, 8639108.579, 130
Trd, 8639109.212, 130
Trd, 8639109.746, 94
Trd, 8639109.912, 82
Trd, 8639110.312, 60
Trd, 8639110.979, 87
Trd, 8639112.312, 95
Trd, 8639113.112, 91
Trd, 8639113.412, 106
Trd, 8639113.579, 97
Trd, 8639114.046, 102
Trd, 8639114.679, 88
Trd, 8639114.879, 87
Trd, 8639115.579, 94
Trd, 8639116.046, 89
Trd, 8639116.246, 97
Trd, 8639116.712, 110
Trd, 8639116.779, 117
Trd, 8639116.946, 110
Trd, 8639117.212, 118
Trd, 8639117.579, 112
Trd, 8639117.912, 84
Trd, 8639118.479, 126
Trd, 8639118.812, 121
Trd, 8639119.046, 121
Trd, 8639119.212, 120
Trd, 8639119.346, 110
Trd, 8639119.779, 109
Trd, 8639120.246, 84
Trd, 8639120.679, 140
Trd, 8639121.412, 103
Trd, 8639121.846, 140
Trd, 8639122.179, 126
Trd, 8639123.412, 90
Trd, 8639123.612, 88
Trd, 8639123.879, 87
Trd, 8639124.746, 118
Trd, 8639124.879, 136
Trd, 8639124.912, 103
Trd, 8639125.346, 76
Trd, 8639126.479, 129
Trd, 8639126.646, 112
Trd, 8639126.912, 112
Trd, 8639128.146, 110
Trd, 8639128.212, 105
Trd, 8639128.446, 116
Trd, 8639129.312, 106
Trd, 8639130.046, 108
Trd, 8639130.112, 123
Trd, 8639130.312, 107
Trd, 8639130.946, 106
Trd, 8639131.279, 134
Trd, 8639131.746, 108
Trd, 8639131.912, 100
Trd, 8639132.479, 140
Trd, 8639133.279, 116
Trd, 8639134.446, 117
Trd, 8639135.212, 119
Trd, 8639135.312, 118
Trd, 8639135.379, 116
Trd, 8639136.479, 128
Trd, 8639136.579, 123
Trd, 8639137.212, 120
Trd, 8639137.779, 122
Trd, 8639138.179, 125
Trd, 8639138.379, 140
Trd, 8639139.079, 133
Trd, 8639139.379, 120
Trd, 8639139.779, 120
Trd, 8639140.012, 119
Trd, 8639140.212, 99
Trd, 8639140.446, 78
Trd, 8639141.412, 140
Trd, 8639141.479, 124
Trd, 8639141.546, 118
Trd, 8639143.712, 115
Trd, 8639143.746, 114
Trd, 8639144.346, 97
Trd, 8639144.379, 120
Trd, 8639145.246, 114
Trd, 8639145.346, 112
Trd, 8639145.579, 105
Trd, 8639145.846, 138
Trd, 8639146.012, 94
Trd, 8639146.612, 91
Trd, 8639146.779, 88
Trd, 8639147.812, 92
Trd, 8639148.212, 97
Trd, 8639148.846, 75
Trd, 8639149.079, 75
Trd, 8639149.479, 89
Trd, 8639149.579, 74
Trd, 8639150.179, 93
Trd, 8639150.912, 72
Trd, 8639151.512, 101
Trd, 8639151.546, 99
Trd, 8639152.979, 89
Trd, 8639153.012, 109
Trd, 8639153.712, 84
Trd, 8639154.612, 87
Trd, 8639155.246, 85
Trd, 8639155.279, 81
Trd, 8639156.479, 84
Trd, 8639157.046, 83
Trd, 8639157.112, 81
Trd, 8639157.146, 111
Trd, 8639158.279, 114
Trd, 8639158.346, 91
Trd, 8639158.812, 104
Trd, 8639159.546, 123
Trd, 8639159.679, 106
Trd, 8639159.812, 118
Trd, 8639160.046, 104
Trd, 8639160.579, 103
Trd, 8639161.746, 129
Trd, 8639162.179, 109
Trd, 8639162.246, 108
Trd, 8639163.046, 128
Trd, 8639163.912, 108
Trd, 8639165.146, 107
Trd, 8639165.312, 108
Trd, 8639165.712, 94
Trd, 8639166.012, 92
Trd, 8639166.479, 134
Trd, 8639167.279, 137
Trd, 8639167.479, 131
Trd, 8639168.446, 115
Trd, 8639168.579, 114
Trd, 8639168.679, 111
Trd, 8639169.379, 117
Trd, 8639170.346, 116
Trd, 8639170.712, 96
Trd, 8639170.879, 89
Trd, 8639171.112, 139
Trd, 8639171.279, 88
Trd, 8639172.679, 87
Trd, 8639172.779, 96
Trd, 8639173.246, 103
Trd, 8639173.546, 101
Trd, 8639173.746, 115
Trd, 8639175.146, 117
Trd, 8639175.179, 116
Trd, 8639175.346, 109
Trd, 8639175.846, 101
Trd, 8639176.912, 140
Trd, 8639177.312, 140
Trd, 8639177.712, 130
Trd, 8639177.879, 119
Trd, 8639178.312, 116
Trd, 8639178.379, 114
Trd, 8639178.879, 107
Trd, 8639178.912, 110
Trd, 8639179.246, 140
Trd, 8639180.246, 134
Trd, 8639180.412, 127
Trd, 8639180.912, 96
Trd, 8639180.979, 95
Trd, 8639181.312, 91
Trd, 8639181.779, 108
Trd, 8639182.346, 102
Trd, 8639183.179, 100
Trd, 8639183.546, 113
Trd, 8639184.046, 99
Trd, 8639184.679, 101
Trd, 8639185.312, 98
Trd, 8639186.146, 140
Trd, 8639187.179, 138
Trd, 8639187.212, 136
Trd, 8639187.679, 128
Trd, 8639187.779, 126
Trd, 8639188.646, 120
Trd, 8639188.979, 114
Trd, 8639189.479, 118
Trd, 8639189.579, 140
Trd, 8639190.012, 105
Trd, 8639190.079, 99
Trd, 8639191.046, 99
Trd, 8639191.479, 94
Trd, 8639191.979, 106
Trd, 8639192.079, 75
Trd, 8639192.546, 116
Trd, 8639193.446, 136
Trd, 8639194.112, 115
Trd, 8639195.112, 130
Trd, 8639195.946, 129
Trd, 8639196.146, 109
Trd, 8639196.212, 90
Trd, 8639197.279, 98
Trd, 8639197.712, 99
Trd, 8639198.412, 112
Trd, 8639198.579, 104
Trd, 8639199.146, 118
Trd, 8639199.279, 111
Trd, 8639199.846, 120
Trd, 8639199.946, 120
Trd, 8639200.446, 119
Trd, 8639200.712, 93
Trd, 8639201.379, 103
Trd, 8639202.146, 101
Trd, 8639202.212, 101
Trd, 8639203.679, 135
Trd, 8639203.812, 124
Trd, 8639204.012, 123
Trd, 8639205.812, 140
Trd, 8639205.912, 140
Trd, 8639206.079, 131
Trd, 8639206.979, 114
Trd, 8639207.246, 113
Trd, 8639207.746, 125
Trd, 8639208.479, 107
Trd, 8639208.512, 99
Trd, 8639209.246, 126
Trd, 8639209.446, 111
Trd, 8639209.479, 110
Trd, 8639209.912, 96
Trd, 8639210.746, 113
Trd, 8639211.846, 114
Trd, 8639211.946, 107
Trd, 8639212.512, 101
Trd, 8639212.646, 99
Trd, 8639212.879, 140
Trd, 8639212.912, 140
Trd, 8639213.412, 125
Trd, 8639213.946, 90
Trd, 8639214.512, 85
Trd, 8639214.612, 84
Trd, 8639215.179, 82
Trd, 8639215.679, 71
Trd, 8639215.812, 70
Trd, 8639215.912, 93
Trd, 8639216.912, 129
Trd, 8639216.979, 128
Trd, 8639217.312, 126
Trd, 8639217.446, 120
Trd, 8639218.812, 109
Trd, 8639218.879, 108
Trd, 8639219.512, 119
Trd, 8639220.246, 131
Trd, 8639221.179, 117
Trd, 8639221.379, 126
Trd, 8639221.412, 108
Trd, 8639222.412, 94
Trd, 8639223.646, 74
Trd, 8639223.979, 99
Trd, 8639224.212, 93
Trd, 8639225.212, 140
Trd, 8639225.246, 137
Trd, 8639225.479, 132
Trd, 8639225.712, 117
Trd, 8639226.912, 140
Trd, 8639227.146, 140
Trd, 8639227.379, 139
Trd, 8639227.879, 132
Trd, 8639227.912, 136
Trd, 8639228.246, 108
Trd, 8639228.579, 117
Trd, 8639228.879, 132
Trd, 8639229.879, 108
Trd, 8639230.012, 103
Trd, 8639231.346, 106
Trd, 8639231.679, 136
Trd, 8639232.046, 103
Trd, 8639232.712, 108
Trd, 8639233.079, 118
Trd, 8639233.246, 94
Trd, 8639234.046, 93
Trd, 8639234.246, 92
Trd, 8639235.146, 114
Trd, 8639235.246, 113
Trd, 8639235.846, 82
Trd, 8639236.079, 87
Trd, 8639236.312, 93
Trd, 8639237.312, 90
Trd, 8639237.946, 140
Trd, 8639238.112, 140
Trd, 8639238.246, 126
Trd, 8639238.346, 76
Trd, 8639238.512, 66
Trd, 8639238.946, 66
Trd, 8639239.879, 129
Trd, 8639239.979, 123
Trd, 8639240.546, 115
Trd, 8639241.112, 140
Trd, 8639241.212, 132
Trd, 8639241.579, 120
Trd, 8639241.746, 93
Trd, 8639242.979, 111
Trd, 8639243.246, 111
Trd, 8639243.779, 108
Trd, 8639243.846, 105
Trd, 8639245.012, 111
Trd, 8639245.212, 109
Trd, 8639245.412, 104
Trd, 8639245.779, 104
Trd, 8639246.279, 93
Trd, 8639246.846, 121
Trd, 8639247.646, 105
Trd, 8639247.779, 106
Trd, 8639248.046, 104
Trd, 8639248.212, 103
Trd, 8639248.946, 140
Trd, 8639250.346, 127
Trd, 8639250.646, 125
Trd, 8639250.779, 124
Trd, 8639251.246, 114
Trd, 8639251.712, 114
Trd, 8639252.112, 110
Trd, 8639252.146, 109
Trd, 8639253.146, 139
Trd, 8639253.479, 128
Trd, 8639254.079, 140
Trd, 8639254.179, 127
Trd, 8639254.579, 117
Trd, 8639255.346, 115
Trd, 8639255.746, 125
Trd, 8639257.246, 131
Trd, 8639257.312, 121
Trd, 8639257.679, 130
Trd, 8639257.846, 124
Trd, 8639258.212, 120
Trd, 8639258.646, 119
Trd, 8639258.979, 119
Trd, 8639259.612, 121
Trd, 8639260.012, 118
Trd, 8639260.579, 133
Trd, 8639261.646, 103
Trd, 8639261.979, 103
Trd, 8639262.246, 100
Trd, 8639262.446, 140
Trd, 8639263.079, 103
Trd, 8639263.879, 132
Trd, 8639264.412, 102
Trd, 8639264.912, 101
Trd, 8639265.279, 97
Trd, 8639266.246, 101
Trd, 8639267.779, 140
Trd, 8639268.012, 137
Trd, 8639268.079, 133
Trd, 8639268.112, 130
Trd, 8639268.346, 120
Trd, 8639269.346, 99
Trd, 8639269.646, 96
Trd, 8639269.912, 85
Trd, 8639270.812, 105
Trd, 8639271.112, 100
Trd, 8639271.946, 102
Trd, 8639272.946, 139
Trd, 8639274.046, 104
Trd, 8639274.146, 103
Trd, 8639274.379, 103
Trd, 8639274.412, 102
Trd, 8639274.912, 116
Trd, 8639275.612, 109
Trd, 8639275.712, 105
Trd, 8639275.912, 98
Trd, 8639276.579, 102
Trd, 8639277.679, 138
Trd, 8639278.112, 140
Trd, 8639278.379, 138
Trd, 8639278.612, 137
Trd, 8639279.346, 136
Trd, 8639279.646, 134
Trd, 8639280.146, 114
Trd, 8639280.346, 116
Trd, 8639280.512, 99
Trd, 8639280.579, 88
Trd, 8639281.479, 140
Trd, 8639281.646, 140
Trd, 8639282.379, 137
Trd, 8639283.979, 126
Trd, 8639284.079, 113
Trd, 8639284.112, 93
Trd, 8639284.179, 91
Trd, 8639285.246, 119
Trd, 8639285.379, 101
Trd, 8639285.646, 98
Trd, 8639286.346, 97
Trd, 8639287.212, 140
Trd, 8639287.646, 140
Trd, 8639287.946, 138
Trd, 8639288.312, 136
Trd, 8639288.379, 133
Trd, 8639288.546, 132
Trd, 8639289.112, 127
Trd, 8639290.312, 96
Trd, 8639290.946, 126
Trd, 8639291.112, 128
Trd, 8639291.246, 127
Trd, 8639291.979, 133
Trd, 8639292.046, 107
Trd, 8639293.046, 123
Trd, 8639293.279, 107
Trd, 8639293.412, 106
Trd, 8639294.479, 100
Trd, 8639294.512, 100
Trd, 8639296.112, 140
Trd, 8639296.512, 96
Trd, 8639296.546, 92
Trd, 8639296.946, 111
Trd, 8639297.579, 114
Trd, 8639297.779, 70
Trd, 8639298.679, 89
Trd, 8639298.879, 88
Trd, 8639299.279, 88
Trd, 8639299.379, 97
Trd, 8639299.946, 108
Trd, 8639300.846, 110
Trd, 8639300.912, 108
Trd, 8639300.979, 103
Trd, 8639302.346, 102
Trd, 8639302.512, 114
Trd, 8639302.612, 99
Trd, 8639302.912, 83
Trd, 8639305.079, 134
Trd, 8639305.279, 126
Trd, 8639305.712, 106
Trd, 8639305.779, 89
Trd, 8639305.812, 79
Trd, 8639307.112, 105
Trd, 8639307.512, 133
Trd, 8639307.612, 131
Trd, 8639307.712, 127
Trd, 8639307.779, 103
Trd, 8639308.512, 84
Trd, 8639309.179, 89
Trd, 8639309.379, 140
Trd, 8639311.546, 140
Trd, 8639312.379, 139
Trd, 8639313.779, 133
Trd, 8639313.879, 118
Trd, 8639313.946, 115
Trd, 8639314.012, 101
Trd, 8639314.812, 102
Trd, 8639315.612, 140
Trd, 8639315.946, 139
Trd, 8639316.446, 138
Trd, 8639316.779, 135
Trd, 8639317.112, 132
Trd, 8639317.279, 121
Trd, 8639317.746, 131
Trd, 8639318.312, 119
Trd, 8639318.612, 118
Trd, 8639319.012, 112
Trd, 8639319.212, 128
Trd, 8639319.279, 106
Trd, 8639319.879, 105
Trd, 8639320.579, 137
Trd, 8639321.646, 117
Trd, 8639322.046, 110
Trd, 8639322.346, 96
Trd, 8639323.112, 94
Trd, 8639323.246, 92
Trd, 8639323.512, 109
Trd, 8639323.579, 86
Trd, 8639324.712, 140
Trd, 8639325.112, 140
Trd, 8639325.179, 140
Trd, 8639325.212, 113
Trd, 8639325.646, 110
Trd, 8639327.279, 63
Trd, 8639327.679, 103
Trd, 8639327.879, 121
Trd, 8639328.046, 116
Trd, 8639328.646, 117
Trd, 8639329.279, 116
Trd, 8639330.146, 114
Trd, 8639330.646, 92
Trd, 8639331.112, 89
Trd, 8639331.212, 92
Trd, 8639331.479, 101
Trd, 8639332.312, 88
Trd, 8639332.446, 87
Trd, 8639333.412, 126
Trd, 8639333.612, 124
Trd, 8639334.446, 107
Trd, 8639334.779, 138
Trd, 8639334.979, 140
Trd, 8639335.479, 137
Trd, 8639335.646, 136
Trd, 8639335.879, 115
Trd, 8639336.179, 111
Trd, 8639336.879, 134
Trd, 8639337.912, 117
Trd, 8639338.112, 113
Trd, 8639338.279, 114
Trd, 8639339.046, 112
Trd, 8639339.112, 109
Trd, 8639339.846, 102
Trd, 8639340.279, 137
Trd, 8639341.079, 135
Trd, 8639341.279, 123
Trd, 8639342.679, 131
Trd, 8639343.246, 134
Trd, 8639343.412, 133
Trd, 8639343.612, 121
Trd, 8639344.212, 139
Trd, 8639344.246, 129
Trd, 8639345.179, 105
Trd, 8639345.779, 107
Trd, 8639346.012, 115
Trd, 8639346.946, 101
Trd, 8639347.212, 124
Trd, 8639347.512, 114
Trd, 8639348.646, 109
Trd, 8639349.312, 115
Trd, 8639349.512, 111
Trd, 8639349.946, 95
Trd, 8639350.546, 94
Trd, 8639350.979, 109
Trd, 8639351.079, 108
Trd, 8639351.512, 139
Trd, 8639351.979, 107
Trd, 8639352.079, 107
Trd, 8639352.379, 93
Trd, 8639352.746, 106
Trd, 8639353.146, 100
Trd, 8639354.012, 101
Trd, 8639354.346, 97
Trd, 8639354.579, 99
Trd, 8639355.746, 113
Trd, 8639355.879, 120
Trd, 8639356.312, 104
Trd, 8639356.346, 103
Trd, 8639356.812, 119
Trd, 8639357.646, 140
Trd, 8639357.712, 118
Trd, 8639358.546, 136
Trd, 8639358.912, 113
Trd, 8639359.679, 92
Trd, 8639359.879, 84
Trd, 8639360.846, 120
Trd, 8639361.146, 120
Trd, 8639361.512, 116
Trd, 8639361.879, 117
Trd, 8639361.946, 113
Trd, 8639362.212, 109
Trd, 8639362.379, 107
Trd, 8639363.646, 136
Trd, 8639363.712, 131
Trd, 8639363.812, 125
Trd, 8639364.279, 121
Trd, 8639364.812, 119
Trd, 8639364.846, 112
Trd, 8639365.679, 102
Trd, 8639365.879, 101
Trd, 8639366.446, 96
Trd, 8639368.379, 114
Trd, 8639368.412, 99
Trd, 8639368.479, 97
Trd, 8639368.512, 94
Trd, 8639369.312, 115
Trd, 8639369.512, 89
Trd, 8639369.812, 91
Trd, 8639370.212, 128
Trd, 8639370.246, 118
Trd, 8639370.479, 114
Trd, 8639370.612, 101
Trd, 8639370.946, 90
Trd, 8639372.546, 110
Trd, 8639372.579, 108
Trd, 8639372.746, 106
Trd, 8639373.379, 96
Trd, 8639374.146, 93
Trd, 8639374.846, 94
Trd, 8639375.412, 101
Trd, 8639376.446, 131
Trd, 8639376.912, 139
Trd, 8639376.946, 137
Trd, 8639377.846, 102
Trd, 8639377.879, 100
Trd, 8639378.212, 97
Trd, 8639378.812, 96
Trd, 8639378.846, 96
Trd, 8639379.746, 131
Trd, 8639379.846, 130
Trd, 8639380.346, 126
Trd, 8639380.446, 125
Trd, 8639381.612, 132
Trd, 8639382.446, 98
Trd, 8639382.579, 97
Trd, 8639383.246, 140
Trd, 8639383.846, 138
Trd, 8639384.179, 134
Trd, 8639384.646, 140
Trd, 8639384.746, 117
Trd, 8639385.612, 116
Trd, 8639385.946, 115
Trd, 8639386.146, 113
Trd, 8639386.246, 132
Trd, 8639386.712, 97
Trd, 8639386.912, 139
Trd, 8639387.746, 111
Trd, 8639388.179, 95
Trd, 8639389.146, 93
Trd, 8639389.746, 102
Trd, 8639390.479, 116
Trd, 8639390.612, 93
Trd, 8639392.079, 100
Trd, 8639392.212, 99
Trd, 8639392.346, 122
Trd, 8639392.579, 98
Trd, 8639392.779, 95
Trd, 8639393.646, 114
Trd, 8639394.012, 104
Trd, 8639394.146, 104
Trd, 8639394.879, 111
Trd, 8639395.512, 140
Trd, 8639396.012, 137
Trd, 8639396.246, 121
Trd, 8639396.346, 118
Trd, 8639396.512, 117
Trd, 8639396.612, 128
Trd, 8639397.012, 111
Trd, 8639397.112, 110
Trd, 8639397.312, 109
Trd, 8639398.279, 70
Trd, 8639399.379, 116
Trd, 8639400.212, 140
Trd, 8639400.546, 119
Trd, 8639401.479, 119
Trd, 8639401.612, 109
Trd, 8639403.779, 110
Trd, 8639403.812, 108
Trd, 8639404.079, 111
Trd, 8639404.146, 110
Trd, 8639404.179, 89
Trd, 8639404.912, 140
Trd, 8639405.079, 108
Trd, 8639405.246, 106
Trd, 8639405.879, 111
Trd, 8639406.312, 92
Trd, 8639407.312, 90
Trd, 8639407.646, 89
Trd, 8639407.879, 123
Trd, 8639407.912, 122
Trd, 8639408.446, 106
Trd, 8639408.879, 133
Trd, 8639408.946, 127
Trd, 8639409.179, 95
Trd, 8639409.612, 65
Trd, 8639410.112, 72
Trd, 8639410.879, 134
Trd, 8639411.612, 85
Trd, 8639412.112, 85
Trd, 8639412.279, 126
Trd, 8639413.379, 140
Trd, 8639413.946, 140
Trd, 8639414.112, 137
Trd, 8639414.812, 121
Trd, 8639414.846, 105
Trd, 8639415.346, 131
Trd, 8639415.446, 104
Trd, 8639415.879, 98
Trd, 8639416.679, 140
Trd, 8639417.046, 140
Trd, 8639417.412, 115
Trd, 8639417.646, 101
Trd, 8639418.379, 140
Trd, 8639418.712, 137
Trd, 8639419.612, 108
Trd, 8639419.946, 118
Trd, 8639421.146, 136
Trd, 8639421.279, 121
Trd, 8639421.312, 112
Trd, 8639421.846, 111
Trd, 8639422.646, 106
Trd, 8639423.112, 107
Trd, 8639424.312, 137
Trd, 8639424.579, 130
Trd, 8639424.646, 116
Trd, 8639424.779, 110
Trd, 8639425.179, 128
Trd, 8639426.312, 121
Trd, 8639426.546, 115
Trd, 8639427.012, 106
Trd, 8639427.979, 109
Trd, 8639428.412, 108
Trd, 8639429.212, 140
Trd, 8639429.246, 115
Trd, 8639429.946, 110
Trd, 8639430.479, 114
Trd, 8639430.646, 109
Trd, 8639431.279, 121
Trd, 8639431.846, 112
Trd, 8639432.746, 125
Trd, 8639433.212, 140
Trd, 8639433.879, 131
Trd, 8639434.279, 130
Trd, 8639434.446, 128
Trd, 8639434.579, 126
Trd, 8639434.612, 125
Trd, 8639434.646, 122
Trd, 8639435.246, 99
Trd, 8639436.079, 96
Trd, 8639436.712, 114
Trd, 8639437.146, 85
Trd, 8639437.212, 96
Trd, 8639437.412, 84
Trd, 8639438.646, 91
Trd, 8639439.246, 116
Trd, 8639439.679, 94
Trd, 8639440.279, 108
Trd, 8639440.479, 119
Trd, 8639440.579, 118
Trd, 8639440.846, 91
Trd, 8639441.879, 95
Trd, 8639441.912, 94
Trd, 8639442.179, 89
Trd, 8639443.112, 114
Trd, 8639443.546, 111
Trd, 8639444.112, 107
Trd, 8639444.412, 107
Trd, 8639445.446, 97
Trd, 8639445.646, 95
Trd, 8639446.779, 117
Trd, 8639447.979, 117
Trd, 8639448.946, 116
Trd, 8639449.179, 115
Trd, 8639449.212, 107
Trd, 8639449.412, 107
Trd, 8639449.846, 97
Trd, 8639450.912, 111
Trd, 8639451.012, 110
Trd, 8639452.012, 96
Trd, 8639452.179, 121
Trd, 8639452.579, 108
Trd, 8639452.846, 117
Trd, 8639453.312, 125
Trd, 8639453.379, 95
Trd, 8639453.479, 93
Trd, 8639453.912, 128
Trd, 8639454.046, 106
Trd, 8639454.579, 96
Trd, 8639454.712, 105
Trd, 8639455.612, 129
Trd, 8639457.146, 134
Trd, 8639457.579, 117
Trd, 8639458.012, 133
Trd, 8639458.412, 135
Trd, 8639458.446, 133
Trd, 8639459.112, 140
Trd, 8639459.479, 128
Trd, 8639459.712, 123
Trd, 8639461.146, 139
Trd, 8639461.979, 121
Trd, 8639462.179, 124
Trd, 8639462.579, 140
Trd, 8639462.646, 123
Trd, 8639463.246, 121
Trd, 8639463.412, 120
Trd, 8639465.212, 125
Trd, 8639465.412, 134
Trd, 8639465.712, 130
Trd, 8639466.112, 124
Trd, 8639466.246, 124
Trd, 8639466.779, 123
Trd, 8639467.612, 124
Trd, 8639467.879, 108
Trd, 8639468.412, 106
Trd, 8639468.679, 103
Trd, 8639469.179, 118
Trd, 8639469.679, 112
Trd, 8639470.212, 111
Trd, 8639470.846, 140
Trd, 8639471.146, 140
Trd, 8639471.812, 119
Trd, 8639471.912, 117
Trd, 8639472.246, 106
Trd, 8639472.846, 111
Trd, 8639473.846, 121
Trd, 8639474.379, 111
Trd, 8639474.512, 94
Trd, 8639475.146, 140
Trd, 8639475.812, 81
Trd, 8639476.112, 78
Trd, 8639476.646, 126
Trd, 8639476.846, 125
Trd, 8639477.846, 120
Trd, 8639477.946, 123
Trd, 8639479.246, 115
Trd, 8639479.412, 114
Trd, 8639480.879, 117
Trd, 8639481.212, 109
Trd, 8639481.279, 107
Trd, 8639481.879, 122
Trd, 8639482.579, 107
Trd, 8639482.746, 98
Trd, 8639482.879, 108
Trd, 8639483.446, 96
Trd, 8639483.479, 95
Trd, 8639484.546, 114
Trd, 8639484.746, 114
Trd, 8639484.879, 89
Trd, 8639485.812, 140
Trd, 8639486.012, 106
Trd, 8639486.246, 99
Trd, 8639486.512, 85
Trd, 8639486.979, 117
Trd, 8639487.046, 97
Trd, 8639487.779, 99
Trd, 8639488.346, 108
Trd, 8639488.879, 117
Trd, 8639489.779, 98
Trd, 8639491.112, 86
Trd, 8639491.146, 85
Trd, 8639491.412, 100
Trd, 8639492.346, 108
Trd, 8639492.446, 101
Trd, 8639492.512, 90
Trd, 8639492.979, 92
Trd, 8639493.512, 106
Trd, 8639494.179, 117
Trd, 8639494.479, 102
Trd, 8639494.512, 101
Trd, 8639494.579, 96
Trd, 8639495.279, 89
Trd, 8639496.579, 89
Trd, 8639497.679, 135
Trd, 8639497.712, 134
Trd, 8639497.812, 121
Trd, 8639498.212, 136
Trd, 8639498.479, 94
Trd, 8639498.746, 127
Trd, 8639499.146, 119
Trd, 8639500.512, 139
Trd, 8639501.579, 117
Trd, 8639502.279, 117
Trd, 8639502.512, 111
Trd, 8639502.546, 105
Trd, 8639502.679, 97
Trd, 8639502.779, 100
Trd, 8639503.412, 130
Trd, 8639504.412, 139
Trd, 8639504.546, 138
Trd, 8639504.679, 136
Trd, 8639506.546, 118
Trd, 8639506.612, 117
Trd, 8639507.012, 112
Trd, 8639507.679, 103
Trd, 8639507.946, 123
Trd, 8639508.079, 100
Trd, 8639508.212, 99
Trd, 8639508.479, 91
Trd, 8639508.679, 119
Trd, 8639509.046, 111
Trd, 8639509.512, 98
Trd, 8639510.946, 97
Trd, 8639511.279, 122
Trd, 8639511.679, 105
Trd, 8639512.446, 107
Trd, 8639512.679, 106
Trd, 8639513.046, 106
Trd, 8639513.679, 140
Trd, 8639513.812, 140
Trd, 8639514.179, 126
Trd, 8639514.712, 125
Trd, 8639515.579, 105
Trd, 8639516.046, 127
Trd, 8639516.246, 107
Trd, 8639516.612, 103
Trd, 8639517.379, 137
Trd, 8639517.412, 121
Trd, 8639517.446, 111
Trd, 8639517.579, 126
Trd, 8639518.012, 120
Trd, 8639519.379, 67
Trd, 8639521.012, 62
Trd, 8639521.046, 78
Trd, 8639521.479, 119
Trd, 8639521.912, 130
Trd, 8639522.046, 111
Trd, 8639522.579, 99
Trd, 8639522.912, 97
Trd, 8639523.112, 139
Trd, 8639523.646, 139
Trd, 8639523.712, 107
Trd, 8639523.812, 95
Trd, 8639524.879, 101
Trd, 8639526.346, 100
Trd, 8639526.812, 115
Trd, 8639527.512, 119
Trd, 8639527.612, 118
Trd, 8639528.246, 116
Trd, 8639528.279, 111
Trd, 8639528.679, 97
Trd, 8639528.812, 127
Trd, 8639529.246, 121
Trd, 8639529.912, 96
Trd, 8639530.379, 96
Trd, 8639530.912, 111
Trd, 8639531.579, 108
Trd, 8639531.646, 93
Trd, 8639531.912, 100
Trd, 8639533.046, 100
Trd, 8639533.412, 99
Trd, 8639533.612, 133
Trd, 8639533.846, 134
Trd, 8639533.879, 104
Trd, 8639534.012, 100
Trd, 8639534.312, 99
Trd, 8639535.046, 94
Trd, 8639536.012, 139
Trd, 8639536.212, 140
Trd, 8639536.746, 122
Trd, 8639537.412, 117
Trd, 8639537.746, 116
Trd, 8639537.779, 98
Trd, 8639538.112, 97
Trd, 8639538.346, 96
Trd, 8639538.746, 136
Trd, 8639539.179, 104
Trd, 8639540.412, 84
Trd, 8639540.579, 103
Trd, 8639541.146, 94
Trd, 8639542.179, 111
Trd, 8639542.379, 124
Trd, 8639542.546, 105
Trd, 8639544.679, 128
Trd, 8639544.879, 122
Trd, 8639545.512, 122
Trd, 8639545.646, 121
Trd, 8639546.179, 120
Trd, 8639546.712, 124
Trd, 8639547.312, 114
Trd, 8639547.779, 103
Trd, 8639548.012, 101
Trd, 8639548.446, 93
Trd, 8639548.679, 92
Trd, 8639549.212, 91
Trd, 8639549.679, 116
Trd, 8639550.346, 96
Trd, 8639550.479, 93
Trd, 8639551.512, 76
Trd, 8639551.779, 101
Trd, 8639552.979, 90
Trd, 8639553.546, 100
Trd, 8639553.979, 117
Trd, 8639554.412, 115
Trd, 8639554.746, 131
Trd, 8639554.779, 108
Trd, 8639555.212, 121
Trd, 8639555.946, 111
Trd, 8639556.312, 108
Trd, 8639557.246, 136
Trd, 8639557.712, 120
Trd, 8639557.912, 130
Trd, 8639558.779, 111
Trd, 8639559.446, 111
Trd, 8639559.712, 85
Trd, 8639559.846, 85
Trd, 8639560.046, 84
Trd, 8639560.579, 85
Trd, 8639560.846, 86
Trd, 8639562.379, 131
Trd, 8639562.412, 126
Trd, 8639562.746, 128
Trd, 8639562.812, 108
Trd, 8639563.679, 117
Trd, 8639563.946, 105
Trd, 8639564.512, 129
Trd, 8639564.579, 101
Trd, 8639565.312, 91
Trd, 8639565.712, 89
Trd, 8639565.812, 104
Trd, 8639567.579, 94
Trd, 8639568.479, 98
Trd, 8639568.846, 99
Trd, 8639568.912, 98
Trd, 8639569.479, 121
Trd, 8639571.879, 119
Trd, 8639571.912, 117
Trd, 8639572.079, 97
Trd, 8639573.012, 138
Trd, 8639573.112, 129
Trd, 8639573.212, 92
Trd, 8639574.079, 110
Trd, 8639574.212, 108
Trd, 8639574.546, 106
Trd, 8639575.179, 65
Trd, 8639575.979, 89
Trd, 8639576.546, 87
Trd, 8639577.546, 88
Trd, 8639577.879, 120
Trd, 8639578.279, 121
Trd, 8639578.779, 120
Trd, 8639578.946, 119
Trd, 8639579.146, 103
Trd, 8639579.412, 76
Trd, 8639579.446, 70
Trd, 8639579.912, 140
Trd, 8639581.812, 132
Trd, 8639581.846, 131
Trd, 8639582.279, 126
Trd, 8639582.446, 121
Trd, 8639582.579, 105
Trd, 8639582.979, 127
Trd, 8639583.079, 104
Trd, 8639583.512, 131
Trd, 8639583.546, 98
Trd, 8639584.412, 108
Trd, 8639586.279, 120
Trd, 8639586.579, 104
Trd, 8639587.346, 102
Trd, 8639587.512, 97
Trd, 8639587.612, 125
Trd, 8639588.079, 85
Trd, 8639588.412, 86
Trd, 8639588.446, 81
Trd, 8639589.112, 88
Trd, 8639589.312, 82
Trd, 8639590.446, 99
Trd, 8639590.746, 98
Trd, 8639590.912, 91
Trd, 8639591.479, 94
Trd, 8639592.046, 79
Trd, 8639592.512, 88
Trd, 8639592.879, 86
Trd, 8639592.946, 85
Trd, 8639593.112, 74
Trd, 8639593.612, 60
Trd, 8639594.912, 92
Trd, 8639596.046, 127
Trd, 8639596.446, 126
Trd, 8639597.112, 128
Trd, 8639597.346, 124
Trd, 8639597.479, 102
Trd, 8639598.146, 105
Trd, 8639599.212, 133
Trd, 8639599.579, 114
Trd, 8639599.646, 113
Trd, 8639600.012, 99
Trd, 8639600.246, 99
Trd, 8639600.912, 96
Trd, 8639601.479, 96
Trd, 8639601.679, 95
Trd, 8639602.612, 97
Trd, 8639602.846, 117
Trd, 8639603.446, 119
Trd, 8639603.912, 140
Trd, 8639605.212, 125
Trd, 8639605.346, 120
Trd, 8639605.612, 119
Trd, 8639606.112, 92
Trd, 8639606.412, 84
Trd, 8639606.879, 105
Trd, 8639607.146, 115
Trd, 8639607.512, 116
Trd, 8639607.746, 115
Trd, 8639608.212, 113
Trd, 8639608.679, 140
Trd, 8639609.412, 139
Trd, 8639609.946, 135
Trd, 8639610.512, 132
Trd, 8639610.879, 116
Trd, 8639611.146, 105
Trd, 8639612.179, 104
Trd, 8639613.212, 115
Trd, 8639613.579, 109
Trd, 8639613.646, 108
Trd, 8639613.746, 107
Trd, 8639613.812, 105
Trd, 8639613.912, 81
Trd, 8639615.179, 66
Trd, 8639615.479, 61
Trd, 8639615.779, 94
Trd, 8639617.479, 130
Trd, 8639617.746, 135
Trd, 8639617.912, 128
Trd, 8639617.946, 120
Trd, 8639619.146, 99
Trd, 8639619.179, 106
Trd, 8639619.212, 93
Trd, 8639619.912, 94
Trd, 8639620.746, 120
Trd, 8639621.379, 139
Trd, 8639621.612, 120
Trd, 8639621.679, 105
Trd, 8639622.246, 104
Trd, 8639623.346, 89
Trd, 8639623.679, 115
Trd, 8639624.779, 107
Trd, 8639625.046, 99
Trd, 8639625.112, 95
Trd, 8639625.146, 121
Trd, 8639626.679, 136
Trd, 8639626.779, 135
Trd, 8639627.646, 121
Trd, 8639628.312, 116
Trd, 8639628.846, 111
Trd, 8639629.012, 103
Trd, 8639629.846, 103
Trd, 8639630.112, 103
Trd, 8639630.412, 102
Trd, 8639630.479, 93
Trd, 8639630.746, 89
Trd, 8639630.779, 88
Trd, 8639630.846, 70
Trd, 8639631.746, 67
Trd, 8639632.412, 74
Trd, 8639633.512, 122
Trd, 8639633.979, 122
Trd, 8639634.679, 140
Trd, 8639634.712, 140
Trd, 8639635.079, 120
Trd, 8639635.379, 117
Trd, 8639635.579, 115
Trd, 8639635.879, 91
Trd, 8639636.246, 67
Trd, 8639636.446, 66
Trd, 8639636.712, 76
Trd, 8639637.479, 130
Trd, 8639638.679, 85
Trd, 8639639.412, 104
Trd, 8639639.779, 138
Trd, 8639640.546, 102
Trd, 8639640.612, 100
Trd, 8639640.779, 100
Trd, 8639642.112, 140
Trd, 8639643.379, 140
Trd, 8639643.579, 140
Trd, 8639643.612, 118
Trd, 8639644.146, 113
Trd, 8639644.212, 112
Trd, 8639644.246, 111
Trd, 8639644.612, 95
Trd, 8639645.346, 98
Trd, 8639646.279, 112
Trd, 8639647.179, 136
Trd, 8639647.512, 126
Trd, 8639647.612, 97
Trd, 8639648.546, 94
Trd, 8639648.612, 96
Trd, 8639649.046, 130
Trd, 8639649.112, 129
Trd, 8639650.212, 100
Trd, 8639650.779, 100
Trd, 8639650.846, 99
Trd, 8639651.846, 98
Trd, 8639651.879, 113
Trd, 8639651.946, 113
Trd, 8639652.246, 97
Trd, 8639652.646, 124
Trd, 8639653.179, 137
Trd, 8639653.579, 112
Trd, 8639653.979, 86
Trd, 8639654.379, 71
Trd, 8639655.446, 101
Trd, 8639656.046, 103
Trd, 8639656.112, 99
Trd, 8639656.779, 107
Trd, 8639657.546, 77
Trd, 8639657.612, 76
Trd, 8639657.979, 83
Trd, 8639658.346, 104
Trd, 8639658.946, 109
Trd, 8639659.479, 130
Trd, 8639660.479, 122
Trd, 8639660.646, 120
Trd, 8639660.846, 122
Trd, 8639661.446, 119
Trd, 8639661.512, 104
Trd, 8639661.779, 99
Trd, 8639661.946, 98
Trd, 8639662.146, 100
Trd, 8639662.479, 84
Trd, 8639663.546, 125
Trd, 8639664.079, 95
Trd, 8639664.379, 96
Trd, 8639664.679, 97
Trd, 8639664.879, 96
Trd, 8639665.146, 113
Trd, 8639666.312, 103
Trd, 8639666.512, 101
Trd, 8639667.379, 113
Trd, 8639668.012, 101
Trd, 8639668.846, 130
Trd, 8639669.212, 109
Trd, 8639669.546, 122
Trd, 8639669.879, 113
Trd, 8639670.146, 112
Trd, 8639670.412, 106
Trd, 8639670.712, 139
Trd, 8639671.312, 103
Trd, 8639672.312, 112
Trd, 8639672.412, 109
Trd, 8639672.446, 108
Trd, 8639672.946, 97
Trd, 8639673.879, 140
Trd, 8639674.146, 140
Trd, 8639674.346, 140
Trd, 8639674.612, 127
Trd, 8639676.079, 119
Trd, 8639676.379, 105
Trd, 8639676.912, 101
Trd, 8639676.979, 101
Trd, 8639677.712, 129
Trd, 8639678.279, 120
Trd, 8639678.512, 118
Trd, 8639678.679, 107
Trd, 8639679.679, 109
Trd, 8639680.079, 125
Trd, 8639680.146, 123
Trd, 8639680.412, 119
Trd, 8639681.279, 122
Trd, 8639681.312, 118
Trd, 8639681.746, 115
Trd, 8639681.912, 106
Trd, 8639682.679, 90
Trd, 8639683.712, 140
Trd, 8639683.779, 139
Trd, 8639686.046, 140
Trd, 8639686.546, 140
Trd, 8639686.679, 140
Trd, 8639687.546, 140
Trd, 8639689.412, 139
Trd, 8639689.679, 138
Trd, 8639689.912, 121
Trd, 8639690.279, 108
Trd, 8639690.479, 106
Trd, 8639690.746, 99
Trd, 8639690.946, 74
Trd, 8639691.946, 101
Trd, 8639692.079, 61
Trd, 8639692.479, 107
Trd, 8639692.812, 69
Trd, 8639693.579, 80
Trd, 8639693.646, 84
Trd, 8639693.979, 72
Trd, 8639695.379, 94
Trd, 8639695.546, 92
Trd, 8639696.546, 90
Trd, 8639696.879, 92
Trd, 8639697.212, 132
Trd, 8639697.579, 109
Trd, 8639697.879, 108
Trd, 8639697.946, 105
Trd, 8639699.112, 115
Trd, 8639699.746, 125
Trd, 8639700.046, 124
Trd, 8639700.312, 116
Trd, 8639700.512, 109
Trd, 8639700.579, 108
Trd, 8639701.212, 99
Trd, 8639701.479, 98
Trd, 8639702.146, 112
Trd, 8639702.212, 82
Trd, 8639702.512, 63
Trd, 8639704.446, 68
Trd, 8639705.079, 90
Trd, 8639705.112, 89
Trd, 8639705.279, 68
Trd, 8639705.479, 92
Trd, 8639705.546, 83
Trd, 8639706.412, 73
Trd, 8639706.546, 104
Trd, 8639706.979, 138
Trd, 8639707.246, 137
Trd, 8639708.512, 140
Trd, 8639709.079, 129
Trd, 8639709.112, 128
Trd, 8639709.312, 128
Trd, 8639709.379, 126
Trd, 8639710.546, 126
Trd, 8639711.246, 121
Trd, 8639711.412, 105
Trd, 8639711.446, 105
Trd, 8639711.879, 118
Trd, 8639712.279, 104
Trd, 8639712.446, 99
Trd, 8639712.546, 98
Trd, 8639713.112, 140
Trd, 8639714.446, 107
Trd, 8639714.746, 118
Trd, 8639715.646, 119
Trd, 8639716.346, 118
Trd, 8639717.079, 117
Trd, 8639717.579, 119
Trd, 8639717.779, 108
Trd, 8639718.079, 99
Trd, 8639718.379, 113
Trd, 8639719.112, 80
Trd, 8639719.712, 117
Trd, 8639720.179, 111
Trd, 8639720.312, 109
Trd, 8639720.512, 105
Trd, 8639721.279, 135
Trd, 8639722.379, 115
Trd, 8639723.012, 137
Trd, 8639723.112, 102
Trd, 8639723.612, 102
Trd, 8639723.712, 101
Trd, 8639724.412, 97
Trd, 8639724.979, 122
Trd, 8639725.146, 119
Trd, 8639725.646, 122
Trd, 8639726.246, 140
Trd, 8639726.479, 116
Trd, 8639726.646, 121
Trd, 8639726.746, 119
Trd, 8639727.846, 107
Trd, 8639728.812, 102
Trd, 8639728.946, 101
Trd, 8639728.979, 96
Trd, 8639729.379, 96
Trd, 8639729.979, 127
Trd, 8639730.146, 126
Trd, 8639730.979, 107
Trd, 8639731.112, 118
Trd, 8639731.146, 91
Trd, 8639731.312, 90
Trd, 8639731.779, 134
Trd, 8639732.946, 140
Trd, 8639733.312, 140
Trd, 8639734.346, 129
Trd, 8639734.646, 116
Trd, 8639735.012, 114
Trd, 8639736.279, 109
Trd, 8639736.312, 97
Trd, 8639737.012, 99
Trd, 8639737.546, 100
Trd, 8639737.612, 98
Trd, 8639738.912, 112
Trd, 8639739.279, 113
Trd, 8639739.612, 138
Trd, 8639740.612, 113
Trd, 8639741.246, 113
Trd, 8639741.779, 109
Trd, 8639742.179, 109
Trd, 8639742.612, 112
Trd, 8639742.946, 111
Trd, 8639743.212, 108
Trd, 8639744.012, 106
Trd, 8639744.412, 124
Trd, 8639744.512, 102
Trd, 8639745.146, 101
Trd, 8639745.246, 99
Trd, 8639745.812, 113
Trd, 8639746.346, 123
Trd, 8639746.946, 140
Trd, 8639748.079, 135
Trd, 8639748.712, 139
Trd, 8639749.146, 135
Trd, 8639749.679, 138
Trd, 8639749.912, 133
Trd, 8639749.979, 127
Trd, 8639750.812, 125
Trd, 8639751.012, 132
Trd, 8639751.479, 103
Trd, 8639751.912, 111
Trd, 8639752.079, 103
Trd, 8639752.546, 103
Trd, 8639753.446, 120
Trd, 8639753.512, 119
Trd, 8639754.279, 140
Trd, 8639754.612, 140
Trd, 8639754.979, 138
Trd, 8639755.646, 137
Trd, 8639755.712, 113
Trd, 8639755.946, 108
Trd, 8639756.546, 116
Trd, 8639756.812, 107
Trd, 8639756.846, 127
Trd, 8639757.346, 97
Trd, 8639758.079, 82
Trd, 8639759.579, 93
Trd, 8639760.046, 83
Trd, 8639760.279, 82
Trd, 8639760.546, 79
Trd, 8639761.646, 104
Trd, 8639762.246, 106
Trd, 8639762.346, 123
Trd, 8639762.579, 128
Trd, 8639762.746, 113
Trd, 8639763.212, 87
Trd, 8639763.612, 121
Trd, 8639763.812, 85
Trd, 8639763.879, 82
Trd, 8639764.512, 137
Trd, 8639765.346, 115
Trd, 8639765.846, 139
Trd, 8639766.179, 106
Trd, 8639767.246, 107
Trd, 8639768.246, 109
Trd, 8639768.346, 117
Trd, 8639769.812, 123
Trd, 8639770.246, 124
Trd, 8639770.412, 123
Trd, 8639771.012, 123
Trd, 8639771.879, 140
Trd, 8639772.279, 126
Trd, 8639773.746, 122
Trd, 8639774.046, 138
Trd, 8639774.146, 125
Trd, 8639774.179, 124
Trd, 8639774.679, 115
Trd, 8639774.912, 125
Trd, 8639775.646, 115
Trd, 8639776.979, 140
Trd, 8639777.112, 140
Trd, 8639777.146, 139
Trd, 8639778.112, 125
Trd, 8639778.146, 120
Trd, 8639778.379, 115
Trd, 8639778.879, 112
Trd, 8639779.379, 130
Trd, 8639780.346, 127
Trd, 8639780.746, 108
Trd, 8639780.946, 130
Trd, 8639781.612, 140
Trd, 8639782.546, 140
Trd, 8639782.646, 140
Trd, 8639783.212, 138
Trd, 8639783.379, 132
Trd, 8639783.912, 140
Trd, 8639784.779, 128
Trd, 8639784.912, 125
Trd, 8639785.279, 133
Trd, 8639786.546, 99
Trd, 8639786.879, 87
Trd, 8639787.012, 78
Trd, 8639787.479, 71
Trd, 8639787.512, 123
Trd, 8639788.746, 128
Trd, 8639789.579, 139
Trd, 8639790.212, 133
Trd, 8639790.446, 128
Trd, 8639790.846, 124
Trd, 8639790.912, 105
Trd, 8639791.212, 99
Trd, 8639791.346, 93
Trd, 8639791.779, 88
Trd, 8639792.279, 113
Trd, 8639793.346, 94
Trd, 8639794.979, 140
Trd, 8639795.379, 140
Trd, 8639795.812, 139
Trd, 8639796.812, 137
Trd, 8639796.946, 137
Trd, 8639796.979, 118
Trd, 8639797.512, 118
Trd, 8639797.912, 115
Trd, 8639798.879, 107
Trd, 8639799.146, 98
Trd, 8639799.312, 93
Trd, 8639799.546, 136
Trd, 8639800.012, 80
Trd, 8639800.346, 124
Trd, 8639800.779, 110
Trd, 8639801.179, 87
Trd, 8639801.612, 86
Trd, 8639801.712, 70
Trd, 8639802.712, 106
Trd, 8639802.912, 138
Trd, 8639803.312, 83
Trd, 8639804.079, 82
Trd, 8639804.512, 92
Trd, 8639805.746, 140
Trd, 8639805.879, 109
Trd, 8639805.912, 86
Trd, 8639806.712, 116
Trd, 8639807.512, 130
Trd, 8639807.579, 128
Trd, 8639808.079, 127
Trd, 8639808.279, 122
Trd, 8639808.346, 122
Trd, 8639809.046, 136
Trd, 8639809.279, 127
Trd, 8639810.546, 138
Trd, 8639810.612, 118
Trd, 8639810.746, 116
Trd, 8639811.179, 107
Trd, 8639811.379, 102
Trd, 8639811.412, 98
Trd, 8639811.446, 112
Trd, 8639811.946, 93
Trd, 8639812.479, 66
Trd, 8639813.912, 121
Trd, 8639814.212, 86
Trd, 8639814.746, 66
Trd, 8639815.412, 89
Trd, 8639816.446, 74
Trd, 8639816.646, 139
Trd, 8639816.779, 123
Trd, 8639818.312, 112
Trd, 8639818.546, 111
Trd, 8639818.946, 111
Trd, 8639819.379, 101
Trd, 8639819.412, 92
Trd, 8639819.679, 99
Trd, 8639820.446, 67
Trd, 8639820.679, 61
Trd, 8639821.146, 109
Trd, 8639821.479, 137
Trd, 8639821.779, 69
Trd, 8639822.379, 67
Trd, 8639822.412, 115
Trd, 8639823.446, 74
Trd, 8639823.779, 73
Trd, 8639824.546, 72
Trd, 8639825.412, 77
Trd, 8639825.912, 72
Trd, 8639825.979, 92
Trd, 8639826.046, 104
Trd, 8639826.446, 81
Trd, 8639827.046, 78
Trd, 8639827.079, 63
Trd, 8639827.546, 99
Trd, 8639828.012, 89
Trd, 8639828.312, 79
Trd, 8639828.979, 78
Trd, 8639829.279, 115
Trd, 8639829.746, 125
Trd, 8639830.246, 116
Trd, 8639830.446, 140
Trd, 8639831.212, 115
Trd, 8639832.179, 115
Trd, 8639832.212, 114
Trd, 8639832.246, 109
Trd, 8639833.012, 111
Trd, 8639833.746, 102
Trd, 8639834.546, 101
Trd, 8639835.146, 102
Trd, 8639835.912, 101
Trd, 8639836.312, 95
Trd, 8639836.446, 94
Trd, 8639836.646, 92
Trd, 8639837.446, 133
Trd, 8639838.046, 140
Trd, 8639838.779, 114
Trd, 8639839.246, 139
Trd, 8639839.379, 89
Trd, 8639839.512, 101
Trd, 8639840.346, 109
Trd, 8639840.379, 99
Trd, 8639841.912, 124
Trd, 8639842.146, 101
Trd, 8639843.079, 104
Trd, 8639843.746, 101
Trd, 8639843.879, 95
Trd, 8639844.179, 98
Trd, 8639845.212, 105
Trd, 8639845.546, 140
Trd, 8639846.646, 135
Trd, 8639846.979, 132
Trd, 8639847.312, 131
Trd, 8639847.712, 139
Trd, 8639847.979, 122
Trd, 8639848.079, 113
Trd, 8639848.479, 108
Trd, 8639848.846, 127
Trd, 8639848.879, 105
Trd, 8639848.912, 95
Trd, 8639849.612, 134
Trd, 8639850.012, 61
Trd, 8639851.179, 104
Trd, 8639851.612, 131
Trd, 8639851.812, 107
Trd, 8639852.412, 95
Trd, 8639853.712, 117
Trd, 8639853.879, 115
Trd, 8639853.912, 113
Trd, 8639854.012, 107
Trd, 8639854.279, 105
Trd, 8639855.146, 102
Trd, 8639855.512, 102
Trd, 8639855.912, 129
Trd, 8639856.879, 109
Trd, 8639857.512, 130
Trd, 8639857.946, 128
Trd, 8639858.479, 128
Trd, 8639858.746, 122
Trd, 8639859.012, 120
Trd, 8639860.079, 120
Trd, 8639860.246, 129
Trd, 8639861.712, 140
Trd, 8639861.879, 137
Trd, 8639861.946, 140
Trd, 8639861.979, 137
Trd, 8639862.012, 119
Trd, 8639862.446, 110
Trd, 8639863.546, 128
Trd, 8639864.079, 138
Trd, 8639865.179, 113
Trd, 8639865.546, 106
Trd, 8639865.679, 116
Trd, 8639865.979, 102
Trd, 8639866.712, 99
Trd, 8639866.879, 98
Trd, 8639867.379, 84
Trd, 8639868.079, 124
Trd, 8639868.346, 115
Trd, 8639869.046, 106
Trd, 8639869.512, 94
Trd, 8639870.846, 94
Trd, 8639870.979, 90
Trd, 8639871.146, 88
Trd, 8639871.212, 79
Trd, 8639872.246, 92
Trd, 8639872.712, 106
Trd, 8639872.912, 80
Trd, 8639873.879, 119
Trd, 8639874.246, 120
Trd, 8639874.412, 120
Trd, 8639874.546, 118
Trd, 8639875.046, 135
Trd, 8639876.546, 138
Trd, 8639876.612, 129
Trd, 8639877.046, 121
Trd, 8639877.579, 132
Trd, 8639878.379, 117
Trd, 8639878.412, 109
Trd, 8639879.679, 138
Trd, 8639880.112, 138
Trd, 8639880.246, 138
Trd, 8639880.412, 135
Trd, 8639880.512, 117
Trd, 8639881.046, 106
Trd, 8639881.446, 103
Trd, 8639881.546, 102
Trd, 8639881.912, 93
Trd, 8639882.179, 105
Trd, 8639883.012, 103
Trd, 8639883.479, 94
Trd, 8639884.012, 115
Trd, 8639884.046, 110
Trd, 8639885.379, 115
Trd, 8639885.479, 114
Trd, 8639886.112, 94
Trd, 8639886.512, 140
Trd, 8639886.912, 140
Trd, 8639887.546, 99
Trd, 8639887.779, 91
Trd, 8639888.012, 111
Trd, 8639888.146, 110
Trd, 8639888.546, 139
Trd, 8639889.612, 113
Trd, 8639889.812, 114
Trd, 8639889.846, 113
Trd, 8639890.346, 106
Trd, 8639890.779, 99
Trd, 8639892.046, 115
Trd, 8639892.946, 127
Trd, 8639893.646, 121
Trd, 8639894.046, 107
Trd, 8639894.479, 98
Trd, 8639895.379, 139
Trd, 8639895.612, 129
Trd, 8639896.112, 124
Trd, 8639896.412, 124
Trd, 8639896.446, 123
Trd, 8639896.679, 108
Trd, 8639897.312, 107
Trd, 8639897.946, 104
Trd, 8639898.212, 113
Trd, 8639898.879, 128
Trd, 8639899.312, 106
Trd, 8639899.746, 95
Trd, 8639899.946, 87
Trd, 8639900.412, 91
Trd, 8639900.446, 89
Trd, 8639900.579, 98
Trd, 8639900.879, 96
Trd, 8639901.346, 134
Trd, 8639901.512, 87
Trd, 8639901.746, 85
Trd, 8639902.912, 94
Trd, 8639903.279, 101
Trd, 8639903.346, 97
Trd, 8639903.879, 109
Trd, 8639903.912, 89
Trd, 8639904.312, 84
Trd, 8639904.946, 122
Trd, 8639905.179, 79
Trd, 8639905.346, 125
Trd, 8639906.346, 70
Trd, 8639907.146, 134
Trd, 8639907.479, 90
Trd, 8639908.612, 94
Trd, 8639908.679, 91
Trd, 8639908.846, 87
Trd, 8639909.212, 111
Trd, 8639909.412, 103
Trd, 8639910.946, 125
Trd, 8639911.179, 123
Trd, 8639911.712, 124
Trd, 8639911.779, 121
Trd, 8639911.846, 121
Trd, 8639912.746, 102
Trd, 8639913.546, 108
Trd, 8639913.612, 103
Trd, 8639914.412, 100
Trd, 8639914.712, 98
Trd, 8639914.879, 91
Trd, 8639915.946, 123
Trd, 8639916.912, 132
Trd, 8639917.046, 131
Trd, 8639917.679, 140
Trd, 8639917.879, 130
Trd, 8639918.379, 128
Trd, 8639918.546, 127
Trd, 8639918.912, 127
Trd, 8639919.312, 124
Trd, 8639919.779, 137
Trd, 8639920.212, 114
Trd, 8639920.912, 92
Trd, 8639921.079, 100
Trd, 8639921.212, 99
Trd, 8639922.046, 74
Trd, 8639922.079, 70
Trd, 8639922.379, 130
Trd, 8639922.679, 127
Trd, 8639923.612, 113
Trd, 8639924.012, 107
Trd, 8639924.346, 113
Trd, 8639924.579, 79
Trd, 8639925.046, 99
Trd, 8639925.446, 140
Trd, 8639926.512, 113
Trd, 8639926.712, 104
Trd, 8639929.146, 140
Trd, 8639929.212, 140
Trd, 8639930.046, 140
Trd, 8639930.079, 132
Trd, 8639930.246, 116
Trd, 8639931.312, 122
Trd, 8639931.546, 121
Trd, 8639931.812, 140
Trd, 8639932.012, 120
Trd, 8639932.046, 113
Trd, 8639932.079, 110
Trd, 8639932.246, 114
Trd, 8639932.446, 108
Trd, 8639933.712, 131
Trd, 8639933.946, 139
Trd, 8639934.479, 132
Trd, 8639935.446, 117
Trd, 8639935.646, 116
Trd, 8639936.479, 88
Trd, 8639936.512, 93
Trd, 8639937.212, 102
Trd, 8639937.412, 101
Trd, 8639938.679, 113
Trd, 8639939.712, 127
Trd, 8639939.979, 126
Trd, 8639940.212, 118
Trd, 8639940.479, 118
Trd, 8639941.079, 99
Trd, 8639941.479, 83
Trd, 8639942.912, 68
Trd, 8639943.246, 75
Trd, 8639943.679, 114
Trd, 8639943.979, 87
Trd, 8639944.146, 87
Trd, 8639945.446, 105
Trd, 8639947.012, 138
Trd, 8639947.512, 136
Trd, 8639947.579, 134
Trd, 8639947.646, 130
Trd, 8639948.279, 120
Trd, 8639948.579, 118
Trd, 8639948.646, 113
Trd, 8639948.879, 92
Trd, 8639949.746, 104
Trd, 8639949.912, 117
Trd, 8639950.046, 103
Trd, 8639950.879, 115
Trd, 8639951.812, 118
Trd, 8639952.012, 117
Trd, 8639952.146, 117
Trd, 8639953.046, 117
Trd, 8639954.479, 140
Trd, 8639954.946, 129
Trd, 8639954.979, 128
Trd, 8639955.379, 123
Trd, 8639955.412, 116
Trd, 8639955.946, 106
Trd, 8639956.312, 120
Trd, 8639956.346, 98
Trd, 8639957.479, 92
Trd, 8639957.879, 82
Trd, 8639958.612, 81
Trd, 8639959.412, 131
Trd, 8639959.512, 130
Trd, 8639960.446, 123
Trd, 8639960.912, 139
Trd, 8639961.446, 119
Trd, 8639962.212, 115
Trd, 8639963.212, 132
Trd, 8639963.746, 140
Trd, 8639964.246, 123
Trd, 8639964.612, 123
Trd, 8639965.012, 120
Trd, 8639965.412, 115
Trd, 8639965.879, 106
Trd, 8639966.512, 96
Trd, 8639966.846, 97
Trd, 8639967.112, 115
Trd, 8639967.446, 140
Trd, 8639967.812, 140
Trd, 8639968.079, 116
Trd, 8639968.479, 124
Trd, 8639968.746, 123
Trd, 8639969.079, 117
Trd, 8639969.346, 116
Trd, 8639970.846, 138
Trd, 8639970.912, 120
Trd, 8639971.012, 115
Trd, 8639971.812, 121
Trd, 8639971.946, 120
Trd, 8639972.079, 138
Trd, 8639972.212, 114
Trd, 8639972.879, 107
Trd, 8639973.012, 103
Trd, 8639973.812, 86
Trd, 8639975.612, 89
Trd, 8639976.579, 74
Trd, 8639977.579, 82
Trd, 8639977.846, 80
Trd, 8639978.079, 79
Trd, 8639978.346, 77
Trd, 8639978.446, 120
Trd, 8639979.246, 105
Trd, 8639979.379, 80
Trd, 8639979.479, 79
Trd, 8639979.779, 88
Trd, 8639980.079, 81
Trd, 8639980.879, 128
Trd, 8639981.379, 138
Trd, 8639982.512, 140
Trd, 8639982.879, 134
Trd, 8639983.546, 118
Trd, 8639983.679, 112
Trd, 8639983.712, 98
Trd, 8639984.446, 135
Trd, 8639984.512, 133
Trd, 8639984.846, 117
Trd, 8639985.479, 140
Trd, 8639985.679, 140
Trd, 8639985.812, 109
Trd, 8639986.679, 124
Trd, 8639986.979, 114
Trd, 8639987.512, 114
Trd, 8639988.212, 126
Trd, 8639988.779, 125
Trd, 8639989.446, 134
Trd, 8639989.879, 134
Trd, 8639990.312, 132
Trd, 8639991.112, 105
Trd, 8639991.312, 113
Trd, 8639991.546, 119
Trd, 8639991.746, 106
Trd, 8639992.412, 139
Trd, 8639992.546, 138
Trd, 8639993.312, 134
Trd, 8639994.712, 122
Trd, 8639994.779, 111
Trd, 8639995.079, 112
Trd, 8639995.412, 110
Trd, 8639995.912, 140
Trd, 8639996.812, 138
Trd, 8639997.612, 135
Trd, 8639997.879, 128
Trd, 8639998.479, 128
Trd, 8639998.946, 127
Trd, 8639999.679, 109
