Trd, 8638769.446, 60
Trd, 8638769.946, 60
Trd, 8638770.512, 60
Trd, 8638770.812, 61
Trd, 8638770.946, 63
Trd, 8638771.946, 60
Trd, 8638772.212, 60
Trd, 8638772.279, 60
Trd, 8638772.346, 60
Trd, 8638772.446, 63
Trd, 8638772.746, 62
Trd, 8638773.279, 61
Trd, 8638773.546, 69
Trd, 8638774.079, 61
Trd, 8638774.379, 64
Trd, 8638775.179, 60
Trd, 8638775.946, 60
Trd, 8638776.346, 63
Trd, 8638776.479, 63
Trd, 8638776.546, 64
Trd, 8638778.279, 60
Trd, 8638778.612, 60
Trd, 8638778.712, 63
Trd, 8638778.979, 65
Trd, 8638779.379, 63
Trd, 8638780.446, 62
Trd, 8638781.246, 62
Trd, 8638781.946, 61
Trd, 8638782.012, 62
Trd, 8638782.479, 60
Trd, 8638782.779, 61
Trd, 8638782.846, 62
Trd, 8638782.946, 62
Trd, 8638783.246, 62
Trd, 8638783.512, 64
Trd, 8638783.679, 68
Trd, 8638783.946, 64
Trd, 8638784.079, 63
Trd, 8638784.946, 131
Trd, 8638785.679, 130
Trd, 8638786.046, 140
Trd, 8638786.079, 129
Trd, 8638787.212, 140
Trd, 8638787.512, 140
Trd, 8638787.846, 139
Trd, 8638787.979, 139
Trd, 8638788.212, 138
Trd, 8638789.012, 140
Trd, 8638789.546, 139
Trd, 8638790.179, 140
Trd, 8638790.612, 140
Trd, 8638791.846, 140
Trd, 8638792.279, 140
Trd, 8638792.946, 140
Trd, 8638792.979, 140
Trd, 8638793.146, 140
Trd, 8638793.546, 140
Trd, 8638793.946, 139
Trd, 8638794.246, 140
Trd, 8638794.346, 140
Trd, 8638794.779, 140
Trd, 8638795.079, 140
Trd, 8638796.879, 140
Trd, 8638796.979, 139
Trd, 8638797.712, 140
Trd, 8638797.812, 140
Trd, 8638798.046, 140
Trd, 8638798.612, 140
Trd, 8638798.712, 140
Trd, 8638798.779, 140
Trd, 8638799.012, 81
Trd, 8638799.479, 83
Trd, 8638799.512, 137
Trd, 8638799.746, 82
Trd, 8638800.679, 139
Trd, 8638801.012, 140
Trd, 8638801.412, 139
Trd, 8638801.479, 138
Trd, 8638801.979, 139
Trd, 8638802.046, 138
Trd, 8638802.579, 60
Trd, 8638804.079, 140
Trd, 8638804.646, 140
Trd, 8638804.946, 140
Trd, 8638805.212, 139
Trd, 8638805.412, 138
Trd, 8638806.279, 137
Trd, 8638808.046, 139
Trd, 8638808.312, 129
Trd, 8638808.846, 140
Trd, 8638808.912, 140
Trd, 8638808.979, 128
Trd, 8638809.412, 139
Trd, 8638810.046, 140
Trd, 8638811.146, 140
Trd, 8638811.179, 140
Trd, 8638811.546, 140
Trd, 8638811.779, 140
Trd, 8638813.046, 140
Trd, 8638813.479, 140
Trd, 8638813.879, 140
Trd, 8638813.946, 140
Trd, 8638814.012, 140
Trd, 8638814.912, 140
Trd, 8638815.312, 140
Trd, 8638815.812, 140
Trd, 8638816.712, 140
Trd, 8638817.112, 140
Trd, 8638817.412, 140
Trd, 8638817.912, 140
Trd, 8638818.846, 140
Trd, 8638819.712, 140
Trd, 8638820.212, 140
Trd, 8638820.412, 140
Trd, 8638820.746, 140
Trd, 8638822.579, 140
Trd, 8638822.879, 140
Trd, 8638823.312, 140
Trd, 8638823.412, 140
Trd, 8638823.712, 140
Trd, 8638824.146, 140
Trd, 8638824.179, 139
Trd, 8638824.479, 138
Trd, 8638824.779, 140
Trd, 8638825.079, 137
Trd, 8638825.312, 140
Trd, 8638826.379, 140
Trd, 8638826.579, 140
Trd, 8638826.946, 140
Trd, 8638827.312, 139
Trd, 8638827.946, 139
Trd, 8638827.979, 138
Trd, 8638828.712, 140
Trd, 8638829.746, 139
Trd, 8638829.979, 136
Trd, 8638830.079, 113
Trd, 8638831.346, 139
Trd, 8638831.479, 138
Trd, 8638831.746, 138
Trd, 8638832.012, 136
Trd, 8638832.346, 110
Trd, 8638832.812, 64
Trd, 8638833.412, 140
Trd, 8638833.812, 140
Trd, 8638834.346, 140
Trd, 8638834.412, 140
Trd, 8638834.712, 140
Trd, 8638835.279, 137
Trd, 8638835.612, 114
Trd, 8638835.779, 114
Trd, 8638836.046, 99
Trd, 8638837.012, 138
Trd, 8638837.612, 140
Trd, 8638837.746, 140
Trd, 8638838.012, 140
Trd, 8638838.112, 140
Trd, 8638838.146, 140
Trd, 8638838.546, 136
Trd, 8638839.279, 137
Trd, 8638839.912, 117
Trd, 8638841.346, 140
Trd, 8638841.746, 140
Trd, 8638842.212, 140
Trd, 8638842.446, 138
Trd, 8638842.479, 99
Trd, 8638843.279, 139
Trd, 8638843.479, 129
Trd, 8638844.279, 140
Trd, 8638844.546, 138
Trd, 8638845.346, 140
Trd, 8638845.412, 139
Trd, 8638846.346, 140
Trd, 8638846.546, 140
Trd, 8638847.146, 140
Trd, 8638847.579, 140
Trd, 8638848.079, 140
Trd, 8638848.279, 140
Trd, 8638848.679, 140
Trd, 8638849.146, 138
Trd, 8638849.279, 131
Trd, 8638849.412, 99
Trd, 8638850.479, 139
Trd, 8638850.546, 138
Trd, 8638850.579, 116
Trd, 8638850.946, 140
Trd, 8638851.412, 139
Trd, 8638851.712, 140
Trd, 8638852.612, 140
Trd, 8638852.712, 132
Trd, 8638853.446, 140
Trd, 8638853.546, 140
Trd, 8638854.646, 140
Trd, 8638855.012, 140
Trd, 8638855.746, 140
Trd, 8638856.412, 98
Trd, 8638856.612, 97
Trd, 8638856.812, 84
Trd, 8638857.212, 139
Trd, 8638857.846, 140
Trd, 8638858.579, 140
Trd, 8638859.512, 140
Trd, 8638859.546, 140
Trd, 8638859.946, 140
Trd, 8638859.979, 140
Trd, 8638860.379, 138
Trd, 8638861.712, 140
Trd, 8638862.012, 140
Trd, 8638863.279, 140
Trd, 8638863.779, 140
Trd, 8638863.879, 140
Trd, 8638864.012, 140
Trd, 8638864.412, 140
Trd, 8638864.679, 140
Trd, 8638864.712, 140
Trd, 8638865.079, 140
Trd, 8638865.179, 140
Trd, 8638865.946, 140
Trd, 8638866.279, 135
Trd, 8638866.379, 102
Trd, 8638867.479, 137
Trd, 8638868.046, 138
Trd, 8638868.412, 140
Trd, 8638868.612, 100
Trd, 8638868.646, 97
Trd, 8638868.712, 74
Trd, 8638869.612, 140
Trd, 8638869.679, 139
Trd, 8638870.912, 140
Trd, 8638871.046, 140
Trd, 8638872.112, 140
Trd, 8638872.279, 140
Trd, 8638872.379, 139
Trd, 8638874.446, 140
Trd, 8638874.646, 140
Trd, 8638874.746, 140
Trd, 8638875.179, 140
Trd, 8638875.679, 138
Trd, 8638875.812, 124
Trd, 8638876.046, 96
Trd, 8638876.446, 140
Trd, 8638877.946, 60
Trd, 8638878.079, 60
Trd, 8638878.379, 62
Trd, 8638878.546, 62
Trd, 8638879.446, 64
Trd, 8638879.579, 63
Trd, 8638879.912, 60
Trd, 8638880.712, 65
Trd, 8638880.846, 66
Trd, 8638880.946, 65
Trd, 8638881.546, 140
Trd, 8638881.746, 139
Trd, 8638881.946, 63
Trd, 8638882.546, 140
Trd, 8638883.279, 140
Trd, 8638883.779, 138
Trd, 8638883.979, 138
Trd, 8638884.946, 140
Trd, 8638885.012, 139
Trd, 8638885.212, 139
Trd, 8638885.812, 140
Trd, 8638886.746, 140
Trd, 8638886.812, 140
Trd, 8638887.746, 140
Trd, 8638887.979, 140
Trd, 8638888.212, 140
Trd, 8638889.179, 140
Trd, 8638890.612, 140
Trd, 8638891.079, 140
Trd, 8638891.112, 140
Trd, 8638891.612, 140
Trd, 8638892.446, 140
Trd, 8638893.112, 140
Trd, 8638893.579, 140
Trd, 8638894.446, 140
Trd, 8638895.079, 140
Trd, 8638895.612, 140
Trd, 8638896.179, 140
Trd, 8638897.012, 140
Trd, 8638897.312, 140
Trd, 8638898.079, 140
Trd, 8638898.179, 140
Trd, 8638898.212, 140
Trd, 8638898.412, 140
Trd, 8638898.846, 140
Trd, 8638899.512, 140
Trd, 8638899.579, 140
Trd, 8638899.779, 139
Trd, 8638900.012, 140
Trd, 8638900.379, 138
Trd, 8638900.712, 139
Trd, 8638901.412, 139
Trd, 8638901.646, 140
Trd, 8638902.112, 140
Trd, 8638902.279, 140
Trd, 8638902.846, 133
Trd, 8638903.279, 140
Trd, 8638904.512, 140
Trd, 8638904.879, 140
Trd, 8638905.346, 140
Trd, 8638905.379, 139
Trd, 8638905.779, 138
Trd, 8638906.012, 137
Trd, 8638906.612, 138
Trd, 8638906.712, 139
Trd, 8638906.746, 136
Trd, 8638907.546, 139
Trd, 8638907.779, 132
Trd, 8638908.079, 140
Trd, 8638908.246, 87
Trd, 8638909.346, 139
Trd, 8638910.546, 140
Trd, 8638911.612, 140
Trd, 8638911.646, 140
Trd, 8638911.746, 140
Trd, 8638912.546, 140
Trd, 8638912.779, 140
Trd, 8638913.246, 140
Trd, 8638913.712, 140
Trd, 8638913.812, 140
Trd, 8638915.012, 140
Trd, 8638915.212, 140
Trd, 8638915.379, 140
Trd, 8638915.446, 140
Trd, 8638915.579, 140
Trd, 8638916.612, 140
Trd, 8638916.679, 140
Trd, 8638916.846, 140
Trd, 8638917.212, 140
Trd, 8638917.712, 140
Trd, 8638917.912, 128
Trd, 8638918.612, 137
Trd, 8638919.379, 138
Trd, 8638919.512, 108
Trd, 8638919.779, 107
Trd, 8638920.046, 68
Trd, 8638921.046, 140
Trd, 8638921.512, 140
Trd, 8638923.579, 140
Trd, 8638923.746, 140
Trd, 8638923.779, 140
Trd, 8638924.212, 140
Trd, 8638925.012, 140
Trd, 8638925.879, 140
Trd, 8638925.946, 140
Trd, 8638926.112, 140
Trd, 8638926.912, 140
Trd, 8638927.546, 140
Trd, 8638927.612, 140
Trd, 8638928.512, 140
Trd, 8638928.912, 140
Trd, 8638929.446, 140
Trd, 8638929.479, 139
Trd, 8638929.512, 138
Trd, 8638930.646, 140
Trd, 8638930.712, 140
Trd, 8638930.946, 140
Trd, 8638931.246, 140
Trd, 8638931.746, 140
Trd, 8638932.212, 139
Trd, 8638933.246, 140
Trd, 8638933.546, 140
Trd, 8638934.579, 140
Trd, 8638934.846, 140
Trd, 8638935.546, 140
Trd, 8638935.646, 140
Trd, 8638935.679, 140
Trd, 8638936.012, 140
Trd, 8638936.312, 140
Trd, 8638936.779, 139
Trd, 8638937.379, 138
Trd, 8638937.812, 137
Trd, 8638938.012, 138
Trd, 8638938.112, 113
Trd, 8638938.279, 139
Trd, 8638938.312, 112
Trd, 8638938.579, 137
Trd, 8638939.079, 140
Trd, 8638939.146, 65
Trd, 8638939.312, 64
Trd, 8638940.146, 71
Trd, 8638940.312, 73
Trd, 8638941.679, 136
Trd, 8638941.712, 134
Trd, 8638941.946, 140
Trd, 8638942.146, 111
Trd, 8638943.446, 140
Trd, 8638943.746, 140
Trd, 8638943.846, 139
Trd, 8638944.179, 60
Trd, 8638944.579, 60
Trd, 8638945.212, 60
Trd, 8638945.412, 60
Trd, 8638945.746, 61
Trd, 8638946.212, 72
Trd, 8638946.612, 138
Trd, 8638947.446, 71
Trd, 8638947.579, 67
Trd, 8638947.612, 136
Trd, 8638947.912, 62
Trd, 8638948.712, 140
Trd, 8638949.246, 139
Trd, 8638949.512, 140
Trd, 8638949.779, 140
Trd, 8638950.279, 136
Trd, 8638950.646, 139
Trd, 8638951.446, 137
Trd, 8638952.146, 140
Trd, 8638952.179, 140
Trd, 8638952.612, 140
Trd, 8638952.712, 139
Trd, 8638953.779, 68
Trd, 8638954.079, 60
Trd, 8638954.146, 61
Trd, 8638954.479, 61
Trd, 8638954.579, 70
Trd, 8638954.846, 71
Trd, 8638955.712, 140
Trd, 8638956.379, 93
Trd, 8638956.946, 140
Trd, 8638957.179, 95
Trd, 8638957.646, 80
Trd, 8638958.346, 79
Trd, 8638958.546, 80
Trd, 8638959.046, 60
Trd, 8638959.779, 63
Trd, 8638960.612, 60
Trd, 8638960.679, 60
Trd, 8638960.779, 63
Trd, 8638961.679, 60
Trd, 8638962.546, 60
Trd, 8638963.112, 60
Trd, 8638963.479, 60
Trd, 8638964.979, 60
Trd, 8638965.512, 60
Trd, 8638965.646, 61
Trd, 8638966.046, 60
Trd, 8638966.512, 61
Trd, 8638966.879, 62
Trd, 8638966.946, 61
Trd, 8638967.079, 61
Trd, 8638967.312, 60
Trd, 8638968.412, 60
Trd, 8638969.146, 62
Trd, 8638969.279, 63
Trd, 8638969.312, 64
Trd, 8638969.346, 68
Trd, 8638969.646, 62
Trd, 8638969.746, 61
Trd, 8638971.479, 61
Trd, 8638971.712, 62
Trd, 8638971.879, 62
Trd, 8638972.546, 61
Trd, 8638972.746, 61
Trd, 8638972.846, 63
Trd, 8638972.912, 63
Trd, 8638972.979, 69
Trd, 8638973.546, 61
Trd, 8638975.112, 60
Trd, 8638975.712, 60
Trd, 8638975.812, 60
Trd, 8638976.779, 60
Trd, 8638977.012, 60
Trd, 8638977.312, 60
Trd, 8638977.512, 60
Trd, 8638977.879, 60
Trd, 8638978.779, 60
Trd, 8638979.112, 61
Trd, 8638979.812, 60
Trd, 8638980.312, 60
Trd, 8638980.346, 61
Trd, 8638980.546, 63
Trd, 8638980.912, 61
Trd, 8638981.079, 60
Trd, 8638982.846, 60
Trd, 8638984.012, 60
Trd, 8638984.079, 60
Trd, 8638984.279, 60
Trd, 8638985.046, 60
Trd, 8638985.612, 60
Trd, 8638985.812, 61
Trd, 8638986.146, 61
Trd, 8638986.246, 62
Trd, 8638986.579, 64
Trd, 8638986.679, 63
Trd, 8638986.746, 62
Trd, 8638986.779, 66
Trd, 8638987.779, 140
Trd, 8638987.879, 140
Trd, 8638988.646, 60
Trd, 8638988.746, 61
Trd, 8638990.079, 60
Trd, 8638990.279, 60
Trd, 8638990.312, 60
Trd, 8638990.379, 60
Trd, 8638990.479, 69
Trd, 8638990.812, 65
Trd, 8638991.446, 61
Trd, 8638991.946, 61
Trd, 8638992.546, 60
Trd, 8638993.279, 60
Trd, 8638993.479, 61
Trd, 8638993.512, 62
Trd, 8638993.746, 63
Trd, 8638994.212, 62
Trd, 8638995.646, 62
Trd, 8638995.812, 63
Trd, 8638996.279, 62
Trd, 8638996.912, 62
Trd, 8638997.346, 61
Trd, 8638998.312, 60
Trd, 8638999.012, 60
Trd, 8638999.312, 61
Trd, 8638999.412, 61
Trd, 8638999.579, 60
Trd, 8639001.079, 60
Trd, 8639001.112, 60
Trd, 8639001.612, 60
Trd, 8639002.312, 60
Trd, 8639002.379, 61
Trd, 8639002.746, 61
Trd, 8639002.779, 61
Trd, 8639003.112, 64
Trd, 8639003.312, 64
Trd, 8639004.279, 64
Trd, 8639004.679, 64
Trd, 8639004.979, 64
Trd, 8639005.312, 66
Trd, 8639005.579, 68
Trd, 8639005.779, 66
Trd, 8639005.979, 66
Trd, 8639006.379, 61
Trd, 8639006.579, 140
Trd, 8639007.246, 140
Trd, 8639007.279, 140
Trd, 8639007.846, 66
Trd, 8639008.412, 139
Trd, 8639008.846, 138
Trd, 8639009.146, 113
Trd, 8639009.279, 112
Trd, 8639010.412, 140
Trd, 8639011.012, 140
Trd, 8639011.912, 140
Trd, 8639012.612, 140
Trd, 8639013.179, 140
Trd, 8639013.646, 140
Trd, 8639014.679, 140
Trd, 8639016.212, 140
Trd, 8639016.546, 140
Trd, 8639016.646, 140
Trd, 8639016.979, 140
Trd, 8639017.112, 140
Trd, 8639017.146, 140
Trd, 8639017.246, 140
Trd, 8639017.612, 139
Trd, 8639017.812, 138
Trd, 8639018.479, 139
Trd, 8639018.946, 131
Trd, 8639019.212, 127
Trd, 8639019.412, 63
Trd, 8639019.712, 140
Trd, 8639020.446, 139
Trd, 8639020.812, 138
Trd, 8639022.179, 140
Trd, 8639022.212, 140
Trd, 8639022.879, 140
Trd, 8639023.346, 140
Trd, 8639024.112, 140
Trd, 8639024.579, 140
Trd, 8639024.979, 140
Trd, 8639025.379, 140
Trd, 8639025.646, 140
Trd, 8639025.712, 140
Trd, 8639025.912, 134
Trd, 8639026.746, 140
Trd, 8639027.612, 140
Trd, 8639028.079, 140
Trd, 8639029.046, 140
Trd, 8639029.112, 139
Trd, 8639029.646, 140
Trd, 8639030.146, 139
Trd, 8639030.912, 140
Trd, 8639030.979, 140
Trd, 8639031.446, 140
Trd, 8639031.946, 140
Trd, 8639032.212, 140
Trd, 8639032.346, 140
Trd, 8639032.512, 140
Trd, 8639032.846, 140
Trd, 8639033.446, 140
Trd, 8639033.546, 114
Trd, 8639034.646, 140
Trd, 8639034.712, 140
Trd, 8639035.246, 139
Trd, 8639035.979, 139
Trd, 8639036.946, 140
Trd, 8639037.079, 140
Trd, 8639037.112, 140
Trd, 8639038.312, 140
Trd, 8639038.479, 140
Trd, 8639038.912, 140
Trd, 8639039.579, 140
Trd, 8639040.346, 140
Trd, 8639040.379, 137
Trd, 8639041.146, 140
Trd, 8639041.246, 139
Trd, 8639041.712, 139
Trd, 8639041.846, 138
Trd, 8639042.079, 133
Trd, 8639042.379, 87
Trd, 8639042.546, 60
Trd, 8639042.646, 140
Trd, 8639043.046, 97
Trd, 8639043.979, 140
Trd, 8639044.579, 139
Trd, 8639044.679, 138
Trd, 8639044.912, 137
Trd, 8639046.112, 140
Trd, 8639046.879, 140
Trd, 8639048.079, 140
Trd, 8639048.379, 140
Trd, 8639048.979, 140
Trd, 8639049.146, 140
Trd, 8639049.179, 140
Trd, 8639049.446, 140
Trd, 8639049.546, 140
Trd, 8639049.612, 140
Trd, 8639050.412, 140
Trd, 8639050.612, 139
Trd, 8639050.712, 127
Trd, 8639050.779, 63
Trd, 8639051.112, 119
Trd, 8639051.946, 97
Trd, 8639052.279, 64
Trd, 8639053.579, 140
Trd, 8639054.346, 140
Trd, 8639054.412, 140
Trd, 8639054.779, 140
Trd, 8639054.846, 140
Trd, 8639055.946, 140
Trd, 8639057.079, 140
Trd, 8639057.446, 140
Trd, 8639057.512, 140
Trd, 8639057.946, 139
Trd, 8639059.246, 140
Trd, 8639059.446, 140
Trd, 8639059.646, 140
Trd, 8639060.646, 140
Trd, 8639060.912, 140
Trd, 8639061.512, 140
Trd, 8639061.579, 140
Trd, 8639062.012, 140
Trd, 8639062.479, 140
Trd, 8639063.279, 140
Trd, 8639063.679, 140
Trd, 8639063.812, 140
Trd, 8639063.912, 140
Trd, 8639064.046, 140
Trd, 8639064.312, 138
Trd, 8639065.179, 140
Trd, 8639065.979, 140
Trd, 8639066.579, 140
Trd, 8639066.612, 140
Trd, 8639066.679, 138
Trd, 8639066.779, 138
Trd, 8639067.212, 140
Trd, 8639068.346, 140
Trd, 8639068.712, 140
Trd, 8639069.912, 140
Trd, 8639070.379, 140
Trd, 8639070.779, 139
Trd, 8639071.212, 140
Trd, 8639072.246, 140
Trd, 8639072.446, 140
Trd, 8639072.879, 140
Trd, 8639073.812, 140
Trd, 8639073.846, 140
Trd, 8639073.912, 140
Trd, 8639074.212, 140
Trd, 8639075.246, 140
Trd, 8639075.846, 140
Trd, 8639076.512, 140
Trd, 8639077.079, 140
Trd, 8639077.112, 140
Trd, 8639078.212, 140
Trd, 8639078.246, 140
Trd, 8639078.612, 139
Trd, 8639079.446, 140
Trd, 8639079.812, 139
Trd, 8639080.779, 140
Trd, 8639081.579, 140
Trd, 8639081.746, 140
Trd, 8639081.846, 140
Trd, 8639082.546, 140
Trd, 8639082.612, 140
Trd, 8639082.646, 137
Trd, 8639083.312, 138
Trd, 8639083.379, 131
Trd, 8639083.779, 61
Trd, 8639083.912, 60
Trd, 8639084.712, 61
Trd, 8639084.879, 66
Trd, 8639084.979, 72
Trd, 8639085.846, 140
Trd, 8639086.312, 140
Trd, 8639086.679, 140
Trd, 8639087.246, 140
Trd, 8639087.712, 139
Trd, 8639088.012, 134
Trd, 8639088.046, 104
Trd, 8639088.079, 136
Trd, 8639088.279, 105
Trd, 8639088.679, 138
Trd, 8639089.379, 140
Trd, 8639089.679, 140
Trd, 8639090.446, 140
Trd, 8639090.812, 140
Trd, 8639091.146, 140
Trd, 8639091.346, 140
Trd, 8639091.446, 140
Trd, 8639091.479, 140
Trd, 8639091.746, 139
Trd, 8639092.512, 140
Trd, 8639093.312, 140
Trd, 8639094.346, 140
Trd, 8639094.712, 140
Trd, 8639094.912, 140
Trd, 8639095.446, 61
Trd, 8639095.512, 62
Trd, 8639095.612, 64
Trd, 8639095.679, 65
Trd, 8639096.212, 65
Trd, 8639096.312, 123
Trd, 8639096.446, 67
Trd, 8639097.146, 60
Trd, 8639097.879, 62
Trd, 8639098.812, 60
Trd, 8639098.979, 62
Trd, 8639099.412, 63
Trd, 8639099.979, 63
Trd, 8639101.512, 60
Trd, 8639101.712, 60
Trd, 8639101.746, 61
Trd, 8639102.312, 61
Trd, 8639102.779, 61
Trd, 8639103.312, 60
Trd, 8639103.812, 61
Trd, 8639104.846, 60
Trd, 8639105.612, 60
Trd, 8639105.646, 61
Trd, 8639106.046, 60
Trd, 8639106.279, 61
Trd, 8639107.512, 60
Trd, 8639107.879, 60
Trd, 8639108.179, 60
Trd, 8639108.546, 61
Trd, 8639108.946, 63
Trd, 8639109.079, 62
Trd, 8639109.346, 63
Trd, 8639109.412, 65
Trd, 8639109.846, 64
Trd, 8639109.946, 65
Trd, 8639110.012, 63
Trd, 8639110.712, 60
Trd, 8639111.012, 61
Trd, 8639111.446, 139
Trd, 8639112.579, 140
Trd, 8639113.279, 140
Trd, 8639113.512, 139
Trd, 8639113.779, 139
Trd, 8639114.346, 140
Trd, 8639114.379, 140
Trd, 8639114.546, 139
Trd, 8639115.079, 140
Trd, 8639116.512, 140
Trd, 8639116.912, 140
Trd, 8639118.112, 140
Trd, 8639118.212, 140
Trd, 8639118.279, 140
Trd, 8639119.712, 140
Trd, 8639119.812, 140
Trd, 8639119.979, 140
Trd, 8639120.479, 140
Trd, 8639120.546, 140
Trd, 8639120.712, 140
Trd, 8639121.646, 138
Trd, 8639122.412, 140
Trd, 8639122.979, 140
Trd, 8639123.446, 140
Trd, 8639123.579, 140
Trd, 8639125.612, 140
Trd, 8639125.779, 140
Trd, 8639126.146, 140
Trd, 8639126.446, 140
Trd, 8639126.512, 140
Trd, 8639126.579, 140
Trd, 8639126.679, 140
Trd, 8639127.012, 140
Trd, 8639127.612, 140
Trd, 8639129.112, 140
Trd, 8639129.379, 140
Trd, 8639129.812, 140
Trd, 8639129.979, 140
Trd, 8639130.179, 140
Trd, 8639130.246, 139
Trd, 8639130.479, 139
Trd, 8639131.046, 140
Trd, 8639131.812, 139
Trd, 8639131.979, 139
Trd, 8639132.612, 114
Trd, 8639133.579, 140
Trd, 8639133.879, 140
Trd, 8639134.412, 140
Trd, 8639134.946, 140
Trd, 8639135.146, 140
Trd, 8639135.179, 140
Trd, 8639135.746, 140
Trd, 8639136.446, 139
Trd, 8639137.979, 140
Trd, 8639138.012, 140
Trd, 8639138.512, 140
Trd, 8639139.079, 139
Trd, 8639139.146, 139
Trd, 8639139.746, 140
Trd, 8639140.679, 140
Trd, 8639140.779, 140
Trd, 8639140.946, 139
Trd, 8639142.479, 140
Trd, 8639142.746, 140
Trd, 8639142.979, 140
Trd, 8639143.179, 139
Trd, 8639143.246, 135
Trd, 8639143.846, 140
Trd, 8639144.346, 140
Trd, 8639145.546, 140
Trd, 8639145.679, 140
Trd, 8639145.879, 140
Trd, 8639146.579, 140
Trd, 8639147.412, 140
Trd, 8639147.546, 140
Trd, 8639148.646, 140
Trd, 8639148.712, 140
Trd, 8639149.512, 140
Trd, 8639149.679, 140
Trd, 8639149.846, 140
Trd, 8639150.246, 140
Trd, 8639150.479, 139
Trd, 8639150.912, 140
Trd, 8639151.246, 121
Trd, 8639151.446, 140
Trd, 8639152.679, 140
Trd, 8639152.946, 140
Trd, 8639153.212, 140
Trd, 8639153.312, 140
Trd, 8639153.879, 140
Trd, 8639154.146, 140
Trd, 8639155.679, 140
Trd, 8639156.212, 140
Trd, 8639156.312, 140
Trd, 8639156.379, 140
Trd, 8639156.912, 140
Trd, 8639157.246, 140
Trd, 8639159.079, 140
Trd, 8639159.812, 140
Trd, 8639159.846, 140
Trd, 8639160.046, 140
Trd, 8639160.912, 140
Trd, 8639162.379, 140
Trd, 8639162.679, 140
Trd, 8639163.412, 140
Trd, 8639163.979, 140
Trd, 8639164.112, 140
Trd, 8639164.379, 140
Trd, 8639164.746, 140
Trd, 8639165.112, 140
Trd, 8639165.179, 140
Trd, 8639165.679, 140
Trd, 8639167.246, 140
Trd, 8639167.312, 140
Trd, 8639167.612, 139
Trd, 8639168.779, 140
Trd, 8639168.812, 140
Trd, 8639168.846, 140
Trd, 8639168.879, 140
Trd, 8639168.946, 140
Trd, 8639169.746, 140
Trd, 8639169.912, 137
Trd, 8639170.146, 137
Trd, 8639170.412, 137
Trd, 8639170.579, 119
Trd, 8639170.912, 140
Trd, 8639172.479, 140
Trd, 8639172.812, 140
Trd, 8639173.246, 140
Trd, 8639173.412, 139
Trd, 8639173.579, 127
Trd, 8639173.946, 140
Trd, 8639174.479, 140
Trd, 8639174.646, 140
Trd, 8639175.679, 140
Trd, 8639175.846, 140
Trd, 8639176.346, 140
Trd, 8639176.412, 140
Trd, 8639177.346, 140
Trd, 8639177.746, 139
Trd, 8639178.312, 140
Trd, 8639179.546, 140
Trd, 8639180.112, 140
Trd, 8639180.212, 140
Trd, 8639181.946, 140
Trd, 8639182.146, 140
Trd, 8639182.479, 140
Trd, 8639182.712, 140
Trd, 8639183.379, 140
Trd, 8639183.812, 140
Trd, 8639183.879, 140
Trd, 8639184.312, 140
Trd, 8639184.446, 140
Trd, 8639185.746, 140
Trd, 8639185.879, 140
Trd, 8639186.212, 140
Trd, 8639186.579, 139
Trd, 8639186.646, 137
Trd, 8639187.112, 139
Trd, 8639187.679, 139
Trd, 8639187.979, 138
Trd, 8639188.446, 139
Trd, 8639189.079, 139
Trd, 8639189.312, 105
Trd, 8639189.746, 94
Trd, 8639190.212, 140
Trd, 8639190.746, 140
Trd, 8639191.012, 140
Trd, 8639191.079, 140
Trd, 8639192.846, 140
Trd, 8639193.112, 140
Trd, 8639193.246, 140
Trd, 8639193.946, 139
Trd, 8639194.079, 140
Trd, 8639194.179, 138
Trd, 8639194.446, 138
Trd, 8639194.746, 115
Trd, 8639195.146, 75
Trd, 8639195.212, 74
Trd, 8639196.646, 140
Trd, 8639197.046, 140
Trd, 8639197.112, 140
Trd, 8639197.146, 140
Trd, 8639198.079, 140
Trd, 8639198.912, 140
Trd, 8639199.112, 140
Trd, 8639200.346, 140
Trd, 8639200.746, 140
Trd, 8639200.812, 140
Trd, 8639201.746, 140
Trd, 8639201.979, 140
Trd, 8639202.212, 140
Trd, 8639203.279, 140
Trd, 8639203.379, 140
Trd, 8639204.012, 140
Trd, 8639204.212, 140
Trd, 8639204.246, 139
Trd, 8639204.412, 140
Trd, 8639204.546, 139
Trd, 8639204.646, 139
Trd, 8639204.979, 140
Trd, 8639205.079, 140
Trd, 8639205.679, 138
Trd, 8639206.412, 84
Trd, 8639206.579, 82
Trd, 8639206.812, 138
Trd, 8639207.546, 139
Trd, 8639208.046, 139
Trd, 8639208.212, 135
Trd, 8639208.446, 102
Trd, 8639209.512, 140
Trd, 8639209.712, 140
Trd, 8639210.279, 68
Trd, 8639210.779, 136
Trd, 8639211.546, 140
Trd, 8639211.712, 140
Trd, 8639211.812, 140
Trd, 8639212.512, 140
Trd, 8639212.879, 140
Trd, 8639213.312, 140
Trd, 8639214.079, 140
Trd, 8639214.412, 140
Trd, 8639214.479, 139
Trd, 8639215.846, 140
Trd, 8639216.612, 140
Trd, 8639216.646, 139
Trd, 8639216.679, 120
Trd, 8639216.746, 80
Trd, 8639217.546, 140
Trd, 8639218.746, 140
Trd, 8639219.479, 140
Trd, 8639220.012, 140
Trd, 8639220.579, 140
Trd, 8639220.979, 140
Trd, 8639221.646, 140
Trd, 8639222.346, 140
Trd, 8639222.646, 140
Trd, 8639222.846, 140
Trd, 8639223.379, 140
Trd, 8639223.712, 140
Trd, 8639224.112, 140
Trd, 8639224.679, 140
Trd, 8639224.846, 139
Trd, 8639224.912, 138
Trd, 8639224.979, 140
Trd, 8639225.412, 140
Trd, 8639225.612, 139
Trd, 8639226.646, 140
Trd, 8639226.746, 140
Trd, 8639226.879, 140
Trd, 8639227.246, 140
Trd, 8639228.046, 140
Trd, 8639228.379, 140
Trd, 8639229.279, 140
Trd, 8639229.879, 140
Trd, 8639229.979, 140
Trd, 8639231.246, 140
Trd, 8639232.146, 140
Trd, 8639232.279, 140
Trd, 8639232.312, 140
Trd, 8639232.679, 140
Trd, 8639232.812, 140
Trd, 8639233.646, 140
Trd, 8639233.679, 140
Trd, 8639235.012, 140
Trd, 8639235.379, 140
Trd, 8639236.379, 140
Trd, 8639237.346, 140
Trd, 8639237.679, 140
Trd, 8639237.879, 140
Trd, 8639238.179, 140
Trd, 8639238.246, 140
Trd, 8639238.879, 140
Trd, 8639240.246, 140
Trd, 8639240.446, 140
Trd, 8639241.312, 140
Trd, 8639242.012, 140
Trd, 8639242.846, 140
Trd, 8639243.279, 140
Trd, 8639243.846, 140
Trd, 8639244.479, 140
Trd, 8639244.579, 140
Trd, 8639245.012, 140
Trd, 8639245.612, 140
Trd, 8639245.646, 140
Trd, 8639245.712, 140
Trd, 8639245.946, 140
Trd, 8639245.979, 139
Trd, 8639246.846, 140
Trd, 8639247.012, 139
Trd, 8639247.046, 137
Trd, 8639248.112, 138
Trd, 8639248.812, 62
Trd, 8639249.546, 83
Trd, 8639249.746, 134
Trd, 8639250.279, 140
Trd, 8639250.412, 140
Trd, 8639250.779, 139
Trd, 8639250.946, 140
Trd, 8639251.512, 140
Trd, 8639253.046, 140
Trd, 8639253.112, 140
Trd, 8639253.212, 140
Trd, 8639254.079, 138
Trd, 8639254.612, 140
Trd, 8639255.346, 140
Trd, 8639255.712, 140
Trd, 8639256.112, 140
Trd, 8639256.412, 139
Trd, 8639257.379, 140
Trd, 8639257.446, 140
Trd, 8639258.412, 140
Trd, 8639258.546, 140
Trd, 8639259.046, 140
Trd, 8639260.179, 140
Trd, 8639261.012, 140
Trd, 8639261.312, 140
Trd, 8639261.379, 140
Trd, 8639261.446, 140
Trd, 8639262.079, 140
Trd, 8639263.146, 140
Trd, 8639263.779, 140
Trd, 8639264.179, 140
Trd, 8639264.446, 140
Trd, 8639264.679, 139
Trd, 8639264.846, 139
Trd, 8639265.112, 139
Trd, 8639265.146, 140
Trd, 8639265.612, 140
Trd, 8639266.046, 128
Trd, 8639266.712, 140
Trd, 8639267.179, 140
Trd, 8639267.612, 140
Trd, 8639267.712, 139
Trd, 8639268.279, 119
Trd, 8639268.679, 118
Trd, 8639269.046, 61
Trd, 8639269.379, 60
Trd, 8639270.012, 60
Trd, 8639270.046, 60
Trd, 8639270.612, 60
Trd, 8639272.446, 60
Trd, 8639272.579, 60
Trd, 8639273.646, 60
Trd, 8639273.779, 60
Trd, 8639273.879, 60
Trd, 8639273.946, 62
Trd, 8639274.212, 60
Trd, 8639274.746, 61
Trd, 8639274.979, 62
Trd, 8639275.046, 63
Trd, 8639275.279, 62
Trd, 8639275.612, 63
Trd, 8639275.679, 67
Trd, 8639275.946, 71
Trd, 8639276.712, 61
Trd, 8639276.946, 63
Trd, 8639276.979, 64
Trd, 8639277.046, 64
Trd, 8639277.779, 60
Trd, 8639278.879, 60
Trd, 8639279.646, 60
Trd, 8639280.112, 62
Trd, 8639280.812, 60
Trd, 8639281.046, 60
Trd, 8639282.079, 60
Trd, 8639282.212, 62
Trd, 8639282.379, 67
Trd, 8639282.412, 70
Trd, 8639283.712, 61
Trd, 8639284.112, 60
Trd, 8639285.412, 60
Trd, 8639285.446, 60
Trd, 8639285.779, 60
Trd, 8639286.346, 60
Trd, 8639286.479, 62
Trd, 8639286.746, 60
Trd, 8639287.079, 64
Trd, 8639287.312, 75
Trd, 8639287.479, 60
Trd, 8639287.846, 65
Trd, 8639288.312, 62
Trd, 8639288.912, 69
Trd, 8639289.179, 67
Trd, 8639289.346, 65
Trd, 8639289.879, 61
Trd, 8639290.246, 67
Trd, 8639290.412, 60
Trd, 8639291.279, 60
Trd, 8639291.679, 60
Trd, 8639291.712, 61
Trd, 8639292.246, 63
Trd, 8639293.412, 64
Trd, 8639293.912, 60
Trd, 8639294.779, 66
Trd, 8639295.146, 68
Trd, 8639295.679, 67
Trd, 8639295.779, 60
Trd, 8639295.812, 65
Trd, 8639297.279, 60
Trd, 8639297.479, 60
Trd, 8639297.779, 60
Trd, 8639297.912, 61
Trd, 8639297.979, 61
Trd, 8639298.079, 64
Trd, 8639298.779, 64
Trd, 8639298.812, 72
Trd, 8639299.112, 64
Trd, 8639299.346, 63
Trd, 8639300.146, 137
Trd, 8639300.746, 140
Trd, 8639301.446, 140
Trd, 8639301.579, 140
Trd, 8639301.746, 136
Trd, 8639301.879, 135
Trd, 8639302.679, 140
Trd, 8639302.979, 93
Trd, 8639304.446, 140
Trd, 8639304.579, 140
Trd, 8639305.579, 140
Trd, 8639306.312, 140
Trd, 8639306.512, 140
Trd, 8639306.546, 140
Trd, 8639306.779, 137
Trd, 8639308.012, 140
Trd, 8639308.646, 140
Trd, 8639309.046, 140
Trd, 8639309.079, 140
Trd, 8639310.512, 140
Trd, 8639310.679, 140
Trd, 8639311.146, 140
Trd, 8639311.279, 140
Trd, 8639311.412, 140
Trd, 8639311.479, 140
Trd, 8639311.946, 140
Trd, 8639313.179, 140
Trd, 8639313.479, 140
Trd, 8639314.912, 140
Trd, 8639314.946, 140
Trd, 8639315.079, 140
Trd, 8639315.612, 140
Trd, 8639317.012, 140
Trd, 8639317.379, 140
Trd, 8639317.812, 140
Trd, 8639318.112, 140
Trd, 8639319.046, 140
Trd, 8639319.846, 140
Trd, 8639320.146, 140
Trd, 8639320.279, 140
Trd, 8639320.746, 140
Trd, 8639320.879, 140
Trd, 8639321.446, 140
Trd, 8639322.746, 140
Trd, 8639322.812, 140
Trd, 8639322.879, 140
Trd, 8639322.946, 140
Trd, 8639323.046, 140
Trd, 8639323.212, 139
Trd, 8639323.679, 118
Trd, 8639324.746, 140
Trd, 8639325.146, 140
Trd, 8639325.246, 140
Trd, 8639325.646, 139
Trd, 8639325.912, 140
Trd, 8639327.212, 140
Trd, 8639327.446, 140
Trd, 8639328.079, 140
Trd, 8639328.246, 140
Trd, 8639329.146, 140
Trd, 8639329.879, 140
Trd, 8639330.079, 140
Trd, 8639330.146, 140
Trd, 8639331.046, 140
Trd, 8639331.146, 140
Trd, 8639332.312, 140
Trd, 8639333.612, 140
Trd, 8639333.646, 140
Trd, 8639334.012, 140
Trd, 8639334.946, 140
Trd, 8639335.012, 140
Trd, 8639336.112, 140
Trd, 8639336.179, 140
Trd, 8639336.279, 140
Trd, 8639336.446, 140
Trd, 8639336.546, 140
Trd, 8639336.812, 140
Trd, 8639337.646, 140
Trd, 8639337.912, 118
Trd, 8639337.946, 77
Trd, 8639338.612, 60
Trd, 8639339.446, 74
Trd, 8639339.946, 64
Trd, 8639340.379, 75
Trd, 8639340.479, 140
Trd, 8639340.546, 68
Trd, 8639341.246, 140
Trd, 8639341.346, 140
Trd, 8639342.046, 140
Trd, 8639342.512, 140
Trd, 8639343.346, 140
Trd, 8639343.579, 140
Trd, 8639344.479, 140
Trd, 8639345.179, 140
Trd, 8639345.246, 140
Trd, 8639346.112, 140
Trd, 8639346.379, 140
Trd, 8639346.512, 140
Trd, 8639347.412, 140
Trd, 8639347.512, 140
Trd, 8639347.846, 140
Trd, 8639349.812, 140
Trd, 8639350.046, 140
Trd, 8639350.246, 140
Trd, 8639350.312, 140
Trd, 8639350.612, 140
Trd, 8639351.046, 140
Trd, 8639351.279, 140
Trd, 8639351.812, 139
Trd, 8639351.846, 138
Trd, 8639352.179, 140
Trd, 8639352.212, 139
Trd, 8639353.079, 140
Trd, 8639353.246, 140
Trd, 8639353.346, 139
Trd, 8639353.546, 139
Trd, 8639353.612, 123
Trd, 8639353.712, 140
Trd, 8639354.146, 73
Trd, 8639355.579, 87
Trd, 8639357.279, 140
Trd, 8639357.312, 140
Trd, 8639357.412, 140
Trd, 8639358.046, 139
Trd, 8639358.512, 137
Trd, 8639359.779, 140
Trd, 8639360.379, 140
Trd, 8639360.746, 140
Trd, 8639361.079, 140
Trd, 8639361.146, 140
Trd, 8639362.079, 140
Trd, 8639362.846, 140
Trd, 8639362.912, 140
Trd, 8639363.479, 140
Trd, 8639364.246, 140
Trd, 8639364.312, 140
Trd, 8639364.479, 139
Trd, 8639365.579, 140
Trd, 8639366.612, 140
Trd, 8639366.746, 140
Trd, 8639367.479, 140
Trd, 8639368.612, 140
Trd, 8639368.679, 140
Trd, 8639368.912, 140
Trd, 8639369.346, 140
Trd, 8639370.279, 140
Trd, 8639370.812, 140
Trd, 8639370.846, 140
Trd, 8639371.012, 140
Trd, 8639371.146, 140
Trd, 8639371.212, 139
Trd, 8639371.312, 139
Trd, 8639371.346, 119
Trd, 8639371.512, 139
Trd, 8639371.646, 140
Trd, 8639371.746, 139
Trd, 8639372.579, 131
Trd, 8639373.712, 140
Trd, 8639374.112, 139
Trd, 8639374.579, 140
Trd, 8639375.246, 140
Trd, 8639375.346, 140
Trd, 8639375.612, 140
Trd, 8639376.879, 139
Trd, 8639376.979, 139
Trd, 8639377.579, 140
Trd, 8639377.746, 140
Trd, 8639378.012, 139
Trd, 8639378.046, 139
Trd, 8639378.746, 139
Trd, 8639378.846, 136
Trd, 8639379.079, 62
Trd, 8639379.746, 138
Trd, 8639380.512, 60
Trd, 8639380.712, 62
Trd, 8639381.012, 140
Trd, 8639381.346, 140
Trd, 8639381.379, 140
Trd, 8639382.312, 140
Trd, 8639382.646, 140
Trd, 8639383.779, 140
Trd, 8639383.812, 140
Trd, 8639384.446, 140
Trd, 8639385.546, 140
Trd, 8639385.646, 140
Trd, 8639386.046, 140
Trd, 8639386.612, 140
Trd, 8639387.079, 140
Trd, 8639387.112, 140
Trd, 8639387.546, 140
Trd, 8639387.879, 140
Trd, 8639388.546, 140
Trd, 8639388.712, 140
Trd, 8639389.546, 140
Trd, 8639389.612, 137
Trd, 8639389.712, 118
Trd, 8639389.979, 140
Trd, 8639390.212, 138
Trd, 8639390.446, 137
Trd, 8639391.112, 140
Trd, 8639391.446, 127
Trd, 8639393.679, 140
Trd, 8639394.546, 140
Trd, 8639394.946, 140
Trd, 8639395.412, 140
Trd, 8639395.679, 140
Trd, 8639395.712, 140
Trd, 8639395.746, 140
Trd, 8639396.646, 139
Trd, 8639397.146, 140
Trd, 8639397.346, 139
Trd, 8639397.379, 138
Trd, 8639398.712, 140
Trd, 8639398.879, 139
Trd, 8639399.246, 140
Trd, 8639399.879, 140
Trd, 8639400.712, 140
Trd, 8639400.946, 140
Trd, 8639401.046, 140
Trd, 8639401.179, 140
Trd, 8639402.146, 140
Trd, 8639403.179, 140
Trd, 8639403.546, 140
Trd, 8639403.879, 140
Trd, 8639404.379, 140
Trd, 8639405.612, 140
Trd, 8639406.012, 140
Trd, 8639406.479, 140
Trd, 8639406.879, 140
Trd, 8639407.446, 140
Trd, 8639407.712, 140
Trd, 8639408.079, 139
Trd, 8639408.246, 139
Trd, 8639408.479, 139
Trd, 8639408.712, 138
Trd, 8639409.746, 138
Trd, 8639409.846, 133
Trd, 8639410.112, 88
Trd, 8639410.212, 140
Trd, 8639410.546, 140
Trd, 8639410.812, 140
Trd, 8639411.579, 61
Trd, 8639411.912, 72
Trd, 8639411.946, 73
Trd, 8639412.546, 67
Trd, 8639412.879, 140
Trd, 8639412.912, 139
Trd, 8639414.579, 140
Trd, 8639414.679, 140
Trd, 8639415.146, 140
Trd, 8639415.279, 140
Trd, 8639416.546, 140
Trd, 8639416.646, 140
Trd, 8639416.879, 140
Trd, 8639417.646, 140
Trd, 8639417.912, 140
Trd, 8639418.112, 140
Trd, 8639418.646, 139
Trd, 8639418.779, 138
Trd, 8639419.179, 137
Trd, 8639419.679, 136
Trd, 8639419.946, 135
Trd, 8639421.112, 140
Trd, 8639421.879, 140
Trd, 8639422.012, 140
Trd, 8639422.979, 140
Trd, 8639423.679, 140
Trd, 8639424.079, 140
Trd, 8639424.279, 139
Trd, 8639424.579, 105
Trd, 8639425.112, 104
Trd, 8639425.446, 102
Trd, 8639426.646, 140
Trd, 8639426.679, 138
Trd, 8639427.146, 138
Trd, 8639427.246, 137
Trd, 8639428.512, 105
Trd, 8639429.012, 83
Trd, 8639430.279, 140
Trd, 8639430.346, 140
Trd, 8639430.546, 140
Trd, 8639431.179, 140
Trd, 8639431.212, 140
Trd, 8639431.612, 139
Trd, 8639432.046, 140
Trd, 8639432.212, 138
Trd, 8639432.912, 140
Trd, 8639433.546, 140
Trd, 8639434.212, 140
Trd, 8639434.912, 140
Trd, 8639434.946, 140
Trd, 8639435.079, 140
Trd, 8639435.912, 140
Trd, 8639437.212, 140
Trd, 8639437.446, 140
Trd, 8639437.679, 140
Trd, 8639437.812, 140
Trd, 8639438.812, 140
Trd, 8639438.946, 140
Trd, 8639439.746, 140
Trd, 8639439.879, 140
Trd, 8639440.279, 140
Trd, 8639440.379, 140
Trd, 8639440.879, 139
Trd, 8639441.279, 140
Trd, 8639442.112, 140
Trd, 8639442.812, 139
Trd, 8639443.246, 140
Trd, 8639444.046, 140
Trd, 8639444.579, 139
Trd, 8639444.712, 121
Trd, 8639445.446, 108
Trd, 8639445.646, 138
Trd, 8639445.946, 138
Trd, 8639446.412, 103
Trd, 8639446.512, 100
Trd, 8639446.679, 60
Trd, 8639446.779, 137
Trd, 8639447.546, 60
Trd, 8639447.879, 61
Trd, 8639448.812, 69
Trd, 8639448.946, 70
Trd, 8639449.112, 64
Trd, 8639449.412, 115
Trd, 8639450.146, 60
Trd, 8639450.812, 63
Trd, 8639451.046, 116
Trd, 8639451.146, 110
Trd, 8639451.946, 60
Trd, 8639452.712, 60
Trd, 8639453.146, 65
Trd, 8639453.412, 61
Trd, 8639453.879, 60
Trd, 8639454.246, 63
Trd, 8639454.712, 140
Trd, 8639455.179, 100
Trd, 8639455.379, 100
Trd, 8639455.679, 100
Trd, 8639456.612, 140
Trd, 8639456.779, 140
Trd, 8639457.179, 140
Trd, 8639457.246, 140
Trd, 8639457.279, 138
Trd, 8639457.779, 140
Trd, 8639459.112, 140
Trd, 8639459.612, 138
Trd, 8639460.146, 67
Trd, 8639460.312, 68
Trd, 8639460.912, 68
Trd, 8639461.079, 60
Trd, 8639461.212, 69
Trd, 8639462.312, 60
Trd, 8639463.179, 61
Trd, 8639463.479, 63
Trd, 8639463.512, 66
Trd, 8639463.712, 67
Trd, 8639463.746, 69
Trd, 8639464.179, 62
Trd, 8639464.679, 64
Trd, 8639464.812, 60
Trd, 8639465.212, 64
Trd, 8639465.546, 61
Trd, 8639466.646, 62
Trd, 8639467.246, 61
Trd, 8639467.412, 61
Trd, 8639468.279, 61
Trd, 8639469.246, 61
Trd, 8639469.579, 60
Trd, 8639470.346, 62
Trd, 8639470.412, 62
Trd, 8639470.746, 61
Trd, 8639471.312, 60
Trd, 8639471.379, 66
Trd, 8639472.046, 66
Trd, 8639472.112, 64
Trd, 8639472.179, 64
Trd, 8639472.246, 67
Trd, 8639472.579, 63
Trd, 8639473.346, 61
Trd, 8639473.612, 62
Trd, 8639473.746, 60
Trd, 8639474.046, 60
Trd, 8639474.312, 63
Trd, 8639475.246, 60
Trd, 8639475.346, 61
Trd, 8639475.446, 64
Trd, 8639476.079, 140
Trd, 8639477.512, 140
Trd, 8639477.712, 140
Trd, 8639477.779, 140
Trd, 8639477.979, 140
Trd, 8639479.046, 139
Trd, 8639479.212, 138
Trd, 8639480.946, 140
Trd, 8639481.379, 140
Trd, 8639481.412, 140
Trd, 8639481.579, 140
Trd, 8639481.646, 140
Trd, 8639483.079, 140
Trd, 8639483.679, 140
Trd, 8639483.979, 140
Trd, 8639484.112, 140
Trd, 8639484.446, 140
Trd, 8639484.779, 138
Trd, 8639485.479, 140
Trd, 8639486.512, 140
Trd, 8639486.546, 140
Trd, 8639486.579, 140
Trd, 8639487.079, 139
Trd, 8639487.146, 137
Trd, 8639487.779, 68
Trd, 8639488.012, 69
Trd, 8639489.112, 60
Trd, 8639489.746, 60
Trd, 8639489.779, 60
Trd, 8639490.279, 61
Trd, 8639490.746, 60
Trd, 8639491.012, 64
Trd, 8639491.212, 139
Trd, 8639491.646, 63
Trd, 8639492.146, 140
Trd, 8639492.412, 140
Trd, 8639492.579, 139
Trd, 8639493.146, 140
Trd, 8639493.612, 140
Trd, 8639494.012, 140
Trd, 8639494.179, 140
Trd, 8639494.912, 140
Trd, 8639495.412, 140
Trd, 8639495.979, 139
Trd, 8639497.879, 140
Trd, 8639498.346, 140
Trd, 8639498.512, 140
Trd, 8639498.646, 140
Trd, 8639499.479, 140
Trd, 8639499.912, 140
Trd, 8639499.946, 140
Trd, 8639500.112, 140
Trd, 8639500.346, 140
Trd, 8639501.146, 140
Trd, 8639501.746, 140
Trd, 8639502.046, 140
Trd, 8639503.579, 140
Trd, 8639503.846, 140
Trd, 8639504.379, 140
Trd, 8639504.746, 140
Trd, 8639505.312, 140
Trd, 8639505.812, 140
Trd, 8639505.946, 140
Trd, 8639506.046, 140
Trd, 8639508.012, 140
Trd, 8639509.546, 140
Trd, 8639509.579, 140
Trd, 8639509.879, 140
Trd, 8639510.246, 140
Trd, 8639510.312, 140
Trd, 8639510.479, 140
Trd, 8639511.012, 140
Trd, 8639511.046, 140
Trd, 8639511.179, 140
Trd, 8639511.412, 140
Trd, 8639511.846, 139
Trd, 8639512.146, 140
Trd, 8639512.346, 140
Trd, 8639512.646, 139
Trd, 8639512.846, 137
Trd, 8639513.546, 140
Trd, 8639514.979, 140
Trd, 8639515.279, 140
Trd, 8639515.379, 140
Trd, 8639515.512, 139
Trd, 8639515.612, 140
Trd, 8639516.879, 140
Trd, 8639517.246, 140
Trd, 8639517.846, 140
Trd, 8639517.879, 140
Trd, 8639519.512, 140
Trd, 8639519.712, 140
Trd, 8639520.679, 140
Trd, 8639521.012, 140
Trd, 8639521.079, 140
Trd, 8639522.279, 140
Trd, 8639522.779, 140
Trd, 8639523.012, 140
Trd, 8639523.446, 140
Trd, 8639523.479, 140
Trd, 8639523.646, 140
Trd, 8639524.479, 140
Trd, 8639524.712, 140
Trd, 8639525.146, 140
Trd, 8639525.779, 140
Trd, 8639525.912, 140
Trd, 8639526.512, 140
Trd, 8639526.846, 140
Trd, 8639526.879, 110
Trd, 8639527.846, 136
Trd, 8639528.346, 108
Trd, 8639528.446, 108
Trd, 8639528.712, 136
Trd, 8639528.812, 107
Trd, 8639529.112, 137
Trd, 8639529.646, 124
Trd, 8639530.679, 60
Trd, 8639531.179, 60
Trd, 8639531.346, 61
Trd, 8639531.812, 61
Trd, 8639531.879, 61
Trd, 8639532.079, 62
Trd, 8639532.712, 63
Trd, 8639533.212, 60
Trd, 8639533.412, 60
Trd, 8639534.546, 60
Trd, 8639534.612, 60
Trd, 8639534.946, 65
Trd, 8639535.279, 60
Trd, 8639535.379, 67
Trd, 8639535.479, 72
Trd, 8639536.646, 140
Trd, 8639536.746, 139
Trd, 8639537.779, 139
Trd, 8639537.846, 68
Trd, 8639537.912, 67
Trd, 8639538.912, 140
Trd, 8639539.379, 140
Trd, 8639540.446, 140
Trd, 8639541.012, 137
Trd, 8639541.146, 100
Trd, 8639541.879, 140
Trd, 8639542.379, 140
Trd, 8639542.412, 140
Trd, 8639542.779, 139
Trd, 8639543.512, 140
Trd, 8639543.846, 140
Trd, 8639544.879, 140
Trd, 8639545.012, 140
Trd, 8639545.146, 137
Trd, 8639545.412, 133
Trd, 8639545.979, 140
Trd, 8639546.046, 139
Trd, 8639547.412, 140
Trd, 8639547.612, 140
Trd, 8639547.746, 140
Trd, 8639548.479, 140
Trd, 8639548.746, 140
Trd, 8639549.912, 140
Trd, 8639550.646, 140
Trd, 8639550.812, 140
Trd, 8639551.479, 140
Trd, 8639551.546, 140
Trd, 8639551.712, 138
Trd, 8639551.812, 86
Trd, 8639552.679, 140
Trd, 8639552.846, 134
Trd, 8639553.546, 140
Trd, 8639553.712, 140
Trd, 8639553.746, 140
Trd, 8639553.879, 140
Trd, 8639554.479, 140
Trd, 8639554.746, 138
Trd, 8639555.512, 140
Trd, 8639555.612, 140
Trd, 8639556.612, 140
Trd, 8639556.646, 139
Trd, 8639557.379, 138
Trd, 8639557.712, 137
Trd, 8639558.212, 139
Trd, 8639560.079, 140
Trd, 8639560.179, 140
Trd, 8639560.646, 140
Trd, 8639561.146, 140
Trd, 8639561.579, 140
Trd, 8639561.746, 140
Trd, 8639562.212, 140
Trd, 8639562.579, 140
Trd, 8639564.346, 140
Trd, 8639564.979, 140
Trd, 8639565.146, 140
Trd, 8639565.346, 140
Trd, 8639566.046, 140
Trd, 8639566.212, 139
Trd, 8639566.512, 140
Trd, 8639566.679, 140
Trd, 8639567.312, 139
Trd, 8639567.579, 136
Trd, 8639567.946, 135
Trd, 8639568.479, 139
Trd, 8639568.746, 138
Trd, 8639569.212, 139
Trd, 8639569.712, 140
Trd, 8639570.412, 140
Trd, 8639571.179, 140
Trd, 8639571.379, 140
Trd, 8639571.412, 91
Trd, 8639572.379, 140
Trd, 8639573.012, 140
Trd, 8639573.612, 140
Trd, 8639575.079, 140
Trd, 8639575.246, 140
Trd, 8639576.479, 140
Trd, 8639576.512, 140
Trd, 8639576.612, 140
Trd, 8639576.779, 140
Trd, 8639577.179, 140
Trd, 8639578.712, 140
Trd, 8639578.746, 140
Trd, 8639579.312, 140
Trd, 8639579.612, 140
Trd, 8639579.712, 140
Trd, 8639579.946, 140
Trd, 8639580.346, 140
Trd, 8639580.412, 139
Trd, 8639580.579, 138
Trd, 8639582.079, 139
Trd, 8639582.279, 138
Trd, 8639582.579, 140
Trd, 8639583.312, 140
Trd, 8639583.446, 140
Trd, 8639584.146, 140
Trd, 8639585.179, 140
Trd, 8639585.412, 140
Trd, 8639585.879, 140
Trd, 8639586.212, 140
Trd, 8639586.479, 135
Trd, 8639587.146, 138
Trd, 8639587.212, 137
Trd, 8639587.679, 139
Trd, 8639588.679, 140
Trd, 8639589.446, 140
Trd, 8639589.846, 140
Trd, 8639589.912, 140
Trd, 8639590.146, 140
Trd, 8639590.346, 138
Trd, 8639591.446, 140
Trd, 8639591.846, 140
Trd, 8639591.946, 140
Trd, 8639592.212, 140
Trd, 8639592.679, 140
Trd, 8639594.046, 140
Trd, 8639594.779, 140
Trd, 8639595.046, 140
Trd, 8639595.912, 140
Trd, 8639595.979, 140
Trd, 8639596.012, 139
Trd, 8639596.612, 140
Trd, 8639597.079, 140
Trd, 8639597.379, 140
Trd, 8639597.579, 140
Trd, 8639597.912, 140
Trd, 8639598.112, 140
Trd, 8639598.279, 140
Trd, 8639598.312, 140
Trd, 8639599.146, 140
Trd, 8639600.646, 131
Trd, 8639600.879, 131
Trd, 8639600.946, 134
Trd, 8639601.912, 140
Trd, 8639603.879, 140
Trd, 8639604.012, 140
Trd, 8639604.212, 140
Trd, 8639605.112, 140
Trd, 8639605.712, 140
Trd, 8639606.179, 140
Trd, 8639606.512, 140
Trd, 8639607.246, 140
Trd, 8639607.679, 140
Trd, 8639608.812, 140
Trd, 8639608.946, 140
Trd, 8639609.479, 140
Trd, 8639610.179, 140
Trd, 8639610.646, 140
Trd, 8639610.712, 140
Trd, 8639612.546, 140
Trd, 8639613.146, 140
Trd, 8639613.446, 140
Trd, 8639613.646, 140
Trd, 8639613.746, 140
Trd, 8639613.846, 139
Trd, 8639613.979, 140
Trd, 8639614.346, 139
Trd, 8639614.879, 135
Trd, 8639615.446, 137
Trd, 8639616.179, 140
Trd, 8639616.379, 140
Trd, 8639616.979, 140
Trd, 8639617.646, 140
Trd, 8639618.079, 140
Trd, 8639618.679, 140
Trd, 8639618.879, 140
Trd, 8639618.912, 140
Trd, 8639619.279, 140
Trd, 8639619.612, 140
Trd, 8639619.846, 138
Trd, 8639621.546, 140
Trd, 8639621.579, 140
Trd, 8639622.379, 140
Trd, 8639622.512, 140
Trd, 8639622.579, 139
Trd, 8639623.112, 136
Trd, 8639623.246, 108
Trd, 8639623.646, 60
Trd, 8639623.979, 140
Trd, 8639624.312, 140
Trd, 8639624.379, 138
Trd, 8639625.279, 139
Trd, 8639626.012, 140
Trd, 8639626.512, 140
Trd, 8639626.779, 140
Trd, 8639627.212, 140
Trd, 8639627.446, 139
Trd, 8639628.812, 140
Trd, 8639629.712, 140
Trd, 8639630.212, 140
Trd, 8639630.446, 140
Trd, 8639630.846, 140
Trd, 8639631.379, 140
Trd, 8639631.712, 140
Trd, 8639632.246, 140
Trd, 8639632.612, 140
Trd, 8639632.712, 140
Trd, 8639632.846, 139
Trd, 8639633.079, 140
Trd, 8639633.612, 139
Trd, 8639634.512, 140
Trd, 8639634.979, 140
Trd, 8639635.046, 140
Trd, 8639636.512, 140
Trd, 8639636.912, 140
Trd, 8639636.946, 140
Trd, 8639637.412, 140
Trd, 8639637.612, 140
Trd, 8639637.812, 138
Trd, 8639638.012, 139
Trd, 8639639.012, 136
Trd, 8639639.879, 137
Trd, 8639640.312, 140
Trd, 8639640.479, 140
Trd, 8639641.546, 140
Trd, 8639641.979, 140
Trd, 8639642.146, 140
Trd, 8639642.212, 139
Trd, 8639642.879, 139
Trd, 8639643.179, 72
Trd, 8639643.312, 140
Trd, 8639643.879, 140
Trd, 8639645.212, 140
Trd, 8639645.646, 140
Trd, 8639645.779, 140
Trd, 8639646.546, 140
Trd, 8639647.412, 140
Trd, 8639647.479, 140
Trd, 8639648.246, 140
Trd, 8639648.279, 140
Trd, 8639648.346, 138
Trd, 8639648.579, 117
Trd, 8639648.879, 139
Trd, 8639649.212, 78
Trd, 8639649.746, 74
Trd, 8639650.112, 74
Trd, 8639650.212, 74
Trd, 8639650.746, 75
Trd, 8639651.412, 61
Trd, 8639651.579, 60
Trd, 8639651.912, 60
Trd, 8639653.012, 60
Trd, 8639653.212, 60
Trd, 8639653.612, 63
Trd, 8639655.179, 60
Trd, 8639655.246, 60
Trd, 8639655.912, 60
Trd, 8639656.779, 60
Trd, 8639657.646, 60
Trd, 8639657.946, 60
Trd, 8639658.112, 60
Trd, 8639658.212, 61
Trd, 8639658.379, 61
Trd, 8639658.512, 60
Trd, 8639658.679, 65
Trd, 8639659.312, 60
Trd, 8639661.879, 60
Trd, 8639661.946, 60
Trd, 8639662.046, 61
Trd, 8639662.146, 62
Trd, 8639662.812, 60
Trd, 8639663.046, 61
Trd, 8639663.179, 64
Trd, 8639663.246, 65
Trd, 8639664.912, 60
Trd, 8639665.379, 60
Trd, 8639666.146, 60
Trd, 8639666.212, 60
Trd, 8639667.046, 60
Trd, 8639667.112, 60
Trd, 8639667.546, 60
Trd, 8639667.612, 60
Trd, 8639667.746, 61
Trd, 8639668.012, 60
Trd, 8639668.879, 60
Trd, 8639669.112, 60
Trd, 8639669.312, 62
Trd, 8639669.912, 60
Trd, 8639669.979, 60
Trd, 8639670.079, 62
Trd, 8639670.412, 63
Trd, 8639672.846, 60
Trd, 8639672.879, 61
Trd, 8639672.946, 62
Trd, 8639673.912, 60
Trd, 8639674.579, 60
Trd, 8639674.679, 60
Trd, 8639675.079, 60
Trd, 8639675.512, 61
Trd, 8639676.346, 61
Trd, 8639676.646, 60
Trd, 8639676.846, 60
Trd, 8639676.946, 62
Trd, 8639677.012, 62
Trd, 8639677.646, 61
Trd, 8639677.846, 62
Trd, 8639678.579, 63
Trd, 8639679.479, 60
Trd, 8639679.879, 60
Trd, 8639680.312, 60
Trd, 8639681.112, 60
Trd, 8639681.279, 61
Trd, 8639681.612, 62
Trd, 8639681.779, 63
Trd, 8639681.912, 64
Trd, 8639682.312, 64
Trd, 8639683.046, 60
Trd, 8639684.312, 60
Trd, 8639684.779, 60
Trd, 8639685.279, 60
Trd, 8639685.712, 62
Trd, 8639686.379, 60
Trd, 8639686.612, 61
Trd, 8639687.146, 60
Trd, 8639687.612, 60
Trd, 8639687.646, 60
Trd, 8639688.112, 60
Trd, 8639688.212, 60
Trd, 8639688.546, 61
Trd, 8639688.979, 60
Trd, 8639690.779, 60
Trd, 8639690.912, 62
Trd, 8639691.012, 64
Trd, 8639691.579, 62
Trd, 8639692.579, 63
Trd, 8639692.646, 63
Trd, 8639692.746, 64
Trd, 8639692.979, 66
Trd, 8639693.346, 66
Trd, 8639693.412, 67
Trd, 8639694.212, 70
Trd, 8639694.946, 70
Trd, 8639695.246, 71
Trd, 8639695.412, 69
Trd, 8639695.446, 117
Trd, 8639696.079, 67
Trd, 8639696.179, 66
Trd, 8639696.712, 60
Trd, 8639696.846, 67
Trd, 8639698.146, 140
Trd, 8639699.146, 140
Trd, 8639699.379, 140
Trd, 8639699.479, 140
Trd, 8639700.246, 140
Trd, 8639700.779, 140
Trd, 8639701.146, 140
Trd, 8639701.346, 140
Trd, 8639702.079, 140
Trd, 8639702.612, 140
Trd, 8639702.946, 140
Trd, 8639702.979, 140
Trd, 8639703.479, 140
Trd, 8639704.079, 140
Trd, 8639704.212, 140
Trd, 8639705.212, 140
Trd, 8639705.912, 140
Trd, 8639705.979, 140
Trd, 8639706.012, 140
Trd, 8639706.746, 140
Trd, 8639706.979, 140
Trd, 8639707.712, 140
Trd, 8639708.146, 140
Trd, 8639708.412, 140
Trd, 8639709.646, 140
Trd, 8639710.446, 140
Trd, 8639710.479, 140
Trd, 8639710.646, 140
Trd, 8639711.479, 140
Trd, 8639712.546, 140
Trd, 8639713.146, 140
Trd, 8639713.379, 140
Trd, 8639713.412, 140
Trd, 8639713.879, 140
Trd, 8639714.446, 137
Trd, 8639714.779, 140
Trd, 8639715.079, 78
Trd, 8639715.146, 77
Trd, 8639715.212, 134
Trd, 8639715.979, 136
Trd, 8639716.112, 77
Trd, 8639717.246, 60
Trd, 8639717.446, 60
Trd, 8639717.779, 61
Trd, 8639718.046, 60
Trd, 8639719.379, 60
Trd, 8639720.079, 62
Trd, 8639720.112, 60
Trd, 8639720.212, 62
Trd, 8639720.479, 63
Trd, 8639720.679, 60
Trd, 8639720.746, 60
Trd, 8639721.012, 61
Trd, 8639721.446, 62
Trd, 8639721.812, 60
Trd, 8639722.312, 61
Trd, 8639722.412, 62
Trd, 8639722.446, 67
Trd, 8639723.946, 61
Trd, 8639723.979, 62
Trd, 8639725.012, 60
Trd, 8639725.646, 60
Trd, 8639726.612, 60
Trd, 8639726.779, 60
Trd, 8639727.079, 60
Trd, 8639727.212, 60
Trd, 8639727.946, 60
Trd, 8639727.979, 60
Trd, 8639728.912, 62
Trd, 8639729.679, 60
Trd, 8639730.412, 60
Trd, 8639731.079, 60
Trd, 8639731.479, 60
Trd, 8639731.512, 60
Trd, 8639732.179, 61
Trd, 8639732.579, 62
Trd, 8639732.879, 62
Trd, 8639732.912, 61
Trd, 8639733.212, 62
Trd, 8639733.412, 63
Trd, 8639733.946, 60
Trd, 8639734.379, 60
Trd, 8639734.746, 60
Trd, 8639735.446, 60
Trd, 8639735.512, 60
Trd, 8639736.279, 60
Trd, 8639736.846, 60
Trd, 8639737.279, 60
Trd, 8639738.012, 60
Trd, 8639738.912, 60
Trd, 8639739.012, 60
Trd, 8639739.646, 60
Trd, 8639739.812, 61
Trd, 8639739.979, 61
Trd, 8639740.146, 64
Trd, 8639740.646, 61
Trd, 8639740.712, 62
Trd, 8639741.379, 66
Trd, 8639741.879, 61
Trd, 8639742.046, 64
Trd, 8639742.279, 68
Trd, 8639742.512, 73
Trd, 8639744.112, 140
Trd, 8639744.246, 140
Trd, 8639744.379, 140
Trd, 8639744.879, 140
Trd, 8639745.479, 140
Trd, 8639746.112, 140
Trd, 8639746.679, 140
Trd, 8639746.812, 140
Trd, 8639746.846, 140
Trd, 8639747.846, 139
Trd, 8639748.046, 139
Trd, 8639749.146, 140
Trd, 8639749.179, 140
Trd, 8639749.212, 137
Trd, 8639749.379, 121
Trd, 8639750.446, 60
Trd, 8639750.746, 60
Trd, 8639751.246, 65
Trd, 8639751.279, 68
Trd, 8639751.446, 116
Trd, 8639752.212, 61
Trd, 8639752.579, 136
Trd, 8639752.812, 136
Trd, 8639753.279, 139
Trd, 8639753.679, 140
Trd, 8639753.846, 69
Trd, 8639754.179, 140
Trd, 8639754.279, 138
Trd, 8639755.279, 88
Trd, 8639755.779, 91
Trd, 8639756.712, 139
Trd, 8639756.812, 138
Trd, 8639756.846, 89
Trd, 8639757.646, 63
Trd, 8639758.212, 62
Trd, 8639758.346, 69
Trd, 8639758.746, 61
Trd, 8639758.846, 67
Trd, 8639759.279, 139
Trd, 8639759.646, 60
Trd, 8639759.846, 63
Trd, 8639760.479, 140
Trd, 8639760.512, 139
Trd, 8639761.112, 140
Trd, 8639761.479, 140
Trd, 8639762.946, 140
Trd, 8639764.746, 140
Trd, 8639764.779, 140
Trd, 8639765.312, 140
Trd, 8639765.812, 140
Trd, 8639765.979, 140
Trd, 8639766.012, 140
Trd, 8639766.846, 140
Trd, 8639768.112, 140
Trd, 8639768.712, 140
Trd, 8639769.212, 140
Trd, 8639769.812, 140
Trd, 8639770.546, 140
Trd, 8639771.279, 140
Trd, 8639771.412, 140
Trd, 8639771.879, 140
Trd, 8639772.179, 140
Trd, 8639772.879, 139
Trd, 8639773.212, 140
Trd, 8639773.346, 140
Trd, 8639773.812, 139
Trd, 8639774.846, 140
Trd, 8639775.146, 139
Trd, 8639776.646, 140
Trd, 8639776.679, 140
Trd, 8639776.879, 140
Trd, 8639776.912, 140
Trd, 8639777.312, 140
Trd, 8639778.279, 140
Trd, 8639778.646, 139
Trd, 8639778.679, 139
Trd, 8639779.346, 140
Trd, 8639780.079, 140
Trd, 8639780.379, 140
Trd, 8639781.112, 140
Trd, 8639781.346, 140
Trd, 8639781.579, 139
Trd, 8639781.712, 138
Trd, 8639782.112, 138
Trd, 8639782.512, 130
Trd, 8639782.612, 138
Trd, 8639783.712, 140
Trd, 8639784.712, 140
Trd, 8639785.046, 140
Trd, 8639785.379, 140
Trd, 8639785.446, 140
Trd, 8639785.512, 140
Trd, 8639786.046, 140
Trd, 8639786.412, 140
Trd, 8639786.912, 140
Trd, 8639787.146, 139
Trd, 8639787.879, 140
Trd, 8639788.146, 140
Trd, 8639788.479, 140
Trd, 8639789.012, 140
Trd, 8639790.312, 140
Trd, 8639790.612, 140
Trd, 8639790.646, 140
Trd, 8639790.812, 140
Trd, 8639790.946, 139
Trd, 8639791.312, 63
Trd, 8639791.779, 64
Trd, 8639792.112, 138
Trd, 8639792.746, 140
Trd, 8639792.979, 122
Trd, 8639793.379, 61
Trd, 8639794.312, 131
Trd, 8639794.512, 68
Trd, 8639795.579, 139
Trd, 8639795.712, 140
Trd, 8639796.579, 140
Trd, 8639796.846, 140
Trd, 8639797.179, 140
Trd, 8639797.446, 140
Trd, 8639797.879, 140
Trd, 8639797.946, 139
Trd, 8639799.079, 138
Trd, 8639800.279, 140
Trd, 8639800.912, 140
Trd, 8639801.546, 140
Trd, 8639801.712, 140
Trd, 8639801.812, 140
Trd, 8639801.846, 140
Trd, 8639802.912, 140
Trd, 8639803.712, 140
Trd, 8639804.312, 140
Trd, 8639805.146, 140
Trd, 8639805.312, 140
Trd, 8639806.112, 140
Trd, 8639806.246, 140
Trd, 8639806.546, 140
Trd, 8639806.712, 140
Trd, 8639806.879, 140
Trd, 8639807.179, 140
Trd, 8639807.812, 139
Trd, 8639808.546, 140
Trd, 8639809.146, 140
Trd, 8639809.512, 140
Trd, 8639810.346, 140
Trd, 8639811.146, 140
Trd, 8639811.612, 140
Trd, 8639812.779, 140
Trd, 8639813.079, 140
Trd, 8639813.146, 140
Trd, 8639814.346, 140
Trd, 8639814.479, 140
Trd, 8639814.779, 140
Trd, 8639815.146, 140
Trd, 8639815.446, 140
Trd, 8639816.246, 140
Trd, 8639816.979, 140
Trd, 8639817.046, 140
Trd, 8639817.112, 139
Trd, 8639817.279, 139
Trd, 8639817.312, 110
Trd, 8639817.546, 140
Trd, 8639818.046, 139
Trd, 8639818.879, 140
Trd, 8639819.712, 140
Trd, 8639819.812, 140
Trd, 8639820.179, 140
Trd, 8639820.246, 140
Trd, 8639820.779, 140
Trd, 8639820.812, 140
Trd, 8639820.879, 140
Trd, 8639821.446, 63
Trd, 8639822.112, 140
Trd, 8639823.046, 140
Trd, 8639823.112, 140
Trd, 8639824.046, 140
Trd, 8639825.012, 140
Trd, 8639825.512, 140
Trd, 8639826.346, 140
Trd, 8639826.479, 140
Trd, 8639826.846, 139
Trd, 8639826.912, 138
Trd, 8639827.412, 139
Trd, 8639827.479, 138
Trd, 8639827.879, 139
Trd, 8639828.079, 138
Trd, 8639828.146, 136
Trd, 8639828.912, 137
Trd, 8639829.312, 110
Trd, 8639829.512, 84
Trd, 8639829.612, 83
Trd, 8639830.612, 74
Trd, 8639831.146, 140
Trd, 8639831.879, 140
Trd, 8639832.746, 140
Trd, 8639832.946, 140
Trd, 8639833.046, 140
Trd, 8639833.646, 140
Trd, 8639833.979, 140
Trd, 8639835.679, 140
Trd, 8639836.546, 140
Trd, 8639837.079, 140
Trd, 8639837.112, 140
Trd, 8639837.146, 140
Trd, 8639837.212, 140
Trd, 8639837.412, 139
Trd, 8639837.579, 138
Trd, 8639837.612, 140
Trd, 8639838.446, 138
Trd, 8639838.512, 140
Trd, 8639839.112, 140
Trd, 8639839.446, 106
Trd, 8639840.312, 139
Trd, 8639840.446, 138
Trd, 8639840.612, 134
Trd, 8639841.179, 74
Trd, 8639841.779, 127
Trd, 8639842.046, 73
Trd, 8639842.712, 139
Trd, 8639843.446, 139
Trd, 8639843.546, 138
Trd, 8639844.379, 140
Trd, 8639845.012, 140
Trd, 8639846.246, 140
Trd, 8639846.346, 140
Trd, 8639846.479, 140
Trd, 8639846.812, 140
Trd, 8639847.046, 140
Trd, 8639847.746, 140
Trd, 8639847.912, 140
Trd, 8639848.612, 140
Trd, 8639849.146, 140
Trd, 8639849.212, 140
Trd, 8639849.979, 140
Trd, 8639850.579, 140
Trd, 8639850.879, 140
Trd, 8639850.912, 140
Trd, 8639851.179, 140
Trd, 8639851.212, 140
Trd, 8639851.246, 139
Trd, 8639851.612, 140
Trd, 8639852.146, 140
Trd, 8639852.212, 138
Trd, 8639852.479, 140
Trd, 8639852.979, 124
Trd, 8639853.246, 113
Trd, 8639853.846, 140
Trd, 8639854.446, 140
Trd, 8639854.512, 140
Trd, 8639855.379, 140
Trd, 8639856.312, 140
Trd, 8639856.446, 140
Trd, 8639857.379, 140
Trd, 8639857.946, 140
Trd, 8639858.312, 140
Trd, 8639859.146, 140
Trd, 8639859.279, 140
Trd, 8639859.712, 136
Trd, 8639860.079, 137
Trd, 8639860.446, 140
Trd, 8639860.479, 139
Trd, 8639860.912, 136
Trd, 8639861.179, 113
Trd, 8639861.346, 91
Trd, 8639861.546, 60
Trd, 8639862.212, 66
Trd, 8639863.579, 60
Trd, 8639864.012, 60
Trd, 8639864.612, 60
Trd, 8639864.812, 60
Trd, 8639865.612, 60
Trd, 8639866.346, 60
Trd, 8639866.779, 60
Trd, 8639867.846, 60
Trd, 8639868.179, 60
Trd, 8639868.546, 63
Trd, 8639868.579, 64
Trd, 8639869.812, 60
Trd, 8639871.446, 60
Trd, 8639871.479, 60
Trd, 8639871.546, 60
Trd, 8639871.579, 60
Trd, 8639871.979, 61
Trd, 8639872.079, 61
Trd, 8639872.779, 60
Trd, 8639872.846, 60
Trd, 8639872.879, 61
Trd, 8639873.112, 62
Trd, 8639874.046, 62
Trd, 8639874.112, 63
Trd, 8639874.912, 61
Trd, 8639875.346, 61
Trd, 8639875.479, 61
Trd, 8639876.179, 61
Trd, 8639876.812, 60
Trd, 8639877.679, 60
Trd, 8639878.179, 61
Trd, 8639879.579, 60
Trd, 8639879.612, 60
Trd, 8639880.212, 61
Trd, 8639880.612, 60
Trd, 8639880.812, 63
Trd, 8639880.879, 66
Trd, 8639881.346, 60
Trd, 8639881.612, 61
Trd, 8639881.912, 61
Trd, 8639882.079, 62
Trd, 8639882.112, 63
Trd, 8639882.946, 67
Trd, 8639883.146, 69
Trd, 8639883.179, 65
Trd, 8639883.779, 70
Trd, 8639883.812, 66
Trd, 8639884.012, 72
Trd, 8639884.112, 61
Trd, 8639884.846, 65
Trd, 8639884.979, 140
Trd, 8639885.612, 62
Trd, 8639886.246, 62
Trd, 8639886.546, 63
Trd, 8639886.879, 62
Trd, 8639887.079, 71
Trd, 8639889.579, 60
Trd, 8639889.746, 61
Trd, 8639890.379, 60
Trd, 8639890.712, 62
Trd, 8639891.479, 60
Trd, 8639891.546, 61
Trd, 8639891.879, 62
Trd, 8639891.912, 62
Trd, 8639893.079, 60
Trd, 8639893.312, 60
Trd, 8639893.479, 60
Trd, 8639893.846, 60
Trd, 8639894.479, 60
Trd, 8639894.646, 61
Trd, 8639895.412, 63
Trd, 8639895.912, 63
Trd, 8639895.946, 65
Trd, 8639896.179, 65
Trd, 8639896.412, 60
Trd, 8639897.046, 60
Trd, 8639897.379, 60
Trd, 8639897.546, 60
Trd, 8639897.879, 60
Trd, 8639898.212, 66
Trd, 8639898.446, 60
Trd, 8639900.112, 60
Trd, 8639900.612, 60
Trd, 8639900.879, 60
Trd, 8639900.946, 60
Trd, 8639901.346, 60
Trd, 8639902.679, 60
Trd, 8639903.412, 60
Trd, 8639903.679, 60
Trd, 8639903.712, 60
Trd, 8639904.112, 68
Trd, 8639904.879, 60
Trd, 8639905.546, 60
Trd, 8639905.946, 60
Trd, 8639906.012, 64
Trd, 8639906.412, 65
Trd, 8639906.679, 62
Trd, 8639906.946, 63
Trd, 8639908.112, 60
Trd, 8639908.279, 60
Trd, 8639908.446, 60
Trd, 8639908.746, 60
Trd, 8639908.879, 64
Trd, 8639909.379, 60
Trd, 8639909.412, 61
Trd, 8639910.412, 60
Trd, 8639911.112, 60
Trd, 8639911.212, 60
Trd, 8639911.546, 60
Trd, 8639912.412, 61
Trd, 8639912.546, 60
Trd, 8639912.946, 60
Trd, 8639914.946, 61
Trd, 8639916.246, 60
Trd, 8639916.312, 60
Trd, 8639916.412, 60
Trd, 8639917.079, 60
Trd, 8639917.112, 60
Trd, 8639917.212, 60
Trd, 8639917.279, 62
Trd, 8639917.346, 65
Trd, 8639917.779, 60
Trd, 8639918.412, 60
Trd, 8639918.479, 66
Trd, 8639918.679, 60
Trd, 8639918.946, 61
Trd, 8639919.012, 61
Trd, 8639920.179, 61
Trd, 8639920.212, 62
Trd, 8639920.779, 60
Trd, 8639921.212, 61
Trd, 8639921.746, 62
Trd, 8639922.246, 61
Trd, 8639922.579, 60
Trd, 8639922.812, 63
Trd, 8639923.112, 61
Trd, 8639923.579, 65
Trd, 8639923.912, 65
Trd, 8639924.612, 63
Trd, 8639925.079, 60
Trd, 8639925.512, 61
Trd, 8639926.046, 60
Trd, 8639927.712, 60
Trd, 8639927.846, 60
Trd, 8639928.112, 60
Trd, 8639928.246, 60
Trd, 8639928.379, 60
Trd, 8639928.646, 61
Trd, 8639929.379, 61
Trd, 8639929.679, 60
Trd, 8639929.912, 61
Trd, 8639930.012, 61
Trd, 8639930.212, 60
Trd, 8639930.279, 72
Trd, 8639930.946, 140
Trd, 8639931.546, 140
Trd, 8639931.646, 140
Trd, 8639932.679, 61
Trd, 8639932.979, 62
Trd, 8639933.446, 61
Trd, 8639933.812, 64
Trd, 8639933.912, 61
Trd, 8639934.479, 60
Trd, 8639934.546, 61
Trd, 8639934.646, 62
Trd, 8639934.912, 63
Trd, 8639935.612, 66
Trd, 8639936.079, 68
Trd, 8639936.846, 60
Trd, 8639937.679, 60
Trd, 8639939.079, 60
Trd, 8639939.279, 60
Trd, 8639940.012, 60
Trd, 8639940.079, 60
Trd, 8639940.179, 61
Trd, 8639940.346, 61
Trd, 8639940.546, 61
Trd, 8639940.812, 62
Trd, 8639940.912, 64
Trd, 8639940.979, 61
Trd, 8639942.279, 65
Trd, 8639942.379, 67
Trd, 8639942.779, 64
Trd, 8639943.479, 60
Trd, 8639943.779, 61
Trd, 8639944.712, 60
Trd, 8639945.546, 60
Trd, 8639945.712, 60
Trd, 8639945.846, 62
Trd, 8639946.012, 62
Trd, 8639946.146, 61
Trd, 8639946.379, 64
Trd, 8639946.512, 62
Trd, 8639946.746, 140
Trd, 8639947.079, 136
Trd, 8639947.446, 139
Trd, 8639948.446, 140
Trd, 8639949.479, 140
Trd, 8639949.712, 140
Trd, 8639949.979, 140
Trd, 8639950.412, 140
Trd, 8639950.812, 140
Trd, 8639951.446, 139
Trd, 8639951.812, 140
Trd, 8639952.712, 140
Trd, 8639953.112, 140
Trd, 8639953.646, 140
Trd, 8639954.479, 140
Trd, 8639955.479, 140
Trd, 8639956.246, 140
Trd, 8639956.312, 140
Trd, 8639957.246, 140
Trd, 8639958.179, 140
Trd, 8639958.246, 137
Trd, 8639958.346, 137
Trd, 8639958.579, 139
Trd, 8639958.912, 92
Trd, 8639958.946, 90
Trd, 8639959.112, 139
Trd, 8639959.179, 140
Trd, 8639959.679, 137
Trd, 8639960.346, 139
Trd, 8639960.746, 104
Trd, 8639960.846, 103
Trd, 8639961.446, 140
Trd, 8639962.446, 60
Trd, 8639962.712, 61
Trd, 8639962.979, 64
Trd, 8639963.412, 63
Trd, 8639963.779, 137
Trd, 8639964.379, 60
Trd, 8639964.646, 60
Trd, 8639964.712, 60
Trd, 8639965.546, 62
Trd, 8639966.212, 62
Trd, 8639966.279, 63
Trd, 8639966.446, 62
Trd, 8639967.646, 60
Trd, 8639967.812, 60
Trd, 8639968.112, 60
Trd, 8639968.546, 60
Trd, 8639968.712, 60
Trd, 8639968.979, 62
Trd, 8639970.046, 60
Trd, 8639970.879, 60
Trd, 8639971.112, 63
Trd, 8639971.446, 60
Trd, 8639971.612, 62
Trd, 8639971.679, 60
Trd, 8639971.846, 60
Trd, 8639972.079, 63
Trd, 8639972.612, 61
Trd, 8639973.579, 140
Trd, 8639973.712, 140
Trd, 8639974.346, 140
Trd, 8639974.446, 140
Trd, 8639974.479, 140
Trd, 8639976.579, 140
Trd, 8639976.946, 140
Trd, 8639977.079, 140
Trd, 8639978.746, 140
Trd, 8639978.879, 140
Trd, 8639979.079, 140
Trd, 8639979.479, 140
Trd, 8639979.812, 140
Trd, 8639980.679, 140
Trd, 8639980.712, 140
Trd, 8639980.812, 140
Trd, 8639981.579, 140
Trd, 8639982.712, 140
Trd, 8639983.112, 140
Trd, 8639983.146, 140
Trd, 8639983.246, 140
Trd, 8639983.779, 139
Trd, 8639983.912, 140
Trd, 8639984.412, 140
Trd, 8639984.479, 140
Trd, 8639984.979, 140
Trd, 8639985.112, 139
Trd, 8639986.346, 140
Trd, 8639986.646, 140
Trd, 8639986.679, 140
Trd, 8639987.079, 140
Trd, 8639987.346, 138
Trd, 8639987.412, 138
Trd, 8639987.546, 116
Trd, 8639988.346, 137
Trd, 8639988.746, 139
Trd, 8639988.879, 94
Trd, 8639989.046, 140
Trd, 8639989.679, 132
Trd, 8639990.412, 137
Trd, 8639990.512, 140
Trd, 8639991.112, 80
Trd, 8639992.479, 61
Trd, 8639992.579, 64
Trd, 8639992.912, 139
Trd, 8639994.146, 140
Trd, 8639994.179, 140
Trd, 8639994.446, 140
Trd, 8639994.679, 140
Trd, 8639995.179, 140
Trd, 8639996.279, 140
Trd, 8639996.479, 140
Trd, 8639996.612, 140
Trd, 8639996.779, 140
Trd, 8639997.346, 140
Trd, 8639997.912, 139
Trd, 8639998.846, 140
Trd, 8639999.379, 140
Trd, 8639999.812, 140
Trd, 8639999.846, 140
