Trd, 8638802.012, 64
Trd, 8638803.246, 60
Trd, 8638803.546, 60
Trd, 8638803.746, 63
Trd, 8638804.712, 60
Trd, 8638805.346, 61
Trd, 8638805.979, 62
Trd, 8638806.012, 62
Trd, 8638806.279, 61
Trd, 8638806.312, 63
Trd, 8638806.446, 64
Trd, 8638806.812, 69
Trd, 8638807.546, 71
Trd, 8638807.579, 66
Trd, 8638807.946, 74
Trd, 8638807.979, 76
Trd, 8638808.479, 60
Trd, 8638809.579, 63
Trd, 8638809.646, 64
Trd, 8638810.212, 67
Trd, 8638810.379, 68
Trd, 8638810.846, 80
Trd, 8638811.679, 60
Trd, 8638811.779, 61
Trd, 8638811.879, 62
Trd, 8638811.912, 62
Trd, 8638812.979, 61
Trd, 8638813.446, 62
Trd, 8638814.446, 60
Trd, 8638814.646, 61
Trd, 8638814.912, 61
Trd, 8638815.012, 62
Trd, 8638815.512, 60
Trd, 8638816.412, 61
Trd, 8638818.012, 62
Trd, 8638818.646, 62
Trd, 8638818.946, 60
Trd, 8638819.346, 61
Trd, 8638819.612, 61
Trd, 8638819.812, 60
Trd, 8638820.112, 63
Trd, 8638820.246, 64
Trd, 8638820.579, 74
Trd, 8638820.979, 140
Trd, 8638821.012, 140
Trd, 8638821.112, 140
Trd, 8638822.179, 60
Trd, 8638822.946, 60
Trd, 8638823.179, 60
Trd, 8638823.912, 60
Trd, 8638824.279, 60
Trd, 8638824.512, 61
Trd, 8638824.679, 62
Trd, 8638826.079, 60
Trd, 8638826.212, 60
Trd, 8638826.679, 62
Trd, 8638827.146, 60
Trd, 8638827.779, 60
Trd, 8638827.979, 60
Trd, 8638828.279, 62
Trd, 8638828.912, 64
Trd, 8638829.179, 60
Trd, 8638829.246, 61
Trd, 8638829.479, 61
Trd, 8638829.679, 62
Trd, 8638829.846, 77
Trd, 8638830.012, 106
Trd, 8638830.212, 108
Trd, 8638830.979, 63
Trd, 8638832.179, 65
Trd, 8638832.379, 65
Trd, 8638832.779, 67
Trd, 8638832.812, 70
Trd, 8638833.346, 60
Trd, 8638833.712, 69
Trd, 8638833.812, 120
Trd, 8638833.879, 124
Trd, 8638834.246, 60
Trd, 8638835.079, 65
Trd, 8638835.379, 61
Trd, 8638835.512, 60
Trd, 8638835.912, 64
Trd, 8638836.346, 66
Trd, 8638836.579, 61
Trd, 8638837.379, 66
Trd, 8638837.979, 61
Trd, 8638838.246, 69
Trd, 8638838.612, 60
Trd, 8638839.012, 60
Trd, 8638840.046, 60
Trd, 8638840.279, 102
Trd, 8638840.846, 128
Trd, 8638841.146, 63
Trd, 8638841.312, 67
Trd, 8638842.246, 140
Trd, 8638842.646, 140
Trd, 8638842.779, 140
Trd, 8638843.079, 140
Trd, 8638843.679, 140
Trd, 8638844.679, 140
Trd, 8638844.946, 140
Trd, 8638845.279, 140
Trd, 8638845.446, 140
Trd, 8638845.512, 140
Trd, 8638845.546, 138
Trd, 8638846.146, 138
Trd, 8638846.179, 78
Trd, 8638847.212, 139
Trd, 8638847.412, 139
Trd, 8638847.612, 138
Trd, 8638847.812, 107
Trd, 8638848.412, 140
Trd, 8638848.646, 140
Trd, 8638849.112, 140
Trd, 8638849.746, 140
Trd, 8638850.446, 140
Trd, 8638850.646, 112
Trd, 8638850.779, 91
Trd, 8638851.546, 62
Trd, 8638851.612, 63
Trd, 8638851.846, 61
Trd, 8638851.879, 68
Trd, 8638852.579, 61
Trd, 8638853.712, 61
Trd, 8638853.746, 65
Trd, 8638854.012, 75
Trd, 8638854.279, 62
Trd, 8638854.379, 63
Trd, 8638854.512, 138
Trd, 8638855.146, 62
Trd, 8638855.912, 61
Trd, 8638857.046, 64
Trd, 8638857.312, 60
Trd, 8638858.646, 60
Trd, 8638858.812, 60
Trd, 8638859.112, 61
Trd, 8638859.212, 64
Trd, 8638859.779, 67
Trd, 8638860.346, 62
Trd, 8638860.779, 66
Trd, 8638860.846, 66
Trd, 8638861.312, 131
Trd, 8638862.212, 64
Trd, 8638862.446, 67
Trd, 8638862.512, 68
Trd, 8638862.612, 60
Trd, 8638863.146, 140
Trd, 8638863.212, 140
Trd, 8638863.612, 138
Trd, 8638864.046, 110
Trd, 8638864.579, 138
Trd, 8638865.646, 103
Trd, 8638865.946, 138
Trd, 8638865.979, 76
Trd, 8638866.312, 61
Trd, 8638866.979, 140
Trd, 8638867.446, 139
Trd, 8638868.012, 63
Trd, 8638868.412, 61
Trd, 8638868.712, 140
Trd, 8638869.746, 61
Trd, 8638869.912, 62
Trd, 8638870.512, 62
Trd, 8638871.846, 60
Trd, 8638871.879, 60
Trd, 8638872.479, 70
Trd, 8638872.579, 62
Trd, 8638872.879, 74
Trd, 8638873.512, 140
Trd, 8638873.712, 140
Trd, 8638873.746, 139
Trd, 8638873.846, 140
Trd, 8638874.979, 62
Trd, 8638875.712, 74
Trd, 8638875.779, 140
Trd, 8638875.812, 73
Trd, 8638876.846, 139
Trd, 8638877.646, 62
Trd, 8638877.746, 68
Trd, 8638877.779, 69
Trd, 8638878.246, 61
Trd, 8638878.846, 80
Trd, 8638879.312, 124
Trd, 8638879.546, 134
Trd, 8638880.012, 65
Trd, 8638880.446, 98
Trd, 8638880.812, 139
Trd, 8638881.312, 139
Trd, 8638881.846, 140
Trd, 8638882.079, 139
Trd, 8638882.446, 138
Trd, 8638882.546, 99
Trd, 8638882.612, 139
Trd, 8638882.746, 63
Trd, 8638883.812, 140
Trd, 8638885.046, 140
Trd, 8638885.279, 139
Trd, 8638885.546, 139
Trd, 8638886.379, 140
Trd, 8638886.412, 139
Trd, 8638887.446, 140
Trd, 8638888.746, 140
Trd, 8638889.079, 140
Trd, 8638889.112, 140
Trd, 8638889.179, 140
Trd, 8638889.212, 140
Trd, 8638889.279, 140
Trd, 8638889.646, 140
Trd, 8638890.379, 140
Trd, 8638890.546, 139
Trd, 8638890.679, 139
Trd, 8638891.012, 137
Trd, 8638891.679, 137
Trd, 8638892.546, 140
Trd, 8638893.246, 140
Trd, 8638893.446, 140
Trd, 8638893.612, 140
Trd, 8638893.712, 140
Trd, 8638894.012, 140
Trd, 8638894.412, 140
Trd, 8638894.979, 140
Trd, 8638895.412, 140
Trd, 8638895.846, 140
Trd, 8638895.946, 139
Trd, 8638896.412, 140
Trd, 8638897.179, 137
Trd, 8638898.179, 140
Trd, 8638898.646, 140
Trd, 8638898.712, 140
Trd, 8638899.312, 140
Trd, 8638899.512, 140
Trd, 8638900.746, 140
Trd, 8638901.446, 140
Trd, 8638901.646, 138
Trd, 8638901.846, 137
Trd, 8638902.312, 128
Trd, 8638902.812, 140
Trd, 8638903.212, 138
Trd, 8638903.646, 140
Trd, 8638903.979, 139
Trd, 8638904.212, 140
Trd, 8638904.379, 139
Trd, 8638904.412, 112
Trd, 8638904.912, 140
Trd, 8638905.012, 139
Trd, 8638905.279, 140
Trd, 8638905.912, 140
Trd, 8638906.079, 139
Trd, 8638906.812, 86
Trd, 8638906.846, 85
Trd, 8638907.846, 138
Trd, 8638907.946, 139
Trd, 8638909.312, 140
Trd, 8638909.346, 140
Trd, 8638909.446, 140
Trd, 8638909.679, 140
Trd, 8638910.179, 139
Trd, 8638910.779, 95
Trd, 8638910.879, 89
Trd, 8638911.579, 140
Trd, 8638911.946, 140
Trd, 8638912.879, 140
Trd, 8638913.212, 140
Trd, 8638913.312, 140
Trd, 8638913.379, 140
Trd, 8638913.612, 140
Trd, 8638913.879, 140
Trd, 8638913.946, 138
Trd, 8638915.446, 139
Trd, 8638915.479, 139
Trd, 8638915.646, 136
Trd, 8638916.046, 105
Trd, 8638916.212, 140
Trd, 8638916.712, 95
Trd, 8638916.979, 136
Trd, 8638917.779, 74
Trd, 8638918.379, 140
Trd, 8638918.679, 73
Trd, 8638918.812, 140
Trd, 8638918.979, 64
Trd, 8638920.012, 81
Trd, 8638920.146, 91
Trd, 8638920.212, 136
Trd, 8638920.846, 64
Trd, 8638920.979, 63
Trd, 8638921.779, 140
Trd, 8638922.079, 140
Trd, 8638922.379, 140
Trd, 8638922.746, 140
Trd, 8638922.912, 139
Trd, 8638923.046, 97
Trd, 8638924.212, 140
Trd, 8638924.546, 140
Trd, 8638924.779, 139
Trd, 8638925.212, 140
Trd, 8638925.546, 138
Trd, 8638926.712, 140
Trd, 8638927.412, 139
Trd, 8638927.779, 139
Trd, 8638927.846, 136
Trd, 8638928.246, 140
Trd, 8638928.612, 140
Trd, 8638928.779, 140
Trd, 8638928.912, 137
Trd, 8638929.079, 74
Trd, 8638929.846, 138
Trd, 8638930.379, 139
Trd, 8638931.146, 140
Trd, 8638931.679, 76
Trd, 8638931.712, 67
Trd, 8638932.579, 140
Trd, 8638933.246, 140
Trd, 8638933.446, 60
Trd, 8638933.712, 62
Trd, 8638934.579, 139
Trd, 8638934.979, 138
Trd, 8638935.146, 140
Trd, 8638935.579, 140
Trd, 8638935.746, 140
Trd, 8638936.779, 62
Trd, 8638936.946, 64
Trd, 8638938.079, 67
Trd, 8638938.179, 65
Trd, 8638938.246, 68
Trd, 8638938.512, 60
Trd, 8638938.612, 61
Trd, 8638938.912, 102
Trd, 8638939.546, 61
Trd, 8638940.646, 60
Trd, 8638940.779, 60
Trd, 8638940.846, 60
Trd, 8638941.312, 61
Trd, 8638941.346, 64
Trd, 8638941.446, 66
Trd, 8638941.979, 66
Trd, 8638942.379, 61
Trd, 8638943.379, 65
Trd, 8638943.512, 60
Trd, 8638943.579, 69
Trd, 8638943.812, 61
Trd, 8638944.279, 61
Trd, 8638944.579, 62
Trd, 8638945.112, 63
Trd, 8638945.179, 128
Trd, 8638946.846, 140
Trd, 8638947.046, 139
Trd, 8638947.079, 138
Trd, 8638947.879, 140
Trd, 8638947.912, 140
Trd, 8638948.079, 140
Trd, 8638948.912, 140
Trd, 8638949.079, 139
Trd, 8638949.246, 88
Trd, 8638949.612, 139
Trd, 8638950.446, 140
Trd, 8638951.146, 140
Trd, 8638951.579, 140
Trd, 8638951.612, 140
Trd, 8638952.046, 139
Trd, 8638952.879, 137
Trd, 8638953.079, 140
Trd, 8638953.279, 137
Trd, 8638953.879, 138
Trd, 8638954.646, 140
Trd, 8638954.946, 140
Trd, 8638954.979, 140
Trd, 8638955.012, 139
Trd, 8638956.412, 140
Trd, 8638956.546, 140
Trd, 8638956.579, 138
Trd, 8638957.012, 79
Trd, 8638957.779, 60
Trd, 8638958.079, 119
Trd, 8638958.712, 140
Trd, 8638959.512, 140
Trd, 8638959.546, 139
Trd, 8638959.746, 138
Trd, 8638960.112, 140
Trd, 8638961.379, 61
Trd, 8638961.546, 61
Trd, 8638961.679, 61
Trd, 8638961.912, 62
Trd, 8638962.512, 69
Trd, 8638963.012, 70
Trd, 8638963.246, 96
Trd, 8638963.546, 138
Trd, 8638963.779, 140
Trd, 8638964.846, 138
Trd, 8638965.479, 140
Trd, 8638966.046, 140
Trd, 8638966.712, 137
Trd, 8638967.212, 140
Trd, 8638967.412, 138
Trd, 8638967.879, 71
Trd, 8638968.312, 140
Trd, 8638968.812, 139
Trd, 8638969.179, 138
Trd, 8638969.346, 139
Trd, 8638969.546, 127
Trd, 8638970.446, 76
Trd, 8638970.812, 60
Trd, 8638971.379, 60
Trd, 8638971.512, 61
Trd, 8638971.579, 61
Trd, 8638971.912, 64
Trd, 8638972.379, 71
Trd, 8638973.312, 140
Trd, 8638973.879, 140
Trd, 8638974.479, 140
Trd, 8638974.646, 140
Trd, 8638975.212, 140
Trd, 8638975.812, 140
Trd, 8638976.379, 140
Trd, 8638976.879, 140
Trd, 8638976.912, 140
Trd, 8638977.012, 140
Trd, 8638977.212, 140
Trd, 8638977.979, 140
Trd, 8638978.079, 140
Trd, 8638978.246, 139
Trd, 8638978.479, 140
Trd, 8638978.946, 131
Trd, 8638979.079, 79
Trd, 8638979.312, 64
Trd, 8638980.246, 140
Trd, 8638980.879, 140
Trd, 8638981.512, 140
Trd, 8638981.579, 140
Trd, 8638981.779, 138
Trd, 8638982.379, 140
Trd, 8638982.446, 140
Trd, 8638982.979, 140
Trd, 8638983.346, 138
Trd, 8638983.379, 137
Trd, 8638985.046, 140
Trd, 8638986.079, 140
Trd, 8638986.112, 140
Trd, 8638986.212, 140
Trd, 8638986.346, 139
Trd, 8638987.612, 140
Trd, 8638988.412, 140
Trd, 8638988.712, 140
Trd, 8638989.046, 140
Trd, 8638989.146, 140
Trd, 8638989.446, 138
Trd, 8638989.546, 139
Trd, 8638989.712, 98
Trd, 8638989.746, 107
Trd, 8638990.446, 139
Trd, 8638991.179, 62
Trd, 8638991.212, 63
Trd, 8638991.312, 68
Trd, 8638991.746, 63
Trd, 8638991.812, 71
Trd, 8638992.379, 140
Trd, 8638992.512, 140
Trd, 8638993.246, 140
Trd, 8638993.612, 140
Trd, 8638993.679, 139
Trd, 8638994.446, 140
Trd, 8638994.812, 140
Trd, 8638995.379, 140
Trd, 8638996.079, 140
Trd, 8638996.212, 140
Trd, 8638996.412, 140
Trd, 8638996.512, 140
Trd, 8638997.312, 62
Trd, 8638997.746, 140
Trd, 8638999.346, 140
Trd, 8638999.579, 140
Trd, 8638999.979, 140
Trd, 8639000.112, 137
Trd, 8639000.212, 111
Trd, 8639000.279, 108
Trd, 8639000.579, 130
Trd, 8639000.712, 140
Trd, 8639000.979, 138
Trd, 8639001.079, 140
Trd, 8639001.379, 139
Trd, 8639002.346, 140
Trd, 8639002.746, 140
Trd, 8639003.379, 139
Trd, 8639003.546, 105
Trd, 8639004.012, 140
Trd, 8639004.579, 138
Trd, 8639004.712, 67
Trd, 8639004.946, 138
Trd, 8639005.179, 63
Trd, 8639005.279, 67
Trd, 8639005.712, 140
Trd, 8639006.212, 140
Trd, 8639007.412, 140
Trd, 8639007.546, 140
Trd, 8639007.879, 137
Trd, 8639008.746, 140
Trd, 8639008.879, 140
Trd, 8639009.579, 140
Trd, 8639009.746, 140
Trd, 8639010.746, 140
Trd, 8639011.246, 140
Trd, 8639011.312, 139
Trd, 8639011.346, 139
Trd, 8639011.712, 63
Trd, 8639011.979, 65
Trd, 8639012.046, 66
Trd, 8639013.012, 67
Trd, 8639013.512, 60
Trd, 8639013.979, 61
Trd, 8639014.012, 72
Trd, 8639014.512, 140
Trd, 8639015.112, 140
Trd, 8639015.246, 139
Trd, 8639015.346, 139
Trd, 8639015.512, 139
Trd, 8639016.412, 140
Trd, 8639016.546, 127
Trd, 8639017.312, 140
Trd, 8639017.746, 140
Trd, 8639017.846, 139
Trd, 8639018.012, 138
Trd, 8639018.412, 89
Trd, 8639019.246, 140
Trd, 8639019.446, 140
Trd, 8639020.746, 140
Trd, 8639020.912, 139
Trd, 8639021.146, 140
Trd, 8639021.512, 139
Trd, 8639021.912, 140
Trd, 8639021.979, 140
Trd, 8639022.279, 139
Trd, 8639022.812, 139
Trd, 8639022.912, 139
Trd, 8639023.212, 128
Trd, 8639024.479, 140
Trd, 8639024.812, 140
Trd, 8639024.912, 140
Trd, 8639025.079, 139
Trd, 8639025.379, 138
Trd, 8639025.679, 119
Trd, 8639026.012, 140
Trd, 8639026.446, 140
Trd, 8639026.712, 139
Trd, 8639026.779, 138
Trd, 8639027.646, 140
Trd, 8639028.212, 138
Trd, 8639028.246, 115
Trd, 8639028.812, 140
Trd, 8639029.146, 139
Trd, 8639029.379, 62
Trd, 8639029.746, 64
Trd, 8639030.746, 60
Trd, 8639030.812, 62
Trd, 8639031.546, 140
Trd, 8639031.612, 140
Trd, 8639031.912, 138
Trd, 8639032.112, 70
Trd, 8639032.479, 77
Trd, 8639032.946, 64
Trd, 8639033.279, 63
Trd, 8639034.146, 62
Trd, 8639034.479, 63
Trd, 8639034.679, 64
Trd, 8639034.846, 64
Trd, 8639036.079, 63
Trd, 8639037.079, 61
Trd, 8639037.112, 61
Trd, 8639037.879, 60
Trd, 8639038.146, 60
Trd, 8639038.446, 61
Trd, 8639038.546, 62
Trd, 8639038.912, 70
Trd, 8639039.146, 61
Trd, 8639039.179, 82
Trd, 8639039.679, 140
Trd, 8639039.712, 140
Trd, 8639041.312, 60
Trd, 8639041.346, 61
Trd, 8639041.912, 62
Trd, 8639041.979, 67
Trd, 8639042.379, 61
Trd, 8639042.679, 61
Trd, 8639042.779, 62
Trd, 8639042.979, 62
Trd, 8639043.246, 140
Trd, 8639044.212, 62
Trd, 8639044.479, 117
Trd, 8639045.312, 65
Trd, 8639046.046, 60
Trd, 8639046.112, 60
Trd, 8639046.479, 64
Trd, 8639046.612, 65
Trd, 8639046.746, 61
Trd, 8639047.346, 68
Trd, 8639048.346, 60
Trd, 8639048.679, 69
Trd, 8639048.812, 84
Trd, 8639049.712, 60
Trd, 8639049.912, 60
Trd, 8639050.446, 60
Trd, 8639050.646, 60
Trd, 8639050.846, 133
Trd, 8639051.712, 75
Trd, 8639052.012, 61
Trd, 8639052.412, 60
Trd, 8639053.512, 63
Trd, 8639053.712, 67
Trd, 8639054.112, 140
Trd, 8639054.146, 139
Trd, 8639054.679, 140
Trd, 8639054.846, 97
Trd, 8639054.879, 95
Trd, 8639055.579, 140
Trd, 8639055.846, 140
Trd, 8639056.179, 139
Trd, 8639057.412, 61
Trd, 8639057.446, 62
Trd, 8639057.479, 72
Trd, 8639057.812, 137
Trd, 8639057.946, 69
Trd, 8639058.279, 62
Trd, 8639058.646, 112
Trd, 8639059.679, 61
Trd, 8639060.512, 60
Trd, 8639060.579, 60
Trd, 8639060.946, 61
Trd, 8639060.979, 63
Trd, 8639061.579, 63
Trd, 8639062.446, 61
Trd, 8639062.512, 62
Trd, 8639062.579, 68
Trd, 8639064.046, 60
Trd, 8639064.079, 61
Trd, 8639064.512, 61
Trd, 8639064.912, 61
Trd, 8639065.379, 60
Trd, 8639066.346, 62
Trd, 8639066.412, 64
Trd, 8639066.646, 62
Trd, 8639067.012, 76
Trd, 8639067.312, 77
Trd, 8639068.679, 140
Trd, 8639068.746, 140
Trd, 8639068.812, 126
Trd, 8639069.179, 140
Trd, 8639069.879, 140
Trd, 8639069.912, 139
Trd, 8639070.412, 140
Trd, 8639070.446, 138
Trd, 8639070.746, 81
Trd, 8639071.712, 140
Trd, 8639071.846, 61
Trd, 8639072.046, 139
Trd, 8639072.146, 136
Trd, 8639072.879, 140
Trd, 8639073.412, 62
Trd, 8639074.179, 64
Trd, 8639074.379, 139
Trd, 8639074.812, 139
Trd, 8639075.212, 140
Trd, 8639075.279, 140
Trd, 8639075.512, 139
Trd, 8639076.146, 140
Trd, 8639076.846, 140
Trd, 8639077.012, 140
Trd, 8639077.479, 60
Trd, 8639077.779, 66
Trd, 8639078.446, 60
Trd, 8639078.512, 60
Trd, 8639078.812, 140
Trd, 8639079.212, 140
Trd, 8639079.646, 62
Trd, 8639080.212, 62
Trd, 8639080.546, 63
Trd, 8639081.146, 140
Trd, 8639081.446, 139
Trd, 8639081.846, 61
Trd, 8639082.312, 137
Trd, 8639082.346, 136
Trd, 8639083.246, 140
Trd, 8639083.379, 140
Trd, 8639084.012, 140
Trd, 8639084.846, 138
Trd, 8639085.012, 138
Trd, 8639085.146, 139
Trd, 8639085.246, 110
Trd, 8639085.812, 60
Trd, 8639086.512, 84
Trd, 8639086.812, 78
Trd, 8639087.212, 60
Trd, 8639087.612, 140
Trd, 8639087.779, 140
Trd, 8639088.379, 140
Trd, 8639088.479, 139
Trd, 8639089.279, 123
Trd, 8639089.479, 110
Trd, 8639089.612, 67
Trd, 8639089.746, 139
Trd, 8639089.779, 66
Trd, 8639089.846, 62
Trd, 8639090.312, 60
Trd, 8639090.912, 62
Trd, 8639091.546, 137
Trd, 8639092.346, 60
Trd, 8639092.379, 62
Trd, 8639092.646, 64
Trd, 8639092.712, 118
Trd, 8639092.979, 65
Trd, 8639093.412, 139
Trd, 8639093.646, 139
Trd, 8639095.212, 140
Trd, 8639095.312, 140
Trd, 8639095.412, 140
Trd, 8639095.579, 139
Trd, 8639095.912, 139
Trd, 8639096.846, 140
Trd, 8639097.379, 140
Trd, 8639097.712, 140
Trd, 8639098.446, 140
Trd, 8639098.612, 140
Trd, 8639098.712, 140
Trd, 8639098.912, 138
Trd, 8639099.379, 134
Trd, 8639099.779, 140
Trd, 8639100.312, 140
Trd, 8639100.412, 140
Trd, 8639100.879, 139
Trd, 8639101.579, 135
Trd, 8639102.079, 140
Trd, 8639102.746, 140
Trd, 8639103.512, 140
Trd, 8639103.779, 140
Trd, 8639104.212, 140
Trd, 8639104.346, 140
Trd, 8639104.612, 140
Trd, 8639104.679, 138
Trd, 8639105.712, 139
Trd, 8639106.046, 136
Trd, 8639106.412, 140
Trd, 8639106.712, 63
Trd, 8639107.079, 140
Trd, 8639107.912, 129
Trd, 8639108.179, 127
Trd, 8639109.046, 140
Trd, 8639109.279, 140
Trd, 8639109.379, 139
Trd, 8639110.179, 140
Trd, 8639110.346, 140
Trd, 8639111.412, 140
Trd, 8639111.479, 140
Trd, 8639112.012, 140
Trd, 8639112.246, 140
Trd, 8639112.446, 140
Trd, 8639113.479, 140
Trd, 8639113.612, 140
Trd, 8639114.079, 140
Trd, 8639114.179, 140
Trd, 8639114.846, 140
Trd, 8639115.146, 140
Trd, 8639115.379, 140
Trd, 8639115.946, 140
Trd, 8639116.579, 140
Trd, 8639117.179, 140
Trd, 8639117.246, 140
Trd, 8639117.812, 140
Trd, 8639118.046, 139
Trd, 8639118.779, 140
Trd, 8639118.846, 140
Trd, 8639119.379, 139
Trd, 8639120.146, 140
Trd, 8639120.379, 100
Trd, 8639121.479, 140
Trd, 8639122.212, 140
Trd, 8639122.279, 140
Trd, 8639122.479, 140
Trd, 8639122.646, 92
Trd, 8639123.579, 68
Trd, 8639123.979, 139
Trd, 8639124.079, 140
Trd, 8639124.879, 140
Trd, 8639124.979, 139
Trd, 8639125.012, 138
Trd, 8639125.046, 125
Trd, 8639126.212, 140
Trd, 8639127.012, 140
Trd, 8639127.246, 140
Trd, 8639127.279, 140
Trd, 8639127.679, 140
Trd, 8639129.112, 140
Trd, 8639129.546, 140
Trd, 8639129.812, 140
Trd, 8639130.046, 140
Trd, 8639130.079, 140
Trd, 8639130.179, 139
Trd, 8639130.379, 140
Trd, 8639130.946, 140
Trd, 8639131.879, 140
Trd, 8639131.979, 140
Trd, 8639132.279, 140
Trd, 8639132.446, 87
Trd, 8639132.712, 139
Trd, 8639132.879, 138
Trd, 8639133.346, 82
Trd, 8639133.412, 137
Trd, 8639134.246, 68
Trd, 8639135.646, 139
Trd, 8639135.879, 138
Trd, 8639136.412, 139
Trd, 8639136.912, 132
Trd, 8639137.046, 128
Trd, 8639137.512, 138
Trd, 8639137.779, 140
Trd, 8639138.046, 139
Trd, 8639138.746, 140
Trd, 8639138.846, 140
Trd, 8639139.346, 140
Trd, 8639140.546, 140
Trd, 8639140.646, 139
Trd, 8639140.679, 139
Trd, 8639141.146, 66
Trd, 8639141.779, 67
Trd, 8639142.012, 104
Trd, 8639142.546, 140
Trd, 8639142.946, 140
Trd, 8639143.079, 140
Trd, 8639143.279, 140
Trd, 8639144.812, 140
Trd, 8639145.112, 140
Trd, 8639145.646, 137
Trd, 8639145.979, 90
Trd, 8639146.312, 140
Trd, 8639146.679, 140
Trd, 8639146.746, 140
Trd, 8639146.912, 138
Trd, 8639147.279, 140
Trd, 8639147.612, 140
Trd, 8639147.812, 136
Trd, 8639148.846, 140
Trd, 8639149.146, 140
Trd, 8639149.546, 139
Trd, 8639149.679, 60
Trd, 8639149.946, 60
Trd, 8639150.612, 140
Trd, 8639150.712, 138
Trd, 8639151.079, 122
Trd, 8639151.212, 92
Trd, 8639152.379, 60
Trd, 8639153.279, 60
Trd, 8639153.646, 60
Trd, 8639153.779, 61
Trd, 8639153.979, 61
Trd, 8639154.712, 64
Trd, 8639154.946, 71
Trd, 8639155.079, 60
Trd, 8639155.412, 61
Trd, 8639155.679, 64
Trd, 8639156.446, 60
Trd, 8639156.679, 60
Trd, 8639157.012, 68
Trd, 8639157.312, 76
Trd, 8639158.746, 140
Trd, 8639158.779, 140
Trd, 8639159.146, 126
Trd, 8639159.212, 125
Trd, 8639160.212, 140
Trd, 8639160.279, 140
Trd, 8639161.479, 140
Trd, 8639161.779, 140
Trd, 8639162.146, 140
Trd, 8639162.179, 139
Trd, 8639162.412, 139
Trd, 8639163.112, 140
Trd, 8639163.312, 138
Trd, 8639163.612, 139
Trd, 8639163.712, 138
Trd, 8639164.179, 61
Trd, 8639165.179, 60
Trd, 8639165.279, 61
Trd, 8639165.479, 62
Trd, 8639165.579, 61
Trd, 8639166.346, 140
Trd, 8639166.646, 140
Trd, 8639166.779, 140
Trd, 8639166.946, 139
Trd, 8639167.679, 138
Trd, 8639168.246, 62
Trd, 8639169.112, 140
Trd, 8639169.246, 140
Trd, 8639169.379, 133
Trd, 8639169.912, 140
Trd, 8639170.212, 140
Trd, 8639170.546, 130
Trd, 8639170.679, 129
Trd, 8639171.279, 140
Trd, 8639173.279, 60
Trd, 8639173.412, 61
Trd, 8639173.479, 62
Trd, 8639173.879, 61
Trd, 8639174.012, 60
Trd, 8639174.579, 60
Trd, 8639174.979, 64
Trd, 8639175.379, 62
Trd, 8639176.146, 60
Trd, 8639176.912, 60
Trd, 8639177.279, 62
Trd, 8639177.312, 62
Trd, 8639177.446, 62
Trd, 8639177.746, 60
Trd, 8639178.479, 131
Trd, 8639178.579, 132
Trd, 8639178.612, 62
Trd, 8639178.846, 61
Trd, 8639179.246, 66
Trd, 8639180.046, 62
Trd, 8639181.179, 62
Trd, 8639181.412, 64
Trd, 8639181.512, 65
Trd, 8639181.712, 68
Trd, 8639181.779, 63
Trd, 8639182.512, 133
Trd, 8639183.079, 97
Trd, 8639183.312, 78
Trd, 8639183.512, 140
Trd, 8639183.779, 139
Trd, 8639183.979, 64
Trd, 8639184.379, 140
Trd, 8639184.879, 138
Trd, 8639185.046, 140
Trd, 8639185.779, 140
Trd, 8639186.379, 140
Trd, 8639187.046, 140
Trd, 8639187.812, 138
Trd, 8639187.979, 140
Trd, 8639188.012, 100
Trd, 8639188.346, 140
Trd, 8639188.412, 105
Trd, 8639188.912, 82
Trd, 8639189.279, 121
Trd, 8639189.746, 139
Trd, 8639190.112, 140
Trd, 8639190.246, 140
Trd, 8639190.379, 81
Trd, 8639191.179, 114
Trd, 8639192.412, 60
Trd, 8639192.979, 60
Trd, 8639193.679, 60
Trd, 8639193.846, 63
Trd, 8639194.179, 61
Trd, 8639194.212, 64
Trd, 8639194.346, 80
Trd, 8639194.679, 60
Trd, 8639195.212, 139
Trd, 8639195.846, 61
Trd, 8639196.079, 60
Trd, 8639196.512, 61
Trd, 8639197.046, 60
Trd, 8639197.212, 61
Trd, 8639197.246, 62
Trd, 8639197.746, 63
Trd, 8639198.412, 82
Trd, 8639198.712, 140
Trd, 8639198.979, 139
Trd, 8639199.546, 138
Trd, 8639199.579, 67
Trd, 8639200.146, 140
Trd, 8639200.846, 60
Trd, 8639201.046, 139
Trd, 8639201.346, 137
Trd, 8639201.812, 65
Trd, 8639202.979, 71
Trd, 8639203.312, 121
Trd, 8639203.779, 140
Trd, 8639203.946, 140
Trd, 8639204.346, 140
Trd, 8639204.812, 140
Trd, 8639205.346, 140
Trd, 8639206.679, 140
Trd, 8639207.246, 140
Trd, 8639207.279, 140
Trd, 8639207.312, 139
Trd, 8639207.446, 139
Trd, 8639207.479, 135
Trd, 8639207.512, 110
Trd, 8639208.446, 140
Trd, 8639208.646, 140
Trd, 8639208.946, 140
Trd, 8639209.546, 139
Trd, 8639210.246, 140
Trd, 8639210.979, 140
Trd, 8639211.746, 140
Trd, 8639212.112, 140
Trd, 8639212.312, 140
Trd, 8639212.679, 140
Trd, 8639212.979, 140
Trd, 8639213.246, 139
Trd, 8639213.946, 140
Trd, 8639214.112, 140
Trd, 8639214.279, 140
Trd, 8639214.379, 123
Trd, 8639214.979, 136
Trd, 8639215.279, 136
Trd, 8639215.712, 100
Trd, 8639216.079, 140
Trd, 8639216.746, 140
Trd, 8639217.079, 140
Trd, 8639217.312, 140
Trd, 8639217.446, 140
Trd, 8639217.812, 67
Trd, 8639219.146, 140
Trd, 8639219.279, 140
Trd, 8639220.379, 140
Trd, 8639220.479, 140
Trd, 8639220.579, 140
Trd, 8639220.746, 140
Trd, 8639221.012, 140
Trd, 8639221.279, 139
Trd, 8639221.879, 62
Trd, 8639222.446, 68
Trd, 8639222.779, 62
Trd, 8639223.012, 61
Trd, 8639223.312, 91
Trd, 8639224.046, 140
Trd, 8639224.879, 140
Trd, 8639225.046, 139
Trd, 8639225.412, 140
Trd, 8639225.479, 139
Trd, 8639226.012, 138
Trd, 8639226.379, 139
Trd, 8639226.446, 138
Trd, 8639228.079, 140
Trd, 8639228.612, 140
Trd, 8639228.812, 140
Trd, 8639229.412, 140
Trd, 8639229.712, 140
Trd, 8639229.846, 139
Trd, 8639230.179, 139
Trd, 8639231.112, 140
Trd, 8639231.679, 140
Trd, 8639231.779, 140
Trd, 8639231.912, 119
Trd, 8639232.046, 111
Trd, 8639232.279, 76
Trd, 8639232.346, 74
Trd, 8639234.079, 140
Trd, 8639234.379, 140
Trd, 8639234.612, 139
Trd, 8639234.912, 139
Trd, 8639235.512, 140
Trd, 8639235.746, 140
Trd, 8639235.879, 139
Trd, 8639235.979, 69
Trd, 8639237.012, 60
Trd, 8639237.046, 60
Trd, 8639237.112, 62
Trd, 8639238.146, 60
Trd, 8639238.746, 60
Trd, 8639238.879, 62
Trd, 8639239.379, 64
Trd, 8639239.746, 60
Trd, 8639239.812, 70
Trd, 8639240.312, 79
Trd, 8639240.579, 66
Trd, 8639240.912, 139
Trd, 8639241.346, 64
Trd, 8639241.946, 140
Trd, 8639242.112, 140
Trd, 8639242.379, 140
Trd, 8639242.912, 140
Trd, 8639242.979, 140
Trd, 8639243.212, 140
Trd, 8639243.712, 140
Trd, 8639244.546, 140
Trd, 8639244.912, 140
Trd, 8639245.612, 140
Trd, 8639246.479, 140
Trd, 8639246.612, 140
Trd, 8639246.879, 139
Trd, 8639247.512, 140
Trd, 8639247.646, 140
Trd, 8639247.912, 140
Trd, 8639248.512, 140
Trd, 8639248.546, 139
Trd, 8639249.212, 139
Trd, 8639249.912, 139
Trd, 8639250.012, 140
Trd, 8639250.212, 138
Trd, 8639250.679, 63
Trd, 8639250.846, 67
Trd, 8639251.712, 60
Trd, 8639251.979, 139
Trd, 8639252.312, 140
Trd, 8639252.579, 140
Trd, 8639252.712, 138
Trd, 8639254.046, 63
Trd, 8639254.179, 88
Trd, 8639254.279, 139
Trd, 8639254.946, 62
Trd, 8639255.179, 69
Trd, 8639256.479, 60
Trd, 8639257.746, 60
Trd, 8639257.779, 61
Trd, 8639257.946, 61
Trd, 8639258.012, 64
Trd, 8639258.079, 65
Trd, 8639258.879, 60
Trd, 8639258.979, 60
Trd, 8639259.279, 62
Trd, 8639259.679, 60
Trd, 8639259.812, 60
Trd, 8639260.179, 60
Trd, 8639260.612, 65
Trd, 8639260.946, 82
Trd, 8639261.146, 67
Trd, 8639261.479, 131
Trd, 8639261.712, 105
Trd, 8639262.479, 67
Trd, 8639262.712, 117
Trd, 8639263.312, 138
Trd, 8639263.712, 93
Trd, 8639264.246, 90
Trd, 8639264.512, 117
Trd, 8639264.946, 88
Trd, 8639265.212, 139
Trd, 8639265.879, 140
Trd, 8639266.112, 140
Trd, 8639266.812, 139
Trd, 8639267.512, 140
Trd, 8639267.579, 140
Trd, 8639267.612, 139
Trd, 8639267.812, 136
Trd, 8639268.079, 94
Trd, 8639268.479, 139
Trd, 8639268.846, 140
Trd, 8639270.079, 140
Trd, 8639270.179, 140
Trd, 8639270.479, 140
Trd, 8639271.579, 140
Trd, 8639272.012, 140
Trd, 8639272.079, 140
Trd, 8639272.346, 140
Trd, 8639272.379, 139
Trd, 8639272.712, 139
Trd, 8639272.946, 140
Trd, 8639273.646, 139
Trd, 8639273.779, 139
Trd, 8639274.079, 138
Trd, 8639274.212, 138
Trd, 8639276.446, 140
Trd, 8639276.746, 140
Trd, 8639276.979, 140
Trd, 8639277.079, 140
Trd, 8639277.179, 139
Trd, 8639277.979, 139
Trd, 8639278.046, 139
Trd, 8639278.512, 107
Trd, 8639278.879, 140
Trd, 8639279.546, 140
Trd, 8639279.912, 140
Trd, 8639280.046, 139
Trd, 8639280.379, 140
Trd, 8639281.079, 139
Trd, 8639281.579, 90
Trd, 8639281.679, 74
Trd, 8639282.012, 140
Trd, 8639282.879, 140
Trd, 8639283.146, 140
Trd, 8639283.579, 140
Trd, 8639283.712, 140
Trd, 8639283.979, 139
Trd, 8639284.179, 79
Trd, 8639285.479, 140
Trd, 8639285.712, 140
Trd, 8639285.946, 140
Trd, 8639286.512, 140
Trd, 8639286.579, 140
Trd, 8639287.179, 139
Trd, 8639287.312, 137
Trd, 8639287.812, 140
Trd, 8639287.879, 88
Trd, 8639289.079, 140
Trd, 8639289.446, 140
Trd, 8639289.512, 140
Trd, 8639290.579, 140
Trd, 8639290.712, 140
Trd, 8639291.079, 139
Trd, 8639291.112, 95
Trd, 8639292.579, 140
Trd, 8639292.679, 140
Trd, 8639293.312, 140
Trd, 8639293.379, 139
Trd, 8639293.846, 140
Trd, 8639293.912, 139
Trd, 8639294.379, 138
Trd, 8639294.612, 103
Trd, 8639295.046, 140
Trd, 8639295.746, 134
Trd, 8639296.146, 100
Trd, 8639296.312, 68
Trd, 8639296.812, 140
Trd, 8639296.846, 139
Trd, 8639297.012, 86
Trd, 8639298.012, 140
Trd, 8639298.079, 140
Trd, 8639298.946, 139
Trd, 8639299.146, 140
Trd, 8639299.379, 139
Trd, 8639300.179, 140
Trd, 8639300.446, 139
Trd, 8639300.679, 124
Trd, 8639301.012, 123
Trd, 8639301.379, 139
Trd, 8639302.046, 139
Trd, 8639302.812, 140
Trd, 8639302.979, 139
Trd, 8639304.146, 140
Trd, 8639304.646, 140
Trd, 8639304.879, 140
Trd, 8639305.512, 140
Trd, 8639305.646, 139
Trd, 8639305.679, 138
Trd, 8639306.779, 139
Trd, 8639306.846, 137
Trd, 8639306.879, 104
Trd, 8639307.012, 140
Trd, 8639307.112, 69
Trd, 8639308.246, 140
Trd, 8639308.446, 140
Trd, 8639308.579, 139
Trd, 8639309.779, 140
Trd, 8639310.146, 140
Trd, 8639311.479, 140
Trd, 8639311.612, 140
Trd, 8639312.046, 140
Trd, 8639312.412, 140
Trd, 8639312.946, 140
Trd, 8639313.279, 140
Trd, 8639313.712, 140
Trd, 8639314.679, 140
Trd, 8639315.079, 140
Trd, 8639316.112, 140
Trd, 8639316.246, 140
Trd, 8639316.846, 140
Trd, 8639317.012, 140
Trd, 8639318.446, 140
Trd, 8639318.946, 140
Trd, 8639318.979, 140
Trd, 8639319.212, 139
Trd, 8639319.279, 138
Trd, 8639319.446, 137
Trd, 8639319.746, 75
Trd, 8639319.912, 70
Trd, 8639319.979, 69
Trd, 8639321.579, 140
Trd, 8639321.946, 140
Trd, 8639321.979, 140
Trd, 8639322.346, 139
Trd, 8639322.412, 139
Trd, 8639323.046, 139
Trd, 8639323.246, 138
Trd, 8639323.379, 135
Trd, 8639323.779, 138
Trd, 8639324.779, 78
Trd, 8639325.046, 70
Trd, 8639325.212, 60
Trd, 8639325.312, 73
Trd, 8639325.779, 135
Trd, 8639326.779, 60
Trd, 8639326.812, 62
Trd, 8639327.046, 68
Trd, 8639327.446, 62
Trd, 8639327.612, 111
Trd, 8639328.479, 136
Trd, 8639329.012, 140
Trd, 8639329.379, 140
Trd, 8639329.779, 140
Trd, 8639330.712, 140
Trd, 8639331.112, 140
Trd, 8639331.146, 138
Trd, 8639331.212, 138
Trd, 8639332.079, 140
Trd, 8639332.546, 139
Trd, 8639333.479, 139
Trd, 8639334.479, 139
Trd, 8639334.912, 140
Trd, 8639335.179, 139
Trd, 8639335.612, 140
Trd, 8639335.779, 140
Trd, 8639335.846, 139
Trd, 8639336.312, 140
Trd, 8639336.512, 140
Trd, 8639336.712, 140
Trd, 8639336.812, 139
Trd, 8639337.679, 67
Trd, 8639338.012, 140
Trd, 8639338.879, 139
Trd, 8639338.946, 134
Trd, 8639339.312, 100
Trd, 8639339.912, 81
Trd, 8639339.946, 62
Trd, 8639340.246, 102
Trd, 8639340.579, 140
Trd, 8639340.612, 138
Trd, 8639341.146, 140
Trd, 8639341.612, 70
Trd, 8639342.112, 61
Trd, 8639342.379, 62
Trd, 8639342.412, 132
Trd, 8639343.179, 140
Trd, 8639343.212, 140
Trd, 8639343.846, 140
Trd, 8639344.079, 140
Trd, 8639344.612, 140
Trd, 8639344.712, 108
Trd, 8639345.146, 97
Trd, 8639345.746, 140
Trd, 8639346.579, 140
Trd, 8639346.679, 123
Trd, 8639346.712, 92
Trd, 8639347.412, 60
Trd, 8639347.546, 67
Trd, 8639347.746, 140
Trd, 8639349.046, 139
Trd, 8639349.579, 140
Trd, 8639350.012, 139
Trd, 8639350.079, 139
Trd, 8639350.612, 140
Trd, 8639351.379, 140
Trd, 8639351.612, 140
Trd, 8639351.679, 139
Trd, 8639351.746, 139
Trd, 8639351.979, 139
Trd, 8639352.746, 116
Trd, 8639353.146, 106
Trd, 8639353.179, 104
Trd, 8639354.012, 63
Trd, 8639354.446, 62
Trd, 8639354.746, 60
Trd, 8639355.012, 60
Trd, 8639355.512, 67
Trd, 8639355.812, 63
Trd, 8639355.879, 67
Trd, 8639357.179, 140
Trd, 8639357.212, 140
Trd, 8639357.546, 87
Trd, 8639358.212, 140
Trd, 8639358.346, 140
Trd, 8639358.679, 138
Trd, 8639359.079, 137
Trd, 8639360.146, 139
Trd, 8639360.346, 139
Trd, 8639361.012, 140
Trd, 8639361.112, 139
Trd, 8639361.146, 104
Trd, 8639362.012, 140
Trd, 8639362.446, 140
Trd, 8639362.779, 140
Trd, 8639364.512, 140
Trd, 8639364.612, 140
Trd, 8639364.779, 140
Trd, 8639364.979, 139
Trd, 8639365.146, 139
Trd, 8639365.179, 138
Trd, 8639365.846, 140
Trd, 8639366.446, 139
Trd, 8639366.612, 140
Trd, 8639366.679, 139
Trd, 8639367.012, 118
Trd, 8639367.446, 139
Trd, 8639368.046, 139
Trd, 8639368.912, 65
Trd, 8639369.446, 140
Trd, 8639369.546, 140
Trd, 8639369.846, 94
Trd, 8639370.079, 140
Trd, 8639370.312, 97
Trd, 8639371.712, 140
Trd, 8639372.146, 140
Trd, 8639373.012, 140
Trd, 8639373.212, 139
Trd, 8639373.812, 139
Trd, 8639374.312, 139
Trd, 8639374.346, 138
Trd, 8639374.512, 138
Trd, 8639374.646, 138
Trd, 8639375.379, 139
Trd, 8639375.879, 115
Trd, 8639376.346, 114
Trd, 8639376.712, 60
Trd, 8639377.912, 60
Trd, 8639378.012, 60
Trd, 8639378.279, 61
Trd, 8639378.379, 61
Trd, 8639378.512, 63
Trd, 8639379.112, 60
Trd, 8639379.779, 61
Trd, 8639379.879, 62
Trd, 8639380.412, 61
Trd, 8639381.379, 79
Trd, 8639381.579, 140
Trd, 8639381.979, 140
Trd, 8639382.279, 140
Trd, 8639382.412, 140
Trd, 8639382.479, 139
Trd, 8639383.212, 139
Trd, 8639383.312, 138
Trd, 8639383.679, 140
Trd, 8639384.179, 139
Trd, 8639384.446, 139
Trd, 8639384.612, 140
Trd, 8639384.912, 140
Trd, 8639384.946, 139
Trd, 8639385.846, 60
Trd, 8639386.146, 60
Trd, 8639386.712, 61
Trd, 8639386.812, 62
Trd, 8639387.012, 62
Trd, 8639388.046, 60
Trd, 8639388.912, 60
Trd, 8639389.046, 60
Trd, 8639389.079, 63
Trd, 8639389.746, 71
Trd, 8639390.046, 140
Trd, 8639390.246, 136
Trd, 8639390.312, 79
Trd, 8639391.546, 140
Trd, 8639391.912, 140
Trd, 8639392.012, 139
Trd, 8639392.612, 139
Trd, 8639392.712, 119
Trd, 8639392.846, 60
Trd, 8639393.746, 140
Trd, 8639393.879, 140
Trd, 8639394.046, 138
Trd, 8639394.646, 138
Trd, 8639395.579, 140
Trd, 8639395.879, 121
Trd, 8639395.912, 120
Trd, 8639396.646, 140
Trd, 8639396.846, 91
Trd, 8639397.812, 140
Trd, 8639398.112, 140
Trd, 8639398.312, 139
Trd, 8639398.479, 138
Trd, 8639398.979, 107
Trd, 8639399.212, 140
Trd, 8639399.846, 140
Trd, 8639399.912, 116
Trd, 8639400.812, 116
Trd, 8639402.246, 60
Trd, 8639402.279, 61
Trd, 8639402.346, 61
Trd, 8639402.546, 64
Trd, 8639402.646, 63
Trd, 8639402.979, 65
Trd, 8639403.546, 66
Trd, 8639403.879, 76
Trd, 8639404.212, 60
Trd, 8639404.946, 135
Trd, 8639405.012, 93
Trd, 8639405.579, 140
Trd, 8639405.712, 72
Trd, 8639407.246, 60
Trd, 8639407.479, 60
Trd, 8639407.579, 61
Trd, 8639407.779, 69
Trd, 8639408.279, 65
Trd, 8639408.846, 140
Trd, 8639408.946, 140
Trd, 8639409.546, 140
Trd, 8639409.712, 140
Trd, 8639409.746, 139
Trd, 8639410.412, 140
Trd, 8639411.412, 140
Trd, 8639411.479, 140
Trd, 8639411.579, 139
Trd, 8639411.679, 139
Trd, 8639411.746, 136
Trd, 8639412.212, 137
Trd, 8639412.279, 136
Trd, 8639412.679, 139
Trd, 8639412.779, 93
Trd, 8639413.046, 140
Trd, 8639414.279, 65
Trd, 8639414.512, 98
Trd, 8639415.579, 140
Trd, 8639415.679, 140
Trd, 8639415.912, 140
Trd, 8639416.046, 140
Trd, 8639416.279, 139
Trd, 8639416.846, 140
Trd, 8639417.146, 139
Trd, 8639417.612, 140
Trd, 8639417.779, 139
Trd, 8639418.046, 68
Trd, 8639418.846, 140
Trd, 8639418.879, 138
Trd, 8639419.446, 140
Trd, 8639419.679, 138
Trd, 8639420.312, 140
Trd, 8639420.612, 139
Trd, 8639421.146, 139
Trd, 8639422.112, 139
Trd, 8639422.179, 139
Trd, 8639422.246, 138
Trd, 8639422.646, 140
Trd, 8639423.512, 78
Trd, 8639423.979, 61
Trd, 8639424.012, 64
Trd, 8639424.046, 132
Trd, 8639424.079, 133
Trd, 8639425.112, 140
Trd, 8639425.512, 140
Trd, 8639425.779, 140
Trd, 8639426.179, 140
Trd, 8639426.279, 139
Trd, 8639426.346, 138
Trd, 8639426.546, 136
Trd, 8639426.712, 63
Trd, 8639426.946, 60
Trd, 8639427.112, 138
Trd, 8639427.812, 72
Trd, 8639428.512, 140
Trd, 8639428.879, 138
Trd, 8639429.079, 78
Trd, 8639429.946, 77
Trd, 8639430.312, 61
Trd, 8639430.346, 63
Trd, 8639431.246, 139
Trd, 8639431.279, 136
Trd, 8639431.912, 140
Trd, 8639431.979, 140
Trd, 8639432.446, 140
Trd, 8639432.746, 140
Trd, 8639434.346, 140
Trd, 8639434.412, 140
Trd, 8639435.379, 140
Trd, 8639435.512, 140
Trd, 8639435.646, 137
Trd, 8639436.279, 60
Trd, 8639436.412, 60
Trd, 8639436.512, 61
Trd, 8639436.546, 62
Trd, 8639437.079, 140
Trd, 8639437.112, 139
Trd, 8639437.412, 64
Trd, 8639437.612, 64
Trd, 8639438.246, 62
Trd, 8639438.679, 74
Trd, 8639438.779, 102
Trd, 8639439.712, 140
Trd, 8639439.912, 140
Trd, 8639440.746, 140
Trd, 8639440.946, 140
Trd, 8639441.846, 140
Trd, 8639442.112, 140
Trd, 8639442.912, 140
Trd, 8639442.946, 140
Trd, 8639443.746, 140
Trd, 8639443.779, 140
Trd, 8639443.812, 139
Trd, 8639444.446, 140
Trd, 8639444.579, 140
Trd, 8639444.612, 140
Trd, 8639444.746, 138
Trd, 8639444.779, 134
Trd, 8639445.946, 140
Trd, 8639446.446, 140
Trd, 8639446.946, 140
Trd, 8639447.579, 140
Trd, 8639448.079, 139
Trd, 8639448.379, 140
Trd, 8639448.612, 62
Trd, 8639448.779, 79
Trd, 8639449.979, 140
Trd, 8639451.346, 140
Trd, 8639451.746, 140
Trd, 8639451.779, 140
Trd, 8639452.212, 139
Trd, 8639452.479, 140
Trd, 8639453.179, 140
Trd, 8639453.546, 140
Trd, 8639453.679, 140
Trd, 8639453.746, 140
Trd, 8639454.279, 137
Trd, 8639454.779, 92
Trd, 8639455.046, 122
Trd, 8639455.112, 106
Trd, 8639456.112, 67
Trd, 8639456.312, 63
Trd, 8639456.546, 65
Trd, 8639456.879, 64
Trd, 8639457.112, 65
Trd, 8639458.346, 140
Trd, 8639458.479, 139
Trd, 8639458.746, 140
Trd, 8639458.879, 139
Trd, 8639459.112, 140
Trd, 8639459.446, 140
Trd, 8639459.579, 139
Trd, 8639460.746, 139
Trd, 8639461.412, 140
Trd, 8639461.546, 140
Trd, 8639462.346, 140
Trd, 8639462.779, 140
Trd, 8639462.879, 140
Trd, 8639463.779, 140
Trd, 8639464.512, 140
Trd, 8639465.112, 140
Trd, 8639465.379, 140
Trd, 8639465.512, 140
Trd, 8639465.879, 140
Trd, 8639466.079, 140
Trd, 8639466.512, 140
Trd, 8639466.946, 140
Trd, 8639467.046, 139
Trd, 8639468.446, 140
Trd, 8639468.912, 140
Trd, 8639469.112, 139
Trd, 8639469.379, 139
Trd, 8639469.912, 140
Trd, 8639470.846, 140
Trd, 8639470.912, 140
Trd, 8639471.046, 140
Trd, 8639471.646, 140
Trd, 8639472.112, 140
Trd, 8639473.146, 140
Trd, 8639473.179, 140
Trd, 8639473.212, 140
Trd, 8639473.746, 140
Trd, 8639473.979, 139
Trd, 8639474.212, 139
Trd, 8639474.312, 139
Trd, 8639474.612, 139
Trd, 8639474.646, 120
Trd, 8639474.979, 112
Trd, 8639475.646, 140
Trd, 8639476.379, 140
Trd, 8639476.879, 140
Trd, 8639477.346, 140
Trd, 8639477.379, 139
Trd, 8639477.912, 140
Trd, 8639478.679, 140
Trd, 8639479.012, 140
Trd, 8639480.012, 140
Trd, 8639480.179, 140
Trd, 8639480.779, 139
Trd, 8639481.046, 137
Trd, 8639481.346, 140
Trd, 8639481.979, 109
Trd, 8639482.012, 79
Trd, 8639482.579, 139
Trd, 8639482.679, 74
Trd, 8639483.679, 140
Trd, 8639484.012, 135
Trd, 8639484.146, 97
Trd, 8639484.812, 71
Trd, 8639485.179, 140
Trd, 8639486.046, 140
Trd, 8639486.112, 139
Trd, 8639486.312, 71
Trd, 8639486.479, 99
Trd, 8639486.746, 64
Trd, 8639487.246, 136
Trd, 8639487.646, 68
Trd, 8639488.279, 60
Trd, 8639489.312, 140
Trd, 8639489.812, 140
Trd, 8639489.846, 140
Trd, 8639490.046, 140
Trd, 8639490.379, 140
Trd, 8639490.846, 140
Trd, 8639490.979, 139
Trd, 8639491.479, 66
Trd, 8639491.612, 131
Trd, 8639491.979, 140
Trd, 8639492.779, 124
Trd, 8639492.946, 123
Trd, 8639494.012, 140
Trd, 8639494.512, 140
Trd, 8639494.579, 139
Trd, 8639495.179, 140
Trd, 8639495.479, 140
Trd, 8639496.012, 139
Trd, 8639496.812, 140
Trd, 8639497.246, 139
Trd, 8639497.312, 138
Trd, 8639497.446, 126
Trd, 8639498.212, 140
Trd, 8639498.546, 140
Trd, 8639498.612, 140
Trd, 8639499.146, 138
Trd, 8639499.246, 138
Trd, 8639499.812, 81
Trd, 8639500.446, 100
Trd, 8639500.646, 67
Trd, 8639501.679, 60
Trd, 8639501.779, 61
Trd, 8639502.579, 61
Trd, 8639503.012, 61
Trd, 8639503.446, 60
Trd, 8639503.712, 66
Trd, 8639503.879, 69
Trd, 8639503.912, 71
Trd, 8639505.046, 60
Trd, 8639505.546, 62
Trd, 8639505.646, 63
Trd, 8639506.112, 61
Trd, 8639506.212, 62
Trd, 8639506.412, 61
Trd, 8639506.879, 64
Trd, 8639507.179, 103
Trd, 8639507.379, 61
Trd, 8639507.512, 61
Trd, 8639508.279, 140
Trd, 8639509.046, 140
Trd, 8639509.312, 140
Trd, 8639510.312, 140
Trd, 8639510.712, 139
Trd, 8639511.546, 140
Trd, 8639511.679, 140
Trd, 8639512.012, 140
Trd, 8639512.379, 140
Trd, 8639512.846, 140
Trd, 8639512.912, 139
Trd, 8639513.212, 138
Trd, 8639514.212, 140
Trd, 8639515.146, 139
Trd, 8639515.712, 140
Trd, 8639516.079, 139
Trd, 8639516.412, 140
Trd, 8639516.479, 117
Trd, 8639516.612, 98
Trd, 8639517.712, 140
Trd, 8639518.012, 140
Trd, 8639518.479, 140
Trd, 8639518.512, 140
Trd, 8639518.779, 138
Trd, 8639519.479, 140
Trd, 8639519.912, 139
Trd, 8639520.079, 140
Trd, 8639520.112, 139
Trd, 8639520.412, 137
Trd, 8639520.746, 82
Trd, 8639521.212, 140
Trd, 8639522.879, 140
Trd, 8639523.112, 140
Trd, 8639523.312, 140
Trd, 8639523.479, 140
Trd, 8639524.179, 140
Trd, 8639524.412, 139
Trd, 8639524.479, 139
Trd, 8639524.546, 138
Trd, 8639524.779, 126
Trd, 8639526.079, 133
Trd, 8639526.146, 60
Trd, 8639526.446, 68
Trd, 8639527.212, 70
Trd, 8639527.812, 140
Trd, 8639528.212, 120
Trd, 8639528.612, 123
Trd, 8639529.546, 61
Trd, 8639529.712, 64
Trd, 8639529.779, 65
Trd, 8639529.879, 67
Trd, 8639530.546, 60
Trd, 8639530.712, 67
Trd, 8639530.979, 61
Trd, 8639531.612, 70
Trd, 8639531.812, 64
Trd, 8639532.379, 62
Trd, 8639532.846, 60
Trd, 8639532.879, 65
Trd, 8639532.946, 136
Trd, 8639533.479, 60
Trd, 8639533.679, 140
Trd, 8639534.346, 139
Trd, 8639534.479, 81
Trd, 8639534.779, 140
Trd, 8639534.812, 139
Trd, 8639535.612, 140
Trd, 8639535.779, 80
Trd, 8639537.012, 140
Trd, 8639537.212, 140
Trd, 8639537.512, 140
Trd, 8639537.646, 139
Trd, 8639537.746, 132
Trd, 8639538.412, 100
Trd, 8639539.046, 140
Trd, 8639539.312, 63
Trd, 8639539.479, 110
Trd, 8639539.912, 60
Trd, 8639540.779, 63
Trd, 8639540.912, 64
Trd, 8639541.212, 67
Trd, 8639541.579, 103
Trd, 8639541.679, 89
Trd, 8639541.812, 61
Trd, 8639542.279, 89
Trd, 8639542.812, 140
Trd, 8639543.279, 72
Trd, 8639543.479, 140
Trd, 8639543.779, 138
Trd, 8639544.346, 68
Trd, 8639544.779, 62
Trd, 8639545.079, 68
Trd, 8639545.579, 60
Trd, 8639545.612, 62
Trd, 8639546.246, 66
Trd, 8639546.579, 62
Trd, 8639546.812, 63
Trd, 8639547.612, 85
Trd, 8639548.379, 60
Trd, 8639548.979, 140
Trd, 8639549.379, 63
Trd, 8639550.379, 60
Trd, 8639550.846, 60
Trd, 8639550.912, 60
Trd, 8639551.012, 61
Trd, 8639551.446, 140
Trd, 8639552.179, 140
Trd, 8639552.346, 138
Trd, 8639552.379, 137
Trd, 8639552.812, 63
Trd, 8639552.946, 72
Trd, 8639554.046, 62
Trd, 8639554.446, 62
Trd, 8639554.612, 62
Trd, 8639554.946, 60
Trd, 8639555.479, 68
Trd, 8639556.279, 60
Trd, 8639557.246, 60
Trd, 8639557.279, 60
Trd, 8639557.479, 60
Trd, 8639557.579, 61
Trd, 8639557.812, 63
Trd, 8639558.079, 63
Trd, 8639559.246, 60
Trd, 8639560.679, 60
Trd, 8639561.379, 63
Trd, 8639562.046, 60
Trd, 8639562.079, 60
Trd, 8639562.179, 60
Trd, 8639562.379, 60
Trd, 8639562.479, 60
Trd, 8639563.079, 60
Trd, 8639563.646, 61
Trd, 8639563.746, 61
Trd, 8639564.046, 64
Trd, 8639564.279, 65
Trd, 8639564.812, 60
Trd, 8639565.279, 63
Trd, 8639565.512, 102
Trd, 8639565.679, 109
Trd, 8639565.946, 117
Trd, 8639566.912, 60
Trd, 8639567.346, 62
Trd, 8639567.512, 63
Trd, 8639567.946, 66
Trd, 8639568.146, 61
Trd, 8639568.879, 60
Trd, 8639568.946, 63
Trd, 8639569.312, 89
Trd, 8639569.912, 60
Trd, 8639570.146, 60
Trd, 8639570.212, 61
Trd, 8639570.912, 140
Trd, 8639571.046, 140
Trd, 8639571.379, 60
Trd, 8639571.746, 61
Trd, 8639572.379, 110
Trd, 8639573.812, 140
Trd, 8639574.479, 140
Trd, 8639574.746, 140
Trd, 8639574.979, 140
Trd, 8639575.146, 140
Trd, 8639575.212, 137
Trd, 8639575.546, 137
Trd, 8639575.779, 132
Trd, 8639576.546, 140
Trd, 8639576.679, 99
Trd, 8639577.646, 140
Trd, 8639577.812, 138
Trd, 8639578.312, 137
Trd, 8639579.779, 139
Trd, 8639579.846, 138
Trd, 8639579.912, 92
Trd, 8639580.246, 118
Trd, 8639580.612, 140
Trd, 8639580.679, 140
Trd, 8639581.612, 138
Trd, 8639581.746, 137
Trd, 8639581.812, 136
Trd, 8639582.612, 60
Trd, 8639582.646, 64
Trd, 8639583.012, 74
Trd, 8639583.346, 140
Trd, 8639583.679, 137
Trd, 8639584.212, 133
Trd, 8639584.612, 140
Trd, 8639585.146, 140
Trd, 8639585.279, 140
Trd, 8639585.779, 140
Trd, 8639586.746, 61
Trd, 8639587.079, 60
Trd, 8639587.446, 60
Trd, 8639588.046, 60
Trd, 8639588.646, 61
Trd, 8639588.679, 62
Trd, 8639589.312, 60
Trd, 8639589.579, 61
Trd, 8639589.679, 64
Trd, 8639590.246, 116
Trd, 8639590.979, 60
Trd, 8639591.412, 60
Trd, 8639591.446, 60
Trd, 8639591.579, 73
Trd, 8639591.779, 87
Trd, 8639592.246, 140
Trd, 8639592.512, 140
Trd, 8639593.479, 60
Trd, 8639593.912, 60
Trd, 8639594.312, 60
Trd, 8639594.379, 65
Trd, 8639595.446, 60
Trd, 8639596.212, 60
Trd, 8639596.712, 62
Trd, 8639596.946, 63
Trd, 8639598.046, 61
Trd, 8639598.079, 61
Trd, 8639598.279, 64
Trd, 8639598.546, 62
Trd, 8639598.779, 131
Trd, 8639599.212, 140
Trd, 8639599.279, 139
Trd, 8639599.779, 140
Trd, 8639599.979, 140
Trd, 8639600.346, 140
Trd, 8639600.912, 140
Trd, 8639601.446, 140
Trd, 8639601.746, 140
Trd, 8639601.912, 140
Trd, 8639602.479, 65
Trd, 8639602.946, 98
Trd, 8639603.046, 136
Trd, 8639603.246, 64
Trd, 8639603.846, 74
Trd, 8639604.079, 69
Trd, 8639604.546, 62
Trd, 8639604.612, 83
Trd, 8639605.112, 85
Trd, 8639605.546, 61
Trd, 8639605.579, 132
Trd, 8639607.212, 140
Trd, 8639607.246, 140
Trd, 8639607.912, 140
Trd, 8639607.979, 140
Trd, 8639608.679, 140
Trd, 8639609.312, 140
Trd, 8639609.912, 139
Trd, 8639610.112, 139
Trd, 8639610.446, 139
Trd, 8639611.112, 139
Trd, 8639611.546, 140
Trd, 8639612.112, 140
Trd, 8639612.646, 136
Trd, 8639612.879, 140
Trd, 8639612.979, 96
Trd, 8639613.612, 60
Trd, 8639613.646, 61
Trd, 8639614.012, 60
Trd, 8639614.046, 60
Trd, 8639614.246, 60
Trd, 8639614.479, 139
Trd, 8639614.746, 60
Trd, 8639615.246, 61
Trd, 8639615.979, 62
Trd, 8639616.179, 60
Trd, 8639616.679, 61
Trd, 8639616.846, 121
Trd, 8639617.079, 63
Trd, 8639617.579, 140
Trd, 8639617.779, 140
Trd, 8639618.112, 115
Trd, 8639618.379, 114
Trd, 8639618.446, 109
Trd, 8639619.179, 140
Trd, 8639620.412, 140
Trd, 8639621.379, 140
Trd, 8639622.279, 140
Trd, 8639622.379, 140
Trd, 8639622.712, 140
Trd, 8639622.846, 140
Trd, 8639623.479, 140
Trd, 8639623.846, 140
Trd, 8639623.946, 140
Trd, 8639624.079, 140
Trd, 8639625.146, 140
Trd, 8639625.212, 139
Trd, 8639625.546, 139
Trd, 8639626.012, 140
Trd, 8639626.812, 140
Trd, 8639626.846, 140
Trd, 8639627.146, 140
Trd, 8639627.646, 140
Trd, 8639627.779, 139
Trd, 8639628.079, 139
Trd, 8639629.012, 140
Trd, 8639629.146, 140
Trd, 8639629.579, 102
Trd, 8639630.379, 60
Trd, 8639630.512, 60
Trd, 8639630.879, 60
Trd, 8639631.179, 60
Trd, 8639631.212, 62
Trd, 8639631.246, 74
Trd, 8639632.112, 140
Trd, 8639632.179, 140
Trd, 8639632.246, 139
Trd, 8639632.946, 140
Trd, 8639634.246, 140
Trd, 8639634.812, 140
Trd, 8639634.879, 140
Trd, 8639635.079, 140
Trd, 8639635.212, 139
Trd, 8639636.046, 139
Trd, 8639636.112, 86
Trd, 8639637.046, 140
Trd, 8639637.112, 140
Trd, 8639637.846, 139
Trd, 8639638.812, 139
Trd, 8639639.046, 134
Trd, 8639639.179, 133
Trd, 8639641.379, 140
Trd, 8639642.012, 140
Trd, 8639642.046, 140
Trd, 8639642.646, 140
Trd, 8639642.912, 140
Trd, 8639642.946, 140
Trd, 8639643.179, 139
Trd, 8639643.646, 138
Trd, 8639644.212, 140
Trd, 8639644.412, 140
Trd, 8639644.812, 136
Trd, 8639645.079, 135
Trd, 8639645.146, 133
Trd, 8639645.479, 140
Trd, 8639646.312, 140
Trd, 8639647.346, 140
Trd, 8639647.379, 140
Trd, 8639648.412, 140
Trd, 8639648.512, 140
Trd, 8639648.712, 140
Trd, 8639648.879, 140
Trd, 8639649.046, 140
Trd, 8639649.446, 140
Trd, 8639650.246, 140
Trd, 8639651.046, 140
Trd, 8639651.579, 136
Trd, 8639651.712, 135
Trd, 8639652.112, 140
Trd, 8639652.212, 99
Trd, 8639652.412, 73
Trd, 8639653.446, 140
Trd, 8639653.846, 139
Trd, 8639653.879, 138
Trd, 8639654.412, 140
Trd, 8639654.746, 139
Trd, 8639654.879, 136
Trd, 8639655.546, 101
Trd, 8639655.846, 103
Trd, 8639656.179, 140
Trd, 8639656.246, 100
Trd, 8639657.079, 140
Trd, 8639657.479, 140
Trd, 8639658.146, 140
Trd, 8639658.346, 140
Trd, 8639658.679, 139
Trd, 8639658.712, 137
Trd, 8639659.146, 60
Trd, 8639659.479, 140
Trd, 8639659.779, 138
Trd, 8639661.346, 140
Trd, 8639661.412, 140
Trd, 8639661.512, 140
Trd, 8639661.612, 140
Trd, 8639661.812, 140
Trd, 8639662.246, 140
Trd, 8639662.479, 140
Trd, 8639662.979, 140
Trd, 8639663.579, 140
Trd, 8639663.846, 140
Trd, 8639664.212, 140
Trd, 8639664.546, 63
Trd, 8639664.812, 70
Trd, 8639664.912, 71
Trd, 8639666.479, 140
Trd, 8639667.112, 140
Trd, 8639667.246, 139
Trd, 8639668.112, 140
Trd, 8639668.246, 140
Trd, 8639668.479, 140
Trd, 8639668.612, 140
Trd, 8639668.679, 139
Trd, 8639669.412, 140
Trd, 8639670.112, 140
Trd, 8639670.146, 140
Trd, 8639670.546, 140
Trd, 8639671.412, 140
Trd, 8639671.846, 116
Trd, 8639671.912, 140
Trd, 8639672.012, 134
Trd, 8639672.712, 139
Trd, 8639672.746, 132
Trd, 8639673.079, 64
Trd, 8639674.012, 140
Trd, 8639674.179, 140
Trd, 8639674.779, 140
Trd, 8639674.879, 140
Trd, 8639675.212, 140
Trd, 8639676.179, 140
Trd, 8639676.479, 140
Trd, 8639677.246, 140
Trd, 8639677.279, 140
Trd, 8639678.046, 140
Trd, 8639678.279, 140
Trd, 8639678.379, 140
Trd, 8639678.679, 140
Trd, 8639679.146, 140
Trd, 8639680.346, 140
Trd, 8639680.446, 140
Trd, 8639680.479, 140
Trd, 8639680.679, 140
Trd, 8639681.612, 139
Trd, 8639682.612, 140
Trd, 8639682.646, 140
Trd, 8639683.079, 140
Trd, 8639683.479, 140
Trd, 8639683.512, 140
Trd, 8639683.812, 140
Trd, 8639684.346, 138
Trd, 8639684.612, 138
Trd, 8639684.679, 137
Trd, 8639684.979, 136
Trd, 8639685.512, 122
Trd, 8639685.779, 140
Trd, 8639686.079, 139
Trd, 8639686.612, 140
Trd, 8639686.679, 140
Trd, 8639687.446, 101
Trd, 8639688.046, 66
Trd, 8639688.246, 61
Trd, 8639688.779, 114
Trd, 8639689.146, 138
Trd, 8639689.812, 97
Trd, 8639690.812, 60
Trd, 8639691.112, 65
Trd, 8639691.812, 61
Trd, 8639691.979, 63
Trd, 8639692.279, 64
Trd, 8639692.712, 66
Trd, 8639693.712, 60
Trd, 8639694.612, 60
Trd, 8639694.679, 61
Trd, 8639694.812, 60
Trd, 8639695.012, 61
Trd, 8639695.312, 64
Trd, 8639696.112, 60
Trd, 8639696.179, 63
Trd, 8639697.279, 62
Trd, 8639697.712, 63
Trd, 8639698.512, 66
Trd, 8639698.646, 60
Trd, 8639698.746, 70
Trd, 8639699.346, 60
Trd, 8639699.546, 65
Trd, 8639700.012, 65
Trd, 8639700.279, 67
Trd, 8639700.779, 60
Trd, 8639700.912, 84
Trd, 8639701.112, 62
Trd, 8639701.379, 139
Trd, 8639701.512, 138
Trd, 8639701.846, 113
Trd, 8639702.546, 62
Trd, 8639703.479, 71
Trd, 8639703.679, 72
Trd, 8639703.879, 138
Trd, 8639704.679, 137
Trd, 8639705.012, 140
Trd, 8639705.046, 140
Trd, 8639706.079, 123
Trd, 8639706.612, 140
Trd, 8639706.912, 140
Trd, 8639706.946, 138
Trd, 8639707.279, 138
Trd, 8639707.646, 102
Trd, 8639707.879, 84
Trd, 8639708.212, 140
Trd, 8639709.479, 61
Trd, 8639709.712, 68
Trd, 8639710.012, 61
Trd, 8639711.012, 140
Trd, 8639711.212, 140
Trd, 8639711.379, 140
Trd, 8639711.779, 140
Trd, 8639712.279, 140
Trd, 8639712.979, 140
Trd, 8639713.079, 140
Trd, 8639713.112, 139
Trd, 8639713.246, 140
Trd, 8639714.612, 140
Trd, 8639715.446, 140
Trd, 8639715.812, 140
Trd, 8639715.946, 140
Trd, 8639716.079, 140
Trd, 8639716.146, 140
Trd, 8639716.779, 140
Trd, 8639716.846, 140
Trd, 8639717.012, 87
Trd, 8639717.846, 140
Trd, 8639718.346, 139
Trd, 8639718.479, 102
Trd, 8639718.812, 82
Trd, 8639718.912, 69
Trd, 8639719.046, 138
Trd, 8639719.946, 140
Trd, 8639720.312, 140
Trd, 8639720.612, 139
Trd, 8639720.646, 138
Trd, 8639720.812, 92
Trd, 8639721.212, 69
Trd, 8639721.746, 139
Trd, 8639721.979, 138
Trd, 8639722.879, 138
Trd, 8639723.112, 74
Trd, 8639723.579, 65
Trd, 8639724.179, 140
Trd, 8639724.546, 140
Trd, 8639724.979, 140
Trd, 8639725.012, 140
Trd, 8639725.246, 140
Trd, 8639725.946, 140
Trd, 8639726.579, 140
Trd, 8639727.146, 140
Trd, 8639727.912, 140
Trd, 8639727.979, 140
Trd, 8639728.112, 140
Trd, 8639728.279, 139
Trd, 8639729.446, 140
Trd, 8639729.979, 140
Trd, 8639730.112, 139
Trd, 8639730.679, 139
Trd, 8639731.212, 140
Trd, 8639731.479, 139
Trd, 8639731.979, 140
Trd, 8639732.046, 140
Trd, 8639732.246, 138
Trd, 8639732.312, 108
Trd, 8639733.279, 140
Trd, 8639734.312, 140
Trd, 8639734.479, 140
Trd, 8639734.579, 140
Trd, 8639735.212, 140
Trd, 8639736.046, 140
Trd, 8639736.279, 140
Trd, 8639737.146, 140
Trd, 8639737.546, 140
Trd, 8639737.579, 139
Trd, 8639738.012, 140
Trd, 8639738.046, 124
Trd, 8639738.712, 140
Trd, 8639738.779, 139
Trd, 8639739.246, 140
Trd, 8639740.012, 140
Trd, 8639740.279, 140
Trd, 8639741.146, 140
Trd, 8639741.312, 139
Trd, 8639741.812, 137
Trd, 8639741.946, 60
Trd, 8639742.912, 140
Trd, 8639743.046, 139
Trd, 8639743.579, 140
Trd, 8639743.679, 138
Trd, 8639744.146, 140
Trd, 8639744.179, 109
Trd, 8639744.812, 116
Trd, 8639745.212, 114
Trd, 8639745.612, 140
Trd, 8639746.179, 140
Trd, 8639746.712, 140
Trd, 8639746.979, 140
Trd, 8639748.012, 140
Trd, 8639748.046, 131
Trd, 8639748.746, 139
Trd, 8639749.879, 140
Trd, 8639750.179, 140
Trd, 8639750.379, 140
Trd, 8639750.812, 140
Trd, 8639751.012, 140
Trd, 8639751.046, 140
Trd, 8639751.879, 140
Trd, 8639752.046, 140
Trd, 8639752.212, 140
Trd, 8639752.512, 135
Trd, 8639753.412, 140
Trd, 8639753.746, 140
Trd, 8639754.312, 140
Trd, 8639754.546, 138
Trd, 8639754.646, 138
Trd, 8639755.112, 139
Trd, 8639756.279, 139
Trd, 8639756.579, 114
Trd, 8639757.246, 140
Trd, 8639757.446, 139
Trd, 8639757.512, 138
Trd, 8639758.846, 140
Trd, 8639758.946, 140
Trd, 8639759.046, 140
Trd, 8639759.312, 140
Trd, 8639759.646, 139
Trd, 8639759.912, 137
Trd, 8639761.079, 140
Trd, 8639761.146, 139
Trd, 8639761.979, 140
Trd, 8639762.012, 140
Trd, 8639762.112, 140
Trd, 8639762.279, 138
Trd, 8639762.879, 138
Trd, 8639762.912, 100
Trd, 8639763.579, 138
Trd, 8639764.879, 140
Trd, 8639765.412, 140
Trd, 8639765.446, 140
Trd, 8639765.812, 139
Trd, 8639765.846, 139
Trd, 8639766.546, 138
Trd, 8639766.579, 107
Trd, 8639766.879, 139
Trd, 8639767.779, 140
Trd, 8639768.046, 139
Trd, 8639768.146, 140
Trd, 8639768.379, 60
Trd, 8639768.779, 94
Trd, 8639769.279, 140
Trd, 8639769.879, 140
Trd, 8639770.179, 140
Trd, 8639770.446, 139
Trd, 8639770.712, 123
Trd, 8639771.212, 140
Trd, 8639771.446, 87
Trd, 8639771.479, 69
Trd, 8639772.146, 140
Trd, 8639772.679, 140
Trd, 8639772.912, 140
Trd, 8639773.179, 140
Trd, 8639773.212, 140
Trd, 8639773.946, 140
Trd, 8639773.979, 139
Trd, 8639774.579, 139
Trd, 8639774.979, 60
Trd, 8639775.279, 65
Trd, 8639775.312, 65
Trd, 8639775.979, 72
Trd, 8639776.046, 70
Trd, 8639776.712, 71
Trd, 8639777.079, 60
Trd, 8639778.146, 140
Trd, 8639778.212, 140
Trd, 8639778.279, 140
Trd, 8639778.346, 140
Trd, 8639778.579, 140
Trd, 8639779.346, 140
Trd, 8639779.879, 140
Trd, 8639780.346, 140
Trd, 8639781.112, 140
Trd, 8639781.246, 140
Trd, 8639781.646, 140
Trd, 8639781.912, 139
Trd, 8639782.212, 140
Trd, 8639783.046, 138
Trd, 8639783.446, 140
Trd, 8639783.479, 138
Trd, 8639783.512, 123
Trd, 8639783.746, 63
Trd, 8639784.146, 140
Trd, 8639784.512, 60
Trd, 8639784.879, 61
Trd, 8639784.946, 62
Trd, 8639785.579, 62
Trd, 8639786.379, 140
Trd, 8639786.546, 140
Trd, 8639787.146, 140
Trd, 8639787.879, 60
Trd, 8639788.546, 60
Trd, 8639789.212, 64
Trd, 8639789.479, 60
Trd, 8639789.746, 62
Trd, 8639790.046, 61
Trd, 8639790.246, 63
Trd, 8639790.479, 68
Trd, 8639790.546, 62
Trd, 8639791.046, 67
Trd, 8639791.546, 66
Trd, 8639792.479, 140
Trd, 8639792.512, 140
Trd, 8639792.946, 140
Trd, 8639793.446, 140
Trd, 8639793.912, 60
Trd, 8639793.979, 61
Trd, 8639794.646, 140
Trd, 8639794.712, 139
Trd, 8639795.079, 136
Trd, 8639795.812, 140
Trd, 8639796.079, 140
Trd, 8639796.112, 122
Trd, 8639796.379, 139
Trd, 8639797.079, 139
Trd, 8639797.579, 139
Trd, 8639798.412, 136
Trd, 8639798.979, 139
Trd, 8639799.012, 133
Trd, 8639799.379, 139
Trd, 8639799.612, 92
Trd, 8639800.212, 61
Trd, 8639800.612, 61
Trd, 8639800.979, 140
Trd, 8639801.079, 140
Trd, 8639801.146, 140
Trd, 8639801.612, 140
Trd, 8639802.512, 140
Trd, 8639802.746, 139
Trd, 8639803.079, 67
Trd, 8639803.412, 84
Trd, 8639803.679, 70
Trd, 8639804.412, 140
Trd, 8639804.879, 61
Trd, 8639805.346, 140
Trd, 8639805.446, 140
Trd, 8639805.879, 140
Trd, 8639806.112, 140
Trd, 8639807.446, 140
Trd, 8639807.746, 140
Trd, 8639808.379, 140
Trd, 8639808.746, 140
Trd, 8639808.846, 140
Trd, 8639808.946, 140
Trd, 8639809.246, 140
Trd, 8639809.346, 140
Trd, 8639809.546, 140
Trd, 8639810.446, 140
Trd, 8639811.812, 140
Trd, 8639812.679, 140
Trd, 8639812.712, 140
Trd, 8639812.979, 139
Trd, 8639813.379, 139
Trd, 8639813.546, 140
Trd, 8639813.579, 134
Trd, 8639814.246, 140
Trd, 8639814.712, 140
Trd, 8639815.312, 140
Trd, 8639815.412, 140
Trd, 8639815.712, 140
Trd, 8639816.079, 140
Trd, 8639816.512, 140
Trd, 8639816.612, 140
Trd, 8639816.712, 140
Trd, 8639816.779, 133
Trd, 8639817.012, 140
Trd, 8639817.912, 140
Trd, 8639819.246, 140
Trd, 8639819.646, 140
Trd, 8639819.879, 140
Trd, 8639820.379, 139
Trd, 8639821.079, 140
Trd, 8639821.146, 139
Trd, 8639821.546, 140
Trd, 8639821.646, 139
Trd, 8639821.946, 138
Trd, 8639822.246, 65
Trd, 8639822.846, 140
Trd, 8639823.179, 93
Trd, 8639823.646, 140
Trd, 8639823.879, 140
Trd, 8639824.212, 140
Trd, 8639825.012, 140
Trd, 8639825.146, 140
Trd, 8639825.912, 140
Trd, 8639827.079, 140
Trd, 8639827.179, 140
Trd, 8639827.346, 140
Trd, 8639827.679, 140
Trd, 8639828.679, 139
Trd, 8639828.979, 140
Trd, 8639829.212, 140
Trd, 8639829.312, 140
Trd, 8639829.546, 139
Trd, 8639829.712, 140
Trd, 8639829.846, 139
Trd, 8639830.379, 140
Trd, 8639830.412, 139
Trd, 8639831.279, 140
Trd, 8639831.679, 140
Trd, 8639832.779, 97
Trd, 8639833.046, 60
Trd, 8639833.679, 60
Trd, 8639834.046, 109
Trd, 8639834.646, 60
Trd, 8639834.812, 63
Trd, 8639835.146, 63
Trd, 8639835.312, 64
Trd, 8639835.879, 66
Trd, 8639836.446, 64
Trd, 8639836.912, 63
Trd, 8639837.179, 64
Trd, 8639837.246, 67
Trd, 8639837.379, 64
Trd, 8639837.512, 61
Trd, 8639838.079, 140
Trd, 8639838.446, 140
Trd, 8639838.546, 139
Trd, 8639839.812, 140
Trd, 8639840.279, 140
Trd, 8639840.612, 140
Trd, 8639840.846, 139
Trd, 8639841.379, 140
Trd, 8639841.712, 140
Trd, 8639841.746, 140
Trd, 8639842.979, 140
Trd, 8639843.212, 140
Trd, 8639844.312, 140
Trd, 8639844.712, 140
Trd, 8639844.812, 140
Trd, 8639845.379, 139
Trd, 8639845.546, 122
Trd, 8639846.012, 140
Trd, 8639846.412, 140
Trd, 8639846.579, 140
Trd, 8639846.812, 140
Trd, 8639847.646, 140
Trd, 8639847.679, 140
Trd, 8639847.979, 140
Trd, 8639848.079, 138
Trd, 8639848.612, 140
Trd, 8639848.979, 139
Trd, 8639849.579, 138
Trd, 8639850.046, 140
Trd, 8639850.112, 140
Trd, 8639851.312, 139
Trd, 8639851.479, 102
Trd, 8639852.046, 140
Trd, 8639852.412, 139
Trd, 8639853.112, 140
Trd, 8639853.579, 140
Trd, 8639853.646, 140
Trd, 8639853.812, 140
Trd, 8639854.812, 139
Trd, 8639855.012, 138
Trd, 8639855.146, 132
Trd, 8639855.246, 113
Trd, 8639856.512, 140
Trd, 8639857.246, 140
Trd, 8639857.512, 140
Trd, 8639858.246, 140
Trd, 8639859.112, 140
Trd, 8639859.179, 140
Trd, 8639859.212, 140
Trd, 8639859.379, 140
Trd, 8639859.579, 140
Trd, 8639860.112, 140
Trd, 8639861.312, 140
Trd, 8639862.012, 140
Trd, 8639862.112, 140
Trd, 8639862.479, 140
Trd, 8639862.546, 140
Trd, 8639862.712, 140
Trd, 8639862.846, 138
Trd, 8639863.379, 140
Trd, 8639864.279, 138
Trd, 8639865.479, 140
Trd, 8639865.546, 139
Trd, 8639865.612, 138
Trd, 8639865.912, 114
Trd, 8639866.012, 99
Trd, 8639866.179, 117
Trd, 8639866.246, 71
Trd, 8639866.512, 140
Trd, 8639867.512, 140
Trd, 8639868.112, 140
Trd, 8639868.279, 140
Trd, 8639868.746, 140
Trd, 8639870.046, 140
Trd, 8639870.179, 140
Trd, 8639870.412, 140
Trd, 8639870.679, 139
Trd, 8639871.446, 139
Trd, 8639871.746, 140
Trd, 8639872.746, 140
Trd, 8639872.979, 140
Trd, 8639873.112, 140
Trd, 8639874.346, 140
Trd, 8639874.812, 140
Trd, 8639875.412, 140
Trd, 8639875.946, 140
Trd, 8639876.179, 140
Trd, 8639876.512, 140
Trd, 8639876.546, 139
Trd, 8639876.879, 138
Trd, 8639877.646, 140
Trd, 8639878.146, 139
Trd, 8639878.446, 140
Trd, 8639878.479, 139
Trd, 8639879.312, 140
Trd, 8639879.779, 140
Trd, 8639880.346, 140
Trd, 8639880.379, 140
Trd, 8639880.446, 139
Trd, 8639881.146, 139
Trd, 8639881.679, 138
Trd, 8639882.046, 140
Trd, 8639882.246, 138
Trd, 8639882.479, 140
Trd, 8639882.512, 137
Trd, 8639883.379, 74
Trd, 8639884.079, 137
Trd, 8639884.879, 140
Trd, 8639885.046, 140
Trd, 8639886.446, 140
Trd, 8639886.712, 140
Trd, 8639887.079, 140
Trd, 8639887.312, 139
Trd, 8639887.612, 137
Trd, 8639887.946, 136
Trd, 8639888.712, 140
Trd, 8639888.879, 139
Trd, 8639888.979, 139
Trd, 8639889.079, 119
Trd, 8639889.746, 61
Trd, 8639889.879, 61
Trd, 8639890.312, 65
Trd, 8639890.746, 65
Trd, 8639890.946, 62
Trd, 8639891.279, 66
Trd, 8639891.546, 69
Trd, 8639892.112, 60
Trd, 8639892.912, 140
Trd, 8639893.579, 140
Trd, 8639893.746, 140
Trd, 8639894.346, 140
Trd, 8639894.846, 140
Trd, 8639894.912, 140
Trd, 8639895.212, 140
Trd, 8639895.746, 140
Trd, 8639896.012, 140
Trd, 8639896.446, 128
Trd, 8639897.612, 139
Trd, 8639897.746, 139
Trd, 8639898.146, 139
Trd, 8639899.179, 140
Trd, 8639899.279, 140
Trd, 8639900.279, 140
Trd, 8639900.579, 140
Trd, 8639901.012, 140
Trd, 8639901.146, 140
Trd, 8639901.612, 140
Trd, 8639902.312, 140
Trd, 8639902.446, 140
Trd, 8639902.779, 140
Trd, 8639902.979, 140
Trd, 8639903.379, 140
Trd, 8639904.979, 140
Trd, 8639905.012, 139
Trd, 8639905.212, 139
Trd, 8639905.346, 139
Trd, 8639906.479, 140
Trd, 8639906.579, 139
Trd, 8639907.746, 140
Trd, 8639908.179, 140
Trd, 8639908.446, 140
Trd, 8639908.912, 140
Trd, 8639909.112, 139
Trd, 8639909.246, 137
Trd, 8639909.312, 98
Trd, 8639910.512, 140
Trd, 8639910.846, 140
Trd, 8639911.312, 140
Trd, 8639911.546, 140
Trd, 8639911.946, 140
Trd, 8639912.312, 139
Trd, 8639912.912, 140
Trd, 8639912.946, 140
Trd, 8639913.079, 139
Trd, 8639913.879, 138
Trd, 8639914.412, 83
Trd, 8639914.679, 63
Trd, 8639914.912, 64
Trd, 8639915.146, 140
Trd, 8639915.179, 139
Trd, 8639915.946, 69
Trd, 8639916.146, 140
Trd, 8639917.179, 140
Trd, 8639917.379, 140
Trd, 8639917.746, 140
Trd, 8639917.979, 139
Trd, 8639918.246, 105
Trd, 8639918.412, 63
Trd, 8639918.579, 120
Trd, 8639918.679, 79
Trd, 8639920.612, 140
Trd, 8639921.146, 139
Trd, 8639921.412, 139
Trd, 8639921.512, 138
Trd, 8639922.046, 140
Trd, 8639922.146, 139
Trd, 8639922.912, 140
Trd, 8639923.446, 139
Trd, 8639923.479, 139
Trd, 8639923.612, 114
Trd, 8639924.379, 64
Trd, 8639924.412, 62
Trd, 8639924.879, 138
Trd, 8639924.979, 137
Trd, 8639925.279, 101
Trd, 8639926.679, 140
Trd, 8639926.846, 140
Trd, 8639927.046, 140
Trd, 8639927.979, 140
Trd, 8639928.112, 140
Trd, 8639928.912, 140
Trd, 8639929.112, 140
Trd, 8639929.379, 140
Trd, 8639929.512, 139
Trd, 8639929.712, 139
Trd, 8639929.879, 119
Trd, 8639930.579, 140
Trd, 8639931.112, 140
Trd, 8639931.946, 140
Trd, 8639932.012, 139
Trd, 8639932.746, 138
Trd, 8639932.779, 137
Trd, 8639933.146, 139
Trd, 8639933.312, 140
Trd, 8639933.479, 138
Trd, 8639934.612, 140
Trd, 8639935.112, 139
Trd, 8639935.346, 138
Trd, 8639936.379, 140
Trd, 8639936.746, 140
Trd, 8639936.879, 139
Trd, 8639937.279, 128
Trd, 8639937.546, 138
Trd, 8639937.879, 114
Trd, 8639938.279, 138
Trd, 8639938.912, 140
Trd, 8639939.146, 140
Trd, 8639939.546, 140
Trd, 8639939.612, 140
Trd, 8639940.046, 140
Trd, 8639940.512, 140
Trd, 8639941.312, 140
Trd, 8639941.646, 137
Trd, 8639941.812, 136
Trd, 8639942.012, 120
Trd, 8639942.479, 140
Trd, 8639942.679, 114
Trd, 8639942.746, 90
Trd, 8639943.946, 140
Trd, 8639944.246, 140
Trd, 8639944.479, 140
Trd, 8639944.646, 140
Trd, 8639945.479, 140
Trd, 8639945.546, 139
Trd, 8639946.146, 140
Trd, 8639946.646, 140
Trd, 8639948.146, 140
Trd, 8639948.212, 140
Trd, 8639948.279, 140
Trd, 8639948.346, 140
Trd, 8639948.712, 140
Trd, 8639949.179, 140
Trd, 8639949.512, 140
Trd, 8639949.546, 140
Trd, 8639950.612, 140
Trd, 8639950.879, 140
Trd, 8639951.012, 140
Trd, 8639951.146, 138
Trd, 8639952.146, 140
Trd, 8639952.212, 140
Trd, 8639952.246, 139
Trd, 8639953.512, 140
Trd, 8639954.012, 140
Trd, 8639954.346, 140
Trd, 8639955.212, 140
Trd, 8639955.812, 140
Trd, 8639956.312, 140
Trd, 8639956.379, 140
Trd, 8639956.712, 140
Trd, 8639957.179, 140
Trd, 8639957.412, 140
Trd, 8639957.746, 140
Trd, 8639958.346, 140
Trd, 8639958.879, 140
Trd, 8639959.579, 140
Trd, 8639960.346, 140
Trd, 8639960.546, 140
Trd, 8639960.879, 140
Trd, 8639962.012, 140
Trd, 8639962.112, 140
Trd, 8639962.179, 140
Trd, 8639963.379, 140
Trd, 8639963.846, 140
Trd, 8639964.579, 140
Trd, 8639964.612, 140
Trd, 8639965.312, 140
Trd, 8639965.679, 140
Trd, 8639966.012, 139
Trd, 8639966.246, 140
Trd, 8639966.646, 140
Trd, 8639966.846, 140
Trd, 8639966.979, 140
Trd, 8639967.612, 85
Trd, 8639967.879, 72
Trd, 8639967.946, 130
Trd, 8639968.112, 62
Trd, 8639968.346, 60
Trd, 8639968.812, 62
Trd, 8639968.846, 64
Trd, 8639969.579, 60
Trd, 8639970.312, 60
Trd, 8639970.646, 60
Trd, 8639970.679, 61
Trd, 8639971.046, 62
Trd, 8639971.679, 140
Trd, 8639972.146, 140
Trd, 8639972.179, 118
Trd, 8639972.546, 60
Trd, 8639972.812, 60
Trd, 8639972.879, 62
Trd, 8639973.412, 137
Trd, 8639974.012, 104
Trd, 8639974.146, 78
Trd, 8639974.312, 76
Trd, 8639974.579, 135
Trd, 8639974.979, 72
Trd, 8639975.846, 64
Trd, 8639976.212, 61
Trd, 8639976.912, 63
Trd, 8639977.012, 65
Trd, 8639977.712, 62
Trd, 8639978.046, 64
Trd, 8639978.279, 64
Trd, 8639978.546, 60
Trd, 8639979.412, 60
Trd, 8639979.579, 63
Trd, 8639979.812, 60
Trd, 8639980.312, 62
Trd, 8639981.646, 60
Trd, 8639981.779, 62
Trd, 8639981.912, 62
Trd, 8639982.012, 62
Trd, 8639982.212, 62
Trd, 8639982.446, 63
Trd, 8639982.912, 60
Trd, 8639983.079, 140
Trd, 8639983.379, 140
Trd, 8639983.946, 130
Trd, 8639983.979, 101
Trd, 8639984.846, 65
Trd, 8639985.012, 71
Trd, 8639985.546, 140
Trd, 8639985.812, 140
Trd, 8639986.179, 131
Trd, 8639986.412, 75
Trd, 8639986.746, 62
Trd, 8639987.179, 61
Trd, 8639987.579, 62
Trd, 8639989.446, 61
Trd, 8639989.512, 64
Trd, 8639989.579, 65
Trd, 8639989.779, 61
Trd, 8639990.012, 62
Trd, 8639990.446, 62
Trd, 8639990.546, 63
Trd, 8639990.679, 137
Trd, 8639992.112, 61
Trd, 8639992.446, 62
Trd, 8639992.979, 60
Trd, 8639993.312, 61
Trd, 8639993.346, 61
Trd, 8639993.512, 64
Trd, 8639994.079, 65
Trd, 8639994.346, 65
Trd, 8639995.412, 60
Trd, 8639995.512, 66
Trd, 8639996.146, 140
Trd, 8639996.179, 140
Trd, 8639996.279, 140
Trd, 8639996.612, 62
Trd, 8639996.979, 63
Trd, 8639997.479, 60
Trd, 8639997.946, 114
Trd, 8639998.212, 139
Trd, 8639998.446, 140
Trd, 8639998.746, 113
Trd, 8639998.912, 109
Trd, 8639999.179, 61
Trd, 8639999.746, 72
