Trd, 8638776.179, 115
Trd, 8638776.946, 130
Trd, 8638777.679, 131
Trd, 8638777.712, 119
Trd, 8638777.979, 106
Trd, 8638778.546, 127
Trd, 8638779.912, 127
Trd, 8638780.046, 120
Trd, 8638780.212, 133
Trd, 8638780.412, 109
Trd, 8638781.212, 124
Trd, 8638781.479, 121
Trd, 8638781.946, 90
Trd, 8638782.712, 92
Trd, 8638783.246, 102
Trd, 8638784.179, 117
Trd, 8638784.279, 112
Trd, 8638784.512, 104
Trd, 8638784.779, 125
Trd, 8638786.346, 134
Trd, 8638786.746, 115
Trd, 8638786.912, 108
Trd, 8638786.946, 95
Trd, 8638787.346, 120
Trd, 8638787.779, 126
Trd, 8638788.079, 111
Trd, 8638788.446, 104
Trd, 8638788.579, 106
Trd, 8638789.312, 100
Trd, 8638789.612, 89
Trd, 8638790.246, 126
Trd, 8638792.079, 110
Trd, 8638792.746, 125
Trd, 8638792.846, 108
Trd, 8638793.379, 114
Trd, 8638793.712, 131
Trd, 8638793.979, 127
Trd, 8638794.046, 123
Trd, 8638794.079, 104
Trd, 8638794.712, 114
Trd, 8638794.746, 114
Trd, 8638794.879, 103
Trd, 8638795.879, 115
Trd, 8638796.379, 113
Trd, 8638796.479, 106
Trd, 8638796.846, 115
Trd, 8638796.912, 101
Trd, 8638797.112, 100
Trd, 8638797.612, 91
Trd, 8638798.712, 69
Trd, 8638798.979, 69
Trd, 8638799.546, 67
Trd, 8638799.946, 89
Trd, 8638800.546, 102
Trd, 8638801.212, 83
Trd, 8638801.712, 88
Trd, 8638801.812, 62
Trd, 8638802.479, 70
Trd, 8638803.012, 68
Trd, 8638803.312, 72
Trd, 8638803.512, 63
Trd, 8638803.979, 62
Trd, 8638804.379, 65
Trd, 8638804.412, 69
Trd, 8638805.412, 131
Trd, 8638805.646, 63
Trd, 8638805.712, 84
Trd, 8638807.012, 104
Trd, 8638807.112, 103
Trd, 8638807.512, 85
Trd, 8638807.879, 69
Trd, 8638808.246, 112
Trd, 8638808.846, 114
Trd, 8638809.446, 80
Trd, 8638809.746, 80
Trd, 8638809.779, 77
Trd, 8638810.112, 98
Trd, 8638811.012, 84
Trd, 8638811.612, 90
Trd, 8638811.779, 65
Trd, 8638812.012, 64
Trd, 8638812.846, 68
Trd, 8638813.479, 110
Trd, 8638813.812, 106
Trd, 8638813.912, 104
Trd, 8638814.112, 107
Trd, 8638814.646, 140
Trd, 8638814.879, 95
Trd, 8638814.946, 94
Trd, 8638815.779, 69
Trd, 8638816.079, 70
Trd, 8638816.446, 102
Trd, 8638817.279, 113
Trd, 8638818.312, 102
Trd, 8638818.379, 99
Trd, 8638819.446, 94
Trd, 8638820.012, 83
Trd, 8638821.146, 93
Trd, 8638821.379, 93
Trd, 8638821.612, 78
Trd, 8638822.312, 72
Trd, 8638822.646, 76
Trd, 8638823.012, 75
Trd, 8638823.546, 69
Trd, 8638823.779, 73
Trd, 8638824.379, 64
Trd, 8638824.412, 73
Trd, 8638824.779, 63
Trd, 8638825.079, 93
Trd, 8638826.312, 71
Trd, 8638826.412, 67
Trd, 8638827.146, 114
Trd, 8638827.446, 108
Trd, 8638827.779, 98
Trd, 8638828.612, 93
Trd, 8638828.912, 85
Trd, 8638829.012, 89
Trd, 8638829.146, 66
Trd, 8638829.846, 60
Trd, 8638830.079, 100
Trd, 8638830.846, 91
Trd, 8638831.012, 107
Trd, 8638831.246, 97
Trd, 8638832.046, 109
Trd, 8638832.146, 108
Trd, 8638832.279, 101
Trd, 8638832.612, 95
Trd, 8638833.012, 116
Trd, 8638833.546, 137
Trd, 8638833.646, 132
Trd, 8638833.712, 89
Trd, 8638835.179, 101
Trd, 8638835.946, 96
Trd, 8638837.012, 119
Trd, 8638837.912, 85
Trd, 8638838.012, 72
Trd, 8638838.079, 75
Trd, 8638838.146, 69
Trd, 8638838.279, 86
Trd, 8638838.546, 93
Trd, 8638839.212, 87
Trd, 8638839.679, 105
Trd, 8638840.012, 98
Trd, 8638840.646, 103
Trd, 8638840.812, 100
Trd, 8638841.279, 106
Trd, 8638841.412, 81
Trd, 8638841.546, 136
Trd, 8638841.912, 108
Trd, 8638842.746, 81
Trd, 8638843.046, 99
Trd, 8638844.179, 96
Trd, 8638844.279, 106
Trd, 8638844.479, 101
Trd, 8638845.479, 131
Trd, 8638845.612, 126
Trd, 8638845.679, 97
Trd, 8638845.846, 89
Trd, 8638847.312, 79
Trd, 8638848.179, 104
Trd, 8638848.679, 81
Trd, 8638848.712, 120
Trd, 8638849.012, 71
Trd, 8638849.512, 71
Trd, 8638849.612, 71
Trd, 8638850.012, 68
Trd, 8638850.879, 110
Trd, 8638851.146, 83
Trd, 8638851.512, 135
Trd, 8638851.979, 104
Trd, 8638852.346, 98
Trd, 8638853.012, 99
Trd, 8638853.112, 90
Trd, 8638853.712, 124
Trd, 8638854.312, 125
Trd, 8638854.346, 104
Trd, 8638854.579, 126
Trd, 8638854.679, 101
Trd, 8638854.812, 87
Trd, 8638856.179, 63
Trd, 8638856.579, 97
Trd, 8638856.712, 111
Trd, 8638857.012, 91
Trd, 8638857.779, 127
Trd, 8638858.146, 132
Trd, 8638859.079, 115
Trd, 8638860.246, 126
Trd, 8638860.312, 116
Trd, 8638860.646, 134
Trd, 8638861.212, 94
Trd, 8638861.579, 85
Trd, 8638861.779, 98
Trd, 8638861.812, 83
Trd, 8638862.246, 108
Trd, 8638862.312, 104
Trd, 8638863.212, 101
Trd, 8638863.246, 89
Trd, 8638863.612, 105
Trd, 8638864.212, 134
Trd, 8638864.946, 85
Trd, 8638866.046, 116
Trd, 8638866.346, 102
Trd, 8638866.812, 88
Trd, 8638867.046, 88
Trd, 8638867.179, 87
Trd, 8638867.246, 85
Trd, 8638867.512, 62
Trd, 8638868.012, 60
Trd, 8638868.446, 119
Trd, 8638868.746, 66
Trd, 8638868.946, 66
Trd, 8638869.012, 99
Trd, 8638869.812, 127
Trd, 8638870.246, 103
Trd, 8638870.646, 126
Trd, 8638871.346, 72
Trd, 8638871.912, 65
Trd, 8638872.512, 135
Trd, 8638872.979, 108
Trd, 8638873.279, 104
Trd, 8638873.546, 103
Trd, 8638874.079, 73
Trd, 8638874.546, 111
Trd, 8638874.846, 99
Trd, 8638875.646, 117
Trd, 8638876.112, 115
Trd, 8638876.412, 98
Trd, 8638876.979, 89
Trd, 8638878.746, 102
Trd, 8638878.812, 107
Trd, 8638878.846, 97
Trd, 8638879.312, 95
Trd, 8638879.546, 103
Trd, 8638879.612, 96
Trd, 8638880.112, 99
Trd, 8638880.179, 117
Trd, 8638881.046, 81
Trd, 8638882.812, 116
Trd, 8638883.779, 122
Trd, 8638883.912, 90
Trd, 8638884.012, 87
Trd, 8638884.346, 97
Trd, 8638885.179, 130
Trd, 8638885.512, 123
Trd, 8638885.979, 100
Trd, 8638886.979, 111
Trd, 8638887.246, 123
Trd, 8638887.379, 99
Trd, 8638887.646, 86
Trd, 8638888.446, 64
Trd, 8638888.879, 60
Trd, 8638888.979, 60
Trd, 8638889.112, 95
Trd, 8638889.512, 80
Trd, 8638889.846, 80
Trd, 8638890.546, 107
Trd, 8638890.912, 66
Trd, 8638891.279, 104
Trd, 8638891.912, 64
Trd, 8638892.379, 64
Trd, 8638892.912, 73
Trd, 8638893.712, 121
Trd, 8638894.446, 123
Trd, 8638895.412, 136
Trd, 8638895.446, 135
Trd, 8638895.579, 125
Trd, 8638895.812, 124
Trd, 8638895.979, 115
Trd, 8638896.546, 103
Trd, 8638897.312, 133
Trd, 8638898.146, 133
Trd, 8638898.212, 128
Trd, 8638898.612, 125
Trd, 8638898.812, 118
Trd, 8638899.612, 116
Trd, 8638899.679, 116
Trd, 8638899.979, 139
Trd, 8638900.446, 105
Trd, 8638900.979, 75
Trd, 8638902.146, 76
Trd, 8638902.479, 70
Trd, 8638903.679, 118
Trd, 8638903.979, 93
Trd, 8638904.346, 103
Trd, 8638904.546, 94
Trd, 8638904.612, 71
Trd, 8638905.379, 80
Trd, 8638905.712, 71
Trd, 8638906.812, 70
Trd, 8638907.179, 88
Trd, 8638908.046, 63
Trd, 8638908.412, 65
Trd, 8638908.646, 89
Trd, 8638908.812, 63
Trd, 8638909.979, 75
Trd, 8638910.046, 72
Trd, 8638910.579, 71
Trd, 8638910.912, 91
Trd, 8638910.946, 68
Trd, 8638910.979, 109
Trd, 8638912.146, 71
Trd, 8638912.479, 82
Trd, 8638912.912, 78
Trd, 8638913.312, 80
Trd, 8638913.346, 79
Trd, 8638913.446, 118
Trd, 8638914.046, 140
Trd, 8638914.212, 119
Trd, 8638914.312, 98
Trd, 8638914.346, 68
Trd, 8638915.012, 67
Trd, 8638916.246, 90
Trd, 8638916.812, 95
Trd, 8638916.846, 82
Trd, 8638918.046, 136
Trd, 8638918.212, 89
Trd, 8638918.779, 85
Trd, 8638918.812, 84
Trd, 8638919.046, 83
Trd, 8638919.279, 100
Trd, 8638919.846, 103
Trd, 8638919.946, 77
Trd, 8638921.612, 132
Trd, 8638922.412, 91
Trd, 8638922.546, 91
Trd, 8638922.946, 94
Trd, 8638923.746, 132
Trd, 8638924.446, 111
Trd, 8638924.712, 90
Trd, 8638924.879, 94
Trd, 8638924.912, 89
Trd, 8638926.079, 117
Trd, 8638926.812, 117
Trd, 8638926.912, 106
Trd, 8638927.579, 129
Trd, 8638927.612, 115
Trd, 8638927.879, 106
Trd, 8638928.012, 132
Trd, 8638928.879, 105
Trd, 8638930.179, 89
Trd, 8638930.246, 94
Trd, 8638930.412, 86
Trd, 8638930.912, 97
Trd, 8638931.146, 80
Trd, 8638931.212, 76
Trd, 8638933.379, 92
Trd, 8638934.512, 80
Trd, 8638934.846, 62
Trd, 8638934.979, 66
Trd, 8638935.112, 62
Trd, 8638935.712, 65
Trd, 8638935.946, 108
Trd, 8638936.512, 130
Trd, 8638936.979, 109
Trd, 8638937.212, 103
Trd, 8638937.246, 101
Trd, 8638937.812, 110
Trd, 8638938.279, 93
Trd, 8638938.946, 98
Trd, 8638939.546, 84
Trd, 8638939.779, 88
Trd, 8638940.312, 117
Trd, 8638940.679, 122
Trd, 8638941.112, 105
Trd, 8638941.379, 104
Trd, 8638941.412, 90
Trd, 8638942.779, 85
Trd, 8638942.946, 93
Trd, 8638943.179, 115
Trd, 8638944.046, 106
Trd, 8638944.112, 103
Trd, 8638944.612, 100
Trd, 8638945.046, 125
Trd, 8638945.279, 117
Trd, 8638945.312, 129
Trd, 8638945.812, 90
Trd, 8638946.146, 102
Trd, 8638946.512, 127
Trd, 8638946.946, 126
Trd, 8638947.279, 123
Trd, 8638949.179, 138
Trd, 8638949.479, 120
Trd, 8638949.879, 126
Trd, 8638950.046, 111
Trd, 8638950.646, 130
Trd, 8638951.112, 130
Trd, 8638951.212, 113
Trd, 8638951.346, 107
Trd, 8638952.012, 112
Trd, 8638952.146, 81
Trd, 8638952.812, 107
Trd, 8638953.246, 132
Trd, 8638953.279, 114
Trd, 8638953.746, 79
Trd, 8638954.579, 128
Trd, 8638955.346, 114
Trd, 8638955.412, 102
Trd, 8638956.679, 107
Trd, 8638957.479, 94
Trd, 8638957.512, 125
Trd, 8638958.179, 135
Trd, 8638958.979, 129
Trd, 8638959.146, 125
Trd, 8638959.546, 119
Trd, 8638959.946, 98
Trd, 8638960.012, 98
Trd, 8638960.146, 77
Trd, 8638960.946, 114
Trd, 8638961.746, 134
Trd, 8638963.146, 63
Trd, 8638963.179, 78
Trd, 8638963.346, 65
Trd, 8638963.712, 98
Trd, 8638964.846, 98
Trd, 8638965.446, 111
Trd, 8638965.512, 110
Trd, 8638965.679, 104
Trd, 8638966.812, 65
Trd, 8638966.946, 74
Trd, 8638967.179, 75
Trd, 8638968.146, 79
Trd, 8638968.346, 65
Trd, 8638969.012, 71
Trd, 8638969.612, 123
Trd, 8638970.212, 121
Trd, 8638970.712, 108
Trd, 8638971.212, 105
Trd, 8638971.379, 102
Trd, 8638971.446, 107
Trd, 8638971.646, 99
Trd, 8638971.979, 108
Trd, 8638972.246, 90
Trd, 8638972.512, 100
Trd, 8638973.246, 131
Trd, 8638974.346, 97
Trd, 8638974.446, 90
Trd, 8638974.812, 107
Trd, 8638975.546, 136
Trd, 8638976.212, 119
Trd, 8638976.612, 138
Trd, 8638976.712, 106
Trd, 8638977.012, 98
Trd, 8638978.379, 94
Trd, 8638978.412, 91
Trd, 8638978.579, 129
Trd, 8638978.779, 88
Trd, 8638979.646, 137
Trd, 8638979.779, 136
Trd, 8638980.112, 101
Trd, 8638980.546, 84
Trd, 8638980.779, 82
Trd, 8638980.912, 82
Trd, 8638981.312, 123
Trd, 8638981.712, 110
Trd, 8638981.912, 94
Trd, 8638983.179, 116
Trd, 8638983.446, 115
Trd, 8638983.979, 107
Trd, 8638984.179, 106
Trd, 8638984.279, 103
Trd, 8638984.412, 108
Trd, 8638984.712, 109
Trd, 8638984.912, 131
Trd, 8638985.579, 128
Trd, 8638985.612, 112
Trd, 8638985.779, 111
Trd, 8638987.079, 137
Trd, 8638987.146, 118
Trd, 8638987.546, 103
Trd, 8638988.046, 135
Trd, 8638988.379, 115
Trd, 8638989.246, 130
Trd, 8638990.512, 96
Trd, 8638990.846, 94
Trd, 8638991.379, 87
Trd, 8638991.546, 86
Trd, 8638991.712, 78
Trd, 8638991.979, 91
Trd, 8638992.279, 76
Trd, 8638992.679, 137
Trd, 8638992.946, 115
Trd, 8638994.112, 127
Trd, 8638994.312, 111
Trd, 8638994.712, 103
Trd, 8638994.879, 98
Trd, 8638995.446, 98
Trd, 8638995.612, 88
Trd, 8638995.979, 86
Trd, 8638997.279, 113
Trd, 8638997.379, 103
Trd, 8638997.446, 100
Trd, 8638997.879, 71
Trd, 8638998.746, 140
Trd, 8638998.879, 106
Trd, 8638999.146, 108
Trd, 8638999.412, 76
Trd, 8639000.446, 82
Trd, 8639000.479, 86
Trd, 8639001.112, 100
Trd, 8639001.179, 71
Trd, 8639001.946, 76
Trd, 8639001.979, 107
Trd, 8639003.046, 62
Trd, 8639003.312, 72
Trd, 8639003.412, 63
Trd, 8639003.879, 101
Trd, 8639004.046, 101
Trd, 8639004.646, 108
Trd, 8639004.779, 102
Trd, 8639005.379, 80
Trd, 8639006.479, 115
Trd, 8639006.746, 112
Trd, 8639007.212, 108
Trd, 8639007.479, 96
Trd, 8639007.846, 69
Trd, 8639008.246, 77
Trd, 8639008.479, 88
Trd, 8639008.879, 95
Trd, 8639008.979, 103
Trd, 8639009.579, 91
Trd, 8639009.946, 67
Trd, 8639010.179, 69
Trd, 8639010.379, 65
Trd, 8639011.279, 62
Trd, 8639011.379, 69
Trd, 8639012.546, 119
Trd, 8639013.112, 136
Trd, 8639013.412, 134
Trd, 8639014.246, 126
Trd, 8639014.312, 122
Trd, 8639014.812, 120
Trd, 8639015.079, 114
Trd, 8639015.146, 102
Trd, 8639015.446, 102
Trd, 8639015.679, 95
Trd, 8639016.279, 84
Trd, 8639017.579, 126
Trd, 8639017.646, 125
Trd, 8639017.679, 83
Trd, 8639018.612, 133
Trd, 8639019.046, 92
Trd, 8639019.346, 93
Trd, 8639019.512, 97
Trd, 8639019.712, 74
Trd, 8639020.212, 86
Trd, 8639022.246, 122
Trd, 8639022.346, 91
Trd, 8639022.612, 113
Trd, 8639023.112, 82
Trd, 8639023.279, 86
Trd, 8639024.146, 75
Trd, 8639025.146, 109
Trd, 8639026.179, 99
Trd, 8639026.246, 103
Trd, 8639026.679, 97
Trd, 8639026.746, 90
Trd, 8639027.312, 86
Trd, 8639027.712, 77
Trd, 8639028.712, 121
Trd, 8639029.279, 95
Trd, 8639029.512, 86
Trd, 8639030.379, 91
Trd, 8639030.479, 78
Trd, 8639030.646, 94
Trd, 8639030.746, 70
Trd, 8639030.812, 115
Trd, 8639031.412, 66
Trd, 8639031.746, 81
Trd, 8639031.946, 91
Trd, 8639032.446, 102
Trd, 8639033.179, 115
Trd, 8639033.846, 105
Trd, 8639034.746, 116
Trd, 8639034.946, 106
Trd, 8639035.079, 99
Trd, 8639035.112, 93
Trd, 8639035.779, 63
Trd, 8639037.579, 106
Trd, 8639038.312, 115
Trd, 8639038.379, 112
Trd, 8639038.512, 100
Trd, 8639038.712, 99
Trd, 8639039.512, 139
Trd, 8639039.946, 122
Trd, 8639040.746, 118
Trd, 8639041.179, 113
Trd, 8639041.312, 99
Trd, 8639041.612, 104
Trd, 8639041.679, 102
Trd, 8639041.979, 92
Trd, 8639042.412, 136
Trd, 8639042.712, 99
Trd, 8639043.112, 124
Trd, 8639043.612, 90
Trd, 8639043.946, 90
Trd, 8639043.979, 75
Trd, 8639044.246, 124
Trd, 8639045.146, 81
Trd, 8639045.546, 102
Trd, 8639045.712, 80
Trd, 8639046.046, 118
Trd, 8639046.646, 90
Trd, 8639047.712, 84
Trd, 8639049.479, 117
Trd, 8639049.512, 108
Trd, 8639050.479, 93
Trd, 8639050.979, 110
Trd, 8639051.246, 92
Trd, 8639051.379, 119
Trd, 8639051.579, 87
Trd, 8639051.946, 84
Trd, 8639051.979, 64
Trd, 8639052.146, 68
Trd, 8639053.779, 137
Trd, 8639054.446, 96
Trd, 8639054.679, 80
Trd, 8639055.379, 132
Trd, 8639055.479, 112
Trd, 8639055.812, 112
Trd, 8639056.279, 121
Trd, 8639056.479, 100
Trd, 8639056.512, 119
Trd, 8639057.579, 126
Trd, 8639058.112, 131
Trd, 8639058.212, 73
Trd, 8639058.446, 100
Trd, 8639058.712, 78
Trd, 8639059.146, 70
Trd, 8639060.046, 137
Trd, 8639060.079, 104
Trd, 8639060.212, 72
Trd, 8639060.479, 66
Trd, 8639060.912, 96
Trd, 8639061.512, 123
Trd, 8639061.979, 84
Trd, 8639062.012, 85
Trd, 8639062.679, 121
Trd, 8639063.012, 85
Trd, 8639063.379, 133
Trd, 8639064.112, 93
Trd, 8639064.646, 92
Trd, 8639065.612, 121
Trd, 8639065.979, 117
Trd, 8639066.146, 97
Trd, 8639066.246, 92
Trd, 8639066.646, 132
Trd, 8639067.679, 125
Trd, 8639068.446, 120
Trd, 8639069.079, 101
Trd, 8639069.212, 88
Trd, 8639069.446, 85
Trd, 8639069.612, 109
Trd, 8639069.679, 84
Trd, 8639069.846, 65
Trd, 8639070.679, 61
Trd, 8639070.712, 77
Trd, 8639071.779, 67
Trd, 8639072.646, 99
Trd, 8639073.412, 129
Trd, 8639074.146, 124
Trd, 8639074.246, 117
Trd, 8639074.412, 105
Trd, 8639074.712, 99
Trd, 8639074.846, 77
Trd, 8639076.479, 115
Trd, 8639076.879, 106
Trd, 8639077.146, 105
Trd, 8639077.479, 120
Trd, 8639077.679, 128
Trd, 8639078.046, 103
Trd, 8639079.646, 121
Trd, 8639079.912, 103
Trd, 8639080.346, 84
Trd, 8639081.012, 139
Trd, 8639081.346, 63
Trd, 8639081.679, 72
Trd, 8639081.912, 66
Trd, 8639082.346, 97
Trd, 8639082.546, 74
Trd, 8639082.746, 65
Trd, 8639083.879, 100
Trd, 8639084.179, 139
Trd, 8639084.679, 106
Trd, 8639085.646, 124
Trd, 8639086.512, 92
Trd, 8639086.679, 97
Trd, 8639086.746, 87
Trd, 8639086.879, 85
Trd, 8639087.312, 94
Trd, 8639087.346, 82
Trd, 8639087.946, 79
Trd, 8639088.379, 126
Trd, 8639089.079, 114
Trd, 8639089.846, 116
Trd, 8639090.712, 101
Trd, 8639090.746, 96
Trd, 8639091.779, 101
Trd, 8639092.046, 91
Trd, 8639092.179, 89
Trd, 8639093.212, 68
Trd, 8639093.279, 77
Trd, 8639093.746, 97
Trd, 8639094.212, 69
Trd, 8639094.512, 71
Trd, 8639095.746, 93
Trd, 8639095.779, 94
Trd, 8639096.046, 89
Trd, 8639096.379, 101
Trd, 8639096.512, 66
Trd, 8639096.746, 116
Trd, 8639097.212, 87
Trd, 8639097.312, 62
Trd, 8639097.512, 99
Trd, 8639097.879, 78
Trd, 8639098.779, 84
Trd, 8639099.646, 125
Trd, 8639100.712, 123
Trd, 8639100.879, 109
Trd, 8639101.312, 103
Trd, 8639101.346, 85
Trd, 8639102.612, 105
Trd, 8639102.846, 131
Trd, 8639103.312, 127
Trd, 8639104.379, 127
Trd, 8639104.546, 116
Trd, 8639104.612, 100
Trd, 8639104.746, 90
Trd, 8639104.779, 89
Trd, 8639105.079, 80
Trd, 8639105.546, 81
Trd, 8639106.712, 112
Trd, 8639107.079, 114
Trd, 8639107.212, 101
Trd, 8639107.579, 107
Trd, 8639107.779, 77
Trd, 8639108.679, 99
Trd, 8639108.779, 98
Trd, 8639108.879, 82
Trd, 8639109.479, 69
Trd, 8639109.946, 68
Trd, 8639110.546, 100
Trd, 8639110.946, 88
Trd, 8639112.046, 99
Trd, 8639112.079, 110
Trd, 8639112.179, 86
Trd, 8639113.112, 98
Trd, 8639113.346, 129
Trd, 8639114.012, 123
Trd, 8639114.146, 107
Trd, 8639114.679, 95
Trd, 8639116.112, 116
Trd, 8639116.646, 99
Trd, 8639116.946, 111
Trd, 8639117.112, 98
Trd, 8639117.246, 91
Trd, 8639117.312, 79
Trd, 8639117.512, 82
Trd, 8639118.379, 95
Trd, 8639118.679, 106
Trd, 8639118.846, 96
Trd, 8639119.112, 120
Trd, 8639120.312, 138
Trd, 8639120.346, 113
Trd, 8639120.979, 130
Trd, 8639122.346, 86
Trd, 8639122.412, 86
Trd, 8639122.846, 130
Trd, 8639123.079, 122
Trd, 8639123.112, 102
Trd, 8639123.246, 133
Trd, 8639124.179, 130
Trd, 8639124.346, 107
Trd, 8639125.012, 103
Trd, 8639125.346, 88
Trd, 8639125.946, 83
Trd, 8639127.579, 105
Trd, 8639127.846, 99
Trd, 8639127.912, 117
Trd, 8639128.279, 122
Trd, 8639128.412, 105
Trd, 8639128.546, 96
Trd, 8639129.279, 86
Trd, 8639129.879, 78
Trd, 8639130.479, 92
Trd, 8639130.946, 82
Trd, 8639131.279, 129
Trd, 8639131.446, 138
Trd, 8639132.412, 92
Trd, 8639132.712, 89
Trd, 8639133.146, 95
Trd, 8639133.446, 88
Trd, 8639133.779, 84
Trd, 8639134.179, 82
Trd, 8639134.679, 94
Trd, 8639136.179, 140
Trd, 8639136.312, 125
Trd, 8639136.479, 119
Trd, 8639136.612, 98
Trd, 8639136.812, 119
Trd, 8639137.479, 84
Trd, 8639138.112, 79
Trd, 8639138.246, 95
Trd, 8639138.512, 76
Trd, 8639138.746, 71
Trd, 8639139.679, 123
Trd, 8639139.712, 91
Trd, 8639140.012, 97
Trd, 8639141.146, 71
Trd, 8639141.212, 82
Trd, 8639141.546, 104
Trd, 8639141.712, 101
Trd, 8639143.346, 89
Trd, 8639143.412, 81
Trd, 8639143.979, 107
Trd, 8639144.046, 79
Trd, 8639144.246, 65
Trd, 8639144.812, 98
Trd, 8639145.479, 107
Trd, 8639146.779, 117
Trd, 8639147.679, 112
Trd, 8639147.879, 103
Trd, 8639148.112, 104
Trd, 8639148.546, 107
Trd, 8639148.612, 103
Trd, 8639148.812, 96
Trd, 8639149.146, 112
Trd, 8639149.412, 105
Trd, 8639149.979, 99
Trd, 8639150.379, 71
Trd, 8639150.779, 61
Trd, 8639151.179, 68
Trd, 8639151.979, 60
Trd, 8639152.212, 94
Trd, 8639153.012, 103
Trd, 8639153.646, 123
Trd, 8639153.779, 108
Trd, 8639153.846, 106
Trd, 8639154.279, 123
Trd, 8639154.512, 133
Trd, 8639154.746, 99
Trd, 8639154.912, 79
Trd, 8639155.112, 79
Trd, 8639156.312, 103
Trd, 8639156.446, 69
Trd, 8639156.646, 75
Trd, 8639157.312, 81
Trd, 8639157.612, 61
Trd, 8639158.346, 71
Trd, 8639158.512, 110
Trd, 8639159.246, 136
Trd, 8639159.446, 128
Trd, 8639159.579, 107
Trd, 8639160.146, 90
Trd, 8639160.512, 92
Trd, 8639160.812, 89
Trd, 8639160.879, 88
Trd, 8639161.746, 90
Trd, 8639162.446, 84
Trd, 8639162.546, 81
Trd, 8639163.079, 92
Trd, 8639163.112, 88
Trd, 8639163.179, 117
Trd, 8639163.546, 132
Trd, 8639164.179, 94
Trd, 8639164.479, 87
Trd, 8639165.246, 115
Trd, 8639165.479, 99
Trd, 8639166.412, 87
Trd, 8639166.646, 76
Trd, 8639166.979, 140
Trd, 8639167.446, 71
Trd, 8639167.912, 62
Trd, 8639168.679, 88
Trd, 8639168.812, 139
Trd, 8639169.512, 97
Trd, 8639169.579, 92
Trd, 8639170.012, 124
Trd, 8639170.846, 99
Trd, 8639171.012, 101
Trd, 8639171.346, 133
Trd, 8639171.712, 90
Trd, 8639172.479, 105
Trd, 8639172.879, 101
Trd, 8639173.246, 98
Trd, 8639173.379, 106
Trd, 8639173.812, 124
Trd, 8639174.412, 83
Trd, 8639176.379, 120
Trd, 8639176.579, 115
Trd, 8639176.646, 111
Trd, 8639176.879, 121
Trd, 8639177.479, 135
Trd, 8639177.646, 107
Trd, 8639178.146, 101
Trd, 8639178.312, 115
Trd, 8639179.412, 112
Trd, 8639179.479, 105
Trd, 8639179.812, 98
Trd, 8639180.046, 81
Trd, 8639180.512, 85
Trd, 8639180.912, 79
Trd, 8639181.312, 88
Trd, 8639182.179, 109
Trd, 8639183.446, 111
Trd, 8639183.579, 105
Trd, 8639183.879, 113
Trd, 8639184.512, 109
Trd, 8639185.412, 135
Trd, 8639185.646, 101
Trd, 8639185.679, 101
Trd, 8639185.979, 101
Trd, 8639186.612, 86
Trd, 8639187.279, 95
Trd, 8639187.312, 82
Trd, 8639187.879, 100
Trd, 8639188.746, 100
Trd, 8639189.012, 117
Trd, 8639189.679, 113
Trd, 8639190.246, 94
Trd, 8639191.046, 67
Trd, 8639191.679, 69
Trd, 8639191.912, 75
Trd, 8639192.246, 67
Trd, 8639192.512, 77
Trd, 8639193.312, 137
Trd, 8639193.546, 96
Trd, 8639193.912, 76
Trd, 8639194.546, 137
Trd, 8639195.212, 118
Trd, 8639195.512, 114
Trd, 8639196.979, 101
Trd, 8639197.846, 104
Trd, 8639198.046, 91
Trd, 8639198.212, 90
Trd, 8639198.446, 90
Trd, 8639198.546, 120
Trd, 8639199.346, 91
Trd, 8639199.812, 91
Trd, 8639199.979, 88
Trd, 8639200.712, 93
Trd, 8639200.746, 88
Trd, 8639200.912, 84
Trd, 8639201.246, 69
Trd, 8639201.312, 89
Trd, 8639201.946, 115
Trd, 8639202.446, 73
Trd, 8639202.846, 104
Trd, 8639202.912, 87
Trd, 8639203.812, 90
Trd, 8639204.279, 113
Trd, 8639204.946, 75
Trd, 8639205.679, 81
Trd, 8639206.079, 72
Trd, 8639206.146, 87
Trd, 8639206.646, 81
Trd, 8639207.046, 86
Trd, 8639207.312, 105
Trd, 8639207.746, 126
Trd, 8639208.279, 134
Trd, 8639208.812, 113
Trd, 8639209.079, 117
Trd, 8639209.346, 112
Trd, 8639210.079, 98
Trd, 8639210.746, 138
Trd, 8639210.879, 96
Trd, 8639212.212, 111
Trd, 8639212.346, 96
Trd, 8639212.712, 95
Trd, 8639212.912, 98
Trd, 8639213.212, 88
Trd, 8639213.446, 85
Trd, 8639213.912, 108
Trd, 8639214.212, 108
Trd, 8639214.412, 81
Trd, 8639214.746, 90
Trd, 8639215.579, 87
Trd, 8639215.812, 70
Trd, 8639216.112, 63
Trd, 8639216.446, 66
Trd, 8639216.746, 124
Trd, 8639217.712, 72
Trd, 8639218.246, 62
Trd, 8639218.879, 63
Trd, 8639219.546, 83
Trd, 8639219.579, 119
Trd, 8639219.679, 83
Trd, 8639220.179, 85
Trd, 8639221.146, 83
Trd, 8639221.346, 82
Trd, 8639221.646, 111
Trd, 8639222.279, 103
Trd, 8639223.212, 108
Trd, 8639223.546, 111
Trd, 8639224.279, 107
Trd, 8639224.812, 101
Trd, 8639225.012, 101
Trd, 8639225.846, 117
Trd, 8639225.912, 106
Trd, 8639226.146, 100
Trd, 8639226.246, 98
Trd, 8639226.646, 84
Trd, 8639227.846, 126
Trd, 8639228.179, 123
Trd, 8639228.346, 116
Trd, 8639228.579, 109
Trd, 8639228.612, 107
Trd, 8639229.112, 92
Trd, 8639230.246, 120
Trd, 8639230.546, 115
Trd, 8639231.279, 129
Trd, 8639231.479, 112
Trd, 8639231.612, 111
Trd, 8639232.279, 133
Trd, 8639232.412, 116
Trd, 8639232.646, 101
Trd, 8639233.179, 128
Trd, 8639233.912, 102
Trd, 8639234.846, 107
Trd, 8639235.046, 100
Trd, 8639235.446, 78
Trd, 8639236.012, 72
Trd, 8639236.079, 102
Trd, 8639236.379, 118
Trd, 8639237.212, 127
Trd, 8639238.079, 103
Trd, 8639238.479, 93
Trd, 8639238.646, 87
Trd, 8639238.979, 79
Trd, 8639239.046, 79
Trd, 8639239.479, 74
Trd, 8639240.179, 104
Trd, 8639240.546, 76
Trd, 8639240.812, 80
Trd, 8639241.546, 105
Trd, 8639241.879, 136
Trd, 8639242.012, 102
Trd, 8639242.079, 93
Trd, 8639242.279, 84
Trd, 8639243.079, 126
Trd, 8639243.179, 116
Trd, 8639244.112, 93
Trd, 8639244.346, 90
Trd, 8639245.279, 62
Trd, 8639245.412, 60
Trd, 8639245.612, 66
Trd, 8639245.679, 86
Trd, 8639245.779, 95
Trd, 8639246.046, 122
Trd, 8639246.412, 73
Trd, 8639246.546, 99
Trd, 8639247.112, 106
Trd, 8639248.512, 104
Trd, 8639248.712, 89
Trd, 8639248.912, 88
Trd, 8639249.246, 87
Trd, 8639249.512, 111
Trd, 8639250.579, 86
Trd, 8639250.946, 82
Trd, 8639251.312, 81
Trd, 8639252.246, 86
Trd, 8639253.512, 103
Trd, 8639253.579, 105
Trd, 8639253.779, 90
Trd, 8639254.379, 109
Trd, 8639254.946, 123
Trd, 8639255.212, 120
Trd, 8639255.779, 114
Trd, 8639255.846, 113
Trd, 8639256.179, 109
Trd, 8639256.446, 127
Trd, 8639256.746, 106
Trd, 8639257.112, 99
Trd, 8639257.146, 91
Trd, 8639257.846, 104
Trd, 8639257.946, 78
Trd, 8639258.546, 74
Trd, 8639258.579, 116
Trd, 8639259.179, 63
Trd, 8639259.379, 72
Trd, 8639259.979, 128
Trd, 8639260.412, 66
Trd, 8639260.912, 64
Trd, 8639260.979, 79
Trd, 8639261.212, 126
Trd, 8639262.246, 127
Trd, 8639262.379, 112
Trd, 8639262.712, 104
Trd, 8639263.079, 105
Trd, 8639264.112, 112
Trd, 8639265.146, 126
Trd, 8639265.279, 105
Trd, 8639265.846, 92
Trd, 8639266.012, 92
Trd, 8639266.346, 99
Trd, 8639267.112, 101
Trd, 8639267.279, 75
Trd, 8639267.579, 75
Trd, 8639268.079, 133
Trd, 8639268.179, 122
Trd, 8639268.212, 93
Trd, 8639268.546, 85
Trd, 8639268.646, 64
Trd, 8639269.512, 105
Trd, 8639270.079, 92
Trd, 8639270.112, 87
Trd, 8639270.146, 72
Trd, 8639270.546, 107
Trd, 8639271.279, 117
Trd, 8639271.579, 99
Trd, 8639272.346, 66
Trd, 8639272.812, 66
Trd, 8639274.112, 107
Trd, 8639274.146, 86
Trd, 8639274.379, 86
Trd, 8639274.412, 111
Trd, 8639274.679, 94
Trd, 8639275.646, 119
Trd, 8639275.712, 115
Trd, 8639276.512, 111
Trd, 8639276.846, 102
Trd, 8639277.246, 102
Trd, 8639277.579, 94
Trd, 8639277.612, 88
Trd, 8639277.679, 86
Trd, 8639278.312, 116
Trd, 8639279.079, 102
Trd, 8639279.146, 87
Trd, 8639279.579, 102
Trd, 8639279.946, 76
Trd, 8639280.379, 85
Trd, 8639280.946, 105
Trd, 8639281.212, 124
Trd, 8639281.546, 104
Trd, 8639281.579, 81
Trd, 8639282.679, 97
Trd, 8639283.246, 88
Trd, 8639283.412, 100
Trd, 8639283.546, 77
Trd, 8639283.946, 130
Trd, 8639284.212, 118
Trd, 8639284.712, 109
Trd, 8639285.112, 88
Trd, 8639286.679, 101
Trd, 8639287.212, 92
Trd, 8639287.546, 105
Trd, 8639287.712, 86
Trd, 8639288.112, 82
Trd, 8639288.446, 131
Trd, 8639288.812, 97
Trd, 8639288.946, 124
Trd, 8639289.646, 95
Trd, 8639289.712, 94
Trd, 8639290.512, 80
Trd, 8639290.846, 75
Trd, 8639291.412, 87
Trd, 8639291.646, 75
Trd, 8639292.312, 62
Trd, 8639292.979, 106
Trd, 8639293.212, 93
Trd, 8639293.279, 89
Trd, 8639293.412, 84
Trd, 8639294.112, 69
Trd, 8639294.846, 113
Trd, 8639295.846, 98
Trd, 8639295.879, 97
Trd, 8639296.012, 95
Trd, 8639297.246, 91
Trd, 8639297.646, 121
Trd, 8639298.179, 136
Trd, 8639298.346, 107
Trd, 8639298.846, 124
Trd, 8639298.946, 118
Trd, 8639299.312, 106
Trd, 8639299.446, 103
Trd, 8639299.512, 103
Trd, 8639299.912, 117
Trd, 8639300.246, 89
Trd, 8639300.379, 103
Trd, 8639300.446, 82
Trd, 8639301.446, 90
Trd, 8639301.946, 73
Trd, 8639302.446, 76
Trd, 8639303.279, 79
Trd, 8639303.646, 96
Trd, 8639304.012, 90
Trd, 8639304.046, 90
Trd, 8639304.279, 131
Trd, 8639304.812, 123
Trd, 8639305.479, 124
Trd, 8639305.546, 115
Trd, 8639305.612, 110
Trd, 8639305.846, 136
Trd, 8639306.446, 119
Trd, 8639306.712, 100
Trd, 8639307.979, 66
Trd, 8639308.912, 70
Trd, 8639308.946, 92
Trd, 8639309.579, 137
Trd, 8639310.079, 60
Trd, 8639310.279, 65
Trd, 8639310.412, 78
Trd, 8639310.912, 86
Trd, 8639311.846, 105
Trd, 8639312.312, 137
Trd, 8639312.479, 131
Trd, 8639312.679, 115
Trd, 8639313.279, 103
Trd, 8639313.546, 97
Trd, 8639313.912, 86
Trd, 8639315.012, 76
Trd, 8639315.046, 82
Trd, 8639315.546, 71
Trd, 8639316.012, 88
Trd, 8639316.812, 96
Trd, 8639317.846, 97
Trd, 8639318.546, 96
Trd, 8639319.446, 83
Trd, 8639319.479, 96
Trd, 8639319.912, 72
Trd, 8639320.312, 113
Trd, 8639320.612, 81
Trd, 8639321.112, 79
Trd, 8639321.912, 86
Trd, 8639321.979, 86
Trd, 8639322.146, 94
Trd, 8639322.479, 90
Trd, 8639322.646, 83
Trd, 8639323.279, 101
Trd, 8639324.879, 119
Trd, 8639325.112, 108
Trd, 8639325.679, 106
Trd, 8639325.879, 105
Trd, 8639325.979, 103
Trd, 8639326.312, 100
Trd, 8639326.479, 75
Trd, 8639327.646, 78
Trd, 8639327.846, 74
Trd, 8639328.146, 103
Trd, 8639328.879, 110
Trd, 8639329.079, 139
Trd, 8639329.412, 115
Trd, 8639329.579, 111
Trd, 8639329.646, 101
Trd, 8639330.246, 100
Trd, 8639330.879, 94
Trd, 8639331.646, 85
Trd, 8639331.846, 103
Trd, 8639332.312, 79
Trd, 8639332.546, 118
Trd, 8639333.546, 113
Trd, 8639333.812, 71
Trd, 8639334.179, 116
Trd, 8639334.412, 64
Trd, 8639335.212, 128
Trd, 8639336.046, 99
Trd, 8639336.379, 124
Trd, 8639336.446, 105
Trd, 8639337.079, 89
Trd, 8639337.512, 113
Trd, 8639338.146, 111
Trd, 8639339.846, 113
Trd, 8639340.012, 114
Trd, 8639340.146, 107
Trd, 8639340.179, 96
Trd, 8639341.046, 103
Trd, 8639341.112, 79
Trd, 8639342.279, 92
Trd, 8639342.346, 109
Trd, 8639342.646, 81
Trd, 8639343.479, 98
Trd, 8639343.846, 119
Trd, 8639344.046, 111
Trd, 8639344.379, 102
Trd, 8639345.012, 109
Trd, 8639345.679, 98
Trd, 8639345.912, 115
Trd, 8639346.046, 121
Trd, 8639346.446, 87
Trd, 8639346.479, 69
Trd, 8639347.379, 65
Trd, 8639347.679, 66
Trd, 8639347.712, 68
Trd, 8639348.079, 97
Trd, 8639350.146, 129
Trd, 8639350.512, 96
Trd, 8639350.646, 96
Trd, 8639350.946, 77
Trd, 8639351.146, 108
Trd, 8639351.446, 102
Trd, 8639351.912, 95
Trd, 8639352.112, 92
Trd, 8639354.079, 104
Trd, 8639354.346, 97
Trd, 8639354.479, 87
Trd, 8639354.546, 112
Trd, 8639354.712, 140
Trd, 8639354.746, 129
Trd, 8639354.879, 76
Trd, 8639355.679, 65
Trd, 8639356.446, 124
Trd, 8639357.112, 111
Trd, 8639358.279, 111
Trd, 8639358.312, 102
Trd, 8639358.612, 99
Trd, 8639358.679, 86
Trd, 8639358.946, 94
Trd, 8639359.512, 68
Trd, 8639360.379, 83
Trd, 8639360.846, 77
Trd, 8639361.046, 105
Trd, 8639361.179, 79
Trd, 8639362.112, 77
Trd, 8639362.412, 74
Trd, 8639362.912, 136
Trd, 8639363.879, 105
Trd, 8639364.246, 136
Trd, 8639364.479, 138
Trd, 8639364.712, 110
Trd, 8639365.112, 102
Trd, 8639365.279, 96
Trd, 8639365.812, 98
Trd, 8639365.846, 90
Trd, 8639366.112, 85
Trd, 8639367.179, 118
Trd, 8639367.412, 80
Trd, 8639367.479, 78
Trd, 8639368.279, 60
Trd, 8639368.879, 62
Trd, 8639369.279, 87
Trd, 8639369.746, 138
Trd, 8639370.779, 120
Trd, 8639371.646, 124
Trd, 8639372.012, 120
Trd, 8639372.212, 120
Trd, 8639372.379, 93
Trd, 8639372.679, 124
Trd, 8639372.712, 115
Trd, 8639372.946, 94
Trd, 8639373.712, 92
Trd, 8639374.012, 94
Trd, 8639374.212, 105
Trd, 8639374.646, 89
Trd, 8639375.279, 104
Trd, 8639375.346, 98
Trd, 8639376.746, 129
Trd, 8639377.046, 129
Trd, 8639377.279, 128
Trd, 8639377.612, 115
Trd, 8639377.679, 98
Trd, 8639378.246, 64
Trd, 8639378.446, 75
Trd, 8639378.946, 78
Trd, 8639379.479, 112
Trd, 8639380.746, 101
Trd, 8639381.346, 126
Trd, 8639382.079, 100
Trd, 8639382.646, 84
Trd, 8639383.012, 117
Trd, 8639383.079, 117
Trd, 8639384.012, 112
Trd, 8639384.346, 109
Trd, 8639384.546, 92
Trd, 8639384.579, 86
Trd, 8639384.946, 115
Trd, 8639385.046, 117
Trd, 8639385.379, 78
Trd, 8639385.412, 73
Trd, 8639385.912, 97
Trd, 8639386.012, 71
Trd, 8639386.312, 71
Trd, 8639387.346, 84
Trd, 8639387.679, 88
Trd, 8639388.846, 96
Trd, 8639389.112, 116
Trd, 8639389.212, 112
Trd, 8639389.246, 94
Trd, 8639389.746, 92
Trd, 8639390.346, 140
Trd, 8639391.146, 128
Trd, 8639391.512, 107
Trd, 8639392.312, 103
Trd, 8639392.779, 128
Trd, 8639393.012, 94
Trd, 8639393.246, 99
Trd, 8639393.379, 101
Trd, 8639393.646, 93
Trd, 8639394.012, 101
Trd, 8639394.979, 104
Trd, 8639396.179, 113
Trd, 8639396.246, 110
Trd, 8639396.279, 108
Trd, 8639396.379, 102
Trd, 8639396.512, 102
Trd, 8639396.812, 89
Trd, 8639397.212, 66
Trd, 8639397.279, 68
Trd, 8639397.912, 86
Trd, 8639397.979, 96
Trd, 8639398.746, 62
Trd, 8639399.446, 68
Trd, 8639400.279, 112
Trd, 8639401.279, 137
Trd, 8639401.712, 134
Trd, 8639401.812, 118
Trd, 8639402.112, 123
Trd, 8639402.146, 113
Trd, 8639402.546, 106
Trd, 8639402.646, 95
Trd, 8639403.479, 134
Trd, 8639403.512, 129
Trd, 8639403.879, 85
Trd, 8639403.946, 100
Trd, 8639404.779, 129
Trd, 8639405.879, 118
Trd, 8639406.646, 116
Trd, 8639406.812, 117
Trd, 8639407.346, 106
Trd, 8639407.546, 101
Trd, 8639407.612, 96
Trd, 8639407.679, 86
Trd, 8639408.646, 95
Trd, 8639408.679, 72
Trd, 8639408.779, 88
Trd, 8639409.879, 97
Trd, 8639409.946, 87
Trd, 8639410.112, 68
Trd, 8639410.612, 95
Trd, 8639411.546, 132
Trd, 8639412.079, 128
Trd, 8639412.746, 116
Trd, 8639413.212, 112
Trd, 8639413.412, 112
Trd, 8639414.046, 140
Trd, 8639414.679, 107
Trd, 8639415.146, 97
Trd, 8639415.346, 94
Trd, 8639415.979, 114
Trd, 8639416.279, 90
Trd, 8639416.579, 72
Trd, 8639417.746, 99
Trd, 8639418.079, 60
Trd, 8639418.579, 65
Trd, 8639418.912, 67
Trd, 8639418.979, 70
Trd, 8639419.679, 62
Trd, 8639419.712, 65
Trd, 8639420.379, 85
Trd, 8639421.246, 106
Trd, 8639421.479, 100
Trd, 8639422.246, 82
Trd, 8639422.412, 81
Trd, 8639422.446, 84
Trd, 8639423.446, 130
Trd, 8639423.712, 82
Trd, 8639423.879, 67
Trd, 8639424.812, 65
Trd, 8639424.846, 73
Trd, 8639424.879, 85
Trd, 8639425.346, 60
Trd, 8639425.546, 67
Trd, 8639426.512, 73
Trd, 8639426.679, 68
Trd, 8639427.579, 89
Trd, 8639427.946, 129
Trd, 8639428.346, 86
Trd, 8639428.979, 108
Trd, 8639429.246, 132
Trd, 8639429.646, 95
Trd, 8639429.912, 91
Trd, 8639430.412, 120
Trd, 8639430.679, 97
Trd, 8639432.012, 131
Trd, 8639432.312, 129
Trd, 8639432.646, 126
Trd, 8639432.879, 119
Trd, 8639433.312, 99
Trd, 8639433.646, 129
Trd, 8639433.746, 100
Trd, 8639434.479, 99
Trd, 8639434.846, 105
Trd, 8639435.012, 123
Trd, 8639435.646, 130
Trd, 8639435.946, 105
Trd, 8639436.246, 101
Trd, 8639437.046, 120
Trd, 8639438.212, 101
Trd, 8639438.312, 100
Trd, 8639438.946, 102
Trd, 8639439.212, 125
Trd, 8639439.279, 99
Trd, 8639439.779, 92
Trd, 8639439.879, 85
Trd, 8639440.479, 71
Trd, 8639441.312, 102
Trd, 8639441.446, 107
Trd, 8639442.179, 138
Trd, 8639442.346, 137
Trd, 8639443.879, 131
Trd, 8639444.046, 115
Trd, 8639444.379, 128
Trd, 8639444.512, 123
Trd, 8639444.646, 115
Trd, 8639444.812, 107
Trd, 8639445.879, 119
Trd, 8639446.412, 103
Trd, 8639446.679, 108
Trd, 8639446.779, 97
Trd, 8639447.712, 95
Trd, 8639447.846, 100
Trd, 8639447.946, 86
Trd, 8639447.979, 86
Trd, 8639448.079, 87
Trd, 8639448.646, 112
Trd, 8639449.279, 89
Trd, 8639449.379, 85
Trd, 8639450.246, 109
Trd, 8639450.446, 73
Trd, 8639451.579, 104
Trd, 8639451.846, 88
Trd, 8639452.279, 109
Trd, 8639452.746, 81
Trd, 8639453.079, 88
Trd, 8639453.246, 82
Trd, 8639453.312, 81
Trd, 8639454.246, 126
Trd, 8639454.912, 129
Trd, 8639455.346, 107
Trd, 8639455.746, 104
Trd, 8639455.846, 106
Trd, 8639457.279, 123
Trd, 8639457.579, 105
Trd, 8639457.879, 92
Trd, 8639457.946, 97
Trd, 8639458.079, 91
Trd, 8639458.279, 130
Trd, 8639458.879, 122
Trd, 8639459.279, 124
Trd, 8639459.579, 121
Trd, 8639460.046, 128
Trd, 8639461.079, 121
Trd, 8639461.646, 117
Trd, 8639461.946, 96
Trd, 8639462.046, 93
Trd, 8639462.146, 76
Trd, 8639463.646, 123
Trd, 8639463.812, 115
Trd, 8639464.146, 112
Trd, 8639464.279, 105
Trd, 8639464.612, 95
Trd, 8639464.779, 82
Trd, 8639465.279, 123
Trd, 8639465.846, 79
Trd, 8639466.479, 65
Trd, 8639466.946, 115
Trd, 8639466.979, 114
Trd, 8639467.012, 105
Trd, 8639467.479, 97
Trd, 8639467.646, 131
Trd, 8639468.446, 110
Trd, 8639468.746, 92
Trd, 8639469.879, 85
Trd, 8639470.079, 82
Trd, 8639470.912, 102
Trd, 8639471.279, 91
Trd, 8639471.512, 110
Trd, 8639472.046, 89
Trd, 8639472.412, 131
Trd, 8639473.312, 137
Trd, 8639473.746, 121
Trd, 8639473.879, 115
Trd, 8639474.212, 113
Trd, 8639475.412, 125
Trd, 8639475.479, 100
Trd, 8639476.312, 92
Trd, 8639476.379, 87
Trd, 8639477.279, 84
Trd, 8639477.846, 112
Trd, 8639477.879, 112
Trd, 8639478.212, 113
Trd, 8639478.612, 125
Trd, 8639479.012, 93
Trd, 8639479.146, 75
Trd, 8639479.179, 74
Trd, 8639479.812, 123
Trd, 8639480.012, 117
Trd, 8639480.846, 103
Trd, 8639480.912, 100
Trd, 8639481.746, 94
Trd, 8639481.812, 78
Trd, 8639482.212, 65
Trd, 8639482.346, 83
Trd, 8639482.646, 81
Trd, 8639483.079, 75
Trd, 8639484.912, 120
Trd, 8639485.812, 96
Trd, 8639486.112, 109
Trd, 8639486.379, 92
Trd, 8639486.779, 120
Trd, 8639487.079, 89
Trd, 8639488.112, 75
Trd, 8639488.546, 121
Trd, 8639488.912, 103
Trd, 8639489.346, 64
Trd, 8639489.379, 68
Trd, 8639490.279, 80
Trd, 8639490.879, 114
Trd, 8639491.012, 81
Trd, 8639491.179, 79
Trd, 8639491.512, 101
Trd, 8639491.612, 64
Trd, 8639491.646, 115
Trd, 8639492.679, 70
Trd, 8639493.879, 129
Trd, 8639494.546, 104
Trd, 8639495.012, 122
Trd, 8639495.046, 107
Trd, 8639495.812, 102
Trd, 8639496.346, 94
Trd, 8639496.979, 124
Trd, 8639497.546, 81
Trd, 8639497.879, 82
Trd, 8639498.579, 121
Trd, 8639499.012, 106
Trd, 8639499.612, 103
Trd, 8639499.779, 98
Trd, 8639500.179, 132
Trd, 8639500.212, 114
Trd, 8639500.346, 93
Trd, 8639501.046, 113
Trd, 8639501.312, 99
Trd, 8639501.479, 134
Trd, 8639501.912, 62
Trd, 8639502.179, 125
Trd, 8639502.579, 74
Trd, 8639502.679, 106
Trd, 8639503.546, 62
Trd, 8639504.779, 65
Trd, 8639505.112, 115
Trd, 8639505.679, 106
Trd, 8639505.746, 92
Trd, 8639506.879, 72
Trd, 8639506.946, 108
Trd, 8639507.579, 62
Trd, 8639508.046, 66
Trd, 8639508.246, 61
Trd, 8639508.412, 91
Trd, 8639509.446, 69
Trd, 8639509.612, 103
Trd, 8639509.846, 110
Trd, 8639510.946, 94
Trd, 8639511.479, 73
Trd, 8639511.979, 70
Trd, 8639512.146, 62
Trd, 8639512.179, 62
Trd, 8639512.612, 76
Trd, 8639513.112, 71
Trd, 8639514.146, 82
Trd, 8639514.212, 74
Trd, 8639514.879, 100
Trd, 8639515.379, 94
Trd, 8639515.446, 76
Trd, 8639515.646, 132
Trd, 8639516.279, 79
Trd, 8639516.912, 86
Trd, 8639517.279, 75
Trd, 8639517.412, 75
Trd, 8639517.946, 73
Trd, 8639518.046, 104
Trd, 8639518.479, 103
Trd, 8639518.646, 78
Trd, 8639518.846, 61
Trd, 8639519.746, 63
Trd, 8639520.046, 70
Trd, 8639521.146, 118
Trd, 8639522.512, 88
Trd, 8639522.712, 93
Trd, 8639523.179, 99
Trd, 8639523.446, 109
Trd, 8639523.612, 115
Trd, 8639524.012, 106
Trd, 8639524.846, 135
Trd, 8639525.812, 112
Trd, 8639526.012, 102
Trd, 8639526.379, 101
Trd, 8639526.579, 117
Trd, 8639526.746, 89
Trd, 8639527.212, 87
Trd, 8639527.279, 81
Trd, 8639528.012, 95
Trd, 8639528.479, 96
Trd, 8639528.979, 115
Trd, 8639529.312, 128
Trd, 8639529.346, 102
Trd, 8639530.146, 91
Trd, 8639531.312, 108
Trd, 8639531.679, 105
Trd, 8639531.879, 95
Trd, 8639532.146, 90
Trd, 8639532.346, 73
Trd, 8639532.879, 75
Trd, 8639532.912, 74
Trd, 8639533.279, 83
Trd, 8639533.546, 73
Trd, 8639534.046, 75
Trd, 8639534.279, 86
Trd, 8639534.412, 115
Trd, 8639536.012, 109
Trd, 8639536.112, 105
Trd, 8639536.546, 94
Trd, 8639536.912, 124
Trd, 8639537.012, 87
Trd, 8639537.179, 140
Trd, 8639537.646, 85
Trd, 8639538.846, 113
Trd, 8639538.879, 94
Trd, 8639539.712, 138
Trd, 8639540.046, 127
Trd, 8639540.846, 113
Trd, 8639541.246, 93
Trd, 8639541.479, 78
Trd, 8639542.846, 104
Trd, 8639543.146, 97
Trd, 8639543.212, 86
Trd, 8639543.546, 106
Trd, 8639543.712, 97
Trd, 8639545.012, 72
Trd, 8639545.146, 80
Trd, 8639545.246, 92
Trd, 8639545.679, 108
Trd, 8639545.979, 79
Trd, 8639546.346, 102
Trd, 8639546.979, 86
Trd, 8639547.612, 87
Trd, 8639548.246, 130
Trd, 8639548.946, 129
Trd, 8639549.312, 125
Trd, 8639549.679, 119
Trd, 8639549.912, 99
Trd, 8639550.079, 95
Trd, 8639550.312, 92
Trd, 8639551.246, 107
Trd, 8639551.912, 111
Trd, 8639552.046, 106
Trd, 8639552.412, 105
Trd, 8639553.646, 106
Trd, 8639553.812, 96
Trd, 8639554.212, 89
Trd, 8639554.546, 93
Trd, 8639554.779, 110
Trd, 8639555.079, 117
Trd, 8639556.679, 98
Trd, 8639557.212, 103
Trd, 8639557.812, 139
Trd, 8639558.079, 126
Trd, 8639558.479, 124
Trd, 8639558.579, 107
Trd, 8639558.779, 97
Trd, 8639559.512, 115
Trd, 8639559.612, 101
Trd, 8639560.679, 114
Trd, 8639560.879, 97
Trd, 8639560.912, 89
Trd, 8639561.179, 133
Trd, 8639561.679, 92
Trd, 8639562.446, 116
Trd, 8639562.646, 94
Trd, 8639562.912, 103
Trd, 8639563.212, 92
Trd, 8639563.479, 86
Trd, 8639564.046, 125
Trd, 8639564.146, 106
Trd, 8639565.312, 104
Trd, 8639565.579, 102
Trd, 8639566.046, 95
Trd, 8639566.079, 115
Trd, 8639567.246, 89
Trd, 8639567.912, 77
Trd, 8639568.346, 78
Trd, 8639568.779, 63
Trd, 8639568.946, 119
Trd, 8639569.646, 134
Trd, 8639570.012, 103
Trd, 8639570.712, 130
Trd, 8639570.946, 137
Trd, 8639571.246, 112
Trd, 8639571.446, 102
Trd, 8639571.479, 94
Trd, 8639572.346, 119
Trd, 8639572.746, 118
Trd, 8639572.979, 114
Trd, 8639573.512, 120
Trd, 8639573.646, 115
Trd, 8639574.279, 101
Trd, 8639575.179, 99
Trd, 8639575.312, 86
Trd, 8639576.212, 73
Trd, 8639577.312, 82
Trd, 8639577.646, 118
Trd, 8639577.779, 96
Trd, 8639577.946, 101
Trd, 8639578.179, 63
Trd, 8639578.946, 85
Trd, 8639579.646, 127
Trd, 8639579.812, 124
Trd, 8639579.912, 121
Trd, 8639580.546, 95
Trd, 8639581.279, 78
Trd, 8639582.446, 69
Trd, 8639582.812, 107
Trd, 8639583.179, 108
Trd, 8639583.379, 86
Trd, 8639583.446, 118
Trd, 8639583.979, 117
Trd, 8639584.579, 100
Trd, 8639584.712, 104
Trd, 8639584.746, 76
Trd, 8639585.746, 66
Trd, 8639586.112, 79
Trd, 8639586.146, 62
Trd, 8639586.312, 107
Trd, 8639587.246, 85
Trd, 8639587.679, 71
Trd, 8639587.946, 131
Trd, 8639589.146, 134
Trd, 8639589.379, 111
Trd, 8639590.112, 116
Trd, 8639590.779, 105
Trd, 8639591.046, 98
Trd, 8639591.346, 103
Trd, 8639591.479, 99
Trd, 8639591.946, 123
Trd, 8639593.379, 106
Trd, 8639593.546, 96
Trd, 8639593.712, 92
Trd, 8639593.746, 91
Trd, 8639594.846, 66
Trd, 8639595.112, 61
Trd, 8639595.146, 64
Trd, 8639596.079, 70
Trd, 8639596.746, 85
Trd, 8639597.179, 89
Trd, 8639597.546, 89
Trd, 8639597.779, 67
Trd, 8639598.279, 100
Trd, 8639598.979, 71
Trd, 8639599.046, 74
Trd, 8639599.412, 92
Trd, 8639599.579, 88
Trd, 8639599.979, 85
Trd, 8639600.412, 83
Trd, 8639600.912, 137
Trd, 8639602.246, 96
Trd, 8639602.379, 83
Trd, 8639603.546, 115
Trd, 8639603.879, 109
Trd, 8639604.179, 108
Trd, 8639605.146, 87
Trd, 8639605.679, 96
Trd, 8639605.712, 77
Trd, 8639606.046, 104
Trd, 8639606.612, 130
Trd, 8639606.746, 109
Trd, 8639607.512, 133
Trd, 8639607.679, 112
Trd, 8639607.979, 131
Trd, 8639608.279, 106
Trd, 8639608.646, 127
Trd, 8639608.846, 115
Trd, 8639608.912, 105
Trd, 8639609.746, 100
Trd, 8639609.812, 70
Trd, 8639610.479, 94
Trd, 8639610.746, 69
Trd, 8639611.246, 118
Trd, 8639611.446, 93
Trd, 8639612.279, 124
Trd, 8639612.912, 76
Trd, 8639613.679, 90
Trd, 8639614.312, 113
Trd, 8639614.812, 95
Trd, 8639615.412, 122
Trd, 8639615.812, 106
Trd, 8639616.112, 99
Trd, 8639616.812, 125
Trd, 8639617.212, 119
Trd, 8639618.112, 88
Trd, 8639618.379, 83
Trd, 8639618.546, 77
Trd, 8639619.246, 93
Trd, 8639619.412, 99
Trd, 8639620.512, 118
Trd, 8639621.146, 88
Trd, 8639621.579, 95
Trd, 8639621.912, 90
Trd, 8639622.246, 88
Trd, 8639622.979, 116
Trd, 8639623.279, 137
Trd, 8639623.379, 105
Trd, 8639623.912, 105
Trd, 8639624.012, 95
Trd, 8639624.046, 92
Trd, 8639624.846, 83
Trd, 8639624.979, 80
Trd, 8639626.312, 78
Trd, 8639626.546, 101
Trd, 8639626.979, 101
Trd, 8639627.212, 95
Trd, 8639627.846, 97
Trd, 8639628.079, 94
Trd, 8639628.279, 107
Trd, 8639628.712, 92
Trd, 8639629.346, 138
Trd, 8639629.612, 127
Trd, 8639629.746, 118
Trd, 8639630.612, 130
Trd, 8639630.946, 99
Trd, 8639631.546, 114
Trd, 8639631.679, 110
Trd, 8639631.912, 97
Trd, 8639632.446, 117
Trd, 8639632.612, 127
Trd, 8639633.279, 131
Trd, 8639633.812, 117
Trd, 8639634.246, 105
Trd, 8639634.312, 81
Trd, 8639634.846, 104
Trd, 8639635.612, 105
Trd, 8639635.779, 103
Trd, 8639636.679, 140
Trd, 8639637.412, 122
Trd, 8639637.446, 117
Trd, 8639638.079, 131
Trd, 8639638.579, 111
Trd, 8639638.979, 103
Trd, 8639639.112, 82
Trd, 8639639.646, 118
Trd, 8639639.879, 72
Trd, 8639640.512, 69
Trd, 8639640.979, 90
Trd, 8639641.112, 77
Trd, 8639641.412, 68
Trd, 8639642.079, 100
Trd, 8639642.512, 92
Trd, 8639642.679, 107
Trd, 8639642.812, 111
Trd, 8639643.012, 100
Trd, 8639644.212, 85
Trd, 8639644.479, 122
Trd, 8639644.812, 128
Trd, 8639644.912, 86
Trd, 8639645.012, 119
Trd, 8639646.846, 124
Trd, 8639646.946, 117
Trd, 8639647.079, 109
Trd, 8639647.379, 96
Trd, 8639647.812, 94
Trd, 8639648.446, 98
Trd, 8639648.912, 87
Trd, 8639649.212, 65
Trd, 8639649.446, 77
Trd, 8639649.979, 122
Trd, 8639650.179, 132
Trd, 8639650.546, 68
Trd, 8639650.946, 62
Trd, 8639651.179, 62
Trd, 8639651.879, 66
Trd, 8639652.312, 68
Trd, 8639652.379, 116
Trd, 8639653.346, 79
Trd, 8639653.412, 77
Trd, 8639653.879, 66
Trd, 8639653.946, 115
Trd, 8639654.012, 64
Trd, 8639654.346, 108
Trd, 8639654.379, 60
Trd, 8639655.912, 97
Trd, 8639656.446, 111
Trd, 8639656.779, 106
Trd, 8639656.912, 102
Trd, 8639657.346, 77
Trd, 8639658.346, 62
Trd, 8639658.512, 64
Trd, 8639658.712, 61
Trd, 8639659.112, 103
Trd, 8639660.246, 83
Trd, 8639660.712, 76
Trd, 8639661.646, 86
Trd, 8639661.846, 105
Trd, 8639661.912, 80
Trd, 8639662.212, 89
Trd, 8639662.646, 72
Trd, 8639663.246, 67
Trd, 8639663.612, 77
Trd, 8639664.946, 84
Trd, 8639665.479, 79
Trd, 8639665.912, 100
Trd, 8639666.046, 135
Trd, 8639666.479, 61
Trd, 8639667.246, 137
Trd, 8639667.512, 130
Trd, 8639668.112, 119
Trd, 8639668.412, 116
Trd, 8639668.946, 115
Trd, 8639669.312, 101
Trd, 8639669.746, 100
Trd, 8639669.979, 100
Trd, 8639670.446, 114
Trd, 8639670.579, 104
Trd, 8639670.779, 102
Trd, 8639670.979, 104
Trd, 8639671.979, 78
Trd, 8639672.179, 67
Trd, 8639672.412, 129
Trd, 8639673.746, 97
Trd, 8639673.912, 86
Trd, 8639674.079, 85
Trd, 8639675.046, 88
Trd, 8639675.946, 80
Trd, 8639676.412, 119
Trd, 8639676.812, 133
Trd, 8639677.112, 93
Trd, 8639677.612, 104
Trd, 8639678.146, 103
Trd, 8639678.379, 101
Trd, 8639678.446, 104
Trd, 8639679.112, 97
Trd, 8639679.246, 90
Trd, 8639679.579, 83
Trd, 8639680.379, 82
Trd, 8639681.246, 88
Trd, 8639681.746, 102
Trd, 8639681.879, 114
Trd, 8639682.079, 93
Trd, 8639682.112, 83
Trd, 8639682.312, 81
Trd, 8639684.346, 118
Trd, 8639684.812, 115
Trd, 8639685.112, 101
Trd, 8639685.346, 118
Trd, 8639686.446, 129
Trd, 8639686.879, 103
Trd, 8639687.012, 125
Trd, 8639687.179, 96
Trd, 8639687.879, 131
Trd, 8639688.279, 98
Trd, 8639688.546, 94
Trd, 8639688.879, 103
Trd, 8639689.279, 85
Trd, 8639689.679, 76
Trd, 8639689.712, 122
Trd, 8639689.979, 136
Trd, 8639690.679, 73
Trd, 8639690.712, 68
Trd, 8639691.279, 74
Trd, 8639691.579, 73
Trd, 8639692.179, 121
Trd, 8639692.879, 127
Trd, 8639693.479, 123
Trd, 8639693.879, 90
Trd, 8639693.912, 98
Trd, 8639694.246, 100
Trd, 8639694.312, 87
Trd, 8639694.579, 62
Trd, 8639695.346, 61
Trd, 8639696.046, 60
Trd, 8639696.512, 84
Trd, 8639697.179, 83
Trd, 8639697.379, 93
Trd, 8639698.179, 94
Trd, 8639698.346, 84
Trd, 8639698.446, 72
Trd, 8639698.746, 132
Trd, 8639699.246, 80
Trd, 8639700.079, 85
Trd, 8639700.346, 84
Trd, 8639700.812, 139
Trd, 8639701.046, 114
Trd, 8639701.412, 98
Trd, 8639701.512, 109
Trd, 8639701.879, 78
Trd, 8639701.912, 75
Trd, 8639702.579, 99
Trd, 8639702.679, 65
Trd, 8639703.879, 119
Trd, 8639704.379, 93
Trd, 8639705.046, 124
Trd, 8639705.679, 125
Trd, 8639705.812, 121
Trd, 8639706.179, 106
Trd, 8639706.512, 128
Trd, 8639707.212, 118
Trd, 8639707.479, 117
Trd, 8639708.046, 128
Trd, 8639708.246, 124
Trd, 8639708.512, 107
Trd, 8639709.212, 100
Trd, 8639709.679, 139
Trd, 8639709.712, 101
Trd, 8639709.979, 98
Trd, 8639710.046, 95
Trd, 8639710.479, 102
Trd, 8639710.979, 61
Trd, 8639711.512, 60
Trd, 8639711.646, 88
Trd, 8639712.546, 88
Trd, 8639713.079, 108
Trd, 8639713.179, 114
Trd, 8639713.946, 100
Trd, 8639714.246, 126
Trd, 8639714.812, 123
Trd, 8639714.879, 109
Trd, 8639715.246, 104
Trd, 8639715.679, 111
Trd, 8639715.912, 108
Trd, 8639716.012, 99
Trd, 8639716.512, 97
Trd, 8639716.979, 117
Trd, 8639717.012, 86
Trd, 8639718.312, 100
Trd, 8639718.379, 136
Trd, 8639718.579, 93
Trd, 8639718.846, 84
Trd, 8639719.179, 79
Trd, 8639719.379, 98
Trd, 8639720.179, 105
Trd, 8639721.412, 76
Trd, 8639722.479, 119
Trd, 8639722.612, 115
Trd, 8639722.646, 109
Trd, 8639722.912, 109
Trd, 8639723.446, 133
Trd, 8639723.979, 102
Trd, 8639724.246, 99
Trd, 8639724.879, 133
Trd, 8639725.046, 129
Trd, 8639725.579, 96
Trd, 8639726.279, 106
Trd, 8639727.012, 84
Trd, 8639727.112, 79
Trd, 8639727.646, 90
Trd, 8639728.012, 99
Trd, 8639729.046, 103
Trd, 8639729.612, 110
Trd, 8639729.879, 107
Trd, 8639730.312, 100
Trd, 8639730.712, 96
Trd, 8639731.446, 103
Trd, 8639731.479, 123
Trd, 8639732.346, 102
Trd, 8639732.412, 101
Trd, 8639732.546, 104
Trd, 8639733.246, 96
Trd, 8639733.279, 87
Trd, 8639733.346, 103
Trd, 8639734.412, 84
Trd, 8639735.679, 103
Trd, 8639736.279, 107
Trd, 8639736.479, 103
Trd, 8639736.679, 96
Trd, 8639736.846, 91
Trd, 8639737.312, 102
Trd, 8639738.012, 116
Trd, 8639739.046, 103
Trd, 8639739.646, 92
Trd, 8639740.012, 100
Trd, 8639740.046, 113
Trd, 8639740.746, 94
Trd, 8639741.112, 94
Trd, 8639741.246, 108
Trd, 8639742.046, 93
Trd, 8639742.546, 60
Trd, 8639743.012, 66
Trd, 8639743.112, 79
Trd, 8639744.212, 101
Trd, 8639744.412, 99
Trd, 8639744.579, 87
Trd, 8639744.979, 86
Trd, 8639745.046, 102
Trd, 8639745.512, 130
Trd, 8639747.379, 103
Trd, 8639747.646, 89
Trd, 8639747.912, 64
Trd, 8639747.946, 96
Trd, 8639748.112, 131
Trd, 8639748.612, 117
Trd, 8639748.979, 90
Trd, 8639749.312, 88
Trd, 8639749.812, 124
Trd, 8639750.679, 101
Trd, 8639751.579, 112
Trd, 8639753.746, 123
Trd, 8639753.812, 117
Trd, 8639754.812, 110
Trd, 8639754.912, 107
Trd, 8639755.546, 112
Trd, 8639756.179, 109
Trd, 8639756.212, 104
Trd, 8639756.279, 111
Trd, 8639756.479, 104
Trd, 8639757.012, 127
Trd, 8639757.579, 100
Trd, 8639758.412, 102
Trd, 8639758.879, 100
Trd, 8639758.946, 99
Trd, 8639759.046, 88
Trd, 8639759.179, 84
Trd, 8639759.879, 78
Trd, 8639760.046, 72
Trd, 8639760.346, 132
Trd, 8639760.479, 103
Trd, 8639760.512, 79
Trd, 8639762.179, 117
Trd, 8639762.346, 99
Trd, 8639762.846, 123
Trd, 8639763.812, 137
Trd, 8639763.912, 135
Trd, 8639764.412, 130
Trd, 8639764.512, 114
Trd, 8639764.579, 110
Trd, 8639764.712, 114
Trd, 8639765.112, 115
Trd, 8639765.279, 112
Trd, 8639765.779, 105
Trd, 8639766.812, 116
Trd, 8639767.712, 115
Trd, 8639768.146, 109
Trd, 8639768.446, 104
Trd, 8639769.079, 100
Trd, 8639769.279, 94
Trd, 8639769.646, 129
Trd, 8639769.846, 84
Trd, 8639770.046, 79
Trd, 8639770.346, 72
Trd, 8639770.479, 91
Trd, 8639771.346, 68
Trd, 8639771.946, 90
Trd, 8639773.079, 91
Trd, 8639774.579, 131
Trd, 8639774.912, 106
Trd, 8639775.579, 103
Trd, 8639775.879, 98
Trd, 8639775.912, 97
Trd, 8639776.279, 138
Trd, 8639776.879, 140
Trd, 8639777.012, 123
Trd, 8639777.312, 112
Trd, 8639777.779, 109
Trd, 8639777.846, 101
Trd, 8639778.312, 88
Trd, 8639778.479, 92
Trd, 8639778.512, 77
Trd, 8639779.012, 73
Trd, 8639779.546, 95
Trd, 8639779.746, 65
Trd, 8639779.912, 66
Trd, 8639780.412, 103
Trd, 8639780.879, 124
Trd, 8639781.779, 122
Trd, 8639782.512, 69
Trd, 8639782.779, 139
Trd, 8639783.546, 66
Trd, 8639783.979, 119
Trd, 8639784.079, 108
Trd, 8639784.546, 89
Trd, 8639784.679, 67
Trd, 8639784.912, 65
Trd, 8639785.012, 63
Trd, 8639785.179, 66
Trd, 8639785.446, 62
Trd, 8639786.279, 75
Trd, 8639786.312, 87
Trd, 8639786.979, 110
Trd, 8639787.546, 95
Trd, 8639788.379, 99
Trd, 8639788.779, 109
Trd, 8639788.946, 120
Trd, 8639789.546, 104
Trd, 8639789.812, 99
Trd, 8639790.079, 129
Trd, 8639790.412, 97
Trd, 8639790.479, 93
Trd, 8639791.446, 92
Trd, 8639791.546, 78
Trd, 8639791.746, 71
Trd, 8639792.046, 70
Trd, 8639792.212, 110
Trd, 8639792.412, 101
Trd, 8639793.079, 68
Trd, 8639794.579, 63
Trd, 8639795.046, 61
Trd, 8639795.612, 71
Trd, 8639795.979, 73
Trd, 8639796.179, 74
Trd, 8639796.312, 75
Trd, 8639796.612, 60
Trd, 8639797.112, 104
Trd, 8639797.212, 87
Trd, 8639797.546, 76
Trd, 8639797.779, 60
Trd, 8639798.046, 96
Trd, 8639798.946, 71
Trd, 8639799.412, 97
Trd, 8639799.846, 62
Trd, 8639800.146, 123
Trd, 8639800.612, 73
Trd, 8639800.712, 75
Trd, 8639801.579, 66
Trd, 8639801.612, 129
Trd, 8639801.712, 63
Trd, 8639802.012, 112
Trd, 8639802.912, 130
Trd, 8639803.712, 100
Trd, 8639803.979, 93
Trd, 8639804.412, 117
Trd, 8639804.446, 96
Trd, 8639804.846, 107
Trd, 8639805.312, 93
Trd, 8639805.546, 82
Trd, 8639806.712, 93
Trd, 8639807.346, 99
Trd, 8639807.379, 72
Trd, 8639809.146, 122
Trd, 8639810.079, 95
Trd, 8639810.279, 94
Trd, 8639811.179, 99
Trd, 8639811.579, 136
Trd, 8639811.646, 83
Trd, 8639812.179, 82
Trd, 8639812.212, 109
Trd, 8639812.679, 81
Trd, 8639812.712, 88
Trd, 8639813.079, 113
Trd, 8639813.179, 79
Trd, 8639814.446, 78
Trd, 8639814.646, 72
Trd, 8639814.746, 87
Trd, 8639815.612, 139
Trd, 8639815.812, 125
Trd, 8639816.312, 121
Trd, 8639816.412, 109
Trd, 8639816.879, 94
Trd, 8639817.112, 128
Trd, 8639817.546, 134
Trd, 8639817.846, 115
Trd, 8639818.179, 82
Trd, 8639818.979, 115
Trd, 8639819.246, 97
Trd, 8639820.812, 126
Trd, 8639820.912, 115
Trd, 8639821.112, 105
Trd, 8639821.179, 103
Trd, 8639821.812, 98
Trd, 8639822.746, 122
Trd, 8639823.679, 100
Trd, 8639823.912, 93
Trd, 8639824.112, 98
Trd, 8639824.612, 81
Trd, 8639824.679, 71
Trd, 8639824.946, 71
Trd, 8639825.179, 86
Trd, 8639825.712, 63
Trd, 8639825.946, 79
Trd, 8639827.246, 75
Trd, 8639827.346, 73
Trd, 8639827.779, 130
Trd, 8639828.012, 97
Trd, 8639828.179, 86
Trd, 8639828.479, 124
Trd, 8639828.679, 99
Trd, 8639828.912, 75
Trd, 8639829.579, 105
Trd, 8639829.979, 81
Trd, 8639830.712, 69
Trd, 8639831.346, 75
Trd, 8639832.179, 99
Trd, 8639832.979, 81
Trd, 8639833.246, 83
Trd, 8639833.546, 75
Trd, 8639833.812, 85
Trd, 8639834.046, 91
Trd, 8639834.912, 133
Trd, 8639835.012, 128
Trd, 8639835.546, 116
Trd, 8639835.612, 106
Trd, 8639836.679, 110
Trd, 8639837.812, 120
Trd, 8639838.112, 130
Trd, 8639838.546, 115
Trd, 8639838.912, 112
Trd, 8639839.012, 95
Trd, 8639840.246, 99
Trd, 8639840.912, 124
Trd, 8639841.346, 109
Trd, 8639841.546, 108
Trd, 8639841.979, 116
Trd, 8639842.146, 105
Trd, 8639842.212, 97
Trd, 8639842.712, 96
Trd, 8639842.946, 93
Trd, 8639843.412, 132
Trd, 8639843.646, 126
Trd, 8639844.646, 118
Trd, 8639846.146, 131
Trd, 8639846.179, 112
Trd, 8639846.246, 100
Trd, 8639846.579, 99
Trd, 8639847.046, 93
Trd, 8639848.512, 75
Trd, 8639849.312, 107
Trd, 8639849.512, 94
Trd, 8639849.612, 90
Trd, 8639849.846, 111
Trd, 8639849.946, 93
Trd, 8639850.912, 90
Trd, 8639851.179, 92
Trd, 8639851.512, 81
Trd, 8639852.112, 104
Trd, 8639852.279, 103
Trd, 8639852.379, 105
Trd, 8639852.579, 100
Trd, 8639852.712, 97
Trd, 8639853.112, 64
Trd, 8639853.712, 134
Trd, 8639854.512, 84
Trd, 8639854.679, 61
Trd, 8639854.979, 63
Trd, 8639855.812, 63
Trd, 8639856.146, 118
Trd, 8639856.979, 112
Trd, 8639857.379, 84
Trd, 8639857.946, 83
Trd, 8639858.112, 84
Trd, 8639858.146, 75
Trd, 8639858.946, 73
Trd, 8639859.379, 129
Trd, 8639859.779, 70
Trd, 8639859.946, 105
Trd, 8639860.946, 129
Trd, 8639860.979, 119
Trd, 8639861.112, 104
Trd, 8639862.179, 107
Trd, 8639862.212, 75
Trd, 8639862.612, 104
Trd, 8639864.412, 114
Trd, 8639865.046, 104
Trd, 8639865.812, 121
Trd, 8639865.879, 117
Trd, 8639865.946, 113
Trd, 8639866.012, 99
Trd, 8639866.346, 98
Trd, 8639866.612, 110
Trd, 8639866.912, 121
Trd, 8639867.146, 120
Trd, 8639867.412, 95
Trd, 8639867.579, 86
Trd, 8639868.046, 139
Trd, 8639868.179, 82
Trd, 8639868.646, 125
Trd, 8639869.712, 84
Trd, 8639870.479, 95
Trd, 8639870.646, 99
Trd, 8639871.146, 94
Trd, 8639871.779, 101
Trd, 8639872.079, 94
Trd, 8639872.279, 93
Trd, 8639872.579, 91
Trd, 8639873.312, 132
Trd, 8639873.446, 112
Trd, 8639874.012, 117
Trd, 8639874.679, 127
Trd, 8639875.346, 119
Trd, 8639875.546, 133
Trd, 8639875.746, 103
Trd, 8639876.246, 110
Trd, 8639876.646, 127
Trd, 8639876.679, 110
Trd, 8639877.612, 125
Trd, 8639878.012, 116
Trd, 8639878.179, 107
Trd, 8639878.412, 101
Trd, 8639878.846, 79
Trd, 8639879.446, 124
Trd, 8639879.612, 97
Trd, 8639880.379, 133
Trd, 8639880.446, 125
Trd, 8639880.712, 98
Trd, 8639880.979, 66
Trd, 8639881.346, 88
Trd, 8639881.979, 122
Trd, 8639883.679, 121
Trd, 8639884.179, 125
Trd, 8639885.079, 117
Trd, 8639885.579, 118
Trd, 8639885.746, 106
Trd, 8639886.079, 100
Trd, 8639887.112, 125
Trd, 8639887.546, 94
Trd, 8639887.879, 104
Trd, 8639888.112, 103
Trd, 8639888.412, 89
Trd, 8639888.979, 95
Trd, 8639889.279, 136
Trd, 8639889.679, 126
Trd, 8639889.812, 111
Trd, 8639890.079, 98
Trd, 8639890.412, 116
Trd, 8639891.112, 113
Trd, 8639891.712, 108
Trd, 8639891.946, 94
Trd, 8639892.012, 90
Trd, 8639892.179, 84
Trd, 8639893.112, 82
Trd, 8639893.879, 84
Trd, 8639894.179, 88
Trd, 8639894.379, 122
Trd, 8639894.446, 78
Trd, 8639895.312, 135
Trd, 8639896.646, 118
Trd, 8639897.312, 139
Trd, 8639897.412, 115
Trd, 8639897.879, 124
Trd, 8639898.012, 105
Trd, 8639898.146, 102
Trd, 8639898.346, 131
Trd, 8639898.479, 123
Trd, 8639899.412, 108
Trd, 8639899.946, 99
Trd, 8639900.279, 97
Trd, 8639901.712, 92
Trd, 8639902.179, 66
Trd, 8639902.646, 110
Trd, 8639902.679, 91
Trd, 8639902.746, 65
Trd, 8639903.046, 69
Trd, 8639903.446, 90
Trd, 8639904.079, 78
Trd, 8639904.579, 62
Trd, 8639904.846, 83
Trd, 8639905.279, 94
Trd, 8639905.479, 60
Trd, 8639906.112, 60
Trd, 8639906.779, 60
Trd, 8639907.112, 62
Trd, 8639908.079, 61
Trd, 8639908.679, 73
Trd, 8639909.179, 94
Trd, 8639910.479, 115
Trd, 8639910.846, 82
Trd, 8639911.779, 110
Trd, 8639911.846, 103
Trd, 8639912.612, 113
Trd, 8639912.746, 119
Trd, 8639912.946, 116
Trd, 8639913.046, 79
Trd, 8639913.746, 116
Trd, 8639914.412, 103
Trd, 8639914.612, 101
Trd, 8639914.679, 94
Trd, 8639915.446, 90
Trd, 8639915.712, 139
Trd, 8639916.046, 98
Trd, 8639916.412, 120
Trd, 8639916.612, 103
Trd, 8639917.512, 90
Trd, 8639918.379, 85
Trd, 8639918.646, 91
Trd, 8639918.846, 133
Trd, 8639920.246, 132
Trd, 8639920.412, 104
Trd, 8639920.512, 101
Trd, 8639920.546, 101
Trd, 8639920.979, 111
Trd, 8639921.279, 87
Trd, 8639921.412, 99
Trd, 8639921.612, 78
Trd, 8639921.846, 74
Trd, 8639922.046, 118
Trd, 8639922.646, 140
Trd, 8639924.579, 125
Trd, 8639924.746, 118
Trd, 8639925.879, 135
Trd, 8639926.079, 130
Trd, 8639926.179, 122
Trd, 8639926.512, 114
Trd, 8639926.546, 96
Trd, 8639926.879, 120
Trd, 8639927.112, 95
Trd, 8639927.979, 95
Trd, 8639928.212, 91
Trd, 8639928.546, 96
Trd, 8639930.212, 117
Trd, 8639930.379, 110
Trd, 8639930.412, 109
Trd, 8639930.779, 124
Trd, 8639930.912, 86
Trd, 8639931.446, 105
Trd, 8639931.479, 78
Trd, 8639932.379, 110
Trd, 8639933.779, 127
Trd, 8639933.879, 114
Trd, 8639934.179, 112
Trd, 8639934.346, 110
Trd, 8639935.879, 113
Trd, 8639936.179, 109
Trd, 8639936.579, 101
Trd, 8639936.746, 102
Trd, 8639937.212, 105
Trd, 8639937.512, 132
Trd, 8639937.546, 110
Trd, 8639937.746, 84
Trd, 8639938.479, 92
Trd, 8639938.579, 89
Trd, 8639939.146, 104
Trd, 8639939.179, 100
Trd, 8639940.179, 128
Trd, 8639940.879, 100
Trd, 8639941.079, 102
Trd, 8639941.879, 114
Trd, 8639943.112, 129
Trd, 8639943.379, 121
Trd, 8639943.546, 97
Trd, 8639943.579, 96
Trd, 8639944.279, 94
Trd, 8639944.479, 93
Trd, 8639944.879, 132
Trd, 8639944.912, 99
Trd, 8639945.412, 135
Trd, 8639946.012, 126
Trd, 8639946.746, 88
Trd, 8639946.946, 80
Trd, 8639947.279, 79
Trd, 8639947.746, 123
Trd, 8639947.779, 103
Trd, 8639947.979, 77
Trd, 8639948.679, 123
Trd, 8639949.212, 105
Trd, 8639949.312, 72
Trd, 8639949.546, 72
Trd, 8639950.212, 122
Trd, 8639950.746, 117
Trd, 8639951.012, 111
Trd, 8639951.712, 75
Trd, 8639952.279, 61
Trd, 8639952.646, 118
Trd, 8639952.979, 104
Trd, 8639953.212, 103
Trd, 8639953.679, 67
Trd, 8639954.079, 119
Trd, 8639954.246, 106
Trd, 8639955.746, 140
Trd, 8639956.746, 109
Trd, 8639957.512, 112
Trd, 8639957.812, 108
Trd, 8639958.012, 108
Trd, 8639958.846, 101
Trd, 8639959.412, 91
Trd, 8639959.679, 97
Trd, 8639959.846, 104
Trd, 8639960.379, 87
Trd, 8639960.412, 73
Trd, 8639961.146, 76
Trd, 8639961.246, 120
Trd, 8639961.646, 78
Trd, 8639961.979, 117
Trd, 8639962.579, 90
Trd, 8639963.312, 119
Trd, 8639963.479, 106
Trd, 8639963.879, 100
Trd, 8639964.179, 106
Trd, 8639964.546, 97
Trd, 8639965.079, 77
Trd, 8639965.912, 111
Trd, 8639966.379, 107
Trd, 8639966.546, 74
Trd, 8639966.712, 101
Trd, 8639967.012, 89
Trd, 8639967.112, 80
Trd, 8639967.579, 77
Trd, 8639968.846, 125
Trd, 8639970.246, 104
Trd, 8639970.646, 99
Trd, 8639970.979, 98
Trd, 8639971.646, 107
Trd, 8639971.746, 101
Trd, 8639971.812, 116
Trd, 8639972.112, 98
Trd, 8639972.179, 91
Trd, 8639972.746, 108
Trd, 8639972.779, 79
Trd, 8639973.546, 72
Trd, 8639974.679, 104
Trd, 8639975.012, 110
Trd, 8639975.412, 137
Trd, 8639976.012, 127
Trd, 8639976.779, 116
Trd, 8639977.346, 116
Trd, 8639977.746, 128
Trd, 8639977.779, 108
Trd, 8639978.279, 115
Trd, 8639978.579, 95
Trd, 8639979.312, 83
Trd, 8639979.679, 130
Trd, 8639979.712, 105
Trd, 8639979.879, 77
Trd, 8639980.046, 128
Trd, 8639980.279, 99
Trd, 8639981.712, 131
Trd, 8639982.179, 122
Trd, 8639982.346, 119
Trd, 8639982.546, 109
Trd, 8639982.779, 107
Trd, 8639983.646, 122
Trd, 8639983.746, 108
Trd, 8639983.879, 126
Trd, 8639984.346, 121
Trd, 8639984.579, 112
Trd, 8639984.879, 93
Trd, 8639985.279, 110
Trd, 8639985.379, 93
Trd, 8639986.812, 134
Trd, 8639986.946, 131
Trd, 8639987.546, 100
Trd, 8639987.679, 97
Trd, 8639988.246, 90
Trd, 8639988.412, 88
Trd, 8639988.679, 77
Trd, 8639988.879, 140
Trd, 8639989.612, 113
Trd, 8639990.246, 109
Trd, 8639990.412, 107
Trd, 8639990.879, 94
Trd, 8639991.046, 78
Trd, 8639991.512, 60
Trd, 8639992.246, 94
Trd, 8639992.412, 97
Trd, 8639992.879, 93
Trd, 8639993.246, 111
Trd, 8639993.779, 97
Trd, 8639993.846, 88
Trd, 8639994.512, 109
Trd, 8639994.646, 98
Trd, 8639995.179, 94
Trd, 8639995.646, 86
Trd, 8639996.646, 138
Trd, 8639996.879, 131
Trd, 8639998.479, 126
Trd, 8639998.512, 105
Trd, 8639998.846, 113
Trd, 8639998.912, 98
Trd, 8639999.479, 111
Trd, 8639999.579, 128
Trd, 8639999.812, 93
Trd, 8639999.879, 91
