Trd, 8638768.679, 134
Trd, 8638768.912, 111
Trd, 8638769.112, 132
Trd, 8638769.279, 92
Trd, 8638769.746, 91
Trd, 8638770.479, 120
Trd, 8638771.012, 127
Trd, 8638771.179, 95
Trd, 8638771.579, 97
Trd, 8638772.112, 140
Trd, 8638772.512, 95
Trd, 8638772.846, 92
Trd, 8638773.146, 108
Trd, 8638773.812, 94
Trd, 8638774.412, 122
Trd, 8638774.546, 121
Trd, 8638774.579, 92
Trd, 8638775.012, 123
Trd, 8638775.546, 105
Trd, 8638776.546, 102
Trd, 8638776.879, 102
Trd, 8638777.079, 117
Trd, 8638777.112, 90
Trd, 8638777.579, 87
Trd, 8638778.279, 116
Trd, 8638778.479, 115
Trd, 8638779.079, 103
Trd, 8638779.212, 97
Trd, 8638780.146, 115
Trd, 8638780.379, 109
Trd, 8638780.412, 107
Trd, 8638781.346, 120
Trd, 8638783.779, 140
Trd, 8638783.912, 140
Trd, 8638784.312, 128
Trd, 8638784.379, 127
Trd, 8638785.646, 128
Trd, 8638785.946, 140
Trd, 8638785.979, 140
Trd, 8638786.646, 128
Trd, 8638787.279, 123
Trd, 8638787.746, 110
Trd, 8638788.179, 108
Trd, 8638788.246, 107
Trd, 8638789.546, 126
Trd, 8638789.979, 120
Trd, 8638790.012, 119
Trd, 8638790.712, 105
Trd, 8638791.146, 98
Trd, 8638791.646, 139
Trd, 8638792.612, 128
Trd, 8638792.746, 127
Trd, 8638792.812, 121
Trd, 8638793.379, 132
Trd, 8638793.779, 114
Trd, 8638793.846, 91
Trd, 8638794.079, 88
Trd, 8638794.379, 60
Trd, 8638794.579, 62
Trd, 8638794.879, 134
Trd, 8638795.712, 61
Trd, 8638795.846, 67
Trd, 8638796.446, 89
Trd, 8638797.646, 114
Trd, 8638798.279, 117
Trd, 8638798.812, 105
Trd, 8638799.246, 107
Trd, 8638799.512, 106
Trd, 8638799.912, 106
Trd, 8638800.246, 140
Trd, 8638801.012, 103
Trd, 8638801.512, 135
Trd, 8638802.246, 128
Trd, 8638802.946, 132
Trd, 8638803.112, 131
Trd, 8638803.679, 127
Trd, 8638804.012, 121
Trd, 8638804.079, 110
Trd, 8638804.279, 103
Trd, 8638804.312, 102
Trd, 8638805.346, 94
Trd, 8638806.079, 140
Trd, 8638806.212, 110
Trd, 8638806.579, 93
Trd, 8638806.779, 125
Trd, 8638807.212, 112
Trd, 8638808.012, 108
Trd, 8638808.312, 106
Trd, 8638809.046, 131
Trd, 8638809.612, 124
Trd, 8638810.812, 121
Trd, 8638811.212, 120
Trd, 8638811.846, 108
Trd, 8638812.479, 98
Trd, 8638812.612, 102
Trd, 8638812.812, 99
Trd, 8638813.012, 85
Trd, 8638813.079, 72
Trd, 8638813.146, 71
Trd, 8638813.179, 68
Trd, 8638813.612, 63
Trd, 8638814.679, 89
Trd, 8638815.012, 107
Trd, 8638815.279, 91
Trd, 8638816.179, 118
Trd, 8638816.412, 113
Trd, 8638816.579, 112
Trd, 8638817.712, 126
Trd, 8638818.246, 112
Trd, 8638818.479, 111
Trd, 8638818.912, 127
Trd, 8638820.212, 140
Trd, 8638820.646, 138
Trd, 8638820.879, 115
Trd, 8638822.279, 95
Trd, 8638822.846, 118
Trd, 8638822.912, 117
Trd, 8638823.079, 112
Trd, 8638823.679, 119
Trd, 8638823.746, 127
Trd, 8638824.179, 139
Trd, 8638824.612, 114
Trd, 8638824.779, 79
Trd, 8638825.279, 136
Trd, 8638825.979, 85
Trd, 8638827.512, 94
Trd, 8638827.979, 93
Trd, 8638828.012, 92
Trd, 8638828.146, 90
Trd, 8638828.379, 93
Trd, 8638828.512, 114
Trd, 8638828.679, 85
Trd, 8638829.646, 140
Trd, 8638829.712, 116
Trd, 8638829.946, 88
Trd, 8638830.279, 89
Trd, 8638831.246, 104
Trd, 8638831.479, 104
Trd, 8638831.746, 138
Trd, 8638832.212, 113
Trd, 8638832.679, 130
Trd, 8638832.946, 106
Trd, 8638833.046, 90
Trd, 8638833.279, 61
Trd, 8638833.479, 63
Trd, 8638834.279, 70
Trd, 8638834.346, 108
Trd, 8638834.479, 61
Trd, 8638835.179, 94
Trd, 8638835.479, 138
Trd, 8638836.179, 136
Trd, 8638837.212, 92
Trd, 8638837.712, 87
Trd, 8638838.146, 80
Trd, 8638838.412, 78
Trd, 8638839.212, 107
Trd, 8638839.546, 78
Trd, 8638839.679, 77
Trd, 8638840.079, 111
Trd, 8638840.479, 100
Trd, 8638840.712, 97
Trd, 8638842.079, 96
Trd, 8638842.112, 98
Trd, 8638842.212, 138
Trd, 8638842.279, 87
Trd, 8638842.412, 125
Trd, 8638843.479, 101
Trd, 8638844.346, 121
Trd, 8638844.512, 99
Trd, 8638844.612, 96
Trd, 8638845.679, 106
Trd, 8638846.012, 115
Trd, 8638846.046, 108
Trd, 8638846.446, 104
Trd, 8638846.979, 106
Trd, 8638847.546, 97
Trd, 8638848.012, 140
Trd, 8638848.246, 96
Trd, 8638848.312, 94
Trd, 8638849.246, 130
Trd, 8638849.579, 89
Trd, 8638850.546, 92
Trd, 8638850.779, 110
Trd, 8638851.312, 127
Trd, 8638852.079, 126
Trd, 8638852.779, 109
Trd, 8638853.112, 127
Trd, 8638854.012, 129
Trd, 8638854.046, 126
Trd, 8638854.346, 108
Trd, 8638854.946, 91
Trd, 8638855.279, 90
Trd, 8638856.012, 98
Trd, 8638856.079, 94
Trd, 8638856.979, 99
Trd, 8638857.379, 136
Trd, 8638857.612, 109
Trd, 8638858.012, 140
Trd, 8638858.046, 127
Trd, 8638858.179, 117
Trd, 8638859.012, 126
Trd, 8638859.446, 126
Trd, 8638859.646, 125
Trd, 8638860.679, 113
Trd, 8638860.879, 109
Trd, 8638862.512, 134
Trd, 8638863.279, 140
Trd, 8638863.346, 132
Trd, 8638863.846, 131
Trd, 8638864.112, 130
Trd, 8638864.379, 129
Trd, 8638864.479, 117
Trd, 8638864.579, 116
Trd, 8638864.712, 112
Trd, 8638865.446, 130
Trd, 8638865.879, 110
Trd, 8638865.979, 109
Trd, 8638866.046, 105
Trd, 8638866.112, 105
Trd, 8638866.679, 136
Trd, 8638866.779, 119
Trd, 8638867.479, 90
Trd, 8638867.979, 104
Trd, 8638869.279, 139
Trd, 8638869.679, 123
Trd, 8638870.046, 137
Trd, 8638870.146, 136
Trd, 8638870.879, 125
Trd, 8638871.446, 136
Trd, 8638871.846, 120
Trd, 8638872.646, 104
Trd, 8638874.179, 128
Trd, 8638874.379, 112
Trd, 8638874.446, 107
Trd, 8638875.246, 92
Trd, 8638876.112, 106
Trd, 8638876.312, 114
Trd, 8638876.446, 106
Trd, 8638876.579, 123
Trd, 8638876.846, 94
Trd, 8638877.646, 130
Trd, 8638878.612, 140
Trd, 8638879.112, 140
Trd, 8638879.212, 129
Trd, 8638879.912, 113
Trd, 8638880.812, 124
Trd, 8638881.512, 122
Trd, 8638882.046, 121
Trd, 8638882.612, 108
Trd, 8638883.379, 123
Trd, 8638883.512, 119
Trd, 8638883.579, 108
Trd, 8638884.212, 119
Trd, 8638884.279, 123
Trd, 8638884.312, 103
Trd, 8638884.679, 63
Trd, 8638886.012, 71
Trd, 8638886.046, 88
Trd, 8638886.246, 114
Trd, 8638886.812, 103
Trd, 8638887.112, 110
Trd, 8638887.612, 103
Trd, 8638888.146, 128
Trd, 8638888.879, 140
Trd, 8638889.179, 120
Trd, 8638889.446, 116
Trd, 8638889.546, 115
Trd, 8638889.579, 115
Trd, 8638890.246, 65
Trd, 8638890.479, 66
Trd, 8638891.379, 99
Trd, 8638892.012, 99
Trd, 8638892.479, 112
Trd, 8638892.779, 112
Trd, 8638893.312, 111
Trd, 8638893.912, 114
Trd, 8638893.979, 107
Trd, 8638894.679, 94
Trd, 8638894.846, 87
Trd, 8638894.946, 111
Trd, 8638895.312, 69
Trd, 8638896.479, 94
Trd, 8638896.612, 115
Trd, 8638896.946, 126
Trd, 8638897.012, 67
Trd, 8638897.679, 103
Trd, 8638898.179, 140
Trd, 8638898.579, 101
Trd, 8638898.746, 82
Trd, 8638899.712, 86
Trd, 8638901.312, 117
Trd, 8638901.679, 105
Trd, 8638902.179, 126
Trd, 8638902.579, 88
Trd, 8638902.712, 88
Trd, 8638903.246, 89
Trd, 8638903.446, 120
Trd, 8638904.279, 118
Trd, 8638904.412, 84
Trd, 8638905.979, 127
Trd, 8638906.379, 127
Trd, 8638906.812, 139
Trd, 8638907.112, 126
Trd, 8638907.146, 122
Trd, 8638907.212, 114
Trd, 8638907.812, 107
Trd, 8638908.179, 95
Trd, 8638908.246, 126
Trd, 8638908.546, 99
Trd, 8638908.679, 124
Trd, 8638909.312, 108
Trd, 8638909.346, 125
Trd, 8638909.412, 105
Trd, 8638910.479, 93
Trd, 8638911.179, 110
Trd, 8638911.412, 92
Trd, 8638911.946, 91
Trd, 8638912.112, 89
Trd, 8638912.146, 81
Trd, 8638912.812, 91
Trd, 8638913.412, 131
Trd, 8638913.812, 104
Trd, 8638914.279, 140
Trd, 8638914.546, 139
Trd, 8638915.746, 113
Trd, 8638915.912, 111
Trd, 8638916.979, 123
Trd, 8638917.579, 128
Trd, 8638918.046, 95
Trd, 8638918.246, 86
Trd, 8638918.612, 136
Trd, 8638919.212, 94
Trd, 8638919.512, 94
Trd, 8638919.746, 93
Trd, 8638920.212, 140
Trd, 8638920.546, 102
Trd, 8638920.946, 98
Trd, 8638921.679, 96
Trd, 8638921.946, 97
Trd, 8638922.046, 96
Trd, 8638922.846, 140
Trd, 8638923.179, 116
Trd, 8638924.312, 128
Trd, 8638924.612, 127
Trd, 8638925.146, 97
Trd, 8638925.279, 94
Trd, 8638925.779, 90
Trd, 8638926.012, 91
Trd, 8638926.279, 108
Trd, 8638926.579, 128
Trd, 8638927.146, 84
Trd, 8638927.312, 129
Trd, 8638928.379, 106
Trd, 8638928.879, 104
Trd, 8638929.079, 96
Trd, 8638930.279, 112
Trd, 8638930.479, 106
Trd, 8638931.079, 120
Trd, 8638931.279, 138
Trd, 8638931.312, 104
Trd, 8638931.546, 103
Trd, 8638932.112, 121
Trd, 8638932.179, 120
Trd, 8638932.346, 100
Trd, 8638933.546, 140
Trd, 8638933.679, 140
Trd, 8638933.946, 140
Trd, 8638935.046, 118
Trd, 8638935.079, 117
Trd, 8638935.279, 114
Trd, 8638935.312, 113
Trd, 8638936.246, 96
Trd, 8638936.846, 116
Trd, 8638937.146, 81
Trd, 8638937.746, 67
Trd, 8638938.512, 140
Trd, 8638939.012, 77
Trd, 8638939.512, 94
Trd, 8638939.646, 81
Trd, 8638941.146, 83
Trd, 8638941.312, 79
Trd, 8638941.779, 90
Trd, 8638942.412, 90
Trd, 8638942.979, 112
Trd, 8638943.346, 91
Trd, 8638944.312, 100
Trd, 8638945.312, 135
Trd, 8638945.812, 102
Trd, 8638946.146, 108
Trd, 8638947.246, 119
Trd, 8638947.479, 107
Trd, 8638947.512, 104
Trd, 8638948.112, 139
Trd, 8638948.279, 105
Trd, 8638948.646, 92
Trd, 8638949.112, 115
Trd, 8638949.846, 100
Trd, 8638950.146, 101
Trd, 8638950.479, 114
Trd, 8638950.646, 97
Trd, 8638950.979, 118
Trd, 8638951.312, 106
Trd, 8638951.512, 125
Trd, 8638952.412, 84
Trd, 8638952.579, 83
Trd, 8638952.946, 111
Trd, 8638953.446, 119
Trd, 8638953.579, 70
Trd, 8638953.912, 139
Trd, 8638954.479, 133
Trd, 8638954.679, 132
Trd, 8638954.779, 126
Trd, 8638955.112, 87
Trd, 8638955.712, 65
Trd, 8638956.246, 88
Trd, 8638956.812, 136
Trd, 8638957.212, 112
Trd, 8638957.646, 129
Trd, 8638957.979, 98
Trd, 8638959.146, 139
Trd, 8638959.479, 115
Trd, 8638960.879, 110
Trd, 8638961.112, 110
Trd, 8638961.412, 97
Trd, 8638961.679, 96
Trd, 8638962.579, 99
Trd, 8638962.612, 97
Trd, 8638962.779, 87
Trd, 8638962.812, 100
Trd, 8638963.012, 85
Trd, 8638963.479, 87
Trd, 8638963.746, 140
Trd, 8638965.012, 113
Trd, 8638965.546, 88
Trd, 8638965.679, 89
Trd, 8638966.712, 122
Trd, 8638966.912, 116
Trd, 8638967.679, 103
Trd, 8638968.146, 86
Trd, 8638968.679, 60
Trd, 8638969.712, 112
Trd, 8638970.579, 111
Trd, 8638971.246, 110
Trd, 8638971.379, 95
Trd, 8638971.946, 140
Trd, 8638971.979, 116
Trd, 8638972.179, 104
Trd, 8638972.246, 103
Trd, 8638973.412, 122
Trd, 8638973.546, 121
Trd, 8638973.579, 109
Trd, 8638974.679, 133
Trd, 8638974.746, 132
Trd, 8638975.179, 103
Trd, 8638975.479, 116
Trd, 8638975.812, 102
Trd, 8638976.246, 96
Trd, 8638976.879, 91
Trd, 8638978.812, 140
Trd, 8638979.279, 140
Trd, 8638979.912, 140
Trd, 8638980.012, 132
Trd, 8638980.079, 132
Trd, 8638980.512, 126
Trd, 8638980.779, 121
Trd, 8638982.079, 123
Trd, 8638982.212, 113
Trd, 8638982.379, 109
Trd, 8638982.712, 110
Trd, 8638983.012, 110
Trd, 8638983.246, 108
Trd, 8638983.812, 83
Trd, 8638985.046, 63
Trd, 8638985.212, 124
Trd, 8638985.312, 76
Trd, 8638985.846, 91
Trd, 8638986.112, 105
Trd, 8638986.612, 98
Trd, 8638987.212, 97
Trd, 8638987.646, 138
Trd, 8638987.746, 136
Trd, 8638988.046, 112
Trd, 8638989.046, 135
Trd, 8638989.212, 134
Trd, 8638989.379, 126
Trd, 8638990.112, 118
Trd, 8638991.479, 133
Trd, 8638992.512, 123
Trd, 8638992.746, 122
Trd, 8638994.012, 129
Trd, 8638994.412, 140
Trd, 8638994.646, 123
Trd, 8638994.679, 122
Trd, 8638995.146, 103
Trd, 8638995.379, 102
Trd, 8638995.912, 87
Trd, 8638996.012, 85
Trd, 8638996.479, 131
Trd, 8638996.846, 106
Trd, 8638997.379, 74
Trd, 8638998.512, 110
Trd, 8638998.846, 123
Trd, 8638998.879, 89
Trd, 8638999.546, 103
Trd, 8638999.679, 62
Trd, 8639000.446, 95
Trd, 8639000.812, 95
Trd, 8639001.679, 91
Trd, 8639001.712, 90
Trd, 8639001.946, 78
Trd, 8639002.779, 60
Trd, 8639003.479, 127
Trd, 8639003.846, 63
Trd, 8639003.912, 74
Trd, 8639004.079, 83
Trd, 8639005.212, 68
Trd, 8639006.646, 69
Trd, 8639007.112, 70
Trd, 8639007.279, 81
Trd, 8639007.412, 93
Trd, 8639007.679, 70
Trd, 8639008.746, 91
Trd, 8639009.179, 125
Trd, 8639009.246, 117
Trd, 8639009.946, 102
Trd, 8639010.979, 120
Trd, 8639011.046, 119
Trd, 8639011.179, 115
Trd, 8639011.412, 102
Trd, 8639011.646, 94
Trd, 8639012.546, 70
Trd, 8639013.679, 62
Trd, 8639014.012, 139
Trd, 8639014.779, 137
Trd, 8639014.846, 120
Trd, 8639015.346, 89
Trd, 8639015.746, 90
Trd, 8639015.812, 111
Trd, 8639016.846, 118
Trd, 8639017.179, 136
Trd, 8639017.212, 135
Trd, 8639018.412, 107
Trd, 8639018.579, 107
Trd, 8639019.079, 118
Trd, 8639019.379, 109
Trd, 8639019.512, 108
Trd, 8639020.412, 140
Trd, 8639020.912, 133
Trd, 8639021.312, 111
Trd, 8639021.346, 107
Trd, 8639021.779, 106
Trd, 8639022.212, 136
Trd, 8639022.679, 135
Trd, 8639022.712, 108
Trd, 8639023.479, 107
Trd, 8639023.679, 111
Trd, 8639024.046, 107
Trd, 8639025.912, 108
Trd, 8639026.312, 114
Trd, 8639026.379, 107
Trd, 8639026.612, 104
Trd, 8639026.946, 102
Trd, 8639027.179, 95
Trd, 8639027.379, 87
Trd, 8639028.712, 80
Trd, 8639028.812, 78
Trd, 8639029.379, 98
Trd, 8639030.446, 139
Trd, 8639030.712, 110
Trd, 8639030.946, 122
Trd, 8639031.412, 138
Trd, 8639031.446, 131
Trd, 8639031.879, 132
Trd, 8639031.979, 131
Trd, 8639033.246, 108
Trd, 8639033.412, 110
Trd, 8639034.046, 111
Trd, 8639034.112, 110
Trd, 8639034.712, 110
Trd, 8639034.779, 108
Trd, 8639035.412, 139
Trd, 8639035.879, 136
Trd, 8639036.446, 109
Trd, 8639036.746, 110
Trd, 8639037.346, 94
Trd, 8639037.512, 98
Trd, 8639038.312, 96
Trd, 8639038.979, 107
Trd, 8639039.112, 85
Trd, 8639039.446, 79
Trd, 8639039.612, 133
Trd, 8639039.946, 82
Trd, 8639040.346, 85
Trd, 8639040.779, 95
Trd, 8639041.479, 108
Trd, 8639042.079, 105
Trd, 8639042.112, 88
Trd, 8639043.879, 97
Trd, 8639043.979, 96
Trd, 8639044.246, 103
Trd, 8639044.512, 103
Trd, 8639045.279, 110
Trd, 8639046.012, 97
Trd, 8639046.946, 133
Trd, 8639047.112, 121
Trd, 8639047.312, 114
Trd, 8639048.012, 108
Trd, 8639048.912, 140
Trd, 8639049.212, 140
Trd, 8639049.312, 140
Trd, 8639049.646, 140
Trd, 8639050.212, 124
Trd, 8639050.579, 121
Trd, 8639050.779, 83
Trd, 8639051.579, 121
Trd, 8639052.112, 139
Trd, 8639052.779, 129
Trd, 8639053.412, 135
Trd, 8639053.579, 134
Trd, 8639053.846, 133
Trd, 8639054.046, 116
Trd, 8639054.879, 69
Trd, 8639055.179, 96
Trd, 8639055.546, 90
Trd, 8639056.979, 85
Trd, 8639057.246, 94
Trd, 8639057.846, 128
Trd, 8639057.979, 129
Trd, 8639058.079, 127
Trd, 8639059.179, 99
Trd, 8639059.512, 103
Trd, 8639059.546, 91
Trd, 8639059.679, 90
Trd, 8639060.479, 116
Trd, 8639061.479, 139
Trd, 8639061.712, 133
Trd, 8639062.246, 133
Trd, 8639062.446, 132
Trd, 8639063.212, 126
Trd, 8639063.446, 125
Trd, 8639063.579, 116
Trd, 8639063.912, 115
Trd, 8639064.079, 103
Trd, 8639064.946, 109
Trd, 8639065.379, 119
Trd, 8639066.312, 119
Trd, 8639066.979, 117
Trd, 8639067.012, 114
Trd, 8639067.112, 124
Trd, 8639067.246, 112
Trd, 8639067.446, 106
Trd, 8639067.479, 93
Trd, 8639067.546, 83
Trd, 8639068.712, 140
Trd, 8639068.946, 140
Trd, 8639069.879, 119
Trd, 8639070.812, 117
Trd, 8639071.412, 109
Trd, 8639071.612, 108
Trd, 8639071.779, 82
Trd, 8639072.112, 66
Trd, 8639072.679, 78
Trd, 8639073.012, 73
Trd, 8639073.146, 75
Trd, 8639074.779, 140
Trd, 8639074.979, 140
Trd, 8639075.012, 140
Trd, 8639075.279, 114
Trd, 8639075.512, 113
Trd, 8639075.879, 93
Trd, 8639076.412, 125
Trd, 8639076.479, 91
Trd, 8639077.612, 140
Trd, 8639078.379, 123
Trd, 8639078.412, 117
Trd, 8639079.646, 103
Trd, 8639080.079, 139
Trd, 8639080.512, 107
Trd, 8639081.112, 107
Trd, 8639081.279, 127
Trd, 8639081.679, 110
Trd, 8639082.412, 132
Trd, 8639083.146, 137
Trd, 8639083.412, 130
Trd, 8639083.746, 120
Trd, 8639083.912, 112
Trd, 8639083.979, 106
Trd, 8639084.412, 98
Trd, 8639085.579, 80
Trd, 8639086.379, 110
Trd, 8639086.546, 125
Trd, 8639086.646, 79
Trd, 8639086.912, 78
Trd, 8639087.112, 92
Trd, 8639087.479, 94
Trd, 8639087.546, 134
Trd, 8639089.079, 137
Trd, 8639089.346, 115
Trd, 8639089.679, 110
Trd, 8639089.912, 100
Trd, 8639090.446, 67
Trd, 8639090.812, 80
Trd, 8639091.812, 62
Trd, 8639092.046, 76
Trd, 8639092.479, 78
Trd, 8639092.612, 113
Trd, 8639092.812, 62
Trd, 8639092.946, 61
Trd, 8639093.679, 120
Trd, 8639093.912, 120
Trd, 8639093.979, 99
Trd, 8639094.512, 138
Trd, 8639095.712, 114
Trd, 8639096.012, 108
Trd, 8639096.112, 109
Trd, 8639097.012, 140
Trd, 8639097.346, 140
Trd, 8639097.379, 118
Trd, 8639097.646, 109
Trd, 8639097.946, 138
Trd, 8639098.379, 133
Trd, 8639098.546, 132
Trd, 8639098.579, 127
Trd, 8639098.946, 123
Trd, 8639099.079, 90
Trd, 8639099.746, 89
Trd, 8639100.812, 122
Trd, 8639101.879, 140
Trd, 8639102.412, 106
Trd, 8639102.879, 112
Trd, 8639103.012, 105
Trd, 8639103.246, 98
Trd, 8639103.312, 94
Trd, 8639103.946, 81
Trd, 8639104.512, 64
Trd, 8639105.212, 66
Trd, 8639106.412, 128
Trd, 8639106.979, 108
Trd, 8639107.512, 111
Trd, 8639108.212, 140
Trd, 8639108.746, 134
Trd, 8639108.946, 133
Trd, 8639109.179, 132
Trd, 8639109.346, 126
Trd, 8639109.646, 124
Trd, 8639110.312, 117
Trd, 8639110.612, 115
Trd, 8639110.712, 109
Trd, 8639111.012, 105
Trd, 8639111.346, 101
Trd, 8639112.979, 140
Trd, 8639113.012, 139
Trd, 8639113.412, 119
Trd, 8639113.446, 118
Trd, 8639113.812, 125
Trd, 8639114.612, 109
Trd, 8639115.179, 102
Trd, 8639115.546, 96
Trd, 8639115.646, 97
Trd, 8639116.112, 138
Trd, 8639116.579, 131
Trd, 8639116.712, 70
Trd, 8639118.112, 127
Trd, 8639118.512, 127
Trd, 8639118.679, 136
Trd, 8639118.712, 135
Trd, 8639119.512, 120
Trd, 8639120.246, 105
Trd, 8639120.979, 129
Trd, 8639121.112, 127
Trd, 8639122.446, 115
Trd, 8639122.512, 113
Trd, 8639122.879, 105
Trd, 8639123.212, 61
Trd, 8639123.812, 108
Trd, 8639123.846, 107
Trd, 8639124.146, 134
Trd, 8639124.646, 63
Trd, 8639125.212, 62
Trd, 8639125.879, 109
Trd, 8639125.979, 98
Trd, 8639126.112, 72
Trd, 8639126.212, 96
Trd, 8639127.012, 140
Trd, 8639127.546, 125
Trd, 8639127.646, 84
Trd, 8639127.779, 83
Trd, 8639128.346, 140
Trd, 8639129.179, 127
Trd, 8639129.379, 100
Trd, 8639130.846, 101
Trd, 8639131.912, 103
Trd, 8639132.412, 103
Trd, 8639132.812, 99
Trd, 8639132.846, 98
Trd, 8639132.946, 98
Trd, 8639133.179, 108
Trd, 8639133.446, 95
Trd, 8639133.546, 91
Trd, 8639134.379, 97
Trd, 8639134.412, 90
Trd, 8639135.512, 95
Trd, 8639135.846, 140
Trd, 8639136.012, 140
Trd, 8639136.946, 113
Trd, 8639137.146, 114
Trd, 8639137.346, 110
Trd, 8639138.112, 110
Trd, 8639138.812, 99
Trd, 8639138.879, 97
Trd, 8639139.146, 85
Trd, 8639139.779, 63
Trd, 8639140.046, 81
Trd, 8639140.346, 113
Trd, 8639140.446, 62
Trd, 8639141.646, 131
Trd, 8639142.246, 139
Trd, 8639142.512, 121
Trd, 8639142.812, 117
Trd, 8639143.012, 115
Trd, 8639143.079, 101
Trd, 8639143.112, 96
Trd, 8639143.846, 109
Trd, 8639145.246, 140
Trd, 8639145.546, 140
Trd, 8639145.679, 136
Trd, 8639145.846, 132
Trd, 8639146.079, 122
Trd, 8639147.279, 118
Trd, 8639147.346, 97
Trd, 8639147.412, 122
Trd, 8639147.612, 96
Trd, 8639147.879, 76
Trd, 8639148.412, 101
Trd, 8639150.212, 80
Trd, 8639150.279, 79
Trd, 8639150.546, 104
Trd, 8639150.612, 78
Trd, 8639151.579, 71
Trd, 8639152.146, 111
Trd, 8639152.646, 73
Trd, 8639152.812, 138
Trd, 8639153.379, 77
Trd, 8639153.846, 129
Trd, 8639153.946, 75
Trd, 8639154.279, 72
Trd, 8639154.779, 72
Trd, 8639154.879, 91
Trd, 8639155.779, 121
Trd, 8639156.079, 80
Trd, 8639156.379, 129
Trd, 8639156.546, 102
Trd, 8639157.179, 130
Trd, 8639157.379, 129
Trd, 8639157.612, 111
Trd, 8639158.112, 124
Trd, 8639159.646, 124
Trd, 8639160.046, 104
Trd, 8639160.079, 103
Trd, 8639160.179, 105
Trd, 8639161.146, 124
Trd, 8639161.179, 105
Trd, 8639161.246, 102
Trd, 8639161.746, 72
Trd, 8639163.012, 74
Trd, 8639163.179, 131
Trd, 8639163.412, 115
Trd, 8639163.546, 113
Trd, 8639163.979, 76
Trd, 8639164.212, 75
Trd, 8639164.312, 73
Trd, 8639165.546, 100
Trd, 8639165.946, 74
Trd, 8639166.179, 75
Trd, 8639166.312, 72
Trd, 8639166.779, 81
Trd, 8639167.812, 85
Trd, 8639169.246, 107
Trd, 8639170.046, 138
Trd, 8639170.079, 136
Trd, 8639170.312, 136
Trd, 8639170.346, 135
Trd, 8639170.412, 123
Trd, 8639170.679, 140
Trd, 8639171.146, 121
Trd, 8639172.046, 115
Trd, 8639172.079, 94
Trd, 8639172.446, 73
Trd, 8639172.479, 71
Trd, 8639172.879, 140
Trd, 8639174.179, 140
Trd, 8639174.512, 138
Trd, 8639174.979, 123
Trd, 8639175.046, 117
Trd, 8639175.712, 139
Trd, 8639176.579, 99
Trd, 8639177.212, 128
Trd, 8639177.712, 133
Trd, 8639177.979, 131
Trd, 8639178.146, 114
Trd, 8639179.246, 140
Trd, 8639179.712, 134
Trd, 8639180.546, 133
Trd, 8639180.946, 114
Trd, 8639181.379, 109
Trd, 8639181.779, 84
Trd, 8639182.279, 91
Trd, 8639182.312, 90
Trd, 8639182.446, 88
Trd, 8639183.779, 90
Trd, 8639184.079, 97
Trd, 8639184.912, 115
Trd, 8639185.146, 114
Trd, 8639185.279, 108
Trd, 8639185.579, 99
Trd, 8639185.712, 99
Trd, 8639186.779, 140
Trd, 8639187.246, 133
Trd, 8639187.379, 133
Trd, 8639187.612, 121
Trd, 8639188.012, 116
Trd, 8639188.579, 109
Trd, 8639189.212, 130
Trd, 8639189.746, 88
Trd, 8639190.012, 102
Trd, 8639190.679, 91
Trd, 8639191.012, 88
Trd, 8639191.212, 140
Trd, 8639191.379, 140
Trd, 8639191.646, 122
Trd, 8639192.612, 92
Trd, 8639192.746, 91
Trd, 8639193.046, 103
Trd, 8639193.812, 104
Trd, 8639194.179, 112
Trd, 8639195.112, 62
Trd, 8639195.512, 64
Trd, 8639196.512, 100
Trd, 8639196.712, 87
Trd, 8639196.979, 83
Trd, 8639197.346, 102
Trd, 8639198.179, 125
Trd, 8639198.412, 122
Trd, 8639198.779, 108
Trd, 8639198.812, 77
Trd, 8639199.146, 119
Trd, 8639199.479, 99
Trd, 8639200.646, 111
Trd, 8639200.979, 106
Trd, 8639201.146, 81
Trd, 8639201.712, 111
Trd, 8639201.812, 104
Trd, 8639202.446, 80
Trd, 8639202.712, 110
Trd, 8639204.912, 63
Trd, 8639205.079, 64
Trd, 8639205.246, 62
Trd, 8639205.312, 68
Trd, 8639206.279, 73
Trd, 8639206.479, 72
Trd, 8639206.712, 70
Trd, 8639206.979, 113
Trd, 8639207.079, 125
Trd, 8639207.246, 78
Trd, 8639207.346, 77
Trd, 8639208.712, 140
Trd, 8639209.912, 140
Trd, 8639210.646, 140
Trd, 8639210.746, 140
Trd, 8639210.946, 134
Trd, 8639211.146, 127
Trd, 8639211.379, 127
Trd, 8639211.646, 119
Trd, 8639211.912, 134
Trd, 8639212.012, 139
Trd, 8639212.212, 108
Trd, 8639212.279, 106
Trd, 8639213.079, 114
Trd, 8639213.479, 113
Trd, 8639214.479, 116
Trd, 8639214.546, 115
Trd, 8639215.279, 129
Trd, 8639216.046, 117
Trd, 8639216.646, 113
Trd, 8639217.012, 60
Trd, 8639217.212, 66
Trd, 8639218.246, 112
Trd, 8639218.312, 106
Trd, 8639218.746, 110
Trd, 8639219.712, 140
Trd, 8639219.879, 139
Trd, 8639220.546, 139
Trd, 8639220.646, 140
Trd, 8639220.879, 134
Trd, 8639221.879, 122
Trd, 8639222.646, 110
Trd, 8639222.679, 110
Trd, 8639223.746, 140
Trd, 8639224.046, 140
Trd, 8639224.079, 140
Trd, 8639224.312, 137
Trd, 8639225.146, 134
Trd, 8639225.746, 131
Trd, 8639226.712, 124
Trd, 8639226.779, 115
Trd, 8639227.079, 96
Trd, 8639227.279, 88
Trd, 8639227.812, 92
Trd, 8639228.379, 126
Trd, 8639228.479, 125
Trd, 8639229.479, 96
Trd, 8639229.646, 138
Trd, 8639229.779, 94
Trd, 8639230.346, 137
Trd, 8639231.079, 108
Trd, 8639231.546, 106
Trd, 8639232.679, 106
Trd, 8639233.312, 140
Trd, 8639233.512, 140
Trd, 8639234.046, 110
Trd, 8639234.279, 106
Trd, 8639234.346, 101
Trd, 8639234.712, 102
Trd, 8639234.846, 96
Trd, 8639235.079, 92
Trd, 8639235.346, 65
Trd, 8639236.946, 133
Trd, 8639237.912, 126
Trd, 8639238.112, 122
Trd, 8639238.546, 130
Trd, 8639238.746, 118
Trd, 8639239.679, 140
Trd, 8639239.846, 140
Trd, 8639240.346, 140
Trd, 8639240.446, 139
Trd, 8639240.512, 109
Trd, 8639240.679, 104
Trd, 8639241.812, 128
Trd, 8639242.979, 140
Trd, 8639243.212, 140
Trd, 8639243.312, 140
Trd, 8639243.579, 132
Trd, 8639244.179, 128
Trd, 8639244.312, 106
Trd, 8639245.212, 99
Trd, 8639245.446, 98
Trd, 8639245.479, 113
Trd, 8639247.546, 125
Trd, 8639247.979, 125
Trd, 8639249.246, 138
Trd, 8639249.379, 137
Trd, 8639249.479, 136
Trd, 8639250.312, 122
Trd, 8639250.512, 131
Trd, 8639250.912, 119
Trd, 8639251.612, 129
Trd, 8639252.479, 139
Trd, 8639252.579, 125
Trd, 8639253.646, 129
Trd, 8639253.746, 116
Trd, 8639254.146, 107
Trd, 8639254.579, 112
Trd, 8639254.646, 111
Trd, 8639255.812, 130
Trd, 8639256.079, 138
Trd, 8639256.112, 137
Trd, 8639256.846, 124
Trd, 8639256.912, 121
Trd, 8639257.346, 114
Trd, 8639257.679, 120
Trd, 8639258.279, 113
Trd, 8639259.379, 140
Trd, 8639259.712, 137
Trd, 8639260.246, 130
Trd, 8639260.979, 109
Trd, 8639261.879, 133
Trd, 8639262.046, 136
Trd, 8639262.612, 112
Trd, 8639262.746, 99
Trd, 8639263.046, 98
Trd, 8639263.679, 128
Trd, 8639264.012, 124
Trd, 8639264.379, 106
Trd, 8639264.412, 104
Trd, 8639265.179, 85
Trd, 8639265.512, 123
Trd, 8639265.679, 78
Trd, 8639266.712, 83
Trd, 8639266.846, 81
Trd, 8639267.946, 89
Trd, 8639268.046, 85
Trd, 8639268.279, 90
Trd, 8639268.646, 130
Trd, 8639269.012, 97
Trd, 8639269.612, 131
Trd, 8639269.812, 111
Trd, 8639270.812, 71
Trd, 8639271.446, 67
Trd, 8639272.146, 115
Trd, 8639272.412, 73
Trd, 8639272.979, 87
Trd, 8639273.779, 127
Trd, 8639274.279, 140
Trd, 8639274.779, 139
Trd, 8639275.246, 137
Trd, 8639275.546, 120
Trd, 8639275.712, 113
Trd, 8639275.846, 110
Trd, 8639276.012, 107
Trd, 8639276.612, 138
Trd, 8639277.046, 122
Trd, 8639277.612, 104
Trd, 8639277.779, 93
Trd, 8639278.312, 120
Trd, 8639278.512, 119
Trd, 8639279.879, 118
Trd, 8639280.812, 113
Trd, 8639281.779, 140
Trd, 8639281.879, 140
Trd, 8639282.212, 137
Trd, 8639282.779, 133
Trd, 8639283.379, 116
Trd, 8639283.412, 115
Trd, 8639283.779, 94
Trd, 8639283.912, 93
Trd, 8639284.012, 100
Trd, 8639284.412, 88
Trd, 8639285.812, 97
Trd, 8639286.446, 99
Trd, 8639287.312, 90
Trd, 8639287.679, 70
Trd, 8639288.079, 69
Trd, 8639289.412, 140
Trd, 8639289.512, 140
Trd, 8639289.546, 135
Trd, 8639289.746, 129
Trd, 8639290.546, 115
Trd, 8639290.779, 105
Trd, 8639291.512, 132
Trd, 8639292.012, 96
Trd, 8639292.446, 113
Trd, 8639292.846, 96
Trd, 8639293.246, 99
Trd, 8639293.612, 124
Trd, 8639293.912, 109
Trd, 8639294.346, 99
Trd, 8639294.612, 98
Trd, 8639295.246, 78
Trd, 8639295.379, 73
Trd, 8639295.479, 102
Trd, 8639296.512, 85
Trd, 8639297.346, 77
Trd, 8639297.679, 75
Trd, 8639298.012, 84
Trd, 8639299.179, 83
Trd, 8639299.579, 86
Trd, 8639299.779, 81
Trd, 8639300.046, 101
Trd, 8639300.112, 92
Trd, 8639300.446, 102
Trd, 8639301.246, 140
Trd, 8639301.446, 92
Trd, 8639301.979, 84
Trd, 8639302.712, 84
Trd, 8639303.179, 84
Trd, 8639303.246, 74
Trd, 8639303.346, 88
Trd, 8639304.546, 109
Trd, 8639305.246, 108
Trd, 8639306.012, 109
Trd, 8639306.379, 122
Trd, 8639306.446, 108
Trd, 8639307.246, 130
Trd, 8639307.279, 103
Trd, 8639307.546, 92
Trd, 8639307.846, 91
Trd, 8639308.512, 104
Trd, 8639309.079, 85
Trd, 8639309.112, 122
Trd, 8639309.579, 86
Trd, 8639310.212, 83
Trd, 8639310.446, 111
Trd, 8639310.879, 94
Trd, 8639310.979, 92
Trd, 8639311.246, 104
Trd, 8639311.512, 91
Trd, 8639311.979, 91
Trd, 8639312.546, 95
Trd, 8639313.646, 129
Trd, 8639314.179, 125
Trd, 8639314.279, 124
Trd, 8639314.846, 107
Trd, 8639315.079, 140
Trd, 8639315.512, 133
Trd, 8639315.746, 115
Trd, 8639316.146, 102
Trd, 8639316.346, 80
Trd, 8639317.146, 91
Trd, 8639317.379, 81
Trd, 8639318.379, 85
Trd, 8639318.412, 96
Trd, 8639318.512, 124
Trd, 8639318.546, 77
Trd, 8639318.746, 65
Trd, 8639319.712, 74
Trd, 8639319.979, 93
Trd, 8639321.312, 97
Trd, 8639321.346, 105
Trd, 8639321.612, 117
Trd, 8639321.946, 98
Trd, 8639322.046, 97
Trd, 8639322.379, 107
Trd, 8639323.312, 91
Trd, 8639323.446, 90
Trd, 8639324.012, 115
Trd, 8639324.479, 95
Trd, 8639325.312, 95
Trd, 8639326.246, 139
Trd, 8639327.012, 92
Trd, 8639327.046, 85
Trd, 8639327.246, 85
Trd, 8639327.346, 83
Trd, 8639327.779, 65
Trd, 8639328.479, 135
Trd, 8639329.379, 110
Trd, 8639329.779, 120
Trd, 8639331.179, 128
Trd, 8639331.312, 121
Trd, 8639331.846, 109
Trd, 8639332.379, 121
Trd, 8639332.412, 110
Trd, 8639332.579, 135
Trd, 8639333.112, 95
Trd, 8639333.712, 94
Trd, 8639335.046, 88
Trd, 8639335.179, 77
Trd, 8639335.579, 65
Trd, 8639336.179, 74
Trd, 8639336.446, 88
Trd, 8639338.246, 140
Trd, 8639338.312, 137
Trd, 8639338.412, 136
Trd, 8639339.446, 114
Trd, 8639339.812, 103
Trd, 8639340.112, 77
Trd, 8639340.279, 90
Trd, 8639340.579, 68
Trd, 8639341.512, 108
Trd, 8639341.712, 94
Trd, 8639341.846, 90
Trd, 8639341.946, 88
Trd, 8639342.412, 87
Trd, 8639342.912, 126
Trd, 8639343.512, 140
Trd, 8639344.246, 134
Trd, 8639344.512, 127
Trd, 8639345.212, 127
Trd, 8639345.679, 140
Trd, 8639345.846, 118
Trd, 8639345.879, 102
Trd, 8639347.212, 90
Trd, 8639347.812, 110
Trd, 8639347.846, 108
Trd, 8639348.012, 89
Trd, 8639348.146, 84
Trd, 8639349.012, 138
Trd, 8639349.046, 135
Trd, 8639349.512, 105
Trd, 8639350.512, 134
Trd, 8639350.846, 103
Trd, 8639351.079, 127
Trd, 8639351.612, 129
Trd, 8639352.312, 112
Trd, 8639352.579, 103
Trd, 8639352.612, 102
Trd, 8639352.912, 103
Trd, 8639353.346, 102
Trd, 8639353.712, 97
Trd, 8639354.579, 132
Trd, 8639355.412, 134
Trd, 8639355.579, 108
Trd, 8639356.212, 140
Trd, 8639356.712, 127
Trd, 8639356.846, 122
Trd, 8639357.279, 113
Trd, 8639358.512, 108
Trd, 8639358.712, 93
Trd, 8639359.246, 87
Trd, 8639359.612, 87
Trd, 8639359.646, 86
Trd, 8639359.712, 76
Trd, 8639359.846, 117
Trd, 8639361.046, 140
Trd, 8639361.212, 140
Trd, 8639361.346, 110
Trd, 8639361.379, 114
Trd, 8639362.479, 69
Trd, 8639362.812, 68
Trd, 8639363.846, 127
Trd, 8639364.612, 128
Trd, 8639364.779, 127
Trd, 8639365.279, 120
Trd, 8639365.712, 114
Trd, 8639366.312, 140
Trd, 8639367.212, 81
Trd, 8639367.679, 91
Trd, 8639368.012, 108
Trd, 8639369.412, 100
Trd, 8639370.046, 119
Trd, 8639370.146, 114
Trd, 8639370.312, 131
Trd, 8639370.346, 104
Trd, 8639370.379, 103
Trd, 8639371.512, 127
Trd, 8639371.546, 110
Trd, 8639371.746, 90
Trd, 8639372.046, 61
Trd, 8639372.446, 71
Trd, 8639373.079, 112
Trd, 8639373.979, 67
Trd, 8639374.846, 66
Trd, 8639375.112, 65
Trd, 8639375.246, 98
Trd, 8639375.412, 68
Trd, 8639375.746, 107
Trd, 8639376.079, 107
Trd, 8639376.412, 106
Trd, 8639376.612, 134
Trd, 8639377.846, 96
Trd, 8639378.279, 97
Trd, 8639378.379, 89
Trd, 8639378.612, 100
Trd, 8639379.279, 64
Trd, 8639379.712, 80
Trd, 8639380.546, 60
Trd, 8639381.212, 73
Trd, 8639381.479, 61
Trd, 8639381.746, 95
Trd, 8639381.812, 72
Trd, 8639382.679, 62
Trd, 8639383.512, 63
Trd, 8639383.546, 60
Trd, 8639383.579, 98
Trd, 8639384.046, 98
Trd, 8639384.512, 70
Trd, 8639384.546, 101
Trd, 8639386.146, 64
Trd, 8639386.246, 66
Trd, 8639387.379, 114
Trd, 8639387.579, 86
Trd, 8639387.679, 71
Trd, 8639388.112, 93
Trd, 8639388.279, 85
Trd, 8639388.546, 114
Trd, 8639389.579, 71
Trd, 8639390.079, 84
Trd, 8639390.779, 78
Trd, 8639390.846, 75
Trd, 8639391.246, 84
Trd, 8639391.279, 118
Trd, 8639392.179, 115
Trd, 8639392.912, 107
Trd, 8639393.312, 106
Trd, 8639393.712, 105
Trd, 8639393.846, 102
Trd, 8639393.879, 90
Trd, 8639394.646, 122
Trd, 8639394.746, 95
Trd, 8639394.912, 138
Trd, 8639395.246, 89
Trd, 8639395.479, 85
Trd, 8639396.646, 134
Trd, 8639397.879, 107
Trd, 8639398.412, 126
Trd, 8639398.479, 106
Trd, 8639398.612, 104
Trd, 8639399.412, 118
Trd, 8639399.546, 95
Trd, 8639400.346, 140
Trd, 8639400.446, 116
Trd, 8639401.312, 140
Trd, 8639401.846, 140
Trd, 8639402.412, 140
Trd, 8639402.879, 128
Trd, 8639403.346, 112
Trd, 8639403.712, 107
Trd, 8639403.879, 103
Trd, 8639403.946, 102
Trd, 8639404.046, 89
Trd, 8639404.479, 88
Trd, 8639405.779, 129
Trd, 8639406.046, 127
Trd, 8639406.546, 114
Trd, 8639406.879, 107
Trd, 8639407.879, 95
Trd, 8639408.479, 140
Trd, 8639408.679, 126
Trd, 8639408.846, 120
Trd, 8639409.379, 115
Trd, 8639409.546, 110
Trd, 8639410.012, 92
Trd, 8639410.546, 111
Trd, 8639410.846, 122
Trd, 8639411.246, 121
Trd, 8639411.679, 102
Trd, 8639412.346, 122
Trd, 8639412.779, 121
Trd, 8639413.679, 108
Trd, 8639414.179, 107
Trd, 8639414.479, 105
Trd, 8639414.779, 108
Trd, 8639414.812, 98
Trd, 8639414.846, 95
Trd, 8639415.346, 80
Trd, 8639415.879, 87
Trd, 8639416.646, 96
Trd, 8639416.712, 137
Trd, 8639417.412, 106
Trd, 8639418.212, 107
Trd, 8639418.346, 80
Trd, 8639418.579, 82
Trd, 8639418.679, 79
Trd, 8639418.846, 73
Trd, 8639418.946, 93
Trd, 8639419.346, 100
Trd, 8639420.679, 127
Trd, 8639420.879, 139
Trd, 8639421.179, 116
Trd, 8639422.412, 103
Trd, 8639423.346, 103
Trd, 8639423.946, 103
Trd, 8639424.312, 98
Trd, 8639425.412, 115
Trd, 8639425.812, 114
Trd, 8639425.846, 113
Trd, 8639425.979, 117
Trd, 8639426.179, 108
Trd, 8639426.512, 95
Trd, 8639426.612, 108
Trd, 8639427.046, 105
Trd, 8639429.012, 140
Trd, 8639429.079, 140
Trd, 8639430.079, 137
Trd, 8639431.479, 135
Trd, 8639431.912, 131
Trd, 8639432.146, 129
Trd, 8639432.346, 128
Trd, 8639432.479, 127
Trd, 8639432.546, 113
Trd, 8639433.179, 130
Trd, 8639434.646, 139
Trd, 8639435.046, 100
Trd, 8639435.346, 98
Trd, 8639435.879, 100
Trd, 8639436.046, 99
Trd, 8639436.512, 110
Trd, 8639436.812, 113
Trd, 8639437.112, 90
Trd, 8639437.779, 128
Trd, 8639438.346, 108
Trd, 8639438.512, 107
Trd, 8639438.646, 104
Trd, 8639439.046, 91
Trd, 8639439.246, 113
Trd, 8639439.712, 89
Trd, 8639440.512, 86
Trd, 8639441.379, 83
Trd, 8639441.779, 125
Trd, 8639442.146, 120
Trd, 8639442.646, 104
Trd, 8639442.779, 84
Trd, 8639443.512, 102
Trd, 8639443.712, 85
Trd, 8639444.446, 86
Trd, 8639444.646, 112
Trd, 8639445.512, 116
Trd, 8639445.846, 132
Trd, 8639446.179, 130
Trd, 8639446.846, 122
Trd, 8639446.879, 108
Trd, 8639447.146, 104
Trd, 8639447.512, 95
Trd, 8639447.879, 99
Trd, 8639448.046, 97
Trd, 8639448.512, 90
Trd, 8639448.779, 139
Trd, 8639449.279, 92
Trd, 8639449.446, 91
Trd, 8639449.679, 85
Trd, 8639450.079, 60
Trd, 8639450.112, 73
Trd, 8639450.846, 60
Trd, 8639451.279, 101
Trd, 8639452.712, 115
Trd, 8639452.979, 103
Trd, 8639453.446, 122
Trd, 8639453.679, 78
Trd, 8639453.912, 77
Trd, 8639454.679, 81
Trd, 8639454.879, 77
Trd, 8639455.246, 82
Trd, 8639456.812, 140
Trd, 8639457.846, 140
Trd, 8639458.079, 140
Trd, 8639458.279, 140
Trd, 8639458.346, 140
Trd, 8639458.579, 140
Trd, 8639458.812, 130
Trd, 8639458.879, 125
Trd, 8639460.246, 139
Trd, 8639461.012, 127
Trd, 8639461.146, 124
Trd, 8639461.746, 135
Trd, 8639462.112, 128
Trd, 8639462.279, 127
Trd, 8639462.679, 138
Trd, 8639463.446, 95
Trd, 8639465.179, 140
Trd, 8639465.879, 140
Trd, 8639466.012, 140
Trd, 8639466.412, 127
Trd, 8639467.079, 139
Trd, 8639467.179, 121
Trd, 8639467.412, 120
Trd, 8639467.679, 114
Trd, 8639468.312, 126
Trd, 8639468.579, 115
Trd, 8639469.179, 113
Trd, 8639470.879, 136
Trd, 8639471.112, 137
Trd, 8639471.146, 128
Trd, 8639472.046, 119
Trd, 8639472.279, 115
Trd, 8639472.479, 136
Trd, 8639472.679, 106
Trd, 8639472.746, 103
Trd, 8639473.512, 97
Trd, 8639473.746, 84
Trd, 8639474.046, 107
Trd, 8639474.779, 96
Trd, 8639475.012, 70
Trd, 8639476.112, 117
Trd, 8639476.146, 116
Trd, 8639477.179, 68
Trd, 8639477.512, 64
Trd, 8639478.012, 108
Trd, 8639478.512, 129
Trd, 8639478.579, 128
Trd, 8639478.912, 127
Trd, 8639478.946, 126
Trd, 8639479.212, 106
Trd, 8639479.346, 100
Trd, 8639479.446, 99
Trd, 8639481.112, 109
Trd, 8639481.612, 93
Trd, 8639482.212, 128
Trd, 8639482.312, 96
Trd, 8639482.546, 107
Trd, 8639483.146, 99
Trd, 8639483.179, 108
Trd, 8639483.312, 118
Trd, 8639483.612, 99
Trd, 8639483.946, 93
Trd, 8639484.579, 140
Trd, 8639484.846, 140
Trd, 8639485.379, 140
Trd, 8639485.646, 127
Trd, 8639486.046, 118
Trd, 8639486.346, 63
Trd, 8639487.112, 109
Trd, 8639488.046, 80
Trd, 8639488.479, 81
Trd, 8639489.246, 109
Trd, 8639489.346, 79
Trd, 8639489.512, 131
Trd, 8639490.979, 130
Trd, 8639491.546, 131
Trd, 8639492.579, 127
Trd, 8639492.712, 116
Trd, 8639493.012, 117
Trd, 8639493.079, 110
Trd, 8639493.612, 91
Trd, 8639493.646, 90
Trd, 8639494.846, 119
Trd, 8639495.512, 139
Trd, 8639495.612, 139
Trd, 8639495.912, 139
Trd, 8639496.012, 125
Trd, 8639496.612, 125
Trd, 8639497.512, 140
Trd, 8639497.812, 103
Trd, 8639498.846, 96
Trd, 8639498.879, 84
Trd, 8639499.379, 98
Trd, 8639499.812, 115
Trd, 8639500.046, 97
Trd, 8639500.612, 97
Trd, 8639501.579, 93
Trd, 8639501.779, 104
Trd, 8639502.146, 119
Trd, 8639502.212, 112
Trd, 8639502.646, 131
Trd, 8639502.712, 125
Trd, 8639503.512, 135
Trd, 8639503.679, 136
Trd, 8639503.879, 82
Trd, 8639504.779, 95
Trd, 8639506.012, 125
Trd, 8639506.512, 140
Trd, 8639506.612, 132
Trd, 8639506.646, 100
Trd, 8639507.246, 88
Trd, 8639507.979, 112
Trd, 8639508.046, 70
Trd, 8639508.746, 96
Trd, 8639509.612, 109
Trd, 8639510.146, 109
Trd, 8639510.346, 108
Trd, 8639512.546, 140
Trd, 8639512.812, 95
Trd, 8639513.079, 92
Trd, 8639513.279, 92
Trd, 8639513.446, 85
Trd, 8639513.746, 129
Trd, 8639513.879, 107
Trd, 8639514.546, 140
Trd, 8639514.746, 132
Trd, 8639515.146, 130
Trd, 8639515.712, 129
Trd, 8639516.146, 119
Trd, 8639516.779, 102
Trd, 8639516.812, 101
Trd, 8639517.846, 97
Trd, 8639518.012, 134
Trd, 8639518.579, 132
Trd, 8639518.612, 131
Trd, 8639518.779, 93
Trd, 8639519.312, 81
Trd, 8639519.612, 70
Trd, 8639519.912, 94
Trd, 8639520.146, 69
Trd, 8639520.779, 121
Trd, 8639521.246, 97
Trd, 8639522.112, 98
Trd, 8639522.612, 97
Trd, 8639522.712, 122
Trd, 8639523.179, 88
Trd, 8639523.246, 76
Trd, 8639523.279, 75
Trd, 8639523.946, 140
Trd, 8639524.646, 135
Trd, 8639524.779, 134
Trd, 8639525.246, 123
Trd, 8639525.579, 122
Trd, 8639526.379, 127
Trd, 8639526.879, 128
Trd, 8639526.979, 118
Trd, 8639527.079, 112
Trd, 8639527.446, 106
Trd, 8639527.779, 88
Trd, 8639528.212, 80
Trd, 8639528.412, 80
Trd, 8639528.812, 90
Trd, 8639529.212, 122
Trd, 8639529.546, 106
Trd, 8639529.579, 104
Trd, 8639529.812, 79
Trd, 8639530.579, 112
Trd, 8639530.912, 68
Trd, 8639531.179, 137
Trd, 8639531.712, 73
Trd, 8639533.146, 140
Trd, 8639533.379, 116
Trd, 8639533.912, 115
Trd, 8639534.179, 107
Trd, 8639535.112, 104
Trd, 8639535.479, 109
Trd, 8639536.412, 139
Trd, 8639536.446, 137
Trd, 8639536.646, 125
Trd, 8639537.112, 134
Trd, 8639537.146, 116
Trd, 8639538.479, 140
Trd, 8639538.779, 100
Trd, 8639539.079, 98
Trd, 8639539.379, 101
Trd, 8639539.446, 95
Trd, 8639539.712, 140
Trd, 8639540.746, 113
Trd, 8639541.012, 119
Trd, 8639541.046, 112
Trd, 8639541.179, 108
Trd, 8639543.279, 86
Trd, 8639543.846, 110
Trd, 8639544.046, 86
Trd, 8639544.746, 85
Trd, 8639545.146, 109
Trd, 8639545.579, 87
Trd, 8639545.879, 84
Trd, 8639546.212, 109
Trd, 8639546.312, 98
Trd, 8639546.646, 97
Trd, 8639547.079, 117
Trd, 8639547.412, 122
Trd, 8639548.046, 117
Trd, 8639548.212, 115
Trd, 8639549.412, 140
Trd, 8639549.446, 139
Trd, 8639549.512, 132
Trd, 8639550.146, 139
Trd, 8639550.479, 109
Trd, 8639551.846, 90
Trd, 8639552.212, 98
Trd, 8639552.312, 83
Trd, 8639552.346, 82
Trd, 8639552.379, 77
Trd, 8639552.946, 112
Trd, 8639553.079, 87
Trd, 8639553.179, 72
Trd, 8639554.346, 123
Trd, 8639555.512, 140
Trd, 8639556.212, 139
Trd, 8639556.979, 116
Trd, 8639557.079, 106
Trd, 8639557.212, 102
Trd, 8639557.612, 96
Trd, 8639558.012, 126
Trd, 8639558.679, 112
Trd, 8639558.912, 140
Trd, 8639560.079, 118
Trd, 8639560.212, 140
Trd, 8639560.346, 117
Trd, 8639560.779, 105
Trd, 8639562.012, 113
Trd, 8639562.246, 112
Trd, 8639562.612, 125
Trd, 8639563.246, 131
Trd, 8639563.679, 114
Trd, 8639563.746, 70
Trd, 8639565.446, 121
Trd, 8639566.112, 123
Trd, 8639566.412, 134
Trd, 8639566.879, 127
Trd, 8639567.446, 131
Trd, 8639567.679, 125
Trd, 8639568.079, 124
Trd, 8639569.012, 109
Trd, 8639569.079, 104
Trd, 8639569.112, 93
Trd, 8639569.546, 89
Trd, 8639569.979, 85
Trd, 8639570.346, 65
Trd, 8639570.679, 85
Trd, 8639571.912, 131
Trd, 8639571.946, 130
Trd, 8639572.379, 93
Trd, 8639574.146, 124
Trd, 8639574.479, 118
Trd, 8639575.046, 106
Trd, 8639575.612, 97
Trd, 8639576.479, 139
Trd, 8639576.812, 99
Trd, 8639577.612, 140
Trd, 8639577.879, 140
Trd, 8639578.212, 139
Trd, 8639578.279, 120
Trd, 8639578.846, 97
Trd, 8639579.212, 74
Trd, 8639579.246, 73
Trd, 8639580.146, 61
Trd, 8639580.879, 117
Trd, 8639581.979, 124
Trd, 8639582.379, 102
Trd, 8639582.679, 139
Trd, 8639583.812, 137
Trd, 8639584.079, 124
Trd, 8639584.179, 95
Trd, 8639584.579, 80
Trd, 8639585.812, 129
Trd, 8639586.146, 128
Trd, 8639586.779, 85
Trd, 8639586.979, 110
Trd, 8639587.112, 74
Trd, 8639587.746, 73
Trd, 8639588.079, 101
Trd, 8639589.112, 122
Trd, 8639589.346, 97
Trd, 8639589.512, 80
Trd, 8639590.712, 140
Trd, 8639590.846, 124
Trd, 8639591.946, 79
Trd, 8639591.979, 79
Trd, 8639592.079, 75
Trd, 8639592.512, 74
Trd, 8639593.112, 71
Trd, 8639593.146, 85
Trd, 8639593.946, 84
Trd, 8639594.346, 77
Trd, 8639595.079, 75
Trd, 8639595.246, 78
Trd, 8639595.546, 103
Trd, 8639595.712, 74
Trd, 8639595.779, 130
Trd, 8639595.979, 73
Trd, 8639597.846, 140
Trd, 8639598.179, 112
Trd, 8639598.879, 118
Trd, 8639599.012, 118
Trd, 8639599.812, 112
Trd, 8639599.946, 131
Trd, 8639600.712, 140
Trd, 8639601.479, 133
Trd, 8639601.512, 132
Trd, 8639601.579, 112
Trd, 8639601.679, 111
Trd, 8639602.379, 112
Trd, 8639602.546, 100
Trd, 8639604.212, 115
Trd, 8639604.479, 100
Trd, 8639605.812, 133
Trd, 8639606.712, 140
Trd, 8639607.012, 122
Trd, 8639607.146, 128
Trd, 8639607.246, 123
Trd, 8639607.379, 121
Trd, 8639607.946, 114
Trd, 8639608.246, 81
Trd, 8639608.712, 139
Trd, 8639609.079, 122
Trd, 8639609.546, 122
Trd, 8639610.179, 139
Trd, 8639610.812, 118
Trd, 8639611.046, 116
Trd, 8639611.246, 98
Trd, 8639611.312, 90
Trd, 8639611.646, 115
Trd, 8639612.446, 69
Trd, 8639613.312, 80
Trd, 8639613.479, 106
Trd, 8639614.012, 79
Trd, 8639614.546, 103
Trd, 8639615.946, 106
Trd, 8639616.179, 103
Trd, 8639616.446, 119
Trd, 8639617.746, 113
Trd, 8639617.812, 110
Trd, 8639617.879, 100
Trd, 8639618.379, 88
Trd, 8639618.579, 92
Trd, 8639618.646, 65
Trd, 8639618.912, 131
Trd, 8639619.012, 92
Trd, 8639620.046, 90
Trd, 8639621.212, 94
Trd, 8639621.646, 89
Trd, 8639621.679, 85
Trd, 8639621.979, 101
Trd, 8639622.546, 111
Trd, 8639622.579, 132
Trd, 8639623.279, 114
Trd, 8639623.679, 114
Trd, 8639624.146, 113
Trd, 8639624.846, 128
Trd, 8639624.912, 119
Trd, 8639625.079, 105
Trd, 8639626.379, 97
Trd, 8639626.879, 86
Trd, 8639627.179, 74
Trd, 8639627.679, 105
Trd, 8639628.546, 132
Trd, 8639628.779, 112
Trd, 8639629.079, 113
Trd, 8639629.912, 139
Trd, 8639629.979, 121
Trd, 8639630.079, 120
Trd, 8639630.179, 116
Trd, 8639630.246, 112
Trd, 8639631.679, 114
Trd, 8639632.012, 116
Trd, 8639632.179, 115
Trd, 8639632.646, 113
Trd, 8639633.012, 137
Trd, 8639633.412, 114
Trd, 8639633.612, 112
Trd, 8639633.846, 104
Trd, 8639634.512, 113
Trd, 8639634.812, 140
Trd, 8639635.012, 139
Trd, 8639635.446, 107
Trd, 8639635.946, 98
Trd, 8639636.912, 113
Trd, 8639637.179, 119
Trd, 8639637.346, 115
Trd, 8639637.579, 112
Trd, 8639638.512, 139
Trd, 8639638.646, 115
Trd, 8639639.079, 114
Trd, 8639639.112, 112
Trd, 8639639.679, 107
Trd, 8639639.846, 105
Trd, 8639640.612, 101
Trd, 8639640.912, 96
Trd, 8639641.879, 104
Trd, 8639642.412, 105
Trd, 8639642.579, 104
Trd, 8639643.079, 97
Trd, 8639643.579, 101
Trd, 8639643.712, 116
Trd, 8639644.212, 118
Trd, 8639644.612, 105
Trd, 8639645.212, 124
Trd, 8639645.379, 102
Trd, 8639645.879, 122
Trd, 8639646.112, 95
Trd, 8639647.079, 98
Trd, 8639647.312, 100
Trd, 8639647.446, 97
Trd, 8639647.612, 101
Trd, 8639648.112, 93
Trd, 8639648.612, 121
Trd, 8639648.912, 127
Trd, 8639650.046, 119
Trd, 8639650.146, 106
Trd, 8639651.379, 140
Trd, 8639652.212, 140
Trd, 8639653.079, 139
Trd, 8639653.346, 125
Trd, 8639653.546, 125
Trd, 8639653.679, 119
Trd, 8639653.912, 105
Trd, 8639653.979, 99
Trd, 8639654.612, 101
Trd, 8639654.712, 136
Trd, 8639655.179, 138
Trd, 8639655.246, 115
Trd, 8639655.412, 112
Trd, 8639655.846, 100
Trd, 8639656.179, 122
Trd, 8639656.679, 94
Trd, 8639657.712, 87
Trd, 8639658.012, 86
Trd, 8639658.746, 84
Trd, 8639659.012, 105
Trd, 8639659.412, 114
Trd, 8639659.646, 83
Trd, 8639660.012, 137
Trd, 8639660.179, 130
Trd, 8639660.212, 114
Trd, 8639661.846, 94
Trd, 8639662.112, 94
Trd, 8639662.946, 93
Trd, 8639663.079, 92
Trd, 8639663.546, 140
Trd, 8639664.512, 140
Trd, 8639664.746, 139
Trd, 8639664.779, 133
Trd, 8639664.912, 132
Trd, 8639665.146, 105
Trd, 8639665.746, 117
Trd, 8639666.479, 122
Trd, 8639666.779, 139
Trd, 8639667.179, 108
Trd, 8639668.246, 112
Trd, 8639668.279, 99
Trd, 8639668.812, 99
Trd, 8639669.412, 118
Trd, 8639670.046, 118
Trd, 8639670.246, 117
Trd, 8639670.546, 115
Trd, 8639671.179, 112
Trd, 8639671.346, 102
Trd, 8639671.379, 80
Trd, 8639672.179, 98
Trd, 8639672.446, 138
Trd, 8639673.612, 107
Trd, 8639674.079, 105
Trd, 8639675.079, 106
Trd, 8639675.346, 105
Trd, 8639675.479, 103
Trd, 8639676.546, 137
Trd, 8639676.746, 115
Trd, 8639676.779, 108
Trd, 8639676.812, 87
Trd, 8639677.412, 116
Trd, 8639677.946, 116
Trd, 8639678.112, 98
Trd, 8639678.312, 91
Trd, 8639678.679, 97
Trd, 8639678.846, 140
Trd, 8639678.946, 111
Trd, 8639679.879, 70
Trd, 8639680.946, 110
Trd, 8639681.279, 110
Trd, 8639683.312, 140
Trd, 8639683.379, 140
Trd, 8639684.546, 122
Trd, 8639684.579, 121
Trd, 8639684.779, 135
Trd, 8639685.012, 117
Trd, 8639685.479, 85
Trd, 8639685.546, 80
Trd, 8639685.912, 76
Trd, 8639686.779, 103
Trd, 8639686.812, 96
Trd, 8639687.212, 98
Trd, 8639687.779, 101
Trd, 8639687.846, 127
Trd, 8639688.279, 100
Trd, 8639688.546, 106
Trd, 8639689.112, 86
Trd, 8639689.212, 74
Trd, 8639689.879, 87
Trd, 8639691.012, 140
Trd, 8639691.312, 139
Trd, 8639691.512, 89
Trd, 8639693.112, 139
Trd, 8639693.612, 137
Trd, 8639694.212, 137
Trd, 8639694.379, 136
Trd, 8639694.512, 134
Trd, 8639695.546, 123
Trd, 8639695.646, 121
Trd, 8639696.746, 124
Trd, 8639697.379, 127
Trd, 8639697.579, 123
Trd, 8639698.046, 122
Trd, 8639698.379, 118
Trd, 8639698.746, 117
Trd, 8639699.012, 126
Trd, 8639700.179, 94
Trd, 8639700.846, 116
Trd, 8639701.312, 116
Trd, 8639701.346, 106
Trd, 8639702.046, 140
Trd, 8639702.179, 132
Trd, 8639702.312, 85
Trd, 8639704.046, 118
Trd, 8639704.479, 118
Trd, 8639704.912, 118
Trd, 8639705.146, 118
Trd, 8639705.279, 102
Trd, 8639705.446, 94
Trd, 8639705.546, 94
Trd, 8639705.579, 61
Trd, 8639706.546, 116
Trd, 8639706.879, 110
Trd, 8639707.479, 88
Trd, 8639708.912, 70
Trd, 8639709.079, 62
Trd, 8639709.312, 66
Trd, 8639709.946, 60
Trd, 8639710.746, 63
Trd, 8639711.412, 61
Trd, 8639711.546, 89
Trd, 8639711.646, 89
Trd, 8639712.079, 105
Trd, 8639712.212, 99
Trd, 8639712.612, 98
Trd, 8639712.712, 99
Trd, 8639714.112, 119
Trd, 8639714.379, 140
Trd, 8639714.546, 110
Trd, 8639714.812, 127
Trd, 8639715.046, 105
Trd, 8639715.946, 64
Trd, 8639716.346, 67
Trd, 8639717.579, 84
Trd, 8639717.712, 91
Trd, 8639718.012, 81
Trd, 8639718.379, 77
Trd, 8639718.446, 83
Trd, 8639719.179, 63
Trd, 8639720.479, 68
Trd, 8639720.579, 110
Trd, 8639721.579, 94
Trd, 8639721.712, 95
Trd, 8639722.312, 92
Trd, 8639722.546, 72
Trd, 8639723.312, 96
Trd, 8639723.446, 95
Trd, 8639723.479, 90
Trd, 8639723.512, 103
Trd, 8639723.879, 67
Trd, 8639724.379, 74
Trd, 8639724.479, 74
Trd, 8639724.946, 75
Trd, 8639725.079, 74
Trd, 8639725.712, 94
Trd, 8639727.112, 140
Trd, 8639727.146, 127
Trd, 8639727.846, 140
Trd, 8639728.379, 140
Trd, 8639728.512, 124
Trd, 8639728.846, 93
Trd, 8639729.079, 81
Trd, 8639729.512, 128
Trd, 8639731.279, 131
Trd, 8639731.312, 130
Trd, 8639731.646, 112
Trd, 8639731.779, 105
Trd, 8639732.279, 108
Trd, 8639732.479, 97
Trd, 8639732.546, 84
Trd, 8639733.846, 125
Trd, 8639733.879, 102
Trd, 8639734.146, 100
Trd, 8639734.712, 79
Trd, 8639735.246, 88
Trd, 8639735.946, 121
Trd, 8639736.279, 120
Trd, 8639737.012, 124
Trd, 8639737.312, 122
Trd, 8639737.479, 129
Trd, 8639737.512, 88
Trd, 8639738.779, 65
Trd, 8639739.212, 77
Trd, 8639739.546, 70
Trd, 8639739.579, 108
Trd, 8639739.679, 110
Trd, 8639740.046, 68
Trd, 8639740.079, 67
Trd, 8639741.012, 75
Trd, 8639741.212, 64
Trd, 8639741.512, 91
Trd, 8639741.846, 63
Trd, 8639742.279, 60
Trd, 8639743.079, 63
Trd, 8639744.112, 60
Trd, 8639744.379, 61
Trd, 8639744.679, 68
Trd, 8639746.012, 61
Trd, 8639746.712, 61
Trd, 8639747.279, 66
Trd, 8639747.579, 68
Trd, 8639748.079, 72
Trd, 8639748.812, 69
Trd, 8639749.012, 101
Trd, 8639749.379, 105
Trd, 8639749.712, 89
Trd, 8639750.046, 130
Trd, 8639750.079, 85
Trd, 8639750.812, 73
Trd, 8639751.312, 87
Trd, 8639751.512, 112
Trd, 8639751.812, 73
Trd, 8639751.912, 72
Trd, 8639752.112, 71
Trd, 8639753.146, 84
Trd, 8639753.579, 73
Trd, 8639753.979, 87
Trd, 8639754.046, 70
Trd, 8639754.479, 95
Trd, 8639756.112, 140
Trd, 8639756.146, 140
Trd, 8639756.346, 132
Trd, 8639757.379, 129
Trd, 8639757.446, 117
Trd, 8639758.079, 61
Trd, 8639758.346, 69
Trd, 8639759.279, 76
Trd, 8639759.379, 74
Trd, 8639760.146, 90
Trd, 8639760.179, 89
Trd, 8639760.712, 140
Trd, 8639761.312, 88
Trd, 8639761.712, 74
Trd, 8639762.212, 97
Trd, 8639762.379, 97
Trd, 8639762.546, 96
Trd, 8639763.179, 81
Trd, 8639763.279, 112
Trd, 8639763.879, 117
Trd, 8639765.146, 85
Trd, 8639765.446, 83
Trd, 8639765.479, 79
Trd, 8639766.079, 108
Trd, 8639767.479, 98
Trd, 8639767.646, 83
Trd, 8639767.979, 104
Trd, 8639768.879, 95
Trd, 8639769.546, 132
Trd, 8639769.712, 139
Trd, 8639770.079, 119
Trd, 8639770.312, 119
Trd, 8639770.579, 118
Trd, 8639771.012, 117
Trd, 8639771.046, 100
Trd, 8639771.146, 90
Trd, 8639772.279, 94
Trd, 8639772.346, 82
Trd, 8639773.712, 135
Trd, 8639773.746, 134
Trd, 8639774.112, 123
Trd, 8639774.612, 115
Trd, 8639774.712, 112
Trd, 8639775.312, 115
Trd, 8639775.379, 112
Trd, 8639775.979, 103
Trd, 8639776.379, 83
Trd, 8639776.912, 103
Trd, 8639777.046, 84
Trd, 8639777.379, 80
Trd, 8639777.646, 88
Trd, 8639778.046, 116
Trd, 8639778.946, 97
Trd, 8639778.979, 95
Trd, 8639779.146, 94
Trd, 8639779.346, 89
Trd, 8639779.946, 114
Trd, 8639780.579, 99
Trd, 8639780.912, 98
Trd, 8639780.979, 86
Trd, 8639781.479, 84
Trd, 8639782.312, 61
Trd, 8639782.646, 101
Trd, 8639783.246, 116
Trd, 8639783.312, 102
Trd, 8639783.879, 107
Trd, 8639783.979, 99
Trd, 8639784.579, 99
Trd, 8639784.912, 126
Trd, 8639784.979, 97
Trd, 8639785.746, 94
Trd, 8639786.279, 92
Trd, 8639786.479, 125
Trd, 8639787.246, 121
Trd, 8639787.546, 121
Trd, 8639787.579, 120
Trd, 8639787.846, 110
Trd, 8639788.046, 112
Trd, 8639788.146, 121
Trd, 8639788.712, 99
Trd, 8639788.812, 95
Trd, 8639789.512, 64
Trd, 8639790.079, 66
Trd, 8639790.612, 71
Trd, 8639791.412, 83
Trd, 8639791.879, 140
Trd, 8639792.046, 96
Trd, 8639793.012, 90
Trd, 8639793.479, 116
Trd, 8639794.646, 128
Trd, 8639795.146, 129
Trd, 8639795.446, 130
Trd, 8639795.546, 122
Trd, 8639795.612, 107
Trd, 8639795.712, 107
Trd, 8639796.146, 76
Trd, 8639796.212, 70
Trd, 8639796.946, 112
Trd, 8639797.412, 71
Trd, 8639797.479, 78
Trd, 8639797.812, 93
Trd, 8639798.146, 61
Trd, 8639798.879, 64
Trd, 8639799.046, 68
Trd, 8639799.579, 75
Trd, 8639800.212, 67
Trd, 8639800.246, 105
Trd, 8639800.546, 75
Trd, 8639800.812, 64
Trd, 8639802.012, 121
Trd, 8639802.079, 106
Trd, 8639802.246, 97
Trd, 8639802.379, 89
Trd, 8639803.012, 68
Trd, 8639803.779, 86
Trd, 8639803.879, 103
Trd, 8639805.112, 86
Trd, 8639805.179, 85
Trd, 8639805.279, 84
Trd, 8639805.812, 140
Trd, 8639806.146, 140
Trd, 8639806.312, 140
Trd, 8639806.412, 132
Trd, 8639807.179, 133
Trd, 8639807.212, 103
Trd, 8639808.112, 116
Trd, 8639808.279, 104
Trd, 8639808.512, 73
Trd, 8639808.779, 115
Trd, 8639809.746, 140
Trd, 8639809.946, 130
Trd, 8639810.046, 129
Trd, 8639810.879, 116
Trd, 8639811.112, 116
Trd, 8639811.646, 116
Trd, 8639812.012, 115
Trd, 8639812.812, 109
Trd, 8639813.179, 131
Trd, 8639813.646, 139
Trd, 8639813.846, 132
Trd, 8639814.412, 131
Trd, 8639814.512, 127
Trd, 8639814.912, 125
Trd, 8639815.312, 112
Trd, 8639816.012, 104
Trd, 8639816.179, 98
Trd, 8639816.379, 94
Trd, 8639816.779, 93
Trd, 8639817.412, 75
Trd, 8639817.612, 62
Trd, 8639818.379, 102
Trd, 8639818.446, 89
Trd, 8639818.579, 83
Trd, 8639819.112, 66
Trd, 8639819.946, 77
Trd, 8639820.646, 114
Trd, 8639820.679, 113
Trd, 8639820.779, 112
Trd, 8639821.679, 89
Trd, 8639822.646, 84
Trd, 8639822.946, 76
Trd, 8639823.479, 77
Trd, 8639824.112, 101
Trd, 8639824.312, 91
Trd, 8639824.412, 83
Trd, 8639825.246, 115
Trd, 8639825.746, 132
Trd, 8639826.846, 132
Trd, 8639826.879, 109
Trd, 8639827.179, 109
Trd, 8639828.112, 140
Trd, 8639828.712, 140
Trd, 8639829.112, 132
Trd, 8639829.546, 129
Trd, 8639829.846, 124
Trd, 8639830.479, 126
Trd, 8639830.612, 126
Trd, 8639830.779, 125
Trd, 8639830.812, 119
Trd, 8639830.946, 112
Trd, 8639831.779, 124
Trd, 8639832.112, 124
Trd, 8639832.612, 140
Trd, 8639832.846, 120
Trd, 8639833.546, 123
Trd, 8639834.046, 108
Trd, 8639834.912, 137
Trd, 8639835.079, 136
Trd, 8639835.746, 139
Trd, 8639835.879, 118
Trd, 8639836.412, 128
Trd, 8639836.446, 127
Trd, 8639837.446, 113
Trd, 8639837.546, 139
Trd, 8639838.512, 138
Trd, 8639838.946, 129
Trd, 8639839.446, 137
Trd, 8639839.646, 126
Trd, 8639839.679, 113
Trd, 8639840.112, 101
Trd, 8639840.346, 70
Trd, 8639840.546, 139
Trd, 8639840.812, 132
Trd, 8639841.846, 128
Trd, 8639842.012, 118
Trd, 8639842.979, 119
Trd, 8639844.212, 123
Trd, 8639844.312, 87
Trd, 8639844.412, 85
Trd, 8639845.346, 139
Trd, 8639845.379, 138
Trd, 8639846.079, 119
Trd, 8639846.479, 137
Trd, 8639846.579, 123
Trd, 8639846.846, 118
Trd, 8639847.312, 127
Trd, 8639848.512, 116
Trd, 8639848.712, 115
Trd, 8639848.946, 115
Trd, 8639849.579, 125
Trd, 8639849.779, 119
Trd, 8639850.846, 140
Trd, 8639851.212, 140
Trd, 8639851.346, 123
Trd, 8639851.412, 119
Trd, 8639852.079, 125
Trd, 8639852.246, 106
Trd, 8639852.346, 92
Trd, 8639853.046, 140
Trd, 8639853.346, 140
Trd, 8639853.879, 124
Trd, 8639854.312, 116
Trd, 8639854.779, 128
Trd, 8639855.046, 60
Trd, 8639855.379, 77
Trd, 8639856.112, 87
Trd, 8639856.579, 86
Trd, 8639856.679, 60
Trd, 8639858.112, 90
Trd, 8639858.946, 131
Trd, 8639859.079, 118
Trd, 8639859.379, 134
Trd, 8639860.046, 136
Trd, 8639860.312, 135
Trd, 8639860.379, 132
Trd, 8639860.479, 129
Trd, 8639861.379, 132
Trd, 8639861.812, 119
Trd, 8639862.579, 117
Trd, 8639862.712, 116
Trd, 8639863.879, 133
Trd, 8639864.112, 138
Trd, 8639864.812, 123
Trd, 8639865.246, 139
Trd, 8639865.646, 112
Trd, 8639866.212, 104
Trd, 8639866.446, 102
Trd, 8639866.546, 101
Trd, 8639866.879, 120
Trd, 8639867.046, 116
Trd, 8639867.412, 99
Trd, 8639867.712, 98
Trd, 8639867.846, 94
Trd, 8639868.946, 105
Trd, 8639869.179, 128
Trd, 8639869.612, 96
Trd, 8639870.112, 95
Trd, 8639870.279, 93
Trd, 8639870.579, 134
Trd, 8639872.146, 138
Trd, 8639873.012, 133
Trd, 8639873.112, 132
Trd, 8639873.246, 120
Trd, 8639874.146, 134
Trd, 8639874.179, 126
Trd, 8639875.579, 114
Trd, 8639875.712, 113
Trd, 8639875.912, 139
Trd, 8639876.012, 117
Trd, 8639876.079, 113
Trd, 8639876.946, 109
Trd, 8639877.212, 107
Trd, 8639877.779, 92
Trd, 8639878.646, 135
Trd, 8639879.512, 135
Trd, 8639880.046, 134
Trd, 8639880.246, 123
Trd, 8639880.279, 110
Trd, 8639880.812, 105
Trd, 8639881.446, 60
Trd, 8639881.679, 121
Trd, 8639882.579, 133
Trd, 8639882.712, 79
Trd, 8639883.746, 134
Trd, 8639884.046, 133
Trd, 8639884.312, 140
Trd, 8639885.046, 127
Trd, 8639886.112, 128
Trd, 8639886.579, 111
Trd, 8639886.712, 111
Trd, 8639886.846, 105
Trd, 8639887.912, 117
Trd, 8639888.412, 101
Trd, 8639888.479, 100
Trd, 8639888.612, 100
Trd, 8639888.712, 96
Trd, 8639888.812, 139
Trd, 8639890.312, 95
Trd, 8639890.412, 96
Trd, 8639890.779, 96
Trd, 8639890.879, 95
Trd, 8639891.546, 120
Trd, 8639893.179, 139
Trd, 8639893.712, 137
Trd, 8639893.812, 138
Trd, 8639893.979, 116
Trd, 8639894.579, 112
Trd, 8639895.379, 107
Trd, 8639895.879, 139
Trd, 8639895.912, 105
Trd, 8639896.612, 126
Trd, 8639897.179, 123
Trd, 8639897.246, 120
Trd, 8639897.946, 138
Trd, 8639898.112, 137
Trd, 8639898.146, 119
Trd, 8639898.646, 110
Trd, 8639898.712, 103
Trd, 8639899.212, 103
Trd, 8639900.279, 131
Trd, 8639900.679, 125
Trd, 8639900.979, 102
Trd, 8639901.812, 130
Trd, 8639902.512, 62
Trd, 8639902.846, 114
Trd, 8639902.879, 60
Trd, 8639903.379, 66
Trd, 8639903.746, 104
Trd, 8639904.079, 68
Trd, 8639905.512, 110
Trd, 8639906.012, 112
Trd, 8639906.346, 118
Trd, 8639906.812, 139
Trd, 8639907.379, 114
Trd, 8639907.479, 109
Trd, 8639907.546, 102
Trd, 8639907.812, 107
Trd, 8639908.179, 74
Trd, 8639908.579, 128
Trd, 8639909.012, 128
Trd, 8639909.612, 120
Trd, 8639910.446, 101
Trd, 8639910.812, 102
Trd, 8639911.246, 104
Trd, 8639912.579, 119
Trd, 8639912.712, 140
Trd, 8639912.779, 99
Trd, 8639912.812, 94
Trd, 8639913.312, 81
Trd, 8639913.946, 77
Trd, 8639914.612, 77
Trd, 8639914.979, 64
Trd, 8639915.112, 112
Trd, 8639916.346, 67
Trd, 8639916.746, 85
Trd, 8639917.112, 94
Trd, 8639918.046, 99
Trd, 8639918.479, 100
Trd, 8639918.679, 100
Trd, 8639919.679, 132
Trd, 8639920.112, 139
Trd, 8639920.546, 127
Trd, 8639921.079, 121
Trd, 8639921.179, 119
Trd, 8639922.146, 111
Trd, 8639922.246, 95
Trd, 8639922.912, 92
Trd, 8639922.946, 89
Trd, 8639923.579, 139
Trd, 8639923.812, 83
Trd, 8639924.812, 82
Trd, 8639925.112, 98
Trd, 8639925.346, 72
Trd, 8639925.712, 115
Trd, 8639926.979, 97
Trd, 8639927.079, 96
Trd, 8639927.412, 92
Trd, 8639927.512, 91
Trd, 8639927.712, 118
Trd, 8639928.512, 117
Trd, 8639928.546, 128
Trd, 8639929.412, 107
Trd, 8639929.579, 127
Trd, 8639931.079, 137
Trd, 8639932.046, 134
Trd, 8639932.112, 132
Trd, 8639932.179, 126
Trd, 8639932.312, 130
Trd, 8639932.646, 136
Trd, 8639932.746, 135
Trd, 8639932.912, 113
Trd, 8639933.779, 134
Trd, 8639934.112, 123
Trd, 8639934.279, 111
Trd, 8639934.779, 87
Trd, 8639936.146, 120
Trd, 8639936.279, 119
Trd, 8639936.546, 113
Trd, 8639937.046, 139
Trd, 8639937.546, 112
Trd, 8639937.812, 117
Trd, 8639938.079, 111
Trd, 8639938.279, 93
Trd, 8639938.579, 88
Trd, 8639938.612, 62
Trd, 8639938.746, 63
Trd, 8639939.679, 136
Trd, 8639940.279, 140
Trd, 8639941.379, 105
Trd, 8639941.512, 110
Trd, 8639942.412, 105
Trd, 8639942.779, 126
Trd, 8639942.946, 103
Trd, 8639943.812, 132
Trd, 8639944.012, 121
Trd, 8639944.346, 133
Trd, 8639945.279, 129
Trd, 8639945.512, 120
Trd, 8639945.746, 99
Trd, 8639945.979, 89
Trd, 8639946.379, 127
Trd, 8639947.246, 131
Trd, 8639948.412, 139
Trd, 8639948.479, 132
Trd, 8639948.712, 114
Trd, 8639948.779, 112
Trd, 8639949.046, 110
Trd, 8639949.612, 140
Trd, 8639950.379, 110
Trd, 8639950.879, 131
Trd, 8639951.046, 116
Trd, 8639951.512, 114
Trd, 8639952.146, 107
Trd, 8639952.579, 121
Trd, 8639953.046, 86
Trd, 8639953.212, 84
Trd, 8639953.946, 140
Trd, 8639953.979, 112
Trd, 8639954.346, 81
Trd, 8639954.679, 78
Trd, 8639956.079, 112
Trd, 8639956.179, 122
Trd, 8639956.479, 112
Trd, 8639956.512, 111
Trd, 8639956.546, 107
Trd, 8639956.646, 73
Trd, 8639957.679, 100
Trd, 8639957.946, 108
Trd, 8639958.946, 114
Trd, 8639959.412, 139
Trd, 8639959.879, 112
Trd, 8639960.512, 114
Trd, 8639960.746, 112
Trd, 8639961.279, 138
Trd, 8639961.579, 103
Trd, 8639962.446, 128
Trd, 8639963.279, 108
Trd, 8639963.312, 106
Trd, 8639963.346, 93
Trd, 8639963.646, 98
Trd, 8639964.112, 90
Trd, 8639964.479, 109
Trd, 8639965.112, 83
Trd, 8639966.346, 60
Trd, 8639967.479, 62
Trd, 8639967.579, 63
Trd, 8639968.346, 79
Trd, 8639968.412, 118
Trd, 8639968.746, 66
Trd, 8639968.812, 62
Trd, 8639968.846, 120
Trd, 8639969.012, 68
Trd, 8639971.046, 132
Trd, 8639971.146, 117
Trd, 8639971.846, 121
Trd, 8639972.212, 110
Trd, 8639973.446, 124
Trd, 8639973.579, 123
Trd, 8639973.679, 113
Trd, 8639973.812, 104
Trd, 8639974.046, 105
Trd, 8639974.212, 137
Trd, 8639975.579, 140
Trd, 8639975.712, 139
Trd, 8639975.779, 134
Trd, 8639975.979, 132
Trd, 8639976.079, 127
Trd, 8639976.812, 105
Trd, 8639977.012, 101
Trd, 8639977.412, 122
Trd, 8639978.146, 96
Trd, 8639978.746, 97
Trd, 8639979.046, 96
Trd, 8639979.379, 93
Trd, 8639979.712, 89
Trd, 8639980.846, 68
Trd, 8639980.979, 67
Trd, 8639981.346, 117
Trd, 8639982.179, 108
Trd, 8639983.112, 84
Trd, 8639983.246, 90
Trd, 8639983.579, 140
Trd, 8639984.412, 128
Trd, 8639985.079, 109
Trd, 8639985.446, 114
Trd, 8639985.879, 113
Trd, 8639986.146, 98
Trd, 8639986.379, 139
Trd, 8639986.612, 113
Trd, 8639986.812, 97
Trd, 8639987.512, 123
Trd, 8639988.346, 126
Trd, 8639988.412, 125
Trd, 8639988.812, 120
Trd, 8639988.879, 71
Trd, 8639989.279, 70
Trd, 8639989.679, 139
Trd, 8639991.112, 70
Trd, 8639991.512, 66
Trd, 8639991.779, 67
Trd, 8639992.346, 60
Trd, 8639992.912, 62
Trd, 8639993.112, 83
Trd, 8639993.146, 81
Trd, 8639993.379, 76
Trd, 8639993.412, 62
Trd, 8639994.379, 62
Trd, 8639994.646, 85
Trd, 8639995.246, 65
Trd, 8639995.912, 65
Trd, 8639996.612, 83
Trd, 8639997.079, 63
Trd, 8639998.112, 91
Trd, 8639998.346, 140
Trd, 8639998.879, 78
Trd, 8639999.379, 95
Trd, 8639999.446, 89
