Trd, 8638752.046, 101
Trd, 8638752.679, 119
Trd, 8638752.712, 113
Trd, 8638753.146, 89
Trd, 8638753.446, 121
Trd, 8638754.046, 126
Trd, 8638754.579, 133
Trd, 8638755.779, 134
Trd, 8638756.046, 126
Trd, 8638756.146, 117
Trd, 8638756.679, 130
Trd, 8638756.746, 125
Trd, 8638757.212, 120
Trd, 8638757.379, 110
Trd, 8638757.746, 107
Trd, 8638758.612, 94
Trd, 8638759.079, 121
Trd, 8638759.179, 126
Trd, 8638759.912, 106
Trd, 8638760.312, 112
Trd, 8638760.412, 98
Trd, 8638760.879, 94
Trd, 8638761.179, 86
Trd, 8638762.446, 133
Trd, 8638762.679, 86
Trd, 8638763.812, 135
Trd, 8638764.212, 127
Trd, 8638764.412, 114
Trd, 8638764.612, 129
Trd, 8638764.712, 123
Trd, 8638765.346, 123
Trd, 8638765.379, 123
Trd, 8638765.746, 118
Trd, 8638767.212, 127
Trd, 8638767.446, 109
Trd, 8638768.612, 127
Trd, 8638768.912, 121
Trd, 8638769.279, 103
Trd, 8638770.146, 85
Trd, 8638770.512, 83
Trd, 8638770.546, 81
Trd, 8638770.646, 134
Trd, 8638771.279, 92
Trd, 8638771.746, 102
Trd, 8638772.312, 102
Trd, 8638773.412, 112
Trd, 8638774.379, 108
Trd, 8638774.479, 108
Trd, 8638774.579, 102
Trd, 8638775.979, 124
Trd, 8638776.012, 116
Trd, 8638777.112, 124
Trd, 8638777.579, 114
Trd, 8638777.712, 99
Trd, 8638778.346, 115
Trd, 8638779.012, 117
Trd, 8638779.179, 130
Trd, 8638779.446, 115
Trd, 8638779.546, 107
Trd, 8638780.146, 139
Trd, 8638780.279, 131
Trd, 8638781.212, 110
Trd, 8638781.612, 105
Trd, 8638781.812, 102
Trd, 8638781.846, 100
Trd, 8638781.912, 116
Trd, 8638782.112, 91
Trd, 8638782.279, 84
Trd, 8638782.812, 71
Trd, 8638782.879, 119
Trd, 8638783.746, 67
Trd, 8638783.946, 90
Trd, 8638784.346, 107
Trd, 8638784.446, 70
Trd, 8638785.446, 89
Trd, 8638786.379, 140
Trd, 8638786.646, 132
Trd, 8638787.046, 128
Trd, 8638787.412, 119
Trd, 8638787.712, 127
Trd, 8638788.312, 102
Trd, 8638788.379, 71
Trd, 8638789.546, 119
Trd, 8638790.079, 79
Trd, 8638790.746, 104
Trd, 8638790.779, 74
Trd, 8638791.012, 71
Trd, 8638791.579, 107
Trd, 8638792.012, 92
Trd, 8638793.012, 87
Trd, 8638793.179, 109
Trd, 8638793.546, 78
Trd, 8638794.179, 92
Trd, 8638795.346, 84
Trd, 8638796.146, 94
Trd, 8638796.179, 103
Trd, 8638797.712, 95
Trd, 8638797.746, 93
Trd, 8638798.246, 105
Trd, 8638798.379, 112
Trd, 8638798.512, 102
Trd, 8638798.579, 84
Trd, 8638798.812, 135
Trd, 8638799.946, 90
Trd, 8638800.079, 94
Trd, 8638800.779, 113
Trd, 8638801.512, 74
Trd, 8638802.312, 107
Trd, 8638802.612, 71
Trd, 8638802.679, 68
Trd, 8638803.246, 89
Trd, 8638803.612, 88
Trd, 8638803.746, 108
Trd, 8638803.979, 107
Trd, 8638805.312, 80
Trd, 8638806.246, 131
Trd, 8638806.479, 105
Trd, 8638806.546, 106
Trd, 8638807.212, 138
Trd, 8638807.412, 67
Trd, 8638807.746, 87
Trd, 8638808.312, 138
Trd, 8638808.346, 126
Trd, 8638808.512, 111
Trd, 8638808.612, 97
Trd, 8638810.012, 111
Trd, 8638810.746, 104
Trd, 8638810.979, 101
Trd, 8638811.579, 98
Trd, 8638812.212, 118
Trd, 8638812.679, 102
Trd, 8638813.846, 113
Trd, 8638814.212, 103
Trd, 8638814.446, 101
Trd, 8638814.546, 97
Trd, 8638815.046, 98
Trd, 8638815.079, 92
Trd, 8638815.879, 138
Trd, 8638817.046, 131
Trd, 8638817.112, 112
Trd, 8638817.179, 126
Trd, 8638817.346, 100
Trd, 8638818.546, 107
Trd, 8638819.512, 117
Trd, 8638819.646, 109
Trd, 8638820.912, 132
Trd, 8638821.746, 128
Trd, 8638821.879, 119
Trd, 8638822.546, 115
Trd, 8638822.979, 114
Trd, 8638823.012, 111
Trd, 8638823.112, 101
Trd, 8638824.846, 95
Trd, 8638824.912, 92
Trd, 8638825.546, 125
Trd, 8638825.679, 105
Trd, 8638826.379, 103
Trd, 8638826.412, 96
Trd, 8638826.879, 117
Trd, 8638827.512, 108
Trd, 8638828.312, 98
Trd, 8638828.812, 96
Trd, 8638829.112, 92
Trd, 8638829.179, 90
Trd, 8638829.412, 80
Trd, 8638829.612, 132
Trd, 8638830.412, 66
Trd, 8638830.812, 92
Trd, 8638832.312, 103
Trd, 8638832.412, 96
Trd, 8638832.979, 72
Trd, 8638833.079, 97
Trd, 8638834.046, 72
Trd, 8638834.779, 105
Trd, 8638834.879, 104
Trd, 8638835.479, 69
Trd, 8638835.512, 73
Trd, 8638836.079, 126
Trd, 8638836.346, 83
Trd, 8638836.879, 88
Trd, 8638837.012, 124
Trd, 8638837.179, 85
Trd, 8638837.846, 120
Trd, 8638838.012, 65
Trd, 8638838.846, 111
Trd, 8638838.912, 111
Trd, 8638840.479, 87
Trd, 8638840.679, 86
Trd, 8638841.146, 74
Trd, 8638841.946, 114
Trd, 8638842.746, 100
Trd, 8638843.246, 99
Trd, 8638843.512, 96
Trd, 8638843.946, 123
Trd, 8638844.212, 115
Trd, 8638844.879, 109
Trd, 8638844.979, 107
Trd, 8638845.012, 104
Trd, 8638845.112, 133
Trd, 8638845.812, 103
Trd, 8638845.946, 105
Trd, 8638846.112, 108
Trd, 8638846.812, 96
Trd, 8638847.512, 130
Trd, 8638848.479, 118
Trd, 8638848.579, 101
Trd, 8638848.946, 73
Trd, 8638849.579, 74
Trd, 8638850.512, 122
Trd, 8638851.012, 129
Trd, 8638851.179, 115
Trd, 8638851.446, 110
Trd, 8638851.812, 137
Trd, 8638852.379, 84
Trd, 8638852.879, 132
Trd, 8638853.779, 118
Trd, 8638854.512, 110
Trd, 8638854.779, 106
Trd, 8638854.912, 90
Trd, 8638856.712, 127
Trd, 8638856.812, 103
Trd, 8638857.312, 132
Trd, 8638858.279, 93
Trd, 8638858.346, 86
Trd, 8638858.812, 112
Trd, 8638858.846, 107
Trd, 8638859.846, 96
Trd, 8638860.179, 89
Trd, 8638860.679, 97
Trd, 8638860.812, 94
Trd, 8638860.946, 119
Trd, 8638861.179, 102
Trd, 8638862.046, 122
Trd, 8638862.246, 107
Trd, 8638862.846, 134
Trd, 8638864.612, 113
Trd, 8638864.646, 105
Trd, 8638864.679, 100
Trd, 8638864.712, 99
Trd, 8638864.779, 99
Trd, 8638864.946, 138
Trd, 8638865.046, 98
Trd, 8638865.779, 134
Trd, 8638867.379, 104
Trd, 8638867.512, 99
Trd, 8638867.579, 84
Trd, 8638868.246, 91
Trd, 8638868.612, 95
Trd, 8638869.279, 80
Trd, 8638869.612, 80
Trd, 8638869.946, 104
Trd, 8638870.279, 74
Trd, 8638870.512, 101
Trd, 8638871.246, 94
Trd, 8638871.879, 88
Trd, 8638872.112, 121
Trd, 8638872.446, 80
Trd, 8638873.246, 105
Trd, 8638873.746, 113
Trd, 8638874.746, 119
Trd, 8638875.079, 115
Trd, 8638875.312, 89
Trd, 8638875.979, 80
Trd, 8638876.212, 89
Trd, 8638876.479, 99
Trd, 8638877.346, 109
Trd, 8638877.946, 107
Trd, 8638879.012, 84
Trd, 8638879.279, 95
Trd, 8638879.379, 94
Trd, 8638879.746, 83
Trd, 8638880.479, 86
Trd, 8638880.846, 71
Trd, 8638881.246, 97
Trd, 8638882.379, 92
Trd, 8638882.646, 117
Trd, 8638882.946, 80
Trd, 8638883.546, 82
Trd, 8638883.979, 81
Trd, 8638884.546, 116
Trd, 8638885.112, 109
Trd, 8638885.446, 98
Trd, 8638885.579, 113
Trd, 8638885.612, 118
Trd, 8638886.246, 105
Trd, 8638886.612, 116
Trd, 8638887.246, 103
Trd, 8638887.512, 103
Trd, 8638888.212, 121
Trd, 8638888.779, 132
Trd, 8638888.979, 100
Trd, 8638889.312, 98
Trd, 8638890.446, 91
Trd, 8638890.746, 87
Trd, 8638891.012, 98
Trd, 8638892.779, 92
Trd, 8638893.412, 98
Trd, 8638893.646, 136
Trd, 8638893.912, 127
Trd, 8638893.946, 113
Trd, 8638894.012, 110
Trd, 8638894.112, 106
Trd, 8638894.279, 90
Trd, 8638896.012, 103
Trd, 8638896.379, 136
Trd, 8638896.779, 117
Trd, 8638897.779, 105
Trd, 8638897.979, 100
Trd, 8638898.146, 86
Trd, 8638898.412, 103
Trd, 8638898.612, 110
Trd, 8638898.879, 104
Trd, 8638899.812, 80
Trd, 8638900.679, 107
Trd, 8638901.179, 119
Trd, 8638901.579, 122
Trd, 8638901.979, 98
Trd, 8638902.346, 117
Trd, 8638902.512, 103
Trd, 8638902.979, 94
Trd, 8638903.412, 128
Trd, 8638904.812, 106
Trd, 8638904.912, 93
Trd, 8638904.979, 126
Trd, 8638905.546, 114
Trd, 8638906.879, 106
Trd, 8638907.012, 98
Trd, 8638908.112, 124
Trd, 8638908.412, 91
Trd, 8638908.779, 108
Trd, 8638909.179, 133
Trd, 8638909.212, 123
Trd, 8638909.579, 110
Trd, 8638910.046, 101
Trd, 8638910.412, 117
Trd, 8638910.646, 99
Trd, 8638911.179, 98
Trd, 8638911.846, 116
Trd, 8638912.879, 75
Trd, 8638913.479, 132
Trd, 8638913.579, 77
Trd, 8638913.746, 105
Trd, 8638914.279, 131
Trd, 8638914.746, 86
Trd, 8638914.946, 71
Trd, 8638915.712, 91
Trd, 8638916.246, 110
Trd, 8638916.846, 115
Trd, 8638917.112, 81
Trd, 8638918.112, 89
Trd, 8638918.979, 79
Trd, 8638919.012, 79
Trd, 8638919.346, 92
Trd, 8638919.712, 74
Trd, 8638920.046, 96
Trd, 8638920.312, 69
Trd, 8638920.646, 66
Trd, 8638921.179, 111
Trd, 8638921.879, 110
Trd, 8638922.012, 109
Trd, 8638923.979, 136
Trd, 8638924.479, 119
Trd, 8638924.679, 96
Trd, 8638925.412, 126
Trd, 8638926.212, 99
Trd, 8638926.379, 124
Trd, 8638926.412, 98
Trd, 8638927.479, 88
Trd, 8638927.879, 119
Trd, 8638928.346, 111
Trd, 8638928.712, 122
Trd, 8638928.812, 93
Trd, 8638928.979, 85
Trd, 8638930.079, 117
Trd, 8638930.146, 111
Trd, 8638930.212, 108
Trd, 8638931.512, 121
Trd, 8638931.546, 116
Trd, 8638931.646, 107
Trd, 8638931.879, 130
Trd, 8638932.512, 99
Trd, 8638933.346, 111
Trd, 8638933.679, 115
Trd, 8638934.812, 111
Trd, 8638934.846, 110
Trd, 8638935.446, 118
Trd, 8638935.979, 104
Trd, 8638936.412, 109
Trd, 8638937.112, 95
Trd, 8638938.346, 108
Trd, 8638938.546, 81
Trd, 8638938.912, 77
Trd, 8638939.279, 76
Trd, 8638939.812, 87
Trd, 8638940.346, 124
Trd, 8638941.379, 112
Trd, 8638942.312, 133
Trd, 8638942.379, 125
Trd, 8638943.046, 122
Trd, 8638943.479, 136
Trd, 8638943.812, 111
Trd, 8638943.946, 104
Trd, 8638943.979, 104
Trd, 8638945.446, 134
Trd, 8638945.479, 133
Trd, 8638945.679, 126
Trd, 8638946.046, 122
Trd, 8638946.112, 120
Trd, 8638946.612, 110
Trd, 8638947.046, 99
Trd, 8638947.912, 132
Trd, 8638948.046, 120
Trd, 8638948.212, 99
Trd, 8638948.712, 104
Trd, 8638948.946, 99
Trd, 8638950.046, 100
Trd, 8638950.179, 89
Trd, 8638950.812, 109
Trd, 8638951.446, 103
Trd, 8638951.712, 97
Trd, 8638952.179, 97
Trd, 8638952.846, 120
Trd, 8638953.379, 111
Trd, 8638953.912, 128
Trd, 8638954.246, 123
Trd, 8638955.079, 127
Trd, 8638955.412, 116
Trd, 8638956.112, 138
Trd, 8638956.412, 130
Trd, 8638956.746, 115
Trd, 8638957.312, 111
Trd, 8638957.679, 106
Trd, 8638957.779, 93
Trd, 8638958.412, 64
Trd, 8638958.446, 75
Trd, 8638958.579, 67
Trd, 8638959.979, 101
Trd, 8638960.279, 76
Trd, 8638960.612, 104
Trd, 8638961.779, 140
Trd, 8638961.912, 128
Trd, 8638962.579, 117
Trd, 8638963.579, 113
Trd, 8638963.646, 111
Trd, 8638963.779, 121
Trd, 8638964.479, 91
Trd, 8638964.612, 99
Trd, 8638964.912, 94
Trd, 8638965.079, 104
Trd, 8638965.246, 93
Trd, 8638965.879, 81
Trd, 8638966.412, 98
Trd, 8638967.046, 81
Trd, 8638967.146, 79
Trd, 8638967.612, 82
Trd, 8638968.679, 123
Trd, 8638969.346, 105
Trd, 8638969.579, 123
Trd, 8638970.246, 117
Trd, 8638970.279, 116
Trd, 8638970.546, 126
Trd, 8638971.112, 106
Trd, 8638971.379, 137
Trd, 8638971.946, 122
Trd, 8638972.412, 135
Trd, 8638973.746, 130
Trd, 8638974.046, 123
Trd, 8638974.312, 122
Trd, 8638974.446, 128
Trd, 8638974.979, 108
Trd, 8638975.079, 102
Trd, 8638976.212, 140
Trd, 8638976.246, 111
Trd, 8638977.646, 118
Trd, 8638977.979, 100
Trd, 8638978.212, 122
Trd, 8638978.412, 96
Trd, 8638978.512, 95
Trd, 8638978.679, 94
Trd, 8638979.012, 106
Trd, 8638979.546, 92
Trd, 8638979.846, 96
Trd, 8638981.612, 84
Trd, 8638982.979, 88
Trd, 8638983.579, 123
Trd, 8638983.912, 91
Trd, 8638984.112, 133
Trd, 8638984.979, 95
Trd, 8638985.279, 93
Trd, 8638985.612, 98
Trd, 8638986.612, 128
Trd, 8638987.179, 115
Trd, 8638987.846, 103
Trd, 8638988.046, 83
Trd, 8638988.412, 97
Trd, 8638989.512, 87
Trd, 8638990.179, 140
Trd, 8638990.446, 131
Trd, 8638991.046, 107
Trd, 8638991.212, 104
Trd, 8638991.612, 132
Trd, 8638992.512, 103
Trd, 8638992.612, 125
Trd, 8638993.479, 121
Trd, 8638993.612, 117
Trd, 8638993.879, 100
Trd, 8638994.512, 117
Trd, 8638996.046, 120
Trd, 8638996.146, 112
Trd, 8638996.812, 116
Trd, 8638996.946, 114
Trd, 8638997.346, 124
Trd, 8638997.446, 121
Trd, 8638997.579, 111
Trd, 8638998.012, 102
Trd, 8638999.212, 98
Trd, 8639000.846, 126
Trd, 8639000.946, 112
Trd, 8639001.312, 110
Trd, 8639001.379, 107
Trd, 8639001.612, 127
Trd, 8639001.712, 126
Trd, 8639001.746, 101
Trd, 8639002.079, 97
Trd, 8639002.479, 91
Trd, 8639002.679, 70
Trd, 8639003.946, 69
Trd, 8639004.279, 90
Trd, 8639004.479, 87
Trd, 8639004.979, 60
Trd, 8639005.746, 79
Trd, 8639006.012, 89
Trd, 8639006.212, 72
Trd, 8639007.079, 130
Trd, 8639007.279, 113
Trd, 8639007.712, 123
Trd, 8639008.379, 125
Trd, 8639008.412, 116
Trd, 8639009.212, 86
Trd, 8639009.712, 99
Trd, 8639010.579, 130
Trd, 8639011.679, 117
Trd, 8639012.079, 113
Trd, 8639012.412, 108
Trd, 8639012.679, 90
Trd, 8639013.646, 111
Trd, 8639013.912, 74
Trd, 8639014.079, 121
Trd, 8639014.579, 95
Trd, 8639014.612, 76
Trd, 8639014.946, 81
Trd, 8639015.512, 80
Trd, 8639017.112, 119
Trd, 8639017.312, 96
Trd, 8639017.412, 94
Trd, 8639017.446, 83
Trd, 8639018.246, 88
Trd, 8639018.312, 63
Trd, 8639019.079, 126
Trd, 8639019.379, 137
Trd, 8639019.879, 124
Trd, 8639020.979, 83
Trd, 8639021.112, 97
Trd, 8639021.212, 115
Trd, 8639023.179, 128
Trd, 8639023.279, 104
Trd, 8639023.346, 94
Trd, 8639023.979, 91
Trd, 8639024.912, 132
Trd, 8639025.112, 116
Trd, 8639026.646, 119
Trd, 8639027.012, 110
Trd, 8639027.146, 101
Trd, 8639027.946, 95
Trd, 8639028.812, 92
Trd, 8639029.112, 122
Trd, 8639029.612, 115
Trd, 8639029.646, 108
Trd, 8639031.079, 122
Trd, 8639031.212, 122
Trd, 8639031.346, 120
Trd, 8639031.746, 120
Trd, 8639031.879, 111
Trd, 8639033.012, 127
Trd, 8639033.279, 115
Trd, 8639034.079, 125
Trd, 8639034.512, 117
Trd, 8639034.646, 105
Trd, 8639034.812, 88
Trd, 8639035.379, 86
Trd, 8639035.479, 81
Trd, 8639036.079, 101
Trd, 8639036.679, 105
Trd, 8639037.779, 124
Trd, 8639038.079, 114
Trd, 8639038.412, 108
Trd, 8639038.512, 90
Trd, 8639038.912, 83
Trd, 8639040.079, 112
Trd, 8639040.112, 83
Trd, 8639041.312, 104
Trd, 8639042.012, 127
Trd, 8639042.346, 121
Trd, 8639042.412, 107
Trd, 8639042.446, 100
Trd, 8639042.979, 96
Trd, 8639043.246, 130
Trd, 8639043.312, 98
Trd, 8639043.746, 82
Trd, 8639044.079, 76
Trd, 8639045.079, 128
Trd, 8639045.279, 69
Trd, 8639046.146, 86
Trd, 8639046.346, 92
Trd, 8639047.812, 103
Trd, 8639048.412, 93
Trd, 8639048.679, 105
Trd, 8639049.479, 83
Trd, 8639049.746, 99
Trd, 8639049.979, 87
Trd, 8639050.179, 110
Trd, 8639050.312, 95
Trd, 8639050.679, 83
Trd, 8639051.546, 79
Trd, 8639051.912, 101
Trd, 8639052.579, 77
Trd, 8639052.812, 75
Trd, 8639053.479, 96
Trd, 8639053.779, 102
Trd, 8639053.846, 99
Trd, 8639054.212, 81
Trd, 8639055.279, 109
Trd, 8639055.812, 124
Trd, 8639055.912, 78
Trd, 8639055.979, 74
Trd, 8639056.946, 98
Trd, 8639057.112, 85
Trd, 8639057.312, 132
Trd, 8639057.512, 74
Trd, 8639058.046, 90
Trd, 8639058.879, 110
Trd, 8639059.512, 132
Trd, 8639060.146, 136
Trd, 8639060.646, 119
Trd, 8639061.479, 126
Trd, 8639061.679, 116
Trd, 8639062.079, 120
Trd, 8639062.846, 124
Trd, 8639062.946, 103
Trd, 8639063.146, 102
Trd, 8639063.679, 99
Trd, 8639064.112, 115
Trd, 8639064.279, 124
Trd, 8639064.779, 101
Trd, 8639065.179, 101
Trd, 8639066.646, 118
Trd, 8639067.079, 117
Trd, 8639067.612, 114
Trd, 8639068.346, 131
Trd, 8639068.646, 121
Trd, 8639068.879, 118
Trd, 8639069.846, 128
Trd, 8639069.879, 111
Trd, 8639069.946, 97
Trd, 8639070.679, 116
Trd, 8639071.612, 139
Trd, 8639071.779, 129
Trd, 8639072.512, 118
Trd, 8639072.779, 104
Trd, 8639073.346, 98
Trd, 8639073.446, 96
Trd, 8639073.746, 96
Trd, 8639074.746, 104
Trd, 8639076.212, 137
Trd, 8639076.312, 138
Trd, 8639077.012, 119
Trd, 8639077.346, 125
Trd, 8639077.412, 97
Trd, 8639077.779, 94
Trd, 8639078.046, 81
Trd, 8639079.446, 134
Trd, 8639080.179, 96
Trd, 8639080.679, 95
Trd, 8639081.146, 101
Trd, 8639081.346, 98
Trd, 8639081.712, 94
Trd, 8639082.846, 103
Trd, 8639083.246, 115
Trd, 8639083.546, 93
Trd, 8639083.846, 92
Trd, 8639084.012, 73
Trd, 8639084.212, 70
Trd, 8639084.412, 79
Trd, 8639084.679, 95
Trd, 8639084.846, 105
Trd, 8639086.146, 114
Trd, 8639086.612, 98
Trd, 8639086.779, 94
Trd, 8639087.246, 121
Trd, 8639088.612, 120
Trd, 8639089.312, 103
Trd, 8639089.479, 95
Trd, 8639089.779, 113
Trd, 8639090.412, 110
Trd, 8639090.946, 100
Trd, 8639091.546, 102
Trd, 8639091.612, 113
Trd, 8639091.979, 99
Trd, 8639092.579, 130
Trd, 8639093.279, 128
Trd, 8639093.679, 80
Trd, 8639093.812, 111
Trd, 8639094.846, 76
Trd, 8639095.746, 136
Trd, 8639096.346, 111
Trd, 8639096.446, 118
Trd, 8639096.512, 104
Trd, 8639096.979, 102
Trd, 8639097.546, 136
Trd, 8639097.646, 96
Trd, 8639097.679, 95
Trd, 8639097.946, 122
Trd, 8639098.246, 100
Trd, 8639099.012, 62
Trd, 8639099.412, 91
Trd, 8639100.179, 104
Trd, 8639100.212, 106
Trd, 8639102.012, 94
Trd, 8639102.179, 89
Trd, 8639102.279, 97
Trd, 8639103.746, 65
Trd, 8639103.946, 88
Trd, 8639104.179, 66
Trd, 8639104.912, 93
Trd, 8639104.946, 90
Trd, 8639105.012, 99
Trd, 8639105.212, 86
Trd, 8639106.279, 98
Trd, 8639106.912, 94
Trd, 8639107.412, 83
Trd, 8639107.512, 90
Trd, 8639107.612, 83
Trd, 8639107.646, 107
Trd, 8639108.079, 98
Trd, 8639108.346, 110
Trd, 8639108.979, 81
Trd, 8639109.312, 64
Trd, 8639109.412, 108
Trd, 8639110.212, 87
Trd, 8639110.346, 99
Trd, 8639111.512, 113
Trd, 8639112.279, 97
Trd, 8639112.746, 118
Trd, 8639113.546, 126
Trd, 8639113.779, 112
Trd, 8639114.712, 103
Trd, 8639115.212, 118
Trd, 8639116.079, 124
Trd, 8639116.146, 111
Trd, 8639116.412, 104
Trd, 8639116.946, 108
Trd, 8639117.746, 96
Trd, 8639118.546, 122
Trd, 8639119.146, 134
Trd, 8639119.846, 124
Trd, 8639119.946, 107
Trd, 8639120.079, 90
Trd, 8639122.612, 97
Trd, 8639123.179, 99
Trd, 8639123.646, 72
Trd, 8639123.779, 105
Trd, 8639124.079, 114
Trd, 8639124.112, 67
Trd, 8639124.346, 86
Trd, 8639124.946, 131
Trd, 8639125.146, 106
Trd, 8639125.912, 99
Trd, 8639126.579, 88
Trd, 8639127.779, 88
Trd, 8639128.112, 136
Trd, 8639128.146, 128
Trd, 8639128.946, 118
Trd, 8639129.379, 106
Trd, 8639130.346, 122
Trd, 8639130.612, 128
Trd, 8639131.612, 132
Trd, 8639131.646, 125
Trd, 8639131.679, 116
Trd, 8639131.779, 110
Trd, 8639132.179, 96
Trd, 8639132.846, 126
Trd, 8639132.946, 114
Trd, 8639133.479, 132
Trd, 8639133.712, 105
Trd, 8639134.112, 105
Trd, 8639134.246, 103
Trd, 8639134.846, 100
Trd, 8639134.879, 82
Trd, 8639135.812, 125
Trd, 8639136.279, 117
Trd, 8639137.046, 128
Trd, 8639137.179, 111
Trd, 8639137.346, 138
Trd, 8639137.579, 102
Trd, 8639138.346, 110
Trd, 8639138.912, 138
Trd, 8639139.179, 82
Trd, 8639140.012, 89
Trd, 8639140.179, 107
Trd, 8639140.246, 108
Trd, 8639140.312, 64
Trd, 8639140.879, 95
Trd, 8639141.112, 66
Trd, 8639143.212, 60
Trd, 8639143.746, 88
Trd, 8639143.779, 87
Trd, 8639144.312, 116
Trd, 8639144.946, 113
Trd, 8639145.212, 90
Trd, 8639145.246, 84
Trd, 8639145.879, 112
Trd, 8639146.012, 99
Trd, 8639146.846, 125
Trd, 8639146.946, 113
Trd, 8639147.312, 102
Trd, 8639147.679, 94
Trd, 8639147.846, 80
Trd, 8639148.112, 103
Trd, 8639148.246, 98
Trd, 8639148.579, 76
Trd, 8639148.679, 111
Trd, 8639149.946, 72
Trd, 8639151.379, 110
Trd, 8639151.412, 95
Trd, 8639151.779, 123
Trd, 8639152.279, 94
Trd, 8639152.312, 91
Trd, 8639152.612, 87
Trd, 8639152.779, 85
Trd, 8639153.612, 98
Trd, 8639153.912, 98
Trd, 8639154.212, 126
Trd, 8639155.346, 98
Trd, 8639155.612, 96
Trd, 8639156.079, 94
Trd, 8639156.412, 94
Trd, 8639157.312, 93
Trd, 8639157.946, 87
Trd, 8639158.312, 109
Trd, 8639158.379, 110
Trd, 8639158.812, 122
Trd, 8639159.246, 95
Trd, 8639159.412, 86
Trd, 8639160.112, 101
Trd, 8639160.212, 78
Trd, 8639160.312, 76
Trd, 8639161.179, 86
Trd, 8639161.646, 84
Trd, 8639162.012, 78
Trd, 8639162.746, 96
Trd, 8639163.146, 112
Trd, 8639163.379, 96
Trd, 8639165.179, 123
Trd, 8639165.612, 119
Trd, 8639166.079, 113
Trd, 8639166.312, 125
Trd, 8639166.746, 123
Trd, 8639166.912, 105
Trd, 8639167.212, 101
Trd, 8639168.046, 96
Trd, 8639168.112, 116
Trd, 8639168.346, 94
Trd, 8639168.912, 95
Trd, 8639169.379, 90
Trd, 8639169.412, 86
Trd, 8639170.379, 96
Trd, 8639170.579, 87
Trd, 8639170.712, 85
Trd, 8639171.312, 84
Trd, 8639171.512, 92
Trd, 8639172.512, 91
Trd, 8639172.812, 121
Trd, 8639173.246, 86
Trd, 8639173.279, 76
Trd, 8639175.246, 134
Trd, 8639176.712, 122
Trd, 8639177.479, 133
Trd, 8639178.779, 119
Trd, 8639178.879, 110
Trd, 8639178.946, 107
Trd, 8639179.112, 110
Trd, 8639179.412, 102
Trd, 8639179.812, 107
Trd, 8639180.046, 103
Trd, 8639181.012, 110
Trd, 8639181.679, 127
Trd, 8639181.879, 129
Trd, 8639182.179, 103
Trd, 8639182.312, 112
Trd, 8639183.146, 107
Trd, 8639183.679, 111
Trd, 8639184.846, 134
Trd, 8639184.912, 126
Trd, 8639185.079, 124
Trd, 8639186.346, 109
Trd, 8639186.746, 119
Trd, 8639186.779, 105
Trd, 8639186.979, 100
Trd, 8639187.212, 136
Trd, 8639187.779, 89
Trd, 8639187.946, 87
Trd, 8639188.612, 99
Trd, 8639189.146, 88
Trd, 8639190.312, 104
Trd, 8639191.012, 115
Trd, 8639191.179, 87
Trd, 8639191.779, 118
Trd, 8639192.046, 118
Trd, 8639192.746, 133
Trd, 8639193.712, 132
Trd, 8639194.012, 126
Trd, 8639194.179, 125
Trd, 8639195.379, 133
Trd, 8639195.779, 135
Trd, 8639195.812, 117
Trd, 8639196.079, 115
Trd, 8639196.212, 106
Trd, 8639196.312, 118
Trd, 8639196.912, 124
Trd, 8639197.112, 112
Trd, 8639197.912, 130
Trd, 8639198.179, 100
Trd, 8639198.212, 101
Trd, 8639200.112, 114
Trd, 8639201.212, 107
Trd, 8639201.346, 101
Trd, 8639202.312, 97
Trd, 8639202.712, 104
Trd, 8639203.479, 92
Trd, 8639204.112, 89
Trd, 8639204.612, 106
Trd, 8639205.046, 86
Trd, 8639205.112, 104
Trd, 8639205.979, 108
Trd, 8639206.279, 109
Trd, 8639206.546, 95
Trd, 8639206.779, 77
Trd, 8639207.312, 105
Trd, 8639207.946, 91
Trd, 8639209.146, 131
Trd, 8639209.312, 124
Trd, 8639209.512, 107
Trd, 8639209.579, 103
Trd, 8639209.812, 104
Trd, 8639210.146, 101
Trd, 8639210.179, 96
Trd, 8639210.846, 127
Trd, 8639211.679, 126
Trd, 8639211.979, 112
Trd, 8639212.512, 109
Trd, 8639212.912, 117
Trd, 8639213.679, 106
Trd, 8639214.912, 112
Trd, 8639215.146, 122
Trd, 8639215.412, 99
Trd, 8639215.446, 135
Trd, 8639215.712, 116
Trd, 8639216.946, 122
Trd, 8639217.546, 114
Trd, 8639218.046, 111
Trd, 8639218.212, 109
Trd, 8639218.246, 107
Trd, 8639218.912, 123
Trd, 8639219.046, 111
Trd, 8639219.512, 93
Trd, 8639220.779, 129
Trd, 8639221.212, 128
Trd, 8639221.412, 128
Trd, 8639222.612, 77
Trd, 8639222.646, 69
Trd, 8639224.212, 81
Trd, 8639226.379, 77
Trd, 8639226.646, 103
Trd, 8639226.746, 74
Trd, 8639227.112, 90
Trd, 8639227.946, 79
Trd, 8639228.146, 83
Trd, 8639228.779, 127
Trd, 8639228.912, 117
Trd, 8639229.446, 104
Trd, 8639229.479, 80
Trd, 8639230.546, 129
Trd, 8639230.579, 122
Trd, 8639230.912, 97
Trd, 8639231.246, 125
Trd, 8639232.112, 89
Trd, 8639232.512, 135
Trd, 8639232.812, 89
Trd, 8639232.979, 81
Trd, 8639233.146, 103
Trd, 8639233.946, 97
Trd, 8639235.279, 102
Trd, 8639235.479, 117
Trd, 8639236.279, 138
Trd, 8639236.346, 131
Trd, 8639237.046, 134
Trd, 8639238.079, 131
Trd, 8639238.212, 123
Trd, 8639238.579, 128
Trd, 8639238.612, 121
Trd, 8639238.779, 120
Trd, 8639239.312, 131
Trd, 8639239.646, 124
Trd, 8639239.979, 103
Trd, 8639240.146, 95
Trd, 8639240.712, 98
Trd, 8639241.512, 121
Trd, 8639243.479, 112
Trd, 8639243.512, 85
Trd, 8639244.412, 86
Trd, 8639246.412, 138
Trd, 8639247.246, 130
Trd, 8639247.512, 119
Trd, 8639247.579, 96
Trd, 8639248.046, 113
Trd, 8639248.879, 113
Trd, 8639248.946, 92
Trd, 8639249.412, 99
Trd, 8639249.712, 99
Trd, 8639249.946, 129
Trd, 8639250.246, 133
Trd, 8639250.446, 119
Trd, 8639250.646, 106
Trd, 8639251.346, 93
Trd, 8639251.379, 111
Trd, 8639252.012, 71
Trd, 8639252.346, 77
Trd, 8639252.546, 89
Trd, 8639253.012, 71
Trd, 8639254.146, 88
Trd, 8639254.812, 123
Trd, 8639255.012, 132
Trd, 8639255.146, 122
Trd, 8639255.812, 117
Trd, 8639256.046, 115
Trd, 8639256.279, 113
Trd, 8639257.246, 94
Trd, 8639257.479, 115
Trd, 8639259.012, 108
Trd, 8639259.346, 87
Trd, 8639259.379, 86
Trd, 8639259.512, 89
Trd, 8639260.379, 105
Trd, 8639260.579, 113
Trd, 8639261.779, 90
Trd, 8639261.846, 80
Trd, 8639262.912, 126
Trd, 8639264.079, 113
Trd, 8639264.612, 107
Trd, 8639264.646, 125
Trd, 8639264.846, 101
Trd, 8639265.246, 118
Trd, 8639265.512, 105
Trd, 8639265.812, 95
Trd, 8639265.879, 90
Trd, 8639266.779, 139
Trd, 8639266.912, 131
Trd, 8639267.212, 112
Trd, 8639267.812, 135
Trd, 8639268.046, 128
Trd, 8639269.346, 139
Trd, 8639270.212, 119
Trd, 8639270.246, 113
Trd, 8639270.279, 109
Trd, 8639270.479, 106
Trd, 8639270.579, 86
Trd, 8639270.712, 86
Trd, 8639270.879, 87
Trd, 8639273.046, 83
Trd, 8639273.312, 124
Trd, 8639273.546, 96
Trd, 8639273.646, 135
Trd, 8639274.012, 79
Trd, 8639274.646, 76
Trd, 8639274.679, 105
Trd, 8639274.879, 83
Trd, 8639274.979, 112
Trd, 8639275.212, 95
Trd, 8639275.379, 98
Trd, 8639276.946, 130
Trd, 8639277.079, 89
Trd, 8639277.546, 106
Trd, 8639277.846, 122
Trd, 8639278.146, 91
Trd, 8639278.246, 103
Trd, 8639279.446, 97
Trd, 8639279.746, 133
Trd, 8639281.446, 132
Trd, 8639281.579, 110
Trd, 8639281.879, 109
Trd, 8639282.612, 99
Trd, 8639283.312, 85
Trd, 8639283.479, 81
Trd, 8639284.512, 68
Trd, 8639284.612, 70
Trd, 8639284.646, 108
Trd, 8639285.246, 123
Trd, 8639286.179, 82
Trd, 8639286.679, 118
Trd, 8639287.312, 107
Trd, 8639287.879, 96
Trd, 8639287.912, 80
Trd, 8639288.146, 77
Trd, 8639288.246, 87
Trd, 8639288.579, 79
Trd, 8639288.912, 89
Trd, 8639289.112, 84
Trd, 8639289.346, 71
Trd, 8639289.512, 68
Trd, 8639290.612, 70
Trd, 8639290.979, 80
Trd, 8639291.112, 75
Trd, 8639291.712, 94
Trd, 8639292.479, 125
Trd, 8639293.479, 114
Trd, 8639293.546, 109
Trd, 8639293.846, 92
Trd, 8639293.979, 87
Trd, 8639294.112, 126
Trd, 8639295.079, 128
Trd, 8639295.612, 112
Trd, 8639296.846, 98
Trd, 8639297.312, 87
Trd, 8639297.412, 77
Trd, 8639297.646, 71
Trd, 8639298.179, 74
Trd, 8639298.512, 100
Trd, 8639298.546, 98
Trd, 8639299.612, 94
Trd, 8639300.146, 89
Trd, 8639300.346, 96
Trd, 8639300.546, 78
Trd, 8639301.412, 103
Trd, 8639301.479, 92
Trd, 8639301.979, 132
Trd, 8639302.246, 123
Trd, 8639303.179, 106
Trd, 8639303.312, 65
Trd, 8639303.579, 133
Trd, 8639304.112, 105
Trd, 8639305.012, 83
Trd, 8639305.212, 136
Trd, 8639305.746, 111
Trd, 8639305.912, 103
Trd, 8639306.912, 83
Trd, 8639307.012, 92
Trd, 8639308.146, 106
Trd, 8639308.379, 103
Trd, 8639308.812, 101
Trd, 8639308.879, 99
Trd, 8639309.246, 130
Trd, 8639309.312, 93
Trd, 8639311.046, 84
Trd, 8639311.179, 83
Trd, 8639311.379, 97
Trd, 8639312.079, 114
Trd, 8639312.412, 114
Trd, 8639312.579, 98
Trd, 8639313.046, 101
Trd, 8639315.112, 137
Trd, 8639315.412, 105
Trd, 8639315.546, 139
Trd, 8639315.612, 102
Trd, 8639316.146, 100
Trd, 8639316.612, 101
Trd, 8639317.046, 122
Trd, 8639317.079, 103
Trd, 8639317.246, 102
Trd, 8639317.679, 73
Trd, 8639318.112, 79
Trd, 8639318.946, 67
Trd, 8639319.312, 76
Trd, 8639319.879, 78
Trd, 8639320.212, 109
Trd, 8639320.512, 94
Trd, 8639321.746, 101
Trd, 8639321.912, 99
Trd, 8639322.079, 91
Trd, 8639322.612, 99
Trd, 8639323.379, 75
Trd, 8639324.212, 117
Trd, 8639324.279, 114
Trd, 8639324.312, 110
Trd, 8639325.279, 104
Trd, 8639326.246, 130
Trd, 8639327.046, 127
Trd, 8639327.179, 130
Trd, 8639327.212, 121
Trd, 8639327.579, 119
Trd, 8639327.846, 112
Trd, 8639327.979, 107
Trd, 8639328.412, 87
Trd, 8639330.979, 118
Trd, 8639331.079, 111
Trd, 8639331.546, 88
Trd, 8639331.979, 99
Trd, 8639332.112, 86
Trd, 8639332.212, 78
Trd, 8639332.479, 74
Trd, 8639333.179, 103
Trd, 8639333.412, 109
Trd, 8639333.812, 133
Trd, 8639334.512, 121
Trd, 8639334.946, 113
Trd, 8639337.712, 113
Trd, 8639338.846, 105
Trd, 8639338.912, 93
Trd, 8639340.012, 119
Trd, 8639341.179, 137
Trd, 8639341.279, 100
Trd, 8639341.479, 133
Trd, 8639342.312, 65
Trd, 8639342.912, 71
Trd, 8639343.112, 108
Trd, 8639344.112, 88
Trd, 8639344.479, 111
Trd, 8639344.712, 97
Trd, 8639345.246, 85
Trd, 8639345.612, 121
Trd, 8639346.146, 120
Trd, 8639346.312, 114
Trd, 8639347.079, 126
Trd, 8639347.246, 113
Trd, 8639347.546, 107
Trd, 8639347.879, 99
Trd, 8639348.146, 90
Trd, 8639349.012, 118
Trd, 8639349.746, 111
Trd, 8639349.912, 108
Trd, 8639349.946, 98
Trd, 8639350.012, 131
Trd, 8639350.179, 84
Trd, 8639350.546, 60
Trd, 8639351.146, 93
Trd, 8639351.612, 97
Trd, 8639352.112, 87
Trd, 8639352.446, 75
Trd, 8639353.146, 82
Trd, 8639354.812, 101
Trd, 8639355.312, 111
Trd, 8639355.446, 106
Trd, 8639355.646, 118
Trd, 8639356.479, 120
Trd, 8639356.912, 123
Trd, 8639357.012, 93
Trd, 8639357.179, 120
Trd, 8639357.412, 94
Trd, 8639357.812, 86
Trd, 8639358.179, 105
Trd, 8639358.846, 94
Trd, 8639359.379, 79
Trd, 8639359.546, 77
Trd, 8639360.012, 109
Trd, 8639361.312, 115
Trd, 8639361.612, 106
Trd, 8639362.079, 109
Trd, 8639362.679, 119
Trd, 8639362.812, 139
Trd, 8639362.912, 113
Trd, 8639363.046, 96
Trd, 8639364.846, 61
Trd, 8639365.046, 73
Trd, 8639365.146, 87
Trd, 8639365.612, 76
Trd, 8639366.112, 120
Trd, 8639366.312, 139
Trd, 8639366.446, 134
Trd, 8639367.046, 118
Trd, 8639367.712, 95
Trd, 8639367.812, 103
Trd, 8639368.579, 77
Trd, 8639369.246, 67
Trd, 8639370.279, 108
Trd, 8639370.579, 122
Trd, 8639370.979, 118
Trd, 8639371.079, 115
Trd, 8639371.346, 106
Trd, 8639371.379, 103
Trd, 8639371.612, 95
Trd, 8639371.812, 91
Trd, 8639371.879, 80
Trd, 8639371.946, 95
Trd, 8639372.012, 134
Trd, 8639372.579, 63
Trd, 8639373.712, 93
Trd, 8639373.746, 111
Trd, 8639374.679, 108
Trd, 8639376.179, 135
Trd, 8639376.279, 126
Trd, 8639376.879, 117
Trd, 8639377.112, 119
Trd, 8639377.412, 135
Trd, 8639378.146, 114
Trd, 8639378.212, 109
Trd, 8639379.046, 122
Trd, 8639379.579, 103
Trd, 8639380.079, 110
Trd, 8639381.012, 108
Trd, 8639381.546, 107
Trd, 8639381.712, 100
Trd, 8639382.312, 97
Trd, 8639382.746, 116
Trd, 8639383.412, 127
Trd, 8639384.046, 114
Trd, 8639384.412, 120
Trd, 8639384.846, 116
Trd, 8639385.579, 119
Trd, 8639386.079, 102
Trd, 8639386.146, 95
Trd, 8639386.379, 91
Trd, 8639386.712, 96
Trd, 8639387.046, 133
Trd, 8639387.312, 82
Trd, 8639387.712, 84
Trd, 8639388.112, 96
Trd, 8639389.079, 100
Trd, 8639389.446, 106
Trd, 8639390.079, 108
Trd, 8639390.179, 106
Trd, 8639390.912, 127
Trd, 8639391.179, 99
Trd, 8639391.479, 97
Trd, 8639391.879, 113
Trd, 8639392.312, 112
Trd, 8639392.512, 73
Trd, 8639392.946, 82
Trd, 8639393.379, 75
Trd, 8639394.346, 129
Trd, 8639394.612, 123
Trd, 8639395.446, 116
Trd, 8639395.612, 101
Trd, 8639396.246, 121
Trd, 8639396.412, 118
Trd, 8639397.146, 103
Trd, 8639397.246, 96
Trd, 8639397.779, 128
Trd, 8639397.846, 114
Trd, 8639398.012, 125
Trd, 8639398.312, 107
Trd, 8639398.346, 101
Trd, 8639398.779, 72
Trd, 8639400.079, 124
Trd, 8639400.446, 103
Trd, 8639400.912, 94
Trd, 8639401.279, 96
Trd, 8639401.479, 95
Trd, 8639401.512, 84
Trd, 8639401.712, 98
Trd, 8639402.479, 90
Trd, 8639403.279, 130
Trd, 8639403.979, 123
Trd, 8639404.312, 99
Trd, 8639404.746, 94
Trd, 8639404.946, 89
Trd, 8639405.546, 100
Trd, 8639406.146, 78
Trd, 8639407.079, 79
Trd, 8639407.146, 94
Trd, 8639407.246, 103
Trd, 8639407.779, 85
Trd, 8639407.879, 118
Trd, 8639407.912, 73
Trd, 8639408.579, 133
Trd, 8639409.179, 86
Trd, 8639409.212, 77
Trd, 8639409.546, 117
Trd, 8639409.979, 110
Trd, 8639410.846, 86
Trd, 8639411.279, 82
Trd, 8639411.412, 90
Trd, 8639412.679, 113
Trd, 8639413.312, 124
Trd, 8639413.346, 112
Trd, 8639413.512, 102
Trd, 8639414.079, 62
Trd, 8639414.846, 102
Trd, 8639415.346, 83
Trd, 8639415.446, 81
Trd, 8639415.912, 120
Trd, 8639416.412, 138
Trd, 8639417.312, 129
Trd, 8639417.612, 135
Trd, 8639417.712, 126
Trd, 8639417.879, 124
Trd, 8639417.979, 95
Trd, 8639418.012, 118
Trd, 8639419.412, 82
Trd, 8639420.079, 91
Trd, 8639420.379, 89
Trd, 8639420.912, 103
Trd, 8639421.179, 111
Trd, 8639421.312, 96
Trd, 8639421.979, 85
Trd, 8639422.646, 103
Trd, 8639422.679, 77
Trd, 8639423.112, 73
Trd, 8639424.546, 69
Trd, 8639425.146, 69
Trd, 8639425.579, 72
Trd, 8639425.779, 74
Trd, 8639427.479, 115
Trd, 8639427.746, 107
Trd, 8639428.179, 105
Trd, 8639428.746, 80
Trd, 8639429.046, 65
Trd, 8639429.079, 109
Trd, 8639429.812, 76
Trd, 8639429.946, 69
Trd, 8639430.179, 89
Trd, 8639430.279, 131
Trd, 8639430.879, 118
Trd, 8639431.379, 108
Trd, 8639431.946, 139
Trd, 8639432.446, 101
Trd, 8639432.679, 137
Trd, 8639434.379, 96
Trd, 8639434.446, 93
Trd, 8639434.979, 109
Trd, 8639435.046, 83
Trd, 8639435.146, 72
Trd, 8639436.079, 79
Trd, 8639436.146, 93
Trd, 8639437.079, 99
Trd, 8639438.479, 130
Trd, 8639438.512, 120
Trd, 8639440.079, 115
Trd, 8639440.379, 104
Trd, 8639440.746, 101
Trd, 8639441.446, 106
Trd, 8639441.712, 93
Trd, 8639441.879, 86
Trd, 8639442.579, 119
Trd, 8639442.779, 132
Trd, 8639443.412, 123
Trd, 8639443.512, 120
Trd, 8639443.679, 116
Trd, 8639444.079, 108
Trd, 8639444.612, 105
Trd, 8639445.879, 96
Trd, 8639446.779, 104
Trd, 8639446.879, 104
Trd, 8639447.479, 127
Trd, 8639447.546, 124
Trd, 8639447.712, 115
Trd, 8639447.979, 112
Trd, 8639448.146, 96
Trd, 8639448.946, 104
Trd, 8639449.512, 98
Trd, 8639449.712, 93
Trd, 8639450.412, 101
Trd, 8639451.012, 85
Trd, 8639451.546, 106
Trd, 8639451.779, 96
Trd, 8639451.979, 89
Trd, 8639452.579, 108
Trd, 8639452.912, 103
Trd, 8639453.446, 96
Trd, 8639453.779, 89
Trd, 8639454.246, 134
Trd, 8639454.479, 78
Trd, 8639454.912, 105
Trd, 8639455.479, 130
Trd, 8639455.579, 109
Trd, 8639457.179, 99
Trd, 8639457.712, 112
Trd, 8639458.079, 117
Trd, 8639458.312, 111
Trd, 8639459.846, 105
Trd, 8639460.079, 103
Trd, 8639460.279, 86
Trd, 8639460.479, 76
Trd, 8639460.946, 108
Trd, 8639461.879, 103
Trd, 8639461.912, 121
Trd, 8639462.746, 95
Trd, 8639462.812, 91
Trd, 8639462.912, 88
Trd, 8639463.679, 127
Trd, 8639463.712, 114
Trd, 8639465.146, 139
Trd, 8639465.712, 99
Trd, 8639465.879, 123
Trd, 8639466.212, 113
Trd, 8639466.346, 92
Trd, 8639466.746, 92
Trd, 8639467.079, 101
Trd, 8639467.346, 92
Trd, 8639467.812, 79
Trd, 8639468.312, 96
Trd, 8639468.646, 92
Trd, 8639469.279, 76
Trd, 8639469.679, 74
Trd, 8639470.612, 99
Trd, 8639470.946, 136
Trd, 8639471.812, 117
Trd, 8639471.879, 107
Trd, 8639472.546, 96
Trd, 8639473.646, 107
Trd, 8639473.812, 103
Trd, 8639474.212, 97
Trd, 8639474.512, 120
Trd, 8639474.879, 104
Trd, 8639475.212, 97
Trd, 8639475.879, 100
Trd, 8639476.246, 86
Trd, 8639476.712, 82
Trd, 8639477.112, 84
Trd, 8639477.312, 81
Trd, 8639477.779, 130
Trd, 8639478.946, 109
Trd, 8639479.846, 125
Trd, 8639479.912, 118
Trd, 8639480.379, 121
Trd, 8639481.012, 123
Trd, 8639481.346, 132
Trd, 8639482.046, 127
Trd, 8639482.346, 106
Trd, 8639482.446, 106
Trd, 8639482.612, 101
Trd, 8639482.979, 130
Trd, 8639484.046, 89
Trd, 8639484.746, 133
Trd, 8639484.979, 127
Trd, 8639485.179, 115
Trd, 8639486.312, 108
Trd, 8639486.812, 127
Trd, 8639486.912, 107
Trd, 8639486.979, 101
Trd, 8639487.779, 130
Trd, 8639489.179, 94
Trd, 8639489.546, 122
Trd, 8639489.679, 88
Trd, 8639491.112, 118
Trd, 8639492.112, 105
Trd, 8639492.146, 99
Trd, 8639492.612, 124
Trd, 8639493.046, 117
Trd, 8639493.212, 114
Trd, 8639493.412, 115
Trd, 8639493.646, 115
Trd, 8639493.746, 110
Trd, 8639493.912, 107
Trd, 8639494.579, 124
Trd, 8639494.712, 112
Trd, 8639495.146, 106
Trd, 8639496.579, 129
Trd, 8639496.679, 105
Trd, 8639496.846, 123
Trd, 8639496.979, 131
Trd, 8639497.212, 104
Trd, 8639497.346, 97
Trd, 8639497.912, 109
Trd, 8639498.746, 113
Trd, 8639499.146, 114
Trd, 8639499.412, 85
Trd, 8639499.512, 65
Trd, 8639500.412, 63
Trd, 8639500.479, 64
Trd, 8639500.946, 89
Trd, 8639501.512, 97
Trd, 8639501.546, 88
Trd, 8639502.179, 87
Trd, 8639502.746, 82
Trd, 8639503.279, 135
Trd, 8639503.512, 127
Trd, 8639504.679, 117
Trd, 8639504.879, 108
Trd, 8639505.112, 102
Trd, 8639505.846, 135
Trd, 8639506.079, 86
Trd, 8639506.612, 107
Trd, 8639506.912, 96
Trd, 8639507.312, 103
Trd, 8639507.812, 104
Trd, 8639507.979, 123
Trd, 8639509.746, 110
Trd, 8639510.546, 108
Trd, 8639510.779, 99
Trd, 8639511.412, 92
Trd, 8639511.946, 139
Trd, 8639512.212, 132
Trd, 8639512.712, 131
Trd, 8639513.246, 128
Trd, 8639514.112, 120
Trd, 8639514.679, 119
Trd, 8639514.746, 111
Trd, 8639514.946, 110
Trd, 8639515.246, 108
Trd, 8639515.746, 104
Trd, 8639516.412, 119
Trd, 8639517.246, 131
Trd, 8639517.412, 122
Trd, 8639518.579, 128
Trd, 8639518.912, 110
Trd, 8639519.879, 135
Trd, 8639520.179, 119
Trd, 8639520.379, 114
Trd, 8639520.546, 107
Trd, 8639521.179, 138
Trd, 8639522.012, 118
Trd, 8639522.846, 130
Trd, 8639524.512, 127
Trd, 8639524.779, 126
Trd, 8639525.012, 120
Trd, 8639525.046, 120
Trd, 8639525.246, 120
Trd, 8639525.779, 137
Trd, 8639526.879, 113
Trd, 8639526.979, 112
Trd, 8639527.112, 91
Trd, 8639527.412, 111
Trd, 8639528.479, 136
Trd, 8639529.046, 114
Trd, 8639529.379, 113
Trd, 8639530.046, 127
Trd, 8639530.112, 97
Trd, 8639531.379, 126
Trd, 8639532.579, 124
Trd, 8639532.779, 120
Trd, 8639532.946, 114
Trd, 8639533.479, 104
Trd, 8639533.679, 122
Trd, 8639534.246, 101
Trd, 8639534.446, 99
Trd, 8639534.579, 99
Trd, 8639534.679, 95
Trd, 8639535.679, 74
Trd, 8639535.712, 123
Trd, 8639535.779, 124
Trd, 8639536.079, 72
Trd, 8639536.879, 78
Trd, 8639537.712, 106
Trd, 8639538.079, 101
Trd, 8639538.179, 104
Trd, 8639538.612, 118
Trd, 8639538.879, 100
Trd, 8639539.146, 136
Trd, 8639539.446, 114
Trd, 8639541.012, 133
Trd, 8639541.512, 103
Trd, 8639542.379, 107
Trd, 8639543.579, 109
Trd, 8639543.779, 103
Trd, 8639544.146, 120
Trd, 8639544.579, 110
Trd, 8639544.646, 105
Trd, 8639545.546, 101
Trd, 8639545.612, 96
Trd, 8639546.079, 91
Trd, 8639546.612, 63
Trd, 8639546.746, 106
Trd, 8639547.046, 66
Trd, 8639547.379, 124
Trd, 8639549.212, 125
Trd, 8639549.679, 118
Trd, 8639550.046, 96
Trd, 8639551.212, 131
Trd, 8639551.879, 128
Trd, 8639552.112, 134
Trd, 8639553.012, 118
Trd, 8639553.412, 127
Trd, 8639554.312, 139
Trd, 8639554.612, 117
Trd, 8639554.779, 117
Trd, 8639555.179, 105
Trd, 8639555.712, 107
Trd, 8639555.812, 98
Trd, 8639555.879, 124
Trd, 8639556.179, 116
Trd, 8639557.246, 96
Trd, 8639558.612, 82
Trd, 8639559.712, 105
Trd, 8639559.912, 138
Trd, 8639560.846, 131
Trd, 8639561.312, 116
Trd, 8639561.546, 113
Trd, 8639561.979, 113
Trd, 8639562.012, 93
Trd, 8639562.879, 85
Trd, 8639563.679, 90
Trd, 8639564.946, 113
Trd, 8639565.079, 107
Trd, 8639565.246, 105
Trd, 8639566.379, 93
Trd, 8639566.712, 134
Trd, 8639566.779, 125
Trd, 8639566.912, 91
Trd, 8639567.146, 136
Trd, 8639567.279, 84
Trd, 8639567.379, 135
Trd, 8639567.412, 79
Trd, 8639568.146, 100
Trd, 8639568.212, 78
Trd, 8639568.846, 114
Trd, 8639569.346, 101
Trd, 8639569.546, 86
Trd, 8639569.946, 128
Trd, 8639569.979, 122
Trd, 8639570.212, 99
Trd, 8639571.046, 92
Trd, 8639572.046, 120
Trd, 8639572.079, 112
Trd, 8639572.346, 111
Trd, 8639572.746, 110
Trd, 8639573.179, 115
Trd, 8639574.446, 97
Trd, 8639574.579, 116
Trd, 8639574.712, 95
Trd, 8639574.846, 93
Trd, 8639575.246, 101
Trd, 8639575.712, 101
Trd, 8639576.646, 106
Trd, 8639577.046, 93
Trd, 8639577.679, 99
Trd, 8639577.912, 131
Trd, 8639579.879, 115
Trd, 8639580.246, 114
Trd, 8639580.412, 97
Trd, 8639580.446, 128
Trd, 8639580.579, 78
Trd, 8639581.279, 84
Trd, 8639581.379, 88
Trd, 8639581.412, 108
Trd, 8639581.812, 75
Trd, 8639582.179, 114
Trd, 8639582.479, 63
Trd, 8639583.179, 74
Trd, 8639583.879, 127
Trd, 8639584.146, 81
Trd, 8639584.646, 95
Trd, 8639585.079, 99
Trd, 8639585.612, 133
Trd, 8639585.979, 134
Trd, 8639586.679, 123
Trd, 8639586.746, 116
Trd, 8639587.779, 110
Trd, 8639587.912, 139
Trd, 8639588.479, 131
Trd, 8639589.312, 83
Trd, 8639589.346, 83
Trd, 8639589.912, 113
Trd, 8639590.479, 102
Trd, 8639591.512, 140
Trd, 8639591.712, 100
Trd, 8639591.812, 98
Trd, 8639592.046, 93
Trd, 8639592.679, 124
Trd, 8639593.579, 97
Trd, 8639593.746, 87
Trd, 8639593.812, 111
Trd, 8639594.246, 95
Trd, 8639594.479, 86
Trd, 8639595.412, 124
Trd, 8639595.446, 103
Trd, 8639595.946, 81
Trd, 8639596.446, 67
Trd, 8639597.079, 105
Trd, 8639597.212, 104
Trd, 8639597.546, 75
Trd, 8639598.312, 66
Trd, 8639598.546, 93
Trd, 8639598.679, 100
Trd, 8639599.279, 99
Trd, 8639599.846, 107
Trd, 8639600.079, 120
Trd, 8639600.546, 74
Trd, 8639600.846, 123
Trd, 8639601.512, 120
Trd, 8639602.379, 110
Trd, 8639602.579, 102
Trd, 8639602.812, 110
Trd, 8639603.112, 101
Trd, 8639604.079, 97
Trd, 8639604.346, 122
Trd, 8639604.679, 131
Trd, 8639606.912, 136
Trd, 8639607.079, 129
Trd, 8639607.746, 120
Trd, 8639608.612, 139
Trd, 8639608.812, 134
Trd, 8639609.112, 104
Trd, 8639609.212, 129
Trd, 8639609.246, 92
Trd, 8639609.479, 111
Trd, 8639609.546, 89
Trd, 8639609.612, 87
Trd, 8639609.679, 135
Trd, 8639610.046, 81
Trd, 8639610.646, 70
Trd, 8639611.779, 117
Trd, 8639612.546, 62
Trd, 8639613.146, 125
Trd, 8639613.846, 103
Trd, 8639613.946, 85
Trd, 8639614.879, 110
Trd, 8639615.079, 109
Trd, 8639616.312, 111
Trd, 8639617.279, 89
Trd, 8639617.946, 84
Trd, 8639618.112, 105
Trd, 8639618.979, 105
Trd, 8639619.079, 81
Trd, 8639619.912, 86
Trd, 8639619.946, 89
Trd, 8639620.746, 104
Trd, 8639620.979, 105
Trd, 8639621.712, 87
Trd, 8639623.046, 94
Trd, 8639623.112, 86
Trd, 8639624.546, 120
Trd, 8639624.879, 113
Trd, 8639625.546, 98
Trd, 8639625.879, 94
Trd, 8639626.112, 90
Trd, 8639626.346, 138
Trd, 8639627.346, 138
Trd, 8639627.779, 81
Trd, 8639627.812, 77
Trd, 8639628.512, 76
Trd, 8639629.779, 101
Trd, 8639629.946, 94
Trd, 8639629.979, 93
Trd, 8639630.479, 90
Trd, 8639631.046, 91
Trd, 8639631.546, 120
Trd, 8639632.646, 117
Trd, 8639633.579, 138
Trd, 8639633.712, 132
Trd, 8639634.112, 119
Trd, 8639634.546, 130
Trd, 8639635.479, 127
Trd, 8639635.612, 120
Trd, 8639636.279, 125
Trd, 8639637.179, 116
Trd, 8639637.546, 112
Trd, 8639637.579, 102
Trd, 8639637.746, 120
Trd, 8639638.346, 126
Trd, 8639638.712, 94
Trd, 8639639.112, 115
Trd, 8639639.912, 133
Trd, 8639640.146, 123
Trd, 8639641.179, 110
Trd, 8639642.312, 109
Trd, 8639642.746, 99
Trd, 8639643.179, 125
Trd, 8639643.579, 115
Trd, 8639644.312, 118
Trd, 8639644.679, 109
Trd, 8639644.812, 105
Trd, 8639645.679, 90
Trd, 8639645.979, 89
Trd, 8639646.312, 129
Trd, 8639646.812, 135
Trd, 8639646.846, 120
Trd, 8639647.246, 117
Trd, 8639648.212, 115
Trd, 8639648.546, 98
Trd, 8639648.812, 103
Trd, 8639649.379, 98
Trd, 8639649.546, 97
Trd, 8639651.046, 137
Trd, 8639651.312, 118
Trd, 8639652.112, 125
Trd, 8639652.146, 119
Trd, 8639652.479, 115
Trd, 8639653.012, 111
Trd, 8639653.079, 107
Trd, 8639653.446, 106
Trd, 8639653.612, 97
Trd, 8639654.512, 106
Trd, 8639654.579, 115
Trd, 8639655.112, 137
Trd, 8639655.179, 94
Trd, 8639656.012, 125
Trd, 8639656.279, 91
Trd, 8639656.379, 90
Trd, 8639656.612, 98
Trd, 8639656.846, 94
Trd, 8639657.379, 92
Trd, 8639657.879, 105
Trd, 8639658.779, 92
Trd, 8639659.046, 92
Trd, 8639659.679, 105
Trd, 8639659.979, 103
Trd, 8639660.179, 95
Trd, 8639660.846, 92
Trd, 8639661.479, 105
Trd, 8639662.212, 98
Trd, 8639662.446, 114
Trd, 8639662.646, 106
Trd, 8639663.712, 107
Trd, 8639664.112, 115
Trd, 8639664.479, 117
Trd, 8639665.012, 124
Trd, 8639665.712, 120
Trd, 8639665.879, 114
Trd, 8639666.146, 99
Trd, 8639666.212, 94
Trd, 8639666.446, 123
Trd, 8639666.846, 118
Trd, 8639667.346, 118
Trd, 8639668.279, 105
Trd, 8639668.646, 140
Trd, 8639669.979, 107
Trd, 8639671.046, 122
Trd, 8639671.812, 120
Trd, 8639671.912, 114
Trd, 8639672.479, 113
Trd, 8639672.512, 109
Trd, 8639672.579, 107
Trd, 8639673.546, 78
Trd, 8639675.112, 112
Trd, 8639676.146, 130
Trd, 8639676.379, 124
Trd, 8639676.646, 105
Trd, 8639677.046, 104
Trd, 8639677.179, 95
Trd, 8639677.812, 105
Trd, 8639677.846, 92
Trd, 8639678.646, 91
Trd, 8639679.246, 124
Trd, 8639679.912, 88
Trd, 8639680.746, 128
Trd, 8639681.479, 107
Trd, 8639681.946, 101
Trd, 8639682.246, 100
Trd, 8639683.112, 103
Trd, 8639683.512, 119
Trd, 8639683.679, 123
Trd, 8639683.812, 113
Trd, 8639683.912, 110
Trd, 8639684.379, 96
Trd, 8639684.712, 94
Trd, 8639685.046, 124
Trd, 8639686.879, 116
Trd, 8639687.679, 109
Trd, 8639687.779, 115
Trd, 8639687.979, 98
Trd, 8639688.079, 91
Trd, 8639688.646, 106
Trd, 8639689.046, 66
Trd, 8639690.279, 140
Trd, 8639690.412, 126
Trd, 8639690.646, 120
Trd, 8639691.046, 104
Trd, 8639692.379, 111
Trd, 8639692.812, 127
Trd, 8639693.846, 125
Trd, 8639694.712, 102
Trd, 8639694.746, 101
Trd, 8639694.946, 136
Trd, 8639695.112, 92
Trd, 8639695.512, 114
Trd, 8639696.046, 109
Trd, 8639696.279, 104
Trd, 8639697.012, 103
Trd, 8639698.612, 115
Trd, 8639698.879, 104
Trd, 8639700.546, 128
Trd, 8639700.879, 112
Trd, 8639701.112, 117
Trd, 8639701.146, 109
Trd, 8639701.412, 132
Trd, 8639701.646, 111
Trd, 8639702.479, 106
Trd, 8639702.646, 105
Trd, 8639703.079, 104
Trd, 8639703.379, 98
Trd, 8639703.979, 117
Trd, 8639704.079, 90
Trd, 8639704.479, 91
Trd, 8639704.979, 137
Trd, 8639705.312, 98
Trd, 8639705.579, 117
Trd, 8639706.646, 85
Trd, 8639707.246, 86
Trd, 8639707.446, 81
Trd, 8639707.679, 103
Trd, 8639708.412, 111
Trd, 8639708.812, 107
Trd, 8639708.879, 98
Trd, 8639709.312, 102
Trd, 8639710.879, 139
Trd, 8639710.979, 128
Trd, 8639711.779, 124
Trd, 8639712.412, 116
Trd, 8639712.779, 136
Trd, 8639713.312, 98
Trd, 8639714.046, 100
Trd, 8639714.079, 96
Trd, 8639714.246, 85
Trd, 8639715.112, 87
Trd, 8639715.812, 106
Trd, 8639716.246, 107
Trd, 8639716.379, 103
Trd, 8639716.612, 95
Trd, 8639716.812, 83
Trd, 8639717.312, 136
Trd, 8639717.946, 135
Trd, 8639718.379, 137
Trd, 8639718.479, 127
Trd, 8639719.012, 118
Trd, 8639719.112, 110
Trd, 8639719.346, 133
Trd, 8639720.479, 116
Trd, 8639721.012, 77
Trd, 8639721.846, 91
Trd, 8639722.446, 105
Trd, 8639722.512, 106
Trd, 8639722.846, 79
Trd, 8639723.179, 131
Trd, 8639723.512, 129
Trd, 8639723.879, 127
Trd, 8639723.979, 121
Trd, 8639724.846, 125
Trd, 8639724.946, 103
Trd, 8639725.679, 99
Trd, 8639726.546, 96
Trd, 8639727.012, 89
Trd, 8639727.079, 88
Trd, 8639728.012, 114
Trd, 8639729.012, 118
Trd, 8639729.046, 92
Trd, 8639729.546, 107
Trd, 8639730.412, 114
Trd, 8639731.079, 88
Trd, 8639731.146, 93
Trd, 8639731.946, 122
Trd, 8639732.879, 95
Trd, 8639733.246, 97
Trd, 8639734.079, 93
Trd, 8639734.812, 85
Trd, 8639735.379, 109
Trd, 8639736.012, 114
Trd, 8639736.312, 116
Trd, 8639736.646, 121
Trd, 8639737.412, 121
Trd, 8639737.646, 86
Trd, 8639738.012, 75
Trd, 8639738.512, 98
Trd, 8639738.579, 93
Trd, 8639738.846, 106
Trd, 8639738.979, 93
Trd, 8639739.612, 139
Trd, 8639739.846, 111
Trd, 8639739.912, 107
Trd, 8639740.046, 102
Trd, 8639740.346, 76
Trd, 8639742.012, 90
Trd, 8639742.446, 131
Trd, 8639742.512, 103
Trd, 8639743.012, 125
Trd, 8639743.512, 62
Trd, 8639743.579, 69
Trd, 8639744.146, 70
Trd, 8639744.779, 65
Trd, 8639745.546, 105
Trd, 8639746.512, 110
Trd, 8639748.112, 81
Trd, 8639748.346, 105
Trd, 8639748.679, 117
Trd, 8639748.979, 82
Trd, 8639749.179, 131
Trd, 8639749.846, 109
Trd, 8639750.012, 112
Trd, 8639750.646, 108
Trd, 8639750.712, 105
Trd, 8639750.879, 110
Trd, 8639751.712, 121
Trd, 8639751.779, 122
Trd, 8639751.979, 114
Trd, 8639752.646, 133
Trd, 8639752.746, 100
Trd, 8639753.179, 111
Trd, 8639753.546, 95
Trd, 8639754.012, 127
Trd, 8639755.879, 97
Trd, 8639756.379, 84
Trd, 8639756.446, 82
Trd, 8639757.546, 102
Trd, 8639757.579, 122
Trd, 8639757.879, 113
Trd, 8639758.412, 75
Trd, 8639759.612, 79
Trd, 8639759.812, 90
Trd, 8639760.379, 103
Trd, 8639760.846, 138
Trd, 8639761.512, 127
Trd, 8639761.979, 126
Trd, 8639762.212, 111
Trd, 8639762.312, 98
Trd, 8639762.446, 95
Trd, 8639762.612, 93
Trd, 8639763.312, 83
Trd, 8639763.579, 135
Trd, 8639763.946, 82
Trd, 8639765.446, 73
Trd, 8639765.912, 85
Trd, 8639766.312, 95
Trd, 8639766.779, 132
Trd, 8639766.912, 122
Trd, 8639767.446, 96
Trd, 8639768.146, 98
Trd, 8639768.646, 100
Trd, 8639768.812, 98
Trd, 8639768.946, 96
Trd, 8639769.179, 94
Trd, 8639769.446, 85
Trd, 8639769.646, 66
Trd, 8639770.212, 120
Trd, 8639770.712, 103
Trd, 8639771.179, 93
Trd, 8639771.479, 87
Trd, 8639772.146, 103
Trd, 8639772.279, 99
Trd, 8639772.579, 88
Trd, 8639772.812, 104
Trd, 8639773.646, 104
Trd, 8639773.846, 89
Trd, 8639774.512, 89
Trd, 8639775.179, 114
Trd, 8639775.412, 111
Trd, 8639776.279, 111
Trd, 8639776.379, 110
Trd, 8639776.512, 105
Trd, 8639776.846, 97
Trd, 8639777.046, 114
Trd, 8639777.446, 97
Trd, 8639777.512, 91
Trd, 8639778.479, 117
Trd, 8639778.946, 91
Trd, 8639779.146, 81
Trd, 8639780.179, 92
Trd, 8639781.079, 104
Trd, 8639781.646, 96
Trd, 8639782.479, 128
Trd, 8639782.779, 103
Trd, 8639782.812, 95
Trd, 8639782.979, 98
Trd, 8639783.246, 83
Trd, 8639783.846, 84
Trd, 8639785.212, 90
Trd, 8639785.279, 81
Trd, 8639785.512, 103
Trd, 8639786.212, 106
Trd, 8639787.279, 136
Trd, 8639787.412, 96
Trd, 8639788.246, 123
Trd, 8639788.312, 92
Trd, 8639788.912, 88
Trd, 8639789.879, 64
Trd, 8639789.979, 100
Trd, 8639790.046, 106
Trd, 8639790.646, 91
Trd, 8639791.612, 114
Trd, 8639791.712, 135
Trd, 8639792.146, 98
Trd, 8639792.646, 93
Trd, 8639793.579, 102
Trd, 8639794.046, 99
Trd, 8639794.612, 108
Trd, 8639794.779, 92
Trd, 8639795.279, 100
Trd, 8639795.812, 106
Trd, 8639796.412, 99
Trd, 8639797.646, 122
Trd, 8639798.079, 102
Trd, 8639798.612, 84
Trd, 8639798.879, 102
Trd, 8639799.246, 81
Trd, 8639799.846, 70
Trd, 8639799.879, 89
Trd, 8639800.912, 129
Trd, 8639800.979, 106
Trd, 8639801.246, 104
Trd, 8639802.346, 139
Trd, 8639802.579, 128
Trd, 8639802.879, 140
Trd, 8639803.312, 125
Trd, 8639803.579, 114
Trd, 8639805.212, 114
Trd, 8639805.712, 137
Trd, 8639806.279, 128
Trd, 8639807.379, 140
Trd, 8639807.479, 128
Trd, 8639807.512, 121
Trd, 8639808.446, 114
Trd, 8639809.946, 103
Trd, 8639810.079, 93
Trd, 8639810.246, 86
Trd, 8639810.746, 139
Trd, 8639810.979, 86
Trd, 8639811.179, 93
Trd, 8639811.346, 86
Trd, 8639811.379, 77
Trd, 8639812.179, 87
Trd, 8639812.446, 105
Trd, 8639812.512, 121
Trd, 8639813.312, 120
Trd, 8639813.746, 75
Trd, 8639813.812, 116
Trd, 8639814.779, 115
Trd, 8639814.946, 136
Trd, 8639815.412, 67
Trd, 8639815.512, 66
Trd, 8639815.912, 76
Trd, 8639817.046, 71
Trd, 8639817.079, 73
Trd, 8639817.879, 88
Trd, 8639818.146, 133
Trd, 8639818.712, 83
Trd, 8639819.146, 74
Trd, 8639819.779, 70
Trd, 8639820.046, 122
Trd, 8639820.579, 83
Trd, 8639820.979, 75
Trd, 8639821.346, 71
Trd, 8639821.412, 76
Trd, 8639821.679, 61
Trd, 8639821.946, 112
Trd, 8639822.746, 67
Trd, 8639823.312, 69
Trd, 8639824.146, 116
Trd, 8639825.112, 104
Trd, 8639825.479, 139
Trd, 8639825.679, 129
Trd, 8639825.912, 123
Trd, 8639826.679, 112
Trd, 8639827.279, 107
Trd, 8639828.246, 95
Trd, 8639828.779, 84
Trd, 8639829.446, 107
Trd, 8639830.079, 111
Trd, 8639830.179, 121
Trd, 8639830.412, 122
Trd, 8639831.179, 136
Trd, 8639831.412, 126
Trd, 8639831.846, 131
Trd, 8639832.179, 103
Trd, 8639832.279, 102
Trd, 8639833.079, 125
Trd, 8639834.079, 139
Trd, 8639834.379, 118
Trd, 8639834.912, 113
Trd, 8639835.112, 108
Trd, 8639835.679, 103
Trd, 8639835.746, 97
Trd, 8639836.212, 116
Trd, 8639836.312, 93
Trd, 8639837.412, 92
Trd, 8639839.012, 95
Trd, 8639839.846, 137
Trd, 8639840.179, 135
Trd, 8639840.412, 116
Trd, 8639840.579, 94
Trd, 8639840.712, 93
Trd, 8639840.946, 72
Trd, 8639841.612, 74
Trd, 8639841.846, 103
Trd, 8639842.112, 107
Trd, 8639842.412, 103
Trd, 8639842.879, 87
Trd, 8639843.246, 80
Trd, 8639844.312, 122
Trd, 8639844.579, 76
Trd, 8639846.646, 70
Trd, 8639847.179, 103
Trd, 8639847.446, 63
Trd, 8639847.679, 66
Trd, 8639847.779, 109
Trd, 8639848.546, 96
Trd, 8639848.579, 83
Trd, 8639848.979, 102
Trd, 8639849.179, 134
Trd, 8639849.479, 126
Trd, 8639849.812, 72
Trd, 8639849.946, 81
Trd, 8639850.146, 87
Trd, 8639851.412, 122
Trd, 8639852.712, 140
Trd, 8639852.946, 129
Trd, 8639853.112, 122
Trd, 8639853.312, 120
Trd, 8639853.479, 115
Trd, 8639853.979, 107
Trd, 8639854.046, 105
Trd, 8639854.246, 108
Trd, 8639854.779, 87
Trd, 8639854.912, 83
Trd, 8639855.646, 90
Trd, 8639856.379, 115
Trd, 8639857.012, 135
Trd, 8639857.212, 121
Trd, 8639857.279, 107
Trd, 8639857.446, 94
Trd, 8639858.046, 108
Trd, 8639858.979, 79
Trd, 8639859.746, 78
Trd, 8639860.612, 123
Trd, 8639860.879, 118
Trd, 8639860.912, 124
Trd, 8639861.212, 117
Trd, 8639861.446, 107
Trd, 8639861.746, 102
Trd, 8639862.446, 124
Trd, 8639862.612, 109
Trd, 8639863.546, 73
Trd, 8639863.846, 79
Trd, 8639863.979, 80
Trd, 8639864.279, 90
Trd, 8639864.579, 98
Trd, 8639864.679, 111
Trd, 8639864.712, 74
Trd, 8639865.212, 77
Trd, 8639866.412, 121
Trd, 8639866.779, 137
Trd, 8639867.479, 107
Trd, 8639867.946, 105
Trd, 8639868.112, 91
Trd, 8639868.146, 67
Trd, 8639869.146, 104
Trd, 8639869.346, 124
Trd, 8639869.946, 77
Trd, 8639870.046, 98
Trd, 8639870.979, 63
Trd, 8639871.079, 63
Trd, 8639872.412, 73
Trd, 8639872.712, 91
Trd, 8639873.346, 96
Trd, 8639873.446, 98
Trd, 8639875.046, 110
Trd, 8639875.279, 116
Trd, 8639875.379, 102
Trd, 8639875.512, 86
Trd, 8639875.712, 104
Trd, 8639875.879, 79
Trd, 8639877.146, 64
Trd, 8639877.312, 65
Trd, 8639877.579, 75
Trd, 8639878.146, 70
Trd, 8639879.779, 96
Trd, 8639879.912, 83
Trd, 8639880.212, 117
Trd, 8639880.412, 80
Trd, 8639880.612, 67
Trd, 8639880.879, 105
Trd, 8639880.979, 104
Trd, 8639881.712, 125
Trd, 8639882.112, 125
Trd, 8639882.912, 126
Trd, 8639883.012, 122
Trd, 8639883.379, 100
Trd, 8639883.412, 93
Trd, 8639884.179, 128
Trd, 8639884.579, 83
Trd, 8639884.979, 84
Trd, 8639885.379, 81
Trd, 8639885.779, 121
Trd, 8639886.079, 131
Trd, 8639886.312, 131
Trd, 8639887.046, 131
Trd, 8639887.112, 116
Trd, 8639888.079, 125
Trd, 8639888.546, 125
Trd, 8639888.879, 105
Trd, 8639889.479, 137
Trd, 8639889.512, 130
Trd, 8639889.979, 139
Trd, 8639890.146, 82
Trd, 8639890.446, 106
Trd, 8639890.946, 62
Trd, 8639891.279, 91
Trd, 8639891.946, 85
Trd, 8639893.446, 88
Trd, 8639894.079, 110
Trd, 8639894.679, 108
Trd, 8639894.746, 101
Trd, 8639895.312, 102
Trd, 8639895.879, 96
Trd, 8639896.012, 87
Trd, 8639896.612, 99
Trd, 8639896.779, 99
Trd, 8639897.712, 98
Trd, 8639898.112, 132
Trd, 8639898.912, 85
Trd, 8639899.346, 98
Trd, 8639899.646, 110
Trd, 8639900.579, 93
Trd, 8639900.946, 135
Trd, 8639901.712, 104
Trd, 8639901.846, 103
Trd, 8639902.579, 99
Trd, 8639902.812, 98
Trd, 8639903.179, 85
Trd, 8639903.812, 115
Trd, 8639904.179, 103
Trd, 8639905.246, 129
Trd, 8639905.612, 93
Trd, 8639906.012, 90
Trd, 8639906.146, 122
Trd, 8639906.512, 81
Trd, 8639907.846, 102
Trd, 8639907.946, 124
Trd, 8639908.279, 108
Trd, 8639909.446, 101
Trd, 8639909.746, 124
Trd, 8639910.112, 101
Trd, 8639910.579, 81
Trd, 8639911.246, 123
Trd, 8639911.712, 115
Trd, 8639912.779, 121
Trd, 8639913.012, 98
Trd, 8639913.146, 104
Trd, 8639913.479, 119
Trd, 8639914.712, 124
Trd, 8639914.879, 122
Trd, 8639915.112, 117
Trd, 8639915.279, 117
Trd, 8639915.546, 101
Trd, 8639916.212, 79
Trd, 8639916.979, 79
Trd, 8639917.479, 136
Trd, 8639917.512, 119
Trd, 8639918.412, 102
Trd, 8639918.746, 72
Trd, 8639918.946, 110
Trd, 8639919.312, 92
Trd, 8639919.512, 71
Trd, 8639920.412, 116
Trd, 8639920.779, 132
Trd, 8639920.879, 117
Trd, 8639921.612, 107
Trd, 8639922.046, 108
Trd, 8639922.746, 113
Trd, 8639923.412, 104
Trd, 8639923.579, 95
Trd, 8639923.679, 115
Trd, 8639923.946, 108
Trd, 8639924.046, 90
Trd, 8639924.179, 118
Trd, 8639924.679, 123
Trd, 8639925.412, 92
Trd, 8639925.446, 136
Trd, 8639926.846, 86
Trd, 8639927.146, 84
Trd, 8639927.379, 93
Trd, 8639928.079, 87
Trd, 8639928.146, 103
Trd, 8639928.912, 83
Trd, 8639929.012, 104
Trd, 8639929.612, 79
Trd, 8639930.612, 83
Trd, 8639931.446, 115
Trd, 8639931.512, 137
Trd, 8639931.779, 89
Trd, 8639931.946, 106
Trd, 8639933.779, 98
Trd, 8639933.879, 89
Trd, 8639934.012, 78
Trd, 8639934.212, 105
Trd, 8639934.312, 122
Trd, 8639934.646, 106
Trd, 8639935.246, 92
Trd, 8639936.912, 125
Trd, 8639937.379, 113
Trd, 8639937.879, 110
Trd, 8639937.912, 110
Trd, 8639938.379, 106
Trd, 8639938.446, 103
Trd, 8639938.579, 99
Trd, 8639939.446, 127
Trd, 8639942.279, 118
Trd, 8639942.312, 102
Trd, 8639942.579, 87
Trd, 8639942.879, 135
Trd, 8639943.112, 119
Trd, 8639943.679, 133
Trd, 8639943.979, 140
Trd, 8639944.179, 102
Trd, 8639944.946, 98
Trd, 8639946.079, 98
Trd, 8639946.446, 97
Trd, 8639946.746, 95
Trd, 8639946.846, 93
Trd, 8639947.046, 96
Trd, 8639947.912, 130
Trd, 8639948.412, 114
Trd, 8639948.612, 110
Trd, 8639948.712, 96
Trd, 8639948.812, 121
Trd, 8639949.279, 108
Trd, 8639950.079, 92
Trd, 8639950.246, 91
Trd, 8639950.679, 78
Trd, 8639951.346, 92
Trd, 8639952.179, 95
Trd, 8639952.379, 126
Trd, 8639952.812, 117
Trd, 8639953.479, 137
Trd, 8639953.779, 125
Trd, 8639953.812, 90
Trd, 8639954.479, 92
Trd, 8639955.079, 102
Trd, 8639956.179, 121
Trd, 8639956.779, 124
Trd, 8639957.312, 88
Trd, 8639957.479, 103
Trd, 8639957.512, 106
Trd, 8639957.812, 117
Trd, 8639958.812, 121
Trd, 8639958.946, 118
Trd, 8639960.046, 111
Trd, 8639960.379, 105
Trd, 8639960.812, 116
Trd, 8639961.146, 101
Trd, 8639962.112, 112
Trd, 8639962.679, 105
Trd, 8639963.046, 118
Trd, 8639963.279, 104
Trd, 8639963.412, 103
Trd, 8639963.579, 118
Trd, 8639964.246, 101
Trd, 8639964.879, 83
Trd, 8639965.746, 137
Trd, 8639965.779, 93
Trd, 8639966.746, 93
Trd, 8639967.246, 77
Trd, 8639967.446, 74
Trd, 8639968.346, 94
Trd, 8639968.379, 90
Trd, 8639968.612, 72
Trd, 8639969.046, 64
Trd, 8639969.112, 61
Trd, 8639969.479, 94
Trd, 8639970.246, 99
Trd, 8639970.279, 88
Trd, 8639972.212, 93
Trd, 8639972.579, 94
Trd, 8639972.712, 91
Trd, 8639972.746, 84
Trd, 8639972.812, 82
Trd, 8639973.346, 132
Trd, 8639973.979, 67
Trd, 8639974.946, 96
Trd, 8639975.646, 66
Trd, 8639975.879, 113
Trd, 8639976.946, 78
Trd, 8639977.279, 99
Trd, 8639977.479, 130
Trd, 8639978.079, 82
Trd, 8639978.512, 112
Trd, 8639979.046, 84
Trd, 8639979.579, 67
Trd, 8639980.079, 74
Trd, 8639980.312, 79
Trd, 8639980.346, 89
Trd, 8639980.579, 86
Trd, 8639980.679, 103
Trd, 8639981.346, 139
Trd, 8639981.379, 121
Trd, 8639982.212, 95
Trd, 8639982.579, 127
Trd, 8639983.612, 106
Trd, 8639983.746, 105
Trd, 8639985.212, 107
Trd, 8639985.846, 104
Trd, 8639985.912, 112
Trd, 8639986.179, 97
Trd, 8639986.479, 136
Trd, 8639986.746, 110
Trd, 8639988.046, 101
Trd, 8639988.146, 88
Trd, 8639989.579, 127
Trd, 8639990.112, 112
Trd, 8639990.312, 120
Trd, 8639990.879, 117
Trd, 8639991.812, 117
Trd, 8639992.246, 107
Trd, 8639993.312, 97
Trd, 8639993.346, 105
Trd, 8639993.412, 95
Trd, 8639994.279, 106
Trd, 8639994.512, 131
Trd, 8639994.879, 124
Trd, 8639995.612, 117
Trd, 8639995.812, 115
Trd, 8639996.046, 108
Trd, 8639996.246, 123
Trd, 8639997.346, 107
Trd, 8639998.212, 125
Trd, 8639998.446, 98
Trd, 8639998.579, 94
Trd, 8639998.946, 123
Trd, 8639999.712, 86
