Trd, 8638796.479, 120
Trd, 8638797.346, 138
Trd, 8638797.546, 113
Trd, 8638798.312, 68
Trd, 8638798.412, 120
Trd, 8638798.712, 139
Trd, 8638798.779, 138
Trd, 8638799.512, 140
Trd, 8638799.546, 78
Trd, 8638799.879, 140
Trd, 8638800.912, 140
Trd, 8638801.179, 140
Trd, 8638802.112, 140
Trd, 8638803.079, 140
Trd, 8638803.279, 140
Trd, 8638804.512, 140
Trd, 8638805.146, 140
Trd, 8638805.246, 139
Trd, 8638805.412, 139
Trd, 8638805.612, 138
Trd, 8638805.779, 138
Trd, 8638805.979, 124
Trd, 8638806.246, 140
Trd, 8638807.712, 139
Trd, 8638808.112, 138
Trd, 8638808.279, 140
Trd, 8638808.446, 136
Trd, 8638808.546, 135
Trd, 8638808.746, 140
Trd, 8638808.779, 125
Trd, 8638809.246, 70
Trd, 8638809.546, 65
Trd, 8638810.512, 139
Trd, 8638811.012, 140
Trd, 8638812.312, 140
Trd, 8638812.812, 140
Trd, 8638813.012, 140
Trd, 8638813.179, 140
Trd, 8638813.312, 139
Trd, 8638813.346, 114
Trd, 8638813.612, 103
Trd, 8638813.779, 140
Trd, 8638814.346, 140
Trd, 8638815.012, 139
Trd, 8638815.912, 62
Trd, 8638816.146, 65
Trd, 8638816.379, 138
Trd, 8638816.812, 137
Trd, 8638817.346, 70
Trd, 8638818.346, 61
Trd, 8638819.012, 60
Trd, 8638819.346, 60
Trd, 8638819.746, 60
Trd, 8638819.912, 61
Trd, 8638819.979, 65
Trd, 8638820.446, 68
Trd, 8638820.846, 132
Trd, 8638821.346, 140
Trd, 8638821.646, 62
Trd, 8638821.846, 140
Trd, 8638822.079, 140
Trd, 8638822.546, 140
Trd, 8638822.712, 118
Trd, 8638822.846, 111
Trd, 8638823.146, 109
Trd, 8638823.812, 108
Trd, 8638824.012, 109
Trd, 8638824.412, 74
Trd, 8638824.812, 75
Trd, 8638825.279, 62
Trd, 8638825.479, 60
Trd, 8638826.446, 63
Trd, 8638827.146, 60
Trd, 8638827.179, 65
Trd, 8638827.346, 138
Trd, 8638828.146, 119
Trd, 8638829.046, 60
Trd, 8638829.946, 60
Trd, 8638830.279, 60
Trd, 8638831.246, 60
Trd, 8638831.312, 61
Trd, 8638831.846, 62
Trd, 8638831.946, 63
Trd, 8638832.446, 61
Trd, 8638832.979, 63
Trd, 8638833.546, 60
Trd, 8638833.779, 64
Trd, 8638833.912, 68
Trd, 8638834.846, 61
Trd, 8638834.946, 64
Trd, 8638835.279, 67
Trd, 8638835.679, 60
Trd, 8638836.412, 140
Trd, 8638837.046, 118
Trd, 8638837.646, 140
Trd, 8638837.779, 140
Trd, 8638838.146, 124
Trd, 8638838.646, 61
Trd, 8638839.179, 62
Trd, 8638839.246, 62
Trd, 8638839.346, 61
Trd, 8638839.412, 62
Trd, 8638839.612, 62
Trd, 8638840.412, 60
Trd, 8638842.212, 60
Trd, 8638842.612, 61
Trd, 8638842.679, 62
Trd, 8638843.012, 62
Trd, 8638843.179, 61
Trd, 8638843.279, 67
Trd, 8638843.912, 63
Trd, 8638844.179, 63
Trd, 8638844.212, 64
Trd, 8638844.512, 63
Trd, 8638844.879, 61
Trd, 8638845.379, 103
Trd, 8638845.679, 121
Trd, 8638846.746, 140
Trd, 8638847.612, 140
Trd, 8638847.779, 140
Trd, 8638848.479, 140
Trd, 8638848.579, 140
Trd, 8638849.546, 140
Trd, 8638849.612, 139
Trd, 8638849.679, 138
Trd, 8638850.979, 140
Trd, 8638851.779, 140
Trd, 8638851.946, 140
Trd, 8638852.312, 140
Trd, 8638852.546, 140
Trd, 8638852.779, 140
Trd, 8638852.946, 140
Trd, 8638853.346, 138
Trd, 8638853.912, 139
Trd, 8638855.012, 140
Trd, 8638855.946, 139
Trd, 8638856.412, 123
Trd, 8638856.646, 110
Trd, 8638856.979, 126
Trd, 8638857.079, 125
Trd, 8638857.279, 140
Trd, 8638858.279, 140
Trd, 8638858.412, 140
Trd, 8638858.712, 139
Trd, 8638859.079, 138
Trd, 8638859.446, 138
Trd, 8638859.546, 122
Trd, 8638860.079, 140
Trd, 8638860.812, 60
Trd, 8638861.112, 60
Trd, 8638861.712, 139
Trd, 8638862.579, 140
Trd, 8638862.779, 140
Trd, 8638862.912, 140
Trd, 8638864.012, 140
Trd, 8638864.079, 140
Trd, 8638864.979, 140
Trd, 8638865.346, 140
Trd, 8638865.412, 140
Trd, 8638865.446, 140
Trd, 8638865.746, 140
Trd, 8638866.379, 140
Trd, 8638866.512, 140
Trd, 8638866.546, 138
Trd, 8638866.912, 116
Trd, 8638867.079, 115
Trd, 8638867.979, 140
Trd, 8638868.012, 140
Trd, 8638869.146, 140
Trd, 8638869.279, 126
Trd, 8638870.046, 140
Trd, 8638870.779, 138
Trd, 8638871.179, 133
Trd, 8638871.412, 114
Trd, 8638871.512, 62
Trd, 8638872.312, 60
Trd, 8638872.612, 61
Trd, 8638873.246, 60
Trd, 8638873.279, 60
Trd, 8638873.779, 60
Trd, 8638873.979, 62
Trd, 8638875.046, 60
Trd, 8638875.079, 62
Trd, 8638875.146, 63
Trd, 8638876.046, 60
Trd, 8638876.112, 61
Trd, 8638876.579, 60
Trd, 8638876.912, 64
Trd, 8638877.012, 74
Trd, 8638877.279, 140
Trd, 8638877.979, 61
Trd, 8638878.446, 62
Trd, 8638879.246, 60
Trd, 8638879.679, 60
Trd, 8638879.846, 63
Trd, 8638879.879, 64
Trd, 8638880.346, 60
Trd, 8638881.079, 140
Trd, 8638881.546, 88
Trd, 8638881.812, 140
Trd, 8638882.112, 140
Trd, 8638882.512, 140
Trd, 8638883.579, 140
Trd, 8638883.612, 140
Trd, 8638884.046, 140
Trd, 8638885.046, 140
Trd, 8638885.212, 129
Trd, 8638885.279, 140
Trd, 8638885.746, 87
Trd, 8638886.012, 102
Trd, 8638886.246, 60
Trd, 8638886.646, 60
Trd, 8638887.346, 60
Trd, 8638887.512, 60
Trd, 8638888.512, 64
Trd, 8638888.679, 66
Trd, 8638889.112, 69
Trd, 8638889.512, 60
Trd, 8638889.612, 60
Trd, 8638889.746, 60
Trd, 8638889.812, 62
Trd, 8638890.212, 70
Trd, 8638891.046, 70
Trd, 8638891.612, 63
Trd, 8638891.812, 61
Trd, 8638892.646, 60
Trd, 8638893.412, 61
Trd, 8638893.512, 61
Trd, 8638893.546, 62
Trd, 8638893.812, 60
Trd, 8638894.146, 140
Trd, 8638894.279, 70
Trd, 8638895.179, 73
Trd, 8638895.546, 140
Trd, 8638895.646, 139
Trd, 8638895.846, 137
Trd, 8638895.879, 106
Trd, 8638896.546, 140
Trd, 8638896.746, 140
Trd, 8638896.846, 138
Trd, 8638897.446, 87
Trd, 8638897.612, 140
Trd, 8638898.479, 88
Trd, 8638898.879, 83
Trd, 8638899.579, 140
Trd, 8638899.612, 139
Trd, 8638900.246, 97
Trd, 8638900.846, 135
Trd, 8638902.012, 65
Trd, 8638902.079, 67
Trd, 8638902.179, 62
Trd, 8638902.379, 75
Trd, 8638903.212, 138
Trd, 8638903.646, 140
Trd, 8638904.312, 140
Trd, 8638904.612, 140
Trd, 8638904.679, 140
Trd, 8638905.312, 140
Trd, 8638905.379, 138
Trd, 8638906.046, 139
Trd, 8638906.146, 118
Trd, 8638906.579, 140
Trd, 8638907.446, 140
Trd, 8638907.812, 140
Trd, 8638907.912, 140
Trd, 8638908.379, 140
Trd, 8638909.446, 140
Trd, 8638910.112, 140
Trd, 8638910.779, 140
Trd, 8638910.812, 139
Trd, 8638910.879, 139
Trd, 8638911.746, 139
Trd, 8638912.046, 139
Trd, 8638912.712, 140
Trd, 8638913.079, 140
Trd, 8638913.479, 140
Trd, 8638913.746, 140
Trd, 8638914.146, 131
Trd, 8638914.679, 137
Trd, 8638914.779, 131
Trd, 8638915.579, 140
Trd, 8638916.479, 140
Trd, 8638917.746, 140
Trd, 8638917.879, 140
Trd, 8638919.146, 140
Trd, 8638919.179, 140
Trd, 8638919.412, 140
Trd, 8638919.646, 140
Trd, 8638919.679, 140
Trd, 8638919.879, 138
Trd, 8638920.146, 102
Trd, 8638920.679, 113
Trd, 8638920.812, 140
Trd, 8638921.012, 99
Trd, 8638922.612, 140
Trd, 8638922.946, 140
Trd, 8638923.612, 140
Trd, 8638923.712, 139
Trd, 8638923.946, 100
Trd, 8638924.012, 86
Trd, 8638924.179, 98
Trd, 8638924.446, 137
Trd, 8638924.612, 61
Trd, 8638925.379, 140
Trd, 8638926.112, 139
Trd, 8638926.779, 139
Trd, 8638926.979, 76
Trd, 8638927.479, 73
Trd, 8638927.746, 80
Trd, 8638927.812, 81
Trd, 8638928.279, 101
Trd, 8638929.012, 61
Trd, 8638929.746, 140
Trd, 8638929.812, 140
Trd, 8638929.979, 139
Trd, 8638931.212, 140
Trd, 8638931.579, 140
Trd, 8638931.712, 140
Trd, 8638932.079, 140
Trd, 8638932.579, 140
Trd, 8638933.212, 140
Trd, 8638933.612, 140
Trd, 8638934.412, 140
Trd, 8638934.746, 140
Trd, 8638935.146, 140
Trd, 8638935.679, 139
Trd, 8638936.446, 137
Trd, 8638936.646, 137
Trd, 8638937.012, 115
Trd, 8638937.246, 89
Trd, 8638937.446, 63
Trd, 8638937.812, 60
Trd, 8638938.112, 60
Trd, 8638938.412, 73
Trd, 8638938.712, 140
Trd, 8638938.946, 140
Trd, 8638939.779, 140
Trd, 8638940.312, 140
Trd, 8638940.379, 139
Trd, 8638941.046, 140
Trd, 8638941.679, 125
Trd, 8638941.946, 64
Trd, 8638942.812, 140
Trd, 8638942.846, 140
Trd, 8638943.446, 140
Trd, 8638943.746, 140
Trd, 8638944.012, 136
Trd, 8638944.079, 83
Trd, 8638944.246, 60
Trd, 8638944.512, 140
Trd, 8638944.646, 140
Trd, 8638945.112, 110
Trd, 8638946.679, 140
Trd, 8638947.312, 140
Trd, 8638947.379, 140
Trd, 8638947.479, 139
Trd, 8638947.679, 140
Trd, 8638948.246, 140
Trd, 8638948.379, 119
Trd, 8638948.846, 140
Trd, 8638949.079, 140
Trd, 8638949.379, 118
Trd, 8638949.879, 117
Trd, 8638951.146, 140
Trd, 8638951.379, 140
Trd, 8638951.412, 140
Trd, 8638952.446, 140
Trd, 8638952.612, 140
Trd, 8638952.646, 140
Trd, 8638952.779, 140
Trd, 8638953.646, 136
Trd, 8638954.246, 132
Trd, 8638954.446, 127
Trd, 8638954.479, 108
Trd, 8638955.146, 65
Trd, 8638955.412, 139
Trd, 8638955.679, 140
Trd, 8638956.046, 140
Trd, 8638956.346, 140
Trd, 8638956.412, 139
Trd, 8638956.612, 138
Trd, 8638956.979, 95
Trd, 8638958.012, 132
Trd, 8638958.046, 131
Trd, 8638959.012, 111
Trd, 8638959.079, 110
Trd, 8638959.312, 136
Trd, 8638959.412, 116
Trd, 8638959.446, 102
Trd, 8638960.446, 140
Trd, 8638960.779, 140
Trd, 8638960.946, 140
Trd, 8638961.046, 140
Trd, 8638961.146, 139
Trd, 8638962.412, 140
Trd, 8638962.446, 140
Trd, 8638962.779, 123
Trd, 8638963.112, 116
Trd, 8638963.446, 139
Trd, 8638963.646, 140
Trd, 8638964.412, 140
Trd, 8638965.412, 140
Trd, 8638965.812, 140
Trd, 8638965.846, 138
Trd, 8638966.012, 111
Trd, 8638967.246, 139
Trd, 8638967.912, 140
Trd, 8638968.012, 140
Trd, 8638968.179, 139
Trd, 8638968.446, 111
Trd, 8638968.546, 138
Trd, 8638969.712, 140
Trd, 8638970.012, 140
Trd, 8638970.379, 140
Trd, 8638970.846, 140
Trd, 8638971.146, 138
Trd, 8638971.646, 128
Trd, 8638972.579, 139
Trd, 8638972.779, 140
Trd, 8638972.879, 116
Trd, 8638972.946, 87
Trd, 8638973.646, 140
Trd, 8638974.079, 140
Trd, 8638974.846, 140
Trd, 8638975.379, 140
Trd, 8638975.612, 139
Trd, 8638975.812, 140
Trd, 8638975.846, 137
Trd, 8638976.112, 124
Trd, 8638976.212, 131
Trd, 8638976.546, 124
Trd, 8638977.179, 140
Trd, 8638978.046, 76
Trd, 8638978.712, 116
Trd, 8638979.346, 126
Trd, 8638980.279, 140
Trd, 8638980.346, 140
Trd, 8638980.379, 139
Trd, 8638980.479, 139
Trd, 8638980.512, 139
Trd, 8638981.312, 140
Trd, 8638981.812, 127
Trd, 8638982.512, 140
Trd, 8638982.779, 140
Trd, 8638983.046, 138
Trd, 8638983.312, 137
Trd, 8638983.679, 140
Trd, 8638983.746, 90
Trd, 8638984.012, 100
Trd, 8638985.079, 140
Trd, 8638986.046, 140
Trd, 8638986.346, 139
Trd, 8638986.912, 139
Trd, 8638987.212, 139
Trd, 8638987.612, 121
Trd, 8638987.979, 111
Trd, 8638988.146, 86
Trd, 8638988.579, 140
Trd, 8638988.779, 139
Trd, 8638989.446, 140
Trd, 8638989.512, 140
Trd, 8638990.912, 140
Trd, 8638991.012, 140
Trd, 8638991.179, 140
Trd, 8638992.046, 140
Trd, 8638992.212, 139
Trd, 8638992.812, 140
Trd, 8638993.779, 140
Trd, 8638993.946, 140
Trd, 8638994.246, 140
Trd, 8638994.846, 140
Trd, 8638994.912, 140
Trd, 8638995.079, 138
Trd, 8638995.646, 140
Trd, 8638996.946, 140
Trd, 8638997.446, 138
Trd, 8638997.479, 121
Trd, 8638997.746, 78
Trd, 8638998.246, 140
Trd, 8638998.779, 134
Trd, 8638998.946, 110
Trd, 8638999.212, 127
Trd, 8638999.446, 133
Trd, 8639000.446, 140
Trd, 8639000.846, 140
Trd, 8639000.946, 140
Trd, 8639001.546, 140
Trd, 8639001.846, 140
Trd, 8639002.012, 140
Trd, 8639002.612, 140
Trd, 8639002.846, 137
Trd, 8639003.146, 140
Trd, 8639004.546, 140
Trd, 8639004.712, 140
Trd, 8639004.746, 140
Trd, 8639005.612, 140
Trd, 8639005.879, 140
Trd, 8639006.079, 139
Trd, 8639006.312, 139
Trd, 8639006.579, 103
Trd, 8639007.012, 78
Trd, 8639008.079, 60
Trd, 8639008.479, 60
Trd, 8639008.812, 60
Trd, 8639008.912, 63
Trd, 8639009.279, 139
Trd, 8639010.279, 61
Trd, 8639010.579, 62
Trd, 8639010.646, 64
Trd, 8639010.712, 65
Trd, 8639010.946, 73
Trd, 8639011.412, 139
Trd, 8639012.446, 138
Trd, 8639012.512, 138
Trd, 8639012.612, 137
Trd, 8639014.012, 139
Trd, 8639014.479, 140
Trd, 8639014.546, 139
Trd, 8639014.646, 138
Trd, 8639014.979, 140
Trd, 8639015.079, 132
Trd, 8639016.746, 140
Trd, 8639017.079, 140
Trd, 8639017.746, 140
Trd, 8639018.346, 130
Trd, 8639018.412, 128
Trd, 8639018.479, 122
Trd, 8639018.912, 140
Trd, 8639019.246, 131
Trd, 8639019.279, 116
Trd, 8639019.446, 71
Trd, 8639019.712, 139
Trd, 8639020.312, 140
Trd, 8639020.479, 139
Trd, 8639020.746, 116
Trd, 8639020.812, 114
Trd, 8639021.346, 139
Trd, 8639023.046, 140
Trd, 8639023.479, 140
Trd, 8639023.579, 139
Trd, 8639023.812, 135
Trd, 8639024.279, 128
Trd, 8639024.779, 140
Trd, 8639026.279, 140
Trd, 8639026.646, 140
Trd, 8639026.779, 140
Trd, 8639027.012, 140
Trd, 8639027.779, 140
Trd, 8639028.379, 139
Trd, 8639028.812, 139
Trd, 8639029.746, 140
Trd, 8639030.046, 140
Trd, 8639030.346, 140
Trd, 8639030.546, 140
Trd, 8639030.846, 139
Trd, 8639031.212, 138
Trd, 8639031.612, 140
Trd, 8639031.779, 140
Trd, 8639031.879, 115
Trd, 8639032.046, 140
Trd, 8639032.479, 140
Trd, 8639033.179, 107
Trd, 8639033.679, 139
Trd, 8639034.179, 139
Trd, 8639035.012, 140
Trd, 8639035.612, 140
Trd, 8639035.746, 140
Trd, 8639035.779, 139
Trd, 8639036.146, 139
Trd, 8639036.512, 121
Trd, 8639036.679, 91
Trd, 8639036.812, 78
Trd, 8639036.912, 66
Trd, 8639037.412, 60
Trd, 8639037.546, 62
Trd, 8639038.346, 140
Trd, 8639038.379, 140
Trd, 8639039.212, 139
Trd, 8639039.812, 140
Trd, 8639040.412, 140
Trd, 8639040.479, 140
Trd, 8639041.146, 140
Trd, 8639041.212, 139
Trd, 8639042.146, 140
Trd, 8639042.546, 140
Trd, 8639042.946, 140
Trd, 8639043.012, 140
Trd, 8639043.079, 140
Trd, 8639043.212, 136
Trd, 8639043.946, 140
Trd, 8639044.112, 130
Trd, 8639044.779, 105
Trd, 8639045.179, 117
Trd, 8639045.546, 140
Trd, 8639046.746, 140
Trd, 8639046.979, 140
Trd, 8639047.246, 140
Trd, 8639048.646, 140
Trd, 8639048.779, 140
Trd, 8639049.479, 140
Trd, 8639049.679, 140
Trd, 8639050.279, 139
Trd, 8639050.512, 133
Trd, 8639051.412, 140
Trd, 8639051.546, 139
Trd, 8639052.012, 136
Trd, 8639052.212, 134
Trd, 8639052.412, 140
Trd, 8639054.012, 140
Trd, 8639054.246, 140
Trd, 8639055.079, 140
Trd, 8639055.379, 139
Trd, 8639055.612, 117
Trd, 8639055.712, 117
Trd, 8639056.246, 119
Trd, 8639056.412, 119
Trd, 8639056.446, 120
Trd, 8639056.779, 119
Trd, 8639056.812, 118
Trd, 8639057.012, 100
Trd, 8639057.546, 139
Trd, 8639058.012, 140
Trd, 8639059.712, 140
Trd, 8639059.979, 140
Trd, 8639060.212, 140
Trd, 8639060.379, 140
Trd, 8639060.646, 137
Trd, 8639060.846, 140
Trd, 8639060.946, 136
Trd, 8639061.079, 139
Trd, 8639061.446, 95
Trd, 8639061.679, 93
Trd, 8639062.479, 84
Trd, 8639062.812, 140
Trd, 8639064.346, 140
Trd, 8639064.479, 140
Trd, 8639064.812, 140
Trd, 8639065.046, 140
Trd, 8639065.279, 138
Trd, 8639065.846, 139
Trd, 8639066.012, 138
Trd, 8639066.412, 137
Trd, 8639066.679, 139
Trd, 8639066.946, 131
Trd, 8639067.379, 127
Trd, 8639067.412, 108
Trd, 8639067.579, 96
Trd, 8639067.912, 115
Trd, 8639067.946, 95
Trd, 8639069.546, 140
Trd, 8639070.646, 140
Trd, 8639070.912, 140
Trd, 8639071.246, 140
Trd, 8639071.579, 140
Trd, 8639072.179, 140
Trd, 8639072.212, 140
Trd, 8639072.712, 140
Trd, 8639072.746, 139
Trd, 8639073.279, 140
Trd, 8639073.412, 139
Trd, 8639073.479, 122
Trd, 8639073.646, 137
Trd, 8639074.179, 122
Trd, 8639075.446, 140
Trd, 8639075.579, 140
Trd, 8639076.046, 140
Trd, 8639077.646, 140
Trd, 8639077.679, 140
Trd, 8639077.912, 140
Trd, 8639078.112, 140
Trd, 8639078.312, 140
Trd, 8639078.612, 139
Trd, 8639078.712, 139
Trd, 8639079.112, 110
Trd, 8639079.412, 108
Trd, 8639079.946, 139
Trd, 8639080.012, 137
Trd, 8639080.479, 101
Trd, 8639081.512, 140
Trd, 8639081.646, 139
Trd, 8639081.846, 138
Trd, 8639082.079, 101
Trd, 8639082.646, 125
Trd, 8639082.879, 124
Trd, 8639084.046, 140
Trd, 8639084.312, 140
Trd, 8639085.212, 140
Trd, 8639085.512, 140
Trd, 8639085.846, 140
Trd, 8639086.512, 140
Trd, 8639086.812, 140
Trd, 8639087.279, 140
Trd, 8639087.446, 140
Trd, 8639087.846, 118
Trd, 8639088.879, 140
Trd, 8639089.446, 140
Trd, 8639089.979, 140
Trd, 8639090.346, 129
Trd, 8639090.412, 98
Trd, 8639090.646, 85
Trd, 8639090.679, 84
Trd, 8639091.312, 140
Trd, 8639091.379, 83
Trd, 8639091.812, 140
Trd, 8639092.312, 140
Trd, 8639092.346, 139
Trd, 8639092.512, 138
Trd, 8639092.779, 84
Trd, 8639093.746, 138
Trd, 8639094.112, 138
Trd, 8639094.179, 119
Trd, 8639094.612, 113
Trd, 8639094.646, 116
Trd, 8639095.212, 84
Trd, 8639095.879, 136
Trd, 8639096.346, 80
Trd, 8639097.012, 60
Trd, 8639097.312, 63
Trd, 8639097.712, 140
Trd, 8639098.046, 138
Trd, 8639098.212, 138
Trd, 8639098.379, 104
Trd, 8639098.679, 77
Trd, 8639099.146, 62
Trd, 8639100.546, 138
Trd, 8639100.579, 102
Trd, 8639101.112, 140
Trd, 8639101.379, 140
Trd, 8639101.479, 140
Trd, 8639102.312, 140
Trd, 8639102.379, 140
Trd, 8639103.179, 140
Trd, 8639103.312, 140
Trd, 8639103.479, 140
Trd, 8639104.612, 140
Trd, 8639105.346, 138
Trd, 8639105.912, 140
Trd, 8639106.912, 140
Trd, 8639107.679, 140
Trd, 8639107.712, 140
Trd, 8639107.846, 140
Trd, 8639107.979, 140
Trd, 8639108.012, 139
Trd, 8639108.679, 138
Trd, 8639108.812, 138
Trd, 8639109.046, 109
Trd, 8639109.479, 140
Trd, 8639110.146, 139
Trd, 8639110.812, 133
Trd, 8639111.212, 132
Trd, 8639112.046, 140
Trd, 8639112.079, 138
Trd, 8639112.346, 124
Trd, 8639112.879, 119
Trd, 8639113.312, 140
Trd, 8639114.146, 140
Trd, 8639114.246, 104
Trd, 8639114.812, 96
Trd, 8639115.079, 139
Trd, 8639115.279, 140
Trd, 8639115.579, 140
Trd, 8639115.846, 93
Trd, 8639116.412, 64
Trd, 8639116.979, 71
Trd, 8639117.012, 73
Trd, 8639118.012, 140
Trd, 8639118.246, 139
Trd, 8639119.079, 140
Trd, 8639119.212, 140
Trd, 8639120.079, 139
Trd, 8639121.046, 139
Trd, 8639121.379, 140
Trd, 8639121.579, 114
Trd, 8639121.679, 104
Trd, 8639121.912, 103
Trd, 8639122.212, 101
Trd, 8639122.579, 67
Trd, 8639122.746, 66
Trd, 8639124.079, 140
Trd, 8639124.812, 140
Trd, 8639124.846, 140
Trd, 8639125.379, 140
Trd, 8639125.946, 140
Trd, 8639126.112, 139
Trd, 8639126.146, 138
Trd, 8639126.779, 140
Trd, 8639127.279, 139
Trd, 8639127.846, 140
Trd, 8639127.979, 136
Trd, 8639128.346, 132
Trd, 8639128.646, 124
Trd, 8639129.046, 106
Trd, 8639129.779, 137
Trd, 8639130.046, 99
Trd, 8639130.112, 138
Trd, 8639131.579, 140
Trd, 8639131.712, 140
Trd, 8639131.779, 140
Trd, 8639131.879, 140
Trd, 8639132.179, 140
Trd, 8639132.912, 140
Trd, 8639133.146, 140
Trd, 8639133.546, 125
Trd, 8639133.779, 112
Trd, 8639134.546, 132
Trd, 8639135.046, 131
Trd, 8639136.179, 128
Trd, 8639136.512, 127
Trd, 8639136.546, 129
Trd, 8639136.612, 102
Trd, 8639137.112, 139
Trd, 8639137.512, 137
Trd, 8639137.746, 62
Trd, 8639138.212, 139
Trd, 8639138.812, 139
Trd, 8639138.846, 107
Trd, 8639139.546, 140
Trd, 8639139.646, 139
Trd, 8639140.046, 140
Trd, 8639140.646, 128
Trd, 8639141.246, 137
Trd, 8639141.646, 137
Trd, 8639142.312, 138
Trd, 8639142.746, 138
Trd, 8639143.346, 140
Trd, 8639143.412, 139
Trd, 8639143.646, 139
Trd, 8639144.546, 140
Trd, 8639144.579, 140
Trd, 8639144.646, 89
Trd, 8639144.812, 83
Trd, 8639145.446, 137
Trd, 8639146.379, 140
Trd, 8639146.412, 140
Trd, 8639147.112, 140
Trd, 8639147.512, 140
Trd, 8639148.346, 138
Trd, 8639148.546, 136
Trd, 8639148.712, 115
Trd, 8639148.979, 114
Trd, 8639149.279, 80
Trd, 8639150.512, 140
Trd, 8639150.746, 140
Trd, 8639150.946, 140
Trd, 8639151.379, 140
Trd, 8639152.612, 140
Trd, 8639152.712, 138
Trd, 8639153.212, 139
Trd, 8639154.112, 140
Trd, 8639154.179, 140
Trd, 8639154.212, 140
Trd, 8639154.346, 140
Trd, 8639154.846, 120
Trd, 8639154.879, 116
Trd, 8639155.979, 105
Trd, 8639156.312, 138
Trd, 8639156.479, 78
Trd, 8639158.046, 140
Trd, 8639158.112, 140
Trd, 8639158.212, 139
Trd, 8639158.512, 127
Trd, 8639158.546, 119
Trd, 8639158.679, 140
Trd, 8639159.146, 138
Trd, 8639159.412, 136
Trd, 8639159.446, 115
Trd, 8639160.846, 140
Trd, 8639161.212, 140
Trd, 8639161.779, 140
Trd, 8639161.812, 140
Trd, 8639162.379, 140
Trd, 8639162.612, 138
Trd, 8639163.879, 140
Trd, 8639164.579, 140
Trd, 8639164.979, 140
Trd, 8639165.079, 140
Trd, 8639165.479, 140
Trd, 8639165.779, 139
Trd, 8639165.879, 109
Trd, 8639166.779, 139
Trd, 8639167.212, 140
Trd, 8639168.012, 140
Trd, 8639168.479, 140
Trd, 8639168.546, 140
Trd, 8639168.746, 140
Trd, 8639169.412, 140
Trd, 8639169.679, 98
Trd, 8639169.846, 97
Trd, 8639170.012, 68
Trd, 8639170.212, 71
Trd, 8639170.912, 140
Trd, 8639171.646, 140
Trd, 8639172.212, 140
Trd, 8639172.346, 140
Trd, 8639172.779, 140
Trd, 8639173.179, 139
Trd, 8639174.279, 140
Trd, 8639174.879, 140
Trd, 8639175.179, 140
Trd, 8639176.712, 140
Trd, 8639177.079, 140
Trd, 8639177.479, 140
Trd, 8639177.612, 129
Trd, 8639177.979, 140
Trd, 8639178.246, 121
Trd, 8639178.546, 140
Trd, 8639178.679, 74
Trd, 8639179.846, 140
Trd, 8639179.912, 140
Trd, 8639180.179, 137
Trd, 8639180.379, 136
Trd, 8639180.879, 140
Trd, 8639181.079, 133
Trd, 8639181.546, 88
Trd, 8639182.346, 140
Trd, 8639182.879, 140
Trd, 8639183.012, 140
Trd, 8639184.112, 139
Trd, 8639184.546, 139
Trd, 8639184.846, 138
Trd, 8639184.979, 118
Trd, 8639185.446, 92
Trd, 8639185.579, 140
Trd, 8639186.312, 140
Trd, 8639186.412, 140
Trd, 8639187.179, 139
Trd, 8639187.279, 79
Trd, 8639187.412, 79
Trd, 8639188.446, 140
Trd, 8639188.479, 140
Trd, 8639188.579, 139
Trd, 8639188.812, 139
Trd, 8639189.512, 79
Trd, 8639190.112, 140
Trd, 8639190.546, 140
Trd, 8639190.912, 140
Trd, 8639191.212, 140
Trd, 8639191.312, 139
Trd, 8639192.112, 60
Trd, 8639192.279, 60
Trd, 8639192.546, 61
Trd, 8639193.512, 60
Trd, 8639193.679, 66
Trd, 8639194.146, 63
Trd, 8639194.179, 64
Trd, 8639194.846, 66
Trd, 8639195.446, 140
Trd, 8639195.746, 140
Trd, 8639196.112, 140
Trd, 8639196.446, 140
Trd, 8639196.812, 140
Trd, 8639197.446, 140
Trd, 8639197.779, 140
Trd, 8639198.012, 123
Trd, 8639198.846, 140
Trd, 8639198.946, 139
Trd, 8639199.112, 137
Trd, 8639199.912, 140
Trd, 8639200.746, 139
Trd, 8639201.646, 140
Trd, 8639202.112, 140
Trd, 8639202.379, 140
Trd, 8639202.579, 135
Trd, 8639202.779, 97
Trd, 8639203.079, 81
Trd, 8639204.812, 140
Trd, 8639204.912, 139
Trd, 8639205.079, 137
Trd, 8639205.179, 98
Trd, 8639206.046, 140
Trd, 8639206.112, 140
Trd, 8639206.546, 138
Trd, 8639207.579, 139
Trd, 8639208.379, 139
Trd, 8639208.612, 139
Trd, 8639208.646, 138
Trd, 8639208.946, 135
Trd, 8639209.046, 136
Trd, 8639209.412, 127
Trd, 8639209.512, 86
Trd, 8639210.379, 140
Trd, 8639211.112, 139
Trd, 8639211.179, 137
Trd, 8639211.212, 126
Trd, 8639212.046, 140
Trd, 8639212.512, 140
Trd, 8639213.446, 140
Trd, 8639214.512, 140
Trd, 8639215.079, 140
Trd, 8639215.112, 140
Trd, 8639215.379, 140
Trd, 8639215.512, 139
Trd, 8639215.712, 128
Trd, 8639218.046, 140
Trd, 8639218.112, 137
Trd, 8639218.479, 136
Trd, 8639218.512, 135
Trd, 8639218.712, 93
Trd, 8639218.746, 92
Trd, 8639219.479, 135
Trd, 8639220.079, 140
Trd, 8639220.279, 140
Trd, 8639220.712, 139
Trd, 8639221.912, 140
Trd, 8639222.146, 140
Trd, 8639222.512, 140
Trd, 8639223.112, 140
Trd, 8639223.179, 140
Trd, 8639223.212, 139
Trd, 8639224.579, 140
Trd, 8639224.612, 140
Trd, 8639225.712, 140
Trd, 8639225.846, 140
Trd, 8639225.879, 140
Trd, 8639226.046, 105
Trd, 8639227.712, 140
Trd, 8639227.912, 140
Trd, 8639227.946, 140
Trd, 8639228.646, 140
Trd, 8639228.846, 139
Trd, 8639228.979, 137
Trd, 8639229.812, 140
Trd, 8639230.079, 100
Trd, 8639230.112, 64
Trd, 8639230.646, 65
Trd, 8639231.246, 137
Trd, 8639232.079, 139
Trd, 8639232.479, 117
Trd, 8639233.446, 140
Trd, 8639233.846, 133
Trd, 8639233.879, 117
Trd, 8639234.012, 140
Trd, 8639234.612, 116
Trd, 8639235.679, 140
Trd, 8639235.879, 139
Trd, 8639235.979, 138
Trd, 8639236.146, 139
Trd, 8639236.479, 140
Trd, 8639236.779, 139
Trd, 8639236.846, 95
Trd, 8639238.046, 140
Trd, 8639238.412, 140
Trd, 8639238.512, 127
Trd, 8639239.179, 140
Trd, 8639239.646, 140
Trd, 8639240.446, 139
Trd, 8639241.279, 140
Trd, 8639241.779, 138
Trd, 8639241.912, 137
Trd, 8639242.179, 136
Trd, 8639242.279, 136
Trd, 8639243.312, 140
Trd, 8639243.546, 129
Trd, 8639243.946, 114
Trd, 8639244.379, 109
Trd, 8639245.879, 140
Trd, 8639245.912, 140
Trd, 8639246.212, 140
Trd, 8639246.379, 139
Trd, 8639246.712, 132
Trd, 8639247.246, 139
Trd, 8639248.312, 140
Trd, 8639248.546, 140
Trd, 8639248.679, 140
Trd, 8639248.846, 140
Trd, 8639248.912, 140
Trd, 8639249.112, 138
Trd, 8639250.112, 126
Trd, 8639250.212, 124
Trd, 8639250.479, 60
Trd, 8639251.612, 60
Trd, 8639252.046, 60
Trd, 8639253.012, 60
Trd, 8639253.512, 60
Trd, 8639253.746, 60
Trd, 8639253.846, 61
Trd, 8639253.879, 61
Trd, 8639254.112, 65
Trd, 8639254.179, 65
Trd, 8639254.579, 60
Trd, 8639254.879, 134
Trd, 8639255.579, 132
Trd, 8639255.679, 131
Trd, 8639255.879, 132
Trd, 8639256.279, 133
Trd, 8639256.312, 134
Trd, 8639256.446, 130
Trd, 8639256.712, 119
Trd, 8639257.346, 60
Trd, 8639257.579, 63
Trd, 8639258.246, 63
Trd, 8639258.446, 60
Trd, 8639259.112, 60
Trd, 8639259.212, 60
Trd, 8639259.346, 61
Trd, 8639260.312, 60
Trd, 8639260.546, 61
Trd, 8639260.612, 63
Trd, 8639261.046, 60
Trd, 8639261.679, 71
Trd, 8639262.212, 71
Trd, 8639262.979, 140
Trd, 8639263.079, 140
Trd, 8639263.412, 140
Trd, 8639263.612, 138
Trd, 8639264.346, 61
Trd, 8639264.512, 62
Trd, 8639264.812, 60
Trd, 8639265.179, 66
Trd, 8639265.379, 85
Trd, 8639266.112, 140
Trd, 8639266.379, 61
Trd, 8639266.946, 140
Trd, 8639267.112, 68
Trd, 8639267.979, 66
Trd, 8639268.712, 140
Trd, 8639268.746, 140
Trd, 8639268.946, 110
Trd, 8639269.879, 140
Trd, 8639270.146, 140
Trd, 8639270.679, 140
Trd, 8639270.812, 139
Trd, 8639270.946, 107
Trd, 8639271.046, 98
Trd, 8639271.212, 139
Trd, 8639271.679, 135
Trd, 8639272.279, 75
Trd, 8639272.412, 79
Trd, 8639273.112, 140
Trd, 8639273.312, 124
Trd, 8639273.346, 123
Trd, 8639273.979, 63
Trd, 8639274.712, 140
Trd, 8639275.112, 140
Trd, 8639275.212, 140
Trd, 8639275.879, 140
Trd, 8639276.912, 139
Trd, 8639277.012, 138
Trd, 8639277.146, 139
Trd, 8639277.746, 140
Trd, 8639278.146, 140
Trd, 8639278.712, 139
Trd, 8639278.779, 129
Trd, 8639279.546, 140
Trd, 8639279.679, 140
Trd, 8639280.112, 140
Trd, 8639281.446, 140
Trd, 8639282.279, 140
Trd, 8639282.512, 112
Trd, 8639282.612, 100
Trd, 8639282.646, 99
Trd, 8639282.912, 140
Trd, 8639283.179, 140
Trd, 8639283.546, 140
Trd, 8639283.812, 140
Trd, 8639284.212, 140
Trd, 8639284.812, 140
Trd, 8639285.679, 140
Trd, 8639285.979, 135
Trd, 8639286.412, 140
Trd, 8639286.679, 140
Trd, 8639286.746, 120
Trd, 8639287.446, 140
Trd, 8639287.679, 139
Trd, 8639287.846, 122
Trd, 8639287.946, 73
Trd, 8639288.846, 60
Trd, 8639288.912, 63
Trd, 8639289.746, 66
Trd, 8639290.046, 139
Trd, 8639291.112, 135
Trd, 8639291.646, 140
Trd, 8639291.712, 140
Trd, 8639292.079, 135
Trd, 8639292.212, 102
Trd, 8639292.712, 98
Trd, 8639292.746, 97
Trd, 8639292.846, 73
Trd, 8639292.879, 68
Trd, 8639293.412, 65
Trd, 8639294.079, 103
Trd, 8639295.079, 64
Trd, 8639295.412, 69
Trd, 8639295.979, 68
Trd, 8639296.146, 60
Trd, 8639296.379, 60
Trd, 8639296.979, 61
Trd, 8639297.146, 62
Trd, 8639297.612, 63
Trd, 8639298.012, 64
Trd, 8639298.812, 61
Trd, 8639298.946, 64
Trd, 8639299.112, 67
Trd, 8639299.546, 61
Trd, 8639300.512, 64
Trd, 8639300.679, 63
Trd, 8639300.979, 60
Trd, 8639301.146, 64
Trd, 8639301.946, 61
Trd, 8639302.112, 60
Trd, 8639302.279, 62
Trd, 8639302.479, 71
Trd, 8639303.646, 140
Trd, 8639304.379, 60
Trd, 8639304.479, 61
Trd, 8639304.646, 65
Trd, 8639304.846, 140
Trd, 8639305.146, 131
Trd, 8639305.846, 140
Trd, 8639305.912, 61
Trd, 8639306.879, 65
Trd, 8639306.912, 66
Trd, 8639307.446, 140
Trd, 8639308.346, 140
Trd, 8639308.446, 140
Trd, 8639308.746, 140
Trd, 8639309.146, 140
Trd, 8639310.212, 140
Trd, 8639310.812, 140
Trd, 8639310.912, 138
Trd, 8639311.279, 140
Trd, 8639311.346, 127
Trd, 8639312.146, 139
Trd, 8639313.212, 140
Trd, 8639313.412, 140
Trd, 8639313.646, 140
Trd, 8639313.779, 140
Trd, 8639313.812, 139
Trd, 8639314.312, 140
Trd, 8639314.412, 138
Trd, 8639314.879, 126
Trd, 8639315.179, 99
Trd, 8639315.679, 119
Trd, 8639316.212, 140
Trd, 8639316.679, 139
Trd, 8639316.812, 140
Trd, 8639317.246, 140
Trd, 8639317.612, 140
Trd, 8639317.646, 83
Trd, 8639317.746, 67
Trd, 8639318.346, 60
Trd, 8639318.879, 60
Trd, 8639319.179, 65
Trd, 8639319.946, 66
Trd, 8639320.279, 70
Trd, 8639320.512, 69
Trd, 8639320.879, 64
Trd, 8639321.146, 64
Trd, 8639321.312, 65
Trd, 8639321.912, 68
Trd, 8639323.079, 60
Trd, 8639323.446, 61
Trd, 8639323.546, 62
Trd, 8639323.946, 121
Trd, 8639324.579, 139
Trd, 8639324.646, 63
Trd, 8639325.079, 105
Trd, 8639325.312, 105
Trd, 8639325.412, 136
Trd, 8639325.512, 104
Trd, 8639326.146, 93
Trd, 8639326.312, 140
Trd, 8639327.046, 140
Trd, 8639327.112, 140
Trd, 8639329.479, 140
Trd, 8639329.612, 140
Trd, 8639329.679, 140
Trd, 8639329.912, 140
Trd, 8639329.946, 140
Trd, 8639330.346, 140
Trd, 8639330.912, 140
Trd, 8639330.946, 140
Trd, 8639331.546, 139
Trd, 8639331.579, 137
Trd, 8639332.312, 130
Trd, 8639332.512, 122
Trd, 8639332.579, 91
Trd, 8639332.812, 101
Trd, 8639334.279, 140
Trd, 8639334.612, 140
Trd, 8639334.979, 140
Trd, 8639335.246, 140
Trd, 8639335.412, 140
Trd, 8639335.646, 138
Trd, 8639336.946, 140
Trd, 8639337.112, 136
Trd, 8639337.946, 140
Trd, 8639338.412, 140
Trd, 8639338.512, 138
Trd, 8639338.546, 137
Trd, 8639339.212, 140
Trd, 8639339.546, 137
Trd, 8639339.846, 85
Trd, 8639340.679, 140
Trd, 8639341.046, 113
Trd, 8639341.846, 140
Trd, 8639341.879, 87
Trd, 8639342.379, 67
Trd, 8639342.879, 140
Trd, 8639343.679, 139
Trd, 8639344.079, 139
Trd, 8639344.112, 138
Trd, 8639344.279, 118
Trd, 8639344.979, 140
Trd, 8639345.579, 140
Trd, 8639345.846, 140
Trd, 8639346.012, 140
Trd, 8639347.379, 140
Trd, 8639347.579, 140
Trd, 8639347.646, 140
Trd, 8639347.812, 140
Trd, 8639348.379, 140
Trd, 8639348.746, 139
Trd, 8639349.446, 140
Trd, 8639349.846, 140
Trd, 8639350.512, 140
Trd, 8639351.112, 139
Trd, 8639351.612, 140
Trd, 8639351.812, 140
Trd, 8639352.679, 140
Trd, 8639353.246, 140
Trd, 8639353.412, 140
Trd, 8639353.612, 135
Trd, 8639354.379, 138
Trd, 8639354.679, 120
Trd, 8639354.746, 90
Trd, 8639355.479, 130
Trd, 8639356.046, 127
Trd, 8639356.079, 126
Trd, 8639356.712, 136
Trd, 8639357.312, 140
Trd, 8639357.912, 139
Trd, 8639357.946, 138
Trd, 8639358.012, 137
Trd, 8639358.479, 79
Trd, 8639359.279, 140
Trd, 8639359.446, 140
Trd, 8639359.979, 140
Trd, 8639360.946, 140
Trd, 8639361.012, 140
Trd, 8639361.812, 137
Trd, 8639363.079, 140
Trd, 8639363.846, 140
Trd, 8639364.246, 140
Trd, 8639364.312, 140
Trd, 8639364.946, 140
Trd, 8639365.079, 138
Trd, 8639365.512, 140
Trd, 8639365.579, 138
Trd, 8639365.746, 140
Trd, 8639365.912, 140
Trd, 8639366.146, 103
Trd, 8639366.179, 78
Trd, 8639367.112, 140
Trd, 8639368.412, 130
Trd, 8639368.812, 128
Trd, 8639368.979, 139
Trd, 8639369.046, 109
Trd, 8639369.146, 96
Trd, 8639369.379, 138
Trd, 8639370.079, 140
Trd, 8639370.479, 140
Trd, 8639371.079, 140
Trd, 8639371.312, 139
Trd, 8639371.346, 131
Trd, 8639371.912, 123
Trd, 8639372.112, 111
Trd, 8639372.312, 140
Trd, 8639372.479, 137
Trd, 8639372.679, 93
Trd, 8639374.079, 140
Trd, 8639375.012, 140
Trd, 8639376.079, 140
Trd, 8639376.279, 140
Trd, 8639376.379, 140
Trd, 8639376.412, 140
Trd, 8639376.812, 140
Trd, 8639377.212, 140
Trd, 8639377.279, 137
Trd, 8639377.312, 85
Trd, 8639377.646, 140
Trd, 8639378.812, 140
Trd, 8639380.412, 140
Trd, 8639380.546, 140
Trd, 8639380.946, 140
Trd, 8639381.046, 140
Trd, 8639381.346, 140
Trd, 8639381.712, 138
Trd, 8639381.779, 138
Trd, 8639381.979, 109
Trd, 8639383.112, 91
Trd, 8639383.512, 114
Trd, 8639383.946, 121
Trd, 8639384.212, 65
Trd, 8639384.312, 60
Trd, 8639384.512, 88
Trd, 8639384.646, 136
Trd, 8639385.446, 61
Trd, 8639385.546, 62
Trd, 8639386.446, 60
Trd, 8639387.012, 63
Trd, 8639387.612, 67
Trd, 8639388.412, 61
Trd, 8639388.779, 63
Trd, 8639389.912, 60
Trd, 8639390.012, 62
Trd, 8639390.079, 63
Trd, 8639390.112, 63
Trd, 8639390.146, 72
Trd, 8639390.979, 60
Trd, 8639391.012, 60
Trd, 8639391.412, 63
Trd, 8639392.579, 63
Trd, 8639392.746, 72
Trd, 8639393.379, 61
Trd, 8639393.546, 61
Trd, 8639394.046, 60
Trd, 8639394.512, 61
Trd, 8639394.579, 63
Trd, 8639395.279, 70
Trd, 8639395.512, 61
Trd, 8639396.012, 62
Trd, 8639396.279, 62
Trd, 8639396.646, 62
Trd, 8639396.679, 74
Trd, 8639397.146, 62
Trd, 8639398.712, 60
Trd, 8639399.546, 61
Trd, 8639399.779, 60
Trd, 8639400.179, 61
Trd, 8639400.246, 63
Trd, 8639400.512, 64
Trd, 8639400.646, 70
Trd, 8639400.912, 117
Trd, 8639401.646, 60
Trd, 8639401.879, 60
Trd, 8639403.012, 61
Trd, 8639403.046, 61
Trd, 8639403.079, 63
Trd, 8639403.879, 60
Trd, 8639403.979, 60
Trd, 8639404.146, 63
Trd, 8639404.312, 62
Trd, 8639404.879, 64
Trd, 8639405.179, 66
Trd, 8639405.479, 138
Trd, 8639405.879, 140
Trd, 8639406.046, 140
Trd, 8639406.612, 64
Trd, 8639406.779, 64
Trd, 8639406.846, 61
Trd, 8639406.979, 61
Trd, 8639407.412, 139
Trd, 8639408.212, 63
Trd, 8639408.346, 60
Trd, 8639409.346, 60
Trd, 8639409.579, 60
Trd, 8639409.946, 61
Trd, 8639410.346, 62
Trd, 8639411.012, 63
Trd, 8639412.012, 60
Trd, 8639412.079, 60
Trd, 8639412.412, 60
Trd, 8639413.079, 62
Trd, 8639413.679, 60
Trd, 8639414.312, 60
Trd, 8639414.446, 79
Trd, 8639415.412, 61
Trd, 8639415.646, 60
Trd, 8639415.779, 61
Trd, 8639416.146, 61
Trd, 8639416.846, 60
Trd, 8639417.146, 60
Trd, 8639417.679, 69
Trd, 8639418.879, 63
Trd, 8639419.046, 64
Trd, 8639419.112, 70
Trd, 8639419.412, 83
Trd, 8639419.446, 81
Trd, 8639419.646, 139
Trd, 8639420.379, 140
Trd, 8639420.612, 140
Trd, 8639420.779, 100
Trd, 8639420.979, 138
Trd, 8639421.712, 68
Trd, 8639421.946, 69
Trd, 8639422.446, 140
Trd, 8639422.512, 140
Trd, 8639422.646, 140
Trd, 8639422.912, 105
Trd, 8639423.779, 113
Trd, 8639424.746, 60
Trd, 8639425.279, 60
Trd, 8639425.312, 61
Trd, 8639425.746, 73
Trd, 8639425.946, 62
Trd, 8639426.412, 138
Trd, 8639426.712, 137
Trd, 8639427.946, 140
Trd, 8639428.012, 140
Trd, 8639428.112, 140
Trd, 8639429.146, 140
Trd, 8639429.379, 140
Trd, 8639429.446, 140
Trd, 8639430.679, 140
Trd, 8639430.712, 140
Trd, 8639431.012, 140
Trd, 8639431.079, 139
Trd, 8639431.512, 140
Trd, 8639431.579, 138
Trd, 8639431.912, 140
Trd, 8639432.012, 120
Trd, 8639433.912, 140
Trd, 8639434.246, 140
Trd, 8639434.779, 140
Trd, 8639434.979, 140
Trd, 8639435.312, 140
Trd, 8639435.646, 139
Trd, 8639435.679, 114
Trd, 8639436.212, 140
Trd, 8639437.746, 132
Trd, 8639437.879, 131
Trd, 8639438.012, 130
Trd, 8639438.746, 140
Trd, 8639439.079, 120
Trd, 8639439.279, 81
Trd, 8639439.446, 76
Trd, 8639440.346, 61
Trd, 8639440.646, 61
Trd, 8639441.212, 60
Trd, 8639441.279, 61
Trd, 8639442.546, 60
Trd, 8639442.646, 60
Trd, 8639442.879, 74
Trd, 8639443.246, 140
Trd, 8639444.146, 140
Trd, 8639444.179, 140
Trd, 8639444.279, 140
Trd, 8639444.646, 72
Trd, 8639445.312, 140
Trd, 8639445.846, 140
Trd, 8639446.046, 140
Trd, 8639446.379, 140
Trd, 8639446.679, 106
Trd, 8639447.079, 60
Trd, 8639447.112, 61
Trd, 8639447.279, 60
Trd, 8639447.846, 140
Trd, 8639448.512, 140
Trd, 8639449.346, 140
Trd, 8639449.779, 140
Trd, 8639449.979, 139
Trd, 8639450.346, 137
Trd, 8639450.546, 82
Trd, 8639450.979, 79
Trd, 8639451.179, 65
Trd, 8639451.746, 61
Trd, 8639451.779, 63
Trd, 8639452.746, 61
Trd, 8639453.512, 61
Trd, 8639453.946, 60
Trd, 8639454.579, 60
Trd, 8639454.979, 60
Trd, 8639455.879, 60
Trd, 8639456.012, 60
Trd, 8639456.046, 61
Trd, 8639456.479, 64
Trd, 8639456.512, 68
Trd, 8639457.279, 60
Trd, 8639457.512, 60
Trd, 8639457.679, 62
Trd, 8639458.279, 66
Trd, 8639458.479, 61
Trd, 8639459.279, 140
Trd, 8639459.546, 140
Trd, 8639459.746, 140
Trd, 8639459.779, 139
Trd, 8639459.846, 139
Trd, 8639460.512, 90
Trd, 8639461.312, 67
Trd, 8639462.112, 140
Trd, 8639462.312, 118
Trd, 8639462.679, 140
Trd, 8639462.912, 140
Trd, 8639462.979, 125
Trd, 8639464.812, 140
Trd, 8639465.112, 140
Trd, 8639465.146, 140
Trd, 8639465.312, 139
Trd, 8639465.546, 138
Trd, 8639465.879, 120
Trd, 8639466.179, 117
Trd, 8639466.679, 75
Trd, 8639466.912, 63
Trd, 8639467.512, 63
Trd, 8639469.079, 140
Trd, 8639469.179, 139
Trd, 8639469.579, 139
Trd, 8639470.179, 140
Trd, 8639470.479, 139
Trd, 8639470.979, 140
Trd, 8639471.812, 140
Trd, 8639471.912, 139
Trd, 8639471.979, 137
Trd, 8639472.279, 129
Trd, 8639472.546, 140
Trd, 8639472.712, 115
Trd, 8639472.979, 71
Trd, 8639473.146, 69
Trd, 8639473.579, 140
Trd, 8639473.812, 129
Trd, 8639473.912, 74
Trd, 8639474.079, 73
Trd, 8639474.679, 138
Trd, 8639475.779, 60
Trd, 8639476.112, 62
Trd, 8639476.379, 133
Trd, 8639476.879, 76
Trd, 8639477.212, 66
Trd, 8639477.546, 61
Trd, 8639478.279, 84
Trd, 8639478.379, 100
Trd, 8639478.446, 90
Trd, 8639479.612, 138
Trd, 8639480.046, 139
Trd, 8639480.246, 139
Trd, 8639480.379, 84
Trd, 8639480.412, 76
Trd, 8639480.746, 63
Trd, 8639481.212, 140
Trd, 8639482.112, 75
Trd, 8639482.446, 71
Trd, 8639482.546, 75
Trd, 8639482.746, 60
Trd, 8639483.546, 60
Trd, 8639483.879, 60
Trd, 8639484.446, 61
Trd, 8639484.846, 60
Trd, 8639485.479, 61
Trd, 8639485.512, 62
Trd, 8639485.979, 63
Trd, 8639486.346, 62
Trd, 8639486.546, 60
Trd, 8639486.612, 65
Trd, 8639487.479, 60
Trd, 8639488.512, 60
Trd, 8639488.612, 62
Trd, 8639489.179, 136
Trd, 8639489.879, 140
Trd, 8639490.112, 140
Trd, 8639490.179, 139
Trd, 8639490.246, 138
Trd, 8639490.446, 138
Trd, 8639491.512, 140
Trd, 8639492.146, 140
Trd, 8639492.179, 92
Trd, 8639493.012, 140
Trd, 8639493.112, 139
Trd, 8639494.012, 140
Trd, 8639494.046, 140
Trd, 8639494.579, 140
Trd, 8639495.146, 125
Trd, 8639495.546, 139
Trd, 8639496.146, 126
Trd, 8639496.412, 126
Trd, 8639496.912, 140
Trd, 8639497.612, 65
Trd, 8639497.846, 83
Trd, 8639498.312, 96
Trd, 8639498.646, 96
Trd, 8639498.712, 95
Trd, 8639499.446, 135
Trd, 8639500.046, 140
Trd, 8639500.179, 136
Trd, 8639500.779, 138
Trd, 8639501.279, 138
Trd, 8639501.512, 132
Trd, 8639501.946, 137
Trd, 8639502.012, 140
Trd, 8639502.312, 119
Trd, 8639502.879, 139
Trd, 8639503.046, 93
Trd, 8639503.479, 86
Trd, 8639503.846, 113
Trd, 8639505.012, 139
Trd, 8639505.246, 125
Trd, 8639505.546, 87
Trd, 8639505.712, 140
Trd, 8639506.879, 140
Trd, 8639507.012, 140
Trd, 8639507.679, 140
Trd, 8639508.246, 140
Trd, 8639508.279, 139
Trd, 8639508.679, 140
Trd, 8639508.712, 138
Trd, 8639509.412, 137
Trd, 8639509.746, 131
Trd, 8639509.946, 130
Trd, 8639510.846, 65
Trd, 8639511.379, 60
Trd, 8639511.479, 60
Trd, 8639511.746, 63
Trd, 8639511.912, 66
Trd, 8639512.112, 62
Trd, 8639512.412, 68
Trd, 8639512.446, 68
Trd, 8639513.146, 60
Trd, 8639513.346, 60
Trd, 8639514.512, 128
Trd, 8639514.846, 116
Trd, 8639515.479, 140
Trd, 8639515.612, 139
Trd, 8639515.712, 139
Trd, 8639515.812, 138
Trd, 8639516.746, 133
Trd, 8639517.012, 118
Trd, 8639517.246, 140
Trd, 8639517.912, 140
Trd, 8639518.146, 133
Trd, 8639518.879, 140
Trd, 8639519.046, 140
Trd, 8639519.879, 140
Trd, 8639520.012, 138
Trd, 8639520.146, 140
Trd, 8639520.946, 139
Trd, 8639521.012, 115
Trd, 8639521.612, 138
Trd, 8639521.679, 106
Trd, 8639522.312, 62
Trd, 8639522.946, 138
Trd, 8639523.046, 108
Trd, 8639523.146, 107
Trd, 8639523.212, 91
Trd, 8639523.846, 140
Trd, 8639524.112, 96
Trd, 8639524.679, 111
Trd, 8639525.212, 127
Trd, 8639525.512, 136
Trd, 8639525.712, 62
Trd, 8639526.112, 140
Trd, 8639527.246, 61
Trd, 8639527.512, 61
Trd, 8639527.712, 63
Trd, 8639528.346, 60
Trd, 8639529.046, 62
Trd, 8639529.212, 60
Trd, 8639529.246, 80
Trd, 8639529.312, 60
Trd, 8639530.112, 73
Trd, 8639531.379, 140
Trd, 8639531.579, 140
Trd, 8639531.712, 140
Trd, 8639532.012, 140
Trd, 8639532.346, 139
Trd, 8639532.546, 61
Trd, 8639532.712, 101
Trd, 8639533.146, 60
Trd, 8639533.479, 73
Trd, 8639533.846, 61
Trd, 8639534.279, 138
Trd, 8639534.612, 138
Trd, 8639535.012, 66
Trd, 8639535.146, 83
Trd, 8639535.579, 63
Trd, 8639535.979, 64
Trd, 8639537.046, 139
Trd, 8639537.279, 139
Trd, 8639537.746, 140
Trd, 8639538.312, 140
Trd, 8639538.446, 103
Trd, 8639539.246, 140
Trd, 8639539.846, 103
Trd, 8639539.912, 116
Trd, 8639540.012, 118
Trd, 8639540.146, 101
Trd, 8639540.412, 140
Trd, 8639541.979, 140
Trd, 8639542.112, 140
Trd, 8639542.946, 140
Trd, 8639543.146, 140
Trd, 8639543.579, 139
Trd, 8639543.612, 138
Trd, 8639544.046, 134
Trd, 8639544.112, 129
Trd, 8639544.379, 138
Trd, 8639544.946, 133
Trd, 8639545.412, 115
Trd, 8639546.279, 140
Trd, 8639547.012, 140
Trd, 8639547.046, 138
Trd, 8639547.379, 110
Trd, 8639548.212, 139
Trd, 8639548.346, 138
Trd, 8639548.612, 138
Trd, 8639549.546, 140
Trd, 8639550.079, 137
Trd, 8639550.112, 136
Trd, 8639550.912, 134
Trd, 8639551.012, 128
Trd, 8639551.479, 60
Trd, 8639551.812, 61
Trd, 8639552.279, 64
Trd, 8639552.579, 65
Trd, 8639553.312, 63
Trd, 8639553.379, 66
Trd, 8639553.712, 70
Trd, 8639554.346, 71
Trd, 8639554.546, 79
Trd, 8639555.246, 98
Trd, 8639555.512, 80
Trd, 8639556.446, 140
Trd, 8639556.979, 140
Trd, 8639557.046, 140
Trd, 8639557.446, 140
Trd, 8639557.979, 140
Trd, 8639558.779, 140
Trd, 8639559.212, 140
Trd, 8639559.546, 139
Trd, 8639559.646, 138
Trd, 8639559.712, 126
Trd, 8639560.079, 117
Trd, 8639560.446, 140
Trd, 8639561.179, 67
Trd, 8639561.479, 140
Trd, 8639561.746, 80
Trd, 8639562.579, 114
Trd, 8639563.212, 140
Trd, 8639563.846, 140
Trd, 8639563.912, 138
Trd, 8639564.179, 139
Trd, 8639564.446, 140
Trd, 8639564.979, 140
Trd, 8639565.312, 140
Trd, 8639565.612, 140
Trd, 8639566.512, 140
Trd, 8639567.412, 140
Trd, 8639567.512, 139
Trd, 8639568.279, 61
Trd, 8639568.512, 61
Trd, 8639568.546, 61
Trd, 8639568.879, 62
Trd, 8639569.079, 61
Trd, 8639569.279, 63
Trd, 8639569.346, 63
Trd, 8639570.212, 140
Trd, 8639571.012, 140
Trd, 8639571.346, 139
Trd, 8639572.246, 140
Trd, 8639572.346, 140
Trd, 8639573.246, 134
Trd, 8639573.479, 140
Trd, 8639573.646, 130
Trd, 8639574.279, 140
Trd, 8639574.446, 140
Trd, 8639574.679, 140
Trd, 8639574.779, 140
Trd, 8639574.879, 140
Trd, 8639575.979, 140
Trd, 8639576.079, 137
Trd, 8639576.212, 137
Trd, 8639576.279, 115
Trd, 8639577.179, 65
Trd, 8639577.746, 60
Trd, 8639578.012, 64
Trd, 8639579.579, 66
Trd, 8639579.946, 140
Trd, 8639580.112, 113
Trd, 8639580.679, 63
Trd, 8639580.912, 74
Trd, 8639581.946, 139
Trd, 8639581.979, 138
Trd, 8639582.146, 138
Trd, 8639582.479, 103
Trd, 8639582.879, 130
Trd, 8639582.979, 129
Trd, 8639583.712, 140
Trd, 8639583.879, 140
Trd, 8639584.012, 140
Trd, 8639584.979, 140
Trd, 8639585.146, 140
Trd, 8639585.546, 108
Trd, 8639585.879, 107
Trd, 8639586.679, 140
Trd, 8639586.746, 139
Trd, 8639587.246, 105
Trd, 8639589.612, 140
Trd, 8639589.812, 140
Trd, 8639589.912, 140
Trd, 8639590.212, 140
Trd, 8639590.412, 140
Trd, 8639590.879, 137
Trd, 8639591.979, 140
Trd, 8639592.712, 140
Trd, 8639593.312, 140
Trd, 8639593.346, 140
Trd, 8639593.846, 140
Trd, 8639593.879, 140
Trd, 8639594.079, 138
Trd, 8639595.212, 140
Trd, 8639596.179, 140
Trd, 8639596.246, 139
Trd, 8639596.279, 139
Trd, 8639596.579, 140
Trd, 8639597.679, 140
Trd, 8639597.779, 137
Trd, 8639598.246, 140
Trd, 8639598.312, 139
Trd, 8639598.479, 87
Trd, 8639599.179, 82
Trd, 8639600.079, 140
Trd, 8639600.512, 139
Trd, 8639600.746, 138
Trd, 8639601.046, 139
Trd, 8639601.712, 138
Trd, 8639602.212, 140
Trd, 8639602.379, 140
Trd, 8639603.046, 130
Trd, 8639603.279, 116
Trd, 8639603.346, 131
Trd, 8639603.579, 61
Trd, 8639603.679, 62
Trd, 8639603.946, 138
Trd, 8639604.479, 138
Trd, 8639605.146, 140
Trd, 8639605.246, 138
Trd, 8639605.679, 140
Trd, 8639605.779, 138
Trd, 8639605.846, 134
Trd, 8639606.679, 61
Trd, 8639606.812, 138
Trd, 8639607.179, 60
Trd, 8639607.546, 62
Trd, 8639607.746, 67
Trd, 8639608.346, 61
Trd, 8639608.412, 62
Trd, 8639609.946, 60
Trd, 8639610.646, 135
Trd, 8639610.946, 135
Trd, 8639611.012, 89
Trd, 8639611.412, 61
Trd, 8639611.612, 68
Trd, 8639611.979, 60
Trd, 8639612.179, 139
Trd, 8639612.479, 135
Trd, 8639613.479, 139
Trd, 8639613.612, 138
Trd, 8639614.279, 67
Trd, 8639614.446, 63
Trd, 8639614.779, 62
Trd, 8639614.946, 110
Trd, 8639615.612, 140
Trd, 8639615.646, 136
Trd, 8639616.212, 81
Trd, 8639616.279, 140
Trd, 8639616.612, 75
Trd, 8639617.746, 71
Trd, 8639619.512, 60
Trd, 8639619.779, 63
Trd, 8639620.246, 60
Trd, 8639620.746, 60
Trd, 8639620.979, 62
Trd, 8639621.412, 62
Trd, 8639621.479, 63
Trd, 8639621.746, 63
Trd, 8639621.912, 63
Trd, 8639622.012, 62
Trd, 8639622.546, 62
Trd, 8639622.946, 61
Trd, 8639623.012, 68
Trd, 8639623.779, 61
Trd, 8639624.179, 60
Trd, 8639624.312, 70
Trd, 8639624.912, 60
Trd, 8639624.946, 71
Trd, 8639625.212, 78
Trd, 8639625.579, 140
Trd, 8639626.812, 61
Trd, 8639627.012, 86
Trd, 8639627.579, 61
Trd, 8639627.812, 61
Trd, 8639627.879, 63
Trd, 8639628.079, 61
Trd, 8639628.712, 64
Trd, 8639628.946, 70
Trd, 8639629.146, 139
Trd, 8639630.479, 60
Trd, 8639630.546, 62
Trd, 8639630.946, 63
Trd, 8639631.712, 60
Trd, 8639632.079, 68
Trd, 8639632.779, 63
Trd, 8639632.812, 67
Trd, 8639632.879, 68
Trd, 8639633.012, 63
Trd, 8639634.146, 63
Trd, 8639634.246, 60
Trd, 8639634.346, 60
Trd, 8639635.246, 61
Trd, 8639635.579, 62
Trd, 8639635.879, 65
Trd, 8639636.812, 67
Trd, 8639637.712, 60
Trd, 8639637.812, 60
Trd, 8639638.646, 62
Trd, 8639638.712, 62
Trd, 8639638.946, 60
Trd, 8639639.379, 60
Trd, 8639639.946, 60
Trd, 8639640.279, 60
Trd, 8639640.812, 61
Trd, 8639640.879, 62
Trd, 8639641.112, 140
Trd, 8639641.612, 62
Trd, 8639641.779, 63
Trd, 8639642.179, 90
Trd, 8639642.379, 140
Trd, 8639644.212, 61
Trd, 8639644.812, 64
Trd, 8639645.246, 62
Trd, 8639645.379, 62
Trd, 8639645.546, 60
Trd, 8639645.979, 61
Trd, 8639646.512, 61
Trd, 8639646.546, 62
Trd, 8639646.712, 60
Trd, 8639647.246, 60
Trd, 8639647.479, 61
Trd, 8639648.212, 139
Trd, 8639648.412, 139
Trd, 8639648.712, 139
Trd, 8639648.846, 135
Trd, 8639649.579, 113
Trd, 8639649.646, 112
Trd, 8639649.879, 131
Trd, 8639650.646, 67
Trd, 8639651.179, 63
Trd, 8639651.779, 61
Trd, 8639652.146, 65
Trd, 8639652.246, 68
Trd, 8639652.612, 60
Trd, 8639653.079, 60
Trd, 8639653.579, 61
Trd, 8639653.679, 61
Trd, 8639653.746, 65
Trd, 8639653.946, 66
Trd, 8639654.446, 60
Trd, 8639655.012, 61
Trd, 8639655.946, 66
Trd, 8639656.912, 65
Trd, 8639657.312, 63
Trd, 8639657.412, 62
Trd, 8639658.846, 60
Trd, 8639658.879, 60
Trd, 8639659.479, 62
Trd, 8639659.512, 63
Trd, 8639659.546, 66
Trd, 8639660.012, 61
Trd, 8639660.412, 67
Trd, 8639660.579, 62
Trd, 8639660.812, 64
Trd, 8639660.979, 67
Trd, 8639661.179, 60
Trd, 8639661.679, 68
Trd, 8639661.879, 61
Trd, 8639662.712, 64
Trd, 8639662.946, 64
Trd, 8639662.979, 69
Trd, 8639663.679, 139
Trd, 8639664.546, 140
Trd, 8639664.812, 140
Trd, 8639664.846, 139
Trd, 8639664.912, 97
Trd, 8639665.612, 87
Trd, 8639665.912, 77
Trd, 8639666.279, 111
Trd, 8639666.546, 77
Trd, 8639666.779, 65
Trd, 8639667.212, 64
Trd, 8639667.312, 92
Trd, 8639668.246, 64
Trd, 8639668.712, 65
Trd, 8639669.279, 132
Trd, 8639669.379, 69
Trd, 8639670.279, 65
Trd, 8639670.679, 140
Trd, 8639670.746, 140
Trd, 8639670.812, 140
Trd, 8639671.112, 140
Trd, 8639671.312, 140
Trd, 8639671.446, 68
Trd, 8639671.979, 62
Trd, 8639672.679, 65
Trd, 8639672.912, 61
Trd, 8639673.212, 69
Trd, 8639673.346, 78
Trd, 8639673.946, 62
Trd, 8639674.846, 61
Trd, 8639675.179, 61
Trd, 8639675.912, 62
Trd, 8639677.112, 60
Trd, 8639678.012, 60
Trd, 8639678.246, 60
Trd, 8639678.279, 60
Trd, 8639678.746, 60
Trd, 8639679.046, 60
Trd, 8639679.512, 60
Trd, 8639679.912, 60
Trd, 8639680.046, 60
Trd, 8639680.779, 60
Trd, 8639680.979, 60
Trd, 8639681.046, 62
Trd, 8639681.212, 139
Trd, 8639681.612, 63
Trd, 8639682.312, 63
Trd, 8639682.479, 67
Trd, 8639683.512, 60
Trd, 8639684.012, 60
Trd, 8639684.512, 61
Trd, 8639685.112, 61
Trd, 8639685.246, 64
Trd, 8639685.446, 66
Trd, 8639685.612, 66
Trd, 8639686.179, 140
Trd, 8639686.612, 140
Trd, 8639686.946, 140
Trd, 8639687.046, 137
Trd, 8639687.646, 140
Trd, 8639688.179, 115
Trd, 8639688.379, 88
Trd, 8639688.612, 63
Trd, 8639688.812, 140
Trd, 8639689.912, 74
Trd, 8639690.512, 62
Trd, 8639690.612, 66
Trd, 8639691.212, 62
Trd, 8639691.579, 62
Trd, 8639692.012, 140
Trd, 8639692.679, 140
Trd, 8639692.712, 140
Trd, 8639692.746, 138
Trd, 8639693.112, 64
Trd, 8639694.112, 60
Trd, 8639694.412, 60
Trd, 8639694.679, 61
Trd, 8639694.946, 61
Trd, 8639695.146, 62
Trd, 8639695.412, 71
Trd, 8639695.746, 62
Trd, 8639695.946, 66
Trd, 8639696.912, 134
Trd, 8639697.112, 140
Trd, 8639697.512, 140
Trd, 8639697.846, 133
Trd, 8639698.979, 138
Trd, 8639700.012, 140
Trd, 8639700.046, 140
Trd, 8639700.146, 130
Trd, 8639700.212, 62
Trd, 8639700.312, 61
Trd, 8639700.612, 127
Trd, 8639701.646, 60
Trd, 8639702.012, 62
Trd, 8639702.412, 64
Trd, 8639702.979, 66
Trd, 8639703.279, 140
Trd, 8639703.579, 140
Trd, 8639703.679, 64
Trd, 8639704.046, 140
Trd, 8639704.879, 140
Trd, 8639705.979, 140
Trd, 8639706.079, 140
Trd, 8639706.112, 91
Trd, 8639706.946, 140
Trd, 8639706.979, 135
Trd, 8639708.079, 140
Trd, 8639708.146, 140
Trd, 8639708.912, 140
Trd, 8639708.979, 96
Trd, 8639709.112, 91
Trd, 8639709.412, 87
Trd, 8639710.312, 140
Trd, 8639710.346, 140
Trd, 8639710.446, 133
Trd, 8639710.812, 138
Trd, 8639711.046, 140
Trd, 8639711.479, 140
Trd, 8639711.712, 138
Trd, 8639711.879, 140
Trd, 8639712.012, 62
Trd, 8639713.346, 60
Trd, 8639713.446, 62
Trd, 8639713.946, 63
Trd, 8639714.812, 62
Trd, 8639715.179, 61
Trd, 8639715.946, 60
Trd, 8639716.146, 60
Trd, 8639716.212, 64
Trd, 8639716.346, 68
Trd, 8639716.746, 63
Trd, 8639717.212, 66
Trd, 8639717.879, 60
Trd, 8639718.012, 60
Trd, 8639718.079, 62
Trd, 8639718.546, 140
Trd, 8639718.712, 139
Trd, 8639719.446, 140
Trd, 8639719.479, 139
Trd, 8639719.879, 61
Trd, 8639720.346, 61
Trd, 8639720.712, 104
Trd, 8639721.346, 105
Trd, 8639723.246, 60
Trd, 8639723.379, 60
Trd, 8639723.846, 61
Trd, 8639724.312, 60
Trd, 8639725.046, 60
Trd, 8639725.179, 60
Trd, 8639725.312, 60
Trd, 8639725.346, 60
Trd, 8639725.612, 62
Trd, 8639725.746, 63
Trd, 8639725.846, 140
Trd, 8639726.079, 140
Trd, 8639726.579, 140
Trd, 8639726.746, 140
Trd, 8639728.412, 140
Trd, 8639728.979, 140
Trd, 8639729.079, 140
Trd, 8639729.946, 140
Trd, 8639730.012, 140
Trd, 8639730.046, 139
Trd, 8639730.212, 140
Trd, 8639730.279, 139
Trd, 8639730.446, 138
Trd, 8639730.579, 110
Trd, 8639730.812, 107
Trd, 8639732.212, 140
Trd, 8639732.279, 140
Trd, 8639732.479, 139
Trd, 8639732.712, 130
Trd, 8639733.146, 114
Trd, 8639733.379, 133
Trd, 8639733.646, 139
Trd, 8639734.612, 140
Trd, 8639735.546, 140
Trd, 8639735.979, 140
Trd, 8639736.779, 140
Trd, 8639737.546, 140
Trd, 8639737.779, 140
Trd, 8639738.112, 139
Trd, 8639738.279, 139
Trd, 8639739.112, 139
Trd, 8639739.446, 140
Trd, 8639739.746, 119
Trd, 8639740.246, 136
Trd, 8639741.279, 140
Trd, 8639741.312, 136
Trd, 8639741.612, 118
Trd, 8639742.146, 140
Trd, 8639742.512, 140
Trd, 8639743.112, 139
Trd, 8639743.179, 136
Trd, 8639743.779, 139
Trd, 8639744.246, 139
Trd, 8639744.379, 138
Trd, 8639744.579, 140
Trd, 8639745.279, 140
Trd, 8639745.779, 140
Trd, 8639746.346, 140
Trd, 8639746.379, 140
Trd, 8639746.446, 136
Trd, 8639747.946, 140
Trd, 8639748.346, 140
Trd, 8639748.746, 139
Trd, 8639748.912, 101
Trd, 8639748.946, 93
Trd, 8639749.312, 87
Trd, 8639749.479, 140
Trd, 8639750.046, 101
Trd, 8639750.379, 127
Trd, 8639750.512, 80
Trd, 8639750.712, 139
Trd, 8639750.946, 140
Trd, 8639752.912, 138
Trd, 8639753.046, 140
Trd, 8639753.112, 140
Trd, 8639753.279, 140
Trd, 8639754.479, 139
Trd, 8639754.746, 138
Trd, 8639754.812, 140
Trd, 8639755.112, 132
Trd, 8639755.479, 140
Trd, 8639755.612, 89
Trd, 8639756.512, 86
Trd, 8639756.912, 139
Trd, 8639757.112, 83
Trd, 8639757.412, 140
Trd, 8639758.012, 140
Trd, 8639758.046, 114
Trd, 8639758.879, 135
Trd, 8639759.412, 139
Trd, 8639760.112, 140
Trd, 8639760.212, 140
Trd, 8639760.879, 140
Trd, 8639761.379, 140
Trd, 8639761.446, 134
Trd, 8639762.012, 140
Trd, 8639762.346, 134
Trd, 8639763.346, 140
Trd, 8639763.512, 140
Trd, 8639763.646, 106
Trd, 8639763.846, 62
Trd, 8639763.979, 62
Trd, 8639764.546, 140
Trd, 8639764.612, 125
Trd, 8639766.012, 140
Trd, 8639766.579, 140
Trd, 8639767.146, 140
Trd, 8639767.279, 140
Trd, 8639767.546, 139
Trd, 8639767.846, 126
Trd, 8639768.212, 125
Trd, 8639768.579, 140
Trd, 8639768.779, 139
Trd, 8639769.146, 140
Trd, 8639769.346, 129
Trd, 8639770.112, 122
Trd, 8639771.179, 140
Trd, 8639771.679, 140
Trd, 8639771.979, 140
Trd, 8639772.146, 115
Trd, 8639773.012, 140
Trd, 8639773.112, 108
Trd, 8639773.546, 140
Trd, 8639773.712, 139
Trd, 8639773.946, 79
Trd, 8639774.512, 139
Trd, 8639774.679, 63
Trd, 8639775.046, 94
Trd, 8639775.546, 60
Trd, 8639776.146, 60
Trd, 8639776.212, 61
Trd, 8639777.046, 140
Trd, 8639778.079, 140
Trd, 8639778.479, 140
Trd, 8639778.979, 140
Trd, 8639779.046, 140
Trd, 8639779.646, 138
Trd, 8639780.046, 131
Trd, 8639780.712, 140
Trd, 8639781.412, 139
Trd, 8639781.579, 138
Trd, 8639781.912, 121
Trd, 8639782.779, 101
Trd, 8639782.912, 113
Trd, 8639783.046, 63
Trd, 8639783.279, 89
Trd, 8639783.446, 138
Trd, 8639783.812, 139
Trd, 8639784.479, 140
Trd, 8639785.412, 140
Trd, 8639785.712, 140
Trd, 8639785.746, 140
Trd, 8639786.079, 140
Trd, 8639786.446, 115
Trd, 8639786.546, 68
Trd, 8639787.712, 140
Trd, 8639787.846, 140
Trd, 8639788.746, 140
Trd, 8639789.146, 140
Trd, 8639789.446, 140
Trd, 8639789.479, 140
Trd, 8639789.746, 139
Trd, 8639789.912, 140
Trd, 8639789.946, 138
Trd, 8639790.679, 140
Trd, 8639790.746, 139
Trd, 8639790.946, 63
Trd, 8639791.546, 98
Trd, 8639791.812, 138
Trd, 8639792.612, 140
Trd, 8639792.679, 137
Trd, 8639793.412, 125
Trd, 8639793.879, 86
Trd, 8639794.346, 85
Trd, 8639794.379, 121
Trd, 8639795.312, 140
Trd, 8639795.646, 140
Trd, 8639795.812, 140
Trd, 8639796.212, 139
Trd, 8639796.479, 133
Trd, 8639796.512, 90
Trd, 8639796.979, 103
Trd, 8639797.679, 60
Trd, 8639797.879, 61
Trd, 8639798.012, 64
Trd, 8639799.179, 60
Trd, 8639799.746, 60
Trd, 8639800.146, 60
Trd, 8639800.279, 60
Trd, 8639801.079, 60
Trd, 8639801.346, 60
Trd, 8639801.446, 61
Trd, 8639802.346, 60
Trd, 8639802.779, 63
Trd, 8639803.679, 61
Trd, 8639804.046, 62
Trd, 8639804.612, 60
Trd, 8639804.746, 63
Trd, 8639804.779, 65
Trd, 8639806.012, 61
Trd, 8639806.312, 64
Trd, 8639806.879, 60
Trd, 8639807.146, 62
Trd, 8639807.746, 62
Trd, 8639807.979, 63
Trd, 8639808.679, 60
Trd, 8639808.712, 63
Trd, 8639809.279, 73
Trd, 8639809.879, 61
Trd, 8639810.146, 62
Trd, 8639810.246, 64
Trd, 8639810.679, 138
Trd, 8639810.712, 76
Trd, 8639810.879, 75
Trd, 8639811.212, 64
Trd, 8639811.846, 138
Trd, 8639812.079, 61
Trd, 8639812.879, 140
Trd, 8639813.246, 138
Trd, 8639813.746, 140
Trd, 8639814.646, 139
Trd, 8639815.179, 139
Trd, 8639815.212, 138
Trd, 8639816.246, 140
Trd, 8639816.312, 139
Trd, 8639816.846, 140
Trd, 8639816.879, 140
Trd, 8639817.046, 139
Trd, 8639817.612, 140
Trd, 8639817.646, 90
Trd, 8639818.146, 140
Trd, 8639819.279, 119
Trd, 8639819.446, 140
Trd, 8639819.979, 105
Trd, 8639820.112, 139
Trd, 8639820.479, 64
Trd, 8639821.679, 140
Trd, 8639821.879, 140
Trd, 8639821.912, 139
Trd, 8639822.846, 139
Trd, 8639823.079, 140
Trd, 8639823.279, 83
Trd, 8639823.446, 75
Trd, 8639824.679, 61
Trd, 8639824.779, 61
Trd, 8639824.812, 65
Trd, 8639825.612, 140
Trd, 8639825.879, 140
Trd, 8639826.646, 140
Trd, 8639826.746, 140
Trd, 8639827.146, 140
Trd, 8639827.246, 137
Trd, 8639827.379, 86
Trd, 8639828.612, 60
Trd, 8639828.679, 70
Trd, 8639828.946, 72
Trd, 8639829.179, 140
Trd, 8639829.512, 60
Trd, 8639829.879, 140
Trd, 8639829.946, 126
Trd, 8639830.779, 139
Trd, 8639831.012, 139
Trd, 8639831.646, 133
Trd, 8639832.112, 138
Trd, 8639832.446, 138
Trd, 8639832.812, 137
Trd, 8639833.179, 140
Trd, 8639833.379, 140
Trd, 8639833.679, 117
Trd, 8639834.379, 139
Trd, 8639835.246, 140
Trd, 8639835.312, 140
Trd, 8639835.446, 139
Trd, 8639835.612, 139
Trd, 8639836.346, 140
Trd, 8639837.246, 140
Trd, 8639837.846, 140
Trd, 8639838.446, 140
Trd, 8639838.679, 140
Trd, 8639838.912, 139
Trd, 8639840.146, 139
Trd, 8639840.412, 132
Trd, 8639840.512, 102
Trd, 8639840.679, 124
Trd, 8639840.812, 65
Trd, 8639841.246, 140
Trd, 8639841.779, 140
Trd, 8639842.079, 140
Trd, 8639842.546, 140
Trd, 8639843.212, 64
Trd, 8639843.412, 140
Trd, 8639844.112, 61
Trd, 8639844.979, 61
Trd, 8639845.146, 63
Trd, 8639845.246, 63
Trd, 8639845.379, 64
Trd, 8639845.812, 112
Trd, 8639845.946, 137
Trd, 8639846.479, 112
Trd, 8639846.646, 129
Trd, 8639846.746, 111
Trd, 8639847.912, 60
Trd, 8639848.379, 60
Trd, 8639849.346, 60
Trd, 8639849.379, 60
Trd, 8639850.546, 60
Trd, 8639850.946, 63
Trd, 8639851.179, 63
Trd, 8639851.779, 62
Trd, 8639852.012, 69
Trd, 8639852.179, 69
Trd, 8639852.412, 64
Trd, 8639852.746, 60
Trd, 8639853.046, 61
Trd, 8639853.312, 68
Trd, 8639854.046, 140
Trd, 8639854.646, 67
Trd, 8639855.612, 140
Trd, 8639855.812, 140
Trd, 8639856.279, 140
Trd, 8639856.579, 140
Trd, 8639856.912, 140
Trd, 8639857.846, 140
Trd, 8639858.146, 139
Trd, 8639858.312, 139
Trd, 8639858.646, 140
Trd, 8639859.612, 140
Trd, 8639860.512, 140
Trd, 8639860.646, 140
Trd, 8639860.812, 139
Trd, 8639861.112, 137
Trd, 8639861.446, 140
Trd, 8639861.479, 135
Trd, 8639861.846, 140
Trd, 8639862.179, 140
Trd, 8639862.212, 128
Trd, 8639863.612, 140
Trd, 8639863.679, 140
Trd, 8639863.812, 129
Trd, 8639864.279, 136
Trd, 8639864.712, 126
Trd, 8639865.612, 116
Trd, 8639866.012, 132
Trd, 8639866.179, 107
Trd, 8639866.279, 106
Trd, 8639866.412, 84
Trd, 8639867.646, 67
Trd, 8639867.746, 70
Trd, 8639867.879, 64
Trd, 8639868.746, 60
Trd, 8639868.912, 62
Trd, 8639868.946, 67
Trd, 8639870.012, 61
Trd, 8639870.246, 61
Trd, 8639870.312, 64
Trd, 8639870.746, 139
Trd, 8639870.912, 140
Trd, 8639871.912, 140
Trd, 8639872.046, 108
Trd, 8639872.279, 61
Trd, 8639872.879, 61
Trd, 8639873.612, 68
Trd, 8639873.912, 63
Trd, 8639874.246, 100
Trd, 8639874.279, 65
Trd, 8639874.746, 140
Trd, 8639875.246, 70
Trd, 8639875.912, 61
Trd, 8639877.079, 60
Trd, 8639877.279, 60
Trd, 8639877.412, 61
Trd, 8639878.412, 140
Trd, 8639878.546, 106
Trd, 8639879.012, 60
Trd, 8639879.212, 62
Trd, 8639879.479, 98
Trd, 8639879.712, 61
Trd, 8639880.279, 140
Trd, 8639880.812, 140
Trd, 8639881.146, 140
Trd, 8639882.246, 139
Trd, 8639882.479, 138
Trd, 8639882.546, 100
Trd, 8639883.279, 140
Trd, 8639884.046, 140
Trd, 8639884.146, 123
Trd, 8639885.279, 140
Trd, 8639885.546, 140
Trd, 8639885.579, 140
Trd, 8639885.746, 140
Trd, 8639886.279, 136
Trd, 8639886.412, 136
Trd, 8639886.879, 137
Trd, 8639886.946, 120
Trd, 8639887.779, 134
Trd, 8639887.979, 140
Trd, 8639888.546, 140
Trd, 8639888.679, 140
Trd, 8639889.012, 140
Trd, 8639889.479, 140
Trd, 8639889.746, 139
Trd, 8639891.379, 140
Trd, 8639891.646, 140
Trd, 8639891.846, 140
Trd, 8639892.346, 139
Trd, 8639892.879, 140
Trd, 8639893.179, 138
Trd, 8639893.546, 127
Trd, 8639893.646, 113
Trd, 8639894.246, 140
Trd, 8639894.312, 140
Trd, 8639894.546, 108
Trd, 8639894.712, 139
Trd, 8639895.012, 102
Trd, 8639895.412, 140
Trd, 8639895.546, 140
Trd, 8639897.512, 140
Trd, 8639897.546, 140
Trd, 8639897.946, 140
Trd, 8639897.979, 138
Trd, 8639898.546, 140
Trd, 8639899.779, 140
Trd, 8639900.179, 140
Trd, 8639901.512, 140
Trd, 8639901.546, 140
Trd, 8639902.579, 140
Trd, 8639903.212, 140
Trd, 8639903.346, 139
Trd, 8639903.512, 140
Trd, 8639903.579, 115
Trd, 8639904.646, 120
Trd, 8639904.712, 119
Trd, 8639904.779, 118
Trd, 8639905.046, 140
Trd, 8639905.346, 66
Trd, 8639905.479, 63
Trd, 8639905.579, 60
Trd, 8639905.679, 60
Trd, 8639906.112, 65
Trd, 8639906.612, 131
Trd, 8639906.846, 60
Trd, 8639908.012, 140
Trd, 8639908.079, 140
Trd, 8639908.712, 125
Trd, 8639909.546, 140
Trd, 8639909.579, 140
Trd, 8639909.746, 107
Trd, 8639909.846, 105
Trd, 8639910.379, 67
Trd, 8639910.679, 68
Trd, 8639911.612, 60
Trd, 8639911.946, 63
Trd, 8639912.246, 62
Trd, 8639912.646, 64
Trd, 8639912.812, 61
Trd, 8639913.312, 60
Trd, 8639913.746, 62
Trd, 8639913.779, 63
Trd, 8639915.512, 138
Trd, 8639915.679, 134
Trd, 8639916.479, 140
Trd, 8639917.146, 140
Trd, 8639917.412, 140
Trd, 8639917.746, 140
Trd, 8639918.112, 139
Trd, 8639918.579, 140
Trd, 8639918.812, 139
Trd, 8639919.012, 140
Trd, 8639919.346, 140
Trd, 8639919.379, 135
Trd, 8639920.179, 139
Trd, 8639920.512, 133
Trd, 8639920.679, 132
Trd, 8639920.912, 122
Trd, 8639921.146, 60
Trd, 8639921.279, 60
Trd, 8639921.579, 60
Trd, 8639921.812, 140
Trd, 8639922.512, 140
Trd, 8639922.779, 139
Trd, 8639923.979, 140
Trd, 8639924.112, 140
Trd, 8639925.346, 91
Trd, 8639925.679, 72
Trd, 8639925.879, 139
Trd, 8639926.479, 140
Trd, 8639926.579, 140
Trd, 8639927.212, 140
Trd, 8639928.046, 140
Trd, 8639928.079, 140
Trd, 8639928.379, 139
Trd, 8639929.246, 140
Trd, 8639929.579, 140
Trd, 8639930.079, 140
Trd, 8639930.112, 140
Trd, 8639931.512, 140
Trd, 8639932.112, 140
Trd, 8639932.412, 140
Trd, 8639932.446, 140
Trd, 8639932.479, 135
Trd, 8639933.379, 140
Trd, 8639933.646, 139
Trd, 8639933.779, 140
Trd, 8639933.812, 137
Trd, 8639934.012, 140
Trd, 8639934.046, 114
Trd, 8639934.546, 114
Trd, 8639934.912, 122
Trd, 8639936.112, 61
Trd, 8639936.479, 62
Trd, 8639936.512, 62
Trd, 8639937.546, 61
Trd, 8639937.779, 61
Trd, 8639937.912, 62
Trd, 8639938.612, 139
Trd, 8639939.246, 140
Trd, 8639939.312, 140
Trd, 8639939.912, 137
Trd, 8639940.346, 68
Trd, 8639940.712, 66
Trd, 8639940.812, 68
Trd, 8639941.012, 62
Trd, 8639941.112, 61
Trd, 8639941.546, 140
Trd, 8639942.279, 100
Trd, 8639942.546, 60
Trd, 8639943.312, 65
Trd, 8639943.646, 66
Trd, 8639943.812, 125
Trd, 8639943.979, 140
Trd, 8639944.412, 61
Trd, 8639944.612, 70
Trd, 8639946.712, 61
Trd, 8639946.812, 61
Trd, 8639947.412, 61
Trd, 8639947.546, 62
Trd, 8639948.879, 60
Trd, 8639949.046, 60
Trd, 8639949.446, 63
Trd, 8639949.479, 66
Trd, 8639949.646, 68
Trd, 8639950.079, 136
Trd, 8639950.512, 140
Trd, 8639950.712, 104
Trd, 8639951.012, 103
Trd, 8639951.612, 61
Trd, 8639952.312, 64
Trd, 8639952.512, 66
Trd, 8639952.579, 69
Trd, 8639953.446, 140
Trd, 8639953.746, 140
Trd, 8639954.379, 140
Trd, 8639954.412, 138
Trd, 8639955.212, 61
Trd, 8639955.279, 67
Trd, 8639955.979, 60
Trd, 8639956.212, 63
Trd, 8639956.679, 62
Trd, 8639957.146, 61
Trd, 8639957.312, 61
Trd, 8639957.912, 63
Trd, 8639958.212, 60
Trd, 8639959.046, 64
Trd, 8639959.346, 62
Trd, 8639960.046, 61
Trd, 8639960.079, 62
Trd, 8639961.546, 60
Trd, 8639961.779, 60
Trd, 8639962.412, 60
Trd, 8639962.579, 61
Trd, 8639963.746, 60
Trd, 8639963.846, 60
Trd, 8639964.246, 60
Trd, 8639964.379, 61
Trd, 8639964.479, 63
Trd, 8639964.512, 65
Trd, 8639964.812, 66
Trd, 8639964.879, 109
Trd, 8639965.246, 66
Trd, 8639965.779, 140
Trd, 8639966.346, 140
Trd, 8639966.446, 140
Trd, 8639967.079, 140
Trd, 8639967.279, 92
Trd, 8639967.512, 137
Trd, 8639968.012, 114
Trd, 8639968.112, 119
Trd, 8639969.146, 140
Trd, 8639969.179, 101
Trd, 8639969.379, 115
Trd, 8639970.046, 140
Trd, 8639970.979, 140
Trd, 8639971.112, 139
Trd, 8639971.746, 105
Trd, 8639971.979, 109
Trd, 8639972.979, 138
Trd, 8639973.179, 138
Trd, 8639973.579, 135
Trd, 8639973.679, 89
Trd, 8639973.779, 61
Trd, 8639974.446, 102
Trd, 8639974.512, 121
Trd, 8639974.646, 80
Trd, 8639975.046, 139
Trd, 8639976.146, 140
Trd, 8639976.646, 137
Trd, 8639977.346, 140
Trd, 8639977.546, 140
Trd, 8639977.846, 139
Trd, 8639978.712, 139
Trd, 8639979.312, 140
Trd, 8639980.012, 140
Trd, 8639980.346, 140
Trd, 8639980.579, 139
Trd, 8639981.646, 140
Trd, 8639981.712, 140
Trd, 8639981.812, 139
Trd, 8639982.279, 140
Trd, 8639982.779, 139
Trd, 8639983.212, 138
Trd, 8639984.179, 140
Trd, 8639984.346, 140
Trd, 8639984.879, 140
Trd, 8639984.946, 140
Trd, 8639985.012, 137
Trd, 8639985.612, 138
Trd, 8639985.812, 133
Trd, 8639985.879, 132
Trd, 8639986.112, 131
Trd, 8639987.146, 140
Trd, 8639987.512, 140
Trd, 8639988.379, 140
Trd, 8639989.146, 140
Trd, 8639989.646, 140
Trd, 8639990.179, 140
Trd, 8639990.379, 140
Trd, 8639990.546, 140
Trd, 8639990.646, 136
Trd, 8639990.746, 135
Trd, 8639990.979, 90
Trd, 8639991.312, 140
Trd, 8639991.579, 85
Trd, 8639991.779, 81
Trd, 8639992.112, 140
Trd, 8639994.146, 140
Trd, 8639994.479, 140
Trd, 8639994.612, 118
Trd, 8639994.712, 92
Trd, 8639995.712, 140
Trd, 8639996.612, 140
Trd, 8639996.712, 140
Trd, 8639996.846, 139
Trd, 8639996.912, 137
Trd, 8639997.579, 131
Trd, 8639998.012, 129
Trd, 8639998.212, 108
Trd, 8639998.412, 76
Trd, 8639998.546, 70
Trd, 8639999.679, 140
Trd, 8639999.912, 140
