Trd, 8638769.179, 69
Trd, 8638770.012, 73
Trd, 8638770.179, 72
Trd, 8638770.246, 70
Trd, 8638770.612, 70
Trd, 8638771.146, 80
Trd, 8638771.412, 72
Trd, 8638772.579, 79
Trd, 8638772.912, 110
Trd, 8638774.479, 119
Trd, 8638775.512, 132
Trd, 8638775.746, 133
Trd, 8638776.146, 135
Trd, 8638776.446, 132
Trd, 8638777.012, 129
Trd, 8638777.146, 129
Trd, 8638777.346, 128
Trd, 8638777.612, 125
Trd, 8638777.879, 140
Trd, 8638778.979, 140
Trd, 8638779.012, 140
Trd, 8638779.379, 132
Trd, 8638779.646, 131
Trd, 8638780.212, 129
Trd, 8638780.679, 129
Trd, 8638780.912, 125
Trd, 8638781.179, 139
Trd, 8638783.146, 64
Trd, 8638783.846, 69
Trd, 8638783.979, 68
Trd, 8638784.146, 117
Trd, 8638784.246, 67
Trd, 8638784.679, 70
Trd, 8638785.646, 75
Trd, 8638785.912, 76
Trd, 8638785.946, 75
Trd, 8638786.046, 74
Trd, 8638786.846, 109
Trd, 8638787.479, 111
Trd, 8638787.846, 65
Trd, 8638788.046, 64
Trd, 8638789.212, 68
Trd, 8638789.312, 66
Trd, 8638789.346, 96
Trd, 8638789.846, 110
Trd, 8638790.446, 112
Trd, 8638790.746, 111
Trd, 8638791.312, 109
Trd, 8638791.412, 109
Trd, 8638792.012, 111
Trd, 8638792.046, 107
Trd, 8638792.112, 105
Trd, 8638792.312, 67
Trd, 8638793.512, 60
Trd, 8638794.446, 60
Trd, 8638795.279, 60
Trd, 8638796.679, 60
Trd, 8638797.379, 60
Trd, 8638797.446, 60
Trd, 8638797.512, 60
Trd, 8638797.912, 61
Trd, 8638798.046, 63
Trd, 8638798.179, 82
Trd, 8638799.046, 64
Trd, 8638799.312, 62
Trd, 8638799.712, 62
Trd, 8638799.979, 70
Trd, 8638800.246, 63
Trd, 8638800.312, 74
Trd, 8638801.012, 73
Trd, 8638801.612, 84
Trd, 8638801.712, 87
Trd, 8638803.279, 86
Trd, 8638803.346, 85
Trd, 8638803.579, 87
Trd, 8638803.779, 90
Trd, 8638803.912, 86
Trd, 8638804.812, 78
Trd, 8638804.946, 91
Trd, 8638807.512, 60
Trd, 8638808.346, 60
Trd, 8638808.679, 60
Trd, 8638808.779, 60
Trd, 8638808.879, 63
Trd, 8638809.079, 64
Trd, 8638809.412, 65
Trd, 8638809.646, 65
Trd, 8638809.712, 65
Trd, 8638809.912, 65
Trd, 8638810.312, 66
Trd, 8638810.512, 70
Trd, 8638810.746, 70
Trd, 8638811.112, 128
Trd, 8638811.446, 70
Trd, 8638811.679, 67
Trd, 8638812.346, 69
Trd, 8638812.846, 107
Trd, 8638813.779, 72
Trd, 8638814.112, 69
Trd, 8638814.412, 105
Trd, 8638814.912, 71
Trd, 8638815.912, 131
Trd, 8638817.179, 140
Trd, 8638817.212, 140
Trd, 8638817.746, 140
Trd, 8638817.912, 138
Trd, 8638818.079, 136
Trd, 8638818.179, 119
Trd, 8638818.779, 113
Trd, 8638819.746, 119
Trd, 8638820.912, 137
Trd, 8638821.012, 135
Trd, 8638821.046, 118
Trd, 8638822.046, 114
Trd, 8638822.112, 113
Trd, 8638823.579, 60
Trd, 8638824.579, 60
Trd, 8638825.112, 60
Trd, 8638825.812, 62
Trd, 8638826.579, 62
Trd, 8638826.946, 61
Trd, 8638827.079, 61
Trd, 8638827.346, 60
Trd, 8638827.912, 60
Trd, 8638828.279, 60
Trd, 8638828.746, 61
Trd, 8638828.779, 64
Trd, 8638828.979, 63
Trd, 8638829.512, 68
Trd, 8638829.779, 68
Trd, 8638830.179, 89
Trd, 8638830.412, 65
Trd, 8638830.546, 63
Trd, 8638831.246, 73
Trd, 8638832.212, 60
Trd, 8638832.579, 61
Trd, 8638833.046, 62
Trd, 8638833.346, 62
Trd, 8638833.446, 62
Trd, 8638833.579, 63
Trd, 8638834.412, 71
Trd, 8638834.612, 105
Trd, 8638835.079, 68
Trd, 8638835.612, 71
Trd, 8638835.679, 68
Trd, 8638836.379, 62
Trd, 8638838.212, 60
Trd, 8638839.112, 61
Trd, 8638839.846, 61
Trd, 8638839.879, 62
Trd, 8638840.212, 61
Trd, 8638840.946, 60
Trd, 8638840.979, 61
Trd, 8638841.879, 65
Trd, 8638842.079, 65
Trd, 8638842.412, 74
Trd, 8638842.679, 68
Trd, 8638842.912, 70
Trd, 8638842.946, 77
Trd, 8638844.046, 77
Trd, 8638844.479, 82
Trd, 8638844.746, 80
Trd, 8638844.912, 83
Trd, 8638845.312, 83
Trd, 8638846.112, 92
Trd, 8638846.746, 92
Trd, 8638847.012, 121
Trd, 8638847.079, 93
Trd, 8638847.346, 135
Trd, 8638847.712, 93
Trd, 8638847.879, 92
Trd, 8638847.946, 92
Trd, 8638848.779, 60
Trd, 8638849.779, 60
Trd, 8638849.912, 61
Trd, 8638850.012, 63
Trd, 8638850.846, 77
Trd, 8638852.812, 60
Trd, 8638852.979, 64
Trd, 8638853.546, 63
Trd, 8638853.579, 62
Trd, 8638854.346, 64
Trd, 8638854.379, 62
Trd, 8638854.712, 65
Trd, 8638854.946, 67
Trd, 8638855.479, 67
Trd, 8638855.712, 64
Trd, 8638855.746, 75
Trd, 8638856.379, 65
Trd, 8638856.679, 64
Trd, 8638857.879, 60
Trd, 8638858.046, 66
Trd, 8638858.379, 61
Trd, 8638861.279, 60
Trd, 8638862.512, 60
Trd, 8638863.012, 60
Trd, 8638863.679, 60
Trd, 8638863.879, 60
Trd, 8638864.012, 60
Trd, 8638864.112, 63
Trd, 8638864.312, 63
Trd, 8638864.512, 63
Trd, 8638864.812, 64
Trd, 8638865.146, 64
Trd, 8638865.279, 64
Trd, 8638865.846, 67
Trd, 8638866.079, 67
Trd, 8638866.346, 66
Trd, 8638866.579, 64
Trd, 8638866.812, 66
Trd, 8638866.946, 84
Trd, 8638867.779, 82
Trd, 8638867.979, 66
Trd, 8638868.146, 65
Trd, 8638869.912, 71
Trd, 8638870.712, 78
Trd, 8638870.746, 77
Trd, 8638870.846, 92
Trd, 8638870.912, 77
Trd, 8638872.079, 82
Trd, 8638872.479, 87
Trd, 8638872.546, 83
Trd, 8638873.146, 90
Trd, 8638873.446, 86
Trd, 8638873.679, 83
Trd, 8638874.146, 71
Trd, 8638874.946, 64
Trd, 8638875.346, 139
Trd, 8638876.279, 137
Trd, 8638876.412, 136
Trd, 8638876.512, 134
Trd, 8638877.279, 134
Trd, 8638877.512, 133
Trd, 8638878.012, 130
Trd, 8638878.579, 137
Trd, 8638879.079, 134
Trd, 8638879.646, 106
Trd, 8638879.746, 105
Trd, 8638879.946, 105
Trd, 8638880.646, 106
Trd, 8638880.846, 108
Trd, 8638881.046, 106
Trd, 8638881.212, 86
Trd, 8638881.412, 84
Trd, 8638882.779, 63
Trd, 8638883.646, 60
Trd, 8638883.679, 61
Trd, 8638883.812, 62
Trd, 8638885.679, 60
Trd, 8638885.946, 61
Trd, 8638886.079, 62
Trd, 8638886.446, 72
Trd, 8638886.846, 67
Trd, 8638888.046, 71
Trd, 8638888.746, 74
Trd, 8638889.179, 74
Trd, 8638889.346, 74
Trd, 8638889.479, 74
Trd, 8638889.679, 74
Trd, 8638889.979, 71
Trd, 8638890.079, 76
Trd, 8638890.246, 70
Trd, 8638891.279, 75
Trd, 8638891.312, 76
Trd, 8638894.179, 60
Trd, 8638894.479, 60
Trd, 8638894.546, 60
Trd, 8638895.579, 60
Trd, 8638895.846, 60
Trd, 8638896.079, 60
Trd, 8638896.212, 60
Trd, 8638896.812, 61
Trd, 8638897.012, 62
Trd, 8638897.146, 63
Trd, 8638897.279, 63
Trd, 8638897.512, 64
Trd, 8638897.846, 63
Trd, 8638897.912, 64
Trd, 8638898.379, 65
Trd, 8638898.412, 64
Trd, 8638898.479, 61
Trd, 8638900.246, 61
Trd, 8638901.346, 61
Trd, 8638902.579, 60
Trd, 8638902.879, 62
Trd, 8638903.279, 64
Trd, 8638903.346, 64
Trd, 8638903.746, 67
Trd, 8638904.112, 70
Trd, 8638904.179, 70
Trd, 8638904.446, 69
Trd, 8638904.512, 68
Trd, 8638904.646, 69
Trd, 8638907.412, 138
Trd, 8638907.779, 137
Trd, 8638907.812, 136
Trd, 8638908.946, 140
Trd, 8638909.112, 140
Trd, 8638909.312, 140
Trd, 8638909.512, 140
Trd, 8638909.679, 140
Trd, 8638910.346, 137
Trd, 8638911.112, 139
Trd, 8638911.146, 138
Trd, 8638911.179, 137
Trd, 8638913.246, 137
Trd, 8638913.712, 138
Trd, 8638913.846, 137
Trd, 8638913.946, 136
Trd, 8638914.479, 136
Trd, 8638914.946, 135
Trd, 8638914.979, 131
Trd, 8638915.146, 131
Trd, 8638915.212, 113
Trd, 8638915.579, 115
Trd, 8638915.979, 140
Trd, 8638916.546, 109
Trd, 8638916.846, 64
Trd, 8638916.946, 65
Trd, 8638919.146, 60
Trd, 8638919.712, 60
Trd, 8638920.279, 60
Trd, 8638920.379, 61
Trd, 8638921.512, 60
Trd, 8638921.612, 61
Trd, 8638921.979, 61
Trd, 8638922.212, 61
Trd, 8638922.412, 60
Trd, 8638922.746, 63
Trd, 8638922.946, 63
Trd, 8638923.546, 63
Trd, 8638923.979, 64
Trd, 8638924.112, 65
Trd, 8638924.279, 64
Trd, 8638924.746, 67
Trd, 8638924.912, 67
Trd, 8638925.112, 66
Trd, 8638927.246, 72
Trd, 8638927.612, 66
Trd, 8638928.112, 60
Trd, 8638928.946, 62
Trd, 8638929.146, 62
Trd, 8638929.479, 61
Trd, 8638929.812, 60
Trd, 8638930.112, 61
Trd, 8638930.479, 61
Trd, 8638930.612, 64
Trd, 8638930.879, 63
Trd, 8638932.179, 122
Trd, 8638932.246, 120
Trd, 8638932.846, 105
Trd, 8638932.946, 104
Trd, 8638933.279, 105
Trd, 8638933.379, 104
Trd, 8638933.446, 104
Trd, 8638933.612, 140
Trd, 8638933.746, 104
Trd, 8638934.979, 118
Trd, 8638935.512, 128
Trd, 8638936.246, 120
Trd, 8638937.046, 122
Trd, 8638937.112, 121
Trd, 8638937.312, 120
Trd, 8638937.812, 122
Trd, 8638938.012, 121
Trd, 8638938.279, 120
Trd, 8638938.446, 119
Trd, 8638938.479, 118
Trd, 8638939.246, 99
Trd, 8638940.746, 140
Trd, 8638940.846, 138
Trd, 8638941.379, 122
Trd, 8638941.812, 121
Trd, 8638941.946, 69
Trd, 8638943.046, 140
Trd, 8638944.279, 140
Trd, 8638944.946, 140
Trd, 8638944.979, 140
Trd, 8638945.079, 140
Trd, 8638945.479, 140
Trd, 8638945.612, 140
Trd, 8638946.312, 140
Trd, 8638946.346, 140
Trd, 8638947.212, 140
Trd, 8638947.412, 140
Trd, 8638947.612, 140
Trd, 8638948.046, 137
Trd, 8638948.112, 132
Trd, 8638948.379, 116
Trd, 8638949.012, 139
Trd, 8638949.846, 111
Trd, 8638951.112, 129
Trd, 8638951.379, 127
Trd, 8638951.812, 125
Trd, 8638951.846, 124
Trd, 8638952.379, 125
Trd, 8638952.712, 128
Trd, 8638952.912, 125
Trd, 8638953.246, 126
Trd, 8638953.479, 130
Trd, 8638953.546, 124
Trd, 8638954.179, 122
Trd, 8638954.479, 121
Trd, 8638954.679, 119
Trd, 8638955.679, 138
Trd, 8638955.912, 129
Trd, 8638956.112, 128
Trd, 8638956.646, 128
Trd, 8638957.846, 140
Trd, 8638957.946, 140
Trd, 8638958.246, 136
Trd, 8638958.412, 136
Trd, 8638958.479, 136
Trd, 8638958.812, 135
Trd, 8638961.046, 123
Trd, 8638961.612, 136
Trd, 8638961.946, 128
Trd, 8638962.112, 128
Trd, 8638962.746, 134
Trd, 8638963.679, 137
Trd, 8638963.812, 136
Trd, 8638964.846, 138
Trd, 8638965.546, 137
Trd, 8638965.612, 136
Trd, 8638965.879, 139
Trd, 8638966.079, 137
Trd, 8638966.379, 138
Trd, 8638966.812, 137
Trd, 8638966.912, 135
Trd, 8638967.746, 133
Trd, 8638968.346, 132
Trd, 8638969.212, 138
Trd, 8638969.446, 138
Trd, 8638969.812, 139
Trd, 8638970.812, 140
Trd, 8638971.212, 140
Trd, 8638971.746, 140
Trd, 8638971.879, 140
Trd, 8638972.179, 139
Trd, 8638972.312, 139
Trd, 8638972.346, 115
Trd, 8638973.746, 115
Trd, 8638974.579, 63
Trd, 8638974.779, 62
Trd, 8638975.012, 75
Trd, 8638975.679, 69
Trd, 8638975.746, 67
Trd, 8638976.179, 92
Trd, 8638976.279, 94
Trd, 8638976.612, 68
Trd, 8638977.246, 72
Trd, 8638978.279, 74
Trd, 8638978.679, 77
Trd, 8638979.346, 75
Trd, 8638979.512, 74
Trd, 8638979.679, 85
Trd, 8638979.979, 91
Trd, 8638980.012, 77
Trd, 8638980.046, 75
Trd, 8638980.112, 122
Trd, 8638980.879, 139
Trd, 8638982.012, 83
Trd, 8638982.479, 83
Trd, 8638982.579, 83
Trd, 8638982.912, 136
Trd, 8638983.446, 83
Trd, 8638983.912, 107
Trd, 8638984.112, 108
Trd, 8638984.512, 107
Trd, 8638985.379, 109
Trd, 8638985.779, 119
Trd, 8638986.446, 129
Trd, 8638986.479, 128
Trd, 8638986.812, 127
Trd, 8638988.446, 112
Trd, 8638988.679, 108
Trd, 8638988.946, 114
Trd, 8638989.012, 116
Trd, 8638989.412, 106
Trd, 8638990.279, 104
Trd, 8638991.446, 140
Trd, 8638991.812, 140
Trd, 8638991.846, 140
Trd, 8638991.912, 140
Trd, 8638992.079, 140
Trd, 8638992.312, 138
Trd, 8638992.346, 123
Trd, 8638992.812, 76
Trd, 8638993.279, 132
Trd, 8638993.646, 61
Trd, 8638994.146, 120
Trd, 8638994.446, 118
Trd, 8638994.779, 97
Trd, 8638995.279, 97
Trd, 8638996.279, 101
Trd, 8638996.979, 110
Trd, 8638997.312, 112
Trd, 8638997.412, 112
Trd, 8638998.879, 119
Trd, 8638998.979, 119
Trd, 8638999.579, 125
Trd, 8639000.046, 139
Trd, 8639000.179, 126
Trd, 8639000.712, 130
Trd, 8639001.012, 140
Trd, 8639001.446, 140
Trd, 8639001.679, 140
Trd, 8639002.712, 140
Trd, 8639003.146, 140
Trd, 8639003.879, 140
Trd, 8639005.612, 140
Trd, 8639005.946, 140
Trd, 8639006.512, 140
Trd, 8639007.079, 140
Trd, 8639007.246, 140
Trd, 8639007.412, 140
Trd, 8639008.012, 140
Trd, 8639008.612, 140
Trd, 8639008.712, 140
Trd, 8639009.379, 140
Trd, 8639009.412, 140
Trd, 8639009.612, 140
Trd, 8639010.512, 139
Trd, 8639010.546, 137
Trd, 8639010.746, 137
Trd, 8639010.912, 100
Trd, 8639011.412, 89
Trd, 8639011.746, 89
Trd, 8639011.912, 89
Trd, 8639012.612, 90
Trd, 8639014.146, 102
Trd, 8639014.246, 119
Trd, 8639014.279, 100
Trd, 8639014.312, 99
Trd, 8639014.846, 99
Trd, 8639015.279, 101
Trd, 8639015.546, 101
Trd, 8639015.812, 118
Trd, 8639015.846, 82
Trd, 8639017.212, 63
Trd, 8639017.579, 63
Trd, 8639018.812, 60
Trd, 8639019.112, 62
Trd, 8639019.279, 63
Trd, 8639019.379, 63
Trd, 8639019.612, 62
Trd, 8639019.779, 63
Trd, 8639019.879, 62
Trd, 8639021.312, 60
Trd, 8639021.846, 63
Trd, 8639022.946, 68
Trd, 8639023.379, 72
Trd, 8639023.546, 69
Trd, 8639023.979, 69
Trd, 8639024.379, 70
Trd, 8639024.479, 69
Trd, 8639024.612, 68
Trd, 8639024.712, 84
Trd, 8639025.146, 68
Trd, 8639025.312, 67
Trd, 8639025.679, 85
Trd, 8639025.879, 76
Trd, 8639026.112, 75
Trd, 8639027.379, 124
Trd, 8639027.679, 105
Trd, 8639028.946, 129
Trd, 8639028.979, 128
Trd, 8639029.579, 128
Trd, 8639030.979, 131
Trd, 8639031.379, 132
Trd, 8639031.746, 133
Trd, 8639031.979, 138
Trd, 8639032.712, 135
Trd, 8639033.879, 140
Trd, 8639034.212, 140
Trd, 8639034.412, 140
Trd, 8639034.746, 140
Trd, 8639034.812, 137
Trd, 8639035.612, 139
Trd, 8639035.646, 138
Trd, 8639036.079, 78
Trd, 8639036.346, 137
Trd, 8639036.712, 81
Trd, 8639036.912, 82
Trd, 8639037.212, 83
Trd, 8639038.046, 140
Trd, 8639038.179, 140
Trd, 8639038.279, 140
Trd, 8639039.446, 140
Trd, 8639040.146, 140
Trd, 8639041.012, 140
Trd, 8639041.146, 140
Trd, 8639041.512, 140
Trd, 8639041.912, 140
Trd, 8639042.279, 140
Trd, 8639042.679, 140
Trd, 8639042.712, 137
Trd, 8639043.279, 137
Trd, 8639043.812, 139
Trd, 8639044.179, 139
Trd, 8639044.246, 137
Trd, 8639045.012, 139
Trd, 8639045.579, 136
Trd, 8639045.612, 135
Trd, 8639046.279, 126
Trd, 8639047.112, 138
Trd, 8639047.179, 137
Trd, 8639047.312, 136
Trd, 8639048.312, 138
Trd, 8639048.979, 139
Trd, 8639049.346, 140
Trd, 8639049.512, 139
Trd, 8639049.779, 138
Trd, 8639050.012, 139
Trd, 8639050.046, 137
Trd, 8639050.846, 140
Trd, 8639051.879, 140
Trd, 8639052.212, 140
Trd, 8639052.246, 129
Trd, 8639052.312, 128
Trd, 8639052.379, 108
Trd, 8639052.846, 138
Trd, 8639053.812, 136
Trd, 8639054.246, 139
Trd, 8639054.779, 138
Trd, 8639055.346, 136
Trd, 8639055.746, 139
Trd, 8639055.846, 138
Trd, 8639056.879, 140
Trd, 8639056.946, 138
Trd, 8639057.412, 138
Trd, 8639057.679, 137
Trd, 8639058.279, 139
Trd, 8639058.546, 138
Trd, 8639058.712, 137
Trd, 8639059.412, 132
Trd, 8639060.279, 114
Trd, 8639060.512, 114
Trd, 8639060.612, 113
Trd, 8639061.079, 108
Trd, 8639061.112, 106
Trd, 8639061.846, 71
Trd, 8639062.546, 84
Trd, 8639062.879, 82
Trd, 8639063.579, 60
Trd, 8639063.879, 70
Trd, 8639064.246, 72
Trd, 8639065.246, 60
Trd, 8639068.646, 60
Trd, 8639068.712, 60
Trd, 8639068.912, 61
Trd, 8639069.012, 61
Trd, 8639069.179, 62
Trd, 8639069.246, 63
Trd, 8639069.646, 65
Trd, 8639070.279, 68
Trd, 8639070.312, 67
Trd, 8639071.112, 89
Trd, 8639072.246, 126
Trd, 8639072.412, 77
Trd, 8639072.746, 79
Trd, 8639072.979, 114
Trd, 8639073.712, 87
Trd, 8639074.679, 91
Trd, 8639075.512, 97
Trd, 8639076.346, 100
Trd, 8639076.479, 96
Trd, 8639076.879, 97
Trd, 8639076.979, 97
Trd, 8639077.312, 133
Trd, 8639077.346, 96
Trd, 8639077.812, 67
Trd, 8639078.512, 61
Trd, 8639078.679, 62
Trd, 8639078.812, 67
Trd, 8639078.946, 63
Trd, 8639079.546, 64
Trd, 8639080.046, 118
Trd, 8639080.579, 70
Trd, 8639080.846, 71
Trd, 8639081.512, 72
Trd, 8639081.546, 69
Trd, 8639081.979, 69
Trd, 8639082.446, 80
Trd, 8639083.612, 60
Trd, 8639084.279, 62
Trd, 8639085.846, 62
Trd, 8639086.012, 63
Trd, 8639086.046, 69
Trd, 8639086.512, 72
Trd, 8639086.679, 81
Trd, 8639086.912, 71
Trd, 8639087.112, 74
Trd, 8639087.479, 78
Trd, 8639087.646, 79
Trd, 8639087.846, 79
Trd, 8639088.146, 81
Trd, 8639088.879, 140
Trd, 8639089.279, 140
Trd, 8639089.312, 139
Trd, 8639089.746, 140
Trd, 8639090.579, 140
Trd, 8639091.112, 140
Trd, 8639091.212, 137
Trd, 8639091.846, 140
Trd, 8639092.179, 140
Trd, 8639092.279, 140
Trd, 8639092.446, 140
Trd, 8639093.312, 140
Trd, 8639094.312, 140
Trd, 8639094.446, 140
Trd, 8639095.546, 140
Trd, 8639095.946, 140
Trd, 8639096.046, 140
Trd, 8639096.379, 140
Trd, 8639096.579, 140
Trd, 8639096.812, 140
Trd, 8639098.046, 137
Trd, 8639098.212, 135
Trd, 8639098.512, 132
Trd, 8639098.579, 131
Trd, 8639098.812, 110
Trd, 8639098.979, 80
Trd, 8639100.512, 60
Trd, 8639101.079, 60
Trd, 8639101.512, 60
Trd, 8639102.612, 60
Trd, 8639102.946, 61
Trd, 8639103.246, 62
Trd, 8639103.279, 62
Trd, 8639103.379, 84
Trd, 8639103.546, 63
Trd, 8639103.979, 62
Trd, 8639104.246, 63
Trd, 8639104.779, 68
Trd, 8639105.112, 113
Trd, 8639105.146, 67
Trd, 8639105.679, 66
Trd, 8639106.012, 81
Trd, 8639106.646, 68
Trd, 8639107.012, 115
Trd, 8639108.279, 75
Trd, 8639108.446, 77
Trd, 8639108.879, 76
Trd, 8639109.379, 82
Trd, 8639109.512, 76
Trd, 8639110.479, 135
Trd, 8639110.512, 134
Trd, 8639111.046, 139
Trd, 8639111.079, 138
Trd, 8639111.746, 99
Trd, 8639111.779, 81
Trd, 8639112.446, 105
Trd, 8639113.112, 122
Trd, 8639113.812, 112
Trd, 8639114.279, 112
Trd, 8639114.346, 110
Trd, 8639114.712, 113
Trd, 8639114.779, 112
Trd, 8639115.579, 140
Trd, 8639116.046, 136
Trd, 8639116.546, 135
Trd, 8639116.612, 135
Trd, 8639117.279, 135
Trd, 8639117.446, 135
Trd, 8639117.879, 132
Trd, 8639119.546, 140
Trd, 8639119.612, 140
Trd, 8639119.746, 140
Trd, 8639120.179, 138
Trd, 8639120.212, 137
Trd, 8639121.112, 104
Trd, 8639121.446, 101
Trd, 8639122.179, 103
Trd, 8639122.479, 102
Trd, 8639122.679, 102
Trd, 8639122.846, 102
Trd, 8639123.679, 132
Trd, 8639123.779, 131
Trd, 8639124.379, 118
Trd, 8639124.646, 117
Trd, 8639125.246, 102
Trd, 8639125.979, 101
Trd, 8639126.246, 102
Trd, 8639126.412, 140
Trd, 8639126.712, 140
Trd, 8639126.879, 135
Trd, 8639127.712, 128
Trd, 8639127.779, 126
Trd, 8639127.979, 124
Trd, 8639128.312, 105
Trd, 8639128.812, 134
Trd, 8639128.879, 105
Trd, 8639130.246, 124
Trd, 8639131.112, 126
Trd, 8639131.412, 125
Trd, 8639131.879, 123
Trd, 8639132.612, 105
Trd, 8639132.812, 104
Trd, 8639133.312, 123
Trd, 8639133.479, 105
Trd, 8639133.512, 125
Trd, 8639133.846, 106
Trd, 8639134.412, 109
Trd, 8639134.746, 109
Trd, 8639135.246, 126
Trd, 8639135.646, 126
Trd, 8639135.812, 128
Trd, 8639136.179, 129
Trd, 8639136.246, 128
Trd, 8639136.746, 129
Trd, 8639138.179, 140
Trd, 8639138.479, 140
Trd, 8639138.879, 140
Trd, 8639140.679, 140
Trd, 8639141.246, 140
Trd, 8639141.412, 140
Trd, 8639141.479, 140
Trd, 8639141.846, 140
Trd, 8639141.912, 137
Trd, 8639141.946, 139
Trd, 8639142.479, 140
Trd, 8639142.912, 140
Trd, 8639143.012, 140
Trd, 8639143.646, 98
Trd, 8639143.912, 69
Trd, 8639144.379, 140
Trd, 8639145.479, 63
Trd, 8639148.579, 60
Trd, 8639148.746, 60
Trd, 8639148.846, 60
Trd, 8639148.912, 60
Trd, 8639148.979, 60
Trd, 8639149.312, 61
Trd, 8639149.346, 62
Trd, 8639149.479, 64
Trd, 8639149.512, 60
Trd, 8639149.746, 101
Trd, 8639150.246, 62
Trd, 8639150.512, 61
Trd, 8639151.312, 65
Trd, 8639151.912, 120
Trd, 8639152.412, 104
Trd, 8639152.612, 91
Trd, 8639152.846, 91
Trd, 8639153.379, 121
Trd, 8639154.179, 140
Trd, 8639154.912, 140
Trd, 8639155.179, 140
Trd, 8639155.312, 140
Trd, 8639155.346, 127
Trd, 8639156.779, 114
Trd, 8639157.379, 130
Trd, 8639158.312, 118
Trd, 8639158.712, 120
Trd, 8639159.812, 128
Trd, 8639160.279, 128
Trd, 8639160.612, 127
Trd, 8639160.746, 126
Trd, 8639161.346, 125
Trd, 8639161.412, 124
Trd, 8639162.446, 140
Trd, 8639162.546, 113
Trd, 8639162.646, 94
Trd, 8639163.646, 132
Trd, 8639164.012, 137
Trd, 8639164.212, 136
Trd, 8639164.246, 131
Trd, 8639164.412, 132
Trd, 8639164.812, 128
Trd, 8639165.112, 99
Trd, 8639165.479, 137
Trd, 8639165.546, 71
Trd, 8639167.512, 60
Trd, 8639167.679, 61
Trd, 8639167.979, 60
Trd, 8639168.212, 63
Trd, 8639168.779, 64
Trd, 8639169.179, 66
Trd, 8639170.246, 78
Trd, 8639170.379, 78
Trd, 8639170.546, 71
Trd, 8639170.879, 71
Trd, 8639171.312, 70
Trd, 8639171.446, 135
Trd, 8639171.812, 72
Trd, 8639173.146, 76
Trd, 8639173.279, 96
Trd, 8639173.346, 97
Trd, 8639173.579, 75
Trd, 8639173.646, 73
Trd, 8639175.379, 121
Trd, 8639175.546, 119
Trd, 8639175.712, 119
Trd, 8639176.379, 120
Trd, 8639176.512, 120
Trd, 8639176.746, 120
Trd, 8639177.379, 120
Trd, 8639177.579, 120
Trd, 8639177.679, 140
Trd, 8639178.279, 119
Trd, 8639178.412, 117
Trd, 8639179.346, 78
Trd, 8639179.712, 77
Trd, 8639180.512, 139
Trd, 8639180.612, 132
Trd, 8639180.646, 105
Trd, 8639181.046, 80
Trd, 8639181.712, 140
Trd, 8639181.946, 79
Trd, 8639183.646, 140
Trd, 8639183.712, 140
Trd, 8639184.146, 140
Trd, 8639184.446, 139
Trd, 8639185.346, 140
Trd, 8639186.312, 140
Trd, 8639186.446, 140
Trd, 8639187.312, 140
Trd, 8639187.646, 140
Trd, 8639187.679, 140
Trd, 8639188.112, 138
Trd, 8639188.246, 137
Trd, 8639188.479, 136
Trd, 8639188.779, 138
Trd, 8639188.946, 133
Trd, 8639189.379, 116
Trd, 8639190.312, 140
Trd, 8639190.546, 140
Trd, 8639190.812, 140
Trd, 8639191.012, 140
Trd, 8639191.379, 89
Trd, 8639192.212, 140
Trd, 8639192.746, 122
Trd, 8639193.179, 122
Trd, 8639194.012, 122
Trd, 8639194.212, 121
Trd, 8639195.412, 124
Trd, 8639195.712, 125
Trd, 8639195.946, 124
Trd, 8639195.979, 123
Trd, 8639196.379, 120
Trd, 8639196.879, 140
Trd, 8639197.379, 140
Trd, 8639197.446, 140
Trd, 8639198.712, 137
Trd, 8639198.879, 134
Trd, 8639198.979, 133
Trd, 8639199.112, 133
Trd, 8639199.312, 134
Trd, 8639199.446, 133
Trd, 8639200.112, 136
Trd, 8639200.146, 131
Trd, 8639201.246, 139
Trd, 8639201.546, 138
Trd, 8639201.946, 137
Trd, 8639202.179, 137
Trd, 8639203.046, 140
Trd, 8639203.212, 139
Trd, 8639203.979, 139
Trd, 8639204.312, 139
Trd, 8639204.512, 138
Trd, 8639205.079, 138
Trd, 8639205.479, 138
Trd, 8639205.812, 137
Trd, 8639206.846, 138
Trd, 8639206.979, 136
Trd, 8639207.312, 120
Trd, 8639207.979, 65
Trd, 8639208.846, 82
Trd, 8639209.679, 116
Trd, 8639209.946, 115
Trd, 8639210.512, 115
Trd, 8639210.679, 116
Trd, 8639211.012, 121
Trd, 8639211.546, 118
Trd, 8639211.712, 118
Trd, 8639212.512, 118
Trd, 8639212.646, 118
Trd, 8639212.879, 123
Trd, 8639213.379, 119
Trd, 8639213.479, 117
Trd, 8639213.579, 118
Trd, 8639213.779, 117
Trd, 8639213.912, 86
Trd, 8639214.112, 106
Trd, 8639214.479, 126
Trd, 8639215.512, 140
Trd, 8639215.946, 140
Trd, 8639216.279, 140
Trd, 8639216.446, 140
Trd, 8639217.446, 140
Trd, 8639217.912, 140
Trd, 8639218.346, 140
Trd, 8639218.446, 140
Trd, 8639219.346, 140
Trd, 8639219.912, 138
Trd, 8639219.946, 137
Trd, 8639220.312, 132
Trd, 8639221.046, 125
Trd, 8639221.212, 124
Trd, 8639221.546, 123
Trd, 8639221.612, 110
Trd, 8639221.779, 90
Trd, 8639223.079, 130
Trd, 8639223.779, 140
Trd, 8639223.812, 139
Trd, 8639224.179, 135
Trd, 8639224.879, 135
Trd, 8639225.179, 136
Trd, 8639225.379, 137
Trd, 8639225.446, 136
Trd, 8639225.512, 133
Trd, 8639227.046, 95
Trd, 8639227.346, 97
Trd, 8639227.679, 98
Trd, 8639228.612, 121
Trd, 8639228.779, 126
Trd, 8639228.846, 117
Trd, 8639229.279, 118
Trd, 8639229.312, 126
Trd, 8639229.512, 118
Trd, 8639229.946, 118
Trd, 8639230.579, 116
Trd, 8639230.646, 114
Trd, 8639230.846, 97
Trd, 8639231.312, 139
Trd, 8639232.679, 66
Trd, 8639233.079, 105
Trd, 8639233.979, 83
Trd, 8639234.046, 75
Trd, 8639236.112, 132
Trd, 8639236.846, 140
Trd, 8639236.979, 140
Trd, 8639237.046, 139
Trd, 8639237.112, 138
Trd, 8639237.179, 138
Trd, 8639238.079, 140
Trd, 8639238.579, 140
Trd, 8639238.612, 140
Trd, 8639239.346, 140
Trd, 8639239.412, 140
Trd, 8639239.812, 140
Trd, 8639240.546, 140
Trd, 8639240.946, 140
Trd, 8639241.246, 140
Trd, 8639241.412, 140
Trd, 8639241.779, 140
Trd, 8639242.479, 140
Trd, 8639243.512, 140
Trd, 8639243.612, 140
Trd, 8639243.812, 139
Trd, 8639243.979, 133
Trd, 8639244.146, 128
Trd, 8639244.312, 126
Trd, 8639245.079, 140
Trd, 8639245.179, 65
Trd, 8639245.212, 63
Trd, 8639245.279, 71
Trd, 8639247.446, 140
Trd, 8639247.512, 140
Trd, 8639247.679, 139
Trd, 8639248.546, 140
Trd, 8639249.012, 140
Trd, 8639249.179, 140
Trd, 8639249.212, 137
Trd, 8639249.679, 133
Trd, 8639249.946, 132
Trd, 8639250.679, 134
Trd, 8639251.146, 134
Trd, 8639251.579, 135
Trd, 8639251.812, 136
Trd, 8639252.246, 137
Trd, 8639252.879, 140
Trd, 8639253.146, 140
Trd, 8639253.679, 140
Trd, 8639254.079, 140
Trd, 8639254.746, 140
Trd, 8639255.079, 140
Trd, 8639255.479, 140
Trd, 8639256.146, 140
Trd, 8639256.212, 140
Trd, 8639256.879, 140
Trd, 8639256.912, 140
Trd, 8639257.246, 133
Trd, 8639257.346, 121
Trd, 8639258.212, 120
Trd, 8639259.212, 121
Trd, 8639259.612, 119
Trd, 8639259.846, 139
Trd, 8639260.679, 125
Trd, 8639260.779, 123
Trd, 8639261.312, 123
Trd, 8639261.579, 119
Trd, 8639262.412, 60
Trd, 8639262.979, 60
Trd, 8639263.279, 60
Trd, 8639263.479, 61
Trd, 8639265.512, 60
Trd, 8639266.046, 60
Trd, 8639266.179, 60
Trd, 8639266.246, 60
Trd, 8639266.512, 64
Trd, 8639266.779, 64
Trd, 8639266.946, 64
Trd, 8639267.412, 63
Trd, 8639267.979, 63
Trd, 8639268.179, 67
Trd, 8639269.012, 65
Trd, 8639269.579, 61
Trd, 8639270.079, 60
Trd, 8639270.712, 61
Trd, 8639271.212, 62
Trd, 8639271.346, 62
Trd, 8639271.412, 62
Trd, 8639271.679, 63
Trd, 8639272.612, 67
Trd, 8639273.279, 68
Trd, 8639273.779, 136
Trd, 8639273.979, 97
Trd, 8639275.079, 103
Trd, 8639275.279, 104
Trd, 8639275.612, 111
Trd, 8639276.679, 117
Trd, 8639276.879, 116
Trd, 8639276.946, 115
Trd, 8639277.212, 106
Trd, 8639277.546, 108
Trd, 8639278.012, 109
Trd, 8639278.779, 113
Trd, 8639279.079, 113
Trd, 8639279.646, 114
Trd, 8639279.679, 113
Trd, 8639279.746, 112
Trd, 8639280.079, 114
Trd, 8639280.212, 112
Trd, 8639280.812, 61
Trd, 8639281.279, 65
Trd, 8639281.312, 62
Trd, 8639281.546, 87
Trd, 8639283.579, 140
Trd, 8639283.646, 140
Trd, 8639283.779, 140
Trd, 8639284.046, 140
Trd, 8639285.112, 140
Trd, 8639285.512, 140
Trd, 8639285.712, 140
Trd, 8639286.479, 140
Trd, 8639286.879, 140
Trd, 8639287.312, 140
Trd, 8639288.246, 140
Trd, 8639288.346, 140
Trd, 8639288.812, 140
Trd, 8639289.179, 140
Trd, 8639290.146, 140
Trd, 8639290.179, 140
Trd, 8639290.312, 140
Trd, 8639290.546, 140
Trd, 8639291.012, 140
Trd, 8639292.312, 140
Trd, 8639292.379, 140
Trd, 8639292.912, 140
Trd, 8639293.312, 138
Trd, 8639293.346, 138
Trd, 8639294.812, 140
Trd, 8639295.212, 140
Trd, 8639295.279, 140
Trd, 8639295.546, 136
Trd, 8639295.579, 116
Trd, 8639296.412, 140
Trd, 8639297.479, 140
Trd, 8639297.546, 140
Trd, 8639297.812, 140
Trd, 8639297.979, 140
Trd, 8639298.446, 140
Trd, 8639299.246, 139
Trd, 8639299.446, 138
Trd, 8639299.946, 137
Trd, 8639300.212, 137
Trd, 8639300.746, 132
Trd, 8639300.946, 135
Trd, 8639301.012, 139
Trd, 8639301.112, 112
Trd, 8639302.479, 140
Trd, 8639302.579, 140
Trd, 8639302.946, 91
Trd, 8639304.079, 110
Trd, 8639304.946, 97
Trd, 8639305.379, 77
Trd, 8639305.679, 77
Trd, 8639306.312, 76
Trd, 8639306.646, 76
Trd, 8639306.812, 77
Trd, 8639307.179, 75
Trd, 8639307.346, 105
Trd, 8639307.646, 75
Trd, 8639308.646, 104
Trd, 8639309.379, 93
Trd, 8639310.112, 112
Trd, 8639310.946, 116
Trd, 8639311.212, 116
Trd, 8639311.246, 114
Trd, 8639311.612, 116
Trd, 8639311.946, 116
Trd, 8639312.179, 117
Trd, 8639312.246, 116
Trd, 8639312.812, 116
Trd, 8639312.946, 119
Trd, 8639313.712, 139
Trd, 8639313.846, 117
Trd, 8639314.246, 78
Trd, 8639315.046, 60
Trd, 8639317.046, 60
Trd, 8639317.612, 61
Trd, 8639317.679, 64
Trd, 8639319.079, 60
Trd, 8639319.179, 61
Trd, 8639319.646, 60
Trd, 8639319.746, 60
Trd, 8639319.912, 62
Trd, 8639320.012, 62
Trd, 8639320.412, 64
Trd, 8639320.579, 63
Trd, 8639321.046, 64
Trd, 8639321.412, 65
Trd, 8639321.512, 66
Trd, 8639321.712, 66
Trd, 8639322.112, 63
Trd, 8639322.846, 95
Trd, 8639323.179, 83
Trd, 8639323.312, 97
Trd, 8639323.346, 138
Trd, 8639323.912, 69
Trd, 8639323.979, 68
Trd, 8639324.546, 69
Trd, 8639324.746, 70
Trd, 8639325.779, 71
Trd, 8639325.812, 70
Trd, 8639326.946, 140
Trd, 8639326.979, 140
Trd, 8639327.212, 140
Trd, 8639327.312, 77
Trd, 8639327.379, 75
Trd, 8639330.012, 60
Trd, 8639330.112, 60
Trd, 8639330.346, 62
Trd, 8639330.379, 67
Trd, 8639330.446, 67
Trd, 8639330.812, 65
Trd, 8639331.079, 64
Trd, 8639331.612, 123
Trd, 8639332.046, 130
Trd, 8639332.246, 130
Trd, 8639332.479, 133
Trd, 8639333.112, 135
Trd, 8639333.679, 137
Trd, 8639334.379, 140
Trd, 8639334.579, 140
Trd, 8639334.712, 140
Trd, 8639336.212, 140
Trd, 8639336.446, 140
Trd, 8639336.879, 140
Trd, 8639337.612, 140
Trd, 8639337.646, 140
Trd, 8639338.379, 118
Trd, 8639339.012, 119
Trd, 8639339.212, 118
Trd, 8639339.346, 117
Trd, 8639340.079, 117
Trd, 8639340.112, 116
Trd, 8639340.346, 92
Trd, 8639341.046, 65
Trd, 8639341.279, 65
Trd, 8639341.512, 65
Trd, 8639342.279, 65
Trd, 8639342.679, 69
Trd, 8639344.546, 60
Trd, 8639344.612, 61
Trd, 8639344.646, 61
Trd, 8639344.812, 61
Trd, 8639344.912, 62
Trd, 8639345.146, 65
Trd, 8639346.146, 68
Trd, 8639346.512, 69
Trd, 8639347.446, 95
Trd, 8639347.979, 83
Trd, 8639348.879, 90
Trd, 8639349.146, 86
Trd, 8639349.479, 87
Trd, 8639350.312, 89
Trd, 8639350.379, 91
Trd, 8639351.179, 95
Trd, 8639351.879, 101
Trd, 8639352.512, 140
Trd, 8639352.912, 140
Trd, 8639353.546, 140
Trd, 8639354.012, 140
Trd, 8639354.146, 140
Trd, 8639354.546, 133
Trd, 8639354.712, 133
Trd, 8639354.746, 132
Trd, 8639355.879, 133
Trd, 8639356.346, 113
Trd, 8639356.746, 114
Trd, 8639357.079, 113
Trd, 8639358.646, 119
Trd, 8639359.712, 135
Trd, 8639359.779, 118
Trd, 8639360.046, 127
Trd, 8639360.212, 118
Trd, 8639360.746, 121
Trd, 8639360.812, 120
Trd, 8639361.446, 122
Trd, 8639361.546, 122
Trd, 8639362.079, 118
Trd, 8639362.979, 99
Trd, 8639363.679, 99
Trd, 8639364.112, 97
Trd, 8639364.179, 84
Trd, 8639364.746, 105
Trd, 8639364.979, 67
Trd, 8639365.179, 105
Trd, 8639365.212, 67
Trd, 8639365.512, 71
Trd, 8639365.546, 68
Trd, 8639366.179, 140
Trd, 8639366.612, 140
Trd, 8639368.046, 140
Trd, 8639368.179, 140
Trd, 8639368.612, 140
Trd, 8639369.779, 133
Trd, 8639370.379, 140
Trd, 8639371.112, 140
Trd, 8639371.512, 140
Trd, 8639371.779, 140
Trd, 8639372.212, 140
Trd, 8639372.646, 140
Trd, 8639372.812, 140
Trd, 8639372.979, 140
Trd, 8639373.212, 140
Trd, 8639373.479, 137
Trd, 8639373.512, 135
Trd, 8639374.446, 82
Trd, 8639376.346, 134
Trd, 8639376.912, 140
Trd, 8639377.612, 140
Trd, 8639377.679, 140
Trd, 8639377.812, 140
Trd, 8639377.912, 140
Trd, 8639377.946, 140
Trd, 8639378.479, 140
Trd, 8639378.746, 140
Trd, 8639379.446, 140
Trd, 8639379.512, 140
Trd, 8639380.212, 140
Trd, 8639380.412, 140
Trd, 8639381.212, 140
Trd, 8639381.246, 140
Trd, 8639381.946, 139
Trd, 8639382.046, 138
Trd, 8639382.379, 136
Trd, 8639383.112, 140
Trd, 8639383.412, 140
Trd, 8639384.379, 124
Trd, 8639385.012, 138
Trd, 8639385.379, 140
Trd, 8639385.512, 139
Trd, 8639386.279, 140
Trd, 8639386.612, 138
Trd, 8639387.179, 140
Trd, 8639388.879, 140
Trd, 8639388.979, 140
Trd, 8639389.846, 140
Trd, 8639390.012, 140
Trd, 8639390.179, 140
Trd, 8639391.546, 140
Trd, 8639391.779, 140
Trd, 8639392.012, 140
Trd, 8639392.179, 140
Trd, 8639392.812, 140
Trd, 8639392.846, 140
Trd, 8639393.879, 138
Trd, 8639393.912, 140
Trd, 8639394.179, 140
Trd, 8639394.312, 140
Trd, 8639394.612, 140
Trd, 8639395.712, 138
Trd, 8639395.779, 137
Trd, 8639396.246, 115
Trd, 8639396.346, 108
Trd, 8639396.779, 130
Trd, 8639397.412, 140
Trd, 8639397.746, 127
Trd, 8639398.012, 127
Trd, 8639398.212, 125
Trd, 8639399.712, 128
Trd, 8639399.946, 140
Trd, 8639400.379, 140
Trd, 8639401.146, 140
Trd, 8639401.212, 139
Trd, 8639401.279, 137
Trd, 8639401.846, 138
Trd, 8639401.879, 136
Trd, 8639402.312, 127
Trd, 8639403.012, 133
Trd, 8639403.412, 133
Trd, 8639403.646, 132
Trd, 8639404.679, 139
Trd, 8639404.746, 138
Trd, 8639405.112, 136
Trd, 8639405.646, 132
Trd, 8639406.112, 131
Trd, 8639406.979, 140
Trd, 8639407.379, 140
Trd, 8639408.146, 140
Trd, 8639408.679, 140
Trd, 8639408.812, 140
Trd, 8639409.179, 140
Trd, 8639409.746, 140
Trd, 8639410.312, 140
Trd, 8639410.412, 140
Trd, 8639410.579, 140
Trd, 8639411.179, 136
Trd, 8639411.246, 138
Trd, 8639411.279, 135
Trd, 8639412.446, 140
Trd, 8639412.679, 132
Trd, 8639412.812, 129
Trd, 8639415.712, 60
Trd, 8639415.979, 60
Trd, 8639416.079, 60
Trd, 8639416.279, 61
Trd, 8639416.512, 65
Trd, 8639416.712, 65
Trd, 8639417.012, 78
Trd, 8639417.112, 67
Trd, 8639417.246, 67
Trd, 8639417.579, 69
Trd, 8639418.279, 69
Trd, 8639419.012, 68
Trd, 8639419.146, 66
Trd, 8639419.479, 71
Trd, 8639420.612, 60
Trd, 8639421.712, 60
Trd, 8639421.746, 60
Trd, 8639422.412, 64
Trd, 8639422.712, 65
Trd, 8639423.112, 65
Trd, 8639423.246, 65
Trd, 8639423.346, 64
Trd, 8639423.846, 140
Trd, 8639424.879, 140
Trd, 8639425.346, 140
Trd, 8639425.446, 140
Trd, 8639425.779, 140
Trd, 8639425.912, 140
Trd, 8639426.312, 140
Trd, 8639426.612, 140
Trd, 8639427.012, 140
Trd, 8639427.379, 137
Trd, 8639427.579, 117
Trd, 8639427.879, 116
Trd, 8639428.546, 118
Trd, 8639428.646, 118
Trd, 8639428.679, 117
Trd, 8639430.312, 121
Trd, 8639431.279, 139
Trd, 8639431.679, 139
Trd, 8639432.979, 140
Trd, 8639433.179, 132
Trd, 8639433.246, 131
Trd, 8639434.412, 124
Trd, 8639434.546, 138
Trd, 8639434.746, 124
Trd, 8639434.846, 120
Trd, 8639435.412, 140
Trd, 8639436.212, 140
Trd, 8639436.879, 140
Trd, 8639437.712, 140
Trd, 8639438.646, 140
Trd, 8639438.712, 140
Trd, 8639438.779, 140
Trd, 8639439.179, 140
Trd, 8639439.446, 135
Trd, 8639439.546, 110
Trd, 8639440.379, 110
Trd, 8639441.079, 135
Trd, 8639441.912, 140
Trd, 8639442.112, 139
Trd, 8639442.346, 140
Trd, 8639442.946, 140
Trd, 8639443.479, 140
Trd, 8639443.746, 140
Trd, 8639443.979, 121
Trd, 8639444.712, 129
Trd, 8639446.046, 126
Trd, 8639446.679, 115
Trd, 8639446.912, 136
Trd, 8639447.546, 140
Trd, 8639447.612, 139
Trd, 8639447.879, 137
Trd, 8639447.912, 133
Trd, 8639448.679, 120
Trd, 8639449.379, 120
Trd, 8639449.746, 130
Trd, 8639450.112, 120
Trd, 8639450.212, 119
Trd, 8639451.646, 128
Trd, 8639452.046, 132
Trd, 8639452.479, 140
Trd, 8639452.879, 130
Trd, 8639453.446, 140
Trd, 8639455.179, 140
Trd, 8639455.412, 140
Trd, 8639455.612, 140
Trd, 8639456.012, 140
Trd, 8639456.046, 140
Trd, 8639456.412, 140
Trd, 8639456.579, 140
Trd, 8639456.612, 140
Trd, 8639458.179, 140
Trd, 8639458.512, 140
Trd, 8639458.846, 140
Trd, 8639459.946, 140
Trd, 8639460.412, 140
Trd, 8639460.546, 140
Trd, 8639460.879, 140
Trd, 8639460.912, 140
Trd, 8639461.212, 140
Trd, 8639461.412, 140
Trd, 8639462.279, 140
Trd, 8639462.379, 140
Trd, 8639463.079, 139
Trd, 8639463.246, 136
Trd, 8639464.346, 138
Trd, 8639464.446, 137
Trd, 8639464.746, 133
Trd, 8639465.879, 140
Trd, 8639465.979, 139
Trd, 8639466.879, 140
Trd, 8639467.312, 140
Trd, 8639467.546, 140
Trd, 8639467.779, 140
Trd, 8639468.112, 140
Trd, 8639468.712, 140
Trd, 8639469.946, 140
Trd, 8639470.346, 140
Trd, 8639470.779, 140
Trd, 8639471.346, 140
Trd, 8639471.779, 140
Trd, 8639472.146, 140
Trd, 8639472.346, 140
Trd, 8639472.612, 140
Trd, 8639472.879, 140
Trd, 8639473.046, 138
Trd, 8639473.612, 133
Trd, 8639474.112, 132
Trd, 8639474.379, 94
Trd, 8639474.646, 63
Trd, 8639475.512, 136
Trd, 8639476.112, 136
Trd, 8639476.379, 120
Trd, 8639476.679, 121
Trd, 8639477.046, 120
Trd, 8639477.579, 88
Trd, 8639477.646, 73
Trd, 8639479.946, 60
Trd, 8639480.046, 60
Trd, 8639480.379, 60
Trd, 8639480.612, 61
Trd, 8639480.679, 62
Trd, 8639481.146, 67
Trd, 8639481.246, 86
Trd, 8639481.479, 66
Trd, 8639481.679, 69
Trd, 8639481.946, 67
Trd, 8639482.112, 126
Trd, 8639482.346, 67
Trd, 8639482.979, 71
Trd, 8639484.279, 79
Trd, 8639485.579, 82
Trd, 8639486.446, 99
Trd, 8639486.512, 86
Trd, 8639486.912, 102
Trd, 8639487.179, 89
Trd, 8639487.212, 88
Trd, 8639487.246, 122
Trd, 8639487.446, 89
Trd, 8639488.012, 88
Trd, 8639488.379, 87
Trd, 8639488.446, 86
Trd, 8639489.612, 101
Trd, 8639489.812, 101
Trd, 8639490.546, 90
Trd, 8639491.646, 140
Trd, 8639491.812, 140
Trd, 8639492.046, 140
Trd, 8639492.146, 140
Trd, 8639492.612, 140
Trd, 8639492.746, 137
Trd, 8639493.279, 140
Trd, 8639493.879, 117
Trd, 8639494.212, 116
Trd, 8639494.512, 115
Trd, 8639494.946, 138
Trd, 8639495.146, 114
Trd, 8639495.979, 103
Trd, 8639496.246, 132
Trd, 8639496.512, 104
Trd, 8639496.612, 103
Trd, 8639497.446, 131
Trd, 8639497.679, 118
Trd, 8639497.712, 132
Trd, 8639497.846, 106
Trd, 8639498.279, 106
Trd, 8639498.446, 105
Trd, 8639498.712, 104
Trd, 8639498.779, 103
Trd, 8639499.312, 131
Trd, 8639499.879, 121
Trd, 8639500.046, 120
Trd, 8639500.179, 99
Trd, 8639500.612, 91
Trd, 8639502.112, 140
Trd, 8639502.246, 140
Trd, 8639502.712, 140
Trd, 8639503.946, 140
Trd, 8639504.146, 140
Trd, 8639504.312, 140
Trd, 8639504.679, 140
Trd, 8639505.312, 140
Trd, 8639505.846, 140
Trd, 8639506.912, 140
Trd, 8639506.946, 140
Trd, 8639507.212, 140
Trd, 8639508.079, 140
Trd, 8639508.212, 140
Trd, 8639508.412, 140
Trd, 8639509.679, 140
Trd, 8639509.712, 140
Trd, 8639509.746, 140
Trd, 8639509.946, 118
Trd, 8639510.246, 126
Trd, 8639510.712, 139
Trd, 8639510.912, 139
Trd, 8639512.479, 138
Trd, 8639512.912, 139
Trd, 8639513.312, 140
Trd, 8639513.379, 137
Trd, 8639513.612, 138
Trd, 8639515.879, 140
Trd, 8639516.079, 140
Trd, 8639516.446, 140
Trd, 8639517.146, 139
Trd, 8639517.212, 137
Trd, 8639518.346, 140
Trd, 8639518.579, 140
Trd, 8639519.012, 140
Trd, 8639519.279, 140
Trd, 8639519.312, 140
Trd, 8639519.846, 140
Trd, 8639519.979, 140
Trd, 8639520.046, 140
Trd, 8639521.079, 140
Trd, 8639521.279, 140
Trd, 8639521.512, 140
Trd, 8639521.879, 140
Trd, 8639522.212, 140
Trd, 8639522.879, 140
Trd, 8639523.179, 138
Trd, 8639523.779, 140
Trd, 8639524.646, 140
Trd, 8639524.679, 140
Trd, 8639524.779, 140
Trd, 8639524.812, 140
Trd, 8639525.046, 138
Trd, 8639526.012, 140
Trd, 8639526.112, 139
Trd, 8639527.446, 140
Trd, 8639527.879, 139
Trd, 8639528.412, 140
Trd, 8639528.879, 125
Trd, 8639529.746, 127
Trd, 8639530.512, 129
Trd, 8639531.712, 140
Trd, 8639532.112, 140
Trd, 8639532.379, 140
Trd, 8639532.846, 140
Trd, 8639533.179, 140
Trd, 8639533.646, 140
Trd, 8639533.946, 140
Trd, 8639534.146, 140
Trd, 8639534.246, 139
Trd, 8639534.646, 135
Trd, 8639535.379, 138
Trd, 8639535.712, 134
Trd, 8639535.746, 133
Trd, 8639536.012, 104
Trd, 8639536.212, 104
Trd, 8639536.612, 131
Trd, 8639537.746, 98
Trd, 8639538.446, 139
Trd, 8639539.246, 140
Trd, 8639540.279, 140
Trd, 8639540.312, 140
Trd, 8639541.046, 140
Trd, 8639541.512, 140
Trd, 8639541.712, 140
Trd, 8639541.846, 140
Trd, 8639541.946, 137
Trd, 8639544.012, 140
Trd, 8639544.079, 139
Trd, 8639544.146, 138
Trd, 8639544.912, 99
Trd, 8639545.212, 101
Trd, 8639545.779, 101
Trd, 8639545.879, 101
Trd, 8639546.946, 108
Trd, 8639547.379, 121
Trd, 8639547.479, 120
Trd, 8639547.512, 112
Trd, 8639547.779, 132
Trd, 8639547.812, 134
Trd, 8639548.879, 110
Trd, 8639549.079, 111
Trd, 8639549.146, 110
Trd, 8639549.746, 77
Trd, 8639551.879, 140
Trd, 8639551.946, 140
Trd, 8639552.012, 140
Trd, 8639552.312, 139
Trd, 8639552.379, 137
Trd, 8639552.646, 126
Trd, 8639553.546, 139
Trd, 8639553.779, 135
Trd, 8639554.212, 129
Trd, 8639554.712, 130
Trd, 8639554.946, 130
Trd, 8639555.379, 131
Trd, 8639556.179, 129
Trd, 8639556.446, 130
Trd, 8639558.012, 140
Trd, 8639558.112, 140
Trd, 8639558.279, 140
Trd, 8639558.379, 133
Trd, 8639558.446, 128
Trd, 8639558.746, 136
Trd, 8639558.846, 134
Trd, 8639561.146, 140
Trd, 8639562.179, 140
Trd, 8639562.512, 140
Trd, 8639562.946, 140
Trd, 8639563.079, 140
Trd, 8639563.246, 140
Trd, 8639563.279, 140
Trd, 8639563.779, 140
Trd, 8639564.079, 137
Trd, 8639564.679, 108
Trd, 8639565.379, 70
Trd, 8639567.212, 60
Trd, 8639568.379, 60
Trd, 8639569.012, 60
Trd, 8639569.046, 60
Trd, 8639569.112, 61
Trd, 8639569.246, 61
Trd, 8639569.279, 61
Trd, 8639569.679, 61
Trd, 8639569.846, 62
Trd, 8639570.146, 65
Trd, 8639570.379, 64
Trd, 8639570.979, 62
Trd, 8639571.379, 69
Trd, 8639571.646, 68
Trd, 8639571.946, 68
Trd, 8639572.512, 65
Trd, 8639572.812, 67
Trd, 8639573.079, 74
Trd, 8639574.512, 75
Trd, 8639574.579, 74
Trd, 8639575.112, 76
Trd, 8639575.179, 75
Trd, 8639575.412, 73
Trd, 8639575.779, 72
Trd, 8639576.412, 73
Trd, 8639577.112, 74
Trd, 8639577.212, 73
Trd, 8639578.312, 77
Trd, 8639578.479, 94
Trd, 8639578.579, 96
Trd, 8639579.046, 88
Trd, 8639579.779, 139
Trd, 8639580.246, 133
Trd, 8639580.312, 133
Trd, 8639582.312, 135
Trd, 8639582.479, 135
Trd, 8639582.779, 135
Trd, 8639582.812, 133
Trd, 8639582.912, 111
Trd, 8639583.946, 62
Trd, 8639583.979, 65
Trd, 8639584.546, 67
Trd, 8639584.712, 110
Trd, 8639584.879, 69
Trd, 8639585.546, 68
Trd, 8639586.579, 73
Trd, 8639586.946, 73
Trd, 8639587.079, 76
Trd, 8639587.479, 83
Trd, 8639588.479, 80
Trd, 8639588.579, 77
Trd, 8639588.912, 80
Trd, 8639589.279, 74
Trd, 8639589.412, 72
Trd, 8639590.179, 60
Trd, 8639591.479, 61
Trd, 8639591.646, 62
Trd, 8639592.846, 60
Trd, 8639593.279, 61
Trd, 8639593.412, 63
Trd, 8639593.446, 63
Trd, 8639593.479, 64
Trd, 8639593.812, 67
Trd, 8639594.346, 81
Trd, 8639595.346, 66
Trd, 8639595.479, 92
Trd, 8639595.979, 70
Trd, 8639596.379, 76
Trd, 8639596.512, 75
Trd, 8639597.412, 78
Trd, 8639597.546, 77
Trd, 8639597.812, 103
Trd, 8639597.879, 107
Trd, 8639598.412, 94
Trd, 8639599.046, 94
Trd, 8639599.512, 94
Trd, 8639600.312, 99
Trd, 8639600.346, 97
Trd, 8639600.446, 100
Trd, 8639600.479, 96
Trd, 8639600.879, 139
Trd, 8639603.112, 82
Trd, 8639603.212, 81
Trd, 8639603.812, 134
Trd, 8639603.946, 135
Trd, 8639604.312, 93
Trd, 8639604.512, 95
Trd, 8639604.746, 97
Trd, 8639605.312, 98
Trd, 8639605.512, 98
Trd, 8639606.012, 101
Trd, 8639606.079, 99
Trd, 8639606.146, 110
Trd, 8639606.946, 104
Trd, 8639607.346, 120
Trd, 8639607.746, 116
Trd, 8639607.879, 115
Trd, 8639608.212, 117
Trd, 8639608.479, 130
Trd, 8639608.946, 116
Trd, 8639609.312, 113
Trd, 8639609.712, 139
Trd, 8639610.212, 61
Trd, 8639612.112, 60
Trd, 8639612.879, 60
Trd, 8639614.212, 60
Trd, 8639614.812, 60
Trd, 8639615.046, 60
Trd, 8639615.179, 60
Trd, 8639615.312, 60
Trd, 8639615.379, 60
Trd, 8639615.546, 61
Trd, 8639615.646, 62
Trd, 8639615.912, 62
Trd, 8639615.946, 66
Trd, 8639616.512, 62
Trd, 8639616.712, 61
Trd, 8639617.079, 60
Trd, 8639617.912, 69
Trd, 8639619.612, 60
Trd, 8639619.712, 61
Trd, 8639620.646, 61
Trd, 8639621.146, 60
Trd, 8639622.579, 60
Trd, 8639622.712, 61
Trd, 8639622.912, 60
Trd, 8639623.212, 60
Trd, 8639623.812, 60
Trd, 8639623.979, 60
Trd, 8639624.312, 62
Trd, 8639624.412, 62
Trd, 8639624.679, 64
Trd, 8639624.946, 134
Trd, 8639625.046, 133
Trd, 8639625.546, 69
Trd, 8639626.146, 140
Trd, 8639626.179, 140
Trd, 8639627.046, 111
Trd, 8639627.946, 61
Trd, 8639628.279, 62
Trd, 8639629.579, 60
Trd, 8639630.446, 62
Trd, 8639631.679, 60
Trd, 8639631.846, 60
Trd, 8639632.279, 60
Trd, 8639632.379, 62
Trd, 8639632.646, 61
Trd, 8639632.846, 61
Trd, 8639633.312, 64
Trd, 8639633.412, 65
Trd, 8639633.579, 67
Trd, 8639634.712, 71
Trd, 8639635.012, 69
Trd, 8639637.179, 140
Trd, 8639637.446, 140
Trd, 8639637.679, 140
Trd, 8639637.846, 140
Trd, 8639637.979, 140
Trd, 8639638.846, 140
Trd, 8639638.912, 140
Trd, 8639638.979, 140
Trd, 8639639.279, 83
Trd, 8639640.212, 125
Trd, 8639640.479, 124
Trd, 8639640.712, 123
Trd, 8639641.279, 140
Trd, 8639641.579, 140
Trd, 8639641.946, 140
Trd, 8639643.312, 109
Trd, 8639643.512, 88
Trd, 8639644.312, 122
Trd, 8639644.879, 96
Trd, 8639645.379, 86
Trd, 8639645.646, 96
Trd, 8639645.712, 97
Trd, 8639645.846, 86
Trd, 8639646.712, 89
Trd, 8639646.746, 86
Trd, 8639647.246, 86
Trd, 8639647.446, 85
Trd, 8639648.012, 138
Trd, 8639648.079, 75
Trd, 8639649.046, 60
Trd, 8639649.346, 70
Trd, 8639649.912, 64
Trd, 8639650.712, 140
Trd, 8639650.779, 139
Trd, 8639651.712, 140
Trd, 8639651.846, 140
Trd, 8639651.946, 140
Trd, 8639652.979, 140
Trd, 8639653.446, 140
Trd, 8639653.579, 140
Trd, 8639654.312, 140
Trd, 8639654.546, 140
Trd, 8639654.679, 137
Trd, 8639655.312, 139
Trd, 8639655.712, 140
Trd, 8639656.412, 139
Trd, 8639656.446, 138
Trd, 8639657.279, 140
Trd, 8639658.112, 140
Trd, 8639658.279, 140
Trd, 8639658.346, 140
Trd, 8639658.446, 139
Trd, 8639659.179, 137
Trd, 8639659.479, 138
Trd, 8639659.779, 139
Trd, 8639660.346, 137
Trd, 8639660.579, 136
Trd, 8639660.946, 138
Trd, 8639661.612, 138
Trd, 8639661.912, 136
Trd, 8639663.246, 138
Trd, 8639663.312, 139
Trd, 8639663.546, 139
Trd, 8639663.746, 137
Trd, 8639664.046, 138
Trd, 8639664.546, 137
Trd, 8639664.646, 136
Trd, 8639665.146, 134
Trd, 8639665.379, 109
Trd, 8639668.079, 140
Trd, 8639668.712, 140
Trd, 8639668.846, 140
Trd, 8639668.912, 140
Trd, 8639669.046, 140
Trd, 8639669.579, 140
Trd, 8639669.646, 140
Trd, 8639669.679, 137
Trd, 8639669.746, 135
Trd, 8639670.146, 126
Trd, 8639670.812, 139
Trd, 8639670.879, 137
Trd, 8639671.379, 130
Trd, 8639672.979, 135
Trd, 8639673.112, 134
Trd, 8639673.546, 134
Trd, 8639673.679, 131
Trd, 8639674.379, 140
Trd, 8639675.079, 140
Trd, 8639675.479, 140
Trd, 8639675.512, 140
Trd, 8639675.812, 127
Trd, 8639676.246, 128
Trd, 8639676.779, 128
Trd, 8639676.979, 129
Trd, 8639677.112, 102
Trd, 8639677.246, 113
Trd, 8639677.879, 103
Trd, 8639677.979, 101
Trd, 8639678.212, 88
Trd, 8639679.546, 62
Trd, 8639679.946, 104
Trd, 8639680.079, 104
Trd, 8639680.479, 91
Trd, 8639680.879, 99
Trd, 8639681.812, 61
Trd, 8639682.312, 61
Trd, 8639683.312, 60
Trd, 8639683.479, 60
Trd, 8639683.512, 65
Trd, 8639683.979, 65
Trd, 8639684.446, 66
Trd, 8639684.512, 65
Trd, 8639685.546, 74
Trd, 8639685.779, 69
Trd, 8639686.346, 140
Trd, 8639686.479, 77
Trd, 8639686.612, 75
Trd, 8639687.212, 78
Trd, 8639688.079, 119
Trd, 8639688.146, 118
Trd, 8639688.246, 116
Trd, 8639688.512, 114
Trd, 8639688.979, 115
Trd, 8639689.046, 114
Trd, 8639689.379, 114
Trd, 8639689.646, 113
Trd, 8639690.446, 124
Trd, 8639690.779, 117
Trd, 8639690.846, 116
Trd, 8639690.979, 115
Trd, 8639691.446, 119
Trd, 8639691.912, 118
Trd, 8639692.412, 104
Trd, 8639693.012, 113
Trd, 8639694.346, 136
Trd, 8639694.379, 135
Trd, 8639694.912, 137
Trd, 8639695.246, 140
Trd, 8639695.712, 140
Trd, 8639695.846, 136
Trd, 8639697.046, 136
Trd, 8639697.779, 136
Trd, 8639698.112, 135
Trd, 8639698.512, 135
Trd, 8639699.512, 140
Trd, 8639699.546, 140
Trd, 8639699.679, 140
Trd, 8639700.346, 140
Trd, 8639700.512, 140
Trd, 8639701.046, 137
Trd, 8639701.246, 140
Trd, 8639701.346, 125
Trd, 8639702.112, 127
Trd, 8639702.879, 140
Trd, 8639703.179, 140
Trd, 8639703.246, 140
Trd, 8639703.679, 137
Trd, 8639704.679, 140
Trd, 8639704.912, 139
Trd, 8639705.179, 114
Trd, 8639706.746, 138
Trd, 8639706.879, 138
Trd, 8639707.112, 138
Trd, 8639707.912, 140
Trd, 8639707.979, 140
Trd, 8639708.846, 140
Trd, 8639709.312, 140
Trd, 8639709.412, 140
Trd, 8639709.912, 136
Trd, 8639710.112, 111
Trd, 8639711.512, 76
Trd, 8639712.012, 76
Trd, 8639712.712, 104
Trd, 8639712.946, 103
Trd, 8639712.979, 74
Trd, 8639713.079, 106
Trd, 8639714.012, 61
Trd, 8639714.179, 60
Trd, 8639714.646, 61
Trd, 8639714.846, 61
Trd, 8639714.912, 62
Trd, 8639715.246, 62
Trd, 8639715.912, 65
Trd, 8639716.246, 64
Trd, 8639716.512, 64
Trd, 8639716.779, 61
Trd, 8639717.779, 60
Trd, 8639718.012, 62
Trd, 8639718.079, 63
Trd, 8639719.279, 60
Trd, 8639721.279, 60
Trd, 8639721.579, 60
Trd, 8639721.679, 60
Trd, 8639722.012, 61
Trd, 8639722.746, 60
Trd, 8639722.879, 62
Trd, 8639722.912, 65
Trd, 8639723.312, 76
Trd, 8639723.512, 101
Trd, 8639724.179, 105
Trd, 8639724.279, 101
Trd, 8639724.379, 100
Trd, 8639725.179, 106
Trd, 8639725.946, 113
Trd, 8639726.212, 117
Trd, 8639727.712, 119
Trd, 8639727.946, 119
Trd, 8639728.546, 116
Trd, 8639728.879, 115
Trd, 8639730.046, 106
Trd, 8639730.279, 107
Trd, 8639730.346, 107
Trd, 8639730.679, 106
Trd, 8639730.879, 104
Trd, 8639730.979, 88
Trd, 8639731.679, 71
Trd, 8639731.746, 105
Trd, 8639731.979, 73
Trd, 8639732.212, 106
Trd, 8639732.246, 72
Trd, 8639732.879, 72
Trd, 8639733.412, 80
Trd, 8639733.612, 107
Trd, 8639734.579, 140
Trd, 8639734.646, 140
Trd, 8639734.946, 140
Trd, 8639735.479, 140
Trd, 8639736.279, 140
Trd, 8639737.246, 140
Trd, 8639737.579, 140
Trd, 8639738.512, 140
Trd, 8639739.646, 140
Trd, 8639739.779, 140
Trd, 8639740.446, 140
Trd, 8639740.512, 140
Trd, 8639740.979, 140
Trd, 8639741.346, 140
Trd, 8639742.312, 140
Trd, 8639742.479, 140
Trd, 8639742.712, 140
Trd, 8639742.746, 140
Trd, 8639743.846, 140
Trd, 8639744.212, 140
Trd, 8639744.379, 140
Trd, 8639744.446, 135
Trd, 8639744.646, 135
Trd, 8639744.679, 116
Trd, 8639745.412, 137
Trd, 8639745.846, 140
Trd, 8639747.446, 140
Trd, 8639748.112, 140
Trd, 8639748.612, 140
Trd, 8639748.646, 140
Trd, 8639748.846, 140
Trd, 8639749.579, 140
Trd, 8639750.046, 140
Trd, 8639750.246, 140
Trd, 8639750.879, 140
Trd, 8639751.346, 140
Trd, 8639751.779, 140
Trd, 8639752.346, 140
Trd, 8639752.379, 140
Trd, 8639753.246, 139
Trd, 8639753.846, 140
Trd, 8639754.012, 140
Trd, 8639755.346, 140
Trd, 8639756.546, 140
Trd, 8639756.712, 140
Trd, 8639757.179, 140
Trd, 8639758.212, 140
Trd, 8639759.046, 140
Trd, 8639759.212, 140
Trd, 8639759.479, 140
Trd, 8639759.679, 140
Trd, 8639759.712, 138
Trd, 8639759.779, 138
Trd, 8639760.012, 136
Trd, 8639761.012, 99
Trd, 8639762.079, 101
Trd, 8639763.712, 140
Trd, 8639763.946, 140
Trd, 8639764.146, 140
Trd, 8639764.346, 140
Trd, 8639764.546, 140
Trd, 8639765.312, 140
Trd, 8639765.612, 140
Trd, 8639765.879, 140
Trd, 8639766.346, 140
Trd, 8639766.379, 140
Trd, 8639766.512, 140
Trd, 8639766.546, 137
Trd, 8639767.912, 115
Trd, 8639768.012, 96
Trd, 8639768.479, 126
Trd, 8639769.046, 140
Trd, 8639769.379, 140
Trd, 8639769.712, 140
Trd, 8639769.979, 140
Trd, 8639770.446, 139
Trd, 8639770.612, 139
Trd, 8639770.912, 138
Trd, 8639771.046, 137
Trd, 8639771.079, 136
Trd, 8639771.912, 114
Trd, 8639773.046, 131
Trd, 8639773.079, 130
Trd, 8639773.346, 129
Trd, 8639773.979, 104
Trd, 8639774.879, 128
Trd, 8639775.379, 84
Trd, 8639775.812, 126
Trd, 8639775.879, 126
Trd, 8639775.912, 125
Trd, 8639776.112, 81
Trd, 8639776.379, 139
Trd, 8639776.546, 61
Trd, 8639777.779, 62
Trd, 8639779.146, 60
Trd, 8639780.346, 60
Trd, 8639780.646, 61
Trd, 8639780.712, 62
Trd, 8639780.846, 62
Trd, 8639781.146, 62
Trd, 8639781.679, 64
Trd, 8639782.146, 68
Trd, 8639782.412, 64
Trd, 8639782.512, 63
Trd, 8639782.546, 62
Trd, 8639783.246, 73
Trd, 8639783.446, 74
Trd, 8639784.879, 67
Trd, 8639785.079, 69
Trd, 8639785.879, 89
Trd, 8639786.412, 74
Trd, 8639786.579, 73
Trd, 8639787.012, 73
Trd, 8639787.246, 72
Trd, 8639787.379, 71
Trd, 8639787.412, 78
Trd, 8639788.412, 125
Trd, 8639789.246, 125
Trd, 8639789.379, 124
Trd, 8639789.846, 69
Trd, 8639790.212, 82
Trd, 8639790.412, 81
Trd, 8639791.679, 60
Trd, 8639792.046, 60
Trd, 8639792.446, 62
Trd, 8639793.046, 63
Trd, 8639793.179, 62
Trd, 8639793.679, 65
Trd, 8639793.946, 66
Trd, 8639794.179, 67
Trd, 8639795.479, 72
Trd, 8639795.646, 113
Trd, 8639796.079, 74
Trd, 8639796.512, 73
Trd, 8639796.812, 73
Trd, 8639796.846, 97
Trd, 8639797.379, 76
Trd, 8639797.579, 106
Trd, 8639797.646, 105
Trd, 8639797.812, 76
Trd, 8639799.246, 84
Trd, 8639800.046, 83
Trd, 8639800.312, 85
Trd, 8639800.612, 85
Trd, 8639801.312, 126
Trd, 8639801.479, 133
Trd, 8639801.546, 132
Trd, 8639802.146, 134
Trd, 8639802.212, 133
Trd, 8639802.479, 131
Trd, 8639802.679, 134
Trd, 8639802.979, 124
Trd, 8639804.079, 114
Trd, 8639804.412, 116
Trd, 8639804.546, 113
Trd, 8639805.446, 136
Trd, 8639806.379, 134
Trd, 8639806.579, 135
Trd, 8639806.612, 134
Trd, 8639807.179, 132
Trd, 8639807.379, 138
Trd, 8639807.779, 133
Trd, 8639808.312, 140
Trd, 8639808.812, 140
Trd, 8639809.112, 140
Trd, 8639809.579, 140
Trd, 8639809.812, 137
Trd, 8639809.879, 136
Trd, 8639810.112, 124
Trd, 8639811.112, 120
Trd, 8639811.746, 122
Trd, 8639811.812, 122
Trd, 8639812.446, 121
Trd, 8639812.812, 120
Trd, 8639812.879, 118
Trd, 8639813.312, 116
Trd, 8639814.946, 140
Trd, 8639815.412, 140
Trd, 8639815.712, 140
Trd, 8639816.246, 132
Trd, 8639816.379, 130
Trd, 8639816.479, 131
Trd, 8639816.646, 131
Trd, 8639817.112, 132
Trd, 8639817.146, 138
Trd, 8639817.646, 139
Trd, 8639818.179, 140
Trd, 8639818.746, 140
Trd, 8639818.846, 140
Trd, 8639819.179, 140
Trd, 8639820.179, 140
Trd, 8639820.612, 140
Trd, 8639820.712, 140
Trd, 8639821.312, 140
Trd, 8639822.579, 140
Trd, 8639823.546, 140
Trd, 8639823.579, 140
Trd, 8639823.779, 140
Trd, 8639823.879, 140
Trd, 8639824.512, 140
Trd, 8639824.646, 140
Trd, 8639825.112, 140
Trd, 8639825.312, 137
Trd, 8639826.046, 134
Trd, 8639826.912, 133
Trd, 8639827.212, 126
Trd, 8639827.646, 140
Trd, 8639828.079, 131
Trd, 8639829.312, 135
Trd, 8639829.479, 134
Trd, 8639829.579, 133
Trd, 8639830.246, 133
Trd, 8639831.846, 133
Trd, 8639831.879, 132
Trd, 8639831.979, 130
Trd, 8639832.246, 123
Trd, 8639832.379, 89
Trd, 8639832.712, 78
Trd, 8639833.779, 117
Trd, 8639833.946, 116
Trd, 8639834.412, 124
Trd, 8639834.746, 117
Trd, 8639835.279, 127
Trd, 8639835.312, 126
Trd, 8639836.579, 60
Trd, 8639838.012, 60
Trd, 8639838.279, 60
Trd, 8639838.546, 60
Trd, 8639838.812, 61
Trd, 8639839.012, 61
Trd, 8639839.212, 62
Trd, 8639839.346, 63
Trd, 8639839.646, 73
Trd, 8639840.679, 105
Trd, 8639841.046, 133
Trd, 8639841.646, 140
Trd, 8639842.012, 140
Trd, 8639842.146, 138
Trd, 8639842.679, 117
Trd, 8639842.846, 107
Trd, 8639843.279, 106
Trd, 8639843.479, 105
Trd, 8639843.812, 104
Trd, 8639844.412, 117
Trd, 8639844.746, 114
Trd, 8639846.179, 61
Trd, 8639846.946, 64
Trd, 8639847.446, 63
Trd, 8639847.812, 65
Trd, 8639847.946, 64
Trd, 8639848.079, 67
Trd, 8639848.179, 65
Trd, 8639848.379, 67
Trd, 8639848.912, 70
Trd, 8639849.246, 139
Trd, 8639849.279, 138
Trd, 8639850.712, 78
Trd, 8639851.279, 79
Trd, 8639851.312, 78
Trd, 8639851.846, 107
Trd, 8639852.012, 111
Trd, 8639852.512, 140
Trd, 8639852.679, 138
Trd, 8639853.046, 111
Trd, 8639854.212, 140
Trd, 8639854.246, 140
Trd, 8639854.512, 140
Trd, 8639854.546, 137
Trd, 8639855.179, 120
Trd, 8639855.779, 120
Trd, 8639856.146, 134
Trd, 8639856.712, 134
Trd, 8639856.812, 133
Trd, 8639856.879, 94
Trd, 8639858.146, 131
Trd, 8639858.346, 119
Trd, 8639859.012, 62
Trd, 8639859.512, 62
Trd, 8639860.012, 61
Trd, 8639860.312, 62
Trd, 8639861.412, 67
Trd, 8639861.912, 71
Trd, 8639862.646, 89
Trd, 8639862.746, 88
Trd, 8639862.879, 101
Trd, 8639863.079, 101
Trd, 8639863.112, 72
Trd, 8639863.279, 71
Trd, 8639863.646, 70
Trd, 8639864.479, 75
Trd, 8639865.212, 108
Trd, 8639865.246, 114
Trd, 8639865.812, 82
Trd, 8639866.112, 81
Trd, 8639866.512, 81
Trd, 8639866.679, 80
Trd, 8639867.246, 81
Trd, 8639868.279, 140
Trd, 8639868.512, 140
Trd, 8639868.879, 140
Trd, 8639869.046, 140
Trd, 8639869.712, 138
Trd, 8639869.779, 136
Trd, 8639870.312, 103
Trd, 8639872.379, 140
Trd, 8639872.712, 140
Trd, 8639872.912, 140
Trd, 8639873.279, 140
Trd, 8639873.846, 140
Trd, 8639873.912, 140
Trd, 8639874.546, 140
Trd, 8639875.612, 140
Trd, 8639876.112, 140
Trd, 8639876.446, 140
Trd, 8639876.679, 140
Trd, 8639876.779, 140
Trd, 8639877.012, 137
Trd, 8639877.312, 61
Trd, 8639878.246, 64
Trd, 8639878.846, 139
Trd, 8639879.079, 66
Trd, 8639879.412, 66
Trd, 8639879.612, 119
Trd, 8639879.646, 65
Trd, 8639880.146, 68
Trd, 8639880.446, 89
Trd, 8639880.879, 125
Trd, 8639880.946, 86
Trd, 8639882.012, 103
Trd, 8639882.112, 97
Trd, 8639882.646, 95
Trd, 8639883.312, 96
Trd, 8639883.846, 131
Trd, 8639884.379, 98
Trd, 8639884.646, 98
Trd, 8639884.946, 132
Trd, 8639885.412, 102
Trd, 8639885.946, 99
Trd, 8639886.479, 100
Trd, 8639886.879, 99
Trd, 8639888.279, 140
Trd, 8639888.312, 140
Trd, 8639888.879, 140
Trd, 8639888.912, 140
Trd, 8639889.146, 140
Trd, 8639889.246, 137
Trd, 8639890.046, 113
Trd, 8639890.579, 114
Trd, 8639890.879, 115
Trd, 8639891.346, 115
Trd, 8639891.646, 114
Trd, 8639892.112, 139
Trd, 8639892.379, 115
Trd, 8639892.546, 113
Trd, 8639892.612, 110
Trd, 8639894.446, 140
Trd, 8639895.512, 140
Trd, 8639895.746, 140
Trd, 8639896.179, 140
Trd, 8639896.546, 140
Trd, 8639896.879, 140
Trd, 8639898.546, 140
Trd, 8639898.579, 140
Trd, 8639899.012, 140
Trd, 8639899.446, 140
Trd, 8639899.846, 140
Trd, 8639900.512, 138
Trd, 8639900.712, 137
Trd, 8639900.979, 134
Trd, 8639901.479, 120
Trd, 8639901.746, 129
Trd, 8639901.779, 61
Trd, 8639902.512, 69
Trd, 8639902.612, 70
Trd, 8639903.312, 82
Trd, 8639903.446, 83
Trd, 8639904.079, 79
Trd, 8639904.746, 103
Trd, 8639905.879, 140
Trd, 8639906.079, 140
Trd, 8639906.812, 140
Trd, 8639907.979, 140
Trd, 8639908.079, 140
Trd, 8639908.112, 140
Trd, 8639908.279, 140
Trd, 8639909.246, 140
Trd, 8639909.546, 140
Trd, 8639909.646, 140
Trd, 8639910.346, 140
Trd, 8639911.246, 140
Trd, 8639911.379, 140
Trd, 8639911.646, 140
Trd, 8639911.846, 140
Trd, 8639912.046, 137
Trd, 8639912.179, 122
Trd, 8639913.912, 140
Trd, 8639914.379, 140
Trd, 8639914.446, 140
Trd, 8639915.979, 140
Trd, 8639916.246, 140
Trd, 8639917.512, 140
Trd, 8639917.612, 140
Trd, 8639917.812, 138
Trd, 8639918.012, 138
Trd, 8639918.179, 138
Trd, 8639918.246, 137
Trd, 8639918.879, 137
Trd, 8639919.279, 135
Trd, 8639919.846, 136
Trd, 8639921.446, 140
Trd, 8639921.512, 140
Trd, 8639921.746, 137
Trd, 8639922.146, 135
Trd, 8639922.446, 135
Trd, 8639922.646, 136
Trd, 8639923.712, 139
Trd, 8639923.746, 138
Trd, 8639924.112, 138
Trd, 8639924.612, 139
Trd, 8639924.746, 137
Trd, 8639924.946, 136
Trd, 8639925.812, 111
Trd, 8639926.479, 113
Trd, 8639926.679, 112
Trd, 8639927.512, 140
Trd, 8639927.746, 140
Trd, 8639928.246, 140
Trd, 8639928.646, 137
Trd, 8639928.746, 140
Trd, 8639929.012, 140
Trd, 8639929.312, 87
Trd, 8639931.146, 60
Trd, 8639931.279, 61
Trd, 8639931.646, 61
Trd, 8639931.746, 61
Trd, 8639932.046, 64
Trd, 8639932.779, 68
Trd, 8639933.512, 133
Trd, 8639934.012, 140
Trd, 8639934.246, 140
Trd, 8639934.512, 140
Trd, 8639935.712, 140
Trd, 8639936.012, 140
Trd, 8639936.046, 140
Trd, 8639936.512, 140
Trd, 8639936.612, 137
Trd, 8639937.379, 140
Trd, 8639937.546, 140
Trd, 8639937.812, 140
Trd, 8639938.146, 132
Trd, 8639938.546, 130
Trd, 8639939.479, 130
Trd, 8639939.512, 129
Trd, 8639940.346, 131
Trd, 8639941.246, 131
Trd, 8639941.412, 130
Trd, 8639942.746, 140
Trd, 8639942.879, 140
Trd, 8639943.212, 140
Trd, 8639943.412, 137
Trd, 8639943.712, 135
Trd, 8639944.112, 140
Trd, 8639944.646, 140
Trd, 8639945.712, 140
Trd, 8639945.746, 137
Trd, 8639945.879, 133
Trd, 8639946.112, 101
Trd, 8639946.546, 137
Trd, 8639946.879, 136
Trd, 8639947.146, 135
Trd, 8639947.979, 137
Trd, 8639949.012, 60
Trd, 8639950.879, 60
Trd, 8639950.912, 60
Trd, 8639951.312, 60
Trd, 8639951.612, 60
Trd, 8639952.846, 60
Trd, 8639953.012, 61
Trd, 8639953.146, 60
Trd, 8639953.379, 60
Trd, 8639953.412, 61
Trd, 8639953.546, 61
Trd, 8639953.579, 61
Trd, 8639954.312, 62
Trd, 8639954.612, 63
Trd, 8639955.479, 64
Trd, 8639956.312, 64
Trd, 8639956.779, 66
Trd, 8639956.912, 66
Trd, 8639957.146, 65
Trd, 8639957.279, 90
Trd, 8639957.412, 68
Trd, 8639958.479, 89
Trd, 8639959.112, 89
Trd, 8639959.546, 79
Trd, 8639959.679, 120
Trd, 8639960.312, 75
Trd, 8639960.612, 75
Trd, 8639960.679, 77
Trd, 8639961.179, 80
Trd, 8639961.512, 129
Trd, 8639962.579, 60
Trd, 8639962.912, 60
Trd, 8639966.079, 60
Trd, 8639966.179, 60
Trd, 8639966.312, 60
Trd, 8639966.412, 61
Trd, 8639966.479, 61
Trd, 8639966.846, 62
Trd, 8639966.979, 63
Trd, 8639968.679, 110
Trd, 8639968.846, 72
Trd, 8639968.979, 71
Trd, 8639969.746, 94
Trd, 8639970.312, 139
Trd, 8639970.379, 138
Trd, 8639970.579, 139
Trd, 8639970.646, 137
Trd, 8639971.512, 132
Trd, 8639971.679, 140
Trd, 8639971.879, 131
Trd, 8639972.279, 127
Trd, 8639972.412, 126
Trd, 8639972.879, 125
Trd, 8639973.212, 119
Trd, 8639973.446, 115
Trd, 8639973.812, 104
Trd, 8639974.112, 122
Trd, 8639974.446, 81
Trd, 8639975.946, 66
Trd, 8639976.879, 125
Trd, 8639977.079, 117
Trd, 8639977.412, 126
Trd, 8639977.812, 126
Trd, 8639977.912, 122
Trd, 8639978.612, 124
Trd, 8639978.779, 121
Trd, 8639979.479, 125
Trd, 8639979.546, 124
Trd, 8639979.979, 120
Trd, 8639980.612, 119
Trd, 8639981.012, 138
Trd, 8639981.146, 121
Trd, 8639983.612, 140
Trd, 8639983.712, 140
Trd, 8639983.812, 140
Trd, 8639984.112, 139
Trd, 8639984.179, 138
Trd, 8639984.446, 137
Trd, 8639984.646, 137
Trd, 8639985.746, 139
Trd, 8639985.979, 136
Trd, 8639986.346, 140
Trd, 8639986.379, 140
Trd, 8639987.512, 139
Trd, 8639987.746, 138
Trd, 8639988.079, 138
Trd, 8639989.179, 140
Trd, 8639989.412, 140
Trd, 8639989.446, 140
Trd, 8639990.112, 139
Trd, 8639990.212, 138
Trd, 8639990.346, 136
Trd, 8639990.979, 124
Trd, 8639991.046, 118
Trd, 8639991.946, 136
Trd, 8639992.346, 136
Trd, 8639993.246, 136
Trd, 8639993.512, 140
Trd, 8639993.679, 140
Trd, 8639993.746, 139
Trd, 8639994.846, 129
Trd, 8639994.879, 127
Trd, 8639995.079, 103
Trd, 8639996.812, 60
Trd, 8639997.346, 61
Trd, 8639997.479, 60
Trd, 8639999.412, 60
