Trd, 8638795.646, 92
Trd, 8638795.846, 133
Trd, 8638796.012, 85
Trd, 8638796.246, 90
Trd, 8638798.012, 140
Trd, 8638798.612, 139
Trd, 8638798.846, 140
Trd, 8638798.946, 123
Trd, 8638799.212, 117
Trd, 8638799.346, 98
Trd, 8638799.446, 134
Trd, 8638799.612, 88
Trd, 8638800.412, 138
Trd, 8638800.912, 135
Trd, 8638802.079, 94
Trd, 8638802.179, 99
Trd, 8638802.279, 94
Trd, 8638802.446, 104
Trd, 8638802.812, 92
Trd, 8638803.046, 140
Trd, 8638803.146, 66
Trd, 8638803.312, 93
Trd, 8638803.546, 139
Trd, 8638804.079, 76
Trd, 8638804.546, 128
Trd, 8638804.812, 101
Trd, 8638805.412, 86
Trd, 8638805.979, 64
Trd, 8638807.212, 119
Trd, 8638807.779, 61
Trd, 8638808.212, 63
Trd, 8638808.479, 63
Trd, 8638808.546, 92
Trd, 8638809.012, 140
Trd, 8638809.046, 140
Trd, 8638809.412, 136
Trd, 8638810.279, 140
Trd, 8638810.879, 140
Trd, 8638811.612, 125
Trd, 8638811.646, 122
Trd, 8638811.979, 110
Trd, 8638812.379, 107
Trd, 8638812.446, 99
Trd, 8638812.479, 67
Trd, 8638812.779, 66
Trd, 8638814.679, 138
Trd, 8638814.712, 137
Trd, 8638814.912, 139
Trd, 8638814.946, 136
Trd, 8638815.079, 130
Trd, 8638815.512, 138
Trd, 8638816.212, 140
Trd, 8638816.246, 139
Trd, 8638816.846, 108
Trd, 8638816.946, 107
Trd, 8638816.979, 119
Trd, 8638817.346, 121
Trd, 8638817.546, 76
Trd, 8638818.412, 83
Trd, 8638818.479, 83
Trd, 8638818.812, 106
Trd, 8638819.046, 98
Trd, 8638820.179, 130
Trd, 8638820.312, 94
Trd, 8638820.412, 128
Trd, 8638821.346, 139
Trd, 8638821.679, 109
Trd, 8638821.812, 118
Trd, 8638822.746, 94
Trd, 8638822.779, 93
Trd, 8638823.212, 93
Trd, 8638823.446, 70
Trd, 8638824.146, 106
Trd, 8638824.812, 75
Trd, 8638825.312, 140
Trd, 8638825.946, 140
Trd, 8638825.979, 138
Trd, 8638826.179, 104
Trd, 8638826.512, 95
Trd, 8638827.079, 96
Trd, 8638827.246, 120
Trd, 8638827.512, 115
Trd, 8638828.346, 107
Trd, 8638828.979, 138
Trd, 8638829.112, 136
Trd, 8638829.512, 132
Trd, 8638829.679, 131
Trd, 8638829.846, 137
Trd, 8638830.479, 140
Trd, 8638830.979, 126
Trd, 8638831.079, 126
Trd, 8638832.112, 101
Trd, 8638832.379, 113
Trd, 8638832.679, 108
Trd, 8638833.346, 109
Trd, 8638833.812, 108
Trd, 8638834.246, 119
Trd, 8638835.146, 114
Trd, 8638835.346, 113
Trd, 8638835.412, 107
Trd, 8638835.879, 115
Trd, 8638836.446, 134
Trd, 8638836.646, 132
Trd, 8638836.746, 106
Trd, 8638837.312, 121
Trd, 8638837.446, 136
Trd, 8638838.579, 140
Trd, 8638838.646, 136
Trd, 8638838.979, 123
Trd, 8638839.012, 108
Trd, 8638839.679, 106
Trd, 8638839.746, 138
Trd, 8638840.679, 124
Trd, 8638840.846, 82
Trd, 8638841.079, 81
Trd, 8638841.212, 74
Trd, 8638841.846, 63
Trd, 8638842.312, 93
Trd, 8638842.879, 77
Trd, 8638843.079, 76
Trd, 8638843.179, 77
Trd, 8638843.312, 77
Trd, 8638845.079, 113
Trd, 8638845.646, 107
Trd, 8638846.146, 101
Trd, 8638846.346, 89
Trd, 8638846.479, 86
Trd, 8638846.879, 87
Trd, 8638848.179, 138
Trd, 8638848.246, 136
Trd, 8638848.312, 94
Trd, 8638848.446, 75
Trd, 8638849.046, 97
Trd, 8638849.212, 82
Trd, 8638849.346, 81
Trd, 8638849.379, 80
Trd, 8638850.446, 67
Trd, 8638850.879, 87
Trd, 8638851.146, 112
Trd, 8638853.146, 74
Trd, 8638853.246, 96
Trd, 8638853.846, 66
Trd, 8638854.112, 73
Trd, 8638854.346, 111
Trd, 8638854.946, 140
Trd, 8638855.046, 140
Trd, 8638855.079, 110
Trd, 8638855.679, 101
Trd, 8638855.979, 118
Trd, 8638856.312, 77
Trd, 8638856.879, 97
Trd, 8638856.979, 78
Trd, 8638857.446, 94
Trd, 8638857.612, 84
Trd, 8638857.812, 89
Trd, 8638858.546, 121
Trd, 8638858.846, 113
Trd, 8638859.112, 95
Trd, 8638859.546, 76
Trd, 8638860.312, 120
Trd, 8638860.546, 132
Trd, 8638860.846, 140
Trd, 8638861.012, 140
Trd, 8638862.512, 140
Trd, 8638862.812, 137
Trd, 8638863.246, 133
Trd, 8638863.312, 138
Trd, 8638864.246, 101
Trd, 8638864.279, 131
Trd, 8638864.846, 124
Trd, 8638865.046, 102
Trd, 8638865.346, 87
Trd, 8638865.612, 90
Trd, 8638865.979, 91
Trd, 8638866.112, 138
Trd, 8638867.212, 116
Trd, 8638867.246, 115
Trd, 8638868.379, 140
Trd, 8638868.512, 140
Trd, 8638868.646, 137
Trd, 8638868.712, 116
Trd, 8638868.812, 107
Trd, 8638869.312, 139
Trd, 8638869.479, 137
Trd, 8638870.112, 109
Trd, 8638871.046, 94
Trd, 8638872.246, 136
Trd, 8638872.779, 123
Trd, 8638872.979, 121
Trd, 8638873.146, 120
Trd, 8638873.246, 105
Trd, 8638874.046, 109
Trd, 8638874.746, 105
Trd, 8638874.779, 104
Trd, 8638875.646, 140
Trd, 8638875.712, 138
Trd, 8638876.512, 140
Trd, 8638876.746, 137
Trd, 8638876.779, 135
Trd, 8638877.812, 115
Trd, 8638878.012, 112
Trd, 8638878.579, 90
Trd, 8638878.912, 75
Trd, 8638879.412, 81
Trd, 8638879.612, 82
Trd, 8638879.679, 95
Trd, 8638879.779, 128
Trd, 8638881.012, 131
Trd, 8638881.212, 101
Trd, 8638881.246, 80
Trd, 8638881.912, 74
Trd, 8638881.946, 84
Trd, 8638882.046, 63
Trd, 8638882.579, 69
Trd, 8638883.312, 73
Trd, 8638883.979, 109
Trd, 8638884.646, 72
Trd, 8638884.846, 97
Trd, 8638884.979, 127
Trd, 8638885.646, 76
Trd, 8638885.846, 88
Trd, 8638886.346, 97
Trd, 8638886.812, 83
Trd, 8638887.246, 86
Trd, 8638887.579, 82
Trd, 8638887.712, 81
Trd, 8638888.079, 85
Trd, 8638888.679, 93
Trd, 8638889.279, 64
Trd, 8638889.512, 63
Trd, 8638889.679, 86
Trd, 8638890.346, 128
Trd, 8638891.312, 101
Trd, 8638891.479, 74
Trd, 8638891.612, 118
Trd, 8638892.479, 139
Trd, 8638893.146, 137
Trd, 8638894.046, 140
Trd, 8638894.846, 140
Trd, 8638895.012, 139
Trd, 8638895.179, 139
Trd, 8638895.679, 137
Trd, 8638895.846, 132
Trd, 8638895.879, 119
Trd, 8638896.079, 140
Trd, 8638896.246, 101
Trd, 8638896.746, 112
Trd, 8638897.646, 137
Trd, 8638898.179, 98
Trd, 8638898.646, 97
Trd, 8638898.912, 135
Trd, 8638899.146, 115
Trd, 8638899.179, 96
Trd, 8638899.279, 95
Trd, 8638900.012, 130
Trd, 8638900.112, 128
Trd, 8638900.646, 140
Trd, 8638900.746, 140
Trd, 8638900.779, 117
Trd, 8638901.312, 123
Trd, 8638901.412, 114
Trd, 8638902.146, 140
Trd, 8638903.146, 139
Trd, 8638903.212, 139
Trd, 8638903.346, 137
Trd, 8638903.679, 137
Trd, 8638904.046, 118
Trd, 8638904.179, 120
Trd, 8638904.312, 104
Trd, 8638904.512, 78
Trd, 8638905.012, 132
Trd, 8638906.079, 88
Trd, 8638906.512, 101
Trd, 8638906.946, 84
Trd, 8638907.679, 83
Trd, 8638907.912, 102
Trd, 8638908.212, 84
Trd, 8638908.512, 97
Trd, 8638908.812, 83
Trd, 8638909.312, 81
Trd, 8638909.512, 84
Trd, 8638909.979, 140
Trd, 8638910.046, 90
Trd, 8638910.412, 76
Trd, 8638911.112, 123
Trd, 8638911.312, 123
Trd, 8638912.146, 119
Trd, 8638912.579, 109
Trd, 8638912.779, 70
Trd, 8638913.012, 107
Trd, 8638914.312, 117
Trd, 8638915.212, 113
Trd, 8638915.646, 140
Trd, 8638915.846, 140
Trd, 8638915.879, 127
Trd, 8638916.112, 107
Trd, 8638916.779, 95
Trd, 8638917.012, 140
Trd, 8638917.346, 124
Trd, 8638917.379, 82
Trd, 8638918.712, 139
Trd, 8638918.746, 138
Trd, 8638919.279, 78
Trd, 8638919.346, 77
Trd, 8638919.479, 124
Trd, 8638920.312, 123
Trd, 8638920.779, 140
Trd, 8638920.812, 137
Trd, 8638921.412, 120
Trd, 8638921.479, 114
Trd, 8638921.679, 134
Trd, 8638921.779, 104
Trd, 8638922.446, 74
Trd, 8638923.612, 73
Trd, 8638924.046, 72
Trd, 8638924.146, 114
Trd, 8638925.112, 62
Trd, 8638925.146, 94
Trd, 8638925.179, 121
Trd, 8638925.712, 64
Trd, 8638925.912, 86
Trd, 8638927.212, 132
Trd, 8638928.146, 62
Trd, 8638928.512, 79
Trd, 8638928.779, 68
Trd, 8638929.479, 72
Trd, 8638929.579, 69
Trd, 8638930.112, 121
Trd, 8638930.279, 110
Trd, 8638930.612, 67
Trd, 8638930.746, 66
Trd, 8638931.179, 107
Trd, 8638931.646, 79
Trd, 8638932.346, 75
Trd, 8638933.046, 94
Trd, 8638933.179, 131
Trd, 8638933.712, 122
Trd, 8638934.146, 102
Trd, 8638934.346, 110
Trd, 8638934.579, 106
Trd, 8638934.712, 106
Trd, 8638934.746, 101
Trd, 8638934.912, 100
Trd, 8638935.046, 139
Trd, 8638935.479, 140
Trd, 8638935.879, 137
Trd, 8638936.246, 135
Trd, 8638936.412, 112
Trd, 8638936.612, 106
Trd, 8638936.946, 105
Trd, 8638937.546, 139
Trd, 8638938.346, 113
Trd, 8638938.812, 131
Trd, 8638938.979, 113
Trd, 8638939.246, 93
Trd, 8638939.479, 83
Trd, 8638939.612, 97
Trd, 8638940.412, 135
Trd, 8638940.446, 110
Trd, 8638942.279, 140
Trd, 8638942.579, 140
Trd, 8638942.679, 117
Trd, 8638942.946, 133
Trd, 8638943.179, 129
Trd, 8638943.946, 140
Trd, 8638944.046, 70
Trd, 8638944.546, 127
Trd, 8638945.046, 70
Trd, 8638945.779, 62
Trd, 8638945.812, 90
Trd, 8638945.979, 115
Trd, 8638946.279, 100
Trd, 8638946.412, 113
Trd, 8638946.812, 112
Trd, 8638948.212, 140
Trd, 8638948.279, 140
Trd, 8638948.612, 109
Trd, 8638949.412, 108
Trd, 8638949.579, 118
Trd, 8638949.846, 108
Trd, 8638949.979, 106
Trd, 8638950.512, 108
Trd, 8638951.412, 138
Trd, 8638951.546, 131
Trd, 8638951.712, 105
Trd, 8638952.146, 93
Trd, 8638952.412, 71
Trd, 8638952.746, 107
Trd, 8638953.546, 62
Trd, 8638953.979, 121
Trd, 8638954.646, 115
Trd, 8638954.746, 121
Trd, 8638955.379, 135
Trd, 8638955.479, 134
Trd, 8638956.146, 133
Trd, 8638956.179, 131
Trd, 8638956.246, 121
Trd, 8638956.379, 140
Trd, 8638956.979, 101
Trd, 8638957.346, 91
Trd, 8638957.779, 103
Trd, 8638957.979, 109
Trd, 8638958.579, 64
Trd, 8638959.746, 74
Trd, 8638960.212, 140
Trd, 8638960.979, 81
Trd, 8638961.079, 78
Trd, 8638961.546, 79
Trd, 8638962.146, 79
Trd, 8638962.379, 80
Trd, 8638962.846, 79
Trd, 8638962.879, 120
Trd, 8638962.979, 78
Trd, 8638963.012, 74
Trd, 8638963.379, 82
Trd, 8638963.879, 69
Trd, 8638964.112, 83
Trd, 8638964.546, 87
Trd, 8638964.879, 106
Trd, 8638964.979, 80
Trd, 8638966.346, 95
Trd, 8638966.546, 140
Trd, 8638967.579, 88
Trd, 8638968.579, 89
Trd, 8638968.612, 91
Trd, 8638968.646, 89
Trd, 8638969.246, 94
Trd, 8638969.879, 98
Trd, 8638969.979, 100
Trd, 8638970.112, 88
Trd, 8638970.212, 86
Trd, 8638970.279, 80
Trd, 8638970.579, 139
Trd, 8638971.012, 92
Trd, 8638971.279, 115
Trd, 8638972.312, 122
Trd, 8638972.579, 107
Trd, 8638973.079, 107
Trd, 8638973.312, 130
Trd, 8638973.546, 106
Trd, 8638974.212, 139
Trd, 8638974.512, 139
Trd, 8638974.546, 138
Trd, 8638974.746, 94
Trd, 8638976.012, 140
Trd, 8638976.612, 104
Trd, 8638976.979, 133
Trd, 8638977.346, 105
Trd, 8638977.579, 103
Trd, 8638977.746, 140
Trd, 8638979.146, 139
Trd, 8638979.712, 125
Trd, 8638979.812, 118
Trd, 8638980.612, 128
Trd, 8638980.679, 118
Trd, 8638980.912, 118
Trd, 8638981.046, 117
Trd, 8638981.246, 140
Trd, 8638981.712, 120
Trd, 8638982.846, 125
Trd, 8638983.279, 139
Trd, 8638983.546, 119
Trd, 8638983.646, 110
Trd, 8638983.746, 75
Trd, 8638983.979, 132
Trd, 8638984.912, 70
Trd, 8638985.079, 60
Trd, 8638985.679, 138
Trd, 8638985.746, 93
Trd, 8638985.979, 138
Trd, 8638986.312, 109
Trd, 8638986.979, 99
Trd, 8638988.012, 112
Trd, 8638988.112, 105
Trd, 8638988.546, 105
Trd, 8638988.779, 105
Trd, 8638989.212, 140
Trd, 8638989.912, 140
Trd, 8638990.046, 140
Trd, 8638990.812, 114
Trd, 8638991.212, 140
Trd, 8638991.546, 133
Trd, 8638992.046, 129
Trd, 8638992.879, 92
Trd, 8638993.079, 76
Trd, 8638993.146, 64
Trd, 8638993.312, 89
Trd, 8638993.612, 130
Trd, 8638994.012, 64
Trd, 8638994.179, 139
Trd, 8638996.046, 140
Trd, 8638996.112, 140
Trd, 8638996.346, 140
Trd, 8638996.379, 139
Trd, 8638996.446, 137
Trd, 8638997.946, 140
Trd, 8638998.412, 140
Trd, 8638998.679, 138
Trd, 8638999.812, 140
Trd, 8639000.346, 128
Trd, 8639000.379, 128
Trd, 8639000.646, 128
Trd, 8639000.746, 127
Trd, 8639001.046, 104
Trd, 8639001.612, 94
Trd, 8639001.779, 105
Trd, 8639002.112, 77
Trd, 8639002.479, 76
Trd, 8639003.346, 140
Trd, 8639003.612, 120
Trd, 8639004.746, 140
Trd, 8639004.779, 140
Trd, 8639004.946, 138
Trd, 8639005.312, 137
Trd, 8639006.146, 126
Trd, 8639006.246, 117
Trd, 8639006.579, 91
Trd, 8639006.846, 90
Trd, 8639007.112, 140
Trd, 8639007.279, 99
Trd, 8639007.712, 131
Trd, 8639008.346, 88
Trd, 8639008.612, 71
Trd, 8639008.646, 95
Trd, 8639010.046, 140
Trd, 8639010.112, 140
Trd, 8639010.379, 79
Trd, 8639010.912, 78
Trd, 8639010.946, 68
Trd, 8639011.446, 75
Trd, 8639012.179, 95
Trd, 8639012.446, 93
Trd, 8639013.046, 70
Trd, 8639013.546, 60
Trd, 8639014.179, 102
Trd, 8639014.346, 88
Trd, 8639015.312, 105
Trd, 8639015.479, 123
Trd, 8639015.512, 118
Trd, 8639016.112, 139
Trd, 8639016.646, 78
Trd, 8639016.712, 76
Trd, 8639017.312, 138
Trd, 8639018.346, 140
Trd, 8639019.012, 102
Trd, 8639019.246, 138
Trd, 8639019.446, 130
Trd, 8639019.646, 117
Trd, 8639019.846, 116
Trd, 8639020.446, 139
Trd, 8639020.979, 129
Trd, 8639021.246, 131
Trd, 8639022.346, 130
Trd, 8639022.912, 126
Trd, 8639023.146, 121
Trd, 8639023.646, 119
Trd, 8639023.712, 103
Trd, 8639024.079, 120
Trd, 8639025.046, 62
Trd, 8639025.079, 97
Trd, 8639026.046, 60
Trd, 8639026.279, 74
Trd, 8639026.579, 84
Trd, 8639026.879, 140
Trd, 8639026.946, 139
Trd, 8639027.179, 138
Trd, 8639027.412, 135
Trd, 8639029.379, 131
Trd, 8639029.412, 129
Trd, 8639029.546, 130
Trd, 8639029.646, 127
Trd, 8639029.912, 124
Trd, 8639030.646, 140
Trd, 8639030.846, 140
Trd, 8639030.946, 123
Trd, 8639032.112, 126
Trd, 8639032.479, 121
Trd, 8639032.612, 80
Trd, 8639033.312, 115
Trd, 8639033.646, 111
Trd, 8639033.679, 110
Trd, 8639034.112, 117
Trd, 8639034.146, 79
Trd, 8639034.446, 79
Trd, 8639035.346, 74
Trd, 8639036.046, 77
Trd, 8639036.646, 140
Trd, 8639037.079, 104
Trd, 8639037.279, 131
Trd, 8639037.546, 138
Trd, 8639038.079, 131
Trd, 8639039.379, 98
Trd, 8639039.879, 84
Trd, 8639040.212, 85
Trd, 8639040.646, 83
Trd, 8639040.879, 107
Trd, 8639041.312, 82
Trd, 8639041.779, 126
Trd, 8639041.846, 127
Trd, 8639042.012, 75
Trd, 8639042.612, 99
Trd, 8639043.346, 82
Trd, 8639043.379, 77
Trd, 8639044.179, 80
Trd, 8639044.279, 66
Trd, 8639044.446, 62
Trd, 8639045.012, 111
Trd, 8639045.579, 140
Trd, 8639045.946, 79
Trd, 8639046.179, 108
Trd, 8639046.579, 93
Trd, 8639047.679, 76
Trd, 8639047.979, 111
Trd, 8639048.346, 73
Trd, 8639048.912, 139
Trd, 8639050.046, 140
Trd, 8639050.346, 140
Trd, 8639050.746, 135
Trd, 8639050.879, 112
Trd, 8639051.146, 130
Trd, 8639051.412, 90
Trd, 8639051.779, 128
Trd, 8639052.546, 88
Trd, 8639052.712, 116
Trd, 8639053.512, 94
Trd, 8639053.646, 78
Trd, 8639053.812, 76
Trd, 8639054.179, 62
Trd, 8639055.512, 90
Trd, 8639056.046, 135
Trd, 8639056.246, 134
Trd, 8639056.479, 133
Trd, 8639056.546, 99
Trd, 8639057.212, 78
Trd, 8639057.546, 75
Trd, 8639057.812, 140
Trd, 8639057.846, 102
Trd, 8639058.346, 74
Trd, 8639058.379, 121
Trd, 8639059.079, 80
Trd, 8639059.646, 77
Trd, 8639060.879, 140
Trd, 8639061.046, 140
Trd, 8639061.079, 139
Trd, 8639061.112, 127
Trd, 8639061.779, 140
Trd, 8639062.946, 140
Trd, 8639063.012, 140
Trd, 8639063.146, 106
Trd, 8639063.312, 104
Trd, 8639063.412, 104
Trd, 8639064.079, 95
Trd, 8639064.479, 118
Trd, 8639064.646, 105
Trd, 8639064.912, 104
Trd, 8639064.979, 93
Trd, 8639066.712, 140
Trd, 8639066.846, 140
Trd, 8639067.046, 140
Trd, 8639068.146, 140
Trd, 8639068.512, 120
Trd, 8639068.612, 118
Trd, 8639069.179, 113
Trd, 8639069.779, 120
Trd, 8639069.979, 111
Trd, 8639070.479, 120
Trd, 8639071.312, 140
Trd, 8639072.212, 97
Trd, 8639072.346, 99
Trd, 8639072.546, 97
Trd, 8639072.646, 96
Trd, 8639073.346, 62
Trd, 8639073.412, 107
Trd, 8639074.012, 107
Trd, 8639074.446, 88
Trd, 8639075.479, 113
Trd, 8639075.546, 110
Trd, 8639075.579, 106
Trd, 8639075.679, 133
Trd, 8639076.546, 104
Trd, 8639077.846, 137
Trd, 8639078.046, 105
Trd, 8639078.612, 111
Trd, 8639078.746, 140
Trd, 8639079.046, 139
Trd, 8639079.079, 139
Trd, 8639079.346, 110
Trd, 8639079.479, 109
Trd, 8639079.512, 107
Trd, 8639080.179, 71
Trd, 8639081.612, 106
Trd, 8639082.812, 140
Trd, 8639082.846, 140
Trd, 8639082.912, 132
Trd, 8639083.279, 140
Trd, 8639083.312, 137
Trd, 8639083.612, 140
Trd, 8639083.746, 75
Trd, 8639084.312, 86
Trd, 8639084.412, 71
Trd, 8639085.912, 138
Trd, 8639085.979, 136
Trd, 8639086.979, 119
Trd, 8639087.212, 118
Trd, 8639087.812, 103
Trd, 8639088.046, 94
Trd, 8639088.146, 82
Trd, 8639088.512, 74
Trd, 8639089.246, 140
Trd, 8639089.279, 138
Trd, 8639089.612, 81
Trd, 8639089.912, 69
Trd, 8639090.079, 103
Trd, 8639091.046, 89
Trd, 8639091.246, 86
Trd, 8639091.412, 112
Trd, 8639091.779, 122
Trd, 8639091.912, 140
Trd, 8639092.979, 140
Trd, 8639094.146, 126
Trd, 8639094.279, 92
Trd, 8639095.446, 102
Trd, 8639096.046, 114
Trd, 8639096.512, 113
Trd, 8639096.546, 112
Trd, 8639096.612, 101
Trd, 8639096.679, 89
Trd, 8639096.879, 76
Trd, 8639097.246, 124
Trd, 8639097.846, 83
Trd, 8639097.912, 120
Trd, 8639098.979, 135
Trd, 8639099.346, 139
Trd, 8639099.579, 136
Trd, 8639099.746, 91
Trd, 8639100.846, 120
Trd, 8639100.979, 119
Trd, 8639101.012, 93
Trd, 8639102.046, 140
Trd, 8639102.446, 117
Trd, 8639102.612, 137
Trd, 8639103.312, 124
Trd, 8639104.212, 113
Trd, 8639104.379, 110
Trd, 8639104.479, 109
Trd, 8639104.779, 102
Trd, 8639105.179, 103
Trd, 8639105.712, 126
Trd, 8639105.979, 101
Trd, 8639106.246, 76
Trd, 8639106.712, 119
Trd, 8639107.246, 140
Trd, 8639107.779, 138
Trd, 8639107.946, 127
Trd, 8639107.979, 101
Trd, 8639108.346, 95
Trd, 8639108.446, 128
Trd, 8639109.112, 140
Trd, 8639110.046, 82
Trd, 8639110.412, 140
Trd, 8639111.079, 139
Trd, 8639111.712, 130
Trd, 8639112.046, 129
Trd, 8639112.079, 128
Trd, 8639112.446, 122
Trd, 8639112.479, 121
Trd, 8639112.679, 127
Trd, 8639113.779, 139
Trd, 8639113.846, 137
Trd, 8639114.046, 107
Trd, 8639114.112, 100
Trd, 8639115.746, 110
Trd, 8639116.012, 99
Trd, 8639116.279, 115
Trd, 8639116.479, 114
Trd, 8639116.746, 98
Trd, 8639116.812, 92
Trd, 8639116.912, 86
Trd, 8639117.679, 136
Trd, 8639117.946, 135
Trd, 8639118.946, 139
Trd, 8639119.279, 139
Trd, 8639119.646, 114
Trd, 8639120.146, 140
Trd, 8639120.212, 140
Trd, 8639120.812, 129
Trd, 8639121.279, 135
Trd, 8639121.579, 113
Trd, 8639121.679, 96
Trd, 8639122.779, 90
Trd, 8639122.846, 84
Trd, 8639123.046, 76
Trd, 8639123.546, 128
Trd, 8639124.846, 101
Trd, 8639124.946, 100
Trd, 8639125.212, 99
Trd, 8639125.579, 132
Trd, 8639126.746, 140
Trd, 8639126.879, 139
Trd, 8639127.012, 137
Trd, 8639127.079, 112
Trd, 8639127.612, 125
Trd, 8639127.646, 109
Trd, 8639128.446, 140
Trd, 8639128.779, 139
Trd, 8639128.912, 116
Trd, 8639129.046, 97
Trd, 8639129.679, 104
Trd, 8639130.779, 105
Trd, 8639131.946, 140
Trd, 8639131.979, 112
Trd, 8639132.112, 101
Trd, 8639132.146, 97
Trd, 8639132.479, 96
Trd, 8639132.579, 93
Trd, 8639132.646, 92
Trd, 8639134.112, 140
Trd, 8639134.512, 139
Trd, 8639134.846, 120
Trd, 8639135.546, 114
Trd, 8639135.812, 112
Trd, 8639136.312, 127
Trd, 8639136.346, 112
Trd, 8639136.446, 110
Trd, 8639136.712, 109
Trd, 8639137.279, 93
Trd, 8639138.679, 140
Trd, 8639139.579, 140
Trd, 8639139.679, 140
Trd, 8639139.746, 140
Trd, 8639140.179, 139
Trd, 8639140.246, 121
Trd, 8639140.846, 96
Trd, 8639141.279, 102
Trd, 8639142.846, 138
Trd, 8639143.812, 138
Trd, 8639144.046, 138
Trd, 8639144.079, 136
Trd, 8639144.946, 140
Trd, 8639145.612, 140
Trd, 8639145.946, 140
Trd, 8639146.246, 140
Trd, 8639147.179, 133
Trd, 8639147.246, 125
Trd, 8639147.712, 126
Trd, 8639147.979, 136
Trd, 8639148.212, 124
Trd, 8639148.279, 114
Trd, 8639148.746, 139
Trd, 8639149.046, 123
Trd, 8639150.379, 138
Trd, 8639150.746, 100
Trd, 8639151.479, 115
Trd, 8639151.612, 122
Trd, 8639152.112, 116
Trd, 8639152.812, 113
Trd, 8639152.946, 92
Trd, 8639153.279, 89
Trd, 8639153.712, 97
Trd, 8639153.779, 135
Trd, 8639154.479, 138
Trd, 8639155.246, 119
Trd, 8639155.312, 100
Trd, 8639156.446, 140
Trd, 8639156.979, 128
Trd, 8639157.012, 126
Trd, 8639157.179, 102
Trd, 8639157.212, 85
Trd, 8639157.379, 128
Trd, 8639157.812, 75
Trd, 8639158.379, 95
Trd, 8639158.679, 77
Trd, 8639158.979, 100
Trd, 8639159.112, 140
Trd, 8639159.279, 86
Trd, 8639159.346, 85
Trd, 8639160.146, 75
Trd, 8639161.079, 140
Trd, 8639161.312, 140
Trd, 8639161.379, 139
Trd, 8639162.012, 71
Trd, 8639162.246, 114
Trd, 8639162.479, 128
Trd, 8639163.379, 64
Trd, 8639164.446, 75
Trd, 8639164.646, 69
Trd, 8639164.679, 79
Trd, 8639164.912, 114
Trd, 8639165.046, 110
Trd, 8639165.779, 128
Trd, 8639166.379, 139
Trd, 8639166.546, 107
Trd, 8639167.179, 96
Trd, 8639167.212, 94
Trd, 8639167.312, 93
Trd, 8639167.812, 118
Trd, 8639168.912, 62
Trd, 8639169.279, 73
Trd, 8639170.279, 62
Trd, 8639170.312, 64
Trd, 8639170.846, 62
Trd, 8639171.379, 74
Trd, 8639171.812, 137
Trd, 8639172.879, 140
Trd, 8639173.579, 137
Trd, 8639173.646, 137
Trd, 8639174.079, 136
Trd, 8639174.146, 135
Trd, 8639174.479, 120
Trd, 8639174.946, 113
Trd, 8639175.012, 112
Trd, 8639175.112, 105
Trd, 8639175.646, 88
Trd, 8639175.812, 138
Trd, 8639175.979, 140
Trd, 8639177.179, 102
Trd, 8639177.312, 109
Trd, 8639178.246, 140
Trd, 8639178.279, 103
Trd, 8639179.079, 110
Trd, 8639179.612, 98
Trd, 8639179.979, 106
Trd, 8639180.546, 127
Trd, 8639180.779, 134
Trd, 8639181.612, 140
Trd, 8639181.646, 127
Trd, 8639182.712, 140
Trd, 8639182.946, 139
Trd, 8639183.246, 125
Trd, 8639183.779, 104
Trd, 8639184.346, 135
Trd, 8639184.679, 104
Trd, 8639185.179, 84
Trd, 8639185.746, 105
Trd, 8639185.946, 104
Trd, 8639186.746, 139
Trd, 8639187.379, 138
Trd, 8639188.579, 140
Trd, 8639189.012, 140
Trd, 8639189.246, 140
Trd, 8639189.512, 137
Trd, 8639189.746, 122
Trd, 8639189.946, 130
Trd, 8639190.112, 111
Trd, 8639190.212, 106
Trd, 8639190.846, 123
Trd, 8639191.146, 102
Trd, 8639191.579, 115
Trd, 8639192.512, 136
Trd, 8639192.946, 139
Trd, 8639193.712, 95
Trd, 8639194.046, 104
Trd, 8639194.812, 104
Trd, 8639195.346, 134
Trd, 8639195.479, 105
Trd, 8639195.512, 104
Trd, 8639195.879, 124
Trd, 8639196.346, 123
Trd, 8639196.379, 112
Trd, 8639196.412, 88
Trd, 8639197.646, 140
Trd, 8639198.646, 139
Trd, 8639199.012, 137
Trd, 8639199.179, 117
Trd, 8639199.212, 91
Trd, 8639199.412, 134
Trd, 8639200.179, 121
Trd, 8639200.212, 96
Trd, 8639200.279, 93
Trd, 8639201.112, 66
Trd, 8639201.412, 140
Trd, 8639201.612, 117
Trd, 8639201.979, 140
Trd, 8639202.512, 129
Trd, 8639202.746, 92
Trd, 8639202.779, 91
Trd, 8639203.779, 121
Trd, 8639204.479, 121
Trd, 8639204.646, 119
Trd, 8639204.912, 119
Trd, 8639205.212, 122
Trd, 8639205.379, 118
Trd, 8639206.212, 95
Trd, 8639206.279, 94
Trd, 8639206.979, 140
Trd, 8639207.979, 137
Trd, 8639208.012, 105
Trd, 8639208.479, 80
Trd, 8639209.046, 95
Trd, 8639209.646, 140
Trd, 8639209.912, 116
Trd, 8639210.046, 111
Trd, 8639210.879, 97
Trd, 8639210.912, 95
Trd, 8639211.479, 64
Trd, 8639211.612, 116
Trd, 8639211.712, 83
Trd, 8639212.379, 65
Trd, 8639213.212, 93
Trd, 8639213.712, 68
Trd, 8639213.746, 65
Trd, 8639214.012, 99
Trd, 8639214.612, 74
Trd, 8639215.679, 98
Trd, 8639216.046, 71
Trd, 8639216.412, 70
Trd, 8639216.546, 97
Trd, 8639216.712, 98
Trd, 8639216.912, 140
Trd, 8639217.112, 123
Trd, 8639217.779, 138
Trd, 8639218.046, 134
Trd, 8639219.012, 120
Trd, 8639219.479, 119
Trd, 8639219.546, 115
Trd, 8639219.979, 130
Trd, 8639221.012, 140
Trd, 8639221.479, 140
Trd, 8639221.646, 110
Trd, 8639222.146, 110
Trd, 8639222.279, 116
Trd, 8639222.712, 62
Trd, 8639223.012, 87
Trd, 8639224.279, 87
Trd, 8639224.579, 101
Trd, 8639224.679, 100
Trd, 8639225.046, 76
Trd, 8639226.546, 63
Trd, 8639227.112, 66
Trd, 8639227.179, 98
Trd, 8639227.379, 124
Trd, 8639227.946, 69
Trd, 8639228.479, 114
Trd, 8639228.779, 72
Trd, 8639228.879, 71
Trd, 8639229.112, 78
Trd, 8639229.446, 62
Trd, 8639230.746, 61
Trd, 8639230.812, 68
Trd, 8639231.379, 65
Trd, 8639231.846, 68
Trd, 8639231.912, 66
Trd, 8639232.079, 112
Trd, 8639232.479, 140
Trd, 8639232.579, 119
Trd, 8639233.646, 136
Trd, 8639234.346, 134
Trd, 8639234.579, 132
Trd, 8639234.712, 140
Trd, 8639235.879, 137
Trd, 8639235.979, 115
Trd, 8639236.146, 115
Trd, 8639236.712, 138
Trd, 8639237.379, 122
Trd, 8639237.512, 124
Trd, 8639237.746, 107
Trd, 8639238.046, 125
Trd, 8639238.679, 78
Trd, 8639238.779, 135
Trd, 8639238.879, 95
Trd, 8639239.646, 122
Trd, 8639239.979, 103
Trd, 8639240.779, 61
Trd, 8639241.579, 76
Trd, 8639241.912, 94
Trd, 8639243.979, 116
Trd, 8639244.112, 115
Trd, 8639244.146, 103
Trd, 8639244.179, 125
Trd, 8639244.312, 124
Trd, 8639244.579, 101
Trd, 8639244.712, 104
Trd, 8639245.079, 87
Trd, 8639245.346, 70
Trd, 8639245.846, 70
Trd, 8639245.946, 128
Trd, 8639246.212, 60
Trd, 8639246.712, 80
Trd, 8639247.179, 83
Trd, 8639247.412, 140
Trd, 8639248.346, 137
Trd, 8639249.079, 140
Trd, 8639249.646, 133
Trd, 8639249.946, 112
Trd, 8639250.379, 112
Trd, 8639251.179, 125
Trd, 8639251.312, 118
Trd, 8639251.479, 116
Trd, 8639251.646, 108
Trd, 8639252.146, 121
Trd, 8639252.179, 83
Trd, 8639252.579, 138
Trd, 8639253.046, 77
Trd, 8639253.346, 103
Trd, 8639253.846, 115
Trd, 8639253.912, 76
Trd, 8639255.179, 63
Trd, 8639255.212, 110
Trd, 8639255.946, 117
Trd, 8639256.179, 95
Trd, 8639256.946, 99
Trd, 8639257.146, 63
Trd, 8639257.579, 81
Trd, 8639257.712, 80
Trd, 8639257.912, 65
Trd, 8639258.946, 92
Trd, 8639260.379, 83
Trd, 8639260.412, 98
Trd, 8639260.546, 80
Trd, 8639261.212, 77
Trd, 8639261.346, 77
Trd, 8639261.479, 76
Trd, 8639261.946, 77
Trd, 8639262.212, 67
Trd, 8639262.246, 101
Trd, 8639263.146, 106
Trd, 8639263.179, 114
Trd, 8639263.712, 85
Trd, 8639264.446, 140
Trd, 8639265.179, 128
Trd, 8639265.212, 127
Trd, 8639266.346, 97
Trd, 8639266.446, 93
Trd, 8639266.746, 131
Trd, 8639267.612, 95
Trd, 8639267.946, 94
Trd, 8639268.512, 137
Trd, 8639268.546, 136
Trd, 8639268.646, 133
Trd, 8639268.846, 94
Trd, 8639269.679, 94
Trd, 8639269.712, 91
Trd, 8639271.346, 140
Trd, 8639271.546, 140
Trd, 8639271.679, 126
Trd, 8639271.912, 122
Trd, 8639272.312, 122
Trd, 8639272.346, 121
Trd, 8639273.912, 117
Trd, 8639274.179, 134
Trd, 8639274.546, 116
Trd, 8639274.612, 104
Trd, 8639274.746, 91
Trd, 8639275.679, 122
Trd, 8639276.046, 80
Trd, 8639276.446, 115
Trd, 8639277.946, 140
Trd, 8639278.212, 138
Trd, 8639278.479, 138
Trd, 8639278.579, 121
Trd, 8639279.412, 139
Trd, 8639279.612, 116
Trd, 8639279.679, 108
Trd, 8639280.412, 139
Trd, 8639280.679, 122
Trd, 8639280.812, 140
Trd, 8639282.112, 136
Trd, 8639282.379, 139
Trd, 8639282.412, 124
Trd, 8639283.046, 110
Trd, 8639283.246, 138
Trd, 8639283.512, 107
Trd, 8639284.312, 108
Trd, 8639284.379, 92
Trd, 8639284.779, 91
Trd, 8639285.379, 76
Trd, 8639285.446, 73
Trd, 8639286.179, 125
Trd, 8639287.179, 73
Trd, 8639287.779, 129
Trd, 8639288.646, 118
Trd, 8639289.012, 136
Trd, 8639289.212, 128
Trd, 8639289.446, 128
Trd, 8639289.546, 127
Trd, 8639289.679, 112
Trd, 8639289.946, 88
Trd, 8639290.212, 86
Trd, 8639291.012, 138
Trd, 8639291.246, 119
Trd, 8639291.879, 140
Trd, 8639291.979, 140
Trd, 8639292.379, 112
Trd, 8639292.912, 108
Trd, 8639293.012, 92
Trd, 8639293.179, 91
Trd, 8639294.212, 140
Trd, 8639294.279, 137
Trd, 8639294.412, 125
Trd, 8639294.679, 115
Trd, 8639294.779, 113
Trd, 8639295.879, 95
Trd, 8639295.912, 102
Trd, 8639296.712, 140
Trd, 8639297.846, 138
Trd, 8639298.112, 136
Trd, 8639298.312, 124
Trd, 8639298.712, 124
Trd, 8639298.912, 119
Trd, 8639299.279, 131
Trd, 8639299.546, 140
Trd, 8639299.912, 135
Trd, 8639300.112, 117
Trd, 8639300.279, 94
Trd, 8639300.812, 138
Trd, 8639301.046, 117
Trd, 8639301.646, 82
Trd, 8639302.479, 64
Trd, 8639302.579, 67
Trd, 8639303.246, 62
Trd, 8639303.946, 65
Trd, 8639304.512, 60
Trd, 8639304.712, 60
Trd, 8639305.446, 67
Trd, 8639305.746, 67
Trd, 8639307.046, 79
Trd, 8639307.579, 102
Trd, 8639307.912, 86
Trd, 8639308.112, 78
Trd, 8639308.312, 77
Trd, 8639308.646, 139
Trd, 8639309.212, 104
Trd, 8639309.512, 102
Trd, 8639309.546, 89
Trd, 8639309.812, 86
Trd, 8639310.346, 78
Trd, 8639311.046, 78
Trd, 8639311.512, 128
Trd, 8639311.579, 105
Trd, 8639312.079, 79
Trd, 8639312.246, 88
Trd, 8639312.346, 134
Trd, 8639312.679, 70
Trd, 8639313.079, 108
Trd, 8639314.012, 61
Trd, 8639314.379, 75
Trd, 8639314.479, 121
Trd, 8639316.112, 62
Trd, 8639316.912, 62
Trd, 8639317.512, 70
Trd, 8639317.612, 76
Trd, 8639317.746, 89
Trd, 8639319.112, 62
Trd, 8639319.479, 69
Trd, 8639319.746, 136
Trd, 8639320.212, 64
Trd, 8639320.279, 64
Trd, 8639320.512, 79
Trd, 8639320.846, 60
Trd, 8639321.546, 92
Trd, 8639321.912, 64
Trd, 8639321.979, 70
Trd, 8639322.646, 95
Trd, 8639322.712, 102
Trd, 8639323.446, 92
Trd, 8639324.112, 94
Trd, 8639324.379, 140
Trd, 8639324.712, 140
Trd, 8639325.112, 139
Trd, 8639325.212, 138
Trd, 8639325.546, 137
Trd, 8639325.746, 85
Trd, 8639326.312, 71
Trd, 8639326.879, 96
Trd, 8639327.012, 88
Trd, 8639327.246, 90
Trd, 8639327.612, 74
Trd, 8639327.679, 81
Trd, 8639328.579, 76
Trd, 8639330.146, 103
Trd, 8639330.346, 112
Trd, 8639330.746, 114
Trd, 8639330.812, 111
Trd, 8639331.312, 126
Trd, 8639331.746, 93
Trd, 8639332.179, 82
Trd, 8639332.279, 77
Trd, 8639332.379, 74
Trd, 8639332.846, 95
Trd, 8639333.679, 68
Trd, 8639333.779, 88
Trd, 8639333.846, 79
Trd, 8639334.646, 72
Trd, 8639335.046, 71
Trd, 8639335.879, 65
Trd, 8639336.212, 120
Trd, 8639336.679, 120
Trd, 8639337.012, 120
Trd, 8639337.346, 109
Trd, 8639337.412, 76
Trd, 8639337.579, 89
Trd, 8639337.779, 138
Trd, 8639338.379, 96
Trd, 8639338.946, 84
Trd, 8639339.312, 83
Trd, 8639339.712, 82
Trd, 8639340.946, 73
Trd, 8639341.112, 79
Trd, 8639341.346, 68
Trd, 8639341.712, 97
Trd, 8639342.812, 60
Trd, 8639342.912, 74
Trd, 8639344.012, 104
Trd, 8639344.846, 97
Trd, 8639344.879, 139
Trd, 8639345.046, 97
Trd, 8639345.279, 95
Trd, 8639345.546, 118
Trd, 8639346.246, 103
Trd, 8639346.279, 107
Trd, 8639346.846, 84
Trd, 8639346.912, 83
Trd, 8639347.679, 112
Trd, 8639347.712, 102
Trd, 8639347.746, 87
Trd, 8639348.046, 79
Trd, 8639348.846, 140
Trd, 8639349.046, 118
Trd, 8639349.446, 118
Trd, 8639349.812, 140
Trd, 8639350.446, 138
Trd, 8639350.546, 137
Trd, 8639350.646, 76
Trd, 8639351.179, 80
Trd, 8639351.579, 97
Trd, 8639352.446, 74
Trd, 8639353.346, 100
Trd, 8639353.379, 93
Trd, 8639353.512, 90
Trd, 8639353.579, 85
Trd, 8639353.779, 117
Trd, 8639354.079, 121
Trd, 8639354.412, 82
Trd, 8639354.746, 80
Trd, 8639355.079, 115
Trd, 8639355.779, 61
Trd, 8639356.112, 69
Trd, 8639357.112, 69
Trd, 8639357.179, 74
Trd, 8639357.479, 74
Trd, 8639357.912, 107
Trd, 8639358.446, 69
Trd, 8639359.246, 111
Trd, 8639359.379, 80
Trd, 8639359.846, 73
Trd, 8639360.646, 80
Trd, 8639360.712, 72
Trd, 8639361.212, 62
Trd, 8639361.579, 92
Trd, 8639361.779, 67
Trd, 8639362.512, 93
Trd, 8639362.846, 61
Trd, 8639363.012, 64
Trd, 8639364.079, 64
Trd, 8639364.212, 65
Trd, 8639364.779, 79
Trd, 8639365.046, 62
Trd, 8639365.212, 69
Trd, 8639365.646, 109
Trd, 8639366.179, 96
Trd, 8639366.579, 71
Trd, 8639366.679, 99
Trd, 8639367.779, 64
Trd, 8639367.846, 95
Trd, 8639367.979, 121
Trd, 8639368.746, 70
Trd, 8639369.379, 138
Trd, 8639369.479, 113
Trd, 8639369.979, 99
Trd, 8639371.112, 122
Trd, 8639371.146, 108
Trd, 8639371.179, 107
Trd, 8639371.246, 98
Trd, 8639371.579, 121
Trd, 8639371.946, 121
Trd, 8639372.479, 140
Trd, 8639372.612, 139
Trd, 8639373.212, 95
Trd, 8639373.246, 112
Trd, 8639373.512, 126
Trd, 8639373.646, 92
Trd, 8639374.179, 87
Trd, 8639374.679, 61
Trd, 8639375.112, 64
Trd, 8639375.379, 103
Trd, 8639376.612, 70
Trd, 8639376.746, 71
Trd, 8639377.212, 86
Trd, 8639377.812, 92
Trd, 8639378.312, 111
Trd, 8639378.446, 118
Trd, 8639378.479, 79
Trd, 8639379.079, 89
Trd, 8639379.679, 124
Trd, 8639380.346, 128
Trd, 8639380.379, 126
Trd, 8639381.212, 131
Trd, 8639381.812, 124
Trd, 8639382.012, 123
Trd, 8639382.279, 99
Trd, 8639382.746, 76
Trd, 8639383.779, 95
Trd, 8639383.812, 111
Trd, 8639384.179, 94
Trd, 8639384.412, 78
Trd, 8639384.646, 75
Trd, 8639384.679, 68
Trd, 8639384.946, 90
Trd, 8639385.646, 136
Trd, 8639386.346, 115
Trd, 8639386.446, 79
Trd, 8639386.612, 81
Trd, 8639386.779, 77
Trd, 8639387.812, 140
Trd, 8639388.179, 67
Trd, 8639389.346, 139
Trd, 8639389.512, 138
Trd, 8639389.812, 103
Trd, 8639390.512, 124
Trd, 8639390.846, 114
Trd, 8639391.512, 104
Trd, 8639391.612, 104
Trd, 8639392.012, 102
Trd, 8639392.079, 101
Trd, 8639392.212, 67
Trd, 8639392.812, 139
Trd, 8639392.846, 65
Trd, 8639393.179, 93
Trd, 8639393.546, 139
Trd, 8639393.912, 79
Trd, 8639394.412, 100
Trd, 8639394.779, 99
Trd, 8639395.046, 128
Trd, 8639395.112, 127
Trd, 8639395.779, 61
Trd, 8639396.412, 62
Trd, 8639396.546, 64
Trd, 8639396.679, 66
Trd, 8639396.879, 66
Trd, 8639397.646, 100
Trd, 8639398.112, 106
Trd, 8639398.379, 84
Trd, 8639398.546, 111
Trd, 8639399.512, 111
Trd, 8639399.712, 124
Trd, 8639399.946, 64
Trd, 8639400.446, 100
Trd, 8639400.846, 92
Trd, 8639401.746, 88
Trd, 8639403.212, 78
Trd, 8639403.579, 140
Trd, 8639403.879, 138
Trd, 8639404.012, 138
Trd, 8639404.212, 138
Trd, 8639404.512, 137
Trd, 8639405.046, 138
Trd, 8639406.179, 139
Trd, 8639406.312, 124
Trd, 8639406.379, 108
Trd, 8639407.379, 122
Trd, 8639407.512, 109
Trd, 8639407.946, 102
Trd, 8639408.112, 99
Trd, 8639408.912, 128
Trd, 8639409.212, 102
Trd, 8639409.379, 140
Trd, 8639410.146, 140
Trd, 8639410.412, 104
Trd, 8639410.546, 103
Trd, 8639410.979, 67
Trd, 8639411.746, 140
Trd, 8639412.112, 140
Trd, 8639412.579, 140
Trd, 8639412.612, 137
Trd, 8639413.112, 135
Trd, 8639413.146, 117
Trd, 8639413.379, 107
Trd, 8639413.846, 82
Trd, 8639414.279, 125
Trd, 8639414.979, 140
Trd, 8639415.112, 139
Trd, 8639415.546, 95
Trd, 8639415.846, 139
Trd, 8639415.879, 103
Trd, 8639416.212, 139
Trd, 8639416.446, 77
Trd, 8639417.046, 135
Trd, 8639417.246, 112
Trd, 8639417.512, 111
Trd, 8639417.946, 96
Trd, 8639418.612, 89
Trd, 8639419.046, 83
Trd, 8639419.279, 75
Trd, 8639419.912, 74
Trd, 8639420.912, 76
Trd, 8639421.646, 129
Trd, 8639421.946, 107
Trd, 8639422.146, 124
Trd, 8639422.479, 123
Trd, 8639422.546, 102
Trd, 8639422.879, 108
Trd, 8639423.112, 117
Trd, 8639424.312, 140
Trd, 8639424.646, 140
Trd, 8639424.679, 137
Trd, 8639425.512, 99
Trd, 8639425.579, 106
Trd, 8639425.779, 115
Trd, 8639426.312, 130
Trd, 8639427.612, 140
Trd, 8639427.779, 137
Trd, 8639427.879, 110
Trd, 8639428.312, 140
Trd, 8639428.412, 139
Trd, 8639429.112, 130
Trd, 8639429.246, 90
Trd, 8639429.312, 70
Trd, 8639430.146, 120
Trd, 8639430.412, 102
Trd, 8639431.212, 83
Trd, 8639432.079, 79
Trd, 8639432.546, 98
Trd, 8639432.612, 69
Trd, 8639432.679, 62
Trd, 8639433.046, 110
Trd, 8639433.912, 119
Trd, 8639433.946, 132
Trd, 8639434.179, 109
Trd, 8639435.179, 109
Trd, 8639435.312, 117
Trd, 8639435.679, 110
Trd, 8639435.912, 87
Trd, 8639437.479, 139
Trd, 8639437.579, 138
Trd, 8639438.212, 93
Trd, 8639438.279, 133
Trd, 8639438.712, 106
Trd, 8639439.612, 102
Trd, 8639440.012, 140
Trd, 8639440.412, 101
Trd, 8639440.546, 100
Trd, 8639440.746, 66
Trd, 8639441.412, 139
Trd, 8639441.646, 105
Trd, 8639442.079, 65
Trd, 8639442.546, 71
Trd, 8639443.546, 67
Trd, 8639443.746, 88
Trd, 8639444.246, 88
Trd, 8639444.412, 66
Trd, 8639444.946, 71
Trd, 8639446.046, 66
Trd, 8639446.379, 140
Trd, 8639446.712, 98
Trd, 8639447.079, 101
Trd, 8639447.312, 100
Trd, 8639447.379, 99
Trd, 8639447.646, 84
Trd, 8639448.579, 74
Trd, 8639448.879, 82
Trd, 8639450.012, 67
Trd, 8639450.079, 77
Trd, 8639450.579, 93
Trd, 8639450.912, 94
Trd, 8639451.579, 104
Trd, 8639451.679, 139
Trd, 8639451.779, 140
Trd, 8639451.912, 103
Trd, 8639452.079, 102
Trd, 8639452.212, 101
Trd, 8639452.346, 101
Trd, 8639453.212, 97
Trd, 8639453.746, 140
Trd, 8639453.879, 140
Trd, 8639454.479, 140
Trd, 8639454.946, 117
Trd, 8639455.846, 140
Trd, 8639456.246, 124
Trd, 8639456.446, 116
Trd, 8639456.512, 107
Trd, 8639456.846, 114
Trd, 8639457.746, 123
Trd, 8639458.512, 113
Trd, 8639459.312, 113
Trd, 8639459.846, 113
Trd, 8639460.012, 112
Trd, 8639460.112, 137
Trd, 8639460.612, 112
Trd, 8639461.112, 90
Trd, 8639461.179, 101
Trd, 8639461.512, 135
Trd, 8639461.779, 140
Trd, 8639462.146, 123
Trd, 8639462.579, 120
Trd, 8639463.279, 140
Trd, 8639463.379, 139
Trd, 8639463.479, 136
Trd, 8639463.879, 119
Trd, 8639464.179, 114
Trd, 8639464.446, 89
Trd, 8639465.046, 99
Trd, 8639465.212, 84
Trd, 8639465.579, 74
Trd, 8639465.846, 96
Trd, 8639466.379, 121
Trd, 8639467.679, 95
Trd, 8639467.746, 88
Trd, 8639467.979, 128
Trd, 8639468.279, 84
Trd, 8639468.479, 135
Trd, 8639468.712, 111
Trd, 8639469.112, 125
Trd, 8639469.312, 95
Trd, 8639470.379, 105
Trd, 8639472.212, 140
Trd, 8639472.646, 140
Trd, 8639472.946, 139
Trd, 8639473.479, 140
Trd, 8639473.912, 139
Trd, 8639474.079, 138
Trd, 8639474.279, 136
Trd, 8639474.479, 129
Trd, 8639474.846, 139
Trd, 8639475.279, 139
Trd, 8639476.246, 129
Trd, 8639476.546, 89
Trd, 8639477.412, 139
Trd, 8639477.746, 139
Trd, 8639478.212, 128
Trd, 8639478.279, 126
Trd, 8639478.479, 100
Trd, 8639478.912, 115
Trd, 8639479.812, 139
Trd, 8639480.346, 123
Trd, 8639480.846, 122
Trd, 8639481.012, 126
Trd, 8639481.112, 107
Trd, 8639481.279, 97
Trd, 8639481.579, 95
Trd, 8639481.979, 88
Trd, 8639482.112, 115
Trd, 8639483.046, 140
Trd, 8639483.079, 138
Trd, 8639483.279, 137
Trd, 8639483.346, 127
Trd, 8639483.479, 66
Trd, 8639483.812, 116
Trd, 8639484.612, 140
Trd, 8639484.846, 140
Trd, 8639485.046, 140
Trd, 8639486.479, 99
Trd, 8639486.812, 109
Trd, 8639487.179, 140
Trd, 8639487.612, 135
Trd, 8639487.779, 90
Trd, 8639489.212, 72
Trd, 8639489.312, 81
Trd, 8639489.879, 81
Trd, 8639490.012, 110
Trd, 8639490.512, 140
Trd, 8639490.646, 125
Trd, 8639491.479, 67
Trd, 8639491.612, 81
Trd, 8639492.046, 79
Trd, 8639492.812, 107
Trd, 8639493.846, 140
Trd, 8639493.979, 140
Trd, 8639494.579, 109
Trd, 8639494.746, 100
Trd, 8639495.346, 64
Trd, 8639496.212, 140
Trd, 8639496.446, 83
Trd, 8639496.912, 70
Trd, 8639497.279, 77
Trd, 8639497.346, 70
Trd, 8639497.679, 110
Trd, 8639498.046, 111
Trd, 8639498.612, 136
Trd, 8639498.679, 135
Trd, 8639498.812, 86
Trd, 8639499.379, 121
Trd, 8639500.379, 140
Trd, 8639500.646, 140
Trd, 8639501.012, 137
Trd, 8639501.112, 127
Trd, 8639501.312, 81
Trd, 8639501.846, 78
Trd, 8639501.946, 77
Trd, 8639502.312, 139
Trd, 8639503.446, 135
Trd, 8639503.812, 139
Trd, 8639504.479, 84
Trd, 8639504.879, 96
Trd, 8639505.046, 84
Trd, 8639505.679, 108
Trd, 8639505.979, 111
Trd, 8639506.179, 89
Trd, 8639506.912, 62
Trd, 8639507.246, 74
Trd, 8639507.446, 111
Trd, 8639508.146, 121
Trd, 8639508.512, 82
Trd, 8639509.179, 83
Trd, 8639509.212, 82
Trd, 8639510.412, 140
Trd, 8639510.846, 133
Trd, 8639511.212, 140
Trd, 8639511.479, 115
Trd, 8639512.379, 92
Trd, 8639512.446, 91
Trd, 8639513.046, 90
Trd, 8639513.146, 69
Trd, 8639513.846, 89
Trd, 8639514.012, 77
Trd, 8639514.046, 92
Trd, 8639514.712, 62
Trd, 8639515.346, 70
Trd, 8639516.112, 60
Trd, 8639516.812, 69
Trd, 8639516.946, 77
Trd, 8639517.446, 75
Trd, 8639517.546, 73
Trd, 8639517.912, 83
Trd, 8639518.179, 75
Trd, 8639518.246, 73
Trd, 8639518.312, 117
Trd, 8639519.046, 139
Trd, 8639519.479, 140
Trd, 8639519.512, 138
Trd, 8639519.712, 112
Trd, 8639520.512, 135
Trd, 8639520.812, 113
Trd, 8639521.446, 112
Trd, 8639521.879, 112
Trd, 8639522.146, 111
Trd, 8639522.779, 140
Trd, 8639523.446, 108
Trd, 8639523.579, 107
Trd, 8639524.546, 115
Trd, 8639524.679, 83
Trd, 8639524.746, 121
Trd, 8639525.112, 140
Trd, 8639525.612, 139
Trd, 8639526.712, 138
Trd, 8639526.979, 138
Trd, 8639527.312, 134
Trd, 8639527.746, 102
Trd, 8639528.012, 101
Trd, 8639528.112, 98
Trd, 8639529.146, 140
Trd, 8639529.579, 119
Trd, 8639530.346, 140
Trd, 8639530.579, 139
Trd, 8639530.612, 130
Trd, 8639531.479, 130
Trd, 8639532.279, 128
Trd, 8639532.579, 122
Trd, 8639532.712, 106
Trd, 8639533.312, 140
Trd, 8639533.446, 135
Trd, 8639534.346, 134
Trd, 8639534.379, 132
Trd, 8639534.446, 106
Trd, 8639534.679, 94
Trd, 8639534.746, 76
Trd, 8639535.046, 140
Trd, 8639535.412, 121
Trd, 8639536.712, 120
Trd, 8639537.246, 140
Trd, 8639538.046, 140
Trd, 8639538.279, 140
Trd, 8639538.479, 140
Trd, 8639539.179, 129
Trd, 8639539.279, 129
Trd, 8639541.246, 138
Trd, 8639541.579, 111
Trd, 8639541.912, 108
Trd, 8639542.112, 131
Trd, 8639542.246, 139
Trd, 8639542.946, 140
Trd, 8639543.079, 135
Trd, 8639543.412, 110
Trd, 8639543.712, 109
Trd, 8639543.812, 101
Trd, 8639544.012, 124
Trd, 8639544.146, 102
Trd, 8639545.012, 85
Trd, 8639545.079, 97
Trd, 8639545.279, 84
Trd, 8639545.879, 93
Trd, 8639546.579, 92
Trd, 8639546.812, 101
Trd, 8639546.946, 104
Trd, 8639548.279, 140
Trd, 8639548.312, 139
Trd, 8639548.346, 138
Trd, 8639548.512, 110
Trd, 8639549.746, 109
Trd, 8639549.846, 126
Trd, 8639550.146, 95
Trd, 8639550.479, 126
Trd, 8639551.679, 97
Trd, 8639552.012, 107
Trd, 8639552.279, 107
Trd, 8639552.579, 124
Trd, 8639553.079, 99
Trd, 8639553.479, 104
Trd, 8639553.512, 98
Trd, 8639553.746, 99
Trd, 8639554.446, 96
Trd, 8639554.879, 89
Trd, 8639555.012, 81
Trd, 8639555.346, 107
Trd, 8639555.746, 138
Trd, 8639557.112, 118
Trd, 8639557.212, 95
Trd, 8639557.446, 94
Trd, 8639557.879, 140
Trd, 8639558.812, 122
Trd, 8639559.079, 121
Trd, 8639559.412, 114
Trd, 8639559.612, 93
Trd, 8639560.112, 107
Trd, 8639560.712, 138
Trd, 8639560.979, 123
Trd, 8639561.179, 123
Trd, 8639561.879, 121
Trd, 8639562.079, 118
Trd, 8639562.212, 110
Trd, 8639562.446, 124
Trd, 8639562.679, 128
Trd, 8639563.779, 102
Trd, 8639564.379, 139
Trd, 8639564.612, 115
Trd, 8639564.746, 114
Trd, 8639565.246, 113
Trd, 8639566.279, 88
Trd, 8639566.612, 139
Trd, 8639567.646, 139
Trd, 8639568.312, 132
Trd, 8639568.379, 131
Trd, 8639568.446, 130
Trd, 8639568.712, 130
Trd, 8639568.746, 129
Trd, 8639568.879, 114
Trd, 8639569.412, 130
Trd, 8639569.479, 126
Trd, 8639569.879, 138
Trd, 8639570.212, 116
Trd, 8639570.546, 140
Trd, 8639570.612, 83
Trd, 8639571.812, 70
Trd, 8639572.579, 61
Trd, 8639573.146, 65
Trd, 8639573.679, 69
Trd, 8639573.846, 75
Trd, 8639574.246, 111
Trd, 8639574.779, 109
Trd, 8639575.112, 140
Trd, 8639575.146, 140
Trd, 8639575.212, 107
Trd, 8639575.946, 104
Trd, 8639576.112, 113
Trd, 8639577.412, 95
Trd, 8639577.546, 122
Trd, 8639577.679, 139
Trd, 8639578.146, 93
Trd, 8639578.179, 92
Trd, 8639578.712, 90
Trd, 8639579.012, 85
Trd, 8639579.112, 76
Trd, 8639580.412, 110
Trd, 8639580.612, 109
Trd, 8639580.846, 131
Trd, 8639581.212, 108
Trd, 8639581.346, 105
Trd, 8639581.412, 94
Trd, 8639583.246, 120
Trd, 8639583.546, 136
Trd, 8639583.946, 125
Trd, 8639584.279, 109
Trd, 8639584.346, 137
Trd, 8639584.846, 99
Trd, 8639585.179, 140
Trd, 8639586.246, 139
Trd, 8639586.312, 137
Trd, 8639586.479, 133
Trd, 8639587.346, 140
Trd, 8639587.412, 140
Trd, 8639587.979, 140
Trd, 8639588.246, 137
Trd, 8639588.279, 117
Trd, 8639588.446, 96
Trd, 8639589.579, 66
Trd, 8639590.579, 72
Trd, 8639591.046, 83
Trd, 8639591.079, 109
Trd, 8639591.746, 111
Trd, 8639592.879, 140
Trd, 8639593.046, 110
Trd, 8639593.746, 130
Trd, 8639593.912, 129
Trd, 8639593.946, 127
Trd, 8639594.112, 139
Trd, 8639594.579, 111
Trd, 8639594.812, 108
Trd, 8639594.912, 91
Trd, 8639595.379, 114
Trd, 8639596.012, 132
Trd, 8639596.612, 69
Trd, 8639597.046, 140
Trd, 8639597.679, 136
Trd, 8639598.012, 135
Trd, 8639598.279, 112
Trd, 8639598.412, 140
Trd, 8639598.646, 139
Trd, 8639598.979, 104
Trd, 8639599.212, 79
Trd, 8639600.012, 139
Trd, 8639600.479, 131
Trd, 8639600.879, 130
Trd, 8639600.946, 128
Trd, 8639601.446, 118
Trd, 8639602.279, 127
Trd, 8639602.712, 111
Trd, 8639603.012, 138
Trd, 8639603.179, 104
Trd, 8639603.279, 96
Trd, 8639604.312, 90
Trd, 8639604.512, 79
Trd, 8639604.679, 101
Trd, 8639604.912, 73
Trd, 8639605.379, 72
Trd, 8639605.712, 69
Trd, 8639605.946, 130
Trd, 8639606.346, 106
Trd, 8639606.712, 108
Trd, 8639607.046, 105
Trd, 8639607.279, 140
Trd, 8639607.446, 137
Trd, 8639607.746, 139
Trd, 8639608.646, 140
Trd, 8639608.879, 140
Trd, 8639609.146, 103
Trd, 8639609.546, 94
Trd, 8639610.979, 70
Trd, 8639611.179, 126
Trd, 8639611.546, 125
Trd, 8639612.212, 140
Trd, 8639612.312, 139
Trd, 8639612.446, 138
Trd, 8639613.146, 109
Trd, 8639613.812, 140
Trd, 8639613.979, 137
Trd, 8639614.146, 135
Trd, 8639614.446, 105
Trd, 8639614.546, 102
Trd, 8639614.746, 84
Trd, 8639615.346, 92
Trd, 8639615.512, 81
Trd, 8639616.112, 67
Trd, 8639616.279, 67
Trd, 8639618.046, 140
Trd, 8639618.112, 138
Trd, 8639618.446, 137
Trd, 8639618.679, 127
Trd, 8639618.946, 110
Trd, 8639619.746, 109
Trd, 8639620.379, 110
Trd, 8639621.112, 139
Trd, 8639621.546, 137
Trd, 8639621.679, 119
Trd, 8639621.779, 137
Trd, 8639622.679, 138
Trd, 8639622.946, 138
Trd, 8639623.446, 135
Trd, 8639623.579, 101
Trd, 8639624.112, 133
Trd, 8639624.946, 119
Trd, 8639625.612, 117
Trd, 8639625.679, 108
Trd, 8639625.746, 107
Trd, 8639625.879, 108
Trd, 8639626.112, 138
Trd, 8639626.546, 140
Trd, 8639627.146, 68
Trd, 8639627.312, 135
Trd, 8639628.212, 135
Trd, 8639628.612, 122
Trd, 8639629.279, 135
Trd, 8639629.646, 137
Trd, 8639629.712, 92
Trd, 8639629.746, 84
Trd, 8639630.379, 116
Trd, 8639631.312, 139
Trd, 8639631.612, 137
Trd, 8639631.646, 111
Trd, 8639631.846, 84
Trd, 8639632.679, 64
Trd, 8639633.112, 98
Trd, 8639633.312, 140
Trd, 8639633.646, 82
Trd, 8639634.379, 139
Trd, 8639634.546, 138
Trd, 8639634.612, 109
Trd, 8639635.946, 140
Trd, 8639637.679, 140
Trd, 8639637.879, 140
Trd, 8639637.912, 138
Trd, 8639638.112, 139
Trd, 8639638.179, 137
Trd, 8639639.079, 135
Trd, 8639639.812, 97
Trd, 8639640.179, 122
Trd, 8639640.646, 120
Trd, 8639640.979, 109
Trd, 8639641.179, 139
Trd, 8639641.712, 100
Trd, 8639642.346, 80
Trd, 8639642.512, 69
Trd, 8639642.879, 95
Trd, 8639643.779, 101
Trd, 8639644.279, 97
Trd, 8639645.312, 96
Trd, 8639645.446, 91
Trd, 8639646.646, 97
Trd, 8639646.912, 122
Trd, 8639647.879, 108
Trd, 8639648.146, 108
Trd, 8639648.312, 92
Trd, 8639648.379, 84
Trd, 8639648.612, 135
Trd, 8639648.712, 109
Trd, 8639648.912, 136
Trd, 8639649.879, 140
Trd, 8639650.246, 136
Trd, 8639650.312, 116
Trd, 8639650.379, 115
Trd, 8639651.179, 94
Trd, 8639651.979, 92
Trd, 8639652.079, 107
Trd, 8639652.212, 74
Trd, 8639653.079, 60
Trd, 8639653.779, 60
Trd, 8639654.479, 130
Trd, 8639654.946, 127
Trd, 8639655.612, 107
Trd, 8639655.646, 84
Trd, 8639656.446, 60
Trd, 8639656.746, 63
Trd, 8639657.146, 72
Trd, 8639657.379, 103
Trd, 8639657.446, 139
Trd, 8639657.846, 114
Trd, 8639658.746, 91
Trd, 8639658.979, 81
Trd, 8639659.446, 68
Trd, 8639660.212, 140
Trd, 8639660.646, 140
Trd, 8639660.846, 140
Trd, 8639661.746, 140
Trd, 8639662.046, 139
Trd, 8639662.179, 137
Trd, 8639662.546, 134
Trd, 8639662.646, 123
Trd, 8639663.212, 120
Trd, 8639663.379, 106
Trd, 8639663.879, 140
Trd, 8639664.246, 140
Trd, 8639664.412, 139
Trd, 8639665.112, 132
Trd, 8639665.312, 118
Trd, 8639665.512, 96
Trd, 8639665.579, 88
Trd, 8639665.946, 140
Trd, 8639666.946, 140
Trd, 8639667.179, 137
Trd, 8639667.246, 135
Trd, 8639667.512, 140
Trd, 8639668.112, 77
Trd, 8639669.412, 130
Trd, 8639669.612, 114
Trd, 8639670.512, 119
Trd, 8639670.679, 116
Trd, 8639671.079, 140
Trd, 8639671.312, 140
Trd, 8639671.846, 113
Trd, 8639672.212, 119
Trd, 8639672.379, 112
Trd, 8639673.879, 135
Trd, 8639674.012, 134
Trd, 8639674.279, 131
Trd, 8639674.979, 138
Trd, 8639675.146, 118
Trd, 8639676.079, 140
Trd, 8639676.346, 116
Trd, 8639676.612, 98
Trd, 8639677.246, 97
Trd, 8639677.312, 92
Trd, 8639677.912, 88
Trd, 8639679.312, 97
Trd, 8639679.379, 130
Trd, 8639680.246, 103
Trd, 8639680.346, 138
Trd, 8639680.446, 125
Trd, 8639680.879, 126
Trd, 8639681.146, 124
Trd, 8639681.579, 139
Trd, 8639682.379, 138
Trd, 8639682.879, 139
Trd, 8639682.979, 138
Trd, 8639683.012, 138
Trd, 8639683.046, 127
Trd, 8639683.779, 125
Trd, 8639684.912, 140
Trd, 8639685.079, 119
Trd, 8639685.679, 123
Trd, 8639686.146, 101
Trd, 8639686.946, 140
Trd, 8639687.079, 138
Trd, 8639687.212, 116
Trd, 8639687.646, 100
Trd, 8639687.746, 82
Trd, 8639688.812, 81
Trd, 8639689.312, 101
Trd, 8639689.479, 104
Trd, 8639689.879, 105
Trd, 8639690.046, 121
Trd, 8639690.446, 107
Trd, 8639690.546, 104
Trd, 8639690.746, 139
Trd, 8639691.146, 67
Trd, 8639691.179, 72
Trd, 8639691.646, 139
Trd, 8639691.946, 76
Trd, 8639693.346, 60
Trd, 8639693.712, 69
Trd, 8639693.912, 60
Trd, 8639695.479, 65
Trd, 8639695.746, 66
Trd, 8639695.912, 80
Trd, 8639696.046, 100
Trd, 8639696.379, 105
Trd, 8639696.512, 65
Trd, 8639697.446, 112
Trd, 8639697.546, 92
Trd, 8639698.146, 66
Trd, 8639698.412, 99
Trd, 8639698.679, 121
Trd, 8639699.446, 121
Trd, 8639699.879, 121
Trd, 8639700.679, 121
Trd, 8639700.912, 120
Trd, 8639701.012, 113
Trd, 8639701.646, 124
Trd, 8639701.812, 123
Trd, 8639701.979, 113
Trd, 8639702.446, 89
Trd, 8639702.679, 103
Trd, 8639703.046, 110
Trd, 8639703.846, 140
Trd, 8639705.246, 140
Trd, 8639705.346, 140
Trd, 8639705.879, 140
Trd, 8639706.346, 140
Trd, 8639706.446, 139
Trd, 8639706.679, 135
Trd, 8639707.379, 139
Trd, 8639708.046, 115
Trd, 8639708.146, 109
Trd, 8639708.512, 128
Trd, 8639708.746, 104
Trd, 8639709.246, 133
Trd, 8639709.646, 110
Trd, 8639709.779, 90
Trd, 8639710.579, 107
Trd, 8639711.946, 127
Trd, 8639711.979, 126
Trd, 8639712.112, 126
Trd, 8639712.146, 101
Trd, 8639712.246, 133
Trd, 8639712.679, 127
Trd, 8639713.246, 111
Trd, 8639713.379, 82
Trd, 8639713.479, 92
Trd, 8639713.546, 114
Trd, 8639715.212, 109
Trd, 8639715.979, 140
Trd, 8639716.379, 140
Trd, 8639717.012, 140
Trd, 8639717.079, 131
Trd, 8639717.546, 127
Trd, 8639718.346, 110
Trd, 8639718.512, 100
Trd, 8639718.912, 138
Trd, 8639719.312, 107
Trd, 8639720.179, 136
Trd, 8639720.512, 72
Trd, 8639721.046, 129
Trd, 8639721.079, 127
Trd, 8639721.412, 140
Trd, 8639721.479, 139
Trd, 8639721.846, 137
Trd, 8639722.579, 139
Trd, 8639722.679, 138
Trd, 8639722.746, 137
Trd, 8639723.379, 140
Trd, 8639723.612, 140
Trd, 8639723.779, 125
Trd, 8639725.412, 139
Trd, 8639725.712, 137
Trd, 8639725.879, 133
Trd, 8639726.179, 93
Trd, 8639726.646, 123
Trd, 8639726.679, 122
Trd, 8639726.912, 112
Trd, 8639727.279, 84
Trd, 8639727.746, 140
Trd, 8639727.812, 66
Trd, 8639728.779, 140
Trd, 8639729.446, 140
Trd, 8639729.779, 137
Trd, 8639730.412, 133
Trd, 8639730.546, 121
Trd, 8639730.679, 81
Trd, 8639731.946, 100
Trd, 8639732.212, 140
Trd, 8639732.746, 106
Trd, 8639732.912, 79
Trd, 8639733.779, 140
Trd, 8639733.846, 140
Trd, 8639734.012, 121
Trd, 8639735.012, 111
Trd, 8639735.846, 124
Trd, 8639735.979, 109
Trd, 8639736.012, 108
Trd, 8639736.046, 128
Trd, 8639736.546, 109
Trd, 8639736.846, 118
Trd, 8639737.312, 115
Trd, 8639737.412, 79
Trd, 8639738.079, 87
Trd, 8639738.379, 72
Trd, 8639739.446, 97
Trd, 8639739.712, 96
Trd, 8639740.279, 88
Trd, 8639740.779, 86
Trd, 8639740.946, 82
Trd, 8639741.012, 81
Trd, 8639741.479, 117
Trd, 8639741.846, 106
Trd, 8639742.112, 83
Trd, 8639742.279, 134
Trd, 8639742.512, 80
Trd, 8639742.746, 109
Trd, 8639742.812, 102
Trd, 8639744.312, 62
Trd, 8639744.546, 94
Trd, 8639745.746, 62
Trd, 8639745.879, 80
Trd, 8639746.346, 93
Trd, 8639746.712, 111
Trd, 8639747.079, 140
Trd, 8639747.312, 99
Trd, 8639747.412, 78
Trd, 8639747.612, 116
Trd, 8639747.912, 82
Trd, 8639748.812, 77
Trd, 8639748.879, 137
Trd, 8639749.046, 76
Trd, 8639750.112, 137
Trd, 8639750.212, 135
Trd, 8639750.612, 106
Trd, 8639750.912, 105
Trd, 8639751.112, 120
Trd, 8639751.512, 140
Trd, 8639751.612, 114
Trd, 8639751.679, 111
Trd, 8639752.512, 140
Trd, 8639752.879, 93
Trd, 8639753.712, 140
Trd, 8639754.512, 140
Trd, 8639754.612, 107
Trd, 8639754.746, 123
Trd, 8639755.079, 113
Trd, 8639755.546, 105
Trd, 8639757.012, 140
Trd, 8639757.212, 140
Trd, 8639757.279, 134
Trd, 8639757.312, 133
Trd, 8639757.612, 118
Trd, 8639757.779, 139
Trd, 8639758.446, 115
Trd, 8639759.046, 114
Trd, 8639759.446, 85
Trd, 8639760.179, 61
Trd, 8639760.246, 61
Trd, 8639760.579, 140
Trd, 8639761.812, 70
Trd, 8639761.879, 93
Trd, 8639762.046, 75
Trd, 8639762.146, 95
Trd, 8639762.346, 72
Trd, 8639763.812, 66
Trd, 8639763.912, 89
Trd, 8639764.512, 100
Trd, 8639764.812, 94
Trd, 8639765.579, 139
Trd, 8639765.679, 137
Trd, 8639765.879, 72
Trd, 8639766.712, 76
Trd, 8639767.146, 77
Trd, 8639767.279, 75
Trd, 8639767.446, 65
Trd, 8639768.212, 132
Trd, 8639768.946, 83
Trd, 8639769.146, 85
Trd, 8639769.246, 82
Trd, 8639769.346, 81
Trd, 8639769.612, 63
Trd, 8639770.512, 90
Trd, 8639770.679, 134
Trd, 8639770.812, 136
Trd, 8639772.012, 89
Trd, 8639772.612, 140
Trd, 8639772.646, 140
Trd, 8639772.712, 140
Trd, 8639774.012, 129
Trd, 8639774.079, 72
Trd, 8639774.279, 135
Trd, 8639774.979, 138
Trd, 8639775.146, 140
Trd, 8639775.179, 134
Trd, 8639775.846, 140
Trd, 8639775.879, 140
Trd, 8639776.879, 135
Trd, 8639777.246, 138
Trd, 8639778.012, 131
Trd, 8639779.546, 133
Trd, 8639780.012, 132
Trd, 8639780.079, 121
Trd, 8639780.146, 100
Trd, 8639780.179, 99
Trd, 8639780.846, 95
Trd, 8639781.046, 77
Trd, 8639781.212, 75
Trd, 8639781.246, 108
Trd, 8639782.412, 72
Trd, 8639782.779, 77
Trd, 8639783.646, 83
Trd, 8639783.912, 83
Trd, 8639783.946, 77
Trd, 8639784.212, 110
Trd, 8639785.746, 104
Trd, 8639786.079, 105
Trd, 8639786.612, 104
Trd, 8639786.846, 129
Trd, 8639786.979, 133
Trd, 8639787.346, 137
Trd, 8639787.612, 137
Trd, 8639788.446, 137
Trd, 8639789.046, 136
Trd, 8639789.112, 134
Trd, 8639789.346, 113
Trd, 8639789.612, 140
Trd, 8639791.046, 127
Trd, 8639791.512, 125
Trd, 8639791.646, 121
Trd, 8639791.846, 113
Trd, 8639791.879, 69
Trd, 8639791.946, 62
Trd, 8639792.146, 60
Trd, 8639792.679, 140
Trd, 8639792.779, 139
Trd, 8639793.746, 68
Trd, 8639794.012, 80
Trd, 8639794.412, 79
Trd, 8639794.479, 109
Trd, 8639795.046, 125
Trd, 8639796.046, 123
Trd, 8639796.212, 97
Trd, 8639796.312, 133
Trd, 8639796.546, 140
Trd, 8639797.546, 124
Trd, 8639797.879, 123
Trd, 8639798.779, 102
Trd, 8639799.079, 83
Trd, 8639800.546, 140
Trd, 8639800.612, 107
Trd, 8639800.812, 107
Trd, 8639801.846, 129
Trd, 8639802.079, 108
Trd, 8639802.279, 105
Trd, 8639802.646, 90
Trd, 8639802.979, 92
Trd, 8639803.179, 94
Trd, 8639803.579, 77
Trd, 8639803.679, 70
Trd, 8639803.779, 140
Trd, 8639803.879, 66
Trd, 8639804.112, 61
Trd, 8639805.446, 84
Trd, 8639805.712, 65
Trd, 8639806.546, 76
Trd, 8639806.812, 109
Trd, 8639807.079, 101
Trd, 8639807.212, 98
Trd, 8639808.879, 140
Trd, 8639809.246, 140
Trd, 8639809.379, 140
Trd, 8639809.412, 140
Trd, 8639809.912, 137
Trd, 8639810.212, 135
Trd, 8639810.946, 136
Trd, 8639811.179, 140
Trd, 8639811.479, 110
Trd, 8639812.079, 109
Trd, 8639812.112, 107
Trd, 8639812.512, 108
Trd, 8639812.679, 102
Trd, 8639812.712, 98
Trd, 8639813.646, 70
Trd, 8639814.212, 60
Trd, 8639814.312, 75
Trd, 8639815.046, 62
Trd, 8639815.612, 65
Trd, 8639815.879, 114
Trd, 8639816.146, 114
Trd, 8639816.379, 113
Trd, 8639816.546, 112
Trd, 8639817.512, 139
Trd, 8639817.979, 140
Trd, 8639818.146, 138
Trd, 8639819.412, 140
Trd, 8639819.579, 140
Trd, 8639819.646, 140
Trd, 8639820.512, 140
Trd, 8639821.046, 131
Trd, 8639821.912, 125
Trd, 8639822.046, 124
Trd, 8639822.479, 123
Trd, 8639822.546, 104
Trd, 8639822.912, 124
Trd, 8639823.079, 114
Trd, 8639823.912, 139
Trd, 8639824.746, 105
Trd, 8639824.812, 103
Trd, 8639824.879, 132
Trd, 8639825.079, 94
Trd, 8639825.512, 91
Trd, 8639825.579, 127
Trd, 8639825.712, 139
Trd, 8639826.279, 139
Trd, 8639826.712, 110
Trd, 8639827.279, 96
Trd, 8639827.712, 96
Trd, 8639827.746, 95
Trd, 8639828.279, 139
Trd, 8639828.346, 123
Trd, 8639828.412, 95
Trd, 8639829.612, 90
Trd, 8639831.312, 140
Trd, 8639831.512, 140
Trd, 8639831.612, 139
Trd, 8639831.646, 139
Trd, 8639831.712, 137
Trd, 8639831.912, 140
Trd, 8639831.946, 97
Trd, 8639832.446, 94
Trd, 8639832.712, 85
Trd, 8639832.912, 123
Trd, 8639833.446, 95
Trd, 8639833.512, 83
Trd, 8639833.812, 71
Trd, 8639833.846, 79
Trd, 8639834.346, 134
Trd, 8639835.146, 139
Trd, 8639835.579, 95
Trd, 8639836.346, 120
Trd, 8639836.512, 97
Trd, 8639836.546, 78
Trd, 8639837.212, 75
Trd, 8639837.246, 72
Trd, 8639837.312, 131
Trd, 8639837.679, 122
Trd, 8639838.246, 84
Trd, 8639839.079, 94
Trd, 8639839.779, 86
Trd, 8639840.112, 115
Trd, 8639840.246, 87
Trd, 8639840.912, 91
Trd, 8639841.079, 98
Trd, 8639841.312, 90
Trd, 8639842.379, 140
Trd, 8639842.479, 140
Trd, 8639842.812, 136
Trd, 8639842.946, 135
Trd, 8639843.512, 122
Trd, 8639843.812, 93
Trd, 8639844.812, 97
Trd, 8639845.312, 140
Trd, 8639845.379, 139
Trd, 8639845.479, 96
Trd, 8639846.346, 120
Trd, 8639846.512, 97
Trd, 8639846.679, 139
Trd, 8639846.712, 89
Trd, 8639847.479, 88
Trd, 8639848.212, 140
Trd, 8639848.812, 138
Trd, 8639848.946, 136
Trd, 8639849.612, 140
Trd, 8639849.712, 125
Trd, 8639849.779, 124
Trd, 8639850.012, 64
Trd, 8639850.412, 71
Trd, 8639850.679, 140
Trd, 8639851.079, 134
Trd, 8639851.379, 92
Trd, 8639852.079, 114
Trd, 8639852.479, 97
Trd, 8639852.812, 96
Trd, 8639852.946, 140
Trd, 8639853.146, 89
Trd, 8639853.779, 60
Trd, 8639853.912, 118
Trd, 8639853.946, 120
Trd, 8639855.779, 80
Trd, 8639856.412, 104
Trd, 8639856.679, 111
Trd, 8639857.112, 91
Trd, 8639857.479, 87
Trd, 8639857.579, 89
Trd, 8639857.912, 138
Trd, 8639858.179, 134
Trd, 8639858.246, 107
Trd, 8639858.512, 106
Trd, 8639858.979, 138
Trd, 8639859.546, 130
Trd, 8639860.146, 79
Trd, 8639860.312, 67
Trd, 8639861.146, 67
Trd, 8639861.346, 104
Trd, 8639861.479, 61
Trd, 8639862.779, 79
Trd, 8639863.579, 101
Trd, 8639863.712, 72
Trd, 8639864.046, 70
Trd, 8639864.812, 140
Trd, 8639864.879, 140
Trd, 8639865.279, 140
Trd, 8639865.546, 140
Trd, 8639865.879, 121
Trd, 8639866.112, 126
Trd, 8639866.946, 82
Trd, 8639867.079, 130
Trd, 8639867.246, 122
Trd, 8639867.812, 80
Trd, 8639867.912, 79
Trd, 8639868.079, 107
Trd, 8639868.512, 65
Trd, 8639868.712, 64
Trd, 8639869.246, 127
Trd, 8639870.046, 60
Trd, 8639870.112, 67
Trd, 8639870.712, 135
Trd, 8639871.379, 101
Trd, 8639872.779, 67
Trd, 8639872.879, 77
Trd, 8639873.179, 76
Trd, 8639874.412, 140
Trd, 8639874.446, 140
Trd, 8639874.912, 140
Trd, 8639875.112, 98
Trd, 8639875.712, 86
Trd, 8639876.579, 63
Trd, 8639876.779, 64
Trd, 8639877.146, 88
Trd, 8639877.712, 87
Trd, 8639877.812, 69
Trd, 8639878.079, 84
Trd, 8639878.412, 129
Trd, 8639878.846, 116
Trd, 8639879.546, 140
Trd, 8639879.712, 140
Trd, 8639880.379, 136
Trd, 8639880.979, 71
Trd, 8639881.512, 111
Trd, 8639882.346, 140
Trd, 8639882.546, 139
Trd, 8639883.512, 134
Trd, 8639883.879, 133
Trd, 8639883.912, 114
Trd, 8639884.512, 138
Trd, 8639884.812, 133
Trd, 8639884.912, 124
Trd, 8639885.412, 96
Trd, 8639885.612, 95
Trd, 8639885.912, 68
Trd, 8639886.046, 71
Trd, 8639886.379, 67
Trd, 8639886.879, 133
Trd, 8639887.279, 60
Trd, 8639887.612, 140
Trd, 8639887.779, 137
Trd, 8639888.679, 140
Trd, 8639888.846, 140
Trd, 8639889.379, 121
Trd, 8639889.879, 131
Trd, 8639890.646, 139
Trd, 8639891.079, 139
Trd, 8639891.146, 138
Trd, 8639891.779, 106
Trd, 8639892.346, 121
Trd, 8639892.446, 102
Trd, 8639893.779, 60
Trd, 8639894.212, 61
Trd, 8639894.646, 65
Trd, 8639895.046, 68
Trd, 8639895.312, 117
Trd, 8639895.412, 116
Trd, 8639895.812, 140
Trd, 8639896.079, 112
Trd, 8639896.112, 110
Trd, 8639896.246, 84
Trd, 8639897.179, 62
Trd, 8639898.412, 72
Trd, 8639898.879, 75
Trd, 8639899.246, 115
Trd, 8639900.012, 106
Trd, 8639900.712, 98
Trd, 8639900.746, 111
Trd, 8639900.779, 97
Trd, 8639900.812, 96
Trd, 8639900.912, 124
Trd, 8639901.179, 91
Trd, 8639901.579, 82
Trd, 8639901.979, 81
Trd, 8639902.212, 82
Trd, 8639902.612, 133
Trd, 8639902.679, 119
Trd, 8639903.512, 139
Trd, 8639904.612, 138
Trd, 8639904.979, 136
Trd, 8639905.046, 125
Trd, 8639905.146, 102
Trd, 8639906.746, 129
Trd, 8639907.512, 128
Trd, 8639907.546, 125
Trd, 8639907.812, 140
Trd, 8639908.046, 126
Trd, 8639908.446, 125
Trd, 8639908.612, 121
Trd, 8639908.912, 131
Trd, 8639908.979, 96
Trd, 8639909.846, 105
Trd, 8639910.112, 140
Trd, 8639910.879, 140
Trd, 8639911.212, 140
Trd, 8639911.246, 137
Trd, 8639911.646, 92
Trd, 8639912.512, 61
Trd, 8639913.379, 76
Trd, 8639913.412, 98
Trd, 8639914.079, 101
Trd, 8639914.279, 86
Trd, 8639915.779, 133
Trd, 8639915.879, 140
Trd, 8639916.879, 135
Trd, 8639917.379, 134
Trd, 8639917.812, 138
Trd, 8639917.846, 132
Trd, 8639917.979, 130
Trd, 8639918.146, 120
Trd, 8639918.546, 96
Trd, 8639918.879, 139
Trd, 8639919.212, 131
Trd, 8639919.479, 129
Trd, 8639919.946, 129
Trd, 8639920.079, 127
Trd, 8639920.146, 105
Trd, 8639920.379, 87
Trd, 8639920.446, 71
Trd, 8639921.779, 137
Trd, 8639922.179, 136
Trd, 8639922.312, 127
Trd, 8639922.446, 115
Trd, 8639922.879, 140
Trd, 8639923.179, 60
Trd, 8639923.779, 60
Trd, 8639924.079, 61
Trd, 8639924.812, 102
Trd, 8639925.279, 121
Trd, 8639925.312, 120
Trd, 8639925.579, 140
Trd, 8639926.279, 82
Trd, 8639926.346, 92
Trd, 8639926.546, 74
Trd, 8639927.646, 115
Trd, 8639928.712, 115
Trd, 8639929.446, 140
Trd, 8639929.879, 137
Trd, 8639931.446, 140
Trd, 8639931.979, 140
Trd, 8639932.212, 140
Trd, 8639932.512, 140
Trd, 8639932.646, 140
Trd, 8639932.812, 130
Trd, 8639932.912, 109
Trd, 8639933.312, 95
Trd, 8639933.412, 134
Trd, 8639933.679, 140
Trd, 8639934.079, 104
Trd, 8639934.146, 94
Trd, 8639935.512, 139
Trd, 8639935.546, 108
Trd, 8639935.779, 78
Trd, 8639936.112, 89
Trd, 8639936.579, 80
Trd, 8639936.946, 125
Trd, 8639937.246, 77
Trd, 8639937.646, 79
Trd, 8639938.646, 95
Trd, 8639938.746, 107
Trd, 8639938.812, 113
Trd, 8639939.212, 136
Trd, 8639939.479, 73
Trd, 8639939.846, 69
Trd, 8639940.412, 92
Trd, 8639941.412, 61
Trd, 8639941.512, 113
Trd, 8639941.946, 75
Trd, 8639942.246, 107
Trd, 8639942.312, 79
Trd, 8639942.512, 102
Trd, 8639942.912, 128
Trd, 8639943.579, 98
Trd, 8639943.846, 97
Trd, 8639944.146, 95
Trd, 8639944.646, 83
Trd, 8639944.912, 83
Trd, 8639946.179, 140
Trd, 8639946.212, 140
Trd, 8639946.346, 140
Trd, 8639947.646, 140
Trd, 8639947.846, 139
Trd, 8639948.046, 137
Trd, 8639948.279, 125
Trd, 8639948.679, 120
Trd, 8639949.079, 140
Trd, 8639949.446, 111
Trd, 8639949.646, 108
Trd, 8639950.012, 117
Trd, 8639950.412, 105
Trd, 8639951.146, 140
Trd, 8639951.412, 119
Trd, 8639951.612, 96
Trd, 8639951.946, 90
Trd, 8639952.546, 135
Trd, 8639952.712, 133
Trd, 8639953.846, 125
Trd, 8639954.079, 125
Trd, 8639954.112, 124
Trd, 8639954.279, 128
Trd, 8639954.946, 140
Trd, 8639955.112, 131
Trd, 8639955.312, 101
Trd, 8639955.612, 100
Trd, 8639955.646, 94
Trd, 8639956.179, 118
Trd, 8639956.612, 140
Trd, 8639957.279, 72
Trd, 8639957.746, 62
Trd, 8639958.946, 61
Trd, 8639959.312, 72
Trd, 8639959.379, 114
Trd, 8639959.412, 71
Trd, 8639960.546, 72
Trd, 8639961.179, 82
Trd, 8639961.646, 138
Trd, 8639961.712, 89
Trd, 8639962.112, 139
Trd, 8639962.146, 82
Trd, 8639962.812, 80
Trd, 8639963.746, 139
Trd, 8639963.879, 124
Trd, 8639963.912, 108
Trd, 8639964.679, 60
Trd, 8639965.379, 62
Trd, 8639965.512, 63
Trd, 8639966.512, 63
Trd, 8639966.579, 82
Trd, 8639966.812, 62
Trd, 8639967.579, 79
Trd, 8639967.712, 85
Trd, 8639968.612, 69
Trd, 8639968.946, 107
Trd, 8639969.312, 110
Trd, 8639970.479, 85
Trd, 8639970.712, 96
Trd, 8639971.012, 78
Trd, 8639971.112, 74
Trd, 8639971.746, 134
Trd, 8639971.912, 132
Trd, 8639972.112, 131
Trd, 8639972.379, 79
Trd, 8639972.779, 110
Trd, 8639973.412, 101
Trd, 8639973.779, 139
Trd, 8639973.979, 100
Trd, 8639974.312, 117
Trd, 8639975.046, 140
Trd, 8639975.512, 97
Trd, 8639975.579, 95
Trd, 8639975.846, 100
Trd, 8639975.946, 79
Trd, 8639977.212, 60
Trd, 8639977.546, 67
Trd, 8639977.646, 92
Trd, 8639977.946, 120
Trd, 8639978.079, 123
Trd, 8639978.246, 118
Trd, 8639978.346, 91
Trd, 8639980.112, 63
Trd, 8639980.779, 87
Trd, 8639981.412, 66
Trd, 8639981.446, 102
Trd, 8639982.012, 99
Trd, 8639982.446, 119
Trd, 8639983.046, 97
Trd, 8639983.379, 100
Trd, 8639984.112, 94
Trd, 8639984.512, 92
Trd, 8639985.046, 79
Trd, 8639985.479, 71
Trd, 8639986.846, 76
Trd, 8639987.312, 69
Trd, 8639987.379, 68
Trd, 8639987.612, 89
Trd, 8639987.712, 64
Trd, 8639987.912, 126
Trd, 8639988.412, 117
Trd, 8639989.412, 127
Trd, 8639989.446, 126
Trd, 8639989.812, 120
Trd, 8639990.179, 129
Trd, 8639990.346, 108
Trd, 8639990.979, 115
Trd, 8639991.446, 108
Trd, 8639992.012, 133
Trd, 8639992.212, 102
Trd, 8639992.646, 101
Trd, 8639992.746, 81
Trd, 8639993.212, 74
Trd, 8639993.879, 61
Trd, 8639994.446, 72
Trd, 8639995.579, 84
Trd, 8639996.512, 85
Trd, 8639996.579, 83
Trd, 8639996.646, 108
Trd, 8639996.746, 138
Trd, 8639996.812, 65
Trd, 8639997.612, 138
Trd, 8639998.212, 140
Trd, 8639998.246, 128
Trd, 8639999.212, 83
Trd, 8639999.246, 117
