Trd, 8638750.212, 111
Trd, 8638750.712, 139
Trd, 8638750.979, 114
Trd, 8638751.612, 135
Trd, 8638751.679, 134
Trd, 8638752.179, 136
Trd, 8638752.712, 134
Trd, 8638754.212, 118
Trd, 8638755.012, 140
Trd, 8638755.079, 131
Trd, 8638755.146, 117
Trd, 8638755.979, 137
Trd, 8638756.479, 137
Trd, 8638756.779, 138
Trd, 8638756.979, 124
Trd, 8638758.546, 130
Trd, 8638759.312, 134
Trd, 8638760.946, 135
Trd, 8638761.046, 131
Trd, 8638761.279, 135
Trd, 8638761.312, 113
Trd, 8638761.746, 109
Trd, 8638761.812, 133
Trd, 8638762.012, 105
Trd, 8638762.079, 110
Trd, 8638762.412, 98
Trd, 8638763.879, 129
Trd, 8638764.646, 109
Trd, 8638764.879, 115
Trd, 8638765.479, 109
Trd, 8638766.246, 119
Trd, 8638766.279, 112
Trd, 8638767.246, 105
Trd, 8638767.946, 127
Trd, 8638768.612, 138
Trd, 8638769.179, 120
Trd, 8638769.446, 130
Trd, 8638769.479, 122
Trd, 8638769.579, 116
Trd, 8638770.379, 113
Trd, 8638770.412, 103
Trd, 8638770.979, 106
Trd, 8638771.146, 131
Trd, 8638771.946, 132
Trd, 8638772.012, 131
Trd, 8638772.512, 125
Trd, 8638773.146, 131
Trd, 8638773.346, 123
Trd, 8638773.912, 99
Trd, 8638774.312, 111
Trd, 8638774.512, 137
Trd, 8638774.579, 94
Trd, 8638775.212, 75
Trd, 8638775.612, 93
Trd, 8638777.079, 134
Trd, 8638777.446, 126
Trd, 8638777.546, 125
Trd, 8638777.679, 119
Trd, 8638777.746, 137
Trd, 8638778.179, 124
Trd, 8638779.246, 128
Trd, 8638780.512, 121
Trd, 8638780.746, 126
Trd, 8638780.779, 106
Trd, 8638781.212, 131
Trd, 8638782.079, 97
Trd, 8638782.746, 123
Trd, 8638783.246, 111
Trd, 8638783.446, 107
Trd, 8638783.746, 100
Trd, 8638784.579, 108
Trd, 8638784.679, 138
Trd, 8638785.446, 136
Trd, 8638785.612, 139
Trd, 8638786.246, 136
Trd, 8638786.646, 74
Trd, 8638787.179, 123
Trd, 8638788.412, 120
Trd, 8638788.512, 118
Trd, 8638789.012, 110
Trd, 8638790.846, 133
Trd, 8638791.179, 130
Trd, 8638791.312, 130
Trd, 8638791.612, 113
Trd, 8638791.779, 103
Trd, 8638792.012, 96
Trd, 8638792.479, 134
Trd, 8638792.712, 121
Trd, 8638793.212, 87
Trd, 8638793.246, 118
Trd, 8638793.746, 139
Trd, 8638794.312, 136
Trd, 8638795.579, 129
Trd, 8638796.346, 132
Trd, 8638796.946, 121
Trd, 8638797.146, 138
Trd, 8638797.246, 111
Trd, 8638797.479, 110
Trd, 8638798.212, 115
Trd, 8638798.346, 113
Trd, 8638798.512, 122
Trd, 8638798.612, 113
Trd, 8638799.612, 128
Trd, 8638799.646, 90
Trd, 8638801.179, 118
Trd, 8638801.346, 138
Trd, 8638801.979, 138
Trd, 8638802.012, 127
Trd, 8638802.112, 136
Trd, 8638802.212, 110
Trd, 8638802.512, 106
Trd, 8638802.746, 91
Trd, 8638804.612, 102
Trd, 8638805.279, 129
Trd, 8638805.712, 121
Trd, 8638806.079, 118
Trd, 8638806.312, 81
Trd, 8638806.946, 93
Trd, 8638807.412, 65
Trd, 8638808.112, 114
Trd, 8638808.212, 99
Trd, 8638808.879, 118
Trd, 8638809.179, 118
Trd, 8638809.446, 117
Trd, 8638810.846, 127
Trd, 8638810.879, 111
Trd, 8638811.179, 117
Trd, 8638811.512, 109
Trd, 8638811.612, 101
Trd, 8638811.746, 101
Trd, 8638812.212, 140
Trd, 8638812.679, 128
Trd, 8638813.012, 132
Trd, 8638813.312, 136
Trd, 8638813.379, 126
Trd, 8638814.379, 128
Trd, 8638814.812, 139
Trd, 8638815.012, 124
Trd, 8638815.712, 131
Trd, 8638815.746, 123
Trd, 8638816.012, 128
Trd, 8638817.412, 89
Trd, 8638818.046, 98
Trd, 8638818.246, 89
Trd, 8638818.512, 89
Trd, 8638818.612, 79
Trd, 8638819.879, 122
Trd, 8638820.146, 101
Trd, 8638820.179, 101
Trd, 8638821.679, 91
Trd, 8638822.412, 119
Trd, 8638822.446, 133
Trd, 8638823.446, 138
Trd, 8638824.112, 131
Trd, 8638824.712, 133
Trd, 8638825.646, 112
Trd, 8638825.946, 104
Trd, 8638826.079, 112
Trd, 8638826.612, 116
Trd, 8638826.646, 96
Trd, 8638827.479, 134
Trd, 8638827.846, 133
Trd, 8638828.012, 121
Trd, 8638828.046, 117
Trd, 8638828.412, 109
Trd, 8638829.012, 127
Trd, 8638829.979, 139
Trd, 8638830.379, 119
Trd, 8638830.779, 101
Trd, 8638831.112, 104
Trd, 8638831.412, 138
Trd, 8638832.112, 136
Trd, 8638832.246, 123
Trd, 8638834.512, 127
Trd, 8638834.812, 137
Trd, 8638835.246, 107
Trd, 8638835.446, 139
Trd, 8638835.579, 108
Trd, 8638835.646, 104
Trd, 8638835.679, 101
Trd, 8638835.846, 97
Trd, 8638835.946, 93
Trd, 8638835.979, 88
Trd, 8638836.946, 113
Trd, 8638837.746, 125
Trd, 8638837.879, 87
Trd, 8638838.712, 138
Trd, 8638839.512, 137
Trd, 8638840.646, 128
Trd, 8638840.946, 115
Trd, 8638841.746, 140
Trd, 8638842.012, 136
Trd, 8638842.646, 135
Trd, 8638843.079, 135
Trd, 8638844.346, 136
Trd, 8638844.646, 119
Trd, 8638845.312, 112
Trd, 8638845.379, 101
Trd, 8638846.712, 123
Trd, 8638848.146, 114
Trd, 8638849.046, 119
Trd, 8638850.312, 131
Trd, 8638850.646, 139
Trd, 8638851.479, 124
Trd, 8638851.646, 122
Trd, 8638852.412, 127
Trd, 8638852.546, 120
Trd, 8638852.712, 114
Trd, 8638852.779, 133
Trd, 8638853.679, 136
Trd, 8638854.046, 140
Trd, 8638854.346, 137
Trd, 8638855.212, 117
Trd, 8638855.712, 114
Trd, 8638855.779, 111
Trd, 8638856.079, 125
Trd, 8638856.179, 114
Trd, 8638856.246, 113
Trd, 8638857.179, 115
Trd, 8638858.246, 133
Trd, 8638858.412, 128
Trd, 8638859.079, 118
Trd, 8638859.179, 113
Trd, 8638859.246, 106
Trd, 8638859.546, 132
Trd, 8638859.879, 103
Trd, 8638860.046, 109
Trd, 8638860.079, 101
Trd, 8638860.846, 99
Trd, 8638861.646, 86
Trd, 8638862.546, 139
Trd, 8638862.812, 130
Trd, 8638863.146, 113
Trd, 8638863.479, 128
Trd, 8638863.646, 127
Trd, 8638864.046, 99
Trd, 8638866.646, 136
Trd, 8638866.979, 136
Trd, 8638867.746, 134
Trd, 8638868.012, 136
Trd, 8638868.146, 136
Trd, 8638868.346, 125
Trd, 8638868.446, 137
Trd, 8638868.546, 123
Trd, 8638868.712, 115
Trd, 8638869.646, 138
Trd, 8638870.712, 131
Trd, 8638870.779, 120
Trd, 8638870.879, 84
Trd, 8638871.146, 140
Trd, 8638871.246, 116
Trd, 8638872.212, 121
Trd, 8638872.446, 102
Trd, 8638872.579, 101
Trd, 8638873.112, 134
Trd, 8638873.479, 137
Trd, 8638873.846, 125
Trd, 8638874.379, 123
Trd, 8638874.579, 138
Trd, 8638875.312, 136
Trd, 8638875.612, 140
Trd, 8638876.779, 130
Trd, 8638876.979, 134
Trd, 8638878.012, 135
Trd, 8638878.212, 131
Trd, 8638878.246, 127
Trd, 8638879.312, 134
Trd, 8638879.712, 129
Trd, 8638879.812, 118
Trd, 8638880.446, 135
Trd, 8638880.512, 133
Trd, 8638880.712, 126
Trd, 8638880.779, 123
Trd, 8638881.712, 130
Trd, 8638882.079, 92
Trd, 8638882.412, 140
Trd, 8638883.246, 138
Trd, 8638883.679, 134
Trd, 8638883.712, 126
Trd, 8638884.112, 129
Trd, 8638885.479, 134
Trd, 8638885.846, 130
Trd, 8638885.912, 122
Trd, 8638886.346, 127
Trd, 8638886.446, 108
Trd, 8638887.512, 134
Trd, 8638887.879, 134
Trd, 8638888.112, 122
Trd, 8638889.146, 105
Trd, 8638890.146, 140
Trd, 8638890.212, 138
Trd, 8638890.246, 133
Trd, 8638890.512, 132
Trd, 8638890.746, 120
Trd, 8638891.012, 123
Trd, 8638891.612, 112
Trd, 8638892.746, 128
Trd, 8638893.146, 113
Trd, 8638893.379, 133
Trd, 8638893.579, 125
Trd, 8638894.046, 138
Trd, 8638894.712, 102
Trd, 8638894.979, 89
Trd, 8638895.079, 87
Trd, 8638895.479, 105
Trd, 8638895.879, 125
Trd, 8638896.179, 112
Trd, 8638896.546, 92
Trd, 8638897.646, 109
Trd, 8638898.446, 128
Trd, 8638898.746, 123
Trd, 8638899.646, 135
Trd, 8638899.779, 124
Trd, 8638900.046, 115
Trd, 8638900.212, 124
Trd, 8638900.446, 136
Trd, 8638900.679, 137
Trd, 8638901.112, 131
Trd, 8638902.712, 133
Trd, 8638903.212, 125
Trd, 8638904.312, 139
Trd, 8638905.379, 103
Trd, 8638906.012, 134
Trd, 8638906.079, 129
Trd, 8638906.346, 135
Trd, 8638906.512, 138
Trd, 8638907.112, 121
Trd, 8638907.246, 116
Trd, 8638907.879, 113
Trd, 8638907.979, 101
Trd, 8638908.346, 132
Trd, 8638908.479, 107
Trd, 8638908.812, 137
Trd, 8638909.346, 135
Trd, 8638910.046, 110
Trd, 8638911.279, 140
Trd, 8638911.512, 120
Trd, 8638911.979, 131
Trd, 8638912.379, 124
Trd, 8638912.546, 96
Trd, 8638913.746, 124
Trd, 8638913.879, 139
Trd, 8638914.312, 128
Trd, 8638914.446, 121
Trd, 8638914.479, 101
Trd, 8638915.279, 125
Trd, 8638915.779, 135
Trd, 8638915.879, 124
Trd, 8638916.246, 118
Trd, 8638917.012, 136
Trd, 8638917.112, 132
Trd, 8638917.479, 107
Trd, 8638917.646, 94
Trd, 8638918.912, 138
Trd, 8638919.312, 128
Trd, 8638919.379, 120
Trd, 8638919.512, 120
Trd, 8638919.546, 119
Trd, 8638919.679, 133
Trd, 8638919.946, 139
Trd, 8638920.812, 133
Trd, 8638921.712, 130
Trd, 8638922.812, 134
Trd, 8638923.512, 138
Trd, 8638923.646, 133
Trd, 8638923.879, 128
Trd, 8638924.146, 122
Trd, 8638924.346, 132
Trd, 8638925.212, 125
Trd, 8638925.779, 135
Trd, 8638926.179, 125
Trd, 8638927.446, 127
Trd, 8638928.012, 130
Trd, 8638928.346, 139
Trd, 8638929.912, 126
Trd, 8638930.246, 136
Trd, 8638930.579, 114
Trd, 8638931.512, 134
Trd, 8638931.946, 133
Trd, 8638932.546, 126
Trd, 8638932.612, 130
Trd, 8638933.279, 137
Trd, 8638933.412, 131
Trd, 8638933.479, 115
Trd, 8638933.746, 125
Trd, 8638934.412, 103
Trd, 8638934.612, 138
Trd, 8638936.046, 107
Trd, 8638936.179, 134
Trd, 8638936.579, 120
Trd, 8638937.112, 120
Trd, 8638937.746, 109
Trd, 8638938.379, 114
Trd, 8638938.446, 129
Trd, 8638938.679, 109
Trd, 8638938.879, 118
Trd, 8638939.712, 84
Trd, 8638939.812, 111
Trd, 8638940.279, 107
Trd, 8638940.579, 62
Trd, 8638940.612, 78
Trd, 8638940.646, 97
Trd, 8638941.679, 68
Trd, 8638941.946, 72
Trd, 8638942.879, 132
Trd, 8638943.912, 106
Trd, 8638944.146, 108
Trd, 8638944.212, 111
Trd, 8638944.412, 102
Trd, 8638945.146, 132
Trd, 8638945.679, 129
Trd, 8638946.112, 125
Trd, 8638946.446, 119
Trd, 8638946.746, 111
Trd, 8638947.612, 136
Trd, 8638948.412, 114
Trd, 8638948.846, 81
Trd, 8638949.146, 88
Trd, 8638949.446, 90
Trd, 8638949.512, 103
Trd, 8638950.179, 126
Trd, 8638950.479, 139
Trd, 8638950.612, 129
Trd, 8638950.946, 118
Trd, 8638952.812, 132
Trd, 8638952.946, 126
Trd, 8638953.479, 125
Trd, 8638954.146, 140
Trd, 8638954.912, 132
Trd, 8638955.146, 124
Trd, 8638955.379, 123
Trd, 8638956.479, 121
Trd, 8638956.546, 105
Trd, 8638956.779, 116
Trd, 8638957.412, 108
Trd, 8638957.579, 125
Trd, 8638958.112, 128
Trd, 8638958.379, 137
Trd, 8638958.646, 140
Trd, 8638958.779, 102
Trd, 8638958.946, 139
Trd, 8638960.446, 137
Trd, 8638960.546, 125
Trd, 8638961.612, 138
Trd, 8638961.679, 124
Trd, 8638962.246, 139
Trd, 8638962.779, 136
Trd, 8638963.479, 125
Trd, 8638963.579, 115
Trd, 8638965.079, 127
Trd, 8638965.379, 117
Trd, 8638966.046, 117
Trd, 8638966.479, 115
Trd, 8638966.812, 113
Trd, 8638967.079, 110
Trd, 8638967.646, 139
Trd, 8638967.846, 117
Trd, 8638968.279, 114
Trd, 8638968.446, 138
Trd, 8638968.546, 104
Trd, 8638969.046, 120
Trd, 8638969.712, 129
Trd, 8638969.812, 120
Trd, 8638970.179, 140
Trd, 8638970.646, 139
Trd, 8638971.612, 132
Trd, 8638971.912, 123
Trd, 8638973.046, 136
Trd, 8638973.512, 79
Trd, 8638974.446, 129
Trd, 8638974.612, 124
Trd, 8638974.846, 121
Trd, 8638976.346, 127
Trd, 8638976.812, 114
Trd, 8638977.312, 125
Trd, 8638977.546, 128
Trd, 8638978.112, 129
Trd, 8638979.679, 130
Trd, 8638979.746, 128
Trd, 8638979.912, 131
Trd, 8638979.946, 126
Trd, 8638981.312, 136
Trd, 8638981.379, 135
Trd, 8638981.646, 135
Trd, 8638982.612, 129
Trd, 8638982.812, 128
Trd, 8638983.379, 111
Trd, 8638983.979, 124
Trd, 8638985.612, 130
Trd, 8638986.212, 138
Trd, 8638986.279, 138
Trd, 8638986.346, 137
Trd, 8638986.746, 99
Trd, 8638986.979, 109
Trd, 8638987.112, 97
Trd, 8638987.479, 108
Trd, 8638987.679, 134
Trd, 8638989.146, 136
Trd, 8638989.346, 122
Trd, 8638990.246, 121
Trd, 8638990.412, 135
Trd, 8638990.812, 135
Trd, 8638990.979, 132
Trd, 8638991.079, 110
Trd, 8638991.246, 109
Trd, 8638991.346, 103
Trd, 8638993.012, 128
Trd, 8638993.679, 139
Trd, 8638993.979, 126
Trd, 8638994.012, 111
Trd, 8638994.846, 109
Trd, 8638994.979, 132
Trd, 8638995.579, 136
Trd, 8638995.779, 126
Trd, 8638995.912, 126
Trd, 8638997.179, 108
Trd, 8638997.312, 109
Trd, 8638998.579, 101
Trd, 8638998.779, 112
Trd, 8638999.046, 129
Trd, 8638999.746, 119
Trd, 8639000.446, 118
Trd, 8639000.479, 121
Trd, 8639000.546, 134
Trd, 8639001.046, 110
Trd, 8639001.979, 132
Trd, 8639002.179, 112
Trd, 8639002.512, 124
Trd, 8639002.846, 84
Trd, 8639003.146, 100
Trd, 8639003.346, 128
Trd, 8639003.812, 116
Trd, 8639004.446, 99
Trd, 8639004.946, 99
Trd, 8639005.312, 95
Trd, 8639005.379, 106
Trd, 8639005.546, 126
Trd, 8639006.912, 120
Trd, 8639006.979, 93
Trd, 8639007.746, 107
Trd, 8639007.879, 140
Trd, 8639008.246, 132
Trd, 8639008.679, 138
Trd, 8639008.712, 123
Trd, 8639009.046, 124
Trd, 8639009.446, 105
Trd, 8639009.746, 127
Trd, 8639010.012, 112
Trd, 8639011.112, 134
Trd, 8639011.512, 133
Trd, 8639011.546, 131
Trd, 8639013.212, 117
Trd, 8639013.412, 118
Trd, 8639014.146, 112
Trd, 8639014.246, 109
Trd, 8639014.646, 96
Trd, 8639014.812, 132
Trd, 8639015.312, 129
Trd, 8639015.746, 113
Trd, 8639015.946, 130
Trd, 8639017.946, 140
Trd, 8639018.579, 138
Trd, 8639019.012, 128
Trd, 8639019.479, 129
Trd, 8639021.012, 140
Trd, 8639021.112, 136
Trd, 8639021.179, 135
Trd, 8639021.412, 128
Trd, 8639021.679, 139
Trd, 8639021.712, 121
Trd, 8639021.779, 94
Trd, 8639022.846, 136
Trd, 8639022.879, 127
Trd, 8639023.546, 133
Trd, 8639024.412, 136
Trd, 8639024.446, 133
Trd, 8639025.146, 133
Trd, 8639026.312, 140
Trd, 8639026.512, 134
Trd, 8639026.712, 132
Trd, 8639026.812, 131
Trd, 8639027.012, 124
Trd, 8639027.646, 102
Trd, 8639028.612, 129
Trd, 8639028.946, 120
Trd, 8639029.146, 114
Trd, 8639029.512, 132
Trd, 8639030.012, 129
Trd, 8639030.346, 138
Trd, 8639030.479, 137
Trd, 8639030.579, 110
Trd, 8639030.879, 98
Trd, 8639031.179, 111
Trd, 8639031.346, 89
Trd, 8639032.946, 129
Trd, 8639033.046, 129
Trd, 8639033.979, 128
Trd, 8639034.379, 109
Trd, 8639035.146, 140
Trd, 8639035.179, 138
Trd, 8639035.879, 137
Trd, 8639036.646, 134
Trd, 8639036.779, 123
Trd, 8639036.912, 130
Trd, 8639037.179, 120
Trd, 8639037.479, 140
Trd, 8639038.579, 124
Trd, 8639039.412, 140
Trd, 8639040.946, 124
Trd, 8639041.546, 135
Trd, 8639041.646, 124
Trd, 8639041.812, 119
Trd, 8639042.046, 140
Trd, 8639042.212, 131
Trd, 8639043.779, 119
Trd, 8639043.846, 112
Trd, 8639044.279, 132
Trd, 8639045.046, 139
Trd, 8639045.346, 125
Trd, 8639045.712, 138
Trd, 8639046.112, 120
Trd, 8639046.446, 110
Trd, 8639046.779, 115
Trd, 8639047.246, 120
Trd, 8639048.979, 134
Trd, 8639049.112, 116
Trd, 8639049.346, 138
Trd, 8639050.412, 138
Trd, 8639050.746, 127
Trd, 8639051.412, 140
Trd, 8639051.479, 138
Trd, 8639051.579, 140
Trd, 8639051.912, 97
Trd, 8639052.746, 118
Trd, 8639053.412, 105
Trd, 8639054.146, 120
Trd, 8639054.579, 133
Trd, 8639055.479, 126
Trd, 8639056.379, 125
Trd, 8639057.146, 111
Trd, 8639057.212, 111
Trd, 8639057.279, 109
Trd, 8639057.412, 107
Trd, 8639057.879, 125
Trd, 8639058.412, 130
Trd, 8639058.746, 120
Trd, 8639059.079, 116
Trd, 8639059.112, 123
Trd, 8639060.146, 103
Trd, 8639060.746, 129
Trd, 8639061.312, 109
Trd, 8639061.912, 116
Trd, 8639062.012, 117
Trd, 8639062.912, 95
Trd, 8639062.946, 102
Trd, 8639063.012, 121
Trd, 8639063.879, 134
Trd, 8639064.379, 116
Trd, 8639064.979, 139
Trd, 8639065.212, 106
Trd, 8639065.846, 137
Trd, 8639065.879, 125
Trd, 8639066.512, 121
Trd, 8639066.812, 131
Trd, 8639067.412, 113
Trd, 8639067.712, 110
Trd, 8639067.879, 119
Trd, 8639068.212, 99
Trd, 8639069.446, 123
Trd, 8639069.912, 126
Trd, 8639070.112, 130
Trd, 8639071.446, 119
Trd, 8639071.512, 111
Trd, 8639071.646, 129
Trd, 8639071.812, 125
Trd, 8639072.179, 118
Trd, 8639072.512, 116
Trd, 8639072.679, 122
Trd, 8639072.846, 131
Trd, 8639073.079, 110
Trd, 8639074.512, 137
Trd, 8639074.579, 133
Trd, 8639074.746, 111
Trd, 8639075.212, 95
Trd, 8639075.379, 94
Trd, 8639075.446, 110
Trd, 8639076.212, 113
Trd, 8639076.812, 116
Trd, 8639077.746, 118
Trd, 8639078.079, 127
Trd, 8639078.379, 133
Trd, 8639078.479, 111
Trd, 8639079.446, 128
Trd, 8639082.546, 137
Trd, 8639082.579, 132
Trd, 8639083.646, 139
Trd, 8639083.679, 137
Trd, 8639083.712, 133
Trd, 8639084.146, 136
Trd, 8639084.612, 132
Trd, 8639085.312, 138
Trd, 8639085.646, 132
Trd, 8639085.679, 132
Trd, 8639086.579, 116
Trd, 8639086.979, 132
Trd, 8639087.112, 109
Trd, 8639087.512, 107
Trd, 8639088.179, 129
Trd, 8639088.679, 128
Trd, 8639088.779, 106
Trd, 8639089.312, 115
Trd, 8639090.279, 106
Trd, 8639091.046, 135
Trd, 8639091.212, 131
Trd, 8639091.312, 140
Trd, 8639092.979, 134
Trd, 8639093.579, 133
Trd, 8639094.579, 138
Trd, 8639094.779, 132
Trd, 8639095.612, 125
Trd, 8639095.679, 124
Trd, 8639096.812, 133
Trd, 8639096.879, 124
Trd, 8639096.946, 121
Trd, 8639097.079, 137
Trd, 8639097.479, 120
Trd, 8639098.112, 103
Trd, 8639098.179, 129
Trd, 8639098.346, 134
Trd, 8639098.846, 129
Trd, 8639100.312, 132
Trd, 8639100.546, 130
Trd, 8639101.212, 134
Trd, 8639101.779, 138
Trd, 8639103.646, 140
Trd, 8639103.812, 140
Trd, 8639103.846, 132
Trd, 8639104.012, 130
Trd, 8639104.812, 106
Trd, 8639105.012, 104
Trd, 8639105.879, 140
Trd, 8639106.279, 134
Trd, 8639106.512, 127
Trd, 8639106.979, 137
Trd, 8639107.346, 130
Trd, 8639107.446, 116
Trd, 8639108.012, 138
Trd, 8639108.679, 124
Trd, 8639109.579, 105
Trd, 8639109.712, 102
Trd, 8639109.779, 97
Trd, 8639110.112, 115
Trd, 8639110.212, 122
Trd, 8639110.279, 84
Trd, 8639111.312, 114
Trd, 8639111.546, 122
Trd, 8639112.112, 122
Trd, 8639112.646, 125
Trd, 8639113.279, 140
Trd, 8639113.312, 117
Trd, 8639114.779, 138
Trd, 8639115.112, 108
Trd, 8639115.346, 79
Trd, 8639115.879, 97
Trd, 8639116.112, 101
Trd, 8639116.912, 95
Trd, 8639117.179, 90
Trd, 8639117.846, 86
Trd, 8639118.379, 87
Trd, 8639118.779, 99
Trd, 8639118.979, 117
Trd, 8639119.346, 118
Trd, 8639119.846, 130
Trd, 8639120.479, 122
Trd, 8639120.879, 138
Trd, 8639121.212, 127
Trd, 8639121.546, 121
Trd, 8639122.246, 107
Trd, 8639123.112, 121
Trd, 8639124.112, 138
Trd, 8639124.212, 137
Trd, 8639124.312, 131
Trd, 8639124.712, 106
Trd, 8639125.046, 105
Trd, 8639125.246, 127
Trd, 8639125.379, 131
Trd, 8639126.746, 101
Trd, 8639127.312, 130
Trd, 8639127.546, 130
Trd, 8639128.179, 115
Trd, 8639128.779, 104
Trd, 8639129.012, 122
Trd, 8639129.379, 110
Trd, 8639129.812, 106
Trd, 8639130.879, 107
Trd, 8639131.212, 111
Trd, 8639131.279, 95
Trd, 8639131.479, 140
Trd, 8639132.012, 113
Trd, 8639132.146, 117
Trd, 8639132.746, 134
Trd, 8639134.212, 125
Trd, 8639135.312, 118
Trd, 8639135.346, 114
Trd, 8639135.546, 135
Trd, 8639135.646, 99
Trd, 8639136.012, 127
Trd, 8639136.079, 121
Trd, 8639136.746, 124
Trd, 8639136.879, 107
Trd, 8639137.246, 130
Trd, 8639139.979, 134
Trd, 8639140.246, 132
Trd, 8639140.312, 127
Trd, 8639140.379, 126
Trd, 8639140.846, 112
Trd, 8639141.046, 122
Trd, 8639141.179, 106
Trd, 8639141.379, 105
Trd, 8639141.979, 87
Trd, 8639142.512, 85
Trd, 8639143.246, 85
Trd, 8639143.479, 92
Trd, 8639143.879, 139
Trd, 8639144.512, 138
Trd, 8639145.212, 93
Trd, 8639145.879, 108
Trd, 8639146.579, 84
Trd, 8639146.746, 68
Trd, 8639147.846, 121
Trd, 8639148.179, 137
Trd, 8639148.612, 128
Trd, 8639149.146, 121
Trd, 8639149.746, 138
Trd, 8639149.946, 126
Trd, 8639150.179, 133
Trd, 8639150.346, 127
Trd, 8639151.579, 134
Trd, 8639152.579, 133
Trd, 8639152.679, 132
Trd, 8639153.179, 139
Trd, 8639153.912, 138
Trd, 8639154.179, 138
Trd, 8639154.379, 134
Trd, 8639154.412, 126
Trd, 8639155.412, 129
Trd, 8639155.446, 119
Trd, 8639155.812, 99
Trd, 8639155.979, 109
Trd, 8639156.146, 121
Trd, 8639157.479, 122
Trd, 8639158.512, 139
Trd, 8639158.579, 113
Trd, 8639160.079, 132
Trd, 8639161.779, 130
Trd, 8639161.846, 113
Trd, 8639162.046, 107
Trd, 8639162.779, 135
Trd, 8639164.246, 140
Trd, 8639164.279, 133
Trd, 8639164.479, 140
Trd, 8639164.712, 135
Trd, 8639164.812, 133
Trd, 8639164.946, 84
Trd, 8639165.046, 111
Trd, 8639165.279, 130
Trd, 8639167.679, 115
Trd, 8639168.246, 115
Trd, 8639168.679, 129
Trd, 8639169.312, 122
Trd, 8639169.912, 139
Trd, 8639170.012, 139
Trd, 8639170.279, 124
Trd, 8639171.746, 133
Trd, 8639171.846, 117
Trd, 8639172.012, 116
Trd, 8639172.746, 116
Trd, 8639173.446, 115
Trd, 8639173.912, 122
Trd, 8639175.112, 119
Trd, 8639175.246, 108
Trd, 8639175.279, 102
Trd, 8639175.846, 129
Trd, 8639176.312, 119
Trd, 8639176.646, 120
Trd, 8639177.846, 110
Trd, 8639177.946, 140
Trd, 8639178.146, 137
Trd, 8639178.479, 108
Trd, 8639178.879, 104
Trd, 8639179.379, 119
Trd, 8639179.879, 140
Trd, 8639180.146, 131
Trd, 8639180.246, 129
Trd, 8639181.046, 140
Trd, 8639181.479, 124
Trd, 8639181.679, 119
Trd, 8639182.912, 129
Trd, 8639183.846, 121
Trd, 8639184.846, 136
Trd, 8639185.012, 102
Trd, 8639185.046, 101
Trd, 8639185.246, 130
Trd, 8639186.046, 112
Trd, 8639187.012, 136
Trd, 8639187.279, 128
Trd, 8639187.412, 125
Trd, 8639187.946, 136
Trd, 8639188.146, 94
Trd, 8639188.312, 126
Trd, 8639189.046, 135
Trd, 8639189.246, 131
Trd, 8639190.046, 139
Trd, 8639191.279, 117
Trd, 8639191.612, 106
Trd, 8639192.012, 99
Trd, 8639192.446, 116
Trd, 8639192.479, 96
Trd, 8639193.512, 130
Trd, 8639193.546, 119
Trd, 8639193.612, 79
Trd, 8639194.112, 90
Trd, 8639194.746, 76
Trd, 8639194.812, 85
Trd, 8639195.979, 110
Trd, 8639196.379, 105
Trd, 8639196.546, 84
Trd, 8639197.179, 98
Trd, 8639197.812, 132
Trd, 8639197.946, 125
Trd, 8639198.079, 120
Trd, 8639198.446, 126
Trd, 8639198.779, 140
Trd, 8639199.312, 111
Trd, 8639199.746, 130
Trd, 8639199.946, 100
Trd, 8639200.246, 115
Trd, 8639200.346, 96
Trd, 8639200.846, 99
Trd, 8639201.812, 127
Trd, 8639202.446, 99
Trd, 8639202.479, 104
Trd, 8639204.012, 122
Trd, 8639204.612, 130
Trd, 8639205.379, 126
Trd, 8639205.779, 107
Trd, 8639206.079, 119
Trd, 8639206.279, 109
Trd, 8639206.612, 105
Trd, 8639207.579, 125
Trd, 8639208.179, 114
Trd, 8639208.312, 109
Trd, 8639209.079, 127
Trd, 8639209.179, 116
Trd, 8639209.312, 107
Trd, 8639209.812, 102
Trd, 8639210.279, 133
Trd, 8639210.746, 128
Trd, 8639211.212, 123
Trd, 8639212.312, 132
Trd, 8639213.046, 121
Trd, 8639213.212, 87
Trd, 8639213.346, 91
Trd, 8639213.412, 97
Trd, 8639213.946, 112
Trd, 8639214.212, 105
Trd, 8639214.746, 135
Trd, 8639215.046, 121
Trd, 8639216.379, 136
Trd, 8639216.679, 136
Trd, 8639216.812, 132
Trd, 8639218.212, 133
Trd, 8639218.612, 136
Trd, 8639219.112, 136
Trd, 8639219.146, 130
Trd, 8639219.479, 127
Trd, 8639220.312, 126
Trd, 8639220.846, 135
Trd, 8639221.612, 126
Trd, 8639221.779, 120
Trd, 8639222.179, 130
Trd, 8639222.712, 102
Trd, 8639222.779, 95
Trd, 8639223.079, 103
Trd, 8639225.146, 139
Trd, 8639225.712, 137
Trd, 8639225.879, 136
Trd, 8639226.012, 128
Trd, 8639226.646, 124
Trd, 8639226.879, 124
Trd, 8639227.012, 122
Trd, 8639227.712, 134
Trd, 8639228.112, 126
Trd, 8639228.346, 123
Trd, 8639229.012, 125
Trd, 8639229.579, 134
Trd, 8639229.679, 138
Trd, 8639229.912, 112
Trd, 8639230.146, 121
Trd, 8639230.379, 112
Trd, 8639230.812, 117
Trd, 8639231.812, 137
Trd, 8639232.346, 119
Trd, 8639233.612, 108
Trd, 8639234.346, 103
Trd, 8639234.712, 116
Trd, 8639234.779, 98
Trd, 8639234.979, 94
Trd, 8639235.079, 122
Trd, 8639235.779, 125
Trd, 8639236.412, 135
Trd, 8639236.446, 135
Trd, 8639236.746, 134
Trd, 8639237.279, 124
Trd, 8639238.146, 132
Trd, 8639238.246, 116
Trd, 8639238.646, 138
Trd, 8639239.212, 118
Trd, 8639241.179, 134
Trd, 8639241.279, 120
Trd, 8639241.812, 121
Trd, 8639242.146, 114
Trd, 8639242.279, 105
Trd, 8639242.646, 132
Trd, 8639242.779, 111
Trd, 8639245.112, 129
Trd, 8639245.979, 107
Trd, 8639246.046, 104
Trd, 8639247.046, 140
Trd, 8639247.512, 108
Trd, 8639248.212, 140
Trd, 8639248.346, 111
Trd, 8639249.046, 125
Trd, 8639249.512, 107
Trd, 8639249.912, 136
Trd, 8639250.312, 135
Trd, 8639252.012, 140
Trd, 8639252.812, 134
Trd, 8639252.912, 134
Trd, 8639253.312, 127
Trd, 8639253.346, 119
Trd, 8639253.512, 140
Trd, 8639253.546, 129
Trd, 8639254.512, 115
Trd, 8639255.546, 137
Trd, 8639255.812, 130
Trd, 8639256.346, 140
Trd, 8639256.712, 128
Trd, 8639257.479, 117
Trd, 8639257.746, 101
Trd, 8639258.612, 138
Trd, 8639258.679, 135
Trd, 8639259.112, 133
Trd, 8639259.146, 117
Trd, 8639259.579, 132
Trd, 8639259.812, 126
Trd, 8639261.779, 133
Trd, 8639262.179, 130
Trd, 8639262.579, 130
Trd, 8639262.879, 120
Trd, 8639263.046, 119
Trd, 8639263.112, 128
Trd, 8639263.812, 112
Trd, 8639264.146, 139
Trd, 8639265.446, 135
Trd, 8639266.012, 136
Trd, 8639266.179, 128
Trd, 8639266.412, 128
Trd, 8639266.446, 113
Trd, 8639267.879, 136
Trd, 8639268.079, 124
Trd, 8639269.079, 127
Trd, 8639269.246, 119
Trd, 8639269.612, 110
Trd, 8639272.179, 136
Trd, 8639272.512, 136
Trd, 8639272.746, 132
Trd, 8639273.012, 124
Trd, 8639273.312, 127
Trd, 8639273.912, 125
Trd, 8639273.946, 122
Trd, 8639274.112, 116
Trd, 8639274.312, 113
Trd, 8639274.512, 132
Trd, 8639274.612, 108
Trd, 8639275.612, 94
Trd, 8639275.912, 114
Trd, 8639276.112, 80
Trd, 8639277.046, 95
Trd, 8639277.546, 125
Trd, 8639277.812, 105
Trd, 8639278.046, 124
Trd, 8639278.246, 77
Trd, 8639278.412, 106
Trd, 8639279.046, 113
Trd, 8639279.946, 131
Trd, 8639280.646, 126
Trd, 8639280.979, 126
Trd, 8639281.712, 117
Trd, 8639282.746, 139
Trd, 8639282.779, 133
Trd, 8639283.279, 115
Trd, 8639283.446, 107
Trd, 8639283.846, 116
Trd, 8639284.079, 127
Trd, 8639284.779, 133
Trd, 8639285.412, 134
Trd, 8639287.279, 118
Trd, 8639287.479, 115
Trd, 8639287.646, 96
Trd, 8639288.046, 127
Trd, 8639288.646, 128
Trd, 8639289.012, 120
Trd, 8639289.479, 104
Trd, 8639289.946, 111
Trd, 8639290.046, 100
Trd, 8639290.279, 121
Trd, 8639291.179, 140
Trd, 8639291.412, 116
Trd, 8639291.946, 137
Trd, 8639293.479, 125
Trd, 8639293.579, 120
Trd, 8639294.279, 111
Trd, 8639294.746, 132
Trd, 8639294.979, 102
Trd, 8639295.246, 140
Trd, 8639295.379, 94
Trd, 8639295.746, 107
Trd, 8639296.246, 114
Trd, 8639297.046, 127
Trd, 8639297.446, 123
Trd, 8639298.179, 135
Trd, 8639298.212, 116
Trd, 8639298.646, 132
Trd, 8639298.879, 127
Trd, 8639299.612, 134
Trd, 8639300.246, 135
Trd, 8639300.279, 139
Trd, 8639300.312, 134
Trd, 8639300.679, 109
Trd, 8639301.179, 126
Trd, 8639302.279, 118
Trd, 8639302.746, 139
Trd, 8639303.212, 117
Trd, 8639304.212, 132
Trd, 8639305.246, 132
Trd, 8639305.646, 129
Trd, 8639306.646, 130
Trd, 8639306.746, 124
Trd, 8639306.779, 124
Trd, 8639306.846, 123
Trd, 8639307.212, 92
Trd, 8639308.279, 109
Trd, 8639308.346, 99
Trd, 8639309.912, 108
Trd, 8639310.479, 138
Trd, 8639310.779, 140
Trd, 8639310.946, 120
Trd, 8639311.646, 140
Trd, 8639312.146, 139
Trd, 8639312.279, 92
Trd, 8639313.512, 132
Trd, 8639313.546, 118
Trd, 8639313.579, 133
Trd, 8639313.712, 116
Trd, 8639313.779, 106
Trd, 8639314.379, 126
Trd, 8639314.846, 99
Trd, 8639316.046, 118
Trd, 8639317.112, 133
Trd, 8639317.446, 139
Trd, 8639317.612, 128
Trd, 8639317.712, 120
Trd, 8639317.879, 96
Trd, 8639318.246, 118
Trd, 8639318.946, 109
Trd, 8639319.679, 89
Trd, 8639320.479, 116
Trd, 8639320.512, 117
Trd, 8639320.712, 111
Trd, 8639321.479, 135
Trd, 8639322.179, 127
Trd, 8639322.912, 137
Trd, 8639322.946, 107
Trd, 8639323.746, 139
Trd, 8639324.646, 135
Trd, 8639324.812, 134
Trd, 8639325.079, 126
Trd, 8639325.512, 124
Trd, 8639326.079, 117
Trd, 8639326.412, 104
Trd, 8639327.246, 107
Trd, 8639327.779, 136
Trd, 8639328.346, 120
Trd, 8639328.746, 136
Trd, 8639328.779, 114
Trd, 8639329.179, 109
Trd, 8639329.212, 105
Trd, 8639330.279, 105
Trd, 8639330.679, 133
Trd, 8639330.846, 131
Trd, 8639330.946, 97
Trd, 8639331.612, 129
Trd, 8639332.212, 117
Trd, 8639332.912, 131
Trd, 8639334.179, 133
Trd, 8639334.346, 140
Trd, 8639335.412, 135
Trd, 8639336.312, 136
Trd, 8639336.379, 130
Trd, 8639336.679, 128
Trd, 8639336.879, 125
Trd, 8639338.079, 131
Trd, 8639338.446, 132
Trd, 8639338.712, 127
Trd, 8639339.012, 140
Trd, 8639339.912, 130
Trd, 8639340.546, 132
Trd, 8639341.579, 138
Trd, 8639341.879, 118
Trd, 8639341.979, 113
Trd, 8639342.212, 107
Trd, 8639342.446, 105
Trd, 8639343.646, 126
Trd, 8639344.146, 124
Trd, 8639344.412, 120
Trd, 8639344.979, 108
Trd, 8639345.079, 106
Trd, 8639345.246, 128
Trd, 8639345.579, 109
Trd, 8639345.846, 110
Trd, 8639346.346, 134
Trd, 8639346.979, 114
Trd, 8639347.512, 115
Trd, 8639347.546, 113
Trd, 8639348.246, 113
Trd, 8639348.446, 127
Trd, 8639348.579, 137
Trd, 8639349.946, 140
Trd, 8639350.646, 140
Trd, 8639350.879, 135
Trd, 8639351.312, 125
Trd, 8639352.146, 133
Trd, 8639352.712, 136
Trd, 8639352.912, 129
Trd, 8639353.246, 118
Trd, 8639353.512, 123
Trd, 8639354.712, 121
Trd, 8639355.346, 114
Trd, 8639355.746, 123
Trd, 8639355.879, 107
Trd, 8639356.512, 116
Trd, 8639357.079, 130
Trd, 8639357.179, 131
Trd, 8639358.112, 134
Trd, 8639358.212, 111
Trd, 8639358.312, 110
Trd, 8639358.879, 139
Trd, 8639359.079, 116
Trd, 8639360.846, 139
Trd, 8639361.479, 127
Trd, 8639361.579, 120
Trd, 8639361.646, 132
Trd, 8639362.679, 120
Trd, 8639362.912, 112
Trd, 8639362.979, 132
Trd, 8639363.212, 118
Trd, 8639363.712, 115
Trd, 8639363.746, 110
Trd, 8639363.979, 100
Trd, 8639364.079, 96
Trd, 8639364.646, 107
Trd, 8639365.012, 135
Trd, 8639365.279, 102
Trd, 8639366.846, 138
Trd, 8639367.179, 130
Trd, 8639367.479, 111
Trd, 8639368.712, 123
Trd, 8639369.146, 121
Trd, 8639369.579, 129
Trd, 8639369.646, 120
Trd, 8639370.046, 118
Trd, 8639370.612, 99
Trd, 8639370.979, 140
Trd, 8639371.679, 123
Trd, 8639371.746, 92
Trd, 8639371.846, 90
Trd, 8639371.912, 83
Trd, 8639372.612, 130
Trd, 8639373.646, 119
Trd, 8639373.679, 109
Trd, 8639373.946, 133
Trd, 8639374.979, 118
Trd, 8639375.312, 135
Trd, 8639376.479, 131
Trd, 8639376.646, 117
Trd, 8639376.946, 113
Trd, 8639377.079, 102
Trd, 8639377.846, 114
Trd, 8639377.879, 64
Trd, 8639378.146, 133
Trd, 8639378.312, 138
Trd, 8639379.112, 117
Trd, 8639379.746, 108
Trd, 8639380.279, 115
Trd, 8639380.412, 127
Trd, 8639380.679, 87
Trd, 8639381.246, 99
Trd, 8639381.312, 109
Trd, 8639381.446, 126
Trd, 8639381.546, 135
Trd, 8639382.946, 136
Trd, 8639383.346, 135
Trd, 8639383.446, 118
Trd, 8639384.079, 128
Trd, 8639384.279, 115
Trd, 8639384.979, 122
Trd, 8639385.146, 139
Trd, 8639385.879, 129
Trd, 8639385.912, 111
Trd, 8639386.446, 90
Trd, 8639387.079, 112
Trd, 8639387.812, 79
Trd, 8639388.112, 94
Trd, 8639388.446, 117
Trd, 8639388.546, 116
Trd, 8639388.612, 137
Trd, 8639388.946, 132
Trd, 8639389.946, 126
Trd, 8639389.979, 106
Trd, 8639390.112, 127
Trd, 8639390.212, 98
Trd, 8639390.646, 123
Trd, 8639391.246, 122
Trd, 8639391.279, 110
Trd, 8639392.246, 130
Trd, 8639392.479, 122
Trd, 8639392.846, 110
Trd, 8639393.346, 125
Trd, 8639393.879, 80
Trd, 8639394.279, 113
Trd, 8639394.779, 128
Trd, 8639395.846, 140
Trd, 8639396.279, 140
Trd, 8639396.512, 137
Trd, 8639398.346, 135
Trd, 8639398.746, 111
Trd, 8639399.079, 103
Trd, 8639399.646, 133
Trd, 8639399.779, 101
Trd, 8639399.912, 95
Trd, 8639400.612, 110
Trd, 8639401.412, 107
Trd, 8639401.512, 105
Trd, 8639402.446, 111
Trd, 8639402.646, 123
Trd, 8639403.146, 131
Trd, 8639403.446, 135
Trd, 8639403.512, 128
Trd, 8639403.779, 123
Trd, 8639404.979, 139
Trd, 8639405.612, 134
Trd, 8639406.746, 137
Trd, 8639406.846, 129
Trd, 8639407.112, 127
Trd, 8639407.246, 128
Trd, 8639407.712, 120
Trd, 8639407.879, 119
Trd, 8639409.679, 137
Trd, 8639409.779, 135
Trd, 8639409.912, 132
Trd, 8639410.279, 129
Trd, 8639411.112, 135
Trd, 8639411.212, 130
Trd, 8639411.279, 129
Trd, 8639411.379, 122
Trd, 8639411.912, 131
Trd, 8639412.112, 126
Trd, 8639412.879, 102
Trd, 8639413.579, 101
Trd, 8639413.712, 98
Trd, 8639413.812, 101
Trd, 8639413.946, 94
Trd, 8639414.212, 106
Trd, 8639414.512, 110
Trd, 8639414.579, 117
Trd, 8639415.379, 125
Trd, 8639416.646, 140
Trd, 8639417.146, 134
Trd, 8639417.246, 129
Trd, 8639417.646, 125
Trd, 8639417.679, 122
Trd, 8639418.679, 128
Trd, 8639419.212, 137
Trd, 8639419.379, 140
Trd, 8639420.346, 131
Trd, 8639420.612, 128
Trd, 8639420.979, 129
Trd, 8639422.712, 124
Trd, 8639422.779, 105
Trd, 8639422.946, 119
Trd, 8639423.212, 140
Trd, 8639423.712, 100
Trd, 8639424.179, 104
Trd, 8639424.646, 111
Trd, 8639424.946, 102
Trd, 8639425.646, 136
Trd, 8639426.046, 120
Trd, 8639426.112, 119
Trd, 8639427.179, 135
Trd, 8639427.512, 140
Trd, 8639427.846, 113
Trd, 8639428.379, 131
Trd, 8639428.679, 110
Trd, 8639428.779, 106
Trd, 8639429.546, 90
Trd, 8639430.146, 81
Trd, 8639430.212, 87
Trd, 8639430.246, 116
Trd, 8639430.912, 138
Trd, 8639430.946, 133
Trd, 8639431.912, 134
Trd, 8639431.946, 129
Trd, 8639432.146, 126
Trd, 8639433.412, 133
Trd, 8639433.612, 128
Trd, 8639433.946, 127
Trd, 8639434.112, 122
Trd, 8639435.079, 101
Trd, 8639436.379, 131
Trd, 8639436.712, 132
Trd, 8639438.146, 131
Trd, 8639438.246, 130
Trd, 8639438.546, 140
Trd, 8639438.579, 123
Trd, 8639439.712, 131
Trd, 8639440.279, 136
Trd, 8639440.479, 132
Trd, 8639441.146, 132
Trd, 8639442.279, 131
Trd, 8639442.646, 130
Trd, 8639442.746, 128
Trd, 8639443.112, 126
Trd, 8639443.746, 123
Trd, 8639444.079, 124
Trd, 8639445.279, 137
Trd, 8639445.346, 116
Trd, 8639445.712, 115
Trd, 8639445.812, 98
Trd, 8639445.979, 83
Trd, 8639446.246, 83
Trd, 8639447.146, 134
Trd, 8639447.612, 127
Trd, 8639448.246, 124
Trd, 8639448.312, 122
Trd, 8639448.912, 81
Trd, 8639449.146, 82
Trd, 8639449.379, 96
Trd, 8639449.446, 92
Trd, 8639449.879, 111
Trd, 8639450.846, 110
Trd, 8639451.079, 130
Trd, 8639451.912, 119
Trd, 8639452.312, 132
Trd, 8639452.512, 126
Trd, 8639454.412, 116
Trd, 8639454.712, 122
Trd, 8639454.779, 119
Trd, 8639454.846, 98
Trd, 8639455.046, 97
Trd, 8639455.379, 108
Trd, 8639456.079, 136
Trd, 8639456.246, 123
Trd, 8639457.112, 137
Trd, 8639458.746, 130
Trd, 8639458.846, 126
Trd, 8639459.046, 98
Trd, 8639459.879, 138
Trd, 8639460.046, 116
Trd, 8639460.712, 77
Trd, 8639460.779, 79
Trd, 8639460.979, 117
Trd, 8639461.312, 115
Trd, 8639461.446, 106
Trd, 8639461.712, 133
Trd, 8639461.979, 136
Trd, 8639463.446, 130
Trd, 8639463.546, 123
Trd, 8639463.912, 122
Trd, 8639464.912, 138
Trd, 8639465.312, 133
Trd, 8639465.879, 114
Trd, 8639465.912, 131
Trd, 8639466.679, 128
Trd, 8639467.446, 133
Trd, 8639468.812, 125
Trd, 8639469.179, 113
Trd, 8639469.212, 130
Trd, 8639469.612, 125
Trd, 8639469.979, 120
Trd, 8639471.412, 126
Trd, 8639471.712, 110
Trd, 8639471.879, 99
Trd, 8639472.412, 129
Trd, 8639472.612, 124
Trd, 8639472.846, 115
Trd, 8639473.379, 110
Trd, 8639473.546, 107
Trd, 8639473.746, 92
Trd, 8639474.312, 100
Trd, 8639474.979, 123
Trd, 8639475.112, 101
Trd, 8639475.512, 87
Trd, 8639475.846, 78
Trd, 8639476.479, 128
Trd, 8639477.946, 136
Trd, 8639478.479, 138
Trd, 8639478.612, 130
Trd, 8639479.112, 129
Trd, 8639479.246, 128
Trd, 8639480.546, 125
Trd, 8639480.679, 124
Trd, 8639480.812, 136
Trd, 8639481.079, 117
Trd, 8639482.312, 140
Trd, 8639482.779, 119
Trd, 8639482.946, 109
Trd, 8639483.579, 119
Trd, 8639483.746, 113
Trd, 8639484.379, 136
Trd, 8639484.546, 102
Trd, 8639484.579, 95
Trd, 8639485.012, 94
Trd, 8639485.246, 94
Trd, 8639486.779, 112
Trd, 8639486.812, 105
Trd, 8639487.279, 112
Trd, 8639487.746, 114
Trd, 8639487.879, 112
Trd, 8639488.212, 128
Trd, 8639488.546, 126
Trd, 8639489.046, 133
Trd, 8639489.579, 90
Trd, 8639489.912, 89
Trd, 8639490.246, 99
Trd, 8639490.512, 126
Trd, 8639490.612, 93
Trd, 8639491.079, 104
Trd, 8639491.812, 132
Trd, 8639492.312, 129
Trd, 8639492.346, 109
Trd, 8639493.646, 99
Trd, 8639494.046, 115
Trd, 8639494.546, 112
Trd, 8639494.646, 108
Trd, 8639495.279, 109
Trd, 8639495.379, 106
Trd, 8639495.679, 104
Trd, 8639496.679, 125
Trd, 8639497.612, 131
Trd, 8639498.212, 134
Trd, 8639498.579, 135
Trd, 8639498.779, 138
Trd, 8639498.846, 133
Trd, 8639499.846, 133
Trd, 8639500.179, 116
Trd, 8639501.079, 136
Trd, 8639502.146, 132
Trd, 8639502.279, 120
Trd, 8639502.512, 139
Trd, 8639502.579, 114
Trd, 8639502.612, 113
Trd, 8639503.112, 129
Trd, 8639503.212, 102
Trd, 8639503.612, 101
Trd, 8639503.946, 78
Trd, 8639504.312, 85
Trd, 8639506.212, 140
Trd, 8639506.412, 138
Trd, 8639507.112, 121
Trd, 8639507.146, 111
Trd, 8639507.312, 112
Trd, 8639507.346, 101
Trd, 8639508.079, 118
Trd, 8639508.312, 117
Trd, 8639509.146, 111
Trd, 8639509.346, 111
Trd, 8639510.146, 113
Trd, 8639510.412, 125
Trd, 8639510.579, 128
Trd, 8639510.646, 127
Trd, 8639511.179, 108
Trd, 8639511.479, 107
Trd, 8639511.746, 93
Trd, 8639512.946, 135
Trd, 8639513.146, 128
Trd, 8639514.312, 140
Trd, 8639514.379, 137
Trd, 8639514.712, 135
Trd, 8639515.646, 136
Trd, 8639515.779, 128
Trd, 8639516.212, 138
Trd, 8639516.879, 135
Trd, 8639516.912, 113
Trd, 8639517.179, 112
Trd, 8639517.912, 135
Trd, 8639518.479, 124
Trd, 8639519.379, 138
Trd, 8639520.412, 139
Trd, 8639520.679, 136
Trd, 8639520.979, 121
Trd, 8639522.412, 138
Trd, 8639522.546, 133
Trd, 8639522.946, 130
Trd, 8639523.312, 133
Trd, 8639525.112, 139
Trd, 8639527.212, 137
Trd, 8639527.312, 134
Trd, 8639527.512, 127
Trd, 8639527.679, 127
Trd, 8639527.979, 139
Trd, 8639528.279, 132
Trd, 8639528.979, 127
Trd, 8639530.079, 135
Trd, 8639530.312, 125
Trd, 8639530.412, 125
Trd, 8639531.246, 123
Trd, 8639532.246, 105
Trd, 8639533.679, 136
Trd, 8639533.712, 134
Trd, 8639534.112, 115
Trd, 8639534.546, 114
Trd, 8639535.112, 131
Trd, 8639535.612, 132
Trd, 8639535.779, 116
Trd, 8639536.679, 140
Trd, 8639537.246, 129
Trd, 8639537.279, 123
Trd, 8639537.479, 101
Trd, 8639538.179, 133
Trd, 8639538.212, 99
Trd, 8639538.646, 82
Trd, 8639538.712, 96
Trd, 8639538.946, 121
Trd, 8639539.346, 137
Trd, 8639539.479, 133
Trd, 8639540.879, 115
Trd, 8639541.946, 119
Trd, 8639542.046, 120
Trd, 8639542.212, 120
Trd, 8639542.979, 121
Trd, 8639543.246, 134
Trd, 8639543.346, 118
Trd, 8639543.479, 114
Trd, 8639543.612, 131
Trd, 8639543.746, 111
Trd, 8639543.846, 102
Trd, 8639543.946, 96
Trd, 8639545.512, 130
Trd, 8639546.179, 126
Trd, 8639546.279, 135
Trd, 8639546.846, 137
Trd, 8639546.879, 125
Trd, 8639548.179, 121
Trd, 8639548.212, 102
Trd, 8639549.846, 120
Trd, 8639550.512, 119
Trd, 8639551.012, 132
Trd, 8639551.246, 115
Trd, 8639551.412, 120
Trd, 8639552.146, 123
Trd, 8639552.912, 133
Trd, 8639554.079, 134
Trd, 8639554.512, 128
Trd, 8639556.046, 135
Trd, 8639556.179, 139
Trd, 8639556.479, 130
Trd, 8639556.812, 138
Trd, 8639557.512, 137
Trd, 8639557.646, 139
Trd, 8639557.779, 135
Trd, 8639558.179, 133
Trd, 8639558.446, 132
Trd, 8639558.612, 129
Trd, 8639558.779, 139
Trd, 8639559.279, 94
Trd, 8639559.446, 94
Trd, 8639560.212, 119
Trd, 8639560.546, 139
Trd, 8639563.179, 132
Trd, 8639563.312, 130
Trd, 8639563.812, 125
Trd, 8639563.912, 125
Trd, 8639564.112, 120
Trd, 8639564.312, 130
Trd, 8639564.346, 127
Trd, 8639564.446, 105
Trd, 8639566.479, 136
Trd, 8639567.279, 137
Trd, 8639567.346, 135
Trd, 8639567.579, 131
Trd, 8639567.612, 124
Trd, 8639567.746, 115
Trd, 8639567.946, 114
Trd, 8639568.146, 104
Trd, 8639568.746, 114
Trd, 8639569.146, 128
Trd, 8639570.046, 127
Trd, 8639570.246, 87
Trd, 8639570.479, 110
Trd, 8639572.312, 138
Trd, 8639572.546, 129
Trd, 8639572.646, 129
Trd, 8639573.112, 112
Trd, 8639573.746, 119
Trd, 8639573.879, 117
Trd, 8639574.046, 130
Trd, 8639574.379, 97
Trd, 8639574.846, 108
Trd, 8639575.112, 98
Trd, 8639575.379, 94
Trd, 8639575.879, 136
Trd, 8639576.046, 134
Trd, 8639576.246, 113
Trd, 8639576.512, 130
Trd, 8639577.746, 81
Trd, 8639578.612, 98
Trd, 8639579.246, 121
Trd, 8639579.279, 103
Trd, 8639580.046, 137
Trd, 8639580.712, 134
Trd, 8639580.912, 131
Trd, 8639581.946, 131
Trd, 8639582.312, 120
Trd, 8639582.379, 125
Trd, 8639582.412, 113
Trd, 8639583.112, 119
Trd, 8639583.612, 136
Trd, 8639584.079, 116
Trd, 8639584.546, 138
Trd, 8639584.646, 109
Trd, 8639584.879, 116
Trd, 8639584.946, 109
Trd, 8639585.179, 98
Trd, 8639585.646, 130
Trd, 8639585.879, 121
Trd, 8639586.046, 97
Trd, 8639588.046, 133
Trd, 8639588.212, 126
Trd, 8639588.479, 121
Trd, 8639588.846, 119
Trd, 8639589.212, 101
Trd, 8639589.612, 133
Trd, 8639589.646, 118
Trd, 8639590.479, 134
Trd, 8639590.679, 96
Trd, 8639591.979, 122
Trd, 8639592.412, 103
Trd, 8639592.579, 92
Trd, 8639593.379, 122
Trd, 8639593.512, 116
Trd, 8639593.846, 119
Trd, 8639593.912, 114
Trd, 8639594.312, 139
Trd, 8639594.612, 135
Trd, 8639594.912, 136
Trd, 8639595.179, 120
Trd, 8639596.179, 117
Trd, 8639596.212, 114
Trd, 8639596.312, 115
Trd, 8639596.979, 110
Trd, 8639597.746, 137
Trd, 8639597.912, 128
Trd, 8639598.679, 140
Trd, 8639598.712, 134
Trd, 8639599.146, 121
Trd, 8639600.046, 101
Trd, 8639600.246, 120
Trd, 8639600.846, 77
Trd, 8639601.879, 140
Trd, 8639602.079, 127
Trd, 8639602.279, 139
Trd, 8639602.446, 134
Trd, 8639602.512, 108
Trd, 8639602.679, 87
Trd, 8639603.712, 101
Trd, 8639603.912, 93
Trd, 8639604.079, 140
Trd, 8639604.379, 91
Trd, 8639604.546, 79
Trd, 8639606.112, 131
Trd, 8639607.012, 129
Trd, 8639607.279, 122
Trd, 8639607.546, 123
Trd, 8639607.946, 135
Trd, 8639608.846, 124
Trd, 8639608.912, 121
Trd, 8639609.379, 137
Trd, 8639609.979, 131
Trd, 8639611.679, 132
Trd, 8639611.912, 121
Trd, 8639611.979, 139
Trd, 8639613.179, 134
Trd, 8639613.312, 133
Trd, 8639613.946, 125
Trd, 8639614.112, 140
Trd, 8639614.612, 120
Trd, 8639615.246, 132
Trd, 8639615.479, 138
Trd, 8639615.879, 128
Trd, 8639616.546, 137
Trd, 8639617.146, 121
Trd, 8639617.246, 125
Trd, 8639617.979, 124
Trd, 8639618.479, 119
Trd, 8639618.612, 131
Trd, 8639619.046, 138
Trd, 8639619.246, 137
Trd, 8639620.412, 134
Trd, 8639620.446, 122
Trd, 8639621.012, 130
Trd, 8639621.146, 126
Trd, 8639621.246, 112
Trd, 8639621.746, 84
Trd, 8639622.279, 111
Trd, 8639622.579, 123
Trd, 8639623.246, 134
Trd, 8639623.346, 114
Trd, 8639624.079, 131
Trd, 8639625.779, 137
Trd, 8639625.846, 117
Trd, 8639626.379, 116
Trd, 8639626.812, 108
Trd, 8639627.312, 106
Trd, 8639627.379, 103
Trd, 8639628.746, 119
Trd, 8639629.279, 110
Trd, 8639630.979, 130
Trd, 8639631.279, 118
Trd, 8639632.046, 121
Trd, 8639632.312, 108
Trd, 8639632.779, 115
Trd, 8639633.212, 102
Trd, 8639633.246, 97
Trd, 8639633.279, 86
Trd, 8639633.446, 92
Trd, 8639633.779, 104
Trd, 8639634.479, 119
Trd, 8639634.512, 94
Trd, 8639635.346, 133
Trd, 8639635.546, 137
Trd, 8639636.546, 130
Trd, 8639636.712, 126
Trd, 8639636.846, 107
Trd, 8639637.312, 67
Trd, 8639637.646, 119
Trd, 8639638.812, 131
Trd, 8639638.946, 127
Trd, 8639639.279, 114
Trd, 8639639.446, 108
Trd, 8639639.679, 108
Trd, 8639640.046, 102
Trd, 8639640.179, 123
Trd, 8639640.579, 101
Trd, 8639640.646, 77
Trd, 8639640.912, 100
Trd, 8639641.479, 134
Trd, 8639642.279, 140
Trd, 8639642.512, 136
Trd, 8639643.046, 120
Trd, 8639643.812, 114
Trd, 8639644.346, 120
Trd, 8639644.412, 121
Trd, 8639645.746, 106
Trd, 8639645.979, 100
Trd, 8639646.746, 138
Trd, 8639646.879, 120
Trd, 8639647.046, 113
Trd, 8639647.179, 107
Trd, 8639647.279, 89
Trd, 8639647.712, 104
Trd, 8639648.212, 139
Trd, 8639648.746, 127
Trd, 8639648.979, 119
Trd, 8639651.612, 116
Trd, 8639652.046, 115
Trd, 8639652.079, 111
Trd, 8639652.812, 133
Trd, 8639652.846, 115
Trd, 8639653.446, 140
Trd, 8639653.546, 107
Trd, 8639655.012, 137
Trd, 8639655.779, 134
Trd, 8639655.979, 131
Trd, 8639656.412, 122
Trd, 8639657.712, 140
Trd, 8639658.679, 120
Trd, 8639659.046, 133
Trd, 8639659.179, 118
Trd, 8639659.779, 140
Trd, 8639659.946, 140
Trd, 8639660.512, 135
Trd, 8639661.412, 132
Trd, 8639661.746, 138
Trd, 8639662.412, 113
Trd, 8639662.812, 114
Trd, 8639663.079, 110
Trd, 8639664.246, 134
Trd, 8639666.412, 125
Trd, 8639666.512, 128
Trd, 8639666.646, 120
Trd, 8639666.712, 107
Trd, 8639668.179, 130
Trd, 8639668.379, 138
Trd, 8639668.479, 128
Trd, 8639669.546, 140
Trd, 8639670.579, 137
Trd, 8639670.746, 133
Trd, 8639670.846, 131
Trd, 8639671.112, 129
Trd, 8639671.146, 126
Trd, 8639671.179, 115
Trd, 8639671.479, 137
Trd, 8639672.512, 118
Trd, 8639672.912, 138
Trd, 8639674.346, 130
Trd, 8639674.712, 136
Trd, 8639675.846, 138
Trd, 8639676.179, 130
Trd, 8639676.346, 139
Trd, 8639676.479, 134
Trd, 8639676.646, 115
Trd, 8639677.079, 129
Trd, 8639677.246, 103
Trd, 8639678.346, 128
Trd, 8639678.479, 113
Trd, 8639678.679, 137
Trd, 8639679.212, 130
Trd, 8639680.746, 128
Trd, 8639680.779, 127
Trd, 8639681.312, 124
Trd, 8639681.479, 114
Trd, 8639682.012, 107
Trd, 8639683.579, 127
Trd, 8639684.079, 123
Trd, 8639684.379, 135
Trd, 8639684.479, 121
Trd, 8639685.179, 112
Trd, 8639685.412, 114
Trd, 8639685.812, 138
Trd, 8639686.979, 125
Trd, 8639687.512, 125
Trd, 8639687.979, 112
Trd, 8639688.646, 118
Trd, 8639688.812, 121
Trd, 8639689.379, 122
Trd, 8639689.479, 128
Trd, 8639689.646, 104
Trd, 8639690.146, 104
Trd, 8639690.879, 97
Trd, 8639691.112, 97
Trd, 8639691.146, 69
Trd, 8639691.279, 79
Trd, 8639691.412, 91
Trd, 8639691.779, 71
Trd, 8639692.446, 64
Trd, 8639693.179, 89
Trd, 8639693.546, 62
Trd, 8639693.946, 129
Trd, 8639694.246, 64
Trd, 8639696.279, 108
Trd, 8639696.446, 125
Trd, 8639697.146, 102
Trd, 8639698.312, 122
Trd, 8639698.646, 121
Trd, 8639698.812, 111
Trd, 8639699.012, 114
Trd, 8639699.679, 140
Trd, 8639700.112, 131
Trd, 8639700.279, 129
Trd, 8639700.312, 100
Trd, 8639700.746, 134
Trd, 8639701.046, 117
Trd, 8639701.379, 94
Trd, 8639702.146, 112
Trd, 8639702.546, 123
Trd, 8639702.879, 91
Trd, 8639703.646, 128
Trd, 8639704.812, 135
Trd, 8639704.879, 121
Trd, 8639705.279, 120
Trd, 8639705.446, 138
Trd, 8639705.712, 140
Trd, 8639707.312, 131
Trd, 8639707.412, 117
Trd, 8639707.512, 112
Trd, 8639708.646, 134
Trd, 8639709.679, 132
Trd, 8639710.079, 126
Trd, 8639710.379, 124
Trd, 8639710.512, 122
Trd, 8639710.946, 140
Trd, 8639711.079, 135
Trd, 8639711.479, 132
Trd, 8639712.012, 140
Trd, 8639712.179, 139
Trd, 8639713.479, 126
Trd, 8639713.812, 112
Trd, 8639714.179, 140
Trd, 8639714.346, 123
Trd, 8639714.612, 124
Trd, 8639715.012, 139
Trd, 8639715.346, 114
Trd, 8639716.279, 124
Trd, 8639717.079, 112
Trd, 8639717.212, 87
Trd, 8639717.412, 126
Trd, 8639717.546, 111
Trd, 8639718.779, 140
Trd, 8639719.846, 122
Trd, 8639721.779, 128
Trd, 8639722.046, 133
Trd, 8639722.179, 128
Trd, 8639722.746, 139
Trd, 8639722.846, 135
Trd, 8639723.279, 129
Trd, 8639723.346, 112
Trd, 8639724.112, 117
Trd, 8639724.779, 139
Trd, 8639725.312, 125
Trd, 8639725.446, 125
Trd, 8639726.012, 139
Trd, 8639726.312, 120
Trd, 8639727.379, 130
Trd, 8639727.679, 139
Trd, 8639727.946, 119
Trd, 8639728.046, 120
Trd, 8639729.246, 108
Trd, 8639729.312, 109
Trd, 8639729.512, 102
Trd, 8639730.079, 129
Trd, 8639730.112, 88
Trd, 8639730.212, 87
Trd, 8639730.812, 109
Trd, 8639731.346, 64
Trd, 8639732.079, 83
Trd, 8639732.179, 114
Trd, 8639732.679, 98
Trd, 8639733.146, 137
Trd, 8639733.479, 119
Trd, 8639734.146, 103
Trd, 8639734.246, 106
Trd, 8639734.746, 117
Trd, 8639735.246, 140
Trd, 8639737.146, 139
Trd, 8639737.679, 139
Trd, 8639738.012, 139
Trd, 8639738.112, 132
Trd, 8639738.179, 129
Trd, 8639738.512, 120
Trd, 8639739.412, 135
Trd, 8639739.746, 113
Trd, 8639740.012, 105
Trd, 8639740.479, 136
Trd, 8639740.812, 88
Trd, 8639740.979, 85
Trd, 8639741.312, 116
Trd, 8639741.412, 92
Trd, 8639741.812, 82
Trd, 8639742.379, 79
Trd, 8639743.146, 111
Trd, 8639744.379, 132
Trd, 8639744.846, 126
Trd, 8639744.912, 115
Trd, 8639745.579, 136
Trd, 8639745.979, 116
Trd, 8639746.346, 134
Trd, 8639747.112, 104
Trd, 8639747.479, 132
Trd, 8639748.246, 126
Trd, 8639748.479, 116
Trd, 8639748.746, 110
Trd, 8639748.779, 109
Trd, 8639749.512, 100
Trd, 8639750.079, 111
Trd, 8639750.679, 102
Trd, 8639750.979, 97
Trd, 8639751.146, 121
Trd, 8639751.512, 113
Trd, 8639752.446, 136
Trd, 8639753.446, 128
Trd, 8639753.946, 128
Trd, 8639754.679, 129
Trd, 8639755.012, 125
Trd, 8639755.346, 125
Trd, 8639756.979, 115
Trd, 8639757.679, 134
Trd, 8639757.979, 122
Trd, 8639758.012, 119
Trd, 8639759.112, 128
Trd, 8639759.546, 137
Trd, 8639759.912, 137
Trd, 8639761.012, 131
Trd, 8639761.179, 124
Trd, 8639761.679, 108
Trd, 8639761.746, 116
Trd, 8639762.079, 119
Trd, 8639763.546, 116
Trd, 8639764.346, 120
Trd, 8639765.079, 108
Trd, 8639765.179, 121
Trd, 8639765.379, 103
Trd, 8639765.446, 123
Trd, 8639765.679, 108
Trd, 8639766.512, 99
Trd, 8639766.979, 97
Trd, 8639767.346, 86
Trd, 8639767.512, 121
Trd, 8639767.779, 106
Trd, 8639768.412, 137
Trd, 8639768.679, 131
Trd, 8639768.712, 100
Trd, 8639770.679, 134
Trd, 8639770.946, 136
Trd, 8639771.146, 129
Trd, 8639771.812, 119
Trd, 8639773.446, 140
Trd, 8639774.046, 138
Trd, 8639774.412, 130
Trd, 8639774.546, 124
Trd, 8639774.946, 132
Trd, 8639774.979, 139
Trd, 8639775.912, 139
Trd, 8639775.946, 120
Trd, 8639776.112, 108
Trd, 8639776.246, 90
Trd, 8639777.879, 137
Trd, 8639778.112, 129
Trd, 8639778.546, 121
Trd, 8639779.479, 113
Trd, 8639779.679, 118
Trd, 8639779.746, 132
Trd, 8639780.079, 99
Trd, 8639780.712, 112
Trd, 8639781.046, 116
Trd, 8639781.446, 114
Trd, 8639781.779, 116
Trd, 8639781.812, 123
Trd, 8639783.779, 91
Trd, 8639783.812, 101
Trd, 8639784.346, 122
Trd, 8639784.612, 134
Trd, 8639785.179, 121
Trd, 8639785.312, 130
Trd, 8639785.512, 136
Trd, 8639786.012, 138
Trd, 8639786.212, 137
Trd, 8639787.146, 136
Trd, 8639787.179, 129
Trd, 8639787.579, 125
Trd, 8639788.046, 129
Trd, 8639788.679, 130
Trd, 8639789.812, 136
Trd, 8639789.979, 133
Trd, 8639790.579, 120
Trd, 8639790.979, 109
Trd, 8639791.146, 119
Trd, 8639791.612, 122
Trd, 8639791.779, 106
Trd, 8639792.479, 139
Trd, 8639793.746, 132
Trd, 8639793.979, 130
Trd, 8639794.279, 125
Trd, 8639794.346, 119
Trd, 8639794.579, 119
Trd, 8639795.279, 140
Trd, 8639795.879, 140
Trd, 8639796.246, 126
Trd, 8639796.446, 122
Trd, 8639797.346, 111
Trd, 8639798.179, 122
Trd, 8639798.879, 109
Trd, 8639798.946, 98
Trd, 8639799.346, 96
Trd, 8639799.446, 81
Trd, 8639800.079, 98
Trd, 8639801.112, 123
Trd, 8639801.346, 113
Trd, 8639801.612, 84
Trd, 8639802.212, 91
Trd, 8639802.312, 71
Trd, 8639802.612, 124
Trd, 8639803.446, 127
Trd, 8639803.679, 110
Trd, 8639803.979, 138
Trd, 8639804.312, 114
Trd, 8639804.546, 136
Trd, 8639804.879, 127
Trd, 8639805.646, 123
Trd, 8639806.112, 104
Trd, 8639806.646, 107
Trd, 8639807.146, 133
Trd, 8639807.612, 114
Trd, 8639807.812, 108
Trd, 8639808.412, 108
Trd, 8639808.946, 139
Trd, 8639809.546, 137
Trd, 8639810.279, 138
Trd, 8639810.412, 131
Trd, 8639810.512, 128
Trd, 8639810.746, 125
Trd, 8639811.546, 123
Trd, 8639811.812, 120
Trd, 8639812.012, 113
Trd, 8639812.079, 101
Trd, 8639812.246, 111
Trd, 8639812.479, 127
Trd, 8639812.612, 137
Trd, 8639813.112, 112
Trd, 8639813.946, 107
Trd, 8639814.679, 114
Trd, 8639815.812, 111
Trd, 8639816.079, 130
Trd, 8639816.912, 113
Trd, 8639817.746, 127
Trd, 8639817.979, 124
Trd, 8639818.612, 136
Trd, 8639818.646, 131
Trd, 8639819.079, 123
Trd, 8639819.979, 130
Trd, 8639820.012, 111
Trd, 8639820.212, 109
Trd, 8639820.346, 117
Trd, 8639820.979, 82
Trd, 8639821.046, 132
Trd, 8639821.479, 88
Trd, 8639822.046, 127
Trd, 8639823.179, 130
Trd, 8639823.812, 138
Trd, 8639823.846, 127
Trd, 8639824.112, 137
Trd, 8639824.979, 139
Trd, 8639825.312, 116
Trd, 8639825.846, 133
Trd, 8639826.246, 114
Trd, 8639827.679, 137
Trd, 8639828.079, 131
Trd, 8639828.812, 126
Trd, 8639829.479, 123
Trd, 8639829.612, 123
Trd, 8639829.879, 112
Trd, 8639830.012, 110
Trd, 8639830.079, 119
Trd, 8639830.679, 127
Trd, 8639830.879, 104
Trd, 8639831.479, 132
Trd, 8639831.746, 114
Trd, 8639832.579, 138
Trd, 8639832.746, 138
Trd, 8639832.812, 132
Trd, 8639833.046, 134
Trd, 8639834.512, 126
Trd, 8639835.346, 125
Trd, 8639836.112, 124
Trd, 8639836.612, 122
Trd, 8639836.846, 136
Trd, 8639837.446, 115
Trd, 8639837.679, 125
Trd, 8639837.946, 124
Trd, 8639838.946, 99
Trd, 8639839.112, 126
Trd, 8639840.279, 121
Trd, 8639840.479, 98
Trd, 8639840.646, 110
Trd, 8639840.879, 98
Trd, 8639841.079, 135
Trd, 8639841.546, 110
Trd, 8639841.846, 93
Trd, 8639842.846, 97
Trd, 8639843.179, 101
Trd, 8639843.412, 128
Trd, 8639845.179, 127
Trd, 8639845.212, 123
Trd, 8639845.446, 131
Trd, 8639846.146, 135
Trd, 8639846.712, 114
Trd, 8639846.879, 120
Trd, 8639847.246, 139
Trd, 8639847.746, 123
Trd, 8639848.046, 136
Trd, 8639848.879, 121
Trd, 8639849.012, 119
Trd, 8639849.312, 116
Trd, 8639849.446, 114
Trd, 8639849.546, 113
Trd, 8639850.179, 123
Trd, 8639850.479, 113
Trd, 8639851.412, 108
Trd, 8639851.646, 118
Trd, 8639851.912, 134
Trd, 8639852.146, 103
Trd, 8639854.546, 138
Trd, 8639855.446, 136
Trd, 8639855.646, 126
Trd, 8639856.346, 125
Trd, 8639856.879, 123
Trd, 8639856.979, 118
Trd, 8639857.212, 117
Trd, 8639857.579, 116
Trd, 8639857.846, 93
Trd, 8639858.146, 102
Trd, 8639858.412, 116
Trd, 8639858.879, 119
Trd, 8639859.846, 133
Trd, 8639859.946, 115
Trd, 8639860.179, 121
Trd, 8639860.879, 120
Trd, 8639861.012, 127
Trd, 8639861.212, 124
Trd, 8639862.046, 138
Trd, 8639862.112, 127
Trd, 8639863.079, 124
Trd, 8639863.712, 138
Trd, 8639863.879, 132
Trd, 8639863.912, 112
Trd, 8639865.046, 138
Trd, 8639865.112, 123
Trd, 8639865.846, 115
Trd, 8639866.079, 123
Trd, 8639866.746, 93
Trd, 8639868.079, 115
Trd, 8639868.246, 115
Trd, 8639869.112, 119
Trd, 8639869.446, 115
Trd, 8639869.746, 113
Trd, 8639870.012, 111
Trd, 8639870.046, 124
Trd, 8639870.512, 130
Trd, 8639871.512, 74
Trd, 8639871.579, 115
Trd, 8639871.679, 117
Trd, 8639872.979, 138
Trd, 8639873.579, 120
Trd, 8639874.112, 116
Trd, 8639874.846, 122
Trd, 8639875.646, 135
Trd, 8639875.712, 115
Trd, 8639875.779, 107
Trd, 8639876.579, 133
Trd, 8639877.112, 126
Trd, 8639877.712, 130
Trd, 8639878.079, 119
Trd, 8639878.279, 133
Trd, 8639879.212, 137
Trd, 8639879.779, 138
Trd, 8639880.246, 116
Trd, 8639880.712, 137
Trd, 8639881.046, 122
Trd, 8639882.279, 130
Trd, 8639882.712, 121
Trd, 8639883.146, 117
Trd, 8639883.212, 115
Trd, 8639883.279, 96
Trd, 8639884.112, 129
Trd, 8639884.612, 128
Trd, 8639885.179, 117
Trd, 8639885.279, 99
Trd, 8639886.646, 132
Trd, 8639887.412, 120
Trd, 8639887.746, 130
Trd, 8639888.546, 140
Trd, 8639888.812, 131
Trd, 8639889.112, 129
Trd, 8639889.446, 134
Trd, 8639889.846, 117
Trd, 8639889.912, 105
Trd, 8639891.246, 138
Trd, 8639892.146, 135
Trd, 8639892.479, 116
Trd, 8639893.079, 113
Trd, 8639893.546, 124
Trd, 8639894.079, 126
Trd, 8639894.212, 115
Trd, 8639894.446, 106
Trd, 8639895.212, 138
Trd, 8639895.412, 111
Trd, 8639895.512, 91
Trd, 8639896.412, 138
Trd, 8639897.112, 132
Trd, 8639897.312, 119
Trd, 8639897.612, 118
Trd, 8639898.379, 123
Trd, 8639898.779, 137
Trd, 8639899.312, 122
Trd, 8639900.079, 129
Trd, 8639900.379, 136
Trd, 8639900.579, 134
Trd, 8639901.246, 99
Trd, 8639901.579, 104
Trd, 8639901.612, 111
Trd, 8639902.112, 109
Trd, 8639902.446, 106
Trd, 8639902.912, 102
Trd, 8639903.646, 126
Trd, 8639903.779, 117
Trd, 8639903.946, 110
Trd, 8639904.279, 93
Trd, 8639904.846, 117
Trd, 8639905.546, 140
Trd, 8639905.646, 133
Trd, 8639907.579, 123
Trd, 8639907.912, 117
Trd, 8639908.179, 111
Trd, 8639909.112, 137
Trd, 8639910.412, 137
Trd, 8639910.546, 135
Trd, 8639910.579, 133
Trd, 8639911.046, 101
Trd, 8639911.079, 94
Trd, 8639911.412, 135
Trd, 8639911.779, 131
Trd, 8639912.479, 136
Trd, 8639913.079, 138
Trd, 8639913.646, 134
Trd, 8639913.712, 130
Trd, 8639914.146, 126
Trd, 8639914.246, 118
Trd, 8639914.879, 102
Trd, 8639914.912, 74
Trd, 8639915.546, 92
Trd, 8639915.979, 97
Trd, 8639916.379, 84
Trd, 8639916.779, 120
Trd, 8639917.346, 114
Trd, 8639917.779, 139
Trd, 8639918.112, 128
Trd, 8639918.346, 122
Trd, 8639918.679, 116
Trd, 8639918.912, 113
Trd, 8639919.279, 108
Trd, 8639920.446, 136
Trd, 8639921.112, 120
Trd, 8639921.246, 80
Trd, 8639921.712, 140
Trd, 8639922.079, 138
Trd, 8639922.979, 125
Trd, 8639923.146, 122
Trd, 8639923.912, 119
Trd, 8639924.012, 131
Trd, 8639924.479, 127
Trd, 8639924.712, 121
Trd, 8639925.646, 116
Trd, 8639926.012, 126
Trd, 8639926.146, 126
Trd, 8639926.779, 123
Trd, 8639926.812, 120
Trd, 8639927.746, 115
Trd, 8639928.146, 137
Trd, 8639928.179, 130
Trd, 8639928.779, 140
Trd, 8639929.012, 134
Trd, 8639930.146, 136
Trd, 8639930.246, 122
Trd, 8639930.546, 122
Trd, 8639930.579, 102
Trd, 8639931.646, 109
Trd, 8639932.346, 117
Trd, 8639933.279, 132
Trd, 8639933.712, 138
Trd, 8639933.946, 136
Trd, 8639934.112, 131
Trd, 8639935.179, 134
Trd, 8639935.312, 127
Trd, 8639935.746, 126
Trd, 8639935.946, 121
Trd, 8639936.379, 131
Trd, 8639936.646, 103
Trd, 8639937.379, 95
Trd, 8639937.879, 97
Trd, 8639937.912, 87
Trd, 8639937.979, 108
Trd, 8639938.279, 128
Trd, 8639939.279, 129
Trd, 8639939.579, 136
Trd, 8639939.779, 125
Trd, 8639941.612, 117
Trd, 8639941.746, 116
Trd, 8639941.846, 119
Trd, 8639942.279, 129
Trd, 8639942.746, 129
Trd, 8639943.279, 128
Trd, 8639943.779, 111
Trd, 8639943.846, 121
Trd, 8639944.012, 110
Trd, 8639944.079, 106
Trd, 8639944.346, 129
Trd, 8639945.646, 119
Trd, 8639946.046, 125
Trd, 8639946.312, 123
Trd, 8639946.712, 122
Trd, 8639947.012, 102
Trd, 8639948.446, 130
Trd, 8639949.246, 140
Trd, 8639949.412, 131
Trd, 8639949.712, 139
Trd, 8639949.746, 127
Trd, 8639950.646, 137
Trd, 8639951.412, 127
Trd, 8639952.312, 135
Trd, 8639952.912, 137
Trd, 8639953.246, 136
Trd, 8639953.379, 130
Trd, 8639953.812, 126
Trd, 8639954.179, 111
Trd, 8639954.979, 138
Trd, 8639955.746, 139
Trd, 8639955.846, 120
Trd, 8639955.879, 120
Trd, 8639956.112, 113
Trd, 8639957.012, 132
Trd, 8639957.746, 118
Trd, 8639958.712, 125
Trd, 8639958.746, 116
Trd, 8639959.212, 120
Trd, 8639959.412, 135
Trd, 8639960.479, 126
Trd, 8639961.112, 110
Trd, 8639961.846, 97
Trd, 8639962.012, 120
Trd, 8639962.412, 116
Trd, 8639963.012, 107
Trd, 8639963.579, 101
Trd, 8639964.312, 115
Trd, 8639964.479, 98
Trd, 8639965.512, 102
Trd, 8639965.812, 101
Trd, 8639966.746, 138
Trd, 8639967.079, 131
Trd, 8639968.879, 138
Trd, 8639969.112, 140
Trd, 8639969.312, 136
Trd, 8639969.412, 123
Trd, 8639970.179, 118
Trd, 8639970.712, 134
Trd, 8639971.046, 127
Trd, 8639971.079, 97
Trd, 8639972.279, 132
Trd, 8639972.946, 110
Trd, 8639973.046, 104
Trd, 8639973.112, 99
Trd, 8639973.446, 106
Trd, 8639973.746, 112
Trd, 8639973.979, 122
Trd, 8639974.012, 126
Trd, 8639974.312, 110
Trd, 8639974.712, 106
Trd, 8639975.346, 90
Trd, 8639976.146, 73
Trd, 8639976.512, 96
Trd, 8639976.712, 123
Trd, 8639977.112, 118
Trd, 8639978.179, 109
Trd, 8639978.512, 132
Trd, 8639978.612, 139
Trd, 8639980.446, 138
Trd, 8639980.579, 120
Trd, 8639981.546, 131
Trd, 8639982.146, 126
Trd, 8639982.346, 131
Trd, 8639982.646, 109
Trd, 8639983.179, 113
Trd, 8639983.346, 105
Trd, 8639983.546, 113
Trd, 8639983.779, 99
Trd, 8639984.112, 86
Trd, 8639984.479, 101
Trd, 8639984.612, 91
Trd, 8639985.379, 83
Trd, 8639986.746, 73
Trd, 8639986.846, 80
Trd, 8639987.379, 117
Trd, 8639987.512, 125
Trd, 8639988.612, 120
Trd, 8639988.846, 125
Trd, 8639989.546, 78
Trd, 8639989.779, 63
Trd, 8639989.812, 85
Trd, 8639990.579, 70
Trd, 8639992.446, 123
Trd, 8639992.679, 135
Trd, 8639993.446, 139
Trd, 8639993.546, 121
Trd, 8639993.846, 112
Trd, 8639993.979, 108
Trd, 8639994.112, 107
Trd, 8639995.279, 128
Trd, 8639995.512, 121
Trd, 8639995.946, 129
Trd, 8639996.979, 134
Trd, 8639997.379, 129
Trd, 8639998.479, 120
Trd, 8639999.879, 134
