Trd, 8638790.179, 122
Trd, 8638790.679, 103
Trd, 8638790.812, 83
Trd, 8638791.146, 86
Trd, 8638791.212, 130
Trd, 8638791.612, 96
Trd, 8638792.446, 86
Trd, 8638792.579, 87
Trd, 8638793.046, 88
Trd, 8638793.112, 85
Trd, 8638794.012, 60
Trd, 8638794.412, 61
Trd, 8638794.446, 62
Trd, 8638794.879, 107
Trd, 8638796.246, 60
Trd, 8638796.346, 61
Trd, 8638797.412, 64
Trd, 8638797.546, 63
Trd, 8638797.779, 63
Trd, 8638797.946, 65
Trd, 8638798.079, 63
Trd, 8638798.279, 62
Trd, 8638798.379, 85
Trd, 8638798.446, 61
Trd, 8638799.146, 70
Trd, 8638799.212, 114
Trd, 8638800.446, 79
Trd, 8638800.746, 109
Trd, 8638801.279, 103
Trd, 8638801.512, 110
Trd, 8638802.246, 106
Trd, 8638802.679, 140
Trd, 8638802.712, 139
Trd, 8638802.846, 118
Trd, 8638802.946, 105
Trd, 8638803.146, 97
Trd, 8638803.246, 80
Trd, 8638803.812, 140
Trd, 8638804.246, 114
Trd, 8638804.912, 139
Trd, 8638806.279, 140
Trd, 8638806.712, 140
Trd, 8638806.779, 140
Trd, 8638806.946, 134
Trd, 8638807.146, 111
Trd, 8638807.846, 140
Trd, 8638808.212, 77
Trd, 8638808.246, 78
Trd, 8638809.279, 140
Trd, 8638809.879, 140
Trd, 8638810.079, 140
Trd, 8638810.146, 98
Trd, 8638810.179, 80
Trd, 8638811.312, 62
Trd, 8638811.446, 86
Trd, 8638811.812, 104
Trd, 8638812.846, 60
Trd, 8638812.946, 73
Trd, 8638813.146, 107
Trd, 8638813.779, 69
Trd, 8638814.679, 140
Trd, 8638815.212, 140
Trd, 8638815.479, 140
Trd, 8638816.179, 140
Trd, 8638816.979, 140
Trd, 8638817.412, 140
Trd, 8638817.479, 140
Trd, 8638817.579, 139
Trd, 8638817.946, 139
Trd, 8638817.979, 139
Trd, 8638818.646, 140
Trd, 8638819.546, 140
Trd, 8638820.979, 140
Trd, 8638821.279, 140
Trd, 8638821.346, 140
Trd, 8638822.279, 118
Trd, 8638822.546, 118
Trd, 8638822.812, 117
Trd, 8638823.046, 127
Trd, 8638823.512, 140
Trd, 8638824.579, 140
Trd, 8638825.046, 138
Trd, 8638825.512, 137
Trd, 8638825.712, 139
Trd, 8638826.679, 135
Trd, 8638827.112, 135
Trd, 8638827.346, 106
Trd, 8638827.479, 125
Trd, 8638830.279, 140
Trd, 8638830.346, 140
Trd, 8638831.146, 140
Trd, 8638831.212, 140
Trd, 8638832.246, 140
Trd, 8638832.446, 140
Trd, 8638832.779, 140
Trd, 8638832.846, 140
Trd, 8638833.179, 140
Trd, 8638833.212, 139
Trd, 8638834.379, 140
Trd, 8638834.512, 140
Trd, 8638834.912, 139
Trd, 8638835.246, 93
Trd, 8638835.812, 90
Trd, 8638837.212, 138
Trd, 8638837.379, 92
Trd, 8638838.079, 81
Trd, 8638838.346, 115
Trd, 8638838.612, 140
Trd, 8638838.679, 114
Trd, 8638839.112, 92
Trd, 8638840.146, 97
Trd, 8638840.212, 116
Trd, 8638840.912, 119
Trd, 8638841.012, 113
Trd, 8638841.079, 112
Trd, 8638841.212, 78
Trd, 8638841.846, 65
Trd, 8638842.212, 76
Trd, 8638842.379, 60
Trd, 8638843.746, 60
Trd, 8638844.012, 61
Trd, 8638844.612, 62
Trd, 8638844.979, 62
Trd, 8638845.512, 65
Trd, 8638845.579, 79
Trd, 8638847.179, 64
Trd, 8638847.379, 60
Trd, 8638847.712, 72
Trd, 8638848.279, 60
Trd, 8638848.379, 61
Trd, 8638848.812, 125
Trd, 8638849.212, 62
Trd, 8638849.712, 61
Trd, 8638850.346, 61
Trd, 8638851.079, 80
Trd, 8638851.612, 73
Trd, 8638852.146, 140
Trd, 8638852.479, 106
Trd, 8638852.512, 98
Trd, 8638852.612, 135
Trd, 8638853.312, 65
Trd, 8638854.046, 69
Trd, 8638854.346, 71
Trd, 8638854.712, 84
Trd, 8638855.212, 70
Trd, 8638855.346, 60
Trd, 8638855.779, 139
Trd, 8638856.112, 139
Trd, 8638856.546, 138
Trd, 8638856.946, 139
Trd, 8638857.179, 139
Trd, 8638857.979, 89
Trd, 8638858.146, 120
Trd, 8638858.979, 71
Trd, 8638859.212, 75
Trd, 8638859.612, 140
Trd, 8638860.012, 132
Trd, 8638860.146, 77
Trd, 8638860.179, 102
Trd, 8638861.412, 140
Trd, 8638861.446, 140
Trd, 8638861.879, 93
Trd, 8638861.946, 77
Trd, 8638862.346, 124
Trd, 8638862.646, 76
Trd, 8638863.579, 76
Trd, 8638863.846, 138
Trd, 8638863.979, 63
Trd, 8638864.912, 140
Trd, 8638864.946, 140
Trd, 8638865.179, 63
Trd, 8638865.479, 137
Trd, 8638865.646, 130
Trd, 8638866.379, 61
Trd, 8638866.512, 101
Trd, 8638867.146, 86
Trd, 8638867.379, 91
Trd, 8638867.612, 73
Trd, 8638868.212, 73
Trd, 8638869.646, 139
Trd, 8638870.012, 136
Trd, 8638870.379, 140
Trd, 8638870.546, 123
Trd, 8638870.646, 122
Trd, 8638871.612, 140
Trd, 8638871.979, 140
Trd, 8638872.146, 140
Trd, 8638872.179, 140
Trd, 8638872.879, 140
Trd, 8638873.246, 139
Trd, 8638874.079, 140
Trd, 8638874.812, 140
Trd, 8638875.146, 139
Trd, 8638875.312, 140
Trd, 8638875.479, 139
Trd, 8638876.879, 139
Trd, 8638878.012, 140
Trd, 8638878.279, 140
Trd, 8638878.312, 114
Trd, 8638878.479, 99
Trd, 8638878.679, 91
Trd, 8638879.112, 82
Trd, 8638879.479, 105
Trd, 8638879.712, 82
Trd, 8638880.646, 140
Trd, 8638880.879, 139
Trd, 8638880.912, 116
Trd, 8638882.112, 60
Trd, 8638882.446, 64
Trd, 8638882.479, 79
Trd, 8638882.579, 81
Trd, 8638882.946, 106
Trd, 8638883.179, 69
Trd, 8638883.279, 68
Trd, 8638883.679, 68
Trd, 8638884.646, 140
Trd, 8638884.679, 97
Trd, 8638884.712, 96
Trd, 8638885.079, 128
Trd, 8638885.846, 120
Trd, 8638886.579, 61
Trd, 8638887.112, 61
Trd, 8638888.079, 140
Trd, 8638888.346, 140
Trd, 8638888.512, 130
Trd, 8638888.579, 129
Trd, 8638889.012, 101
Trd, 8638889.446, 110
Trd, 8638890.412, 140
Trd, 8638891.012, 140
Trd, 8638891.146, 140
Trd, 8638891.379, 140
Trd, 8638891.512, 140
Trd, 8638891.746, 137
Trd, 8638891.946, 106
Trd, 8638892.646, 69
Trd, 8638893.179, 140
Trd, 8638894.279, 131
Trd, 8638894.912, 139
Trd, 8638895.046, 137
Trd, 8638895.179, 126
Trd, 8638895.579, 87
Trd, 8638896.046, 68
Trd, 8638896.346, 64
Trd, 8638896.846, 95
Trd, 8638897.012, 92
Trd, 8638897.912, 132
Trd, 8638898.212, 92
Trd, 8638898.779, 140
Trd, 8638898.879, 140
Trd, 8638899.012, 139
Trd, 8638899.646, 139
Trd, 8638900.112, 140
Trd, 8638900.312, 140
Trd, 8638901.246, 140
Trd, 8638901.612, 140
Trd, 8638902.012, 140
Trd, 8638902.146, 140
Trd, 8638902.212, 121
Trd, 8638902.246, 115
Trd, 8638902.812, 81
Trd, 8638903.212, 140
Trd, 8638903.546, 140
Trd, 8638903.946, 108
Trd, 8638904.179, 140
Trd, 8638904.479, 137
Trd, 8638905.379, 138
Trd, 8638906.546, 139
Trd, 8638907.012, 140
Trd, 8638907.446, 138
Trd, 8638907.612, 139
Trd, 8638908.046, 114
Trd, 8638908.446, 140
Trd, 8638908.646, 139
Trd, 8638909.512, 140
Trd, 8638909.612, 140
Trd, 8638909.779, 138
Trd, 8638910.079, 111
Trd, 8638910.479, 137
Trd, 8638911.279, 138
Trd, 8638911.746, 133
Trd, 8638912.046, 128
Trd, 8638912.212, 127
Trd, 8638912.546, 129
Trd, 8638912.712, 98
Trd, 8638913.046, 138
Trd, 8638913.279, 80
Trd, 8638914.079, 140
Trd, 8638914.446, 140
Trd, 8638914.979, 95
Trd, 8638915.146, 102
Trd, 8638916.112, 65
Trd, 8638916.712, 67
Trd, 8638917.246, 63
Trd, 8638917.279, 96
Trd, 8638918.346, 138
Trd, 8638918.379, 137
Trd, 8638919.146, 140
Trd, 8638919.246, 140
Trd, 8638919.279, 112
Trd, 8638919.312, 111
Trd, 8638919.746, 61
Trd, 8638919.812, 98
Trd, 8638920.779, 140
Trd, 8638921.679, 140
Trd, 8638921.946, 140
Trd, 8638922.012, 140
Trd, 8638922.412, 138
Trd, 8638922.646, 138
Trd, 8638923.046, 135
Trd, 8638923.779, 140
Trd, 8638924.412, 140
Trd, 8638924.612, 108
Trd, 8638925.546, 135
Trd, 8638925.946, 85
Trd, 8638926.512, 70
Trd, 8638927.346, 71
Trd, 8638927.579, 61
Trd, 8638928.179, 61
Trd, 8638928.246, 64
Trd, 8638928.412, 68
Trd, 8638929.512, 63
Trd, 8638930.746, 63
Trd, 8638930.846, 69
Trd, 8638932.546, 62
Trd, 8638932.579, 63
Trd, 8638933.112, 61
Trd, 8638933.346, 62
Trd, 8638933.479, 64
Trd, 8638933.879, 107
Trd, 8638934.146, 112
Trd, 8638934.212, 64
Trd, 8638935.312, 140
Trd, 8638935.512, 140
Trd, 8638935.612, 140
Trd, 8638935.879, 140
Trd, 8638935.912, 139
Trd, 8638936.112, 138
Trd, 8638936.412, 60
Trd, 8638936.912, 139
Trd, 8638938.146, 126
Trd, 8638938.279, 127
Trd, 8638938.679, 105
Trd, 8638938.846, 128
Trd, 8638939.079, 97
Trd, 8638939.412, 136
Trd, 8638939.712, 135
Trd, 8638940.412, 97
Trd, 8638941.046, 140
Trd, 8638941.412, 116
Trd, 8638942.279, 118
Trd, 8638942.312, 116
Trd, 8638942.579, 139
Trd, 8638942.846, 116
Trd, 8638943.012, 114
Trd, 8638943.779, 66
Trd, 8638944.079, 103
Trd, 8638944.646, 69
Trd, 8638945.312, 125
Trd, 8638945.779, 140
Trd, 8638946.146, 139
Trd, 8638946.546, 140
Trd, 8638946.712, 140
Trd, 8638947.246, 140
Trd, 8638947.612, 140
Trd, 8638948.179, 132
Trd, 8638948.646, 125
Trd, 8638948.912, 138
Trd, 8638949.346, 127
Trd, 8638949.612, 106
Trd, 8638949.679, 85
Trd, 8638949.812, 66
Trd, 8638950.846, 62
Trd, 8638951.479, 60
Trd, 8638951.512, 64
Trd, 8638951.579, 65
Trd, 8638951.779, 83
Trd, 8638953.979, 62
Trd, 8638954.146, 65
Trd, 8638954.579, 65
Trd, 8638954.812, 66
Trd, 8638955.112, 138
Trd, 8638955.679, 131
Trd, 8638955.946, 132
Trd, 8638956.179, 135
Trd, 8638956.646, 140
Trd, 8638957.146, 140
Trd, 8638957.612, 140
Trd, 8638957.679, 140
Trd, 8638957.979, 139
Trd, 8638959.179, 140
Trd, 8638959.212, 140
Trd, 8638959.612, 139
Trd, 8638959.646, 138
Trd, 8638959.812, 140
Trd, 8638959.846, 134
Trd, 8638960.579, 140
Trd, 8638961.012, 106
Trd, 8638961.446, 105
Trd, 8638962.512, 139
Trd, 8638962.812, 139
Trd, 8638963.079, 140
Trd, 8638963.146, 140
Trd, 8638963.246, 138
Trd, 8638963.812, 114
Trd, 8638963.912, 83
Trd, 8638963.979, 80
Trd, 8638964.646, 111
Trd, 8638964.946, 81
Trd, 8638966.246, 135
Trd, 8638966.446, 105
Trd, 8638966.612, 83
Trd, 8638967.046, 130
Trd, 8638967.146, 121
Trd, 8638967.979, 62
Trd, 8638968.946, 63
Trd, 8638969.146, 64
Trd, 8638969.446, 64
Trd, 8638970.312, 63
Trd, 8638970.379, 95
Trd, 8638971.646, 89
Trd, 8638971.979, 93
Trd, 8638972.112, 89
Trd, 8638972.146, 88
Trd, 8638972.179, 88
Trd, 8638972.379, 104
Trd, 8638973.012, 139
Trd, 8638973.812, 132
Trd, 8638974.146, 128
Trd, 8638974.379, 127
Trd, 8638974.946, 67
Trd, 8638975.246, 64
Trd, 8638975.712, 65
Trd, 8638976.346, 66
Trd, 8638977.546, 60
Trd, 8638978.646, 61
Trd, 8638978.912, 61
Trd, 8638979.279, 67
Trd, 8638979.879, 64
Trd, 8638979.912, 65
Trd, 8638980.346, 140
Trd, 8638980.546, 140
Trd, 8638980.812, 140
Trd, 8638981.212, 121
Trd, 8638983.046, 60
Trd, 8638983.279, 60
Trd, 8638983.579, 61
Trd, 8638983.846, 66
Trd, 8638984.446, 61
Trd, 8638984.579, 62
Trd, 8638984.879, 68
Trd, 8638985.079, 68
Trd, 8638985.146, 67
Trd, 8638985.312, 65
Trd, 8638985.446, 95
Trd, 8638986.012, 97
Trd, 8638986.612, 72
Trd, 8638986.946, 68
Trd, 8638987.512, 77
Trd, 8638987.612, 67
Trd, 8638988.079, 93
Trd, 8638988.712, 93
Trd, 8638989.479, 60
Trd, 8638989.779, 60
Trd, 8638990.979, 64
Trd, 8638992.012, 62
Trd, 8638992.246, 64
Trd, 8638992.379, 65
Trd, 8638992.646, 84
Trd, 8638993.412, 120
Trd, 8638993.512, 119
Trd, 8638993.579, 94
Trd, 8638993.679, 97
Trd, 8638994.446, 68
Trd, 8638994.679, 70
Trd, 8638995.012, 89
Trd, 8638995.312, 121
Trd, 8638995.579, 67
Trd, 8638996.246, 67
Trd, 8638997.079, 137
Trd, 8638998.312, 60
Trd, 8638998.379, 61
Trd, 8638998.579, 63
Trd, 8638998.646, 69
Trd, 8638999.812, 61
Trd, 8639000.479, 140
Trd, 8639001.112, 140
Trd, 8639001.312, 140
Trd, 8639001.679, 140
Trd, 8639002.212, 139
Trd, 8639002.346, 138
Trd, 8639002.479, 113
Trd, 8639002.846, 103
Trd, 8639003.146, 106
Trd, 8639003.279, 103
Trd, 8639003.412, 102
Trd, 8639003.712, 92
Trd, 8639004.946, 60
Trd, 8639005.079, 61
Trd, 8639005.746, 63
Trd, 8639005.846, 60
Trd, 8639006.246, 65
Trd, 8639006.346, 76
Trd, 8639006.679, 68
Trd, 8639007.379, 60
Trd, 8639007.412, 112
Trd, 8639007.946, 66
Trd, 8639008.412, 63
Trd, 8639009.346, 140
Trd, 8639009.412, 139
Trd, 8639009.512, 136
Trd, 8639009.779, 140
Trd, 8639011.112, 64
Trd, 8639011.412, 76
Trd, 8639011.546, 66
Trd, 8639012.512, 60
Trd, 8639012.612, 119
Trd, 8639013.179, 68
Trd, 8639013.479, 66
Trd, 8639014.112, 140
Trd, 8639014.612, 140
Trd, 8639014.779, 139
Trd, 8639014.912, 138
Trd, 8639015.746, 138
Trd, 8639016.479, 140
Trd, 8639016.679, 140
Trd, 8639017.112, 140
Trd, 8639017.312, 140
Trd, 8639018.146, 93
Trd, 8639018.746, 130
Trd, 8639019.179, 140
Trd, 8639019.646, 140
Trd, 8639019.979, 140
Trd, 8639020.012, 140
Trd, 8639020.112, 140
Trd, 8639020.312, 125
Trd, 8639020.512, 104
Trd, 8639020.779, 119
Trd, 8639021.579, 60
Trd, 8639021.746, 60
Trd, 8639022.146, 140
Trd, 8639022.246, 140
Trd, 8639022.779, 140
Trd, 8639024.112, 140
Trd, 8639024.246, 140
Trd, 8639024.979, 139
Trd, 8639025.579, 136
Trd, 8639025.746, 126
Trd, 8639026.046, 93
Trd, 8639026.246, 135
Trd, 8639027.079, 140
Trd, 8639027.146, 140
Trd, 8639027.279, 116
Trd, 8639027.812, 140
Trd, 8639029.046, 140
Trd, 8639029.346, 114
Trd, 8639030.046, 139
Trd, 8639030.146, 138
Trd, 8639030.379, 137
Trd, 8639030.912, 114
Trd, 8639031.312, 139
Trd, 8639031.779, 138
Trd, 8639032.179, 93
Trd, 8639032.546, 97
Trd, 8639033.612, 77
Trd, 8639034.079, 138
Trd, 8639034.346, 77
Trd, 8639034.546, 96
Trd, 8639035.012, 64
Trd, 8639035.446, 60
Trd, 8639035.679, 61
Trd, 8639035.846, 74
Trd, 8639036.512, 63
Trd, 8639036.679, 65
Trd, 8639038.079, 140
Trd, 8639038.379, 140
Trd, 8639038.946, 62
Trd, 8639039.246, 71
Trd, 8639040.079, 61
Trd, 8639040.746, 60
Trd, 8639041.046, 60
Trd, 8639041.246, 60
Trd, 8639041.846, 62
Trd, 8639042.012, 68
Trd, 8639042.246, 126
Trd, 8639043.279, 70
Trd, 8639043.346, 75
Trd, 8639044.279, 69
Trd, 8639044.479, 67
Trd, 8639044.746, 69
Trd, 8639045.212, 61
Trd, 8639045.979, 61
Trd, 8639046.646, 64
Trd, 8639047.012, 64
Trd, 8639047.646, 60
Trd, 8639048.446, 60
Trd, 8639048.646, 63
Trd, 8639048.712, 60
Trd, 8639048.879, 64
Trd, 8639049.379, 61
Trd, 8639050.246, 60
Trd, 8639050.546, 61
Trd, 8639051.412, 70
Trd, 8639051.479, 66
Trd, 8639051.746, 134
Trd, 8639052.479, 140
Trd, 8639053.212, 122
Trd, 8639053.446, 76
Trd, 8639053.679, 108
Trd, 8639053.746, 73
Trd, 8639053.979, 71
Trd, 8639054.412, 65
Trd, 8639054.912, 67
Trd, 8639055.579, 91
Trd, 8639056.179, 88
Trd, 8639056.279, 90
Trd, 8639056.546, 80
Trd, 8639056.912, 135
Trd, 8639057.379, 65
Trd, 8639057.779, 69
Trd, 8639057.879, 71
Trd, 8639058.146, 69
Trd, 8639059.779, 140
Trd, 8639060.379, 140
Trd, 8639060.446, 140
Trd, 8639060.512, 139
Trd, 8639060.846, 116
Trd, 8639061.012, 106
Trd, 8639061.712, 123
Trd, 8639062.212, 138
Trd, 8639063.379, 125
Trd, 8639063.479, 123
Trd, 8639063.746, 122
Trd, 8639064.312, 140
Trd, 8639064.712, 135
Trd, 8639064.979, 107
Trd, 8639065.779, 139
Trd, 8639065.812, 139
Trd, 8639066.579, 140
Trd, 8639067.112, 84
Trd, 8639067.546, 140
Trd, 8639067.679, 140
Trd, 8639068.079, 140
Trd, 8639068.212, 140
Trd, 8639068.512, 137
Trd, 8639069.112, 123
Trd, 8639069.346, 124
Trd, 8639069.479, 140
Trd, 8639070.579, 125
Trd, 8639070.612, 112
Trd, 8639071.212, 103
Trd, 8639072.546, 140
Trd, 8639072.679, 140
Trd, 8639072.846, 138
Trd, 8639073.579, 140
Trd, 8639073.712, 140
Trd, 8639074.379, 140
Trd, 8639074.879, 140
Trd, 8639074.946, 139
Trd, 8639075.379, 138
Trd, 8639076.412, 128
Trd, 8639076.512, 127
Trd, 8639077.146, 140
Trd, 8639077.279, 102
Trd, 8639077.512, 82
Trd, 8639077.912, 81
Trd, 8639078.379, 117
Trd, 8639078.446, 98
Trd, 8639079.079, 84
Trd, 8639080.046, 140
Trd, 8639080.212, 140
Trd, 8639080.446, 140
Trd, 8639080.779, 140
Trd, 8639081.046, 139
Trd, 8639081.246, 94
Trd, 8639082.146, 63
Trd, 8639082.612, 69
Trd, 8639082.946, 70
Trd, 8639083.179, 138
Trd, 8639083.479, 85
Trd, 8639084.012, 78
Trd, 8639084.779, 61
Trd, 8639084.812, 62
Trd, 8639084.979, 64
Trd, 8639085.812, 61
Trd, 8639086.246, 102
Trd, 8639086.479, 138
Trd, 8639086.612, 137
Trd, 8639088.279, 140
Trd, 8639089.146, 140
Trd, 8639089.379, 140
Trd, 8639089.412, 140
Trd, 8639089.646, 138
Trd, 8639089.812, 82
Trd, 8639089.912, 114
Trd, 8639090.312, 140
Trd, 8639091.046, 60
Trd, 8639091.579, 111
Trd, 8639092.079, 65
Trd, 8639092.646, 60
Trd, 8639093.179, 60
Trd, 8639093.212, 61
Trd, 8639093.512, 61
Trd, 8639094.179, 60
Trd, 8639094.279, 60
Trd, 8639094.346, 66
Trd, 8639095.346, 68
Trd, 8639095.379, 87
Trd, 8639096.046, 77
Trd, 8639096.279, 67
Trd, 8639097.012, 68
Trd, 8639097.946, 64
Trd, 8639099.146, 61
Trd, 8639099.379, 61
Trd, 8639100.346, 63
Trd, 8639100.379, 67
Trd, 8639100.712, 140
Trd, 8639101.579, 70
Trd, 8639101.946, 110
Trd, 8639102.379, 111
Trd, 8639102.512, 92
Trd, 8639102.612, 92
Trd, 8639102.979, 139
Trd, 8639103.912, 95
Trd, 8639104.246, 95
Trd, 8639104.279, 130
Trd, 8639104.546, 99
Trd, 8639104.579, 98
Trd, 8639105.546, 132
Trd, 8639105.712, 69
Trd, 8639106.312, 70
Trd, 8639106.646, 139
Trd, 8639106.846, 140
Trd, 8639107.246, 140
Trd, 8639107.646, 139
Trd, 8639109.212, 140
Trd, 8639109.512, 140
Trd, 8639110.012, 140
Trd, 8639110.746, 140
Trd, 8639110.812, 140
Trd, 8639110.846, 139
Trd, 8639112.746, 140
Trd, 8639112.812, 140
Trd, 8639112.912, 140
Trd, 8639113.212, 123
Trd, 8639113.512, 122
Trd, 8639113.612, 121
Trd, 8639113.779, 119
Trd, 8639114.079, 139
Trd, 8639114.779, 104
Trd, 8639114.979, 103
Trd, 8639115.612, 85
Trd, 8639115.779, 84
Trd, 8639116.346, 140
Trd, 8639116.512, 138
Trd, 8639117.079, 82
Trd, 8639117.946, 140
Trd, 8639117.979, 139
Trd, 8639118.412, 136
Trd, 8639118.612, 139
Trd, 8639119.579, 140
Trd, 8639119.679, 139
Trd, 8639119.712, 138
Trd, 8639119.779, 94
Trd, 8639120.712, 60
Trd, 8639122.479, 60
Trd, 8639122.779, 60
Trd, 8639123.379, 60
Trd, 8639123.546, 63
Trd, 8639123.579, 65
Trd, 8639124.112, 60
Trd, 8639124.479, 63
Trd, 8639124.979, 60
Trd, 8639125.246, 62
Trd, 8639126.379, 60
Trd, 8639126.446, 64
Trd, 8639128.412, 68
Trd, 8639128.546, 69
Trd, 8639128.646, 87
Trd, 8639128.746, 67
Trd, 8639129.312, 93
Trd, 8639129.612, 139
Trd, 8639129.646, 137
Trd, 8639129.746, 62
Trd, 8639130.612, 66
Trd, 8639130.879, 140
Trd, 8639131.312, 64
Trd, 8639132.479, 110
Trd, 8639132.679, 100
Trd, 8639132.779, 140
Trd, 8639132.979, 99
Trd, 8639133.246, 76
Trd, 8639133.312, 140
Trd, 8639133.812, 67
Trd, 8639134.446, 61
Trd, 8639134.979, 63
Trd, 8639135.846, 62
Trd, 8639136.646, 60
Trd, 8639137.146, 62
Trd, 8639137.712, 62
Trd, 8639138.412, 85
Trd, 8639138.979, 65
Trd, 8639139.012, 67
Trd, 8639139.079, 64
Trd, 8639139.179, 63
Trd, 8639139.646, 103
Trd, 8639140.112, 74
Trd, 8639141.146, 117
Trd, 8639141.346, 116
Trd, 8639141.712, 140
Trd, 8639142.079, 140
Trd, 8639142.979, 140
Trd, 8639143.312, 140
Trd, 8639143.512, 140
Trd, 8639144.012, 140
Trd, 8639144.379, 139
Trd, 8639144.479, 139
Trd, 8639144.679, 134
Trd, 8639144.846, 100
Trd, 8639145.946, 101
Trd, 8639146.046, 88
Trd, 8639146.546, 140
Trd, 8639146.746, 133
Trd, 8639146.846, 88
Trd, 8639146.912, 87
Trd, 8639147.112, 83
Trd, 8639148.279, 140
Trd, 8639148.479, 140
Trd, 8639149.312, 140
Trd, 8639149.412, 140
Trd, 8639150.179, 140
Trd, 8639150.846, 140
Trd, 8639151.046, 139
Trd, 8639151.246, 92
Trd, 8639151.312, 85
Trd, 8639151.879, 62
Trd, 8639152.112, 62
Trd, 8639153.246, 140
Trd, 8639153.446, 139
Trd, 8639153.779, 139
Trd, 8639153.912, 138
Trd, 8639154.146, 138
Trd, 8639154.946, 138
Trd, 8639155.079, 99
Trd, 8639155.179, 128
Trd, 8639156.646, 140
Trd, 8639156.846, 140
Trd, 8639157.046, 138
Trd, 8639157.312, 138
Trd, 8639157.946, 139
Trd, 8639158.379, 140
Trd, 8639158.446, 138
Trd, 8639158.679, 138
Trd, 8639159.079, 137
Trd, 8639159.146, 115
Trd, 8639159.246, 85
Trd, 8639159.812, 66
Trd, 8639160.279, 60
Trd, 8639160.379, 60
Trd, 8639160.979, 140
Trd, 8639161.279, 132
Trd, 8639161.779, 97
Trd, 8639161.879, 93
Trd, 8639163.079, 85
Trd, 8639163.246, 84
Trd, 8639163.446, 139
Trd, 8639163.512, 84
Trd, 8639163.612, 66
Trd, 8639164.379, 139
Trd, 8639165.012, 140
Trd, 8639165.179, 139
Trd, 8639165.346, 140
Trd, 8639165.546, 138
Trd, 8639165.912, 109
Trd, 8639166.546, 98
Trd, 8639166.946, 140
Trd, 8639167.246, 140
Trd, 8639167.746, 140
Trd, 8639168.479, 140
Trd, 8639168.912, 140
Trd, 8639169.179, 140
Trd, 8639169.312, 136
Trd, 8639170.546, 140
Trd, 8639170.712, 131
Trd, 8639170.746, 71
Trd, 8639171.946, 60
Trd, 8639172.212, 61
Trd, 8639172.546, 62
Trd, 8639172.612, 64
Trd, 8639172.879, 76
Trd, 8639172.979, 71
Trd, 8639173.079, 64
Trd, 8639174.046, 139
Trd, 8639174.112, 109
Trd, 8639174.379, 135
Trd, 8639174.479, 134
Trd, 8639174.879, 140
Trd, 8639175.879, 134
Trd, 8639175.946, 117
Trd, 8639176.479, 140
Trd, 8639176.746, 140
Trd, 8639177.146, 140
Trd, 8639177.446, 60
Trd, 8639178.712, 137
Trd, 8639178.846, 137
Trd, 8639178.912, 136
Trd, 8639180.379, 140
Trd, 8639180.879, 139
Trd, 8639180.912, 138
Trd, 8639181.112, 138
Trd, 8639181.346, 140
Trd, 8639181.379, 138
Trd, 8639181.546, 139
Trd, 8639181.946, 138
Trd, 8639182.512, 128
Trd, 8639182.879, 83
Trd, 8639183.379, 89
Trd, 8639184.512, 137
Trd, 8639184.679, 136
Trd, 8639184.812, 123
Trd, 8639184.912, 139
Trd, 8639185.179, 110
Trd, 8639185.979, 111
Trd, 8639186.679, 105
Trd, 8639186.846, 140
Trd, 8639186.979, 67
Trd, 8639187.179, 139
Trd, 8639187.312, 140
Trd, 8639187.879, 61
Trd, 8639188.712, 60
Trd, 8639189.446, 140
Trd, 8639189.746, 140
Trd, 8639189.946, 90
Trd, 8639190.512, 82
Trd, 8639190.579, 130
Trd, 8639191.012, 140
Trd, 8639191.046, 130
Trd, 8639191.312, 96
Trd, 8639191.412, 63
Trd, 8639192.512, 140
Trd, 8639192.779, 138
Trd, 8639194.212, 140
Trd, 8639194.479, 140
Trd, 8639194.779, 140
Trd, 8639195.012, 140
Trd, 8639195.612, 139
Trd, 8639195.679, 138
Trd, 8639196.246, 139
Trd, 8639197.079, 140
Trd, 8639198.046, 140
Trd, 8639198.779, 131
Trd, 8639199.179, 140
Trd, 8639199.412, 132
Trd, 8639199.812, 140
Trd, 8639200.279, 139
Trd, 8639201.212, 134
Trd, 8639201.546, 128
Trd, 8639201.679, 127
Trd, 8639201.879, 125
Trd, 8639202.612, 108
Trd, 8639202.746, 107
Trd, 8639203.146, 92
Trd, 8639203.546, 102
Trd, 8639205.246, 139
Trd, 8639205.279, 138
Trd, 8639205.379, 137
Trd, 8639205.446, 80
Trd, 8639205.646, 64
Trd, 8639206.012, 62
Trd, 8639206.679, 61
Trd, 8639207.412, 95
Trd, 8639208.046, 61
Trd, 8639209.046, 63
Trd, 8639209.946, 60
Trd, 8639210.679, 60
Trd, 8639211.012, 62
Trd, 8639211.612, 63
Trd, 8639212.046, 123
Trd, 8639212.712, 140
Trd, 8639212.812, 140
Trd, 8639212.912, 125
Trd, 8639213.146, 123
Trd, 8639213.179, 122
Trd, 8639214.046, 61
Trd, 8639214.579, 66
Trd, 8639214.646, 79
Trd, 8639215.246, 73
Trd, 8639215.279, 81
Trd, 8639215.579, 66
Trd, 8639216.112, 66
Trd, 8639216.312, 67
Trd, 8639217.246, 66
Trd, 8639217.412, 80
Trd, 8639217.446, 133
Trd, 8639218.046, 139
Trd, 8639218.812, 140
Trd, 8639219.546, 140
Trd, 8639220.212, 140
Trd, 8639220.412, 140
Trd, 8639220.479, 140
Trd, 8639221.579, 66
Trd, 8639222.179, 139
Trd, 8639222.912, 140
Trd, 8639223.346, 140
Trd, 8639223.712, 140
Trd, 8639224.012, 139
Trd, 8639224.079, 121
Trd, 8639224.179, 119
Trd, 8639224.412, 114
Trd, 8639224.779, 113
Trd, 8639225.712, 139
Trd, 8639225.779, 139
Trd, 8639225.812, 121
Trd, 8639226.612, 140
Trd, 8639227.179, 113
Trd, 8639227.812, 95
Trd, 8639228.179, 93
Trd, 8639228.446, 140
Trd, 8639228.612, 100
Trd, 8639229.212, 64
Trd, 8639229.379, 94
Trd, 8639230.046, 94
Trd, 8639230.146, 94
Trd, 8639230.279, 93
Trd, 8639230.312, 101
Trd, 8639230.846, 62
Trd, 8639232.012, 64
Trd, 8639232.146, 71
Trd, 8639232.446, 65
Trd, 8639232.912, 120
Trd, 8639233.312, 101
Trd, 8639233.446, 65
Trd, 8639234.979, 60
Trd, 8639235.512, 60
Trd, 8639236.079, 61
Trd, 8639236.512, 61
Trd, 8639237.779, 60
Trd, 8639237.812, 62
Trd, 8639238.046, 62
Trd, 8639238.446, 62
Trd, 8639238.812, 61
Trd, 8639239.179, 66
Trd, 8639239.479, 68
Trd, 8639239.946, 140
Trd, 8639240.546, 134
Trd, 8639240.646, 139
Trd, 8639240.812, 133
Trd, 8639241.446, 79
Trd, 8639241.479, 85
Trd, 8639241.546, 86
Trd, 8639241.879, 60
Trd, 8639242.146, 62
Trd, 8639242.479, 138
Trd, 8639243.912, 60
Trd, 8639244.479, 60
Trd, 8639245.012, 62
Trd, 8639245.246, 65
Trd, 8639245.312, 72
Trd, 8639245.879, 100
Trd, 8639246.312, 66
Trd, 8639246.546, 71
Trd, 8639246.646, 63
Trd, 8639247.212, 78
Trd, 8639247.246, 84
Trd, 8639247.912, 121
Trd, 8639248.079, 65
Trd, 8639248.446, 140
Trd, 8639249.046, 60
Trd, 8639250.479, 60
Trd, 8639251.112, 60
Trd, 8639252.746, 60
Trd, 8639252.879, 61
Trd, 8639253.246, 62
Trd, 8639253.512, 62
Trd, 8639253.812, 61
Trd, 8639254.046, 63
Trd, 8639254.612, 61
Trd, 8639255.779, 61
Trd, 8639256.379, 62
Trd, 8639257.046, 62
Trd, 8639257.346, 61
Trd, 8639257.746, 61
Trd, 8639257.879, 62
Trd, 8639258.746, 60
Trd, 8639259.512, 60
Trd, 8639259.812, 61
Trd, 8639260.346, 64
Trd, 8639260.379, 62
Trd, 8639260.546, 65
Trd, 8639261.046, 62
Trd, 8639261.246, 67
Trd, 8639261.846, 60
Trd, 8639262.512, 66
Trd, 8639262.712, 63
Trd, 8639263.646, 61
Trd, 8639264.079, 62
Trd, 8639264.112, 128
Trd, 8639264.546, 140
Trd, 8639264.812, 140
Trd, 8639265.046, 140
Trd, 8639265.379, 140
Trd, 8639266.146, 140
Trd, 8639266.879, 140
Trd, 8639266.946, 140
Trd, 8639267.279, 140
Trd, 8639267.912, 133
Trd, 8639268.312, 136
Trd, 8639268.379, 135
Trd, 8639268.479, 134
Trd, 8639269.379, 132
Trd, 8639269.446, 101
Trd, 8639269.579, 133
Trd, 8639269.612, 95
Trd, 8639270.279, 140
Trd, 8639270.412, 111
Trd, 8639271.379, 140
Trd, 8639271.679, 139
Trd, 8639272.012, 135
Trd, 8639272.412, 137
Trd, 8639272.812, 118
Trd, 8639272.946, 130
Trd, 8639273.546, 96
Trd, 8639273.679, 95
Trd, 8639274.179, 73
Trd, 8639274.312, 64
Trd, 8639274.846, 140
Trd, 8639275.212, 140
Trd, 8639276.546, 140
Trd, 8639277.412, 140
Trd, 8639277.446, 140
Trd, 8639278.379, 140
Trd, 8639278.646, 140
Trd, 8639278.946, 140
Trd, 8639279.012, 140
Trd, 8639279.746, 140
Trd, 8639279.946, 140
Trd, 8639280.812, 140
Trd, 8639281.579, 140
Trd, 8639281.646, 140
Trd, 8639282.412, 139
Trd, 8639282.512, 138
Trd, 8639282.646, 122
Trd, 8639282.879, 119
Trd, 8639283.079, 132
Trd, 8639283.179, 136
Trd, 8639283.946, 124
Trd, 8639284.279, 123
Trd, 8639284.546, 135
Trd, 8639285.146, 96
Trd, 8639285.412, 63
Trd, 8639286.546, 140
Trd, 8639286.612, 139
Trd, 8639287.446, 91
Trd, 8639288.646, 60
Trd, 8639288.712, 140
Trd, 8639289.346, 60
Trd, 8639289.746, 61
Trd, 8639289.779, 91
Trd, 8639290.679, 140
Trd, 8639291.012, 140
Trd, 8639291.079, 140
Trd, 8639291.212, 140
Trd, 8639291.312, 140
Trd, 8639291.412, 117
Trd, 8639292.212, 137
Trd, 8639292.279, 135
Trd, 8639293.379, 114
Trd, 8639293.612, 139
Trd, 8639294.079, 126
Trd, 8639294.112, 125
Trd, 8639295.279, 139
Trd, 8639295.612, 111
Trd, 8639295.779, 88
Trd, 8639296.012, 87
Trd, 8639296.679, 140
Trd, 8639297.412, 140
Trd, 8639297.579, 140
Trd, 8639297.612, 140
Trd, 8639298.079, 140
Trd, 8639298.212, 134
Trd, 8639299.212, 140
Trd, 8639299.812, 140
Trd, 8639299.879, 140
Trd, 8639300.146, 140
Trd, 8639300.412, 140
Trd, 8639300.746, 139
Trd, 8639301.512, 140
Trd, 8639302.479, 140
Trd, 8639302.679, 140
Trd, 8639303.679, 140
Trd, 8639303.712, 134
Trd, 8639303.812, 121
Trd, 8639303.846, 94
Trd, 8639304.612, 138
Trd, 8639304.846, 126
Trd, 8639305.046, 109
Trd, 8639305.079, 108
Trd, 8639306.279, 86
Trd, 8639306.646, 70
Trd, 8639307.212, 61
Trd, 8639307.512, 62
Trd, 8639307.946, 64
Trd, 8639308.012, 66
Trd, 8639308.146, 92
Trd, 8639308.779, 66
Trd, 8639308.812, 65
Trd, 8639309.579, 67
Trd, 8639309.779, 62
Trd, 8639310.112, 106
Trd, 8639310.479, 66
Trd, 8639310.712, 69
Trd, 8639311.312, 70
Trd, 8639311.779, 71
Trd, 8639311.812, 63
Trd, 8639312.746, 140
Trd, 8639313.079, 140
Trd, 8639313.512, 138
Trd, 8639313.879, 60
Trd, 8639314.246, 87
Trd, 8639315.612, 60
Trd, 8639315.712, 64
Trd, 8639316.579, 60
Trd, 8639316.979, 62
Trd, 8639317.046, 87
Trd, 8639317.979, 60
Trd, 8639318.446, 61
Trd, 8639318.479, 62
Trd, 8639319.412, 69
Trd, 8639319.446, 76
Trd, 8639319.746, 60
Trd, 8639320.379, 62
Trd, 8639320.812, 64
Trd, 8639321.279, 65
Trd, 8639321.312, 64
Trd, 8639321.879, 75
Trd, 8639322.012, 128
Trd, 8639322.612, 68
Trd, 8639323.179, 64
Trd, 8639323.946, 140
Trd, 8639324.579, 140
Trd, 8639324.712, 139
Trd, 8639324.812, 139
Trd, 8639324.979, 78
Trd, 8639326.179, 140
Trd, 8639327.012, 108
Trd, 8639327.179, 116
Trd, 8639327.246, 129
Trd, 8639327.546, 140
Trd, 8639328.179, 140
Trd, 8639328.379, 101
Trd, 8639328.779, 140
Trd, 8639329.212, 127
Trd, 8639329.346, 126
Trd, 8639329.379, 87
Trd, 8639330.079, 88
Trd, 8639330.579, 90
Trd, 8639330.746, 88
Trd, 8639330.979, 120
Trd, 8639331.279, 140
Trd, 8639331.312, 89
Trd, 8639333.146, 61
Trd, 8639333.512, 62
Trd, 8639333.879, 61
Trd, 8639334.579, 60
Trd, 8639335.146, 62
Trd, 8639336.112, 61
Trd, 8639336.179, 60
Trd, 8639336.546, 118
Trd, 8639336.846, 131
Trd, 8639336.879, 130
Trd, 8639337.379, 117
Trd, 8639338.446, 136
Trd, 8639338.579, 118
Trd, 8639338.879, 136
Trd, 8639339.079, 116
Trd, 8639339.279, 99
Trd, 8639340.346, 61
Trd, 8639341.112, 61
Trd, 8639341.312, 62
Trd, 8639342.046, 60
Trd, 8639342.512, 71
Trd, 8639342.812, 60
Trd, 8639343.846, 62
Trd, 8639344.412, 60
Trd, 8639344.512, 106
Trd, 8639344.779, 61
Trd, 8639345.279, 115
Trd, 8639345.812, 103
Trd, 8639346.179, 106
Trd, 8639346.346, 102
Trd, 8639347.046, 103
Trd, 8639347.179, 102
Trd, 8639347.379, 140
Trd, 8639347.679, 140
Trd, 8639347.846, 104
Trd, 8639348.312, 96
Trd, 8639348.912, 92
Trd, 8639349.346, 111
Trd, 8639350.312, 140
Trd, 8639350.512, 140
Trd, 8639351.046, 140
Trd, 8639351.379, 140
Trd, 8639351.946, 140
Trd, 8639352.646, 140
Trd, 8639352.679, 140
Trd, 8639352.879, 139
Trd, 8639353.746, 111
Trd, 8639353.979, 110
Trd, 8639354.146, 133
Trd, 8639354.279, 88
Trd, 8639354.312, 82
Trd, 8639354.746, 61
Trd, 8639354.779, 62
Trd, 8639355.412, 139
Trd, 8639356.012, 140
Trd, 8639356.679, 138
Trd, 8639357.679, 63
Trd, 8639357.979, 73
Trd, 8639358.246, 118
Trd, 8639359.712, 61
Trd, 8639360.712, 62
Trd, 8639360.846, 62
Trd, 8639361.079, 60
Trd, 8639361.279, 60
Trd, 8639361.479, 61
Trd, 8639361.546, 62
Trd, 8639361.979, 65
Trd, 8639362.946, 66
Trd, 8639363.146, 60
Trd, 8639363.846, 61
Trd, 8639363.879, 64
Trd, 8639364.412, 61
Trd, 8639365.212, 66
Trd, 8639366.146, 85
Trd, 8639366.212, 88
Trd, 8639366.279, 98
Trd, 8639366.812, 88
Trd, 8639367.012, 85
Trd, 8639367.779, 66
Trd, 8639368.646, 60
Trd, 8639370.112, 60
Trd, 8639370.246, 60
Trd, 8639370.279, 61
Trd, 8639370.412, 62
Trd, 8639370.446, 66
Trd, 8639370.979, 128
Trd, 8639371.012, 131
Trd, 8639371.212, 71
Trd, 8639371.846, 93
Trd, 8639371.879, 92
Trd, 8639373.379, 140
Trd, 8639373.479, 140
Trd, 8639373.679, 140
Trd, 8639373.912, 139
Trd, 8639374.312, 135
Trd, 8639375.046, 138
Trd, 8639375.446, 136
Trd, 8639375.779, 139
Trd, 8639376.012, 139
Trd, 8639376.379, 102
Trd, 8639376.679, 95
Trd, 8639376.879, 95
Trd, 8639377.812, 129
Trd, 8639377.946, 129
Trd, 8639378.912, 140
Trd, 8639379.079, 140
Trd, 8639379.179, 140
Trd, 8639379.479, 126
Trd, 8639379.746, 108
Trd, 8639380.112, 137
Trd, 8639380.246, 108
Trd, 8639380.512, 106
Trd, 8639381.946, 140
Trd, 8639382.346, 140
Trd, 8639383.112, 140
Trd, 8639383.379, 140
Trd, 8639383.646, 140
Trd, 8639384.346, 130
Trd, 8639384.546, 120
Trd, 8639385.446, 134
Trd, 8639385.579, 133
Trd, 8639385.712, 89
Trd, 8639385.979, 71
Trd, 8639387.079, 140
Trd, 8639387.112, 103
Trd, 8639387.146, 96
Trd, 8639387.279, 137
Trd, 8639387.679, 139
Trd, 8639387.846, 61
Trd, 8639389.146, 61
Trd, 8639389.446, 61
Trd, 8639390.246, 61
Trd, 8639390.712, 78
Trd, 8639390.879, 80
Trd, 8639391.546, 61
Trd, 8639391.679, 61
Trd, 8639393.446, 62
Trd, 8639393.512, 60
Trd, 8639393.779, 61
Trd, 8639394.179, 61
Trd, 8639394.212, 68
Trd, 8639394.679, 64
Trd, 8639394.879, 68
Trd, 8639394.912, 114
Trd, 8639395.412, 65
Trd, 8639396.612, 69
Trd, 8639396.812, 74
Trd, 8639397.012, 77
Trd, 8639397.112, 87
Trd, 8639397.379, 97
Trd, 8639397.579, 70
Trd, 8639398.812, 140
Trd, 8639399.646, 140
Trd, 8639399.979, 140
Trd, 8639400.746, 140
Trd, 8639400.879, 140
Trd, 8639400.912, 139
Trd, 8639400.946, 136
Trd, 8639401.379, 127
Trd, 8639401.946, 125
Trd, 8639402.312, 139
Trd, 8639403.212, 136
Trd, 8639403.646, 123
Trd, 8639403.946, 122
Trd, 8639404.479, 136
Trd, 8639405.279, 118
Trd, 8639405.312, 117
Trd, 8639405.646, 135
Trd, 8639406.179, 94
Trd, 8639406.612, 70
Trd, 8639407.312, 140
Trd, 8639407.846, 140
Trd, 8639408.112, 139
Trd, 8639408.312, 140
Trd, 8639408.512, 110
Trd, 8639408.979, 140
Trd, 8639409.746, 88
Trd, 8639410.346, 140
Trd, 8639410.479, 140
Trd, 8639410.646, 139
Trd, 8639410.812, 137
Trd, 8639410.879, 86
Trd, 8639412.079, 61
Trd, 8639412.379, 64
Trd, 8639413.346, 128
Trd, 8639413.546, 118
Trd, 8639413.912, 71
Trd, 8639413.946, 81
Trd, 8639414.046, 82
Trd, 8639414.946, 73
Trd, 8639415.212, 130
Trd, 8639415.246, 128
Trd, 8639415.346, 137
Trd, 8639415.579, 76
Trd, 8639415.979, 140
Trd, 8639416.079, 98
Trd, 8639417.212, 140
Trd, 8639418.046, 140
Trd, 8639418.312, 140
Trd, 8639418.346, 140
Trd, 8639418.612, 138
Trd, 8639420.046, 140
Trd, 8639420.346, 140
Trd, 8639420.379, 140
Trd, 8639420.812, 139
Trd, 8639420.879, 128
Trd, 8639421.012, 108
Trd, 8639421.579, 63
Trd, 8639422.346, 65
Trd, 8639422.746, 140
Trd, 8639423.346, 133
Trd, 8639423.679, 133
Trd, 8639423.912, 140
Trd, 8639424.379, 138
Trd, 8639424.779, 140
Trd, 8639425.279, 98
Trd, 8639426.012, 121
Trd, 8639426.612, 140
Trd, 8639426.712, 124
Trd, 8639427.046, 108
Trd, 8639427.079, 94
Trd, 8639427.279, 122
Trd, 8639427.846, 124
Trd, 8639428.546, 122
Trd, 8639428.712, 102
Trd, 8639428.746, 102
Trd, 8639429.579, 60
Trd, 8639430.079, 62
Trd, 8639430.212, 63
Trd, 8639430.446, 60
Trd, 8639431.579, 60
Trd, 8639431.612, 60
Trd, 8639431.812, 68
Trd, 8639433.512, 60
Trd, 8639433.979, 61
Trd, 8639434.879, 61
Trd, 8639434.979, 62
Trd, 8639435.146, 61
Trd, 8639435.646, 61
Trd, 8639436.046, 69
Trd, 8639436.946, 140
Trd, 8639437.479, 140
Trd, 8639437.512, 140
Trd, 8639437.679, 140
Trd, 8639438.846, 140
Trd, 8639439.212, 140
Trd, 8639439.246, 138
Trd, 8639439.712, 140
Trd, 8639439.979, 115
Trd, 8639440.512, 117
Trd, 8639440.746, 116
Trd, 8639441.746, 139
Trd, 8639442.046, 115
Trd, 8639442.146, 99
Trd, 8639442.446, 82
Trd, 8639443.246, 60
Trd, 8639443.979, 71
Trd, 8639444.879, 64
Trd, 8639445.079, 114
Trd, 8639445.146, 63
Trd, 8639446.246, 140
Trd, 8639446.279, 115
Trd, 8639446.879, 135
Trd, 8639447.112, 134
Trd, 8639447.179, 91
Trd, 8639447.312, 72
Trd, 8639447.612, 71
Trd, 8639448.279, 136
Trd, 8639448.512, 135
Trd, 8639448.646, 114
Trd, 8639449.612, 79
Trd, 8639449.712, 76
Trd, 8639449.779, 75
Trd, 8639450.579, 99
Trd, 8639450.612, 89
Trd, 8639451.179, 128
Trd, 8639451.979, 140
Trd, 8639452.112, 140
Trd, 8639453.112, 139
Trd, 8639453.412, 138
Trd, 8639453.879, 135
Trd, 8639454.379, 85
Trd, 8639454.412, 80
Trd, 8639454.812, 100
Trd, 8639455.379, 90
Trd, 8639455.612, 134
Trd, 8639456.479, 138
Trd, 8639456.612, 95
Trd, 8639456.646, 94
Trd, 8639457.346, 96
Trd, 8639458.179, 139
Trd, 8639458.546, 93
Trd, 8639458.579, 111
Trd, 8639458.746, 140
Trd, 8639459.179, 88
Trd, 8639459.879, 87
Trd, 8639460.146, 140
Trd, 8639460.779, 140
Trd, 8639461.112, 140
Trd, 8639461.446, 140
Trd, 8639462.412, 140
Trd, 8639462.746, 140
Trd, 8639462.879, 140
Trd, 8639463.179, 139
Trd, 8639463.879, 137
Trd, 8639464.879, 132
Trd, 8639465.112, 131
Trd, 8639465.512, 124
Trd, 8639465.646, 123
Trd, 8639466.246, 140
Trd, 8639466.746, 139
Trd, 8639466.946, 139
Trd, 8639467.246, 139
Trd, 8639467.612, 126
Trd, 8639467.946, 112
Trd, 8639468.846, 100
Trd, 8639469.112, 61
Trd, 8639469.379, 140
Trd, 8639469.812, 136
Trd, 8639471.112, 116
Trd, 8639471.346, 120
Trd, 8639472.212, 140
Trd, 8639473.146, 140
Trd, 8639473.412, 140
Trd, 8639474.146, 140
Trd, 8639474.579, 140
Trd, 8639474.946, 140
Trd, 8639475.146, 140
Trd, 8639475.446, 140
Trd, 8639475.746, 136
Trd, 8639476.279, 140
Trd, 8639476.446, 135
Trd, 8639477.212, 140
Trd, 8639477.679, 140
Trd, 8639477.746, 115
Trd, 8639477.979, 115
Trd, 8639478.146, 111
Trd, 8639478.179, 70
Trd, 8639478.612, 140
Trd, 8639479.546, 140
Trd, 8639479.712, 140
Trd, 8639479.812, 140
Trd, 8639480.346, 106
Trd, 8639481.812, 138
Trd, 8639481.846, 137
Trd, 8639482.046, 129
Trd, 8639482.446, 101
Trd, 8639482.946, 138
Trd, 8639483.179, 140
Trd, 8639483.812, 112
Trd, 8639484.412, 129
Trd, 8639484.612, 93
Trd, 8639484.912, 140
Trd, 8639485.012, 140
Trd, 8639485.579, 140
Trd, 8639486.512, 138
Trd, 8639487.112, 139
Trd, 8639487.312, 135
Trd, 8639487.479, 134
Trd, 8639488.212, 134
Trd, 8639488.279, 133
Trd, 8639488.346, 139
Trd, 8639489.412, 140
Trd, 8639490.079, 137
Trd, 8639490.812, 140
Trd, 8639491.512, 140
Trd, 8639491.546, 139
Trd, 8639491.679, 136
Trd, 8639491.879, 105
Trd, 8639491.946, 98
Trd, 8639492.946, 136
Trd, 8639493.079, 116
Trd, 8639493.546, 137
Trd, 8639493.746, 125
Trd, 8639494.346, 140
Trd, 8639495.646, 140
Trd, 8639496.212, 140
Trd, 8639496.446, 140
Trd, 8639496.512, 140
Trd, 8639497.346, 140
Trd, 8639497.612, 140
Trd, 8639497.746, 138
Trd, 8639497.779, 135
Trd, 8639498.512, 91
Trd, 8639498.679, 81
Trd, 8639499.612, 92
Trd, 8639499.679, 69
Trd, 8639499.812, 123
Trd, 8639499.979, 139
Trd, 8639500.046, 68
Trd, 8639500.479, 67
Trd, 8639500.612, 60
Trd, 8639500.679, 79
Trd, 8639501.412, 64
Trd, 8639502.446, 63
Trd, 8639502.912, 63
Trd, 8639503.079, 65
Trd, 8639503.612, 60
Trd, 8639503.812, 60
Trd, 8639504.312, 60
Trd, 8639504.679, 61
Trd, 8639505.246, 106
Trd, 8639506.312, 140
Trd, 8639506.346, 139
Trd, 8639506.446, 110
Trd, 8639506.679, 109
Trd, 8639507.046, 79
Trd, 8639508.012, 74
Trd, 8639508.079, 73
Trd, 8639508.346, 140
Trd, 8639508.579, 140
Trd, 8639508.879, 140
Trd, 8639510.012, 140
Trd, 8639510.579, 140
Trd, 8639510.712, 140
Trd, 8639510.912, 119
Trd, 8639511.779, 140
Trd, 8639512.379, 140
Trd, 8639513.046, 140
Trd, 8639513.146, 140
Trd, 8639513.746, 129
Trd, 8639514.046, 139
Trd, 8639514.112, 138
Trd, 8639514.979, 136
Trd, 8639515.346, 130
Trd, 8639516.012, 139
Trd, 8639517.012, 140
Trd, 8639517.679, 140
Trd, 8639517.746, 140
Trd, 8639518.112, 140
Trd, 8639518.279, 139
Trd, 8639518.846, 71
Trd, 8639519.412, 85
Trd, 8639519.679, 140
Trd, 8639520.246, 140
Trd, 8639520.312, 140
Trd, 8639520.346, 140
Trd, 8639520.712, 137
Trd, 8639521.512, 138
Trd, 8639521.679, 136
Trd, 8639521.846, 110
Trd, 8639522.479, 61
Trd, 8639523.212, 140
Trd, 8639523.446, 140
Trd, 8639523.712, 140
Trd, 8639524.246, 140
Trd, 8639524.379, 140
Trd, 8639524.946, 134
Trd, 8639525.912, 138
Trd, 8639526.312, 131
Trd, 8639526.412, 121
Trd, 8639526.646, 101
Trd, 8639526.846, 139
Trd, 8639527.812, 140
Trd, 8639528.679, 140
Trd, 8639528.779, 140
Trd, 8639529.246, 140
Trd, 8639529.812, 140
Trd, 8639530.246, 140
Trd, 8639530.312, 139
Trd, 8639530.646, 138
Trd, 8639532.079, 66
Trd, 8639532.279, 89
Trd, 8639532.312, 61
Trd, 8639532.346, 107
Trd, 8639532.446, 111
Trd, 8639532.779, 140
Trd, 8639532.979, 61
Trd, 8639533.379, 121
Trd, 8639534.212, 140
Trd, 8639534.746, 85
Trd, 8639534.946, 74
Trd, 8639535.712, 124
Trd, 8639536.212, 136
Trd, 8639536.612, 61
Trd, 8639536.812, 63
Trd, 8639537.212, 139
Trd, 8639537.479, 62
Trd, 8639538.646, 94
Trd, 8639538.912, 102
Trd, 8639539.012, 95
Trd, 8639539.179, 94
Trd, 8639539.379, 138
Trd, 8639539.712, 109
Trd, 8639539.979, 107
Trd, 8639540.679, 139
Trd, 8639540.712, 101
Trd, 8639540.912, 95
Trd, 8639541.479, 140
Trd, 8639541.579, 140
Trd, 8639542.579, 140
Trd, 8639542.679, 140
Trd, 8639543.012, 139
Trd, 8639543.579, 78
Trd, 8639544.579, 140
Trd, 8639544.612, 133
Trd, 8639544.812, 100
Trd, 8639545.346, 140
Trd, 8639545.779, 140
Trd, 8639546.012, 140
Trd, 8639547.146, 140
Trd, 8639547.212, 110
Trd, 8639547.612, 99
Trd, 8639547.646, 98
Trd, 8639549.512, 140
Trd, 8639549.712, 140
Trd, 8639549.746, 118
Trd, 8639549.779, 106
Trd, 8639550.479, 116
Trd, 8639550.579, 139
Trd, 8639550.646, 82
Trd, 8639551.246, 84
Trd, 8639551.679, 83
Trd, 8639552.846, 140
Trd, 8639553.546, 140
Trd, 8639553.579, 140
Trd, 8639554.112, 139
Trd, 8639554.279, 138
Trd, 8639554.479, 108
Trd, 8639554.912, 138
Trd, 8639555.212, 139
Trd, 8639555.712, 130
Trd, 8639555.879, 129
Trd, 8639556.246, 128
Trd, 8639556.312, 127
Trd, 8639556.912, 140
Trd, 8639557.779, 140
Trd, 8639558.379, 140
Trd, 8639558.679, 139
Trd, 8639559.179, 139
Trd, 8639559.212, 95
Trd, 8639559.979, 133
Trd, 8639560.012, 132
Trd, 8639560.479, 118
Trd, 8639561.079, 133
Trd, 8639561.546, 114
Trd, 8639561.746, 129
Trd, 8639562.512, 84
Trd, 8639562.612, 140
Trd, 8639563.779, 60
Trd, 8639564.012, 61
Trd, 8639565.112, 64
Trd, 8639565.212, 71
Trd, 8639565.346, 120
Trd, 8639565.979, 61
Trd, 8639566.112, 66
Trd, 8639566.346, 66
Trd, 8639567.246, 68
Trd, 8639567.379, 67
Trd, 8639568.179, 140
Trd, 8639568.546, 140
Trd, 8639568.779, 140
Trd, 8639568.946, 140
Trd, 8639569.579, 140
Trd, 8639569.846, 140
Trd, 8639570.879, 140
Trd, 8639570.912, 131
Trd, 8639571.312, 140
Trd, 8639571.412, 137
Trd, 8639571.846, 139
Trd, 8639571.912, 138
Trd, 8639572.579, 126
Trd, 8639572.879, 120
Trd, 8639573.679, 140
Trd, 8639573.779, 140
Trd, 8639573.812, 135
Trd, 8639574.012, 95
Trd, 8639574.146, 70
Trd, 8639575.712, 102
Trd, 8639576.746, 60
Trd, 8639577.179, 60
Trd, 8639577.646, 64
Trd, 8639577.779, 66
Trd, 8639577.979, 66
Trd, 8639578.212, 68
Trd, 8639578.312, 66
Trd, 8639578.712, 64
Trd, 8639578.812, 68
Trd, 8639579.479, 74
Trd, 8639580.146, 90
Trd, 8639580.479, 70
Trd, 8639580.646, 139
Trd, 8639581.046, 68
Trd, 8639581.279, 66
Trd, 8639581.746, 61
Trd, 8639582.179, 61
Trd, 8639583.679, 62
Trd, 8639584.179, 60
Trd, 8639584.612, 63
Trd, 8639585.679, 60
Trd, 8639585.812, 60
Trd, 8639586.179, 60
Trd, 8639586.312, 65
Trd, 8639586.612, 61
Trd, 8639586.812, 61
Trd, 8639587.212, 61
Trd, 8639588.412, 60
Trd, 8639588.646, 72
Trd, 8639589.579, 61
Trd, 8639589.812, 85
Trd, 8639591.412, 66
Trd, 8639591.846, 67
Trd, 8639592.312, 81
Trd, 8639592.446, 60
Trd, 8639592.712, 101
Trd, 8639593.479, 62
Trd, 8639593.979, 62
Trd, 8639594.146, 64
Trd, 8639594.546, 60
Trd, 8639595.146, 60
Trd, 8639595.212, 63
Trd, 8639596.012, 60
Trd, 8639596.846, 60
Trd, 8639597.012, 61
Trd, 8639597.212, 65
Trd, 8639597.879, 60
Trd, 8639598.379, 64
Trd, 8639598.679, 63
Trd, 8639598.912, 67
Trd, 8639599.112, 62
Trd, 8639599.879, 140
Trd, 8639600.346, 73
Trd, 8639600.479, 67
Trd, 8639600.779, 66
Trd, 8639600.946, 69
Trd, 8639601.512, 60
Trd, 8639601.979, 63
Trd, 8639602.212, 105
Trd, 8639603.712, 130
Trd, 8639604.112, 140
Trd, 8639604.512, 140
Trd, 8639604.746, 140
Trd, 8639605.146, 140
Trd, 8639605.279, 140
Trd, 8639605.346, 129
Trd, 8639606.012, 140
Trd, 8639606.412, 139
Trd, 8639606.812, 138
Trd, 8639606.912, 120
Trd, 8639608.979, 140
Trd, 8639609.279, 140
Trd, 8639609.412, 83
Trd, 8639609.812, 69
Trd, 8639609.846, 80
Trd, 8639610.012, 61
Trd, 8639610.979, 109
Trd, 8639611.246, 85
Trd, 8639611.346, 85
Trd, 8639612.179, 65
Trd, 8639612.579, 62
Trd, 8639612.846, 81
Trd, 8639613.779, 140
Trd, 8639614.146, 140
Trd, 8639614.412, 140
Trd, 8639614.612, 140
Trd, 8639614.646, 140
Trd, 8639616.212, 140
Trd, 8639616.246, 140
Trd, 8639616.546, 140
Trd, 8639617.112, 140
Trd, 8639617.212, 140
Trd, 8639618.046, 140
Trd, 8639619.746, 140
Trd, 8639619.979, 140
Trd, 8639620.146, 140
Trd, 8639620.379, 139
Trd, 8639620.446, 139
Trd, 8639620.512, 138
Trd, 8639620.546, 116
Trd, 8639620.912, 133
Trd, 8639621.646, 138
Trd, 8639622.346, 128
Trd, 8639622.612, 98
Trd, 8639623.512, 140
Trd, 8639623.779, 140
Trd, 8639624.512, 140
Trd, 8639624.779, 140
Trd, 8639625.279, 140
Trd, 8639625.346, 99
Trd, 8639625.546, 135
Trd, 8639625.579, 98
Trd, 8639626.412, 81
Trd, 8639627.046, 81
Trd, 8639627.212, 82
Trd, 8639627.446, 90
Trd, 8639627.512, 69
Trd, 8639627.979, 140
Trd, 8639628.012, 135
Trd, 8639628.979, 61
Trd, 8639629.346, 68
Trd, 8639630.479, 66
Trd, 8639630.679, 81
Trd, 8639630.812, 79
Trd, 8639631.412, 61
Trd, 8639631.446, 92
Trd, 8639632.079, 60
Trd, 8639632.346, 67
Trd, 8639633.146, 139
Trd, 8639633.679, 140
Trd, 8639634.579, 140
Trd, 8639634.646, 139
Trd, 8639634.712, 115
Trd, 8639635.079, 140
Trd, 8639635.812, 140
Trd, 8639636.012, 140
Trd, 8639636.379, 140
Trd, 8639636.679, 140
Trd, 8639636.979, 129
Trd, 8639637.146, 139
Trd, 8639637.646, 116
Trd, 8639637.779, 110
Trd, 8639638.012, 106
Trd, 8639638.312, 140
Trd, 8639638.646, 70
Trd, 8639638.779, 60
Trd, 8639639.112, 138
Trd, 8639640.679, 60
Trd, 8639641.279, 79
Trd, 8639641.912, 66
Trd, 8639642.612, 80
Trd, 8639642.912, 75
Trd, 8639643.512, 96
Trd, 8639643.779, 86
Trd, 8639643.912, 80
Trd, 8639644.379, 76
Trd, 8639645.012, 129
Trd, 8639645.046, 94
Trd, 8639645.246, 77
Trd, 8639645.312, 75
Trd, 8639645.379, 73
Trd, 8639646.446, 140
Trd, 8639646.612, 140
Trd, 8639647.079, 140
Trd, 8639647.312, 139
Trd, 8639648.012, 140
Trd, 8639648.312, 139
Trd, 8639648.979, 111
Trd, 8639649.112, 110
Trd, 8639649.246, 107
Trd, 8639649.612, 69
Trd, 8639650.046, 107
Trd, 8639650.512, 81
Trd, 8639650.579, 69
Trd, 8639650.946, 138
Trd, 8639651.312, 68
Trd, 8639651.346, 87
Trd, 8639651.779, 64
Trd, 8639652.179, 83
Trd, 8639652.746, 140
Trd, 8639652.979, 81
Trd, 8639653.212, 69
Trd, 8639653.979, 140
Trd, 8639654.846, 139
Trd, 8639654.912, 140
Trd, 8639654.946, 139
Trd, 8639655.479, 140
Trd, 8639655.546, 140
Trd, 8639655.846, 92
Trd, 8639656.479, 140
Trd, 8639657.379, 107
Trd, 8639658.746, 140
Trd, 8639659.079, 140
Trd, 8639659.112, 139
Trd, 8639659.546, 137
Trd, 8639659.946, 137
Trd, 8639660.046, 136
Trd, 8639660.212, 110
Trd, 8639660.246, 105
Trd, 8639660.812, 140
Trd, 8639661.979, 140
Trd, 8639662.146, 140
Trd, 8639662.279, 140
Trd, 8639662.312, 140
Trd, 8639662.679, 136
Trd, 8639662.779, 102
Trd, 8639664.079, 140
Trd, 8639664.312, 139
Trd, 8639664.546, 138
Trd, 8639664.846, 88
Trd, 8639665.079, 140
Trd, 8639665.646, 140
Trd, 8639666.079, 117
Trd, 8639666.679, 117
Trd, 8639666.912, 85
Trd, 8639667.679, 140
Trd, 8639667.946, 137
Trd, 8639668.746, 139
Trd, 8639668.846, 138
Trd, 8639669.379, 112
Trd, 8639669.546, 90
Trd, 8639669.946, 105
Trd, 8639670.346, 104
Trd, 8639670.679, 137
Trd, 8639671.446, 80
Trd, 8639671.546, 81
Trd, 8639671.612, 71
Trd, 8639671.946, 98
Trd, 8639672.379, 135
Trd, 8639672.746, 140
Trd, 8639673.112, 108
Trd, 8639674.446, 140
Trd, 8639674.812, 93
Trd, 8639675.246, 140
Trd, 8639675.546, 140
Trd, 8639676.079, 140
Trd, 8639676.546, 138
Trd, 8639676.646, 137
Trd, 8639677.479, 119
Trd, 8639678.112, 99
Trd, 8639678.179, 80
Trd, 8639678.579, 86
Trd, 8639678.679, 77
Trd, 8639678.979, 140
Trd, 8639679.512, 140
Trd, 8639679.679, 140
Trd, 8639679.779, 140
Trd, 8639680.279, 140
Trd, 8639680.646, 80
Trd, 8639681.212, 138
Trd, 8639682.712, 140
Trd, 8639682.979, 140
Trd, 8639683.312, 134
Trd, 8639683.679, 140
Trd, 8639684.246, 140
Trd, 8639684.446, 139
Trd, 8639684.646, 107
Trd, 8639685.612, 140
Trd, 8639685.679, 140
Trd, 8639686.379, 95
Trd, 8639687.112, 137
Trd, 8639687.946, 132
Trd, 8639688.146, 138
Trd, 8639688.412, 131
Trd, 8639688.579, 124
Trd, 8639688.946, 97
Trd, 8639689.112, 76
Trd, 8639689.412, 62
Trd, 8639690.712, 140
Trd, 8639690.946, 140
Trd, 8639691.112, 139
Trd, 8639691.579, 138
Trd, 8639692.146, 140
Trd, 8639692.379, 140
Trd, 8639692.812, 140
Trd, 8639693.146, 139
Trd, 8639693.846, 138
Trd, 8639694.179, 133
Trd, 8639695.179, 140
Trd, 8639695.312, 89
Trd, 8639695.646, 81
Trd, 8639696.112, 114
Trd, 8639696.446, 64
Trd, 8639696.679, 73
Trd, 8639697.079, 62
Trd, 8639697.679, 89
Trd, 8639698.012, 88
Trd, 8639698.312, 66
Trd, 8639699.179, 140
Trd, 8639699.379, 140
Trd, 8639699.546, 140
Trd, 8639700.112, 139
Trd, 8639701.146, 140
Trd, 8639701.412, 140
Trd, 8639701.712, 137
Trd, 8639702.479, 122
Trd, 8639702.512, 110
Trd, 8639702.579, 95
Trd, 8639702.712, 83
Trd, 8639703.346, 91
Trd, 8639703.379, 94
Trd, 8639703.946, 66
Trd, 8639704.612, 61
Trd, 8639704.712, 78
Trd, 8639705.046, 95
Trd, 8639706.679, 60
Trd, 8639706.779, 61
Trd, 8639706.946, 61
Trd, 8639707.179, 60
Trd, 8639707.912, 64
Trd, 8639708.779, 62
Trd, 8639708.846, 64
Trd, 8639709.546, 61
Trd, 8639709.912, 60
Trd, 8639709.946, 62
Trd, 8639710.146, 62
Trd, 8639710.179, 96
Trd, 8639710.946, 61
Trd, 8639712.146, 71
Trd, 8639712.679, 94
Trd, 8639712.912, 133
Trd, 8639713.246, 72
Trd, 8639713.512, 67
Trd, 8639713.746, 88
Trd, 8639713.846, 66
Trd, 8639714.179, 67
Trd, 8639714.512, 64
Trd, 8639715.346, 69
Trd, 8639717.146, 91
Trd, 8639717.279, 140
Trd, 8639718.079, 91
Trd, 8639718.146, 77
Trd, 8639718.412, 71
Trd, 8639718.646, 122
Trd, 8639719.079, 110
Trd, 8639719.179, 133
Trd, 8639719.312, 109
Trd, 8639719.512, 109
Trd, 8639720.412, 140
Trd, 8639720.679, 111
Trd, 8639720.846, 109
Trd, 8639720.879, 108
Trd, 8639722.146, 112
Trd, 8639722.612, 138
Trd, 8639722.812, 113
Trd, 8639723.112, 112
Trd, 8639723.246, 131
Trd, 8639723.279, 111
Trd, 8639723.812, 140
Trd, 8639724.546, 138
Trd, 8639724.712, 137
Trd, 8639725.079, 101
Trd, 8639725.512, 100
Trd, 8639725.812, 121
Trd, 8639726.179, 89
Trd, 8639726.612, 90
Trd, 8639726.712, 126
Trd, 8639726.746, 69
Trd, 8639727.479, 66
Trd, 8639727.612, 121
Trd, 8639728.546, 61
Trd, 8639728.612, 64
Trd, 8639729.379, 68
Trd, 8639730.479, 135
Trd, 8639730.612, 92
Trd, 8639731.246, 69
Trd, 8639731.279, 101
Trd, 8639731.479, 72
Trd, 8639732.146, 140
Trd, 8639732.612, 140
Trd, 8639732.812, 140
Trd, 8639733.012, 140
Trd, 8639733.679, 140
Trd, 8639734.446, 124
Trd, 8639734.812, 124
Trd, 8639735.646, 123
Trd, 8639736.046, 140
Trd, 8639736.212, 123
Trd, 8639736.446, 122
Trd, 8639736.779, 140
Trd, 8639737.446, 140
Trd, 8639738.579, 140
Trd, 8639738.612, 129
Trd, 8639738.779, 134
Trd, 8639738.879, 128
Trd, 8639738.912, 127
Trd, 8639739.112, 74
Trd, 8639740.446, 135
Trd, 8639741.179, 140
Trd, 8639741.779, 140
Trd, 8639741.846, 140
Trd, 8639742.079, 140
Trd, 8639742.212, 133
Trd, 8639742.412, 139
Trd, 8639743.512, 140
Trd, 8639743.946, 140
Trd, 8639744.079, 140
Trd, 8639745.412, 140
Trd, 8639745.479, 140
Trd, 8639745.612, 123
Trd, 8639745.646, 96
Trd, 8639746.446, 135
Trd, 8639746.479, 96
Trd, 8639746.812, 140
Trd, 8639746.846, 108
Trd, 8639747.546, 140
Trd, 8639748.979, 140
Trd, 8639749.379, 140
Trd, 8639749.512, 139
Trd, 8639749.579, 138
Trd, 8639750.046, 122
Trd, 8639750.146, 116
Trd, 8639750.246, 112
Trd, 8639751.746, 140
Trd, 8639752.812, 140
Trd, 8639752.879, 140
Trd, 8639752.946, 140
Trd, 8639753.046, 136
Trd, 8639753.179, 74
Trd, 8639753.579, 72
Trd, 8639754.579, 64
Trd, 8639754.746, 112
Trd, 8639755.646, 64
Trd, 8639755.812, 70
Trd, 8639756.412, 140
Trd, 8639756.679, 65
Trd, 8639757.512, 140
Trd, 8639757.879, 140
Trd, 8639757.946, 140
Trd, 8639758.746, 140
Trd, 8639758.946, 139
Trd, 8639759.746, 140
Trd, 8639760.146, 140
Trd, 8639760.279, 130
Trd, 8639760.912, 140
Trd, 8639761.212, 140
Trd, 8639762.146, 140
Trd, 8639762.246, 138
Trd, 8639762.346, 127
Trd, 8639762.646, 139
Trd, 8639763.379, 106
Trd, 8639763.646, 109
Trd, 8639764.079, 140
Trd, 8639764.346, 90
Trd, 8639764.879, 140
Trd, 8639764.946, 125
Trd, 8639765.746, 140
Trd, 8639766.146, 139
Trd, 8639767.579, 115
Trd, 8639768.046, 140
Trd, 8639768.312, 116
Trd, 8639768.412, 115
Trd, 8639768.446, 111
Trd, 8639769.746, 140
Trd, 8639769.879, 139
Trd, 8639770.246, 130
Trd, 8639770.946, 140
Trd, 8639771.679, 140
Trd, 8639771.979, 140
Trd, 8639772.846, 140
Trd, 8639773.079, 140
Trd, 8639773.412, 140
Trd, 8639773.912, 140
Trd, 8639774.012, 140
Trd, 8639774.079, 136
Trd, 8639774.612, 140
Trd, 8639774.846, 140
Trd, 8639774.912, 135
Trd, 8639775.246, 123
Trd, 8639775.279, 122
Trd, 8639776.079, 140
Trd, 8639776.412, 82
Trd, 8639776.912, 130
Trd, 8639777.112, 125
Trd, 8639777.312, 85
Trd, 8639777.446, 81
Trd, 8639778.179, 140
Trd, 8639778.946, 116
Trd, 8639779.412, 140
Trd, 8639780.046, 140
Trd, 8639780.779, 140
Trd, 8639781.246, 140
Trd, 8639781.779, 140
Trd, 8639782.079, 140
Trd, 8639782.279, 140
Trd, 8639782.379, 136
Trd, 8639782.479, 139
Trd, 8639782.612, 134
Trd, 8639784.112, 122
Trd, 8639784.279, 121
Trd, 8639785.046, 101
Trd, 8639785.512, 123
Trd, 8639785.712, 128
Trd, 8639785.746, 96
Trd, 8639785.912, 138
Trd, 8639786.079, 115
Trd, 8639787.312, 140
Trd, 8639787.479, 140
Trd, 8639787.912, 103
Trd, 8639788.179, 101
Trd, 8639788.412, 97
Trd, 8639789.179, 61
Trd, 8639789.512, 140
Trd, 8639789.646, 139
Trd, 8639789.912, 127
Trd, 8639790.779, 140
Trd, 8639790.946, 140
Trd, 8639791.246, 139
Trd, 8639791.312, 126
Trd, 8639792.246, 122
Trd, 8639792.579, 140
Trd, 8639792.646, 86
Trd, 8639792.779, 61
Trd, 8639793.279, 60
Trd, 8639793.646, 62
Trd, 8639794.712, 62
Trd, 8639795.279, 63
Trd, 8639795.579, 65
Trd, 8639796.312, 67
Trd, 8639796.346, 65
Trd, 8639797.012, 68
Trd, 8639797.412, 66
Trd, 8639797.712, 131
Trd, 8639797.846, 140
Trd, 8639798.712, 111
Trd, 8639799.112, 140
Trd, 8639799.379, 111
Trd, 8639799.546, 84
Trd, 8639799.779, 133
Trd, 8639800.146, 112
Trd, 8639800.679, 140
Trd, 8639801.846, 140
Trd, 8639802.646, 140
Trd, 8639802.679, 140
Trd, 8639802.979, 140
Trd, 8639803.046, 140
Trd, 8639803.612, 95
Trd, 8639804.012, 140
Trd, 8639804.112, 87
Trd, 8639804.546, 140
Trd, 8639804.912, 140
Trd, 8639805.546, 140
Trd, 8639805.646, 138
Trd, 8639805.946, 88
Trd, 8639806.012, 80
Trd, 8639806.646, 65
Trd, 8639807.679, 60
Trd, 8639807.912, 61
Trd, 8639808.679, 60
Trd, 8639809.179, 66
Trd, 8639809.746, 91
Trd, 8639809.946, 93
Trd, 8639810.179, 87
Trd, 8639810.546, 87
Trd, 8639810.812, 128
Trd, 8639811.079, 138
Trd, 8639811.579, 137
Trd, 8639811.646, 136
Trd, 8639812.246, 135
Trd, 8639812.746, 139
Trd, 8639813.279, 138
Trd, 8639813.346, 105
Trd, 8639813.546, 104
Trd, 8639813.946, 116
Trd, 8639814.579, 122
Trd, 8639814.679, 116
Trd, 8639814.846, 95
Trd, 8639815.079, 86
Trd, 8639815.579, 139
Trd, 8639815.812, 140
Trd, 8639816.579, 116
Trd, 8639817.646, 136
Trd, 8639818.046, 140
Trd, 8639818.446, 137
Trd, 8639819.046, 138
Trd, 8639819.446, 137
Trd, 8639819.679, 130
Trd, 8639819.746, 127
Trd, 8639820.312, 105
Trd, 8639820.846, 79
Trd, 8639821.246, 140
Trd, 8639821.846, 140
Trd, 8639822.712, 140
Trd, 8639823.179, 140
Trd, 8639823.479, 140
Trd, 8639824.346, 140
Trd, 8639824.779, 140
Trd, 8639825.012, 139
Trd, 8639825.812, 140
Trd, 8639825.912, 140
Trd, 8639826.246, 140
Trd, 8639826.479, 140
Trd, 8639826.512, 140
Trd, 8639827.146, 140
Trd, 8639827.679, 136
Trd, 8639827.912, 140
Trd, 8639828.279, 140
Trd, 8639829.212, 140
Trd, 8639829.446, 140
Trd, 8639830.146, 140
Trd, 8639830.179, 140
Trd, 8639830.512, 140
Trd, 8639831.179, 139
Trd, 8639831.212, 128
Trd, 8639831.279, 127
Trd, 8639831.546, 112
Trd, 8639831.879, 140
Trd, 8639832.079, 99
Trd, 8639833.012, 71
Trd, 8639833.179, 80
Trd, 8639834.312, 126
Trd, 8639834.679, 139
Trd, 8639835.012, 140
Trd, 8639835.379, 127
Trd, 8639835.879, 137
Trd, 8639836.212, 120
Trd, 8639836.679, 137
Trd, 8639836.779, 119
Trd, 8639836.812, 118
Trd, 8639836.846, 99
Trd, 8639837.579, 140
Trd, 8639837.979, 140
Trd, 8639838.346, 64
Trd, 8639838.479, 66
Trd, 8639839.446, 72
Trd, 8639839.612, 70
Trd, 8639840.046, 73
Trd, 8639840.446, 69
Trd, 8639840.846, 62
Trd, 8639841.579, 100
Trd, 8639841.879, 61
Trd, 8639842.146, 101
Trd, 8639842.346, 60
Trd, 8639843.946, 60
Trd, 8639844.046, 60
Trd, 8639844.379, 62
Trd, 8639844.779, 64
Trd, 8639845.079, 65
Trd, 8639845.279, 68
Trd, 8639845.412, 64
Trd, 8639845.479, 65
Trd, 8639847.046, 71
Trd, 8639847.312, 140
Trd, 8639847.412, 139
Trd, 8639847.646, 84
Trd, 8639848.246, 140
Trd, 8639848.279, 140
Trd, 8639848.712, 140
Trd, 8639848.746, 137
Trd, 8639848.979, 93
Trd, 8639850.346, 60
Trd, 8639851.446, 60
Trd, 8639851.612, 60
Trd, 8639851.746, 61
Trd, 8639852.346, 63
Trd, 8639853.012, 61
Trd, 8639853.146, 62
Trd, 8639853.846, 66
Trd, 8639853.979, 74
Trd, 8639854.112, 64
Trd, 8639854.412, 65
Trd, 8639855.079, 69
Trd, 8639855.379, 137
Trd, 8639855.912, 118
Trd, 8639855.979, 69
Trd, 8639856.246, 140
Trd, 8639856.346, 70
Trd, 8639857.346, 81
Trd, 8639857.779, 127
Trd, 8639858.012, 126
Trd, 8639858.512, 140
Trd, 8639858.779, 139
Trd, 8639858.812, 122
Trd, 8639859.946, 68
Trd, 8639860.679, 140
Trd, 8639860.812, 140
Trd, 8639861.079, 140
Trd, 8639861.879, 140
Trd, 8639862.346, 140
Trd, 8639862.946, 140
Trd, 8639863.179, 140
Trd, 8639863.312, 140
Trd, 8639863.379, 140
Trd, 8639863.412, 118
Trd, 8639863.546, 107
Trd, 8639863.812, 94
Trd, 8639863.879, 91
Trd, 8639864.612, 139
Trd, 8639864.646, 125
Trd, 8639865.012, 114
Trd, 8639865.579, 128
Trd, 8639866.946, 69
Trd, 8639867.146, 70
Trd, 8639867.846, 62
Trd, 8639869.246, 70
Trd, 8639869.546, 74
Trd, 8639869.879, 140
Trd, 8639869.946, 139
Trd, 8639871.046, 61
Trd, 8639871.412, 63
Trd, 8639871.479, 67
Trd, 8639872.079, 63
Trd, 8639872.312, 64
Trd, 8639873.046, 60
Trd, 8639873.146, 102
Trd, 8639873.379, 140
Trd, 8639873.512, 139
Trd, 8639873.679, 139
Trd, 8639874.012, 140
Trd, 8639874.279, 140
Trd, 8639874.712, 140
Trd, 8639874.979, 140
Trd, 8639875.112, 97
Trd, 8639875.812, 102
Trd, 8639876.746, 131
Trd, 8639877.112, 140
Trd, 8639877.846, 140
Trd, 8639878.746, 140
Trd, 8639879.212, 140
Trd, 8639879.646, 140
Trd, 8639879.746, 140
Trd, 8639879.812, 139
Trd, 8639879.979, 133
Trd, 8639880.379, 139
Trd, 8639880.812, 138
Trd, 8639880.912, 136
Trd, 8639881.246, 140
Trd, 8639882.512, 100
Trd, 8639882.746, 120
Trd, 8639882.846, 89
Trd, 8639883.279, 140
Trd, 8639883.612, 140
Trd, 8639884.446, 140
Trd, 8639884.679, 140
Trd, 8639885.112, 140
Trd, 8639885.212, 140
Trd, 8639885.279, 139
Trd, 8639885.946, 117
Trd, 8639886.112, 117
Trd, 8639887.212, 116
Trd, 8639887.512, 80
Trd, 8639887.846, 89
Trd, 8639888.146, 74
Trd, 8639889.712, 116
Trd, 8639889.746, 117
Trd, 8639889.946, 138
Trd, 8639890.046, 77
Trd, 8639890.212, 76
Trd, 8639891.112, 140
Trd, 8639891.379, 137
Trd, 8639891.846, 72
Trd, 8639891.912, 71
Trd, 8639891.979, 62
Trd, 8639892.746, 60
Trd, 8639893.179, 60
Trd, 8639893.979, 60
Trd, 8639894.246, 61
Trd, 8639894.846, 60
Trd, 8639895.146, 62
Trd, 8639895.379, 71
Trd, 8639895.646, 136
Trd, 8639896.012, 139
Trd, 8639896.612, 132
Trd, 8639896.979, 105
Trd, 8639897.546, 104
Trd, 8639898.246, 79
Trd, 8639898.312, 78
Trd, 8639898.379, 132
Trd, 8639898.546, 77
Trd, 8639898.812, 71
Trd, 8639899.746, 82
Trd, 8639899.879, 124
Trd, 8639900.512, 140
Trd, 8639900.579, 135
Trd, 8639900.979, 134
Trd, 8639901.312, 136
Trd, 8639902.212, 140
Trd, 8639902.312, 139
Trd, 8639902.546, 105
Trd, 8639903.146, 140
Trd, 8639903.279, 138
Trd, 8639903.446, 137
Trd, 8639903.612, 96
Trd, 8639904.079, 139
Trd, 8639904.312, 87
Trd, 8639904.979, 131
Trd, 8639905.079, 94
Trd, 8639905.546, 128
Trd, 8639905.646, 78
Trd, 8639906.079, 79
Trd, 8639908.012, 134
Trd, 8639908.079, 139
Trd, 8639908.746, 64
Trd, 8639909.012, 64
Trd, 8639909.446, 62
Trd, 8639909.579, 63
Trd, 8639909.846, 74
Trd, 8639910.046, 77
Trd, 8639910.146, 76
Trd, 8639910.779, 61
Trd, 8639911.546, 60
Trd, 8639911.579, 60
Trd, 8639911.746, 63
Trd, 8639911.846, 62
Trd, 8639913.346, 60
Trd, 8639914.712, 60
Trd, 8639914.846, 60
Trd, 8639915.712, 64
Trd, 8639916.146, 63
Trd, 8639916.312, 61
Trd, 8639916.612, 60
Trd, 8639916.879, 64
Trd, 8639917.746, 60
Trd, 8639917.779, 61
Trd, 8639918.046, 61
Trd, 8639918.412, 65
Trd, 8639919.446, 61
Trd, 8639919.912, 60
Trd, 8639920.579, 60
Trd, 8639920.779, 61
Trd, 8639921.112, 60
Trd, 8639921.379, 128
Trd, 8639921.979, 60
Trd, 8639924.846, 60
Trd, 8639924.879, 60
Trd, 8639925.146, 60
Trd, 8639925.246, 61
Trd, 8639925.446, 62
Trd, 8639925.746, 63
Trd, 8639925.879, 67
Trd, 8639926.646, 64
Trd, 8639927.346, 62
Trd, 8639927.412, 68
Trd, 8639927.479, 73
Trd, 8639928.012, 74
Trd, 8639928.346, 65
Trd, 8639928.846, 73
Trd, 8639930.046, 65
Trd, 8639930.512, 140
Trd, 8639930.946, 140
Trd, 8639931.646, 140
Trd, 8639931.846, 140
Trd, 8639932.412, 140
Trd, 8639932.679, 140
Trd, 8639933.179, 140
Trd, 8639933.246, 137
Trd, 8639933.812, 140
Trd, 8639934.046, 112
Trd, 8639934.112, 111
Trd, 8639934.446, 72
Trd, 8639935.279, 140
Trd, 8639935.946, 106
Trd, 8639936.912, 108
Trd, 8639937.179, 118
Trd, 8639937.546, 122
Trd, 8639937.712, 108
Trd, 8639937.812, 92
Trd, 8639938.379, 139
Trd, 8639938.579, 138
Trd, 8639939.579, 140
Trd, 8639939.879, 140
Trd, 8639939.912, 140
Trd, 8639940.212, 140
Trd, 8639940.346, 105
Trd, 8639940.879, 140
Trd, 8639941.379, 139
Trd, 8639941.879, 140
Trd, 8639942.412, 140
Trd, 8639942.479, 140
Trd, 8639943.012, 116
Trd, 8639943.612, 139
Trd, 8639944.779, 140
Trd, 8639945.079, 140
Trd, 8639945.579, 140
Trd, 8639945.979, 140
Trd, 8639946.279, 139
Trd, 8639946.912, 115
Trd, 8639947.446, 111
Trd, 8639947.546, 130
Trd, 8639947.679, 111
Trd, 8639947.712, 109
Trd, 8639948.412, 138
Trd, 8639949.146, 139
Trd, 8639949.412, 138
Trd, 8639949.479, 137
Trd, 8639949.912, 114
Trd, 8639949.946, 61
Trd, 8639950.112, 137
Trd, 8639950.346, 136
Trd, 8639950.712, 123
Trd, 8639951.312, 140
Trd, 8639951.679, 101
Trd, 8639952.112, 140
Trd, 8639953.279, 140
Trd, 8639953.346, 140
Trd, 8639953.612, 129
Trd, 8639954.212, 102
Trd, 8639954.312, 100
Trd, 8639954.612, 93
Trd, 8639956.212, 138
Trd, 8639956.446, 140
Trd, 8639956.712, 133
Trd, 8639956.912, 132
Trd, 8639957.112, 131
Trd, 8639957.546, 139
Trd, 8639957.646, 126
Trd, 8639958.312, 140
Trd, 8639958.412, 140
Trd, 8639958.746, 128
Trd, 8639959.079, 119
Trd, 8639959.246, 91
Trd, 8639960.212, 89
Trd, 8639960.646, 106
Trd, 8639960.979, 91
Trd, 8639961.179, 89
Trd, 8639961.446, 87
Trd, 8639962.079, 69
Trd, 8639962.312, 61
Trd, 8639963.246, 60
Trd, 8639963.579, 63
Trd, 8639964.012, 61
Trd, 8639964.846, 61
Trd, 8639964.879, 61
Trd, 8639965.546, 61
Trd, 8639965.812, 63
Trd, 8639966.046, 62
Trd, 8639967.279, 61
Trd, 8639967.746, 60
Trd, 8639968.446, 62
Trd, 8639968.646, 69
Trd, 8639968.812, 91
Trd, 8639969.479, 117
Trd, 8639969.679, 116
Trd, 8639970.046, 74
Trd, 8639970.412, 116
Trd, 8639970.712, 61
Trd, 8639970.812, 107
Trd, 8639971.712, 61
Trd, 8639972.546, 63
Trd, 8639972.712, 65
Trd, 8639972.979, 70
Trd, 8639973.846, 112
Trd, 8639974.079, 113
Trd, 8639974.579, 140
Trd, 8639974.612, 140
Trd, 8639974.846, 91
Trd, 8639976.779, 87
Trd, 8639976.879, 86
Trd, 8639976.946, 108
Trd, 8639977.779, 68
Trd, 8639978.212, 73
Trd, 8639978.379, 74
Trd, 8639978.512, 72
Trd, 8639978.679, 140
Trd, 8639979.779, 140
Trd, 8639979.846, 88
Trd, 8639980.112, 85
Trd, 8639980.546, 138
Trd, 8639980.612, 137
Trd, 8639980.979, 82
Trd, 8639981.612, 98
Trd, 8639982.546, 140
Trd, 8639982.912, 140
Trd, 8639983.512, 140
Trd, 8639983.546, 140
Trd, 8639983.646, 140
Trd, 8639984.046, 137
Trd, 8639984.312, 140
Trd, 8639984.946, 139
Trd, 8639986.012, 140
Trd, 8639986.046, 139
Trd, 8639986.479, 140
Trd, 8639986.579, 136
Trd, 8639987.512, 140
Trd, 8639987.546, 137
Trd, 8639987.879, 108
Trd, 8639988.479, 109
Trd, 8639988.546, 107
Trd, 8639989.379, 140
Trd, 8639989.446, 139
Trd, 8639990.712, 124
Trd, 8639990.946, 124
Trd, 8639991.312, 140
Trd, 8639991.512, 116
Trd, 8639992.612, 79
Trd, 8639992.979, 140
Trd, 8639993.112, 79
Trd, 8639993.579, 70
Trd, 8639994.012, 139
Trd, 8639994.212, 137
Trd, 8639994.379, 68
Trd, 8639995.346, 68
Trd, 8639995.779, 71
Trd, 8639995.812, 72
Trd, 8639996.446, 138
Trd, 8639996.746, 137
Trd, 8639996.846, 128
Trd, 8639997.012, 93
Trd, 8639997.279, 130
Trd, 8639997.846, 140
Trd, 8639999.046, 140
Trd, 8639999.212, 140
Trd, 8639999.312, 140
Trd, 8639999.446, 140
Trd, 8639999.512, 140
