Trd, 8638805.679, 140
Trd, 8638806.046, 140
Trd, 8638807.012, 140
Trd, 8638807.246, 140
Trd, 8638807.279, 139
Trd, 8638807.779, 136
Trd, 8638808.179, 63
Trd, 8638808.412, 61
Trd, 8638808.579, 72
Trd, 8638808.746, 88
Trd, 8638809.112, 61
Trd, 8638809.312, 63
Trd, 8638809.612, 62
Trd, 8638811.379, 121
Trd, 8638811.646, 64
Trd, 8638811.879, 67
Trd, 8638812.212, 65
Trd, 8638812.712, 67
Trd, 8638813.046, 68
Trd, 8638813.279, 67
Trd, 8638813.479, 66
Trd, 8638813.679, 105
Trd, 8638813.812, 78
Trd, 8638814.146, 140
Trd, 8638814.712, 140
Trd, 8638814.746, 140
Trd, 8638815.346, 140
Trd, 8638815.446, 123
Trd, 8638816.146, 64
Trd, 8638816.946, 139
Trd, 8638817.012, 138
Trd, 8638817.112, 136
Trd, 8638817.646, 63
Trd, 8638817.979, 63
Trd, 8638818.179, 62
Trd, 8638819.946, 60
Trd, 8638820.812, 62
Trd, 8638821.812, 60
Trd, 8638821.846, 60
Trd, 8638822.446, 60
Trd, 8638822.812, 60
Trd, 8638823.046, 60
Trd, 8638823.446, 60
Trd, 8638823.579, 63
Trd, 8638825.346, 60
Trd, 8638825.446, 60
Trd, 8638825.479, 60
Trd, 8638825.646, 60
Trd, 8638825.846, 61
Trd, 8638825.979, 61
Trd, 8638826.179, 62
Trd, 8638826.346, 61
Trd, 8638826.412, 62
Trd, 8638827.212, 65
Trd, 8638828.179, 60
Trd, 8638828.512, 61
Trd, 8638828.646, 63
Trd, 8638828.846, 63
Trd, 8638829.079, 73
Trd, 8638829.146, 62
Trd, 8638829.812, 74
Trd, 8638831.412, 60
Trd, 8638832.012, 60
Trd, 8638832.446, 61
Trd, 8638832.779, 60
Trd, 8638832.846, 63
Trd, 8638833.079, 60
Trd, 8638834.012, 65
Trd, 8638834.179, 67
Trd, 8638834.446, 62
Trd, 8638835.446, 62
Trd, 8638835.912, 60
Trd, 8638836.412, 61
Trd, 8638836.979, 61
Trd, 8638837.246, 61
Trd, 8638837.446, 63
Trd, 8638837.579, 63
Trd, 8638837.812, 66
Trd, 8638837.879, 62
Trd, 8638838.012, 62
Trd, 8638838.512, 140
Trd, 8638838.646, 140
Trd, 8638838.812, 69
Trd, 8638838.946, 62
Trd, 8638840.979, 60
Trd, 8638841.179, 61
Trd, 8638841.279, 63
Trd, 8638841.779, 60
Trd, 8638842.079, 60
Trd, 8638842.846, 60
Trd, 8638843.179, 60
Trd, 8638843.612, 60
Trd, 8638843.846, 62
Trd, 8638844.312, 60
Trd, 8638845.546, 60
Trd, 8638845.979, 60
Trd, 8638846.546, 61
Trd, 8638846.846, 62
Trd, 8638846.946, 63
Trd, 8638847.579, 65
Trd, 8638847.612, 64
Trd, 8638847.812, 66
Trd, 8638848.479, 61
Trd, 8638848.746, 63
Trd, 8638848.779, 67
Trd, 8638848.879, 135
Trd, 8638849.379, 61
Trd, 8638849.746, 63
Trd, 8638849.912, 62
Trd, 8638850.779, 61
Trd, 8638850.912, 68
Trd, 8638852.279, 69
Trd, 8638853.012, 60
Trd, 8638853.679, 60
Trd, 8638854.212, 60
Trd, 8638854.679, 60
Trd, 8638854.912, 60
Trd, 8638855.046, 60
Trd, 8638855.946, 60
Trd, 8638855.979, 60
Trd, 8638856.446, 61
Trd, 8638856.579, 61
Trd, 8638857.146, 62
Trd, 8638857.212, 62
Trd, 8638857.412, 80
Trd, 8638857.812, 140
Trd, 8638858.279, 139
Trd, 8638858.312, 138
Trd, 8638858.946, 61
Trd, 8638859.412, 61
Trd, 8638859.446, 66
Trd, 8638860.179, 68
Trd, 8638860.612, 63
Trd, 8638860.946, 60
Trd, 8638861.879, 60
Trd, 8638861.912, 60
Trd, 8638862.479, 60
Trd, 8638862.712, 60
Trd, 8638863.379, 61
Trd, 8638863.512, 62
Trd, 8638863.912, 61
Trd, 8638864.579, 62
Trd, 8638864.679, 61
Trd, 8638864.712, 63
Trd, 8638865.312, 63
Trd, 8638865.946, 60
Trd, 8638866.579, 60
Trd, 8638866.679, 61
Trd, 8638867.312, 60
Trd, 8638867.846, 60
Trd, 8638867.879, 62
Trd, 8638868.346, 62
Trd, 8638868.512, 63
Trd, 8638869.046, 67
Trd, 8638869.279, 66
Trd, 8638869.379, 68
Trd, 8638869.546, 65
Trd, 8638869.812, 67
Trd, 8638870.279, 139
Trd, 8638870.346, 93
Trd, 8638871.046, 66
Trd, 8638871.779, 136
Trd, 8638871.946, 140
Trd, 8638872.112, 135
Trd, 8638872.879, 112
Trd, 8638873.312, 140
Trd, 8638873.846, 140
Trd, 8638874.112, 140
Trd, 8638874.412, 137
Trd, 8638874.546, 114
Trd, 8638874.746, 113
Trd, 8638875.579, 138
Trd, 8638876.012, 140
Trd, 8638876.079, 139
Trd, 8638876.379, 140
Trd, 8638876.479, 140
Trd, 8638877.879, 140
Trd, 8638878.146, 140
Trd, 8638878.479, 140
Trd, 8638878.612, 140
Trd, 8638878.679, 139
Trd, 8638879.312, 140
Trd, 8638879.512, 138
Trd, 8638879.679, 137
Trd, 8638880.412, 87
Trd, 8638880.646, 85
Trd, 8638881.346, 70
Trd, 8638881.679, 63
Trd, 8638882.046, 65
Trd, 8638882.579, 61
Trd, 8638882.712, 62
Trd, 8638883.346, 63
Trd, 8638883.579, 63
Trd, 8638883.712, 65
Trd, 8638884.079, 72
Trd, 8638884.446, 65
Trd, 8638884.846, 86
Trd, 8638886.046, 60
Trd, 8638887.612, 60
Trd, 8638888.279, 61
Trd, 8638888.379, 60
Trd, 8638888.412, 65
Trd, 8638888.779, 62
Trd, 8638889.612, 63
Trd, 8638889.646, 65
Trd, 8638890.179, 66
Trd, 8638890.512, 68
Trd, 8638890.579, 64
Trd, 8638890.679, 65
Trd, 8638891.079, 63
Trd, 8638891.379, 70
Trd, 8638891.879, 67
Trd, 8638892.012, 76
Trd, 8638892.179, 68
Trd, 8638892.479, 66
Trd, 8638892.846, 65
Trd, 8638893.046, 69
Trd, 8638893.712, 62
Trd, 8638893.812, 66
Trd, 8638894.146, 66
Trd, 8638894.546, 68
Trd, 8638895.179, 140
Trd, 8638895.279, 140
Trd, 8638896.046, 62
Trd, 8638896.146, 64
Trd, 8638896.846, 94
Trd, 8638897.446, 60
Trd, 8638898.212, 63
Trd, 8638898.479, 60
Trd, 8638898.612, 65
Trd, 8638898.879, 62
Trd, 8638899.379, 61
Trd, 8638899.879, 66
Trd, 8638899.946, 67
Trd, 8638900.846, 61
Trd, 8638901.546, 60
Trd, 8638901.646, 68
Trd, 8638902.579, 126
Trd, 8638902.646, 64
Trd, 8638902.712, 63
Trd, 8638902.946, 64
Trd, 8638902.979, 60
Trd, 8638903.546, 60
Trd, 8638903.612, 64
Trd, 8638903.912, 90
Trd, 8638904.246, 62
Trd, 8638904.346, 63
Trd, 8638905.212, 61
Trd, 8638905.846, 63
Trd, 8638906.512, 62
Trd, 8638907.246, 71
Trd, 8638907.846, 62
Trd, 8638908.046, 60
Trd, 8638908.879, 62
Trd, 8638908.946, 63
Trd, 8638909.579, 61
Trd, 8638909.846, 64
Trd, 8638910.346, 61
Trd, 8638910.879, 63
Trd, 8638911.379, 61
Trd, 8638911.779, 62
Trd, 8638911.812, 62
Trd, 8638912.379, 63
Trd, 8638912.612, 64
Trd, 8638912.846, 61
Trd, 8638913.012, 64
Trd, 8638913.212, 65
Trd, 8638913.379, 66
Trd, 8638913.612, 61
Trd, 8638914.612, 61
Trd, 8638914.879, 60
Trd, 8638915.446, 61
Trd, 8638915.712, 61
Trd, 8638916.379, 60
Trd, 8638916.479, 62
Trd, 8638917.312, 62
Trd, 8638917.646, 61
Trd, 8638918.079, 60
Trd, 8638918.312, 60
Trd, 8638919.279, 61
Trd, 8638919.579, 61
Trd, 8638921.046, 60
Trd, 8638921.546, 61
Trd, 8638921.579, 60
Trd, 8638921.979, 61
Trd, 8638922.079, 61
Trd, 8638922.512, 60
Trd, 8638922.579, 61
Trd, 8638922.746, 60
Trd, 8638922.779, 70
Trd, 8638923.179, 140
Trd, 8638923.746, 60
Trd, 8638924.679, 60
Trd, 8638925.112, 62
Trd, 8638925.379, 61
Trd, 8638925.579, 61
Trd, 8638925.846, 62
Trd, 8638926.112, 70
Trd, 8638926.412, 136
Trd, 8638927.346, 62
Trd, 8638927.479, 66
Trd, 8638928.546, 66
Trd, 8638928.579, 65
Trd, 8638928.779, 72
Trd, 8638928.979, 64
Trd, 8638929.179, 96
Trd, 8638929.246, 63
Trd, 8638929.612, 64
Trd, 8638929.879, 138
Trd, 8638930.612, 63
Trd, 8638931.812, 61
Trd, 8638932.379, 60
Trd, 8638932.546, 61
Trd, 8638933.346, 61
Trd, 8638933.746, 62
Trd, 8638934.012, 62
Trd, 8638934.379, 61
Trd, 8638934.479, 61
Trd, 8638934.579, 66
Trd, 8638934.712, 72
Trd, 8638934.946, 65
Trd, 8638935.379, 66
Trd, 8638935.912, 70
Trd, 8638936.412, 69
Trd, 8638936.712, 64
Trd, 8638937.179, 60
Trd, 8638937.646, 60
Trd, 8638938.379, 61
Trd, 8638938.779, 65
Trd, 8638939.312, 62
Trd, 8638939.712, 65
Trd, 8638939.912, 62
Trd, 8638940.046, 66
Trd, 8638940.579, 66
Trd, 8638940.746, 66
Trd, 8638940.779, 65
Trd, 8638941.046, 64
Trd, 8638941.246, 88
Trd, 8638941.479, 140
Trd, 8638941.846, 138
Trd, 8638941.912, 85
Trd, 8638942.912, 61
Trd, 8638943.179, 68
Trd, 8638943.279, 140
Trd, 8638944.979, 60
Trd, 8638945.146, 62
Trd, 8638945.446, 62
Trd, 8638945.546, 63
Trd, 8638946.146, 60
Trd, 8638946.279, 61
Trd, 8638946.479, 140
Trd, 8638946.512, 140
Trd, 8638947.612, 60
Trd, 8638947.779, 62
Trd, 8638947.846, 62
Trd, 8638947.912, 66
Trd, 8638949.412, 62
Trd, 8638950.079, 60
Trd, 8638950.712, 60
Trd, 8638950.812, 62
Trd, 8638951.379, 60
Trd, 8638953.146, 60
Trd, 8638953.179, 61
Trd, 8638953.779, 60
Trd, 8638954.279, 62
Trd, 8638955.079, 60
Trd, 8638955.112, 60
Trd, 8638955.179, 60
Trd, 8638955.246, 61
Trd, 8638955.346, 61
Trd, 8638955.712, 63
Trd, 8638955.779, 60
Trd, 8638955.879, 63
Trd, 8638956.312, 61
Trd, 8638956.946, 64
Trd, 8638957.112, 62
Trd, 8638957.479, 64
Trd, 8638957.879, 62
Trd, 8638957.979, 61
Trd, 8638958.112, 65
Trd, 8638958.746, 61
Trd, 8638958.846, 73
Trd, 8638959.479, 60
Trd, 8638960.779, 61
Trd, 8638961.046, 61
Trd, 8638961.346, 62
Trd, 8638961.712, 60
Trd, 8638961.879, 63
Trd, 8638963.146, 60
Trd, 8638963.212, 61
Trd, 8638963.379, 62
Trd, 8638963.779, 61
Trd, 8638964.712, 60
Trd, 8638965.379, 61
Trd, 8638966.179, 61
Trd, 8638966.212, 61
Trd, 8638966.879, 62
Trd, 8638966.946, 62
Trd, 8638968.446, 60
Trd, 8638968.812, 60
Trd, 8638969.079, 61
Trd, 8638969.379, 62
Trd, 8638969.712, 62
Trd, 8638969.979, 63
Trd, 8638970.412, 61
Trd, 8638970.612, 65
Trd, 8638970.812, 61
Trd, 8638970.912, 64
Trd, 8638971.012, 67
Trd, 8638971.312, 129
Trd, 8638972.112, 61
Trd, 8638973.046, 140
Trd, 8638973.146, 139
Trd, 8638973.346, 139
Trd, 8638973.512, 140
Trd, 8638973.579, 140
Trd, 8638974.212, 140
Trd, 8638974.379, 140
Trd, 8638975.012, 139
Trd, 8638975.112, 136
Trd, 8638976.012, 140
Trd, 8638976.179, 92
Trd, 8638976.346, 90
Trd, 8638976.546, 89
Trd, 8638976.979, 80
Trd, 8638977.312, 79
Trd, 8638977.846, 60
Trd, 8638978.246, 61
Trd, 8638979.012, 60
Trd, 8638979.146, 82
Trd, 8638979.846, 139
Trd, 8638979.912, 139
Trd, 8638980.146, 139
Trd, 8638980.712, 139
Trd, 8638980.746, 68
Trd, 8638981.312, 140
Trd, 8638981.412, 140
Trd, 8638982.079, 63
Trd, 8638982.346, 62
Trd, 8638982.779, 63
Trd, 8638983.546, 96
Trd, 8638983.579, 93
Trd, 8638984.779, 71
Trd, 8638984.879, 81
Trd, 8638985.079, 107
Trd, 8638985.579, 69
Trd, 8638985.779, 61
Trd, 8638985.979, 62
Trd, 8638986.012, 63
Trd, 8638986.146, 61
Trd, 8638986.746, 61
Trd, 8638987.046, 61
Trd, 8638987.346, 62
Trd, 8638987.412, 60
Trd, 8638987.712, 73
Trd, 8638988.312, 61
Trd, 8638988.746, 61
Trd, 8638988.812, 139
Trd, 8638989.246, 74
Trd, 8638990.146, 140
Trd, 8638990.379, 140
Trd, 8638990.479, 140
Trd, 8638991.179, 69
Trd, 8638991.812, 140
Trd, 8638992.346, 140
Trd, 8638992.512, 140
Trd, 8638992.746, 140
Trd, 8638992.879, 139
Trd, 8638993.446, 138
Trd, 8638994.112, 61
Trd, 8638994.779, 62
Trd, 8638994.812, 64
Trd, 8638995.779, 62
Trd, 8638995.846, 65
Trd, 8638996.646, 71
Trd, 8638997.112, 60
Trd, 8638998.212, 60
Trd, 8638998.979, 60
Trd, 8638999.312, 62
Trd, 8639000.079, 62
Trd, 8639001.212, 62
Trd, 8639001.346, 63
Trd, 8639001.379, 63
Trd, 8639001.579, 61
Trd, 8639001.712, 61
Trd, 8639001.779, 60
Trd, 8639002.212, 63
Trd, 8639003.079, 61
Trd, 8639003.246, 63
Trd, 8639003.546, 61
Trd, 8639003.646, 61
Trd, 8639004.246, 61
Trd, 8639004.512, 62
Trd, 8639004.712, 64
Trd, 8639004.979, 66
Trd, 8639005.279, 69
Trd, 8639006.579, 60
Trd, 8639007.112, 61
Trd, 8639007.712, 60
Trd, 8639009.879, 61
Trd, 8639010.179, 61
Trd, 8639010.279, 65
Trd, 8639010.312, 66
Trd, 8639010.612, 60
Trd, 8639011.146, 60
Trd, 8639011.246, 62
Trd, 8639011.379, 63
Trd, 8639011.546, 62
Trd, 8639012.046, 61
Trd, 8639012.146, 66
Trd, 8639012.612, 61
Trd, 8639012.746, 64
Trd, 8639012.779, 65
Trd, 8639014.079, 60
Trd, 8639015.712, 60
Trd, 8639015.979, 63
Trd, 8639016.146, 61
Trd, 8639016.912, 60
Trd, 8639017.246, 60
Trd, 8639017.412, 64
Trd, 8639017.479, 61
Trd, 8639017.579, 64
Trd, 8639017.746, 71
Trd, 8639017.779, 129
Trd, 8639018.579, 62
Trd, 8639018.912, 60
Trd, 8639019.479, 61
Trd, 8639019.512, 61
Trd, 8639019.846, 60
Trd, 8639019.946, 62
Trd, 8639020.412, 61
Trd, 8639020.746, 71
Trd, 8639020.879, 64
Trd, 8639020.979, 74
Trd, 8639023.746, 60
Trd, 8639024.746, 61
Trd, 8639024.912, 61
Trd, 8639025.046, 61
Trd, 8639025.179, 61
Trd, 8639025.212, 61
Trd, 8639025.412, 72
Trd, 8639025.979, 62
Trd, 8639026.046, 61
Trd, 8639026.512, 60
Trd, 8639026.979, 103
Trd, 8639027.112, 103
Trd, 8639027.279, 103
Trd, 8639027.912, 60
Trd, 8639028.179, 60
Trd, 8639028.646, 61
Trd, 8639029.112, 64
Trd, 8639029.179, 60
Trd, 8639029.212, 70
Trd, 8639030.046, 67
Trd, 8639030.479, 61
Trd, 8639030.846, 61
Trd, 8639031.279, 66
Trd, 8639031.479, 66
Trd, 8639032.146, 60
Trd, 8639032.512, 61
Trd, 8639032.712, 66
Trd, 8639032.746, 61
Trd, 8639033.046, 60
Trd, 8639033.446, 69
Trd, 8639033.812, 61
Trd, 8639034.512, 67
Trd, 8639035.346, 61
Trd, 8639035.546, 93
Trd, 8639035.679, 66
Trd, 8639036.612, 60
Trd, 8639037.146, 61
Trd, 8639037.346, 61
Trd, 8639037.546, 62
Trd, 8639038.046, 60
Trd, 8639038.346, 61
Trd, 8639038.879, 63
Trd, 8639039.146, 65
Trd, 8639039.179, 63
Trd, 8639039.379, 62
Trd, 8639040.446, 64
Trd, 8639040.612, 66
Trd, 8639040.712, 60
Trd, 8639041.079, 63
Trd, 8639041.779, 60
Trd, 8639041.979, 60
Trd, 8639042.312, 74
Trd, 8639042.479, 139
Trd, 8639043.146, 140
Trd, 8639043.179, 139
Trd, 8639043.246, 139
Trd, 8639043.846, 140
Trd, 8639043.879, 139
Trd, 8639044.546, 138
Trd, 8639044.612, 138
Trd, 8639045.112, 105
Trd, 8639045.312, 140
Trd, 8639045.812, 139
Trd, 8639045.979, 131
Trd, 8639046.179, 130
Trd, 8639046.679, 94
Trd, 8639046.879, 93
Trd, 8639047.779, 60
Trd, 8639048.112, 140
Trd, 8639048.512, 60
Trd, 8639049.346, 60
Trd, 8639049.712, 63
Trd, 8639050.079, 60
Trd, 8639050.446, 61
Trd, 8639051.112, 64
Trd, 8639051.212, 64
Trd, 8639051.946, 63
Trd, 8639052.346, 62
Trd, 8639053.079, 63
Trd, 8639053.179, 77
Trd, 8639053.212, 81
Trd, 8639053.412, 92
Trd, 8639053.512, 63
Trd, 8639054.112, 62
Trd, 8639054.412, 60
Trd, 8639055.212, 140
Trd, 8639055.279, 140
Trd, 8639055.546, 139
Trd, 8639055.712, 138
Trd, 8639055.812, 82
Trd, 8639056.446, 61
Trd, 8639057.046, 67
Trd, 8639057.746, 61
Trd, 8639057.979, 69
Trd, 8639058.512, 60
Trd, 8639058.912, 60
Trd, 8639059.246, 61
Trd, 8639059.979, 60
Trd, 8639061.546, 60
Trd, 8639061.612, 60
Trd, 8639062.646, 61
Trd, 8639062.846, 61
Trd, 8639063.479, 60
Trd, 8639064.079, 62
Trd, 8639064.112, 62
Trd, 8639064.646, 64
Trd, 8639064.746, 62
Trd, 8639065.046, 62
Trd, 8639065.212, 67
Trd, 8639065.546, 66
Trd, 8639066.079, 64
Trd, 8639066.179, 63
Trd, 8639066.246, 70
Trd, 8639066.579, 125
Trd, 8639066.712, 78
Trd, 8639067.212, 65
Trd, 8639067.646, 140
Trd, 8639068.012, 62
Trd, 8639068.679, 60
Trd, 8639068.912, 62
Trd, 8639069.046, 63
Trd, 8639069.546, 61
Trd, 8639069.612, 68
Trd, 8639070.012, 60
Trd, 8639070.412, 61
Trd, 8639070.646, 85
Trd, 8639070.746, 140
Trd, 8639071.312, 63
Trd, 8639071.579, 78
Trd, 8639071.712, 76
Trd, 8639072.246, 62
Trd, 8639072.812, 60
Trd, 8639073.212, 66
Trd, 8639074.212, 60
Trd, 8639074.646, 61
Trd, 8639074.812, 60
Trd, 8639076.046, 60
Trd, 8639076.646, 61
Trd, 8639077.046, 61
Trd, 8639077.279, 62
Trd, 8639077.846, 61
Trd, 8639077.946, 62
Trd, 8639078.779, 63
Trd, 8639078.879, 64
Trd, 8639079.346, 60
Trd, 8639079.579, 64
Trd, 8639079.812, 65
Trd, 8639079.979, 87
Trd, 8639080.246, 65
Trd, 8639080.279, 62
Trd, 8639080.712, 67
Trd, 8639080.812, 139
Trd, 8639081.746, 61
Trd, 8639082.012, 66
Trd, 8639082.379, 64
Trd, 8639082.546, 76
Trd, 8639082.812, 60
Trd, 8639083.479, 61
Trd, 8639083.812, 67
Trd, 8639084.646, 64
Trd, 8639085.012, 60
Trd, 8639086.079, 65
Trd, 8639086.179, 65
Trd, 8639087.312, 62
Trd, 8639088.279, 60
Trd, 8639088.579, 60
Trd, 8639089.146, 60
Trd, 8639089.712, 61
Trd, 8639090.012, 60
Trd, 8639090.079, 60
Trd, 8639090.246, 62
Trd, 8639090.412, 63
Trd, 8639090.646, 62
Trd, 8639090.779, 63
Trd, 8639091.346, 60
Trd, 8639091.446, 64
Trd, 8639092.579, 61
Trd, 8639093.712, 60
Trd, 8639094.012, 66
Trd, 8639094.046, 71
Trd, 8639095.046, 60
Trd, 8639096.012, 60
Trd, 8639096.312, 60
Trd, 8639096.879, 61
Trd, 8639096.912, 62
Trd, 8639097.079, 62
Trd, 8639097.146, 63
Trd, 8639097.946, 60
Trd, 8639098.412, 62
Trd, 8639099.546, 60
Trd, 8639099.812, 60
Trd, 8639100.012, 61
Trd, 8639100.112, 62
Trd, 8639100.212, 62
Trd, 8639100.279, 65
Trd, 8639101.279, 63
Trd, 8639101.379, 62
Trd, 8639101.479, 61
Trd, 8639102.279, 62
Trd, 8639102.712, 71
Trd, 8639102.979, 140
Trd, 8639103.146, 140
Trd, 8639103.379, 140
Trd, 8639103.479, 137
Trd, 8639103.512, 60
Trd, 8639103.979, 139
Trd, 8639104.446, 67
Trd, 8639105.512, 61
Trd, 8639105.546, 62
Trd, 8639105.779, 60
Trd, 8639106.579, 60
Trd, 8639107.079, 62
Trd, 8639107.712, 60
Trd, 8639108.246, 61
Trd, 8639108.779, 61
Trd, 8639109.212, 62
Trd, 8639109.812, 62
Trd, 8639109.912, 64
Trd, 8639110.012, 61
Trd, 8639110.812, 61
Trd, 8639110.912, 70
Trd, 8639110.979, 61
Trd, 8639111.579, 60
Trd, 8639112.979, 140
Trd, 8639113.079, 140
Trd, 8639113.446, 140
Trd, 8639113.579, 138
Trd, 8639113.612, 138
Trd, 8639113.979, 61
Trd, 8639114.012, 63
Trd, 8639114.246, 69
Trd, 8639115.346, 65
Trd, 8639115.546, 61
Trd, 8639116.512, 61
Trd, 8639116.679, 66
Trd, 8639117.146, 61
Trd, 8639117.946, 60
Trd, 8639118.012, 62
Trd, 8639118.379, 60
Trd, 8639118.946, 60
Trd, 8639120.246, 60
Trd, 8639120.312, 60
Trd, 8639120.346, 64
Trd, 8639120.812, 72
Trd, 8639121.079, 68
Trd, 8639121.146, 123
Trd, 8639121.212, 134
Trd, 8639122.079, 61
Trd, 8639122.512, 61
Trd, 8639123.212, 64
Trd, 8639123.512, 62
Trd, 8639123.979, 66
Trd, 8639124.546, 72
Trd, 8639124.579, 66
Trd, 8639125.779, 63
Trd, 8639126.446, 60
Trd, 8639127.246, 60
Trd, 8639127.446, 60
Trd, 8639127.979, 60
Trd, 8639128.079, 61
Trd, 8639128.646, 60
Trd, 8639128.846, 61
Trd, 8639129.012, 60
Trd, 8639129.546, 61
Trd, 8639129.879, 62
Trd, 8639129.912, 63
Trd, 8639130.746, 65
Trd, 8639131.646, 60
Trd, 8639132.212, 62
Trd, 8639132.546, 61
Trd, 8639133.146, 62
Trd, 8639133.446, 63
Trd, 8639133.546, 60
Trd, 8639134.112, 66
Trd, 8639134.379, 63
Trd, 8639134.846, 65
Trd, 8639135.412, 61
Trd, 8639136.079, 61
Trd, 8639136.212, 60
Trd, 8639136.546, 60
Trd, 8639136.579, 64
Trd, 8639136.679, 70
Trd, 8639137.012, 62
Trd, 8639137.046, 64
Trd, 8639137.846, 60
Trd, 8639138.012, 140
Trd, 8639138.579, 63
Trd, 8639138.846, 70
Trd, 8639139.479, 70
Trd, 8639140.279, 60
Trd, 8639140.512, 60
Trd, 8639140.712, 60
Trd, 8639141.412, 65
Trd, 8639141.679, 60
Trd, 8639142.279, 60
Trd, 8639142.579, 64
Trd, 8639144.579, 60
Trd, 8639145.179, 60
Trd, 8639146.046, 60
Trd, 8639146.812, 60
Trd, 8639146.946, 62
Trd, 8639147.212, 62
Trd, 8639147.379, 60
Trd, 8639147.746, 60
Trd, 8639148.046, 65
Trd, 8639148.146, 66
Trd, 8639148.179, 61
Trd, 8639148.246, 62
Trd, 8639148.779, 64
Trd, 8639149.112, 71
Trd, 8639149.346, 62
Trd, 8639149.646, 68
Trd, 8639149.746, 70
Trd, 8639150.012, 94
Trd, 8639150.046, 61
Trd, 8639151.012, 61
Trd, 8639151.579, 63
Trd, 8639151.912, 61
Trd, 8639152.179, 62
Trd, 8639154.446, 62
Trd, 8639154.612, 63
Trd, 8639154.646, 63
Trd, 8639155.012, 60
Trd, 8639156.346, 60
Trd, 8639156.612, 60
Trd, 8639157.479, 60
Trd, 8639157.712, 61
Trd, 8639158.112, 63
Trd, 8639158.146, 68
Trd, 8639159.546, 60
Trd, 8639159.679, 62
Trd, 8639159.912, 61
Trd, 8639160.179, 61
Trd, 8639160.579, 61
Trd, 8639160.779, 62
Trd, 8639160.846, 63
Trd, 8639161.379, 63
Trd, 8639161.512, 64
Trd, 8639162.012, 65
Trd, 8639162.146, 64
Trd, 8639162.612, 60
Trd, 8639162.646, 61
Trd, 8639163.246, 63
Trd, 8639163.579, 60
Trd, 8639163.946, 60
Trd, 8639164.479, 62
Trd, 8639164.912, 61
Trd, 8639165.112, 63
Trd, 8639166.279, 60
Trd, 8639166.379, 60
Trd, 8639166.912, 62
Trd, 8639167.146, 62
Trd, 8639167.412, 140
Trd, 8639168.012, 72
Trd, 8639168.879, 60
Trd, 8639169.212, 60
Trd, 8639169.746, 62
Trd, 8639170.746, 63
Trd, 8639171.112, 65
Trd, 8639171.412, 62
Trd, 8639171.679, 61
Trd, 8639172.512, 61
Trd, 8639173.246, 60
Trd, 8639173.712, 61
Trd, 8639173.812, 61
Trd, 8639174.179, 63
Trd, 8639174.646, 60
Trd, 8639174.812, 61
Trd, 8639175.112, 64
Trd, 8639175.846, 67
Trd, 8639175.879, 70
Trd, 8639175.946, 64
Trd, 8639176.079, 63
Trd, 8639176.546, 140
Trd, 8639177.379, 138
Trd, 8639178.112, 63
Trd, 8639178.212, 70
Trd, 8639178.979, 65
Trd, 8639179.679, 61
Trd, 8639180.646, 62
Trd, 8639180.712, 64
Trd, 8639181.012, 61
Trd, 8639181.046, 60
Trd, 8639182.112, 61
Trd, 8639182.346, 61
Trd, 8639182.446, 76
Trd, 8639183.012, 97
Trd, 8639183.046, 64
Trd, 8639183.746, 140
Trd, 8639184.079, 140
Trd, 8639184.679, 140
Trd, 8639184.912, 137
Trd, 8639185.379, 90
Trd, 8639186.112, 140
Trd, 8639186.379, 85
Trd, 8639186.579, 140
Trd, 8639186.679, 85
Trd, 8639187.046, 86
Trd, 8639187.112, 85
Trd, 8639187.379, 77
Trd, 8639188.379, 60
Trd, 8639189.446, 61
Trd, 8639189.512, 62
Trd, 8639189.712, 60
Trd, 8639189.979, 62
Trd, 8639191.579, 61
Trd, 8639191.779, 61
Trd, 8639192.146, 61
Trd, 8639192.212, 62
Trd, 8639192.279, 63
Trd, 8639192.412, 64
Trd, 8639192.546, 65
Trd, 8639192.612, 69
Trd, 8639193.079, 62
Trd, 8639193.212, 61
Trd, 8639193.446, 115
Trd, 8639193.679, 115
Trd, 8639193.746, 87
Trd, 8639195.112, 138
Trd, 8639195.146, 117
Trd, 8639195.279, 102
Trd, 8639195.512, 101
Trd, 8639195.546, 100
Trd, 8639196.512, 60
Trd, 8639197.579, 60
Trd, 8639198.046, 60
Trd, 8639198.646, 60
Trd, 8639200.046, 60
Trd, 8639200.246, 61
Trd, 8639200.579, 62
Trd, 8639200.712, 62
Trd, 8639200.779, 63
Trd, 8639200.979, 66
Trd, 8639201.279, 78
Trd, 8639201.579, 60
Trd, 8639201.979, 61
Trd, 8639202.146, 62
Trd, 8639202.312, 65
Trd, 8639202.512, 65
Trd, 8639203.312, 68
Trd, 8639203.346, 80
Trd, 8639203.446, 67
Trd, 8639204.012, 60
Trd, 8639204.946, 61
Trd, 8639205.046, 63
Trd, 8639205.446, 65
Trd, 8639206.046, 60
Trd, 8639206.646, 60
Trd, 8639206.946, 65
Trd, 8639207.146, 99
Trd, 8639207.212, 140
Trd, 8639208.012, 60
Trd, 8639208.212, 60
Trd, 8639208.912, 60
Trd, 8639208.979, 60
Trd, 8639209.412, 61
Trd, 8639209.946, 60
Trd, 8639210.379, 60
Trd, 8639210.779, 60
Trd, 8639210.912, 62
Trd, 8639212.012, 61
Trd, 8639212.146, 64
Trd, 8639212.346, 61
Trd, 8639212.779, 61
Trd, 8639213.012, 60
Trd, 8639213.046, 63
Trd, 8639213.212, 62
Trd, 8639213.812, 60
Trd, 8639214.346, 60
Trd, 8639216.512, 60
Trd, 8639216.646, 62
Trd, 8639217.212, 61
Trd, 8639217.546, 64
Trd, 8639217.646, 66
Trd, 8639217.746, 60
Trd, 8639218.346, 66
Trd, 8639219.012, 60
Trd, 8639220.079, 61
Trd, 8639220.312, 61
Trd, 8639220.579, 62
Trd, 8639220.679, 62
Trd, 8639220.946, 69
Trd, 8639221.379, 66
Trd, 8639222.346, 61
Trd, 8639222.712, 62
Trd, 8639222.746, 62
Trd, 8639222.979, 64
Trd, 8639223.079, 64
Trd, 8639223.146, 117
Trd, 8639223.812, 140
Trd, 8639223.979, 140
Trd, 8639224.379, 132
Trd, 8639224.646, 76
Trd, 8639224.946, 62
Trd, 8639225.746, 60
Trd, 8639226.012, 61
Trd, 8639226.379, 63
Trd, 8639226.546, 111
Trd, 8639227.279, 140
Trd, 8639227.846, 60
Trd, 8639228.579, 123
Trd, 8639229.146, 63
Trd, 8639230.279, 61
Trd, 8639230.612, 61
Trd, 8639231.112, 60
Trd, 8639232.112, 68
Trd, 8639232.312, 60
Trd, 8639232.546, 60
Trd, 8639233.112, 60
Trd, 8639234.046, 60
Trd, 8639234.179, 60
Trd, 8639234.646, 62
Trd, 8639234.746, 63
Trd, 8639235.146, 60
Trd, 8639235.579, 64
Trd, 8639235.679, 61
Trd, 8639236.446, 63
Trd, 8639236.612, 64
Trd, 8639236.746, 67
Trd, 8639236.846, 61
Trd, 8639236.912, 68
Trd, 8639237.046, 60
Trd, 8639238.346, 61
Trd, 8639238.946, 60
Trd, 8639239.712, 61
Trd, 8639241.112, 60
Trd, 8639241.412, 60
Trd, 8639242.312, 60
Trd, 8639242.812, 60
Trd, 8639243.279, 61
Trd, 8639243.312, 61
Trd, 8639243.346, 62
Trd, 8639244.079, 60
Trd, 8639244.246, 65
Trd, 8639244.346, 68
Trd, 8639245.379, 62
Trd, 8639245.746, 60
Trd, 8639245.979, 60
Trd, 8639246.079, 63
Trd, 8639246.512, 63
Trd, 8639246.679, 63
Trd, 8639246.779, 122
Trd, 8639247.012, 140
Trd, 8639247.412, 62
Trd, 8639247.779, 87
Trd, 8639248.079, 87
Trd, 8639249.212, 140
Trd, 8639249.279, 140
Trd, 8639249.346, 140
Trd, 8639249.579, 139
Trd, 8639249.779, 131
Trd, 8639249.946, 140
Trd, 8639250.079, 64
Trd, 8639251.412, 63
Trd, 8639252.912, 61
Trd, 8639253.279, 60
Trd, 8639253.512, 62
Trd, 8639253.546, 67
Trd, 8639254.846, 60
Trd, 8639254.879, 66
Trd, 8639255.046, 65
Trd, 8639256.479, 60
Trd, 8639256.612, 61
Trd, 8639256.779, 64
Trd, 8639257.646, 60
Trd, 8639257.879, 61
Trd, 8639258.579, 61
Trd, 8639258.846, 62
Trd, 8639258.946, 62
Trd, 8639259.179, 64
Trd, 8639260.312, 61
Trd, 8639260.446, 66
Trd, 8639260.646, 68
Trd, 8639261.079, 62
Trd, 8639261.279, 62
Trd, 8639261.979, 60
Trd, 8639262.212, 63
Trd, 8639263.646, 60
Trd, 8639263.946, 60
Trd, 8639264.312, 60
Trd, 8639264.346, 61
Trd, 8639264.646, 61
Trd, 8639265.079, 63
Trd, 8639265.279, 61
Trd, 8639265.579, 79
Trd, 8639265.612, 68
Trd, 8639266.579, 60
Trd, 8639266.912, 60
Trd, 8639267.512, 63
Trd, 8639267.879, 64
Trd, 8639267.979, 62
Trd, 8639268.379, 64
Trd, 8639268.579, 64
Trd, 8639268.912, 65
Trd, 8639269.546, 67
Trd, 8639269.579, 70
Trd, 8639269.912, 65
Trd, 8639270.579, 69
Trd, 8639270.612, 68
Trd, 8639270.712, 67
Trd, 8639271.546, 60
Trd, 8639271.746, 66
Trd, 8639271.946, 63
Trd, 8639272.046, 67
Trd, 8639272.979, 139
Trd, 8639273.146, 85
Trd, 8639274.112, 140
Trd, 8639274.312, 63
Trd, 8639275.346, 63
Trd, 8639275.646, 62
Trd, 8639275.912, 60
Trd, 8639276.812, 60
Trd, 8639277.279, 62
Trd, 8639277.479, 60
Trd, 8639277.646, 66
Trd, 8639277.712, 69
Trd, 8639278.446, 60
Trd, 8639281.179, 60
Trd, 8639281.546, 60
Trd, 8639282.346, 60
Trd, 8639282.612, 60
Trd, 8639282.679, 60
Trd, 8639282.712, 61
Trd, 8639282.846, 61
Trd, 8639283.179, 61
Trd, 8639283.546, 63
Trd, 8639283.612, 63
Trd, 8639284.012, 60
Trd, 8639284.446, 62
Trd, 8639284.712, 67
Trd, 8639284.812, 62
Trd, 8639284.946, 60
Trd, 8639285.012, 73
Trd, 8639285.946, 85
Trd, 8639286.479, 64
Trd, 8639287.212, 133
Trd, 8639287.279, 67
Trd, 8639287.446, 65
Trd, 8639287.646, 74
Trd, 8639287.946, 140
Trd, 8639288.046, 140
Trd, 8639288.512, 139
Trd, 8639289.046, 140
Trd, 8639289.379, 67
Trd, 8639289.479, 61
Trd, 8639291.279, 140
Trd, 8639291.312, 140
Trd, 8639291.346, 140
Trd, 8639291.879, 60
Trd, 8639291.946, 61
Trd, 8639292.446, 71
Trd, 8639292.912, 62
Trd, 8639293.012, 66
Trd, 8639293.079, 61
Trd, 8639293.179, 83
Trd, 8639293.646, 139
Trd, 8639294.412, 60
Trd, 8639294.879, 60
Trd, 8639295.379, 60
Trd, 8639295.546, 66
Trd, 8639296.212, 120
Trd, 8639297.046, 67
Trd, 8639297.146, 63
Trd, 8639298.412, 60
Trd, 8639298.479, 60
Trd, 8639298.712, 62
Trd, 8639299.046, 62
Trd, 8639299.779, 60
Trd, 8639300.179, 60
Trd, 8639300.912, 60
Trd, 8639301.646, 63
Trd, 8639301.679, 68
Trd, 8639302.046, 62
Trd, 8639302.412, 69
Trd, 8639302.779, 74
Trd, 8639302.912, 67
Trd, 8639303.579, 73
Trd, 8639303.746, 65
Trd, 8639303.879, 140
Trd, 8639304.079, 140
Trd, 8639304.946, 60
Trd, 8639305.179, 60
Trd, 8639306.146, 63
Trd, 8639307.046, 60
Trd, 8639307.212, 61
Trd, 8639307.879, 60
Trd, 8639308.046, 63
Trd, 8639308.246, 64
Trd, 8639308.546, 61
Trd, 8639308.812, 67
Trd, 8639308.879, 65
Trd, 8639309.512, 64
Trd, 8639309.879, 65
Trd, 8639309.912, 64
Trd, 8639310.479, 60
Trd, 8639310.912, 61
Trd, 8639311.179, 61
Trd, 8639312.812, 60
Trd, 8639313.379, 61
Trd, 8639313.512, 62
Trd, 8639313.712, 62
Trd, 8639313.912, 66
Trd, 8639314.812, 60
Trd, 8639315.446, 60
Trd, 8639315.512, 60
Trd, 8639315.646, 60
Trd, 8639315.946, 60
Trd, 8639316.379, 64
Trd, 8639316.579, 66
Trd, 8639318.146, 60
Trd, 8639318.246, 61
Trd, 8639318.646, 60
Trd, 8639318.712, 62
Trd, 8639319.112, 63
Trd, 8639319.279, 63
Trd, 8639319.379, 62
Trd, 8639319.479, 66
Trd, 8639320.146, 60
Trd, 8639320.446, 60
Trd, 8639320.779, 65
Trd, 8639321.312, 61
Trd, 8639321.579, 76
Trd, 8639322.446, 61
Trd, 8639322.512, 62
Trd, 8639323.212, 140
Trd, 8639324.212, 61
Trd, 8639324.312, 65
Trd, 8639324.479, 73
Trd, 8639325.979, 60
Trd, 8639326.346, 60
Trd, 8639326.646, 60
Trd, 8639326.979, 61
Trd, 8639327.212, 60
Trd, 8639327.479, 61
Trd, 8639327.612, 61
Trd, 8639328.946, 60
Trd, 8639329.146, 62
Trd, 8639329.379, 71
Trd, 8639330.112, 61
Trd, 8639330.479, 61
Trd, 8639330.879, 63
Trd, 8639331.312, 63
Trd, 8639331.446, 64
Trd, 8639331.546, 64
Trd, 8639331.679, 65
Trd, 8639332.112, 66
Trd, 8639332.146, 67
Trd, 8639332.346, 133
Trd, 8639333.212, 62
Trd, 8639333.312, 66
Trd, 8639333.846, 62
Trd, 8639334.346, 63
Trd, 8639334.512, 102
Trd, 8639335.579, 60
Trd, 8639337.112, 60
Trd, 8639337.346, 60
Trd, 8639337.379, 60
Trd, 8639337.946, 60
Trd, 8639337.979, 61
Trd, 8639339.912, 60
Trd, 8639340.479, 60
Trd, 8639340.812, 60
Trd, 8639340.879, 61
Trd, 8639341.479, 60
Trd, 8639342.246, 60
Trd, 8639342.446, 60
Trd, 8639342.479, 62
Trd, 8639342.546, 63
Trd, 8639342.946, 60
Trd, 8639343.346, 61
Trd, 8639343.412, 65
Trd, 8639343.779, 61
Trd, 8639343.979, 60
Trd, 8639344.179, 63
Trd, 8639345.612, 61
Trd, 8639345.712, 62
Trd, 8639345.812, 60
Trd, 8639347.679, 60
Trd, 8639348.212, 61
Trd, 8639348.512, 62
Trd, 8639348.546, 67
Trd, 8639348.979, 140
Trd, 8639349.046, 140
Trd, 8639349.279, 140
Trd, 8639349.579, 140
Trd, 8639350.346, 139
Trd, 8639350.946, 140
Trd, 8639351.146, 139
Trd, 8639351.512, 140
Trd, 8639351.779, 140
Trd, 8639352.212, 140
Trd, 8639352.346, 140
Trd, 8639352.379, 140
Trd, 8639352.879, 62
Trd, 8639353.446, 66
Trd, 8639353.612, 111
Trd, 8639354.179, 63
Trd, 8639354.346, 66
Trd, 8639354.779, 61
Trd, 8639354.979, 137
Trd, 8639355.746, 61
Trd, 8639356.212, 61
Trd, 8639356.346, 61
Trd, 8639357.279, 65
Trd, 8639357.379, 61
Trd, 8639357.979, 60
Trd, 8639358.146, 60
Trd, 8639358.246, 62
Trd, 8639359.112, 60
Trd, 8639359.212, 62
Trd, 8639359.579, 60
Trd, 8639359.912, 62
Trd, 8639360.212, 63
Trd, 8639360.246, 66
Trd, 8639360.346, 140
Trd, 8639361.012, 61
Trd, 8639361.079, 66
Trd, 8639361.446, 140
Trd, 8639361.512, 140
Trd, 8639361.646, 140
Trd, 8639362.679, 62
Trd, 8639363.346, 61
Trd, 8639363.712, 63
Trd, 8639363.779, 62
Trd, 8639364.479, 64
Trd, 8639365.446, 68
Trd, 8639365.546, 74
Trd, 8639365.712, 67
Trd, 8639365.812, 90
Trd, 8639366.046, 63
Trd, 8639366.746, 60
Trd, 8639366.779, 60
Trd, 8639367.546, 60
Trd, 8639367.812, 61
Trd, 8639368.746, 60
Trd, 8639368.912, 60
Trd, 8639369.279, 62
Trd, 8639370.012, 62
Trd, 8639370.046, 62
Trd, 8639370.212, 63
Trd, 8639370.312, 62
Trd, 8639370.812, 62
Trd, 8639370.846, 62
Trd, 8639371.046, 61
Trd, 8639371.779, 64
Trd, 8639371.846, 65
Trd, 8639372.512, 60
Trd, 8639372.712, 65
Trd, 8639373.979, 60
Trd, 8639374.512, 61
Trd, 8639375.112, 60
Trd, 8639375.146, 60
Trd, 8639376.512, 61
Trd, 8639376.546, 65
Trd, 8639377.212, 60
Trd, 8639377.412, 60
Trd, 8639378.146, 61
Trd, 8639378.646, 61
Trd, 8639379.112, 64
Trd, 8639379.246, 64
Trd, 8639379.279, 65
Trd, 8639379.712, 65
Trd, 8639379.846, 64
Trd, 8639380.246, 64
Trd, 8639380.279, 63
Trd, 8639380.712, 66
Trd, 8639380.779, 65
Trd, 8639381.446, 69
Trd, 8639381.779, 65
Trd, 8639382.312, 140
Trd, 8639382.379, 119
Trd, 8639382.812, 60
Trd, 8639383.346, 76
Trd, 8639383.379, 123
Trd, 8639383.746, 139
Trd, 8639384.712, 140
Trd, 8639384.746, 139
Trd, 8639385.412, 72
Trd, 8639386.046, 65
Trd, 8639386.779, 60
Trd, 8639386.812, 60
Trd, 8639386.912, 68
Trd, 8639387.112, 64
Trd, 8639387.179, 101
Trd, 8639388.279, 64
Trd, 8639389.679, 60
Trd, 8639390.946, 60
Trd, 8639391.112, 61
Trd, 8639391.779, 62
Trd, 8639391.979, 63
Trd, 8639392.046, 61
Trd, 8639392.246, 63
Trd, 8639392.446, 62
Trd, 8639392.579, 64
Trd, 8639392.712, 67
Trd, 8639392.779, 62
Trd, 8639393.046, 70
Trd, 8639394.179, 60
Trd, 8639394.846, 60
Trd, 8639394.946, 60
Trd, 8639395.579, 61
Trd, 8639395.846, 61
Trd, 8639396.146, 62
Trd, 8639396.246, 60
Trd, 8639396.779, 60
Trd, 8639397.012, 61
Trd, 8639397.179, 79
Trd, 8639397.279, 83
Trd, 8639398.179, 140
Trd, 8639398.346, 140
Trd, 8639398.746, 140
Trd, 8639398.846, 139
Trd, 8639399.812, 139
Trd, 8639399.846, 139
Trd, 8639399.979, 138
Trd, 8639400.312, 93
Trd, 8639400.446, 91
Trd, 8639401.079, 60
Trd, 8639402.812, 60
Trd, 8639402.979, 61
Trd, 8639405.112, 60
Trd, 8639405.246, 61
Trd, 8639405.446, 61
Trd, 8639405.479, 61
Trd, 8639405.812, 62
Trd, 8639407.012, 60
Trd, 8639407.246, 60
Trd, 8639407.312, 60
Trd, 8639407.946, 61
Trd, 8639408.012, 60
Trd, 8639408.312, 61
Trd, 8639408.479, 61
Trd, 8639408.846, 73
Trd, 8639409.046, 65
Trd, 8639409.346, 67
Trd, 8639409.512, 62
Trd, 8639409.546, 60
Trd, 8639409.879, 85
Trd, 8639410.879, 61
Trd, 8639411.112, 61
Trd, 8639411.379, 66
Trd, 8639411.979, 63
Trd, 8639412.879, 62
Trd, 8639413.179, 65
Trd, 8639413.346, 89
Trd, 8639413.479, 64
Trd, 8639414.146, 60
Trd, 8639414.512, 60
Trd, 8639414.979, 60
Trd, 8639415.279, 62
Trd, 8639415.646, 62
Trd, 8639416.312, 60
Trd, 8639416.479, 64
Trd, 8639418.346, 60
Trd, 8639418.479, 61
Trd, 8639418.812, 67
Trd, 8639418.912, 62
Trd, 8639419.079, 62
Trd, 8639419.246, 63
Trd, 8639419.346, 61
Trd, 8639419.612, 112
Trd, 8639419.979, 61
Trd, 8639420.479, 140
Trd, 8639420.746, 133
Trd, 8639421.412, 60
Trd, 8639422.212, 62
Trd, 8639422.679, 65
Trd, 8639423.112, 71
Trd, 8639423.312, 139
Trd, 8639423.946, 79
Trd, 8639424.212, 78
Trd, 8639424.379, 76
Trd, 8639424.546, 139
Trd, 8639424.979, 102
Trd, 8639425.079, 101
Trd, 8639425.512, 63
Trd, 8639425.679, 67
Trd, 8639427.079, 60
Trd, 8639427.512, 62
Trd, 8639427.879, 63
Trd, 8639428.012, 70
Trd, 8639428.579, 140
Trd, 8639428.612, 103
Trd, 8639428.912, 103
Trd, 8639429.012, 102
Trd, 8639429.479, 140
Trd, 8639429.746, 140
Trd, 8639430.046, 139
Trd, 8639430.546, 140
Trd, 8639431.412, 140
Trd, 8639432.012, 140
Trd, 8639432.112, 140
Trd, 8639432.212, 140
Trd, 8639432.512, 101
Trd, 8639432.579, 90
Trd, 8639433.246, 60
Trd, 8639433.512, 139
Trd, 8639434.112, 60
Trd, 8639434.746, 60
Trd, 8639435.546, 60
Trd, 8639436.412, 60
Trd, 8639436.579, 60
Trd, 8639436.746, 61
Trd, 8639437.979, 61
Trd, 8639438.046, 62
Trd, 8639438.379, 61
Trd, 8639438.546, 61
Trd, 8639438.646, 64
Trd, 8639438.779, 71
Trd, 8639439.546, 92
Trd, 8639439.979, 92
Trd, 8639440.179, 140
Trd, 8639440.512, 140
Trd, 8639441.146, 140
Trd, 8639441.546, 140
Trd, 8639442.112, 140
Trd, 8639442.446, 140
Trd, 8639442.546, 140
Trd, 8639442.679, 129
Trd, 8639442.946, 63
Trd, 8639443.146, 63
Trd, 8639443.946, 61
Trd, 8639444.412, 60
Trd, 8639444.679, 140
Trd, 8639445.312, 140
Trd, 8639445.812, 140
Trd, 8639446.246, 140
Trd, 8639446.312, 139
Trd, 8639446.479, 138
Trd, 8639446.779, 101
Trd, 8639447.846, 60
Trd, 8639448.279, 60
Trd, 8639448.346, 87
Trd, 8639448.679, 65
Trd, 8639449.679, 60
Trd, 8639449.879, 71
Trd, 8639450.412, 140
Trd, 8639450.679, 139
Trd, 8639450.746, 85
Trd, 8639451.112, 140
Trd, 8639451.379, 84
Trd, 8639451.679, 61
Trd, 8639452.179, 60
Trd, 8639452.846, 61
Trd, 8639452.946, 64
Trd, 8639453.212, 63
Trd, 8639453.412, 118
Trd, 8639454.179, 64
Trd, 8639454.812, 140
Trd, 8639454.846, 140
Trd, 8639455.112, 139
Trd, 8639455.712, 68
Trd, 8639456.312, 61
Trd, 8639456.412, 102
Trd, 8639457.179, 61
Trd, 8639457.379, 61
Trd, 8639457.779, 60
Trd, 8639458.012, 62
Trd, 8639459.312, 60
Trd, 8639459.512, 61
Trd, 8639459.912, 61
Trd, 8639459.979, 62
Trd, 8639460.212, 62
Trd, 8639462.112, 61
Trd, 8639462.179, 61
Trd, 8639462.612, 61
Trd, 8639462.712, 62
Trd, 8639463.379, 66
Trd, 8639463.446, 65
Trd, 8639463.546, 60
Trd, 8639464.212, 62
Trd, 8639464.446, 63
Trd, 8639465.012, 60
Trd, 8639466.046, 60
Trd, 8639466.112, 61
Trd, 8639467.312, 60
Trd, 8639467.412, 60
Trd, 8639467.912, 63
Trd, 8639468.512, 64
Trd, 8639468.779, 65
Trd, 8639469.179, 68
Trd, 8639469.679, 61
Trd, 8639470.212, 61
Trd, 8639470.679, 63
Trd, 8639471.012, 64
Trd, 8639471.079, 65
Trd, 8639471.146, 65
Trd, 8639471.246, 64
Trd, 8639471.312, 70
Trd, 8639472.279, 140
Trd, 8639472.412, 140
Trd, 8639472.446, 140
Trd, 8639472.579, 138
Trd, 8639473.679, 64
Trd, 8639473.879, 138
Trd, 8639474.312, 60
Trd, 8639474.846, 61
Trd, 8639474.979, 65
Trd, 8639475.046, 61
Trd, 8639475.612, 65
Trd, 8639476.346, 60
Trd, 8639477.746, 60
Trd, 8639477.846, 61
Trd, 8639477.946, 61
Trd, 8639478.579, 64
Trd, 8639478.646, 61
Trd, 8639479.312, 140
Trd, 8639480.312, 140
Trd, 8639480.379, 139
Trd, 8639480.546, 140
Trd, 8639480.646, 139
Trd, 8639480.679, 66
Trd, 8639481.346, 136
Trd, 8639481.746, 140
Trd, 8639482.112, 71
Trd, 8639482.179, 70
Trd, 8639482.546, 87
Trd, 8639483.012, 140
Trd, 8639483.446, 106
Trd, 8639483.579, 105
Trd, 8639483.679, 69
Trd, 8639483.712, 68
Trd, 8639484.846, 140
Trd, 8639485.946, 140
Trd, 8639486.146, 140
Trd, 8639486.412, 139
Trd, 8639487.079, 60
Trd, 8639487.446, 65
Trd, 8639487.579, 64
Trd, 8639488.179, 60
Trd, 8639488.346, 61
Trd, 8639488.546, 60
Trd, 8639488.679, 60
Trd, 8639488.746, 61
Trd, 8639489.246, 64
Trd, 8639489.512, 66
Trd, 8639489.846, 63
Trd, 8639490.612, 62
Trd, 8639491.779, 60
Trd, 8639491.946, 63
Trd, 8639492.246, 67
Trd, 8639492.412, 72
Trd, 8639493.146, 61
Trd, 8639494.979, 63
Trd, 8639495.512, 61
Trd, 8639495.779, 61
Trd, 8639495.879, 60
Trd, 8639496.012, 62
Trd, 8639496.346, 62
Trd, 8639496.612, 60
Trd, 8639496.646, 63
Trd, 8639497.412, 62
Trd, 8639497.612, 65
Trd, 8639497.846, 61
Trd, 8639498.246, 84
Trd, 8639498.879, 140
Trd, 8639499.146, 65
Trd, 8639499.379, 99
Trd, 8639499.646, 69
Trd, 8639499.712, 67
Trd, 8639500.412, 63
Trd, 8639500.612, 66
Trd, 8639501.079, 61
Trd, 8639501.146, 62
Trd, 8639501.579, 64
Trd, 8639501.712, 66
Trd, 8639501.946, 75
Trd, 8639502.946, 60
Trd, 8639503.212, 67
Trd, 8639504.046, 60
Trd, 8639504.146, 61
Trd, 8639504.812, 63
Trd, 8639506.046, 60
Trd, 8639506.812, 60
Trd, 8639507.246, 61
Trd, 8639507.446, 63
Trd, 8639508.512, 60
Trd, 8639508.612, 62
Trd, 8639508.779, 60
Trd, 8639509.079, 62
Trd, 8639510.679, 60
Trd, 8639510.979, 62
Trd, 8639511.112, 62
Trd, 8639511.212, 61
Trd, 8639511.512, 61
Trd, 8639511.579, 60
Trd, 8639512.212, 62
Trd, 8639512.279, 63
Trd, 8639512.546, 73
Trd, 8639512.646, 64
Trd, 8639512.679, 74
Trd, 8639512.946, 63
Trd, 8639513.312, 64
Trd, 8639513.879, 65
Trd, 8639514.146, 61
Trd, 8639514.179, 68
Trd, 8639515.379, 63
Trd, 8639515.646, 61
Trd, 8639516.179, 61
Trd, 8639516.579, 61
Trd, 8639516.879, 60
Trd, 8639517.179, 64
Trd, 8639518.079, 62
Trd, 8639518.612, 60
Trd, 8639519.012, 60
Trd, 8639519.079, 60
Trd, 8639519.246, 61
Trd, 8639519.512, 62
Trd, 8639520.612, 66
Trd, 8639521.279, 61
Trd, 8639521.312, 61
Trd, 8639521.379, 61
Trd, 8639522.779, 60
Trd, 8639522.812, 63
Trd, 8639522.846, 64
Trd, 8639523.512, 63
Trd, 8639523.846, 63
Trd, 8639524.112, 63
Trd, 8639525.046, 65
Trd, 8639525.279, 66
Trd, 8639525.379, 66
Trd, 8639525.412, 68
Trd, 8639525.446, 65
Trd, 8639525.779, 140
Trd, 8639525.912, 140
Trd, 8639526.612, 140
Trd, 8639527.346, 63
Trd, 8639527.412, 63
Trd, 8639527.546, 61
Trd, 8639528.546, 65
Trd, 8639528.912, 62
Trd, 8639530.479, 61
Trd, 8639531.146, 62
Trd, 8639531.179, 63
Trd, 8639532.312, 60
Trd, 8639532.379, 61
Trd, 8639533.279, 61
Trd, 8639533.679, 60
Trd, 8639533.879, 62
Trd, 8639534.412, 63
Trd, 8639535.112, 61
Trd, 8639535.512, 60
Trd, 8639535.812, 61
Trd, 8639535.879, 64
Trd, 8639537.279, 60
Trd, 8639537.479, 60
Trd, 8639537.512, 60
Trd, 8639538.046, 62
Trd, 8639538.279, 62
Trd, 8639538.446, 60
Trd, 8639538.946, 60
Trd, 8639539.679, 61
Trd, 8639539.779, 63
Trd, 8639541.712, 60
Trd, 8639541.879, 61
Trd, 8639541.912, 63
Trd, 8639542.112, 64
Trd, 8639542.246, 67
Trd, 8639542.512, 67
Trd, 8639543.112, 60
Trd, 8639543.179, 63
Trd, 8639543.979, 64
Trd, 8639544.612, 64
Trd, 8639544.879, 63
Trd, 8639544.912, 65
Trd, 8639545.546, 60
Trd, 8639546.379, 60
Trd, 8639546.746, 66
Trd, 8639547.012, 61
Trd, 8639547.612, 61
Trd, 8639548.512, 61
Trd, 8639548.612, 63
Trd, 8639548.946, 61
Trd, 8639549.712, 60
Trd, 8639549.879, 60
Trd, 8639550.179, 61
Trd, 8639550.279, 64
Trd, 8639550.446, 78
Trd, 8639551.079, 122
Trd, 8639551.512, 140
Trd, 8639552.279, 140
Trd, 8639552.379, 140
Trd, 8639552.646, 140
Trd, 8639552.679, 140
Trd, 8639553.012, 139
Trd, 8639553.046, 138
Trd, 8639553.479, 139
Trd, 8639553.979, 140
Trd, 8639555.279, 140
Trd, 8639555.479, 140
Trd, 8639555.679, 140
Trd, 8639556.046, 140
Trd, 8639556.279, 138
Trd, 8639556.346, 62
Trd, 8639557.379, 140
Trd, 8639557.612, 138
Trd, 8639557.646, 137
Trd, 8639558.146, 67
Trd, 8639558.279, 62
Trd, 8639558.646, 61
Trd, 8639558.746, 61
Trd, 8639559.279, 140
Trd, 8639559.612, 140
Trd, 8639559.912, 140
Trd, 8639560.146, 140
Trd, 8639560.979, 140
Trd, 8639561.212, 140
Trd, 8639561.746, 140
Trd, 8639561.879, 140
Trd, 8639562.312, 140
Trd, 8639562.346, 140
Trd, 8639562.712, 139
Trd, 8639562.946, 139
Trd, 8639563.112, 138
Trd, 8639564.079, 140
Trd, 8639564.212, 115
Trd, 8639564.346, 103
Trd, 8639564.979, 140
Trd, 8639565.612, 115
Trd, 8639565.646, 114
Trd, 8639566.612, 69
Trd, 8639567.612, 60
Trd, 8639567.779, 62
Trd, 8639567.912, 64
Trd, 8639567.979, 67
Trd, 8639568.112, 70
Trd, 8639568.679, 140
Trd, 8639568.946, 66
Trd, 8639569.446, 65
Trd, 8639569.946, 140
Trd, 8639570.879, 140
Trd, 8639571.112, 62
Trd, 8639571.579, 78
Trd, 8639571.879, 64
Trd, 8639571.946, 82
Trd, 8639572.279, 106
Trd, 8639572.846, 60
Trd, 8639573.746, 60
Trd, 8639573.979, 61
Trd, 8639574.612, 60
Trd, 8639574.712, 61
Trd, 8639574.979, 60
Trd, 8639575.046, 62
Trd, 8639575.179, 62
Trd, 8639575.679, 62
Trd, 8639575.712, 63
Trd, 8639576.046, 63
Trd, 8639577.846, 60
Trd, 8639577.979, 60
Trd, 8639578.012, 61
Trd, 8639578.846, 60
Trd, 8639578.912, 60
Trd, 8639579.146, 63
Trd, 8639579.312, 61
Trd, 8639579.479, 62
Trd, 8639579.879, 89
Trd, 8639580.312, 62
Trd, 8639580.979, 60
Trd, 8639581.246, 63
Trd, 8639581.579, 63
Trd, 8639582.079, 64
Trd, 8639582.279, 63
Trd, 8639582.679, 62
Trd, 8639582.746, 61
Trd, 8639582.879, 68
Trd, 8639582.946, 87
Trd, 8639583.479, 66
Trd, 8639584.012, 66
Trd, 8639585.212, 60
Trd, 8639586.246, 60
Trd, 8639586.346, 60
Trd, 8639586.512, 61
Trd, 8639586.612, 62
Trd, 8639586.746, 62
Trd, 8639587.146, 61
Trd, 8639587.746, 62
Trd, 8639588.046, 64
Trd, 8639588.546, 60
Trd, 8639588.846, 61
Trd, 8639589.179, 63
Trd, 8639589.546, 65
Trd, 8639589.646, 62
Trd, 8639590.246, 63
Trd, 8639590.879, 66
Trd, 8639591.312, 67
Trd, 8639592.212, 140
Trd, 8639592.379, 140
Trd, 8639592.446, 139
Trd, 8639592.479, 137
Trd, 8639592.612, 64
Trd, 8639593.079, 66
Trd, 8639593.579, 62
Trd, 8639593.679, 67
Trd, 8639595.012, 140
Trd, 8639595.079, 140
Trd, 8639595.246, 140
Trd, 8639595.279, 140
Trd, 8639595.546, 63
Trd, 8639596.246, 139
Trd, 8639596.279, 136
Trd, 8639596.479, 97
Trd, 8639597.112, 139
Trd, 8639597.812, 140
Trd, 8639597.846, 140
Trd, 8639598.079, 139
Trd, 8639599.879, 61
Trd, 8639600.412, 60
Trd, 8639600.879, 60
Trd, 8639601.746, 63
Trd, 8639601.812, 63
Trd, 8639602.412, 62
Trd, 8639602.712, 61
Trd, 8639603.746, 60
Trd, 8639604.379, 61
Trd, 8639605.046, 62
Trd, 8639605.512, 60
Trd, 8639605.979, 60
Trd, 8639606.112, 60
Trd, 8639606.312, 60
Trd, 8639606.512, 63
Trd, 8639606.646, 66
Trd, 8639607.012, 62
Trd, 8639607.246, 67
Trd, 8639609.046, 62
Trd, 8639609.212, 62
Trd, 8639609.346, 61
Trd, 8639609.412, 63
Trd, 8639609.446, 64
Trd, 8639610.112, 65
Trd, 8639610.379, 66
Trd, 8639610.679, 66
Trd, 8639610.779, 63
Trd, 8639611.012, 66
Trd, 8639611.179, 60
Trd, 8639611.246, 69
Trd, 8639611.379, 93
Trd, 8639611.846, 66
Trd, 8639612.412, 63
Trd, 8639613.179, 64
Trd, 8639613.779, 138
Trd, 8639614.246, 138
Trd, 8639614.346, 108
Trd, 8639614.979, 63
Trd, 8639615.179, 70
Trd, 8639615.512, 60
Trd, 8639617.146, 61
Trd, 8639617.379, 61
Trd, 8639617.446, 61
Trd, 8639617.912, 64
Trd, 8639618.712, 60
Trd, 8639619.579, 62
Trd, 8639620.579, 60
Trd, 8639620.679, 61
Trd, 8639620.779, 63
Trd, 8639621.079, 63
Trd, 8639621.112, 63
Trd, 8639621.512, 62
Trd, 8639622.212, 60
Trd, 8639623.679, 60
Trd, 8639624.346, 60
Trd, 8639624.412, 61
Trd, 8639624.446, 61
Trd, 8639624.746, 61
Trd, 8639625.079, 62
Trd, 8639625.246, 62
Trd, 8639625.446, 62
Trd, 8639625.712, 62
Trd, 8639625.746, 65
Trd, 8639626.446, 63
Trd, 8639626.712, 64
Trd, 8639626.879, 63
Trd, 8639627.612, 61
Trd, 8639627.646, 61
Trd, 8639627.879, 60
Trd, 8639628.912, 60
Trd, 8639629.879, 60
Trd, 8639630.246, 60
Trd, 8639630.679, 60
Trd, 8639630.879, 62
Trd, 8639631.946, 62
Trd, 8639633.046, 60
Trd, 8639633.212, 60
Trd, 8639634.079, 60
Trd, 8639634.212, 61
Trd, 8639634.346, 62
Trd, 8639635.179, 60
Trd, 8639635.579, 60
Trd, 8639635.912, 62
Trd, 8639636.012, 61
Trd, 8639636.412, 60
Trd, 8639636.479, 63
Trd, 8639637.212, 60
Trd, 8639637.312, 60
Trd, 8639637.479, 61
Trd, 8639637.979, 60
Trd, 8639638.379, 61
Trd, 8639638.646, 62
Trd, 8639638.779, 62
Trd, 8639639.546, 62
Trd, 8639639.579, 65
Trd, 8639640.446, 60
Trd, 8639641.146, 62
Trd, 8639641.579, 62
Trd, 8639641.646, 66
Trd, 8639642.046, 66
Trd, 8639642.779, 62
Trd, 8639643.646, 62
Trd, 8639643.946, 62
Trd, 8639644.912, 60
Trd, 8639645.112, 61
Trd, 8639645.179, 62
Trd, 8639645.312, 64
Trd, 8639645.512, 68
Trd, 8639645.612, 76
Trd, 8639646.012, 65
Trd, 8639646.246, 65
Trd, 8639646.879, 64
Trd, 8639646.912, 69
Trd, 8639647.312, 137
Trd, 8639647.979, 64
Trd, 8639648.912, 60
Trd, 8639649.212, 62
Trd, 8639650.246, 60
Trd, 8639650.312, 61
Trd, 8639650.479, 66
Trd, 8639651.312, 140
Trd, 8639651.612, 140
Trd, 8639651.979, 140
Trd, 8639652.012, 139
Trd, 8639652.246, 140
Trd, 8639652.379, 140
Trd, 8639652.446, 75
Trd, 8639652.746, 139
Trd, 8639653.579, 61
Trd, 8639654.446, 60
Trd, 8639654.579, 61
Trd, 8639655.046, 61
Trd, 8639655.146, 62
Trd, 8639655.312, 61
Trd, 8639655.746, 62
Trd, 8639655.879, 61
Trd, 8639655.979, 65
Trd, 8639656.979, 61
Trd, 8639657.012, 66
Trd, 8639658.579, 60
Trd, 8639660.046, 61
Trd, 8639660.079, 61
Trd, 8639660.112, 62
Trd, 8639660.212, 62
Trd, 8639660.812, 61
Trd, 8639661.412, 61
Trd, 8639661.779, 63
Trd, 8639661.879, 62
Trd, 8639662.046, 61
Trd, 8639662.346, 68
Trd, 8639662.746, 64
Trd, 8639662.912, 64
Trd, 8639663.446, 64
Trd, 8639663.746, 60
Trd, 8639664.046, 140
Trd, 8639664.179, 140
Trd, 8639664.479, 140
Trd, 8639665.412, 61
Trd, 8639665.479, 61
Trd, 8639665.912, 62
Trd, 8639666.146, 61
Trd, 8639666.212, 62
Trd, 8639666.879, 140
Trd, 8639667.346, 139
Trd, 8639667.679, 135
Trd, 8639668.079, 77
Trd, 8639669.112, 61
Trd, 8639670.212, 62
Trd, 8639670.246, 62
Trd, 8639670.312, 62
Trd, 8639671.012, 66
Trd, 8639671.179, 64
Trd, 8639671.512, 61
Trd, 8639671.812, 60
Trd, 8639672.746, 60
Trd, 8639673.579, 61
Trd, 8639673.712, 61
Trd, 8639674.246, 62
Trd, 8639674.546, 60
Trd, 8639675.046, 60
Trd, 8639675.312, 60
Trd, 8639675.446, 61
Trd, 8639675.812, 60
Trd, 8639676.012, 69
Trd, 8639676.512, 62
Trd, 8639676.612, 65
Trd, 8639676.812, 63
Trd, 8639676.879, 64
Trd, 8639677.246, 66
Trd, 8639677.746, 65
Trd, 8639678.712, 60
Trd, 8639679.346, 60
Trd, 8639680.012, 60
Trd, 8639680.212, 63
Trd, 8639680.612, 60
Trd, 8639681.679, 64
Trd, 8639682.312, 60
Trd, 8639682.412, 63
Trd, 8639683.146, 60
Trd, 8639683.246, 60
Trd, 8639683.446, 60
Trd, 8639683.479, 61
Trd, 8639683.846, 60
Trd, 8639683.879, 64
Trd, 8639684.312, 60
Trd, 8639684.712, 61
Trd, 8639685.279, 60
Trd, 8639685.312, 63
Trd, 8639686.446, 62
Trd, 8639687.112, 61
Trd, 8639687.679, 60
Trd, 8639688.946, 60
Trd, 8639689.212, 60
Trd, 8639689.312, 60
Trd, 8639689.579, 60
Trd, 8639689.612, 60
Trd, 8639690.112, 61
Trd, 8639690.279, 62
Trd, 8639690.679, 65
Trd, 8639691.079, 63
Trd, 8639691.612, 72
Trd, 8639691.679, 73
Trd, 8639692.046, 64
Trd, 8639692.979, 140
Trd, 8639693.112, 140
Trd, 8639693.146, 140
Trd, 8639693.246, 138
Trd, 8639693.379, 107
Trd, 8639693.646, 140
Trd, 8639693.712, 137
Trd, 8639694.379, 140
Trd, 8639694.479, 106
Trd, 8639695.279, 140
Trd, 8639695.446, 140
Trd, 8639696.279, 140
Trd, 8639696.479, 140
Trd, 8639696.546, 140
Trd, 8639696.812, 65
Trd, 8639697.879, 60
Trd, 8639698.079, 60
Trd, 8639698.446, 60
Trd, 8639699.146, 62
Trd, 8639699.346, 63
Trd, 8639699.479, 72
Trd, 8639699.946, 76
Trd, 8639700.546, 140
Trd, 8639700.712, 61
Trd, 8639700.946, 140
Trd, 8639701.579, 140
Trd, 8639701.646, 140
Trd, 8639701.779, 140
Trd, 8639702.879, 140
Trd, 8639703.179, 140
Trd, 8639703.212, 140
Trd, 8639703.412, 135
Trd, 8639703.712, 140
Trd, 8639704.412, 139
Trd, 8639704.479, 91
Trd, 8639705.412, 60
Trd, 8639705.712, 63
Trd, 8639705.912, 63
Trd, 8639706.246, 62
Trd, 8639706.579, 61
Trd, 8639707.012, 108
Trd, 8639707.379, 65
Trd, 8639707.479, 68
Trd, 8639708.179, 65
Trd, 8639708.512, 140
Trd, 8639708.546, 140
Trd, 8639708.612, 64
Trd, 8639709.479, 140
Trd, 8639709.979, 140
Trd, 8639710.346, 140
Trd, 8639710.812, 139
Trd, 8639710.879, 140
Trd, 8639711.612, 140
Trd, 8639711.712, 140
Trd, 8639712.512, 60
Trd, 8639712.646, 61
Trd, 8639712.779, 80
Trd, 8639713.246, 61
Trd, 8639713.312, 64
Trd, 8639714.346, 61
Trd, 8639716.479, 60
Trd, 8639716.512, 61
Trd, 8639717.079, 60
Trd, 8639717.579, 60
Trd, 8639717.646, 62
Trd, 8639717.746, 63
Trd, 8639718.446, 61
Trd, 8639718.679, 60
Trd, 8639718.846, 62
Trd, 8639719.012, 61
Trd, 8639719.479, 68
Trd, 8639719.646, 60
Trd, 8639720.146, 67
Trd, 8639720.512, 68
Trd, 8639721.012, 60
Trd, 8639722.546, 61
Trd, 8639722.746, 60
Trd, 8639722.946, 62
Trd, 8639723.112, 63
Trd, 8639723.246, 63
Trd, 8639723.512, 61
Trd, 8639724.646, 64
Trd, 8639724.746, 65
Trd, 8639724.879, 62
Trd, 8639725.079, 61
Trd, 8639725.479, 62
Trd, 8639725.846, 68
Trd, 8639725.912, 61
Trd, 8639726.346, 61
Trd, 8639726.846, 140
Trd, 8639727.046, 140
Trd, 8639727.079, 140
Trd, 8639727.146, 62
Trd, 8639727.412, 140
Trd, 8639729.346, 60
Trd, 8639729.446, 61
Trd, 8639729.846, 62
Trd, 8639730.146, 63
Trd, 8639730.612, 62
Trd, 8639730.846, 63
Trd, 8639730.979, 61
Trd, 8639731.146, 64
Trd, 8639731.179, 120
Trd, 8639731.512, 61
Trd, 8639731.946, 61
Trd, 8639732.679, 63
Trd, 8639732.979, 138
Trd, 8639733.079, 137
Trd, 8639733.512, 63
Trd, 8639734.312, 61
Trd, 8639735.179, 60
Trd, 8639735.812, 61
Trd, 8639736.112, 82
Trd, 8639736.179, 69
Trd, 8639736.212, 88
Trd, 8639736.479, 70
Trd, 8639737.146, 75
Trd, 8639737.279, 76
Trd, 8639737.346, 68
Trd, 8639737.846, 61
Trd, 8639738.479, 60
Trd, 8639738.812, 63
Trd, 8639738.846, 66
Trd, 8639738.912, 61
Trd, 8639740.712, 63
Trd, 8639740.746, 64
Trd, 8639741.546, 60
Trd, 8639742.346, 60
Trd, 8639742.546, 61
Trd, 8639743.579, 61
Trd, 8639743.712, 62
Trd, 8639743.912, 60
Trd, 8639744.146, 60
Trd, 8639744.246, 62
Trd, 8639744.679, 63
Trd, 8639744.846, 64
Trd, 8639745.079, 67
Trd, 8639745.479, 64
Trd, 8639745.612, 64
Trd, 8639745.646, 73
Trd, 8639746.079, 114
Trd, 8639747.146, 67
Trd, 8639747.446, 111
Trd, 8639747.779, 120
Trd, 8639748.179, 120
Trd, 8639749.012, 140
Trd, 8639749.079, 140
Trd, 8639749.446, 140
Trd, 8639749.712, 130
Trd, 8639750.112, 121
Trd, 8639750.212, 120
Trd, 8639750.546, 62
Trd, 8639751.346, 60
Trd, 8639751.812, 61
Trd, 8639751.846, 64
Trd, 8639752.112, 60
Trd, 8639752.412, 65
Trd, 8639754.212, 61
Trd, 8639755.479, 60
Trd, 8639755.646, 60
Trd, 8639755.712, 61
Trd, 8639755.846, 61
Trd, 8639756.046, 62
Trd, 8639756.146, 60
Trd, 8639756.379, 60
Trd, 8639756.612, 61
Trd, 8639756.779, 62
Trd, 8639757.246, 60
Trd, 8639757.879, 60
Trd, 8639757.912, 62
Trd, 8639758.279, 61
Trd, 8639758.646, 61
Trd, 8639758.679, 66
Trd, 8639759.012, 65
Trd, 8639759.712, 64
Trd, 8639759.912, 66
Trd, 8639760.846, 64
Trd, 8639761.579, 61
Trd, 8639761.646, 60
Trd, 8639761.712, 60
Trd, 8639762.412, 62
Trd, 8639762.846, 62
Trd, 8639763.212, 68
Trd, 8639763.412, 71
Trd, 8639763.879, 67
Trd, 8639764.046, 69
Trd, 8639764.212, 63
Trd, 8639764.846, 140
Trd, 8639765.446, 140
Trd, 8639765.712, 140
Trd, 8639766.479, 140
Trd, 8639766.946, 140
Trd, 8639767.246, 140
Trd, 8639767.479, 139
Trd, 8639767.746, 123
Trd, 8639767.779, 90
Trd, 8639768.146, 65
Trd, 8639768.279, 63
Trd, 8639768.679, 65
Trd, 8639768.812, 62
Trd, 8639769.479, 111
Trd, 8639769.779, 62
Trd, 8639770.146, 60
Trd, 8639770.179, 65
Trd, 8639770.979, 66
Trd, 8639771.279, 62
Trd, 8639771.946, 60
Trd, 8639772.079, 62
Trd, 8639772.679, 61
Trd, 8639772.979, 77
Trd, 8639773.946, 61
Trd, 8639774.412, 60
Trd, 8639775.179, 62
Trd, 8639775.279, 63
Trd, 8639775.346, 67
Trd, 8639775.546, 63
Trd, 8639776.512, 61
Trd, 8639776.646, 61
Trd, 8639778.046, 60
Trd, 8639778.846, 60
Trd, 8639779.312, 61
Trd, 8639779.512, 61
Trd, 8639779.879, 60
Trd, 8639780.046, 60
Trd, 8639780.079, 64
Trd, 8639780.279, 62
Trd, 8639780.712, 65
Trd, 8639781.312, 65
Trd, 8639781.546, 63
Trd, 8639781.812, 63
Trd, 8639781.879, 68
Trd, 8639782.479, 63
Trd, 8639782.746, 62
Trd, 8639782.846, 66
Trd, 8639783.346, 61
Trd, 8639783.612, 68
Trd, 8639784.146, 61
Trd, 8639784.512, 61
Trd, 8639784.646, 63
Trd, 8639785.446, 60
Trd, 8639785.646, 63
Trd, 8639785.712, 63
Trd, 8639785.879, 64
Trd, 8639787.112, 66
Trd, 8639787.579, 63
Trd, 8639787.912, 65
Trd, 8639788.246, 68
Trd, 8639789.112, 63
Trd, 8639789.779, 60
Trd, 8639789.912, 63
Trd, 8639790.012, 60
Trd, 8639790.379, 60
Trd, 8639791.646, 63
Trd, 8639791.912, 62
Trd, 8639792.212, 65
Trd, 8639792.512, 65
Trd, 8639792.646, 64
Trd, 8639793.112, 62
Trd, 8639793.279, 66
Trd, 8639793.612, 127
Trd, 8639794.146, 62
Trd, 8639794.546, 62
Trd, 8639794.779, 63
Trd, 8639794.946, 113
Trd, 8639795.646, 61
Trd, 8639795.679, 63
Trd, 8639796.346, 62
Trd, 8639796.512, 63
Trd, 8639796.779, 64
Trd, 8639797.246, 68
Trd, 8639797.512, 63
Trd, 8639797.979, 61
Trd, 8639798.379, 60
Trd, 8639798.712, 62
Trd, 8639798.746, 107
Trd, 8639798.946, 63
Trd, 8639799.412, 60
Trd, 8639799.679, 62
Trd, 8639800.679, 65
Trd, 8639800.746, 66
Trd, 8639801.312, 62
Trd, 8639801.412, 62
Trd, 8639801.979, 73
Trd, 8639802.046, 73
Trd, 8639802.946, 61
Trd, 8639803.512, 60
Trd, 8639803.579, 62
Trd, 8639803.946, 63
Trd, 8639804.112, 68
Trd, 8639804.846, 64
Trd, 8639805.312, 64
Trd, 8639805.412, 62
Trd, 8639805.512, 69
Trd, 8639806.479, 67
Trd, 8639806.646, 68
Trd, 8639807.546, 61
Trd, 8639807.846, 63
Trd, 8639807.912, 67
Trd, 8639808.012, 78
Trd, 8639808.479, 66
Trd, 8639808.512, 67
Trd, 8639809.379, 60
Trd, 8639810.179, 60
Trd, 8639810.479, 77
Trd, 8639810.712, 67
Trd, 8639811.812, 61
Trd, 8639812.946, 62
Trd, 8639813.146, 60
Trd, 8639813.379, 61
Trd, 8639813.479, 61
Trd, 8639813.512, 60
Trd, 8639814.379, 61
Trd, 8639814.579, 61
Trd, 8639815.912, 62
Trd, 8639816.146, 63
Trd, 8639816.246, 64
Trd, 8639816.312, 65
Trd, 8639816.546, 62
Trd, 8639816.779, 66
Trd, 8639816.879, 60
Trd, 8639817.479, 60
Trd, 8639818.046, 63
Trd, 8639818.912, 60
Trd, 8639819.446, 60
Trd, 8639819.779, 60
Trd, 8639820.046, 60
Trd, 8639820.279, 60
Trd, 8639820.446, 61
Trd, 8639821.079, 60
Trd, 8639822.012, 61
Trd, 8639822.046, 62
Trd, 8639823.046, 60
Trd, 8639823.479, 60
Trd, 8639824.312, 60
Trd, 8639824.879, 60
Trd, 8639825.312, 61
Trd, 8639825.812, 60
Trd, 8639826.612, 63
Trd, 8639826.946, 65
Trd, 8639827.146, 66
Trd, 8639827.479, 60
Trd, 8639827.579, 61
Trd, 8639827.646, 62
Trd, 8639828.046, 63
Trd, 8639828.146, 63
Trd, 8639828.379, 63
Trd, 8639828.446, 69
Trd, 8639829.446, 61
Trd, 8639829.479, 64
Trd, 8639829.612, 78
Trd, 8639830.079, 65
Trd, 8639830.246, 63
Trd, 8639830.279, 86
Trd, 8639830.446, 62
Trd, 8639830.646, 140
Trd, 8639831.579, 140
Trd, 8639832.379, 140
Trd, 8639832.712, 140
Trd, 8639832.879, 140
Trd, 8639833.012, 140
Trd, 8639833.246, 139
Trd, 8639833.712, 136
Trd, 8639834.879, 60
Trd, 8639835.179, 62
Trd, 8639835.346, 75
Trd, 8639835.512, 110
Trd, 8639835.612, 138
Trd, 8639836.612, 140
Trd, 8639836.746, 136
Trd, 8639837.012, 139
Trd, 8639837.546, 140
Trd, 8639837.812, 140
Trd, 8639838.079, 140
Trd, 8639838.279, 139
Trd, 8639838.646, 140
Trd, 8639838.946, 140
Trd, 8639839.112, 90
Trd, 8639839.212, 77
Trd, 8639840.579, 65
Trd, 8639841.046, 71
Trd, 8639841.879, 140
Trd, 8639841.912, 140
Trd, 8639842.312, 140
Trd, 8639842.379, 140
Trd, 8639843.112, 126
Trd, 8639843.212, 115
Trd, 8639843.479, 108
Trd, 8639843.546, 136
Trd, 8639843.579, 106
Trd, 8639843.879, 140
Trd, 8639844.212, 64
Trd, 8639845.279, 64
Trd, 8639845.479, 60
Trd, 8639846.879, 64
Trd, 8639847.346, 60
Trd, 8639848.012, 64
Trd, 8639848.246, 62
Trd, 8639849.612, 60
Trd, 8639850.712, 60
Trd, 8639851.046, 60
Trd, 8639851.179, 63
Trd, 8639851.279, 61
Trd, 8639851.879, 61
Trd, 8639852.212, 64
Trd, 8639852.779, 66
Trd, 8639853.346, 86
Trd, 8639853.712, 116
Trd, 8639854.212, 84
Trd, 8639854.279, 83
Trd, 8639854.379, 81
Trd, 8639854.479, 80
Trd, 8639854.846, 140
Trd, 8639855.112, 139
Trd, 8639855.212, 135
Trd, 8639855.412, 91
Trd, 8639855.446, 90
Trd, 8639855.912, 78
Trd, 8639855.979, 136
Trd, 8639857.012, 140
Trd, 8639857.579, 139
Trd, 8639857.612, 69
Trd, 8639858.512, 140
Trd, 8639858.546, 139
Trd, 8639860.546, 60
Trd, 8639860.579, 60
Trd, 8639860.779, 60
Trd, 8639860.979, 60
Trd, 8639861.079, 61
Trd, 8639861.546, 60
Trd, 8639862.012, 61
Trd, 8639862.279, 61
Trd, 8639862.912, 60
Trd, 8639863.846, 60
Trd, 8639863.946, 61
Trd, 8639864.279, 62
Trd, 8639864.512, 66
Trd, 8639864.979, 62
Trd, 8639865.379, 62
Trd, 8639865.446, 61
Trd, 8639865.546, 69
Trd, 8639866.146, 61
Trd, 8639866.479, 92
Trd, 8639866.679, 139
Trd, 8639867.079, 105
Trd, 8639867.212, 84
Trd, 8639868.979, 60
Trd, 8639870.646, 60
Trd, 8639870.779, 60
Trd, 8639870.946, 60
Trd, 8639871.112, 62
Trd, 8639871.546, 61
Trd, 8639871.679, 62
Trd, 8639872.246, 61
Trd, 8639873.546, 61
Trd, 8639873.612, 63
Trd, 8639873.812, 63
Trd, 8639873.846, 66
Trd, 8639874.312, 60
Trd, 8639874.679, 60
Trd, 8639875.712, 60
Trd, 8639875.779, 62
Trd, 8639876.479, 61
Trd, 8639876.512, 62
Trd, 8639876.846, 63
Trd, 8639877.212, 65
Trd, 8639877.246, 137
Trd, 8639877.379, 63
Trd, 8639878.246, 140
Trd, 8639878.312, 140
Trd, 8639878.412, 140
Trd, 8639878.879, 62
Trd, 8639879.779, 60
Trd, 8639879.846, 63
Trd, 8639879.979, 64
Trd, 8639880.812, 60
Trd, 8639881.146, 60
Trd, 8639881.579, 62
Trd, 8639882.146, 60
Trd, 8639882.879, 60
Trd, 8639883.112, 61
Trd, 8639884.112, 60
Trd, 8639885.046, 60
Trd, 8639885.579, 60
Trd, 8639885.979, 62
Trd, 8639886.112, 63
Trd, 8639886.212, 62
Trd, 8639886.612, 62
Trd, 8639887.112, 65
Trd, 8639887.346, 65
Trd, 8639887.512, 66
Trd, 8639887.779, 63
Trd, 8639887.979, 62
Trd, 8639888.412, 63
Trd, 8639888.546, 70
Trd, 8639889.146, 68
Trd, 8639889.846, 61
Trd, 8639890.146, 67
Trd, 8639890.312, 139
Trd, 8639891.912, 60
Trd, 8639892.079, 62
Trd, 8639892.546, 61
Trd, 8639892.679, 67
Trd, 8639892.946, 64
Trd, 8639893.346, 62
Trd, 8639894.012, 63
Trd, 8639894.679, 60
Trd, 8639894.712, 63
Trd, 8639895.046, 60
Trd, 8639895.812, 63
Trd, 8639896.479, 61
Trd, 8639896.946, 63
Trd, 8639897.079, 67
Trd, 8639897.646, 61
Trd, 8639898.179, 61
Trd, 8639898.379, 61
Trd, 8639898.646, 66
Trd, 8639898.679, 61
Trd, 8639899.246, 61
Trd, 8639899.279, 63
Trd, 8639899.846, 61
Trd, 8639900.046, 60
Trd, 8639900.379, 85
Trd, 8639900.979, 71
Trd, 8639901.279, 63
Trd, 8639902.146, 62
Trd, 8639902.312, 138
Trd, 8639902.746, 61
Trd, 8639903.012, 61
Trd, 8639903.446, 70
Trd, 8639903.612, 69
Trd, 8639903.679, 112
Trd, 8639904.979, 60
Trd, 8639905.412, 137
Trd, 8639906.446, 60
Trd, 8639907.179, 61
Trd, 8639907.546, 60
Trd, 8639907.846, 60
Trd, 8639908.112, 60
Trd, 8639908.479, 64
Trd, 8639908.812, 64
Trd, 8639909.012, 69
Trd, 8639909.279, 62
Trd, 8639910.412, 60
Trd, 8639911.379, 61
Trd, 8639911.479, 61
Trd, 8639911.846, 61
Trd, 8639912.246, 63
Trd, 8639912.546, 60
Trd, 8639912.646, 93
Trd, 8639913.112, 61
Trd, 8639913.379, 63
Trd, 8639913.579, 62
Trd, 8639913.746, 60
Trd, 8639914.179, 140
Trd, 8639914.446, 140
Trd, 8639914.979, 139
Trd, 8639915.379, 139
Trd, 8639915.946, 140
Trd, 8639916.446, 96
Trd, 8639916.612, 80
Trd, 8639916.946, 116
Trd, 8639917.446, 140
Trd, 8639917.512, 139
Trd, 8639917.712, 138
Trd, 8639917.746, 115
Trd, 8639918.079, 140
Trd, 8639919.612, 140
Trd, 8639920.012, 138
Trd, 8639920.479, 74
Trd, 8639920.546, 70
Trd, 8639920.712, 140
Trd, 8639920.812, 138
Trd, 8639920.879, 69
Trd, 8639921.846, 66
Trd, 8639922.479, 64
Trd, 8639922.579, 63
Trd, 8639922.679, 63
Trd, 8639922.812, 64
Trd, 8639923.146, 132
Trd, 8639923.646, 140
Trd, 8639923.946, 136
Trd, 8639924.079, 138
Trd, 8639924.412, 137
Trd, 8639925.646, 68
Trd, 8639926.379, 70
Trd, 8639926.679, 140
Trd, 8639926.712, 139
Trd, 8639926.946, 60
Trd, 8639927.012, 60
Trd, 8639927.446, 60
Trd, 8639927.912, 61
Trd, 8639928.012, 62
Trd, 8639928.346, 64
Trd, 8639929.279, 62
Trd, 8639929.346, 63
Trd, 8639929.546, 60
Trd, 8639930.079, 64
Trd, 8639931.879, 60
Trd, 8639931.946, 60
Trd, 8639933.279, 60
Trd, 8639933.346, 60
Trd, 8639933.446, 60
Trd, 8639934.079, 60
Trd, 8639935.179, 61
Trd, 8639935.512, 62
Trd, 8639935.812, 60
Trd, 8639936.379, 60
Trd, 8639936.412, 63
Trd, 8639936.479, 63
Trd, 8639937.512, 60
Trd, 8639937.546, 60
Trd, 8639937.946, 61
Trd, 8639938.079, 61
Trd, 8639938.579, 65
Trd, 8639938.879, 66
Trd, 8639938.912, 64
Trd, 8639939.612, 94
Trd, 8639939.746, 63
Trd, 8639940.412, 62
Trd, 8639941.112, 61
Trd, 8639941.446, 61
Trd, 8639941.612, 61
Trd, 8639942.512, 60
Trd, 8639943.012, 60
Trd, 8639943.246, 61
Trd, 8639943.479, 62
Trd, 8639944.112, 63
Trd, 8639945.746, 60
Trd, 8639945.779, 61
Trd, 8639945.979, 60
Trd, 8639946.179, 62
Trd, 8639946.312, 61
Trd, 8639946.579, 61
Trd, 8639946.879, 60
Trd, 8639947.512, 61
Trd, 8639947.912, 64
Trd, 8639948.146, 63
Trd, 8639948.212, 64
Trd, 8639948.446, 74
Trd, 8639948.579, 119
Trd, 8639948.979, 137
Trd, 8639949.212, 63
Trd, 8639949.279, 78
Trd, 8639950.012, 60
Trd, 8639951.212, 60
Trd, 8639951.479, 61
Trd, 8639951.846, 61
Trd, 8639952.712, 60
Trd, 8639953.412, 63
Trd, 8639953.446, 62
Trd, 8639953.512, 64
Trd, 8639953.646, 66
Trd, 8639953.879, 69
Trd, 8639954.012, 62
Trd, 8639954.912, 60
Trd, 8639955.179, 63
Trd, 8639955.212, 65
Trd, 8639955.512, 60
Trd, 8639956.246, 60
Trd, 8639956.312, 66
Trd, 8639956.512, 60
Trd, 8639957.646, 60
Trd, 8639958.379, 67
Trd, 8639958.712, 60
Trd, 8639959.179, 61
Trd, 8639959.446, 61
Trd, 8639960.679, 60
Trd, 8639960.846, 60
Trd, 8639961.046, 62
Trd, 8639961.512, 64
Trd, 8639961.779, 60
Trd, 8639962.979, 60
Trd, 8639963.312, 62
Trd, 8639963.546, 63
Trd, 8639963.579, 63
Trd, 8639964.012, 61
Trd, 8639964.179, 64
Trd, 8639964.746, 64
Trd, 8639964.879, 81
Trd, 8639965.079, 63
Trd, 8639965.412, 65
Trd, 8639965.712, 140
Trd, 8639966.212, 140
Trd, 8639966.446, 140
Trd, 8639967.379, 140
Trd, 8639967.812, 140
Trd, 8639968.312, 140
Trd, 8639968.346, 140
Trd, 8639968.712, 140
Trd, 8639969.612, 140
Trd, 8639969.679, 140
Trd, 8639969.779, 140
Trd, 8639969.912, 140
Trd, 8639970.412, 140
Trd, 8639970.646, 140
Trd, 8639970.712, 119
Trd, 8639971.079, 67
Trd, 8639971.546, 93
Trd, 8639972.479, 140
Trd, 8639972.646, 140
Trd, 8639972.746, 140
Trd, 8639972.812, 140
Trd, 8639972.912, 66
Trd, 8639974.079, 126
Trd, 8639974.346, 123
Trd, 8639974.912, 60
Trd, 8639975.079, 62
Trd, 8639975.379, 67
Trd, 8639976.246, 60
Trd, 8639977.012, 61
Trd, 8639977.779, 60
Trd, 8639978.512, 60
Trd, 8639978.612, 62
Trd, 8639978.946, 63
Trd, 8639979.512, 62
Trd, 8639980.279, 64
Trd, 8639981.279, 60
Trd, 8639982.079, 64
Trd, 8639982.112, 65
Trd, 8639982.312, 68
Trd, 8639982.712, 65
Trd, 8639982.812, 64
Trd, 8639982.879, 64
Trd, 8639982.979, 63
Trd, 8639983.146, 62
Trd, 8639983.812, 65
Trd, 8639984.146, 140
Trd, 8639984.546, 140
Trd, 8639984.812, 140
Trd, 8639985.179, 140
Trd, 8639985.912, 140
Trd, 8639986.512, 65
Trd, 8639987.279, 65
Trd, 8639987.346, 64
Trd, 8639987.679, 63
Trd, 8639987.946, 66
Trd, 8639988.179, 60
Trd, 8639988.679, 65
Trd, 8639990.246, 60
Trd, 8639990.446, 62
Trd, 8639991.012, 64
Trd, 8639991.112, 65
Trd, 8639991.646, 66
Trd, 8639992.046, 75
Trd, 8639992.079, 64
Trd, 8639992.212, 137
Trd, 8639992.379, 62
Trd, 8639992.579, 61
Trd, 8639993.846, 60
Trd, 8639994.079, 61
Trd, 8639994.679, 62
Trd, 8639994.712, 65
Trd, 8639994.946, 72
Trd, 8639995.179, 63
Trd, 8639995.579, 65
Trd, 8639995.779, 72
Trd, 8639996.346, 63
Trd, 8639996.479, 108
Trd, 8639997.179, 124
Trd, 8639997.712, 68
Trd, 8639998.079, 63
Trd, 8639998.246, 60
Trd, 8639999.079, 60
Trd, 8639999.446, 61
Trd, 8639999.646, 61
Trd, 8639999.846, 64
