Trd, 8638761.479, 135
Trd, 8638762.112, 136
Trd, 8638762.179, 135
Trd, 8638762.246, 134
Trd, 8638762.346, 116
Trd, 8638763.046, 140
Trd, 8638763.346, 140
Trd, 8638763.612, 139
Trd, 8638763.912, 66
Trd, 8638765.146, 140
Trd, 8638765.846, 140
Trd, 8638765.979, 140
Trd, 8638767.012, 140
Trd, 8638767.346, 140
Trd, 8638767.612, 140
Trd, 8638767.679, 140
Trd, 8638767.746, 139
Trd, 8638768.779, 140
Trd, 8638768.912, 140
Trd, 8638769.412, 140
Trd, 8638770.012, 140
Trd, 8638770.179, 140
Trd, 8638770.479, 140
Trd, 8638770.579, 135
Trd, 8638771.079, 121
Trd, 8638771.379, 140
Trd, 8638771.746, 140
Trd, 8638772.246, 139
Trd, 8638773.012, 140
Trd, 8638773.479, 137
Trd, 8638773.912, 134
Trd, 8638774.179, 96
Trd, 8638774.512, 91
Trd, 8638775.779, 60
Trd, 8638776.146, 60
Trd, 8638776.179, 60
Trd, 8638776.479, 62
Trd, 8638776.512, 108
Trd, 8638776.879, 60
Trd, 8638777.479, 65
Trd, 8638778.012, 140
Trd, 8638778.412, 64
Trd, 8638779.612, 140
Trd, 8638779.679, 140
Trd, 8638780.046, 140
Trd, 8638780.612, 140
Trd, 8638781.712, 140
Trd, 8638782.112, 140
Trd, 8638782.579, 140
Trd, 8638782.712, 140
Trd, 8638783.646, 140
Trd, 8638784.146, 140
Trd, 8638784.712, 140
Trd, 8638785.279, 140
Trd, 8638785.579, 140
Trd, 8638785.846, 140
Trd, 8638786.879, 140
Trd, 8638787.246, 140
Trd, 8638787.346, 140
Trd, 8638787.379, 140
Trd, 8638788.012, 140
Trd, 8638788.212, 140
Trd, 8638788.346, 139
Trd, 8638788.746, 139
Trd, 8638789.446, 139
Trd, 8638789.779, 140
Trd, 8638790.579, 140
Trd, 8638790.712, 140
Trd, 8638791.512, 140
Trd, 8638791.612, 140
Trd, 8638791.846, 140
Trd, 8638792.279, 139
Trd, 8638793.412, 140
Trd, 8638793.712, 140
Trd, 8638794.112, 140
Trd, 8638794.612, 140
Trd, 8638796.046, 140
Trd, 8638796.412, 140
Trd, 8638797.279, 140
Trd, 8638797.779, 140
Trd, 8638797.879, 140
Trd, 8638798.146, 140
Trd, 8638798.712, 140
Trd, 8638798.946, 140
Trd, 8638799.012, 140
Trd, 8638800.079, 140
Trd, 8638800.379, 140
Trd, 8638801.379, 140
Trd, 8638801.646, 140
Trd, 8638801.912, 140
Trd, 8638802.046, 140
Trd, 8638802.446, 140
Trd, 8638802.512, 140
Trd, 8638802.712, 140
Trd, 8638803.379, 140
Trd, 8638803.412, 140
Trd, 8638804.212, 140
Trd, 8638804.746, 140
Trd, 8638804.912, 140
Trd, 8638805.012, 139
Trd, 8638805.379, 140
Trd, 8638806.012, 124
Trd, 8638807.446, 140
Trd, 8638808.212, 140
Trd, 8638808.412, 140
Trd, 8638808.879, 140
Trd, 8638809.546, 140
Trd, 8638809.779, 140
Trd, 8638809.912, 140
Trd, 8638810.546, 140
Trd, 8638810.712, 140
Trd, 8638811.046, 140
Trd, 8638811.179, 140
Trd, 8638811.379, 135
Trd, 8638811.912, 127
Trd, 8638812.312, 128
Trd, 8638813.246, 139
Trd, 8638813.412, 140
Trd, 8638814.212, 140
Trd, 8638814.579, 139
Trd, 8638814.812, 139
Trd, 8638815.246, 140
Trd, 8638815.412, 138
Trd, 8638815.712, 138
Trd, 8638816.279, 104
Trd, 8638816.879, 137
Trd, 8638817.212, 61
Trd, 8638817.412, 60
Trd, 8638817.746, 60
Trd, 8638818.179, 60
Trd, 8638818.679, 61
Trd, 8638819.346, 64
Trd, 8638819.779, 65
Trd, 8638820.112, 66
Trd, 8638820.712, 66
Trd, 8638820.779, 65
Trd, 8638821.412, 140
Trd, 8638821.446, 140
Trd, 8638821.712, 140
Trd, 8638821.946, 140
Trd, 8638822.912, 140
Trd, 8638823.912, 140
Trd, 8638824.412, 140
Trd, 8638824.479, 140
Trd, 8638824.512, 140
Trd, 8638825.279, 140
Trd, 8638825.346, 140
Trd, 8638825.546, 139
Trd, 8638825.946, 136
Trd, 8638827.179, 140
Trd, 8638827.979, 140
Trd, 8638828.379, 140
Trd, 8638829.012, 140
Trd, 8638829.279, 140
Trd, 8638829.412, 140
Trd, 8638830.146, 140
Trd, 8638831.112, 140
Trd, 8638831.446, 140
Trd, 8638831.679, 140
Trd, 8638831.779, 140
Trd, 8638832.146, 140
Trd, 8638832.212, 140
Trd, 8638832.246, 80
Trd, 8638833.212, 140
Trd, 8638833.346, 139
Trd, 8638834.279, 140
Trd, 8638835.346, 140
Trd, 8638835.846, 140
Trd, 8638835.912, 140
Trd, 8638836.979, 140
Trd, 8638837.279, 140
Trd, 8638837.512, 140
Trd, 8638837.746, 140
Trd, 8638838.346, 140
Trd, 8638838.446, 140
Trd, 8638838.679, 140
Trd, 8638839.012, 139
Trd, 8638839.612, 140
Trd, 8638840.746, 140
Trd, 8638841.079, 140
Trd, 8638841.979, 140
Trd, 8638842.179, 140
Trd, 8638842.412, 140
Trd, 8638842.912, 140
Trd, 8638843.079, 140
Trd, 8638843.179, 140
Trd, 8638843.279, 140
Trd, 8638843.379, 139
Trd, 8638843.546, 140
Trd, 8638843.812, 111
Trd, 8638844.512, 74
Trd, 8638845.179, 61
Trd, 8638845.479, 67
Trd, 8638846.712, 60
Trd, 8638847.346, 60
Trd, 8638847.446, 60
Trd, 8638847.546, 60
Trd, 8638848.112, 61
Trd, 8638848.179, 66
Trd, 8638848.346, 68
Trd, 8638848.479, 65
Trd, 8638848.612, 99
Trd, 8638849.579, 140
Trd, 8638851.479, 140
Trd, 8638851.846, 140
Trd, 8638852.246, 140
Trd, 8638852.746, 140
Trd, 8638852.946, 140
Trd, 8638853.546, 140
Trd, 8638853.579, 140
Trd, 8638853.979, 140
Trd, 8638854.546, 140
Trd, 8638855.479, 140
Trd, 8638855.512, 140
Trd, 8638856.212, 140
Trd, 8638856.446, 140
Trd, 8638856.712, 140
Trd, 8638856.779, 140
Trd, 8638857.279, 140
Trd, 8638857.346, 139
Trd, 8638858.312, 140
Trd, 8638858.879, 138
Trd, 8638858.979, 139
Trd, 8638859.346, 114
Trd, 8638859.746, 113
Trd, 8638859.779, 103
Trd, 8638860.179, 136
Trd, 8638860.312, 140
Trd, 8638861.012, 137
Trd, 8638862.212, 60
Trd, 8638862.579, 140
Trd, 8638863.279, 140
Trd, 8638863.546, 140
Trd, 8638863.879, 140
Trd, 8638865.179, 140
Trd, 8638865.212, 140
Trd, 8638865.979, 140
Trd, 8638866.212, 140
Trd, 8638866.312, 139
Trd, 8638866.446, 140
Trd, 8638866.546, 95
Trd, 8638866.912, 65
Trd, 8638867.312, 66
Trd, 8638868.379, 63
Trd, 8638869.146, 132
Trd, 8638869.246, 132
Trd, 8638869.712, 132
Trd, 8638869.912, 101
Trd, 8638869.979, 133
Trd, 8638870.246, 138
Trd, 8638870.612, 140
Trd, 8638871.112, 140
Trd, 8638871.479, 140
Trd, 8638871.612, 139
Trd, 8638872.412, 140
Trd, 8638872.679, 140
Trd, 8638874.012, 140
Trd, 8638874.579, 140
Trd, 8638875.579, 140
Trd, 8638875.712, 140
Trd, 8638875.746, 139
Trd, 8638877.512, 140
Trd, 8638877.646, 140
Trd, 8638877.912, 140
Trd, 8638878.379, 140
Trd, 8638878.479, 140
Trd, 8638878.812, 140
Trd, 8638878.979, 140
Trd, 8638879.246, 140
Trd, 8638879.346, 139
Trd, 8638879.879, 139
Trd, 8638880.179, 136
Trd, 8638880.679, 140
Trd, 8638881.612, 140
Trd, 8638881.879, 140
Trd, 8638882.046, 140
Trd, 8638882.446, 140
Trd, 8638883.879, 140
Trd, 8638884.812, 140
Trd, 8638885.846, 140
Trd, 8638886.279, 140
Trd, 8638886.512, 140
Trd, 8638887.479, 140
Trd, 8638887.712, 140
Trd, 8638887.912, 140
Trd, 8638889.079, 140
Trd, 8638889.812, 140
Trd, 8638890.412, 140
Trd, 8638891.312, 140
Trd, 8638891.346, 140
Trd, 8638891.446, 140
Trd, 8638891.679, 140
Trd, 8638891.812, 140
Trd, 8638892.146, 140
Trd, 8638892.346, 140
Trd, 8638893.512, 140
Trd, 8638893.646, 140
Trd, 8638893.879, 140
Trd, 8638895.179, 140
Trd, 8638895.779, 140
Trd, 8638896.046, 140
Trd, 8638896.379, 140
Trd, 8638897.112, 140
Trd, 8638897.146, 140
Trd, 8638897.512, 140
Trd, 8638897.612, 140
Trd, 8638897.712, 139
Trd, 8638898.446, 140
Trd, 8638899.012, 140
Trd, 8638899.146, 138
Trd, 8638899.879, 140
Trd, 8638899.979, 139
Trd, 8638900.512, 140
Trd, 8638900.646, 139
Trd, 8638900.746, 138
Trd, 8638902.312, 139
Trd, 8638902.346, 137
Trd, 8638902.779, 61
Trd, 8638902.946, 140
Trd, 8638903.346, 77
Trd, 8638903.679, 140
Trd, 8638904.279, 140
Trd, 8638904.612, 140
Trd, 8638905.046, 140
Trd, 8638905.579, 140
Trd, 8638906.112, 139
Trd, 8638906.212, 140
Trd, 8638906.846, 140
Trd, 8638907.012, 140
Trd, 8638907.679, 140
Trd, 8638907.846, 140
Trd, 8638908.012, 140
Trd, 8638908.579, 90
Trd, 8638908.912, 91
Trd, 8638909.546, 138
Trd, 8638910.779, 140
Trd, 8638911.012, 140
Trd, 8638911.846, 108
Trd, 8638912.446, 140
Trd, 8638912.846, 140
Trd, 8638913.079, 140
Trd, 8638913.112, 140
Trd, 8638913.979, 140
Trd, 8638914.512, 140
Trd, 8638914.546, 140
Trd, 8638914.646, 135
Trd, 8638914.746, 61
Trd, 8638915.646, 138
Trd, 8638916.179, 140
Trd, 8638916.746, 136
Trd, 8638917.312, 140
Trd, 8638917.912, 140
Trd, 8638918.012, 140
Trd, 8638918.179, 140
Trd, 8638919.712, 140
Trd, 8638919.746, 140
Trd, 8638920.212, 140
Trd, 8638920.246, 140
Trd, 8638920.312, 140
Trd, 8638920.679, 140
Trd, 8638920.712, 140
Trd, 8638921.012, 140
Trd, 8638922.379, 140
Trd, 8638922.479, 140
Trd, 8638922.612, 140
Trd, 8638923.179, 140
Trd, 8638923.512, 140
Trd, 8638924.479, 140
Trd, 8638924.579, 140
Trd, 8638924.712, 140
Trd, 8638926.546, 140
Trd, 8638926.746, 140
Trd, 8638926.846, 140
Trd, 8638927.012, 140
Trd, 8638928.012, 140
Trd, 8638928.112, 140
Trd, 8638928.146, 140
Trd, 8638928.246, 140
Trd, 8638928.379, 139
Trd, 8638928.479, 138
Trd, 8638929.479, 60
Trd, 8638930.146, 66
Trd, 8638930.379, 66
Trd, 8638930.879, 67
Trd, 8638931.479, 69
Trd, 8638931.612, 139
Trd, 8638933.312, 60
Trd, 8638933.779, 60
Trd, 8638934.846, 60
Trd, 8638935.346, 66
Trd, 8638935.612, 61
Trd, 8638935.846, 60
Trd, 8638936.212, 61
Trd, 8638937.579, 62
Trd, 8638937.946, 63
Trd, 8638938.412, 66
Trd, 8638938.712, 66
Trd, 8638938.779, 65
Trd, 8638939.046, 67
Trd, 8638939.112, 68
Trd, 8638939.546, 69
Trd, 8638940.479, 140
Trd, 8638940.612, 140
Trd, 8638940.712, 140
Trd, 8638941.579, 140
Trd, 8638941.679, 140
Trd, 8638943.246, 60
Trd, 8638943.512, 60
Trd, 8638943.646, 61
Trd, 8638943.979, 140
Trd, 8638944.112, 140
Trd, 8638944.212, 140
Trd, 8638944.946, 140
Trd, 8638945.312, 140
Trd, 8638945.979, 140
Trd, 8638946.046, 140
Trd, 8638947.912, 140
Trd, 8638948.012, 140
Trd, 8638949.479, 140
Trd, 8638949.746, 140
Trd, 8638949.812, 140
Trd, 8638950.146, 140
Trd, 8638950.312, 140
Trd, 8638951.479, 140
Trd, 8638951.712, 140
Trd, 8638952.146, 140
Trd, 8638952.279, 140
Trd, 8638952.312, 139
Trd, 8638953.279, 140
Trd, 8638953.412, 140
Trd, 8638953.446, 138
Trd, 8638953.746, 122
Trd, 8638954.579, 87
Trd, 8638954.946, 84
Trd, 8638955.279, 140
Trd, 8638956.079, 140
Trd, 8638957.512, 140
Trd, 8638958.646, 140
Trd, 8638958.846, 140
Trd, 8638959.212, 140
Trd, 8638959.412, 140
Trd, 8638959.512, 140
Trd, 8638960.179, 140
Trd, 8638960.512, 140
Trd, 8638960.646, 140
Trd, 8638961.479, 140
Trd, 8638961.612, 140
Trd, 8638961.979, 140
Trd, 8638962.012, 140
Trd, 8638962.346, 140
Trd, 8638962.679, 139
Trd, 8638963.346, 140
Trd, 8638964.212, 84
Trd, 8638965.146, 140
Trd, 8638965.379, 140
Trd, 8638965.812, 140
Trd, 8638966.246, 140
Trd, 8638966.312, 140
Trd, 8638966.412, 139
Trd, 8638966.846, 140
Trd, 8638967.779, 139
Trd, 8638968.812, 140
Trd, 8638970.146, 140
Trd, 8638970.412, 140
Trd, 8638970.979, 140
Trd, 8638971.046, 140
Trd, 8638971.079, 140
Trd, 8638971.279, 140
Trd, 8638971.712, 140
Trd, 8638972.079, 140
Trd, 8638972.879, 140
Trd, 8638972.912, 140
Trd, 8638973.012, 139
Trd, 8638973.512, 73
Trd, 8638973.979, 114
Trd, 8638974.046, 121
Trd, 8638974.746, 66
Trd, 8638975.712, 140
Trd, 8638976.012, 140
Trd, 8638976.146, 140
Trd, 8638976.912, 140
Trd, 8638978.979, 140
Trd, 8638979.546, 140
Trd, 8638979.779, 140
Trd, 8638980.946, 140
Trd, 8638981.912, 140
Trd, 8638982.312, 140
Trd, 8638982.679, 140
Trd, 8638982.846, 140
Trd, 8638982.879, 140
Trd, 8638982.912, 140
Trd, 8638983.879, 140
Trd, 8638984.046, 140
Trd, 8638984.146, 140
Trd, 8638984.179, 140
Trd, 8638984.946, 139
Trd, 8638985.212, 140
Trd, 8638985.379, 140
Trd, 8638985.879, 140
Trd, 8638985.946, 137
Trd, 8638986.846, 137
Trd, 8638986.912, 139
Trd, 8638987.046, 137
Trd, 8638987.146, 80
Trd, 8638987.646, 139
Trd, 8638987.979, 60
Trd, 8638989.212, 65
Trd, 8638989.912, 67
Trd, 8638990.312, 67
Trd, 8638990.346, 68
Trd, 8638990.679, 60
Trd, 8638991.746, 61
Trd, 8638992.546, 64
Trd, 8638993.079, 63
Trd, 8638993.879, 60
Trd, 8638994.879, 60
Trd, 8638995.112, 62
Trd, 8638996.546, 61
Trd, 8638996.746, 60
Trd, 8638997.012, 61
Trd, 8638997.479, 61
Trd, 8638997.512, 64
Trd, 8638997.646, 65
Trd, 8638998.046, 62
Trd, 8638998.246, 68
Trd, 8638998.279, 62
Trd, 8638999.379, 140
Trd, 8638999.779, 140
Trd, 8639000.779, 140
Trd, 8639000.979, 140
Trd, 8639001.512, 140
Trd, 8639001.646, 140
Trd, 8639003.246, 140
Trd, 8639003.412, 140
Trd, 8639003.646, 140
Trd, 8639004.779, 140
Trd, 8639004.912, 140
Trd, 8639004.979, 140
Trd, 8639005.179, 140
Trd, 8639005.579, 140
Trd, 8639005.779, 140
Trd, 8639006.079, 140
Trd, 8639006.646, 140
Trd, 8639007.346, 140
Trd, 8639007.546, 140
Trd, 8639007.712, 140
Trd, 8639008.179, 140
Trd, 8639009.012, 140
Trd, 8639009.046, 140
Trd, 8639009.712, 139
Trd, 8639009.912, 139
Trd, 8639010.012, 140
Trd, 8639010.512, 140
Trd, 8639010.712, 139
Trd, 8639012.012, 140
Trd, 8639012.779, 140
Trd, 8639013.712, 140
Trd, 8639014.046, 140
Trd, 8639014.246, 140
Trd, 8639015.112, 140
Trd, 8639015.612, 140
Trd, 8639015.712, 140
Trd, 8639015.746, 140
Trd, 8639016.946, 140
Trd, 8639017.979, 140
Trd, 8639018.479, 140
Trd, 8639019.379, 140
Trd, 8639019.712, 140
Trd, 8639019.979, 140
Trd, 8639020.012, 140
Trd, 8639020.246, 140
Trd, 8639020.379, 139
Trd, 8639020.946, 140
Trd, 8639021.412, 140
Trd, 8639022.612, 140
Trd, 8639023.012, 140
Trd, 8639024.879, 140
Trd, 8639025.079, 140
Trd, 8639025.446, 140
Trd, 8639025.512, 140
Trd, 8639025.646, 140
Trd, 8639026.312, 140
Trd, 8639026.479, 140
Trd, 8639026.612, 140
Trd, 8639027.212, 140
Trd, 8639027.479, 140
Trd, 8639027.579, 140
Trd, 8639027.779, 140
Trd, 8639028.079, 140
Trd, 8639028.112, 140
Trd, 8639028.946, 140
Trd, 8639029.512, 140
Trd, 8639030.546, 140
Trd, 8639031.846, 140
Trd, 8639033.512, 140
Trd, 8639033.612, 140
Trd, 8639033.679, 140
Trd, 8639033.712, 140
Trd, 8639034.246, 140
Trd, 8639034.312, 140
Trd, 8639034.346, 139
Trd, 8639034.412, 139
Trd, 8639034.712, 140
Trd, 8639035.179, 140
Trd, 8639035.379, 139
Trd, 8639035.412, 138
Trd, 8639036.246, 140
Trd, 8639036.312, 97
Trd, 8639036.746, 96
Trd, 8639037.379, 60
Trd, 8639037.446, 60
Trd, 8639038.446, 140
Trd, 8639039.512, 140
Trd, 8639039.579, 140
Trd, 8639040.712, 140
Trd, 8639040.746, 140
Trd, 8639041.579, 140
Trd, 8639041.979, 140
Trd, 8639042.879, 140
Trd, 8639043.012, 140
Trd, 8639043.246, 139
Trd, 8639043.279, 139
Trd, 8639043.512, 133
Trd, 8639043.912, 134
Trd, 8639044.146, 134
Trd, 8639044.212, 132
Trd, 8639044.279, 136
Trd, 8639046.212, 139
Trd, 8639046.912, 108
Trd, 8639047.112, 140
Trd, 8639047.212, 103
Trd, 8639048.112, 140
Trd, 8639049.112, 140
Trd, 8639049.212, 139
Trd, 8639049.979, 139
Trd, 8639050.012, 87
Trd, 8639050.179, 76
Trd, 8639050.312, 131
Trd, 8639050.679, 66
Trd, 8639051.446, 140
Trd, 8639052.379, 140
Trd, 8639052.712, 140
Trd, 8639052.746, 140
Trd, 8639053.612, 140
Trd, 8639053.946, 140
Trd, 8639054.279, 140
Trd, 8639054.912, 140
Trd, 8639055.046, 140
Trd, 8639055.379, 140
Trd, 8639055.612, 140
Trd, 8639055.846, 140
Trd, 8639057.546, 140
Trd, 8639058.146, 140
Trd, 8639058.312, 140
Trd, 8639058.346, 140
Trd, 8639058.379, 140
Trd, 8639058.612, 140
Trd, 8639058.912, 140
Trd, 8639060.179, 140
Trd, 8639060.379, 140
Trd, 8639060.479, 140
Trd, 8639060.746, 140
Trd, 8639060.846, 140
Trd, 8639061.046, 140
Trd, 8639061.112, 140
Trd, 8639062.479, 140
Trd, 8639064.546, 140
Trd, 8639065.612, 140
Trd, 8639065.646, 140
Trd, 8639066.079, 140
Trd, 8639066.946, 140
Trd, 8639067.479, 140
Trd, 8639067.512, 140
Trd, 8639067.879, 140
Trd, 8639068.112, 140
Trd, 8639068.579, 140
Trd, 8639068.912, 140
Trd, 8639070.112, 140
Trd, 8639070.146, 140
Trd, 8639071.079, 140
Trd, 8639071.112, 140
Trd, 8639071.779, 140
Trd, 8639072.146, 140
Trd, 8639072.679, 140
Trd, 8639072.779, 138
Trd, 8639074.379, 140
Trd, 8639074.812, 140
Trd, 8639075.112, 140
Trd, 8639075.412, 140
Trd, 8639075.612, 140
Trd, 8639075.779, 140
Trd, 8639075.979, 140
Trd, 8639076.712, 140
Trd, 8639077.979, 140
Trd, 8639078.112, 140
Trd, 8639079.112, 140
Trd, 8639079.346, 140
Trd, 8639079.446, 140
Trd, 8639080.046, 140
Trd, 8639080.712, 140
Trd, 8639081.046, 140
Trd, 8639081.512, 140
Trd, 8639081.679, 139
Trd, 8639083.212, 140
Trd, 8639083.346, 140
Trd, 8639083.779, 140
Trd, 8639084.312, 140
Trd, 8639084.646, 139
Trd, 8639084.879, 139
Trd, 8639084.912, 138
Trd, 8639085.046, 139
Trd, 8639085.112, 135
Trd, 8639085.846, 139
Trd, 8639086.346, 140
Trd, 8639087.279, 140
Trd, 8639087.479, 140
Trd, 8639087.912, 140
Trd, 8639088.479, 78
Trd, 8639089.779, 63
Trd, 8639090.046, 64
Trd, 8639090.212, 69
Trd, 8639090.912, 66
Trd, 8639091.246, 107
Trd, 8639092.379, 61
Trd, 8639093.212, 62
Trd, 8639093.679, 60
Trd, 8639093.746, 60
Trd, 8639093.879, 60
Trd, 8639094.112, 62
Trd, 8639094.212, 60
Trd, 8639094.846, 60
Trd, 8639095.046, 64
Trd, 8639095.146, 65
Trd, 8639095.312, 60
Trd, 8639095.579, 71
Trd, 8639096.946, 63
Trd, 8639097.179, 81
Trd, 8639097.712, 67
Trd, 8639098.579, 67
Trd, 8639098.646, 68
Trd, 8639099.079, 61
Trd, 8639099.679, 120
Trd, 8639101.546, 140
Trd, 8639101.812, 140
Trd, 8639101.879, 140
Trd, 8639102.646, 140
Trd, 8639102.879, 140
Trd, 8639103.179, 140
Trd, 8639104.579, 140
Trd, 8639105.446, 140
Trd, 8639105.779, 140
Trd, 8639106.046, 140
Trd, 8639106.579, 140
Trd, 8639106.779, 140
Trd, 8639106.946, 140
Trd, 8639107.579, 140
Trd, 8639107.746, 140
Trd, 8639107.912, 140
Trd, 8639108.212, 140
Trd, 8639109.279, 140
Trd, 8639109.446, 140
Trd, 8639109.746, 140
Trd, 8639109.979, 132
Trd, 8639110.346, 139
Trd, 8639110.479, 73
Trd, 8639110.712, 60
Trd, 8639110.912, 139
Trd, 8639112.012, 60
Trd, 8639113.612, 60
Trd, 8639114.812, 60
Trd, 8639115.046, 60
Trd, 8639115.479, 60
Trd, 8639115.946, 60
Trd, 8639116.079, 60
Trd, 8639116.479, 61
Trd, 8639117.046, 62
Trd, 8639117.346, 61
Trd, 8639118.146, 60
Trd, 8639118.412, 61
Trd, 8639118.879, 63
Trd, 8639119.046, 63
Trd, 8639119.212, 64
Trd, 8639120.612, 61
Trd, 8639120.646, 62
Trd, 8639120.746, 60
Trd, 8639121.579, 64
Trd, 8639123.146, 60
Trd, 8639123.646, 60
Trd, 8639123.679, 61
Trd, 8639124.112, 61
Trd, 8639124.246, 61
Trd, 8639124.612, 60
Trd, 8639124.746, 68
Trd, 8639125.279, 71
Trd, 8639125.379, 132
Trd, 8639126.679, 60
Trd, 8639127.312, 60
Trd, 8639127.946, 60
Trd, 8639128.046, 60
Trd, 8639128.312, 61
Trd, 8639128.546, 61
Trd, 8639129.012, 61
Trd, 8639129.379, 63
Trd, 8639129.446, 63
Trd, 8639130.112, 60
Trd, 8639131.246, 60
Trd, 8639132.112, 60
Trd, 8639132.612, 60
Trd, 8639132.646, 60
Trd, 8639132.912, 62
Trd, 8639133.312, 61
Trd, 8639133.812, 140
Trd, 8639134.179, 140
Trd, 8639134.412, 140
Trd, 8639134.446, 140
Trd, 8639134.946, 140
Trd, 8639135.046, 140
Trd, 8639135.379, 140
Trd, 8639136.646, 140
Trd, 8639136.679, 140
Trd, 8639137.279, 140
Trd, 8639138.712, 140
Trd, 8639139.779, 140
Trd, 8639139.946, 140
Trd, 8639140.046, 140
Trd, 8639140.112, 140
Trd, 8639140.912, 140
Trd, 8639140.979, 140
Trd, 8639142.312, 140
Trd, 8639143.112, 140
Trd, 8639143.479, 140
Trd, 8639143.546, 140
Trd, 8639143.679, 140
Trd, 8639143.779, 139
Trd, 8639143.946, 139
Trd, 8639144.679, 140
Trd, 8639145.612, 140
Trd, 8639145.746, 140
Trd, 8639147.546, 140
Trd, 8639147.879, 140
Trd, 8639148.112, 140
Trd, 8639148.512, 140
Trd, 8639149.246, 140
Trd, 8639149.279, 140
Trd, 8639149.546, 140
Trd, 8639149.746, 140
Trd, 8639150.112, 140
Trd, 8639150.746, 139
Trd, 8639151.712, 140
Trd, 8639152.079, 140
Trd, 8639152.479, 140
Trd, 8639152.512, 140
Trd, 8639154.146, 140
Trd, 8639155.612, 140
Trd, 8639155.712, 140
Trd, 8639156.746, 140
Trd, 8639156.912, 140
Trd, 8639157.079, 140
Trd, 8639157.579, 140
Trd, 8639158.212, 140
Trd, 8639159.412, 140
Trd, 8639159.546, 140
Trd, 8639159.979, 140
Trd, 8639160.179, 140
Trd, 8639161.112, 140
Trd, 8639161.446, 140
Trd, 8639161.546, 140
Trd, 8639162.079, 140
Trd, 8639162.279, 140
Trd, 8639162.346, 140
Trd, 8639162.679, 140
Trd, 8639162.912, 140
Trd, 8639163.412, 140
Trd, 8639163.812, 140
Trd, 8639164.112, 140
Trd, 8639164.912, 140
Trd, 8639165.279, 139
Trd, 8639166.946, 140
Trd, 8639167.446, 140
Trd, 8639167.512, 140
Trd, 8639167.546, 140
Trd, 8639168.046, 139
Trd, 8639168.212, 140
Trd, 8639168.746, 140
Trd, 8639170.046, 140
Trd, 8639170.179, 140
Trd, 8639170.246, 139
Trd, 8639170.412, 138
Trd, 8639170.546, 111
Trd, 8639171.346, 138
Trd, 8639172.379, 79
Trd, 8639172.546, 130
Trd, 8639173.046, 131
Trd, 8639173.179, 133
Trd, 8639173.212, 66
Trd, 8639174.079, 140
Trd, 8639174.212, 140
Trd, 8639174.246, 140
Trd, 8639174.579, 140
Trd, 8639176.012, 140
Trd, 8639176.446, 140
Trd, 8639176.979, 140
Trd, 8639177.346, 140
Trd, 8639177.512, 140
Trd, 8639177.646, 140
Trd, 8639178.579, 140
Trd, 8639180.012, 140
Trd, 8639181.146, 140
Trd, 8639181.179, 140
Trd, 8639181.446, 140
Trd, 8639181.479, 140
Trd, 8639181.612, 140
Trd, 8639182.312, 140
Trd, 8639183.112, 140
Trd, 8639183.212, 140
Trd, 8639183.879, 140
Trd, 8639184.212, 140
Trd, 8639184.412, 140
Trd, 8639184.679, 140
Trd, 8639184.846, 140
Trd, 8639185.579, 140
Trd, 8639185.712, 140
Trd, 8639186.046, 140
Trd, 8639187.012, 140
Trd, 8639188.079, 140
Trd, 8639188.646, 140
Trd, 8639188.746, 140
Trd, 8639190.046, 140
Trd, 8639190.379, 140
Trd, 8639190.479, 140
Trd, 8639190.579, 140
Trd, 8639190.812, 140
Trd, 8639191.246, 140
Trd, 8639191.646, 139
Trd, 8639191.846, 140
Trd, 8639192.212, 137
Trd, 8639192.546, 94
Trd, 8639192.612, 136
Trd, 8639193.046, 92
Trd, 8639193.312, 99
Trd, 8639193.379, 140
Trd, 8639193.912, 140
Trd, 8639194.746, 140
Trd, 8639194.912, 60
Trd, 8639195.346, 140
Trd, 8639195.612, 139
Trd, 8639195.812, 139
Trd, 8639196.646, 140
Trd, 8639198.379, 140
Trd, 8639198.446, 140
Trd, 8639198.646, 140
Trd, 8639199.212, 140
Trd, 8639199.412, 140
Trd, 8639199.846, 138
Trd, 8639200.379, 140
Trd, 8639200.579, 139
Trd, 8639201.012, 139
Trd, 8639201.046, 140
Trd, 8639202.079, 140
Trd, 8639202.512, 140
Trd, 8639203.712, 140
Trd, 8639203.879, 140
Trd, 8639204.012, 140
Trd, 8639204.246, 140
Trd, 8639205.446, 140
Trd, 8639205.512, 140
Trd, 8639205.579, 140
Trd, 8639205.646, 139
Trd, 8639206.779, 140
Trd, 8639207.379, 140
Trd, 8639207.579, 140
Trd, 8639207.912, 140
Trd, 8639209.412, 140
Trd, 8639210.246, 140
Trd, 8639210.479, 140
Trd, 8639210.646, 140
Trd, 8639211.379, 140
Trd, 8639212.279, 140
Trd, 8639212.912, 140
Trd, 8639213.112, 140
Trd, 8639213.379, 140
Trd, 8639213.446, 140
Trd, 8639213.579, 140
Trd, 8639213.746, 139
Trd, 8639214.612, 140
Trd, 8639214.912, 140
Trd, 8639215.512, 140
Trd, 8639215.646, 140
Trd, 8639217.612, 140
Trd, 8639217.879, 140
Trd, 8639219.212, 140
Trd, 8639219.312, 140
Trd, 8639219.512, 140
Trd, 8639219.846, 140
Trd, 8639220.046, 140
Trd, 8639220.279, 140
Trd, 8639220.579, 140
Trd, 8639221.246, 140
Trd, 8639221.346, 140
Trd, 8639222.279, 140
Trd, 8639222.912, 140
Trd, 8639223.012, 140
Trd, 8639223.279, 140
Trd, 8639223.512, 140
Trd, 8639225.079, 140
Trd, 8639225.412, 140
Trd, 8639225.779, 140
Trd, 8639226.079, 139
Trd, 8639226.279, 139
Trd, 8639226.412, 140
Trd, 8639226.646, 139
Trd, 8639226.712, 140
Trd, 8639227.312, 138
Trd, 8639227.446, 139
Trd, 8639227.646, 140
Trd, 8639229.879, 140
Trd, 8639230.279, 140
Trd, 8639230.679, 140
Trd, 8639230.779, 140
Trd, 8639231.979, 140
Trd, 8639232.312, 140
Trd, 8639233.712, 140
Trd, 8639234.812, 140
Trd, 8639235.412, 140
Trd, 8639236.512, 140
Trd, 8639236.746, 140
Trd, 8639237.279, 140
Trd, 8639237.346, 140
Trd, 8639237.646, 139
Trd, 8639237.812, 139
Trd, 8639238.979, 140
Trd, 8639239.146, 140
Trd, 8639239.712, 140
Trd, 8639240.079, 140
Trd, 8639240.612, 140
Trd, 8639240.646, 140
Trd, 8639240.679, 140
Trd, 8639240.879, 139
Trd, 8639241.412, 137
Trd, 8639241.479, 135
Trd, 8639242.712, 140
Trd, 8639243.012, 140
Trd, 8639243.712, 140
Trd, 8639244.612, 140
Trd, 8639244.779, 140
Trd, 8639245.179, 140
Trd, 8639245.612, 140
Trd, 8639246.079, 140
Trd, 8639246.379, 140
Trd, 8639247.412, 140
Trd, 8639247.446, 140
Trd, 8639247.979, 140
Trd, 8639248.579, 140
Trd, 8639248.812, 140
Trd, 8639249.412, 140
Trd, 8639250.012, 140
Trd, 8639250.146, 140
Trd, 8639251.012, 140
Trd, 8639251.079, 140
Trd, 8639251.346, 140
Trd, 8639251.412, 140
Trd, 8639251.879, 140
Trd, 8639252.112, 139
Trd, 8639253.579, 140
Trd, 8639254.512, 140
Trd, 8639254.546, 140
Trd, 8639255.012, 140
Trd, 8639255.646, 140
Trd, 8639256.479, 140
Trd, 8639256.546, 140
Trd, 8639256.979, 140
Trd, 8639257.012, 140
Trd, 8639257.512, 140
Trd, 8639257.812, 140
Trd, 8639257.879, 140
Trd, 8639258.579, 140
Trd, 8639258.979, 140
Trd, 8639259.046, 140
Trd, 8639259.712, 139
Trd, 8639259.946, 137
Trd, 8639260.512, 138
Trd, 8639260.646, 87
Trd, 8639261.079, 138
Trd, 8639261.379, 66
Trd, 8639261.479, 63
Trd, 8639261.812, 130
Trd, 8639262.179, 63
Trd, 8639262.712, 101
Trd, 8639265.546, 60
Trd, 8639266.312, 60
Trd, 8639266.379, 60
Trd, 8639267.012, 61
Trd, 8639267.279, 61
Trd, 8639267.579, 60
Trd, 8639268.012, 76
Trd, 8639268.079, 60
Trd, 8639268.479, 127
Trd, 8639268.812, 61
Trd, 8639269.646, 140
Trd, 8639270.212, 138
Trd, 8639270.612, 61
Trd, 8639270.879, 138
Trd, 8639271.546, 63
Trd, 8639271.646, 62
Trd, 8639272.079, 63
Trd, 8639272.579, 64
Trd, 8639272.779, 126
Trd, 8639273.312, 138
Trd, 8639273.412, 60
Trd, 8639274.179, 62
Trd, 8639274.846, 62
Trd, 8639274.879, 63
Trd, 8639275.146, 61
Trd, 8639276.379, 61
Trd, 8639277.012, 136
Trd, 8639277.946, 140
Trd, 8639278.946, 140
Trd, 8639279.312, 140
Trd, 8639279.546, 140
Trd, 8639280.079, 140
Trd, 8639280.146, 140
Trd, 8639280.546, 140
Trd, 8639280.946, 140
Trd, 8639281.412, 140
Trd, 8639281.546, 137
Trd, 8639281.779, 138
Trd, 8639282.912, 140
Trd, 8639284.079, 62
Trd, 8639284.146, 63
Trd, 8639284.179, 64
Trd, 8639285.179, 61
Trd, 8639286.112, 60
Trd, 8639286.279, 62
Trd, 8639286.312, 68
Trd, 8639288.046, 60
Trd, 8639288.179, 69
Trd, 8639288.246, 71
Trd, 8639288.612, 60
Trd, 8639290.146, 65
Trd, 8639290.246, 61
Trd, 8639290.579, 62
Trd, 8639290.646, 63
Trd, 8639290.779, 74
Trd, 8639291.112, 139
Trd, 8639291.679, 140
Trd, 8639291.946, 140
Trd, 8639292.179, 140
Trd, 8639292.346, 140
Trd, 8639294.046, 140
Trd, 8639294.379, 140
Trd, 8639295.012, 140
Trd, 8639295.779, 140
Trd, 8639295.812, 140
Trd, 8639296.646, 140
Trd, 8639296.912, 140
Trd, 8639297.512, 140
Trd, 8639298.046, 140
Trd, 8639298.079, 140
Trd, 8639298.812, 140
Trd, 8639299.279, 140
Trd, 8639299.312, 140
Trd, 8639299.579, 140
Trd, 8639300.812, 140
Trd, 8639300.979, 140
Trd, 8639301.079, 140
Trd, 8639301.712, 140
Trd, 8639301.746, 140
Trd, 8639302.012, 140
Trd, 8639303.146, 140
Trd, 8639303.312, 140
Trd, 8639303.679, 140
Trd, 8639303.812, 140
Trd, 8639304.212, 140
Trd, 8639304.312, 140
Trd, 8639305.779, 140
Trd, 8639306.079, 140
Trd, 8639306.479, 140
Trd, 8639307.279, 140
Trd, 8639307.879, 140
Trd, 8639308.512, 140
Trd, 8639308.979, 140
Trd, 8639309.979, 140
Trd, 8639310.612, 140
Trd, 8639310.779, 140
Trd, 8639311.379, 140
Trd, 8639312.079, 140
Trd, 8639312.512, 140
Trd, 8639313.679, 140
Trd, 8639313.946, 140
Trd, 8639314.212, 140
Trd, 8639314.279, 139
Trd, 8639314.912, 140
Trd, 8639315.879, 140
Trd, 8639316.179, 140
Trd, 8639317.312, 140
Trd, 8639317.412, 140
Trd, 8639317.512, 140
Trd, 8639317.712, 140
Trd, 8639318.079, 140
Trd, 8639319.412, 140
Trd, 8639320.412, 140
Trd, 8639320.912, 140
Trd, 8639320.946, 140
Trd, 8639321.779, 140
Trd, 8639322.212, 140
Trd, 8639324.046, 140
Trd, 8639324.446, 140
Trd, 8639324.912, 140
Trd, 8639324.979, 140
Trd, 8639327.212, 140
Trd, 8639327.612, 140
Trd, 8639328.079, 140
Trd, 8639328.112, 140
Trd, 8639328.512, 140
Trd, 8639328.546, 140
Trd, 8639328.646, 140
Trd, 8639330.012, 140
Trd, 8639330.212, 140
Trd, 8639331.079, 140
Trd, 8639331.246, 140
Trd, 8639331.312, 140
Trd, 8639331.479, 140
Trd, 8639334.246, 140
Trd, 8639334.612, 140
Trd, 8639334.912, 140
Trd, 8639334.979, 140
Trd, 8639335.446, 140
Trd, 8639335.746, 140
Trd, 8639335.912, 140
Trd, 8639335.946, 140
Trd, 8639336.879, 140
Trd, 8639337.746, 140
Trd, 8639338.979, 140
Trd, 8639339.179, 140
Trd, 8639339.212, 140
Trd, 8639339.279, 140
Trd, 8639340.079, 140
Trd, 8639340.279, 140
Trd, 8639341.379, 140
Trd, 8639341.479, 140
Trd, 8639342.046, 140
Trd, 8639342.112, 140
Trd, 8639342.679, 140
Trd, 8639343.079, 140
Trd, 8639343.179, 96
Trd, 8639344.346, 140
Trd, 8639344.746, 140
Trd, 8639345.612, 140
Trd, 8639345.712, 140
Trd, 8639346.012, 140
Trd, 8639346.212, 140
Trd, 8639346.479, 140
Trd, 8639346.879, 140
Trd, 8639346.912, 139
Trd, 8639347.412, 140
Trd, 8639347.579, 133
Trd, 8639347.812, 138
Trd, 8639347.846, 133
Trd, 8639349.379, 137
Trd, 8639349.412, 136
Trd, 8639349.579, 63
Trd, 8639350.279, 113
Trd, 8639350.812, 140
Trd, 8639351.379, 140
Trd, 8639351.946, 140
Trd, 8639352.112, 140
Trd, 8639352.246, 139
Trd, 8639353.312, 140
Trd, 8639353.746, 139
Trd, 8639354.412, 137
Trd, 8639355.012, 139
Trd, 8639355.379, 140
Trd, 8639356.112, 140
Trd, 8639356.912, 140
Trd, 8639357.246, 140
Trd, 8639357.512, 140
Trd, 8639357.746, 140
Trd, 8639359.712, 140
Trd, 8639359.912, 140
Trd, 8639360.812, 140
Trd, 8639361.046, 140
Trd, 8639361.279, 140
Trd, 8639361.546, 140
Trd, 8639362.012, 140
Trd, 8639362.346, 140
Trd, 8639363.646, 140
Trd, 8639363.712, 140
Trd, 8639364.712, 140
Trd, 8639364.779, 140
Trd, 8639364.812, 140
Trd, 8639364.979, 140
Trd, 8639365.179, 140
Trd, 8639366.446, 140
Trd, 8639366.812, 140
Trd, 8639367.046, 140
Trd, 8639368.546, 140
Trd, 8639368.979, 140
Trd, 8639369.879, 140
Trd, 8639369.979, 140
Trd, 8639370.312, 140
Trd, 8639371.212, 140
Trd, 8639371.246, 140
Trd, 8639371.412, 140
Trd, 8639371.546, 140
Trd, 8639372.079, 140
Trd, 8639372.312, 140
Trd, 8639372.979, 140
Trd, 8639373.346, 140
Trd, 8639373.546, 140
Trd, 8639374.112, 140
Trd, 8639374.779, 140
Trd, 8639375.146, 140
Trd, 8639377.479, 140
Trd, 8639377.512, 140
Trd, 8639378.046, 140
Trd, 8639378.212, 140
Trd, 8639378.379, 140
Trd, 8639379.412, 140
Trd, 8639379.612, 140
Trd, 8639379.979, 140
Trd, 8639380.079, 140
Trd, 8639380.279, 140
Trd, 8639380.712, 140
Trd, 8639381.546, 140
Trd, 8639382.046, 140
Trd, 8639383.546, 140
Trd, 8639383.579, 140
Trd, 8639383.979, 140
Trd, 8639385.046, 140
Trd, 8639385.079, 140
Trd, 8639385.379, 140
Trd, 8639385.446, 140
Trd, 8639385.512, 140
Trd, 8639386.179, 140
Trd, 8639386.679, 140
Trd, 8639387.879, 140
Trd, 8639388.146, 140
Trd, 8639388.246, 140
Trd, 8639388.746, 140
Trd, 8639388.846, 140
Trd, 8639389.712, 140
Trd, 8639390.046, 140
Trd, 8639390.412, 140
Trd, 8639390.546, 140
Trd, 8639391.712, 140
Trd, 8639391.846, 140
Trd, 8639392.779, 140
Trd, 8639393.212, 140
Trd, 8639393.979, 140
Trd, 8639394.146, 140
Trd, 8639394.979, 140
Trd, 8639395.412, 140
Trd, 8639396.246, 140
Trd, 8639396.379, 140
Trd, 8639397.479, 140
Trd, 8639397.812, 140
Trd, 8639398.446, 140
Trd, 8639399.212, 140
Trd, 8639400.546, 140
Trd, 8639401.146, 140
Trd, 8639401.179, 140
Trd, 8639401.946, 140
Trd, 8639402.679, 140
Trd, 8639403.046, 140
Trd, 8639403.346, 140
Trd, 8639403.546, 140
Trd, 8639404.079, 140
Trd, 8639404.312, 140
Trd, 8639404.712, 140
Trd, 8639405.112, 140
Trd, 8639405.279, 140
Trd, 8639405.512, 140
Trd, 8639405.746, 140
Trd, 8639405.912, 140
Trd, 8639406.079, 84
Trd, 8639407.912, 140
Trd, 8639407.979, 140
Trd, 8639408.112, 140
Trd, 8639409.379, 140
Trd, 8639409.712, 140
Trd, 8639409.879, 140
Trd, 8639410.146, 140
Trd, 8639410.379, 140
Trd, 8639411.446, 140
Trd, 8639411.879, 140
Trd, 8639412.212, 140
Trd, 8639412.579, 140
Trd, 8639412.612, 140
Trd, 8639412.712, 140
Trd, 8639412.812, 140
Trd, 8639413.246, 140
Trd, 8639413.579, 140
Trd, 8639413.679, 139
Trd, 8639414.312, 108
Trd, 8639414.612, 140
Trd, 8639414.846, 140
Trd, 8639415.446, 140
Trd, 8639416.712, 140
Trd, 8639417.479, 140
Trd, 8639417.879, 140
Trd, 8639418.146, 139
Trd, 8639418.979, 140
Trd, 8639419.546, 140
Trd, 8639419.712, 140
Trd, 8639419.812, 140
Trd, 8639420.712, 140
Trd, 8639421.079, 140
Trd, 8639421.279, 140
Trd, 8639421.412, 140
Trd, 8639421.479, 139
Trd, 8639421.646, 121
Trd, 8639423.146, 139
Trd, 8639423.646, 140
Trd, 8639423.879, 140
Trd, 8639424.712, 140
Trd, 8639424.946, 140
Trd, 8639425.446, 140
Trd, 8639426.279, 140
Trd, 8639426.646, 140
Trd, 8639427.379, 140
Trd, 8639428.146, 139
Trd, 8639429.012, 140
Trd, 8639430.779, 140
Trd, 8639431.212, 140
Trd, 8639431.279, 140
Trd, 8639431.479, 140
Trd, 8639431.646, 140
Trd, 8639431.879, 140
Trd, 8639432.146, 140
Trd, 8639432.512, 140
Trd, 8639433.479, 140
Trd, 8639433.546, 140
Trd, 8639434.312, 140
Trd, 8639434.879, 139
Trd, 8639435.512, 140
Trd, 8639435.546, 140
Trd, 8639435.646, 138
Trd, 8639436.079, 71
Trd, 8639436.712, 60
Trd, 8639436.846, 62
Trd, 8639437.279, 62
Trd, 8639437.446, 65
Trd, 8639437.712, 131
Trd, 8639439.279, 60
Trd, 8639440.446, 60
Trd, 8639440.546, 60
Trd, 8639441.046, 60
Trd, 8639441.379, 60
Trd, 8639441.612, 60
Trd, 8639442.312, 61
Trd, 8639442.346, 69
Trd, 8639443.179, 61
Trd, 8639443.279, 63
Trd, 8639443.879, 124
Trd, 8639444.046, 140
Trd, 8639444.279, 76
Trd, 8639444.412, 76
Trd, 8639445.812, 140
Trd, 8639446.112, 140
Trd, 8639446.279, 140
Trd, 8639447.246, 140
Trd, 8639447.412, 140
Trd, 8639448.112, 140
Trd, 8639448.179, 140
Trd, 8639449.379, 140
Trd, 8639450.412, 140
Trd, 8639450.479, 140
Trd, 8639450.546, 140
Trd, 8639450.579, 140
Trd, 8639451.246, 140
Trd, 8639451.546, 140
Trd, 8639452.112, 140
Trd, 8639452.612, 140
Trd, 8639452.712, 140
Trd, 8639453.612, 140
Trd, 8639454.212, 140
Trd, 8639454.746, 140
Trd, 8639455.346, 140
Trd, 8639455.379, 140
Trd, 8639455.412, 140
Trd, 8639455.646, 139
Trd, 8639456.279, 137
Trd, 8639456.879, 137
Trd, 8639457.079, 139
Trd, 8639458.146, 62
Trd, 8639459.179, 61
Trd, 8639460.279, 60
Trd, 8639460.312, 60
Trd, 8639460.412, 65
Trd, 8639460.879, 62
Trd, 8639461.112, 63
Trd, 8639461.346, 63
Trd, 8639461.479, 67
Trd, 8639462.012, 62
Trd, 8639462.946, 62
Trd, 8639463.812, 61
Trd, 8639464.579, 62
Trd, 8639464.612, 66
Trd, 8639465.946, 140
Trd, 8639466.379, 140
Trd, 8639466.412, 139
Trd, 8639467.112, 140
Trd, 8639467.346, 140
Trd, 8639467.679, 140
Trd, 8639468.146, 140
Trd, 8639468.546, 140
Trd, 8639469.146, 140
Trd, 8639469.679, 138
Trd, 8639469.946, 139
Trd, 8639470.312, 138
Trd, 8639470.812, 140
Trd, 8639471.012, 140
Trd, 8639471.412, 140
Trd, 8639471.679, 140
Trd, 8639472.112, 140
Trd, 8639472.146, 140
Trd, 8639473.046, 140
Trd, 8639473.579, 140
Trd, 8639474.879, 140
Trd, 8639475.379, 140
Trd, 8639476.346, 140
Trd, 8639476.379, 140
Trd, 8639476.812, 140
Trd, 8639477.712, 140
Trd, 8639478.412, 140
Trd, 8639478.846, 140
Trd, 8639478.946, 140
Trd, 8639480.179, 140
Trd, 8639480.712, 140
Trd, 8639480.946, 140
Trd, 8639481.212, 140
Trd, 8639481.412, 140
Trd, 8639481.746, 140
Trd, 8639482.412, 140
Trd, 8639483.012, 140
Trd, 8639483.312, 140
Trd, 8639483.546, 140
Trd, 8639483.646, 138
Trd, 8639483.946, 140
Trd, 8639484.179, 140
Trd, 8639485.212, 140
Trd, 8639486.246, 140
Trd, 8639486.279, 139
Trd, 8639486.446, 139
Trd, 8639486.546, 140
Trd, 8639486.712, 139
Trd, 8639487.612, 140
Trd, 8639487.779, 140
Trd, 8639487.979, 139
Trd, 8639488.979, 140
Trd, 8639489.012, 140
Trd, 8639489.479, 140
Trd, 8639490.946, 138
Trd, 8639490.979, 140
Trd, 8639491.212, 76
Trd, 8639492.279, 62
Trd, 8639492.412, 63
Trd, 8639492.446, 65
Trd, 8639492.779, 140
Trd, 8639493.112, 140
Trd, 8639494.046, 140
Trd, 8639494.212, 140
Trd, 8639494.779, 140
Trd, 8639495.146, 140
Trd, 8639495.346, 140
Trd, 8639496.146, 140
Trd, 8639496.679, 140
Trd, 8639496.746, 140
Trd, 8639497.179, 140
Trd, 8639498.246, 140
Trd, 8639499.012, 140
Trd, 8639499.212, 137
Trd, 8639499.412, 138
Trd, 8639499.812, 140
Trd, 8639500.179, 140
Trd, 8639500.346, 140
Trd, 8639500.546, 139
Trd, 8639500.679, 137
Trd, 8639501.212, 132
Trd, 8639501.446, 140
Trd, 8639501.979, 140
Trd, 8639502.012, 138
Trd, 8639503.379, 140
Trd, 8639503.846, 140
Trd, 8639503.946, 140
Trd, 8639504.979, 140
Trd, 8639505.946, 140
Trd, 8639506.246, 140
Trd, 8639506.479, 140
Trd, 8639507.546, 140
Trd, 8639507.846, 140
Trd, 8639508.479, 140
Trd, 8639509.279, 140
Trd, 8639509.812, 140
Trd, 8639510.112, 140
Trd, 8639510.912, 140
Trd, 8639511.546, 140
Trd, 8639512.246, 140
Trd, 8639512.379, 140
Trd, 8639512.412, 139
Trd, 8639512.812, 140
Trd, 8639512.912, 140
Trd, 8639513.379, 140
Trd, 8639513.646, 140
Trd, 8639514.546, 140
Trd, 8639514.579, 140
Trd, 8639514.646, 139
Trd, 8639514.746, 136
Trd, 8639515.912, 118
Trd, 8639516.112, 134
Trd, 8639516.412, 136
Trd, 8639517.079, 140
Trd, 8639517.679, 140
Trd, 8639518.312, 140
Trd, 8639519.079, 140
Trd, 8639519.346, 140
Trd, 8639519.412, 139
Trd, 8639520.112, 140
Trd, 8639520.246, 140
Trd, 8639520.446, 139
Trd, 8639521.412, 140
Trd, 8639521.979, 140
Trd, 8639522.912, 140
Trd, 8639523.646, 140
Trd, 8639523.846, 140
Trd, 8639523.912, 137
Trd, 8639524.979, 140
Trd, 8639525.279, 140
Trd, 8639525.312, 140
Trd, 8639525.779, 140
Trd, 8639525.946, 140
Trd, 8639526.846, 140
Trd, 8639527.446, 140
Trd, 8639528.312, 140
Trd, 8639528.912, 140
Trd, 8639529.079, 140
Trd, 8639529.312, 140
Trd, 8639529.379, 139
Trd, 8639531.279, 140
Trd, 8639531.312, 140
Trd, 8639531.679, 139
Trd, 8639532.212, 138
Trd, 8639532.279, 138
Trd, 8639532.379, 96
Trd, 8639533.079, 60
Trd, 8639533.546, 60
Trd, 8639534.412, 61
Trd, 8639534.579, 62
Trd, 8639534.712, 60
Trd, 8639534.912, 69
Trd, 8639535.346, 70
Trd, 8639535.846, 140
Trd, 8639536.612, 140
Trd, 8639536.646, 140
Trd, 8639537.379, 140
Trd, 8639538.146, 140
Trd, 8639538.412, 140
Trd, 8639538.746, 140
Trd, 8639539.279, 140
Trd, 8639541.479, 140
Trd, 8639541.512, 140
Trd, 8639541.612, 140
Trd, 8639541.912, 140
Trd, 8639542.546, 140
Trd, 8639542.579, 140
Trd, 8639543.246, 140
Trd, 8639543.312, 138
Trd, 8639543.946, 136
Trd, 8639544.479, 136
Trd, 8639544.546, 129
Trd, 8639544.579, 128
Trd, 8639545.412, 128
Trd, 8639546.679, 140
Trd, 8639546.746, 139
Trd, 8639547.312, 140
Trd, 8639547.579, 140
Trd, 8639548.379, 140
Trd, 8639549.079, 140
Trd, 8639549.346, 140
Trd, 8639550.112, 140
Trd, 8639550.412, 140
Trd, 8639550.679, 140
Trd, 8639551.912, 140
Trd, 8639552.046, 140
Trd, 8639552.979, 140
Trd, 8639553.579, 140
Trd, 8639553.912, 140
Trd, 8639554.546, 140
Trd, 8639554.579, 140
Trd, 8639554.646, 140
Trd, 8639555.112, 140
Trd, 8639555.879, 140
Trd, 8639556.379, 140
Trd, 8639556.412, 140
Trd, 8639556.712, 140
Trd, 8639556.879, 140
Trd, 8639557.246, 140
Trd, 8639557.512, 140
Trd, 8639557.546, 140
Trd, 8639558.046, 140
Trd, 8639558.679, 140
Trd, 8639560.146, 140
Trd, 8639560.212, 140
Trd, 8639560.946, 140
Trd, 8639561.579, 140
Trd, 8639561.979, 140
Trd, 8639562.046, 140
Trd, 8639562.479, 140
Trd, 8639562.612, 140
Trd, 8639563.879, 140
Trd, 8639564.012, 139
Trd, 8639564.412, 139
Trd, 8639564.712, 139
Trd, 8639564.746, 138
Trd, 8639565.212, 138
Trd, 8639565.412, 137
Trd, 8639566.246, 102
Trd, 8639566.912, 130
Trd, 8639567.646, 61
Trd, 8639567.879, 63
Trd, 8639568.746, 72
Trd, 8639568.779, 75
Trd, 8639568.912, 75
Trd, 8639569.046, 76
Trd, 8639569.679, 140
Trd, 8639570.112, 140
Trd, 8639570.246, 140
Trd, 8639570.946, 140
Trd, 8639571.546, 140
Trd, 8639572.146, 140
Trd, 8639572.946, 140
Trd, 8639573.212, 140
Trd, 8639573.546, 140
Trd, 8639573.979, 140
Trd, 8639574.946, 140
Trd, 8639575.546, 140
Trd, 8639576.146, 140
Trd, 8639576.546, 140
Trd, 8639576.846, 140
Trd, 8639577.212, 140
Trd, 8639578.379, 140
Trd, 8639578.512, 140
Trd, 8639578.846, 140
Trd, 8639578.946, 138
Trd, 8639580.946, 140
Trd, 8639581.246, 140
Trd, 8639581.346, 140
Trd, 8639581.512, 140
Trd, 8639581.712, 140
Trd, 8639581.979, 140
Trd, 8639582.079, 140
Trd, 8639583.179, 140
Trd, 8639584.412, 140
Trd, 8639585.512, 140
Trd, 8639585.846, 140
Trd, 8639586.279, 140
Trd, 8639586.446, 140
Trd, 8639586.979, 140
Trd, 8639587.212, 140
Trd, 8639587.779, 140
Trd, 8639587.846, 140
Trd, 8639588.746, 140
Trd, 8639590.179, 140
Trd, 8639590.312, 140
Trd, 8639590.546, 140
Trd, 8639590.812, 140
Trd, 8639591.179, 140
Trd, 8639591.479, 140
Trd, 8639591.779, 140
Trd, 8639591.812, 104
Trd, 8639591.979, 119
Trd, 8639593.446, 140
Trd, 8639593.479, 140
Trd, 8639594.346, 140
Trd, 8639594.879, 140
Trd, 8639595.546, 140
Trd, 8639595.946, 140
Trd, 8639596.279, 140
Trd, 8639596.912, 140
Trd, 8639597.146, 140
Trd, 8639597.346, 140
Trd, 8639597.646, 140
Trd, 8639598.312, 140
Trd, 8639598.679, 140
Trd, 8639599.279, 140
Trd, 8639599.446, 140
Trd, 8639599.646, 140
Trd, 8639600.179, 140
Trd, 8639600.712, 140
Trd, 8639601.179, 140
Trd, 8639601.746, 140
Trd, 8639602.479, 140
Trd, 8639602.746, 140
Trd, 8639602.812, 140
Trd, 8639603.312, 140
Trd, 8639603.946, 140
Trd, 8639606.679, 140
Trd, 8639607.246, 140
Trd, 8639607.279, 140
Trd, 8639607.779, 140
Trd, 8639607.912, 139
Trd, 8639608.012, 138
Trd, 8639608.412, 140
Trd, 8639608.746, 140
Trd, 8639608.979, 140
Trd, 8639609.479, 90
Trd, 8639609.646, 64
Trd, 8639609.912, 139
Trd, 8639610.379, 136
Trd, 8639611.712, 61
Trd, 8639611.946, 62
Trd, 8639612.612, 60
Trd, 8639614.346, 61
Trd, 8639614.679, 60
Trd, 8639614.712, 61
Trd, 8639614.879, 62
Trd, 8639615.112, 60
Trd, 8639615.879, 61
Trd, 8639616.312, 60
Trd, 8639616.412, 63
Trd, 8639616.879, 65
Trd, 8639617.079, 71
Trd, 8639617.579, 62
Trd, 8639617.746, 62
Trd, 8639618.079, 62
Trd, 8639618.146, 64
Trd, 8639618.312, 62
Trd, 8639618.346, 61
Trd, 8639620.112, 72
Trd, 8639621.212, 140
Trd, 8639621.612, 140
Trd, 8639621.979, 140
Trd, 8639622.346, 140
Trd, 8639622.512, 140
Trd, 8639623.012, 140
Trd, 8639623.346, 140
Trd, 8639623.646, 140
Trd, 8639624.446, 140
Trd, 8639625.046, 140
Trd, 8639625.112, 139
Trd, 8639625.312, 139
Trd, 8639625.446, 139
Trd, 8639625.946, 138
Trd, 8639626.112, 137
Trd, 8639628.012, 140
Trd, 8639628.646, 140
Trd, 8639629.379, 140
Trd, 8639629.446, 140
Trd, 8639629.546, 140
Trd, 8639629.779, 140
Trd, 8639629.846, 140
Trd, 8639631.012, 140
Trd, 8639631.446, 140
Trd, 8639632.046, 140
Trd, 8639632.179, 139
Trd, 8639632.512, 137
Trd, 8639632.746, 140
Trd, 8639633.212, 140
Trd, 8639633.412, 140
Trd, 8639633.912, 140
Trd, 8639634.612, 139
Trd, 8639635.412, 140
Trd, 8639635.512, 139
Trd, 8639635.879, 140
Trd, 8639637.212, 140
Trd, 8639637.579, 140
Trd, 8639638.146, 140
Trd, 8639638.646, 140
Trd, 8639638.679, 140
Trd, 8639638.812, 140
Trd, 8639639.579, 140
Trd, 8639639.879, 140
Trd, 8639640.046, 140
Trd, 8639641.146, 63
Trd, 8639641.612, 69
Trd, 8639642.012, 65
Trd, 8639642.512, 66
Trd, 8639642.579, 67
Trd, 8639642.812, 68
Trd, 8639642.979, 68
Trd, 8639644.446, 72
Trd, 8639644.579, 72
Trd, 8639644.646, 111
Trd, 8639644.846, 119
Trd, 8639644.946, 139
Trd, 8639644.979, 120
Trd, 8639645.379, 123
Trd, 8639645.479, 121
Trd, 8639647.446, 140
Trd, 8639648.546, 140
Trd, 8639648.579, 140
Trd, 8639648.646, 140
Trd, 8639648.812, 140
Trd, 8639648.879, 140
Trd, 8639649.612, 139
Trd, 8639649.712, 140
Trd, 8639649.879, 140
Trd, 8639650.479, 140
Trd, 8639650.546, 140
Trd, 8639650.846, 140
Trd, 8639651.512, 140
Trd, 8639651.746, 140
Trd, 8639653.146, 140
Trd, 8639653.579, 140
Trd, 8639654.379, 140
Trd, 8639654.679, 140
Trd, 8639655.179, 140
Trd, 8639656.112, 140
Trd, 8639656.179, 140
Trd, 8639656.546, 140
Trd, 8639656.712, 140
Trd, 8639657.946, 140
Trd, 8639658.679, 140
Trd, 8639659.179, 140
Trd, 8639659.646, 140
Trd, 8639659.846, 140
Trd, 8639660.146, 140
Trd, 8639660.346, 140
Trd, 8639660.479, 140
Trd, 8639661.179, 140
Trd, 8639661.946, 140
Trd, 8639662.012, 140
Trd, 8639662.879, 140
Trd, 8639663.179, 140
Trd, 8639663.512, 140
Trd, 8639663.746, 140
Trd, 8639664.412, 140
Trd, 8639664.479, 140
Trd, 8639664.579, 140
Trd, 8639664.712, 140
Trd, 8639665.046, 124
Trd, 8639665.112, 136
Trd, 8639665.779, 140
Trd, 8639666.146, 139
Trd, 8639666.846, 140
Trd, 8639667.512, 140
Trd, 8639667.746, 140
Trd, 8639668.646, 139
Trd, 8639669.112, 140
Trd, 8639669.246, 140
Trd, 8639669.979, 140
Trd, 8639670.112, 140
Trd, 8639670.212, 139
Trd, 8639670.479, 140
Trd, 8639670.679, 139
Trd, 8639670.912, 138
Trd, 8639671.679, 140
Trd, 8639672.179, 139
Trd, 8639673.612, 140
Trd, 8639673.979, 140
Trd, 8639675.946, 140
Trd, 8639676.279, 140
Trd, 8639676.379, 140
Trd, 8639677.079, 140
Trd, 8639677.146, 140
Trd, 8639678.279, 140
Trd, 8639678.912, 140
Trd, 8639679.146, 140
Trd, 8639679.179, 140
Trd, 8639680.579, 140
Trd, 8639680.712, 140
Trd, 8639680.979, 140
Trd, 8639681.612, 140
Trd, 8639681.646, 140
Trd, 8639681.946, 140
Trd, 8639682.179, 140
Trd, 8639682.212, 140
Trd, 8639682.546, 140
Trd, 8639682.612, 140
Trd, 8639683.046, 140
Trd, 8639683.212, 138
Trd, 8639683.412, 95
Trd, 8639684.179, 140
Trd, 8639685.146, 140
Trd, 8639686.446, 140
Trd, 8639687.512, 140
Trd, 8639688.179, 140
Trd, 8639688.346, 140
Trd, 8639688.979, 140
Trd, 8639689.046, 140
Trd, 8639689.079, 140
Trd, 8639689.646, 140
Trd, 8639690.379, 140
Trd, 8639690.679, 140
Trd, 8639691.412, 140
Trd, 8639691.546, 140
Trd, 8639692.412, 140
Trd, 8639693.379, 140
Trd, 8639693.646, 140
Trd, 8639694.146, 140
Trd, 8639694.279, 140
Trd, 8639694.646, 140
Trd, 8639695.879, 140
Trd, 8639696.212, 140
Trd, 8639696.746, 139
Trd, 8639697.446, 140
Trd, 8639697.879, 140
Trd, 8639698.046, 140
Trd, 8639698.412, 139
Trd, 8639698.546, 140
Trd, 8639698.879, 139
Trd, 8639699.779, 140
Trd, 8639700.046, 62
Trd, 8639700.479, 84
Trd, 8639700.779, 62
Trd, 8639701.046, 140
Trd, 8639701.146, 86
Trd, 8639702.212, 140
Trd, 8639703.146, 140
Trd, 8639703.279, 140
Trd, 8639703.712, 140
Trd, 8639703.879, 140
Trd, 8639703.946, 140
Trd, 8639704.046, 132
Trd, 8639704.979, 140
Trd, 8639705.112, 84
Trd, 8639705.279, 61
Trd, 8639705.446, 140
Trd, 8639706.179, 60
Trd, 8639707.746, 60
Trd, 8639707.879, 60
Trd, 8639708.146, 60
Trd, 8639708.412, 61
Trd, 8639708.612, 61
Trd, 8639708.679, 61
Trd, 8639709.079, 63
Trd, 8639709.312, 65
Trd, 8639709.379, 62
Trd, 8639709.612, 60
Trd, 8639710.646, 85
Trd, 8639711.179, 61
Trd, 8639712.879, 61
Trd, 8639712.912, 62
Trd, 8639713.312, 61
Trd, 8639713.412, 63
Trd, 8639714.246, 96
Trd, 8639714.279, 63
Trd, 8639714.679, 67
Trd, 8639714.712, 72
Trd, 8639715.279, 138
Trd, 8639715.446, 137
Trd, 8639715.546, 140
Trd, 8639716.512, 140
Trd, 8639716.579, 139
Trd, 8639717.846, 140
Trd, 8639718.012, 140
Trd, 8639718.046, 140
Trd, 8639719.012, 61
Trd, 8639719.446, 63
Trd, 8639719.479, 66
Trd, 8639719.879, 60
Trd, 8639719.946, 61
Trd, 8639720.379, 140
Trd, 8639720.846, 140
Trd, 8639721.212, 140
Trd, 8639721.246, 140
Trd, 8639721.346, 140
Trd, 8639722.412, 140
Trd, 8639723.112, 140
Trd, 8639723.246, 139
Trd, 8639724.212, 140
Trd, 8639724.946, 140
Trd, 8639725.312, 140
Trd, 8639725.379, 140
Trd, 8639726.246, 140
Trd, 8639726.979, 140
Trd, 8639727.979, 140
Trd, 8639728.012, 140
Trd, 8639728.112, 140
Trd, 8639728.346, 139
Trd, 8639729.912, 140
Trd, 8639729.979, 140
Trd, 8639730.612, 140
Trd, 8639730.846, 140
Trd, 8639730.879, 140
Trd, 8639731.279, 140
Trd, 8639732.379, 140
Trd, 8639733.512, 140
Trd, 8639733.712, 140
Trd, 8639734.112, 140
Trd, 8639734.712, 140
Trd, 8639735.046, 140
Trd, 8639736.012, 140
Trd, 8639736.679, 140
Trd, 8639737.612, 140
Trd, 8639737.712, 140
Trd, 8639737.812, 140
Trd, 8639738.446, 140
Trd, 8639738.479, 140
Trd, 8639738.679, 140
Trd, 8639738.912, 140
Trd, 8639738.946, 139
Trd, 8639738.979, 139
Trd, 8639739.779, 140
Trd, 8639740.046, 140
Trd, 8639740.379, 140
Trd, 8639740.546, 118
Trd, 8639741.112, 139
Trd, 8639742.346, 140
Trd, 8639742.479, 140
Trd, 8639743.179, 140
Trd, 8639743.479, 140
Trd, 8639744.012, 140
Trd, 8639744.779, 140
Trd, 8639744.912, 140
Trd, 8639745.512, 140
Trd, 8639745.812, 140
Trd, 8639745.879, 140
Trd, 8639746.379, 140
Trd, 8639746.746, 67
Trd, 8639747.079, 78
Trd, 8639747.346, 140
Trd, 8639747.779, 140
Trd, 8639747.912, 137
Trd, 8639748.679, 140
Trd, 8639748.846, 140
Trd, 8639749.912, 140
Trd, 8639751.312, 140
Trd, 8639751.679, 140
Trd, 8639751.812, 140
Trd, 8639751.979, 140
Trd, 8639752.079, 140
Trd, 8639752.346, 123
Trd, 8639752.879, 140
Trd, 8639754.046, 140
Trd, 8639754.812, 140
Trd, 8639755.046, 138
Trd, 8639755.246, 139
Trd, 8639755.679, 140
Trd, 8639755.712, 140
Trd, 8639756.246, 140
Trd, 8639756.512, 140
Trd, 8639757.079, 140
Trd, 8639757.346, 139
Trd, 8639757.779, 140
Trd, 8639758.079, 140
Trd, 8639758.779, 140
Trd, 8639759.146, 139
Trd, 8639759.646, 140
Trd, 8639759.846, 139
Trd, 8639760.479, 140
Trd, 8639760.579, 140
Trd, 8639761.046, 140
Trd, 8639762.646, 140
Trd, 8639762.812, 140
Trd, 8639762.879, 140
Trd, 8639763.012, 140
Trd, 8639763.246, 139
Trd, 8639763.312, 97
Trd, 8639764.479, 140
Trd, 8639764.512, 140
Trd, 8639765.379, 140
Trd, 8639766.746, 140
Trd, 8639767.812, 140
Trd, 8639768.679, 140
Trd, 8639769.146, 140
Trd, 8639769.512, 140
Trd, 8639770.046, 140
Trd, 8639770.112, 140
Trd, 8639770.612, 140
Trd, 8639771.012, 140
Trd, 8639771.146, 140
Trd, 8639771.479, 140
Trd, 8639771.646, 140
Trd, 8639772.379, 140
Trd, 8639772.912, 140
Trd, 8639773.446, 140
Trd, 8639773.479, 140
Trd, 8639774.412, 140
Trd, 8639775.179, 140
Trd, 8639775.446, 140
Trd, 8639775.879, 140
Trd, 8639775.912, 139
Trd, 8639775.979, 139
Trd, 8639776.479, 140
Trd, 8639777.079, 140
Trd, 8639777.412, 139
Trd, 8639778.646, 140
Trd, 8639779.012, 140
Trd, 8639779.346, 140
Trd, 8639779.779, 140
Trd, 8639779.912, 140
Trd, 8639780.046, 140
Trd, 8639780.079, 137
Trd, 8639780.912, 140
Trd, 8639781.146, 139
Trd, 8639781.679, 60
Trd, 8639782.346, 60
Trd, 8639782.379, 60
Trd, 8639782.446, 60
Trd, 8639782.879, 60
Trd, 8639783.246, 60
Trd, 8639783.446, 60
Trd, 8639784.012, 61
Trd, 8639784.612, 62
Trd, 8639785.212, 69
Trd, 8639785.612, 77
Trd, 8639785.846, 78
Trd, 8639786.112, 77
Trd, 8639786.746, 87
Trd, 8639786.779, 77
Trd, 8639787.146, 140
Trd, 8639787.279, 140
Trd, 8639787.912, 140
Trd, 8639788.079, 139
Trd, 8639789.246, 140
Trd, 8639789.812, 139
Trd, 8639789.946, 138
Trd, 8639790.446, 129
Trd, 8639790.579, 129
Trd, 8639791.379, 138
Trd, 8639792.346, 140
Trd, 8639792.546, 140
Trd, 8639793.912, 140
Trd, 8639794.146, 140
Trd, 8639794.179, 140
Trd, 8639794.346, 140
Trd, 8639795.112, 140
Trd, 8639795.412, 140
Trd, 8639795.579, 139
Trd, 8639796.312, 139
Trd, 8639796.979, 140
Trd, 8639797.046, 140
Trd, 8639797.446, 138
Trd, 8639797.612, 139
Trd, 8639797.646, 138
Trd, 8639797.812, 136
Trd, 8639799.179, 140
Trd, 8639799.346, 140
Trd, 8639799.412, 140
Trd, 8639800.312, 140
Trd, 8639800.346, 139
Trd, 8639800.379, 139
Trd, 8639800.779, 140
Trd, 8639801.046, 139
Trd, 8639801.746, 140
Trd, 8639801.846, 77
Trd, 8639802.379, 63
Trd, 8639803.779, 65
Trd, 8639804.212, 64
Trd, 8639804.279, 68
Trd, 8639805.279, 140
Trd, 8639805.446, 140
Trd, 8639805.812, 140
Trd, 8639806.946, 140
Trd, 8639807.079, 140
Trd, 8639807.246, 140
Trd, 8639807.646, 140
Trd, 8639807.679, 139
Trd, 8639807.912, 136
Trd, 8639808.179, 94
Trd, 8639808.746, 140
Trd, 8639809.246, 140
Trd, 8639809.346, 140
Trd, 8639809.479, 139
Trd, 8639810.046, 137
Trd, 8639810.379, 140
Trd, 8639811.079, 140
Trd, 8639811.212, 140
Trd, 8639812.846, 140
Trd, 8639813.346, 140
Trd, 8639813.746, 140
Trd, 8639813.779, 140
Trd, 8639814.146, 140
Trd, 8639815.079, 140
Trd, 8639815.646, 140
Trd, 8639815.912, 140
Trd, 8639816.046, 140
Trd, 8639816.746, 140
Trd, 8639816.779, 140
Trd, 8639817.479, 140
Trd, 8639817.879, 139
Trd, 8639820.346, 140
Trd, 8639820.446, 140
Trd, 8639820.946, 140
Trd, 8639821.279, 140
Trd, 8639822.346, 140
Trd, 8639822.379, 140
Trd, 8639822.479, 140
Trd, 8639822.612, 140
Trd, 8639822.746, 140
Trd, 8639823.179, 140
Trd, 8639823.679, 140
Trd, 8639823.846, 140
Trd, 8639823.912, 140
Trd, 8639824.146, 139
Trd, 8639824.179, 118
Trd, 8639824.679, 64
Trd, 8639826.546, 140
Trd, 8639826.979, 140
Trd, 8639828.779, 140
Trd, 8639828.846, 139
Trd, 8639829.246, 140
Trd, 8639830.146, 140
Trd, 8639830.712, 140
Trd, 8639831.046, 140
Trd, 8639831.412, 140
Trd, 8639831.512, 140
Trd, 8639832.112, 140
Trd, 8639832.679, 140
Trd, 8639832.879, 139
Trd, 8639833.479, 140
Trd, 8639833.579, 140
Trd, 8639833.846, 140
Trd, 8639834.179, 140
Trd, 8639835.312, 140
Trd, 8639837.079, 140
Trd, 8639837.112, 140
Trd, 8639837.512, 140
Trd, 8639837.579, 140
Trd, 8639837.979, 140
Trd, 8639838.712, 140
Trd, 8639839.612, 140
Trd, 8639839.979, 140
Trd, 8639840.479, 140
Trd, 8639840.646, 140
Trd, 8639842.346, 140
Trd, 8639842.646, 140
Trd, 8639842.979, 140
Trd, 8639843.246, 140
Trd, 8639843.379, 140
Trd, 8639843.746, 140
Trd, 8639843.846, 140
Trd, 8639843.979, 140
Trd, 8639844.546, 139
Trd, 8639844.846, 140
Trd, 8639845.279, 139
Trd, 8639845.979, 140
Trd, 8639847.012, 140
Trd, 8639848.179, 140
Trd, 8639848.212, 140
Trd, 8639848.379, 140
Trd, 8639848.946, 140
Trd, 8639850.046, 140
Trd, 8639850.312, 140
Trd, 8639850.479, 140
Trd, 8639850.779, 140
Trd, 8639850.846, 140
Trd, 8639851.146, 139
Trd, 8639851.512, 139
Trd, 8639851.612, 140
Trd, 8639852.546, 139
Trd, 8639852.612, 138
Trd, 8639852.846, 139
Trd, 8639852.979, 137
Trd, 8639854.679, 140
Trd, 8639855.646, 140
Trd, 8639855.846, 140
Trd, 8639855.912, 140
Trd, 8639856.479, 140
Trd, 8639856.879, 140
Trd, 8639857.246, 140
Trd, 8639857.812, 140
Trd, 8639859.179, 140
Trd, 8639859.512, 140
Trd, 8639861.179, 140
Trd, 8639861.212, 140
Trd, 8639861.312, 140
Trd, 8639861.412, 140
Trd, 8639861.612, 140
Trd, 8639862.146, 140
Trd, 8639862.512, 140
Trd, 8639863.212, 140
Trd, 8639863.646, 140
Trd, 8639863.746, 140
Trd, 8639863.946, 140
Trd, 8639864.146, 140
Trd, 8639864.512, 140
Trd, 8639864.746, 140
Trd, 8639866.312, 140
Trd, 8639866.479, 140
Trd, 8639866.612, 140
Trd, 8639866.679, 140
Trd, 8639866.779, 140
Trd, 8639867.979, 140
Trd, 8639868.446, 140
Trd, 8639868.512, 139
Trd, 8639868.546, 138
Trd, 8639868.712, 138
Trd, 8639869.779, 140
Trd, 8639870.046, 139
Trd, 8639870.746, 140
Trd, 8639870.812, 140
Trd, 8639871.946, 140
Trd, 8639873.846, 140
Trd, 8639874.012, 140
Trd, 8639874.079, 140
Trd, 8639874.112, 140
Trd, 8639874.779, 140
Trd, 8639875.146, 140
Trd, 8639875.579, 140
Trd, 8639876.012, 140
Trd, 8639876.312, 140
Trd, 8639876.612, 139
Trd, 8639877.412, 140
Trd, 8639878.046, 140
Trd, 8639878.446, 140
Trd, 8639878.646, 140
Trd, 8639879.046, 140
Trd, 8639879.646, 140
Trd, 8639880.279, 140
Trd, 8639880.346, 140
Trd, 8639881.779, 140
Trd, 8639881.846, 140
Trd, 8639882.079, 140
Trd, 8639882.779, 140
Trd, 8639882.912, 140
Trd, 8639883.312, 140
Trd, 8639883.612, 140
Trd, 8639883.646, 140
Trd, 8639883.679, 140
Trd, 8639884.046, 137
Trd, 8639884.412, 139
Trd, 8639885.479, 140
Trd, 8639885.646, 140
Trd, 8639886.012, 139
Trd, 8639886.312, 140
Trd, 8639886.812, 137
Trd, 8639887.012, 139
Trd, 8639887.212, 140
Trd, 8639887.746, 82
Trd, 8639888.212, 62
Trd, 8639888.346, 61
Trd, 8639888.546, 62
Trd, 8639890.112, 140
Trd, 8639890.279, 140
Trd, 8639890.379, 140
Trd, 8639891.146, 134
Trd, 8639891.179, 116
Trd, 8639891.679, 119
Trd, 8639892.846, 140
Trd, 8639893.346, 140
Trd, 8639894.012, 140
Trd, 8639894.679, 140
Trd, 8639895.412, 140
Trd, 8639896.312, 140
Trd, 8639896.812, 140
Trd, 8639897.246, 140
Trd, 8639897.446, 140
Trd, 8639897.846, 140
Trd, 8639897.912, 140
Trd, 8639898.146, 140
Trd, 8639898.812, 140
Trd, 8639899.112, 140
Trd, 8639899.712, 140
Trd, 8639900.179, 140
Trd, 8639900.212, 140
Trd, 8639900.512, 140
Trd, 8639901.346, 140
Trd, 8639902.246, 140
Trd, 8639902.279, 140
Trd, 8639903.046, 140
Trd, 8639903.312, 140
Trd, 8639903.479, 140
Trd, 8639904.079, 140
Trd, 8639904.112, 137
Trd, 8639904.179, 115
Trd, 8639905.379, 140
Trd, 8639905.546, 140
Trd, 8639906.912, 140
Trd, 8639907.012, 140
Trd, 8639907.312, 140
Trd, 8639907.812, 140
Trd, 8639908.079, 140
Trd, 8639908.246, 139
Trd, 8639908.312, 139
Trd, 8639908.979, 140
Trd, 8639909.212, 140
Trd, 8639909.446, 140
Trd, 8639909.679, 140
Trd, 8639910.146, 140
Trd, 8639911.279, 140
Trd, 8639911.846, 140
Trd, 8639912.046, 140
Trd, 8639912.612, 140
Trd, 8639913.279, 140
Trd, 8639914.646, 140
Trd, 8639914.679, 140
Trd, 8639915.846, 140
Trd, 8639916.446, 140
Trd, 8639916.546, 140
Trd, 8639916.712, 140
Trd, 8639917.179, 140
Trd, 8639917.579, 140
Trd, 8639918.546, 140
Trd, 8639918.812, 140
Trd, 8639919.246, 140
Trd, 8639919.412, 140
Trd, 8639919.446, 140
Trd, 8639920.112, 140
Trd, 8639920.212, 140
Trd, 8639920.379, 140
Trd, 8639920.779, 140
Trd, 8639921.446, 139
Trd, 8639922.412, 140
Trd, 8639922.612, 140
Trd, 8639924.012, 140
Trd, 8639924.312, 140
Trd, 8639924.646, 140
Trd, 8639924.712, 139
Trd, 8639924.779, 138
Trd, 8639925.512, 140
Trd, 8639925.879, 139
Trd, 8639925.946, 135
Trd, 8639926.346, 140
Trd, 8639926.612, 140
Trd, 8639927.379, 140
Trd, 8639929.012, 140
Trd, 8639929.346, 140
Trd, 8639929.846, 140
Trd, 8639929.979, 140
Trd, 8639930.712, 140
Trd, 8639930.812, 140
Trd, 8639931.012, 140
Trd, 8639932.012, 140
Trd, 8639932.279, 140
Trd, 8639932.479, 139
Trd, 8639932.512, 138
Trd, 8639932.612, 137
Trd, 8639933.312, 140
Trd, 8639933.512, 140
Trd, 8639933.612, 140
Trd, 8639933.946, 139
Trd, 8639934.979, 140
Trd, 8639935.079, 139
Trd, 8639935.946, 139
Trd, 8639936.246, 138
Trd, 8639936.646, 139
Trd, 8639937.079, 139
Trd, 8639937.179, 138
Trd, 8639937.312, 137
Trd, 8639937.946, 95
Trd, 8639937.979, 134
Trd, 8639938.279, 93
Trd, 8639939.679, 60
Trd, 8639940.879, 60
Trd, 8639941.379, 60
Trd, 8639941.579, 60
Trd, 8639941.779, 60
Trd, 8639941.846, 63
Trd, 8639942.846, 61
Trd, 8639942.912, 64
Trd, 8639943.279, 67
Trd, 8639944.879, 62
Trd, 8639945.879, 60
Trd, 8639946.079, 60
Trd, 8639946.546, 61
Trd, 8639946.612, 62
Trd, 8639947.346, 61
Trd, 8639947.379, 63
Trd, 8639947.946, 61
Trd, 8639948.012, 62
Trd, 8639948.279, 64
Trd, 8639948.579, 107
Trd, 8639949.212, 61
Trd, 8639949.412, 112
Trd, 8639949.812, 61
Trd, 8639950.112, 135
Trd, 8639950.412, 139
Trd, 8639951.312, 140
Trd, 8639951.346, 140
Trd, 8639951.546, 140
Trd, 8639951.979, 61
Trd, 8639952.579, 140
Trd, 8639952.912, 140
Trd, 8639954.079, 140
Trd, 8639954.346, 140
Trd, 8639954.546, 140
Trd, 8639955.546, 140
Trd, 8639955.879, 140
Trd, 8639956.012, 140
Trd, 8639956.512, 140
Trd, 8639956.746, 140
Trd, 8639958.412, 140
Trd, 8639958.812, 140
Trd, 8639959.446, 140
Trd, 8639959.646, 140
Trd, 8639960.012, 140
Trd, 8639960.279, 140
Trd, 8639960.946, 140
Trd, 8639961.779, 140
Trd, 8639962.279, 140
Trd, 8639962.979, 140
Trd, 8639963.312, 140
Trd, 8639963.346, 140
Trd, 8639963.946, 140
Trd, 8639964.312, 140
Trd, 8639964.912, 140
Trd, 8639965.079, 140
Trd, 8639965.346, 140
Trd, 8639965.612, 140
Trd, 8639965.779, 140
Trd, 8639966.246, 140
Trd, 8639966.579, 82
Trd, 8639967.712, 140
Trd, 8639967.812, 139
Trd, 8639967.879, 138
Trd, 8639968.546, 81
Trd, 8639968.779, 106
Trd, 8639969.346, 140
Trd, 8639969.812, 140
Trd, 8639970.346, 140
Trd, 8639970.412, 126
Trd, 8639970.779, 108
Trd, 8639972.112, 140
Trd, 8639973.846, 140
Trd, 8639974.079, 140
Trd, 8639974.246, 140
Trd, 8639974.546, 140
Trd, 8639974.612, 140
Trd, 8639974.979, 140
Trd, 8639976.379, 140
Trd, 8639977.579, 140
Trd, 8639977.912, 140
Trd, 8639978.012, 140
Trd, 8639978.212, 140
Trd, 8639978.346, 140
Trd, 8639978.779, 140
Trd, 8639978.879, 140
Trd, 8639978.912, 140
Trd, 8639979.912, 140
Trd, 8639979.946, 139
Trd, 8639980.946, 140
Trd, 8639981.246, 140
Trd, 8639981.712, 140
Trd, 8639982.012, 140
Trd, 8639982.412, 140
Trd, 8639982.946, 139
Trd, 8639983.046, 138
Trd, 8639984.912, 140
Trd, 8639985.012, 140
Trd, 8639986.179, 140
Trd, 8639986.779, 140
Trd, 8639987.079, 140
Trd, 8639987.679, 140
Trd, 8639987.746, 140
Trd, 8639987.879, 140
Trd, 8639988.279, 140
Trd, 8639989.646, 140
Trd, 8639989.679, 140
Trd, 8639989.712, 140
Trd, 8639989.846, 140
Trd, 8639990.012, 138
Trd, 8639990.812, 140
Trd, 8639991.546, 140
Trd, 8639991.579, 140
Trd, 8639991.712, 140
Trd, 8639992.079, 140
Trd, 8639992.679, 122
Trd, 8639993.579, 140
Trd, 8639994.012, 140
Trd, 8639994.079, 140
Trd, 8639994.346, 140
Trd, 8639994.612, 140
Trd, 8639996.212, 140
Trd, 8639996.479, 140
Trd, 8639996.679, 139
Trd, 8639997.512, 140
Trd, 8639997.712, 139
Trd, 8639998.012, 138
Trd, 8639998.746, 98
