Trd, 8638764.346, 66
Trd, 8638764.646, 71
Trd, 8638765.246, 78
Trd, 8638765.279, 69
Trd, 8638765.512, 78
Trd, 8638765.779, 103
Trd, 8638765.812, 76
Trd, 8638766.546, 115
Trd, 8638766.579, 113
Trd, 8638766.879, 103
Trd, 8638767.246, 83
Trd, 8638767.846, 79
Trd, 8638768.146, 123
Trd, 8638768.379, 134
Trd, 8638769.546, 74
Trd, 8638770.846, 63
Trd, 8638770.879, 95
Trd, 8638771.846, 84
Trd, 8638772.346, 64
Trd, 8638772.479, 68
Trd, 8638773.446, 71
Trd, 8638773.812, 80
Trd, 8638773.912, 110
Trd, 8638774.479, 107
Trd, 8638774.646, 71
Trd, 8638774.846, 69
Trd, 8638775.312, 135
Trd, 8638775.379, 80
Trd, 8638776.012, 76
Trd, 8638776.712, 75
Trd, 8638777.112, 95
Trd, 8638778.512, 77
Trd, 8638778.979, 88
Trd, 8638779.079, 76
Trd, 8638780.246, 88
Trd, 8638780.512, 75
Trd, 8638781.412, 81
Trd, 8638782.112, 79
Trd, 8638782.512, 89
Trd, 8638782.712, 118
Trd, 8638783.112, 113
Trd, 8638783.512, 112
Trd, 8638783.612, 121
Trd, 8638783.712, 111
Trd, 8638784.179, 103
Trd, 8638784.512, 105
Trd, 8638784.979, 119
Trd, 8638785.312, 123
Trd, 8638786.412, 103
Trd, 8638786.846, 118
Trd, 8638786.946, 103
Trd, 8638787.046, 100
Trd, 8638787.846, 108
Trd, 8638788.079, 96
Trd, 8638788.679, 95
Trd, 8638788.712, 94
Trd, 8638789.012, 85
Trd, 8638789.546, 60
Trd, 8638789.579, 60
Trd, 8638790.479, 122
Trd, 8638791.012, 139
Trd, 8638791.546, 100
Trd, 8638792.512, 93
Trd, 8638792.646, 113
Trd, 8638792.846, 73
Trd, 8638793.246, 70
Trd, 8638793.812, 118
Trd, 8638794.379, 76
Trd, 8638794.612, 76
Trd, 8638794.946, 79
Trd, 8638796.012, 132
Trd, 8638796.779, 129
Trd, 8638797.279, 125
Trd, 8638797.712, 121
Trd, 8638798.146, 119
Trd, 8638798.746, 119
Trd, 8638799.512, 127
Trd, 8638799.746, 128
Trd, 8638799.846, 105
Trd, 8638800.346, 99
Trd, 8638800.946, 118
Trd, 8638801.079, 130
Trd, 8638801.312, 105
Trd, 8638802.079, 104
Trd, 8638802.579, 119
Trd, 8638802.779, 112
Trd, 8638803.546, 112
Trd, 8638803.646, 103
Trd, 8638803.679, 102
Trd, 8638803.912, 133
Trd, 8638804.079, 100
Trd, 8638805.146, 108
Trd, 8638805.746, 114
Trd, 8638805.779, 101
Trd, 8638806.412, 136
Trd, 8638806.879, 135
Trd, 8638807.379, 128
Trd, 8638807.512, 126
Trd, 8638808.446, 135
Trd, 8638808.879, 133
Trd, 8638809.246, 131
Trd, 8638809.646, 125
Trd, 8638809.712, 115
Trd, 8638810.579, 106
Trd, 8638810.679, 93
Trd, 8638811.112, 127
Trd, 8638811.912, 129
Trd, 8638811.946, 98
Trd, 8638812.012, 85
Trd, 8638812.312, 109
Trd, 8638812.579, 79
Trd, 8638812.646, 98
Trd, 8638814.012, 91
Trd, 8638814.479, 108
Trd, 8638815.346, 126
Trd, 8638815.412, 126
Trd, 8638815.846, 122
Trd, 8638816.046, 122
Trd, 8638816.312, 122
Trd, 8638816.746, 87
Trd, 8638817.046, 110
Trd, 8638817.179, 106
Trd, 8638817.246, 99
Trd, 8638819.212, 133
Trd, 8638819.279, 131
Trd, 8638819.479, 128
Trd, 8638820.012, 120
Trd, 8638820.146, 93
Trd, 8638820.912, 130
Trd, 8638821.146, 128
Trd, 8638821.312, 122
Trd, 8638821.712, 133
Trd, 8638822.079, 139
Trd, 8638822.179, 98
Trd, 8638822.346, 91
Trd, 8638823.846, 116
Trd, 8638824.112, 98
Trd, 8638824.846, 137
Trd, 8638824.912, 137
Trd, 8638826.512, 138
Trd, 8638826.879, 135
Trd, 8638827.446, 128
Trd, 8638828.512, 124
Trd, 8638828.679, 95
Trd, 8638828.812, 94
Trd, 8638829.112, 97
Trd, 8638830.079, 89
Trd, 8638831.246, 83
Trd, 8638831.746, 82
Trd, 8638832.079, 82
Trd, 8638833.412, 103
Trd, 8638833.512, 103
Trd, 8638833.746, 98
Trd, 8638834.179, 94
Trd, 8638834.346, 101
Trd, 8638834.446, 110
Trd, 8638834.779, 90
Trd, 8638834.979, 105
Trd, 8638835.379, 111
Trd, 8638835.512, 124
Trd, 8638836.346, 98
Trd, 8638836.512, 87
Trd, 8638837.079, 124
Trd, 8638837.179, 113
Trd, 8638838.312, 109
Trd, 8638838.779, 114
Trd, 8638838.879, 104
Trd, 8638839.446, 112
Trd, 8638839.779, 107
Trd, 8638839.979, 103
Trd, 8638840.479, 106
Trd, 8638841.179, 97
Trd, 8638841.312, 71
Trd, 8638841.446, 106
Trd, 8638842.012, 71
Trd, 8638842.746, 101
Trd, 8638842.879, 96
Trd, 8638843.312, 92
Trd, 8638843.612, 132
Trd, 8638844.046, 140
Trd, 8638845.079, 90
Trd, 8638845.346, 90
Trd, 8638845.879, 131
Trd, 8638845.979, 112
Trd, 8638846.512, 115
Trd, 8638847.479, 133
Trd, 8638848.046, 130
Trd, 8638848.079, 124
Trd, 8638849.346, 105
Trd, 8638849.479, 96
Trd, 8638850.579, 122
Trd, 8638850.612, 119
Trd, 8638851.079, 100
Trd, 8638851.246, 93
Trd, 8638851.312, 87
Trd, 8638851.579, 102
Trd, 8638851.946, 115
Trd, 8638852.712, 116
Trd, 8638853.746, 132
Trd, 8638854.312, 133
Trd, 8638855.079, 102
Trd, 8638855.312, 101
Trd, 8638855.612, 103
Trd, 8638855.679, 101
Trd, 8638855.712, 111
Trd, 8638855.746, 99
Trd, 8638856.046, 97
Trd, 8638857.512, 108
Trd, 8638857.779, 114
Trd, 8638857.846, 110
Trd, 8638858.312, 103
Trd, 8638858.779, 87
Trd, 8638859.379, 80
Trd, 8638859.446, 68
Trd, 8638859.579, 65
Trd, 8638860.846, 87
Trd, 8638861.079, 78
Trd, 8638861.812, 129
Trd, 8638862.279, 135
Trd, 8638862.512, 133
Trd, 8638862.746, 133
Trd, 8638863.112, 128
Trd, 8638863.146, 127
Trd, 8638864.679, 132
Trd, 8638864.712, 125
Trd, 8638865.512, 125
Trd, 8638865.612, 114
Trd, 8638865.646, 113
Trd, 8638865.812, 69
Trd, 8638865.879, 68
Trd, 8638866.546, 114
Trd, 8638867.146, 106
Trd, 8638867.246, 92
Trd, 8638868.246, 82
Trd, 8638868.712, 120
Trd, 8638870.179, 74
Trd, 8638870.446, 89
Trd, 8638870.646, 94
Trd, 8638871.012, 70
Trd, 8638871.779, 78
Trd, 8638871.846, 94
Trd, 8638872.512, 80
Trd, 8638872.912, 84
Trd, 8638873.246, 83
Trd, 8638873.312, 80
Trd, 8638873.512, 104
Trd, 8638874.146, 94
Trd, 8638874.912, 99
Trd, 8638874.979, 98
Trd, 8638875.446, 123
Trd, 8638876.312, 127
Trd, 8638876.512, 96
Trd, 8638877.412, 72
Trd, 8638877.546, 121
Trd, 8638877.746, 105
Trd, 8638877.912, 104
Trd, 8638879.412, 122
Trd, 8638880.179, 118
Trd, 8638880.479, 116
Trd, 8638881.079, 111
Trd, 8638881.146, 106
Trd, 8638881.779, 121
Trd, 8638882.712, 108
Trd, 8638883.312, 113
Trd, 8638883.412, 103
Trd, 8638883.612, 99
Trd, 8638884.012, 76
Trd, 8638884.279, 101
Trd, 8638885.412, 74
Trd, 8638885.579, 109
Trd, 8638886.412, 61
Trd, 8638887.079, 101
Trd, 8638887.512, 81
Trd, 8638888.212, 113
Trd, 8638888.346, 97
Trd, 8638888.646, 77
Trd, 8638889.046, 92
Trd, 8638889.412, 71
Trd, 8638890.479, 100
Trd, 8638890.712, 85
Trd, 8638891.212, 103
Trd, 8638891.279, 101
Trd, 8638891.546, 101
Trd, 8638891.946, 101
Trd, 8638892.412, 124
Trd, 8638893.046, 133
Trd, 8638893.312, 133
Trd, 8638893.879, 131
Trd, 8638894.612, 123
Trd, 8638894.879, 115
Trd, 8638895.246, 112
Trd, 8638895.446, 111
Trd, 8638896.779, 120
Trd, 8638897.012, 87
Trd, 8638897.746, 140
Trd, 8638898.512, 117
Trd, 8638898.746, 117
Trd, 8638899.212, 115
Trd, 8638899.879, 113
Trd, 8638900.279, 113
Trd, 8638900.446, 109
Trd, 8638900.612, 108
Trd, 8638900.746, 106
Trd, 8638901.412, 103
Trd, 8638902.012, 133
Trd, 8638902.579, 107
Trd, 8638903.446, 113
Trd, 8638903.679, 115
Trd, 8638904.346, 127
Trd, 8638904.479, 125
Trd, 8638904.612, 116
Trd, 8638906.379, 127
Trd, 8638906.479, 121
Trd, 8638906.879, 89
Trd, 8638907.012, 83
Trd, 8638907.046, 129
Trd, 8638907.346, 83
Trd, 8638907.612, 76
Trd, 8638907.746, 68
Trd, 8638909.612, 89
Trd, 8638910.212, 93
Trd, 8638910.612, 93
Trd, 8638910.712, 126
Trd, 8638910.946, 81
Trd, 8638912.612, 128
Trd, 8638912.779, 140
Trd, 8638912.879, 128
Trd, 8638913.346, 123
Trd, 8638913.712, 122
Trd, 8638913.946, 116
Trd, 8638914.279, 114
Trd, 8638914.979, 132
Trd, 8638915.479, 110
Trd, 8638915.579, 86
Trd, 8638916.812, 125
Trd, 8638917.112, 106
Trd, 8638917.279, 104
Trd, 8638917.512, 81
Trd, 8638917.579, 88
Trd, 8638918.779, 77
Trd, 8638919.412, 91
Trd, 8638920.112, 78
Trd, 8638920.246, 85
Trd, 8638920.712, 69
Trd, 8638921.346, 116
Trd, 8638923.046, 109
Trd, 8638923.379, 108
Trd, 8638923.879, 104
Trd, 8638924.612, 137
Trd, 8638924.646, 107
Trd, 8638924.912, 124
Trd, 8638925.212, 92
Trd, 8638925.279, 84
Trd, 8638926.046, 98
Trd, 8638926.079, 83
Trd, 8638926.579, 103
Trd, 8638927.012, 114
Trd, 8638927.512, 104
Trd, 8638927.546, 101
Trd, 8638927.712, 99
Trd, 8638928.379, 127
Trd, 8638928.412, 115
Trd, 8638929.279, 135
Trd, 8638929.546, 133
Trd, 8638930.079, 114
Trd, 8638930.446, 112
Trd, 8638930.579, 121
Trd, 8638930.979, 92
Trd, 8638931.279, 89
Trd, 8638932.312, 100
Trd, 8638932.979, 93
Trd, 8638933.646, 90
Trd, 8638933.912, 77
Trd, 8638934.312, 69
Trd, 8638934.846, 69
Trd, 8638935.312, 75
Trd, 8638935.446, 65
Trd, 8638935.612, 109
Trd, 8638936.046, 127
Trd, 8638936.746, 95
Trd, 8638936.812, 109
Trd, 8638936.846, 119
Trd, 8638937.246, 139
Trd, 8638937.379, 101
Trd, 8638937.646, 65
Trd, 8638938.312, 76
Trd, 8638939.746, 66
Trd, 8638939.979, 70
Trd, 8638940.312, 79
Trd, 8638941.346, 89
Trd, 8638942.479, 77
Trd, 8638942.646, 77
Trd, 8638942.912, 107
Trd, 8638943.279, 76
Trd, 8638943.679, 74
Trd, 8638944.246, 87
Trd, 8638944.546, 69
Trd, 8638945.412, 93
Trd, 8638946.112, 95
Trd, 8638947.446, 97
Trd, 8638947.946, 97
Trd, 8638948.246, 86
Trd, 8638948.312, 85
Trd, 8638949.446, 78
Trd, 8638950.046, 68
Trd, 8638950.312, 67
Trd, 8638950.746, 64
Trd, 8638951.212, 113
Trd, 8638951.312, 134
Trd, 8638952.146, 73
Trd, 8638952.846, 88
Trd, 8638953.179, 92
Trd, 8638953.312, 107
Trd, 8638953.446, 76
Trd, 8638954.612, 91
Trd, 8638955.179, 88
Trd, 8638955.412, 84
Trd, 8638955.879, 101
Trd, 8638956.046, 109
Trd, 8638956.312, 95
Trd, 8638956.779, 111
Trd, 8638956.979, 93
Trd, 8638957.879, 126
Trd, 8638958.179, 122
Trd, 8638958.646, 112
Trd, 8638959.912, 110
Trd, 8638959.979, 110
Trd, 8638960.979, 127
Trd, 8638961.212, 82
Trd, 8638961.679, 80
Trd, 8638961.846, 84
Trd, 8638962.279, 115
Trd, 8638963.446, 89
Trd, 8638963.479, 86
Trd, 8638964.079, 82
Trd, 8638964.479, 87
Trd, 8638964.779, 93
Trd, 8638965.612, 78
Trd, 8638965.746, 78
Trd, 8638965.912, 84
Trd, 8638966.212, 112
Trd, 8638966.646, 101
Trd, 8638967.046, 94
Trd, 8638967.146, 75
Trd, 8638967.846, 137
Trd, 8638968.312, 109
Trd, 8638968.579, 127
Trd, 8638968.946, 105
Trd, 8638969.779, 98
Trd, 8638970.512, 125
Trd, 8638970.612, 123
Trd, 8638970.812, 96
Trd, 8638971.012, 90
Trd, 8638971.879, 100
Trd, 8638972.979, 82
Trd, 8638973.046, 137
Trd, 8638973.346, 103
Trd, 8638973.979, 116
Trd, 8638974.746, 92
Trd, 8638974.979, 96
Trd, 8638975.212, 115
Trd, 8638976.312, 93
Trd, 8638976.346, 90
Trd, 8638976.446, 109
Trd, 8638977.279, 124
Trd, 8638977.546, 111
Trd, 8638978.779, 109
Trd, 8638979.046, 103
Trd, 8638979.212, 124
Trd, 8638979.746, 114
Trd, 8638980.079, 112
Trd, 8638980.946, 122
Trd, 8638981.046, 120
Trd, 8638981.379, 110
Trd, 8638982.579, 109
Trd, 8638982.646, 108
Trd, 8638982.946, 108
Trd, 8638983.746, 105
Trd, 8638984.479, 69
Trd, 8638984.679, 71
Trd, 8638984.946, 71
Trd, 8638985.946, 129
Trd, 8638986.546, 119
Trd, 8638987.012, 129
Trd, 8638987.512, 116
Trd, 8638987.579, 112
Trd, 8638987.646, 94
Trd, 8638987.912, 76
Trd, 8638988.512, 80
Trd, 8638988.612, 94
Trd, 8638989.512, 76
Trd, 8638989.746, 79
Trd, 8638990.412, 73
Trd, 8638990.646, 102
Trd, 8638990.779, 71
Trd, 8638991.912, 75
Trd, 8638992.312, 71
Trd, 8638992.946, 90
Trd, 8638993.112, 70
Trd, 8638993.379, 109
Trd, 8638994.179, 76
Trd, 8638994.979, 124
Trd, 8638995.212, 120
Trd, 8638995.246, 120
Trd, 8638995.312, 112
Trd, 8638996.379, 83
Trd, 8638996.612, 87
Trd, 8638996.746, 97
Trd, 8638997.446, 79
Trd, 8638997.579, 77
Trd, 8638997.679, 81
Trd, 8638997.746, 107
Trd, 8638998.146, 133
Trd, 8638998.812, 85
Trd, 8638999.779, 60
Trd, 8639000.279, 81
Trd, 8639000.646, 60
Trd, 8639001.812, 79
Trd, 8639003.012, 131
Trd, 8639003.612, 121
Trd, 8639003.812, 107
Trd, 8639004.012, 92
Trd, 8639004.846, 130
Trd, 8639005.879, 128
Trd, 8639006.579, 130
Trd, 8639006.679, 124
Trd, 8639007.079, 118
Trd, 8639007.212, 113
Trd, 8639007.346, 112
Trd, 8639007.412, 108
Trd, 8639007.679, 135
Trd, 8639007.879, 102
Trd, 8639008.612, 118
Trd, 8639009.246, 131
Trd, 8639009.979, 68
Trd, 8639010.279, 71
Trd, 8639010.612, 94
Trd, 8639010.746, 133
Trd, 8639012.779, 65
Trd, 8639012.846, 65
Trd, 8639012.879, 87
Trd, 8639013.046, 132
Trd, 8639013.179, 110
Trd, 8639013.712, 124
Trd, 8639014.146, 109
Trd, 8639015.046, 100
Trd, 8639016.246, 110
Trd, 8639016.579, 126
Trd, 8639016.612, 116
Trd, 8639017.046, 108
Trd, 8639017.546, 107
Trd, 8639017.612, 111
Trd, 8639017.812, 129
Trd, 8639018.712, 88
Trd, 8639019.412, 87
Trd, 8639019.979, 121
Trd, 8639020.946, 116
Trd, 8639021.712, 121
Trd, 8639021.779, 119
Trd, 8639022.346, 97
Trd, 8639022.979, 115
Trd, 8639023.446, 93
Trd, 8639023.946, 131
Trd, 8639024.379, 96
Trd, 8639024.979, 86
Trd, 8639025.446, 121
Trd, 8639025.579, 99
Trd, 8639026.112, 94
Trd, 8639026.646, 118
Trd, 8639026.679, 116
Trd, 8639027.146, 83
Trd, 8639027.479, 112
Trd, 8639028.346, 119
Trd, 8639028.512, 111
Trd, 8639029.212, 106
Trd, 8639029.779, 124
Trd, 8639030.646, 97
Trd, 8639030.846, 104
Trd, 8639031.412, 94
Trd, 8639031.712, 93
Trd, 8639031.846, 86
Trd, 8639032.379, 111
Trd, 8639032.512, 125
Trd, 8639032.612, 86
Trd, 8639033.079, 136
Trd, 8639033.379, 104
Trd, 8639033.946, 103
Trd, 8639034.012, 134
Trd, 8639034.479, 130
Trd, 8639034.946, 101
Trd, 8639035.146, 127
Trd, 8639035.946, 101
Trd, 8639036.212, 98
Trd, 8639036.512, 95
Trd, 8639036.779, 91
Trd, 8639037.179, 106
Trd, 8639037.546, 112
Trd, 8639038.646, 128
Trd, 8639039.079, 105
Trd, 8639039.712, 97
Trd, 8639039.746, 109
Trd, 8639040.846, 103
Trd, 8639041.379, 111
Trd, 8639041.646, 113
Trd, 8639041.712, 94
Trd, 8639042.046, 84
Trd, 8639042.612, 90
Trd, 8639042.746, 83
Trd, 8639044.012, 81
Trd, 8639045.346, 74
Trd, 8639045.812, 128
Trd, 8639045.846, 125
Trd, 8639046.179, 123
Trd, 8639046.246, 119
Trd, 8639046.879, 121
Trd, 8639047.179, 117
Trd, 8639047.312, 117
Trd, 8639047.579, 132
Trd, 8639048.146, 121
Trd, 8639048.279, 116
Trd, 8639048.646, 112
Trd, 8639049.379, 101
Trd, 8639049.879, 100
Trd, 8639049.979, 96
Trd, 8639050.346, 88
Trd, 8639051.046, 88
Trd, 8639051.479, 77
Trd, 8639051.979, 63
Trd, 8639052.446, 99
Trd, 8639053.046, 71
Trd, 8639054.212, 109
Trd, 8639054.379, 104
Trd, 8639054.679, 101
Trd, 8639054.779, 114
Trd, 8639055.012, 109
Trd, 8639055.479, 105
Trd, 8639056.012, 137
Trd, 8639056.179, 72
Trd, 8639057.079, 74
Trd, 8639057.246, 138
Trd, 8639057.946, 98
Trd, 8639058.279, 100
Trd, 8639058.679, 94
Trd, 8639059.046, 91
Trd, 8639059.579, 105
Trd, 8639059.746, 106
Trd, 8639060.812, 105
Trd, 8639060.946, 93
Trd, 8639061.279, 96
Trd, 8639061.646, 94
Trd, 8639062.312, 100
Trd, 8639063.112, 119
Trd, 8639063.379, 94
Trd, 8639064.046, 133
Trd, 8639064.546, 131
Trd, 8639064.846, 123
Trd, 8639065.079, 96
Trd, 8639066.179, 125
Trd, 8639066.212, 115
Trd, 8639066.279, 115
Trd, 8639066.612, 105
Trd, 8639066.912, 105
Trd, 8639068.112, 131
Trd, 8639068.412, 113
Trd, 8639068.446, 111
Trd, 8639068.546, 108
Trd, 8639069.712, 110
Trd, 8639069.812, 94
Trd, 8639070.446, 111
Trd, 8639070.812, 105
Trd, 8639070.879, 94
Trd, 8639071.046, 72
Trd, 8639072.346, 79
Trd, 8639073.146, 103
Trd, 8639073.279, 78
Trd, 8639073.579, 76
Trd, 8639073.612, 119
Trd, 8639074.779, 136
Trd, 8639075.112, 134
Trd, 8639075.812, 137
Trd, 8639075.979, 130
Trd, 8639076.412, 123
Trd, 8639077.279, 115
Trd, 8639078.012, 116
Trd, 8639078.079, 111
Trd, 8639079.646, 135
Trd, 8639079.846, 133
Trd, 8639080.046, 128
Trd, 8639080.212, 113
Trd, 8639080.279, 111
Trd, 8639081.146, 109
Trd, 8639081.579, 96
Trd, 8639082.112, 116
Trd, 8639082.446, 95
Trd, 8639082.546, 115
Trd, 8639083.012, 121
Trd, 8639083.546, 122
Trd, 8639083.712, 117
Trd, 8639084.179, 116
Trd, 8639084.312, 107
Trd, 8639084.779, 105
Trd, 8639086.012, 87
Trd, 8639086.146, 83
Trd, 8639087.312, 116
Trd, 8639087.612, 132
Trd, 8639087.979, 127
Trd, 8639088.212, 99
Trd, 8639088.646, 68
Trd, 8639089.379, 64
Trd, 8639089.812, 74
Trd, 8639090.412, 75
Trd, 8639090.446, 108
Trd, 8639091.779, 103
Trd, 8639092.079, 102
Trd, 8639092.546, 102
Trd, 8639093.246, 108
Trd, 8639093.279, 112
Trd, 8639094.179, 135
Trd, 8639094.612, 136
Trd, 8639094.679, 134
Trd, 8639094.912, 124
Trd, 8639095.379, 110
Trd, 8639095.512, 109
Trd, 8639097.812, 110
Trd, 8639098.179, 123
Trd, 8639098.279, 98
Trd, 8639098.746, 97
Trd, 8639099.012, 135
Trd, 8639099.812, 128
Trd, 8639099.879, 103
Trd, 8639100.879, 113
Trd, 8639101.112, 111
Trd, 8639101.246, 95
Trd, 8639102.812, 94
Trd, 8639102.879, 97
Trd, 8639103.312, 100
Trd, 8639103.912, 104
Trd, 8639104.846, 122
Trd, 8639105.412, 134
Trd, 8639105.579, 125
Trd, 8639105.812, 117
Trd, 8639106.046, 113
Trd, 8639106.212, 110
Trd, 8639106.412, 103
Trd, 8639106.812, 69
Trd, 8639106.979, 128
Trd, 8639107.479, 116
Trd, 8639109.746, 96
Trd, 8639110.879, 140
Trd, 8639111.212, 132
Trd, 8639111.312, 116
Trd, 8639111.346, 113
Trd, 8639111.746, 109
Trd, 8639111.912, 106
Trd, 8639112.179, 106
Trd, 8639112.346, 100
Trd, 8639112.479, 99
Trd, 8639112.512, 94
Trd, 8639113.379, 117
Trd, 8639113.579, 114
Trd, 8639113.712, 112
Trd, 8639114.179, 75
Trd, 8639115.279, 135
Trd, 8639115.312, 80
Trd, 8639115.512, 87
Trd, 8639115.912, 95
Trd, 8639116.379, 103
Trd, 8639116.946, 106
Trd, 8639117.579, 113
Trd, 8639117.879, 126
Trd, 8639118.079, 135
Trd, 8639118.446, 131
Trd, 8639118.546, 130
Trd, 8639119.179, 120
Trd, 8639119.879, 116
Trd, 8639120.079, 115
Trd, 8639120.912, 103
Trd, 8639121.779, 124
Trd, 8639121.912, 101
Trd, 8639122.812, 99
Trd, 8639123.179, 97
Trd, 8639123.946, 65
Trd, 8639123.979, 71
Trd, 8639124.346, 66
Trd, 8639125.279, 79
Trd, 8639125.312, 76
Trd, 8639125.679, 90
Trd, 8639125.946, 77
Trd, 8639126.379, 97
Trd, 8639126.546, 115
Trd, 8639126.579, 78
Trd, 8639126.646, 76
Trd, 8639127.579, 83
Trd, 8639127.912, 103
Trd, 8639128.379, 90
Trd, 8639129.212, 107
Trd, 8639129.779, 121
Trd, 8639130.412, 135
Trd, 8639130.679, 121
Trd, 8639130.712, 120
Trd, 8639131.679, 123
Trd, 8639131.879, 119
Trd, 8639132.112, 115
Trd, 8639132.879, 125
Trd, 8639132.979, 124
Trd, 8639133.512, 136
Trd, 8639133.612, 129
Trd, 8639134.146, 121
Trd, 8639134.412, 140
Trd, 8639135.446, 90
Trd, 8639136.512, 112
Trd, 8639136.746, 120
Trd, 8639137.646, 110
Trd, 8639137.879, 104
Trd, 8639138.279, 103
Trd, 8639139.212, 94
Trd, 8639139.546, 90
Trd, 8639140.012, 103
Trd, 8639140.479, 134
Trd, 8639141.346, 116
Trd, 8639141.479, 91
Trd, 8639142.446, 93
Trd, 8639142.846, 84
Trd, 8639142.979, 123
Trd, 8639143.212, 122
Trd, 8639143.446, 120
Trd, 8639144.179, 110
Trd, 8639144.579, 81
Trd, 8639144.646, 85
Trd, 8639144.879, 79
Trd, 8639145.379, 79
Trd, 8639146.246, 82
Trd, 8639146.812, 69
Trd, 8639146.912, 83
Trd, 8639147.212, 70
Trd, 8639147.246, 71
Trd, 8639148.779, 68
Trd, 8639149.112, 70
Trd, 8639149.779, 98
Trd, 8639150.546, 100
Trd, 8639151.312, 95
Trd, 8639151.346, 105
Trd, 8639151.679, 117
Trd, 8639152.546, 105
Trd, 8639153.546, 102
Trd, 8639153.579, 101
Trd, 8639154.012, 101
Trd, 8639155.446, 137
Trd, 8639156.046, 124
Trd, 8639156.346, 90
Trd, 8639157.312, 111
Trd, 8639157.879, 108
Trd, 8639158.112, 134
Trd, 8639158.646, 108
Trd, 8639159.512, 105
Trd, 8639159.746, 97
Trd, 8639159.812, 94
Trd, 8639160.046, 83
Trd, 8639161.279, 88
Trd, 8639161.479, 104
Trd, 8639162.079, 88
Trd, 8639162.446, 87
Trd, 8639162.746, 101
Trd, 8639163.012, 75
Trd, 8639163.046, 64
Trd, 8639163.912, 67
Trd, 8639164.112, 127
Trd, 8639164.779, 120
Trd, 8639164.912, 106
Trd, 8639165.379, 114
Trd, 8639165.546, 105
Trd, 8639165.946, 73
Trd, 8639166.146, 120
Trd, 8639166.546, 118
Trd, 8639167.012, 133
Trd, 8639167.812, 106
Trd, 8639167.979, 100
Trd, 8639168.679, 89
Trd, 8639169.679, 92
Trd, 8639170.512, 100
Trd, 8639170.679, 99
Trd, 8639171.046, 139
Trd, 8639171.546, 120
Trd, 8639172.546, 125
Trd, 8639172.912, 99
Trd, 8639173.279, 124
Trd, 8639173.612, 127
Trd, 8639173.679, 120
Trd, 8639175.312, 117
Trd, 8639175.812, 125
Trd, 8639176.212, 121
Trd, 8639176.279, 119
Trd, 8639176.579, 117
Trd, 8639177.646, 115
Trd, 8639177.812, 131
Trd, 8639178.212, 115
Trd, 8639178.712, 138
Trd, 8639179.446, 109
Trd, 8639180.146, 109
Trd, 8639180.212, 112
Trd, 8639180.579, 123
Trd, 8639180.746, 107
Trd, 8639181.212, 139
Trd, 8639181.879, 111
Trd, 8639183.112, 108
Trd, 8639183.346, 104
Trd, 8639183.746, 123
Trd, 8639183.846, 130
Trd, 8639184.546, 106
Trd, 8639185.679, 85
Trd, 8639186.012, 107
Trd, 8639186.346, 84
Trd, 8639186.979, 119
Trd, 8639187.079, 103
Trd, 8639188.212, 112
Trd, 8639188.379, 140
Trd, 8639188.812, 110
Trd, 8639189.079, 105
Trd, 8639189.512, 93
Trd, 8639190.512, 98
Trd, 8639191.146, 116
Trd, 8639191.412, 91
Trd, 8639191.612, 90
Trd, 8639191.846, 93
Trd, 8639193.379, 112
Trd, 8639193.412, 114
Trd, 8639193.646, 127
Trd, 8639193.779, 91
Trd, 8639193.812, 91
Trd, 8639193.946, 91
Trd, 8639194.546, 91
Trd, 8639194.879, 92
Trd, 8639197.346, 89
Trd, 8639197.579, 86
Trd, 8639197.746, 91
Trd, 8639198.312, 119
Trd, 8639198.646, 100
Trd, 8639200.012, 137
Trd, 8639200.246, 130
Trd, 8639200.346, 127
Trd, 8639200.646, 106
Trd, 8639201.212, 112
Trd, 8639201.679, 111
Trd, 8639201.712, 96
Trd, 8639202.246, 103
Trd, 8639202.912, 130
Trd, 8639203.179, 140
Trd, 8639203.712, 100
Trd, 8639203.746, 115
Trd, 8639204.479, 129
Trd, 8639205.579, 134
Trd, 8639205.612, 103
Trd, 8639206.279, 123
Trd, 8639206.412, 105
Trd, 8639208.246, 116
Trd, 8639208.379, 126
Trd, 8639208.412, 112
Trd, 8639208.846, 99
Trd, 8639209.046, 98
Trd, 8639209.412, 88
Trd, 8639210.479, 115
Trd, 8639210.579, 117
Trd, 8639210.679, 119
Trd, 8639211.312, 140
Trd, 8639212.112, 139
Trd, 8639212.212, 137
Trd, 8639212.379, 134
Trd, 8639212.679, 132
Trd, 8639213.712, 128
Trd, 8639213.946, 124
Trd, 8639214.212, 120
Trd, 8639214.912, 114
Trd, 8639215.446, 117
Trd, 8639215.712, 126
Trd, 8639216.712, 115
Trd, 8639217.412, 117
Trd, 8639217.646, 114
Trd, 8639218.746, 112
Trd, 8639218.879, 99
Trd, 8639219.346, 119
Trd, 8639219.512, 97
Trd, 8639219.712, 98
Trd, 8639219.912, 118
Trd, 8639220.279, 105
Trd, 8639220.646, 108
Trd, 8639221.312, 90
Trd, 8639222.179, 130
Trd, 8639222.512, 128
Trd, 8639222.712, 90
Trd, 8639222.812, 96
Trd, 8639223.279, 87
Trd, 8639223.512, 118
Trd, 8639223.646, 83
Trd, 8639224.079, 68
Trd, 8639224.912, 91
Trd, 8639225.579, 84
Trd, 8639225.779, 90
Trd, 8639226.312, 102
Trd, 8639226.846, 85
Trd, 8639227.646, 119
Trd, 8639228.412, 119
Trd, 8639228.546, 115
Trd, 8639229.212, 115
Trd, 8639229.246, 113
Trd, 8639229.446, 108
Trd, 8639229.812, 108
Trd, 8639230.079, 107
Trd, 8639230.712, 103
Trd, 8639231.612, 96
Trd, 8639231.646, 95
Trd, 8639231.946, 97
Trd, 8639232.912, 92
Trd, 8639233.146, 88
Trd, 8639234.612, 96
Trd, 8639234.912, 88
Trd, 8639234.979, 129
Trd, 8639235.146, 86
Trd, 8639235.746, 101
Trd, 8639236.512, 83
Trd, 8639237.179, 91
Trd, 8639237.346, 74
Trd, 8639238.112, 137
Trd, 8639238.346, 132
Trd, 8639239.012, 139
Trd, 8639239.379, 132
Trd, 8639240.012, 127
Trd, 8639240.046, 126
Trd, 8639240.846, 113
Trd, 8639241.012, 123
Trd, 8639241.812, 121
Trd, 8639242.979, 112
Trd, 8639243.046, 111
Trd, 8639244.312, 128
Trd, 8639245.179, 118
Trd, 8639245.246, 115
Trd, 8639246.112, 129
Trd, 8639246.212, 115
Trd, 8639246.446, 110
Trd, 8639247.479, 137
Trd, 8639247.646, 110
Trd, 8639247.879, 109
Trd, 8639248.712, 107
Trd, 8639248.779, 106
Trd, 8639248.946, 105
Trd, 8639249.779, 85
Trd, 8639250.146, 107
Trd, 8639251.012, 94
Trd, 8639251.312, 82
Trd, 8639252.612, 104
Trd, 8639252.979, 92
Trd, 8639253.146, 92
Trd, 8639253.546, 88
Trd, 8639253.646, 104
Trd, 8639254.079, 111
Trd, 8639254.746, 123
Trd, 8639255.346, 108
Trd, 8639255.712, 104
Trd, 8639256.312, 114
Trd, 8639256.612, 117
Trd, 8639257.346, 110
Trd, 8639257.579, 107
Trd, 8639257.712, 107
Trd, 8639258.012, 105
Trd, 8639258.812, 107
Trd, 8639258.912, 100
Trd, 8639259.246, 90
Trd, 8639260.512, 135
Trd, 8639260.612, 133
Trd, 8639260.679, 136
Trd, 8639260.879, 129
Trd, 8639261.279, 117
Trd, 8639261.412, 114
Trd, 8639261.712, 100
Trd, 8639262.679, 106
Trd, 8639262.746, 98
Trd, 8639264.112, 109
Trd, 8639264.179, 108
Trd, 8639264.279, 96
Trd, 8639265.046, 100
Trd, 8639265.112, 80
Trd, 8639265.446, 84
Trd, 8639266.179, 137
Trd, 8639266.279, 116
Trd, 8639266.746, 99
Trd, 8639267.812, 88
Trd, 8639268.179, 106
Trd, 8639268.579, 99
Trd, 8639269.946, 128
Trd, 8639270.012, 124
Trd, 8639270.079, 122
Trd, 8639270.479, 121
Trd, 8639270.979, 107
Trd, 8639271.079, 104
Trd, 8639271.912, 128
Trd, 8639272.112, 110
Trd, 8639272.379, 130
Trd, 8639272.812, 85
Trd, 8639272.979, 91
Trd, 8639273.846, 96
Trd, 8639274.046, 140
Trd, 8639274.879, 95
Trd, 8639275.012, 140
Trd, 8639275.279, 96
Trd, 8639275.679, 113
Trd, 8639276.679, 120
Trd, 8639277.146, 103
Trd, 8639277.312, 103
Trd, 8639277.512, 99
Trd, 8639277.612, 106
Trd, 8639277.646, 99
Trd, 8639277.712, 90
Trd, 8639278.779, 123
Trd, 8639278.912, 68
Trd, 8639278.979, 83
Trd, 8639280.012, 64
Trd, 8639280.612, 65
Trd, 8639281.912, 66
Trd, 8639281.946, 111
Trd, 8639282.346, 75
Trd, 8639283.446, 132
Trd, 8639283.479, 110
Trd, 8639283.846, 112
Trd, 8639283.946, 107
Trd, 8639284.512, 97
Trd, 8639284.712, 89
Trd, 8639285.012, 115
Trd, 8639285.079, 120
Trd, 8639285.112, 97
Trd, 8639285.779, 88
Trd, 8639285.879, 88
Trd, 8639285.912, 86
Trd, 8639286.012, 114
Trd, 8639287.079, 126
Trd, 8639287.346, 99
Trd, 8639288.079, 115
Trd, 8639288.446, 111
Trd, 8639289.579, 112
Trd, 8639290.312, 113
Trd, 8639290.412, 109
Trd, 8639291.279, 112
Trd, 8639291.346, 111
Trd, 8639291.579, 108
Trd, 8639291.779, 102
Trd, 8639292.912, 131
Trd, 8639293.279, 117
Trd, 8639294.079, 99
Trd, 8639294.712, 83
Trd, 8639295.046, 93
Trd, 8639295.512, 76
Trd, 8639296.112, 81
Trd, 8639296.979, 92
Trd, 8639297.646, 124
Trd, 8639298.346, 91
Trd, 8639298.412, 91
Trd, 8639298.712, 125
Trd, 8639299.112, 122
Trd, 8639299.446, 127
Trd, 8639300.112, 115
Trd, 8639301.346, 93
Trd, 8639302.579, 124
Trd, 8639302.746, 122
Trd, 8639302.779, 121
Trd, 8639303.012, 128
Trd, 8639303.779, 124
Trd, 8639303.879, 128
Trd, 8639304.079, 117
Trd, 8639304.446, 94
Trd, 8639304.512, 132
Trd, 8639305.279, 123
Trd, 8639305.379, 78
Trd, 8639305.879, 126
Trd, 8639306.012, 121
Trd, 8639307.246, 129
Trd, 8639307.346, 108
Trd, 8639307.946, 90
Trd, 8639308.079, 85
Trd, 8639308.379, 100
Trd, 8639308.846, 82
Trd, 8639309.312, 126
Trd, 8639310.146, 123
Trd, 8639310.679, 118
Trd, 8639310.946, 116
Trd, 8639311.146, 108
Trd, 8639311.212, 107
Trd, 8639312.579, 128
Trd, 8639312.646, 125
Trd, 8639313.512, 118
Trd, 8639313.579, 124
Trd, 8639313.912, 114
Trd, 8639313.946, 94
Trd, 8639314.079, 89
Trd, 8639314.579, 105
Trd, 8639314.846, 87
Trd, 8639315.312, 80
Trd, 8639315.779, 101
Trd, 8639316.946, 74
Trd, 8639318.212, 64
Trd, 8639319.046, 92
Trd, 8639319.112, 85
Trd, 8639319.146, 74
Trd, 8639319.812, 92
Trd, 8639319.979, 100
Trd, 8639320.012, 107
Trd, 8639320.846, 87
Trd, 8639321.046, 86
Trd, 8639321.346, 85
Trd, 8639321.412, 71
Trd, 8639321.812, 77
Trd, 8639323.146, 104
Trd, 8639323.579, 90
Trd, 8639323.646, 86
Trd, 8639324.246, 81
Trd, 8639324.546, 95
Trd, 8639325.979, 129
Trd, 8639326.146, 109
Trd, 8639326.246, 108
Trd, 8639326.612, 90
Trd, 8639327.512, 125
Trd, 8639327.712, 106
Trd, 8639328.179, 139
Trd, 8639328.279, 134
Trd, 8639329.312, 76
Trd, 8639329.979, 131
Trd, 8639330.012, 129
Trd, 8639330.646, 85
Trd, 8639330.679, 72
Trd, 8639331.312, 99
Trd, 8639332.012, 104
Trd, 8639332.479, 99
Trd, 8639332.679, 88
Trd, 8639333.846, 111
Trd, 8639334.479, 77
Trd, 8639334.546, 73
Trd, 8639334.646, 72
Trd, 8639336.579, 78
Trd, 8639336.812, 77
Trd, 8639337.012, 95
Trd, 8639337.279, 102
Trd, 8639337.746, 99
Trd, 8639338.446, 104
Trd, 8639338.512, 98
Trd, 8639338.679, 96
Trd, 8639339.212, 132
Trd, 8639339.646, 93
Trd, 8639340.112, 92
Trd, 8639340.212, 76
Trd, 8639340.546, 66
Trd, 8639340.646, 134
Trd, 8639341.512, 109
Trd, 8639342.379, 92
Trd, 8639342.512, 92
Trd, 8639342.846, 92
Trd, 8639343.146, 82
Trd, 8639343.646, 98
Trd, 8639344.512, 106
Trd, 8639344.846, 112
Trd, 8639345.046, 89
Trd, 8639345.579, 86
Trd, 8639346.246, 86
Trd, 8639346.679, 128
Trd, 8639347.212, 139
Trd, 8639347.679, 137
Trd, 8639348.346, 130
Trd, 8639348.679, 126
Trd, 8639349.379, 122
Trd, 8639350.612, 111
Trd, 8639351.579, 119
Trd, 8639351.612, 124
Trd, 8639351.879, 102
Trd, 8639352.612, 92
Trd, 8639352.779, 110
Trd, 8639352.912, 91
Trd, 8639353.479, 130
Trd, 8639353.512, 114
Trd, 8639354.079, 112
Trd, 8639354.479, 120
Trd, 8639354.612, 130
Trd, 8639354.946, 116
Trd, 8639355.046, 140
Trd, 8639355.612, 106
Trd, 8639356.046, 105
Trd, 8639356.279, 104
Trd, 8639356.879, 101
Trd, 8639357.779, 95
Trd, 8639358.712, 109
Trd, 8639359.312, 107
Trd, 8639359.379, 104
Trd, 8639359.612, 99
Trd, 8639360.712, 112
Trd, 8639360.946, 125
Trd, 8639361.079, 132
Trd, 8639361.246, 137
Trd, 8639361.446, 116
Trd, 8639362.046, 95
Trd, 8639362.346, 137
Trd, 8639362.446, 109
Trd, 8639363.312, 92
Trd, 8639363.579, 132
Trd, 8639364.379, 99
Trd, 8639364.746, 114
Trd, 8639365.212, 83
Trd, 8639365.546, 88
Trd, 8639365.912, 96
Trd, 8639366.479, 89
Trd, 8639366.846, 119
Trd, 8639367.046, 94
Trd, 8639367.246, 118
Trd, 8639367.412, 91
Trd, 8639368.612, 106
Trd, 8639368.779, 136
Trd, 8639369.879, 137
Trd, 8639369.912, 132
Trd, 8639370.512, 116
Trd, 8639371.512, 110
Trd, 8639372.179, 109
Trd, 8639372.612, 95
Trd, 8639373.112, 93
Trd, 8639373.346, 81
Trd, 8639373.946, 63
Trd, 8639374.046, 62
Trd, 8639374.246, 71
Trd, 8639375.246, 119
Trd, 8639375.312, 112
Trd, 8639375.479, 106
Trd, 8639376.279, 99
Trd, 8639377.046, 135
Trd, 8639377.246, 128
Trd, 8639378.179, 106
Trd, 8639378.679, 114
Trd, 8639379.579, 131
Trd, 8639379.746, 127
Trd, 8639380.179, 129
Trd, 8639380.646, 103
Trd, 8639381.046, 101
Trd, 8639381.646, 99
Trd, 8639382.079, 83
Trd, 8639382.179, 79
Trd, 8639384.012, 78
Trd, 8639384.146, 83
Trd, 8639384.179, 97
Trd, 8639384.812, 113
Trd, 8639385.512, 106
Trd, 8639385.546, 105
Trd, 8639386.079, 92
Trd, 8639386.579, 114
Trd, 8639386.812, 122
Trd, 8639387.346, 130
Trd, 8639387.546, 108
Trd, 8639387.612, 105
Trd, 8639387.946, 104
Trd, 8639388.279, 118
Trd, 8639388.312, 100
Trd, 8639388.512, 83
Trd, 8639389.579, 93
Trd, 8639389.946, 74
Trd, 8639390.346, 70
Trd, 8639390.612, 72
Trd, 8639392.912, 78
Trd, 8639393.046, 75
Trd, 8639393.179, 71
Trd, 8639393.979, 70
Trd, 8639394.446, 105
Trd, 8639394.512, 77
Trd, 8639395.312, 83
Trd, 8639396.179, 98
Trd, 8639396.579, 86
Trd, 8639396.846, 113
Trd, 8639397.712, 96
Trd, 8639398.146, 107
Trd, 8639398.179, 106
Trd, 8639398.479, 93
Trd, 8639399.746, 137
Trd, 8639399.846, 133
Trd, 8639400.979, 132
Trd, 8639401.179, 127
Trd, 8639401.746, 128
Trd, 8639402.346, 121
Trd, 8639402.379, 118
Trd, 8639403.146, 117
Trd, 8639404.412, 106
Trd, 8639405.546, 117
Trd, 8639406.079, 134
Trd, 8639406.312, 110
Trd, 8639406.779, 107
Trd, 8639407.212, 129
Trd, 8639408.079, 102
Trd, 8639408.212, 98
Trd, 8639408.412, 98
Trd, 8639408.512, 94
Trd, 8639408.646, 91
Trd, 8639408.846, 90
Trd, 8639409.012, 123
Trd, 8639409.646, 134
Trd, 8639409.979, 78
Trd, 8639410.146, 127
Trd, 8639411.079, 139
Trd, 8639411.979, 128
Trd, 8639412.046, 135
Trd, 8639413.479, 122
Trd, 8639413.579, 119
Trd, 8639414.046, 97
Trd, 8639414.146, 89
Trd, 8639415.246, 82
Trd, 8639415.812, 103
Trd, 8639416.212, 103
Trd, 8639416.279, 119
Trd, 8639416.679, 101
Trd, 8639418.479, 113
Trd, 8639419.246, 121
Trd, 8639419.279, 108
Trd, 8639419.346, 106
Trd, 8639419.579, 128
Trd, 8639420.479, 119
Trd, 8639420.512, 107
Trd, 8639421.412, 117
Trd, 8639422.512, 101
Trd, 8639422.779, 134
Trd, 8639423.579, 80
Trd, 8639423.979, 96
Trd, 8639424.846, 135
Trd, 8639425.012, 127
Trd, 8639425.679, 125
Trd, 8639426.746, 124
Trd, 8639426.946, 120
Trd, 8639427.112, 118
Trd, 8639428.712, 106
Trd, 8639428.846, 104
Trd, 8639429.712, 102
Trd, 8639430.312, 127
Trd, 8639430.346, 102
Trd, 8639430.479, 101
Trd, 8639430.912, 122
Trd, 8639431.579, 136
Trd, 8639431.946, 131
Trd, 8639432.479, 125
Trd, 8639432.746, 123
Trd, 8639433.346, 138
Trd, 8639434.046, 102
Trd, 8639434.079, 92
Trd, 8639434.246, 88
Trd, 8639434.879, 83
Trd, 8639435.879, 131
Trd, 8639436.279, 104
Trd, 8639436.446, 101
Trd, 8639436.712, 105
Trd, 8639436.979, 102
Trd, 8639437.812, 99
Trd, 8639437.879, 107
Trd, 8639438.246, 124
Trd, 8639438.279, 132
Trd, 8639439.379, 115
Trd, 8639439.646, 124
Trd, 8639439.846, 113
Trd, 8639440.612, 125
Trd, 8639441.012, 123
Trd, 8639441.379, 113
Trd, 8639441.846, 127
Trd, 8639442.146, 125
Trd, 8639442.479, 129
Trd, 8639442.579, 105
Trd, 8639443.912, 126
Trd, 8639444.546, 113
Trd, 8639445.946, 95
Trd, 8639446.046, 88
Trd, 8639446.179, 97
Trd, 8639446.812, 91
Trd, 8639447.246, 110
Trd, 8639447.346, 87
Trd, 8639447.412, 121
Trd, 8639447.646, 98
Trd, 8639447.679, 105
Trd, 8639448.446, 94
Trd, 8639448.912, 110
Trd, 8639449.012, 94
Trd, 8639450.146, 132
Trd, 8639450.312, 130
Trd, 8639451.579, 125
Trd, 8639451.712, 124
Trd, 8639451.746, 124
Trd, 8639451.946, 125
Trd, 8639452.279, 117
Trd, 8639452.379, 106
Trd, 8639453.312, 104
Trd, 8639453.512, 137
Trd, 8639453.846, 129
Trd, 8639454.079, 101
Trd, 8639455.646, 93
Trd, 8639455.912, 102
Trd, 8639457.012, 89
Trd, 8639457.579, 98
Trd, 8639457.712, 89
Trd, 8639457.779, 100
Trd, 8639458.812, 99
Trd, 8639458.946, 103
Trd, 8639459.146, 118
Trd, 8639459.312, 116
Trd, 8639459.346, 94
Trd, 8639459.712, 125
Trd, 8639460.246, 120
Trd, 8639460.446, 139
Trd, 8639461.846, 108
Trd, 8639462.079, 105
Trd, 8639462.446, 91
Trd, 8639462.512, 102
Trd, 8639463.512, 121
Trd, 8639463.779, 122
Trd, 8639464.279, 118
Trd, 8639464.946, 116
Trd, 8639465.012, 108
Trd, 8639465.846, 117
Trd, 8639466.346, 98
Trd, 8639466.612, 94
Trd, 8639466.779, 115
Trd, 8639467.412, 108
Trd, 8639468.246, 101
Trd, 8639468.412, 101
Trd, 8639468.479, 83
Trd, 8639469.079, 81
Trd, 8639470.079, 78
Trd, 8639470.846, 84
Trd, 8639471.112, 97
Trd, 8639471.379, 109
Trd, 8639471.712, 119
Trd, 8639471.846, 72
Trd, 8639472.612, 122
Trd, 8639473.512, 101
Trd, 8639474.812, 137
Trd, 8639474.912, 126
Trd, 8639474.979, 124
Trd, 8639475.579, 122
Trd, 8639476.046, 120
Trd, 8639476.212, 116
Trd, 8639477.079, 116
Trd, 8639477.646, 124
Trd, 8639477.712, 118
Trd, 8639479.012, 112
Trd, 8639479.312, 137
Trd, 8639479.412, 103
Trd, 8639479.546, 93
Trd, 8639480.212, 83
Trd, 8639480.712, 119
Trd, 8639481.146, 85
Trd, 8639481.646, 106
Trd, 8639482.279, 82
Trd, 8639482.379, 120
Trd, 8639482.446, 78
Trd, 8639483.479, 89
Trd, 8639483.812, 82
Trd, 8639483.846, 81
Trd, 8639483.879, 81
Trd, 8639484.646, 118
Trd, 8639485.546, 104
Trd, 8639486.212, 105
Trd, 8639486.346, 104
Trd, 8639486.612, 103
Trd, 8639487.346, 120
Trd, 8639488.679, 137
Trd, 8639489.346, 133
Trd, 8639490.712, 136
Trd, 8639490.779, 134
Trd, 8639491.346, 127
Trd, 8639491.479, 123
Trd, 8639491.746, 113
Trd, 8639492.046, 112
Trd, 8639492.512, 100
Trd, 8639492.812, 99
Trd, 8639493.146, 124
Trd, 8639493.779, 118
Trd, 8639493.946, 103
Trd, 8639494.479, 103
Trd, 8639494.546, 95
Trd, 8639495.179, 99
Trd, 8639495.246, 94
Trd, 8639495.546, 112
Trd, 8639496.112, 86
Trd, 8639496.712, 71
Trd, 8639497.479, 78
Trd, 8639498.946, 112
Trd, 8639499.279, 134
Trd, 8639499.346, 111
Trd, 8639499.612, 94
Trd, 8639500.546, 74
Trd, 8639500.712, 96
Trd, 8639500.879, 118
Trd, 8639501.546, 114
Trd, 8639502.712, 112
Trd, 8639503.312, 112
Trd, 8639503.746, 136
Trd, 8639503.812, 129
Trd, 8639504.079, 112
Trd, 8639504.712, 111
Trd, 8639505.112, 108
Trd, 8639505.779, 100
Trd, 8639506.146, 93
Trd, 8639506.379, 119
Trd, 8639506.446, 85
Trd, 8639506.546, 75
Trd, 8639508.546, 81
Trd, 8639508.812, 90
Trd, 8639508.912, 75
Trd, 8639508.946, 109
Trd, 8639509.079, 74
Trd, 8639509.279, 117
Trd, 8639509.946, 89
Trd, 8639511.012, 68
Trd, 8639511.579, 84
Trd, 8639512.646, 87
Trd, 8639512.779, 85
Trd, 8639512.946, 82
Trd, 8639513.512, 96
Trd, 8639513.946, 79
Trd, 8639514.279, 90
Trd, 8639514.412, 99
Trd, 8639514.546, 78
Trd, 8639515.046, 81
Trd, 8639515.212, 76
Trd, 8639515.279, 67
Trd, 8639515.412, 91
Trd, 8639515.546, 63
Trd, 8639517.579, 98
Trd, 8639517.712, 85
Trd, 8639519.212, 115
Trd, 8639519.246, 100
Trd, 8639520.212, 105
Trd, 8639520.379, 90
Trd, 8639520.712, 90
Trd, 8639521.212, 113
Trd, 8639521.346, 109
Trd, 8639521.679, 96
Trd, 8639522.046, 118
Trd, 8639522.279, 94
Trd, 8639522.512, 111
Trd, 8639523.612, 86
Trd, 8639523.646, 111
Trd, 8639523.679, 117
Trd, 8639524.579, 109
Trd, 8639525.346, 108
Trd, 8639525.546, 98
Trd, 8639525.846, 85
Trd, 8639526.512, 121
Trd, 8639526.779, 129
Trd, 8639526.979, 127
Trd, 8639527.179, 82
Trd, 8639529.079, 113
Trd, 8639529.246, 111
Trd, 8639529.679, 127
Trd, 8639530.146, 127
Trd, 8639530.346, 128
Trd, 8639530.379, 106
Trd, 8639530.612, 106
Trd, 8639531.479, 111
Trd, 8639531.579, 103
Trd, 8639532.079, 101
Trd, 8639532.712, 120
Trd, 8639532.979, 117
Trd, 8639533.212, 95
Trd, 8639534.179, 112
Trd, 8639534.746, 101
Trd, 8639535.012, 106
Trd, 8639535.412, 106
Trd, 8639535.512, 106
Trd, 8639535.579, 101
Trd, 8639535.912, 97
Trd, 8639536.446, 95
Trd, 8639536.546, 98
Trd, 8639536.779, 91
Trd, 8639536.979, 83
Trd, 8639537.779, 95
Trd, 8639538.379, 104
Trd, 8639539.246, 96
Trd, 8639539.346, 73
Trd, 8639539.812, 113
Trd, 8639540.179, 77
Trd, 8639542.046, 85
Trd, 8639542.712, 99
Trd, 8639542.979, 89
Trd, 8639543.279, 84
Trd, 8639543.612, 98
Trd, 8639543.812, 101
Trd, 8639545.879, 109
Trd, 8639546.512, 96
Trd, 8639547.046, 105
Trd, 8639548.012, 138
Trd, 8639548.079, 136
Trd, 8639548.212, 133
Trd, 8639548.246, 131
Trd, 8639548.312, 120
Trd, 8639548.712, 129
Trd, 8639549.112, 135
Trd, 8639549.612, 137
Trd, 8639550.079, 63
Trd, 8639550.812, 133
Trd, 8639551.812, 101
Trd, 8639551.979, 99
Trd, 8639552.512, 94
Trd, 8639552.579, 116
Trd, 8639553.012, 92
Trd, 8639554.312, 101
Trd, 8639554.512, 111
Trd, 8639554.546, 96
Trd, 8639554.879, 112
Trd, 8639555.846, 101
Trd, 8639556.379, 122
Trd, 8639556.779, 101
Trd, 8639556.946, 99
Trd, 8639557.179, 84
Trd, 8639557.512, 83
Trd, 8639557.612, 87
Trd, 8639557.712, 70
Trd, 8639557.746, 68
Trd, 8639557.846, 67
Trd, 8639560.012, 95
Trd, 8639560.112, 89
Trd, 8639560.279, 85
Trd, 8639560.846, 89
Trd, 8639561.112, 122
Trd, 8639561.546, 84
Trd, 8639561.679, 82
Trd, 8639562.079, 129
Trd, 8639562.212, 99
Trd, 8639563.012, 61
Trd, 8639563.046, 94
Trd, 8639563.479, 72
Trd, 8639563.712, 62
Trd, 8639563.812, 100
Trd, 8639564.612, 128
Trd, 8639565.146, 88
Trd, 8639567.379, 136
Trd, 8639567.479, 108
Trd, 8639567.846, 128
Trd, 8639568.512, 119
Trd, 8639568.546, 117
Trd, 8639568.712, 99
Trd, 8639568.946, 98
Trd, 8639569.679, 82
Trd, 8639569.779, 81
Trd, 8639570.779, 123
Trd, 8639571.412, 106
Trd, 8639572.779, 133
Trd, 8639572.846, 125
Trd, 8639572.879, 122
Trd, 8639573.179, 118
Trd, 8639573.612, 135
Trd, 8639574.012, 110
Trd, 8639574.146, 109
Trd, 8639574.279, 106
Trd, 8639575.612, 132
Trd, 8639576.012, 128
Trd, 8639577.546, 122
Trd, 8639577.879, 118
Trd, 8639578.012, 116
Trd, 8639578.046, 126
Trd, 8639578.112, 110
Trd, 8639578.846, 135
Trd, 8639578.912, 101
Trd, 8639579.712, 89
Trd, 8639579.879, 89
Trd, 8639580.412, 137
Trd, 8639580.812, 89
Trd, 8639582.212, 92
Trd, 8639582.912, 102
Trd, 8639583.146, 105
Trd, 8639583.312, 96
Trd, 8639583.779, 91
Trd, 8639583.979, 88
Trd, 8639585.046, 85
Trd, 8639586.479, 106
Trd, 8639586.679, 109
Trd, 8639587.146, 102
Trd, 8639587.246, 105
Trd, 8639587.479, 101
Trd, 8639587.612, 98
Trd, 8639587.912, 123
Trd, 8639588.212, 90
Trd, 8639589.946, 119
Trd, 8639590.112, 108
Trd, 8639590.446, 131
Trd, 8639591.246, 104
Trd, 8639591.412, 104
Trd, 8639592.246, 99
Trd, 8639592.346, 95
Trd, 8639592.546, 94
Trd, 8639592.579, 91
Trd, 8639593.179, 109
Trd, 8639593.879, 93
Trd, 8639594.012, 101
Trd, 8639594.412, 91
Trd, 8639595.779, 79
Trd, 8639595.946, 82
Trd, 8639595.979, 79
Trd, 8639596.246, 82
Trd, 8639597.046, 97
Trd, 8639597.212, 99
Trd, 8639597.346, 127
Trd, 8639598.179, 97
Trd, 8639598.512, 83
Trd, 8639599.979, 136
Trd, 8639600.246, 129
Trd, 8639600.946, 128
Trd, 8639601.212, 124
Trd, 8639601.746, 125
Trd, 8639601.779, 112
Trd, 8639602.779, 111
Trd, 8639602.812, 108
Trd, 8639602.879, 103
Trd, 8639603.446, 102
Trd, 8639603.679, 99
Trd, 8639604.146, 97
Trd, 8639604.312, 90
Trd, 8639604.646, 100
Trd, 8639604.946, 69
Trd, 8639605.412, 72
Trd, 8639606.512, 116
Trd, 8639606.846, 114
Trd, 8639606.879, 113
Trd, 8639607.579, 111
Trd, 8639607.879, 111
Trd, 8639607.979, 108
Trd, 8639608.212, 134
Trd, 8639608.846, 139
Trd, 8639609.146, 134
Trd, 8639610.212, 105
Trd, 8639610.979, 89
Trd, 8639611.546, 88
Trd, 8639612.646, 98
Trd, 8639613.279, 101
Trd, 8639613.712, 98
Trd, 8639614.312, 93
Trd, 8639614.512, 90
Trd, 8639614.679, 94
Trd, 8639615.112, 88
Trd, 8639615.579, 96
Trd, 8639616.479, 89
Trd, 8639616.546, 88
Trd, 8639617.346, 133
Trd, 8639618.179, 113
Trd, 8639618.546, 112
Trd, 8639619.546, 140
Trd, 8639619.712, 132
Trd, 8639619.779, 108
Trd, 8639620.879, 121
Trd, 8639621.279, 117
Trd, 8639621.646, 111
Trd, 8639622.212, 140
Trd, 8639623.279, 126
Trd, 8639623.346, 109
Trd, 8639623.779, 104
Trd, 8639624.979, 103
Trd, 8639625.312, 103
Trd, 8639625.779, 99
Trd, 8639625.812, 96
Trd, 8639625.879, 81
Trd, 8639626.512, 115
Trd, 8639626.712, 64
Trd, 8639627.146, 86
Trd, 8639627.812, 67
Trd, 8639627.946, 64
Trd, 8639629.446, 120
Trd, 8639629.712, 97
Trd, 8639629.779, 97
Trd, 8639629.912, 77
Trd, 8639630.146, 120
Trd, 8639630.379, 118
Trd, 8639631.012, 132
Trd, 8639631.046, 107
Trd, 8639633.512, 97
Trd, 8639634.146, 92
Trd, 8639634.679, 92
Trd, 8639635.279, 92
Trd, 8639635.346, 101
Trd, 8639635.979, 124
Trd, 8639636.212, 112
Trd, 8639636.279, 101
Trd, 8639636.779, 100
Trd, 8639638.146, 109
Trd, 8639638.679, 112
Trd, 8639639.346, 107
Trd, 8639639.512, 106
Trd, 8639639.646, 115
Trd, 8639640.279, 95
Trd, 8639640.979, 125
Trd, 8639641.012, 123
Trd, 8639641.112, 88
Trd, 8639641.479, 89
Trd, 8639642.679, 86
Trd, 8639643.579, 131
Trd, 8639643.846, 94
Trd, 8639644.079, 103
Trd, 8639644.146, 107
Trd, 8639644.779, 129
Trd, 8639645.146, 110
Trd, 8639645.412, 120
Trd, 8639646.079, 134
Trd, 8639646.779, 133
Trd, 8639646.846, 107
Trd, 8639647.179, 137
Trd, 8639647.446, 135
Trd, 8639647.912, 122
Trd, 8639648.246, 118
Trd, 8639648.746, 131
Trd, 8639649.246, 103
Trd, 8639649.379, 103
Trd, 8639649.912, 99
Trd, 8639650.112, 85
Trd, 8639650.212, 85
Trd, 8639650.746, 121
Trd, 8639652.912, 97
Trd, 8639653.746, 101
Trd, 8639654.312, 123
Trd, 8639655.146, 100
Trd, 8639655.246, 99
Trd, 8639655.879, 121
Trd, 8639655.979, 120
Trd, 8639656.212, 111
Trd, 8639656.346, 99
Trd, 8639656.846, 123
Trd, 8639657.179, 97
Trd, 8639657.479, 72
Trd, 8639657.646, 133
Trd, 8639658.746, 130
Trd, 8639659.612, 128
Trd, 8639659.646, 128
Trd, 8639660.346, 122
Trd, 8639660.679, 99
Trd, 8639661.179, 128
Trd, 8639661.346, 120
Trd, 8639662.046, 123
Trd, 8639662.146, 124
Trd, 8639662.812, 108
Trd, 8639662.979, 106
Trd, 8639663.112, 132
Trd, 8639663.312, 138
Trd, 8639664.812, 125
Trd, 8639664.846, 111
Trd, 8639665.079, 111
Trd, 8639665.246, 100
Trd, 8639665.879, 82
Trd, 8639666.246, 68
Trd, 8639666.846, 131
Trd, 8639668.112, 135
Trd, 8639668.312, 133
Trd, 8639668.379, 101
Trd, 8639668.412, 97
Trd, 8639668.879, 110
Trd, 8639669.979, 139
Trd, 8639670.579, 71
Trd, 8639670.846, 97
Trd, 8639671.612, 75
Trd, 8639671.946, 61
Trd, 8639672.446, 79
Trd, 8639672.779, 93
Trd, 8639672.946, 77
Trd, 8639674.012, 117
Trd, 8639674.479, 122
Trd, 8639674.579, 90
Trd, 8639675.046, 95
Trd, 8639675.246, 91
Trd, 8639675.746, 66
Trd, 8639676.212, 126
Trd, 8639676.279, 120
Trd, 8639676.546, 119
Trd, 8639676.646, 118
Trd, 8639676.946, 108
Trd, 8639677.546, 82
Trd, 8639678.246, 73
Trd, 8639679.146, 97
Trd, 8639679.546, 105
Trd, 8639679.779, 88
Trd, 8639679.879, 91
Trd, 8639681.112, 119
Trd, 8639681.179, 117
Trd, 8639681.212, 116
Trd, 8639681.312, 116
Trd, 8639681.579, 110
Trd, 8639682.879, 116
Trd, 8639683.279, 125
Trd, 8639683.446, 113
Trd, 8639683.479, 112
Trd, 8639683.879, 121
Trd, 8639684.012, 119
Trd, 8639684.112, 116
Trd, 8639685.312, 131
Trd, 8639685.579, 103
Trd, 8639686.179, 111
Trd, 8639686.379, 118
Trd, 8639687.012, 90
Trd, 8639687.212, 89
Trd, 8639687.879, 77
Trd, 8639688.446, 77
Trd, 8639688.512, 91
Trd, 8639689.112, 78
Trd, 8639689.879, 93
Trd, 8639690.112, 101
Trd, 8639690.312, 89
Trd, 8639690.579, 106
Trd, 8639691.179, 105
Trd, 8639691.479, 130
Trd, 8639691.712, 115
Trd, 8639692.446, 113
Trd, 8639692.479, 101
Trd, 8639692.712, 100
Trd, 8639694.512, 103
Trd, 8639694.979, 103
Trd, 8639695.412, 113
Trd, 8639696.312, 134
Trd, 8639696.546, 130
Trd, 8639696.579, 128
Trd, 8639696.679, 115
Trd, 8639696.779, 112
Trd, 8639697.046, 109
Trd, 8639697.979, 80
Trd, 8639698.246, 113
Trd, 8639699.146, 140
Trd, 8639699.512, 73
Trd, 8639700.179, 90
Trd, 8639700.979, 77
Trd, 8639701.412, 90
Trd, 8639701.779, 85
Trd, 8639701.912, 81
Trd, 8639702.046, 84
Trd, 8639702.146, 76
Trd, 8639703.879, 83
Trd, 8639703.912, 110
Trd, 8639704.779, 107
Trd, 8639706.379, 139
Trd, 8639706.546, 137
Trd, 8639707.979, 124
Trd, 8639708.346, 112
Trd, 8639708.912, 111
Trd, 8639709.246, 102
Trd, 8639709.279, 112
Trd, 8639709.946, 117
Trd, 8639710.946, 120
Trd, 8639711.312, 114
Trd, 8639711.346, 106
Trd, 8639712.079, 100
Trd, 8639712.346, 108
Trd, 8639712.812, 133
Trd, 8639712.979, 131
Trd, 8639713.512, 119
Trd, 8639713.612, 100
Trd, 8639714.046, 108
Trd, 8639714.146, 94
Trd, 8639714.712, 82
Trd, 8639715.346, 97
Trd, 8639715.679, 97
Trd, 8639715.779, 88
Trd, 8639717.579, 68
Trd, 8639717.979, 106
Trd, 8639718.179, 77
Trd, 8639718.412, 88
Trd, 8639718.446, 103
Trd, 8639719.812, 117
Trd, 8639720.046, 100
Trd, 8639721.512, 117
Trd, 8639721.979, 106
Trd, 8639722.279, 104
Trd, 8639722.479, 99
Trd, 8639722.679, 133
Trd, 8639722.746, 96
Trd, 8639723.612, 110
Trd, 8639723.646, 100
Trd, 8639724.279, 130
Trd, 8639725.112, 114
Trd, 8639725.379, 111
Trd, 8639725.479, 111
Trd, 8639725.812, 110
Trd, 8639725.946, 103
Trd, 8639726.079, 98
Trd, 8639726.879, 76
Trd, 8639727.179, 127
Trd, 8639727.446, 69
Trd, 8639727.979, 100
Trd, 8639728.179, 100
Trd, 8639728.679, 130
Trd, 8639729.779, 136
Trd, 8639730.012, 124
Trd, 8639730.312, 120
Trd, 8639730.746, 109
Trd, 8639731.012, 103
Trd, 8639731.312, 130
Trd, 8639731.446, 102
Trd, 8639732.346, 92
Trd, 8639732.446, 83
Trd, 8639733.479, 93
Trd, 8639734.612, 123
Trd, 8639735.546, 116
Trd, 8639735.646, 115
Trd, 8639735.979, 113
Trd, 8639736.712, 111
Trd, 8639737.179, 109
Trd, 8639737.612, 102
Trd, 8639738.279, 125
Trd, 8639738.712, 121
Trd, 8639739.479, 114
Trd, 8639739.512, 110
Trd, 8639739.612, 105
Trd, 8639739.846, 91
Trd, 8639740.379, 131
Trd, 8639740.779, 96
Trd, 8639740.879, 90
Trd, 8639741.312, 117
Trd, 8639742.279, 109
Trd, 8639742.479, 122
Trd, 8639742.579, 107
Trd, 8639744.146, 140
Trd, 8639744.179, 131
Trd, 8639744.879, 114
Trd, 8639745.246, 97
Trd, 8639745.346, 93
Trd, 8639745.812, 100
Trd, 8639746.512, 140
Trd, 8639746.646, 137
Trd, 8639746.746, 134
Trd, 8639746.912, 120
Trd, 8639747.146, 113
Trd, 8639747.246, 88
Trd, 8639748.312, 133
Trd, 8639748.446, 131
Trd, 8639749.646, 121
Trd, 8639750.079, 115
Trd, 8639750.179, 136
Trd, 8639750.779, 111
Trd, 8639751.779, 111
Trd, 8639752.079, 110
Trd, 8639752.146, 107
Trd, 8639752.179, 101
Trd, 8639752.379, 101
Trd, 8639752.712, 88
Trd, 8639753.479, 91
Trd, 8639753.812, 83
Trd, 8639755.012, 80
Trd, 8639756.412, 129
Trd, 8639756.646, 119
Trd, 8639756.712, 116
Trd, 8639758.012, 128
Trd, 8639758.946, 135
Trd, 8639759.079, 129
Trd, 8639759.212, 127
Trd, 8639759.312, 125
Trd, 8639759.746, 129
Trd, 8639759.912, 126
Trd, 8639760.279, 123
Trd, 8639760.679, 119
Trd, 8639761.579, 110
Trd, 8639763.712, 120
Trd, 8639763.946, 125
Trd, 8639764.112, 99
Trd, 8639764.346, 97
Trd, 8639764.712, 92
Trd, 8639764.779, 90
Trd, 8639766.146, 73
Trd, 8639766.379, 76
Trd, 8639766.446, 77
Trd, 8639766.612, 85
Trd, 8639767.712, 93
Trd, 8639768.646, 72
Trd, 8639768.879, 77
Trd, 8639769.746, 84
Trd, 8639770.479, 129
Trd, 8639770.779, 95
Trd, 8639771.112, 132
Trd, 8639772.046, 121
Trd, 8639772.112, 105
Trd, 8639772.546, 114
Trd, 8639772.812, 106
Trd, 8639772.879, 102
Trd, 8639773.246, 112
Trd, 8639773.779, 130
Trd, 8639774.646, 129
Trd, 8639774.779, 127
Trd, 8639774.946, 126
Trd, 8639775.146, 132
Trd, 8639775.279, 131
Trd, 8639775.546, 134
Trd, 8639775.579, 72
Trd, 8639777.312, 108
Trd, 8639777.846, 118
Trd, 8639778.312, 108
Trd, 8639778.579, 129
Trd, 8639778.812, 107
Trd, 8639779.812, 109
Trd, 8639779.879, 106
Trd, 8639780.279, 101
Trd, 8639780.412, 134
Trd, 8639781.012, 96
Trd, 8639781.312, 138
Trd, 8639781.379, 95
Trd, 8639781.512, 132
Trd, 8639782.646, 106
Trd, 8639783.946, 110
Trd, 8639784.312, 106
Trd, 8639784.479, 75
Trd, 8639785.679, 67
Trd, 8639785.779, 90
Trd, 8639786.512, 87
Trd, 8639786.546, 103
Trd, 8639786.612, 132
Trd, 8639788.146, 136
Trd, 8639788.446, 135
Trd, 8639788.712, 133
Trd, 8639788.912, 130
Trd, 8639789.312, 124
Trd, 8639789.879, 119
Trd, 8639790.212, 76
Trd, 8639791.046, 117
Trd, 8639791.479, 98
Trd, 8639792.112, 93
Trd, 8639792.579, 84
Trd, 8639792.612, 84
Trd, 8639792.879, 119
Trd, 8639792.912, 124
Trd, 8639793.212, 123
Trd, 8639793.279, 119
Trd, 8639793.912, 117
Trd, 8639794.479, 115
Trd, 8639794.912, 140
Trd, 8639794.946, 109
Trd, 8639795.279, 103
Trd, 8639796.646, 60
Trd, 8639797.046, 63
Trd, 8639797.146, 73
Trd, 8639797.746, 65
Trd, 8639798.946, 60
Trd, 8639799.546, 67
Trd, 8639799.712, 72
Trd, 8639800.712, 87
Trd, 8639800.779, 99
Trd, 8639800.812, 79
Trd, 8639801.346, 80
Trd, 8639801.646, 91
Trd, 8639801.846, 87
Trd, 8639802.679, 78
Trd, 8639803.446, 118
Trd, 8639803.479, 87
Trd, 8639803.846, 80
Trd, 8639804.446, 80
Trd, 8639805.046, 121
Trd, 8639805.379, 122
Trd, 8639805.612, 107
Trd, 8639806.446, 108
Trd, 8639806.812, 117
Trd, 8639807.646, 116
Trd, 8639807.712, 103
Trd, 8639807.946, 111
Trd, 8639808.512, 112
Trd, 8639808.546, 89
Trd, 8639809.646, 113
Trd, 8639810.046, 115
Trd, 8639810.212, 109
Trd, 8639810.479, 99
Trd, 8639810.512, 94
Trd, 8639810.946, 95
Trd, 8639811.279, 98
Trd, 8639811.546, 97
Trd, 8639812.446, 71
Trd, 8639813.512, 72
Trd, 8639813.712, 68
Trd, 8639813.846, 73
Trd, 8639814.412, 69
Trd, 8639815.246, 70
Trd, 8639815.312, 91
Trd, 8639815.346, 93
Trd, 8639816.079, 92
Trd, 8639816.179, 97
Trd, 8639817.279, 136
Trd, 8639817.979, 131
Trd, 8639818.012, 126
Trd, 8639818.246, 104
Trd, 8639819.379, 99
Trd, 8639819.679, 99
Trd, 8639819.979, 131
Trd, 8639820.179, 113
Trd, 8639820.846, 130
Trd, 8639821.446, 108
Trd, 8639821.512, 98
Trd, 8639822.012, 135
Trd, 8639822.346, 130
Trd, 8639822.879, 109
Trd, 8639823.312, 100
Trd, 8639823.779, 106
Trd, 8639823.946, 100
Trd, 8639824.112, 104
Trd, 8639824.612, 82
Trd, 8639824.812, 82
Trd, 8639824.979, 81
Trd, 8639825.079, 86
Trd, 8639825.712, 69
Trd, 8639826.846, 130
Trd, 8639827.912, 129
Trd, 8639828.379, 122
Trd, 8639829.079, 116
Trd, 8639829.479, 111
Trd, 8639830.079, 83
Trd, 8639830.179, 81
Trd, 8639830.546, 60
Trd, 8639831.212, 80
Trd, 8639831.712, 83
Trd, 8639832.212, 100
Trd, 8639832.579, 99
Trd, 8639832.979, 97
Trd, 8639833.946, 134
Trd, 8639834.012, 129
Trd, 8639834.646, 119
Trd, 8639835.212, 115
Trd, 8639835.312, 113
Trd, 8639836.112, 130
Trd, 8639837.146, 139
Trd, 8639837.279, 123
Trd, 8639838.712, 121
Trd, 8639839.312, 129
Trd, 8639839.379, 118
Trd, 8639839.546, 115
Trd, 8639839.712, 110
Trd, 8639840.046, 108
Trd, 8639840.112, 107
Trd, 8639840.246, 83
Trd, 8639841.079, 77
Trd, 8639842.212, 96
Trd, 8639842.612, 98
Trd, 8639843.579, 95
Trd, 8639843.679, 90
Trd, 8639843.712, 120
Trd, 8639843.979, 102
Trd, 8639844.679, 84
Trd, 8639845.012, 107
Trd, 8639845.112, 110
Trd, 8639845.812, 74
Trd, 8639846.179, 79
Trd, 8639846.946, 78
Trd, 8639847.112, 79
Trd, 8639847.646, 93
Trd, 8639847.912, 78
Trd, 8639848.412, 77
Trd, 8639848.679, 74
Trd, 8639849.612, 112
Trd, 8639849.812, 110
Trd, 8639850.479, 109
Trd, 8639850.579, 109
Trd, 8639850.712, 115
Trd, 8639851.546, 105
Trd, 8639851.679, 101
Trd, 8639852.379, 108
Trd, 8639852.546, 99
Trd, 8639852.712, 98
Trd, 8639853.079, 136
Trd, 8639853.112, 97
Trd, 8639853.179, 74
Trd, 8639854.712, 82
Trd, 8639855.546, 125
Trd, 8639855.779, 115
Trd, 8639855.812, 71
Trd, 8639856.279, 67
Trd, 8639856.512, 77
Trd, 8639857.679, 79
Trd, 8639857.946, 76
Trd, 8639858.712, 88
Trd, 8639859.179, 87
Trd, 8639859.479, 89
Trd, 8639859.979, 87
Trd, 8639860.112, 84
Trd, 8639860.412, 84
Trd, 8639860.612, 114
Trd, 8639860.979, 129
Trd, 8639862.179, 103
Trd, 8639862.246, 112
Trd, 8639862.579, 93
Trd, 8639863.712, 60
Trd, 8639863.779, 66
Trd, 8639864.479, 86
Trd, 8639864.879, 79
Trd, 8639865.412, 86
Trd, 8639865.546, 94
Trd, 8639867.246, 67
Trd, 8639867.279, 73
Trd, 8639867.912, 67
Trd, 8639868.112, 65
Trd, 8639869.379, 85
Trd, 8639869.546, 93
Trd, 8639869.746, 83
Trd, 8639870.179, 124
Trd, 8639870.479, 74
Trd, 8639871.146, 115
Trd, 8639871.346, 102
Trd, 8639871.746, 107
Trd, 8639872.546, 98
Trd, 8639872.612, 111
Trd, 8639872.846, 137
Trd, 8639872.879, 102
Trd, 8639873.012, 97
Trd, 8639873.646, 130
Trd, 8639874.479, 122
Trd, 8639875.412, 125
Trd, 8639875.479, 120
Trd, 8639875.579, 120
Trd, 8639875.812, 121
Trd, 8639876.512, 137
Trd, 8639877.046, 130
Trd, 8639877.679, 120
Trd, 8639877.746, 114
Trd, 8639878.079, 97
Trd, 8639878.779, 114
Trd, 8639879.212, 127
Trd, 8639880.046, 111
Trd, 8639880.612, 134
Trd, 8639880.846, 115
Trd, 8639880.979, 112
Trd, 8639881.579, 115
Trd, 8639882.546, 110
Trd, 8639882.712, 110
Trd, 8639883.046, 105
Trd, 8639883.546, 107
Trd, 8639883.612, 101
Trd, 8639883.746, 79
Trd, 8639884.212, 74
Trd, 8639884.579, 84
Trd, 8639884.946, 71
Trd, 8639885.312, 78
Trd, 8639885.979, 100
Trd, 8639887.079, 119
Trd, 8639887.279, 105
Trd, 8639887.579, 129
Trd, 8639887.646, 104
Trd, 8639887.879, 103
Trd, 8639888.379, 118
Trd, 8639888.612, 136
Trd, 8639889.912, 90
Trd, 8639890.479, 136
Trd, 8639890.579, 136
Trd, 8639890.779, 126
Trd, 8639891.046, 77
Trd, 8639891.379, 89
Trd, 8639892.012, 75
Trd, 8639892.946, 95
Trd, 8639893.146, 65
Trd, 8639893.746, 101
Trd, 8639893.846, 114
Trd, 8639894.012, 67
Trd, 8639894.246, 88
Trd, 8639895.912, 135
Trd, 8639896.046, 75
Trd, 8639897.179, 128
Trd, 8639897.679, 126
Trd, 8639897.779, 122
Trd, 8639898.346, 118
Trd, 8639898.512, 135
Trd, 8639899.112, 108
Trd, 8639899.146, 107
Trd, 8639899.612, 115
Trd, 8639899.712, 98
Trd, 8639899.812, 123
Trd, 8639900.146, 138
Trd, 8639901.346, 96
Trd, 8639901.812, 85
Trd, 8639902.812, 69
Trd, 8639903.212, 92
Trd, 8639903.246, 92
Trd, 8639903.512, 91
Trd, 8639903.979, 92
Trd, 8639904.612, 93
Trd, 8639904.646, 89
Trd, 8639906.346, 88
Trd, 8639906.379, 100
Trd, 8639906.412, 74
Trd, 8639906.712, 73
Trd, 8639907.279, 111
Trd, 8639908.112, 104
Trd, 8639908.379, 127
Trd, 8639908.579, 105
Trd, 8639909.546, 97
Trd, 8639909.746, 94
Trd, 8639909.779, 92
Trd, 8639909.912, 88
Trd, 8639910.412, 122
Trd, 8639911.212, 71
Trd, 8639911.446, 67
Trd, 8639911.879, 76
Trd, 8639913.046, 100
Trd, 8639913.546, 76
Trd, 8639914.446, 64
Trd, 8639915.112, 133
Trd, 8639915.179, 131
Trd, 8639915.246, 106
Trd, 8639915.679, 70
Trd, 8639916.279, 68
Trd, 8639916.546, 90
Trd, 8639916.912, 66
Trd, 8639917.346, 66
Trd, 8639917.646, 71
Trd, 8639918.512, 88
Trd, 8639918.579, 86
Trd, 8639918.912, 106
Trd, 8639918.979, 101
Trd, 8639919.012, 73
Trd, 8639919.546, 118
Trd, 8639920.446, 108
Trd, 8639920.612, 113
Trd, 8639921.079, 140
Trd, 8639921.379, 135
Trd, 8639921.879, 129
Trd, 8639922.112, 127
Trd, 8639922.346, 98
Trd, 8639922.579, 102
Trd, 8639923.446, 86
Trd, 8639924.879, 93
Trd, 8639925.279, 86
Trd, 8639925.446, 81
Trd, 8639925.579, 98
Trd, 8639926.046, 96
Trd, 8639926.612, 93
Trd, 8639927.046, 119
Trd, 8639927.179, 113
Trd, 8639927.512, 99
Trd, 8639927.812, 89
Trd, 8639928.279, 98
Trd, 8639928.579, 87
Trd, 8639928.912, 108
Trd, 8639928.979, 87
Trd, 8639929.012, 77
Trd, 8639929.246, 103
Trd, 8639930.046, 82
Trd, 8639930.712, 110
Trd, 8639930.912, 109
Trd, 8639930.946, 69
Trd, 8639933.546, 80
Trd, 8639933.712, 74
Trd, 8639934.112, 109
Trd, 8639934.312, 119
Trd, 8639935.512, 78
Trd, 8639936.579, 85
Trd, 8639936.879, 72
Trd, 8639936.979, 78
Trd, 8639937.079, 71
Trd, 8639937.179, 91
Trd, 8639937.279, 95
Trd, 8639937.712, 72
Trd, 8639937.746, 93
Trd, 8639938.312, 110
Trd, 8639938.946, 130
Trd, 8639939.112, 126
Trd, 8639939.279, 132
Trd, 8639939.446, 120
Trd, 8639940.312, 107
Trd, 8639940.679, 92
Trd, 8639940.746, 105
Trd, 8639941.346, 102
Trd, 8639941.646, 101
Trd, 8639941.679, 84
Trd, 8639941.846, 62
Trd, 8639942.012, 91
Trd, 8639942.979, 134
Trd, 8639944.446, 108
Trd, 8639944.546, 104
Trd, 8639944.712, 103
Trd, 8639944.912, 107
Trd, 8639946.079, 103
Trd, 8639946.779, 93
Trd, 8639947.046, 92
Trd, 8639947.346, 98
Trd, 8639947.612, 131
Trd, 8639948.512, 98
Trd, 8639949.146, 87
Trd, 8639949.312, 96
Trd, 8639949.712, 86
Trd, 8639950.212, 118
Trd, 8639950.646, 124
Trd, 8639951.046, 110
Trd, 8639951.146, 105
Trd, 8639951.179, 86
Trd, 8639952.612, 105
Trd, 8639953.179, 126
Trd, 8639953.379, 118
Trd, 8639953.579, 123
Trd, 8639953.812, 115
Trd, 8639953.846, 111
Trd, 8639954.212, 85
Trd, 8639954.679, 83
Trd, 8639955.412, 114
Trd, 8639955.779, 106
Trd, 8639956.746, 83
Trd, 8639956.812, 71
Trd, 8639956.879, 68
Trd, 8639957.946, 126
Trd, 8639958.179, 83
Trd, 8639958.579, 79
Trd, 8639958.979, 80
Trd, 8639959.479, 117
Trd, 8639960.112, 115
Trd, 8639960.546, 113
Trd, 8639960.679, 113
Trd, 8639961.579, 132
Trd, 8639961.746, 113
Trd, 8639961.846, 95
Trd, 8639962.179, 104
Trd, 8639962.612, 104
Trd, 8639963.112, 108
Trd, 8639963.479, 122
Trd, 8639964.179, 106
Trd, 8639964.479, 104
Trd, 8639964.512, 74
Trd, 8639966.046, 100
Trd, 8639966.079, 100
Trd, 8639966.412, 101
Trd, 8639966.546, 94
Trd, 8639966.879, 93
Trd, 8639967.646, 97
Trd, 8639967.846, 112
Trd, 8639968.046, 80
Trd, 8639968.446, 79
Trd, 8639969.346, 93
Trd, 8639969.846, 77
Trd, 8639970.779, 68
Trd, 8639971.579, 60
Trd, 8639972.579, 87
Trd, 8639972.946, 110
Trd, 8639973.146, 100
Trd, 8639973.446, 105
Trd, 8639973.579, 119
Trd, 8639973.946, 84
Trd, 8639974.179, 74
Trd, 8639974.579, 73
Trd, 8639975.112, 91
Trd, 8639976.146, 102
Trd, 8639976.179, 90
Trd, 8639976.646, 77
Trd, 8639977.112, 106
Trd, 8639977.246, 76
Trd, 8639977.779, 106
Trd, 8639978.246, 99
Trd, 8639978.746, 72
Trd, 8639979.279, 73
Trd, 8639979.579, 83
Trd, 8639979.912, 89
Trd, 8639980.046, 121
Trd, 8639980.379, 106
Trd, 8639980.612, 73
Trd, 8639980.812, 134
Trd, 8639982.512, 76
Trd, 8639982.846, 93
Trd, 8639982.879, 126
Trd, 8639983.612, 75
Trd, 8639984.412, 103
Trd, 8639984.546, 95
Trd, 8639984.579, 88
Trd, 8639984.712, 112
Trd, 8639985.179, 123
Trd, 8639986.146, 99
Trd, 8639987.112, 96
Trd, 8639987.246, 120
Trd, 8639988.112, 123
Trd, 8639988.312, 106
Trd, 8639988.612, 96
Trd, 8639988.979, 96
Trd, 8639989.212, 140
Trd, 8639990.812, 117
Trd, 8639991.512, 119
Trd, 8639991.546, 114
Trd, 8639992.379, 109
Trd, 8639992.779, 113
Trd, 8639993.512, 96
Trd, 8639993.779, 108
Trd, 8639994.346, 122
Trd, 8639994.412, 120
Trd, 8639995.379, 95
Trd, 8639995.712, 92
Trd, 8639995.912, 99
Trd, 8639996.412, 115
Trd, 8639997.012, 105
Trd, 8639997.212, 100
Trd, 8639997.412, 99
Trd, 8639997.646, 104
Trd, 8639997.779, 85
Trd, 8639998.512, 118
Trd, 8639998.612, 120
Trd, 8639998.979, 118
Trd, 8639999.246, 114
Trd, 8639999.746, 123
Trd, 8639999.812, 118
