Trd, 8638719.212, 112
Trd, 8638719.479, 110
Trd, 8638720.846, 113
Trd, 8638720.979, 129
Trd, 8638721.379, 112
Trd, 8638721.479, 111
Trd, 8638724.512, 115
Trd, 8638724.812, 116
Trd, 8638724.946, 115
Trd, 8638725.146, 114
Trd, 8638725.212, 108
Trd, 8638725.712, 106
Trd, 8638726.679, 119
Trd, 8638726.712, 132
Trd, 8638728.679, 135
Trd, 8638729.179, 134
Trd, 8638729.246, 125
Trd, 8638729.312, 132
Trd, 8638730.179, 123
Trd, 8638730.379, 113
Trd, 8638730.846, 73
Trd, 8638731.012, 102
Trd, 8638732.546, 137
Trd, 8638733.912, 126
Trd, 8638733.946, 123
Trd, 8638734.312, 126
Trd, 8638734.946, 122
Trd, 8638735.046, 121
Trd, 8638735.812, 115
Trd, 8638736.446, 88
Trd, 8638736.946, 86
Trd, 8638737.079, 95
Trd, 8638737.912, 136
Trd, 8638738.046, 128
Trd, 8638740.546, 107
Trd, 8638740.879, 107
Trd, 8638741.279, 106
Trd, 8638741.812, 107
Trd, 8638741.979, 116
Trd, 8638742.579, 110
Trd, 8638742.979, 116
Trd, 8638743.279, 127
Trd, 8638744.279, 132
Trd, 8638744.379, 123
Trd, 8638745.512, 117
Trd, 8638745.579, 116
Trd, 8638745.846, 113
Trd, 8638746.146, 97
Trd, 8638746.546, 95
Trd, 8638746.912, 86
Trd, 8638747.079, 85
Trd, 8638747.212, 82
Trd, 8638747.679, 124
Trd, 8638747.979, 123
Trd, 8638749.312, 134
Trd, 8638750.279, 139
Trd, 8638750.979, 139
Trd, 8638751.179, 131
Trd, 8638751.446, 130
Trd, 8638752.512, 127
Trd, 8638752.579, 126
Trd, 8638753.179, 134
Trd, 8638753.546, 140
Trd, 8638753.979, 123
Trd, 8638754.212, 139
Trd, 8638754.379, 140
Trd, 8638754.579, 134
Trd, 8638754.612, 117
Trd, 8638755.312, 138
Trd, 8638756.312, 124
Trd, 8638757.479, 128
Trd, 8638758.479, 129
Trd, 8638759.012, 140
Trd, 8638759.246, 139
Trd, 8638760.179, 131
Trd, 8638760.412, 133
Trd, 8638761.179, 125
Trd, 8638761.646, 140
Trd, 8638762.412, 111
Trd, 8638762.646, 117
Trd, 8638763.146, 103
Trd, 8638763.679, 93
Trd, 8638763.979, 96
Trd, 8638764.046, 92
Trd, 8638765.212, 93
Trd, 8638765.546, 83
Trd, 8638766.412, 130
Trd, 8638766.912, 130
Trd, 8638768.346, 124
Trd, 8638768.379, 123
Trd, 8638769.779, 126
Trd, 8638770.312, 124
Trd, 8638770.779, 132
Trd, 8638771.012, 129
Trd, 8638771.479, 125
Trd, 8638771.846, 124
Trd, 8638772.212, 121
Trd, 8638772.746, 117
Trd, 8638772.912, 113
Trd, 8638773.046, 112
Trd, 8638773.712, 125
Trd, 8638775.546, 136
Trd, 8638775.612, 126
Trd, 8638776.246, 133
Trd, 8638776.846, 129
Trd, 8638776.879, 128
Trd, 8638778.279, 126
Trd, 8638779.012, 126
Trd, 8638779.612, 130
Trd, 8638779.912, 130
Trd, 8638780.379, 129
Trd, 8638780.479, 120
Trd, 8638780.512, 114
Trd, 8638780.679, 117
Trd, 8638781.046, 114
Trd, 8638781.479, 110
Trd, 8638781.846, 109
Trd, 8638782.346, 128
Trd, 8638784.312, 140
Trd, 8638785.579, 140
Trd, 8638785.679, 140
Trd, 8638785.812, 140
Trd, 8638786.312, 95
Trd, 8638788.379, 122
Trd, 8638788.846, 120
Trd, 8638789.512, 121
Trd, 8638790.312, 115
Trd, 8638791.546, 127
Trd, 8638791.746, 125
Trd, 8638792.279, 133
Trd, 8638792.946, 98
Trd, 8638794.846, 140
Trd, 8638795.446, 140
Trd, 8638795.946, 140
Trd, 8638796.346, 140
Trd, 8638796.446, 140
Trd, 8638796.546, 130
Trd, 8638796.712, 127
Trd, 8638796.846, 123
Trd, 8638797.379, 108
Trd, 8638797.679, 137
Trd, 8638799.279, 123
Trd, 8638799.612, 96
Trd, 8638799.879, 88
Trd, 8638800.146, 85
Trd, 8638800.312, 78
Trd, 8638800.912, 123
Trd, 8638802.246, 125
Trd, 8638803.146, 132
Trd, 8638803.512, 125
Trd, 8638803.812, 119
Trd, 8638804.546, 114
Trd, 8638805.779, 116
Trd, 8638806.079, 117
Trd, 8638806.279, 118
Trd, 8638806.579, 116
Trd, 8638807.446, 139
Trd, 8638808.579, 133
Trd, 8638808.679, 132
Trd, 8638808.779, 124
Trd, 8638809.046, 124
Trd, 8638809.646, 130
Trd, 8638809.679, 119
Trd, 8638809.812, 139
Trd, 8638809.946, 117
Trd, 8638810.479, 135
Trd, 8638810.946, 136
Trd, 8638811.046, 135
Trd, 8638812.512, 132
Trd, 8638812.646, 116
Trd, 8638812.779, 115
Trd, 8638813.412, 114
Trd, 8638813.612, 111
Trd, 8638814.446, 102
Trd, 8638815.579, 106
Trd, 8638816.012, 119
Trd, 8638816.979, 123
Trd, 8638817.412, 98
Trd, 8638817.912, 112
Trd, 8638818.312, 99
Trd, 8638818.346, 98
Trd, 8638819.179, 112
Trd, 8638821.046, 131
Trd, 8638821.112, 130
Trd, 8638821.646, 125
Trd, 8638821.746, 123
Trd, 8638821.846, 123
Trd, 8638822.479, 128
Trd, 8638822.612, 130
Trd, 8638823.079, 129
Trd, 8638823.279, 128
Trd, 8638824.379, 126
Trd, 8638824.846, 118
Trd, 8638825.446, 110
Trd, 8638826.646, 105
Trd, 8638826.779, 104
Trd, 8638827.246, 131
Trd, 8638828.712, 130
Trd, 8638828.812, 106
Trd, 8638829.579, 125
Trd, 8638829.912, 119
Trd, 8638830.646, 136
Trd, 8638831.112, 128
Trd, 8638831.679, 131
Trd, 8638832.612, 114
Trd, 8638833.479, 121
Trd, 8638833.546, 110
Trd, 8638834.046, 97
Trd, 8638834.079, 112
Trd, 8638834.179, 95
Trd, 8638834.246, 96
Trd, 8638835.279, 129
Trd, 8638835.946, 131
Trd, 8638835.979, 130
Trd, 8638836.012, 127
Trd, 8638836.146, 111
Trd, 8638836.846, 114
Trd, 8638837.046, 114
Trd, 8638837.246, 121
Trd, 8638837.946, 109
Trd, 8638838.279, 103
Trd, 8638838.812, 117
Trd, 8638839.379, 124
Trd, 8638839.679, 126
Trd, 8638840.412, 124
Trd, 8638840.512, 117
Trd, 8638840.812, 100
Trd, 8638841.179, 79
Trd, 8638842.179, 128
Trd, 8638842.746, 129
Trd, 8638842.846, 100
Trd, 8638843.046, 88
Trd, 8638843.846, 89
Trd, 8638844.112, 89
Trd, 8638845.646, 107
Trd, 8638846.212, 100
Trd, 8638846.779, 113
Trd, 8638847.046, 115
Trd, 8638847.446, 102
Trd, 8638847.879, 101
Trd, 8638848.479, 113
Trd, 8638848.979, 135
Trd, 8638849.279, 132
Trd, 8638850.812, 89
Trd, 8638851.012, 83
Trd, 8638851.112, 81
Trd, 8638851.512, 65
Trd, 8638852.979, 89
Trd, 8638853.212, 86
Trd, 8638853.846, 91
Trd, 8638854.746, 116
Trd, 8638855.046, 123
Trd, 8638855.879, 116
Trd, 8638856.112, 116
Trd, 8638857.479, 133
Trd, 8638857.579, 133
Trd, 8638858.012, 136
Trd, 8638858.179, 118
Trd, 8638858.679, 125
Trd, 8638859.112, 121
Trd, 8638860.012, 135
Trd, 8638860.279, 134
Trd, 8638860.779, 139
Trd, 8638862.312, 134
Trd, 8638863.346, 137
Trd, 8638863.512, 138
Trd, 8638863.879, 138
Trd, 8638864.012, 136
Trd, 8638864.146, 136
Trd, 8638864.412, 128
Trd, 8638866.679, 131
Trd, 8638867.379, 130
Trd, 8638867.512, 130
Trd, 8638867.946, 130
Trd, 8638868.112, 130
Trd, 8638868.412, 129
Trd, 8638869.779, 103
Trd, 8638870.179, 117
Trd, 8638870.379, 130
Trd, 8638871.746, 125
Trd, 8638872.446, 125
Trd, 8638873.146, 121
Trd, 8638873.212, 119
Trd, 8638873.912, 128
Trd, 8638874.846, 140
Trd, 8638874.979, 140
Trd, 8638875.546, 140
Trd, 8638875.646, 140
Trd, 8638876.012, 139
Trd, 8638876.946, 111
Trd, 8638877.212, 106
Trd, 8638877.479, 94
Trd, 8638877.779, 95
Trd, 8638878.746, 105
Trd, 8638879.612, 122
Trd, 8638880.446, 81
Trd, 8638880.612, 94
Trd, 8638880.646, 95
Trd, 8638881.512, 101
Trd, 8638881.712, 85
Trd, 8638882.546, 85
Trd, 8638883.712, 115
Trd, 8638883.779, 113
Trd, 8638883.946, 112
Trd, 8638884.179, 111
Trd, 8638884.212, 99
Trd, 8638884.846, 97
Trd, 8638885.046, 85
Trd, 8638885.512, 72
Trd, 8638885.879, 93
Trd, 8638886.612, 77
Trd, 8638887.312, 67
Trd, 8638887.512, 87
Trd, 8638888.679, 89
Trd, 8638889.112, 82
Trd, 8638889.412, 72
Trd, 8638890.312, 112
Trd, 8638890.446, 111
Trd, 8638891.579, 104
Trd, 8638891.612, 115
Trd, 8638891.646, 103
Trd, 8638892.946, 139
Trd, 8638893.079, 136
Trd, 8638893.212, 138
Trd, 8638893.646, 124
Trd, 8638893.812, 123
Trd, 8638893.846, 123
Trd, 8638896.412, 132
Trd, 8638896.879, 131
Trd, 8638897.879, 136
Trd, 8638898.012, 136
Trd, 8638898.546, 132
Trd, 8638899.546, 115
Trd, 8638899.679, 110
Trd, 8638899.779, 100
Trd, 8638899.846, 125
Trd, 8638901.512, 137
Trd, 8638902.379, 118
Trd, 8638902.512, 118
Trd, 8638903.112, 105
Trd, 8638904.346, 139
Trd, 8638904.712, 125
Trd, 8638904.779, 124
Trd, 8638904.812, 120
Trd, 8638905.612, 132
Trd, 8638905.912, 123
Trd, 8638906.746, 112
Trd, 8638907.079, 112
Trd, 8638907.512, 111
Trd, 8638907.612, 99
Trd, 8638907.912, 118
Trd, 8638908.179, 98
Trd, 8638908.512, 96
Trd, 8638909.779, 130
Trd, 8638910.246, 113
Trd, 8638910.346, 112
Trd, 8638910.879, 122
Trd, 8638910.912, 115
Trd, 8638911.979, 139
Trd, 8638912.346, 127
Trd, 8638913.012, 129
Trd, 8638913.579, 129
Trd, 8638914.212, 95
Trd, 8638914.412, 118
Trd, 8638914.912, 108
Trd, 8638915.546, 100
Trd, 8638915.846, 108
Trd, 8638916.412, 107
Trd, 8638916.812, 109
Trd, 8638917.912, 123
Trd, 8638918.046, 119
Trd, 8638918.612, 109
Trd, 8638919.179, 105
Trd, 8638920.046, 105
Trd, 8638920.079, 104
Trd, 8638921.612, 112
Trd, 8638921.879, 111
Trd, 8638921.979, 120
Trd, 8638923.579, 117
Trd, 8638923.746, 115
Trd, 8638923.812, 113
Trd, 8638924.512, 113
Trd, 8638924.779, 112
Trd, 8638925.146, 134
Trd, 8638925.712, 108
Trd, 8638925.779, 105
Trd, 8638927.446, 109
Trd, 8638927.846, 118
Trd, 8638928.079, 110
Trd, 8638928.979, 109
Trd, 8638929.246, 127
Trd, 8638929.579, 111
Trd, 8638930.512, 111
Trd, 8638930.912, 124
Trd, 8638931.712, 138
Trd, 8638931.812, 137
Trd, 8638931.979, 120
Trd, 8638932.279, 118
Trd, 8638933.579, 104
Trd, 8638933.712, 96
Trd, 8638934.046, 83
Trd, 8638935.412, 64
Trd, 8638936.046, 75
Trd, 8638936.512, 82
Trd, 8638937.112, 64
Trd, 8638938.679, 123
Trd, 8638938.912, 66
Trd, 8638939.612, 67
Trd, 8638939.746, 135
Trd, 8638940.046, 124
Trd, 8638940.346, 136
Trd, 8638941.279, 138
Trd, 8638941.679, 139
Trd, 8638941.912, 139
Trd, 8638943.479, 131
Trd, 8638943.712, 131
Trd, 8638944.546, 130
Trd, 8638945.146, 120
Trd, 8638945.379, 109
Trd, 8638946.079, 90
Trd, 8638946.312, 104
Trd, 8638946.379, 105
Trd, 8638946.412, 87
Trd, 8638946.679, 127
Trd, 8638947.946, 140
Trd, 8638948.912, 140
Trd, 8638949.046, 140
Trd, 8638949.712, 140
Trd, 8638949.779, 140
Trd, 8638949.979, 124
Trd, 8638950.146, 128
Trd, 8638950.612, 129
Trd, 8638950.779, 125
Trd, 8638952.046, 114
Trd, 8638952.679, 87
Trd, 8638953.879, 122
Trd, 8638954.246, 110
Trd, 8638954.379, 109
Trd, 8638955.646, 96
Trd, 8638956.379, 102
Trd, 8638956.446, 101
Trd, 8638956.646, 100
Trd, 8638956.879, 84
Trd, 8638957.812, 79
Trd, 8638957.979, 78
Trd, 8638959.079, 106
Trd, 8638960.346, 129
Trd, 8638960.946, 111
Trd, 8638961.846, 126
Trd, 8638961.946, 124
Trd, 8638962.546, 124
Trd, 8638962.612, 115
Trd, 8638964.279, 123
Trd, 8638964.312, 122
Trd, 8638965.546, 130
Trd, 8638965.679, 129
Trd, 8638966.046, 128
Trd, 8638966.479, 140
Trd, 8638967.412, 113
Trd, 8638967.612, 104
Trd, 8638967.846, 138
Trd, 8638967.879, 102
Trd, 8638968.346, 74
Trd, 8638968.846, 113
Trd, 8638969.012, 64
Trd, 8638969.379, 138
Trd, 8638971.079, 139
Trd, 8638971.412, 125
Trd, 8638971.512, 124
Trd, 8638972.212, 132
Trd, 8638973.512, 121
Trd, 8638973.979, 120
Trd, 8638974.979, 119
Trd, 8638975.179, 111
Trd, 8638976.779, 126
Trd, 8638977.012, 109
Trd, 8638977.312, 105
Trd, 8638978.012, 122
Trd, 8638978.246, 114
Trd, 8638978.512, 92
Trd, 8638979.312, 127
Trd, 8638979.912, 126
Trd, 8638980.512, 121
Trd, 8638980.612, 105
Trd, 8638981.312, 122
Trd, 8638982.246, 124
Trd, 8638982.612, 125
Trd, 8638982.646, 126
Trd, 8638983.746, 121
Trd, 8638984.179, 97
Trd, 8638984.579, 88
Trd, 8638985.479, 108
Trd, 8638986.246, 73
Trd, 8638988.046, 120
Trd, 8638988.379, 86
Trd, 8638988.412, 104
Trd, 8638988.579, 127
Trd, 8638988.646, 126
Trd, 8638989.912, 131
Trd, 8638990.579, 123
Trd, 8638991.512, 125
Trd, 8638991.912, 125
Trd, 8638992.379, 124
Trd, 8638992.746, 109
Trd, 8638993.512, 80
Trd, 8638993.946, 122
Trd, 8638994.712, 90
Trd, 8638995.412, 72
Trd, 8638996.046, 101
Trd, 8638996.112, 79
Trd, 8638997.012, 118
Trd, 8638997.679, 133
Trd, 8638998.712, 130
Trd, 8638998.879, 131
Trd, 8638999.146, 138
Trd, 8639000.779, 133
Trd, 8639000.879, 126
Trd, 8639001.012, 125
Trd, 8639002.079, 122
Trd, 8639002.312, 120
Trd, 8639002.546, 116
Trd, 8639002.946, 114
Trd, 8639003.612, 128
Trd, 8639004.046, 116
Trd, 8639005.479, 138
Trd, 8639005.679, 129
Trd, 8639005.746, 117
Trd, 8639006.179, 113
Trd, 8639006.546, 77
Trd, 8639006.979, 98
Trd, 8639007.979, 115
Trd, 8639008.879, 106
Trd, 8639009.312, 133
Trd, 8639010.112, 103
Trd, 8639010.412, 106
Trd, 8639010.512, 104
Trd, 8639011.379, 121
Trd, 8639012.179, 132
Trd, 8639014.046, 113
Trd, 8639014.379, 122
Trd, 8639014.746, 122
Trd, 8639015.346, 121
Trd, 8639015.412, 120
Trd, 8639015.446, 120
Trd, 8639015.512, 125
Trd, 8639016.512, 127
Trd, 8639017.346, 130
Trd, 8639017.979, 129
Trd, 8639018.046, 120
Trd, 8639018.546, 110
Trd, 8639019.579, 112
Trd, 8639019.912, 101
Trd, 8639020.046, 99
Trd, 8639020.112, 95
Trd, 8639020.812, 140
Trd, 8639021.012, 112
Trd, 8639021.212, 106
Trd, 8639022.046, 100
Trd, 8639022.112, 107
Trd, 8639022.512, 117
Trd, 8639024.079, 132
Trd, 8639025.312, 125
Trd, 8639025.446, 124
Trd, 8639026.212, 133
Trd, 8639026.779, 127
Trd, 8639027.846, 125
Trd, 8639027.879, 121
Trd, 8639028.146, 119
Trd, 8639028.912, 134
Trd, 8639029.046, 133
Trd, 8639029.612, 125
Trd, 8639029.679, 118
Trd, 8639031.346, 135
Trd, 8639031.612, 135
Trd, 8639031.746, 124
Trd, 8639032.046, 124
Trd, 8639032.946, 118
Trd, 8639033.346, 113
Trd, 8639033.612, 108
Trd, 8639033.679, 120
Trd, 8639034.079, 99
Trd, 8639035.079, 139
Trd, 8639035.179, 109
Trd, 8639035.579, 127
Trd, 8639036.912, 127
Trd, 8639037.946, 113
Trd, 8639038.846, 135
Trd, 8639039.146, 134
Trd, 8639039.546, 126
Trd, 8639040.179, 119
Trd, 8639040.846, 135
Trd, 8639041.512, 133
Trd, 8639042.379, 121
Trd, 8639042.512, 120
Trd, 8639042.812, 104
Trd, 8639043.879, 139
Trd, 8639043.946, 121
Trd, 8639044.446, 120
Trd, 8639045.046, 115
Trd, 8639046.446, 138
Trd, 8639046.612, 137
Trd, 8639046.879, 137
Trd, 8639047.046, 135
Trd, 8639047.179, 131
Trd, 8639049.612, 140
Trd, 8639049.979, 140
Trd, 8639050.146, 140
Trd, 8639050.179, 130
Trd, 8639050.346, 120
Trd, 8639050.646, 94
Trd, 8639050.746, 90
Trd, 8639052.512, 104
Trd, 8639052.812, 126
Trd, 8639053.512, 119
Trd, 8639054.046, 111
Trd, 8639054.246, 107
Trd, 8639057.479, 130
Trd, 8639057.746, 127
Trd, 8639057.812, 126
Trd, 8639057.946, 121
Trd, 8639058.046, 124
Trd, 8639058.246, 121
Trd, 8639059.779, 128
Trd, 8639060.279, 134
Trd, 8639060.779, 130
Trd, 8639061.012, 137
Trd, 8639061.512, 138
Trd, 8639061.546, 136
Trd, 8639062.446, 128
Trd, 8639062.912, 120
Trd, 8639063.212, 128
Trd, 8639063.446, 122
Trd, 8639064.846, 130
Trd, 8639066.812, 128
Trd, 8639067.412, 131
Trd, 8639067.679, 131
Trd, 8639068.879, 137
Trd, 8639069.546, 137
Trd, 8639070.579, 140
Trd, 8639070.679, 140
Trd, 8639071.746, 140
Trd, 8639072.412, 140
Trd, 8639073.146, 140
Trd, 8639073.479, 134
Trd, 8639073.979, 124
Trd, 8639074.246, 107
Trd, 8639074.279, 100
Trd, 8639075.812, 133
Trd, 8639075.846, 124
Trd, 8639076.046, 113
Trd, 8639076.279, 98
Trd, 8639077.546, 101
Trd, 8639077.712, 104
Trd, 8639079.512, 103
Trd, 8639080.612, 109
Trd, 8639080.879, 104
Trd, 8639082.112, 139
Trd, 8639082.246, 128
Trd, 8639082.346, 127
Trd, 8639082.712, 129
Trd, 8639083.112, 128
Trd, 8639083.679, 133
Trd, 8639084.746, 123
Trd, 8639085.012, 111
Trd, 8639085.046, 105
Trd, 8639085.246, 97
Trd, 8639085.379, 102
Trd, 8639085.679, 100
Trd, 8639086.312, 104
Trd, 8639087.179, 137
Trd, 8639087.279, 134
Trd, 8639087.379, 126
Trd, 8639087.612, 121
Trd, 8639087.746, 121
Trd, 8639088.779, 104
Trd, 8639088.846, 103
Trd, 8639089.846, 103
Trd, 8639090.646, 120
Trd, 8639091.412, 110
Trd, 8639092.479, 98
Trd, 8639093.346, 114
Trd, 8639093.579, 104
Trd, 8639093.779, 103
Trd, 8639094.446, 110
Trd, 8639094.579, 104
Trd, 8639095.979, 138
Trd, 8639096.446, 122
Trd, 8639097.446, 129
Trd, 8639097.812, 117
Trd, 8639098.579, 136
Trd, 8639098.946, 122
Trd, 8639099.679, 121
Trd, 8639100.012, 114
Trd, 8639100.912, 133
Trd, 8639101.612, 140
Trd, 8639101.712, 139
Trd, 8639103.279, 134
Trd, 8639103.312, 132
Trd, 8639103.746, 131
Trd, 8639104.646, 122
Trd, 8639104.846, 119
Trd, 8639106.679, 131
Trd, 8639107.179, 132
Trd, 8639107.279, 131
Trd, 8639108.046, 132
Trd, 8639108.812, 123
Trd, 8639109.212, 125
Trd, 8639110.479, 119
Trd, 8639110.712, 111
Trd, 8639110.879, 110
Trd, 8639111.179, 109
Trd, 8639112.046, 109
Trd, 8639112.846, 138
Trd, 8639113.046, 130
Trd, 8639113.312, 106
Trd, 8639114.546, 94
Trd, 8639114.679, 91
Trd, 8639114.779, 88
Trd, 8639115.112, 112
Trd, 8639115.312, 110
Trd, 8639115.579, 106
Trd, 8639116.312, 114
Trd, 8639116.546, 113
Trd, 8639116.779, 115
Trd, 8639117.046, 114
Trd, 8639117.746, 127
Trd, 8639118.779, 140
Trd, 8639118.979, 108
Trd, 8639119.446, 127
Trd, 8639119.746, 113
Trd, 8639119.812, 105
Trd, 8639119.946, 104
Trd, 8639120.412, 125
Trd, 8639120.546, 120
Trd, 8639121.712, 104
Trd, 8639122.112, 101
Trd, 8639123.346, 131
Trd, 8639123.412, 130
Trd, 8639123.679, 131
Trd, 8639124.779, 136
Trd, 8639124.846, 135
Trd, 8639126.812, 127
Trd, 8639127.212, 120
Trd, 8639127.246, 119
Trd, 8639127.279, 103
Trd, 8639128.646, 122
Trd, 8639128.779, 121
Trd, 8639128.812, 106
Trd, 8639129.946, 97
Trd, 8639131.812, 112
Trd, 8639131.912, 99
Trd, 8639131.946, 129
Trd, 8639132.046, 97
Trd, 8639132.512, 84
Trd, 8639133.112, 73
Trd, 8639133.246, 67
Trd, 8639133.846, 117
Trd, 8639135.279, 126
Trd, 8639136.079, 120
Trd, 8639136.479, 139
Trd, 8639136.679, 119
Trd, 8639137.412, 125
Trd, 8639138.012, 129
Trd, 8639138.779, 128
Trd, 8639139.246, 129
Trd, 8639139.946, 131
Trd, 8639140.246, 131
Trd, 8639140.679, 130
Trd, 8639140.746, 127
Trd, 8639141.046, 125
Trd, 8639141.846, 124
Trd, 8639142.046, 106
Trd, 8639142.112, 101
Trd, 8639142.446, 135
Trd, 8639145.912, 133
Trd, 8639145.946, 132
Trd, 8639146.146, 130
Trd, 8639146.479, 132
Trd, 8639147.079, 115
Trd, 8639147.479, 120
Trd, 8639147.712, 111
Trd, 8639147.912, 128
Trd, 8639149.379, 116
Trd, 8639149.512, 115
Trd, 8639149.946, 126
Trd, 8639151.412, 139
Trd, 8639151.612, 130
Trd, 8639151.746, 118
Trd, 8639151.846, 130
Trd, 8639152.746, 129
Trd, 8639152.812, 128
Trd, 8639153.312, 135
Trd, 8639153.479, 124
Trd, 8639154.046, 119
Trd, 8639154.079, 117
Trd, 8639154.746, 111
Trd, 8639156.112, 132
Trd, 8639156.379, 130
Trd, 8639156.646, 116
Trd, 8639156.812, 130
Trd, 8639157.012, 129
Trd, 8639158.079, 128
Trd, 8639159.212, 127
Trd, 8639159.546, 115
Trd, 8639159.712, 114
Trd, 8639160.312, 124
Trd, 8639161.112, 138
Trd, 8639162.379, 116
Trd, 8639162.646, 117
Trd, 8639163.012, 117
Trd, 8639163.146, 140
Trd, 8639163.446, 132
Trd, 8639163.512, 123
Trd, 8639163.646, 121
Trd, 8639164.679, 122
Trd, 8639164.712, 120
Trd, 8639165.446, 134
Trd, 8639165.846, 105
Trd, 8639166.546, 108
Trd, 8639166.879, 108
Trd, 8639167.112, 107
Trd, 8639167.979, 109
Trd, 8639168.912, 108
Trd, 8639168.979, 107
Trd, 8639169.546, 110
Trd, 8639169.812, 113
Trd, 8639169.846, 109
Trd, 8639171.279, 138
Trd, 8639171.546, 138
Trd, 8639171.879, 138
Trd, 8639172.146, 129
Trd, 8639172.212, 121
Trd, 8639174.046, 125
Trd, 8639174.079, 124
Trd, 8639174.412, 120
Trd, 8639175.346, 123
Trd, 8639176.746, 129
Trd, 8639177.212, 131
Trd, 8639178.212, 140
Trd, 8639178.379, 140
Trd, 8639178.479, 140
Trd, 8639179.046, 130
Trd, 8639179.779, 119
Trd, 8639179.846, 115
Trd, 8639180.179, 137
Trd, 8639180.412, 117
Trd, 8639181.112, 111
Trd, 8639181.646, 111
Trd, 8639182.146, 111
Trd, 8639182.479, 110
Trd, 8639183.012, 125
Trd, 8639183.079, 102
Trd, 8639184.146, 97
Trd, 8639184.512, 107
Trd, 8639186.012, 131
Trd, 8639186.046, 105
Trd, 8639186.446, 98
Trd, 8639186.812, 96
Trd, 8639186.912, 105
Trd, 8639187.412, 102
Trd, 8639188.079, 90
Trd, 8639188.212, 89
Trd, 8639188.946, 139
Trd, 8639189.212, 84
Trd, 8639190.412, 118
Trd, 8639190.646, 127
Trd, 8639191.312, 84
Trd, 8639192.012, 88
Trd, 8639192.379, 87
Trd, 8639193.479, 129
Trd, 8639193.946, 128
Trd, 8639194.046, 127
Trd, 8639194.079, 119
Trd, 8639194.712, 131
Trd, 8639195.846, 101
Trd, 8639196.712, 107
Trd, 8639197.179, 116
Trd, 8639197.379, 107
Trd, 8639197.412, 106
Trd, 8639197.646, 105
Trd, 8639197.812, 113
Trd, 8639198.412, 103
Trd, 8639199.646, 136
Trd, 8639200.679, 133
Trd, 8639200.879, 132
Trd, 8639201.179, 130
Trd, 8639201.612, 127
Trd, 8639202.112, 121
Trd, 8639202.312, 120
Trd, 8639203.512, 131
Trd, 8639203.646, 138
Trd, 8639204.612, 118
Trd, 8639205.346, 140
Trd, 8639207.112, 140
Trd, 8639207.212, 140
Trd, 8639207.279, 121
Trd, 8639207.879, 121
Trd, 8639208.079, 121
Trd, 8639208.346, 138
Trd, 8639210.812, 140
Trd, 8639211.412, 140
Trd, 8639211.946, 131
Trd, 8639212.112, 130
Trd, 8639212.679, 138
Trd, 8639213.812, 131
Trd, 8639213.846, 130
Trd, 8639214.846, 124
Trd, 8639215.246, 126
Trd, 8639215.312, 122
Trd, 8639215.346, 105
Trd, 8639215.946, 130
Trd, 8639217.779, 131
Trd, 8639218.112, 130
Trd, 8639218.446, 132
Trd, 8639218.512, 128
Trd, 8639218.746, 113
Trd, 8639219.379, 106
Trd, 8639220.112, 138
Trd, 8639220.346, 124
Trd, 8639221.946, 136
Trd, 8639222.679, 133
Trd, 8639223.546, 112
Trd, 8639224.012, 112
Trd, 8639224.612, 111
Trd, 8639224.879, 111
Trd, 8639226.746, 115
Trd, 8639226.879, 109
Trd, 8639227.579, 109
Trd, 8639228.412, 103
Trd, 8639228.879, 132
Trd, 8639229.379, 132
Trd, 8639229.412, 131
Trd, 8639229.879, 134
Trd, 8639230.312, 123
Trd, 8639230.546, 121
Trd, 8639230.712, 117
Trd, 8639231.212, 121
Trd, 8639231.646, 110
Trd, 8639231.846, 136
Trd, 8639232.779, 106
Trd, 8639233.179, 126
Trd, 8639233.379, 103
Trd, 8639233.912, 111
Trd, 8639235.179, 106
Trd, 8639235.712, 136
Trd, 8639236.046, 110
Trd, 8639236.112, 106
Trd, 8639236.546, 96
Trd, 8639236.979, 89
Trd, 8639237.479, 135
Trd, 8639237.679, 134
Trd, 8639239.112, 131
Trd, 8639239.179, 130
Trd, 8639240.946, 127
Trd, 8639241.179, 121
Trd, 8639241.446, 124
Trd, 8639242.179, 93
Trd, 8639242.246, 109
Trd, 8639242.579, 85
Trd, 8639242.946, 87
Trd, 8639243.379, 83
Trd, 8639244.979, 125
Trd, 8639245.412, 110
Trd, 8639245.512, 109
Trd, 8639245.679, 137
Trd, 8639247.112, 128
Trd, 8639247.446, 109
Trd, 8639248.079, 116
Trd, 8639248.612, 105
Trd, 8639249.046, 117
Trd, 8639249.146, 105
Trd, 8639250.012, 130
Trd, 8639250.246, 129
Trd, 8639251.112, 138
Trd, 8639251.646, 138
Trd, 8639252.512, 128
Trd, 8639253.046, 125
Trd, 8639253.946, 107
Trd, 8639254.312, 113
Trd, 8639254.446, 104
Trd, 8639254.546, 138
Trd, 8639254.612, 103
Trd, 8639255.579, 108
Trd, 8639255.812, 97
Trd, 8639256.012, 74
Trd, 8639256.612, 82
Trd, 8639257.079, 83
Trd, 8639257.312, 100
Trd, 8639259.479, 97
Trd, 8639259.512, 96
Trd, 8639259.746, 111
Trd, 8639260.512, 130
Trd, 8639260.579, 129
Trd, 8639260.646, 128
Trd, 8639260.979, 113
Trd, 8639261.012, 96
Trd, 8639261.812, 102
Trd, 8639262.579, 106
Trd, 8639262.812, 103
Trd, 8639264.012, 124
Trd, 8639264.879, 123
Trd, 8639265.379, 124
Trd, 8639265.512, 123
Trd, 8639265.646, 124
Trd, 8639266.279, 123
Trd, 8639266.379, 122
Trd, 8639267.079, 132
Trd, 8639267.279, 117
Trd, 8639267.446, 110
Trd, 8639268.546, 121
Trd, 8639268.679, 104
Trd, 8639269.646, 123
Trd, 8639270.046, 114
Trd, 8639270.112, 112
Trd, 8639270.512, 125
Trd, 8639270.879, 111
Trd, 8639271.479, 113
Trd, 8639271.612, 85
Trd, 8639273.146, 138
Trd, 8639273.312, 137
Trd, 8639273.979, 135
Trd, 8639274.212, 135
Trd, 8639274.779, 127
Trd, 8639275.112, 123
Trd, 8639275.279, 102
Trd, 8639275.712, 115
Trd, 8639276.612, 117
Trd, 8639277.212, 113
Trd, 8639279.279, 115
Trd, 8639279.712, 117
Trd, 8639280.146, 128
Trd, 8639280.179, 118
Trd, 8639280.212, 137
Trd, 8639280.279, 115
Trd, 8639280.879, 66
Trd, 8639281.546, 111
Trd, 8639283.179, 115
Trd, 8639284.212, 116
Trd, 8639284.846, 137
Trd, 8639285.046, 135
Trd, 8639285.246, 138
Trd, 8639285.646, 137
Trd, 8639285.912, 129
Trd, 8639286.779, 106
Trd, 8639286.912, 104
Trd, 8639286.979, 118
Trd, 8639287.779, 71
Trd, 8639289.612, 138
Trd, 8639289.746, 135
Trd, 8639290.246, 109
Trd, 8639291.179, 130
Trd, 8639291.212, 115
Trd, 8639291.912, 107
Trd, 8639292.812, 140
Trd, 8639292.912, 139
Trd, 8639292.946, 113
Trd, 8639294.312, 132
Trd, 8639294.479, 114
Trd, 8639295.712, 139
Trd, 8639295.746, 138
Trd, 8639295.879, 109
Trd, 8639296.679, 109
Trd, 8639296.779, 108
Trd, 8639298.046, 129
Trd, 8639298.346, 137
Trd, 8639298.412, 129
Trd, 8639299.012, 129
Trd, 8639300.146, 132
Trd, 8639300.212, 122
Trd, 8639300.479, 114
Trd, 8639301.912, 124
Trd, 8639302.312, 123
Trd, 8639302.912, 111
Trd, 8639303.346, 127
Trd, 8639304.412, 139
Trd, 8639304.446, 138
Trd, 8639305.446, 131
Trd, 8639306.146, 133
Trd, 8639306.346, 130
Trd, 8639308.179, 136
Trd, 8639308.912, 140
Trd, 8639309.246, 140
Trd, 8639309.879, 122
Trd, 8639311.146, 139
Trd, 8639311.212, 138
Trd, 8639312.146, 135
Trd, 8639312.479, 135
Trd, 8639312.579, 124
Trd, 8639312.812, 123
Trd, 8639314.179, 135
Trd, 8639314.312, 117
Trd, 8639314.746, 111
Trd, 8639315.312, 111
Trd, 8639315.646, 123
Trd, 8639315.879, 112
Trd, 8639316.179, 105
Trd, 8639316.312, 88
Trd, 8639316.479, 78
Trd, 8639316.512, 103
Trd, 8639317.179, 79
Trd, 8639317.812, 109
Trd, 8639318.346, 73
Trd, 8639318.512, 71
Trd, 8639319.279, 83
Trd, 8639319.812, 74
Trd, 8639320.612, 129
Trd, 8639320.812, 128
Trd, 8639321.012, 131
Trd, 8639321.746, 79
Trd, 8639321.879, 104
Trd, 8639322.379, 106
Trd, 8639323.446, 101
Trd, 8639323.846, 133
Trd, 8639324.279, 135
Trd, 8639324.446, 110
Trd, 8639325.512, 104
Trd, 8639326.412, 134
Trd, 8639326.746, 134
Trd, 8639326.912, 133
Trd, 8639326.946, 132
Trd, 8639327.279, 123
Trd, 8639327.312, 111
Trd, 8639327.446, 103
Trd, 8639328.446, 140
Trd, 8639328.779, 139
Trd, 8639329.379, 124
Trd, 8639330.179, 139
Trd, 8639330.312, 130
Trd, 8639331.179, 130
Trd, 8639331.312, 129
Trd, 8639331.879, 128
Trd, 8639332.046, 111
Trd, 8639333.112, 134
Trd, 8639335.179, 140
Trd, 8639336.079, 140
Trd, 8639336.379, 140
Trd, 8639336.646, 130
Trd, 8639336.679, 127
Trd, 8639336.946, 126
Trd, 8639337.279, 113
Trd, 8639337.512, 109
Trd, 8639338.079, 103
Trd, 8639339.312, 123
Trd, 8639340.579, 118
Trd, 8639340.846, 111
Trd, 8639341.812, 140
Trd, 8639342.112, 140
Trd, 8639342.246, 140
Trd, 8639342.446, 138
Trd, 8639342.912, 122
Trd, 8639343.679, 140
Trd, 8639343.712, 140
Trd, 8639344.146, 139
Trd, 8639344.346, 138
Trd, 8639345.679, 132
Trd, 8639346.279, 131
Trd, 8639346.446, 124
Trd, 8639346.879, 140
Trd, 8639347.279, 138
Trd, 8639347.579, 119
Trd, 8639348.012, 115
Trd, 8639348.879, 111
Trd, 8639349.112, 110
Trd, 8639349.579, 117
Trd, 8639349.679, 127
Trd, 8639350.312, 112
Trd, 8639352.679, 135
Trd, 8639352.912, 136
Trd, 8639353.079, 134
Trd, 8639353.146, 139
Trd, 8639353.379, 132
Trd, 8639353.846, 127
Trd, 8639354.346, 119
Trd, 8639354.679, 116
Trd, 8639355.779, 138
Trd, 8639355.946, 136
Trd, 8639356.579, 128
Trd, 8639356.612, 123
Trd, 8639358.046, 125
Trd, 8639358.379, 122
Trd, 8639358.446, 126
Trd, 8639358.579, 133
Trd, 8639359.479, 124
Trd, 8639359.879, 121
Trd, 8639360.646, 123
Trd, 8639360.746, 118
Trd, 8639360.912, 117
Trd, 8639361.746, 130
Trd, 8639361.979, 109
Trd, 8639362.779, 114
Trd, 8639363.379, 108
Trd, 8639363.679, 109
Trd, 8639364.012, 138
Trd, 8639365.546, 139
Trd, 8639365.712, 139
Trd, 8639365.812, 138
Trd, 8639365.846, 114
Trd, 8639366.479, 112
Trd, 8639367.712, 114
Trd, 8639367.779, 113
Trd, 8639368.179, 111
Trd, 8639368.279, 93
Trd, 8639370.079, 86
Trd, 8639370.346, 85
Trd, 8639370.679, 103
Trd, 8639370.812, 102
Trd, 8639371.412, 128
Trd, 8639371.812, 97
Trd, 8639372.212, 92
Trd, 8639372.479, 108
Trd, 8639372.712, 107
Trd, 8639373.679, 112
Trd, 8639373.712, 99
Trd, 8639374.012, 130
Trd, 8639374.279, 98
Trd, 8639375.179, 93
Trd, 8639376.212, 87
Trd, 8639376.612, 126
Trd, 8639376.912, 121
Trd, 8639377.112, 122
Trd, 8639378.612, 98
Trd, 8639379.012, 94
Trd, 8639380.779, 121
Trd, 8639381.179, 132
Trd, 8639381.279, 132
Trd, 8639381.312, 131
Trd, 8639381.812, 121
Trd, 8639381.912, 117
Trd, 8639382.012, 109
Trd, 8639382.746, 115
Trd, 8639383.146, 113
Trd, 8639383.946, 134
Trd, 8639384.879, 134
Trd, 8639384.912, 132
Trd, 8639385.212, 140
Trd, 8639385.812, 126
Trd, 8639386.379, 127
Trd, 8639387.379, 137
Trd, 8639387.979, 138
Trd, 8639388.512, 137
Trd, 8639388.779, 136
Trd, 8639389.646, 137
Trd, 8639390.079, 128
Trd, 8639390.579, 135
Trd, 8639391.112, 125
Trd, 8639391.379, 87
Trd, 8639391.746, 96
Trd, 8639392.779, 125
Trd, 8639393.012, 118
Trd, 8639394.379, 124
Trd, 8639394.746, 115
Trd, 8639394.912, 114
Trd, 8639395.046, 107
Trd, 8639395.112, 97
Trd, 8639395.979, 101
Trd, 8639396.679, 138
Trd, 8639396.879, 138
Trd, 8639397.179, 138
Trd, 8639398.246, 111
Trd, 8639398.579, 125
Trd, 8639398.846, 132
Trd, 8639399.079, 120
Trd, 8639399.579, 140
Trd, 8639399.779, 140
Trd, 8639401.046, 140
Trd, 8639401.212, 140
Trd, 8639401.612, 140
Trd, 8639401.646, 139
Trd, 8639401.979, 130
Trd, 8639402.146, 122
Trd, 8639402.579, 116
Trd, 8639402.912, 110
Trd, 8639403.112, 109
Trd, 8639404.746, 137
Trd, 8639405.079, 128
Trd, 8639405.946, 121
Trd, 8639406.446, 128
Trd, 8639407.146, 140
Trd, 8639407.379, 127
Trd, 8639407.546, 126
Trd, 8639407.712, 116
Trd, 8639407.846, 114
Trd, 8639408.012, 97
Trd, 8639408.446, 73
Trd, 8639409.379, 132
Trd, 8639409.446, 131
Trd, 8639409.512, 106
Trd, 8639409.979, 95
Trd, 8639411.479, 136
Trd, 8639412.079, 137
Trd, 8639412.246, 137
Trd, 8639413.946, 135
Trd, 8639414.312, 135
Trd, 8639415.679, 127
Trd, 8639416.146, 115
Trd, 8639416.746, 118
Trd, 8639416.779, 139
Trd, 8639416.946, 100
Trd, 8639418.412, 123
Trd, 8639418.946, 120
Trd, 8639419.879, 136
Trd, 8639420.512, 132
Trd, 8639420.846, 127
Trd, 8639422.379, 140
Trd, 8639422.646, 140
Trd, 8639422.812, 140
Trd, 8639422.879, 139
Trd, 8639423.046, 122
Trd, 8639423.079, 119
Trd, 8639423.446, 139
Trd, 8639423.879, 132
Trd, 8639424.779, 133
Trd, 8639425.279, 140
Trd, 8639425.479, 122
Trd, 8639427.012, 128
Trd, 8639428.012, 131
Trd, 8639428.179, 131
Trd, 8639428.579, 129
Trd, 8639428.646, 128
Trd, 8639429.112, 113
Trd, 8639429.579, 80
Trd, 8639430.279, 116
Trd, 8639430.779, 87
Trd, 8639432.012, 124
Trd, 8639433.279, 86
Trd, 8639433.312, 87
Trd, 8639434.212, 95
Trd, 8639434.346, 113
Trd, 8639434.612, 95
Trd, 8639435.212, 129
Trd, 8639435.679, 125
Trd, 8639436.579, 103
Trd, 8639436.646, 96
Trd, 8639436.712, 104
Trd, 8639437.879, 105
Trd, 8639438.412, 103
Trd, 8639438.812, 102
Trd, 8639439.179, 128
Trd, 8639439.412, 127
Trd, 8639440.479, 84
Trd, 8639440.846, 83
Trd, 8639441.746, 117
Trd, 8639441.979, 87
Trd, 8639442.246, 117
Trd, 8639442.979, 115
Trd, 8639443.479, 99
Trd, 8639444.512, 104
Trd, 8639445.679, 106
Trd, 8639445.812, 121
Trd, 8639446.479, 108
Trd, 8639446.612, 107
Trd, 8639446.679, 105
Trd, 8639447.646, 116
Trd, 8639448.179, 117
Trd, 8639448.879, 129
Trd, 8639449.046, 113
Trd, 8639449.479, 118
Trd, 8639449.546, 112
Trd, 8639449.879, 111
Trd, 8639449.912, 104
Trd, 8639450.612, 88
Trd, 8639452.012, 101
Trd, 8639453.079, 106
Trd, 8639453.146, 102
Trd, 8639453.412, 118
Trd, 8639453.746, 102
Trd, 8639453.846, 119
Trd, 8639454.012, 123
Trd, 8639455.546, 107
Trd, 8639455.712, 107
Trd, 8639456.212, 106
Trd, 8639457.779, 100
Trd, 8639458.279, 102
Trd, 8639459.112, 133
Trd, 8639459.446, 133
Trd, 8639459.579, 131
Trd, 8639459.912, 129
Trd, 8639460.112, 115
Trd, 8639460.146, 131
Trd, 8639460.579, 102
Trd, 8639460.912, 114
Trd, 8639461.012, 108
Trd, 8639462.746, 126
Trd, 8639463.079, 109
Trd, 8639463.946, 115
Trd, 8639464.479, 110
Trd, 8639466.112, 84
Trd, 8639466.279, 99
Trd, 8639467.012, 76
Trd, 8639467.512, 87
Trd, 8639467.846, 113
Trd, 8639468.446, 94
Trd, 8639468.546, 117
Trd, 8639468.612, 93
Trd, 8639468.646, 85
Trd, 8639469.212, 82
Trd, 8639470.579, 130
Trd, 8639471.146, 124
Trd, 8639471.246, 121
Trd, 8639472.079, 111
Trd, 8639472.379, 133
Trd, 8639472.646, 103
Trd, 8639473.212, 74
Trd, 8639473.346, 111
Trd, 8639473.379, 71
Trd, 8639474.312, 63
Trd, 8639475.812, 103
Trd, 8639475.846, 102
Trd, 8639476.079, 95
Trd, 8639476.946, 94
Trd, 8639477.546, 103
Trd, 8639477.612, 100
Trd, 8639477.812, 100
Trd, 8639477.846, 99
Trd, 8639478.546, 104
Trd, 8639479.579, 131
Trd, 8639479.679, 117
Trd, 8639481.346, 122
Trd, 8639481.446, 121
Trd, 8639482.079, 121
Trd, 8639482.612, 110
Trd, 8639482.912, 132
Trd, 8639482.946, 101
Trd, 8639484.546, 135
Trd, 8639486.079, 136
Trd, 8639486.546, 138
Trd, 8639486.779, 138
Trd, 8639487.312, 140
Trd, 8639487.546, 140
Trd, 8639487.746, 140
Trd, 8639487.812, 130
Trd, 8639487.979, 130
Trd, 8639489.779, 135
Trd, 8639490.112, 135
Trd, 8639490.512, 137
Trd, 8639491.079, 137
Trd, 8639491.446, 136
Trd, 8639492.279, 137
Trd, 8639492.546, 135
Trd, 8639492.912, 126
Trd, 8639493.846, 81
Trd, 8639494.279, 76
Trd, 8639494.479, 74
Trd, 8639495.546, 102
Trd, 8639496.179, 78
Trd, 8639496.212, 84
Trd, 8639496.546, 87
Trd, 8639497.579, 78
Trd, 8639497.712, 98
Trd, 8639498.512, 124
Trd, 8639498.579, 110
Trd, 8639500.046, 134
Trd, 8639501.346, 137
Trd, 8639502.612, 139
Trd, 8639502.846, 133
Trd, 8639502.946, 132
Trd, 8639503.346, 131
Trd, 8639503.412, 115
Trd, 8639505.012, 105
Trd, 8639505.479, 105
Trd, 8639506.612, 119
Trd, 8639507.079, 119
Trd, 8639507.479, 118
Trd, 8639507.612, 117
Trd, 8639507.979, 110
Trd, 8639508.112, 125
Trd, 8639508.479, 129
Trd, 8639509.046, 111
Trd, 8639509.379, 100
Trd, 8639509.779, 100
Trd, 8639510.179, 99
Trd, 8639510.212, 93
Trd, 8639510.879, 80
Trd, 8639512.346, 122
Trd, 8639512.479, 122
Trd, 8639512.946, 127
Trd, 8639513.079, 132
Trd, 8639514.012, 98
Trd, 8639514.846, 118
Trd, 8639515.179, 117
Trd, 8639516.212, 125
Trd, 8639517.112, 125
Trd, 8639517.379, 120
Trd, 8639517.546, 107
Trd, 8639517.779, 90
Trd, 8639517.946, 63
Trd, 8639518.479, 109
Trd, 8639519.046, 113
Trd, 8639520.946, 124
Trd, 8639521.046, 123
Trd, 8639521.146, 122
Trd, 8639521.179, 105
Trd, 8639522.812, 134
Trd, 8639523.079, 96
Trd, 8639523.646, 113
Trd, 8639523.846, 112
Trd, 8639523.879, 107
Trd, 8639523.912, 107
Trd, 8639524.746, 126
Trd, 8639525.046, 129
Trd, 8639526.012, 126
Trd, 8639527.312, 134
Trd, 8639527.346, 127
Trd, 8639528.646, 136
Trd, 8639529.346, 139
Trd, 8639529.479, 138
Trd, 8639529.779, 139
Trd, 8639529.912, 137
Trd, 8639530.479, 135
Trd, 8639530.712, 131
Trd, 8639531.379, 102
Trd, 8639531.679, 101
Trd, 8639532.946, 103
Trd, 8639533.279, 96
Trd, 8639533.679, 115
Trd, 8639533.746, 104
Trd, 8639535.179, 140
Trd, 8639535.612, 133
Trd, 8639535.912, 130
Trd, 8639536.079, 128
Trd, 8639536.146, 127
Trd, 8639536.179, 122
Trd, 8639536.979, 133
Trd, 8639537.279, 132
Trd, 8639537.979, 118
Trd, 8639538.512, 133
Trd, 8639538.546, 132
Trd, 8639538.812, 121
Trd, 8639539.879, 135
Trd, 8639540.046, 134
Trd, 8639540.779, 140
Trd, 8639541.412, 140
Trd, 8639541.812, 135
Trd, 8639542.346, 131
Trd, 8639542.612, 126
Trd, 8639543.146, 123
Trd, 8639544.779, 122
Trd, 8639544.812, 116
Trd, 8639546.246, 104
Trd, 8639546.312, 103
Trd, 8639546.646, 124
Trd, 8639547.712, 114
Trd, 8639547.846, 114
Trd, 8639548.579, 119
Trd, 8639549.679, 121
Trd, 8639550.379, 135
Trd, 8639550.712, 122
Trd, 8639550.979, 126
Trd, 8639551.379, 118
Trd, 8639551.412, 111
Trd, 8639552.646, 121
Trd, 8639553.079, 132
Trd, 8639554.112, 135
Trd, 8639554.346, 134
Trd, 8639554.412, 131
Trd, 8639554.612, 136
Trd, 8639555.012, 126
Trd, 8639555.979, 122
Trd, 8639557.146, 122
Trd, 8639557.746, 128
Trd, 8639557.979, 122
Trd, 8639558.646, 122
Trd, 8639558.979, 122
Trd, 8639559.012, 125
Trd, 8639559.612, 123
Trd, 8639559.679, 121
Trd, 8639559.746, 119
Trd, 8639560.279, 117
Trd, 8639560.912, 112
Trd, 8639562.646, 140
Trd, 8639562.812, 140
Trd, 8639563.346, 121
Trd, 8639563.679, 115
Trd, 8639563.879, 107
Trd, 8639565.079, 113
Trd, 8639565.679, 118
Trd, 8639566.712, 109
Trd, 8639566.812, 118
Trd, 8639566.912, 108
Trd, 8639567.279, 91
Trd, 8639568.146, 86
Trd, 8639568.879, 91
Trd, 8639569.146, 90
Trd, 8639569.846, 96
Trd, 8639570.146, 95
Trd, 8639570.279, 94
Trd, 8639570.746, 96
Trd, 8639571.012, 96
Trd, 8639571.646, 94
Trd, 8639572.846, 99
Trd, 8639574.079, 102
Trd, 8639575.446, 125
Trd, 8639576.046, 121
Trd, 8639577.012, 131
Trd, 8639577.279, 122
Trd, 8639577.946, 123
Trd, 8639578.079, 126
Trd, 8639578.446, 112
Trd, 8639579.112, 138
Trd, 8639579.179, 137
Trd, 8639579.412, 97
Trd, 8639579.946, 137
Trd, 8639580.946, 109
Trd, 8639581.779, 112
Trd, 8639582.379, 111
Trd, 8639583.112, 101
Trd, 8639583.179, 100
Trd, 8639583.512, 103
Trd, 8639583.546, 100
Trd, 8639584.546, 120
Trd, 8639585.812, 135
Trd, 8639585.879, 134
Trd, 8639586.612, 138
Trd, 8639586.746, 137
Trd, 8639587.412, 136
Trd, 8639587.612, 135
Trd, 8639588.312, 138
Trd, 8639589.146, 136
Trd, 8639589.512, 119
Trd, 8639590.046, 138
Trd, 8639590.346, 127
Trd, 8639591.146, 130
Trd, 8639591.579, 112
Trd, 8639592.312, 139
Trd, 8639592.912, 108
Trd, 8639594.512, 140
Trd, 8639594.779, 140
Trd, 8639594.979, 140
Trd, 8639595.612, 130
Trd, 8639597.479, 124
Trd, 8639598.379, 130
Trd, 8639599.046, 127
Trd, 8639599.112, 114
Trd, 8639600.279, 118
Trd, 8639600.746, 118
Trd, 8639601.079, 120
Trd, 8639601.246, 119
Trd, 8639601.279, 110
Trd, 8639601.479, 110
Trd, 8639602.312, 96
Trd, 8639602.379, 127
Trd, 8639603.112, 134
Trd, 8639604.346, 136
Trd, 8639604.812, 114
Trd, 8639605.179, 103
Trd, 8639605.512, 120
Trd, 8639605.679, 116
Trd, 8639606.312, 118
Trd, 8639608.146, 104
Trd, 8639608.846, 105
Trd, 8639609.012, 105
Trd, 8639609.279, 105
Trd, 8639609.712, 99
Trd, 8639609.812, 78
Trd, 8639610.279, 128
Trd, 8639610.646, 76
Trd, 8639610.779, 72
Trd, 8639610.979, 82
Trd, 8639611.212, 96
Trd, 8639611.246, 112
Trd, 8639611.546, 72
Trd, 8639611.912, 65
Trd, 8639612.479, 124
Trd, 8639612.612, 114
Trd, 8639614.679, 114
Trd, 8639614.779, 115
Trd, 8639615.979, 112
Trd, 8639616.012, 110
Trd, 8639618.012, 133
Trd, 8639618.212, 124
Trd, 8639619.346, 87
Trd, 8639619.379, 86
Trd, 8639619.412, 96
Trd, 8639619.446, 85
Trd, 8639619.479, 97
Trd, 8639619.712, 84
Trd, 8639621.379, 134
Trd, 8639622.646, 137
Trd, 8639623.312, 137
Trd, 8639624.546, 140
Trd, 8639624.879, 139
Trd, 8639625.146, 138
Trd, 8639625.612, 123
Trd, 8639625.679, 117
Trd, 8639625.746, 113
Trd, 8639627.379, 122
Trd, 8639627.446, 119
Trd, 8639628.112, 133
Trd, 8639628.846, 137
Trd, 8639629.379, 125
Trd, 8639629.446, 115
Trd, 8639629.746, 114
Trd, 8639629.879, 112
Trd, 8639630.979, 72
Trd, 8639631.046, 91
Trd, 8639631.912, 109
Trd, 8639632.912, 87
Trd, 8639633.079, 87
Trd, 8639634.112, 132
Trd, 8639634.512, 132
Trd, 8639634.679, 131
Trd, 8639634.912, 123
Trd, 8639635.612, 117
Trd, 8639636.346, 82
Trd, 8639636.712, 81
Trd, 8639637.112, 135
Trd, 8639637.279, 138
Trd, 8639637.546, 138
Trd, 8639637.579, 137
Trd, 8639638.612, 90
Trd, 8639639.246, 86
Trd, 8639640.212, 97
Trd, 8639641.012, 112
Trd, 8639641.912, 112
Trd, 8639642.112, 111
Trd, 8639642.546, 110
Trd, 8639643.946, 134
Trd, 8639644.046, 103
Trd, 8639644.112, 131
Trd, 8639644.379, 101
Trd, 8639644.646, 137
Trd, 8639645.279, 130
Trd, 8639645.579, 124
Trd, 8639646.112, 118
Trd, 8639646.512, 128
Trd, 8639647.079, 127
Trd, 8639647.279, 127
Trd, 8639647.612, 127
Trd, 8639647.779, 121
Trd, 8639648.246, 122
Trd, 8639648.879, 114
Trd, 8639649.346, 125
Trd, 8639649.546, 108
Trd, 8639649.579, 107
Trd, 8639652.079, 140
Trd, 8639653.046, 140
Trd, 8639653.379, 140
Trd, 8639654.279, 133
Trd, 8639654.546, 130
Trd, 8639654.812, 124
Trd, 8639654.946, 123
Trd, 8639655.912, 126
Trd, 8639656.279, 128
Trd, 8639656.946, 124
Trd, 8639657.379, 124
Trd, 8639657.479, 123
Trd, 8639658.179, 115
Trd, 8639658.479, 114
Trd, 8639658.746, 111
Trd, 8639658.879, 95
Trd, 8639659.546, 100
Trd, 8639659.746, 82
Trd, 8639660.079, 112
Trd, 8639660.379, 101
Trd, 8639661.912, 123
Trd, 8639662.179, 122
Trd, 8639662.846, 108
Trd, 8639663.046, 129
Trd, 8639663.246, 105
Trd, 8639664.212, 116
Trd, 8639665.412, 140
Trd, 8639665.612, 140
Trd, 8639665.746, 122
Trd, 8639665.879, 121
Trd, 8639666.479, 127
Trd, 8639666.512, 126
Trd, 8639666.612, 118
Trd, 8639667.646, 125
Trd, 8639667.879, 140
Trd, 8639669.446, 140
Trd, 8639670.179, 111
Trd, 8639670.379, 105
Trd, 8639670.512, 100
Trd, 8639671.612, 105
Trd, 8639671.779, 103
Trd, 8639671.979, 101
Trd, 8639672.579, 127
Trd, 8639673.079, 127
Trd, 8639673.146, 127
Trd, 8639673.246, 127
Trd, 8639674.812, 128
Trd, 8639674.879, 127
Trd, 8639675.812, 135
Trd, 8639675.879, 133
Trd, 8639675.979, 124
Trd, 8639677.179, 115
Trd, 8639677.246, 96
Trd, 8639678.046, 118
Trd, 8639679.112, 94
Trd, 8639679.479, 103
Trd, 8639679.612, 102
Trd, 8639679.912, 110
Trd, 8639680.079, 116
Trd, 8639680.779, 111
Trd, 8639681.246, 118
Trd, 8639681.312, 119
Trd, 8639682.246, 127
Trd, 8639682.479, 103
Trd, 8639683.146, 108
Trd, 8639683.312, 101
Trd, 8639683.479, 101
Trd, 8639683.879, 118
Trd, 8639684.679, 109
Trd, 8639685.579, 111
Trd, 8639686.312, 121
Trd, 8639686.879, 115
Trd, 8639686.979, 120
Trd, 8639687.012, 114
Trd, 8639687.046, 136
Trd, 8639687.379, 106
Trd, 8639687.412, 105
Trd, 8639687.979, 103
Trd, 8639688.879, 121
Trd, 8639689.579, 72
Trd, 8639690.112, 63
Trd, 8639691.079, 121
Trd, 8639692.179, 140
Trd, 8639692.579, 140
Trd, 8639692.879, 139
Trd, 8639693.079, 131
Trd, 8639693.312, 128
Trd, 8639693.612, 133
Trd, 8639693.646, 132
Trd, 8639693.779, 111
Trd, 8639694.012, 84
Trd, 8639694.479, 124
Trd, 8639695.279, 119
Trd, 8639695.779, 129
Trd, 8639696.212, 131
Trd, 8639696.746, 130
Trd, 8639697.279, 130
Trd, 8639697.479, 129
Trd, 8639697.812, 128
Trd, 8639697.946, 129
Trd, 8639698.412, 128
Trd, 8639699.746, 99
Trd, 8639700.812, 117
Trd, 8639701.279, 114
Trd, 8639702.312, 119
Trd, 8639702.679, 115
Trd, 8639702.979, 122
Trd, 8639703.679, 118
Trd, 8639704.046, 128
Trd, 8639704.312, 132
Trd, 8639704.979, 123
Trd, 8639705.146, 122
Trd, 8639706.646, 129
Trd, 8639706.846, 118
Trd, 8639707.379, 114
Trd, 8639708.312, 119
Trd, 8639709.646, 116
Trd, 8639710.212, 115
Trd, 8639710.879, 96
Trd, 8639711.546, 115
Trd, 8639711.646, 102
Trd, 8639712.912, 135
Trd, 8639713.379, 122
Trd, 8639713.746, 140
Trd, 8639714.479, 118
Trd, 8639714.646, 114
Trd, 8639714.712, 118
Trd, 8639715.212, 113
Trd, 8639715.279, 112
Trd, 8639715.446, 88
Trd, 8639715.979, 83
Trd, 8639716.346, 70
Trd, 8639716.979, 64
Trd, 8639717.212, 63
Trd, 8639718.546, 106
Trd, 8639718.612, 105
Trd, 8639718.879, 104
Trd, 8639719.046, 121
Trd, 8639719.179, 76
Trd, 8639720.246, 110
Trd, 8639722.146, 114
Trd, 8639722.312, 136
Trd, 8639722.379, 113
Trd, 8639723.979, 114
Trd, 8639724.379, 128
Trd, 8639724.412, 118
Trd, 8639724.712, 121
Trd, 8639724.812, 116
Trd, 8639724.879, 128
Trd, 8639727.046, 106
Trd, 8639727.379, 105
Trd, 8639727.646, 137
Trd, 8639728.612, 101
Trd, 8639729.279, 134
Trd, 8639729.912, 124
Trd, 8639730.312, 119
Trd, 8639730.846, 118
Trd, 8639731.012, 133
Trd, 8639731.246, 135
Trd, 8639731.646, 126
Trd, 8639731.712, 117
Trd, 8639731.946, 116
Trd, 8639732.746, 126
Trd, 8639732.812, 125
Trd, 8639733.379, 103
Trd, 8639733.479, 101
Trd, 8639733.712, 127
Trd, 8639735.779, 64
Trd, 8639735.846, 63
Trd, 8639735.946, 64
Trd, 8639736.712, 61
Trd, 8639737.479, 63
Trd, 8639738.512, 93
Trd, 8639740.546, 99
Trd, 8639740.779, 99
Trd, 8639740.846, 94
Trd, 8639741.046, 108
Trd, 8639741.112, 108
Trd, 8639741.579, 134
Trd, 8639742.246, 137
Trd, 8639742.346, 134
Trd, 8639742.879, 119
Trd, 8639743.412, 122
Trd, 8639744.146, 113
Trd, 8639744.246, 109
Trd, 8639744.546, 125
Trd, 8639745.346, 112
Trd, 8639745.379, 111
Trd, 8639745.512, 107
Trd, 8639746.312, 131
Trd, 8639746.946, 128
Trd, 8639747.579, 133
Trd, 8639748.379, 133
Trd, 8639748.512, 132
Trd, 8639748.746, 125
Trd, 8639748.879, 123
Trd, 8639749.312, 117
Trd, 8639749.512, 115
Trd, 8639751.246, 111
Trd, 8639751.446, 97
Trd, 8639751.479, 117
Trd, 8639751.879, 116
Trd, 8639753.346, 135
Trd, 8639753.379, 133
Trd, 8639753.679, 132
Trd, 8639753.912, 128
Trd, 8639755.446, 133
Trd, 8639755.646, 122
Trd, 8639756.779, 140
Trd, 8639757.312, 134
Trd, 8639757.346, 132
Trd, 8639757.879, 134
Trd, 8639758.179, 113
Trd, 8639759.112, 115
Trd, 8639759.279, 114
Trd, 8639760.312, 112
Trd, 8639760.446, 110
Trd, 8639762.212, 120
Trd, 8639762.979, 125
Trd, 8639763.379, 140
Trd, 8639763.812, 140
Trd, 8639764.012, 118
Trd, 8639764.279, 111
Trd, 8639764.679, 110
Trd, 8639764.746, 101
Trd, 8639765.579, 67
Trd, 8639765.612, 103
Trd, 8639765.879, 76
Trd, 8639766.512, 73
Trd, 8639766.979, 128
Trd, 8639767.746, 70
Trd, 8639768.479, 102
Trd, 8639768.979, 97
Trd, 8639769.146, 79
Trd, 8639769.512, 81
Trd, 8639771.312, 124
Trd, 8639771.612, 125
Trd, 8639772.346, 127
Trd, 8639773.479, 136
Trd, 8639773.612, 124
Trd, 8639774.312, 122
Trd, 8639774.446, 122
Trd, 8639774.846, 121
Trd, 8639775.246, 114
Trd, 8639776.579, 133
Trd, 8639776.646, 118
Trd, 8639777.246, 122
Trd, 8639777.279, 120
Trd, 8639778.212, 121
Trd, 8639778.279, 115
Trd, 8639778.612, 126
Trd, 8639778.846, 126
Trd, 8639779.446, 121
Trd, 8639780.312, 120
Trd, 8639780.679, 136
Trd, 8639780.746, 104
Trd, 8639781.846, 128
Trd, 8639782.279, 126
Trd, 8639782.712, 122
Trd, 8639782.912, 121
Trd, 8639783.012, 124
Trd, 8639783.946, 134
Trd, 8639784.346, 138
Trd, 8639784.546, 132
Trd, 8639785.946, 139
Trd, 8639786.612, 134
Trd, 8639786.779, 128
Trd, 8639787.179, 131
Trd, 8639787.579, 128
Trd, 8639787.779, 119
Trd, 8639787.979, 111
Trd, 8639788.512, 113
Trd, 8639788.779, 107
Trd, 8639788.812, 107
Trd, 8639789.612, 131
Trd, 8639789.979, 114
Trd, 8639790.712, 139
Trd, 8639791.079, 122
Trd, 8639791.246, 123
Trd, 8639791.746, 111
Trd, 8639792.479, 79
Trd, 8639792.946, 117
Trd, 8639793.646, 105
Trd, 8639793.946, 84
Trd, 8639794.212, 94
Trd, 8639794.479, 140
Trd, 8639794.812, 123
Trd, 8639795.079, 113
Trd, 8639795.646, 138
Trd, 8639795.746, 137
Trd, 8639795.879, 134
Trd, 8639796.479, 129
Trd, 8639796.812, 122
Trd, 8639797.479, 134
Trd, 8639797.946, 138
Trd, 8639798.346, 126
Trd, 8639799.146, 121
Trd, 8639799.346, 114
Trd, 8639800.546, 121
Trd, 8639801.012, 133
Trd, 8639801.112, 132
Trd, 8639801.712, 126
Trd, 8639802.179, 123
Trd, 8639802.379, 106
Trd, 8639803.012, 120
Trd, 8639803.079, 119
Trd, 8639803.946, 89
Trd, 8639804.046, 64
Trd, 8639804.612, 85
Trd, 8639805.112, 121
Trd, 8639805.346, 111
Trd, 8639805.379, 97
Trd, 8639806.379, 140
Trd, 8639806.579, 140
Trd, 8639806.746, 140
Trd, 8639807.946, 112
Trd, 8639808.379, 115
Trd, 8639808.546, 109
Trd, 8639808.612, 108
Trd, 8639809.079, 119
Trd, 8639810.679, 133
Trd, 8639811.712, 112
Trd, 8639812.312, 112
Trd, 8639812.412, 112
Trd, 8639812.479, 111
Trd, 8639813.612, 107
Trd, 8639813.646, 101
Trd, 8639813.979, 98
Trd, 8639814.612, 114
Trd, 8639815.546, 128
Trd, 8639817.779, 121
Trd, 8639819.246, 121
Trd, 8639819.312, 130
Trd, 8639820.046, 121
Trd, 8639820.646, 123
Trd, 8639820.679, 121
Trd, 8639821.112, 140
Trd, 8639821.846, 128
Trd, 8639822.079, 113
Trd, 8639823.079, 134
Trd, 8639823.146, 130
Trd, 8639824.412, 81
Trd, 8639824.512, 82
Trd, 8639824.579, 76
Trd, 8639825.746, 88
Trd, 8639826.246, 76
Trd, 8639826.379, 95
Trd, 8639827.179, 93
Trd, 8639827.279, 117
Trd, 8639827.479, 92
Trd, 8639827.812, 112
Trd, 8639827.979, 98
Trd, 8639828.279, 93
Trd, 8639828.379, 91
Trd, 8639830.079, 90
Trd, 8639830.546, 135
Trd, 8639831.746, 115
Trd, 8639831.846, 114
Trd, 8639831.879, 98
Trd, 8639831.946, 98
Trd, 8639832.146, 131
Trd, 8639834.046, 132
Trd, 8639834.112, 116
Trd, 8639834.612, 132
Trd, 8639834.812, 130
Trd, 8639834.912, 121
Trd, 8639834.979, 113
Trd, 8639835.146, 99
Trd, 8639835.246, 98
Trd, 8639835.646, 129
Trd, 8639836.179, 114
Trd, 8639836.846, 117
Trd, 8639837.579, 116
Trd, 8639837.779, 115
Trd, 8639838.212, 95
Trd, 8639840.612, 127
Trd, 8639840.679, 125
Trd, 8639840.746, 120
Trd, 8639841.212, 126
Trd, 8639841.246, 107
Trd, 8639841.279, 132
Trd, 8639842.012, 70
Trd, 8639842.246, 99
Trd, 8639843.346, 120
Trd, 8639843.979, 110
Trd, 8639844.546, 101
Trd, 8639845.312, 131
Trd, 8639845.612, 140
Trd, 8639846.046, 127
Trd, 8639846.712, 88
Trd, 8639847.079, 121
Trd, 8639847.579, 119
Trd, 8639849.579, 130
Trd, 8639850.012, 132
Trd, 8639850.279, 130
Trd, 8639850.379, 129
Trd, 8639850.446, 128
Trd, 8639850.912, 117
Trd, 8639851.012, 109
Trd, 8639851.346, 113
Trd, 8639852.979, 135
Trd, 8639853.879, 103
Trd, 8639854.012, 102
Trd, 8639855.312, 107
Trd, 8639855.346, 109
Trd, 8639855.412, 106
Trd, 8639855.712, 104
Trd, 8639856.246, 97
Trd, 8639857.379, 125
Trd, 8639857.412, 134
Trd, 8639857.512, 125
Trd, 8639857.979, 123
Trd, 8639859.946, 127
Trd, 8639860.412, 121
Trd, 8639861.079, 121
Trd, 8639861.346, 132
Trd, 8639861.412, 122
Trd, 8639861.679, 113
Trd, 8639863.046, 128
Trd, 8639863.646, 113
Trd, 8639864.046, 136
Trd, 8639864.246, 139
Trd, 8639864.512, 136
Trd, 8639864.679, 135
Trd, 8639865.812, 136
Trd, 8639866.646, 130
Trd, 8639867.012, 125
Trd, 8639867.612, 122
Trd, 8639868.079, 131
Trd, 8639868.279, 122
Trd, 8639868.512, 110
Trd, 8639868.546, 133
Trd, 8639869.946, 113
Trd, 8639870.179, 112
Trd, 8639870.379, 98
Trd, 8639870.646, 97
Trd, 8639870.712, 81
Trd, 8639871.446, 69
Trd, 8639871.679, 63
Trd, 8639872.612, 88
Trd, 8639872.679, 108
Trd, 8639873.879, 116
Trd, 8639874.112, 109
Trd, 8639874.812, 98
Trd, 8639875.212, 97
Trd, 8639875.712, 98
Trd, 8639875.979, 104
Trd, 8639876.412, 75
Trd, 8639876.746, 102
Trd, 8639877.312, 138
Trd, 8639877.879, 96
Trd, 8639878.079, 96
Trd, 8639878.346, 96
Trd, 8639878.546, 94
Trd, 8639879.812, 109
Trd, 8639880.279, 109
Trd, 8639881.446, 108
Trd, 8639881.612, 107
Trd, 8639882.412, 139
Trd, 8639882.479, 131
Trd, 8639883.446, 132
Trd, 8639883.946, 130
Trd, 8639884.479, 120
Trd, 8639885.512, 126
Trd, 8639885.679, 126
Trd, 8639885.979, 126
Trd, 8639886.279, 117
Trd, 8639886.679, 110
Trd, 8639886.812, 96
Trd, 8639886.946, 93
Trd, 8639888.479, 129
Trd, 8639890.446, 140
Trd, 8639890.679, 140
Trd, 8639892.212, 128
Trd, 8639892.412, 131
Trd, 8639892.846, 128
Trd, 8639892.912, 134
Trd, 8639893.546, 129
Trd, 8639893.879, 129
Trd, 8639894.379, 115
Trd, 8639894.612, 100
Trd, 8639895.612, 126
Trd, 8639896.946, 136
Trd, 8639897.146, 135
Trd, 8639897.446, 134
Trd, 8639897.512, 133
Trd, 8639897.546, 121
Trd, 8639897.612, 118
Trd, 8639897.812, 116
Trd, 8639898.646, 102
Trd, 8639899.879, 126
Trd, 8639900.079, 109
Trd, 8639900.579, 100
Trd, 8639900.846, 122
Trd, 8639902.112, 108
Trd, 8639904.312, 109
Trd, 8639904.779, 126
Trd, 8639905.046, 138
Trd, 8639906.546, 128
Trd, 8639906.779, 127
Trd, 8639906.879, 125
Trd, 8639907.046, 139
Trd, 8639907.279, 120
Trd, 8639907.512, 119
Trd, 8639908.079, 116
Trd, 8639908.579, 118
Trd, 8639908.879, 113
Trd, 8639909.246, 110
Trd, 8639909.412, 109
Trd, 8639910.812, 113
Trd, 8639911.646, 98
Trd, 8639911.846, 94
Trd, 8639912.679, 107
Trd, 8639913.212, 135
Trd, 8639914.112, 136
Trd, 8639915.046, 138
Trd, 8639916.446, 139
Trd, 8639916.646, 134
Trd, 8639917.279, 129
Trd, 8639917.679, 128
Trd, 8639918.112, 127
Trd, 8639918.346, 126
Trd, 8639918.746, 119
Trd, 8639918.979, 128
Trd, 8639919.646, 117
Trd, 8639920.512, 116
Trd, 8639921.012, 117
Trd, 8639921.579, 120
Trd, 8639922.246, 118
Trd, 8639922.479, 101
Trd, 8639923.046, 129
Trd, 8639923.346, 121
Trd, 8639924.546, 126
Trd, 8639925.546, 122
Trd, 8639925.746, 121
Trd, 8639925.812, 119
Trd, 8639926.646, 127
Trd, 8639927.512, 136
Trd, 8639928.046, 136
Trd, 8639928.112, 135
Trd, 8639928.479, 134
Trd, 8639928.846, 132
Trd, 8639929.446, 115
Trd, 8639929.746, 127
Trd, 8639930.012, 108
Trd, 8639930.379, 84
Trd, 8639930.946, 125
Trd, 8639931.212, 97
Trd, 8639932.312, 99
Trd, 8639932.712, 99
Trd, 8639933.579, 113
Trd, 8639934.246, 121
Trd, 8639934.379, 107
Trd, 8639934.946, 113
Trd, 8639935.146, 140
Trd, 8639936.346, 122
Trd, 8639936.912, 121
Trd, 8639937.346, 121
Trd, 8639937.912, 120
Trd, 8639938.812, 119
Trd, 8639938.979, 140
Trd, 8639939.179, 121
Trd, 8639939.479, 118
Trd, 8639939.679, 117
Trd, 8639940.512, 92
Trd, 8639940.579, 82
Trd, 8639940.979, 66
Trd, 8639941.712, 129
Trd, 8639942.512, 131
Trd, 8639942.646, 130
Trd, 8639943.212, 130
Trd, 8639943.379, 130
Trd, 8639943.946, 129
Trd, 8639944.046, 128
Trd, 8639944.579, 133
Trd, 8639945.512, 112
Trd, 8639946.479, 108
Trd, 8639946.679, 109
Trd, 8639947.412, 109
Trd, 8639948.646, 140
Trd, 8639948.946, 140
Trd, 8639949.146, 134
Trd, 8639949.179, 130
Trd, 8639949.512, 126
Trd, 8639949.579, 125
Trd, 8639950.379, 111
Trd, 8639951.212, 136
Trd, 8639952.712, 140
Trd, 8639953.379, 140
Trd, 8639953.546, 140
Trd, 8639954.146, 136
Trd, 8639954.612, 137
Trd, 8639954.746, 136
Trd, 8639954.779, 130
Trd, 8639956.246, 140
Trd, 8639956.312, 127
Trd, 8639956.412, 121
Trd, 8639956.712, 136
Trd, 8639957.346, 136
Trd, 8639957.712, 109
Trd, 8639958.112, 99
Trd, 8639958.179, 98
Trd, 8639958.679, 89
Trd, 8639959.012, 107
Trd, 8639961.012, 98
Trd, 8639962.212, 91
Trd, 8639962.646, 105
Trd, 8639962.946, 108
Trd, 8639963.246, 119
Trd, 8639963.679, 110
Trd, 8639964.312, 112
Trd, 8639964.412, 111
Trd, 8639965.912, 106
Trd, 8639966.212, 126
Trd, 8639967.479, 109
Trd, 8639967.812, 107
Trd, 8639967.846, 101
Trd, 8639968.279, 92
Trd, 8639968.379, 120
Trd, 8639969.012, 121
Trd, 8639969.112, 101
Trd, 8639969.212, 135
Trd, 8639970.046, 93
Trd, 8639970.646, 137
Trd, 8639971.712, 123
Trd, 8639972.246, 108
Trd, 8639973.046, 85
Trd, 8639973.379, 130
Trd, 8639973.912, 93
Trd, 8639974.879, 94
Trd, 8639975.079, 117
Trd, 8639975.779, 101
Trd, 8639976.246, 109
Trd, 8639976.346, 120
Trd, 8639976.579, 114
Trd, 8639977.179, 117
Trd, 8639977.646, 113
Trd, 8639977.879, 113
Trd, 8639978.712, 103
Trd, 8639979.512, 106
Trd, 8639979.946, 103
Trd, 8639980.946, 124
Trd, 8639981.246, 119
Trd, 8639981.946, 116
Trd, 8639982.212, 106
Trd, 8639982.612, 121
Trd, 8639982.846, 108
Trd, 8639983.379, 131
Trd, 8639984.312, 133
Trd, 8639984.812, 138
Trd, 8639985.579, 135
Trd, 8639986.112, 140
Trd, 8639986.479, 140
Trd, 8639986.546, 131
Trd, 8639986.979, 130
Trd, 8639987.746, 125
Trd, 8639988.112, 120
Trd, 8639988.646, 119
Trd, 8639988.779, 118
Trd, 8639990.679, 115
Trd, 8639990.712, 108
Trd, 8639992.079, 111
Trd, 8639992.146, 109
Trd, 8639992.312, 109
Trd, 8639992.546, 99
Trd, 8639993.946, 118
Trd, 8639994.112, 114
Trd, 8639994.346, 114
Trd, 8639994.712, 119
Trd, 8639994.879, 112
Trd, 8639994.979, 111
Trd, 8639995.546, 102
Trd, 8639995.946, 101
Trd, 8639996.679, 113
Trd, 8639997.312, 122
Trd, 8639998.679, 108
Trd, 8639998.712, 107
Trd, 8639999.412, 119
Trd, 8639999.879, 109
Trd, 8639999.912, 107
