Trd, 8638771.212, 123
Trd, 8638771.312, 115
Trd, 8638772.846, 131
Trd, 8638773.046, 118
Trd, 8638773.812, 120
Trd, 8638774.546, 104
Trd, 8638774.846, 102
Trd, 8638775.146, 104
Trd, 8638775.246, 103
Trd, 8638775.546, 97
Trd, 8638776.079, 88
Trd, 8638776.912, 91
Trd, 8638777.379, 112
Trd, 8638777.979, 126
Trd, 8638778.146, 107
Trd, 8638778.779, 138
Trd, 8638778.946, 106
Trd, 8638779.179, 106
Trd, 8638779.212, 104
Trd, 8638779.612, 102
Trd, 8638779.846, 89
Trd, 8638780.979, 104
Trd, 8638781.212, 85
Trd, 8638782.446, 80
Trd, 8638782.546, 90
Trd, 8638783.312, 113
Trd, 8638783.546, 122
Trd, 8638783.912, 94
Trd, 8638784.379, 129
Trd, 8638784.846, 113
Trd, 8638785.179, 80
Trd, 8638785.346, 80
Trd, 8638786.046, 88
Trd, 8638786.079, 114
Trd, 8638786.479, 101
Trd, 8638786.712, 76
Trd, 8638788.012, 108
Trd, 8638788.246, 105
Trd, 8638788.546, 84
Trd, 8638789.112, 94
Trd, 8638789.446, 89
Trd, 8638790.246, 115
Trd, 8638791.879, 89
Trd, 8638791.979, 87
Trd, 8638792.012, 92
Trd, 8638792.546, 95
Trd, 8638792.879, 112
Trd, 8638792.946, 110
Trd, 8638793.079, 85
Trd, 8638793.579, 104
Trd, 8638793.646, 81
Trd, 8638794.579, 66
Trd, 8638795.112, 75
Trd, 8638795.179, 76
Trd, 8638795.579, 104
Trd, 8638796.646, 113
Trd, 8638796.712, 81
Trd, 8638797.412, 105
Trd, 8638797.546, 102
Trd, 8638798.746, 114
Trd, 8638798.879, 113
Trd, 8638798.946, 122
Trd, 8638799.679, 100
Trd, 8638800.012, 102
Trd, 8638800.446, 76
Trd, 8638801.279, 72
Trd, 8638801.912, 117
Trd, 8638802.612, 113
Trd, 8638802.979, 109
Trd, 8638803.312, 115
Trd, 8638803.679, 104
Trd, 8638803.812, 115
Trd, 8638804.012, 87
Trd, 8638804.112, 111
Trd, 8638804.412, 90
Trd, 8638805.379, 96
Trd, 8638806.312, 69
Trd, 8638807.046, 100
Trd, 8638807.879, 89
Trd, 8638808.012, 87
Trd, 8638808.279, 76
Trd, 8638808.446, 70
Trd, 8638808.612, 73
Trd, 8638809.179, 64
Trd, 8638809.379, 85
Trd, 8638809.446, 100
Trd, 8638810.379, 93
Trd, 8638810.579, 80
Trd, 8638810.979, 122
Trd, 8638811.379, 104
Trd, 8638812.479, 123
Trd, 8638813.012, 94
Trd, 8638813.146, 88
Trd, 8638813.446, 103
Trd, 8638814.046, 92
Trd, 8638814.546, 88
Trd, 8638815.112, 81
Trd, 8638815.512, 81
Trd, 8638816.679, 130
Trd, 8638817.279, 123
Trd, 8638817.312, 122
Trd, 8638817.379, 119
Trd, 8638817.446, 102
Trd, 8638818.046, 100
Trd, 8638818.179, 96
Trd, 8638818.312, 86
Trd, 8638818.779, 86
Trd, 8638818.812, 84
Trd, 8638819.079, 94
Trd, 8638819.346, 125
Trd, 8638819.446, 86
Trd, 8638819.946, 84
Trd, 8638821.312, 97
Trd, 8638821.846, 93
Trd, 8638822.546, 106
Trd, 8638823.346, 85
Trd, 8638823.679, 76
Trd, 8638823.712, 112
Trd, 8638824.012, 108
Trd, 8638824.412, 121
Trd, 8638824.679, 76
Trd, 8638824.779, 78
Trd, 8638825.112, 75
Trd, 8638825.312, 74
Trd, 8638825.379, 78
Trd, 8638825.879, 117
Trd, 8638826.579, 78
Trd, 8638827.346, 83
Trd, 8638827.679, 66
Trd, 8638827.812, 76
Trd, 8638828.012, 102
Trd, 8638828.512, 103
Trd, 8638828.946, 74
Trd, 8638829.312, 81
Trd, 8638830.312, 100
Trd, 8638830.546, 84
Trd, 8638830.579, 83
Trd, 8638830.979, 82
Trd, 8638831.179, 96
Trd, 8638831.779, 130
Trd, 8638833.079, 66
Trd, 8638833.579, 72
Trd, 8638833.779, 109
Trd, 8638833.846, 65
Trd, 8638834.146, 64
Trd, 8638835.112, 64
Trd, 8638835.146, 60
Trd, 8638835.446, 66
Trd, 8638835.646, 67
Trd, 8638836.146, 75
Trd, 8638836.479, 88
Trd, 8638837.112, 97
Trd, 8638837.979, 94
Trd, 8638838.079, 67
Trd, 8638838.579, 116
Trd, 8638838.646, 94
Trd, 8638839.812, 75
Trd, 8638840.079, 66
Trd, 8638840.346, 76
Trd, 8638840.779, 73
Trd, 8638841.179, 92
Trd, 8638841.346, 75
Trd, 8638841.479, 74
Trd, 8638841.646, 79
Trd, 8638842.512, 74
Trd, 8638842.646, 113
Trd, 8638843.479, 110
Trd, 8638843.512, 87
Trd, 8638845.179, 129
Trd, 8638846.246, 124
Trd, 8638846.346, 121
Trd, 8638846.879, 106
Trd, 8638847.179, 73
Trd, 8638847.746, 98
Trd, 8638847.846, 80
Trd, 8638848.146, 120
Trd, 8638848.279, 73
Trd, 8638849.079, 100
Trd, 8638849.246, 87
Trd, 8638849.279, 71
Trd, 8638849.579, 76
Trd, 8638849.779, 101
Trd, 8638851.046, 119
Trd, 8638851.479, 111
Trd, 8638851.846, 108
Trd, 8638852.746, 85
Trd, 8638853.146, 86
Trd, 8638853.579, 81
Trd, 8638853.779, 73
Trd, 8638854.146, 122
Trd, 8638854.412, 102
Trd, 8638854.646, 100
Trd, 8638855.079, 113
Trd, 8638855.846, 78
Trd, 8638856.646, 89
Trd, 8638856.746, 75
Trd, 8638857.346, 83
Trd, 8638857.546, 100
Trd, 8638857.746, 82
Trd, 8638858.679, 133
Trd, 8638858.712, 132
Trd, 8638859.279, 114
Trd, 8638859.312, 111
Trd, 8638859.646, 116
Trd, 8638860.679, 124
Trd, 8638860.779, 123
Trd, 8638861.212, 108
Trd, 8638861.312, 114
Trd, 8638861.679, 101
Trd, 8638863.112, 90
Trd, 8638863.346, 75
Trd, 8638863.746, 92
Trd, 8638863.846, 73
Trd, 8638864.146, 125
Trd, 8638865.646, 135
Trd, 8638867.312, 136
Trd, 8638867.846, 134
Trd, 8638868.179, 133
Trd, 8638869.079, 127
Trd, 8638869.212, 121
Trd, 8638869.446, 108
Trd, 8638870.446, 113
Trd, 8638871.079, 108
Trd, 8638871.412, 117
Trd, 8638871.712, 105
Trd, 8638871.812, 104
Trd, 8638872.946, 112
Trd, 8638873.046, 110
Trd, 8638873.346, 134
Trd, 8638873.379, 99
Trd, 8638874.379, 83
Trd, 8638874.746, 76
Trd, 8638875.746, 87
Trd, 8638876.112, 86
Trd, 8638877.079, 114
Trd, 8638877.146, 111
Trd, 8638877.312, 83
Trd, 8638878.012, 108
Trd, 8638878.079, 97
Trd, 8638878.412, 105
Trd, 8638878.512, 85
Trd, 8638878.779, 87
Trd, 8638879.246, 74
Trd, 8638879.379, 69
Trd, 8638879.712, 88
Trd, 8638880.946, 112
Trd, 8638881.146, 108
Trd, 8638882.012, 120
Trd, 8638882.046, 119
Trd, 8638882.479, 112
Trd, 8638882.612, 111
Trd, 8638883.112, 79
Trd, 8638883.312, 91
Trd, 8638883.646, 128
Trd, 8638884.179, 130
Trd, 8638884.712, 96
Trd, 8638885.312, 95
Trd, 8638885.579, 89
Trd, 8638885.612, 82
Trd, 8638886.779, 73
Trd, 8638887.146, 84
Trd, 8638887.212, 89
Trd, 8638887.579, 66
Trd, 8638887.946, 90
Trd, 8638888.079, 75
Trd, 8638888.179, 91
Trd, 8638889.446, 68
Trd, 8638889.712, 68
Trd, 8638889.779, 67
Trd, 8638890.079, 67
Trd, 8638891.012, 74
Trd, 8638891.179, 98
Trd, 8638891.379, 73
Trd, 8638892.079, 88
Trd, 8638892.812, 119
Trd, 8638893.379, 108
Trd, 8638893.679, 93
Trd, 8638894.579, 99
Trd, 8638894.679, 92
Trd, 8638894.846, 89
Trd, 8638895.779, 86
Trd, 8638895.812, 85
Trd, 8638895.846, 100
Trd, 8638896.146, 94
Trd, 8638896.312, 113
Trd, 8638897.146, 80
Trd, 8638897.446, 103
Trd, 8638897.679, 112
Trd, 8638898.179, 66
Trd, 8638898.579, 117
Trd, 8638899.012, 123
Trd, 8638899.046, 122
Trd, 8638899.979, 122
Trd, 8638900.079, 99
Trd, 8638900.312, 101
Trd, 8638901.712, 68
Trd, 8638902.346, 89
Trd, 8638902.546, 80
Trd, 8638903.146, 79
Trd, 8638903.379, 93
Trd, 8638903.946, 82
Trd, 8638903.979, 116
Trd, 8638905.012, 89
Trd, 8638905.379, 102
Trd, 8638905.479, 97
Trd, 8638905.712, 89
Trd, 8638906.146, 131
Trd, 8638906.646, 110
Trd, 8638906.812, 127
Trd, 8638906.912, 99
Trd, 8638907.812, 125
Trd, 8638909.612, 137
Trd, 8638909.646, 136
Trd, 8638909.746, 108
Trd, 8638910.079, 85
Trd, 8638910.312, 85
Trd, 8638910.412, 84
Trd, 8638910.679, 67
Trd, 8638911.112, 72
Trd, 8638913.079, 78
Trd, 8638913.379, 72
Trd, 8638913.979, 101
Trd, 8638914.512, 89
Trd, 8638914.912, 108
Trd, 8638914.979, 126
Trd, 8638915.446, 88
Trd, 8638915.779, 85
Trd, 8638916.112, 78
Trd, 8638916.146, 129
Trd, 8638917.612, 102
Trd, 8638917.979, 99
Trd, 8638918.646, 85
Trd, 8638919.079, 106
Trd, 8638920.012, 115
Trd, 8638920.179, 131
Trd, 8638920.346, 101
Trd, 8638921.212, 98
Trd, 8638921.246, 95
Trd, 8638923.146, 95
Trd, 8638923.179, 93
Trd, 8638923.346, 107
Trd, 8638923.712, 105
Trd, 8638924.212, 96
Trd, 8638924.279, 105
Trd, 8638924.579, 121
Trd, 8638924.746, 95
Trd, 8638924.979, 94
Trd, 8638926.446, 116
Trd, 8638926.679, 101
Trd, 8638926.812, 94
Trd, 8638927.212, 90
Trd, 8638927.846, 131
Trd, 8638928.612, 131
Trd, 8638929.046, 127
Trd, 8638929.146, 102
Trd, 8638929.379, 98
Trd, 8638929.546, 92
Trd, 8638930.312, 135
Trd, 8638930.346, 134
Trd, 8638930.579, 131
Trd, 8638931.012, 128
Trd, 8638931.312, 120
Trd, 8638931.346, 116
Trd, 8638931.812, 113
Trd, 8638933.179, 124
Trd, 8638933.379, 125
Trd, 8638933.646, 105
Trd, 8638934.012, 104
Trd, 8638934.779, 114
Trd, 8638934.979, 80
Trd, 8638935.246, 84
Trd, 8638936.712, 117
Trd, 8638937.346, 102
Trd, 8638938.379, 111
Trd, 8638938.946, 109
Trd, 8638939.279, 97
Trd, 8638940.212, 92
Trd, 8638940.346, 90
Trd, 8638940.712, 90
Trd, 8638941.112, 105
Trd, 8638941.546, 97
Trd, 8638941.679, 97
Trd, 8638941.746, 94
Trd, 8638942.646, 104
Trd, 8638943.112, 107
Trd, 8638943.579, 134
Trd, 8638944.046, 123
Trd, 8638944.146, 90
Trd, 8638944.646, 127
Trd, 8638944.946, 80
Trd, 8638945.812, 78
Trd, 8638946.512, 95
Trd, 8638947.146, 78
Trd, 8638947.512, 122
Trd, 8638947.679, 114
Trd, 8638949.179, 98
Trd, 8638949.212, 87
Trd, 8638949.246, 86
Trd, 8638949.612, 121
Trd, 8638949.979, 88
Trd, 8638950.312, 110
Trd, 8638950.512, 102
Trd, 8638950.846, 95
Trd, 8638951.379, 78
Trd, 8638952.279, 109
Trd, 8638952.312, 108
Trd, 8638952.812, 134
Trd, 8638953.246, 113
Trd, 8638953.279, 112
Trd, 8638953.312, 128
Trd, 8638953.479, 107
Trd, 8638954.879, 85
Trd, 8638955.479, 79
Trd, 8638956.112, 96
Trd, 8638956.312, 95
Trd, 8638956.512, 105
Trd, 8638956.846, 108
Trd, 8638956.979, 90
Trd, 8638957.212, 79
Trd, 8638957.646, 90
Trd, 8638957.946, 131
Trd, 8638958.046, 110
Trd, 8638958.546, 76
Trd, 8638958.612, 84
Trd, 8638958.812, 74
Trd, 8638959.512, 67
Trd, 8638960.946, 132
Trd, 8638961.312, 88
Trd, 8638961.446, 87
Trd, 8638961.879, 76
Trd, 8638962.146, 95
Trd, 8638962.846, 107
Trd, 8638962.912, 99
Trd, 8638963.179, 105
Trd, 8638964.112, 110
Trd, 8638964.246, 107
Trd, 8638964.646, 104
Trd, 8638965.479, 96
Trd, 8638965.912, 86
Trd, 8638966.146, 85
Trd, 8638966.712, 134
Trd, 8638966.746, 111
Trd, 8638966.946, 92
Trd, 8638967.446, 99
Trd, 8638967.546, 92
Trd, 8638967.912, 94
Trd, 8638968.479, 83
Trd, 8638968.712, 113
Trd, 8638969.812, 60
Trd, 8638970.446, 100
Trd, 8638970.512, 98
Trd, 8638970.679, 95
Trd, 8638971.446, 96
Trd, 8638972.579, 92
Trd, 8638973.279, 94
Trd, 8638973.379, 97
Trd, 8638973.512, 108
Trd, 8638974.712, 94
Trd, 8638974.812, 92
Trd, 8638974.912, 106
Trd, 8638975.446, 85
Trd, 8638976.012, 112
Trd, 8638976.279, 111
Trd, 8638976.612, 94
Trd, 8638976.879, 92
Trd, 8638977.446, 128
Trd, 8638978.412, 103
Trd, 8638978.479, 78
Trd, 8638978.746, 82
Trd, 8638979.146, 99
Trd, 8638979.812, 98
Trd, 8638980.479, 97
Trd, 8638981.179, 97
Trd, 8638981.479, 103
Trd, 8638981.546, 114
Trd, 8638981.946, 94
Trd, 8638982.146, 85
Trd, 8638982.446, 95
Trd, 8638982.646, 107
Trd, 8638983.246, 97
Trd, 8638983.679, 82
Trd, 8638984.612, 82
Trd, 8638985.046, 81
Trd, 8638985.146, 90
Trd, 8638985.446, 80
Trd, 8638985.646, 79
Trd, 8638985.746, 75
Trd, 8638985.779, 93
Trd, 8638986.812, 106
Trd, 8638987.846, 83
Trd, 8638988.479, 85
Trd, 8638989.079, 71
Trd, 8638989.212, 100
Trd, 8638989.646, 60
Trd, 8638990.012, 114
Trd, 8638990.179, 62
Trd, 8638990.779, 101
Trd, 8638990.946, 99
Trd, 8638991.246, 128
Trd, 8638992.046, 89
Trd, 8638992.079, 84
Trd, 8638992.712, 84
Trd, 8638993.179, 124
Trd, 8638993.612, 91
Trd, 8638994.246, 95
Trd, 8638994.912, 119
Trd, 8638995.046, 118
Trd, 8638995.679, 108
Trd, 8638996.279, 90
Trd, 8638996.879, 68
Trd, 8638997.246, 99
Trd, 8638997.612, 94
Trd, 8638997.846, 106
Trd, 8638998.879, 90
Trd, 8638999.679, 91
Trd, 8638999.812, 99
Trd, 8639000.112, 106
Trd, 8639000.212, 67
Trd, 8639001.579, 94
Trd, 8639001.646, 92
Trd, 8639001.679, 90
Trd, 8639002.112, 72
Trd, 8639002.346, 122
Trd, 8639003.179, 109
Trd, 8639003.212, 85
Trd, 8639003.312, 84
Trd, 8639004.279, 81
Trd, 8639004.746, 94
Trd, 8639004.879, 128
Trd, 8639005.179, 88
Trd, 8639005.346, 89
Trd, 8639005.412, 98
Trd, 8639006.479, 102
Trd, 8639006.512, 101
Trd, 8639006.746, 110
Trd, 8639006.979, 81
Trd, 8639007.212, 82
Trd, 8639008.546, 131
Trd, 8639008.579, 112
Trd, 8639009.212, 102
Trd, 8639009.712, 115
Trd, 8639010.312, 137
Trd, 8639010.746, 107
Trd, 8639010.946, 92
Trd, 8639011.812, 107
Trd, 8639012.712, 98
Trd, 8639013.279, 108
Trd, 8639013.546, 83
Trd, 8639013.746, 83
Trd, 8639013.979, 88
Trd, 8639014.179, 82
Trd, 8639014.212, 70
Trd, 8639014.712, 66
Trd, 8639014.912, 93
Trd, 8639014.946, 95
Trd, 8639015.912, 104
Trd, 8639016.012, 96
Trd, 8639017.779, 96
Trd, 8639017.812, 116
Trd, 8639017.946, 96
Trd, 8639018.012, 114
Trd, 8639018.346, 95
Trd, 8639019.279, 101
Trd, 8639020.046, 92
Trd, 8639020.079, 90
Trd, 8639020.146, 90
Trd, 8639020.879, 97
Trd, 8639021.679, 104
Trd, 8639022.112, 75
Trd, 8639022.746, 118
Trd, 8639023.046, 68
Trd, 8639023.579, 111
Trd, 8639023.679, 105
Trd, 8639024.246, 66
Trd, 8639024.279, 92
Trd, 8639025.279, 72
Trd, 8639025.412, 61
Trd, 8639025.979, 73
Trd, 8639026.346, 63
Trd, 8639027.412, 65
Trd, 8639027.812, 72
Trd, 8639027.879, 62
Trd, 8639028.646, 88
Trd, 8639029.246, 86
Trd, 8639029.912, 78
Trd, 8639030.179, 60
Trd, 8639030.846, 63
Trd, 8639031.046, 62
Trd, 8639031.346, 71
Trd, 8639032.146, 94
Trd, 8639032.412, 108
Trd, 8639033.412, 102
Trd, 8639033.779, 113
Trd, 8639034.246, 118
Trd, 8639034.912, 111
Trd, 8639034.979, 102
Trd, 8639035.246, 132
Trd, 8639035.546, 111
Trd, 8639035.712, 100
Trd, 8639035.746, 96
Trd, 8639036.046, 104
Trd, 8639036.146, 65
Trd, 8639036.246, 86
Trd, 8639037.246, 74
Trd, 8639037.712, 94
Trd, 8639037.779, 100
Trd, 8639038.779, 130
Trd, 8639039.246, 126
Trd, 8639039.946, 93
Trd, 8639040.712, 121
Trd, 8639041.246, 92
Trd, 8639041.312, 90
Trd, 8639041.712, 109
Trd, 8639042.979, 121
Trd, 8639043.346, 105
Trd, 8639044.079, 121
Trd, 8639044.146, 109
Trd, 8639044.979, 104
Trd, 8639045.679, 119
Trd, 8639045.712, 109
Trd, 8639045.979, 125
Trd, 8639046.512, 101
Trd, 8639046.712, 94
Trd, 8639046.779, 110
Trd, 8639046.979, 80
Trd, 8639047.112, 102
Trd, 8639047.312, 90
Trd, 8639047.912, 137
Trd, 8639048.346, 131
Trd, 8639048.812, 110
Trd, 8639049.679, 126
Trd, 8639050.412, 137
Trd, 8639050.512, 120
Trd, 8639051.579, 108
Trd, 8639051.679, 86
Trd, 8639052.046, 93
Trd, 8639052.346, 92
Trd, 8639052.579, 122
Trd, 8639052.679, 105
Trd, 8639052.812, 87
Trd, 8639054.279, 119
Trd, 8639054.579, 114
Trd, 8639055.612, 108
Trd, 8639055.779, 84
Trd, 8639055.879, 83
Trd, 8639056.379, 84
Trd, 8639056.779, 127
Trd, 8639056.879, 124
Trd, 8639057.212, 111
Trd, 8639057.546, 118
Trd, 8639058.112, 81
Trd, 8639058.946, 99
Trd, 8639059.079, 117
Trd, 8639059.146, 73
Trd, 8639060.112, 90
Trd, 8639060.446, 95
Trd, 8639060.479, 117
Trd, 8639060.746, 105
Trd, 8639061.179, 92
Trd, 8639061.412, 80
Trd, 8639062.512, 101
Trd, 8639062.912, 73
Trd, 8639063.612, 100
Trd, 8639064.979, 108
Trd, 8639065.379, 111
Trd, 8639065.679, 107
Trd, 8639065.879, 121
Trd, 8639065.979, 100
Trd, 8639066.312, 127
Trd, 8639066.946, 97
Trd, 8639067.479, 110
Trd, 8639068.246, 119
Trd, 8639068.712, 110
Trd, 8639069.846, 121
Trd, 8639069.879, 116
Trd, 8639070.012, 94
Trd, 8639070.279, 94
Trd, 8639070.346, 84
Trd, 8639071.512, 68
Trd, 8639071.812, 116
Trd, 8639072.246, 92
Trd, 8639072.312, 96
Trd, 8639072.479, 90
Trd, 8639072.546, 89
Trd, 8639072.712, 94
Trd, 8639074.212, 104
Trd, 8639074.612, 101
Trd, 8639075.079, 100
Trd, 8639075.379, 99
Trd, 8639076.112, 107
Trd, 8639076.179, 98
Trd, 8639076.212, 92
Trd, 8639076.346, 67
Trd, 8639076.779, 61
Trd, 8639078.079, 72
Trd, 8639078.346, 111
Trd, 8639078.812, 85
Trd, 8639078.946, 82
Trd, 8639079.646, 80
Trd, 8639080.046, 90
Trd, 8639080.446, 99
Trd, 8639080.646, 112
Trd, 8639081.712, 109
Trd, 8639082.112, 99
Trd, 8639082.279, 136
Trd, 8639082.446, 116
Trd, 8639082.779, 81
Trd, 8639083.546, 130
Trd, 8639083.712, 129
Trd, 8639084.512, 108
Trd, 8639084.946, 115
Trd, 8639085.212, 131
Trd, 8639085.246, 97
Trd, 8639085.446, 67
Trd, 8639085.612, 80
Trd, 8639086.146, 82
Trd, 8639086.846, 86
Trd, 8639087.879, 103
Trd, 8639089.012, 103
Trd, 8639089.312, 97
Trd, 8639090.146, 92
Trd, 8639090.412, 91
Trd, 8639091.046, 92
Trd, 8639091.446, 114
Trd, 8639092.146, 107
Trd, 8639092.612, 116
Trd, 8639093.446, 105
Trd, 8639093.746, 102
Trd, 8639094.179, 84
Trd, 8639094.512, 87
Trd, 8639094.812, 101
Trd, 8639095.379, 78
Trd, 8639095.979, 133
Trd, 8639096.212, 129
Trd, 8639096.446, 101
Trd, 8639096.679, 117
Trd, 8639097.612, 92
Trd, 8639097.779, 92
Trd, 8639097.812, 87
Trd, 8639097.946, 87
Trd, 8639098.179, 60
Trd, 8639099.012, 131
Trd, 8639099.479, 125
Trd, 8639099.512, 125
Trd, 8639099.912, 117
Trd, 8639100.179, 96
Trd, 8639100.746, 123
Trd, 8639101.012, 88
Trd, 8639101.812, 108
Trd, 8639101.979, 118
Trd, 8639102.879, 112
Trd, 8639103.479, 102
Trd, 8639103.812, 129
Trd, 8639104.279, 102
Trd, 8639104.446, 100
Trd, 8639104.579, 126
Trd, 8639105.212, 100
Trd, 8639105.946, 132
Trd, 8639105.979, 98
Trd, 8639106.546, 72
Trd, 8639106.779, 81
Trd, 8639107.046, 129
Trd, 8639107.346, 119
Trd, 8639108.912, 106
Trd, 8639108.946, 94
Trd, 8639109.212, 113
Trd, 8639109.246, 113
Trd, 8639109.379, 78
Trd, 8639110.079, 60
Trd, 8639110.712, 86
Trd, 8639111.212, 115
Trd, 8639111.479, 60
Trd, 8639112.379, 65
Trd, 8639112.412, 93
Trd, 8639112.679, 62
Trd, 8639113.646, 103
Trd, 8639113.779, 99
Trd, 8639113.879, 98
Trd, 8639114.012, 94
Trd, 8639114.646, 77
Trd, 8639115.246, 116
Trd, 8639115.546, 111
Trd, 8639116.279, 110
Trd, 8639116.346, 109
Trd, 8639116.612, 107
Trd, 8639117.312, 72
Trd, 8639117.912, 103
Trd, 8639118.479, 82
Trd, 8639118.512, 81
Trd, 8639119.212, 82
Trd, 8639119.946, 110
Trd, 8639119.979, 128
Trd, 8639121.246, 86
Trd, 8639121.279, 83
Trd, 8639122.046, 100
Trd, 8639122.279, 94
Trd, 8639122.346, 83
Trd, 8639123.046, 118
Trd, 8639123.346, 88
Trd, 8639123.446, 72
Trd, 8639124.046, 132
Trd, 8639124.412, 79
Trd, 8639125.579, 103
Trd, 8639127.079, 107
Trd, 8639127.112, 108
Trd, 8639127.146, 77
Trd, 8639127.179, 71
Trd, 8639127.912, 67
Trd, 8639128.312, 109
Trd, 8639128.679, 101
Trd, 8639128.746, 95
Trd, 8639128.812, 86
Trd, 8639129.479, 75
Trd, 8639129.579, 97
Trd, 8639129.946, 64
Trd, 8639130.912, 117
Trd, 8639131.112, 120
Trd, 8639131.746, 116
Trd, 8639131.879, 92
Trd, 8639133.846, 95
Trd, 8639135.312, 106
Trd, 8639135.346, 99
Trd, 8639135.779, 100
Trd, 8639136.179, 107
Trd, 8639136.379, 101
Trd, 8639136.412, 108
Trd, 8639136.646, 98
Trd, 8639136.712, 81
Trd, 8639137.212, 129
Trd, 8639138.246, 130
Trd, 8639138.879, 129
Trd, 8639139.012, 118
Trd, 8639139.446, 113
Trd, 8639139.479, 110
Trd, 8639140.846, 102
Trd, 8639141.479, 89
Trd, 8639141.579, 87
Trd, 8639142.546, 112
Trd, 8639142.746, 109
Trd, 8639143.212, 90
Trd, 8639143.846, 133
Trd, 8639144.612, 125
Trd, 8639145.346, 121
Trd, 8639145.912, 121
Trd, 8639145.946, 118
Trd, 8639146.112, 113
Trd, 8639146.312, 98
Trd, 8639146.579, 116
Trd, 8639147.079, 99
Trd, 8639147.346, 105
Trd, 8639148.279, 97
Trd, 8639148.779, 107
Trd, 8639148.879, 95
Trd, 8639149.912, 139
Trd, 8639150.312, 112
Trd, 8639150.612, 128
Trd, 8639150.879, 100
Trd, 8639151.079, 88
Trd, 8639151.346, 127
Trd, 8639151.679, 109
Trd, 8639153.312, 88
Trd, 8639153.446, 86
Trd, 8639153.846, 96
Trd, 8639154.946, 83
Trd, 8639154.979, 106
Trd, 8639156.112, 121
Trd, 8639156.679, 120
Trd, 8639156.712, 118
Trd, 8639156.779, 126
Trd, 8639156.812, 114
Trd, 8639157.046, 108
Trd, 8639157.879, 81
Trd, 8639158.446, 69
Trd, 8639160.079, 99
Trd, 8639160.312, 104
Trd, 8639160.646, 85
Trd, 8639161.046, 88
Trd, 8639161.912, 124
Trd, 8639162.046, 122
Trd, 8639162.279, 103
Trd, 8639162.479, 126
Trd, 8639162.546, 94
Trd, 8639162.912, 83
Trd, 8639163.846, 129
Trd, 8639163.912, 109
Trd, 8639164.946, 106
Trd, 8639165.112, 72
Trd, 8639166.112, 65
Trd, 8639166.446, 70
Trd, 8639167.046, 77
Trd, 8639167.479, 78
Trd, 8639168.446, 107
Trd, 8639168.512, 83
Trd, 8639168.879, 119
Trd, 8639169.079, 117
Trd, 8639169.579, 119
Trd, 8639169.812, 124
Trd, 8639169.912, 123
Trd, 8639170.079, 121
Trd, 8639170.346, 120
Trd, 8639171.012, 127
Trd, 8639171.246, 110
Trd, 8639171.779, 75
Trd, 8639172.746, 99
Trd, 8639173.279, 101
Trd, 8639174.246, 77
Trd, 8639174.479, 66
Trd, 8639174.879, 85
Trd, 8639175.512, 93
Trd, 8639175.612, 82
Trd, 8639175.812, 72
Trd, 8639176.579, 101
Trd, 8639177.279, 113
Trd, 8639177.346, 112
Trd, 8639177.412, 121
Trd, 8639177.679, 94
Trd, 8639177.712, 91
Trd, 8639179.446, 82
Trd, 8639179.479, 95
Trd, 8639180.146, 132
Trd, 8639180.546, 91
Trd, 8639181.279, 71
Trd, 8639181.746, 86
Trd, 8639182.112, 89
Trd, 8639182.279, 107
Trd, 8639183.012, 131
Trd, 8639183.579, 125
Trd, 8639183.712, 122
Trd, 8639184.079, 101
Trd, 8639184.179, 100
Trd, 8639184.212, 85
Trd, 8639185.146, 79
Trd, 8639185.279, 110
Trd, 8639186.712, 78
Trd, 8639186.812, 94
Trd, 8639187.246, 87
Trd, 8639187.879, 102
Trd, 8639187.946, 77
Trd, 8639188.746, 94
Trd, 8639189.212, 70
Trd, 8639189.812, 68
Trd, 8639190.079, 87
Trd, 8639190.246, 73
Trd, 8639190.646, 63
Trd, 8639190.779, 120
Trd, 8639191.812, 140
Trd, 8639192.046, 139
Trd, 8639192.446, 135
Trd, 8639192.512, 117
Trd, 8639193.012, 95
Trd, 8639193.879, 64
Trd, 8639194.012, 101
Trd, 8639194.579, 119
Trd, 8639194.746, 101
Trd, 8639195.012, 80
Trd, 8639195.446, 93
Trd, 8639196.112, 105
Trd, 8639196.579, 128
Trd, 8639196.946, 116
Trd, 8639198.012, 133
Trd, 8639198.312, 128
Trd, 8639198.846, 131
Trd, 8639199.446, 115
Trd, 8639199.546, 102
Trd, 8639200.179, 82
Trd, 8639200.746, 112
Trd, 8639200.779, 116
Trd, 8639201.679, 123
Trd, 8639201.779, 121
Trd, 8639202.012, 119
Trd, 8639202.579, 135
Trd, 8639202.712, 81
Trd, 8639202.779, 91
Trd, 8639203.446, 99
Trd, 8639203.746, 98
Trd, 8639203.846, 108
Trd, 8639203.946, 89
Trd, 8639205.246, 89
Trd, 8639205.346, 84
Trd, 8639205.812, 113
Trd, 8639206.312, 73
Trd, 8639207.912, 67
Trd, 8639208.346, 81
Trd, 8639208.379, 82
Trd, 8639208.612, 88
Trd, 8639209.179, 117
Trd, 8639209.612, 86
Trd, 8639209.746, 93
Trd, 8639211.012, 85
Trd, 8639211.146, 83
Trd, 8639212.012, 118
Trd, 8639212.312, 109
Trd, 8639212.512, 87
Trd, 8639212.646, 95
Trd, 8639212.746, 96
Trd, 8639213.212, 62
Trd, 8639213.646, 67
Trd, 8639214.312, 69
Trd, 8639214.779, 82
Trd, 8639214.979, 81
Trd, 8639215.279, 79
Trd, 8639215.846, 98
Trd, 8639216.712, 104
Trd, 8639217.346, 80
Trd, 8639218.012, 112
Trd, 8639218.312, 116
Trd, 8639218.379, 101
Trd, 8639218.679, 122
Trd, 8639218.879, 121
Trd, 8639219.012, 95
Trd, 8639219.546, 92
Trd, 8639219.846, 108
Trd, 8639220.146, 115
Trd, 8639220.679, 118
Trd, 8639221.079, 100
Trd, 8639221.179, 89
Trd, 8639221.246, 87
Trd, 8639222.212, 110
Trd, 8639222.579, 90
Trd, 8639223.546, 65
Trd, 8639223.779, 136
Trd, 8639223.846, 85
Trd, 8639224.912, 99
Trd, 8639225.679, 106
Trd, 8639227.012, 121
Trd, 8639227.112, 105
Trd, 8639227.612, 79
Trd, 8639227.846, 78
Trd, 8639227.946, 127
Trd, 8639228.279, 110
Trd, 8639229.379, 111
Trd, 8639229.412, 107
Trd, 8639229.646, 106
Trd, 8639229.812, 96
Trd, 8639229.979, 86
Trd, 8639230.479, 116
Trd, 8639231.046, 112
Trd, 8639231.079, 109
Trd, 8639232.446, 118
Trd, 8639232.679, 105
Trd, 8639232.912, 104
Trd, 8639233.279, 111
Trd, 8639234.112, 100
Trd, 8639234.879, 100
Trd, 8639236.012, 63
Trd, 8639236.512, 63
Trd, 8639236.746, 99
Trd, 8639237.846, 113
Trd, 8639238.012, 117
Trd, 8639238.046, 78
Trd, 8639238.979, 120
Trd, 8639239.146, 102
Trd, 8639239.246, 101
Trd, 8639240.146, 106
Trd, 8639240.712, 97
Trd, 8639241.346, 80
Trd, 8639241.412, 126
Trd, 8639241.879, 105
Trd, 8639243.246, 104
Trd, 8639243.812, 77
Trd, 8639244.079, 76
Trd, 8639244.212, 75
Trd, 8639244.312, 92
Trd, 8639245.146, 111
Trd, 8639245.246, 113
Trd, 8639245.379, 108
Trd, 8639245.479, 121
Trd, 8639246.546, 82
Trd, 8639246.712, 76
Trd, 8639247.446, 88
Trd, 8639247.746, 79
Trd, 8639247.979, 100
Trd, 8639248.712, 82
Trd, 8639249.112, 84
Trd, 8639249.146, 103
Trd, 8639249.746, 98
Trd, 8639250.012, 119
Trd, 8639250.112, 116
Trd, 8639250.146, 77
Trd, 8639251.146, 102
Trd, 8639251.746, 91
Trd, 8639252.246, 80
Trd, 8639252.279, 79
Trd, 8639253.012, 92
Trd, 8639253.812, 121
Trd, 8639254.046, 109
Trd, 8639254.212, 93
Trd, 8639254.846, 94
Trd, 8639254.946, 92
Trd, 8639255.146, 87
Trd, 8639255.612, 86
Trd, 8639256.079, 79
Trd, 8639256.279, 118
Trd, 8639256.479, 93
Trd, 8639256.679, 63
Trd, 8639257.012, 85
Trd, 8639258.846, 96
Trd, 8639259.012, 87
Trd, 8639259.179, 62
Trd, 8639259.746, 74
Trd, 8639260.146, 72
Trd, 8639262.346, 115
Trd, 8639262.446, 88
Trd, 8639262.479, 82
Trd, 8639262.879, 123
Trd, 8639263.312, 122
Trd, 8639263.846, 105
Trd, 8639264.446, 93
Trd, 8639264.679, 116
Trd, 8639265.279, 100
Trd, 8639265.346, 98
Trd, 8639265.579, 107
Trd, 8639266.246, 100
Trd, 8639266.912, 113
Trd, 8639267.112, 96
Trd, 8639267.646, 104
Trd, 8639267.812, 127
Trd, 8639268.312, 94
Trd, 8639268.679, 103
Trd, 8639269.046, 85
Trd, 8639269.846, 112
Trd, 8639270.012, 109
Trd, 8639270.379, 88
Trd, 8639271.312, 82
Trd, 8639271.512, 88
Trd, 8639271.546, 74
Trd, 8639271.946, 88
Trd, 8639272.012, 83
Trd, 8639272.412, 99
Trd, 8639272.946, 100
Trd, 8639273.146, 81
Trd, 8639273.979, 103
Trd, 8639274.012, 134
Trd, 8639275.146, 105
Trd, 8639275.546, 104
Trd, 8639277.279, 94
Trd, 8639277.579, 129
Trd, 8639277.846, 134
Trd, 8639277.946, 102
Trd, 8639278.179, 87
Trd, 8639278.312, 85
Trd, 8639278.546, 86
Trd, 8639279.246, 77
Trd, 8639279.479, 97
Trd, 8639279.912, 72
Trd, 8639280.246, 83
Trd, 8639280.379, 87
Trd, 8639280.779, 99
Trd, 8639282.146, 117
Trd, 8639282.246, 114
Trd, 8639283.246, 102
Trd, 8639283.646, 94
Trd, 8639283.746, 91
Trd, 8639285.079, 94
Trd, 8639285.112, 109
Trd, 8639285.412, 94
Trd, 8639285.579, 92
Trd, 8639286.246, 93
Trd, 8639286.279, 91
Trd, 8639286.346, 95
Trd, 8639287.112, 95
Trd, 8639287.312, 85
Trd, 8639287.779, 79
Trd, 8639288.979, 110
Trd, 8639289.646, 108
Trd, 8639289.746, 106
Trd, 8639290.112, 108
Trd, 8639290.246, 87
Trd, 8639290.612, 104
Trd, 8639291.246, 102
Trd, 8639292.446, 112
Trd, 8639292.579, 124
Trd, 8639292.646, 97
Trd, 8639293.112, 114
Trd, 8639293.246, 87
Trd, 8639293.412, 94
Trd, 8639293.546, 83
Trd, 8639294.312, 62
Trd, 8639294.979, 87
Trd, 8639295.412, 109
Trd, 8639295.646, 108
Trd, 8639295.912, 95
Trd, 8639296.412, 131
Trd, 8639296.479, 82
Trd, 8639296.879, 74
Trd, 8639296.912, 92
Trd, 8639297.979, 104
Trd, 8639298.079, 97
Trd, 8639298.946, 137
Trd, 8639299.779, 125
Trd, 8639301.046, 124
Trd, 8639301.146, 101
Trd, 8639301.512, 99
Trd, 8639301.679, 116
Trd, 8639302.179, 108
Trd, 8639302.612, 121
Trd, 8639303.346, 127
Trd, 8639303.446, 125
Trd, 8639303.546, 123
Trd, 8639304.079, 116
Trd, 8639304.612, 89
Trd, 8639305.112, 81
Trd, 8639305.679, 92
Trd, 8639305.946, 86
Trd, 8639306.746, 110
Trd, 8639306.879, 89
Trd, 8639307.446, 106
Trd, 8639307.946, 97
Trd, 8639308.346, 84
Trd, 8639309.212, 85
Trd, 8639309.612, 81
Trd, 8639309.712, 82
Trd, 8639309.846, 75
Trd, 8639310.046, 71
Trd, 8639310.746, 69
Trd, 8639311.212, 68
Trd, 8639311.912, 61
Trd, 8639312.312, 108
Trd, 8639313.112, 135
Trd, 8639313.379, 131
Trd, 8639313.712, 132
Trd, 8639313.879, 135
Trd, 8639314.712, 131
Trd, 8639315.179, 124
Trd, 8639315.579, 123
Trd, 8639315.879, 106
Trd, 8639316.979, 101
Trd, 8639317.246, 95
Trd, 8639317.446, 84
Trd, 8639317.746, 106
Trd, 8639317.979, 89
Trd, 8639318.112, 88
Trd, 8639318.212, 81
Trd, 8639318.412, 126
Trd, 8639319.512, 68
Trd, 8639320.112, 88
Trd, 8639320.946, 94
Trd, 8639320.979, 85
Trd, 8639321.012, 108
Trd, 8639321.612, 104
Trd, 8639321.979, 117
Trd, 8639323.312, 103
Trd, 8639324.612, 107
Trd, 8639325.312, 125
Trd, 8639325.579, 116
Trd, 8639325.979, 103
Trd, 8639326.079, 96
Trd, 8639326.512, 100
Trd, 8639327.046, 102
Trd, 8639327.079, 94
Trd, 8639327.446, 90
Trd, 8639328.646, 72
Trd, 8639328.779, 62
Trd, 8639328.846, 83
Trd, 8639330.012, 125
Trd, 8639330.146, 85
Trd, 8639330.712, 84
Trd, 8639331.412, 80
Trd, 8639331.779, 83
Trd, 8639332.912, 89
Trd, 8639333.079, 89
Trd, 8639333.179, 99
Trd, 8639333.412, 88
Trd, 8639333.446, 91
Trd, 8639334.079, 129
Trd, 8639334.446, 85
Trd, 8639334.679, 91
Trd, 8639334.979, 112
Trd, 8639335.312, 83
Trd, 8639336.279, 99
Trd, 8639336.912, 95
Trd, 8639337.112, 96
Trd, 8639337.546, 93
Trd, 8639337.912, 92
Trd, 8639338.212, 90
Trd, 8639338.712, 68
Trd, 8639338.746, 73
Trd, 8639339.446, 68
Trd, 8639340.112, 133
Trd, 8639340.746, 116
Trd, 8639341.146, 132
Trd, 8639341.479, 100
Trd, 8639341.546, 100
Trd, 8639342.779, 136
Trd, 8639342.946, 100
Trd, 8639343.079, 94
Trd, 8639343.346, 87
Trd, 8639343.412, 79
Trd, 8639344.546, 103
Trd, 8639345.379, 88
Trd, 8639345.779, 80
Trd, 8639346.112, 94
Trd, 8639346.379, 96
Trd, 8639347.479, 86
Trd, 8639347.646, 86
Trd, 8639347.946, 113
Trd, 8639348.479, 99
Trd, 8639348.679, 88
Trd, 8639348.879, 86
Trd, 8639349.412, 84
Trd, 8639349.779, 105
Trd, 8639349.879, 111
Trd, 8639349.946, 81
Trd, 8639350.379, 66
Trd, 8639350.679, 60
Trd, 8639352.079, 67
Trd, 8639352.779, 88
Trd, 8639352.946, 74
Trd, 8639353.712, 115
Trd, 8639353.812, 101
Trd, 8639353.979, 94
Trd, 8639354.612, 81
Trd, 8639355.246, 66
Trd, 8639355.279, 63
Trd, 8639355.846, 83
Trd, 8639357.012, 63
Trd, 8639357.179, 66
Trd, 8639357.579, 69
Trd, 8639357.612, 86
Trd, 8639358.679, 73
Trd, 8639359.512, 123
Trd, 8639360.612, 74
Trd, 8639360.646, 93
Trd, 8639360.779, 77
Trd, 8639361.112, 97
Trd, 8639361.279, 87
Trd, 8639361.379, 99
Trd, 8639362.612, 84
Trd, 8639363.379, 104
Trd, 8639363.746, 95
Trd, 8639364.112, 92
Trd, 8639364.712, 99
Trd, 8639365.579, 85
Trd, 8639366.112, 111
Trd, 8639366.179, 88
Trd, 8639367.046, 85
Trd, 8639367.379, 114
Trd, 8639367.479, 104
Trd, 8639367.779, 112
Trd, 8639367.979, 85
Trd, 8639368.246, 128
Trd, 8639369.346, 122
Trd, 8639369.746, 87
Trd, 8639370.279, 83
Trd, 8639370.712, 83
Trd, 8639371.346, 81
Trd, 8639371.412, 80
Trd, 8639371.546, 71
Trd, 8639373.046, 100
Trd, 8639373.646, 100
Trd, 8639373.846, 96
Trd, 8639374.479, 122
Trd, 8639374.512, 132
Trd, 8639374.679, 88
Trd, 8639375.146, 121
Trd, 8639375.312, 103
Trd, 8639376.112, 118
Trd, 8639376.479, 117
Trd, 8639377.479, 109
Trd, 8639377.712, 109
Trd, 8639379.446, 124
Trd, 8639379.512, 137
Trd, 8639379.579, 110
Trd, 8639379.912, 104
Trd, 8639380.412, 96
Trd, 8639381.146, 85
Trd, 8639381.179, 89
Trd, 8639381.479, 81
Trd, 8639381.979, 84
Trd, 8639382.279, 113
Trd, 8639382.779, 114
Trd, 8639383.146, 84
Trd, 8639383.846, 81
Trd, 8639383.879, 89
Trd, 8639384.646, 86
Trd, 8639385.879, 86
Trd, 8639386.046, 101
Trd, 8639386.112, 106
Trd, 8639386.346, 114
Trd, 8639386.412, 78
Trd, 8639386.546, 85
Trd, 8639387.346, 82
Trd, 8639387.479, 69
Trd, 8639388.546, 99
Trd, 8639389.246, 118
Trd, 8639389.679, 103
Trd, 8639389.779, 97
Trd, 8639389.946, 93
Trd, 8639390.646, 79
Trd, 8639390.912, 113
Trd, 8639391.212, 125
Trd, 8639391.346, 124
Trd, 8639392.112, 105
Trd, 8639392.646, 136
Trd, 8639393.279, 86
Trd, 8639393.546, 119
Trd, 8639393.846, 116
Trd, 8639393.946, 117
Trd, 8639394.046, 102
Trd, 8639394.112, 76
Trd, 8639394.346, 68
Trd, 8639394.779, 115
Trd, 8639395.146, 97
Trd, 8639396.279, 96
Trd, 8639396.512, 89
Trd, 8639397.412, 116
Trd, 8639397.812, 105
Trd, 8639398.246, 91
Trd, 8639398.812, 88
Trd, 8639399.312, 86
Trd, 8639399.446, 85
Trd, 8639400.246, 116
Trd, 8639400.612, 107
Trd, 8639400.979, 133
Trd, 8639401.379, 99
Trd, 8639401.846, 133
Trd, 8639402.779, 136
Trd, 8639402.912, 124
Trd, 8639403.646, 110
Trd, 8639404.412, 103
Trd, 8639405.012, 101
Trd, 8639405.312, 131
Trd, 8639405.346, 129
Trd, 8639405.446, 125
Trd, 8639405.479, 91
Trd, 8639406.479, 112
Trd, 8639406.679, 111
Trd, 8639407.412, 114
Trd, 8639408.012, 70
Trd, 8639408.146, 71
Trd, 8639408.379, 68
Trd, 8639410.012, 95
Trd, 8639410.312, 120
Trd, 8639410.612, 123
Trd, 8639410.679, 107
Trd, 8639411.012, 93
Trd, 8639411.312, 134
Trd, 8639411.679, 132
Trd, 8639413.012, 101
Trd, 8639413.079, 83
Trd, 8639413.646, 75
Trd, 8639413.979, 103
Trd, 8639414.879, 60
Trd, 8639415.512, 74
Trd, 8639415.646, 61
Trd, 8639415.812, 70
Trd, 8639416.779, 76
Trd, 8639417.046, 73
Trd, 8639417.879, 73
Trd, 8639418.146, 84
Trd, 8639418.379, 73
Trd, 8639418.912, 72
Trd, 8639419.112, 66
Trd, 8639419.746, 68
Trd, 8639420.079, 77
Trd, 8639420.979, 100
Trd, 8639421.812, 113
Trd, 8639421.979, 113
Trd, 8639422.079, 117
Trd, 8639422.346, 113
Trd, 8639422.712, 125
Trd, 8639422.812, 107
Trd, 8639423.212, 110
Trd, 8639424.079, 110
Trd, 8639424.346, 116
Trd, 8639424.679, 109
Trd, 8639425.479, 118
Trd, 8639425.746, 125
Trd, 8639425.879, 115
Trd, 8639425.912, 112
Trd, 8639426.379, 96
Trd, 8639426.879, 95
Trd, 8639427.146, 93
Trd, 8639427.646, 100
Trd, 8639429.312, 120
Trd, 8639429.479, 107
Trd, 8639429.579, 103
Trd, 8639429.746, 106
Trd, 8639430.146, 115
Trd, 8639430.679, 125
Trd, 8639431.379, 121
Trd, 8639431.446, 115
Trd, 8639431.946, 116
Trd, 8639432.079, 113
Trd, 8639432.546, 131
Trd, 8639432.879, 102
Trd, 8639433.079, 97
Trd, 8639433.446, 88
Trd, 8639434.412, 116
Trd, 8639434.879, 115
Trd, 8639435.179, 122
Trd, 8639435.612, 126
Trd, 8639436.512, 139
Trd, 8639436.712, 123
Trd, 8639437.512, 120
Trd, 8639437.612, 130
Trd, 8639437.746, 119
Trd, 8639437.879, 92
Trd, 8639438.146, 86
Trd, 8639438.979, 68
Trd, 8639440.479, 88
Trd, 8639440.979, 84
Trd, 8639441.379, 129
Trd, 8639441.479, 128
Trd, 8639442.279, 93
Trd, 8639442.746, 122
Trd, 8639442.912, 85
Trd, 8639443.212, 111
Trd, 8639443.246, 103
Trd, 8639443.379, 93
Trd, 8639444.779, 131
Trd, 8639444.912, 127
Trd, 8639445.079, 107
Trd, 8639445.312, 102
Trd, 8639445.546, 83
Trd, 8639446.712, 64
Trd, 8639446.746, 69
Trd, 8639447.012, 66
Trd, 8639448.446, 115
Trd, 8639448.612, 114
Trd, 8639449.012, 113
Trd, 8639449.412, 126
Trd, 8639449.479, 119
Trd, 8639451.246, 129
Trd, 8639451.679, 91
Trd, 8639451.746, 89
Trd, 8639452.279, 113
Trd, 8639452.512, 94
Trd, 8639453.312, 98
Trd, 8639454.112, 87
Trd, 8639454.279, 90
Trd, 8639454.546, 116
Trd, 8639455.312, 105
Trd, 8639455.512, 75
Trd, 8639455.779, 60
Trd, 8639457.312, 86
Trd, 8639458.112, 74
Trd, 8639458.146, 96
Trd, 8639458.546, 85
Trd, 8639458.946, 92
Trd, 8639458.979, 84
Trd, 8639459.579, 100
Trd, 8639460.179, 96
Trd, 8639460.779, 85
Trd, 8639461.112, 68
Trd, 8639461.379, 67
Trd, 8639463.046, 83
Trd, 8639463.712, 77
Trd, 8639464.079, 64
Trd, 8639464.312, 66
Trd, 8639464.379, 92
Trd, 8639465.246, 104
Trd, 8639465.479, 103
Trd, 8639465.912, 120
Trd, 8639466.212, 104
Trd, 8639467.012, 125
Trd, 8639467.079, 107
Trd, 8639467.646, 102
Trd, 8639468.246, 91
Trd, 8639468.779, 82
Trd, 8639468.846, 99
Trd, 8639469.046, 118
Trd, 8639469.346, 133
Trd, 8639469.379, 80
Trd, 8639470.212, 73
Trd, 8639471.446, 72
Trd, 8639471.679, 115
Trd, 8639471.979, 74
Trd, 8639472.046, 84
Trd, 8639472.212, 82
Trd, 8639472.379, 71
Trd, 8639472.712, 88
Trd, 8639473.646, 66
Trd, 8639474.412, 65
Trd, 8639475.079, 71
Trd, 8639475.346, 72
Trd, 8639475.646, 77
Trd, 8639476.779, 111
Trd, 8639476.912, 99
Trd, 8639477.312, 127
Trd, 8639477.412, 111
Trd, 8639477.646, 94
Trd, 8639478.179, 79
Trd, 8639478.812, 98
Trd, 8639479.179, 105
Trd, 8639479.279, 91
Trd, 8639480.246, 94
Trd, 8639480.412, 81
Trd, 8639480.479, 80
Trd, 8639481.446, 102
Trd, 8639481.512, 93
Trd, 8639481.712, 93
Trd, 8639481.979, 74
Trd, 8639482.212, 65
Trd, 8639483.179, 90
Trd, 8639484.112, 78
Trd, 8639484.146, 69
Trd, 8639484.246, 92
Trd, 8639484.912, 139
Trd, 8639486.012, 87
Trd, 8639486.312, 83
Trd, 8639486.446, 94
Trd, 8639486.779, 82
Trd, 8639487.512, 93
Trd, 8639488.112, 114
Trd, 8639488.879, 124
Trd, 8639489.512, 116
Trd, 8639489.779, 115
Trd, 8639491.346, 114
Trd, 8639491.612, 87
Trd, 8639492.212, 97
Trd, 8639492.346, 119
Trd, 8639492.612, 86
Trd, 8639492.679, 86
Trd, 8639493.946, 96
Trd, 8639494.412, 93
Trd, 8639494.646, 121
Trd, 8639494.779, 91
Trd, 8639494.946, 86
Trd, 8639495.046, 81
Trd, 8639495.246, 84
Trd, 8639495.546, 71
Trd, 8639496.479, 68
Trd, 8639496.679, 73
Trd, 8639496.912, 75
Trd, 8639498.112, 68
Trd, 8639498.246, 83
Trd, 8639498.679, 81
Trd, 8639499.079, 76
Trd, 8639499.379, 70
Trd, 8639499.712, 113
Trd, 8639500.279, 101
Trd, 8639500.712, 100
Trd, 8639500.979, 93
Trd, 8639501.012, 86
Trd, 8639501.279, 77
Trd, 8639501.446, 69
Trd, 8639502.646, 75
Trd, 8639502.912, 93
Trd, 8639503.379, 97
Trd, 8639503.546, 104
Trd, 8639503.779, 96
Trd, 8639503.812, 95
Trd, 8639504.112, 106
Trd, 8639505.412, 91
Trd, 8639505.579, 122
Trd, 8639505.812, 111
Trd, 8639506.012, 117
Trd, 8639506.479, 126
Trd, 8639506.946, 96
Trd, 8639507.412, 87
Trd, 8639508.346, 80
Trd, 8639508.546, 84
Trd, 8639508.879, 85
Trd, 8639509.246, 82
Trd, 8639509.646, 82
Trd, 8639510.212, 92
Trd, 8639510.712, 135
Trd, 8639511.012, 87
Trd, 8639511.379, 82
Trd, 8639512.179, 70
Trd, 8639512.712, 99
Trd, 8639513.512, 76
Trd, 8639513.546, 88
Trd, 8639513.612, 69
Trd, 8639513.646, 68
Trd, 8639513.779, 82
Trd, 8639514.479, 63
Trd, 8639514.512, 62
Trd, 8639517.046, 86
Trd, 8639517.246, 103
Trd, 8639517.446, 99
Trd, 8639517.946, 85
Trd, 8639518.279, 106
Trd, 8639519.179, 68
Trd, 8639519.446, 74
Trd, 8639519.746, 71
Trd, 8639520.479, 80
Trd, 8639520.946, 86
Trd, 8639521.346, 90
Trd, 8639521.612, 67
Trd, 8639522.112, 65
Trd, 8639522.546, 65
Trd, 8639522.912, 64
Trd, 8639522.979, 61
Trd, 8639523.879, 61
Trd, 8639524.112, 73
Trd, 8639524.246, 78
Trd, 8639524.746, 128
Trd, 8639524.779, 108
Trd, 8639525.746, 67
Trd, 8639526.146, 89
Trd, 8639526.612, 112
Trd, 8639526.779, 96
Trd, 8639528.846, 127
Trd, 8639528.912, 124
Trd, 8639529.112, 111
Trd, 8639530.712, 110
Trd, 8639531.046, 80
Trd, 8639531.179, 80
Trd, 8639531.346, 97
Trd, 8639531.679, 96
Trd, 8639531.912, 92
Trd, 8639532.146, 117
Trd, 8639532.379, 129
Trd, 8639532.446, 78
Trd, 8639533.012, 77
Trd, 8639533.279, 113
Trd, 8639533.412, 121
Trd, 8639534.246, 133
Trd, 8639535.512, 102
Trd, 8639535.812, 100
Trd, 8639535.912, 100
Trd, 8639536.579, 82
Trd, 8639536.846, 69
Trd, 8639536.979, 71
Trd, 8639538.112, 66
Trd, 8639538.212, 69
Trd, 8639538.446, 117
Trd, 8639538.579, 103
Trd, 8639539.279, 63
Trd, 8639539.412, 99
Trd, 8639539.512, 120
Trd, 8639541.246, 117
Trd, 8639541.479, 84
Trd, 8639541.646, 113
Trd, 8639541.846, 92
Trd, 8639543.079, 69
Trd, 8639543.146, 108
Trd, 8639543.312, 96
Trd, 8639543.979, 87
Trd, 8639544.812, 103
Trd, 8639546.246, 86
Trd, 8639546.612, 85
Trd, 8639547.246, 116
Trd, 8639547.812, 94
Trd, 8639548.312, 86
Trd, 8639548.446, 114
Trd, 8639548.646, 115
Trd, 8639548.712, 95
Trd, 8639548.779, 90
Trd, 8639548.812, 89
Trd, 8639550.246, 74
Trd, 8639550.812, 73
Trd, 8639551.012, 86
Trd, 8639551.446, 91
Trd, 8639551.846, 104
Trd, 8639551.946, 90
Trd, 8639552.146, 79
Trd, 8639552.812, 81
Trd, 8639552.846, 75
Trd, 8639554.279, 85
Trd, 8639554.946, 130
Trd, 8639555.846, 98
Trd, 8639556.279, 116
Trd, 8639556.779, 111
Trd, 8639556.812, 96
Trd, 8639557.879, 91
Trd, 8639558.146, 76
Trd, 8639558.246, 88
Trd, 8639558.612, 74
Trd, 8639559.712, 60
Trd, 8639560.146, 101
Trd, 8639560.712, 128
Trd, 8639561.312, 131
Trd, 8639562.346, 118
Trd, 8639562.412, 111
Trd, 8639562.579, 111
Trd, 8639563.012, 113
Trd, 8639563.212, 128
Trd, 8639563.246, 102
Trd, 8639563.912, 77
Trd, 8639564.279, 74
Trd, 8639564.746, 67
Trd, 8639565.079, 71
Trd, 8639566.079, 103
Trd, 8639566.846, 120
Trd, 8639567.079, 102
Trd, 8639567.512, 100
Trd, 8639567.579, 92
Trd, 8639568.146, 100
Trd, 8639568.446, 114
Trd, 8639568.879, 106
Trd, 8639568.979, 91
Trd, 8639569.546, 117
Trd, 8639570.146, 124
Trd, 8639571.212, 125
Trd, 8639571.412, 131
Trd, 8639572.046, 116
Trd, 8639572.612, 91
Trd, 8639573.212, 111
Trd, 8639573.246, 119
Trd, 8639573.412, 96
Trd, 8639573.712, 115
Trd, 8639573.746, 89
Trd, 8639574.012, 87
Trd, 8639574.212, 85
Trd, 8639575.212, 81
Trd, 8639576.779, 97
Trd, 8639576.812, 115
Trd, 8639577.579, 116
Trd, 8639577.879, 108
Trd, 8639578.146, 103
Trd, 8639578.546, 101
Trd, 8639578.979, 100
Trd, 8639579.112, 100
Trd, 8639579.412, 86
Trd, 8639579.479, 73
Trd, 8639579.712, 114
Trd, 8639579.879, 87
Trd, 8639581.146, 74
Trd, 8639582.612, 84
Trd, 8639582.946, 72
Trd, 8639583.979, 65
Trd, 8639584.712, 69
Trd, 8639584.812, 72
Trd, 8639585.212, 92
Trd, 8639585.446, 91
Trd, 8639586.712, 70
Trd, 8639586.779, 73
Trd, 8639586.912, 77
Trd, 8639587.612, 129
Trd, 8639588.346, 108
Trd, 8639588.446, 107
Trd, 8639589.679, 98
Trd, 8639589.979, 101
Trd, 8639590.179, 110
Trd, 8639590.679, 98
Trd, 8639590.746, 95
Trd, 8639590.879, 85
Trd, 8639591.046, 62
Trd, 8639592.279, 112
Trd, 8639592.979, 112
Trd, 8639593.212, 111
Trd, 8639593.446, 80
Trd, 8639595.312, 120
Trd, 8639595.912, 137
Trd, 8639596.479, 136
Trd, 8639596.546, 132
Trd, 8639597.079, 97
Trd, 8639597.212, 84
Trd, 8639597.346, 73
Trd, 8639597.979, 61
Trd, 8639598.179, 66
Trd, 8639598.946, 63
Trd, 8639599.146, 120
Trd, 8639599.312, 113
Trd, 8639599.679, 72
Trd, 8639600.079, 78
Trd, 8639600.846, 76
Trd, 8639601.679, 118
Trd, 8639601.879, 117
Trd, 8639602.046, 116
Trd, 8639602.479, 120
Trd, 8639602.646, 104
Trd, 8639603.546, 98
Trd, 8639604.012, 97
Trd, 8639604.046, 96
Trd, 8639604.312, 94
Trd, 8639605.179, 90
Trd, 8639605.712, 116
Trd, 8639606.279, 140
Trd, 8639606.912, 135
Trd, 8639607.079, 108
Trd, 8639607.246, 104
Trd, 8639607.279, 102
Trd, 8639608.079, 107
Trd, 8639610.046, 101
Trd, 8639610.946, 108
Trd, 8639611.046, 107
Trd, 8639611.646, 113
Trd, 8639611.946, 116
Trd, 8639612.212, 106
Trd, 8639613.012, 110
Trd, 8639613.179, 106
Trd, 8639614.579, 127
Trd, 8639615.212, 123
Trd, 8639615.246, 120
Trd, 8639615.779, 133
Trd, 8639615.879, 114
Trd, 8639615.946, 113
Trd, 8639616.846, 122
Trd, 8639617.012, 117
Trd, 8639617.412, 115
Trd, 8639617.746, 107
Trd, 8639617.779, 82
Trd, 8639618.146, 67
Trd, 8639618.812, 129
Trd, 8639619.112, 88
Trd, 8639620.046, 78
Trd, 8639620.212, 84
Trd, 8639620.746, 76
Trd, 8639620.812, 75
Trd, 8639621.046, 106
Trd, 8639621.112, 96
Trd, 8639621.179, 107
Trd, 8639621.812, 89
Trd, 8639622.812, 87
Trd, 8639623.079, 100
Trd, 8639623.279, 89
Trd, 8639623.512, 86
Trd, 8639623.679, 89
Trd, 8639624.246, 93
Trd, 8639625.946, 90
Trd, 8639626.179, 84
Trd, 8639626.479, 70
Trd, 8639626.746, 67
Trd, 8639626.846, 93
Trd, 8639627.046, 106
Trd, 8639627.646, 70
Trd, 8639627.912, 91
Trd, 8639628.346, 64
Trd, 8639629.012, 66
Trd, 8639629.112, 70
Trd, 8639630.179, 74
Trd, 8639630.379, 75
Trd, 8639630.679, 90
Trd, 8639631.779, 61
Trd, 8639631.946, 79
Trd, 8639633.312, 76
Trd, 8639633.746, 68
Trd, 8639634.446, 72
Trd, 8639634.679, 107
Trd, 8639635.146, 101
Trd, 8639635.412, 72
Trd, 8639636.346, 84
Trd, 8639636.712, 82
Trd, 8639637.012, 77
Trd, 8639637.679, 103
Trd, 8639638.112, 94
Trd, 8639638.646, 101
Trd, 8639639.012, 93
Trd, 8639639.412, 94
Trd, 8639639.479, 92
Trd, 8639639.979, 85
Trd, 8639640.412, 124
Trd, 8639640.879, 127
Trd, 8639641.212, 81
Trd, 8639641.679, 120
Trd, 8639641.812, 78
Trd, 8639641.946, 77
Trd, 8639642.979, 106
Trd, 8639643.512, 115
Trd, 8639643.979, 132
Trd, 8639644.412, 126
Trd, 8639645.112, 104
Trd, 8639647.146, 95
Trd, 8639647.446, 93
Trd, 8639647.646, 119
Trd, 8639648.079, 99
Trd, 8639648.712, 106
Trd, 8639648.879, 100
Trd, 8639648.912, 100
Trd, 8639649.179, 110
Trd, 8639649.212, 105
Trd, 8639649.512, 131
Trd, 8639649.812, 108
Trd, 8639649.979, 104
Trd, 8639650.646, 119
Trd, 8639650.946, 92
Trd, 8639652.146, 122
Trd, 8639652.546, 96
Trd, 8639652.946, 71
Trd, 8639653.179, 78
Trd, 8639653.312, 76
Trd, 8639654.679, 79
Trd, 8639654.712, 77
Trd, 8639655.512, 92
Trd, 8639656.212, 70
Trd, 8639656.546, 60
Trd, 8639657.279, 88
Trd, 8639657.779, 60
Trd, 8639657.979, 109
Trd, 8639658.246, 93
Trd, 8639658.679, 95
Trd, 8639658.746, 93
Trd, 8639659.446, 107
Trd, 8639659.679, 91
Trd, 8639660.346, 122
Trd, 8639660.779, 95
Trd, 8639662.412, 63
Trd, 8639662.679, 62
Trd, 8639663.079, 77
Trd, 8639663.279, 99
Trd, 8639663.412, 63
Trd, 8639663.579, 98
Trd, 8639663.946, 137
Trd, 8639664.312, 108
Trd, 8639664.379, 92
Trd, 8639665.079, 104
Trd, 8639666.079, 65
Trd, 8639667.246, 98
Trd, 8639668.012, 91
Trd, 8639668.512, 95
Trd, 8639668.846, 68
Trd, 8639669.079, 97
Trd, 8639669.979, 64
Trd, 8639670.012, 95
Trd, 8639670.346, 98
Trd, 8639670.612, 88
Trd, 8639670.979, 77
Trd, 8639671.079, 96
Trd, 8639671.646, 101
Trd, 8639673.312, 109
Trd, 8639673.512, 99
Trd, 8639673.646, 97
Trd, 8639673.779, 89
Trd, 8639673.846, 97
Trd, 8639674.212, 135
Trd, 8639674.479, 134
Trd, 8639674.546, 96
Trd, 8639675.746, 66
Trd, 8639676.012, 61
Trd, 8639676.479, 114
Trd, 8639676.946, 76
Trd, 8639677.546, 111
Trd, 8639678.346, 140
Trd, 8639678.612, 129
Trd, 8639678.846, 115
Trd, 8639678.946, 94
Trd, 8639679.779, 113
Trd, 8639679.879, 111
Trd, 8639680.012, 111
Trd, 8639681.046, 79
Trd, 8639681.079, 77
Trd, 8639681.646, 73
Trd, 8639681.979, 104
Trd, 8639682.179, 91
Trd, 8639682.712, 71
Trd, 8639682.979, 124
Trd, 8639683.246, 68
Trd, 8639683.279, 98
Trd, 8639683.712, 89
Trd, 8639684.079, 83
Trd, 8639684.812, 77
Trd, 8639685.312, 104
Trd, 8639685.446, 115
Trd, 8639686.246, 100
Trd, 8639686.379, 104
Trd, 8639686.879, 109
Trd, 8639687.612, 96
Trd, 8639689.512, 93
Trd, 8639689.846, 87
Trd, 8639690.079, 82
Trd, 8639690.346, 90
Trd, 8639691.479, 103
Trd, 8639691.679, 87
Trd, 8639692.546, 107
Trd, 8639693.779, 95
Trd, 8639693.812, 92
Trd, 8639694.279, 116
Trd, 8639694.746, 115
Trd, 8639695.012, 99
Trd, 8639695.346, 98
Trd, 8639695.712, 82
Trd, 8639696.079, 99
Trd, 8639696.712, 91
Trd, 8639697.212, 134
Trd, 8639697.279, 89
Trd, 8639697.679, 106
Trd, 8639698.279, 120
Trd, 8639698.612, 95
Trd, 8639699.246, 111
Trd, 8639699.546, 107
Trd, 8639700.212, 104
Trd, 8639700.479, 70
Trd, 8639701.012, 124
Trd, 8639701.046, 123
Trd, 8639702.479, 129
Trd, 8639703.146, 81
Trd, 8639703.312, 79
Trd, 8639703.679, 97
Trd, 8639704.679, 119
Trd, 8639704.912, 113
Trd, 8639705.312, 112
Trd, 8639705.946, 116
Trd, 8639706.112, 103
Trd, 8639706.212, 81
Trd, 8639707.012, 82
Trd, 8639707.479, 87
Trd, 8639707.912, 124
Trd, 8639708.079, 85
Trd, 8639708.179, 132
Trd, 8639708.412, 84
Trd, 8639708.512, 84
Trd, 8639709.112, 80
Trd, 8639710.179, 115
Trd, 8639710.512, 114
Trd, 8639711.012, 107
Trd, 8639711.246, 74
Trd, 8639713.346, 131
Trd, 8639713.479, 121
Trd, 8639713.679, 125
Trd, 8639713.746, 113
Trd, 8639714.579, 98
Trd, 8639715.079, 91
Trd, 8639715.346, 86
Trd, 8639715.546, 106
Trd, 8639715.979, 128
Trd, 8639716.212, 77
Trd, 8639716.646, 95
Trd, 8639717.112, 75
Trd, 8639718.012, 119
Trd, 8639718.212, 119
Trd, 8639718.412, 119
Trd, 8639718.946, 110
Trd, 8639719.479, 77
Trd, 8639720.512, 119
Trd, 8639720.646, 111
Trd, 8639720.712, 104
Trd, 8639721.079, 76
Trd, 8639721.612, 123
Trd, 8639722.712, 99
Trd, 8639723.046, 119
Trd, 8639723.512, 105
Trd, 8639724.012, 107
Trd, 8639724.079, 116
Trd, 8639724.646, 109
Trd, 8639724.746, 120
Trd, 8639724.779, 107
Trd, 8639725.646, 116
Trd, 8639725.879, 80
Trd, 8639726.946, 103
Trd, 8639727.079, 103
Trd, 8639727.846, 124
Trd, 8639729.079, 82
Trd, 8639729.246, 92
Trd, 8639729.679, 88
Trd, 8639729.746, 86
Trd, 8639730.079, 77
Trd, 8639730.412, 130
Trd, 8639730.446, 91
Trd, 8639731.412, 92
Trd, 8639731.912, 96
Trd, 8639731.946, 95
Trd, 8639733.412, 89
Trd, 8639733.446, 96
Trd, 8639733.912, 99
Trd, 8639734.812, 95
Trd, 8639735.046, 94
Trd, 8639735.679, 102
Trd, 8639735.712, 81
Trd, 8639736.579, 88
Trd, 8639736.612, 105
Trd, 8639736.979, 96
Trd, 8639737.012, 81
Trd, 8639737.312, 79
Trd, 8639738.179, 72
Trd, 8639738.912, 74
Trd, 8639739.346, 80
Trd, 8639740.246, 98
Trd, 8639740.312, 87
Trd, 8639740.379, 86
Trd, 8639740.679, 69
Trd, 8639742.212, 105
Trd, 8639742.979, 89
Trd, 8639743.546, 89
Trd, 8639744.312, 100
Trd, 8639744.346, 102
Trd, 8639744.846, 99
Trd, 8639745.446, 138
Trd, 8639745.579, 131
Trd, 8639745.679, 73
Trd, 8639746.779, 123
Trd, 8639747.012, 129
Trd, 8639747.112, 115
Trd, 8639747.146, 114
Trd, 8639747.546, 125
Trd, 8639749.079, 113
Trd, 8639749.279, 118
Trd, 8639749.312, 110
Trd, 8639751.146, 116
Trd, 8639751.212, 87
Trd, 8639751.812, 100
Trd, 8639752.079, 122
Trd, 8639752.379, 93
Trd, 8639752.879, 120
Trd, 8639752.979, 119
Trd, 8639754.012, 60
Trd, 8639754.112, 79
Trd, 8639754.279, 84
Trd, 8639754.712, 126
Trd, 8639755.312, 113
Trd, 8639755.379, 74
Trd, 8639756.946, 109
Trd, 8639756.979, 90
Trd, 8639757.246, 113
Trd, 8639757.646, 102
Trd, 8639757.746, 86
Trd, 8639758.579, 87
Trd, 8639759.346, 81
Trd, 8639759.446, 99
Trd, 8639760.112, 83
Trd, 8639760.779, 62
Trd, 8639761.079, 65
Trd, 8639761.846, 130
Trd, 8639762.346, 91
Trd, 8639762.512, 94
Trd, 8639763.246, 98
Trd, 8639763.612, 86
Trd, 8639763.746, 118
Trd, 8639764.479, 114
Trd, 8639764.812, 136
Trd, 8639765.146, 105
Trd, 8639765.912, 98
Trd, 8639766.812, 131
Trd, 8639767.279, 122
Trd, 8639767.979, 112
Trd, 8639768.279, 111
Trd, 8639768.346, 106
Trd, 8639768.612, 97
Trd, 8639768.746, 129
Trd, 8639769.346, 110
Trd, 8639769.612, 91
Trd, 8639770.112, 131
Trd, 8639770.279, 93
Trd, 8639770.412, 80
Trd, 8639770.946, 104
Trd, 8639771.112, 83
Trd, 8639772.546, 111
Trd, 8639773.212, 112
Trd, 8639774.446, 109
Trd, 8639774.512, 109
Trd, 8639774.612, 104
Trd, 8639774.846, 105
Trd, 8639775.512, 103
Trd, 8639775.746, 98
Trd, 8639775.912, 79
Trd, 8639776.512, 116
Trd, 8639776.879, 122
Trd, 8639776.912, 119
Trd, 8639778.012, 87
Trd, 8639778.712, 118
Trd, 8639779.012, 113
Trd, 8639779.979, 119
Trd, 8639780.212, 115
Trd, 8639780.412, 110
Trd, 8639780.979, 123
Trd, 8639781.046, 92
Trd, 8639781.712, 96
Trd, 8639782.946, 110
Trd, 8639783.079, 90
Trd, 8639783.212, 124
Trd, 8639783.579, 90
Trd, 8639783.712, 89
Trd, 8639783.912, 96
Trd, 8639784.512, 86
Trd, 8639784.612, 124
Trd, 8639784.912, 123
Trd, 8639785.512, 104
Trd, 8639785.712, 106
Trd, 8639785.946, 81
Trd, 8639787.012, 90
Trd, 8639787.679, 140
Trd, 8639788.012, 123
Trd, 8639789.012, 140
Trd, 8639789.079, 140
Trd, 8639789.179, 135
Trd, 8639790.379, 129
Trd, 8639790.612, 106
Trd, 8639790.679, 88
Trd, 8639790.746, 101
Trd, 8639791.446, 93
Trd, 8639792.212, 126
Trd, 8639792.346, 105
Trd, 8639792.579, 80
Trd, 8639793.212, 75
Trd, 8639793.279, 74
Trd, 8639793.412, 73
Trd, 8639793.612, 88
Trd, 8639794.479, 122
Trd, 8639794.846, 120
Trd, 8639794.979, 87
Trd, 8639795.512, 106
Trd, 8639796.046, 123
Trd, 8639796.646, 90
Trd, 8639797.046, 92
Trd, 8639797.346, 100
Trd, 8639797.912, 68
Trd, 8639798.346, 93
Trd, 8639798.946, 90
Trd, 8639798.979, 91
Trd, 8639799.012, 79
Trd, 8639799.779, 133
Trd, 8639800.279, 138
Trd, 8639800.646, 133
Trd, 8639800.679, 103
Trd, 8639800.779, 96
Trd, 8639801.646, 93
Trd, 8639802.346, 129
Trd, 8639802.379, 125
Trd, 8639802.646, 91
Trd, 8639803.346, 87
Trd, 8639803.512, 81
Trd, 8639804.179, 77
Trd, 8639804.612, 125
Trd, 8639804.946, 92
Trd, 8639805.346, 73
Trd, 8639805.446, 70
Trd, 8639806.212, 91
Trd, 8639806.379, 121
Trd, 8639807.012, 102
Trd, 8639808.112, 63
Trd, 8639809.479, 118
Trd, 8639809.512, 117
Trd, 8639809.779, 114
Trd, 8639810.246, 115
Trd, 8639810.579, 101
Trd, 8639810.812, 122
Trd, 8639811.212, 98
Trd, 8639811.412, 105
Trd, 8639811.846, 95
Trd, 8639812.212, 82
Trd, 8639812.712, 94
Trd, 8639813.579, 82
Trd, 8639813.612, 79
Trd, 8639814.212, 123
Trd, 8639815.179, 63
Trd, 8639815.746, 80
Trd, 8639815.979, 73
Trd, 8639816.379, 79
Trd, 8639816.679, 118
Trd, 8639817.379, 113
Trd, 8639817.612, 111
Trd, 8639818.346, 102
Trd, 8639820.479, 128
Trd, 8639820.679, 106
Trd, 8639820.946, 104
Trd, 8639821.312, 87
Trd, 8639822.079, 113
Trd, 8639822.346, 96
Trd, 8639822.546, 91
Trd, 8639822.746, 116
Trd, 8639822.946, 66
Trd, 8639823.412, 81
Trd, 8639824.146, 77
Trd, 8639824.246, 63
Trd, 8639824.679, 75
Trd, 8639825.712, 114
Trd, 8639826.346, 100
Trd, 8639826.712, 98
Trd, 8639827.079, 104
Trd, 8639827.279, 86
Trd, 8639827.912, 133
Trd, 8639827.946, 100
Trd, 8639828.379, 118
Trd, 8639828.812, 107
Trd, 8639829.179, 78
Trd, 8639829.679, 78
Trd, 8639830.412, 100
Trd, 8639830.846, 107
Trd, 8639831.446, 111
Trd, 8639831.812, 99
Trd, 8639832.079, 98
Trd, 8639832.279, 83
Trd, 8639832.379, 94
Trd, 8639832.779, 113
Trd, 8639832.979, 83
Trd, 8639833.446, 96
Trd, 8639833.546, 82
Trd, 8639833.712, 121
Trd, 8639835.246, 124
Trd, 8639836.379, 129
Trd, 8639836.612, 121
Trd, 8639837.312, 140
Trd, 8639837.479, 127
Trd, 8639837.679, 126
Trd, 8639837.979, 115
Trd, 8639838.812, 107
Trd, 8639839.112, 100
Trd, 8639839.446, 125
Trd, 8639839.679, 88
Trd, 8639839.946, 78
Trd, 8639840.246, 79
Trd, 8639841.046, 126
Trd, 8639841.446, 125
Trd, 8639841.512, 83
Trd, 8639842.579, 69
Trd, 8639843.079, 86
Trd, 8639843.346, 62
Trd, 8639843.512, 104
Trd, 8639844.046, 110
Trd, 8639844.612, 109
Trd, 8639845.146, 106
Trd, 8639845.246, 105
Trd, 8639845.412, 104
Trd, 8639845.979, 125
Trd, 8639847.246, 133
Trd, 8639847.579, 121
Trd, 8639847.679, 120
Trd, 8639847.712, 116
Trd, 8639847.746, 105
Trd, 8639848.112, 108
Trd, 8639848.512, 107
Trd, 8639848.546, 91
Trd, 8639849.112, 116
Trd, 8639849.746, 100
Trd, 8639850.179, 85
Trd, 8639850.912, 85
Trd, 8639851.146, 82
Trd, 8639851.679, 111
Trd, 8639852.012, 104
Trd, 8639852.679, 135
Trd, 8639853.146, 134
Trd, 8639853.512, 130
Trd, 8639853.546, 129
Trd, 8639854.179, 89
Trd, 8639855.012, 94
Trd, 8639855.146, 61
Trd, 8639856.946, 96
Trd, 8639857.512, 117
Trd, 8639857.612, 121
Trd, 8639857.879, 117
Trd, 8639858.146, 84
Trd, 8639858.312, 76
Trd, 8639858.446, 75
Trd, 8639859.246, 79
Trd, 8639859.412, 109
Trd, 8639859.912, 103
Trd, 8639860.279, 62
Trd, 8639860.312, 62
Trd, 8639860.746, 106
Trd, 8639861.379, 78
Trd, 8639861.979, 93
Trd, 8639862.479, 82
Trd, 8639862.812, 65
Trd, 8639863.079, 67
Trd, 8639864.579, 99
Trd, 8639864.712, 105
Trd, 8639864.746, 98
Trd, 8639864.912, 119
Trd, 8639865.312, 97
Trd, 8639865.646, 112
Trd, 8639866.446, 123
Trd, 8639866.912, 122
Trd, 8639867.046, 110
Trd, 8639867.379, 109
Trd, 8639867.712, 87
Trd, 8639867.812, 100
Trd, 8639868.412, 86
Trd, 8639868.679, 97
Trd, 8639868.779, 98
Trd, 8639869.279, 84
Trd, 8639870.079, 95
Trd, 8639870.146, 101
Trd, 8639870.712, 120
Trd, 8639871.812, 89
Trd, 8639872.946, 87
Trd, 8639873.446, 113
Trd, 8639873.746, 115
Trd, 8639873.846, 100
Trd, 8639873.946, 95
Trd, 8639875.046, 131
Trd, 8639875.412, 121
Trd, 8639875.646, 108
Trd, 8639876.012, 98
Trd, 8639876.946, 111
Trd, 8639877.579, 121
Trd, 8639877.746, 111
Trd, 8639877.779, 97
Trd, 8639878.346, 120
Trd, 8639878.779, 112
Trd, 8639878.812, 100
Trd, 8639879.012, 98
Trd, 8639879.479, 112
Trd, 8639880.246, 71
Trd, 8639880.946, 84
Trd, 8639881.212, 70
Trd, 8639881.379, 83
Trd, 8639882.079, 85
Trd, 8639882.512, 93
Trd, 8639883.246, 79
Trd, 8639883.779, 90
Trd, 8639884.112, 79
Trd, 8639884.179, 86
Trd, 8639885.046, 133
Trd, 8639885.412, 93
Trd, 8639885.479, 111
Trd, 8639886.879, 85
Trd, 8639886.912, 100
Trd, 8639887.112, 86
Trd, 8639888.512, 108
Trd, 8639888.646, 111
Trd, 8639888.746, 106
Trd, 8639889.046, 104
Trd, 8639889.979, 109
Trd, 8639890.212, 106
Trd, 8639890.646, 69
Trd, 8639890.679, 68
Trd, 8639891.212, 70
Trd, 8639893.112, 76
Trd, 8639893.512, 111
Trd, 8639893.846, 109
Trd, 8639893.979, 107
Trd, 8639894.546, 97
Trd, 8639894.712, 93
Trd, 8639894.946, 92
Trd, 8639895.779, 116
Trd, 8639896.546, 112
Trd, 8639896.779, 134
Trd, 8639896.846, 109
Trd, 8639897.146, 106
Trd, 8639898.346, 127
Trd, 8639900.079, 131
Trd, 8639900.112, 130
Trd, 8639900.179, 124
Trd, 8639900.279, 121
Trd, 8639900.746, 105
Trd, 8639901.079, 91
Trd, 8639901.212, 89
Trd, 8639901.379, 89
Trd, 8639901.779, 86
Trd, 8639902.046, 107
Trd, 8639902.412, 72
Trd, 8639902.912, 82
Trd, 8639903.579, 74
Trd, 8639903.812, 72
Trd, 8639904.012, 74
Trd, 8639904.312, 88
Trd, 8639906.346, 133
Trd, 8639907.412, 129
Trd, 8639907.779, 115
Trd, 8639908.146, 102
Trd, 8639908.446, 119
Trd, 8639908.746, 111
Trd, 8639908.779, 101
Trd, 8639908.946, 113
Trd, 8639909.179, 77
Trd, 8639909.446, 74
Trd, 8639909.679, 87
Trd, 8639910.312, 69
Trd, 8639911.146, 118
Trd, 8639911.379, 129
Trd, 8639911.846, 123
Trd, 8639912.112, 122
Trd, 8639912.146, 78
Trd, 8639912.879, 136
Trd, 8639913.712, 131
Trd, 8639913.812, 119
Trd, 8639914.046, 93
Trd, 8639914.912, 94
Trd, 8639915.412, 90
Trd, 8639915.579, 86
Trd, 8639916.246, 88
Trd, 8639916.412, 87
Trd, 8639917.146, 108
Trd, 8639917.546, 105
Trd, 8639917.746, 123
Trd, 8639918.446, 97
Trd, 8639918.512, 69
Trd, 8639919.246, 63
Trd, 8639919.279, 90
Trd, 8639919.779, 95
Trd, 8639920.479, 100
Trd, 8639920.546, 85
Trd, 8639922.279, 60
Trd, 8639922.546, 69
Trd, 8639923.146, 75
Trd, 8639923.612, 68
Trd, 8639923.979, 68
Trd, 8639924.179, 90
Trd, 8639924.612, 105
Trd, 8639925.279, 133
Trd, 8639925.546, 114
Trd, 8639926.079, 104
Trd, 8639926.912, 109
Trd, 8639927.012, 101
Trd, 8639927.946, 93
Trd, 8639928.179, 80
Trd, 8639928.712, 73
Trd, 8639929.179, 110
Trd, 8639929.479, 88
Trd, 8639929.646, 131
Trd, 8639931.212, 102
Trd, 8639931.579, 133
Trd, 8639932.379, 113
Trd, 8639932.779, 106
Trd, 8639933.012, 117
Trd, 8639933.346, 105
Trd, 8639933.612, 102
Trd, 8639933.946, 101
Trd, 8639934.079, 90
Trd, 8639934.679, 101
Trd, 8639934.812, 93
Trd, 8639934.912, 80
Trd, 8639935.312, 79
Trd, 8639936.479, 127
Trd, 8639936.979, 117
Trd, 8639937.179, 79
Trd, 8639937.312, 84
Trd, 8639937.579, 99
Trd, 8639938.479, 120
Trd, 8639938.812, 109
Trd, 8639940.246, 110
Trd, 8639940.279, 110
Trd, 8639940.646, 133
Trd, 8639941.312, 78
Trd, 8639941.346, 92
Trd, 8639941.579, 89
Trd, 8639942.679, 75
Trd, 8639942.746, 62
Trd, 8639943.179, 83
Trd, 8639943.446, 82
Trd, 8639943.612, 65
Trd, 8639943.746, 94
Trd, 8639944.179, 85
Trd, 8639944.879, 64
Trd, 8639945.612, 86
Trd, 8639946.946, 116
Trd, 8639947.246, 103
Trd, 8639947.446, 106
Trd, 8639947.746, 102
Trd, 8639948.179, 95
Trd, 8639948.279, 87
Trd, 8639949.046, 118
Trd, 8639949.379, 91
Trd, 8639949.979, 86
Trd, 8639950.146, 77
Trd, 8639950.379, 126
Trd, 8639951.146, 131
Trd, 8639951.379, 130
Trd, 8639952.612, 116
Trd, 8639952.646, 112
Trd, 8639952.946, 113
Trd, 8639953.079, 101
Trd, 8639953.279, 79
Trd, 8639953.412, 85
Trd, 8639953.646, 72
Trd, 8639953.979, 64
Trd, 8639955.579, 99
Trd, 8639956.179, 112
Trd, 8639956.612, 111
Trd, 8639957.212, 111
Trd, 8639957.379, 108
Trd, 8639958.446, 110
Trd, 8639958.579, 93
Trd, 8639959.112, 100
Trd, 8639959.179, 120
Trd, 8639959.879, 63
Trd, 8639959.946, 65
Trd, 8639960.412, 75
Trd, 8639960.746, 83
Trd, 8639961.712, 66
Trd, 8639962.146, 66
Trd, 8639962.179, 77
Trd, 8639963.979, 96
Trd, 8639964.146, 93
Trd, 8639964.212, 92
Trd, 8639964.346, 88
Trd, 8639964.479, 102
Trd, 8639964.846, 110
Trd, 8639965.546, 82
Trd, 8639965.846, 125
Trd, 8639967.346, 130
Trd, 8639967.612, 120
Trd, 8639967.746, 120
Trd, 8639968.412, 101
Trd, 8639968.612, 121
Trd, 8639968.679, 96
Trd, 8639968.812, 86
Trd, 8639969.146, 75
Trd, 8639970.012, 80
Trd, 8639970.246, 75
Trd, 8639970.946, 134
Trd, 8639971.612, 110
Trd, 8639972.079, 116
Trd, 8639972.479, 113
Trd, 8639972.912, 104
Trd, 8639973.546, 126
Trd, 8639973.679, 98
Trd, 8639974.279, 89
Trd, 8639974.446, 110
Trd, 8639974.846, 72
Trd, 8639975.312, 100
Trd, 8639976.212, 92
Trd, 8639976.446, 105
Trd, 8639976.579, 114
Trd, 8639978.012, 67
Trd, 8639978.046, 77
Trd, 8639978.146, 66
Trd, 8639978.446, 71
Trd, 8639978.512, 89
Trd, 8639979.446, 123
Trd, 8639980.279, 99
Trd, 8639980.479, 128
Trd, 8639982.012, 106
Trd, 8639982.179, 95
Trd, 8639982.579, 99
Trd, 8639982.946, 89
Trd, 8639983.446, 79
Trd, 8639983.712, 82
Trd, 8639984.146, 106
Trd, 8639984.346, 107
Trd, 8639985.179, 108
Trd, 8639985.246, 82
Trd, 8639985.779, 115
Trd, 8639985.946, 113
Trd, 8639986.279, 82
Trd, 8639987.079, 106
Trd, 8639987.379, 104
Trd, 8639987.612, 110
Trd, 8639989.246, 102
Trd, 8639989.779, 111
Trd, 8639990.079, 99
Trd, 8639990.179, 98
Trd, 8639990.346, 110
Trd, 8639991.812, 121
Trd, 8639992.012, 101
Trd, 8639992.146, 97
Trd, 8639992.412, 96
Trd, 8639992.679, 95
Trd, 8639993.546, 95
Trd, 8639994.146, 134
Trd, 8639994.746, 118
Trd, 8639994.812, 94
Trd, 8639995.412, 76
Trd, 8639996.712, 121
Trd, 8639997.346, 119
Trd, 8639997.446, 111
Trd, 8639997.512, 104
Trd, 8639997.779, 98
Trd, 8639998.379, 119
Trd, 8639998.812, 127
Trd, 8639998.846, 79
Trd, 8639999.479, 108
