Trd, 8638750.846, 140
Trd, 8638751.379, 140
Trd, 8638751.879, 139
Trd, 8638751.979, 139
Trd, 8638752.912, 139
Trd, 8638753.146, 139
Trd, 8638753.779, 140
Trd, 8638754.112, 139
Trd, 8638755.879, 140
Trd, 8638756.012, 140
Trd, 8638756.246, 140
Trd, 8638756.379, 140
Trd, 8638756.646, 140
Trd, 8638757.546, 140
Trd, 8638757.579, 140
Trd, 8638758.112, 140
Trd, 8638758.746, 139
Trd, 8638758.846, 139
Trd, 8638760.046, 140
Trd, 8638760.279, 140
Trd, 8638760.612, 139
Trd, 8638760.846, 139
Trd, 8638761.946, 140
Trd, 8638763.046, 140
Trd, 8638764.112, 140
Trd, 8638764.146, 140
Trd, 8638764.479, 140
Trd, 8638764.779, 139
Trd, 8638765.279, 140
Trd, 8638765.479, 139
Trd, 8638766.112, 113
Trd, 8638767.012, 96
Trd, 8638767.146, 95
Trd, 8638767.179, 134
Trd, 8638767.279, 136
Trd, 8638768.112, 65
Trd, 8638768.246, 66
Trd, 8638768.779, 62
Trd, 8638768.879, 101
Trd, 8638769.612, 61
Trd, 8638769.912, 62
Trd, 8638769.946, 105
Trd, 8638771.046, 140
Trd, 8638771.346, 140
Trd, 8638771.779, 140
Trd, 8638772.146, 139
Trd, 8638772.379, 136
Trd, 8638772.846, 107
Trd, 8638773.379, 140
Trd, 8638774.479, 140
Trd, 8638775.612, 140
Trd, 8638775.912, 140
Trd, 8638776.279, 140
Trd, 8638776.446, 139
Trd, 8638776.646, 139
Trd, 8638777.146, 139
Trd, 8638777.412, 137
Trd, 8638778.012, 140
Trd, 8638778.412, 139
Trd, 8638778.912, 139
Trd, 8638779.112, 139
Trd, 8638779.512, 139
Trd, 8638781.412, 138
Trd, 8638782.312, 129
Trd, 8638783.312, 140
Trd, 8638783.812, 140
Trd, 8638784.379, 140
Trd, 8638784.412, 140
Trd, 8638785.046, 140
Trd, 8638785.512, 140
Trd, 8638785.779, 140
Trd, 8638785.912, 139
Trd, 8638786.046, 138
Trd, 8638786.679, 140
Trd, 8638786.779, 140
Trd, 8638788.279, 140
Trd, 8638788.646, 140
Trd, 8638789.046, 140
Trd, 8638789.979, 139
Trd, 8638790.879, 140
Trd, 8638791.479, 140
Trd, 8638792.179, 140
Trd, 8638792.246, 140
Trd, 8638793.279, 140
Trd, 8638793.312, 140
Trd, 8638794.212, 140
Trd, 8638794.279, 140
Trd, 8638794.379, 140
Trd, 8638794.479, 140
Trd, 8638794.512, 139
Trd, 8638794.546, 138
Trd, 8638794.846, 140
Trd, 8638796.746, 139
Trd, 8638797.179, 140
Trd, 8638797.379, 139
Trd, 8638798.212, 139
Trd, 8638798.679, 140
Trd, 8638798.912, 140
Trd, 8638798.946, 140
Trd, 8638799.712, 140
Trd, 8638800.112, 140
Trd, 8638800.512, 140
Trd, 8638800.646, 139
Trd, 8638801.246, 140
Trd, 8638801.912, 140
Trd, 8638802.846, 140
Trd, 8638803.179, 139
Trd, 8638803.312, 139
Trd, 8638804.412, 140
Trd, 8638804.612, 139
Trd, 8638805.279, 140
Trd, 8638806.112, 140
Trd, 8638806.346, 139
Trd, 8638806.412, 140
Trd, 8638806.446, 139
Trd, 8638806.746, 136
Trd, 8638806.846, 108
Trd, 8638807.279, 138
Trd, 8638807.312, 85
Trd, 8638809.179, 140
Trd, 8638809.246, 140
Trd, 8638809.379, 140
Trd, 8638809.546, 89
Trd, 8638810.546, 140
Trd, 8638810.746, 140
Trd, 8638811.046, 139
Trd, 8638811.146, 140
Trd, 8638812.812, 137
Trd, 8638813.412, 139
Trd, 8638813.579, 139
Trd, 8638814.646, 140
Trd, 8638814.679, 137
Trd, 8638814.946, 139
Trd, 8638815.079, 138
Trd, 8638816.246, 140
Trd, 8638817.446, 140
Trd, 8638817.479, 140
Trd, 8638817.579, 140
Trd, 8638818.746, 140
Trd, 8638818.812, 140
Trd, 8638820.412, 140
Trd, 8638820.846, 140
Trd, 8638821.412, 140
Trd, 8638821.579, 139
Trd, 8638822.012, 139
Trd, 8638822.379, 136
Trd, 8638824.279, 140
Trd, 8638824.379, 140
Trd, 8638825.079, 140
Trd, 8638825.746, 140
Trd, 8638825.979, 139
Trd, 8638826.012, 140
Trd, 8638826.279, 139
Trd, 8638826.346, 137
Trd, 8638826.412, 107
Trd, 8638826.979, 124
Trd, 8638827.246, 137
Trd, 8638827.479, 122
Trd, 8638828.046, 140
Trd, 8638828.346, 139
Trd, 8638828.946, 134
Trd, 8638829.479, 140
Trd, 8638829.912, 139
Trd, 8638830.846, 140
Trd, 8638832.646, 140
Trd, 8638833.212, 140
Trd, 8638833.246, 140
Trd, 8638833.846, 140
Trd, 8638833.946, 140
Trd, 8638834.079, 140
Trd, 8638834.412, 140
Trd, 8638835.079, 140
Trd, 8638835.346, 140
Trd, 8638835.912, 140
Trd, 8638836.446, 140
Trd, 8638836.512, 139
Trd, 8638836.746, 138
Trd, 8638836.846, 137
Trd, 8638837.146, 78
Trd, 8638837.246, 123
Trd, 8638839.179, 140
Trd, 8638841.312, 140
Trd, 8638841.912, 140
Trd, 8638842.079, 140
Trd, 8638842.579, 140
Trd, 8638842.712, 140
Trd, 8638842.779, 140
Trd, 8638842.879, 140
Trd, 8638843.279, 140
Trd, 8638843.812, 139
Trd, 8638844.812, 139
Trd, 8638844.879, 140
Trd, 8638844.912, 136
Trd, 8638845.612, 140
Trd, 8638846.379, 140
Trd, 8638846.779, 140
Trd, 8638847.446, 140
Trd, 8638847.546, 139
Trd, 8638848.046, 140
Trd, 8638849.546, 140
Trd, 8638851.012, 140
Trd, 8638851.279, 140
Trd, 8638851.312, 139
Trd, 8638851.446, 139
Trd, 8638852.046, 138
Trd, 8638852.612, 138
Trd, 8638853.612, 139
Trd, 8638854.246, 140
Trd, 8638854.346, 139
Trd, 8638854.479, 140
Trd, 8638855.446, 140
Trd, 8638855.512, 137
Trd, 8638855.879, 140
Trd, 8638856.212, 137
Trd, 8638856.479, 137
Trd, 8638856.912, 88
Trd, 8638857.179, 138
Trd, 8638857.712, 122
Trd, 8638857.846, 139
Trd, 8638858.512, 138
Trd, 8638858.612, 136
Trd, 8638859.212, 140
Trd, 8638859.246, 140
Trd, 8638859.579, 115
Trd, 8638860.512, 117
Trd, 8638862.212, 140
Trd, 8638862.512, 140
Trd, 8638863.679, 140
Trd, 8638863.846, 140
Trd, 8638863.912, 140
Trd, 8638864.546, 140
Trd, 8638864.812, 140
Trd, 8638864.879, 139
Trd, 8638865.012, 140
Trd, 8638865.946, 140
Trd, 8638866.546, 140
Trd, 8638867.379, 140
Trd, 8638868.746, 140
Trd, 8638868.846, 140
Trd, 8638869.312, 140
Trd, 8638869.512, 139
Trd, 8638870.646, 140
Trd, 8638870.779, 140
Trd, 8638870.912, 140
Trd, 8638871.779, 139
Trd, 8638871.979, 137
Trd, 8638872.346, 138
Trd, 8638873.279, 140
Trd, 8638873.846, 140
Trd, 8638874.479, 140
Trd, 8638874.779, 140
Trd, 8638875.379, 140
Trd, 8638875.779, 139
Trd, 8638876.446, 140
Trd, 8638876.946, 140
Trd, 8638877.079, 140
Trd, 8638877.146, 140
Trd, 8638877.379, 139
Trd, 8638878.346, 99
Trd, 8638879.712, 140
Trd, 8638879.912, 140
Trd, 8638879.946, 140
Trd, 8638879.979, 140
Trd, 8638880.612, 140
Trd, 8638880.646, 140
Trd, 8638880.712, 140
Trd, 8638881.246, 140
Trd, 8638881.879, 140
Trd, 8638882.079, 140
Trd, 8638882.946, 140
Trd, 8638883.312, 140
Trd, 8638883.346, 139
Trd, 8638883.746, 137
Trd, 8638884.346, 140
Trd, 8638884.446, 114
Trd, 8638885.412, 139
Trd, 8638885.912, 140
Trd, 8638887.079, 140
Trd, 8638887.712, 139
Trd, 8638888.379, 140
Trd, 8638889.346, 140
Trd, 8638889.379, 140
Trd, 8638889.479, 140
Trd, 8638889.512, 140
Trd, 8638889.712, 140
Trd, 8638891.279, 140
Trd, 8638892.012, 140
Trd, 8638892.412, 140
Trd, 8638892.579, 140
Trd, 8638892.912, 130
Trd, 8638893.846, 130
Trd, 8638894.079, 100
Trd, 8638894.212, 140
Trd, 8638894.346, 98
Trd, 8638894.646, 99
Trd, 8638895.846, 140
Trd, 8638895.979, 140
Trd, 8638896.046, 140
Trd, 8638896.579, 139
Trd, 8638896.612, 139
Trd, 8638896.712, 74
Trd, 8638897.379, 140
Trd, 8638899.246, 140
Trd, 8638899.779, 140
Trd, 8638899.879, 140
Trd, 8638899.979, 140
Trd, 8638900.179, 140
Trd, 8638900.846, 140
Trd, 8638901.612, 139
Trd, 8638901.679, 139
Trd, 8638901.946, 138
Trd, 8638902.046, 99
Trd, 8638902.646, 131
Trd, 8638902.946, 140
Trd, 8638903.112, 140
Trd, 8638903.546, 120
Trd, 8638904.246, 139
Trd, 8638905.379, 140
Trd, 8638905.946, 140
Trd, 8638906.112, 139
Trd, 8638906.712, 139
Trd, 8638907.612, 140
Trd, 8638908.512, 140
Trd, 8638908.879, 140
Trd, 8638909.346, 140
Trd, 8638909.612, 140
Trd, 8638910.446, 140
Trd, 8638910.712, 139
Trd, 8638912.046, 140
Trd, 8638912.079, 140
Trd, 8638912.246, 140
Trd, 8638912.579, 140
Trd, 8638913.679, 140
Trd, 8638913.779, 140
Trd, 8638914.412, 140
Trd, 8638914.879, 140
Trd, 8638914.912, 139
Trd, 8638916.046, 140
Trd, 8638916.112, 140
Trd, 8638916.779, 140
Trd, 8638917.546, 139
Trd, 8638918.012, 140
Trd, 8638918.479, 139
Trd, 8638918.779, 139
Trd, 8638919.579, 140
Trd, 8638919.779, 140
Trd, 8638920.412, 138
Trd, 8638921.112, 95
Trd, 8638921.579, 140
Trd, 8638921.646, 140
Trd, 8638922.212, 140
Trd, 8638922.412, 140
Trd, 8638923.612, 139
Trd, 8638923.979, 139
Trd, 8638924.212, 140
Trd, 8638924.479, 139
Trd, 8638926.012, 140
Trd, 8638927.146, 140
Trd, 8638927.746, 140
Trd, 8638927.979, 140
Trd, 8638928.079, 139
Trd, 8638928.246, 139
Trd, 8638928.579, 139
Trd, 8638929.079, 140
Trd, 8638929.579, 140
Trd, 8638929.612, 138
Trd, 8638930.079, 140
Trd, 8638930.679, 64
Trd, 8638930.779, 77
Trd, 8638931.612, 60
Trd, 8638931.946, 63
Trd, 8638932.579, 60
Trd, 8638932.746, 63
Trd, 8638932.912, 64
Trd, 8638933.346, 61
Trd, 8638933.846, 62
Trd, 8638934.146, 62
Trd, 8638934.346, 63
Trd, 8638934.612, 70
Trd, 8638935.379, 69
Trd, 8638935.479, 65
Trd, 8638935.512, 138
Trd, 8638936.512, 139
Trd, 8638936.812, 140
Trd, 8638936.979, 134
Trd, 8638938.179, 140
Trd, 8638938.579, 140
Trd, 8638938.679, 65
Trd, 8638938.879, 61
Trd, 8638939.146, 101
Trd, 8638939.312, 101
Trd, 8638939.412, 128
Trd, 8638939.712, 63
Trd, 8638941.312, 140
Trd, 8638941.412, 122
Trd, 8638942.546, 140
Trd, 8638943.012, 139
Trd, 8638944.446, 140
Trd, 8638944.846, 140
Trd, 8638944.879, 140
Trd, 8638944.946, 140
Trd, 8638945.479, 140
Trd, 8638946.179, 140
Trd, 8638946.846, 139
Trd, 8638947.112, 139
Trd, 8638947.679, 140
Trd, 8638947.712, 139
Trd, 8638948.046, 139
Trd, 8638948.179, 139
Trd, 8638948.812, 140
Trd, 8638949.312, 140
Trd, 8638949.346, 140
Trd, 8638949.612, 140
Trd, 8638950.446, 140
Trd, 8638950.612, 139
Trd, 8638950.746, 139
Trd, 8638951.179, 95
Trd, 8638952.579, 140
Trd, 8638952.712, 138
Trd, 8638953.379, 140
Trd, 8638954.912, 140
Trd, 8638955.146, 140
Trd, 8638955.246, 139
Trd, 8638955.712, 140
Trd, 8638955.746, 139
Trd, 8638956.312, 140
Trd, 8638956.446, 139
Trd, 8638956.812, 139
Trd, 8638956.946, 140
Trd, 8638957.346, 139
Trd, 8638959.546, 140
Trd, 8638959.646, 140
Trd, 8638959.712, 140
Trd, 8638961.079, 140
Trd, 8638961.579, 140
Trd, 8638962.212, 140
Trd, 8638962.246, 139
Trd, 8638962.346, 137
Trd, 8638962.846, 139
Trd, 8638963.479, 140
Trd, 8638963.879, 140
Trd, 8638964.012, 140
Trd, 8638964.846, 139
Trd, 8638965.312, 62
Trd, 8638965.812, 140
Trd, 8638966.646, 140
Trd, 8638966.679, 140
Trd, 8638967.712, 138
Trd, 8638968.312, 140
Trd, 8638968.612, 140
Trd, 8638969.046, 140
Trd, 8638969.146, 140
Trd, 8638969.346, 139
Trd, 8638969.912, 139
Trd, 8638970.479, 140
Trd, 8638971.079, 140
Trd, 8638971.379, 139
Trd, 8638972.746, 140
Trd, 8638973.179, 140
Trd, 8638973.212, 140
Trd, 8638974.012, 140
Trd, 8638975.479, 140
Trd, 8638975.779, 140
Trd, 8638975.846, 140
Trd, 8638975.946, 139
Trd, 8638976.779, 140
Trd, 8638977.246, 140
Trd, 8638977.379, 139
Trd, 8638979.412, 140
Trd, 8638979.946, 140
Trd, 8638980.146, 140
Trd, 8638980.779, 140
Trd, 8638981.046, 140
Trd, 8638981.379, 140
Trd, 8638981.479, 139
Trd, 8638982.312, 140
Trd, 8638982.746, 140
Trd, 8638983.412, 140
Trd, 8638983.579, 138
Trd, 8638984.246, 140
Trd, 8638984.412, 139
Trd, 8638984.679, 131
Trd, 8638984.946, 138
Trd, 8638986.912, 140
Trd, 8638987.546, 140
Trd, 8638987.579, 140
Trd, 8638987.679, 139
Trd, 8638988.612, 140
Trd, 8638989.279, 140
Trd, 8638989.946, 140
Trd, 8638990.346, 139
Trd, 8638990.979, 139
Trd, 8638991.312, 139
Trd, 8638991.512, 140
Trd, 8638991.546, 139
Trd, 8638992.079, 139
Trd, 8638992.779, 140
Trd, 8638992.946, 140
Trd, 8638993.312, 139
Trd, 8638993.746, 140
Trd, 8638995.746, 140
Trd, 8638997.046, 140
Trd, 8638997.112, 140
Trd, 8638997.179, 140
Trd, 8638997.246, 140
Trd, 8638998.379, 140
Trd, 8638999.446, 140
Trd, 8638999.479, 140
Trd, 8638999.546, 140
Trd, 8639000.679, 140
Trd, 8639001.179, 140
Trd, 8639001.579, 140
Trd, 8639001.979, 140
Trd, 8639002.046, 139
Trd, 8639002.779, 140
Trd, 8639002.912, 140
Trd, 8639003.946, 140
Trd, 8639003.979, 140
Trd, 8639004.179, 140
Trd, 8639004.379, 139
Trd, 8639004.779, 140
Trd, 8639005.946, 139
Trd, 8639006.179, 140
Trd, 8639006.312, 112
Trd, 8639006.546, 140
Trd, 8639006.779, 139
Trd, 8639007.046, 140
Trd, 8639007.379, 139
Trd, 8639009.179, 139
Trd, 8639010.712, 140
Trd, 8639011.079, 140
Trd, 8639011.179, 140
Trd, 8639011.612, 140
Trd, 8639011.812, 140
Trd, 8639012.112, 140
Trd, 8639013.279, 140
Trd, 8639013.412, 139
Trd, 8639013.579, 139
Trd, 8639013.946, 140
Trd, 8639015.412, 140
Trd, 8639016.279, 140
Trd, 8639016.312, 140
Trd, 8639017.479, 140
Trd, 8639017.512, 140
Trd, 8639017.712, 140
Trd, 8639017.846, 139
Trd, 8639017.979, 140
Trd, 8639018.279, 140
Trd, 8639019.012, 140
Trd, 8639019.246, 139
Trd, 8639019.479, 139
Trd, 8639020.412, 137
Trd, 8639020.479, 79
Trd, 8639021.879, 140
Trd, 8639022.079, 140
Trd, 8639022.112, 140
Trd, 8639022.579, 140
Trd, 8639023.779, 140
Trd, 8639024.112, 140
Trd, 8639024.146, 139
Trd, 8639024.679, 140
Trd, 8639025.779, 140
Trd, 8639025.812, 140
Trd, 8639026.279, 140
Trd, 8639026.579, 140
Trd, 8639026.779, 140
Trd, 8639027.912, 140
Trd, 8639028.312, 140
Trd, 8639028.779, 140
Trd, 8639029.279, 140
Trd, 8639029.879, 140
Trd, 8639030.146, 139
Trd, 8639030.746, 140
Trd, 8639031.346, 140
Trd, 8639031.946, 140
Trd, 8639032.479, 140
Trd, 8639032.512, 139
Trd, 8639033.112, 140
Trd, 8639033.279, 140
Trd, 8639034.112, 140
Trd, 8639034.279, 140
Trd, 8639035.646, 140
Trd, 8639036.012, 140
Trd, 8639036.212, 140
Trd, 8639036.979, 140
Trd, 8639037.012, 140
Trd, 8639037.846, 140
Trd, 8639037.979, 140
Trd, 8639038.612, 139
Trd, 8639038.712, 139
Trd, 8639039.112, 140
Trd, 8639039.246, 107
Trd, 8639040.012, 140
Trd, 8639040.712, 140
Trd, 8639040.946, 140
Trd, 8639042.112, 140
Trd, 8639042.346, 140
Trd, 8639043.079, 140
Trd, 8639043.346, 140
Trd, 8639045.146, 140
Trd, 8639045.712, 140
Trd, 8639045.912, 140
Trd, 8639046.079, 140
Trd, 8639046.246, 140
Trd, 8639046.779, 140
Trd, 8639047.012, 140
Trd, 8639047.512, 140
Trd, 8639047.546, 140
Trd, 8639047.912, 140
Trd, 8639047.946, 139
Trd, 8639049.946, 140
Trd, 8639050.079, 140
Trd, 8639050.279, 140
Trd, 8639050.479, 140
Trd, 8639050.779, 140
Trd, 8639051.012, 140
Trd, 8639051.146, 140
Trd, 8639051.379, 139
Trd, 8639052.879, 140
Trd, 8639053.179, 140
Trd, 8639053.679, 139
Trd, 8639053.712, 140
Trd, 8639054.246, 137
Trd, 8639054.279, 138
Trd, 8639055.079, 112
Trd, 8639055.512, 111
Trd, 8639055.979, 74
Trd, 8639056.279, 139
Trd, 8639056.946, 105
Trd, 8639058.379, 132
Trd, 8639058.712, 123
Trd, 8639058.812, 124
Trd, 8639059.712, 115
Trd, 8639060.379, 96
Trd, 8639060.479, 127
Trd, 8639060.612, 128
Trd, 8639060.679, 72
Trd, 8639060.946, 69
Trd, 8639061.179, 134
Trd, 8639062.079, 140
Trd, 8639062.146, 140
Trd, 8639062.179, 139
Trd, 8639062.479, 132
Trd, 8639063.646, 140
Trd, 8639064.212, 140
Trd, 8639064.779, 140
Trd, 8639065.079, 140
Trd, 8639065.146, 140
Trd, 8639066.446, 140
Trd, 8639066.846, 140
Trd, 8639066.946, 140
Trd, 8639067.346, 140
Trd, 8639068.912, 140
Trd, 8639069.212, 140
Trd, 8639069.412, 140
Trd, 8639070.046, 139
Trd, 8639070.479, 139
Trd, 8639070.579, 139
Trd, 8639071.446, 140
Trd, 8639071.879, 140
Trd, 8639072.979, 140
Trd, 8639073.212, 140
Trd, 8639073.479, 140
Trd, 8639073.679, 140
Trd, 8639073.779, 139
Trd, 8639073.846, 138
Trd, 8639074.246, 139
Trd, 8639075.179, 106
Trd, 8639075.279, 138
Trd, 8639075.379, 140
Trd, 8639075.646, 140
Trd, 8639075.879, 101
Trd, 8639076.912, 104
Trd, 8639077.546, 140
Trd, 8639078.179, 140
Trd, 8639079.179, 140
Trd, 8639079.512, 140
Trd, 8639079.812, 140
Trd, 8639080.012, 140
Trd, 8639080.579, 140
Trd, 8639080.812, 140
Trd, 8639081.246, 140
Trd, 8639082.612, 139
Trd, 8639083.646, 140
Trd, 8639084.379, 140
Trd, 8639084.412, 139
Trd, 8639084.512, 139
Trd, 8639084.646, 139
Trd, 8639084.812, 139
Trd, 8639085.179, 139
Trd, 8639085.479, 140
Trd, 8639085.546, 138
Trd, 8639085.879, 140
Trd, 8639086.246, 100
Trd, 8639086.912, 140
Trd, 8639088.446, 140
Trd, 8639089.012, 140
Trd, 8639089.546, 140
Trd, 8639089.646, 140
Trd, 8639089.712, 138
Trd, 8639090.946, 139
Trd, 8639091.346, 140
Trd, 8639091.912, 140
Trd, 8639092.479, 140
Trd, 8639093.479, 140
Trd, 8639094.012, 140
Trd, 8639094.146, 140
Trd, 8639094.512, 140
Trd, 8639095.479, 140
Trd, 8639095.612, 140
Trd, 8639095.779, 140
Trd, 8639095.979, 139
Trd, 8639096.012, 138
Trd, 8639096.212, 140
Trd, 8639096.946, 140
Trd, 8639098.112, 140
Trd, 8639099.312, 140
Trd, 8639100.112, 140
Trd, 8639100.446, 140
Trd, 8639100.479, 140
Trd, 8639100.646, 140
Trd, 8639101.112, 139
Trd, 8639101.512, 140
Trd, 8639102.312, 140
Trd, 8639103.312, 140
Trd, 8639103.946, 140
Trd, 8639105.946, 140
Trd, 8639106.046, 140
Trd, 8639106.212, 140
Trd, 8639106.379, 140
Trd, 8639107.046, 140
Trd, 8639107.612, 140
Trd, 8639107.812, 140
Trd, 8639108.246, 140
Trd, 8639108.812, 140
Trd, 8639109.446, 140
Trd, 8639109.712, 140
Trd, 8639109.879, 138
Trd, 8639110.579, 139
Trd, 8639110.812, 137
Trd, 8639111.012, 91
Trd, 8639111.846, 140
Trd, 8639112.546, 140
Trd, 8639112.912, 140
Trd, 8639113.046, 140
Trd, 8639113.146, 140
Trd, 8639114.612, 139
Trd, 8639114.846, 139
Trd, 8639115.079, 140
Trd, 8639116.079, 139
Trd, 8639117.879, 140
Trd, 8639118.079, 140
Trd, 8639118.246, 140
Trd, 8639118.779, 140
Trd, 8639118.812, 140
Trd, 8639119.712, 140
Trd, 8639120.546, 140
Trd, 8639120.579, 140
Trd, 8639120.679, 140
Trd, 8639121.212, 139
Trd, 8639122.379, 140
Trd, 8639122.612, 140
Trd, 8639123.179, 140
Trd, 8639123.712, 140
Trd, 8639123.912, 140
Trd, 8639125.179, 140
Trd, 8639125.446, 140
Trd, 8639126.312, 140
Trd, 8639126.446, 140
Trd, 8639126.579, 140
Trd, 8639126.979, 140
Trd, 8639128.046, 140
Trd, 8639128.112, 140
Trd, 8639129.179, 140
Trd, 8639129.546, 140
Trd, 8639129.646, 140
Trd, 8639130.046, 139
Trd, 8639130.179, 139
Trd, 8639130.579, 138
Trd, 8639130.779, 140
Trd, 8639132.346, 138
Trd, 8639132.412, 136
Trd, 8639133.112, 137
Trd, 8639133.712, 131
Trd, 8639133.746, 130
Trd, 8639134.246, 140
Trd, 8639134.379, 126
Trd, 8639135.612, 140
Trd, 8639135.879, 140
Trd, 8639136.346, 140
Trd, 8639137.046, 140
Trd, 8639137.079, 140
Trd, 8639137.979, 140
Trd, 8639138.679, 140
Trd, 8639139.179, 140
Trd, 8639139.712, 139
Trd, 8639140.179, 66
Trd, 8639140.646, 69
Trd, 8639140.946, 61
Trd, 8639141.246, 69
Trd, 8639141.279, 70
Trd, 8639141.946, 140
Trd, 8639142.179, 140
Trd, 8639142.779, 71
Trd, 8639143.179, 140
Trd, 8639144.179, 140
Trd, 8639144.546, 140
Trd, 8639144.879, 140
Trd, 8639144.912, 140
Trd, 8639145.746, 140
Trd, 8639145.946, 140
Trd, 8639146.846, 140
Trd, 8639147.212, 140
Trd, 8639147.746, 140
Trd, 8639147.879, 140
Trd, 8639148.312, 140
Trd, 8639148.746, 123
Trd, 8639149.012, 123
Trd, 8639149.612, 136
Trd, 8639150.046, 69
Trd, 8639150.246, 60
Trd, 8639150.279, 61
Trd, 8639150.379, 138
Trd, 8639151.479, 62
Trd, 8639152.646, 60
Trd, 8639153.979, 60
Trd, 8639154.012, 60
Trd, 8639154.046, 61
Trd, 8639154.479, 60
Trd, 8639155.012, 62
Trd, 8639155.079, 63
Trd, 8639155.312, 62
Trd, 8639155.446, 67
Trd, 8639155.512, 79
Trd, 8639156.146, 93
Trd, 8639156.479, 65
Trd, 8639158.279, 60
Trd, 8639158.612, 60
Trd, 8639159.912, 60
Trd, 8639160.112, 60
Trd, 8639160.179, 60
Trd, 8639160.512, 60
Trd, 8639160.746, 61
Trd, 8639161.012, 60
Trd, 8639161.546, 62
Trd, 8639162.346, 65
Trd, 8639162.612, 60
Trd, 8639162.746, 67
Trd, 8639162.812, 68
Trd, 8639163.446, 87
Trd, 8639163.812, 61
Trd, 8639164.746, 62
Trd, 8639164.812, 66
Trd, 8639165.346, 65
Trd, 8639166.346, 139
Trd, 8639166.646, 140
Trd, 8639166.812, 140
Trd, 8639167.412, 140
Trd, 8639167.646, 139
Trd, 8639168.279, 140
Trd, 8639168.679, 140
Trd, 8639169.512, 140
Trd, 8639169.779, 140
Trd, 8639170.179, 140
Trd, 8639170.446, 140
Trd, 8639170.679, 139
Trd, 8639170.846, 110
Trd, 8639171.446, 74
Trd, 8639171.546, 75
Trd, 8639171.579, 120
Trd, 8639172.646, 140
Trd, 8639173.079, 140
Trd, 8639173.146, 140
Trd, 8639173.246, 140
Trd, 8639173.979, 136
Trd, 8639174.846, 140
Trd, 8639174.946, 140
Trd, 8639175.312, 140
Trd, 8639175.946, 140
Trd, 8639176.546, 140
Trd, 8639176.679, 137
Trd, 8639177.246, 140
Trd, 8639178.012, 139
Trd, 8639178.046, 106
Trd, 8639180.246, 140
Trd, 8639180.379, 140
Trd, 8639181.012, 140
Trd, 8639181.179, 140
Trd, 8639181.446, 140
Trd, 8639181.812, 140
Trd, 8639182.312, 140
Trd, 8639183.312, 140
Trd, 8639183.746, 140
Trd, 8639184.712, 140
Trd, 8639185.146, 140
Trd, 8639185.346, 140
Trd, 8639185.512, 140
Trd, 8639185.746, 139
Trd, 8639187.346, 140
Trd, 8639187.679, 140
Trd, 8639188.179, 140
Trd, 8639188.512, 140
Trd, 8639188.779, 140
Trd, 8639189.279, 140
Trd, 8639190.446, 140
Trd, 8639191.046, 140
Trd, 8639191.212, 139
Trd, 8639191.312, 139
Trd, 8639191.446, 140
Trd, 8639191.846, 139
Trd, 8639192.479, 138
Trd, 8639193.046, 139
Trd, 8639193.179, 138
Trd, 8639193.212, 136
Trd, 8639193.679, 70
Trd, 8639193.979, 140
Trd, 8639195.079, 140
Trd, 8639195.379, 136
Trd, 8639195.879, 69
Trd, 8639196.112, 140
Trd, 8639196.679, 136
Trd, 8639196.912, 130
Trd, 8639197.479, 140
Trd, 8639197.812, 104
Trd, 8639198.446, 139
Trd, 8639198.512, 73
Trd, 8639198.979, 139
Trd, 8639199.512, 140
Trd, 8639199.712, 139
Trd, 8639200.546, 140
Trd, 8639202.379, 140
Trd, 8639202.712, 140
Trd, 8639203.146, 140
Trd, 8639203.246, 139
Trd, 8639203.746, 140
Trd, 8639204.046, 139
Trd, 8639204.146, 139
Trd, 8639204.346, 130
Trd, 8639204.646, 139
Trd, 8639205.046, 137
Trd, 8639205.746, 140
Trd, 8639205.779, 115
Trd, 8639206.012, 138
Trd, 8639206.112, 81
Trd, 8639206.479, 140
Trd, 8639206.879, 113
Trd, 8639207.012, 73
Trd, 8639207.746, 69
Trd, 8639209.046, 139
Trd, 8639209.312, 140
Trd, 8639209.479, 140
Trd, 8639209.746, 137
Trd, 8639210.746, 140
Trd, 8639211.546, 140
Trd, 8639212.146, 139
Trd, 8639212.546, 140
Trd, 8639212.612, 140
Trd, 8639212.712, 140
Trd, 8639213.046, 140
Trd, 8639213.846, 139
Trd, 8639214.079, 138
Trd, 8639214.512, 139
Trd, 8639215.112, 140
Trd, 8639215.946, 139
Trd, 8639216.079, 139
Trd, 8639216.779, 139
Trd, 8639216.812, 105
Trd, 8639218.179, 140
Trd, 8639219.146, 140
Trd, 8639219.212, 140
Trd, 8639220.012, 140
Trd, 8639220.179, 140
Trd, 8639220.246, 140
Trd, 8639220.279, 138
Trd, 8639220.579, 137
Trd, 8639220.912, 129
Trd, 8639221.346, 140
Trd, 8639221.379, 140
Trd, 8639221.979, 140
Trd, 8639222.179, 140
Trd, 8639223.779, 140
Trd, 8639224.046, 140
Trd, 8639224.612, 140
Trd, 8639224.679, 140
Trd, 8639225.312, 140
Trd, 8639226.012, 140
Trd, 8639226.112, 138
Trd, 8639227.446, 140
Trd, 8639227.579, 140
Trd, 8639228.146, 140
Trd, 8639228.612, 140
Trd, 8639229.112, 139
Trd, 8639229.312, 138
Trd, 8639229.546, 140
Trd, 8639230.012, 140
Trd, 8639230.212, 138
Trd, 8639231.212, 139
Trd, 8639231.412, 140
Trd, 8639231.779, 140
Trd, 8639232.546, 140
Trd, 8639233.346, 140
Trd, 8639233.412, 140
Trd, 8639233.446, 137
Trd, 8639234.346, 139
Trd, 8639234.912, 139
Trd, 8639235.612, 140
Trd, 8639235.679, 139
Trd, 8639235.712, 138
Trd, 8639235.812, 137
Trd, 8639236.912, 140
Trd, 8639237.879, 140
Trd, 8639238.812, 140
Trd, 8639239.012, 139
Trd, 8639239.512, 137
Trd, 8639239.879, 140
Trd, 8639241.212, 140
Trd, 8639241.346, 140
Trd, 8639241.679, 140
Trd, 8639242.046, 140
Trd, 8639242.112, 139
Trd, 8639242.546, 139
Trd, 8639242.646, 139
Trd, 8639242.779, 134
Trd, 8639243.046, 116
Trd, 8639244.579, 140
Trd, 8639244.679, 138
Trd, 8639245.146, 138
Trd, 8639245.579, 140
Trd, 8639245.846, 105
Trd, 8639247.179, 140
Trd, 8639248.079, 140
Trd, 8639248.946, 140
Trd, 8639249.346, 140
Trd, 8639250.512, 140
Trd, 8639251.112, 140
Trd, 8639251.346, 140
Trd, 8639251.412, 140
Trd, 8639251.446, 139
Trd, 8639251.979, 140
Trd, 8639252.479, 140
Trd, 8639253.679, 140
Trd, 8639253.946, 139
Trd, 8639254.346, 139
Trd, 8639255.246, 140
Trd, 8639255.612, 140
Trd, 8639256.512, 140
Trd, 8639256.579, 140
Trd, 8639256.779, 107
Trd, 8639257.046, 140
Trd, 8639257.679, 61
Trd, 8639258.146, 62
Trd, 8639258.546, 116
Trd, 8639258.679, 96
Trd, 8639259.246, 117
Trd, 8639259.446, 62
Trd, 8639260.412, 60
Trd, 8639261.279, 62
Trd, 8639261.412, 65
Trd, 8639261.479, 60
Trd, 8639262.012, 65
Trd, 8639262.446, 61
Trd, 8639262.946, 61
Trd, 8639263.112, 67
Trd, 8639263.146, 114
Trd, 8639263.479, 138
Trd, 8639264.479, 60
Trd, 8639264.812, 60
Trd, 8639265.379, 62
Trd, 8639265.412, 63
Trd, 8639265.679, 62
Trd, 8639265.779, 116
Trd, 8639266.712, 60
Trd, 8639267.346, 69
Trd, 8639268.012, 60
Trd, 8639269.212, 60
Trd, 8639269.446, 61
Trd, 8639269.746, 62
Trd, 8639269.879, 63
Trd, 8639270.512, 62
Trd, 8639270.612, 61
Trd, 8639270.912, 60
Trd, 8639271.012, 69
Trd, 8639272.012, 62
Trd, 8639272.179, 63
Trd, 8639272.412, 63
Trd, 8639272.479, 63
Trd, 8639272.612, 120
Trd, 8639273.479, 124
Trd, 8639273.512, 111
Trd, 8639275.012, 139
Trd, 8639275.479, 140
Trd, 8639276.412, 139
Trd, 8639276.812, 140
Trd, 8639276.946, 138
Trd, 8639277.512, 140
Trd, 8639277.812, 139
Trd, 8639278.212, 140
Trd, 8639278.846, 140
Trd, 8639279.646, 140
Trd, 8639280.612, 140
Trd, 8639281.112, 139
Trd, 8639281.412, 139
Trd, 8639282.179, 140
Trd, 8639282.412, 140
Trd, 8639283.146, 140
Trd, 8639283.346, 140
Trd, 8639283.579, 140
Trd, 8639283.912, 140
Trd, 8639285.279, 140
Trd, 8639285.579, 140
Trd, 8639285.812, 140
Trd, 8639286.746, 140
Trd, 8639287.112, 138
Trd, 8639287.146, 138
Trd, 8639287.179, 120
Trd, 8639287.646, 111
Trd, 8639287.946, 140
Trd, 8639288.746, 140
Trd, 8639289.146, 140
Trd, 8639290.079, 139
Trd, 8639291.812, 140
Trd, 8639293.179, 140
Trd, 8639293.912, 140
Trd, 8639294.146, 140
Trd, 8639294.379, 140
Trd, 8639294.479, 139
Trd, 8639295.012, 139
Trd, 8639295.579, 140
Trd, 8639295.812, 140
Trd, 8639296.112, 139
Trd, 8639296.412, 140
Trd, 8639297.546, 140
Trd, 8639297.979, 140
Trd, 8639298.046, 140
Trd, 8639298.146, 140
Trd, 8639298.846, 140
Trd, 8639299.779, 140
Trd, 8639300.112, 140
Trd, 8639300.146, 140
Trd, 8639300.346, 140
Trd, 8639300.679, 98
Trd, 8639301.179, 139
Trd, 8639302.246, 140
Trd, 8639302.512, 140
Trd, 8639304.712, 140
Trd, 8639304.746, 140
Trd, 8639305.479, 140
Trd, 8639306.146, 139
Trd, 8639306.346, 138
Trd, 8639306.846, 140
Trd, 8639306.879, 139
Trd, 8639307.146, 137
Trd, 8639307.512, 137
Trd, 8639307.812, 136
Trd, 8639308.179, 136
Trd, 8639308.746, 137
Trd, 8639308.946, 95
Trd, 8639309.046, 83
Trd, 8639309.612, 140
Trd, 8639309.646, 140
Trd, 8639311.946, 140
Trd, 8639312.346, 140
Trd, 8639313.912, 140
Trd, 8639314.079, 140
Trd, 8639314.346, 140
Trd, 8639314.946, 140
Trd, 8639315.146, 140
Trd, 8639315.312, 139
Trd, 8639315.746, 140
Trd, 8639316.812, 140
Trd, 8639317.146, 138
Trd, 8639317.446, 140
Trd, 8639317.712, 110
Trd, 8639318.646, 140
Trd, 8639318.746, 139
Trd, 8639319.012, 140
Trd, 8639319.179, 139
Trd, 8639319.479, 138
Trd, 8639319.646, 81
Trd, 8639320.312, 140
Trd, 8639320.579, 140
Trd, 8639322.212, 140
Trd, 8639322.346, 140
Trd, 8639322.879, 140
Trd, 8639323.012, 140
Trd, 8639323.212, 139
Trd, 8639323.312, 139
Trd, 8639323.579, 137
Trd, 8639324.346, 139
Trd, 8639324.579, 137
Trd, 8639325.146, 140
Trd, 8639325.579, 136
Trd, 8639325.646, 139
Trd, 8639325.879, 103
Trd, 8639325.912, 73
Trd, 8639325.946, 68
Trd, 8639326.012, 140
Trd, 8639326.746, 138
Trd, 8639327.212, 122
Trd, 8639328.012, 138
Trd, 8639328.179, 136
Trd, 8639328.479, 139
Trd, 8639329.346, 140
Trd, 8639329.846, 140
Trd, 8639330.346, 140
Trd, 8639330.379, 140
Trd, 8639330.646, 140
Trd, 8639330.812, 113
Trd, 8639331.612, 138
Trd, 8639332.612, 140
Trd, 8639332.646, 135
Trd, 8639334.179, 140
Trd, 8639334.646, 140
Trd, 8639335.412, 139
Trd, 8639335.446, 139
Trd, 8639335.579, 140
Trd, 8639336.646, 140
Trd, 8639337.079, 139
Trd, 8639337.179, 139
Trd, 8639337.579, 139
Trd, 8639338.046, 137
Trd, 8639338.079, 139
Trd, 8639338.146, 137
Trd, 8639339.012, 139
Trd, 8639339.812, 139
Trd, 8639339.912, 132
Trd, 8639340.612, 140
Trd, 8639341.246, 140
Trd, 8639341.746, 140
Trd, 8639342.546, 140
Trd, 8639342.612, 140
Trd, 8639342.912, 140
Trd, 8639343.079, 140
Trd, 8639344.346, 140
Trd, 8639344.446, 139
Trd, 8639344.546, 137
Trd, 8639345.012, 139
Trd, 8639345.546, 139
Trd, 8639345.879, 139
Trd, 8639346.946, 140
Trd, 8639347.012, 140
Trd, 8639347.946, 140
Trd, 8639348.612, 140
Trd, 8639348.712, 139
Trd, 8639348.812, 139
Trd, 8639348.846, 100
Trd, 8639350.312, 140
Trd, 8639350.379, 139
Trd, 8639351.379, 140
Trd, 8639351.812, 140
Trd, 8639352.112, 139
Trd, 8639352.179, 138
Trd, 8639352.512, 140
Trd, 8639353.346, 140
Trd, 8639353.612, 140
Trd, 8639355.512, 140
Trd, 8639355.546, 140
Trd, 8639356.179, 140
Trd, 8639356.712, 139
Trd, 8639356.946, 139
Trd, 8639358.146, 140
Trd, 8639358.212, 140
Trd, 8639359.112, 140
Trd, 8639359.546, 140
Trd, 8639360.479, 140
Trd, 8639361.779, 140
Trd, 8639361.846, 140
Trd, 8639362.079, 140
Trd, 8639362.579, 139
Trd, 8639363.312, 140
Trd, 8639363.379, 138
Trd, 8639363.812, 140
Trd, 8639366.446, 140
Trd, 8639366.612, 140
Trd, 8639367.046, 140
Trd, 8639367.146, 139
Trd, 8639367.312, 138
Trd, 8639368.179, 140
Trd, 8639368.712, 140
Trd, 8639369.679, 140
Trd, 8639370.146, 140
Trd, 8639370.446, 139
Trd, 8639371.212, 139
Trd, 8639371.446, 139
Trd, 8639372.046, 140
Trd, 8639372.079, 137
Trd, 8639372.412, 109
Trd, 8639372.479, 108
Trd, 8639373.012, 137
Trd, 8639373.746, 102
Trd, 8639373.879, 103
Trd, 8639375.546, 140
Trd, 8639375.846, 140
Trd, 8639376.479, 140
Trd, 8639377.012, 140
Trd, 8639377.279, 139
Trd, 8639377.612, 139
Trd, 8639378.012, 139
Trd, 8639378.546, 139
Trd, 8639378.812, 139
Trd, 8639379.879, 140
Trd, 8639380.012, 140
Trd, 8639380.079, 137
Trd, 8639380.379, 139
Trd, 8639380.846, 138
Trd, 8639381.346, 73
Trd, 8639381.679, 139
Trd, 8639383.412, 140
Trd, 8639383.679, 140
Trd, 8639383.746, 140
Trd, 8639384.212, 140
Trd, 8639384.312, 140
Trd, 8639385.379, 139
Trd, 8639385.746, 138
Trd, 8639386.112, 138
Trd, 8639386.179, 105
Trd, 8639386.379, 64
Trd, 8639386.646, 139
Trd, 8639387.312, 92
Trd, 8639387.446, 92
Trd, 8639388.446, 60
Trd, 8639388.846, 60
Trd, 8639389.079, 63
Trd, 8639389.712, 60
Trd, 8639390.446, 61
Trd, 8639390.812, 64
Trd, 8639391.279, 73
Trd, 8639391.312, 82
Trd, 8639392.146, 61
Trd, 8639392.379, 60
Trd, 8639392.712, 60
Trd, 8639393.379, 61
Trd, 8639393.412, 60
Trd, 8639393.579, 60
Trd, 8639394.346, 82
Trd, 8639394.679, 73
Trd, 8639394.712, 71
Trd, 8639395.079, 82
Trd, 8639395.312, 74
Trd, 8639395.812, 83
Trd, 8639395.912, 69
Trd, 8639396.446, 60
Trd, 8639396.512, 66
Trd, 8639397.479, 65
Trd, 8639397.712, 69
Trd, 8639398.879, 139
Trd, 8639398.912, 90
Trd, 8639399.279, 64
Trd, 8639399.879, 139
Trd, 8639400.612, 140
Trd, 8639400.712, 139
Trd, 8639400.879, 139
Trd, 8639401.712, 140
Trd, 8639402.046, 140
Trd, 8639402.379, 139
Trd, 8639403.079, 140
Trd, 8639403.212, 140
Trd, 8639403.446, 139
Trd, 8639403.779, 140
Trd, 8639405.146, 140
Trd, 8639406.046, 140
Trd, 8639406.146, 139
Trd, 8639407.612, 140
Trd, 8639408.246, 140
Trd, 8639408.346, 140
Trd, 8639408.746, 140
Trd, 8639409.612, 140
Trd, 8639409.712, 140
Trd, 8639410.479, 140
Trd, 8639410.979, 140
Trd, 8639411.412, 140
Trd, 8639411.546, 139
Trd, 8639411.746, 139
Trd, 8639412.012, 108
Trd, 8639412.679, 138
Trd, 8639413.246, 121
Trd, 8639413.346, 106
Trd, 8639413.546, 140
Trd, 8639414.679, 140
Trd, 8639415.079, 140
Trd, 8639415.712, 140
Trd, 8639416.512, 139
Trd, 8639416.946, 140
Trd, 8639417.079, 88
Trd, 8639417.879, 139
Trd, 8639419.379, 140
Trd, 8639419.412, 140
Trd, 8639419.446, 140
Trd, 8639419.979, 140
Trd, 8639420.146, 117
Trd, 8639421.646, 140
Trd, 8639421.679, 140
Trd, 8639421.846, 140
Trd, 8639421.946, 139
Trd, 8639422.346, 139
Trd, 8639422.612, 139
Trd, 8639422.712, 139
Trd, 8639422.846, 122
Trd, 8639423.612, 140
Trd, 8639424.179, 136
Trd, 8639424.279, 94
Trd, 8639424.346, 138
Trd, 8639424.612, 138
Trd, 8639424.746, 93
Trd, 8639426.446, 140
Trd, 8639427.346, 140
Trd, 8639427.612, 140
Trd, 8639428.146, 140
Trd, 8639429.012, 140
Trd, 8639429.346, 140
Trd, 8639429.712, 140
Trd, 8639430.046, 140
Trd, 8639430.179, 139
Trd, 8639430.479, 139
Trd, 8639431.379, 130
Trd, 8639433.012, 140
Trd, 8639433.046, 140
Trd, 8639433.879, 140
Trd, 8639433.912, 140
Trd, 8639434.012, 139
Trd, 8639434.412, 139
Trd, 8639435.546, 140
Trd, 8639435.812, 140
Trd, 8639436.546, 140
Trd, 8639436.612, 140
Trd, 8639437.446, 140
Trd, 8639438.046, 140
Trd, 8639438.112, 140
Trd, 8639438.312, 72
Trd, 8639438.512, 64
Trd, 8639438.712, 138
Trd, 8639439.012, 139
Trd, 8639439.346, 140
Trd, 8639439.812, 118
Trd, 8639441.212, 140
Trd, 8639441.246, 140
Trd, 8639441.379, 140
Trd, 8639442.046, 140
Trd, 8639442.179, 140
Trd, 8639442.379, 139
Trd, 8639443.646, 140
Trd, 8639444.212, 140
Trd, 8639444.546, 139
Trd, 8639444.612, 138
Trd, 8639445.379, 140
Trd, 8639445.446, 140
Trd, 8639445.646, 133
Trd, 8639446.012, 138
Trd, 8639446.446, 140
Trd, 8639446.879, 106
Trd, 8639448.312, 139
Trd, 8639448.546, 138
Trd, 8639448.646, 137
Trd, 8639451.412, 140
Trd, 8639451.479, 140
Trd, 8639451.646, 140
Trd, 8639451.979, 140
Trd, 8639452.179, 140
Trd, 8639452.246, 140
Trd, 8639452.646, 140
Trd, 8639452.712, 139
Trd, 8639452.912, 139
Trd, 8639453.246, 139
Trd, 8639453.779, 139
Trd, 8639454.746, 140
Trd, 8639454.979, 140
Trd, 8639455.079, 140
Trd, 8639455.112, 140
Trd, 8639455.146, 102
Trd, 8639456.379, 140
Trd, 8639457.579, 140
Trd, 8639457.646, 140
Trd, 8639458.279, 139
Trd, 8639458.479, 140
Trd, 8639458.879, 140
Trd, 8639458.912, 139
Trd, 8639459.712, 140
Trd, 8639459.846, 140
Trd, 8639460.146, 140
Trd, 8639460.246, 140
Trd, 8639460.879, 136
Trd, 8639461.312, 102
Trd, 8639461.379, 138
Trd, 8639462.179, 137
Trd, 8639462.646, 139
Trd, 8639463.246, 66
Trd, 8639463.912, 132
Trd, 8639464.446, 68
Trd, 8639464.646, 63
Trd, 8639465.179, 65
Trd, 8639465.246, 63
Trd, 8639465.679, 140
Trd, 8639466.446, 62
Trd, 8639466.812, 139
Trd, 8639467.512, 140
Trd, 8639468.612, 140
Trd, 8639469.012, 139
Trd, 8639469.579, 140
Trd, 8639470.046, 140
Trd, 8639470.179, 140
Trd, 8639470.379, 140
Trd, 8639470.879, 140
Trd, 8639471.146, 140
Trd, 8639471.312, 140
Trd, 8639471.346, 140
Trd, 8639471.379, 139
Trd, 8639471.912, 140
Trd, 8639472.412, 140
Trd, 8639472.746, 137
Trd, 8639473.079, 140
Trd, 8639473.846, 139
Trd, 8639473.912, 138
Trd, 8639474.546, 140
Trd, 8639475.512, 138
Trd, 8639475.546, 138
Trd, 8639476.479, 140
Trd, 8639477.412, 140
Trd, 8639478.179, 140
Trd, 8639479.846, 140
Trd, 8639479.946, 140
Trd, 8639480.012, 139
Trd, 8639480.312, 106
Trd, 8639481.379, 140
Trd, 8639481.646, 140
Trd, 8639482.379, 140
Trd, 8639482.546, 140
Trd, 8639482.579, 140
Trd, 8639482.912, 140
Trd, 8639483.112, 140
Trd, 8639483.546, 138
Trd, 8639483.979, 140
Trd, 8639484.246, 106
Trd, 8639484.546, 70
Trd, 8639485.812, 140
Trd, 8639486.979, 140
Trd, 8639487.279, 140
Trd, 8639487.812, 140
Trd, 8639487.912, 140
Trd, 8639489.012, 140
Trd, 8639489.112, 139
Trd, 8639489.379, 140
Trd, 8639489.712, 139
Trd, 8639490.246, 138
Trd, 8639490.412, 109
Trd, 8639490.446, 93
Trd, 8639492.346, 140
Trd, 8639492.646, 140
Trd, 8639492.879, 140
Trd, 8639493.412, 140
Trd, 8639493.646, 140
Trd, 8639494.046, 140
Trd, 8639494.446, 140
Trd, 8639494.579, 139
Trd, 8639494.912, 138
Trd, 8639495.612, 139
Trd, 8639495.646, 140
Trd, 8639496.112, 140
Trd, 8639497.112, 140
Trd, 8639497.812, 140
Trd, 8639498.179, 140
Trd, 8639499.746, 140
Trd, 8639500.912, 140
Trd, 8639500.946, 140
Trd, 8639501.246, 140
Trd, 8639501.412, 140
Trd, 8639501.479, 139
Trd, 8639501.712, 139
Trd, 8639501.946, 137
Trd, 8639501.979, 122
Trd, 8639502.879, 140
Trd, 8639503.146, 140
Trd, 8639503.812, 139
Trd, 8639504.612, 140
Trd, 8639504.646, 139
Trd, 8639505.179, 140
Trd, 8639505.279, 140
Trd, 8639506.246, 140
Trd, 8639506.546, 140
Trd, 8639506.979, 140
Trd, 8639507.046, 139
Trd, 8639507.446, 139
Trd, 8639508.112, 140
Trd, 8639509.279, 140
Trd, 8639509.879, 140
Trd, 8639510.179, 140
Trd, 8639510.279, 140
Trd, 8639510.712, 140
Trd, 8639510.746, 140
Trd, 8639511.512, 73
Trd, 8639512.012, 69
Trd, 8639512.112, 67
Trd, 8639512.246, 68
Trd, 8639512.579, 67
Trd, 8639513.046, 65
Trd, 8639513.112, 68
Trd, 8639514.879, 63
Trd, 8639514.912, 67
Trd, 8639515.312, 62
Trd, 8639515.879, 63
Trd, 8639516.512, 64
Trd, 8639516.712, 65
Trd, 8639517.379, 67
Trd, 8639517.679, 74
Trd, 8639518.746, 109
Trd, 8639518.779, 109
Trd, 8639519.179, 108
Trd, 8639519.579, 121
Trd, 8639519.646, 84
Trd, 8639520.646, 140
Trd, 8639520.946, 138
Trd, 8639521.446, 140
Trd, 8639521.846, 140
Trd, 8639522.012, 139
Trd, 8639522.546, 139
Trd, 8639522.946, 139
Trd, 8639524.046, 140
Trd, 8639524.746, 140
Trd, 8639525.112, 140
Trd, 8639525.179, 138
Trd, 8639526.079, 140
Trd, 8639526.946, 140
Trd, 8639527.179, 140
Trd, 8639528.246, 140
Trd, 8639528.279, 140
Trd, 8639528.612, 140
Trd, 8639528.679, 140
Trd, 8639528.846, 140
Trd, 8639529.612, 140
Trd, 8639529.712, 118
Trd, 8639531.179, 140
Trd, 8639531.579, 140
Trd, 8639531.779, 140
Trd, 8639532.879, 140
Trd, 8639533.646, 140
Trd, 8639533.746, 140
Trd, 8639534.146, 140
Trd, 8639534.212, 140
Trd, 8639534.312, 138
Trd, 8639534.746, 93
Trd, 8639535.546, 139
Trd, 8639535.812, 140
Trd, 8639535.912, 139
Trd, 8639536.679, 140
Trd, 8639537.012, 140
Trd, 8639538.379, 140
Trd, 8639538.612, 140
Trd, 8639538.846, 140
Trd, 8639539.279, 140
Trd, 8639539.379, 140
Trd, 8639539.612, 140
Trd, 8639539.679, 140
Trd, 8639540.912, 140
Trd, 8639541.746, 140
Trd, 8639542.146, 140
Trd, 8639542.179, 140
Trd, 8639542.479, 140
Trd, 8639543.812, 140
Trd, 8639543.912, 140
Trd, 8639544.479, 140
Trd, 8639544.546, 139
Trd, 8639544.679, 139
Trd, 8639544.812, 137
Trd, 8639545.546, 115
Trd, 8639545.612, 108
Trd, 8639546.246, 138
Trd, 8639546.379, 140
Trd, 8639547.279, 140
Trd, 8639548.512, 140
Trd, 8639548.879, 140
Trd, 8639549.012, 140
Trd, 8639549.112, 140
Trd, 8639549.412, 140
Trd, 8639549.779, 140
Trd, 8639549.912, 140
Trd, 8639550.479, 140
Trd, 8639550.546, 139
Trd, 8639550.879, 137
Trd, 8639551.112, 135
Trd, 8639551.312, 139
Trd, 8639552.912, 140
Trd, 8639554.046, 140
Trd, 8639554.212, 140
Trd, 8639554.246, 140
Trd, 8639554.412, 140
Trd, 8639555.712, 140
Trd, 8639555.979, 140
Trd, 8639556.046, 140
Trd, 8639556.112, 139
Trd, 8639556.979, 140
Trd, 8639557.779, 140
Trd, 8639558.979, 140
Trd, 8639559.012, 140
Trd, 8639559.712, 140
Trd, 8639560.246, 139
Trd, 8639560.279, 134
Trd, 8639560.546, 113
Trd, 8639561.446, 137
Trd, 8639561.912, 139
Trd, 8639561.946, 84
Trd, 8639562.479, 140
Trd, 8639563.146, 140
Trd, 8639563.246, 140
Trd, 8639563.479, 140
Trd, 8639564.212, 140
Trd, 8639565.412, 140
Trd, 8639565.646, 140
Trd, 8639565.746, 140
Trd, 8639566.212, 139
Trd, 8639566.412, 140
Trd, 8639567.012, 140
Trd, 8639567.846, 140
Trd, 8639567.912, 139
Trd, 8639568.246, 139
Trd, 8639568.412, 138
Trd, 8639569.446, 140
Trd, 8639569.512, 140
Trd, 8639571.412, 140
Trd, 8639571.546, 140
Trd, 8639572.046, 140
Trd, 8639572.446, 140
Trd, 8639573.246, 140
Trd, 8639573.346, 140
Trd, 8639573.979, 140
Trd, 8639574.912, 140
Trd, 8639575.046, 139
Trd, 8639575.246, 138
Trd, 8639576.212, 140
Trd, 8639576.746, 139
Trd, 8639577.079, 140
Trd, 8639578.512, 140
Trd, 8639578.712, 140
Trd, 8639578.979, 140
Trd, 8639580.212, 140
Trd, 8639580.279, 140
Trd, 8639580.746, 140
Trd, 8639580.779, 139
Trd, 8639581.979, 140
Trd, 8639582.112, 139
Trd, 8639582.346, 140
Trd, 8639583.579, 140
Trd, 8639583.879, 140
Trd, 8639584.779, 140
Trd, 8639585.346, 140
Trd, 8639586.046, 140
Trd, 8639586.279, 140
Trd, 8639586.479, 139
Trd, 8639586.679, 139
Trd, 8639587.312, 140
Trd, 8639587.479, 140
Trd, 8639587.846, 140
Trd, 8639588.512, 140
Trd, 8639589.012, 140
Trd, 8639590.846, 140
Trd, 8639591.046, 140
Trd, 8639591.812, 139
Trd, 8639592.012, 140
Trd, 8639592.446, 140
Trd, 8639593.779, 140
Trd, 8639593.846, 140
Trd, 8639594.246, 140
Trd, 8639594.512, 140
Trd, 8639594.712, 139
Trd, 8639594.879, 139
Trd, 8639594.912, 139
Trd, 8639595.412, 140
Trd, 8639595.512, 140
Trd, 8639596.446, 64
Trd, 8639596.946, 136
Trd, 8639598.012, 139
Trd, 8639598.446, 108
Trd, 8639598.779, 130
Trd, 8639598.979, 102
Trd, 8639599.046, 135
Trd, 8639599.179, 119
Trd, 8639599.446, 103
Trd, 8639599.579, 101
Trd, 8639600.246, 139
Trd, 8639600.379, 95
Trd, 8639601.146, 139
Trd, 8639601.879, 139
Trd, 8639601.946, 139
Trd, 8639602.546, 140
Trd, 8639602.846, 140
Trd, 8639602.912, 140
Trd, 8639603.046, 138
Trd, 8639604.579, 140
Trd, 8639604.712, 140
Trd, 8639606.446, 140
Trd, 8639606.912, 140
Trd, 8639607.079, 140
Trd, 8639607.546, 140
Trd, 8639607.912, 139
Trd, 8639608.879, 140
Trd, 8639608.912, 140
Trd, 8639609.212, 140
Trd, 8639609.746, 140
Trd, 8639609.812, 140
Trd, 8639609.946, 140
Trd, 8639611.412, 140
Trd, 8639612.846, 140
Trd, 8639613.112, 140
Trd, 8639613.412, 140
Trd, 8639613.746, 140
Trd, 8639613.846, 140
Trd, 8639613.879, 139
Trd, 8639614.412, 135
Trd, 8639615.446, 119
Trd, 8639615.746, 73
Trd, 8639615.879, 74
Trd, 8639616.412, 127
Trd, 8639617.112, 101
Trd, 8639617.279, 136
Trd, 8639617.446, 137
Trd, 8639617.812, 140
Trd, 8639618.379, 61
Trd, 8639619.246, 65
Trd, 8639619.512, 64
Trd, 8639620.412, 64
Trd, 8639620.546, 64
Trd, 8639621.046, 76
Trd, 8639621.512, 82
Trd, 8639621.712, 138
Trd, 8639621.846, 63
Trd, 8639622.812, 140
Trd, 8639624.079, 140
Trd, 8639624.679, 140
Trd, 8639625.179, 140
Trd, 8639625.612, 140
Trd, 8639625.646, 140
Trd, 8639625.746, 139
Trd, 8639627.212, 140
Trd, 8639627.246, 140
Trd, 8639627.446, 140
Trd, 8639628.146, 139
Trd, 8639628.279, 139
Trd, 8639628.379, 138
Trd, 8639628.679, 140
Trd, 8639628.712, 138
Trd, 8639629.546, 140
Trd, 8639630.046, 136
Trd, 8639631.212, 140
Trd, 8639631.379, 139
Trd, 8639631.546, 139
Trd, 8639632.212, 140
Trd, 8639632.646, 140
Trd, 8639632.879, 140
Trd, 8639633.179, 140
Trd, 8639633.512, 139
Trd, 8639634.079, 76
Trd, 8639634.212, 137
Trd, 8639634.312, 140
Trd, 8639634.679, 137
Trd, 8639635.612, 60
Trd, 8639635.679, 61
Trd, 8639636.012, 83
Trd, 8639636.212, 122
Trd, 8639636.379, 62
Trd, 8639636.512, 63
Trd, 8639637.612, 100
Trd, 8639637.879, 101
Trd, 8639638.646, 140
Trd, 8639639.679, 140
Trd, 8639639.812, 140
Trd, 8639640.112, 140
Trd, 8639640.512, 140
Trd, 8639640.812, 140
Trd, 8639642.179, 140
Trd, 8639642.612, 140
Trd, 8639642.712, 140
Trd, 8639643.579, 140
Trd, 8639644.146, 140
Trd, 8639645.312, 140
Trd, 8639645.412, 139
Trd, 8639645.579, 139
Trd, 8639645.612, 137
Trd, 8639646.279, 140
Trd, 8639649.079, 140
Trd, 8639649.579, 140
Trd, 8639649.779, 140
Trd, 8639650.612, 140
Trd, 8639651.179, 140
Trd, 8639651.312, 140
Trd, 8639652.112, 140
Trd, 8639652.312, 139
Trd, 8639652.412, 139
Trd, 8639652.846, 140
Trd, 8639653.879, 140
Trd, 8639654.412, 140
Trd, 8639655.679, 140
Trd, 8639656.146, 140
Trd, 8639656.479, 139
Trd, 8639656.512, 139
Trd, 8639656.712, 139
Trd, 8639657.212, 138
Trd, 8639657.779, 140
Trd, 8639658.179, 140
Trd, 8639658.679, 140
Trd, 8639658.979, 139
Trd, 8639660.046, 140
Trd, 8639660.246, 140
Trd, 8639660.412, 139
Trd, 8639660.546, 140
Trd, 8639660.846, 140
Trd, 8639661.946, 140
Trd, 8639662.112, 140
Trd, 8639662.279, 137
Trd, 8639662.779, 139
Trd, 8639663.246, 139
Trd, 8639663.279, 138
Trd, 8639663.879, 139
Trd, 8639664.512, 139
Trd, 8639664.912, 139
Trd, 8639665.646, 112
Trd, 8639666.379, 140
Trd, 8639666.446, 110
Trd, 8639666.546, 85
Trd, 8639666.912, 61
Trd, 8639667.779, 60
Trd, 8639667.946, 60
Trd, 8639668.012, 61
Trd, 8639668.212, 62
Trd, 8639668.446, 68
Trd, 8639668.746, 61
Trd, 8639669.346, 63
Trd, 8639669.712, 69
Trd, 8639669.746, 123
Trd, 8639670.512, 61
Trd, 8639671.012, 62
Trd, 8639671.779, 63
Trd, 8639672.679, 70
Trd, 8639673.879, 60
Trd, 8639674.279, 60
Trd, 8639674.346, 60
Trd, 8639674.579, 62
Trd, 8639674.746, 60
Trd, 8639675.112, 69
Trd, 8639675.412, 61
Trd, 8639675.479, 63
Trd, 8639675.646, 140
Trd, 8639676.046, 140
Trd, 8639676.979, 140
Trd, 8639677.479, 139
Trd, 8639677.579, 139
Trd, 8639677.879, 140
Trd, 8639679.312, 140
Trd, 8639681.079, 140
Trd, 8639681.279, 140
Trd, 8639682.112, 140
Trd, 8639682.412, 139
Trd, 8639683.146, 140
Trd, 8639684.312, 140
Trd, 8639684.612, 140
Trd, 8639684.779, 140
Trd, 8639684.812, 140
Trd, 8639685.046, 140
Trd, 8639685.412, 139
Trd, 8639686.012, 140
Trd, 8639686.112, 139
Trd, 8639686.712, 140
Trd, 8639687.046, 139
Trd, 8639687.712, 138
Trd, 8639688.246, 98
Trd, 8639689.279, 140
Trd, 8639690.846, 140
Trd, 8639691.246, 140
Trd, 8639691.679, 139
Trd, 8639691.779, 140
Trd, 8639691.946, 140
Trd, 8639692.412, 140
Trd, 8639692.579, 140
Trd, 8639693.112, 139
Trd, 8639693.746, 139
Trd, 8639694.179, 140
Trd, 8639694.446, 140
Trd, 8639696.112, 139
Trd, 8639697.212, 140
Trd, 8639697.446, 140
Trd, 8639698.012, 140
Trd, 8639698.979, 140
Trd, 8639700.046, 140
Trd, 8639700.112, 140
Trd, 8639700.846, 140
Trd, 8639701.179, 140
Trd, 8639701.246, 140
Trd, 8639701.312, 139
Trd, 8639701.446, 139
Trd, 8639702.079, 140
Trd, 8639702.146, 140
Trd, 8639704.046, 140
Trd, 8639704.312, 140
Trd, 8639705.512, 140
Trd, 8639706.112, 140
Trd, 8639706.746, 140
Trd, 8639707.179, 140
Trd, 8639707.512, 140
Trd, 8639707.612, 140
Trd, 8639708.079, 140
Trd, 8639708.246, 140
Trd, 8639708.279, 140
Trd, 8639708.379, 139
Trd, 8639709.412, 140
Trd, 8639709.879, 140
Trd, 8639710.112, 140
Trd, 8639711.179, 140
Trd, 8639712.579, 139
Trd, 8639713.212, 140
Trd, 8639713.846, 140
Trd, 8639714.012, 140
Trd, 8639714.746, 138
Trd, 8639715.312, 140
Trd, 8639715.579, 140
Trd, 8639715.912, 140
Trd, 8639716.279, 140
Trd, 8639716.612, 140
Trd, 8639717.012, 140
Trd, 8639717.346, 140
Trd, 8639717.512, 139
Trd, 8639717.979, 140
Trd, 8639719.446, 140
Trd, 8639719.946, 140
Trd, 8639720.046, 140
Trd, 8639720.146, 139
Trd, 8639720.912, 140
Trd, 8639721.912, 140
Trd, 8639722.112, 139
Trd, 8639722.846, 140
Trd, 8639722.879, 139
Trd, 8639723.112, 139
Trd, 8639723.646, 140
Trd, 8639724.279, 140
Trd, 8639724.546, 140
Trd, 8639726.179, 140
Trd, 8639726.312, 140
Trd, 8639726.512, 140
Trd, 8639726.812, 140
Trd, 8639727.979, 140
Trd, 8639728.146, 139
Trd, 8639728.946, 86
Trd, 8639729.812, 140
Trd, 8639730.179, 140
Trd, 8639730.746, 140
Trd, 8639730.812, 140
Trd, 8639731.079, 140
Trd, 8639731.512, 140
Trd, 8639731.912, 140
Trd, 8639732.479, 140
Trd, 8639732.712, 140
Trd, 8639732.846, 140
Trd, 8639733.679, 140
Trd, 8639733.746, 139
Trd, 8639734.212, 140
Trd, 8639735.479, 140
Trd, 8639735.679, 140
Trd, 8639735.879, 140
Trd, 8639736.246, 140
Trd, 8639736.312, 140
Trd, 8639736.412, 140
Trd, 8639736.612, 140
Trd, 8639737.046, 116
Trd, 8639737.146, 81
Trd, 8639738.712, 140
Trd, 8639739.246, 140
Trd, 8639739.946, 140
Trd, 8639740.179, 140
Trd, 8639740.379, 140
Trd, 8639740.946, 140
Trd, 8639741.879, 140
Trd, 8639741.912, 140
Trd, 8639741.979, 139
Trd, 8639742.312, 139
Trd, 8639742.479, 139
Trd, 8639743.379, 140
Trd, 8639744.112, 140
Trd, 8639744.679, 139
Trd, 8639744.879, 139
Trd, 8639745.079, 139
Trd, 8639745.346, 139
Trd, 8639745.479, 140
Trd, 8639746.046, 140
Trd, 8639746.212, 104
Trd, 8639747.012, 140
Trd, 8639747.046, 139
Trd, 8639747.346, 139
Trd, 8639747.612, 139
Trd, 8639748.246, 124
Trd, 8639748.412, 123
Trd, 8639749.146, 140
Trd, 8639749.312, 139
Trd, 8639749.379, 139
Trd, 8639750.312, 138
Trd, 8639751.679, 140
Trd, 8639752.679, 140
Trd, 8639753.146, 140
Trd, 8639753.479, 140
Trd, 8639754.746, 140
Trd, 8639754.812, 140
Trd, 8639754.946, 140
Trd, 8639755.412, 140
Trd, 8639755.712, 140
Trd, 8639755.846, 140
Trd, 8639756.646, 140
Trd, 8639757.412, 140
Trd, 8639757.612, 139
Trd, 8639758.379, 139
Trd, 8639758.646, 137
Trd, 8639758.746, 138
Trd, 8639759.279, 139
Trd, 8639759.412, 110
Trd, 8639760.412, 140
Trd, 8639760.546, 139
Trd, 8639761.312, 139
Trd, 8639761.479, 139
Trd, 8639762.246, 140
Trd, 8639762.779, 139
Trd, 8639763.179, 140
Trd, 8639763.212, 140
Trd, 8639763.379, 140
Trd, 8639764.679, 140
Trd, 8639765.179, 140
Trd, 8639765.212, 140
Trd, 8639765.712, 140
Trd, 8639765.779, 98
Trd, 8639766.312, 140
Trd, 8639767.712, 139
Trd, 8639768.479, 139
Trd, 8639768.512, 138
Trd, 8639768.846, 66
Trd, 8639769.446, 139
Trd, 8639770.579, 139
Trd, 8639770.812, 138
Trd, 8639771.346, 140
Trd, 8639771.712, 140
Trd, 8639771.779, 140
Trd, 8639773.012, 140
Trd, 8639773.079, 139
Trd, 8639773.312, 140
Trd, 8639773.546, 140
Trd, 8639773.712, 139
Trd, 8639774.279, 139
Trd, 8639775.346, 140
Trd, 8639775.512, 139
Trd, 8639775.679, 137
Trd, 8639775.846, 100
Trd, 8639776.146, 137
Trd, 8639776.712, 136
Trd, 8639778.446, 140
Trd, 8639778.479, 139
Trd, 8639778.846, 140
Trd, 8639779.079, 140
Trd, 8639779.646, 138
Trd, 8639779.846, 138
Trd, 8639780.579, 140
Trd, 8639782.112, 140
Trd, 8639782.146, 140
Trd, 8639783.146, 140
Trd, 8639784.879, 140
Trd, 8639784.912, 140
Trd, 8639785.279, 140
Trd, 8639785.946, 140
Trd, 8639786.412, 140
Trd, 8639786.746, 140
Trd, 8639787.412, 140
Trd, 8639787.679, 140
Trd, 8639788.146, 140
Trd, 8639788.946, 140
Trd, 8639789.046, 140
Trd, 8639789.079, 140
Trd, 8639789.879, 140
Trd, 8639790.379, 140
Trd, 8639790.812, 140
Trd, 8639791.212, 140
Trd, 8639791.579, 139
Trd, 8639791.746, 139
Trd, 8639792.246, 138
Trd, 8639792.579, 140
Trd, 8639792.846, 140
Trd, 8639792.879, 139
Trd, 8639793.412, 89
Trd, 8639793.546, 67
Trd, 8639793.779, 63
Trd, 8639794.179, 116
Trd, 8639796.579, 140
Trd, 8639796.746, 140
Trd, 8639796.979, 140
Trd, 8639797.512, 140
Trd, 8639797.879, 140
Trd, 8639799.112, 140
Trd, 8639799.379, 140
Trd, 8639799.746, 140
Trd, 8639800.479, 140
Trd, 8639800.612, 140
Trd, 8639801.212, 140
Trd, 8639802.179, 140
Trd, 8639802.246, 140
Trd, 8639802.579, 140
Trd, 8639802.846, 140
Trd, 8639803.279, 140
Trd, 8639803.479, 140
Trd, 8639803.912, 139
Trd, 8639804.346, 140
Trd, 8639805.846, 140
Trd, 8639806.046, 140
Trd, 8639806.179, 140
Trd, 8639806.946, 140
Trd, 8639808.146, 140
Trd, 8639808.846, 140
Trd, 8639808.946, 140
Trd, 8639810.212, 140
Trd, 8639810.479, 140
Trd, 8639811.046, 140
Trd, 8639811.179, 140
Trd, 8639811.312, 139
Trd, 8639811.446, 139
Trd, 8639811.579, 138
Trd, 8639811.612, 137
Trd, 8639811.912, 139
Trd, 8639812.912, 112
Trd, 8639813.679, 140
Trd, 8639814.579, 140
Trd, 8639814.946, 140
Trd, 8639815.212, 140
Trd, 8639816.012, 140
Trd, 8639816.312, 140
Trd, 8639816.412, 140
Trd, 8639816.479, 139
Trd, 8639818.279, 140
Trd, 8639818.412, 140
Trd, 8639819.712, 140
Trd, 8639820.079, 140
Trd, 8639820.179, 140
Trd, 8639820.846, 140
Trd, 8639821.379, 140
Trd, 8639821.446, 140
Trd, 8639821.546, 140
Trd, 8639821.679, 140
Trd, 8639822.212, 140
Trd, 8639822.346, 140
Trd, 8639823.046, 140
Trd, 8639823.146, 140
Trd, 8639824.046, 140
Trd, 8639825.012, 140
Trd, 8639825.179, 139
Trd, 8639825.446, 140
Trd, 8639825.646, 140
Trd, 8639826.079, 139
Trd, 8639827.046, 140
Trd, 8639827.579, 140
Trd, 8639828.612, 140
Trd, 8639829.846, 140
Trd, 8639829.979, 140
Trd, 8639830.912, 140
Trd, 8639831.179, 140
Trd, 8639831.579, 140
Trd, 8639832.479, 140
Trd, 8639833.246, 140
Trd, 8639833.446, 140
Trd, 8639833.546, 140
Trd, 8639833.612, 140
Trd, 8639834.046, 139
Trd, 8639834.246, 140
Trd, 8639834.746, 140
Trd, 8639834.912, 140
Trd, 8639834.979, 140
Trd, 8639835.346, 140
Trd, 8639837.179, 140
Trd, 8639837.246, 140
Trd, 8639837.712, 140
Trd, 8639838.546, 140
Trd, 8639838.746, 140
Trd, 8639840.212, 140
Trd, 8639840.312, 140
Trd, 8639841.979, 140
Trd, 8639842.112, 140
Trd, 8639842.512, 140
Trd, 8639843.012, 140
Trd, 8639843.212, 140
Trd, 8639843.479, 140
Trd, 8639844.079, 140
Trd, 8639844.646, 140
Trd, 8639844.712, 140
Trd, 8639845.179, 140
Trd, 8639845.646, 139
Trd, 8639845.912, 132
Trd, 8639846.146, 134
Trd, 8639846.346, 76
Trd, 8639846.579, 137
Trd, 8639848.779, 140
Trd, 8639849.046, 139
Trd, 8639849.746, 140
Trd, 8639849.779, 139
Trd, 8639850.079, 136
Trd, 8639850.712, 140
Trd, 8639851.312, 138
Trd, 8639851.412, 137
Trd, 8639852.712, 140
Trd, 8639854.812, 140
Trd, 8639855.212, 140
Trd, 8639855.346, 140
Trd, 8639855.446, 140
Trd, 8639855.512, 140
Trd, 8639855.712, 139
Trd, 8639855.846, 136
Trd, 8639856.412, 136
Trd, 8639856.479, 137
Trd, 8639857.146, 74
Trd, 8639857.246, 67
Trd, 8639857.946, 140
Trd, 8639859.079, 140
Trd, 8639859.112, 140
Trd, 8639859.246, 140
Trd, 8639859.546, 140
Trd, 8639860.212, 140
Trd, 8639860.746, 140
Trd, 8639860.946, 139
Trd, 8639861.912, 140
Trd, 8639862.512, 140
Trd, 8639863.379, 140
Trd, 8639863.512, 139
Trd, 8639863.679, 138
Trd, 8639864.479, 140
Trd, 8639864.579, 140
Trd, 8639864.712, 139
Trd, 8639865.646, 140
Trd, 8639866.746, 140
Trd, 8639866.946, 140
Trd, 8639868.046, 140
Trd, 8639868.079, 140
Trd, 8639868.812, 140
Trd, 8639869.246, 140
Trd, 8639869.379, 140
Trd, 8639869.579, 139
Trd, 8639870.279, 139
Trd, 8639870.679, 139
Trd, 8639870.812, 140
Trd, 8639872.512, 140
Trd, 8639872.579, 140
Trd, 8639872.746, 140
Trd, 8639872.912, 140
Trd, 8639873.079, 140
Trd, 8639873.112, 139
Trd, 8639874.012, 140
Trd, 8639875.279, 140
Trd, 8639876.079, 140
Trd, 8639877.512, 140
Trd, 8639877.646, 140
Trd, 8639877.779, 140
Trd, 8639878.146, 139
Trd, 8639878.246, 140
Trd, 8639878.612, 139
Trd, 8639879.079, 139
Trd, 8639879.546, 140
Trd, 8639880.679, 139
Trd, 8639881.012, 140
Trd, 8639881.146, 138
Trd, 8639881.579, 138
Trd, 8639882.146, 140
Trd, 8639883.212, 140
Trd, 8639883.279, 140
Trd, 8639883.646, 140
Trd, 8639883.846, 140
Trd, 8639884.046, 139
Trd, 8639884.112, 139
Trd, 8639884.946, 140
Trd, 8639885.879, 140
Trd, 8639885.912, 140
Trd, 8639885.979, 140
Trd, 8639886.112, 137
Trd, 8639886.979, 140
Trd, 8639887.512, 139
Trd, 8639888.479, 138
Trd, 8639889.046, 139
Trd, 8639889.912, 139
Trd, 8639890.446, 140
Trd, 8639890.612, 139
Trd, 8639890.912, 140
Trd, 8639891.079, 139
Trd, 8639891.612, 138
Trd, 8639891.646, 137
Trd, 8639892.412, 104
Trd, 8639892.712, 133
Trd, 8639892.879, 104
Trd, 8639893.146, 135
Trd, 8639893.512, 140
Trd, 8639895.779, 140
Trd, 8639895.879, 140
Trd, 8639896.279, 140
Trd, 8639896.646, 140
Trd, 8639897.746, 140
Trd, 8639898.046, 140
Trd, 8639898.879, 140
Trd, 8639899.046, 140
Trd, 8639899.779, 140
Trd, 8639900.512, 140
Trd, 8639901.279, 140
Trd, 8639901.446, 140
Trd, 8639902.979, 140
Trd, 8639903.479, 140
Trd, 8639903.546, 140
Trd, 8639903.946, 140
Trd, 8639904.246, 140
Trd, 8639904.679, 140
Trd, 8639904.779, 140
Trd, 8639905.612, 140
Trd, 8639905.812, 140
Trd, 8639906.012, 140
Trd, 8639906.312, 140
Trd, 8639906.479, 139
Trd, 8639907.612, 140
Trd, 8639907.912, 140
Trd, 8639908.212, 140
Trd, 8639909.412, 140
Trd, 8639909.979, 140
Trd, 8639910.612, 140
Trd, 8639911.679, 140
Trd, 8639911.846, 140
Trd, 8639912.146, 140
Trd, 8639912.446, 140
Trd, 8639913.812, 140
Trd, 8639913.979, 140
Trd, 8639914.512, 140
Trd, 8639915.046, 140
Trd, 8639915.612, 140
Trd, 8639916.479, 140
Trd, 8639916.679, 140
Trd, 8639916.879, 140
Trd, 8639917.346, 140
Trd, 8639917.546, 140
Trd, 8639917.712, 140
Trd, 8639918.146, 140
Trd, 8639918.512, 139
Trd, 8639919.546, 140
Trd, 8639919.846, 139
Trd, 8639919.879, 116
Trd, 8639920.212, 134
Trd, 8639920.412, 137
Trd, 8639920.612, 94
Trd, 8639921.179, 138
Trd, 8639921.746, 67
Trd, 8639922.879, 60
Trd, 8639922.912, 66
Trd, 8639923.046, 111
Trd, 8639923.579, 62
Trd, 8639924.079, 66
Trd, 8639924.346, 63
Trd, 8639924.412, 66
Trd, 8639924.512, 67
Trd, 8639924.912, 139
Trd, 8639925.079, 64
Trd, 8639925.746, 64
Trd, 8639926.146, 68
Trd, 8639926.312, 69
Trd, 8639926.712, 128
Trd, 8639926.779, 62
Trd, 8639926.946, 62
Trd, 8639927.179, 63
Trd, 8639928.379, 62
Trd, 8639929.146, 69
Trd, 8639929.179, 78
Trd, 8639929.946, 132
Trd, 8639930.812, 66
Trd, 8639931.612, 62
Trd, 8639931.912, 61
Trd, 8639932.146, 62
Trd, 8639932.179, 115
Trd, 8639932.746, 61
Trd, 8639933.479, 60
Trd, 8639933.679, 63
Trd, 8639933.712, 64
Trd, 8639934.146, 73
Trd, 8639934.379, 140
Trd, 8639935.279, 140
Trd, 8639937.079, 140
Trd, 8639937.412, 140
Trd, 8639937.579, 140
Trd, 8639937.812, 140
Trd, 8639937.979, 140
Trd, 8639938.246, 135
Trd, 8639938.812, 139
Trd, 8639939.546, 140
Trd, 8639939.579, 140
Trd, 8639941.246, 140
Trd, 8639941.346, 140
Trd, 8639942.112, 138
Trd, 8639942.646, 139
Trd, 8639942.812, 84
Trd, 8639943.579, 140
Trd, 8639943.746, 140
Trd, 8639945.279, 140
Trd, 8639945.512, 139
Trd, 8639945.846, 139
Trd, 8639947.146, 140
Trd, 8639947.279, 139
Trd, 8639947.379, 140
Trd, 8639947.512, 138
Trd, 8639948.212, 140
Trd, 8639948.879, 140
Trd, 8639949.279, 138
Trd, 8639949.346, 140
Trd, 8639949.679, 134
Trd, 8639949.746, 136
Trd, 8639950.312, 127
Trd, 8639951.046, 109
Trd, 8639951.279, 108
Trd, 8639952.046, 60
Trd, 8639952.212, 70
Trd, 8639952.246, 125
Trd, 8639952.512, 60
Trd, 8639953.412, 113
Trd, 8639954.212, 139
Trd, 8639954.779, 114
Trd, 8639955.212, 138
Trd, 8639955.346, 138
Trd, 8639955.612, 140
Trd, 8639956.012, 137
Trd, 8639956.746, 113
Trd, 8639957.479, 140
Trd, 8639957.612, 104
Trd, 8639958.279, 139
Trd, 8639959.079, 140
Trd, 8639960.112, 140
Trd, 8639960.379, 140
Trd, 8639960.579, 138
Trd, 8639961.412, 140
Trd, 8639962.012, 140
Trd, 8639962.512, 140
Trd, 8639963.012, 140
Trd, 8639963.212, 140
Trd, 8639963.279, 110
Trd, 8639964.379, 139
Trd, 8639964.779, 90
Trd, 8639964.846, 138
Trd, 8639965.079, 83
Trd, 8639965.646, 95
Trd, 8639966.512, 85
Trd, 8639967.112, 125
Trd, 8639967.379, 128
Trd, 8639967.446, 130
Trd, 8639968.679, 140
Trd, 8639969.212, 140
Trd, 8639969.346, 140
Trd, 8639969.379, 139
Trd, 8639970.012, 140
Trd, 8639970.112, 124
Trd, 8639971.746, 140
Trd, 8639971.779, 140
Trd, 8639971.812, 140
Trd, 8639972.779, 140
Trd, 8639973.646, 140
Trd, 8639974.312, 140
Trd, 8639975.446, 140
Trd, 8639975.912, 140
Trd, 8639976.546, 140
Trd, 8639976.746, 140
Trd, 8639977.179, 140
Trd, 8639977.379, 140
Trd, 8639977.746, 140
Trd, 8639978.146, 140
Trd, 8639978.746, 140
Trd, 8639979.979, 140
Trd, 8639980.046, 140
Trd, 8639981.112, 140
Trd, 8639981.546, 140
Trd, 8639981.612, 140
Trd, 8639981.746, 140
Trd, 8639982.112, 139
Trd, 8639982.312, 137
Trd, 8639982.812, 140
Trd, 8639983.579, 135
Trd, 8639983.646, 106
Trd, 8639984.012, 137
Trd, 8639984.612, 136
Trd, 8639985.246, 140
Trd, 8639986.779, 140
Trd, 8639987.079, 140
Trd, 8639987.379, 140
Trd, 8639987.779, 140
Trd, 8639987.846, 139
Trd, 8639988.379, 140
Trd, 8639988.512, 140
Trd, 8639989.046, 140
Trd, 8639989.979, 140
Trd, 8639990.412, 140
Trd, 8639990.579, 140
Trd, 8639990.812, 140
Trd, 8639991.412, 140
Trd, 8639992.879, 140
Trd, 8639992.912, 140
Trd, 8639993.179, 140
Trd, 8639993.312, 139
Trd, 8639993.979, 139
Trd, 8639994.046, 139
Trd, 8639995.012, 140
Trd, 8639996.412, 140
Trd, 8639996.812, 139
Trd, 8639997.079, 138
Trd, 8639998.312, 140
Trd, 8639999.046, 140
Trd, 8639999.079, 140
Trd, 8639999.179, 139
Trd, 8639999.279, 139
Trd, 8639999.512, 140
