Trd, 8638751.279, 138
Trd, 8638752.246, 136
Trd, 8638752.546, 127
Trd, 8638752.679, 125
Trd, 8638752.979, 123
Trd, 8638753.512, 83
Trd, 8638753.846, 96
Trd, 8638754.046, 125
Trd, 8638755.479, 101
Trd, 8638755.846, 132
Trd, 8638756.012, 122
Trd, 8638756.479, 129
Trd, 8638756.679, 131
Trd, 8638757.579, 125
Trd, 8638758.812, 126
Trd, 8638758.879, 119
Trd, 8638759.179, 116
Trd, 8638759.279, 102
Trd, 8638759.612, 103
Trd, 8638760.512, 128
Trd, 8638761.446, 126
Trd, 8638761.712, 117
Trd, 8638761.746, 95
Trd, 8638762.579, 126
Trd, 8638762.879, 124
Trd, 8638763.046, 119
Trd, 8638763.779, 112
Trd, 8638763.846, 101
Trd, 8638764.079, 98
Trd, 8638764.479, 65
Trd, 8638764.979, 69
Trd, 8638766.412, 117
Trd, 8638766.712, 105
Trd, 8638767.346, 123
Trd, 8638767.479, 98
Trd, 8638767.879, 83
Trd, 8638768.112, 90
Trd, 8638768.912, 110
Trd, 8638769.479, 110
Trd, 8638769.612, 86
Trd, 8638769.912, 85
Trd, 8638770.046, 96
Trd, 8638770.446, 100
Trd, 8638771.012, 97
Trd, 8638771.279, 119
Trd, 8638772.479, 73
Trd, 8638773.479, 89
Trd, 8638773.512, 103
Trd, 8638773.746, 113
Trd, 8638774.179, 85
Trd, 8638774.879, 92
Trd, 8638775.746, 107
Trd, 8638776.446, 74
Trd, 8638776.479, 75
Trd, 8638777.146, 87
Trd, 8638777.412, 87
Trd, 8638777.512, 98
Trd, 8638777.946, 91
Trd, 8638779.379, 107
Trd, 8638779.612, 119
Trd, 8638780.379, 122
Trd, 8638780.846, 108
Trd, 8638781.012, 110
Trd, 8638781.846, 119
Trd, 8638782.446, 125
Trd, 8638783.379, 108
Trd, 8638783.679, 138
Trd, 8638784.412, 122
Trd, 8638784.612, 136
Trd, 8638784.679, 117
Trd, 8638785.012, 139
Trd, 8638785.246, 131
Trd, 8638785.846, 111
Trd, 8638786.212, 121
Trd, 8638786.779, 122
Trd, 8638786.912, 121
Trd, 8638786.979, 110
Trd, 8638787.579, 100
Trd, 8638788.212, 98
Trd, 8638789.212, 117
Trd, 8638789.779, 129
Trd, 8638790.212, 109
Trd, 8638790.246, 104
Trd, 8638790.479, 84
Trd, 8638791.212, 116
Trd, 8638791.312, 103
Trd, 8638792.112, 121
Trd, 8638792.646, 97
Trd, 8638792.812, 92
Trd, 8638793.079, 87
Trd, 8638793.646, 90
Trd, 8638793.746, 83
Trd, 8638794.112, 103
Trd, 8638794.512, 133
Trd, 8638795.079, 95
Trd, 8638795.412, 123
Trd, 8638795.746, 93
Trd, 8638795.912, 109
Trd, 8638796.946, 75
Trd, 8638798.146, 123
Trd, 8638798.779, 115
Trd, 8638799.746, 107
Trd, 8638799.846, 99
Trd, 8638800.479, 120
Trd, 8638801.546, 126
Trd, 8638802.046, 125
Trd, 8638802.112, 106
Trd, 8638803.112, 121
Trd, 8638803.412, 109
Trd, 8638803.512, 94
Trd, 8638803.812, 90
Trd, 8638803.946, 86
Trd, 8638804.046, 118
Trd, 8638805.579, 60
Trd, 8638805.946, 98
Trd, 8638806.146, 75
Trd, 8638806.879, 105
Trd, 8638807.379, 102
Trd, 8638807.912, 75
Trd, 8638808.612, 83
Trd, 8638809.012, 105
Trd, 8638809.279, 133
Trd, 8638809.379, 130
Trd, 8638809.612, 126
Trd, 8638809.779, 113
Trd, 8638810.512, 105
Trd, 8638810.712, 102
Trd, 8638811.246, 125
Trd, 8638811.379, 122
Trd, 8638811.612, 122
Trd, 8638812.879, 85
Trd, 8638813.746, 89
Trd, 8638814.012, 101
Trd, 8638815.212, 92
Trd, 8638815.812, 105
Trd, 8638816.912, 114
Trd, 8638817.212, 94
Trd, 8638818.046, 118
Trd, 8638818.212, 103
Trd, 8638818.312, 110
Trd, 8638818.879, 106
Trd, 8638819.046, 100
Trd, 8638819.112, 86
Trd, 8638819.179, 126
Trd, 8638819.679, 86
Trd, 8638820.579, 109
Trd, 8638820.646, 83
Trd, 8638821.279, 86
Trd, 8638822.546, 131
Trd, 8638822.846, 72
Trd, 8638823.612, 70
Trd, 8638823.879, 84
Trd, 8638823.912, 113
Trd, 8638824.012, 122
Trd, 8638824.479, 126
Trd, 8638825.046, 100
Trd, 8638825.712, 94
Trd, 8638826.079, 99
Trd, 8638826.346, 90
Trd, 8638827.012, 130
Trd, 8638827.712, 114
Trd, 8638827.946, 128
Trd, 8638828.212, 131
Trd, 8638829.279, 99
Trd, 8638831.546, 110
Trd, 8638832.246, 127
Trd, 8638832.579, 103
Trd, 8638832.946, 116
Trd, 8638833.279, 106
Trd, 8638833.546, 102
Trd, 8638833.946, 117
Trd, 8638834.112, 108
Trd, 8638834.746, 118
Trd, 8638835.379, 128
Trd, 8638835.679, 115
Trd, 8638836.312, 138
Trd, 8638836.746, 118
Trd, 8638837.546, 116
Trd, 8638837.612, 113
Trd, 8638838.012, 104
Trd, 8638838.279, 72
Trd, 8638838.712, 87
Trd, 8638839.646, 70
Trd, 8638840.612, 81
Trd, 8638841.846, 91
Trd, 8638842.146, 95
Trd, 8638842.846, 103
Trd, 8638843.012, 105
Trd, 8638843.379, 113
Trd, 8638843.512, 82
Trd, 8638843.879, 83
Trd, 8638844.079, 138
Trd, 8638845.012, 86
Trd, 8638846.012, 105
Trd, 8638846.179, 97
Trd, 8638846.379, 118
Trd, 8638846.412, 91
Trd, 8638846.579, 83
Trd, 8638847.979, 89
Trd, 8638848.246, 91
Trd, 8638848.746, 63
Trd, 8638849.046, 70
Trd, 8638849.412, 97
Trd, 8638850.079, 139
Trd, 8638850.712, 96
Trd, 8638850.779, 106
Trd, 8638850.912, 88
Trd, 8638851.479, 135
Trd, 8638851.812, 131
Trd, 8638851.912, 119
Trd, 8638851.979, 85
Trd, 8638853.312, 114
Trd, 8638854.312, 92
Trd, 8638855.112, 107
Trd, 8638855.846, 122
Trd, 8638855.912, 112
Trd, 8638856.012, 133
Trd, 8638856.112, 88
Trd, 8638856.446, 133
Trd, 8638857.112, 61
Trd, 8638858.012, 110
Trd, 8638858.446, 82
Trd, 8638859.112, 116
Trd, 8638859.246, 114
Trd, 8638859.379, 112
Trd, 8638860.312, 113
Trd, 8638861.146, 103
Trd, 8638861.346, 98
Trd, 8638861.979, 115
Trd, 8638862.312, 129
Trd, 8638862.379, 103
Trd, 8638863.346, 86
Trd, 8638864.179, 128
Trd, 8638864.212, 116
Trd, 8638864.446, 114
Trd, 8638864.779, 136
Trd, 8638865.746, 135
Trd, 8638865.912, 112
Trd, 8638866.446, 110
Trd, 8638866.812, 123
Trd, 8638867.746, 99
Trd, 8638867.812, 97
Trd, 8638869.246, 118
Trd, 8638869.712, 122
Trd, 8638869.746, 113
Trd, 8638870.512, 121
Trd, 8638871.412, 112
Trd, 8638871.812, 122
Trd, 8638872.712, 113
Trd, 8638873.146, 117
Trd, 8638873.246, 97
Trd, 8638873.612, 94
Trd, 8638874.146, 135
Trd, 8638874.412, 108
Trd, 8638875.379, 94
Trd, 8638875.546, 91
Trd, 8638875.879, 90
Trd, 8638876.246, 112
Trd, 8638877.012, 118
Trd, 8638877.679, 129
Trd, 8638877.879, 108
Trd, 8638878.479, 112
Trd, 8638878.812, 120
Trd, 8638879.312, 112
Trd, 8638879.446, 102
Trd, 8638879.712, 124
Trd, 8638879.946, 78
Trd, 8638880.179, 77
Trd, 8638881.579, 81
Trd, 8638882.179, 119
Trd, 8638882.379, 107
Trd, 8638882.946, 121
Trd, 8638883.412, 107
Trd, 8638883.779, 121
Trd, 8638884.512, 104
Trd, 8638885.346, 133
Trd, 8638885.412, 130
Trd, 8638885.546, 124
Trd, 8638886.779, 108
Trd, 8638887.779, 139
Trd, 8638888.379, 123
Trd, 8638888.712, 112
Trd, 8638889.046, 140
Trd, 8638889.746, 116
Trd, 8638889.779, 94
Trd, 8638890.146, 137
Trd, 8638890.679, 77
Trd, 8638891.179, 83
Trd, 8638892.079, 66
Trd, 8638892.212, 61
Trd, 8638892.712, 115
Trd, 8638893.146, 119
Trd, 8638893.646, 100
Trd, 8638893.946, 98
Trd, 8638894.946, 76
Trd, 8638895.012, 74
Trd, 8638895.246, 78
Trd, 8638895.612, 112
Trd, 8638896.579, 115
Trd, 8638897.179, 121
Trd, 8638897.646, 140
Trd, 8638897.946, 112
Trd, 8638898.112, 109
Trd, 8638898.746, 102
Trd, 8638899.612, 125
Trd, 8638899.712, 116
Trd, 8638899.746, 113
Trd, 8638899.779, 97
Trd, 8638900.212, 107
Trd, 8638901.912, 120
Trd, 8638902.846, 109
Trd, 8638902.979, 92
Trd, 8638903.079, 132
Trd, 8638904.646, 122
Trd, 8638905.012, 120
Trd, 8638905.546, 117
Trd, 8638905.746, 114
Trd, 8638905.846, 113
Trd, 8638905.879, 120
Trd, 8638906.579, 99
Trd, 8638908.279, 116
Trd, 8638908.846, 98
Trd, 8638909.012, 137
Trd, 8638909.379, 123
Trd, 8638909.646, 123
Trd, 8638910.479, 115
Trd, 8638910.712, 93
Trd, 8638910.879, 120
Trd, 8638911.412, 105
Trd, 8638911.879, 102
Trd, 8638912.712, 112
Trd, 8638912.812, 112
Trd, 8638913.212, 87
Trd, 8638913.446, 135
Trd, 8638913.812, 85
Trd, 8638913.879, 72
Trd, 8638914.912, 134
Trd, 8638915.946, 116
Trd, 8638916.179, 135
Trd, 8638916.579, 133
Trd, 8638917.079, 100
Trd, 8638917.379, 79
Trd, 8638917.846, 86
Trd, 8638917.912, 110
Trd, 8638919.212, 87
Trd, 8638919.746, 99
Trd, 8638920.179, 124
Trd, 8638920.912, 111
Trd, 8638921.246, 102
Trd, 8638921.312, 87
Trd, 8638921.846, 111
Trd, 8638922.379, 93
Trd, 8638924.012, 126
Trd, 8638924.146, 116
Trd, 8638924.846, 109
Trd, 8638925.679, 126
Trd, 8638925.846, 132
Trd, 8638925.879, 126
Trd, 8638926.979, 114
Trd, 8638928.812, 125
Trd, 8638929.212, 128
Trd, 8638929.512, 122
Trd, 8638930.012, 139
Trd, 8638930.046, 120
Trd, 8638930.146, 96
Trd, 8638931.646, 133
Trd, 8638931.679, 120
Trd, 8638931.712, 115
Trd, 8638933.012, 135
Trd, 8638933.379, 132
Trd, 8638933.446, 131
Trd, 8638933.612, 108
Trd, 8638933.979, 94
Trd, 8638934.046, 92
Trd, 8638934.112, 90
Trd, 8638935.146, 110
Trd, 8638935.812, 135
Trd, 8638935.979, 135
Trd, 8638936.946, 119
Trd, 8638937.079, 116
Trd, 8638937.346, 124
Trd, 8638938.112, 136
Trd, 8638938.512, 119
Trd, 8638938.846, 127
Trd, 8638938.946, 117
Trd, 8638939.312, 133
Trd, 8638939.412, 108
Trd, 8638940.579, 97
Trd, 8638940.912, 83
Trd, 8638941.912, 87
Trd, 8638942.412, 104
Trd, 8638943.379, 130
Trd, 8638944.012, 133
Trd, 8638944.479, 124
Trd, 8638944.679, 129
Trd, 8638944.712, 120
Trd, 8638945.112, 118
Trd, 8638945.246, 101
Trd, 8638945.479, 106
Trd, 8638946.346, 113
Trd, 8638946.546, 109
Trd, 8638946.712, 102
Trd, 8638947.912, 80
Trd, 8638948.546, 107
Trd, 8638948.646, 98
Trd, 8638950.246, 131
Trd, 8638951.546, 130
Trd, 8638951.779, 128
Trd, 8638951.946, 121
Trd, 8638952.779, 106
Trd, 8638952.946, 116
Trd, 8638953.346, 131
Trd, 8638953.446, 121
Trd, 8638953.546, 102
Trd, 8638953.779, 123
Trd, 8638954.312, 133
Trd, 8638954.512, 130
Trd, 8638954.779, 102
Trd, 8638954.812, 86
Trd, 8638955.846, 103
Trd, 8638956.312, 122
Trd, 8638956.546, 97
Trd, 8638957.112, 125
Trd, 8638957.179, 90
Trd, 8638957.246, 86
Trd, 8638957.579, 133
Trd, 8638959.479, 120
Trd, 8638959.879, 110
Trd, 8638960.879, 137
Trd, 8638961.046, 117
Trd, 8638962.512, 127
Trd, 8638962.612, 107
Trd, 8638962.712, 102
Trd, 8638963.246, 128
Trd, 8638964.246, 106
Trd, 8638964.746, 140
Trd, 8638965.812, 106
Trd, 8638966.246, 112
Trd, 8638966.312, 103
Trd, 8638966.646, 91
Trd, 8638967.912, 108
Trd, 8638968.112, 115
Trd, 8638969.079, 119
Trd, 8638969.312, 121
Trd, 8638970.012, 114
Trd, 8638970.112, 111
Trd, 8638970.646, 127
Trd, 8638970.679, 124
Trd, 8638970.846, 128
Trd, 8638971.312, 113
Trd, 8638971.812, 113
Trd, 8638972.112, 79
Trd, 8638973.679, 134
Trd, 8638974.012, 119
Trd, 8638974.379, 119
Trd, 8638974.646, 124
Trd, 8638974.912, 116
Trd, 8638975.312, 107
Trd, 8638976.012, 100
Trd, 8638976.446, 131
Trd, 8638976.746, 92
Trd, 8638977.246, 116
Trd, 8638977.512, 76
Trd, 8638978.446, 78
Trd, 8638978.479, 75
Trd, 8638979.012, 93
Trd, 8638979.112, 80
Trd, 8638979.546, 98
Trd, 8638979.579, 75
Trd, 8638980.279, 110
Trd, 8638981.046, 112
Trd, 8638981.479, 117
Trd, 8638981.712, 105
Trd, 8638982.246, 103
Trd, 8638982.446, 97
Trd, 8638983.446, 95
Trd, 8638984.279, 85
Trd, 8638984.846, 87
Trd, 8638984.912, 81
Trd, 8638985.179, 108
Trd, 8638985.546, 114
Trd, 8638985.846, 74
Trd, 8638986.446, 82
Trd, 8638987.646, 122
Trd, 8638988.212, 80
Trd, 8638989.912, 133
Trd, 8638990.012, 120
Trd, 8638990.279, 118
Trd, 8638990.579, 109
Trd, 8638990.712, 93
Trd, 8638990.812, 83
Trd, 8638993.146, 137
Trd, 8638993.212, 128
Trd, 8638993.646, 109
Trd, 8638994.779, 129
Trd, 8638994.946, 123
Trd, 8638995.279, 102
Trd, 8638995.412, 128
Trd, 8638995.712, 89
Trd, 8638996.412, 120
Trd, 8638996.712, 108
Trd, 8638997.146, 114
Trd, 8638997.679, 137
Trd, 8638998.679, 117
Trd, 8638999.279, 96
Trd, 8638999.579, 97
Trd, 8639000.279, 135
Trd, 8639000.346, 81
Trd, 8639001.612, 77
Trd, 8639001.846, 118
Trd, 8639002.612, 134
Trd, 8639003.212, 131
Trd, 8639003.312, 128
Trd, 8639004.112, 110
Trd, 8639004.179, 109
Trd, 8639004.346, 125
Trd, 8639004.412, 97
Trd, 8639004.479, 91
Trd, 8639004.712, 96
Trd, 8639005.146, 89
Trd, 8639005.446, 119
Trd, 8639006.346, 68
Trd, 8639006.446, 123
Trd, 8639007.546, 105
Trd, 8639007.812, 140
Trd, 8639007.846, 117
Trd, 8639008.012, 111
Trd, 8639008.546, 99
Trd, 8639009.246, 123
Trd, 8639009.612, 82
Trd, 8639010.479, 115
Trd, 8639011.412, 104
Trd, 8639012.012, 130
Trd, 8639012.079, 128
Trd, 8639012.312, 110
Trd, 8639012.812, 96
Trd, 8639013.612, 104
Trd, 8639013.646, 92
Trd, 8639013.812, 95
Trd, 8639014.046, 104
Trd, 8639015.312, 83
Trd, 8639016.146, 106
Trd, 8639016.746, 85
Trd, 8639016.912, 126
Trd, 8639017.279, 111
Trd, 8639017.812, 108
Trd, 8639017.879, 106
Trd, 8639019.646, 123
Trd, 8639019.812, 108
Trd, 8639019.979, 99
Trd, 8639020.246, 100
Trd, 8639020.279, 93
Trd, 8639020.379, 88
Trd, 8639021.479, 103
Trd, 8639022.046, 96
Trd, 8639022.246, 89
Trd, 8639022.912, 126
Trd, 8639023.712, 108
Trd, 8639024.246, 126
Trd, 8639024.679, 114
Trd, 8639025.412, 103
Trd, 8639026.012, 100
Trd, 8639026.379, 97
Trd, 8639026.612, 111
Trd, 8639027.079, 129
Trd, 8639027.279, 125
Trd, 8639027.312, 102
Trd, 8639027.946, 124
Trd, 8639028.446, 111
Trd, 8639028.779, 111
Trd, 8639029.079, 102
Trd, 8639030.046, 129
Trd, 8639030.346, 122
Trd, 8639030.479, 112
Trd, 8639030.612, 90
Trd, 8639030.812, 127
Trd, 8639030.946, 88
Trd, 8639032.512, 117
Trd, 8639033.246, 120
Trd, 8639033.579, 118
Trd, 8639033.946, 86
Trd, 8639034.079, 83
Trd, 8639034.346, 90
Trd, 8639034.446, 108
Trd, 8639035.179, 115
Trd, 8639035.846, 129
Trd, 8639035.879, 126
Trd, 8639036.446, 111
Trd, 8639037.812, 110
Trd, 8639038.012, 115
Trd, 8639038.712, 103
Trd, 8639038.846, 111
Trd, 8639039.179, 119
Trd, 8639039.846, 114
Trd, 8639040.112, 119
Trd, 8639040.279, 138
Trd, 8639040.646, 111
Trd, 8639041.412, 85
Trd, 8639041.612, 112
Trd, 8639042.012, 123
Trd, 8639043.379, 121
Trd, 8639044.246, 135
Trd, 8639044.279, 124
Trd, 8639044.512, 113
Trd, 8639045.012, 109
Trd, 8639046.312, 106
Trd, 8639046.646, 113
Trd, 8639047.312, 107
Trd, 8639047.346, 93
Trd, 8639047.512, 100
Trd, 8639047.712, 81
Trd, 8639048.712, 138
Trd, 8639049.079, 137
Trd, 8639049.946, 127
Trd, 8639049.979, 110
Trd, 8639050.812, 125
Trd, 8639051.279, 124
Trd, 8639051.446, 122
Trd, 8639051.579, 118
Trd, 8639052.112, 133
Trd, 8639052.146, 118
Trd, 8639052.379, 112
Trd, 8639052.646, 107
Trd, 8639054.479, 88
Trd, 8639054.546, 96
Trd, 8639055.579, 91
Trd, 8639055.846, 104
Trd, 8639056.279, 84
Trd, 8639057.412, 139
Trd, 8639057.712, 135
Trd, 8639058.146, 131
Trd, 8639058.312, 123
Trd, 8639058.479, 120
Trd, 8639058.912, 108
Trd, 8639059.612, 117
Trd, 8639060.179, 129
Trd, 8639060.612, 117
Trd, 8639060.712, 122
Trd, 8639061.512, 112
Trd, 8639061.679, 102
Trd, 8639061.979, 96
Trd, 8639062.112, 101
Trd, 8639062.812, 109
Trd, 8639062.846, 109
Trd, 8639063.746, 134
Trd, 8639064.146, 114
Trd, 8639064.312, 124
Trd, 8639064.479, 106
Trd, 8639064.579, 119
Trd, 8639065.746, 134
Trd, 8639065.812, 104
Trd, 8639067.646, 92
Trd, 8639067.679, 67
Trd, 8639067.746, 115
Trd, 8639067.779, 83
Trd, 8639068.446, 133
Trd, 8639069.212, 127
Trd, 8639069.412, 103
Trd, 8639070.179, 138
Trd, 8639071.079, 139
Trd, 8639071.746, 106
Trd, 8639072.146, 127
Trd, 8639072.546, 111
Trd, 8639072.579, 104
Trd, 8639073.212, 79
Trd, 8639073.479, 78
Trd, 8639074.146, 66
Trd, 8639075.046, 122
Trd, 8639075.179, 136
Trd, 8639075.346, 127
Trd, 8639075.779, 107
Trd, 8639076.279, 104
Trd, 8639076.446, 100
Trd, 8639077.179, 118
Trd, 8639077.446, 86
Trd, 8639078.412, 129
Trd, 8639079.846, 135
Trd, 8639080.312, 117
Trd, 8639080.712, 115
Trd, 8639081.446, 105
Trd, 8639082.179, 114
Trd, 8639082.512, 113
Trd, 8639082.912, 131
Trd, 8639083.079, 130
Trd, 8639083.179, 122
Trd, 8639083.379, 109
Trd, 8639083.646, 133
Trd, 8639084.079, 115
Trd, 8639084.479, 112
Trd, 8639084.779, 132
Trd, 8639085.512, 98
Trd, 8639085.979, 106
Trd, 8639086.312, 117
Trd, 8639087.012, 104
Trd, 8639087.312, 106
Trd, 8639087.646, 118
Trd, 8639087.812, 118
Trd, 8639088.079, 114
Trd, 8639089.046, 112
Trd, 8639089.212, 93
Trd, 8639089.279, 126
Trd, 8639090.246, 82
Trd, 8639091.412, 91
Trd, 8639092.212, 118
Trd, 8639092.646, 103
Trd, 8639092.712, 103
Trd, 8639092.746, 116
Trd, 8639093.079, 92
Trd, 8639093.746, 119
Trd, 8639093.879, 76
Trd, 8639095.412, 110
Trd, 8639095.646, 129
Trd, 8639095.779, 126
Trd, 8639096.012, 102
Trd, 8639096.312, 107
Trd, 8639097.412, 121
Trd, 8639097.512, 108
Trd, 8639097.746, 103
Trd, 8639097.946, 103
Trd, 8639098.112, 124
Trd, 8639099.112, 82
Trd, 8639099.246, 63
Trd, 8639100.046, 125
Trd, 8639100.379, 134
Trd, 8639101.112, 132
Trd, 8639101.512, 123
Trd, 8639102.146, 106
Trd, 8639102.246, 105
Trd, 8639102.412, 116
Trd, 8639102.779, 100
Trd, 8639103.312, 100
Trd, 8639103.412, 92
Trd, 8639103.479, 122
Trd, 8639104.079, 95
Trd, 8639105.212, 86
Trd, 8639105.879, 115
Trd, 8639107.279, 123
Trd, 8639107.379, 120
Trd, 8639107.546, 113
Trd, 8639108.779, 114
Trd, 8639109.112, 126
Trd, 8639110.079, 137
Trd, 8639110.212, 126
Trd, 8639111.112, 129
Trd, 8639111.746, 95
Trd, 8639112.246, 99
Trd, 8639112.412, 117
Trd, 8639113.079, 137
Trd, 8639113.246, 133
Trd, 8639113.379, 126
Trd, 8639113.412, 122
Trd, 8639114.379, 134
Trd, 8639114.412, 115
Trd, 8639114.546, 112
Trd, 8639115.212, 139
Trd, 8639115.346, 101
Trd, 8639117.212, 114
Trd, 8639117.846, 119
Trd, 8639118.212, 140
Trd, 8639118.312, 128
Trd, 8639118.346, 106
Trd, 8639118.512, 136
Trd, 8639118.712, 110
Trd, 8639119.312, 113
Trd, 8639119.412, 89
Trd, 8639120.946, 112
Trd, 8639121.079, 109
Trd, 8639121.746, 118
Trd, 8639121.846, 111
Trd, 8639122.746, 116
Trd, 8639123.512, 112
Trd, 8639124.479, 124
Trd, 8639124.546, 107
Trd, 8639125.112, 89
Trd, 8639125.479, 114
Trd, 8639125.746, 125
Trd, 8639127.112, 110
Trd, 8639127.412, 110
Trd, 8639127.646, 96
Trd, 8639128.146, 86
Trd, 8639128.346, 98
Trd, 8639128.546, 95
Trd, 8639129.012, 106
Trd, 8639129.346, 81
Trd, 8639129.646, 109
Trd, 8639129.846, 124
Trd, 8639129.879, 84
Trd, 8639130.246, 73
Trd, 8639130.812, 69
Trd, 8639131.079, 66
Trd, 8639131.946, 124
Trd, 8639132.279, 127
Trd, 8639132.312, 94
Trd, 8639133.679, 102
Trd, 8639133.779, 97
Trd, 8639134.646, 120
Trd, 8639135.379, 105
Trd, 8639135.446, 108
Trd, 8639135.846, 107
Trd, 8639136.279, 134
Trd, 8639136.312, 125
Trd, 8639137.946, 107
Trd, 8639138.579, 88
Trd, 8639138.712, 84
Trd, 8639139.279, 85
Trd, 8639139.679, 82
Trd, 8639139.946, 71
Trd, 8639139.979, 70
Trd, 8639140.979, 124
Trd, 8639141.812, 138
Trd, 8639142.179, 138
Trd, 8639142.312, 133
Trd, 8639142.579, 123
Trd, 8639142.679, 113
Trd, 8639143.346, 107
Trd, 8639143.379, 104
Trd, 8639143.612, 114
Trd, 8639144.412, 105
Trd, 8639144.546, 107
Trd, 8639145.479, 101
Trd, 8639145.546, 99
Trd, 8639146.246, 90
Trd, 8639146.279, 93
Trd, 8639148.212, 132
Trd, 8639148.446, 112
Trd, 8639148.612, 103
Trd, 8639148.712, 117
Trd, 8639148.746, 95
Trd, 8639149.079, 126
Trd, 8639149.212, 97
Trd, 8639149.712, 114
Trd, 8639150.879, 131
Trd, 8639151.179, 120
Trd, 8639152.112, 138
Trd, 8639152.146, 112
Trd, 8639153.146, 121
Trd, 8639153.579, 125
Trd, 8639153.679, 95
Trd, 8639153.912, 93
Trd, 8639154.779, 132
Trd, 8639155.912, 125
Trd, 8639156.012, 122
Trd, 8639156.046, 119
Trd, 8639156.412, 126
Trd, 8639156.479, 112
Trd, 8639158.079, 136
Trd, 8639160.179, 104
Trd, 8639160.512, 130
Trd, 8639160.779, 112
Trd, 8639160.912, 129
Trd, 8639161.179, 137
Trd, 8639161.412, 126
Trd, 8639161.646, 134
Trd, 8639162.679, 97
Trd, 8639163.179, 127
Trd, 8639164.579, 105
Trd, 8639164.746, 104
Trd, 8639165.412, 131
Trd, 8639165.812, 107
Trd, 8639165.879, 102
Trd, 8639165.979, 111
Trd, 8639166.146, 94
Trd, 8639166.679, 127
Trd, 8639167.546, 92
Trd, 8639168.579, 136
Trd, 8639168.979, 133
Trd, 8639169.079, 124
Trd, 8639169.579, 116
Trd, 8639170.012, 117
Trd, 8639170.146, 79
Trd, 8639170.579, 79
Trd, 8639170.879, 101
Trd, 8639171.512, 137
Trd, 8639171.979, 136
Trd, 8639172.079, 125
Trd, 8639172.279, 122
Trd, 8639172.979, 115
Trd, 8639173.946, 91
Trd, 8639174.512, 79
Trd, 8639175.012, 105
Trd, 8639175.046, 99
Trd, 8639176.179, 116
Trd, 8639176.279, 115
Trd, 8639176.446, 126
Trd, 8639177.212, 99
Trd, 8639177.279, 97
Trd, 8639177.479, 97
Trd, 8639177.612, 116
Trd, 8639178.146, 80
Trd, 8639178.546, 103
Trd, 8639180.146, 85
Trd, 8639180.612, 63
Trd, 8639181.179, 61
Trd, 8639181.946, 130
Trd, 8639182.179, 114
Trd, 8639182.346, 91
Trd, 8639182.779, 62
Trd, 8639183.479, 70
Trd, 8639184.246, 78
Trd, 8639184.579, 123
Trd, 8639184.612, 120
Trd, 8639184.712, 117
Trd, 8639184.912, 116
Trd, 8639184.946, 101
Trd, 8639185.079, 128
Trd, 8639186.146, 110
Trd, 8639186.746, 108
Trd, 8639186.779, 97
Trd, 8639186.946, 77
Trd, 8639187.646, 118
Trd, 8639188.712, 70
Trd, 8639189.246, 102
Trd, 8639189.412, 63
Trd, 8639189.846, 73
Trd, 8639190.279, 115
Trd, 8639190.612, 134
Trd, 8639191.579, 115
Trd, 8639192.079, 108
Trd, 8639192.912, 127
Trd, 8639193.412, 118
Trd, 8639193.646, 117
Trd, 8639193.679, 111
Trd, 8639194.546, 96
Trd, 8639194.746, 82
Trd, 8639194.979, 68
Trd, 8639195.012, 103
Trd, 8639195.446, 78
Trd, 8639195.846, 92
Trd, 8639195.912, 123
Trd, 8639196.912, 118
Trd, 8639197.412, 87
Trd, 8639198.412, 103
Trd, 8639198.879, 102
Trd, 8639199.312, 118
Trd, 8639199.379, 91
Trd, 8639200.379, 118
Trd, 8639202.779, 134
Trd, 8639203.379, 136
Trd, 8639203.712, 139
Trd, 8639203.846, 126
Trd, 8639203.912, 120
Trd, 8639204.212, 111
Trd, 8639204.346, 108
Trd, 8639204.712, 104
Trd, 8639205.146, 125
Trd, 8639205.212, 94
Trd, 8639205.379, 91
Trd, 8639206.012, 125
Trd, 8639206.646, 131
Trd, 8639206.979, 111
Trd, 8639207.046, 106
Trd, 8639207.812, 115
Trd, 8639208.079, 92
Trd, 8639208.112, 76
Trd, 8639208.512, 91
Trd, 8639209.212, 125
Trd, 8639209.712, 115
Trd, 8639210.046, 94
Trd, 8639210.846, 105
Trd, 8639211.179, 134
Trd, 8639211.346, 131
Trd, 8639211.446, 112
Trd, 8639212.679, 114
Trd, 8639212.746, 104
Trd, 8639212.979, 96
Trd, 8639213.379, 124
Trd, 8639213.779, 123
Trd, 8639213.812, 113
Trd, 8639214.979, 98
Trd, 8639215.446, 128
Trd, 8639216.779, 117
Trd, 8639217.346, 109
Trd, 8639218.012, 106
Trd, 8639218.046, 113
Trd, 8639218.379, 106
Trd, 8639218.812, 97
Trd, 8639219.479, 128
Trd, 8639220.546, 124
Trd, 8639220.812, 117
Trd, 8639221.879, 103
Trd, 8639222.212, 103
Trd, 8639222.979, 130
Trd, 8639223.412, 107
Trd, 8639223.646, 110
Trd, 8639223.746, 109
Trd, 8639223.879, 99
Trd, 8639224.379, 107
Trd, 8639224.546, 119
Trd, 8639224.979, 106
Trd, 8639225.079, 98
Trd, 8639226.079, 124
Trd, 8639226.979, 127
Trd, 8639227.312, 113
Trd, 8639227.346, 109
Trd, 8639228.346, 136
Trd, 8639229.579, 131
Trd, 8639229.646, 120
Trd, 8639229.879, 105
Trd, 8639230.079, 103
Trd, 8639230.779, 126
Trd, 8639231.879, 89
Trd, 8639231.946, 99
Trd, 8639232.179, 105
Trd, 8639232.246, 88
Trd, 8639232.812, 87
Trd, 8639233.446, 126
Trd, 8639233.946, 108
Trd, 8639234.446, 130
Trd, 8639234.646, 108
Trd, 8639235.012, 94
Trd, 8639235.179, 92
Trd, 8639236.212, 140
Trd, 8639236.246, 88
Trd, 8639236.279, 87
Trd, 8639237.279, 94
Trd, 8639237.379, 102
Trd, 8639238.012, 103
Trd, 8639238.179, 103
Trd, 8639238.812, 120
Trd, 8639239.746, 139
Trd, 8639240.112, 119
Trd, 8639240.446, 138
Trd, 8639241.279, 111
Trd, 8639241.512, 86
Trd, 8639241.912, 112
Trd, 8639242.446, 110
Trd, 8639242.946, 120
Trd, 8639243.779, 122
Trd, 8639243.979, 129
Trd, 8639244.446, 116
Trd, 8639244.546, 114
Trd, 8639244.746, 113
Trd, 8639245.579, 118
Trd, 8639245.712, 110
Trd, 8639245.879, 98
Trd, 8639245.946, 91
Trd, 8639246.112, 69
Trd, 8639246.179, 119
Trd, 8639247.246, 95
Trd, 8639247.946, 126
Trd, 8639249.146, 112
Trd, 8639249.346, 122
Trd, 8639249.446, 96
Trd, 8639250.112, 132
Trd, 8639251.112, 120
Trd, 8639251.279, 117
Trd, 8639252.612, 132
Trd, 8639252.679, 123
Trd, 8639252.812, 117
Trd, 8639253.846, 113
Trd, 8639254.379, 134
Trd, 8639254.546, 137
Trd, 8639254.846, 132
Trd, 8639255.146, 119
Trd, 8639255.546, 113
Trd, 8639255.946, 113
Trd, 8639255.979, 119
Trd, 8639256.712, 127
Trd, 8639257.379, 101
Trd, 8639258.046, 124
Trd, 8639258.579, 129
Trd, 8639259.646, 126
Trd, 8639260.012, 105
Trd, 8639260.379, 120
Trd, 8639260.646, 113
Trd, 8639261.579, 109
Trd, 8639262.112, 110
Trd, 8639262.346, 131
Trd, 8639262.479, 103
Trd, 8639263.512, 132
Trd, 8639264.112, 100
Trd, 8639264.512, 99
Trd, 8639264.612, 118
Trd, 8639264.846, 93
Trd, 8639265.646, 97
Trd, 8639265.679, 98
Trd, 8639265.846, 87
Trd, 8639266.346, 117
Trd, 8639266.746, 118
Trd, 8639267.346, 138
Trd, 8639267.412, 69
Trd, 8639268.012, 104
Trd, 8639268.279, 99
Trd, 8639268.979, 89
Trd, 8639269.179, 89
Trd, 8639269.546, 95
Trd, 8639272.446, 129
Trd, 8639272.546, 128
Trd, 8639272.679, 125
Trd, 8639273.479, 135
Trd, 8639273.546, 121
Trd, 8639273.912, 127
Trd, 8639274.346, 107
Trd, 8639275.046, 103
Trd, 8639275.079, 129
Trd, 8639275.879, 137
Trd, 8639276.512, 110
Trd, 8639277.212, 122
Trd, 8639278.146, 103
Trd, 8639278.546, 136
Trd, 8639278.946, 101
Trd, 8639279.446, 132
Trd, 8639279.912, 124
Trd, 8639280.112, 121
Trd, 8639280.246, 111
Trd, 8639280.479, 106
Trd, 8639280.812, 109
Trd, 8639280.879, 99
Trd, 8639281.246, 104
Trd, 8639282.279, 131
Trd, 8639282.579, 117
Trd, 8639283.246, 139
Trd, 8639283.312, 135
Trd, 8639283.612, 132
Trd, 8639283.746, 128
Trd, 8639284.346, 113
Trd, 8639284.612, 127
Trd, 8639284.979, 123
Trd, 8639285.446, 104
Trd, 8639286.279, 102
Trd, 8639286.579, 95
Trd, 8639287.012, 88
Trd, 8639287.312, 82
Trd, 8639287.779, 62
Trd, 8639288.412, 68
Trd, 8639288.879, 75
Trd, 8639289.012, 99
Trd, 8639289.579, 66
Trd, 8639289.812, 115
Trd, 8639290.112, 103
Trd, 8639291.579, 125
Trd, 8639291.612, 115
Trd, 8639291.946, 115
Trd, 8639292.146, 106
Trd, 8639293.346, 87
Trd, 8639294.079, 86
Trd, 8639294.246, 110
Trd, 8639294.346, 117
Trd, 8639295.446, 98
Trd, 8639296.112, 112
Trd, 8639296.412, 117
Trd, 8639297.012, 88
Trd, 8639297.046, 108
Trd, 8639297.379, 123
Trd, 8639297.546, 92
Trd, 8639298.779, 117
Trd, 8639298.846, 114
Trd, 8639299.779, 77
Trd, 8639299.846, 79
Trd, 8639300.779, 102
Trd, 8639300.812, 94
Trd, 8639301.679, 111
Trd, 8639301.712, 90
Trd, 8639303.079, 114
Trd, 8639303.112, 106
Trd, 8639303.612, 115
Trd, 8639303.846, 117
Trd, 8639303.879, 131
Trd, 8639303.979, 72
Trd, 8639304.846, 83
Trd, 8639305.512, 78
Trd, 8639306.446, 86
Trd, 8639306.912, 99
Trd, 8639307.479, 72
Trd, 8639307.779, 85
Trd, 8639308.079, 99
Trd, 8639308.546, 114
Trd, 8639308.679, 88
Trd, 8639309.479, 116
Trd, 8639310.079, 102
Trd, 8639310.479, 87
Trd, 8639311.179, 131
Trd, 8639311.279, 82
Trd, 8639311.879, 77
Trd, 8639312.112, 78
Trd, 8639312.679, 75
Trd, 8639313.679, 77
Trd, 8639314.179, 82
Trd, 8639314.679, 109
Trd, 8639314.912, 92
Trd, 8639315.179, 132
Trd, 8639315.246, 122
Trd, 8639315.946, 71
Trd, 8639316.246, 120
Trd, 8639316.846, 133
Trd, 8639317.646, 130
Trd, 8639318.079, 127
Trd, 8639318.979, 108
Trd, 8639319.112, 121
Trd, 8639321.179, 115
Trd, 8639321.412, 94
Trd, 8639321.812, 121
Trd, 8639322.179, 103
Trd, 8639322.446, 101
Trd, 8639323.046, 94
Trd, 8639323.746, 123
Trd, 8639323.946, 117
Trd, 8639324.012, 115
Trd, 8639324.079, 109
Trd, 8639324.246, 95
Trd, 8639324.679, 66
Trd, 8639325.046, 104
Trd, 8639326.512, 131
Trd, 8639326.579, 128
Trd, 8639326.946, 133
Trd, 8639327.179, 123
Trd, 8639327.246, 95
Trd, 8639327.646, 126
Trd, 8639327.779, 129
Trd, 8639328.012, 108
Trd, 8639328.712, 118
Trd, 8639329.946, 131
Trd, 8639330.779, 137
Trd, 8639330.979, 121
Trd, 8639331.746, 93
Trd, 8639331.979, 121
Trd, 8639332.146, 108
Trd, 8639332.979, 88
Trd, 8639333.046, 102
Trd, 8639334.246, 108
Trd, 8639334.346, 107
Trd, 8639334.946, 103
Trd, 8639335.279, 80
Trd, 8639336.312, 123
Trd, 8639336.979, 116
Trd, 8639337.779, 114
Trd, 8639338.879, 122
Trd, 8639339.079, 119
Trd, 8639339.779, 106
Trd, 8639340.279, 106
Trd, 8639340.912, 129
Trd, 8639341.079, 119
Trd, 8639341.146, 109
Trd, 8639341.179, 131
Trd, 8639341.312, 118
Trd, 8639341.712, 118
Trd, 8639342.846, 122
Trd, 8639343.179, 97
Trd, 8639343.246, 80
Trd, 8639344.412, 102
Trd, 8639344.479, 89
Trd, 8639344.812, 89
Trd, 8639345.246, 88
Trd, 8639345.879, 99
Trd, 8639346.046, 100
Trd, 8639346.579, 117
Trd, 8639346.879, 128
Trd, 8639347.612, 120
Trd, 8639347.712, 127
Trd, 8639347.979, 130
Trd, 8639348.146, 138
Trd, 8639348.412, 121
Trd, 8639348.612, 118
Trd, 8639348.646, 76
Trd, 8639349.412, 97
Trd, 8639349.646, 91
Trd, 8639349.812, 96
Trd, 8639349.946, 86
Trd, 8639351.079, 137
Trd, 8639351.712, 106
Trd, 8639352.346, 127
Trd, 8639352.912, 127
Trd, 8639353.279, 118
Trd, 8639354.412, 93
Trd, 8639354.646, 91
Trd, 8639355.612, 110
Trd, 8639356.079, 117
Trd, 8639356.546, 132
Trd, 8639357.046, 106
Trd, 8639357.679, 132
Trd, 8639357.779, 106
Trd, 8639358.479, 82
Trd, 8639358.679, 92
Trd, 8639358.979, 129
Trd, 8639359.012, 135
Trd, 8639359.379, 87
Trd, 8639360.346, 118
Trd, 8639360.912, 105
Trd, 8639361.712, 129
Trd, 8639362.512, 99
Trd, 8639362.546, 103
Trd, 8639363.479, 97
Trd, 8639363.679, 97
Trd, 8639363.979, 112
Trd, 8639364.012, 98
Trd, 8639364.146, 92
Trd, 8639364.546, 105
Trd, 8639365.146, 78
Trd, 8639365.679, 103
Trd, 8639365.879, 86
Trd, 8639366.346, 113
Trd, 8639367.046, 132
Trd, 8639367.279, 119
Trd, 8639367.946, 113
Trd, 8639368.079, 130
Trd, 8639369.046, 112
Trd, 8639369.212, 139
Trd, 8639369.246, 128
Trd, 8639369.612, 139
Trd, 8639370.012, 102
Trd, 8639370.979, 96
Trd, 8639371.746, 130
Trd, 8639371.779, 116
Trd, 8639372.246, 95
Trd, 8639372.446, 118
Trd, 8639372.512, 93
Trd, 8639373.912, 114
Trd, 8639374.112, 105
Trd, 8639375.079, 99
Trd, 8639375.346, 110
Trd, 8639375.479, 121
Trd, 8639376.279, 111
Trd, 8639376.579, 104
Trd, 8639376.879, 91
Trd, 8639377.312, 133
Trd, 8639377.912, 132
Trd, 8639378.112, 117
Trd, 8639378.479, 125
Trd, 8639379.079, 112
Trd, 8639379.312, 104
Trd, 8639379.646, 102
Trd, 8639380.379, 84
Trd, 8639381.579, 136
Trd, 8639381.912, 135
Trd, 8639382.846, 110
Trd, 8639382.912, 110
Trd, 8639383.379, 117
Trd, 8639383.479, 109
Trd, 8639383.579, 125
Trd, 8639383.679, 107
Trd, 8639384.679, 138
Trd, 8639384.746, 134
Trd, 8639386.212, 121
Trd, 8639386.946, 112
Trd, 8639388.846, 95
Trd, 8639389.146, 83
Trd, 8639389.346, 133
Trd, 8639389.479, 82
Trd, 8639389.746, 86
Trd, 8639390.212, 93
Trd, 8639390.546, 128
Trd, 8639390.779, 128
Trd, 8639391.712, 93
Trd, 8639391.846, 91
Trd, 8639392.046, 104
Trd, 8639392.112, 82
Trd, 8639392.979, 92
Trd, 8639393.946, 86
Trd, 8639394.179, 86
Trd, 8639394.246, 94
Trd, 8639394.646, 79
Trd, 8639396.079, 115
Trd, 8639396.712, 106
Trd, 8639396.879, 111
Trd, 8639397.046, 114
Trd, 8639397.846, 122
Trd, 8639398.312, 132
Trd, 8639399.812, 139
Trd, 8639400.279, 135
Trd, 8639400.546, 128
Trd, 8639400.679, 127
Trd, 8639401.279, 119
Trd, 8639401.579, 101
Trd, 8639403.046, 129
Trd, 8639403.112, 121
Trd, 8639403.179, 119
Trd, 8639403.912, 139
Trd, 8639404.146, 125
Trd, 8639404.846, 121
Trd, 8639405.012, 109
Trd, 8639405.179, 99
Trd, 8639406.612, 118
Trd, 8639407.979, 136
Trd, 8639408.146, 134
Trd, 8639408.546, 129
Trd, 8639408.746, 124
Trd, 8639409.379, 135
Trd, 8639409.412, 125
Trd, 8639409.479, 122
Trd, 8639409.679, 106
Trd, 8639409.712, 98
Trd, 8639409.779, 96
Trd, 8639410.246, 77
Trd, 8639410.979, 95
Trd, 8639412.046, 131
Trd, 8639412.446, 128
Trd, 8639413.112, 82
Trd, 8639414.746, 118
Trd, 8639414.879, 118
Trd, 8639415.279, 132
Trd, 8639415.812, 106
Trd, 8639416.112, 98
Trd, 8639417.212, 109
Trd, 8639417.312, 94
Trd, 8639417.479, 135
Trd, 8639418.346, 114
Trd, 8639418.879, 105
Trd, 8639420.046, 134
Trd, 8639420.479, 116
Trd, 8639420.746, 115
Trd, 8639420.946, 114
Trd, 8639422.512, 117
Trd, 8639423.746, 95
Trd, 8639424.412, 129
Trd, 8639424.512, 126
Trd, 8639425.012, 104
Trd, 8639425.946, 97
Trd, 8639426.579, 132
Trd, 8639426.746, 131
Trd, 8639427.146, 125
Trd, 8639427.579, 112
Trd, 8639428.179, 107
Trd, 8639428.479, 114
Trd, 8639428.512, 90
Trd, 8639429.146, 78
Trd, 8639429.612, 88
Trd, 8639430.046, 88
Trd, 8639430.346, 83
Trd, 8639430.812, 101
Trd, 8639431.046, 135
Trd, 8639431.646, 89
Trd, 8639432.079, 74
Trd, 8639432.412, 104
Trd, 8639433.079, 137
Trd, 8639434.446, 125
Trd, 8639435.512, 125
Trd, 8639435.579, 122
Trd, 8639435.646, 103
Trd, 8639436.179, 105
Trd, 8639436.779, 105
Trd, 8639437.346, 115
Trd, 8639437.646, 125
Trd, 8639437.712, 112
Trd, 8639437.912, 130
Trd, 8639438.012, 75
Trd, 8639438.479, 72
Trd, 8639438.512, 87
Trd, 8639439.279, 70
Trd, 8639439.512, 109
Trd, 8639439.812, 133
Trd, 8639440.646, 108
Trd, 8639442.446, 122
Trd, 8639442.512, 119
Trd, 8639442.679, 117
Trd, 8639442.846, 130
Trd, 8639443.246, 114
Trd, 8639443.346, 111
Trd, 8639444.646, 100
Trd, 8639444.846, 124
Trd, 8639444.912, 100
Trd, 8639445.112, 98
Trd, 8639445.546, 89
Trd, 8639446.379, 140
Trd, 8639446.646, 108
Trd, 8639446.679, 84
Trd, 8639446.812, 83
Trd, 8639447.746, 100
Trd, 8639448.546, 109
Trd, 8639448.712, 115
Trd, 8639449.246, 89
Trd, 8639449.512, 125
Trd, 8639449.912, 95
Trd, 8639450.646, 86
Trd, 8639451.046, 89
Trd, 8639452.179, 101
Trd, 8639452.312, 126
Trd, 8639453.246, 97
Trd, 8639453.346, 111
Trd, 8639454.212, 113
Trd, 8639454.812, 137
Trd, 8639454.846, 109
Trd, 8639454.946, 98
Trd, 8639455.246, 93
Trd, 8639456.012, 81
Trd, 8639456.112, 103
Trd, 8639456.612, 120
Trd, 8639456.879, 113
Trd, 8639457.312, 122
Trd, 8639457.879, 91
Trd, 8639458.479, 101
Trd, 8639459.079, 111
Trd, 8639459.112, 71
Trd, 8639459.679, 91
Trd, 8639459.779, 117
Trd, 8639461.846, 76
Trd, 8639462.479, 116
Trd, 8639463.312, 113
Trd, 8639463.479, 98
Trd, 8639465.012, 132
Trd, 8639465.112, 117
Trd, 8639465.312, 119
Trd, 8639465.412, 110
Trd, 8639465.846, 131
Trd, 8639466.746, 96
Trd, 8639467.246, 134
Trd, 8639467.746, 118
Trd, 8639467.846, 115
Trd, 8639468.079, 114
Trd, 8639468.746, 109
Trd, 8639468.946, 94
Trd, 8639469.279, 83
Trd, 8639469.479, 127
Trd, 8639470.212, 122
Trd, 8639470.812, 125
Trd, 8639471.212, 117
Trd, 8639471.479, 100
Trd, 8639471.712, 138
Trd, 8639472.012, 95
Trd, 8639472.179, 89
Trd, 8639472.379, 64
Trd, 8639472.912, 86
Trd, 8639473.179, 133
Trd, 8639473.379, 134
Trd, 8639474.679, 128
Trd, 8639474.846, 118
Trd, 8639474.879, 84
Trd, 8639475.379, 84
Trd, 8639476.579, 92
Trd, 8639476.812, 112
Trd, 8639476.846, 90
Trd, 8639477.079, 79
Trd, 8639477.712, 130
Trd, 8639478.112, 120
Trd, 8639478.712, 125
Trd, 8639478.912, 79
Trd, 8639480.246, 79
Trd, 8639480.312, 94
Trd, 8639480.879, 114
Trd, 8639481.779, 102
Trd, 8639482.146, 99
Trd, 8639482.312, 90
Trd, 8639482.879, 106
Trd, 8639482.979, 83
Trd, 8639483.746, 118
Trd, 8639483.879, 124
Trd, 8639484.712, 92
Trd, 8639485.446, 125
Trd, 8639486.879, 103
Trd, 8639487.079, 108
Trd, 8639487.246, 114
Trd, 8639487.479, 99
Trd, 8639489.646, 97
Trd, 8639490.279, 130
Trd, 8639490.612, 122
Trd, 8639490.912, 118
Trd, 8639491.579, 116
Trd, 8639491.979, 113
Trd, 8639492.679, 100
Trd, 8639492.779, 101
Trd, 8639492.879, 135
Trd, 8639493.112, 99
Trd, 8639494.246, 128
Trd, 8639494.612, 132
Trd, 8639495.079, 108
Trd, 8639495.279, 94
Trd, 8639495.679, 116
Trd, 8639496.546, 134
Trd, 8639496.812, 111
Trd, 8639496.879, 106
Trd, 8639497.079, 94
Trd, 8639497.146, 81
Trd, 8639498.446, 107
Trd, 8639498.546, 108
Trd, 8639498.712, 105
Trd, 8639499.246, 110
Trd, 8639499.879, 131
Trd, 8639500.812, 124
Trd, 8639501.679, 132
Trd, 8639501.746, 129
Trd, 8639501.979, 140
Trd, 8639502.646, 137
Trd, 8639502.779, 126
Trd, 8639503.079, 126
Trd, 8639503.112, 100
Trd, 8639503.146, 85
Trd, 8639503.746, 108
Trd, 8639504.479, 136
Trd, 8639504.579, 125
Trd, 8639505.779, 73
Trd, 8639506.346, 116
Trd, 8639506.712, 116
Trd, 8639507.079, 94
Trd, 8639507.512, 94
Trd, 8639508.146, 127
Trd, 8639508.179, 92
Trd, 8639508.612, 94
Trd, 8639508.812, 93
Trd, 8639508.979, 102
Trd, 8639509.279, 129
Trd, 8639509.479, 89
Trd, 8639509.646, 96
Trd, 8639511.679, 114
Trd, 8639511.979, 110
Trd, 8639512.012, 103
Trd, 8639512.412, 119
Trd, 8639512.512, 104
Trd, 8639513.146, 102
Trd, 8639513.712, 98
Trd, 8639513.879, 96
Trd, 8639514.346, 86
Trd, 8639514.646, 123
Trd, 8639515.112, 80
Trd, 8639515.446, 90
Trd, 8639515.912, 94
Trd, 8639516.012, 123
Trd, 8639516.546, 104
Trd, 8639517.612, 132
Trd, 8639517.979, 129
Trd, 8639518.346, 121
Trd, 8639519.179, 122
Trd, 8639519.412, 98
Trd, 8639519.446, 97
Trd, 8639519.779, 84
Trd, 8639520.146, 114
Trd, 8639520.246, 127
Trd, 8639522.646, 112
Trd, 8639523.046, 107
Trd, 8639523.179, 119
Trd, 8639523.546, 105
Trd, 8639523.946, 118
Trd, 8639524.546, 70
Trd, 8639524.779, 78
Trd, 8639525.179, 92
Trd, 8639525.512, 80
Trd, 8639526.012, 118
Trd, 8639526.112, 116
Trd, 8639526.379, 107
Trd, 8639526.746, 120
Trd, 8639527.546, 114
Trd, 8639527.579, 108
Trd, 8639528.112, 133
Trd, 8639528.946, 136
Trd, 8639529.812, 127
Trd, 8639530.046, 117
Trd, 8639530.079, 100
Trd, 8639531.512, 133
Trd, 8639532.446, 130
Trd, 8639532.746, 119
Trd, 8639532.979, 116
Trd, 8639533.379, 102
Trd, 8639534.012, 123
Trd, 8639534.046, 88
Trd, 8639534.746, 82
Trd, 8639535.012, 88
Trd, 8639535.446, 97
Trd, 8639535.879, 127
Trd, 8639537.012, 109
Trd, 8639537.046, 108
Trd, 8639537.646, 124
Trd, 8639538.046, 118
Trd, 8639538.246, 117
Trd, 8639538.879, 112
Trd, 8639538.912, 111
Trd, 8639539.146, 116
Trd, 8639539.912, 111
Trd, 8639540.279, 112
Trd, 8639541.412, 125
Trd, 8639541.546, 119
Trd, 8639541.679, 116
Trd, 8639541.879, 110
Trd, 8639542.079, 130
Trd, 8639542.579, 116
Trd, 8639542.712, 114
Trd, 8639542.879, 104
Trd, 8639544.012, 117
Trd, 8639544.579, 134
Trd, 8639544.912, 95
Trd, 8639545.012, 76
Trd, 8639545.946, 133
Trd, 8639546.479, 98
Trd, 8639546.612, 96
Trd, 8639547.279, 85
Trd, 8639547.812, 98
Trd, 8639548.079, 84
Trd, 8639550.512, 106
Trd, 8639550.779, 120
Trd, 8639550.946, 88
Trd, 8639551.446, 103
Trd, 8639551.479, 101
Trd, 8639551.612, 77
Trd, 8639552.546, 126
Trd, 8639553.446, 129
Trd, 8639553.712, 139
Trd, 8639554.079, 137
Trd, 8639554.246, 117
Trd, 8639554.879, 114
Trd, 8639555.046, 138
Trd, 8639555.079, 101
Trd, 8639555.146, 139
Trd, 8639556.812, 116
Trd, 8639556.879, 111
Trd, 8639557.446, 105
Trd, 8639557.546, 92
Trd, 8639559.912, 119
Trd, 8639560.512, 139
Trd, 8639560.946, 121
Trd, 8639561.746, 118
Trd, 8639561.979, 116
Trd, 8639562.779, 135
Trd, 8639563.212, 118
Trd, 8639563.346, 104
Trd, 8639563.912, 113
Trd, 8639564.179, 93
Trd, 8639564.512, 124
Trd, 8639565.012, 131
Trd, 8639565.679, 128
Trd, 8639566.912, 125
Trd, 8639567.612, 101
Trd, 8639568.546, 107
Trd, 8639568.579, 99
Trd, 8639568.912, 111
Trd, 8639569.279, 129
Trd, 8639569.679, 137
Trd, 8639570.279, 131
Trd, 8639570.912, 100
Trd, 8639571.046, 81
Trd, 8639571.546, 71
Trd, 8639572.112, 76
Trd, 8639572.212, 115
Trd, 8639572.946, 108
Trd, 8639573.246, 105
Trd, 8639574.279, 93
Trd, 8639574.712, 91
Trd, 8639574.846, 117
Trd, 8639574.879, 106
Trd, 8639575.146, 104
Trd, 8639575.379, 97
Trd, 8639576.612, 88
Trd, 8639578.046, 106
Trd, 8639578.079, 103
Trd, 8639578.779, 133
Trd, 8639578.846, 95
Trd, 8639578.879, 98
Trd, 8639579.579, 124
Trd, 8639579.846, 139
Trd, 8639580.479, 136
Trd, 8639581.179, 122
Trd, 8639581.612, 112
Trd, 8639582.379, 129
Trd, 8639582.679, 122
Trd, 8639583.012, 128
Trd, 8639583.179, 114
Trd, 8639584.479, 127
Trd, 8639585.079, 117
Trd, 8639585.246, 117
Trd, 8639586.246, 102
Trd, 8639586.279, 102
Trd, 8639586.779, 125
Trd, 8639586.846, 110
Trd, 8639587.079, 96
Trd, 8639587.179, 101
Trd, 8639587.446, 105
Trd, 8639588.846, 116
Trd, 8639589.079, 121
Trd, 8639589.212, 131
Trd, 8639589.879, 134
Trd, 8639589.979, 115
Trd, 8639590.679, 94
Trd, 8639591.079, 139
Trd, 8639591.979, 119
Trd, 8639592.746, 105
Trd, 8639592.946, 131
Trd, 8639593.912, 122
Trd, 8639594.312, 134
Trd, 8639594.346, 112
Trd, 8639594.546, 105
Trd, 8639594.846, 97
Trd, 8639595.146, 121
Trd, 8639595.446, 132
Trd, 8639595.879, 82
Trd, 8639596.112, 98
Trd, 8639596.412, 84
Trd, 8639596.846, 76
Trd, 8639597.079, 74
Trd, 8639597.646, 95
Trd, 8639598.846, 121
Trd, 8639599.212, 139
Trd, 8639600.146, 104
Trd, 8639600.646, 125
Trd, 8639600.912, 99
Trd, 8639601.646, 107
Trd, 8639602.079, 100
Trd, 8639602.379, 127
Trd, 8639603.712, 123
Trd, 8639604.246, 98
Trd, 8639604.479, 116
Trd, 8639604.612, 76
Trd, 8639605.146, 124
Trd, 8639605.246, 123
Trd, 8639605.279, 80
Trd, 8639606.046, 80
Trd, 8639607.312, 137
Trd, 8639607.946, 129
Trd, 8639607.979, 118
Trd, 8639608.279, 123
Trd, 8639608.712, 117
Trd, 8639608.779, 114
Trd, 8639608.812, 107
Trd, 8639608.979, 98
Trd, 8639609.346, 108
Trd, 8639609.546, 140
Trd, 8639610.279, 121
Trd, 8639610.412, 127
Trd, 8639611.912, 137
Trd, 8639612.412, 134
Trd, 8639613.746, 95
Trd, 8639614.312, 92
Trd, 8639614.412, 96
Trd, 8639614.612, 128
Trd, 8639615.212, 131
Trd, 8639615.279, 123
Trd, 8639616.146, 134
Trd, 8639616.546, 119
Trd, 8639616.612, 116
Trd, 8639617.379, 117
Trd, 8639618.346, 119
Trd, 8639618.546, 128
Trd, 8639619.246, 119
Trd, 8639619.279, 109
Trd, 8639619.712, 119
Trd, 8639620.379, 102
Trd, 8639621.046, 94
Trd, 8639621.179, 88
Trd, 8639621.612, 79
Trd, 8639621.646, 69
Trd, 8639621.912, 101
Trd, 8639622.579, 99
Trd, 8639622.779, 121
Trd, 8639623.012, 98
Trd, 8639623.679, 97
Trd, 8639624.246, 103
Trd, 8639624.879, 101
Trd, 8639626.146, 96
Trd, 8639626.546, 114
Trd, 8639627.279, 128
Trd, 8639627.512, 105
Trd, 8639627.546, 91
Trd, 8639627.912, 98
Trd, 8639627.979, 86
Trd, 8639628.279, 132
Trd, 8639628.846, 93
Trd, 8639629.046, 115
Trd, 8639629.946, 123
Trd, 8639630.446, 108
Trd, 8639630.546, 88
Trd, 8639631.312, 133
Trd, 8639631.479, 100
Trd, 8639631.912, 85
Trd, 8639632.112, 94
Trd, 8639632.612, 114
Trd, 8639633.279, 124
Trd, 8639633.879, 121
Trd, 8639634.446, 110
Trd, 8639634.779, 100
Trd, 8639635.079, 124
Trd, 8639635.179, 97
Trd, 8639635.412, 118
Trd, 8639636.579, 128
Trd, 8639637.312, 123
Trd, 8639638.046, 131
Trd, 8639638.379, 127
Trd, 8639639.112, 119
Trd, 8639639.712, 109
Trd, 8639639.779, 108
Trd, 8639640.146, 110
Trd, 8639640.712, 108
Trd, 8639641.446, 132
Trd, 8639641.812, 135
Trd, 8639642.379, 79
Trd, 8639642.679, 65
Trd, 8639642.912, 89
Trd, 8639644.046, 128
Trd, 8639644.412, 125
Trd, 8639644.812, 110
Trd, 8639645.279, 114
Trd, 8639645.379, 109
Trd, 8639646.112, 110
Trd, 8639646.679, 117
Trd, 8639646.812, 101
Trd, 8639647.479, 102
Trd, 8639648.046, 113
Trd, 8639648.379, 124
Trd, 8639648.612, 138
Trd, 8639648.646, 94
Trd, 8639650.146, 96
Trd, 8639650.846, 106
Trd, 8639651.012, 117
Trd, 8639651.079, 104
Trd, 8639651.579, 117
Trd, 8639652.012, 87
Trd, 8639652.379, 112
Trd, 8639652.479, 88
Trd, 8639652.646, 134
Trd, 8639653.579, 123
Trd, 8639654.312, 79
Trd, 8639655.646, 125
Trd, 8639656.146, 124
Trd, 8639656.912, 98
Trd, 8639657.212, 123
Trd, 8639657.679, 104
Trd, 8639657.912, 94
Trd, 8639658.046, 114
Trd, 8639658.079, 115
Trd, 8639659.446, 111
Trd, 8639660.012, 124
Trd, 8639660.546, 132
Trd, 8639660.879, 116
Trd, 8639661.312, 113
Trd, 8639661.379, 108
Trd, 8639662.212, 139
Trd, 8639663.479, 140
Trd, 8639663.612, 136
Trd, 8639663.712, 135
Trd, 8639664.512, 139
Trd, 8639664.679, 125
Trd, 8639665.079, 110
Trd, 8639666.246, 136
Trd, 8639666.646, 128
Trd, 8639666.846, 127
Trd, 8639667.279, 140
Trd, 8639668.446, 137
Trd, 8639668.712, 117
Trd, 8639668.946, 98
Trd, 8639669.012, 101
Trd, 8639669.646, 87
Trd, 8639670.012, 86
Trd, 8639670.912, 98
Trd, 8639671.112, 72
Trd, 8639671.579, 117
Trd, 8639671.812, 112
Trd, 8639671.912, 92
Trd, 8639672.112, 113
Trd, 8639672.679, 76
Trd, 8639673.079, 90
Trd, 8639673.412, 92
Trd, 8639674.346, 118
Trd, 8639675.146, 106
Trd, 8639676.112, 105
Trd, 8639676.579, 109
Trd, 8639677.746, 88
Trd, 8639678.012, 103
Trd, 8639678.246, 123
Trd, 8639678.846, 134
Trd, 8639678.912, 114
Trd, 8639678.946, 87
Trd, 8639679.879, 125
Trd, 8639681.046, 115
Trd, 8639681.246, 102
Trd, 8639681.746, 90
Trd, 8639682.146, 109
Trd, 8639682.779, 110
Trd, 8639683.712, 103
Trd, 8639684.412, 111
Trd, 8639684.646, 101
Trd, 8639685.312, 123
Trd, 8639685.512, 127
Trd, 8639685.546, 121
Trd, 8639685.612, 106
Trd, 8639686.779, 121
Trd, 8639687.412, 123
Trd, 8639687.646, 132
Trd, 8639688.012, 127
Trd, 8639688.912, 134
Trd, 8639689.612, 131
Trd, 8639690.146, 127
Trd, 8639691.046, 124
Trd, 8639691.546, 124
Trd, 8639692.146, 121
Trd, 8639692.179, 117
Trd, 8639692.279, 117
Trd, 8639692.546, 102
Trd, 8639693.512, 130
Trd, 8639693.679, 122
Trd, 8639694.512, 98
Trd, 8639695.079, 113
Trd, 8639695.412, 116
Trd, 8639696.512, 139
Trd, 8639696.779, 128
Trd, 8639697.112, 102
Trd, 8639697.612, 94
Trd, 8639698.012, 102
Trd, 8639698.179, 118
Trd, 8639698.812, 73
Trd, 8639698.979, 100
Trd, 8639699.346, 88
Trd, 8639699.579, 72
Trd, 8639700.112, 78
Trd, 8639700.846, 89
Trd, 8639700.946, 91
Trd, 8639702.446, 60
Trd, 8639703.412, 112
Trd, 8639703.512, 98
Trd, 8639704.379, 93
Trd, 8639704.612, 92
Trd, 8639704.879, 99
Trd, 8639705.479, 105
Trd, 8639706.279, 98
Trd, 8639706.512, 94
Trd, 8639707.479, 137
Trd, 8639707.979, 131
Trd, 8639708.512, 130
Trd, 8639708.546, 127
Trd, 8639708.579, 121
Trd, 8639708.946, 120
Trd, 8639709.046, 138
Trd, 8639709.712, 132
Trd, 8639710.446, 139
Trd, 8639711.146, 132
Trd, 8639711.779, 101
Trd, 8639712.046, 120
Trd, 8639712.379, 110
Trd, 8639713.646, 102
Trd, 8639713.946, 106
Trd, 8639714.079, 101
Trd, 8639714.512, 113
Trd, 8639714.846, 102
Trd, 8639715.412, 95
Trd, 8639716.012, 132
Trd, 8639716.212, 110
Trd, 8639716.712, 98
Trd, 8639717.146, 89
Trd, 8639717.179, 87
Trd, 8639717.412, 119
Trd, 8639717.679, 134
Trd, 8639718.546, 128
Trd, 8639719.379, 124
Trd, 8639720.079, 133
Trd, 8639720.179, 104
Trd, 8639720.779, 102
Trd, 8639721.412, 84
Trd, 8639722.179, 99
Trd, 8639722.446, 106
Trd, 8639723.179, 135
Trd, 8639724.312, 132
Trd, 8639724.646, 124
Trd, 8639725.312, 131
Trd, 8639725.579, 107
Trd, 8639725.846, 108
Trd, 8639726.679, 102
Trd, 8639726.879, 94
Trd, 8639727.412, 116
Trd, 8639728.246, 129
Trd, 8639728.412, 126
Trd, 8639728.446, 116
Trd, 8639728.812, 118
Trd, 8639729.346, 140
Trd, 8639729.679, 107
Trd, 8639730.012, 96
Trd, 8639730.346, 109
Trd, 8639731.112, 130
Trd, 8639731.679, 138
Trd, 8639731.712, 127
Trd, 8639732.179, 120
Trd, 8639732.446, 101
Trd, 8639732.646, 87
Trd, 8639733.246, 91
Trd, 8639733.612, 125
Trd, 8639734.246, 71
Trd, 8639735.546, 101
Trd, 8639735.979, 130
Trd, 8639736.246, 109
Trd, 8639736.279, 106
Trd, 8639736.979, 114
Trd, 8639737.279, 87
Trd, 8639737.612, 112
Trd, 8639738.012, 107
Trd, 8639738.046, 90
Trd, 8639738.379, 62
Trd, 8639739.579, 129
Trd, 8639740.179, 115
Trd, 8639740.279, 83
Trd, 8639740.712, 114
Trd, 8639741.546, 100
Trd, 8639742.379, 99
Trd, 8639742.446, 93
Trd, 8639742.912, 86
Trd, 8639744.046, 119
Trd, 8639744.512, 132
Trd, 8639744.746, 111
Trd, 8639745.012, 126
Trd, 8639745.679, 118
Trd, 8639746.146, 100
Trd, 8639746.846, 99
Trd, 8639747.012, 98
Trd, 8639747.046, 80
Trd, 8639747.479, 105
Trd, 8639748.679, 89
Trd, 8639748.846, 105
Trd, 8639749.279, 78
Trd, 8639749.379, 114
Trd, 8639750.679, 110
Trd, 8639752.346, 135
Trd, 8639752.446, 133
Trd, 8639752.579, 112
Trd, 8639753.012, 101
Trd, 8639753.379, 98
Trd, 8639753.479, 94
Trd, 8639753.612, 104
Trd, 8639754.079, 93
Trd, 8639754.579, 82
Trd, 8639754.612, 98
Trd, 8639754.979, 88
Trd, 8639755.279, 109
Trd, 8639756.312, 137
Trd, 8639756.612, 110
Trd, 8639757.579, 123
Trd, 8639757.646, 108
Trd, 8639757.746, 105
Trd, 8639758.979, 137
Trd, 8639759.712, 131
Trd, 8639759.812, 128
Trd, 8639759.946, 127
Trd, 8639760.212, 123
Trd, 8639760.412, 112
Trd, 8639760.946, 103
Trd, 8639761.846, 104
Trd, 8639762.212, 110
Trd, 8639762.946, 127
Trd, 8639763.079, 134
Trd, 8639763.579, 125
Trd, 8639764.679, 98
Trd, 8639764.712, 103
Trd, 8639765.279, 97
Trd, 8639765.446, 105
Trd, 8639765.646, 71
Trd, 8639766.179, 73
Trd, 8639766.546, 89
Trd, 8639766.946, 69
Trd, 8639767.112, 77
Trd, 8639767.246, 82
Trd, 8639767.712, 69
Trd, 8639768.512, 79
Trd, 8639769.479, 89
Trd, 8639769.512, 103
Trd, 8639769.879, 114
Trd, 8639770.279, 71
Trd, 8639771.579, 102
Trd, 8639771.779, 85
Trd, 8639772.146, 131
Trd, 8639772.312, 113
Trd, 8639772.879, 131
Trd, 8639773.979, 112
Trd, 8639774.579, 112
Trd, 8639774.712, 107
Trd, 8639775.712, 130
Trd, 8639776.046, 116
Trd, 8639776.846, 140
Trd, 8639777.379, 99
Trd, 8639777.612, 91
Trd, 8639777.746, 90
Trd, 8639779.079, 131
Trd, 8639779.212, 124
Trd, 8639779.346, 114
Trd, 8639780.479, 124
Trd, 8639780.579, 124
Trd, 8639780.812, 122
Trd, 8639781.212, 97
Trd, 8639781.512, 90
Trd, 8639781.579, 83
Trd, 8639781.846, 121
Trd, 8639782.479, 131
Trd, 8639783.946, 124
Trd, 8639785.812, 125
Trd, 8639786.646, 121
Trd, 8639787.179, 117
Trd, 8639787.712, 114
Trd, 8639787.946, 130
Trd, 8639788.712, 105
Trd, 8639788.779, 97
Trd, 8639789.079, 107
Trd, 8639789.146, 89
Trd, 8639789.312, 88
Trd, 8639789.879, 121
Trd, 8639790.546, 136
Trd, 8639791.012, 120
Trd, 8639791.846, 136
Trd, 8639791.946, 125
Trd, 8639792.279, 117
Trd, 8639793.179, 85
Trd, 8639793.546, 92
Trd, 8639793.746, 122
Trd, 8639794.079, 105
Trd, 8639795.246, 82
Trd, 8639795.346, 99
Trd, 8639796.079, 84
Trd, 8639796.312, 96
Trd, 8639796.612, 105
Trd, 8639797.012, 112
Trd, 8639797.546, 101
Trd, 8639798.746, 115
Trd, 8639799.012, 133
Trd, 8639799.812, 115
Trd, 8639800.579, 94
Trd, 8639800.712, 107
Trd, 8639800.879, 125
Trd, 8639801.312, 106
Trd, 8639801.979, 99
Trd, 8639802.412, 92
Trd, 8639802.679, 117
Trd, 8639802.779, 112
Trd, 8639803.179, 125
Trd, 8639804.212, 95
Trd, 8639804.846, 83
Trd, 8639805.079, 82
Trd, 8639805.212, 116
Trd, 8639806.079, 131
Trd, 8639806.246, 100
Trd, 8639807.479, 113
Trd, 8639808.479, 118
Trd, 8639808.546, 99
Trd, 8639808.679, 112
Trd, 8639808.846, 92
Trd, 8639809.312, 77
Trd, 8639810.212, 79
Trd, 8639810.812, 93
Trd, 8639811.046, 115
Trd, 8639811.246, 102
Trd, 8639811.546, 75
Trd, 8639811.746, 82
Trd, 8639812.279, 109
Trd, 8639812.412, 94
Trd, 8639813.146, 91
Trd, 8639814.812, 132
Trd, 8639814.846, 117
Trd, 8639816.412, 127
Trd, 8639816.446, 101
Trd, 8639816.679, 128
Trd, 8639817.112, 112
Trd, 8639817.246, 88
Trd, 8639817.612, 127
Trd, 8639818.412, 137
Trd, 8639818.979, 108
Trd, 8639819.412, 138
Trd, 8639819.646, 134
Trd, 8639820.079, 137
Trd, 8639820.646, 122
Trd, 8639821.112, 124
Trd, 8639821.179, 102
Trd, 8639821.512, 131
Trd, 8639822.146, 120
Trd, 8639822.446, 107
Trd, 8639823.712, 137
Trd, 8639823.746, 82
Trd, 8639824.312, 132
Trd, 8639824.812, 116
Trd, 8639825.579, 135
Trd, 8639825.979, 138
Trd, 8639826.512, 103
Trd, 8639827.112, 131
Trd, 8639827.879, 78
Trd, 8639829.012, 125
Trd, 8639829.212, 114
Trd, 8639830.279, 110
Trd, 8639830.812, 114
Trd, 8639830.912, 115
Trd, 8639831.812, 100
Trd, 8639832.579, 72
Trd, 8639832.812, 82
Trd, 8639832.912, 129
Trd, 8639833.512, 91
Trd, 8639833.612, 117
Trd, 8639834.179, 88
Trd, 8639834.946, 109
Trd, 8639835.546, 84
Trd, 8639836.746, 109
Trd, 8639837.512, 114
Trd, 8639837.612, 111
Trd, 8639838.212, 124
Trd, 8639838.579, 104
Trd, 8639839.779, 102
Trd, 8639839.846, 94
Trd, 8639839.946, 93
Trd, 8639840.779, 135
Trd, 8639841.446, 136
Trd, 8639841.512, 129
Trd, 8639842.046, 118
Trd, 8639842.412, 115
Trd, 8639843.079, 113
Trd, 8639843.146, 111
Trd, 8639843.612, 107
Trd, 8639843.679, 104
Trd, 8639844.179, 129
Trd, 8639844.279, 99
Trd, 8639845.179, 108
Trd, 8639845.546, 110
Trd, 8639845.879, 83
Trd, 8639846.212, 122
Trd, 8639846.379, 83
Trd, 8639847.579, 112
Trd, 8639847.746, 107
Trd, 8639848.479, 99
Trd, 8639850.146, 83
Trd, 8639850.346, 98
Trd, 8639850.846, 117
Trd, 8639851.346, 79
Trd, 8639852.412, 107
Trd, 8639852.512, 101
Trd, 8639852.746, 71
Trd, 8639852.846, 98
Trd, 8639853.512, 121
Trd, 8639853.846, 118
Trd, 8639854.212, 110
Trd, 8639854.446, 98
Trd, 8639855.846, 109
Trd, 8639856.412, 131
Trd, 8639856.712, 138
Trd, 8639856.846, 124
Trd, 8639857.379, 135
Trd, 8639857.412, 134
Trd, 8639858.412, 126
Trd, 8639858.812, 111
Trd, 8639858.912, 107
Trd, 8639860.046, 114
Trd, 8639860.512, 130
Trd, 8639861.046, 110
Trd, 8639861.079, 103
Trd, 8639861.846, 138
Trd, 8639862.046, 132
Trd, 8639862.812, 109
Trd, 8639863.546, 108
Trd, 8639863.912, 106
Trd, 8639864.346, 104
Trd, 8639864.779, 132
Trd, 8639865.112, 137
Trd, 8639865.412, 115
Trd, 8639865.712, 124
Trd, 8639866.179, 120
Trd, 8639866.546, 99
Trd, 8639867.112, 129
Trd, 8639868.146, 130
Trd, 8639868.179, 121
Trd, 8639868.312, 68
Trd, 8639868.812, 70
Trd, 8639869.279, 73
Trd, 8639870.246, 96
Trd, 8639870.346, 103
Trd, 8639870.579, 131
Trd, 8639871.346, 85
Trd, 8639871.679, 138
Trd, 8639871.779, 83
Trd, 8639872.279, 129
Trd, 8639872.312, 124
Trd, 8639872.779, 121
Trd, 8639873.846, 107
Trd, 8639873.979, 107
Trd, 8639874.046, 91
Trd, 8639874.746, 87
Trd, 8639874.912, 113
Trd, 8639875.846, 137
Trd, 8639876.446, 126
Trd, 8639876.846, 102
Trd, 8639877.346, 122
Trd, 8639877.979, 121
Trd, 8639878.046, 106
Trd, 8639878.279, 103
Trd, 8639879.246, 136
Trd, 8639879.312, 131
Trd, 8639879.479, 127
Trd, 8639880.612, 118
Trd, 8639881.346, 132
Trd, 8639882.146, 92
Trd, 8639882.279, 110
Trd, 8639883.612, 106
Trd, 8639883.846, 101
Trd, 8639884.046, 78
Trd, 8639884.179, 90
Trd, 8639885.512, 134
Trd, 8639885.679, 132
Trd, 8639885.946, 111
Trd, 8639886.746, 103
Trd, 8639886.912, 85
Trd, 8639887.046, 126
Trd, 8639887.379, 76
Trd, 8639888.212, 100
Trd, 8639888.579, 88
Trd, 8639889.046, 112
Trd, 8639889.312, 63
Trd, 8639890.079, 133
Trd, 8639890.279, 94
Trd, 8639891.112, 102
Trd, 8639891.146, 66
Trd, 8639891.546, 93
Trd, 8639892.179, 100
Trd, 8639892.446, 73
Trd, 8639893.279, 140
Trd, 8639893.912, 117
Trd, 8639894.212, 131
Trd, 8639895.079, 116
Trd, 8639895.179, 113
Trd, 8639895.312, 105
Trd, 8639895.379, 102
Trd, 8639895.446, 97
Trd, 8639895.512, 93
Trd, 8639895.812, 75
Trd, 8639897.346, 129
Trd, 8639897.379, 126
Trd, 8639897.512, 119
Trd, 8639897.812, 108
Trd, 8639898.346, 120
Trd, 8639899.346, 138
Trd, 8639900.012, 139
Trd, 8639900.079, 133
Trd, 8639900.979, 115
Trd, 8639901.879, 81
Trd, 8639902.079, 113
Trd, 8639902.712, 93
Trd, 8639903.046, 135
Trd, 8639903.379, 128
Trd, 8639903.946, 129
Trd, 8639904.046, 125
Trd, 8639904.879, 105
Trd, 8639905.379, 104
Trd, 8639906.112, 99
Trd, 8639906.912, 86
Trd, 8639907.346, 115
Trd, 8639907.579, 79
Trd, 8639907.846, 115
Trd, 8639908.279, 117
Trd, 8639908.679, 87
Trd, 8639908.846, 114
Trd, 8639909.212, 97
Trd, 8639910.279, 99
Trd, 8639910.912, 120
Trd, 8639911.012, 112
Trd, 8639911.146, 119
Trd, 8639911.712, 134
Trd, 8639913.546, 109
Trd, 8639913.946, 124
Trd, 8639914.779, 100
Trd, 8639915.112, 104
Trd, 8639915.979, 107
Trd, 8639916.712, 110
Trd, 8639917.212, 105
Trd, 8639917.479, 120
Trd, 8639918.112, 116
Trd, 8639919.079, 106
Trd, 8639920.479, 137
Trd, 8639920.546, 133
Trd, 8639920.712, 118
Trd, 8639920.746, 113
Trd, 8639921.779, 111
Trd, 8639922.646, 110
Trd, 8639922.712, 106
Trd, 8639922.812, 102
Trd, 8639923.546, 119
Trd, 8639923.912, 115
Trd, 8639924.112, 112
Trd, 8639924.879, 122
Trd, 8639925.312, 109
Trd, 8639925.546, 106
Trd, 8639925.579, 105
Trd, 8639925.812, 103
Trd, 8639926.812, 112
Trd, 8639926.979, 71
Trd, 8639927.146, 94
Trd, 8639927.479, 76
Trd, 8639927.912, 82
Trd, 8639928.579, 106
Trd, 8639929.146, 90
Trd, 8639929.346, 111
Trd, 8639929.979, 119
Trd, 8639930.579, 125
Trd, 8639931.012, 96
Trd, 8639932.746, 109
Trd, 8639933.046, 101
Trd, 8639933.279, 100
Trd, 8639933.312, 93
Trd, 8639933.379, 95
Trd, 8639934.646, 102
Trd, 8639934.946, 107
Trd, 8639935.179, 92
Trd, 8639935.279, 117
Trd, 8639935.646, 117
Trd, 8639936.312, 134
Trd, 8639937.079, 100
Trd, 8639937.246, 81
Trd, 8639937.379, 78
Trd, 8639937.646, 89
Trd, 8639938.479, 85
Trd, 8639938.946, 122
Trd, 8639939.079, 91
Trd, 8639939.212, 128
Trd, 8639939.379, 79
Trd, 8639939.712, 128
Trd, 8639941.146, 90
Trd, 8639941.379, 93
Trd, 8639941.412, 104
Trd, 8639941.512, 87
Trd, 8639941.879, 87
Trd, 8639942.079, 87
Trd, 8639942.979, 71
Trd, 8639944.179, 124
Trd, 8639945.379, 108
Trd, 8639945.846, 127
Trd, 8639946.312, 125
Trd, 8639946.479, 122
Trd, 8639948.679, 100
Trd, 8639948.812, 105
Trd, 8639949.012, 99
Trd, 8639949.246, 107
Trd, 8639949.679, 135
Trd, 8639950.212, 109
Trd, 8639950.312, 111
Trd, 8639950.812, 104
Trd, 8639951.612, 109
Trd, 8639953.179, 129
Trd, 8639953.246, 129
Trd, 8639953.346, 118
Trd, 8639953.479, 135
Trd, 8639954.279, 123
Trd, 8639954.912, 122
Trd, 8639955.079, 120
Trd, 8639955.512, 140
Trd, 8639955.546, 135
Trd, 8639955.712, 123
Trd, 8639956.012, 96
Trd, 8639956.312, 109
Trd, 8639957.212, 94
Trd, 8639957.446, 89
Trd, 8639958.246, 137
Trd, 8639958.779, 130
Trd, 8639959.079, 128
Trd, 8639959.112, 124
Trd, 8639959.412, 107
Trd, 8639959.879, 140
Trd, 8639961.079, 132
Trd, 8639961.112, 116
Trd, 8639962.612, 120
Trd, 8639962.679, 111
Trd, 8639963.112, 109
Trd, 8639963.312, 115
Trd, 8639964.446, 119
Trd, 8639964.979, 106
Trd, 8639965.212, 120
Trd, 8639965.679, 105
Trd, 8639965.879, 93
Trd, 8639966.946, 137
Trd, 8639967.312, 131
Trd, 8639968.046, 123
Trd, 8639968.712, 124
Trd, 8639968.812, 122
Trd, 8639968.979, 119
Trd, 8639969.312, 107
Trd, 8639969.646, 129
Trd, 8639969.679, 100
Trd, 8639969.879, 90
Trd, 8639970.479, 124
Trd, 8639971.879, 126
Trd, 8639972.412, 128
Trd, 8639973.012, 106
Trd, 8639973.646, 140
Trd, 8639974.212, 126
Trd, 8639974.246, 117
Trd, 8639975.179, 126
Trd, 8639975.879, 130
Trd, 8639976.379, 118
Trd, 8639976.479, 116
Trd, 8639976.712, 109
Trd, 8639976.879, 108
Trd, 8639977.112, 106
Trd, 8639977.312, 99
Trd, 8639977.479, 87
Trd, 8639978.646, 122
Trd, 8639979.612, 116
Trd, 8639979.646, 109
Trd, 8639979.879, 105
Trd, 8639980.912, 116
Trd, 8639981.179, 115
Trd, 8639981.679, 112
Trd, 8639983.012, 133
Trd, 8639983.379, 133
Trd, 8639983.612, 112
Trd, 8639984.579, 138
Trd, 8639985.046, 128
Trd, 8639985.112, 127
Trd, 8639985.346, 121
Trd, 8639986.446, 109
Trd, 8639987.079, 107
Trd, 8639987.846, 109
Trd, 8639987.912, 100
Trd, 8639988.279, 102
Trd, 8639989.312, 96
Trd, 8639989.779, 96
Trd, 8639990.346, 90
Trd, 8639990.379, 88
Trd, 8639990.546, 71
Trd, 8639991.112, 99
Trd, 8639991.812, 121
Trd, 8639991.879, 105
Trd, 8639991.979, 113
Trd, 8639993.079, 97
Trd, 8639993.412, 114
Trd, 8639993.912, 111
Trd, 8639994.646, 111
Trd, 8639994.712, 128
Trd, 8639994.979, 108
Trd, 8639995.746, 139
Trd, 8639996.546, 93
Trd, 8639996.812, 86
Trd, 8639997.079, 108
Trd, 8639997.946, 130
Trd, 8639997.979, 106
Trd, 8639998.746, 133
Trd, 8639999.112, 115
Trd, 8639999.146, 114
Trd, 8639999.679, 126
