Trd, 8638798.412, 60
Trd, 8638798.679, 61
Trd, 8638798.812, 60
Trd, 8638799.112, 60
Trd, 8638799.479, 61
Trd, 8638800.012, 61
Trd, 8638800.279, 63
Trd, 8638800.746, 98
Trd, 8638801.179, 139
Trd, 8638801.512, 138
Trd, 8638802.446, 97
Trd, 8638802.546, 64
Trd, 8638803.279, 118
Trd, 8638803.712, 139
Trd, 8638804.112, 133
Trd, 8638804.146, 117
Trd, 8638804.612, 76
Trd, 8638805.179, 138
Trd, 8638805.612, 75
Trd, 8638805.879, 73
Trd, 8638807.112, 60
Trd, 8638807.579, 60
Trd, 8638808.312, 60
Trd, 8638808.446, 60
Trd, 8638808.579, 60
Trd, 8638808.646, 66
Trd, 8638808.679, 66
Trd, 8638809.412, 63
Trd, 8638809.912, 62
Trd, 8638810.446, 76
Trd, 8638810.712, 64
Trd, 8638810.812, 64
Trd, 8638810.946, 110
Trd, 8638811.179, 134
Trd, 8638811.446, 128
Trd, 8638812.079, 63
Trd, 8638812.679, 62
Trd, 8638813.179, 61
Trd, 8638813.579, 63
Trd, 8638814.012, 64
Trd, 8638814.179, 65
Trd, 8638814.579, 62
Trd, 8638815.446, 61
Trd, 8638815.612, 63
Trd, 8638816.512, 62
Trd, 8638816.812, 60
Trd, 8638817.346, 61
Trd, 8638818.446, 60
Trd, 8638818.979, 60
Trd, 8638820.646, 60
Trd, 8638820.679, 61
Trd, 8638820.712, 61
Trd, 8638820.946, 60
Trd, 8638821.779, 61
Trd, 8638822.279, 62
Trd, 8638822.612, 63
Trd, 8638822.746, 64
Trd, 8638822.912, 66
Trd, 8638822.979, 69
Trd, 8638823.246, 70
Trd, 8638823.512, 69
Trd, 8638823.546, 102
Trd, 8638824.012, 64
Trd, 8638824.712, 140
Trd, 8638824.946, 140
Trd, 8638825.779, 62
Trd, 8638825.879, 61
Trd, 8638826.412, 64
Trd, 8638826.479, 64
Trd, 8638826.712, 67
Trd, 8638826.746, 67
Trd, 8638827.246, 140
Trd, 8638828.346, 140
Trd, 8638828.412, 130
Trd, 8638828.746, 130
Trd, 8638829.479, 127
Trd, 8638830.646, 140
Trd, 8638830.812, 140
Trd, 8638831.279, 140
Trd, 8638831.312, 140
Trd, 8638831.779, 140
Trd, 8638832.146, 140
Trd, 8638832.679, 138
Trd, 8638832.812, 137
Trd, 8638833.812, 140
Trd, 8638835.112, 140
Trd, 8638835.179, 140
Trd, 8638835.512, 140
Trd, 8638835.546, 113
Trd, 8638836.212, 137
Trd, 8638836.412, 110
Trd, 8638837.512, 139
Trd, 8638837.912, 138
Trd, 8638838.112, 128
Trd, 8638838.212, 115
Trd, 8638838.546, 116
Trd, 8638839.479, 133
Trd, 8638839.512, 126
Trd, 8638839.579, 134
Trd, 8638839.812, 95
Trd, 8638840.512, 60
Trd, 8638840.646, 60
Trd, 8638841.212, 60
Trd, 8638841.546, 60
Trd, 8638841.812, 72
Trd, 8638842.779, 60
Trd, 8638842.979, 60
Trd, 8638844.279, 60
Trd, 8638844.379, 60
Trd, 8638844.546, 60
Trd, 8638844.779, 62
Trd, 8638845.246, 61
Trd, 8638845.346, 61
Trd, 8638845.446, 62
Trd, 8638845.546, 63
Trd, 8638845.912, 63
Trd, 8638846.212, 66
Trd, 8638846.379, 67
Trd, 8638846.879, 63
Trd, 8638847.379, 138
Trd, 8638848.112, 122
Trd, 8638848.646, 60
Trd, 8638848.879, 62
Trd, 8638849.279, 70
Trd, 8638849.612, 74
Trd, 8638850.246, 84
Trd, 8638850.612, 61
Trd, 8638851.012, 60
Trd, 8638852.079, 61
Trd, 8638852.846, 65
Trd, 8638852.879, 62
Trd, 8638853.179, 63
Trd, 8638853.246, 64
Trd, 8638853.579, 140
Trd, 8638853.846, 71
Trd, 8638854.512, 140
Trd, 8638854.812, 140
Trd, 8638854.912, 68
Trd, 8638855.179, 109
Trd, 8638855.846, 140
Trd, 8638856.279, 95
Trd, 8638856.912, 94
Trd, 8638857.546, 135
Trd, 8638857.712, 78
Trd, 8638858.012, 63
Trd, 8638858.112, 64
Trd, 8638858.279, 64
Trd, 8638858.446, 64
Trd, 8638858.846, 63
Trd, 8638859.046, 66
Trd, 8638859.679, 67
Trd, 8638860.379, 62
Trd, 8638862.412, 60
Trd, 8638863.379, 60
Trd, 8638863.512, 60
Trd, 8638863.679, 61
Trd, 8638863.812, 60
Trd, 8638864.046, 61
Trd, 8638864.179, 60
Trd, 8638864.346, 60
Trd, 8638864.979, 62
Trd, 8638865.446, 65
Trd, 8638865.579, 64
Trd, 8638865.912, 60
Trd, 8638866.479, 63
Trd, 8638867.712, 60
Trd, 8638867.912, 66
Trd, 8638868.179, 64
Trd, 8638868.446, 139
Trd, 8638868.912, 139
Trd, 8638869.112, 138
Trd, 8638869.679, 119
Trd, 8638869.979, 109
Trd, 8638870.379, 140
Trd, 8638871.246, 108
Trd, 8638872.379, 93
Trd, 8638872.446, 92
Trd, 8638872.879, 111
Trd, 8638873.912, 140
Trd, 8638874.379, 140
Trd, 8638875.146, 140
Trd, 8638875.312, 140
Trd, 8638875.446, 139
Trd, 8638875.579, 140
Trd, 8638875.912, 140
Trd, 8638876.279, 139
Trd, 8638876.412, 129
Trd, 8638876.479, 128
Trd, 8638877.146, 139
Trd, 8638878.012, 138
Trd, 8638878.446, 139
Trd, 8638878.812, 139
Trd, 8638878.846, 128
Trd, 8638879.379, 90
Trd, 8638880.012, 60
Trd, 8638880.879, 60
Trd, 8638881.412, 60
Trd, 8638881.712, 60
Trd, 8638881.812, 60
Trd, 8638882.112, 60
Trd, 8638882.346, 60
Trd, 8638882.579, 62
Trd, 8638882.712, 62
Trd, 8638883.046, 60
Trd, 8638883.612, 67
Trd, 8638884.112, 61
Trd, 8638884.412, 64
Trd, 8638884.846, 60
Trd, 8638884.979, 62
Trd, 8638885.979, 64
Trd, 8638886.312, 65
Trd, 8638886.379, 69
Trd, 8638886.746, 69
Trd, 8638886.779, 66
Trd, 8638887.046, 62
Trd, 8638887.646, 63
Trd, 8638888.112, 75
Trd, 8638888.146, 76
Trd, 8638888.946, 140
Trd, 8638889.312, 112
Trd, 8638889.446, 140
Trd, 8638889.879, 139
Trd, 8638890.479, 69
Trd, 8638890.512, 64
Trd, 8638891.379, 140
Trd, 8638891.612, 107
Trd, 8638891.846, 106
Trd, 8638892.279, 140
Trd, 8638892.512, 98
Trd, 8638893.579, 101
Trd, 8638893.979, 140
Trd, 8638894.579, 139
Trd, 8638894.612, 138
Trd, 8638894.712, 128
Trd, 8638894.979, 103
Trd, 8638895.712, 139
Trd, 8638896.179, 123
Trd, 8638896.346, 120
Trd, 8638897.112, 121
Trd, 8638897.979, 140
Trd, 8638898.446, 140
Trd, 8638898.746, 140
Trd, 8638898.912, 128
Trd, 8638899.412, 137
Trd, 8638900.146, 140
Trd, 8638900.246, 137
Trd, 8638900.446, 136
Trd, 8638900.712, 104
Trd, 8638901.479, 101
Trd, 8638902.046, 140
Trd, 8638903.079, 140
Trd, 8638903.212, 139
Trd, 8638903.379, 140
Trd, 8638903.646, 132
Trd, 8638903.846, 140
Trd, 8638904.146, 133
Trd, 8638904.679, 138
Trd, 8638905.012, 127
Trd, 8638905.079, 126
Trd, 8638905.979, 140
Trd, 8638907.246, 139
Trd, 8638907.312, 128
Trd, 8638908.412, 121
Trd, 8638908.646, 140
Trd, 8638908.846, 119
Trd, 8638908.912, 108
Trd, 8638909.379, 84
Trd, 8638909.512, 83
Trd, 8638909.679, 65
Trd, 8638910.112, 139
Trd, 8638911.379, 60
Trd, 8638912.079, 60
Trd, 8638912.212, 60
Trd, 8638912.279, 60
Trd, 8638912.912, 60
Trd, 8638912.979, 60
Trd, 8638913.479, 63
Trd, 8638913.512, 66
Trd, 8638913.946, 60
Trd, 8638914.179, 64
Trd, 8638914.512, 66
Trd, 8638914.612, 67
Trd, 8638915.579, 62
Trd, 8638916.079, 62
Trd, 8638916.312, 65
Trd, 8638916.412, 76
Trd, 8638916.746, 61
Trd, 8638918.612, 60
Trd, 8638918.646, 60
Trd, 8638919.646, 60
Trd, 8638921.179, 60
Trd, 8638921.379, 60
Trd, 8638921.612, 61
Trd, 8638921.746, 60
Trd, 8638921.979, 60
Trd, 8638922.879, 60
Trd, 8638923.246, 60
Trd, 8638923.412, 60
Trd, 8638923.679, 60
Trd, 8638923.779, 62
Trd, 8638923.946, 63
Trd, 8638924.279, 60
Trd, 8638924.679, 140
Trd, 8638924.879, 61
Trd, 8638926.246, 140
Trd, 8638926.546, 140
Trd, 8638926.979, 92
Trd, 8638927.079, 60
Trd, 8638927.546, 60
Trd, 8638928.279, 137
Trd, 8638928.646, 126
Trd, 8638928.779, 86
Trd, 8638928.979, 134
Trd, 8638929.146, 85
Trd, 8638929.846, 136
Trd, 8638930.046, 101
Trd, 8638930.146, 87
Trd, 8638930.946, 127
Trd, 8638930.979, 126
Trd, 8638931.379, 74
Trd, 8638931.646, 94
Trd, 8638933.012, 140
Trd, 8638933.079, 139
Trd, 8638933.379, 136
Trd, 8638933.446, 114
Trd, 8638934.079, 140
Trd, 8638934.446, 140
Trd, 8638934.479, 140
Trd, 8638934.546, 128
Trd, 8638937.712, 140
Trd, 8638938.112, 140
Trd, 8638938.479, 140
Trd, 8638938.679, 140
Trd, 8638939.212, 140
Trd, 8638939.712, 140
Trd, 8638939.979, 140
Trd, 8638940.012, 140
Trd, 8638940.112, 138
Trd, 8638940.546, 138
Trd, 8638941.212, 129
Trd, 8638941.612, 112
Trd, 8638942.112, 140
Trd, 8638942.546, 114
Trd, 8638942.612, 89
Trd, 8638943.246, 74
Trd, 8638943.379, 74
Trd, 8638943.412, 72
Trd, 8638943.546, 139
Trd, 8638944.112, 60
Trd, 8638944.512, 60
Trd, 8638944.879, 60
Trd, 8638945.312, 61
Trd, 8638945.979, 60
Trd, 8638946.112, 61
Trd, 8638946.246, 61
Trd, 8638946.446, 70
Trd, 8638947.246, 139
Trd, 8638947.379, 138
Trd, 8638947.446, 137
Trd, 8638947.812, 134
Trd, 8638947.912, 140
Trd, 8638948.112, 124
Trd, 8638950.346, 140
Trd, 8638950.379, 140
Trd, 8638950.579, 140
Trd, 8638950.846, 138
Trd, 8638951.179, 137
Trd, 8638951.246, 127
Trd, 8638951.679, 98
Trd, 8638951.746, 95
Trd, 8638951.979, 78
Trd, 8638952.646, 63
Trd, 8638953.546, 63
Trd, 8638953.879, 60
Trd, 8638954.046, 62
Trd, 8638954.246, 70
Trd, 8638954.312, 85
Trd, 8638955.746, 136
Trd, 8638955.779, 135
Trd, 8638955.979, 135
Trd, 8638956.079, 76
Trd, 8638957.246, 81
Trd, 8638957.646, 139
Trd, 8638958.579, 85
Trd, 8638958.979, 89
Trd, 8638959.379, 137
Trd, 8638959.679, 139
Trd, 8638960.446, 140
Trd, 8638960.579, 140
Trd, 8638960.679, 136
Trd, 8638961.846, 139
Trd, 8638962.179, 131
Trd, 8638962.346, 132
Trd, 8638963.812, 140
Trd, 8638964.046, 140
Trd, 8638964.212, 139
Trd, 8638964.579, 140
Trd, 8638964.812, 140
Trd, 8638964.979, 139
Trd, 8638965.146, 139
Trd, 8638965.679, 140
Trd, 8638967.146, 140
Trd, 8638967.279, 139
Trd, 8638967.546, 140
Trd, 8638967.779, 128
Trd, 8638969.046, 140
Trd, 8638969.146, 90
Trd, 8638969.946, 140
Trd, 8638970.479, 140
Trd, 8638971.646, 140
Trd, 8638971.679, 140
Trd, 8638971.712, 140
Trd, 8638971.812, 139
Trd, 8638972.046, 140
Trd, 8638972.279, 128
Trd, 8638974.112, 140
Trd, 8638974.746, 140
Trd, 8638974.879, 140
Trd, 8638975.046, 140
Trd, 8638975.279, 139
Trd, 8638975.746, 92
Trd, 8638975.979, 140
Trd, 8638976.112, 140
Trd, 8638976.712, 140
Trd, 8638977.246, 138
Trd, 8638977.579, 140
Trd, 8638977.979, 115
Trd, 8638978.679, 137
Trd, 8638979.379, 136
Trd, 8638979.612, 133
Trd, 8638979.679, 132
Trd, 8638979.746, 139
Trd, 8638980.379, 122
Trd, 8638980.679, 93
Trd, 8638980.946, 138
Trd, 8638981.512, 60
Trd, 8638982.012, 63
Trd, 8638982.446, 60
Trd, 8638982.679, 60
Trd, 8638982.746, 60
Trd, 8638983.146, 60
Trd, 8638983.246, 64
Trd, 8638985.079, 60
Trd, 8638985.346, 60
Trd, 8638985.546, 60
Trd, 8638985.746, 62
Trd, 8638986.046, 60
Trd, 8638986.579, 63
Trd, 8638986.979, 60
Trd, 8638987.079, 63
Trd, 8638987.279, 61
Trd, 8638987.379, 64
Trd, 8638987.412, 66
Trd, 8638988.146, 70
Trd, 8638988.479, 62
Trd, 8638988.646, 121
Trd, 8638988.912, 62
Trd, 8638989.979, 61
Trd, 8638990.412, 63
Trd, 8638990.712, 61
Trd, 8638991.246, 60
Trd, 8638991.546, 60
Trd, 8638991.612, 65
Trd, 8638992.246, 66
Trd, 8638992.612, 66
Trd, 8638993.279, 60
Trd, 8638993.812, 62
Trd, 8638994.179, 63
Trd, 8638994.312, 62
Trd, 8638994.679, 63
Trd, 8638994.746, 64
Trd, 8638995.246, 65
Trd, 8638996.246, 140
Trd, 8638996.446, 99
Trd, 8638996.479, 93
Trd, 8638996.912, 139
Trd, 8638997.279, 138
Trd, 8638997.612, 139
Trd, 8638997.979, 62
Trd, 8638998.612, 140
Trd, 8638999.279, 140
Trd, 8638999.312, 140
Trd, 8638999.479, 140
Trd, 8638999.579, 140
Trd, 8639000.246, 140
Trd, 8639000.512, 132
Trd, 8639000.579, 132
Trd, 8639001.746, 125
Trd, 8639002.279, 140
Trd, 8639002.512, 140
Trd, 8639002.812, 122
Trd, 8639003.679, 62
Trd, 8639003.979, 63
Trd, 8639004.079, 65
Trd, 8639004.312, 73
Trd, 8639004.579, 64
Trd, 8639004.946, 139
Trd, 8639005.279, 63
Trd, 8639005.679, 140
Trd, 8639006.646, 138
Trd, 8639006.846, 107
Trd, 8639007.379, 63
Trd, 8639007.646, 62
Trd, 8639008.146, 66
Trd, 8639008.879, 62
Trd, 8639009.579, 62
Trd, 8639010.146, 62
Trd, 8639010.179, 65
Trd, 8639010.946, 60
Trd, 8639011.346, 61
Trd, 8639011.912, 60
Trd, 8639012.146, 60
Trd, 8639012.979, 60
Trd, 8639013.379, 63
Trd, 8639013.746, 63
Trd, 8639013.812, 74
Trd, 8639013.946, 62
Trd, 8639013.979, 75
Trd, 8639014.012, 60
Trd, 8639015.479, 121
Trd, 8639016.012, 62
Trd, 8639016.379, 61
Trd, 8639016.612, 62
Trd, 8639017.112, 60
Trd, 8639017.146, 60
Trd, 8639017.579, 68
Trd, 8639018.046, 93
Trd, 8639018.712, 67
Trd, 8639019.346, 60
Trd, 8639019.979, 60
Trd, 8639020.112, 61
Trd, 8639020.312, 63
Trd, 8639021.179, 61
Trd, 8639021.246, 61
Trd, 8639021.779, 60
Trd, 8639021.879, 60
Trd, 8639022.146, 61
Trd, 8639022.612, 67
Trd, 8639022.946, 63
Trd, 8639023.046, 69
Trd, 8639023.812, 74
Trd, 8639023.879, 73
Trd, 8639024.412, 60
Trd, 8639025.012, 60
Trd, 8639025.146, 67
Trd, 8639025.446, 138
Trd, 8639025.579, 86
Trd, 8639025.912, 140
Trd, 8639026.379, 60
Trd, 8639026.446, 60
Trd, 8639027.012, 68
Trd, 8639028.346, 140
Trd, 8639028.479, 140
Trd, 8639028.612, 140
Trd, 8639029.646, 140
Trd, 8639030.012, 140
Trd, 8639030.112, 140
Trd, 8639030.246, 139
Trd, 8639030.346, 128
Trd, 8639030.746, 60
Trd, 8639031.012, 62
Trd, 8639032.679, 60
Trd, 8639032.712, 60
Trd, 8639032.746, 60
Trd, 8639033.712, 60
Trd, 8639033.746, 62
Trd, 8639033.979, 67
Trd, 8639034.412, 65
Trd, 8639034.446, 66
Trd, 8639034.479, 68
Trd, 8639035.846, 65
Trd, 8639035.879, 67
Trd, 8639036.479, 65
Trd, 8639036.646, 60
Trd, 8639037.546, 60
Trd, 8639037.979, 60
Trd, 8639038.579, 60
Trd, 8639039.012, 61
Trd, 8639039.212, 60
Trd, 8639039.412, 60
Trd, 8639039.612, 62
Trd, 8639039.946, 63
Trd, 8639040.046, 61
Trd, 8639040.379, 60
Trd, 8639041.079, 60
Trd, 8639041.212, 60
Trd, 8639042.246, 60
Trd, 8639042.512, 60
Trd, 8639042.712, 60
Trd, 8639044.546, 61
Trd, 8639044.679, 61
Trd, 8639044.712, 64
Trd, 8639045.279, 65
Trd, 8639046.446, 60
Trd, 8639046.712, 60
Trd, 8639046.812, 60
Trd, 8639046.846, 60
Trd, 8639047.012, 60
Trd, 8639047.512, 60
Trd, 8639047.612, 61
Trd, 8639048.346, 61
Trd, 8639048.379, 60
Trd, 8639049.112, 61
Trd, 8639049.146, 61
Trd, 8639049.412, 62
Trd, 8639050.379, 67
Trd, 8639050.479, 85
Trd, 8639051.012, 64
Trd, 8639051.112, 63
Trd, 8639051.712, 64
Trd, 8639051.812, 60
Trd, 8639052.179, 60
Trd, 8639052.346, 61
Trd, 8639052.946, 60
Trd, 8639053.412, 60
Trd, 8639053.646, 60
Trd, 8639054.312, 63
Trd, 8639054.579, 64
Trd, 8639054.646, 69
Trd, 8639054.879, 137
Trd, 8639055.679, 62
Trd, 8639056.246, 61
Trd, 8639057.012, 61
Trd, 8639057.046, 61
Trd, 8639057.112, 65
Trd, 8639057.146, 60
Trd, 8639057.579, 64
Trd, 8639057.779, 69
Trd, 8639059.179, 60
Trd, 8639059.746, 60
Trd, 8639060.112, 60
Trd, 8639060.479, 60
Trd, 8639060.712, 61
Trd, 8639061.446, 61
Trd, 8639061.546, 64
Trd, 8639062.279, 60
Trd, 8639062.346, 61
Trd, 8639062.979, 61
Trd, 8639063.012, 64
Trd, 8639063.179, 60
Trd, 8639063.746, 61
Trd, 8639063.946, 66
Trd, 8639064.246, 140
Trd, 8639064.312, 140
Trd, 8639065.179, 64
Trd, 8639065.679, 87
Trd, 8639065.812, 67
Trd, 8639066.712, 72
Trd, 8639067.079, 140
Trd, 8639067.346, 140
Trd, 8639067.446, 69
Trd, 8639067.812, 62
Trd, 8639069.746, 140
Trd, 8639070.246, 140
Trd, 8639070.479, 140
Trd, 8639070.779, 140
Trd, 8639070.946, 123
Trd, 8639071.312, 119
Trd, 8639071.512, 110
Trd, 8639071.779, 109
Trd, 8639071.879, 62
Trd, 8639072.746, 140
Trd, 8639072.812, 140
Trd, 8639073.179, 60
Trd, 8639073.579, 140
Trd, 8639074.012, 140
Trd, 8639074.546, 140
Trd, 8639075.512, 140
Trd, 8639076.012, 138
Trd, 8639076.079, 128
Trd, 8639076.546, 140
Trd, 8639077.412, 140
Trd, 8639077.812, 139
Trd, 8639077.912, 114
Trd, 8639077.979, 109
Trd, 8639078.479, 65
Trd, 8639079.779, 60
Trd, 8639080.012, 60
Trd, 8639080.312, 61
Trd, 8639080.646, 63
Trd, 8639080.679, 64
Trd, 8639082.046, 64
Trd, 8639082.412, 65
Trd, 8639082.779, 61
Trd, 8639083.279, 65
Trd, 8639083.346, 66
Trd, 8639084.179, 140
Trd, 8639084.246, 140
Trd, 8639084.546, 140
Trd, 8639084.712, 135
Trd, 8639084.779, 138
Trd, 8639085.679, 97
Trd, 8639085.712, 90
Trd, 8639086.246, 140
Trd, 8639086.746, 140
Trd, 8639087.712, 140
Trd, 8639087.879, 140
Trd, 8639088.012, 140
Trd, 8639088.146, 140
Trd, 8639088.579, 118
Trd, 8639088.679, 139
Trd, 8639088.946, 92
Trd, 8639089.146, 140
Trd, 8639089.212, 72
Trd, 8639090.279, 62
Trd, 8639090.646, 62
Trd, 8639091.279, 62
Trd, 8639091.446, 69
Trd, 8639092.146, 61
Trd, 8639092.712, 62
Trd, 8639093.379, 60
Trd, 8639093.546, 61
Trd, 8639094.279, 61
Trd, 8639094.846, 60
Trd, 8639095.246, 63
Trd, 8639095.479, 63
Trd, 8639095.979, 60
Trd, 8639096.046, 66
Trd, 8639096.846, 61
Trd, 8639097.079, 60
Trd, 8639097.612, 62
Trd, 8639097.712, 63
Trd, 8639097.879, 65
Trd, 8639097.979, 65
Trd, 8639098.112, 65
Trd, 8639098.546, 63
Trd, 8639099.279, 60
Trd, 8639100.179, 62
Trd, 8639100.279, 63
Trd, 8639100.346, 67
Trd, 8639101.979, 61
Trd, 8639102.612, 66
Trd, 8639102.946, 60
Trd, 8639103.246, 61
Trd, 8639103.312, 60
Trd, 8639103.446, 64
Trd, 8639104.246, 64
Trd, 8639104.446, 66
Trd, 8639104.512, 67
Trd, 8639104.646, 85
Trd, 8639104.712, 64
Trd, 8639104.846, 63
Trd, 8639105.179, 61
Trd, 8639105.646, 65
Trd, 8639106.712, 140
Trd, 8639107.079, 140
Trd, 8639108.012, 140
Trd, 8639108.112, 140
Trd, 8639108.646, 139
Trd, 8639108.946, 137
Trd, 8639109.246, 85
Trd, 8639109.979, 61
Trd, 8639111.346, 63
Trd, 8639111.746, 60
Trd, 8639112.246, 61
Trd, 8639112.479, 64
Trd, 8639112.646, 64
Trd, 8639112.846, 60
Trd, 8639113.012, 62
Trd, 8639114.246, 64
Trd, 8639114.312, 63
Trd, 8639115.146, 63
Trd, 8639115.579, 64
Trd, 8639115.712, 73
Trd, 8639115.779, 74
Trd, 8639116.012, 61
Trd, 8639116.312, 63
Trd, 8639116.812, 61
Trd, 8639117.479, 60
Trd, 8639117.979, 60
Trd, 8639118.046, 60
Trd, 8639118.646, 65
Trd, 8639118.746, 66
Trd, 8639118.879, 66
Trd, 8639119.179, 60
Trd, 8639119.512, 66
Trd, 8639119.646, 63
Trd, 8639120.179, 71
Trd, 8639120.846, 60
Trd, 8639121.512, 62
Trd, 8639122.112, 61
Trd, 8639122.146, 67
Trd, 8639122.512, 140
Trd, 8639122.746, 125
Trd, 8639123.546, 67
Trd, 8639124.346, 60
Trd, 8639124.379, 60
Trd, 8639125.146, 60
Trd, 8639126.646, 60
Trd, 8639127.979, 60
Trd, 8639128.012, 60
Trd, 8639128.112, 60
Trd, 8639128.346, 60
Trd, 8639128.479, 65
Trd, 8639128.646, 63
Trd, 8639128.946, 60
Trd, 8639129.012, 61
Trd, 8639129.212, 60
Trd, 8639129.279, 64
Trd, 8639129.379, 62
Trd, 8639129.812, 60
Trd, 8639130.812, 61
Trd, 8639131.812, 62
Trd, 8639131.979, 60
Trd, 8639132.279, 64
Trd, 8639132.312, 65
Trd, 8639133.646, 61
Trd, 8639133.679, 60
Trd, 8639134.146, 63
Trd, 8639134.279, 66
Trd, 8639134.412, 140
Trd, 8639135.046, 140
Trd, 8639135.246, 140
Trd, 8639136.712, 140
Trd, 8639137.046, 140
Trd, 8639138.012, 140
Trd, 8639138.479, 140
Trd, 8639138.612, 140
Trd, 8639138.679, 140
Trd, 8639138.779, 140
Trd, 8639138.912, 138
Trd, 8639139.012, 140
Trd, 8639139.846, 139
Trd, 8639140.546, 110
Trd, 8639140.646, 93
Trd, 8639141.246, 64
Trd, 8639141.779, 63
Trd, 8639141.912, 64
Trd, 8639142.046, 64
Trd, 8639142.346, 63
Trd, 8639142.479, 64
Trd, 8639143.046, 60
Trd, 8639143.512, 60
Trd, 8639144.546, 61
Trd, 8639144.612, 62
Trd, 8639144.846, 61
Trd, 8639145.079, 60
Trd, 8639145.612, 61
Trd, 8639145.946, 61
Trd, 8639146.079, 62
Trd, 8639146.246, 62
Trd, 8639146.312, 64
Trd, 8639146.546, 61
Trd, 8639146.646, 62
Trd, 8639147.446, 124
Trd, 8639147.712, 123
Trd, 8639147.846, 111
Trd, 8639148.579, 63
Trd, 8639149.879, 60
Trd, 8639150.879, 60
Trd, 8639151.679, 61
Trd, 8639151.879, 62
Trd, 8639152.312, 62
Trd, 8639152.546, 62
Trd, 8639152.679, 61
Trd, 8639152.912, 63
Trd, 8639153.479, 65
Trd, 8639153.579, 63
Trd, 8639153.612, 67
Trd, 8639153.946, 63
Trd, 8639154.279, 62
Trd, 8639155.012, 138
Trd, 8639155.179, 126
Trd, 8639155.312, 95
Trd, 8639155.979, 60
Trd, 8639156.246, 62
Trd, 8639156.646, 63
Trd, 8639157.079, 60
Trd, 8639157.279, 62
Trd, 8639157.912, 70
Trd, 8639158.546, 60
Trd, 8639159.579, 60
Trd, 8639159.612, 60
Trd, 8639160.612, 60
Trd, 8639161.246, 60
Trd, 8639161.579, 60
Trd, 8639161.712, 60
Trd, 8639162.912, 60
Trd, 8639163.546, 60
Trd, 8639164.346, 60
Trd, 8639164.512, 61
Trd, 8639165.012, 60
Trd, 8639165.212, 61
Trd, 8639165.746, 61
Trd, 8639166.146, 61
Trd, 8639166.312, 62
Trd, 8639166.379, 61
Trd, 8639166.579, 62
Trd, 8639167.279, 60
Trd, 8639167.646, 60
Trd, 8639168.179, 60
Trd, 8639168.279, 60
Trd, 8639168.546, 61
Trd, 8639168.846, 60
Trd, 8639169.046, 60
Trd, 8639170.412, 60
Trd, 8639170.779, 61
Trd, 8639170.912, 61
Trd, 8639171.012, 62
Trd, 8639171.112, 60
Trd, 8639171.312, 65
Trd, 8639171.746, 62
Trd, 8639172.179, 62
Trd, 8639172.312, 66
Trd, 8639172.612, 140
Trd, 8639172.979, 140
Trd, 8639173.446, 140
Trd, 8639173.579, 139
Trd, 8639173.846, 139
Trd, 8639174.046, 129
Trd, 8639174.612, 61
Trd, 8639175.079, 60
Trd, 8639175.379, 60
Trd, 8639175.446, 60
Trd, 8639175.546, 113
Trd, 8639176.312, 61
Trd, 8639176.612, 126
Trd, 8639176.746, 111
Trd, 8639177.612, 60
Trd, 8639178.246, 60
Trd, 8639179.679, 60
Trd, 8639180.512, 61
Trd, 8639180.712, 60
Trd, 8639180.746, 60
Trd, 8639181.012, 62
Trd, 8639181.412, 63
Trd, 8639181.779, 61
Trd, 8639182.412, 61
Trd, 8639182.812, 62
Trd, 8639183.379, 60
Trd, 8639183.512, 62
Trd, 8639183.812, 63
Trd, 8639184.112, 65
Trd, 8639184.612, 66
Trd, 8639185.112, 64
Trd, 8639185.812, 63
Trd, 8639186.512, 61
Trd, 8639186.646, 61
Trd, 8639187.679, 62
Trd, 8639187.979, 64
Trd, 8639188.012, 73
Trd, 8639188.112, 74
Trd, 8639188.712, 63
Trd, 8639188.779, 62
Trd, 8639189.079, 65
Trd, 8639190.046, 63
Trd, 8639190.312, 62
Trd, 8639190.646, 62
Trd, 8639190.712, 61
Trd, 8639190.979, 61
Trd, 8639191.579, 60
Trd, 8639192.212, 62
Trd, 8639192.412, 61
Trd, 8639192.479, 64
Trd, 8639192.879, 60
Trd, 8639192.979, 60
Trd, 8639193.346, 60
Trd, 8639193.746, 120
Trd, 8639194.112, 138
Trd, 8639194.379, 136
Trd, 8639195.246, 93
Trd, 8639195.479, 92
Trd, 8639196.446, 63
Trd, 8639196.546, 64
Trd, 8639197.079, 66
Trd, 8639197.446, 140
Trd, 8639197.546, 139
Trd, 8639197.679, 119
Trd, 8639198.012, 119
Trd, 8639198.346, 137
Trd, 8639199.046, 139
Trd, 8639199.412, 137
Trd, 8639200.746, 140
Trd, 8639201.112, 140
Trd, 8639202.179, 140
Trd, 8639202.779, 140
Trd, 8639203.512, 140
Trd, 8639203.746, 140
Trd, 8639203.912, 140
Trd, 8639204.079, 140
Trd, 8639204.112, 140
Trd, 8639204.146, 137
Trd, 8639204.179, 128
Trd, 8639205.579, 140
Trd, 8639205.812, 140
Trd, 8639206.312, 140
Trd, 8639206.612, 140
Trd, 8639206.879, 140
Trd, 8639207.446, 140
Trd, 8639207.646, 140
Trd, 8639207.879, 126
Trd, 8639208.346, 120
Trd, 8639208.679, 86
Trd, 8639209.179, 60
Trd, 8639209.512, 65
Trd, 8639210.579, 140
Trd, 8639210.746, 132
Trd, 8639211.579, 138
Trd, 8639211.746, 135
Trd, 8639211.779, 128
Trd, 8639212.379, 106
Trd, 8639212.646, 105
Trd, 8639213.212, 140
Trd, 8639213.879, 140
Trd, 8639214.246, 140
Trd, 8639214.646, 140
Trd, 8639215.779, 140
Trd, 8639215.979, 139
Trd, 8639216.712, 139
Trd, 8639217.012, 138
Trd, 8639217.246, 137
Trd, 8639217.979, 140
Trd, 8639218.012, 124
Trd, 8639218.946, 140
Trd, 8639218.979, 139
Trd, 8639219.379, 110
Trd, 8639219.579, 93
Trd, 8639220.712, 140
Trd, 8639220.746, 140
Trd, 8639220.912, 140
Trd, 8639221.246, 137
Trd, 8639221.679, 120
Trd, 8639222.246, 74
Trd, 8639222.379, 122
Trd, 8639222.412, 73
Trd, 8639224.479, 140
Trd, 8639224.612, 140
Trd, 8639224.746, 140
Trd, 8639225.746, 139
Trd, 8639226.446, 140
Trd, 8639226.679, 140
Trd, 8639227.012, 139
Trd, 8639227.079, 139
Trd, 8639228.146, 140
Trd, 8639228.846, 140
Trd, 8639229.346, 140
Trd, 8639229.579, 138
Trd, 8639229.746, 131
Trd, 8639230.546, 139
Trd, 8639231.012, 140
Trd, 8639231.146, 140
Trd, 8639231.346, 140
Trd, 8639231.512, 128
Trd, 8639231.579, 106
Trd, 8639232.612, 93
Trd, 8639232.779, 73
Trd, 8639234.279, 140
Trd, 8639234.612, 140
Trd, 8639234.646, 139
Trd, 8639235.179, 139
Trd, 8639235.412, 132
Trd, 8639235.746, 122
Trd, 8639236.379, 140
Trd, 8639236.646, 140
Trd, 8639236.846, 128
Trd, 8639237.712, 115
Trd, 8639238.046, 114
Trd, 8639239.079, 140
Trd, 8639239.112, 128
Trd, 8639240.279, 140
Trd, 8639240.679, 140
Trd, 8639241.279, 140
Trd, 8639241.646, 140
Trd, 8639242.212, 140
Trd, 8639242.246, 140
Trd, 8639242.412, 140
Trd, 8639242.846, 140
Trd, 8639243.446, 140
Trd, 8639243.612, 140
Trd, 8639243.679, 139
Trd, 8639244.112, 118
Trd, 8639244.979, 140
Trd, 8639245.279, 140
Trd, 8639245.946, 133
Trd, 8639246.012, 132
Trd, 8639246.112, 132
Trd, 8639246.779, 136
Trd, 8639246.879, 137
Trd, 8639247.112, 116
Trd, 8639248.046, 140
Trd, 8639248.212, 135
Trd, 8639248.412, 110
Trd, 8639249.912, 140
Trd, 8639250.079, 140
Trd, 8639251.312, 140
Trd, 8639251.446, 140
Trd, 8639251.946, 140
Trd, 8639252.379, 140
Trd, 8639252.979, 140
Trd, 8639253.146, 139
Trd, 8639253.512, 133
Trd, 8639254.446, 139
Trd, 8639254.646, 138
Trd, 8639254.812, 137
Trd, 8639255.246, 129
Trd, 8639255.346, 121
Trd, 8639255.412, 111
Trd, 8639256.846, 140
Trd, 8639257.412, 140
Trd, 8639257.812, 140
Trd, 8639258.146, 139
Trd, 8639258.446, 128
Trd, 8639258.479, 107
Trd, 8639258.579, 83
Trd, 8639259.312, 138
Trd, 8639260.146, 140
Trd, 8639260.212, 140
Trd, 8639260.246, 139
Trd, 8639261.112, 107
Trd, 8639261.812, 65
Trd, 8639262.046, 61
Trd, 8639262.646, 60
Trd, 8639262.812, 60
Trd, 8639263.112, 60
Trd, 8639263.179, 62
Trd, 8639263.279, 63
Trd, 8639264.446, 62
Trd, 8639264.879, 65
Trd, 8639266.046, 60
Trd, 8639266.412, 60
Trd, 8639267.179, 60
Trd, 8639268.346, 60
Trd, 8639268.879, 60
Trd, 8639268.946, 60
Trd, 8639269.446, 60
Trd, 8639269.579, 60
Trd, 8639269.712, 60
Trd, 8639269.912, 60
Trd, 8639270.379, 60
Trd, 8639270.512, 60
Trd, 8639270.679, 60
Trd, 8639271.412, 60
Trd, 8639272.112, 60
Trd, 8639272.346, 62
Trd, 8639272.746, 60
Trd, 8639273.179, 60
Trd, 8639274.146, 60
Trd, 8639274.746, 60
Trd, 8639275.046, 60
Trd, 8639275.146, 61
Trd, 8639275.279, 63
Trd, 8639275.612, 78
Trd, 8639275.779, 60
Trd, 8639276.512, 68
Trd, 8639277.112, 60
Trd, 8639277.612, 60
Trd, 8639277.679, 61
Trd, 8639278.312, 62
Trd, 8639278.912, 60
Trd, 8639279.079, 60
Trd, 8639279.412, 62
Trd, 8639279.712, 60
Trd, 8639280.112, 61
Trd, 8639280.446, 60
Trd, 8639281.679, 62
Trd, 8639281.846, 63
Trd, 8639282.946, 61
Trd, 8639283.179, 61
Trd, 8639283.346, 62
Trd, 8639283.712, 61
Trd, 8639283.912, 65
Trd, 8639284.279, 65
Trd, 8639285.779, 60
Trd, 8639285.912, 60
Trd, 8639285.946, 60
Trd, 8639286.479, 60
Trd, 8639287.446, 61
Trd, 8639287.846, 60
Trd, 8639288.112, 60
Trd, 8639288.912, 60
Trd, 8639289.179, 60
Trd, 8639289.846, 60
Trd, 8639289.879, 60
Trd, 8639289.912, 61
Trd, 8639290.046, 60
Trd, 8639290.646, 60
Trd, 8639290.912, 60
Trd, 8639291.212, 61
Trd, 8639291.679, 61
Trd, 8639292.012, 61
Trd, 8639293.112, 60
Trd, 8639293.579, 60
Trd, 8639294.079, 60
Trd, 8639294.279, 60
Trd, 8639294.379, 61
Trd, 8639294.646, 63
Trd, 8639294.746, 63
Trd, 8639294.779, 66
Trd, 8639294.846, 66
Trd, 8639295.079, 61
Trd, 8639295.546, 69
Trd, 8639296.079, 128
Trd, 8639296.379, 101
Trd, 8639296.946, 68
Trd, 8639297.246, 66
Trd, 8639297.579, 77
Trd, 8639298.012, 140
Trd, 8639298.312, 140
Trd, 8639298.546, 137
Trd, 8639298.946, 65
Trd, 8639299.712, 63
Trd, 8639300.012, 64
Trd, 8639300.146, 60
Trd, 8639300.412, 67
Trd, 8639300.646, 65
Trd, 8639301.246, 60
Trd, 8639301.346, 62
Trd, 8639302.412, 64
Trd, 8639302.512, 63
Trd, 8639303.646, 60
Trd, 8639303.812, 61
Trd, 8639304.079, 62
Trd, 8639304.112, 64
Trd, 8639304.212, 61
Trd, 8639304.646, 66
Trd, 8639305.379, 140
Trd, 8639305.746, 140
Trd, 8639305.979, 140
Trd, 8639307.112, 60
Trd, 8639307.279, 63
Trd, 8639308.379, 62
Trd, 8639308.446, 61
Trd, 8639309.312, 60
Trd, 8639309.412, 60
Trd, 8639309.712, 60
Trd, 8639309.912, 60
Trd, 8639310.012, 60
Trd, 8639310.579, 63
Trd, 8639310.679, 61
Trd, 8639310.712, 64
Trd, 8639311.012, 62
Trd, 8639311.112, 68
Trd, 8639311.246, 60
Trd, 8639311.779, 122
Trd, 8639312.712, 61
Trd, 8639312.779, 62
Trd, 8639313.746, 60
Trd, 8639314.246, 60
Trd, 8639314.346, 60
Trd, 8639314.646, 60
Trd, 8639315.179, 60
Trd, 8639315.712, 60
Trd, 8639315.979, 63
Trd, 8639316.146, 61
Trd, 8639316.812, 61
Trd, 8639316.912, 60
Trd, 8639317.146, 64
Trd, 8639317.546, 60
Trd, 8639318.046, 60
Trd, 8639318.079, 60
Trd, 8639318.512, 67
Trd, 8639319.146, 60
Trd, 8639319.979, 64
Trd, 8639320.246, 61
Trd, 8639320.346, 65
Trd, 8639320.879, 60
Trd, 8639321.279, 62
Trd, 8639321.679, 63
Trd, 8639322.179, 63
Trd, 8639322.479, 140
Trd, 8639323.512, 63
Trd, 8639323.546, 64
Trd, 8639324.646, 60
Trd, 8639325.412, 60
Trd, 8639325.812, 62
Trd, 8639325.879, 63
Trd, 8639327.012, 60
Trd, 8639327.446, 61
Trd, 8639327.512, 62
Trd, 8639327.846, 60
Trd, 8639327.879, 62
Trd, 8639327.979, 63
Trd, 8639328.246, 60
Trd, 8639328.979, 62
Trd, 8639329.079, 61
Trd, 8639330.379, 60
Trd, 8639330.946, 60
Trd, 8639331.079, 60
Trd, 8639331.379, 61
Trd, 8639331.479, 65
Trd, 8639332.112, 62
Trd, 8639332.379, 63
Trd, 8639332.712, 63
Trd, 8639333.146, 67
Trd, 8639333.179, 62
Trd, 8639333.546, 67
Trd, 8639333.946, 140
Trd, 8639334.112, 139
Trd, 8639334.646, 140
Trd, 8639334.879, 138
Trd, 8639336.179, 137
Trd, 8639336.246, 116
Trd, 8639336.379, 84
Trd, 8639337.746, 139
Trd, 8639337.779, 85
Trd, 8639338.179, 88
Trd, 8639338.579, 60
Trd, 8639338.812, 60
Trd, 8639338.879, 60
Trd, 8639340.379, 60
Trd, 8639340.579, 60
Trd, 8639340.946, 61
Trd, 8639340.979, 62
Trd, 8639341.479, 62
Trd, 8639341.712, 63
Trd, 8639342.212, 67
Trd, 8639342.346, 62
Trd, 8639342.412, 61
Trd, 8639343.179, 60
Trd, 8639343.712, 60
Trd, 8639344.012, 60
Trd, 8639344.412, 60
Trd, 8639344.512, 60
Trd, 8639344.612, 61
Trd, 8639344.746, 61
Trd, 8639344.812, 62
Trd, 8639345.012, 62
Trd, 8639345.779, 62
Trd, 8639345.846, 64
Trd, 8639346.912, 140
Trd, 8639346.979, 138
Trd, 8639347.712, 140
Trd, 8639348.046, 129
Trd, 8639348.712, 129
Trd, 8639349.546, 110
Trd, 8639349.746, 111
Trd, 8639349.779, 109
Trd, 8639351.646, 60
Trd, 8639352.012, 60
Trd, 8639352.179, 62
Trd, 8639352.379, 64
Trd, 8639352.512, 64
Trd, 8639352.879, 60
Trd, 8639353.312, 61
Trd, 8639353.546, 61
Trd, 8639353.612, 64
Trd, 8639353.979, 61
Trd, 8639354.046, 65
Trd, 8639354.846, 60
Trd, 8639354.946, 60
Trd, 8639355.412, 114
Trd, 8639355.546, 107
Trd, 8639356.046, 140
Trd, 8639356.646, 140
Trd, 8639357.279, 140
Trd, 8639357.479, 140
Trd, 8639358.112, 138
Trd, 8639358.246, 106
Trd, 8639358.979, 60
Trd, 8639359.379, 60
Trd, 8639360.512, 60
Trd, 8639361.579, 60
Trd, 8639361.679, 60
Trd, 8639362.212, 60
Trd, 8639362.346, 61
Trd, 8639362.579, 61
Trd, 8639362.812, 62
Trd, 8639363.079, 62
Trd, 8639363.946, 63
Trd, 8639364.112, 65
Trd, 8639364.312, 60
Trd, 8639364.579, 60
Trd, 8639365.079, 60
Trd, 8639365.379, 60
Trd, 8639365.546, 60
Trd, 8639365.946, 60
Trd, 8639366.246, 60
Trd, 8639366.579, 63
Trd, 8639366.779, 60
Trd, 8639367.646, 62
Trd, 8639367.712, 63
Trd, 8639367.879, 70
Trd, 8639368.179, 63
Trd, 8639368.779, 60
Trd, 8639369.212, 62
Trd, 8639370.446, 60
Trd, 8639370.546, 60
Trd, 8639370.646, 61
Trd, 8639371.579, 60
Trd, 8639372.112, 62
Trd, 8639372.812, 62
Trd, 8639372.946, 62
Trd, 8639373.246, 60
Trd, 8639373.779, 60
Trd, 8639373.879, 65
Trd, 8639374.812, 140
Trd, 8639374.979, 139
Trd, 8639375.312, 138
Trd, 8639375.779, 137
Trd, 8639376.246, 60
Trd, 8639377.079, 60
Trd, 8639378.112, 60
Trd, 8639378.146, 64
Trd, 8639378.712, 60
Trd, 8639379.112, 62
Trd, 8639379.146, 62
Trd, 8639379.612, 63
Trd, 8639379.946, 61
Trd, 8639380.212, 61
Trd, 8639380.412, 62
Trd, 8639380.846, 60
Trd, 8639381.479, 60
Trd, 8639381.646, 61
Trd, 8639381.912, 62
Trd, 8639382.212, 60
Trd, 8639382.779, 60
Trd, 8639383.279, 60
Trd, 8639383.679, 60
Trd, 8639383.946, 60
Trd, 8639384.312, 62
Trd, 8639384.346, 61
Trd, 8639384.479, 62
Trd, 8639384.612, 66
Trd, 8639385.046, 64
Trd, 8639385.312, 85
Trd, 8639385.946, 61
Trd, 8639386.212, 62
Trd, 8639386.312, 62
Trd, 8639386.446, 63
Trd, 8639386.479, 64
Trd, 8639387.679, 123
Trd, 8639387.812, 99
Trd, 8639388.846, 140
Trd, 8639389.379, 109
Trd, 8639389.812, 140
Trd, 8639389.879, 139
Trd, 8639390.446, 139
Trd, 8639390.879, 93
Trd, 8639390.979, 93
Trd, 8639391.079, 92
Trd, 8639391.512, 138
Trd, 8639391.946, 130
Trd, 8639392.279, 102
Trd, 8639392.579, 92
Trd, 8639393.346, 60
Trd, 8639393.446, 61
Trd, 8639394.079, 62
Trd, 8639394.512, 60
Trd, 8639394.579, 61
Trd, 8639394.912, 63
Trd, 8639395.146, 60
Trd, 8639395.246, 65
Trd, 8639395.379, 66
Trd, 8639395.946, 61
Trd, 8639396.112, 62
Trd, 8639396.946, 62
Trd, 8639397.646, 63
Trd, 8639397.679, 64
Trd, 8639398.346, 60
Trd, 8639399.246, 65
Trd, 8639399.646, 61
Trd, 8639399.812, 62
Trd, 8639400.779, 63
Trd, 8639401.479, 62
Trd, 8639401.512, 64
Trd, 8639401.612, 62
Trd, 8639401.946, 71
Trd, 8639402.046, 72
Trd, 8639402.379, 67
Trd, 8639402.712, 129
Trd, 8639402.746, 128
Trd, 8639403.112, 140
Trd, 8639403.512, 140
Trd, 8639403.746, 140
Trd, 8639404.212, 63
Trd, 8639404.512, 64
Trd, 8639404.979, 63
Trd, 8639405.846, 60
Trd, 8639406.846, 140
Trd, 8639407.146, 129
Trd, 8639407.679, 139
Trd, 8639407.712, 138
Trd, 8639408.046, 99
Trd, 8639408.779, 77
Trd, 8639408.846, 74
Trd, 8639409.546, 140
Trd, 8639411.012, 140
Trd, 8639411.112, 139
Trd, 8639411.746, 140
Trd, 8639411.812, 140
Trd, 8639412.546, 132
Trd, 8639412.712, 111
Trd, 8639412.746, 109
Trd, 8639412.846, 133
Trd, 8639412.912, 101
Trd, 8639414.446, 87
Trd, 8639414.746, 67
Trd, 8639414.979, 69
Trd, 8639415.612, 101
Trd, 8639415.812, 127
Trd, 8639416.212, 137
Trd, 8639416.346, 104
Trd, 8639416.379, 76
Trd, 8639417.312, 140
Trd, 8639417.379, 130
Trd, 8639417.479, 81
Trd, 8639418.112, 60
Trd, 8639418.146, 65
Trd, 8639418.246, 140
Trd, 8639419.279, 60
Trd, 8639419.712, 63
Trd, 8639419.946, 64
Trd, 8639420.446, 61
Trd, 8639420.479, 65
Trd, 8639421.479, 60
Trd, 8639421.846, 60
Trd, 8639422.079, 62
Trd, 8639422.312, 61
Trd, 8639422.512, 63
Trd, 8639423.579, 69
Trd, 8639423.746, 70
Trd, 8639423.912, 62
Trd, 8639424.179, 60
Trd, 8639425.279, 60
Trd, 8639425.379, 60
Trd, 8639425.946, 72
Trd, 8639426.012, 73
Trd, 8639426.179, 60
Trd, 8639426.479, 63
Trd, 8639426.979, 63
Trd, 8639428.612, 62
Trd, 8639428.679, 65
Trd, 8639429.046, 71
Trd, 8639429.779, 140
Trd, 8639429.812, 139
Trd, 8639430.579, 140
Trd, 8639430.746, 140
Trd, 8639430.879, 140
Trd, 8639430.946, 139
Trd, 8639431.046, 139
Trd, 8639431.312, 70
Trd, 8639431.812, 137
Trd, 8639432.079, 60
Trd, 8639433.312, 62
Trd, 8639434.412, 60
Trd, 8639434.646, 60
Trd, 8639435.746, 60
Trd, 8639435.912, 60
Trd, 8639436.512, 61
Trd, 8639436.912, 61
Trd, 8639436.946, 61
Trd, 8639437.046, 60
Trd, 8639437.246, 62
Trd, 8639437.446, 60
Trd, 8639437.846, 60
Trd, 8639438.179, 62
Trd, 8639438.646, 60
Trd, 8639438.679, 63
Trd, 8639438.779, 67
Trd, 8639439.046, 61
Trd, 8639439.346, 61
Trd, 8639439.846, 121
Trd, 8639440.079, 91
Trd, 8639440.679, 140
Trd, 8639440.712, 139
Trd, 8639441.379, 61
Trd, 8639441.479, 62
Trd, 8639441.679, 62
Trd, 8639441.979, 63
Trd, 8639442.846, 63
Trd, 8639444.079, 60
Trd, 8639444.246, 60
Trd, 8639444.612, 61
Trd, 8639444.846, 61
Trd, 8639445.179, 61
Trd, 8639445.279, 62
Trd, 8639445.612, 60
Trd, 8639446.112, 60
Trd, 8639446.579, 65
Trd, 8639446.846, 62
Trd, 8639447.612, 62
Trd, 8639447.646, 66
Trd, 8639447.812, 110
Trd, 8639448.212, 77
Trd, 8639449.046, 140
Trd, 8639449.346, 127
Trd, 8639449.679, 127
Trd, 8639449.712, 126
Trd, 8639450.279, 62
Trd, 8639450.579, 136
Trd, 8639451.779, 94
Trd, 8639451.879, 91
Trd, 8639451.946, 82
Trd, 8639452.112, 140
Trd, 8639452.646, 138
Trd, 8639452.812, 64
Trd, 8639453.679, 104
Trd, 8639454.012, 105
Trd, 8639454.512, 111
Trd, 8639455.079, 89
Trd, 8639455.446, 87
Trd, 8639455.746, 85
Trd, 8639456.079, 64
Trd, 8639456.246, 122
Trd, 8639456.379, 64
Trd, 8639457.746, 75
Trd, 8639457.846, 74
Trd, 8639457.946, 104
Trd, 8639458.046, 120
Trd, 8639458.246, 140
Trd, 8639458.979, 60
Trd, 8639459.746, 140
Trd, 8639459.979, 136
Trd, 8639460.546, 140
Trd, 8639460.879, 140
Trd, 8639461.012, 139
Trd, 8639461.246, 137
Trd, 8639461.346, 128
Trd, 8639462.312, 140
Trd, 8639462.512, 102
Trd, 8639463.046, 64
Trd, 8639463.646, 120
Trd, 8639464.379, 138
Trd, 8639464.579, 78
Trd, 8639465.346, 90
Trd, 8639465.379, 89
Trd, 8639466.079, 136
Trd, 8639466.546, 137
Trd, 8639466.612, 135
Trd, 8639466.846, 134
Trd, 8639467.112, 139
Trd, 8639467.379, 123
Trd, 8639467.546, 69
Trd, 8639468.212, 63
Trd, 8639468.612, 138
Trd, 8639468.879, 139
Trd, 8639469.712, 84
Trd, 8639469.879, 79
Trd, 8639471.079, 140
Trd, 8639471.546, 140
Trd, 8639472.312, 140
Trd, 8639472.346, 140
Trd, 8639472.579, 128
Trd, 8639473.712, 140
Trd, 8639473.846, 140
Trd, 8639474.079, 140
Trd, 8639474.212, 140
Trd, 8639474.746, 139
Trd, 8639474.912, 101
Trd, 8639475.079, 72
Trd, 8639475.612, 139
Trd, 8639475.646, 138
Trd, 8639476.446, 64
Trd, 8639476.879, 103
Trd, 8639477.479, 96
Trd, 8639477.546, 88
Trd, 8639477.912, 65
Trd, 8639478.146, 61
Trd, 8639478.379, 62
Trd, 8639478.412, 137
Trd, 8639478.546, 72
Trd, 8639479.379, 63
Trd, 8639479.912, 140
Trd, 8639480.446, 86
Trd, 8639480.679, 86
Trd, 8639481.179, 86
Trd, 8639481.279, 140
Trd, 8639481.412, 140
Trd, 8639481.979, 109
Trd, 8639482.212, 85
Trd, 8639483.579, 140
Trd, 8639483.846, 139
Trd, 8639483.979, 135
Trd, 8639484.346, 106
Trd, 8639484.679, 102
Trd, 8639485.412, 139
Trd, 8639485.546, 121
Trd, 8639486.246, 124
Trd, 8639486.512, 96
Trd, 8639487.379, 140
Trd, 8639488.012, 140
Trd, 8639488.312, 136
Trd, 8639488.779, 121
Trd, 8639488.879, 97
Trd, 8639489.279, 139
Trd, 8639489.746, 137
Trd, 8639490.212, 140
Trd, 8639490.846, 140
Trd, 8639491.479, 139
Trd, 8639491.579, 139
Trd, 8639492.612, 137
Trd, 8639492.979, 126
Trd, 8639493.179, 138
Trd, 8639493.812, 140
Trd, 8639494.079, 137
Trd, 8639495.312, 140
Trd, 8639495.579, 140
Trd, 8639495.746, 140
Trd, 8639495.912, 132
Trd, 8639496.146, 131
Trd, 8639496.246, 107
Trd, 8639497.279, 109
Trd, 8639497.446, 86
Trd, 8639497.879, 140
Trd, 8639498.446, 95
Trd, 8639499.112, 69
Trd, 8639499.179, 70
Trd, 8639500.146, 97
Trd, 8639500.479, 140
Trd, 8639501.446, 140
Trd, 8639501.546, 140
Trd, 8639501.612, 136
Trd, 8639501.779, 129
Trd, 8639501.879, 128
Trd, 8639502.146, 114
Trd, 8639502.912, 139
Trd, 8639502.946, 128
Trd, 8639503.212, 75
Trd, 8639504.046, 140
Trd, 8639504.646, 140
Trd, 8639505.046, 140
Trd, 8639505.646, 140
Trd, 8639505.812, 134
Trd, 8639506.079, 79
Trd, 8639507.046, 140
Trd, 8639507.279, 100
Trd, 8639507.679, 140
Trd, 8639507.912, 140
Trd, 8639509.979, 140
Trd, 8639510.046, 140
Trd, 8639510.346, 140
Trd, 8639511.212, 140
Trd, 8639511.379, 140
Trd, 8639512.279, 140
Trd, 8639512.446, 140
Trd, 8639512.712, 140
Trd, 8639512.812, 138
Trd, 8639513.112, 139
Trd, 8639513.712, 140
Trd, 8639513.979, 140
Trd, 8639514.112, 139
Trd, 8639514.279, 120
Trd, 8639514.379, 85
Trd, 8639515.146, 140
Trd, 8639515.712, 140
Trd, 8639516.012, 140
Trd, 8639516.579, 130
Trd, 8639517.046, 77
Trd, 8639518.046, 62
Trd, 8639518.979, 61
Trd, 8639519.346, 60
Trd, 8639519.579, 60
Trd, 8639519.679, 62
Trd, 8639520.079, 122
Trd, 8639520.346, 112
Trd, 8639520.579, 137
Trd, 8639520.879, 60
Trd, 8639521.946, 82
Trd, 8639522.546, 60
Trd, 8639522.646, 60
Trd, 8639523.746, 60
Trd, 8639524.912, 60
Trd, 8639525.346, 61
Trd, 8639525.546, 62
Trd, 8639525.746, 65
Trd, 8639525.812, 64
Trd, 8639525.846, 65
Trd, 8639526.846, 62
Trd, 8639527.312, 65
Trd, 8639527.612, 140
Trd, 8639528.146, 140
Trd, 8639528.246, 140
Trd, 8639528.279, 123
Trd, 8639528.412, 116
Trd, 8639529.812, 140
Trd, 8639529.846, 140
Trd, 8639529.979, 140
Trd, 8639530.379, 137
Trd, 8639531.412, 95
Trd, 8639531.579, 140
Trd, 8639532.046, 64
Trd, 8639532.412, 64
Trd, 8639532.712, 62
Trd, 8639532.879, 64
Trd, 8639533.079, 66
Trd, 8639533.346, 60
Trd, 8639533.612, 60
Trd, 8639534.579, 63
Trd, 8639534.946, 64
Trd, 8639535.312, 61
Trd, 8639535.546, 102
Trd, 8639535.779, 100
Trd, 8639536.879, 60
Trd, 8639537.379, 60
Trd, 8639537.479, 65
Trd, 8639537.746, 65
Trd, 8639538.112, 64
Trd, 8639538.612, 140
Trd, 8639538.779, 140
Trd, 8639539.512, 139
Trd, 8639540.046, 139
Trd, 8639540.579, 139
Trd, 8639541.446, 130
Trd, 8639541.546, 116
Trd, 8639541.946, 129
Trd, 8639542.379, 128
Trd, 8639542.812, 115
Trd, 8639544.179, 140
Trd, 8639544.746, 140
Trd, 8639544.946, 140
Trd, 8639545.446, 140
Trd, 8639545.679, 139
Trd, 8639546.446, 138
Trd, 8639546.812, 140
Trd, 8639547.179, 122
Trd, 8639548.179, 135
Trd, 8639548.479, 114
Trd, 8639548.679, 113
Trd, 8639548.779, 134
Trd, 8639549.246, 110
Trd, 8639549.346, 135
Trd, 8639550.246, 102
Trd, 8639550.279, 98
Trd, 8639550.679, 85
Trd, 8639550.812, 84
Trd, 8639551.112, 76
Trd, 8639552.379, 138
Trd, 8639552.412, 115
Trd, 8639552.612, 119
Trd, 8639552.946, 140
Trd, 8639553.079, 67
Trd, 8639553.412, 123
Trd, 8639553.912, 138
Trd, 8639554.679, 140
Trd, 8639554.712, 139
Trd, 8639555.446, 140
Trd, 8639556.479, 140
Trd, 8639557.079, 140
Trd, 8639557.146, 140
Trd, 8639557.379, 108
Trd, 8639557.546, 138
Trd, 8639557.712, 90
Trd, 8639557.979, 81
Trd, 8639558.846, 140
Trd, 8639558.879, 105
Trd, 8639559.746, 123
Trd, 8639560.546, 106
Trd, 8639561.179, 104
Trd, 8639561.579, 102
Trd, 8639561.612, 100
Trd, 8639561.646, 99
Trd, 8639562.346, 138
Trd, 8639563.479, 140
Trd, 8639563.512, 140
Trd, 8639564.279, 140
Trd, 8639564.712, 140
Trd, 8639565.012, 137
Trd, 8639565.612, 140
Trd, 8639565.679, 140
Trd, 8639566.012, 139
Trd, 8639566.679, 129
Trd, 8639567.046, 119
Trd, 8639567.246, 76
Trd, 8639567.946, 128
Trd, 8639568.012, 100
Trd, 8639568.946, 60
Trd, 8639569.212, 60
Trd, 8639569.512, 60
Trd, 8639569.612, 61
Trd, 8639569.879, 62
Trd, 8639569.946, 68
Trd, 8639570.612, 60
Trd, 8639571.712, 68
Trd, 8639571.812, 67
Trd, 8639572.046, 66
Trd, 8639572.246, 62
Trd, 8639572.446, 74
Trd, 8639572.646, 62
Trd, 8639573.246, 85
Trd, 8639574.479, 61
Trd, 8639574.812, 62
Trd, 8639575.946, 60
Trd, 8639576.846, 63
Trd, 8639577.246, 62
Trd, 8639577.312, 63
Trd, 8639577.679, 63
Trd, 8639578.079, 60
Trd, 8639578.179, 61
Trd, 8639578.912, 60
Trd, 8639579.379, 60
Trd, 8639579.412, 61
Trd, 8639579.912, 60
Trd, 8639580.246, 60
Trd, 8639580.579, 60
Trd, 8639580.646, 61
Trd, 8639580.912, 60
Trd, 8639581.379, 61
Trd, 8639581.912, 60
Trd, 8639581.979, 60
Trd, 8639582.946, 61
Trd, 8639583.312, 61
Trd, 8639583.546, 61
Trd, 8639584.112, 61
Trd, 8639585.212, 60
Trd, 8639585.312, 61
Trd, 8639586.046, 61
Trd, 8639586.279, 63
Trd, 8639586.546, 60
Trd, 8639586.612, 64
Trd, 8639587.746, 60
Trd, 8639588.212, 62
Trd, 8639588.279, 64
Trd, 8639589.012, 60
Trd, 8639589.546, 60
Trd, 8639589.679, 60
Trd, 8639590.012, 60
Trd, 8639590.312, 60
Trd, 8639590.712, 60
Trd, 8639591.146, 61
Trd, 8639591.312, 61
Trd, 8639591.446, 61
Trd, 8639591.612, 60
Trd, 8639591.746, 61
Trd, 8639592.379, 60
Trd, 8639592.579, 61
Trd, 8639593.812, 60
Trd, 8639594.579, 60
Trd, 8639594.646, 60
Trd, 8639594.912, 60
Trd, 8639594.946, 61
Trd, 8639595.146, 61
Trd, 8639595.379, 62
Trd, 8639596.112, 60
Trd, 8639596.312, 60
Trd, 8639596.479, 61
Trd, 8639596.846, 62
Trd, 8639598.079, 60
Trd, 8639598.512, 63
Trd, 8639598.579, 60
Trd, 8639599.512, 60
Trd, 8639599.546, 60
Trd, 8639599.612, 60
Trd, 8639600.112, 61
Trd, 8639600.946, 60
Trd, 8639601.712, 60
Trd, 8639601.812, 62
Trd, 8639601.979, 61
Trd, 8639602.279, 63
Trd, 8639602.479, 66
Trd, 8639602.646, 62
Trd, 8639602.779, 66
Trd, 8639602.846, 67
Trd, 8639603.146, 62
Trd, 8639604.246, 60
Trd, 8639604.412, 60
Trd, 8639604.546, 60
Trd, 8639606.646, 60
Trd, 8639606.846, 60
Trd, 8639607.446, 60
Trd, 8639607.746, 61
Trd, 8639608.046, 61
Trd, 8639608.446, 62
Trd, 8639608.679, 60
Trd, 8639609.112, 61
Trd, 8639609.312, 62
Trd, 8639609.412, 64
Trd, 8639609.979, 63
Trd, 8639610.046, 64
Trd, 8639610.179, 62
Trd, 8639610.212, 66
Trd, 8639610.712, 139
Trd, 8639611.012, 114
Trd, 8639611.579, 67
Trd, 8639611.979, 138
Trd, 8639612.512, 60
Trd, 8639613.446, 60
Trd, 8639613.912, 60
Trd, 8639614.279, 60
Trd, 8639614.379, 60
Trd, 8639614.612, 62
Trd, 8639614.646, 63
Trd, 8639615.212, 63
Trd, 8639615.379, 73
Trd, 8639615.679, 61
Trd, 8639615.912, 60
Trd, 8639615.979, 62
Trd, 8639616.679, 60
Trd, 8639617.079, 71
Trd, 8639617.479, 65
Trd, 8639617.712, 67
Trd, 8639618.412, 67
Trd, 8639618.979, 60
Trd, 8639619.146, 60
Trd, 8639619.346, 62
Trd, 8639620.079, 64
Trd, 8639621.279, 61
Trd, 8639621.412, 64
Trd, 8639621.646, 92
Trd, 8639622.046, 79
Trd, 8639622.779, 98
Trd, 8639623.112, 90
Trd, 8639623.379, 63
Trd, 8639623.879, 60
Trd, 8639624.846, 60
Trd, 8639625.579, 60
Trd, 8639625.646, 60
Trd, 8639625.912, 63
Trd, 8639626.112, 63
Trd, 8639626.512, 60
Trd, 8639626.946, 63
Trd, 8639627.479, 61
Trd, 8639627.712, 60
Trd, 8639627.912, 64
Trd, 8639628.046, 64
Trd, 8639628.679, 60
Trd, 8639629.246, 62
Trd, 8639630.046, 60
Trd, 8639630.346, 60
Trd, 8639630.679, 60
Trd, 8639631.579, 62
Trd, 8639631.946, 61
Trd, 8639632.546, 61
Trd, 8639633.646, 64
Trd, 8639634.146, 61
Trd, 8639634.279, 62
Trd, 8639634.612, 60
Trd, 8639634.679, 63
Trd, 8639634.712, 64
Trd, 8639634.846, 64
Trd, 8639636.146, 60
Trd, 8639636.179, 60
Trd, 8639636.246, 69
Trd, 8639636.479, 62
Trd, 8639636.579, 71
Trd, 8639636.746, 61
Trd, 8639637.146, 62
Trd, 8639637.312, 61
Trd, 8639637.512, 62
Trd, 8639638.312, 60
Trd, 8639639.312, 61
Trd, 8639639.412, 61
Trd, 8639640.012, 60
Trd, 8639640.779, 60
Trd, 8639641.446, 60
Trd, 8639642.712, 60
Trd, 8639643.012, 60
Trd, 8639643.579, 61
Trd, 8639643.646, 61
Trd, 8639643.712, 60
Trd, 8639643.779, 62
Trd, 8639643.946, 63
Trd, 8639644.246, 63
Trd, 8639644.412, 60
Trd, 8639644.479, 70
Trd, 8639644.612, 65
Trd, 8639644.912, 63
Trd, 8639645.346, 67
Trd, 8639645.779, 80
Trd, 8639646.279, 140
Trd, 8639646.479, 61
Trd, 8639646.946, 61
Trd, 8639646.979, 110
Trd, 8639647.379, 138
Trd, 8639647.679, 60
Trd, 8639647.779, 61
Trd, 8639648.812, 60
Trd, 8639649.012, 117
Trd, 8639650.412, 63
Trd, 8639650.479, 65
Trd, 8639650.912, 64
Trd, 8639651.046, 65
Trd, 8639651.079, 72
Trd, 8639651.246, 63
Trd, 8639651.679, 79
Trd, 8639652.346, 140
Trd, 8639652.646, 65
Trd, 8639654.046, 61
Trd, 8639654.379, 60
Trd, 8639654.746, 62
Trd, 8639654.812, 65
Trd, 8639655.012, 61
Trd, 8639655.646, 60
Trd, 8639655.846, 60
Trd, 8639656.112, 63
Trd, 8639656.446, 60
Trd, 8639656.579, 60
Trd, 8639656.679, 61
Trd, 8639658.046, 60
Trd, 8639658.479, 65
Trd, 8639659.312, 68
Trd, 8639659.379, 69
Trd, 8639659.946, 63
Trd, 8639660.046, 60
Trd, 8639661.046, 65
Trd, 8639661.179, 64
Trd, 8639661.379, 60
Trd, 8639661.412, 62
Trd, 8639661.879, 62
Trd, 8639662.346, 60
Trd, 8639663.146, 60
Trd, 8639663.212, 61
Trd, 8639664.812, 60
Trd, 8639665.746, 60
Trd, 8639666.479, 61
Trd, 8639666.712, 61
Trd, 8639667.046, 60
Trd, 8639667.446, 60
Trd, 8639667.746, 60
Trd, 8639668.612, 60
Trd, 8639668.879, 60
Trd, 8639668.979, 60
Trd, 8639669.112, 62
Trd, 8639669.412, 60
Trd, 8639669.779, 62
Trd, 8639670.179, 60
Trd, 8639670.612, 60
Trd, 8639670.779, 61
Trd, 8639671.279, 60
Trd, 8639671.412, 60
Trd, 8639672.079, 60
Trd, 8639672.212, 60
Trd, 8639672.546, 61
Trd, 8639673.746, 60
Trd, 8639674.279, 62
Trd, 8639674.379, 63
Trd, 8639674.612, 62
Trd, 8639675.012, 62
Trd, 8639675.312, 60
Trd, 8639675.746, 60
Trd, 8639677.212, 60
Trd, 8639677.479, 60
Trd, 8639677.579, 61
Trd, 8639677.879, 62
Trd, 8639678.212, 60
Trd, 8639678.346, 60
Trd, 8639678.979, 60
Trd, 8639679.646, 60
Trd, 8639679.946, 62
Trd, 8639680.512, 60
Trd, 8639680.979, 60
Trd, 8639681.079, 61
Trd, 8639681.279, 61
Trd, 8639682.379, 60
Trd, 8639683.046, 60
Trd, 8639683.279, 60
Trd, 8639683.812, 60
Trd, 8639684.546, 60
Trd, 8639685.946, 60
Trd, 8639686.146, 61
Trd, 8639686.679, 60
Trd, 8639686.746, 60
Trd, 8639687.712, 60
Trd, 8639688.579, 60
Trd, 8639688.612, 60
Trd, 8639688.712, 60
Trd, 8639688.779, 60
Trd, 8639688.946, 62
Trd, 8639689.579, 60
Trd, 8639689.679, 60
Trd, 8639689.712, 61
Trd, 8639689.879, 61
Trd, 8639690.979, 61
Trd, 8639691.279, 60
Trd, 8639691.446, 61
Trd, 8639691.512, 65
Trd, 8639691.846, 66
Trd, 8639692.212, 66
Trd, 8639692.446, 137
Trd, 8639693.979, 61
Trd, 8639694.512, 60
Trd, 8639695.046, 61
Trd, 8639695.579, 60
Trd, 8639696.046, 60
Trd, 8639696.112, 60
Trd, 8639696.746, 61
Trd, 8639696.946, 61
Trd, 8639697.346, 68
Trd, 8639697.479, 64
Trd, 8639697.512, 68
Trd, 8639697.679, 63
Trd, 8639699.579, 60
Trd, 8639700.512, 60
Trd, 8639700.546, 60
Trd, 8639701.246, 60
Trd, 8639701.546, 60
Trd, 8639701.579, 60
Trd, 8639703.112, 60
Trd, 8639703.446, 60
Trd, 8639703.579, 60
Trd, 8639703.846, 60
Trd, 8639703.879, 60
Trd, 8639704.212, 61
Trd, 8639704.712, 61
Trd, 8639705.079, 60
Trd, 8639705.112, 62
Trd, 8639705.512, 60
Trd, 8639705.646, 61
Trd, 8639706.612, 61
Trd, 8639707.512, 62
Trd, 8639707.546, 63
Trd, 8639707.646, 65
Trd, 8639708.179, 60
Trd, 8639708.679, 60
Trd, 8639709.046, 62
Trd, 8639709.512, 60
Trd, 8639709.846, 60
Trd, 8639710.012, 61
Trd, 8639710.179, 63
Trd, 8639710.679, 62
Trd, 8639710.812, 60
Trd, 8639710.946, 65
Trd, 8639711.812, 60
Trd, 8639712.612, 60
Trd, 8639712.646, 60
Trd, 8639714.146, 60
Trd, 8639714.812, 60
Trd, 8639715.012, 60
Trd, 8639715.512, 61
Trd, 8639715.546, 61
Trd, 8639716.746, 60
Trd, 8639717.146, 60
Trd, 8639717.312, 60
Trd, 8639717.446, 62
Trd, 8639717.612, 60
Trd, 8639717.646, 61
Trd, 8639717.712, 64
Trd, 8639718.079, 64
Trd, 8639718.812, 62
Trd, 8639719.079, 63
Trd, 8639719.312, 64
Trd, 8639719.479, 61
Trd, 8639720.046, 63
Trd, 8639720.546, 62
Trd, 8639721.146, 70
Trd, 8639721.579, 135
Trd, 8639721.879, 140
Trd, 8639722.346, 140
Trd, 8639723.046, 110
Trd, 8639723.379, 74
Trd, 8639724.012, 73
Trd, 8639724.079, 71
Trd, 8639724.312, 61
Trd, 8639724.846, 66
Trd, 8639726.146, 62
Trd, 8639726.279, 62
Trd, 8639726.412, 60
Trd, 8639726.879, 62
Trd, 8639727.579, 63
Trd, 8639727.646, 64
Trd, 8639727.679, 66
Trd, 8639728.012, 140
Trd, 8639729.712, 61
Trd, 8639729.912, 62
Trd, 8639729.946, 64
Trd, 8639731.079, 60
Trd, 8639731.246, 60
Trd, 8639731.546, 60
Trd, 8639731.746, 60
Trd, 8639731.812, 61
Trd, 8639732.379, 60
Trd, 8639732.879, 61
Trd, 8639732.979, 61
Trd, 8639733.246, 60
Trd, 8639733.379, 60
Trd, 8639733.412, 60
Trd, 8639733.679, 62
Trd, 8639734.179, 66
Trd, 8639734.846, 61
Trd, 8639735.479, 60
Trd, 8639736.046, 61
Trd, 8639737.512, 60
Trd, 8639737.579, 60
Trd, 8639737.712, 60
Trd, 8639738.212, 62
Trd, 8639738.846, 64
Trd, 8639738.912, 65
Trd, 8639739.012, 66
Trd, 8639739.146, 60
Trd, 8639739.712, 60
Trd, 8639739.779, 60
Trd, 8639741.512, 61
Trd, 8639741.546, 64
Trd, 8639741.712, 67
Trd, 8639742.312, 62
Trd, 8639743.246, 62
Trd, 8639745.012, 60
Trd, 8639745.579, 60
Trd, 8639745.812, 60
Trd, 8639746.046, 62
Trd, 8639746.179, 62
Trd, 8639746.346, 65
Trd, 8639746.546, 66
Trd, 8639746.812, 66
Trd, 8639746.946, 90
Trd, 8639747.712, 63
Trd, 8639747.879, 64
Trd, 8639748.679, 60
Trd, 8639749.212, 60
Trd, 8639749.346, 64
Trd, 8639749.446, 61
Trd, 8639750.079, 60
Trd, 8639750.246, 60
Trd, 8639750.512, 62
Trd, 8639750.679, 75
Trd, 8639750.812, 62
Trd, 8639751.112, 67
Trd, 8639751.812, 140
Trd, 8639751.946, 110
Trd, 8639752.612, 140
Trd, 8639752.679, 67
Trd, 8639753.312, 68
Trd, 8639753.479, 62
Trd, 8639754.212, 88
Trd, 8639754.312, 63
Trd, 8639754.746, 60
Trd, 8639754.846, 62
Trd, 8639755.312, 140
Trd, 8639755.879, 138
Trd, 8639756.112, 137
Trd, 8639756.146, 136
Trd, 8639757.079, 108
Trd, 8639757.746, 105
Trd, 8639757.946, 102
Trd, 8639758.546, 129
Trd, 8639759.112, 139
Trd, 8639759.212, 129
Trd, 8639759.346, 127
Trd, 8639759.546, 117
Trd, 8639760.579, 140
Trd, 8639761.312, 140
Trd, 8639761.446, 140
Trd, 8639761.479, 128
Trd, 8639762.579, 60
Trd, 8639763.146, 61
Trd, 8639764.412, 60
Trd, 8639764.512, 60
Trd, 8639764.912, 60
Trd, 8639764.979, 61
Trd, 8639765.479, 63
Trd, 8639765.579, 66
Trd, 8639765.646, 67
Trd, 8639765.846, 66
Trd, 8639765.946, 82
Trd, 8639766.146, 61
Trd, 8639766.812, 64
Trd, 8639767.046, 60
Trd, 8639767.079, 66
Trd, 8639767.846, 67
Trd, 8639768.346, 60
Trd, 8639768.512, 60
Trd, 8639768.646, 65
Trd, 8639768.946, 60
Trd, 8639770.346, 140
Trd, 8639770.579, 139
Trd, 8639770.646, 139
Trd, 8639770.946, 140
Trd, 8639771.212, 140
Trd, 8639771.779, 77
Trd, 8639771.912, 140
Trd, 8639772.712, 140
Trd, 8639773.579, 138
Trd, 8639773.646, 137
Trd, 8639774.279, 83
Trd, 8639774.579, 140
Trd, 8639774.679, 128
Trd, 8639775.179, 113
Trd, 8639775.812, 69
Trd, 8639776.279, 69
Trd, 8639776.879, 60
Trd, 8639777.379, 62
Trd, 8639778.346, 60
Trd, 8639779.179, 60
Trd, 8639779.312, 62
Trd, 8639779.512, 60
Trd, 8639779.546, 63
Trd, 8639779.612, 65
Trd, 8639780.146, 67
Trd, 8639781.079, 60
Trd, 8639781.779, 60
Trd, 8639781.812, 64
Trd, 8639781.912, 63
Trd, 8639782.046, 60
Trd, 8639782.412, 65
Trd, 8639782.779, 60
Trd, 8639782.846, 63
Trd, 8639783.146, 60
Trd, 8639784.246, 62
Trd, 8639784.346, 64
Trd, 8639784.512, 62
Trd, 8639785.146, 70
Trd, 8639785.512, 80
Trd, 8639786.412, 140
Trd, 8639786.479, 140
Trd, 8639786.712, 63
Trd, 8639787.212, 65
Trd, 8639788.146, 63
Trd, 8639788.246, 63
Trd, 8639788.479, 62
Trd, 8639788.846, 63
Trd, 8639789.346, 61
Trd, 8639789.646, 60
Trd, 8639789.946, 65
Trd, 8639791.712, 60
Trd, 8639791.946, 60
Trd, 8639792.412, 60
Trd, 8639792.779, 60
Trd, 8639792.846, 67
Trd, 8639794.512, 60
Trd, 8639794.812, 60
Trd, 8639795.279, 60
Trd, 8639795.879, 60
Trd, 8639796.246, 61
Trd, 8639796.412, 60
Trd, 8639797.146, 60
Trd, 8639797.379, 62
Trd, 8639797.612, 63
Trd, 8639798.212, 61
Trd, 8639798.512, 64
Trd, 8639798.812, 60
Trd, 8639799.679, 62
Trd, 8639799.779, 63
Trd, 8639800.446, 60
Trd, 8639800.612, 64
Trd, 8639800.979, 60
Trd, 8639801.679, 60
Trd, 8639801.812, 60
Trd, 8639801.912, 60
Trd, 8639802.379, 63
Trd, 8639802.579, 62
Trd, 8639802.612, 64
Trd, 8639802.779, 60
Trd, 8639803.579, 62
Trd, 8639803.779, 65
Trd, 8639803.846, 60
Trd, 8639804.746, 61
Trd, 8639804.912, 62
Trd, 8639805.279, 63
Trd, 8639805.346, 63
Trd, 8639805.446, 60
Trd, 8639805.646, 61
Trd, 8639806.479, 60
Trd, 8639806.612, 61
Trd, 8639807.412, 60
Trd, 8639807.879, 63
Trd, 8639809.079, 62
Trd, 8639809.279, 60
Trd, 8639809.512, 60
Trd, 8639810.146, 60
Trd, 8639810.246, 60
Trd, 8639810.612, 60
Trd, 8639810.746, 60
Trd, 8639811.279, 60
Trd, 8639812.012, 60
Trd, 8639812.512, 61
Trd, 8639813.446, 61
Trd, 8639813.812, 60
Trd, 8639814.012, 60
Trd, 8639814.112, 61
Trd, 8639814.579, 61
Trd, 8639814.679, 71
Trd, 8639815.212, 63
Trd, 8639815.412, 65
Trd, 8639815.446, 65
Trd, 8639816.112, 63
Trd, 8639818.046, 60
Trd, 8639818.379, 60
Trd, 8639818.846, 60
Trd, 8639818.946, 60
Trd, 8639820.012, 60
Trd, 8639820.112, 61
Trd, 8639820.212, 61
Trd, 8639820.246, 69
Trd, 8639820.746, 62
Trd, 8639821.279, 87
Trd, 8639821.346, 88
Trd, 8639821.512, 62
Trd, 8639821.912, 67
Trd, 8639822.612, 60
Trd, 8639822.679, 60
Trd, 8639822.812, 61
Trd, 8639822.979, 64
Trd, 8639823.212, 89
Trd, 8639823.579, 68
Trd, 8639823.746, 84
Trd, 8639824.412, 88
Trd, 8639826.646, 61
Trd, 8639826.679, 62
Trd, 8639826.812, 63
Trd, 8639827.046, 63
Trd, 8639827.312, 61
Trd, 8639827.412, 67
Trd, 8639827.946, 61
Trd, 8639828.612, 66
Trd, 8639828.812, 63
Trd, 8639828.912, 62
Trd, 8639829.712, 63
Trd, 8639829.812, 66
Trd, 8639830.046, 60
Trd, 8639830.246, 64
Trd, 8639830.412, 62
Trd, 8639831.146, 140
Trd, 8639831.212, 140
Trd, 8639831.412, 113
Trd, 8639832.579, 139
Trd, 8639833.979, 140
Trd, 8639834.379, 140
Trd, 8639834.979, 140
Trd, 8639835.412, 140
Trd, 8639835.646, 140
Trd, 8639835.712, 140
Trd, 8639837.012, 139
Trd, 8639837.512, 140
Trd, 8639837.879, 140
Trd, 8639838.612, 140
Trd, 8639839.346, 140
Trd, 8639839.512, 139
Trd, 8639839.612, 139
Trd, 8639839.979, 128
Trd, 8639840.512, 105
Trd, 8639841.079, 78
Trd, 8639841.779, 109
Trd, 8639842.512, 112
Trd, 8639843.079, 121
Trd, 8639843.479, 121
Trd, 8639843.646, 140
Trd, 8639843.912, 135
Trd, 8639844.179, 139
Trd, 8639844.479, 121
Trd, 8639845.079, 140
Trd, 8639846.479, 140
Trd, 8639846.879, 140
Trd, 8639847.179, 140
Trd, 8639847.246, 140
Trd, 8639848.112, 140
Trd, 8639848.246, 140
Trd, 8639848.746, 139
Trd, 8639848.812, 137
Trd, 8639849.379, 133
Trd, 8639849.512, 96
Trd, 8639850.146, 140
Trd, 8639850.479, 140
Trd, 8639850.946, 138
Trd, 8639851.046, 137
Trd, 8639851.546, 130
Trd, 8639851.812, 139
Trd, 8639853.179, 140
Trd, 8639854.246, 140
Trd, 8639854.579, 140
Trd, 8639854.646, 140
Trd, 8639854.946, 140
Trd, 8639855.479, 122
Trd, 8639855.512, 121
Trd, 8639856.012, 137
Trd, 8639856.279, 112
Trd, 8639856.512, 108
Trd, 8639857.112, 139
Trd, 8639857.246, 138
Trd, 8639857.912, 128
Trd, 8639858.546, 137
Trd, 8639859.346, 112
Trd, 8639859.646, 133
Trd, 8639859.679, 98
Trd, 8639859.912, 117
Trd, 8639860.146, 134
Trd, 8639860.312, 110
Trd, 8639860.946, 104
Trd, 8639861.046, 97
Trd, 8639861.546, 77
Trd, 8639862.812, 140
Trd, 8639863.446, 140
Trd, 8639863.812, 140
Trd, 8639864.012, 139
Trd, 8639864.079, 109
Trd, 8639864.679, 60
Trd, 8639865.179, 60
Trd, 8639865.612, 60
Trd, 8639866.212, 60
Trd, 8639867.046, 61
Trd, 8639867.246, 62
Trd, 8639867.412, 62
Trd, 8639867.712, 62
Trd, 8639868.079, 63
Trd, 8639868.779, 61
Trd, 8639868.946, 60
Trd, 8639869.712, 62
Trd, 8639870.012, 63
Trd, 8639870.246, 60
Trd, 8639870.346, 62
Trd, 8639871.079, 63
Trd, 8639871.879, 63
Trd, 8639872.212, 62
Trd, 8639872.479, 62
Trd, 8639872.912, 62
Trd, 8639872.946, 63
Trd, 8639873.079, 62
Trd, 8639873.512, 61
Trd, 8639874.012, 69
Trd, 8639874.479, 63
Trd, 8639874.879, 62
Trd, 8639875.712, 63
Trd, 8639876.412, 60
Trd, 8639877.312, 60
Trd, 8639877.646, 60
Trd, 8639877.712, 60
Trd, 8639878.346, 60
Trd, 8639878.446, 61
Trd, 8639878.646, 63
Trd, 8639878.679, 64
Trd, 8639879.379, 61
Trd, 8639879.879, 61
Trd, 8639880.379, 62
Trd, 8639881.012, 60
Trd, 8639881.179, 60
Trd, 8639881.512, 61
Trd, 8639881.879, 61
Trd, 8639881.946, 62
Trd, 8639882.312, 72
Trd, 8639882.479, 80
Trd, 8639883.112, 116
Trd, 8639883.512, 81
Trd, 8639883.579, 80
Trd, 8639883.946, 138
Trd, 8639884.446, 118
Trd, 8639884.979, 76
Trd, 8639885.479, 68
Trd, 8639885.846, 63
Trd, 8639886.512, 60
Trd, 8639886.612, 60
Trd, 8639886.879, 124
Trd, 8639887.212, 100
Trd, 8639887.846, 140
Trd, 8639888.046, 140
Trd, 8639888.446, 140
Trd, 8639889.279, 140
Trd, 8639889.479, 140
Trd, 8639889.512, 140
Trd, 8639889.579, 139
Trd, 8639890.479, 140
Trd, 8639890.512, 138
Trd, 8639891.279, 139
Trd, 8639891.379, 90
Trd, 8639891.746, 83
Trd, 8639891.912, 82
Trd, 8639892.846, 138
Trd, 8639893.946, 140
Trd, 8639894.346, 140
Trd, 8639894.679, 140
Trd, 8639895.279, 140
Trd, 8639895.446, 140
Trd, 8639895.579, 139
Trd, 8639895.846, 122
Trd, 8639897.212, 140
Trd, 8639897.479, 140
Trd, 8639897.979, 140
Trd, 8639898.512, 140
Trd, 8639898.612, 139
Trd, 8639899.746, 140
Trd, 8639899.879, 140
Trd, 8639900.312, 132
Trd, 8639900.446, 129
Trd, 8639900.779, 124
Trd, 8639901.046, 118
Trd, 8639901.146, 108
Trd, 8639901.546, 138
Trd, 8639903.179, 140
Trd, 8639903.279, 140
Trd, 8639903.546, 140
Trd, 8639904.046, 118
Trd, 8639905.012, 140
Trd, 8639905.146, 140
Trd, 8639905.446, 140
Trd, 8639905.546, 137
Trd, 8639905.946, 129
Trd, 8639906.412, 130
Trd, 8639906.612, 140
Trd, 8639906.812, 129
Trd, 8639907.879, 139
Trd, 8639908.346, 139
Trd, 8639909.012, 140
Trd, 8639909.679, 140
Trd, 8639909.912, 128
Trd, 8639909.946, 116
Trd, 8639910.379, 137
Trd, 8639910.446, 137
Trd, 8639911.579, 140
Trd, 8639912.879, 140
Trd, 8639913.212, 140
Trd, 8639913.246, 128
Trd, 8639913.779, 140
Trd, 8639913.946, 128
Trd, 8639914.112, 123
Trd, 8639914.679, 140
Trd, 8639914.812, 138
Trd, 8639914.912, 88
Trd, 8639915.112, 76
Trd, 8639915.346, 139
Trd, 8639915.746, 62
Trd, 8639916.079, 60
Trd, 8639916.246, 60
Trd, 8639917.279, 60
Trd, 8639917.612, 140
Trd, 8639917.812, 71
Trd, 8639918.246, 140
Trd, 8639918.446, 137
Trd, 8639919.579, 61
Trd, 8639919.946, 60
Trd, 8639920.046, 61
Trd, 8639920.512, 60
Trd, 8639920.746, 62
Trd, 8639920.812, 63
Trd, 8639921.212, 61
Trd, 8639921.546, 60
Trd, 8639921.712, 60
Trd, 8639922.046, 60
Trd, 8639922.246, 61
Trd, 8639923.479, 62
Trd, 8639923.612, 69
Trd, 8639924.779, 61
Trd, 8639924.912, 63
Trd, 8639926.112, 60
Trd, 8639926.146, 60
Trd, 8639926.812, 60
Trd, 8639927.779, 60
Trd, 8639927.812, 60
Trd, 8639928.679, 60
Trd, 8639929.046, 61
Trd, 8639929.346, 62
Trd, 8639929.412, 65
Trd, 8639930.512, 60
Trd, 8639930.646, 61
Trd, 8639930.679, 61
Trd, 8639930.912, 64
Trd, 8639931.446, 73
Trd, 8639931.546, 62
Trd, 8639932.046, 62
Trd, 8639932.212, 60
Trd, 8639932.546, 60
Trd, 8639932.712, 64
Trd, 8639933.679, 60
Trd, 8639933.812, 60
Trd, 8639934.446, 62
Trd, 8639934.912, 60
Trd, 8639935.779, 60
Trd, 8639936.179, 62
Trd, 8639936.579, 63
Trd, 8639936.912, 66
Trd, 8639938.246, 61
Trd, 8639938.312, 61
Trd, 8639938.512, 60
Trd, 8639938.646, 61
Trd, 8639938.779, 61
Trd, 8639938.979, 68
Trd, 8639939.046, 60
Trd, 8639939.212, 60
Trd, 8639939.379, 66
Trd, 8639939.779, 62
Trd, 8639940.546, 61
Trd, 8639941.012, 62
Trd, 8639941.246, 112
Trd, 8639941.746, 61
Trd, 8639942.312, 63
Trd, 8639942.746, 61
Trd, 8639943.546, 60
Trd, 8639943.979, 60
Trd, 8639944.279, 60
Trd, 8639944.346, 61
Trd, 8639945.012, 80
Trd, 8639945.479, 62
Trd, 8639946.079, 61
Trd, 8639946.246, 62
Trd, 8639946.579, 60
Trd, 8639946.612, 62
Trd, 8639947.712, 138
Trd, 8639947.779, 137
Trd, 8639947.879, 136
Trd, 8639948.212, 111
Trd, 8639948.279, 110
Trd, 8639949.246, 60
Trd, 8639950.379, 61
Trd, 8639950.479, 63
Trd, 8639950.646, 63
Trd, 8639950.812, 62
Trd, 8639950.946, 64
Trd, 8639951.079, 60
Trd, 8639952.112, 90
Trd, 8639952.312, 71
Trd, 8639952.712, 136
Trd, 8639952.946, 135
Trd, 8639954.279, 60
Trd, 8639954.979, 60
Trd, 8639955.746, 60
Trd, 8639955.912, 61
Trd, 8639956.412, 62
Trd, 8639956.712, 62
Trd, 8639957.146, 63
Trd, 8639957.512, 61
Trd, 8639957.612, 63
Trd, 8639958.312, 60
Trd, 8639959.179, 60
Trd, 8639959.679, 60
Trd, 8639960.512, 60
Trd, 8639961.012, 60
Trd, 8639962.112, 60
Trd, 8639962.246, 60
Trd, 8639962.746, 60
Trd, 8639962.779, 60
Trd, 8639962.912, 61
Trd, 8639963.279, 63
Trd, 8639963.546, 61
Trd, 8639963.879, 60
Trd, 8639964.746, 61
Trd, 8639964.812, 60
Trd, 8639965.279, 61
Trd, 8639965.446, 64
Trd, 8639966.279, 60
Trd, 8639966.446, 60
Trd, 8639966.479, 62
Trd, 8639966.579, 65
Trd, 8639967.712, 60
Trd, 8639968.146, 60
Trd, 8639968.512, 61
Trd, 8639968.679, 64
Trd, 8639969.279, 63
Trd, 8639969.579, 61
Trd, 8639969.779, 67
Trd, 8639970.412, 93
Trd, 8639970.912, 67
Trd, 8639971.346, 67
Trd, 8639971.579, 63
Trd, 8639971.946, 65
Trd, 8639972.146, 75
Trd, 8639972.946, 140
Trd, 8639973.846, 113
Trd, 8639973.946, 111
Trd, 8639974.312, 140
Trd, 8639974.512, 140
Trd, 8639974.646, 122
Trd, 8639975.312, 112
Trd, 8639976.146, 140
Trd, 8639976.446, 131
Trd, 8639976.712, 130
Trd, 8639977.212, 140
Trd, 8639978.279, 140
Trd, 8639978.379, 140
Trd, 8639979.646, 140
Trd, 8639979.779, 140
Trd, 8639980.279, 138
Trd, 8639980.846, 131
Trd, 8639981.112, 110
Trd, 8639981.412, 117
Trd, 8639981.679, 140
Trd, 8639981.879, 92
Trd, 8639983.112, 138
Trd, 8639983.246, 125
Trd, 8639983.612, 112
Trd, 8639983.712, 107
Trd, 8639983.946, 90
Trd, 8639984.379, 140
Trd, 8639984.479, 139
Trd, 8639984.812, 79
Trd, 8639985.646, 96
Trd, 8639986.212, 103
Trd, 8639986.312, 140
Trd, 8639986.912, 114
Trd, 8639987.712, 96
Trd, 8639988.279, 139
Trd, 8639988.646, 110
Trd, 8639989.046, 109
Trd, 8639989.379, 102
Trd, 8639990.012, 137
Trd, 8639991.112, 140
Trd, 8639991.679, 106
Trd, 8639991.812, 138
Trd, 8639991.946, 88
Trd, 8639992.146, 140
Trd, 8639992.979, 140
Trd, 8639993.312, 140
Trd, 8639993.379, 140
Trd, 8639993.546, 140
Trd, 8639993.679, 138
Trd, 8639993.812, 128
Trd, 8639994.679, 65
Trd, 8639994.746, 66
Trd, 8639995.079, 66
Trd, 8639995.812, 139
Trd, 8639996.279, 66
Trd, 8639996.479, 65
Trd, 8639996.946, 66
Trd, 8639997.079, 64
Trd, 8639997.979, 65
Trd, 8639998.379, 69
Trd, 8639998.779, 60
Trd, 8639999.312, 60
Trd, 8639999.512, 64
Trd, 8639999.912, 62
