Trd, 8638782.612, 139
Trd, 8638782.879, 139
Trd, 8638782.946, 140
Trd, 8638782.979, 139
Trd, 8638783.412, 137
Trd, 8638783.612, 96
Trd, 8638783.946, 98
Trd, 8638784.079, 139
Trd, 8638784.412, 140
Trd, 8638784.679, 140
Trd, 8638785.112, 140
Trd, 8638785.512, 140
Trd, 8638785.612, 140
Trd, 8638785.712, 139
Trd, 8638786.212, 122
Trd, 8638786.412, 139
Trd, 8638787.112, 95
Trd, 8638787.379, 104
Trd, 8638788.412, 83
Trd, 8638788.479, 82
Trd, 8638788.612, 136
Trd, 8638788.646, 81
Trd, 8638788.846, 80
Trd, 8638789.746, 140
Trd, 8638790.379, 140
Trd, 8638790.946, 86
Trd, 8638791.079, 140
Trd, 8638792.179, 64
Trd, 8638792.346, 138
Trd, 8638792.979, 73
Trd, 8638793.246, 60
Trd, 8638794.146, 110
Trd, 8638794.512, 63
Trd, 8638794.646, 60
Trd, 8638794.979, 61
Trd, 8638795.079, 63
Trd, 8638795.612, 60
Trd, 8638795.746, 60
Trd, 8638795.946, 60
Trd, 8638797.146, 60
Trd, 8638797.212, 60
Trd, 8638797.612, 61
Trd, 8638797.979, 61
Trd, 8638798.379, 61
Trd, 8638798.546, 61
Trd, 8638798.646, 62
Trd, 8638799.312, 79
Trd, 8638799.479, 65
Trd, 8638800.246, 61
Trd, 8638803.379, 60
Trd, 8638803.479, 60
Trd, 8638803.546, 60
Trd, 8638803.579, 60
Trd, 8638804.079, 62
Trd, 8638804.179, 62
Trd, 8638805.112, 61
Trd, 8638805.546, 64
Trd, 8638805.846, 65
Trd, 8638806.012, 66
Trd, 8638806.212, 64
Trd, 8638806.512, 68
Trd, 8638806.912, 66
Trd, 8638807.012, 70
Trd, 8638807.412, 61
Trd, 8638807.746, 69
Trd, 8638807.946, 67
Trd, 8638808.479, 70
Trd, 8638809.012, 61
Trd, 8638811.512, 61
Trd, 8638812.479, 62
Trd, 8638812.512, 62
Trd, 8638813.746, 60
Trd, 8638813.979, 60
Trd, 8638814.279, 60
Trd, 8638814.379, 61
Trd, 8638814.646, 60
Trd, 8638815.012, 63
Trd, 8638815.312, 65
Trd, 8638815.446, 65
Trd, 8638816.212, 135
Trd, 8638816.512, 138
Trd, 8638816.612, 140
Trd, 8638816.879, 138
Trd, 8638817.079, 136
Trd, 8638817.812, 99
Trd, 8638818.346, 98
Trd, 8638818.612, 99
Trd, 8638818.646, 87
Trd, 8638819.446, 60
Trd, 8638819.746, 62
Trd, 8638820.279, 139
Trd, 8638820.379, 140
Trd, 8638820.479, 140
Trd, 8638821.079, 140
Trd, 8638821.879, 139
Trd, 8638821.912, 139
Trd, 8638822.746, 138
Trd, 8638823.079, 140
Trd, 8638823.779, 140
Trd, 8638824.179, 140
Trd, 8638824.579, 140
Trd, 8638824.879, 140
Trd, 8638826.679, 140
Trd, 8638826.846, 140
Trd, 8638827.079, 140
Trd, 8638827.312, 140
Trd, 8638828.112, 140
Trd, 8638828.279, 140
Trd, 8638829.079, 140
Trd, 8638829.112, 140
Trd, 8638829.812, 140
Trd, 8638830.146, 140
Trd, 8638831.146, 140
Trd, 8638831.479, 140
Trd, 8638831.679, 139
Trd, 8638831.846, 140
Trd, 8638832.046, 121
Trd, 8638832.412, 89
Trd, 8638832.712, 139
Trd, 8638832.846, 139
Trd, 8638832.946, 88
Trd, 8638834.546, 138
Trd, 8638834.846, 90
Trd, 8638835.446, 138
Trd, 8638835.546, 137
Trd, 8638837.046, 140
Trd, 8638837.079, 138
Trd, 8638837.112, 91
Trd, 8638837.779, 137
Trd, 8638838.279, 132
Trd, 8638840.346, 140
Trd, 8638840.712, 140
Trd, 8638840.979, 140
Trd, 8638841.179, 140
Trd, 8638841.246, 137
Trd, 8638841.512, 117
Trd, 8638841.546, 116
Trd, 8638842.079, 139
Trd, 8638843.946, 140
Trd, 8638844.046, 140
Trd, 8638844.579, 140
Trd, 8638844.846, 140
Trd, 8638845.412, 140
Trd, 8638845.512, 136
Trd, 8638845.946, 140
Trd, 8638847.046, 140
Trd, 8638847.412, 140
Trd, 8638847.546, 140
Trd, 8638848.146, 139
Trd, 8638848.912, 69
Trd, 8638849.346, 66
Trd, 8638849.379, 65
Trd, 8638849.679, 63
Trd, 8638849.979, 63
Trd, 8638850.812, 63
Trd, 8638850.879, 72
Trd, 8638851.112, 64
Trd, 8638851.512, 62
Trd, 8638851.679, 63
Trd, 8638852.279, 67
Trd, 8638852.712, 138
Trd, 8638853.612, 140
Trd, 8638853.679, 140
Trd, 8638853.712, 140
Trd, 8638853.779, 138
Trd, 8638854.779, 140
Trd, 8638855.246, 140
Trd, 8638855.412, 140
Trd, 8638855.546, 140
Trd, 8638856.212, 135
Trd, 8638856.612, 140
Trd, 8638858.379, 140
Trd, 8638858.812, 140
Trd, 8638858.912, 140
Trd, 8638859.612, 140
Trd, 8638860.112, 140
Trd, 8638860.579, 140
Trd, 8638860.879, 139
Trd, 8638861.079, 138
Trd, 8638861.579, 140
Trd, 8638861.712, 139
Trd, 8638862.179, 139
Trd, 8638862.579, 138
Trd, 8638862.879, 106
Trd, 8638863.312, 75
Trd, 8638863.379, 76
Trd, 8638863.546, 76
Trd, 8638864.646, 60
Trd, 8638864.712, 61
Trd, 8638865.479, 60
Trd, 8638866.946, 60
Trd, 8638866.979, 60
Trd, 8638867.046, 61
Trd, 8638867.579, 60
Trd, 8638867.646, 62
Trd, 8638867.679, 71
Trd, 8638868.312, 60
Trd, 8638868.412, 60
Trd, 8638868.879, 61
Trd, 8638869.046, 61
Trd, 8638869.179, 62
Trd, 8638869.446, 61
Trd, 8638869.712, 140
Trd, 8638870.879, 110
Trd, 8638871.212, 108
Trd, 8638871.579, 67
Trd, 8638872.446, 66
Trd, 8638872.612, 138
Trd, 8638873.446, 140
Trd, 8638873.612, 140
Trd, 8638874.246, 140
Trd, 8638874.412, 140
Trd, 8638874.846, 140
Trd, 8638875.912, 140
Trd, 8638876.046, 140
Trd, 8638876.112, 139
Trd, 8638876.312, 138
Trd, 8638876.612, 134
Trd, 8638877.079, 133
Trd, 8638877.546, 140
Trd, 8638878.746, 140
Trd, 8638879.112, 140
Trd, 8638879.712, 140
Trd, 8638880.612, 140
Trd, 8638881.146, 140
Trd, 8638881.579, 140
Trd, 8638881.646, 140
Trd, 8638881.712, 138
Trd, 8638882.912, 140
Trd, 8638883.046, 140
Trd, 8638883.079, 140
Trd, 8638883.379, 139
Trd, 8638883.412, 138
Trd, 8638885.012, 140
Trd, 8638885.312, 140
Trd, 8638885.412, 138
Trd, 8638885.446, 125
Trd, 8638886.212, 120
Trd, 8638886.379, 119
Trd, 8638886.746, 78
Trd, 8638887.179, 139
Trd, 8638888.379, 96
Trd, 8638888.512, 77
Trd, 8638888.779, 95
Trd, 8638889.446, 83
Trd, 8638889.846, 100
Trd, 8638889.946, 137
Trd, 8638890.279, 86
Trd, 8638890.379, 84
Trd, 8638890.546, 140
Trd, 8638891.212, 80
Trd, 8638891.412, 140
Trd, 8638892.346, 140
Trd, 8638892.412, 123
Trd, 8638893.146, 71
Trd, 8638893.246, 122
Trd, 8638893.512, 123
Trd, 8638893.746, 72
Trd, 8638894.446, 140
Trd, 8638894.612, 140
Trd, 8638894.779, 140
Trd, 8638896.012, 140
Trd, 8638896.179, 140
Trd, 8638896.679, 138
Trd, 8638896.879, 140
Trd, 8638897.646, 140
Trd, 8638897.912, 140
Trd, 8638898.212, 136
Trd, 8638898.246, 112
Trd, 8638898.379, 72
Trd, 8638899.046, 140
Trd, 8638899.112, 68
Trd, 8638901.312, 60
Trd, 8638902.012, 60
Trd, 8638902.212, 61
Trd, 8638902.312, 66
Trd, 8638902.912, 64
Trd, 8638903.012, 66
Trd, 8638903.112, 62
Trd, 8638903.879, 62
Trd, 8638904.046, 68
Trd, 8638904.412, 68
Trd, 8638904.779, 65
Trd, 8638904.912, 64
Trd, 8638905.246, 62
Trd, 8638905.446, 68
Trd, 8638906.079, 63
Trd, 8638906.446, 65
Trd, 8638906.912, 64
Trd, 8638907.646, 60
Trd, 8638907.912, 61
Trd, 8638909.879, 60
Trd, 8638910.079, 61
Trd, 8638910.779, 60
Trd, 8638911.112, 60
Trd, 8638911.412, 63
Trd, 8638912.179, 60
Trd, 8638912.246, 60
Trd, 8638912.546, 60
Trd, 8638912.712, 66
Trd, 8638912.912, 62
Trd, 8638913.346, 69
Trd, 8638913.412, 68
Trd, 8638914.046, 62
Trd, 8638914.546, 61
Trd, 8638915.412, 60
Trd, 8638915.479, 60
Trd, 8638916.512, 63
Trd, 8638917.279, 140
Trd, 8638917.379, 140
Trd, 8638917.612, 140
Trd, 8638918.112, 140
Trd, 8638918.812, 140
Trd, 8638919.112, 139
Trd, 8638919.312, 136
Trd, 8638920.279, 140
Trd, 8638920.512, 140
Trd, 8638921.146, 140
Trd, 8638921.412, 136
Trd, 8638921.712, 120
Trd, 8638921.946, 119
Trd, 8638923.679, 140
Trd, 8638923.812, 140
Trd, 8638924.279, 140
Trd, 8638924.479, 140
Trd, 8638925.046, 140
Trd, 8638925.146, 140
Trd, 8638925.412, 140
Trd, 8638925.546, 140
Trd, 8638926.812, 140
Trd, 8638927.246, 140
Trd, 8638927.279, 140
Trd, 8638927.412, 140
Trd, 8638927.479, 138
Trd, 8638928.046, 138
Trd, 8638928.112, 120
Trd, 8638928.212, 115
Trd, 8638928.279, 139
Trd, 8638929.412, 67
Trd, 8638929.812, 86
Trd, 8638931.079, 91
Trd, 8638931.346, 92
Trd, 8638931.446, 90
Trd, 8638931.512, 128
Trd, 8638931.679, 129
Trd, 8638931.812, 113
Trd, 8638931.879, 90
Trd, 8638931.979, 74
Trd, 8638932.679, 135
Trd, 8638933.012, 60
Trd, 8638933.246, 61
Trd, 8638934.346, 84
Trd, 8638935.512, 60
Trd, 8638936.812, 60
Trd, 8638937.179, 60
Trd, 8638937.379, 60
Trd, 8638937.446, 61
Trd, 8638937.946, 60
Trd, 8638938.179, 61
Trd, 8638938.246, 62
Trd, 8638938.412, 68
Trd, 8638939.379, 60
Trd, 8638939.479, 63
Trd, 8638940.479, 140
Trd, 8638940.979, 140
Trd, 8638941.112, 140
Trd, 8638941.346, 140
Trd, 8638941.512, 140
Trd, 8638942.379, 140
Trd, 8638943.346, 137
Trd, 8638943.612, 136
Trd, 8638943.646, 134
Trd, 8638943.712, 118
Trd, 8638944.379, 140
Trd, 8638944.512, 140
Trd, 8638944.946, 140
Trd, 8638945.212, 140
Trd, 8638945.579, 134
Trd, 8638945.679, 101
Trd, 8638947.412, 140
Trd, 8638947.979, 140
Trd, 8638948.112, 140
Trd, 8638948.679, 140
Trd, 8638949.212, 140
Trd, 8638949.246, 134
Trd, 8638949.446, 127
Trd, 8638949.479, 91
Trd, 8638950.212, 140
Trd, 8638950.279, 138
Trd, 8638951.046, 140
Trd, 8638951.212, 140
Trd, 8638951.679, 140
Trd, 8638951.979, 140
Trd, 8638952.612, 140
Trd, 8638953.079, 140
Trd, 8638953.179, 139
Trd, 8638953.379, 139
Trd, 8638953.779, 138
Trd, 8638953.946, 140
Trd, 8638954.012, 110
Trd, 8638955.346, 79
Trd, 8638955.446, 94
Trd, 8638955.479, 78
Trd, 8638956.479, 140
Trd, 8638956.646, 137
Trd, 8638956.846, 98
Trd, 8638957.046, 139
Trd, 8638957.412, 111
Trd, 8638957.446, 65
Trd, 8638957.979, 65
Trd, 8638958.212, 71
Trd, 8638959.579, 60
Trd, 8638960.712, 60
Trd, 8638960.879, 60
Trd, 8638961.312, 60
Trd, 8638962.479, 60
Trd, 8638962.612, 60
Trd, 8638962.712, 60
Trd, 8638963.212, 64
Trd, 8638963.312, 64
Trd, 8638963.546, 63
Trd, 8638963.979, 109
Trd, 8638964.112, 64
Trd, 8638964.646, 65
Trd, 8638965.012, 106
Trd, 8638965.179, 63
Trd, 8638965.546, 66
Trd, 8638965.912, 60
Trd, 8638965.979, 64
Trd, 8638966.546, 61
Trd, 8638966.812, 68
Trd, 8638967.346, 138
Trd, 8638968.812, 61
Trd, 8638968.979, 101
Trd, 8638970.579, 60
Trd, 8638970.779, 60
Trd, 8638971.212, 60
Trd, 8638971.546, 61
Trd, 8638971.646, 60
Trd, 8638971.946, 60
Trd, 8638972.179, 60
Trd, 8638972.312, 61
Trd, 8638972.712, 71
Trd, 8638973.246, 64
Trd, 8638973.612, 62
Trd, 8638973.879, 62
Trd, 8638973.912, 65
Trd, 8638974.279, 66
Trd, 8638974.346, 66
Trd, 8638974.379, 62
Trd, 8638975.112, 140
Trd, 8638975.612, 140
Trd, 8638976.679, 140
Trd, 8638976.779, 140
Trd, 8638977.646, 140
Trd, 8638977.846, 140
Trd, 8638978.046, 140
Trd, 8638978.412, 140
Trd, 8638978.646, 140
Trd, 8638978.979, 140
Trd, 8638980.412, 140
Trd, 8638980.612, 140
Trd, 8638980.712, 140
Trd, 8638981.012, 140
Trd, 8638981.079, 135
Trd, 8638981.546, 140
Trd, 8638981.879, 140
Trd, 8638982.179, 140
Trd, 8638982.279, 140
Trd, 8638982.379, 140
Trd, 8638982.746, 106
Trd, 8638984.579, 140
Trd, 8638984.946, 140
Trd, 8638985.179, 140
Trd, 8638985.612, 140
Trd, 8638985.712, 140
Trd, 8638985.879, 139
Trd, 8638986.079, 137
Trd, 8638986.612, 108
Trd, 8638987.879, 139
Trd, 8638988.346, 140
Trd, 8638988.379, 140
Trd, 8638988.812, 67
Trd, 8638989.112, 106
Trd, 8638989.679, 61
Trd, 8638990.312, 60
Trd, 8638990.346, 61
Trd, 8638990.412, 63
Trd, 8638990.946, 64
Trd, 8638991.346, 68
Trd, 8638992.212, 61
Trd, 8638992.512, 65
Trd, 8638994.046, 60
Trd, 8638994.412, 60
Trd, 8638995.146, 60
Trd, 8638995.612, 60
Trd, 8638995.779, 61
Trd, 8638995.846, 62
Trd, 8638995.979, 63
Trd, 8638996.046, 71
Trd, 8638996.512, 63
Trd, 8638997.212, 72
Trd, 8638997.346, 80
Trd, 8638997.946, 140
Trd, 8638998.012, 68
Trd, 8638998.312, 88
Trd, 8638998.379, 124
Trd, 8638998.579, 60
Trd, 8638999.079, 67
Trd, 8639000.812, 60
Trd, 8639001.279, 60
Trd, 8639001.612, 61
Trd, 8639002.146, 61
Trd, 8639002.646, 60
Trd, 8639002.746, 61
Trd, 8639003.212, 61
Trd, 8639003.412, 62
Trd, 8639003.812, 62
Trd, 8639004.112, 63
Trd, 8639004.212, 62
Trd, 8639004.446, 62
Trd, 8639005.146, 140
Trd, 8639005.746, 105
Trd, 8639005.912, 103
Trd, 8639006.112, 102
Trd, 8639007.112, 140
Trd, 8639007.412, 140
Trd, 8639007.646, 140
Trd, 8639007.779, 140
Trd, 8639007.946, 139
Trd, 8639008.579, 140
Trd, 8639009.012, 139
Trd, 8639009.646, 140
Trd, 8639010.446, 140
Trd, 8639010.712, 139
Trd, 8639011.046, 140
Trd, 8639011.479, 140
Trd, 8639011.612, 92
Trd, 8639011.946, 81
Trd, 8639012.912, 137
Trd, 8639014.846, 140
Trd, 8639014.879, 140
Trd, 8639014.912, 140
Trd, 8639015.012, 139
Trd, 8639015.346, 140
Trd, 8639015.512, 140
Trd, 8639015.546, 136
Trd, 8639016.246, 136
Trd, 8639016.612, 136
Trd, 8639016.712, 135
Trd, 8639016.946, 119
Trd, 8639017.279, 118
Trd, 8639017.979, 98
Trd, 8639018.179, 139
Trd, 8639018.279, 139
Trd, 8639019.112, 140
Trd, 8639019.912, 140
Trd, 8639019.946, 140
Trd, 8639020.079, 140
Trd, 8639020.279, 139
Trd, 8639021.279, 140
Trd, 8639022.179, 140
Trd, 8639022.446, 140
Trd, 8639023.446, 140
Trd, 8639023.712, 140
Trd, 8639024.379, 140
Trd, 8639024.546, 140
Trd, 8639024.679, 140
Trd, 8639024.946, 140
Trd, 8639026.312, 140
Trd, 8639026.412, 140
Trd, 8639027.246, 140
Trd, 8639027.346, 140
Trd, 8639027.712, 139
Trd, 8639028.112, 140
Trd, 8639028.212, 139
Trd, 8639029.379, 140
Trd, 8639029.579, 140
Trd, 8639029.946, 140
Trd, 8639029.979, 140
Trd, 8639030.379, 140
Trd, 8639030.446, 140
Trd, 8639030.612, 139
Trd, 8639031.412, 140
Trd, 8639031.512, 140
Trd, 8639031.946, 140
Trd, 8639032.646, 140
Trd, 8639033.346, 71
Trd, 8639033.612, 70
Trd, 8639033.712, 140
Trd, 8639033.912, 139
Trd, 8639034.179, 71
Trd, 8639034.479, 69
Trd, 8639035.146, 138
Trd, 8639036.112, 140
Trd, 8639036.246, 140
Trd, 8639036.979, 140
Trd, 8639037.012, 140
Trd, 8639037.679, 140
Trd, 8639037.779, 140
Trd, 8639038.246, 139
Trd, 8639038.879, 125
Trd, 8639039.112, 111
Trd, 8639039.679, 138
Trd, 8639040.079, 137
Trd, 8639040.546, 140
Trd, 8639041.146, 140
Trd, 8639041.879, 140
Trd, 8639042.479, 140
Trd, 8639042.779, 140
Trd, 8639042.946, 140
Trd, 8639042.979, 138
Trd, 8639043.979, 73
Trd, 8639045.379, 140
Trd, 8639045.479, 140
Trd, 8639045.879, 140
Trd, 8639046.846, 140
Trd, 8639047.112, 140
Trd, 8639047.412, 140
Trd, 8639048.512, 140
Trd, 8639049.046, 140
Trd, 8639049.179, 140
Trd, 8639049.246, 139
Trd, 8639049.446, 139
Trd, 8639049.612, 123
Trd, 8639049.779, 128
Trd, 8639050.046, 76
Trd, 8639050.812, 61
Trd, 8639050.846, 73
Trd, 8639051.212, 60
Trd, 8639051.912, 60
Trd, 8639052.179, 60
Trd, 8639052.812, 63
Trd, 8639053.512, 63
Trd, 8639054.146, 61
Trd, 8639055.112, 60
Trd, 8639055.779, 60
Trd, 8639055.979, 60
Trd, 8639056.112, 62
Trd, 8639056.446, 62
Trd, 8639056.912, 67
Trd, 8639057.112, 69
Trd, 8639057.312, 69
Trd, 8639057.346, 68
Trd, 8639058.946, 60
Trd, 8639059.012, 60
Trd, 8639059.312, 62
Trd, 8639059.912, 60
Trd, 8639060.446, 61
Trd, 8639060.812, 60
Trd, 8639060.946, 60
Trd, 8639061.212, 61
Trd, 8639061.579, 60
Trd, 8639061.679, 65
Trd, 8639062.212, 63
Trd, 8639062.546, 63
Trd, 8639062.812, 64
Trd, 8639063.912, 60
Trd, 8639063.979, 60
Trd, 8639065.079, 60
Trd, 8639065.112, 60
Trd, 8639065.379, 60
Trd, 8639065.412, 61
Trd, 8639065.812, 68
Trd, 8639066.112, 60
Trd, 8639066.946, 139
Trd, 8639067.679, 140
Trd, 8639067.979, 139
Trd, 8639068.012, 139
Trd, 8639068.112, 136
Trd, 8639068.946, 64
Trd, 8639070.079, 60
Trd, 8639070.179, 61
Trd, 8639070.246, 62
Trd, 8639070.512, 62
Trd, 8639070.612, 64
Trd, 8639070.879, 140
Trd, 8639072.012, 138
Trd, 8639072.046, 137
Trd, 8639072.946, 140
Trd, 8639073.012, 140
Trd, 8639073.612, 140
Trd, 8639074.146, 140
Trd, 8639074.246, 139
Trd, 8639074.612, 140
Trd, 8639074.979, 138
Trd, 8639076.412, 95
Trd, 8639076.446, 93
Trd, 8639077.946, 140
Trd, 8639078.146, 140
Trd, 8639078.946, 140
Trd, 8639079.212, 140
Trd, 8639079.546, 140
Trd, 8639079.712, 140
Trd, 8639080.546, 140
Trd, 8639080.946, 140
Trd, 8639080.979, 139
Trd, 8639081.679, 140
Trd, 8639082.012, 140
Trd, 8639082.046, 140
Trd, 8639082.379, 140
Trd, 8639082.446, 140
Trd, 8639083.746, 105
Trd, 8639083.846, 104
Trd, 8639083.879, 93
Trd, 8639084.079, 140
Trd, 8639084.212, 140
Trd, 8639084.512, 61
Trd, 8639085.646, 140
Trd, 8639085.846, 138
Trd, 8639086.812, 140
Trd, 8639087.046, 140
Trd, 8639087.446, 140
Trd, 8639088.412, 140
Trd, 8639088.546, 140
Trd, 8639088.646, 140
Trd, 8639089.079, 140
Trd, 8639089.212, 140
Trd, 8639089.279, 140
Trd, 8639090.012, 123
Trd, 8639090.112, 106
Trd, 8639090.579, 88
Trd, 8639092.046, 140
Trd, 8639093.012, 140
Trd, 8639093.279, 140
Trd, 8639093.346, 140
Trd, 8639094.312, 140
Trd, 8639094.712, 140
Trd, 8639095.179, 140
Trd, 8639095.946, 140
Trd, 8639096.279, 140
Trd, 8639096.446, 140
Trd, 8639097.579, 140
Trd, 8639098.312, 140
Trd, 8639099.546, 140
Trd, 8639099.712, 140
Trd, 8639099.979, 140
Trd, 8639100.012, 140
Trd, 8639100.079, 140
Trd, 8639100.712, 140
Trd, 8639100.812, 140
Trd, 8639101.112, 134
Trd, 8639102.246, 140
Trd, 8639103.379, 140
Trd, 8639103.512, 140
Trd, 8639104.379, 140
Trd, 8639104.579, 140
Trd, 8639104.946, 138
Trd, 8639106.779, 140
Trd, 8639106.979, 140
Trd, 8639107.279, 140
Trd, 8639107.712, 140
Trd, 8639107.846, 140
Trd, 8639108.212, 140
Trd, 8639108.279, 140
Trd, 8639108.546, 138
Trd, 8639108.579, 122
Trd, 8639109.579, 140
Trd, 8639109.912, 140
Trd, 8639110.112, 140
Trd, 8639110.712, 140
Trd, 8639110.746, 138
Trd, 8639111.646, 139
Trd, 8639112.712, 140
Trd, 8639113.112, 140
Trd, 8639113.379, 139
Trd, 8639114.346, 140
Trd, 8639114.612, 140
Trd, 8639115.146, 139
Trd, 8639115.479, 140
Trd, 8639116.846, 140
Trd, 8639117.246, 140
Trd, 8639117.279, 140
Trd, 8639117.346, 140
Trd, 8639118.279, 140
Trd, 8639118.512, 140
Trd, 8639118.579, 139
Trd, 8639119.046, 138
Trd, 8639119.246, 137
Trd, 8639119.312, 82
Trd, 8639120.079, 140
Trd, 8639120.812, 140
Trd, 8639121.379, 140
Trd, 8639121.579, 140
Trd, 8639122.012, 140
Trd, 8639122.112, 140
Trd, 8639122.146, 140
Trd, 8639122.879, 140
Trd, 8639123.046, 140
Trd, 8639124.179, 140
Trd, 8639124.212, 140
Trd, 8639124.512, 140
Trd, 8639124.846, 117
Trd, 8639125.279, 116
Trd, 8639126.246, 140
Trd, 8639127.146, 140
Trd, 8639127.446, 140
Trd, 8639127.646, 140
Trd, 8639127.846, 140
Trd, 8639128.112, 140
Trd, 8639128.212, 121
Trd, 8639129.079, 139
Trd, 8639129.979, 140
Trd, 8639130.012, 140
Trd, 8639131.179, 140
Trd, 8639131.212, 140
Trd, 8639131.679, 102
Trd, 8639131.712, 101
Trd, 8639132.012, 138
Trd, 8639132.046, 139
Trd, 8639132.146, 63
Trd, 8639132.612, 138
Trd, 8639133.379, 140
Trd, 8639133.812, 140
Trd, 8639133.946, 140
Trd, 8639134.146, 140
Trd, 8639134.646, 136
Trd, 8639135.179, 77
Trd, 8639135.312, 68
Trd, 8639135.746, 140
Trd, 8639136.479, 139
Trd, 8639137.246, 140
Trd, 8639138.112, 104
Trd, 8639138.712, 140
Trd, 8639138.879, 140
Trd, 8639138.979, 140
Trd, 8639139.479, 140
Trd, 8639140.479, 140
Trd, 8639141.479, 140
Trd, 8639141.579, 140
Trd, 8639141.746, 140
Trd, 8639142.179, 140
Trd, 8639142.879, 140
Trd, 8639143.279, 140
Trd, 8639143.346, 135
Trd, 8639143.479, 122
Trd, 8639144.146, 139
Trd, 8639144.212, 139
Trd, 8639145.246, 140
Trd, 8639145.646, 140
Trd, 8639145.712, 140
Trd, 8639146.379, 140
Trd, 8639146.912, 140
Trd, 8639147.446, 140
Trd, 8639147.979, 140
Trd, 8639148.246, 140
Trd, 8639148.346, 140
Trd, 8639148.979, 140
Trd, 8639149.412, 140
Trd, 8639150.646, 140
Trd, 8639150.879, 140
Trd, 8639150.979, 140
Trd, 8639151.512, 139
Trd, 8639151.712, 139
Trd, 8639152.146, 139
Trd, 8639152.346, 139
Trd, 8639152.479, 139
Trd, 8639152.812, 139
Trd, 8639152.912, 140
Trd, 8639153.446, 138
Trd, 8639153.512, 122
Trd, 8639153.846, 139
Trd, 8639154.446, 140
Trd, 8639154.512, 139
Trd, 8639155.212, 139
Trd, 8639155.712, 140
Trd, 8639156.046, 139
Trd, 8639156.279, 138
Trd, 8639156.312, 118
Trd, 8639156.912, 138
Trd, 8639157.079, 137
Trd, 8639158.046, 139
Trd, 8639158.679, 140
Trd, 8639158.712, 137
Trd, 8639158.879, 140
Trd, 8639160.446, 139
Trd, 8639160.646, 140
Trd, 8639160.812, 139
Trd, 8639161.079, 138
Trd, 8639161.212, 123
Trd, 8639161.546, 140
Trd, 8639162.912, 140
Trd, 8639163.279, 140
Trd, 8639163.412, 140
Trd, 8639163.946, 140
Trd, 8639165.246, 140
Trd, 8639165.579, 140
Trd, 8639166.112, 140
Trd, 8639166.212, 140
Trd, 8639166.379, 139
Trd, 8639167.346, 140
Trd, 8639167.479, 140
Trd, 8639168.079, 140
Trd, 8639168.412, 140
Trd, 8639169.046, 140
Trd, 8639169.479, 140
Trd, 8639170.979, 140
Trd, 8639171.412, 140
Trd, 8639171.512, 140
Trd, 8639171.579, 140
Trd, 8639172.079, 140
Trd, 8639172.679, 140
Trd, 8639172.946, 140
Trd, 8639173.046, 140
Trd, 8639173.079, 138
Trd, 8639173.412, 124
Trd, 8639173.646, 140
Trd, 8639174.046, 71
Trd, 8639174.379, 96
Trd, 8639175.179, 64
Trd, 8639175.479, 139
Trd, 8639175.712, 140
Trd, 8639176.512, 61
Trd, 8639177.012, 61
Trd, 8639177.379, 62
Trd, 8639179.046, 60
Trd, 8639179.079, 60
Trd, 8639179.212, 60
Trd, 8639180.412, 62
Trd, 8639181.712, 60
Trd, 8639181.846, 61
Trd, 8639181.912, 60
Trd, 8639182.579, 60
Trd, 8639182.946, 60
Trd, 8639183.379, 60
Trd, 8639183.579, 60
Trd, 8639183.712, 63
Trd, 8639183.946, 62
Trd, 8639184.046, 62
Trd, 8639184.546, 63
Trd, 8639184.679, 68
Trd, 8639185.612, 62
Trd, 8639185.646, 62
Trd, 8639186.579, 62
Trd, 8639186.679, 64
Trd, 8639187.046, 64
Trd, 8639187.112, 64
Trd, 8639187.579, 66
Trd, 8639187.779, 75
Trd, 8639188.812, 67
Trd, 8639188.879, 63
Trd, 8639189.646, 61
Trd, 8639189.779, 63
Trd, 8639190.012, 77
Trd, 8639191.446, 60
Trd, 8639191.646, 60
Trd, 8639192.712, 60
Trd, 8639192.746, 61
Trd, 8639193.312, 61
Trd, 8639193.812, 61
Trd, 8639193.912, 62
Trd, 8639193.946, 62
Trd, 8639194.179, 62
Trd, 8639194.279, 63
Trd, 8639194.879, 140
Trd, 8639195.279, 139
Trd, 8639195.346, 111
Trd, 8639196.246, 68
Trd, 8639196.279, 69
Trd, 8639196.912, 96
Trd, 8639197.012, 98
Trd, 8639197.946, 112
Trd, 8639198.279, 112
Trd, 8639198.312, 70
Trd, 8639199.112, 140
Trd, 8639199.179, 139
Trd, 8639199.346, 70
Trd, 8639199.412, 139
Trd, 8639199.479, 69
Trd, 8639200.146, 62
Trd, 8639200.546, 62
Trd, 8639200.912, 65
Trd, 8639201.212, 61
Trd, 8639201.846, 61
Trd, 8639201.879, 62
Trd, 8639203.679, 62
Trd, 8639203.879, 65
Trd, 8639204.612, 61
Trd, 8639205.412, 61
Trd, 8639205.546, 66
Trd, 8639205.579, 71
Trd, 8639205.879, 74
Trd, 8639206.212, 75
Trd, 8639206.312, 68
Trd, 8639206.412, 66
Trd, 8639206.512, 65
Trd, 8639207.012, 61
Trd, 8639207.846, 140
Trd, 8639208.879, 140
Trd, 8639209.012, 140
Trd, 8639209.112, 140
Trd, 8639209.246, 139
Trd, 8639210.546, 140
Trd, 8639210.612, 140
Trd, 8639211.246, 140
Trd, 8639211.846, 140
Trd, 8639211.912, 140
Trd, 8639213.179, 140
Trd, 8639213.212, 140
Trd, 8639213.612, 140
Trd, 8639213.979, 137
Trd, 8639214.846, 140
Trd, 8639214.979, 140
Trd, 8639215.179, 140
Trd, 8639215.779, 139
Trd, 8639216.112, 125
Trd, 8639216.146, 121
Trd, 8639216.946, 138
Trd, 8639217.879, 139
Trd, 8639218.179, 140
Trd, 8639219.246, 140
Trd, 8639219.679, 140
Trd, 8639219.746, 140
Trd, 8639220.146, 140
Trd, 8639220.579, 140
Trd, 8639220.779, 140
Trd, 8639221.012, 140
Trd, 8639221.046, 122
Trd, 8639221.612, 140
Trd, 8639221.812, 140
Trd, 8639223.446, 140
Trd, 8639224.046, 140
Trd, 8639224.246, 140
Trd, 8639224.479, 140
Trd, 8639225.046, 140
Trd, 8639225.446, 140
Trd, 8639226.012, 140
Trd, 8639226.512, 140
Trd, 8639226.879, 139
Trd, 8639226.946, 136
Trd, 8639227.212, 125
Trd, 8639227.946, 60
Trd, 8639228.112, 60
Trd, 8639228.179, 60
Trd, 8639229.412, 61
Trd, 8639229.446, 73
Trd, 8639229.946, 72
Trd, 8639230.012, 67
Trd, 8639230.679, 67
Trd, 8639230.712, 64
Trd, 8639230.812, 62
Trd, 8639231.479, 74
Trd, 8639231.679, 82
Trd, 8639232.079, 62
Trd, 8639232.679, 140
Trd, 8639232.879, 111
Trd, 8639233.912, 136
Trd, 8639233.946, 112
Trd, 8639234.879, 113
Trd, 8639235.212, 112
Trd, 8639235.546, 81
Trd, 8639235.612, 69
Trd, 8639237.212, 60
Trd, 8639237.412, 60
Trd, 8639238.646, 60
Trd, 8639239.112, 60
Trd, 8639239.479, 60
Trd, 8639239.912, 60
Trd, 8639240.212, 60
Trd, 8639240.379, 60
Trd, 8639240.779, 61
Trd, 8639240.912, 60
Trd, 8639242.079, 60
Trd, 8639242.212, 61
Trd, 8639242.246, 60
Trd, 8639242.479, 63
Trd, 8639243.112, 60
Trd, 8639243.179, 60
Trd, 8639244.279, 60
Trd, 8639245.279, 61
Trd, 8639245.646, 63
Trd, 8639245.712, 65
Trd, 8639245.746, 66
Trd, 8639246.012, 64
Trd, 8639246.546, 71
Trd, 8639246.979, 72
Trd, 8639247.379, 61
Trd, 8639247.579, 139
Trd, 8639248.046, 60
Trd, 8639248.146, 60
Trd, 8639248.646, 66
Trd, 8639249.046, 63
Trd, 8639249.646, 65
Trd, 8639250.079, 67
Trd, 8639250.112, 65
Trd, 8639250.812, 64
Trd, 8639250.912, 65
Trd, 8639251.212, 63
Trd, 8639251.846, 86
Trd, 8639252.346, 60
Trd, 8639252.546, 61
Trd, 8639252.746, 61
Trd, 8639253.579, 60
Trd, 8639253.746, 64
Trd, 8639253.846, 137
Trd, 8639254.746, 61
Trd, 8639254.779, 66
Trd, 8639255.079, 64
Trd, 8639255.779, 65
Trd, 8639255.879, 67
Trd, 8639256.146, 63
Trd, 8639256.246, 61
Trd, 8639257.046, 140
Trd, 8639258.079, 140
Trd, 8639258.579, 140
Trd, 8639259.412, 140
Trd, 8639259.946, 140
Trd, 8639259.979, 140
Trd, 8639261.312, 140
Trd, 8639261.512, 140
Trd, 8639261.579, 140
Trd, 8639261.712, 140
Trd, 8639262.879, 140
Trd, 8639263.146, 140
Trd, 8639263.212, 140
Trd, 8639264.279, 139
Trd, 8639264.546, 140
Trd, 8639265.746, 140
Trd, 8639266.112, 140
Trd, 8639266.212, 140
Trd, 8639266.346, 140
Trd, 8639266.846, 140
Trd, 8639266.946, 140
Trd, 8639267.012, 140
Trd, 8639267.812, 139
Trd, 8639268.179, 140
Trd, 8639268.612, 140
Trd, 8639268.712, 139
Trd, 8639269.479, 125
Trd, 8639269.612, 124
Trd, 8639270.879, 140
Trd, 8639271.246, 140
Trd, 8639272.579, 140
Trd, 8639272.946, 140
Trd, 8639273.079, 140
Trd, 8639273.512, 140
Trd, 8639273.579, 140
Trd, 8639273.646, 140
Trd, 8639274.712, 140
Trd, 8639274.812, 139
Trd, 8639276.646, 140
Trd, 8639276.812, 138
Trd, 8639277.246, 123
Trd, 8639277.346, 109
Trd, 8639277.446, 86
Trd, 8639278.279, 61
Trd, 8639278.779, 60
Trd, 8639279.146, 60
Trd, 8639279.646, 60
Trd, 8639280.046, 60
Trd, 8639280.246, 62
Trd, 8639280.279, 69
Trd, 8639281.212, 61
Trd, 8639282.079, 60
Trd, 8639283.246, 60
Trd, 8639283.946, 60
Trd, 8639284.012, 61
Trd, 8639285.312, 60
Trd, 8639285.679, 61
Trd, 8639286.346, 60
Trd, 8639286.612, 62
Trd, 8639286.946, 66
Trd, 8639287.212, 67
Trd, 8639287.312, 60
Trd, 8639287.479, 68
Trd, 8639288.012, 64
Trd, 8639288.312, 65
Trd, 8639288.546, 69
Trd, 8639288.712, 71
Trd, 8639288.979, 67
Trd, 8639289.179, 67
Trd, 8639289.479, 62
Trd, 8639290.146, 63
Trd, 8639290.812, 62
Trd, 8639291.246, 92
Trd, 8639291.312, 91
Trd, 8639291.346, 79
Trd, 8639291.612, 78
Trd, 8639292.079, 140
Trd, 8639292.946, 140
Trd, 8639293.479, 137
Trd, 8639293.946, 140
Trd, 8639294.112, 105
Trd, 8639294.846, 140
Trd, 8639294.946, 140
Trd, 8639295.546, 97
Trd, 8639295.979, 140
Trd, 8639296.146, 139
Trd, 8639296.546, 96
Trd, 8639296.879, 76
Trd, 8639297.846, 61
Trd, 8639298.779, 64
Trd, 8639299.346, 63
Trd, 8639300.812, 60
Trd, 8639301.946, 60
Trd, 8639302.112, 60
Trd, 8639302.579, 60
Trd, 8639302.612, 61
Trd, 8639302.746, 61
Trd, 8639302.912, 61
Trd, 8639303.246, 63
Trd, 8639303.279, 64
Trd, 8639304.046, 64
Trd, 8639304.312, 63
Trd, 8639304.379, 67
Trd, 8639304.646, 67
Trd, 8639305.779, 128
Trd, 8639306.346, 109
Trd, 8639307.046, 140
Trd, 8639307.179, 114
Trd, 8639307.246, 113
Trd, 8639307.612, 111
Trd, 8639308.146, 140
Trd, 8639308.279, 140
Trd, 8639309.746, 140
Trd, 8639310.646, 140
Trd, 8639312.312, 140
Trd, 8639312.579, 140
Trd, 8639312.746, 140
Trd, 8639312.846, 140
Trd, 8639313.746, 140
Trd, 8639314.479, 140
Trd, 8639315.246, 140
Trd, 8639315.279, 140
Trd, 8639315.512, 140
Trd, 8639316.246, 140
Trd, 8639316.779, 140
Trd, 8639317.112, 140
Trd, 8639317.212, 140
Trd, 8639317.346, 140
Trd, 8639317.646, 140
Trd, 8639317.746, 140
Trd, 8639317.812, 140
Trd, 8639318.279, 140
Trd, 8639318.446, 138
Trd, 8639318.979, 137
Trd, 8639319.846, 139
Trd, 8639320.379, 140
Trd, 8639321.446, 139
Trd, 8639321.512, 138
Trd, 8639321.779, 137
Trd, 8639322.412, 140
Trd, 8639322.612, 121
Trd, 8639323.412, 140
Trd, 8639323.546, 120
Trd, 8639323.779, 112
Trd, 8639324.112, 79
Trd, 8639324.179, 140
Trd, 8639325.612, 140
Trd, 8639326.379, 140
Trd, 8639327.512, 140
Trd, 8639327.746, 140
Trd, 8639328.379, 140
Trd, 8639328.912, 140
Trd, 8639329.179, 140
Trd, 8639329.746, 140
Trd, 8639329.979, 140
Trd, 8639330.046, 140
Trd, 8639330.212, 140
Trd, 8639330.612, 140
Trd, 8639330.646, 140
Trd, 8639330.846, 140
Trd, 8639331.812, 140
Trd, 8639332.412, 140
Trd, 8639332.512, 135
Trd, 8639332.679, 121
Trd, 8639332.979, 65
Trd, 8639334.112, 140
Trd, 8639334.979, 140
Trd, 8639335.246, 140
Trd, 8639335.379, 140
Trd, 8639335.446, 137
Trd, 8639335.846, 78
Trd, 8639336.312, 139
Trd, 8639336.546, 64
Trd, 8639337.346, 139
Trd, 8639338.179, 139
Trd, 8639338.646, 140
Trd, 8639338.946, 140
Trd, 8639339.279, 140
Trd, 8639339.846, 140
Trd, 8639340.679, 140
Trd, 8639340.746, 140
Trd, 8639340.946, 140
Trd, 8639341.079, 140
Trd, 8639341.946, 140
Trd, 8639342.979, 140
Trd, 8639343.446, 140
Trd, 8639344.046, 140
Trd, 8639344.912, 140
Trd, 8639345.212, 140
Trd, 8639345.279, 139
Trd, 8639345.412, 139
Trd, 8639345.979, 139
Trd, 8639346.679, 140
Trd, 8639347.646, 140
Trd, 8639347.912, 140
Trd, 8639349.146, 140
Trd, 8639349.212, 140
Trd, 8639349.712, 140
Trd, 8639350.012, 140
Trd, 8639351.012, 140
Trd, 8639351.179, 140
Trd, 8639351.379, 140
Trd, 8639351.779, 139
Trd, 8639352.679, 140
Trd, 8639353.312, 140
Trd, 8639353.379, 140
Trd, 8639353.546, 140
Trd, 8639353.879, 140
Trd, 8639354.112, 140
Trd, 8639355.412, 140
Trd, 8639355.479, 140
Trd, 8639355.646, 140
Trd, 8639356.112, 140
Trd, 8639356.446, 140
Trd, 8639356.879, 140
Trd, 8639357.246, 140
Trd, 8639357.312, 140
Trd, 8639357.712, 140
Trd, 8639357.746, 140
Trd, 8639358.112, 140
Trd, 8639359.012, 138
Trd, 8639359.179, 96
Trd, 8639359.412, 61
Trd, 8639359.979, 140
Trd, 8639360.612, 140
Trd, 8639360.912, 140
Trd, 8639361.312, 140
Trd, 8639361.579, 140
Trd, 8639361.879, 133
Trd, 8639363.046, 138
Trd, 8639363.246, 140
Trd, 8639363.412, 126
Trd, 8639364.846, 140
Trd, 8639365.212, 140
Trd, 8639365.446, 140
Trd, 8639365.579, 140
Trd, 8639366.012, 140
Trd, 8639366.246, 140
Trd, 8639366.579, 140
Trd, 8639366.612, 140
Trd, 8639367.412, 139
Trd, 8639368.246, 140
Trd, 8639368.612, 140
Trd, 8639368.779, 140
Trd, 8639369.012, 140
Trd, 8639369.146, 125
Trd, 8639369.646, 102
Trd, 8639370.646, 114
Trd, 8639371.046, 78
Trd, 8639371.346, 131
Trd, 8639371.446, 122
Trd, 8639372.446, 140
Trd, 8639373.212, 140
Trd, 8639373.279, 140
Trd, 8639373.812, 140
Trd, 8639374.079, 140
Trd, 8639374.246, 140
Trd, 8639375.512, 140
Trd, 8639375.679, 140
Trd, 8639376.679, 140
Trd, 8639376.946, 140
Trd, 8639376.979, 140
Trd, 8639377.112, 140
Trd, 8639377.412, 139
Trd, 8639378.279, 140
Trd, 8639379.246, 140
Trd, 8639379.379, 139
Trd, 8639380.612, 140
Trd, 8639380.779, 140
Trd, 8639381.412, 140
Trd, 8639381.446, 140
Trd, 8639381.846, 140
Trd, 8639381.912, 140
Trd, 8639382.312, 140
Trd, 8639383.046, 140
Trd, 8639383.512, 140
Trd, 8639384.646, 140
Trd, 8639385.579, 140
Trd, 8639385.646, 140
Trd, 8639386.012, 140
Trd, 8639387.046, 140
Trd, 8639387.312, 140
Trd, 8639387.412, 140
Trd, 8639387.946, 140
Trd, 8639388.312, 140
Trd, 8639389.146, 140
Trd, 8639389.646, 140
Trd, 8639389.679, 140
Trd, 8639389.812, 140
Trd, 8639390.512, 140
Trd, 8639390.646, 140
Trd, 8639391.912, 140
Trd, 8639392.112, 140
Trd, 8639392.246, 140
Trd, 8639393.212, 140
Trd, 8639393.646, 139
Trd, 8639394.046, 139
Trd, 8639394.312, 140
Trd, 8639395.479, 140
Trd, 8639395.612, 140
Trd, 8639395.712, 140
Trd, 8639395.812, 140
Trd, 8639396.079, 140
Trd, 8639396.512, 139
Trd, 8639396.546, 138
Trd, 8639397.012, 139
Trd, 8639397.812, 139
Trd, 8639398.012, 123
Trd, 8639398.512, 140
Trd, 8639398.646, 123
Trd, 8639399.279, 112
Trd, 8639400.479, 140
Trd, 8639400.546, 140
Trd, 8639400.946, 140
Trd, 8639401.179, 140
Trd, 8639401.612, 140
Trd, 8639401.879, 139
Trd, 8639402.779, 140
Trd, 8639403.979, 140
Trd, 8639404.046, 140
Trd, 8639404.646, 140
Trd, 8639405.279, 140
Trd, 8639405.446, 140
Trd, 8639405.912, 140
Trd, 8639406.079, 140
Trd, 8639406.212, 140
Trd, 8639406.712, 140
Trd, 8639407.512, 140
Trd, 8639407.946, 139
Trd, 8639408.046, 138
Trd, 8639408.212, 121
Trd, 8639408.679, 69
Trd, 8639409.212, 135
Trd, 8639409.746, 140
Trd, 8639411.279, 140
Trd, 8639411.379, 140
Trd, 8639411.979, 140
Trd, 8639412.112, 140
Trd, 8639413.579, 140
Trd, 8639413.846, 140
Trd, 8639414.079, 140
Trd, 8639414.479, 140
Trd, 8639414.679, 140
Trd, 8639414.779, 140
Trd, 8639415.446, 140
Trd, 8639415.879, 140
Trd, 8639416.179, 140
Trd, 8639416.379, 140
Trd, 8639416.679, 140
Trd, 8639417.746, 140
Trd, 8639417.912, 140
Trd, 8639417.946, 140
Trd, 8639418.112, 140
Trd, 8639418.312, 139
Trd, 8639418.746, 139
Trd, 8639418.879, 91
Trd, 8639419.046, 72
Trd, 8639420.179, 137
Trd, 8639420.546, 139
Trd, 8639420.646, 139
Trd, 8639420.946, 138
Trd, 8639421.579, 139
Trd, 8639421.912, 140
Trd, 8639422.179, 139
Trd, 8639422.779, 80
Trd, 8639423.212, 139
Trd, 8639423.512, 138
Trd, 8639424.146, 140
Trd, 8639424.779, 140
Trd, 8639425.812, 140
Trd, 8639426.012, 140
Trd, 8639426.379, 140
Trd, 8639426.979, 140
Trd, 8639427.279, 140
Trd, 8639427.446, 140
Trd, 8639427.579, 139
Trd, 8639428.146, 140
Trd, 8639428.812, 140
Trd, 8639428.912, 140
Trd, 8639429.146, 140
Trd, 8639429.779, 139
Trd, 8639430.046, 140
Trd, 8639430.412, 140
Trd, 8639430.779, 140
Trd, 8639431.779, 140
Trd, 8639432.079, 140
Trd, 8639432.479, 140
Trd, 8639432.546, 140
Trd, 8639432.712, 139
Trd, 8639432.812, 111
Trd, 8639433.546, 60
Trd, 8639434.512, 62
Trd, 8639435.246, 60
Trd, 8639436.212, 62
Trd, 8639436.312, 63
Trd, 8639436.446, 64
Trd, 8639436.479, 67
Trd, 8639436.612, 83
Trd, 8639437.079, 61
Trd, 8639437.146, 62
Trd, 8639437.312, 138
Trd, 8639437.379, 61
Trd, 8639437.879, 66
Trd, 8639438.712, 138
Trd, 8639439.612, 140
Trd, 8639440.146, 140
Trd, 8639440.212, 140
Trd, 8639440.312, 140
Trd, 8639441.579, 140
Trd, 8639441.646, 140
Trd, 8639442.279, 140
Trd, 8639442.646, 138
Trd, 8639442.879, 137
Trd, 8639443.446, 129
Trd, 8639443.746, 138
Trd, 8639443.846, 123
Trd, 8639444.679, 140
Trd, 8639445.212, 140
Trd, 8639445.246, 136
Trd, 8639446.179, 140
Trd, 8639446.779, 140
Trd, 8639447.279, 140
Trd, 8639447.746, 140
Trd, 8639448.212, 140
Trd, 8639448.712, 140
Trd, 8639449.012, 139
Trd, 8639449.379, 140
Trd, 8639449.979, 140
Trd, 8639450.179, 140
Trd, 8639450.446, 140
Trd, 8639450.612, 139
Trd, 8639450.979, 139
Trd, 8639451.812, 139
Trd, 8639451.846, 114
Trd, 8639453.746, 140
Trd, 8639454.246, 140
Trd, 8639454.546, 140
Trd, 8639455.379, 140
Trd, 8639455.546, 140
Trd, 8639455.879, 139
Trd, 8639456.312, 140
Trd, 8639456.446, 139
Trd, 8639457.246, 140
Trd, 8639457.346, 139
Trd, 8639457.846, 139
Trd, 8639458.746, 140
Trd, 8639459.012, 140
Trd, 8639459.146, 140
Trd, 8639459.646, 140
Trd, 8639459.846, 140
Trd, 8639460.112, 140
Trd, 8639460.646, 140
Trd, 8639461.112, 140
Trd, 8639461.612, 140
Trd, 8639462.179, 140
Trd, 8639462.212, 140
Trd, 8639463.312, 140
Trd, 8639464.146, 139
Trd, 8639464.279, 93
Trd, 8639464.346, 92
Trd, 8639465.079, 60
Trd, 8639465.146, 61
Trd, 8639465.646, 61
Trd, 8639466.046, 61
Trd, 8639466.646, 64
Trd, 8639467.912, 60
Trd, 8639468.546, 60
Trd, 8639469.346, 61
Trd, 8639469.579, 68
Trd, 8639470.379, 63
Trd, 8639470.546, 65
Trd, 8639470.679, 76
Trd, 8639470.912, 72
Trd, 8639471.312, 139
Trd, 8639471.446, 68
Trd, 8639471.879, 67
Trd, 8639472.912, 84
Trd, 8639473.079, 83
Trd, 8639473.246, 140
Trd, 8639473.912, 140
Trd, 8639474.979, 60
Trd, 8639475.146, 60
Trd, 8639475.179, 60
Trd, 8639475.212, 62
Trd, 8639475.512, 64
Trd, 8639476.579, 60
Trd, 8639477.346, 60
Trd, 8639477.412, 60
Trd, 8639477.846, 60
Trd, 8639478.046, 61
Trd, 8639478.846, 61
Trd, 8639478.979, 61
Trd, 8639479.046, 64
Trd, 8639479.379, 77
Trd, 8639479.412, 79
Trd, 8639479.546, 63
Trd, 8639480.046, 139
Trd, 8639480.079, 138
Trd, 8639480.779, 61
Trd, 8639481.046, 74
Trd, 8639481.779, 61
Trd, 8639482.479, 61
Trd, 8639483.046, 60
Trd, 8639483.146, 61
Trd, 8639483.579, 60
Trd, 8639484.279, 62
Trd, 8639484.579, 61
Trd, 8639484.946, 62
Trd, 8639484.979, 63
Trd, 8639485.112, 106
Trd, 8639485.612, 139
Trd, 8639486.246, 138
Trd, 8639486.446, 132
Trd, 8639486.546, 61
Trd, 8639487.146, 140
Trd, 8639487.612, 140
Trd, 8639488.479, 73
Trd, 8639489.479, 76
Trd, 8639489.612, 75
Trd, 8639489.679, 87
Trd, 8639490.012, 73
Trd, 8639490.579, 140
Trd, 8639490.612, 72
Trd, 8639491.612, 94
Trd, 8639492.412, 140
Trd, 8639492.512, 140
Trd, 8639492.679, 139
Trd, 8639492.779, 139
Trd, 8639493.479, 140
Trd, 8639493.579, 138
Trd, 8639493.846, 63
Trd, 8639494.646, 66
Trd, 8639494.946, 66
Trd, 8639495.246, 67
Trd, 8639495.812, 67
Trd, 8639496.146, 69
Trd, 8639496.212, 71
Trd, 8639496.646, 60
Trd, 8639498.179, 60
Trd, 8639498.879, 60
Trd, 8639499.846, 60
Trd, 8639500.812, 60
Trd, 8639501.446, 61
Trd, 8639501.712, 61
Trd, 8639502.246, 60
Trd, 8639502.412, 60
Trd, 8639502.512, 61
Trd, 8639502.546, 62
Trd, 8639502.612, 63
Trd, 8639503.379, 86
Trd, 8639503.812, 63
Trd, 8639504.379, 65
Trd, 8639504.479, 61
Trd, 8639504.512, 66
Trd, 8639505.746, 62
Trd, 8639505.879, 62
Trd, 8639507.346, 60
Trd, 8639507.479, 61
Trd, 8639507.746, 60
Trd, 8639508.246, 60
Trd, 8639508.846, 60
Trd, 8639508.879, 60
Trd, 8639509.246, 61
Trd, 8639509.446, 62
Trd, 8639509.479, 65
Trd, 8639509.546, 65
Trd, 8639510.379, 63
Trd, 8639510.479, 62
Trd, 8639510.812, 64
Trd, 8639511.579, 62
Trd, 8639512.079, 64
Trd, 8639512.346, 61
Trd, 8639512.479, 66
Trd, 8639514.279, 60
Trd, 8639514.579, 60
Trd, 8639515.412, 60
Trd, 8639515.679, 61
Trd, 8639515.846, 60
Trd, 8639516.012, 61
Trd, 8639516.512, 63
Trd, 8639516.712, 60
Trd, 8639517.179, 60
Trd, 8639517.546, 60
Trd, 8639517.812, 63
Trd, 8639518.012, 65
Trd, 8639518.246, 112
Trd, 8639518.312, 100
Trd, 8639518.379, 99
Trd, 8639519.246, 89
Trd, 8639519.579, 140
Trd, 8639519.812, 117
Trd, 8639519.979, 117
Trd, 8639520.512, 140
Trd, 8639520.646, 116
Trd, 8639521.912, 80
Trd, 8639522.012, 91
Trd, 8639522.279, 78
Trd, 8639522.512, 136
Trd, 8639523.246, 137
Trd, 8639524.012, 119
Trd, 8639524.146, 118
Trd, 8639524.646, 140
Trd, 8639525.012, 140
Trd, 8639525.412, 140
Trd, 8639525.546, 140
Trd, 8639526.179, 106
Trd, 8639526.312, 105
Trd, 8639527.379, 140
Trd, 8639527.446, 139
Trd, 8639528.079, 140
Trd, 8639528.246, 140
Trd, 8639528.279, 139
Trd, 8639529.079, 140
Trd, 8639529.946, 140
Trd, 8639530.246, 140
Trd, 8639530.346, 140
Trd, 8639530.812, 139
Trd, 8639530.879, 139
Trd, 8639531.146, 139
Trd, 8639531.279, 122
Trd, 8639532.146, 122
Trd, 8639533.446, 68
Trd, 8639533.612, 65
Trd, 8639533.779, 69
Trd, 8639533.846, 62
Trd, 8639535.946, 61
Trd, 8639536.046, 62
Trd, 8639536.112, 60
Trd, 8639536.212, 63
Trd, 8639536.312, 68
Trd, 8639536.546, 62
Trd, 8639537.112, 71
Trd, 8639538.612, 140
Trd, 8639538.746, 137
Trd, 8639538.812, 137
Trd, 8639539.746, 140
Trd, 8639540.346, 140
Trd, 8639540.379, 140
Trd, 8639540.579, 140
Trd, 8639540.912, 140
Trd, 8639541.479, 140
Trd, 8639542.279, 140
Trd, 8639542.879, 140
Trd, 8639543.646, 140
Trd, 8639544.212, 140
Trd, 8639544.779, 140
Trd, 8639545.279, 140
Trd, 8639545.512, 140
Trd, 8639546.079, 140
Trd, 8639546.812, 140
Trd, 8639548.279, 140
Trd, 8639548.746, 140
Trd, 8639548.979, 140
Trd, 8639549.012, 140
Trd, 8639549.079, 140
Trd, 8639549.346, 140
Trd, 8639550.079, 140
Trd, 8639550.146, 140
Trd, 8639550.179, 139
Trd, 8639550.546, 131
Trd, 8639550.679, 100
Trd, 8639551.012, 96
Trd, 8639551.346, 129
Trd, 8639551.979, 64
Trd, 8639552.712, 67
Trd, 8639552.812, 106
Trd, 8639553.246, 67
Trd, 8639553.479, 130
Trd, 8639553.579, 67
Trd, 8639554.146, 131
Trd, 8639554.579, 140
Trd, 8639554.912, 122
Trd, 8639554.946, 121
Trd, 8639555.812, 140
Trd, 8639556.279, 140
Trd, 8639556.612, 140
Trd, 8639556.646, 140
Trd, 8639557.546, 140
Trd, 8639558.746, 140
Trd, 8639559.046, 140
Trd, 8639559.712, 140
Trd, 8639559.812, 140
Trd, 8639559.879, 138
Trd, 8639560.612, 129
Trd, 8639560.679, 110
Trd, 8639561.179, 132
Trd, 8639561.246, 99
Trd, 8639561.279, 89
Trd, 8639562.379, 70
Trd, 8639563.079, 121
Trd, 8639563.246, 122
Trd, 8639563.279, 100
Trd, 8639563.646, 83
Trd, 8639563.779, 86
Trd, 8639564.512, 140
Trd, 8639565.646, 139
Trd, 8639565.979, 140
Trd, 8639566.879, 140
Trd, 8639567.046, 140
Trd, 8639567.846, 140
Trd, 8639568.512, 140
Trd, 8639568.579, 140
Trd, 8639568.746, 139
Trd, 8639569.346, 97
Trd, 8639570.512, 95
Trd, 8639571.379, 140
Trd, 8639572.212, 140
Trd, 8639572.512, 140
Trd, 8639572.579, 140
Trd, 8639572.612, 140
Trd, 8639572.646, 140
Trd, 8639572.712, 124
Trd, 8639573.379, 77
Trd, 8639573.579, 61
Trd, 8639574.812, 60
Trd, 8639575.079, 60
Trd, 8639575.979, 60
Trd, 8639576.279, 60
Trd, 8639577.146, 62
Trd, 8639577.279, 63
Trd, 8639577.579, 64
Trd, 8639578.012, 62
Trd, 8639578.646, 60
Trd, 8639579.012, 60
Trd, 8639579.246, 60
Trd, 8639579.312, 62
Trd, 8639579.546, 63
Trd, 8639579.579, 64
Trd, 8639580.346, 60
Trd, 8639580.512, 61
Trd, 8639580.946, 61
Trd, 8639581.179, 66
Trd, 8639582.012, 64
Trd, 8639582.479, 66
Trd, 8639583.079, 60
Trd, 8639583.146, 67
Trd, 8639583.479, 75
Trd, 8639584.146, 64
Trd, 8639584.546, 68
Trd, 8639584.879, 65
Trd, 8639585.512, 71
Trd, 8639585.646, 72
Trd, 8639586.112, 71
Trd, 8639587.446, 140
Trd, 8639587.479, 140
Trd, 8639587.912, 140
Trd, 8639587.979, 140
Trd, 8639588.012, 140
Trd, 8639588.379, 123
Trd, 8639588.946, 60
Trd, 8639591.146, 60
Trd, 8639591.179, 60
Trd, 8639592.279, 60
Trd, 8639592.812, 60
Trd, 8639592.912, 60
Trd, 8639594.279, 60
Trd, 8639594.346, 60
Trd, 8639594.412, 60
Trd, 8639594.546, 60
Trd, 8639594.979, 61
Trd, 8639595.246, 62
Trd, 8639595.279, 62
Trd, 8639595.446, 61
Trd, 8639595.779, 61
Trd, 8639595.846, 61
Trd, 8639596.612, 60
Trd, 8639596.679, 61
Trd, 8639597.279, 64
Trd, 8639597.512, 64
Trd, 8639598.612, 64
Trd, 8639598.846, 66
Trd, 8639599.179, 65
Trd, 8639599.412, 68
Trd, 8639599.646, 137
Trd, 8639599.946, 64
Trd, 8639601.846, 60
Trd, 8639601.912, 60
Trd, 8639602.412, 60
Trd, 8639602.546, 60
Trd, 8639603.079, 60
Trd, 8639603.546, 61
Trd, 8639603.946, 61
Trd, 8639604.079, 67
Trd, 8639604.412, 62
Trd, 8639604.546, 61
Trd, 8639604.812, 61
Trd, 8639605.079, 61
Trd, 8639605.646, 63
Trd, 8639605.879, 65
Trd, 8639606.446, 140
Trd, 8639606.846, 140
Trd, 8639607.746, 140
Trd, 8639608.479, 140
Trd, 8639608.612, 140
Trd, 8639608.846, 139
Trd, 8639609.546, 140
Trd, 8639609.979, 140
Trd, 8639610.979, 140
Trd, 8639611.179, 116
Trd, 8639612.479, 139
Trd, 8639612.579, 137
Trd, 8639612.846, 125
Trd, 8639613.746, 140
Trd, 8639615.179, 140
Trd, 8639615.212, 140
Trd, 8639615.679, 140
Trd, 8639616.246, 140
Trd, 8639616.279, 140
Trd, 8639616.646, 140
Trd, 8639616.712, 139
Trd, 8639617.546, 140
Trd, 8639617.979, 140
Trd, 8639618.312, 140
Trd, 8639618.712, 140
Trd, 8639618.979, 140
Trd, 8639619.212, 126
Trd, 8639619.846, 83
Trd, 8639620.412, 140
Trd, 8639620.779, 140
Trd, 8639621.279, 84
Trd, 8639622.946, 140
Trd, 8639623.546, 140
Trd, 8639623.846, 140
Trd, 8639624.079, 140
Trd, 8639624.179, 140
Trd, 8639624.612, 140
Trd, 8639624.846, 140
Trd, 8639625.079, 140
Trd, 8639625.112, 123
Trd, 8639625.546, 140
Trd, 8639625.679, 71
Trd, 8639625.946, 102
Trd, 8639626.379, 67
Trd, 8639626.546, 68
Trd, 8639627.546, 65
Trd, 8639628.346, 64
Trd, 8639628.846, 60
Trd, 8639629.346, 60
Trd, 8639629.379, 60
Trd, 8639629.979, 62
Trd, 8639631.679, 60
Trd, 8639631.912, 60
Trd, 8639632.046, 61
Trd, 8639632.746, 61
Trd, 8639633.079, 63
Trd, 8639633.312, 64
Trd, 8639633.546, 65
Trd, 8639633.912, 70
Trd, 8639634.046, 140
Trd, 8639634.612, 138
Trd, 8639635.112, 138
Trd, 8639635.146, 70
Trd, 8639635.412, 67
Trd, 8639635.512, 137
Trd, 8639636.246, 138
Trd, 8639637.012, 60
Trd, 8639638.246, 60
Trd, 8639638.412, 60
Trd, 8639639.512, 61
Trd, 8639639.946, 60
Trd, 8639640.179, 62
Trd, 8639640.346, 63
Trd, 8639640.679, 63
Trd, 8639640.712, 66
Trd, 8639641.179, 65
Trd, 8639641.846, 139
Trd, 8639641.879, 139
Trd, 8639642.779, 140
Trd, 8639642.812, 140
Trd, 8639642.879, 140
Trd, 8639643.412, 140
Trd, 8639643.612, 139
Trd, 8639643.779, 138
Trd, 8639644.812, 140
Trd, 8639645.012, 139
Trd, 8639645.046, 138
Trd, 8639645.779, 140
Trd, 8639646.412, 140
Trd, 8639646.546, 140
Trd, 8639646.712, 124
Trd, 8639647.046, 91
Trd, 8639647.879, 140
Trd, 8639648.312, 140
Trd, 8639648.512, 140
Trd, 8639649.846, 140
Trd, 8639650.212, 140
Trd, 8639650.812, 140
Trd, 8639650.912, 140
Trd, 8639651.046, 140
Trd, 8639651.646, 140
Trd, 8639652.746, 140
Trd, 8639652.779, 140
Trd, 8639653.246, 140
Trd, 8639653.546, 140
Trd, 8639653.912, 140
Trd, 8639654.479, 140
Trd, 8639654.712, 140
Trd, 8639655.746, 139
Trd, 8639656.146, 140
Trd, 8639656.446, 140
Trd, 8639657.212, 140
Trd, 8639657.446, 140
Trd, 8639658.279, 139
Trd, 8639658.346, 138
Trd, 8639658.479, 140
Trd, 8639659.412, 140
Trd, 8639661.312, 140
Trd, 8639661.546, 140
Trd, 8639661.879, 140
Trd, 8639662.179, 140
Trd, 8639662.279, 140
Trd, 8639663.112, 140
Trd, 8639663.246, 140
Trd, 8639663.912, 140
Trd, 8639664.212, 140
Trd, 8639664.379, 140
Trd, 8639664.412, 140
Trd, 8639664.546, 140
Trd, 8639665.912, 140
Trd, 8639666.312, 140
Trd, 8639667.246, 140
Trd, 8639667.412, 140
Trd, 8639668.079, 140
Trd, 8639668.679, 140
Trd, 8639669.079, 140
Trd, 8639670.246, 140
Trd, 8639670.346, 140
Trd, 8639670.479, 140
Trd, 8639670.579, 140
Trd, 8639670.679, 140
Trd, 8639670.812, 139
Trd, 8639671.279, 139
Trd, 8639671.612, 140
Trd, 8639671.679, 139
Trd, 8639672.346, 140
Trd, 8639672.912, 140
Trd, 8639673.312, 140
Trd, 8639673.612, 139
Trd, 8639673.779, 139
Trd, 8639674.279, 140
Trd, 8639674.712, 140
Trd, 8639674.746, 140
Trd, 8639675.779, 140
Trd, 8639676.246, 63
Trd, 8639676.279, 64
Trd, 8639678.146, 60
Trd, 8639678.212, 61
Trd, 8639678.312, 61
Trd, 8639678.546, 62
Trd, 8639679.079, 61
Trd, 8639679.646, 63
Trd, 8639680.179, 64
Trd, 8639680.579, 62
Trd, 8639680.812, 66
Trd, 8639680.979, 69
Trd, 8639681.146, 65
Trd, 8639681.746, 61
Trd, 8639681.946, 78
Trd, 8639682.279, 70
Trd, 8639683.012, 71
Trd, 8639683.212, 70
Trd, 8639683.246, 97
Trd, 8639683.312, 98
Trd, 8639684.212, 140
Trd, 8639684.379, 139
Trd, 8639685.146, 107
Trd, 8639685.512, 138
Trd, 8639687.046, 62
Trd, 8639687.279, 63
Trd, 8639687.346, 64
Trd, 8639687.446, 64
Trd, 8639688.412, 60
Trd, 8639689.246, 62
Trd, 8639689.479, 65
Trd, 8639690.412, 81
Trd, 8639690.446, 72
Trd, 8639690.646, 140
Trd, 8639690.779, 71
Trd, 8639691.812, 140
Trd, 8639692.579, 140
Trd, 8639692.779, 140
Trd, 8639692.912, 140
Trd, 8639693.279, 140
Trd, 8639694.612, 140
Trd, 8639694.846, 140
Trd, 8639694.912, 139
Trd, 8639695.212, 140
Trd, 8639695.279, 140
Trd, 8639695.646, 138
Trd, 8639696.146, 140
Trd, 8639696.779, 140
Trd, 8639698.279, 140
Trd, 8639698.412, 140
Trd, 8639698.946, 140
Trd, 8639699.546, 140
Trd, 8639699.646, 140
Trd, 8639699.979, 140
Trd, 8639700.112, 140
Trd, 8639700.546, 140
Trd, 8639701.212, 139
Trd, 8639701.646, 140
Trd, 8639701.679, 139
Trd, 8639702.479, 140
Trd, 8639702.779, 140
Trd, 8639703.146, 140
Trd, 8639703.512, 138
Trd, 8639703.946, 140
Trd, 8639704.046, 128
Trd, 8639704.379, 129
Trd, 8639705.912, 139
Trd, 8639706.412, 140
Trd, 8639706.646, 139
Trd, 8639707.212, 140
Trd, 8639707.246, 118
Trd, 8639707.846, 111
Trd, 8639708.046, 110
Trd, 8639708.346, 110
Trd, 8639708.446, 109
Trd, 8639708.479, 95
Trd, 8639709.079, 128
Trd, 8639709.546, 60
Trd, 8639710.112, 140
Trd, 8639710.412, 60
Trd, 8639710.479, 62
Trd, 8639712.012, 135
Trd, 8639712.512, 62
Trd, 8639713.146, 60
Trd, 8639713.279, 60
Trd, 8639713.446, 60
Trd, 8639713.546, 138
Trd, 8639714.146, 62
Trd, 8639714.379, 140
Trd, 8639714.812, 140
Trd, 8639715.279, 137
Trd, 8639715.446, 93
Trd, 8639716.246, 93
Trd, 8639716.479, 60
Trd, 8639716.946, 139
Trd, 8639717.012, 138
Trd, 8639717.712, 61
Trd, 8639718.646, 64
Trd, 8639718.679, 73
Trd, 8639719.979, 60
Trd, 8639720.212, 60
Trd, 8639721.146, 60
Trd, 8639721.279, 66
Trd, 8639721.479, 69
Trd, 8639721.812, 84
Trd, 8639722.679, 76
Trd, 8639722.779, 64
Trd, 8639723.112, 85
Trd, 8639723.879, 140
Trd, 8639724.112, 140
Trd, 8639725.312, 60
Trd, 8639725.879, 63
Trd, 8639726.412, 65
Trd, 8639727.846, 61
Trd, 8639727.946, 62
Trd, 8639728.279, 62
Trd, 8639728.312, 63
Trd, 8639728.446, 66
Trd, 8639728.879, 64
Trd, 8639728.912, 65
Trd, 8639729.079, 66
Trd, 8639729.579, 138
Trd, 8639729.879, 63
Trd, 8639730.079, 62
Trd, 8639730.379, 63
Trd, 8639731.279, 140
Trd, 8639731.312, 140
Trd, 8639731.579, 86
Trd, 8639732.146, 61
Trd, 8639732.679, 60
Trd, 8639733.012, 69
Trd, 8639733.646, 61
Trd, 8639733.912, 61
Trd, 8639733.979, 62
Trd, 8639734.812, 140
Trd, 8639735.279, 140
Trd, 8639735.412, 140
Trd, 8639736.246, 140
Trd, 8639736.912, 140
Trd, 8639736.979, 140
Trd, 8639737.079, 140
Trd, 8639737.346, 140
Trd, 8639738.679, 140
Trd, 8639738.746, 140
Trd, 8639739.046, 140
Trd, 8639739.212, 139
Trd, 8639739.512, 139
Trd, 8639740.246, 140
Trd, 8639740.412, 140
Trd, 8639740.512, 140
Trd, 8639740.679, 140
Trd, 8639741.446, 138
Trd, 8639741.712, 123
Trd, 8639742.346, 138
Trd, 8639744.046, 140
Trd, 8639744.079, 140
Trd, 8639744.212, 122
Trd, 8639744.512, 121
Trd, 8639745.079, 60
Trd, 8639745.112, 60
Trd, 8639745.646, 60
Trd, 8639746.146, 60
Trd, 8639746.179, 61
Trd, 8639746.746, 61
Trd, 8639747.346, 60
Trd, 8639748.146, 61
Trd, 8639748.612, 62
Trd, 8639748.646, 62
Trd, 8639749.279, 62
Trd, 8639749.579, 66
Trd, 8639749.779, 66
Trd, 8639750.146, 65
Trd, 8639750.279, 68
Trd, 8639750.779, 67
Trd, 8639750.846, 69
Trd, 8639751.146, 66
Trd, 8639751.846, 61
Trd, 8639752.479, 62
Trd, 8639752.646, 60
Trd, 8639752.879, 140
Trd, 8639753.479, 63
Trd, 8639753.546, 99
Trd, 8639754.512, 85
Trd, 8639755.079, 140
Trd, 8639755.179, 140
Trd, 8639755.979, 140
Trd, 8639756.412, 140
Trd, 8639756.446, 140
Trd, 8639756.546, 140
Trd, 8639757.346, 105
Trd, 8639758.446, 140
Trd, 8639758.712, 140
Trd, 8639758.879, 140
Trd, 8639759.646, 140
Trd, 8639759.779, 140
Trd, 8639760.512, 140
Trd, 8639760.779, 140
Trd, 8639761.912, 140
Trd, 8639761.946, 140
Trd, 8639763.212, 140
Trd, 8639763.312, 140
Trd, 8639764.046, 140
Trd, 8639764.146, 140
Trd, 8639764.346, 140
Trd, 8639764.446, 140
Trd, 8639764.646, 138
Trd, 8639764.712, 138
Trd, 8639765.246, 139
Trd, 8639766.879, 140
Trd, 8639766.912, 140
Trd, 8639766.979, 140
Trd, 8639767.946, 140
Trd, 8639768.112, 140
Trd, 8639768.612, 140
Trd, 8639769.246, 140
Trd, 8639769.679, 85
Trd, 8639769.912, 139
Trd, 8639770.212, 140
Trd, 8639770.379, 133
Trd, 8639770.512, 115
Trd, 8639770.879, 70
Trd, 8639771.012, 138
Trd, 8639771.946, 140
Trd, 8639772.246, 140
Trd, 8639772.846, 140
Trd, 8639774.146, 140
Trd, 8639774.279, 140
Trd, 8639774.379, 140
Trd, 8639774.812, 140
Trd, 8639775.446, 140
Trd, 8639776.779, 140
Trd, 8639776.912, 140
Trd, 8639777.046, 140
Trd, 8639777.212, 140
Trd, 8639777.546, 139
Trd, 8639777.612, 128
Trd, 8639778.046, 140
Trd, 8639778.779, 140
Trd, 8639778.879, 138
Trd, 8639779.346, 140
Trd, 8639779.446, 93
Trd, 8639780.279, 128
Trd, 8639780.379, 129
Trd, 8639780.579, 96
Trd, 8639780.912, 102
Trd, 8639782.279, 140
Trd, 8639782.312, 140
Trd, 8639783.212, 140
Trd, 8639783.579, 140
Trd, 8639783.812, 140
Trd, 8639784.746, 140
Trd, 8639784.879, 140
Trd, 8639785.612, 140
Trd, 8639785.812, 140
Trd, 8639785.946, 140
Trd, 8639786.946, 140
Trd, 8639787.046, 140
Trd, 8639787.746, 140
Trd, 8639787.846, 140
Trd, 8639788.646, 140
Trd, 8639788.912, 140
Trd, 8639789.046, 140
Trd, 8639789.712, 140
Trd, 8639790.646, 140
Trd, 8639790.679, 140
Trd, 8639790.979, 140
Trd, 8639791.046, 140
Trd, 8639791.879, 140
Trd, 8639792.912, 140
Trd, 8639793.179, 140
Trd, 8639793.346, 140
Trd, 8639794.912, 140
Trd, 8639795.512, 140
Trd, 8639795.846, 140
Trd, 8639796.246, 140
Trd, 8639796.312, 140
Trd, 8639796.812, 140
Trd, 8639797.012, 140
Trd, 8639797.112, 140
Trd, 8639797.679, 140
Trd, 8639797.912, 66
Trd, 8639798.179, 121
Trd, 8639798.279, 61
Trd, 8639798.546, 140
Trd, 8639798.979, 86
Trd, 8639799.546, 64
Trd, 8639799.612, 65
Trd, 8639801.046, 66
Trd, 8639802.212, 60
Trd, 8639802.512, 60
Trd, 8639802.646, 60
Trd, 8639802.879, 62
Trd, 8639802.979, 62
Trd, 8639803.146, 61
Trd, 8639803.379, 60
Trd, 8639803.546, 62
Trd, 8639804.279, 69
Trd, 8639804.579, 70
Trd, 8639805.312, 68
Trd, 8639805.446, 61
Trd, 8639806.246, 62
Trd, 8639806.312, 63
Trd, 8639807.346, 60
Trd, 8639809.179, 60
Trd, 8639809.212, 60
Trd, 8639809.312, 60
Trd, 8639809.679, 60
Trd, 8639810.579, 60
Trd, 8639811.412, 62
Trd, 8639812.079, 62
Trd, 8639812.212, 64
Trd, 8639812.612, 63
Trd, 8639812.679, 62
Trd, 8639812.846, 77
Trd, 8639812.879, 79
Trd, 8639813.079, 80
Trd, 8639813.879, 63
Trd, 8639813.979, 66
Trd, 8639814.046, 61
Trd, 8639814.212, 67
Trd, 8639814.812, 72
Trd, 8639814.846, 62
Trd, 8639815.512, 140
Trd, 8639815.679, 140
Trd, 8639816.246, 140
Trd, 8639816.746, 124
Trd, 8639817.279, 109
Trd, 8639818.079, 140
Trd, 8639818.146, 140
Trd, 8639818.412, 138
Trd, 8639818.746, 140
Trd, 8639819.079, 140
Trd, 8639819.146, 140
Trd, 8639819.746, 125
Trd, 8639820.112, 112
Trd, 8639822.012, 140
Trd, 8639822.512, 140
Trd, 8639822.879, 139
Trd, 8639823.346, 140
Trd, 8639824.012, 140
Trd, 8639824.512, 140
Trd, 8639824.812, 140
Trd, 8639825.579, 73
Trd, 8639825.612, 75
Trd, 8639825.712, 70
Trd, 8639825.946, 76
Trd, 8639826.579, 68
Trd, 8639826.779, 122
Trd, 8639826.946, 138
Trd, 8639827.446, 117
Trd, 8639828.679, 140
Trd, 8639828.812, 140
Trd, 8639829.879, 140
Trd, 8639830.012, 140
Trd, 8639830.479, 140
Trd, 8639830.912, 140
Trd, 8639831.012, 140
Trd, 8639831.212, 140
Trd, 8639831.546, 140
Trd, 8639831.879, 140
Trd, 8639832.112, 140
Trd, 8639832.479, 140
Trd, 8639833.012, 61
Trd, 8639833.712, 63
Trd, 8639834.279, 113
Trd, 8639834.812, 64
Trd, 8639834.979, 62
Trd, 8639835.146, 63
Trd, 8639835.379, 63
Trd, 8639835.879, 60
Trd, 8639835.946, 63
Trd, 8639836.479, 82
Trd, 8639837.246, 83
Trd, 8639837.279, 98
Trd, 8639837.879, 86
Trd, 8639837.912, 84
Trd, 8639838.112, 140
Trd, 8639838.379, 60
Trd, 8639839.146, 61
Trd, 8639839.446, 60
Trd, 8639839.612, 65
Trd, 8639840.346, 60
Trd, 8639841.146, 60
Trd, 8639841.712, 60
Trd, 8639841.946, 60
Trd, 8639842.079, 60
Trd, 8639844.646, 60
Trd, 8639844.812, 60
Trd, 8639844.846, 60
Trd, 8639845.012, 60
Trd, 8639845.146, 60
Trd, 8639845.379, 61
Trd, 8639845.946, 61
Trd, 8639846.012, 70
Trd, 8639846.279, 61
Trd, 8639846.679, 66
Trd, 8639848.012, 67
Trd, 8639848.146, 65
Trd, 8639848.346, 64
Trd, 8639848.446, 62
Trd, 8639848.479, 68
Trd, 8639849.946, 61
Trd, 8639850.679, 60
Trd, 8639851.079, 62
Trd, 8639851.512, 62
Trd, 8639851.612, 61
Trd, 8639851.746, 63
Trd, 8639852.879, 60
Trd, 8639853.812, 60
Trd, 8639853.879, 60
Trd, 8639854.012, 60
Trd, 8639854.046, 60
Trd, 8639854.679, 60
Trd, 8639855.546, 60
Trd, 8639856.012, 62
Trd, 8639856.679, 60
Trd, 8639857.346, 60
Trd, 8639857.546, 61
Trd, 8639857.712, 60
Trd, 8639858.546, 60
Trd, 8639858.679, 60
Trd, 8639859.912, 60
Trd, 8639859.979, 61
Trd, 8639860.212, 61
Trd, 8639860.846, 60
Trd, 8639861.212, 61
Trd, 8639861.812, 62
Trd, 8639861.979, 61
Trd, 8639862.446, 64
Trd, 8639862.979, 61
Trd, 8639863.179, 61
Trd, 8639863.446, 65
Trd, 8639863.646, 65
Trd, 8639863.979, 64
Trd, 8639864.012, 63
Trd, 8639865.012, 62
Trd, 8639865.046, 60
Trd, 8639865.446, 60
Trd, 8639867.746, 61
Trd, 8639867.879, 61
Trd, 8639867.912, 63
Trd, 8639868.846, 60
Trd, 8639869.246, 62
Trd, 8639869.412, 63
Trd, 8639870.012, 67
Trd, 8639870.646, 61
Trd, 8639870.812, 61
Trd, 8639871.046, 91
Trd, 8639871.079, 93
Trd, 8639871.379, 61
Trd, 8639872.412, 107
Trd, 8639872.612, 140
Trd, 8639873.179, 108
Trd, 8639873.512, 119
Trd, 8639873.579, 104
Trd, 8639874.146, 84
Trd, 8639874.246, 120
Trd, 8639874.312, 121
Trd, 8639874.546, 87
Trd, 8639875.279, 87
Trd, 8639876.212, 140
Trd, 8639876.412, 139
Trd, 8639876.446, 139
Trd, 8639876.946, 81
Trd, 8639877.746, 64
Trd, 8639878.079, 61
Trd, 8639878.212, 63
Trd, 8639879.179, 60
Trd, 8639880.279, 60
Trd, 8639880.312, 61
Trd, 8639880.879, 62
Trd, 8639881.112, 63
Trd, 8639881.479, 60
Trd, 8639881.546, 66
Trd, 8639882.646, 60
Trd, 8639882.846, 60
Trd, 8639883.012, 60
Trd, 8639883.546, 61
Trd, 8639884.246, 61
Trd, 8639884.312, 62
Trd, 8639885.079, 66
Trd, 8639885.646, 73
Trd, 8639885.912, 66
Trd, 8639886.712, 75
Trd, 8639886.812, 74
Trd, 8639887.212, 140
Trd, 8639887.412, 140
Trd, 8639888.512, 140
Trd, 8639888.612, 140
Trd, 8639888.946, 139
Trd, 8639889.379, 140
Trd, 8639889.979, 140
Trd, 8639890.079, 140
Trd, 8639890.946, 140
Trd, 8639892.112, 140
Trd, 8639892.246, 140
Trd, 8639892.379, 140
Trd, 8639892.779, 140
Trd, 8639893.346, 140
Trd, 8639893.946, 135
Trd, 8639895.212, 140
Trd, 8639895.946, 140
Trd, 8639896.446, 140
Trd, 8639897.279, 140
Trd, 8639897.312, 140
Trd, 8639897.846, 140
Trd, 8639898.146, 140
Trd, 8639898.246, 140
Trd, 8639898.379, 138
Trd, 8639898.912, 140
Trd, 8639899.879, 140
Trd, 8639899.912, 140
Trd, 8639899.979, 140
Trd, 8639900.346, 140
Trd, 8639900.912, 140
Trd, 8639901.612, 140
Trd, 8639901.646, 140
Trd, 8639902.179, 140
Trd, 8639902.812, 140
Trd, 8639904.612, 140
Trd, 8639905.512, 140
Trd, 8639905.579, 140
Trd, 8639905.746, 140
Trd, 8639905.979, 140
Trd, 8639906.112, 140
Trd, 8639906.246, 140
Trd, 8639907.046, 140
Trd, 8639907.312, 128
Trd, 8639907.446, 126
Trd, 8639908.046, 140
Trd, 8639908.946, 140
Trd, 8639909.479, 140
Trd, 8639909.612, 140
Trd, 8639909.979, 140
Trd, 8639910.212, 140
Trd, 8639910.879, 140
Trd, 8639911.479, 140
Trd, 8639911.746, 140
Trd, 8639912.546, 140
Trd, 8639914.079, 140
Trd, 8639914.146, 140
Trd, 8639914.712, 140
Trd, 8639914.779, 140
Trd, 8639915.346, 140
Trd, 8639915.546, 140
Trd, 8639915.879, 140
Trd, 8639916.679, 140
Trd, 8639917.079, 140
Trd, 8639917.246, 140
Trd, 8639917.479, 140
Trd, 8639918.112, 140
Trd, 8639918.146, 140
Trd, 8639918.746, 140
Trd, 8639920.612, 140
Trd, 8639920.779, 140
Trd, 8639920.846, 138
Trd, 8639921.112, 140
Trd, 8639921.446, 125
Trd, 8639921.646, 140
Trd, 8639922.379, 124
Trd, 8639922.412, 109
Trd, 8639922.646, 138
Trd, 8639923.679, 140
Trd, 8639923.946, 140
Trd, 8639924.412, 139
Trd, 8639924.912, 140
Trd, 8639925.312, 140
Trd, 8639925.612, 140
Trd, 8639926.879, 140
Trd, 8639927.646, 140
Trd, 8639927.746, 140
Trd, 8639927.812, 140
Trd, 8639928.046, 140
Trd, 8639928.579, 140
Trd, 8639928.979, 140
Trd, 8639930.112, 140
Trd, 8639930.212, 140
Trd, 8639930.812, 140
Trd, 8639931.046, 140
Trd, 8639931.279, 138
Trd, 8639931.846, 140
Trd, 8639932.479, 140
Trd, 8639932.612, 139
Trd, 8639933.112, 97
Trd, 8639933.179, 93
Trd, 8639934.946, 140
Trd, 8639935.212, 140
Trd, 8639935.846, 140
Trd, 8639935.879, 140
Trd, 8639936.079, 140
Trd, 8639936.346, 139
Trd, 8639936.379, 138
Trd, 8639936.446, 103
Trd, 8639937.046, 140
Trd, 8639937.179, 106
Trd, 8639937.712, 140
Trd, 8639938.046, 140
Trd, 8639939.079, 140
Trd, 8639939.979, 140
Trd, 8639940.112, 140
Trd, 8639940.379, 140
Trd, 8639940.646, 139
Trd, 8639941.046, 139
Trd, 8639942.346, 65
Trd, 8639942.746, 60
Trd, 8639943.812, 103
Trd, 8639944.146, 108
Trd, 8639944.512, 74
Trd, 8639944.779, 63
Trd, 8639944.979, 65
Trd, 8639945.146, 63
Trd, 8639946.579, 61
Trd, 8639946.812, 62
Trd, 8639947.412, 61
Trd, 8639947.579, 62
Trd, 8639948.112, 68
Trd, 8639948.512, 61
Trd, 8639948.679, 67
Trd, 8639949.046, 61
Trd, 8639949.112, 62
Trd, 8639949.346, 65
Trd, 8639949.446, 62
Trd, 8639949.846, 66
Trd, 8639950.212, 64
Trd, 8639950.779, 67
Trd, 8639950.812, 65
Trd, 8639951.546, 64
Trd, 8639952.346, 60
Trd, 8639953.079, 60
Trd, 8639953.112, 62
Trd, 8639954.946, 61
Trd, 8639955.246, 60
Trd, 8639955.646, 60
Trd, 8639955.979, 60
Trd, 8639956.112, 62
Trd, 8639956.646, 60
Trd, 8639956.679, 60
Trd, 8639956.912, 62
Trd, 8639957.112, 62
Trd, 8639957.579, 69
Trd, 8639957.746, 138
Trd, 8639957.879, 139
Trd, 8639959.546, 140
Trd, 8639959.746, 140
Trd, 8639959.879, 140
Trd, 8639960.279, 140
Trd, 8639961.546, 140
Trd, 8639962.379, 140
Trd, 8639963.212, 140
Trd, 8639964.146, 140
Trd, 8639964.712, 140
Trd, 8639964.912, 140
Trd, 8639964.946, 140
Trd, 8639965.079, 140
Trd, 8639965.112, 140
Trd, 8639965.412, 139
Trd, 8639965.512, 139
Trd, 8639966.146, 139
Trd, 8639966.879, 122
Trd, 8639967.312, 122
Trd, 8639967.412, 121
Trd, 8639967.546, 102
Trd, 8639968.312, 140
Trd, 8639968.746, 140
Trd, 8639968.812, 140
Trd, 8639969.112, 140
Trd, 8639969.612, 140
Trd, 8639969.812, 140
Trd, 8639970.146, 140
Trd, 8639970.646, 140
Trd, 8639971.646, 140
Trd, 8639972.346, 138
Trd, 8639972.612, 120
Trd, 8639972.646, 70
Trd, 8639973.346, 140
Trd, 8639973.479, 140
Trd, 8639973.512, 140
Trd, 8639973.712, 139
Trd, 8639974.779, 136
Trd, 8639975.246, 60
Trd, 8639975.512, 60
Trd, 8639977.312, 60
Trd, 8639978.179, 61
Trd, 8639978.579, 60
Trd, 8639979.212, 60
Trd, 8639979.546, 60
Trd, 8639980.646, 60
Trd, 8639980.679, 60
Trd, 8639980.979, 60
Trd, 8639981.446, 60
Trd, 8639981.579, 60
Trd, 8639981.712, 61
Trd, 8639981.946, 61
Trd, 8639982.479, 63
Trd, 8639982.612, 62
Trd, 8639983.479, 108
Trd, 8639983.712, 65
Trd, 8639984.246, 108
Trd, 8639984.712, 111
Trd, 8639984.746, 66
Trd, 8639985.512, 124
Trd, 8639985.546, 78
Trd, 8639985.746, 72
Trd, 8639985.946, 108
Trd, 8639985.979, 69
Trd, 8639986.112, 69
Trd, 8639987.012, 60
Trd, 8639987.379, 84
Trd, 8639987.812, 83
Trd, 8639989.246, 60
Trd, 8639990.279, 60
Trd, 8639990.379, 60
Trd, 8639991.079, 60
Trd, 8639991.246, 62
Trd, 8639991.346, 96
Trd, 8639992.379, 60
Trd, 8639992.446, 60
Trd, 8639992.646, 61
Trd, 8639992.879, 64
Trd, 8639993.212, 140
Trd, 8639993.646, 81
Trd, 8639993.846, 63
Trd, 8639994.412, 110
Trd, 8639994.879, 106
Trd, 8639995.079, 106
Trd, 8639995.312, 139
Trd, 8639995.712, 108
Trd, 8639996.346, 140
Trd, 8639996.612, 109
Trd, 8639997.379, 129
Trd, 8639997.612, 139
Trd, 8639998.046, 116
Trd, 8639999.079, 118
Trd, 8639999.112, 117
Trd, 8639999.146, 116
Trd, 8639999.379, 140
Trd, 8639999.612, 140
