Trd, 8638749.479, 75
Trd, 8638749.779, 64
Trd, 8638749.912, 75
Trd, 8638750.646, 60
Trd, 8638750.679, 60
Trd, 8638751.046, 60
Trd, 8638751.079, 65
Trd, 8638751.412, 72
Trd, 8638751.712, 132
Trd, 8638752.379, 140
Trd, 8638752.546, 140
Trd, 8638753.079, 140
Trd, 8638754.846, 140
Trd, 8638755.479, 140
Trd, 8638756.146, 140
Trd, 8638756.512, 140
Trd, 8638756.579, 140
Trd, 8638758.312, 140
Trd, 8638759.079, 140
Trd, 8638759.112, 140
Trd, 8638759.379, 140
Trd, 8638759.612, 131
Trd, 8638760.379, 140
Trd, 8638761.546, 140
Trd, 8638763.146, 140
Trd, 8638763.312, 140
Trd, 8638764.012, 140
Trd, 8638764.112, 140
Trd, 8638765.146, 140
Trd, 8638766.112, 140
Trd, 8638766.146, 140
Trd, 8638766.279, 139
Trd, 8638766.312, 140
Trd, 8638766.412, 138
Trd, 8638767.346, 130
Trd, 8638767.546, 119
Trd, 8638767.779, 129
Trd, 8638768.379, 120
Trd, 8638768.912, 108
Trd, 8638769.746, 107
Trd, 8638770.646, 104
Trd, 8638771.212, 108
Trd, 8638771.546, 109
Trd, 8638771.946, 110
Trd, 8638772.012, 111
Trd, 8638772.246, 106
Trd, 8638772.446, 118
Trd, 8638772.612, 71
Trd, 8638773.379, 137
Trd, 8638773.579, 125
Trd, 8638773.646, 110
Trd, 8638774.112, 140
Trd, 8638774.312, 140
Trd, 8638776.012, 140
Trd, 8638776.846, 125
Trd, 8638777.512, 140
Trd, 8638777.679, 140
Trd, 8638777.779, 138
Trd, 8638778.446, 140
Trd, 8638779.079, 140
Trd, 8638779.879, 140
Trd, 8638780.846, 140
Trd, 8638781.246, 140
Trd, 8638781.546, 140
Trd, 8638781.579, 140
Trd, 8638782.712, 140
Trd, 8638783.646, 140
Trd, 8638783.679, 140
Trd, 8638783.912, 140
Trd, 8638784.279, 135
Trd, 8638784.512, 126
Trd, 8638787.112, 140
Trd, 8638787.779, 140
Trd, 8638787.946, 140
Trd, 8638788.112, 139
Trd, 8638788.179, 139
Trd, 8638789.512, 140
Trd, 8638790.279, 140
Trd, 8638790.879, 140
Trd, 8638792.312, 140
Trd, 8638792.679, 140
Trd, 8638793.579, 140
Trd, 8638793.612, 140
Trd, 8638794.846, 140
Trd, 8638794.879, 139
Trd, 8638795.246, 140
Trd, 8638795.746, 140
Trd, 8638795.946, 137
Trd, 8638796.112, 72
Trd, 8638796.546, 133
Trd, 8638796.646, 62
Trd, 8638797.279, 98
Trd, 8638797.412, 61
Trd, 8638797.712, 75
Trd, 8638798.179, 129
Trd, 8638798.612, 129
Trd, 8638799.179, 129
Trd, 8638799.312, 129
Trd, 8638799.412, 128
Trd, 8638799.746, 134
Trd, 8638800.479, 112
Trd, 8638800.879, 61
Trd, 8638801.112, 61
Trd, 8638801.546, 63
Trd, 8638801.612, 60
Trd, 8638801.946, 77
Trd, 8638804.112, 93
Trd, 8638805.046, 139
Trd, 8638805.546, 140
Trd, 8638806.112, 140
Trd, 8638806.746, 140
Trd, 8638806.812, 140
Trd, 8638807.779, 140
Trd, 8638808.312, 138
Trd, 8638809.212, 140
Trd, 8638809.979, 140
Trd, 8638810.079, 140
Trd, 8638812.346, 140
Trd, 8638812.479, 140
Trd, 8638812.512, 140
Trd, 8638813.046, 140
Trd, 8638813.112, 140
Trd, 8638813.479, 132
Trd, 8638814.979, 140
Trd, 8638815.312, 140
Trd, 8638816.212, 140
Trd, 8638817.046, 140
Trd, 8638818.012, 140
Trd, 8638818.312, 140
Trd, 8638818.712, 140
Trd, 8638819.146, 140
Trd, 8638819.646, 140
Trd, 8638819.846, 140
Trd, 8638820.346, 137
Trd, 8638820.946, 135
Trd, 8638820.979, 138
Trd, 8638822.279, 140
Trd, 8638822.346, 140
Trd, 8638822.812, 140
Trd, 8638822.979, 139
Trd, 8638824.012, 127
Trd, 8638824.212, 123
Trd, 8638824.312, 118
Trd, 8638825.179, 65
Trd, 8638825.412, 60
Trd, 8638826.079, 60
Trd, 8638826.246, 61
Trd, 8638826.346, 62
Trd, 8638826.779, 65
Trd, 8638827.646, 62
Trd, 8638828.112, 60
Trd, 8638828.879, 62
Trd, 8638829.579, 60
Trd, 8638829.779, 60
Trd, 8638829.812, 60
Trd, 8638829.912, 63
Trd, 8638830.079, 64
Trd, 8638830.646, 62
Trd, 8638830.712, 65
Trd, 8638830.846, 67
Trd, 8638830.879, 86
Trd, 8638831.746, 60
Trd, 8638831.879, 60
Trd, 8638832.479, 62
Trd, 8638832.846, 61
Trd, 8638832.879, 62
Trd, 8638833.546, 66
Trd, 8638833.679, 61
Trd, 8638834.279, 139
Trd, 8638834.646, 140
Trd, 8638834.846, 121
Trd, 8638835.146, 120
Trd, 8638835.712, 61
Trd, 8638837.946, 140
Trd, 8638837.979, 140
Trd, 8638838.579, 136
Trd, 8638838.812, 135
Trd, 8638839.012, 138
Trd, 8638839.312, 113
Trd, 8638842.146, 139
Trd, 8638842.446, 138
Trd, 8638842.979, 138
Trd, 8638843.179, 138
Trd, 8638843.612, 138
Trd, 8638843.846, 137
Trd, 8638843.912, 130
Trd, 8638845.279, 140
Trd, 8638845.512, 136
Trd, 8638845.979, 132
Trd, 8638846.346, 140
Trd, 8638847.146, 138
Trd, 8638847.679, 139
Trd, 8638848.112, 139
Trd, 8638850.079, 140
Trd, 8638850.512, 140
Trd, 8638851.412, 140
Trd, 8638851.446, 140
Trd, 8638851.479, 140
Trd, 8638851.612, 137
Trd, 8638851.746, 140
Trd, 8638852.546, 126
Trd, 8638852.646, 134
Trd, 8638852.679, 125
Trd, 8638853.312, 125
Trd, 8638853.812, 104
Trd, 8638854.946, 60
Trd, 8638855.046, 60
Trd, 8638855.612, 102
Trd, 8638855.679, 119
Trd, 8638855.746, 120
Trd, 8638856.012, 118
Trd, 8638857.079, 119
Trd, 8638857.179, 88
Trd, 8638857.346, 120
Trd, 8638857.846, 63
Trd, 8638858.512, 62
Trd, 8638858.646, 63
Trd, 8638858.912, 62
Trd, 8638859.279, 63
Trd, 8638859.512, 140
Trd, 8638862.146, 140
Trd, 8638862.679, 140
Trd, 8638862.846, 140
Trd, 8638864.046, 139
Trd, 8638864.579, 140
Trd, 8638865.046, 140
Trd, 8638865.979, 140
Trd, 8638866.012, 140
Trd, 8638867.346, 140
Trd, 8638867.879, 140
Trd, 8638868.046, 140
Trd, 8638869.846, 140
Trd, 8638870.012, 140
Trd, 8638870.112, 140
Trd, 8638870.512, 139
Trd, 8638871.179, 138
Trd, 8638872.612, 140
Trd, 8638873.112, 140
Trd, 8638873.779, 140
Trd, 8638873.912, 140
Trd, 8638874.579, 140
Trd, 8638874.712, 125
Trd, 8638875.046, 140
Trd, 8638875.346, 140
Trd, 8638876.212, 140
Trd, 8638876.712, 140
Trd, 8638878.179, 140
Trd, 8638878.479, 140
Trd, 8638879.479, 140
Trd, 8638879.546, 140
Trd, 8638879.579, 138
Trd, 8638879.879, 137
Trd, 8638879.912, 134
Trd, 8638880.712, 131
Trd, 8638880.812, 132
Trd, 8638881.179, 118
Trd, 8638881.779, 65
Trd, 8638882.212, 67
Trd, 8638882.846, 60
Trd, 8638883.012, 60
Trd, 8638883.046, 60
Trd, 8638883.246, 61
Trd, 8638883.412, 64
Trd, 8638883.579, 61
Trd, 8638884.812, 69
Trd, 8638885.179, 65
Trd, 8638885.579, 67
Trd, 8638885.612, 69
Trd, 8638885.679, 65
Trd, 8638886.212, 60
Trd, 8638886.546, 60
Trd, 8638886.812, 60
Trd, 8638887.146, 60
Trd, 8638887.312, 60
Trd, 8638887.779, 111
Trd, 8638888.612, 86
Trd, 8638889.146, 110
Trd, 8638889.212, 77
Trd, 8638889.246, 72
Trd, 8638889.712, 64
Trd, 8638889.912, 107
Trd, 8638890.512, 70
Trd, 8638890.779, 70
Trd, 8638891.679, 69
Trd, 8638892.146, 63
Trd, 8638892.346, 60
Trd, 8638893.146, 60
Trd, 8638893.379, 60
Trd, 8638893.612, 60
Trd, 8638894.412, 60
Trd, 8638894.479, 60
Trd, 8638894.846, 60
Trd, 8638894.946, 60
Trd, 8638895.646, 60
Trd, 8638895.846, 60
Trd, 8638896.279, 63
Trd, 8638896.412, 64
Trd, 8638896.679, 64
Trd, 8638896.979, 64
Trd, 8638897.979, 60
Trd, 8638898.212, 61
Trd, 8638898.479, 61
Trd, 8638899.512, 61
Trd, 8638900.079, 63
Trd, 8638900.412, 65
Trd, 8638900.479, 66
Trd, 8638901.346, 61
Trd, 8638901.446, 62
Trd, 8638901.946, 61
Trd, 8638902.046, 62
Trd, 8638902.412, 61
Trd, 8638902.646, 60
Trd, 8638902.846, 61
Trd, 8638903.346, 62
Trd, 8638903.579, 63
Trd, 8638903.646, 62
Trd, 8638904.179, 139
Trd, 8638904.612, 140
Trd, 8638905.946, 132
Trd, 8638907.046, 135
Trd, 8638907.212, 133
Trd, 8638907.912, 139
Trd, 8638908.246, 119
Trd, 8638908.779, 140
Trd, 8638909.246, 140
Trd, 8638909.379, 139
Trd, 8638910.146, 140
Trd, 8638911.112, 135
Trd, 8638911.479, 135
Trd, 8638912.112, 139
Trd, 8638913.879, 140
Trd, 8638913.946, 140
Trd, 8638915.179, 140
Trd, 8638915.212, 140
Trd, 8638915.446, 140
Trd, 8638915.846, 140
Trd, 8638916.012, 140
Trd, 8638916.346, 140
Trd, 8638916.712, 139
Trd, 8638916.746, 140
Trd, 8638917.212, 140
Trd, 8638917.546, 138
Trd, 8638918.312, 140
Trd, 8638918.946, 140
Trd, 8638919.046, 140
Trd, 8638919.246, 139
Trd, 8638919.379, 110
Trd, 8638921.646, 140
Trd, 8638921.912, 140
Trd, 8638922.446, 140
Trd, 8638923.079, 140
Trd, 8638923.279, 140
Trd, 8638924.346, 140
Trd, 8638924.379, 140
Trd, 8638925.379, 140
Trd, 8638926.412, 140
Trd, 8638927.312, 140
Trd, 8638927.579, 140
Trd, 8638927.946, 140
Trd, 8638928.346, 139
Trd, 8638929.212, 137
Trd, 8638929.546, 138
Trd, 8638930.146, 124
Trd, 8638930.212, 122
Trd, 8638930.679, 104
Trd, 8638930.879, 135
Trd, 8638931.046, 135
Trd, 8638931.479, 134
Trd, 8638931.612, 129
Trd, 8638932.479, 108
Trd, 8638933.312, 98
Trd, 8638934.112, 60
Trd, 8638934.179, 125
Trd, 8638934.446, 65
Trd, 8638934.746, 60
Trd, 8638934.912, 60
Trd, 8638935.312, 118
Trd, 8638936.046, 94
Trd, 8638936.079, 93
Trd, 8638936.346, 118
Trd, 8638936.979, 93
Trd, 8638937.112, 111
Trd, 8638937.212, 114
Trd, 8638938.679, 103
Trd, 8638938.746, 102
Trd, 8638938.946, 93
Trd, 8638939.179, 104
Trd, 8638939.446, 77
Trd, 8638939.746, 88
Trd, 8638940.346, 66
Trd, 8638940.546, 60
Trd, 8638940.979, 64
Trd, 8638941.312, 115
Trd, 8638941.879, 95
Trd, 8638942.046, 77
Trd, 8638942.412, 81
Trd, 8638942.646, 93
Trd, 8638942.879, 93
Trd, 8638944.512, 61
Trd, 8638944.779, 61
Trd, 8638945.346, 60
Trd, 8638945.679, 60
Trd, 8638946.379, 60
Trd, 8638946.446, 60
Trd, 8638946.979, 60
Trd, 8638947.212, 60
Trd, 8638947.646, 60
Trd, 8638948.179, 65
Trd, 8638948.379, 66
Trd, 8638948.546, 62
Trd, 8638948.912, 62
Trd, 8638950.012, 140
Trd, 8638950.346, 139
Trd, 8638950.446, 138
Trd, 8638950.946, 111
Trd, 8638951.679, 131
Trd, 8638952.979, 60
Trd, 8638953.046, 60
Trd, 8638953.546, 60
Trd, 8638953.579, 60
Trd, 8638953.779, 61
Trd, 8638954.279, 67
Trd, 8638954.346, 68
Trd, 8638954.546, 64
Trd, 8638954.979, 60
Trd, 8638955.079, 60
Trd, 8638955.379, 60
Trd, 8638955.812, 60
Trd, 8638956.212, 60
Trd, 8638957.379, 60
Trd, 8638957.712, 60
Trd, 8638957.912, 60
Trd, 8638958.112, 60
Trd, 8638958.246, 60
Trd, 8638958.612, 60
Trd, 8638958.679, 60
Trd, 8638959.179, 60
Trd, 8638959.546, 60
Trd, 8638959.979, 60
Trd, 8638960.479, 60
Trd, 8638960.779, 67
Trd, 8638961.279, 62
Trd, 8638961.512, 61
Trd, 8638961.612, 61
Trd, 8638961.946, 62
Trd, 8638963.246, 105
Trd, 8638963.512, 105
Trd, 8638963.779, 106
Trd, 8638964.946, 81
Trd, 8638965.146, 132
Trd, 8638965.312, 140
Trd, 8638965.412, 80
Trd, 8638966.046, 140
Trd, 8638967.646, 140
Trd, 8638967.712, 140
Trd, 8638968.046, 140
Trd, 8638968.879, 119
Trd, 8638968.912, 117
Trd, 8638969.046, 116
Trd, 8638970.246, 140
Trd, 8638971.712, 140
Trd, 8638972.012, 140
Trd, 8638972.912, 140
Trd, 8638974.612, 140
Trd, 8638974.879, 140
Trd, 8638975.212, 140
Trd, 8638975.479, 140
Trd, 8638976.112, 140
Trd, 8638976.746, 140
Trd, 8638977.246, 140
Trd, 8638977.512, 140
Trd, 8638979.146, 140
Trd, 8638979.346, 139
Trd, 8638979.512, 129
Trd, 8638979.712, 116
Trd, 8638979.746, 136
Trd, 8638980.146, 135
Trd, 8638980.479, 89
Trd, 8638981.179, 109
Trd, 8638981.312, 131
Trd, 8638981.846, 131
Trd, 8638982.079, 111
Trd, 8638982.479, 140
Trd, 8638982.579, 110
Trd, 8638982.879, 85
Trd, 8638983.612, 139
Trd, 8638983.979, 136
Trd, 8638984.312, 134
Trd, 8638984.479, 133
Trd, 8638985.079, 131
Trd, 8638985.812, 76
Trd, 8638986.212, 95
Trd, 8638988.246, 96
Trd, 8638988.312, 111
Trd, 8638988.579, 110
Trd, 8638988.879, 109
Trd, 8638989.246, 109
Trd, 8638989.612, 98
Trd, 8638989.712, 106
Trd, 8638990.179, 96
Trd, 8638990.246, 95
Trd, 8638990.612, 107
Trd, 8638990.779, 108
Trd, 8638991.179, 92
Trd, 8638991.712, 87
Trd, 8638992.112, 139
Trd, 8638993.946, 140
Trd, 8638994.312, 137
Trd, 8638994.379, 126
Trd, 8638994.479, 114
Trd, 8638996.146, 140
Trd, 8638996.512, 140
Trd, 8638996.612, 140
Trd, 8638996.746, 140
Trd, 8638996.912, 138
Trd, 8638996.946, 139
Trd, 8638998.212, 132
Trd, 8638998.712, 119
Trd, 8638999.212, 113
Trd, 8638999.446, 124
Trd, 8638999.579, 96
Trd, 8638999.646, 123
Trd, 8638999.979, 70
Trd, 8639000.112, 123
Trd, 8639001.679, 139
Trd, 8639002.079, 140
Trd, 8639002.279, 140
Trd, 8639002.446, 140
Trd, 8639003.446, 128
Trd, 8639004.112, 140
Trd, 8639004.912, 140
Trd, 8639005.346, 140
Trd, 8639005.746, 140
Trd, 8639005.879, 129
Trd, 8639006.779, 140
Trd, 8639007.346, 140
Trd, 8639007.946, 140
Trd, 8639008.712, 139
Trd, 8639008.912, 140
Trd, 8639010.446, 140
Trd, 8639011.579, 140
Trd, 8639012.346, 140
Trd, 8639013.412, 140
Trd, 8639014.146, 140
Trd, 8639014.579, 140
Trd, 8639015.546, 140
Trd, 8639016.012, 140
Trd, 8639016.812, 140
Trd, 8639017.712, 140
Trd, 8639018.579, 140
Trd, 8639018.612, 140
Trd, 8639018.746, 140
Trd, 8639018.846, 140
Trd, 8639020.279, 140
Trd, 8639022.046, 140
Trd, 8639022.612, 140
Trd, 8639023.046, 140
Trd, 8639023.679, 140
Trd, 8639024.146, 140
Trd, 8639024.446, 140
Trd, 8639024.512, 140
Trd, 8639024.546, 140
Trd, 8639024.812, 137
Trd, 8639025.079, 140
Trd, 8639026.746, 129
Trd, 8639026.812, 125
Trd, 8639026.879, 122
Trd, 8639027.279, 127
Trd, 8639027.879, 117
Trd, 8639028.312, 123
Trd, 8639029.179, 120
Trd, 8639029.312, 116
Trd, 8639029.379, 114
Trd, 8639029.412, 121
Trd, 8639030.412, 115
Trd, 8639030.979, 139
Trd, 8639031.412, 129
Trd, 8639031.846, 123
Trd, 8639032.246, 140
Trd, 8639032.579, 140
Trd, 8639034.646, 140
Trd, 8639034.746, 140
Trd, 8639034.779, 138
Trd, 8639035.479, 106
Trd, 8639036.046, 136
Trd, 8639036.346, 134
Trd, 8639036.446, 112
Trd, 8639036.546, 105
Trd, 8639037.079, 106
Trd, 8639037.179, 133
Trd, 8639037.879, 101
Trd, 8639038.246, 127
Trd, 8639038.379, 111
Trd, 8639038.446, 100
Trd, 8639038.612, 127
Trd, 8639039.279, 67
Trd, 8639040.146, 60
Trd, 8639040.812, 60
Trd, 8639040.946, 61
Trd, 8639041.612, 62
Trd, 8639042.012, 60
Trd, 8639042.046, 60
Trd, 8639042.246, 60
Trd, 8639042.912, 60
Trd, 8639043.112, 60
Trd, 8639043.512, 61
Trd, 8639043.712, 61
Trd, 8639043.746, 62
Trd, 8639044.779, 60
Trd, 8639044.846, 60
Trd, 8639045.246, 60
Trd, 8639045.546, 61
Trd, 8639045.579, 61
Trd, 8639045.979, 61
Trd, 8639046.346, 62
Trd, 8639046.979, 61
Trd, 8639047.446, 64
Trd, 8639047.712, 65
Trd, 8639048.046, 72
Trd, 8639048.512, 124
Trd, 8639049.379, 60
Trd, 8639050.579, 140
Trd, 8639050.746, 140
Trd, 8639051.379, 140
Trd, 8639051.946, 140
Trd, 8639052.012, 140
Trd, 8639052.479, 140
Trd, 8639053.646, 140
Trd, 8639053.679, 129
Trd, 8639053.812, 70
Trd, 8639055.079, 139
Trd, 8639055.912, 140
Trd, 8639056.279, 140
Trd, 8639056.612, 140
Trd, 8639057.512, 140
Trd, 8639057.979, 140
Trd, 8639059.712, 140
Trd, 8639060.412, 140
Trd, 8639060.446, 140
Trd, 8639061.546, 140
Trd, 8639061.579, 140
Trd, 8639061.946, 140
Trd, 8639062.746, 140
Trd, 8639063.812, 140
Trd, 8639064.546, 140
Trd, 8639064.712, 140
Trd, 8639065.246, 140
Trd, 8639066.512, 140
Trd, 8639067.879, 140
Trd, 8639067.912, 140
Trd, 8639068.179, 140
Trd, 8639068.312, 139
Trd, 8639068.412, 138
Trd, 8639068.546, 139
Trd, 8639068.612, 138
Trd, 8639068.712, 137
Trd, 8639070.046, 107
Trd, 8639070.146, 98
Trd, 8639070.312, 138
Trd, 8639071.046, 135
Trd, 8639071.412, 61
Trd, 8639071.879, 61
Trd, 8639072.279, 60
Trd, 8639072.912, 60
Trd, 8639073.179, 62
Trd, 8639073.412, 62
Trd, 8639073.479, 64
Trd, 8639073.846, 60
Trd, 8639073.946, 72
Trd, 8639075.112, 60
Trd, 8639075.512, 61
Trd, 8639075.846, 61
Trd, 8639076.146, 60
Trd, 8639076.679, 60
Trd, 8639077.312, 64
Trd, 8639077.412, 64
Trd, 8639077.479, 65
Trd, 8639078.046, 65
Trd, 8639078.379, 60
Trd, 8639078.412, 61
Trd, 8639079.079, 65
Trd, 8639079.346, 66
Trd, 8639079.712, 66
Trd, 8639080.346, 136
Trd, 8639081.546, 63
Trd, 8639082.046, 61
Trd, 8639082.379, 61
Trd, 8639082.779, 62
Trd, 8639082.879, 61
Trd, 8639082.946, 62
Trd, 8639084.346, 60
Trd, 8639084.746, 60
Trd, 8639085.146, 60
Trd, 8639087.079, 60
Trd, 8639087.179, 60
Trd, 8639087.446, 60
Trd, 8639087.479, 60
Trd, 8639087.512, 62
Trd, 8639087.912, 61
Trd, 8639088.279, 62
Trd, 8639088.479, 61
Trd, 8639088.846, 61
Trd, 8639089.212, 63
Trd, 8639089.479, 62
Trd, 8639089.512, 64
Trd, 8639090.112, 60
Trd, 8639091.012, 60
Trd, 8639091.812, 60
Trd, 8639091.912, 60
Trd, 8639092.012, 60
Trd, 8639092.212, 60
Trd, 8639092.579, 60
Trd, 8639092.946, 61
Trd, 8639093.146, 61
Trd, 8639093.212, 60
Trd, 8639093.712, 61
Trd, 8639094.546, 60
Trd, 8639095.112, 61
Trd, 8639095.312, 60
Trd, 8639095.646, 61
Trd, 8639095.679, 63
Trd, 8639096.212, 63
Trd, 8639096.679, 61
Trd, 8639096.779, 75
Trd, 8639097.046, 60
Trd, 8639097.179, 61
Trd, 8639097.579, 62
Trd, 8639098.746, 140
Trd, 8639098.879, 140
Trd, 8639099.346, 140
Trd, 8639100.512, 140
Trd, 8639100.846, 140
Trd, 8639101.012, 140
Trd, 8639102.212, 140
Trd, 8639102.246, 138
Trd, 8639102.346, 65
Trd, 8639103.812, 140
Trd, 8639104.046, 140
Trd, 8639104.379, 140
Trd, 8639106.612, 140
Trd, 8639106.679, 140
Trd, 8639109.179, 140
Trd, 8639109.412, 140
Trd, 8639109.479, 140
Trd, 8639109.912, 140
Trd, 8639110.246, 140
Trd, 8639111.846, 140
Trd, 8639112.479, 140
Trd, 8639112.612, 140
Trd, 8639113.646, 140
Trd, 8639114.346, 140
Trd, 8639114.579, 140
Trd, 8639114.812, 140
Trd, 8639114.979, 117
Trd, 8639115.379, 140
Trd, 8639116.112, 113
Trd, 8639116.746, 80
Trd, 8639117.712, 140
Trd, 8639118.179, 140
Trd, 8639118.446, 140
Trd, 8639118.712, 117
Trd, 8639119.412, 136
Trd, 8639119.779, 135
Trd, 8639119.912, 112
Trd, 8639120.846, 111
Trd, 8639120.979, 129
Trd, 8639121.212, 134
Trd, 8639121.346, 74
Trd, 8639121.546, 135
Trd, 8639121.712, 73
Trd, 8639121.979, 68
Trd, 8639122.446, 140
Trd, 8639123.912, 139
Trd, 8639125.146, 135
Trd, 8639125.312, 140
Trd, 8639125.412, 81
Trd, 8639125.579, 78
Trd, 8639126.046, 62
Trd, 8639126.112, 63
Trd, 8639126.146, 64
Trd, 8639128.179, 60
Trd, 8639128.546, 60
Trd, 8639128.879, 60
Trd, 8639129.479, 60
Trd, 8639129.812, 62
Trd, 8639130.046, 62
Trd, 8639130.346, 60
Trd, 8639131.179, 60
Trd, 8639131.379, 60
Trd, 8639131.446, 60
Trd, 8639131.646, 60
Trd, 8639131.779, 60
Trd, 8639132.012, 60
Trd, 8639132.179, 60
Trd, 8639132.579, 60
Trd, 8639133.112, 60
Trd, 8639134.246, 60
Trd, 8639134.379, 60
Trd, 8639135.879, 60
Trd, 8639135.979, 60
Trd, 8639136.512, 60
Trd, 8639136.946, 60
Trd, 8639137.946, 60
Trd, 8639138.579, 60
Trd, 8639138.912, 60
Trd, 8639139.079, 61
Trd, 8639139.646, 60
Trd, 8639139.679, 61
Trd, 8639139.779, 63
Trd, 8639139.912, 61
Trd, 8639140.546, 65
Trd, 8639141.246, 139
Trd, 8639141.912, 140
Trd, 8639142.012, 108
Trd, 8639142.512, 115
Trd, 8639143.046, 140
Trd, 8639143.212, 116
Trd, 8639143.279, 114
Trd, 8639144.779, 140
Trd, 8639144.846, 140
Trd, 8639145.446, 140
Trd, 8639146.912, 140
Trd, 8639147.046, 140
Trd, 8639147.079, 140
Trd, 8639147.379, 140
Trd, 8639148.179, 140
Trd, 8639148.912, 113
Trd, 8639150.279, 140
Trd, 8639150.979, 140
Trd, 8639151.379, 140
Trd, 8639151.946, 140
Trd, 8639152.012, 140
Trd, 8639153.546, 140
Trd, 8639153.879, 140
Trd, 8639154.412, 140
Trd, 8639154.512, 139
Trd, 8639155.812, 140
Trd, 8639155.879, 140
Trd, 8639156.812, 138
Trd, 8639157.212, 137
Trd, 8639157.712, 140
Trd, 8639159.046, 140
Trd, 8639159.712, 140
Trd, 8639159.946, 140
Trd, 8639160.546, 140
Trd, 8639160.612, 140
Trd, 8639160.679, 140
Trd, 8639160.879, 139
Trd, 8639161.046, 140
Trd, 8639161.379, 116
Trd, 8639161.679, 117
Trd, 8639162.079, 67
Trd, 8639162.712, 117
Trd, 8639162.779, 118
Trd, 8639163.779, 140
Trd, 8639165.279, 139
Trd, 8639165.479, 140
Trd, 8639165.612, 139
Trd, 8639165.846, 108
Trd, 8639166.079, 107
Trd, 8639166.246, 61
Trd, 8639167.346, 140
Trd, 8639168.046, 140
Trd, 8639169.479, 140
Trd, 8639169.512, 137
Trd, 8639171.346, 140
Trd, 8639172.412, 140
Trd, 8639172.812, 140
Trd, 8639172.912, 139
Trd, 8639173.112, 136
Trd, 8639173.812, 136
Trd, 8639173.979, 130
Trd, 8639174.079, 123
Trd, 8639174.312, 113
Trd, 8639175.146, 62
Trd, 8639175.212, 63
Trd, 8639175.679, 119
Trd, 8639176.046, 66
Trd, 8639176.112, 67
Trd, 8639176.179, 124
Trd, 8639177.579, 60
Trd, 8639177.612, 60
Trd, 8639177.779, 60
Trd, 8639178.046, 61
Trd, 8639178.546, 61
Trd, 8639178.712, 61
Trd, 8639179.046, 60
Trd, 8639179.079, 72
Trd, 8639180.012, 140
Trd, 8639180.746, 139
Trd, 8639181.546, 140
Trd, 8639182.179, 60
Trd, 8639182.212, 61
Trd, 8639182.279, 63
Trd, 8639182.446, 66
Trd, 8639183.879, 140
Trd, 8639184.179, 135
Trd, 8639184.412, 140
Trd, 8639184.779, 119
Trd, 8639186.446, 140
Trd, 8639187.112, 140
Trd, 8639187.479, 139
Trd, 8639187.512, 138
Trd, 8639188.612, 140
Trd, 8639189.546, 140
Trd, 8639189.612, 130
Trd, 8639189.879, 140
Trd, 8639190.479, 140
Trd, 8639191.779, 140
Trd, 8639192.446, 140
Trd, 8639192.546, 140
Trd, 8639192.712, 138
Trd, 8639197.346, 140
Trd, 8639197.879, 140
Trd, 8639198.012, 140
Trd, 8639198.079, 140
Trd, 8639198.279, 140
Trd, 8639198.579, 140
Trd, 8639199.112, 140
Trd, 8639199.512, 140
Trd, 8639199.712, 140
Trd, 8639201.079, 140
Trd, 8639201.579, 140
Trd, 8639201.979, 140
Trd, 8639202.479, 140
Trd, 8639203.212, 140
Trd, 8639203.279, 140
Trd, 8639203.412, 139
Trd, 8639203.546, 139
Trd, 8639204.146, 138
Trd, 8639204.446, 112
Trd, 8639204.646, 138
Trd, 8639205.846, 120
Trd, 8639206.246, 117
Trd, 8639206.279, 136
Trd, 8639206.446, 132
Trd, 8639206.846, 114
Trd, 8639206.912, 135
Trd, 8639207.246, 132
Trd, 8639208.079, 134
Trd, 8639208.812, 134
Trd, 8639208.912, 79
Trd, 8639210.412, 84
Trd, 8639210.779, 128
Trd, 8639210.979, 127
Trd, 8639211.079, 93
Trd, 8639211.746, 60
Trd, 8639212.479, 64
Trd, 8639212.579, 65
Trd, 8639213.012, 64
Trd, 8639213.079, 65
Trd, 8639213.712, 61
Trd, 8639214.312, 61
Trd, 8639214.512, 61
Trd, 8639214.679, 65
Trd, 8639214.879, 61
Trd, 8639215.312, 65
Trd, 8639215.412, 66
Trd, 8639215.546, 71
Trd, 8639215.812, 60
Trd, 8639216.879, 60
Trd, 8639217.912, 60
Trd, 8639218.512, 60
Trd, 8639218.946, 60
Trd, 8639218.979, 60
Trd, 8639219.012, 60
Trd, 8639219.212, 60
Trd, 8639219.846, 60
Trd, 8639219.946, 61
Trd, 8639220.146, 60
Trd, 8639220.179, 61
Trd, 8639221.279, 60
Trd, 8639221.379, 60
Trd, 8639221.446, 60
Trd, 8639222.012, 60
Trd, 8639222.212, 61
Trd, 8639222.779, 63
Trd, 8639223.046, 64
Trd, 8639224.412, 60
Trd, 8639224.679, 60
Trd, 8639224.746, 60
Trd, 8639225.412, 63
Trd, 8639225.479, 63
Trd, 8639225.979, 61
Trd, 8639226.779, 63
Trd, 8639227.012, 61
Trd, 8639227.112, 79
Trd, 8639227.279, 61
Trd, 8639228.046, 140
Trd, 8639228.112, 139
Trd, 8639228.812, 140
Trd, 8639228.912, 140
Trd, 8639229.546, 62
Trd, 8639230.179, 60
Trd, 8639230.679, 60
Trd, 8639230.746, 63
Trd, 8639231.812, 60
Trd, 8639232.112, 60
Trd, 8639232.146, 61
Trd, 8639232.312, 61
Trd, 8639233.646, 60
Trd, 8639233.746, 60
Trd, 8639234.946, 60
Trd, 8639235.279, 60
Trd, 8639235.779, 60
Trd, 8639235.912, 60
Trd, 8639236.046, 60
Trd, 8639236.246, 61
Trd, 8639236.379, 61
Trd, 8639236.746, 61
Trd, 8639236.946, 62
Trd, 8639237.612, 67
Trd, 8639238.179, 60
Trd, 8639238.212, 60
Trd, 8639238.312, 61
Trd, 8639238.679, 60
Trd, 8639239.012, 60
Trd, 8639239.346, 60
Trd, 8639239.579, 60
Trd, 8639240.046, 63
Trd, 8639240.312, 61
Trd, 8639240.912, 60
Trd, 8639240.979, 62
Trd, 8639241.979, 60
Trd, 8639242.112, 60
Trd, 8639242.379, 61
Trd, 8639242.546, 60
Trd, 8639242.779, 61
Trd, 8639242.879, 61
Trd, 8639243.446, 60
Trd, 8639243.946, 61
Trd, 8639244.612, 62
Trd, 8639244.679, 61
Trd, 8639244.746, 62
Trd, 8639244.812, 63
Trd, 8639245.779, 62
Trd, 8639246.179, 60
Trd, 8639246.512, 140
Trd, 8639246.979, 116
Trd, 8639247.146, 108
Trd, 8639247.479, 140
Trd, 8639248.646, 131
Trd, 8639249.446, 140
Trd, 8639249.846, 140
Trd, 8639249.879, 140
Trd, 8639251.212, 140
Trd, 8639251.512, 140
Trd, 8639252.312, 140
Trd, 8639252.712, 140
Trd, 8639252.746, 140
Trd, 8639255.279, 140
Trd, 8639255.946, 140
Trd, 8639256.479, 140
Trd, 8639256.746, 140
Trd, 8639257.479, 140
Trd, 8639258.046, 140
Trd, 8639259.012, 140
Trd, 8639259.779, 140
Trd, 8639259.912, 140
Trd, 8639260.579, 140
Trd, 8639260.646, 140
Trd, 8639261.546, 139
Trd, 8639261.912, 140
Trd, 8639263.146, 140
Trd, 8639263.612, 140
Trd, 8639263.879, 140
Trd, 8639264.612, 140
Trd, 8639265.746, 139
Trd, 8639265.846, 138
Trd, 8639266.279, 133
Trd, 8639267.746, 140
Trd, 8639267.912, 140
Trd, 8639267.979, 140
Trd, 8639268.046, 139
Trd, 8639268.379, 140
Trd, 8639268.746, 121
Trd, 8639268.912, 129
Trd, 8639269.179, 136
Trd, 8639269.579, 136
Trd, 8639269.912, 131
Trd, 8639270.212, 135
Trd, 8639270.512, 107
Trd, 8639271.079, 133
Trd, 8639271.212, 83
Trd, 8639271.546, 63
Trd, 8639272.146, 61
Trd, 8639272.279, 64
Trd, 8639273.246, 98
Trd, 8639273.446, 97
Trd, 8639274.112, 88
Trd, 8639274.946, 108
Trd, 8639275.712, 109
Trd, 8639276.746, 140
Trd, 8639277.512, 140
Trd, 8639278.846, 140
Trd, 8639279.246, 140
Trd, 8639279.679, 139
Trd, 8639279.946, 139
Trd, 8639280.212, 140
Trd, 8639280.746, 140
Trd, 8639281.112, 140
Trd, 8639281.446, 120
Trd, 8639281.512, 92
Trd, 8639282.379, 116
Trd, 8639282.912, 139
Trd, 8639283.412, 139
Trd, 8639283.712, 140
Trd, 8639283.846, 139
Trd, 8639284.212, 140
Trd, 8639284.512, 140
Trd, 8639284.879, 140
Trd, 8639285.046, 140
Trd, 8639285.512, 137
Trd, 8639286.079, 113
Trd, 8639286.179, 112
Trd, 8639286.746, 93
Trd, 8639288.012, 140
Trd, 8639288.279, 139
Trd, 8639289.779, 140
Trd, 8639289.846, 139
Trd, 8639289.946, 127
Trd, 8639290.946, 140
Trd, 8639291.379, 139
Trd, 8639291.646, 120
Trd, 8639292.712, 140
Trd, 8639293.046, 140
Trd, 8639293.646, 140
Trd, 8639295.246, 140
Trd, 8639295.612, 140
Trd, 8639295.946, 140
Trd, 8639297.079, 140
Trd, 8639297.179, 137
Trd, 8639297.912, 124
Trd, 8639299.579, 140
Trd, 8639300.246, 140
Trd, 8639300.512, 140
Trd, 8639300.612, 140
Trd, 8639300.812, 139
Trd, 8639301.179, 140
Trd, 8639302.546, 140
Trd, 8639303.412, 140
Trd, 8639304.246, 140
Trd, 8639304.746, 140
Trd, 8639304.979, 140
Trd, 8639305.412, 140
Trd, 8639305.979, 140
Trd, 8639306.046, 140
Trd, 8639307.012, 140
Trd, 8639307.079, 140
Trd, 8639307.312, 140
Trd, 8639308.812, 88
Trd, 8639309.346, 105
Trd, 8639309.446, 116
Trd, 8639309.979, 115
Trd, 8639310.079, 99
Trd, 8639310.312, 117
Trd, 8639310.612, 101
Trd, 8639310.746, 99
Trd, 8639310.779, 96
Trd, 8639311.079, 115
Trd, 8639311.246, 116
Trd, 8639311.412, 117
Trd, 8639312.212, 138
Trd, 8639313.612, 60
Trd, 8639313.746, 60
Trd, 8639313.779, 60
Trd, 8639314.446, 60
Trd, 8639314.512, 63
Trd, 8639315.179, 60
Trd, 8639315.279, 61
Trd, 8639315.446, 62
Trd, 8639316.246, 60
Trd, 8639316.412, 60
Trd, 8639316.612, 61
Trd, 8639317.046, 62
Trd, 8639317.079, 62
Trd, 8639317.179, 63
Trd, 8639317.646, 70
Trd, 8639317.712, 71
Trd, 8639318.279, 65
Trd, 8639319.046, 68
Trd, 8639319.079, 69
Trd, 8639319.212, 64
Trd, 8639319.579, 63
Trd, 8639320.579, 77
Trd, 8639320.812, 77
Trd, 8639320.912, 75
Trd, 8639321.346, 88
Trd, 8639322.012, 140
Trd, 8639322.046, 140
Trd, 8639323.346, 129
Trd, 8639323.412, 136
Trd, 8639324.412, 62
Trd, 8639325.712, 60
Trd, 8639325.946, 60
Trd, 8639325.979, 60
Trd, 8639326.146, 60
Trd, 8639326.179, 61
Trd, 8639326.446, 61
Trd, 8639327.279, 61
Trd, 8639327.612, 60
Trd, 8639327.646, 63
Trd, 8639328.112, 74
Trd, 8639329.412, 60
Trd, 8639329.879, 60
Trd, 8639330.312, 60
Trd, 8639331.612, 60
Trd, 8639331.946, 60
Trd, 8639332.312, 60
Trd, 8639332.846, 60
Trd, 8639333.012, 60
Trd, 8639333.179, 60
Trd, 8639333.546, 60
Trd, 8639333.846, 60
Trd, 8639334.079, 60
Trd, 8639334.346, 60
Trd, 8639334.612, 60
Trd, 8639334.712, 65
Trd, 8639335.279, 65
Trd, 8639335.879, 62
Trd, 8639336.112, 63
Trd, 8639336.446, 64
Trd, 8639336.746, 63
Trd, 8639336.879, 62
Trd, 8639337.246, 116
Trd, 8639337.579, 139
Trd, 8639339.012, 63
Trd, 8639339.379, 61
Trd, 8639340.446, 60
Trd, 8639340.746, 60
Trd, 8639341.046, 60
Trd, 8639341.279, 61
Trd, 8639341.312, 62
Trd, 8639341.779, 63
Trd, 8639341.846, 73
Trd, 8639342.312, 60
Trd, 8639342.946, 61
Trd, 8639343.612, 60
Trd, 8639343.912, 60
Trd, 8639344.512, 60
Trd, 8639344.546, 60
Trd, 8639345.112, 60
Trd, 8639345.379, 60
Trd, 8639345.446, 60
Trd, 8639346.179, 60
Trd, 8639346.246, 60
Trd, 8639347.112, 60
Trd, 8639347.912, 60
Trd, 8639347.979, 60
Trd, 8639348.279, 60
Trd, 8639348.546, 60
Trd, 8639349.012, 60
Trd, 8639349.146, 61
Trd, 8639349.746, 60
Trd, 8639349.879, 60
Trd, 8639350.079, 73
Trd, 8639350.212, 61
Trd, 8639351.679, 87
Trd, 8639351.712, 83
Trd, 8639352.446, 92
Trd, 8639352.479, 93
Trd, 8639353.179, 140
Trd, 8639353.212, 138
Trd, 8639353.546, 122
Trd, 8639353.812, 121
Trd, 8639354.112, 70
Trd, 8639354.846, 63
Trd, 8639356.646, 139
Trd, 8639357.379, 130
Trd, 8639358.346, 140
Trd, 8639359.112, 140
Trd, 8639359.146, 139
Trd, 8639359.846, 140
Trd, 8639360.279, 140
Trd, 8639361.612, 140
Trd, 8639361.846, 140
Trd, 8639362.846, 140
Trd, 8639363.879, 140
Trd, 8639364.646, 140
Trd, 8639365.212, 140
Trd, 8639366.146, 140
Trd, 8639366.746, 140
Trd, 8639368.179, 140
Trd, 8639368.479, 140
Trd, 8639368.746, 140
Trd, 8639369.179, 140
Trd, 8639369.679, 140
Trd, 8639369.846, 140
Trd, 8639370.546, 140
Trd, 8639371.246, 139
Trd, 8639371.379, 140
Trd, 8639372.079, 140
Trd, 8639372.912, 132
Trd, 8639373.046, 135
Trd, 8639373.246, 136
Trd, 8639373.479, 137
Trd, 8639373.812, 99
Trd, 8639373.879, 97
Trd, 8639374.246, 136
Trd, 8639375.079, 140
Trd, 8639375.412, 140
Trd, 8639375.612, 92
Trd, 8639375.846, 138
Trd, 8639376.212, 139
Trd, 8639376.746, 140
Trd, 8639377.312, 90
Trd, 8639377.779, 133
Trd, 8639378.712, 119
Trd, 8639378.979, 117
Trd, 8639379.079, 128
Trd, 8639379.412, 116
Trd, 8639379.779, 116
Trd, 8639379.812, 125
Trd, 8639380.012, 126
Trd, 8639380.179, 129
Trd, 8639381.112, 102
Trd, 8639381.346, 89
Trd, 8639381.512, 88
Trd, 8639382.512, 140
Trd, 8639384.112, 140
Trd, 8639384.346, 140
Trd, 8639385.079, 138
Trd, 8639385.212, 137
Trd, 8639385.479, 137
Trd, 8639386.112, 140
Trd, 8639387.179, 140
Trd, 8639388.212, 140
Trd, 8639389.346, 140
Trd, 8639389.446, 140
Trd, 8639389.512, 140
Trd, 8639390.112, 140
Trd, 8639391.212, 140
Trd, 8639391.546, 140
Trd, 8639392.679, 140
Trd, 8639392.746, 140
Trd, 8639393.479, 140
Trd, 8639394.579, 140
Trd, 8639395.679, 140
Trd, 8639395.946, 140
Trd, 8639396.246, 140
Trd, 8639396.479, 140
Trd, 8639397.112, 140
Trd, 8639397.179, 140
Trd, 8639397.546, 139
Trd, 8639398.979, 139
Trd, 8639400.679, 140
Trd, 8639401.079, 140
Trd, 8639401.679, 140
Trd, 8639402.679, 140
Trd, 8639403.379, 140
Trd, 8639403.712, 140
Trd, 8639403.779, 140
Trd, 8639404.812, 140
Trd, 8639405.846, 140
Trd, 8639405.912, 140
Trd, 8639406.112, 140
Trd, 8639406.179, 139
Trd, 8639406.546, 139
Trd, 8639406.612, 138
Trd, 8639407.046, 110
Trd, 8639407.446, 138
Trd, 8639407.946, 101
Trd, 8639408.346, 91
Trd, 8639408.979, 120
Trd, 8639409.446, 122
Trd, 8639409.612, 110
Trd, 8639409.679, 120
Trd, 8639410.379, 123
Trd, 8639410.446, 132
Trd, 8639410.879, 127
Trd, 8639411.479, 87
Trd, 8639412.446, 140
Trd, 8639412.612, 140
Trd, 8639412.879, 140
Trd, 8639413.612, 139
Trd, 8639415.012, 140
Trd, 8639415.046, 140
Trd, 8639415.879, 140
Trd, 8639416.679, 140
Trd, 8639417.712, 140
Trd, 8639418.112, 140
Trd, 8639418.912, 140
Trd, 8639420.012, 140
Trd, 8639420.212, 140
Trd, 8639420.312, 140
Trd, 8639420.379, 140
Trd, 8639421.079, 124
Trd, 8639422.012, 140
Trd, 8639422.879, 140
Trd, 8639423.012, 140
Trd, 8639424.079, 139
Trd, 8639424.779, 140
Trd, 8639425.546, 140
Trd, 8639426.246, 140
Trd, 8639427.179, 140
Trd, 8639427.279, 140
Trd, 8639427.912, 140
Trd, 8639428.146, 138
Trd, 8639428.212, 128
Trd, 8639428.679, 120
Trd, 8639430.679, 140
Trd, 8639431.346, 140
Trd, 8639432.046, 140
Trd, 8639432.112, 140
Trd, 8639432.579, 140
Trd, 8639432.612, 140
Trd, 8639433.012, 140
Trd, 8639433.279, 140
Trd, 8639433.779, 140
Trd, 8639434.079, 121
Trd, 8639434.779, 124
Trd, 8639435.312, 139
Trd, 8639435.412, 113
Trd, 8639435.846, 112
Trd, 8639436.646, 135
Trd, 8639437.279, 131
Trd, 8639437.379, 132
Trd, 8639437.479, 105
Trd, 8639437.712, 133
Trd, 8639437.779, 134
Trd, 8639438.912, 116
Trd, 8639439.446, 115
Trd, 8639439.546, 127
Trd, 8639439.612, 91
Trd, 8639440.279, 131
Trd, 8639440.446, 96
Trd, 8639440.479, 87
Trd, 8639440.846, 131
Trd, 8639441.546, 104
Trd, 8639441.679, 124
Trd, 8639441.712, 101
Trd, 8639441.879, 124
Trd, 8639442.346, 98
Trd, 8639442.379, 124
Trd, 8639443.012, 122
Trd, 8639443.379, 70
Trd, 8639444.779, 98
Trd, 8639444.912, 113
Trd, 8639444.979, 114
Trd, 8639445.712, 98
Trd, 8639445.979, 140
Trd, 8639446.679, 140
Trd, 8639447.046, 140
Trd, 8639447.446, 139
Trd, 8639448.479, 119
Trd, 8639448.746, 76
Trd, 8639449.712, 140
Trd, 8639450.512, 140
Trd, 8639450.612, 138
Trd, 8639451.712, 140
Trd, 8639453.779, 140
Trd, 8639454.379, 140
Trd, 8639454.579, 140
Trd, 8639455.179, 140
Trd, 8639455.846, 140
Trd, 8639456.979, 140
Trd, 8639457.346, 140
Trd, 8639458.012, 140
Trd, 8639458.512, 140
Trd, 8639458.546, 140
Trd, 8639459.079, 140
Trd, 8639459.646, 140
Trd, 8639460.679, 140
Trd, 8639461.479, 140
Trd, 8639463.846, 140
Trd, 8639464.279, 140
Trd, 8639465.112, 140
Trd, 8639466.312, 140
Trd, 8639466.546, 140
Trd, 8639466.979, 139
Trd, 8639467.312, 140
Trd, 8639467.546, 140
Trd, 8639467.579, 140
Trd, 8639467.779, 140
Trd, 8639467.879, 136
Trd, 8639468.579, 140
Trd, 8639469.479, 140
Trd, 8639469.846, 140
Trd, 8639469.912, 140
Trd, 8639470.946, 139
Trd, 8639471.012, 119
Trd, 8639472.046, 138
Trd, 8639472.179, 123
Trd, 8639472.246, 122
Trd, 8639472.579, 99
Trd, 8639473.379, 135
Trd, 8639473.479, 101
Trd, 8639473.712, 136
Trd, 8639473.879, 100
Trd, 8639473.912, 99
Trd, 8639475.046, 128
Trd, 8639475.646, 60
Trd, 8639475.812, 60
Trd, 8639476.012, 60
Trd, 8639476.112, 60
Trd, 8639476.279, 60
Trd, 8639477.479, 140
Trd, 8639477.879, 140
Trd, 8639478.146, 140
Trd, 8639478.612, 140
Trd, 8639479.346, 140
Trd, 8639480.612, 140
Trd, 8639480.879, 140
Trd, 8639481.846, 140
Trd, 8639481.912, 140
Trd, 8639483.412, 140
Trd, 8639484.012, 140
Trd, 8639484.312, 140
Trd, 8639484.346, 140
Trd, 8639484.512, 140
Trd, 8639485.212, 140
Trd, 8639487.279, 140
Trd, 8639487.379, 140
Trd, 8639488.579, 140
Trd, 8639490.246, 140
Trd, 8639490.312, 140
Trd, 8639491.346, 140
Trd, 8639491.579, 140
Trd, 8639492.279, 140
Trd, 8639492.446, 140
Trd, 8639492.712, 140
Trd, 8639493.146, 140
Trd, 8639494.712, 140
Trd, 8639495.146, 140
Trd, 8639495.212, 140
Trd, 8639495.712, 140
Trd, 8639496.079, 140
Trd, 8639496.446, 140
Trd, 8639496.646, 118
Trd, 8639496.979, 139
Trd, 8639497.079, 81
Trd, 8639497.379, 138
Trd, 8639498.312, 66
Trd, 8639498.446, 134
Trd, 8639499.646, 122
Trd, 8639500.146, 126
Trd, 8639500.779, 120
Trd, 8639500.812, 121
Trd, 8639501.279, 114
Trd, 8639501.512, 113
Trd, 8639501.912, 117
Trd, 8639502.112, 119
Trd, 8639502.146, 125
Trd, 8639502.246, 100
Trd, 8639502.479, 78
Trd, 8639502.712, 123
Trd, 8639502.779, 77
Trd, 8639503.479, 60
Trd, 8639503.646, 63
Trd, 8639504.546, 60
Trd, 8639505.812, 60
Trd, 8639505.979, 60
Trd, 8639506.012, 60
Trd, 8639506.079, 62
Trd, 8639506.346, 62
Trd, 8639506.479, 60
Trd, 8639507.112, 67
Trd, 8639508.279, 65
Trd, 8639508.446, 65
Trd, 8639508.946, 60
Trd, 8639509.412, 60
Trd, 8639510.112, 60
Trd, 8639510.212, 60
Trd, 8639510.746, 60
Trd, 8639510.779, 60
Trd, 8639511.179, 64
Trd, 8639511.346, 64
Trd, 8639511.579, 65
Trd, 8639511.612, 69
Trd, 8639512.412, 66
Trd, 8639512.879, 62
Trd, 8639513.146, 62
Trd, 8639513.379, 62
Trd, 8639513.712, 62
Trd, 8639513.846, 62
Trd, 8639514.212, 63
Trd, 8639516.946, 60
Trd, 8639516.979, 60
Trd, 8639517.179, 60
Trd, 8639517.712, 60
Trd, 8639517.812, 62
Trd, 8639518.112, 66
Trd, 8639518.146, 60
Trd, 8639518.212, 83
Trd, 8639519.079, 140
Trd, 8639519.812, 140
Trd, 8639520.179, 139
Trd, 8639520.946, 140
Trd, 8639521.946, 140
Trd, 8639522.112, 140
Trd, 8639522.179, 140
Trd, 8639523.479, 140
Trd, 8639523.679, 140
Trd, 8639524.646, 140
Trd, 8639526.012, 140
Trd, 8639526.046, 140
Trd, 8639527.346, 140
Trd, 8639527.546, 140
Trd, 8639527.846, 140
Trd, 8639528.146, 139
Trd, 8639528.379, 139
Trd, 8639529.379, 140
Trd, 8639530.479, 139
Trd, 8639530.612, 140
Trd, 8639530.712, 133
Trd, 8639531.012, 132
Trd, 8639531.512, 137
Trd, 8639532.679, 125
Trd, 8639532.879, 124
Trd, 8639533.079, 125
Trd, 8639533.379, 123
Trd, 8639533.779, 89
Trd, 8639534.612, 66
Trd, 8639534.679, 121
Trd, 8639535.179, 66
Trd, 8639535.812, 60
Trd, 8639536.079, 61
Trd, 8639536.612, 60
Trd, 8639537.146, 60
Trd, 8639537.646, 60
Trd, 8639537.679, 60
Trd, 8639537.812, 60
Trd, 8639538.279, 60
Trd, 8639538.612, 61
Trd, 8639538.979, 61
Trd, 8639539.879, 62
Trd, 8639540.279, 62
Trd, 8639540.412, 62
Trd, 8639540.446, 63
Trd, 8639540.612, 64
Trd, 8639540.646, 61
Trd, 8639540.712, 68
Trd, 8639541.012, 98
Trd, 8639542.146, 60
Trd, 8639542.246, 60
Trd, 8639542.346, 60
Trd, 8639542.679, 60
Trd, 8639543.746, 60
Trd, 8639544.312, 60
Trd, 8639544.812, 60
Trd, 8639545.679, 60
Trd, 8639546.479, 60
Trd, 8639546.746, 60
Trd, 8639547.146, 60
Trd, 8639547.446, 60
Trd, 8639547.846, 60
Trd, 8639547.912, 60
Trd, 8639548.279, 62
Trd, 8639548.679, 62
Trd, 8639549.112, 66
Trd, 8639549.746, 61
Trd, 8639551.179, 60
Trd, 8639551.379, 61
Trd, 8639552.112, 60
Trd, 8639552.346, 60
Trd, 8639552.379, 61
Trd, 8639552.412, 63
Trd, 8639552.712, 70
Trd, 8639552.879, 71
Trd, 8639553.612, 60
Trd, 8639554.612, 60
Trd, 8639555.746, 60
Trd, 8639556.179, 60
Trd, 8639556.279, 60
Trd, 8639556.479, 60
Trd, 8639557.012, 60
Trd, 8639557.412, 63
Trd, 8639557.546, 68
Trd, 8639558.312, 61
Trd, 8639558.812, 62
Trd, 8639558.879, 61
Trd, 8639558.912, 62
Trd, 8639559.912, 63
Trd, 8639559.946, 70
Trd, 8639560.912, 64
Trd, 8639560.946, 61
Trd, 8639561.146, 64
Trd, 8639561.179, 67
Trd, 8639561.412, 70
Trd, 8639562.012, 140
Trd, 8639562.746, 140
Trd, 8639563.546, 68
Trd, 8639564.012, 67
Trd, 8639564.246, 64
Trd, 8639565.012, 61
Trd, 8639566.212, 60
Trd, 8639566.446, 60
Trd, 8639566.712, 60
Trd, 8639566.746, 60
Trd, 8639567.279, 60
Trd, 8639567.846, 60
Trd, 8639568.079, 60
Trd, 8639569.012, 60
Trd, 8639569.246, 60
Trd, 8639570.279, 60
Trd, 8639571.012, 60
Trd, 8639571.312, 60
Trd, 8639571.346, 60
Trd, 8639571.446, 60
Trd, 8639571.712, 60
Trd, 8639572.146, 60
Trd, 8639572.846, 60
Trd, 8639573.679, 60
Trd, 8639573.812, 61
Trd, 8639573.879, 62
Trd, 8639573.912, 62
Trd, 8639574.246, 65
Trd, 8639575.079, 63
Trd, 8639575.112, 63
Trd, 8639575.912, 60
Trd, 8639576.012, 60
Trd, 8639576.479, 60
Trd, 8639576.779, 60
Trd, 8639577.079, 60
Trd, 8639577.146, 60
Trd, 8639577.412, 63
Trd, 8639577.679, 102
Trd, 8639578.512, 140
Trd, 8639578.612, 97
Trd, 8639579.179, 63
Trd, 8639580.446, 140
Trd, 8639580.912, 140
Trd, 8639581.079, 140
Trd, 8639581.912, 140
Trd, 8639582.346, 140
Trd, 8639582.579, 140
Trd, 8639584.212, 140
Trd, 8639584.312, 140
Trd, 8639584.812, 140
Trd, 8639585.379, 140
Trd, 8639585.546, 137
Trd, 8639585.679, 116
Trd, 8639586.279, 106
Trd, 8639587.212, 140
Trd, 8639589.279, 140
Trd, 8639590.746, 140
Trd, 8639590.979, 140
Trd, 8639591.279, 140
Trd, 8639591.412, 140
Trd, 8639591.646, 139
Trd, 8639592.879, 140
Trd, 8639594.012, 140
Trd, 8639594.779, 140
Trd, 8639595.379, 140
Trd, 8639595.412, 140
Trd, 8639597.146, 140
Trd, 8639597.379, 140
Trd, 8639598.812, 140
Trd, 8639599.346, 140
Trd, 8639599.946, 140
Trd, 8639600.112, 140
Trd, 8639600.446, 139
Trd, 8639601.179, 139
Trd, 8639601.346, 140
Trd, 8639601.379, 139
Trd, 8639601.679, 135
Trd, 8639601.912, 139
Trd, 8639602.746, 139
Trd, 8639602.946, 130
Trd, 8639604.079, 124
Trd, 8639604.412, 126
Trd, 8639604.446, 108
Trd, 8639604.646, 101
Trd, 8639605.512, 122
Trd, 8639605.679, 124
Trd, 8639606.279, 121
Trd, 8639606.346, 123
Trd, 8639607.312, 102
Trd, 8639607.412, 113
Trd, 8639607.679, 113
Trd, 8639608.346, 60
Trd, 8639608.679, 60
Trd, 8639609.079, 61
Trd, 8639609.112, 62
Trd, 8639609.846, 60
Trd, 8639609.979, 61
Trd, 8639610.546, 62
Trd, 8639610.579, 62
Trd, 8639611.312, 60
Trd, 8639611.379, 64
Trd, 8639612.279, 60
Trd, 8639612.879, 60
Trd, 8639613.446, 60
Trd, 8639613.712, 60
Trd, 8639614.212, 60
Trd, 8639614.246, 60
Trd, 8639614.779, 63
Trd, 8639614.812, 71
Trd, 8639615.712, 61
Trd, 8639615.746, 60
Trd, 8639616.112, 68
Trd, 8639616.346, 79
Trd, 8639616.746, 60
Trd, 8639617.046, 60
Trd, 8639617.446, 60
Trd, 8639617.646, 60
Trd, 8639617.712, 60
Trd, 8639618.346, 60
Trd, 8639619.146, 60
Trd, 8639619.679, 61
Trd, 8639620.546, 60
Trd, 8639621.479, 60
Trd, 8639621.779, 60
Trd, 8639622.612, 60
Trd, 8639623.046, 60
Trd, 8639623.379, 60
Trd, 8639623.812, 61
Trd, 8639624.112, 60
Trd, 8639624.612, 61
Trd, 8639624.746, 60
Trd, 8639624.912, 62
Trd, 8639625.446, 60
Trd, 8639625.546, 60
Trd, 8639625.812, 60
Trd, 8639626.479, 61
Trd, 8639626.612, 62
Trd, 8639626.812, 60
Trd, 8639626.979, 74
Trd, 8639627.546, 60
Trd, 8639627.912, 60
Trd, 8639628.146, 60
Trd, 8639628.246, 60
Trd, 8639628.912, 66
Trd, 8639628.946, 70
Trd, 8639629.079, 60
Trd, 8639629.646, 63
Trd, 8639630.312, 64
Trd, 8639631.579, 62
Trd, 8639632.079, 60
Trd, 8639632.146, 61
Trd, 8639632.279, 62
Trd, 8639632.612, 60
Trd, 8639633.279, 60
Trd, 8639633.312, 60
Trd, 8639633.579, 62
Trd, 8639633.746, 63
Trd, 8639633.912, 69
Trd, 8639634.979, 79
Trd, 8639635.512, 119
Trd, 8639636.646, 110
Trd, 8639636.812, 123
Trd, 8639636.979, 123
Trd, 8639637.679, 111
Trd, 8639637.946, 108
Trd, 8639638.012, 108
Trd, 8639638.146, 118
Trd, 8639638.979, 60
Trd, 8639640.346, 60
Trd, 8639640.846, 60
Trd, 8639640.946, 60
Trd, 8639641.179, 64
Trd, 8639641.279, 68
Trd, 8639641.846, 97
Trd, 8639642.412, 63
Trd, 8639642.446, 64
Trd, 8639643.146, 62
Trd, 8639643.412, 64
Trd, 8639643.546, 69
Trd, 8639644.046, 60
Trd, 8639644.912, 68
Trd, 8639645.012, 69
Trd, 8639646.146, 60
Trd, 8639646.379, 60
Trd, 8639646.479, 60
Trd, 8639646.746, 60
Trd, 8639646.846, 61
Trd, 8639647.346, 61
Trd, 8639647.679, 61
Trd, 8639647.712, 63
Trd, 8639647.979, 77
Trd, 8639648.346, 62
Trd, 8639648.712, 60
Trd, 8639649.146, 61
Trd, 8639649.579, 61
Trd, 8639649.779, 60
Trd, 8639649.912, 62
Trd, 8639650.879, 60
Trd, 8639651.079, 60
Trd, 8639651.879, 60
Trd, 8639652.412, 60
Trd, 8639652.746, 60
Trd, 8639654.279, 60
Trd, 8639654.579, 60
Trd, 8639655.312, 62
Trd, 8639655.446, 60
Trd, 8639655.512, 63
Trd, 8639655.946, 60
Trd, 8639656.312, 60
Trd, 8639656.512, 60
Trd, 8639656.746, 60
Trd, 8639657.012, 60
Trd, 8639657.112, 61
Trd, 8639657.712, 61
Trd, 8639658.012, 60
Trd, 8639658.246, 61
Trd, 8639659.179, 63
Trd, 8639659.346, 65
Trd, 8639659.746, 65
Trd, 8639660.612, 60
Trd, 8639661.079, 60
Trd, 8639661.346, 60
Trd, 8639662.246, 60
Trd, 8639662.479, 60
Trd, 8639662.612, 60
Trd, 8639663.046, 61
Trd, 8639663.212, 61
Trd, 8639663.379, 69
Trd, 8639663.812, 62
Trd, 8639663.846, 72
Trd, 8639663.979, 65
Trd, 8639664.679, 130
Trd, 8639664.746, 115
Trd, 8639665.112, 127
Trd, 8639666.912, 140
Trd, 8639667.046, 139
Trd, 8639667.246, 100
Trd, 8639667.346, 82
Trd, 8639669.012, 140
Trd, 8639669.046, 140
Trd, 8639670.612, 140
Trd, 8639670.979, 140
Trd, 8639671.112, 140
Trd, 8639671.246, 140
Trd, 8639672.012, 75
Trd, 8639672.146, 86
Trd, 8639673.312, 140
Trd, 8639674.312, 140
Trd, 8639675.846, 140
Trd, 8639676.212, 140
Trd, 8639677.079, 140
Trd, 8639677.446, 140
Trd, 8639677.812, 140
Trd, 8639678.512, 140
Trd, 8639678.912, 140
Trd, 8639679.212, 139
Trd, 8639680.679, 140
Trd, 8639681.179, 140
Trd, 8639681.746, 140
Trd, 8639681.946, 139
Trd, 8639682.179, 138
Trd, 8639682.412, 140
Trd, 8639682.512, 137
Trd, 8639683.179, 140
Trd, 8639683.546, 139
Trd, 8639684.912, 140
Trd, 8639685.546, 140
Trd, 8639686.212, 140
Trd, 8639686.246, 140
Trd, 8639686.546, 140
Trd, 8639686.846, 118
Trd, 8639687.512, 136
Trd, 8639688.779, 94
Trd, 8639688.912, 94
Trd, 8639689.312, 93
Trd, 8639689.379, 92
Trd, 8639689.412, 94
Trd, 8639689.479, 95
Trd, 8639690.346, 133
Trd, 8639690.679, 130
Trd, 8639691.212, 82
Trd, 8639691.479, 60
Trd, 8639691.746, 60
Trd, 8639692.312, 65
Trd, 8639692.346, 66
Trd, 8639692.946, 60
Trd, 8639693.346, 107
Trd, 8639694.212, 140
Trd, 8639694.679, 140
Trd, 8639696.479, 140
Trd, 8639697.079, 140
Trd, 8639697.312, 140
Trd, 8639698.179, 140
Trd, 8639698.979, 140
Trd, 8639699.212, 140
Trd, 8639699.379, 140
Trd, 8639700.879, 140
Trd, 8639702.512, 140
Trd, 8639703.312, 140
Trd, 8639703.379, 140
Trd, 8639703.512, 140
Trd, 8639703.946, 140
Trd, 8639704.012, 140
Trd, 8639706.246, 140
Trd, 8639706.712, 140
Trd, 8639707.079, 140
Trd, 8639707.446, 140
Trd, 8639707.712, 140
Trd, 8639707.846, 140
Trd, 8639708.012, 140
Trd, 8639709.279, 139
Trd, 8639710.446, 140
Trd, 8639711.712, 140
Trd, 8639713.746, 140
Trd, 8639714.446, 140
Trd, 8639714.846, 140
Trd, 8639714.946, 140
Trd, 8639715.412, 140
Trd, 8639715.446, 140
Trd, 8639715.612, 139
Trd, 8639715.846, 139
Trd, 8639715.946, 104
Trd, 8639716.146, 96
Trd, 8639716.546, 124
Trd, 8639716.646, 129
Trd, 8639717.279, 126
Trd, 8639717.579, 92
Trd, 8639717.746, 125
Trd, 8639718.479, 112
Trd, 8639718.546, 105
Trd, 8639718.679, 123
Trd, 8639718.879, 69
Trd, 8639719.979, 112
Trd, 8639720.312, 78
Trd, 8639720.712, 60
Trd, 8639720.946, 60
Trd, 8639721.312, 60
Trd, 8639722.546, 60
Trd, 8639724.512, 60
Trd, 8639724.712, 60
Trd, 8639724.879, 61
Trd, 8639725.312, 60
Trd, 8639725.379, 61
Trd, 8639725.912, 61
Trd, 8639726.112, 61
Trd, 8639726.212, 61
Trd, 8639726.512, 60
Trd, 8639727.279, 60
Trd, 8639727.746, 61
Trd, 8639727.946, 62
Trd, 8639728.746, 60
Trd, 8639729.146, 60
Trd, 8639729.979, 60
Trd, 8639730.112, 60
Trd, 8639730.146, 60
Trd, 8639730.212, 60
Trd, 8639732.146, 60
Trd, 8639732.412, 60
Trd, 8639732.746, 60
Trd, 8639733.646, 60
Trd, 8639733.779, 60
Trd, 8639734.312, 60
Trd, 8639734.612, 60
Trd, 8639735.112, 60
Trd, 8639735.546, 60
Trd, 8639735.779, 60
Trd, 8639735.912, 60
Trd, 8639736.046, 61
Trd, 8639736.212, 62
Trd, 8639736.579, 60
Trd, 8639737.046, 60
Trd, 8639737.946, 60
Trd, 8639738.612, 60
Trd, 8639738.912, 60
Trd, 8639740.079, 60
Trd, 8639740.646, 60
Trd, 8639741.246, 60
Trd, 8639741.812, 60
Trd, 8639741.879, 60
Trd, 8639742.079, 60
Trd, 8639742.679, 60
Trd, 8639742.812, 60
Trd, 8639743.412, 60
Trd, 8639743.846, 60
Trd, 8639744.146, 60
Trd, 8639744.412, 60
Trd, 8639744.846, 60
Trd, 8639745.679, 60
Trd, 8639745.779, 60
Trd, 8639746.046, 60
Trd, 8639746.546, 60
Trd, 8639746.612, 62
Trd, 8639746.646, 62
Trd, 8639747.812, 60
Trd, 8639748.946, 60
Trd, 8639749.246, 60
Trd, 8639749.512, 60
Trd, 8639749.646, 60
Trd, 8639749.812, 62
Trd, 8639749.846, 65
Trd, 8639750.012, 62
Trd, 8639750.079, 60
Trd, 8639751.346, 93
Trd, 8639751.379, 94
Trd, 8639751.679, 61
Trd, 8639751.712, 62
Trd, 8639752.279, 81
Trd, 8639752.446, 75
Trd, 8639753.012, 139
Trd, 8639753.579, 73
Trd, 8639754.579, 102
Trd, 8639754.712, 100
Trd, 8639755.079, 138
Trd, 8639756.779, 140
Trd, 8639757.146, 137
Trd, 8639757.246, 136
Trd, 8639758.946, 140
Trd, 8639759.612, 140
Trd, 8639760.846, 140
Trd, 8639761.012, 140
Trd, 8639761.379, 140
Trd, 8639762.212, 139
Trd, 8639762.246, 137
Trd, 8639762.612, 120
Trd, 8639763.112, 139
Trd, 8639764.446, 140
Trd, 8639765.246, 140
Trd, 8639765.612, 140
Trd, 8639766.646, 140
Trd, 8639766.912, 140
Trd, 8639767.279, 140
Trd, 8639767.712, 140
Trd, 8639768.479, 140
Trd, 8639768.712, 140
Trd, 8639769.046, 140
Trd, 8639770.746, 140
Trd, 8639771.312, 140
Trd, 8639771.579, 140
Trd, 8639772.612, 138
Trd, 8639772.679, 137
Trd, 8639773.379, 136
Trd, 8639773.779, 137
Trd, 8639774.146, 124
Trd, 8639774.346, 136
Trd, 8639775.312, 138
Trd, 8639775.346, 106
Trd, 8639775.379, 104
Trd, 8639775.546, 140
Trd, 8639777.279, 140
Trd, 8639777.779, 140
Trd, 8639778.079, 140
Trd, 8639778.512, 139
Trd, 8639779.046, 130
Trd, 8639779.179, 129
Trd, 8639780.046, 140
Trd, 8639780.079, 137
Trd, 8639780.646, 140
Trd, 8639781.546, 109
Trd, 8639782.612, 140
Trd, 8639782.946, 134
Trd, 8639783.046, 115
Trd, 8639784.112, 139
Trd, 8639785.546, 140
Trd, 8639785.812, 138
Trd, 8639786.046, 133
Trd, 8639786.512, 139
Trd, 8639786.846, 110
Trd, 8639787.446, 133
Trd, 8639787.646, 111
Trd, 8639789.412, 140
Trd, 8639789.546, 140
Trd, 8639789.812, 140
Trd, 8639789.912, 138
Trd, 8639791.079, 140
Trd, 8639791.846, 140
Trd, 8639793.479, 140
Trd, 8639793.946, 140
Trd, 8639795.146, 140
Trd, 8639795.446, 140
Trd, 8639795.512, 138
Trd, 8639796.012, 139
Trd, 8639796.479, 137
Trd, 8639796.679, 136
Trd, 8639796.979, 135
Trd, 8639797.212, 116
Trd, 8639797.679, 129
Trd, 8639797.846, 102
Trd, 8639798.512, 127
Trd, 8639798.779, 128
Trd, 8639799.146, 128
Trd, 8639799.879, 95
Trd, 8639800.179, 120
Trd, 8639800.246, 86
Trd, 8639801.046, 112
Trd, 8639801.246, 94
Trd, 8639801.412, 112
Trd, 8639801.879, 110
Trd, 8639802.112, 110
Trd, 8639802.412, 109
Trd, 8639802.879, 74
Trd, 8639803.379, 72
Trd, 8639803.612, 73
Trd, 8639803.979, 73
Trd, 8639804.146, 60
Trd, 8639805.579, 60
Trd, 8639806.346, 60
Trd, 8639806.479, 60
Trd, 8639806.612, 60
Trd, 8639806.812, 61
Trd, 8639806.912, 61
Trd, 8639806.979, 66
Trd, 8639807.746, 62
Trd, 8639807.946, 61
Trd, 8639808.912, 60
Trd, 8639809.112, 61
Trd, 8639809.312, 62
Trd, 8639810.346, 60
Trd, 8639810.446, 61
Trd, 8639810.879, 60
Trd, 8639811.479, 60
Trd, 8639811.579, 60
Trd, 8639811.679, 61
Trd, 8639811.746, 61
Trd, 8639812.012, 63
Trd, 8639812.246, 63
Trd, 8639812.512, 63
Trd, 8639812.779, 64
Trd, 8639813.412, 68
Trd, 8639813.712, 62
Trd, 8639814.346, 63
Trd, 8639814.446, 61
Trd, 8639814.979, 60
Trd, 8639815.479, 60
Trd, 8639815.646, 60
Trd, 8639816.012, 60
Trd, 8639818.179, 60
Trd, 8639818.779, 60
Trd, 8639818.879, 61
Trd, 8639819.012, 61
Trd, 8639819.079, 61
Trd, 8639819.146, 62
Trd, 8639819.279, 60
Trd, 8639820.212, 60
Trd, 8639820.679, 60
Trd, 8639821.346, 60
Trd, 8639821.712, 60
Trd, 8639821.779, 60
Trd, 8639822.446, 60
Trd, 8639822.779, 60
Trd, 8639823.379, 60
Trd, 8639823.646, 60
Trd, 8639823.712, 62
Trd, 8639824.146, 60
Trd, 8639825.346, 60
Trd, 8639825.812, 60
Trd, 8639826.046, 60
Trd, 8639826.546, 60
Trd, 8639826.979, 60
Trd, 8639827.579, 61
Trd, 8639827.946, 60
Trd, 8639828.279, 60
Trd, 8639828.579, 60
Trd, 8639828.612, 60
Trd, 8639829.446, 60
Trd, 8639830.146, 60
Trd, 8639830.346, 60
Trd, 8639831.512, 60
Trd, 8639833.046, 60
Trd, 8639833.246, 60
Trd, 8639834.046, 60
Trd, 8639834.179, 60
Trd, 8639834.479, 60
Trd, 8639834.946, 60
Trd, 8639835.046, 60
Trd, 8639835.912, 60
Trd, 8639836.079, 60
Trd, 8639836.646, 60
Trd, 8639836.679, 60
Trd, 8639836.746, 60
Trd, 8639838.046, 60
Trd, 8639838.146, 61
Trd, 8639838.212, 64
Trd, 8639838.246, 67
Trd, 8639838.446, 60
Trd, 8639838.712, 60
Trd, 8639839.179, 60
Trd, 8639839.412, 60
Trd, 8639840.879, 61
Trd, 8639841.379, 60
Trd, 8639842.079, 60
Trd, 8639842.546, 60
Trd, 8639842.612, 61
Trd, 8639842.712, 60
Trd, 8639843.079, 66
Trd, 8639843.579, 65
Trd, 8639843.846, 65
Trd, 8639844.179, 61
Trd, 8639844.512, 60
Trd, 8639844.546, 60
Trd, 8639844.646, 62
Trd, 8639844.979, 63
Trd, 8639845.612, 92
Trd, 8639845.746, 72
Trd, 8639847.346, 64
Trd, 8639847.579, 64
Trd, 8639847.679, 65
Trd, 8639847.746, 64
Trd, 8639847.912, 61
Trd, 8639848.279, 66
Trd, 8639848.846, 63
Trd, 8639849.312, 62
Trd, 8639851.012, 60
Trd, 8639851.379, 60
Trd, 8639851.712, 60
Trd, 8639852.079, 60
Trd, 8639852.112, 60
Trd, 8639852.346, 60
Trd, 8639852.546, 60
Trd, 8639852.646, 67
Trd, 8639852.746, 65
Trd, 8639853.346, 61
Trd, 8639853.879, 60
Trd, 8639854.112, 60
Trd, 8639854.146, 62
Trd, 8639854.812, 60
Trd, 8639854.946, 62
Trd, 8639856.112, 63
Trd, 8639856.212, 64
Trd, 8639856.879, 60
Trd, 8639857.412, 60
Trd, 8639857.612, 60
Trd, 8639857.779, 61
Trd, 8639857.946, 63
Trd, 8639858.312, 63
Trd, 8639858.479, 64
Trd, 8639858.979, 61
Trd, 8639859.579, 62
Trd, 8639859.779, 65
Trd, 8639860.046, 65
Trd, 8639861.112, 62
Trd, 8639861.312, 63
Trd, 8639861.712, 62
Trd, 8639861.979, 63
Trd, 8639862.179, 64
Trd, 8639863.412, 60
Trd, 8639863.612, 63
Trd, 8639863.712, 61
Trd, 8639863.979, 60
Trd, 8639864.312, 65
Trd, 8639865.179, 71
Trd, 8639865.346, 90
Trd, 8639865.879, 137
Trd, 8639865.979, 114
Trd, 8639866.712, 140
Trd, 8639867.779, 140
Trd, 8639870.212, 140
Trd, 8639870.246, 140
Trd, 8639870.512, 140
Trd, 8639872.179, 140
Trd, 8639872.779, 140
Trd, 8639872.846, 140
Trd, 8639872.879, 140
Trd, 8639873.279, 140
Trd, 8639873.879, 140
Trd, 8639874.612, 140
Trd, 8639875.146, 140
Trd, 8639875.179, 139
Trd, 8639876.612, 140
Trd, 8639877.112, 140
Trd, 8639877.512, 140
Trd, 8639878.246, 140
Trd, 8639878.679, 140
Trd, 8639878.712, 134
Trd, 8639878.746, 123
Trd, 8639881.479, 140
Trd, 8639881.679, 140
Trd, 8639881.912, 140
Trd, 8639882.846, 140
Trd, 8639883.012, 140
Trd, 8639883.446, 138
Trd, 8639883.712, 102
Trd, 8639884.279, 94
Trd, 8639885.012, 139
Trd, 8639885.179, 75
Trd, 8639885.379, 133
Trd, 8639886.379, 101
Trd, 8639886.479, 118
Trd, 8639886.712, 119
Trd, 8639886.812, 117
Trd, 8639887.312, 114
Trd, 8639887.346, 115
Trd, 8639887.846, 77
Trd, 8639888.712, 140
Trd, 8639889.046, 140
Trd, 8639891.246, 140
Trd, 8639891.279, 140
Trd, 8639892.312, 140
Trd, 8639892.812, 139
Trd, 8639893.079, 140
Trd, 8639893.179, 137
Trd, 8639893.379, 137
Trd, 8639893.746, 137
Trd, 8639894.579, 136
Trd, 8639894.812, 135
Trd, 8639895.679, 140
Trd, 8639895.746, 140
Trd, 8639896.046, 140
Trd, 8639897.679, 140
Trd, 8639899.012, 140
Trd, 8639899.112, 140
Trd, 8639900.179, 140
Trd, 8639901.346, 140
Trd, 8639902.246, 140
Trd, 8639904.679, 140
Trd, 8639904.746, 140
Trd, 8639904.779, 101
Trd, 8639905.412, 140
Trd, 8639905.646, 140
Trd, 8639906.212, 140
Trd, 8639906.646, 117
Trd, 8639906.846, 108
Trd, 8639906.879, 132
Trd, 8639907.179, 81
Trd, 8639907.512, 129
Trd, 8639908.012, 128
Trd, 8639908.546, 80
Trd, 8639908.612, 80
Trd, 8639908.879, 117
Trd, 8639909.379, 130
Trd, 8639910.346, 140
Trd, 8639911.779, 140
Trd, 8639912.146, 140
Trd, 8639912.179, 140
Trd, 8639912.812, 140
Trd, 8639913.346, 140
Trd, 8639913.379, 140
Trd, 8639914.412, 139
Trd, 8639914.646, 117
Trd, 8639914.946, 138
Trd, 8639915.579, 101
Trd, 8639915.779, 99
Trd, 8639917.679, 140
Trd, 8639918.112, 140
Trd, 8639919.879, 140
Trd, 8639920.046, 140
Trd, 8639920.779, 140
Trd, 8639921.046, 140
Trd, 8639922.079, 140
Trd, 8639922.612, 140
Trd, 8639923.179, 140
Trd, 8639924.312, 140
Trd, 8639924.679, 140
Trd, 8639925.779, 140
Trd, 8639925.879, 140
Trd, 8639926.446, 139
Trd, 8639926.912, 138
Trd, 8639927.279, 138
Trd, 8639927.646, 117
Trd, 8639927.812, 138
Trd, 8639928.679, 121
Trd, 8639928.712, 112
Trd, 8639929.079, 119
Trd, 8639929.146, 121
Trd, 8639929.246, 111
Trd, 8639929.346, 110
Trd, 8639929.779, 106
Trd, 8639929.812, 120
Trd, 8639929.879, 120
Trd, 8639930.179, 90
Trd, 8639931.012, 120
Trd, 8639931.079, 113
Trd, 8639931.212, 112
Trd, 8639931.379, 121
Trd, 8639931.846, 62
Trd, 8639933.246, 81
Trd, 8639933.479, 82
Trd, 8639934.012, 81
Trd, 8639934.446, 73
Trd, 8639934.546, 82
Trd, 8639935.212, 75
Trd, 8639936.112, 73
Trd, 8639936.212, 70
Trd, 8639936.346, 69
Trd, 8639936.479, 63
Trd, 8639937.112, 74
Trd, 8639937.346, 75
Trd, 8639937.779, 73
Trd, 8639938.179, 71
Trd, 8639938.412, 71
Trd, 8639938.979, 60
Trd, 8639940.146, 60
Trd, 8639940.412, 60
Trd, 8639940.546, 60
Trd, 8639940.779, 63
Trd, 8639941.479, 61
Trd, 8639941.612, 61
Trd, 8639942.679, 61
Trd, 8639942.812, 61
Trd, 8639943.346, 60
Trd, 8639943.379, 60
Trd, 8639943.479, 61
Trd, 8639944.379, 61
Trd, 8639944.612, 60
Trd, 8639944.846, 60
Trd, 8639945.312, 60
Trd, 8639945.412, 60
Trd, 8639946.846, 60
Trd, 8639947.012, 60
Trd, 8639947.412, 60
Trd, 8639947.846, 60
Trd, 8639948.146, 60
Trd, 8639949.046, 62
Trd, 8639949.112, 62
Trd, 8639949.479, 60
Trd, 8639949.546, 63
Trd, 8639950.012, 60
Trd, 8639950.446, 62
Trd, 8639950.779, 139
Trd, 8639951.479, 140
Trd, 8639951.946, 138
Trd, 8639952.912, 99
Trd, 8639953.646, 100
Trd, 8639954.012, 135
Trd, 8639955.079, 140
Trd, 8639956.412, 140
Trd, 8639956.512, 140
Trd, 8639956.546, 140
Trd, 8639956.746, 137
Trd, 8639957.279, 138
Trd, 8639957.479, 127
Trd, 8639957.546, 120
Trd, 8639957.779, 104
Trd, 8639957.879, 129
Trd, 8639958.412, 63
Trd, 8639958.912, 60
Trd, 8639959.079, 60
Trd, 8639959.846, 60
Trd, 8639959.979, 60
Trd, 8639960.012, 62
Trd, 8639960.279, 63
Trd, 8639960.446, 61
Trd, 8639961.379, 60
Trd, 8639961.946, 62
Trd, 8639962.612, 61
Trd, 8639963.346, 60
Trd, 8639963.446, 60
Trd, 8639964.179, 61
Trd, 8639964.546, 60
Trd, 8639964.579, 62
Trd, 8639964.846, 62
Trd, 8639965.779, 63
Trd, 8639966.046, 63
Trd, 8639966.512, 63
Trd, 8639966.612, 64
Trd, 8639966.946, 61
Trd, 8639967.546, 60
Trd, 8639967.579, 60
Trd, 8639969.012, 71
Trd, 8639969.279, 68
Trd, 8639969.512, 65
Trd, 8639970.579, 66
Trd, 8639970.612, 67
Trd, 8639971.046, 60
Trd, 8639971.479, 61
Trd, 8639972.146, 87
Trd, 8639972.379, 64
Trd, 8639972.712, 62
Trd, 8639973.679, 136
Trd, 8639974.612, 136
Trd, 8639975.012, 138
Trd, 8639975.179, 140
Trd, 8639976.479, 140
Trd, 8639977.046, 140
Trd, 8639978.179, 140
Trd, 8639978.546, 140
Trd, 8639978.579, 140
Trd, 8639978.712, 140
Trd, 8639979.346, 140
Trd, 8639980.446, 140
Trd, 8639980.979, 140
Trd, 8639982.746, 140
Trd, 8639983.712, 140
Trd, 8639984.646, 140
Trd, 8639985.012, 140
Trd, 8639985.046, 140
Trd, 8639985.112, 123
Trd, 8639986.279, 140
Trd, 8639986.746, 140
Trd, 8639988.012, 140
Trd, 8639988.046, 139
Trd, 8639988.179, 139
Trd, 8639989.379, 140
Trd, 8639989.679, 140
Trd, 8639990.246, 140
Trd, 8639990.479, 135
Trd, 8639990.579, 134
Trd, 8639990.912, 118
Trd, 8639992.579, 131
Trd, 8639992.979, 129
Trd, 8639993.112, 130
Trd, 8639993.579, 130
Trd, 8639993.946, 128
Trd, 8639994.179, 130
Trd, 8639994.246, 119
Trd, 8639994.479, 117
Trd, 8639994.546, 132
Trd, 8639995.479, 140
Trd, 8639996.512, 138
Trd, 8639997.046, 60
Trd, 8639997.112, 60
Trd, 8639997.346, 61
Trd, 8639998.346, 140
Trd, 8639999.012, 140
Trd, 8639999.379, 140
Trd, 8639999.712, 140
