Trd, 8638783.612, 67
Trd, 8638784.146, 66
Trd, 8638784.312, 66
Trd, 8638784.512, 69
Trd, 8638784.612, 65
Trd, 8638784.646, 81
Trd, 8638785.512, 66
Trd, 8638786.379, 61
Trd, 8638788.712, 60
Trd, 8638789.646, 60
Trd, 8638790.212, 60
Trd, 8638790.479, 61
Trd, 8638790.812, 63
Trd, 8638791.246, 63
Trd, 8638791.379, 97
Trd, 8638792.112, 104
Trd, 8638792.412, 80
Trd, 8638792.612, 80
Trd, 8638793.112, 96
Trd, 8638793.146, 102
Trd, 8638793.179, 95
Trd, 8638793.312, 87
Trd, 8638793.346, 72
Trd, 8638794.812, 61
Trd, 8638794.879, 67
Trd, 8638795.946, 60
Trd, 8638796.312, 61
Trd, 8638796.346, 61
Trd, 8638797.112, 60
Trd, 8638799.112, 60
Trd, 8638799.512, 60
Trd, 8638799.979, 60
Trd, 8638800.112, 61
Trd, 8638800.479, 63
Trd, 8638800.912, 64
Trd, 8638800.979, 65
Trd, 8638801.012, 66
Trd, 8638801.112, 67
Trd, 8638801.946, 86
Trd, 8638802.212, 76
Trd, 8638802.379, 75
Trd, 8638802.446, 73
Trd, 8638802.646, 62
Trd, 8638802.846, 73
Trd, 8638803.379, 108
Trd, 8638804.146, 60
Trd, 8638804.412, 61
Trd, 8638805.146, 61
Trd, 8638806.079, 61
Trd, 8638806.779, 62
Trd, 8638807.579, 87
Trd, 8638807.679, 81
Trd, 8638807.946, 140
Trd, 8638808.179, 82
Trd, 8638808.679, 103
Trd, 8638809.146, 121
Trd, 8638809.179, 83
Trd, 8638809.512, 71
Trd, 8638810.479, 104
Trd, 8638810.846, 104
Trd, 8638811.212, 104
Trd, 8638811.646, 123
Trd, 8638812.146, 117
Trd, 8638812.279, 99
Trd, 8638812.479, 62
Trd, 8638813.246, 60
Trd, 8638813.879, 62
Trd, 8638814.212, 62
Trd, 8638815.879, 125
Trd, 8638816.146, 126
Trd, 8638816.379, 127
Trd, 8638816.712, 127
Trd, 8638816.879, 130
Trd, 8638816.979, 104
Trd, 8638817.012, 104
Trd, 8638817.612, 140
Trd, 8638818.279, 61
Trd, 8638819.546, 60
Trd, 8638820.479, 62
Trd, 8638820.712, 63
Trd, 8638820.979, 65
Trd, 8638821.179, 61
Trd, 8638821.746, 61
Trd, 8638821.912, 64
Trd, 8638822.546, 61
Trd, 8638822.879, 63
Trd, 8638823.279, 63
Trd, 8638823.979, 62
Trd, 8638824.046, 63
Trd, 8638824.312, 64
Trd, 8638824.512, 63
Trd, 8638824.579, 61
Trd, 8638825.279, 64
Trd, 8638825.312, 64
Trd, 8638825.412, 65
Trd, 8638826.946, 140
Trd, 8638827.679, 140
Trd, 8638827.879, 116
Trd, 8638827.946, 65
Trd, 8638830.112, 97
Trd, 8638830.479, 98
Trd, 8638830.646, 107
Trd, 8638830.946, 101
Trd, 8638831.012, 100
Trd, 8638831.346, 123
Trd, 8638831.446, 109
Trd, 8638831.512, 89
Trd, 8638832.646, 140
Trd, 8638832.979, 64
Trd, 8638833.279, 70
Trd, 8638833.712, 71
Trd, 8638833.979, 63
Trd, 8638834.879, 68
Trd, 8638835.612, 67
Trd, 8638835.946, 71
Trd, 8638836.446, 78
Trd, 8638836.712, 68
Trd, 8638836.946, 70
Trd, 8638836.979, 62
Trd, 8638838.212, 60
Trd, 8638838.746, 60
Trd, 8638839.846, 62
Trd, 8638840.046, 68
Trd, 8638840.079, 62
Trd, 8638840.579, 62
Trd, 8638840.912, 93
Trd, 8638841.379, 66
Trd, 8638842.146, 61
Trd, 8638842.279, 60
Trd, 8638842.946, 75
Trd, 8638843.212, 78
Trd, 8638843.479, 74
Trd, 8638843.512, 77
Trd, 8638844.279, 95
Trd, 8638845.012, 95
Trd, 8638845.312, 119
Trd, 8638846.112, 133
Trd, 8638846.612, 134
Trd, 8638846.746, 137
Trd, 8638846.812, 132
Trd, 8638848.479, 136
Trd, 8638848.579, 124
Trd, 8638849.346, 126
Trd, 8638849.379, 125
Trd, 8638849.679, 124
Trd, 8638849.779, 111
Trd, 8638850.079, 103
Trd, 8638850.246, 138
Trd, 8638850.679, 140
Trd, 8638851.379, 129
Trd, 8638852.046, 140
Trd, 8638852.279, 138
Trd, 8638852.312, 127
Trd, 8638852.612, 109
Trd, 8638853.012, 95
Trd, 8638853.546, 67
Trd, 8638854.512, 123
Trd, 8638854.879, 123
Trd, 8638855.279, 122
Trd, 8638855.746, 130
Trd, 8638856.212, 129
Trd, 8638856.312, 127
Trd, 8638857.079, 114
Trd, 8638857.379, 113
Trd, 8638857.712, 102
Trd, 8638859.112, 140
Trd, 8638859.179, 139
Trd, 8638859.312, 109
Trd, 8638860.146, 85
Trd, 8638860.812, 140
Trd, 8638861.012, 139
Trd, 8638861.312, 128
Trd, 8638861.712, 87
Trd, 8638861.946, 86
Trd, 8638862.246, 79
Trd, 8638862.346, 77
Trd, 8638862.779, 138
Trd, 8638863.512, 137
Trd, 8638864.212, 136
Trd, 8638865.146, 116
Trd, 8638865.546, 140
Trd, 8638866.279, 138
Trd, 8638866.346, 137
Trd, 8638866.379, 136
Trd, 8638866.712, 113
Trd, 8638867.512, 102
Trd, 8638867.879, 100
Trd, 8638868.279, 71
Trd, 8638870.446, 140
Trd, 8638870.712, 140
Trd, 8638870.879, 140
Trd, 8638870.946, 140
Trd, 8638871.046, 140
Trd, 8638871.846, 119
Trd, 8638872.746, 140
Trd, 8638872.846, 140
Trd, 8638873.212, 140
Trd, 8638873.646, 139
Trd, 8638873.779, 130
Trd, 8638873.946, 111
Trd, 8638875.312, 114
Trd, 8638875.346, 135
Trd, 8638875.412, 113
Trd, 8638876.012, 124
Trd, 8638877.012, 108
Trd, 8638877.512, 104
Trd, 8638877.779, 103
Trd, 8638878.079, 90
Trd, 8638878.446, 89
Trd, 8638878.546, 83
Trd, 8638879.246, 118
Trd, 8638879.446, 62
Trd, 8638879.746, 120
Trd, 8638880.079, 84
Trd, 8638880.512, 62
Trd, 8638881.746, 60
Trd, 8638884.212, 60
Trd, 8638884.479, 60
Trd, 8638884.512, 60
Trd, 8638884.612, 60
Trd, 8638884.646, 60
Trd, 8638884.912, 61
Trd, 8638885.079, 61
Trd, 8638885.312, 66
Trd, 8638885.379, 69
Trd, 8638886.679, 84
Trd, 8638886.812, 85
Trd, 8638886.846, 83
Trd, 8638887.279, 71
Trd, 8638887.379, 69
Trd, 8638888.179, 87
Trd, 8638888.679, 61
Trd, 8638888.846, 61
Trd, 8638888.946, 62
Trd, 8638890.279, 62
Trd, 8638891.079, 62
Trd, 8638891.146, 63
Trd, 8638891.479, 65
Trd, 8638891.612, 62
Trd, 8638891.712, 61
Trd, 8638891.912, 61
Trd, 8638893.012, 60
Trd, 8638893.212, 60
Trd, 8638893.679, 60
Trd, 8638893.912, 68
Trd, 8638894.746, 67
Trd, 8638894.912, 68
Trd, 8638895.212, 61
Trd, 8638895.579, 65
Trd, 8638895.612, 73
Trd, 8638895.679, 80
Trd, 8638895.946, 63
Trd, 8638896.546, 139
Trd, 8638897.146, 108
Trd, 8638898.379, 109
Trd, 8638898.646, 106
Trd, 8638898.979, 106
Trd, 8638899.179, 107
Trd, 8638899.246, 105
Trd, 8638899.679, 99
Trd, 8638900.746, 140
Trd, 8638900.946, 140
Trd, 8638901.846, 119
Trd, 8638902.846, 140
Trd, 8638903.046, 140
Trd, 8638903.946, 140
Trd, 8638904.079, 139
Trd, 8638904.379, 138
Trd, 8638904.412, 137
Trd, 8638905.079, 135
Trd, 8638905.312, 126
Trd, 8638905.846, 126
Trd, 8638907.412, 114
Trd, 8638907.546, 113
Trd, 8638907.946, 112
Trd, 8638908.179, 114
Trd, 8638908.379, 115
Trd, 8638908.712, 109
Trd, 8638908.746, 108
Trd, 8638909.079, 98
Trd, 8638909.246, 91
Trd, 8638909.712, 84
Trd, 8638909.879, 80
Trd, 8638910.046, 60
Trd, 8638910.746, 67
Trd, 8638911.079, 114
Trd, 8638911.646, 138
Trd, 8638912.179, 139
Trd, 8638912.212, 138
Trd, 8638913.846, 140
Trd, 8638914.479, 140
Trd, 8638915.012, 140
Trd, 8638915.279, 140
Trd, 8638915.746, 119
Trd, 8638915.879, 118
Trd, 8638917.012, 125
Trd, 8638917.612, 122
Trd, 8638917.712, 121
Trd, 8638917.746, 115
Trd, 8638917.912, 128
Trd, 8638917.979, 103
Trd, 8638918.079, 100
Trd, 8638918.979, 60
Trd, 8638919.146, 60
Trd, 8638919.646, 71
Trd, 8638920.112, 64
Trd, 8638921.212, 94
Trd, 8638921.479, 98
Trd, 8638922.412, 103
Trd, 8638923.112, 139
Trd, 8638923.946, 106
Trd, 8638923.979, 104
Trd, 8638924.479, 105
Trd, 8638924.579, 103
Trd, 8638924.946, 90
Trd, 8638925.346, 83
Trd, 8638925.579, 123
Trd, 8638925.646, 97
Trd, 8638926.146, 75
Trd, 8638926.446, 84
Trd, 8638927.212, 120
Trd, 8638927.312, 99
Trd, 8638927.479, 88
Trd, 8638927.746, 87
Trd, 8638928.146, 79
Trd, 8638928.446, 85
Trd, 8638928.946, 122
Trd, 8638929.746, 115
Trd, 8638930.012, 114
Trd, 8638930.679, 112
Trd, 8638930.746, 111
Trd, 8638930.946, 109
Trd, 8638931.579, 111
Trd, 8638931.746, 139
Trd, 8638931.979, 110
Trd, 8638932.212, 108
Trd, 8638932.412, 105
Trd, 8638932.746, 104
Trd, 8638933.779, 112
Trd, 8638933.946, 112
Trd, 8638934.346, 113
Trd, 8638935.079, 114
Trd, 8638935.446, 114
Trd, 8638935.512, 113
Trd, 8638935.812, 97
Trd, 8638935.879, 132
Trd, 8638936.112, 64
Trd, 8638936.612, 87
Trd, 8638937.446, 65
Trd, 8638937.479, 78
Trd, 8638938.379, 120
Trd, 8638938.612, 60
Trd, 8638939.579, 60
Trd, 8638939.612, 71
Trd, 8638939.846, 62
Trd, 8638941.479, 62
Trd, 8638941.679, 62
Trd, 8638941.879, 62
Trd, 8638942.712, 133
Trd, 8638942.812, 94
Trd, 8638943.179, 93
Trd, 8638943.679, 138
Trd, 8638944.346, 104
Trd, 8638944.812, 104
Trd, 8638945.079, 133
Trd, 8638945.246, 104
Trd, 8638945.446, 105
Trd, 8638945.579, 130
Trd, 8638946.212, 106
Trd, 8638947.346, 140
Trd, 8638949.079, 140
Trd, 8638949.212, 140
Trd, 8638949.279, 140
Trd, 8638949.512, 140
Trd, 8638949.946, 140
Trd, 8638950.246, 140
Trd, 8638950.446, 140
Trd, 8638951.346, 126
Trd, 8638951.546, 105
Trd, 8638951.946, 113
Trd, 8638952.112, 101
Trd, 8638952.879, 125
Trd, 8638953.179, 119
Trd, 8638953.646, 124
Trd, 8638953.746, 127
Trd, 8638953.879, 119
Trd, 8638954.279, 103
Trd, 8638954.812, 140
Trd, 8638955.312, 102
Trd, 8638955.479, 101
Trd, 8638956.112, 118
Trd, 8638956.146, 94
Trd, 8638956.246, 92
Trd, 8638956.879, 89
Trd, 8638957.646, 90
Trd, 8638958.679, 96
Trd, 8638959.112, 97
Trd, 8638959.712, 127
Trd, 8638959.879, 100
Trd, 8638960.279, 126
Trd, 8638960.679, 100
Trd, 8638961.246, 94
Trd, 8638961.346, 94
Trd, 8638961.746, 85
Trd, 8638962.179, 114
Trd, 8638962.546, 100
Trd, 8638963.479, 120
Trd, 8638963.679, 105
Trd, 8638964.046, 103
Trd, 8638965.179, 60
Trd, 8638965.646, 67
Trd, 8638965.679, 70
Trd, 8638965.712, 65
Trd, 8638966.312, 63
Trd, 8638966.412, 64
Trd, 8638967.079, 66
Trd, 8638967.146, 63
Trd, 8638967.346, 66
Trd, 8638967.646, 66
Trd, 8638967.679, 92
Trd, 8638967.846, 93
Trd, 8638968.612, 66
Trd, 8638969.112, 119
Trd, 8638969.979, 101
Trd, 8638970.312, 103
Trd, 8638970.446, 104
Trd, 8638971.079, 98
Trd, 8638971.612, 87
Trd, 8638971.879, 85
Trd, 8638971.946, 84
Trd, 8638972.212, 75
Trd, 8638972.712, 72
Trd, 8638973.546, 127
Trd, 8638974.079, 127
Trd, 8638974.112, 126
Trd, 8638974.379, 129
Trd, 8638975.012, 128
Trd, 8638975.179, 94
Trd, 8638975.312, 127
Trd, 8638976.446, 61
Trd, 8638976.612, 60
Trd, 8638976.812, 60
Trd, 8638976.979, 61
Trd, 8638977.346, 62
Trd, 8638977.712, 68
Trd, 8638978.546, 61
Trd, 8638979.112, 63
Trd, 8638979.146, 63
Trd, 8638979.279, 66
Trd, 8638979.546, 71
Trd, 8638979.812, 69
Trd, 8638980.846, 69
Trd, 8638981.046, 66
Trd, 8638981.312, 75
Trd, 8638981.679, 98
Trd, 8638982.679, 71
Trd, 8638983.312, 140
Trd, 8638983.412, 112
Trd, 8638983.446, 111
Trd, 8638983.712, 72
Trd, 8638984.112, 72
Trd, 8638984.712, 139
Trd, 8638984.979, 71
Trd, 8638985.346, 80
Trd, 8638985.946, 86
Trd, 8638986.212, 88
Trd, 8638986.879, 82
Trd, 8638987.079, 81
Trd, 8638987.579, 75
Trd, 8638987.912, 91
Trd, 8638987.979, 94
Trd, 8638988.512, 62
Trd, 8638988.912, 60
Trd, 8638990.079, 63
Trd, 8638990.246, 60
Trd, 8638990.412, 63
Trd, 8638990.912, 64
Trd, 8638991.646, 65
Trd, 8638991.846, 65
Trd, 8638992.046, 75
Trd, 8638992.112, 77
Trd, 8638992.246, 66
Trd, 8638992.512, 65
Trd, 8638993.312, 61
Trd, 8638993.412, 102
Trd, 8638994.046, 60
Trd, 8638994.179, 61
Trd, 8638996.379, 131
Trd, 8638996.612, 132
Trd, 8638996.779, 131
Trd, 8638996.812, 129
Trd, 8638996.912, 111
Trd, 8638998.012, 108
Trd, 8638998.479, 108
Trd, 8638998.712, 98
Trd, 8638998.779, 94
Trd, 8638999.179, 121
Trd, 8638999.846, 120
Trd, 8639000.046, 69
Trd, 8639000.279, 66
Trd, 8639000.846, 61
Trd, 8639000.979, 61
Trd, 8639001.212, 61
Trd, 8639001.846, 60
Trd, 8639001.946, 62
Trd, 8639002.179, 109
Trd, 8639002.646, 114
Trd, 8639003.912, 80
Trd, 8639003.979, 79
Trd, 8639004.479, 86
Trd, 8639004.579, 78
Trd, 8639004.979, 76
Trd, 8639005.046, 75
Trd, 8639005.212, 79
Trd, 8639005.712, 72
Trd, 8639006.646, 85
Trd, 8639007.146, 114
Trd, 8639007.446, 77
Trd, 8639008.012, 74
Trd, 8639008.179, 65
Trd, 8639008.379, 64
Trd, 8639009.412, 74
Trd, 8639009.879, 85
Trd, 8639010.146, 85
Trd, 8639010.446, 70
Trd, 8639010.512, 67
Trd, 8639010.746, 86
Trd, 8639010.912, 66
Trd, 8639011.046, 81
Trd, 8639013.279, 60
Trd, 8639013.879, 60
Trd, 8639014.412, 61
Trd, 8639014.779, 61
Trd, 8639014.812, 61
Trd, 8639014.846, 61
Trd, 8639015.046, 63
Trd, 8639016.146, 62
Trd, 8639017.679, 60
Trd, 8639017.879, 60
Trd, 8639018.512, 60
Trd, 8639018.646, 61
Trd, 8639018.979, 65
Trd, 8639019.412, 64
Trd, 8639019.712, 62
Trd, 8639019.812, 65
Trd, 8639020.046, 66
Trd, 8639020.312, 64
Trd, 8639020.446, 63
Trd, 8639021.979, 62
Trd, 8639022.912, 60
Trd, 8639023.246, 64
Trd, 8639024.179, 63
Trd, 8639024.646, 66
Trd, 8639024.746, 67
Trd, 8639024.912, 69
Trd, 8639025.112, 91
Trd, 8639025.879, 81
Trd, 8639026.079, 80
Trd, 8639026.479, 78
Trd, 8639026.512, 69
Trd, 8639027.346, 72
Trd, 8639028.012, 70
Trd, 8639028.346, 88
Trd, 8639028.646, 68
Trd, 8639029.012, 68
Trd, 8639029.512, 87
Trd, 8639029.979, 88
Trd, 8639030.312, 68
Trd, 8639030.512, 89
Trd, 8639030.846, 126
Trd, 8639031.512, 70
Trd, 8639031.679, 69
Trd, 8639031.779, 74
Trd, 8639031.812, 68
Trd, 8639033.046, 140
Trd, 8639033.179, 136
Trd, 8639033.279, 131
Trd, 8639034.312, 139
Trd, 8639034.679, 131
Trd, 8639035.412, 110
Trd, 8639035.712, 139
Trd, 8639036.412, 132
Trd, 8639037.112, 125
Trd, 8639037.246, 110
Trd, 8639037.746, 108
Trd, 8639038.046, 105
Trd, 8639038.912, 105
Trd, 8639039.146, 99
Trd, 8639039.579, 140
Trd, 8639039.746, 140
Trd, 8639040.079, 115
Trd, 8639040.146, 114
Trd, 8639040.612, 140
Trd, 8639040.679, 101
Trd, 8639041.279, 105
Trd, 8639041.712, 126
Trd, 8639041.912, 97
Trd, 8639042.646, 101
Trd, 8639043.446, 92
Trd, 8639044.112, 140
Trd, 8639044.146, 140
Trd, 8639044.846, 140
Trd, 8639045.712, 97
Trd, 8639046.546, 127
Trd, 8639046.812, 103
Trd, 8639047.246, 104
Trd, 8639047.346, 103
Trd, 8639047.379, 98
Trd, 8639048.212, 97
Trd, 8639048.346, 132
Trd, 8639048.646, 96
Trd, 8639049.079, 82
Trd, 8639050.879, 108
Trd, 8639051.279, 123
Trd, 8639051.612, 110
Trd, 8639052.046, 109
Trd, 8639052.312, 124
Trd, 8639052.579, 108
Trd, 8639052.612, 125
Trd, 8639053.046, 91
Trd, 8639053.579, 72
Trd, 8639053.812, 74
Trd, 8639053.879, 63
Trd, 8639054.546, 63
Trd, 8639054.779, 74
Trd, 8639055.512, 64
Trd, 8639055.712, 67
Trd, 8639056.279, 71
Trd, 8639056.412, 104
Trd, 8639056.812, 64
Trd, 8639058.012, 65
Trd, 8639058.779, 60
Trd, 8639059.612, 60
Trd, 8639059.946, 62
Trd, 8639061.379, 60
Trd, 8639061.479, 60
Trd, 8639061.812, 60
Trd, 8639062.379, 60
Trd, 8639062.746, 60
Trd, 8639062.979, 67
Trd, 8639063.479, 63
Trd, 8639063.546, 65
Trd, 8639063.879, 69
Trd, 8639064.379, 71
Trd, 8639065.112, 103
Trd, 8639065.212, 110
Trd, 8639065.379, 78
Trd, 8639065.846, 78
Trd, 8639065.879, 77
Trd, 8639066.179, 108
Trd, 8639066.379, 72
Trd, 8639066.912, 62
Trd, 8639067.046, 64
Trd, 8639068.146, 77
Trd, 8639068.246, 71
Trd, 8639069.279, 94
Trd, 8639069.479, 94
Trd, 8639069.679, 94
Trd, 8639069.946, 94
Trd, 8639070.346, 117
Trd, 8639071.179, 85
Trd, 8639071.612, 97
Trd, 8639072.312, 108
Trd, 8639072.412, 97
Trd, 8639073.279, 101
Trd, 8639073.812, 103
Trd, 8639073.979, 102
Trd, 8639074.079, 101
Trd, 8639075.212, 100
Trd, 8639075.246, 101
Trd, 8639075.512, 86
Trd, 8639076.079, 86
Trd, 8639076.112, 85
Trd, 8639076.512, 84
Trd, 8639076.612, 79
Trd, 8639076.746, 67
Trd, 8639076.846, 62
Trd, 8639078.179, 61
Trd, 8639078.412, 62
Trd, 8639079.079, 77
Trd, 8639079.946, 106
Trd, 8639080.512, 100
Trd, 8639080.579, 99
Trd, 8639080.879, 98
Trd, 8639081.412, 107
Trd, 8639081.479, 111
Trd, 8639081.679, 98
Trd, 8639081.712, 94
Trd, 8639082.479, 61
Trd, 8639082.612, 74
Trd, 8639084.346, 137
Trd, 8639084.812, 140
Trd, 8639086.112, 128
Trd, 8639086.446, 110
Trd, 8639086.746, 108
Trd, 8639086.912, 107
Trd, 8639087.012, 88
Trd, 8639087.079, 73
Trd, 8639087.946, 60
Trd, 8639088.379, 61
Trd, 8639088.479, 61
Trd, 8639088.746, 62
Trd, 8639089.079, 61
Trd, 8639089.612, 63
Trd, 8639089.846, 61
Trd, 8639090.246, 64
Trd, 8639091.646, 100
Trd, 8639091.846, 98
Trd, 8639092.012, 98
Trd, 8639092.379, 123
Trd, 8639092.546, 89
Trd, 8639092.646, 88
Trd, 8639092.779, 85
Trd, 8639093.179, 69
Trd, 8639094.279, 60
Trd, 8639094.746, 77
Trd, 8639095.246, 71
Trd, 8639096.079, 85
Trd, 8639096.246, 85
Trd, 8639096.346, 95
Trd, 8639096.479, 74
Trd, 8639097.212, 77
Trd, 8639097.479, 77
Trd, 8639097.946, 89
Trd, 8639097.979, 90
Trd, 8639098.446, 138
Trd, 8639098.612, 79
Trd, 8639099.379, 82
Trd, 8639099.512, 87
Trd, 8639100.779, 78
Trd, 8639101.212, 80
Trd, 8639101.346, 72
Trd, 8639103.146, 98
Trd, 8639103.346, 98
Trd, 8639103.379, 97
Trd, 8639103.446, 95
Trd, 8639103.746, 92
Trd, 8639104.279, 124
Trd, 8639104.712, 71
Trd, 8639105.546, 140
Trd, 8639106.312, 140
Trd, 8639106.746, 140
Trd, 8639107.146, 140
Trd, 8639107.212, 140
Trd, 8639107.746, 140
Trd, 8639107.846, 140
Trd, 8639108.346, 115
Trd, 8639108.812, 90
Trd, 8639109.812, 134
Trd, 8639110.312, 133
Trd, 8639111.246, 133
Trd, 8639111.279, 135
Trd, 8639111.812, 133
Trd, 8639111.979, 132
Trd, 8639112.179, 123
Trd, 8639112.512, 117
Trd, 8639112.946, 140
Trd, 8639112.979, 116
Trd, 8639113.946, 123
Trd, 8639114.046, 113
Trd, 8639115.279, 139
Trd, 8639115.479, 129
Trd, 8639115.512, 128
Trd, 8639116.812, 140
Trd, 8639116.979, 140
Trd, 8639117.179, 140
Trd, 8639117.246, 140
Trd, 8639117.379, 120
Trd, 8639117.879, 116
Trd, 8639118.912, 107
Trd, 8639119.046, 126
Trd, 8639119.346, 95
Trd, 8639119.512, 78
Trd, 8639120.246, 89
Trd, 8639120.312, 72
Trd, 8639120.879, 126
Trd, 8639121.579, 107
Trd, 8639123.246, 60
Trd, 8639123.546, 60
Trd, 8639123.746, 62
Trd, 8639124.646, 135
Trd, 8639124.812, 65
Trd, 8639125.446, 64
Trd, 8639125.512, 67
Trd, 8639125.646, 63
Trd, 8639125.712, 67
Trd, 8639125.779, 69
Trd, 8639125.846, 69
Trd, 8639126.446, 66
Trd, 8639126.846, 68
Trd, 8639127.212, 67
Trd, 8639127.712, 106
Trd, 8639128.112, 64
Trd, 8639129.046, 78
Trd, 8639131.446, 69
Trd, 8639131.712, 70
Trd, 8639131.912, 64
Trd, 8639132.146, 104
Trd, 8639132.679, 140
Trd, 8639132.979, 140
Trd, 8639133.146, 140
Trd, 8639133.212, 139
Trd, 8639133.312, 118
Trd, 8639133.346, 117
Trd, 8639133.879, 67
Trd, 8639134.546, 67
Trd, 8639134.579, 68
Trd, 8639134.712, 66
Trd, 8639135.279, 60
Trd, 8639135.412, 60
Trd, 8639136.846, 60
Trd, 8639136.946, 61
Trd, 8639137.312, 61
Trd, 8639137.412, 61
Trd, 8639137.579, 63
Trd, 8639138.312, 63
Trd, 8639138.346, 87
Trd, 8639139.112, 66
Trd, 8639139.279, 61
Trd, 8639139.746, 88
Trd, 8639140.312, 87
Trd, 8639140.446, 84
Trd, 8639140.512, 75
Trd, 8639140.546, 74
Trd, 8639141.212, 140
Trd, 8639141.979, 140
Trd, 8639142.279, 117
Trd, 8639142.812, 109
Trd, 8639143.146, 101
Trd, 8639145.212, 66
Trd, 8639145.246, 68
Trd, 8639145.546, 70
Trd, 8639146.046, 65
Trd, 8639146.412, 70
Trd, 8639146.846, 60
Trd, 8639147.379, 61
Trd, 8639147.412, 71
Trd, 8639148.379, 65
Trd, 8639148.712, 62
Trd, 8639148.812, 61
Trd, 8639149.179, 65
Trd, 8639149.679, 69
Trd, 8639150.446, 70
Trd, 8639151.179, 109
Trd, 8639152.312, 102
Trd, 8639152.346, 75
Trd, 8639152.512, 73
Trd, 8639152.712, 72
Trd, 8639152.879, 81
Trd, 8639153.246, 70
Trd, 8639153.312, 88
Trd, 8639154.046, 99
Trd, 8639155.112, 88
Trd, 8639155.146, 84
Trd, 8639155.279, 66
Trd, 8639155.712, 66
Trd, 8639156.612, 61
Trd, 8639157.146, 76
Trd, 8639157.546, 71
Trd, 8639157.612, 62
Trd, 8639157.746, 60
Trd, 8639158.479, 68
Trd, 8639160.379, 60
Trd, 8639160.579, 60
Trd, 8639160.812, 62
Trd, 8639161.179, 61
Trd, 8639161.379, 60
Trd, 8639161.546, 61
Trd, 8639161.712, 65
Trd, 8639161.812, 60
Trd, 8639162.012, 61
Trd, 8639162.746, 62
Trd, 8639163.112, 63
Trd, 8639164.412, 65
Trd, 8639164.446, 66
Trd, 8639165.579, 73
Trd, 8639165.879, 71
Trd, 8639166.612, 105
Trd, 8639166.679, 103
Trd, 8639167.479, 128
Trd, 8639167.579, 106
Trd, 8639167.646, 104
Trd, 8639167.846, 109
Trd, 8639168.212, 103
Trd, 8639168.279, 89
Trd, 8639168.312, 84
Trd, 8639168.446, 78
Trd, 8639169.612, 77
Trd, 8639170.212, 63
Trd, 8639170.512, 61
Trd, 8639172.246, 115
Trd, 8639172.312, 114
Trd, 8639172.546, 113
Trd, 8639172.712, 111
Trd, 8639172.779, 108
Trd, 8639173.046, 120
Trd, 8639173.746, 118
Trd, 8639174.146, 100
Trd, 8639174.446, 117
Trd, 8639174.546, 98
Trd, 8639175.612, 100
Trd, 8639175.912, 108
Trd, 8639176.212, 106
Trd, 8639176.479, 104
Trd, 8639177.912, 64
Trd, 8639177.946, 65
Trd, 8639178.512, 61
Trd, 8639179.312, 61
Trd, 8639179.546, 62
Trd, 8639179.779, 83
Trd, 8639179.979, 99
Trd, 8639180.346, 118
Trd, 8639180.712, 117
Trd, 8639180.779, 97
Trd, 8639181.079, 87
Trd, 8639181.412, 88
Trd, 8639181.479, 86
Trd, 8639181.646, 73
Trd, 8639182.746, 109
Trd, 8639183.046, 111
Trd, 8639183.146, 107
Trd, 8639183.579, 113
Trd, 8639183.712, 115
Trd, 8639183.812, 85
Trd, 8639185.179, 60
Trd, 8639185.279, 60
Trd, 8639185.712, 61
Trd, 8639187.112, 60
Trd, 8639187.746, 60
Trd, 8639188.079, 62
Trd, 8639188.279, 61
Trd, 8639188.612, 61
Trd, 8639189.246, 64
Trd, 8639189.579, 69
Trd, 8639189.979, 63
Trd, 8639190.146, 64
Trd, 8639190.479, 67
Trd, 8639190.779, 61
Trd, 8639190.946, 71
Trd, 8639192.546, 68
Trd, 8639192.812, 65
Trd, 8639193.346, 60
Trd, 8639193.812, 60
Trd, 8639193.946, 60
Trd, 8639194.012, 66
Trd, 8639194.412, 63
Trd, 8639194.546, 61
Trd, 8639194.712, 60
Trd, 8639195.646, 100
Trd, 8639195.846, 91
Trd, 8639196.446, 75
Trd, 8639197.479, 66
Trd, 8639197.546, 78
Trd, 8639197.812, 71
Trd, 8639198.812, 92
Trd, 8639198.979, 73
Trd, 8639199.246, 81
Trd, 8639199.979, 70
Trd, 8639200.546, 69
Trd, 8639200.879, 68
Trd, 8639201.179, 62
Trd, 8639201.712, 82
Trd, 8639201.879, 85
Trd, 8639202.479, 73
Trd, 8639203.179, 140
Trd, 8639203.312, 140
Trd, 8639204.779, 140
Trd, 8639204.812, 140
Trd, 8639204.912, 140
Trd, 8639205.346, 117
Trd, 8639205.879, 113
Trd, 8639205.912, 119
Trd, 8639206.279, 99
Trd, 8639206.946, 130
Trd, 8639207.246, 135
Trd, 8639207.612, 137
Trd, 8639207.646, 136
Trd, 8639208.179, 132
Trd, 8639208.679, 115
Trd, 8639209.479, 101
Trd, 8639209.679, 122
Trd, 8639210.046, 140
Trd, 8639210.612, 140
Trd, 8639210.846, 140
Trd, 8639211.312, 138
Trd, 8639211.712, 97
Trd, 8639212.779, 81
Trd, 8639213.112, 81
Trd, 8639213.312, 80
Trd, 8639213.412, 78
Trd, 8639213.679, 82
Trd, 8639213.712, 74
Trd, 8639213.746, 83
Trd, 8639214.412, 74
Trd, 8639215.946, 61
Trd, 8639216.312, 60
Trd, 8639217.279, 60
Trd, 8639217.379, 64
Trd, 8639217.812, 60
Trd, 8639219.179, 81
Trd, 8639219.512, 61
Trd, 8639219.679, 61
Trd, 8639219.946, 61
Trd, 8639220.212, 63
Trd, 8639220.812, 67
Trd, 8639221.046, 66
Trd, 8639221.412, 105
Trd, 8639222.079, 103
Trd, 8639222.279, 102
Trd, 8639222.912, 91
Trd, 8639223.412, 98
Trd, 8639223.746, 91
Trd, 8639223.979, 100
Trd, 8639224.012, 90
Trd, 8639224.079, 89
Trd, 8639224.646, 87
Trd, 8639225.346, 110
Trd, 8639225.546, 125
Trd, 8639225.679, 108
Trd, 8639225.946, 86
Trd, 8639226.512, 74
Trd, 8639227.146, 121
Trd, 8639227.312, 96
Trd, 8639228.646, 131
Trd, 8639228.712, 129
Trd, 8639229.679, 111
Trd, 8639229.879, 111
Trd, 8639230.312, 113
Trd, 8639230.679, 113
Trd, 8639231.779, 112
Trd, 8639232.646, 126
Trd, 8639232.679, 127
Trd, 8639233.212, 112
Trd, 8639233.812, 110
Trd, 8639234.112, 110
Trd, 8639234.179, 94
Trd, 8639234.246, 94
Trd, 8639234.279, 127
Trd, 8639234.412, 84
Trd, 8639236.312, 108
Trd, 8639236.746, 83
Trd, 8639237.246, 80
Trd, 8639237.279, 115
Trd, 8639237.679, 72
Trd, 8639237.979, 78
Trd, 8639238.246, 83
Trd, 8639238.412, 115
Trd, 8639238.612, 88
Trd, 8639240.246, 100
Trd, 8639240.279, 99
Trd, 8639240.746, 112
Trd, 8639240.846, 129
Trd, 8639241.012, 97
Trd, 8639241.046, 72
Trd, 8639241.912, 61
Trd, 8639242.112, 60
Trd, 8639242.279, 61
Trd, 8639244.512, 139
Trd, 8639244.579, 139
Trd, 8639244.746, 138
Trd, 8639245.379, 111
Trd, 8639245.846, 102
Trd, 8639246.546, 96
Trd, 8639246.879, 95
Trd, 8639247.246, 109
Trd, 8639247.379, 115
Trd, 8639247.479, 116
Trd, 8639247.846, 80
Trd, 8639248.412, 64
Trd, 8639248.712, 67
Trd, 8639248.812, 68
Trd, 8639249.212, 65
Trd, 8639249.312, 66
Trd, 8639250.412, 108
Trd, 8639250.579, 106
Trd, 8639251.046, 90
Trd, 8639251.179, 106
Trd, 8639251.446, 94
Trd, 8639251.812, 107
Trd, 8639252.212, 116
Trd, 8639252.746, 95
Trd, 8639253.112, 95
Trd, 8639253.679, 94
Trd, 8639254.112, 90
Trd, 8639255.779, 140
Trd, 8639255.979, 140
Trd, 8639256.246, 140
Trd, 8639256.546, 138
Trd, 8639256.712, 123
Trd, 8639258.046, 109
Trd, 8639258.946, 114
Trd, 8639259.579, 140
Trd, 8639259.679, 140
Trd, 8639259.946, 140
Trd, 8639259.979, 115
Trd, 8639260.412, 140
Trd, 8639260.712, 140
Trd, 8639261.879, 140
Trd, 8639261.912, 140
Trd, 8639262.246, 120
Trd, 8639263.012, 120
Trd, 8639263.479, 132
Trd, 8639263.646, 119
Trd, 8639264.812, 140
Trd, 8639265.179, 99
Trd, 8639265.479, 98
Trd, 8639266.346, 98
Trd, 8639267.012, 97
Trd, 8639267.412, 91
Trd, 8639267.446, 80
Trd, 8639267.546, 114
Trd, 8639267.779, 80
Trd, 8639267.879, 74
Trd, 8639268.179, 60
Trd, 8639269.012, 60
Trd, 8639269.112, 62
Trd, 8639270.212, 60
Trd, 8639270.312, 62
Trd, 8639270.512, 63
Trd, 8639272.279, 61
Trd, 8639273.279, 60
Trd, 8639273.512, 60
Trd, 8639273.646, 60
Trd, 8639273.712, 61
Trd, 8639273.746, 68
Trd, 8639274.046, 64
Trd, 8639274.179, 68
Trd, 8639274.346, 69
Trd, 8639274.879, 70
Trd, 8639275.846, 70
Trd, 8639276.012, 79
Trd, 8639276.612, 74
Trd, 8639276.846, 129
Trd, 8639277.279, 96
Trd, 8639277.579, 71
Trd, 8639278.246, 80
Trd, 8639278.412, 72
Trd, 8639278.812, 81
Trd, 8639279.379, 73
Trd, 8639279.579, 72
Trd, 8639279.912, 60
Trd, 8639280.446, 69
Trd, 8639280.746, 109
Trd, 8639281.212, 77
Trd, 8639281.279, 66
Trd, 8639281.712, 60
Trd, 8639282.446, 60
Trd, 8639282.846, 64
Trd, 8639283.046, 64
Trd, 8639284.279, 61
Trd, 8639284.579, 61
Trd, 8639284.746, 65
Trd, 8639285.179, 60
Trd, 8639286.246, 140
Trd, 8639286.446, 110
Trd, 8639287.146, 132
Trd, 8639288.012, 135
Trd, 8639288.246, 135
Trd, 8639288.479, 134
Trd, 8639288.812, 129
Trd, 8639288.912, 107
Trd, 8639289.279, 139
Trd, 8639290.112, 98
Trd, 8639291.479, 102
Trd, 8639291.812, 98
Trd, 8639292.712, 129
Trd, 8639292.879, 116
Trd, 8639292.912, 132
Trd, 8639293.112, 95
Trd, 8639293.479, 86
Trd, 8639294.212, 140
Trd, 8639294.779, 140
Trd, 8639295.179, 111
Trd, 8639295.679, 140
Trd, 8639295.746, 139
Trd, 8639295.879, 104
Trd, 8639296.546, 99
Trd, 8639296.912, 131
Trd, 8639297.046, 93
Trd, 8639297.546, 88
Trd, 8639299.679, 140
Trd, 8639300.012, 140
Trd, 8639300.179, 140
Trd, 8639300.546, 140
Trd, 8639300.746, 139
Trd, 8639300.946, 109
Trd, 8639301.246, 85
Trd, 8639302.279, 140
Trd, 8639302.579, 138
Trd, 8639302.812, 140
Trd, 8639303.179, 113
Trd, 8639304.246, 111
Trd, 8639305.312, 124
Trd, 8639305.346, 117
Trd, 8639307.246, 140
Trd, 8639307.746, 140
Trd, 8639308.046, 140
Trd, 8639308.079, 137
Trd, 8639308.612, 132
Trd, 8639308.846, 114
Trd, 8639309.446, 122
Trd, 8639310.046, 111
Trd, 8639310.379, 108
Trd, 8639311.012, 102
Trd, 8639311.446, 101
Trd, 8639311.512, 94
Trd, 8639311.779, 83
Trd, 8639312.012, 82
Trd, 8639312.312, 69
Trd, 8639312.646, 110
Trd, 8639312.779, 96
Trd, 8639313.412, 75
Trd, 8639313.546, 60
Trd, 8639313.612, 60
Trd, 8639315.812, 60
Trd, 8639315.946, 60
Trd, 8639316.246, 60
Trd, 8639316.446, 61
Trd, 8639316.512, 66
Trd, 8639316.746, 61
Trd, 8639317.946, 66
Trd, 8639318.279, 66
Trd, 8639318.612, 87
Trd, 8639318.946, 79
Trd, 8639319.146, 75
Trd, 8639319.679, 113
Trd, 8639319.812, 112
Trd, 8639320.079, 123
Trd, 8639320.246, 123
Trd, 8639320.879, 109
Trd, 8639321.212, 108
Trd, 8639322.112, 108
Trd, 8639322.679, 88
Trd, 8639322.846, 102
Trd, 8639322.946, 84
Trd, 8639323.479, 65
Trd, 8639323.612, 64
Trd, 8639324.512, 73
Trd, 8639324.679, 71
Trd, 8639325.512, 72
Trd, 8639326.179, 96
Trd, 8639326.212, 74
Trd, 8639327.346, 61
Trd, 8639327.779, 62
Trd, 8639328.679, 73
Trd, 8639328.746, 71
Trd, 8639329.079, 63
Trd, 8639329.146, 73
Trd, 8639329.812, 63
Trd, 8639329.946, 74
Trd, 8639330.446, 137
Trd, 8639331.312, 77
Trd, 8639331.979, 123
Trd, 8639332.146, 107
Trd, 8639333.646, 102
Trd, 8639333.746, 102
Trd, 8639334.146, 102
Trd, 8639334.479, 98
Trd, 8639334.612, 97
Trd, 8639334.846, 139
Trd, 8639335.246, 87
Trd, 8639335.379, 77
Trd, 8639335.612, 76
Trd, 8639337.412, 139
Trd, 8639337.512, 140
Trd, 8639338.146, 140
Trd, 8639338.279, 139
Trd, 8639338.412, 139
Trd, 8639338.779, 128
Trd, 8639338.979, 127
Trd, 8639339.712, 125
Trd, 8639340.412, 140
Trd, 8639341.179, 120
Trd, 8639341.646, 118
Trd, 8639342.379, 104
Trd, 8639342.446, 126
Trd, 8639342.679, 101
Trd, 8639342.979, 83
Trd, 8639343.012, 122
Trd, 8639343.346, 81
Trd, 8639343.712, 124
Trd, 8639344.479, 66
Trd, 8639344.979, 60
Trd, 8639345.312, 72
Trd, 8639346.579, 60
Trd, 8639347.179, 61
Trd, 8639347.212, 62
Trd, 8639348.546, 63
Trd, 8639348.812, 60
Trd, 8639349.646, 63
Trd, 8639349.779, 65
Trd, 8639349.879, 73
Trd, 8639349.912, 65
Trd, 8639350.179, 67
Trd, 8639350.879, 74
Trd, 8639351.079, 69
Trd, 8639351.112, 66
Trd, 8639351.912, 75
Trd, 8639352.779, 64
Trd, 8639354.246, 60
Trd, 8639354.579, 60
Trd, 8639355.046, 61
Trd, 8639355.079, 64
Trd, 8639355.446, 63
Trd, 8639355.846, 64
Trd, 8639355.979, 62
Trd, 8639356.646, 60
Trd, 8639356.712, 62
Trd, 8639356.979, 65
Trd, 8639358.146, 73
Trd, 8639358.612, 73
Trd, 8639358.779, 74
Trd, 8639359.346, 74
Trd, 8639359.379, 80
Trd, 8639359.479, 73
Trd, 8639359.512, 72
Trd, 8639359.712, 71
Trd, 8639360.312, 63
Trd, 8639360.812, 97
Trd, 8639361.546, 62
Trd, 8639362.312, 64
Trd, 8639363.012, 61
Trd, 8639363.646, 66
Trd, 8639364.146, 65
Trd, 8639364.879, 77
Trd, 8639365.646, 92
Trd, 8639366.012, 79
Trd, 8639366.212, 75
Trd, 8639367.146, 81
Trd, 8639367.312, 92
Trd, 8639367.346, 93
Trd, 8639367.479, 128
Trd, 8639367.612, 130
Trd, 8639367.679, 81
Trd, 8639368.012, 91
Trd, 8639368.246, 111
Trd, 8639368.779, 86
Trd, 8639369.046, 99
Trd, 8639369.279, 105
Trd, 8639369.812, 83
Trd, 8639370.346, 93
Trd, 8639371.146, 83
Trd, 8639371.746, 83
Trd, 8639371.779, 81
Trd, 8639372.479, 114
Trd, 8639372.746, 113
Trd, 8639372.812, 110
Trd, 8639373.112, 93
Trd, 8639373.879, 80
Trd, 8639374.146, 70
Trd, 8639374.912, 77
Trd, 8639375.579, 93
Trd, 8639375.879, 88
Trd, 8639376.479, 84
Trd, 8639376.546, 83
Trd, 8639376.846, 125
Trd, 8639377.079, 124
Trd, 8639377.312, 107
Trd, 8639377.912, 140
Trd, 8639378.212, 139
Trd, 8639378.846, 88
Trd, 8639379.279, 136
Trd, 8639380.279, 140
Trd, 8639381.079, 140
Trd, 8639381.212, 140
Trd, 8639381.712, 140
Trd, 8639382.512, 140
Trd, 8639382.712, 140
Trd, 8639384.112, 140
Trd, 8639384.579, 138
Trd, 8639384.612, 115
Trd, 8639385.846, 140
Trd, 8639385.879, 140
Trd, 8639386.446, 140
Trd, 8639386.712, 140
Trd, 8639386.946, 140
Trd, 8639387.812, 133
Trd, 8639388.646, 136
Trd, 8639388.812, 135
Trd, 8639388.912, 124
Trd, 8639388.979, 120
Trd, 8639389.146, 117
Trd, 8639389.846, 114
Trd, 8639390.212, 106
Trd, 8639390.479, 137
Trd, 8639390.646, 92
Trd, 8639390.812, 91
Trd, 8639391.012, 91
Trd, 8639392.612, 138
Trd, 8639393.412, 82
Trd, 8639393.912, 87
Trd, 8639394.046, 88
Trd, 8639394.579, 90
Trd, 8639395.046, 99
Trd, 8639395.312, 89
Trd, 8639395.679, 137
Trd, 8639395.746, 81
Trd, 8639396.212, 67
Trd, 8639396.646, 60
Trd, 8639397.512, 76
Trd, 8639398.046, 68
Trd, 8639398.279, 62
Trd, 8639398.446, 60
Trd, 8639398.946, 60
Trd, 8639399.179, 73
Trd, 8639399.712, 62
Trd, 8639399.879, 61
Trd, 8639399.946, 63
Trd, 8639400.979, 88
Trd, 8639401.446, 65
Trd, 8639401.879, 82
Trd, 8639401.946, 120
Trd, 8639402.046, 80
Trd, 8639402.679, 124
Trd, 8639403.046, 65
Trd, 8639403.146, 60
Trd, 8639403.379, 98
Trd, 8639403.612, 110
Trd, 8639404.046, 103
Trd, 8639405.112, 60
Trd, 8639406.179, 60
Trd, 8639406.646, 60
Trd, 8639406.712, 61
Trd, 8639407.279, 63
Trd, 8639407.312, 63
Trd, 8639408.012, 139
Trd, 8639408.379, 74
Trd, 8639408.679, 73
Trd, 8639409.179, 74
Trd, 8639409.379, 72
Trd, 8639410.246, 79
Trd, 8639410.779, 81
Trd, 8639410.846, 86
Trd, 8639410.912, 76
Trd, 8639411.579, 140
Trd, 8639411.612, 140
Trd, 8639411.879, 76
Trd, 8639412.246, 92
Trd, 8639413.346, 98
Trd, 8639413.512, 87
Trd, 8639413.812, 85
Trd, 8639414.312, 85
Trd, 8639414.646, 75
Trd, 8639415.779, 140
Trd, 8639415.812, 140
Trd, 8639416.179, 137
Trd, 8639416.346, 110
Trd, 8639417.146, 124
Trd, 8639418.012, 128
Trd, 8639418.912, 140
Trd, 8639419.012, 140
Trd, 8639419.179, 140
Trd, 8639419.379, 129
Trd, 8639420.312, 84
Trd, 8639420.646, 80
Trd, 8639421.646, 111
Trd, 8639422.279, 137
Trd, 8639422.546, 119
Trd, 8639423.012, 101
Trd, 8639423.279, 84
Trd, 8639424.046, 134
Trd, 8639425.146, 140
Trd, 8639425.346, 140
Trd, 8639425.579, 140
Trd, 8639426.012, 140
Trd, 8639426.112, 139
Trd, 8639426.846, 120
Trd, 8639426.912, 119
Trd, 8639427.046, 119
Trd, 8639427.346, 101
Trd, 8639427.612, 102
Trd, 8639428.046, 101
Trd, 8639429.046, 99
Trd, 8639429.112, 96
Trd, 8639429.812, 87
Trd, 8639430.046, 78
Trd, 8639430.279, 89
Trd, 8639430.346, 88
Trd, 8639430.712, 96
Trd, 8639431.312, 73
Trd, 8639431.579, 93
Trd, 8639431.979, 94
Trd, 8639432.046, 95
Trd, 8639433.146, 62
Trd, 8639433.446, 63
Trd, 8639435.079, 60
Trd, 8639435.246, 60
Trd, 8639435.846, 60
Trd, 8639436.179, 60
Trd, 8639436.512, 61
Trd, 8639436.912, 60
Trd, 8639437.146, 60
Trd, 8639437.246, 60
Trd, 8639437.346, 60
Trd, 8639437.546, 92
Trd, 8639438.079, 64
Trd, 8639438.146, 137
Trd, 8639440.212, 79
Trd, 8639440.712, 140
Trd, 8639440.746, 140
Trd, 8639440.946, 139
Trd, 8639441.312, 138
Trd, 8639441.679, 102
Trd, 8639442.179, 122
Trd, 8639443.246, 92
Trd, 8639443.512, 94
Trd, 8639443.679, 105
Trd, 8639444.046, 94
Trd, 8639444.479, 83
Trd, 8639444.512, 82
Trd, 8639445.212, 104
Trd, 8639445.779, 80
Trd, 8639446.279, 139
Trd, 8639446.312, 80
Trd, 8639447.612, 63
Trd, 8639448.046, 66
Trd, 8639448.346, 62
Trd, 8639448.512, 61
Trd, 8639448.812, 60
Trd, 8639449.112, 61
Trd, 8639449.279, 60
Trd, 8639449.479, 67
Trd, 8639450.379, 65
Trd, 8639451.312, 140
Trd, 8639452.146, 140
Trd, 8639453.046, 115
Trd, 8639453.179, 113
Trd, 8639453.279, 140
Trd, 8639453.479, 112
Trd, 8639454.012, 90
Trd, 8639454.246, 99
Trd, 8639454.346, 91
Trd, 8639455.046, 82
Trd, 8639456.912, 140
Trd, 8639456.946, 139
Trd, 8639457.746, 140
Trd, 8639457.812, 139
Trd, 8639458.046, 138
Trd, 8639458.112, 128
Trd, 8639458.679, 138
Trd, 8639459.046, 140
Trd, 8639459.112, 139
Trd, 8639459.812, 129
Trd, 8639460.512, 112
Trd, 8639461.112, 90
Trd, 8639461.379, 86
Trd, 8639461.812, 128
Trd, 8639462.012, 83
Trd, 8639462.346, 74
Trd, 8639463.512, 61
Trd, 8639463.546, 62
Trd, 8639464.346, 60
Trd, 8639465.079, 60
Trd, 8639465.346, 62
Trd, 8639465.812, 60
Trd, 8639466.112, 66
Trd, 8639466.579, 65
Trd, 8639467.046, 80
Trd, 8639467.246, 67
Trd, 8639467.379, 65
Trd, 8639468.379, 69
Trd, 8639469.812, 74
Trd, 8639469.912, 71
Trd, 8639470.112, 70
Trd, 8639470.346, 76
Trd, 8639470.412, 69
Trd, 8639470.746, 79
Trd, 8639470.812, 76
Trd, 8639470.879, 72
Trd, 8639472.512, 60
Trd, 8639472.779, 62
Trd, 8639473.112, 61
Trd, 8639473.212, 63
Trd, 8639473.612, 65
Trd, 8639474.646, 140
Trd, 8639474.946, 140
Trd, 8639474.979, 140
Trd, 8639475.079, 108
Trd, 8639475.279, 110
Trd, 8639476.112, 138
Trd, 8639476.479, 127
Trd, 8639476.946, 128
Trd, 8639477.579, 126
Trd, 8639477.746, 125
Trd, 8639477.812, 112
Trd, 8639477.879, 126
Trd, 8639478.246, 89
Trd, 8639478.979, 92
Trd, 8639479.146, 118
Trd, 8639480.046, 103
Trd, 8639480.379, 102
Trd, 8639481.279, 102
Trd, 8639481.746, 102
Trd, 8639481.812, 101
Trd, 8639482.646, 140
Trd, 8639484.112, 124
Trd, 8639484.279, 121
Trd, 8639484.812, 104
Trd, 8639485.412, 97
Trd, 8639485.779, 88
Trd, 8639485.879, 74
Trd, 8639486.046, 61
Trd, 8639487.412, 83
Trd, 8639487.679, 84
Trd, 8639487.879, 84
Trd, 8639488.079, 83
Trd, 8639488.446, 85
Trd, 8639488.912, 82
Trd, 8639489.012, 73
Trd, 8639489.912, 62
Trd, 8639490.179, 63
Trd, 8639490.546, 81
Trd, 8639490.646, 73
Trd, 8639491.179, 118
Trd, 8639491.212, 76
Trd, 8639491.546, 63
Trd, 8639491.879, 63
Trd, 8639492.146, 62
Trd, 8639493.246, 60
Trd, 8639494.479, 60
Trd, 8639495.112, 60
Trd, 8639495.179, 62
Trd, 8639495.379, 65
Trd, 8639495.679, 62
Trd, 8639496.179, 61
Trd, 8639496.412, 62
Trd, 8639496.512, 62
Trd, 8639496.912, 65
Trd, 8639497.446, 66
Trd, 8639498.279, 107
Trd, 8639498.546, 95
Trd, 8639499.346, 109
Trd, 8639499.412, 108
Trd, 8639499.646, 108
Trd, 8639499.746, 82
Trd, 8639500.946, 140
Trd, 8639501.812, 100
Trd, 8639502.012, 99
Trd, 8639502.879, 140
Trd, 8639503.112, 140
Trd, 8639503.479, 100
Trd, 8639503.746, 119
Trd, 8639504.146, 138
Trd, 8639504.179, 113
Trd, 8639504.679, 104
Trd, 8639505.679, 106
Trd, 8639506.379, 64
Trd, 8639506.546, 65
Trd, 8639506.912, 67
Trd, 8639507.612, 64
Trd, 8639507.846, 69
Trd, 8639508.046, 63
Trd, 8639508.879, 68
Trd, 8639508.912, 62
Trd, 8639509.512, 64
Trd, 8639509.779, 67
Trd, 8639509.846, 62
Trd, 8639509.879, 61
Trd, 8639510.179, 86
Trd, 8639512.246, 60
Trd, 8639512.612, 61
Trd, 8639513.379, 63
Trd, 8639514.079, 66
Trd, 8639514.412, 68
Trd, 8639514.646, 98
Trd, 8639515.046, 64
Trd, 8639515.346, 73
Trd, 8639515.712, 139
Trd, 8639516.479, 73
Trd, 8639516.512, 68
Trd, 8639517.079, 71
Trd, 8639517.279, 73
Trd, 8639517.379, 76
Trd, 8639517.579, 121
Trd, 8639518.079, 73
Trd, 8639518.546, 70
Trd, 8639520.646, 60
Trd, 8639520.946, 60
Trd, 8639521.046, 60
Trd, 8639521.179, 60
Trd, 8639521.712, 60
Trd, 8639522.279, 61
Trd, 8639522.346, 61
Trd, 8639522.879, 64
Trd, 8639523.179, 66
Trd, 8639523.246, 83
Trd, 8639523.512, 70
Trd, 8639524.379, 140
Trd, 8639524.912, 140
Trd, 8639524.946, 139
Trd, 8639525.146, 111
Trd, 8639525.179, 111
Trd, 8639526.312, 139
Trd, 8639526.412, 75
Trd, 8639527.146, 86
Trd, 8639527.479, 88
Trd, 8639528.279, 123
Trd, 8639528.412, 122
Trd, 8639528.612, 116
Trd, 8639528.912, 85
Trd, 8639529.246, 96
Trd, 8639529.446, 96
Trd, 8639531.812, 60
Trd, 8639532.046, 60
Trd, 8639532.079, 61
Trd, 8639532.379, 63
Trd, 8639532.712, 66
Trd, 8639532.946, 62
Trd, 8639533.346, 78
Trd, 8639533.879, 79
Trd, 8639533.912, 78
Trd, 8639534.379, 80
Trd, 8639534.912, 99
Trd, 8639534.946, 88
Trd, 8639535.412, 70
Trd, 8639536.146, 98
Trd, 8639536.546, 120
Trd, 8639537.979, 140
Trd, 8639538.612, 140
Trd, 8639538.979, 140
Trd, 8639539.046, 140
Trd, 8639539.779, 140
Trd, 8639539.812, 140
Trd, 8639540.379, 123
Trd, 8639540.746, 139
Trd, 8639540.979, 135
Trd, 8639541.112, 129
Trd, 8639542.612, 140
Trd, 8639543.046, 121
Trd, 8639544.146, 121
Trd, 8639544.312, 119
Trd, 8639545.012, 99
Trd, 8639545.379, 88
Trd, 8639545.479, 93
Trd, 8639545.779, 117
Trd, 8639545.879, 118
Trd, 8639546.312, 92
Trd, 8639546.979, 61
Trd, 8639547.746, 65
Trd, 8639547.846, 62
Trd, 8639548.179, 62
Trd, 8639548.279, 108
Trd, 8639548.546, 65
Trd, 8639548.612, 63
Trd, 8639548.979, 66
Trd, 8639549.112, 128
Trd, 8639550.046, 64
Trd, 8639551.079, 60
Trd, 8639551.312, 62
Trd, 8639551.579, 77
Trd, 8639552.179, 96
Trd, 8639552.279, 99
Trd, 8639552.579, 98
Trd, 8639552.646, 96
Trd, 8639553.546, 140
Trd, 8639553.646, 139
Trd, 8639554.279, 82
Trd, 8639554.979, 70
Trd, 8639555.579, 71
Trd, 8639556.112, 130
Trd, 8639556.312, 133
Trd, 8639556.579, 93
Trd, 8639556.946, 77
Trd, 8639557.212, 120
Trd, 8639557.312, 119
Trd, 8639557.679, 135
Trd, 8639558.979, 140
Trd, 8639559.512, 140
Trd, 8639560.179, 140
Trd, 8639560.279, 138
Trd, 8639560.812, 134
Trd, 8639560.846, 114
Trd, 8639561.279, 115
Trd, 8639561.912, 135
Trd, 8639562.279, 108
Trd, 8639563.012, 123
Trd, 8639563.346, 122
Trd, 8639563.612, 135
Trd, 8639563.712, 102
Trd, 8639564.179, 96
Trd, 8639564.579, 90
Trd, 8639564.846, 92
Trd, 8639564.946, 91
Trd, 8639565.146, 89
Trd, 8639565.412, 133
Trd, 8639565.879, 88
Trd, 8639566.746, 69
Trd, 8639566.979, 84
Trd, 8639567.679, 120
Trd, 8639568.112, 84
Trd, 8639568.279, 88
Trd, 8639569.912, 124
Trd, 8639570.012, 123
Trd, 8639570.079, 129
Trd, 8639570.112, 96
Trd, 8639570.446, 127
Trd, 8639570.979, 124
Trd, 8639571.446, 140
Trd, 8639572.146, 100
Trd, 8639572.446, 100
Trd, 8639572.846, 100
Trd, 8639573.046, 98
Trd, 8639573.612, 86
Trd, 8639573.779, 109
Trd, 8639575.046, 91
Trd, 8639575.612, 83
Trd, 8639576.212, 75
Trd, 8639576.379, 73
Trd, 8639577.079, 74
Trd, 8639577.912, 140
Trd, 8639578.012, 140
Trd, 8639578.279, 139
Trd, 8639579.412, 140
Trd, 8639579.946, 140
Trd, 8639579.979, 140
Trd, 8639580.346, 119
Trd, 8639580.612, 117
Trd, 8639581.379, 78
Trd, 8639581.779, 66
Trd, 8639581.812, 77
Trd, 8639582.112, 79
Trd, 8639582.846, 64
Trd, 8639582.946, 65
Trd, 8639583.512, 71
Trd, 8639584.412, 68
Trd, 8639584.512, 72
Trd, 8639584.546, 62
Trd, 8639584.846, 61
Trd, 8639585.279, 61
Trd, 8639585.912, 81
Trd, 8639586.479, 73
Trd, 8639587.812, 64
Trd, 8639589.846, 60
Trd, 8639590.046, 60
Trd, 8639590.546, 60
Trd, 8639590.846, 63
Trd, 8639590.912, 68
Trd, 8639590.946, 68
Trd, 8639591.179, 60
Trd, 8639591.379, 61
Trd, 8639591.746, 61
Trd, 8639591.946, 66
Trd, 8639592.479, 97
Trd, 8639592.546, 65
Trd, 8639593.646, 62
Trd, 8639594.546, 60
Trd, 8639594.646, 60
Trd, 8639594.979, 61
Trd, 8639595.012, 61
Trd, 8639595.079, 67
Trd, 8639596.412, 64
Trd, 8639596.979, 71
Trd, 8639597.679, 66
Trd, 8639597.846, 65
Trd, 8639598.246, 65
Trd, 8639598.479, 70
Trd, 8639598.612, 70
Trd, 8639598.679, 76
Trd, 8639598.846, 72
Trd, 8639599.812, 70
Trd, 8639602.312, 60
Trd, 8639602.579, 60
Trd, 8639603.079, 62
Trd, 8639603.346, 61
Trd, 8639603.812, 60
Trd, 8639604.279, 62
Trd, 8639604.412, 62
Trd, 8639605.012, 60
Trd, 8639605.246, 60
Trd, 8639605.279, 60
Trd, 8639605.612, 63
Trd, 8639607.212, 70
Trd, 8639607.246, 69
Trd, 8639607.379, 67
Trd, 8639607.712, 64
Trd, 8639607.746, 119
Trd, 8639608.079, 60
Trd, 8639608.446, 60
Trd, 8639608.912, 60
Trd, 8639609.879, 62
Trd, 8639610.146, 60
Trd, 8639610.646, 60
Trd, 8639610.779, 60
Trd, 8639610.946, 72
Trd, 8639611.012, 86
Trd, 8639611.112, 60
Trd, 8639611.879, 96
Trd, 8639612.746, 140
Trd, 8639614.079, 140
Trd, 8639614.179, 140
Trd, 8639614.379, 139
Trd, 8639614.412, 117
Trd, 8639614.746, 124
Trd, 8639615.679, 134
Trd, 8639615.879, 119
Trd, 8639615.946, 118
Trd, 8639616.046, 113
Trd, 8639616.646, 112
Trd, 8639617.579, 103
Trd, 8639617.979, 103
Trd, 8639618.446, 120
Trd, 8639618.546, 96
Trd, 8639618.579, 90
Trd, 8639619.146, 85
Trd, 8639619.212, 117
Trd, 8639619.912, 71
Trd, 8639620.146, 118
Trd, 8639620.446, 70
Trd, 8639620.546, 68
Trd, 8639620.646, 61
Trd, 8639621.846, 61
Trd, 8639622.279, 65
Trd, 8639622.779, 64
Trd, 8639622.846, 63
Trd, 8639622.879, 87
Trd, 8639623.546, 95
Trd, 8639624.746, 74
Trd, 8639624.779, 82
Trd, 8639625.079, 84
Trd, 8639625.912, 97
Trd, 8639626.146, 93
Trd, 8639626.446, 91
Trd, 8639626.679, 83
Trd, 8639626.946, 99
Trd, 8639627.112, 82
Trd, 8639627.146, 122
Trd, 8639628.212, 61
Trd, 8639628.979, 64
Trd, 8639629.512, 65
Trd, 8639629.679, 64
Trd, 8639629.746, 63
Trd, 8639630.046, 91
Trd, 8639630.446, 94
Trd, 8639630.879, 122
Trd, 8639631.446, 65
Trd, 8639632.879, 132
Trd, 8639633.012, 131
Trd, 8639633.212, 131
Trd, 8639633.746, 131
Trd, 8639634.112, 137
Trd, 8639634.379, 130
Trd, 8639635.246, 132
Trd, 8639635.579, 130
Trd, 8639636.379, 129
Trd, 8639636.412, 119
Trd, 8639636.646, 139
Trd, 8639637.312, 111
Trd, 8639637.779, 138
Trd, 8639639.146, 107
Trd, 8639639.479, 104
Trd, 8639639.612, 102
Trd, 8639639.879, 89
Trd, 8639640.479, 138
Trd, 8639640.812, 117
Trd, 8639643.512, 140
Trd, 8639643.646, 140
Trd, 8639643.779, 140
Trd, 8639643.812, 140
Trd, 8639644.246, 139
Trd, 8639644.612, 139
Trd, 8639645.512, 140
Trd, 8639645.579, 139
Trd, 8639645.779, 119
Trd, 8639646.412, 140
Trd, 8639646.479, 122
Trd, 8639647.446, 135
Trd, 8639647.579, 125
Trd, 8639647.712, 124
Trd, 8639648.479, 113
Trd, 8639648.679, 101
Trd, 8639648.812, 100
Trd, 8639649.412, 87
Trd, 8639650.179, 127
Trd, 8639650.279, 109
Trd, 8639650.346, 108
Trd, 8639651.679, 106
Trd, 8639652.012, 106
Trd, 8639652.146, 75
Trd, 8639652.446, 62
Trd, 8639653.312, 69
Trd, 8639653.479, 64
Trd, 8639653.646, 68
Trd, 8639655.179, 60
Trd, 8639655.612, 61
Trd, 8639655.746, 61
Trd, 8639656.312, 64
Trd, 8639656.679, 65
Trd, 8639657.579, 60
Trd, 8639657.612, 61
Trd, 8639659.412, 60
Trd, 8639659.579, 61
Trd, 8639659.679, 61
Trd, 8639659.879, 60
Trd, 8639660.546, 64
Trd, 8639660.679, 66
Trd, 8639661.379, 60
Trd, 8639661.479, 66
Trd, 8639661.979, 66
Trd, 8639663.079, 71
Trd, 8639663.579, 70
Trd, 8639663.746, 94
Trd, 8639663.846, 69
Trd, 8639664.212, 75
Trd, 8639664.612, 93
Trd, 8639664.879, 86
Trd, 8639664.946, 75
Trd, 8639665.046, 94
Trd, 8639665.979, 69
Trd, 8639666.079, 67
Trd, 8639666.912, 64
Trd, 8639667.046, 62
Trd, 8639667.646, 78
Trd, 8639667.712, 79
Trd, 8639667.879, 61
Trd, 8639668.479, 62
Trd, 8639668.579, 64
Trd, 8639669.546, 73
Trd, 8639669.912, 140
Trd, 8639669.979, 140
Trd, 8639670.279, 140
Trd, 8639670.446, 140
Trd, 8639671.112, 122
Trd, 8639671.612, 120
Trd, 8639671.846, 119
Trd, 8639672.312, 107
Trd, 8639672.379, 102
Trd, 8639672.812, 99
Trd, 8639672.846, 97
Trd, 8639673.812, 140
Trd, 8639673.946, 139
Trd, 8639674.312, 64
Trd, 8639675.479, 140
Trd, 8639675.812, 140
Trd, 8639676.646, 140
Trd, 8639676.812, 140
Trd, 8639677.779, 94
Trd, 8639678.479, 101
Trd, 8639678.546, 100
Trd, 8639679.112, 138
Trd, 8639679.879, 138
Trd, 8639680.112, 122
Trd, 8639680.312, 122
Trd, 8639680.679, 121
Trd, 8639680.812, 92
Trd, 8639681.312, 140
Trd, 8639681.412, 140
Trd, 8639681.979, 131
Trd, 8639682.279, 92
Trd, 8639683.079, 91
Trd, 8639683.279, 139
Trd, 8639683.446, 128
Trd, 8639683.746, 94
Trd, 8639683.846, 92
Trd, 8639685.079, 99
Trd, 8639686.412, 122
Trd, 8639686.479, 138
Trd, 8639687.212, 122
Trd, 8639687.246, 121
Trd, 8639687.946, 120
Trd, 8639687.979, 104
Trd, 8639688.212, 114
Trd, 8639688.412, 102
Trd, 8639688.446, 101
Trd, 8639689.312, 130
Trd, 8639689.812, 131
Trd, 8639690.379, 132
Trd, 8639690.412, 131
Trd, 8639690.746, 132
Trd, 8639691.012, 128
Trd, 8639691.879, 120
Trd, 8639692.846, 111
Trd, 8639693.179, 105
Trd, 8639693.412, 104
Trd, 8639693.812, 111
Trd, 8639694.046, 85
Trd, 8639694.446, 84
Trd, 8639695.212, 101
Trd, 8639695.446, 78
Trd, 8639695.646, 78
Trd, 8639695.679, 108
Trd, 8639695.712, 77
Trd, 8639696.846, 62
Trd, 8639697.079, 138
Trd, 8639698.079, 62
Trd, 8639698.312, 60
Trd, 8639698.546, 60
Trd, 8639699.112, 63
Trd, 8639699.446, 66
Trd, 8639699.946, 70
Trd, 8639700.012, 67
Trd, 8639700.612, 125
Trd, 8639700.646, 104
Trd, 8639701.479, 132
Trd, 8639701.612, 131
Trd, 8639701.646, 111
Trd, 8639702.446, 131
Trd, 8639702.479, 130
Trd, 8639702.812, 109
Trd, 8639702.912, 84
Trd, 8639703.379, 78
Trd, 8639704.012, 85
Trd, 8639704.246, 70
Trd, 8639705.412, 75
Trd, 8639705.779, 80
Trd, 8639705.879, 73
Trd, 8639706.546, 69
Trd, 8639706.646, 98
Trd, 8639706.679, 74
Trd, 8639707.512, 98
Trd, 8639707.579, 82
Trd, 8639708.746, 140
Trd, 8639709.379, 128
Trd, 8639709.712, 140
Trd, 8639709.812, 140
Trd, 8639710.446, 109
Trd, 8639710.779, 61
Trd, 8639710.946, 66
Trd, 8639711.079, 66
Trd, 8639711.879, 112
Trd, 8639712.812, 82
Trd, 8639713.679, 139
Trd, 8639714.312, 134
Trd, 8639714.712, 135
Trd, 8639714.812, 134
Trd, 8639715.046, 134
Trd, 8639715.212, 133
Trd, 8639716.046, 124
Trd, 8639716.079, 118
Trd, 8639716.112, 106
Trd, 8639716.479, 98
Trd, 8639716.646, 97
Trd, 8639717.479, 105
Trd, 8639717.512, 83
Trd, 8639717.979, 105
Trd, 8639718.379, 84
Trd, 8639718.412, 82
Trd, 8639718.479, 94
Trd, 8639719.946, 60
Trd, 8639720.946, 60
Trd, 8639721.079, 60
Trd, 8639721.379, 60
Trd, 8639721.679, 61
Trd, 8639721.946, 62
Trd, 8639722.379, 71
Trd, 8639722.412, 79
Trd, 8639722.712, 139
Trd, 8639722.812, 70
Trd, 8639723.012, 111
Trd, 8639723.512, 100
Trd, 8639723.579, 91
Trd, 8639723.879, 76
Trd, 8639724.512, 60
Trd, 8639725.346, 60
Trd, 8639726.012, 124
Trd, 8639726.112, 61
Trd, 8639726.579, 62
Trd, 8639726.879, 62
Trd, 8639727.446, 63
Trd, 8639727.812, 61
Trd, 8639728.212, 60
Trd, 8639728.546, 60
Trd, 8639728.912, 61
Trd, 8639729.279, 61
Trd, 8639729.912, 138
Trd, 8639730.046, 117
Trd, 8639731.512, 135
Trd, 8639731.812, 137
Trd, 8639732.412, 136
Trd, 8639732.912, 105
Trd, 8639732.946, 104
Trd, 8639732.979, 100
Trd, 8639733.279, 103
Trd, 8639733.879, 117
Trd, 8639734.679, 140
Trd, 8639735.112, 118
Trd, 8639735.479, 117
Trd, 8639735.546, 116
Trd, 8639736.079, 122
Trd, 8639736.446, 105
Trd, 8639737.246, 116
Trd, 8639737.546, 110
Trd, 8639737.779, 109
Trd, 8639738.412, 119
Trd, 8639738.546, 111
Trd, 8639738.579, 110
Trd, 8639739.246, 139
Trd, 8639740.279, 109
Trd, 8639740.479, 99
Trd, 8639740.512, 98
Trd, 8639741.779, 140
Trd, 8639742.312, 140
Trd, 8639742.346, 139
Trd, 8639742.512, 135
Trd, 8639743.112, 138
Trd, 8639743.479, 138
Trd, 8639744.379, 138
Trd, 8639744.446, 137
Trd, 8639744.579, 120
Trd, 8639744.746, 116
Trd, 8639745.312, 140
Trd, 8639745.346, 140
Trd, 8639746.212, 140
Trd, 8639746.479, 139
Trd, 8639747.179, 136
Trd, 8639748.546, 138
Trd, 8639748.746, 139
Trd, 8639748.879, 137
Trd, 8639749.446, 120
Trd, 8639749.779, 120
Trd, 8639750.012, 119
Trd, 8639750.479, 117
Trd, 8639750.679, 135
Trd, 8639751.879, 112
Trd, 8639751.912, 111
Trd, 8639752.112, 100
Trd, 8639753.246, 95
Trd, 8639753.579, 126
Trd, 8639753.912, 127
Trd, 8639754.346, 106
Trd, 8639754.379, 94
Trd, 8639754.579, 93
Trd, 8639755.646, 84
Trd, 8639755.679, 73
Trd, 8639755.846, 60
Trd, 8639756.246, 64
Trd, 8639756.346, 93
Trd, 8639756.779, 107
Trd, 8639757.412, 122
Trd, 8639757.746, 123
Trd, 8639757.979, 126
Trd, 8639758.312, 123
Trd, 8639758.612, 119
Trd, 8639758.779, 118
Trd, 8639759.279, 64
Trd, 8639760.512, 61
Trd, 8639760.946, 60
Trd, 8639762.079, 61
Trd, 8639762.279, 64
Trd, 8639762.446, 60
Trd, 8639763.012, 60
Trd, 8639763.112, 61
Trd, 8639763.512, 84
Trd, 8639763.579, 107
Trd, 8639764.146, 100
Trd, 8639764.646, 78
Trd, 8639764.879, 64
Trd, 8639765.279, 65
Trd, 8639766.179, 73
Trd, 8639766.612, 85
Trd, 8639766.846, 76
Trd, 8639767.446, 77
Trd, 8639767.612, 77
Trd, 8639768.312, 80
Trd, 8639768.379, 82
Trd, 8639768.779, 91
Trd, 8639768.879, 71
Trd, 8639769.446, 65
Trd, 8639769.846, 65
Trd, 8639770.979, 86
Trd, 8639771.112, 92
Trd, 8639771.346, 112
Trd, 8639772.012, 114
Trd, 8639772.112, 113
Trd, 8639772.346, 114
Trd, 8639772.946, 106
Trd, 8639773.246, 109
Trd, 8639773.512, 97
Trd, 8639773.846, 100
Trd, 8639774.712, 140
Trd, 8639774.879, 139
Trd, 8639775.746, 131
Trd, 8639776.012, 119
Trd, 8639776.579, 120
Trd, 8639776.846, 106
Trd, 8639777.479, 93
Trd, 8639777.546, 90
Trd, 8639777.979, 74
Trd, 8639778.479, 140
Trd, 8639778.812, 75
Trd, 8639778.879, 140
Trd, 8639779.712, 84
Trd, 8639780.012, 115
Trd, 8639780.546, 94
Trd, 8639780.779, 126
Trd, 8639780.912, 138
Trd, 8639783.246, 113
Trd, 8639783.712, 115
Trd, 8639784.946, 140
Trd, 8639785.012, 139
Trd, 8639785.346, 116
Trd, 8639786.079, 109
Trd, 8639786.146, 116
Trd, 8639786.479, 115
Trd, 8639786.879, 110
Trd, 8639787.146, 126
Trd, 8639787.479, 117
Trd, 8639787.812, 140
Trd, 8639788.212, 140
Trd, 8639788.979, 140
Trd, 8639789.546, 140
Trd, 8639789.612, 140
Trd, 8639789.912, 140
Trd, 8639791.046, 120
Trd, 8639791.112, 106
Trd, 8639791.379, 100
Trd, 8639791.546, 86
Trd, 8639791.946, 95
Trd, 8639792.179, 124
Trd, 8639792.512, 87
Trd, 8639793.012, 76
Trd, 8639794.112, 82
Trd, 8639794.546, 80
Trd, 8639794.612, 79
Trd, 8639794.912, 81
Trd, 8639795.412, 69
Trd, 8639795.546, 81
Trd, 8639796.012, 107
Trd, 8639796.346, 65
Trd, 8639796.879, 83
Trd, 8639797.146, 88
Trd, 8639797.279, 69
Trd, 8639797.712, 71
Trd, 8639798.512, 97
Trd, 8639798.546, 96
Trd, 8639799.646, 140
Trd, 8639799.779, 140
Trd, 8639800.612, 140
Trd, 8639801.079, 140
Trd, 8639801.146, 139
Trd, 8639801.212, 124
Trd, 8639802.146, 122
Trd, 8639803.512, 122
Trd, 8639803.679, 121
Trd, 8639804.279, 121
Trd, 8639804.412, 109
Trd, 8639804.579, 138
Trd, 8639804.879, 97
Trd, 8639806.179, 99
Trd, 8639806.312, 122
Trd, 8639806.346, 121
Trd, 8639806.879, 99
Trd, 8639807.612, 114
Trd, 8639807.646, 91
Trd, 8639808.212, 129
Trd, 8639808.346, 114
Trd, 8639809.112, 115
Trd, 8639809.246, 114
Trd, 8639809.379, 88
Trd, 8639810.146, 123
Trd, 8639811.412, 60
Trd, 8639811.812, 60
Trd, 8639811.879, 60
Trd, 8639812.179, 60
Trd, 8639812.212, 60
Trd, 8639812.412, 60
Trd, 8639812.679, 61
Trd, 8639813.112, 60
Trd, 8639813.279, 61
Trd, 8639813.512, 63
Trd, 8639813.812, 60
Trd, 8639814.846, 66
Trd, 8639814.979, 67
Trd, 8639815.346, 73
Trd, 8639815.946, 66
Trd, 8639816.012, 95
Trd, 8639816.412, 126
Trd, 8639817.046, 61
Trd, 8639817.279, 140
Trd, 8639818.646, 140
Trd, 8639818.846, 140
Trd, 8639819.446, 140
Trd, 8639820.012, 140
Trd, 8639820.179, 138
Trd, 8639820.379, 114
Trd, 8639820.779, 140
Trd, 8639820.946, 118
Trd, 8639821.112, 110
Trd, 8639822.112, 75
Trd, 8639822.679, 119
Trd, 8639822.912, 119
Trd, 8639823.512, 120
Trd, 8639823.712, 135
Trd, 8639824.046, 137
Trd, 8639824.246, 108
Trd, 8639824.279, 99
Trd, 8639824.712, 109
Trd, 8639824.812, 108
Trd, 8639826.179, 63
Trd, 8639826.246, 65
Trd, 8639826.646, 75
Trd, 8639826.746, 74
Trd, 8639827.479, 129
Trd, 8639827.512, 127
Trd, 8639827.746, 74
Trd, 8639827.846, 67
Trd, 8639828.079, 110
Trd, 8639828.712, 127
Trd, 8639830.612, 97
Trd, 8639830.946, 78
Trd, 8639831.246, 78
Trd, 8639831.979, 81
Trd, 8639832.046, 88
Trd, 8639832.212, 78
Trd, 8639832.779, 90
Trd, 8639832.846, 84
Trd, 8639833.046, 98
Trd, 8639833.346, 85
Trd, 8639834.012, 140
Trd, 8639834.879, 140
Trd, 8639835.046, 137
Trd, 8639835.179, 111
Trd, 8639835.612, 99
Trd, 8639835.879, 85
Trd, 8639836.979, 140
Trd, 8639837.279, 140
Trd, 8639837.579, 140
Trd, 8639837.712, 140
Trd, 8639838.112, 140
Trd, 8639838.446, 140
Trd, 8639838.679, 121
Trd, 8639839.179, 113
Trd, 8639839.812, 82
Trd, 8639839.912, 81
Trd, 8639840.112, 111
Trd, 8639840.646, 72
Trd, 8639841.912, 99
Trd, 8639842.246, 96
Trd, 8639842.579, 98
Trd, 8639842.679, 98
Trd, 8639842.746, 96
Trd, 8639842.846, 107
Trd, 8639843.179, 96
Trd, 8639843.479, 104
Trd, 8639843.546, 95
Trd, 8639844.446, 139
Trd, 8639844.912, 138
Trd, 8639845.246, 119
Trd, 8639845.346, 111
Trd, 8639845.412, 92
Trd, 8639845.712, 64
Trd, 8639846.312, 60
Trd, 8639847.346, 60
Trd, 8639847.846, 60
Trd, 8639849.712, 60
Trd, 8639849.746, 61
Trd, 8639849.779, 61
Trd, 8639850.046, 62
Trd, 8639850.779, 63
Trd, 8639851.646, 61
Trd, 8639851.746, 60
Trd, 8639851.846, 61
Trd, 8639851.979, 76
Trd, 8639852.279, 60
Trd, 8639853.412, 60
Trd, 8639853.979, 61
Trd, 8639854.512, 60
Trd, 8639854.912, 60
Trd, 8639855.112, 60
Trd, 8639855.212, 65
Trd, 8639855.646, 67
Trd, 8639857.412, 69
Trd, 8639857.546, 60
Trd, 8639857.612, 70
Trd, 8639857.946, 71
Trd, 8639858.246, 70
Trd, 8639858.979, 85
Trd, 8639859.212, 84
Trd, 8639859.246, 98
Trd, 8639859.712, 64
Trd, 8639860.046, 140
Trd, 8639860.746, 140
Trd, 8639860.879, 140
Trd, 8639860.946, 122
Trd, 8639861.012, 99
Trd, 8639861.779, 95
Trd, 8639862.446, 140
Trd, 8639862.846, 140
Trd, 8639862.979, 136
Trd, 8639863.712, 77
Trd, 8639864.079, 60
Trd, 8639864.146, 66
Trd, 8639864.579, 83
Trd, 8639866.312, 60
Trd, 8639866.479, 60
Trd, 8639866.912, 60
Trd, 8639867.146, 62
Trd, 8639867.846, 67
Trd, 8639868.012, 71
Trd, 8639868.446, 68
Trd, 8639868.479, 66
Trd, 8639869.546, 62
Trd, 8639869.579, 101
Trd, 8639870.512, 67
Trd, 8639870.712, 65
Trd, 8639871.412, 66
Trd, 8639872.046, 134
Trd, 8639872.079, 129
Trd, 8639872.179, 119
Trd, 8639872.612, 116
Trd, 8639872.846, 116
Trd, 8639872.912, 115
Trd, 8639873.912, 138
Trd, 8639874.246, 109
Trd, 8639875.246, 139
Trd, 8639875.379, 137
Trd, 8639876.212, 128
Trd, 8639877.079, 120
Trd, 8639877.179, 117
Trd, 8639877.246, 139
Trd, 8639877.312, 104
Trd, 8639877.679, 92
Trd, 8639877.712, 91
Trd, 8639878.312, 68
Trd, 8639878.412, 67
Trd, 8639880.146, 65
Trd, 8639880.212, 62
Trd, 8639880.479, 65
Trd, 8639880.946, 73
Trd, 8639881.179, 62
Trd, 8639881.712, 65
Trd, 8639881.846, 67
Trd, 8639881.879, 76
Trd, 8639881.979, 82
Trd, 8639882.912, 69
Trd, 8639883.179, 74
Trd, 8639883.646, 73
Trd, 8639884.012, 90
Trd, 8639884.679, 68
Trd, 8639885.312, 67
Trd, 8639885.512, 84
Trd, 8639885.679, 68
Trd, 8639885.746, 106
Trd, 8639886.346, 61
Trd, 8639886.646, 66
Trd, 8639887.179, 68
Trd, 8639888.146, 124
Trd, 8639889.046, 140
Trd, 8639889.079, 140
Trd, 8639891.212, 140
Trd, 8639891.746, 140
Trd, 8639892.146, 140
Trd, 8639892.212, 140
Trd, 8639892.312, 140
Trd, 8639892.412, 140
Trd, 8639893.079, 139
Trd, 8639893.512, 140
Trd, 8639893.846, 85
Trd, 8639894.912, 139
Trd, 8639895.712, 109
Trd, 8639895.779, 107
Trd, 8639895.812, 119
Trd, 8639896.212, 100
Trd, 8639896.546, 98
Trd, 8639897.146, 123
Trd, 8639897.212, 101
Trd, 8639897.679, 102
Trd, 8639897.779, 99
Trd, 8639898.379, 99
Trd, 8639898.446, 95
Trd, 8639898.746, 119
Trd, 8639899.112, 86
Trd, 8639899.479, 140
Trd, 8639899.512, 140
Trd, 8639900.112, 115
Trd, 8639900.446, 108
Trd, 8639901.279, 105
Trd, 8639901.479, 104
Trd, 8639901.712, 98
Trd, 8639902.079, 68
Trd, 8639902.612, 99
Trd, 8639902.812, 62
Trd, 8639903.779, 64
Trd, 8639906.312, 60
Trd, 8639906.479, 60
Trd, 8639906.646, 60
Trd, 8639906.879, 60
Trd, 8639907.212, 61
Trd, 8639907.279, 61
Trd, 8639907.579, 60
Trd, 8639907.646, 63
Trd, 8639908.112, 63
Trd, 8639909.279, 60
Trd, 8639909.512, 60
Trd, 8639910.946, 61
Trd, 8639911.846, 61
Trd, 8639912.112, 62
Trd, 8639912.279, 63
Trd, 8639912.346, 62
Trd, 8639912.512, 63
Trd, 8639912.912, 64
Trd, 8639913.179, 63
Trd, 8639914.479, 60
Trd, 8639914.579, 61
Trd, 8639914.912, 60
Trd, 8639915.079, 61
Trd, 8639915.246, 62
Trd, 8639916.612, 60
Trd, 8639917.079, 62
Trd, 8639917.412, 61
Trd, 8639917.612, 60
Trd, 8639917.679, 62
Trd, 8639917.812, 66
Trd, 8639918.446, 61
Trd, 8639918.779, 61
Trd, 8639918.979, 65
Trd, 8639919.479, 81
Trd, 8639919.712, 81
Trd, 8639920.346, 98
Trd, 8639920.746, 97
Trd, 8639921.279, 96
Trd, 8639921.412, 83
Trd, 8639922.546, 60
Trd, 8639922.946, 61
Trd, 8639923.846, 61
Trd, 8639924.246, 61
Trd, 8639924.546, 60
Trd, 8639924.746, 60
Trd, 8639924.879, 60
Trd, 8639925.112, 60
Trd, 8639925.579, 61
Trd, 8639925.846, 68
Trd, 8639926.112, 65
Trd, 8639926.946, 63
Trd, 8639927.279, 66
Trd, 8639927.979, 67
Trd, 8639928.012, 78
Trd, 8639928.179, 65
Trd, 8639929.012, 69
Trd, 8639930.079, 80
Trd, 8639930.146, 64
Trd, 8639930.312, 82
Trd, 8639930.546, 67
Trd, 8639931.412, 94
Trd, 8639931.446, 87
Trd, 8639931.812, 80
Trd, 8639932.046, 79
Trd, 8639932.579, 94
Trd, 8639933.679, 62
Trd, 8639934.379, 66
Trd, 8639934.412, 67
Trd, 8639935.146, 89
Trd, 8639935.212, 64
Trd, 8639935.346, 73
Trd, 8639936.212, 70
Trd, 8639936.679, 70
Trd, 8639936.912, 127
Trd, 8639936.979, 70
Trd, 8639937.746, 89
Trd, 8639937.879, 97
Trd, 8639938.412, 89
Trd, 8639938.979, 95
Trd, 8639939.246, 92
Trd, 8639939.312, 92
Trd, 8639939.846, 137
Trd, 8639940.812, 106
Trd, 8639940.912, 89
Trd, 8639940.946, 83
Trd, 8639942.279, 61
Trd, 8639942.346, 64
Trd, 8639943.079, 85
Trd, 8639943.512, 73
Trd, 8639943.712, 72
Trd, 8639944.146, 74
Trd, 8639944.346, 62
Trd, 8639944.979, 71
Trd, 8639946.579, 60
Trd, 8639946.712, 60
Trd, 8639946.846, 65
Trd, 8639947.112, 79
Trd, 8639947.612, 78
Trd, 8639947.679, 78
Trd, 8639947.846, 77
Trd, 8639949.079, 60
Trd, 8639949.746, 60
Trd, 8639950.546, 62
Trd, 8639950.612, 69
Trd, 8639950.912, 75
Trd, 8639951.379, 66
Trd, 8639951.779, 86
Trd, 8639952.079, 76
Trd, 8639952.379, 75
Trd, 8639952.679, 73
Trd, 8639953.246, 71
Trd, 8639953.612, 70
Trd, 8639953.646, 69
Trd, 8639953.879, 69
Trd, 8639954.012, 72
Trd, 8639954.179, 67
Trd, 8639955.579, 60
Trd, 8639956.779, 60
Trd, 8639957.312, 60
Trd, 8639957.346, 61
Trd, 8639957.412, 93
Trd, 8639957.946, 63
Trd, 8639958.279, 65
Trd, 8639959.112, 80
Trd, 8639959.379, 66
Trd, 8639959.612, 79
Trd, 8639959.679, 76
Trd, 8639960.046, 71
Trd, 8639960.446, 68
Trd, 8639960.479, 67
Trd, 8639961.446, 90
Trd, 8639961.512, 74
Trd, 8639961.612, 91
Trd, 8639961.779, 87
Trd, 8639962.512, 75
Trd, 8639962.579, 73
Trd, 8639962.679, 91
Trd, 8639963.579, 62
Trd, 8639963.712, 63
Trd, 8639964.312, 60
Trd, 8639964.579, 60
Trd, 8639965.312, 60
Trd, 8639967.046, 60
Trd, 8639967.279, 60
Trd, 8639968.012, 61
Trd, 8639968.046, 64
Trd, 8639968.479, 61
Trd, 8639968.679, 64
Trd, 8639969.046, 64
Trd, 8639969.112, 91
Trd, 8639969.279, 60
Trd, 8639969.712, 89
Trd, 8639969.846, 60
Trd, 8639970.546, 60
Trd, 8639971.812, 62
Trd, 8639972.646, 62
Trd, 8639973.146, 60
Trd, 8639973.746, 62
Trd, 8639973.846, 63
Trd, 8639973.912, 64
Trd, 8639974.079, 61
Trd, 8639974.146, 65
Trd, 8639974.479, 62
Trd, 8639975.079, 106
Trd, 8639975.212, 60
Trd, 8639975.579, 61
Trd, 8639976.846, 83
Trd, 8639977.412, 82
Trd, 8639977.746, 79
Trd, 8639977.946, 78
Trd, 8639978.046, 60
Trd, 8639978.679, 64
Trd, 8639979.079, 63
Trd, 8639979.212, 107
Trd, 8639980.546, 64
Trd, 8639980.646, 65
Trd, 8639980.946, 66
Trd, 8639981.246, 65
Trd, 8639981.279, 69
Trd, 8639981.679, 87
Trd, 8639982.046, 65
Trd, 8639982.112, 64
Trd, 8639982.246, 61
Trd, 8639982.646, 79
Trd, 8639983.579, 116
Trd, 8639983.746, 77
Trd, 8639984.646, 76
Trd, 8639984.712, 75
Trd, 8639985.412, 136
Trd, 8639985.579, 131
Trd, 8639986.046, 93
Trd, 8639986.146, 81
Trd, 8639986.812, 67
Trd, 8639987.479, 67
Trd, 8639987.612, 98
Trd, 8639987.912, 60
Trd, 8639988.746, 140
Trd, 8639989.012, 139
Trd, 8639989.046, 138
Trd, 8639989.646, 74
Trd, 8639989.812, 72
Trd, 8639990.112, 86
Trd, 8639990.912, 67
Trd, 8639991.379, 83
Trd, 8639991.479, 84
Trd, 8639991.946, 61
Trd, 8639992.379, 65
Trd, 8639993.412, 60
Trd, 8639993.846, 61
Trd, 8639993.879, 62
Trd, 8639993.946, 63
Trd, 8639994.446, 64
Trd, 8639994.712, 65
Trd, 8639994.912, 101
Trd, 8639995.212, 64
Trd, 8639995.612, 64
Trd, 8639996.346, 62
Trd, 8639996.912, 66
Trd, 8639997.079, 64
Trd, 8639997.346, 72
Trd, 8639997.479, 65
Trd, 8639998.079, 78
Trd, 8639998.112, 65
Trd, 8639999.446, 140
Trd, 8639999.646, 138
Trd, 8639999.679, 138
