Trd, 8638764.212, 103
Trd, 8638764.346, 64
Trd, 8638764.746, 85
Trd, 8638765.346, 135
Trd, 8638765.712, 116
Trd, 8638765.812, 115
Trd, 8638766.212, 86
Trd, 8638767.179, 113
Trd, 8638768.212, 115
Trd, 8638768.646, 111
Trd, 8638768.812, 99
Trd, 8638768.879, 86
Trd, 8638768.912, 71
Trd, 8638769.446, 129
Trd, 8638769.579, 117
Trd, 8638771.046, 116
Trd, 8638771.746, 116
Trd, 8638771.812, 112
Trd, 8638771.979, 107
Trd, 8638772.112, 94
Trd, 8638772.179, 125
Trd, 8638772.346, 92
Trd, 8638773.279, 111
Trd, 8638773.379, 110
Trd, 8638773.579, 132
Trd, 8638773.779, 101
Trd, 8638774.746, 107
Trd, 8638775.779, 118
Trd, 8638776.379, 115
Trd, 8638776.479, 110
Trd, 8638777.379, 123
Trd, 8638777.512, 111
Trd, 8638777.712, 111
Trd, 8638777.912, 97
Trd, 8638778.012, 73
Trd, 8638778.146, 69
Trd, 8638778.546, 133
Trd, 8638778.746, 63
Trd, 8638779.912, 112
Trd, 8638780.746, 76
Trd, 8638781.312, 99
Trd, 8638782.279, 102
Trd, 8638783.312, 84
Trd, 8638783.346, 75
Trd, 8638783.846, 71
Trd, 8638783.979, 104
Trd, 8638784.046, 101
Trd, 8638784.179, 115
Trd, 8638784.646, 107
Trd, 8638784.712, 106
Trd, 8638784.779, 98
Trd, 8638785.079, 82
Trd, 8638786.146, 124
Trd, 8638786.546, 114
Trd, 8638787.579, 127
Trd, 8638787.846, 116
Trd, 8638788.612, 112
Trd, 8638788.979, 110
Trd, 8638789.112, 130
Trd, 8638789.379, 104
Trd, 8638790.046, 139
Trd, 8638790.146, 117
Trd, 8638790.812, 91
Trd, 8638791.946, 117
Trd, 8638792.479, 116
Trd, 8638792.879, 111
Trd, 8638793.679, 109
Trd, 8638793.812, 107
Trd, 8638794.012, 107
Trd, 8638795.212, 127
Trd, 8638795.512, 124
Trd, 8638796.046, 117
Trd, 8638796.146, 112
Trd, 8638796.546, 102
Trd, 8638796.579, 100
Trd, 8638796.879, 96
Trd, 8638797.179, 101
Trd, 8638797.912, 112
Trd, 8638798.012, 73
Trd, 8638798.512, 138
Trd, 8638799.246, 82
Trd, 8638799.746, 77
Trd, 8638800.146, 87
Trd, 8638800.846, 115
Trd, 8638801.046, 104
Trd, 8638802.079, 119
Trd, 8638802.679, 116
Trd, 8638802.912, 115
Trd, 8638803.112, 113
Trd, 8638803.646, 114
Trd, 8638803.846, 129
Trd, 8638803.979, 108
Trd, 8638804.579, 90
Trd, 8638805.212, 62
Trd, 8638805.512, 76
Trd, 8638807.812, 112
Trd, 8638807.946, 112
Trd, 8638807.979, 111
Trd, 8638808.446, 95
Trd, 8638809.046, 107
Trd, 8638809.212, 99
Trd, 8638809.279, 95
Trd, 8638809.612, 127
Trd, 8638809.812, 120
Trd, 8638810.546, 127
Trd, 8638810.612, 111
Trd, 8638810.712, 105
Trd, 8638811.446, 134
Trd, 8638811.579, 98
Trd, 8638811.946, 80
Trd, 8638813.146, 126
Trd, 8638813.712, 100
Trd, 8638814.012, 99
Trd, 8638814.646, 94
Trd, 8638814.679, 90
Trd, 8638815.512, 96
Trd, 8638815.579, 96
Trd, 8638815.912, 82
Trd, 8638816.979, 99
Trd, 8638817.179, 94
Trd, 8638817.246, 93
Trd, 8638817.979, 133
Trd, 8638818.012, 120
Trd, 8638818.846, 116
Trd, 8638818.879, 105
Trd, 8638819.379, 126
Trd, 8638820.246, 113
Trd, 8638820.846, 105
Trd, 8638820.979, 85
Trd, 8638821.979, 61
Trd, 8638822.446, 85
Trd, 8638823.246, 125
Trd, 8638823.879, 84
Trd, 8638824.846, 71
Trd, 8638825.012, 97
Trd, 8638825.179, 124
Trd, 8638825.912, 72
Trd, 8638826.212, 86
Trd, 8638826.412, 64
Trd, 8638826.512, 102
Trd, 8638827.479, 86
Trd, 8638827.879, 91
Trd, 8638828.412, 69
Trd, 8638828.779, 70
Trd, 8638829.646, 119
Trd, 8638830.246, 110
Trd, 8638830.546, 110
Trd, 8638831.212, 67
Trd, 8638831.379, 103
Trd, 8638832.412, 91
Trd, 8638832.646, 90
Trd, 8638832.812, 81
Trd, 8638833.379, 71
Trd, 8638833.446, 131
Trd, 8638834.412, 99
Trd, 8638834.579, 97
Trd, 8638834.712, 94
Trd, 8638835.246, 106
Trd, 8638835.412, 92
Trd, 8638835.612, 120
Trd, 8638835.646, 114
Trd, 8638836.012, 81
Trd, 8638836.212, 80
Trd, 8638836.812, 94
Trd, 8638836.879, 77
Trd, 8638838.846, 112
Trd, 8638839.246, 111
Trd, 8638840.579, 111
Trd, 8638840.946, 112
Trd, 8638841.579, 122
Trd, 8638842.479, 125
Trd, 8638842.612, 120
Trd, 8638843.146, 111
Trd, 8638843.479, 129
Trd, 8638843.646, 99
Trd, 8638843.912, 94
Trd, 8638843.979, 89
Trd, 8638846.712, 135
Trd, 8638846.779, 128
Trd, 8638847.212, 120
Trd, 8638847.779, 114
Trd, 8638848.079, 136
Trd, 8638848.179, 134
Trd, 8638848.279, 115
Trd, 8638848.746, 101
Trd, 8638848.946, 73
Trd, 8638850.579, 98
Trd, 8638851.312, 113
Trd, 8638851.612, 112
Trd, 8638852.012, 121
Trd, 8638852.079, 119
Trd, 8638852.412, 122
Trd, 8638852.779, 111
Trd, 8638852.912, 110
Trd, 8638853.112, 128
Trd, 8638853.246, 110
Trd, 8638855.412, 106
Trd, 8638855.612, 116
Trd, 8638855.712, 106
Trd, 8638856.346, 120
Trd, 8638857.079, 129
Trd, 8638857.946, 124
Trd, 8638857.979, 123
Trd, 8638858.012, 119
Trd, 8638858.812, 82
Trd, 8638859.946, 91
Trd, 8638860.046, 88
Trd, 8638860.179, 77
Trd, 8638861.179, 127
Trd, 8638861.212, 103
Trd, 8638861.246, 102
Trd, 8638862.179, 128
Trd, 8638862.379, 124
Trd, 8638862.479, 136
Trd, 8638862.746, 133
Trd, 8638863.612, 102
Trd, 8638864.112, 98
Trd, 8638865.346, 105
Trd, 8638865.679, 129
Trd, 8638866.079, 116
Trd, 8638867.812, 104
Trd, 8638868.512, 89
Trd, 8638868.579, 88
Trd, 8638869.112, 92
Trd, 8638869.546, 88
Trd, 8638869.779, 98
Trd, 8638870.112, 98
Trd, 8638870.479, 109
Trd, 8638871.179, 88
Trd, 8638871.979, 123
Trd, 8638872.212, 104
Trd, 8638872.412, 81
Trd, 8638872.846, 104
Trd, 8638873.479, 85
Trd, 8638874.412, 113
Trd, 8638874.479, 101
Trd, 8638874.712, 96
Trd, 8638874.946, 96
Trd, 8638875.646, 76
Trd, 8638875.946, 97
Trd, 8638876.346, 82
Trd, 8638876.446, 77
Trd, 8638877.112, 72
Trd, 8638878.212, 94
Trd, 8638878.512, 81
Trd, 8638879.179, 76
Trd, 8638879.246, 126
Trd, 8638880.146, 119
Trd, 8638880.312, 126
Trd, 8638881.012, 118
Trd, 8638881.546, 114
Trd, 8638881.979, 122
Trd, 8638882.379, 114
Trd, 8638882.912, 114
Trd, 8638883.012, 114
Trd, 8638884.046, 128
Trd, 8638885.179, 113
Trd, 8638885.646, 116
Trd, 8638885.912, 132
Trd, 8638886.012, 129
Trd, 8638886.279, 109
Trd, 8638887.212, 65
Trd, 8638887.846, 66
Trd, 8638887.979, 69
Trd, 8638888.046, 64
Trd, 8638888.446, 82
Trd, 8638889.412, 113
Trd, 8638890.179, 82
Trd, 8638890.346, 121
Trd, 8638890.912, 67
Trd, 8638891.479, 118
Trd, 8638891.779, 110
Trd, 8638892.446, 105
Trd, 8638892.979, 105
Trd, 8638893.212, 106
Trd, 8638893.779, 96
Trd, 8638893.979, 101
Trd, 8638894.946, 122
Trd, 8638896.512, 119
Trd, 8638896.746, 118
Trd, 8638896.946, 93
Trd, 8638897.312, 70
Trd, 8638897.746, 65
Trd, 8638897.779, 69
Trd, 8638898.012, 92
Trd, 8638898.312, 64
Trd, 8638898.912, 137
Trd, 8638899.212, 95
Trd, 8638900.046, 86
Trd, 8638900.146, 85
Trd, 8638901.212, 87
Trd, 8638901.379, 85
Trd, 8638901.479, 96
Trd, 8638902.112, 99
Trd, 8638902.312, 111
Trd, 8638902.712, 139
Trd, 8638902.746, 95
Trd, 8638903.379, 95
Trd, 8638903.612, 93
Trd, 8638903.846, 89
Trd, 8638903.879, 100
Trd, 8638904.579, 129
Trd, 8638905.012, 114
Trd, 8638905.146, 70
Trd, 8638905.946, 66
Trd, 8638906.012, 72
Trd, 8638906.212, 70
Trd, 8638906.779, 97
Trd, 8638906.912, 100
Trd, 8638907.379, 136
Trd, 8638908.346, 114
Trd, 8638908.446, 111
Trd, 8638909.212, 83
Trd, 8638909.912, 69
Trd, 8638909.946, 85
Trd, 8638910.079, 120
Trd, 8638911.212, 79
Trd, 8638911.412, 85
Trd, 8638911.612, 94
Trd, 8638911.712, 126
Trd, 8638912.346, 79
Trd, 8638913.546, 111
Trd, 8638913.779, 93
Trd, 8638914.246, 107
Trd, 8638914.746, 89
Trd, 8638915.279, 94
Trd, 8638915.712, 97
Trd, 8638916.579, 75
Trd, 8638917.012, 74
Trd, 8638917.312, 94
Trd, 8638917.979, 74
Trd, 8638918.612, 81
Trd, 8638920.246, 117
Trd, 8638920.646, 125
Trd, 8638921.412, 88
Trd, 8638921.446, 83
Trd, 8638922.446, 88
Trd, 8638923.212, 96
Trd, 8638923.546, 90
Trd, 8638923.679, 133
Trd, 8638924.212, 83
Trd, 8638925.646, 129
Trd, 8638925.712, 127
Trd, 8638926.279, 120
Trd, 8638926.512, 118
Trd, 8638926.879, 123
Trd, 8638927.446, 121
Trd, 8638927.579, 120
Trd, 8638928.012, 122
Trd, 8638928.079, 128
Trd, 8638928.579, 107
Trd, 8638929.079, 107
Trd, 8638929.112, 106
Trd, 8638929.379, 87
Trd, 8638930.112, 86
Trd, 8638930.146, 83
Trd, 8638931.146, 115
Trd, 8638931.446, 122
Trd, 8638932.379, 126
Trd, 8638932.679, 131
Trd, 8638933.279, 126
Trd, 8638933.846, 125
Trd, 8638934.012, 121
Trd, 8638934.412, 83
Trd, 8638935.146, 60
Trd, 8638935.546, 61
Trd, 8638936.112, 109
Trd, 8638937.279, 115
Trd, 8638937.712, 115
Trd, 8638937.812, 89
Trd, 8638937.946, 85
Trd, 8638938.979, 123
Trd, 8638939.612, 89
Trd, 8638939.812, 93
Trd, 8638940.546, 110
Trd, 8638941.379, 101
Trd, 8638941.646, 110
Trd, 8638942.746, 108
Trd, 8638942.812, 105
Trd, 8638943.346, 88
Trd, 8638943.546, 83
Trd, 8638943.946, 81
Trd, 8638944.112, 91
Trd, 8638944.279, 101
Trd, 8638944.879, 72
Trd, 8638945.212, 91
Trd, 8638945.346, 91
Trd, 8638946.112, 99
Trd, 8638946.812, 89
Trd, 8638946.912, 110
Trd, 8638947.146, 136
Trd, 8638947.312, 78
Trd, 8638947.912, 110
Trd, 8638949.146, 108
Trd, 8638949.446, 104
Trd, 8638949.512, 92
Trd, 8638950.746, 114
Trd, 8638950.812, 110
Trd, 8638951.146, 109
Trd, 8638951.979, 109
Trd, 8638952.212, 104
Trd, 8638952.246, 82
Trd, 8638952.646, 82
Trd, 8638953.012, 77
Trd, 8638954.246, 117
Trd, 8638954.279, 96
Trd, 8638954.779, 118
Trd, 8638955.146, 95
Trd, 8638955.946, 88
Trd, 8638955.979, 120
Trd, 8638956.079, 87
Trd, 8638956.646, 67
Trd, 8638956.879, 68
Trd, 8638957.512, 69
Trd, 8638957.879, 65
Trd, 8638958.312, 75
Trd, 8638959.046, 82
Trd, 8638959.379, 74
Trd, 8638960.112, 88
Trd, 8638960.346, 93
Trd, 8638960.579, 84
Trd, 8638960.812, 116
Trd, 8638960.946, 74
Trd, 8638961.512, 93
Trd, 8638962.046, 106
Trd, 8638962.612, 89
Trd, 8638962.646, 80
Trd, 8638963.246, 87
Trd, 8638963.579, 106
Trd, 8638963.879, 73
Trd, 8638964.512, 107
Trd, 8638964.579, 101
Trd, 8638965.346, 103
Trd, 8638966.979, 125
Trd, 8638967.712, 132
Trd, 8638967.812, 106
Trd, 8638968.379, 110
Trd, 8638968.779, 120
Trd, 8638968.812, 116
Trd, 8638969.312, 119
Trd, 8638970.946, 114
Trd, 8638971.479, 115
Trd, 8638971.712, 134
Trd, 8638971.846, 130
Trd, 8638971.879, 114
Trd, 8638972.346, 106
Trd, 8638972.779, 62
Trd, 8638972.879, 66
Trd, 8638973.079, 60
Trd, 8638973.679, 94
Trd, 8638974.279, 96
Trd, 8638974.912, 96
Trd, 8638975.212, 96
Trd, 8638976.112, 126
Trd, 8638976.546, 81
Trd, 8638976.646, 66
Trd, 8638977.679, 134
Trd, 8638977.812, 131
Trd, 8638978.246, 126
Trd, 8638978.312, 88
Trd, 8638978.379, 61
Trd, 8638979.412, 112
Trd, 8638979.579, 111
Trd, 8638980.246, 78
Trd, 8638980.912, 109
Trd, 8638981.812, 108
Trd, 8638981.946, 128
Trd, 8638982.246, 106
Trd, 8638982.846, 99
Trd, 8638982.879, 76
Trd, 8638983.246, 117
Trd, 8638983.412, 66
Trd, 8638983.779, 119
Trd, 8638984.246, 95
Trd, 8638985.012, 95
Trd, 8638985.046, 92
Trd, 8638985.479, 87
Trd, 8638986.712, 77
Trd, 8638988.112, 97
Trd, 8638988.412, 110
Trd, 8638988.679, 95
Trd, 8638988.812, 75
Trd, 8638989.279, 102
Trd, 8638989.346, 101
Trd, 8638989.879, 103
Trd, 8638989.912, 114
Trd, 8638990.679, 132
Trd, 8638991.012, 102
Trd, 8638991.879, 140
Trd, 8638991.912, 133
Trd, 8638992.112, 105
Trd, 8638993.179, 120
Trd, 8638993.512, 96
Trd, 8638993.746, 80
Trd, 8638993.912, 135
Trd, 8638994.246, 89
Trd, 8638994.746, 118
Trd, 8638995.379, 87
Trd, 8638995.846, 140
Trd, 8638995.912, 123
Trd, 8638997.379, 89
Trd, 8638997.646, 105
Trd, 8638998.079, 92
Trd, 8638998.479, 76
Trd, 8638998.679, 71
Trd, 8638999.046, 78
Trd, 8639000.146, 134
Trd, 8639000.279, 134
Trd, 8639000.379, 133
Trd, 8639000.412, 132
Trd, 8639000.512, 127
Trd, 8639000.779, 75
Trd, 8639001.679, 121
Trd, 8639001.746, 120
Trd, 8639002.679, 118
Trd, 8639003.179, 130
Trd, 8639003.746, 117
Trd, 8639004.079, 112
Trd, 8639004.412, 126
Trd, 8639005.079, 87
Trd, 8639006.246, 123
Trd, 8639006.479, 119
Trd, 8639007.146, 115
Trd, 8639007.946, 117
Trd, 8639008.079, 117
Trd, 8639009.046, 116
Trd, 8639009.346, 116
Trd, 8639009.412, 115
Trd, 8639009.679, 119
Trd, 8639009.712, 114
Trd, 8639009.912, 88
Trd, 8639010.212, 95
Trd, 8639011.212, 102
Trd, 8639011.346, 81
Trd, 8639011.979, 88
Trd, 8639012.679, 83
Trd, 8639012.979, 94
Trd, 8639013.279, 105
Trd, 8639013.479, 90
Trd, 8639013.812, 119
Trd, 8639014.712, 106
Trd, 8639015.046, 97
Trd, 8639015.112, 87
Trd, 8639015.279, 64
Trd, 8639016.046, 68
Trd, 8639017.812, 80
Trd, 8639018.446, 80
Trd, 8639018.679, 80
Trd, 8639018.846, 83
Trd, 8639018.912, 104
Trd, 8639018.946, 80
Trd, 8639019.979, 64
Trd, 8639020.412, 64
Trd, 8639021.079, 66
Trd, 8639021.279, 79
Trd, 8639021.346, 95
Trd, 8639021.512, 104
Trd, 8639021.912, 74
Trd, 8639022.079, 107
Trd, 8639022.846, 73
Trd, 8639023.846, 125
Trd, 8639024.746, 86
Trd, 8639024.912, 83
Trd, 8639025.912, 109
Trd, 8639026.179, 119
Trd, 8639026.712, 108
Trd, 8639026.879, 107
Trd, 8639027.546, 129
Trd, 8639028.279, 123
Trd, 8639028.546, 112
Trd, 8639028.946, 98
Trd, 8639029.312, 79
Trd, 8639029.679, 124
Trd, 8639031.912, 121
Trd, 8639032.379, 125
Trd, 8639032.512, 120
Trd, 8639033.012, 120
Trd, 8639033.112, 118
Trd, 8639033.679, 134
Trd, 8639033.779, 128
Trd, 8639034.312, 108
Trd, 8639035.112, 89
Trd, 8639035.412, 98
Trd, 8639035.612, 125
Trd, 8639036.512, 123
Trd, 8639036.712, 114
Trd, 8639037.746, 96
Trd, 8639037.779, 96
Trd, 8639037.879, 92
Trd, 8639037.979, 92
Trd, 8639038.246, 132
Trd, 8639039.146, 117
Trd, 8639039.479, 111
Trd, 8639039.912, 112
Trd, 8639040.379, 99
Trd, 8639040.812, 102
Trd, 8639041.379, 108
Trd, 8639041.412, 107
Trd, 8639041.779, 99
Trd, 8639041.846, 99
Trd, 8639042.679, 108
Trd, 8639043.046, 121
Trd, 8639043.479, 99
Trd, 8639044.446, 122
Trd, 8639044.946, 113
Trd, 8639044.979, 108
Trd, 8639045.779, 121
Trd, 8639046.146, 130
Trd, 8639047.446, 115
Trd, 8639047.612, 79
Trd, 8639048.579, 111
Trd, 8639048.946, 113
Trd, 8639049.379, 112
Trd, 8639049.846, 111
Trd, 8639050.479, 104
Trd, 8639050.679, 124
Trd, 8639050.779, 119
Trd, 8639051.146, 93
Trd, 8639051.546, 109
Trd, 8639051.879, 97
Trd, 8639052.212, 89
Trd, 8639052.712, 76
Trd, 8639053.079, 85
Trd, 8639053.279, 106
Trd, 8639053.746, 77
Trd, 8639056.646, 78
Trd, 8639056.779, 81
Trd, 8639056.846, 85
Trd, 8639057.879, 113
Trd, 8639058.579, 122
Trd, 8639058.979, 135
Trd, 8639059.346, 113
Trd, 8639059.979, 121
Trd, 8639060.146, 122
Trd, 8639060.412, 127
Trd, 8639060.612, 118
Trd, 8639061.079, 137
Trd, 8639061.746, 117
Trd, 8639061.946, 119
Trd, 8639062.312, 137
Trd, 8639062.879, 87
Trd, 8639063.912, 123
Trd, 8639063.979, 104
Trd, 8639064.346, 104
Trd, 8639064.412, 117
Trd, 8639064.679, 87
Trd, 8639065.379, 128
Trd, 8639065.546, 118
Trd, 8639066.212, 92
Trd, 8639066.546, 88
Trd, 8639066.812, 114
Trd, 8639067.012, 120
Trd, 8639068.246, 91
Trd, 8639068.346, 88
Trd, 8639069.279, 114
Trd, 8639069.479, 80
Trd, 8639069.879, 98
Trd, 8639070.446, 66
Trd, 8639070.546, 72
Trd, 8639070.879, 65
Trd, 8639072.079, 83
Trd, 8639072.312, 95
Trd, 8639072.579, 83
Trd, 8639074.312, 89
Trd, 8639074.946, 122
Trd, 8639074.979, 133
Trd, 8639075.146, 117
Trd, 8639075.446, 114
Trd, 8639075.779, 123
Trd, 8639076.546, 126
Trd, 8639077.579, 128
Trd, 8639077.646, 121
Trd, 8639077.679, 120
Trd, 8639077.912, 115
Trd, 8639079.412, 118
Trd, 8639079.646, 105
Trd, 8639079.679, 103
Trd, 8639080.046, 87
Trd, 8639080.679, 108
Trd, 8639080.946, 98
Trd, 8639082.446, 114
Trd, 8639082.712, 114
Trd, 8639082.946, 120
Trd, 8639083.246, 107
Trd, 8639083.312, 90
Trd, 8639083.546, 107
Trd, 8639084.512, 114
Trd, 8639084.812, 114
Trd, 8639084.979, 82
Trd, 8639085.012, 81
Trd, 8639085.679, 100
Trd, 8639085.746, 96
Trd, 8639086.479, 114
Trd, 8639087.712, 102
Trd, 8639088.412, 103
Trd, 8639089.112, 103
Trd, 8639089.412, 91
Trd, 8639090.179, 109
Trd, 8639090.279, 119
Trd, 8639090.379, 85
Trd, 8639091.146, 84
Trd, 8639091.346, 106
Trd, 8639091.679, 101
Trd, 8639091.879, 94
Trd, 8639092.646, 78
Trd, 8639092.779, 95
Trd, 8639092.912, 78
Trd, 8639093.212, 84
Trd, 8639094.046, 74
Trd, 8639094.612, 103
Trd, 8639095.546, 124
Trd, 8639095.612, 124
Trd, 8639095.846, 72
Trd, 8639096.479, 61
Trd, 8639096.746, 136
Trd, 8639097.446, 135
Trd, 8639097.946, 131
Trd, 8639098.346, 129
Trd, 8639098.412, 110
Trd, 8639098.479, 100
Trd, 8639098.779, 125
Trd, 8639099.346, 73
Trd, 8639100.146, 78
Trd, 8639101.012, 130
Trd, 8639101.146, 129
Trd, 8639101.546, 128
Trd, 8639102.212, 123
Trd, 8639102.679, 119
Trd, 8639103.646, 137
Trd, 8639104.012, 128
Trd, 8639104.346, 115
Trd, 8639105.279, 91
Trd, 8639106.212, 96
Trd, 8639106.746, 102
Trd, 8639106.779, 104
Trd, 8639106.979, 132
Trd, 8639107.346, 89
Trd, 8639107.579, 89
Trd, 8639107.979, 115
Trd, 8639108.212, 112
Trd, 8639108.412, 112
Trd, 8639108.712, 93
Trd, 8639108.879, 124
Trd, 8639109.146, 127
Trd, 8639109.346, 79
Trd, 8639111.279, 115
Trd, 8639111.412, 116
Trd, 8639111.812, 103
Trd, 8639112.379, 104
Trd, 8639112.846, 127
Trd, 8639112.879, 129
Trd, 8639112.946, 132
Trd, 8639113.079, 126
Trd, 8639113.379, 124
Trd, 8639113.912, 120
Trd, 8639114.446, 106
Trd, 8639114.979, 97
Trd, 8639115.046, 88
Trd, 8639115.179, 81
Trd, 8639116.079, 140
Trd, 8639117.212, 107
Trd, 8639117.746, 110
Trd, 8639118.546, 129
Trd, 8639118.746, 105
Trd, 8639120.346, 121
Trd, 8639120.779, 115
Trd, 8639121.112, 131
Trd, 8639121.546, 129
Trd, 8639122.479, 139
Trd, 8639122.612, 138
Trd, 8639122.812, 133
Trd, 8639123.846, 124
Trd, 8639124.812, 126
Trd, 8639125.046, 102
Trd, 8639126.512, 131
Trd, 8639126.712, 128
Trd, 8639127.512, 130
Trd, 8639127.546, 129
Trd, 8639127.579, 128
Trd, 8639127.879, 124
Trd, 8639127.946, 119
Trd, 8639128.279, 136
Trd, 8639128.846, 118
Trd, 8639128.912, 106
Trd, 8639129.179, 102
Trd, 8639129.279, 109
Trd, 8639130.546, 135
Trd, 8639130.579, 134
Trd, 8639131.346, 133
Trd, 8639131.779, 92
Trd, 8639132.246, 83
Trd, 8639132.646, 119
Trd, 8639132.779, 103
Trd, 8639133.046, 124
Trd, 8639133.812, 77
Trd, 8639134.812, 112
Trd, 8639134.846, 112
Trd, 8639135.212, 139
Trd, 8639135.612, 85
Trd, 8639136.179, 96
Trd, 8639136.612, 125
Trd, 8639136.646, 112
Trd, 8639138.546, 115
Trd, 8639138.712, 116
Trd, 8639138.879, 114
Trd, 8639139.346, 108
Trd, 8639139.646, 108
Trd, 8639140.212, 116
Trd, 8639140.512, 113
Trd, 8639140.846, 132
Trd, 8639141.346, 128
Trd, 8639141.979, 117
Trd, 8639142.312, 127
Trd, 8639142.512, 124
Trd, 8639143.246, 140
Trd, 8639143.879, 130
Trd, 8639144.679, 111
Trd, 8639144.779, 137
Trd, 8639145.512, 110
Trd, 8639146.179, 123
Trd, 8639146.712, 114
Trd, 8639146.746, 108
Trd, 8639147.079, 88
Trd, 8639147.446, 78
Trd, 8639147.912, 79
Trd, 8639148.012, 100
Trd, 8639148.646, 80
Trd, 8639149.046, 116
Trd, 8639149.779, 120
Trd, 8639149.879, 122
Trd, 8639150.579, 107
Trd, 8639150.612, 101
Trd, 8639152.179, 108
Trd, 8639153.046, 113
Trd, 8639153.412, 113
Trd, 8639153.479, 111
Trd, 8639153.712, 112
Trd, 8639153.946, 111
Trd, 8639154.012, 107
Trd, 8639154.079, 109
Trd, 8639155.046, 99
Trd, 8639155.079, 110
Trd, 8639155.446, 98
Trd, 8639156.346, 93
Trd, 8639156.779, 64
Trd, 8639157.212, 104
Trd, 8639158.146, 81
Trd, 8639158.346, 97
Trd, 8639158.979, 133
Trd, 8639159.112, 94
Trd, 8639159.579, 70
Trd, 8639160.846, 63
Trd, 8639161.612, 83
Trd, 8639162.112, 84
Trd, 8639162.179, 76
Trd, 8639162.346, 85
Trd, 8639162.612, 113
Trd, 8639162.812, 93
Trd, 8639162.912, 92
Trd, 8639163.779, 104
Trd, 8639165.112, 109
Trd, 8639165.579, 126
Trd, 8639166.079, 117
Trd, 8639166.646, 104
Trd, 8639166.946, 90
Trd, 8639167.012, 77
Trd, 8639167.846, 123
Trd, 8639168.012, 113
Trd, 8639168.479, 92
Trd, 8639169.246, 79
Trd, 8639169.279, 86
Trd, 8639169.812, 131
Trd, 8639170.846, 125
Trd, 8639170.879, 120
Trd, 8639171.546, 112
Trd, 8639171.846, 95
Trd, 8639172.012, 103
Trd, 8639172.379, 105
Trd, 8639173.579, 103
Trd, 8639173.912, 94
Trd, 8639174.179, 91
Trd, 8639174.679, 115
Trd, 8639174.812, 91
Trd, 8639175.079, 90
Trd, 8639176.112, 108
Trd, 8639176.446, 110
Trd, 8639176.746, 108
Trd, 8639177.179, 122
Trd, 8639178.379, 65
Trd, 8639179.246, 60
Trd, 8639179.479, 64
Trd, 8639180.346, 71
Trd, 8639180.746, 70
Trd, 8639180.779, 73
Trd, 8639181.879, 114
Trd, 8639181.979, 97
Trd, 8639183.012, 125
Trd, 8639183.312, 139
Trd, 8639184.212, 110
Trd, 8639185.512, 117
Trd, 8639185.579, 117
Trd, 8639185.746, 100
Trd, 8639186.346, 104
Trd, 8639187.079, 132
Trd, 8639187.246, 120
Trd, 8639187.446, 114
Trd, 8639187.846, 99
Trd, 8639189.179, 133
Trd, 8639189.579, 128
Trd, 8639189.979, 127
Trd, 8639190.946, 109
Trd, 8639191.079, 69
Trd, 8639191.212, 86
Trd, 8639191.879, 92
Trd, 8639191.912, 77
Trd, 8639191.979, 76
Trd, 8639193.412, 82
Trd, 8639193.712, 114
Trd, 8639194.012, 113
Trd, 8639194.412, 113
Trd, 8639194.779, 137
Trd, 8639194.846, 112
Trd, 8639194.879, 107
Trd, 8639195.012, 80
Trd, 8639196.246, 66
Trd, 8639196.779, 125
Trd, 8639197.112, 76
Trd, 8639197.846, 134
Trd, 8639198.212, 122
Trd, 8639198.279, 121
Trd, 8639199.379, 115
Trd, 8639199.912, 135
Trd, 8639200.079, 126
Trd, 8639200.512, 106
Trd, 8639200.779, 138
Trd, 8639201.046, 117
Trd, 8639201.146, 108
Trd, 8639201.779, 136
Trd, 8639202.546, 102
Trd, 8639202.646, 102
Trd, 8639202.679, 101
Trd, 8639203.346, 110
Trd, 8639204.112, 86
Trd, 8639204.479, 85
Trd, 8639204.679, 66
Trd, 8639205.412, 79
Trd, 8639206.546, 107
Trd, 8639206.912, 91
Trd, 8639207.479, 112
Trd, 8639207.812, 117
Trd, 8639207.846, 111
Trd, 8639208.112, 110
Trd, 8639209.579, 111
Trd, 8639209.712, 83
Trd, 8639209.779, 77
Trd, 8639209.912, 74
Trd, 8639210.812, 113
Trd, 8639210.946, 117
Trd, 8639211.612, 105
Trd, 8639212.279, 113
Trd, 8639213.246, 134
Trd, 8639213.312, 116
Trd, 8639213.379, 112
Trd, 8639213.846, 106
Trd, 8639215.179, 79
Trd, 8639215.612, 108
Trd, 8639215.879, 71
Trd, 8639216.246, 94
Trd, 8639217.646, 121
Trd, 8639217.679, 111
Trd, 8639217.712, 111
Trd, 8639217.946, 125
Trd, 8639218.446, 110
Trd, 8639218.579, 109
Trd, 8639219.379, 93
Trd, 8639219.579, 88
Trd, 8639220.379, 118
Trd, 8639220.579, 63
Trd, 8639221.012, 120
Trd, 8639221.079, 106
Trd, 8639221.212, 78
Trd, 8639222.079, 123
Trd, 8639222.379, 112
Trd, 8639223.612, 74
Trd, 8639223.879, 81
Trd, 8639224.579, 83
Trd, 8639224.979, 82
Trd, 8639225.412, 73
Trd, 8639226.012, 72
Trd, 8639226.079, 71
Trd, 8639226.712, 107
Trd, 8639227.079, 63
Trd, 8639227.179, 77
Trd, 8639227.246, 79
Trd, 8639227.312, 70
Trd, 8639228.112, 83
Trd, 8639228.212, 75
Trd, 8639228.879, 78
Trd, 8639229.112, 101
Trd, 8639229.979, 70
Trd, 8639230.479, 104
Trd, 8639230.546, 103
Trd, 8639231.046, 98
Trd, 8639231.412, 96
Trd, 8639231.879, 94
Trd, 8639231.946, 94
Trd, 8639233.146, 60
Trd, 8639233.512, 116
Trd, 8639233.612, 87
Trd, 8639234.046, 74
Trd, 8639234.079, 80
Trd, 8639236.012, 95
Trd, 8639236.579, 125
Trd, 8639236.712, 125
Trd, 8639237.246, 76
Trd, 8639237.579, 87
Trd, 8639237.846, 68
Trd, 8639238.646, 63
Trd, 8639239.612, 140
Trd, 8639239.912, 140
Trd, 8639240.379, 134
Trd, 8639241.379, 122
Trd, 8639241.612, 121
Trd, 8639241.679, 121
Trd, 8639242.612, 115
Trd, 8639242.646, 105
Trd, 8639243.212, 81
Trd, 8639244.112, 139
Trd, 8639244.179, 133
Trd, 8639244.479, 109
Trd, 8639244.679, 124
Trd, 8639245.012, 112
Trd, 8639246.679, 111
Trd, 8639247.879, 106
Trd, 8639248.046, 106
Trd, 8639248.146, 103
Trd, 8639248.746, 116
Trd, 8639248.912, 97
Trd, 8639249.246, 93
Trd, 8639249.279, 90
Trd, 8639249.379, 83
Trd, 8639249.679, 84
Trd, 8639249.712, 63
Trd, 8639250.079, 95
Trd, 8639250.546, 77
Trd, 8639250.946, 109
Trd, 8639251.612, 95
Trd, 8639252.046, 116
Trd, 8639252.212, 115
Trd, 8639253.179, 97
Trd, 8639254.046, 93
Trd, 8639254.246, 93
Trd, 8639254.646, 93
Trd, 8639254.912, 104
Trd, 8639255.012, 92
Trd, 8639255.412, 88
Trd, 8639255.679, 80
Trd, 8639257.046, 139
Trd, 8639257.446, 137
Trd, 8639258.146, 138
Trd, 8639258.412, 132
Trd, 8639258.579, 116
Trd, 8639258.779, 102
Trd, 8639258.812, 92
Trd, 8639259.279, 135
Trd, 8639259.446, 134
Trd, 8639260.879, 92
Trd, 8639260.979, 86
Trd, 8639261.412, 69
Trd, 8639261.779, 94
Trd, 8639262.046, 70
Trd, 8639262.212, 127
Trd, 8639262.746, 114
Trd, 8639264.279, 97
Trd, 8639264.879, 86
Trd, 8639265.312, 85
Trd, 8639265.379, 95
Trd, 8639265.546, 82
Trd, 8639265.779, 81
Trd, 8639266.712, 96
Trd, 8639267.779, 132
Trd, 8639267.912, 117
Trd, 8639267.979, 120
Trd, 8639268.879, 121
Trd, 8639269.246, 119
Trd, 8639269.579, 119
Trd, 8639269.646, 117
Trd, 8639269.679, 116
Trd, 8639270.112, 116
Trd, 8639270.579, 130
Trd, 8639270.612, 115
Trd, 8639271.979, 87
Trd, 8639272.679, 90
Trd, 8639273.546, 96
Trd, 8639274.046, 113
Trd, 8639274.112, 83
Trd, 8639274.812, 108
Trd, 8639275.012, 91
Trd, 8639275.546, 98
Trd, 8639275.579, 87
Trd, 8639275.979, 97
Trd, 8639276.312, 102
Trd, 8639276.379, 92
Trd, 8639276.412, 82
Trd, 8639277.046, 82
Trd, 8639277.112, 116
Trd, 8639278.079, 81
Trd, 8639278.579, 121
Trd, 8639278.946, 117
Trd, 8639279.812, 123
Trd, 8639280.179, 122
Trd, 8639280.512, 122
Trd, 8639280.546, 117
Trd, 8639280.846, 116
Trd, 8639281.546, 102
Trd, 8639281.646, 89
Trd, 8639281.846, 68
Trd, 8639283.212, 98
Trd, 8639283.546, 84
Trd, 8639283.612, 82
Trd, 8639283.946, 101
Trd, 8639285.479, 134
Trd, 8639285.879, 125
Trd, 8639286.146, 124
Trd, 8639286.479, 111
Trd, 8639286.712, 105
Trd, 8639286.946, 97
Trd, 8639287.046, 91
Trd, 8639287.346, 120
Trd, 8639288.146, 118
Trd, 8639288.879, 118
Trd, 8639289.412, 110
Trd, 8639289.846, 111
Trd, 8639290.079, 110
Trd, 8639290.212, 105
Trd, 8639290.646, 110
Trd, 8639290.712, 109
Trd, 8639291.212, 105
Trd, 8639292.079, 95
Trd, 8639294.079, 67
Trd, 8639295.612, 60
Trd, 8639296.412, 92
Trd, 8639296.746, 92
Trd, 8639296.912, 100
Trd, 8639298.112, 72
Trd, 8639298.146, 71
Trd, 8639298.679, 101
Trd, 8639298.712, 79
Trd, 8639299.146, 94
Trd, 8639299.179, 94
Trd, 8639299.279, 81
Trd, 8639299.546, 79
Trd, 8639299.746, 78
Trd, 8639300.246, 68
Trd, 8639300.946, 89
Trd, 8639300.979, 92
Trd, 8639301.979, 63
Trd, 8639302.112, 69
Trd, 8639302.312, 99
Trd, 8639303.346, 65
Trd, 8639304.179, 129
Trd, 8639304.946, 109
Trd, 8639305.512, 108
Trd, 8639305.579, 107
Trd, 8639305.679, 104
Trd, 8639305.912, 114
Trd, 8639306.179, 103
Trd, 8639306.346, 84
Trd, 8639307.679, 73
Trd, 8639307.846, 101
Trd, 8639309.112, 116
Trd, 8639309.212, 123
Trd, 8639309.679, 114
Trd, 8639309.879, 110
Trd, 8639310.912, 109
Trd, 8639311.312, 109
Trd, 8639311.712, 136
Trd, 8639311.779, 130
Trd, 8639312.679, 130
Trd, 8639313.179, 128
Trd, 8639313.246, 124
Trd, 8639313.546, 128
Trd, 8639313.746, 86
Trd, 8639314.579, 101
Trd, 8639315.079, 104
Trd, 8639315.446, 73
Trd, 8639315.612, 114
Trd, 8639316.412, 133
Trd, 8639316.579, 108
Trd, 8639317.179, 88
Trd, 8639317.712, 104
Trd, 8639317.912, 99
Trd, 8639318.046, 97
Trd, 8639318.412, 89
Trd, 8639318.846, 83
Trd, 8639320.212, 84
Trd, 8639320.879, 65
Trd, 8639321.779, 79
Trd, 8639321.912, 89
Trd, 8639321.979, 67
Trd, 8639322.879, 104
Trd, 8639323.212, 100
Trd, 8639323.512, 112
Trd, 8639323.879, 111
Trd, 8639324.179, 136
Trd, 8639324.212, 110
Trd, 8639324.746, 110
Trd, 8639326.512, 122
Trd, 8639327.379, 117
Trd, 8639327.479, 116
Trd, 8639327.779, 110
Trd, 8639327.846, 108
Trd, 8639328.379, 105
Trd, 8639328.779, 104
Trd, 8639328.812, 100
Trd, 8639328.846, 82
Trd, 8639329.212, 73
Trd, 8639329.579, 130
Trd, 8639330.146, 82
Trd, 8639330.512, 124
Trd, 8639331.379, 84
Trd, 8639332.246, 119
Trd, 8639332.379, 98
Trd, 8639332.946, 77
Trd, 8639333.146, 65
Trd, 8639333.246, 90
Trd, 8639333.912, 64
Trd, 8639335.246, 128
Trd, 8639335.446, 133
Trd, 8639335.546, 103
Trd, 8639335.812, 69
Trd, 8639336.112, 61
Trd, 8639337.646, 87
Trd, 8639337.979, 104
Trd, 8639338.012, 105
Trd, 8639338.446, 101
Trd, 8639338.946, 101
Trd, 8639339.246, 106
Trd, 8639339.579, 102
Trd, 8639339.646, 86
Trd, 8639339.879, 134
Trd, 8639340.012, 75
Trd, 8639340.946, 120
Trd, 8639341.079, 87
Trd, 8639341.746, 86
Trd, 8639342.012, 63
Trd, 8639342.846, 118
Trd, 8639344.446, 104
Trd, 8639344.512, 104
Trd, 8639344.846, 119
Trd, 8639344.946, 101
Trd, 8639345.079, 100
Trd, 8639345.112, 84
Trd, 8639346.112, 93
Trd, 8639346.412, 123
Trd, 8639347.179, 121
Trd, 8639347.612, 118
Trd, 8639348.279, 113
Trd, 8639348.312, 104
Trd, 8639348.846, 138
Trd, 8639348.912, 112
Trd, 8639348.979, 100
Trd, 8639350.579, 111
Trd, 8639350.812, 107
Trd, 8639351.179, 65
Trd, 8639351.746, 71
Trd, 8639352.112, 82
Trd, 8639352.146, 69
Trd, 8639352.346, 67
Trd, 8639352.412, 98
Trd, 8639353.679, 74
Trd, 8639354.912, 81
Trd, 8639355.279, 67
Trd, 8639355.612, 78
Trd, 8639356.079, 116
Trd, 8639356.912, 79
Trd, 8639357.679, 66
Trd, 8639357.779, 69
Trd, 8639358.879, 105
Trd, 8639359.012, 107
Trd, 8639359.679, 129
Trd, 8639360.546, 137
Trd, 8639360.612, 130
Trd, 8639361.212, 136
Trd, 8639361.246, 115
Trd, 8639361.646, 112
Trd, 8639361.679, 107
Trd, 8639361.946, 115
Trd, 8639362.112, 81
Trd, 8639363.212, 80
Trd, 8639363.279, 73
Trd, 8639363.412, 80
Trd, 8639363.746, 113
Trd, 8639364.646, 138
Trd, 8639365.079, 137
Trd, 8639365.146, 136
Trd, 8639365.979, 126
Trd, 8639366.246, 111
Trd, 8639366.579, 99
Trd, 8639367.012, 98
Trd, 8639368.012, 118
Trd, 8639368.446, 101
Trd, 8639368.679, 104
Trd, 8639368.979, 124
Trd, 8639369.546, 121
Trd, 8639369.612, 121
Trd, 8639369.946, 93
Trd, 8639370.312, 93
Trd, 8639371.612, 99
Trd, 8639372.046, 129
Trd, 8639372.246, 111
Trd, 8639372.979, 110
Trd, 8639373.546, 129
Trd, 8639373.746, 114
Trd, 8639373.812, 113
Trd, 8639374.912, 133
Trd, 8639374.946, 132
Trd, 8639375.146, 106
Trd, 8639376.146, 103
Trd, 8639376.746, 134
Trd, 8639376.879, 98
Trd, 8639377.146, 123
Trd, 8639377.979, 116
Trd, 8639378.146, 111
Trd, 8639378.712, 111
Trd, 8639379.212, 103
Trd, 8639379.846, 113
Trd, 8639380.279, 106
Trd, 8639380.479, 111
Trd, 8639381.712, 118
Trd, 8639382.246, 96
Trd, 8639382.379, 93
Trd, 8639382.546, 93
Trd, 8639382.946, 63
Trd, 8639383.479, 91
Trd, 8639383.579, 94
Trd, 8639384.179, 113
Trd, 8639384.379, 80
Trd, 8639384.512, 117
Trd, 8639384.912, 98
Trd, 8639384.946, 73
Trd, 8639387.179, 61
Trd, 8639387.646, 63
Trd, 8639388.079, 102
Trd, 8639388.379, 82
Trd, 8639388.646, 81
Trd, 8639389.079, 81
Trd, 8639389.546, 76
Trd, 8639389.879, 89
Trd, 8639390.212, 107
Trd, 8639390.279, 78
Trd, 8639391.479, 113
Trd, 8639391.579, 90
Trd, 8639392.412, 78
Trd, 8639393.312, 83
Trd, 8639393.379, 102
Trd, 8639393.479, 76
Trd, 8639393.912, 110
Trd, 8639394.779, 92
Trd, 8639394.846, 90
Trd, 8639394.879, 89
Trd, 8639396.846, 82
Trd, 8639397.912, 130
Trd, 8639397.979, 124
Trd, 8639398.112, 88
Trd, 8639398.312, 110
Trd, 8639398.846, 102
Trd, 8639398.912, 106
Trd, 8639399.746, 110
Trd, 8639400.246, 120
Trd, 8639400.746, 75
Trd, 8639401.112, 74
Trd, 8639401.346, 80
Trd, 8639401.946, 118
Trd, 8639402.112, 106
Trd, 8639402.712, 106
Trd, 8639402.979, 78
Trd, 8639403.046, 108
Trd, 8639403.846, 66
Trd, 8639404.146, 115
Trd, 8639404.746, 74
Trd, 8639404.979, 92
Trd, 8639406.646, 140
Trd, 8639407.246, 123
Trd, 8639407.946, 93
Trd, 8639408.079, 92
Trd, 8639408.346, 92
Trd, 8639408.379, 89
Trd, 8639408.479, 101
Trd, 8639408.912, 134
Trd, 8639409.479, 83
Trd, 8639410.312, 65
Trd, 8639411.012, 61
Trd, 8639411.512, 102
Trd, 8639411.946, 94
Trd, 8639412.046, 114
Trd, 8639412.146, 121
Trd, 8639412.546, 132
Trd, 8639412.612, 100
Trd, 8639412.946, 70
Trd, 8639413.479, 65
Trd, 8639413.979, 69
Trd, 8639414.846, 60
Trd, 8639415.712, 72
Trd, 8639415.946, 87
Trd, 8639416.079, 88
Trd, 8639416.846, 74
Trd, 8639417.079, 82
Trd, 8639417.212, 86
Trd, 8639417.746, 95
Trd, 8639418.612, 79
Trd, 8639419.312, 124
Trd, 8639419.346, 123
Trd, 8639420.012, 77
Trd, 8639420.079, 128
Trd, 8639420.379, 127
Trd, 8639420.412, 111
Trd, 8639420.679, 81
Trd, 8639420.746, 83
Trd, 8639421.379, 96
Trd, 8639421.679, 87
Trd, 8639421.912, 86
Trd, 8639423.212, 108
Trd, 8639423.779, 84
Trd, 8639424.312, 72
Trd, 8639424.946, 91
Trd, 8639425.146, 92
Trd, 8639425.579, 86
Trd, 8639426.512, 137
Trd, 8639426.646, 136
Trd, 8639426.846, 131
Trd, 8639427.679, 126
Trd, 8639428.579, 121
Trd, 8639428.679, 116
Trd, 8639428.779, 107
Trd, 8639428.946, 87
Trd, 8639429.112, 71
Trd, 8639429.979, 139
Trd, 8639430.346, 134
Trd, 8639430.479, 92
Trd, 8639430.712, 73
Trd, 8639431.779, 76
Trd, 8639432.079, 77
Trd, 8639432.112, 67
Trd, 8639432.579, 76
Trd, 8639432.779, 68
Trd, 8639433.646, 67
Trd, 8639434.212, 88
Trd, 8639435.112, 88
Trd, 8639435.579, 91
Trd, 8639435.712, 125
Trd, 8639436.246, 106
Trd, 8639436.412, 97
Trd, 8639436.579, 97
Trd, 8639437.046, 89
Trd, 8639437.579, 88
Trd, 8639437.846, 99
Trd, 8639439.079, 109
Trd, 8639439.112, 67
Trd, 8639439.812, 96
Trd, 8639439.846, 108
Trd, 8639440.112, 70
Trd, 8639440.679, 125
Trd, 8639441.079, 83
Trd, 8639442.446, 132
Trd, 8639442.912, 131
Trd, 8639443.379, 130
Trd, 8639443.646, 105
Trd, 8639443.946, 101
Trd, 8639444.312, 98
Trd, 8639445.046, 89
Trd, 8639445.479, 80
Trd, 8639446.579, 91
Trd, 8639446.879, 91
Trd, 8639447.379, 87
Trd, 8639447.579, 79
Trd, 8639448.379, 113
Trd, 8639448.979, 115
Trd, 8639449.079, 72
Trd, 8639449.679, 77
Trd, 8639449.712, 72
Trd, 8639449.879, 72
Trd, 8639450.046, 60
Trd, 8639450.246, 65
Trd, 8639451.512, 119
Trd, 8639451.946, 84
Trd, 8639452.046, 66
Trd, 8639452.279, 113
Trd, 8639453.379, 114
Trd, 8639454.479, 63
Trd, 8639454.546, 61
Trd, 8639455.979, 118
Trd, 8639456.012, 130
Trd, 8639456.112, 118
Trd, 8639456.146, 116
Trd, 8639456.712, 131
Trd, 8639456.979, 131
Trd, 8639457.746, 124
Trd, 8639458.012, 133
Trd, 8639458.112, 120
Trd, 8639458.546, 137
Trd, 8639458.679, 91
Trd, 8639458.779, 91
Trd, 8639459.246, 88
Trd, 8639459.379, 78
Trd, 8639459.579, 78
Trd, 8639459.679, 64
Trd, 8639460.546, 132
Trd, 8639461.979, 94
Trd, 8639462.646, 140
Trd, 8639462.946, 139
Trd, 8639463.012, 96
Trd, 8639463.212, 100
Trd, 8639463.679, 94
Trd, 8639464.112, 112
Trd, 8639465.612, 115
Trd, 8639465.979, 110
Trd, 8639466.879, 137
Trd, 8639467.046, 126
Trd, 8639467.412, 118
Trd, 8639468.046, 121
Trd, 8639468.279, 97
Trd, 8639468.846, 138
Trd, 8639468.879, 132
Trd, 8639469.646, 130
Trd, 8639470.079, 137
Trd, 8639470.546, 116
Trd, 8639470.646, 115
Trd, 8639471.146, 93
Trd, 8639471.379, 70
Trd, 8639471.746, 122
Trd, 8639472.112, 113
Trd, 8639473.246, 93
Trd, 8639473.612, 116
Trd, 8639473.746, 91
Trd, 8639475.012, 89
Trd, 8639475.346, 134
Trd, 8639476.079, 122
Trd, 8639476.379, 101
Trd, 8639476.746, 73
Trd, 8639477.012, 72
Trd, 8639477.346, 119
Trd, 8639477.746, 139
Trd, 8639477.912, 104
Trd, 8639478.512, 102
Trd, 8639479.046, 122
Trd, 8639479.112, 121
Trd, 8639479.212, 121
Trd, 8639479.412, 100
Trd, 8639479.779, 121
Trd, 8639480.479, 82
Trd, 8639480.679, 74
Trd, 8639481.146, 70
Trd, 8639482.579, 107
Trd, 8639483.512, 108
Trd, 8639483.812, 113
Trd, 8639484.146, 106
Trd, 8639484.679, 103
Trd, 8639484.712, 132
Trd, 8639485.446, 112
Trd, 8639486.679, 86
Trd, 8639487.446, 111
Trd, 8639487.546, 105
Trd, 8639487.579, 81
Trd, 8639487.679, 111
Trd, 8639487.712, 126
Trd, 8639488.146, 130
Trd, 8639488.279, 119
Trd, 8639488.679, 130
Trd, 8639489.746, 120
Trd, 8639490.146, 94
Trd, 8639490.879, 124
Trd, 8639491.112, 123
Trd, 8639491.779, 114
Trd, 8639491.946, 91
Trd, 8639492.412, 81
Trd, 8639492.512, 78
Trd, 8639493.346, 104
Trd, 8639493.846, 75
Trd, 8639494.512, 93
Trd, 8639495.246, 128
Trd, 8639496.079, 118
Trd, 8639496.712, 120
Trd, 8639497.379, 107
Trd, 8639497.779, 105
Trd, 8639497.846, 104
Trd, 8639498.112, 134
Trd, 8639498.279, 97
Trd, 8639499.146, 119
Trd, 8639499.512, 139
Trd, 8639499.679, 118
Trd, 8639499.712, 109
Trd, 8639499.879, 105
Trd, 8639500.112, 105
Trd, 8639500.412, 77
Trd, 8639500.879, 109
Trd, 8639501.279, 106
Trd, 8639501.546, 132
Trd, 8639502.312, 111
Trd, 8639502.346, 105
Trd, 8639502.879, 107
Trd, 8639503.846, 137
Trd, 8639504.312, 127
Trd, 8639504.712, 81
Trd, 8639505.212, 135
Trd, 8639505.412, 113
Trd, 8639505.912, 111
Trd, 8639506.012, 106
Trd, 8639506.146, 95
Trd, 8639506.646, 77
Trd, 8639506.712, 83
Trd, 8639507.779, 127
Trd, 8639508.246, 126
Trd, 8639508.946, 125
Trd, 8639509.179, 105
Trd, 8639509.779, 78
Trd, 8639510.646, 133
Trd, 8639511.046, 135
Trd, 8639511.112, 134
Trd, 8639511.912, 131
Trd, 8639512.012, 125
Trd, 8639512.246, 115
Trd, 8639512.712, 93
Trd, 8639512.979, 118
Trd, 8639513.646, 103
Trd, 8639514.379, 125
Trd, 8639514.479, 120
Trd, 8639514.646, 94
Trd, 8639516.179, 109
Trd, 8639516.479, 80
Trd, 8639516.779, 77
Trd, 8639517.146, 86
Trd, 8639517.212, 94
Trd, 8639517.379, 93
Trd, 8639517.912, 103
Trd, 8639518.079, 122
Trd, 8639518.746, 96
Trd, 8639518.779, 95
Trd, 8639519.212, 90
Trd, 8639520.346, 112
Trd, 8639521.146, 132
Trd, 8639521.446, 126
Trd, 8639521.479, 122
Trd, 8639521.912, 108
Trd, 8639522.846, 101
Trd, 8639524.412, 105
Trd, 8639524.546, 93
Trd, 8639524.946, 75
Trd, 8639525.312, 87
Trd, 8639525.512, 90
Trd, 8639525.812, 83
Trd, 8639526.612, 114
Trd, 8639527.046, 92
Trd, 8639527.679, 133
Trd, 8639528.246, 101
Trd, 8639528.746, 88
Trd, 8639529.612, 132
Trd, 8639530.712, 61
Trd, 8639531.012, 68
Trd, 8639531.712, 84
Trd, 8639532.012, 84
Trd, 8639532.146, 91
Trd, 8639532.746, 114
Trd, 8639533.479, 93
Trd, 8639534.346, 116
Trd, 8639534.546, 115
Trd, 8639534.646, 115
Trd, 8639535.079, 119
Trd, 8639535.479, 115
Trd, 8639535.979, 139
Trd, 8639536.346, 116
Trd, 8639536.579, 114
Trd, 8639536.779, 112
Trd, 8639538.479, 121
Trd, 8639538.579, 114
Trd, 8639538.946, 110
Trd, 8639539.279, 129
Trd, 8639539.379, 128
Trd, 8639539.579, 109
Trd, 8639539.879, 122
Trd, 8639540.346, 128
Trd, 8639541.012, 116
Trd, 8639542.079, 140
Trd, 8639542.212, 138
Trd, 8639542.312, 98
Trd, 8639543.046, 123
Trd, 8639543.312, 111
Trd, 8639543.512, 96
Trd, 8639544.179, 99
Trd, 8639544.446, 93
Trd, 8639545.212, 91
Trd, 8639545.779, 88
Trd, 8639545.879, 104
Trd, 8639546.446, 96
Trd, 8639547.112, 139
Trd, 8639547.279, 82
Trd, 8639547.479, 83
Trd, 8639548.146, 102
Trd, 8639549.379, 103
Trd, 8639550.579, 115
Trd, 8639551.512, 112
Trd, 8639552.079, 104
Trd, 8639552.379, 128
Trd, 8639552.679, 103
Trd, 8639552.979, 119
Trd, 8639553.312, 133
Trd, 8639553.379, 104
Trd, 8639554.512, 123
Trd, 8639554.746, 123
Trd, 8639554.946, 107
Trd, 8639555.412, 77
Trd, 8639556.412, 87
Trd, 8639556.679, 88
Trd, 8639556.712, 84
Trd, 8639557.146, 85
Trd, 8639557.679, 103
Trd, 8639557.712, 97
Trd, 8639557.979, 129
Trd, 8639558.112, 111
Trd, 8639558.346, 79
Trd, 8639559.379, 62
Trd, 8639559.646, 71
Trd, 8639560.146, 62
Trd, 8639560.879, 104
Trd, 8639561.412, 104
Trd, 8639561.512, 99
Trd, 8639561.979, 98
Trd, 8639562.446, 111
Trd, 8639562.579, 100
Trd, 8639562.879, 100
Trd, 8639563.012, 129
Trd, 8639563.846, 129
Trd, 8639564.479, 106
Trd, 8639564.946, 108
Trd, 8639565.312, 105
Trd, 8639565.612, 104
Trd, 8639566.212, 106
Trd, 8639566.746, 96
Trd, 8639567.312, 94
Trd, 8639567.812, 93
Trd, 8639567.912, 84
Trd, 8639568.579, 88
Trd, 8639569.046, 65
Trd, 8639569.612, 111
Trd, 8639570.446, 119
Trd, 8639571.246, 135
Trd, 8639571.346, 124
Trd, 8639571.679, 132
Trd, 8639571.712, 118
Trd, 8639571.979, 118
Trd, 8639572.212, 84
Trd, 8639572.646, 91
Trd, 8639573.379, 82
Trd, 8639573.746, 87
Trd, 8639574.546, 68
Trd, 8639575.179, 67
Trd, 8639575.279, 83
Trd, 8639576.579, 87
Trd, 8639576.612, 86
Trd, 8639576.712, 90
Trd, 8639576.879, 116
Trd, 8639577.112, 83
Trd, 8639577.446, 117
Trd, 8639578.546, 106
Trd, 8639578.679, 88
Trd, 8639578.979, 88
Trd, 8639579.012, 81
Trd, 8639580.246, 96
Trd, 8639580.312, 109
Trd, 8639580.746, 132
Trd, 8639581.212, 122
Trd, 8639581.579, 99
Trd, 8639582.279, 85
Trd, 8639582.879, 126
Trd, 8639583.846, 133
Trd, 8639583.946, 132
Trd, 8639584.179, 107
Trd, 8639584.246, 105
Trd, 8639585.312, 83
Trd, 8639585.346, 82
Trd, 8639585.812, 92
Trd, 8639586.379, 68
Trd, 8639586.612, 96
Trd, 8639587.279, 72
Trd, 8639587.546, 77
Trd, 8639587.946, 93
Trd, 8639588.512, 77
Trd, 8639588.746, 95
Trd, 8639588.779, 77
Trd, 8639588.879, 67
Trd, 8639589.746, 108
Trd, 8639590.479, 87
Trd, 8639591.146, 116
Trd, 8639591.346, 132
Trd, 8639591.679, 122
Trd, 8639592.312, 124
Trd, 8639592.546, 117
Trd, 8639592.812, 117
Trd, 8639593.612, 116
Trd, 8639594.012, 111
Trd, 8639594.179, 81
Trd, 8639595.746, 139
Trd, 8639596.012, 124
Trd, 8639596.246, 109
Trd, 8639596.446, 84
Trd, 8639596.912, 100
Trd, 8639597.646, 106
Trd, 8639597.912, 95
Trd, 8639598.279, 95
Trd, 8639598.846, 136
Trd, 8639599.179, 103
Trd, 8639600.012, 121
Trd, 8639600.812, 79
Trd, 8639602.679, 134
Trd, 8639602.946, 129
Trd, 8639603.079, 121
Trd, 8639603.312, 92
Trd, 8639603.579, 130
Trd, 8639603.712, 118
Trd, 8639604.112, 128
Trd, 8639604.246, 104
Trd, 8639604.312, 102
Trd, 8639604.712, 88
Trd, 8639605.212, 122
Trd, 8639605.279, 114
Trd, 8639606.512, 115
Trd, 8639607.012, 107
Trd, 8639607.112, 111
Trd, 8639607.212, 103
Trd, 8639608.279, 62
Trd, 8639608.646, 67
Trd, 8639609.279, 96
Trd, 8639610.212, 64
Trd, 8639610.379, 74
Trd, 8639610.646, 82
Trd, 8639611.179, 76
Trd, 8639611.546, 104
Trd, 8639611.612, 103
Trd, 8639612.646, 86
Trd, 8639613.046, 86
Trd, 8639613.146, 104
Trd, 8639613.646, 98
Trd, 8639615.012, 132
Trd, 8639615.279, 108
Trd, 8639616.112, 108
Trd, 8639616.179, 93
Trd, 8639616.512, 119
Trd, 8639617.379, 103
Trd, 8639617.579, 102
Trd, 8639617.979, 111
Trd, 8639618.412, 131
Trd, 8639619.079, 135
Trd, 8639619.679, 135
Trd, 8639619.746, 134
Trd, 8639619.779, 132
Trd, 8639619.879, 118
Trd, 8639619.979, 117
Trd, 8639620.379, 110
Trd, 8639620.846, 86
Trd, 8639621.812, 111
Trd, 8639621.912, 120
Trd, 8639622.079, 127
Trd, 8639623.012, 85
Trd, 8639623.579, 86
Trd, 8639624.079, 87
Trd, 8639624.146, 75
Trd, 8639625.846, 95
Trd, 8639625.912, 100
Trd, 8639626.379, 80
Trd, 8639626.546, 75
Trd, 8639626.812, 88
Trd, 8639626.846, 87
Trd, 8639626.979, 72
Trd, 8639628.179, 101
Trd, 8639628.279, 97
Trd, 8639628.346, 96
Trd, 8639630.479, 78
Trd, 8639630.646, 77
Trd, 8639631.546, 101
Trd, 8639632.046, 120
Trd, 8639632.179, 128
Trd, 8639633.779, 125
Trd, 8639634.279, 94
Trd, 8639634.646, 132
Trd, 8639634.979, 131
Trd, 8639635.312, 126
Trd, 8639636.412, 139
Trd, 8639636.512, 133
Trd, 8639637.212, 103
Trd, 8639637.579, 99
Trd, 8639637.779, 95
Trd, 8639637.912, 129
Trd, 8639638.412, 106
Trd, 8639638.646, 109
Trd, 8639638.879, 102
Trd, 8639639.312, 96
Trd, 8639639.512, 96
Trd, 8639640.179, 123
Trd, 8639640.379, 91
Trd, 8639641.312, 76
Trd, 8639642.046, 67
Trd, 8639642.846, 123
Trd, 8639642.879, 122
Trd, 8639643.379, 109
Trd, 8639643.512, 105
Trd, 8639643.812, 103
Trd, 8639644.379, 121
Trd, 8639644.412, 105
Trd, 8639644.646, 102
Trd, 8639645.246, 112
Trd, 8639645.546, 133
Trd, 8639646.146, 129
Trd, 8639646.446, 128
Trd, 8639646.479, 120
Trd, 8639647.346, 98
Trd, 8639647.446, 98
Trd, 8639648.512, 101
Trd, 8639649.479, 97
Trd, 8639649.912, 131
Trd, 8639649.979, 123
Trd, 8639650.146, 112
Trd, 8639650.212, 109
Trd, 8639650.346, 76
Trd, 8639650.712, 96
Trd, 8639651.412, 98
Trd, 8639652.479, 91
Trd, 8639652.846, 90
Trd, 8639652.946, 90
Trd, 8639653.046, 89
Trd, 8639653.546, 132
Trd, 8639653.679, 110
Trd, 8639654.546, 130
Trd, 8639655.079, 108
Trd, 8639655.479, 95
Trd, 8639655.746, 85
Trd, 8639656.846, 88
Trd, 8639657.012, 85
Trd, 8639657.146, 95
Trd, 8639658.612, 124
Trd, 8639658.912, 122
Trd, 8639659.012, 94
Trd, 8639659.412, 98
Trd, 8639660.712, 86
Trd, 8639660.979, 82
Trd, 8639661.179, 107
Trd, 8639662.812, 118
Trd, 8639662.846, 112
Trd, 8639663.146, 114
Trd, 8639663.779, 132
Trd, 8639664.179, 117
Trd, 8639664.579, 116
Trd, 8639664.646, 115
Trd, 8639665.112, 131
Trd, 8639665.479, 117
Trd, 8639665.812, 115
Trd, 8639665.846, 111
Trd, 8639665.946, 124
Trd, 8639666.379, 132
Trd, 8639667.512, 90
Trd, 8639667.846, 90
Trd, 8639667.946, 99
Trd, 8639668.212, 93
Trd, 8639668.546, 90
Trd, 8639669.312, 125
Trd, 8639670.212, 109
Trd, 8639670.246, 96
Trd, 8639670.512, 95
Trd, 8639670.546, 94
Trd, 8639671.279, 136
Trd, 8639671.812, 114
Trd, 8639672.312, 105
Trd, 8639672.612, 82
Trd, 8639673.446, 106
Trd, 8639673.946, 100
Trd, 8639674.146, 86
Trd, 8639674.312, 110
Trd, 8639674.412, 131
Trd, 8639674.946, 103
Trd, 8639675.346, 112
Trd, 8639676.212, 112
Trd, 8639676.346, 110
Trd, 8639676.479, 82
Trd, 8639677.079, 90
Trd, 8639677.546, 91
Trd, 8639677.779, 80
Trd, 8639677.812, 77
Trd, 8639678.446, 112
Trd, 8639678.679, 140
Trd, 8639679.312, 74
Trd, 8639680.379, 114
Trd, 8639680.479, 124
Trd, 8639680.679, 108
Trd, 8639680.746, 105
Trd, 8639680.979, 96
Trd, 8639683.546, 76
Trd, 8639683.646, 90
Trd, 8639684.112, 85
Trd, 8639684.579, 102
Trd, 8639685.112, 128
Trd, 8639685.179, 128
Trd, 8639686.212, 134
Trd, 8639686.412, 133
Trd, 8639686.779, 131
Trd, 8639686.812, 128
Trd, 8639686.912, 122
Trd, 8639687.079, 115
Trd, 8639687.712, 122
Trd, 8639687.912, 105
Trd, 8639689.079, 74
Trd, 8639689.112, 72
Trd, 8639689.246, 90
Trd, 8639689.812, 124
Trd, 8639690.212, 125
Trd, 8639691.346, 128
Trd, 8639691.379, 125
Trd, 8639692.146, 132
Trd, 8639692.612, 114
Trd, 8639693.346, 90
Trd, 8639694.012, 80
Trd, 8639694.212, 79
Trd, 8639694.346, 69
Trd, 8639694.746, 126
Trd, 8639695.179, 134
Trd, 8639696.346, 126
Trd, 8639697.212, 104
Trd, 8639697.679, 131
Trd, 8639697.846, 116
Trd, 8639697.912, 77
Trd, 8639698.846, 120
Trd, 8639699.012, 133
Trd, 8639699.179, 131
Trd, 8639699.412, 115
Trd, 8639699.712, 115
Trd, 8639701.112, 121
Trd, 8639702.279, 135
Trd, 8639702.479, 135
Trd, 8639702.746, 132
Trd, 8639703.212, 123
Trd, 8639703.312, 116
Trd, 8639705.146, 114
Trd, 8639705.379, 103
Trd, 8639705.812, 102
Trd, 8639706.479, 117
Trd, 8639706.612, 103
Trd, 8639707.479, 127
Trd, 8639707.812, 98
Trd, 8639707.912, 88
Trd, 8639708.446, 108
Trd, 8639708.779, 117
Trd, 8639709.046, 104
Trd, 8639709.712, 111
Trd, 8639709.879, 110
Trd, 8639710.279, 94
Trd, 8639710.512, 136
Trd, 8639711.546, 111
Trd, 8639711.812, 97
Trd, 8639712.512, 116
Trd, 8639713.412, 119
Trd, 8639713.546, 122
Trd, 8639713.846, 108
Trd, 8639714.112, 107
Trd, 8639714.246, 96
Trd, 8639714.879, 127
Trd, 8639714.912, 122
Trd, 8639715.012, 135
Trd, 8639715.646, 99
Trd, 8639716.046, 86
Trd, 8639717.379, 106
Trd, 8639717.712, 70
Trd, 8639718.146, 62
Trd, 8639718.946, 71
Trd, 8639719.446, 64
Trd, 8639720.146, 61
Trd, 8639720.312, 103
Trd, 8639720.446, 90
Trd, 8639720.579, 117
Trd, 8639720.812, 65
Trd, 8639721.246, 136
Trd, 8639721.679, 128
Trd, 8639721.846, 117
Trd, 8639722.012, 125
Trd, 8639723.412, 122
Trd, 8639723.612, 121
Trd, 8639724.212, 113
Trd, 8639724.312, 114
Trd, 8639724.612, 112
Trd, 8639725.512, 125
Trd, 8639725.679, 103
Trd, 8639725.812, 125
Trd, 8639726.412, 84
Trd, 8639726.779, 70
Trd, 8639726.946, 93
Trd, 8639728.412, 98
Trd, 8639728.446, 79
Trd, 8639729.112, 77
Trd, 8639729.179, 77
Trd, 8639729.946, 122
Trd, 8639730.679, 81
Trd, 8639731.012, 130
Trd, 8639731.612, 124
Trd, 8639732.279, 124
Trd, 8639732.812, 123
Trd, 8639733.712, 118
Trd, 8639733.979, 117
Trd, 8639734.312, 102
Trd, 8639734.712, 101
Trd, 8639734.846, 100
Trd, 8639735.546, 96
Trd, 8639735.679, 82
Trd, 8639736.046, 94
Trd, 8639736.179, 84
Trd, 8639736.646, 129
Trd, 8639737.579, 132
Trd, 8639738.012, 116
Trd, 8639738.446, 93
Trd, 8639738.746, 86
Trd, 8639739.479, 74
Trd, 8639739.812, 114
Trd, 8639740.112, 78
Trd, 8639740.246, 70
Trd, 8639741.579, 81
Trd, 8639742.146, 87
Trd, 8639742.446, 103
Trd, 8639742.546, 103
Trd, 8639743.179, 72
Trd, 8639743.679, 132
Trd, 8639743.912, 126
Trd, 8639744.412, 89
Trd, 8639744.579, 88
Trd, 8639745.779, 127
Trd, 8639746.246, 104
Trd, 8639747.312, 115
Trd, 8639748.046, 94
Trd, 8639748.646, 120
Trd, 8639748.679, 87
Trd, 8639748.712, 135
Trd, 8639748.746, 87
Trd, 8639748.912, 86
Trd, 8639749.412, 78
Trd, 8639749.746, 81
Trd, 8639750.246, 70
Trd, 8639750.579, 78
Trd, 8639752.079, 113
Trd, 8639752.112, 109
Trd, 8639752.446, 91
Trd, 8639753.446, 102
Trd, 8639753.679, 94
Trd, 8639753.812, 91
Trd, 8639753.979, 64
Trd, 8639754.379, 86
Trd, 8639754.679, 64
Trd, 8639755.112, 72
Trd, 8639755.179, 77
Trd, 8639756.146, 63
Trd, 8639756.479, 83
Trd, 8639757.179, 89
Trd, 8639757.612, 115
Trd, 8639757.879, 116
Trd, 8639758.446, 85
Trd, 8639758.612, 93
Trd, 8639758.912, 87
Trd, 8639759.646, 126
Trd, 8639760.479, 126
Trd, 8639761.246, 125
Trd, 8639762.046, 139
Trd, 8639762.346, 129
Trd, 8639762.479, 122
Trd, 8639762.579, 111
Trd, 8639762.779, 121
Trd, 8639762.912, 117
Trd, 8639763.246, 116
Trd, 8639763.512, 116
Trd, 8639764.346, 73
Trd, 8639764.546, 114
Trd, 8639766.546, 95
Trd, 8639766.579, 92
Trd, 8639766.679, 86
Trd, 8639766.812, 75
Trd, 8639767.412, 103
Trd, 8639767.746, 92
Trd, 8639768.179, 90
Trd, 8639768.346, 79
Trd, 8639769.279, 77
Trd, 8639769.812, 81
Trd, 8639770.446, 70
Trd, 8639770.479, 91
Trd, 8639770.779, 70
Trd, 8639771.912, 137
Trd, 8639772.079, 131
Trd, 8639772.246, 130
Trd, 8639772.312, 130
Trd, 8639772.846, 129
Trd, 8639772.979, 114
Trd, 8639773.612, 84
Trd, 8639773.779, 67
Trd, 8639773.846, 84
Trd, 8639774.446, 129
Trd, 8639775.046, 138
Trd, 8639775.579, 122
Trd, 8639775.712, 120
Trd, 8639776.546, 120
Trd, 8639777.079, 95
Trd, 8639777.112, 95
Trd, 8639777.712, 119
Trd, 8639777.979, 99
Trd, 8639779.046, 134
Trd, 8639779.112, 133
Trd, 8639779.879, 135
Trd, 8639780.146, 106
Trd, 8639780.212, 94
Trd, 8639781.746, 137
Trd, 8639782.279, 130
Trd, 8639782.912, 129
Trd, 8639783.246, 128
Trd, 8639783.746, 133
Trd, 8639784.046, 121
Trd, 8639784.079, 120
Trd, 8639784.179, 101
Trd, 8639784.812, 72
Trd, 8639785.146, 86
Trd, 8639786.146, 66
Trd, 8639787.079, 97
Trd, 8639787.146, 95
Trd, 8639787.346, 86
Trd, 8639787.879, 96
Trd, 8639789.446, 75
Trd, 8639789.979, 76
Trd, 8639790.046, 73
Trd, 8639790.279, 71
Trd, 8639790.712, 68
Trd, 8639791.012, 85
Trd, 8639791.812, 130
Trd, 8639792.012, 113
Trd, 8639792.946, 86
Trd, 8639793.012, 84
Trd, 8639793.212, 75
Trd, 8639793.679, 65
Trd, 8639793.846, 106
Trd, 8639794.212, 69
Trd, 8639794.512, 61
Trd, 8639796.279, 62
Trd, 8639796.546, 66
Trd, 8639796.712, 73
Trd, 8639796.912, 75
Trd, 8639797.012, 94
Trd, 8639797.779, 84
Trd, 8639798.312, 64
Trd, 8639798.646, 101
Trd, 8639798.779, 108
Trd, 8639800.079, 117
Trd, 8639800.146, 117
Trd, 8639800.846, 116
Trd, 8639801.046, 132
Trd, 8639802.079, 114
Trd, 8639802.846, 131
Trd, 8639803.012, 108
Trd, 8639803.046, 105
Trd, 8639804.112, 139
Trd, 8639804.146, 118
Trd, 8639804.612, 117
Trd, 8639805.346, 134
Trd, 8639806.012, 121
Trd, 8639806.512, 90
Trd, 8639807.346, 130
Trd, 8639807.979, 117
Trd, 8639808.246, 105
Trd, 8639808.346, 99
Trd, 8639809.212, 134
Trd, 8639809.446, 133
Trd, 8639809.746, 127
Trd, 8639810.379, 137
Trd, 8639810.579, 124
Trd, 8639810.746, 89
Trd, 8639811.212, 133
Trd, 8639811.579, 108
Trd, 8639811.912, 101
Trd, 8639812.912, 111
Trd, 8639813.612, 110
Trd, 8639813.746, 108
Trd, 8639813.979, 95
Trd, 8639814.079, 124
Trd, 8639814.146, 81
Trd, 8639814.979, 103
Trd, 8639816.079, 113
Trd, 8639816.879, 109
Trd, 8639816.946, 109
Trd, 8639817.312, 108
Trd, 8639817.412, 107
Trd, 8639817.979, 118
Trd, 8639818.412, 100
Trd, 8639819.012, 100
Trd, 8639819.679, 86
Trd, 8639819.912, 76
Trd, 8639820.112, 74
Trd, 8639820.746, 82
Trd, 8639820.979, 88
Trd, 8639821.846, 103
Trd, 8639822.379, 108
Trd, 8639823.012, 88
Trd, 8639823.879, 83
Trd, 8639824.179, 71
Trd, 8639824.612, 76
Trd, 8639825.012, 90
Trd, 8639825.512, 92
Trd, 8639826.679, 89
Trd, 8639826.779, 87
Trd, 8639827.012, 84
Trd, 8639827.146, 70
Trd, 8639827.712, 94
Trd, 8639827.879, 82
Trd, 8639827.912, 70
Trd, 8639828.212, 87
Trd, 8639828.712, 73
Trd, 8639828.746, 103
Trd, 8639830.112, 140
Trd, 8639830.612, 140
Trd, 8639831.246, 131
Trd, 8639831.279, 117
Trd, 8639832.179, 129
Trd, 8639832.246, 124
Trd, 8639832.379, 112
Trd, 8639833.746, 122
Trd, 8639833.779, 122
Trd, 8639833.812, 121
Trd, 8639834.446, 80
Trd, 8639834.912, 82
Trd, 8639836.012, 110
Trd, 8639836.712, 130
Trd, 8639836.879, 100
Trd, 8639837.212, 114
Trd, 8639837.646, 96
Trd, 8639837.912, 80
Trd, 8639838.679, 117
Trd, 8639839.479, 97
Trd, 8639840.779, 135
Trd, 8639841.112, 134
Trd, 8639841.246, 132
Trd, 8639841.612, 112
Trd, 8639842.546, 120
Trd, 8639842.846, 101
Trd, 8639843.546, 92
Trd, 8639843.646, 90
Trd, 8639843.979, 86
Trd, 8639844.146, 85
Trd, 8639844.879, 90
Trd, 8639845.179, 98
Trd, 8639845.346, 101
Trd, 8639845.712, 104
Trd, 8639845.779, 102
Trd, 8639845.812, 102
Trd, 8639845.946, 90
Trd, 8639846.412, 84
Trd, 8639847.179, 64
Trd, 8639847.512, 61
Trd, 8639847.779, 83
Trd, 8639848.779, 88
Trd, 8639849.179, 84
Trd, 8639849.446, 91
Trd, 8639849.979, 69
Trd, 8639850.412, 68
Trd, 8639851.046, 108
Trd, 8639851.379, 95
Trd, 8639851.612, 105
Trd, 8639852.879, 106
Trd, 8639852.979, 113
Trd, 8639853.112, 106
Trd, 8639853.712, 106
Trd, 8639853.812, 105
Trd, 8639854.746, 131
Trd, 8639854.946, 121
Trd, 8639855.246, 107
Trd, 8639855.546, 104
Trd, 8639855.746, 112
Trd, 8639855.879, 95
Trd, 8639855.912, 133
Trd, 8639857.412, 98
Trd, 8639857.546, 79
Trd, 8639858.012, 88
Trd, 8639858.812, 111
Trd, 8639859.079, 116
Trd, 8639859.946, 78
Trd, 8639860.312, 66
Trd, 8639860.412, 101
Trd, 8639860.779, 73
Trd, 8639861.379, 79
Trd, 8639861.646, 130
Trd, 8639861.679, 79
Trd, 8639862.612, 96
Trd, 8639862.712, 132
Trd, 8639864.946, 104
Trd, 8639865.912, 109
Trd, 8639866.179, 116
Trd, 8639866.246, 109
Trd, 8639866.412, 103
Trd, 8639866.479, 101
Trd, 8639866.579, 116
Trd, 8639866.912, 125
Trd, 8639867.146, 83
Trd, 8639867.246, 78
Trd, 8639867.512, 60
Trd, 8639868.212, 62
Trd, 8639868.612, 63
Trd, 8639868.779, 127
Trd, 8639870.046, 61
Trd, 8639870.112, 66
Trd, 8639870.179, 69
Trd, 8639871.279, 100
Trd, 8639872.212, 96
Trd, 8639873.812, 114
Trd, 8639874.312, 113
Trd, 8639874.646, 113
Trd, 8639874.912, 112
Trd, 8639875.046, 103
Trd, 8639875.446, 127
Trd, 8639875.612, 97
Trd, 8639876.046, 128
Trd, 8639876.646, 77
Trd, 8639877.312, 85
Trd, 8639878.279, 115
Trd, 8639878.412, 92
Trd, 8639878.812, 87
Trd, 8639879.246, 130
Trd, 8639879.479, 77
Trd, 8639881.079, 92
Trd, 8639881.279, 102
Trd, 8639881.446, 93
Trd, 8639881.512, 92
Trd, 8639881.712, 105
Trd, 8639882.946, 139
Trd, 8639882.979, 133
Trd, 8639883.479, 106
Trd, 8639883.846, 88
Trd, 8639885.279, 116
Trd, 8639885.346, 95
Trd, 8639885.512, 101
Trd, 8639886.146, 116
Trd, 8639886.212, 116
Trd, 8639886.612, 123
Trd, 8639886.979, 122
Trd, 8639887.912, 121
Trd, 8639888.446, 114
Trd, 8639889.679, 133
Trd, 8639889.946, 128
Trd, 8639890.412, 118
Trd, 8639890.546, 115
Trd, 8639891.312, 128
Trd, 8639891.412, 101
Trd, 8639891.479, 115
Trd, 8639891.512, 101
Trd, 8639892.212, 95
Trd, 8639894.046, 106
Trd, 8639894.679, 104
Trd, 8639895.512, 111
Trd, 8639896.012, 99
Trd, 8639896.546, 84
Trd, 8639897.379, 107
Trd, 8639897.546, 86
Trd, 8639897.612, 85
Trd, 8639898.379, 130
Trd, 8639898.512, 114
Trd, 8639899.079, 62
Trd, 8639899.212, 83
Trd, 8639899.846, 130
Trd, 8639900.312, 94
Trd, 8639900.646, 63
Trd, 8639900.912, 87
Trd, 8639901.346, 64
Trd, 8639901.646, 79
Trd, 8639902.212, 84
Trd, 8639903.446, 110
Trd, 8639904.146, 103
Trd, 8639904.779, 113
Trd, 8639904.912, 106
Trd, 8639905.312, 108
Trd, 8639905.679, 115
Trd, 8639906.112, 101
Trd, 8639906.379, 73
Trd, 8639906.612, 107
Trd, 8639907.046, 116
Trd, 8639907.712, 85
Trd, 8639907.812, 90
Trd, 8639908.846, 117
Trd, 8639908.879, 112
Trd, 8639908.912, 85
Trd, 8639909.346, 65
Trd, 8639910.179, 110
Trd, 8639910.412, 98
Trd, 8639910.912, 82
Trd, 8639911.746, 115
Trd, 8639912.079, 111
Trd, 8639912.179, 110
Trd, 8639912.979, 91
Trd, 8639913.979, 105
Trd, 8639914.112, 86
Trd, 8639914.779, 115
Trd, 8639914.846, 94
Trd, 8639915.246, 96
Trd, 8639915.379, 118
Trd, 8639917.446, 104
Trd, 8639917.812, 104
Trd, 8639918.212, 103
Trd, 8639918.446, 86
Trd, 8639918.746, 106
Trd, 8639918.779, 110
Trd, 8639919.279, 126
Trd, 8639920.312, 120
Trd, 8639920.546, 101
Trd, 8639920.646, 85
Trd, 8639921.179, 84
Trd, 8639921.246, 69
Trd, 8639921.846, 94
Trd, 8639922.346, 122
Trd, 8639922.446, 121
Trd, 8639922.879, 89
Trd, 8639923.079, 90
Trd, 8639923.379, 86
Trd, 8639923.779, 95
Trd, 8639923.812, 90
Trd, 8639924.479, 123
Trd, 8639924.612, 122
Trd, 8639925.412, 87
Trd, 8639925.979, 95
Trd, 8639926.179, 79
Trd, 8639926.312, 117
Trd, 8639927.279, 131
Trd, 8639927.579, 126
Trd, 8639927.879, 124
Trd, 8639928.079, 124
Trd, 8639929.146, 127
Trd, 8639929.579, 126
Trd, 8639929.646, 125
Trd, 8639929.912, 121
Trd, 8639930.146, 114
Trd, 8639930.946, 127
Trd, 8639931.246, 127
Trd, 8639931.812, 123
Trd, 8639931.879, 122
Trd, 8639932.412, 75
Trd, 8639933.179, 77
Trd, 8639933.612, 139
Trd, 8639935.479, 133
Trd, 8639935.512, 115
Trd, 8639935.679, 97
Trd, 8639936.179, 89
Trd, 8639936.946, 128
Trd, 8639937.112, 127
Trd, 8639937.412, 127
Trd, 8639937.679, 122
Trd, 8639937.779, 114
Trd, 8639938.446, 111
Trd, 8639938.746, 104
Trd, 8639938.979, 103
Trd, 8639940.512, 94
Trd, 8639940.646, 87
Trd, 8639941.179, 60
Trd, 8639941.479, 61
Trd, 8639941.912, 116
Trd, 8639942.179, 134
Trd, 8639943.212, 120
Trd, 8639943.379, 109
Trd, 8639943.479, 108
Trd, 8639944.446, 138
Trd, 8639945.512, 110
Trd, 8639945.979, 108
Trd, 8639946.179, 117
Trd, 8639946.879, 101
Trd, 8639947.246, 98
Trd, 8639947.646, 103
Trd, 8639948.212, 122
Trd, 8639948.412, 121
Trd, 8639948.446, 83
Trd, 8639949.546, 129
Trd, 8639950.179, 131
Trd, 8639950.412, 98
Trd, 8639950.579, 132
Trd, 8639951.012, 120
Trd, 8639951.179, 119
Trd, 8639952.312, 113
Trd, 8639952.879, 130
Trd, 8639952.912, 107
Trd, 8639953.012, 98
Trd, 8639953.646, 97
Trd, 8639954.112, 111
Trd, 8639954.546, 124
Trd, 8639954.979, 94
Trd, 8639956.112, 85
Trd, 8639957.746, 88
Trd, 8639957.946, 84
Trd, 8639958.746, 76
Trd, 8639959.212, 60
Trd, 8639960.046, 92
Trd, 8639960.079, 108
Trd, 8639960.946, 68
Trd, 8639961.046, 62
Trd, 8639961.112, 87
Trd, 8639961.279, 133
Trd, 8639961.812, 119
Trd, 8639962.046, 87
Trd, 8639962.846, 82
Trd, 8639963.112, 79
Trd, 8639963.646, 117
Trd, 8639963.979, 82
Trd, 8639964.146, 66
Trd, 8639964.979, 77
Trd, 8639966.312, 64
Trd, 8639966.346, 66
Trd, 8639966.579, 82
Trd, 8639966.979, 104
Trd, 8639967.212, 61
Trd, 8639967.946, 118
Trd, 8639968.579, 104
Trd, 8639968.612, 83
Trd, 8639968.912, 82
Trd, 8639969.179, 111
Trd, 8639969.979, 77
Trd, 8639970.512, 129
Trd, 8639970.779, 126
Trd, 8639971.079, 96
Trd, 8639971.746, 132
Trd, 8639972.512, 121
Trd, 8639973.412, 112
Trd, 8639973.512, 98
Trd, 8639973.746, 92
Trd, 8639973.812, 121
Trd, 8639973.946, 94
Trd, 8639974.179, 84
Trd, 8639974.212, 79
Trd, 8639974.779, 129
Trd, 8639974.879, 110
Trd, 8639975.179, 78
Trd, 8639975.279, 77
Trd, 8639976.579, 94
Trd, 8639977.746, 108
Trd, 8639978.179, 100
Trd, 8639978.679, 96
Trd, 8639979.179, 104
Trd, 8639979.479, 98
Trd, 8639979.612, 103
Trd, 8639979.746, 94
Trd, 8639980.546, 114
Trd, 8639980.846, 114
Trd, 8639981.079, 103
Trd, 8639981.312, 112
Trd, 8639981.646, 77
Trd, 8639981.979, 72
Trd, 8639982.212, 88
Trd, 8639982.346, 60
Trd, 8639982.546, 80
Trd, 8639984.112, 89
Trd, 8639984.512, 64
Trd, 8639985.112, 93
Trd, 8639985.446, 103
Trd, 8639985.646, 129
Trd, 8639986.212, 128
Trd, 8639987.246, 116
Trd, 8639987.446, 108
Trd, 8639987.579, 94
Trd, 8639987.712, 94
Trd, 8639988.146, 93
Trd, 8639988.346, 100
Trd, 8639988.846, 103
Trd, 8639989.012, 99
Trd, 8639989.612, 105
Trd, 8639989.912, 86
Trd, 8639991.246, 93
Trd, 8639991.512, 92
Trd, 8639992.112, 91
Trd, 8639992.946, 67
Trd, 8639993.246, 112
Trd, 8639993.279, 126
Trd, 8639993.979, 80
Trd, 8639994.612, 68
Trd, 8639994.946, 61
Trd, 8639995.646, 80
Trd, 8639996.512, 73
Trd, 8639996.646, 66
Trd, 8639996.846, 81
Trd, 8639997.079, 107
Trd, 8639997.479, 63
Trd, 8639997.779, 66
Trd, 8639998.246, 66
Trd, 8639999.179, 78
Trd, 8639999.812, 87
