Trd, 8638783.979, 105
Trd, 8638784.212, 138
Trd, 8638784.646, 99
Trd, 8638785.812, 139
Trd, 8638786.112, 137
Trd, 8638787.146, 139
Trd, 8638787.446, 140
Trd, 8638787.546, 140
Trd, 8638787.579, 75
Trd, 8638788.012, 140
Trd, 8638788.312, 139
Trd, 8638788.412, 140
Trd, 8638788.579, 139
Trd, 8638789.046, 140
Trd, 8638789.546, 94
Trd, 8638789.779, 72
Trd, 8638790.646, 140
Trd, 8638790.812, 139
Trd, 8638791.979, 140
Trd, 8638792.879, 140
Trd, 8638792.946, 140
Trd, 8638793.146, 140
Trd, 8638793.212, 140
Trd, 8638794.046, 140
Trd, 8638794.212, 139
Trd, 8638794.812, 137
Trd, 8638795.079, 140
Trd, 8638795.846, 140
Trd, 8638795.946, 136
Trd, 8638796.479, 93
Trd, 8638797.046, 140
Trd, 8638797.212, 140
Trd, 8638797.446, 140
Trd, 8638797.646, 139
Trd, 8638797.746, 138
Trd, 8638798.179, 138
Trd, 8638798.646, 88
Trd, 8638799.112, 140
Trd, 8638799.146, 134
Trd, 8638799.412, 77
Trd, 8638799.746, 76
Trd, 8638800.646, 63
Trd, 8638801.212, 139
Trd, 8638801.479, 140
Trd, 8638801.646, 139
Trd, 8638802.546, 140
Trd, 8638802.979, 140
Trd, 8638803.046, 139
Trd, 8638804.946, 140
Trd, 8638805.112, 140
Trd, 8638805.246, 140
Trd, 8638805.846, 140
Trd, 8638806.012, 140
Trd, 8638806.179, 140
Trd, 8638806.279, 140
Trd, 8638806.512, 139
Trd, 8638806.779, 139
Trd, 8638807.279, 139
Trd, 8638807.579, 138
Trd, 8638808.412, 140
Trd, 8638808.846, 140
Trd, 8638809.379, 140
Trd, 8638809.512, 140
Trd, 8638809.546, 140
Trd, 8638811.312, 140
Trd, 8638811.512, 139
Trd, 8638811.546, 137
Trd, 8638812.079, 138
Trd, 8638812.646, 140
Trd, 8638813.779, 140
Trd, 8638814.579, 140
Trd, 8638815.146, 140
Trd, 8638815.446, 140
Trd, 8638815.546, 140
Trd, 8638815.646, 140
Trd, 8638816.979, 140
Trd, 8638817.212, 140
Trd, 8638817.546, 140
Trd, 8638817.612, 139
Trd, 8638817.946, 140
Trd, 8638817.979, 139
Trd, 8638818.146, 137
Trd, 8638818.212, 140
Trd, 8638818.312, 129
Trd, 8638819.312, 140
Trd, 8638819.479, 140
Trd, 8638819.779, 139
Trd, 8638820.112, 139
Trd, 8638820.179, 139
Trd, 8638820.946, 139
Trd, 8638821.179, 120
Trd, 8638821.379, 113
Trd, 8638821.879, 140
Trd, 8638823.412, 140
Trd, 8638823.712, 140
Trd, 8638824.179, 140
Trd, 8638824.246, 140
Trd, 8638824.679, 140
Trd, 8638825.146, 140
Trd, 8638825.179, 140
Trd, 8638825.246, 140
Trd, 8638825.712, 140
Trd, 8638825.846, 140
Trd, 8638826.279, 130
Trd, 8638827.046, 140
Trd, 8638827.746, 140
Trd, 8638828.146, 140
Trd, 8638829.112, 137
Trd, 8638829.179, 136
Trd, 8638829.612, 139
Trd, 8638830.412, 69
Trd, 8638830.779, 65
Trd, 8638830.812, 66
Trd, 8638831.946, 63
Trd, 8638832.346, 60
Trd, 8638832.912, 61
Trd, 8638833.279, 64
Trd, 8638833.712, 64
Trd, 8638833.846, 79
Trd, 8638833.979, 140
Trd, 8638834.446, 69
Trd, 8638834.679, 138
Trd, 8638835.446, 140
Trd, 8638836.646, 140
Trd, 8638836.912, 140
Trd, 8638837.112, 140
Trd, 8638837.146, 140
Trd, 8638837.246, 139
Trd, 8638837.546, 62
Trd, 8638839.046, 140
Trd, 8638839.146, 140
Trd, 8638839.679, 140
Trd, 8638839.879, 139
Trd, 8638840.746, 140
Trd, 8638841.146, 140
Trd, 8638841.646, 140
Trd, 8638841.879, 140
Trd, 8638842.246, 140
Trd, 8638842.746, 140
Trd, 8638842.846, 140
Trd, 8638843.246, 140
Trd, 8638843.446, 134
Trd, 8638844.046, 140
Trd, 8638844.312, 110
Trd, 8638845.312, 140
Trd, 8638845.512, 139
Trd, 8638845.779, 140
Trd, 8638845.812, 140
Trd, 8638845.979, 140
Trd, 8638847.146, 140
Trd, 8638847.546, 140
Trd, 8638847.579, 140
Trd, 8638847.612, 140
Trd, 8638847.846, 140
Trd, 8638848.579, 140
Trd, 8638848.679, 140
Trd, 8638848.812, 140
Trd, 8638850.346, 140
Trd, 8638850.679, 140
Trd, 8638851.079, 139
Trd, 8638851.179, 138
Trd, 8638851.346, 122
Trd, 8638851.679, 140
Trd, 8638852.046, 140
Trd, 8638852.812, 140
Trd, 8638853.046, 140
Trd, 8638853.479, 140
Trd, 8638853.812, 140
Trd, 8638854.479, 140
Trd, 8638855.412, 140
Trd, 8638855.546, 140
Trd, 8638856.946, 139
Trd, 8638857.012, 138
Trd, 8638857.379, 110
Trd, 8638858.646, 140
Trd, 8638858.946, 139
Trd, 8638859.812, 140
Trd, 8638859.946, 140
Trd, 8638860.212, 140
Trd, 8638860.446, 140
Trd, 8638860.712, 140
Trd, 8638861.046, 140
Trd, 8638861.479, 139
Trd, 8638861.779, 132
Trd, 8638861.812, 68
Trd, 8638863.579, 140
Trd, 8638863.712, 140
Trd, 8638863.812, 140
Trd, 8638864.446, 140
Trd, 8638864.546, 140
Trd, 8638864.612, 139
Trd, 8638864.779, 136
Trd, 8638864.846, 109
Trd, 8638865.279, 139
Trd, 8638866.079, 140
Trd, 8638866.812, 140
Trd, 8638867.346, 140
Trd, 8638867.579, 140
Trd, 8638868.212, 140
Trd, 8638868.512, 139
Trd, 8638869.179, 140
Trd, 8638869.312, 139
Trd, 8638869.379, 139
Trd, 8638869.512, 139
Trd, 8638869.712, 140
Trd, 8638870.612, 140
Trd, 8638871.212, 139
Trd, 8638871.412, 111
Trd, 8638872.712, 140
Trd, 8638872.846, 140
Trd, 8638873.246, 140
Trd, 8638873.379, 140
Trd, 8638873.446, 140
Trd, 8638873.746, 133
Trd, 8638873.946, 120
Trd, 8638874.246, 61
Trd, 8638875.346, 60
Trd, 8638875.479, 61
Trd, 8638875.812, 64
Trd, 8638876.079, 117
Trd, 8638876.679, 60
Trd, 8638877.879, 60
Trd, 8638878.079, 62
Trd, 8638878.946, 63
Trd, 8638879.012, 63
Trd, 8638879.312, 101
Trd, 8638879.879, 68
Trd, 8638880.046, 69
Trd, 8638880.512, 98
Trd, 8638880.912, 139
Trd, 8638881.679, 139
Trd, 8638882.146, 140
Trd, 8638882.212, 140
Trd, 8638882.679, 105
Trd, 8638882.746, 104
Trd, 8638883.712, 139
Trd, 8638884.246, 140
Trd, 8638884.812, 66
Trd, 8638884.879, 67
Trd, 8638885.679, 136
Trd, 8638886.246, 140
Trd, 8638886.412, 140
Trd, 8638886.946, 140
Trd, 8638887.012, 140
Trd, 8638887.212, 60
Trd, 8638887.379, 65
Trd, 8638887.979, 60
Trd, 8638888.046, 65
Trd, 8638888.179, 138
Trd, 8638888.512, 64
Trd, 8638889.012, 61
Trd, 8638890.846, 63
Trd, 8638891.646, 60
Trd, 8638891.846, 61
Trd, 8638892.179, 61
Trd, 8638892.512, 61
Trd, 8638893.246, 63
Trd, 8638893.879, 60
Trd, 8638894.046, 61
Trd, 8638894.946, 60
Trd, 8638895.646, 140
Trd, 8638895.846, 139
Trd, 8638896.046, 138
Trd, 8638897.312, 140
Trd, 8638897.546, 140
Trd, 8638897.746, 140
Trd, 8638898.746, 140
Trd, 8638898.779, 140
Trd, 8638898.812, 140
Trd, 8638898.846, 140
Trd, 8638899.146, 138
Trd, 8638899.712, 140
Trd, 8638899.846, 138
Trd, 8638899.979, 100
Trd, 8638900.079, 99
Trd, 8638900.379, 138
Trd, 8638901.879, 140
Trd, 8638902.179, 139
Trd, 8638902.212, 139
Trd, 8638902.646, 132
Trd, 8638902.746, 103
Trd, 8638903.312, 61
Trd, 8638903.846, 67
Trd, 8638903.912, 106
Trd, 8638904.112, 62
Trd, 8638904.612, 63
Trd, 8638905.112, 140
Trd, 8638905.912, 140
Trd, 8638906.946, 140
Trd, 8638907.479, 138
Trd, 8638907.879, 140
Trd, 8638908.112, 103
Trd, 8638908.312, 140
Trd, 8638908.479, 68
Trd, 8638909.146, 140
Trd, 8638909.379, 140
Trd, 8638910.512, 140
Trd, 8638910.612, 140
Trd, 8638911.779, 140
Trd, 8638911.979, 140
Trd, 8638912.946, 140
Trd, 8638913.012, 140
Trd, 8638914.112, 140
Trd, 8638914.279, 140
Trd, 8638914.579, 140
Trd, 8638914.646, 140
Trd, 8638914.679, 140
Trd, 8638915.579, 140
Trd, 8638916.179, 140
Trd, 8638916.846, 140
Trd, 8638916.979, 140
Trd, 8638917.112, 140
Trd, 8638917.412, 140
Trd, 8638917.746, 140
Trd, 8638917.946, 140
Trd, 8638918.412, 140
Trd, 8638918.646, 139
Trd, 8638919.879, 140
Trd, 8638920.146, 136
Trd, 8638920.279, 139
Trd, 8638920.846, 140
Trd, 8638920.946, 129
Trd, 8638920.979, 128
Trd, 8638921.179, 64
Trd, 8638922.379, 140
Trd, 8638922.479, 140
Trd, 8638923.179, 140
Trd, 8638923.912, 140
Trd, 8638924.012, 140
Trd, 8638924.546, 140
Trd, 8638925.246, 140
Trd, 8638925.446, 140
Trd, 8638925.612, 140
Trd, 8638926.746, 140
Trd, 8638927.179, 140
Trd, 8638927.246, 139
Trd, 8638927.579, 139
Trd, 8638928.212, 139
Trd, 8638928.412, 138
Trd, 8638928.812, 139
Trd, 8638929.879, 140
Trd, 8638930.279, 140
Trd, 8638930.879, 140
Trd, 8638931.146, 140
Trd, 8638931.279, 140
Trd, 8638931.879, 139
Trd, 8638932.446, 140
Trd, 8638933.046, 140
Trd, 8638933.479, 140
Trd, 8638933.679, 140
Trd, 8638933.779, 140
Trd, 8638933.879, 140
Trd, 8638934.046, 140
Trd, 8638934.979, 140
Trd, 8638935.079, 140
Trd, 8638935.979, 140
Trd, 8638936.412, 140
Trd, 8638936.846, 140
Trd, 8638937.146, 140
Trd, 8638937.546, 140
Trd, 8638937.812, 140
Trd, 8638939.112, 140
Trd, 8638939.579, 140
Trd, 8638940.179, 140
Trd, 8638940.379, 140
Trd, 8638940.479, 140
Trd, 8638940.779, 140
Trd, 8638941.646, 140
Trd, 8638942.079, 140
Trd, 8638942.212, 139
Trd, 8638942.679, 139
Trd, 8638942.746, 139
Trd, 8638944.012, 140
Trd, 8638944.446, 140
Trd, 8638944.779, 140
Trd, 8638945.146, 128
Trd, 8638945.646, 73
Trd, 8638945.946, 61
Trd, 8638946.246, 63
Trd, 8638946.779, 66
Trd, 8638947.012, 61
Trd, 8638947.479, 118
Trd, 8638948.246, 94
Trd, 8638949.079, 136
Trd, 8638949.512, 140
Trd, 8638949.646, 139
Trd, 8638950.046, 140
Trd, 8638950.246, 129
Trd, 8638950.346, 128
Trd, 8638950.479, 128
Trd, 8638950.746, 138
Trd, 8638952.212, 140
Trd, 8638952.379, 140
Trd, 8638952.879, 140
Trd, 8638952.912, 140
Trd, 8638953.046, 139
Trd, 8638953.379, 140
Trd, 8638953.712, 129
Trd, 8638954.412, 140
Trd, 8638954.612, 137
Trd, 8638954.679, 125
Trd, 8638955.746, 140
Trd, 8638956.479, 140
Trd, 8638956.646, 140
Trd, 8638957.379, 139
Trd, 8638958.346, 140
Trd, 8638958.379, 136
Trd, 8638958.579, 136
Trd, 8638958.612, 135
Trd, 8638959.679, 140
Trd, 8638959.746, 140
Trd, 8638959.979, 140
Trd, 8638961.279, 140
Trd, 8638961.912, 140
Trd, 8638962.046, 140
Trd, 8638963.479, 140
Trd, 8638963.646, 139
Trd, 8638963.846, 139
Trd, 8638964.079, 140
Trd, 8638964.412, 139
Trd, 8638964.479, 107
Trd, 8638965.079, 140
Trd, 8638965.312, 140
Trd, 8638965.546, 140
Trd, 8638965.812, 139
Trd, 8638966.246, 85
Trd, 8638966.612, 140
Trd, 8638967.446, 140
Trd, 8638967.479, 140
Trd, 8638968.212, 139
Trd, 8638968.746, 112
Trd, 8638968.979, 98
Trd, 8638969.279, 140
Trd, 8638970.079, 61
Trd, 8638970.146, 60
Trd, 8638970.846, 118
Trd, 8638970.912, 61
Trd, 8638971.179, 139
Trd, 8638971.912, 140
Trd, 8638972.379, 138
Trd, 8638972.412, 138
Trd, 8638972.612, 62
Trd, 8638973.079, 89
Trd, 8638973.779, 60
Trd, 8638974.446, 62
Trd, 8638974.812, 62
Trd, 8638975.179, 64
Trd, 8638975.379, 65
Trd, 8638976.179, 66
Trd, 8638976.712, 60
Trd, 8638976.812, 134
Trd, 8638977.079, 63
Trd, 8638978.046, 61
Trd, 8638979.212, 60
Trd, 8638979.379, 60
Trd, 8638980.446, 61
Trd, 8638980.546, 65
Trd, 8638980.846, 69
Trd, 8638981.579, 62
Trd, 8638982.112, 64
Trd, 8638982.279, 60
Trd, 8638982.479, 130
Trd, 8638983.079, 97
Trd, 8638983.412, 72
Trd, 8638984.312, 61
Trd, 8638984.412, 61
Trd, 8638984.946, 61
Trd, 8638985.712, 61
Trd, 8638985.746, 64
Trd, 8638986.146, 63
Trd, 8638986.679, 139
Trd, 8638986.879, 138
Trd, 8638987.046, 131
Trd, 8638987.979, 127
Trd, 8638988.612, 70
Trd, 8638988.979, 70
Trd, 8638989.446, 90
Trd, 8638989.946, 140
Trd, 8638990.912, 140
Trd, 8638991.479, 140
Trd, 8638991.579, 140
Trd, 8638991.879, 140
Trd, 8638992.112, 140
Trd, 8638992.379, 108
Trd, 8638993.112, 140
Trd, 8638994.146, 140
Trd, 8638994.412, 139
Trd, 8638994.846, 140
Trd, 8638994.946, 139
Trd, 8638995.346, 140
Trd, 8638995.412, 140
Trd, 8638995.612, 139
Trd, 8638996.046, 139
Trd, 8638996.946, 138
Trd, 8638997.946, 140
Trd, 8638998.112, 140
Trd, 8638998.212, 140
Trd, 8638998.846, 140
Trd, 8638999.379, 138
Trd, 8639000.212, 136
Trd, 8639000.246, 135
Trd, 8639000.646, 139
Trd, 8639001.212, 139
Trd, 8639001.412, 128
Trd, 8639001.579, 140
Trd, 8639001.946, 140
Trd, 8639002.412, 140
Trd, 8639002.846, 138
Trd, 8639003.146, 140
Trd, 8639003.179, 131
Trd, 8639003.546, 62
Trd, 8639003.912, 63
Trd, 8639004.246, 140
Trd, 8639004.846, 61
Trd, 8639005.446, 64
Trd, 8639006.379, 69
Trd, 8639006.512, 67
Trd, 8639006.546, 86
Trd, 8639007.012, 140
Trd, 8639007.746, 140
Trd, 8639007.912, 139
Trd, 8639008.346, 140
Trd, 8639008.612, 115
Trd, 8639009.046, 140
Trd, 8639009.712, 140
Trd, 8639010.146, 140
Trd, 8639010.479, 140
Trd, 8639010.579, 140
Trd, 8639011.112, 140
Trd, 8639012.579, 140
Trd, 8639012.612, 139
Trd, 8639012.712, 139
Trd, 8639012.746, 138
Trd, 8639013.012, 140
Trd, 8639013.246, 137
Trd, 8639013.479, 137
Trd, 8639014.146, 140
Trd, 8639014.312, 139
Trd, 8639014.946, 138
Trd, 8639015.712, 131
Trd, 8639016.012, 140
Trd, 8639016.546, 140
Trd, 8639016.879, 139
Trd, 8639016.946, 138
Trd, 8639017.846, 137
Trd, 8639018.112, 140
Trd, 8639018.479, 139
Trd, 8639018.879, 140
Trd, 8639018.946, 137
Trd, 8639020.312, 61
Trd, 8639020.579, 66
Trd, 8639021.012, 61
Trd, 8639021.946, 61
Trd, 8639022.612, 140
Trd, 8639023.012, 140
Trd, 8639023.379, 140
Trd, 8639023.446, 140
Trd, 8639023.946, 139
Trd, 8639024.346, 103
Trd, 8639025.012, 140
Trd, 8639025.046, 101
Trd, 8639025.812, 120
Trd, 8639026.179, 84
Trd, 8639026.379, 140
Trd, 8639026.879, 140
Trd, 8639027.379, 140
Trd, 8639027.946, 140
Trd, 8639028.146, 140
Trd, 8639029.179, 140
Trd, 8639029.446, 140
Trd, 8639029.946, 140
Trd, 8639030.812, 140
Trd, 8639031.012, 139
Trd, 8639031.846, 140
Trd, 8639031.879, 140
Trd, 8639032.346, 140
Trd, 8639032.679, 140
Trd, 8639032.712, 140
Trd, 8639033.012, 140
Trd, 8639033.312, 139
Trd, 8639033.712, 139
Trd, 8639034.212, 129
Trd, 8639034.812, 109
Trd, 8639035.512, 101
Trd, 8639036.412, 63
Trd, 8639036.779, 136
Trd, 8639037.146, 60
Trd, 8639037.546, 60
Trd, 8639038.579, 60
Trd, 8639039.246, 75
Trd, 8639039.746, 63
Trd, 8639039.846, 62
Trd, 8639039.912, 140
Trd, 8639040.712, 62
Trd, 8639041.879, 63
Trd, 8639042.279, 63
Trd, 8639042.479, 61
Trd, 8639042.612, 63
Trd, 8639042.646, 122
Trd, 8639042.812, 61
Trd, 8639043.179, 132
Trd, 8639043.579, 66
Trd, 8639044.012, 133
Trd, 8639045.446, 140
Trd, 8639046.079, 140
Trd, 8639046.179, 140
Trd, 8639047.712, 140
Trd, 8639047.746, 140
Trd, 8639048.779, 140
Trd, 8639048.846, 140
Trd, 8639049.312, 140
Trd, 8639049.812, 140
Trd, 8639049.846, 140
Trd, 8639051.512, 140
Trd, 8639051.879, 140
Trd, 8639051.912, 140
Trd, 8639051.946, 140
Trd, 8639052.479, 140
Trd, 8639052.679, 140
Trd, 8639053.246, 140
Trd, 8639053.879, 140
Trd, 8639054.279, 140
Trd, 8639054.746, 140
Trd, 8639054.979, 140
Trd, 8639055.079, 140
Trd, 8639055.112, 138
Trd, 8639055.779, 140
Trd, 8639055.979, 140
Trd, 8639056.346, 139
Trd, 8639056.479, 139
Trd, 8639056.646, 69
Trd, 8639057.179, 67
Trd, 8639057.246, 137
Trd, 8639057.812, 67
Trd, 8639058.379, 63
Trd, 8639059.112, 67
Trd, 8639060.312, 140
Trd, 8639060.346, 140
Trd, 8639060.579, 110
Trd, 8639061.246, 140
Trd, 8639061.279, 140
Trd, 8639061.379, 125
Trd, 8639062.179, 140
Trd, 8639062.246, 139
Trd, 8639062.412, 98
Trd, 8639063.612, 140
Trd, 8639063.779, 140
Trd, 8639064.112, 139
Trd, 8639065.446, 61
Trd, 8639065.479, 62
Trd, 8639065.879, 60
Trd, 8639065.946, 62
Trd, 8639067.112, 64
Trd, 8639067.712, 64
Trd, 8639068.146, 70
Trd, 8639068.179, 104
Trd, 8639068.846, 64
Trd, 8639068.946, 63
Trd, 8639069.679, 140
Trd, 8639070.146, 140
Trd, 8639070.546, 140
Trd, 8639070.746, 140
Trd, 8639070.912, 140
Trd, 8639072.246, 140
Trd, 8639072.746, 140
Trd, 8639073.346, 140
Trd, 8639073.512, 140
Trd, 8639073.712, 140
Trd, 8639074.579, 140
Trd, 8639075.079, 140
Trd, 8639075.312, 140
Trd, 8639075.379, 140
Trd, 8639076.612, 140
Trd, 8639077.579, 140
Trd, 8639077.879, 140
Trd, 8639078.112, 140
Trd, 8639079.012, 140
Trd, 8639079.279, 140
Trd, 8639079.479, 140
Trd, 8639079.912, 140
Trd, 8639079.979, 140
Trd, 8639080.912, 140
Trd, 8639081.246, 140
Trd, 8639081.312, 140
Trd, 8639082.546, 140
Trd, 8639082.812, 140
Trd, 8639083.779, 140
Trd, 8639083.879, 140
Trd, 8639084.346, 140
Trd, 8639084.646, 140
Trd, 8639084.912, 139
Trd, 8639085.046, 137
Trd, 8639085.379, 105
Trd, 8639085.712, 106
Trd, 8639086.412, 63
Trd, 8639086.646, 60
Trd, 8639086.946, 139
Trd, 8639087.279, 140
Trd, 8639087.579, 137
Trd, 8639088.679, 139
Trd, 8639088.846, 139
Trd, 8639089.746, 140
Trd, 8639089.812, 140
Trd, 8639090.746, 140
Trd, 8639091.046, 140
Trd, 8639091.379, 140
Trd, 8639091.412, 139
Trd, 8639092.179, 139
Trd, 8639092.546, 140
Trd, 8639092.779, 140
Trd, 8639092.979, 139
Trd, 8639093.046, 115
Trd, 8639093.346, 140
Trd, 8639093.446, 140
Trd, 8639093.712, 136
Trd, 8639095.146, 140
Trd, 8639095.246, 140
Trd, 8639095.746, 140
Trd, 8639095.846, 140
Trd, 8639096.579, 139
Trd, 8639097.212, 140
Trd, 8639097.246, 140
Trd, 8639097.346, 118
Trd, 8639097.612, 94
Trd, 8639098.212, 139
Trd, 8639099.312, 140
Trd, 8639099.779, 140
Trd, 8639100.279, 140
Trd, 8639100.346, 140
Trd, 8639101.446, 140
Trd, 8639101.946, 140
Trd, 8639102.212, 140
Trd, 8639102.312, 140
Trd, 8639102.446, 139
Trd, 8639102.846, 95
Trd, 8639103.379, 63
Trd, 8639103.779, 66
Trd, 8639104.146, 60
Trd, 8639104.879, 60
Trd, 8639105.312, 139
Trd, 8639105.979, 140
Trd, 8639106.646, 140
Trd, 8639106.746, 139
Trd, 8639107.579, 140
Trd, 8639107.612, 138
Trd, 8639108.779, 140
Trd, 8639108.979, 140
Trd, 8639109.212, 140
Trd, 8639109.379, 140
Trd, 8639109.679, 140
Trd, 8639110.046, 140
Trd, 8639110.512, 140
Trd, 8639110.612, 139
Trd, 8639111.112, 139
Trd, 8639111.879, 139
Trd, 8639112.412, 133
Trd, 8639112.912, 140
Trd, 8639114.346, 140
Trd, 8639114.679, 140
Trd, 8639115.479, 140
Trd, 8639115.879, 140
Trd, 8639115.946, 140
Trd, 8639116.046, 140
Trd, 8639116.312, 138
Trd, 8639116.512, 119
Trd, 8639116.679, 140
Trd, 8639117.146, 140
Trd, 8639118.612, 140
Trd, 8639119.846, 140
Trd, 8639119.979, 140
Trd, 8639120.246, 138
Trd, 8639121.712, 140
Trd, 8639122.379, 140
Trd, 8639122.612, 140
Trd, 8639122.812, 140
Trd, 8639123.179, 140
Trd, 8639123.779, 140
Trd, 8639124.112, 140
Trd, 8639124.546, 140
Trd, 8639124.712, 140
Trd, 8639124.846, 140
Trd, 8639125.512, 140
Trd, 8639125.712, 139
Trd, 8639126.079, 138
Trd, 8639126.346, 134
Trd, 8639126.746, 140
Trd, 8639127.579, 140
Trd, 8639128.079, 138
Trd, 8639128.812, 140
Trd, 8639129.146, 140
Trd, 8639130.579, 140
Trd, 8639130.812, 140
Trd, 8639131.446, 140
Trd, 8639131.679, 140
Trd, 8639131.812, 140
Trd, 8639131.846, 140
Trd, 8639132.279, 140
Trd, 8639132.879, 140
Trd, 8639133.046, 137
Trd, 8639133.779, 140
Trd, 8639134.712, 140
Trd, 8639135.179, 140
Trd, 8639135.412, 140
Trd, 8639135.812, 140
Trd, 8639135.912, 139
Trd, 8639136.879, 140
Trd, 8639137.512, 140
Trd, 8639137.612, 139
Trd, 8639138.146, 136
Trd, 8639138.546, 140
Trd, 8639138.646, 139
Trd, 8639139.946, 140
Trd, 8639140.212, 140
Trd, 8639140.379, 140
Trd, 8639140.512, 139
Trd, 8639140.612, 90
Trd, 8639141.746, 140
Trd, 8639141.912, 140
Trd, 8639142.946, 140
Trd, 8639143.246, 140
Trd, 8639143.546, 140
Trd, 8639143.979, 140
Trd, 8639144.079, 140
Trd, 8639144.212, 140
Trd, 8639145.079, 140
Trd, 8639145.779, 140
Trd, 8639145.879, 140
Trd, 8639146.246, 140
Trd, 8639146.379, 140
Trd, 8639147.979, 140
Trd, 8639148.446, 140
Trd, 8639148.579, 140
Trd, 8639148.712, 139
Trd, 8639148.779, 139
Trd, 8639149.812, 139
Trd, 8639150.412, 140
Trd, 8639150.812, 140
Trd, 8639151.846, 140
Trd, 8639152.146, 140
Trd, 8639152.446, 140
Trd, 8639153.146, 140
Trd, 8639153.312, 140
Trd, 8639153.812, 140
Trd, 8639153.879, 139
Trd, 8639154.679, 140
Trd, 8639155.246, 140
Trd, 8639155.612, 140
Trd, 8639156.446, 140
Trd, 8639156.812, 140
Trd, 8639157.046, 140
Trd, 8639157.246, 140
Trd, 8639157.612, 139
Trd, 8639157.679, 68
Trd, 8639158.279, 136
Trd, 8639158.546, 140
Trd, 8639158.846, 138
Trd, 8639160.212, 85
Trd, 8639160.279, 139
Trd, 8639161.479, 140
Trd, 8639161.946, 140
Trd, 8639162.312, 140
Trd, 8639162.612, 140
Trd, 8639162.812, 140
Trd, 8639163.079, 140
Trd, 8639163.646, 140
Trd, 8639163.779, 140
Trd, 8639164.246, 140
Trd, 8639164.479, 140
Trd, 8639164.912, 139
Trd, 8639165.546, 139
Trd, 8639165.612, 138
Trd, 8639166.346, 139
Trd, 8639167.312, 140
Trd, 8639167.746, 140
Trd, 8639167.812, 140
Trd, 8639168.146, 140
Trd, 8639168.346, 140
Trd, 8639169.079, 140
Trd, 8639169.179, 139
Trd, 8639169.879, 140
Trd, 8639171.012, 140
Trd, 8639171.646, 140
Trd, 8639171.912, 140
Trd, 8639172.446, 139
Trd, 8639173.512, 140
Trd, 8639173.812, 140
Trd, 8639174.046, 140
Trd, 8639174.812, 140
Trd, 8639175.646, 140
Trd, 8639175.812, 138
Trd, 8639176.379, 139
Trd, 8639176.712, 138
Trd, 8639177.079, 138
Trd, 8639177.146, 137
Trd, 8639177.179, 123
Trd, 8639177.479, 87
Trd, 8639177.579, 60
Trd, 8639178.579, 140
Trd, 8639178.946, 139
Trd, 8639179.279, 138
Trd, 8639179.479, 108
Trd, 8639180.046, 140
Trd, 8639180.646, 140
Trd, 8639180.712, 140
Trd, 8639181.246, 139
Trd, 8639181.846, 127
Trd, 8639182.046, 126
Trd, 8639182.312, 139
Trd, 8639182.912, 136
Trd, 8639182.979, 109
Trd, 8639183.179, 66
Trd, 8639183.979, 60
Trd, 8639184.012, 67
Trd, 8639185.212, 67
Trd, 8639185.412, 68
Trd, 8639186.046, 60
Trd, 8639186.612, 60
Trd, 8639186.979, 60
Trd, 8639187.946, 60
Trd, 8639188.479, 63
Trd, 8639188.512, 65
Trd, 8639188.679, 67
Trd, 8639190.779, 61
Trd, 8639190.812, 140
Trd, 8639191.246, 81
Trd, 8639191.279, 82
Trd, 8639191.779, 99
Trd, 8639192.379, 138
Trd, 8639192.879, 140
Trd, 8639193.146, 139
Trd, 8639193.446, 138
Trd, 8639193.679, 133
Trd, 8639194.646, 133
Trd, 8639194.812, 140
Trd, 8639194.946, 117
Trd, 8639195.746, 98
Trd, 8639196.179, 140
Trd, 8639196.212, 140
Trd, 8639196.746, 82
Trd, 8639196.879, 60
Trd, 8639197.179, 139
Trd, 8639197.246, 140
Trd, 8639198.079, 140
Trd, 8639198.179, 140
Trd, 8639198.712, 138
Trd, 8639199.079, 140
Trd, 8639199.279, 140
Trd, 8639199.812, 140
Trd, 8639200.546, 140
Trd, 8639200.846, 140
Trd, 8639200.912, 140
Trd, 8639201.112, 139
Trd, 8639202.412, 140
Trd, 8639202.646, 140
Trd, 8639202.879, 140
Trd, 8639203.779, 140
Trd, 8639203.912, 140
Trd, 8639205.379, 140
Trd, 8639205.546, 140
Trd, 8639205.646, 139
Trd, 8639206.046, 140
Trd, 8639206.412, 140
Trd, 8639206.446, 136
Trd, 8639207.279, 140
Trd, 8639207.712, 140
Trd, 8639207.746, 140
Trd, 8639207.846, 122
Trd, 8639208.146, 97
Trd, 8639208.646, 96
Trd, 8639209.346, 140
Trd, 8639209.746, 133
Trd, 8639210.146, 94
Trd, 8639211.179, 60
Trd, 8639211.246, 63
Trd, 8639211.779, 138
Trd, 8639211.812, 110
Trd, 8639213.312, 140
Trd, 8639213.346, 140
Trd, 8639213.712, 139
Trd, 8639214.212, 122
Trd, 8639214.579, 140
Trd, 8639215.779, 140
Trd, 8639215.812, 140
Trd, 8639216.879, 140
Trd, 8639216.946, 140
Trd, 8639217.312, 140
Trd, 8639218.446, 140
Trd, 8639218.646, 140
Trd, 8639218.779, 140
Trd, 8639219.146, 140
Trd, 8639219.179, 140
Trd, 8639219.446, 139
Trd, 8639219.912, 140
Trd, 8639219.946, 136
Trd, 8639220.279, 129
Trd, 8639220.412, 124
Trd, 8639220.646, 122
Trd, 8639221.246, 140
Trd, 8639221.712, 140
Trd, 8639221.846, 140
Trd, 8639222.712, 140
Trd, 8639222.812, 139
Trd, 8639223.046, 139
Trd, 8639223.679, 140
Trd, 8639224.446, 140
Trd, 8639225.346, 139
Trd, 8639226.046, 140
Trd, 8639226.546, 140
Trd, 8639226.646, 140
Trd, 8639226.946, 140
Trd, 8639227.479, 140
Trd, 8639227.746, 140
Trd, 8639228.179, 140
Trd, 8639228.846, 140
Trd, 8639229.012, 140
Trd, 8639229.146, 140
Trd, 8639229.412, 140
Trd, 8639230.479, 138
Trd, 8639230.912, 140
Trd, 8639231.646, 140
Trd, 8639232.212, 140
Trd, 8639232.446, 140
Trd, 8639232.579, 140
Trd, 8639232.679, 139
Trd, 8639232.979, 138
Trd, 8639233.412, 140
Trd, 8639233.679, 66
Trd, 8639234.979, 140
Trd, 8639235.179, 140
Trd, 8639235.212, 140
Trd, 8639235.646, 140
Trd, 8639236.512, 140
Trd, 8639236.746, 140
Trd, 8639237.046, 140
Trd, 8639238.379, 140
Trd, 8639238.579, 140
Trd, 8639238.879, 140
Trd, 8639239.246, 140
Trd, 8639239.412, 140
Trd, 8639239.479, 139
Trd, 8639239.746, 140
Trd, 8639239.812, 140
Trd, 8639240.579, 140
Trd, 8639240.679, 139
Trd, 8639240.879, 133
Trd, 8639241.646, 140
Trd, 8639242.046, 140
Trd, 8639242.379, 140
Trd, 8639243.179, 139
Trd, 8639243.579, 140
Trd, 8639243.679, 140
Trd, 8639244.546, 139
Trd, 8639244.579, 137
Trd, 8639244.846, 111
Trd, 8639244.979, 73
Trd, 8639245.179, 137
Trd, 8639245.346, 63
Trd, 8639246.179, 140
Trd, 8639246.379, 139
Trd, 8639247.446, 140
Trd, 8639247.579, 140
Trd, 8639247.779, 140
Trd, 8639247.946, 139
Trd, 8639248.312, 128
Trd, 8639248.546, 72
Trd, 8639249.179, 140
Trd, 8639249.512, 140
Trd, 8639250.879, 140
Trd, 8639251.646, 140
Trd, 8639251.712, 140
Trd, 8639252.846, 140
Trd, 8639253.079, 140
Trd, 8639253.212, 140
Trd, 8639254.146, 140
Trd, 8639254.379, 140
Trd, 8639254.412, 140
Trd, 8639254.579, 138
Trd, 8639254.979, 140
Trd, 8639255.046, 140
Trd, 8639255.412, 139
Trd, 8639255.812, 140
Trd, 8639255.846, 136
Trd, 8639256.179, 104
Trd, 8639257.212, 140
Trd, 8639257.912, 140
Trd, 8639258.279, 140
Trd, 8639258.446, 140
Trd, 8639259.146, 140
Trd, 8639259.379, 140
Trd, 8639259.679, 140
Trd, 8639260.012, 140
Trd, 8639260.979, 140
Trd, 8639261.079, 140
Trd, 8639261.279, 115
Trd, 8639261.512, 140
Trd, 8639261.879, 64
Trd, 8639262.179, 63
Trd, 8639262.446, 103
Trd, 8639262.779, 140
Trd, 8639263.412, 61
Trd, 8639265.146, 140
Trd, 8639265.179, 140
Trd, 8639265.779, 140
Trd, 8639265.812, 140
Trd, 8639266.112, 140
Trd, 8639266.679, 140
Trd, 8639266.779, 140
Trd, 8639267.212, 140
Trd, 8639268.012, 140
Trd, 8639268.079, 140
Trd, 8639268.379, 140
Trd, 8639268.412, 100
Trd, 8639269.646, 140
Trd, 8639270.646, 140
Trd, 8639270.979, 140
Trd, 8639271.112, 140
Trd, 8639271.646, 140
Trd, 8639272.479, 140
Trd, 8639272.879, 140
Trd, 8639273.512, 140
Trd, 8639273.779, 140
Trd, 8639274.379, 140
Trd, 8639274.679, 140
Trd, 8639274.946, 140
Trd, 8639275.312, 139
Trd, 8639275.479, 139
Trd, 8639275.712, 138
Trd, 8639275.946, 96
Trd, 8639276.612, 140
Trd, 8639278.246, 140
Trd, 8639278.612, 140
Trd, 8639278.812, 140
Trd, 8639279.079, 140
Trd, 8639279.679, 140
Trd, 8639279.812, 140
Trd, 8639279.946, 140
Trd, 8639279.979, 140
Trd, 8639280.012, 103
Trd, 8639282.312, 140
Trd, 8639282.346, 140
Trd, 8639282.512, 139
Trd, 8639282.912, 138
Trd, 8639283.112, 140
Trd, 8639283.346, 140
Trd, 8639283.379, 140
Trd, 8639283.646, 137
Trd, 8639283.746, 101
Trd, 8639284.446, 139
Trd, 8639285.646, 140
Trd, 8639286.479, 140
Trd, 8639286.712, 140
Trd, 8639287.512, 140
Trd, 8639287.912, 140
Trd, 8639288.512, 140
Trd, 8639288.579, 140
Trd, 8639288.746, 140
Trd, 8639289.079, 140
Trd, 8639289.912, 140
Trd, 8639290.446, 140
Trd, 8639291.046, 140
Trd, 8639291.079, 140
Trd, 8639291.412, 140
Trd, 8639291.979, 140
Trd, 8639292.112, 140
Trd, 8639293.746, 140
Trd, 8639294.146, 140
Trd, 8639295.046, 140
Trd, 8639295.912, 140
Trd, 8639296.046, 140
Trd, 8639296.379, 139
Trd, 8639296.746, 140
Trd, 8639297.279, 140
Trd, 8639297.479, 139
Trd, 8639297.512, 139
Trd, 8639297.879, 139
Trd, 8639298.846, 139
Trd, 8639299.612, 140
Trd, 8639300.179, 140
Trd, 8639301.246, 140
Trd, 8639301.479, 140
Trd, 8639302.012, 140
Trd, 8639302.246, 140
Trd, 8639302.846, 140
Trd, 8639303.379, 140
Trd, 8639303.812, 140
Trd, 8639304.079, 140
Trd, 8639304.112, 140
Trd, 8639304.712, 140
Trd, 8639304.812, 140
Trd, 8639305.212, 140
Trd, 8639305.246, 140
Trd, 8639305.879, 140
Trd, 8639305.912, 140
Trd, 8639306.146, 139
Trd, 8639306.712, 140
Trd, 8639307.412, 140
Trd, 8639308.012, 140
Trd, 8639308.779, 140
Trd, 8639308.912, 140
Trd, 8639308.946, 140
Trd, 8639309.046, 139
Trd, 8639309.779, 140
Trd, 8639309.879, 140
Trd, 8639310.012, 107
Trd, 8639311.012, 140
Trd, 8639311.412, 140
Trd, 8639312.179, 140
Trd, 8639312.412, 140
Trd, 8639312.579, 140
Trd, 8639312.879, 140
Trd, 8639313.046, 140
Trd, 8639314.846, 140
Trd, 8639315.246, 140
Trd, 8639315.479, 140
Trd, 8639315.579, 140
Trd, 8639316.146, 140
Trd, 8639317.079, 140
Trd, 8639317.412, 140
Trd, 8639317.679, 140
Trd, 8639318.246, 140
Trd, 8639318.312, 140
Trd, 8639319.679, 140
Trd, 8639319.746, 139
Trd, 8639320.179, 140
Trd, 8639320.346, 140
Trd, 8639320.612, 139
Trd, 8639320.812, 140
Trd, 8639321.312, 140
Trd, 8639321.379, 138
Trd, 8639321.479, 95
Trd, 8639322.712, 140
Trd, 8639322.946, 140
Trd, 8639323.146, 140
Trd, 8639323.946, 140
Trd, 8639324.246, 140
Trd, 8639325.146, 140
Trd, 8639325.379, 140
Trd, 8639326.212, 140
Trd, 8639326.612, 140
Trd, 8639327.212, 140
Trd, 8639327.346, 140
Trd, 8639328.312, 140
Trd, 8639328.546, 140
Trd, 8639328.812, 140
Trd, 8639328.846, 140
Trd, 8639329.046, 131
Trd, 8639329.679, 140
Trd, 8639329.746, 140
Trd, 8639330.912, 140
Trd, 8639331.346, 140
Trd, 8639331.479, 140
Trd, 8639331.946, 140
Trd, 8639332.246, 140
Trd, 8639332.746, 140
Trd, 8639332.779, 140
Trd, 8639332.912, 140
Trd, 8639333.112, 140
Trd, 8639333.946, 140
Trd, 8639334.712, 140
Trd, 8639334.879, 140
Trd, 8639335.112, 140
Trd, 8639335.946, 139
Trd, 8639336.646, 140
Trd, 8639336.746, 140
Trd, 8639337.112, 139
Trd, 8639337.212, 130
Trd, 8639338.346, 140
Trd, 8639338.679, 140
Trd, 8639339.079, 140
Trd, 8639339.379, 140
Trd, 8639340.212, 140
Trd, 8639340.446, 140
Trd, 8639340.846, 140
Trd, 8639341.146, 124
Trd, 8639341.679, 137
Trd, 8639342.546, 139
Trd, 8639342.812, 139
Trd, 8639343.046, 138
Trd, 8639344.112, 140
Trd, 8639344.512, 139
Trd, 8639344.646, 138
Trd, 8639344.846, 137
Trd, 8639345.246, 136
Trd, 8639345.279, 108
Trd, 8639345.846, 140
Trd, 8639346.346, 127
Trd, 8639346.812, 138
Trd, 8639347.246, 140
Trd, 8639347.779, 139
Trd, 8639348.179, 140
Trd, 8639349.012, 140
Trd, 8639349.146, 140
Trd, 8639349.379, 140
Trd, 8639350.279, 140
Trd, 8639350.712, 140
Trd, 8639351.412, 140
Trd, 8639351.579, 138
Trd, 8639351.879, 140
Trd, 8639352.412, 138
Trd, 8639353.279, 140
Trd, 8639353.412, 140
Trd, 8639353.779, 140
Trd, 8639354.579, 140
Trd, 8639354.712, 140
Trd, 8639354.912, 140
Trd, 8639355.679, 140
Trd, 8639356.179, 140
Trd, 8639356.279, 140
Trd, 8639356.679, 140
Trd, 8639357.246, 139
Trd, 8639357.779, 140
Trd, 8639357.979, 139
Trd, 8639358.012, 138
Trd, 8639359.779, 140
Trd, 8639359.879, 140
Trd, 8639360.612, 140
Trd, 8639360.779, 140
Trd, 8639361.212, 140
Trd, 8639361.279, 140
Trd, 8639361.379, 140
Trd, 8639362.246, 140
Trd, 8639362.279, 139
Trd, 8639362.679, 123
Trd, 8639362.746, 122
Trd, 8639362.946, 63
Trd, 8639363.512, 70
Trd, 8639363.912, 63
Trd, 8639364.546, 140
Trd, 8639364.712, 139
Trd, 8639364.812, 68
Trd, 8639365.146, 63
Trd, 8639365.279, 68
Trd, 8639366.112, 140
Trd, 8639366.846, 138
Trd, 8639367.212, 140
Trd, 8639368.079, 140
Trd, 8639368.512, 140
Trd, 8639368.779, 140
Trd, 8639369.446, 140
Trd, 8639369.612, 140
Trd, 8639369.979, 139
Trd, 8639370.546, 140
Trd, 8639371.112, 140
Trd, 8639371.279, 140
Trd, 8639371.712, 140
Trd, 8639372.012, 140
Trd, 8639372.279, 140
Trd, 8639373.212, 140
Trd, 8639373.446, 140
Trd, 8639373.779, 140
Trd, 8639373.846, 140
Trd, 8639374.746, 139
Trd, 8639375.279, 136
Trd, 8639375.679, 140
Trd, 8639376.512, 140
Trd, 8639377.412, 140
Trd, 8639377.679, 140
Trd, 8639378.246, 140
Trd, 8639378.912, 140
Trd, 8639379.479, 140
Trd, 8639379.546, 139
Trd, 8639380.112, 140
Trd, 8639380.679, 140
Trd, 8639380.846, 140
Trd, 8639381.379, 139
Trd, 8639381.446, 138
Trd, 8639381.912, 136
Trd, 8639382.346, 139
Trd, 8639383.212, 140
Trd, 8639383.579, 138
Trd, 8639383.612, 136
Trd, 8639384.379, 140
Trd, 8639385.346, 140
Trd, 8639385.612, 139
Trd, 8639385.712, 139
Trd, 8639385.946, 138
Trd, 8639386.112, 95
Trd, 8639386.579, 139
Trd, 8639387.246, 140
Trd, 8639387.779, 132
Trd, 8639388.446, 136
Trd, 8639388.846, 140
Trd, 8639388.912, 92
Trd, 8639389.446, 69
Trd, 8639390.112, 97
Trd, 8639391.046, 60
Trd, 8639391.112, 61
Trd, 8639391.179, 62
Trd, 8639391.212, 102
Trd, 8639391.679, 128
Trd, 8639392.279, 71
Trd, 8639393.079, 140
Trd, 8639393.379, 139
Trd, 8639393.979, 121
Trd, 8639394.179, 119
Trd, 8639394.279, 118
Trd, 8639394.746, 70
Trd, 8639395.712, 140
Trd, 8639395.912, 140
Trd, 8639396.212, 140
Trd, 8639396.679, 140
Trd, 8639396.979, 140
Trd, 8639397.479, 139
Trd, 8639398.379, 140
Trd, 8639398.479, 138
Trd, 8639399.446, 140
Trd, 8639399.812, 140
Trd, 8639400.046, 139
Trd, 8639400.179, 138
Trd, 8639400.379, 118
Trd, 8639401.112, 139
Trd, 8639401.546, 61
Trd, 8639402.446, 140
Trd, 8639402.746, 140
Trd, 8639402.879, 139
Trd, 8639403.646, 62
Trd, 8639403.746, 75
Trd, 8639403.846, 125
Trd, 8639404.179, 137
Trd, 8639405.346, 61
Trd, 8639405.712, 61
Trd, 8639406.012, 63
Trd, 8639406.612, 63
Trd, 8639407.379, 140
Trd, 8639407.912, 140
Trd, 8639408.379, 140
Trd, 8639409.012, 140
Trd, 8639409.079, 140
Trd, 8639409.346, 136
Trd, 8639410.446, 65
Trd, 8639410.479, 74
Trd, 8639411.012, 61
Trd, 8639411.679, 64
Trd, 8639412.146, 136
Trd, 8639412.912, 124
Trd, 8639413.279, 140
Trd, 8639414.012, 140
Trd, 8639414.079, 140
Trd, 8639414.746, 138
Trd, 8639414.879, 138
Trd, 8639415.312, 137
Trd, 8639415.446, 137
Trd, 8639415.546, 133
Trd, 8639416.246, 87
Trd, 8639416.346, 85
Trd, 8639416.412, 83
Trd, 8639416.646, 80
Trd, 8639417.312, 140
Trd, 8639417.779, 66
Trd, 8639418.779, 140
Trd, 8639418.879, 140
Trd, 8639419.012, 140
Trd, 8639419.346, 140
Trd, 8639419.412, 139
Trd, 8639419.946, 110
Trd, 8639421.112, 62
Trd, 8639421.312, 140
Trd, 8639421.479, 79
Trd, 8639422.112, 62
Trd, 8639422.479, 140
Trd, 8639423.346, 140
Trd, 8639423.779, 140
Trd, 8639424.146, 140
Trd, 8639424.379, 140
Trd, 8639424.446, 140
Trd, 8639425.479, 140
Trd, 8639425.712, 140
Trd, 8639426.112, 140
Trd, 8639426.612, 139
Trd, 8639427.079, 140
Trd, 8639427.479, 139
Trd, 8639427.846, 139
Trd, 8639428.112, 139
Trd, 8639428.846, 140
Trd, 8639429.046, 139
Trd, 8639429.379, 140
Trd, 8639429.846, 140
Trd, 8639430.012, 140
Trd, 8639430.112, 140
Trd, 8639430.846, 140
Trd, 8639431.679, 140
Trd, 8639432.046, 140
Trd, 8639432.512, 140
Trd, 8639432.779, 140
Trd, 8639433.012, 140
Trd, 8639433.412, 138
Trd, 8639434.112, 140
Trd, 8639434.379, 139
Trd, 8639434.846, 140
Trd, 8639434.979, 138
Trd, 8639435.912, 139
Trd, 8639435.979, 139
Trd, 8639436.179, 109
Trd, 8639437.212, 140
Trd, 8639437.679, 140
Trd, 8639437.879, 140
Trd, 8639437.946, 140
Trd, 8639438.212, 139
Trd, 8639439.079, 140
Trd, 8639439.912, 140
Trd, 8639440.379, 140
Trd, 8639440.446, 139
Trd, 8639440.546, 129
Trd, 8639440.812, 140
Trd, 8639441.612, 140
Trd, 8639441.846, 139
Trd, 8639442.979, 140
Trd, 8639443.046, 140
Trd, 8639443.146, 140
Trd, 8639443.912, 140
Trd, 8639444.146, 140
Trd, 8639444.246, 139
Trd, 8639444.446, 112
Trd, 8639444.812, 101
Trd, 8639446.079, 140
Trd, 8639446.579, 140
Trd, 8639446.812, 140
Trd, 8639447.646, 140
Trd, 8639447.912, 140
Trd, 8639447.946, 139
Trd, 8639448.112, 138
Trd, 8639448.246, 111
Trd, 8639448.679, 70
Trd, 8639449.412, 134
Trd, 8639450.112, 140
Trd, 8639451.079, 140
Trd, 8639451.412, 140
Trd, 8639451.512, 140
Trd, 8639451.712, 140
Trd, 8639451.879, 139
Trd, 8639452.446, 140
Trd, 8639452.779, 138
Trd, 8639453.479, 140
Trd, 8639453.679, 140
Trd, 8639454.046, 85
Trd, 8639454.746, 60
Trd, 8639454.812, 62
Trd, 8639455.146, 65
Trd, 8639455.379, 130
Trd, 8639455.879, 60
Trd, 8639455.979, 135
Trd, 8639456.746, 137
Trd, 8639457.612, 138
Trd, 8639457.946, 140
Trd, 8639458.046, 140
Trd, 8639458.846, 140
Trd, 8639459.412, 140
Trd, 8639459.512, 140
Trd, 8639459.779, 139
Trd, 8639460.746, 140
Trd, 8639460.812, 140
Trd, 8639461.112, 140
Trd, 8639461.346, 138
Trd, 8639462.546, 140
Trd, 8639462.579, 140
Trd, 8639463.679, 140
Trd, 8639464.146, 140
Trd, 8639464.279, 140
Trd, 8639464.512, 138
Trd, 8639465.246, 139
Trd, 8639465.346, 138
Trd, 8639465.546, 139
Trd, 8639466.112, 140
Trd, 8639466.412, 140
Trd, 8639467.246, 140
Trd, 8639467.712, 140
Trd, 8639468.212, 140
Trd, 8639468.646, 140
Trd, 8639469.046, 140
Trd, 8639469.379, 140
Trd, 8639469.612, 140
Trd, 8639469.679, 110
Trd, 8639470.046, 140
Trd, 8639470.279, 140
Trd, 8639471.179, 140
Trd, 8639471.346, 138
Trd, 8639472.379, 140
Trd, 8639473.179, 140
Trd, 8639473.512, 140
Trd, 8639473.912, 140
Trd, 8639473.946, 139
Trd, 8639474.346, 140
Trd, 8639474.412, 140
Trd, 8639474.612, 134
Trd, 8639475.112, 107
Trd, 8639476.646, 140
Trd, 8639477.246, 140
Trd, 8639477.646, 139
Trd, 8639477.846, 140
Trd, 8639478.212, 139
Trd, 8639478.912, 70
Trd, 8639479.279, 117
Trd, 8639479.946, 140
Trd, 8639480.612, 140
Trd, 8639480.979, 140
Trd, 8639481.079, 140
Trd, 8639481.646, 140
Trd, 8639482.312, 140
Trd, 8639482.412, 140
Trd, 8639483.212, 140
Trd, 8639483.579, 105
Trd, 8639483.846, 138
Trd, 8639484.279, 139
Trd, 8639484.979, 138
Trd, 8639485.112, 138
Trd, 8639486.212, 60
Trd, 8639486.379, 60
Trd, 8639487.012, 61
Trd, 8639487.246, 79
Trd, 8639487.546, 60
Trd, 8639487.712, 82
Trd, 8639488.012, 64
Trd, 8639488.812, 140
Trd, 8639489.012, 140
Trd, 8639489.579, 140
Trd, 8639489.679, 140
Trd, 8639489.779, 140
Trd, 8639490.679, 140
Trd, 8639491.546, 140
Trd, 8639491.712, 140
Trd, 8639491.779, 140
Trd, 8639492.412, 140
Trd, 8639492.746, 140
Trd, 8639493.146, 140
Trd, 8639493.212, 139
Trd, 8639493.279, 139
Trd, 8639493.779, 137
Trd, 8639494.012, 120
Trd, 8639495.279, 139
Trd, 8639495.812, 140
Trd, 8639495.979, 140
Trd, 8639496.046, 139
Trd, 8639496.512, 139
Trd, 8639496.646, 137
Trd, 8639497.412, 140
Trd, 8639499.079, 140
Trd, 8639499.112, 140
Trd, 8639499.812, 140
Trd, 8639499.846, 140
Trd, 8639500.379, 140
Trd, 8639500.546, 140
Trd, 8639501.146, 140
Trd, 8639501.179, 140
Trd, 8639501.712, 140
Trd, 8639502.212, 140
Trd, 8639502.379, 138
Trd, 8639502.746, 137
Trd, 8639503.712, 140
Trd, 8639503.812, 140
Trd, 8639504.912, 140
Trd, 8639505.712, 140
Trd, 8639505.979, 140
Trd, 8639506.346, 139
Trd, 8639506.546, 140
Trd, 8639506.846, 140
Trd, 8639507.012, 139
Trd, 8639507.179, 92
Trd, 8639507.546, 74
Trd, 8639508.112, 140
Trd, 8639508.479, 137
Trd, 8639510.079, 140
Trd, 8639510.446, 140
Trd, 8639510.512, 139
Trd, 8639511.312, 140
Trd, 8639511.712, 140
Trd, 8639512.179, 140
Trd, 8639512.812, 140
Trd, 8639513.312, 140
Trd, 8639513.479, 140
Trd, 8639513.712, 140
Trd, 8639513.946, 140
Trd, 8639514.146, 139
Trd, 8639514.412, 140
Trd, 8639514.712, 139
Trd, 8639515.879, 140
Trd, 8639516.546, 140
Trd, 8639517.312, 140
Trd, 8639517.779, 140
Trd, 8639518.012, 140
Trd, 8639518.046, 140
Trd, 8639518.679, 139
Trd, 8639518.846, 139
Trd, 8639519.212, 140
Trd, 8639520.079, 140
Trd, 8639520.179, 139
Trd, 8639520.546, 139
Trd, 8639520.579, 136
Trd, 8639520.779, 85
Trd, 8639522.079, 65
Trd, 8639522.179, 77
Trd, 8639523.012, 140
Trd, 8639524.479, 140
Trd, 8639524.646, 140
Trd, 8639525.079, 140
Trd, 8639525.246, 140
Trd, 8639525.512, 140
Trd, 8639526.812, 140
Trd, 8639527.446, 140
Trd, 8639527.812, 140
Trd, 8639527.879, 140
Trd, 8639528.079, 140
Trd, 8639528.212, 140
Trd, 8639528.546, 138
Trd, 8639529.212, 139
Trd, 8639529.979, 140
Trd, 8639530.312, 140
Trd, 8639530.446, 140
Trd, 8639530.512, 139
Trd, 8639530.579, 138
Trd, 8639530.979, 94
Trd, 8639531.512, 140
Trd, 8639531.612, 140
Trd, 8639531.979, 69
Trd, 8639533.146, 62
Trd, 8639533.679, 137
Trd, 8639533.912, 140
Trd, 8639534.412, 140
Trd, 8639534.512, 120
Trd, 8639534.779, 115
Trd, 8639535.612, 140
Trd, 8639535.846, 140
Trd, 8639536.146, 140
Trd, 8639537.579, 140
Trd, 8639537.779, 140
Trd, 8639537.912, 140
Trd, 8639538.012, 139
Trd, 8639538.712, 140
Trd, 8639538.879, 138
Trd, 8639538.912, 137
Trd, 8639539.012, 134
Trd, 8639539.146, 137
Trd, 8639539.812, 140
Trd, 8639540.046, 140
Trd, 8639540.446, 140
Trd, 8639541.246, 140
Trd, 8639542.046, 140
Trd, 8639542.279, 140
Trd, 8639542.812, 140
Trd, 8639542.946, 140
Trd, 8639542.979, 140
Trd, 8639543.412, 87
Trd, 8639544.246, 140
Trd, 8639544.812, 140
Trd, 8639544.846, 139
Trd, 8639544.946, 98
Trd, 8639545.079, 92
Trd, 8639545.779, 140
Trd, 8639546.146, 101
Trd, 8639546.746, 139
Trd, 8639547.379, 60
Trd, 8639547.846, 140
Trd, 8639547.979, 100
Trd, 8639548.512, 138
Trd, 8639548.679, 140
Trd, 8639548.979, 140
Trd, 8639550.279, 140
Trd, 8639550.379, 140
Trd, 8639551.146, 140
Trd, 8639551.312, 140
Trd, 8639551.412, 139
Trd, 8639551.846, 138
Trd, 8639552.312, 140
Trd, 8639552.379, 140
Trd, 8639552.546, 127
Trd, 8639553.112, 138
Trd, 8639553.946, 113
Trd, 8639554.312, 131
Trd, 8639554.412, 139
Trd, 8639554.612, 131
Trd, 8639555.279, 140
Trd, 8639555.679, 138
Trd, 8639556.646, 140
Trd, 8639556.979, 140
Trd, 8639557.246, 140
Trd, 8639557.346, 140
Trd, 8639558.646, 140
Trd, 8639558.912, 140
Trd, 8639559.646, 140
Trd, 8639559.746, 140
Trd, 8639560.146, 140
Trd, 8639560.612, 140
Trd, 8639561.279, 140
Trd, 8639562.279, 140
Trd, 8639562.979, 140
Trd, 8639563.012, 140
Trd, 8639563.179, 140
Trd, 8639563.746, 140
Trd, 8639563.912, 140
Trd, 8639564.112, 139
Trd, 8639564.279, 140
Trd, 8639564.312, 134
Trd, 8639565.479, 139
Trd, 8639566.546, 137
Trd, 8639566.646, 135
Trd, 8639566.679, 128
Trd, 8639567.812, 140
Trd, 8639568.346, 140
Trd, 8639568.646, 140
Trd, 8639569.079, 140
Trd, 8639569.246, 140
Trd, 8639569.379, 140
Trd, 8639569.612, 140
Trd, 8639570.679, 140
Trd, 8639570.846, 140
Trd, 8639571.046, 140
Trd, 8639571.146, 137
Trd, 8639572.579, 140
Trd, 8639572.612, 139
Trd, 8639572.912, 139
Trd, 8639573.146, 139
Trd, 8639573.212, 133
Trd, 8639573.646, 121
Trd, 8639574.146, 61
Trd, 8639574.579, 61
Trd, 8639574.712, 60
Trd, 8639575.512, 61
Trd, 8639575.879, 64
Trd, 8639576.246, 64
Trd, 8639576.279, 70
Trd, 8639576.679, 110
Trd, 8639576.712, 91
Trd, 8639576.812, 139
Trd, 8639576.879, 68
Trd, 8639577.646, 61
Trd, 8639578.512, 140
Trd, 8639579.046, 140
Trd, 8639579.379, 140
Trd, 8639580.479, 140
Trd, 8639580.879, 140
Trd, 8639580.912, 140
Trd, 8639581.479, 140
Trd, 8639581.779, 140
Trd, 8639581.946, 140
Trd, 8639582.012, 140
Trd, 8639583.179, 140
Trd, 8639583.379, 83
Trd, 8639584.046, 140
Trd, 8639584.779, 140
Trd, 8639585.179, 140
Trd, 8639585.646, 140
Trd, 8639585.946, 140
Trd, 8639586.612, 140
Trd, 8639586.812, 140
Trd, 8639587.312, 140
Trd, 8639587.679, 140
Trd, 8639587.946, 140
Trd, 8639588.146, 139
Trd, 8639589.112, 139
Trd, 8639589.146, 138
Trd, 8639589.179, 78
Trd, 8639589.746, 60
Trd, 8639590.512, 140
Trd, 8639590.746, 139
Trd, 8639590.912, 137
Trd, 8639591.212, 100
Trd, 8639592.079, 91
Trd, 8639592.279, 140
Trd, 8639592.612, 139
Trd, 8639592.912, 139
Trd, 8639592.946, 133
Trd, 8639593.446, 63
Trd, 8639593.546, 127
Trd, 8639594.246, 66
Trd, 8639594.612, 137
Trd, 8639594.912, 137
Trd, 8639595.312, 140
Trd, 8639595.879, 138
Trd, 8639596.379, 139
Trd, 8639596.812, 138
Trd, 8639596.879, 87
Trd, 8639598.112, 63
Trd, 8639598.512, 61
Trd, 8639598.646, 117
Trd, 8639599.012, 65
Trd, 8639599.346, 62
Trd, 8639600.012, 140
Trd, 8639600.179, 140
Trd, 8639600.246, 140
Trd, 8639600.646, 138
Trd, 8639601.479, 140
Trd, 8639601.512, 140
Trd, 8639602.912, 140
Trd, 8639603.046, 140
Trd, 8639604.079, 140
Trd, 8639604.246, 139
Trd, 8639604.846, 139
Trd, 8639605.012, 139
Trd, 8639605.712, 140
Trd, 8639605.946, 136
Trd, 8639606.679, 123
Trd, 8639606.979, 135
Trd, 8639607.079, 135
Trd, 8639607.112, 134
Trd, 8639607.812, 140
Trd, 8639608.179, 140
Trd, 8639608.779, 140
Trd, 8639608.946, 139
Trd, 8639608.979, 139
Trd, 8639609.479, 139
Trd, 8639610.279, 140
Trd, 8639610.912, 140
Trd, 8639611.512, 140
Trd, 8639611.646, 135
Trd, 8639612.079, 140
Trd, 8639612.146, 68
Trd, 8639612.512, 65
Trd, 8639613.512, 140
Trd, 8639613.579, 140
Trd, 8639614.079, 140
Trd, 8639614.579, 140
Trd, 8639614.912, 139
Trd, 8639615.346, 140
Trd, 8639615.379, 140
Trd, 8639616.246, 140
Trd, 8639616.346, 140
Trd, 8639616.646, 140
Trd, 8639616.779, 140
Trd, 8639617.012, 140
Trd, 8639617.312, 140
Trd, 8639618.746, 140
Trd, 8639619.079, 140
Trd, 8639619.279, 139
Trd, 8639619.979, 139
Trd, 8639620.179, 138
Trd, 8639620.279, 136
Trd, 8639620.646, 140
Trd, 8639620.712, 140
Trd, 8639621.079, 113
Trd, 8639622.212, 140
Trd, 8639622.312, 140
Trd, 8639622.746, 140
Trd, 8639623.046, 140
Trd, 8639624.646, 140
Trd, 8639625.112, 140
Trd, 8639625.379, 140
Trd, 8639625.679, 140
Trd, 8639626.312, 140
Trd, 8639626.646, 139
Trd, 8639627.179, 140
Trd, 8639627.346, 139
Trd, 8639627.579, 136
Trd, 8639628.146, 139
Trd, 8639628.879, 140
Trd, 8639628.946, 140
Trd, 8639629.479, 140
Trd, 8639629.979, 90
Trd, 8639630.046, 84
Trd, 8639630.879, 140
Trd, 8639631.346, 139
Trd, 8639631.812, 139
Trd, 8639632.379, 118
Trd, 8639632.412, 119
Trd, 8639632.612, 63
Trd, 8639632.712, 63
Trd, 8639632.979, 63
Trd, 8639634.779, 140
Trd, 8639634.879, 140
Trd, 8639634.912, 140
Trd, 8639635.179, 140
Trd, 8639636.046, 140
Trd, 8639636.079, 140
Trd, 8639636.246, 140
Trd, 8639636.546, 60
Trd, 8639636.812, 63
Trd, 8639637.379, 112
Trd, 8639637.979, 70
Trd, 8639638.379, 61
Trd, 8639639.312, 138
Trd, 8639639.579, 137
Trd, 8639639.812, 103
Trd, 8639640.779, 140
Trd, 8639641.246, 140
Trd, 8639641.346, 140
Trd, 8639641.446, 140
Trd, 8639642.846, 140
Trd, 8639642.946, 140
Trd, 8639643.012, 140
Trd, 8639643.246, 139
Trd, 8639643.312, 138
Trd, 8639643.979, 140
Trd, 8639644.012, 137
Trd, 8639644.379, 140
Trd, 8639645.179, 140
Trd, 8639645.512, 140
Trd, 8639645.879, 140
Trd, 8639646.179, 140
Trd, 8639646.579, 138
Trd, 8639647.012, 113
Trd, 8639648.446, 140
Trd, 8639648.479, 140
Trd, 8639648.546, 140
Trd, 8639649.679, 139
Trd, 8639650.346, 140
Trd, 8639650.579, 139
Trd, 8639650.779, 139
Trd, 8639652.346, 140
Trd, 8639653.579, 140
Trd, 8639653.912, 140
Trd, 8639654.012, 140
Trd, 8639654.046, 140
Trd, 8639654.146, 139
Trd, 8639655.779, 140
Trd, 8639655.812, 139
Trd, 8639655.946, 137
Trd, 8639656.712, 140
Trd, 8639656.812, 140
Trd, 8639657.446, 140
Trd, 8639658.246, 140
Trd, 8639658.312, 140
Trd, 8639658.579, 140
Trd, 8639659.246, 140
Trd, 8639659.379, 140
Trd, 8639659.779, 140
Trd, 8639659.912, 139
Trd, 8639660.179, 140
Trd, 8639660.312, 140
Trd, 8639660.479, 140
Trd, 8639660.946, 140
Trd, 8639661.479, 140
Trd, 8639661.546, 140
Trd, 8639661.779, 140
Trd, 8639662.246, 139
Trd, 8639663.379, 140
Trd, 8639664.079, 140
Trd, 8639664.279, 140
Trd, 8639664.312, 139
Trd, 8639664.646, 61
Trd, 8639665.846, 139
Trd, 8639666.179, 140
Trd, 8639666.246, 122
Trd, 8639666.312, 121
Trd, 8639668.179, 140
Trd, 8639668.546, 140
Trd, 8639668.612, 140
Trd, 8639668.646, 140
Trd, 8639668.946, 140
Trd, 8639669.046, 135
Trd, 8639669.212, 62
Trd, 8639670.479, 140
Trd, 8639671.212, 140
Trd, 8639671.312, 140
Trd, 8639671.479, 140
Trd, 8639672.479, 140
Trd, 8639673.079, 140
Trd, 8639673.212, 140
Trd, 8639673.279, 138
Trd, 8639673.412, 133
Trd, 8639673.579, 138
Trd, 8639674.846, 140
Trd, 8639675.446, 140
Trd, 8639675.479, 140
Trd, 8639675.512, 140
Trd, 8639675.746, 121
Trd, 8639676.379, 140
Trd, 8639676.646, 140
Trd, 8639676.879, 85
Trd, 8639677.312, 140
Trd, 8639678.212, 102
Trd, 8639678.979, 140
Trd, 8639679.246, 140
Trd, 8639679.646, 140
Trd, 8639679.679, 140
Trd, 8639680.412, 140
Trd, 8639680.646, 140
Trd, 8639681.279, 140
Trd, 8639681.912, 140
Trd, 8639681.979, 140
Trd, 8639682.746, 140
Trd, 8639683.212, 140
Trd, 8639683.379, 140
Trd, 8639683.646, 140
Trd, 8639683.712, 140
Trd, 8639683.946, 140
Trd, 8639684.079, 137
Trd, 8639684.646, 119
Trd, 8639684.679, 106
Trd, 8639684.712, 85
Trd, 8639686.012, 140
Trd, 8639686.279, 140
Trd, 8639686.579, 140
Trd, 8639686.612, 140
Trd, 8639686.979, 138
Trd, 8639687.112, 70
Trd, 8639688.079, 140
Trd, 8639689.046, 140
Trd, 8639689.146, 140
Trd, 8639689.179, 139
Trd, 8639689.446, 60
Trd, 8639689.812, 65
Trd, 8639689.979, 140
Trd, 8639691.279, 137
Trd, 8639692.179, 140
Trd, 8639692.779, 140
Trd, 8639692.812, 140
Trd, 8639693.379, 140
Trd, 8639694.346, 140
Trd, 8639694.512, 140
Trd, 8639694.779, 139
Trd, 8639694.946, 139
Trd, 8639695.379, 140
Trd, 8639695.812, 138
Trd, 8639696.146, 140
Trd, 8639696.512, 140
Trd, 8639697.112, 140
Trd, 8639697.679, 140
Trd, 8639698.046, 140
Trd, 8639698.146, 97
Trd, 8639698.512, 140
Trd, 8639699.746, 140
Trd, 8639699.812, 140
Trd, 8639700.279, 140
Trd, 8639700.746, 140
Trd, 8639700.946, 140
Trd, 8639701.112, 140
Trd, 8639701.346, 139
Trd, 8639702.046, 139
Trd, 8639702.212, 139
Trd, 8639703.312, 139
Trd, 8639703.912, 140
Trd, 8639704.079, 140
Trd, 8639704.112, 139
Trd, 8639704.212, 139
Trd, 8639704.679, 131
Trd, 8639704.779, 129
Trd, 8639705.412, 137
Trd, 8639705.846, 138
Trd, 8639706.212, 139
Trd, 8639707.312, 140
Trd, 8639707.679, 140
Trd, 8639708.346, 140
Trd, 8639708.812, 140
Trd, 8639709.079, 138
Trd, 8639709.379, 75
Trd, 8639710.379, 140
Trd, 8639710.479, 140
Trd, 8639711.012, 140
Trd, 8639711.046, 140
Trd, 8639712.046, 140
Trd, 8639712.312, 140
Trd, 8639712.412, 134
Trd, 8639712.846, 140
Trd, 8639713.046, 140
Trd, 8639714.112, 140
Trd, 8639714.412, 140
Trd, 8639714.812, 140
Trd, 8639714.879, 140
Trd, 8639715.046, 138
Trd, 8639715.312, 136
Trd, 8639715.779, 140
Trd, 8639715.946, 138
Trd, 8639718.112, 140
Trd, 8639718.746, 140
Trd, 8639719.612, 140
Trd, 8639719.979, 140
Trd, 8639720.246, 140
Trd, 8639720.379, 140
Trd, 8639720.546, 140
Trd, 8639720.612, 138
Trd, 8639720.879, 139
Trd, 8639720.912, 138
Trd, 8639721.412, 103
Trd, 8639721.646, 80
Trd, 8639721.712, 124
Trd, 8639722.212, 70
Trd, 8639723.046, 139
Trd, 8639723.746, 86
Trd, 8639724.046, 85
Trd, 8639724.146, 109
Trd, 8639724.579, 139
Trd, 8639724.879, 66
Trd, 8639725.579, 61
Trd, 8639725.646, 61
Trd, 8639726.379, 64
Trd, 8639726.546, 124
Trd, 8639726.812, 139
Trd, 8639727.012, 138
Trd, 8639727.212, 87
Trd, 8639727.279, 86
Trd, 8639727.346, 85
Trd, 8639728.212, 140
Trd, 8639728.412, 140
Trd, 8639729.546, 69
Trd, 8639729.579, 67
Trd, 8639729.879, 66
Trd, 8639729.912, 86
Trd, 8639731.279, 137
Trd, 8639731.612, 65
Trd, 8639732.412, 140
Trd, 8639732.879, 140
Trd, 8639733.612, 140
Trd, 8639733.746, 140
Trd, 8639734.279, 140
Trd, 8639735.446, 140
Trd, 8639735.879, 140
Trd, 8639736.146, 140
Trd, 8639736.446, 139
Trd, 8639736.546, 139
Trd, 8639737.012, 138
Trd, 8639737.146, 137
Trd, 8639737.579, 137
Trd, 8639737.612, 130
Trd, 8639738.146, 139
Trd, 8639738.846, 140
Trd, 8639739.379, 140
Trd, 8639739.479, 134
Trd, 8639740.546, 71
Trd, 8639740.912, 138
Trd, 8639741.546, 62
Trd, 8639741.946, 100
Trd, 8639742.079, 70
Trd, 8639742.679, 140
Trd, 8639742.779, 140
Trd, 8639743.046, 140
Trd, 8639743.612, 61
Trd, 8639744.179, 140
Trd, 8639744.546, 140
Trd, 8639744.846, 140
Trd, 8639745.346, 139
Trd, 8639746.146, 139
Trd, 8639746.212, 138
Trd, 8639746.746, 139
Trd, 8639746.912, 139
Trd, 8639747.546, 139
Trd, 8639747.812, 138
Trd, 8639749.812, 140
Trd, 8639749.912, 140
Trd, 8639750.512, 140
Trd, 8639750.712, 140
Trd, 8639750.912, 139
Trd, 8639751.212, 139
Trd, 8639751.612, 140
Trd, 8639751.812, 140
Trd, 8639752.179, 140
Trd, 8639752.479, 137
Trd, 8639752.546, 124
Trd, 8639752.779, 60
Trd, 8639753.079, 72
Trd, 8639753.146, 71
Trd, 8639754.079, 65
Trd, 8639754.312, 62
Trd, 8639755.079, 66
Trd, 8639755.679, 62
Trd, 8639755.779, 69
Trd, 8639757.512, 140
Trd, 8639757.812, 140
Trd, 8639757.946, 140
Trd, 8639758.079, 140
Trd, 8639758.412, 116
Trd, 8639759.012, 75
Trd, 8639759.946, 140
Trd, 8639760.379, 140
Trd, 8639760.746, 140
Trd, 8639761.079, 140
Trd, 8639761.179, 140
Trd, 8639761.312, 140
Trd, 8639762.846, 140
Trd, 8639763.279, 140
Trd, 8639763.446, 140
Trd, 8639763.612, 140
Trd, 8639764.579, 140
Trd, 8639765.079, 140
Trd, 8639765.412, 140
Trd, 8639765.879, 140
Trd, 8639765.912, 139
Trd, 8639766.412, 140
Trd, 8639766.746, 140
Trd, 8639767.112, 140
Trd, 8639767.812, 140
Trd, 8639768.746, 140
Trd, 8639769.146, 140
Trd, 8639769.212, 140
Trd, 8639769.379, 137
Trd, 8639769.446, 136
Trd, 8639770.512, 103
Trd, 8639771.812, 140
Trd, 8639771.846, 140
Trd, 8639773.179, 140
Trd, 8639773.579, 140
Trd, 8639773.946, 140
Trd, 8639774.112, 140
Trd, 8639774.346, 140
Trd, 8639774.412, 140
Trd, 8639775.479, 140
Trd, 8639775.712, 140
Trd, 8639776.079, 140
Trd, 8639776.312, 139
Trd, 8639776.579, 140
Trd, 8639777.012, 140
Trd, 8639777.246, 124
Trd, 8639777.979, 140
Trd, 8639778.579, 139
Trd, 8639779.479, 140
Trd, 8639779.579, 138
Trd, 8639779.779, 101
Trd, 8639779.812, 100
Trd, 8639780.412, 139
Trd, 8639781.646, 140
Trd, 8639783.012, 140
Trd, 8639783.079, 140
Trd, 8639783.979, 140
Trd, 8639784.179, 140
Trd, 8639784.246, 140
Trd, 8639784.379, 138
Trd, 8639784.546, 134
Trd, 8639785.112, 140
Trd, 8639785.446, 140
Trd, 8639785.512, 140
Trd, 8639786.079, 140
Trd, 8639786.212, 140
Trd, 8639787.479, 140
Trd, 8639787.779, 138
Trd, 8639788.079, 139
Trd, 8639788.712, 138
Trd, 8639789.046, 137
Trd, 8639789.846, 140
Trd, 8639790.879, 140
Trd, 8639791.446, 140
Trd, 8639791.479, 140
Trd, 8639791.579, 139
Trd, 8639793.079, 140
Trd, 8639793.112, 140
Trd, 8639793.479, 140
Trd, 8639793.546, 140
Trd, 8639793.679, 139
Trd, 8639794.312, 139
Trd, 8639795.879, 140
Trd, 8639795.912, 140
Trd, 8639796.079, 140
Trd, 8639796.579, 140
Trd, 8639797.579, 140
Trd, 8639798.746, 140
Trd, 8639799.012, 140
Trd, 8639799.146, 140
Trd, 8639800.146, 140
Trd, 8639800.179, 137
Trd, 8639800.346, 137
Trd, 8639800.612, 140
Trd, 8639801.046, 140
Trd, 8639801.279, 140
Trd, 8639802.379, 140
Trd, 8639802.512, 140
Trd, 8639802.612, 140
Trd, 8639802.746, 140
Trd, 8639802.979, 140
Trd, 8639803.312, 140
Trd, 8639803.912, 139
Trd, 8639804.912, 139
Trd, 8639805.312, 140
Trd, 8639805.679, 136
Trd, 8639806.012, 136
Trd, 8639806.746, 137
Trd, 8639807.012, 135
Trd, 8639807.646, 140
Trd, 8639808.079, 140
Trd, 8639808.546, 140
Trd, 8639808.912, 136
Trd, 8639809.246, 139
Trd, 8639809.779, 139
Trd, 8639809.812, 139
Trd, 8639810.246, 139
Trd, 8639810.712, 86
Trd, 8639811.079, 140
Trd, 8639811.112, 139
Trd, 8639811.179, 118
Trd, 8639812.146, 140
Trd, 8639812.179, 140
Trd, 8639813.112, 140
Trd, 8639813.579, 135
Trd, 8639814.346, 140
Trd, 8639814.546, 137
Trd, 8639816.112, 140
Trd, 8639816.146, 140
Trd, 8639816.179, 140
Trd, 8639817.179, 140
Trd, 8639817.579, 140
Trd, 8639817.679, 139
Trd, 8639818.079, 139
Trd, 8639818.479, 138
Trd, 8639818.679, 93
Trd, 8639819.079, 139
Trd, 8639819.579, 140
Trd, 8639819.779, 62
Trd, 8639820.312, 140
Trd, 8639820.379, 73
Trd, 8639820.912, 140
Trd, 8639821.579, 140
Trd, 8639822.979, 140
Trd, 8639823.046, 140
Trd, 8639823.812, 140
Trd, 8639824.112, 140
Trd, 8639824.612, 140
Trd, 8639825.412, 140
Trd, 8639825.746, 140
Trd, 8639825.912, 140
Trd, 8639825.979, 140
Trd, 8639826.079, 139
Trd, 8639826.112, 133
Trd, 8639826.912, 103
Trd, 8639827.012, 102
Trd, 8639827.446, 140
Trd, 8639828.146, 140
Trd, 8639828.279, 140
Trd, 8639828.612, 140
Trd, 8639828.779, 140
Trd, 8639829.379, 136
Trd, 8639830.146, 140
Trd, 8639830.812, 140
Trd, 8639831.179, 140
Trd, 8639831.512, 140
Trd, 8639831.712, 139
Trd, 8639832.312, 140
Trd, 8639832.479, 140
Trd, 8639832.612, 140
Trd, 8639832.912, 140
Trd, 8639833.946, 139
Trd, 8639834.579, 140
Trd, 8639834.946, 140
Trd, 8639835.012, 140
Trd, 8639836.146, 140
Trd, 8639836.312, 139
Trd, 8639836.546, 139
Trd, 8639837.079, 137
Trd, 8639837.646, 135
Trd, 8639838.046, 139
Trd, 8639838.579, 139
Trd, 8639838.846, 139
Trd, 8639839.012, 138
Trd, 8639839.079, 132
Trd, 8639839.379, 83
Trd, 8639840.046, 140
Trd, 8639840.646, 140
Trd, 8639840.946, 86
Trd, 8639841.712, 140
Trd, 8639842.279, 140
Trd, 8639842.312, 140
Trd, 8639842.579, 139
Trd, 8639843.146, 140
Trd, 8639843.279, 140
Trd, 8639844.112, 140
Trd, 8639845.112, 140
Trd, 8639845.146, 140
Trd, 8639845.246, 140
Trd, 8639845.512, 140
Trd, 8639846.146, 140
Trd, 8639846.379, 140
Trd, 8639846.979, 140
Trd, 8639847.012, 139
Trd, 8639847.646, 140
Trd, 8639847.779, 140
Trd, 8639847.846, 106
Trd, 8639848.879, 140
Trd, 8639849.046, 140
Trd, 8639849.712, 140
Trd, 8639849.779, 140
Trd, 8639850.212, 140
Trd, 8639850.479, 140
Trd, 8639850.979, 140
Trd, 8639851.046, 140
Trd, 8639851.946, 140
Trd, 8639852.012, 140
Trd, 8639853.012, 140
Trd, 8639853.512, 140
Trd, 8639854.379, 140
Trd, 8639854.579, 140
Trd, 8639855.112, 140
Trd, 8639855.579, 140
Trd, 8639856.079, 140
Trd, 8639856.912, 139
Trd, 8639857.679, 140
Trd, 8639857.946, 139
Trd, 8639858.046, 139
Trd, 8639858.312, 132
Trd, 8639858.812, 131
Trd, 8639858.879, 116
Trd, 8639859.479, 140
Trd, 8639859.912, 140
Trd, 8639860.246, 140
Trd, 8639860.979, 140
Trd, 8639861.879, 139
Trd, 8639862.279, 140
Trd, 8639862.679, 140
Trd, 8639862.812, 140
Trd, 8639862.879, 140
Trd, 8639862.979, 140
Trd, 8639863.012, 135
Trd, 8639863.546, 135
Trd, 8639864.212, 139
Trd, 8639864.346, 124
Trd, 8639865.079, 108
Trd, 8639866.146, 140
Trd, 8639866.279, 140
Trd, 8639866.679, 140
Trd, 8639867.012, 140
Trd, 8639867.446, 140
Trd, 8639867.512, 140
Trd, 8639867.579, 113
Trd, 8639867.946, 140
Trd, 8639868.646, 140
Trd, 8639869.346, 140
Trd, 8639869.546, 140
Trd, 8639870.812, 140
Trd, 8639871.012, 140
Trd, 8639871.179, 140
Trd, 8639871.779, 140
Trd, 8639871.812, 139
Trd, 8639871.912, 138
Trd, 8639872.212, 115
Trd, 8639872.512, 113
Trd, 8639873.246, 140
Trd, 8639873.679, 72
Trd, 8639873.746, 76
Trd, 8639874.212, 140
Trd, 8639874.946, 140
Trd, 8639875.012, 140
Trd, 8639875.879, 140
Trd, 8639876.079, 140
Trd, 8639877.079, 140
Trd, 8639877.212, 139
Trd, 8639877.412, 139
Trd, 8639878.012, 140
Trd, 8639878.212, 140
Trd, 8639878.446, 135
Trd, 8639878.512, 87
Trd, 8639879.379, 140
Trd, 8639880.146, 140
Trd, 8639880.379, 140
Trd, 8639881.146, 139
Trd, 8639882.312, 140
Trd, 8639882.446, 140
Trd, 8639883.446, 140
Trd, 8639883.546, 140
Trd, 8639883.579, 140
Trd, 8639883.879, 139
Trd, 8639884.212, 140
Trd, 8639884.846, 140
Trd, 8639884.912, 140
Trd, 8639885.179, 140
Trd, 8639885.479, 140
Trd, 8639885.679, 136
Trd, 8639886.979, 139
Trd, 8639887.279, 140
Trd, 8639887.746, 118
Trd, 8639887.812, 117
Trd, 8639888.012, 117
Trd, 8639888.312, 136
Trd, 8639888.379, 114
Trd, 8639888.746, 138
Trd, 8639889.346, 116
Trd, 8639889.746, 139
Trd, 8639889.946, 140
Trd, 8639890.579, 140
Trd, 8639890.746, 140
Trd, 8639891.846, 140
Trd, 8639891.912, 140
Trd, 8639892.179, 140
Trd, 8639893.812, 140
Trd, 8639894.112, 140
Trd, 8639894.546, 140
Trd, 8639894.612, 140
Trd, 8639894.912, 138
Trd, 8639895.612, 140
Trd, 8639896.212, 79
Trd, 8639897.112, 140
Trd, 8639897.512, 140
Trd, 8639897.679, 140
Trd, 8639897.779, 140
Trd, 8639897.946, 140
Trd, 8639899.346, 140
Trd, 8639899.679, 140
Trd, 8639900.412, 140
Trd, 8639900.512, 140
Trd, 8639901.212, 140
Trd, 8639901.679, 140
Trd, 8639901.846, 140
Trd, 8639902.079, 140
Trd, 8639902.112, 140
Trd, 8639903.146, 140
Trd, 8639903.312, 140
Trd, 8639904.346, 139
Trd, 8639905.146, 140
Trd, 8639905.212, 138
Trd, 8639905.379, 140
Trd, 8639905.812, 140
Trd, 8639906.779, 140
Trd, 8639907.012, 140
Trd, 8639907.512, 140
Trd, 8639907.746, 140
Trd, 8639907.879, 140
Trd, 8639907.979, 139
Trd, 8639908.012, 136
Trd, 8639908.412, 86
Trd, 8639909.046, 63
Trd, 8639909.146, 64
Trd, 8639909.179, 61
Trd, 8639909.979, 140
Trd, 8639910.612, 102
Trd, 8639911.212, 137
Trd, 8639911.612, 60
Trd, 8639911.846, 65
Trd, 8639912.646, 112
Trd, 8639912.946, 139
Trd, 8639913.112, 138
Trd, 8639913.446, 112
Trd, 8639913.512, 84
Trd, 8639914.579, 140
Trd, 8639915.212, 139
Trd, 8639915.346, 140
Trd, 8639916.046, 140
Trd, 8639916.446, 140
Trd, 8639916.679, 140
Trd, 8639916.746, 139
Trd, 8639917.179, 140
Trd, 8639917.779, 140
Trd, 8639918.346, 140
Trd, 8639919.179, 140
Trd, 8639919.246, 139
Trd, 8639920.279, 139
Trd, 8639921.579, 140
Trd, 8639921.646, 140
Trd, 8639921.879, 140
Trd, 8639922.112, 140
Trd, 8639922.646, 139
Trd, 8639923.246, 140
Trd, 8639923.346, 140
Trd, 8639923.779, 140
Trd, 8639923.946, 113
Trd, 8639925.246, 140
Trd, 8639925.512, 140
Trd, 8639926.212, 140
Trd, 8639926.346, 140
Trd, 8639926.612, 140
Trd, 8639927.312, 140
Trd, 8639927.779, 140
Trd, 8639928.079, 137
Trd, 8639928.112, 131
Trd, 8639928.312, 99
Trd, 8639928.912, 140
Trd, 8639930.179, 140
Trd, 8639930.212, 140
Trd, 8639930.379, 140
Trd, 8639930.679, 140
Trd, 8639931.612, 140
Trd, 8639931.646, 140
Trd, 8639931.979, 140
Trd, 8639932.079, 138
Trd, 8639932.479, 140
Trd, 8639932.579, 140
Trd, 8639933.012, 140
Trd, 8639934.379, 140
Trd, 8639934.446, 140
Trd, 8639934.679, 140
Trd, 8639934.879, 139
Trd, 8639934.946, 93
Trd, 8639935.146, 140
Trd, 8639935.512, 140
Trd, 8639936.712, 140
Trd, 8639936.946, 140
Trd, 8639937.379, 140
Trd, 8639938.946, 140
Trd, 8639939.612, 140
Trd, 8639940.279, 140
Trd, 8639940.646, 140
Trd, 8639941.279, 140
Trd, 8639941.712, 138
Trd, 8639941.879, 138
Trd, 8639942.812, 140
Trd, 8639942.979, 138
Trd, 8639943.179, 136
Trd, 8639943.846, 138
Trd, 8639944.446, 137
Trd, 8639944.779, 135
Trd, 8639945.379, 140
Trd, 8639945.679, 140
Trd, 8639946.279, 140
Trd, 8639946.779, 140
Trd, 8639946.946, 140
Trd, 8639947.079, 140
Trd, 8639947.379, 140
Trd, 8639947.846, 138
Trd, 8639948.346, 140
Trd, 8639949.212, 140
Trd, 8639950.179, 140
Trd, 8639951.446, 140
Trd, 8639951.479, 140
Trd, 8639951.612, 140
Trd, 8639952.612, 140
Trd, 8639952.679, 140
Trd, 8639952.879, 140
Trd, 8639952.912, 139
Trd, 8639953.046, 118
Trd, 8639953.079, 72
Trd, 8639954.046, 112
Trd, 8639954.079, 78
Trd, 8639955.112, 140
Trd, 8639955.179, 139
Trd, 8639956.479, 139
Trd, 8639956.912, 139
Trd, 8639957.079, 140
Trd, 8639957.279, 140
Trd, 8639957.946, 139
Trd, 8639958.812, 140
Trd, 8639959.079, 138
Trd, 8639959.512, 138
Trd, 8639959.579, 137
Trd, 8639959.779, 100
Trd, 8639959.812, 70
Trd, 8639959.946, 62
Trd, 8639960.212, 114
Trd, 8639961.546, 61
Trd, 8639962.079, 64
Trd, 8639962.279, 68
Trd, 8639962.346, 84
Trd, 8639962.546, 139
Trd, 8639962.879, 63
Trd, 8639962.979, 61
Trd, 8639963.146, 128
Trd, 8639964.379, 69
Trd, 8639966.446, 140
Trd, 8639966.479, 140
Trd, 8639966.912, 140
Trd, 8639967.046, 140
Trd, 8639967.679, 140
Trd, 8639967.879, 140
Trd, 8639967.946, 140
Trd, 8639968.879, 140
Trd, 8639969.579, 140
Trd, 8639969.612, 140
Trd, 8639969.746, 140
Trd, 8639970.212, 139
Trd, 8639970.712, 140
Trd, 8639971.046, 140
Trd, 8639971.212, 140
Trd, 8639971.246, 139
Trd, 8639971.979, 140
Trd, 8639972.579, 140
Trd, 8639973.079, 78
Trd, 8639973.512, 140
Trd, 8639974.612, 140
Trd, 8639975.646, 140
Trd, 8639975.946, 140
Trd, 8639976.046, 139
Trd, 8639976.312, 139
Trd, 8639976.746, 140
Trd, 8639976.779, 139
Trd, 8639976.879, 138
Trd, 8639978.179, 140
Trd, 8639978.412, 139
Trd, 8639978.846, 140
Trd, 8639978.979, 139
Trd, 8639979.479, 140
Trd, 8639979.579, 140
Trd, 8639980.546, 140
Trd, 8639980.746, 139
Trd, 8639981.379, 139
Trd, 8639982.212, 140
Trd, 8639982.712, 140
Trd, 8639982.812, 140
Trd, 8639983.179, 140
Trd, 8639983.279, 139
Trd, 8639983.712, 140
Trd, 8639984.646, 140
Trd, 8639985.179, 140
Trd, 8639985.246, 125
Trd, 8639985.879, 63
Trd, 8639986.412, 140
Trd, 8639986.646, 140
Trd, 8639986.746, 139
Trd, 8639987.079, 140
Trd, 8639987.346, 140
Trd, 8639987.979, 140
Trd, 8639988.212, 140
Trd, 8639989.179, 139
Trd, 8639989.646, 140
Trd, 8639990.179, 139
Trd, 8639990.912, 135
Trd, 8639991.012, 126
Trd, 8639991.079, 101
Trd, 8639991.246, 124
Trd, 8639991.546, 61
Trd, 8639991.612, 62
Trd, 8639992.779, 138
Trd, 8639992.879, 80
Trd, 8639993.412, 140
Trd, 8639993.446, 140
Trd, 8639993.712, 140
Trd, 8639994.379, 113
Trd, 8639994.712, 138
Trd, 8639995.312, 140
Trd, 8639995.879, 140
Trd, 8639995.946, 140
Trd, 8639997.012, 140
Trd, 8639997.946, 140
Trd, 8639998.279, 140
Trd, 8639999.046, 140
Trd, 8639999.312, 140
Trd, 8639999.446, 140
Trd, 8639999.512, 140
Trd, 8639999.979, 139
