Trd, 8638755.346, 125
Trd, 8638755.746, 117
Trd, 8638756.112, 127
Trd, 8638756.146, 77
Trd, 8638756.379, 108
Trd, 8638756.512, 82
Trd, 8638756.712, 104
Trd, 8638756.812, 103
Trd, 8638757.612, 130
Trd, 8638759.012, 114
Trd, 8638759.979, 116
Trd, 8638760.046, 111
Trd, 8638760.279, 95
Trd, 8638760.912, 73
Trd, 8638761.479, 107
Trd, 8638762.112, 139
Trd, 8638762.379, 130
Trd, 8638762.946, 119
Trd, 8638763.079, 113
Trd, 8638764.412, 130
Trd, 8638764.912, 126
Trd, 8638765.046, 124
Trd, 8638765.246, 119
Trd, 8638766.279, 116
Trd, 8638766.446, 109
Trd, 8638766.479, 107
Trd, 8638766.946, 99
Trd, 8638768.346, 106
Trd, 8638769.446, 90
Trd, 8638769.479, 112
Trd, 8638769.646, 105
Trd, 8638769.812, 81
Trd, 8638770.446, 76
Trd, 8638770.579, 65
Trd, 8638771.512, 106
Trd, 8638771.746, 113
Trd, 8638771.912, 130
Trd, 8638772.646, 110
Trd, 8638773.212, 129
Trd, 8638773.279, 120
Trd, 8638773.946, 135
Trd, 8638774.146, 130
Trd, 8638774.879, 99
Trd, 8638775.012, 103
Trd, 8638775.479, 88
Trd, 8638775.646, 93
Trd, 8638776.546, 90
Trd, 8638777.412, 140
Trd, 8638777.712, 133
Trd, 8638778.112, 113
Trd, 8638778.846, 110
Trd, 8638779.412, 115
Trd, 8638781.512, 128
Trd, 8638782.012, 116
Trd, 8638782.846, 120
Trd, 8638782.912, 108
Trd, 8638783.146, 106
Trd, 8638783.712, 110
Trd, 8638784.812, 131
Trd, 8638785.246, 121
Trd, 8638785.412, 118
Trd, 8638785.646, 122
Trd, 8638786.079, 104
Trd, 8638786.112, 97
Trd, 8638786.412, 98
Trd, 8638786.912, 85
Trd, 8638787.012, 103
Trd, 8638787.246, 99
Trd, 8638787.446, 74
Trd, 8638788.879, 87
Trd, 8638790.246, 80
Trd, 8638790.279, 76
Trd, 8638790.679, 130
Trd, 8638791.946, 117
Trd, 8638793.212, 130
Trd, 8638793.746, 118
Trd, 8638794.246, 116
Trd, 8638794.379, 115
Trd, 8638794.746, 112
Trd, 8638795.112, 111
Trd, 8638795.146, 107
Trd, 8638795.346, 126
Trd, 8638795.746, 122
Trd, 8638796.146, 87
Trd, 8638796.246, 86
Trd, 8638797.279, 122
Trd, 8638798.146, 101
Trd, 8638798.246, 93
Trd, 8638798.479, 94
Trd, 8638798.812, 92
Trd, 8638799.079, 96
Trd, 8638799.279, 130
Trd, 8638799.746, 115
Trd, 8638800.312, 122
Trd, 8638801.446, 120
Trd, 8638801.479, 117
Trd, 8638801.812, 107
Trd, 8638801.879, 104
Trd, 8638802.712, 128
Trd, 8638802.779, 119
Trd, 8638803.246, 111
Trd, 8638803.779, 116
Trd, 8638803.979, 107
Trd, 8638805.246, 98
Trd, 8638805.779, 100
Trd, 8638806.012, 95
Trd, 8638806.246, 76
Trd, 8638807.346, 101
Trd, 8638807.479, 103
Trd, 8638808.079, 63
Trd, 8638808.812, 80
Trd, 8638808.946, 81
Trd, 8638809.412, 128
Trd, 8638809.679, 121
Trd, 8638810.446, 120
Trd, 8638810.646, 117
Trd, 8638810.746, 108
Trd, 8638811.212, 113
Trd, 8638811.546, 104
Trd, 8638812.179, 114
Trd, 8638812.346, 109
Trd, 8638813.079, 122
Trd, 8638813.179, 85
Trd, 8638814.046, 140
Trd, 8638814.112, 107
Trd, 8638814.812, 120
Trd, 8638814.846, 115
Trd, 8638816.212, 119
Trd, 8638816.879, 107
Trd, 8638817.446, 121
Trd, 8638817.912, 90
Trd, 8638818.079, 82
Trd, 8638818.546, 95
Trd, 8638819.779, 91
Trd, 8638820.146, 77
Trd, 8638820.979, 97
Trd, 8638821.379, 99
Trd, 8638821.612, 77
Trd, 8638821.879, 102
Trd, 8638822.112, 77
Trd, 8638822.279, 99
Trd, 8638823.146, 79
Trd, 8638823.246, 77
Trd, 8638823.679, 92
Trd, 8638823.946, 73
Trd, 8638824.779, 97
Trd, 8638824.812, 94
Trd, 8638825.346, 67
Trd, 8638825.646, 76
Trd, 8638826.312, 117
Trd, 8638826.379, 109
Trd, 8638827.246, 80
Trd, 8638827.812, 103
Trd, 8638827.879, 78
Trd, 8638828.112, 64
Trd, 8638828.246, 76
Trd, 8638830.479, 91
Trd, 8638831.412, 122
Trd, 8638832.212, 136
Trd, 8638832.479, 126
Trd, 8638832.746, 122
Trd, 8638833.012, 120
Trd, 8638833.046, 109
Trd, 8638833.179, 102
Trd, 8638833.512, 88
Trd, 8638833.846, 74
Trd, 8638835.112, 116
Trd, 8638835.346, 111
Trd, 8638835.912, 118
Trd, 8638836.946, 137
Trd, 8638837.212, 116
Trd, 8638837.312, 106
Trd, 8638837.712, 101
Trd, 8638837.979, 99
Trd, 8638838.746, 120
Trd, 8638839.346, 125
Trd, 8638840.012, 129
Trd, 8638840.412, 128
Trd, 8638840.479, 124
Trd, 8638842.012, 102
Trd, 8638842.079, 100
Trd, 8638842.212, 129
Trd, 8638842.712, 125
Trd, 8638842.812, 93
Trd, 8638843.446, 128
Trd, 8638843.512, 80
Trd, 8638843.912, 125
Trd, 8638844.412, 121
Trd, 8638844.679, 90
Trd, 8638844.912, 107
Trd, 8638844.979, 86
Trd, 8638845.412, 98
Trd, 8638846.179, 89
Trd, 8638846.912, 91
Trd, 8638847.212, 94
Trd, 8638847.712, 111
Trd, 8638848.179, 122
Trd, 8638848.279, 84
Trd, 8638848.812, 85
Trd, 8638849.146, 80
Trd, 8638849.879, 97
Trd, 8638850.279, 107
Trd, 8638850.346, 99
Trd, 8638850.479, 120
Trd, 8638851.046, 124
Trd, 8638851.746, 107
Trd, 8638852.446, 110
Trd, 8638854.346, 124
Trd, 8638854.412, 122
Trd, 8638855.012, 128
Trd, 8638855.412, 115
Trd, 8638856.012, 112
Trd, 8638856.579, 113
Trd, 8638857.446, 108
Trd, 8638858.179, 119
Trd, 8638858.279, 117
Trd, 8638858.712, 116
Trd, 8638858.912, 103
Trd, 8638859.446, 84
Trd, 8638859.812, 82
Trd, 8638859.912, 114
Trd, 8638861.312, 105
Trd, 8638861.346, 99
Trd, 8638861.879, 113
Trd, 8638862.579, 117
Trd, 8638862.879, 114
Trd, 8638862.912, 125
Trd, 8638862.979, 89
Trd, 8638863.746, 135
Trd, 8638863.779, 119
Trd, 8638864.979, 61
Trd, 8638865.612, 132
Trd, 8638866.379, 64
Trd, 8638866.612, 98
Trd, 8638867.246, 98
Trd, 8638867.479, 139
Trd, 8638868.646, 117
Trd, 8638869.146, 138
Trd, 8638869.279, 127
Trd, 8638869.412, 122
Trd, 8638869.846, 140
Trd, 8638869.979, 123
Trd, 8638870.146, 111
Trd, 8638870.379, 101
Trd, 8638870.812, 81
Trd, 8638871.512, 82
Trd, 8638872.079, 64
Trd, 8638872.246, 86
Trd, 8638873.046, 77
Trd, 8638873.279, 83
Trd, 8638873.712, 85
Trd, 8638873.812, 77
Trd, 8638875.379, 70
Trd, 8638875.579, 82
Trd, 8638876.112, 135
Trd, 8638876.412, 127
Trd, 8638876.546, 106
Trd, 8638877.046, 122
Trd, 8638877.379, 119
Trd, 8638877.512, 114
Trd, 8638878.246, 123
Trd, 8638879.379, 109
Trd, 8638879.412, 113
Trd, 8638879.612, 105
Trd, 8638879.712, 88
Trd, 8638880.146, 105
Trd, 8638880.779, 75
Trd, 8638881.846, 123
Trd, 8638882.379, 110
Trd, 8638882.546, 98
Trd, 8638883.879, 84
Trd, 8638884.212, 106
Trd, 8638884.479, 105
Trd, 8638884.946, 127
Trd, 8638885.046, 130
Trd, 8638885.446, 114
Trd, 8638885.879, 133
Trd, 8638888.112, 136
Trd, 8638888.679, 138
Trd, 8638888.712, 136
Trd, 8638888.812, 130
Trd, 8638889.946, 132
Trd, 8638890.512, 118
Trd, 8638890.812, 108
Trd, 8638891.512, 112
Trd, 8638891.679, 113
Trd, 8638892.446, 116
Trd, 8638892.479, 103
Trd, 8638892.846, 78
Trd, 8638893.512, 139
Trd, 8638893.879, 105
Trd, 8638894.412, 89
Trd, 8638894.579, 73
Trd, 8638895.112, 94
Trd, 8638895.779, 98
Trd, 8638895.912, 96
Trd, 8638896.412, 92
Trd, 8638896.779, 79
Trd, 8638896.846, 94
Trd, 8638898.212, 121
Trd, 8638898.279, 117
Trd, 8638898.379, 116
Trd, 8638898.546, 136
Trd, 8638899.712, 112
Trd, 8638900.846, 117
Trd, 8638901.146, 115
Trd, 8638902.479, 113
Trd, 8638902.646, 114
Trd, 8638902.712, 128
Trd, 8638903.179, 106
Trd, 8638903.312, 109
Trd, 8638903.946, 129
Trd, 8638903.979, 112
Trd, 8638904.379, 98
Trd, 8638904.412, 97
Trd, 8638904.779, 100
Trd, 8638905.912, 91
Trd, 8638906.046, 97
Trd, 8638906.379, 88
Trd, 8638906.412, 112
Trd, 8638907.246, 119
Trd, 8638908.479, 117
Trd, 8638909.446, 136
Trd, 8638909.912, 112
Trd, 8638909.946, 110
Trd, 8638910.546, 104
Trd, 8638910.812, 120
Trd, 8638911.446, 136
Trd, 8638911.946, 132
Trd, 8638912.479, 109
Trd, 8638912.512, 105
Trd, 8638914.079, 110
Trd, 8638914.179, 99
Trd, 8638914.546, 104
Trd, 8638914.712, 131
Trd, 8638914.946, 126
Trd, 8638915.079, 99
Trd, 8638915.579, 117
Trd, 8638915.679, 112
Trd, 8638916.746, 137
Trd, 8638916.912, 110
Trd, 8638917.446, 117
Trd, 8638918.312, 140
Trd, 8638918.346, 121
Trd, 8638919.046, 123
Trd, 8638920.012, 136
Trd, 8638920.612, 110
Trd, 8638920.646, 99
Trd, 8638920.846, 97
Trd, 8638921.046, 91
Trd, 8638922.446, 132
Trd, 8638923.046, 122
Trd, 8638923.212, 105
Trd, 8638923.479, 130
Trd, 8638923.612, 109
Trd, 8638923.646, 106
Trd, 8638924.579, 129
Trd, 8638924.879, 118
Trd, 8638925.379, 129
Trd, 8638925.479, 105
Trd, 8638925.679, 96
Trd, 8638925.712, 93
Trd, 8638926.879, 101
Trd, 8638927.246, 97
Trd, 8638927.612, 94
Trd, 8638928.146, 82
Trd, 8638928.679, 70
Trd, 8638928.712, 117
Trd, 8638928.979, 125
Trd, 8638929.679, 108
Trd, 8638929.879, 115
Trd, 8638931.479, 103
Trd, 8638932.546, 102
Trd, 8638932.879, 94
Trd, 8638933.079, 93
Trd, 8638933.479, 126
Trd, 8638934.246, 129
Trd, 8638934.412, 97
Trd, 8638934.512, 91
Trd, 8638934.779, 90
Trd, 8638935.779, 86
Trd, 8638936.212, 127
Trd, 8638936.246, 109
Trd, 8638936.612, 130
Trd, 8638937.246, 125
Trd, 8638937.646, 120
Trd, 8638937.779, 93
Trd, 8638938.746, 116
Trd, 8638939.346, 98
Trd, 8638940.712, 125
Trd, 8638941.079, 118
Trd, 8638941.379, 140
Trd, 8638941.546, 103
Trd, 8638941.946, 89
Trd, 8638943.546, 106
Trd, 8638943.979, 131
Trd, 8638944.246, 102
Trd, 8638944.779, 118
Trd, 8638945.246, 103
Trd, 8638945.346, 87
Trd, 8638945.446, 137
Trd, 8638946.146, 116
Trd, 8638946.179, 113
Trd, 8638946.279, 79
Trd, 8638947.246, 119
Trd, 8638947.612, 119
Trd, 8638948.312, 124
Trd, 8638948.412, 96
Trd, 8638948.912, 125
Trd, 8638949.246, 112
Trd, 8638949.346, 108
Trd, 8638950.079, 79
Trd, 8638950.112, 87
Trd, 8638950.346, 107
Trd, 8638952.612, 66
Trd, 8638953.712, 61
Trd, 8638954.079, 76
Trd, 8638954.179, 89
Trd, 8638954.712, 99
Trd, 8638954.846, 89
Trd, 8638955.212, 93
Trd, 8638955.712, 94
Trd, 8638956.179, 124
Trd, 8638956.479, 122
Trd, 8638957.546, 79
Trd, 8638957.746, 112
Trd, 8638957.812, 71
Trd, 8638959.512, 132
Trd, 8638960.246, 130
Trd, 8638960.312, 125
Trd, 8638960.979, 116
Trd, 8638961.179, 114
Trd, 8638961.312, 112
Trd, 8638961.779, 135
Trd, 8638963.512, 115
Trd, 8638963.679, 113
Trd, 8638964.012, 134
Trd, 8638964.079, 113
Trd, 8638964.679, 118
Trd, 8638965.479, 116
Trd, 8638965.879, 114
Trd, 8638966.046, 107
Trd, 8638966.312, 91
Trd, 8638966.746, 129
Trd, 8638967.912, 108
Trd, 8638968.312, 115
Trd, 8638968.812, 113
Trd, 8638969.012, 106
Trd, 8638969.212, 104
Trd, 8638969.746, 130
Trd, 8638969.846, 128
Trd, 8638971.079, 120
Trd, 8638971.546, 138
Trd, 8638971.879, 136
Trd, 8638973.479, 138
Trd, 8638973.646, 137
Trd, 8638974.312, 111
Trd, 8638975.079, 113
Trd, 8638975.112, 102
Trd, 8638976.046, 119
Trd, 8638976.779, 128
Trd, 8638977.012, 113
Trd, 8638977.179, 111
Trd, 8638977.646, 137
Trd, 8638978.012, 109
Trd, 8638978.412, 105
Trd, 8638978.479, 89
Trd, 8638978.979, 75
Trd, 8638979.046, 80
Trd, 8638980.212, 130
Trd, 8638980.512, 110
Trd, 8638980.846, 120
Trd, 8638981.112, 125
Trd, 8638981.346, 106
Trd, 8638981.912, 93
Trd, 8638982.746, 112
Trd, 8638982.779, 102
Trd, 8638983.179, 108
Trd, 8638984.346, 119
Trd, 8638984.612, 130
Trd, 8638985.312, 139
Trd, 8638985.779, 96
Trd, 8638987.079, 140
Trd, 8638987.946, 132
Trd, 8638988.846, 133
Trd, 8638989.279, 132
Trd, 8638989.379, 128
Trd, 8638989.512, 126
Trd, 8638989.612, 108
Trd, 8638989.679, 103
Trd, 8638990.179, 95
Trd, 8638990.346, 104
Trd, 8638992.212, 118
Trd, 8638992.379, 126
Trd, 8638993.112, 118
Trd, 8638993.446, 135
Trd, 8638993.812, 124
Trd, 8638993.912, 110
Trd, 8638994.779, 88
Trd, 8638995.079, 129
Trd, 8638995.812, 89
Trd, 8638995.946, 86
Trd, 8638996.879, 139
Trd, 8638996.979, 114
Trd, 8638997.912, 126
Trd, 8638998.079, 99
Trd, 8638998.679, 95
Trd, 8638998.812, 124
Trd, 8638999.279, 140
Trd, 8638999.779, 114
Trd, 8639000.246, 101
Trd, 8639000.312, 97
Trd, 8639000.412, 113
Trd, 8639000.979, 106
Trd, 8639001.646, 117
Trd, 8639001.979, 134
Trd, 8639003.012, 84
Trd, 8639003.679, 120
Trd, 8639004.312, 109
Trd, 8639004.579, 113
Trd, 8639004.612, 111
Trd, 8639004.679, 106
Trd, 8639005.179, 85
Trd, 8639005.846, 106
Trd, 8639006.246, 82
Trd, 8639006.912, 96
Trd, 8639007.212, 128
Trd, 8639007.379, 131
Trd, 8639008.112, 97
Trd, 8639008.446, 134
Trd, 8639009.179, 94
Trd, 8639009.612, 101
Trd, 8639009.912, 97
Trd, 8639010.246, 109
Trd, 8639010.879, 136
Trd, 8639011.046, 126
Trd, 8639011.612, 123
Trd, 8639011.979, 117
Trd, 8639012.246, 111
Trd, 8639012.279, 106
Trd, 8639012.446, 106
Trd, 8639012.979, 108
Trd, 8639014.612, 122
Trd, 8639014.846, 102
Trd, 8639014.979, 93
Trd, 8639016.079, 117
Trd, 8639016.279, 114
Trd, 8639017.046, 132
Trd, 8639017.612, 126
Trd, 8639017.746, 133
Trd, 8639017.812, 122
Trd, 8639018.179, 96
Trd, 8639020.046, 135
Trd, 8639020.079, 112
Trd, 8639020.512, 132
Trd, 8639021.079, 126
Trd, 8639021.379, 111
Trd, 8639021.446, 108
Trd, 8639021.612, 103
Trd, 8639022.446, 122
Trd, 8639022.746, 131
Trd, 8639023.246, 138
Trd, 8639024.346, 110
Trd, 8639024.846, 112
Trd, 8639024.912, 106
Trd, 8639025.479, 102
Trd, 8639026.446, 129
Trd, 8639026.512, 116
Trd, 8639026.746, 113
Trd, 8639027.112, 102
Trd, 8639027.912, 103
Trd, 8639028.412, 108
Trd, 8639028.712, 103
Trd, 8639028.846, 102
Trd, 8639029.079, 101
Trd, 8639029.112, 85
Trd, 8639029.646, 61
Trd, 8639029.779, 62
Trd, 8639032.079, 124
Trd, 8639032.446, 123
Trd, 8639032.912, 121
Trd, 8639032.946, 119
Trd, 8639033.246, 106
Trd, 8639033.346, 107
Trd, 8639033.579, 99
Trd, 8639033.612, 94
Trd, 8639034.412, 112
Trd, 8639034.779, 137
Trd, 8639035.046, 89
Trd, 8639035.879, 132
Trd, 8639036.212, 116
Trd, 8639036.846, 123
Trd, 8639037.112, 105
Trd, 8639037.146, 91
Trd, 8639037.212, 129
Trd, 8639037.312, 105
Trd, 8639037.512, 79
Trd, 8639038.112, 78
Trd, 8639038.979, 67
Trd, 8639039.512, 66
Trd, 8639039.779, 60
Trd, 8639040.112, 89
Trd, 8639040.512, 92
Trd, 8639041.479, 99
Trd, 8639041.746, 122
Trd, 8639042.646, 104
Trd, 8639043.246, 128
Trd, 8639043.412, 88
Trd, 8639044.312, 93
Trd, 8639044.579, 98
Trd, 8639044.979, 105
Trd, 8639045.079, 85
Trd, 8639045.446, 109
Trd, 8639046.346, 92
Trd, 8639046.679, 88
Trd, 8639047.212, 85
Trd, 8639047.512, 138
Trd, 8639047.579, 91
Trd, 8639049.012, 76
Trd, 8639049.179, 73
Trd, 8639049.546, 75
Trd, 8639050.246, 100
Trd, 8639050.579, 90
Trd, 8639050.879, 119
Trd, 8639051.912, 85
Trd, 8639052.112, 117
Trd, 8639052.746, 63
Trd, 8639052.779, 66
Trd, 8639053.179, 80
Trd, 8639053.279, 88
Trd, 8639054.046, 109
Trd, 8639054.079, 108
Trd, 8639054.412, 93
Trd, 8639054.912, 128
Trd, 8639056.146, 131
Trd, 8639056.779, 126
Trd, 8639056.846, 100
Trd, 8639057.146, 135
Trd, 8639057.212, 105
Trd, 8639058.879, 138
Trd, 8639059.046, 96
Trd, 8639059.546, 123
Trd, 8639059.779, 127
Trd, 8639060.846, 135
Trd, 8639061.446, 103
Trd, 8639062.346, 130
Trd, 8639062.679, 135
Trd, 8639063.512, 82
Trd, 8639064.146, 131
Trd, 8639065.079, 123
Trd, 8639065.479, 133
Trd, 8639065.612, 120
Trd, 8639065.712, 115
Trd, 8639066.012, 112
Trd, 8639066.512, 115
Trd, 8639066.846, 104
Trd, 8639067.079, 96
Trd, 8639067.279, 99
Trd, 8639067.346, 95
Trd, 8639068.012, 85
Trd, 8639068.779, 109
Trd, 8639068.846, 85
Trd, 8639069.012, 82
Trd, 8639069.446, 72
Trd, 8639069.979, 79
Trd, 8639071.246, 78
Trd, 8639071.579, 71
Trd, 8639071.712, 83
Trd, 8639071.746, 62
Trd, 8639071.812, 91
Trd, 8639073.212, 93
Trd, 8639073.579, 107
Trd, 8639074.346, 114
Trd, 8639075.512, 131
Trd, 8639075.579, 114
Trd, 8639076.079, 110
Trd, 8639076.512, 107
Trd, 8639076.779, 112
Trd, 8639077.012, 117
Trd, 8639078.346, 133
Trd, 8639078.479, 107
Trd, 8639079.379, 114
Trd, 8639079.879, 99
Trd, 8639080.112, 125
Trd, 8639080.179, 91
Trd, 8639080.612, 97
Trd, 8639081.712, 124
Trd, 8639081.946, 122
Trd, 8639082.379, 125
Trd, 8639082.679, 93
Trd, 8639083.446, 90
Trd, 8639083.579, 87
Trd, 8639084.179, 137
Trd, 8639084.846, 122
Trd, 8639085.112, 130
Trd, 8639085.146, 111
Trd, 8639085.279, 81
Trd, 8639085.546, 122
Trd, 8639085.812, 116
Trd, 8639087.079, 134
Trd, 8639087.746, 117
Trd, 8639088.046, 140
Trd, 8639088.479, 114
Trd, 8639089.112, 130
Trd, 8639089.746, 105
Trd, 8639090.246, 101
Trd, 8639090.812, 100
Trd, 8639091.046, 129
Trd, 8639092.012, 137
Trd, 8639092.479, 111
Trd, 8639092.646, 120
Trd, 8639093.112, 128
Trd, 8639093.346, 110
Trd, 8639093.879, 120
Trd, 8639094.379, 91
Trd, 8639094.579, 118
Trd, 8639094.979, 120
Trd, 8639095.379, 106
Trd, 8639095.946, 102
Trd, 8639096.346, 94
Trd, 8639096.879, 92
Trd, 8639097.079, 99
Trd, 8639097.912, 105
Trd, 8639098.379, 96
Trd, 8639098.479, 94
Trd, 8639098.712, 88
Trd, 8639098.912, 88
Trd, 8639099.012, 87
Trd, 8639099.779, 104
Trd, 8639101.046, 124
Trd, 8639101.146, 117
Trd, 8639101.346, 82
Trd, 8639102.312, 74
Trd, 8639102.612, 72
Trd, 8639103.079, 97
Trd, 8639103.446, 131
Trd, 8639103.612, 128
Trd, 8639104.879, 131
Trd, 8639105.879, 132
Trd, 8639106.279, 119
Trd, 8639106.446, 132
Trd, 8639106.479, 122
Trd, 8639107.379, 107
Trd, 8639107.646, 106
Trd, 8639107.979, 106
Trd, 8639108.012, 69
Trd, 8639108.312, 100
Trd, 8639108.879, 113
Trd, 8639109.046, 109
Trd, 8639109.379, 98
Trd, 8639109.546, 100
Trd, 8639109.779, 120
Trd, 8639110.079, 91
Trd, 8639110.679, 76
Trd, 8639110.846, 76
Trd, 8639111.179, 72
Trd, 8639111.412, 83
Trd, 8639111.779, 97
Trd, 8639113.212, 115
Trd, 8639113.346, 118
Trd, 8639113.679, 121
Trd, 8639114.479, 99
Trd, 8639114.946, 92
Trd, 8639115.046, 89
Trd, 8639115.179, 99
Trd, 8639115.212, 115
Trd, 8639116.279, 128
Trd, 8639117.112, 121
Trd, 8639117.912, 118
Trd, 8639118.212, 117
Trd, 8639118.712, 114
Trd, 8639118.912, 107
Trd, 8639119.312, 97
Trd, 8639120.312, 112
Trd, 8639120.412, 89
Trd, 8639121.112, 98
Trd, 8639121.512, 102
Trd, 8639122.046, 94
Trd, 8639122.279, 83
Trd, 8639122.679, 83
Trd, 8639122.879, 100
Trd, 8639123.379, 101
Trd, 8639123.979, 100
Trd, 8639125.146, 100
Trd, 8639125.312, 105
Trd, 8639125.612, 72
Trd, 8639126.312, 133
Trd, 8639126.579, 117
Trd, 8639126.779, 114
Trd, 8639127.012, 81
Trd, 8639127.646, 121
Trd, 8639128.012, 105
Trd, 8639128.446, 124
Trd, 8639128.946, 108
Trd, 8639129.112, 92
Trd, 8639130.146, 115
Trd, 8639130.512, 77
Trd, 8639130.912, 85
Trd, 8639131.879, 102
Trd, 8639132.179, 95
Trd, 8639132.612, 125
Trd, 8639132.979, 103
Trd, 8639133.079, 102
Trd, 8639134.046, 118
Trd, 8639134.746, 115
Trd, 8639134.812, 104
Trd, 8639135.279, 61
Trd, 8639135.679, 78
Trd, 8639136.446, 77
Trd, 8639136.612, 84
Trd, 8639136.912, 78
Trd, 8639137.146, 90
Trd, 8639138.446, 81
Trd, 8639138.679, 117
Trd, 8639139.012, 81
Trd, 8639139.179, 100
Trd, 8639139.946, 92
Trd, 8639140.779, 73
Trd, 8639141.179, 103
Trd, 8639141.212, 84
Trd, 8639141.346, 69
Trd, 8639141.846, 95
Trd, 8639142.112, 112
Trd, 8639143.712, 113
Trd, 8639144.712, 122
Trd, 8639145.779, 118
Trd, 8639145.946, 130
Trd, 8639145.979, 113
Trd, 8639146.279, 85
Trd, 8639146.312, 81
Trd, 8639147.712, 113
Trd, 8639148.379, 114
Trd, 8639148.546, 104
Trd, 8639149.546, 122
Trd, 8639149.846, 118
Trd, 8639150.046, 116
Trd, 8639150.279, 97
Trd, 8639152.012, 131
Trd, 8639152.146, 116
Trd, 8639152.979, 125
Trd, 8639153.179, 128
Trd, 8639153.246, 117
Trd, 8639153.379, 121
Trd, 8639154.046, 113
Trd, 8639155.812, 136
Trd, 8639156.079, 121
Trd, 8639156.279, 119
Trd, 8639156.546, 132
Trd, 8639156.779, 118
Trd, 8639157.846, 136
Trd, 8639157.979, 108
Trd, 8639158.179, 106
Trd, 8639158.479, 115
Trd, 8639159.146, 113
Trd, 8639160.146, 106
Trd, 8639160.246, 122
Trd, 8639160.712, 134
Trd, 8639161.246, 130
Trd, 8639161.779, 120
Trd, 8639162.146, 111
Trd, 8639162.246, 137
Trd, 8639162.746, 122
Trd, 8639163.146, 114
Trd, 8639163.712, 98
Trd, 8639164.079, 128
Trd, 8639164.212, 96
Trd, 8639164.579, 104
Trd, 8639165.312, 99
Trd, 8639166.212, 94
Trd, 8639166.412, 102
Trd, 8639166.746, 94
Trd, 8639167.112, 89
Trd, 8639168.479, 131
Trd, 8639168.546, 138
Trd, 8639168.846, 128
Trd, 8639169.779, 119
Trd, 8639170.912, 106
Trd, 8639170.946, 103
Trd, 8639171.812, 134
Trd, 8639172.079, 121
Trd, 8639172.146, 119
Trd, 8639172.746, 104
Trd, 8639173.512, 119
Trd, 8639173.812, 100
Trd, 8639174.012, 90
Trd, 8639174.312, 79
Trd, 8639174.512, 72
Trd, 8639174.846, 76
Trd, 8639175.079, 86
Trd, 8639175.612, 86
Trd, 8639175.879, 88
Trd, 8639176.879, 119
Trd, 8639177.079, 97
Trd, 8639177.179, 120
Trd, 8639177.579, 75
Trd, 8639178.046, 130
Trd, 8639179.012, 121
Trd, 8639179.579, 137
Trd, 8639179.646, 132
Trd, 8639179.979, 101
Trd, 8639180.212, 96
Trd, 8639180.779, 106
Trd, 8639182.146, 101
Trd, 8639182.379, 127
Trd, 8639182.579, 100
Trd, 8639182.646, 113
Trd, 8639183.346, 73
Trd, 8639183.412, 67
Trd, 8639183.612, 95
Trd, 8639184.012, 75
Trd, 8639184.179, 105
Trd, 8639184.379, 95
Trd, 8639185.046, 92
Trd, 8639185.479, 85
Trd, 8639185.512, 78
Trd, 8639186.412, 94
Trd, 8639186.579, 117
Trd, 8639186.812, 126
Trd, 8639187.046, 103
Trd, 8639188.512, 104
Trd, 8639188.746, 100
Trd, 8639189.012, 74
Trd, 8639189.646, 70
Trd, 8639189.946, 95
Trd, 8639190.112, 84
Trd, 8639191.946, 123
Trd, 8639192.446, 136
Trd, 8639192.679, 113
Trd, 8639192.912, 110
Trd, 8639193.012, 107
Trd, 8639193.979, 116
Trd, 8639194.979, 123
Trd, 8639195.012, 109
Trd, 8639195.046, 103
Trd, 8639195.546, 95
Trd, 8639195.679, 94
Trd, 8639196.179, 105
Trd, 8639197.246, 125
Trd, 8639197.412, 133
Trd, 8639198.012, 115
Trd, 8639198.279, 111
Trd, 8639198.346, 102
Trd, 8639198.512, 98
Trd, 8639199.179, 89
Trd, 8639201.012, 135
Trd, 8639201.712, 126
Trd, 8639201.779, 102
Trd, 8639202.146, 116
Trd, 8639202.312, 99
Trd, 8639202.546, 103
Trd, 8639202.612, 123
Trd, 8639202.746, 131
Trd, 8639203.379, 77
Trd, 8639204.146, 103
Trd, 8639204.579, 108
Trd, 8639204.812, 80
Trd, 8639205.179, 105
Trd, 8639205.412, 88
Trd, 8639206.112, 106
Trd, 8639207.446, 102
Trd, 8639207.479, 86
Trd, 8639207.512, 116
Trd, 8639207.612, 125
Trd, 8639208.312, 112
Trd, 8639208.979, 129
Trd, 8639210.312, 100
Trd, 8639210.479, 105
Trd, 8639210.946, 112
Trd, 8639211.979, 112
Trd, 8639212.046, 110
Trd, 8639212.146, 92
Trd, 8639212.679, 138
Trd, 8639213.079, 138
Trd, 8639213.312, 130
Trd, 8639213.946, 136
Trd, 8639214.912, 128
Trd, 8639215.546, 124
Trd, 8639216.379, 120
Trd, 8639216.779, 115
Trd, 8639217.012, 106
Trd, 8639217.312, 103
Trd, 8639217.979, 116
Trd, 8639218.546, 135
Trd, 8639218.746, 113
Trd, 8639219.179, 109
Trd, 8639220.612, 134
Trd, 8639220.946, 140
Trd, 8639221.046, 131
Trd, 8639222.679, 137
Trd, 8639222.812, 138
Trd, 8639223.279, 131
Trd, 8639223.912, 126
Trd, 8639224.446, 101
Trd, 8639224.612, 118
Trd, 8639224.979, 90
Trd, 8639225.112, 129
Trd, 8639225.446, 120
Trd, 8639226.412, 102
Trd, 8639226.779, 96
Trd, 8639227.246, 93
Trd, 8639227.746, 138
Trd, 8639227.812, 114
Trd, 8639228.379, 128
Trd, 8639229.312, 121
Trd, 8639229.379, 119
Trd, 8639229.546, 117
Trd, 8639229.946, 113
Trd, 8639230.779, 96
Trd, 8639232.012, 126
Trd, 8639232.112, 112
Trd, 8639232.146, 109
Trd, 8639232.612, 137
Trd, 8639233.512, 119
Trd, 8639233.846, 108
Trd, 8639234.079, 107
Trd, 8639234.446, 126
Trd, 8639234.879, 133
Trd, 8639235.412, 96
Trd, 8639236.212, 102
Trd, 8639236.579, 73
Trd, 8639236.679, 130
Trd, 8639236.779, 117
Trd, 8639237.346, 67
Trd, 8639237.746, 119
Trd, 8639237.846, 82
Trd, 8639238.912, 127
Trd, 8639239.546, 123
Trd, 8639239.879, 83
Trd, 8639241.079, 120
Trd, 8639242.146, 127
Trd, 8639242.712, 126
Trd, 8639243.146, 123
Trd, 8639243.312, 137
Trd, 8639244.546, 117
Trd, 8639244.612, 113
Trd, 8639245.312, 109
Trd, 8639245.346, 112
Trd, 8639245.846, 102
Trd, 8639246.312, 97
Trd, 8639246.612, 92
Trd, 8639246.879, 89
Trd, 8639247.246, 99
Trd, 8639247.379, 123
Trd, 8639248.012, 126
Trd, 8639248.246, 118
Trd, 8639249.279, 94
Trd, 8639249.346, 85
Trd, 8639249.979, 137
Trd, 8639250.412, 131
Trd, 8639251.112, 128
Trd, 8639251.712, 92
Trd, 8639251.779, 88
Trd, 8639252.612, 87
Trd, 8639252.679, 81
Trd, 8639252.912, 93
Trd, 8639253.012, 82
Trd, 8639253.846, 121
Trd, 8639255.246, 99
Trd, 8639256.912, 123
Trd, 8639257.079, 120
Trd, 8639257.612, 113
Trd, 8639257.646, 106
Trd, 8639257.946, 90
Trd, 8639258.046, 87
Trd, 8639258.712, 122
Trd, 8639259.612, 125
Trd, 8639260.246, 117
Trd, 8639260.746, 109
Trd, 8639261.212, 114
Trd, 8639261.246, 111
Trd, 8639261.546, 116
Trd, 8639261.712, 101
Trd, 8639262.712, 83
Trd, 8639263.512, 98
Trd, 8639263.679, 129
Trd, 8639264.012, 137
Trd, 8639264.512, 132
Trd, 8639265.712, 104
Trd, 8639265.812, 100
Trd, 8639266.412, 101
Trd, 8639267.279, 137
Trd, 8639267.446, 127
Trd, 8639267.646, 122
Trd, 8639268.012, 114
Trd, 8639268.912, 120
Trd, 8639269.246, 124
Trd, 8639269.646, 110
Trd, 8639270.046, 105
Trd, 8639270.079, 118
Trd, 8639271.646, 113
Trd, 8639272.412, 105
Trd, 8639273.046, 131
Trd, 8639273.279, 95
Trd, 8639273.679, 93
Trd, 8639273.779, 93
Trd, 8639275.579, 137
Trd, 8639275.712, 134
Trd, 8639276.012, 131
Trd, 8639276.112, 126
Trd, 8639276.446, 118
Trd, 8639276.612, 117
Trd, 8639276.679, 79
Trd, 8639276.979, 97
Trd, 8639277.746, 100
Trd, 8639278.112, 117
Trd, 8639278.779, 116
Trd, 8639279.346, 128
Trd, 8639279.546, 113
Trd, 8639280.212, 115
Trd, 8639281.479, 98
Trd, 8639281.846, 93
Trd, 8639282.179, 111
Trd, 8639283.312, 124
Trd, 8639283.379, 103
Trd, 8639283.712, 96
Trd, 8639283.812, 115
Trd, 8639284.346, 92
Trd, 8639284.712, 119
Trd, 8639285.146, 100
Trd, 8639285.679, 106
Trd, 8639285.912, 93
Trd, 8639286.646, 101
Trd, 8639286.679, 95
Trd, 8639286.912, 93
Trd, 8639287.379, 104
Trd, 8639288.246, 92
Trd, 8639288.312, 96
Trd, 8639289.046, 85
Trd, 8639289.279, 89
Trd, 8639289.412, 96
Trd, 8639290.146, 119
Trd, 8639290.512, 95
Trd, 8639292.179, 139
Trd, 8639292.312, 122
Trd, 8639292.412, 112
Trd, 8639293.079, 132
Trd, 8639293.446, 129
Trd, 8639293.579, 127
Trd, 8639293.779, 115
Trd, 8639294.412, 116
Trd, 8639294.746, 117
Trd, 8639294.779, 104
Trd, 8639294.846, 90
Trd, 8639295.312, 95
Trd, 8639295.712, 117
Trd, 8639296.846, 62
Trd, 8639297.512, 60
Trd, 8639298.412, 103
Trd, 8639298.779, 104
Trd, 8639298.846, 102
Trd, 8639299.646, 79
Trd, 8639299.879, 116
Trd, 8639301.312, 99
Trd, 8639301.912, 68
Trd, 8639301.946, 90
Trd, 8639302.346, 102
Trd, 8639302.446, 110
Trd, 8639302.912, 113
Trd, 8639303.379, 89
Trd, 8639303.779, 88
Trd, 8639303.946, 85
Trd, 8639304.212, 116
Trd, 8639304.779, 113
Trd, 8639305.012, 86
Trd, 8639306.412, 92
Trd, 8639306.779, 112
Trd, 8639308.046, 124
Trd, 8639309.446, 130
Trd, 8639309.479, 119
Trd, 8639309.546, 118
Trd, 8639309.612, 108
Trd, 8639310.046, 105
Trd, 8639310.446, 115
Trd, 8639311.046, 140
Trd, 8639311.079, 136
Trd, 8639311.312, 111
Trd, 8639311.812, 126
Trd, 8639311.846, 117
Trd, 8639312.146, 108
Trd, 8639312.912, 102
Trd, 8639313.479, 109
Trd, 8639314.346, 123
Trd, 8639315.079, 103
Trd, 8639315.279, 131
Trd, 8639315.979, 104
Trd, 8639316.246, 139
Trd, 8639316.679, 133
Trd, 8639317.179, 113
Trd, 8639317.212, 106
Trd, 8639318.679, 132
Trd, 8639318.779, 123
Trd, 8639318.912, 122
Trd, 8639319.046, 92
Trd, 8639320.546, 115
Trd, 8639320.612, 107
Trd, 8639320.946, 96
Trd, 8639321.779, 133
Trd, 8639322.179, 96
Trd, 8639322.479, 94
Trd, 8639323.146, 122
Trd, 8639323.979, 75
Trd, 8639324.346, 100
Trd, 8639324.779, 82
Trd, 8639325.546, 131
Trd, 8639325.646, 118
Trd, 8639325.846, 108
Trd, 8639326.346, 100
Trd, 8639326.879, 125
Trd, 8639328.279, 110
Trd, 8639328.312, 106
Trd, 8639328.612, 112
Trd, 8639329.146, 93
Trd, 8639329.179, 91
Trd, 8639329.679, 112
Trd, 8639329.812, 107
Trd, 8639330.046, 122
Trd, 8639330.846, 73
Trd, 8639331.146, 93
Trd, 8639333.046, 112
Trd, 8639333.779, 100
Trd, 8639334.212, 98
Trd, 8639334.346, 114
Trd, 8639335.846, 120
Trd, 8639335.946, 124
Trd, 8639336.512, 108
Trd, 8639336.612, 106
Trd, 8639337.079, 106
Trd, 8639337.179, 123
Trd, 8639338.579, 92
Trd, 8639338.912, 123
Trd, 8639339.179, 114
Trd, 8639339.579, 134
Trd, 8639339.912, 117
Trd, 8639340.079, 105
Trd, 8639340.146, 91
Trd, 8639342.179, 107
Trd, 8639342.246, 107
Trd, 8639343.112, 111
Trd, 8639343.679, 115
Trd, 8639344.079, 132
Trd, 8639344.512, 117
Trd, 8639345.712, 125
Trd, 8639345.979, 137
Trd, 8639346.479, 117
Trd, 8639346.746, 113
Trd, 8639347.146, 126
Trd, 8639347.912, 112
Trd, 8639347.946, 105
Trd, 8639348.746, 113
Trd, 8639350.146, 102
Trd, 8639350.212, 109
Trd, 8639350.279, 98
Trd, 8639351.012, 126
Trd, 8639352.012, 126
Trd, 8639352.112, 106
Trd, 8639352.179, 98
Trd, 8639352.946, 113
Trd, 8639353.612, 121
Trd, 8639354.046, 103
Trd, 8639355.079, 117
Trd, 8639355.346, 117
Trd, 8639355.412, 111
Trd, 8639355.746, 107
Trd, 8639355.846, 103
Trd, 8639356.579, 108
Trd, 8639357.079, 121
Trd, 8639357.146, 121
Trd, 8639357.212, 110
Trd, 8639357.346, 101
Trd, 8639357.412, 83
Trd, 8639358.012, 103
Trd, 8639359.312, 101
Trd, 8639359.546, 98
Trd, 8639360.012, 96
Trd, 8639360.179, 121
Trd, 8639360.479, 92
Trd, 8639360.546, 120
Trd, 8639360.679, 113
Trd, 8639361.446, 137
Trd, 8639361.646, 128
Trd, 8639362.446, 82
Trd, 8639362.512, 115
Trd, 8639363.112, 118
Trd, 8639364.146, 132
Trd, 8639365.346, 127
Trd, 8639365.979, 114
Trd, 8639366.079, 105
Trd, 8639366.279, 90
Trd, 8639366.879, 117
Trd, 8639367.246, 75
Trd, 8639367.379, 71
Trd, 8639367.946, 119
Trd, 8639368.779, 70
Trd, 8639369.846, 122
Trd, 8639370.446, 131
Trd, 8639370.546, 126
Trd, 8639370.712, 127
Trd, 8639371.546, 116
Trd, 8639371.579, 88
Trd, 8639371.879, 134
Trd, 8639372.646, 102
Trd, 8639372.946, 72
Trd, 8639373.046, 111
Trd, 8639373.712, 101
Trd, 8639374.112, 82
Trd, 8639374.912, 103
Trd, 8639375.246, 102
Trd, 8639376.779, 127
Trd, 8639377.479, 110
Trd, 8639377.579, 106
Trd, 8639378.212, 93
Trd, 8639379.179, 138
Trd, 8639379.879, 106
Trd, 8639380.479, 99
Trd, 8639380.946, 102
Trd, 8639381.046, 100
Trd, 8639381.146, 128
Trd, 8639381.679, 97
Trd, 8639381.712, 93
Trd, 8639382.579, 117
Trd, 8639382.912, 97
Trd, 8639383.346, 99
Trd, 8639383.546, 88
Trd, 8639383.679, 127
Trd, 8639384.412, 87
Trd, 8639384.846, 74
Trd, 8639385.079, 89
Trd, 8639385.312, 128
Trd, 8639386.246, 118
Trd, 8639386.512, 139
Trd, 8639386.579, 123
Trd, 8639387.479, 120
Trd, 8639388.046, 108
Trd, 8639388.279, 100
Trd, 8639389.212, 128
Trd, 8639389.546, 88
Trd, 8639390.246, 79
Trd, 8639390.412, 131
Trd, 8639391.212, 119
Trd, 8639392.912, 109
Trd, 8639393.512, 107
Trd, 8639393.579, 112
Trd, 8639393.679, 119
Trd, 8639393.912, 90
Trd, 8639394.746, 121
Trd, 8639394.812, 117
Trd, 8639395.412, 116
Trd, 8639395.846, 93
Trd, 8639396.546, 117
Trd, 8639396.979, 114
Trd, 8639397.779, 116
Trd, 8639398.279, 127
Trd, 8639398.612, 122
Trd, 8639398.746, 117
Trd, 8639398.879, 94
Trd, 8639399.246, 91
Trd, 8639399.879, 88
Trd, 8639400.946, 87
Trd, 8639401.012, 104
Trd, 8639401.546, 109
Trd, 8639401.679, 88
Trd, 8639402.446, 110
Trd, 8639403.179, 109
Trd, 8639403.212, 109
Trd, 8639403.512, 106
Trd, 8639403.646, 129
Trd, 8639405.812, 95
Trd, 8639406.446, 105
Trd, 8639406.712, 101
Trd, 8639406.846, 99
Trd, 8639406.912, 111
Trd, 8639407.246, 94
Trd, 8639407.412, 119
Trd, 8639408.412, 127
Trd, 8639408.546, 102
Trd, 8639409.112, 95
Trd, 8639409.379, 94
Trd, 8639410.212, 135
Trd, 8639410.446, 135
Trd, 8639411.746, 117
Trd, 8639412.046, 111
Trd, 8639412.079, 105
Trd, 8639412.346, 92
Trd, 8639412.679, 120
Trd, 8639413.846, 139
Trd, 8639414.112, 134
Trd, 8639414.479, 112
Trd, 8639414.612, 104
Trd, 8639414.779, 127
Trd, 8639415.046, 124
Trd, 8639415.312, 126
Trd, 8639415.612, 136
Trd, 8639415.946, 106
Trd, 8639416.779, 139
Trd, 8639416.846, 133
Trd, 8639417.279, 110
Trd, 8639417.779, 99
Trd, 8639418.779, 125
Trd, 8639419.112, 116
Trd, 8639420.012, 112
Trd, 8639420.679, 130
Trd, 8639421.046, 122
Trd, 8639421.379, 135
Trd, 8639422.146, 107
Trd, 8639422.312, 136
Trd, 8639422.812, 100
Trd, 8639422.979, 98
Trd, 8639423.046, 94
Trd, 8639423.179, 130
Trd, 8639424.946, 83
Trd, 8639425.179, 126
Trd, 8639425.246, 80
Trd, 8639425.679, 134
Trd, 8639426.112, 99
Trd, 8639427.179, 125
Trd, 8639427.346, 120
Trd, 8639427.479, 118
Trd, 8639427.612, 106
Trd, 8639428.546, 110
Trd, 8639429.079, 103
Trd, 8639429.412, 129
Trd, 8639430.079, 116
Trd, 8639430.446, 105
Trd, 8639430.779, 92
Trd, 8639430.979, 104
Trd, 8639431.279, 111
Trd, 8639432.246, 117
Trd, 8639432.379, 115
Trd, 8639433.112, 131
Trd, 8639433.712, 129
Trd, 8639433.812, 119
Trd, 8639433.912, 119
Trd, 8639434.379, 111
Trd, 8639435.979, 105
Trd, 8639436.346, 138
Trd, 8639436.546, 134
Trd, 8639437.512, 122
Trd, 8639438.246, 121
Trd, 8639438.279, 116
Trd, 8639438.346, 101
Trd, 8639438.846, 95
Trd, 8639439.512, 108
Trd, 8639439.546, 125
Trd, 8639439.912, 71
Trd, 8639440.079, 63
Trd, 8639440.479, 139
Trd, 8639441.079, 122
Trd, 8639441.379, 119
Trd, 8639442.079, 61
Trd, 8639443.946, 91
Trd, 8639444.479, 107
Trd, 8639444.812, 112
Trd, 8639445.146, 84
Trd, 8639445.279, 83
Trd, 8639445.712, 124
Trd, 8639445.912, 100
Trd, 8639446.612, 127
Trd, 8639446.712, 118
Trd, 8639446.912, 124
Trd, 8639447.046, 110
Trd, 8639447.412, 100
Trd, 8639447.979, 137
Trd, 8639448.812, 117
Trd, 8639448.979, 98
Trd, 8639449.412, 125
Trd, 8639450.379, 100
Trd, 8639451.379, 109
Trd, 8639451.446, 90
Trd, 8639452.179, 99
Trd, 8639452.279, 99
Trd, 8639452.346, 125
Trd, 8639452.879, 103
Trd, 8639452.912, 97
Trd, 8639452.979, 77
Trd, 8639453.146, 119
Trd, 8639453.846, 97
Trd, 8639454.846, 112
Trd, 8639455.312, 105
Trd, 8639455.812, 98
Trd, 8639457.546, 97
Trd, 8639457.746, 85
Trd, 8639458.179, 100
Trd, 8639458.579, 64
Trd, 8639458.812, 97
Trd, 8639459.379, 109
Trd, 8639459.579, 113
Trd, 8639459.979, 103
Trd, 8639460.046, 110
Trd, 8639460.112, 121
Trd, 8639460.912, 133
Trd, 8639463.046, 118
Trd, 8639463.412, 124
Trd, 8639464.312, 128
Trd, 8639464.346, 106
Trd, 8639464.879, 120
Trd, 8639465.112, 115
Trd, 8639465.179, 97
Trd, 8639465.612, 99
Trd, 8639467.179, 136
Trd, 8639467.579, 108
Trd, 8639467.779, 95
Trd, 8639467.979, 122
Trd, 8639468.212, 93
Trd, 8639468.579, 125
Trd, 8639469.112, 137
Trd, 8639469.246, 122
Trd, 8639469.346, 121
Trd, 8639469.512, 114
Trd, 8639470.679, 98
Trd, 8639470.712, 105
Trd, 8639472.046, 105
Trd, 8639472.146, 125
Trd, 8639472.479, 124
Trd, 8639473.479, 120
Trd, 8639473.512, 107
Trd, 8639474.746, 128
Trd, 8639474.879, 119
Trd, 8639474.912, 107
Trd, 8639475.012, 96
Trd, 8639475.446, 104
Trd, 8639476.212, 94
Trd, 8639477.279, 106
Trd, 8639478.146, 74
Trd, 8639478.346, 69
Trd, 8639478.579, 101
Trd, 8639479.379, 104
Trd, 8639479.646, 98
Trd, 8639480.112, 89
Trd, 8639480.512, 76
Trd, 8639481.212, 110
Trd, 8639481.379, 107
Trd, 8639481.679, 79
Trd, 8639482.046, 87
Trd, 8639482.146, 90
Trd, 8639482.812, 94
Trd, 8639482.846, 122
Trd, 8639483.012, 80
Trd, 8639483.746, 129
Trd, 8639484.312, 131
Trd, 8639484.346, 104
Trd, 8639484.779, 139
Trd, 8639485.246, 102
Trd, 8639485.679, 125
Trd, 8639486.112, 113
Trd, 8639487.212, 97
Trd, 8639487.446, 82
Trd, 8639487.612, 89
Trd, 8639488.979, 136
Trd, 8639489.046, 125
Trd, 8639489.279, 125
Trd, 8639489.546, 127
Trd, 8639489.579, 118
Trd, 8639490.179, 112
Trd, 8639491.912, 136
Trd, 8639491.979, 130
Trd, 8639492.646, 117
Trd, 8639492.746, 105
Trd, 8639493.146, 105
Trd, 8639493.446, 113
Trd, 8639493.612, 95
Trd, 8639493.679, 86
Trd, 8639494.412, 134
Trd, 8639496.246, 126
Trd, 8639496.446, 116
Trd, 8639496.779, 114
Trd, 8639497.146, 128
Trd, 8639498.279, 93
Trd, 8639498.312, 92
Trd, 8639498.812, 86
Trd, 8639499.212, 130
Trd, 8639499.946, 120
Trd, 8639500.146, 114
Trd, 8639500.812, 126
Trd, 8639501.712, 129
Trd, 8639502.446, 125
Trd, 8639502.679, 127
Trd, 8639502.812, 120
Trd, 8639503.012, 115
Trd, 8639503.612, 139
Trd, 8639504.012, 132
Trd, 8639504.346, 127
Trd, 8639506.012, 112
Trd, 8639506.446, 138
Trd, 8639507.212, 135
Trd, 8639508.212, 117
Trd, 8639508.279, 106
Trd, 8639509.279, 107
Trd, 8639509.612, 114
Trd, 8639509.812, 104
Trd, 8639509.979, 117
Trd, 8639510.412, 102
Trd, 8639510.546, 130
Trd, 8639510.912, 131
Trd, 8639511.546, 121
Trd, 8639512.412, 129
Trd, 8639512.512, 124
Trd, 8639512.846, 123
Trd, 8639513.679, 127
Trd, 8639514.079, 134
Trd, 8639514.946, 120
Trd, 8639515.012, 94
Trd, 8639515.446, 87
Trd, 8639516.246, 110
Trd, 8639516.412, 122
Trd, 8639516.446, 108
Trd, 8639516.746, 84
Trd, 8639517.279, 138
Trd, 8639517.346, 113
Trd, 8639517.679, 139
Trd, 8639518.079, 81
Trd, 8639519.379, 75
Trd, 8639519.979, 107
Trd, 8639520.379, 87
Trd, 8639521.312, 86
Trd, 8639521.446, 129
Trd, 8639521.846, 84
Trd, 8639522.979, 139
Trd, 8639523.212, 133
Trd, 8639523.979, 125
Trd, 8639524.246, 117
Trd, 8639524.312, 111
Trd, 8639525.079, 123
Trd, 8639525.212, 118
Trd, 8639525.479, 136
Trd, 8639526.812, 111
Trd, 8639527.346, 75
Trd, 8639527.612, 108
Trd, 8639527.812, 113
Trd, 8639527.879, 114
Trd, 8639529.179, 83
Trd, 8639529.846, 84
Trd, 8639530.112, 101
Trd, 8639530.346, 135
Trd, 8639530.579, 133
Trd, 8639531.446, 123
Trd, 8639531.546, 109
Trd, 8639531.979, 98
Trd, 8639532.012, 93
Trd, 8639533.412, 118
Trd, 8639534.512, 106
Trd, 8639535.212, 118
Trd, 8639535.379, 113
Trd, 8639535.412, 105
Trd, 8639535.446, 135
Trd, 8639535.712, 99
Trd, 8639535.946, 89
Trd, 8639536.512, 132
Trd, 8639536.712, 113
Trd, 8639536.912, 84
Trd, 8639538.379, 127
Trd, 8639539.579, 73
Trd, 8639539.846, 102
Trd, 8639539.912, 72
Trd, 8639540.379, 105
Trd, 8639540.446, 105
Trd, 8639541.579, 113
Trd, 8639542.079, 133
Trd, 8639542.346, 123
Trd, 8639542.512, 105
Trd, 8639542.979, 128
Trd, 8639543.879, 124
Trd, 8639544.112, 120
Trd, 8639544.379, 122
Trd, 8639545.046, 102
Trd, 8639545.979, 95
Trd, 8639546.112, 92
Trd, 8639546.446, 110
Trd, 8639546.746, 84
Trd, 8639547.012, 79
Trd, 8639547.212, 79
Trd, 8639547.312, 118
Trd, 8639547.712, 133
Trd, 8639547.846, 112
Trd, 8639548.346, 76
Trd, 8639548.979, 77
Trd, 8639549.746, 77
Trd, 8639549.846, 89
Trd, 8639550.579, 79
Trd, 8639550.712, 82
Trd, 8639551.379, 110
Trd, 8639551.746, 60
Trd, 8639552.479, 77
Trd, 8639553.079, 75
Trd, 8639553.279, 92
Trd, 8639553.412, 95
Trd, 8639553.846, 111
Trd, 8639556.012, 116
Trd, 8639556.179, 105
Trd, 8639556.479, 136
Trd, 8639556.879, 116
Trd, 8639557.446, 113
Trd, 8639557.679, 104
Trd, 8639557.812, 84
Trd, 8639558.079, 109
Trd, 8639559.412, 129
Trd, 8639559.446, 108
Trd, 8639559.679, 107
Trd, 8639561.846, 118
Trd, 8639562.146, 99
Trd, 8639562.779, 84
Trd, 8639562.912, 96
Trd, 8639562.946, 82
Trd, 8639563.079, 95
Trd, 8639563.146, 104
Trd, 8639563.979, 119
Trd, 8639564.612, 120
Trd, 8639564.779, 116
Trd, 8639564.879, 115
Trd, 8639564.946, 113
Trd, 8639565.079, 111
Trd, 8639565.546, 131
Trd, 8639566.179, 111
Trd, 8639566.379, 93
Trd, 8639566.579, 107
Trd, 8639567.046, 135
Trd, 8639567.179, 95
Trd, 8639568.479, 115
Trd, 8639568.879, 128
Trd, 8639569.412, 96
Trd, 8639569.746, 95
Trd, 8639570.179, 116
Trd, 8639570.446, 95
Trd, 8639571.579, 136
Trd, 8639571.846, 129
Trd, 8639571.946, 117
Trd, 8639572.379, 117
Trd, 8639572.446, 94
Trd, 8639573.146, 100
Trd, 8639573.546, 116
Trd, 8639573.679, 131
Trd, 8639574.146, 103
Trd, 8639575.346, 101
Trd, 8639575.979, 113
Trd, 8639576.112, 79
Trd, 8639576.946, 119
Trd, 8639577.079, 85
Trd, 8639577.679, 86
Trd, 8639577.712, 77
Trd, 8639577.779, 121
Trd, 8639578.646, 75
Trd, 8639578.746, 80
Trd, 8639578.979, 106
Trd, 8639579.012, 112
Trd, 8639579.379, 98
Trd, 8639579.879, 84
Trd, 8639580.246, 82
Trd, 8639580.646, 122
Trd, 8639581.246, 96
Trd, 8639581.712, 71
Trd, 8639582.412, 128
Trd, 8639582.879, 103
Trd, 8639583.612, 137
Trd, 8639584.079, 132
Trd, 8639584.246, 133
Trd, 8639584.546, 124
Trd, 8639584.879, 96
Trd, 8639585.546, 91
Trd, 8639586.312, 117
Trd, 8639588.546, 135
Trd, 8639588.779, 128
Trd, 8639588.812, 111
Trd, 8639589.012, 104
Trd, 8639589.112, 95
Trd, 8639589.646, 139
Trd, 8639590.546, 96
Trd, 8639591.312, 127
Trd, 8639591.446, 81
Trd, 8639592.112, 98
Trd, 8639592.679, 99
Trd, 8639592.979, 85
Trd, 8639593.146, 130
Trd, 8639593.746, 124
Trd, 8639593.812, 102
Trd, 8639594.179, 122
Trd, 8639594.346, 91
Trd, 8639595.112, 89
Trd, 8639595.412, 92
Trd, 8639595.579, 90
Trd, 8639595.746, 106
Trd, 8639595.946, 94
Trd, 8639596.179, 100
Trd, 8639596.379, 88
Trd, 8639596.846, 80
Trd, 8639597.046, 89
Trd, 8639597.212, 86
Trd, 8639598.479, 82
Trd, 8639598.679, 88
Trd, 8639600.179, 68
Trd, 8639600.646, 106
Trd, 8639600.812, 110
Trd, 8639601.079, 64
Trd, 8639601.312, 65
Trd, 8639601.612, 75
Trd, 8639602.412, 108
Trd, 8639603.279, 99
Trd, 8639603.412, 103
Trd, 8639603.646, 107
Trd, 8639603.846, 134
Trd, 8639604.579, 125
Trd, 8639605.179, 112
Trd, 8639605.712, 101
Trd, 8639606.646, 107
Trd, 8639606.812, 112
Trd, 8639606.946, 105
Trd, 8639607.512, 82
Trd, 8639607.712, 119
Trd, 8639607.879, 135
Trd, 8639608.279, 92
Trd, 8639609.012, 103
Trd, 8639610.046, 78
Trd, 8639610.712, 112
Trd, 8639610.846, 100
Trd, 8639611.946, 104
Trd, 8639612.146, 98
Trd, 8639612.546, 116
Trd, 8639613.046, 104
Trd, 8639614.212, 120
Trd, 8639614.412, 127
Trd, 8639614.846, 118
Trd, 8639614.879, 118
Trd, 8639615.179, 89
Trd, 8639615.246, 86
Trd, 8639616.012, 91
Trd, 8639616.746, 93
Trd, 8639617.279, 134
Trd, 8639617.412, 113
Trd, 8639617.512, 132
Trd, 8639618.246, 124
Trd, 8639618.446, 115
Trd, 8639618.679, 134
Trd, 8639618.846, 111
Trd, 8639619.279, 109
Trd, 8639619.912, 139
Trd, 8639620.112, 131
Trd, 8639621.212, 107
Trd, 8639622.112, 99
Trd, 8639622.312, 105
Trd, 8639622.746, 95
Trd, 8639623.812, 117
Trd, 8639624.346, 98
Trd, 8639624.479, 81
Trd, 8639624.912, 87
Trd, 8639624.946, 102
Trd, 8639625.046, 76
Trd, 8639625.512, 130
Trd, 8639626.379, 132
Trd, 8639626.446, 128
Trd, 8639627.679, 116
Trd, 8639628.012, 129
Trd, 8639628.646, 124
Trd, 8639628.679, 104
Trd, 8639628.812, 127
Trd, 8639629.079, 110
Trd, 8639629.212, 95
Trd, 8639629.346, 91
Trd, 8639629.679, 130
Trd, 8639631.079, 134
Trd, 8639632.512, 131
Trd, 8639632.912, 116
Trd, 8639633.879, 112
Trd, 8639634.579, 126
Trd, 8639634.812, 116
Trd, 8639634.946, 114
Trd, 8639635.112, 104
Trd, 8639635.479, 102
Trd, 8639636.212, 123
Trd, 8639636.879, 96
Trd, 8639637.212, 100
Trd, 8639637.279, 80
Trd, 8639637.646, 82
Trd, 8639638.079, 65
Trd, 8639638.279, 130
Trd, 8639639.712, 137
Trd, 8639640.446, 137
Trd, 8639640.812, 129
Trd, 8639641.779, 130
Trd, 8639642.012, 129
Trd, 8639642.279, 114
Trd, 8639642.946, 104
Trd, 8639643.146, 99
Trd, 8639643.779, 86
Trd, 8639644.046, 83
Trd, 8639644.146, 78
Trd, 8639644.946, 93
Trd, 8639646.346, 112
Trd, 8639646.746, 136
Trd, 8639647.246, 125
Trd, 8639647.346, 127
Trd, 8639648.246, 124
Trd, 8639649.012, 126
Trd, 8639649.546, 132
Trd, 8639650.046, 106
Trd, 8639650.379, 105
Trd, 8639651.979, 128
Trd, 8639652.112, 127
Trd, 8639652.246, 132
Trd, 8639652.346, 121
Trd, 8639652.579, 113
Trd, 8639653.212, 113
Trd, 8639653.579, 122
Trd, 8639655.079, 137
Trd, 8639655.246, 116
Trd, 8639655.446, 105
Trd, 8639656.146, 112
Trd, 8639656.312, 99
Trd, 8639656.979, 118
Trd, 8639657.412, 110
Trd, 8639658.379, 134
Trd, 8639658.712, 124
Trd, 8639658.912, 113
Trd, 8639659.546, 127
Trd, 8639659.679, 126
Trd, 8639659.912, 135
Trd, 8639660.279, 121
Trd, 8639660.379, 110
Trd, 8639661.112, 93
Trd, 8639661.712, 103
Trd, 8639662.146, 98
Trd, 8639662.212, 94
Trd, 8639662.912, 117
Trd, 8639663.912, 135
Trd, 8639663.979, 131
Trd, 8639664.146, 100
Trd, 8639664.479, 105
Trd, 8639664.879, 127
Trd, 8639665.412, 121
Trd, 8639665.612, 114
Trd, 8639665.879, 97
Trd, 8639666.246, 94
Trd, 8639667.312, 96
Trd, 8639667.912, 72
Trd, 8639669.412, 86
Trd, 8639669.446, 86
Trd, 8639669.946, 75
Trd, 8639670.546, 108
Trd, 8639670.646, 98
Trd, 8639671.012, 91
Trd, 8639671.146, 108
Trd, 8639671.912, 127
Trd, 8639672.412, 135
Trd, 8639672.546, 125
Trd, 8639673.779, 137
Trd, 8639674.112, 130
Trd, 8639674.146, 115
Trd, 8639674.579, 86
Trd, 8639676.212, 127
Trd, 8639676.546, 123
Trd, 8639676.812, 137
Trd, 8639677.779, 140
Trd, 8639678.179, 129
Trd, 8639678.846, 129
Trd, 8639679.379, 132
Trd, 8639679.779, 124
Trd, 8639680.279, 119
Trd, 8639680.379, 115
Trd, 8639681.346, 114
Trd, 8639681.612, 112
Trd, 8639681.912, 99
Trd, 8639682.379, 102
Trd, 8639683.679, 113
Trd, 8639684.412, 139
Trd, 8639684.512, 134
Trd, 8639684.846, 122
Trd, 8639686.346, 107
Trd, 8639687.446, 130
Trd, 8639687.479, 127
Trd, 8639687.879, 116
Trd, 8639688.079, 112
Trd, 8639688.346, 136
Trd, 8639689.512, 125
Trd, 8639689.579, 111
Trd, 8639689.612, 101
Trd, 8639689.979, 130
Trd, 8639690.212, 126
Trd, 8639690.879, 95
Trd, 8639691.346, 100
Trd, 8639691.746, 103
Trd, 8639692.612, 97
Trd, 8639692.946, 117
Trd, 8639693.146, 103
Trd, 8639693.379, 99
Trd, 8639694.179, 135
Trd, 8639694.279, 89
Trd, 8639696.012, 123
Trd, 8639696.046, 96
Trd, 8639696.479, 118
Trd, 8639697.246, 113
Trd, 8639697.279, 118
Trd, 8639697.512, 90
Trd, 8639697.579, 91
Trd, 8639698.879, 89
Trd, 8639699.312, 104
Trd, 8639700.246, 101
Trd, 8639700.879, 96
Trd, 8639700.912, 94
Trd, 8639701.312, 112
Trd, 8639701.946, 116
Trd, 8639702.412, 126
Trd, 8639702.646, 110
Trd, 8639703.379, 132
Trd, 8639703.746, 129
Trd, 8639704.812, 112
Trd, 8639704.912, 109
Trd, 8639705.279, 112
Trd, 8639705.579, 102
Trd, 8639705.912, 91
Trd, 8639706.112, 88
Trd, 8639706.846, 101
Trd, 8639707.112, 81
Trd, 8639707.346, 114
Trd, 8639707.412, 86
Trd, 8639707.846, 79
Trd, 8639708.479, 71
Trd, 8639709.246, 100
Trd, 8639709.612, 93
Trd, 8639710.179, 133
Trd, 8639710.346, 129
Trd, 8639710.612, 139
Trd, 8639710.879, 103
Trd, 8639711.579, 108
Trd, 8639713.112, 104
Trd, 8639713.579, 93
Trd, 8639713.912, 76
Trd, 8639714.546, 114
Trd, 8639714.812, 107
Trd, 8639715.312, 117
Trd, 8639715.446, 124
Trd, 8639716.046, 110
Trd, 8639716.446, 97
Trd, 8639716.712, 119
Trd, 8639717.346, 127
Trd, 8639717.612, 114
Trd, 8639718.079, 135
Trd, 8639718.146, 120
Trd, 8639719.079, 121
Trd, 8639719.246, 114
Trd, 8639720.112, 128
Trd, 8639720.779, 107
Trd, 8639720.946, 101
Trd, 8639721.212, 136
Trd, 8639721.479, 131
Trd, 8639722.146, 121
Trd, 8639722.746, 121
Trd, 8639722.912, 104
Trd, 8639723.479, 111
Trd, 8639724.079, 126
Trd, 8639724.679, 127
Trd, 8639725.679, 101
Trd, 8639725.779, 139
Trd, 8639726.079, 125
Trd, 8639727.612, 116
Trd, 8639727.779, 110
Trd, 8639728.979, 124
Trd, 8639729.146, 93
Trd, 8639729.412, 121
Trd, 8639729.446, 110
Trd, 8639730.012, 100
Trd, 8639730.479, 104
Trd, 8639730.712, 108
Trd, 8639730.779, 79
Trd, 8639731.179, 92
Trd, 8639732.112, 119
Trd, 8639732.379, 133
Trd, 8639732.979, 90
Trd, 8639733.446, 136
Trd, 8639734.012, 120
Trd, 8639734.679, 115
Trd, 8639735.446, 96
Trd, 8639735.579, 104
Trd, 8639735.879, 115
Trd, 8639735.946, 112
Trd, 8639736.112, 91
Trd, 8639736.546, 73
Trd, 8639736.846, 69
Trd, 8639737.279, 131
Trd, 8639738.646, 87
Trd, 8639738.746, 85
Trd, 8639739.579, 131
Trd, 8639739.746, 80
Trd, 8639739.912, 77
Trd, 8639740.046, 88
Trd, 8639740.179, 75
Trd, 8639740.246, 92
Trd, 8639740.612, 112
Trd, 8639741.079, 111
Trd, 8639741.112, 110
Trd, 8639741.179, 81
Trd, 8639741.879, 88
Trd, 8639743.046, 77
Trd, 8639744.246, 117
Trd, 8639744.512, 115
Trd, 8639745.112, 125
Trd, 8639745.279, 118
Trd, 8639745.346, 98
Trd, 8639745.479, 106
Trd, 8639745.646, 134
Trd, 8639745.746, 95
Trd, 8639745.979, 93
Trd, 8639747.246, 124
Trd, 8639747.646, 121
Trd, 8639748.846, 140
Trd, 8639749.112, 133
Trd, 8639750.512, 107
Trd, 8639751.146, 134
Trd, 8639751.479, 111
Trd, 8639751.546, 104
Trd, 8639751.812, 105
Trd, 8639751.879, 94
Trd, 8639752.312, 135
Trd, 8639753.012, 105
Trd, 8639753.179, 88
Trd, 8639754.012, 140
Trd, 8639754.079, 112
Trd, 8639754.146, 107
Trd, 8639754.479, 76
Trd, 8639755.112, 137
Trd, 8639755.512, 123
Trd, 8639755.746, 119
Trd, 8639756.479, 83
Trd, 8639757.046, 95
Trd, 8639757.212, 88
Trd, 8639757.912, 95
Trd, 8639758.246, 104
Trd, 8639758.646, 113
Trd, 8639758.679, 86
Trd, 8639759.179, 126
Trd, 8639760.146, 136
Trd, 8639760.246, 99
Trd, 8639761.446, 131
Trd, 8639762.179, 120
Trd, 8639762.446, 116
Trd, 8639762.579, 115
Trd, 8639763.012, 101
Trd, 8639763.079, 95
Trd, 8639763.279, 82
Trd, 8639763.746, 111
Trd, 8639764.879, 117
Trd, 8639765.079, 103
Trd, 8639765.879, 116
Trd, 8639766.046, 104
Trd, 8639766.112, 101
Trd, 8639766.446, 125
Trd, 8639767.146, 100
Trd, 8639767.346, 93
Trd, 8639768.012, 114
Trd, 8639768.679, 121
Trd, 8639768.979, 109
Trd, 8639769.179, 106
Trd, 8639769.512, 115
Trd, 8639770.279, 126
Trd, 8639770.646, 109
Trd, 8639771.179, 100
Trd, 8639771.479, 107
Trd, 8639772.179, 97
Trd, 8639772.446, 97
Trd, 8639772.646, 119
Trd, 8639772.679, 96
Trd, 8639772.879, 113
Trd, 8639772.946, 125
Trd, 8639773.746, 80
Trd, 8639774.379, 135
Trd, 8639775.012, 126
Trd, 8639775.979, 139
Trd, 8639776.379, 116
Trd, 8639776.746, 110
Trd, 8639776.779, 106
Trd, 8639777.579, 117
Trd, 8639777.646, 106
Trd, 8639778.146, 102
Trd, 8639778.779, 129
Trd, 8639779.646, 111
Trd, 8639779.846, 101
Trd, 8639780.279, 128
Trd, 8639781.179, 124
Trd, 8639781.412, 124
Trd, 8639782.446, 131
Trd, 8639783.512, 133
Trd, 8639783.712, 122
Trd, 8639784.112, 135
Trd, 8639784.146, 108
Trd, 8639784.912, 91
Trd, 8639785.646, 96
Trd, 8639786.579, 112
Trd, 8639786.879, 118
Trd, 8639787.046, 112
Trd, 8639788.579, 119
Trd, 8639788.646, 108
Trd, 8639789.379, 100
Trd, 8639789.512, 118
Trd, 8639789.712, 99
Trd, 8639790.212, 95
Trd, 8639790.479, 102
Trd, 8639791.079, 137
Trd, 8639791.712, 127
Trd, 8639792.212, 109
Trd, 8639792.479, 108
Trd, 8639792.712, 137
Trd, 8639793.412, 113
Trd, 8639793.579, 104
Trd, 8639794.012, 118
Trd, 8639795.046, 128
Trd, 8639795.346, 124
Trd, 8639795.979, 110
Trd, 8639796.112, 109
Trd, 8639796.446, 114
Trd, 8639796.579, 125
Trd, 8639796.679, 108
Trd, 8639797.012, 98
Trd, 8639797.246, 109
Trd, 8639797.746, 110
Trd, 8639798.812, 130
Trd, 8639798.946, 121
Trd, 8639799.046, 104
Trd, 8639799.146, 83
Trd, 8639799.546, 86
Trd, 8639800.246, 85
Trd, 8639800.646, 84
Trd, 8639801.612, 64
Trd, 8639801.712, 64
Trd, 8639801.946, 67
Trd, 8639802.046, 76
Trd, 8639802.346, 123
Trd, 8639803.079, 83
Trd, 8639804.212, 108
Trd, 8639804.312, 108
Trd, 8639804.579, 122
Trd, 8639804.779, 99
Trd, 8639805.279, 117
Trd, 8639806.212, 117
Trd, 8639806.546, 111
Trd, 8639807.046, 104
Trd, 8639807.246, 103
Trd, 8639807.479, 100
Trd, 8639808.779, 90
Trd, 8639809.179, 89
Trd, 8639809.846, 99
Trd, 8639809.946, 95
Trd, 8639811.046, 135
Trd, 8639812.012, 119
Trd, 8639812.046, 116
Trd, 8639812.446, 109
Trd, 8639812.512, 106
Trd, 8639812.712, 127
Trd, 8639813.579, 126
Trd, 8639813.779, 121
Trd, 8639815.379, 132
Trd, 8639815.912, 100
Trd, 8639816.379, 93
Trd, 8639817.312, 116
Trd, 8639817.712, 117
Trd, 8639817.946, 113
Trd, 8639819.379, 126
Trd, 8639819.746, 134
Trd, 8639820.179, 134
Trd, 8639820.346, 132
Trd, 8639820.446, 117
Trd, 8639821.346, 127
Trd, 8639822.046, 105
Trd, 8639822.179, 101
Trd, 8639824.179, 94
Trd, 8639824.279, 92
Trd, 8639824.946, 73
Trd, 8639825.412, 60
Trd, 8639825.712, 72
Trd, 8639826.112, 85
Trd, 8639826.146, 71
Trd, 8639826.579, 109
Trd, 8639826.779, 114
Trd, 8639827.212, 93
Trd, 8639827.712, 82
Trd, 8639827.779, 91
Trd, 8639828.312, 70
Trd, 8639829.312, 89
Trd, 8639829.479, 81
Trd, 8639829.712, 93
Trd, 8639830.379, 79
Trd, 8639830.412, 83
Trd, 8639830.646, 94
Trd, 8639831.646, 70
Trd, 8639832.012, 90
Trd, 8639832.579, 69
Trd, 8639833.112, 89
Trd, 8639834.079, 108
Trd, 8639834.112, 74
Trd, 8639834.712, 72
Trd, 8639834.946, 84
Trd, 8639835.479, 112
Trd, 8639835.979, 101
Trd, 8639836.612, 127
Trd, 8639837.446, 121
Trd, 8639837.479, 120
Trd, 8639837.779, 126
Trd, 8639837.912, 113
Trd, 8639838.312, 102
Trd, 8639839.346, 129
Trd, 8639839.646, 121
Trd, 8639840.046, 84
Trd, 8639841.012, 83
Trd, 8639841.212, 78
Trd, 8639841.612, 99
Trd, 8639841.946, 96
Trd, 8639842.079, 120
Trd, 8639843.279, 105
Trd, 8639843.379, 94
Trd, 8639844.479, 108
Trd, 8639845.079, 117
Trd, 8639845.479, 120
Trd, 8639845.779, 98
Trd, 8639846.646, 105
Trd, 8639846.679, 110
Trd, 8639846.712, 96
Trd, 8639847.579, 139
Trd, 8639847.812, 122
Trd, 8639848.012, 124
Trd, 8639848.612, 112
Trd, 8639848.679, 108
Trd, 8639849.079, 124
Trd, 8639850.179, 128
Trd, 8639850.346, 122
Trd, 8639851.046, 84
Trd, 8639851.379, 98
Trd, 8639851.446, 64
Trd, 8639851.779, 86
Trd, 8639852.446, 71
Trd, 8639852.746, 102
Trd, 8639853.379, 107
Trd, 8639853.746, 87
Trd, 8639854.679, 136
Trd, 8639855.346, 126
Trd, 8639855.379, 97
Trd, 8639855.846, 110
Trd, 8639857.212, 126
Trd, 8639857.346, 112
Trd, 8639857.646, 109
Trd, 8639859.612, 119
Trd, 8639859.679, 116
Trd, 8639860.279, 116
Trd, 8639860.412, 105
Trd, 8639860.779, 96
Trd, 8639860.812, 127
Trd, 8639862.179, 97
Trd, 8639862.246, 93
Trd, 8639862.612, 94
Trd, 8639862.679, 88
Trd, 8639863.846, 113
Trd, 8639864.479, 109
Trd, 8639865.379, 111
Trd, 8639865.512, 132
Trd, 8639865.546, 105
Trd, 8639866.279, 98
Trd, 8639866.946, 98
Trd, 8639867.179, 105
Trd, 8639868.512, 97
Trd, 8639869.312, 101
Trd, 8639869.612, 118
Trd, 8639870.046, 116
Trd, 8639870.379, 113
Trd, 8639870.579, 107
Trd, 8639871.946, 119
Trd, 8639872.312, 108
Trd, 8639872.346, 105
Trd, 8639872.479, 137
Trd, 8639872.612, 99
Trd, 8639873.446, 79
Trd, 8639873.879, 101
Trd, 8639874.246, 88
Trd, 8639874.746, 100
Trd, 8639874.912, 99
Trd, 8639875.046, 102
Trd, 8639875.412, 88
Trd, 8639876.779, 89
Trd, 8639877.079, 95
Trd, 8639877.146, 92
Trd, 8639877.379, 110
Trd, 8639877.812, 130
Trd, 8639878.312, 137
Trd, 8639878.846, 108
Trd, 8639879.412, 137
Trd, 8639879.446, 91
Trd, 8639879.646, 122
Trd, 8639880.712, 90
Trd, 8639880.746, 116
Trd, 8639880.779, 87
Trd, 8639881.412, 124
Trd, 8639881.679, 120
Trd, 8639881.779, 120
Trd, 8639882.079, 114
Trd, 8639882.679, 114
Trd, 8639883.346, 107
Trd, 8639884.046, 90
Trd, 8639884.379, 86
Trd, 8639884.546, 84
Trd, 8639885.346, 120
Trd, 8639886.412, 135
Trd, 8639887.346, 120
Trd, 8639887.446, 115
Trd, 8639887.679, 111
Trd, 8639888.646, 140
Trd, 8639888.946, 106
Trd, 8639889.912, 121
Trd, 8639890.046, 89
Trd, 8639890.346, 88
Trd, 8639891.312, 111
Trd, 8639891.379, 94
Trd, 8639891.612, 126
Trd, 8639891.746, 112
Trd, 8639892.712, 125
Trd, 8639893.112, 117
Trd, 8639893.412, 111
Trd, 8639893.712, 126
Trd, 8639894.012, 98
Trd, 8639894.379, 137
Trd, 8639895.279, 90
Trd, 8639895.446, 104
Trd, 8639897.579, 130
Trd, 8639897.712, 129
Trd, 8639897.879, 119
Trd, 8639898.479, 117
Trd, 8639898.779, 139
Trd, 8639899.112, 116
Trd, 8639899.146, 113
Trd, 8639899.646, 116
Trd, 8639899.846, 131
Trd, 8639900.779, 116
Trd, 8639901.446, 124
Trd, 8639902.346, 129
Trd, 8639902.946, 113
Trd, 8639903.312, 95
Trd, 8639903.846, 105
Trd, 8639904.046, 104
Trd, 8639904.379, 133
Trd, 8639905.112, 140
Trd, 8639905.712, 134
Trd, 8639905.812, 123
Trd, 8639906.012, 107
Trd, 8639906.212, 81
Trd, 8639906.579, 94
Trd, 8639906.812, 78
Trd, 8639907.946, 93
Trd, 8639908.012, 101
Trd, 8639909.879, 109
Trd, 8639910.012, 125
Trd, 8639910.379, 131
Trd, 8639910.479, 105
Trd, 8639910.879, 104
Trd, 8639911.612, 133
Trd, 8639912.046, 132
Trd, 8639912.812, 122
Trd, 8639913.312, 121
Trd, 8639913.446, 98
Trd, 8639913.812, 129
Trd, 8639913.912, 102
Trd, 8639914.479, 136
Trd, 8639915.179, 92
Trd, 8639915.946, 140
Trd, 8639916.212, 123
Trd, 8639918.079, 131
Trd, 8639918.479, 126
Trd, 8639919.179, 109
Trd, 8639919.512, 121
Trd, 8639919.612, 98
Trd, 8639919.879, 100
Trd, 8639920.012, 84
Trd, 8639921.212, 118
Trd, 8639922.346, 85
Trd, 8639922.446, 107
Trd, 8639922.812, 96
Trd, 8639923.146, 92
Trd, 8639923.646, 86
Trd, 8639924.246, 125
Trd, 8639924.446, 113
Trd, 8639924.512, 104
Trd, 8639926.879, 119
Trd, 8639927.279, 119
Trd, 8639927.312, 123
Trd, 8639927.446, 113
Trd, 8639927.579, 109
Trd, 8639927.712, 120
Trd, 8639928.712, 102
Trd, 8639929.712, 126
Trd, 8639929.746, 109
Trd, 8639930.346, 108
Trd, 8639930.912, 128
Trd, 8639931.546, 131
Trd, 8639931.912, 128
Trd, 8639932.479, 107
Trd, 8639932.512, 131
Trd, 8639932.746, 107
Trd, 8639932.979, 100
Trd, 8639933.079, 111
Trd, 8639933.379, 96
Trd, 8639933.912, 116
Trd, 8639934.112, 126
Trd, 8639935.212, 95
Trd, 8639935.446, 88
Trd, 8639935.546, 79
Trd, 8639935.646, 110
Trd, 8639936.012, 113
Trd, 8639936.579, 90
Trd, 8639937.079, 88
Trd, 8639937.546, 114
Trd, 8639937.646, 85
Trd, 8639938.212, 79
Trd, 8639938.512, 73
Trd, 8639939.646, 131
Trd, 8639940.112, 118
Trd, 8639940.279, 113
Trd, 8639940.812, 99
Trd, 8639941.046, 120
Trd, 8639941.846, 125
Trd, 8639942.246, 103
Trd, 8639942.846, 95
Trd, 8639943.212, 88
Trd, 8639943.346, 110
Trd, 8639943.379, 88
Trd, 8639943.946, 130
Trd, 8639944.779, 109
Trd, 8639945.546, 105
Trd, 8639946.546, 98
Trd, 8639946.979, 112
Trd, 8639947.612, 113
Trd, 8639947.912, 127
Trd, 8639948.212, 107
Trd, 8639948.446, 104
Trd, 8639948.846, 93
Trd, 8639949.312, 93
Trd, 8639949.546, 140
Trd, 8639949.779, 80
Trd, 8639950.146, 85
Trd, 8639950.779, 116
Trd, 8639951.312, 124
Trd, 8639952.146, 125
Trd, 8639952.846, 113
Trd, 8639952.879, 110
Trd, 8639952.946, 128
Trd, 8639953.112, 109
Trd, 8639953.446, 140
Trd, 8639953.479, 93
Trd, 8639954.179, 135
Trd, 8639954.279, 129
Trd, 8639955.079, 126
Trd, 8639955.979, 117
Trd, 8639956.146, 101
Trd, 8639957.312, 137
Trd, 8639957.579, 125
Trd, 8639957.779, 121
Trd, 8639958.179, 103
Trd, 8639958.412, 89
Trd, 8639959.412, 115
Trd, 8639959.479, 111
Trd, 8639959.846, 130
Trd, 8639960.679, 122
Trd, 8639960.812, 117
Trd, 8639962.212, 113
Trd, 8639962.612, 93
Trd, 8639962.946, 99
Trd, 8639963.112, 107
Trd, 8639964.612, 139
Trd, 8639964.646, 129
Trd, 8639964.812, 121
Trd, 8639964.846, 110
Trd, 8639965.046, 100
Trd, 8639965.212, 94
Trd, 8639965.446, 127
Trd, 8639966.246, 130
Trd, 8639967.246, 83
Trd, 8639968.079, 131
Trd, 8639969.679, 132
Trd, 8639971.346, 129
Trd, 8639971.812, 133
Trd, 8639972.246, 136
Trd, 8639972.279, 128
Trd, 8639973.112, 116
Trd, 8639973.512, 116
Trd, 8639973.779, 111
Trd, 8639973.846, 109
Trd, 8639974.146, 102
Trd, 8639974.512, 139
Trd, 8639974.679, 140
Trd, 8639974.846, 130
Trd, 8639975.712, 117
Trd, 8639975.879, 115
Trd, 8639976.512, 132
Trd, 8639977.979, 132
Trd, 8639978.179, 122
Trd, 8639979.046, 102
Trd, 8639980.679, 96
Trd, 8639981.012, 128
Trd, 8639981.079, 123
Trd, 8639981.179, 135
Trd, 8639981.446, 89
Trd, 8639981.912, 105
Trd, 8639982.779, 110
Trd, 8639982.912, 85
Trd, 8639983.179, 81
Trd, 8639983.312, 80
Trd, 8639983.579, 101
Trd, 8639984.012, 116
Trd, 8639984.712, 98
Trd, 8639985.846, 102
Trd, 8639985.879, 101
Trd, 8639986.179, 134
Trd, 8639987.379, 128
Trd, 8639987.712, 114
Trd, 8639987.746, 114
Trd, 8639988.012, 110
Trd, 8639988.479, 107
Trd, 8639988.546, 102
Trd, 8639989.479, 115
Trd, 8639989.979, 119
Trd, 8639990.046, 107
Trd, 8639990.646, 103
Trd, 8639991.412, 88
Trd, 8639993.246, 138
Trd, 8639993.612, 128
Trd, 8639993.812, 123
Trd, 8639993.879, 85
Trd, 8639994.279, 74
Trd, 8639994.812, 91
Trd, 8639994.846, 107
Trd, 8639995.979, 99
Trd, 8639996.212, 95
Trd, 8639996.579, 124
Trd, 8639996.746, 121
Trd, 8639998.079, 124
Trd, 8639998.446, 137
Trd, 8639998.812, 103
Trd, 8639999.079, 112
Trd, 8639999.146, 96
Trd, 8639999.846, 100
