Trd, 8638756.179, 140
Trd, 8638756.512, 103
Trd, 8638757.412, 140
Trd, 8638757.479, 140
Trd, 8638758.246, 140
Trd, 8638758.646, 140
Trd, 8638760.279, 140
Trd, 8638760.512, 140
Trd, 8638760.646, 140
Trd, 8638761.179, 140
Trd, 8638762.179, 140
Trd, 8638762.712, 140
Trd, 8638763.646, 140
Trd, 8638763.979, 140
Trd, 8638764.312, 140
Trd, 8638764.479, 140
Trd, 8638765.346, 140
Trd, 8638765.712, 140
Trd, 8638765.946, 140
Trd, 8638766.346, 140
Trd, 8638767.579, 140
Trd, 8638767.979, 140
Trd, 8638768.379, 140
Trd, 8638768.646, 140
Trd, 8638769.512, 139
Trd, 8638770.446, 140
Trd, 8638770.679, 140
Trd, 8638771.079, 140
Trd, 8638771.512, 140
Trd, 8638772.012, 140
Trd, 8638772.079, 140
Trd, 8638772.146, 140
Trd, 8638772.179, 117
Trd, 8638773.979, 140
Trd, 8638774.112, 140
Trd, 8638774.546, 140
Trd, 8638774.846, 139
Trd, 8638775.479, 138
Trd, 8638776.146, 140
Trd, 8638776.212, 97
Trd, 8638777.379, 106
Trd, 8638777.746, 60
Trd, 8638777.846, 60
Trd, 8638777.912, 60
Trd, 8638778.212, 60
Trd, 8638778.379, 60
Trd, 8638778.679, 68
Trd, 8638778.846, 62
Trd, 8638780.346, 65
Trd, 8638781.012, 60
Trd, 8638781.412, 60
Trd, 8638782.612, 60
Trd, 8638784.679, 60
Trd, 8638784.779, 60
Trd, 8638784.946, 60
Trd, 8638785.279, 60
Trd, 8638785.512, 60
Trd, 8638785.579, 60
Trd, 8638785.846, 60
Trd, 8638785.879, 60
Trd, 8638786.212, 60
Trd, 8638786.246, 60
Trd, 8638786.479, 60
Trd, 8638787.179, 60
Trd, 8638787.246, 60
Trd, 8638787.946, 60
Trd, 8638788.046, 60
Trd, 8638788.679, 60
Trd, 8638788.846, 60
Trd, 8638789.446, 60
Trd, 8638789.812, 60
Trd, 8638789.879, 60
Trd, 8638790.046, 60
Trd, 8638790.379, 61
Trd, 8638790.512, 63
Trd, 8638790.646, 60
Trd, 8638794.446, 60
Trd, 8638795.012, 60
Trd, 8638795.279, 60
Trd, 8638795.746, 60
Trd, 8638795.812, 60
Trd, 8638796.046, 60
Trd, 8638796.246, 60
Trd, 8638796.379, 60
Trd, 8638796.446, 60
Trd, 8638796.612, 62
Trd, 8638796.946, 63
Trd, 8638797.179, 62
Trd, 8638797.946, 60
Trd, 8638798.446, 60
Trd, 8638798.712, 60
Trd, 8638799.046, 66
Trd, 8638799.146, 62
Trd, 8638799.179, 60
Trd, 8638799.246, 113
Trd, 8638799.979, 61
Trd, 8638800.579, 66
Trd, 8638801.112, 68
Trd, 8638802.479, 140
Trd, 8638802.646, 140
Trd, 8638802.846, 140
Trd, 8638803.712, 136
Trd, 8638803.779, 139
Trd, 8638804.446, 140
Trd, 8638805.012, 140
Trd, 8638805.679, 140
Trd, 8638806.546, 140
Trd, 8638807.279, 140
Trd, 8638807.312, 140
Trd, 8638807.346, 140
Trd, 8638808.012, 140
Trd, 8638808.146, 140
Trd, 8638808.346, 140
Trd, 8638808.846, 140
Trd, 8638809.546, 140
Trd, 8638810.146, 140
Trd, 8638810.712, 140
Trd, 8638810.779, 140
Trd, 8638811.112, 140
Trd, 8638811.479, 140
Trd, 8638812.112, 140
Trd, 8638813.446, 140
Trd, 8638813.946, 140
Trd, 8638813.979, 140
Trd, 8638814.146, 140
Trd, 8638814.346, 140
Trd, 8638815.746, 140
Trd, 8638816.412, 140
Trd, 8638816.546, 140
Trd, 8638816.779, 140
Trd, 8638817.479, 140
Trd, 8638818.546, 140
Trd, 8638819.246, 140
Trd, 8638819.612, 140
Trd, 8638820.479, 140
Trd, 8638820.746, 140
Trd, 8638820.879, 138
Trd, 8638821.546, 140
Trd, 8638821.812, 140
Trd, 8638822.746, 140
Trd, 8638823.479, 140
Trd, 8638823.712, 140
Trd, 8638824.112, 140
Trd, 8638824.879, 140
Trd, 8638824.912, 139
Trd, 8638825.646, 140
Trd, 8638825.746, 140
Trd, 8638826.012, 113
Trd, 8638826.779, 140
Trd, 8638826.912, 140
Trd, 8638828.279, 140
Trd, 8638828.812, 140
Trd, 8638829.112, 140
Trd, 8638829.546, 140
Trd, 8638829.646, 140
Trd, 8638829.779, 140
Trd, 8638830.046, 129
Trd, 8638830.446, 137
Trd, 8638831.046, 138
Trd, 8638831.846, 131
Trd, 8638832.079, 131
Trd, 8638832.846, 138
Trd, 8638834.012, 140
Trd, 8638834.412, 140
Trd, 8638834.779, 140
Trd, 8638835.246, 140
Trd, 8638835.379, 140
Trd, 8638836.546, 140
Trd, 8638837.379, 140
Trd, 8638837.879, 140
Trd, 8638838.146, 140
Trd, 8638838.379, 140
Trd, 8638838.779, 140
Trd, 8638839.079, 140
Trd, 8638839.946, 140
Trd, 8638841.446, 140
Trd, 8638841.579, 140
Trd, 8638842.212, 140
Trd, 8638842.679, 140
Trd, 8638842.979, 140
Trd, 8638843.246, 140
Trd, 8638843.612, 140
Trd, 8638844.879, 140
Trd, 8638845.246, 140
Trd, 8638845.846, 140
Trd, 8638846.446, 140
Trd, 8638846.546, 140
Trd, 8638847.479, 140
Trd, 8638847.812, 140
Trd, 8638847.879, 140
Trd, 8638848.979, 140
Trd, 8638849.146, 140
Trd, 8638849.412, 140
Trd, 8638849.579, 140
Trd, 8638851.246, 140
Trd, 8638851.312, 140
Trd, 8638851.946, 140
Trd, 8638852.979, 140
Trd, 8638853.312, 140
Trd, 8638854.112, 140
Trd, 8638854.312, 140
Trd, 8638854.446, 140
Trd, 8638854.946, 140
Trd, 8638856.479, 140
Trd, 8638857.046, 140
Trd, 8638857.279, 140
Trd, 8638857.346, 140
Trd, 8638858.179, 140
Trd, 8638858.312, 140
Trd, 8638858.512, 140
Trd, 8638858.679, 140
Trd, 8638859.212, 140
Trd, 8638859.246, 140
Trd, 8638859.746, 140
Trd, 8638859.879, 138
Trd, 8638860.246, 140
Trd, 8638860.412, 139
Trd, 8638861.112, 139
Trd, 8638861.579, 123
Trd, 8638862.479, 140
Trd, 8638862.812, 128
Trd, 8638863.246, 98
Trd, 8638863.679, 138
Trd, 8638864.246, 131
Trd, 8638864.779, 132
Trd, 8638865.012, 131
Trd, 8638865.912, 132
Trd, 8638866.112, 132
Trd, 8638866.546, 134
Trd, 8638866.812, 137
Trd, 8638867.579, 138
Trd, 8638867.912, 139
Trd, 8638868.246, 137
Trd, 8638868.979, 140
Trd, 8638869.046, 140
Trd, 8638869.212, 140
Trd, 8638870.346, 140
Trd, 8638870.846, 140
Trd, 8638871.079, 140
Trd, 8638871.712, 140
Trd, 8638872.712, 140
Trd, 8638872.779, 140
Trd, 8638873.846, 140
Trd, 8638873.946, 140
Trd, 8638873.979, 140
Trd, 8638874.246, 140
Trd, 8638875.279, 140
Trd, 8638875.712, 140
Trd, 8638875.779, 140
Trd, 8638876.579, 140
Trd, 8638876.679, 140
Trd, 8638876.746, 140
Trd, 8638877.712, 140
Trd, 8638878.179, 140
Trd, 8638878.512, 140
Trd, 8638879.879, 140
Trd, 8638880.879, 140
Trd, 8638880.912, 140
Trd, 8638881.612, 140
Trd, 8638881.712, 140
Trd, 8638882.246, 140
Trd, 8638883.379, 140
Trd, 8638883.479, 140
Trd, 8638884.212, 140
Trd, 8638884.679, 140
Trd, 8638885.046, 140
Trd, 8638885.279, 140
Trd, 8638885.646, 140
Trd, 8638885.746, 139
Trd, 8638885.812, 140
Trd, 8638886.279, 137
Trd, 8638886.412, 114
Trd, 8638886.646, 140
Trd, 8638887.379, 140
Trd, 8638887.712, 139
Trd, 8638888.046, 139
Trd, 8638888.546, 139
Trd, 8638888.746, 139
Trd, 8638889.046, 126
Trd, 8638889.479, 139
Trd, 8638890.879, 71
Trd, 8638891.579, 75
Trd, 8638892.212, 80
Trd, 8638892.379, 140
Trd, 8638893.212, 140
Trd, 8638893.946, 140
Trd, 8638894.246, 140
Trd, 8638894.512, 140
Trd, 8638894.612, 140
Trd, 8638894.812, 140
Trd, 8638895.146, 140
Trd, 8638895.779, 140
Trd, 8638895.812, 140
Trd, 8638898.112, 140
Trd, 8638898.179, 140
Trd, 8638898.646, 140
Trd, 8638898.679, 140
Trd, 8638899.079, 140
Trd, 8638899.879, 140
Trd, 8638900.546, 140
Trd, 8638900.912, 140
Trd, 8638901.946, 140
Trd, 8638902.012, 140
Trd, 8638902.312, 140
Trd, 8638902.579, 140
Trd, 8638902.846, 140
Trd, 8638902.946, 139
Trd, 8638903.146, 140
Trd, 8638903.912, 139
Trd, 8638904.646, 140
Trd, 8638906.379, 140
Trd, 8638906.879, 140
Trd, 8638906.946, 140
Trd, 8638907.812, 140
Trd, 8638909.146, 140
Trd, 8638909.346, 140
Trd, 8638909.846, 140
Trd, 8638910.012, 140
Trd, 8638910.346, 140
Trd, 8638911.546, 140
Trd, 8638911.579, 140
Trd, 8638911.812, 140
Trd, 8638911.879, 140
Trd, 8638912.179, 140
Trd, 8638913.146, 140
Trd, 8638913.546, 140
Trd, 8638914.912, 140
Trd, 8638914.946, 140
Trd, 8638916.012, 140
Trd, 8638916.479, 140
Trd, 8638916.846, 140
Trd, 8638916.879, 140
Trd, 8638918.779, 140
Trd, 8638918.879, 140
Trd, 8638919.012, 140
Trd, 8638919.979, 140
Trd, 8638920.146, 140
Trd, 8638920.446, 140
Trd, 8638920.612, 140
Trd, 8638921.179, 140
Trd, 8638921.446, 140
Trd, 8638921.479, 140
Trd, 8638922.079, 140
Trd, 8638922.312, 140
Trd, 8638922.646, 140
Trd, 8638922.879, 140
Trd, 8638924.212, 140
Trd, 8638924.379, 140
Trd, 8638925.012, 140
Trd, 8638925.079, 139
Trd, 8638925.679, 140
Trd, 8638925.746, 105
Trd, 8638926.579, 140
Trd, 8638926.879, 111
Trd, 8638927.112, 127
Trd, 8638927.579, 139
Trd, 8638927.612, 113
Trd, 8638929.012, 140
Trd, 8638929.912, 140
Trd, 8638930.046, 140
Trd, 8638930.179, 140
Trd, 8638930.479, 140
Trd, 8638931.679, 140
Trd, 8638933.279, 140
Trd, 8638933.579, 140
Trd, 8638933.746, 140
Trd, 8638934.446, 140
Trd, 8638935.179, 140
Trd, 8638935.412, 140
Trd, 8638936.112, 140
Trd, 8638936.312, 140
Trd, 8638936.546, 140
Trd, 8638936.646, 140
Trd, 8638937.146, 140
Trd, 8638937.412, 140
Trd, 8638938.446, 140
Trd, 8638938.512, 140
Trd, 8638939.212, 140
Trd, 8638939.312, 139
Trd, 8638939.679, 140
Trd, 8638940.612, 140
Trd, 8638941.379, 140
Trd, 8638942.146, 140
Trd, 8638942.712, 140
Trd, 8638943.046, 140
Trd, 8638944.012, 140
Trd, 8638944.746, 140
Trd, 8638944.846, 140
Trd, 8638945.446, 140
Trd, 8638945.779, 140
Trd, 8638946.079, 140
Trd, 8638946.712, 140
Trd, 8638947.046, 140
Trd, 8638947.212, 140
Trd, 8638947.412, 140
Trd, 8638948.279, 140
Trd, 8638949.646, 140
Trd, 8638950.379, 140
Trd, 8638950.679, 140
Trd, 8638952.046, 140
Trd, 8638952.179, 140
Trd, 8638952.612, 140
Trd, 8638952.646, 140
Trd, 8638953.446, 140
Trd, 8638953.812, 140
Trd, 8638954.079, 140
Trd, 8638954.146, 140
Trd, 8638955.779, 140
Trd, 8638956.279, 140
Trd, 8638956.379, 140
Trd, 8638956.579, 140
Trd, 8638958.212, 140
Trd, 8638958.846, 140
Trd, 8638958.979, 140
Trd, 8638959.112, 140
Trd, 8638959.279, 140
Trd, 8638959.412, 140
Trd, 8638959.646, 140
Trd, 8638959.812, 140
Trd, 8638960.446, 140
Trd, 8638960.679, 140
Trd, 8638961.279, 140
Trd, 8638961.479, 139
Trd, 8638961.679, 138
Trd, 8638961.746, 138
Trd, 8638961.846, 130
Trd, 8638962.579, 140
Trd, 8638963.212, 111
Trd, 8638963.379, 139
Trd, 8638963.412, 110
Trd, 8638963.646, 99
Trd, 8638963.979, 140
Trd, 8638964.579, 139
Trd, 8638965.512, 112
Trd, 8638966.346, 138
Trd, 8638966.846, 138
Trd, 8638966.912, 137
Trd, 8638967.012, 134
Trd, 8638969.379, 60
Trd, 8638969.479, 60
Trd, 8638969.746, 60
Trd, 8638969.979, 60
Trd, 8638970.179, 60
Trd, 8638970.279, 60
Trd, 8638970.746, 64
Trd, 8638970.979, 65
Trd, 8638971.046, 70
Trd, 8638971.112, 70
Trd, 8638971.279, 65
Trd, 8638971.612, 70
Trd, 8638971.879, 63
Trd, 8638972.012, 78
Trd, 8638972.446, 64
Trd, 8638972.712, 62
Trd, 8638973.012, 60
Trd, 8638973.179, 69
Trd, 8638973.779, 62
Trd, 8638976.812, 60
Trd, 8638978.812, 60
Trd, 8638978.879, 60
Trd, 8638979.079, 60
Trd, 8638979.312, 60
Trd, 8638979.679, 60
Trd, 8638979.746, 60
Trd, 8638979.912, 60
Trd, 8638979.946, 60
Trd, 8638980.179, 61
Trd, 8638980.212, 61
Trd, 8638980.246, 60
Trd, 8638980.379, 61
Trd, 8638981.279, 60
Trd, 8638981.612, 61
Trd, 8638981.846, 63
Trd, 8638982.246, 67
Trd, 8638982.912, 64
Trd, 8638983.079, 65
Trd, 8638983.546, 63
Trd, 8638984.012, 64
Trd, 8638984.179, 66
Trd, 8638984.479, 66
Trd, 8638984.812, 65
Trd, 8638985.046, 67
Trd, 8638985.246, 67
Trd, 8638986.846, 140
Trd, 8638987.712, 140
Trd, 8638988.079, 140
Trd, 8638988.346, 140
Trd, 8638988.679, 140
Trd, 8638989.312, 140
Trd, 8638990.012, 140
Trd, 8638990.112, 140
Trd, 8638990.746, 140
Trd, 8638990.846, 140
Trd, 8638991.579, 140
Trd, 8638992.679, 140
Trd, 8638992.812, 140
Trd, 8638993.612, 140
Trd, 8638993.846, 140
Trd, 8638994.679, 140
Trd, 8638995.779, 140
Trd, 8638996.379, 140
Trd, 8638997.012, 140
Trd, 8638997.879, 140
Trd, 8638997.912, 140
Trd, 8638998.012, 140
Trd, 8638998.079, 140
Trd, 8638999.012, 140
Trd, 8638999.246, 140
Trd, 8638999.779, 140
Trd, 8639000.912, 140
Trd, 8639001.212, 140
Trd, 8639002.046, 140
Trd, 8639003.812, 140
Trd, 8639004.712, 140
Trd, 8639005.146, 140
Trd, 8639005.412, 140
Trd, 8639006.012, 140
Trd, 8639006.112, 140
Trd, 8639006.579, 140
Trd, 8639006.612, 140
Trd, 8639006.879, 140
Trd, 8639007.479, 140
Trd, 8639007.612, 140
Trd, 8639007.979, 137
Trd, 8639008.279, 138
Trd, 8639008.712, 139
Trd, 8639010.479, 140
Trd, 8639010.612, 140
Trd, 8639011.446, 140
Trd, 8639011.912, 140
Trd, 8639012.812, 140
Trd, 8639013.146, 140
Trd, 8639013.212, 140
Trd, 8639013.646, 140
Trd, 8639014.879, 140
Trd, 8639014.979, 140
Trd, 8639015.012, 140
Trd, 8639016.179, 140
Trd, 8639016.246, 140
Trd, 8639016.312, 140
Trd, 8639016.546, 140
Trd, 8639017.046, 140
Trd, 8639017.279, 140
Trd, 8639017.312, 140
Trd, 8639018.179, 140
Trd, 8639018.279, 140
Trd, 8639018.346, 140
Trd, 8639019.379, 140
Trd, 8639020.446, 140
Trd, 8639020.612, 140
Trd, 8639021.312, 140
Trd, 8639021.346, 140
Trd, 8639021.512, 140
Trd, 8639021.579, 140
Trd, 8639021.912, 140
Trd, 8639022.112, 140
Trd, 8639022.812, 140
Trd, 8639024.346, 140
Trd, 8639024.479, 140
Trd, 8639025.946, 140
Trd, 8639026.112, 140
Trd, 8639026.212, 140
Trd, 8639026.346, 140
Trd, 8639026.412, 140
Trd, 8639026.779, 137
Trd, 8639026.946, 138
Trd, 8639027.312, 127
Trd, 8639027.646, 129
Trd, 8639028.979, 66
Trd, 8639029.079, 67
Trd, 8639030.379, 60
Trd, 8639030.479, 60
Trd, 8639030.812, 60
Trd, 8639030.946, 61
Trd, 8639031.246, 61
Trd, 8639031.479, 63
Trd, 8639031.779, 65
Trd, 8639031.812, 63
Trd, 8639031.979, 66
Trd, 8639032.112, 63
Trd, 8639032.312, 67
Trd, 8639033.646, 60
Trd, 8639034.112, 60
Trd, 8639034.312, 61
Trd, 8639034.479, 60
Trd, 8639034.579, 61
Trd, 8639034.612, 62
Trd, 8639035.379, 60
Trd, 8639036.112, 66
Trd, 8639036.346, 66
Trd, 8639036.412, 64
Trd, 8639036.579, 63
Trd, 8639036.779, 62
Trd, 8639038.046, 60
Trd, 8639039.946, 60
Trd, 8639040.379, 60
Trd, 8639040.446, 60
Trd, 8639040.479, 60
Trd, 8639041.612, 60
Trd, 8639043.146, 60
Trd, 8639043.179, 60
Trd, 8639043.379, 60
Trd, 8639043.612, 60
Trd, 8639043.779, 60
Trd, 8639044.246, 68
Trd, 8639044.412, 61
Trd, 8639044.646, 62
Trd, 8639045.046, 62
Trd, 8639045.579, 62
Trd, 8639045.679, 63
Trd, 8639045.746, 64
Trd, 8639046.146, 64
Trd, 8639046.679, 60
Trd, 8639046.846, 60
Trd, 8639047.712, 60
Trd, 8639047.746, 61
Trd, 8639048.846, 60
Trd, 8639049.112, 60
Trd, 8639049.312, 60
Trd, 8639049.446, 62
Trd, 8639049.846, 63
Trd, 8639050.079, 65
Trd, 8639050.279, 64
Trd, 8639050.412, 86
Trd, 8639050.746, 62
Trd, 8639051.112, 61
Trd, 8639051.612, 66
Trd, 8639052.479, 139
Trd, 8639053.012, 69
Trd, 8639053.279, 69
Trd, 8639054.079, 124
Trd, 8639054.279, 123
Trd, 8639054.579, 122
Trd, 8639055.112, 140
Trd, 8639055.212, 140
Trd, 8639057.312, 140
Trd, 8639057.446, 140
Trd, 8639057.579, 139
Trd, 8639058.512, 140
Trd, 8639058.779, 140
Trd, 8639059.546, 140
Trd, 8639059.746, 139
Trd, 8639059.946, 129
Trd, 8639060.379, 140
Trd, 8639060.479, 140
Trd, 8639061.579, 140
Trd, 8639061.979, 140
Trd, 8639062.212, 140
Trd, 8639062.379, 140
Trd, 8639063.512, 140
Trd, 8639064.746, 140
Trd, 8639064.979, 140
Trd, 8639065.846, 140
Trd, 8639065.879, 140
Trd, 8639065.979, 140
Trd, 8639066.346, 140
Trd, 8639067.446, 140
Trd, 8639067.579, 140
Trd, 8639068.379, 140
Trd, 8639069.279, 140
Trd, 8639069.779, 140
Trd, 8639070.512, 140
Trd, 8639071.012, 140
Trd, 8639071.079, 140
Trd, 8639071.512, 140
Trd, 8639071.879, 140
Trd, 8639072.412, 140
Trd, 8639074.079, 140
Trd, 8639074.146, 140
Trd, 8639074.712, 140
Trd, 8639074.946, 140
Trd, 8639075.179, 140
Trd, 8639075.546, 140
Trd, 8639075.846, 140
Trd, 8639076.546, 140
Trd, 8639076.646, 140
Trd, 8639077.012, 140
Trd, 8639077.179, 140
Trd, 8639078.079, 140
Trd, 8639078.212, 140
Trd, 8639078.312, 140
Trd, 8639079.312, 140
Trd, 8639079.412, 140
Trd, 8639079.446, 139
Trd, 8639079.712, 79
Trd, 8639080.079, 139
Trd, 8639080.412, 139
Trd, 8639080.512, 140
Trd, 8639080.546, 139
Trd, 8639080.579, 135
Trd, 8639081.646, 138
Trd, 8639082.912, 140
Trd, 8639083.512, 140
Trd, 8639083.912, 140
Trd, 8639084.112, 140
Trd, 8639085.079, 140
Trd, 8639085.679, 140
Trd, 8639086.146, 140
Trd, 8639086.179, 140
Trd, 8639086.779, 140
Trd, 8639086.912, 140
Trd, 8639088.912, 140
Trd, 8639089.046, 140
Trd, 8639089.746, 140
Trd, 8639090.312, 140
Trd, 8639090.446, 140
Trd, 8639090.979, 140
Trd, 8639091.279, 140
Trd, 8639091.712, 140
Trd, 8639092.279, 140
Trd, 8639092.746, 140
Trd, 8639093.312, 140
Trd, 8639094.046, 140
Trd, 8639094.379, 140
Trd, 8639095.046, 140
Trd, 8639095.079, 140
Trd, 8639095.246, 140
Trd, 8639095.712, 140
Trd, 8639096.546, 140
Trd, 8639096.812, 140
Trd, 8639096.912, 140
Trd, 8639099.379, 140
Trd, 8639099.446, 140
Trd, 8639099.579, 140
Trd, 8639100.546, 140
Trd, 8639100.846, 140
Trd, 8639101.046, 140
Trd, 8639102.212, 140
Trd, 8639102.546, 140
Trd, 8639102.912, 140
Trd, 8639103.112, 140
Trd, 8639103.846, 140
Trd, 8639104.779, 140
Trd, 8639105.312, 140
Trd, 8639105.979, 140
Trd, 8639106.212, 140
Trd, 8639106.246, 140
Trd, 8639107.579, 140
Trd, 8639107.646, 140
Trd, 8639108.079, 140
Trd, 8639108.346, 140
Trd, 8639108.679, 140
Trd, 8639109.279, 140
Trd, 8639109.679, 140
Trd, 8639109.812, 140
Trd, 8639109.979, 140
Trd, 8639110.479, 140
Trd, 8639111.512, 140
Trd, 8639112.246, 140
Trd, 8639112.612, 140
Trd, 8639113.212, 140
Trd, 8639113.612, 140
Trd, 8639114.346, 140
Trd, 8639114.479, 140
Trd, 8639114.646, 140
Trd, 8639115.846, 140
Trd, 8639115.946, 140
Trd, 8639116.246, 140
Trd, 8639116.446, 140
Trd, 8639116.512, 140
Trd, 8639116.646, 140
Trd, 8639116.846, 138
Trd, 8639117.912, 140
Trd, 8639118.279, 139
Trd, 8639118.412, 140
Trd, 8639119.179, 138
Trd, 8639120.679, 118
Trd, 8639121.112, 140
Trd, 8639121.279, 140
Trd, 8639122.146, 140
Trd, 8639122.679, 140
Trd, 8639122.779, 140
Trd, 8639123.112, 140
Trd, 8639123.979, 140
Trd, 8639124.846, 140
Trd, 8639125.012, 140
Trd, 8639125.446, 140
Trd, 8639125.612, 140
Trd, 8639126.079, 140
Trd, 8639126.512, 139
Trd, 8639127.146, 140
Trd, 8639128.512, 140
Trd, 8639129.346, 140
Trd, 8639129.712, 140
Trd, 8639130.079, 137
Trd, 8639131.779, 140
Trd, 8639131.946, 140
Trd, 8639132.279, 140
Trd, 8639132.979, 140
Trd, 8639133.046, 140
Trd, 8639133.379, 140
Trd, 8639133.846, 139
Trd, 8639134.379, 127
Trd, 8639134.479, 125
Trd, 8639136.012, 140
Trd, 8639136.612, 140
Trd, 8639136.812, 140
Trd, 8639137.346, 140
Trd, 8639138.712, 140
Trd, 8639138.846, 140
Trd, 8639139.712, 140
Trd, 8639139.779, 140
Trd, 8639139.979, 140
Trd, 8639140.446, 140
Trd, 8639141.812, 140
Trd, 8639141.979, 140
Trd, 8639142.046, 140
Trd, 8639142.346, 140
Trd, 8639143.079, 140
Trd, 8639143.146, 140
Trd, 8639143.412, 140
Trd, 8639143.646, 140
Trd, 8639144.112, 140
Trd, 8639144.579, 140
Trd, 8639144.646, 140
Trd, 8639145.412, 139
Trd, 8639145.779, 138
Trd, 8639146.412, 140
Trd, 8639146.446, 140
Trd, 8639146.746, 140
Trd, 8639147.179, 138
Trd, 8639147.412, 139
Trd, 8639147.946, 140
Trd, 8639148.012, 139
Trd, 8639149.746, 140
Trd, 8639149.912, 140
Trd, 8639150.279, 140
Trd, 8639150.879, 140
Trd, 8639151.846, 140
Trd, 8639152.479, 140
Trd, 8639152.712, 140
Trd, 8639152.879, 140
Trd, 8639153.012, 139
Trd, 8639154.046, 138
Trd, 8639155.246, 140
Trd, 8639155.412, 140
Trd, 8639156.146, 140
Trd, 8639156.412, 140
Trd, 8639156.646, 140
Trd, 8639156.746, 140
Trd, 8639157.046, 140
Trd, 8639158.146, 140
Trd, 8639159.046, 140
Trd, 8639159.346, 140
Trd, 8639160.046, 140
Trd, 8639161.779, 140
Trd, 8639161.979, 140
Trd, 8639162.279, 140
Trd, 8639162.579, 140
Trd, 8639163.112, 140
Trd, 8639163.312, 140
Trd, 8639163.746, 140
Trd, 8639163.846, 140
Trd, 8639164.412, 140
Trd, 8639164.746, 140
Trd, 8639165.046, 140
Trd, 8639165.212, 140
Trd, 8639166.279, 140
Trd, 8639166.746, 140
Trd, 8639167.046, 140
Trd, 8639168.712, 140
Trd, 8639168.746, 140
Trd, 8639169.046, 140
Trd, 8639169.146, 140
Trd, 8639169.279, 140
Trd, 8639169.946, 140
Trd, 8639170.379, 139
Trd, 8639170.612, 139
Trd, 8639171.012, 132
Trd, 8639171.046, 136
Trd, 8639172.112, 124
Trd, 8639172.246, 100
Trd, 8639172.379, 123
Trd, 8639172.746, 100
Trd, 8639172.912, 125
Trd, 8639173.012, 100
Trd, 8639173.879, 103
Trd, 8639174.646, 140
Trd, 8639174.912, 140
Trd, 8639175.046, 139
Trd, 8639175.179, 135
Trd, 8639176.179, 140
Trd, 8639176.346, 139
Trd, 8639177.679, 140
Trd, 8639177.812, 140
Trd, 8639178.012, 140
Trd, 8639178.312, 134
Trd, 8639178.479, 133
Trd, 8639179.879, 139
Trd, 8639180.412, 140
Trd, 8639180.579, 140
Trd, 8639180.612, 140
Trd, 8639180.912, 137
Trd, 8639183.312, 140
Trd, 8639183.379, 140
Trd, 8639183.412, 140
Trd, 8639183.912, 140
Trd, 8639184.546, 140
Trd, 8639185.046, 140
Trd, 8639185.179, 140
Trd, 8639186.112, 140
Trd, 8639186.612, 140
Trd, 8639186.912, 140
Trd, 8639188.912, 140
Trd, 8639188.946, 140
Trd, 8639189.446, 140
Trd, 8639189.679, 140
Trd, 8639190.346, 140
Trd, 8639190.446, 140
Trd, 8639191.046, 140
Trd, 8639192.212, 140
Trd, 8639192.346, 140
Trd, 8639192.379, 140
Trd, 8639193.079, 140
Trd, 8639193.512, 140
Trd, 8639193.779, 140
Trd, 8639194.312, 140
Trd, 8639194.712, 140
Trd, 8639195.379, 140
Trd, 8639195.779, 140
Trd, 8639195.846, 140
Trd, 8639197.846, 140
Trd, 8639197.946, 140
Trd, 8639198.012, 140
Trd, 8639198.379, 140
Trd, 8639198.546, 140
Trd, 8639199.146, 140
Trd, 8639199.512, 140
Trd, 8639200.512, 140
Trd, 8639201.979, 140
Trd, 8639202.412, 140
Trd, 8639202.879, 140
Trd, 8639203.046, 140
Trd, 8639203.579, 140
Trd, 8639203.779, 140
Trd, 8639204.179, 140
Trd, 8639204.246, 140
Trd, 8639205.512, 140
Trd, 8639205.879, 140
Trd, 8639206.212, 140
Trd, 8639206.646, 140
Trd, 8639206.812, 140
Trd, 8639207.712, 140
Trd, 8639207.912, 140
Trd, 8639208.379, 140
Trd, 8639208.412, 140
Trd, 8639209.046, 140
Trd, 8639209.312, 140
Trd, 8639209.646, 140
Trd, 8639210.179, 140
Trd, 8639210.912, 140
Trd, 8639210.946, 140
Trd, 8639211.412, 140
Trd, 8639211.479, 140
Trd, 8639211.512, 140
Trd, 8639211.579, 139
Trd, 8639212.712, 138
Trd, 8639212.812, 137
Trd, 8639213.712, 140
Trd, 8639213.912, 140
Trd, 8639214.579, 140
Trd, 8639215.512, 140
Trd, 8639215.879, 140
Trd, 8639216.512, 140
Trd, 8639217.246, 140
Trd, 8639217.512, 140
Trd, 8639217.646, 140
Trd, 8639218.879, 140
Trd, 8639219.179, 140
Trd, 8639219.246, 140
Trd, 8639219.279, 140
Trd, 8639219.846, 140
Trd, 8639220.112, 140
Trd, 8639220.179, 140
Trd, 8639220.846, 140
Trd, 8639222.312, 140
Trd, 8639222.679, 140
Trd, 8639223.279, 140
Trd, 8639224.279, 140
Trd, 8639224.379, 140
Trd, 8639224.712, 140
Trd, 8639224.912, 140
Trd, 8639225.346, 140
Trd, 8639225.846, 140
Trd, 8639226.579, 140
Trd, 8639227.112, 140
Trd, 8639227.679, 140
Trd, 8639228.446, 140
Trd, 8639228.479, 140
Trd, 8639229.646, 140
Trd, 8639229.779, 140
Trd, 8639230.046, 140
Trd, 8639230.946, 140
Trd, 8639231.012, 140
Trd, 8639231.279, 140
Trd, 8639231.412, 140
Trd, 8639232.879, 140
Trd, 8639232.912, 140
Trd, 8639233.079, 140
Trd, 8639233.379, 140
Trd, 8639233.512, 140
Trd, 8639233.746, 140
Trd, 8639234.146, 140
Trd, 8639234.279, 140
Trd, 8639234.346, 140
Trd, 8639234.746, 139
Trd, 8639234.879, 119
Trd, 8639235.146, 111
Trd, 8639237.412, 140
Trd, 8639237.946, 140
Trd, 8639238.012, 140
Trd, 8639238.412, 140
Trd, 8639238.579, 140
Trd, 8639238.879, 140
Trd, 8639239.079, 140
Trd, 8639239.712, 140
Trd, 8639239.779, 140
Trd, 8639240.346, 140
Trd, 8639240.746, 140
Trd, 8639241.146, 140
Trd, 8639241.779, 140
Trd, 8639242.979, 140
Trd, 8639243.212, 140
Trd, 8639243.879, 140
Trd, 8639244.479, 140
Trd, 8639245.412, 140
Trd, 8639246.012, 140
Trd, 8639246.312, 140
Trd, 8639247.879, 140
Trd, 8639248.212, 140
Trd, 8639248.646, 140
Trd, 8639249.712, 140
Trd, 8639249.812, 140
Trd, 8639251.012, 140
Trd, 8639251.146, 140
Trd, 8639251.179, 140
Trd, 8639251.379, 140
Trd, 8639251.779, 140
Trd, 8639252.446, 140
Trd, 8639253.346, 140
Trd, 8639253.812, 140
Trd, 8639254.312, 140
Trd, 8639254.412, 140
Trd, 8639255.679, 140
Trd, 8639256.479, 140
Trd, 8639256.646, 140
Trd, 8639256.746, 140
Trd, 8639257.179, 140
Trd, 8639257.246, 140
Trd, 8639257.579, 140
Trd, 8639258.979, 140
Trd, 8639259.512, 140
Trd, 8639260.079, 140
Trd, 8639260.479, 140
Trd, 8639260.512, 140
Trd, 8639261.012, 140
Trd, 8639261.212, 140
Trd, 8639261.512, 140
Trd, 8639262.412, 140
Trd, 8639262.512, 140
Trd, 8639262.712, 140
Trd, 8639263.912, 140
Trd, 8639264.246, 140
Trd, 8639264.879, 140
Trd, 8639265.112, 140
Trd, 8639265.746, 140
Trd, 8639265.779, 140
Trd, 8639265.879, 140
Trd, 8639266.146, 136
Trd, 8639266.446, 121
Trd, 8639266.679, 140
Trd, 8639266.979, 140
Trd, 8639267.512, 140
Trd, 8639267.579, 139
Trd, 8639268.146, 133
Trd, 8639268.812, 139
Trd, 8639269.012, 126
Trd, 8639269.912, 136
Trd, 8639270.012, 109
Trd, 8639270.646, 111
Trd, 8639270.712, 110
Trd, 8639271.046, 109
Trd, 8639271.812, 113
Trd, 8639272.046, 107
Trd, 8639272.312, 79
Trd, 8639272.446, 131
Trd, 8639272.612, 132
Trd, 8639273.146, 61
Trd, 8639274.046, 130
Trd, 8639274.179, 129
Trd, 8639274.346, 128
Trd, 8639274.746, 129
Trd, 8639275.012, 128
Trd, 8639275.512, 74
Trd, 8639275.546, 70
Trd, 8639275.946, 125
Trd, 8639277.479, 60
Trd, 8639278.412, 60
Trd, 8639279.712, 60
Trd, 8639279.779, 60
Trd, 8639279.912, 60
Trd, 8639279.979, 61
Trd, 8639280.046, 60
Trd, 8639280.212, 61
Trd, 8639280.379, 62
Trd, 8639280.846, 61
Trd, 8639280.912, 62
Trd, 8639281.179, 62
Trd, 8639281.379, 64
Trd, 8639281.812, 62
Trd, 8639283.979, 60
Trd, 8639285.179, 60
Trd, 8639285.879, 60
Trd, 8639286.679, 60
Trd, 8639286.946, 60
Trd, 8639287.446, 60
Trd, 8639287.546, 60
Trd, 8639287.646, 60
Trd, 8639287.679, 62
Trd, 8639288.112, 63
Trd, 8639288.379, 64
Trd, 8639288.579, 62
Trd, 8639288.946, 60
Trd, 8639289.712, 61
Trd, 8639289.946, 60
Trd, 8639291.146, 60
Trd, 8639291.512, 60
Trd, 8639291.612, 60
Trd, 8639291.779, 60
Trd, 8639292.079, 60
Trd, 8639292.379, 61
Trd, 8639292.646, 61
Trd, 8639292.812, 60
Trd, 8639292.946, 62
Trd, 8639293.746, 60
Trd, 8639294.612, 60
Trd, 8639294.912, 60
Trd, 8639295.346, 60
Trd, 8639295.546, 60
Trd, 8639296.012, 62
Trd, 8639296.046, 63
Trd, 8639296.879, 60
Trd, 8639298.412, 60
Trd, 8639298.446, 60
Trd, 8639298.646, 60
Trd, 8639299.146, 60
Trd, 8639299.646, 60
Trd, 8639300.212, 60
Trd, 8639300.679, 60
Trd, 8639302.446, 60
Trd, 8639302.979, 60
Trd, 8639303.112, 60
Trd, 8639303.179, 60
Trd, 8639303.512, 60
Trd, 8639303.779, 60
Trd, 8639303.879, 60
Trd, 8639303.979, 61
Trd, 8639304.012, 61
Trd, 8639304.479, 67
Trd, 8639304.812, 61
Trd, 8639305.312, 60
Trd, 8639305.446, 60
Trd, 8639305.679, 62
Trd, 8639306.079, 60
Trd, 8639306.379, 60
Trd, 8639307.012, 60
Trd, 8639307.512, 61
Trd, 8639307.546, 61
Trd, 8639308.346, 60
Trd, 8639309.179, 60
Trd, 8639309.646, 60
Trd, 8639309.846, 60
Trd, 8639310.112, 60
Trd, 8639310.279, 60
Trd, 8639310.312, 61
Trd, 8639310.646, 61
Trd, 8639311.546, 63
Trd, 8639311.812, 63
Trd, 8639312.912, 60
Trd, 8639313.479, 61
Trd, 8639313.912, 61
Trd, 8639314.546, 60
Trd, 8639315.979, 60
Trd, 8639316.146, 60
Trd, 8639316.779, 60
Trd, 8639316.879, 60
Trd, 8639316.912, 60
Trd, 8639316.979, 60
Trd, 8639317.646, 61
Trd, 8639317.912, 62
Trd, 8639317.946, 62
Trd, 8639318.046, 64
Trd, 8639318.212, 64
Trd, 8639318.579, 63
Trd, 8639321.879, 60
Trd, 8639322.112, 60
Trd, 8639322.646, 60
Trd, 8639322.679, 60
Trd, 8639323.179, 60
Trd, 8639323.746, 63
Trd, 8639324.212, 64
Trd, 8639324.612, 61
Trd, 8639324.879, 65
Trd, 8639324.979, 64
Trd, 8639325.079, 63
Trd, 8639325.346, 62
Trd, 8639326.179, 60
Trd, 8639327.046, 60
Trd, 8639327.279, 60
Trd, 8639327.412, 60
Trd, 8639327.779, 61
Trd, 8639328.012, 64
Trd, 8639328.512, 64
Trd, 8639328.679, 64
Trd, 8639328.946, 61
Trd, 8639329.612, 62
Trd, 8639329.846, 62
Trd, 8639329.979, 64
Trd, 8639330.946, 60
Trd, 8639331.446, 60
Trd, 8639332.379, 60
Trd, 8639332.946, 62
Trd, 8639333.112, 62
Trd, 8639333.312, 62
Trd, 8639333.346, 61
Trd, 8639333.979, 63
Trd, 8639334.046, 63
Trd, 8639334.112, 62
Trd, 8639334.379, 61
Trd, 8639335.546, 140
Trd, 8639335.679, 140
Trd, 8639336.346, 140
Trd, 8639336.679, 140
Trd, 8639337.146, 140
Trd, 8639337.479, 140
Trd, 8639337.512, 139
Trd, 8639338.112, 110
Trd, 8639338.679, 78
Trd, 8639338.779, 125
Trd, 8639340.279, 140
Trd, 8639340.479, 140
Trd, 8639341.246, 140
Trd, 8639341.479, 140
Trd, 8639341.979, 140
Trd, 8639343.079, 140
Trd, 8639344.079, 140
Trd, 8639344.279, 140
Trd, 8639344.979, 140
Trd, 8639345.279, 140
Trd, 8639346.712, 140
Trd, 8639346.912, 140
Trd, 8639346.979, 140
Trd, 8639347.912, 140
Trd, 8639348.179, 140
Trd, 8639348.346, 140
Trd, 8639348.712, 140
Trd, 8639349.246, 140
Trd, 8639349.312, 140
Trd, 8639349.646, 140
Trd, 8639350.446, 140
Trd, 8639350.679, 140
Trd, 8639352.179, 140
Trd, 8639352.212, 140
Trd, 8639352.279, 140
Trd, 8639353.612, 140
Trd, 8639353.879, 140
Trd, 8639354.212, 140
Trd, 8639354.379, 140
Trd, 8639354.412, 140
Trd, 8639354.646, 139
Trd, 8639356.046, 140
Trd, 8639356.146, 140
Trd, 8639357.346, 140
Trd, 8639357.379, 140
Trd, 8639357.846, 140
Trd, 8639357.979, 140
Trd, 8639358.146, 140
Trd, 8639358.179, 139
Trd, 8639358.612, 140
Trd, 8639359.412, 140
Trd, 8639359.579, 140
Trd, 8639359.846, 140
Trd, 8639359.946, 140
Trd, 8639360.079, 140
Trd, 8639361.312, 60
Trd, 8639362.646, 60
Trd, 8639362.912, 60
Trd, 8639363.046, 61
Trd, 8639363.479, 61
Trd, 8639363.946, 60
Trd, 8639364.212, 60
Trd, 8639364.312, 60
Trd, 8639364.346, 60
Trd, 8639364.879, 61
Trd, 8639364.979, 62
Trd, 8639365.146, 61
Trd, 8639365.512, 61
Trd, 8639365.712, 63
Trd, 8639366.446, 60
Trd, 8639367.146, 60
Trd, 8639367.612, 62
Trd, 8639368.012, 60
Trd, 8639368.779, 60
Trd, 8639370.646, 60
Trd, 8639371.246, 60
Trd, 8639372.046, 60
Trd, 8639372.446, 60
Trd, 8639372.479, 60
Trd, 8639372.846, 60
Trd, 8639372.912, 60
Trd, 8639372.979, 60
Trd, 8639373.079, 61
Trd, 8639373.246, 66
Trd, 8639375.912, 60
Trd, 8639376.212, 60
Trd, 8639376.246, 60
Trd, 8639376.346, 60
Trd, 8639376.379, 60
Trd, 8639376.746, 60
Trd, 8639376.946, 60
Trd, 8639377.079, 61
Trd, 8639377.612, 60
Trd, 8639377.946, 60
Trd, 8639378.112, 61
Trd, 8639378.246, 61
Trd, 8639378.512, 61
Trd, 8639379.012, 61
Trd, 8639380.012, 64
Trd, 8639380.279, 66
Trd, 8639380.446, 66
Trd, 8639380.579, 65
Trd, 8639381.146, 65
Trd, 8639381.512, 60
Trd, 8639382.446, 60
Trd, 8639383.279, 60
Trd, 8639383.346, 60
Trd, 8639384.179, 60
Trd, 8639385.079, 60
Trd, 8639385.512, 61
Trd, 8639385.679, 61
Trd, 8639385.746, 62
Trd, 8639385.912, 61
Trd, 8639385.946, 62
Trd, 8639386.012, 64
Trd, 8639386.379, 65
Trd, 8639386.812, 66
Trd, 8639386.979, 65
Trd, 8639387.346, 65
Trd, 8639387.379, 63
Trd, 8639387.546, 71
Trd, 8639390.546, 60
Trd, 8639390.612, 60
Trd, 8639391.212, 60
Trd, 8639391.912, 60
Trd, 8639393.246, 60
Trd, 8639393.346, 60
Trd, 8639393.446, 61
Trd, 8639393.512, 61
Trd, 8639393.646, 62
Trd, 8639394.012, 61
Trd, 8639394.379, 64
Trd, 8639394.546, 61
Trd, 8639395.479, 60
Trd, 8639396.112, 60
Trd, 8639397.012, 60
Trd, 8639397.246, 60
Trd, 8639397.346, 65
Trd, 8639397.912, 61
Trd, 8639399.046, 62
Trd, 8639400.079, 60
Trd, 8639401.012, 60
Trd, 8639401.212, 60
Trd, 8639401.412, 60
Trd, 8639401.446, 60
Trd, 8639401.512, 60
Trd, 8639401.546, 60
Trd, 8639401.612, 61
Trd, 8639401.812, 62
Trd, 8639401.979, 61
Trd, 8639403.479, 62
Trd, 8639403.546, 63
Trd, 8639403.579, 66
Trd, 8639404.512, 68
Trd, 8639405.179, 66
Trd, 8639405.746, 140
Trd, 8639406.246, 140
Trd, 8639406.412, 140
Trd, 8639406.512, 140
Trd, 8639407.412, 140
Trd, 8639407.446, 140
Trd, 8639408.112, 140
Trd, 8639408.246, 140
Trd, 8639408.446, 140
Trd, 8639409.479, 140
Trd, 8639410.012, 140
Trd, 8639410.246, 140
Trd, 8639410.712, 140
Trd, 8639411.579, 140
Trd, 8639411.612, 140
Trd, 8639413.012, 140
Trd, 8639413.212, 140
Trd, 8639413.312, 140
Trd, 8639413.579, 140
Trd, 8639413.879, 140
Trd, 8639415.612, 140
Trd, 8639416.279, 140
Trd, 8639416.346, 140
Trd, 8639417.246, 140
Trd, 8639417.546, 140
Trd, 8639417.879, 140
Trd, 8639418.346, 140
Trd, 8639418.646, 140
Trd, 8639418.779, 140
Trd, 8639418.879, 140
Trd, 8639420.612, 140
Trd, 8639421.379, 140
Trd, 8639422.546, 140
Trd, 8639423.179, 140
Trd, 8639423.946, 140
Trd, 8639423.979, 140
Trd, 8639424.112, 140
Trd, 8639424.979, 140
Trd, 8639425.679, 140
Trd, 8639426.112, 140
Trd, 8639426.279, 140
Trd, 8639426.846, 140
Trd, 8639427.279, 140
Trd, 8639428.779, 140
Trd, 8639428.846, 140
Trd, 8639428.912, 140
Trd, 8639428.946, 140
Trd, 8639429.179, 140
Trd, 8639429.712, 140
Trd, 8639431.612, 140
Trd, 8639431.746, 140
Trd, 8639432.546, 140
Trd, 8639432.846, 140
Trd, 8639433.179, 140
Trd, 8639433.979, 140
Trd, 8639434.446, 140
Trd, 8639435.379, 140
Trd, 8639435.812, 140
Trd, 8639436.046, 140
Trd, 8639436.112, 140
Trd, 8639436.212, 140
Trd, 8639436.312, 140
Trd, 8639436.979, 140
Trd, 8639437.179, 140
Trd, 8639437.246, 140
Trd, 8639437.546, 140
Trd, 8639437.579, 140
Trd, 8639437.912, 140
Trd, 8639438.346, 140
Trd, 8639438.612, 140
Trd, 8639439.746, 140
Trd, 8639440.012, 140
Trd, 8639440.446, 140
Trd, 8639441.146, 140
Trd, 8639441.979, 140
Trd, 8639442.446, 140
Trd, 8639442.712, 140
Trd, 8639444.146, 140
Trd, 8639444.346, 140
Trd, 8639444.579, 140
Trd, 8639444.946, 140
Trd, 8639445.146, 140
Trd, 8639445.546, 140
Trd, 8639446.279, 140
Trd, 8639446.846, 140
Trd, 8639447.046, 140
Trd, 8639447.312, 140
Trd, 8639447.546, 140
Trd, 8639447.879, 140
Trd, 8639448.846, 140
Trd, 8639449.179, 140
Trd, 8639449.546, 140
Trd, 8639449.946, 140
Trd, 8639450.279, 140
Trd, 8639450.546, 140
Trd, 8639452.646, 140
Trd, 8639453.112, 140
Trd, 8639453.746, 140
Trd, 8639454.946, 140
Trd, 8639455.146, 140
Trd, 8639455.779, 140
Trd, 8639456.112, 140
Trd, 8639456.479, 140
Trd, 8639456.646, 140
Trd, 8639457.446, 140
Trd, 8639457.579, 140
Trd, 8639457.712, 140
Trd, 8639458.779, 140
Trd, 8639458.812, 140
Trd, 8639459.379, 140
Trd, 8639460.046, 140
Trd, 8639461.012, 140
Trd, 8639461.812, 140
Trd, 8639462.079, 140
Trd, 8639462.679, 140
Trd, 8639462.946, 140
Trd, 8639463.412, 140
Trd, 8639463.646, 140
Trd, 8639464.546, 140
Trd, 8639464.746, 140
Trd, 8639464.812, 140
Trd, 8639465.079, 140
Trd, 8639465.312, 140
Trd, 8639465.479, 140
Trd, 8639465.579, 140
Trd, 8639466.279, 140
Trd, 8639467.346, 139
Trd, 8639467.446, 138
Trd, 8639467.746, 140
Trd, 8639468.246, 140
Trd, 8639468.546, 140
Trd, 8639468.746, 140
Trd, 8639470.279, 140
Trd, 8639470.846, 140
Trd, 8639471.346, 140
Trd, 8639471.579, 140
Trd, 8639472.779, 140
Trd, 8639473.212, 140
Trd, 8639473.412, 140
Trd, 8639473.446, 140
Trd, 8639474.179, 140
Trd, 8639474.479, 140
Trd, 8639475.746, 140
Trd, 8639476.046, 140
Trd, 8639476.412, 140
Trd, 8639476.512, 140
Trd, 8639476.812, 140
Trd, 8639478.279, 140
Trd, 8639478.646, 140
Trd, 8639478.746, 140
Trd, 8639478.912, 140
Trd, 8639479.079, 140
Trd, 8639480.112, 140
Trd, 8639480.212, 140
Trd, 8639480.346, 140
Trd, 8639480.946, 140
Trd, 8639481.679, 139
Trd, 8639481.779, 139
Trd, 8639482.779, 140
Trd, 8639483.312, 140
Trd, 8639486.112, 140
Trd, 8639486.279, 140
Trd, 8639486.612, 140
Trd, 8639486.979, 140
Trd, 8639487.112, 140
Trd, 8639488.579, 140
Trd, 8639488.946, 140
Trd, 8639489.112, 140
Trd, 8639489.246, 140
Trd, 8639489.446, 140
Trd, 8639489.579, 140
Trd, 8639490.179, 140
Trd, 8639491.046, 140
Trd, 8639491.446, 140
Trd, 8639491.979, 140
Trd, 8639492.779, 140
Trd, 8639493.279, 140
Trd, 8639494.712, 140
Trd, 8639494.912, 140
Trd, 8639495.146, 140
Trd, 8639495.412, 140
Trd, 8639495.546, 140
Trd, 8639495.846, 140
Trd, 8639496.246, 140
Trd, 8639496.479, 140
Trd, 8639497.812, 140
Trd, 8639497.979, 140
Trd, 8639498.112, 140
Trd, 8639498.879, 134
Trd, 8639498.946, 137
Trd, 8639499.046, 117
Trd, 8639499.646, 61
Trd, 8639501.312, 60
Trd, 8639501.612, 60
Trd, 8639502.879, 60
Trd, 8639504.512, 60
Trd, 8639504.679, 60
Trd, 8639505.179, 60
Trd, 8639505.579, 60
Trd, 8639505.646, 60
Trd, 8639505.679, 60
Trd, 8639505.812, 60
Trd, 8639505.846, 60
Trd, 8639506.079, 60
Trd, 8639506.546, 60
Trd, 8639506.579, 60
Trd, 8639506.912, 62
Trd, 8639507.079, 62
Trd, 8639507.646, 61
Trd, 8639507.946, 63
Trd, 8639508.046, 62
Trd, 8639509.512, 60
Trd, 8639509.612, 61
Trd, 8639511.346, 60
Trd, 8639512.179, 60
Trd, 8639512.846, 60
Trd, 8639513.512, 60
Trd, 8639514.046, 60
Trd, 8639514.146, 60
Trd, 8639514.446, 61
Trd, 8639514.479, 61
Trd, 8639514.779, 60
Trd, 8639515.179, 60
Trd, 8639515.346, 61
Trd, 8639515.546, 62
Trd, 8639515.646, 62
Trd, 8639516.079, 66
Trd, 8639516.712, 63
Trd, 8639517.079, 60
Trd, 8639517.612, 60
Trd, 8639517.846, 60
Trd, 8639519.579, 60
Trd, 8639521.046, 60
Trd, 8639521.279, 60
Trd, 8639521.312, 60
Trd, 8639521.346, 61
Trd, 8639521.546, 63
Trd, 8639522.079, 65
Trd, 8639522.112, 64
Trd, 8639522.412, 66
Trd, 8639522.446, 65
Trd, 8639522.612, 67
Trd, 8639522.846, 60
Trd, 8639523.246, 140
Trd, 8639524.279, 61
Trd, 8639525.046, 60
Trd, 8639525.912, 60
Trd, 8639526.079, 60
Trd, 8639526.946, 60
Trd, 8639527.046, 60
Trd, 8639528.579, 60
Trd, 8639529.346, 60
Trd, 8639529.546, 60
Trd, 8639529.579, 60
Trd, 8639529.712, 60
Trd, 8639530.012, 60
Trd, 8639530.046, 61
Trd, 8639530.412, 62
Trd, 8639530.479, 62
Trd, 8639530.512, 60
Trd, 8639530.679, 60
Trd, 8639531.112, 63
Trd, 8639532.079, 60
Trd, 8639533.246, 60
Trd, 8639533.512, 60
Trd, 8639533.746, 60
Trd, 8639534.746, 60
Trd, 8639535.279, 60
Trd, 8639535.412, 60
Trd, 8639535.679, 60
Trd, 8639535.946, 60
Trd, 8639536.012, 60
Trd, 8639536.112, 60
Trd, 8639536.412, 61
Trd, 8639536.912, 60
Trd, 8639537.979, 60
Trd, 8639538.612, 60
Trd, 8639539.046, 60
Trd, 8639539.312, 60
Trd, 8639539.512, 61
Trd, 8639539.646, 62
Trd, 8639540.712, 60
Trd, 8639540.779, 60
Trd, 8639540.846, 60
Trd, 8639541.079, 61
Trd, 8639541.346, 75
Trd, 8639541.746, 139
Trd, 8639541.812, 95
Trd, 8639542.312, 64
Trd, 8639542.479, 62
Trd, 8639542.546, 60
Trd, 8639544.512, 63
Trd, 8639545.279, 60
Trd, 8639546.179, 60
Trd, 8639547.346, 60
Trd, 8639547.679, 61
Trd, 8639548.479, 60
Trd, 8639548.646, 61
Trd, 8639548.812, 61
Trd, 8639548.879, 60
Trd, 8639548.979, 62
Trd, 8639549.212, 60
Trd, 8639549.579, 62
Trd, 8639549.846, 62
Trd, 8639550.246, 65
Trd, 8639550.479, 67
Trd, 8639550.612, 64
Trd, 8639550.646, 63
Trd, 8639551.046, 62
Trd, 8639551.079, 61
Trd, 8639552.812, 67
Trd, 8639553.412, 60
Trd, 8639553.546, 64
Trd, 8639553.712, 66
Trd, 8639555.846, 60
Trd, 8639555.879, 60
Trd, 8639556.479, 60
Trd, 8639556.746, 60
Trd, 8639556.779, 60
Trd, 8639557.612, 61
Trd, 8639557.646, 61
Trd, 8639558.212, 62
Trd, 8639558.312, 61
Trd, 8639558.512, 65
Trd, 8639558.912, 63
Trd, 8639560.246, 60
Trd, 8639560.679, 60
Trd, 8639560.846, 60
Trd, 8639561.112, 61
Trd, 8639561.179, 60
Trd, 8639561.346, 60
Trd, 8639561.646, 60
Trd, 8639561.779, 61
Trd, 8639562.279, 69
Trd, 8639562.712, 60
Trd, 8639563.079, 60
Trd, 8639564.279, 60
Trd, 8639564.512, 60
Trd, 8639566.712, 60
Trd, 8639566.746, 60
Trd, 8639567.812, 60
Trd, 8639568.479, 60
Trd, 8639569.646, 60
Trd, 8639569.779, 60
Trd, 8639569.879, 62
Trd, 8639570.012, 61
Trd, 8639570.546, 64
Trd, 8639570.612, 61
Trd, 8639570.879, 63
Trd, 8639570.912, 62
Trd, 8639571.379, 61
Trd, 8639571.446, 61
Trd, 8639571.579, 63
Trd, 8639573.012, 60
Trd, 8639573.412, 60
Trd, 8639574.312, 60
Trd, 8639574.946, 60
Trd, 8639576.679, 60
Trd, 8639577.112, 60
Trd, 8639577.546, 60
Trd, 8639578.846, 60
Trd, 8639579.546, 60
Trd, 8639579.979, 60
Trd, 8639580.246, 60
Trd, 8639580.346, 60
Trd, 8639580.746, 60
Trd, 8639580.879, 62
Trd, 8639580.979, 62
Trd, 8639581.112, 61
Trd, 8639581.179, 60
Trd, 8639581.712, 61
Trd, 8639582.312, 62
Trd, 8639582.779, 60
Trd, 8639583.146, 61
Trd, 8639583.979, 63
Trd, 8639584.146, 62
Trd, 8639584.246, 63
Trd, 8639584.412, 61
Trd, 8639584.712, 60
Trd, 8639585.879, 60
Trd, 8639586.146, 60
Trd, 8639586.312, 61
Trd, 8639586.679, 60
Trd, 8639586.846, 62
Trd, 8639587.512, 64
Trd, 8639587.779, 63
Trd, 8639587.846, 63
Trd, 8639588.546, 63
Trd, 8639588.646, 68
Trd, 8639590.046, 60
Trd, 8639590.379, 60
Trd, 8639590.746, 60
Trd, 8639591.279, 60
Trd, 8639591.312, 60
Trd, 8639591.446, 60
Trd, 8639591.479, 61
Trd, 8639591.912, 61
Trd, 8639592.779, 60
Trd, 8639592.979, 61
Trd, 8639593.379, 60
Trd, 8639593.546, 60
Trd, 8639594.546, 61
Trd, 8639594.879, 60
Trd, 8639595.012, 60
Trd, 8639595.079, 60
Trd, 8639596.246, 60
Trd, 8639596.846, 60
Trd, 8639597.046, 60
Trd, 8639598.379, 60
Trd, 8639599.312, 60
Trd, 8639599.446, 60
Trd, 8639599.746, 60
Trd, 8639600.412, 61
Trd, 8639600.546, 63
Trd, 8639600.679, 61
Trd, 8639600.912, 62
Trd, 8639601.146, 63
Trd, 8639601.312, 63
Trd, 8639601.512, 62
Trd, 8639601.546, 60
Trd, 8639602.312, 60
Trd, 8639602.412, 60
Trd, 8639603.079, 61
Trd, 8639603.579, 62
Trd, 8639604.346, 64
Trd, 8639604.479, 65
Trd, 8639605.246, 66
Trd, 8639605.346, 65
Trd, 8639605.579, 64
Trd, 8639605.679, 63
Trd, 8639606.846, 61
Trd, 8639607.012, 62
Trd, 8639607.946, 60
Trd, 8639608.012, 63
Trd, 8639608.612, 60
Trd, 8639609.946, 60
Trd, 8639611.079, 60
Trd, 8639612.212, 60
Trd, 8639612.679, 60
Trd, 8639612.912, 60
Trd, 8639612.979, 60
Trd, 8639613.012, 60
Trd, 8639613.379, 60
Trd, 8639613.479, 60
Trd, 8639613.679, 61
Trd, 8639614.046, 60
Trd, 8639614.112, 64
Trd, 8639614.346, 60
Trd, 8639614.979, 60
Trd, 8639615.079, 63
Trd, 8639615.479, 60
Trd, 8639616.012, 60
Trd, 8639616.546, 60
Trd, 8639618.612, 60
Trd, 8639619.246, 60
Trd, 8639619.279, 60
Trd, 8639619.712, 60
Trd, 8639619.846, 61
Trd, 8639619.979, 61
Trd, 8639620.146, 62
Trd, 8639620.346, 61
Trd, 8639621.179, 60
Trd, 8639621.379, 60
Trd, 8639621.612, 60
Trd, 8639621.779, 63
Trd, 8639621.812, 62
Trd, 8639622.146, 61
Trd, 8639623.446, 62
Trd, 8639624.146, 63
Trd, 8639624.612, 63
Trd, 8639624.646, 64
Trd, 8639624.946, 64
Trd, 8639625.112, 61
Trd, 8639625.846, 63
Trd, 8639626.012, 63
Trd, 8639626.079, 62
Trd, 8639626.612, 60
Trd, 8639626.846, 62
Trd, 8639627.346, 62
Trd, 8639627.679, 71
Trd, 8639628.446, 69
Trd, 8639628.512, 68
Trd, 8639628.679, 67
Trd, 8639628.746, 66
Trd, 8639629.012, 63
Trd, 8639629.446, 68
Trd, 8639630.779, 66
Trd, 8639631.212, 60
Trd, 8639631.546, 60
Trd, 8639631.579, 60
Trd, 8639632.112, 62
Trd, 8639632.212, 60
Trd, 8639632.679, 61
Trd, 8639633.179, 60
Trd, 8639633.279, 63
Trd, 8639633.846, 64
Trd, 8639634.512, 64
Trd, 8639634.646, 65
Trd, 8639634.912, 64
Trd, 8639635.446, 63
Trd, 8639635.912, 140
Trd, 8639636.079, 140
Trd, 8639636.512, 139
Trd, 8639636.812, 111
Trd, 8639638.112, 140
Trd, 8639638.779, 140
Trd, 8639639.079, 140
Trd, 8639639.379, 140
Trd, 8639639.479, 140
Trd, 8639640.146, 140
Trd, 8639640.346, 139
Trd, 8639640.512, 124
Trd, 8639640.779, 139
Trd, 8639640.812, 122
Trd, 8639641.979, 140
Trd, 8639642.046, 140
Trd, 8639643.946, 140
Trd, 8639644.779, 140
Trd, 8639645.179, 140
Trd, 8639645.246, 140
Trd, 8639645.546, 140
Trd, 8639646.279, 140
Trd, 8639647.179, 140
Trd, 8639647.379, 140
Trd, 8639647.979, 140
Trd, 8639648.146, 140
Trd, 8639648.812, 140
Trd, 8639649.146, 140
Trd, 8639649.412, 140
Trd, 8639649.612, 140
Trd, 8639650.646, 140
Trd, 8639650.912, 140
Trd, 8639651.779, 140
Trd, 8639652.812, 140
Trd, 8639653.279, 140
Trd, 8639653.912, 140
Trd, 8639654.279, 140
Trd, 8639655.112, 140
Trd, 8639655.979, 140
Trd, 8639656.279, 140
Trd, 8639656.846, 140
Trd, 8639657.012, 140
Trd, 8639657.179, 140
Trd, 8639657.579, 140
Trd, 8639658.279, 140
Trd, 8639659.246, 140
Trd, 8639659.479, 140
Trd, 8639660.146, 140
Trd, 8639660.246, 140
Trd, 8639660.512, 140
Trd, 8639660.979, 140
Trd, 8639661.479, 140
Trd, 8639661.979, 140
Trd, 8639662.046, 140
Trd, 8639662.646, 140
Trd, 8639663.446, 140
Trd, 8639663.846, 139
Trd, 8639664.179, 138
Trd, 8639664.446, 137
Trd, 8639664.779, 139
Trd, 8639664.846, 134
Trd, 8639665.246, 135
Trd, 8639666.012, 140
Trd, 8639666.146, 140
Trd, 8639666.546, 139
Trd, 8639666.779, 138
Trd, 8639667.246, 140
Trd, 8639667.479, 140
Trd, 8639668.012, 140
Trd, 8639669.012, 69
Trd, 8639669.079, 138
Trd, 8639669.646, 139
Trd, 8639669.712, 117
Trd, 8639669.746, 74
Trd, 8639669.846, 140
Trd, 8639669.912, 73
Trd, 8639670.312, 73
Trd, 8639672.546, 125
Trd, 8639673.312, 140
Trd, 8639673.812, 140
Trd, 8639673.979, 140
Trd, 8639674.346, 140
Trd, 8639674.646, 140
Trd, 8639674.912, 140
Trd, 8639675.612, 140
Trd, 8639675.846, 140
Trd, 8639676.579, 140
Trd, 8639676.612, 140
Trd, 8639676.946, 140
Trd, 8639678.046, 140
Trd, 8639678.279, 140
Trd, 8639678.346, 140
Trd, 8639678.712, 140
Trd, 8639679.312, 140
Trd, 8639680.312, 140
Trd, 8639680.479, 140
Trd, 8639680.779, 140
Trd, 8639681.879, 140
Trd, 8639683.246, 140
Trd, 8639683.579, 140
Trd, 8639684.246, 140
Trd, 8639684.712, 140
Trd, 8639685.546, 140
Trd, 8639685.846, 140
Trd, 8639685.979, 140
Trd, 8639687.479, 140
Trd, 8639687.946, 140
Trd, 8639688.079, 140
Trd, 8639688.212, 140
Trd, 8639688.612, 140
Trd, 8639688.646, 140
Trd, 8639689.946, 140
Trd, 8639690.146, 140
Trd, 8639691.412, 140
Trd, 8639692.012, 140
Trd, 8639692.379, 140
Trd, 8639692.812, 140
Trd, 8639694.112, 140
Trd, 8639694.379, 140
Trd, 8639694.846, 140
Trd, 8639695.112, 140
Trd, 8639695.379, 140
Trd, 8639695.479, 140
Trd, 8639697.846, 140
Trd, 8639698.012, 140
Trd, 8639698.079, 140
Trd, 8639698.479, 140
Trd, 8639698.712, 140
Trd, 8639699.379, 140
Trd, 8639700.179, 140
Trd, 8639700.512, 140
Trd, 8639701.546, 140
Trd, 8639701.946, 140
Trd, 8639702.146, 140
Trd, 8639702.279, 140
Trd, 8639702.446, 140
Trd, 8639702.912, 140
Trd, 8639703.112, 140
Trd, 8639703.546, 140
Trd, 8639703.579, 140
Trd, 8639703.746, 140
Trd, 8639704.712, 140
Trd, 8639705.512, 138
Trd, 8639706.146, 140
Trd, 8639706.412, 140
Trd, 8639706.446, 139
Trd, 8639707.579, 140
Trd, 8639708.079, 139
Trd, 8639709.312, 140
Trd, 8639709.412, 140
Trd, 8639709.846, 140
Trd, 8639710.546, 140
Trd, 8639711.146, 140
Trd, 8639711.612, 140
Trd, 8639711.946, 140
Trd, 8639712.846, 140
Trd, 8639712.979, 140
Trd, 8639714.412, 140
Trd, 8639715.012, 140
Trd, 8639716.179, 140
Trd, 8639716.246, 140
Trd, 8639716.379, 140
Trd, 8639716.479, 140
Trd, 8639716.579, 140
Trd, 8639717.312, 140
Trd, 8639717.346, 140
Trd, 8639718.412, 140
Trd, 8639718.646, 140
Trd, 8639718.779, 139
Trd, 8639719.012, 136
Trd, 8639719.412, 140
Trd, 8639720.579, 140
Trd, 8639721.012, 140
Trd, 8639721.079, 140
Trd, 8639722.146, 140
Trd, 8639722.379, 140
Trd, 8639724.079, 140
Trd, 8639724.312, 140
Trd, 8639725.112, 140
Trd, 8639725.279, 140
Trd, 8639725.646, 140
Trd, 8639726.179, 140
Trd, 8639726.446, 140
Trd, 8639727.812, 140
Trd, 8639727.912, 140
Trd, 8639728.246, 140
Trd, 8639728.546, 140
Trd, 8639728.779, 140
Trd, 8639729.279, 140
Trd, 8639730.046, 140
Trd, 8639730.712, 140
Trd, 8639731.012, 140
Trd, 8639731.712, 140
Trd, 8639731.879, 140
Trd, 8639732.246, 140
Trd, 8639732.679, 140
Trd, 8639732.912, 140
Trd, 8639733.479, 140
Trd, 8639734.412, 140
Trd, 8639734.479, 140
Trd, 8639734.546, 140
Trd, 8639734.946, 140
Trd, 8639735.279, 140
Trd, 8639735.412, 140
Trd, 8639735.846, 140
Trd, 8639736.612, 140
Trd, 8639736.879, 140
Trd, 8639737.779, 140
Trd, 8639737.946, 140
Trd, 8639738.379, 140
Trd, 8639738.612, 140
Trd, 8639739.012, 140
Trd, 8639739.912, 140
Trd, 8639739.979, 140
Trd, 8639740.612, 140
Trd, 8639740.679, 140
Trd, 8639742.812, 140
Trd, 8639742.979, 140
Trd, 8639743.246, 140
Trd, 8639743.279, 140
Trd, 8639744.079, 140
Trd, 8639744.379, 135
Trd, 8639744.679, 105
Trd, 8639745.079, 103
Trd, 8639747.146, 140
Trd, 8639748.379, 140
Trd, 8639749.912, 140
Trd, 8639749.946, 140
Trd, 8639750.812, 140
Trd, 8639750.846, 140
Trd, 8639751.679, 140
Trd, 8639751.779, 140
Trd, 8639752.312, 140
Trd, 8639752.712, 140
Trd, 8639753.146, 140
Trd, 8639754.079, 140
Trd, 8639754.312, 140
Trd, 8639754.579, 140
Trd, 8639754.679, 140
Trd, 8639754.946, 140
Trd, 8639756.279, 140
Trd, 8639756.412, 140
Trd, 8639756.712, 140
Trd, 8639756.746, 140
Trd, 8639757.912, 140
Trd, 8639758.146, 140
Trd, 8639758.512, 140
Trd, 8639758.712, 140
Trd, 8639758.979, 140
Trd, 8639760.079, 140
Trd, 8639761.046, 140
Trd, 8639761.312, 140
Trd, 8639761.379, 140
Trd, 8639762.846, 140
Trd, 8639763.012, 140
Trd, 8639763.446, 140
Trd, 8639764.046, 140
Trd, 8639764.812, 140
Trd, 8639764.946, 140
Trd, 8639765.312, 140
Trd, 8639765.579, 140
Trd, 8639765.646, 140
Trd, 8639765.846, 140
Trd, 8639766.012, 140
Trd, 8639766.346, 140
Trd, 8639766.479, 139
Trd, 8639767.446, 140
Trd, 8639767.612, 134
Trd, 8639767.846, 133
Trd, 8639768.812, 139
Trd, 8639770.079, 123
Trd, 8639770.246, 123
Trd, 8639770.346, 130
Trd, 8639770.579, 124
Trd, 8639770.946, 127
Trd, 8639771.212, 134
Trd, 8639771.312, 135
Trd, 8639771.879, 136
Trd, 8639771.979, 133
Trd, 8639772.012, 131
Trd, 8639772.112, 130
Trd, 8639773.279, 140
Trd, 8639774.046, 140
Trd, 8639774.446, 140
Trd, 8639774.812, 140
Trd, 8639775.046, 138
Trd, 8639775.879, 140
Trd, 8639776.146, 140
Trd, 8639776.479, 140
Trd, 8639778.046, 140
Trd, 8639778.479, 140
Trd, 8639779.446, 140
Trd, 8639779.979, 140
Trd, 8639780.079, 140
Trd, 8639780.712, 140
Trd, 8639781.346, 140
Trd, 8639781.646, 140
Trd, 8639781.679, 140
Trd, 8639782.646, 140
Trd, 8639783.012, 140
Trd, 8639784.479, 140
Trd, 8639784.546, 140
Trd, 8639784.712, 140
Trd, 8639784.746, 140
Trd, 8639785.046, 140
Trd, 8639785.679, 140
Trd, 8639786.179, 140
Trd, 8639786.946, 140
Trd, 8639787.512, 140
Trd, 8639787.679, 140
Trd, 8639788.412, 140
Trd, 8639789.879, 140
Trd, 8639789.912, 140
Trd, 8639790.012, 140
Trd, 8639790.579, 140
Trd, 8639790.846, 140
Trd, 8639791.179, 140
Trd, 8639791.346, 140
Trd, 8639791.912, 140
Trd, 8639792.746, 140
Trd, 8639792.779, 140
Trd, 8639793.646, 140
Trd, 8639794.279, 140
Trd, 8639794.379, 140
Trd, 8639794.812, 140
Trd, 8639795.179, 140
Trd, 8639795.379, 140
Trd, 8639795.979, 140
Trd, 8639797.379, 140
Trd, 8639797.446, 140
Trd, 8639798.446, 140
Trd, 8639798.579, 140
Trd, 8639799.346, 140
Trd, 8639799.746, 140
Trd, 8639800.212, 140
Trd, 8639800.279, 140
Trd, 8639800.746, 140
Trd, 8639801.112, 140
Trd, 8639801.246, 139
Trd, 8639801.446, 140
Trd, 8639801.746, 140
Trd, 8639802.646, 140
Trd, 8639802.946, 140
Trd, 8639803.179, 140
Trd, 8639803.412, 140
Trd, 8639803.512, 139
Trd, 8639804.346, 140
Trd, 8639804.546, 139
Trd, 8639805.012, 139
Trd, 8639805.979, 140
Trd, 8639806.746, 140
Trd, 8639807.412, 140
Trd, 8639807.879, 140
Trd, 8639808.179, 140
Trd, 8639808.279, 140
Trd, 8639808.312, 139
Trd, 8639809.379, 140
Trd, 8639810.312, 140
Trd, 8639811.412, 140
Trd, 8639811.746, 140
Trd, 8639812.779, 140
Trd, 8639813.579, 140
Trd, 8639814.079, 140
Trd, 8639814.312, 140
Trd, 8639814.512, 140
Trd, 8639814.546, 140
Trd, 8639814.712, 138
Trd, 8639815.546, 140
Trd, 8639816.579, 140
Trd, 8639816.779, 140
Trd, 8639816.979, 140
Trd, 8639817.612, 140
Trd, 8639818.046, 140
Trd, 8639818.179, 140
Trd, 8639819.012, 140
Trd, 8639820.012, 140
Trd, 8639820.246, 140
Trd, 8639820.512, 140
Trd, 8639822.246, 140
Trd, 8639822.479, 140
Trd, 8639822.979, 140
Trd, 8639823.346, 140
Trd, 8639823.446, 140
Trd, 8639824.079, 140
Trd, 8639824.612, 140
Trd, 8639824.712, 140
Trd, 8639825.046, 140
Trd, 8639825.312, 140
Trd, 8639826.579, 140
Trd, 8639827.379, 140
Trd, 8639827.812, 140
Trd, 8639828.079, 140
Trd, 8639828.112, 140
Trd, 8639828.446, 140
Trd, 8639828.746, 140
Trd, 8639830.112, 140
Trd, 8639830.879, 140
Trd, 8639831.146, 140
Trd, 8639831.246, 140
Trd, 8639831.746, 140
Trd, 8639832.479, 140
Trd, 8639833.012, 140
Trd, 8639833.712, 140
Trd, 8639833.779, 140
Trd, 8639834.012, 140
Trd, 8639834.579, 140
Trd, 8639834.612, 140
Trd, 8639834.979, 140
Trd, 8639835.246, 140
Trd, 8639837.146, 140
Trd, 8639837.546, 140
Trd, 8639837.779, 140
Trd, 8639838.779, 140
Trd, 8639838.812, 140
Trd, 8639839.112, 140
Trd, 8639839.279, 140
Trd, 8639839.312, 140
Trd, 8639839.979, 140
Trd, 8639841.446, 140
Trd, 8639841.712, 140
Trd, 8639841.946, 140
Trd, 8639842.712, 140
Trd, 8639842.912, 140
Trd, 8639842.979, 140
Trd, 8639843.379, 140
Trd, 8639844.279, 140
Trd, 8639846.012, 140
Trd, 8639846.479, 140
Trd, 8639846.712, 140
Trd, 8639846.879, 140
Trd, 8639847.212, 140
Trd, 8639847.346, 140
Trd, 8639847.979, 140
Trd, 8639849.279, 140
Trd, 8639849.746, 140
Trd, 8639850.979, 140
Trd, 8639851.346, 140
Trd, 8639851.846, 140
Trd, 8639852.046, 140
Trd, 8639852.712, 140
Trd, 8639852.979, 140
Trd, 8639853.046, 140
Trd, 8639853.179, 140
Trd, 8639853.679, 140
Trd, 8639854.279, 140
Trd, 8639854.846, 140
Trd, 8639855.212, 140
Trd, 8639856.579, 140
Trd, 8639857.912, 140
Trd, 8639857.946, 140
Trd, 8639858.579, 140
Trd, 8639858.912, 140
Trd, 8639859.179, 140
Trd, 8639859.479, 140
Trd, 8639860.712, 140
Trd, 8639861.346, 140
Trd, 8639861.546, 140
Trd, 8639862.312, 140
Trd, 8639862.812, 140
Trd, 8639863.079, 140
Trd, 8639863.246, 140
Trd, 8639863.912, 140
Trd, 8639863.979, 140
Trd, 8639865.012, 140
Trd, 8639865.179, 140
Trd, 8639865.579, 140
Trd, 8639865.779, 140
Trd, 8639866.312, 140
Trd, 8639866.879, 140
Trd, 8639867.046, 140
Trd, 8639867.179, 140
Trd, 8639867.546, 139
Trd, 8639867.746, 139
Trd, 8639867.846, 140
Trd, 8639868.379, 140
Trd, 8639868.646, 139
Trd, 8639869.212, 139
Trd, 8639869.879, 140
Trd, 8639870.646, 140
Trd, 8639870.779, 140
Trd, 8639871.046, 140
Trd, 8639871.079, 140
Trd, 8639871.579, 140
Trd, 8639873.379, 140
Trd, 8639874.179, 140
Trd, 8639874.312, 140
Trd, 8639874.812, 140
Trd, 8639874.979, 140
Trd, 8639875.279, 140
Trd, 8639875.779, 140
Trd, 8639876.212, 140
Trd, 8639877.512, 140
Trd, 8639877.779, 140
Trd, 8639878.212, 140
Trd, 8639878.279, 140
Trd, 8639879.112, 140
Trd, 8639880.846, 140
Trd, 8639881.146, 140
Trd, 8639881.479, 140
Trd, 8639882.179, 140
Trd, 8639883.412, 140
Trd, 8639884.279, 140
Trd, 8639884.546, 140
Trd, 8639884.846, 140
Trd, 8639885.146, 140
Trd, 8639885.312, 140
Trd, 8639885.412, 140
Trd, 8639885.479, 140
Trd, 8639885.946, 140
Trd, 8639886.412, 140
Trd, 8639887.046, 140
Trd, 8639887.346, 140
Trd, 8639887.546, 140
Trd, 8639887.912, 140
Trd, 8639888.079, 140
Trd, 8639888.512, 140
Trd, 8639889.446, 140
Trd, 8639890.012, 140
Trd, 8639892.079, 140
Trd, 8639892.146, 140
Trd, 8639892.779, 140
Trd, 8639892.912, 140
Trd, 8639893.012, 140
Trd, 8639893.212, 140
Trd, 8639893.779, 140
Trd, 8639893.846, 140
Trd, 8639894.512, 140
Trd, 8639894.779, 140
Trd, 8639895.179, 140
Trd, 8639895.646, 140
Trd, 8639895.912, 140
Trd, 8639896.046, 140
Trd, 8639896.079, 140
Trd, 8639896.312, 140
Trd, 8639897.479, 140
Trd, 8639897.546, 140
Trd, 8639897.612, 140
Trd, 8639897.679, 139
Trd, 8639898.246, 103
Trd, 8639898.946, 104
Trd, 8639899.146, 140
Trd, 8639900.046, 136
Trd, 8639900.612, 140
Trd, 8639901.412, 140
Trd, 8639902.346, 140
Trd, 8639902.512, 140
Trd, 8639903.212, 140
Trd, 8639903.612, 140
Trd, 8639903.812, 140
Trd, 8639904.412, 140
Trd, 8639904.546, 140
Trd, 8639905.312, 140
Trd, 8639906.346, 140
Trd, 8639906.779, 140
Trd, 8639907.112, 140
Trd, 8639907.379, 140
Trd, 8639907.646, 140
Trd, 8639908.246, 140
Trd, 8639909.279, 140
Trd, 8639909.512, 140
Trd, 8639909.746, 140
Trd, 8639910.746, 140
Trd, 8639912.112, 140
Trd, 8639912.212, 140
Trd, 8639912.279, 140
Trd, 8639912.846, 140
Trd, 8639913.379, 140
Trd, 8639913.646, 140
Trd, 8639914.679, 140
Trd, 8639915.079, 140
Trd, 8639915.612, 140
Trd, 8639915.879, 140
Trd, 8639915.946, 140
Trd, 8639916.112, 140
Trd, 8639916.279, 140
Trd, 8639917.012, 140
Trd, 8639918.346, 140
Trd, 8639918.879, 140
Trd, 8639918.946, 140
Trd, 8639919.479, 140
Trd, 8639920.379, 140
Trd, 8639920.779, 140
Trd, 8639920.879, 140
Trd, 8639921.346, 140
Trd, 8639921.946, 140
Trd, 8639922.712, 140
Trd, 8639923.146, 140
Trd, 8639923.312, 140
Trd, 8639923.812, 140
Trd, 8639924.812, 140
Trd, 8639925.279, 140
Trd, 8639925.646, 140
Trd, 8639926.012, 140
Trd, 8639926.112, 140
Trd, 8639927.312, 140
Trd, 8639928.679, 140
Trd, 8639929.746, 140
Trd, 8639930.146, 140
Trd, 8639930.312, 140
Trd, 8639931.346, 140
Trd, 8639931.379, 140
Trd, 8639931.512, 140
Trd, 8639931.812, 140
Trd, 8639932.179, 140
Trd, 8639932.212, 140
Trd, 8639932.412, 140
Trd, 8639933.012, 140
Trd, 8639933.312, 140
Trd, 8639934.112, 140
Trd, 8639934.379, 140
Trd, 8639934.912, 140
Trd, 8639936.279, 140
Trd, 8639936.812, 140
Trd, 8639937.579, 140
Trd, 8639937.712, 140
Trd, 8639937.812, 140
Trd, 8639938.112, 140
Trd, 8639938.612, 140
Trd, 8639938.846, 140
Trd, 8639939.379, 140
Trd, 8639939.612, 139
Trd, 8639939.879, 109
Trd, 8639940.979, 65
Trd, 8639941.112, 69
Trd, 8639941.246, 137
Trd, 8639942.046, 140
Trd, 8639942.646, 140
Trd, 8639943.346, 140
Trd, 8639944.679, 140
Trd, 8639945.646, 140
Trd, 8639945.979, 140
Trd, 8639946.012, 140
Trd, 8639946.579, 140
Trd, 8639946.779, 140
Trd, 8639947.446, 140
Trd, 8639947.479, 140
Trd, 8639947.646, 140
Trd, 8639948.012, 140
Trd, 8639949.479, 140
Trd, 8639950.412, 140
Trd, 8639952.046, 140
Trd, 8639952.279, 140
Trd, 8639952.412, 140
Trd, 8639953.079, 140
Trd, 8639953.512, 140
Trd, 8639953.612, 140
Trd, 8639953.946, 140
Trd, 8639954.046, 140
Trd, 8639954.579, 140
Trd, 8639954.679, 140
Trd, 8639954.746, 140
Trd, 8639955.046, 140
Trd, 8639955.112, 139
Trd, 8639955.646, 140
Trd, 8639955.712, 139
Trd, 8639957.046, 140
Trd, 8639957.412, 140
Trd, 8639958.979, 140
Trd, 8639959.012, 140
Trd, 8639959.479, 140
Trd, 8639959.546, 140
Trd, 8639959.579, 140
Trd, 8639959.979, 106
Trd, 8639960.012, 79
Trd, 8639960.312, 60
Trd, 8639960.946, 65
Trd, 8639961.846, 68
Trd, 8639962.879, 62
Trd, 8639963.146, 65
Trd, 8639963.479, 120
Trd, 8639963.612, 121
Trd, 8639963.712, 64
Trd, 8639963.779, 122
Trd, 8639964.312, 70
Trd, 8639964.446, 71
Trd, 8639964.579, 69
Trd, 8639965.579, 60
Trd, 8639967.179, 60
Trd, 8639967.379, 60
Trd, 8639967.846, 60
Trd, 8639968.379, 60
Trd, 8639969.179, 60
Trd, 8639969.779, 60
Trd, 8639969.912, 60
Trd, 8639970.012, 60
Trd, 8639970.346, 61
Trd, 8639970.479, 61
Trd, 8639970.946, 62
Trd, 8639971.646, 62
Trd, 8639971.846, 60
Trd, 8639972.312, 61
Trd, 8639972.579, 62
Trd, 8639972.712, 62
Trd, 8639972.746, 61
Trd, 8639973.346, 60
Trd, 8639973.479, 62
Trd, 8639973.846, 63
Trd, 8639976.979, 60
Trd, 8639977.146, 60
Trd, 8639978.112, 60
Trd, 8639978.879, 60
Trd, 8639979.046, 60
Trd, 8639979.112, 60
Trd, 8639979.179, 60
Trd, 8639979.246, 61
Trd, 8639979.412, 60
Trd, 8639979.646, 60
Trd, 8639979.879, 60
Trd, 8639980.212, 60
Trd, 8639980.512, 61
Trd, 8639980.679, 61
Trd, 8639980.912, 61
Trd, 8639981.012, 63
Trd, 8639981.612, 62
Trd, 8639981.646, 61
Trd, 8639981.912, 60
Trd, 8639982.146, 60
Trd, 8639983.712, 60
Trd, 8639986.179, 60
Trd, 8639987.612, 60
Trd, 8639988.246, 60
Trd, 8639988.312, 60
Trd, 8639989.046, 60
Trd, 8639989.212, 60
Trd, 8639989.312, 60
Trd, 8639989.679, 61
Trd, 8639989.812, 62
Trd, 8639989.846, 64
Trd, 8639990.346, 65
Trd, 8639990.546, 66
Trd, 8639990.646, 65
Trd, 8639990.846, 65
Trd, 8639990.979, 64
Trd, 8639991.112, 60
Trd, 8639993.179, 60
Trd, 8639993.212, 61
Trd, 8639994.512, 60
Trd, 8639994.612, 60
Trd, 8639994.646, 61
Trd, 8639996.079, 60
Trd, 8639996.312, 60
Trd, 8639996.446, 60
Trd, 8639996.679, 60
Trd, 8639996.846, 61
Trd, 8639997.012, 61
Trd, 8639997.079, 61
Trd, 8639997.346, 63
Trd, 8639997.446, 62
Trd, 8639997.512, 61
Trd, 8639998.979, 140
Trd, 8639999.079, 140
Trd, 8639999.212, 140
