Trd, 8638766.512, 139
Trd, 8638767.846, 140
Trd, 8638768.346, 140
Trd, 8638768.646, 140
Trd, 8638769.012, 140
Trd, 8638769.912, 140
Trd, 8638769.946, 140
Trd, 8638771.146, 140
Trd, 8638771.346, 140
Trd, 8638771.446, 139
Trd, 8638772.812, 140
Trd, 8638773.246, 140
Trd, 8638773.646, 140
Trd, 8638774.579, 140
Trd, 8638774.646, 140
Trd, 8638775.279, 139
Trd, 8638775.512, 136
Trd, 8638776.212, 136
Trd, 8638776.546, 140
Trd, 8638776.746, 137
Trd, 8638777.279, 140
Trd, 8638778.112, 140
Trd, 8638778.279, 140
Trd, 8638778.712, 140
Trd, 8638778.812, 140
Trd, 8638780.012, 140
Trd, 8638780.146, 140
Trd, 8638780.812, 140
Trd, 8638780.846, 140
Trd, 8638781.946, 140
Trd, 8638782.146, 140
Trd, 8638782.312, 140
Trd, 8638782.679, 140
Trd, 8638782.746, 140
Trd, 8638783.212, 138
Trd, 8638783.546, 139
Trd, 8638784.212, 140
Trd, 8638785.346, 140
Trd, 8638785.679, 140
Trd, 8638785.779, 140
Trd, 8638785.912, 140
Trd, 8638786.012, 140
Trd, 8638786.179, 137
Trd, 8638786.579, 107
Trd, 8638787.179, 140
Trd, 8638787.546, 140
Trd, 8638787.746, 140
Trd, 8638787.946, 140
Trd, 8638788.446, 137
Trd, 8638788.712, 86
Trd, 8638788.746, 81
Trd, 8638789.679, 71
Trd, 8638790.646, 62
Trd, 8638791.812, 60
Trd, 8638791.879, 64
Trd, 8638792.046, 64
Trd, 8638792.446, 64
Trd, 8638792.912, 63
Trd, 8638792.946, 63
Trd, 8638793.546, 62
Trd, 8638793.646, 64
Trd, 8638794.412, 62
Trd, 8638794.512, 61
Trd, 8638795.312, 60
Trd, 8638796.412, 60
Trd, 8638797.279, 60
Trd, 8638797.312, 60
Trd, 8638798.579, 60
Trd, 8638798.779, 60
Trd, 8638799.379, 60
Trd, 8638799.646, 60
Trd, 8638799.846, 60
Trd, 8638800.246, 62
Trd, 8638800.312, 63
Trd, 8638800.446, 65
Trd, 8638801.146, 63
Trd, 8638801.212, 62
Trd, 8638801.246, 65
Trd, 8638802.346, 62
Trd, 8638802.912, 61
Trd, 8638803.079, 68
Trd, 8638803.479, 61
Trd, 8638803.679, 61
Trd, 8638804.412, 140
Trd, 8638805.246, 140
Trd, 8638805.612, 140
Trd, 8638805.746, 140
Trd, 8638806.212, 140
Trd, 8638806.779, 138
Trd, 8638806.912, 138
Trd, 8638807.512, 140
Trd, 8638808.012, 140
Trd, 8638808.612, 140
Trd, 8638809.146, 140
Trd, 8638809.312, 140
Trd, 8638809.646, 140
Trd, 8638810.212, 140
Trd, 8638810.446, 140
Trd, 8638810.912, 140
Trd, 8638811.079, 139
Trd, 8638811.446, 138
Trd, 8638811.679, 132
Trd, 8638813.012, 69
Trd, 8638813.179, 70
Trd, 8638813.479, 62
Trd, 8638813.646, 62
Trd, 8638813.812, 64
Trd, 8638814.212, 107
Trd, 8638814.446, 69
Trd, 8638814.946, 90
Trd, 8638816.546, 95
Trd, 8638816.612, 74
Trd, 8638816.679, 128
Trd, 8638816.846, 69
Trd, 8638817.412, 67
Trd, 8638817.612, 128
Trd, 8638818.379, 60
Trd, 8638819.946, 60
Trd, 8638820.479, 64
Trd, 8638820.812, 63
Trd, 8638821.612, 61
Trd, 8638821.646, 61
Trd, 8638821.746, 62
Trd, 8638822.246, 62
Trd, 8638822.279, 65
Trd, 8638822.312, 61
Trd, 8638822.846, 66
Trd, 8638823.479, 62
Trd, 8638823.612, 78
Trd, 8638824.912, 140
Trd, 8638825.512, 140
Trd, 8638826.112, 140
Trd, 8638826.312, 140
Trd, 8638826.446, 140
Trd, 8638826.579, 140
Trd, 8638827.046, 140
Trd, 8638827.079, 140
Trd, 8638827.712, 140
Trd, 8638827.779, 140
Trd, 8638827.912, 140
Trd, 8638827.979, 134
Trd, 8638828.346, 69
Trd, 8638828.679, 117
Trd, 8638829.712, 140
Trd, 8638830.746, 139
Trd, 8638832.246, 140
Trd, 8638832.479, 140
Trd, 8638833.212, 140
Trd, 8638833.612, 140
Trd, 8638834.146, 140
Trd, 8638834.512, 140
Trd, 8638834.779, 140
Trd, 8638835.146, 140
Trd, 8638835.246, 139
Trd, 8638835.879, 140
Trd, 8638836.379, 140
Trd, 8638837.546, 140
Trd, 8638837.612, 140
Trd, 8638837.712, 139
Trd, 8638839.312, 140
Trd, 8638839.346, 140
Trd, 8638839.879, 140
Trd, 8638840.179, 140
Trd, 8638840.579, 140
Trd, 8638840.779, 140
Trd, 8638840.846, 140
Trd, 8638841.312, 140
Trd, 8638841.346, 140
Trd, 8638841.646, 139
Trd, 8638841.712, 140
Trd, 8638841.812, 139
Trd, 8638842.712, 140
Trd, 8638842.879, 140
Trd, 8638843.346, 139
Trd, 8638844.179, 140
Trd, 8638844.246, 139
Trd, 8638845.812, 140
Trd, 8638846.646, 140
Trd, 8638846.746, 140
Trd, 8638847.346, 140
Trd, 8638847.379, 139
Trd, 8638847.912, 140
Trd, 8638848.446, 140
Trd, 8638848.479, 140
Trd, 8638849.412, 81
Trd, 8638849.579, 82
Trd, 8638850.079, 140
Trd, 8638850.912, 140
Trd, 8638851.112, 140
Trd, 8638851.746, 140
Trd, 8638852.246, 140
Trd, 8638852.412, 139
Trd, 8638853.812, 140
Trd, 8638854.179, 140
Trd, 8638854.346, 140
Trd, 8638854.879, 140
Trd, 8638855.312, 140
Trd, 8638855.779, 140
Trd, 8638856.312, 140
Trd, 8638856.879, 140
Trd, 8638857.079, 140
Trd, 8638857.346, 140
Trd, 8638857.646, 139
Trd, 8638858.279, 140
Trd, 8638859.046, 140
Trd, 8638860.212, 140
Trd, 8638860.446, 140
Trd, 8638861.179, 140
Trd, 8638861.346, 140
Trd, 8638861.612, 140
Trd, 8638861.812, 140
Trd, 8638861.912, 140
Trd, 8638861.946, 139
Trd, 8638861.979, 138
Trd, 8638862.879, 108
Trd, 8638862.946, 139
Trd, 8638863.646, 60
Trd, 8638864.846, 72
Trd, 8638865.346, 140
Trd, 8638865.379, 140
Trd, 8638865.512, 61
Trd, 8638865.812, 65
Trd, 8638866.112, 60
Trd, 8638867.279, 62
Trd, 8638867.546, 64
Trd, 8638868.012, 65
Trd, 8638868.646, 60
Trd, 8638869.179, 61
Trd, 8638869.846, 60
Trd, 8638870.379, 60
Trd, 8638870.579, 64
Trd, 8638870.646, 114
Trd, 8638871.712, 60
Trd, 8638872.012, 60
Trd, 8638872.412, 61
Trd, 8638873.979, 61
Trd, 8638874.112, 68
Trd, 8638874.212, 62
Trd, 8638874.279, 61
Trd, 8638874.346, 70
Trd, 8638874.812, 64
Trd, 8638875.012, 63
Trd, 8638875.079, 70
Trd, 8638875.746, 63
Trd, 8638876.646, 125
Trd, 8638877.479, 68
Trd, 8638877.712, 79
Trd, 8638877.846, 80
Trd, 8638878.312, 70
Trd, 8638878.646, 71
Trd, 8638878.912, 113
Trd, 8638879.212, 113
Trd, 8638879.512, 112
Trd, 8638880.212, 139
Trd, 8638880.512, 138
Trd, 8638881.012, 140
Trd, 8638881.746, 138
Trd, 8638882.279, 139
Trd, 8638882.946, 139
Trd, 8638883.379, 140
Trd, 8638883.746, 139
Trd, 8638884.179, 140
Trd, 8638884.746, 140
Trd, 8638884.846, 139
Trd, 8638885.979, 140
Trd, 8638886.179, 140
Trd, 8638886.246, 139
Trd, 8638886.446, 131
Trd, 8638886.579, 61
Trd, 8638886.812, 138
Trd, 8638886.912, 140
Trd, 8638886.979, 140
Trd, 8638887.346, 133
Trd, 8638887.679, 140
Trd, 8638888.746, 120
Trd, 8638889.012, 122
Trd, 8638889.212, 139
Trd, 8638890.012, 139
Trd, 8638890.079, 128
Trd, 8638891.279, 139
Trd, 8638891.612, 138
Trd, 8638891.679, 137
Trd, 8638893.079, 140
Trd, 8638894.746, 140
Trd, 8638895.012, 140
Trd, 8638895.046, 140
Trd, 8638895.812, 140
Trd, 8638896.379, 140
Trd, 8638897.512, 140
Trd, 8638897.679, 140
Trd, 8638897.846, 140
Trd, 8638898.012, 140
Trd, 8638898.446, 140
Trd, 8638898.546, 140
Trd, 8638898.812, 140
Trd, 8638899.579, 140
Trd, 8638900.112, 140
Trd, 8638900.246, 140
Trd, 8638900.779, 139
Trd, 8638901.346, 139
Trd, 8638902.012, 135
Trd, 8638902.179, 134
Trd, 8638902.579, 95
Trd, 8638902.879, 94
Trd, 8638903.879, 132
Trd, 8638904.212, 123
Trd, 8638904.246, 132
Trd, 8638904.346, 123
Trd, 8638904.779, 133
Trd, 8638905.246, 140
Trd, 8638906.212, 140
Trd, 8638906.879, 140
Trd, 8638906.912, 134
Trd, 8638907.379, 140
Trd, 8638908.746, 140
Trd, 8638909.612, 140
Trd, 8638910.046, 140
Trd, 8638910.646, 140
Trd, 8638910.946, 140
Trd, 8638911.212, 140
Trd, 8638911.312, 140
Trd, 8638912.546, 140
Trd, 8638912.912, 140
Trd, 8638913.412, 140
Trd, 8638914.612, 140
Trd, 8638915.179, 140
Trd, 8638915.279, 140
Trd, 8638915.312, 140
Trd, 8638915.746, 140
Trd, 8638915.912, 139
Trd, 8638916.312, 140
Trd, 8638917.779, 140
Trd, 8638918.279, 140
Trd, 8638918.846, 140
Trd, 8638918.912, 140
Trd, 8638919.112, 103
Trd, 8638919.346, 102
Trd, 8638919.479, 100
Trd, 8638919.946, 140
Trd, 8638920.312, 140
Trd, 8638920.479, 140
Trd, 8638920.679, 140
Trd, 8638921.946, 140
Trd, 8638922.279, 140
Trd, 8638923.412, 63
Trd, 8638923.712, 65
Trd, 8638924.179, 63
Trd, 8638924.979, 60
Trd, 8638925.012, 60
Trd, 8638925.112, 60
Trd, 8638925.546, 60
Trd, 8638925.612, 61
Trd, 8638926.046, 60
Trd, 8638926.246, 61
Trd, 8638927.312, 60
Trd, 8638927.346, 61
Trd, 8638927.979, 60
Trd, 8638929.212, 60
Trd, 8638929.879, 60
Trd, 8638930.179, 60
Trd, 8638930.912, 60
Trd, 8638931.079, 60
Trd, 8638931.146, 61
Trd, 8638931.412, 62
Trd, 8638931.912, 65
Trd, 8638932.179, 64
Trd, 8638932.412, 63
Trd, 8638932.546, 64
Trd, 8638933.279, 65
Trd, 8638933.412, 66
Trd, 8638934.312, 69
Trd, 8638935.212, 71
Trd, 8638935.812, 66
Trd, 8638936.112, 75
Trd, 8638936.812, 140
Trd, 8638937.146, 140
Trd, 8638937.712, 140
Trd, 8638937.946, 140
Trd, 8638938.946, 140
Trd, 8638939.912, 140
Trd, 8638940.579, 140
Trd, 8638940.646, 140
Trd, 8638940.679, 140
Trd, 8638940.712, 140
Trd, 8638941.046, 140
Trd, 8638941.412, 140
Trd, 8638942.312, 140
Trd, 8638942.579, 140
Trd, 8638942.712, 140
Trd, 8638944.346, 140
Trd, 8638944.379, 140
Trd, 8638944.412, 140
Trd, 8638944.512, 138
Trd, 8638946.046, 140
Trd, 8638946.712, 140
Trd, 8638947.412, 140
Trd, 8638947.546, 140
Trd, 8638948.546, 140
Trd, 8638949.112, 140
Trd, 8638949.212, 140
Trd, 8638950.046, 140
Trd, 8638950.312, 140
Trd, 8638950.779, 140
Trd, 8638951.179, 140
Trd, 8638951.912, 140
Trd, 8638952.412, 140
Trd, 8638953.079, 140
Trd, 8638953.412, 140
Trd, 8638953.546, 140
Trd, 8638954.946, 140
Trd, 8638955.012, 140
Trd, 8638955.312, 139
Trd, 8638956.879, 140
Trd, 8638957.012, 140
Trd, 8638957.879, 140
Trd, 8638958.379, 140
Trd, 8638958.612, 140
Trd, 8638958.846, 140
Trd, 8638958.946, 140
Trd, 8638959.412, 140
Trd, 8638959.512, 140
Trd, 8638960.946, 140
Trd, 8638961.112, 140
Trd, 8638961.312, 140
Trd, 8638961.412, 138
Trd, 8638962.246, 140
Trd, 8638962.579, 140
Trd, 8638963.046, 140
Trd, 8638963.479, 139
Trd, 8638964.946, 140
Trd, 8638965.546, 130
Trd, 8638965.979, 126
Trd, 8638966.046, 130
Trd, 8638966.512, 129
Trd, 8638966.746, 126
Trd, 8638966.812, 131
Trd, 8638967.512, 135
Trd, 8638967.779, 125
Trd, 8638968.512, 140
Trd, 8638968.912, 140
Trd, 8638969.179, 139
Trd, 8638969.846, 140
Trd, 8638970.812, 140
Trd, 8638970.946, 140
Trd, 8638971.046, 140
Trd, 8638971.279, 140
Trd, 8638971.579, 140
Trd, 8638972.046, 139
Trd, 8638973.546, 138
Trd, 8638974.179, 140
Trd, 8638974.479, 139
Trd, 8638974.679, 139
Trd, 8638975.046, 138
Trd, 8638975.512, 140
Trd, 8638976.346, 140
Trd, 8638976.879, 140
Trd, 8638977.079, 139
Trd, 8638977.346, 140
Trd, 8638977.612, 140
Trd, 8638977.846, 140
Trd, 8638978.046, 140
Trd, 8638978.312, 140
Trd, 8638979.312, 140
Trd, 8638979.412, 140
Trd, 8638981.046, 140
Trd, 8638981.812, 140
Trd, 8638981.879, 140
Trd, 8638982.379, 114
Trd, 8638982.412, 98
Trd, 8638985.012, 140
Trd, 8638985.479, 140
Trd, 8638985.579, 140
Trd, 8638985.746, 140
Trd, 8638985.846, 140
Trd, 8638986.112, 140
Trd, 8638986.646, 140
Trd, 8638986.812, 140
Trd, 8638987.346, 140
Trd, 8638987.879, 140
Trd, 8638988.446, 140
Trd, 8638989.212, 140
Trd, 8638989.812, 140
Trd, 8638990.679, 140
Trd, 8638990.912, 140
Trd, 8638991.279, 140
Trd, 8638991.712, 140
Trd, 8638991.746, 140
Trd, 8638991.812, 140
Trd, 8638992.279, 140
Trd, 8638992.346, 139
Trd, 8638992.612, 139
Trd, 8638993.812, 140
Trd, 8638994.146, 140
Trd, 8638994.212, 140
Trd, 8638994.246, 140
Trd, 8638994.579, 140
Trd, 8638994.912, 139
Trd, 8638995.212, 137
Trd, 8638995.512, 139
Trd, 8638995.779, 138
Trd, 8638997.712, 140
Trd, 8638997.879, 140
Trd, 8638998.546, 140
Trd, 8638998.846, 140
Trd, 8638999.512, 140
Trd, 8639000.146, 140
Trd, 8639000.246, 140
Trd, 8639000.312, 140
Trd, 8639001.612, 140
Trd, 8639002.012, 140
Trd, 8639002.079, 140
Trd, 8639002.546, 140
Trd, 8639002.679, 140
Trd, 8639003.246, 140
Trd, 8639003.612, 140
Trd, 8639003.879, 140
Trd, 8639004.912, 140
Trd, 8639005.112, 140
Trd, 8639005.579, 140
Trd, 8639005.946, 139
Trd, 8639006.446, 137
Trd, 8639007.246, 140
Trd, 8639007.879, 140
Trd, 8639007.912, 140
Trd, 8639008.346, 140
Trd, 8639008.846, 140
Trd, 8639010.012, 140
Trd, 8639010.346, 140
Trd, 8639011.479, 140
Trd, 8639011.512, 140
Trd, 8639011.579, 140
Trd, 8639012.112, 60
Trd, 8639012.312, 60
Trd, 8639012.746, 60
Trd, 8639013.046, 60
Trd, 8639013.079, 61
Trd, 8639013.512, 60
Trd, 8639013.846, 64
Trd, 8639014.579, 140
Trd, 8639014.879, 64
Trd, 8639015.812, 129
Trd, 8639016.379, 136
Trd, 8639017.079, 140
Trd, 8639017.412, 140
Trd, 8639017.546, 140
Trd, 8639017.612, 136
Trd, 8639018.012, 139
Trd, 8639018.846, 140
Trd, 8639018.912, 140
Trd, 8639019.712, 139
Trd, 8639020.279, 138
Trd, 8639022.012, 140
Trd, 8639022.046, 140
Trd, 8639022.512, 140
Trd, 8639022.646, 140
Trd, 8639022.812, 140
Trd, 8639022.979, 140
Trd, 8639023.746, 112
Trd, 8639024.046, 131
Trd, 8639024.279, 130
Trd, 8639024.979, 88
Trd, 8639025.479, 90
Trd, 8639025.879, 114
Trd, 8639026.379, 140
Trd, 8639026.446, 140
Trd, 8639026.579, 140
Trd, 8639026.712, 140
Trd, 8639027.246, 140
Trd, 8639027.279, 138
Trd, 8639027.779, 138
Trd, 8639029.412, 140
Trd, 8639030.179, 140
Trd, 8639030.779, 140
Trd, 8639030.879, 140
Trd, 8639031.012, 140
Trd, 8639031.112, 126
Trd, 8639031.346, 125
Trd, 8639031.846, 138
Trd, 8639032.312, 140
Trd, 8639032.479, 140
Trd, 8639033.546, 140
Trd, 8639034.179, 140
Trd, 8639034.646, 140
Trd, 8639034.679, 140
Trd, 8639035.179, 140
Trd, 8639035.912, 140
Trd, 8639036.079, 139
Trd, 8639036.112, 139
Trd, 8639036.512, 140
Trd, 8639036.912, 140
Trd, 8639037.046, 140
Trd, 8639037.446, 139
Trd, 8639038.012, 111
Trd, 8639039.179, 140
Trd, 8639039.546, 140
Trd, 8639040.779, 140
Trd, 8639040.946, 140
Trd, 8639041.012, 140
Trd, 8639041.512, 140
Trd, 8639042.379, 140
Trd, 8639043.346, 140
Trd, 8639043.779, 140
Trd, 8639044.079, 140
Trd, 8639044.512, 140
Trd, 8639045.179, 140
Trd, 8639045.412, 140
Trd, 8639045.779, 140
Trd, 8639046.979, 140
Trd, 8639047.079, 140
Trd, 8639047.679, 140
Trd, 8639048.279, 140
Trd, 8639049.412, 140
Trd, 8639049.479, 140
Trd, 8639050.679, 140
Trd, 8639051.546, 140
Trd, 8639052.279, 140
Trd, 8639052.846, 140
Trd, 8639053.279, 140
Trd, 8639053.446, 140
Trd, 8639053.646, 140
Trd, 8639053.679, 140
Trd, 8639054.779, 140
Trd, 8639054.912, 140
Trd, 8639055.012, 140
Trd, 8639055.279, 140
Trd, 8639055.946, 140
Trd, 8639056.346, 140
Trd, 8639057.079, 140
Trd, 8639057.112, 140
Trd, 8639057.246, 138
Trd, 8639058.212, 138
Trd, 8639058.279, 121
Trd, 8639058.946, 70
Trd, 8639059.646, 66
Trd, 8639061.546, 140
Trd, 8639061.812, 140
Trd, 8639062.079, 140
Trd, 8639062.146, 140
Trd, 8639062.479, 140
Trd, 8639062.612, 140
Trd, 8639063.079, 140
Trd, 8639063.546, 140
Trd, 8639063.579, 140
Trd, 8639064.312, 140
Trd, 8639066.212, 140
Trd, 8639066.246, 140
Trd, 8639066.446, 140
Trd, 8639067.179, 140
Trd, 8639067.279, 140
Trd, 8639067.779, 140
Trd, 8639067.846, 140
Trd, 8639068.312, 140
Trd, 8639069.412, 140
Trd, 8639069.479, 140
Trd, 8639069.979, 140
Trd, 8639070.012, 139
Trd, 8639070.246, 140
Trd, 8639070.479, 140
Trd, 8639071.212, 134
Trd, 8639071.446, 74
Trd, 8639072.146, 140
Trd, 8639072.812, 140
Trd, 8639074.712, 140
Trd, 8639074.779, 140
Trd, 8639075.179, 140
Trd, 8639075.379, 140
Trd, 8639075.412, 140
Trd, 8639075.846, 140
Trd, 8639076.546, 140
Trd, 8639076.712, 140
Trd, 8639077.212, 139
Trd, 8639078.312, 140
Trd, 8639078.446, 140
Trd, 8639080.279, 140
Trd, 8639080.612, 140
Trd, 8639081.046, 140
Trd, 8639081.146, 140
Trd, 8639082.146, 140
Trd, 8639083.246, 140
Trd, 8639084.346, 140
Trd, 8639084.512, 140
Trd, 8639084.879, 140
Trd, 8639085.312, 140
Trd, 8639085.612, 140
Trd, 8639086.379, 140
Trd, 8639086.479, 140
Trd, 8639087.212, 140
Trd, 8639087.379, 140
Trd, 8639088.146, 140
Trd, 8639088.212, 140
Trd, 8639088.546, 140
Trd, 8639088.612, 140
Trd, 8639088.712, 139
Trd, 8639088.812, 129
Trd, 8639089.412, 140
Trd, 8639090.079, 140
Trd, 8639090.879, 140
Trd, 8639091.412, 140
Trd, 8639092.546, 140
Trd, 8639093.212, 140
Trd, 8639093.479, 140
Trd, 8639094.146, 140
Trd, 8639094.512, 140
Trd, 8639095.246, 140
Trd, 8639095.279, 140
Trd, 8639095.412, 140
Trd, 8639095.479, 139
Trd, 8639096.746, 140
Trd, 8639097.379, 140
Trd, 8639098.012, 140
Trd, 8639098.312, 140
Trd, 8639098.412, 140
Trd, 8639098.946, 139
Trd, 8639099.446, 140
Trd, 8639099.846, 140
Trd, 8639100.312, 140
Trd, 8639100.412, 140
Trd, 8639100.579, 140
Trd, 8639101.212, 140
Trd, 8639101.712, 140
Trd, 8639102.279, 140
Trd, 8639102.412, 140
Trd, 8639103.146, 139
Trd, 8639104.079, 140
Trd, 8639104.512, 139
Trd, 8639104.812, 136
Trd, 8639105.146, 115
Trd, 8639106.479, 140
Trd, 8639106.912, 140
Trd, 8639107.479, 140
Trd, 8639107.712, 140
Trd, 8639109.312, 140
Trd, 8639109.679, 140
Trd, 8639109.879, 140
Trd, 8639110.946, 140
Trd, 8639111.112, 140
Trd, 8639111.479, 140
Trd, 8639111.546, 140
Trd, 8639111.579, 140
Trd, 8639111.979, 139
Trd, 8639112.646, 140
Trd, 8639113.579, 140
Trd, 8639113.779, 140
Trd, 8639114.346, 140
Trd, 8639114.412, 140
Trd, 8639114.846, 140
Trd, 8639114.979, 140
Trd, 8639115.512, 140
Trd, 8639115.546, 140
Trd, 8639116.212, 140
Trd, 8639117.912, 140
Trd, 8639118.679, 140
Trd, 8639119.379, 140
Trd, 8639119.679, 140
Trd, 8639119.812, 140
Trd, 8639121.112, 140
Trd, 8639121.179, 140
Trd, 8639121.279, 140
Trd, 8639122.012, 140
Trd, 8639122.279, 140
Trd, 8639122.446, 140
Trd, 8639123.112, 140
Trd, 8639123.179, 140
Trd, 8639123.279, 78
Trd, 8639123.712, 140
Trd, 8639124.446, 136
Trd, 8639124.879, 95
Trd, 8639125.012, 140
Trd, 8639126.179, 139
Trd, 8639126.312, 138
Trd, 8639126.546, 138
Trd, 8639126.646, 140
Trd, 8639126.979, 140
Trd, 8639127.579, 140
Trd, 8639127.712, 138
Trd, 8639128.246, 137
Trd, 8639128.512, 131
Trd, 8639128.846, 140
Trd, 8639129.246, 140
Trd, 8639129.412, 114
Trd, 8639131.046, 140
Trd, 8639132.079, 140
Trd, 8639132.179, 140
Trd, 8639132.279, 139
Trd, 8639132.712, 140
Trd, 8639133.079, 139
Trd, 8639133.546, 140
Trd, 8639134.779, 140
Trd, 8639134.846, 140
Trd, 8639135.412, 140
Trd, 8639136.612, 140
Trd, 8639137.212, 140
Trd, 8639137.246, 140
Trd, 8639137.346, 140
Trd, 8639137.612, 140
Trd, 8639137.946, 139
Trd, 8639138.012, 138
Trd, 8639138.079, 136
Trd, 8639138.546, 139
Trd, 8639138.912, 137
Trd, 8639139.512, 82
Trd, 8639139.746, 83
Trd, 8639140.312, 65
Trd, 8639141.346, 66
Trd, 8639142.046, 61
Trd, 8639142.579, 60
Trd, 8639142.646, 61
Trd, 8639142.746, 62
Trd, 8639143.179, 60
Trd, 8639143.512, 62
Trd, 8639144.812, 60
Trd, 8639144.946, 60
Trd, 8639145.379, 60
Trd, 8639145.412, 61
Trd, 8639145.646, 60
Trd, 8639146.246, 60
Trd, 8639146.479, 108
Trd, 8639146.579, 107
Trd, 8639147.612, 61
Trd, 8639148.679, 60
Trd, 8639148.712, 64
Trd, 8639149.112, 60
Trd, 8639149.679, 126
Trd, 8639150.012, 75
Trd, 8639150.212, 66
Trd, 8639150.446, 122
Trd, 8639150.812, 67
Trd, 8639150.946, 125
Trd, 8639151.079, 66
Trd, 8639151.546, 65
Trd, 8639153.079, 77
Trd, 8639153.546, 69
Trd, 8639153.579, 71
Trd, 8639154.546, 60
Trd, 8639155.479, 61
Trd, 8639155.646, 60
Trd, 8639155.912, 61
Trd, 8639156.246, 62
Trd, 8639156.346, 61
Trd, 8639157.412, 62
Trd, 8639158.079, 63
Trd, 8639158.112, 63
Trd, 8639158.346, 66
Trd, 8639158.446, 63
Trd, 8639158.812, 65
Trd, 8639160.246, 140
Trd, 8639160.412, 140
Trd, 8639160.479, 140
Trd, 8639160.712, 140
Trd, 8639161.946, 140
Trd, 8639162.279, 140
Trd, 8639162.679, 140
Trd, 8639162.879, 140
Trd, 8639163.246, 140
Trd, 8639163.346, 140
Trd, 8639163.479, 139
Trd, 8639163.512, 138
Trd, 8639164.279, 140
Trd, 8639164.979, 140
Trd, 8639165.046, 137
Trd, 8639165.679, 138
Trd, 8639166.012, 140
Trd, 8639166.179, 140
Trd, 8639167.746, 140
Trd, 8639167.946, 140
Trd, 8639168.646, 140
Trd, 8639169.512, 140
Trd, 8639170.712, 140
Trd, 8639171.579, 140
Trd, 8639171.646, 140
Trd, 8639171.779, 140
Trd, 8639172.979, 140
Trd, 8639173.446, 140
Trd, 8639173.946, 140
Trd, 8639174.012, 140
Trd, 8639174.146, 140
Trd, 8639174.346, 140
Trd, 8639174.546, 140
Trd, 8639174.946, 140
Trd, 8639175.212, 140
Trd, 8639175.912, 140
Trd, 8639176.246, 140
Trd, 8639176.279, 140
Trd, 8639176.312, 139
Trd, 8639176.679, 129
Trd, 8639177.312, 140
Trd, 8639178.246, 140
Trd, 8639178.346, 140
Trd, 8639178.579, 140
Trd, 8639178.679, 138
Trd, 8639179.712, 140
Trd, 8639179.846, 115
Trd, 8639181.179, 140
Trd, 8639182.046, 140
Trd, 8639182.246, 140
Trd, 8639182.279, 140
Trd, 8639182.679, 115
Trd, 8639182.946, 140
Trd, 8639183.246, 140
Trd, 8639184.079, 140
Trd, 8639184.446, 140
Trd, 8639185.212, 140
Trd, 8639186.112, 140
Trd, 8639186.279, 140
Trd, 8639186.312, 140
Trd, 8639186.346, 140
Trd, 8639187.012, 140
Trd, 8639187.379, 139
Trd, 8639187.546, 139
Trd, 8639187.979, 140
Trd, 8639188.012, 140
Trd, 8639189.012, 140
Trd, 8639189.212, 98
Trd, 8639190.512, 140
Trd, 8639192.479, 140
Trd, 8639192.679, 140
Trd, 8639193.179, 140
Trd, 8639193.346, 140
Trd, 8639194.412, 140
Trd, 8639194.779, 140
Trd, 8639195.346, 140
Trd, 8639195.412, 140
Trd, 8639195.979, 140
Trd, 8639196.412, 139
Trd, 8639196.679, 138
Trd, 8639197.079, 139
Trd, 8639197.446, 138
Trd, 8639197.546, 140
Trd, 8639197.712, 139
Trd, 8639197.946, 139
Trd, 8639198.279, 84
Trd, 8639198.879, 137
Trd, 8639198.946, 78
Trd, 8639199.446, 134
Trd, 8639200.346, 139
Trd, 8639200.579, 113
Trd, 8639200.646, 139
Trd, 8639200.812, 100
Trd, 8639202.112, 79
Trd, 8639202.146, 73
Trd, 8639202.279, 72
Trd, 8639202.546, 62
Trd, 8639203.079, 80
Trd, 8639203.246, 82
Trd, 8639204.112, 82
Trd, 8639204.179, 84
Trd, 8639204.679, 89
Trd, 8639205.179, 119
Trd, 8639205.312, 118
Trd, 8639206.912, 136
Trd, 8639207.146, 140
Trd, 8639207.546, 140
Trd, 8639207.946, 140
Trd, 8639207.979, 134
Trd, 8639208.112, 130
Trd, 8639208.646, 140
Trd, 8639208.812, 140
Trd, 8639209.212, 140
Trd, 8639209.912, 140
Trd, 8639210.679, 140
Trd, 8639211.112, 140
Trd, 8639211.612, 140
Trd, 8639211.812, 140
Trd, 8639211.912, 140
Trd, 8639212.246, 140
Trd, 8639212.712, 139
Trd, 8639213.112, 140
Trd, 8639213.579, 140
Trd, 8639213.879, 140
Trd, 8639214.179, 140
Trd, 8639214.879, 140
Trd, 8639215.746, 140
Trd, 8639216.146, 139
Trd, 8639216.612, 125
Trd, 8639217.346, 137
Trd, 8639217.512, 140
Trd, 8639217.579, 140
Trd, 8639217.679, 136
Trd, 8639219.012, 140
Trd, 8639219.279, 140
Trd, 8639219.579, 140
Trd, 8639219.879, 140
Trd, 8639220.146, 140
Trd, 8639221.812, 140
Trd, 8639222.546, 140
Trd, 8639223.112, 140
Trd, 8639223.246, 140
Trd, 8639223.312, 140
Trd, 8639223.612, 140
Trd, 8639223.779, 140
Trd, 8639224.146, 140
Trd, 8639225.346, 140
Trd, 8639226.212, 140
Trd, 8639226.246, 140
Trd, 8639226.512, 140
Trd, 8639226.846, 140
Trd, 8639227.579, 140
Trd, 8639227.779, 139
Trd, 8639227.879, 140
Trd, 8639228.546, 138
Trd, 8639228.679, 138
Trd, 8639229.312, 109
Trd, 8639229.412, 108
Trd, 8639229.979, 139
Trd, 8639230.046, 132
Trd, 8639230.879, 140
Trd, 8639230.912, 121
Trd, 8639231.912, 88
Trd, 8639232.179, 88
Trd, 8639232.646, 129
Trd, 8639232.779, 124
Trd, 8639233.246, 140
Trd, 8639233.712, 124
Trd, 8639234.546, 140
Trd, 8639235.612, 140
Trd, 8639235.712, 140
Trd, 8639237.912, 140
Trd, 8639237.946, 140
Trd, 8639238.146, 140
Trd, 8639238.279, 140
Trd, 8639238.412, 140
Trd, 8639238.579, 140
Trd, 8639238.879, 140
Trd, 8639239.112, 140
Trd, 8639239.712, 140
Trd, 8639239.746, 140
Trd, 8639239.779, 139
Trd, 8639240.479, 140
Trd, 8639240.779, 140
Trd, 8639241.346, 140
Trd, 8639242.946, 140
Trd, 8639243.746, 140
Trd, 8639244.046, 140
Trd, 8639244.312, 140
Trd, 8639245.646, 140
Trd, 8639245.679, 140
Trd, 8639245.779, 140
Trd, 8639248.079, 140
Trd, 8639248.612, 140
Trd, 8639248.712, 140
Trd, 8639249.212, 140
Trd, 8639249.246, 140
Trd, 8639250.546, 140
Trd, 8639250.979, 140
Trd, 8639251.212, 140
Trd, 8639251.612, 140
Trd, 8639252.379, 140
Trd, 8639252.412, 140
Trd, 8639252.512, 139
Trd, 8639252.846, 139
Trd, 8639253.312, 140
Trd, 8639253.346, 137
Trd, 8639253.479, 140
Trd, 8639254.212, 138
Trd, 8639254.279, 140
Trd, 8639254.312, 137
Trd, 8639256.179, 140
Trd, 8639256.546, 140
Trd, 8639256.646, 140
Trd, 8639256.712, 138
Trd, 8639257.479, 140
Trd, 8639258.479, 140
Trd, 8639260.312, 140
Trd, 8639260.546, 140
Trd, 8639261.779, 140
Trd, 8639261.946, 139
Trd, 8639262.012, 139
Trd, 8639262.079, 138
Trd, 8639262.179, 138
Trd, 8639262.446, 139
Trd, 8639262.746, 136
Trd, 8639263.246, 96
Trd, 8639263.312, 95
Trd, 8639263.512, 68
Trd, 8639263.646, 132
Trd, 8639263.746, 133
Trd, 8639263.979, 68
Trd, 8639265.646, 140
Trd, 8639265.912, 140
Trd, 8639266.279, 140
Trd, 8639266.379, 140
Trd, 8639266.479, 139
Trd, 8639267.679, 139
Trd, 8639268.579, 140
Trd, 8639269.379, 140
Trd, 8639270.012, 140
Trd, 8639270.146, 140
Trd, 8639270.679, 140
Trd, 8639271.646, 140
Trd, 8639271.779, 140
Trd, 8639272.246, 137
Trd, 8639272.479, 140
Trd, 8639272.712, 140
Trd, 8639273.146, 136
Trd, 8639273.346, 95
Trd, 8639273.746, 136
Trd, 8639273.812, 137
Trd, 8639274.412, 92
Trd, 8639274.912, 70
Trd, 8639275.079, 135
Trd, 8639276.279, 64
Trd, 8639276.879, 61
Trd, 8639277.346, 60
Trd, 8639277.746, 60
Trd, 8639277.779, 60
Trd, 8639278.012, 60
Trd, 8639278.112, 66
Trd, 8639279.046, 140
Trd, 8639280.112, 140
Trd, 8639280.379, 140
Trd, 8639280.546, 140
Trd, 8639281.179, 140
Trd, 8639281.212, 140
Trd, 8639281.379, 139
Trd, 8639281.646, 140
Trd, 8639282.712, 60
Trd, 8639284.446, 60
Trd, 8639284.579, 66
Trd, 8639285.179, 63
Trd, 8639285.212, 64
Trd, 8639285.812, 67
Trd, 8639285.846, 66
Trd, 8639285.979, 70
Trd, 8639286.612, 69
Trd, 8639286.646, 67
Trd, 8639287.246, 67
Trd, 8639288.112, 69
Trd, 8639288.546, 140
Trd, 8639288.912, 140
Trd, 8639288.946, 140
Trd, 8639289.012, 119
Trd, 8639289.379, 66
Trd, 8639289.812, 66
Trd, 8639290.479, 115
Trd, 8639290.779, 68
Trd, 8639291.012, 139
Trd, 8639291.412, 139
Trd, 8639292.712, 61
Trd, 8639292.746, 62
Trd, 8639292.779, 63
Trd, 8639293.146, 64
Trd, 8639293.379, 70
Trd, 8639293.546, 72
Trd, 8639294.079, 60
Trd, 8639295.412, 62
Trd, 8639295.479, 61
Trd, 8639295.546, 63
Trd, 8639296.479, 66
Trd, 8639296.646, 63
Trd, 8639296.812, 74
Trd, 8639297.012, 95
Trd, 8639297.446, 73
Trd, 8639297.912, 73
Trd, 8639299.112, 121
Trd, 8639299.679, 126
Trd, 8639300.212, 140
Trd, 8639301.179, 140
Trd, 8639301.546, 140
Trd, 8639301.846, 140
Trd, 8639302.312, 140
Trd, 8639302.346, 138
Trd, 8639302.546, 123
Trd, 8639302.746, 140
Trd, 8639303.112, 128
Trd, 8639303.679, 140
Trd, 8639304.212, 125
Trd, 8639304.412, 139
Trd, 8639304.979, 126
Trd, 8639305.779, 129
Trd, 8639305.979, 137
Trd, 8639306.046, 138
Trd, 8639306.146, 128
Trd, 8639306.712, 127
Trd, 8639307.546, 140
Trd, 8639307.946, 140
Trd, 8639308.679, 140
Trd, 8639308.846, 140
Trd, 8639309.212, 138
Trd, 8639309.446, 140
Trd, 8639309.579, 139
Trd, 8639310.046, 140
Trd, 8639310.679, 140
Trd, 8639311.246, 140
Trd, 8639311.746, 136
Trd, 8639312.412, 122
Trd, 8639312.979, 137
Trd, 8639313.179, 137
Trd, 8639313.446, 111
Trd, 8639313.479, 110
Trd, 8639314.412, 140
Trd, 8639314.512, 140
Trd, 8639314.879, 140
Trd, 8639315.146, 117
Trd, 8639315.446, 140
Trd, 8639315.546, 139
Trd, 8639316.412, 110
Trd, 8639317.379, 140
Trd, 8639317.446, 140
Trd, 8639318.079, 140
Trd, 8639318.846, 139
Trd, 8639319.312, 78
Trd, 8639319.512, 138
Trd, 8639319.812, 138
Trd, 8639320.546, 121
Trd, 8639320.812, 135
Trd, 8639321.712, 140
Trd, 8639321.812, 140
Trd, 8639321.846, 140
Trd, 8639322.012, 104
Trd, 8639322.646, 111
Trd, 8639323.079, 140
Trd, 8639323.612, 139
Trd, 8639323.912, 138
Trd, 8639326.446, 140
Trd, 8639326.979, 140
Trd, 8639327.012, 140
Trd, 8639327.146, 140
Trd, 8639327.312, 63
Trd, 8639327.612, 63
Trd, 8639327.846, 62
Trd, 8639327.979, 64
Trd, 8639329.012, 122
Trd, 8639329.612, 121
Trd, 8639329.679, 120
Trd, 8639330.212, 64
Trd, 8639330.346, 62
Trd, 8639330.479, 132
Trd, 8639330.746, 62
Trd, 8639330.912, 136
Trd, 8639331.479, 120
Trd, 8639332.346, 140
Trd, 8639332.546, 140
Trd, 8639332.812, 140
Trd, 8639333.979, 140
Trd, 8639334.312, 140
Trd, 8639334.512, 140
Trd, 8639334.912, 139
Trd, 8639335.779, 140
Trd, 8639335.812, 139
Trd, 8639336.379, 140
Trd, 8639336.646, 140
Trd, 8639337.146, 140
Trd, 8639337.679, 140
Trd, 8639338.379, 139
Trd, 8639339.612, 140
Trd, 8639339.679, 140
Trd, 8639340.212, 140
Trd, 8639340.312, 140
Trd, 8639340.779, 140
Trd, 8639340.912, 140
Trd, 8639341.612, 139
Trd, 8639342.279, 139
Trd, 8639342.379, 140
Trd, 8639343.079, 138
Trd, 8639343.246, 123
Trd, 8639343.579, 124
Trd, 8639343.846, 125
Trd, 8639344.512, 137
Trd, 8639345.012, 140
Trd, 8639345.046, 137
Trd, 8639346.246, 140
Trd, 8639346.312, 140
Trd, 8639346.746, 140
Trd, 8639346.879, 139
Trd, 8639347.346, 140
Trd, 8639348.412, 124
Trd, 8639350.146, 140
Trd, 8639350.179, 140
Trd, 8639350.412, 140
Trd, 8639350.446, 140
Trd, 8639350.579, 140
Trd, 8639351.046, 139
Trd, 8639352.379, 140
Trd, 8639352.912, 140
Trd, 8639353.312, 140
Trd, 8639353.412, 140
Trd, 8639353.812, 140
Trd, 8639354.946, 140
Trd, 8639355.346, 140
Trd, 8639355.779, 139
Trd, 8639356.079, 140
Trd, 8639356.312, 140
Trd, 8639357.579, 140
Trd, 8639357.746, 140
Trd, 8639357.779, 139
Trd, 8639357.979, 140
Trd, 8639358.212, 139
Trd, 8639358.546, 140
Trd, 8639358.946, 140
Trd, 8639359.046, 140
Trd, 8639359.446, 138
Trd, 8639359.812, 140
Trd, 8639360.179, 139
Trd, 8639360.212, 130
Trd, 8639361.446, 137
Trd, 8639361.546, 136
Trd, 8639361.846, 63
Trd, 8639362.879, 139
Trd, 8639362.979, 139
Trd, 8639363.379, 138
Trd, 8639365.046, 140
Trd, 8639365.379, 140
Trd, 8639365.546, 140
Trd, 8639365.912, 140
Trd, 8639366.212, 140
Trd, 8639367.546, 139
Trd, 8639367.879, 140
Trd, 8639368.946, 140
Trd, 8639368.979, 140
Trd, 8639370.246, 140
Trd, 8639370.279, 140
Trd, 8639370.379, 140
Trd, 8639370.812, 140
Trd, 8639371.479, 140
Trd, 8639371.979, 140
Trd, 8639372.079, 140
Trd, 8639372.346, 140
Trd, 8639372.412, 140
Trd, 8639372.746, 140
Trd, 8639372.946, 140
Trd, 8639373.379, 137
Trd, 8639373.979, 123
Trd, 8639374.146, 122
Trd, 8639374.312, 139
Trd, 8639374.379, 97
Trd, 8639375.112, 140
Trd, 8639376.612, 140
Trd, 8639376.879, 140
Trd, 8639376.912, 140
Trd, 8639377.246, 140
Trd, 8639377.346, 140
Trd, 8639378.112, 140
Trd, 8639378.512, 140
Trd, 8639379.212, 140
Trd, 8639380.179, 140
Trd, 8639380.279, 140
Trd, 8639380.712, 140
Trd, 8639381.446, 140
Trd, 8639381.479, 140
Trd, 8639381.679, 140
Trd, 8639382.512, 140
Trd, 8639382.846, 134
Trd, 8639383.712, 140
Trd, 8639383.979, 139
Trd, 8639384.512, 140
Trd, 8639385.279, 140
Trd, 8639385.312, 140
Trd, 8639385.346, 140
Trd, 8639385.412, 140
Trd, 8639386.646, 140
Trd, 8639386.679, 136
Trd, 8639386.946, 128
Trd, 8639387.346, 127
Trd, 8639388.379, 60
Trd, 8639388.812, 60
Trd, 8639389.412, 61
Trd, 8639389.912, 60
Trd, 8639390.479, 60
Trd, 8639390.546, 61
Trd, 8639391.146, 61
Trd, 8639391.279, 62
Trd, 8639391.479, 63
Trd, 8639392.079, 65
Trd, 8639392.712, 77
Trd, 8639393.946, 61
Trd, 8639394.712, 60
Trd, 8639394.912, 60
Trd, 8639395.546, 60
Trd, 8639395.579, 60
Trd, 8639396.146, 61
Trd, 8639396.479, 61
Trd, 8639396.679, 62
Trd, 8639396.779, 65
Trd, 8639397.079, 63
Trd, 8639397.546, 63
Trd, 8639397.612, 66
Trd, 8639398.012, 70
Trd, 8639398.212, 69
Trd, 8639398.312, 124
Trd, 8639398.479, 105
Trd, 8639399.246, 140
Trd, 8639399.479, 68
Trd, 8639400.179, 124
Trd, 8639402.346, 140
Trd, 8639402.379, 140
Trd, 8639402.446, 140
Trd, 8639404.112, 140
Trd, 8639404.579, 140
Trd, 8639404.712, 140
Trd, 8639405.046, 140
Trd, 8639405.312, 140
Trd, 8639406.212, 140
Trd, 8639406.279, 140
Trd, 8639406.379, 140
Trd, 8639406.912, 140
Trd, 8639407.079, 137
Trd, 8639407.146, 136
Trd, 8639407.179, 129
Trd, 8639407.479, 139
Trd, 8639407.912, 114
Trd, 8639408.379, 136
Trd, 8639408.979, 138
Trd, 8639409.546, 138
Trd, 8639409.879, 88
Trd, 8639410.412, 89
Trd, 8639410.979, 140
Trd, 8639411.546, 140
Trd, 8639411.679, 140
Trd, 8639412.112, 140
Trd, 8639412.879, 140
Trd, 8639413.312, 139
Trd, 8639414.412, 140
Trd, 8639414.612, 140
Trd, 8639415.079, 140
Trd, 8639415.112, 140
Trd, 8639415.246, 140
Trd, 8639415.812, 140
Trd, 8639416.512, 140
Trd, 8639417.046, 140
Trd, 8639417.679, 140
Trd, 8639419.079, 140
Trd, 8639419.346, 140
Trd, 8639420.012, 140
Trd, 8639420.312, 140
Trd, 8639420.479, 140
Trd, 8639420.946, 140
Trd, 8639421.079, 140
Trd, 8639422.446, 140
Trd, 8639422.646, 140
Trd, 8639422.712, 134
Trd, 8639423.646, 140
Trd, 8639424.012, 140
Trd, 8639424.212, 140
Trd, 8639424.412, 140
Trd, 8639424.512, 140
Trd, 8639424.646, 140
Trd, 8639424.712, 139
Trd, 8639424.879, 97
Trd, 8639426.046, 140
Trd, 8639426.546, 140
Trd, 8639426.579, 140
Trd, 8639426.879, 140
Trd, 8639427.279, 137
Trd, 8639428.146, 121
Trd, 8639430.212, 140
Trd, 8639431.212, 140
Trd, 8639431.479, 140
Trd, 8639431.512, 140
Trd, 8639431.746, 140
Trd, 8639431.779, 140
Trd, 8639431.879, 140
Trd, 8639431.912, 140
Trd, 8639432.312, 140
Trd, 8639432.446, 140
Trd, 8639432.579, 140
Trd, 8639432.812, 140
Trd, 8639432.879, 136
Trd, 8639433.179, 139
Trd, 8639433.679, 136
Trd, 8639434.312, 140
Trd, 8639434.446, 139
Trd, 8639434.946, 130
Trd, 8639435.679, 98
Trd, 8639436.846, 140
Trd, 8639437.112, 140
Trd, 8639437.512, 140
Trd, 8639437.546, 140
Trd, 8639438.346, 140
Trd, 8639439.346, 140
Trd, 8639439.479, 140
Trd, 8639439.912, 139
Trd, 8639440.912, 120
Trd, 8639440.979, 119
Trd, 8639441.312, 114
Trd, 8639441.946, 105
Trd, 8639442.212, 61
Trd, 8639442.412, 139
Trd, 8639442.646, 138
Trd, 8639443.146, 137
Trd, 8639443.346, 128
Trd, 8639444.879, 117
Trd, 8639445.146, 117
Trd, 8639445.379, 116
Trd, 8639446.912, 117
Trd, 8639447.012, 116
Trd, 8639447.112, 120
Trd, 8639447.446, 120
Trd, 8639447.612, 116
Trd, 8639447.812, 120
Trd, 8639447.979, 60
Trd, 8639449.046, 119
Trd, 8639449.212, 90
Trd, 8639449.912, 61
Trd, 8639450.012, 72
Trd, 8639450.212, 78
Trd, 8639452.046, 62
Trd, 8639452.246, 62
Trd, 8639452.579, 63
Trd, 8639452.712, 63
Trd, 8639453.279, 64
Trd, 8639453.312, 63
Trd, 8639453.379, 65
Trd, 8639453.646, 66
Trd, 8639453.812, 64
Trd, 8639453.879, 79
Trd, 8639454.679, 63
Trd, 8639454.979, 65
Trd, 8639455.679, 71
Trd, 8639455.946, 72
Trd, 8639456.612, 71
Trd, 8639456.912, 68
Trd, 8639457.479, 71
Trd, 8639457.779, 72
Trd, 8639458.379, 140
Trd, 8639458.446, 140
Trd, 8639458.946, 140
Trd, 8639459.612, 140
Trd, 8639460.379, 140
Trd, 8639461.079, 140
Trd, 8639461.146, 140
Trd, 8639461.179, 140
Trd, 8639462.112, 140
Trd, 8639462.246, 140
Trd, 8639462.346, 140
Trd, 8639462.579, 140
Trd, 8639462.646, 139
Trd, 8639462.946, 140
Trd, 8639463.146, 139
Trd, 8639463.179, 138
Trd, 8639463.546, 117
Trd, 8639465.646, 140
Trd, 8639465.712, 140
Trd, 8639466.046, 140
Trd, 8639467.412, 140
Trd, 8639467.612, 140
Trd, 8639468.479, 140
Trd, 8639468.512, 140
Trd, 8639468.579, 140
Trd, 8639468.746, 140
Trd, 8639470.879, 140
Trd, 8639471.379, 140
Trd, 8639471.912, 140
Trd, 8639472.179, 140
Trd, 8639472.746, 140
Trd, 8639473.079, 140
Trd, 8639473.279, 140
Trd, 8639473.779, 140
Trd, 8639474.846, 140
Trd, 8639475.079, 140
Trd, 8639475.379, 140
Trd, 8639475.546, 140
Trd, 8639475.712, 140
Trd, 8639476.512, 140
Trd, 8639478.612, 140
Trd, 8639478.779, 140
Trd, 8639478.812, 140
Trd, 8639478.846, 140
Trd, 8639479.079, 140
Trd, 8639479.512, 140
Trd, 8639480.012, 140
Trd, 8639480.146, 139
Trd, 8639480.646, 140
Trd, 8639481.546, 139
Trd, 8639481.812, 138
Trd, 8639482.446, 140
Trd, 8639483.079, 140
Trd, 8639483.379, 137
Trd, 8639483.946, 138
Trd, 8639484.279, 140
Trd, 8639484.379, 106
Trd, 8639484.546, 136
Trd, 8639485.046, 140
Trd, 8639485.279, 137
Trd, 8639486.212, 61
Trd, 8639486.346, 62
Trd, 8639487.179, 140
Trd, 8639487.912, 140
Trd, 8639488.279, 140
Trd, 8639488.412, 139
Trd, 8639488.579, 137
Trd, 8639488.712, 136
Trd, 8639489.279, 139
Trd, 8639490.246, 140
Trd, 8639491.479, 140
Trd, 8639491.612, 140
Trd, 8639491.679, 140
Trd, 8639492.046, 140
Trd, 8639492.212, 140
Trd, 8639493.012, 139
Trd, 8639493.246, 140
Trd, 8639493.546, 138
Trd, 8639494.179, 113
Trd, 8639494.646, 134
Trd, 8639495.012, 134
Trd, 8639495.412, 135
Trd, 8639495.546, 133
Trd, 8639495.912, 119
Trd, 8639496.079, 139
Trd, 8639496.546, 118
Trd, 8639497.546, 140
Trd, 8639499.946, 140
Trd, 8639500.479, 140
Trd, 8639500.879, 140
Trd, 8639500.946, 140
Trd, 8639501.412, 140
Trd, 8639501.812, 140
Trd, 8639502.312, 140
Trd, 8639502.712, 140
Trd, 8639503.046, 140
Trd, 8639503.146, 139
Trd, 8639504.712, 140
Trd, 8639505.279, 140
Trd, 8639505.612, 140
Trd, 8639507.412, 140
Trd, 8639507.779, 140
Trd, 8639508.446, 140
Trd, 8639508.512, 140
Trd, 8639508.712, 140
Trd, 8639508.879, 140
Trd, 8639509.412, 140
Trd, 8639509.979, 140
Trd, 8639510.379, 140
Trd, 8639510.779, 140
Trd, 8639510.812, 139
Trd, 8639511.012, 139
Trd, 8639511.412, 64
Trd, 8639511.512, 128
Trd, 8639512.346, 60
Trd, 8639512.612, 61
Trd, 8639513.712, 68
Trd, 8639513.979, 60
Trd, 8639514.346, 61
Trd, 8639514.679, 77
Trd, 8639516.346, 140
Trd, 8639516.479, 140
Trd, 8639516.846, 140
Trd, 8639517.579, 140
Trd, 8639517.912, 140
Trd, 8639518.212, 140
Trd, 8639518.379, 140
Trd, 8639518.746, 140
Trd, 8639518.979, 140
Trd, 8639519.646, 140
Trd, 8639520.379, 140
Trd, 8639521.412, 140
Trd, 8639521.779, 140
Trd, 8639522.446, 140
Trd, 8639522.646, 140
Trd, 8639522.846, 140
Trd, 8639524.246, 140
Trd, 8639524.279, 140
Trd, 8639526.079, 140
Trd, 8639526.179, 140
Trd, 8639526.312, 140
Trd, 8639526.779, 140
Trd, 8639527.079, 140
Trd, 8639527.112, 121
Trd, 8639527.412, 139
Trd, 8639528.012, 139
Trd, 8639528.046, 137
Trd, 8639528.079, 95
Trd, 8639528.312, 94
Trd, 8639529.746, 64
Trd, 8639529.779, 74
Trd, 8639530.246, 61
Trd, 8639530.512, 68
Trd, 8639531.146, 68
Trd, 8639531.512, 60
Trd, 8639531.879, 60
Trd, 8639532.346, 60
Trd, 8639533.112, 61
Trd, 8639533.146, 61
Trd, 8639533.412, 61
Trd, 8639533.479, 63
Trd, 8639534.112, 66
Trd, 8639534.946, 88
Trd, 8639535.079, 60
Trd, 8639536.579, 140
Trd, 8639536.646, 140
Trd, 8639537.012, 140
Trd, 8639537.112, 140
Trd, 8639537.412, 140
Trd, 8639538.079, 140
Trd, 8639538.312, 140
Trd, 8639539.179, 140
Trd, 8639539.779, 140
Trd, 8639540.379, 140
Trd, 8639540.546, 140
Trd, 8639540.746, 140
Trd, 8639541.412, 140
Trd, 8639541.679, 140
Trd, 8639541.879, 140
Trd, 8639542.279, 140
Trd, 8639544.112, 140
Trd, 8639545.212, 140
Trd, 8639545.246, 140
Trd, 8639545.479, 140
Trd, 8639545.579, 140
Trd, 8639545.779, 140
Trd, 8639545.912, 140
Trd, 8639546.412, 140
Trd, 8639546.679, 140
Trd, 8639546.812, 140
Trd, 8639548.246, 140
Trd, 8639548.612, 140
Trd, 8639548.679, 140
Trd, 8639549.112, 139
Trd, 8639550.412, 140
Trd, 8639550.712, 139
Trd, 8639551.079, 138
Trd, 8639551.246, 139
Trd, 8639552.512, 140
Trd, 8639552.712, 108
Trd, 8639553.079, 109
Trd, 8639554.279, 140
Trd, 8639555.712, 140
Trd, 8639556.212, 140
Trd, 8639556.446, 140
Trd, 8639557.746, 140
Trd, 8639557.912, 140
Trd, 8639558.112, 140
Trd, 8639558.146, 140
Trd, 8639558.412, 140
Trd, 8639558.546, 140
Trd, 8639558.679, 140
Trd, 8639558.812, 136
Trd, 8639559.312, 133
Trd, 8639560.179, 140
Trd, 8639560.412, 140
Trd, 8639560.646, 140
Trd, 8639560.879, 140
Trd, 8639560.912, 79
Trd, 8639561.846, 118
Trd, 8639562.146, 117
Trd, 8639562.212, 139
Trd, 8639562.346, 63
Trd, 8639563.546, 140
Trd, 8639565.046, 140
Trd, 8639565.546, 140
Trd, 8639566.479, 140
Trd, 8639567.812, 140
Trd, 8639568.246, 140
Trd, 8639568.279, 140
Trd, 8639568.312, 140
Trd, 8639568.879, 140
Trd, 8639569.146, 140
Trd, 8639569.379, 140
Trd, 8639569.679, 140
Trd, 8639570.212, 140
Trd, 8639570.646, 140
Trd, 8639571.179, 140
Trd, 8639571.679, 140
Trd, 8639572.346, 140
Trd, 8639573.046, 140
Trd, 8639573.512, 140
Trd, 8639573.912, 140
Trd, 8639574.046, 140
Trd, 8639574.479, 140
Trd, 8639574.746, 139
Trd, 8639575.112, 139
Trd, 8639575.479, 140
Trd, 8639575.712, 87
Trd, 8639575.879, 139
Trd, 8639576.912, 140
Trd, 8639577.012, 140
Trd, 8639577.112, 140
Trd, 8639577.212, 140
Trd, 8639579.012, 140
Trd, 8639579.146, 140
Trd, 8639579.612, 140
Trd, 8639579.712, 140
Trd, 8639579.879, 138
Trd, 8639580.946, 140
Trd, 8639581.112, 140
Trd, 8639581.879, 140
Trd, 8639582.446, 140
Trd, 8639582.846, 140
Trd, 8639583.112, 140
Trd, 8639583.212, 140
Trd, 8639583.812, 140
Trd, 8639583.946, 137
Trd, 8639584.812, 140
Trd, 8639585.579, 140
Trd, 8639586.479, 140
Trd, 8639587.412, 140
Trd, 8639587.579, 140
Trd, 8639587.879, 140
Trd, 8639588.479, 140
Trd, 8639588.546, 140
Trd, 8639589.279, 140
Trd, 8639589.312, 140
Trd, 8639589.412, 139
Trd, 8639589.546, 139
Trd, 8639589.979, 138
Trd, 8639590.412, 106
Trd, 8639591.312, 140
Trd, 8639591.812, 139
Trd, 8639592.646, 140
Trd, 8639593.012, 140
Trd, 8639593.146, 140
Trd, 8639593.179, 140
Trd, 8639593.479, 138
Trd, 8639593.679, 140
Trd, 8639593.812, 138
Trd, 8639594.212, 139
Trd, 8639595.412, 140
Trd, 8639596.012, 140
Trd, 8639597.046, 140
Trd, 8639597.246, 140
Trd, 8639597.779, 140
Trd, 8639598.179, 140
Trd, 8639599.112, 140
Trd, 8639600.446, 140
Trd, 8639601.946, 140
Trd, 8639602.212, 140
Trd, 8639602.412, 140
Trd, 8639602.879, 140
Trd, 8639603.412, 140
Trd, 8639604.112, 140
Trd, 8639604.279, 140
Trd, 8639604.412, 140
Trd, 8639604.946, 140
Trd, 8639605.379, 140
Trd, 8639606.779, 140
Trd, 8639607.012, 140
Trd, 8639607.312, 140
Trd, 8639607.646, 140
Trd, 8639607.779, 140
Trd, 8639608.046, 140
Trd, 8639608.179, 140
Trd, 8639608.212, 140
Trd, 8639608.312, 138
Trd, 8639609.046, 138
Trd, 8639609.612, 97
Trd, 8639610.712, 111
Trd, 8639611.512, 139
Trd, 8639612.946, 140
Trd, 8639613.379, 140
Trd, 8639613.579, 140
Trd, 8639613.612, 140
Trd, 8639613.646, 140
Trd, 8639614.346, 140
Trd, 8639614.746, 140
Trd, 8639615.146, 140
Trd, 8639615.612, 140
Trd, 8639615.779, 140
Trd, 8639616.079, 140
Trd, 8639616.246, 139
Trd, 8639616.546, 140
Trd, 8639617.079, 140
Trd, 8639617.212, 87
Trd, 8639617.446, 72
Trd, 8639617.612, 71
Trd, 8639618.012, 110
Trd, 8639618.912, 138
Trd, 8639619.546, 140
Trd, 8639620.479, 140
Trd, 8639620.712, 140
Trd, 8639620.812, 140
Trd, 8639620.912, 140
Trd, 8639620.946, 140
Trd, 8639621.712, 111
Trd, 8639622.212, 139
Trd, 8639622.512, 69
Trd, 8639623.012, 136
Trd, 8639623.312, 138
Trd, 8639623.746, 138
Trd, 8639624.012, 136
Trd, 8639624.079, 139
Trd, 8639625.346, 140
Trd, 8639625.512, 140
Trd, 8639625.579, 140
Trd, 8639626.079, 140
Trd, 8639627.979, 140
Trd, 8639628.012, 140
Trd, 8639628.146, 139
Trd, 8639628.379, 140
Trd, 8639628.979, 140
Trd, 8639629.812, 140
Trd, 8639629.879, 140
Trd, 8639630.079, 140
Trd, 8639630.646, 139
Trd, 8639630.779, 131
Trd, 8639632.446, 140
Trd, 8639632.712, 140
Trd, 8639633.279, 140
Trd, 8639633.346, 140
Trd, 8639633.679, 140
Trd, 8639634.012, 140
Trd, 8639634.512, 140
Trd, 8639634.679, 139
Trd, 8639634.979, 140
Trd, 8639635.012, 139
Trd, 8639635.246, 139
Trd, 8639635.312, 138
Trd, 8639635.512, 104
Trd, 8639635.979, 140
Trd, 8639637.246, 140
Trd, 8639637.579, 140
Trd, 8639637.679, 140
Trd, 8639637.879, 138
Trd, 8639638.312, 137
Trd, 8639638.579, 133
Trd, 8639639.646, 135
Trd, 8639639.912, 113
Trd, 8639640.612, 110
Trd, 8639641.512, 113
Trd, 8639641.712, 113
Trd, 8639642.546, 140
Trd, 8639642.579, 140
Trd, 8639643.346, 140
Trd, 8639643.479, 140
Trd, 8639643.912, 140
Trd, 8639645.146, 140
Trd, 8639645.512, 140
Trd, 8639645.979, 140
Trd, 8639647.546, 140
Trd, 8639647.579, 140
Trd, 8639647.812, 140
Trd, 8639648.246, 140
Trd, 8639648.346, 140
Trd, 8639648.412, 140
Trd, 8639649.279, 140
Trd, 8639649.546, 140
Trd, 8639650.979, 140
Trd, 8639651.479, 140
Trd, 8639651.912, 140
Trd, 8639652.212, 140
Trd, 8639652.979, 140
Trd, 8639653.512, 140
Trd, 8639653.879, 140
Trd, 8639654.279, 140
Trd, 8639655.112, 140
Trd, 8639655.179, 140
Trd, 8639655.412, 140
Trd, 8639655.679, 140
Trd, 8639657.079, 140
Trd, 8639657.179, 140
Trd, 8639657.412, 140
Trd, 8639658.246, 140
Trd, 8639658.479, 140
Trd, 8639658.846, 140
Trd, 8639659.079, 138
Trd, 8639659.212, 137
Trd, 8639659.546, 138
Trd, 8639659.979, 139
Trd, 8639660.112, 137
Trd, 8639660.579, 140
Trd, 8639662.912, 140
Trd, 8639662.946, 140
Trd, 8639663.212, 140
Trd, 8639664.012, 140
Trd, 8639664.279, 140
Trd, 8639664.312, 140
Trd, 8639664.346, 139
Trd, 8639664.579, 140
Trd, 8639664.946, 140
Trd, 8639665.312, 140
Trd, 8639666.046, 137
Trd, 8639666.579, 138
Trd, 8639666.679, 136
Trd, 8639667.046, 75
Trd, 8639667.112, 71
Trd, 8639667.146, 138
Trd, 8639667.546, 66
Trd, 8639668.212, 61
Trd, 8639669.546, 60
Trd, 8639671.012, 61
Trd, 8639671.279, 61
Trd, 8639671.546, 60
Trd, 8639671.912, 60
Trd, 8639672.312, 60
Trd, 8639672.512, 60
Trd, 8639673.612, 60
Trd, 8639673.879, 61
Trd, 8639673.979, 60
Trd, 8639674.046, 62
Trd, 8639674.112, 63
Trd, 8639674.846, 65
Trd, 8639675.079, 66
Trd, 8639675.279, 66
Trd, 8639675.412, 67
Trd, 8639675.812, 75
Trd, 8639676.212, 116
Trd, 8639676.346, 69
Trd, 8639677.046, 140
Trd, 8639677.412, 140
Trd, 8639677.446, 140
Trd, 8639677.512, 140
Trd, 8639677.546, 139
Trd, 8639678.046, 140
Trd, 8639679.112, 140
Trd, 8639681.812, 140
Trd, 8639682.012, 140
Trd, 8639682.412, 140
Trd, 8639682.912, 140
Trd, 8639683.079, 140
Trd, 8639683.712, 140
Trd, 8639684.812, 140
Trd, 8639684.912, 140
Trd, 8639685.446, 140
Trd, 8639685.646, 140
Trd, 8639686.046, 140
Trd, 8639687.112, 140
Trd, 8639687.179, 140
Trd, 8639687.712, 140
Trd, 8639688.046, 140
Trd, 8639688.379, 140
Trd, 8639688.546, 140
Trd, 8639688.579, 140
Trd, 8639690.112, 140
Trd, 8639690.146, 140
Trd, 8639690.379, 140
Trd, 8639691.079, 139
Trd, 8639691.646, 140
Trd, 8639691.879, 140
Trd, 8639692.079, 139
Trd, 8639692.679, 138
Trd, 8639692.779, 136
Trd, 8639693.012, 140
Trd, 8639693.112, 132
Trd, 8639693.512, 137
Trd, 8639694.179, 137
Trd, 8639694.812, 134
Trd, 8639695.146, 136
Trd, 8639695.879, 137
Trd, 8639696.446, 135
Trd, 8639696.646, 116
Trd, 8639697.579, 140
Trd, 8639698.146, 140
Trd, 8639698.346, 140
Trd, 8639699.046, 140
Trd, 8639699.412, 140
Trd, 8639699.579, 140
Trd, 8639700.912, 140
Trd, 8639701.046, 137
Trd, 8639701.646, 140
Trd, 8639701.912, 140
Trd, 8639701.979, 139
Trd, 8639702.346, 137
Trd, 8639702.546, 136
Trd, 8639702.846, 137
Trd, 8639703.979, 122
Trd, 8639704.679, 140
Trd, 8639705.446, 124
Trd, 8639706.146, 132
Trd, 8639707.112, 136
Trd, 8639707.412, 135
Trd, 8639708.012, 135
Trd, 8639708.912, 139
Trd, 8639709.146, 139
Trd, 8639709.279, 133
Trd, 8639709.312, 138
Trd, 8639710.246, 114
Trd, 8639710.279, 113
Trd, 8639710.512, 140
Trd, 8639711.312, 134
Trd, 8639711.546, 140
Trd, 8639711.612, 133
Trd, 8639711.879, 130
Trd, 8639712.512, 60
Trd, 8639714.146, 60
Trd, 8639714.379, 60
Trd, 8639714.946, 61
Trd, 8639715.246, 62
Trd, 8639715.779, 63
Trd, 8639716.246, 60
Trd, 8639717.346, 61
Trd, 8639717.512, 61
Trd, 8639717.679, 62
Trd, 8639717.746, 62
Trd, 8639717.812, 63
Trd, 8639717.846, 64
Trd, 8639718.179, 71
Trd, 8639718.379, 61
Trd, 8639718.912, 60
Trd, 8639720.312, 61
Trd, 8639721.046, 61
Trd, 8639721.079, 60
Trd, 8639721.479, 60
Trd, 8639721.546, 62
Trd, 8639722.212, 60
Trd, 8639722.279, 61
Trd, 8639722.579, 61
Trd, 8639722.679, 62
Trd, 8639723.512, 67
Trd, 8639724.012, 63
Trd, 8639724.446, 140
Trd, 8639725.146, 77
Trd, 8639725.212, 78
Trd, 8639725.679, 140
Trd, 8639725.912, 140
Trd, 8639726.346, 140
Trd, 8639727.346, 140
Trd, 8639727.712, 140
Trd, 8639728.212, 140
Trd, 8639728.279, 140
Trd, 8639728.646, 140
Trd, 8639729.046, 140
Trd, 8639729.112, 102
Trd, 8639729.479, 60
Trd, 8639729.512, 137
Trd, 8639730.179, 67
Trd, 8639731.012, 64
Trd, 8639731.179, 64
Trd, 8639731.579, 65
Trd, 8639731.979, 65
Trd, 8639732.046, 66
Trd, 8639732.246, 140
Trd, 8639732.812, 107
Trd, 8639733.412, 68
Trd, 8639733.712, 66
Trd, 8639733.746, 65
Trd, 8639734.279, 72
Trd, 8639735.646, 140
Trd, 8639736.179, 140
Trd, 8639736.446, 140
Trd, 8639736.912, 140
Trd, 8639736.979, 140
Trd, 8639737.446, 139
Trd, 8639738.479, 137
Trd, 8639738.512, 136
Trd, 8639739.912, 138
Trd, 8639740.012, 138
Trd, 8639740.946, 140
Trd, 8639741.579, 140
Trd, 8639741.712, 140
Trd, 8639741.846, 140
Trd, 8639741.879, 140
Trd, 8639742.746, 140
Trd, 8639743.912, 140
Trd, 8639744.146, 140
Trd, 8639744.246, 140
Trd, 8639744.346, 140
Trd, 8639744.412, 139
Trd, 8639744.879, 140
Trd, 8639745.379, 140
Trd, 8639746.412, 140
Trd, 8639746.912, 140
Trd, 8639746.979, 140
Trd, 8639747.279, 140
Trd, 8639747.746, 140
Trd, 8639747.846, 140
Trd, 8639748.746, 140
Trd, 8639748.779, 140
Trd, 8639749.612, 140
Trd, 8639749.946, 139
Trd, 8639751.746, 140
Trd, 8639751.812, 140
Trd, 8639751.879, 140
Trd, 8639751.912, 138
Trd, 8639753.412, 140
Trd, 8639753.512, 140
Trd, 8639753.712, 138
Trd, 8639753.979, 135
Trd, 8639754.312, 140
Trd, 8639755.379, 140
Trd, 8639755.846, 140
Trd, 8639756.079, 140
Trd, 8639756.379, 140
Trd, 8639757.112, 140
Trd, 8639757.746, 140
Trd, 8639758.746, 140
Trd, 8639759.046, 140
Trd, 8639759.846, 140
Trd, 8639760.579, 140
Trd, 8639760.712, 140
Trd, 8639760.746, 140
Trd, 8639760.846, 137
Trd, 8639761.246, 140
Trd, 8639761.679, 140
Trd, 8639762.079, 140
Trd, 8639762.879, 140
Trd, 8639763.146, 140
Trd, 8639764.112, 140
Trd, 8639764.346, 140
Trd, 8639764.479, 139
Trd, 8639766.246, 140
Trd, 8639766.279, 140
Trd, 8639766.312, 138
Trd, 8639767.579, 140
Trd, 8639767.679, 140
Trd, 8639769.279, 140
Trd, 8639769.779, 140
Trd, 8639770.646, 140
Trd, 8639771.179, 140
Trd, 8639771.446, 140
Trd, 8639771.612, 140
Trd, 8639771.679, 140
Trd, 8639772.612, 140
Trd, 8639773.279, 140
Trd, 8639774.012, 140
Trd, 8639774.879, 140
Trd, 8639774.946, 140
Trd, 8639775.546, 140
Trd, 8639775.812, 140
Trd, 8639776.112, 140
Trd, 8639776.146, 140
Trd, 8639776.946, 140
Trd, 8639777.112, 140
Trd, 8639777.246, 140
Trd, 8639778.612, 140
Trd, 8639779.146, 140
Trd, 8639779.946, 140
Trd, 8639780.479, 140
Trd, 8639780.579, 140
Trd, 8639781.346, 140
Trd, 8639782.312, 140
Trd, 8639782.512, 140
Trd, 8639782.679, 140
Trd, 8639783.679, 140
Trd, 8639783.879, 140
Trd, 8639784.079, 140
Trd, 8639784.212, 140
Trd, 8639784.412, 140
Trd, 8639784.712, 139
Trd, 8639785.012, 139
Trd, 8639785.312, 139
Trd, 8639785.646, 139
Trd, 8639785.846, 138
Trd, 8639785.979, 101
Trd, 8639786.279, 119
Trd, 8639787.312, 93
Trd, 8639787.979, 139
Trd, 8639788.912, 138
Trd, 8639789.146, 139
Trd, 8639789.579, 68
Trd, 8639789.879, 66
Trd, 8639789.946, 64
Trd, 8639790.046, 97
Trd, 8639790.812, 67
Trd, 8639791.112, 69
Trd, 8639791.812, 69
Trd, 8639792.179, 68
Trd, 8639792.546, 67
Trd, 8639792.946, 60
Trd, 8639794.012, 75
Trd, 8639795.146, 60
Trd, 8639795.212, 61
Trd, 8639795.279, 62
Trd, 8639795.612, 62
Trd, 8639796.079, 61
Trd, 8639796.846, 63
Trd, 8639796.979, 62
Trd, 8639797.079, 61
Trd, 8639797.546, 60
Trd, 8639797.746, 62
Trd, 8639797.879, 61
Trd, 8639797.912, 62
Trd, 8639798.179, 61
Trd, 8639799.012, 130
Trd, 8639799.046, 135
Trd, 8639799.646, 116
Trd, 8639800.012, 65
Trd, 8639800.412, 60
Trd, 8639801.279, 60
Trd, 8639802.846, 63
Trd, 8639802.912, 60
Trd, 8639803.412, 63
Trd, 8639803.479, 64
Trd, 8639803.679, 62
Trd, 8639804.079, 62
Trd, 8639804.146, 63
Trd, 8639804.212, 64
Trd, 8639804.412, 62
Trd, 8639804.646, 63
Trd, 8639804.779, 62
Trd, 8639806.246, 62
Trd, 8639806.679, 80
Trd, 8639806.712, 116
Trd, 8639806.946, 116
Trd, 8639807.412, 140
Trd, 8639808.112, 114
Trd, 8639808.779, 60
Trd, 8639808.912, 60
Trd, 8639809.312, 60
Trd, 8639810.079, 62
Trd, 8639810.646, 61
Trd, 8639810.879, 60
Trd, 8639810.946, 65
Trd, 8639811.746, 60
Trd, 8639812.179, 60
Trd, 8639812.312, 60
Trd, 8639812.612, 60
Trd, 8639812.779, 60
Trd, 8639813.046, 61
Trd, 8639813.112, 61
Trd, 8639813.446, 140
Trd, 8639813.812, 128
Trd, 8639814.679, 139
Trd, 8639815.146, 111
Trd, 8639815.379, 62
Trd, 8639815.512, 67
Trd, 8639816.846, 140
Trd, 8639817.446, 140
Trd, 8639817.746, 140
Trd, 8639817.846, 140
Trd, 8639818.246, 140
Trd, 8639818.446, 140
Trd, 8639818.679, 138
Trd, 8639819.179, 137
Trd, 8639819.346, 140
Trd, 8639819.579, 139
Trd, 8639819.812, 140
Trd, 8639820.579, 137
Trd, 8639820.646, 101
Trd, 8639821.379, 75
Trd, 8639821.879, 66
Trd, 8639822.112, 127
Trd, 8639822.212, 65
Trd, 8639822.279, 135
Trd, 8639822.879, 136
Trd, 8639823.512, 61
Trd, 8639823.612, 63
Trd, 8639824.246, 140
Trd, 8639824.712, 140
Trd, 8639824.746, 140
Trd, 8639825.579, 140
Trd, 8639825.646, 140
Trd, 8639825.979, 140
Trd, 8639826.212, 139
Trd, 8639826.812, 137
Trd, 8639826.912, 136
Trd, 8639827.812, 137
Trd, 8639827.879, 119
Trd, 8639829.212, 140
Trd, 8639830.612, 140
Trd, 8639830.779, 140
Trd, 8639831.079, 140
Trd, 8639831.179, 140
Trd, 8639831.746, 140
Trd, 8639831.979, 140
Trd, 8639832.179, 140
Trd, 8639832.979, 127
Trd, 8639833.179, 137
Trd, 8639833.646, 120
Trd, 8639834.679, 134
Trd, 8639834.812, 135
Trd, 8639834.979, 138
Trd, 8639835.079, 137
Trd, 8639835.246, 139
Trd, 8639836.079, 140
Trd, 8639837.012, 140
Trd, 8639837.312, 140
Trd, 8639837.479, 140
Trd, 8639838.012, 140
Trd, 8639838.412, 106
Trd, 8639838.846, 71
Trd, 8639839.312, 122
Trd, 8639840.479, 140
Trd, 8639840.712, 139
Trd, 8639841.312, 140
Trd, 8639841.546, 139
Trd, 8639841.912, 139
Trd, 8639844.479, 140
Trd, 8639845.046, 140
Trd, 8639845.612, 140
Trd, 8639845.746, 128
Trd, 8639845.979, 138
Trd, 8639846.312, 120
Trd, 8639846.812, 127
Trd, 8639846.912, 113
Trd, 8639846.979, 128
Trd, 8639847.012, 129
Trd, 8639847.446, 94
Trd, 8639847.779, 140
Trd, 8639849.212, 140
Trd, 8639849.279, 140
Trd, 8639850.312, 140
Trd, 8639850.712, 140
Trd, 8639851.546, 140
Trd, 8639852.146, 140
Trd, 8639852.179, 138
Trd, 8639852.946, 140
Trd, 8639853.046, 140
Trd, 8639853.546, 140
Trd, 8639854.046, 140
Trd, 8639854.112, 140
Trd, 8639854.346, 140
Trd, 8639855.879, 140
Trd, 8639856.079, 140
Trd, 8639856.112, 140
Trd, 8639856.679, 139
Trd, 8639857.312, 140
Trd, 8639857.346, 140
Trd, 8639858.479, 140
Trd, 8639858.579, 139
Trd, 8639858.812, 140
Trd, 8639858.879, 139
Trd, 8639859.679, 128
Trd, 8639860.046, 140
Trd, 8639860.579, 140
Trd, 8639861.146, 87
Trd, 8639861.279, 86
Trd, 8639862.146, 139
Trd, 8639862.679, 139
Trd, 8639862.812, 133
Trd, 8639863.379, 135
Trd, 8639863.446, 133
Trd, 8639863.612, 138
Trd, 8639863.912, 131
Trd, 8639864.379, 120
Trd, 8639864.412, 138
Trd, 8639866.246, 125
Trd, 8639866.346, 124
Trd, 8639866.646, 138
Trd, 8639866.979, 121
Trd, 8639867.112, 117
Trd, 8639867.446, 67
Trd, 8639867.612, 138
Trd, 8639867.979, 62
Trd, 8639868.512, 77
Trd, 8639869.446, 70
Trd, 8639869.712, 140
Trd, 8639870.846, 61
Trd, 8639870.879, 72
Trd, 8639871.412, 60
Trd, 8639871.812, 65
Trd, 8639872.379, 66
Trd, 8639873.012, 94
Trd, 8639874.046, 60
Trd, 8639874.279, 60
Trd, 8639874.979, 60
Trd, 8639875.079, 60
Trd, 8639875.179, 62
Trd, 8639875.279, 61
Trd, 8639875.312, 60
Trd, 8639875.346, 64
Trd, 8639876.412, 70
Trd, 8639876.779, 118
Trd, 8639876.846, 64
Trd, 8639877.479, 124
Trd, 8639877.879, 70
Trd, 8639878.212, 73
Trd, 8639878.412, 73
Trd, 8639878.446, 137
Trd, 8639879.212, 140
Trd, 8639879.746, 140
Trd, 8639880.079, 140
Trd, 8639880.146, 140
Trd, 8639881.612, 140
Trd, 8639882.112, 140
Trd, 8639883.079, 140
Trd, 8639883.346, 140
Trd, 8639883.446, 140
Trd, 8639884.846, 140
Trd, 8639885.412, 140
Trd, 8639886.912, 140
Trd, 8639887.046, 140
Trd, 8639887.212, 140
Trd, 8639887.612, 140
Trd, 8639888.012, 140
Trd, 8639888.146, 140
Trd, 8639888.412, 139
Trd, 8639888.846, 140
Trd, 8639889.112, 139
Trd, 8639889.312, 140
Trd, 8639889.546, 140
Trd, 8639890.212, 133
Trd, 8639890.679, 133
Trd, 8639891.179, 138
Trd, 8639891.846, 137
Trd, 8639891.912, 138
Trd, 8639892.379, 111
Trd, 8639892.779, 110
Trd, 8639893.046, 138
Trd, 8639893.546, 139
Trd, 8639893.612, 109
Trd, 8639894.579, 127
Trd, 8639895.112, 101
Trd, 8639895.546, 140
Trd, 8639895.646, 139
Trd, 8639896.279, 139
Trd, 8639897.012, 140
Trd, 8639897.879, 126
Trd, 8639898.779, 140
Trd, 8639899.512, 140
Trd, 8639900.312, 140
Trd, 8639900.746, 140
Trd, 8639901.246, 140
Trd, 8639901.379, 140
Trd, 8639901.512, 139
Trd, 8639902.979, 140
Trd, 8639903.179, 140
Trd, 8639903.546, 140
Trd, 8639903.612, 140
Trd, 8639903.746, 140
Trd, 8639903.912, 139
Trd, 8639904.146, 116
Trd, 8639904.879, 138
Trd, 8639905.012, 138
Trd, 8639905.446, 137
Trd, 8639906.146, 140
Trd, 8639906.679, 83
Trd, 8639907.079, 130
Trd, 8639907.879, 140
Trd, 8639908.179, 140
Trd, 8639909.046, 140
Trd, 8639909.279, 140
Trd, 8639909.679, 140
Trd, 8639910.312, 140
Trd, 8639911.079, 140
Trd, 8639911.112, 140
Trd, 8639912.212, 140
Trd, 8639912.679, 140
Trd, 8639912.712, 140
Trd, 8639914.179, 140
Trd, 8639914.312, 140
Trd, 8639914.346, 140
Trd, 8639914.846, 140
Trd, 8639916.012, 140
Trd, 8639916.179, 139
Trd, 8639916.346, 138
Trd, 8639916.479, 138
Trd, 8639917.212, 140
Trd, 8639917.546, 138
Trd, 8639917.679, 138
Trd, 8639918.012, 138
Trd, 8639918.546, 140
Trd, 8639919.179, 135
Trd, 8639920.646, 140
Trd, 8639920.946, 140
Trd, 8639921.212, 140
Trd, 8639922.046, 140
Trd, 8639922.512, 140
Trd, 8639922.812, 140
Trd, 8639923.146, 140
Trd, 8639924.279, 140
Trd, 8639924.479, 140
Trd, 8639925.312, 140
Trd, 8639925.379, 140
Trd, 8639925.412, 120
Trd, 8639926.879, 140
Trd, 8639927.679, 140
Trd, 8639927.946, 140
Trd, 8639928.246, 140
Trd, 8639928.612, 140
Trd, 8639928.646, 140
Trd, 8639928.779, 140
Trd, 8639928.846, 140
Trd, 8639929.012, 140
Trd, 8639929.879, 139
Trd, 8639929.912, 108
Trd, 8639930.446, 76
Trd, 8639930.846, 61
Trd, 8639930.946, 62
Trd, 8639931.712, 61
Trd, 8639931.746, 64
Trd, 8639932.579, 140
Trd, 8639932.846, 140
Trd, 8639933.212, 140
Trd, 8639934.079, 140
Trd, 8639935.246, 140
Trd, 8639936.146, 140
Trd, 8639936.646, 140
Trd, 8639936.779, 140
Trd, 8639937.112, 140
Trd, 8639937.212, 140
Trd, 8639937.712, 140
Trd, 8639938.012, 140
Trd, 8639939.046, 140
Trd, 8639939.179, 140
Trd, 8639940.479, 140
Trd, 8639941.612, 140
Trd, 8639941.779, 140
Trd, 8639942.879, 140
Trd, 8639943.412, 140
Trd, 8639943.846, 140
Trd, 8639944.312, 140
Trd, 8639945.012, 140
Trd, 8639945.346, 140
Trd, 8639945.379, 139
Trd, 8639945.646, 139
Trd, 8639946.012, 140
Trd, 8639947.012, 140
Trd, 8639947.446, 140
Trd, 8639947.546, 140
Trd, 8639947.746, 139
Trd, 8639948.046, 139
Trd, 8639948.079, 74
Trd, 8639948.146, 140
Trd, 8639949.412, 60
Trd, 8639949.779, 67
Trd, 8639949.912, 67
Trd, 8639949.946, 68
Trd, 8639950.012, 69
Trd, 8639950.446, 63
Trd, 8639950.879, 64
Trd, 8639952.046, 63
Trd, 8639952.912, 63
Trd, 8639953.846, 61
Trd, 8639953.912, 63
Trd, 8639954.246, 65
Trd, 8639955.312, 63
Trd, 8639955.546, 63
Trd, 8639955.846, 65
Trd, 8639956.012, 66
Trd, 8639956.179, 69
Trd, 8639956.312, 65
Trd, 8639956.346, 63
Trd, 8639956.746, 131
Trd, 8639956.979, 132
Trd, 8639957.512, 139
Trd, 8639958.079, 140
Trd, 8639958.479, 109
Trd, 8639958.512, 108
Trd, 8639958.979, 110
Trd, 8639959.712, 108
Trd, 8639960.446, 107
Trd, 8639960.779, 139
Trd, 8639961.446, 130
Trd, 8639961.812, 138
Trd, 8639961.879, 113
Trd, 8639962.612, 62
Trd, 8639962.812, 63
Trd, 8639963.946, 60
Trd, 8639965.012, 60
Trd, 8639965.246, 66
Trd, 8639965.379, 120
Trd, 8639966.479, 65
Trd, 8639966.979, 62
Trd, 8639967.279, 62
Trd, 8639967.312, 62
Trd, 8639967.379, 63
Trd, 8639968.446, 81
Trd, 8639969.312, 60
Trd, 8639969.546, 80
Trd, 8639969.812, 63
Trd, 8639969.979, 60
Trd, 8639970.946, 60
Trd, 8639971.079, 60
Trd, 8639971.379, 60
Trd, 8639971.846, 69
Trd, 8639971.912, 131
Trd, 8639972.312, 64
Trd, 8639972.446, 140
Trd, 8639973.479, 140
Trd, 8639973.812, 140
Trd, 8639973.879, 140
Trd, 8639974.079, 140
Trd, 8639974.412, 136
Trd, 8639974.879, 139
Trd, 8639976.046, 139
Trd, 8639976.312, 140
Trd, 8639976.712, 125
Trd, 8639977.512, 133
Trd, 8639977.712, 62
Trd, 8639977.946, 64
Trd, 8639979.246, 63
Trd, 8639979.479, 64
Trd, 8639979.579, 65
Trd, 8639980.612, 60
Trd, 8639981.012, 61
Trd, 8639981.179, 64
Trd, 8639981.679, 71
Trd, 8639982.012, 66
Trd, 8639982.212, 63
Trd, 8639982.446, 64
Trd, 8639982.512, 70
Trd, 8639983.212, 70
Trd, 8639983.579, 69
Trd, 8639984.179, 140
Trd, 8639985.079, 137
Trd, 8639985.779, 84
Trd, 8639986.112, 139
Trd, 8639986.146, 87
Trd, 8639986.479, 120
Trd, 8639987.112, 137
Trd, 8639987.979, 93
Trd, 8639988.579, 140
Trd, 8639988.779, 140
Trd, 8639989.112, 139
Trd, 8639989.446, 140
Trd, 8639989.512, 139
Trd, 8639990.012, 140
Trd, 8639990.412, 140
Trd, 8639991.579, 140
Trd, 8639993.012, 140
Trd, 8639993.046, 140
Trd, 8639993.112, 140
Trd, 8639993.512, 140
Trd, 8639993.912, 140
Trd, 8639994.346, 140
Trd, 8639994.679, 140
Trd, 8639994.779, 140
Trd, 8639995.146, 140
Trd, 8639995.612, 140
Trd, 8639995.746, 139
Trd, 8639995.979, 138
Trd, 8639997.579, 137
Trd, 8639998.179, 121
Trd, 8639998.212, 118
Trd, 8639998.279, 135
Trd, 8639998.312, 117
Trd, 8639998.446, 138
Trd, 8639998.879, 140
Trd, 8639999.579, 136
Trd, 8639999.679, 115
