Trd, 8638778.046, 77
Trd, 8638778.246, 71
Trd, 8638778.812, 125
Trd, 8638778.912, 124
Trd, 8638779.246, 62
Trd, 8638780.279, 60
Trd, 8638780.512, 86
Trd, 8638780.912, 60
Trd, 8638781.146, 80
Trd, 8638782.546, 91
Trd, 8638783.546, 112
Trd, 8638783.746, 108
Trd, 8638784.079, 104
Trd, 8638784.379, 99
Trd, 8638784.846, 97
Trd, 8638785.179, 110
Trd, 8638786.046, 114
Trd, 8638786.179, 97
Trd, 8638786.512, 91
Trd, 8638787.146, 107
Trd, 8638787.546, 80
Trd, 8638787.579, 75
Trd, 8638788.012, 103
Trd, 8638788.246, 89
Trd, 8638788.546, 74
Trd, 8638789.812, 122
Trd, 8638790.046, 117
Trd, 8638790.112, 127
Trd, 8638790.712, 76
Trd, 8638791.112, 103
Trd, 8638792.012, 140
Trd, 8638792.146, 139
Trd, 8638792.379, 104
Trd, 8638792.412, 104
Trd, 8638792.946, 75
Trd, 8638793.012, 101
Trd, 8638794.012, 74
Trd, 8638794.146, 77
Trd, 8638795.046, 64
Trd, 8638795.146, 63
Trd, 8638796.212, 69
Trd, 8638796.546, 69
Trd, 8638797.212, 90
Trd, 8638797.312, 70
Trd, 8638797.679, 136
Trd, 8638798.279, 132
Trd, 8638798.812, 130
Trd, 8638799.446, 140
Trd, 8638799.612, 138
Trd, 8638799.646, 126
Trd, 8638800.312, 137
Trd, 8638800.346, 135
Trd, 8638800.612, 104
Trd, 8638800.846, 104
Trd, 8638801.246, 89
Trd, 8638801.612, 130
Trd, 8638802.946, 122
Trd, 8638803.246, 114
Trd, 8638803.279, 113
Trd, 8638803.512, 112
Trd, 8638803.812, 105
Trd, 8638804.279, 107
Trd, 8638804.712, 133
Trd, 8638804.846, 112
Trd, 8638805.479, 125
Trd, 8638805.679, 103
Trd, 8638806.346, 138
Trd, 8638807.046, 133
Trd, 8638807.079, 132
Trd, 8638807.179, 131
Trd, 8638807.346, 114
Trd, 8638808.346, 104
Trd, 8638808.712, 112
Trd, 8638809.446, 96
Trd, 8638809.512, 93
Trd, 8638810.112, 114
Trd, 8638810.246, 93
Trd, 8638810.846, 90
Trd, 8638811.046, 79
Trd, 8638811.579, 78
Trd, 8638812.612, 117
Trd, 8638812.979, 117
Trd, 8638813.246, 128
Trd, 8638813.712, 140
Trd, 8638814.012, 105
Trd, 8638814.246, 112
Trd, 8638814.279, 106
Trd, 8638814.646, 103
Trd, 8638815.812, 88
Trd, 8638816.012, 71
Trd, 8638816.479, 140
Trd, 8638816.746, 140
Trd, 8638818.312, 139
Trd, 8638818.579, 120
Trd, 8638818.712, 115
Trd, 8638818.812, 116
Trd, 8638818.979, 76
Trd, 8638819.079, 99
Trd, 8638819.412, 126
Trd, 8638819.712, 125
Trd, 8638819.779, 88
Trd, 8638820.046, 126
Trd, 8638820.279, 118
Trd, 8638820.879, 139
Trd, 8638820.912, 75
Trd, 8638822.679, 83
Trd, 8638823.312, 140
Trd, 8638823.379, 140
Trd, 8638823.446, 140
Trd, 8638823.546, 111
Trd, 8638823.912, 82
Trd, 8638823.979, 81
Trd, 8638824.046, 80
Trd, 8638826.079, 131
Trd, 8638826.112, 128
Trd, 8638826.279, 128
Trd, 8638827.046, 127
Trd, 8638827.779, 140
Trd, 8638828.179, 139
Trd, 8638828.479, 132
Trd, 8638829.912, 124
Trd, 8638830.012, 123
Trd, 8638830.579, 119
Trd, 8638830.779, 119
Trd, 8638830.879, 112
Trd, 8638831.612, 139
Trd, 8638832.079, 140
Trd, 8638832.279, 140
Trd, 8638832.846, 126
Trd, 8638833.012, 100
Trd, 8638833.079, 98
Trd, 8638833.479, 140
Trd, 8638834.146, 135
Trd, 8638835.212, 136
Trd, 8638835.612, 138
Trd, 8638835.879, 125
Trd, 8638836.046, 107
Trd, 8638836.379, 93
Trd, 8638837.079, 130
Trd, 8638837.346, 124
Trd, 8638837.479, 113
Trd, 8638838.679, 135
Trd, 8638838.879, 134
Trd, 8638839.179, 104
Trd, 8638839.412, 138
Trd, 8638839.712, 104
Trd, 8638839.946, 108
Trd, 8638840.579, 99
Trd, 8638840.646, 80
Trd, 8638841.846, 70
Trd, 8638842.146, 93
Trd, 8638842.679, 101
Trd, 8638844.112, 128
Trd, 8638844.712, 127
Trd, 8638844.979, 107
Trd, 8638845.012, 106
Trd, 8638845.179, 106
Trd, 8638845.212, 104
Trd, 8638845.846, 110
Trd, 8638846.179, 109
Trd, 8638846.479, 103
Trd, 8638846.612, 103
Trd, 8638847.046, 80
Trd, 8638847.312, 73
Trd, 8638847.712, 85
Trd, 8638847.912, 66
Trd, 8638848.412, 67
Trd, 8638849.346, 63
Trd, 8638849.512, 95
Trd, 8638850.312, 60
Trd, 8638850.979, 61
Trd, 8638851.946, 77
Trd, 8638852.079, 74
Trd, 8638852.446, 110
Trd, 8638852.746, 88
Trd, 8638853.012, 113
Trd, 8638853.712, 80
Trd, 8638853.779, 114
Trd, 8638854.412, 94
Trd, 8638854.846, 89
Trd, 8638855.479, 117
Trd, 8638855.646, 104
Trd, 8638855.846, 94
Trd, 8638856.446, 124
Trd, 8638856.679, 117
Trd, 8638857.379, 90
Trd, 8638857.546, 77
Trd, 8638857.746, 81
Trd, 8638858.979, 64
Trd, 8638859.446, 60
Trd, 8638859.479, 93
Trd, 8638860.746, 100
Trd, 8638861.112, 99
Trd, 8638861.779, 140
Trd, 8638862.046, 140
Trd, 8638862.279, 132
Trd, 8638862.546, 121
Trd, 8638862.679, 100
Trd, 8638863.512, 122
Trd, 8638864.412, 140
Trd, 8638864.546, 140
Trd, 8638864.579, 121
Trd, 8638864.746, 110
Trd, 8638864.812, 98
Trd, 8638864.912, 91
Trd, 8638865.979, 92
Trd, 8638866.179, 92
Trd, 8638866.446, 138
Trd, 8638866.646, 109
Trd, 8638867.212, 84
Trd, 8638867.346, 82
Trd, 8638868.579, 63
Trd, 8638868.679, 85
Trd, 8638868.946, 103
Trd, 8638870.646, 103
Trd, 8638870.712, 126
Trd, 8638870.812, 98
Trd, 8638871.379, 82
Trd, 8638871.812, 97
Trd, 8638871.946, 89
Trd, 8638872.246, 88
Trd, 8638873.079, 96
Trd, 8638873.112, 102
Trd, 8638873.579, 112
Trd, 8638874.512, 101
Trd, 8638875.112, 97
Trd, 8638875.546, 98
Trd, 8638875.746, 99
Trd, 8638876.079, 137
Trd, 8638876.979, 122
Trd, 8638877.446, 116
Trd, 8638878.112, 115
Trd, 8638878.146, 99
Trd, 8638878.212, 96
Trd, 8638878.446, 123
Trd, 8638878.812, 89
Trd, 8638880.379, 137
Trd, 8638880.446, 136
Trd, 8638880.779, 135
Trd, 8638881.146, 120
Trd, 8638881.646, 101
Trd, 8638881.812, 92
Trd, 8638881.846, 91
Trd, 8638882.112, 60
Trd, 8638882.412, 67
Trd, 8638882.846, 126
Trd, 8638882.879, 124
Trd, 8638883.379, 132
Trd, 8638884.112, 101
Trd, 8638884.246, 100
Trd, 8638885.646, 140
Trd, 8638886.312, 140
Trd, 8638886.912, 134
Trd, 8638887.312, 134
Trd, 8638888.046, 139
Trd, 8638888.479, 118
Trd, 8638888.512, 117
Trd, 8638888.646, 112
Trd, 8638888.812, 98
Trd, 8638890.579, 114
Trd, 8638890.679, 113
Trd, 8638891.046, 107
Trd, 8638891.246, 82
Trd, 8638891.946, 140
Trd, 8638892.246, 140
Trd, 8638893.679, 99
Trd, 8638893.779, 98
Trd, 8638894.012, 104
Trd, 8638894.479, 104
Trd, 8638895.112, 102
Trd, 8638895.279, 132
Trd, 8638895.412, 97
Trd, 8638895.779, 85
Trd, 8638896.079, 81
Trd, 8638896.646, 126
Trd, 8638897.046, 131
Trd, 8638897.412, 104
Trd, 8638898.012, 117
Trd, 8638898.046, 116
Trd, 8638898.979, 108
Trd, 8638899.046, 86
Trd, 8638899.379, 79
Trd, 8638899.412, 74
Trd, 8638899.712, 94
Trd, 8638900.446, 138
Trd, 8638901.046, 68
Trd, 8638901.279, 62
Trd, 8638901.379, 61
Trd, 8638901.979, 70
Trd, 8638902.112, 71
Trd, 8638903.212, 72
Trd, 8638903.279, 93
Trd, 8638904.112, 103
Trd, 8638904.246, 114
Trd, 8638904.679, 111
Trd, 8638905.246, 116
Trd, 8638905.812, 104
Trd, 8638907.446, 138
Trd, 8638907.779, 137
Trd, 8638908.046, 104
Trd, 8638908.079, 101
Trd, 8638908.346, 80
Trd, 8638908.546, 64
Trd, 8638908.712, 67
Trd, 8638909.412, 138
Trd, 8638909.679, 88
Trd, 8638909.712, 76
Trd, 8638909.979, 64
Trd, 8638910.512, 76
Trd, 8638911.446, 102
Trd, 8638911.512, 94
Trd, 8638912.446, 87
Trd, 8638912.879, 88
Trd, 8638913.312, 119
Trd, 8638913.712, 78
Trd, 8638914.246, 138
Trd, 8638915.612, 116
Trd, 8638915.679, 113
Trd, 8638916.146, 113
Trd, 8638916.712, 114
Trd, 8638916.779, 108
Trd, 8638917.079, 131
Trd, 8638917.679, 87
Trd, 8638917.779, 82
Trd, 8638917.946, 63
Trd, 8638918.146, 81
Trd, 8638919.079, 91
Trd, 8638919.179, 100
Trd, 8638920.212, 110
Trd, 8638920.779, 93
Trd, 8638921.279, 98
Trd, 8638921.312, 93
Trd, 8638922.779, 90
Trd, 8638923.179, 92
Trd, 8638923.312, 89
Trd, 8638923.479, 90
Trd, 8638923.979, 140
Trd, 8638924.312, 120
Trd, 8638924.746, 133
Trd, 8638924.912, 119
Trd, 8638924.946, 118
Trd, 8638925.046, 100
Trd, 8638925.746, 127
Trd, 8638925.846, 95
Trd, 8638925.879, 80
Trd, 8638926.446, 94
Trd, 8638927.679, 85
Trd, 8638928.279, 83
Trd, 8638928.746, 87
Trd, 8638929.446, 140
Trd, 8638929.846, 140
Trd, 8638930.146, 132
Trd, 8638930.246, 129
Trd, 8638930.446, 124
Trd, 8638932.146, 112
Trd, 8638933.312, 139
Trd, 8638933.446, 137
Trd, 8638934.112, 125
Trd, 8638934.212, 114
Trd, 8638935.246, 131
Trd, 8638935.579, 130
Trd, 8638935.746, 125
Trd, 8638935.779, 124
Trd, 8638935.879, 114
Trd, 8638936.012, 81
Trd, 8638936.412, 93
Trd, 8638937.146, 63
Trd, 8638937.212, 95
Trd, 8638937.779, 140
Trd, 8638938.746, 119
Trd, 8638938.912, 117
Trd, 8638939.246, 115
Trd, 8638939.579, 103
Trd, 8638940.312, 114
Trd, 8638940.746, 134
Trd, 8638940.912, 68
Trd, 8638942.779, 127
Trd, 8638943.179, 123
Trd, 8638943.246, 120
Trd, 8638944.112, 116
Trd, 8638944.712, 116
Trd, 8638944.946, 115
Trd, 8638945.179, 119
Trd, 8638945.346, 98
Trd, 8638946.279, 83
Trd, 8638946.912, 75
Trd, 8638947.712, 140
Trd, 8638947.879, 119
Trd, 8638948.212, 118
Trd, 8638949.179, 106
Trd, 8638949.712, 131
Trd, 8638949.846, 124
Trd, 8638950.046, 132
Trd, 8638950.546, 132
Trd, 8638950.846, 125
Trd, 8638950.979, 119
Trd, 8638951.046, 122
Trd, 8638951.746, 139
Trd, 8638951.979, 126
Trd, 8638952.579, 115
Trd, 8638952.879, 111
Trd, 8638953.279, 110
Trd, 8638953.646, 135
Trd, 8638955.279, 117
Trd, 8638955.346, 106
Trd, 8638955.879, 114
Trd, 8638956.079, 100
Trd, 8638956.312, 139
Trd, 8638956.912, 94
Trd, 8638958.046, 84
Trd, 8638958.479, 80
Trd, 8638959.012, 69
Trd, 8638959.112, 75
Trd, 8638959.179, 70
Trd, 8638959.512, 98
Trd, 8638959.846, 63
Trd, 8638960.446, 77
Trd, 8638961.746, 83
Trd, 8638961.812, 77
Trd, 8638962.346, 71
Trd, 8638962.912, 97
Trd, 8638963.012, 71
Trd, 8638963.912, 115
Trd, 8638963.979, 113
Trd, 8638964.446, 116
Trd, 8638964.912, 71
Trd, 8638965.379, 72
Trd, 8638965.946, 73
Trd, 8638965.979, 72
Trd, 8638966.312, 68
Trd, 8638967.046, 106
Trd, 8638967.712, 94
Trd, 8638967.779, 97
Trd, 8638968.379, 92
Trd, 8638969.079, 81
Trd, 8638969.946, 110
Trd, 8638970.512, 124
Trd, 8638970.979, 105
Trd, 8638971.146, 115
Trd, 8638971.879, 115
Trd, 8638973.179, 134
Trd, 8638973.579, 131
Trd, 8638973.779, 124
Trd, 8638973.879, 112
Trd, 8638974.212, 114
Trd, 8638974.412, 98
Trd, 8638974.512, 124
Trd, 8638974.646, 97
Trd, 8638975.346, 140
Trd, 8638976.012, 109
Trd, 8638976.246, 101
Trd, 8638976.346, 96
Trd, 8638977.812, 136
Trd, 8638978.412, 116
Trd, 8638978.579, 130
Trd, 8638978.612, 113
Trd, 8638978.712, 110
Trd, 8638979.646, 129
Trd, 8638979.679, 112
Trd, 8638980.079, 111
Trd, 8638980.846, 110
Trd, 8638981.046, 109
Trd, 8638981.179, 101
Trd, 8638981.479, 130
Trd, 8638982.079, 131
Trd, 8638982.346, 101
Trd, 8638982.479, 80
Trd, 8638983.279, 89
Trd, 8638983.412, 87
Trd, 8638983.546, 124
Trd, 8638984.912, 92
Trd, 8638985.179, 80
Trd, 8638985.379, 76
Trd, 8638986.179, 68
Trd, 8638986.679, 140
Trd, 8638986.846, 129
Trd, 8638987.146, 123
Trd, 8638987.579, 139
Trd, 8638987.679, 138
Trd, 8638987.846, 128
Trd, 8638988.546, 132
Trd, 8638989.212, 115
Trd, 8638989.246, 115
Trd, 8638990.246, 140
Trd, 8638990.646, 132
Trd, 8638991.446, 123
Trd, 8638991.546, 120
Trd, 8638991.912, 119
Trd, 8638992.612, 114
Trd, 8638992.846, 94
Trd, 8638993.146, 91
Trd, 8638993.579, 130
Trd, 8638993.646, 116
Trd, 8638994.679, 94
Trd, 8638995.179, 140
Trd, 8638995.646, 111
Trd, 8638995.812, 110
Trd, 8638995.846, 87
Trd, 8638996.046, 112
Trd, 8638997.546, 136
Trd, 8638997.679, 121
Trd, 8638998.079, 132
Trd, 8638998.579, 98
Trd, 8638998.612, 95
Trd, 8638998.979, 72
Trd, 8638999.546, 71
Trd, 8639000.146, 91
Trd, 8639000.346, 90
Trd, 8639000.512, 85
Trd, 8639000.712, 75
Trd, 8639000.979, 78
Trd, 8639001.079, 82
Trd, 8639001.512, 76
Trd, 8639001.646, 90
Trd, 8639002.312, 74
Trd, 8639002.346, 73
Trd, 8639002.546, 77
Trd, 8639003.379, 65
Trd, 8639003.846, 99
Trd, 8639004.612, 110
Trd, 8639005.279, 126
Trd, 8639005.479, 96
Trd, 8639005.879, 93
Trd, 8639006.546, 89
Trd, 8639006.979, 93
Trd, 8639007.279, 136
Trd, 8639007.379, 87
Trd, 8639007.446, 86
Trd, 8639008.079, 122
Trd, 8639008.212, 114
Trd, 8639008.246, 111
Trd, 8639008.579, 140
Trd, 8639009.479, 127
Trd, 8639010.546, 122
Trd, 8639010.846, 105
Trd, 8639011.712, 127
Trd, 8639011.779, 126
Trd, 8639012.412, 103
Trd, 8639012.912, 102
Trd, 8639013.012, 93
Trd, 8639014.046, 67
Trd, 8639014.112, 66
Trd, 8639015.412, 63
Trd, 8639016.046, 72
Trd, 8639016.546, 84
Trd, 8639016.746, 73
Trd, 8639016.812, 84
Trd, 8639016.846, 96
Trd, 8639016.979, 83
Trd, 8639017.046, 71
Trd, 8639017.646, 83
Trd, 8639017.679, 80
Trd, 8639018.846, 60
Trd, 8639019.346, 111
Trd, 8639019.946, 118
Trd, 8639020.412, 126
Trd, 8639020.746, 118
Trd, 8639021.779, 105
Trd, 8639022.146, 97
Trd, 8639022.179, 95
Trd, 8639022.579, 116
Trd, 8639022.646, 91
Trd, 8639022.679, 90
Trd, 8639022.812, 68
Trd, 8639023.679, 60
Trd, 8639023.846, 113
Trd, 8639024.046, 113
Trd, 8639024.179, 71
Trd, 8639024.412, 71
Trd, 8639026.846, 62
Trd, 8639026.912, 65
Trd, 8639027.012, 68
Trd, 8639027.612, 75
Trd, 8639028.246, 83
Trd, 8639028.612, 81
Trd, 8639028.712, 80
Trd, 8639029.079, 117
Trd, 8639029.146, 79
Trd, 8639029.446, 72
Trd, 8639029.879, 68
Trd, 8639029.912, 89
Trd, 8639030.812, 63
Trd, 8639031.046, 81
Trd, 8639031.312, 87
Trd, 8639032.446, 139
Trd, 8639033.446, 133
Trd, 8639033.912, 126
Trd, 8639034.046, 112
Trd, 8639034.379, 109
Trd, 8639034.479, 100
Trd, 8639035.046, 99
Trd, 8639035.246, 105
Trd, 8639035.479, 95
Trd, 8639036.412, 131
Trd, 8639036.546, 103
Trd, 8639037.579, 98
Trd, 8639038.479, 119
Trd, 8639039.012, 102
Trd, 8639039.446, 102
Trd, 8639039.646, 107
Trd, 8639040.212, 107
Trd, 8639040.379, 114
Trd, 8639040.746, 104
Trd, 8639041.112, 99
Trd, 8639041.379, 109
Trd, 8639042.546, 140
Trd, 8639043.146, 118
Trd, 8639043.379, 120
Trd, 8639044.146, 124
Trd, 8639045.279, 140
Trd, 8639045.446, 136
Trd, 8639045.512, 135
Trd, 8639045.612, 132
Trd, 8639046.512, 138
Trd, 8639046.879, 137
Trd, 8639047.546, 105
Trd, 8639047.579, 103
Trd, 8639048.412, 117
Trd, 8639048.646, 115
Trd, 8639048.746, 120
Trd, 8639049.112, 103
Trd, 8639049.179, 101
Trd, 8639049.812, 86
Trd, 8639050.146, 78
Trd, 8639050.812, 62
Trd, 8639051.312, 64
Trd, 8639051.646, 83
Trd, 8639052.412, 101
Trd, 8639052.746, 111
Trd, 8639053.179, 75
Trd, 8639053.746, 92
Trd, 8639054.012, 74
Trd, 8639054.046, 73
Trd, 8639054.146, 78
Trd, 8639055.646, 81
Trd, 8639055.812, 81
Trd, 8639055.946, 86
Trd, 8639056.412, 80
Trd, 8639057.312, 70
Trd, 8639057.379, 69
Trd, 8639057.579, 88
Trd, 8639058.079, 60
Trd, 8639058.612, 60
Trd, 8639058.979, 76
Trd, 8639060.112, 139
Trd, 8639060.379, 105
Trd, 8639060.646, 126
Trd, 8639061.046, 105
Trd, 8639061.346, 105
Trd, 8639061.412, 99
Trd, 8639061.779, 123
Trd, 8639062.446, 75
Trd, 8639062.579, 73
Trd, 8639062.879, 90
Trd, 8639064.012, 97
Trd, 8639064.279, 70
Trd, 8639064.612, 83
Trd, 8639064.946, 105
Trd, 8639065.479, 124
Trd, 8639065.646, 118
Trd, 8639065.679, 102
Trd, 8639066.979, 104
Trd, 8639067.112, 95
Trd, 8639067.346, 116
Trd, 8639068.079, 77
Trd, 8639068.479, 129
Trd, 8639068.546, 75
Trd, 8639068.846, 78
Trd, 8639068.979, 76
Trd, 8639069.512, 80
Trd, 8639070.079, 60
Trd, 8639071.379, 61
Trd, 8639071.512, 61
Trd, 8639071.646, 70
Trd, 8639073.079, 115
Trd, 8639073.212, 113
Trd, 8639074.012, 107
Trd, 8639075.112, 117
Trd, 8639075.879, 138
Trd, 8639076.479, 119
Trd, 8639076.512, 117
Trd, 8639076.679, 99
Trd, 8639076.979, 131
Trd, 8639077.279, 77
Trd, 8639077.912, 110
Trd, 8639078.179, 109
Trd, 8639078.746, 139
Trd, 8639079.079, 90
Trd, 8639079.612, 77
Trd, 8639079.712, 76
Trd, 8639080.846, 79
Trd, 8639080.879, 100
Trd, 8639081.412, 76
Trd, 8639082.246, 127
Trd, 8639083.146, 78
Trd, 8639083.379, 66
Trd, 8639083.412, 66
Trd, 8639083.479, 86
Trd, 8639083.812, 127
Trd, 8639084.312, 95
Trd, 8639084.846, 81
Trd, 8639085.412, 86
Trd, 8639086.312, 84
Trd, 8639087.079, 129
Trd, 8639087.246, 104
Trd, 8639087.579, 102
Trd, 8639088.079, 87
Trd, 8639088.246, 86
Trd, 8639088.412, 136
Trd, 8639088.779, 124
Trd, 8639088.879, 120
Trd, 8639089.246, 86
Trd, 8639089.812, 118
Trd, 8639089.846, 83
Trd, 8639089.912, 73
Trd, 8639090.946, 60
Trd, 8639091.279, 62
Trd, 8639091.846, 67
Trd, 8639092.979, 128
Trd, 8639093.479, 133
Trd, 8639094.312, 122
Trd, 8639094.612, 121
Trd, 8639094.846, 101
Trd, 8639095.279, 138
Trd, 8639096.412, 140
Trd, 8639096.579, 137
Trd, 8639096.846, 112
Trd, 8639097.179, 70
Trd, 8639097.412, 74
Trd, 8639098.146, 113
Trd, 8639098.246, 115
Trd, 8639098.879, 65
Trd, 8639099.579, 80
Trd, 8639100.279, 83
Trd, 8639100.446, 105
Trd, 8639100.812, 62
Trd, 8639101.346, 61
Trd, 8639101.712, 71
Trd, 8639101.879, 65
Trd, 8639102.479, 65
Trd, 8639102.812, 73
Trd, 8639103.446, 83
Trd, 8639103.946, 97
Trd, 8639104.279, 98
Trd, 8639104.412, 74
Trd, 8639104.979, 90
Trd, 8639105.312, 65
Trd, 8639105.512, 74
Trd, 8639105.779, 63
Trd, 8639107.179, 139
Trd, 8639107.579, 140
Trd, 8639107.946, 140
Trd, 8639108.079, 140
Trd, 8639108.312, 135
Trd, 8639108.546, 134
Trd, 8639108.679, 127
Trd, 8639109.546, 130
Trd, 8639109.812, 115
Trd, 8639110.879, 99
Trd, 8639111.079, 88
Trd, 8639111.112, 101
Trd, 8639111.446, 85
Trd, 8639111.579, 84
Trd, 8639111.779, 70
Trd, 8639113.179, 140
Trd, 8639113.979, 122
Trd, 8639114.279, 139
Trd, 8639114.379, 114
Trd, 8639114.712, 113
Trd, 8639115.546, 121
Trd, 8639116.212, 122
Trd, 8639116.346, 120
Trd, 8639116.679, 130
Trd, 8639116.979, 98
Trd, 8639117.146, 88
Trd, 8639117.812, 66
Trd, 8639118.146, 94
Trd, 8639119.479, 107
Trd, 8639119.712, 67
Trd, 8639119.946, 91
Trd, 8639120.146, 62
Trd, 8639120.912, 139
Trd, 8639121.446, 135
Trd, 8639122.679, 139
Trd, 8639122.812, 133
Trd, 8639123.012, 130
Trd, 8639123.046, 126
Trd, 8639123.346, 107
Trd, 8639123.379, 106
Trd, 8639124.112, 105
Trd, 8639124.479, 104
Trd, 8639124.679, 119
Trd, 8639125.279, 79
Trd, 8639125.446, 98
Trd, 8639126.712, 128
Trd, 8639126.979, 128
Trd, 8639127.446, 127
Trd, 8639127.646, 107
Trd, 8639128.379, 134
Trd, 8639128.646, 135
Trd, 8639128.679, 127
Trd, 8639129.146, 127
Trd, 8639130.546, 127
Trd, 8639130.646, 116
Trd, 8639130.779, 108
Trd, 8639131.446, 138
Trd, 8639132.612, 134
Trd, 8639132.879, 120
Trd, 8639133.246, 110
Trd, 8639133.546, 103
Trd, 8639133.946, 87
Trd, 8639134.112, 85
Trd, 8639135.012, 113
Trd, 8639135.379, 86
Trd, 8639136.412, 109
Trd, 8639136.612, 138
Trd, 8639136.779, 132
Trd, 8639137.179, 139
Trd, 8639137.446, 132
Trd, 8639138.212, 140
Trd, 8639138.346, 112
Trd, 8639138.912, 102
Trd, 8639139.312, 96
Trd, 8639139.379, 92
Trd, 8639139.712, 70
Trd, 8639139.812, 71
Trd, 8639140.846, 71
Trd, 8639141.712, 74
Trd, 8639141.912, 74
Trd, 8639141.946, 76
Trd, 8639141.979, 95
Trd, 8639142.412, 101
Trd, 8639142.579, 69
Trd, 8639143.146, 126
Trd, 8639143.179, 107
Trd, 8639143.646, 62
Trd, 8639143.779, 94
Trd, 8639144.179, 63
Trd, 8639144.379, 110
Trd, 8639144.979, 94
Trd, 8639145.412, 123
Trd, 8639146.279, 124
Trd, 8639146.679, 122
Trd, 8639146.912, 125
Trd, 8639147.412, 121
Trd, 8639148.246, 136
Trd, 8639148.346, 133
Trd, 8639148.546, 125
Trd, 8639150.646, 135
Trd, 8639151.012, 133
Trd, 8639151.046, 127
Trd, 8639151.646, 139
Trd, 8639151.846, 138
Trd, 8639151.979, 119
Trd, 8639152.079, 118
Trd, 8639152.512, 128
Trd, 8639152.946, 130
Trd, 8639154.046, 92
Trd, 8639154.679, 120
Trd, 8639155.046, 134
Trd, 8639155.179, 130
Trd, 8639155.579, 129
Trd, 8639155.846, 116
Trd, 8639156.412, 113
Trd, 8639156.712, 111
Trd, 8639157.279, 98
Trd, 8639157.679, 126
Trd, 8639157.946, 98
Trd, 8639158.212, 83
Trd, 8639158.946, 67
Trd, 8639159.379, 101
Trd, 8639160.312, 136
Trd, 8639161.046, 117
Trd, 8639161.246, 111
Trd, 8639162.012, 137
Trd, 8639162.312, 140
Trd, 8639162.579, 140
Trd, 8639163.046, 128
Trd, 8639163.112, 111
Trd, 8639163.712, 113
Trd, 8639164.079, 100
Trd, 8639164.179, 92
Trd, 8639164.279, 91
Trd, 8639164.979, 98
Trd, 8639165.179, 137
Trd, 8639165.246, 88
Trd, 8639165.612, 102
Trd, 8639165.946, 70
Trd, 8639166.512, 124
Trd, 8639166.879, 66
Trd, 8639167.279, 119
Trd, 8639168.179, 119
Trd, 8639168.679, 98
Trd, 8639168.912, 81
Trd, 8639169.012, 77
Trd, 8639170.379, 72
Trd, 8639170.679, 127
Trd, 8639170.812, 119
Trd, 8639171.179, 120
Trd, 8639171.546, 119
Trd, 8639172.712, 140
Trd, 8639172.746, 118
Trd, 8639174.012, 136
Trd, 8639174.079, 111
Trd, 8639174.312, 138
Trd, 8639174.446, 114
Trd, 8639174.912, 107
Trd, 8639175.246, 96
Trd, 8639175.779, 93
Trd, 8639175.846, 91
Trd, 8639176.112, 70
Trd, 8639177.046, 104
Trd, 8639177.512, 139
Trd, 8639177.546, 132
Trd, 8639178.646, 137
Trd, 8639178.912, 136
Trd, 8639178.979, 109
Trd, 8639179.812, 112
Trd, 8639180.346, 128
Trd, 8639180.512, 107
Trd, 8639180.879, 91
Trd, 8639181.279, 90
Trd, 8639181.579, 118
Trd, 8639182.479, 113
Trd, 8639182.879, 133
Trd, 8639183.346, 134
Trd, 8639183.779, 93
Trd, 8639184.179, 88
Trd, 8639184.246, 79
Trd, 8639185.346, 107
Trd, 8639185.512, 78
Trd, 8639185.879, 85
Trd, 8639186.279, 79
Trd, 8639186.512, 92
Trd, 8639186.846, 77
Trd, 8639187.279, 94
Trd, 8639187.912, 77
Trd, 8639187.946, 72
Trd, 8639188.612, 140
Trd, 8639188.946, 134
Trd, 8639189.512, 96
Trd, 8639190.012, 136
Trd, 8639190.679, 97
Trd, 8639190.846, 106
Trd, 8639191.212, 111
Trd, 8639191.446, 120
Trd, 8639192.179, 104
Trd, 8639192.246, 97
Trd, 8639193.679, 107
Trd, 8639193.912, 100
Trd, 8639194.012, 89
Trd, 8639194.112, 87
Trd, 8639194.179, 85
Trd, 8639194.379, 77
Trd, 8639195.079, 113
Trd, 8639195.112, 102
Trd, 8639196.212, 60
Trd, 8639197.612, 60
Trd, 8639197.979, 65
Trd, 8639198.212, 72
Trd, 8639198.412, 85
Trd, 8639199.046, 71
Trd, 8639199.379, 74
Trd, 8639199.446, 79
Trd, 8639200.579, 114
Trd, 8639200.712, 111
Trd, 8639201.379, 126
Trd, 8639201.679, 139
Trd, 8639202.112, 140
Trd, 8639202.512, 132
Trd, 8639202.846, 123
Trd, 8639203.346, 103
Trd, 8639203.479, 102
Trd, 8639203.679, 102
Trd, 8639203.712, 96
Trd, 8639204.046, 113
Trd, 8639205.212, 92
Trd, 8639205.412, 83
Trd, 8639206.412, 135
Trd, 8639206.512, 109
Trd, 8639206.979, 99
Trd, 8639207.179, 81
Trd, 8639207.579, 120
Trd, 8639208.146, 139
Trd, 8639208.679, 140
Trd, 8639209.212, 140
Trd, 8639209.712, 132
Trd, 8639210.879, 130
Trd, 8639211.512, 98
Trd, 8639211.612, 97
Trd, 8639211.812, 70
Trd, 8639212.246, 100
Trd, 8639212.679, 135
Trd, 8639212.746, 130
Trd, 8639212.912, 130
Trd, 8639214.246, 140
Trd, 8639214.379, 137
Trd, 8639214.479, 132
Trd, 8639215.012, 111
Trd, 8639215.212, 92
Trd, 8639215.646, 92
Trd, 8639215.979, 138
Trd, 8639216.779, 104
Trd, 8639217.912, 102
Trd, 8639218.046, 101
Trd, 8639218.646, 105
Trd, 8639218.879, 94
Trd, 8639219.146, 134
Trd, 8639219.712, 114
Trd, 8639219.912, 112
Trd, 8639220.412, 123
Trd, 8639220.512, 108
Trd, 8639220.779, 106
Trd, 8639220.879, 103
Trd, 8639221.446, 109
Trd, 8639223.079, 133
Trd, 8639223.412, 117
Trd, 8639223.446, 111
Trd, 8639223.579, 138
Trd, 8639223.712, 82
Trd, 8639224.279, 95
Trd, 8639224.412, 94
Trd, 8639225.046, 107
Trd, 8639225.379, 112
Trd, 8639225.512, 96
Trd, 8639227.112, 117
Trd, 8639227.579, 116
Trd, 8639227.679, 115
Trd, 8639228.346, 115
Trd, 8639228.512, 111
Trd, 8639228.812, 111
Trd, 8639229.412, 114
Trd, 8639229.446, 108
Trd, 8639229.779, 102
Trd, 8639230.079, 92
Trd, 8639230.779, 92
Trd, 8639230.979, 91
Trd, 8639231.712, 71
Trd, 8639231.912, 65
Trd, 8639232.279, 62
Trd, 8639233.146, 65
Trd, 8639233.712, 62
Trd, 8639233.846, 69
Trd, 8639234.112, 61
Trd, 8639234.179, 64
Trd, 8639234.879, 104
Trd, 8639235.312, 89
Trd, 8639235.979, 132
Trd, 8639236.479, 92
Trd, 8639237.846, 96
Trd, 8639238.512, 121
Trd, 8639238.646, 124
Trd, 8639239.246, 119
Trd, 8639239.646, 118
Trd, 8639239.679, 110
Trd, 8639239.712, 107
Trd, 8639239.812, 132
Trd, 8639240.012, 105
Trd, 8639240.379, 122
Trd, 8639242.179, 140
Trd, 8639242.379, 139
Trd, 8639242.479, 107
Trd, 8639242.946, 99
Trd, 8639243.812, 109
Trd, 8639244.312, 102
Trd, 8639244.679, 118
Trd, 8639244.746, 111
Trd, 8639245.046, 107
Trd, 8639245.212, 114
Trd, 8639246.046, 138
Trd, 8639246.279, 124
Trd, 8639247.112, 123
Trd, 8639247.479, 122
Trd, 8639247.612, 123
Trd, 8639248.946, 133
Trd, 8639249.012, 132
Trd, 8639249.146, 127
Trd, 8639249.179, 116
Trd, 8639249.646, 108
Trd, 8639249.879, 106
Trd, 8639250.212, 104
Trd, 8639250.612, 95
Trd, 8639251.246, 140
Trd, 8639251.279, 139
Trd, 8639251.412, 126
Trd, 8639251.846, 110
Trd, 8639252.746, 105
Trd, 8639252.879, 103
Trd, 8639253.379, 126
Trd, 8639254.246, 110
Trd, 8639255.146, 139
Trd, 8639255.446, 118
Trd, 8639256.279, 93
Trd, 8639256.412, 93
Trd, 8639257.479, 94
Trd, 8639257.812, 112
Trd, 8639257.846, 92
Trd, 8639257.879, 90
Trd, 8639258.112, 110
Trd, 8639258.546, 135
Trd, 8639258.779, 87
Trd, 8639259.579, 81
Trd, 8639260.179, 131
Trd, 8639260.946, 107
Trd, 8639261.012, 82
Trd, 8639261.812, 140
Trd, 8639261.946, 135
Trd, 8639261.979, 107
Trd, 8639262.846, 60
Trd, 8639263.446, 66
Trd, 8639264.212, 82
Trd, 8639264.712, 90
Trd, 8639264.979, 127
Trd, 8639265.279, 83
Trd, 8639265.446, 90
Trd, 8639266.046, 106
Trd, 8639266.779, 140
Trd, 8639267.246, 128
Trd, 8639267.379, 127
Trd, 8639267.879, 140
Trd, 8639267.912, 107
Trd, 8639268.079, 126
Trd, 8639268.246, 104
Trd, 8639269.379, 139
Trd, 8639269.512, 138
Trd, 8639269.712, 137
Trd, 8639270.579, 135
Trd, 8639270.612, 95
Trd, 8639271.146, 114
Trd, 8639271.446, 67
Trd, 8639271.579, 66
Trd, 8639272.146, 126
Trd, 8639273.012, 119
Trd, 8639273.179, 118
Trd, 8639273.946, 117
Trd, 8639274.346, 137
Trd, 8639274.546, 140
Trd, 8639275.446, 140
Trd, 8639275.946, 116
Trd, 8639275.979, 115
Trd, 8639276.346, 115
Trd, 8639276.879, 68
Trd, 8639276.912, 65
Trd, 8639278.312, 139
Trd, 8639278.612, 135
Trd, 8639278.946, 121
Trd, 8639279.179, 104
Trd, 8639279.579, 102
Trd, 8639280.446, 138
Trd, 8639281.912, 121
Trd, 8639282.379, 120
Trd, 8639282.512, 114
Trd, 8639283.479, 95
Trd, 8639283.612, 130
Trd, 8639284.579, 109
Trd, 8639284.612, 101
Trd, 8639285.612, 127
Trd, 8639285.879, 120
Trd, 8639286.346, 140
Trd, 8639286.546, 105
Trd, 8639286.979, 116
Trd, 8639287.212, 111
Trd, 8639287.512, 112
Trd, 8639287.779, 140
Trd, 8639287.879, 110
Trd, 8639288.412, 95
Trd, 8639289.212, 88
Trd, 8639291.212, 120
Trd, 8639291.646, 119
Trd, 8639292.012, 117
Trd, 8639292.212, 112
Trd, 8639292.846, 103
Trd, 8639293.112, 87
Trd, 8639293.912, 82
Trd, 8639295.179, 139
Trd, 8639295.379, 89
Trd, 8639295.912, 81
Trd, 8639295.979, 101
Trd, 8639296.046, 78
Trd, 8639297.079, 140
Trd, 8639297.312, 140
Trd, 8639297.979, 140
Trd, 8639298.212, 132
Trd, 8639298.512, 125
Trd, 8639298.579, 98
Trd, 8639299.146, 133
Trd, 8639299.179, 132
Trd, 8639299.812, 135
Trd, 8639300.579, 112
Trd, 8639300.912, 138
Trd, 8639301.012, 108
Trd, 8639301.379, 88
Trd, 8639301.912, 127
Trd, 8639301.979, 83
Trd, 8639302.012, 82
Trd, 8639303.579, 110
Trd, 8639304.812, 125
Trd, 8639305.146, 136
Trd, 8639305.512, 140
Trd, 8639305.779, 115
Trd, 8639305.946, 114
Trd, 8639306.412, 108
Trd, 8639307.246, 137
Trd, 8639308.046, 117
Trd, 8639308.412, 140
Trd, 8639308.546, 116
Trd, 8639308.579, 115
Trd, 8639309.212, 127
Trd, 8639309.646, 131
Trd, 8639310.179, 134
Trd, 8639310.346, 114
Trd, 8639310.379, 90
Trd, 8639310.646, 83
Trd, 8639311.512, 124
Trd, 8639312.046, 90
Trd, 8639312.779, 111
Trd, 8639312.979, 99
Trd, 8639313.679, 140
Trd, 8639313.712, 138
Trd, 8639314.846, 99
Trd, 8639315.779, 99
Trd, 8639316.012, 98
Trd, 8639316.146, 118
Trd, 8639316.479, 107
Trd, 8639316.679, 94
Trd, 8639317.546, 115
Trd, 8639317.879, 104
Trd, 8639318.046, 104
Trd, 8639318.646, 67
Trd, 8639319.346, 84
Trd, 8639320.179, 79
Trd, 8639320.312, 108
Trd, 8639320.612, 109
Trd, 8639321.212, 85
Trd, 8639321.779, 115
Trd, 8639321.979, 104
Trd, 8639322.979, 99
Trd, 8639323.312, 96
Trd, 8639323.512, 95
Trd, 8639323.546, 91
Trd, 8639323.879, 107
Trd, 8639324.212, 139
Trd, 8639324.812, 122
Trd, 8639325.446, 70
Trd, 8639325.812, 98
Trd, 8639326.079, 101
Trd, 8639326.246, 102
Trd, 8639327.546, 85
Trd, 8639328.412, 115
Trd, 8639329.046, 135
Trd, 8639329.179, 112
Trd, 8639329.546, 107
Trd, 8639330.046, 92
Trd, 8639330.946, 132
Trd, 8639331.912, 114
Trd, 8639332.146, 117
Trd, 8639332.212, 113
Trd, 8639332.312, 90
Trd, 8639332.912, 82
Trd, 8639333.946, 61
Trd, 8639334.012, 62
Trd, 8639334.346, 63
Trd, 8639334.746, 116
Trd, 8639334.946, 69
Trd, 8639335.479, 100
Trd, 8639335.579, 98
Trd, 8639335.812, 68
Trd, 8639335.946, 71
Trd, 8639336.179, 73
Trd, 8639336.579, 66
Trd, 8639337.612, 124
Trd, 8639339.012, 137
Trd, 8639339.279, 129
Trd, 8639339.746, 129
Trd, 8639339.879, 113
Trd, 8639340.479, 61
Trd, 8639340.712, 66
Trd, 8639341.046, 71
Trd, 8639342.212, 108
Trd, 8639342.512, 108
Trd, 8639342.546, 106
Trd, 8639343.846, 96
Trd, 8639344.179, 66
Trd, 8639344.746, 113
Trd, 8639345.379, 117
Trd, 8639345.446, 96
Trd, 8639346.046, 102
Trd, 8639346.179, 97
Trd, 8639346.679, 114
Trd, 8639346.712, 113
Trd, 8639347.246, 85
Trd, 8639347.446, 87
Trd, 8639348.012, 110
Trd, 8639348.079, 126
Trd, 8639349.346, 123
Trd, 8639349.479, 122
Trd, 8639349.846, 133
Trd, 8639350.046, 116
Trd, 8639350.546, 107
Trd, 8639350.646, 93
Trd, 8639350.879, 140
Trd, 8639352.079, 123
Trd, 8639352.479, 113
Trd, 8639352.779, 139
Trd, 8639352.946, 99
Trd, 8639352.979, 98
Trd, 8639353.479, 82
Trd, 8639353.512, 96
Trd, 8639354.046, 81
Trd, 8639354.146, 121
Trd, 8639354.346, 90
Trd, 8639355.012, 75
Trd, 8639355.379, 76
Trd, 8639355.746, 105
Trd, 8639356.346, 73
Trd, 8639357.146, 114
Trd, 8639357.679, 119
Trd, 8639358.746, 136
Trd, 8639358.812, 129
Trd, 8639358.979, 117
Trd, 8639359.912, 114
Trd, 8639360.412, 106
Trd, 8639360.646, 105
Trd, 8639361.146, 103
Trd, 8639361.279, 101
Trd, 8639361.346, 98
Trd, 8639361.412, 97
Trd, 8639361.612, 75
Trd, 8639362.779, 76
Trd, 8639363.279, 70
Trd, 8639364.412, 129
Trd, 8639364.846, 98
Trd, 8639365.612, 135
Trd, 8639366.046, 125
Trd, 8639366.279, 125
Trd, 8639366.579, 128
Trd, 8639366.812, 122
Trd, 8639367.246, 121
Trd, 8639367.479, 118
Trd, 8639367.946, 126
Trd, 8639368.012, 116
Trd, 8639368.346, 140
Trd, 8639368.512, 107
Trd, 8639368.779, 106
Trd, 8639368.912, 101
Trd, 8639369.446, 114
Trd, 8639369.746, 68
Trd, 8639370.479, 134
Trd, 8639370.846, 140
Trd, 8639371.112, 120
Trd, 8639371.679, 130
Trd, 8639371.846, 114
Trd, 8639371.946, 107
Trd, 8639372.979, 133
Trd, 8639373.246, 133
Trd, 8639373.312, 132
Trd, 8639373.679, 98
Trd, 8639374.012, 93
Trd, 8639374.712, 86
Trd, 8639374.779, 72
Trd, 8639375.479, 82
Trd, 8639376.346, 79
Trd, 8639376.412, 63
Trd, 8639377.412, 139
Trd, 8639377.679, 81
Trd, 8639378.179, 65
Trd, 8639378.346, 83
Trd, 8639378.612, 111
Trd, 8639378.846, 65
Trd, 8639379.146, 66
Trd, 8639379.812, 74
Trd, 8639380.079, 70
Trd, 8639380.679, 66
Trd, 8639381.012, 108
Trd, 8639381.746, 100
Trd, 8639381.846, 124
Trd, 8639381.879, 89
Trd, 8639382.012, 88
Trd, 8639383.479, 134
Trd, 8639383.746, 133
Trd, 8639384.846, 112
Trd, 8639384.946, 124
Trd, 8639385.146, 136
Trd, 8639385.246, 106
Trd, 8639386.579, 138
Trd, 8639386.612, 134
Trd, 8639387.746, 126
Trd, 8639387.779, 112
Trd, 8639388.279, 107
Trd, 8639388.379, 135
Trd, 8639389.046, 105
Trd, 8639389.746, 103
Trd, 8639390.779, 103
Trd, 8639390.812, 107
Trd, 8639391.112, 123
Trd, 8639391.579, 112
Trd, 8639391.612, 112
Trd, 8639392.446, 125
Trd, 8639392.812, 113
Trd, 8639392.912, 101
Trd, 8639393.512, 123
Trd, 8639393.679, 122
Trd, 8639394.446, 121
Trd, 8639394.546, 108
Trd, 8639394.679, 107
Trd, 8639396.046, 140
Trd, 8639396.112, 117
Trd, 8639396.546, 110
Trd, 8639397.046, 92
Trd, 8639397.079, 69
Trd, 8639397.479, 68
Trd, 8639398.146, 62
Trd, 8639398.346, 63
Trd, 8639398.846, 67
Trd, 8639399.012, 84
Trd, 8639399.646, 67
Trd, 8639400.079, 125
Trd, 8639401.412, 66
Trd, 8639402.379, 67
Trd, 8639403.012, 98
Trd, 8639403.146, 107
Trd, 8639404.012, 68
Trd, 8639404.046, 88
Trd, 8639404.512, 101
Trd, 8639405.446, 114
Trd, 8639405.712, 101
Trd, 8639406.246, 122
Trd, 8639406.846, 118
Trd, 8639406.912, 138
Trd, 8639407.479, 137
Trd, 8639407.512, 126
Trd, 8639407.746, 111
Trd, 8639407.912, 137
Trd, 8639408.646, 136
Trd, 8639409.712, 93
Trd, 8639410.912, 116
Trd, 8639410.979, 114
Trd, 8639411.279, 104
Trd, 8639411.912, 103
Trd, 8639412.579, 134
Trd, 8639413.279, 120
Trd, 8639413.446, 109
Trd, 8639413.546, 88
Trd, 8639413.879, 112
Trd, 8639414.712, 127
Trd, 8639414.812, 107
Trd, 8639414.912, 106
Trd, 8639416.246, 128
Trd, 8639416.812, 139
Trd, 8639416.879, 138
Trd, 8639417.679, 131
Trd, 8639417.712, 130
Trd, 8639418.979, 95
Trd, 8639419.012, 93
Trd, 8639419.279, 89
Trd, 8639419.812, 87
Trd, 8639419.846, 91
Trd, 8639420.412, 140
Trd, 8639420.912, 121
Trd, 8639421.179, 102
Trd, 8639421.579, 97
Trd, 8639421.812, 60
Trd, 8639422.212, 127
Trd, 8639423.112, 131
Trd, 8639423.446, 134
Trd, 8639424.379, 119
Trd, 8639424.779, 135
Trd, 8639425.112, 113
Trd, 8639426.346, 140
Trd, 8639426.679, 139
Trd, 8639426.946, 138
Trd, 8639427.012, 136
Trd, 8639427.179, 132
Trd, 8639427.546, 120
Trd, 8639428.746, 133
Trd, 8639428.812, 132
Trd, 8639428.912, 120
Trd, 8639429.146, 117
Trd, 8639429.279, 78
Trd, 8639429.479, 69
Trd, 8639430.379, 140
Trd, 8639430.546, 132
Trd, 8639430.612, 107
Trd, 8639432.312, 61
Trd, 8639432.812, 61
Trd, 8639432.979, 61
Trd, 8639433.379, 84
Trd, 8639434.412, 75
Trd, 8639434.612, 62
Trd, 8639435.846, 64
Trd, 8639435.879, 97
Trd, 8639436.146, 62
Trd, 8639436.712, 82
Trd, 8639437.279, 73
Trd, 8639438.779, 134
Trd, 8639439.146, 134
Trd, 8639439.912, 140
Trd, 8639440.212, 139
Trd, 8639440.846, 133
Trd, 8639441.012, 133
Trd, 8639441.112, 136
Trd, 8639441.679, 133
Trd, 8639441.879, 132
Trd, 8639441.946, 121
Trd, 8639442.512, 121
Trd, 8639442.812, 125
Trd, 8639443.979, 139
Trd, 8639444.046, 126
Trd, 8639444.146, 122
Trd, 8639444.179, 120
Trd, 8639444.912, 117
Trd, 8639445.479, 103
Trd, 8639445.779, 131
Trd, 8639446.312, 101
Trd, 8639446.779, 105
Trd, 8639447.812, 138
Trd, 8639448.112, 130
Trd, 8639448.246, 100
Trd, 8639448.646, 128
Trd, 8639448.879, 115
Trd, 8639450.512, 128
Trd, 8639450.579, 108
Trd, 8639450.646, 91
Trd, 8639450.879, 121
Trd, 8639451.212, 107
Trd, 8639451.412, 82
Trd, 8639451.446, 71
Trd, 8639452.679, 121
Trd, 8639452.979, 122
Trd, 8639453.712, 128
Trd, 8639453.746, 126
Trd, 8639454.512, 115
Trd, 8639454.946, 104
Trd, 8639455.279, 100
Trd, 8639455.379, 74
Trd, 8639455.979, 105
Trd, 8639456.079, 71
Trd, 8639457.046, 125
Trd, 8639457.446, 125
Trd, 8639457.679, 124
Trd, 8639457.912, 133
Trd, 8639458.179, 118
Trd, 8639458.546, 118
Trd, 8639459.779, 104
Trd, 8639460.079, 103
Trd, 8639460.312, 95
Trd, 8639460.712, 118
Trd, 8639461.479, 104
Trd, 8639461.579, 101
Trd, 8639461.746, 94
Trd, 8639462.179, 140
Trd, 8639462.679, 106
Trd, 8639463.312, 81
Trd, 8639463.779, 74
Trd, 8639463.946, 121
Trd, 8639464.612, 86
Trd, 8639465.879, 77
Trd, 8639465.946, 76
Trd, 8639466.246, 113
Trd, 8639466.879, 135
Trd, 8639466.912, 134
Trd, 8639467.046, 120
Trd, 8639467.146, 112
Trd, 8639468.079, 116
Trd, 8639468.279, 114
Trd, 8639469.079, 108
Trd, 8639469.246, 126
Trd, 8639469.779, 75
Trd, 8639470.846, 122
Trd, 8639472.079, 130
Trd, 8639472.112, 123
Trd, 8639472.179, 99
Trd, 8639472.812, 95
Trd, 8639472.979, 83
Trd, 8639473.112, 82
Trd, 8639473.312, 81
Trd, 8639473.512, 69
Trd, 8639473.812, 71
Trd, 8639474.246, 134
Trd, 8639474.746, 140
Trd, 8639476.679, 140
Trd, 8639476.946, 125
Trd, 8639476.979, 115
Trd, 8639477.579, 126
Trd, 8639477.879, 126
Trd, 8639477.979, 125
Trd, 8639478.446, 133
Trd, 8639478.646, 105
Trd, 8639479.312, 103
Trd, 8639479.612, 102
Trd, 8639480.612, 69
Trd, 8639480.912, 76
Trd, 8639481.312, 62
Trd, 8639481.946, 70
Trd, 8639482.712, 70
Trd, 8639482.946, 80
Trd, 8639483.779, 67
Trd, 8639483.912, 82
Trd, 8639484.212, 62
Trd, 8639484.579, 86
Trd, 8639484.912, 99
Trd, 8639484.979, 115
Trd, 8639485.979, 60
Trd, 8639486.946, 60
Trd, 8639487.012, 62
Trd, 8639487.112, 60
Trd, 8639487.412, 63
Trd, 8639487.746, 64
Trd, 8639488.246, 124
Trd, 8639489.112, 109
Trd, 8639489.146, 103
Trd, 8639489.212, 87
Trd, 8639489.479, 86
Trd, 8639489.612, 120
Trd, 8639489.912, 85
Trd, 8639491.946, 99
Trd, 8639492.012, 119
Trd, 8639492.246, 87
Trd, 8639492.346, 106
Trd, 8639492.579, 94
Trd, 8639493.246, 137
Trd, 8639493.346, 85
Trd, 8639493.846, 99
Trd, 8639494.679, 88
Trd, 8639494.812, 120
Trd, 8639495.079, 86
Trd, 8639495.646, 130
Trd, 8639495.746, 86
Trd, 8639496.779, 64
Trd, 8639497.546, 60
Trd, 8639497.579, 61
Trd, 8639498.646, 61
Trd, 8639499.279, 60
Trd, 8639499.812, 60
Trd, 8639500.079, 66
Trd, 8639500.279, 93
Trd, 8639501.012, 102
Trd, 8639501.046, 84
Trd, 8639501.346, 72
Trd, 8639501.979, 136
Trd, 8639502.279, 95
Trd, 8639502.446, 86
Trd, 8639503.846, 61
Trd, 8639503.979, 104
Trd, 8639504.246, 103
Trd, 8639504.312, 87
Trd, 8639504.379, 87
Trd, 8639504.712, 79
Trd, 8639504.846, 139
Trd, 8639507.012, 90
Trd, 8639507.079, 116
Trd, 8639507.379, 139
Trd, 8639508.179, 127
Trd, 8639508.246, 113
Trd, 8639508.612, 113
Trd, 8639509.012, 106
Trd, 8639509.812, 133
Trd, 8639510.246, 136
Trd, 8639510.312, 94
Trd, 8639510.546, 95
Trd, 8639510.579, 98
Trd, 8639511.712, 102
Trd, 8639511.746, 101
Trd, 8639512.046, 120
Trd, 8639512.512, 116
Trd, 8639513.779, 110
Trd, 8639514.012, 94
Trd, 8639514.146, 76
Trd, 8639514.779, 140
Trd, 8639515.112, 66
Trd, 8639516.279, 104
Trd, 8639516.346, 115
Trd, 8639516.412, 89
Trd, 8639516.812, 71
Trd, 8639517.046, 84
Trd, 8639517.146, 70
Trd, 8639517.279, 62
Trd, 8639518.346, 68
Trd, 8639518.746, 69
Trd, 8639518.879, 72
Trd, 8639519.146, 72
Trd, 8639519.312, 62
Trd, 8639519.946, 140
Trd, 8639520.212, 67
Trd, 8639521.112, 72
Trd, 8639521.312, 73
Trd, 8639521.712, 109
Trd, 8639522.412, 101
Trd, 8639523.346, 112
Trd, 8639523.379, 111
Trd, 8639523.679, 107
Trd, 8639524.479, 99
Trd, 8639524.512, 98
Trd, 8639524.812, 89
Trd, 8639525.412, 108
Trd, 8639526.646, 124
Trd, 8639526.979, 120
Trd, 8639527.179, 134
Trd, 8639527.212, 116
Trd, 8639527.912, 86
Trd, 8639527.946, 85
Trd, 8639529.212, 85
Trd, 8639530.112, 139
Trd, 8639530.546, 97
Trd, 8639531.546, 89
Trd, 8639531.679, 76
Trd, 8639531.812, 77
Trd, 8639532.512, 85
Trd, 8639532.846, 88
Trd, 8639533.046, 70
Trd, 8639533.746, 61
Trd, 8639534.112, 61
Trd, 8639534.312, 61
Trd, 8639534.379, 85
Trd, 8639534.879, 93
Trd, 8639535.612, 64
Trd, 8639536.179, 61
Trd, 8639536.379, 80
Trd, 8639537.246, 66
Trd, 8639537.979, 71
Trd, 8639538.446, 68
Trd, 8639538.946, 83
Trd, 8639538.979, 88
Trd, 8639540.246, 81
Trd, 8639540.346, 80
Trd, 8639540.579, 94
Trd, 8639540.812, 80
Trd, 8639541.412, 116
Trd, 8639541.712, 84
Trd, 8639542.012, 137
Trd, 8639542.146, 139
Trd, 8639542.312, 117
Trd, 8639542.479, 83
Trd, 8639542.579, 83
Trd, 8639543.046, 84
Trd, 8639543.679, 94
Trd, 8639543.912, 85
Trd, 8639545.046, 79
Trd, 8639545.279, 64
Trd, 8639545.612, 107
Trd, 8639546.612, 134
Trd, 8639546.812, 100
Trd, 8639547.746, 107
Trd, 8639548.046, 140
Trd, 8639548.179, 93
Trd, 8639548.646, 117
Trd, 8639548.746, 94
Trd, 8639549.279, 123
Trd, 8639551.012, 121
Trd, 8639551.412, 121
Trd, 8639551.446, 96
Trd, 8639551.779, 87
Trd, 8639551.946, 82
Trd, 8639551.979, 73
Trd, 8639552.479, 62
Trd, 8639552.879, 117
Trd, 8639553.079, 99
Trd, 8639553.246, 119
Trd, 8639554.246, 98
Trd, 8639554.646, 76
Trd, 8639555.679, 102
Trd, 8639555.746, 70
Trd, 8639556.212, 90
Trd, 8639556.646, 91
Trd, 8639556.679, 87
Trd, 8639556.779, 95
Trd, 8639556.946, 70
Trd, 8639557.446, 81
Trd, 8639558.246, 99
Trd, 8639558.446, 73
Trd, 8639558.479, 71
Trd, 8639558.979, 101
Trd, 8639559.079, 66
Trd, 8639559.279, 76
Trd, 8639559.912, 135
Trd, 8639560.479, 64
Trd, 8639560.979, 63
Trd, 8639561.079, 67
Trd, 8639563.012, 80
Trd, 8639563.679, 77
Trd, 8639563.912, 92
Trd, 8639564.279, 125
Trd, 8639564.612, 80
Trd, 8639564.746, 78
Trd, 8639565.279, 89
Trd, 8639566.079, 140
Trd, 8639566.812, 113
Trd, 8639567.179, 105
Trd, 8639567.679, 122
Trd, 8639567.812, 111
Trd, 8639568.979, 131
Trd, 8639569.346, 114
Trd, 8639569.479, 119
Trd, 8639569.846, 114
Trd, 8639570.212, 140
Trd, 8639570.746, 133
Trd, 8639570.879, 132
Trd, 8639571.446, 126
Trd, 8639571.512, 115
Trd, 8639571.646, 140
Trd, 8639572.212, 96
Trd, 8639572.746, 134
Trd, 8639572.812, 132
Trd, 8639572.879, 112
Trd, 8639574.212, 111
Trd, 8639574.812, 125
Trd, 8639574.946, 109
Trd, 8639574.979, 102
Trd, 8639576.746, 138
Trd, 8639577.146, 111
Trd, 8639577.346, 101
Trd, 8639577.412, 107
Trd, 8639577.846, 113
Trd, 8639578.179, 122
Trd, 8639578.279, 107
Trd, 8639578.379, 101
Trd, 8639579.279, 98
Trd, 8639579.746, 97
Trd, 8639580.112, 93
Trd, 8639580.179, 96
Trd, 8639580.979, 119
Trd, 8639581.212, 139
Trd, 8639581.246, 125
Trd, 8639581.346, 118
Trd, 8639581.912, 140
Trd, 8639582.879, 139
Trd, 8639583.579, 133
Trd, 8639583.712, 132
Trd, 8639583.779, 105
Trd, 8639584.846, 113
Trd, 8639585.179, 100
Trd, 8639585.346, 134
Trd, 8639585.612, 101
Trd, 8639585.979, 124
Trd, 8639586.246, 127
Trd, 8639586.612, 123
Trd, 8639586.679, 115
Trd, 8639586.979, 96
Trd, 8639587.212, 69
Trd, 8639587.446, 138
Trd, 8639588.246, 90
Trd, 8639588.812, 87
Trd, 8639589.912, 97
Trd, 8639590.179, 96
Trd, 8639590.912, 139
Trd, 8639591.046, 117
Trd, 8639591.912, 116
Trd, 8639592.379, 114
Trd, 8639592.512, 113
Trd, 8639592.579, 112
Trd, 8639592.779, 83
Trd, 8639593.112, 60
Trd, 8639593.312, 84
Trd, 8639593.712, 70
Trd, 8639594.479, 78
Trd, 8639594.746, 74
Trd, 8639594.779, 97
Trd, 8639595.379, 81
Trd, 8639595.746, 83
Trd, 8639597.546, 94
Trd, 8639598.179, 115
Trd, 8639598.446, 106
Trd, 8639598.746, 106
Trd, 8639599.379, 106
Trd, 8639599.612, 99
Trd, 8639599.946, 98
Trd, 8639600.546, 97
Trd, 8639600.946, 99
Trd, 8639601.246, 128
Trd, 8639601.746, 110
Trd, 8639602.279, 97
Trd, 8639602.546, 126
Trd, 8639602.879, 122
Trd, 8639603.112, 103
Trd, 8639603.412, 138
Trd, 8639603.479, 99
Trd, 8639603.612, 98
Trd, 8639604.312, 100
Trd, 8639604.446, 93
Trd, 8639605.446, 130
Trd, 8639606.646, 110
Trd, 8639606.712, 109
Trd, 8639606.946, 103
Trd, 8639607.412, 95
Trd, 8639607.579, 92
Trd, 8639608.012, 95
Trd, 8639608.246, 70
Trd, 8639608.612, 69
Trd, 8639609.412, 66
Trd, 8639609.446, 81
Trd, 8639609.612, 61
Trd, 8639610.246, 61
Trd, 8639610.946, 64
Trd, 8639611.412, 104
Trd, 8639611.479, 73
Trd, 8639611.679, 87
Trd, 8639611.879, 99
Trd, 8639613.646, 65
Trd, 8639613.846, 64
Trd, 8639614.246, 61
Trd, 8639614.612, 108
Trd, 8639615.812, 115
Trd, 8639616.046, 72
Trd, 8639616.279, 71
Trd, 8639616.746, 110
Trd, 8639617.212, 128
Trd, 8639618.212, 103
Trd, 8639618.812, 124
Trd, 8639619.012, 97
Trd, 8639619.046, 96
Trd, 8639619.379, 137
Trd, 8639619.746, 89
Trd, 8639620.379, 140
Trd, 8639620.579, 99
Trd, 8639620.879, 89
Trd, 8639621.479, 87
Trd, 8639621.646, 83
Trd, 8639622.879, 92
Trd, 8639623.679, 139
Trd, 8639623.879, 103
Trd, 8639624.412, 105
Trd, 8639624.579, 98
Trd, 8639625.246, 110
Trd, 8639625.312, 95
Trd, 8639625.846, 93
Trd, 8639626.312, 118
Trd, 8639626.546, 86
Trd, 8639626.746, 95
Trd, 8639626.779, 124
Trd, 8639627.046, 79
Trd, 8639627.679, 75
Trd, 8639628.646, 109
Trd, 8639629.679, 93
Trd, 8639630.012, 136
Trd, 8639630.112, 90
Trd, 8639630.146, 88
Trd, 8639630.579, 94
Trd, 8639631.712, 80
Trd, 8639632.446, 137
Trd, 8639634.812, 140
Trd, 8639634.912, 140
Trd, 8639634.946, 140
Trd, 8639635.379, 125
Trd, 8639635.546, 106
Trd, 8639636.546, 126
Trd, 8639636.712, 123
Trd, 8639637.012, 78
Trd, 8639637.412, 76
Trd, 8639637.512, 128
Trd, 8639637.579, 90
Trd, 8639638.379, 76
Trd, 8639638.646, 74
Trd, 8639639.246, 63
Trd, 8639639.279, 80
Trd, 8639639.846, 82
Trd, 8639640.012, 85
Trd, 8639640.712, 75
Trd, 8639641.046, 74
Trd, 8639641.212, 69
Trd, 8639641.979, 77
Trd, 8639642.479, 140
Trd, 8639642.712, 120
Trd, 8639643.446, 112
Trd, 8639643.879, 111
Trd, 8639644.379, 116
Trd, 8639644.879, 120
Trd, 8639644.979, 103
Trd, 8639645.379, 126
Trd, 8639645.846, 128
Trd, 8639646.712, 127
Trd, 8639647.012, 120
Trd, 8639647.046, 109
Trd, 8639647.479, 94
Trd, 8639647.912, 108
Trd, 8639648.012, 127
Trd, 8639648.379, 101
Trd, 8639648.946, 100
Trd, 8639649.612, 138
Trd, 8639650.012, 140
Trd, 8639650.312, 131
Trd, 8639650.546, 119
Trd, 8639650.946, 87
Trd, 8639650.979, 86
Trd, 8639651.146, 61
Trd, 8639651.712, 62
Trd, 8639651.946, 84
Trd, 8639653.679, 61
Trd, 8639653.846, 82
Trd, 8639654.246, 101
Trd, 8639654.546, 99
Trd, 8639654.979, 61
Trd, 8639655.179, 60
Trd, 8639655.246, 62
Trd, 8639655.746, 64
Trd, 8639656.179, 70
Trd, 8639657.412, 101
Trd, 8639657.446, 72
Trd, 8639657.979, 86
Trd, 8639658.012, 69
Trd, 8639659.146, 103
Trd, 8639659.779, 128
Trd, 8639660.012, 121
Trd, 8639660.179, 106
Trd, 8639660.646, 140
Trd, 8639660.779, 139
Trd, 8639660.946, 72
Trd, 8639661.979, 140
Trd, 8639662.879, 132
Trd, 8639662.979, 128
Trd, 8639663.079, 109
Trd, 8639663.146, 106
Trd, 8639663.579, 90
Trd, 8639664.712, 98
Trd, 8639664.812, 90
Trd, 8639665.679, 100
Trd, 8639665.946, 105
Trd, 8639665.979, 89
Trd, 8639666.312, 88
Trd, 8639666.412, 86
Trd, 8639667.146, 88
Trd, 8639668.179, 76
Trd, 8639668.412, 75
Trd, 8639669.712, 140
Trd, 8639669.846, 139
Trd, 8639670.079, 138
Trd, 8639670.379, 140
Trd, 8639670.512, 131
Trd, 8639670.879, 126
Trd, 8639670.912, 123
Trd, 8639671.346, 102
Trd, 8639671.812, 93
Trd, 8639672.446, 117
Trd, 8639672.879, 81
Trd, 8639673.246, 74
Trd, 8639673.812, 81
Trd, 8639674.079, 99
Trd, 8639675.079, 129
Trd, 8639675.979, 139
Trd, 8639676.912, 133
Trd, 8639677.112, 128
Trd, 8639678.546, 134
Trd, 8639678.746, 113
Trd, 8639678.879, 112
Trd, 8639678.912, 107
Trd, 8639679.012, 101
Trd, 8639680.379, 108
Trd, 8639680.512, 107
Trd, 8639680.712, 106
Trd, 8639680.912, 107
Trd, 8639681.212, 140
Trd, 8639681.379, 106
Trd, 8639682.946, 107
Trd, 8639683.646, 93
Trd, 8639684.212, 98
Trd, 8639684.546, 95
Trd, 8639685.012, 127
Trd, 8639685.712, 140
Trd, 8639686.512, 140
Trd, 8639687.546, 140
Trd, 8639687.812, 132
Trd, 8639688.546, 139
Trd, 8639689.112, 125
Trd, 8639689.346, 124
Trd, 8639689.412, 123
Trd, 8639690.379, 109
Trd, 8639690.412, 100
Trd, 8639690.612, 88
Trd, 8639690.812, 77
Trd, 8639690.879, 73
Trd, 8639691.079, 131
Trd, 8639691.312, 69
Trd, 8639692.579, 140
Trd, 8639692.779, 137
Trd, 8639692.912, 136
Trd, 8639694.179, 109
Trd, 8639694.746, 89
Trd, 8639695.146, 88
Trd, 8639695.179, 85
Trd, 8639695.279, 115
Trd, 8639695.646, 80
Trd, 8639695.712, 122
Trd, 8639695.812, 75
Trd, 8639696.646, 123
Trd, 8639697.246, 87
Trd, 8639697.812, 140
Trd, 8639698.379, 135
Trd, 8639698.912, 140
Trd, 8639699.246, 140
Trd, 8639699.412, 133
Trd, 8639699.979, 138
Trd, 8639700.046, 127
Trd, 8639700.212, 121
Trd, 8639701.512, 127
Trd, 8639701.746, 126
Trd, 8639702.912, 132
Trd, 8639703.112, 110
Trd, 8639703.412, 131
Trd, 8639703.579, 117
Trd, 8639704.046, 116
Trd, 8639704.079, 110
Trd, 8639704.612, 135
Trd, 8639705.579, 139
Trd, 8639706.212, 123
Trd, 8639706.612, 101
Trd, 8639706.712, 110
Trd, 8639707.546, 94
Trd, 8639707.846, 105
Trd, 8639708.746, 109
Trd, 8639709.246, 110
Trd, 8639709.879, 107
Trd, 8639710.379, 140
Trd, 8639710.446, 109
Trd, 8639711.579, 121
Trd, 8639712.146, 106
Trd, 8639712.212, 103
Trd, 8639712.379, 82
Trd, 8639712.746, 124
Trd, 8639712.879, 70
Trd, 8639714.112, 60
Trd, 8639714.346, 106
Trd, 8639715.012, 119
Trd, 8639715.279, 120
Trd, 8639715.346, 119
Trd, 8639715.746, 118
Trd, 8639715.979, 108
Trd, 8639716.079, 96
Trd, 8639717.246, 126
Trd, 8639718.846, 130
Trd, 8639719.012, 130
Trd, 8639719.046, 112
Trd, 8639719.279, 106
Trd, 8639719.779, 103
Trd, 8639719.812, 102
Trd, 8639720.012, 101
Trd, 8639721.112, 130
Trd, 8639721.712, 118
Trd, 8639722.079, 109
Trd, 8639722.379, 109
Trd, 8639722.579, 104
Trd, 8639723.779, 140
Trd, 8639723.979, 131
Trd, 8639724.312, 125
Trd, 8639724.712, 124
Trd, 8639725.212, 140
Trd, 8639725.246, 132
Trd, 8639726.012, 117
Trd, 8639726.179, 114
Trd, 8639726.312, 76
Trd, 8639726.579, 124
Trd, 8639727.046, 81
Trd, 8639727.746, 122
Trd, 8639728.046, 108
Trd, 8639729.212, 76
Trd, 8639729.512, 88
Trd, 8639729.579, 117
Trd, 8639729.946, 98
Trd, 8639730.212, 101
Trd, 8639730.546, 93
Trd, 8639730.779, 78
Trd, 8639731.146, 133
Trd, 8639731.412, 75
Trd, 8639731.846, 76
Trd, 8639731.946, 103
Trd, 8639732.112, 139
Trd, 8639733.412, 103
Trd, 8639734.046, 89
Trd, 8639734.212, 83
Trd, 8639734.312, 79
Trd, 8639734.946, 78
Trd, 8639735.012, 78
Trd, 8639735.512, 76
Trd, 8639736.512, 138
Trd, 8639736.579, 131
Trd, 8639736.746, 130
Trd, 8639736.846, 103
Trd, 8639737.412, 68
Trd, 8639738.679, 60
Trd, 8639739.179, 66
Trd, 8639739.812, 64
Trd, 8639740.212, 79
Trd, 8639741.046, 116
Trd, 8639741.646, 139
Trd, 8639742.279, 112
Trd, 8639742.779, 121
Trd, 8639743.046, 108
Trd, 8639743.146, 100
Trd, 8639743.779, 100
Trd, 8639744.846, 134
Trd, 8639745.279, 120
Trd, 8639745.512, 109
Trd, 8639745.912, 103
Trd, 8639746.246, 140
Trd, 8639746.946, 105
Trd, 8639747.979, 138
Trd, 8639748.079, 137
Trd, 8639748.112, 131
Trd, 8639748.546, 105
Trd, 8639749.012, 126
Trd, 8639749.079, 125
Trd, 8639749.179, 92
Trd, 8639749.812, 120
Trd, 8639750.546, 137
Trd, 8639750.712, 111
Trd, 8639750.846, 105
Trd, 8639752.512, 118
Trd, 8639752.779, 91
Trd, 8639752.912, 81
Trd, 8639753.112, 60
Trd, 8639753.579, 64
Trd, 8639754.112, 122
Trd, 8639754.812, 68
Trd, 8639755.212, 70
Trd, 8639756.346, 139
Trd, 8639757.079, 140
Trd, 8639757.212, 139
Trd, 8639757.379, 138
Trd, 8639758.346, 134
Trd, 8639758.412, 129
Trd, 8639758.712, 140
Trd, 8639759.346, 118
Trd, 8639759.712, 117
Trd, 8639760.446, 112
Trd, 8639760.479, 109
Trd, 8639760.512, 81
Trd, 8639761.046, 89
Trd, 8639761.846, 136
Trd, 8639761.946, 135
Trd, 8639762.579, 135
Trd, 8639762.846, 131
Trd, 8639763.012, 113
Trd, 8639763.846, 106
Trd, 8639764.746, 134
Trd, 8639765.212, 136
Trd, 8639765.379, 140
Trd, 8639766.346, 140
Trd, 8639767.212, 140
Trd, 8639767.546, 140
Trd, 8639768.046, 140
Trd, 8639768.079, 138
Trd, 8639768.112, 117
Trd, 8639768.279, 114
Trd, 8639768.512, 110
Trd, 8639769.312, 83
Trd, 8639769.579, 81
Trd, 8639769.612, 81
Trd, 8639770.079, 76
Trd, 8639770.546, 72
Trd, 8639770.679, 105
Trd, 8639771.946, 140
Trd, 8639772.712, 140
Trd, 8639773.312, 133
Trd, 8639773.679, 130
Trd, 8639773.779, 129
Trd, 8639774.612, 137
Trd, 8639774.712, 130
Trd, 8639774.912, 117
Trd, 8639775.479, 134
Trd, 8639776.046, 134
Trd, 8639776.112, 117
Trd, 8639776.979, 130
Trd, 8639777.246, 124
Trd, 8639778.346, 130
Trd, 8639779.079, 116
Trd, 8639779.312, 114
Trd, 8639779.779, 115
Trd, 8639779.846, 98
Trd, 8639780.846, 108
Trd, 8639781.446, 114
Trd, 8639781.712, 112
Trd, 8639781.779, 116
Trd, 8639781.846, 106
Trd, 8639782.879, 139
Trd, 8639783.112, 118
Trd, 8639783.279, 72
Trd, 8639783.946, 82
Trd, 8639784.779, 63
Trd, 8639784.912, 62
Trd, 8639785.212, 104
Trd, 8639785.412, 104
Trd, 8639785.579, 126
Trd, 8639786.012, 89
Trd, 8639786.646, 87
Trd, 8639786.979, 139
Trd, 8639787.779, 101
Trd, 8639788.979, 135
Trd, 8639789.879, 120
Trd, 8639790.146, 120
Trd, 8639790.646, 102
Trd, 8639791.412, 114
Trd, 8639791.746, 139
Trd, 8639791.846, 118
Trd, 8639792.079, 101
Trd, 8639792.146, 96
Trd, 8639792.546, 95
Trd, 8639792.879, 140
Trd, 8639793.146, 136
Trd, 8639793.612, 106
Trd, 8639794.579, 78
Trd, 8639795.546, 136
Trd, 8639796.446, 139
Trd, 8639796.779, 138
Trd, 8639796.812, 130
Trd, 8639797.179, 120
Trd, 8639797.779, 113
Trd, 8639798.012, 103
Trd, 8639798.379, 93
Trd, 8639798.546, 140
Trd, 8639799.279, 134
Trd, 8639799.546, 134
Trd, 8639800.246, 120
Trd, 8639800.346, 106
Trd, 8639800.479, 79
Trd, 8639800.912, 84
Trd, 8639802.012, 107
Trd, 8639802.179, 113
Trd, 8639802.812, 91
Trd, 8639803.012, 82
Trd, 8639803.412, 99
Trd, 8639803.546, 101
Trd, 8639804.312, 115
Trd, 8639804.512, 103
Trd, 8639805.012, 91
Trd, 8639806.179, 139
Trd, 8639806.446, 132
Trd, 8639806.479, 131
Trd, 8639807.679, 106
Trd, 8639808.112, 126
Trd, 8639808.712, 139
Trd, 8639808.846, 122
Trd, 8639809.779, 112
Trd, 8639809.846, 110
Trd, 8639810.279, 97
Trd, 8639810.712, 130
Trd, 8639811.712, 135
Trd, 8639811.846, 132
Trd, 8639812.046, 89
Trd, 8639813.012, 90
Trd, 8639813.679, 140
Trd, 8639813.879, 111
Trd, 8639813.946, 110
Trd, 8639814.379, 121
Trd, 8639815.412, 133
Trd, 8639815.879, 125
Trd, 8639815.979, 118
Trd, 8639816.046, 114
Trd, 8639816.412, 81
Trd, 8639816.746, 80
Trd, 8639816.946, 118
Trd, 8639817.746, 73
Trd, 8639818.179, 89
Trd, 8639818.879, 74
Trd, 8639819.079, 70
Trd, 8639819.412, 63
Trd, 8639820.046, 63
Trd, 8639820.779, 61
Trd, 8639820.946, 67
Trd, 8639821.646, 72
Trd, 8639821.712, 83
Trd, 8639822.712, 93
Trd, 8639823.046, 100
Trd, 8639823.412, 138
Trd, 8639823.446, 81
Trd, 8639823.479, 68
Trd, 8639824.212, 78
Trd, 8639824.246, 88
Trd, 8639825.212, 69
Trd, 8639825.779, 68
Trd, 8639826.046, 90
Trd, 8639826.079, 67
Trd, 8639826.679, 67
Trd, 8639827.112, 69
Trd, 8639827.379, 88
Trd, 8639827.879, 71
Trd, 8639827.946, 71
Trd, 8639828.679, 96
Trd, 8639828.979, 121
Trd, 8639830.246, 140
Trd, 8639830.512, 140
Trd, 8639830.579, 132
Trd, 8639830.712, 126
Trd, 8639830.746, 117
Trd, 8639830.779, 113
Trd, 8639830.879, 134
Trd, 8639831.346, 101
Trd, 8639831.812, 140
Trd, 8639832.179, 140
Trd, 8639832.679, 90
Trd, 8639832.846, 89
Trd, 8639833.446, 83
Trd, 8639834.279, 63
Trd, 8639834.346, 113
Trd, 8639834.679, 112
Trd, 8639834.879, 118
Trd, 8639835.179, 60
Trd, 8639835.812, 126
Trd, 8639836.646, 74
Trd, 8639836.746, 71
Trd, 8639836.912, 69
Trd, 8639837.646, 113
Trd, 8639837.812, 92
Trd, 8639838.746, 85
Trd, 8639839.846, 118
Trd, 8639839.912, 117
Trd, 8639840.212, 125
Trd, 8639840.779, 115
Trd, 8639841.146, 137
Trd, 8639842.079, 122
Trd, 8639842.679, 121
Trd, 8639843.946, 122
Trd, 8639844.112, 121
Trd, 8639844.346, 118
Trd, 8639844.612, 116
Trd, 8639845.046, 127
Trd, 8639845.679, 103
Trd, 8639847.112, 100
Trd, 8639847.279, 96
Trd, 8639847.412, 95
Trd, 8639847.846, 94
Trd, 8639847.879, 107
Trd, 8639847.946, 81
Trd, 8639848.146, 138
Trd, 8639848.946, 138
Trd, 8639849.412, 137
Trd, 8639849.546, 137
Trd, 8639849.712, 131
Trd, 8639850.146, 112
Trd, 8639851.012, 125
Trd, 8639851.046, 124
Trd, 8639851.479, 139
Trd, 8639851.512, 118
Trd, 8639852.579, 109
Trd, 8639852.779, 98
Trd, 8639853.079, 119
Trd, 8639853.979, 134
Trd, 8639854.712, 64
Trd, 8639854.979, 93
Trd, 8639855.379, 120
Trd, 8639855.612, 90
Trd, 8639855.812, 85
Trd, 8639856.212, 136
Trd, 8639856.679, 129
Trd, 8639857.646, 139
Trd, 8639857.679, 136
Trd, 8639857.946, 129
Trd, 8639860.379, 126
Trd, 8639860.446, 123
Trd, 8639860.612, 110
Trd, 8639861.046, 101
Trd, 8639861.112, 99
Trd, 8639861.246, 94
Trd, 8639861.412, 87
Trd, 8639861.879, 96
Trd, 8639861.912, 85
Trd, 8639862.812, 99
Trd, 8639863.346, 92
Trd, 8639863.412, 91
Trd, 8639863.612, 81
Trd, 8639864.612, 140
Trd, 8639864.679, 104
Trd, 8639865.446, 84
Trd, 8639865.646, 124
Trd, 8639866.446, 140
Trd, 8639867.146, 139
Trd, 8639867.746, 140
Trd, 8639868.312, 140
Trd, 8639869.146, 139
Trd, 8639869.279, 138
Trd, 8639869.412, 137
Trd, 8639869.912, 134
Trd, 8639870.146, 126
Trd, 8639870.346, 119
Trd, 8639871.312, 140
Trd, 8639871.612, 140
Trd, 8639872.446, 129
Trd, 8639872.512, 116
Trd, 8639873.279, 105
Trd, 8639873.946, 114
Trd, 8639874.279, 108
Trd, 8639874.746, 84
Trd, 8639875.012, 94
Trd, 8639875.379, 118
Trd, 8639875.712, 102
Trd, 8639875.846, 94
Trd, 8639876.346, 93
Trd, 8639876.546, 139
Trd, 8639876.879, 132
Trd, 8639877.346, 116
Trd, 8639877.779, 99
Trd, 8639877.879, 76
Trd, 8639878.312, 138
Trd, 8639878.446, 121
Trd, 8639879.679, 62
Trd, 8639880.412, 69
Trd, 8639880.812, 70
Trd, 8639880.846, 84
Trd, 8639881.479, 137
Trd, 8639881.712, 62
Trd, 8639882.246, 66
Trd, 8639882.779, 87
Trd, 8639883.079, 75
Trd, 8639884.612, 93
Trd, 8639884.679, 91
Trd, 8639884.979, 94
Trd, 8639885.446, 117
Trd, 8639886.012, 111
Trd, 8639886.112, 132
Trd, 8639886.279, 107
Trd, 8639886.346, 106
Trd, 8639886.512, 104
Trd, 8639886.746, 124
Trd, 8639887.046, 140
Trd, 8639887.146, 92
Trd, 8639887.746, 60
Trd, 8639888.046, 61
Trd, 8639888.712, 83
Trd, 8639889.012, 135
Trd, 8639889.779, 73
Trd, 8639889.879, 71
Trd, 8639889.979, 125
Trd, 8639890.379, 72
Trd, 8639891.179, 130
Trd, 8639891.312, 97
Trd, 8639891.712, 129
Trd, 8639891.779, 93
Trd, 8639892.646, 91
Trd, 8639892.779, 123
Trd, 8639892.879, 104
Trd, 8639894.346, 61
Trd, 8639894.712, 99
Trd, 8639895.246, 85
Trd, 8639895.512, 66
Trd, 8639896.512, 67
Trd, 8639896.746, 65
Trd, 8639897.046, 64
Trd, 8639897.112, 91
Trd, 8639897.612, 71
Trd, 8639898.679, 108
Trd, 8639898.912, 140
Trd, 8639899.079, 107
Trd, 8639899.279, 103
Trd, 8639900.546, 133
Trd, 8639900.579, 130
Trd, 8639901.112, 127
Trd, 8639901.179, 123
Trd, 8639901.646, 91
Trd, 8639901.879, 90
Trd, 8639902.346, 80
Trd, 8639902.546, 93
Trd, 8639903.246, 113
Trd, 8639903.479, 90
Trd, 8639903.512, 78
Trd, 8639904.012, 74
Trd, 8639904.412, 129
Trd, 8639905.546, 79
Trd, 8639906.012, 77
Trd, 8639906.046, 74
Trd, 8639906.079, 97
Trd, 8639906.646, 86
Trd, 8639906.812, 82
Trd, 8639908.046, 86
Trd, 8639908.246, 108
Trd, 8639909.579, 123
Trd, 8639909.746, 122
Trd, 8639909.912, 117
Trd, 8639909.979, 116
Trd, 8639910.779, 123
Trd, 8639910.812, 122
Trd, 8639911.012, 140
Trd, 8639911.412, 111
Trd, 8639911.979, 123
Trd, 8639912.079, 119
Trd, 8639912.979, 93
Trd, 8639914.079, 114
Trd, 8639914.312, 108
Trd, 8639915.612, 129
Trd, 8639915.779, 128
Trd, 8639915.912, 106
Trd, 8639916.412, 95
Trd, 8639916.912, 95
Trd, 8639917.046, 105
Trd, 8639917.646, 140
Trd, 8639918.046, 90
Trd, 8639918.512, 110
Trd, 8639919.312, 110
Trd, 8639919.912, 117
Trd, 8639920.046, 116
Trd, 8639920.246, 109
Trd, 8639920.479, 99
Trd, 8639920.512, 121
Trd, 8639920.612, 82
Trd, 8639920.879, 68
Trd, 8639922.479, 115
Trd, 8639922.879, 75
Trd, 8639923.212, 80
Trd, 8639923.779, 93
Trd, 8639924.712, 66
Trd, 8639924.879, 63
Trd, 8639925.079, 128
Trd, 8639925.979, 104
Trd, 8639926.279, 134
Trd, 8639927.612, 62
Trd, 8639928.112, 62
Trd, 8639928.612, 83
Trd, 8639929.312, 84
Trd, 8639929.379, 83
Trd, 8639929.779, 84
Trd, 8639929.912, 89
Trd, 8639930.579, 85
Trd, 8639930.679, 93
Trd, 8639930.946, 84
Trd, 8639931.479, 121
Trd, 8639931.779, 108
Trd, 8639931.946, 74
Trd, 8639932.612, 110
Trd, 8639933.712, 118
Trd, 8639934.312, 139
Trd, 8639934.446, 132
Trd, 8639935.212, 107
Trd, 8639935.446, 87
Trd, 8639935.512, 86
Trd, 8639936.079, 137
Trd, 8639936.712, 114
Trd, 8639936.946, 91
Trd, 8639937.146, 97
Trd, 8639937.346, 96
Trd, 8639938.146, 130
Trd, 8639938.379, 123
Trd, 8639938.846, 93
Trd, 8639939.246, 93
Trd, 8639940.246, 93
Trd, 8639940.579, 88
Trd, 8639940.712, 65
Trd, 8639942.112, 111
Trd, 8639942.246, 122
Trd, 8639942.846, 124
Trd, 8639943.512, 123
Trd, 8639943.546, 117
Trd, 8639943.879, 116
Trd, 8639944.379, 140
Trd, 8639944.846, 117
Trd, 8639945.912, 130
Trd, 8639946.346, 131
Trd, 8639946.646, 130
Trd, 8639947.046, 129
Trd, 8639947.412, 129
Trd, 8639947.446, 128
Trd, 8639947.779, 103
Trd, 8639948.212, 133
Trd, 8639949.146, 114
Trd, 8639949.612, 139
Trd, 8639949.646, 131
Trd, 8639949.746, 102
Trd, 8639950.012, 92
Trd, 8639950.679, 82
Trd, 8639950.912, 73
Trd, 8639951.746, 65
Trd, 8639952.479, 80
Trd, 8639953.312, 133
Trd, 8639953.646, 132
Trd, 8639953.679, 131
Trd, 8639954.379, 134
Trd, 8639954.446, 115
Trd, 8639954.712, 96
Trd, 8639955.679, 88
Trd, 8639955.779, 93
Trd, 8639956.579, 96
Trd, 8639957.379, 132
Trd, 8639957.512, 118
Trd, 8639958.379, 138
Trd, 8639958.812, 137
Trd, 8639959.179, 130
Trd, 8639959.446, 112
Trd, 8639959.612, 111
Trd, 8639960.112, 100
Trd, 8639960.246, 99
Trd, 8639960.946, 140
Trd, 8639961.246, 140
Trd, 8639961.446, 129
Trd, 8639961.479, 128
Trd, 8639961.812, 109
Trd, 8639961.846, 94
Trd, 8639964.112, 98
Trd, 8639964.646, 125
Trd, 8639964.779, 123
Trd, 8639965.179, 111
Trd, 8639966.246, 111
Trd, 8639966.712, 111
Trd, 8639967.112, 100
Trd, 8639968.046, 113
Trd, 8639968.379, 91
Trd, 8639969.212, 123
Trd, 8639969.246, 85
Trd, 8639969.679, 102
Trd, 8639970.046, 138
Trd, 8639970.112, 87
Trd, 8639970.279, 85
Trd, 8639971.246, 80
Trd, 8639971.346, 123
Trd, 8639971.646, 132
Trd, 8639972.312, 140
Trd, 8639972.346, 129
Trd, 8639973.146, 140
Trd, 8639973.312, 132
Trd, 8639974.079, 124
Trd, 8639974.246, 120
Trd, 8639974.812, 109
Trd, 8639975.012, 94
Trd, 8639976.079, 139
Trd, 8639976.112, 132
Trd, 8639976.546, 137
Trd, 8639977.079, 121
Trd, 8639977.179, 117
Trd, 8639977.979, 129
Trd, 8639978.246, 129
Trd, 8639978.412, 128
Trd, 8639978.812, 104
Trd, 8639978.912, 131
Trd, 8639979.146, 96
Trd, 8639979.512, 60
Trd, 8639980.879, 133
Trd, 8639981.246, 68
Trd, 8639982.146, 140
Trd, 8639982.579, 139
Trd, 8639982.679, 132
Trd, 8639983.046, 123
Trd, 8639983.412, 131
Trd, 8639984.012, 86
Trd, 8639984.279, 85
Trd, 8639984.612, 79
Trd, 8639985.112, 73
Trd, 8639985.146, 73
Trd, 8639985.479, 73
Trd, 8639985.546, 138
Trd, 8639985.879, 77
Trd, 8639986.146, 134
Trd, 8639987.379, 64
Trd, 8639988.246, 75
Trd, 8639988.612, 62
Trd, 8639989.446, 61
Trd, 8639989.812, 63
Trd, 8639990.812, 64
Trd, 8639990.912, 90
Trd, 8639991.279, 63
Trd, 8639991.846, 63
Trd, 8639993.146, 60
Trd, 8639993.412, 61
Trd, 8639993.779, 94
Trd, 8639994.079, 74
Trd, 8639994.412, 108
Trd, 8639994.912, 118
Trd, 8639995.079, 119
Trd, 8639995.312, 77
Trd, 8639995.546, 110
Trd, 8639996.079, 108
Trd, 8639996.312, 81
Trd, 8639996.679, 110
Trd, 8639997.246, 132
Trd, 8639998.512, 138
Trd, 8639998.546, 137
Trd, 8639998.612, 129
Trd, 8639998.646, 125
