Trd, 8638749.279, 61
Trd, 8638749.346, 67
Trd, 8638749.546, 68
Trd, 8638751.012, 66
Trd, 8638751.312, 67
Trd, 8638751.446, 65
Trd, 8638751.979, 65
Trd, 8638752.146, 64
Trd, 8638752.646, 65
Trd, 8638753.012, 138
Trd, 8638753.412, 139
Trd, 8638753.646, 76
Trd, 8638754.079, 140
Trd, 8638754.712, 139
Trd, 8638755.079, 131
Trd, 8638755.479, 123
Trd, 8638756.146, 140
Trd, 8638756.179, 131
Trd, 8638756.546, 140
Trd, 8638757.279, 140
Trd, 8638757.446, 139
Trd, 8638757.546, 137
Trd, 8638757.712, 122
Trd, 8638759.146, 121
Trd, 8638760.046, 128
Trd, 8638760.146, 124
Trd, 8638760.312, 127
Trd, 8638760.379, 129
Trd, 8638760.579, 133
Trd, 8638760.779, 127
Trd, 8638763.046, 140
Trd, 8638763.246, 140
Trd, 8638763.879, 140
Trd, 8638763.912, 140
Trd, 8638764.212, 137
Trd, 8638764.546, 140
Trd, 8638764.846, 140
Trd, 8638766.412, 140
Trd, 8638767.079, 140
Trd, 8638767.346, 140
Trd, 8638767.379, 140
Trd, 8638767.979, 140
Trd, 8638768.246, 140
Trd, 8638768.279, 140
Trd, 8638768.612, 140
Trd, 8638768.846, 140
Trd, 8638771.046, 140
Trd, 8638771.212, 140
Trd, 8638771.346, 140
Trd, 8638772.212, 140
Trd, 8638772.279, 140
Trd, 8638772.446, 138
Trd, 8638773.446, 140
Trd, 8638773.812, 140
Trd, 8638774.446, 140
Trd, 8638774.812, 140
Trd, 8638775.079, 139
Trd, 8638775.112, 123
Trd, 8638775.246, 138
Trd, 8638777.079, 133
Trd, 8638777.146, 115
Trd, 8638777.179, 138
Trd, 8638777.579, 140
Trd, 8638777.879, 140
Trd, 8638777.946, 140
Trd, 8638778.012, 140
Trd, 8638778.179, 68
Trd, 8638779.946, 140
Trd, 8638781.012, 140
Trd, 8638781.812, 140
Trd, 8638781.879, 140
Trd, 8638782.146, 139
Trd, 8638782.379, 138
Trd, 8638782.479, 116
Trd, 8638782.946, 111
Trd, 8638783.579, 139
Trd, 8638784.312, 138
Trd, 8638784.946, 119
Trd, 8638785.112, 119
Trd, 8638785.612, 118
Trd, 8638785.646, 120
Trd, 8638785.779, 116
Trd, 8638786.212, 121
Trd, 8638786.379, 101
Trd, 8638786.479, 95
Trd, 8638786.612, 84
Trd, 8638786.946, 112
Trd, 8638787.946, 123
Trd, 8638788.046, 112
Trd, 8638788.246, 76
Trd, 8638789.679, 139
Trd, 8638790.512, 100
Trd, 8638791.212, 86
Trd, 8638792.079, 76
Trd, 8638792.112, 129
Trd, 8638792.546, 127
Trd, 8638792.979, 68
Trd, 8638793.046, 64
Trd, 8638793.479, 74
Trd, 8638793.512, 122
Trd, 8638794.112, 66
Trd, 8638794.879, 100
Trd, 8638795.312, 101
Trd, 8638795.546, 113
Trd, 8638795.612, 100
Trd, 8638795.646, 114
Trd, 8638795.879, 117
Trd, 8638797.946, 70
Trd, 8638798.612, 131
Trd, 8638798.812, 128
Trd, 8638798.946, 113
Trd, 8638798.979, 112
Trd, 8638799.212, 129
Trd, 8638799.579, 83
Trd, 8638799.712, 131
Trd, 8638800.046, 133
Trd, 8638800.312, 83
Trd, 8638800.612, 73
Trd, 8638800.646, 85
Trd, 8638801.212, 139
Trd, 8638802.279, 69
Trd, 8638802.712, 63
Trd, 8638803.212, 62
Trd, 8638803.479, 61
Trd, 8638803.712, 61
Trd, 8638803.779, 62
Trd, 8638804.379, 61
Trd, 8638804.479, 62
Trd, 8638804.546, 63
Trd, 8638804.779, 64
Trd, 8638805.179, 135
Trd, 8638805.646, 139
Trd, 8638806.546, 63
Trd, 8638807.779, 60
Trd, 8638808.346, 60
Trd, 8638808.512, 60
Trd, 8638808.646, 70
Trd, 8638808.946, 71
Trd, 8638809.946, 73
Trd, 8638810.146, 126
Trd, 8638810.279, 126
Trd, 8638810.612, 140
Trd, 8638812.979, 140
Trd, 8638813.412, 140
Trd, 8638813.879, 140
Trd, 8638814.079, 140
Trd, 8638814.212, 140
Trd, 8638814.812, 140
Trd, 8638815.346, 140
Trd, 8638815.946, 140
Trd, 8638816.046, 139
Trd, 8638816.879, 140
Trd, 8638817.312, 140
Trd, 8638818.846, 140
Trd, 8638819.312, 140
Trd, 8638819.412, 140
Trd, 8638820.646, 140
Trd, 8638821.179, 140
Trd, 8638822.112, 140
Trd, 8638822.246, 140
Trd, 8638822.312, 139
Trd, 8638822.412, 139
Trd, 8638822.479, 139
Trd, 8638822.779, 138
Trd, 8638823.779, 131
Trd, 8638824.146, 131
Trd, 8638824.346, 133
Trd, 8638824.512, 132
Trd, 8638825.012, 135
Trd, 8638825.079, 118
Trd, 8638825.446, 117
Trd, 8638826.646, 97
Trd, 8638827.079, 123
Trd, 8638827.246, 121
Trd, 8638827.512, 120
Trd, 8638827.612, 121
Trd, 8638827.712, 124
Trd, 8638828.212, 99
Trd, 8638829.012, 98
Trd, 8638829.379, 97
Trd, 8638829.546, 91
Trd, 8638829.979, 140
Trd, 8638831.946, 140
Trd, 8638832.379, 140
Trd, 8638832.846, 140
Trd, 8638832.912, 139
Trd, 8638833.346, 140
Trd, 8638834.579, 140
Trd, 8638835.079, 140
Trd, 8638835.112, 139
Trd, 8638835.412, 137
Trd, 8638835.446, 139
Trd, 8638835.946, 137
Trd, 8638836.012, 136
Trd, 8638837.046, 115
Trd, 8638837.779, 140
Trd, 8638838.246, 140
Trd, 8638838.479, 140
Trd, 8638838.579, 138
Trd, 8638838.846, 140
Trd, 8638839.212, 137
Trd, 8638839.546, 140
Trd, 8638839.746, 121
Trd, 8638840.779, 139
Trd, 8638841.679, 140
Trd, 8638842.112, 140
Trd, 8638842.846, 140
Trd, 8638842.979, 140
Trd, 8638844.412, 140
Trd, 8638844.712, 140
Trd, 8638844.912, 140
Trd, 8638845.079, 140
Trd, 8638845.612, 139
Trd, 8638845.679, 138
Trd, 8638846.146, 112
Trd, 8638847.712, 140
Trd, 8638847.979, 140
Trd, 8638849.379, 140
Trd, 8638850.012, 140
Trd, 8638850.846, 140
Trd, 8638851.279, 140
Trd, 8638851.446, 139
Trd, 8638852.779, 140
Trd, 8638853.246, 140
Trd, 8638853.712, 140
Trd, 8638853.879, 140
Trd, 8638854.379, 140
Trd, 8638854.579, 139
Trd, 8638854.646, 139
Trd, 8638855.112, 140
Trd, 8638855.579, 140
Trd, 8638855.712, 137
Trd, 8638856.346, 138
Trd, 8638857.646, 113
Trd, 8638857.812, 137
Trd, 8638857.946, 128
Trd, 8638858.012, 135
Trd, 8638858.379, 84
Trd, 8638858.612, 138
Trd, 8638858.812, 84
Trd, 8638859.879, 140
Trd, 8638859.979, 140
Trd, 8638860.779, 137
Trd, 8638861.912, 140
Trd, 8638862.246, 140
Trd, 8638863.512, 140
Trd, 8638863.646, 138
Trd, 8638864.146, 136
Trd, 8638864.479, 139
Trd, 8638864.712, 133
Trd, 8638864.879, 126
Trd, 8638865.446, 140
Trd, 8638866.312, 140
Trd, 8638866.412, 140
Trd, 8638867.612, 140
Trd, 8638869.112, 140
Trd, 8638871.146, 140
Trd, 8638871.579, 140
Trd, 8638871.612, 140
Trd, 8638871.779, 140
Trd, 8638871.812, 140
Trd, 8638872.146, 140
Trd, 8638872.346, 140
Trd, 8638872.679, 139
Trd, 8638873.046, 138
Trd, 8638873.179, 132
Trd, 8638873.379, 140
Trd, 8638873.946, 140
Trd, 8638874.712, 140
Trd, 8638875.446, 140
Trd, 8638875.546, 140
Trd, 8638876.346, 140
Trd, 8638877.546, 140
Trd, 8638878.379, 140
Trd, 8638879.212, 140
Trd, 8638879.279, 140
Trd, 8638881.246, 140
Trd, 8638881.846, 140
Trd, 8638882.479, 140
Trd, 8638882.946, 140
Trd, 8638883.412, 140
Trd, 8638884.246, 140
Trd, 8638884.346, 140
Trd, 8638884.379, 140
Trd, 8638884.712, 140
Trd, 8638885.046, 140
Trd, 8638885.146, 140
Trd, 8638885.212, 124
Trd, 8638885.412, 118
Trd, 8638886.046, 140
Trd, 8638886.112, 140
Trd, 8638886.846, 133
Trd, 8638887.412, 137
Trd, 8638887.479, 136
Trd, 8638887.912, 86
Trd, 8638888.312, 131
Trd, 8638888.346, 85
Trd, 8638888.646, 92
Trd, 8638888.712, 133
Trd, 8638889.012, 140
Trd, 8638889.046, 140
Trd, 8638889.912, 139
Trd, 8638890.146, 140
Trd, 8638891.212, 67
Trd, 8638892.079, 86
Trd, 8638892.512, 137
Trd, 8638893.046, 78
Trd, 8638894.012, 140
Trd, 8638894.746, 140
Trd, 8638895.212, 140
Trd, 8638895.346, 140
Trd, 8638895.746, 140
Trd, 8638896.179, 140
Trd, 8638896.312, 140
Trd, 8638897.646, 140
Trd, 8638898.212, 140
Trd, 8638898.412, 140
Trd, 8638898.812, 140
Trd, 8638900.846, 140
Trd, 8638901.546, 140
Trd, 8638902.279, 140
Trd, 8638902.379, 140
Trd, 8638903.512, 132
Trd, 8638903.612, 132
Trd, 8638903.679, 131
Trd, 8638903.746, 124
Trd, 8638903.812, 133
Trd, 8638903.979, 139
Trd, 8638904.179, 122
Trd, 8638904.479, 139
Trd, 8638904.812, 139
Trd, 8638905.279, 140
Trd, 8638905.446, 139
Trd, 8638905.712, 139
Trd, 8638905.979, 118
Trd, 8638907.612, 140
Trd, 8638908.546, 140
Trd, 8638909.312, 140
Trd, 8638910.512, 140
Trd, 8638910.846, 140
Trd, 8638911.812, 140
Trd, 8638912.412, 140
Trd, 8638913.446, 140
Trd, 8638913.612, 140
Trd, 8638913.746, 140
Trd, 8638914.512, 140
Trd, 8638915.079, 140
Trd, 8638916.446, 140
Trd, 8638917.012, 140
Trd, 8638917.312, 140
Trd, 8638917.512, 139
Trd, 8638917.712, 125
Trd, 8638918.079, 140
Trd, 8638918.346, 139
Trd, 8638918.579, 140
Trd, 8638918.679, 139
Trd, 8638918.812, 127
Trd, 8638918.912, 139
Trd, 8638919.579, 138
Trd, 8638919.979, 106
Trd, 8638920.346, 138
Trd, 8638921.012, 134
Trd, 8638921.079, 100
Trd, 8638921.379, 99
Trd, 8638921.579, 99
Trd, 8638921.679, 134
Trd, 8638922.879, 120
Trd, 8638923.612, 131
Trd, 8638924.279, 79
Trd, 8638924.446, 130
Trd, 8638924.579, 78
Trd, 8638924.712, 130
Trd, 8638924.879, 78
Trd, 8638926.112, 76
Trd, 8638926.479, 77
Trd, 8638927.579, 140
Trd, 8638927.679, 139
Trd, 8638928.246, 137
Trd, 8638929.412, 140
Trd, 8638929.446, 140
Trd, 8638929.679, 140
Trd, 8638930.612, 138
Trd, 8638931.179, 133
Trd, 8638931.412, 119
Trd, 8638931.512, 118
Trd, 8638932.379, 113
Trd, 8638932.479, 102
Trd, 8638933.412, 85
Trd, 8638933.612, 95
Trd, 8638933.846, 124
Trd, 8638934.646, 132
Trd, 8638935.179, 102
Trd, 8638935.279, 132
Trd, 8638935.412, 134
Trd, 8638936.079, 102
Trd, 8638937.746, 120
Trd, 8638937.779, 119
Trd, 8638937.879, 139
Trd, 8638938.179, 88
Trd, 8638940.579, 140
Trd, 8638940.812, 140
Trd, 8638941.012, 140
Trd, 8638941.312, 140
Trd, 8638942.012, 140
Trd, 8638942.846, 140
Trd, 8638942.879, 140
Trd, 8638943.112, 140
Trd, 8638943.812, 140
Trd, 8638944.379, 140
Trd, 8638945.112, 126
Trd, 8638945.712, 120
Trd, 8638946.012, 126
Trd, 8638946.346, 124
Trd, 8638946.546, 108
Trd, 8638946.579, 126
Trd, 8638947.379, 125
Trd, 8638947.446, 124
Trd, 8638948.446, 124
Trd, 8638948.812, 108
Trd, 8638948.846, 123
Trd, 8638949.046, 107
Trd, 8638949.379, 123
Trd, 8638949.546, 121
Trd, 8638950.079, 110
Trd, 8638950.346, 109
Trd, 8638950.679, 88
Trd, 8638952.279, 108
Trd, 8638952.412, 108
Trd, 8638952.646, 110
Trd, 8638952.846, 108
Trd, 8638952.946, 110
Trd, 8638953.046, 101
Trd, 8638953.979, 89
Trd, 8638954.112, 86
Trd, 8638954.312, 70
Trd, 8638954.546, 60
Trd, 8638956.012, 60
Trd, 8638957.112, 108
Trd, 8638958.046, 101
Trd, 8638958.446, 100
Trd, 8638958.579, 101
Trd, 8638958.612, 77
Trd, 8638958.779, 74
Trd, 8638959.279, 73
Trd, 8638959.346, 101
Trd, 8638959.479, 71
Trd, 8638960.012, 69
Trd, 8638960.046, 72
Trd, 8638960.479, 70
Trd, 8638960.746, 99
Trd, 8638961.412, 98
Trd, 8638961.446, 99
Trd, 8638961.779, 68
Trd, 8638962.279, 67
Trd, 8638962.546, 63
Trd, 8638964.812, 60
Trd, 8638964.946, 60
Trd, 8638965.179, 60
Trd, 8638965.979, 60
Trd, 8638966.679, 60
Trd, 8638967.112, 60
Trd, 8638967.312, 60
Trd, 8638967.912, 60
Trd, 8638967.979, 61
Trd, 8638968.046, 62
Trd, 8638968.879, 85
Trd, 8638968.912, 64
Trd, 8638968.979, 86
Trd, 8638969.246, 83
Trd, 8638969.412, 78
Trd, 8638970.279, 65
Trd, 8638970.546, 83
Trd, 8638971.579, 69
Trd, 8638971.646, 69
Trd, 8638971.746, 70
Trd, 8638971.779, 71
Trd, 8638972.446, 120
Trd, 8638972.979, 139
Trd, 8638973.279, 139
Trd, 8638975.179, 140
Trd, 8638975.279, 140
Trd, 8638975.912, 140
Trd, 8638976.812, 140
Trd, 8638977.212, 140
Trd, 8638977.346, 140
Trd, 8638977.946, 140
Trd, 8638978.246, 140
Trd, 8638978.346, 140
Trd, 8638979.412, 140
Trd, 8638979.946, 140
Trd, 8638980.579, 140
Trd, 8638981.079, 140
Trd, 8638982.212, 140
Trd, 8638982.846, 140
Trd, 8638982.979, 140
Trd, 8638983.546, 140
Trd, 8638984.679, 140
Trd, 8638984.746, 139
Trd, 8638984.946, 139
Trd, 8638985.112, 140
Trd, 8638985.346, 139
Trd, 8638985.646, 139
Trd, 8638985.979, 138
Trd, 8638986.546, 126
Trd, 8638986.812, 133
Trd, 8638988.446, 127
Trd, 8638988.479, 128
Trd, 8638988.879, 116
Trd, 8638989.146, 128
Trd, 8638989.846, 127
Trd, 8638989.879, 109
Trd, 8638990.212, 97
Trd, 8638990.412, 127
Trd, 8638991.312, 140
Trd, 8638991.612, 85
Trd, 8638991.912, 140
Trd, 8638993.079, 95
Trd, 8638993.812, 140
Trd, 8638994.512, 138
Trd, 8638994.812, 96
Trd, 8638995.512, 139
Trd, 8638995.579, 100
Trd, 8638996.079, 96
Trd, 8638997.979, 140
Trd, 8638998.046, 140
Trd, 8638998.579, 140
Trd, 8638999.179, 140
Trd, 8638999.479, 140
Trd, 8638999.579, 140
Trd, 8638999.712, 107
Trd, 8639000.712, 134
Trd, 8639000.846, 135
Trd, 8639000.979, 114
Trd, 8639001.746, 127
Trd, 8639001.846, 101
Trd, 8639002.479, 131
Trd, 8639003.412, 83
Trd, 8639003.779, 119
Trd, 8639003.812, 122
Trd, 8639004.546, 123
Trd, 8639004.779, 74
Trd, 8639005.046, 124
Trd, 8639005.579, 74
Trd, 8639005.946, 125
Trd, 8639006.146, 89
Trd, 8639006.512, 140
Trd, 8639007.212, 140
Trd, 8639007.679, 140
Trd, 8639010.479, 140
Trd, 8639010.546, 140
Trd, 8639011.212, 140
Trd, 8639011.846, 140
Trd, 8639012.112, 140
Trd, 8639012.179, 140
Trd, 8639012.246, 139
Trd, 8639012.979, 140
Trd, 8639013.846, 140
Trd, 8639013.879, 140
Trd, 8639014.512, 140
Trd, 8639015.312, 140
Trd, 8639015.446, 140
Trd, 8639016.612, 140
Trd, 8639016.679, 140
Trd, 8639016.946, 139
Trd, 8639018.412, 137
Trd, 8639018.646, 119
Trd, 8639019.179, 132
Trd, 8639019.512, 133
Trd, 8639019.812, 127
Trd, 8639019.946, 120
Trd, 8639020.012, 132
Trd, 8639020.179, 119
Trd, 8639020.712, 108
Trd, 8639021.112, 104
Trd, 8639021.346, 103
Trd, 8639021.579, 118
Trd, 8639021.646, 88
Trd, 8639023.179, 88
Trd, 8639023.446, 138
Trd, 8639023.912, 102
Trd, 8639024.812, 140
Trd, 8639025.212, 140
Trd, 8639026.779, 140
Trd, 8639026.812, 139
Trd, 8639028.346, 140
Trd, 8639028.846, 140
Trd, 8639029.912, 140
Trd, 8639030.112, 140
Trd, 8639030.146, 139
Trd, 8639030.546, 136
Trd, 8639030.679, 138
Trd, 8639031.212, 139
Trd, 8639031.312, 138
Trd, 8639031.812, 110
Trd, 8639032.412, 134
Trd, 8639032.546, 136
Trd, 8639033.879, 111
Trd, 8639033.979, 109
Trd, 8639034.012, 95
Trd, 8639034.512, 114
Trd, 8639034.646, 95
Trd, 8639034.946, 117
Trd, 8639035.346, 117
Trd, 8639037.012, 60
Trd, 8639037.279, 60
Trd, 8639037.979, 68
Trd, 8639038.279, 69
Trd, 8639038.379, 63
Trd, 8639038.912, 72
Trd, 8639040.079, 140
Trd, 8639040.312, 140
Trd, 8639040.446, 140
Trd, 8639040.846, 140
Trd, 8639040.879, 140
Trd, 8639041.879, 140
Trd, 8639041.912, 140
Trd, 8639042.346, 132
Trd, 8639042.646, 97
Trd, 8639042.812, 87
Trd, 8639042.946, 134
Trd, 8639043.146, 86
Trd, 8639044.379, 60
Trd, 8639044.546, 132
Trd, 8639044.679, 60
Trd, 8639044.746, 66
Trd, 8639044.812, 133
Trd, 8639046.546, 140
Trd, 8639047.446, 140
Trd, 8639047.712, 140
Trd, 8639048.246, 140
Trd, 8639048.279, 140
Trd, 8639048.612, 140
Trd, 8639048.679, 113
Trd, 8639049.612, 140
Trd, 8639049.812, 140
Trd, 8639049.846, 140
Trd, 8639049.912, 81
Trd, 8639050.446, 140
Trd, 8639052.112, 135
Trd, 8639052.246, 132
Trd, 8639052.746, 133
Trd, 8639052.912, 131
Trd, 8639053.546, 118
Trd, 8639053.679, 114
Trd, 8639053.979, 135
Trd, 8639054.712, 140
Trd, 8639055.779, 140
Trd, 8639056.379, 140
Trd, 8639056.846, 140
Trd, 8639057.379, 140
Trd, 8639057.479, 111
Trd, 8639058.946, 140
Trd, 8639059.346, 140
Trd, 8639059.679, 140
Trd, 8639060.312, 140
Trd, 8639060.746, 140
Trd, 8639061.279, 140
Trd, 8639061.446, 139
Trd, 8639062.046, 139
Trd, 8639062.146, 138
Trd, 8639062.512, 125
Trd, 8639062.712, 123
Trd, 8639062.812, 139
Trd, 8639062.946, 80
Trd, 8639063.912, 85
Trd, 8639065.646, 140
Trd, 8639066.012, 140
Trd, 8639066.879, 140
Trd, 8639067.146, 140
Trd, 8639067.179, 140
Trd, 8639067.246, 140
Trd, 8639067.779, 140
Trd, 8639068.046, 140
Trd, 8639068.312, 140
Trd, 8639069.079, 140
Trd, 8639069.312, 140
Trd, 8639070.146, 140
Trd, 8639071.912, 140
Trd, 8639072.612, 140
Trd, 8639074.179, 140
Trd, 8639074.212, 140
Trd, 8639074.346, 140
Trd, 8639075.279, 140
Trd, 8639075.612, 140
Trd, 8639076.279, 140
Trd, 8639077.146, 140
Trd, 8639077.212, 140
Trd, 8639077.246, 139
Trd, 8639077.279, 137
Trd, 8639077.946, 124
Trd, 8639078.679, 131
Trd, 8639078.712, 104
Trd, 8639078.946, 136
Trd, 8639079.579, 137
Trd, 8639080.179, 140
Trd, 8639080.512, 138
Trd, 8639082.012, 139
Trd, 8639082.412, 139
Trd, 8639082.479, 138
Trd, 8639083.146, 137
Trd, 8639083.612, 138
Trd, 8639083.846, 138
Trd, 8639083.912, 125
Trd, 8639084.179, 122
Trd, 8639084.546, 108
Trd, 8639084.979, 100
Trd, 8639085.446, 117
Trd, 8639085.646, 136
Trd, 8639085.712, 122
Trd, 8639087.212, 121
Trd, 8639087.246, 118
Trd, 8639087.279, 96
Trd, 8639089.279, 139
Trd, 8639090.046, 140
Trd, 8639090.546, 140
Trd, 8639090.679, 140
Trd, 8639090.946, 130
Trd, 8639091.379, 130
Trd, 8639091.446, 135
Trd, 8639091.479, 127
Trd, 8639091.679, 135
Trd, 8639091.946, 118
Trd, 8639092.146, 118
Trd, 8639092.279, 117
Trd, 8639092.646, 136
Trd, 8639093.712, 133
Trd, 8639093.746, 118
Trd, 8639094.212, 119
Trd, 8639094.279, 119
Trd, 8639095.146, 133
Trd, 8639095.412, 129
Trd, 8639095.646, 134
Trd, 8639095.846, 134
Trd, 8639096.179, 139
Trd, 8639096.612, 122
Trd, 8639097.646, 140
Trd, 8639098.479, 140
Trd, 8639098.879, 140
Trd, 8639098.912, 134
Trd, 8639099.112, 140
Trd, 8639099.812, 140
Trd, 8639100.679, 140
Trd, 8639101.679, 140
Trd, 8639101.779, 139
Trd, 8639102.079, 136
Trd, 8639102.646, 140
Trd, 8639104.012, 128
Trd, 8639104.112, 128
Trd, 8639104.479, 129
Trd, 8639104.512, 125
Trd, 8639105.279, 130
Trd, 8639106.012, 128
Trd, 8639106.046, 129
Trd, 8639106.679, 127
Trd, 8639106.712, 129
Trd, 8639107.512, 140
Trd, 8639107.979, 139
Trd, 8639108.646, 140
Trd, 8639108.846, 139
Trd, 8639110.312, 138
Trd, 8639110.412, 140
Trd, 8639110.446, 122
Trd, 8639111.612, 140
Trd, 8639111.912, 140
Trd, 8639113.279, 140
Trd, 8639113.346, 140
Trd, 8639113.512, 140
Trd, 8639114.012, 140
Trd, 8639114.246, 140
Trd, 8639115.212, 140
Trd, 8639115.379, 140
Trd, 8639116.012, 140
Trd, 8639116.312, 139
Trd, 8639116.679, 138
Trd, 8639117.012, 133
Trd, 8639117.079, 122
Trd, 8639117.179, 118
Trd, 8639118.212, 122
Trd, 8639118.479, 112
Trd, 8639118.546, 125
Trd, 8639118.712, 140
Trd, 8639119.479, 101
Trd, 8639120.779, 60
Trd, 8639120.912, 61
Trd, 8639121.512, 132
Trd, 8639122.079, 128
Trd, 8639122.212, 94
Trd, 8639122.812, 140
Trd, 8639124.146, 140
Trd, 8639125.312, 140
Trd, 8639126.012, 140
Trd, 8639126.112, 140
Trd, 8639126.279, 140
Trd, 8639127.079, 140
Trd, 8639127.512, 140
Trd, 8639127.779, 140
Trd, 8639129.079, 140
Trd, 8639129.346, 140
Trd, 8639129.812, 140
Trd, 8639130.012, 140
Trd, 8639130.446, 138
Trd, 8639131.012, 133
Trd, 8639131.346, 118
Trd, 8639132.179, 118
Trd, 8639132.546, 118
Trd, 8639132.712, 119
Trd, 8639132.812, 121
Trd, 8639132.846, 117
Trd, 8639133.012, 122
Trd, 8639133.112, 114
Trd, 8639133.179, 125
Trd, 8639133.779, 109
Trd, 8639133.912, 138
Trd, 8639135.979, 140
Trd, 8639136.346, 140
Trd, 8639137.246, 140
Trd, 8639137.646, 140
Trd, 8639137.979, 139
Trd, 8639138.212, 140
Trd, 8639138.346, 135
Trd, 8639139.412, 131
Trd, 8639139.546, 129
Trd, 8639139.779, 129
Trd, 8639141.012, 129
Trd, 8639141.046, 126
Trd, 8639141.346, 130
Trd, 8639141.946, 140
Trd, 8639142.146, 138
Trd, 8639143.379, 135
Trd, 8639144.046, 140
Trd, 8639144.512, 140
Trd, 8639145.046, 140
Trd, 8639145.479, 140
Trd, 8639145.612, 140
Trd, 8639146.712, 140
Trd, 8639146.812, 140
Trd, 8639147.146, 140
Trd, 8639147.612, 140
Trd, 8639148.812, 117
Trd, 8639148.846, 116
Trd, 8639148.979, 132
Trd, 8639149.379, 103
Trd, 8639150.346, 130
Trd, 8639150.446, 132
Trd, 8639150.646, 114
Trd, 8639151.912, 102
Trd, 8639152.079, 133
Trd, 8639152.146, 101
Trd, 8639152.412, 94
Trd, 8639152.712, 129
Trd, 8639152.746, 86
Trd, 8639153.246, 124
Trd, 8639153.312, 85
Trd, 8639154.146, 127
Trd, 8639154.446, 128
Trd, 8639155.179, 126
Trd, 8639155.879, 77
Trd, 8639157.312, 140
Trd, 8639157.346, 140
Trd, 8639157.446, 139
Trd, 8639158.679, 140
Trd, 8639159.446, 140
Trd, 8639159.679, 139
Trd, 8639159.946, 124
Trd, 8639160.479, 138
Trd, 8639161.112, 140
Trd, 8639161.879, 140
Trd, 8639162.146, 139
Trd, 8639162.212, 140
Trd, 8639162.446, 139
Trd, 8639163.712, 129
Trd, 8639164.079, 133
Trd, 8639164.246, 117
Trd, 8639165.012, 132
Trd, 8639165.046, 117
Trd, 8639165.079, 116
Trd, 8639165.979, 131
Trd, 8639166.646, 122
Trd, 8639167.979, 104
Trd, 8639168.179, 104
Trd, 8639168.512, 76
Trd, 8639168.712, 124
Trd, 8639169.479, 120
Trd, 8639169.746, 120
Trd, 8639169.779, 78
Trd, 8639169.912, 123
Trd, 8639170.846, 99
Trd, 8639171.179, 98
Trd, 8639172.179, 139
Trd, 8639172.379, 139
Trd, 8639172.579, 134
Trd, 8639173.246, 140
Trd, 8639175.179, 129
Trd, 8639175.446, 130
Trd, 8639175.512, 129
Trd, 8639175.746, 140
Trd, 8639176.612, 140
Trd, 8639176.979, 140
Trd, 8639177.679, 140
Trd, 8639178.146, 140
Trd, 8639178.612, 140
Trd, 8639178.646, 114
Trd, 8639179.246, 140
Trd, 8639179.412, 140
Trd, 8639179.546, 140
Trd, 8639179.612, 139
Trd, 8639179.746, 140
Trd, 8639180.312, 140
Trd, 8639180.412, 107
Trd, 8639180.946, 100
Trd, 8639181.012, 99
Trd, 8639181.079, 90
Trd, 8639182.679, 60
Trd, 8639182.879, 60
Trd, 8639183.846, 60
Trd, 8639183.979, 60
Trd, 8639184.079, 60
Trd, 8639184.379, 139
Trd, 8639184.879, 139
Trd, 8639184.912, 138
Trd, 8639185.879, 119
Trd, 8639186.146, 139
Trd, 8639186.379, 139
Trd, 8639187.612, 60
Trd, 8639187.646, 60
Trd, 8639187.746, 61
Trd, 8639188.612, 64
Trd, 8639188.912, 65
Trd, 8639189.412, 63
Trd, 8639190.246, 60
Trd, 8639191.446, 99
Trd, 8639191.712, 111
Trd, 8639191.912, 77
Trd, 8639192.379, 106
Trd, 8639193.046, 97
Trd, 8639193.312, 101
Trd, 8639193.412, 102
Trd, 8639193.446, 105
Trd, 8639193.479, 95
Trd, 8639195.379, 107
Trd, 8639195.579, 118
Trd, 8639195.779, 104
Trd, 8639195.846, 103
Trd, 8639196.112, 120
Trd, 8639196.179, 118
Trd, 8639197.012, 139
Trd, 8639197.546, 139
Trd, 8639198.012, 129
Trd, 8639198.546, 129
Trd, 8639200.546, 140
Trd, 8639200.879, 140
Trd, 8639201.946, 140
Trd, 8639202.012, 140
Trd, 8639202.679, 140
Trd, 8639202.946, 140
Trd, 8639203.246, 140
Trd, 8639203.446, 140
Trd, 8639203.646, 140
Trd, 8639203.679, 140
Trd, 8639203.912, 136
Trd, 8639204.412, 136
Trd, 8639204.712, 139
Trd, 8639205.512, 95
Trd, 8639205.612, 138
Trd, 8639206.146, 138
Trd, 8639206.512, 139
Trd, 8639206.879, 140
Trd, 8639207.946, 137
Trd, 8639208.212, 124
Trd, 8639208.712, 124
Trd, 8639209.512, 106
Trd, 8639209.579, 105
Trd, 8639210.112, 73
Trd, 8639211.312, 140
Trd, 8639211.446, 140
Trd, 8639211.846, 140
Trd, 8639211.946, 140
Trd, 8639212.646, 140
Trd, 8639214.179, 140
Trd, 8639214.712, 140
Trd, 8639215.546, 140
Trd, 8639215.879, 140
Trd, 8639216.179, 140
Trd, 8639218.179, 140
Trd, 8639218.879, 140
Trd, 8639219.179, 140
Trd, 8639219.279, 140
Trd, 8639219.379, 140
Trd, 8639219.512, 140
Trd, 8639219.946, 140
Trd, 8639220.112, 140
Trd, 8639220.179, 140
Trd, 8639220.512, 139
Trd, 8639220.646, 140
Trd, 8639220.879, 140
Trd, 8639221.912, 132
Trd, 8639222.479, 139
Trd, 8639222.646, 138
Trd, 8639223.346, 140
Trd, 8639224.312, 140
Trd, 8639225.646, 140
Trd, 8639226.312, 140
Trd, 8639226.679, 140
Trd, 8639226.712, 140
Trd, 8639227.546, 140
Trd, 8639229.046, 140
Trd, 8639229.312, 140
Trd, 8639229.346, 140
Trd, 8639229.379, 137
Trd, 8639229.446, 140
Trd, 8639229.879, 79
Trd, 8639230.412, 138
Trd, 8639230.712, 78
Trd, 8639232.412, 139
Trd, 8639233.079, 139
Trd, 8639233.212, 139
Trd, 8639233.679, 139
Trd, 8639233.912, 138
Trd, 8639234.179, 137
Trd, 8639234.312, 136
Trd, 8639234.646, 124
Trd, 8639235.579, 125
Trd, 8639236.179, 118
Trd, 8639237.279, 118
Trd, 8639237.312, 117
Trd, 8639237.646, 121
Trd, 8639237.746, 120
Trd, 8639238.246, 117
Trd, 8639238.479, 106
Trd, 8639238.512, 73
Trd, 8639238.779, 60
Trd, 8639239.079, 116
Trd, 8639239.612, 118
Trd, 8639239.746, 119
Trd, 8639239.979, 73
Trd, 8639240.212, 65
Trd, 8639241.512, 61
Trd, 8639242.212, 114
Trd, 8639242.946, 60
Trd, 8639243.446, 60
Trd, 8639243.779, 60
Trd, 8639244.612, 60
Trd, 8639244.812, 61
Trd, 8639245.079, 61
Trd, 8639245.179, 68
Trd, 8639245.246, 68
Trd, 8639245.446, 61
Trd, 8639245.879, 73
Trd, 8639246.112, 74
Trd, 8639246.279, 63
Trd, 8639246.646, 74
Trd, 8639246.746, 64
Trd, 8639247.079, 64
Trd, 8639247.512, 74
Trd, 8639249.779, 140
Trd, 8639249.846, 140
Trd, 8639250.479, 140
Trd, 8639250.546, 140
Trd, 8639252.312, 140
Trd, 8639253.212, 138
Trd, 8639253.646, 140
Trd, 8639253.746, 137
Trd, 8639254.379, 137
Trd, 8639254.612, 136
Trd, 8639255.046, 131
Trd, 8639255.379, 94
Trd, 8639256.012, 105
Trd, 8639256.146, 98
Trd, 8639256.379, 105
Trd, 8639256.446, 96
Trd, 8639256.979, 106
Trd, 8639257.912, 140
Trd, 8639258.479, 140
Trd, 8639258.946, 140
Trd, 8639260.679, 140
Trd, 8639261.446, 140
Trd, 8639261.779, 140
Trd, 8639263.146, 140
Trd, 8639263.379, 140
Trd, 8639263.846, 140
Trd, 8639264.579, 140
Trd, 8639264.746, 140
Trd, 8639264.779, 140
Trd, 8639266.412, 140
Trd, 8639267.079, 140
Trd, 8639267.179, 140
Trd, 8639267.646, 140
Trd, 8639267.812, 140
Trd, 8639267.912, 139
Trd, 8639268.179, 140
Trd, 8639268.346, 137
Trd, 8639268.979, 136
Trd, 8639269.279, 125
Trd, 8639269.346, 123
Trd, 8639269.712, 136
Trd, 8639270.179, 112
Trd, 8639270.979, 130
Trd, 8639271.246, 97
Trd, 8639271.712, 100
Trd, 8639272.746, 140
Trd, 8639273.479, 140
Trd, 8639273.512, 140
Trd, 8639274.912, 140
Trd, 8639275.412, 140
Trd, 8639275.512, 140
Trd, 8639275.712, 140
Trd, 8639276.112, 140
Trd, 8639276.612, 139
Trd, 8639279.279, 140
Trd, 8639279.912, 140
Trd, 8639279.979, 140
Trd, 8639280.179, 140
Trd, 8639280.446, 140
Trd, 8639280.579, 140
Trd, 8639280.746, 140
Trd, 8639281.179, 139
Trd, 8639281.812, 137
Trd, 8639282.112, 136
Trd, 8639282.379, 136
Trd, 8639282.546, 133
Trd, 8639282.946, 135
Trd, 8639283.612, 132
Trd, 8639283.879, 128
Trd, 8639283.979, 131
Trd, 8639284.312, 125
Trd, 8639285.246, 105
Trd, 8639285.479, 124
Trd, 8639285.679, 105
Trd, 8639286.279, 138
Trd, 8639287.479, 130
Trd, 8639287.512, 131
Trd, 8639288.612, 140
Trd, 8639289.012, 140
Trd, 8639289.412, 140
Trd, 8639290.912, 140
Trd, 8639291.179, 140
Trd, 8639291.312, 139
Trd, 8639292.479, 140
Trd, 8639292.612, 140
Trd, 8639292.646, 140
Trd, 8639292.912, 139
Trd, 8639293.912, 138
Trd, 8639294.346, 129
Trd, 8639294.446, 122
Trd, 8639294.546, 116
Trd, 8639294.846, 133
Trd, 8639295.246, 72
Trd, 8639296.312, 138
Trd, 8639297.479, 109
Trd, 8639298.612, 140
Trd, 8639299.146, 139
Trd, 8639299.812, 140
Trd, 8639300.379, 140
Trd, 8639300.479, 140
Trd, 8639300.579, 140
Trd, 8639300.646, 140
Trd, 8639300.812, 140
Trd, 8639301.579, 129
Trd, 8639301.912, 137
Trd, 8639302.979, 130
Trd, 8639303.279, 140
Trd, 8639303.512, 137
Trd, 8639303.812, 138
Trd, 8639304.979, 123
Trd, 8639305.179, 122
Trd, 8639305.846, 121
Trd, 8639306.146, 119
Trd, 8639306.312, 112
Trd, 8639306.846, 123
Trd, 8639307.879, 140
Trd, 8639308.912, 140
Trd, 8639309.079, 140
Trd, 8639309.412, 140
Trd, 8639309.479, 140
Trd, 8639309.846, 140
Trd, 8639310.479, 139
Trd, 8639310.946, 136
Trd, 8639310.979, 127
Trd, 8639311.079, 124
Trd, 8639311.212, 119
Trd, 8639311.512, 118
Trd, 8639312.412, 138
Trd, 8639313.312, 121
Trd, 8639313.512, 140
Trd, 8639313.846, 138
Trd, 8639314.446, 140
Trd, 8639314.846, 140
Trd, 8639315.812, 140
Trd, 8639316.446, 140
Trd, 8639316.512, 140
Trd, 8639317.446, 140
Trd, 8639318.646, 140
Trd, 8639319.312, 140
Trd, 8639319.679, 140
Trd, 8639321.012, 140
Trd, 8639321.346, 140
Trd, 8639321.446, 140
Trd, 8639321.746, 140
Trd, 8639323.146, 140
Trd, 8639323.179, 140
Trd, 8639323.679, 140
Trd, 8639323.712, 140
Trd, 8639323.779, 140
Trd, 8639324.312, 140
Trd, 8639324.779, 140
Trd, 8639324.846, 140
Trd, 8639325.179, 140
Trd, 8639325.612, 137
Trd, 8639326.046, 122
Trd, 8639326.612, 95
Trd, 8639327.712, 140
Trd, 8639327.979, 140
Trd, 8639328.012, 140
Trd, 8639329.879, 140
Trd, 8639330.079, 140
Trd, 8639330.846, 140
Trd, 8639331.979, 140
Trd, 8639332.046, 140
Trd, 8639333.446, 140
Trd, 8639333.612, 140
Trd, 8639333.712, 140
Trd, 8639333.812, 140
Trd, 8639333.846, 140
Trd, 8639334.279, 140
Trd, 8639334.846, 138
Trd, 8639335.246, 140
Trd, 8639335.846, 140
Trd, 8639335.879, 139
Trd, 8639336.079, 140
Trd, 8639336.646, 138
Trd, 8639337.646, 118
Trd, 8639337.946, 103
Trd, 8639338.112, 106
Trd, 8639338.146, 112
Trd, 8639339.679, 108
Trd, 8639339.812, 131
Trd, 8639340.312, 121
Trd, 8639340.746, 110
Trd, 8639340.779, 109
Trd, 8639340.946, 124
Trd, 8639341.312, 110
Trd, 8639341.546, 125
Trd, 8639341.746, 127
Trd, 8639341.879, 119
Trd, 8639342.446, 125
Trd, 8639342.779, 68
Trd, 8639343.746, 64
Trd, 8639344.779, 63
Trd, 8639345.246, 70
Trd, 8639345.946, 74
Trd, 8639346.146, 75
Trd, 8639346.879, 60
Trd, 8639347.679, 62
Trd, 8639348.079, 60
Trd, 8639348.446, 60
Trd, 8639348.479, 62
Trd, 8639349.279, 62
Trd, 8639349.746, 62
Trd, 8639349.812, 61
Trd, 8639350.179, 61
Trd, 8639350.646, 61
Trd, 8639350.712, 60
Trd, 8639351.646, 60
Trd, 8639351.912, 61
Trd, 8639352.346, 61
Trd, 8639352.646, 62
Trd, 8639352.679, 66
Trd, 8639352.846, 72
Trd, 8639354.179, 93
Trd, 8639355.279, 65
Trd, 8639355.312, 66
Trd, 8639355.746, 70
Trd, 8639355.912, 70
Trd, 8639356.946, 64
Trd, 8639356.979, 71
Trd, 8639357.179, 65
Trd, 8639357.279, 66
Trd, 8639357.579, 90
Trd, 8639358.512, 140
Trd, 8639358.879, 140
Trd, 8639358.946, 125
Trd, 8639359.579, 140
Trd, 8639360.046, 139
Trd, 8639361.479, 140
Trd, 8639362.212, 140
Trd, 8639362.246, 140
Trd, 8639362.479, 140
Trd, 8639363.546, 140
Trd, 8639363.646, 135
Trd, 8639365.346, 117
Trd, 8639366.546, 140
Trd, 8639366.946, 140
Trd, 8639367.146, 140
Trd, 8639367.579, 140
Trd, 8639368.279, 140
Trd, 8639368.446, 140
Trd, 8639368.579, 140
Trd, 8639369.979, 140
Trd, 8639370.246, 140
Trd, 8639371.146, 140
Trd, 8639371.679, 140
Trd, 8639373.912, 140
Trd, 8639374.046, 140
Trd, 8639374.646, 140
Trd, 8639374.846, 140
Trd, 8639375.579, 140
Trd, 8639376.212, 140
Trd, 8639376.579, 140
Trd, 8639378.179, 140
Trd, 8639378.212, 140
Trd, 8639378.246, 140
Trd, 8639378.479, 140
Trd, 8639379.012, 140
Trd, 8639379.512, 137
Trd, 8639379.646, 139
Trd, 8639380.179, 139
Trd, 8639380.746, 130
Trd, 8639382.012, 140
Trd, 8639382.379, 128
Trd, 8639382.412, 113
Trd, 8639382.646, 107
Trd, 8639382.746, 139
Trd, 8639383.046, 63
Trd, 8639383.112, 67
Trd, 8639384.879, 140
Trd, 8639385.146, 140
Trd, 8639387.812, 140
Trd, 8639388.946, 140
Trd, 8639389.379, 140
Trd, 8639390.012, 140
Trd, 8639390.079, 140
Trd, 8639390.146, 140
Trd, 8639390.712, 140
Trd, 8639390.979, 140
Trd, 8639391.579, 140
Trd, 8639391.646, 140
Trd, 8639391.812, 140
Trd, 8639391.879, 139
Trd, 8639392.712, 110
Trd, 8639392.812, 112
Trd, 8639393.046, 137
Trd, 8639393.612, 139
Trd, 8639394.479, 140
Trd, 8639394.579, 140
Trd, 8639395.479, 140
Trd, 8639395.512, 140
Trd, 8639395.812, 140
Trd, 8639396.346, 140
Trd, 8639397.446, 140
Trd, 8639397.512, 140
Trd, 8639398.146, 123
Trd, 8639398.179, 139
Trd, 8639398.246, 104
Trd, 8639398.546, 140
Trd, 8639399.746, 140
Trd, 8639400.046, 140
Trd, 8639400.446, 140
Trd, 8639401.546, 140
Trd, 8639402.246, 140
Trd, 8639403.112, 140
Trd, 8639403.179, 140
Trd, 8639403.512, 140
Trd, 8639403.646, 140
Trd, 8639403.912, 130
Trd, 8639404.712, 118
Trd, 8639404.879, 133
Trd, 8639405.179, 116
Trd, 8639405.246, 130
Trd, 8639405.479, 130
Trd, 8639406.479, 105
Trd, 8639406.579, 104
Trd, 8639407.246, 101
Trd, 8639407.412, 96
Trd, 8639407.446, 95
Trd, 8639407.912, 123
Trd, 8639408.012, 92
Trd, 8639408.746, 122
Trd, 8639409.046, 85
Trd, 8639409.512, 120
Trd, 8639410.746, 115
Trd, 8639411.446, 101
Trd, 8639412.246, 108
Trd, 8639412.379, 112
Trd, 8639412.612, 95
Trd, 8639413.012, 112
Trd, 8639414.212, 60
Trd, 8639416.079, 60
Trd, 8639417.179, 60
Trd, 8639417.312, 60
Trd, 8639417.412, 60
Trd, 8639417.979, 60
Trd, 8639418.012, 60
Trd, 8639418.379, 60
Trd, 8639418.512, 63
Trd, 8639418.612, 62
Trd, 8639418.646, 63
Trd, 8639418.879, 61
Trd, 8639419.479, 62
Trd, 8639419.779, 62
Trd, 8639420.746, 66
Trd, 8639420.979, 67
Trd, 8639421.446, 139
Trd, 8639421.979, 139
Trd, 8639422.179, 138
Trd, 8639422.646, 140
Trd, 8639423.212, 75
Trd, 8639423.979, 139
Trd, 8639425.312, 131
Trd, 8639425.912, 134
Trd, 8639426.046, 136
Trd, 8639426.179, 139
Trd, 8639426.446, 94
Trd, 8639426.879, 97
Trd, 8639427.112, 98
Trd, 8639427.312, 93
Trd, 8639427.746, 140
Trd, 8639428.346, 125
Trd, 8639428.546, 124
Trd, 8639429.412, 140
Trd, 8639430.179, 140
Trd, 8639430.546, 138
Trd, 8639430.746, 140
Trd, 8639432.012, 128
Trd, 8639432.512, 137
Trd, 8639432.712, 127
Trd, 8639432.979, 137
Trd, 8639433.046, 138
Trd, 8639433.479, 137
Trd, 8639433.546, 136
Trd, 8639433.712, 109
Trd, 8639434.012, 100
Trd, 8639434.379, 91
Trd, 8639434.479, 65
Trd, 8639434.579, 62
Trd, 8639436.679, 140
Trd, 8639436.879, 140
Trd, 8639437.079, 140
Trd, 8639437.112, 140
Trd, 8639437.412, 138
Trd, 8639438.146, 134
Trd, 8639438.879, 125
Trd, 8639439.646, 124
Trd, 8639439.712, 126
Trd, 8639439.812, 128
Trd, 8639440.012, 69
Trd, 8639441.012, 101
Trd, 8639441.479, 100
Trd, 8639442.112, 90
Trd, 8639442.212, 100
Trd, 8639442.612, 90
Trd, 8639442.779, 88
Trd, 8639443.079, 100
Trd, 8639443.179, 101
Trd, 8639443.812, 102
Trd, 8639444.146, 140
Trd, 8639444.479, 125
Trd, 8639445.046, 89
Trd, 8639446.146, 140
Trd, 8639446.412, 118
Trd, 8639446.912, 120
Trd, 8639446.979, 136
Trd, 8639447.479, 137
Trd, 8639447.979, 133
Trd, 8639448.046, 119
Trd, 8639448.779, 134
Trd, 8639448.879, 135
Trd, 8639449.112, 136
Trd, 8639449.312, 110
Trd, 8639449.646, 106
Trd, 8639449.846, 136
Trd, 8639450.312, 140
Trd, 8639450.412, 139
Trd, 8639450.946, 105
Trd, 8639453.012, 140
Trd, 8639453.146, 140
Trd, 8639453.212, 140
Trd, 8639454.379, 139
Trd, 8639455.546, 140
Trd, 8639456.346, 140
Trd, 8639456.646, 139
Trd, 8639456.712, 139
Trd, 8639457.112, 127
Trd, 8639457.512, 135
Trd, 8639457.546, 136
Trd, 8639458.646, 111
Trd, 8639458.746, 134
Trd, 8639459.479, 108
Trd, 8639459.712, 101
Trd, 8639459.879, 98
Trd, 8639460.346, 130
Trd, 8639460.379, 71
Trd, 8639460.512, 70
Trd, 8639460.846, 89
Trd, 8639461.712, 119
Trd, 8639462.212, 129
Trd, 8639462.446, 129
Trd, 8639463.146, 74
Trd, 8639463.479, 128
Trd, 8639463.646, 72
Trd, 8639464.179, 60
Trd, 8639464.946, 61
Trd, 8639465.046, 66
Trd, 8639465.679, 67
Trd, 8639466.446, 139
Trd, 8639467.146, 85
Trd, 8639468.346, 137
Trd, 8639468.579, 82
Trd, 8639469.412, 109
Trd, 8639469.646, 133
Trd, 8639469.779, 135
Trd, 8639469.912, 85
Trd, 8639470.646, 140
Trd, 8639470.946, 140
Trd, 8639471.012, 140
Trd, 8639472.346, 139
Trd, 8639472.412, 140
Trd, 8639473.012, 133
Trd, 8639473.412, 133
Trd, 8639473.879, 133
Trd, 8639474.312, 135
Trd, 8639474.412, 133
Trd, 8639474.579, 120
Trd, 8639474.712, 113
Trd, 8639474.879, 86
Trd, 8639474.912, 74
Trd, 8639476.146, 137
Trd, 8639476.312, 138
Trd, 8639477.279, 88
Trd, 8639477.712, 73
Trd, 8639479.046, 140
Trd, 8639479.312, 139
Trd, 8639481.379, 140
Trd, 8639481.812, 140
Trd, 8639482.312, 140
Trd, 8639482.812, 140
Trd, 8639483.112, 139
Trd, 8639483.712, 140
Trd, 8639485.012, 140
Trd, 8639486.179, 140
Trd, 8639488.479, 140
Trd, 8639488.546, 140
Trd, 8639488.679, 140
Trd, 8639488.712, 140
Trd, 8639488.746, 140
Trd, 8639488.779, 140
Trd, 8639488.912, 139
Trd, 8639490.346, 140
Trd, 8639490.646, 140
Trd, 8639490.812, 140
Trd, 8639491.346, 140
Trd, 8639491.479, 140
Trd, 8639491.612, 138
Trd, 8639492.079, 140
Trd, 8639492.579, 126
Trd, 8639492.779, 140
Trd, 8639493.479, 135
Trd, 8639493.612, 128
Trd, 8639493.679, 137
Trd, 8639493.712, 127
Trd, 8639495.579, 140
Trd, 8639495.679, 140
Trd, 8639495.846, 140
Trd, 8639497.046, 140
Trd, 8639497.546, 140
Trd, 8639497.712, 140
Trd, 8639498.712, 140
Trd, 8639499.046, 140
Trd, 8639499.946, 140
Trd, 8639500.112, 140
Trd, 8639501.079, 140
Trd, 8639501.279, 140
Trd, 8639501.712, 140
Trd, 8639502.879, 140
Trd, 8639505.046, 140
Trd, 8639505.079, 140
Trd, 8639505.479, 140
Trd, 8639505.646, 140
Trd, 8639506.412, 140
Trd, 8639506.612, 140
Trd, 8639506.812, 140
Trd, 8639506.879, 140
Trd, 8639507.546, 124
Trd, 8639507.779, 119
Trd, 8639508.012, 140
Trd, 8639508.046, 96
Trd, 8639508.546, 140
Trd, 8639508.612, 139
Trd, 8639510.279, 140
Trd, 8639510.946, 140
Trd, 8639511.012, 137
Trd, 8639512.079, 125
Trd, 8639512.912, 140
Trd, 8639512.946, 140
Trd, 8639513.312, 140
Trd, 8639513.679, 140
Trd, 8639513.812, 140
Trd, 8639513.979, 139
Trd, 8639514.112, 138
Trd, 8639514.346, 140
Trd, 8639514.879, 140
Trd, 8639514.946, 140
Trd, 8639515.146, 129
Trd, 8639515.979, 140
Trd, 8639516.979, 127
Trd, 8639517.212, 114
Trd, 8639517.579, 140
Trd, 8639517.712, 139
Trd, 8639518.746, 140
Trd, 8639519.012, 140
Trd, 8639519.712, 140
Trd, 8639520.446, 140
Trd, 8639520.746, 138
Trd, 8639521.079, 129
Trd, 8639522.646, 140
Trd, 8639522.979, 140
Trd, 8639523.012, 140
Trd, 8639523.479, 140
Trd, 8639523.546, 140
Trd, 8639523.746, 138
Trd, 8639525.012, 140
Trd, 8639525.046, 139
Trd, 8639525.246, 126
Trd, 8639525.679, 139
Trd, 8639525.879, 115
Trd, 8639527.712, 140
Trd, 8639527.812, 140
Trd, 8639528.179, 140
Trd, 8639528.212, 140
Trd, 8639529.979, 140
Trd, 8639531.046, 140
Trd, 8639531.212, 140
Trd, 8639531.379, 140
Trd, 8639531.646, 140
Trd, 8639531.812, 140
Trd, 8639531.846, 139
Trd, 8639532.046, 140
Trd, 8639532.912, 138
Trd, 8639533.012, 126
Trd, 8639533.312, 135
Trd, 8639534.746, 116
Trd, 8639534.779, 115
Trd, 8639535.079, 77
Trd, 8639535.112, 129
Trd, 8639535.946, 60
Trd, 8639536.246, 129
Trd, 8639537.579, 62
Trd, 8639537.712, 61
Trd, 8639538.346, 60
Trd, 8639538.579, 60
Trd, 8639539.312, 60
Trd, 8639540.812, 60
Trd, 8639540.912, 60
Trd, 8639541.012, 61
Trd, 8639541.679, 63
Trd, 8639542.112, 63
Trd, 8639542.146, 70
Trd, 8639542.279, 71
Trd, 8639542.612, 63
Trd, 8639542.979, 61
Trd, 8639543.146, 73
Trd, 8639543.379, 97
Trd, 8639543.879, 140
Trd, 8639545.012, 90
Trd, 8639546.079, 139
Trd, 8639546.746, 116
Trd, 8639547.146, 140
Trd, 8639547.679, 140
Trd, 8639547.979, 140
Trd, 8639548.012, 140
Trd, 8639548.079, 138
Trd, 8639549.012, 130
Trd, 8639550.012, 124
Trd, 8639550.146, 124
Trd, 8639550.412, 123
Trd, 8639550.812, 126
Trd, 8639552.279, 140
Trd, 8639552.446, 140
Trd, 8639552.846, 140
Trd, 8639553.112, 139
Trd, 8639553.679, 137
Trd, 8639553.912, 137
Trd, 8639554.346, 140
Trd, 8639554.612, 139
Trd, 8639554.946, 140
Trd, 8639555.579, 124
Trd, 8639556.779, 131
Trd, 8639557.646, 96
Trd, 8639557.712, 92
Trd, 8639557.946, 129
Trd, 8639558.312, 91
Trd, 8639558.646, 90
Trd, 8639558.846, 129
Trd, 8639558.946, 130
Trd, 8639559.146, 138
Trd, 8639559.479, 101
Trd, 8639560.412, 140
Trd, 8639560.979, 140
Trd, 8639563.179, 140
Trd, 8639563.679, 140
Trd, 8639563.879, 140
Trd, 8639564.279, 140
Trd, 8639564.612, 140
Trd, 8639566.479, 140
Trd, 8639566.679, 140
Trd, 8639567.346, 140
Trd, 8639568.546, 140
Trd, 8639568.612, 140
Trd, 8639569.212, 140
Trd, 8639569.412, 140
Trd, 8639569.579, 140
Trd, 8639569.712, 140
Trd, 8639570.046, 140
Trd, 8639570.246, 139
Trd, 8639570.712, 139
Trd, 8639570.912, 126
Trd, 8639571.946, 140
Trd, 8639573.046, 140
Trd, 8639573.379, 140
Trd, 8639573.412, 140
Trd, 8639574.479, 140
Trd, 8639575.312, 140
Trd, 8639575.646, 140
Trd, 8639576.646, 138
Trd, 8639578.112, 140
Trd, 8639578.146, 140
Trd, 8639578.546, 140
Trd, 8639578.579, 139
Trd, 8639578.912, 140
Trd, 8639579.112, 140
Trd, 8639579.812, 132
Trd, 8639580.379, 130
Trd, 8639580.446, 133
Trd, 8639580.612, 134
Trd, 8639580.812, 115
Trd, 8639581.046, 102
Trd, 8639581.812, 104
Trd, 8639582.946, 104
Trd, 8639583.279, 128
Trd, 8639583.579, 104
Trd, 8639583.679, 126
Trd, 8639583.779, 129
Trd, 8639584.512, 139
Trd, 8639585.812, 128
Trd, 8639586.446, 140
Trd, 8639586.612, 140
Trd, 8639587.512, 140
Trd, 8639588.512, 140
Trd, 8639589.279, 140
Trd, 8639589.546, 140
Trd, 8639589.779, 136
Trd, 8639590.279, 134
Trd, 8639590.812, 129
Trd, 8639591.612, 131
Trd, 8639591.712, 125
Trd, 8639592.246, 130
Trd, 8639592.979, 124
Trd, 8639593.012, 98
Trd, 8639593.179, 130
Trd, 8639593.212, 88
Trd, 8639593.546, 79
Trd, 8639594.279, 106
Trd, 8639594.712, 130
Trd, 8639594.879, 132
Trd, 8639596.346, 123
Trd, 8639596.546, 127
Trd, 8639596.712, 122
Trd, 8639597.246, 118
Trd, 8639597.612, 127
Trd, 8639598.012, 128
Trd, 8639598.679, 118
Trd, 8639599.146, 139
Trd, 8639599.179, 117
Trd, 8639599.712, 139
Trd, 8639600.846, 139
Trd, 8639601.146, 140
Trd, 8639601.912, 140
Trd, 8639601.946, 138
Trd, 8639602.679, 122
Trd, 8639603.379, 135
Trd, 8639604.112, 137
Trd, 8639604.146, 134
Trd, 8639605.179, 131
Trd, 8639606.479, 139
Trd, 8639607.379, 138
Trd, 8639607.412, 124
Trd, 8639607.746, 122
Trd, 8639607.812, 107
Trd, 8639609.112, 140
Trd, 8639610.146, 140
Trd, 8639611.646, 140
Trd, 8639611.779, 140
Trd, 8639612.146, 140
Trd, 8639612.579, 140
Trd, 8639612.812, 140
Trd, 8639613.112, 140
Trd, 8639613.979, 140
Trd, 8639614.446, 140
Trd, 8639614.912, 140
Trd, 8639615.679, 140
Trd, 8639615.946, 136
Trd, 8639616.379, 108
Trd, 8639616.612, 98
Trd, 8639618.246, 140
Trd, 8639618.879, 140
Trd, 8639619.279, 140
Trd, 8639619.379, 140
Trd, 8639619.412, 140
Trd, 8639620.046, 140
Trd, 8639620.079, 140
Trd, 8639620.379, 140
Trd, 8639621.246, 140
Trd, 8639621.379, 140
Trd, 8639622.079, 140
Trd, 8639623.012, 140
Trd, 8639623.512, 140
Trd, 8639623.646, 140
Trd, 8639623.746, 140
Trd, 8639623.946, 140
Trd, 8639624.012, 137
Trd, 8639624.246, 138
Trd, 8639625.046, 124
Trd, 8639625.612, 117
Trd, 8639626.446, 128
Trd, 8639626.912, 128
Trd, 8639627.379, 128
Trd, 8639628.646, 113
Trd, 8639628.679, 111
Trd, 8639628.812, 140
Trd, 8639629.479, 140
Trd, 8639630.012, 140
Trd, 8639630.379, 140
Trd, 8639631.446, 140
Trd, 8639632.112, 140
Trd, 8639633.612, 140
Trd, 8639633.746, 140
Trd, 8639633.912, 140
Trd, 8639634.079, 139
Trd, 8639634.346, 140
Trd, 8639634.646, 140
Trd, 8639634.879, 140
Trd, 8639634.979, 139
Trd, 8639635.179, 140
Trd, 8639635.379, 125
Trd, 8639635.646, 112
Trd, 8639635.946, 98
Trd, 8639636.646, 140
Trd, 8639636.846, 140
Trd, 8639637.846, 140
Trd, 8639638.112, 140
Trd, 8639638.612, 140
Trd, 8639639.512, 140
Trd, 8639639.812, 139
Trd, 8639639.879, 139
Trd, 8639640.046, 138
Trd, 8639640.212, 137
Trd, 8639640.246, 140
Trd, 8639641.212, 129
Trd, 8639641.379, 114
Trd, 8639641.912, 134
Trd, 8639642.879, 128
Trd, 8639643.212, 74
Trd, 8639643.479, 73
Trd, 8639643.712, 131
Trd, 8639644.346, 116
Trd, 8639644.846, 116
Trd, 8639644.979, 121
Trd, 8639645.146, 115
Trd, 8639646.512, 98
Trd, 8639646.746, 97
Trd, 8639646.779, 111
Trd, 8639647.046, 111
Trd, 8639647.779, 99
Trd, 8639648.012, 108
Trd, 8639648.446, 110
Trd, 8639648.846, 82
Trd, 8639648.979, 80
Trd, 8639649.046, 79
Trd, 8639649.279, 109
Trd, 8639650.812, 140
Trd, 8639651.179, 139
Trd, 8639652.146, 140
Trd, 8639652.746, 140
Trd, 8639653.546, 140
Trd, 8639653.979, 140
Trd, 8639654.379, 140
Trd, 8639655.146, 140
Trd, 8639655.879, 140
Trd, 8639656.112, 140
Trd, 8639656.546, 139
Trd, 8639656.579, 138
Trd, 8639656.712, 136
Trd, 8639657.179, 140
Trd, 8639657.812, 128
Trd, 8639658.179, 125
Trd, 8639659.912, 119
Trd, 8639660.079, 120
Trd, 8639660.246, 122
Trd, 8639660.279, 116
Trd, 8639660.346, 115
Trd, 8639660.712, 122
Trd, 8639660.979, 99
Trd, 8639661.679, 98
Trd, 8639661.712, 94
Trd, 8639661.746, 125
Trd, 8639662.179, 122
Trd, 8639662.446, 124
Trd, 8639663.612, 140
Trd, 8639663.846, 140
Trd, 8639664.979, 140
Trd, 8639666.012, 140
Trd, 8639666.712, 140
Trd, 8639667.079, 140
Trd, 8639667.379, 140
Trd, 8639668.112, 139
Trd, 8639668.479, 136
Trd, 8639668.879, 125
Trd, 8639669.146, 127
Trd, 8639669.179, 134
Trd, 8639669.212, 135
Trd, 8639670.146, 108
Trd, 8639671.579, 122
Trd, 8639671.646, 125
Trd, 8639672.146, 108
Trd, 8639672.312, 125
Trd, 8639672.412, 93
Trd, 8639673.046, 139
Trd, 8639673.379, 88
Trd, 8639673.412, 87
Trd, 8639674.046, 139
Trd, 8639675.312, 138
Trd, 8639675.812, 138
Trd, 8639676.279, 139
Trd, 8639676.646, 139
Trd, 8639676.679, 137
Trd, 8639676.912, 119
Trd, 8639677.079, 109
Trd, 8639677.812, 140
Trd, 8639678.679, 140
Trd, 8639679.079, 139
Trd, 8639679.379, 138
Trd, 8639679.512, 117
Trd, 8639680.246, 140
Trd, 8639680.779, 139
Trd, 8639682.179, 108
Trd, 8639682.946, 134
Trd, 8639683.412, 140
Trd, 8639683.612, 129
Trd, 8639684.146, 128
Trd, 8639684.279, 129
Trd, 8639684.479, 132
Trd, 8639685.512, 131
Trd, 8639685.646, 119
Trd, 8639685.912, 115
Trd, 8639686.479, 140
Trd, 8639687.812, 140
Trd, 8639688.079, 140
Trd, 8639688.312, 140
Trd, 8639688.612, 140
Trd, 8639689.079, 108
Trd, 8639689.779, 107
Trd, 8639689.946, 110
Trd, 8639690.279, 109
Trd, 8639690.446, 103
Trd, 8639690.879, 104
Trd, 8639691.746, 101
Trd, 8639691.879, 95
Trd, 8639692.079, 102
Trd, 8639692.112, 109
Trd, 8639692.346, 91
Trd, 8639692.746, 88
Trd, 8639693.079, 84
Trd, 8639693.446, 79
Trd, 8639693.879, 114
Trd, 8639694.146, 115
Trd, 8639694.612, 116
Trd, 8639694.912, 117
Trd, 8639697.279, 60
Trd, 8639697.912, 60
Trd, 8639698.646, 60
Trd, 8639698.746, 60
Trd, 8639699.146, 62
Trd, 8639699.346, 63
Trd, 8639699.712, 63
Trd, 8639699.979, 64
Trd, 8639700.112, 62
Trd, 8639700.412, 62
Trd, 8639700.479, 63
Trd, 8639700.579, 64
Trd, 8639700.812, 64
Trd, 8639701.979, 60
Trd, 8639702.379, 61
Trd, 8639702.546, 76
Trd, 8639702.579, 105
Trd, 8639703.012, 88
Trd, 8639703.479, 140
Trd, 8639705.346, 140
Trd, 8639705.779, 140
Trd, 8639706.446, 140
Trd, 8639706.646, 140
Trd, 8639706.746, 140
Trd, 8639707.246, 140
Trd, 8639707.446, 140
Trd, 8639708.212, 112
Trd, 8639708.579, 136
Trd, 8639710.012, 138
Trd, 8639710.446, 138
Trd, 8639710.646, 137
Trd, 8639710.879, 140
Trd, 8639711.512, 138
Trd, 8639711.912, 130
Trd, 8639712.312, 139
Trd, 8639713.012, 140
Trd, 8639715.112, 140
Trd, 8639715.412, 140
Trd, 8639716.712, 140
Trd, 8639716.912, 140
Trd, 8639717.912, 140
Trd, 8639718.112, 140
Trd, 8639718.779, 140
Trd, 8639719.046, 140
Trd, 8639719.146, 140
Trd, 8639719.512, 140
Trd, 8639720.246, 140
Trd, 8639720.346, 140
Trd, 8639720.379, 140
Trd, 8639720.812, 138
Trd, 8639721.179, 140
Trd, 8639721.812, 140
Trd, 8639722.346, 138
Trd, 8639722.579, 138
Trd, 8639724.212, 138
Trd, 8639724.479, 139
Trd, 8639724.546, 137
Trd, 8639724.646, 128
Trd, 8639725.646, 138
Trd, 8639726.146, 138
Trd, 8639726.246, 139
Trd, 8639726.512, 138
Trd, 8639726.946, 139
Trd, 8639727.312, 139
Trd, 8639728.112, 140
Trd, 8639728.179, 137
Trd, 8639729.712, 140
Trd, 8639731.679, 140
Trd, 8639732.012, 140
Trd, 8639732.146, 140
Trd, 8639732.746, 140
Trd, 8639733.579, 139
Trd, 8639733.779, 139
Trd, 8639734.246, 138
Trd, 8639734.912, 140
Trd, 8639735.446, 140
Trd, 8639736.046, 140
Trd, 8639736.279, 140
Trd, 8639737.046, 140
Trd, 8639737.579, 140
Trd, 8639737.779, 140
Trd, 8639737.812, 140
Trd, 8639737.846, 133
Trd, 8639738.112, 134
Trd, 8639738.946, 137
Trd, 8639740.079, 136
Trd, 8639740.446, 92
Trd, 8639740.679, 135
Trd, 8639740.746, 104
Trd, 8639741.079, 140
Trd, 8639741.979, 140
Trd, 8639742.446, 139
Trd, 8639742.779, 139
Trd, 8639742.846, 137
Trd, 8639744.979, 140
Trd, 8639745.346, 140
Trd, 8639745.879, 140
Trd, 8639747.479, 140
Trd, 8639747.846, 140
Trd, 8639747.912, 140
Trd, 8639748.246, 140
Trd, 8639748.279, 140
Trd, 8639748.812, 140
Trd, 8639749.979, 140
Trd, 8639750.146, 140
Trd, 8639750.346, 140
Trd, 8639750.412, 140
Trd, 8639750.912, 140
Trd, 8639751.079, 140
Trd, 8639751.212, 140
Trd, 8639751.479, 138
Trd, 8639751.912, 136
Trd, 8639752.012, 124
Trd, 8639752.979, 121
Trd, 8639754.046, 123
Trd, 8639754.612, 122
Trd, 8639755.112, 93
Trd, 8639755.479, 107
Trd, 8639756.046, 139
Trd, 8639758.812, 140
Trd, 8639759.112, 138
Trd, 8639759.212, 139
Trd, 8639759.246, 138
Trd, 8639759.612, 140
Trd, 8639761.079, 140
Trd, 8639761.146, 140
Trd, 8639762.179, 140
Trd, 8639762.579, 140
Trd, 8639763.646, 140
Trd, 8639763.712, 140
Trd, 8639763.912, 140
Trd, 8639763.979, 139
Trd, 8639764.412, 140
Trd, 8639764.512, 137
Trd, 8639764.646, 138
Trd, 8639764.779, 128
Trd, 8639765.279, 140
Trd, 8639765.479, 127
Trd, 8639766.212, 138
Trd, 8639766.246, 139
Trd, 8639767.446, 107
Trd, 8639767.646, 140
Trd, 8639767.679, 70
Trd, 8639768.346, 89
Trd, 8639769.379, 140
Trd, 8639770.979, 140
Trd, 8639772.579, 140
Trd, 8639772.912, 140
Trd, 8639772.946, 140
Trd, 8639773.212, 140
Trd, 8639773.346, 140
Trd, 8639774.012, 140
Trd, 8639774.112, 140
Trd, 8639774.779, 140
Trd, 8639775.279, 140
Trd, 8639775.612, 137
Trd, 8639775.979, 138
Trd, 8639776.012, 137
Trd, 8639776.646, 112
Trd, 8639777.312, 112
Trd, 8639777.712, 135
Trd, 8639777.912, 111
Trd, 8639778.079, 86
Trd, 8639778.412, 134
Trd, 8639778.512, 61
Trd, 8639780.046, 133
Trd, 8639780.479, 123
Trd, 8639782.146, 126
Trd, 8639782.779, 140
Trd, 8639783.312, 140
Trd, 8639784.046, 140
Trd, 8639785.046, 140
Trd, 8639785.779, 140
Trd, 8639786.812, 140
Trd, 8639787.746, 140
Trd, 8639788.446, 140
Trd, 8639788.546, 139
Trd, 8639788.679, 139
Trd, 8639788.779, 138
Trd, 8639788.912, 138
Trd, 8639789.046, 138
Trd, 8639789.646, 121
Trd, 8639789.679, 135
Trd, 8639790.879, 140
Trd, 8639791.079, 111
Trd, 8639791.979, 72
Trd, 8639792.012, 73
Trd, 8639792.146, 139
Trd, 8639792.379, 140
Trd, 8639792.612, 65
Trd, 8639793.246, 140
Trd, 8639794.146, 140
Trd, 8639794.379, 140
Trd, 8639795.612, 140
Trd, 8639795.912, 140
Trd, 8639795.946, 140
Trd, 8639796.112, 139
Trd, 8639796.346, 109
Trd, 8639796.879, 139
Trd, 8639797.079, 139
Trd, 8639797.712, 139
Trd, 8639797.879, 129
Trd, 8639798.012, 139
Trd, 8639798.879, 137
Trd, 8639798.979, 113
Trd, 8639799.546, 140
Trd, 8639799.746, 140
Trd, 8639801.312, 140
Trd, 8639801.412, 137
Trd, 8639802.079, 140
Trd, 8639803.012, 140
Trd, 8639803.346, 140
Trd, 8639803.479, 139
Trd, 8639803.746, 139
Trd, 8639804.679, 126
Trd, 8639805.246, 133
Trd, 8639805.746, 133
Trd, 8639806.346, 128
Trd, 8639806.379, 125
Trd, 8639806.879, 113
Trd, 8639807.179, 125
Trd, 8639807.612, 113
Trd, 8639807.679, 112
Trd, 8639808.612, 119
Trd, 8639808.979, 119
Trd, 8639809.479, 111
Trd, 8639809.746, 117
Trd, 8639810.046, 117
Trd, 8639810.146, 118
Trd, 8639810.312, 111
Trd, 8639810.846, 110
Trd, 8639811.312, 139
Trd, 8639811.646, 138
Trd, 8639811.879, 137
Trd, 8639813.312, 140
Trd, 8639813.346, 139
Trd, 8639813.846, 140
Trd, 8639814.412, 140
Trd, 8639814.946, 140
Trd, 8639816.146, 135
Trd, 8639816.846, 140
Trd, 8639817.679, 140
Trd, 8639817.746, 140
Trd, 8639817.846, 139
Trd, 8639818.146, 138
Trd, 8639819.379, 126
Trd, 8639819.479, 85
Trd, 8639820.312, 73
Trd, 8639820.979, 60
Trd, 8639821.279, 60
Trd, 8639821.479, 60
Trd, 8639821.646, 77
Trd, 8639822.212, 74
Trd, 8639822.479, 75
Trd, 8639822.646, 77
Trd, 8639823.012, 73
Trd, 8639823.512, 69
Trd, 8639823.979, 69
Trd, 8639824.212, 71
Trd, 8639824.379, 72
Trd, 8639824.579, 120
Trd, 8639825.679, 140
Trd, 8639825.712, 140
Trd, 8639827.479, 140
Trd, 8639827.579, 139
Trd, 8639827.779, 137
Trd, 8639828.312, 139
Trd, 8639829.479, 140
Trd, 8639829.546, 138
Trd, 8639830.579, 140
Trd, 8639831.179, 140
Trd, 8639831.246, 140
Trd, 8639832.646, 140
Trd, 8639833.579, 140
Trd, 8639834.179, 140
Trd, 8639834.346, 140
Trd, 8639834.479, 138
Trd, 8639834.546, 138
Trd, 8639834.579, 130
Trd, 8639835.312, 135
Trd, 8639835.379, 121
Trd, 8639835.812, 137
Trd, 8639836.179, 137
Trd, 8639837.079, 106
Trd, 8639838.479, 124
Trd, 8639838.712, 124
Trd, 8639838.812, 121
Trd, 8639839.146, 105
Trd, 8639839.212, 125
Trd, 8639840.179, 117
Trd, 8639840.346, 110
Trd, 8639840.379, 118
Trd, 8639840.612, 122
Trd, 8639840.879, 126
Trd, 8639842.112, 140
Trd, 8639842.579, 140
Trd, 8639842.912, 140
Trd, 8639843.546, 64
Trd, 8639844.279, 140
Trd, 8639845.112, 140
Trd, 8639845.512, 140
Trd, 8639845.912, 140
Trd, 8639846.179, 140
Trd, 8639847.079, 140
Trd, 8639848.579, 140
Trd, 8639848.712, 140
Trd, 8639849.279, 140
Trd, 8639849.446, 140
Trd, 8639851.379, 140
Trd, 8639852.212, 140
Trd, 8639852.512, 140
Trd, 8639852.646, 140
Trd, 8639852.712, 140
Trd, 8639852.946, 140
Trd, 8639853.212, 140
Trd, 8639853.446, 140
Trd, 8639853.579, 140
Trd, 8639854.212, 140
Trd, 8639854.946, 138
Trd, 8639855.212, 110
Trd, 8639855.846, 113
Trd, 8639856.412, 140
Trd, 8639856.679, 140
Trd, 8639859.412, 140
Trd, 8639860.012, 140
Trd, 8639860.446, 140
Trd, 8639860.712, 140
Trd, 8639861.212, 140
Trd, 8639861.312, 139
Trd, 8639861.512, 139
Trd, 8639861.579, 139
Trd, 8639862.779, 127
Trd, 8639863.579, 129
Trd, 8639863.779, 133
Trd, 8639863.812, 140
Trd, 8639863.912, 128
Trd, 8639864.012, 115
Trd, 8639865.079, 103
Trd, 8639865.312, 102
Trd, 8639865.946, 140
Trd, 8639868.446, 140
Trd, 8639869.046, 140
Trd, 8639869.646, 140
Trd, 8639869.812, 140
Trd, 8639869.979, 140
Trd, 8639870.046, 140
Trd, 8639870.546, 140
Trd, 8639870.579, 140
Trd, 8639871.712, 140
Trd, 8639872.146, 140
Trd, 8639872.212, 139
Trd, 8639872.646, 140
Trd, 8639872.812, 140
Trd, 8639873.012, 126
Trd, 8639873.979, 101
Trd, 8639874.379, 140
Trd, 8639874.946, 127
Trd, 8639875.979, 134
Trd, 8639876.246, 129
Trd, 8639876.346, 114
Trd, 8639876.579, 135
Trd, 8639878.012, 86
Trd, 8639878.212, 125
Trd, 8639878.612, 82
Trd, 8639878.679, 81
Trd, 8639878.879, 64
Trd, 8639878.946, 96
Trd, 8639879.579, 122
Trd, 8639879.612, 123
Trd, 8639880.379, 81
Trd, 8639880.712, 139
Trd, 8639881.046, 125
Trd, 8639881.446, 139
Trd, 8639882.812, 130
Trd, 8639883.146, 129
Trd, 8639884.779, 139
Trd, 8639884.812, 137
Trd, 8639885.579, 140
Trd, 8639886.979, 140
Trd, 8639887.012, 140
Trd, 8639887.279, 140
Trd, 8639887.312, 140
Trd, 8639887.379, 140
Trd, 8639887.646, 140
Trd, 8639887.712, 140
Trd, 8639887.879, 107
Trd, 8639888.746, 137
Trd, 8639890.912, 140
Trd, 8639891.279, 140
Trd, 8639892.146, 140
Trd, 8639892.179, 140
Trd, 8639892.212, 140
Trd, 8639893.079, 140
Trd, 8639893.146, 140
Trd, 8639893.746, 139
Trd, 8639893.979, 137
Trd, 8639894.646, 127
Trd, 8639894.846, 134
Trd, 8639895.012, 126
Trd, 8639895.879, 106
Trd, 8639895.979, 106
Trd, 8639896.479, 120
Trd, 8639896.579, 121
Trd, 8639896.812, 132
Trd, 8639898.046, 140
Trd, 8639898.579, 140
Trd, 8639898.612, 140
Trd, 8639899.146, 140
Trd, 8639900.279, 140
Trd, 8639900.712, 140
Trd, 8639901.579, 140
Trd, 8639902.012, 140
Trd, 8639903.179, 140
Trd, 8639904.246, 140
Trd, 8639905.579, 140
Trd, 8639906.546, 140
Trd, 8639906.779, 140
Trd, 8639908.446, 140
Trd, 8639908.512, 140
Trd, 8639908.879, 140
Trd, 8639909.146, 140
Trd, 8639909.179, 140
Trd, 8639909.446, 140
Trd, 8639909.979, 140
Trd, 8639910.279, 140
Trd, 8639910.379, 138
Trd, 8639910.712, 140
Trd, 8639910.812, 124
Trd, 8639911.179, 115
Trd, 8639911.246, 140
Trd, 8639911.512, 97
Trd, 8639913.346, 124
Trd, 8639914.546, 140
Trd, 8639914.612, 140
Trd, 8639915.146, 140
Trd, 8639915.479, 140
Trd, 8639915.946, 140
Trd, 8639916.612, 140
Trd, 8639916.712, 140
Trd, 8639916.779, 140
Trd, 8639917.146, 140
Trd, 8639917.446, 139
Trd, 8639918.612, 137
Trd, 8639918.912, 135
Trd, 8639920.512, 140
Trd, 8639920.546, 137
Trd, 8639922.079, 140
Trd, 8639922.312, 140
Trd, 8639922.579, 140
Trd, 8639923.746, 140
Trd, 8639923.879, 140
Trd, 8639923.912, 140
Trd, 8639924.246, 131
Trd, 8639926.212, 140
Trd, 8639927.479, 140
Trd, 8639928.179, 140
Trd, 8639928.412, 140
Trd, 8639928.546, 140
Trd, 8639928.679, 140
Trd, 8639928.879, 140
Trd, 8639929.079, 140
Trd, 8639929.412, 140
Trd, 8639929.512, 140
Trd, 8639929.712, 140
Trd, 8639930.346, 105
Trd, 8639931.046, 85
Trd, 8639931.112, 139
Trd, 8639931.446, 85
Trd, 8639931.746, 136
Trd, 8639932.246, 134
Trd, 8639933.079, 122
Trd, 8639933.779, 123
Trd, 8639933.812, 130
Trd, 8639934.479, 127
Trd, 8639934.679, 125
Trd, 8639934.812, 124
Trd, 8639935.079, 101
Trd, 8639935.212, 126
Trd, 8639936.112, 140
Trd, 8639937.246, 140
Trd, 8639938.412, 140
Trd, 8639939.179, 140
Trd, 8639939.412, 140
Trd, 8639939.446, 140
Trd, 8639939.512, 140
Trd, 8639939.712, 139
Trd, 8639940.312, 137
Trd, 8639940.379, 126
Trd, 8639941.179, 138
Trd, 8639941.212, 126
Trd, 8639941.479, 125
Trd, 8639941.812, 119
Trd, 8639942.179, 120
Trd, 8639942.912, 106
Trd, 8639943.112, 95
Trd, 8639943.179, 132
Trd, 8639943.679, 133
Trd, 8639943.746, 140
Trd, 8639944.179, 107
Trd, 8639944.346, 106
Trd, 8639945.512, 128
Trd, 8639946.346, 130
Trd, 8639946.979, 129
Trd, 8639947.012, 128
Trd, 8639947.212, 117
Trd, 8639947.312, 132
Trd, 8639947.446, 105
Trd, 8639947.479, 132
Trd, 8639949.046, 60
Trd, 8639949.712, 60
Trd, 8639949.746, 60
Trd, 8639950.079, 60
Trd, 8639950.212, 60
Trd, 8639951.112, 61
Trd, 8639951.479, 66
Trd, 8639951.612, 62
Trd, 8639952.812, 65
Trd, 8639952.946, 67
Trd, 8639954.179, 140
Trd, 8639954.812, 140
Trd, 8639955.112, 140
Trd, 8639955.612, 140
Trd, 8639956.646, 140
Trd, 8639956.712, 140
Trd, 8639957.246, 140
Trd, 8639957.979, 139
Trd, 8639958.412, 140
Trd, 8639958.879, 140
Trd, 8639959.912, 140
Trd, 8639959.979, 140
Trd, 8639960.579, 140
Trd, 8639961.512, 140
Trd, 8639962.246, 139
Trd, 8639962.479, 139
Trd, 8639962.646, 140
Trd, 8639963.012, 140
Trd, 8639963.312, 139
Trd, 8639963.612, 124
Trd, 8639963.679, 123
Trd, 8639964.012, 140
Trd, 8639964.579, 113
Trd, 8639965.712, 134
Trd, 8639965.812, 110
Trd, 8639967.179, 126
Trd, 8639967.246, 124
Trd, 8639967.679, 127
Trd, 8639967.846, 126
Trd, 8639968.012, 127
Trd, 8639968.246, 139
Trd, 8639968.379, 105
Trd, 8639968.612, 140
Trd, 8639969.979, 140
Trd, 8639970.379, 140
Trd, 8639970.446, 140
Trd, 8639970.579, 140
Trd, 8639971.346, 140
Trd, 8639972.346, 140
Trd, 8639972.446, 140
Trd, 8639973.646, 139
Trd, 8639974.679, 140
Trd, 8639976.379, 140
Trd, 8639976.779, 140
Trd, 8639977.412, 140
Trd, 8639977.979, 140
Trd, 8639978.446, 140
Trd, 8639978.512, 140
Trd, 8639978.579, 139
Trd, 8639978.912, 139
Trd, 8639979.479, 139
Trd, 8639979.579, 138
Trd, 8639980.679, 131
Trd, 8639981.012, 120
Trd, 8639981.379, 140
Trd, 8639982.112, 109
Trd, 8639982.812, 138
Trd, 8639983.679, 140
Trd, 8639984.946, 140
Trd, 8639984.979, 140
Trd, 8639985.479, 140
Trd, 8639986.012, 140
Trd, 8639986.512, 140
Trd, 8639987.179, 140
Trd, 8639987.546, 140
Trd, 8639987.646, 140
Trd, 8639987.746, 128
Trd, 8639988.279, 123
Trd, 8639988.512, 138
Trd, 8639989.379, 135
Trd, 8639990.279, 122
Trd, 8639990.346, 124
Trd, 8639990.379, 119
Trd, 8639990.846, 123
Trd, 8639991.379, 123
Trd, 8639991.912, 126
Trd, 8639992.212, 122
Trd, 8639993.279, 140
Trd, 8639993.646, 140
Trd, 8639993.912, 109
Trd, 8639994.479, 139
Trd, 8639994.512, 92
Trd, 8639995.312, 139
Trd, 8639996.146, 138
Trd, 8639996.379, 131
Trd, 8639996.546, 131
Trd, 8639997.012, 130
Trd, 8639998.612, 138
Trd, 8639998.746, 130
Trd, 8639998.812, 138
Trd, 8639999.446, 131
Trd, 8639999.479, 122
Trd, 8639999.679, 134
Trd, 8639999.712, 114
Trd, 8639999.846, 111
