Trd, 8638793.346, 134
Trd, 8638793.579, 113
Trd, 8638793.746, 108
Trd, 8638794.246, 106
Trd, 8638795.179, 109
Trd, 8638795.679, 123
Trd, 8638795.912, 131
Trd, 8638796.679, 116
Trd, 8638796.879, 107
Trd, 8638797.512, 90
Trd, 8638798.246, 96
Trd, 8638798.279, 88
Trd, 8638798.346, 61
Trd, 8638799.679, 70
Trd, 8638800.312, 61
Trd, 8638800.412, 82
Trd, 8638801.179, 65
Trd, 8638801.579, 73
Trd, 8638801.646, 65
Trd, 8638801.879, 83
Trd, 8638802.146, 97
Trd, 8638802.746, 64
Trd, 8638803.412, 71
Trd, 8638803.679, 72
Trd, 8638804.246, 109
Trd, 8638804.479, 137
Trd, 8638805.279, 140
Trd, 8638805.446, 138
Trd, 8638805.812, 138
Trd, 8638806.346, 110
Trd, 8638806.746, 134
Trd, 8638806.879, 70
Trd, 8638807.112, 102
Trd, 8638807.412, 70
Trd, 8638807.979, 61
Trd, 8638808.012, 111
Trd, 8638809.079, 62
Trd, 8638809.212, 64
Trd, 8638810.379, 62
Trd, 8638810.679, 71
Trd, 8638811.279, 68
Trd, 8638811.446, 69
Trd, 8638812.179, 69
Trd, 8638812.646, 75
Trd, 8638812.879, 90
Trd, 8638813.079, 103
Trd, 8638814.246, 72
Trd, 8638814.312, 119
Trd, 8638815.046, 72
Trd, 8638815.312, 64
Trd, 8638815.512, 64
Trd, 8638816.179, 85
Trd, 8638816.846, 97
Trd, 8638817.079, 85
Trd, 8638817.446, 66
Trd, 8638818.546, 115
Trd, 8638818.612, 101
Trd, 8638819.112, 91
Trd, 8638819.446, 89
Trd, 8638819.512, 118
Trd, 8638820.179, 95
Trd, 8638820.479, 97
Trd, 8638820.846, 102
Trd, 8638821.079, 104
Trd, 8638821.112, 137
Trd, 8638821.879, 115
Trd, 8638821.946, 115
Trd, 8638822.079, 81
Trd, 8638822.512, 128
Trd, 8638822.646, 98
Trd, 8638822.846, 77
Trd, 8638823.579, 82
Trd, 8638824.779, 101
Trd, 8638825.379, 93
Trd, 8638825.546, 81
Trd, 8638825.812, 130
Trd, 8638827.279, 104
Trd, 8638827.446, 92
Trd, 8638827.612, 81
Trd, 8638827.879, 99
Trd, 8638828.079, 120
Trd, 8638828.346, 61
Trd, 8638828.912, 84
Trd, 8638829.346, 79
Trd, 8638829.512, 106
Trd, 8638829.879, 63
Trd, 8638830.312, 76
Trd, 8638830.712, 65
Trd, 8638831.212, 75
Trd, 8638831.612, 65
Trd, 8638831.979, 89
Trd, 8638832.112, 105
Trd, 8638833.679, 140
Trd, 8638834.212, 139
Trd, 8638834.246, 125
Trd, 8638834.379, 115
Trd, 8638834.512, 106
Trd, 8638834.612, 79
Trd, 8638835.646, 140
Trd, 8638835.812, 139
Trd, 8638835.912, 139
Trd, 8638836.346, 136
Trd, 8638837.612, 122
Trd, 8638837.812, 112
Trd, 8638838.046, 109
Trd, 8638838.712, 126
Trd, 8638838.746, 105
Trd, 8638839.246, 87
Trd, 8638839.312, 98
Trd, 8638839.546, 111
Trd, 8638840.012, 81
Trd, 8638840.046, 108
Trd, 8638840.379, 118
Trd, 8638840.746, 62
Trd, 8638840.946, 77
Trd, 8638841.812, 70
Trd, 8638841.846, 65
Trd, 8638842.146, 130
Trd, 8638842.579, 84
Trd, 8638842.746, 86
Trd, 8638843.312, 64
Trd, 8638844.212, 61
Trd, 8638844.846, 63
Trd, 8638845.812, 67
Trd, 8638846.212, 66
Trd, 8638846.646, 84
Trd, 8638846.679, 93
Trd, 8638847.179, 64
Trd, 8638847.812, 74
Trd, 8638847.979, 70
Trd, 8638848.712, 107
Trd, 8638848.779, 113
Trd, 8638848.979, 106
Trd, 8638849.312, 64
Trd, 8638849.612, 63
Trd, 8638849.812, 120
Trd, 8638850.412, 71
Trd, 8638851.246, 80
Trd, 8638851.879, 112
Trd, 8638852.079, 78
Trd, 8638852.346, 132
Trd, 8638852.646, 97
Trd, 8638852.979, 65
Trd, 8638853.146, 135
Trd, 8638854.146, 100
Trd, 8638854.279, 66
Trd, 8638855.912, 74
Trd, 8638856.012, 73
Trd, 8638856.379, 82
Trd, 8638857.012, 61
Trd, 8638857.179, 73
Trd, 8638857.312, 98
Trd, 8638858.079, 128
Trd, 8638858.912, 134
Trd, 8638859.146, 122
Trd, 8638859.212, 122
Trd, 8638859.746, 107
Trd, 8638859.912, 98
Trd, 8638860.412, 84
Trd, 8638860.446, 80
Trd, 8638861.246, 92
Trd, 8638861.746, 69
Trd, 8638862.412, 109
Trd, 8638862.446, 103
Trd, 8638862.546, 83
Trd, 8638862.912, 103
Trd, 8638863.546, 71
Trd, 8638864.179, 102
Trd, 8638864.546, 102
Trd, 8638864.846, 100
Trd, 8638864.879, 75
Trd, 8638865.046, 114
Trd, 8638865.312, 139
Trd, 8638866.446, 62
Trd, 8638866.812, 71
Trd, 8638867.746, 64
Trd, 8638867.879, 76
Trd, 8638867.912, 75
Trd, 8638868.679, 139
Trd, 8638868.746, 84
Trd, 8638869.046, 96
Trd, 8638869.412, 134
Trd, 8638869.579, 134
Trd, 8638870.046, 132
Trd, 8638870.212, 106
Trd, 8638871.012, 106
Trd, 8638871.512, 96
Trd, 8638871.946, 109
Trd, 8638872.712, 140
Trd, 8638872.946, 86
Trd, 8638873.212, 83
Trd, 8638873.746, 139
Trd, 8638873.979, 132
Trd, 8638874.479, 136
Trd, 8638874.612, 139
Trd, 8638875.179, 113
Trd, 8638875.246, 101
Trd, 8638875.579, 87
Trd, 8638875.912, 138
Trd, 8638876.312, 118
Trd, 8638876.712, 90
Trd, 8638877.679, 75
Trd, 8638878.179, 118
Trd, 8638878.212, 118
Trd, 8638878.712, 60
Trd, 8638879.179, 63
Trd, 8638879.912, 74
Trd, 8638880.412, 89
Trd, 8638880.446, 61
Trd, 8638881.912, 79
Trd, 8638882.412, 97
Trd, 8638883.279, 69
Trd, 8638883.612, 105
Trd, 8638884.146, 108
Trd, 8638884.379, 140
Trd, 8638884.746, 77
Trd, 8638884.779, 74
Trd, 8638884.846, 69
Trd, 8638885.412, 71
Trd, 8638886.246, 107
Trd, 8638886.446, 66
Trd, 8638887.046, 136
Trd, 8638887.412, 136
Trd, 8638887.779, 136
Trd, 8638887.912, 135
Trd, 8638889.012, 140
Trd, 8638889.046, 140
Trd, 8638889.112, 129
Trd, 8638889.546, 121
Trd, 8638889.912, 111
Trd, 8638890.446, 111
Trd, 8638891.012, 138
Trd, 8638891.512, 139
Trd, 8638891.612, 138
Trd, 8638891.912, 106
Trd, 8638892.379, 131
Trd, 8638892.446, 111
Trd, 8638893.212, 140
Trd, 8638893.612, 106
Trd, 8638893.946, 120
Trd, 8638894.312, 86
Trd, 8638894.412, 90
Trd, 8638895.012, 107
Trd, 8638895.679, 85
Trd, 8638895.746, 83
Trd, 8638897.079, 62
Trd, 8638897.179, 66
Trd, 8638897.679, 71
Trd, 8638898.112, 117
Trd, 8638898.212, 133
Trd, 8638898.579, 77
Trd, 8638899.246, 130
Trd, 8638899.379, 94
Trd, 8638899.646, 94
Trd, 8638899.712, 93
Trd, 8638900.146, 63
Trd, 8638901.312, 140
Trd, 8638901.446, 120
Trd, 8638901.912, 85
Trd, 8638902.079, 93
Trd, 8638903.279, 64
Trd, 8638904.179, 68
Trd, 8638904.312, 61
Trd, 8638904.579, 62
Trd, 8638905.079, 68
Trd, 8638905.379, 136
Trd, 8638905.779, 86
Trd, 8638906.012, 82
Trd, 8638906.046, 80
Trd, 8638906.979, 122
Trd, 8638907.212, 80
Trd, 8638907.412, 72
Trd, 8638908.679, 130
Trd, 8638908.846, 106
Trd, 8638909.246, 89
Trd, 8638909.612, 96
Trd, 8638909.746, 80
Trd, 8638910.446, 97
Trd, 8638911.212, 97
Trd, 8638911.546, 89
Trd, 8638912.612, 140
Trd, 8638912.879, 139
Trd, 8638913.146, 113
Trd, 8638913.179, 113
Trd, 8638913.912, 136
Trd, 8638914.512, 136
Trd, 8638915.112, 121
Trd, 8638915.679, 139
Trd, 8638915.712, 119
Trd, 8638915.979, 118
Trd, 8638916.012, 113
Trd, 8638916.312, 130
Trd, 8638916.412, 119
Trd, 8638917.012, 139
Trd, 8638917.812, 140
Trd, 8638918.112, 139
Trd, 8638918.212, 104
Trd, 8638918.546, 100
Trd, 8638918.746, 124
Trd, 8638918.879, 129
Trd, 8638919.146, 79
Trd, 8638920.012, 72
Trd, 8638920.279, 86
Trd, 8638921.012, 61
Trd, 8638921.346, 62
Trd, 8638922.179, 140
Trd, 8638922.412, 140
Trd, 8638922.479, 139
Trd, 8638922.512, 136
Trd, 8638923.046, 132
Trd, 8638923.246, 131
Trd, 8638925.479, 113
Trd, 8638925.746, 105
Trd, 8638926.112, 114
Trd, 8638926.179, 104
Trd, 8638926.546, 138
Trd, 8638927.212, 139
Trd, 8638927.346, 138
Trd, 8638927.479, 110
Trd, 8638928.312, 103
Trd, 8638928.412, 102
Trd, 8638929.079, 135
Trd, 8638929.246, 131
Trd, 8638930.112, 135
Trd, 8638930.746, 118
Trd, 8638930.812, 119
Trd, 8638931.112, 134
Trd, 8638931.146, 114
Trd, 8638931.812, 111
Trd, 8638932.846, 103
Trd, 8638932.979, 119
Trd, 8638933.246, 125
Trd, 8638934.012, 136
Trd, 8638934.046, 120
Trd, 8638934.312, 101
Trd, 8638934.946, 128
Trd, 8638935.146, 95
Trd, 8638935.812, 138
Trd, 8638935.846, 122
Trd, 8638936.646, 133
Trd, 8638936.912, 87
Trd, 8638937.012, 100
Trd, 8638937.546, 117
Trd, 8638937.812, 116
Trd, 8638937.912, 84
Trd, 8638938.546, 78
Trd, 8638939.012, 82
Trd, 8638939.612, 64
Trd, 8638940.679, 140
Trd, 8638941.046, 128
Trd, 8638941.212, 127
Trd, 8638941.512, 119
Trd, 8638941.979, 120
Trd, 8638942.079, 113
Trd, 8638942.812, 113
Trd, 8638943.346, 121
Trd, 8638943.412, 111
Trd, 8638944.146, 115
Trd, 8638944.246, 103
Trd, 8638944.846, 100
Trd, 8638944.912, 72
Trd, 8638945.479, 138
Trd, 8638945.779, 133
Trd, 8638946.446, 71
Trd, 8638946.679, 75
Trd, 8638947.546, 140
Trd, 8638947.612, 82
Trd, 8638948.879, 120
Trd, 8638948.912, 84
Trd, 8638949.446, 99
Trd, 8638950.146, 117
Trd, 8638950.179, 100
Trd, 8638950.479, 92
Trd, 8638951.046, 93
Trd, 8638951.346, 107
Trd, 8638951.579, 94
Trd, 8638951.879, 131
Trd, 8638952.146, 119
Trd, 8638952.879, 129
Trd, 8638953.346, 134
Trd, 8638953.612, 86
Trd, 8638953.712, 117
Trd, 8638954.079, 80
Trd, 8638954.112, 80
Trd, 8638954.612, 140
Trd, 8638955.346, 66
Trd, 8638955.779, 131
Trd, 8638956.412, 139
Trd, 8638956.746, 110
Trd, 8638957.146, 138
Trd, 8638957.979, 64
Trd, 8638958.512, 75
Trd, 8638958.646, 77
Trd, 8638959.279, 77
Trd, 8638959.479, 135
Trd, 8638959.512, 74
Trd, 8638960.246, 79
Trd, 8638960.646, 119
Trd, 8638960.912, 67
Trd, 8638961.612, 62
Trd, 8638962.046, 120
Trd, 8638962.412, 64
Trd, 8638962.679, 68
Trd, 8638963.279, 76
Trd, 8638963.646, 80
Trd, 8638964.346, 74
Trd, 8638964.379, 70
Trd, 8638964.412, 68
Trd, 8638965.046, 70
Trd, 8638965.246, 73
Trd, 8638966.112, 66
Trd, 8638966.412, 65
Trd, 8638966.512, 75
Trd, 8638968.046, 106
Trd, 8638968.346, 70
Trd, 8638968.646, 74
Trd, 8638968.946, 105
Trd, 8638969.079, 112
Trd, 8638969.412, 129
Trd, 8638969.979, 134
Trd, 8638971.046, 70
Trd, 8638971.146, 82
Trd, 8638971.746, 71
Trd, 8638973.979, 79
Trd, 8638974.046, 78
Trd, 8638974.179, 77
Trd, 8638974.212, 73
Trd, 8638974.346, 82
Trd, 8638974.546, 84
Trd, 8638974.612, 82
Trd, 8638975.179, 117
Trd, 8638975.512, 113
Trd, 8638975.712, 98
Trd, 8638975.979, 137
Trd, 8638976.312, 140
Trd, 8638976.812, 104
Trd, 8638977.146, 79
Trd, 8638978.312, 62
Trd, 8638978.879, 67
Trd, 8638979.546, 68
Trd, 8638979.579, 95
Trd, 8638979.879, 83
Trd, 8638980.946, 131
Trd, 8638981.512, 131
Trd, 8638981.612, 107
Trd, 8638981.746, 115
Trd, 8638981.846, 97
Trd, 8638982.146, 89
Trd, 8638982.579, 140
Trd, 8638982.912, 127
Trd, 8638983.312, 113
Trd, 8638983.412, 99
Trd, 8638984.179, 60
Trd, 8638984.779, 64
Trd, 8638985.179, 94
Trd, 8638985.479, 69
Trd, 8638985.812, 82
Trd, 8638986.412, 123
Trd, 8638986.979, 100
Trd, 8638987.112, 99
Trd, 8638987.612, 128
Trd, 8638988.112, 70
Trd, 8638988.246, 79
Trd, 8638988.512, 86
Trd, 8638988.879, 81
Trd, 8638989.546, 140
Trd, 8638990.146, 131
Trd, 8638990.246, 128
Trd, 8638990.979, 127
Trd, 8638991.746, 107
Trd, 8638991.779, 100
Trd, 8638992.246, 135
Trd, 8638992.279, 100
Trd, 8638992.379, 102
Trd, 8638992.446, 73
Trd, 8638992.879, 91
Trd, 8638993.979, 93
Trd, 8638994.046, 127
Trd, 8638994.879, 61
Trd, 8638995.212, 62
Trd, 8638995.879, 63
Trd, 8638996.212, 61
Trd, 8638996.412, 70
Trd, 8638997.312, 98
Trd, 8638997.612, 92
Trd, 8638997.846, 79
Trd, 8638998.346, 93
Trd, 8638999.079, 104
Trd, 8638999.246, 85
Trd, 8638999.446, 113
Trd, 8639000.446, 92
Trd, 8639000.879, 82
Trd, 8639000.979, 81
Trd, 8639001.312, 68
Trd, 8639001.579, 69
Trd, 8639001.612, 69
Trd, 8639001.912, 96
Trd, 8639002.046, 96
Trd, 8639002.146, 76
Trd, 8639003.212, 86
Trd, 8639003.346, 65
Trd, 8639003.379, 89
Trd, 8639003.446, 117
Trd, 8639003.512, 63
Trd, 8639004.279, 139
Trd, 8639004.746, 129
Trd, 8639005.712, 71
Trd, 8639005.846, 87
Trd, 8639006.379, 76
Trd, 8639007.412, 82
Trd, 8639007.479, 82
Trd, 8639007.846, 90
Trd, 8639008.312, 75
Trd, 8639008.346, 88
Trd, 8639008.912, 72
Trd, 8639009.279, 80
Trd, 8639009.946, 138
Trd, 8639010.446, 75
Trd, 8639010.879, 76
Trd, 8639011.146, 119
Trd, 8639011.179, 119
Trd, 8639011.412, 124
Trd, 8639012.179, 133
Trd, 8639012.479, 114
Trd, 8639013.112, 92
Trd, 8639013.212, 85
Trd, 8639013.546, 140
Trd, 8639013.646, 131
Trd, 8639014.046, 85
Trd, 8639014.079, 85
Trd, 8639014.279, 71
Trd, 8639015.246, 112
Trd, 8639015.546, 140
Trd, 8639015.746, 111
Trd, 8639015.779, 109
Trd, 8639016.146, 84
Trd, 8639016.479, 105
Trd, 8639018.012, 102
Trd, 8639018.146, 118
Trd, 8639018.312, 96
Trd, 8639019.612, 140
Trd, 8639019.879, 139
Trd, 8639020.412, 128
Trd, 8639020.546, 127
Trd, 8639020.979, 114
Trd, 8639021.179, 113
Trd, 8639021.679, 73
Trd, 8639022.546, 112
Trd, 8639022.646, 120
Trd, 8639022.779, 89
Trd, 8639022.946, 88
Trd, 8639023.312, 62
Trd, 8639023.479, 99
Trd, 8639024.346, 111
Trd, 8639024.546, 114
Trd, 8639024.879, 119
Trd, 8639025.179, 96
Trd, 8639025.246, 92
Trd, 8639026.446, 98
Trd, 8639026.746, 97
Trd, 8639027.079, 90
Trd, 8639027.846, 99
Trd, 8639027.912, 90
Trd, 8639028.479, 82
Trd, 8639029.179, 129
Trd, 8639029.512, 129
Trd, 8639030.012, 121
Trd, 8639030.379, 128
Trd, 8639030.446, 122
Trd, 8639030.712, 134
Trd, 8639030.946, 93
Trd, 8639031.079, 137
Trd, 8639031.112, 92
Trd, 8639031.512, 90
Trd, 8639031.879, 87
Trd, 8639032.879, 86
Trd, 8639033.212, 82
Trd, 8639033.912, 118
Trd, 8639033.946, 98
Trd, 8639034.246, 88
Trd, 8639035.046, 128
Trd, 8639035.412, 113
Trd, 8639035.646, 96
Trd, 8639035.846, 101
Trd, 8639036.179, 120
Trd, 8639036.412, 121
Trd, 8639037.179, 139
Trd, 8639037.446, 138
Trd, 8639037.712, 107
Trd, 8639039.712, 111
Trd, 8639040.546, 110
Trd, 8639040.579, 109
Trd, 8639040.812, 140
Trd, 8639041.079, 117
Trd, 8639041.112, 108
Trd, 8639041.446, 124
Trd, 8639041.612, 95
Trd, 8639042.079, 91
Trd, 8639042.379, 78
Trd, 8639042.746, 73
Trd, 8639042.979, 137
Trd, 8639043.446, 117
Trd, 8639043.812, 92
Trd, 8639043.912, 69
Trd, 8639044.379, 139
Trd, 8639044.846, 140
Trd, 8639045.112, 139
Trd, 8639045.146, 122
Trd, 8639045.879, 60
Trd, 8639046.646, 65
Trd, 8639047.212, 77
Trd, 8639047.246, 89
Trd, 8639047.679, 105
Trd, 8639047.779, 103
Trd, 8639048.879, 75
Trd, 8639049.212, 87
Trd, 8639049.712, 104
Trd, 8639049.912, 73
Trd, 8639050.279, 69
Trd, 8639050.979, 67
Trd, 8639051.746, 71
Trd, 8639052.179, 60
Trd, 8639052.346, 70
Trd, 8639053.079, 77
Trd, 8639053.779, 60
Trd, 8639054.012, 69
Trd, 8639054.179, 78
Trd, 8639054.612, 61
Trd, 8639055.079, 61
Trd, 8639055.512, 94
Trd, 8639055.746, 104
Trd, 8639056.046, 81
Trd, 8639057.112, 99
Trd, 8639057.546, 103
Trd, 8639057.646, 98
Trd, 8639057.679, 95
Trd, 8639057.746, 104
Trd, 8639058.346, 109
Trd, 8639059.546, 113
Trd, 8639060.146, 114
Trd, 8639060.746, 119
Trd, 8639061.179, 121
Trd, 8639061.679, 138
Trd, 8639061.746, 128
Trd, 8639062.012, 116
Trd, 8639062.546, 139
Trd, 8639062.979, 139
Trd, 8639063.146, 121
Trd, 8639063.879, 121
Trd, 8639064.312, 118
Trd, 8639065.212, 140
Trd, 8639065.279, 138
Trd, 8639066.179, 105
Trd, 8639066.512, 101
Trd, 8639067.779, 88
Trd, 8639068.046, 88
Trd, 8639068.212, 104
Trd, 8639068.779, 87
Trd, 8639069.079, 72
Trd, 8639069.246, 69
Trd, 8639069.412, 120
Trd, 8639069.612, 102
Trd, 8639070.079, 69
Trd, 8639070.346, 92
Trd, 8639071.146, 112
Trd, 8639071.179, 97
Trd, 8639071.212, 77
Trd, 8639072.379, 129
Trd, 8639072.579, 139
Trd, 8639072.912, 127
Trd, 8639073.279, 125
Trd, 8639073.679, 137
Trd, 8639074.046, 111
Trd, 8639074.312, 103
Trd, 8639075.446, 138
Trd, 8639076.312, 140
Trd, 8639076.612, 138
Trd, 8639077.279, 140
Trd, 8639077.479, 121
Trd, 8639077.546, 111
Trd, 8639077.812, 134
Trd, 8639078.146, 129
Trd, 8639078.279, 123
Trd, 8639079.446, 126
Trd, 8639080.112, 126
Trd, 8639080.746, 108
Trd, 8639080.812, 89
Trd, 8639080.946, 78
Trd, 8639081.746, 75
Trd, 8639082.179, 82
Trd, 8639082.212, 72
Trd, 8639082.412, 74
Trd, 8639082.512, 98
Trd, 8639082.846, 70
Trd, 8639083.146, 140
Trd, 8639084.712, 63
Trd, 8639084.779, 67
Trd, 8639085.112, 74
Trd, 8639085.479, 68
Trd, 8639085.579, 70
Trd, 8639087.379, 62
Trd, 8639087.412, 63
Trd, 8639087.646, 62
Trd, 8639087.746, 64
Trd, 8639089.046, 99
Trd, 8639089.812, 68
Trd, 8639090.446, 70
Trd, 8639090.579, 82
Trd, 8639091.146, 86
Trd, 8639091.646, 78
Trd, 8639091.746, 78
Trd, 8639091.879, 97
Trd, 8639091.946, 70
Trd, 8639092.112, 70
Trd, 8639092.579, 73
Trd, 8639093.812, 84
Trd, 8639094.579, 139
Trd, 8639094.679, 94
Trd, 8639095.646, 84
Trd, 8639095.912, 81
Trd, 8639096.079, 95
Trd, 8639096.179, 110
Trd, 8639096.479, 80
Trd, 8639096.579, 68
Trd, 8639096.979, 91
Trd, 8639097.279, 94
Trd, 8639097.912, 126
Trd, 8639098.212, 106
Trd, 8639099.279, 140
Trd, 8639099.379, 103
Trd, 8639099.512, 102
Trd, 8639099.679, 138
Trd, 8639100.446, 76
Trd, 8639100.646, 94
Trd, 8639101.779, 77
Trd, 8639102.146, 87
Trd, 8639102.612, 97
Trd, 8639102.912, 103
Trd, 8639103.279, 111
Trd, 8639103.746, 110
Trd, 8639103.912, 107
Trd, 8639104.379, 88
Trd, 8639104.512, 80
Trd, 8639105.446, 90
Trd, 8639105.946, 120
Trd, 8639106.479, 114
Trd, 8639106.746, 99
Trd, 8639106.946, 123
Trd, 8639107.812, 114
Trd, 8639108.012, 121
Trd, 8639108.879, 140
Trd, 8639109.046, 115
Trd, 8639109.179, 104
Trd, 8639110.046, 108
Trd, 8639111.546, 130
Trd, 8639111.946, 125
Trd, 8639112.079, 108
Trd, 8639112.579, 107
Trd, 8639112.646, 95
Trd, 8639112.779, 100
Trd, 8639113.279, 131
Trd, 8639113.379, 101
Trd, 8639113.512, 130
Trd, 8639113.679, 69
Trd, 8639114.812, 68
Trd, 8639115.312, 72
Trd, 8639115.346, 73
Trd, 8639115.479, 102
Trd, 8639115.846, 106
Trd, 8639116.346, 101
Trd, 8639116.479, 100
Trd, 8639116.612, 100
Trd, 8639116.812, 105
Trd, 8639118.112, 86
Trd, 8639119.012, 75
Trd, 8639119.312, 78
Trd, 8639119.912, 140
Trd, 8639120.146, 140
Trd, 8639120.412, 140
Trd, 8639120.946, 139
Trd, 8639121.212, 139
Trd, 8639121.346, 121
Trd, 8639121.546, 94
Trd, 8639122.146, 138
Trd, 8639122.546, 136
Trd, 8639122.579, 131
Trd, 8639123.979, 106
Trd, 8639125.379, 91
Trd, 8639125.446, 83
Trd, 8639125.912, 74
Trd, 8639126.479, 89
Trd, 8639126.979, 94
Trd, 8639127.112, 99
Trd, 8639127.479, 69
Trd, 8639127.812, 74
Trd, 8639128.146, 82
Trd, 8639128.212, 77
Trd, 8639128.379, 88
Trd, 8639128.546, 68
Trd, 8639129.079, 92
Trd, 8639129.146, 80
Trd, 8639129.379, 116
Trd, 8639129.512, 140
Trd, 8639130.546, 61
Trd, 8639131.579, 88
Trd, 8639131.712, 100
Trd, 8639132.379, 95
Trd, 8639132.646, 95
Trd, 8639132.879, 91
Trd, 8639133.046, 99
Trd, 8639133.246, 83
Trd, 8639133.812, 112
Trd, 8639134.946, 138
Trd, 8639135.279, 137
Trd, 8639135.312, 104
Trd, 8639136.246, 61
Trd, 8639136.612, 61
Trd, 8639136.679, 97
Trd, 8639136.879, 60
Trd, 8639137.612, 63
Trd, 8639138.212, 68
Trd, 8639138.479, 61
Trd, 8639138.746, 88
Trd, 8639139.246, 68
Trd, 8639139.746, 68
Trd, 8639140.379, 81
Trd, 8639140.446, 98
Trd, 8639140.746, 73
Trd, 8639140.846, 98
Trd, 8639140.912, 81
Trd, 8639141.212, 76
Trd, 8639142.646, 64
Trd, 8639143.146, 60
Trd, 8639143.346, 80
Trd, 8639143.479, 63
Trd, 8639143.746, 98
Trd, 8639144.679, 71
Trd, 8639145.746, 63
Trd, 8639146.146, 66
Trd, 8639146.312, 72
Trd, 8639146.612, 67
Trd, 8639147.512, 99
Trd, 8639147.779, 89
Trd, 8639148.179, 92
Trd, 8639148.212, 67
Trd, 8639148.546, 87
Trd, 8639149.446, 88
Trd, 8639150.112, 102
Trd, 8639150.279, 88
Trd, 8639150.446, 96
Trd, 8639150.679, 87
Trd, 8639151.212, 140
Trd, 8639151.379, 140
Trd, 8639151.912, 131
Trd, 8639152.812, 110
Trd, 8639153.879, 140
Trd, 8639154.246, 137
Trd, 8639154.279, 101
Trd, 8639154.379, 101
Trd, 8639155.612, 136
Trd, 8639156.079, 119
Trd, 8639156.279, 127
Trd, 8639156.712, 99
Trd, 8639157.212, 96
Trd, 8639157.779, 129
Trd, 8639157.879, 94
Trd, 8639158.412, 98
Trd, 8639158.512, 93
Trd, 8639158.712, 99
Trd, 8639158.879, 76
Trd, 8639159.712, 139
Trd, 8639160.346, 127
Trd, 8639161.079, 94
Trd, 8639161.246, 94
Trd, 8639161.512, 87
Trd, 8639161.612, 131
Trd, 8639162.079, 106
Trd, 8639162.379, 123
Trd, 8639162.779, 110
Trd, 8639163.412, 95
Trd, 8639163.512, 91
Trd, 8639163.679, 87
Trd, 8639164.179, 131
Trd, 8639164.779, 97
Trd, 8639165.179, 96
Trd, 8639165.846, 139
Trd, 8639165.979, 129
Trd, 8639166.379, 110
Trd, 8639167.146, 75
Trd, 8639167.612, 139
Trd, 8639167.812, 138
Trd, 8639167.912, 120
Trd, 8639168.512, 106
Trd, 8639168.746, 94
Trd, 8639169.546, 140
Trd, 8639169.812, 139
Trd, 8639170.146, 135
Trd, 8639170.279, 122
Trd, 8639170.612, 125
Trd, 8639171.746, 139
Trd, 8639172.412, 124
Trd, 8639172.446, 124
Trd, 8639172.479, 115
Trd, 8639173.212, 107
Trd, 8639173.346, 121
Trd, 8639173.446, 100
Trd, 8639173.746, 87
Trd, 8639174.712, 61
Trd, 8639175.746, 74
Trd, 8639175.779, 75
Trd, 8639175.946, 66
Trd, 8639176.312, 103
Trd, 8639176.512, 137
Trd, 8639177.346, 69
Trd, 8639177.412, 66
Trd, 8639177.912, 62
Trd, 8639178.212, 65
Trd, 8639178.479, 130
Trd, 8639178.679, 117
Trd, 8639179.146, 105
Trd, 8639179.346, 140
Trd, 8639180.012, 113
Trd, 8639180.612, 122
Trd, 8639180.879, 117
Trd, 8639181.212, 109
Trd, 8639181.346, 102
Trd, 8639181.612, 138
Trd, 8639182.046, 97
Trd, 8639182.279, 85
Trd, 8639182.746, 121
Trd, 8639182.779, 93
Trd, 8639183.246, 139
Trd, 8639184.279, 126
Trd, 8639184.646, 132
Trd, 8639184.779, 126
Trd, 8639185.846, 107
Trd, 8639186.246, 109
Trd, 8639186.479, 106
Trd, 8639186.946, 105
Trd, 8639187.279, 79
Trd, 8639187.912, 81
Trd, 8639188.079, 75
Trd, 8639188.146, 72
Trd, 8639188.779, 76
Trd, 8639189.046, 139
Trd, 8639189.912, 139
Trd, 8639189.979, 138
Trd, 8639190.412, 139
Trd, 8639190.779, 127
Trd, 8639190.879, 119
Trd, 8639191.246, 101
Trd, 8639191.379, 137
Trd, 8639192.646, 135
Trd, 8639192.946, 139
Trd, 8639193.279, 135
Trd, 8639194.079, 127
Trd, 8639194.212, 140
Trd, 8639194.412, 136
Trd, 8639195.146, 126
Trd, 8639196.046, 140
Trd, 8639196.112, 138
Trd, 8639196.346, 129
Trd, 8639197.012, 103
Trd, 8639197.846, 124
Trd, 8639198.046, 122
Trd, 8639198.079, 101
Trd, 8639198.246, 117
Trd, 8639199.446, 125
Trd, 8639200.012, 125
Trd, 8639200.112, 111
Trd, 8639200.146, 109
Trd, 8639200.779, 136
Trd, 8639200.879, 107
Trd, 8639201.246, 137
Trd, 8639201.912, 102
Trd, 8639202.579, 139
Trd, 8639202.812, 120
Trd, 8639202.912, 107
Trd, 8639203.212, 136
Trd, 8639203.612, 79
Trd, 8639203.946, 78
Trd, 8639204.112, 135
Trd, 8639204.379, 99
Trd, 8639204.446, 120
Trd, 8639206.146, 140
Trd, 8639206.179, 124
Trd, 8639206.612, 99
Trd, 8639206.879, 87
Trd, 8639207.146, 140
Trd, 8639207.312, 140
Trd, 8639208.712, 128
Trd, 8639208.746, 91
Trd, 8639209.079, 117
Trd, 8639209.379, 96
Trd, 8639210.146, 125
Trd, 8639210.679, 79
Trd, 8639210.846, 125
Trd, 8639211.512, 127
Trd, 8639211.746, 139
Trd, 8639212.246, 127
Trd, 8639212.279, 123
Trd, 8639212.312, 111
Trd, 8639212.379, 108
Trd, 8639212.479, 102
Trd, 8639213.079, 99
Trd, 8639214.312, 73
Trd, 8639214.379, 79
Trd, 8639214.579, 111
Trd, 8639214.746, 70
Trd, 8639214.779, 124
Trd, 8639214.912, 129
Trd, 8639215.312, 71
Trd, 8639216.146, 75
Trd, 8639217.146, 83
Trd, 8639217.346, 91
Trd, 8639217.546, 81
Trd, 8639217.979, 87
Trd, 8639218.012, 87
Trd, 8639218.246, 85
Trd, 8639218.946, 92
Trd, 8639219.479, 83
Trd, 8639219.546, 97
Trd, 8639220.346, 127
Trd, 8639220.746, 95
Trd, 8639221.379, 84
Trd, 8639221.479, 72
Trd, 8639221.779, 66
Trd, 8639221.879, 72
Trd, 8639221.979, 140
Trd, 8639222.412, 140
Trd, 8639222.646, 140
Trd, 8639223.612, 140
Trd, 8639224.312, 68
Trd, 8639224.546, 121
Trd, 8639225.246, 122
Trd, 8639225.812, 140
Trd, 8639226.146, 129
Trd, 8639226.179, 120
Trd, 8639226.812, 122
Trd, 8639227.979, 122
Trd, 8639228.079, 109
Trd, 8639228.412, 99
Trd, 8639228.546, 124
Trd, 8639228.579, 89
Trd, 8639228.912, 100
Trd, 8639228.979, 70
Trd, 8639229.146, 138
Trd, 8639230.679, 126
Trd, 8639231.412, 125
Trd, 8639231.512, 124
Trd, 8639232.446, 92
Trd, 8639232.679, 118
Trd, 8639232.846, 115
Trd, 8639234.279, 140
Trd, 8639234.446, 140
Trd, 8639234.579, 139
Trd, 8639234.779, 139
Trd, 8639235.046, 111
Trd, 8639235.112, 105
Trd, 8639235.312, 94
Trd, 8639236.079, 106
Trd, 8639236.279, 96
Trd, 8639236.812, 95
Trd, 8639236.846, 95
Trd, 8639237.346, 94
Trd, 8639237.412, 104
Trd, 8639238.179, 139
Trd, 8639238.712, 121
Trd, 8639239.479, 140
Trd, 8639239.979, 110
Trd, 8639240.112, 108
Trd, 8639240.846, 139
Trd, 8639240.912, 139
Trd, 8639241.046, 95
Trd, 8639241.679, 85
Trd, 8639241.879, 78
Trd, 8639242.779, 140
Trd, 8639243.646, 140
Trd, 8639243.779, 140
Trd, 8639244.279, 101
Trd, 8639244.479, 108
Trd, 8639244.646, 106
Trd, 8639244.712, 88
Trd, 8639245.479, 70
Trd, 8639246.079, 138
Trd, 8639246.179, 122
Trd, 8639246.379, 95
Trd, 8639246.679, 133
Trd, 8639246.779, 93
Trd, 8639248.646, 64
Trd, 8639248.679, 69
Trd, 8639248.846, 81
Trd, 8639249.346, 76
Trd, 8639250.012, 86
Trd, 8639251.046, 67
Trd, 8639251.746, 122
Trd, 8639252.412, 140
Trd, 8639252.446, 139
Trd, 8639252.846, 127
Trd, 8639252.912, 118
Trd, 8639253.179, 82
Trd, 8639253.412, 121
Trd, 8639253.612, 81
Trd, 8639255.579, 64
Trd, 8639256.012, 78
Trd, 8639256.246, 81
Trd, 8639256.446, 65
Trd, 8639256.746, 71
Trd, 8639257.079, 138
Trd, 8639257.579, 82
Trd, 8639257.646, 138
Trd, 8639258.479, 87
Trd, 8639258.979, 62
Trd, 8639259.346, 77
Trd, 8639260.146, 88
Trd, 8639260.479, 93
Trd, 8639260.646, 77
Trd, 8639261.379, 75
Trd, 8639261.746, 92
Trd, 8639262.446, 80
Trd, 8639262.812, 101
Trd, 8639263.312, 140
Trd, 8639263.946, 139
Trd, 8639264.879, 140
Trd, 8639265.746, 138
Trd, 8639266.246, 120
Trd, 8639266.312, 98
Trd, 8639266.779, 65
Trd, 8639267.146, 64
Trd, 8639267.446, 73
Trd, 8639268.279, 96
Trd, 8639268.512, 86
Trd, 8639268.546, 81
Trd, 8639269.279, 73
Trd, 8639269.346, 72
Trd, 8639270.279, 140
Trd, 8639270.646, 83
Trd, 8639270.679, 78
Trd, 8639270.879, 99
Trd, 8639271.046, 139
Trd, 8639271.779, 126
Trd, 8639272.346, 93
Trd, 8639272.912, 93
Trd, 8639273.379, 133
Trd, 8639273.679, 116
Trd, 8639274.212, 112
Trd, 8639274.379, 111
Trd, 8639274.579, 115
Trd, 8639275.246, 121
Trd, 8639276.146, 100
Trd, 8639276.579, 101
Trd, 8639277.079, 100
Trd, 8639277.112, 99
Trd, 8639277.412, 140
Trd, 8639277.479, 122
Trd, 8639277.712, 97
Trd, 8639278.379, 132
Trd, 8639278.512, 126
Trd, 8639278.746, 126
Trd, 8639279.279, 102
Trd, 8639279.479, 140
Trd, 8639280.746, 140
Trd, 8639280.912, 130
Trd, 8639282.079, 139
Trd, 8639282.512, 84
Trd, 8639283.046, 83
Trd, 8639283.679, 131
Trd, 8639283.946, 131
Trd, 8639284.279, 134
Trd, 8639284.779, 115
Trd, 8639285.179, 105
Trd, 8639285.412, 103
Trd, 8639285.579, 86
Trd, 8639285.746, 79
Trd, 8639286.279, 140
Trd, 8639287.212, 140
Trd, 8639287.479, 133
Trd, 8639287.679, 140
Trd, 8639287.979, 126
Trd, 8639288.012, 122
Trd, 8639288.646, 127
Trd, 8639289.046, 110
Trd, 8639289.112, 110
Trd, 8639289.912, 111
Trd, 8639290.746, 120
Trd, 8639291.012, 113
Trd, 8639291.179, 103
Trd, 8639291.912, 125
Trd, 8639292.112, 117
Trd, 8639292.979, 140
Trd, 8639293.446, 123
Trd, 8639294.479, 137
Trd, 8639294.579, 124
Trd, 8639294.912, 112
Trd, 8639295.446, 138
Trd, 8639295.979, 140
Trd, 8639296.579, 106
Trd, 8639297.346, 134
Trd, 8639297.646, 134
Trd, 8639297.679, 112
Trd, 8639297.746, 105
Trd, 8639298.146, 96
Trd, 8639298.946, 70
Trd, 8639299.279, 98
Trd, 8639299.312, 113
Trd, 8639299.512, 70
Trd, 8639299.879, 90
Trd, 8639300.479, 116
Trd, 8639301.446, 120
Trd, 8639301.812, 140
Trd, 8639302.046, 140
Trd, 8639302.146, 139
Trd, 8639302.212, 90
Trd, 8639303.079, 118
Trd, 8639303.546, 87
Trd, 8639303.679, 85
Trd, 8639303.979, 116
Trd, 8639304.746, 126
Trd, 8639305.112, 114
Trd, 8639305.146, 97
Trd, 8639305.379, 97
Trd, 8639305.646, 83
Trd, 8639305.812, 114
Trd, 8639305.946, 79
Trd, 8639306.779, 84
Trd, 8639307.346, 107
Trd, 8639307.679, 85
Trd, 8639307.912, 113
Trd, 8639308.046, 92
Trd, 8639309.346, 63
Trd, 8639309.512, 65
Trd, 8639309.812, 60
Trd, 8639310.346, 64
Trd, 8639310.846, 69
Trd, 8639311.046, 81
Trd, 8639312.012, 61
Trd, 8639312.112, 86
Trd, 8639312.346, 106
Trd, 8639313.346, 69
Trd, 8639313.679, 66
Trd, 8639314.612, 112
Trd, 8639314.979, 112
Trd, 8639315.279, 131
Trd, 8639315.446, 115
Trd, 8639315.546, 110
Trd, 8639315.812, 107
Trd, 8639316.146, 89
Trd, 8639316.579, 100
Trd, 8639316.879, 101
Trd, 8639317.579, 124
Trd, 8639318.012, 96
Trd, 8639318.146, 97
Trd, 8639318.346, 76
Trd, 8639318.379, 138
Trd, 8639318.679, 85
Trd, 8639319.612, 66
Trd, 8639320.079, 70
Trd, 8639320.746, 60
Trd, 8639321.012, 62
Trd, 8639322.012, 62
Trd, 8639322.912, 67
Trd, 8639324.012, 139
Trd, 8639324.646, 140
Trd, 8639324.946, 139
Trd, 8639325.012, 138
Trd, 8639325.112, 138
Trd, 8639325.246, 137
Trd, 8639325.479, 122
Trd, 8639326.012, 121
Trd, 8639326.112, 119
Trd, 8639326.546, 118
Trd, 8639327.246, 131
Trd, 8639327.279, 122
Trd, 8639327.412, 121
Trd, 8639327.579, 135
Trd, 8639327.646, 108
Trd, 8639328.246, 112
Trd, 8639328.312, 121
Trd, 8639329.312, 133
Trd, 8639329.412, 114
Trd, 8639329.446, 102
Trd, 8639329.779, 66
Trd, 8639330.079, 138
Trd, 8639330.812, 113
Trd, 8639331.112, 133
Trd, 8639331.312, 62
Trd, 8639332.212, 101
Trd, 8639332.479, 112
Trd, 8639332.879, 120
Trd, 8639332.912, 106
Trd, 8639333.179, 80
Trd, 8639334.546, 106
Trd, 8639334.612, 116
Trd, 8639334.746, 104
Trd, 8639335.546, 83
Trd, 8639335.812, 102
Trd, 8639336.512, 82
Trd, 8639337.146, 135
Trd, 8639337.412, 92
Trd, 8639338.546, 139
Trd, 8639338.812, 121
Trd, 8639339.212, 121
Trd, 8639339.712, 112
Trd, 8639339.879, 121
Trd, 8639340.146, 96
Trd, 8639340.479, 77
Trd, 8639340.746, 103
Trd, 8639341.912, 133
Trd, 8639341.979, 127
Trd, 8639342.046, 126
Trd, 8639342.879, 139
Trd, 8639343.079, 137
Trd, 8639343.312, 129
Trd, 8639343.346, 128
Trd, 8639343.446, 88
Trd, 8639344.879, 68
Trd, 8639345.479, 127
Trd, 8639345.512, 111
Trd, 8639345.679, 75
Trd, 8639346.346, 136
Trd, 8639346.479, 136
Trd, 8639346.612, 123
Trd, 8639347.012, 140
Trd, 8639347.779, 112
Trd, 8639347.979, 105
Trd, 8639348.379, 136
Trd, 8639349.212, 129
Trd, 8639349.279, 128
Trd, 8639349.812, 116
Trd, 8639351.079, 126
Trd, 8639351.312, 116
Trd, 8639351.879, 109
Trd, 8639352.012, 136
Trd, 8639352.212, 140
Trd, 8639353.112, 128
Trd, 8639353.312, 105
Trd, 8639353.412, 88
Trd, 8639353.479, 86
Trd, 8639353.679, 66
Trd, 8639354.979, 72
Trd, 8639355.312, 74
Trd, 8639355.946, 60
Trd, 8639356.446, 81
Trd, 8639356.612, 64
Trd, 8639356.912, 65
Trd, 8639357.179, 89
Trd, 8639358.079, 90
Trd, 8639358.379, 129
Trd, 8639358.446, 107
Trd, 8639358.946, 83
Trd, 8639359.046, 98
Trd, 8639359.246, 116
Trd, 8639359.446, 103
Trd, 8639359.846, 128
Trd, 8639360.312, 103
Trd, 8639360.379, 102
Trd, 8639361.379, 140
Trd, 8639361.446, 139
Trd, 8639361.946, 121
Trd, 8639362.012, 117
Trd, 8639362.312, 90
Trd, 8639362.979, 93
Trd, 8639363.279, 92
Trd, 8639363.412, 86
Trd, 8639363.446, 129
Trd, 8639364.012, 95
Trd, 8639365.046, 135
Trd, 8639365.079, 135
Trd, 8639365.179, 120
Trd, 8639365.379, 95
Trd, 8639366.846, 106
Trd, 8639366.879, 108
Trd, 8639367.246, 104
Trd, 8639367.779, 87
Trd, 8639368.579, 120
Trd, 8639369.179, 97
Trd, 8639369.512, 97
Trd, 8639369.846, 92
Trd, 8639369.879, 116
Trd, 8639370.412, 140
Trd, 8639371.179, 97
Trd, 8639371.479, 79
Trd, 8639371.979, 61
Trd, 8639373.079, 108
Trd, 8639373.112, 116
Trd, 8639373.279, 92
Trd, 8639373.846, 140
Trd, 8639374.246, 135
Trd, 8639374.879, 77
Trd, 8639374.946, 71
Trd, 8639375.546, 61
Trd, 8639375.946, 63
Trd, 8639376.579, 60
Trd, 8639377.146, 85
Trd, 8639377.179, 92
Trd, 8639378.346, 94
Trd, 8639378.412, 85
Trd, 8639378.846, 86
Trd, 8639379.179, 87
Trd, 8639379.312, 82
Trd, 8639379.679, 95
Trd, 8639379.879, 113
Trd, 8639380.512, 120
Trd, 8639380.812, 138
Trd, 8639381.112, 111
Trd, 8639381.212, 98
Trd, 8639381.546, 90
Trd, 8639381.679, 84
Trd, 8639382.546, 140
Trd, 8639383.979, 140
Trd, 8639384.212, 140
Trd, 8639384.679, 140
Trd, 8639385.012, 111
Trd, 8639385.412, 130
Trd, 8639385.746, 124
Trd, 8639385.979, 112
Trd, 8639386.046, 96
Trd, 8639386.212, 124
Trd, 8639386.379, 101
Trd, 8639386.846, 96
Trd, 8639387.579, 137
Trd, 8639387.746, 140
Trd, 8639388.212, 90
Trd, 8639388.479, 104
Trd, 8639388.779, 131
Trd, 8639389.779, 116
Trd, 8639390.246, 114
Trd, 8639390.879, 138
Trd, 8639391.046, 102
Trd, 8639391.912, 111
Trd, 8639392.279, 111
Trd, 8639392.679, 121
Trd, 8639394.412, 62
Trd, 8639394.846, 65
Trd, 8639395.079, 91
Trd, 8639395.446, 70
Trd, 8639395.812, 84
Trd, 8639396.112, 113
Trd, 8639396.379, 136
Trd, 8639396.612, 83
Trd, 8639396.712, 72
Trd, 8639397.646, 104
Trd, 8639398.412, 140
Trd, 8639398.779, 113
Trd, 8639399.346, 137
Trd, 8639399.712, 135
Trd, 8639399.879, 124
Trd, 8639400.279, 111
Trd, 8639400.412, 137
Trd, 8639400.546, 110
Trd, 8639400.612, 109
Trd, 8639400.679, 82
Trd, 8639402.179, 70
Trd, 8639402.446, 74
Trd, 8639402.712, 91
Trd, 8639402.846, 95
Trd, 8639403.679, 93
Trd, 8639403.879, 111
Trd, 8639404.146, 119
Trd, 8639404.846, 140
Trd, 8639404.879, 121
Trd, 8639405.246, 134
Trd, 8639405.779, 108
Trd, 8639406.246, 121
Trd, 8639406.546, 108
Trd, 8639406.712, 89
Trd, 8639406.779, 62
Trd, 8639407.212, 104
Trd, 8639408.012, 107
Trd, 8639409.079, 108
Trd, 8639409.546, 108
Trd, 8639410.346, 132
Trd, 8639410.479, 130
Trd, 8639410.712, 124
Trd, 8639411.212, 121
Trd, 8639411.479, 118
Trd, 8639412.512, 108
Trd, 8639412.679, 98
Trd, 8639413.479, 85
Trd, 8639413.879, 137
Trd, 8639413.946, 81
Trd, 8639414.479, 124
Trd, 8639414.979, 74
Trd, 8639415.212, 74
Trd, 8639415.279, 80
Trd, 8639416.312, 140
Trd, 8639416.679, 132
Trd, 8639416.846, 126
Trd, 8639416.912, 112
Trd, 8639417.212, 108
Trd, 8639418.812, 64
Trd, 8639418.846, 96
Trd, 8639419.412, 75
Trd, 8639419.779, 120
Trd, 8639419.912, 116
Trd, 8639420.046, 103
Trd, 8639420.312, 112
Trd, 8639420.646, 104
Trd, 8639420.746, 101
Trd, 8639421.146, 114
Trd, 8639421.812, 102
Trd, 8639422.746, 105
Trd, 8639422.812, 105
Trd, 8639423.479, 137
Trd, 8639424.212, 140
Trd, 8639424.279, 139
Trd, 8639424.479, 110
Trd, 8639425.012, 131
Trd, 8639425.546, 115
Trd, 8639426.112, 112
Trd, 8639426.179, 114
Trd, 8639426.546, 107
Trd, 8639426.746, 99
Trd, 8639427.146, 128
Trd, 8639427.412, 94
Trd, 8639427.746, 101
Trd, 8639428.146, 93
Trd, 8639428.479, 79
Trd, 8639428.746, 129
Trd, 8639428.812, 102
Trd, 8639429.679, 67
Trd, 8639430.512, 73
Trd, 8639430.979, 111
Trd, 8639431.112, 82
Trd, 8639431.146, 63
Trd, 8639431.512, 71
Trd, 8639431.979, 96
Trd, 8639432.512, 76
Trd, 8639432.879, 113
Trd, 8639432.912, 118
Trd, 8639433.312, 66
Trd, 8639433.679, 78
Trd, 8639434.579, 129
Trd, 8639434.779, 108
Trd, 8639434.846, 89
Trd, 8639435.979, 111
Trd, 8639436.012, 110
Trd, 8639436.412, 104
Trd, 8639436.446, 113
Trd, 8639436.812, 104
Trd, 8639437.412, 101
Trd, 8639437.579, 118
Trd, 8639437.879, 100
Trd, 8639438.912, 102
Trd, 8639439.246, 102
Trd, 8639439.346, 98
Trd, 8639440.012, 95
Trd, 8639440.512, 76
Trd, 8639440.779, 61
Trd, 8639441.012, 91
Trd, 8639441.612, 100
Trd, 8639441.946, 137
Trd, 8639442.079, 98
Trd, 8639442.912, 97
Trd, 8639443.079, 105
Trd, 8639443.412, 93
Trd, 8639443.579, 90
Trd, 8639443.746, 62
Trd, 8639445.446, 73
Trd, 8639445.779, 65
Trd, 8639446.946, 65
Trd, 8639447.079, 63
Trd, 8639447.446, 102
Trd, 8639447.712, 70
Trd, 8639448.012, 71
Trd, 8639448.146, 92
Trd, 8639448.379, 68
Trd, 8639449.012, 68
Trd, 8639449.679, 72
Trd, 8639449.746, 109
Trd, 8639450.179, 75
Trd, 8639450.579, 106
Trd, 8639450.679, 101
Trd, 8639450.979, 65
Trd, 8639451.479, 125
Trd, 8639451.946, 102
Trd, 8639452.212, 101
Trd, 8639452.346, 100
Trd, 8639452.579, 76
Trd, 8639452.679, 127
Trd, 8639452.846, 77
Trd, 8639453.012, 131
Trd, 8639453.179, 84
Trd, 8639453.779, 80
Trd, 8639454.046, 86
Trd, 8639455.546, 82
Trd, 8639456.212, 125
Trd, 8639456.446, 124
Trd, 8639456.479, 124
Trd, 8639456.646, 76
Trd, 8639456.812, 76
Trd, 8639457.246, 71
Trd, 8639458.812, 140
Trd, 8639458.912, 135
Trd, 8639459.512, 131
Trd, 8639459.779, 133
Trd, 8639460.012, 127
Trd, 8639460.346, 119
Trd, 8639461.412, 140
Trd, 8639461.512, 111
Trd, 8639461.646, 116
Trd, 8639461.912, 91
Trd, 8639462.579, 73
Trd, 8639463.146, 65
Trd, 8639463.279, 107
Trd, 8639463.946, 116
Trd, 8639464.579, 107
Trd, 8639465.012, 95
Trd, 8639465.512, 105
Trd, 8639465.846, 140
Trd, 8639465.946, 84
Trd, 8639466.612, 140
Trd, 8639467.446, 140
Trd, 8639467.612, 110
Trd, 8639467.646, 108
Trd, 8639468.912, 98
Trd, 8639469.312, 118
Trd, 8639469.412, 95
Trd, 8639469.646, 133
Trd, 8639470.612, 140
Trd, 8639470.712, 140
Trd, 8639471.146, 140
Trd, 8639471.179, 122
Trd, 8639471.312, 112
Trd, 8639471.712, 133
Trd, 8639472.012, 107
Trd, 8639472.379, 61
Trd, 8639474.279, 67
Trd, 8639474.779, 60
Trd, 8639474.946, 74
Trd, 8639475.479, 86
Trd, 8639475.512, 88
Trd, 8639475.546, 124
Trd, 8639476.712, 70
Trd, 8639477.812, 126
Trd, 8639478.012, 125
Trd, 8639478.879, 135
Trd, 8639479.079, 135
Trd, 8639479.279, 134
Trd, 8639479.546, 122
Trd, 8639479.612, 130
Trd, 8639479.846, 126
Trd, 8639479.879, 112
Trd, 8639480.612, 101
Trd, 8639481.246, 108
Trd, 8639481.912, 61
Trd, 8639482.479, 77
Trd, 8639482.846, 96
Trd, 8639483.646, 140
Trd, 8639483.746, 139
Trd, 8639484.946, 76
Trd, 8639485.112, 76
Trd, 8639485.412, 97
Trd, 8639485.879, 101
Trd, 8639486.112, 100
Trd, 8639486.212, 115
Trd, 8639486.412, 90
Trd, 8639487.279, 109
Trd, 8639487.479, 135
Trd, 8639488.346, 110
Trd, 8639488.779, 126
Trd, 8639489.112, 140
Trd, 8639489.579, 139
Trd, 8639490.379, 101
Trd, 8639491.012, 101
Trd, 8639491.146, 91
Trd, 8639491.212, 129
Trd, 8639491.979, 108
Trd, 8639492.212, 117
Trd, 8639492.412, 114
Trd, 8639492.679, 108
Trd, 8639493.312, 83
Trd, 8639493.612, 67
Trd, 8639493.712, 139
Trd, 8639494.379, 140
Trd, 8639494.646, 137
Trd, 8639495.179, 136
Trd, 8639495.479, 116
Trd, 8639495.746, 116
Trd, 8639496.979, 138
Trd, 8639497.046, 123
Trd, 8639497.479, 120
Trd, 8639497.912, 120
Trd, 8639498.279, 101
Trd, 8639498.679, 124
Trd, 8639499.579, 140
Trd, 8639500.746, 121
Trd, 8639500.946, 139
Trd, 8639501.012, 120
Trd, 8639501.279, 106
Trd, 8639501.312, 102
Trd, 8639501.612, 134
Trd, 8639501.746, 137
Trd, 8639502.446, 100
Trd, 8639502.912, 98
Trd, 8639503.312, 106
Trd, 8639503.412, 126
Trd, 8639504.379, 101
Trd, 8639504.912, 89
Trd, 8639505.146, 76
Trd, 8639506.012, 117
Trd, 8639506.979, 75
Trd, 8639507.179, 99
Trd, 8639507.346, 136
Trd, 8639507.446, 79
Trd, 8639507.612, 138
Trd, 8639507.912, 84
Trd, 8639508.446, 110
Trd, 8639508.612, 140
Trd, 8639508.779, 120
Trd, 8639509.346, 120
Trd, 8639509.846, 117
Trd, 8639510.212, 78
Trd, 8639510.712, 83
Trd, 8639510.979, 76
Trd, 8639511.346, 140
Trd, 8639511.612, 129
Trd, 8639512.679, 72
Trd, 8639513.212, 62
Trd, 8639513.779, 63
Trd, 8639513.979, 65
Trd, 8639514.112, 96
Trd, 8639514.679, 116
Trd, 8639514.779, 96
Trd, 8639515.612, 98
Trd, 8639515.712, 96
Trd, 8639515.879, 85
Trd, 8639516.746, 86
Trd, 8639517.279, 103
Trd, 8639517.679, 95
Trd, 8639517.946, 137
Trd, 8639517.979, 101
Trd, 8639518.179, 138
Trd, 8639518.979, 97
Trd, 8639519.346, 138
Trd, 8639519.512, 113
Trd, 8639519.779, 91
Trd, 8639519.812, 91
Trd, 8639520.312, 83
Trd, 8639521.112, 140
Trd, 8639521.746, 82
Trd, 8639522.012, 78
Trd, 8639522.112, 78
Trd, 8639522.912, 118
Trd, 8639523.046, 91
Trd, 8639523.546, 78
Trd, 8639524.212, 89
Trd, 8639524.279, 99
Trd, 8639524.546, 77
Trd, 8639524.879, 107
Trd, 8639525.746, 140
Trd, 8639525.812, 87
Trd, 8639525.879, 78
Trd, 8639526.312, 69
Trd, 8639527.112, 63
Trd, 8639527.879, 131
Trd, 8639527.946, 130
Trd, 8639528.146, 119
Trd, 8639528.812, 119
Trd, 8639528.912, 95
Trd, 8639529.012, 94
Trd, 8639529.312, 116
Trd, 8639529.579, 109
Trd, 8639529.912, 77
Trd, 8639530.246, 140
Trd, 8639531.046, 93
Trd, 8639531.646, 81
Trd, 8639532.646, 96
Trd, 8639532.846, 63
Trd, 8639533.979, 73
Trd, 8639534.646, 67
Trd, 8639534.879, 69
Trd, 8639535.312, 70
Trd, 8639535.346, 75
Trd, 8639535.379, 88
Trd, 8639535.646, 84
Trd, 8639536.146, 65
Trd, 8639536.846, 86
Trd, 8639537.212, 88
Trd, 8639537.546, 86
Trd, 8639538.946, 137
Trd, 8639539.512, 127
Trd, 8639539.646, 112
Trd, 8639539.946, 104
Trd, 8639540.179, 130
Trd, 8639540.479, 135
Trd, 8639541.079, 95
Trd, 8639541.212, 119
Trd, 8639541.246, 120
Trd, 8639541.579, 97
Trd, 8639541.979, 92
Trd, 8639542.646, 110
Trd, 8639542.912, 117
Trd, 8639543.212, 87
Trd, 8639543.379, 83
Trd, 8639543.812, 73
Trd, 8639544.279, 68
Trd, 8639545.446, 90
Trd, 8639545.912, 84
Trd, 8639546.212, 75
Trd, 8639546.646, 95
Trd, 8639546.679, 88
Trd, 8639547.112, 99
Trd, 8639547.646, 84
Trd, 8639548.079, 140
Trd, 8639549.346, 140
Trd, 8639549.379, 126
Trd, 8639549.546, 111
Trd, 8639550.079, 100
Trd, 8639551.512, 131
Trd, 8639552.112, 130
Trd, 8639552.146, 129
Trd, 8639552.379, 104
Trd, 8639552.612, 140
Trd, 8639552.679, 139
Trd, 8639553.946, 112
Trd, 8639554.046, 111
Trd, 8639554.179, 120
Trd, 8639554.546, 111
Trd, 8639554.879, 117
Trd, 8639555.179, 88
Trd, 8639555.346, 113
Trd, 8639556.479, 127
Trd, 8639557.512, 78
Trd, 8639557.812, 79
Trd, 8639557.879, 78
Trd, 8639558.446, 102
Trd, 8639558.746, 80
Trd, 8639558.879, 96
Trd, 8639559.646, 120
Trd, 8639559.712, 90
Trd, 8639560.612, 85
Trd, 8639560.812, 79
Trd, 8639561.612, 116
Trd, 8639561.646, 130
Trd, 8639561.679, 115
Trd, 8639562.646, 134
Trd, 8639563.179, 102
Trd, 8639563.546, 108
Trd, 8639563.579, 106
Trd, 8639564.212, 139
Trd, 8639564.246, 138
Trd, 8639564.546, 137
Trd, 8639564.579, 113
Trd, 8639564.646, 132
Trd, 8639564.946, 125
Trd, 8639566.079, 92
Trd, 8639566.946, 103
Trd, 8639567.546, 111
Trd, 8639567.879, 128
Trd, 8639568.846, 122
Trd, 8639568.946, 122
Trd, 8639569.046, 140
Trd, 8639569.112, 121
Trd, 8639569.479, 131
Trd, 8639569.712, 131
Trd, 8639569.912, 96
Trd, 8639570.446, 68
Trd, 8639570.879, 66
Trd, 8639571.646, 140
Trd, 8639572.446, 98
Trd, 8639572.579, 104
Trd, 8639572.912, 74
Trd, 8639573.012, 70
Trd, 8639573.879, 109
Trd, 8639574.612, 112
Trd, 8639574.646, 110
Trd, 8639574.812, 65
Trd, 8639575.346, 66
Trd, 8639575.846, 61
Trd, 8639576.179, 75
Trd, 8639576.346, 67
Trd, 8639576.779, 87
Trd, 8639577.212, 100
Trd, 8639577.679, 115
Trd, 8639577.779, 87
Trd, 8639577.946, 86
Trd, 8639578.046, 78
Trd, 8639579.946, 71
Trd, 8639580.112, 63
Trd, 8639580.279, 110
Trd, 8639581.546, 72
Trd, 8639581.679, 80
Trd, 8639582.312, 89
Trd, 8639582.412, 107
Trd, 8639583.146, 128
Trd, 8639583.479, 75
Trd, 8639583.512, 73
Trd, 8639584.379, 80
Trd, 8639584.479, 81
Trd, 8639584.646, 70
Trd, 8639585.579, 134
Trd, 8639586.179, 71
Trd, 8639586.279, 70
Trd, 8639586.646, 118
Trd, 8639586.846, 65
Trd, 8639587.612, 73
Trd, 8639588.279, 95
Trd, 8639588.712, 83
Trd, 8639589.479, 100
Trd, 8639589.846, 94
Trd, 8639590.012, 76
Trd, 8639590.779, 104
Trd, 8639591.412, 140
Trd, 8639591.612, 139
Trd, 8639592.079, 139
Trd, 8639592.279, 122
Trd, 8639593.079, 140
Trd, 8639593.246, 140
Trd, 8639593.512, 139
Trd, 8639593.912, 129
Trd, 8639594.112, 123
Trd, 8639594.246, 112
Trd, 8639594.646, 108
Trd, 8639594.979, 107
Trd, 8639595.146, 140
Trd, 8639596.046, 116
Trd, 8639596.512, 91
Trd, 8639597.312, 60
Trd, 8639597.346, 107
Trd, 8639598.212, 79
Trd, 8639598.412, 96
Trd, 8639598.546, 69
Trd, 8639599.479, 67
Trd, 8639599.712, 74
Trd, 8639599.879, 84
Trd, 8639600.346, 133
Trd, 8639601.279, 123
Trd, 8639601.512, 122
Trd, 8639602.079, 128
Trd, 8639602.112, 123
Trd, 8639602.746, 129
Trd, 8639602.812, 122
Trd, 8639603.712, 104
Trd, 8639604.112, 122
Trd, 8639604.346, 115
Trd, 8639604.679, 103
Trd, 8639605.412, 71
Trd, 8639606.346, 71
Trd, 8639606.379, 81
Trd, 8639607.112, 93
Trd, 8639607.446, 96
Trd, 8639608.146, 117
Trd, 8639608.212, 117
Trd, 8639609.212, 137
Trd, 8639609.679, 136
Trd, 8639609.946, 140
Trd, 8639610.046, 121
Trd, 8639610.779, 126
Trd, 8639611.179, 134
Trd, 8639611.579, 119
Trd, 8639611.646, 118
Trd, 8639612.679, 124
Trd, 8639612.746, 115
Trd, 8639612.879, 115
Trd, 8639613.246, 140
Trd, 8639614.046, 99
Trd, 8639614.179, 94
Trd, 8639614.446, 79
Trd, 8639615.612, 111
Trd, 8639615.746, 98
Trd, 8639615.879, 98
Trd, 8639616.579, 139
Trd, 8639616.679, 124
Trd, 8639617.779, 140
Trd, 8639617.912, 140
Trd, 8639618.446, 139
Trd, 8639619.246, 122
Trd, 8639619.479, 135
Trd, 8639619.579, 123
Trd, 8639619.812, 106
Trd, 8639620.179, 101
Trd, 8639620.212, 97
Trd, 8639621.279, 97
Trd, 8639621.379, 96
Trd, 8639622.146, 77
Trd, 8639622.446, 73
Trd, 8639622.846, 67
Trd, 8639623.012, 96
Trd, 8639624.512, 108
Trd, 8639624.546, 106
Trd, 8639625.146, 116
Trd, 8639625.179, 101
Trd, 8639626.346, 129
Trd, 8639627.379, 140
Trd, 8639627.479, 138
Trd, 8639627.579, 129
Trd, 8639627.746, 129
Trd, 8639628.212, 128
Trd, 8639629.212, 124
Trd, 8639629.512, 111
Trd, 8639629.712, 130
Trd, 8639630.079, 93
Trd, 8639631.012, 125
Trd, 8639631.379, 126
Trd, 8639631.479, 123
Trd, 8639631.546, 102
Trd, 8639631.979, 114
Trd, 8639632.312, 102
Trd, 8639632.612, 99
Trd, 8639633.012, 99
Trd, 8639633.179, 98
Trd, 8639633.679, 84
Trd, 8639633.979, 93
Trd, 8639634.779, 100
Trd, 8639635.546, 140
Trd, 8639635.779, 139
Trd, 8639635.879, 106
Trd, 8639636.279, 118
Trd, 8639636.712, 100
Trd, 8639637.446, 134
Trd, 8639637.679, 99
Trd, 8639637.712, 113
Trd, 8639638.046, 99
Trd, 8639638.512, 99
Trd, 8639638.746, 89
Trd, 8639639.612, 79
Trd, 8639640.212, 102
Trd, 8639640.412, 83
Trd, 8639640.979, 123
Trd, 8639641.012, 96
Trd, 8639641.446, 88
Trd, 8639641.879, 122
Trd, 8639643.012, 124
Trd, 8639643.712, 140
Trd, 8639644.412, 140
Trd, 8639644.446, 131
Trd, 8639644.479, 123
Trd, 8639644.712, 138
Trd, 8639644.779, 123
Trd, 8639645.079, 107
Trd, 8639646.046, 94
Trd, 8639646.379, 131
Trd, 8639646.579, 71
Trd, 8639647.246, 84
Trd, 8639647.479, 71
Trd, 8639647.812, 78
Trd, 8639648.312, 84
Trd, 8639648.879, 95
Trd, 8639648.979, 109
Trd, 8639649.679, 94
Trd, 8639650.246, 88
Trd, 8639650.579, 76
Trd, 8639650.879, 122
Trd, 8639651.546, 66
Trd, 8639651.612, 87
Trd, 8639652.612, 96
Trd, 8639652.646, 111
Trd, 8639653.546, 78
Trd, 8639654.312, 75
Trd, 8639654.679, 92
Trd, 8639655.079, 99
Trd, 8639655.112, 134
Trd, 8639655.412, 101
Trd, 8639655.746, 109
Trd, 8639656.046, 98
Trd, 8639656.346, 90
Trd, 8639656.979, 91
Trd, 8639657.012, 73
Trd, 8639657.446, 139
Trd, 8639658.946, 111
Trd, 8639659.612, 139
Trd, 8639659.912, 137
Trd, 8639660.179, 136
Trd, 8639660.379, 112
Trd, 8639660.612, 100
Trd, 8639660.712, 125
Trd, 8639660.779, 87
Trd, 8639660.846, 77
Trd, 8639661.246, 121
Trd, 8639662.246, 87
Trd, 8639662.412, 85
Trd, 8639662.879, 87
Trd, 8639663.779, 83
Trd, 8639664.079, 111
Trd, 8639664.246, 88
Trd, 8639664.646, 98
Trd, 8639664.946, 103
Trd, 8639665.679, 106
Trd, 8639666.012, 102
Trd, 8639666.446, 139
Trd, 8639667.046, 106
Trd, 8639667.346, 101
Trd, 8639667.812, 128
Trd, 8639668.312, 101
Trd, 8639668.912, 103
Trd, 8639669.046, 94
Trd, 8639669.579, 99
Trd, 8639669.912, 106
Trd, 8639669.946, 111
Trd, 8639669.979, 102
Trd, 8639670.512, 139
Trd, 8639670.846, 116
Trd, 8639671.246, 89
Trd, 8639671.812, 97
Trd, 8639671.846, 75
Trd, 8639672.479, 61
Trd, 8639673.112, 108
Trd, 8639675.312, 62
Trd, 8639675.579, 76
Trd, 8639676.279, 65
Trd, 8639676.346, 76
Trd, 8639676.479, 70
Trd, 8639676.846, 66
Trd, 8639676.879, 65
Trd, 8639677.246, 68
Trd, 8639678.012, 139
Trd, 8639678.346, 93
Trd, 8639678.812, 61
Trd, 8639679.212, 61
Trd, 8639679.546, 69
Trd, 8639680.779, 93
Trd, 8639681.412, 67
Trd, 8639681.879, 62
Trd, 8639682.246, 76
Trd, 8639682.912, 77
Trd, 8639683.012, 71
Trd, 8639683.079, 107
Trd, 8639683.379, 86
Trd, 8639683.446, 122
Trd, 8639683.912, 89
Trd, 8639683.979, 71
Trd, 8639684.512, 68
Trd, 8639685.412, 66
Trd, 8639685.746, 84
Trd, 8639686.712, 60
Trd, 8639687.012, 64
Trd, 8639687.379, 131
Trd, 8639688.246, 140
Trd, 8639688.612, 140
Trd, 8639689.212, 140
Trd, 8639689.279, 139
Trd, 8639689.779, 133
Trd, 8639689.879, 121
Trd, 8639690.112, 138
Trd, 8639690.846, 102
Trd, 8639690.879, 73
Trd, 8639691.312, 60
Trd, 8639691.712, 64
Trd, 8639692.046, 69
Trd, 8639692.479, 91
Trd, 8639692.612, 62
Trd, 8639693.012, 69
Trd, 8639693.646, 62
Trd, 8639693.912, 81
Trd, 8639694.046, 96
Trd, 8639694.746, 127
Trd, 8639696.012, 65
Trd, 8639696.212, 61
Trd, 8639696.279, 70
Trd, 8639697.046, 60
Trd, 8639697.646, 76
Trd, 8639698.146, 61
Trd, 8639698.912, 78
Trd, 8639699.579, 94
Trd, 8639699.846, 102
Trd, 8639700.479, 74
Trd, 8639700.712, 88
Trd, 8639700.779, 118
Trd, 8639701.012, 85
Trd, 8639702.012, 87
Trd, 8639702.379, 113
Trd, 8639703.046, 117
Trd, 8639703.512, 68
Trd, 8639703.579, 70
Trd, 8639703.912, 126
Trd, 8639704.479, 134
Trd, 8639705.112, 107
Trd, 8639705.246, 81
Trd, 8639705.679, 127
Trd, 8639706.346, 110
Trd, 8639706.779, 104
Trd, 8639707.079, 103
Trd, 8639707.379, 138
Trd, 8639707.612, 138
Trd, 8639709.146, 71
Trd, 8639709.512, 82
Trd, 8639710.312, 72
Trd, 8639710.679, 74
Trd, 8639710.812, 84
Trd, 8639711.012, 86
Trd, 8639711.212, 69
Trd, 8639711.279, 61
Trd, 8639712.179, 60
Trd, 8639713.812, 84
Trd, 8639714.646, 91
Trd, 8639714.712, 90
Trd, 8639715.146, 97
Trd, 8639715.479, 110
Trd, 8639715.712, 95
Trd, 8639715.779, 94
Trd, 8639716.346, 91
Trd, 8639716.546, 70
Trd, 8639716.746, 100
Trd, 8639717.412, 117
Trd, 8639718.079, 69
Trd, 8639718.112, 87
Trd, 8639718.446, 73
Trd, 8639719.012, 66
Trd, 8639719.412, 61
Trd, 8639720.046, 62
Trd, 8639720.579, 62
Trd, 8639721.179, 118
Trd, 8639721.379, 77
Trd, 8639721.812, 76
Trd, 8639722.879, 66
Trd, 8639724.079, 64
Trd, 8639724.379, 67
Trd, 8639724.612, 78
Trd, 8639724.812, 85
Trd, 8639725.112, 139
Trd, 8639725.679, 102
Trd, 8639725.712, 105
Trd, 8639726.046, 91
Trd, 8639726.512, 90
Trd, 8639726.846, 123
Trd, 8639727.379, 102
Trd, 8639727.679, 100
Trd, 8639727.746, 99
Trd, 8639727.912, 84
Trd, 8639728.712, 106
Trd, 8639729.512, 80
Trd, 8639730.046, 82
Trd, 8639730.146, 82
Trd, 8639730.812, 139
Trd, 8639730.879, 138
Trd, 8639731.846, 129
Trd, 8639732.012, 121
Trd, 8639732.212, 115
Trd, 8639733.579, 126
Trd, 8639733.746, 137
Trd, 8639733.979, 126
Trd, 8639734.512, 126
Trd, 8639734.879, 109
Trd, 8639735.012, 136
Trd, 8639735.179, 119
Trd, 8639735.779, 108
Trd, 8639735.879, 107
Trd, 8639736.646, 122
Trd, 8639736.679, 118
Trd, 8639736.812, 100
Trd, 8639737.846, 88
Trd, 8639737.979, 98
Trd, 8639738.246, 88
Trd, 8639738.879, 124
Trd, 8639739.146, 120
Trd, 8639739.846, 122
Trd, 8639740.112, 120
Trd, 8639740.279, 138
Trd, 8639740.346, 119
Trd, 8639740.412, 86
Trd, 8639741.512, 139
Trd, 8639741.646, 129
Trd, 8639741.846, 100
Trd, 8639742.279, 120
Trd, 8639742.546, 127
Trd, 8639743.546, 126
Trd, 8639744.246, 120
Trd, 8639744.446, 118
Trd, 8639744.679, 72
Trd, 8639745.246, 84
Trd, 8639745.346, 80
Trd, 8639745.512, 74
Trd, 8639746.979, 99
Trd, 8639747.146, 99
Trd, 8639747.646, 105
Trd, 8639748.112, 75
Trd, 8639748.412, 139
Trd, 8639749.112, 78
Trd, 8639749.312, 76
Trd, 8639749.512, 107
Trd, 8639750.879, 125
Trd, 8639751.079, 119
Trd, 8639751.446, 139
Trd, 8639751.779, 115
Trd, 8639752.512, 87
Trd, 8639752.979, 127
Trd, 8639753.712, 105
Trd, 8639753.779, 93
Trd, 8639754.246, 89
Trd, 8639755.579, 140
Trd, 8639755.812, 140
Trd, 8639755.846, 140
Trd, 8639755.912, 139
Trd, 8639756.046, 114
Trd, 8639756.079, 96
Trd, 8639756.112, 91
Trd, 8639757.412, 138
Trd, 8639757.879, 114
Trd, 8639758.279, 140
Trd, 8639758.679, 140
Trd, 8639759.612, 139
Trd, 8639760.079, 139
Trd, 8639760.346, 134
Trd, 8639760.679, 133
Trd, 8639761.079, 111
Trd, 8639761.112, 105
Trd, 8639761.146, 94
Trd, 8639761.279, 86
Trd, 8639761.312, 85
Trd, 8639761.612, 72
Trd, 8639761.746, 89
Trd, 8639762.012, 138
Trd, 8639762.046, 137
Trd, 8639762.679, 137
Trd, 8639762.812, 119
Trd, 8639763.846, 66
Trd, 8639764.612, 73
Trd, 8639765.512, 62
Trd, 8639766.346, 87
Trd, 8639766.579, 120
Trd, 8639766.746, 83
Trd, 8639766.812, 101
Trd, 8639766.846, 66
Trd, 8639767.812, 63
Trd, 8639768.346, 64
Trd, 8639769.346, 60
Trd, 8639769.812, 66
Trd, 8639769.879, 94
Trd, 8639769.979, 81
Trd, 8639770.179, 62
Trd, 8639770.646, 87
Trd, 8639771.046, 84
Trd, 8639771.412, 69
Trd, 8639771.846, 98
Trd, 8639772.346, 94
Trd, 8639773.179, 70
Trd, 8639773.479, 81
Trd, 8639773.579, 91
Trd, 8639774.479, 65
Trd, 8639774.679, 76
Trd, 8639774.879, 68
Trd, 8639775.279, 102
Trd, 8639775.846, 102
Trd, 8639776.146, 107
Trd, 8639777.146, 107
Trd, 8639777.446, 115
Trd, 8639777.512, 112
Trd, 8639777.746, 107
Trd, 8639778.046, 106
Trd, 8639778.512, 77
Trd, 8639778.979, 78
Trd, 8639779.879, 140
Trd, 8639779.979, 139
Trd, 8639780.546, 109
Trd, 8639781.012, 124
Trd, 8639781.112, 109
Trd, 8639781.346, 97
Trd, 8639781.512, 80
Trd, 8639782.646, 75
Trd, 8639782.712, 74
Trd, 8639782.979, 81
Trd, 8639783.646, 87
Trd, 8639784.212, 86
Trd, 8639784.446, 94
Trd, 8639785.212, 140
Trd, 8639785.279, 139
Trd, 8639785.812, 110
Trd, 8639786.312, 100
Trd, 8639786.812, 139
Trd, 8639787.012, 90
Trd, 8639787.479, 109
Trd, 8639787.512, 70
Trd, 8639788.379, 70
Trd, 8639788.546, 77
Trd, 8639789.146, 62
Trd, 8639789.579, 85
Trd, 8639789.612, 98
Trd, 8639790.479, 75
Trd, 8639790.646, 71
Trd, 8639790.812, 92
Trd, 8639790.846, 87
Trd, 8639791.612, 86
Trd, 8639791.779, 93
Trd, 8639792.679, 97
Trd, 8639793.579, 101
Trd, 8639793.812, 106
Trd, 8639794.412, 120
Trd, 8639794.812, 91
Trd, 8639795.512, 102
Trd, 8639796.079, 127
Trd, 8639796.212, 127
Trd, 8639796.779, 100
Trd, 8639796.879, 99
Trd, 8639797.379, 106
Trd, 8639797.546, 93
Trd, 8639797.579, 130
Trd, 8639798.046, 135
Trd, 8639798.479, 91
Trd, 8639799.212, 80
Trd, 8639799.746, 71
Trd, 8639800.212, 60
Trd, 8639800.246, 62
Trd, 8639800.612, 61
Trd, 8639801.312, 66
Trd, 8639801.846, 64
Trd, 8639802.812, 100
Trd, 8639803.112, 100
Trd, 8639803.446, 82
Trd, 8639803.812, 84
Trd, 8639804.846, 103
Trd, 8639805.546, 131
Trd, 8639806.046, 94
Trd, 8639806.546, 85
Trd, 8639806.579, 85
Trd, 8639807.046, 99
Trd, 8639807.479, 125
Trd, 8639807.679, 127
Trd, 8639807.846, 117
Trd, 8639808.112, 116
Trd, 8639808.212, 107
Trd, 8639808.479, 99
Trd, 8639808.646, 95
Trd, 8639808.712, 80
Trd, 8639809.846, 139
Trd, 8639809.879, 118
Trd, 8639809.946, 108
Trd, 8639810.379, 113
Trd, 8639811.212, 104
Trd, 8639811.679, 137
Trd, 8639812.546, 126
Trd, 8639813.079, 125
Trd, 8639813.379, 110
Trd, 8639813.546, 109
Trd, 8639813.912, 112
Trd, 8639814.012, 102
Trd, 8639814.646, 128
Trd, 8639814.846, 77
Trd, 8639815.912, 140
Trd, 8639816.546, 78
Trd, 8639816.646, 78
Trd, 8639817.146, 65
Trd, 8639817.579, 127
Trd, 8639817.779, 130
Trd, 8639818.212, 139
Trd, 8639818.312, 122
Trd, 8639819.746, 102
Trd, 8639820.279, 95
Trd, 8639820.412, 85
Trd, 8639820.479, 100
Trd, 8639820.846, 128
Trd, 8639820.979, 80
Trd, 8639822.179, 127
Trd, 8639822.346, 126
Trd, 8639823.212, 96
Trd, 8639823.679, 97
Trd, 8639823.746, 89
Trd, 8639824.112, 96
Trd, 8639824.579, 86
Trd, 8639824.946, 74
Trd, 8639825.012, 70
Trd, 8639825.712, 139
Trd, 8639826.012, 122
Trd, 8639827.046, 105
Trd, 8639827.379, 80
Trd, 8639828.646, 121
Trd, 8639828.679, 116
Trd, 8639829.979, 108
Trd, 8639830.679, 133
Trd, 8639831.479, 116
Trd, 8639831.679, 106
Trd, 8639831.746, 104
Trd, 8639831.812, 97
Trd, 8639832.046, 88
Trd, 8639832.879, 74
Trd, 8639832.979, 140
Trd, 8639833.546, 130
Trd, 8639833.746, 116
Trd, 8639835.312, 139
Trd, 8639835.379, 137
Trd, 8639835.746, 123
Trd, 8639836.379, 70
Trd, 8639836.879, 81
Trd, 8639837.479, 78
Trd, 8639838.146, 96
Trd, 8639839.179, 109
Trd, 8639839.246, 109
Trd, 8639839.412, 80
Trd, 8639839.579, 116
Trd, 8639839.746, 105
Trd, 8639840.046, 94
Trd, 8639840.546, 77
Trd, 8639840.912, 90
Trd, 8639840.979, 77
Trd, 8639841.412, 101
Trd, 8639841.712, 107
Trd, 8639842.046, 99
Trd, 8639842.212, 84
Trd, 8639842.479, 69
Trd, 8639842.646, 88
Trd, 8639843.179, 101
Trd, 8639843.946, 100
Trd, 8639844.946, 118
Trd, 8639845.046, 105
Trd, 8639845.312, 97
Trd, 8639845.812, 92
Trd, 8639845.979, 91
Trd, 8639846.246, 108
Trd, 8639846.979, 110
Trd, 8639847.046, 82
Trd, 8639847.112, 82
Trd, 8639847.612, 64
Trd, 8639847.812, 85
Trd, 8639848.846, 90
Trd, 8639849.246, 102
Trd, 8639849.512, 128
Trd, 8639850.112, 136
Trd, 8639850.346, 136
Trd, 8639850.946, 130
Trd, 8639851.312, 107
Trd, 8639851.779, 105
Trd, 8639852.246, 105
Trd, 8639852.646, 103
Trd, 8639853.546, 103
Trd, 8639854.079, 89
Trd, 8639854.446, 116
Trd, 8639854.612, 84
Trd, 8639855.246, 83
Trd, 8639855.579, 78
Trd, 8639855.979, 125
Trd, 8639857.046, 139
Trd, 8639857.112, 84
Trd, 8639857.146, 82
Trd, 8639857.912, 89
Trd, 8639858.412, 61
Trd, 8639858.546, 109
Trd, 8639858.679, 110
Trd, 8639859.179, 108
Trd, 8639860.112, 60
Trd, 8639861.212, 70
Trd, 8639861.779, 63
Trd, 8639861.979, 62
Trd, 8639862.246, 87
Trd, 8639862.846, 96
Trd, 8639863.579, 127
Trd, 8639864.279, 110
Trd, 8639864.546, 126
Trd, 8639865.479, 140
Trd, 8639866.212, 140
Trd, 8639866.479, 129
Trd, 8639866.512, 128
Trd, 8639866.546, 127
Trd, 8639866.712, 100
Trd, 8639866.812, 90
Trd, 8639866.979, 87
Trd, 8639867.446, 83
Trd, 8639867.912, 68
Trd, 8639868.679, 117
Trd, 8639868.812, 116
Trd, 8639868.846, 104
Trd, 8639870.279, 121
Trd, 8639870.746, 139
Trd, 8639870.879, 138
Trd, 8639871.079, 138
Trd, 8639871.479, 105
Trd, 8639871.546, 112
Trd, 8639871.812, 116
Trd, 8639872.146, 96
Trd, 8639872.446, 79
Trd, 8639872.746, 71
Trd, 8639873.046, 82
Trd, 8639873.546, 86
Trd, 8639873.946, 81
Trd, 8639874.979, 140
Trd, 8639875.012, 139
Trd, 8639875.079, 100
Trd, 8639875.412, 110
Trd, 8639875.912, 91
Trd, 8639876.712, 132
Trd, 8639876.879, 125
Trd, 8639877.212, 99
Trd, 8639878.046, 70
Trd, 8639878.579, 71
Trd, 8639878.679, 82
Trd, 8639878.779, 129
Trd, 8639878.979, 70
Trd, 8639880.046, 75
Trd, 8639880.212, 119
Trd, 8639880.679, 79
Trd, 8639880.846, 70
Trd, 8639881.379, 80
Trd, 8639882.412, 94
Trd, 8639882.512, 103
Trd, 8639883.512, 71
Trd, 8639883.912, 131
Trd, 8639884.246, 140
Trd, 8639884.812, 140
Trd, 8639885.379, 140
Trd, 8639886.279, 139
Trd, 8639886.646, 134
Trd, 8639886.912, 125
Trd, 8639887.412, 122
Trd, 8639887.446, 134
Trd, 8639887.546, 114
Trd, 8639887.979, 113
Trd, 8639888.412, 134
Trd, 8639889.912, 135
Trd, 8639890.079, 116
Trd, 8639891.379, 103
Trd, 8639891.579, 101
Trd, 8639891.846, 94
Trd, 8639892.046, 116
Trd, 8639892.279, 91
Trd, 8639892.512, 140
Trd, 8639892.546, 113
Trd, 8639893.179, 100
Trd, 8639894.046, 86
Trd, 8639894.746, 96
Trd, 8639895.379, 130
Trd, 8639895.446, 122
Trd, 8639896.346, 107
Trd, 8639896.412, 115
Trd, 8639896.479, 106
Trd, 8639897.512, 111
Trd, 8639897.546, 88
Trd, 8639898.479, 140
Trd, 8639898.512, 138
Trd, 8639898.646, 84
Trd, 8639899.579, 118
Trd, 8639900.279, 119
Trd, 8639900.312, 119
Trd, 8639900.946, 109
Trd, 8639901.112, 95
Trd, 8639901.212, 92
Trd, 8639901.479, 91
Trd, 8639902.312, 85
Trd, 8639902.579, 81
Trd, 8639903.246, 138
Trd, 8639904.279, 140
Trd, 8639904.912, 122
Trd, 8639905.112, 110
Trd, 8639905.446, 72
Trd, 8639906.246, 67
Trd, 8639906.546, 106
Trd, 8639907.946, 95
Trd, 8639908.046, 82
Trd, 8639908.079, 79
Trd, 8639908.179, 121
Trd, 8639908.512, 76
Trd, 8639909.179, 78
Trd, 8639909.646, 78
Trd, 8639909.912, 139
Trd, 8639910.279, 138
Trd, 8639910.346, 120
Trd, 8639910.546, 129
Trd, 8639910.879, 140
Trd, 8639912.046, 107
Trd, 8639912.079, 93
Trd, 8639912.146, 122
Trd, 8639912.479, 82
Trd, 8639913.012, 63
Trd, 8639913.279, 61
Trd, 8639913.379, 90
Trd, 8639914.079, 140
Trd, 8639914.446, 113
Trd, 8639915.179, 85
Trd, 8639915.946, 74
Trd, 8639916.346, 122
Trd, 8639916.379, 72
Trd, 8639916.446, 72
Trd, 8639917.479, 61
Trd, 8639917.512, 88
Trd, 8639918.479, 70
Trd, 8639918.546, 95
Trd, 8639918.812, 75
Trd, 8639918.879, 90
Trd, 8639919.512, 125
Trd, 8639920.112, 68
Trd, 8639920.246, 67
Trd, 8639920.479, 68
Trd, 8639921.246, 118
Trd, 8639921.912, 100
Trd, 8639922.246, 62
Trd, 8639923.046, 65
Trd, 8639923.179, 108
Trd, 8639923.412, 120
Trd, 8639923.712, 140
Trd, 8639923.846, 139
Trd, 8639924.746, 140
Trd, 8639924.946, 139
Trd, 8639925.812, 128
Trd, 8639926.146, 122
Trd, 8639927.479, 123
Trd, 8639927.612, 140
Trd, 8639927.679, 131
Trd, 8639928.046, 124
Trd, 8639928.112, 119
Trd, 8639928.346, 120
Trd, 8639928.646, 107
Trd, 8639929.379, 118
Trd, 8639929.646, 105
Trd, 8639929.812, 104
Trd, 8639929.946, 102
Trd, 8639930.312, 87
Trd, 8639930.379, 87
Trd, 8639931.679, 105
Trd, 8639932.246, 139
Trd, 8639932.312, 121
Trd, 8639932.412, 120
Trd, 8639932.512, 119
Trd, 8639933.412, 116
Trd, 8639933.646, 107
Trd, 8639933.979, 140
Trd, 8639934.146, 105
Trd, 8639934.912, 79
Trd, 8639935.579, 88
Trd, 8639935.846, 79
Trd, 8639936.812, 66
Trd, 8639936.912, 105
Trd, 8639937.079, 106
Trd, 8639937.579, 134
Trd, 8639938.212, 109
Trd, 8639938.512, 120
Trd, 8639938.579, 135
Trd, 8639938.812, 115
Trd, 8639939.212, 112
Trd, 8639939.279, 96
Trd, 8639939.446, 140
Trd, 8639939.679, 111
Trd, 8639940.512, 84
Trd, 8639941.046, 138
Trd, 8639941.512, 103
Trd, 8639942.046, 87
Trd, 8639942.279, 86
Trd, 8639943.046, 85
Trd, 8639943.579, 83
Trd, 8639943.646, 96
Trd, 8639943.979, 97
Trd, 8639944.079, 92
Trd, 8639944.412, 76
Trd, 8639944.812, 92
Trd, 8639945.012, 104
Trd, 8639946.279, 91
Trd, 8639946.746, 74
Trd, 8639946.846, 67
Trd, 8639948.046, 73
Trd, 8639948.912, 83
Trd, 8639948.946, 70
Trd, 8639949.012, 65
Trd, 8639950.312, 74
Trd, 8639950.479, 80
Trd, 8639950.846, 140
Trd, 8639951.612, 81
Trd, 8639951.646, 131
Trd, 8639951.946, 85
Trd, 8639952.146, 84
Trd, 8639952.279, 80
Trd, 8639952.912, 74
Trd, 8639953.246, 65
Trd, 8639954.446, 138
Trd, 8639954.546, 121
Trd, 8639954.712, 120
Trd, 8639954.946, 102
Trd, 8639955.079, 119
Trd, 8639956.412, 139
Trd, 8639957.212, 140
Trd, 8639957.479, 121
Trd, 8639957.712, 120
Trd, 8639957.979, 120
Trd, 8639958.012, 116
Trd, 8639958.279, 113
Trd, 8639959.479, 127
Trd, 8639959.646, 125
Trd, 8639959.912, 110
Trd, 8639960.212, 138
Trd, 8639961.112, 125
Trd, 8639961.546, 119
Trd, 8639961.779, 117
Trd, 8639961.912, 92
Trd, 8639962.046, 138
Trd, 8639962.079, 90
Trd, 8639962.779, 130
Trd, 8639963.346, 113
Trd, 8639963.579, 105
Trd, 8639964.412, 133
Trd, 8639964.446, 117
Trd, 8639965.346, 116
Trd, 8639965.379, 90
Trd, 8639965.679, 74
Trd, 8639966.512, 115
Trd, 8639966.779, 121
Trd, 8639966.846, 134
Trd, 8639967.146, 121
Trd, 8639968.012, 120
Trd, 8639968.079, 109
Trd, 8639968.879, 137
Trd, 8639969.146, 115
Trd, 8639969.846, 73
Trd, 8639970.446, 91
Trd, 8639970.646, 91
Trd, 8639971.412, 112
Trd, 8639971.746, 129
Trd, 8639971.812, 96
Trd, 8639972.046, 140
Trd, 8639972.079, 87
Trd, 8639972.746, 139
Trd, 8639972.779, 118
Trd, 8639973.512, 106
Trd, 8639973.612, 72
Trd, 8639974.546, 69
Trd, 8639975.146, 62
Trd, 8639975.346, 60
Trd, 8639975.846, 66
Trd, 8639978.146, 72
Trd, 8639978.579, 88
Trd, 8639978.712, 81
Trd, 8639979.146, 90
Trd, 8639979.312, 76
Trd, 8639979.546, 113
Trd, 8639979.612, 109
Trd, 8639980.379, 133
Trd, 8639980.712, 136
Trd, 8639980.812, 113
Trd, 8639981.646, 126
Trd, 8639981.746, 123
Trd, 8639981.879, 108
Trd, 8639982.346, 140
Trd, 8639982.546, 138
Trd, 8639983.179, 71
Trd, 8639983.279, 64
Trd, 8639983.746, 96
Trd, 8639984.479, 105
Trd, 8639985.279, 77
Trd, 8639985.846, 81
Trd, 8639985.879, 77
Trd, 8639986.079, 122
Trd, 8639986.312, 125
Trd, 8639986.546, 75
Trd, 8639987.679, 73
Trd, 8639987.979, 80
Trd, 8639988.546, 139
Trd, 8639988.812, 130
Trd, 8639989.146, 129
Trd, 8639990.579, 119
Trd, 8639990.646, 120
Trd, 8639991.012, 125
Trd, 8639991.746, 139
Trd, 8639992.212, 120
Trd, 8639992.346, 119
Trd, 8639993.212, 138
Trd, 8639993.512, 110
Trd, 8639993.779, 109
Trd, 8639994.346, 107
Trd, 8639995.446, 140
Trd, 8639995.512, 121
Trd, 8639995.779, 108
Trd, 8639995.812, 97
Trd, 8639996.012, 95
Trd, 8639996.579, 140
Trd, 8639996.812, 139
Trd, 8639998.846, 134
Trd, 8639998.912, 106
Trd, 8639999.412, 110
Trd, 8639999.512, 115
