Trd, 8638726.012, 136
Trd, 8638726.646, 115
Trd, 8638726.879, 98
Trd, 8638727.079, 131
Trd, 8638727.346, 94
Trd, 8638727.979, 93
Trd, 8638728.512, 118
Trd, 8638729.246, 74
Trd, 8638730.879, 140
Trd, 8638730.912, 139
Trd, 8638731.112, 137
Trd, 8638731.379, 133
Trd, 8638732.246, 130
Trd, 8638732.512, 133
Trd, 8638732.612, 126
Trd, 8638733.146, 118
Trd, 8638733.746, 110
Trd, 8638734.479, 128
Trd, 8638734.746, 111
Trd, 8638734.912, 89
Trd, 8638735.712, 122
Trd, 8638736.312, 96
Trd, 8638737.846, 136
Trd, 8638738.179, 125
Trd, 8638738.279, 123
Trd, 8638738.412, 101
Trd, 8638738.446, 85
Trd, 8638739.146, 100
Trd, 8638740.046, 100
Trd, 8638740.346, 105
Trd, 8638740.546, 83
Trd, 8638741.112, 64
Trd, 8638741.346, 65
Trd, 8638742.279, 121
Trd, 8638742.812, 116
Trd, 8638743.912, 131
Trd, 8638744.212, 112
Trd, 8638744.912, 107
Trd, 8638745.446, 138
Trd, 8638745.846, 136
Trd, 8638746.079, 125
Trd, 8638746.312, 115
Trd, 8638747.246, 140
Trd, 8638747.379, 118
Trd, 8638747.412, 109
Trd, 8638748.179, 85
Trd, 8638749.379, 122
Trd, 8638749.579, 102
Trd, 8638750.312, 119
Trd, 8638750.712, 102
Trd, 8638750.812, 102
Trd, 8638752.112, 117
Trd, 8638752.679, 136
Trd, 8638752.879, 130
Trd, 8638753.012, 126
Trd, 8638753.412, 129
Trd, 8638753.446, 107
Trd, 8638754.212, 136
Trd, 8638755.012, 133
Trd, 8638755.512, 127
Trd, 8638757.079, 127
Trd, 8638757.179, 124
Trd, 8638758.012, 125
Trd, 8638758.279, 123
Trd, 8638758.446, 138
Trd, 8638758.679, 105
Trd, 8638759.612, 96
Trd, 8638760.612, 124
Trd, 8638761.212, 122
Trd, 8638761.746, 133
Trd, 8638761.979, 107
Trd, 8638762.346, 110
Trd, 8638762.746, 119
Trd, 8638763.146, 102
Trd, 8638763.346, 121
Trd, 8638763.846, 117
Trd, 8638765.012, 127
Trd, 8638765.279, 122
Trd, 8638765.746, 107
Trd, 8638766.146, 90
Trd, 8638767.012, 99
Trd, 8638767.446, 98
Trd, 8638768.279, 108
Trd, 8638768.479, 124
Trd, 8638770.146, 124
Trd, 8638770.212, 99
Trd, 8638770.479, 98
Trd, 8638770.746, 105
Trd, 8638770.779, 79
Trd, 8638771.079, 87
Trd, 8638772.279, 105
Trd, 8638772.346, 131
Trd, 8638772.712, 102
Trd, 8638773.746, 102
Trd, 8638774.146, 86
Trd, 8638774.912, 115
Trd, 8638776.446, 128
Trd, 8638776.812, 127
Trd, 8638777.279, 107
Trd, 8638777.312, 95
Trd, 8638777.512, 112
Trd, 8638777.912, 125
Trd, 8638778.479, 106
Trd, 8638778.746, 95
Trd, 8638780.212, 131
Trd, 8638780.479, 124
Trd, 8638780.612, 131
Trd, 8638781.379, 117
Trd, 8638782.146, 107
Trd, 8638782.779, 138
Trd, 8638783.746, 116
Trd, 8638784.612, 128
Trd, 8638784.746, 123
Trd, 8638785.379, 107
Trd, 8638785.546, 103
Trd, 8638786.646, 115
Trd, 8638786.679, 103
Trd, 8638787.312, 127
Trd, 8638787.779, 89
Trd, 8638787.912, 82
Trd, 8638788.379, 113
Trd, 8638789.046, 106
Trd, 8638790.546, 134
Trd, 8638790.712, 128
Trd, 8638790.812, 127
Trd, 8638790.879, 118
Trd, 8638790.946, 113
Trd, 8638791.012, 105
Trd, 8638791.779, 84
Trd, 8638792.312, 87
Trd, 8638793.012, 97
Trd, 8638793.212, 93
Trd, 8638793.612, 92
Trd, 8638793.912, 66
Trd, 8638794.212, 66
Trd, 8638795.012, 107
Trd, 8638795.879, 80
Trd, 8638795.912, 76
Trd, 8638796.046, 97
Trd, 8638796.446, 115
Trd, 8638796.846, 137
Trd, 8638797.779, 118
Trd, 8638798.812, 130
Trd, 8638799.012, 118
Trd, 8638799.346, 97
Trd, 8638799.779, 118
Trd, 8638799.812, 89
Trd, 8638800.079, 106
Trd, 8638800.179, 85
Trd, 8638800.879, 92
Trd, 8638802.012, 128
Trd, 8638803.312, 140
Trd, 8638803.846, 123
Trd, 8638803.946, 116
Trd, 8638805.279, 137
Trd, 8638805.779, 135
Trd, 8638805.879, 134
Trd, 8638805.912, 128
Trd, 8638806.046, 118
Trd, 8638807.479, 123
Trd, 8638808.146, 119
Trd, 8638808.279, 131
Trd, 8638808.479, 129
Trd, 8638809.046, 116
Trd, 8638809.679, 103
Trd, 8638812.012, 136
Trd, 8638812.246, 129
Trd, 8638812.746, 122
Trd, 8638813.379, 135
Trd, 8638813.646, 119
Trd, 8638814.079, 114
Trd, 8638814.512, 118
Trd, 8638814.746, 111
Trd, 8638814.912, 132
Trd, 8638815.579, 114
Trd, 8638815.912, 113
Trd, 8638816.212, 119
Trd, 8638816.279, 103
Trd, 8638817.546, 127
Trd, 8638817.812, 134
Trd, 8638818.379, 112
Trd, 8638818.846, 119
Trd, 8638819.012, 101
Trd, 8638819.879, 139
Trd, 8638820.312, 138
Trd, 8638820.479, 132
Trd, 8638820.512, 89
Trd, 8638821.346, 105
Trd, 8638822.246, 109
Trd, 8638823.479, 122
Trd, 8638823.546, 113
Trd, 8638823.946, 122
Trd, 8638824.046, 125
Trd, 8638824.846, 126
Trd, 8638824.912, 108
Trd, 8638825.746, 132
Trd, 8638826.412, 138
Trd, 8638826.479, 124
Trd, 8638827.179, 137
Trd, 8638827.479, 119
Trd, 8638827.846, 125
Trd, 8638828.279, 97
Trd, 8638828.579, 102
Trd, 8638829.012, 138
Trd, 8638829.279, 134
Trd, 8638829.546, 128
Trd, 8638829.979, 108
Trd, 8638830.979, 118
Trd, 8638831.446, 135
Trd, 8638831.479, 113
Trd, 8638832.279, 128
Trd, 8638832.846, 132
Trd, 8638833.779, 128
Trd, 8638834.046, 127
Trd, 8638834.479, 129
Trd, 8638835.546, 112
Trd, 8638835.879, 105
Trd, 8638836.279, 133
Trd, 8638837.279, 129
Trd, 8638837.379, 125
Trd, 8638838.546, 140
Trd, 8638839.846, 140
Trd, 8638840.446, 125
Trd, 8638841.046, 135
Trd, 8638841.279, 140
Trd, 8638841.579, 131
Trd, 8638841.879, 114
Trd, 8638842.046, 110
Trd, 8638842.546, 110
Trd, 8638843.246, 98
Trd, 8638843.412, 100
Trd, 8638843.546, 95
Trd, 8638844.012, 90
Trd, 8638844.046, 87
Trd, 8638844.512, 105
Trd, 8638844.812, 120
Trd, 8638845.046, 75
Trd, 8638845.346, 81
Trd, 8638846.612, 74
Trd, 8638847.146, 127
Trd, 8638847.646, 124
Trd, 8638847.846, 103
Trd, 8638848.146, 104
Trd, 8638848.679, 118
Trd, 8638848.879, 130
Trd, 8638849.012, 121
Trd, 8638849.479, 116
Trd, 8638851.079, 128
Trd, 8638852.246, 126
Trd, 8638852.812, 133
Trd, 8638853.079, 108
Trd, 8638853.812, 112
Trd, 8638854.046, 107
Trd, 8638854.279, 112
Trd, 8638854.612, 130
Trd, 8638854.646, 113
Trd, 8638855.312, 125
Trd, 8638855.579, 87
Trd, 8638855.679, 125
Trd, 8638855.779, 101
Trd, 8638856.212, 73
Trd, 8638856.346, 73
Trd, 8638857.646, 112
Trd, 8638858.146, 100
Trd, 8638858.379, 106
Trd, 8638859.679, 87
Trd, 8638860.379, 106
Trd, 8638860.712, 125
Trd, 8638860.946, 92
Trd, 8638861.846, 119
Trd, 8638862.046, 119
Trd, 8638862.679, 98
Trd, 8638863.212, 107
Trd, 8638863.412, 111
Trd, 8638864.379, 107
Trd, 8638864.512, 110
Trd, 8638865.712, 137
Trd, 8638866.012, 136
Trd, 8638867.012, 111
Trd, 8638867.212, 106
Trd, 8638867.312, 101
Trd, 8638867.812, 117
Trd, 8638867.979, 103
Trd, 8638868.546, 86
Trd, 8638869.046, 90
Trd, 8638870.179, 115
Trd, 8638871.546, 137
Trd, 8638872.146, 135
Trd, 8638872.379, 138
Trd, 8638873.679, 136
Trd, 8638873.812, 133
Trd, 8638873.846, 103
Trd, 8638873.912, 95
Trd, 8638874.446, 91
Trd, 8638874.546, 99
Trd, 8638875.046, 90
Trd, 8638875.846, 106
Trd, 8638877.112, 115
Trd, 8638877.212, 120
Trd, 8638878.179, 99
Trd, 8638878.246, 80
Trd, 8638879.279, 127
Trd, 8638879.679, 126
Trd, 8638879.946, 128
Trd, 8638880.412, 139
Trd, 8638880.479, 125
Trd, 8638880.846, 122
Trd, 8638881.512, 113
Trd, 8638882.446, 98
Trd, 8638882.479, 105
Trd, 8638883.246, 102
Trd, 8638883.812, 121
Trd, 8638884.612, 97
Trd, 8638885.246, 104
Trd, 8638885.579, 131
Trd, 8638885.812, 128
Trd, 8638886.679, 100
Trd, 8638886.779, 101
Trd, 8638886.979, 98
Trd, 8638887.046, 95
Trd, 8638887.312, 86
Trd, 8638887.412, 79
Trd, 8638888.446, 124
Trd, 8638889.112, 134
Trd, 8638889.246, 120
Trd, 8638889.346, 113
Trd, 8638889.612, 128
Trd, 8638889.946, 99
Trd, 8638890.146, 95
Trd, 8638890.746, 77
Trd, 8638890.812, 76
Trd, 8638891.679, 119
Trd, 8638892.212, 100
Trd, 8638892.912, 119
Trd, 8638893.279, 117
Trd, 8638893.312, 100
Trd, 8638893.446, 86
Trd, 8638894.412, 81
Trd, 8638895.146, 97
Trd, 8638895.279, 82
Trd, 8638895.746, 128
Trd, 8638896.046, 118
Trd, 8638897.746, 97
Trd, 8638898.579, 113
Trd, 8638898.846, 136
Trd, 8638898.946, 108
Trd, 8638898.979, 101
Trd, 8638899.546, 115
Trd, 8638900.546, 139
Trd, 8638900.812, 97
Trd, 8638900.846, 97
Trd, 8638900.912, 81
Trd, 8638901.512, 94
Trd, 8638901.746, 85
Trd, 8638902.012, 87
Trd, 8638902.246, 71
Trd, 8638902.712, 130
Trd, 8638902.912, 123
Trd, 8638903.279, 104
Trd, 8638904.112, 94
Trd, 8638904.246, 118
Trd, 8638905.812, 76
Trd, 8638906.012, 104
Trd, 8638906.412, 86
Trd, 8638906.446, 73
Trd, 8638907.179, 124
Trd, 8638907.979, 133
Trd, 8638908.612, 130
Trd, 8638908.646, 123
Trd, 8638909.846, 128
Trd, 8638910.212, 97
Trd, 8638910.479, 127
Trd, 8638910.646, 108
Trd, 8638912.012, 135
Trd, 8638912.512, 137
Trd, 8638912.612, 133
Trd, 8638912.912, 129
Trd, 8638913.612, 138
Trd, 8638913.779, 108
Trd, 8638914.312, 97
Trd, 8638914.812, 106
Trd, 8638915.379, 98
Trd, 8638915.712, 138
Trd, 8638917.479, 133
Trd, 8638918.279, 118
Trd, 8638919.379, 136
Trd, 8638920.112, 131
Trd, 8638920.146, 120
Trd, 8638920.346, 117
Trd, 8638920.679, 132
Trd, 8638921.146, 122
Trd, 8638921.212, 119
Trd, 8638921.312, 115
Trd, 8638921.479, 105
Trd, 8638921.846, 97
Trd, 8638922.546, 134
Trd, 8638922.646, 111
Trd, 8638923.579, 97
Trd, 8638923.612, 101
Trd, 8638924.579, 114
Trd, 8638925.112, 98
Trd, 8638925.779, 109
Trd, 8638926.412, 125
Trd, 8638926.912, 69
Trd, 8638928.012, 123
Trd, 8638928.546, 134
Trd, 8638928.712, 131
Trd, 8638928.879, 121
Trd, 8638930.346, 126
Trd, 8638930.379, 126
Trd, 8638930.912, 116
Trd, 8638931.079, 99
Trd, 8638931.679, 131
Trd, 8638933.079, 124
Trd, 8638933.646, 127
Trd, 8638933.912, 114
Trd, 8638934.012, 115
Trd, 8638934.812, 134
Trd, 8638935.046, 119
Trd, 8638935.079, 138
Trd, 8638935.179, 113
Trd, 8638936.312, 117
Trd, 8638937.012, 129
Trd, 8638937.579, 120
Trd, 8638937.879, 138
Trd, 8638939.512, 100
Trd, 8638939.579, 96
Trd, 8638939.612, 122
Trd, 8638939.846, 90
Trd, 8638940.512, 77
Trd, 8638940.812, 80
Trd, 8638942.146, 120
Trd, 8638942.312, 101
Trd, 8638943.812, 136
Trd, 8638944.179, 128
Trd, 8638944.579, 93
Trd, 8638945.146, 134
Trd, 8638945.279, 98
Trd, 8638946.879, 128
Trd, 8638947.446, 139
Trd, 8638947.646, 96
Trd, 8638948.046, 93
Trd, 8638948.546, 91
Trd, 8638948.612, 83
Trd, 8638948.779, 73
Trd, 8638949.446, 69
Trd, 8638949.746, 72
Trd, 8638950.379, 130
Trd, 8638950.479, 121
Trd, 8638952.179, 134
Trd, 8638952.946, 121
Trd, 8638953.446, 107
Trd, 8638953.779, 97
Trd, 8638954.279, 133
Trd, 8638954.479, 93
Trd, 8638954.746, 130
Trd, 8638954.812, 93
Trd, 8638955.346, 77
Trd, 8638955.612, 61
Trd, 8638956.679, 87
Trd, 8638957.246, 140
Trd, 8638957.312, 139
Trd, 8638957.846, 98
Trd, 8638958.379, 103
Trd, 8638959.112, 111
Trd, 8638959.612, 108
Trd, 8638959.779, 114
Trd, 8638959.812, 97
Trd, 8638960.312, 95
Trd, 8638961.212, 115
Trd, 8638961.279, 96
Trd, 8638962.046, 134
Trd, 8638962.579, 128
Trd, 8638962.712, 106
Trd, 8638963.646, 112
Trd, 8638965.112, 140
Trd, 8638965.312, 110
Trd, 8638965.412, 88
Trd, 8638965.712, 114
Trd, 8638966.146, 109
Trd, 8638966.979, 95
Trd, 8638967.146, 89
Trd, 8638967.346, 70
Trd, 8638968.579, 92
Trd, 8638969.079, 94
Trd, 8638969.546, 94
Trd, 8638970.179, 135
Trd, 8638970.212, 113
Trd, 8638970.479, 109
Trd, 8638970.879, 104
Trd, 8638970.912, 94
Trd, 8638971.612, 94
Trd, 8638971.846, 98
Trd, 8638972.579, 134
Trd, 8638972.712, 128
Trd, 8638973.412, 134
Trd, 8638973.746, 108
Trd, 8638974.179, 129
Trd, 8638974.212, 107
Trd, 8638974.679, 125
Trd, 8638975.579, 130
Trd, 8638975.846, 94
Trd, 8638976.779, 106
Trd, 8638977.412, 114
Trd, 8638977.579, 88
Trd, 8638977.912, 88
Trd, 8638978.146, 129
Trd, 8638978.279, 117
Trd, 8638978.679, 105
Trd, 8638978.779, 101
Trd, 8638978.946, 81
Trd, 8638980.412, 129
Trd, 8638981.279, 134
Trd, 8638981.612, 124
Trd, 8638982.012, 134
Trd, 8638982.512, 89
Trd, 8638982.812, 130
Trd, 8638983.946, 126
Trd, 8638984.112, 139
Trd, 8638984.279, 120
Trd, 8638984.546, 116
Trd, 8638986.012, 127
Trd, 8638986.546, 130
Trd, 8638986.812, 134
Trd, 8638987.212, 97
Trd, 8638988.179, 131
Trd, 8638988.212, 103
Trd, 8638988.412, 96
Trd, 8638988.579, 133
Trd, 8638988.646, 94
Trd, 8638988.979, 140
Trd, 8638989.646, 139
Trd, 8638989.746, 129
Trd, 8638989.779, 125
Trd, 8638991.346, 101
Trd, 8638991.512, 136
Trd, 8638991.546, 96
Trd, 8638992.079, 103
Trd, 8638993.212, 110
Trd, 8638994.479, 112
Trd, 8638994.979, 132
Trd, 8638995.012, 102
Trd, 8638996.146, 127
Trd, 8638996.679, 116
Trd, 8638997.412, 132
Trd, 8638997.446, 137
Trd, 8638997.612, 111
Trd, 8638998.846, 137
Trd, 8638998.946, 136
Trd, 8638999.112, 121
Trd, 8638999.812, 127
Trd, 8639000.479, 120
Trd, 8639001.012, 119
Trd, 8639002.179, 124
Trd, 8639002.312, 118
Trd, 8639003.146, 99
Trd, 8639004.579, 97
Trd, 8639004.812, 94
Trd, 8639005.079, 88
Trd, 8639005.112, 86
Trd, 8639005.979, 102
Trd, 8639006.612, 92
Trd, 8639007.446, 123
Trd, 8639007.546, 65
Trd, 8639008.146, 116
Trd, 8639008.612, 77
Trd, 8639008.712, 88
Trd, 8639008.879, 107
Trd, 8639009.479, 123
Trd, 8639010.279, 99
Trd, 8639011.046, 140
Trd, 8639011.179, 140
Trd, 8639012.479, 133
Trd, 8639012.746, 129
Trd, 8639012.879, 112
Trd, 8639013.379, 110
Trd, 8639013.846, 118
Trd, 8639014.212, 109
Trd, 8639015.179, 137
Trd, 8639015.779, 116
Trd, 8639016.546, 116
Trd, 8639017.146, 126
Trd, 8639017.279, 116
Trd, 8639017.579, 120
Trd, 8639018.612, 114
Trd, 8639020.946, 138
Trd, 8639021.112, 136
Trd, 8639021.279, 132
Trd, 8639021.512, 129
Trd, 8639021.712, 134
Trd, 8639021.946, 127
Trd, 8639022.112, 140
Trd, 8639023.146, 112
Trd, 8639024.146, 110
Trd, 8639024.179, 99
Trd, 8639024.546, 96
Trd, 8639024.746, 103
Trd, 8639025.012, 120
Trd, 8639025.312, 123
Trd, 8639025.812, 135
Trd, 8639025.912, 71
Trd, 8639026.012, 69
Trd, 8639026.479, 137
Trd, 8639026.912, 93
Trd, 8639027.779, 117
Trd, 8639028.279, 115
Trd, 8639029.446, 106
Trd, 8639030.279, 125
Trd, 8639030.479, 109
Trd, 8639030.512, 90
Trd, 8639031.212, 101
Trd, 8639031.379, 76
Trd, 8639032.046, 126
Trd, 8639032.112, 132
Trd, 8639032.646, 109
Trd, 8639032.812, 114
Trd, 8639033.179, 131
Trd, 8639033.546, 140
Trd, 8639033.812, 132
Trd, 8639034.012, 129
Trd, 8639034.746, 108
Trd, 8639034.912, 107
Trd, 8639035.779, 121
Trd, 8639035.912, 118
Trd, 8639035.946, 116
Trd, 8639036.112, 87
Trd, 8639038.012, 117
Trd, 8639038.746, 119
Trd, 8639038.779, 118
Trd, 8639039.379, 98
Trd, 8639039.979, 137
Trd, 8639040.512, 130
Trd, 8639041.212, 135
Trd, 8639041.379, 112
Trd, 8639041.746, 125
Trd, 8639041.846, 103
Trd, 8639042.246, 132
Trd, 8639042.479, 110
Trd, 8639044.479, 122
Trd, 8639045.179, 139
Trd, 8639045.212, 105
Trd, 8639045.346, 122
Trd, 8639045.712, 118
Trd, 8639045.779, 109
Trd, 8639046.379, 131
Trd, 8639047.079, 118
Trd, 8639048.246, 108
Trd, 8639048.379, 104
Trd, 8639049.479, 139
Trd, 8639050.579, 139
Trd, 8639051.212, 133
Trd, 8639051.612, 134
Trd, 8639051.779, 128
Trd, 8639052.646, 126
Trd, 8639052.712, 114
Trd, 8639052.879, 106
Trd, 8639053.012, 107
Trd, 8639053.112, 102
Trd, 8639054.846, 128
Trd, 8639056.279, 136
Trd, 8639056.646, 132
Trd, 8639056.812, 131
Trd, 8639057.079, 124
Trd, 8639057.279, 124
Trd, 8639057.546, 113
Trd, 8639057.946, 115
Trd, 8639058.046, 110
Trd, 8639058.146, 117
Trd, 8639058.546, 112
Trd, 8639058.879, 128
Trd, 8639059.479, 140
Trd, 8639059.712, 69
Trd, 8639059.812, 134
Trd, 8639060.212, 93
Trd, 8639060.646, 86
Trd, 8639061.712, 127
Trd, 8639061.846, 77
Trd, 8639061.946, 96
Trd, 8639063.379, 102
Trd, 8639063.512, 94
Trd, 8639063.779, 94
Trd, 8639063.979, 89
Trd, 8639065.546, 133
Trd, 8639065.779, 131
Trd, 8639066.112, 117
Trd, 8639066.146, 108
Trd, 8639066.446, 122
Trd, 8639067.479, 132
Trd, 8639067.646, 126
Trd, 8639067.912, 97
Trd, 8639068.046, 81
Trd, 8639068.979, 133
Trd, 8639069.212, 124
Trd, 8639069.312, 118
Trd, 8639070.279, 126
Trd, 8639071.479, 115
Trd, 8639072.079, 111
Trd, 8639072.346, 128
Trd, 8639072.746, 89
Trd, 8639072.979, 109
Trd, 8639073.246, 121
Trd, 8639073.379, 117
Trd, 8639073.646, 131
Trd, 8639075.412, 107
Trd, 8639075.612, 132
Trd, 8639076.246, 137
Trd, 8639077.046, 136
Trd, 8639077.546, 130
Trd, 8639077.812, 115
Trd, 8639077.846, 102
Trd, 8639078.479, 139
Trd, 8639079.046, 130
Trd, 8639079.479, 134
Trd, 8639079.946, 113
Trd, 8639082.012, 115
Trd, 8639082.112, 113
Trd, 8639082.212, 107
Trd, 8639082.846, 115
Trd, 8639084.112, 131
Trd, 8639085.346, 135
Trd, 8639085.612, 129
Trd, 8639086.612, 113
Trd, 8639086.846, 116
Trd, 8639087.046, 107
Trd, 8639087.079, 118
Trd, 8639087.879, 139
Trd, 8639088.079, 97
Trd, 8639088.879, 125
Trd, 8639090.412, 110
Trd, 8639091.179, 134
Trd, 8639092.112, 103
Trd, 8639092.412, 97
Trd, 8639093.046, 131
Trd, 8639093.512, 123
Trd, 8639093.946, 118
Trd, 8639094.379, 127
Trd, 8639094.779, 121
Trd, 8639094.846, 107
Trd, 8639095.446, 134
Trd, 8639096.479, 139
Trd, 8639096.579, 134
Trd, 8639096.646, 134
Trd, 8639096.912, 103
Trd, 8639097.579, 125
Trd, 8639098.512, 86
Trd, 8639099.312, 97
Trd, 8639099.679, 98
Trd, 8639100.812, 104
Trd, 8639100.879, 98
Trd, 8639101.412, 93
Trd, 8639101.746, 138
Trd, 8639101.846, 104
Trd, 8639102.212, 119
Trd, 8639102.412, 90
Trd, 8639102.779, 86
Trd, 8639103.712, 74
Trd, 8639104.546, 77
Trd, 8639105.312, 111
Trd, 8639105.512, 96
Trd, 8639105.912, 88
Trd, 8639106.912, 128
Trd, 8639107.446, 126
Trd, 8639107.512, 117
Trd, 8639108.046, 93
Trd, 8639108.312, 114
Trd, 8639109.346, 117
Trd, 8639109.679, 114
Trd, 8639111.179, 130
Trd, 8639111.246, 116
Trd, 8639111.979, 123
Trd, 8639112.046, 114
Trd, 8639112.212, 106
Trd, 8639112.612, 91
Trd, 8639113.246, 129
Trd, 8639114.212, 93
Trd, 8639114.779, 114
Trd, 8639114.979, 110
Trd, 8639115.346, 140
Trd, 8639115.446, 116
Trd, 8639116.179, 109
Trd, 8639116.512, 114
Trd, 8639116.712, 117
Trd, 8639116.879, 96
Trd, 8639117.179, 137
Trd, 8639117.946, 136
Trd, 8639118.379, 123
Trd, 8639119.746, 139
Trd, 8639119.912, 114
Trd, 8639120.512, 112
Trd, 8639120.846, 123
Trd, 8639121.546, 136
Trd, 8639121.579, 127
Trd, 8639121.679, 114
Trd, 8639121.879, 105
Trd, 8639123.012, 133
Trd, 8639123.179, 113
Trd, 8639123.912, 106
Trd, 8639124.112, 136
Trd, 8639124.746, 111
Trd, 8639125.879, 99
Trd, 8639126.846, 83
Trd, 8639127.546, 127
Trd, 8639127.946, 90
Trd, 8639128.612, 87
Trd, 8639128.846, 91
Trd, 8639129.312, 100
Trd, 8639129.412, 107
Trd, 8639129.612, 120
Trd, 8639129.912, 129
Trd, 8639131.046, 138
Trd, 8639131.779, 109
Trd, 8639132.979, 93
Trd, 8639133.079, 84
Trd, 8639133.579, 127
Trd, 8639134.046, 80
Trd, 8639134.346, 90
Trd, 8639134.779, 97
Trd, 8639134.812, 110
Trd, 8639135.679, 60
Trd, 8639136.212, 82
Trd, 8639137.512, 101
Trd, 8639137.946, 118
Trd, 8639138.279, 98
Trd, 8639139.679, 133
Trd, 8639141.079, 135
Trd, 8639141.379, 117
Trd, 8639141.746, 106
Trd, 8639141.912, 104
Trd, 8639142.712, 120
Trd, 8639143.412, 130
Trd, 8639144.012, 128
Trd, 8639144.179, 112
Trd, 8639145.512, 115
Trd, 8639145.946, 112
Trd, 8639146.146, 109
Trd, 8639146.512, 134
Trd, 8639146.646, 122
Trd, 8639146.746, 127
Trd, 8639146.779, 106
Trd, 8639147.379, 120
Trd, 8639148.212, 109
Trd, 8639148.679, 104
Trd, 8639149.212, 90
Trd, 8639149.512, 134
Trd, 8639149.646, 75
Trd, 8639149.879, 75
Trd, 8639150.112, 74
Trd, 8639150.712, 111
Trd, 8639152.479, 137
Trd, 8639152.612, 108
Trd, 8639153.579, 118
Trd, 8639153.679, 125
Trd, 8639153.812, 113
Trd, 8639155.012, 97
Trd, 8639156.079, 129
Trd, 8639156.346, 118
Trd, 8639156.546, 113
Trd, 8639156.912, 112
Trd, 8639157.012, 84
Trd, 8639157.512, 114
Trd, 8639158.012, 114
Trd, 8639158.379, 110
Trd, 8639158.979, 116
Trd, 8639159.546, 104
Trd, 8639159.646, 106
Trd, 8639160.379, 112
Trd, 8639160.979, 114
Trd, 8639161.112, 132
Trd, 8639161.879, 102
Trd, 8639163.579, 121
Trd, 8639164.346, 113
Trd, 8639164.812, 117
Trd, 8639165.579, 136
Trd, 8639165.646, 98
Trd, 8639165.946, 93
Trd, 8639166.279, 132
Trd, 8639167.512, 137
Trd, 8639168.246, 86
Trd, 8639168.379, 86
Trd, 8639168.546, 82
Trd, 8639169.112, 140
Trd, 8639169.279, 133
Trd, 8639169.612, 121
Trd, 8639172.212, 127
Trd, 8639172.412, 137
Trd, 8639172.646, 131
Trd, 8639172.746, 112
Trd, 8639172.846, 111
Trd, 8639174.746, 119
Trd, 8639174.879, 138
Trd, 8639175.846, 127
Trd, 8639176.412, 116
Trd, 8639178.012, 126
Trd, 8639178.112, 109
Trd, 8639178.312, 101
Trd, 8639178.612, 96
Trd, 8639178.979, 122
Trd, 8639179.312, 97
Trd, 8639180.246, 84
Trd, 8639180.479, 87
Trd, 8639180.746, 103
Trd, 8639180.779, 81
Trd, 8639181.279, 135
Trd, 8639181.412, 115
Trd, 8639182.679, 139
Trd, 8639184.112, 126
Trd, 8639184.179, 125
Trd, 8639185.046, 82
Trd, 8639186.046, 92
Trd, 8639186.079, 86
Trd, 8639186.746, 105
Trd, 8639187.512, 100
Trd, 8639188.312, 121
Trd, 8639188.479, 131
Trd, 8639189.279, 127
Trd, 8639190.112, 132
Trd, 8639190.446, 117
Trd, 8639190.912, 135
Trd, 8639191.946, 134
Trd, 8639192.246, 135
Trd, 8639192.746, 127
Trd, 8639193.379, 114
Trd, 8639193.412, 109
Trd, 8639193.846, 113
Trd, 8639195.412, 108
Trd, 8639195.446, 101
Trd, 8639195.846, 134
Trd, 8639196.479, 137
Trd, 8639197.279, 114
Trd, 8639197.712, 111
Trd, 8639197.846, 109
Trd, 8639197.946, 104
Trd, 8639198.246, 93
Trd, 8639198.779, 140
Trd, 8639199.179, 115
Trd, 8639199.746, 136
Trd, 8639200.646, 134
Trd, 8639200.812, 128
Trd, 8639200.946, 119
Trd, 8639201.012, 134
Trd, 8639201.546, 77
Trd, 8639202.212, 124
Trd, 8639202.379, 115
Trd, 8639203.779, 136
Trd, 8639203.946, 99
Trd, 8639204.446, 84
Trd, 8639204.779, 137
Trd, 8639205.612, 80
Trd, 8639205.979, 79
Trd, 8639206.279, 129
Trd, 8639206.612, 126
Trd, 8639208.412, 119
Trd, 8639208.446, 117
Trd, 8639208.679, 110
Trd, 8639210.212, 131
Trd, 8639210.612, 122
Trd, 8639211.112, 107
Trd, 8639211.179, 101
Trd, 8639211.346, 128
Trd, 8639211.512, 130
Trd, 8639211.979, 138
Trd, 8639213.079, 109
Trd, 8639213.212, 101
Trd, 8639213.246, 95
Trd, 8639214.946, 120
Trd, 8639215.346, 136
Trd, 8639215.779, 124
Trd, 8639217.312, 131
Trd, 8639217.546, 131
Trd, 8639217.846, 120
Trd, 8639217.879, 116
Trd, 8639218.179, 110
Trd, 8639218.812, 130
Trd, 8639219.379, 105
Trd, 8639219.812, 116
Trd, 8639219.846, 87
Trd, 8639220.246, 125
Trd, 8639220.579, 78
Trd, 8639221.412, 68
Trd, 8639221.679, 75
Trd, 8639222.212, 115
Trd, 8639223.079, 118
Trd, 8639223.412, 124
Trd, 8639224.712, 123
Trd, 8639224.846, 114
Trd, 8639224.912, 114
Trd, 8639225.146, 134
Trd, 8639225.312, 79
Trd, 8639225.479, 71
Trd, 8639226.112, 116
Trd, 8639226.912, 115
Trd, 8639228.246, 110
Trd, 8639228.946, 138
Trd, 8639229.712, 130
Trd, 8639230.246, 127
Trd, 8639230.546, 121
Trd, 8639230.912, 113
Trd, 8639231.412, 106
Trd, 8639231.712, 100
Trd, 8639231.979, 131
Trd, 8639232.612, 116
Trd, 8639232.746, 104
Trd, 8639234.412, 115
Trd, 8639234.479, 109
Trd, 8639234.779, 81
Trd, 8639235.512, 73
Trd, 8639236.312, 88
Trd, 8639236.879, 138
Trd, 8639236.946, 102
Trd, 8639237.646, 119
Trd, 8639239.012, 111
Trd, 8639240.612, 106
Trd, 8639241.046, 110
Trd, 8639242.012, 135
Trd, 8639243.246, 136
Trd, 8639243.412, 130
Trd, 8639243.446, 119
Trd, 8639243.812, 105
Trd, 8639244.146, 101
Trd, 8639244.646, 132
Trd, 8639246.046, 109
Trd, 8639246.212, 111
Trd, 8639246.446, 91
Trd, 8639247.679, 131
Trd, 8639248.146, 111
Trd, 8639249.979, 133
Trd, 8639251.212, 131
Trd, 8639251.246, 124
Trd, 8639251.379, 122
Trd, 8639251.846, 137
Trd, 8639252.512, 120
Trd, 8639252.979, 125
Trd, 8639255.012, 140
Trd, 8639255.546, 139
Trd, 8639255.879, 123
Trd, 8639256.412, 135
Trd, 8639256.446, 129
Trd, 8639257.379, 134
Trd, 8639257.446, 123
Trd, 8639258.246, 129
Trd, 8639258.412, 115
Trd, 8639258.446, 111
Trd, 8639258.812, 134
Trd, 8639259.246, 125
Trd, 8639259.979, 130
Trd, 8639261.712, 136
Trd, 8639262.646, 128
Trd, 8639262.946, 128
Trd, 8639263.079, 108
Trd, 8639263.612, 118
Trd, 8639263.779, 138
Trd, 8639263.812, 98
Trd, 8639264.112, 136
Trd, 8639264.412, 134
Trd, 8639266.446, 114
Trd, 8639266.846, 120
Trd, 8639267.046, 117
Trd, 8639267.946, 106
Trd, 8639268.112, 117
Trd, 8639268.779, 88
Trd, 8639270.012, 124
Trd, 8639270.679, 111
Trd, 8639271.412, 133
Trd, 8639271.479, 127
Trd, 8639271.646, 106
Trd, 8639271.979, 93
Trd, 8639272.112, 79
Trd, 8639272.379, 74
Trd, 8639273.112, 74
Trd, 8639274.912, 136
Trd, 8639275.412, 136
Trd, 8639276.112, 139
Trd, 8639276.212, 110
Trd, 8639276.746, 102
Trd, 8639277.146, 101
Trd, 8639277.412, 140
Trd, 8639278.746, 132
Trd, 8639279.346, 139
Trd, 8639279.779, 124
Trd, 8639280.279, 115
Trd, 8639281.279, 134
Trd, 8639281.512, 134
Trd, 8639281.912, 112
Trd, 8639282.346, 136
Trd, 8639282.946, 139
Trd, 8639284.279, 125
Trd, 8639284.746, 132
Trd, 8639286.079, 126
Trd, 8639286.246, 114
Trd, 8639286.379, 114
Trd, 8639286.779, 124
Trd, 8639286.979, 118
Trd, 8639287.779, 106
Trd, 8639287.946, 101
Trd, 8639288.446, 140
Trd, 8639288.746, 120
Trd, 8639289.212, 108
Trd, 8639290.346, 131
Trd, 8639290.779, 120
Trd, 8639291.179, 116
Trd, 8639291.446, 112
Trd, 8639292.712, 131
Trd, 8639292.846, 122
Trd, 8639293.046, 129
Trd, 8639294.246, 126
Trd, 8639295.079, 103
Trd, 8639295.179, 93
Trd, 8639295.579, 97
Trd, 8639296.179, 109
Trd, 8639296.779, 121
Trd, 8639297.479, 118
Trd, 8639297.579, 121
Trd, 8639297.846, 99
Trd, 8639298.146, 85
Trd, 8639298.379, 86
Trd, 8639298.746, 78
Trd, 8639299.579, 134
Trd, 8639300.712, 67
Trd, 8639300.746, 70
Trd, 8639301.212, 103
Trd, 8639301.312, 89
Trd, 8639302.846, 99
Trd, 8639302.879, 87
Trd, 8639304.379, 106
Trd, 8639304.546, 98
Trd, 8639304.779, 113
Trd, 8639305.512, 125
Trd, 8639305.646, 116
Trd, 8639305.679, 109
Trd, 8639306.246, 120
Trd, 8639306.712, 127
Trd, 8639307.912, 78
Trd, 8639308.112, 71
Trd, 8639308.679, 114
Trd, 8639308.879, 125
Trd, 8639309.479, 112
Trd, 8639310.579, 131
Trd, 8639310.612, 116
Trd, 8639312.446, 134
Trd, 8639312.946, 129
Trd, 8639313.046, 124
Trd, 8639313.446, 129
Trd, 8639313.712, 125
Trd, 8639314.412, 92
Trd, 8639314.579, 124
Trd, 8639315.346, 127
Trd, 8639316.312, 112
Trd, 8639317.379, 113
Trd, 8639317.412, 119
Trd, 8639317.446, 112
Trd, 8639318.046, 125
Trd, 8639318.212, 110
Trd, 8639318.346, 109
Trd, 8639319.479, 120
Trd, 8639320.079, 123
Trd, 8639320.612, 105
Trd, 8639320.846, 100
Trd, 8639320.946, 99
Trd, 8639321.646, 101
Trd, 8639322.146, 131
Trd, 8639322.646, 131
Trd, 8639322.679, 126
Trd, 8639322.879, 125
Trd, 8639323.946, 99
Trd, 8639324.246, 110
Trd, 8639324.746, 114
Trd, 8639325.879, 87
Trd, 8639326.012, 78
Trd, 8639326.179, 104
Trd, 8639326.612, 91
Trd, 8639327.379, 98
Trd, 8639327.979, 123
Trd, 8639328.479, 121
Trd, 8639328.712, 135
Trd, 8639329.312, 138
Trd, 8639330.246, 137
Trd, 8639330.346, 133
Trd, 8639330.379, 118
Trd, 8639330.679, 108
Trd, 8639331.212, 117
Trd, 8639331.279, 117
Trd, 8639331.379, 107
Trd, 8639332.612, 109
Trd, 8639333.246, 114
Trd, 8639333.946, 116
Trd, 8639335.712, 93
Trd, 8639335.779, 87
Trd, 8639336.446, 139
Trd, 8639336.812, 116
Trd, 8639336.912, 113
Trd, 8639338.479, 122
Trd, 8639338.679, 96
Trd, 8639338.746, 82
Trd, 8639338.779, 109
Trd, 8639339.046, 114
Trd, 8639339.279, 97
Trd, 8639340.512, 129
Trd, 8639341.312, 138
Trd, 8639342.446, 125
Trd, 8639342.612, 123
Trd, 8639343.479, 123
Trd, 8639343.746, 118
Trd, 8639343.912, 105
Trd, 8639345.146, 120
Trd, 8639345.979, 130
Trd, 8639347.212, 138
Trd, 8639347.312, 137
Trd, 8639347.379, 132
Trd, 8639348.746, 118
Trd, 8639348.946, 107
Trd, 8639349.346, 92
Trd, 8639350.212, 78
Trd, 8639350.612, 138
Trd, 8639350.979, 131
Trd, 8639351.346, 130
Trd, 8639352.346, 106
Trd, 8639352.946, 140
Trd, 8639353.146, 133
Trd, 8639353.412, 131
Trd, 8639354.079, 136
Trd, 8639354.679, 134
Trd, 8639354.746, 127
Trd, 8639354.979, 123
Trd, 8639355.046, 105
Trd, 8639355.746, 125
Trd, 8639356.046, 109
Trd, 8639356.312, 107
Trd, 8639357.179, 112
Trd, 8639357.746, 111
Trd, 8639360.312, 123
Trd, 8639361.679, 130
Trd, 8639361.979, 134
Trd, 8639362.312, 122
Trd, 8639362.512, 113
Trd, 8639362.646, 109
Trd, 8639363.146, 99
Trd, 8639363.779, 94
Trd, 8639364.312, 99
Trd, 8639364.579, 73
Trd, 8639364.679, 129
Trd, 8639366.079, 131
Trd, 8639367.046, 128
Trd, 8639368.346, 80
Trd, 8639368.479, 79
Trd, 8639369.879, 106
Trd, 8639369.946, 101
Trd, 8639370.179, 119
Trd, 8639370.379, 94
Trd, 8639370.446, 80
Trd, 8639370.746, 125
Trd, 8639371.179, 131
Trd, 8639371.346, 135
Trd, 8639372.379, 122
Trd, 8639372.712, 123
Trd, 8639372.846, 103
Trd, 8639372.946, 101
Trd, 8639373.246, 95
Trd, 8639373.446, 115
Trd, 8639376.179, 124
Trd, 8639376.646, 112
Trd, 8639376.879, 132
Trd, 8639377.179, 134
Trd, 8639378.012, 103
Trd, 8639378.112, 110
Trd, 8639379.379, 134
Trd, 8639379.812, 112
Trd, 8639380.379, 128
Trd, 8639381.012, 136
Trd, 8639381.446, 131
Trd, 8639382.112, 118
Trd, 8639383.279, 126
Trd, 8639384.279, 136
Trd, 8639384.312, 124
Trd, 8639384.979, 111
Trd, 8639385.546, 131
Trd, 8639385.646, 129
Trd, 8639385.912, 120
Trd, 8639386.546, 120
Trd, 8639387.012, 116
Trd, 8639388.412, 109
Trd, 8639388.646, 96
Trd, 8639388.679, 89
Trd, 8639388.879, 87
Trd, 8639389.946, 128
Trd, 8639390.812, 103
Trd, 8639391.512, 118
Trd, 8639391.912, 132
Trd, 8639392.412, 125
Trd, 8639393.679, 128
Trd, 8639394.146, 135
Trd, 8639394.846, 135
Trd, 8639395.179, 130
Trd, 8639395.246, 125
Trd, 8639395.612, 114
Trd, 8639395.679, 109
Trd, 8639395.912, 73
Trd, 8639396.512, 77
Trd, 8639397.112, 77
Trd, 8639397.212, 64
Trd, 8639398.246, 67
Trd, 8639398.946, 138
Trd, 8639400.179, 132
Trd, 8639400.279, 129
Trd, 8639400.312, 127
Trd, 8639400.412, 126
Trd, 8639401.379, 134
Trd, 8639401.479, 128
Trd, 8639402.546, 117
Trd, 8639402.679, 126
Trd, 8639402.846, 115
Trd, 8639403.446, 134
Trd, 8639403.512, 128
Trd, 8639404.612, 119
Trd, 8639405.112, 92
Trd, 8639406.046, 123
Trd, 8639406.212, 109
Trd, 8639406.446, 110
Trd, 8639406.879, 134
Trd, 8639407.412, 129
Trd, 8639407.612, 104
Trd, 8639407.779, 92
Trd, 8639408.146, 87
Trd, 8639410.146, 140
Trd, 8639410.312, 115
Trd, 8639410.546, 130
Trd, 8639410.846, 115
Trd, 8639411.412, 128
Trd, 8639412.079, 132
Trd, 8639412.212, 111
Trd, 8639413.379, 99
Trd, 8639414.912, 103
Trd, 8639415.246, 120
Trd, 8639415.646, 125
Trd, 8639415.746, 88
Trd, 8639416.012, 84
Trd, 8639417.079, 127
Trd, 8639417.812, 112
Trd, 8639417.879, 109
Trd, 8639418.079, 105
Trd, 8639418.246, 87
Trd, 8639418.446, 85
Trd, 8639418.679, 104
Trd, 8639418.979, 126
Trd, 8639420.512, 126
Trd, 8639421.479, 132
Trd, 8639422.079, 121
Trd, 8639422.612, 116
Trd, 8639424.312, 140
Trd, 8639424.512, 129
Trd, 8639425.079, 131
Trd, 8639425.179, 123
Trd, 8639426.446, 134
Trd, 8639426.646, 129
Trd, 8639426.746, 112
Trd, 8639427.646, 140
Trd, 8639428.179, 119
Trd, 8639428.279, 111
Trd, 8639429.312, 86
Trd, 8639430.512, 120
Trd, 8639430.779, 119
Trd, 8639431.146, 126
Trd, 8639431.279, 132
Trd, 8639432.446, 140
Trd, 8639433.146, 133
Trd, 8639433.312, 130
Trd, 8639433.779, 130
Trd, 8639434.446, 119
Trd, 8639435.112, 117
Trd, 8639435.312, 126
Trd, 8639435.946, 140
Trd, 8639437.046, 130
Trd, 8639437.879, 108
Trd, 8639439.746, 132
Trd, 8639440.112, 129
Trd, 8639440.879, 140
Trd, 8639440.979, 127
Trd, 8639441.279, 128
Trd, 8639441.646, 127
Trd, 8639441.812, 121
Trd, 8639441.846, 101
Trd, 8639442.312, 97
Trd, 8639442.446, 133
Trd, 8639443.279, 92
Trd, 8639443.412, 123
Trd, 8639444.012, 132
Trd, 8639445.812, 136
Trd, 8639446.012, 127
Trd, 8639446.946, 127
Trd, 8639447.412, 113
Trd, 8639447.779, 130
Trd, 8639448.146, 129
Trd, 8639448.279, 108
Trd, 8639449.812, 135
Trd, 8639450.179, 124
Trd, 8639450.679, 127
Trd, 8639451.046, 88
Trd, 8639451.446, 86
Trd, 8639451.712, 79
Trd, 8639452.346, 113
Trd, 8639452.679, 117
Trd, 8639453.346, 129
Trd, 8639453.379, 98
Trd, 8639453.412, 97
Trd, 8639454.746, 112
Trd, 8639454.912, 96
Trd, 8639456.479, 114
Trd, 8639456.612, 131
Trd, 8639457.279, 121
Trd, 8639457.446, 120
Trd, 8639457.979, 140
Trd, 8639458.379, 133
Trd, 8639458.412, 108
Trd, 8639459.379, 119
Trd, 8639460.479, 114
Trd, 8639460.646, 116
Trd, 8639460.679, 113
Trd, 8639461.212, 139
Trd, 8639461.346, 130
Trd, 8639462.079, 103
Trd, 8639462.446, 101
Trd, 8639463.079, 102
Trd, 8639463.246, 100
Trd, 8639463.879, 93
Trd, 8639464.012, 85
Trd, 8639464.312, 79
Trd, 8639464.546, 112
Trd, 8639464.912, 124
Trd, 8639465.346, 97
Trd, 8639466.846, 105
Trd, 8639467.079, 82
Trd, 8639467.679, 118
Trd, 8639467.712, 94
Trd, 8639468.412, 95
Trd, 8639468.446, 85
Trd, 8639469.412, 135
Trd, 8639469.812, 76
Trd, 8639469.946, 65
Trd, 8639470.379, 83
Trd, 8639471.879, 120
Trd, 8639472.179, 101
Trd, 8639472.512, 116
Trd, 8639473.212, 114
Trd, 8639473.446, 113
Trd, 8639473.646, 122
Trd, 8639473.679, 123
Trd, 8639473.746, 121
Trd, 8639475.312, 61
Trd, 8639475.546, 132
Trd, 8639476.012, 73
Trd, 8639476.579, 61
Trd, 8639476.612, 74
Trd, 8639477.412, 78
Trd, 8639477.879, 102
Trd, 8639479.179, 109
Trd, 8639479.212, 106
Trd, 8639479.912, 97
Trd, 8639480.012, 91
Trd, 8639480.679, 140
Trd, 8639481.046, 126
Trd, 8639481.612, 118
Trd, 8639482.146, 126
Trd, 8639482.979, 123
Trd, 8639484.379, 133
Trd, 8639485.079, 137
Trd, 8639486.512, 125
Trd, 8639486.612, 116
Trd, 8639487.246, 130
Trd, 8639487.479, 124
Trd, 8639487.612, 128
Trd, 8639487.946, 136
Trd, 8639488.046, 101
Trd, 8639488.446, 113
Trd, 8639489.279, 113
Trd, 8639489.346, 103
Trd, 8639490.312, 115
Trd, 8639490.412, 104
Trd, 8639490.912, 137
Trd, 8639492.179, 118
Trd, 8639492.279, 114
Trd, 8639492.979, 110
Trd, 8639493.846, 114
Trd, 8639494.012, 113
Trd, 8639495.246, 139
Trd, 8639495.412, 133
Trd, 8639495.912, 135
Trd, 8639496.046, 127
Trd, 8639496.712, 122
Trd, 8639497.079, 133
Trd, 8639497.612, 136
Trd, 8639499.112, 97
Trd, 8639499.312, 117
Trd, 8639499.812, 123
Trd, 8639499.979, 104
Trd, 8639500.446, 110
Trd, 8639501.079, 112
Trd, 8639501.346, 87
Trd, 8639501.512, 118
Trd, 8639501.912, 87
Trd, 8639502.579, 105
Trd, 8639503.646, 91
Trd, 8639505.812, 133
Trd, 8639506.046, 117
Trd, 8639506.912, 122
Trd, 8639507.412, 129
Trd, 8639507.579, 111
Trd, 8639508.046, 111
Trd, 8639508.412, 122
Trd, 8639508.846, 106
Trd, 8639509.146, 109
Trd, 8639509.779, 137
Trd, 8639511.012, 130
Trd, 8639511.346, 125
Trd, 8639511.746, 129
Trd, 8639512.079, 125
Trd, 8639512.579, 116
Trd, 8639513.112, 100
Trd, 8639514.179, 134
Trd, 8639514.379, 129
Trd, 8639514.946, 94
Trd, 8639515.412, 114
Trd, 8639515.712, 107
Trd, 8639516.679, 138
Trd, 8639517.512, 140
Trd, 8639517.746, 133
Trd, 8639517.912, 128
Trd, 8639517.979, 127
Trd, 8639518.146, 126
Trd, 8639518.912, 126
Trd, 8639519.579, 114
Trd, 8639519.846, 118
Trd, 8639520.579, 68
Trd, 8639520.812, 96
Trd, 8639521.646, 84
Trd, 8639521.912, 81
Trd, 8639521.946, 80
Trd, 8639522.846, 102
Trd, 8639523.112, 116
Trd, 8639523.446, 61
Trd, 8639523.579, 136
Trd, 8639523.779, 97
Trd, 8639525.379, 95
Trd, 8639525.979, 84
Trd, 8639526.912, 126
Trd, 8639527.646, 72
Trd, 8639527.746, 127
Trd, 8639528.112, 133
Trd, 8639528.746, 131
Trd, 8639529.179, 127
Trd, 8639530.046, 121
Trd, 8639530.179, 105
Trd, 8639530.312, 96
Trd, 8639530.346, 83
Trd, 8639530.446, 97
Trd, 8639531.546, 129
Trd, 8639531.912, 132
Trd, 8639532.046, 112
Trd, 8639532.346, 114
Trd, 8639532.812, 136
Trd, 8639533.379, 94
Trd, 8639535.079, 105
Trd, 8639535.579, 115
Trd, 8639535.612, 112
Trd, 8639535.679, 101
Trd, 8639536.846, 131
Trd, 8639536.946, 110
Trd, 8639537.179, 131
Trd, 8639537.512, 136
Trd, 8639537.546, 130
Trd, 8639538.112, 107
Trd, 8639538.646, 130
Trd, 8639539.446, 90
Trd, 8639539.846, 77
Trd, 8639539.979, 119
Trd, 8639541.479, 140
Trd, 8639541.646, 137
Trd, 8639542.046, 71
Trd, 8639542.746, 117
Trd, 8639543.946, 81
Trd, 8639544.146, 96
Trd, 8639544.479, 131
Trd, 8639545.079, 124
Trd, 8639545.179, 118
Trd, 8639546.479, 136
Trd, 8639546.879, 122
Trd, 8639547.146, 102
Trd, 8639547.712, 114
Trd, 8639548.212, 115
Trd, 8639548.846, 110
Trd, 8639549.179, 112
Trd, 8639549.646, 108
Trd, 8639550.012, 116
Trd, 8639550.312, 114
Trd, 8639550.912, 79
Trd, 8639551.579, 132
Trd, 8639552.279, 123
Trd, 8639552.812, 139
Trd, 8639553.012, 126
Trd, 8639553.079, 122
Trd, 8639554.412, 138
Trd, 8639554.446, 117
Trd, 8639554.846, 133
Trd, 8639554.912, 115
Trd, 8639555.446, 112
Trd, 8639555.812, 104
Trd, 8639556.346, 103
Trd, 8639556.479, 83
Trd, 8639556.712, 70
Trd, 8639556.946, 71
Trd, 8639558.079, 87
Trd, 8639558.646, 128
Trd, 8639559.846, 136
Trd, 8639560.279, 126
Trd, 8639560.512, 114
Trd, 8639560.812, 102
Trd, 8639561.646, 106
Trd, 8639561.712, 102
Trd, 8639563.146, 122
Trd, 8639564.112, 135
Trd, 8639564.379, 121
Trd, 8639564.879, 109
Trd, 8639565.912, 138
Trd, 8639566.112, 125
Trd, 8639566.212, 122
Trd, 8639566.879, 118
Trd, 8639567.212, 114
Trd, 8639567.779, 128
Trd, 8639568.779, 136
Trd, 8639569.546, 130
Trd, 8639569.746, 126
Trd, 8639570.446, 138
Trd, 8639570.679, 123
Trd, 8639570.712, 97
Trd, 8639571.112, 115
Trd, 8639572.146, 132
Trd, 8639572.212, 129
Trd, 8639573.412, 139
Trd, 8639573.712, 133
Trd, 8639574.812, 133
Trd, 8639575.112, 130
Trd, 8639575.546, 131
Trd, 8639575.646, 114
Trd, 8639575.679, 102
Trd, 8639576.779, 126
Trd, 8639577.379, 127
Trd, 8639577.679, 110
Trd, 8639577.779, 105
Trd, 8639578.112, 118
Trd, 8639578.379, 110
Trd, 8639579.579, 139
Trd, 8639580.112, 136
Trd, 8639580.879, 136
Trd, 8639582.079, 103
Trd, 8639582.646, 118
Trd, 8639582.846, 115
Trd, 8639583.112, 129
Trd, 8639583.612, 140
Trd, 8639583.946, 114
Trd, 8639584.146, 112
Trd, 8639584.246, 126
Trd, 8639585.812, 111
Trd, 8639586.312, 108
Trd, 8639588.012, 133
Trd, 8639588.146, 131
Trd, 8639588.646, 138
Trd, 8639589.212, 98
Trd, 8639590.812, 126
Trd, 8639591.579, 128
Trd, 8639591.712, 105
Trd, 8639592.446, 99
Trd, 8639592.912, 110
Trd, 8639593.079, 100
Trd, 8639593.646, 122
Trd, 8639594.146, 113
Trd, 8639594.579, 125
Trd, 8639594.879, 134
Trd, 8639595.946, 112
Trd, 8639596.479, 109
Trd, 8639596.946, 127
Trd, 8639597.079, 123
Trd, 8639597.246, 104
Trd, 8639597.279, 103
Trd, 8639597.579, 80
Trd, 8639598.179, 129
Trd, 8639598.346, 137
Trd, 8639598.846, 110
Trd, 8639599.812, 127
Trd, 8639600.012, 135
Trd, 8639600.779, 129
Trd, 8639600.946, 115
Trd, 8639602.079, 120
Trd, 8639602.279, 94
Trd, 8639602.712, 105
Trd, 8639602.779, 75
Trd, 8639603.446, 122
Trd, 8639603.879, 114
Trd, 8639604.446, 103
Trd, 8639604.946, 114
Trd, 8639605.446, 113
Trd, 8639605.579, 109
Trd, 8639606.512, 80
Trd, 8639607.146, 119
Trd, 8639608.112, 136
Trd, 8639608.779, 130
Trd, 8639608.846, 120
Trd, 8639609.046, 108
Trd, 8639609.412, 102
Trd, 8639609.446, 101
Trd, 8639610.679, 111
Trd, 8639611.212, 102
Trd, 8639612.479, 128
Trd, 8639612.579, 108
Trd, 8639612.979, 126
Trd, 8639613.246, 101
Trd, 8639613.446, 137
Trd, 8639613.646, 110
Trd, 8639614.046, 121
Trd, 8639614.712, 136
Trd, 8639614.946, 120
Trd, 8639616.312, 121
Trd, 8639617.146, 125
Trd, 8639617.379, 121
Trd, 8639618.646, 124
Trd, 8639618.679, 120
Trd, 8639619.046, 139
Trd, 8639619.912, 129
Trd, 8639620.779, 105
Trd, 8639620.946, 103
Trd, 8639621.479, 126
Trd, 8639621.979, 116
Trd, 8639622.146, 140
Trd, 8639622.779, 110
Trd, 8639623.546, 113
Trd, 8639623.712, 133
Trd, 8639624.779, 137
Trd, 8639624.946, 132
Trd, 8639624.979, 129
Trd, 8639625.746, 113
Trd, 8639625.812, 113
Trd, 8639626.679, 125
Trd, 8639627.446, 127
Trd, 8639627.946, 109
Trd, 8639628.979, 127
Trd, 8639629.212, 124
Trd, 8639629.546, 107
Trd, 8639629.746, 120
Trd, 8639630.746, 121
Trd, 8639631.112, 118
Trd, 8639631.179, 114
Trd, 8639631.279, 87
Trd, 8639631.846, 137
Trd, 8639632.412, 84
Trd, 8639632.446, 75
Trd, 8639633.146, 131
Trd, 8639633.746, 125
Trd, 8639634.912, 135
Trd, 8639635.479, 106
Trd, 8639636.779, 134
Trd, 8639637.046, 130
Trd, 8639638.612, 139
Trd, 8639638.812, 121
Trd, 8639639.012, 112
Trd, 8639639.979, 134
Trd, 8639640.212, 93
Trd, 8639640.846, 139
Trd, 8639641.012, 87
Trd, 8639641.612, 104
Trd, 8639641.779, 129
Trd, 8639642.746, 126
Trd, 8639643.246, 140
Trd, 8639643.279, 131
Trd, 8639643.812, 124
Trd, 8639644.679, 113
Trd, 8639644.746, 114
Trd, 8639645.079, 115
Trd, 8639645.179, 110
Trd, 8639645.279, 120
Trd, 8639645.612, 115
Trd, 8639645.779, 109
Trd, 8639646.246, 100
Trd, 8639647.246, 96
Trd, 8639647.979, 79
Trd, 8639648.012, 106
Trd, 8639648.679, 122
Trd, 8639649.379, 108
Trd, 8639649.946, 117
Trd, 8639650.112, 126
Trd, 8639650.446, 128
Trd, 8639650.846, 121
Trd, 8639651.846, 137
Trd, 8639652.346, 111
Trd, 8639653.312, 127
Trd, 8639653.746, 125
Trd, 8639653.846, 121
Trd, 8639654.446, 120
Trd, 8639654.512, 101
Trd, 8639655.012, 125
Trd, 8639655.046, 114
Trd, 8639655.712, 135
Trd, 8639655.912, 128
Trd, 8639656.412, 120
Trd, 8639656.446, 87
Trd, 8639658.079, 137
Trd, 8639658.379, 126
Trd, 8639658.679, 121
Trd, 8639658.846, 105
Trd, 8639659.412, 107
Trd, 8639659.979, 116
Trd, 8639660.279, 127
Trd, 8639660.679, 90
Trd, 8639661.479, 102
Trd, 8639661.879, 139
Trd, 8639661.979, 81
Trd, 8639662.546, 80
Trd, 8639663.212, 94
Trd, 8639664.312, 118
Trd, 8639664.446, 97
Trd, 8639664.579, 93
Trd, 8639665.779, 128
Trd, 8639666.246, 125
Trd, 8639667.612, 140
Trd, 8639667.979, 133
Trd, 8639668.546, 124
Trd, 8639669.146, 98
Trd, 8639669.279, 84
Trd, 8639669.346, 120
Trd, 8639669.446, 65
Trd, 8639669.912, 98
Trd, 8639670.812, 118
Trd, 8639671.379, 97
Trd, 8639671.579, 117
Trd, 8639672.212, 133
Trd, 8639672.479, 132
Trd, 8639672.646, 123
Trd, 8639673.879, 100
Trd, 8639674.512, 116
Trd, 8639674.612, 98
Trd, 8639674.646, 93
Trd, 8639675.012, 107
Trd, 8639675.379, 124
Trd, 8639675.412, 102
Trd, 8639676.412, 139
Trd, 8639677.312, 101
Trd, 8639678.246, 104
Trd, 8639678.646, 101
Trd, 8639678.712, 100
Trd, 8639679.179, 137
Trd, 8639679.579, 140
Trd, 8639679.746, 133
Trd, 8639680.312, 100
Trd, 8639681.079, 119
Trd, 8639681.446, 115
Trd, 8639681.512, 122
Trd, 8639681.946, 109
Trd, 8639682.046, 99
Trd, 8639683.679, 123
Trd, 8639683.846, 119
Trd, 8639684.079, 113
Trd, 8639684.779, 107
Trd, 8639685.179, 127
Trd, 8639685.512, 139
Trd, 8639686.679, 133
Trd, 8639686.846, 130
Trd, 8639687.679, 121
Trd, 8639688.179, 126
Trd, 8639688.279, 123
Trd, 8639688.846, 120
Trd, 8639689.246, 126
Trd, 8639689.312, 118
Trd, 8639690.079, 119
Trd, 8639690.679, 117
Trd, 8639691.012, 116
Trd, 8639691.679, 95
Trd, 8639693.812, 127
Trd, 8639694.312, 137
Trd, 8639694.912, 138
Trd, 8639695.479, 139
Trd, 8639695.779, 130
Trd, 8639696.212, 131
Trd, 8639696.512, 124
Trd, 8639697.212, 137
Trd, 8639697.412, 114
Trd, 8639698.179, 137
Trd, 8639698.212, 117
Trd, 8639699.046, 118
Trd, 8639699.246, 122
Trd, 8639699.446, 118
Trd, 8639699.512, 96
Trd, 8639700.112, 116
Trd, 8639700.879, 110
Trd, 8639701.612, 135
Trd, 8639703.079, 129
Trd, 8639703.512, 113
Trd, 8639704.979, 134
Trd, 8639705.212, 128
Trd, 8639706.046, 139
Trd, 8639706.246, 128
Trd, 8639707.146, 132
Trd, 8639707.279, 132
Trd, 8639709.546, 140
Trd, 8639709.912, 120
Trd, 8639709.946, 123
Trd, 8639709.979, 105
Trd, 8639710.179, 139
Trd, 8639710.312, 133
Trd, 8639710.679, 104
Trd, 8639711.846, 136
Trd, 8639712.146, 120
Trd, 8639712.612, 97
Trd, 8639713.279, 93
Trd, 8639713.312, 85
Trd, 8639714.946, 122
Trd, 8639715.012, 131
Trd, 8639715.446, 123
Trd, 8639715.912, 114
Trd, 8639717.279, 121
Trd, 8639717.479, 119
Trd, 8639718.246, 115
Trd, 8639718.512, 112
Trd, 8639719.179, 103
Trd, 8639719.279, 84
Trd, 8639721.079, 99
Trd, 8639721.379, 110
Trd, 8639722.646, 128
Trd, 8639722.746, 122
Trd, 8639723.046, 121
Trd, 8639723.379, 120
Trd, 8639725.179, 123
Trd, 8639725.279, 120
Trd, 8639725.712, 131
Trd, 8639726.312, 80
Trd, 8639726.846, 129
Trd, 8639727.546, 115
Trd, 8639727.812, 104
Trd, 8639728.412, 98
Trd, 8639728.512, 98
Trd, 8639728.612, 91
Trd, 8639729.312, 123
Trd, 8639729.979, 137
Trd, 8639730.179, 113
Trd, 8639730.479, 111
Trd, 8639731.112, 86
Trd, 8639731.279, 137
Trd, 8639733.479, 123
Trd, 8639734.179, 126
Trd, 8639734.279, 120
Trd, 8639734.546, 121
Trd, 8639735.112, 134
Trd, 8639735.612, 123
Trd, 8639735.712, 108
Trd, 8639736.312, 134
Trd, 8639736.646, 116
Trd, 8639737.846, 137
Trd, 8639738.846, 120
Trd, 8639739.112, 102
Trd, 8639739.312, 96
Trd, 8639739.612, 123
Trd, 8639740.012, 95
Trd, 8639740.912, 137
Trd, 8639741.046, 138
Trd, 8639742.246, 139
Trd, 8639742.312, 137
Trd, 8639742.679, 133
Trd, 8639743.079, 133
Trd, 8639743.746, 127
Trd, 8639744.812, 106
Trd, 8639745.046, 105
Trd, 8639745.846, 110
Trd, 8639745.946, 86
Trd, 8639746.179, 119
Trd, 8639746.979, 131
Trd, 8639747.212, 138
Trd, 8639747.846, 139
Trd, 8639748.312, 118
Trd, 8639748.479, 112
Trd, 8639748.846, 93
Trd, 8639749.879, 123
Trd, 8639750.346, 112
Trd, 8639750.679, 110
Trd, 8639751.679, 127
Trd, 8639751.846, 138
Trd, 8639752.146, 130
Trd, 8639752.246, 125
Trd, 8639753.012, 118
Trd, 8639753.079, 115
Trd, 8639753.512, 113
Trd, 8639754.112, 115
Trd, 8639754.212, 105
Trd, 8639755.979, 126
Trd, 8639756.012, 121
Trd, 8639757.012, 122
Trd, 8639757.446, 101
Trd, 8639757.646, 137
Trd, 8639758.246, 111
Trd, 8639758.679, 112
Trd, 8639759.346, 115
Trd, 8639760.046, 84
Trd, 8639760.312, 101
Trd, 8639760.346, 78
Trd, 8639760.679, 75
Trd, 8639760.946, 72
Trd, 8639761.179, 106
Trd, 8639761.846, 137
Trd, 8639763.579, 138
Trd, 8639763.912, 135
Trd, 8639764.146, 135
Trd, 8639764.479, 123
Trd, 8639764.612, 117
Trd, 8639765.012, 137
Trd, 8639765.112, 115
Trd, 8639765.146, 114
Trd, 8639766.879, 117
Trd, 8639767.312, 117
Trd, 8639767.546, 115
Trd, 8639767.979, 128
Trd, 8639768.112, 107
Trd, 8639768.212, 105
Trd, 8639768.346, 102
Trd, 8639768.746, 112
Trd, 8639769.112, 88
Trd, 8639770.446, 130
Trd, 8639770.646, 127
Trd, 8639771.179, 111
Trd, 8639771.779, 109
Trd, 8639772.012, 116
Trd, 8639772.146, 85
Trd, 8639773.279, 136
Trd, 8639773.379, 97
Trd, 8639773.812, 91
Trd, 8639774.112, 107
Trd, 8639774.512, 104
Trd, 8639774.946, 127
Trd, 8639775.046, 103
Trd, 8639776.446, 103
Trd, 8639778.212, 138
Trd, 8639778.412, 136
Trd, 8639779.146, 130
Trd, 8639779.279, 112
Trd, 8639780.112, 110
Trd, 8639780.846, 110
Trd, 8639781.312, 123
Trd, 8639781.546, 92
Trd, 8639781.712, 108
Trd, 8639782.612, 130
Trd, 8639783.579, 134
Trd, 8639784.146, 132
Trd, 8639785.212, 133
Trd, 8639785.746, 101
Trd, 8639785.846, 114
Trd, 8639786.379, 113
Trd, 8639786.479, 135
Trd, 8639786.946, 129
Trd, 8639787.446, 117
Trd, 8639787.512, 114
Trd, 8639788.312, 84
Trd, 8639789.112, 136
Trd, 8639789.212, 132
Trd, 8639789.512, 131
Trd, 8639790.879, 105
Trd, 8639790.912, 68
Trd, 8639792.846, 122
Trd, 8639793.879, 98
Trd, 8639793.912, 98
Trd, 8639794.179, 93
Trd, 8639794.612, 89
Trd, 8639795.312, 138
Trd, 8639795.646, 132
Trd, 8639795.846, 107
Trd, 8639796.212, 133
Trd, 8639796.379, 127
Trd, 8639796.412, 100
Trd, 8639796.712, 131
Trd, 8639796.912, 98
Trd, 8639797.812, 136
Trd, 8639798.079, 127
Trd, 8639798.479, 102
Trd, 8639799.312, 126
Trd, 8639799.912, 140
Trd, 8639800.912, 121
Trd, 8639802.079, 136
Trd, 8639802.712, 137
Trd, 8639804.146, 121
Trd, 8639804.179, 115
Trd, 8639804.446, 114
Trd, 8639804.646, 134
Trd, 8639805.346, 135
Trd, 8639805.912, 82
Trd, 8639805.979, 139
Trd, 8639806.179, 92
Trd, 8639806.679, 82
Trd, 8639806.879, 74
Trd, 8639807.312, 106
Trd, 8639807.379, 86
Trd, 8639808.012, 73
Trd, 8639809.479, 136
Trd, 8639809.712, 130
Trd, 8639809.779, 124
Trd, 8639810.546, 122
Trd, 8639811.012, 125
Trd, 8639811.179, 116
Trd, 8639811.246, 111
Trd, 8639811.646, 86
Trd, 8639812.046, 121
Trd, 8639812.279, 105
Trd, 8639813.279, 80
Trd, 8639813.846, 72
Trd, 8639814.179, 88
Trd, 8639814.312, 77
Trd, 8639814.512, 138
Trd, 8639815.912, 123
Trd, 8639816.146, 106
Trd, 8639816.446, 112
Trd, 8639817.346, 104
Trd, 8639817.379, 101
Trd, 8639819.079, 116
Trd, 8639819.179, 102
Trd, 8639819.679, 92
Trd, 8639819.879, 131
Trd, 8639821.012, 120
Trd, 8639821.179, 115
Trd, 8639821.379, 100
Trd, 8639822.312, 109
Trd, 8639822.779, 125
Trd, 8639823.212, 97
Trd, 8639823.779, 85
Trd, 8639823.812, 101
Trd, 8639824.812, 119
Trd, 8639825.312, 135
Trd, 8639825.712, 112
Trd, 8639826.712, 109
Trd, 8639826.779, 108
Trd, 8639826.812, 106
Trd, 8639827.579, 131
Trd, 8639827.846, 124
Trd, 8639828.612, 138
Trd, 8639829.179, 132
Trd, 8639830.046, 102
Trd, 8639830.079, 101
Trd, 8639830.112, 98
Trd, 8639830.946, 89
Trd, 8639831.779, 103
Trd, 8639833.579, 124
Trd, 8639833.846, 121
Trd, 8639834.446, 125
Trd, 8639834.646, 121
Trd, 8639835.179, 117
Trd, 8639835.512, 130
Trd, 8639835.912, 138
Trd, 8639835.946, 103
Trd, 8639837.212, 137
Trd, 8639838.079, 136
Trd, 8639838.279, 103
Trd, 8639838.346, 118
Trd, 8639838.579, 118
Trd, 8639839.746, 133
Trd, 8639839.812, 119
Trd, 8639839.846, 113
Trd, 8639840.112, 139
Trd, 8639841.046, 109
Trd, 8639841.146, 107
Trd, 8639842.646, 122
Trd, 8639843.012, 121
Trd, 8639844.379, 122
Trd, 8639844.512, 114
Trd, 8639844.746, 110
Trd, 8639845.612, 130
Trd, 8639846.112, 113
Trd, 8639846.179, 111
Trd, 8639846.612, 114
Trd, 8639848.012, 117
Trd, 8639849.446, 117
Trd, 8639849.479, 114
Trd, 8639849.579, 109
Trd, 8639850.012, 140
Trd, 8639850.479, 138
Trd, 8639851.146, 116
Trd, 8639851.179, 108
Trd, 8639852.179, 98
Trd, 8639852.279, 118
Trd, 8639852.946, 135
Trd, 8639853.812, 134
Trd, 8639854.246, 131
Trd, 8639854.346, 122
Trd, 8639855.512, 132
Trd, 8639855.646, 108
Trd, 8639856.479, 116
Trd, 8639857.446, 109
Trd, 8639858.212, 112
Trd, 8639858.312, 106
Trd, 8639858.812, 127
Trd, 8639859.546, 122
Trd, 8639859.979, 88
Trd, 8639860.979, 111
Trd, 8639861.112, 108
Trd, 8639862.346, 125
Trd, 8639862.446, 92
Trd, 8639862.846, 140
Trd, 8639863.912, 129
Trd, 8639864.946, 131
Trd, 8639865.412, 122
Trd, 8639865.512, 115
Trd, 8639867.379, 131
Trd, 8639867.846, 104
Trd, 8639868.246, 107
Trd, 8639868.779, 112
Trd, 8639869.246, 107
Trd, 8639869.346, 104
Trd, 8639870.446, 129
Trd, 8639870.646, 90
Trd, 8639870.812, 86
Trd, 8639870.946, 85
Trd, 8639872.646, 132
Trd, 8639873.246, 123
Trd, 8639873.579, 127
Trd, 8639874.446, 125
Trd, 8639874.546, 120
Trd, 8639874.779, 114
Trd, 8639876.079, 139
Trd, 8639876.212, 131
Trd, 8639876.412, 88
Trd, 8639876.446, 84
Trd, 8639876.712, 78
Trd, 8639877.279, 86
Trd, 8639877.946, 119
Trd, 8639878.546, 84
Trd, 8639880.212, 126
Trd, 8639880.279, 102
Trd, 8639880.512, 123
Trd, 8639880.679, 123
Trd, 8639881.512, 133
Trd, 8639882.079, 127
Trd, 8639882.446, 94
Trd, 8639882.646, 93
Trd, 8639882.679, 64
Trd, 8639883.112, 68
Trd, 8639883.346, 72
Trd, 8639883.946, 73
Trd, 8639884.579, 125
Trd, 8639886.179, 129
Trd, 8639886.379, 136
Trd, 8639886.612, 118
Trd, 8639887.312, 133
Trd, 8639888.112, 135
Trd, 8639888.346, 129
Trd, 8639888.412, 128
Trd, 8639889.179, 118
Trd, 8639889.212, 107
Trd, 8639890.412, 138
Trd, 8639890.912, 115
Trd, 8639891.646, 131
Trd, 8639891.812, 104
Trd, 8639892.179, 102
Trd, 8639893.146, 136
Trd, 8639893.379, 112
Trd, 8639893.646, 104
Trd, 8639894.046, 108
Trd, 8639895.912, 134
Trd, 8639896.212, 119
Trd, 8639896.679, 114
Trd, 8639897.979, 140
Trd, 8639898.246, 134
Trd, 8639898.412, 132
Trd, 8639898.546, 107
Trd, 8639899.612, 97
Trd, 8639900.079, 139
Trd, 8639900.346, 123
Trd, 8639900.512, 125
Trd, 8639901.112, 112
Trd, 8639901.946, 139
Trd, 8639902.212, 128
Trd, 8639902.346, 124
Trd, 8639902.612, 124
Trd, 8639902.779, 122
Trd, 8639903.079, 82
Trd, 8639904.779, 96
Trd, 8639904.979, 76
Trd, 8639905.512, 88
Trd, 8639906.046, 137
Trd, 8639907.179, 112
Trd, 8639907.412, 105
Trd, 8639908.846, 132
Trd, 8639909.112, 132
Trd, 8639909.912, 134
Trd, 8639910.012, 122
Trd, 8639910.412, 110
Trd, 8639910.579, 103
Trd, 8639911.379, 130
Trd, 8639911.479, 108
Trd, 8639911.646, 138
Trd, 8639912.779, 84
Trd, 8639913.046, 138
Trd, 8639913.279, 81
Trd, 8639913.646, 126
Trd, 8639914.779, 118
Trd, 8639915.146, 136
Trd, 8639915.646, 133
Trd, 8639916.179, 107
Trd, 8639916.312, 101
Trd, 8639916.812, 139
Trd, 8639917.112, 133
Trd, 8639918.512, 108
Trd, 8639919.146, 135
Trd, 8639919.546, 105
Trd, 8639919.846, 121
Trd, 8639920.279, 110
Trd, 8639920.612, 117
Trd, 8639921.779, 131
Trd, 8639922.112, 116
Trd, 8639922.646, 112
Trd, 8639923.079, 119
Trd, 8639923.879, 108
Trd, 8639924.779, 135
Trd, 8639924.946, 129
Trd, 8639925.912, 131
Trd, 8639926.279, 125
Trd, 8639926.712, 135
Trd, 8639926.846, 132
Trd, 8639926.879, 124
Trd, 8639927.046, 119
Trd, 8639930.046, 129
Trd, 8639930.312, 126
Trd, 8639930.479, 110
Trd, 8639930.679, 107
Trd, 8639931.579, 101
Trd, 8639931.679, 99
Trd, 8639931.912, 131
Trd, 8639931.946, 84
Trd, 8639932.146, 115
Trd, 8639933.879, 140
Trd, 8639934.479, 137
Trd, 8639935.212, 131
Trd, 8639935.279, 106
Trd, 8639935.746, 113
Trd, 8639936.079, 120
Trd, 8639936.246, 104
Trd, 8639936.412, 121
Trd, 8639937.712, 116
Trd, 8639938.346, 99
Trd, 8639938.746, 97
Trd, 8639939.379, 107
Trd, 8639939.446, 97
Trd, 8639939.946, 96
Trd, 8639940.146, 91
Trd, 8639941.079, 137
Trd, 8639941.912, 119
Trd, 8639941.946, 116
Trd, 8639942.546, 108
Trd, 8639943.446, 84
Trd, 8639944.312, 137
Trd, 8639944.946, 136
Trd, 8639945.712, 138
Trd, 8639946.012, 132
Trd, 8639946.146, 128
Trd, 8639946.846, 128
Trd, 8639946.912, 111
Trd, 8639947.346, 97
Trd, 8639947.479, 137
Trd, 8639948.712, 92
Trd, 8639950.146, 127
Trd, 8639950.179, 125
Trd, 8639950.212, 117
Trd, 8639950.279, 124
Trd, 8639950.312, 116
Trd, 8639950.512, 131
Trd, 8639951.079, 130
Trd, 8639951.346, 120
Trd, 8639951.679, 90
Trd, 8639953.279, 132
Trd, 8639953.646, 124
Trd, 8639953.946, 123
Trd, 8639955.146, 102
Trd, 8639955.612, 134
Trd, 8639955.879, 110
Trd, 8639956.046, 129
Trd, 8639956.412, 126
Trd, 8639956.579, 103
Trd, 8639956.846, 94
Trd, 8639958.246, 140
Trd, 8639958.279, 110
Trd, 8639958.412, 86
Trd, 8639958.512, 83
Trd, 8639959.246, 95
Trd, 8639960.246, 66
Trd, 8639960.346, 68
Trd, 8639960.479, 129
Trd, 8639961.179, 116
Trd, 8639961.246, 91
Trd, 8639961.512, 76
Trd, 8639961.646, 66
Trd, 8639962.846, 72
Trd, 8639962.912, 63
Trd, 8639963.312, 70
Trd, 8639964.846, 133
Trd, 8639965.712, 126
Trd, 8639966.346, 102
Trd, 8639966.379, 93
Trd, 8639966.846, 120
Trd, 8639967.279, 107
Trd, 8639967.512, 93
Trd, 8639967.546, 112
Trd, 8639968.446, 113
Trd, 8639969.246, 92
Trd, 8639969.912, 100
Trd, 8639970.446, 99
Trd, 8639971.279, 130
Trd, 8639971.346, 124
Trd, 8639971.479, 124
Trd, 8639972.146, 131
Trd, 8639972.312, 110
Trd, 8639973.912, 133
Trd, 8639974.479, 124
Trd, 8639974.746, 105
Trd, 8639974.779, 103
Trd, 8639975.212, 90
Trd, 8639976.212, 136
Trd, 8639976.412, 115
Trd, 8639976.612, 83
Trd, 8639977.279, 135
Trd, 8639978.112, 121
Trd, 8639978.412, 91
Trd, 8639979.712, 133
Trd, 8639979.979, 139
Trd, 8639980.446, 128
Trd, 8639980.512, 113
Trd, 8639981.279, 83
Trd, 8639981.579, 90
Trd, 8639982.012, 99
Trd, 8639982.346, 109
Trd, 8639983.712, 100
Trd, 8639983.746, 112
Trd, 8639983.979, 99
Trd, 8639984.079, 90
Trd, 8639984.612, 117
Trd, 8639984.879, 100
Trd, 8639985.812, 129
Trd, 8639986.379, 103
Trd, 8639987.146, 124
Trd, 8639987.812, 128
Trd, 8639989.079, 94
Trd, 8639989.112, 90
Trd, 8639989.246, 85
Trd, 8639990.646, 118
Trd, 8639990.712, 108
Trd, 8639992.012, 93
Trd, 8639992.079, 82
Trd, 8639992.112, 79
Trd, 8639992.779, 111
Trd, 8639993.312, 109
Trd, 8639993.879, 134
Trd, 8639995.979, 123
Trd, 8639996.646, 122
Trd, 8639997.479, 132
Trd, 8639999.079, 125
Trd, 8639999.212, 137
Trd, 8639999.446, 135
Trd, 8639999.479, 118
Trd, 8639999.879, 118
