Trd, 8638780.512, 138
Trd, 8638780.812, 119
Trd, 8638780.879, 117
Trd, 8638781.112, 129
Trd, 8638781.212, 106
Trd, 8638781.746, 98
Trd, 8638782.546, 119
Trd, 8638782.579, 118
Trd, 8638783.179, 134
Trd, 8638783.212, 127
Trd, 8638783.279, 116
Trd, 8638784.079, 95
Trd, 8638784.212, 91
Trd, 8638784.946, 67
Trd, 8638785.379, 73
Trd, 8638785.579, 113
Trd, 8638786.512, 83
Trd, 8638786.579, 85
Trd, 8638786.779, 69
Trd, 8638787.379, 127
Trd, 8638787.412, 99
Trd, 8638787.746, 130
Trd, 8638788.112, 63
Trd, 8638788.879, 85
Trd, 8638789.212, 93
Trd, 8638790.146, 88
Trd, 8638790.379, 82
Trd, 8638790.412, 79
Trd, 8638790.779, 64
Trd, 8638791.646, 99
Trd, 8638792.112, 117
Trd, 8638792.179, 130
Trd, 8638792.879, 117
Trd, 8638792.946, 132
Trd, 8638793.346, 107
Trd, 8638793.479, 106
Trd, 8638793.612, 108
Trd, 8638794.646, 111
Trd, 8638794.779, 100
Trd, 8638794.946, 78
Trd, 8638795.946, 74
Trd, 8638796.379, 110
Trd, 8638797.479, 63
Trd, 8638797.946, 64
Trd, 8638798.312, 62
Trd, 8638798.546, 137
Trd, 8638798.579, 116
Trd, 8638798.679, 65
Trd, 8638798.846, 65
Trd, 8638799.179, 138
Trd, 8638800.112, 128
Trd, 8638800.812, 128
Trd, 8638800.912, 103
Trd, 8638802.012, 60
Trd, 8638802.146, 63
Trd, 8638802.179, 62
Trd, 8638802.646, 61
Trd, 8638802.746, 132
Trd, 8638803.046, 125
Trd, 8638803.912, 75
Trd, 8638804.946, 76
Trd, 8638805.979, 81
Trd, 8638806.946, 75
Trd, 8638807.012, 119
Trd, 8638807.712, 114
Trd, 8638808.212, 131
Trd, 8638808.846, 104
Trd, 8638809.012, 102
Trd, 8638809.046, 91
Trd, 8638809.146, 115
Trd, 8638810.012, 95
Trd, 8638810.579, 98
Trd, 8638810.746, 79
Trd, 8638810.779, 79
Trd, 8638812.312, 92
Trd, 8638812.912, 95
Trd, 8638813.046, 111
Trd, 8638813.246, 77
Trd, 8638813.346, 72
Trd, 8638813.779, 114
Trd, 8638814.246, 65
Trd, 8638814.812, 119
Trd, 8638815.712, 110
Trd, 8638816.079, 120
Trd, 8638816.612, 115
Trd, 8638817.179, 121
Trd, 8638818.046, 105
Trd, 8638818.412, 99
Trd, 8638819.512, 135
Trd, 8638820.112, 106
Trd, 8638820.879, 139
Trd, 8638821.146, 136
Trd, 8638821.479, 132
Trd, 8638821.679, 120
Trd, 8638821.779, 103
Trd, 8638822.912, 133
Trd, 8638823.179, 116
Trd, 8638824.046, 119
Trd, 8638824.179, 139
Trd, 8638824.246, 105
Trd, 8638825.412, 99
Trd, 8638825.512, 107
Trd, 8638825.912, 123
Trd, 8638826.046, 108
Trd, 8638826.346, 112
Trd, 8638826.679, 97
Trd, 8638826.846, 60
Trd, 8638828.212, 61
Trd, 8638828.479, 81
Trd, 8638828.712, 64
Trd, 8638829.146, 85
Trd, 8638829.712, 68
Trd, 8638830.312, 75
Trd, 8638830.879, 69
Trd, 8638831.046, 66
Trd, 8638831.146, 70
Trd, 8638831.612, 81
Trd, 8638832.846, 67
Trd, 8638833.679, 70
Trd, 8638833.712, 78
Trd, 8638834.746, 106
Trd, 8638834.779, 99
Trd, 8638836.479, 135
Trd, 8638836.679, 128
Trd, 8638837.246, 137
Trd, 8638837.579, 121
Trd, 8638837.979, 110
Trd, 8638838.346, 118
Trd, 8638838.746, 137
Trd, 8638838.846, 124
Trd, 8638839.046, 103
Trd, 8638839.212, 126
Trd, 8638839.379, 111
Trd, 8638840.246, 136
Trd, 8638840.579, 128
Trd, 8638840.979, 136
Trd, 8638841.246, 123
Trd, 8638841.346, 110
Trd, 8638842.812, 126
Trd, 8638843.012, 115
Trd, 8638843.146, 109
Trd, 8638843.812, 128
Trd, 8638844.012, 104
Trd, 8638844.212, 114
Trd, 8638844.412, 132
Trd, 8638844.812, 133
Trd, 8638845.312, 114
Trd, 8638845.679, 137
Trd, 8638846.446, 140
Trd, 8638846.512, 103
Trd, 8638847.279, 128
Trd, 8638847.312, 124
Trd, 8638847.379, 104
Trd, 8638848.079, 116
Trd, 8638848.212, 101
Trd, 8638848.946, 107
Trd, 8638849.412, 115
Trd, 8638850.446, 127
Trd, 8638850.879, 104
Trd, 8638851.012, 101
Trd, 8638851.846, 135
Trd, 8638851.979, 134
Trd, 8638852.612, 121
Trd, 8638853.146, 133
Trd, 8638853.179, 116
Trd, 8638853.312, 99
Trd, 8638853.446, 95
Trd, 8638853.812, 118
Trd, 8638854.746, 128
Trd, 8638854.879, 99
Trd, 8638855.812, 117
Trd, 8638856.112, 116
Trd, 8638856.212, 114
Trd, 8638856.646, 137
Trd, 8638857.246, 136
Trd, 8638857.446, 104
Trd, 8638858.212, 131
Trd, 8638858.479, 113
Trd, 8638858.846, 131
Trd, 8638859.046, 121
Trd, 8638859.179, 116
Trd, 8638859.679, 115
Trd, 8638860.179, 108
Trd, 8638861.779, 139
Trd, 8638862.046, 134
Trd, 8638862.112, 119
Trd, 8638862.612, 116
Trd, 8638863.412, 135
Trd, 8638863.512, 119
Trd, 8638864.112, 95
Trd, 8638864.346, 91
Trd, 8638865.279, 112
Trd, 8638865.879, 102
Trd, 8638866.746, 134
Trd, 8638866.812, 127
Trd, 8638867.946, 120
Trd, 8638868.312, 106
Trd, 8638868.579, 106
Trd, 8638868.679, 102
Trd, 8638868.712, 101
Trd, 8638868.812, 128
Trd, 8638869.046, 109
Trd, 8638869.779, 113
Trd, 8638869.912, 96
Trd, 8638870.446, 98
Trd, 8638870.612, 92
Trd, 8638870.646, 90
Trd, 8638871.112, 74
Trd, 8638871.346, 73
Trd, 8638871.579, 61
Trd, 8638872.846, 88
Trd, 8638872.879, 100
Trd, 8638873.712, 130
Trd, 8638873.846, 117
Trd, 8638873.979, 88
Trd, 8638874.612, 124
Trd, 8638875.512, 115
Trd, 8638875.912, 85
Trd, 8638876.312, 115
Trd, 8638876.612, 103
Trd, 8638877.879, 104
Trd, 8638878.079, 125
Trd, 8638878.746, 97
Trd, 8638878.846, 95
Trd, 8638879.079, 115
Trd, 8638879.879, 95
Trd, 8638880.346, 114
Trd, 8638880.512, 97
Trd, 8638880.946, 140
Trd, 8638881.312, 134
Trd, 8638881.446, 98
Trd, 8638881.512, 77
Trd, 8638881.846, 62
Trd, 8638882.079, 93
Trd, 8638882.412, 90
Trd, 8638883.246, 140
Trd, 8638883.312, 132
Trd, 8638884.112, 111
Trd, 8638885.312, 120
Trd, 8638886.012, 92
Trd, 8638886.412, 95
Trd, 8638887.212, 109
Trd, 8638888.312, 134
Trd, 8638888.346, 123
Trd, 8638888.379, 110
Trd, 8638888.712, 81
Trd, 8638889.046, 75
Trd, 8638889.279, 73
Trd, 8638889.412, 61
Trd, 8638889.512, 78
Trd, 8638890.079, 109
Trd, 8638891.346, 72
Trd, 8638891.779, 112
Trd, 8638891.812, 109
Trd, 8638892.212, 130
Trd, 8638892.312, 126
Trd, 8638893.012, 99
Trd, 8638893.946, 99
Trd, 8638894.012, 98
Trd, 8638894.179, 106
Trd, 8638894.979, 110
Trd, 8638895.346, 97
Trd, 8638895.579, 102
Trd, 8638895.612, 96
Trd, 8638895.979, 93
Trd, 8638896.112, 120
Trd, 8638897.479, 121
Trd, 8638897.646, 131
Trd, 8638898.212, 129
Trd, 8638898.279, 106
Trd, 8638898.346, 104
Trd, 8638898.512, 114
Trd, 8638898.879, 103
Trd, 8638900.079, 131
Trd, 8638900.112, 124
Trd, 8638900.212, 106
Trd, 8638900.946, 127
Trd, 8638901.179, 127
Trd, 8638901.579, 132
Trd, 8638902.546, 122
Trd, 8638903.412, 120
Trd, 8638903.879, 109
Trd, 8638904.412, 139
Trd, 8638904.779, 131
Trd, 8638905.112, 105
Trd, 8638905.279, 102
Trd, 8638905.612, 85
Trd, 8638905.746, 136
Trd, 8638906.546, 134
Trd, 8638906.879, 119
Trd, 8638907.279, 136
Trd, 8638907.579, 106
Trd, 8638907.612, 87
Trd, 8638908.346, 125
Trd, 8638909.046, 137
Trd, 8638910.146, 127
Trd, 8638910.546, 119
Trd, 8638910.746, 128
Trd, 8638911.279, 117
Trd, 8638911.379, 112
Trd, 8638911.446, 98
Trd, 8638912.879, 138
Trd, 8638912.912, 136
Trd, 8638913.579, 119
Trd, 8638913.779, 96
Trd, 8638914.079, 98
Trd, 8638914.579, 112
Trd, 8638914.846, 129
Trd, 8638915.679, 137
Trd, 8638915.746, 131
Trd, 8638916.512, 117
Trd, 8638916.846, 126
Trd, 8638917.779, 101
Trd, 8638918.179, 120
Trd, 8638918.446, 136
Trd, 8638919.046, 123
Trd, 8638919.412, 132
Trd, 8638919.779, 136
Trd, 8638920.979, 104
Trd, 8638921.146, 125
Trd, 8638921.512, 130
Trd, 8638921.746, 118
Trd, 8638922.412, 80
Trd, 8638922.512, 97
Trd, 8638922.712, 118
Trd, 8638922.879, 64
Trd, 8638923.546, 61
Trd, 8638924.012, 78
Trd, 8638925.012, 130
Trd, 8638925.212, 121
Trd, 8638925.379, 130
Trd, 8638926.279, 112
Trd, 8638926.646, 129
Trd, 8638926.746, 126
Trd, 8638927.679, 139
Trd, 8638927.746, 120
Trd, 8638927.779, 103
Trd, 8638927.846, 97
Trd, 8638928.512, 131
Trd, 8638929.279, 80
Trd, 8638930.146, 121
Trd, 8638930.446, 115
Trd, 8638930.579, 95
Trd, 8638930.779, 87
Trd, 8638931.079, 93
Trd, 8638931.412, 127
Trd, 8638932.279, 126
Trd, 8638933.312, 100
Trd, 8638933.512, 97
Trd, 8638933.846, 130
Trd, 8638934.112, 93
Trd, 8638934.646, 134
Trd, 8638934.979, 121
Trd, 8638935.612, 134
Trd, 8638935.679, 132
Trd, 8638935.846, 119
Trd, 8638935.912, 111
Trd, 8638936.312, 115
Trd, 8638936.479, 88
Trd, 8638937.046, 119
Trd, 8638937.912, 77
Trd, 8638937.979, 104
Trd, 8638938.979, 132
Trd, 8638939.979, 123
Trd, 8638940.746, 135
Trd, 8638940.879, 131
Trd, 8638941.346, 127
Trd, 8638941.646, 115
Trd, 8638941.746, 111
Trd, 8638941.879, 91
Trd, 8638942.046, 86
Trd, 8638942.679, 77
Trd, 8638943.146, 110
Trd, 8638943.479, 116
Trd, 8638943.679, 94
Trd, 8638944.079, 137
Trd, 8638944.512, 135
Trd, 8638945.246, 124
Trd, 8638945.412, 117
Trd, 8638945.546, 109
Trd, 8638946.079, 128
Trd, 8638946.612, 112
Trd, 8638946.879, 128
Trd, 8638946.946, 69
Trd, 8638947.246, 138
Trd, 8638948.012, 138
Trd, 8638948.346, 102
Trd, 8638948.412, 95
Trd, 8638948.546, 113
Trd, 8638949.512, 138
Trd, 8638949.546, 106
Trd, 8638950.346, 138
Trd, 8638950.612, 122
Trd, 8638951.046, 106
Trd, 8638951.379, 72
Trd, 8638951.846, 68
Trd, 8638952.112, 93
Trd, 8638952.646, 74
Trd, 8638953.412, 108
Trd, 8638954.146, 111
Trd, 8638954.479, 131
Trd, 8638955.446, 65
Trd, 8638955.479, 67
Trd, 8638955.779, 67
Trd, 8638955.979, 90
Trd, 8638956.012, 74
Trd, 8638956.546, 88
Trd, 8638956.712, 132
Trd, 8638956.746, 82
Trd, 8638957.446, 84
Trd, 8638958.746, 120
Trd, 8638959.279, 108
Trd, 8638959.579, 60
Trd, 8638960.212, 92
Trd, 8638960.312, 96
Trd, 8638960.412, 108
Trd, 8638960.812, 110
Trd, 8638961.246, 124
Trd, 8638961.379, 100
Trd, 8638961.712, 99
Trd, 8638961.912, 85
Trd, 8638963.079, 66
Trd, 8638963.712, 88
Trd, 8638963.946, 76
Trd, 8638964.279, 73
Trd, 8638964.379, 89
Trd, 8638964.812, 97
Trd, 8638964.979, 74
Trd, 8638965.512, 84
Trd, 8638966.412, 70
Trd, 8638966.646, 102
Trd, 8638967.346, 67
Trd, 8638967.412, 68
Trd, 8638967.746, 116
Trd, 8638968.379, 117
Trd, 8638968.412, 94
Trd, 8638969.946, 127
Trd, 8638970.446, 122
Trd, 8638971.146, 121
Trd, 8638971.279, 117
Trd, 8638971.979, 106
Trd, 8638972.412, 131
Trd, 8638972.579, 116
Trd, 8638972.779, 68
Trd, 8638974.446, 132
Trd, 8638974.779, 106
Trd, 8638974.846, 106
Trd, 8638975.546, 97
Trd, 8638975.712, 88
Trd, 8638975.812, 87
Trd, 8638976.146, 81
Trd, 8638977.746, 133
Trd, 8638978.346, 126
Trd, 8638978.912, 129
Trd, 8638978.979, 121
Trd, 8638979.246, 129
Trd, 8638980.046, 140
Trd, 8638980.279, 132
Trd, 8638980.779, 132
Trd, 8638980.879, 130
Trd, 8638981.212, 124
Trd, 8638981.412, 108
Trd, 8638982.046, 125
Trd, 8638983.012, 134
Trd, 8638983.446, 115
Trd, 8638983.612, 109
Trd, 8638983.646, 107
Trd, 8638983.779, 121
Trd, 8638984.079, 134
Trd, 8638984.179, 94
Trd, 8638984.646, 86
Trd, 8638985.046, 99
Trd, 8638985.646, 129
Trd, 8638986.446, 123
Trd, 8638986.712, 76
Trd, 8638987.312, 78
Trd, 8638987.679, 108
Trd, 8638988.012, 65
Trd, 8638988.379, 65
Trd, 8638989.812, 87
Trd, 8638990.079, 72
Trd, 8638990.112, 64
Trd, 8638990.312, 98
Trd, 8638990.546, 140
Trd, 8638991.646, 127
Trd, 8638992.079, 125
Trd, 8638992.446, 105
Trd, 8638992.946, 107
Trd, 8638993.446, 129
Trd, 8638993.679, 93
Trd, 8638994.146, 96
Trd, 8638995.012, 137
Trd, 8638995.679, 130
Trd, 8638996.346, 136
Trd, 8638996.412, 119
Trd, 8638996.512, 106
Trd, 8638997.079, 61
Trd, 8638997.246, 86
Trd, 8638997.446, 133
Trd, 8638997.846, 79
Trd, 8638999.246, 73
Trd, 8638999.346, 134
Trd, 8639000.146, 99
Trd, 8639000.546, 115
Trd, 8639000.746, 92
Trd, 8639000.846, 102
Trd, 8639000.879, 77
Trd, 8639001.779, 61
Trd, 8639001.912, 65
Trd, 8639003.112, 75
Trd, 8639003.812, 63
Trd, 8639003.912, 70
Trd, 8639004.046, 76
Trd, 8639004.079, 88
Trd, 8639005.112, 110
Trd, 8639005.146, 75
Trd, 8639005.679, 64
Trd, 8639006.746, 68
Trd, 8639006.912, 130
Trd, 8639007.046, 125
Trd, 8639007.212, 117
Trd, 8639007.646, 69
Trd, 8639008.579, 104
Trd, 8639008.846, 133
Trd, 8639008.879, 82
Trd, 8639009.212, 128
Trd, 8639010.246, 111
Trd, 8639010.446, 105
Trd, 8639010.912, 124
Trd, 8639010.979, 123
Trd, 8639011.146, 97
Trd, 8639011.346, 133
Trd, 8639011.412, 76
Trd, 8639011.512, 77
Trd, 8639012.246, 92
Trd, 8639012.446, 87
Trd, 8639012.812, 89
Trd, 8639013.979, 86
Trd, 8639014.379, 118
Trd, 8639014.479, 124
Trd, 8639014.579, 106
Trd, 8639015.112, 73
Trd, 8639015.612, 70
Trd, 8639016.479, 62
Trd, 8639016.612, 105
Trd, 8639016.812, 67
Trd, 8639016.946, 61
Trd, 8639017.512, 112
Trd, 8639017.679, 129
Trd, 8639019.146, 115
Trd, 8639019.179, 78
Trd, 8639019.812, 127
Trd, 8639019.946, 63
Trd, 8639020.612, 69
Trd, 8639020.879, 95
Trd, 8639021.746, 75
Trd, 8639022.312, 79
Trd, 8639022.812, 112
Trd, 8639023.412, 108
Trd, 8639023.612, 103
Trd, 8639023.646, 100
Trd, 8639023.912, 89
Trd, 8639024.079, 62
Trd, 8639025.079, 139
Trd, 8639025.646, 108
Trd, 8639025.846, 99
Trd, 8639026.079, 72
Trd, 8639027.279, 123
Trd, 8639027.712, 112
Trd, 8639028.546, 125
Trd, 8639028.712, 117
Trd, 8639029.612, 132
Trd, 8639029.912, 128
Trd, 8639030.412, 131
Trd, 8639030.646, 112
Trd, 8639032.046, 138
Trd, 8639032.146, 132
Trd, 8639032.212, 107
Trd, 8639032.479, 103
Trd, 8639032.812, 119
Trd, 8639033.779, 133
Trd, 8639034.112, 136
Trd, 8639034.446, 113
Trd, 8639034.679, 94
Trd, 8639035.212, 96
Trd, 8639035.479, 113
Trd, 8639036.679, 136
Trd, 8639036.779, 94
Trd, 8639037.312, 95
Trd, 8639037.379, 86
Trd, 8639037.412, 115
Trd, 8639037.646, 85
Trd, 8639039.746, 82
Trd, 8639040.246, 84
Trd, 8639040.279, 81
Trd, 8639041.079, 133
Trd, 8639041.212, 136
Trd, 8639042.346, 130
Trd, 8639042.379, 122
Trd, 8639042.546, 116
Trd, 8639042.846, 121
Trd, 8639043.146, 114
Trd, 8639044.646, 124
Trd, 8639044.712, 110
Trd, 8639045.346, 124
Trd, 8639046.112, 125
Trd, 8639046.412, 128
Trd, 8639046.546, 118
Trd, 8639046.712, 112
Trd, 8639046.946, 112
Trd, 8639047.046, 108
Trd, 8639047.112, 96
Trd, 8639047.446, 140
Trd, 8639047.612, 95
Trd, 8639047.779, 122
Trd, 8639048.912, 105
Trd, 8639049.046, 87
Trd, 8639049.412, 83
Trd, 8639050.779, 131
Trd, 8639051.046, 117
Trd, 8639051.379, 107
Trd, 8639052.512, 120
Trd, 8639052.946, 139
Trd, 8639053.079, 110
Trd, 8639053.212, 104
Trd, 8639055.012, 132
Trd, 8639055.412, 117
Trd, 8639055.979, 112
Trd, 8639056.712, 137
Trd, 8639056.846, 113
Trd, 8639057.012, 97
Trd, 8639058.179, 120
Trd, 8639058.246, 114
Trd, 8639058.346, 110
Trd, 8639058.646, 92
Trd, 8639058.979, 114
Trd, 8639059.012, 113
Trd, 8639060.012, 117
Trd, 8639060.146, 102
Trd, 8639060.412, 101
Trd, 8639061.046, 113
Trd, 8639062.146, 120
Trd, 8639062.646, 109
Trd, 8639063.246, 77
Trd, 8639064.712, 124
Trd, 8639064.846, 121
Trd, 8639064.879, 100
Trd, 8639065.312, 140
Trd, 8639065.479, 105
Trd, 8639066.379, 105
Trd, 8639066.446, 98
Trd, 8639066.812, 78
Trd, 8639067.112, 139
Trd, 8639068.212, 135
Trd, 8639068.279, 109
Trd, 8639068.746, 108
Trd, 8639069.046, 86
Trd, 8639069.212, 71
Trd, 8639069.312, 103
Trd, 8639069.646, 122
Trd, 8639070.812, 114
Trd, 8639070.979, 107
Trd, 8639071.012, 102
Trd, 8639073.079, 107
Trd, 8639073.579, 103
Trd, 8639073.779, 118
Trd, 8639074.046, 115
Trd, 8639074.246, 100
Trd, 8639074.446, 81
Trd, 8639074.746, 113
Trd, 8639075.479, 83
Trd, 8639075.546, 74
Trd, 8639075.846, 115
Trd, 8639076.612, 98
Trd, 8639077.046, 92
Trd, 8639077.846, 133
Trd, 8639077.879, 97
Trd, 8639078.279, 88
Trd, 8639078.812, 124
Trd, 8639078.912, 92
Trd, 8639079.346, 127
Trd, 8639079.612, 123
Trd, 8639079.679, 130
Trd, 8639079.746, 82
Trd, 8639080.979, 138
Trd, 8639081.046, 136
Trd, 8639081.546, 130
Trd, 8639083.079, 113
Trd, 8639083.379, 94
Trd, 8639083.746, 119
Trd, 8639084.746, 118
Trd, 8639084.879, 109
Trd, 8639085.079, 105
Trd, 8639085.379, 134
Trd, 8639086.412, 140
Trd, 8639086.846, 119
Trd, 8639087.112, 110
Trd, 8639087.546, 110
Trd, 8639087.612, 109
Trd, 8639088.012, 106
Trd, 8639088.912, 89
Trd, 8639090.112, 131
Trd, 8639090.412, 112
Trd, 8639090.479, 121
Trd, 8639090.512, 126
Trd, 8639090.879, 103
Trd, 8639091.412, 86
Trd, 8639091.746, 72
Trd, 8639091.812, 70
Trd, 8639091.979, 69
Trd, 8639092.612, 86
Trd, 8639092.912, 95
Trd, 8639093.512, 98
Trd, 8639093.812, 123
Trd, 8639094.012, 94
Trd, 8639094.546, 85
Trd, 8639095.679, 62
Trd, 8639096.046, 120
Trd, 8639096.212, 116
Trd, 8639096.912, 136
Trd, 8639097.779, 60
Trd, 8639098.012, 74
Trd, 8639098.512, 85
Trd, 8639099.012, 104
Trd, 8639099.179, 84
Trd, 8639099.479, 80
Trd, 8639099.979, 108
Trd, 8639101.512, 131
Trd, 8639101.579, 130
Trd, 8639101.679, 102
Trd, 8639101.979, 85
Trd, 8639102.146, 73
Trd, 8639102.279, 94
Trd, 8639102.679, 125
Trd, 8639103.246, 121
Trd, 8639103.879, 71
Trd, 8639104.946, 64
Trd, 8639106.146, 66
Trd, 8639107.579, 63
Trd, 8639107.846, 62
Trd, 8639108.412, 64
Trd, 8639108.646, 81
Trd, 8639109.012, 88
Trd, 8639109.246, 106
Trd, 8639109.446, 98
Trd, 8639109.479, 113
Trd, 8639110.212, 75
Trd, 8639110.246, 79
Trd, 8639110.346, 115
Trd, 8639110.846, 64
Trd, 8639111.179, 67
Trd, 8639111.312, 81
Trd, 8639111.512, 64
Trd, 8639112.712, 129
Trd, 8639113.946, 68
Trd, 8639114.546, 74
Trd, 8639115.646, 106
Trd, 8639115.912, 123
Trd, 8639116.512, 138
Trd, 8639116.646, 118
Trd, 8639116.679, 111
Trd, 8639117.012, 115
Trd, 8639117.346, 101
Trd, 8639118.312, 90
Trd, 8639118.479, 87
Trd, 8639118.512, 79
Trd, 8639118.712, 74
Trd, 8639119.612, 61
Trd, 8639119.712, 64
Trd, 8639120.312, 74
Trd, 8639120.446, 63
Trd, 8639120.846, 63
Trd, 8639121.312, 65
Trd, 8639121.346, 74
Trd, 8639122.079, 105
Trd, 8639122.346, 110
Trd, 8639123.046, 130
Trd, 8639123.379, 112
Trd, 8639123.612, 120
Trd, 8639124.179, 122
Trd, 8639125.512, 131
Trd, 8639125.879, 124
Trd, 8639125.979, 118
Trd, 8639127.646, 131
Trd, 8639128.046, 116
Trd, 8639128.179, 133
Trd, 8639128.512, 113
Trd, 8639129.012, 126
Trd, 8639129.579, 108
Trd, 8639130.146, 86
Trd, 8639130.179, 75
Trd, 8639130.412, 98
Trd, 8639130.646, 102
Trd, 8639130.912, 104
Trd, 8639131.646, 113
Trd, 8639132.179, 118
Trd, 8639132.579, 116
Trd, 8639132.779, 108
Trd, 8639132.946, 97
Trd, 8639133.246, 132
Trd, 8639133.779, 140
Trd, 8639134.612, 94
Trd, 8639135.246, 127
Trd, 8639135.546, 114
Trd, 8639135.746, 110
Trd, 8639136.112, 109
Trd, 8639137.079, 90
Trd, 8639137.446, 103
Trd, 8639137.712, 98
Trd, 8639137.812, 86
Trd, 8639138.246, 97
Trd, 8639139.046, 69
Trd, 8639139.179, 98
Trd, 8639139.279, 61
Trd, 8639139.812, 137
Trd, 8639140.046, 105
Trd, 8639140.646, 106
Trd, 8639140.812, 114
Trd, 8639143.112, 136
Trd, 8639143.346, 129
Trd, 8639143.812, 128
Trd, 8639144.046, 120
Trd, 8639144.146, 121
Trd, 8639144.279, 114
Trd, 8639144.579, 101
Trd, 8639144.646, 100
Trd, 8639144.912, 130
Trd, 8639145.079, 99
Trd, 8639145.212, 87
Trd, 8639147.346, 94
Trd, 8639147.446, 107
Trd, 8639147.746, 120
Trd, 8639148.112, 76
Trd, 8639148.379, 73
Trd, 8639148.512, 125
Trd, 8639148.612, 73
Trd, 8639148.846, 67
Trd, 8639150.146, 91
Trd, 8639151.146, 62
Trd, 8639151.746, 64
Trd, 8639151.879, 63
Trd, 8639151.979, 78
Trd, 8639152.112, 61
Trd, 8639152.612, 89
Trd, 8639152.746, 89
Trd, 8639152.879, 110
Trd, 8639153.279, 118
Trd, 8639153.346, 112
Trd, 8639153.812, 92
Trd, 8639154.479, 77
Trd, 8639154.846, 93
Trd, 8639156.012, 63
Trd, 8639156.712, 63
Trd, 8639157.079, 64
Trd, 8639157.246, 75
Trd, 8639158.212, 96
Trd, 8639158.446, 95
Trd, 8639158.779, 105
Trd, 8639158.812, 87
Trd, 8639159.246, 62
Trd, 8639159.546, 140
Trd, 8639159.812, 137
Trd, 8639160.279, 94
Trd, 8639161.146, 61
Trd, 8639162.046, 132
Trd, 8639162.112, 91
Trd, 8639162.379, 89
Trd, 8639163.379, 84
Trd, 8639164.012, 72
Trd, 8639164.179, 84
Trd, 8639164.312, 77
Trd, 8639164.579, 80
Trd, 8639164.846, 77
Trd, 8639164.946, 83
Trd, 8639165.279, 82
Trd, 8639165.879, 61
Trd, 8639166.679, 125
Trd, 8639166.712, 119
Trd, 8639167.612, 135
Trd, 8639167.812, 129
Trd, 8639167.912, 120
Trd, 8639167.979, 118
Trd, 8639168.579, 126
Trd, 8639169.246, 106
Trd, 8639169.579, 128
Trd, 8639170.112, 118
Trd, 8639170.712, 98
Trd, 8639171.346, 133
Trd, 8639172.079, 93
Trd, 8639172.979, 110
Trd, 8639173.112, 115
Trd, 8639173.212, 103
Trd, 8639173.279, 117
Trd, 8639173.479, 109
Trd, 8639173.946, 138
Trd, 8639174.279, 136
Trd, 8639174.446, 92
Trd, 8639174.779, 123
Trd, 8639175.079, 76
Trd, 8639175.979, 63
Trd, 8639176.879, 132
Trd, 8639177.012, 131
Trd, 8639177.712, 131
Trd, 8639178.979, 139
Trd, 8639179.046, 124
Trd, 8639179.146, 112
Trd, 8639179.512, 103
Trd, 8639179.812, 98
Trd, 8639179.879, 113
Trd, 8639180.079, 89
Trd, 8639180.846, 131
Trd, 8639181.346, 118
Trd, 8639181.979, 94
Trd, 8639182.179, 90
Trd, 8639182.246, 121
Trd, 8639182.279, 80
Trd, 8639182.746, 140
Trd, 8639183.279, 111
Trd, 8639183.546, 107
Trd, 8639183.912, 123
Trd, 8639184.446, 106
Trd, 8639184.479, 83
Trd, 8639184.646, 123
Trd, 8639185.346, 131
Trd, 8639185.446, 130
Trd, 8639186.846, 137
Trd, 8639187.112, 137
Trd, 8639187.379, 137
Trd, 8639187.512, 111
Trd, 8639187.946, 107
Trd, 8639188.179, 85
Trd, 8639188.346, 98
Trd, 8639189.612, 135
Trd, 8639189.646, 127
Trd, 8639190.679, 128
Trd, 8639190.946, 112
Trd, 8639191.579, 136
Trd, 8639191.679, 102
Trd, 8639192.646, 111
Trd, 8639192.712, 93
Trd, 8639193.646, 95
Trd, 8639193.779, 94
Trd, 8639194.646, 135
Trd, 8639194.712, 128
Trd, 8639194.946, 134
Trd, 8639195.279, 140
Trd, 8639195.379, 110
Trd, 8639195.479, 101
Trd, 8639195.846, 88
Trd, 8639196.312, 129
Trd, 8639196.346, 87
Trd, 8639196.779, 131
Trd, 8639197.146, 95
Trd, 8639198.046, 137
Trd, 8639198.079, 116
Trd, 8639198.146, 110
Trd, 8639199.579, 110
Trd, 8639200.012, 116
Trd, 8639200.312, 123
Trd, 8639200.579, 117
Trd, 8639200.712, 114
Trd, 8639201.712, 118
Trd, 8639202.479, 139
Trd, 8639202.912, 139
Trd, 8639203.146, 97
Trd, 8639203.179, 97
Trd, 8639203.579, 139
Trd, 8639203.812, 92
Trd, 8639204.346, 118
Trd, 8639205.346, 119
Trd, 8639205.379, 112
Trd, 8639206.212, 105
Trd, 8639206.746, 104
Trd, 8639206.979, 100
Trd, 8639207.312, 92
Trd, 8639207.346, 76
Trd, 8639207.446, 65
Trd, 8639208.446, 131
Trd, 8639208.746, 136
Trd, 8639209.012, 112
Trd, 8639209.112, 110
Trd, 8639209.612, 139
Trd, 8639209.846, 95
Trd, 8639210.746, 127
Trd, 8639211.512, 139
Trd, 8639211.679, 78
Trd, 8639212.512, 73
Trd, 8639212.612, 104
Trd, 8639213.579, 117
Trd, 8639213.746, 111
Trd, 8639213.812, 96
Trd, 8639215.046, 101
Trd, 8639215.146, 128
Trd, 8639215.246, 95
Trd, 8639216.046, 127
Trd, 8639216.812, 135
Trd, 8639217.279, 119
Trd, 8639217.879, 113
Trd, 8639217.946, 139
Trd, 8639218.079, 110
Trd, 8639218.246, 102
Trd, 8639218.612, 94
Trd, 8639218.646, 80
Trd, 8639219.746, 114
Trd, 8639219.879, 97
Trd, 8639221.312, 82
Trd, 8639221.712, 82
Trd, 8639222.179, 90
Trd, 8639222.379, 105
Trd, 8639222.546, 107
Trd, 8639223.212, 96
Trd, 8639223.279, 84
Trd, 8639223.746, 113
Trd, 8639224.246, 130
Trd, 8639224.446, 99
Trd, 8639224.479, 85
Trd, 8639224.679, 130
Trd, 8639225.379, 112
Trd, 8639225.479, 102
Trd, 8639226.746, 88
Trd, 8639227.412, 95
Trd, 8639227.812, 88
Trd, 8639228.046, 84
Trd, 8639228.246, 82
Trd, 8639228.779, 140
Trd, 8639228.846, 100
Trd, 8639229.246, 64
Trd, 8639229.546, 89
Trd, 8639229.879, 113
Trd, 8639230.679, 137
Trd, 8639230.812, 110
Trd, 8639230.912, 109
Trd, 8639231.246, 134
Trd, 8639231.579, 108
Trd, 8639231.646, 118
Trd, 8639233.179, 122
Trd, 8639233.479, 113
Trd, 8639233.746, 83
Trd, 8639234.012, 126
Trd, 8639234.379, 74
Trd, 8639234.812, 85
Trd, 8639235.212, 93
Trd, 8639235.746, 89
Trd, 8639236.046, 94
Trd, 8639236.212, 80
Trd, 8639236.479, 114
Trd, 8639236.612, 110
Trd, 8639237.279, 91
Trd, 8639237.346, 99
Trd, 8639238.046, 125
Trd, 8639238.412, 113
Trd, 8639239.046, 76
Trd, 8639239.346, 76
Trd, 8639239.579, 62
Trd, 8639240.512, 131
Trd, 8639240.612, 105
Trd, 8639241.046, 111
Trd, 8639242.412, 133
Trd, 8639242.979, 129
Trd, 8639243.012, 125
Trd, 8639243.446, 119
Trd, 8639243.812, 126
Trd, 8639244.246, 122
Trd, 8639244.512, 117
Trd, 8639245.046, 137
Trd, 8639245.279, 120
Trd, 8639245.512, 89
Trd, 8639246.279, 64
Trd, 8639246.979, 70
Trd, 8639247.312, 99
Trd, 8639247.846, 69
Trd, 8639247.912, 75
Trd, 8639248.379, 87
Trd, 8639249.179, 102
Trd, 8639249.246, 88
Trd, 8639249.679, 119
Trd, 8639249.746, 84
Trd, 8639251.279, 115
Trd, 8639251.479, 106
Trd, 8639251.746, 120
Trd, 8639253.079, 136
Trd, 8639253.312, 118
Trd, 8639254.012, 132
Trd, 8639254.146, 125
Trd, 8639254.279, 119
Trd, 8639255.112, 119
Trd, 8639255.346, 112
Trd, 8639255.612, 109
Trd, 8639256.712, 114
Trd, 8639256.979, 129
Trd, 8639257.346, 109
Trd, 8639258.146, 115
Trd, 8639258.246, 134
Trd, 8639259.079, 117
Trd, 8639259.246, 111
Trd, 8639259.546, 102
Trd, 8639259.946, 100
Trd, 8639260.079, 99
Trd, 8639260.312, 83
Trd, 8639260.646, 81
Trd, 8639261.412, 123
Trd, 8639261.779, 101
Trd, 8639262.412, 83
Trd, 8639262.479, 81
Trd, 8639263.579, 78
Trd, 8639263.979, 72
Trd, 8639264.446, 131
Trd, 8639264.512, 85
Trd, 8639264.612, 70
Trd, 8639264.746, 111
Trd, 8639264.779, 117
Trd, 8639265.046, 139
Trd, 8639265.812, 80
Trd, 8639265.946, 67
Trd, 8639266.679, 99
Trd, 8639266.946, 91
Trd, 8639267.646, 117
Trd, 8639268.179, 127
Trd, 8639268.779, 104
Trd, 8639269.779, 111
Trd, 8639269.879, 116
Trd, 8639269.979, 98
Trd, 8639270.712, 135
Trd, 8639271.279, 130
Trd, 8639271.346, 101
Trd, 8639271.779, 86
Trd, 8639271.879, 92
Trd, 8639272.412, 82
Trd, 8639274.379, 130
Trd, 8639274.679, 125
Trd, 8639275.312, 130
Trd, 8639276.912, 130
Trd, 8639276.946, 121
Trd, 8639277.112, 111
Trd, 8639277.712, 138
Trd, 8639278.079, 137
Trd, 8639278.812, 129
Trd, 8639278.846, 122
Trd, 8639279.179, 120
Trd, 8639279.446, 134
Trd, 8639279.479, 103
Trd, 8639279.679, 94
Trd, 8639279.812, 85
Trd, 8639279.979, 83
Trd, 8639280.812, 111
Trd, 8639281.346, 95
Trd, 8639281.679, 130
Trd, 8639281.979, 68
Trd, 8639282.879, 119
Trd, 8639283.079, 111
Trd, 8639283.912, 137
Trd, 8639284.579, 117
Trd, 8639284.712, 139
Trd, 8639285.346, 138
Trd, 8639286.046, 110
Trd, 8639286.512, 100
Trd, 8639287.246, 120
Trd, 8639287.346, 98
Trd, 8639287.846, 122
Trd, 8639287.946, 93
Trd, 8639288.312, 103
Trd, 8639288.412, 85
Trd, 8639288.646, 108
Trd, 8639289.112, 68
Trd, 8639289.612, 112
Trd, 8639289.746, 111
Trd, 8639290.479, 99
Trd, 8639290.546, 94
Trd, 8639290.779, 137
Trd, 8639291.279, 73
Trd, 8639292.179, 102
Trd, 8639292.846, 104
Trd, 8639293.979, 64
Trd, 8639294.612, 71
Trd, 8639294.846, 89
Trd, 8639295.046, 66
Trd, 8639295.246, 81
Trd, 8639295.712, 69
Trd, 8639296.446, 78
Trd, 8639296.679, 101
Trd, 8639297.012, 76
Trd, 8639297.379, 123
Trd, 8639297.612, 114
Trd, 8639297.879, 108
Trd, 8639297.912, 107
Trd, 8639298.512, 130
Trd, 8639298.612, 104
Trd, 8639299.579, 104
Trd, 8639299.879, 77
Trd, 8639300.346, 93
Trd, 8639300.446, 106
Trd, 8639301.312, 89
Trd, 8639301.512, 84
Trd, 8639301.779, 132
Trd, 8639302.179, 82
Trd, 8639302.246, 78
Trd, 8639302.812, 72
Trd, 8639303.079, 104
Trd, 8639303.112, 124
Trd, 8639303.646, 108
Trd, 8639305.246, 114
Trd, 8639306.146, 128
Trd, 8639306.379, 122
Trd, 8639306.412, 110
Trd, 8639307.179, 114
Trd, 8639307.912, 98
Trd, 8639308.112, 121
Trd, 8639308.812, 103
Trd, 8639309.279, 97
Trd, 8639309.479, 94
Trd, 8639309.546, 128
Trd, 8639310.479, 139
Trd, 8639311.512, 114
Trd, 8639311.646, 106
Trd, 8639311.879, 100
Trd, 8639312.146, 110
Trd, 8639312.212, 90
Trd, 8639312.312, 81
Trd, 8639313.112, 112
Trd, 8639314.179, 119
Trd, 8639315.179, 99
Trd, 8639315.646, 103
Trd, 8639315.779, 89
Trd, 8639316.279, 103
Trd, 8639316.312, 86
Trd, 8639316.879, 135
Trd, 8639317.312, 81
Trd, 8639317.612, 117
Trd, 8639318.179, 78
Trd, 8639318.446, 125
Trd, 8639318.512, 77
Trd, 8639319.246, 137
Trd, 8639319.946, 111
Trd, 8639320.112, 107
Trd, 8639320.479, 64
Trd, 8639321.146, 122
Trd, 8639322.112, 90
Trd, 8639322.479, 89
Trd, 8639322.779, 135
Trd, 8639323.212, 128
Trd, 8639324.479, 118
Trd, 8639324.779, 121
Trd, 8639325.212, 124
Trd, 8639325.312, 119
Trd, 8639325.646, 100
Trd, 8639325.912, 116
Trd, 8639326.112, 103
Trd, 8639326.812, 89
Trd, 8639328.512, 92
Trd, 8639328.679, 95
Trd, 8639328.746, 89
Trd, 8639329.246, 118
Trd, 8639329.512, 110
Trd, 8639329.679, 108
Trd, 8639330.046, 119
Trd, 8639330.279, 112
Trd, 8639330.712, 100
Trd, 8639330.846, 118
Trd, 8639331.112, 83
Trd, 8639331.579, 112
Trd, 8639333.512, 104
Trd, 8639334.079, 106
Trd, 8639334.412, 100
Trd, 8639335.079, 94
Trd, 8639335.346, 89
Trd, 8639335.679, 129
Trd, 8639335.746, 123
Trd, 8639336.046, 119
Trd, 8639336.379, 133
Trd, 8639336.646, 111
Trd, 8639336.679, 110
Trd, 8639337.612, 123
Trd, 8639337.746, 114
Trd, 8639338.179, 140
Trd, 8639339.579, 108
Trd, 8639339.979, 84
Trd, 8639340.179, 100
Trd, 8639340.612, 63
Trd, 8639341.112, 65
Trd, 8639341.179, 88
Trd, 8639341.546, 104
Trd, 8639342.346, 110
Trd, 8639343.312, 107
Trd, 8639343.446, 102
Trd, 8639343.479, 87
Trd, 8639343.679, 106
Trd, 8639344.346, 131
Trd, 8639344.446, 126
Trd, 8639344.612, 117
Trd, 8639344.846, 112
Trd, 8639344.912, 80
Trd, 8639345.212, 82
Trd, 8639345.912, 125
Trd, 8639346.446, 85
Trd, 8639347.012, 106
Trd, 8639347.546, 113
Trd, 8639348.079, 111
Trd, 8639348.412, 129
Trd, 8639348.912, 122
Trd, 8639349.412, 100
Trd, 8639349.646, 99
Trd, 8639350.212, 93
Trd, 8639350.879, 132
Trd, 8639351.179, 140
Trd, 8639351.446, 121
Trd, 8639352.612, 116
Trd, 8639352.646, 110
Trd, 8639353.212, 114
Trd, 8639353.512, 110
Trd, 8639354.579, 114
Trd, 8639354.879, 138
Trd, 8639355.279, 137
Trd, 8639355.546, 136
Trd, 8639355.712, 108
Trd, 8639355.946, 129
Trd, 8639356.179, 108
Trd, 8639356.479, 114
Trd, 8639356.679, 95
Trd, 8639357.379, 120
Trd, 8639357.746, 135
Trd, 8639358.712, 121
Trd, 8639359.512, 115
Trd, 8639359.979, 100
Trd, 8639360.146, 94
Trd, 8639360.879, 117
Trd, 8639361.512, 132
Trd, 8639362.012, 126
Trd, 8639362.446, 113
Trd, 8639363.512, 133
Trd, 8639363.746, 116
Trd, 8639364.112, 92
Trd, 8639364.412, 84
Trd, 8639364.479, 88
Trd, 8639365.146, 120
Trd, 8639365.212, 126
Trd, 8639365.679, 131
Trd, 8639365.912, 90
Trd, 8639366.279, 118
Trd, 8639366.712, 101
Trd, 8639367.079, 98
Trd, 8639367.179, 95
Trd, 8639367.446, 72
Trd, 8639367.546, 67
Trd, 8639368.779, 62
Trd, 8639369.612, 63
Trd, 8639369.746, 132
Trd, 8639370.079, 111
Trd, 8639370.512, 117
Trd, 8639370.812, 111
Trd, 8639370.946, 81
Trd, 8639371.412, 86
Trd, 8639371.479, 88
Trd, 8639371.946, 82
Trd, 8639372.712, 97
Trd, 8639373.846, 119
Trd, 8639374.146, 109
Trd, 8639374.679, 117
Trd, 8639375.579, 124
Trd, 8639375.679, 125
Trd, 8639375.746, 110
Trd, 8639375.846, 107
Trd, 8639375.946, 88
Trd, 8639376.746, 135
Trd, 8639376.912, 89
Trd, 8639377.579, 90
Trd, 8639377.746, 124
Trd, 8639377.846, 84
Trd, 8639378.646, 125
Trd, 8639379.612, 108
Trd, 8639379.812, 85
Trd, 8639380.012, 83
Trd, 8639380.212, 84
Trd, 8639380.946, 127
Trd, 8639381.579, 104
Trd, 8639381.646, 88
Trd, 8639382.212, 100
Trd, 8639382.246, 84
Trd, 8639382.312, 81
Trd, 8639382.746, 120
Trd, 8639382.946, 91
Trd, 8639383.112, 135
Trd, 8639383.846, 127
Trd, 8639384.779, 106
Trd, 8639384.979, 79
Trd, 8639386.146, 71
Trd, 8639386.512, 105
Trd, 8639386.712, 102
Trd, 8639386.912, 86
Trd, 8639387.812, 114
Trd, 8639388.079, 99
Trd, 8639388.246, 94
Trd, 8639388.279, 122
Trd, 8639388.346, 91
Trd, 8639388.512, 75
Trd, 8639388.812, 122
Trd, 8639389.246, 66
Trd, 8639390.979, 114
Trd, 8639391.312, 92
Trd, 8639391.512, 114
Trd, 8639391.712, 80
Trd, 8639392.479, 81
Trd, 8639392.946, 100
Trd, 8639393.112, 103
Trd, 8639393.212, 65
Trd, 8639393.879, 126
Trd, 8639394.279, 78
Trd, 8639395.246, 112
Trd, 8639395.312, 120
Trd, 8639395.979, 61
Trd, 8639396.146, 85
Trd, 8639396.712, 66
Trd, 8639397.046, 61
Trd, 8639397.579, 136
Trd, 8639397.846, 129
Trd, 8639398.146, 82
Trd, 8639398.846, 83
Trd, 8639398.946, 82
Trd, 8639399.312, 63
Trd, 8639399.412, 112
Trd, 8639399.746, 71
Trd, 8639400.879, 84
Trd, 8639401.046, 67
Trd, 8639401.579, 71
Trd, 8639401.946, 87
Trd, 8639402.046, 100
Trd, 8639403.279, 117
Trd, 8639403.412, 102
Trd, 8639403.446, 96
Trd, 8639404.046, 105
Trd, 8639404.279, 111
Trd, 8639404.579, 93
Trd, 8639404.779, 140
Trd, 8639405.112, 92
Trd, 8639405.412, 82
Trd, 8639405.446, 77
Trd, 8639406.412, 125
Trd, 8639406.912, 110
Trd, 8639407.079, 100
Trd, 8639407.179, 89
Trd, 8639407.846, 90
Trd, 8639408.246, 66
Trd, 8639409.012, 60
Trd, 8639409.379, 83
Trd, 8639409.546, 106
Trd, 8639410.246, 80
Trd, 8639410.312, 69
Trd, 8639411.112, 134
Trd, 8639411.212, 134
Trd, 8639411.946, 123
Trd, 8639412.212, 121
Trd, 8639412.879, 119
Trd, 8639413.012, 97
Trd, 8639413.079, 88
Trd, 8639413.479, 69
Trd, 8639414.212, 84
Trd, 8639414.512, 105
Trd, 8639415.312, 100
Trd, 8639416.246, 122
Trd, 8639416.812, 119
Trd, 8639417.046, 114
Trd, 8639417.079, 113
Trd, 8639417.979, 123
Trd, 8639418.346, 118
Trd, 8639418.446, 105
Trd, 8639419.112, 113
Trd, 8639419.679, 87
Trd, 8639420.279, 86
Trd, 8639420.412, 65
Trd, 8639420.612, 120
Trd, 8639420.812, 119
Trd, 8639421.146, 110
Trd, 8639421.379, 116
Trd, 8639421.479, 100
Trd, 8639422.312, 122
Trd, 8639423.046, 90
Trd, 8639423.446, 92
Trd, 8639423.812, 90
Trd, 8639424.246, 79
Trd, 8639424.679, 99
Trd, 8639425.046, 101
Trd, 8639425.146, 100
Trd, 8639425.712, 91
Trd, 8639426.279, 103
Trd, 8639426.379, 87
Trd, 8639426.779, 122
Trd, 8639427.379, 82
Trd, 8639427.712, 61
Trd, 8639428.879, 122
Trd, 8639429.846, 118
Trd, 8639430.012, 118
Trd, 8639430.446, 114
Trd, 8639430.912, 123
Trd, 8639431.546, 131
Trd, 8639432.012, 133
Trd, 8639432.279, 136
Trd, 8639432.846, 139
Trd, 8639432.912, 113
Trd, 8639433.046, 102
Trd, 8639433.112, 91
Trd, 8639433.446, 125
Trd, 8639434.412, 116
Trd, 8639435.412, 108
Trd, 8639436.246, 103
Trd, 8639437.012, 109
Trd, 8639437.079, 93
Trd, 8639437.312, 86
Trd, 8639438.012, 110
Trd, 8639438.279, 138
Trd, 8639439.346, 135
Trd, 8639439.846, 70
Trd, 8639440.579, 115
Trd, 8639440.746, 74
Trd, 8639440.912, 79
Trd, 8639440.946, 71
Trd, 8639441.746, 121
Trd, 8639441.879, 113
Trd, 8639442.179, 65
Trd, 8639442.412, 78
Trd, 8639443.046, 117
Trd, 8639443.179, 108
Trd, 8639443.212, 101
Trd, 8639444.012, 76
Trd, 8639444.312, 122
Trd, 8639444.812, 77
Trd, 8639446.146, 62
Trd, 8639446.212, 91
Trd, 8639447.746, 140
Trd, 8639447.846, 129
Trd, 8639447.912, 109
Trd, 8639447.979, 108
Trd, 8639448.279, 65
Trd, 8639448.546, 104
Trd, 8639448.846, 113
Trd, 8639450.112, 94
Trd, 8639450.246, 105
Trd, 8639450.312, 91
Trd, 8639450.512, 78
Trd, 8639450.812, 62
Trd, 8639451.112, 62
Trd, 8639452.512, 123
Trd, 8639453.412, 111
Trd, 8639453.446, 123
Trd, 8639453.846, 113
Trd, 8639454.212, 75
Trd, 8639454.612, 115
Trd, 8639455.446, 100
Trd, 8639455.512, 101
Trd, 8639455.712, 134
Trd, 8639456.379, 92
Trd, 8639457.412, 90
Trd, 8639457.546, 83
Trd, 8639458.146, 73
Trd, 8639458.279, 97
Trd, 8639458.579, 115
Trd, 8639459.179, 105
Trd, 8639459.279, 102
Trd, 8639459.512, 128
Trd, 8639459.712, 70
Trd, 8639460.612, 69
Trd, 8639461.312, 120
Trd, 8639461.779, 116
Trd, 8639461.879, 134
Trd, 8639462.179, 75
Trd, 8639462.546, 133
Trd, 8639462.646, 116
Trd, 8639463.079, 111
Trd, 8639463.512, 94
Trd, 8639463.579, 79
Trd, 8639463.946, 61
Trd, 8639465.646, 60
Trd, 8639465.812, 77
Trd, 8639466.012, 92
Trd, 8639466.279, 114
Trd, 8639466.446, 109
Trd, 8639466.746, 78
Trd, 8639467.812, 68
Trd, 8639468.346, 87
Trd, 8639468.479, 108
Trd, 8639468.746, 93
Trd, 8639469.046, 84
Trd, 8639469.279, 89
Trd, 8639469.812, 103
Trd, 8639470.246, 88
Trd, 8639471.512, 135
Trd, 8639471.812, 138
Trd, 8639471.879, 133
Trd, 8639472.246, 128
Trd, 8639472.512, 115
Trd, 8639472.812, 94
Trd, 8639474.546, 117
Trd, 8639474.779, 111
Trd, 8639475.512, 96
Trd, 8639475.912, 95
Trd, 8639476.179, 86
Trd, 8639476.246, 64
Trd, 8639476.712, 81
Trd, 8639476.912, 67
Trd, 8639477.146, 104
Trd, 8639477.779, 139
Trd, 8639478.679, 89
Trd, 8639479.346, 131
Trd, 8639479.912, 102
Trd, 8639480.779, 136
Trd, 8639480.846, 131
Trd, 8639481.212, 115
Trd, 8639481.412, 100
Trd, 8639482.412, 116
Trd, 8639482.746, 105
Trd, 8639482.879, 101
Trd, 8639483.179, 121
Trd, 8639483.612, 116
Trd, 8639484.146, 133
Trd, 8639484.379, 127
Trd, 8639485.446, 105
Trd, 8639485.879, 137
Trd, 8639486.012, 92
Trd, 8639486.079, 89
Trd, 8639486.112, 85
Trd, 8639486.346, 88
Trd, 8639487.046, 139
Trd, 8639487.346, 139
Trd, 8639487.479, 87
Trd, 8639487.979, 121
Trd, 8639488.012, 70
Trd, 8639488.746, 79
Trd, 8639489.179, 131
Trd, 8639489.379, 67
Trd, 8639490.112, 115
Trd, 8639490.246, 110
Trd, 8639492.112, 134
Trd, 8639492.179, 127
Trd, 8639492.579, 132
Trd, 8639493.446, 88
Trd, 8639493.479, 72
Trd, 8639493.546, 72
Trd, 8639494.312, 75
Trd, 8639494.612, 114
Trd, 8639494.679, 132
Trd, 8639495.212, 113
Trd, 8639495.712, 97
Trd, 8639495.812, 92
Trd, 8639496.079, 70
Trd, 8639496.412, 136
Trd, 8639497.212, 110
Trd, 8639497.579, 74
Trd, 8639497.646, 95
Trd, 8639497.879, 135
Trd, 8639499.246, 73
Trd, 8639499.412, 101
Trd, 8639499.846, 114
Trd, 8639500.346, 127
Trd, 8639500.412, 115
Trd, 8639500.479, 98
Trd, 8639501.146, 90
Trd, 8639502.546, 80
Trd, 8639503.179, 88
Trd, 8639503.346, 62
Trd, 8639503.479, 97
Trd, 8639503.512, 106
Trd, 8639504.379, 127
Trd, 8639504.812, 140
Trd, 8639505.812, 131
Trd, 8639505.912, 123
Trd, 8639506.012, 120
Trd, 8639506.979, 130
Trd, 8639507.379, 107
Trd, 8639507.479, 102
Trd, 8639507.879, 98
Trd, 8639509.246, 134
Trd, 8639509.812, 134
Trd, 8639510.046, 127
Trd, 8639510.346, 122
Trd, 8639510.379, 84
Trd, 8639510.746, 110
Trd, 8639510.912, 106
Trd, 8639511.346, 94
Trd, 8639511.546, 139
Trd, 8639512.712, 112
Trd, 8639512.912, 114
Trd, 8639513.012, 81
Trd, 8639513.146, 128
Trd, 8639514.346, 139
Trd, 8639515.346, 85
Trd, 8639515.579, 127
Trd, 8639515.712, 107
Trd, 8639515.846, 90
Trd, 8639516.212, 107
Trd, 8639516.546, 82
Trd, 8639516.646, 81
Trd, 8639517.046, 108
Trd, 8639517.312, 86
Trd, 8639517.579, 121
Trd, 8639518.579, 92
Trd, 8639519.012, 94
Trd, 8639519.446, 103
Trd, 8639519.779, 132
Trd, 8639519.879, 106
Trd, 8639520.246, 99
Trd, 8639520.446, 102
Trd, 8639521.179, 126
Trd, 8639521.712, 122
Trd, 8639522.346, 99
Trd, 8639522.546, 84
Trd, 8639523.346, 135
Trd, 8639524.479, 125
Trd, 8639524.546, 109
Trd, 8639525.646, 126
Trd, 8639525.679, 105
Trd, 8639526.046, 76
Trd, 8639526.846, 128
Trd, 8639527.046, 114
Trd, 8639527.346, 108
Trd, 8639528.146, 107
Trd, 8639528.346, 101
Trd, 8639528.979, 112
Trd, 8639529.579, 116
Trd, 8639529.612, 128
Trd, 8639529.846, 134
Trd, 8639530.179, 140
Trd, 8639530.646, 84
Trd, 8639532.246, 139
Trd, 8639532.446, 132
Trd, 8639532.946, 139
Trd, 8639533.312, 117
Trd, 8639533.712, 116
Trd, 8639534.279, 127
Trd, 8639534.346, 126
Trd, 8639534.712, 102
Trd, 8639534.746, 84
Trd, 8639535.779, 119
Trd, 8639536.246, 129
Trd, 8639536.779, 136
Trd, 8639537.479, 139
Trd, 8639537.646, 130
Trd, 8639537.712, 124
Trd, 8639537.812, 113
Trd, 8639538.679, 139
Trd, 8639538.879, 132
Trd, 8639539.346, 123
Trd, 8639539.646, 104
Trd, 8639540.479, 69
Trd, 8639540.679, 126
Trd, 8639541.179, 119
Trd, 8639541.346, 120
Trd, 8639541.679, 135
Trd, 8639542.446, 105
Trd, 8639542.679, 106
Trd, 8639542.746, 99
Trd, 8639543.446, 113
Trd, 8639543.746, 94
Trd, 8639543.846, 116
Trd, 8639544.312, 91
Trd, 8639544.846, 60
Trd, 8639545.246, 120
Trd, 8639545.346, 124
Trd, 8639545.812, 103
Trd, 8639546.712, 94
Trd, 8639547.312, 102
Trd, 8639548.246, 120
Trd, 8639548.779, 139
Trd, 8639549.179, 100
Trd, 8639549.546, 92
Trd, 8639549.712, 90
Trd, 8639550.112, 131
Trd, 8639550.379, 131
Trd, 8639550.612, 129
Trd, 8639551.046, 124
Trd, 8639551.246, 118
Trd, 8639551.546, 127
Trd, 8639552.112, 101
Trd, 8639552.779, 136
Trd, 8639553.579, 114
Trd, 8639553.812, 92
Trd, 8639554.046, 112
Trd, 8639554.379, 77
Trd, 8639554.879, 73
Trd, 8639555.579, 64
Trd, 8639555.779, 140
Trd, 8639556.346, 98
Trd, 8639557.112, 76
Trd, 8639557.246, 128
Trd, 8639557.512, 129
Trd, 8639558.146, 123
Trd, 8639558.212, 124
Trd, 8639558.612, 122
Trd, 8639559.012, 109
Trd, 8639559.112, 86
Trd, 8639560.079, 136
Trd, 8639560.279, 106
Trd, 8639560.879, 72
Trd, 8639561.412, 83
Trd, 8639561.446, 70
Trd, 8639561.612, 63
Trd, 8639562.746, 80
Trd, 8639563.246, 90
Trd, 8639563.379, 66
Trd, 8639564.246, 120
Trd, 8639564.546, 99
Trd, 8639565.012, 101
Trd, 8639565.379, 107
Trd, 8639565.612, 94
Trd, 8639566.312, 107
Trd, 8639566.379, 103
Trd, 8639566.746, 68
Trd, 8639567.479, 61
Trd, 8639568.312, 103
Trd, 8639568.712, 92
Trd, 8639569.379, 86
Trd, 8639569.446, 111
Trd, 8639569.746, 106
Trd, 8639569.846, 70
Trd, 8639570.546, 96
Trd, 8639570.679, 95
Trd, 8639571.379, 90
Trd, 8639571.512, 80
Trd, 8639572.446, 121
Trd, 8639572.779, 97
Trd, 8639572.946, 106
Trd, 8639573.312, 81
Trd, 8639573.812, 81
Trd, 8639574.012, 84
Trd, 8639574.379, 107
Trd, 8639575.412, 108
Trd, 8639575.912, 101
Trd, 8639576.746, 105
Trd, 8639576.946, 119
Trd, 8639577.512, 135
Trd, 8639577.612, 128
Trd, 8639578.146, 109
Trd, 8639578.379, 109
Trd, 8639579.046, 128
Trd, 8639580.412, 127
Trd, 8639580.512, 117
Trd, 8639580.979, 108
Trd, 8639581.346, 113
Trd, 8639582.379, 135
Trd, 8639582.512, 128
Trd, 8639582.712, 115
Trd, 8639582.979, 120
Trd, 8639583.512, 93
Trd, 8639583.846, 133
Trd, 8639585.046, 131
Trd, 8639585.112, 89
Trd, 8639585.346, 77
Trd, 8639586.479, 134
Trd, 8639586.546, 131
Trd, 8639586.846, 139
Trd, 8639587.279, 101
Trd, 8639587.512, 103
Trd, 8639587.879, 69
Trd, 8639588.746, 106
Trd, 8639589.379, 123
Trd, 8639589.812, 91
Trd, 8639590.012, 87
Trd, 8639590.612, 70
Trd, 8639590.879, 131
Trd, 8639591.346, 140
Trd, 8639592.046, 103
Trd, 8639592.079, 94
Trd, 8639592.746, 78
Trd, 8639592.879, 94
Trd, 8639593.179, 112
Trd, 8639593.346, 61
Trd, 8639594.446, 95
Trd, 8639594.779, 113
Trd, 8639595.079, 110
Trd, 8639595.479, 104
Trd, 8639595.546, 115
Trd, 8639595.912, 135
Trd, 8639596.112, 124
Trd, 8639596.846, 93
Trd, 8639598.079, 61
Trd, 8639598.212, 65
Trd, 8639599.212, 120
Trd, 8639599.346, 137
Trd, 8639599.412, 113
Trd, 8639599.712, 110
Trd, 8639599.779, 107
Trd, 8639600.312, 124
Trd, 8639600.579, 91
Trd, 8639601.279, 131
Trd, 8639602.312, 107
Trd, 8639602.346, 93
Trd, 8639602.579, 95
Trd, 8639603.212, 128
Trd, 8639604.946, 136
Trd, 8639605.212, 129
Trd, 8639605.346, 123
Trd, 8639605.679, 111
Trd, 8639606.146, 127
Trd, 8639606.379, 118
Trd, 8639606.612, 96
Trd, 8639606.779, 113
Trd, 8639607.246, 124
Trd, 8639607.479, 82
Trd, 8639608.879, 62
Trd, 8639609.179, 62
Trd, 8639609.279, 66
Trd, 8639609.379, 72
Trd, 8639609.846, 61
Trd, 8639610.346, 119
Trd, 8639610.712, 61
Trd, 8639611.879, 67
Trd, 8639612.179, 124
Trd, 8639612.612, 102
Trd, 8639612.779, 87
Trd, 8639613.212, 140
Trd, 8639613.612, 74
Trd, 8639614.512, 99
Trd, 8639614.546, 86
Trd, 8639614.646, 83
Trd, 8639614.979, 114
Trd, 8639616.312, 81
Trd, 8639616.646, 117
Trd, 8639616.979, 85
Trd, 8639617.046, 103
Trd, 8639617.412, 79
Trd, 8639617.946, 76
Trd, 8639618.612, 127
Trd, 8639618.646, 119
Trd, 8639618.946, 66
Trd, 8639619.679, 81
Trd, 8639620.279, 99
Trd, 8639621.012, 82
Trd, 8639621.146, 79
Trd, 8639622.312, 117
Trd, 8639622.579, 106
Trd, 8639622.746, 99
Trd, 8639623.079, 122
Trd, 8639623.279, 108
Trd, 8639623.979, 126
Trd, 8639624.212, 116
Trd, 8639624.579, 138
Trd, 8639624.746, 137
Trd, 8639625.279, 81
Trd, 8639625.546, 91
Trd, 8639625.846, 128
Trd, 8639626.679, 134
Trd, 8639626.712, 124
Trd, 8639627.046, 118
Trd, 8639627.679, 129
Trd, 8639628.046, 124
Trd, 8639628.712, 114
Trd, 8639628.812, 100
Trd, 8639628.946, 99
Trd, 8639629.479, 88
Trd, 8639629.746, 121
Trd, 8639630.412, 97
Trd, 8639630.546, 121
Trd, 8639630.846, 73
Trd, 8639631.412, 78
Trd, 8639632.446, 121
Trd, 8639632.979, 98
Trd, 8639633.012, 97
Trd, 8639633.479, 72
Trd, 8639633.846, 71
Trd, 8639634.046, 75
Trd, 8639634.346, 74
Trd, 8639634.412, 101
Trd, 8639635.246, 85
Trd, 8639635.512, 126
Trd, 8639635.779, 63
Trd, 8639636.046, 98
Trd, 8639636.946, 128
Trd, 8639637.212, 123
Trd, 8639637.712, 112
Trd, 8639637.846, 122
Trd, 8639637.912, 107
Trd, 8639638.746, 136
Trd, 8639639.212, 121
Trd, 8639639.779, 129
Trd, 8639639.946, 117
Trd, 8639640.546, 95
Trd, 8639640.746, 95
Trd, 8639641.179, 112
Trd, 8639641.312, 112
Trd, 8639641.646, 126
Trd, 8639641.879, 83
Trd, 8639642.546, 108
Trd, 8639642.646, 100
Trd, 8639643.212, 120
Trd, 8639643.479, 124
Trd, 8639643.812, 85
Trd, 8639644.079, 85
Trd, 8639645.646, 87
Trd, 8639645.679, 71
Trd, 8639645.712, 103
Trd, 8639646.879, 73
Trd, 8639646.946, 68
Trd, 8639647.612, 108
Trd, 8639648.379, 92
Trd, 8639648.546, 92
Trd, 8639648.879, 97
Trd, 8639649.912, 121
Trd, 8639650.179, 104
Trd, 8639650.212, 104
Trd, 8639650.679, 122
Trd, 8639651.679, 127
Trd, 8639652.012, 98
Trd, 8639652.046, 84
Trd, 8639652.146, 121
Trd, 8639652.612, 70
Trd, 8639653.046, 61
Trd, 8639653.212, 75
Trd, 8639653.246, 98
Trd, 8639653.512, 135
Trd, 8639654.512, 136
Trd, 8639654.546, 104
Trd, 8639655.512, 133
Trd, 8639656.179, 113
Trd, 8639656.412, 105
Trd, 8639656.879, 119
Trd, 8639657.312, 126
Trd, 8639657.579, 113
Trd, 8639658.579, 113
Trd, 8639658.746, 116
Trd, 8639659.279, 74
Trd, 8639659.512, 68
Trd, 8639660.312, 107
Trd, 8639660.446, 91
Trd, 8639660.646, 67
Trd, 8639661.246, 62
Trd, 8639661.979, 82
Trd, 8639662.946, 111
Trd, 8639663.179, 86
Trd, 8639663.612, 64
Trd, 8639663.746, 100
Trd, 8639663.979, 139
Trd, 8639664.046, 85
Trd, 8639664.946, 67
Trd, 8639665.179, 82
Trd, 8639666.079, 75
Trd, 8639666.912, 68
Trd, 8639667.146, 72
Trd, 8639668.446, 68
Trd, 8639668.479, 66
Trd, 8639669.412, 72
Trd, 8639669.546, 71
Trd, 8639669.579, 77
Trd, 8639669.612, 70
Trd, 8639670.646, 123
Trd, 8639670.712, 123
Trd, 8639671.212, 116
Trd, 8639671.779, 134
Trd, 8639672.479, 112
Trd, 8639673.346, 140
Trd, 8639673.779, 115
Trd, 8639673.846, 105
Trd, 8639674.212, 105
Trd, 8639674.679, 103
Trd, 8639674.779, 93
Trd, 8639675.146, 126
Trd, 8639675.479, 122
Trd, 8639675.812, 130
Trd, 8639676.212, 114
Trd, 8639676.646, 132
Trd, 8639677.412, 127
Trd, 8639677.979, 101
Trd, 8639678.112, 91
Trd, 8639678.246, 100
Trd, 8639678.912, 101
Trd, 8639678.946, 114
Trd, 8639679.312, 101
Trd, 8639679.679, 96
Trd, 8639680.879, 66
Trd, 8639680.979, 64
Trd, 8639681.379, 68
Trd, 8639681.546, 66
Trd, 8639682.879, 62
Trd, 8639683.079, 88
Trd, 8639683.946, 67
Trd, 8639684.379, 68
Trd, 8639684.912, 73
Trd, 8639686.079, 62
Trd, 8639686.712, 61
Trd, 8639686.812, 82
Trd, 8639686.912, 64
Trd, 8639687.346, 103
Trd, 8639687.379, 99
Trd, 8639687.946, 113
Trd, 8639688.012, 66
Trd, 8639688.246, 108
Trd, 8639689.512, 124
Trd, 8639689.912, 114
Trd, 8639689.946, 109
Trd, 8639690.079, 106
Trd, 8639690.512, 99
Trd, 8639690.912, 126
Trd, 8639691.112, 101
Trd, 8639691.779, 120
Trd, 8639692.379, 111
Trd, 8639692.412, 99
Trd, 8639692.879, 122
Trd, 8639692.946, 93
Trd, 8639693.146, 69
Trd, 8639695.012, 93
Trd, 8639695.112, 91
Trd, 8639695.346, 93
Trd, 8639695.612, 82
Trd, 8639695.879, 80
Trd, 8639696.246, 97
Trd, 8639696.879, 136
Trd, 8639697.846, 63
Trd, 8639698.946, 78
Trd, 8639699.279, 85
Trd, 8639699.746, 138
Trd, 8639700.512, 134
Trd, 8639700.679, 132
Trd, 8639701.079, 105
Trd, 8639701.979, 124
Trd, 8639702.279, 133
Trd, 8639702.312, 114
Trd, 8639702.479, 105
Trd, 8639702.546, 98
Trd, 8639703.446, 140
Trd, 8639703.879, 109
Trd, 8639704.046, 93
Trd, 8639704.279, 86
Trd, 8639704.546, 82
Trd, 8639704.646, 136
Trd, 8639704.712, 79
Trd, 8639706.012, 115
Trd, 8639706.412, 91
Trd, 8639706.446, 89
Trd, 8639706.679, 139
Trd, 8639707.946, 86
Trd, 8639708.212, 62
Trd, 8639708.379, 66
Trd, 8639709.479, 78
Trd, 8639710.179, 134
Trd, 8639711.312, 113
Trd, 8639711.579, 115
Trd, 8639711.679, 121
Trd, 8639711.846, 100
Trd, 8639712.012, 125
Trd, 8639712.579, 107
Trd, 8639712.679, 115
Trd, 8639713.479, 88
Trd, 8639713.512, 106
Trd, 8639714.946, 133
Trd, 8639715.212, 112
Trd, 8639715.679, 111
Trd, 8639716.679, 121
Trd, 8639716.946, 118
Trd, 8639717.246, 111
Trd, 8639718.012, 97
Trd, 8639718.112, 91
Trd, 8639718.179, 116
Trd, 8639719.012, 133
Trd, 8639719.679, 86
Trd, 8639719.712, 85
Trd, 8639719.946, 113
Trd, 8639720.379, 87
Trd, 8639721.346, 91
Trd, 8639721.946, 115
Trd, 8639722.512, 89
Trd, 8639722.779, 90
Trd, 8639722.912, 86
Trd, 8639723.312, 82
Trd, 8639724.046, 65
Trd, 8639724.079, 77
Trd, 8639724.446, 123
Trd, 8639725.046, 102
Trd, 8639726.479, 125
Trd, 8639726.646, 119
Trd, 8639726.712, 100
Trd, 8639726.779, 113
Trd, 8639727.212, 81
Trd, 8639727.646, 124
Trd, 8639727.779, 118
Trd, 8639727.979, 63
Trd, 8639728.546, 115
Trd, 8639728.879, 84
Trd, 8639729.846, 136
Trd, 8639730.612, 133
Trd, 8639730.879, 109
Trd, 8639730.946, 97
Trd, 8639731.979, 117
Trd, 8639732.779, 114
Trd, 8639733.346, 114
Trd, 8639733.746, 111
Trd, 8639734.112, 102
Trd, 8639734.412, 96
Trd, 8639734.512, 94
Trd, 8639735.346, 89
Trd, 8639735.946, 69
Trd, 8639736.179, 90
Trd, 8639736.946, 78
Trd, 8639737.446, 97
Trd, 8639737.679, 133
Trd, 8639738.546, 70
Trd, 8639738.779, 63
Trd, 8639738.946, 75
Trd, 8639739.012, 94
Trd, 8639739.379, 82
Trd, 8639739.512, 79
Trd, 8639739.746, 111
Trd, 8639739.979, 70
Trd, 8639740.412, 61
Trd, 8639741.212, 64
Trd, 8639742.012, 65
Trd, 8639742.112, 69
Trd, 8639742.346, 84
Trd, 8639743.246, 95
Trd, 8639743.312, 93
Trd, 8639743.712, 101
Trd, 8639744.479, 112
Trd, 8639745.212, 81
Trd, 8639745.246, 78
Trd, 8639745.946, 136
Trd, 8639746.012, 71
Trd, 8639746.246, 60
Trd, 8639746.479, 83
Trd, 8639746.712, 67
Trd, 8639747.312, 74
Trd, 8639747.612, 78
Trd, 8639748.012, 88
Trd, 8639748.379, 135
Trd, 8639748.879, 74
Trd, 8639749.312, 71
Trd, 8639749.812, 64
Trd, 8639750.012, 102
Trd, 8639750.679, 136
Trd, 8639751.012, 108
Trd, 8639752.312, 63
Trd, 8639752.512, 82
Trd, 8639752.579, 79
Trd, 8639753.079, 67
Trd, 8639753.712, 64
Trd, 8639753.846, 95
Trd, 8639754.079, 68
Trd, 8639754.912, 72
Trd, 8639755.079, 73
Trd, 8639755.412, 89
Trd, 8639755.612, 63
Trd, 8639756.579, 84
Trd, 8639757.512, 85
Trd, 8639757.646, 91
Trd, 8639758.246, 102
Trd, 8639758.312, 80
Trd, 8639758.412, 118
Trd, 8639758.446, 73
Trd, 8639758.846, 89
Trd, 8639760.479, 120
Trd, 8639760.546, 76
Trd, 8639761.012, 133
Trd, 8639761.146, 107
Trd, 8639761.579, 84
Trd, 8639762.646, 125
Trd, 8639763.112, 103
Trd, 8639763.412, 98
Trd, 8639763.812, 97
Trd, 8639764.112, 93
Trd, 8639764.479, 89
Trd, 8639764.646, 92
Trd, 8639765.279, 118
Trd, 8639765.579, 89
Trd, 8639766.512, 128
Trd, 8639766.546, 129
Trd, 8639766.579, 102
Trd, 8639767.412, 70
Trd, 8639767.846, 109
Trd, 8639768.579, 83
Trd, 8639768.646, 110
Trd, 8639769.446, 127
Trd, 8639769.746, 125
Trd, 8639769.912, 125
Trd, 8639770.879, 137
Trd, 8639770.912, 136
Trd, 8639771.112, 115
Trd, 8639771.179, 99
Trd, 8639771.212, 78
Trd, 8639771.812, 118
Trd, 8639772.412, 132
Trd, 8639772.646, 109
Trd, 8639772.812, 95
Trd, 8639772.846, 91
Trd, 8639774.346, 90
Trd, 8639774.512, 89
Trd, 8639775.479, 106
Trd, 8639775.846, 103
Trd, 8639775.912, 90
Trd, 8639776.779, 136
Trd, 8639777.479, 119
Trd, 8639777.646, 103
Trd, 8639778.512, 68
Trd, 8639778.579, 68
Trd, 8639778.679, 85
Trd, 8639779.846, 87
Trd, 8639780.446, 126
Trd, 8639781.279, 120
Trd, 8639781.846, 138
Trd, 8639782.246, 118
Trd, 8639782.746, 105
Trd, 8639783.546, 121
Trd, 8639783.646, 105
Trd, 8639784.179, 134
Trd, 8639784.646, 78
Trd, 8639785.112, 80
Trd, 8639785.512, 66
Trd, 8639785.546, 81
Trd, 8639786.079, 117
Trd, 8639786.479, 111
Trd, 8639786.879, 100
Trd, 8639787.512, 107
Trd, 8639787.546, 91
Trd, 8639787.679, 98
Trd, 8639787.912, 87
Trd, 8639788.412, 120
Trd, 8639788.746, 108
Trd, 8639789.846, 101
Trd, 8639790.212, 119
Trd, 8639790.346, 99
Trd, 8639791.612, 140
Trd, 8639791.879, 124
Trd, 8639792.212, 119
Trd, 8639792.312, 102
Trd, 8639792.779, 98
Trd, 8639793.646, 60
Trd, 8639794.079, 76
Trd, 8639794.712, 105
Trd, 8639794.946, 78
Trd, 8639795.212, 99
Trd, 8639795.412, 115
Trd, 8639796.246, 82
Trd, 8639797.012, 116
Trd, 8639797.346, 108
Trd, 8639797.512, 86
Trd, 8639797.746, 82
Trd, 8639798.579, 129
Trd, 8639799.146, 127
Trd, 8639799.712, 123
Trd, 8639800.012, 109
Trd, 8639800.179, 129
Trd, 8639800.612, 102
Trd, 8639800.846, 110
Trd, 8639801.846, 108
Trd, 8639802.146, 136
Trd, 8639802.312, 83
Trd, 8639803.379, 103
Trd, 8639804.446, 85
Trd, 8639804.979, 93
Trd, 8639805.012, 116
Trd, 8639805.146, 78
Trd, 8639805.712, 140
Trd, 8639805.946, 125
Trd, 8639806.112, 117
Trd, 8639806.346, 105
Trd, 8639806.412, 91
Trd, 8639807.012, 78
Trd, 8639807.512, 74
Trd, 8639808.112, 116
Trd, 8639808.546, 139
Trd, 8639809.079, 107
Trd, 8639809.379, 86
Trd, 8639809.779, 87
Trd, 8639809.812, 116
Trd, 8639810.012, 91
Trd, 8639810.146, 137
Trd, 8639810.612, 75
Trd, 8639812.246, 86
Trd, 8639813.279, 106
Trd, 8639813.446, 87
Trd, 8639813.679, 95
Trd, 8639813.846, 106
Trd, 8639814.046, 129
Trd, 8639814.079, 120
Trd, 8639815.112, 95
Trd, 8639815.412, 104
Trd, 8639816.012, 90
Trd, 8639816.579, 111
Trd, 8639817.412, 81
Trd, 8639817.779, 110
Trd, 8639817.979, 75
Trd, 8639818.179, 69
Trd, 8639818.379, 111
Trd, 8639818.812, 73
Trd, 8639819.412, 71
Trd, 8639819.646, 77
Trd, 8639820.912, 63
Trd, 8639821.412, 65
Trd, 8639821.646, 112
Trd, 8639821.812, 72
Trd, 8639822.212, 128
Trd, 8639823.612, 122
Trd, 8639824.046, 131
Trd, 8639824.112, 126
Trd, 8639824.279, 121
Trd, 8639824.579, 119
Trd, 8639824.679, 85
Trd, 8639825.412, 109
Trd, 8639826.746, 127
Trd, 8639827.112, 125
Trd, 8639827.279, 122
Trd, 8639827.346, 116
Trd, 8639828.912, 139
Trd, 8639829.046, 108
Trd, 8639829.112, 92
Trd, 8639829.946, 133
Trd, 8639830.012, 81
Trd, 8639830.179, 80
Trd, 8639830.246, 87
Trd, 8639830.346, 81
Trd, 8639830.946, 79
Trd, 8639831.412, 72
Trd, 8639832.279, 139
Trd, 8639832.746, 114
Trd, 8639833.279, 133
Trd, 8639833.446, 128
Trd, 8639833.679, 99
Trd, 8639834.179, 127
Trd, 8639834.512, 85
Trd, 8639835.146, 79
Trd, 8639835.412, 120
Trd, 8639835.612, 64
Trd, 8639835.712, 105
Trd, 8639836.712, 136
Trd, 8639836.812, 119
Trd, 8639837.312, 124
Trd, 8639838.012, 137
Trd, 8639838.546, 89
Trd, 8639838.912, 129
Trd, 8639839.312, 106
Trd, 8639839.779, 82
Trd, 8639840.046, 84
Trd, 8639840.779, 91
Trd, 8639841.046, 80
Trd, 8639841.679, 118
Trd, 8639842.446, 110
Trd, 8639843.346, 91
Trd, 8639843.912, 102
Trd, 8639844.246, 139
Trd, 8639844.379, 102
Trd, 8639844.979, 137
Trd, 8639845.179, 125
Trd, 8639845.212, 120
Trd, 8639846.779, 103
Trd, 8639847.046, 128
Trd, 8639847.412, 101
Trd, 8639847.812, 90
Trd, 8639848.579, 73
Trd, 8639848.679, 105
Trd, 8639849.312, 81
Trd, 8639849.579, 72
Trd, 8639849.946, 85
Trd, 8639850.446, 69
Trd, 8639850.746, 109
Trd, 8639851.746, 135
Trd, 8639851.846, 85
Trd, 8639852.179, 83
Trd, 8639852.846, 104
Trd, 8639854.212, 110
Trd, 8639854.712, 138
Trd, 8639854.946, 130
Trd, 8639855.046, 122
Trd, 8639855.446, 125
Trd, 8639856.012, 106
Trd, 8639857.212, 138
Trd, 8639857.279, 117
Trd, 8639857.879, 131
Trd, 8639858.046, 130
Trd, 8639858.946, 137
Trd, 8639859.379, 129
Trd, 8639859.579, 123
Trd, 8639859.612, 105
Trd, 8639860.079, 103
Trd, 8639860.246, 137
Trd, 8639861.912, 127
Trd, 8639862.079, 138
Trd, 8639862.379, 111
Trd, 8639862.712, 91
Trd, 8639863.346, 140
Trd, 8639863.746, 125
Trd, 8639864.546, 128
Trd, 8639864.679, 126
Trd, 8639864.712, 108
Trd, 8639865.546, 139
Trd, 8639865.679, 129
Trd, 8639865.946, 101
Trd, 8639866.446, 98
Trd, 8639867.146, 84
Trd, 8639867.312, 86
Trd, 8639867.479, 91
Trd, 8639868.012, 124
Trd, 8639868.712, 120
Trd, 8639868.912, 140
Trd, 8639869.612, 102
Trd, 8639870.079, 101
Trd, 8639870.479, 98
Trd, 8639870.646, 119
Trd, 8639870.912, 130
Trd, 8639871.312, 124
Trd, 8639871.412, 105
Trd, 8639871.812, 135
Trd, 8639872.246, 125
Trd, 8639872.879, 87
Trd, 8639873.912, 60
Trd, 8639875.512, 77
Trd, 8639875.846, 70
Trd, 8639876.779, 80
Trd, 8639877.046, 89
Trd, 8639877.279, 103
Trd, 8639877.546, 139
Trd, 8639877.812, 125
Trd, 8639878.312, 133
Trd, 8639878.512, 120
Trd, 8639878.546, 91
Trd, 8639878.946, 98
Trd, 8639879.446, 103
Trd, 8639879.679, 120
Trd, 8639880.012, 85
Trd, 8639880.446, 95
Trd, 8639880.812, 99
Trd, 8639881.546, 81
Trd, 8639881.779, 84
Trd, 8639881.879, 131
Trd, 8639882.312, 119
Trd, 8639882.512, 111
Trd, 8639882.779, 137
Trd, 8639883.246, 108
Trd, 8639883.546, 107
Trd, 8639883.612, 88
Trd, 8639883.912, 87
Trd, 8639884.446, 127
Trd, 8639884.479, 104
Trd, 8639885.579, 116
Trd, 8639886.346, 115
Trd, 8639886.679, 130
Trd, 8639887.179, 112
Trd, 8639887.312, 99
Trd, 8639887.579, 95
Trd, 8639887.946, 85
Trd, 8639888.779, 99
Trd, 8639889.212, 116
Trd, 8639889.446, 128
Trd, 8639889.512, 110
Trd, 8639889.646, 99
Trd, 8639889.746, 79
Trd, 8639890.646, 108
Trd, 8639890.879, 117
Trd, 8639891.046, 132
Trd, 8639891.946, 130
Trd, 8639892.479, 97
Trd, 8639892.879, 93
Trd, 8639892.912, 92
Trd, 8639893.079, 83
Trd, 8639893.746, 128
Trd, 8639893.812, 97
Trd, 8639893.846, 75
Trd, 8639894.512, 124
Trd, 8639896.312, 128
Trd, 8639896.579, 125
Trd, 8639896.712, 123
Trd, 8639897.079, 119
Trd, 8639897.146, 114
Trd, 8639897.379, 104
Trd, 8639897.679, 109
Trd, 8639897.912, 100
Trd, 8639898.246, 116
Trd, 8639899.146, 133
Trd, 8639899.879, 120
Trd, 8639900.012, 110
Trd, 8639900.212, 107
Trd, 8639900.679, 86
Trd, 8639901.412, 139
Trd, 8639901.946, 115
Trd, 8639902.412, 134
Trd, 8639903.479, 121
Trd, 8639903.579, 116
Trd, 8639903.679, 113
Trd, 8639903.912, 103
Trd, 8639905.479, 100
Trd, 8639905.679, 110
Trd, 8639905.746, 129
Trd, 8639905.812, 92
Trd, 8639906.279, 97
Trd, 8639907.212, 84
Trd, 8639907.946, 109
Trd, 8639908.379, 97
Trd, 8639908.646, 94
Trd, 8639909.246, 109
Trd, 8639909.779, 100
Trd, 8639910.046, 133
Trd, 8639911.146, 103
Trd, 8639911.212, 84
Trd, 8639912.046, 83
Trd, 8639912.079, 95
Trd, 8639913.146, 96
Trd, 8639913.612, 97
Trd, 8639914.112, 82
Trd, 8639914.846, 79
Trd, 8639915.946, 78
Trd, 8639916.079, 109
Trd, 8639917.046, 70
Trd, 8639917.312, 92
Trd, 8639917.512, 100
Trd, 8639918.446, 133
Trd, 8639918.579, 103
Trd, 8639918.912, 87
Trd, 8639919.712, 93
Trd, 8639919.946, 77
Trd, 8639920.279, 107
Trd, 8639920.679, 125
Trd, 8639921.379, 86
Trd, 8639922.179, 82
Trd, 8639922.279, 79
Trd, 8639922.446, 71
Trd, 8639922.612, 68
Trd, 8639922.846, 70
Trd, 8639924.079, 103
Trd, 8639924.512, 100
Trd, 8639924.912, 136
Trd, 8639925.512, 73
Trd, 8639925.746, 100
Trd, 8639926.179, 119
Trd, 8639926.512, 123
Trd, 8639926.579, 126
Trd, 8639926.946, 115
Trd, 8639927.212, 87
Trd, 8639927.279, 135
Trd, 8639927.546, 78
Trd, 8639930.612, 135
Trd, 8639930.812, 106
Trd, 8639931.412, 96
Trd, 8639931.812, 77
Trd, 8639932.279, 91
Trd, 8639932.746, 126
Trd, 8639933.079, 87
Trd, 8639933.112, 111
Trd, 8639933.346, 116
Trd, 8639933.846, 84
Trd, 8639934.646, 81
Trd, 8639934.912, 84
Trd, 8639934.979, 77
Trd, 8639935.646, 78
Trd, 8639936.046, 85
Trd, 8639936.812, 88
Trd, 8639937.079, 138
Trd, 8639937.746, 140
Trd, 8639937.912, 135
Trd, 8639937.979, 110
Trd, 8639938.079, 103
Trd, 8639939.079, 114
Trd, 8639939.546, 112
Trd, 8639939.579, 97
Trd, 8639939.812, 89
Trd, 8639940.079, 108
Trd, 8639940.446, 104
Trd, 8639940.512, 85
Trd, 8639941.146, 106
Trd, 8639942.346, 62
Trd, 8639942.946, 78
Trd, 8639943.846, 82
Trd, 8639943.912, 112
Trd, 8639944.246, 121
Trd, 8639944.712, 106
Trd, 8639944.879, 126
Trd, 8639945.379, 100
Trd, 8639945.446, 84
Trd, 8639946.112, 132
Trd, 8639946.279, 105
Trd, 8639947.046, 138
Trd, 8639947.112, 124
Trd, 8639948.479, 122
Trd, 8639948.646, 138
Trd, 8639949.012, 127
Trd, 8639949.579, 140
Trd, 8639949.779, 115
Trd, 8639950.279, 92
Trd, 8639950.612, 83
Trd, 8639951.112, 122
Trd, 8639951.246, 73
Trd, 8639951.679, 67
Trd, 8639952.346, 79
Trd, 8639952.479, 83
Trd, 8639952.646, 117
Trd, 8639953.112, 100
Trd, 8639953.479, 70
Trd, 8639953.879, 63
Trd, 8639954.646, 111
Trd, 8639954.812, 113
Trd, 8639954.946, 68
Trd, 8639955.346, 110
Trd, 8639955.779, 108
Trd, 8639956.446, 131
Trd, 8639957.512, 129
Trd, 8639957.679, 114
Trd, 8639958.212, 114
Trd, 8639958.346, 108
Trd, 8639958.779, 115
Trd, 8639959.412, 115
Trd, 8639959.612, 109
Trd, 8639960.179, 121
Trd, 8639960.512, 119
Trd, 8639960.779, 119
Trd, 8639962.346, 128
Trd, 8639962.446, 110
Trd, 8639962.512, 62
Trd, 8639962.912, 67
Trd, 8639963.246, 98
Trd, 8639963.879, 99
Trd, 8639964.446, 136
Trd, 8639964.879, 101
Trd, 8639965.479, 98
Trd, 8639966.179, 116
Trd, 8639966.812, 128
Trd, 8639966.946, 110
Trd, 8639967.079, 109
Trd, 8639968.212, 85
Trd, 8639968.279, 83
Trd, 8639968.612, 79
Trd, 8639968.679, 112
Trd, 8639968.946, 115
Trd, 8639969.512, 109
Trd, 8639969.946, 109
Trd, 8639970.279, 85
Trd, 8639970.646, 85
Trd, 8639970.679, 73
Trd, 8639971.012, 113
Trd, 8639971.046, 91
Trd, 8639972.412, 129
Trd, 8639973.046, 71
Trd, 8639973.612, 131
Trd, 8639974.012, 134
Trd, 8639974.279, 114
Trd, 8639975.246, 99
Trd, 8639976.446, 129
Trd, 8639976.812, 105
Trd, 8639977.379, 101
Trd, 8639977.879, 125
Trd, 8639977.979, 125
Trd, 8639978.046, 102
Trd, 8639978.112, 98
Trd, 8639978.446, 79
Trd, 8639979.079, 128
Trd, 8639979.479, 127
Trd, 8639979.712, 123
Trd, 8639980.146, 140
Trd, 8639980.212, 105
Trd, 8639980.479, 98
Trd, 8639981.446, 140
Trd, 8639981.712, 129
Trd, 8639982.179, 133
Trd, 8639983.212, 129
Trd, 8639983.779, 103
Trd, 8639984.179, 98
Trd, 8639984.446, 92
Trd, 8639985.179, 115
Trd, 8639985.612, 92
Trd, 8639986.179, 79
Trd, 8639986.379, 69
Trd, 8639986.812, 137
Trd, 8639987.146, 123
Trd, 8639987.946, 99
Trd, 8639988.379, 110
Trd, 8639989.179, 108
Trd, 8639989.312, 102
Trd, 8639989.446, 112
Trd, 8639989.579, 119
Trd, 8639990.412, 63
Trd, 8639990.479, 93
Trd, 8639990.712, 62
Trd, 8639991.312, 61
Trd, 8639992.012, 80
Trd, 8639992.112, 97
Trd, 8639992.579, 109
Trd, 8639992.646, 126
Trd, 8639994.412, 122
Trd, 8639995.146, 124
Trd, 8639995.712, 138
Trd, 8639996.546, 121
Trd, 8639996.612, 120
Trd, 8639996.912, 123
Trd, 8639997.579, 113
Trd, 8639997.812, 111
Trd, 8639998.579, 106
Trd, 8639998.612, 98
Trd, 8639998.879, 94
Trd, 8639999.212, 99
Trd, 8639999.679, 134
