Trd, 8638758.079, 137
Trd, 8638758.412, 102
Trd, 8638758.446, 67
Trd, 8638758.646, 109
Trd, 8638760.312, 77
Trd, 8638761.346, 93
Trd, 8638761.779, 126
Trd, 8638761.879, 85
Trd, 8638762.479, 138
Trd, 8638762.779, 130
Trd, 8638762.879, 97
Trd, 8638763.512, 64
Trd, 8638764.312, 127
Trd, 8638764.479, 66
Trd, 8638766.046, 117
Trd, 8638766.646, 130
Trd, 8638766.712, 98
Trd, 8638766.812, 92
Trd, 8638767.046, 140
Trd, 8638767.146, 139
Trd, 8638767.679, 116
Trd, 8638767.712, 79
Trd, 8638768.546, 71
Trd, 8638768.846, 76
Trd, 8638769.512, 134
Trd, 8638769.879, 127
Trd, 8638770.379, 129
Trd, 8638771.579, 120
Trd, 8638772.279, 136
Trd, 8638772.846, 128
Trd, 8638772.946, 127
Trd, 8638773.079, 112
Trd, 8638773.179, 100
Trd, 8638773.879, 137
Trd, 8638773.912, 121
Trd, 8638774.979, 134
Trd, 8638775.079, 124
Trd, 8638775.779, 137
Trd, 8638775.979, 98
Trd, 8638776.679, 106
Trd, 8638776.879, 140
Trd, 8638777.179, 103
Trd, 8638779.079, 114
Trd, 8638779.279, 109
Trd, 8638779.612, 101
Trd, 8638780.179, 120
Trd, 8638780.246, 128
Trd, 8638780.779, 98
Trd, 8638780.846, 129
Trd, 8638781.379, 137
Trd, 8638781.846, 136
Trd, 8638782.279, 121
Trd, 8638782.779, 114
Trd, 8638782.812, 99
Trd, 8638784.246, 130
Trd, 8638784.512, 127
Trd, 8638784.879, 134
Trd, 8638785.012, 116
Trd, 8638785.646, 123
Trd, 8638785.912, 87
Trd, 8638786.079, 75
Trd, 8638786.279, 96
Trd, 8638786.979, 94
Trd, 8638788.312, 118
Trd, 8638788.612, 124
Trd, 8638788.712, 90
Trd, 8638788.746, 83
Trd, 8638788.846, 100
Trd, 8638789.746, 69
Trd, 8638790.112, 98
Trd, 8638790.246, 93
Trd, 8638790.912, 71
Trd, 8638792.112, 71
Trd, 8638792.279, 64
Trd, 8638792.312, 77
Trd, 8638792.912, 116
Trd, 8638793.946, 135
Trd, 8638794.379, 115
Trd, 8638794.612, 97
Trd, 8638794.946, 75
Trd, 8638796.079, 97
Trd, 8638796.212, 107
Trd, 8638796.546, 67
Trd, 8638796.812, 109
Trd, 8638796.912, 124
Trd, 8638797.212, 90
Trd, 8638798.412, 135
Trd, 8638799.046, 119
Trd, 8638799.379, 117
Trd, 8638799.712, 130
Trd, 8638799.779, 100
Trd, 8638800.312, 132
Trd, 8638801.279, 101
Trd, 8638801.512, 104
Trd, 8638801.579, 83
Trd, 8638802.446, 124
Trd, 8638803.679, 117
Trd, 8638803.912, 115
Trd, 8638804.179, 106
Trd, 8638804.246, 110
Trd, 8638804.446, 101
Trd, 8638805.446, 98
Trd, 8638805.912, 91
Trd, 8638805.979, 121
Trd, 8638806.012, 91
Trd, 8638807.012, 76
Trd, 8638807.212, 103
Trd, 8638808.046, 140
Trd, 8638808.579, 140
Trd, 8638808.612, 139
Trd, 8638808.979, 128
Trd, 8638809.379, 120
Trd, 8638809.479, 99
Trd, 8638810.246, 138
Trd, 8638810.679, 136
Trd, 8638810.779, 140
Trd, 8638811.612, 140
Trd, 8638812.146, 131
Trd, 8638813.112, 112
Trd, 8638813.479, 124
Trd, 8638813.612, 123
Trd, 8638814.212, 100
Trd, 8638814.912, 131
Trd, 8638816.712, 138
Trd, 8638816.779, 115
Trd, 8638816.846, 109
Trd, 8638817.412, 124
Trd, 8638817.446, 122
Trd, 8638817.846, 128
Trd, 8638818.346, 125
Trd, 8638818.579, 119
Trd, 8638818.979, 125
Trd, 8638819.212, 106
Trd, 8638819.346, 103
Trd, 8638819.512, 127
Trd, 8638819.646, 94
Trd, 8638820.746, 130
Trd, 8638822.012, 140
Trd, 8638822.212, 107
Trd, 8638822.246, 105
Trd, 8638822.579, 134
Trd, 8638823.279, 133
Trd, 8638823.546, 117
Trd, 8638823.846, 100
Trd, 8638824.479, 128
Trd, 8638825.546, 93
Trd, 8638825.679, 92
Trd, 8638827.046, 136
Trd, 8638827.579, 135
Trd, 8638827.946, 132
Trd, 8638828.046, 107
Trd, 8638829.012, 95
Trd, 8638829.946, 110
Trd, 8638830.179, 125
Trd, 8638830.579, 126
Trd, 8638830.712, 86
Trd, 8638831.079, 72
Trd, 8638831.912, 138
Trd, 8638832.646, 111
Trd, 8638833.146, 94
Trd, 8638833.846, 110
Trd, 8638834.179, 92
Trd, 8638835.112, 95
Trd, 8638835.312, 115
Trd, 8638835.779, 107
Trd, 8638836.012, 84
Trd, 8638836.412, 113
Trd, 8638837.046, 93
Trd, 8638838.146, 111
Trd, 8638838.279, 103
Trd, 8638838.612, 140
Trd, 8638838.679, 94
Trd, 8638838.946, 134
Trd, 8638839.079, 111
Trd, 8638840.579, 138
Trd, 8638840.812, 133
Trd, 8638840.912, 121
Trd, 8638841.212, 110
Trd, 8638841.312, 121
Trd, 8638841.512, 94
Trd, 8638842.146, 139
Trd, 8638842.779, 118
Trd, 8638843.012, 104
Trd, 8638843.712, 133
Trd, 8638844.112, 125
Trd, 8638844.279, 111
Trd, 8638844.946, 130
Trd, 8638845.746, 136
Trd, 8638846.912, 114
Trd, 8638848.012, 97
Trd, 8638848.246, 94
Trd, 8638848.812, 121
Trd, 8638849.246, 138
Trd, 8638849.312, 138
Trd, 8638849.612, 109
Trd, 8638849.779, 107
Trd, 8638851.012, 135
Trd, 8638851.246, 123
Trd, 8638851.579, 121
Trd, 8638852.346, 123
Trd, 8638852.912, 127
Trd, 8638853.812, 111
Trd, 8638854.179, 139
Trd, 8638854.612, 140
Trd, 8638854.712, 102
Trd, 8638855.046, 119
Trd, 8638856.279, 140
Trd, 8638856.446, 135
Trd, 8638857.379, 117
Trd, 8638857.579, 102
Trd, 8638857.612, 117
Trd, 8638858.046, 124
Trd, 8638858.446, 136
Trd, 8638859.146, 120
Trd, 8638859.879, 125
Trd, 8638860.479, 128
Trd, 8638860.579, 113
Trd, 8638860.679, 105
Trd, 8638862.046, 105
Trd, 8638862.612, 123
Trd, 8638862.946, 117
Trd, 8638863.346, 120
Trd, 8638863.412, 131
Trd, 8638863.879, 117
Trd, 8638864.779, 138
Trd, 8638864.979, 133
Trd, 8638865.379, 131
Trd, 8638865.812, 89
Trd, 8638867.479, 134
Trd, 8638867.746, 139
Trd, 8638867.846, 135
Trd, 8638868.246, 112
Trd, 8638868.312, 108
Trd, 8638869.146, 100
Trd, 8638869.179, 100
Trd, 8638869.646, 101
Trd, 8638870.346, 94
Trd, 8638870.579, 134
Trd, 8638871.012, 116
Trd, 8638872.379, 140
Trd, 8638872.779, 89
Trd, 8638872.979, 129
Trd, 8638873.312, 110
Trd, 8638874.346, 118
Trd, 8638874.379, 117
Trd, 8638874.879, 131
Trd, 8638875.612, 128
Trd, 8638876.012, 138
Trd, 8638876.079, 134
Trd, 8638876.212, 131
Trd, 8638876.246, 124
Trd, 8638876.312, 98
Trd, 8638877.346, 138
Trd, 8638877.546, 129
Trd, 8638877.946, 120
Trd, 8638878.879, 131
Trd, 8638879.079, 119
Trd, 8638879.279, 117
Trd, 8638879.646, 131
Trd, 8638880.412, 118
Trd, 8638881.279, 91
Trd, 8638881.946, 90
Trd, 8638882.246, 99
Trd, 8638882.546, 84
Trd, 8638882.646, 85
Trd, 8638883.112, 79
Trd, 8638884.212, 89
Trd, 8638884.612, 81
Trd, 8638884.679, 65
Trd, 8638885.646, 133
Trd, 8638885.812, 131
Trd, 8638887.246, 139
Trd, 8638887.412, 96
Trd, 8638887.712, 135
Trd, 8638888.479, 139
Trd, 8638888.712, 128
Trd, 8638889.446, 119
Trd, 8638889.479, 107
Trd, 8638890.212, 105
Trd, 8638890.512, 81
Trd, 8638891.112, 138
Trd, 8638891.412, 131
Trd, 8638891.646, 98
Trd, 8638891.746, 91
Trd, 8638893.779, 81
Trd, 8638893.912, 78
Trd, 8638894.479, 71
Trd, 8638894.546, 101
Trd, 8638894.946, 126
Trd, 8638895.312, 88
Trd, 8638895.746, 138
Trd, 8638895.879, 137
Trd, 8638896.412, 127
Trd, 8638897.212, 107
Trd, 8638897.312, 107
Trd, 8638897.612, 135
Trd, 8638898.079, 127
Trd, 8638898.779, 105
Trd, 8638899.412, 133
Trd, 8638899.546, 124
Trd, 8638899.946, 82
Trd, 8638900.346, 131
Trd, 8638901.279, 116
Trd, 8638902.312, 94
Trd, 8638902.379, 91
Trd, 8638902.979, 113
Trd, 8638903.679, 103
Trd, 8638903.779, 95
Trd, 8638903.812, 92
Trd, 8638904.312, 109
Trd, 8638904.479, 105
Trd, 8638905.412, 108
Trd, 8638906.579, 99
Trd, 8638906.712, 94
Trd, 8638906.979, 96
Trd, 8638907.346, 94
Trd, 8638907.946, 106
Trd, 8638908.112, 135
Trd, 8638908.312, 102
Trd, 8638909.079, 126
Trd, 8638909.512, 133
Trd, 8638909.946, 136
Trd, 8638910.012, 113
Trd, 8638911.012, 114
Trd, 8638911.412, 127
Trd, 8638911.512, 110
Trd, 8638912.012, 137
Trd, 8638912.079, 130
Trd, 8638912.112, 104
Trd, 8638912.179, 91
Trd, 8638912.779, 116
Trd, 8638912.912, 114
Trd, 8638913.546, 109
Trd, 8638914.312, 61
Trd, 8638914.612, 96
Trd, 8638915.246, 92
Trd, 8638916.146, 140
Trd, 8638916.512, 119
Trd, 8638916.846, 140
Trd, 8638917.179, 119
Trd, 8638917.512, 120
Trd, 8638918.712, 124
Trd, 8638919.079, 110
Trd, 8638919.946, 136
Trd, 8638920.079, 112
Trd, 8638920.346, 90
Trd, 8638920.979, 133
Trd, 8638921.246, 123
Trd, 8638921.779, 109
Trd, 8638921.912, 140
Trd, 8638923.079, 72
Trd, 8638923.679, 98
Trd, 8638923.712, 83
Trd, 8638925.012, 140
Trd, 8638925.079, 116
Trd, 8638925.279, 104
Trd, 8638925.912, 115
Trd, 8638925.979, 100
Trd, 8638926.212, 66
Trd, 8638927.112, 100
Trd, 8638927.679, 72
Trd, 8638928.112, 105
Trd, 8638928.279, 127
Trd, 8638928.412, 79
Trd, 8638929.112, 69
Trd, 8638930.646, 116
Trd, 8638930.912, 128
Trd, 8638931.046, 120
Trd, 8638931.079, 98
Trd, 8638931.679, 109
Trd, 8638932.412, 124
Trd, 8638932.612, 126
Trd, 8638933.412, 136
Trd, 8638933.612, 140
Trd, 8638934.446, 108
Trd, 8638935.812, 139
Trd, 8638935.912, 128
Trd, 8638935.979, 111
Trd, 8638936.412, 121
Trd, 8638937.112, 129
Trd, 8638937.212, 118
Trd, 8638937.479, 91
Trd, 8638938.212, 134
Trd, 8638938.479, 107
Trd, 8638939.212, 131
Trd, 8638939.312, 118
Trd, 8638939.679, 115
Trd, 8638940.012, 68
Trd, 8638940.879, 140
Trd, 8638941.979, 121
Trd, 8638942.146, 117
Trd, 8638942.479, 91
Trd, 8638942.746, 88
Trd, 8638943.846, 137
Trd, 8638944.412, 137
Trd, 8638944.779, 135
Trd, 8638944.812, 121
Trd, 8638944.912, 99
Trd, 8638945.646, 102
Trd, 8638946.012, 73
Trd, 8638946.846, 113
Trd, 8638947.046, 79
Trd, 8638947.846, 97
Trd, 8638947.912, 131
Trd, 8638948.279, 133
Trd, 8638948.679, 71
Trd, 8638949.746, 139
Trd, 8638949.779, 139
Trd, 8638950.346, 133
Trd, 8638950.712, 125
Trd, 8638951.646, 127
Trd, 8638952.246, 138
Trd, 8638952.279, 84
Trd, 8638953.312, 120
Trd, 8638953.746, 123
Trd, 8638953.912, 121
Trd, 8638954.146, 115
Trd, 8638954.679, 77
Trd, 8638955.779, 138
Trd, 8638955.812, 123
Trd, 8638956.312, 112
Trd, 8638956.912, 129
Trd, 8638957.246, 120
Trd, 8638957.879, 134
Trd, 8638959.179, 137
Trd, 8638959.446, 139
Trd, 8638959.812, 115
Trd, 8638959.846, 112
Trd, 8638960.779, 101
Trd, 8638961.112, 107
Trd, 8638961.312, 99
Trd, 8638961.412, 109
Trd, 8638962.812, 130
Trd, 8638963.779, 135
Trd, 8638964.012, 133
Trd, 8638964.912, 140
Trd, 8638965.212, 119
Trd, 8638965.746, 133
Trd, 8638966.179, 137
Trd, 8638966.879, 112
Trd, 8638967.412, 132
Trd, 8638967.746, 104
Trd, 8638968.146, 122
Trd, 8638968.879, 140
Trd, 8638968.979, 134
Trd, 8638969.679, 116
Trd, 8638969.879, 100
Trd, 8638969.946, 92
Trd, 8638970.179, 82
Trd, 8638970.279, 90
Trd, 8638971.646, 129
Trd, 8638972.012, 134
Trd, 8638972.112, 127
Trd, 8638972.546, 132
Trd, 8638973.146, 120
Trd, 8638975.046, 115
Trd, 8638976.079, 102
Trd, 8638976.212, 119
Trd, 8638976.646, 85
Trd, 8638976.979, 83
Trd, 8638977.812, 74
Trd, 8638978.146, 81
Trd, 8638978.246, 140
Trd, 8638979.146, 136
Trd, 8638979.312, 136
Trd, 8638980.246, 113
Trd, 8638980.446, 135
Trd, 8638981.412, 97
Trd, 8638981.979, 61
Trd, 8638982.212, 87
Trd, 8638982.512, 85
Trd, 8638982.979, 131
Trd, 8638984.079, 94
Trd, 8638984.346, 84
Trd, 8638984.946, 93
Trd, 8638985.512, 75
Trd, 8638985.846, 93
Trd, 8638986.312, 86
Trd, 8638986.646, 96
Trd, 8638987.279, 102
Trd, 8638987.646, 101
Trd, 8638987.812, 91
Trd, 8638988.979, 135
Trd, 8638989.212, 132
Trd, 8638989.579, 121
Trd, 8638989.679, 107
Trd, 8638990.246, 134
Trd, 8638990.779, 132
Trd, 8638990.879, 131
Trd, 8638991.379, 133
Trd, 8638991.846, 113
Trd, 8638992.112, 110
Trd, 8638992.146, 107
Trd, 8638992.512, 98
Trd, 8638992.946, 95
Trd, 8638993.346, 90
Trd, 8638993.679, 132
Trd, 8638993.779, 109
Trd, 8638993.846, 90
Trd, 8638994.812, 135
Trd, 8638995.079, 98
Trd, 8638995.646, 103
Trd, 8638997.012, 78
Trd, 8638997.712, 75
Trd, 8638998.112, 73
Trd, 8638998.779, 133
Trd, 8638999.112, 79
Trd, 8638999.312, 114
Trd, 8638999.579, 118
Trd, 8639000.612, 126
Trd, 8639000.779, 116
Trd, 8639000.812, 106
Trd, 8639000.979, 77
Trd, 8639001.379, 117
Trd, 8639001.846, 126
Trd, 8639002.412, 99
Trd, 8639003.879, 112
Trd, 8639003.912, 97
Trd, 8639004.112, 95
Trd, 8639004.312, 92
Trd, 8639004.579, 96
Trd, 8639004.612, 79
Trd, 8639005.246, 102
Trd, 8639005.712, 97
Trd, 8639006.312, 105
Trd, 8639006.846, 138
Trd, 8639007.579, 139
Trd, 8639007.679, 76
Trd, 8639008.846, 112
Trd, 8639008.979, 111
Trd, 8639009.379, 119
Trd, 8639009.412, 110
Trd, 8639010.412, 90
Trd, 8639011.479, 124
Trd, 8639011.779, 118
Trd, 8639012.246, 124
Trd, 8639012.479, 133
Trd, 8639012.679, 106
Trd, 8639012.779, 132
Trd, 8639013.779, 133
Trd, 8639014.046, 118
Trd, 8639014.912, 139
Trd, 8639014.979, 114
Trd, 8639015.612, 110
Trd, 8639015.646, 88
Trd, 8639016.346, 140
Trd, 8639016.712, 136
Trd, 8639017.712, 122
Trd, 8639017.812, 87
Trd, 8639018.112, 97
Trd, 8639018.679, 89
Trd, 8639019.112, 96
Trd, 8639019.146, 119
Trd, 8639020.079, 114
Trd, 8639020.612, 85
Trd, 8639021.312, 132
Trd, 8639021.646, 120
Trd, 8639022.512, 126
Trd, 8639022.679, 103
Trd, 8639022.746, 77
Trd, 8639023.812, 136
Trd, 8639023.979, 129
Trd, 8639024.012, 126
Trd, 8639024.112, 107
Trd, 8639024.346, 82
Trd, 8639024.779, 139
Trd, 8639024.812, 80
Trd, 8639025.612, 92
Trd, 8639025.912, 128
Trd, 8639026.479, 132
Trd, 8639027.579, 137
Trd, 8639028.146, 132
Trd, 8639028.312, 121
Trd, 8639028.579, 140
Trd, 8639028.879, 112
Trd, 8639028.979, 103
Trd, 8639029.512, 131
Trd, 8639030.146, 122
Trd, 8639030.712, 104
Trd, 8639030.746, 87
Trd, 8639031.212, 139
Trd, 8639031.246, 82
Trd, 8639031.779, 129
Trd, 8639032.446, 99
Trd, 8639033.512, 129
Trd, 8639034.979, 131
Trd, 8639035.512, 117
Trd, 8639036.079, 139
Trd, 8639036.312, 134
Trd, 8639036.379, 121
Trd, 8639036.546, 135
Trd, 8639037.079, 135
Trd, 8639037.546, 140
Trd, 8639037.612, 134
Trd, 8639037.812, 116
Trd, 8639038.312, 109
Trd, 8639039.446, 123
Trd, 8639039.612, 133
Trd, 8639039.646, 97
Trd, 8639040.346, 119
Trd, 8639040.379, 118
Trd, 8639040.412, 98
Trd, 8639040.979, 98
Trd, 8639041.446, 86
Trd, 8639041.612, 94
Trd, 8639042.046, 92
Trd, 8639042.979, 138
Trd, 8639043.346, 102
Trd, 8639044.112, 119
Trd, 8639044.246, 89
Trd, 8639044.946, 125
Trd, 8639045.279, 84
Trd, 8639045.846, 86
Trd, 8639046.112, 81
Trd, 8639046.179, 80
Trd, 8639046.479, 103
Trd, 8639046.546, 91
Trd, 8639047.012, 61
Trd, 8639047.479, 101
Trd, 8639047.546, 101
Trd, 8639048.179, 119
Trd, 8639048.546, 97
Trd, 8639048.812, 89
Trd, 8639049.579, 140
Trd, 8639050.246, 123
Trd, 8639050.346, 139
Trd, 8639050.546, 109
Trd, 8639050.746, 71
Trd, 8639051.912, 96
Trd, 8639052.679, 93
Trd, 8639052.746, 86
Trd, 8639053.212, 66
Trd, 8639053.346, 71
Trd, 8639054.779, 96
Trd, 8639055.012, 87
Trd, 8639055.512, 97
Trd, 8639055.779, 80
Trd, 8639056.579, 139
Trd, 8639056.679, 116
Trd, 8639057.846, 126
Trd, 8639058.279, 140
Trd, 8639058.312, 126
Trd, 8639058.979, 118
Trd, 8639059.346, 132
Trd, 8639059.946, 125
Trd, 8639060.779, 125
Trd, 8639060.946, 110
Trd, 8639061.579, 95
Trd, 8639061.679, 90
Trd, 8639061.912, 82
Trd, 8639062.079, 84
Trd, 8639062.212, 100
Trd, 8639062.846, 65
Trd, 8639063.246, 119
Trd, 8639063.912, 118
Trd, 8639064.446, 106
Trd, 8639064.579, 97
Trd, 8639065.746, 137
Trd, 8639066.546, 125
Trd, 8639066.979, 116
Trd, 8639067.979, 112
Trd, 8639068.012, 99
Trd, 8639068.079, 84
Trd, 8639068.679, 113
Trd, 8639069.179, 115
Trd, 8639069.546, 134
Trd, 8639070.779, 121
Trd, 8639071.246, 115
Trd, 8639072.179, 138
Trd, 8639072.612, 114
Trd, 8639073.079, 115
Trd, 8639073.112, 112
Trd, 8639073.579, 137
Trd, 8639074.046, 120
Trd, 8639074.579, 96
Trd, 8639074.646, 94
Trd, 8639075.012, 73
Trd, 8639075.512, 102
Trd, 8639075.712, 116
Trd, 8639076.312, 110
Trd, 8639076.746, 107
Trd, 8639077.346, 69
Trd, 8639077.379, 71
Trd, 8639077.446, 94
Trd, 8639077.912, 115
Trd, 8639078.612, 90
Trd, 8639079.279, 140
Trd, 8639079.879, 105
Trd, 8639080.512, 119
Trd, 8639081.079, 140
Trd, 8639081.412, 131
Trd, 8639081.779, 112
Trd, 8639082.446, 124
Trd, 8639082.746, 116
Trd, 8639082.912, 104
Trd, 8639083.679, 116
Trd, 8639084.612, 80
Trd, 8639085.646, 128
Trd, 8639085.879, 74
Trd, 8639085.946, 86
Trd, 8639086.212, 103
Trd, 8639086.279, 103
Trd, 8639087.212, 103
Trd, 8639087.412, 102
Trd, 8639089.212, 125
Trd, 8639089.912, 136
Trd, 8639090.746, 87
Trd, 8639090.946, 120
Trd, 8639091.279, 90
Trd, 8639091.546, 119
Trd, 8639091.779, 132
Trd, 8639092.279, 111
Trd, 8639092.712, 103
Trd, 8639093.079, 98
Trd, 8639093.312, 101
Trd, 8639093.979, 96
Trd, 8639094.646, 127
Trd, 8639095.479, 121
Trd, 8639095.912, 130
Trd, 8639096.279, 112
Trd, 8639096.346, 78
Trd, 8639096.879, 138
Trd, 8639096.912, 122
Trd, 8639097.646, 138
Trd, 8639097.912, 113
Trd, 8639098.646, 132
Trd, 8639098.946, 114
Trd, 8639099.346, 111
Trd, 8639099.512, 109
Trd, 8639099.746, 123
Trd, 8639101.112, 136
Trd, 8639101.212, 112
Trd, 8639101.979, 100
Trd, 8639103.412, 139
Trd, 8639103.446, 121
Trd, 8639103.546, 119
Trd, 8639103.846, 133
Trd, 8639104.212, 110
Trd, 8639104.246, 100
Trd, 8639104.512, 89
Trd, 8639104.912, 140
Trd, 8639105.379, 95
Trd, 8639105.412, 89
Trd, 8639105.546, 61
Trd, 8639107.479, 132
Trd, 8639107.646, 110
Trd, 8639107.712, 91
Trd, 8639108.046, 132
Trd, 8639108.412, 107
Trd, 8639110.112, 122
Trd, 8639110.412, 135
Trd, 8639111.079, 127
Trd, 8639111.246, 104
Trd, 8639111.612, 117
Trd, 8639111.646, 98
Trd, 8639112.079, 98
Trd, 8639112.146, 82
Trd, 8639112.346, 101
Trd, 8639112.512, 79
Trd, 8639113.512, 125
Trd, 8639113.612, 83
Trd, 8639113.846, 126
Trd, 8639114.479, 121
Trd, 8639115.346, 131
Trd, 8639116.212, 94
Trd, 8639116.246, 91
Trd, 8639116.312, 128
Trd, 8639117.312, 135
Trd, 8639118.179, 117
Trd, 8639118.479, 107
Trd, 8639118.946, 102
Trd, 8639119.412, 139
Trd, 8639120.046, 137
Trd, 8639120.779, 111
Trd, 8639120.979, 89
Trd, 8639121.079, 83
Trd, 8639122.046, 109
Trd, 8639122.312, 129
Trd, 8639122.546, 118
Trd, 8639124.412, 116
Trd, 8639124.679, 110
Trd, 8639124.712, 104
Trd, 8639124.946, 122
Trd, 8639125.112, 133
Trd, 8639126.412, 121
Trd, 8639126.679, 100
Trd, 8639127.379, 110
Trd, 8639127.679, 100
Trd, 8639127.779, 136
Trd, 8639128.112, 116
Trd, 8639128.279, 95
Trd, 8639128.946, 134
Trd, 8639129.112, 115
Trd, 8639129.379, 115
Trd, 8639129.846, 111
Trd, 8639130.579, 112
Trd, 8639130.712, 99
Trd, 8639131.012, 95
Trd, 8639131.212, 93
Trd, 8639131.646, 123
Trd, 8639132.212, 140
Trd, 8639132.879, 133
Trd, 8639133.279, 126
Trd, 8639133.712, 121
Trd, 8639133.812, 97
Trd, 8639133.912, 108
Trd, 8639134.046, 140
Trd, 8639134.812, 129
Trd, 8639135.046, 140
Trd, 8639135.679, 120
Trd, 8639135.979, 122
Trd, 8639136.046, 115
Trd, 8639136.412, 99
Trd, 8639137.012, 119
Trd, 8639137.546, 124
Trd, 8639137.946, 114
Trd, 8639138.012, 95
Trd, 8639138.312, 72
Trd, 8639139.146, 111
Trd, 8639139.612, 65
Trd, 8639140.112, 119
Trd, 8639140.679, 137
Trd, 8639140.946, 108
Trd, 8639141.446, 72
Trd, 8639141.679, 65
Trd, 8639141.879, 82
Trd, 8639142.479, 83
Trd, 8639142.646, 78
Trd, 8639143.479, 132
Trd, 8639143.979, 104
Trd, 8639144.579, 111
Trd, 8639144.912, 69
Trd, 8639145.112, 111
Trd, 8639145.646, 137
Trd, 8639146.312, 135
Trd, 8639146.512, 138
Trd, 8639146.679, 135
Trd, 8639146.812, 116
Trd, 8639146.946, 100
Trd, 8639147.546, 93
Trd, 8639148.579, 104
Trd, 8639149.779, 92
Trd, 8639151.046, 89
Trd, 8639151.279, 85
Trd, 8639151.412, 96
Trd, 8639151.779, 107
Trd, 8639151.979, 76
Trd, 8639152.846, 91
Trd, 8639153.012, 118
Trd, 8639153.479, 138
Trd, 8639154.046, 96
Trd, 8639154.146, 64
Trd, 8639154.846, 70
Trd, 8639155.346, 109
Trd, 8639155.746, 81
Trd, 8639156.912, 86
Trd, 8639157.446, 121
Trd, 8639157.779, 107
Trd, 8639158.179, 100
Trd, 8639158.346, 96
Trd, 8639159.046, 124
Trd, 8639159.079, 83
Trd, 8639159.346, 94
Trd, 8639159.679, 112
Trd, 8639160.046, 77
Trd, 8639160.079, 96
Trd, 8639160.346, 128
Trd, 8639161.546, 80
Trd, 8639162.079, 106
Trd, 8639162.946, 119
Trd, 8639163.212, 123
Trd, 8639163.879, 127
Trd, 8639164.212, 105
Trd, 8639164.312, 125
Trd, 8639164.446, 95
Trd, 8639165.112, 121
Trd, 8639165.646, 119
Trd, 8639167.279, 119
Trd, 8639167.379, 104
Trd, 8639167.612, 77
Trd, 8639168.246, 114
Trd, 8639168.479, 71
Trd, 8639168.612, 69
Trd, 8639169.546, 139
Trd, 8639169.846, 130
Trd, 8639170.912, 138
Trd, 8639171.079, 121
Trd, 8639171.212, 91
Trd, 8639172.179, 111
Trd, 8639172.212, 110
Trd, 8639172.546, 109
Trd, 8639172.879, 104
Trd, 8639172.946, 125
Trd, 8639173.779, 122
Trd, 8639174.412, 103
Trd, 8639174.712, 121
Trd, 8639176.046, 132
Trd, 8639176.912, 104
Trd, 8639177.412, 86
Trd, 8639177.846, 86
Trd, 8639178.046, 139
Trd, 8639178.612, 131
Trd, 8639179.179, 135
Trd, 8639179.246, 126
Trd, 8639179.446, 127
Trd, 8639180.046, 137
Trd, 8639180.279, 117
Trd, 8639180.679, 124
Trd, 8639181.779, 127
Trd, 8639181.812, 101
Trd, 8639183.246, 99
Trd, 8639183.579, 83
Trd, 8639183.779, 81
Trd, 8639184.212, 129
Trd, 8639184.912, 124
Trd, 8639185.246, 116
Trd, 8639185.646, 113
Trd, 8639186.112, 99
Trd, 8639186.179, 87
Trd, 8639186.479, 60
Trd, 8639186.746, 82
Trd, 8639187.112, 99
Trd, 8639187.846, 117
Trd, 8639188.379, 115
Trd, 8639190.246, 139
Trd, 8639190.512, 124
Trd, 8639190.612, 124
Trd, 8639191.046, 115
Trd, 8639191.779, 132
Trd, 8639192.446, 133
Trd, 8639192.779, 106
Trd, 8639193.446, 116
Trd, 8639194.146, 138
Trd, 8639194.512, 111
Trd, 8639195.046, 139
Trd, 8639195.279, 138
Trd, 8639195.312, 123
Trd, 8639196.146, 138
Trd, 8639197.446, 129
Trd, 8639197.579, 120
Trd, 8639197.812, 121
Trd, 8639198.579, 134
Trd, 8639198.612, 125
Trd, 8639199.646, 132
Trd, 8639200.112, 103
Trd, 8639200.912, 133
Trd, 8639201.979, 123
Trd, 8639202.446, 116
Trd, 8639202.679, 110
Trd, 8639202.846, 105
Trd, 8639203.246, 132
Trd, 8639203.746, 127
Trd, 8639204.212, 114
Trd, 8639204.379, 129
Trd, 8639204.512, 112
Trd, 8639205.479, 98
Trd, 8639205.579, 94
Trd, 8639207.079, 108
Trd, 8639207.179, 115
Trd, 8639207.412, 110
Trd, 8639207.746, 115
Trd, 8639207.879, 130
Trd, 8639209.046, 126
Trd, 8639209.179, 106
Trd, 8639209.612, 123
Trd, 8639209.879, 95
Trd, 8639210.479, 95
Trd, 8639210.546, 109
Trd, 8639211.879, 135
Trd, 8639212.012, 124
Trd, 8639212.479, 116
Trd, 8639212.712, 119
Trd, 8639213.312, 110
Trd, 8639216.112, 135
Trd, 8639216.246, 117
Trd, 8639216.346, 134
Trd, 8639217.779, 107
Trd, 8639217.846, 126
Trd, 8639218.112, 102
Trd, 8639218.612, 105
Trd, 8639218.746, 93
Trd, 8639219.212, 102
Trd, 8639219.712, 73
Trd, 8639219.812, 121
Trd, 8639220.146, 94
Trd, 8639220.546, 105
Trd, 8639221.379, 139
Trd, 8639221.712, 123
Trd, 8639222.912, 111
Trd, 8639223.179, 83
Trd, 8639223.512, 88
Trd, 8639223.746, 113
Trd, 8639224.079, 134
Trd, 8639224.212, 108
Trd, 8639224.679, 114
Trd, 8639224.779, 138
Trd, 8639225.412, 115
Trd, 8639225.512, 98
Trd, 8639225.746, 95
Trd, 8639225.846, 67
Trd, 8639226.246, 114
Trd, 8639226.646, 135
Trd, 8639228.312, 108
Trd, 8639228.779, 83
Trd, 8639229.346, 90
Trd, 8639229.412, 96
Trd, 8639229.546, 110
Trd, 8639229.846, 140
Trd, 8639230.312, 77
Trd, 8639230.412, 75
Trd, 8639231.979, 104
Trd, 8639232.146, 97
Trd, 8639233.312, 130
Trd, 8639233.479, 121
Trd, 8639233.679, 134
Trd, 8639233.846, 133
Trd, 8639234.012, 116
Trd, 8639234.946, 137
Trd, 8639235.079, 116
Trd, 8639235.179, 122
Trd, 8639235.446, 127
Trd, 8639235.646, 91
Trd, 8639236.212, 61
Trd, 8639236.479, 105
Trd, 8639236.512, 67
Trd, 8639237.146, 105
Trd, 8639238.379, 118
Trd, 8639238.879, 109
Trd, 8639238.979, 98
Trd, 8639239.579, 116
Trd, 8639240.712, 135
Trd, 8639241.212, 107
Trd, 8639242.879, 104
Trd, 8639242.912, 99
Trd, 8639242.979, 110
Trd, 8639243.212, 100
Trd, 8639243.312, 118
Trd, 8639243.912, 102
Trd, 8639245.046, 104
Trd, 8639245.146, 96
Trd, 8639245.379, 132
Trd, 8639246.479, 140
Trd, 8639246.879, 139
Trd, 8639247.379, 136
Trd, 8639248.012, 139
Trd, 8639248.812, 125
Trd, 8639249.312, 140
Trd, 8639249.346, 121
Trd, 8639249.812, 136
Trd, 8639249.846, 106
Trd, 8639250.212, 130
Trd, 8639250.479, 86
Trd, 8639250.579, 83
Trd, 8639251.346, 82
Trd, 8639251.412, 109
Trd, 8639251.679, 80
Trd, 8639252.179, 73
Trd, 8639252.579, 72
Trd, 8639253.212, 124
Trd, 8639253.712, 65
Trd, 8639254.279, 125
Trd, 8639254.812, 100
Trd, 8639254.846, 69
Trd, 8639255.146, 80
Trd, 8639255.779, 93
Trd, 8639256.746, 121
Trd, 8639256.979, 80
Trd, 8639257.346, 112
Trd, 8639257.979, 104
Trd, 8639258.379, 134
Trd, 8639258.812, 138
Trd, 8639259.246, 111
Trd, 8639259.312, 110
Trd, 8639259.612, 99
Trd, 8639260.012, 102
Trd, 8639260.112, 92
Trd, 8639260.212, 72
Trd, 8639260.779, 64
Trd, 8639261.112, 71
Trd, 8639261.646, 113
Trd, 8639262.379, 117
Trd, 8639262.546, 82
Trd, 8639263.279, 70
Trd, 8639264.546, 115
Trd, 8639265.479, 140
Trd, 8639265.646, 132
Trd, 8639266.612, 116
Trd, 8639266.646, 111
Trd, 8639266.712, 123
Trd, 8639266.812, 105
Trd, 8639267.646, 96
Trd, 8639267.779, 94
Trd, 8639267.946, 78
Trd, 8639268.612, 128
Trd, 8639268.746, 78
Trd, 8639268.779, 76
Trd, 8639269.846, 66
Trd, 8639269.912, 73
Trd, 8639270.546, 78
Trd, 8639271.012, 83
Trd, 8639271.746, 91
Trd, 8639271.946, 113
Trd, 8639272.079, 102
Trd, 8639272.346, 102
Trd, 8639272.812, 108
Trd, 8639273.346, 96
Trd, 8639273.646, 95
Trd, 8639274.279, 112
Trd, 8639274.512, 138
Trd, 8639275.379, 133
Trd, 8639275.912, 115
Trd, 8639276.646, 110
Trd, 8639276.679, 100
Trd, 8639276.879, 87
Trd, 8639277.079, 109
Trd, 8639278.179, 138
Trd, 8639279.146, 137
Trd, 8639279.179, 135
Trd, 8639279.246, 117
Trd, 8639279.412, 130
Trd, 8639279.579, 125
Trd, 8639279.646, 107
Trd, 8639280.046, 127
Trd, 8639281.612, 106
Trd, 8639281.646, 96
Trd, 8639281.912, 99
Trd, 8639282.179, 100
Trd, 8639282.879, 114
Trd, 8639283.712, 140
Trd, 8639284.146, 115
Trd, 8639284.846, 126
Trd, 8639284.912, 114
Trd, 8639285.646, 100
Trd, 8639285.846, 82
Trd, 8639287.079, 72
Trd, 8639287.212, 139
Trd, 8639288.046, 69
Trd, 8639288.212, 101
Trd, 8639288.746, 91
Trd, 8639288.846, 133
Trd, 8639290.079, 137
Trd, 8639290.479, 125
Trd, 8639290.879, 110
Trd, 8639291.179, 116
Trd, 8639291.479, 126
Trd, 8639291.579, 121
Trd, 8639291.779, 138
Trd, 8639292.546, 120
Trd, 8639293.412, 140
Trd, 8639294.612, 96
Trd, 8639294.779, 94
Trd, 8639295.246, 79
Trd, 8639296.346, 107
Trd, 8639296.579, 102
Trd, 8639297.112, 85
Trd, 8639297.146, 84
Trd, 8639297.212, 104
Trd, 8639297.379, 118
Trd, 8639297.479, 120
Trd, 8639297.779, 112
Trd, 8639298.246, 140
Trd, 8639298.879, 139
Trd, 8639299.279, 124
Trd, 8639300.346, 133
Trd, 8639301.246, 138
Trd, 8639301.412, 94
Trd, 8639301.546, 82
Trd, 8639302.279, 131
Trd, 8639302.579, 125
Trd, 8639302.846, 136
Trd, 8639304.112, 131
Trd, 8639304.812, 132
Trd, 8639305.179, 128
Trd, 8639305.479, 137
Trd, 8639305.946, 136
Trd, 8639306.346, 128
Trd, 8639307.046, 115
Trd, 8639307.079, 131
Trd, 8639308.646, 113
Trd, 8639308.812, 102
Trd, 8639309.979, 138
Trd, 8639310.046, 98
Trd, 8639310.446, 114
Trd, 8639310.812, 107
Trd, 8639311.479, 124
Trd, 8639311.679, 113
Trd, 8639312.346, 136
Trd, 8639312.679, 114
Trd, 8639313.179, 125
Trd, 8639313.679, 104
Trd, 8639314.546, 129
Trd, 8639314.979, 103
Trd, 8639315.479, 109
Trd, 8639315.712, 116
Trd, 8639316.646, 140
Trd, 8639316.679, 124
Trd, 8639316.779, 122
Trd, 8639317.246, 132
Trd, 8639317.912, 120
Trd, 8639318.146, 108
Trd, 8639318.346, 78
Trd, 8639318.779, 111
Trd, 8639319.579, 84
Trd, 8639319.612, 133
Trd, 8639319.646, 79
Trd, 8639319.812, 87
Trd, 8639320.446, 75
Trd, 8639321.212, 118
Trd, 8639321.812, 123
Trd, 8639321.979, 127
Trd, 8639322.312, 118
Trd, 8639323.479, 115
Trd, 8639324.079, 122
Trd, 8639324.312, 94
Trd, 8639324.746, 112
Trd, 8639325.379, 139
Trd, 8639325.579, 135
Trd, 8639325.846, 107
Trd, 8639326.412, 103
Trd, 8639326.446, 90
Trd, 8639326.746, 94
Trd, 8639327.046, 137
Trd, 8639327.679, 124
Trd, 8639328.879, 139
Trd, 8639329.146, 138
Trd, 8639329.412, 138
Trd, 8639329.612, 133
Trd, 8639331.179, 122
Trd, 8639331.246, 122
Trd, 8639331.846, 113
Trd, 8639332.312, 100
Trd, 8639333.379, 99
Trd, 8639333.612, 91
Trd, 8639333.712, 90
Trd, 8639333.979, 117
Trd, 8639334.012, 117
Trd, 8639336.279, 136
Trd, 8639336.346, 136
Trd, 8639336.446, 122
Trd, 8639336.712, 106
Trd, 8639337.412, 109
Trd, 8639337.679, 111
Trd, 8639338.879, 140
Trd, 8639339.212, 129
Trd, 8639339.612, 123
Trd, 8639339.846, 109
Trd, 8639340.046, 106
Trd, 8639340.146, 94
Trd, 8639340.712, 104
Trd, 8639340.879, 94
Trd, 8639341.179, 130
Trd, 8639343.012, 139
Trd, 8639344.279, 108
Trd, 8639345.079, 120
Trd, 8639345.146, 115
Trd, 8639345.446, 85
Trd, 8639345.646, 124
Trd, 8639345.746, 95
Trd, 8639346.212, 85
Trd, 8639346.912, 131
Trd, 8639346.946, 90
Trd, 8639349.046, 111
Trd, 8639349.146, 104
Trd, 8639349.746, 126
Trd, 8639350.046, 129
Trd, 8639350.546, 132
Trd, 8639350.646, 83
Trd, 8639350.746, 129
Trd, 8639351.012, 92
Trd, 8639351.212, 80
Trd, 8639351.246, 103
Trd, 8639351.646, 122
Trd, 8639351.812, 102
Trd, 8639353.412, 127
Trd, 8639353.512, 124
Trd, 8639354.079, 140
Trd, 8639354.146, 117
Trd, 8639354.446, 101
Trd, 8639355.079, 133
Trd, 8639355.646, 119
Trd, 8639355.846, 110
Trd, 8639356.446, 138
Trd, 8639357.179, 137
Trd, 8639358.512, 119
Trd, 8639358.712, 122
Trd, 8639358.946, 130
Trd, 8639360.012, 133
Trd, 8639360.179, 112
Trd, 8639360.912, 113
Trd, 8639361.079, 85
Trd, 8639361.812, 135
Trd, 8639361.846, 102
Trd, 8639362.346, 114
Trd, 8639362.912, 104
Trd, 8639363.879, 91
Trd, 8639363.946, 78
Trd, 8639363.979, 76
Trd, 8639364.412, 105
Trd, 8639365.312, 114
Trd, 8639365.646, 124
Trd, 8639366.579, 137
Trd, 8639366.746, 129
Trd, 8639367.012, 120
Trd, 8639367.446, 118
Trd, 8639367.979, 109
Trd, 8639368.179, 67
Trd, 8639368.779, 128
Trd, 8639369.246, 140
Trd, 8639369.412, 124
Trd, 8639369.579, 112
Trd, 8639370.146, 95
Trd, 8639371.379, 78
Trd, 8639371.646, 94
Trd, 8639372.112, 116
Trd, 8639372.879, 132
Trd, 8639373.546, 106
Trd, 8639374.112, 131
Trd, 8639374.246, 115
Trd, 8639374.546, 128
Trd, 8639374.712, 111
Trd, 8639375.212, 105
Trd, 8639375.412, 102
Trd, 8639375.512, 90
Trd, 8639375.546, 89
Trd, 8639375.846, 102
Trd, 8639376.579, 136
Trd, 8639377.379, 118
Trd, 8639378.779, 99
Trd, 8639379.346, 101
Trd, 8639379.412, 99
Trd, 8639380.246, 139
Trd, 8639380.612, 138
Trd, 8639380.979, 135
Trd, 8639381.279, 122
Trd, 8639381.812, 113
Trd, 8639382.346, 138
Trd, 8639383.179, 133
Trd, 8639384.479, 134
Trd, 8639384.612, 108
Trd, 8639384.712, 117
Trd, 8639384.812, 105
Trd, 8639384.846, 101
Trd, 8639385.379, 94
Trd, 8639386.612, 112
Trd, 8639386.679, 118
Trd, 8639387.312, 104
Trd, 8639387.479, 99
Trd, 8639387.746, 137
Trd, 8639387.846, 114
Trd, 8639388.512, 115
Trd, 8639389.179, 107
Trd, 8639389.512, 84
Trd, 8639390.112, 127
Trd, 8639390.679, 125
Trd, 8639390.779, 90
Trd, 8639392.079, 135
Trd, 8639393.312, 115
Trd, 8639393.479, 98
Trd, 8639393.779, 91
Trd, 8639394.146, 107
Trd, 8639394.412, 86
Trd, 8639395.779, 134
Trd, 8639395.912, 126
Trd, 8639396.212, 107
Trd, 8639396.379, 137
Trd, 8639396.479, 99
Trd, 8639397.046, 138
Trd, 8639397.379, 97
Trd, 8639397.912, 134
Trd, 8639398.279, 126
Trd, 8639398.479, 112
Trd, 8639398.512, 109
Trd, 8639399.179, 137
Trd, 8639400.046, 131
Trd, 8639400.246, 117
Trd, 8639400.712, 95
Trd, 8639401.179, 121
Trd, 8639401.612, 117
Trd, 8639401.879, 105
Trd, 8639402.012, 78
Trd, 8639402.646, 135
Trd, 8639402.846, 110
Trd, 8639403.346, 84
Trd, 8639403.646, 85
Trd, 8639404.179, 82
Trd, 8639404.446, 95
Trd, 8639404.546, 73
Trd, 8639404.946, 60
Trd, 8639404.979, 126
Trd, 8639405.646, 120
Trd, 8639406.779, 94
Trd, 8639407.479, 120
Trd, 8639407.946, 138
Trd, 8639408.746, 131
Trd, 8639409.246, 118
Trd, 8639409.579, 131
Trd, 8639411.446, 111
Trd, 8639411.646, 93
Trd, 8639412.079, 135
Trd, 8639412.846, 134
Trd, 8639413.112, 127
Trd, 8639413.646, 140
Trd, 8639414.212, 112
Trd, 8639414.779, 109
Trd, 8639415.112, 122
Trd, 8639415.879, 139
Trd, 8639415.946, 130
Trd, 8639415.979, 117
Trd, 8639416.646, 84
Trd, 8639416.779, 84
Trd, 8639418.012, 72
Trd, 8639418.112, 84
Trd, 8639418.379, 84
Trd, 8639418.979, 95
Trd, 8639419.779, 81
Trd, 8639420.812, 116
Trd, 8639420.912, 82
Trd, 8639421.212, 113
Trd, 8639422.546, 99
Trd, 8639422.679, 95
Trd, 8639422.746, 131
Trd, 8639423.512, 140
Trd, 8639424.246, 140
Trd, 8639424.379, 113
Trd, 8639424.846, 140
Trd, 8639425.446, 81
Trd, 8639425.512, 94
Trd, 8639426.012, 99
Trd, 8639427.412, 95
Trd, 8639427.879, 114
Trd, 8639428.212, 133
Trd, 8639428.779, 73
Trd, 8639428.812, 70
Trd, 8639428.846, 133
Trd, 8639429.946, 132
Trd, 8639430.546, 132
Trd, 8639430.846, 130
Trd, 8639431.179, 109
Trd, 8639431.446, 106
Trd, 8639431.812, 139
Trd, 8639432.412, 122
Trd, 8639432.512, 110
Trd, 8639432.779, 105
Trd, 8639433.579, 71
Trd, 8639433.646, 69
Trd, 8639434.646, 133
Trd, 8639434.779, 114
Trd, 8639435.079, 129
Trd, 8639436.146, 116
Trd, 8639436.446, 112
Trd, 8639436.646, 99
Trd, 8639437.079, 102
Trd, 8639438.346, 137
Trd, 8639438.379, 132
Trd, 8639438.412, 126
Trd, 8639438.546, 96
Trd, 8639438.912, 134
Trd, 8639439.546, 80
Trd, 8639439.879, 61
Trd, 8639440.379, 62
Trd, 8639440.446, 97
Trd, 8639441.346, 129
Trd, 8639441.812, 117
Trd, 8639442.646, 107
Trd, 8639442.779, 137
Trd, 8639443.012, 100
Trd, 8639443.312, 94
Trd, 8639443.946, 130
Trd, 8639444.979, 136
Trd, 8639445.579, 72
Trd, 8639445.679, 84
Trd, 8639446.179, 61
Trd, 8639446.812, 61
Trd, 8639448.079, 119
Trd, 8639448.346, 139
Trd, 8639448.512, 107
Trd, 8639448.912, 110
Trd, 8639449.212, 137
Trd, 8639449.246, 118
Trd, 8639450.412, 140
Trd, 8639450.446, 119
Trd, 8639451.012, 140
Trd, 8639451.179, 116
Trd, 8639451.779, 96
Trd, 8639452.046, 111
Trd, 8639452.212, 95
Trd, 8639452.646, 101
Trd, 8639453.012, 75
Trd, 8639453.579, 116
Trd, 8639453.779, 97
Trd, 8639454.579, 124
Trd, 8639454.946, 132
Trd, 8639455.779, 92
Trd, 8639455.912, 83
Trd, 8639456.846, 129
Trd, 8639457.279, 113
Trd, 8639457.346, 64
Trd, 8639458.446, 138
Trd, 8639458.579, 120
Trd, 8639459.312, 112
Trd, 8639459.612, 131
Trd, 8639460.379, 140
Trd, 8639460.412, 113
Trd, 8639460.479, 101
Trd, 8639461.412, 73
Trd, 8639461.712, 98
Trd, 8639462.479, 118
Trd, 8639462.579, 78
Trd, 8639463.079, 140
Trd, 8639464.212, 140
Trd, 8639464.746, 118
Trd, 8639465.012, 136
Trd, 8639465.046, 108
Trd, 8639466.046, 91
Trd, 8639467.246, 108
Trd, 8639467.379, 91
Trd, 8639467.779, 76
Trd, 8639467.879, 85
Trd, 8639468.579, 138
Trd, 8639468.946, 136
Trd, 8639469.079, 136
Trd, 8639469.679, 134
Trd, 8639469.779, 127
Trd, 8639470.046, 118
Trd, 8639471.446, 95
Trd, 8639471.612, 90
Trd, 8639471.712, 108
Trd, 8639472.212, 107
Trd, 8639472.512, 136
Trd, 8639472.779, 140
Trd, 8639473.712, 140
Trd, 8639473.946, 117
Trd, 8639474.546, 102
Trd, 8639475.412, 98
Trd, 8639476.146, 140
Trd, 8639476.746, 116
Trd, 8639476.812, 128
Trd, 8639477.012, 106
Trd, 8639477.146, 103
Trd, 8639477.412, 98
Trd, 8639477.646, 108
Trd, 8639477.712, 86
Trd, 8639477.912, 81
Trd, 8639478.712, 136
Trd, 8639480.046, 112
Trd, 8639480.412, 139
Trd, 8639480.646, 137
Trd, 8639480.879, 71
Trd, 8639481.346, 140
Trd, 8639482.079, 108
Trd, 8639482.279, 118
Trd, 8639483.112, 98
Trd, 8639483.279, 106
Trd, 8639483.679, 60
Trd, 8639484.412, 86
Trd, 8639484.712, 89
Trd, 8639485.379, 68
Trd, 8639485.446, 126
Trd, 8639486.079, 94
Trd, 8639486.512, 87
Trd, 8639486.579, 88
Trd, 8639487.546, 97
Trd, 8639487.879, 64
Trd, 8639489.146, 77
Trd, 8639489.246, 85
Trd, 8639490.112, 136
Trd, 8639490.779, 119
Trd, 8639490.879, 100
Trd, 8639491.012, 120
Trd, 8639492.046, 133
Trd, 8639492.612, 137
Trd, 8639492.679, 126
Trd, 8639492.779, 109
Trd, 8639494.279, 121
Trd, 8639494.346, 115
Trd, 8639494.446, 107
Trd, 8639494.679, 106
Trd, 8639495.212, 95
Trd, 8639495.879, 122
Trd, 8639496.112, 113
Trd, 8639496.179, 103
Trd, 8639497.246, 138
Trd, 8639497.746, 110
Trd, 8639498.146, 134
Trd, 8639498.679, 97
Trd, 8639498.712, 121
Trd, 8639498.846, 134
Trd, 8639499.646, 96
Trd, 8639499.779, 135
Trd, 8639501.046, 124
Trd, 8639501.646, 88
Trd, 8639501.846, 106
Trd, 8639502.246, 92
Trd, 8639502.446, 83
Trd, 8639502.646, 119
Trd, 8639502.712, 74
Trd, 8639502.812, 120
Trd, 8639503.546, 84
Trd, 8639503.612, 67
Trd, 8639503.946, 71
Trd, 8639504.012, 110
Trd, 8639504.712, 114
Trd, 8639505.279, 112
Trd, 8639505.846, 120
Trd, 8639506.579, 140
Trd, 8639506.979, 140
Trd, 8639507.312, 109
Trd, 8639507.879, 122
Trd, 8639508.146, 131
Trd, 8639508.879, 138
Trd, 8639509.079, 137
Trd, 8639509.446, 121
Trd, 8639509.879, 117
Trd, 8639510.179, 107
Trd, 8639510.379, 65
Trd, 8639510.446, 109
Trd, 8639511.412, 105
Trd, 8639512.346, 134
Trd, 8639512.446, 127
Trd, 8639512.512, 88
Trd, 8639512.646, 130
Trd, 8639512.979, 119
Trd, 8639515.046, 120
Trd, 8639515.546, 116
Trd, 8639515.679, 117
Trd, 8639516.146, 97
Trd, 8639516.746, 93
Trd, 8639517.812, 140
Trd, 8639518.079, 97
Trd, 8639518.346, 128
Trd, 8639518.412, 85
Trd, 8639519.046, 118
Trd, 8639519.546, 89
Trd, 8639519.879, 116
Trd, 8639520.112, 75
Trd, 8639521.179, 126
Trd, 8639521.346, 119
Trd, 8639521.412, 105
Trd, 8639522.212, 108
Trd, 8639522.512, 98
Trd, 8639523.346, 124
Trd, 8639524.146, 125
Trd, 8639524.512, 102
Trd, 8639524.612, 99
Trd, 8639525.079, 126
Trd, 8639525.412, 125
Trd, 8639525.946, 110
Trd, 8639527.146, 113
Trd, 8639527.246, 112
Trd, 8639527.379, 92
Trd, 8639527.446, 105
Trd, 8639527.512, 89
Trd, 8639528.046, 84
Trd, 8639528.246, 128
Trd, 8639528.879, 73
Trd, 8639529.746, 120
Trd, 8639530.346, 137
Trd, 8639530.379, 134
Trd, 8639530.879, 113
Trd, 8639531.946, 125
Trd, 8639532.346, 109
Trd, 8639532.946, 105
Trd, 8639533.012, 102
Trd, 8639534.312, 116
Trd, 8639534.879, 108
Trd, 8639535.479, 88
Trd, 8639535.546, 77
Trd, 8639536.446, 134
Trd, 8639536.779, 124
Trd, 8639537.512, 137
Trd, 8639538.112, 98
Trd, 8639538.412, 97
Trd, 8639538.479, 93
Trd, 8639538.779, 80
Trd, 8639539.612, 134
Trd, 8639540.079, 96
Trd, 8639540.712, 117
Trd, 8639540.812, 113
Trd, 8639541.512, 89
Trd, 8639541.712, 107
Trd, 8639541.846, 91
Trd, 8639542.612, 74
Trd, 8639543.146, 69
Trd, 8639543.412, 137
Trd, 8639544.312, 128
Trd, 8639545.212, 133
Trd, 8639545.779, 90
Trd, 8639546.012, 77
Trd, 8639546.146, 67
Trd, 8639546.812, 110
Trd, 8639547.046, 122
Trd, 8639547.312, 130
Trd, 8639547.479, 114
Trd, 8639547.512, 97
Trd, 8639548.079, 131
Trd, 8639548.712, 103
Trd, 8639549.012, 79
Trd, 8639550.212, 103
Trd, 8639551.179, 123
Trd, 8639551.246, 116
Trd, 8639551.846, 104
Trd, 8639552.379, 77
Trd, 8639552.712, 72
Trd, 8639553.046, 134
Trd, 8639553.779, 137
Trd, 8639553.846, 133
Trd, 8639554.112, 118
Trd, 8639554.546, 127
Trd, 8639555.012, 117
Trd, 8639555.946, 115
Trd, 8639555.979, 99
Trd, 8639556.912, 129
Trd, 8639557.279, 124
Trd, 8639557.346, 122
Trd, 8639558.046, 102
Trd, 8639559.012, 131
Trd, 8639559.046, 108
Trd, 8639559.479, 132
Trd, 8639559.712, 107
Trd, 8639560.246, 97
Trd, 8639560.279, 87
Trd, 8639560.912, 112
Trd, 8639561.646, 130
Trd, 8639561.779, 111
Trd, 8639562.579, 135
Trd, 8639562.979, 94
Trd, 8639563.612, 105
Trd, 8639563.946, 115
Trd, 8639564.246, 125
Trd, 8639564.979, 109
Trd, 8639565.712, 98
Trd, 8639566.012, 102
Trd, 8639566.412, 111
Trd, 8639566.712, 99
Trd, 8639566.912, 131
Trd, 8639566.946, 107
Trd, 8639567.212, 123
Trd, 8639567.379, 97
Trd, 8639568.112, 79
Trd, 8639568.379, 80
Trd, 8639568.579, 92
Trd, 8639570.346, 138
Trd, 8639570.412, 138
Trd, 8639571.812, 138
Trd, 8639571.912, 129
Trd, 8639572.512, 122
Trd, 8639572.579, 114
Trd, 8639573.246, 127
Trd, 8639573.512, 127
Trd, 8639574.012, 96
Trd, 8639574.146, 139
Trd, 8639575.046, 138
Trd, 8639575.446, 135
Trd, 8639575.612, 115
Trd, 8639575.846, 136
Trd, 8639576.479, 117
Trd, 8639576.812, 77
Trd, 8639576.912, 79
Trd, 8639577.212, 133
Trd, 8639577.979, 116
Trd, 8639578.246, 95
Trd, 8639579.346, 133
Trd, 8639580.179, 112
Trd, 8639580.446, 104
Trd, 8639581.746, 124
Trd, 8639582.012, 95
Trd, 8639582.246, 91
Trd, 8639582.612, 79
Trd, 8639582.846, 76
Trd, 8639583.779, 116
Trd, 8639584.379, 62
Trd, 8639585.012, 86
Trd, 8639585.179, 128
Trd, 8639585.412, 95
Trd, 8639585.779, 119
Trd, 8639586.312, 125
Trd, 8639587.179, 91
Trd, 8639587.379, 103
Trd, 8639588.679, 130
Trd, 8639588.812, 137
Trd, 8639589.479, 124
Trd, 8639589.712, 113
Trd, 8639589.846, 103
Trd, 8639589.979, 90
Trd, 8639591.046, 129
Trd, 8639591.079, 115
Trd, 8639591.679, 133
Trd, 8639591.812, 134
Trd, 8639592.746, 82
Trd, 8639593.079, 113
Trd, 8639593.379, 107
Trd, 8639594.512, 128
Trd, 8639594.579, 120
Trd, 8639594.846, 73
Trd, 8639595.046, 99
Trd, 8639595.879, 119
Trd, 8639597.179, 108
Trd, 8639597.879, 139
Trd, 8639598.146, 139
Trd, 8639598.512, 120
Trd, 8639598.579, 101
Trd, 8639599.112, 124
Trd, 8639599.679, 101
Trd, 8639600.146, 133
Trd, 8639600.279, 125
Trd, 8639600.479, 90
Trd, 8639602.012, 128
Trd, 8639602.179, 126
Trd, 8639602.812, 134
Trd, 8639602.879, 113
Trd, 8639603.179, 138
Trd, 8639603.412, 134
Trd, 8639603.812, 131
Trd, 8639603.979, 109
Trd, 8639604.446, 90
Trd, 8639605.379, 67
Trd, 8639605.512, 115
Trd, 8639606.846, 85
Trd, 8639606.879, 66
Trd, 8639607.279, 113
Trd, 8639608.246, 129
Trd, 8639608.512, 77
Trd, 8639609.279, 136
Trd, 8639609.712, 139
Trd, 8639610.446, 71
Trd, 8639610.479, 126
Trd, 8639610.812, 101
Trd, 8639611.779, 139
Trd, 8639611.946, 127
Trd, 8639612.012, 122
Trd, 8639612.446, 118
Trd, 8639613.812, 126
Trd, 8639614.246, 121
Trd, 8639614.646, 118
Trd, 8639615.112, 125
Trd, 8639615.446, 106
Trd, 8639615.846, 100
Trd, 8639615.979, 81
Trd, 8639616.179, 80
Trd, 8639616.346, 116
Trd, 8639616.446, 131
Trd, 8639619.412, 140
Trd, 8639619.479, 131
Trd, 8639619.912, 122
Trd, 8639620.112, 131
Trd, 8639621.146, 131
Trd, 8639621.712, 132
Trd, 8639621.812, 125
Trd, 8639622.012, 101
Trd, 8639622.346, 109
Trd, 8639622.612, 98
Trd, 8639623.312, 103
Trd, 8639623.979, 96
Trd, 8639624.046, 91
Trd, 8639624.246, 104
Trd, 8639624.479, 116
Trd, 8639625.012, 111
Trd, 8639627.146, 134
Trd, 8639627.246, 100
Trd, 8639627.546, 131
Trd, 8639628.279, 114
Trd, 8639629.312, 131
Trd, 8639629.446, 127
Trd, 8639629.946, 101
Trd, 8639630.379, 118
Trd, 8639630.812, 107
Trd, 8639630.912, 93
Trd, 8639631.646, 127
Trd, 8639632.646, 137
Trd, 8639632.779, 111
Trd, 8639633.246, 105
Trd, 8639633.779, 107
Trd, 8639634.612, 99
Trd, 8639634.646, 94
Trd, 8639635.679, 74
Trd, 8639635.712, 67
Trd, 8639635.779, 115
Trd, 8639637.179, 115
Trd, 8639637.379, 109
Trd, 8639637.612, 109
Trd, 8639638.079, 107
Trd, 8639638.312, 134
Trd, 8639639.312, 130
Trd, 8639639.512, 112
Trd, 8639640.612, 138
Trd, 8639640.779, 138
Trd, 8639641.279, 124
Trd, 8639642.012, 118
Trd, 8639642.046, 115
Trd, 8639642.546, 137
Trd, 8639642.579, 109
Trd, 8639643.879, 134
Trd, 8639643.912, 123
Trd, 8639643.946, 118
Trd, 8639644.279, 130
Trd, 8639644.679, 90
Trd, 8639645.346, 81
Trd, 8639645.379, 92
Trd, 8639646.612, 140
Trd, 8639647.612, 130
Trd, 8639648.246, 139
Trd, 8639648.846, 113
Trd, 8639649.212, 139
Trd, 8639650.346, 135
Trd, 8639650.446, 139
Trd, 8639650.712, 135
Trd, 8639651.046, 127
Trd, 8639651.079, 118
Trd, 8639651.412, 127
Trd, 8639651.746, 108
Trd, 8639652.579, 120
Trd, 8639652.846, 78
Trd, 8639653.479, 138
Trd, 8639653.679, 122
Trd, 8639654.346, 104
Trd, 8639654.379, 86
Trd, 8639655.012, 96
Trd, 8639655.779, 133
Trd, 8639657.346, 132
Trd, 8639657.546, 96
Trd, 8639658.179, 69
Trd, 8639658.746, 62
Trd, 8639658.779, 80
Trd, 8639659.112, 99
Trd, 8639659.312, 87
Trd, 8639659.346, 134
Trd, 8639660.046, 137
Trd, 8639660.946, 130
Trd, 8639661.146, 104
Trd, 8639662.146, 118
Trd, 8639663.012, 115
Trd, 8639663.712, 114
Trd, 8639663.946, 102
Trd, 8639663.979, 86
Trd, 8639664.179, 139
Trd, 8639664.379, 115
Trd, 8639665.712, 114
Trd, 8639666.679, 99
Trd, 8639666.712, 91
Trd, 8639666.846, 107
Trd, 8639666.879, 109
Trd, 8639667.212, 64
Trd, 8639667.579, 95
Trd, 8639668.412, 133
Trd, 8639669.112, 110
Trd, 8639669.412, 112
Trd, 8639669.679, 113
Trd, 8639670.379, 101
Trd, 8639670.512, 88
Trd, 8639670.546, 133
Trd, 8639671.079, 135
Trd, 8639671.112, 130
Trd, 8639672.279, 137
Trd, 8639672.346, 120
Trd, 8639672.412, 106
Trd, 8639672.512, 103
Trd, 8639673.279, 60
Trd, 8639673.646, 140
Trd, 8639673.979, 125
Trd, 8639674.246, 111
Trd, 8639675.646, 118
Trd, 8639675.812, 110
Trd, 8639676.012, 99
Trd, 8639676.279, 135
Trd, 8639676.679, 97
Trd, 8639678.012, 93
Trd, 8639678.279, 111
Trd, 8639678.546, 99
Trd, 8639678.779, 124
Trd, 8639678.846, 86
Trd, 8639679.646, 123
Trd, 8639679.812, 110
Trd, 8639680.246, 98
Trd, 8639680.279, 86
Trd, 8639680.712, 79
Trd, 8639682.179, 62
Trd, 8639682.212, 68
Trd, 8639682.746, 97
Trd, 8639683.012, 105
Trd, 8639683.579, 136
Trd, 8639683.612, 134
Trd, 8639683.846, 134
Trd, 8639684.079, 112
Trd, 8639685.612, 132
Trd, 8639685.779, 128
Trd, 8639685.912, 124
Trd, 8639686.146, 108
Trd, 8639686.746, 123
Trd, 8639687.479, 88
Trd, 8639688.179, 99
Trd, 8639688.512, 79
Trd, 8639688.912, 128
Trd, 8639689.412, 103
Trd, 8639690.179, 71
Trd, 8639690.746, 76
Trd, 8639690.779, 74
Trd, 8639691.612, 134
Trd, 8639692.812, 139
Trd, 8639693.146, 111
Trd, 8639693.179, 94
Trd, 8639693.646, 105
Trd, 8639694.179, 88
Trd, 8639694.579, 123
Trd, 8639695.279, 136
Trd, 8639695.612, 134
Trd, 8639695.812, 117
Trd, 8639696.446, 93
Trd, 8639697.912, 129
Trd, 8639698.112, 121
Trd, 8639698.412, 109
Trd, 8639699.212, 131
Trd, 8639699.246, 125
Trd, 8639699.479, 124
Trd, 8639699.979, 138
Trd, 8639700.146, 134
Trd, 8639700.879, 125
Trd, 8639701.412, 132
Trd, 8639701.912, 103
Trd, 8639702.312, 101
Trd, 8639702.646, 104
Trd, 8639702.979, 101
Trd, 8639703.279, 67
Trd, 8639704.046, 89
Trd, 8639704.146, 95
Trd, 8639704.412, 64
Trd, 8639704.979, 76
Trd, 8639705.312, 104
Trd, 8639705.979, 77
Trd, 8639706.046, 140
Trd, 8639706.212, 65
Trd, 8639706.912, 139
Trd, 8639707.279, 94
Trd, 8639707.612, 92
Trd, 8639707.879, 99
Trd, 8639708.146, 136
Trd, 8639708.746, 113
Trd, 8639709.546, 120
Trd, 8639709.746, 132
Trd, 8639709.946, 112
Trd, 8639710.012, 105
Trd, 8639710.679, 80
Trd, 8639711.312, 88
Trd, 8639711.779, 63
Trd, 8639712.646, 65
Trd, 8639713.646, 61
Trd, 8639713.846, 64
Trd, 8639713.979, 94
Trd, 8639714.246, 71
Trd, 8639714.712, 86
Trd, 8639715.679, 111
Trd, 8639716.046, 117
Trd, 8639716.379, 137
Trd, 8639716.812, 119
Trd, 8639717.312, 93
Trd, 8639717.946, 137
Trd, 8639718.012, 83
Trd, 8639718.112, 119
Trd, 8639719.112, 128
Trd, 8639720.146, 132
Trd, 8639720.312, 139
Trd, 8639720.412, 128
Trd, 8639720.546, 108
Trd, 8639721.246, 110
Trd, 8639722.312, 139
Trd, 8639722.579, 116
Trd, 8639722.812, 117
Trd, 8639723.079, 127
Trd, 8639723.479, 119
Trd, 8639723.912, 139
Trd, 8639724.846, 127
Trd, 8639724.879, 125
Trd, 8639724.912, 135
Trd, 8639725.179, 89
Trd, 8639725.612, 78
Trd, 8639726.446, 132
Trd, 8639726.646, 96
Trd, 8639726.812, 97
Trd, 8639727.046, 78
Trd, 8639727.612, 119
Trd, 8639728.246, 133
Trd, 8639728.279, 105
Trd, 8639729.412, 121
Trd, 8639730.112, 110
Trd, 8639730.179, 97
Trd, 8639731.046, 110
Trd, 8639731.212, 81
Trd, 8639731.312, 98
Trd, 8639731.346, 60
Trd, 8639733.612, 139
Trd, 8639734.246, 105
Trd, 8639734.279, 95
Trd, 8639734.679, 139
Trd, 8639734.946, 120
Trd, 8639735.179, 89
Trd, 8639736.379, 127
Trd, 8639736.446, 107
Trd, 8639736.712, 127
Trd, 8639736.846, 111
Trd, 8639737.212, 129
Trd, 8639737.546, 126
Trd, 8639737.879, 110
Trd, 8639738.546, 119
Trd, 8639739.412, 107
Trd, 8639739.812, 123
Trd, 8639739.979, 99
Trd, 8639741.079, 119
Trd, 8639741.412, 137
Trd, 8639741.846, 113
Trd, 8639742.179, 106
Trd, 8639742.279, 104
Trd, 8639742.512, 64
Trd, 8639742.812, 96
Trd, 8639743.446, 91
Trd, 8639743.646, 71
Trd, 8639744.412, 119
Trd, 8639744.479, 137
Trd, 8639745.479, 139
Trd, 8639745.679, 139
Trd, 8639746.312, 139
Trd, 8639746.412, 131
Trd, 8639746.779, 111
Trd, 8639747.312, 122
Trd, 8639749.712, 124
Trd, 8639749.812, 96
Trd, 8639749.946, 105
Trd, 8639750.846, 124
Trd, 8639751.779, 125
Trd, 8639751.812, 124
Trd, 8639752.246, 133
Trd, 8639752.646, 137
Trd, 8639752.679, 128
Trd, 8639753.079, 137
Trd, 8639753.712, 122
Trd, 8639753.779, 117
Trd, 8639754.479, 136
Trd, 8639755.079, 114
Trd, 8639755.746, 105
Trd, 8639757.012, 120
Trd, 8639757.212, 129
Trd, 8639757.979, 140
Trd, 8639758.346, 131
Trd, 8639758.979, 140
Trd, 8639759.412, 109
Trd, 8639759.446, 120
Trd, 8639760.412, 135
Trd, 8639760.512, 137
Trd, 8639761.712, 114
Trd, 8639762.679, 116
Trd, 8639763.246, 114
Trd, 8639763.312, 115
Trd, 8639763.546, 119
Trd, 8639763.912, 121
Trd, 8639764.712, 140
Trd, 8639765.346, 134
Trd, 8639765.679, 127
Trd, 8639765.712, 126
Trd, 8639766.579, 127
Trd, 8639766.812, 125
Trd, 8639767.246, 132
Trd, 8639768.046, 118
Trd, 8639768.646, 140
Trd, 8639769.012, 140
Trd, 8639769.379, 124
Trd, 8639770.146, 113
Trd, 8639770.579, 136
Trd, 8639770.779, 111
Trd, 8639771.912, 100
Trd, 8639772.346, 138
Trd, 8639772.546, 133
Trd, 8639772.779, 131
Trd, 8639773.379, 139
Trd, 8639773.612, 119
Trd, 8639774.079, 122
Trd, 8639774.312, 129
Trd, 8639774.679, 133
Trd, 8639774.812, 126
Trd, 8639776.212, 79
Trd, 8639776.279, 83
Trd, 8639776.779, 108
Trd, 8639777.312, 85
Trd, 8639777.412, 80
Trd, 8639777.479, 100
Trd, 8639778.479, 139
Trd, 8639778.679, 131
Trd, 8639779.346, 110
Trd, 8639779.612, 137
Trd, 8639779.879, 100
Trd, 8639780.046, 93
Trd, 8639780.612, 86
Trd, 8639780.879, 61
Trd, 8639780.946, 135
Trd, 8639782.046, 90
Trd, 8639782.179, 97
Trd, 8639782.679, 87
Trd, 8639783.012, 106
Trd, 8639783.712, 75
Trd, 8639783.779, 89
Trd, 8639785.046, 119
Trd, 8639785.279, 127
Trd, 8639785.412, 98
Trd, 8639786.379, 138
Trd, 8639786.612, 121
Trd, 8639786.646, 90
Trd, 8639787.079, 78
Trd, 8639787.512, 130
Trd, 8639788.046, 99
Trd, 8639788.612, 130
Trd, 8639789.946, 79
Trd, 8639790.079, 133
Trd, 8639790.412, 120
Trd, 8639790.446, 90
Trd, 8639790.712, 111
Trd, 8639790.846, 72
Trd, 8639791.646, 91
Trd, 8639792.346, 119
Trd, 8639792.446, 105
Trd, 8639794.046, 62
Trd, 8639794.079, 61
Trd, 8639794.679, 60
Trd, 8639795.579, 128
Trd, 8639795.779, 82
Trd, 8639795.812, 102
Trd, 8639797.012, 106
Trd, 8639797.379, 105
Trd, 8639797.879, 116
Trd, 8639798.146, 118
Trd, 8639798.212, 100
Trd, 8639798.379, 100
Trd, 8639798.812, 97
Trd, 8639800.246, 138
Trd, 8639800.312, 92
Trd, 8639801.312, 139
Trd, 8639801.546, 102
Trd, 8639801.579, 101
Trd, 8639802.279, 119
Trd, 8639802.579, 106
Trd, 8639802.979, 101
Trd, 8639803.246, 106
Trd, 8639803.479, 92
Trd, 8639804.046, 135
Trd, 8639804.546, 140
Trd, 8639804.779, 132
Trd, 8639804.912, 101
Trd, 8639805.412, 123
Trd, 8639805.946, 82
Trd, 8639806.212, 112
Trd, 8639807.079, 101
Trd, 8639807.779, 132
Trd, 8639808.412, 119
Trd, 8639808.446, 103
Trd, 8639809.246, 136
Trd, 8639809.746, 131
Trd, 8639811.346, 139
Trd, 8639812.012, 140
Trd, 8639812.179, 133
Trd, 8639812.679, 122
Trd, 8639813.012, 127
Trd, 8639813.446, 120
Trd, 8639814.012, 109
Trd, 8639815.046, 123
Trd, 8639815.146, 134
Trd, 8639816.579, 131
Trd, 8639816.646, 118
Trd, 8639816.679, 115
Trd, 8639816.946, 103
Trd, 8639817.279, 89
Trd, 8639817.479, 110
Trd, 8639818.346, 82
Trd, 8639819.346, 74
Trd, 8639819.746, 109
Trd, 8639820.012, 104
Trd, 8639820.112, 119
Trd, 8639820.412, 102
Trd, 8639820.579, 104
Trd, 8639821.846, 118
Trd, 8639822.646, 133
Trd, 8639823.046, 110
Trd, 8639824.212, 140
Trd, 8639825.179, 118
Trd, 8639825.312, 112
Trd, 8639825.579, 111
Trd, 8639825.979, 104
Trd, 8639826.279, 99
Trd, 8639826.579, 135
Trd, 8639826.712, 110
Trd, 8639827.279, 127
Trd, 8639827.846, 89
Trd, 8639827.912, 79
Trd, 8639828.279, 138
Trd, 8639828.879, 132
Trd, 8639829.046, 139
Trd, 8639829.779, 107
Trd, 8639829.812, 90
Trd, 8639830.546, 128
Trd, 8639831.246, 131
Trd, 8639831.746, 139
Trd, 8639831.779, 119
Trd, 8639833.212, 138
Trd, 8639834.079, 112
Trd, 8639834.212, 87
Trd, 8639834.512, 139
Trd, 8639834.712, 83
Trd, 8639834.979, 115
Trd, 8639835.912, 125
Trd, 8639836.046, 102
Trd, 8639837.046, 112
Trd, 8639837.646, 131
Trd, 8639837.679, 119
Trd, 8639838.212, 125
Trd, 8639838.312, 120
Trd, 8639838.512, 115
Trd, 8639839.512, 111
Trd, 8639839.679, 131
Trd, 8639840.179, 97
Trd, 8639840.779, 139
Trd, 8639841.279, 138
Trd, 8639842.379, 138
Trd, 8639842.712, 120
Trd, 8639842.879, 106
Trd, 8639843.146, 104
Trd, 8639843.579, 137
Trd, 8639843.779, 95
Trd, 8639844.046, 122
Trd, 8639844.179, 117
Trd, 8639845.612, 140
Trd, 8639845.779, 134
Trd, 8639845.846, 121
Trd, 8639846.279, 106
Trd, 8639846.712, 121
Trd, 8639847.412, 124
Trd, 8639847.979, 119
Trd, 8639848.079, 85
Trd, 8639848.246, 102
Trd, 8639848.579, 77
Trd, 8639849.112, 80
Trd, 8639849.712, 71
Trd, 8639850.779, 67
Trd, 8639851.579, 139
Trd, 8639851.846, 117
Trd, 8639852.979, 137
Trd, 8639853.346, 124
Trd, 8639854.312, 131
Trd, 8639854.946, 129
Trd, 8639855.112, 128
Trd, 8639855.746, 121
Trd, 8639855.946, 110
Trd, 8639857.079, 127
Trd, 8639857.112, 93
Trd, 8639857.346, 133
Trd, 8639857.912, 114
Trd, 8639858.046, 104
Trd, 8639858.379, 98
Trd, 8639859.579, 95
Trd, 8639860.179, 132
Trd, 8639860.279, 124
Trd, 8639860.379, 140
Trd, 8639860.879, 114
Trd, 8639861.312, 81
Trd, 8639862.246, 102
Trd, 8639862.346, 134
Trd, 8639862.546, 93
Trd, 8639863.379, 121
Trd, 8639864.212, 137
Trd, 8639865.312, 118
Trd, 8639865.412, 129
Trd, 8639865.446, 112
Trd, 8639865.679, 130
Trd, 8639866.146, 117
Trd, 8639866.246, 137
Trd, 8639866.646, 100
Trd, 8639867.346, 124
Trd, 8639867.746, 128
Trd, 8639868.279, 138
Trd, 8639868.379, 121
Trd, 8639868.779, 117
Trd, 8639869.446, 134
Trd, 8639869.812, 89
Trd, 8639870.046, 99
Trd, 8639870.346, 84
Trd, 8639871.146, 91
Trd, 8639871.746, 101
Trd, 8639871.812, 97
Trd, 8639871.846, 137
Trd, 8639872.079, 120
Trd, 8639872.846, 75
Trd, 8639873.046, 95
Trd, 8639873.946, 89
Trd, 8639874.046, 95
Trd, 8639874.912, 71
Trd, 8639875.779, 97
Trd, 8639876.079, 85
Trd, 8639876.179, 69
Trd, 8639876.579, 83
Trd, 8639876.979, 68
Trd, 8639877.446, 137
Trd, 8639877.779, 106
Trd, 8639877.812, 87
Trd, 8639878.346, 126
Trd, 8639879.012, 132
Trd, 8639879.612, 83
Trd, 8639879.812, 81
Trd, 8639880.046, 125
Trd, 8639880.646, 90
Trd, 8639881.379, 133
Trd, 8639882.079, 118
Trd, 8639882.212, 84
Trd, 8639882.412, 130
Trd, 8639882.746, 119
Trd, 8639883.512, 138
Trd, 8639884.279, 128
Trd, 8639884.446, 119
Trd, 8639886.246, 139
Trd, 8639886.612, 121
Trd, 8639886.746, 117
Trd, 8639887.146, 125
Trd, 8639887.679, 93
Trd, 8639888.212, 111
Trd, 8639888.312, 89
Trd, 8639888.346, 86
Trd, 8639889.112, 119
Trd, 8639890.412, 136
Trd, 8639890.679, 124
Trd, 8639890.812, 111
Trd, 8639891.146, 139
Trd, 8639892.679, 140
Trd, 8639893.346, 131
Trd, 8639893.579, 117
Trd, 8639893.846, 133
Trd, 8639893.879, 106
Trd, 8639895.112, 96
Trd, 8639895.179, 110
Trd, 8639895.312, 99
Trd, 8639895.679, 69
Trd, 8639896.979, 91
Trd, 8639897.112, 90
Trd, 8639897.779, 90
Trd, 8639898.779, 140
Trd, 8639899.179, 139
Trd, 8639899.446, 119
Trd, 8639899.679, 123
Trd, 8639899.979, 114
Trd, 8639900.546, 128
Trd, 8639900.746, 128
Trd, 8639900.846, 107
Trd, 8639901.646, 140
Trd, 8639902.012, 101
Trd, 8639903.079, 139
Trd, 8639904.112, 123
Trd, 8639904.279, 108
Trd, 8639905.579, 107
Trd, 8639906.579, 107
Trd, 8639906.812, 130
Trd, 8639907.179, 139
Trd, 8639907.212, 118
Trd, 8639907.246, 93
Trd, 8639907.879, 89
Trd, 8639907.979, 119
Trd, 8639908.646, 134
Trd, 8639908.979, 111
Trd, 8639909.212, 112
Trd, 8639909.646, 118
Trd, 8639910.146, 140
Trd, 8639911.479, 117
Trd, 8639911.846, 116
Trd, 8639911.946, 94
Trd, 8639912.212, 122
Trd, 8639913.012, 125
Trd, 8639913.212, 107
Trd, 8639913.479, 127
Trd, 8639913.679, 113
Trd, 8639914.212, 112
Trd, 8639914.846, 109
Trd, 8639914.979, 127
Trd, 8639915.746, 106
Trd, 8639915.912, 136
Trd, 8639916.279, 101
Trd, 8639916.346, 104
Trd, 8639916.546, 80
Trd, 8639916.679, 84
Trd, 8639917.646, 85
Trd, 8639917.812, 108
Trd, 8639918.212, 112
Trd, 8639918.712, 108
Trd, 8639919.112, 71
Trd, 8639920.179, 88
Trd, 8639920.812, 85
Trd, 8639921.179, 121
Trd, 8639921.279, 75
Trd, 8639921.979, 66
Trd, 8639922.512, 124
Trd, 8639922.879, 130
Trd, 8639923.179, 130
Trd, 8639923.346, 100
Trd, 8639923.846, 101
Trd, 8639924.612, 139
Trd, 8639925.146, 122
Trd, 8639925.212, 107
Trd, 8639926.612, 139
Trd, 8639927.312, 128
Trd, 8639928.446, 108
Trd, 8639928.712, 91
Trd, 8639929.046, 86
Trd, 8639929.179, 83
Trd, 8639929.379, 113
Trd, 8639929.446, 140
Trd, 8639929.912, 107
Trd, 8639930.146, 94
Trd, 8639931.446, 133
Trd, 8639931.646, 139
Trd, 8639931.746, 115
Trd, 8639932.212, 132
Trd, 8639932.679, 139
Trd, 8639933.112, 140
Trd, 8639933.612, 117
Trd, 8639933.912, 133
Trd, 8639934.846, 105
Trd, 8639935.246, 91
Trd, 8639935.546, 126
Trd, 8639935.879, 115
Trd, 8639936.012, 112
Trd, 8639937.846, 123
Trd, 8639938.312, 130
Trd, 8639938.412, 105
Trd, 8639938.746, 134
Trd, 8639939.279, 124
Trd, 8639939.446, 130
Trd, 8639940.246, 111
Trd, 8639941.312, 122
Trd, 8639942.146, 129
Trd, 8639942.412, 116
Trd, 8639942.646, 104
Trd, 8639942.746, 129
Trd, 8639943.046, 136
Trd, 8639943.546, 131
Trd, 8639943.946, 97
Trd, 8639944.279, 92
Trd, 8639944.379, 89
Trd, 8639944.812, 113
Trd, 8639944.946, 101
Trd, 8639945.179, 91
Trd, 8639945.879, 140
Trd, 8639947.479, 138
Trd, 8639948.179, 114
Trd, 8639948.412, 140
Trd, 8639948.512, 106
Trd, 8639948.979, 126
Trd, 8639949.246, 119
Trd, 8639949.946, 98
Trd, 8639950.046, 67
Trd, 8639951.179, 114
Trd, 8639951.546, 73
Trd, 8639952.046, 103
Trd, 8639952.146, 92
Trd, 8639954.079, 132
Trd, 8639954.612, 127
Trd, 8639954.779, 111
Trd, 8639955.646, 127
Trd, 8639956.712, 114
Trd, 8639956.779, 112
Trd, 8639956.912, 94
Trd, 8639957.146, 131
Trd, 8639957.779, 113
Trd, 8639958.279, 122
Trd, 8639958.412, 113
Trd, 8639958.879, 90
Trd, 8639958.946, 102
Trd, 8639958.979, 121
Trd, 8639959.746, 102
Trd, 8639960.446, 126
Trd, 8639960.612, 81
Trd, 8639961.546, 138
Trd, 8639962.746, 119
Trd, 8639963.246, 104
Trd, 8639963.679, 95
Trd, 8639964.012, 112
Trd, 8639964.146, 94
Trd, 8639965.012, 138
Trd, 8639965.546, 117
Trd, 8639965.679, 118
Trd, 8639966.446, 96
Trd, 8639967.546, 112
Trd, 8639967.579, 115
Trd, 8639967.846, 121
Trd, 8639967.979, 82
Trd, 8639969.379, 135
Trd, 8639970.446, 114
Trd, 8639970.646, 106
Trd, 8639971.012, 105
Trd, 8639971.412, 135
Trd, 8639972.012, 139
Trd, 8639972.379, 129
Trd, 8639972.612, 123
Trd, 8639973.712, 138
Trd, 8639974.079, 125
Trd, 8639974.679, 137
Trd, 8639974.746, 132
Trd, 8639974.846, 134
Trd, 8639976.079, 140
Trd, 8639976.112, 132
Trd, 8639977.279, 136
Trd, 8639977.312, 121
Trd, 8639977.846, 136
Trd, 8639977.979, 136
Trd, 8639978.146, 118
Trd, 8639978.712, 139
Trd, 8639980.146, 130
Trd, 8639980.246, 121
Trd, 8639980.479, 115
Trd, 8639980.546, 93
Trd, 8639980.812, 87
Trd, 8639980.846, 87
Trd, 8639981.446, 103
Trd, 8639981.879, 114
Trd, 8639982.512, 77
Trd, 8639982.812, 111
Trd, 8639982.979, 139
Trd, 8639983.146, 70
Trd, 8639984.546, 133
Trd, 8639985.279, 119
Trd, 8639985.579, 138
Trd, 8639985.746, 121
Trd, 8639986.446, 111
Trd, 8639987.512, 79
Trd, 8639987.779, 88
Trd, 8639988.079, 77
Trd, 8639988.246, 108
Trd, 8639988.779, 78
Trd, 8639988.979, 97
Trd, 8639989.112, 75
Trd, 8639989.346, 68
Trd, 8639990.779, 140
Trd, 8639991.179, 74
Trd, 8639991.846, 131
Trd, 8639992.379, 134
Trd, 8639993.146, 131
Trd, 8639993.546, 119
Trd, 8639994.112, 111
Trd, 8639995.112, 108
Trd, 8639996.012, 129
Trd, 8639996.379, 114
Trd, 8639996.812, 116
Trd, 8639997.446, 110
Trd, 8639997.812, 137
Trd, 8639998.112, 140
Trd, 8639998.179, 136
Trd, 8639998.712, 126
Trd, 8639999.046, 125
Trd, 8639999.112, 84
