Trd, 8638775.712, 133
Trd, 8638776.312, 132
Trd, 8638777.212, 110
Trd, 8638777.612, 102
Trd, 8638778.046, 128
Trd, 8638778.079, 127
Trd, 8638778.679, 104
Trd, 8638778.846, 65
Trd, 8638778.879, 71
Trd, 8638779.912, 64
Trd, 8638780.612, 60
Trd, 8638781.146, 61
Trd, 8638781.712, 64
Trd, 8638781.979, 67
Trd, 8638782.112, 63
Trd, 8638782.746, 65
Trd, 8638783.279, 64
Trd, 8638783.679, 68
Trd, 8638783.746, 63
Trd, 8638783.879, 70
Trd, 8638784.312, 72
Trd, 8638785.246, 72
Trd, 8638785.746, 114
Trd, 8638786.212, 107
Trd, 8638786.812, 107
Trd, 8638787.479, 140
Trd, 8638788.012, 140
Trd, 8638788.179, 140
Trd, 8638788.512, 140
Trd, 8638789.012, 117
Trd, 8638789.212, 116
Trd, 8638789.646, 129
Trd, 8638790.012, 109
Trd, 8638790.179, 132
Trd, 8638790.279, 105
Trd, 8638790.312, 89
Trd, 8638792.079, 125
Trd, 8638792.212, 126
Trd, 8638792.779, 124
Trd, 8638792.946, 117
Trd, 8638794.246, 140
Trd, 8638794.612, 139
Trd, 8638794.712, 94
Trd, 8638795.012, 88
Trd, 8638795.079, 135
Trd, 8638795.346, 83
Trd, 8638795.412, 72
Trd, 8638795.979, 93
Trd, 8638796.312, 85
Trd, 8638796.779, 107
Trd, 8638797.279, 138
Trd, 8638797.312, 106
Trd, 8638797.812, 100
Trd, 8638798.079, 110
Trd, 8638798.912, 122
Trd, 8638799.479, 124
Trd, 8638799.946, 86
Trd, 8638800.346, 68
Trd, 8638801.312, 140
Trd, 8638801.446, 140
Trd, 8638801.879, 140
Trd, 8638801.946, 118
Trd, 8638802.346, 131
Trd, 8638803.179, 140
Trd, 8638803.712, 138
Trd, 8638804.012, 128
Trd, 8638804.346, 122
Trd, 8638805.146, 129
Trd, 8638805.912, 140
Trd, 8638806.112, 140
Trd, 8638806.846, 140
Trd, 8638807.012, 139
Trd, 8638808.146, 140
Trd, 8638808.212, 136
Trd, 8638808.379, 126
Trd, 8638808.412, 113
Trd, 8638809.146, 89
Trd, 8638809.579, 118
Trd, 8638809.946, 98
Trd, 8638810.012, 75
Trd, 8638810.046, 74
Trd, 8638810.746, 129
Trd, 8638811.579, 127
Trd, 8638812.012, 128
Trd, 8638812.212, 118
Trd, 8638813.079, 120
Trd, 8638813.912, 140
Trd, 8638813.979, 138
Trd, 8638814.512, 122
Trd, 8638814.546, 114
Trd, 8638815.779, 112
Trd, 8638815.979, 127
Trd, 8638816.079, 108
Trd, 8638816.712, 89
Trd, 8638817.279, 136
Trd, 8638818.079, 139
Trd, 8638818.779, 140
Trd, 8638819.112, 140
Trd, 8638819.146, 140
Trd, 8638819.979, 116
Trd, 8638820.379, 95
Trd, 8638820.446, 139
Trd, 8638820.846, 60
Trd, 8638821.646, 64
Trd, 8638821.746, 72
Trd, 8638823.246, 63
Trd, 8638824.212, 62
Trd, 8638824.246, 73
Trd, 8638824.412, 64
Trd, 8638824.579, 65
Trd, 8638824.746, 89
Trd, 8638825.212, 80
Trd, 8638825.412, 78
Trd, 8638826.412, 113
Trd, 8638826.546, 110
Trd, 8638826.846, 98
Trd, 8638827.246, 93
Trd, 8638827.346, 86
Trd, 8638827.679, 72
Trd, 8638827.946, 92
Trd, 8638828.612, 140
Trd, 8638829.179, 140
Trd, 8638829.379, 140
Trd, 8638829.412, 135
Trd, 8638830.446, 133
Trd, 8638831.012, 133
Trd, 8638831.412, 108
Trd, 8638831.512, 89
Trd, 8638832.646, 97
Trd, 8638832.746, 87
Trd, 8638832.779, 86
Trd, 8638832.879, 71
Trd, 8638833.479, 114
Trd, 8638834.079, 74
Trd, 8638834.746, 91
Trd, 8638835.079, 118
Trd, 8638835.412, 140
Trd, 8638836.079, 140
Trd, 8638837.079, 139
Trd, 8638837.579, 103
Trd, 8638837.912, 95
Trd, 8638838.146, 97
Trd, 8638838.312, 94
Trd, 8638838.779, 102
Trd, 8638839.412, 140
Trd, 8638840.246, 140
Trd, 8638840.879, 139
Trd, 8638841.012, 123
Trd, 8638841.146, 98
Trd, 8638841.879, 94
Trd, 8638842.646, 101
Trd, 8638842.679, 100
Trd, 8638843.046, 96
Trd, 8638843.146, 83
Trd, 8638843.512, 82
Trd, 8638844.112, 140
Trd, 8638844.646, 139
Trd, 8638845.412, 140
Trd, 8638845.712, 135
Trd, 8638845.879, 136
Trd, 8638846.879, 140
Trd, 8638847.679, 140
Trd, 8638847.779, 128
Trd, 8638848.179, 126
Trd, 8638848.346, 113
Trd, 8638848.512, 112
Trd, 8638849.079, 88
Trd, 8638849.146, 85
Trd, 8638850.012, 124
Trd, 8638850.179, 100
Trd, 8638850.712, 80
Trd, 8638852.312, 136
Trd, 8638852.346, 133
Trd, 8638853.312, 132
Trd, 8638854.012, 138
Trd, 8638854.079, 136
Trd, 8638854.112, 97
Trd, 8638855.079, 109
Trd, 8638855.146, 86
Trd, 8638855.312, 139
Trd, 8638856.012, 121
Trd, 8638856.146, 136
Trd, 8638856.246, 112
Trd, 8638856.546, 111
Trd, 8638857.079, 108
Trd, 8638857.346, 92
Trd, 8638858.179, 119
Trd, 8638858.412, 118
Trd, 8638859.346, 117
Trd, 8638859.512, 116
Trd, 8638859.812, 91
Trd, 8638860.812, 140
Trd, 8638861.146, 126
Trd, 8638862.646, 140
Trd, 8638862.679, 140
Trd, 8638862.846, 137
Trd, 8638863.146, 139
Trd, 8638863.179, 126
Trd, 8638863.612, 121
Trd, 8638864.012, 128
Trd, 8638864.079, 116
Trd, 8638865.246, 118
Trd, 8638865.512, 95
Trd, 8638865.712, 94
Trd, 8638865.746, 86
Trd, 8638865.946, 105
Trd, 8638866.646, 61
Trd, 8638867.779, 138
Trd, 8638867.946, 136
Trd, 8638868.012, 103
Trd, 8638868.246, 78
Trd, 8638868.446, 136
Trd, 8638868.779, 115
Trd, 8638868.812, 73
Trd, 8638869.279, 71
Trd, 8638870.046, 64
Trd, 8638870.146, 85
Trd, 8638870.712, 60
Trd, 8638871.312, 93
Trd, 8638872.446, 60
Trd, 8638873.046, 66
Trd, 8638874.046, 137
Trd, 8638874.246, 140
Trd, 8638874.412, 140
Trd, 8638874.479, 140
Trd, 8638874.946, 122
Trd, 8638874.979, 99
Trd, 8638875.546, 107
Trd, 8638875.812, 139
Trd, 8638876.212, 99
Trd, 8638876.646, 140
Trd, 8638877.212, 113
Trd, 8638877.779, 99
Trd, 8638877.812, 128
Trd, 8638878.579, 101
Trd, 8638878.912, 100
Trd, 8638879.379, 139
Trd, 8638879.579, 105
Trd, 8638880.412, 101
Trd, 8638880.912, 89
Trd, 8638881.012, 90
Trd, 8638881.246, 139
Trd, 8638882.179, 86
Trd, 8638884.246, 134
Trd, 8638884.446, 127
Trd, 8638884.479, 91
Trd, 8638884.679, 81
Trd, 8638884.746, 80
Trd, 8638884.912, 70
Trd, 8638885.579, 139
Trd, 8638886.179, 108
Trd, 8638886.246, 107
Trd, 8638886.679, 133
Trd, 8638887.112, 100
Trd, 8638887.346, 91
Trd, 8638887.746, 86
Trd, 8638888.179, 103
Trd, 8638888.346, 83
Trd, 8638888.879, 139
Trd, 8638888.912, 107
Trd, 8638889.146, 76
Trd, 8638889.279, 66
Trd, 8638891.046, 103
Trd, 8638891.346, 101
Trd, 8638891.612, 98
Trd, 8638892.446, 118
Trd, 8638892.512, 98
Trd, 8638892.879, 99
Trd, 8638894.112, 132
Trd, 8638894.212, 131
Trd, 8638894.646, 130
Trd, 8638895.246, 140
Trd, 8638895.379, 127
Trd, 8638895.879, 116
Trd, 8638896.312, 139
Trd, 8638896.346, 92
Trd, 8638897.412, 129
Trd, 8638897.979, 132
Trd, 8638898.846, 140
Trd, 8638898.979, 109
Trd, 8638899.079, 104
Trd, 8638899.346, 101
Trd, 8638899.446, 96
Trd, 8638900.379, 98
Trd, 8638901.179, 96
Trd, 8638901.412, 95
Trd, 8638901.946, 140
Trd, 8638902.679, 85
Trd, 8638902.979, 139
Trd, 8638903.112, 104
Trd, 8638903.346, 102
Trd, 8638904.146, 96
Trd, 8638904.612, 105
Trd, 8638905.212, 104
Trd, 8638905.479, 134
Trd, 8638906.212, 139
Trd, 8638906.579, 114
Trd, 8638907.012, 115
Trd, 8638907.246, 110
Trd, 8638907.712, 120
Trd, 8638907.746, 74
Trd, 8638908.946, 138
Trd, 8638909.012, 73
Trd, 8638909.312, 122
Trd, 8638909.446, 107
Trd, 8638909.579, 125
Trd, 8638910.112, 102
Trd, 8638910.879, 137
Trd, 8638911.546, 100
Trd, 8638912.446, 129
Trd, 8638912.579, 139
Trd, 8638913.279, 104
Trd, 8638913.346, 101
Trd, 8638913.879, 139
Trd, 8638913.912, 81
Trd, 8638914.412, 104
Trd, 8638914.446, 78
Trd, 8638915.279, 63
Trd, 8638915.412, 63
Trd, 8638915.946, 138
Trd, 8638916.912, 68
Trd, 8638916.946, 69
Trd, 8638917.346, 98
Trd, 8638917.446, 73
Trd, 8638917.979, 88
Trd, 8638918.812, 140
Trd, 8638918.912, 88
Trd, 8638920.346, 118
Trd, 8638920.446, 118
Trd, 8638921.146, 140
Trd, 8638921.212, 127
Trd, 8638921.646, 132
Trd, 8638921.812, 137
Trd, 8638923.246, 135
Trd, 8638923.479, 134
Trd, 8638923.812, 133
Trd, 8638924.079, 114
Trd, 8638924.312, 136
Trd, 8638924.646, 129
Trd, 8638925.279, 128
Trd, 8638925.646, 104
Trd, 8638925.879, 108
Trd, 8638926.646, 136
Trd, 8638926.779, 95
Trd, 8638927.312, 79
Trd, 8638927.579, 90
Trd, 8638928.979, 70
Trd, 8638929.012, 68
Trd, 8638929.112, 72
Trd, 8638929.779, 127
Trd, 8638929.979, 126
Trd, 8638930.212, 87
Trd, 8638930.346, 105
Trd, 8638930.646, 90
Trd, 8638931.479, 140
Trd, 8638932.246, 68
Trd, 8638933.412, 139
Trd, 8638933.612, 138
Trd, 8638933.912, 127
Trd, 8638934.379, 138
Trd, 8638934.479, 139
Trd, 8638934.812, 139
Trd, 8638935.146, 126
Trd, 8638935.246, 115
Trd, 8638935.846, 104
Trd, 8638935.979, 103
Trd, 8638936.412, 98
Trd, 8638937.012, 97
Trd, 8638937.312, 91
Trd, 8638938.179, 103
Trd, 8638939.512, 139
Trd, 8638939.679, 139
Trd, 8638939.912, 138
Trd, 8638940.646, 140
Trd, 8638940.879, 116
Trd, 8638941.312, 115
Trd, 8638941.912, 120
Trd, 8638942.346, 108
Trd, 8638942.379, 124
Trd, 8638942.479, 106
Trd, 8638943.079, 94
Trd, 8638943.479, 130
Trd, 8638943.546, 114
Trd, 8638943.846, 136
Trd, 8638943.979, 93
Trd, 8638944.112, 81
Trd, 8638945.346, 74
Trd, 8638945.579, 118
Trd, 8638945.679, 71
Trd, 8638946.779, 62
Trd, 8638947.079, 113
Trd, 8638948.379, 133
Trd, 8638949.246, 132
Trd, 8638949.546, 121
Trd, 8638949.612, 120
Trd, 8638950.312, 125
Trd, 8638950.346, 107
Trd, 8638950.512, 132
Trd, 8638950.912, 98
Trd, 8638951.612, 77
Trd, 8638951.946, 92
Trd, 8638952.246, 134
Trd, 8638952.946, 138
Trd, 8638953.579, 138
Trd, 8638954.046, 123
Trd, 8638954.612, 115
Trd, 8638954.712, 109
Trd, 8638955.212, 140
Trd, 8638956.012, 140
Trd, 8638956.279, 139
Trd, 8638957.179, 129
Trd, 8638957.412, 116
Trd, 8638957.612, 95
Trd, 8638957.679, 67
Trd, 8638958.146, 123
Trd, 8638958.612, 64
Trd, 8638959.246, 120
Trd, 8638959.412, 95
Trd, 8638959.912, 108
Trd, 8638960.879, 139
Trd, 8638961.112, 108
Trd, 8638961.512, 140
Trd, 8638961.912, 124
Trd, 8638962.346, 128
Trd, 8638963.812, 140
Trd, 8638964.512, 108
Trd, 8638964.679, 107
Trd, 8638964.812, 113
Trd, 8638965.046, 120
Trd, 8638965.912, 137
Trd, 8638966.079, 136
Trd, 8638966.279, 131
Trd, 8638967.012, 109
Trd, 8638967.512, 114
Trd, 8638968.246, 129
Trd, 8638968.479, 85
Trd, 8638968.512, 133
Trd, 8638968.646, 77
Trd, 8638969.212, 132
Trd, 8638970.079, 60
Trd, 8638970.912, 123
Trd, 8638971.046, 118
Trd, 8638971.246, 119
Trd, 8638971.979, 138
Trd, 8638973.012, 136
Trd, 8638973.546, 113
Trd, 8638973.579, 111
Trd, 8638973.746, 114
Trd, 8638974.246, 139
Trd, 8638974.646, 123
Trd, 8638974.679, 115
Trd, 8638974.712, 89
Trd, 8638975.279, 130
Trd, 8638975.479, 103
Trd, 8638975.946, 122
Trd, 8638976.812, 78
Trd, 8638977.346, 138
Trd, 8638977.679, 68
Trd, 8638978.179, 113
Trd, 8638978.279, 111
Trd, 8638978.412, 139
Trd, 8638979.779, 139
Trd, 8638979.979, 129
Trd, 8638980.046, 119
Trd, 8638980.246, 108
Trd, 8638981.512, 140
Trd, 8638981.846, 140
Trd, 8638982.446, 139
Trd, 8638982.812, 125
Trd, 8638983.112, 110
Trd, 8638983.146, 109
Trd, 8638983.546, 98
Trd, 8638983.846, 115
Trd, 8638983.879, 78
Trd, 8638984.512, 64
Trd, 8638985.346, 66
Trd, 8638985.679, 67
Trd, 8638986.179, 70
Trd, 8638986.279, 84
Trd, 8638986.346, 114
Trd, 8638986.512, 65
Trd, 8638987.446, 106
Trd, 8638987.912, 140
Trd, 8638988.146, 132
Trd, 8638988.212, 128
Trd, 8638988.612, 103
Trd, 8638988.779, 101
Trd, 8638989.812, 116
Trd, 8638989.879, 115
Trd, 8638990.146, 114
Trd, 8638990.379, 95
Trd, 8638990.812, 106
Trd, 8638990.946, 96
Trd, 8638992.179, 136
Trd, 8638992.812, 135
Trd, 8638992.979, 124
Trd, 8638993.446, 135
Trd, 8638994.812, 140
Trd, 8638995.446, 91
Trd, 8638995.612, 70
Trd, 8638996.012, 65
Trd, 8638996.379, 66
Trd, 8638996.479, 90
Trd, 8638996.746, 69
Trd, 8638997.012, 102
Trd, 8638997.446, 139
Trd, 8638998.012, 82
Trd, 8638999.412, 93
Trd, 8638999.646, 79
Trd, 8639000.446, 97
Trd, 8639000.479, 95
Trd, 8639000.679, 86
Trd, 8639000.979, 107
Trd, 8639001.112, 140
Trd, 8639001.279, 76
Trd, 8639001.712, 122
Trd, 8639002.012, 92
Trd, 8639002.079, 75
Trd, 8639002.246, 70
Trd, 8639003.046, 90
Trd, 8639003.312, 71
Trd, 8639003.979, 60
Trd, 8639004.512, 60
Trd, 8639004.712, 63
Trd, 8639005.179, 123
Trd, 8639005.579, 73
Trd, 8639006.446, 113
Trd, 8639006.579, 112
Trd, 8639007.012, 67
Trd, 8639007.512, 71
Trd, 8639008.079, 116
Trd, 8639008.146, 101
Trd, 8639008.179, 100
Trd, 8639009.212, 140
Trd, 8639009.379, 140
Trd, 8639009.746, 136
Trd, 8639010.812, 135
Trd, 8639011.412, 115
Trd, 8639011.612, 137
Trd, 8639012.312, 116
Trd, 8639012.579, 110
Trd, 8639013.879, 140
Trd, 8639014.312, 140
Trd, 8639014.346, 125
Trd, 8639015.146, 82
Trd, 8639015.479, 72
Trd, 8639016.379, 60
Trd, 8639016.979, 60
Trd, 8639017.512, 63
Trd, 8639017.879, 65
Trd, 8639017.946, 64
Trd, 8639018.046, 76
Trd, 8639018.379, 67
Trd, 8639018.812, 106
Trd, 8639019.646, 102
Trd, 8639019.946, 102
Trd, 8639021.012, 88
Trd, 8639021.412, 139
Trd, 8639021.779, 137
Trd, 8639022.246, 140
Trd, 8639022.379, 132
Trd, 8639022.679, 104
Trd, 8639022.779, 92
Trd, 8639023.212, 87
Trd, 8639023.546, 96
Trd, 8639023.779, 101
Trd, 8639024.346, 140
Trd, 8639024.746, 140
Trd, 8639026.146, 140
Trd, 8639026.479, 138
Trd, 8639026.612, 137
Trd, 8639027.012, 114
Trd, 8639027.446, 140
Trd, 8639027.512, 123
Trd, 8639027.846, 122
Trd, 8639027.912, 108
Trd, 8639028.279, 99
Trd, 8639028.912, 125
Trd, 8639029.646, 121
Trd, 8639030.179, 131
Trd, 8639030.679, 139
Trd, 8639030.712, 122
Trd, 8639030.946, 139
Trd, 8639031.179, 138
Trd, 8639031.546, 122
Trd, 8639032.279, 122
Trd, 8639032.446, 101
Trd, 8639032.612, 92
Trd, 8639032.846, 138
Trd, 8639032.979, 88
Trd, 8639033.646, 70
Trd, 8639034.079, 61
Trd, 8639035.512, 132
Trd, 8639036.579, 140
Trd, 8639036.846, 140
Trd, 8639036.946, 139
Trd, 8639037.179, 131
Trd, 8639037.446, 128
Trd, 8639037.979, 120
Trd, 8639038.179, 111
Trd, 8639038.346, 95
Trd, 8639038.879, 94
Trd, 8639039.612, 140
Trd, 8639040.212, 122
Trd, 8639040.646, 112
Trd, 8639040.812, 110
Trd, 8639041.079, 115
Trd, 8639041.212, 139
Trd, 8639041.546, 116
Trd, 8639042.012, 115
Trd, 8639043.112, 110
Trd, 8639043.446, 96
Trd, 8639043.779, 73
Trd, 8639044.512, 73
Trd, 8639044.979, 62
Trd, 8639045.112, 118
Trd, 8639045.712, 71
Trd, 8639046.346, 62
Trd, 8639046.946, 123
Trd, 8639047.012, 104
Trd, 8639047.246, 86
Trd, 8639047.479, 82
Trd, 8639047.779, 62
Trd, 8639048.479, 136
Trd, 8639048.512, 110
Trd, 8639049.146, 110
Trd, 8639049.846, 140
Trd, 8639050.379, 140
Trd, 8639050.479, 126
Trd, 8639051.646, 125
Trd, 8639052.046, 127
Trd, 8639052.612, 125
Trd, 8639052.646, 124
Trd, 8639053.579, 136
Trd, 8639053.646, 114
Trd, 8639054.512, 132
Trd, 8639055.079, 123
Trd, 8639055.379, 122
Trd, 8639055.512, 121
Trd, 8639056.312, 140
Trd, 8639056.646, 140
Trd, 8639056.679, 140
Trd, 8639056.779, 118
Trd, 8639057.112, 115
Trd, 8639057.212, 113
Trd, 8639057.579, 132
Trd, 8639057.612, 74
Trd, 8639058.212, 88
Trd, 8639059.112, 140
Trd, 8639059.479, 140
Trd, 8639059.579, 140
Trd, 8639060.212, 121
Trd, 8639060.312, 120
Trd, 8639061.179, 84
Trd, 8639061.512, 74
Trd, 8639061.712, 72
Trd, 8639062.746, 106
Trd, 8639063.046, 104
Trd, 8639063.112, 124
Trd, 8639063.246, 115
Trd, 8639064.212, 140
Trd, 8639064.712, 112
Trd, 8639065.112, 88
Trd, 8639066.279, 122
Trd, 8639066.779, 137
Trd, 8639067.112, 121
Trd, 8639067.412, 139
Trd, 8639067.712, 88
Trd, 8639068.112, 82
Trd, 8639069.046, 107
Trd, 8639069.112, 97
Trd, 8639069.246, 117
Trd, 8639069.446, 85
Trd, 8639069.979, 76
Trd, 8639070.846, 139
Trd, 8639070.979, 136
Trd, 8639071.046, 135
Trd, 8639071.279, 80
Trd, 8639071.379, 68
Trd, 8639072.512, 140
Trd, 8639072.612, 139
Trd, 8639073.279, 132
Trd, 8639073.679, 122
Trd, 8639074.446, 139
Trd, 8639074.579, 108
Trd, 8639075.012, 140
Trd, 8639075.712, 139
Trd, 8639075.812, 101
Trd, 8639076.546, 60
Trd, 8639076.946, 73
Trd, 8639077.612, 76
Trd, 8639077.646, 76
Trd, 8639078.312, 60
Trd, 8639079.312, 140
Trd, 8639079.612, 140
Trd, 8639079.779, 124
Trd, 8639080.046, 83
Trd, 8639080.746, 111
Trd, 8639081.279, 97
Trd, 8639081.646, 123
Trd, 8639081.812, 113
Trd, 8639082.179, 76
Trd, 8639082.212, 70
Trd, 8639083.012, 129
Trd, 8639083.746, 126
Trd, 8639083.879, 91
Trd, 8639084.179, 114
Trd, 8639084.379, 64
Trd, 8639085.079, 139
Trd, 8639085.379, 108
Trd, 8639085.712, 87
Trd, 8639086.312, 92
Trd, 8639086.412, 85
Trd, 8639086.646, 79
Trd, 8639087.346, 60
Trd, 8639088.412, 60
Trd, 8639089.146, 63
Trd, 8639089.279, 71
Trd, 8639089.712, 63
Trd, 8639089.912, 62
Trd, 8639090.779, 61
Trd, 8639091.079, 63
Trd, 8639092.579, 60
Trd, 8639092.679, 89
Trd, 8639092.979, 62
Trd, 8639093.312, 63
Trd, 8639093.746, 130
Trd, 8639094.346, 72
Trd, 8639094.479, 139
Trd, 8639094.746, 107
Trd, 8639096.112, 101
Trd, 8639096.446, 97
Trd, 8639096.779, 81
Trd, 8639097.212, 82
Trd, 8639098.079, 140
Trd, 8639098.212, 136
Trd, 8639098.679, 131
Trd, 8639098.846, 130
Trd, 8639098.979, 122
Trd, 8639099.612, 109
Trd, 8639100.279, 104
Trd, 8639100.546, 124
Trd, 8639100.946, 123
Trd, 8639101.079, 80
Trd, 8639102.779, 140
Trd, 8639103.046, 140
Trd, 8639103.179, 102
Trd, 8639103.779, 139
Trd, 8639104.212, 138
Trd, 8639104.379, 137
Trd, 8639104.612, 125
Trd, 8639105.012, 106
Trd, 8639106.379, 80
Trd, 8639106.679, 130
Trd, 8639107.079, 124
Trd, 8639107.112, 123
Trd, 8639107.379, 112
Trd, 8639108.379, 138
Trd, 8639108.646, 123
Trd, 8639109.179, 138
Trd, 8639109.646, 115
Trd, 8639109.746, 80
Trd, 8639110.246, 99
Trd, 8639110.812, 102
Trd, 8639111.912, 112
Trd, 8639112.179, 139
Trd, 8639113.046, 135
Trd, 8639113.179, 134
Trd, 8639113.312, 127
Trd, 8639113.446, 121
Trd, 8639113.879, 121
Trd, 8639114.112, 124
Trd, 8639114.246, 140
Trd, 8639114.479, 115
Trd, 8639114.946, 114
Trd, 8639115.079, 92
Trd, 8639115.612, 72
Trd, 8639116.046, 127
Trd, 8639117.612, 140
Trd, 8639117.679, 140
Trd, 8639117.946, 139
Trd, 8639118.679, 117
Trd, 8639119.146, 109
Trd, 8639119.779, 140
Trd, 8639119.812, 133
Trd, 8639120.012, 128
Trd, 8639120.412, 127
Trd, 8639120.646, 105
Trd, 8639121.246, 129
Trd, 8639121.879, 139
Trd, 8639122.612, 134
Trd, 8639122.646, 133
Trd, 8639122.679, 122
Trd, 8639122.812, 75
Trd, 8639123.446, 140
Trd, 8639123.679, 140
Trd, 8639124.046, 140
Trd, 8639125.212, 93
Trd, 8639125.346, 92
Trd, 8639125.546, 92
Trd, 8639125.579, 90
Trd, 8639126.446, 78
Trd, 8639127.446, 95
Trd, 8639127.812, 70
Trd, 8639127.879, 127
Trd, 8639128.879, 113
Trd, 8639128.979, 105
Trd, 8639129.312, 136
Trd, 8639129.546, 103
Trd, 8639130.012, 101
Trd, 8639130.179, 123
Trd, 8639130.746, 138
Trd, 8639130.946, 111
Trd, 8639131.779, 110
Trd, 8639131.946, 110
Trd, 8639132.212, 68
Trd, 8639133.412, 107
Trd, 8639133.612, 63
Trd, 8639134.879, 64
Trd, 8639135.179, 60
Trd, 8639135.779, 80
Trd, 8639136.179, 62
Trd, 8639136.746, 107
Trd, 8639137.079, 97
Trd, 8639137.646, 134
Trd, 8639138.246, 91
Trd, 8639138.546, 140
Trd, 8639139.646, 105
Trd, 8639139.979, 140
Trd, 8639140.179, 100
Trd, 8639140.412, 112
Trd, 8639140.612, 140
Trd, 8639141.346, 123
Trd, 8639142.046, 139
Trd, 8639142.079, 137
Trd, 8639142.379, 91
Trd, 8639142.779, 72
Trd, 8639143.079, 66
Trd, 8639143.179, 66
Trd, 8639144.146, 60
Trd, 8639144.612, 61
Trd, 8639145.712, 62
Trd, 8639145.779, 64
Trd, 8639146.079, 62
Trd, 8639146.279, 75
Trd, 8639147.012, 101
Trd, 8639147.112, 129
Trd, 8639147.412, 68
Trd, 8639147.779, 64
Trd, 8639148.746, 60
Trd, 8639148.779, 60
Trd, 8639149.212, 64
Trd, 8639149.412, 105
Trd, 8639150.012, 100
Trd, 8639150.712, 140
Trd, 8639150.912, 140
Trd, 8639150.946, 136
Trd, 8639150.979, 108
Trd, 8639151.546, 71
Trd, 8639152.179, 60
Trd, 8639152.879, 74
Trd, 8639153.579, 74
Trd, 8639153.712, 77
Trd, 8639153.779, 61
Trd, 8639154.179, 96
Trd, 8639154.412, 101
Trd, 8639154.512, 82
Trd, 8639155.479, 96
Trd, 8639156.279, 60
Trd, 8639156.579, 65
Trd, 8639156.912, 80
Trd, 8639157.446, 64
Trd, 8639157.579, 63
Trd, 8639157.979, 115
Trd, 8639158.446, 125
Trd, 8639158.712, 74
Trd, 8639158.912, 129
Trd, 8639159.779, 68
Trd, 8639160.212, 71
Trd, 8639160.779, 63
Trd, 8639160.946, 109
Trd, 8639161.746, 139
Trd, 8639162.179, 137
Trd, 8639162.479, 125
Trd, 8639162.646, 124
Trd, 8639163.246, 102
Trd, 8639163.312, 100
Trd, 8639163.579, 66
Trd, 8639164.312, 71
Trd, 8639164.579, 100
Trd, 8639165.312, 98
Trd, 8639165.712, 140
Trd, 8639165.879, 64
Trd, 8639166.179, 69
Trd, 8639166.646, 140
Trd, 8639167.512, 119
Trd, 8639168.812, 62
Trd, 8639168.912, 63
Trd, 8639170.246, 82
Trd, 8639171.312, 79
Trd, 8639171.912, 64
Trd, 8639172.179, 61
Trd, 8639172.779, 62
Trd, 8639172.846, 62
Trd, 8639173.379, 65
Trd, 8639173.579, 66
Trd, 8639173.712, 67
Trd, 8639173.846, 69
Trd, 8639174.012, 72
Trd, 8639174.179, 84
Trd, 8639174.546, 60
Trd, 8639174.646, 72
Trd, 8639174.979, 65
Trd, 8639175.479, 90
Trd, 8639176.279, 118
Trd, 8639176.812, 137
Trd, 8639177.179, 132
Trd, 8639177.346, 131
Trd, 8639177.546, 92
Trd, 8639178.712, 105
Trd, 8639178.912, 104
Trd, 8639180.146, 122
Trd, 8639180.346, 111
Trd, 8639180.712, 92
Trd, 8639181.012, 86
Trd, 8639181.112, 96
Trd, 8639181.512, 84
Trd, 8639182.812, 140
Trd, 8639183.312, 140
Trd, 8639183.546, 140
Trd, 8639184.612, 140
Trd, 8639184.812, 140
Trd, 8639185.612, 112
Trd, 8639185.946, 111
Trd, 8639186.812, 92
Trd, 8639187.246, 140
Trd, 8639187.412, 133
Trd, 8639187.546, 132
Trd, 8639187.979, 120
Trd, 8639188.246, 140
Trd, 8639188.946, 71
Trd, 8639189.212, 71
Trd, 8639189.312, 70
Trd, 8639189.746, 136
Trd, 8639190.046, 74
Trd, 8639190.112, 60
Trd, 8639190.479, 111
Trd, 8639191.146, 79
Trd, 8639191.446, 102
Trd, 8639191.979, 66
Trd, 8639192.579, 97
Trd, 8639193.312, 84
Trd, 8639193.812, 65
Trd, 8639193.979, 66
Trd, 8639194.546, 134
Trd, 8639194.746, 108
Trd, 8639195.212, 110
Trd, 8639196.812, 107
Trd, 8639197.012, 131
Trd, 8639197.246, 111
Trd, 8639197.312, 106
Trd, 8639197.779, 108
Trd, 8639198.412, 136
Trd, 8639198.812, 136
Trd, 8639199.179, 140
Trd, 8639199.246, 117
Trd, 8639200.212, 99
Trd, 8639200.246, 97
Trd, 8639200.579, 140
Trd, 8639201.112, 91
Trd, 8639201.679, 111
Trd, 8639203.612, 139
Trd, 8639203.746, 121
Trd, 8639204.579, 127
Trd, 8639206.012, 140
Trd, 8639206.279, 140
Trd, 8639206.379, 140
Trd, 8639206.846, 113
Trd, 8639206.879, 104
Trd, 8639207.046, 117
Trd, 8639207.712, 139
Trd, 8639207.946, 95
Trd, 8639208.046, 81
Trd, 8639208.812, 125
Trd, 8639209.246, 80
Trd, 8639209.579, 118
Trd, 8639209.879, 121
Trd, 8639210.512, 126
Trd, 8639210.712, 101
Trd, 8639211.112, 97
Trd, 8639211.612, 94
Trd, 8639212.979, 99
Trd, 8639213.646, 125
Trd, 8639213.946, 124
Trd, 8639214.012, 117
Trd, 8639214.112, 127
Trd, 8639214.379, 67
Trd, 8639214.579, 138
Trd, 8639215.579, 61
Trd, 8639215.612, 83
Trd, 8639216.279, 86
Trd, 8639216.546, 138
Trd, 8639216.912, 86
Trd, 8639217.012, 85
Trd, 8639218.612, 131
Trd, 8639218.679, 124
Trd, 8639219.012, 119
Trd, 8639219.246, 119
Trd, 8639220.279, 88
Trd, 8639220.712, 108
Trd, 8639220.912, 83
Trd, 8639221.146, 100
Trd, 8639222.112, 140
Trd, 8639222.212, 139
Trd, 8639222.612, 140
Trd, 8639223.479, 116
Trd, 8639223.579, 106
Trd, 8639223.979, 104
Trd, 8639224.312, 91
Trd, 8639224.579, 140
Trd, 8639225.646, 108
Trd, 8639226.112, 140
Trd, 8639226.179, 83
Trd, 8639226.279, 77
Trd, 8639226.446, 72
Trd, 8639226.512, 70
Trd, 8639226.646, 78
Trd, 8639227.879, 60
Trd, 8639227.979, 61
Trd, 8639228.579, 115
Trd, 8639228.612, 116
Trd, 8639228.879, 120
Trd, 8639229.179, 104
Trd, 8639229.646, 68
Trd, 8639230.212, 108
Trd, 8639230.312, 86
Trd, 8639230.979, 135
Trd, 8639231.646, 100
Trd, 8639232.179, 101
Trd, 8639232.312, 100
Trd, 8639232.812, 97
Trd, 8639233.412, 91
Trd, 8639233.746, 82
Trd, 8639233.812, 64
Trd, 8639234.212, 121
Trd, 8639234.579, 81
Trd, 8639235.412, 89
Trd, 8639236.312, 91
Trd, 8639236.712, 84
Trd, 8639237.879, 139
Trd, 8639238.112, 93
Trd, 8639238.779, 77
Trd, 8639238.946, 78
Trd, 8639239.379, 139
Trd, 8639239.412, 76
Trd, 8639239.479, 75
Trd, 8639240.412, 139
Trd, 8639240.579, 140
Trd, 8639240.912, 111
Trd, 8639241.146, 109
Trd, 8639241.246, 102
Trd, 8639242.346, 110
Trd, 8639242.446, 106
Trd, 8639243.046, 99
Trd, 8639243.246, 99
Trd, 8639243.712, 117
Trd, 8639244.346, 101
Trd, 8639245.512, 122
Trd, 8639245.879, 131
Trd, 8639245.912, 110
Trd, 8639246.512, 140
Trd, 8639246.779, 140
Trd, 8639247.279, 110
Trd, 8639247.946, 109
Trd, 8639247.979, 100
Trd, 8639248.579, 118
Trd, 8639248.912, 88
Trd, 8639249.212, 98
Trd, 8639249.246, 87
Trd, 8639250.112, 123
Trd, 8639250.346, 91
Trd, 8639250.612, 94
Trd, 8639251.646, 88
Trd, 8639251.712, 70
Trd, 8639252.312, 127
Trd, 8639252.679, 140
Trd, 8639252.979, 140
Trd, 8639254.146, 140
Trd, 8639254.512, 140
Trd, 8639255.012, 131
Trd, 8639255.279, 122
Trd, 8639255.479, 135
Trd, 8639255.512, 119
Trd, 8639255.746, 85
Trd, 8639256.746, 140
Trd, 8639256.912, 134
Trd, 8639257.379, 131
Trd, 8639257.546, 129
Trd, 8639258.479, 133
Trd, 8639259.079, 105
Trd, 8639259.279, 111
Trd, 8639260.179, 100
Trd, 8639260.379, 113
Trd, 8639261.246, 140
Trd, 8639261.312, 135
Trd, 8639261.579, 136
Trd, 8639261.779, 136
Trd, 8639261.946, 134
Trd, 8639263.246, 140
Trd, 8639263.546, 140
Trd, 8639263.846, 132
Trd, 8639264.779, 135
Trd, 8639265.246, 118
Trd, 8639265.346, 100
Trd, 8639265.779, 112
Trd, 8639266.046, 95
Trd, 8639266.279, 93
Trd, 8639266.879, 68
Trd, 8639267.679, 75
Trd, 8639267.846, 67
Trd, 8639268.479, 67
Trd, 8639268.979, 104
Trd, 8639269.446, 138
Trd, 8639270.612, 102
Trd, 8639270.646, 89
Trd, 8639270.912, 68
Trd, 8639271.546, 64
Trd, 8639271.746, 101
Trd, 8639272.112, 93
Trd, 8639272.846, 116
Trd, 8639273.479, 105
Trd, 8639273.812, 96
Trd, 8639274.546, 139
Trd, 8639275.146, 126
Trd, 8639275.379, 125
Trd, 8639275.646, 119
Trd, 8639275.746, 140
Trd, 8639275.879, 118
Trd, 8639276.046, 104
Trd, 8639276.879, 140
Trd, 8639277.312, 111
Trd, 8639277.779, 109
Trd, 8639278.479, 132
Trd, 8639278.912, 60
Trd, 8639280.279, 62
Trd, 8639281.146, 63
Trd, 8639281.279, 74
Trd, 8639281.979, 62
Trd, 8639282.079, 61
Trd, 8639282.112, 62
Trd, 8639282.512, 77
Trd, 8639282.646, 83
Trd, 8639283.279, 67
Trd, 8639284.012, 79
Trd, 8639284.879, 95
Trd, 8639286.079, 140
Trd, 8639286.246, 138
Trd, 8639286.546, 110
Trd, 8639287.012, 128
Trd, 8639287.879, 121
Trd, 8639288.446, 94
Trd, 8639289.246, 137
Trd, 8639289.346, 112
Trd, 8639289.946, 139
Trd, 8639290.446, 119
Trd, 8639290.879, 108
Trd, 8639290.946, 94
Trd, 8639291.046, 128
Trd, 8639291.846, 140
Trd, 8639292.879, 140
Trd, 8639292.946, 110
Trd, 8639293.646, 140
Trd, 8639293.912, 139
Trd, 8639294.346, 140
Trd, 8639294.446, 128
Trd, 8639295.246, 113
Trd, 8639295.346, 106
Trd, 8639296.346, 139
Trd, 8639296.379, 138
Trd, 8639297.379, 140
Trd, 8639299.312, 140
Trd, 8639299.512, 139
Trd, 8639300.012, 132
Trd, 8639300.079, 122
Trd, 8639300.412, 131
Trd, 8639300.646, 126
Trd, 8639300.712, 113
Trd, 8639301.412, 114
Trd, 8639302.012, 140
Trd, 8639303.046, 130
Trd, 8639303.246, 129
Trd, 8639303.346, 129
Trd, 8639303.579, 116
Trd, 8639303.979, 137
Trd, 8639304.346, 87
Trd, 8639305.112, 125
Trd, 8639305.446, 87
Trd, 8639305.779, 82
Trd, 8639307.279, 140
Trd, 8639307.412, 140
Trd, 8639308.746, 140
Trd, 8639308.946, 136
Trd, 8639309.079, 112
Trd, 8639309.179, 111
Trd, 8639309.846, 117
Trd, 8639309.879, 116
Trd, 8639310.679, 108
Trd, 8639310.779, 107
Trd, 8639310.846, 99
Trd, 8639311.046, 76
Trd, 8639311.546, 140
Trd, 8639312.679, 140
Trd, 8639312.912, 140
Trd, 8639313.446, 140
Trd, 8639313.712, 140
Trd, 8639314.079, 140
Trd, 8639314.346, 114
Trd, 8639314.912, 100
Trd, 8639315.012, 98
Trd, 8639315.412, 92
Trd, 8639316.112, 100
Trd, 8639316.412, 111
Trd, 8639317.746, 140
Trd, 8639317.812, 138
Trd, 8639318.012, 129
Trd, 8639319.046, 92
Trd, 8639320.012, 114
Trd, 8639320.379, 121
Trd, 8639320.479, 98
Trd, 8639320.612, 94
Trd, 8639320.979, 104
Trd, 8639321.412, 118
Trd, 8639321.446, 84
Trd, 8639321.946, 121
Trd, 8639322.279, 105
Trd, 8639322.312, 103
Trd, 8639322.346, 80
Trd, 8639322.812, 138
Trd, 8639323.579, 136
Trd, 8639323.779, 80
Trd, 8639324.946, 140
Trd, 8639325.146, 136
Trd, 8639325.346, 113
Trd, 8639325.812, 111
Trd, 8639326.179, 110
Trd, 8639326.346, 100
Trd, 8639326.412, 95
Trd, 8639327.146, 95
Trd, 8639327.812, 121
Trd, 8639328.246, 131
Trd, 8639328.512, 119
Trd, 8639329.212, 118
Trd, 8639329.312, 107
Trd, 8639329.546, 83
Trd, 8639330.712, 140
Trd, 8639331.312, 120
Trd, 8639331.712, 139
Trd, 8639332.179, 108
Trd, 8639332.512, 112
Trd, 8639332.846, 112
Trd, 8639332.912, 75
Trd, 8639333.446, 72
Trd, 8639333.812, 63
Trd, 8639334.346, 60
Trd, 8639334.512, 60
Trd, 8639335.579, 63
Trd, 8639337.279, 61
Trd, 8639337.379, 61
Trd, 8639337.679, 60
Trd, 8639337.912, 63
Trd, 8639338.679, 139
Trd, 8639338.979, 128
Trd, 8639339.546, 139
Trd, 8639340.179, 140
Trd, 8639340.946, 139
Trd, 8639341.012, 127
Trd, 8639341.046, 115
Trd, 8639341.779, 73
Trd, 8639342.512, 138
Trd, 8639343.246, 137
Trd, 8639343.579, 101
Trd, 8639344.046, 128
Trd, 8639344.212, 127
Trd, 8639344.379, 119
Trd, 8639344.779, 139
Trd, 8639345.312, 92
Trd, 8639346.279, 133
Trd, 8639346.312, 132
Trd, 8639348.346, 140
Trd, 8639348.412, 140
Trd, 8639348.679, 138
Trd, 8639348.846, 130
Trd, 8639349.346, 140
Trd, 8639350.612, 140
Trd, 8639350.679, 140
Trd, 8639350.812, 140
Trd, 8639351.079, 134
Trd, 8639351.612, 138
Trd, 8639351.846, 127
Trd, 8639352.246, 121
Trd, 8639352.779, 112
Trd, 8639352.946, 134
Trd, 8639352.979, 110
Trd, 8639353.379, 101
Trd, 8639353.746, 140
Trd, 8639354.479, 97
Trd, 8639354.746, 140
Trd, 8639355.446, 140
Trd, 8639355.946, 127
Trd, 8639356.679, 117
Trd, 8639356.846, 104
Trd, 8639357.779, 138
Trd, 8639358.146, 117
Trd, 8639358.746, 113
Trd, 8639358.812, 107
Trd, 8639358.946, 107
Trd, 8639359.479, 104
Trd, 8639359.646, 87
Trd, 8639360.279, 129
Trd, 8639360.379, 86
Trd, 8639360.779, 117
Trd, 8639361.246, 71
Trd, 8639361.379, 67
Trd, 8639361.579, 66
Trd, 8639362.446, 62
Trd, 8639363.279, 61
Trd, 8639363.946, 65
Trd, 8639364.079, 74
Trd, 8639364.479, 72
Trd, 8639364.579, 76
Trd, 8639364.612, 71
Trd, 8639365.079, 60
Trd, 8639365.946, 61
Trd, 8639366.212, 80
Trd, 8639367.246, 102
Trd, 8639367.512, 123
Trd, 8639368.646, 140
Trd, 8639368.679, 140
Trd, 8639368.746, 140
Trd, 8639369.146, 140
Trd, 8639369.246, 126
Trd, 8639370.512, 110
Trd, 8639370.746, 109
Trd, 8639370.779, 108
Trd, 8639370.846, 67
Trd, 8639372.079, 140
Trd, 8639372.179, 140
Trd, 8639372.346, 82
Trd, 8639372.512, 67
Trd, 8639373.012, 114
Trd, 8639375.046, 81
Trd, 8639375.146, 79
Trd, 8639375.279, 77
Trd, 8639375.512, 121
Trd, 8639375.679, 75
Trd, 8639376.646, 112
Trd, 8639376.879, 90
Trd, 8639376.946, 86
Trd, 8639377.712, 116
Trd, 8639378.346, 140
Trd, 8639379.146, 118
Trd, 8639379.579, 117
Trd, 8639380.479, 109
Trd, 8639380.712, 136
Trd, 8639380.846, 127
Trd, 8639380.946, 99
Trd, 8639381.046, 98
Trd, 8639381.646, 103
Trd, 8639382.479, 140
Trd, 8639382.679, 126
Trd, 8639382.746, 70
Trd, 8639383.412, 86
Trd, 8639384.146, 60
Trd, 8639384.879, 60
Trd, 8639385.079, 61
Trd, 8639385.212, 129
Trd, 8639385.546, 90
Trd, 8639386.379, 140
Trd, 8639387.812, 116
Trd, 8639387.846, 115
Trd, 8639388.512, 115
Trd, 8639388.779, 94
Trd, 8639388.846, 90
Trd, 8639389.112, 76
Trd, 8639389.379, 60
Trd, 8639389.746, 60
Trd, 8639390.346, 64
Trd, 8639390.712, 130
Trd, 8639393.046, 140
Trd, 8639393.079, 139
Trd, 8639393.646, 139
Trd, 8639393.712, 125
Trd, 8639393.779, 108
Trd, 8639393.946, 99
Trd, 8639394.179, 91
Trd, 8639395.579, 132
Trd, 8639395.712, 113
Trd, 8639396.446, 82
Trd, 8639396.579, 114
Trd, 8639396.612, 80
Trd, 8639397.179, 123
Trd, 8639398.579, 140
Trd, 8639398.646, 140
Trd, 8639399.012, 139
Trd, 8639399.312, 134
Trd, 8639399.446, 65
Trd, 8639400.146, 64
Trd, 8639400.679, 101
Trd, 8639401.212, 137
Trd, 8639401.746, 117
Trd, 8639402.246, 113
Trd, 8639402.646, 98
Trd, 8639403.212, 139
Trd, 8639403.479, 112
Trd, 8639404.546, 139
Trd, 8639404.979, 140
Trd, 8639405.712, 140
Trd, 8639406.079, 87
Trd, 8639406.212, 120
Trd, 8639406.946, 112
Trd, 8639407.079, 74
Trd, 8639407.479, 123
Trd, 8639407.779, 82
Trd, 8639408.446, 87
Trd, 8639409.046, 93
Trd, 8639409.646, 114
Trd, 8639410.879, 140
Trd, 8639411.579, 140
Trd, 8639411.746, 140
Trd, 8639411.946, 140
Trd, 8639412.512, 140
Trd, 8639412.846, 139
Trd, 8639412.979, 126
Trd, 8639413.279, 106
Trd, 8639413.846, 93
Trd, 8639414.279, 118
Trd, 8639414.346, 84
Trd, 8639414.846, 112
Trd, 8639415.446, 110
Trd, 8639416.179, 107
Trd, 8639416.712, 122
Trd, 8639416.746, 106
Trd, 8639416.979, 133
Trd, 8639417.146, 139
Trd, 8639417.279, 116
Trd, 8639418.812, 114
Trd, 8639418.946, 139
Trd, 8639419.146, 113
Trd, 8639419.679, 106
Trd, 8639420.279, 117
Trd, 8639420.579, 104
Trd, 8639421.312, 94
Trd, 8639421.346, 91
Trd, 8639421.712, 74
Trd, 8639423.246, 140
Trd, 8639423.479, 140
Trd, 8639423.612, 105
Trd, 8639424.112, 104
Trd, 8639424.712, 139
Trd, 8639425.112, 99
Trd, 8639425.412, 119
Trd, 8639425.846, 92
Trd, 8639426.379, 92
Trd, 8639426.912, 140
Trd, 8639427.479, 96
Trd, 8639427.812, 62
Trd, 8639427.879, 62
Trd, 8639428.112, 94
Trd, 8639429.112, 127
Trd, 8639429.279, 89
Trd, 8639429.346, 88
Trd, 8639429.512, 61
Trd, 8639429.646, 65
Trd, 8639429.879, 139
Trd, 8639430.779, 138
Trd, 8639431.012, 137
Trd, 8639431.379, 91
Trd, 8639432.812, 82
Trd, 8639432.846, 81
Trd, 8639433.079, 80
Trd, 8639433.346, 70
Trd, 8639433.512, 67
Trd, 8639434.046, 119
Trd, 8639434.079, 83
Trd, 8639434.646, 140
Trd, 8639434.979, 73
Trd, 8639435.479, 97
Trd, 8639435.612, 97
Trd, 8639435.679, 96
Trd, 8639437.579, 139
Trd, 8639437.612, 136
Trd, 8639437.879, 130
Trd, 8639440.279, 137
Trd, 8639440.579, 139
Trd, 8639440.746, 139
Trd, 8639440.779, 132
Trd, 8639441.512, 124
Trd, 8639441.879, 123
Trd, 8639442.179, 93
Trd, 8639442.246, 93
Trd, 8639443.146, 88
Trd, 8639444.012, 135
Trd, 8639444.279, 115
Trd, 8639444.579, 115
Trd, 8639444.646, 96
Trd, 8639444.979, 94
Trd, 8639445.279, 84
Trd, 8639445.512, 93
Trd, 8639446.479, 140
Trd, 8639446.512, 138
Trd, 8639447.079, 99
Trd, 8639447.446, 65
Trd, 8639447.612, 76
Trd, 8639448.779, 140
Trd, 8639449.146, 119
Trd, 8639449.912, 135
Trd, 8639450.346, 108
Trd, 8639450.746, 115
Trd, 8639450.979, 107
Trd, 8639451.112, 98
Trd, 8639451.346, 78
Trd, 8639451.612, 77
Trd, 8639452.212, 137
Trd, 8639452.946, 140
Trd, 8639453.312, 117
Trd, 8639453.946, 128
Trd, 8639455.479, 140
Trd, 8639455.646, 140
Trd, 8639455.746, 139
Trd, 8639455.812, 129
Trd, 8639455.879, 126
Trd, 8639456.246, 127
Trd, 8639456.379, 126
Trd, 8639457.279, 109
Trd, 8639457.412, 102
Trd, 8639457.546, 96
Trd, 8639459.012, 130
Trd, 8639459.179, 79
Trd, 8639459.946, 106
Trd, 8639460.146, 95
Trd, 8639460.279, 71
Trd, 8639460.779, 71
Trd, 8639461.179, 71
Trd, 8639461.879, 97
Trd, 8639462.312, 137
Trd, 8639462.346, 72
Trd, 8639463.146, 138
Trd, 8639463.779, 137
Trd, 8639464.046, 124
Trd, 8639464.712, 134
Trd, 8639464.746, 133
Trd, 8639465.879, 139
Trd, 8639466.246, 117
Trd, 8639466.546, 116
Trd, 8639467.179, 138
Trd, 8639467.612, 128
Trd, 8639468.012, 119
Trd, 8639468.146, 113
Trd, 8639468.279, 126
Trd, 8639469.146, 123
Trd, 8639469.546, 120
Trd, 8639469.879, 140
Trd, 8639470.179, 111
Trd, 8639470.412, 104
Trd, 8639470.612, 97
Trd, 8639471.179, 132
Trd, 8639471.312, 101
Trd, 8639472.279, 64
Trd, 8639473.079, 104
Trd, 8639473.246, 91
Trd, 8639474.146, 138
Trd, 8639474.612, 137
Trd, 8639474.912, 86
Trd, 8639475.546, 94
Trd, 8639475.912, 105
Trd, 8639476.079, 96
Trd, 8639476.379, 96
Trd, 8639476.846, 95
Trd, 8639477.179, 68
Trd, 8639477.846, 132
Trd, 8639477.946, 61
Trd, 8639478.179, 139
Trd, 8639479.012, 140
Trd, 8639479.046, 100
Trd, 8639479.146, 73
Trd, 8639479.646, 64
Trd, 8639480.012, 71
Trd, 8639480.112, 137
Trd, 8639480.146, 130
Trd, 8639480.379, 62
Trd, 8639481.446, 118
Trd, 8639482.579, 87
Trd, 8639483.146, 140
Trd, 8639483.379, 140
Trd, 8639483.712, 138
Trd, 8639483.746, 127
Trd, 8639484.379, 108
Trd, 8639485.112, 115
Trd, 8639485.546, 139
Trd, 8639485.679, 90
Trd, 8639485.912, 103
Trd, 8639486.679, 84
Trd, 8639487.146, 115
Trd, 8639487.446, 140
Trd, 8639487.479, 126
Trd, 8639488.079, 121
Trd, 8639488.412, 111
Trd, 8639488.879, 75
Trd, 8639489.646, 63
Trd, 8639489.712, 65
Trd, 8639490.812, 67
Trd, 8639490.979, 100
Trd, 8639491.179, 128
Trd, 8639492.146, 107
Trd, 8639492.479, 88
Trd, 8639492.846, 140
Trd, 8639492.912, 114
Trd, 8639492.979, 88
Trd, 8639493.446, 88
Trd, 8639494.746, 114
Trd, 8639495.212, 139
Trd, 8639496.246, 90
Trd, 8639496.279, 83
Trd, 8639496.646, 81
Trd, 8639496.812, 67
Trd, 8639498.412, 140
Trd, 8639499.046, 129
Trd, 8639499.212, 124
Trd, 8639499.379, 123
Trd, 8639499.479, 116
Trd, 8639500.279, 139
Trd, 8639500.379, 110
Trd, 8639501.179, 104
Trd, 8639501.379, 67
Trd, 8639502.279, 113
Trd, 8639502.546, 99
Trd, 8639502.846, 121
Trd, 8639503.079, 119
Trd, 8639503.412, 119
Trd, 8639503.912, 118
Trd, 8639504.279, 135
Trd, 8639504.479, 103
Trd, 8639505.479, 106
Trd, 8639505.646, 105
Trd, 8639506.379, 123
Trd, 8639506.446, 103
Trd, 8639507.946, 140
Trd, 8639508.279, 136
Trd, 8639509.079, 140
Trd, 8639511.312, 140
Trd, 8639511.646, 134
Trd, 8639511.712, 133
Trd, 8639511.946, 121
Trd, 8639512.046, 110
Trd, 8639512.246, 108
Trd, 8639512.912, 81
Trd, 8639513.246, 75
Trd, 8639513.979, 83
Trd, 8639514.079, 80
Trd, 8639514.979, 61
Trd, 8639515.246, 61
Trd, 8639515.546, 63
Trd, 8639515.646, 80
Trd, 8639516.279, 85
Trd, 8639516.546, 79
Trd, 8639516.712, 73
Trd, 8639516.912, 140
Trd, 8639517.512, 132
Trd, 8639517.612, 131
Trd, 8639518.012, 130
Trd, 8639518.546, 80
Trd, 8639519.712, 129
Trd, 8639520.312, 140
Trd, 8639520.346, 109
Trd, 8639521.012, 133
Trd, 8639521.512, 132
Trd, 8639521.879, 137
Trd, 8639521.979, 108
Trd, 8639522.412, 104
Trd, 8639522.712, 95
Trd, 8639523.212, 96
Trd, 8639524.079, 139
Trd, 8639524.846, 120
Trd, 8639525.112, 140
Trd, 8639525.512, 127
Trd, 8639525.646, 111
Trd, 8639526.179, 122
Trd, 8639526.846, 140
Trd, 8639527.446, 128
Trd, 8639527.579, 129
Trd, 8639527.979, 118
Trd, 8639528.146, 110
Trd, 8639528.579, 117
Trd, 8639528.612, 117
Trd, 8639528.979, 106
Trd, 8639529.079, 104
Trd, 8639529.979, 77
Trd, 8639530.046, 137
Trd, 8639531.012, 90
Trd, 8639531.712, 62
Trd, 8639531.879, 79
Trd, 8639532.612, 136
Trd, 8639532.779, 138
Trd, 8639532.912, 136
Trd, 8639533.079, 135
Trd, 8639533.546, 111
Trd, 8639533.879, 78
Trd, 8639534.879, 101
Trd, 8639535.679, 140
Trd, 8639535.946, 92
Trd, 8639536.412, 136
Trd, 8639536.479, 106
Trd, 8639537.212, 136
Trd, 8639537.712, 135
Trd, 8639537.846, 115
Trd, 8639538.012, 105
Trd, 8639538.079, 92
Trd, 8639539.379, 95
Trd, 8639539.746, 94
Trd, 8639539.879, 91
Trd, 8639540.012, 139
Trd, 8639540.212, 137
Trd, 8639541.179, 82
Trd, 8639541.479, 87
Trd, 8639542.812, 140
Trd, 8639543.646, 111
Trd, 8639543.779, 110
Trd, 8639545.179, 116
Trd, 8639545.612, 112
Trd, 8639545.712, 110
Trd, 8639545.846, 115
Trd, 8639546.212, 108
Trd, 8639546.412, 90
Trd, 8639547.212, 77
Trd, 8639547.446, 97
Trd, 8639548.279, 132
Trd, 8639548.412, 130
Trd, 8639548.579, 112
Trd, 8639548.646, 109
Trd, 8639548.679, 101
Trd, 8639549.612, 76
Trd, 8639549.879, 79
Trd, 8639550.579, 111
Trd, 8639551.479, 139
Trd, 8639551.946, 139
Trd, 8639552.312, 110
Trd, 8639552.379, 84
Trd, 8639552.679, 83
Trd, 8639552.712, 82
Trd, 8639553.179, 127
Trd, 8639553.212, 120
Trd, 8639553.712, 75
Trd, 8639554.046, 70
Trd, 8639554.346, 90
Trd, 8639554.779, 119
Trd, 8639555.546, 140
Trd, 8639556.146, 106
Trd, 8639556.879, 139
Trd, 8639557.112, 118
Trd, 8639557.346, 105
Trd, 8639557.412, 96
Trd, 8639558.746, 126
Trd, 8639559.679, 103
Trd, 8639560.312, 140
Trd, 8639560.446, 139
Trd, 8639561.946, 140
Trd, 8639561.979, 128
Trd, 8639562.179, 124
Trd, 8639562.212, 124
Trd, 8639562.746, 123
Trd, 8639562.846, 121
Trd, 8639563.246, 139
Trd, 8639563.379, 139
Trd, 8639563.679, 136
Trd, 8639563.812, 118
Trd, 8639563.946, 93
Trd, 8639564.246, 66
Trd, 8639564.946, 86
Trd, 8639565.712, 140
Trd, 8639566.046, 69
Trd, 8639566.246, 66
Trd, 8639566.346, 136
Trd, 8639566.746, 111
Trd, 8639566.912, 64
Trd, 8639567.979, 64
Trd, 8639568.479, 80
Trd, 8639568.846, 93
Trd, 8639568.912, 78
Trd, 8639569.346, 103
Trd, 8639569.979, 77
Trd, 8639570.079, 105
Trd, 8639571.812, 125
Trd, 8639572.146, 113
Trd, 8639572.312, 113
Trd, 8639572.646, 138
Trd, 8639573.012, 139
Trd, 8639573.046, 138
Trd, 8639573.546, 102
Trd, 8639573.612, 139
Trd, 8639574.679, 98
Trd, 8639575.046, 126
Trd, 8639575.212, 104
Trd, 8639575.446, 99
Trd, 8639576.246, 97
Trd, 8639577.146, 133
Trd, 8639577.279, 122
Trd, 8639577.312, 116
Trd, 8639577.546, 84
Trd, 8639578.046, 140
Trd, 8639578.546, 139
Trd, 8639579.179, 125
Trd, 8639579.612, 107
Trd, 8639580.046, 140
Trd, 8639580.512, 140
Trd, 8639581.012, 114
Trd, 8639581.812, 92
Trd, 8639582.212, 115
Trd, 8639582.912, 140
Trd, 8639583.079, 139
Trd, 8639583.246, 119
Trd, 8639583.412, 119
Trd, 8639583.946, 139
Trd, 8639584.112, 115
Trd, 8639584.346, 79
Trd, 8639585.012, 73
Trd, 8639585.079, 136
Trd, 8639585.712, 61
Trd, 8639586.012, 74
Trd, 8639586.446, 106
Trd, 8639587.479, 61
Trd, 8639587.746, 70
Trd, 8639588.612, 108
Trd, 8639588.912, 87
Trd, 8639588.979, 86
Trd, 8639589.246, 74
Trd, 8639589.679, 62
Trd, 8639590.012, 64
Trd, 8639590.812, 87
Trd, 8639590.946, 82
Trd, 8639591.479, 73
Trd, 8639592.412, 139
Trd, 8639592.546, 139
Trd, 8639592.646, 138
Trd, 8639592.879, 140
Trd, 8639594.546, 140
Trd, 8639594.679, 139
Trd, 8639595.146, 112
Trd, 8639595.712, 107
Trd, 8639596.079, 106
Trd, 8639596.179, 97
Trd, 8639596.579, 100
Trd, 8639596.679, 88
Trd, 8639596.846, 76
Trd, 8639596.879, 74
Trd, 8639597.312, 140
Trd, 8639597.846, 135
Trd, 8639598.646, 61
Trd, 8639600.212, 63
Trd, 8639600.246, 65
Trd, 8639601.412, 64
Trd, 8639601.812, 63
Trd, 8639602.379, 61
Trd, 8639602.812, 61
Trd, 8639603.846, 71
Trd, 8639603.912, 61
Trd, 8639603.979, 74
Trd, 8639604.779, 76
Trd, 8639605.112, 76
Trd, 8639605.479, 75
Trd, 8639605.646, 77
Trd, 8639606.012, 75
Trd, 8639606.912, 81
Trd, 8639606.979, 76
Trd, 8639607.046, 124
Trd, 8639607.346, 138
Trd, 8639607.479, 116
Trd, 8639607.879, 85
Trd, 8639608.012, 62
Trd, 8639608.579, 135
Trd, 8639609.646, 122
Trd, 8639609.912, 120
Trd, 8639611.079, 109
Trd, 8639611.146, 102
Trd, 8639611.679, 118
Trd, 8639612.712, 138
Trd, 8639612.979, 111
Trd, 8639613.079, 109
Trd, 8639613.279, 106
Trd, 8639613.312, 126
Trd, 8639613.846, 122
Trd, 8639613.979, 103
Trd, 8639614.712, 101
Trd, 8639615.046, 139
Trd, 8639615.146, 77
Trd, 8639616.046, 106
Trd, 8639616.212, 140
Trd, 8639616.446, 105
Trd, 8639617.246, 92
Trd, 8639618.712, 131
Trd, 8639619.146, 115
Trd, 8639619.546, 136
Trd, 8639619.579, 129
Trd, 8639620.279, 88
Trd, 8639620.546, 91
Trd, 8639621.179, 87
Trd, 8639621.212, 86
Trd, 8639622.079, 80
Trd, 8639622.146, 78
Trd, 8639623.246, 74
Trd, 8639623.346, 73
Trd, 8639624.179, 137
Trd, 8639624.246, 135
Trd, 8639624.579, 119
Trd, 8639625.412, 97
Trd, 8639626.046, 114
Trd, 8639626.846, 140
Trd, 8639627.946, 140
Trd, 8639628.246, 140
Trd, 8639628.579, 128
Trd, 8639628.679, 117
Trd, 8639628.779, 114
Trd, 8639629.479, 80
Trd, 8639629.812, 114
Trd, 8639629.879, 113
Trd, 8639630.446, 139
Trd, 8639630.846, 83
Trd, 8639631.112, 84
Trd, 8639631.179, 122
Trd, 8639632.146, 68
Trd, 8639632.612, 72
Trd, 8639633.212, 140
Trd, 8639633.546, 115
Trd, 8639634.279, 110
Trd, 8639634.779, 103
Trd, 8639634.946, 93
Trd, 8639635.279, 131
Trd, 8639636.079, 116
Trd, 8639636.312, 103
Trd, 8639636.412, 80
Trd, 8639636.946, 79
Trd, 8639637.112, 75
Trd, 8639638.379, 140
Trd, 8639638.579, 138
Trd, 8639638.846, 139
Trd, 8639638.946, 138
Trd, 8639639.279, 106
Trd, 8639639.846, 103
Trd, 8639640.446, 126
Trd, 8639641.446, 134
Trd, 8639642.179, 115
Trd, 8639642.346, 88
Trd, 8639642.512, 114
Trd, 8639642.679, 85
Trd, 8639642.746, 99
Trd, 8639643.246, 78
Trd, 8639643.679, 94
Trd, 8639644.146, 76
Trd, 8639644.646, 140
Trd, 8639645.312, 63
Trd, 8639645.746, 140
Trd, 8639646.079, 65
Trd, 8639646.512, 115
Trd, 8639646.912, 71
Trd, 8639647.612, 134
Trd, 8639647.712, 132
Trd, 8639648.079, 69
Trd, 8639648.512, 123
Trd, 8639649.046, 124
Trd, 8639649.812, 140
Trd, 8639650.146, 139
Trd, 8639650.979, 87
Trd, 8639651.212, 139
Trd, 8639651.946, 86
Trd, 8639652.046, 86
Trd, 8639652.312, 85
Trd, 8639653.079, 112
Trd, 8639653.579, 113
Trd, 8639653.946, 86
Trd, 8639654.546, 104
Trd, 8639654.579, 103
Trd, 8639654.646, 85
Trd, 8639655.579, 137
Trd, 8639656.312, 140
Trd, 8639656.979, 120
Trd, 8639658.479, 74
Trd, 8639658.612, 82
Trd, 8639659.012, 97
Trd, 8639659.146, 67
Trd, 8639659.212, 87
Trd, 8639659.279, 66
Trd, 8639659.779, 131
Trd, 8639660.312, 114
Trd, 8639660.446, 113
Trd, 8639661.312, 137
Trd, 8639661.412, 136
Trd, 8639661.812, 101
Trd, 8639662.346, 114
Trd, 8639662.812, 140
Trd, 8639663.279, 86
Trd, 8639663.579, 87
Trd, 8639664.446, 69
Trd, 8639664.579, 139
Trd, 8639665.179, 61
Trd, 8639665.712, 62
Trd, 8639666.479, 63
Trd, 8639666.579, 67
Trd, 8639666.679, 82
Trd, 8639667.012, 63
Trd, 8639667.846, 69
Trd, 8639668.446, 65
Trd, 8639669.446, 130
Trd, 8639670.312, 113
Trd, 8639670.379, 124
Trd, 8639670.612, 108
Trd, 8639670.679, 104
Trd, 8639671.079, 97
Trd, 8639671.512, 95
Trd, 8639672.712, 133
Trd, 8639672.779, 122
Trd, 8639672.879, 96
Trd, 8639673.779, 62
Trd, 8639673.879, 74
Trd, 8639675.512, 60
Trd, 8639676.079, 62
Trd, 8639676.112, 62
Trd, 8639676.779, 63
Trd, 8639677.546, 140
Trd, 8639678.079, 140
Trd, 8639678.112, 137
Trd, 8639678.312, 120
Trd, 8639679.679, 124
Trd, 8639679.712, 119
Trd, 8639679.979, 139
Trd, 8639680.079, 126
Trd, 8639680.379, 109
Trd, 8639680.446, 108
Trd, 8639680.646, 92
Trd, 8639680.679, 81
Trd, 8639681.479, 119
Trd, 8639681.646, 75
Trd, 8639682.079, 69
Trd, 8639682.546, 116
Trd, 8639682.779, 126
Trd, 8639683.246, 61
Trd, 8639683.446, 125
Trd, 8639683.546, 124
Trd, 8639683.712, 78
Trd, 8639684.579, 138
Trd, 8639684.646, 98
Trd, 8639685.846, 95
Trd, 8639687.112, 140
Trd, 8639687.979, 140
Trd, 8639688.112, 140
Trd, 8639688.346, 127
Trd, 8639688.479, 114
Trd, 8639688.679, 109
Trd, 8639688.846, 108
Trd, 8639688.879, 100
Trd, 8639689.612, 90
Trd, 8639689.812, 80
Trd, 8639690.012, 110
Trd, 8639690.379, 79
Trd, 8639690.512, 93
Trd, 8639690.846, 62
Trd, 8639691.546, 63
Trd, 8639692.679, 119
Trd, 8639692.746, 117
Trd, 8639692.846, 105
Trd, 8639693.012, 111
Trd, 8639693.579, 136
Trd, 8639693.946, 137
Trd, 8639694.612, 128
Trd, 8639696.012, 120
Trd, 8639696.046, 119
Trd, 8639696.346, 117
Trd, 8639697.146, 108
Trd, 8639697.279, 100
Trd, 8639698.079, 66
Trd, 8639698.312, 89
Trd, 8639698.746, 78
Trd, 8639699.279, 136
Trd, 8639699.412, 80
Trd, 8639700.146, 131
Trd, 8639700.279, 139
Trd, 8639701.812, 111
Trd, 8639701.846, 106
Trd, 8639703.446, 122
Trd, 8639703.512, 121
Trd, 8639703.679, 139
Trd, 8639704.612, 118
Trd, 8639705.046, 107
Trd, 8639705.312, 105
Trd, 8639705.812, 100
Trd, 8639705.912, 92
Trd, 8639705.946, 104
Trd, 8639706.446, 128
Trd, 8639706.712, 106
Trd, 8639706.946, 105
Trd, 8639707.679, 139
Trd, 8639708.079, 129
Trd, 8639708.146, 128
Trd, 8639708.212, 127
Trd, 8639709.479, 139
Trd, 8639710.079, 123
Trd, 8639710.146, 107
Trd, 8639710.212, 97
Trd, 8639711.646, 134
Trd, 8639712.446, 111
Trd, 8639712.646, 103
Trd, 8639712.779, 109
Trd, 8639713.412, 69
Trd, 8639714.046, 62
Trd, 8639714.879, 64
Trd, 8639715.412, 65
Trd, 8639715.546, 79
Trd, 8639715.679, 78
Trd, 8639715.846, 97
Trd, 8639716.046, 76
Trd, 8639716.646, 131
Trd, 8639717.312, 73
Trd, 8639717.346, 87
Trd, 8639717.879, 138
Trd, 8639718.012, 66
Trd, 8639719.046, 139
Trd, 8639719.379, 140
Trd, 8639719.646, 119
Trd, 8639719.712, 118
Trd, 8639719.879, 91
Trd, 8639721.379, 140
Trd, 8639721.912, 140
Trd, 8639721.946, 140
Trd, 8639722.846, 140
Trd, 8639723.312, 131
Trd, 8639723.746, 127
Trd, 8639724.046, 126
Trd, 8639725.312, 140
Trd, 8639725.446, 128
Trd, 8639725.579, 108
Trd, 8639725.846, 107
Trd, 8639726.046, 125
Trd, 8639726.112, 97
Trd, 8639726.546, 100
Trd, 8639727.879, 135
Trd, 8639728.412, 139
Trd, 8639728.779, 133
Trd, 8639729.512, 140
Trd, 8639729.746, 133
Trd, 8639730.012, 123
Trd, 8639730.079, 115
Trd, 8639731.779, 130
Trd, 8639732.312, 116
Trd, 8639732.446, 115
Trd, 8639732.579, 114
Trd, 8639732.946, 115
Trd, 8639732.979, 85
Trd, 8639733.112, 70
Trd, 8639733.612, 140
Trd, 8639733.812, 70
Trd, 8639734.179, 60
Trd, 8639734.679, 136
Trd, 8639734.779, 113
Trd, 8639735.746, 81
Trd, 8639735.846, 80
Trd, 8639737.279, 105
Trd, 8639737.979, 94
Trd, 8639738.012, 86
Trd, 8639738.112, 97
Trd, 8639738.479, 65
Trd, 8639738.646, 89
Trd, 8639739.312, 63
Trd, 8639739.912, 139
Trd, 8639740.246, 116
Trd, 8639740.846, 140
Trd, 8639740.979, 131
Trd, 8639741.212, 111
Trd, 8639741.712, 102
Trd, 8639742.312, 97
Trd, 8639742.879, 93
Trd, 8639743.046, 92
Trd, 8639743.179, 95
Trd, 8639743.412, 91
Trd, 8639743.712, 138
Trd, 8639745.379, 138
Trd, 8639745.779, 116
Trd, 8639746.912, 113
Trd, 8639747.346, 140
Trd, 8639747.379, 96
Trd, 8639748.012, 96
Trd, 8639748.579, 75
Trd, 8639749.012, 116
Trd, 8639749.246, 116
Trd, 8639749.446, 139
Trd, 8639749.846, 115
Trd, 8639750.846, 120
Trd, 8639750.879, 113
Trd, 8639751.646, 68
Trd, 8639752.446, 60
Trd, 8639752.679, 62
Trd, 8639753.312, 60
Trd, 8639754.212, 67
Trd, 8639754.379, 71
Trd, 8639755.212, 67
Trd, 8639755.379, 77
Trd, 8639756.046, 139
Trd, 8639756.412, 140
Trd, 8639756.879, 140
Trd, 8639757.079, 140
Trd, 8639757.112, 126
Trd, 8639757.279, 117
Trd, 8639757.646, 140
Trd, 8639757.746, 70
Trd, 8639758.912, 104
Trd, 8639759.812, 61
Trd, 8639760.412, 69
Trd, 8639760.546, 75
Trd, 8639761.279, 61
Trd, 8639761.346, 72
Trd, 8639762.112, 65
Trd, 8639762.212, 91
Trd, 8639762.379, 123
Trd, 8639764.079, 75
Trd, 8639764.279, 69
Trd, 8639764.846, 78
Trd, 8639765.546, 140
Trd, 8639765.746, 140
Trd, 8639765.779, 140
Trd, 8639766.212, 107
Trd, 8639766.912, 94
Trd, 8639767.346, 78
Trd, 8639767.979, 120
Trd, 8639768.046, 65
Trd, 8639768.379, 63
Trd, 8639768.946, 62
Trd, 8639769.912, 86
Trd, 8639770.046, 80
Trd, 8639770.079, 79
Trd, 8639771.012, 120
Trd, 8639771.346, 121
Trd, 8639771.512, 135
Trd, 8639772.212, 117
Trd, 8639772.646, 102
Trd, 8639773.012, 109
Trd, 8639773.612, 89
Trd, 8639774.546, 121
Trd, 8639774.779, 114
Trd, 8639775.412, 139
Trd, 8639775.779, 132
Trd, 8639776.212, 140
Trd, 8639776.712, 131
Trd, 8639776.746, 113
Trd, 8639777.446, 114
Trd, 8639777.579, 76
Trd, 8639779.079, 61
Trd, 8639779.212, 61
Trd, 8639779.379, 66
Trd, 8639779.879, 67
Trd, 8639780.446, 62
Trd, 8639780.746, 134
Trd, 8639780.846, 75
Trd, 8639781.312, 64
Trd, 8639781.946, 65
Trd, 8639782.012, 85
Trd, 8639782.579, 140
Trd, 8639782.746, 65
Trd, 8639783.646, 90
Trd, 8639783.912, 65
Trd, 8639783.979, 64
Trd, 8639784.412, 62
Trd, 8639784.912, 79
Trd, 8639785.246, 60
Trd, 8639785.679, 84
Trd, 8639786.846, 130
Trd, 8639786.912, 126
Trd, 8639787.679, 126
Trd, 8639787.879, 125
Trd, 8639788.512, 117
Trd, 8639789.412, 113
Trd, 8639789.612, 110
Trd, 8639789.812, 108
Trd, 8639789.879, 94
Trd, 8639789.979, 81
Trd, 8639791.379, 61
Trd, 8639792.012, 86
Trd, 8639793.412, 60
Trd, 8639793.446, 63
Trd, 8639793.746, 61
Trd, 8639794.012, 65
Trd, 8639794.312, 67
Trd, 8639794.546, 63
Trd, 8639794.612, 65
Trd, 8639795.479, 138
Trd, 8639795.779, 62
Trd, 8639796.179, 112
Trd, 8639796.779, 132
Trd, 8639797.812, 128
Trd, 8639798.346, 139
Trd, 8639798.546, 74
Trd, 8639799.412, 118
Trd, 8639799.879, 108
Trd, 8639800.446, 105
Trd, 8639800.579, 103
Trd, 8639800.779, 66
Trd, 8639801.246, 72
Trd, 8639802.779, 140
Trd, 8639803.112, 103
Trd, 8639803.412, 102
Trd, 8639803.746, 95
Trd, 8639804.712, 140
Trd, 8639804.846, 136
Trd, 8639804.946, 135
Trd, 8639806.379, 140
Trd, 8639806.712, 116
Trd, 8639806.912, 114
Trd, 8639807.046, 109
Trd, 8639807.212, 104
Trd, 8639807.512, 95
Trd, 8639807.779, 69
Trd, 8639808.046, 88
Trd, 8639808.712, 88
Trd, 8639809.346, 79
Trd, 8639810.279, 130
Trd, 8639810.446, 129
Trd, 8639810.646, 120
Trd, 8639811.512, 140
Trd, 8639811.546, 140
Trd, 8639812.046, 108
Trd, 8639812.079, 76
Trd, 8639812.146, 130
Trd, 8639812.446, 138
Trd, 8639812.579, 81
Trd, 8639813.079, 77
Trd, 8639813.379, 103
Trd, 8639814.646, 71
Trd, 8639814.679, 75
Trd, 8639815.079, 70
Trd, 8639815.312, 115
Trd, 8639815.912, 64
Trd, 8639815.979, 70
Trd, 8639816.946, 140
Trd, 8639817.146, 102
Trd, 8639817.612, 90
Trd, 8639817.712, 102
Trd, 8639818.979, 78
Trd, 8639819.012, 128
Trd, 8639819.079, 62
Trd, 8639819.546, 61
Trd, 8639820.312, 92
Trd, 8639820.346, 90
Trd, 8639820.879, 62
Trd, 8639821.779, 65
Trd, 8639822.112, 65
Trd, 8639822.446, 116
Trd, 8639823.446, 133
Trd, 8639823.812, 68
Trd, 8639825.212, 140
Trd, 8639825.346, 140
Trd, 8639825.512, 138
Trd, 8639825.546, 113
Trd, 8639825.646, 112
Trd, 8639825.879, 125
Trd, 8639826.312, 140
Trd, 8639827.646, 140
Trd, 8639827.946, 140
Trd, 8639828.212, 140
Trd, 8639828.612, 139
Trd, 8639828.846, 97
Trd, 8639828.979, 97
Trd, 8639829.046, 85
Trd, 8639829.546, 79
Trd, 8639831.412, 61
Trd, 8639831.879, 61
Trd, 8639832.046, 62
Trd, 8639832.112, 62
Trd, 8639832.446, 66
Trd, 8639832.912, 62
Trd, 8639833.546, 65
Trd, 8639833.646, 67
Trd, 8639834.346, 67
Trd, 8639834.412, 72
Trd, 8639834.479, 80
Trd, 8639835.079, 68
Trd, 8639835.646, 140
Trd, 8639835.979, 139
Trd, 8639836.246, 131
Trd, 8639837.479, 65
Trd, 8639837.512, 69
Trd, 8639838.712, 140
Trd, 8639838.846, 105
Trd, 8639839.146, 78
Trd, 8639839.379, 140
Trd, 8639839.512, 140
Trd, 8639839.946, 74
Trd, 8639840.012, 71
Trd, 8639840.779, 140
Trd, 8639841.712, 137
Trd, 8639841.746, 97
Trd, 8639842.146, 102
Trd, 8639842.346, 99
Trd, 8639842.712, 96
Trd, 8639843.246, 114
Trd, 8639843.679, 99
Trd, 8639843.746, 97
Trd, 8639844.746, 96
Trd, 8639845.679, 113
Trd, 8639845.912, 98
Trd, 8639846.279, 101
Trd, 8639846.746, 68
Trd, 8639847.379, 61
Trd, 8639847.446, 63
Trd, 8639847.746, 61
Trd, 8639847.879, 140
Trd, 8639848.446, 139
Trd, 8639848.512, 127
Trd, 8639849.246, 109
Trd, 8639849.279, 108
Trd, 8639849.512, 122
Trd, 8639849.846, 107
Trd, 8639850.179, 83
Trd, 8639850.812, 92
Trd, 8639850.879, 108
Trd, 8639851.579, 128
Trd, 8639852.479, 135
Trd, 8639852.512, 115
Trd, 8639852.979, 114
Trd, 8639853.346, 117
Trd, 8639853.412, 113
Trd, 8639853.946, 110
Trd, 8639854.579, 132
Trd, 8639855.846, 120
Trd, 8639856.079, 117
Trd, 8639857.146, 135
Trd, 8639857.246, 137
Trd, 8639857.446, 138
Trd, 8639857.546, 114
Trd, 8639857.812, 140
Trd, 8639857.912, 110
Trd, 8639858.179, 89
Trd, 8639858.379, 140
Trd, 8639859.379, 132
Trd, 8639860.012, 80
Trd, 8639860.812, 140
Trd, 8639861.179, 128
Trd, 8639861.646, 128
Trd, 8639861.779, 127
Trd, 8639862.112, 127
Trd, 8639862.612, 117
Trd, 8639862.679, 113
Trd, 8639863.112, 134
Trd, 8639863.179, 111
Trd, 8639863.346, 111
Trd, 8639864.979, 126
Trd, 8639865.546, 108
Trd, 8639866.012, 135
Trd, 8639866.312, 91
Trd, 8639866.846, 101
Trd, 8639867.312, 140
Trd, 8639867.379, 76
Trd, 8639867.679, 81
Trd, 8639868.612, 139
Trd, 8639868.679, 139
Trd, 8639869.112, 129
Trd, 8639869.746, 128
Trd, 8639870.546, 106
Trd, 8639870.746, 106
Trd, 8639871.179, 108
Trd, 8639871.279, 107
Trd, 8639871.746, 139
Trd, 8639871.979, 101
Trd, 8639872.712, 114
Trd, 8639873.746, 61
Trd, 8639874.046, 66
Trd, 8639874.179, 70
Trd, 8639874.512, 64
Trd, 8639874.546, 105
Trd, 8639876.379, 61
Trd, 8639876.779, 61
Trd, 8639877.479, 60
Trd, 8639878.246, 67
Trd, 8639878.479, 65
Trd, 8639878.812, 60
Trd, 8639879.346, 60
Trd, 8639879.612, 65
Trd, 8639879.746, 62
Trd, 8639879.912, 63
Trd, 8639880.579, 77
Trd, 8639880.979, 66
Trd, 8639881.279, 84
Trd, 8639881.646, 79
Trd, 8639881.779, 73
Trd, 8639881.946, 102
Trd, 8639883.646, 126
Trd, 8639883.712, 125
Trd, 8639883.879, 114
Trd, 8639884.246, 129
Trd, 8639885.012, 134
Trd, 8639885.279, 124
Trd, 8639885.679, 135
Trd, 8639885.979, 134
Trd, 8639886.046, 123
Trd, 8639886.679, 116
Trd, 8639886.879, 115
Trd, 8639887.646, 140
Trd, 8639887.879, 140
Trd, 8639887.912, 129
Trd, 8639888.679, 140
Trd, 8639889.446, 127
Trd, 8639890.146, 138
Trd, 8639890.212, 130
Trd, 8639890.279, 101
Trd, 8639890.779, 101
Trd, 8639891.346, 114
Trd, 8639892.246, 112
Trd, 8639892.712, 100
Trd, 8639893.012, 99
Trd, 8639893.246, 98
Trd, 8639893.879, 139
Trd, 8639894.379, 118
Trd, 8639895.212, 110
Trd, 8639896.046, 134
Trd, 8639896.412, 124
Trd, 8639896.979, 134
Trd, 8639897.112, 97
Trd, 8639897.579, 135
Trd, 8639898.179, 89
Trd, 8639899.246, 140
Trd, 8639899.746, 122
Trd, 8639900.612, 140
Trd, 8639900.846, 140
Trd, 8639901.146, 139
Trd, 8639901.379, 123
Trd, 8639902.012, 77
Trd, 8639903.079, 78
Trd, 8639903.379, 73
Trd, 8639903.646, 102
Trd, 8639903.746, 95
Trd, 8639903.946, 65
Trd, 8639904.546, 64
Trd, 8639904.746, 61
Trd, 8639905.146, 80
Trd, 8639905.546, 62
Trd, 8639905.612, 63
Trd, 8639906.379, 67
Trd, 8639906.879, 70
Trd, 8639907.012, 64
Trd, 8639907.412, 72
Trd, 8639908.679, 90
Trd, 8639909.146, 92
Trd, 8639909.679, 140
Trd, 8639909.812, 140
Trd, 8639909.879, 81
Trd, 8639910.312, 98
Trd, 8639910.412, 112
Trd, 8639911.279, 140
Trd, 8639911.479, 139
Trd, 8639911.679, 89
Trd, 8639912.646, 135
Trd, 8639913.746, 114
Trd, 8639913.846, 104
Trd, 8639915.079, 139
Trd, 8639915.146, 126
Trd, 8639915.379, 140
Trd, 8639915.746, 105
Trd, 8639915.779, 89
Trd, 8639916.746, 87
Trd, 8639917.012, 86
Trd, 8639917.912, 136
Trd, 8639918.546, 139
Trd, 8639918.779, 136
Trd, 8639919.112, 135
Trd, 8639919.346, 126
Trd, 8639920.446, 117
Trd, 8639920.679, 101
Trd, 8639920.846, 82
Trd, 8639921.512, 78
Trd, 8639922.146, 134
Trd, 8639922.612, 140
Trd, 8639922.946, 126
Trd, 8639924.146, 114
Trd, 8639925.212, 107
Trd, 8639925.379, 99
Trd, 8639926.212, 139
Trd, 8639927.079, 127
Trd, 8639927.279, 126
Trd, 8639927.446, 126
Trd, 8639928.812, 140
Trd, 8639928.912, 128
Trd, 8639929.112, 97
Trd, 8639929.546, 140
Trd, 8639929.612, 128
Trd, 8639929.812, 140
Trd, 8639930.246, 97
Trd, 8639930.779, 103
Trd, 8639931.179, 98
Trd, 8639931.479, 100
Trd, 8639931.846, 120
Trd, 8639931.979, 121
Trd, 8639933.612, 134
Trd, 8639934.012, 126
Trd, 8639934.179, 138
Trd, 8639935.179, 132
Trd, 8639935.346, 123
Trd, 8639935.446, 115
Trd, 8639936.379, 106
Trd, 8639936.846, 138
Trd, 8639937.079, 109
Trd, 8639937.446, 138
Trd, 8639937.512, 96
Trd, 8639937.879, 82
Trd, 8639938.379, 130
Trd, 8639939.112, 117
Trd, 8639939.712, 110
Trd, 8639940.046, 140
Trd, 8639940.179, 109
Trd, 8639940.712, 106
Trd, 8639940.746, 105
Trd, 8639941.179, 118
Trd, 8639941.279, 116
Trd, 8639942.779, 140
Trd, 8639943.046, 139
Trd, 8639943.679, 140
Trd, 8639943.712, 109
Trd, 8639943.746, 104
Trd, 8639944.679, 101
Trd, 8639944.879, 109
Trd, 8639945.312, 104
Trd, 8639945.646, 68
Trd, 8639946.979, 140
Trd, 8639947.246, 95
Trd, 8639947.379, 90
Trd, 8639947.546, 85
Trd, 8639947.812, 129
Trd, 8639948.112, 75
Trd, 8639948.612, 119
Trd, 8639948.746, 118
Trd, 8639948.912, 92
Trd, 8639950.546, 140
Trd, 8639950.812, 108
Trd, 8639951.112, 140
Trd, 8639951.612, 127
Trd, 8639953.246, 109
Trd, 8639953.979, 131
Trd, 8639954.146, 124
Trd, 8639954.312, 120
Trd, 8639954.879, 82
Trd, 8639955.346, 72
Trd, 8639955.479, 65
Trd, 8639955.979, 90
Trd, 8639956.612, 137
Trd, 8639958.346, 140
Trd, 8639958.412, 140
Trd, 8639958.712, 140
Trd, 8639958.779, 138
Trd, 8639959.379, 137
Trd, 8639959.646, 127
Trd, 8639960.079, 114
Trd, 8639960.146, 107
Trd, 8639960.746, 94
Trd, 8639961.912, 120
Trd, 8639962.079, 116
Trd, 8639962.246, 115
Trd, 8639962.946, 140
Trd, 8639963.079, 108
Trd, 8639963.679, 117
Trd, 8639964.579, 121
Trd, 8639965.012, 104
Trd, 8639965.112, 97
Trd, 8639965.246, 140
Trd, 8639965.746, 121
Trd, 8639966.479, 115
Trd, 8639967.346, 140
Trd, 8639967.746, 137
Trd, 8639968.212, 135
Trd, 8639968.512, 135
Trd, 8639968.912, 112
Trd, 8639969.179, 103
Trd, 8639969.612, 107
Trd, 8639969.979, 85
Trd, 8639970.046, 121
Trd, 8639970.646, 133
Trd, 8639970.779, 70
Trd, 8639971.379, 123
Trd, 8639972.312, 109
Trd, 8639972.812, 108
Trd, 8639972.846, 98
Trd, 8639972.946, 119
Trd, 8639973.646, 89
Trd, 8639973.879, 69
Trd, 8639974.079, 88
Trd, 8639974.446, 96
Trd, 8639974.646, 101
Trd, 8639974.779, 104
Trd, 8639975.279, 128
Trd, 8639976.379, 118
Trd, 8639976.912, 139
Trd, 8639978.379, 131
Trd, 8639978.679, 116
Trd, 8639978.712, 110
Trd, 8639978.746, 103
Trd, 8639978.779, 98
Trd, 8639979.212, 127
Trd, 8639979.312, 74
Trd, 8639979.646, 140
Trd, 8639980.879, 107
Trd, 8639981.479, 106
Trd, 8639981.779, 140
Trd, 8639981.846, 139
Trd, 8639982.579, 126
Trd, 8639982.679, 115
Trd, 8639982.779, 115
Trd, 8639982.979, 114
Trd, 8639983.346, 137
Trd, 8639984.046, 128
Trd, 8639984.346, 132
Trd, 8639984.546, 140
Trd, 8639985.346, 105
Trd, 8639986.279, 104
Trd, 8639986.612, 98
Trd, 8639986.979, 68
Trd, 8639987.712, 133
Trd, 8639987.879, 75
Trd, 8639988.412, 95
Trd, 8639988.746, 108
Trd, 8639989.279, 74
Trd, 8639989.312, 62
Trd, 8639989.446, 109
Trd, 8639990.746, 140
Trd, 8639991.212, 118
Trd, 8639991.612, 82
Trd, 8639991.712, 82
Trd, 8639992.112, 82
Trd, 8639992.379, 115
Trd, 8639993.146, 137
Trd, 8639993.246, 105
Trd, 8639993.546, 103
Trd, 8639993.646, 102
Trd, 8639994.512, 103
Trd, 8639994.879, 90
Trd, 8639995.212, 97
Trd, 8639995.579, 140
Trd, 8639996.312, 108
Trd, 8639996.412, 107
Trd, 8639997.212, 138
Trd, 8639997.879, 82
Trd, 8639998.012, 81
Trd, 8639998.446, 91
Trd, 8639998.579, 139
Trd, 8639998.812, 84
Trd, 8639999.112, 83
Trd, 8639999.646, 79
