Trd, 8638761.146, 127
Trd, 8638761.779, 137
Trd, 8638762.379, 131
Trd, 8638762.479, 118
Trd, 8638763.546, 121
Trd, 8638764.546, 114
Trd, 8638764.612, 108
Trd, 8638765.179, 99
Trd, 8638765.212, 95
Trd, 8638765.646, 91
Trd, 8638765.779, 86
Trd, 8638765.946, 135
Trd, 8638766.612, 88
Trd, 8638767.379, 113
Trd, 8638767.479, 98
Trd, 8638768.046, 86
Trd, 8638768.546, 73
Trd, 8638769.379, 122
Trd, 8638769.612, 106
Trd, 8638769.912, 124
Trd, 8638770.412, 67
Trd, 8638771.046, 76
Trd, 8638771.712, 97
Trd, 8638772.179, 82
Trd, 8638772.246, 85
Trd, 8638772.712, 107
Trd, 8638772.879, 93
Trd, 8638772.979, 138
Trd, 8638774.179, 118
Trd, 8638774.479, 116
Trd, 8638774.612, 88
Trd, 8638776.412, 115
Trd, 8638777.279, 132
Trd, 8638777.679, 136
Trd, 8638778.179, 130
Trd, 8638778.212, 125
Trd, 8638778.779, 118
Trd, 8638779.279, 127
Trd, 8638780.546, 127
Trd, 8638781.612, 140
Trd, 8638781.779, 139
Trd, 8638782.112, 139
Trd, 8638782.246, 123
Trd, 8638782.446, 91
Trd, 8638782.846, 90
Trd, 8638782.879, 79
Trd, 8638782.912, 95
Trd, 8638783.346, 121
Trd, 8638783.979, 100
Trd, 8638784.579, 131
Trd, 8638784.779, 108
Trd, 8638784.979, 101
Trd, 8638785.279, 93
Trd, 8638786.012, 124
Trd, 8638786.146, 91
Trd, 8638786.779, 125
Trd, 8638788.012, 104
Trd, 8638788.312, 117
Trd, 8638788.346, 115
Trd, 8638790.346, 112
Trd, 8638790.446, 112
Trd, 8638790.512, 118
Trd, 8638790.812, 112
Trd, 8638791.412, 111
Trd, 8638791.512, 111
Trd, 8638792.379, 117
Trd, 8638792.479, 131
Trd, 8638792.812, 112
Trd, 8638793.046, 109
Trd, 8638793.846, 117
Trd, 8638794.179, 99
Trd, 8638794.546, 137
Trd, 8638794.679, 105
Trd, 8638795.112, 87
Trd, 8638796.079, 139
Trd, 8638796.112, 130
Trd, 8638796.612, 128
Trd, 8638797.712, 101
Trd, 8638798.046, 119
Trd, 8638798.246, 108
Trd, 8638798.512, 91
Trd, 8638798.579, 89
Trd, 8638799.046, 111
Trd, 8638799.079, 83
Trd, 8638799.946, 121
Trd, 8638800.912, 109
Trd, 8638801.412, 106
Trd, 8638802.012, 104
Trd, 8638802.212, 116
Trd, 8638802.712, 129
Trd, 8638803.346, 116
Trd, 8638803.446, 131
Trd, 8638804.746, 136
Trd, 8638805.246, 134
Trd, 8638805.279, 101
Trd, 8638805.779, 104
Trd, 8638806.046, 99
Trd, 8638806.446, 85
Trd, 8638806.779, 107
Trd, 8638806.846, 121
Trd, 8638807.012, 139
Trd, 8638807.146, 138
Trd, 8638807.712, 98
Trd, 8638808.012, 83
Trd, 8638808.179, 130
Trd, 8638810.012, 126
Trd, 8638810.312, 99
Trd, 8638810.612, 100
Trd, 8638810.946, 98
Trd, 8638811.179, 97
Trd, 8638811.612, 79
Trd, 8638812.012, 83
Trd, 8638812.446, 85
Trd, 8638812.579, 89
Trd, 8638812.712, 76
Trd, 8638812.879, 67
Trd, 8638813.812, 122
Trd, 8638814.479, 111
Trd, 8638816.112, 129
Trd, 8638816.179, 112
Trd, 8638817.046, 110
Trd, 8638817.612, 138
Trd, 8638818.246, 104
Trd, 8638818.279, 93
Trd, 8638818.812, 93
Trd, 8638818.946, 138
Trd, 8638819.679, 90
Trd, 8638820.079, 89
Trd, 8638820.479, 89
Trd, 8638821.512, 101
Trd, 8638821.612, 61
Trd, 8638821.712, 112
Trd, 8638822.146, 107
Trd, 8638822.912, 140
Trd, 8638823.679, 117
Trd, 8638824.212, 116
Trd, 8638824.246, 119
Trd, 8638824.546, 102
Trd, 8638825.646, 114
Trd, 8638826.179, 129
Trd, 8638826.612, 140
Trd, 8638827.012, 129
Trd, 8638827.312, 123
Trd, 8638827.346, 117
Trd, 8638828.679, 123
Trd, 8638828.746, 114
Trd, 8638829.012, 126
Trd, 8638829.446, 114
Trd, 8638829.912, 100
Trd, 8638830.746, 89
Trd, 8638830.812, 89
Trd, 8638831.346, 89
Trd, 8638831.446, 93
Trd, 8638831.912, 81
Trd, 8638832.079, 104
Trd, 8638832.512, 121
Trd, 8638832.712, 120
Trd, 8638833.679, 97
Trd, 8638834.379, 138
Trd, 8638834.679, 126
Trd, 8638835.146, 115
Trd, 8638835.679, 128
Trd, 8638836.212, 107
Trd, 8638837.179, 127
Trd, 8638837.279, 101
Trd, 8638837.346, 91
Trd, 8638838.246, 78
Trd, 8638839.079, 94
Trd, 8638839.679, 80
Trd, 8638840.146, 64
Trd, 8638840.979, 95
Trd, 8638841.212, 64
Trd, 8638842.046, 72
Trd, 8638842.246, 72
Trd, 8638843.379, 132
Trd, 8638843.412, 118
Trd, 8638843.512, 98
Trd, 8638844.546, 135
Trd, 8638845.012, 138
Trd, 8638845.112, 109
Trd, 8638845.346, 101
Trd, 8638845.512, 98
Trd, 8638845.846, 87
Trd, 8638846.746, 127
Trd, 8638848.746, 134
Trd, 8638848.946, 124
Trd, 8638849.579, 122
Trd, 8638849.879, 120
Trd, 8638850.846, 120
Trd, 8638850.912, 115
Trd, 8638851.446, 138
Trd, 8638851.679, 112
Trd, 8638852.212, 129
Trd, 8638853.146, 136
Trd, 8638853.479, 116
Trd, 8638853.612, 113
Trd, 8638854.879, 130
Trd, 8638854.912, 95
Trd, 8638855.346, 70
Trd, 8638855.479, 133
Trd, 8638855.546, 102
Trd, 8638855.946, 122
Trd, 8638856.579, 96
Trd, 8638856.912, 93
Trd, 8638857.346, 71
Trd, 8638858.212, 112
Trd, 8638858.446, 100
Trd, 8638858.479, 103
Trd, 8638858.846, 74
Trd, 8638859.312, 130
Trd, 8638859.846, 106
Trd, 8638860.079, 66
Trd, 8638861.846, 90
Trd, 8638862.479, 88
Trd, 8638863.746, 130
Trd, 8638864.746, 118
Trd, 8638865.412, 134
Trd, 8638865.812, 130
Trd, 8638865.846, 128
Trd, 8638866.012, 123
Trd, 8638866.079, 115
Trd, 8638867.546, 122
Trd, 8638867.912, 135
Trd, 8638868.146, 108
Trd, 8638868.479, 129
Trd, 8638868.646, 83
Trd, 8638868.979, 78
Trd, 8638869.346, 131
Trd, 8638870.212, 119
Trd, 8638870.779, 133
Trd, 8638870.812, 116
Trd, 8638870.846, 97
Trd, 8638872.112, 130
Trd, 8638872.479, 114
Trd, 8638873.612, 135
Trd, 8638874.012, 134
Trd, 8638874.179, 100
Trd, 8638874.246, 91
Trd, 8638874.412, 61
Trd, 8638874.946, 81
Trd, 8638875.279, 81
Trd, 8638875.546, 122
Trd, 8638876.346, 109
Trd, 8638876.512, 124
Trd, 8638877.012, 129
Trd, 8638877.512, 108
Trd, 8638877.712, 79
Trd, 8638878.179, 94
Trd, 8638878.779, 76
Trd, 8638879.246, 69
Trd, 8638880.812, 70
Trd, 8638881.046, 99
Trd, 8638882.412, 68
Trd, 8638882.446, 111
Trd, 8638882.512, 89
Trd, 8638883.112, 67
Trd, 8638883.479, 64
Trd, 8638883.646, 78
Trd, 8638884.146, 105
Trd, 8638885.512, 84
Trd, 8638885.946, 113
Trd, 8638886.112, 130
Trd, 8638886.979, 62
Trd, 8638887.579, 74
Trd, 8638887.812, 72
Trd, 8638888.846, 138
Trd, 8638889.512, 128
Trd, 8638890.146, 135
Trd, 8638890.646, 108
Trd, 8638890.946, 110
Trd, 8638891.012, 108
Trd, 8638891.346, 106
Trd, 8638892.379, 107
Trd, 8638892.412, 91
Trd, 8638893.446, 108
Trd, 8638893.979, 108
Trd, 8638894.212, 104
Trd, 8638894.312, 110
Trd, 8638894.679, 126
Trd, 8638895.346, 128
Trd, 8638895.746, 100
Trd, 8638896.379, 133
Trd, 8638896.646, 114
Trd, 8638896.712, 107
Trd, 8638897.579, 67
Trd, 8638897.612, 112
Trd, 8638897.746, 115
Trd, 8638898.279, 101
Trd, 8638899.246, 70
Trd, 8638899.746, 86
Trd, 8638900.146, 98
Trd, 8638900.512, 107
Trd, 8638900.746, 108
Trd, 8638901.079, 106
Trd, 8638901.712, 85
Trd, 8638901.946, 118
Trd, 8638902.046, 117
Trd, 8638904.046, 104
Trd, 8638904.112, 103
Trd, 8638904.379, 75
Trd, 8638904.579, 74
Trd, 8638904.912, 76
Trd, 8638905.012, 82
Trd, 8638906.112, 70
Trd, 8638906.246, 70
Trd, 8638906.612, 89
Trd, 8638907.112, 84
Trd, 8638907.579, 117
Trd, 8638907.679, 111
Trd, 8638908.479, 91
Trd, 8638908.812, 100
Trd, 8638909.712, 106
Trd, 8638909.979, 100
Trd, 8638910.579, 94
Trd, 8638911.112, 135
Trd, 8638911.346, 117
Trd, 8638911.479, 99
Trd, 8638912.046, 139
Trd, 8638912.746, 91
Trd, 8638913.146, 116
Trd, 8638913.479, 128
Trd, 8638914.312, 112
Trd, 8638914.912, 116
Trd, 8638915.712, 107
Trd, 8638915.746, 96
Trd, 8638915.779, 125
Trd, 8638917.212, 114
Trd, 8638917.479, 118
Trd, 8638918.746, 102
Trd, 8638919.612, 112
Trd, 8638920.046, 136
Trd, 8638920.212, 106
Trd, 8638920.479, 111
Trd, 8638920.679, 134
Trd, 8638921.412, 108
Trd, 8638921.479, 105
Trd, 8638921.712, 122
Trd, 8638921.779, 118
Trd, 8638922.112, 110
Trd, 8638922.912, 121
Trd, 8638923.146, 112
Trd, 8638923.479, 101
Trd, 8638925.012, 82
Trd, 8638925.512, 131
Trd, 8638925.746, 113
Trd, 8638926.046, 99
Trd, 8638926.879, 138
Trd, 8638926.912, 124
Trd, 8638927.379, 107
Trd, 8638928.179, 130
Trd, 8638928.346, 130
Trd, 8638928.779, 105
Trd, 8638929.379, 101
Trd, 8638929.879, 103
Trd, 8638930.212, 104
Trd, 8638930.312, 90
Trd, 8638930.379, 80
Trd, 8638930.546, 78
Trd, 8638930.746, 61
Trd, 8638931.946, 64
Trd, 8638932.746, 60
Trd, 8638932.812, 61
Trd, 8638933.212, 96
Trd, 8638933.879, 87
Trd, 8638934.379, 108
Trd, 8638934.546, 96
Trd, 8638935.012, 112
Trd, 8638935.712, 117
Trd, 8638935.812, 137
Trd, 8638935.946, 116
Trd, 8638936.546, 111
Trd, 8638936.746, 124
Trd, 8638937.179, 95
Trd, 8638937.679, 93
Trd, 8638938.212, 72
Trd, 8638938.779, 63
Trd, 8638938.812, 110
Trd, 8638938.879, 127
Trd, 8638939.612, 139
Trd, 8638939.946, 138
Trd, 8638940.612, 135
Trd, 8638940.746, 125
Trd, 8638941.812, 132
Trd, 8638941.879, 125
Trd, 8638942.212, 119
Trd, 8638942.379, 98
Trd, 8638943.179, 118
Trd, 8638944.046, 126
Trd, 8638944.446, 124
Trd, 8638945.012, 123
Trd, 8638945.179, 93
Trd, 8638945.479, 128
Trd, 8638946.446, 118
Trd, 8638947.279, 101
Trd, 8638947.379, 86
Trd, 8638948.479, 122
Trd, 8638950.212, 120
Trd, 8638950.312, 97
Trd, 8638950.379, 95
Trd, 8638950.546, 102
Trd, 8638951.246, 127
Trd, 8638951.646, 138
Trd, 8638952.046, 134
Trd, 8638953.312, 120
Trd, 8638953.446, 117
Trd, 8638953.579, 133
Trd, 8638954.212, 133
Trd, 8638954.546, 122
Trd, 8638954.646, 99
Trd, 8638954.712, 96
Trd, 8638954.946, 94
Trd, 8638956.512, 118
Trd, 8638956.812, 134
Trd, 8638957.046, 109
Trd, 8638957.679, 137
Trd, 8638958.846, 101
Trd, 8638959.412, 90
Trd, 8638959.912, 85
Trd, 8638960.312, 118
Trd, 8638960.446, 104
Trd, 8638960.679, 126
Trd, 8638960.946, 65
Trd, 8638961.812, 131
Trd, 8638962.412, 124
Trd, 8638962.879, 119
Trd, 8638963.912, 116
Trd, 8638964.212, 118
Trd, 8638964.479, 94
Trd, 8638964.646, 101
Trd, 8638966.046, 135
Trd, 8638966.079, 92
Trd, 8638966.512, 99
Trd, 8638966.746, 119
Trd, 8638966.812, 121
Trd, 8638966.946, 117
Trd, 8638967.079, 93
Trd, 8638968.112, 87
Trd, 8638969.379, 121
Trd, 8638970.312, 139
Trd, 8638970.446, 124
Trd, 8638970.479, 114
Trd, 8638970.879, 140
Trd, 8638970.979, 111
Trd, 8638971.146, 109
Trd, 8638971.446, 85
Trd, 8638972.146, 102
Trd, 8638973.046, 89
Trd, 8638973.446, 108
Trd, 8638973.912, 115
Trd, 8638974.012, 104
Trd, 8638974.246, 114
Trd, 8638974.446, 102
Trd, 8638974.712, 125
Trd, 8638975.779, 118
Trd, 8638975.912, 131
Trd, 8638977.146, 136
Trd, 8638977.446, 135
Trd, 8638977.546, 122
Trd, 8638978.346, 89
Trd, 8638978.579, 77
Trd, 8638978.912, 119
Trd, 8638979.146, 117
Trd, 8638979.179, 113
Trd, 8638979.312, 125
Trd, 8638979.479, 128
Trd, 8638980.579, 110
Trd, 8638980.779, 106
Trd, 8638981.246, 101
Trd, 8638981.412, 82
Trd, 8638982.279, 85
Trd, 8638982.479, 86
Trd, 8638982.746, 82
Trd, 8638983.046, 110
Trd, 8638983.379, 124
Trd, 8638983.612, 86
Trd, 8638983.746, 93
Trd, 8638984.679, 107
Trd, 8638984.946, 117
Trd, 8638985.912, 70
Trd, 8638987.212, 69
Trd, 8638987.612, 119
Trd, 8638987.779, 63
Trd, 8638988.112, 96
Trd, 8638989.212, 65
Trd, 8638989.312, 62
Trd, 8638989.979, 78
Trd, 8638990.479, 100
Trd, 8638991.712, 131
Trd, 8638991.979, 139
Trd, 8638992.212, 114
Trd, 8638993.312, 128
Trd, 8638993.912, 127
Trd, 8638995.146, 133
Trd, 8638995.446, 109
Trd, 8638995.879, 139
Trd, 8638996.179, 131
Trd, 8638996.846, 125
Trd, 8638997.379, 113
Trd, 8638998.879, 116
Trd, 8638999.446, 129
Trd, 8638999.879, 115
Trd, 8639000.612, 105
Trd, 8639000.779, 86
Trd, 8639000.846, 113
Trd, 8639001.146, 86
Trd, 8639001.412, 138
Trd, 8639001.912, 85
Trd, 8639001.946, 71
Trd, 8639002.646, 126
Trd, 8639004.146, 135
Trd, 8639004.379, 133
Trd, 8639004.512, 110
Trd, 8639005.446, 102
Trd, 8639005.512, 86
Trd, 8639006.379, 76
Trd, 8639006.646, 129
Trd, 8639006.946, 90
Trd, 8639008.079, 117
Trd, 8639009.012, 124
Trd, 8639009.612, 130
Trd, 8639010.012, 115
Trd, 8639011.012, 118
Trd, 8639011.079, 107
Trd, 8639011.146, 105
Trd, 8639011.512, 120
Trd, 8639011.712, 105
Trd, 8639012.246, 137
Trd, 8639012.612, 118
Trd, 8639013.246, 94
Trd, 8639013.479, 97
Trd, 8639014.579, 135
Trd, 8639014.912, 129
Trd, 8639015.746, 137
Trd, 8639015.812, 124
Trd, 8639015.879, 116
Trd, 8639016.112, 106
Trd, 8639016.946, 97
Trd, 8639017.579, 134
Trd, 8639017.812, 122
Trd, 8639018.512, 104
Trd, 8639018.846, 88
Trd, 8639019.012, 117
Trd, 8639019.912, 113
Trd, 8639020.179, 126
Trd, 8639020.646, 94
Trd, 8639021.146, 131
Trd, 8639022.379, 140
Trd, 8639022.479, 136
Trd, 8639022.546, 135
Trd, 8639022.846, 113
Trd, 8639023.146, 133
Trd, 8639023.379, 129
Trd, 8639025.112, 132
Trd, 8639025.379, 129
Trd, 8639025.746, 115
Trd, 8639025.779, 110
Trd, 8639026.012, 104
Trd, 8639026.179, 96
Trd, 8639026.646, 88
Trd, 8639027.046, 80
Trd, 8639027.546, 118
Trd, 8639027.946, 83
Trd, 8639028.479, 63
Trd, 8639028.979, 78
Trd, 8639029.012, 97
Trd, 8639030.346, 124
Trd, 8639030.546, 129
Trd, 8639030.912, 131
Trd, 8639031.279, 101
Trd, 8639031.746, 103
Trd, 8639032.246, 111
Trd, 8639032.512, 86
Trd, 8639033.646, 103
Trd, 8639033.812, 95
Trd, 8639034.046, 119
Trd, 8639034.579, 85
Trd, 8639034.912, 76
Trd, 8639035.146, 83
Trd, 8639036.379, 84
Trd, 8639036.912, 137
Trd, 8639037.779, 135
Trd, 8639039.346, 110
Trd, 8639039.946, 101
Trd, 8639040.312, 119
Trd, 8639040.379, 119
Trd, 8639040.679, 110
Trd, 8639041.179, 132
Trd, 8639042.012, 127
Trd, 8639042.079, 102
Trd, 8639042.279, 131
Trd, 8639042.679, 123
Trd, 8639043.279, 139
Trd, 8639043.312, 102
Trd, 8639043.379, 101
Trd, 8639043.679, 85
Trd, 8639044.179, 68
Trd, 8639046.146, 113
Trd, 8639046.846, 113
Trd, 8639047.146, 132
Trd, 8639047.446, 100
Trd, 8639047.512, 96
Trd, 8639048.146, 123
Trd, 8639048.512, 128
Trd, 8639048.912, 132
Trd, 8639049.212, 136
Trd, 8639049.346, 122
Trd, 8639049.579, 121
Trd, 8639050.546, 104
Trd, 8639052.279, 103
Trd, 8639052.346, 99
Trd, 8639052.479, 95
Trd, 8639052.646, 91
Trd, 8639052.779, 85
Trd, 8639052.846, 77
Trd, 8639053.546, 95
Trd, 8639054.012, 103
Trd, 8639054.579, 100
Trd, 8639055.212, 66
Trd, 8639055.812, 117
Trd, 8639056.146, 113
Trd, 8639056.379, 115
Trd, 8639056.679, 131
Trd, 8639057.212, 119
Trd, 8639057.346, 116
Trd, 8639057.612, 93
Trd, 8639058.379, 96
Trd, 8639059.046, 102
Trd, 8639059.846, 102
Trd, 8639060.046, 119
Trd, 8639060.912, 121
Trd, 8639061.179, 135
Trd, 8639061.312, 133
Trd, 8639062.212, 81
Trd, 8639062.246, 86
Trd, 8639062.479, 82
Trd, 8639062.779, 83
Trd, 8639063.012, 118
Trd, 8639064.046, 93
Trd, 8639064.946, 70
Trd, 8639065.612, 62
Trd, 8639065.879, 104
Trd, 8639066.479, 94
Trd, 8639067.012, 80
Trd, 8639067.079, 93
Trd, 8639067.212, 98
Trd, 8639067.779, 127
Trd, 8639068.179, 100
Trd, 8639068.646, 116
Trd, 8639068.879, 102
Trd, 8639069.146, 88
Trd, 8639070.479, 124
Trd, 8639070.546, 117
Trd, 8639070.579, 79
Trd, 8639070.679, 70
Trd, 8639071.779, 100
Trd, 8639071.979, 95
Trd, 8639072.179, 94
Trd, 8639073.312, 138
Trd, 8639073.612, 120
Trd, 8639074.579, 122
Trd, 8639074.846, 122
Trd, 8639074.912, 109
Trd, 8639076.712, 139
Trd, 8639077.312, 119
Trd, 8639077.646, 113
Trd, 8639077.812, 103
Trd, 8639078.312, 140
Trd, 8639078.512, 140
Trd, 8639079.179, 140
Trd, 8639079.346, 124
Trd, 8639079.812, 137
Trd, 8639081.412, 130
Trd, 8639081.812, 95
Trd, 8639081.979, 104
Trd, 8639082.046, 112
Trd, 8639082.212, 119
Trd, 8639082.479, 89
Trd, 8639082.879, 88
Trd, 8639084.579, 105
Trd, 8639084.646, 100
Trd, 8639085.346, 65
Trd, 8639085.746, 67
Trd, 8639086.279, 74
Trd, 8639086.346, 92
Trd, 8639086.979, 82
Trd, 8639087.146, 83
Trd, 8639087.246, 84
Trd, 8639087.712, 80
Trd, 8639088.512, 138
Trd, 8639088.712, 122
Trd, 8639089.346, 98
Trd, 8639090.079, 91
Trd, 8639090.179, 65
Trd, 8639091.579, 69
Trd, 8639091.946, 118
Trd, 8639092.479, 134
Trd, 8639093.279, 135
Trd, 8639093.612, 134
Trd, 8639094.546, 124
Trd, 8639095.246, 116
Trd, 8639095.479, 122
Trd, 8639095.612, 117
Trd, 8639095.679, 116
Trd, 8639095.712, 104
Trd, 8639095.946, 94
Trd, 8639096.312, 76
Trd, 8639096.779, 113
Trd, 8639097.112, 68
Trd, 8639097.279, 67
Trd, 8639098.112, 107
Trd, 8639098.812, 95
Trd, 8639098.979, 93
Trd, 8639099.046, 93
Trd, 8639100.179, 117
Trd, 8639100.279, 120
Trd, 8639100.646, 116
Trd, 8639101.079, 124
Trd, 8639101.646, 129
Trd, 8639102.712, 130
Trd, 8639103.079, 121
Trd, 8639104.712, 119
Trd, 8639105.379, 140
Trd, 8639105.579, 123
Trd, 8639106.046, 114
Trd, 8639106.546, 112
Trd, 8639106.912, 101
Trd, 8639107.179, 88
Trd, 8639107.312, 88
Trd, 8639108.546, 68
Trd, 8639108.812, 91
Trd, 8639108.912, 78
Trd, 8639109.612, 71
Trd, 8639109.679, 133
Trd, 8639109.979, 135
Trd, 8639110.146, 91
Trd, 8639110.646, 132
Trd, 8639110.812, 64
Trd, 8639111.812, 116
Trd, 8639112.146, 120
Trd, 8639113.446, 133
Trd, 8639113.579, 132
Trd, 8639113.679, 131
Trd, 8639113.779, 120
Trd, 8639114.212, 98
Trd, 8639114.512, 101
Trd, 8639115.312, 94
Trd, 8639115.446, 95
Trd, 8639116.079, 112
Trd, 8639116.546, 111
Trd, 8639117.312, 109
Trd, 8639117.779, 121
Trd, 8639117.979, 110
Trd, 8639118.312, 100
Trd, 8639118.379, 92
Trd, 8639118.846, 95
Trd, 8639120.112, 137
Trd, 8639120.312, 119
Trd, 8639120.779, 122
Trd, 8639121.312, 101
Trd, 8639121.546, 95
Trd, 8639121.779, 81
Trd, 8639122.612, 74
Trd, 8639123.046, 117
Trd, 8639123.946, 130
Trd, 8639124.312, 119
Trd, 8639124.979, 124
Trd, 8639125.079, 112
Trd, 8639125.246, 101
Trd, 8639125.512, 100
Trd, 8639126.179, 90
Trd, 8639126.312, 78
Trd, 8639126.779, 130
Trd, 8639127.346, 125
Trd, 8639128.046, 115
Trd, 8639128.812, 112
Trd, 8639128.846, 109
Trd, 8639129.079, 107
Trd, 8639129.479, 88
Trd, 8639129.879, 109
Trd, 8639129.979, 102
Trd, 8639130.412, 128
Trd, 8639131.279, 131
Trd, 8639131.812, 122
Trd, 8639131.946, 89
Trd, 8639132.246, 137
Trd, 8639132.346, 74
Trd, 8639132.846, 112
Trd, 8639133.079, 76
Trd, 8639134.279, 116
Trd, 8639134.979, 91
Trd, 8639135.746, 122
Trd, 8639135.912, 118
Trd, 8639136.179, 137
Trd, 8639137.812, 129
Trd, 8639137.846, 128
Trd, 8639138.012, 140
Trd, 8639138.346, 109
Trd, 8639139.012, 102
Trd, 8639139.112, 97
Trd, 8639139.879, 93
Trd, 8639140.179, 118
Trd, 8639140.246, 90
Trd, 8639140.879, 130
Trd, 8639141.879, 133
Trd, 8639142.779, 100
Trd, 8639143.546, 123
Trd, 8639143.912, 111
Trd, 8639144.746, 99
Trd, 8639144.846, 96
Trd, 8639144.879, 85
Trd, 8639145.112, 103
Trd, 8639146.512, 88
Trd, 8639147.512, 93
Trd, 8639148.046, 137
Trd, 8639148.179, 79
Trd, 8639148.479, 113
Trd, 8639148.579, 122
Trd, 8639148.846, 78
Trd, 8639149.746, 92
Trd, 8639150.212, 74
Trd, 8639150.579, 136
Trd, 8639150.779, 125
Trd, 8639151.246, 124
Trd, 8639151.679, 92
Trd, 8639152.179, 134
Trd, 8639152.412, 117
Trd, 8639153.146, 115
Trd, 8639153.312, 106
Trd, 8639153.579, 119
Trd, 8639153.946, 89
Trd, 8639154.246, 66
Trd, 8639154.446, 71
Trd, 8639154.946, 73
Trd, 8639155.379, 112
Trd, 8639156.079, 90
Trd, 8639156.746, 136
Trd, 8639157.279, 108
Trd, 8639157.579, 101
Trd, 8639157.612, 97
Trd, 8639157.912, 92
Trd, 8639158.946, 63
Trd, 8639159.512, 81
Trd, 8639160.746, 96
Trd, 8639161.312, 86
Trd, 8639161.346, 81
Trd, 8639161.712, 138
Trd, 8639162.712, 133
Trd, 8639162.979, 126
Trd, 8639163.112, 125
Trd, 8639163.346, 112
Trd, 8639163.646, 109
Trd, 8639163.746, 102
Trd, 8639164.446, 93
Trd, 8639164.612, 113
Trd, 8639164.912, 118
Trd, 8639165.212, 139
Trd, 8639165.379, 84
Trd, 8639166.412, 125
Trd, 8639167.046, 82
Trd, 8639167.179, 127
Trd, 8639167.412, 113
Trd, 8639167.679, 104
Trd, 8639168.446, 123
Trd, 8639168.646, 96
Trd, 8639168.879, 88
Trd, 8639168.912, 70
Trd, 8639170.146, 121
Trd, 8639170.912, 134
Trd, 8639171.312, 118
Trd, 8639171.579, 122
Trd, 8639172.246, 139
Trd, 8639172.779, 129
Trd, 8639173.312, 102
Trd, 8639173.546, 92
Trd, 8639173.779, 117
Trd, 8639174.679, 139
Trd, 8639175.012, 94
Trd, 8639175.346, 125
Trd, 8639176.979, 104
Trd, 8639177.312, 126
Trd, 8639177.379, 140
Trd, 8639177.546, 85
Trd, 8639178.146, 85
Trd, 8639178.346, 74
Trd, 8639178.879, 122
Trd, 8639178.979, 105
Trd, 8639179.579, 121
Trd, 8639179.846, 106
Trd, 8639180.046, 82
Trd, 8639180.412, 65
Trd, 8639181.212, 134
Trd, 8639182.212, 114
Trd, 8639182.512, 114
Trd, 8639183.146, 114
Trd, 8639183.746, 115
Trd, 8639183.946, 113
Trd, 8639184.646, 130
Trd, 8639184.679, 130
Trd, 8639185.346, 115
Trd, 8639185.479, 109
Trd, 8639185.879, 132
Trd, 8639186.979, 101
Trd, 8639187.079, 108
Trd, 8639187.112, 99
Trd, 8639187.412, 130
Trd, 8639188.612, 126
Trd, 8639188.779, 114
Trd, 8639188.879, 113
Trd, 8639188.912, 128
Trd, 8639190.579, 135
Trd, 8639190.612, 133
Trd, 8639190.679, 128
Trd, 8639190.746, 110
Trd, 8639191.746, 136
Trd, 8639191.946, 123
Trd, 8639191.979, 114
Trd, 8639192.312, 100
Trd, 8639193.546, 109
Trd, 8639193.812, 127
Trd, 8639194.079, 103
Trd, 8639196.212, 138
Trd, 8639196.912, 134
Trd, 8639197.012, 124
Trd, 8639197.112, 134
Trd, 8639197.146, 121
Trd, 8639198.146, 128
Trd, 8639198.179, 107
Trd, 8639198.746, 129
Trd, 8639198.846, 95
Trd, 8639200.646, 106
Trd, 8639200.879, 108
Trd, 8639200.912, 99
Trd, 8639200.946, 98
Trd, 8639201.512, 78
Trd, 8639201.779, 77
Trd, 8639202.312, 139
Trd, 8639202.512, 122
Trd, 8639202.712, 97
Trd, 8639204.346, 90
Trd, 8639204.479, 121
Trd, 8639204.846, 92
Trd, 8639204.879, 82
Trd, 8639205.712, 90
Trd, 8639207.179, 68
Trd, 8639207.779, 97
Trd, 8639207.912, 91
Trd, 8639207.979, 101
Trd, 8639208.779, 135
Trd, 8639209.879, 137
Trd, 8639210.712, 98
Trd, 8639211.446, 77
Trd, 8639211.546, 73
Trd, 8639212.379, 73
Trd, 8639212.612, 93
Trd, 8639213.112, 72
Trd, 8639213.179, 88
Trd, 8639213.646, 112
Trd, 8639213.879, 100
Trd, 8639214.912, 137
Trd, 8639215.212, 120
Trd, 8639215.312, 91
Trd, 8639215.412, 72
Trd, 8639215.612, 135
Trd, 8639216.046, 122
Trd, 8639216.279, 72
Trd, 8639218.179, 133
Trd, 8639218.279, 118
Trd, 8639218.712, 114
Trd, 8639219.679, 116
Trd, 8639220.146, 127
Trd, 8639220.212, 115
Trd, 8639220.279, 77
Trd, 8639220.512, 137
Trd, 8639220.879, 84
Trd, 8639221.112, 133
Trd, 8639221.946, 103
Trd, 8639222.546, 95
Trd, 8639222.846, 99
Trd, 8639222.879, 93
Trd, 8639223.146, 78
Trd, 8639223.412, 77
Trd, 8639223.946, 138
Trd, 8639224.012, 130
Trd, 8639224.046, 103
Trd, 8639224.812, 64
Trd, 8639225.746, 122
Trd, 8639225.812, 107
Trd, 8639226.779, 101
Trd, 8639227.212, 124
Trd, 8639227.679, 129
Trd, 8639227.946, 106
Trd, 8639228.479, 111
Trd, 8639228.879, 138
Trd, 8639229.112, 117
Trd, 8639229.146, 116
Trd, 8639229.379, 126
Trd, 8639229.579, 97
Trd, 8639230.179, 116
Trd, 8639230.512, 105
Trd, 8639230.879, 99
Trd, 8639233.846, 121
Trd, 8639234.179, 100
Trd, 8639234.412, 119
Trd, 8639234.679, 138
Trd, 8639234.946, 119
Trd, 8639235.679, 111
Trd, 8639236.146, 100
Trd, 8639237.212, 116
Trd, 8639237.446, 128
Trd, 8639238.079, 121
Trd, 8639238.446, 120
Trd, 8639238.479, 100
Trd, 8639238.846, 100
Trd, 8639239.146, 138
Trd, 8639239.579, 122
Trd, 8639239.679, 121
Trd, 8639239.846, 78
Trd, 8639240.212, 80
Trd, 8639240.812, 94
Trd, 8639241.446, 111
Trd, 8639241.646, 108
Trd, 8639242.046, 83
Trd, 8639242.546, 126
Trd, 8639243.446, 63
Trd, 8639243.712, 75
Trd, 8639244.146, 64
Trd, 8639244.546, 114
Trd, 8639245.079, 124
Trd, 8639245.312, 61
Trd, 8639245.812, 61
Trd, 8639246.912, 72
Trd, 8639247.346, 94
Trd, 8639247.612, 87
Trd, 8639247.912, 78
Trd, 8639248.646, 75
Trd, 8639248.812, 98
Trd, 8639248.979, 69
Trd, 8639249.012, 60
Trd, 8639249.279, 103
Trd, 8639249.812, 130
Trd, 8639250.312, 121
Trd, 8639251.712, 120
Trd, 8639252.079, 113
Trd, 8639252.579, 95
Trd, 8639253.279, 83
Trd, 8639253.412, 101
Trd, 8639253.879, 133
Trd, 8639254.346, 92
Trd, 8639254.379, 103
Trd, 8639254.912, 89
Trd, 8639255.279, 132
Trd, 8639255.779, 98
Trd, 8639255.846, 98
Trd, 8639255.946, 90
Trd, 8639256.746, 60
Trd, 8639257.379, 129
Trd, 8639257.812, 127
Trd, 8639258.246, 117
Trd, 8639258.446, 91
Trd, 8639258.612, 90
Trd, 8639258.846, 140
Trd, 8639259.012, 88
Trd, 8639259.246, 82
Trd, 8639260.246, 92
Trd, 8639260.612, 131
Trd, 8639261.579, 81
Trd, 8639262.112, 98
Trd, 8639262.612, 108
Trd, 8639263.046, 108
Trd, 8639263.579, 137
Trd, 8639263.779, 136
Trd, 8639263.979, 137
Trd, 8639265.412, 125
Trd, 8639266.512, 135
Trd, 8639266.546, 126
Trd, 8639266.912, 103
Trd, 8639267.012, 132
Trd, 8639267.446, 113
Trd, 8639267.679, 128
Trd, 8639267.812, 101
Trd, 8639269.512, 122
Trd, 8639269.579, 100
Trd, 8639269.712, 94
Trd, 8639269.812, 81
Trd, 8639270.912, 91
Trd, 8639271.379, 112
Trd, 8639271.646, 128
Trd, 8639271.912, 103
Trd, 8639271.946, 91
Trd, 8639272.912, 104
Trd, 8639273.046, 94
Trd, 8639274.046, 115
Trd, 8639275.179, 127
Trd, 8639275.379, 139
Trd, 8639275.746, 138
Trd, 8639276.012, 132
Trd, 8639276.712, 135
Trd, 8639277.779, 110
Trd, 8639278.012, 97
Trd, 8639278.579, 87
Trd, 8639279.112, 105
Trd, 8639279.446, 119
Trd, 8639279.912, 104
Trd, 8639281.012, 139
Trd, 8639281.179, 137
Trd, 8639281.612, 120
Trd, 8639282.246, 124
Trd, 8639282.446, 105
Trd, 8639282.512, 138
Trd, 8639282.846, 107
Trd, 8639283.212, 94
Trd, 8639283.246, 86
Trd, 8639283.346, 85
Trd, 8639283.946, 88
Trd, 8639285.246, 88
Trd, 8639286.012, 63
Trd, 8639286.212, 74
Trd, 8639286.446, 75
Trd, 8639287.312, 61
Trd, 8639287.779, 81
Trd, 8639288.112, 94
Trd, 8639288.546, 128
Trd, 8639288.712, 121
Trd, 8639288.879, 121
Trd, 8639289.046, 73
Trd, 8639289.712, 64
Trd, 8639289.746, 69
Trd, 8639290.412, 64
Trd, 8639291.446, 112
Trd, 8639291.912, 96
Trd, 8639292.912, 130
Trd, 8639293.379, 129
Trd, 8639294.579, 140
Trd, 8639294.779, 119
Trd, 8639294.846, 117
Trd, 8639295.379, 124
Trd, 8639295.712, 95
Trd, 8639296.212, 92
Trd, 8639296.512, 84
Trd, 8639296.746, 69
Trd, 8639297.179, 82
Trd, 8639297.679, 112
Trd, 8639298.879, 136
Trd, 8639299.046, 135
Trd, 8639299.512, 84
Trd, 8639299.612, 82
Trd, 8639299.646, 71
Trd, 8639299.779, 91
Trd, 8639300.146, 67
Trd, 8639300.846, 85
Trd, 8639301.179, 100
Trd, 8639302.112, 133
Trd, 8639302.512, 115
Trd, 8639303.679, 125
Trd, 8639303.746, 101
Trd, 8639303.912, 98
Trd, 8639304.279, 94
Trd, 8639304.446, 88
Trd, 8639305.879, 70
Trd, 8639306.246, 71
Trd, 8639306.612, 71
Trd, 8639307.279, 115
Trd, 8639307.646, 126
Trd, 8639307.712, 101
Trd, 8639307.812, 131
Trd, 8639308.846, 97
Trd, 8639309.979, 129
Trd, 8639310.379, 128
Trd, 8639310.412, 113
Trd, 8639310.579, 88
Trd, 8639311.246, 97
Trd, 8639311.779, 108
Trd, 8639312.779, 111
Trd, 8639313.546, 114
Trd, 8639313.946, 106
Trd, 8639314.012, 119
Trd, 8639314.546, 126
Trd, 8639314.712, 126
Trd, 8639314.912, 118
Trd, 8639315.046, 101
Trd, 8639315.679, 110
Trd, 8639315.812, 102
Trd, 8639316.112, 126
Trd, 8639316.646, 102
Trd, 8639317.512, 110
Trd, 8639318.612, 109
Trd, 8639318.712, 122
Trd, 8639319.046, 139
Trd, 8639319.346, 105
Trd, 8639319.379, 101
Trd, 8639319.912, 115
Trd, 8639320.512, 121
Trd, 8639320.646, 112
Trd, 8639320.812, 103
Trd, 8639321.779, 136
Trd, 8639322.079, 89
Trd, 8639322.346, 99
Trd, 8639323.212, 60
Trd, 8639323.712, 68
Trd, 8639324.112, 60
Trd, 8639324.846, 69
Trd, 8639325.379, 74
Trd, 8639325.412, 81
Trd, 8639325.646, 125
Trd, 8639326.846, 97
Trd, 8639327.146, 91
Trd, 8639328.046, 128
Trd, 8639328.112, 140
Trd, 8639328.612, 135
Trd, 8639328.912, 134
Trd, 8639329.046, 87
Trd, 8639330.512, 139
Trd, 8639330.912, 108
Trd, 8639331.312, 106
Trd, 8639331.879, 82
Trd, 8639332.912, 134
Trd, 8639333.279, 133
Trd, 8639333.479, 72
Trd, 8639334.312, 132
Trd, 8639334.679, 101
Trd, 8639334.746, 81
Trd, 8639334.879, 138
Trd, 8639334.979, 60
Trd, 8639335.512, 137
Trd, 8639336.146, 106
Trd, 8639336.479, 100
Trd, 8639336.546, 118
Trd, 8639336.879, 136
Trd, 8639337.246, 100
Trd, 8639337.579, 109
Trd, 8639337.779, 102
Trd, 8639338.112, 107
Trd, 8639338.379, 133
Trd, 8639339.179, 112
Trd, 8639339.412, 91
Trd, 8639340.346, 63
Trd, 8639341.912, 100
Trd, 8639342.312, 140
Trd, 8639342.746, 136
Trd, 8639343.379, 114
Trd, 8639343.779, 105
Trd, 8639343.946, 103
Trd, 8639344.079, 100
Trd, 8639344.212, 102
Trd, 8639344.546, 95
Trd, 8639344.779, 83
Trd, 8639345.746, 106
Trd, 8639346.012, 98
Trd, 8639347.679, 83
Trd, 8639347.946, 134
Trd, 8639348.112, 81
Trd, 8639348.512, 96
Trd, 8639348.846, 113
Trd, 8639349.279, 77
Trd, 8639349.812, 124
Trd, 8639350.379, 76
Trd, 8639350.546, 92
Trd, 8639351.546, 129
Trd, 8639352.046, 113
Trd, 8639352.279, 112
Trd, 8639352.779, 123
Trd, 8639353.879, 130
Trd, 8639354.312, 128
Trd, 8639354.412, 112
Trd, 8639356.112, 136
Trd, 8639356.446, 135
Trd, 8639356.712, 133
Trd, 8639356.746, 132
Trd, 8639357.279, 127
Trd, 8639357.746, 103
Trd, 8639358.746, 97
Trd, 8639359.046, 94
Trd, 8639359.179, 116
Trd, 8639359.512, 103
Trd, 8639359.879, 64
Trd, 8639360.412, 61
Trd, 8639360.646, 68
Trd, 8639360.912, 79
Trd, 8639361.079, 69
Trd, 8639361.212, 73
Trd, 8639362.146, 122
Trd, 8639363.512, 126
Trd, 8639363.612, 123
Trd, 8639363.946, 69
Trd, 8639364.512, 75
Trd, 8639364.579, 102
Trd, 8639364.912, 67
Trd, 8639366.379, 105
Trd, 8639366.979, 105
Trd, 8639367.212, 99
Trd, 8639367.246, 94
Trd, 8639368.346, 125
Trd, 8639368.846, 124
Trd, 8639369.779, 132
Trd, 8639370.512, 95
Trd, 8639370.746, 90
Trd, 8639370.812, 118
Trd, 8639370.879, 135
Trd, 8639371.479, 133
Trd, 8639371.979, 112
Trd, 8639372.012, 96
Trd, 8639372.979, 104
Trd, 8639373.379, 103
Trd, 8639373.946, 126
Trd, 8639374.479, 121
Trd, 8639374.746, 122
Trd, 8639375.146, 107
Trd, 8639375.879, 79
Trd, 8639376.279, 77
Trd, 8639376.312, 83
Trd, 8639376.346, 71
Trd, 8639376.879, 75
Trd, 8639377.112, 61
Trd, 8639377.812, 76
Trd, 8639379.112, 68
Trd, 8639379.446, 67
Trd, 8639380.279, 109
Trd, 8639380.479, 137
Trd, 8639380.979, 138
Trd, 8639381.412, 87
Trd, 8639381.579, 79
Trd, 8639381.679, 67
Trd, 8639382.612, 86
Trd, 8639382.679, 119
Trd, 8639383.112, 122
Trd, 8639383.379, 72
Trd, 8639383.746, 98
Trd, 8639384.312, 125
Trd, 8639384.746, 91
Trd, 8639385.079, 138
Trd, 8639385.612, 122
Trd, 8639386.646, 116
Trd, 8639387.179, 111
Trd, 8639387.612, 116
Trd, 8639387.746, 83
Trd, 8639387.946, 100
Trd, 8639388.912, 137
Trd, 8639389.346, 130
Trd, 8639389.812, 112
Trd, 8639391.046, 105
Trd, 8639391.479, 124
Trd, 8639391.612, 109
Trd, 8639392.212, 102
Trd, 8639393.479, 116
Trd, 8639394.079, 140
Trd, 8639394.112, 131
Trd, 8639394.312, 104
Trd, 8639395.579, 132
Trd, 8639395.779, 117
Trd, 8639396.546, 99
Trd, 8639397.412, 128
Trd, 8639397.779, 127
Trd, 8639397.812, 123
Trd, 8639398.479, 127
Trd, 8639398.712, 114
Trd, 8639399.146, 80
Trd, 8639399.312, 82
Trd, 8639399.746, 98
Trd, 8639399.946, 124
Trd, 8639399.979, 62
Trd, 8639400.446, 62
Trd, 8639401.546, 114
Trd, 8639402.579, 139
Trd, 8639403.346, 122
Trd, 8639403.646, 127
Trd, 8639403.779, 120
Trd, 8639405.112, 96
Trd, 8639405.412, 93
Trd, 8639405.712, 137
Trd, 8639405.812, 121
Trd, 8639406.246, 114
Trd, 8639406.379, 103
Trd, 8639407.112, 90
Trd, 8639407.212, 93
Trd, 8639407.646, 123
Trd, 8639408.046, 112
Trd, 8639408.179, 119
Trd, 8639408.979, 109
Trd, 8639409.546, 86
Trd, 8639410.546, 137
Trd, 8639411.079, 115
Trd, 8639411.279, 96
Trd, 8639411.512, 91
Trd, 8639411.646, 80
Trd, 8639412.112, 80
Trd, 8639412.946, 131
Trd, 8639413.246, 140
Trd, 8639413.312, 130
Trd, 8639413.346, 124
Trd, 8639413.979, 90
Trd, 8639414.712, 113
Trd, 8639414.812, 126
Trd, 8639415.979, 73
Trd, 8639416.612, 72
Trd, 8639416.646, 77
Trd, 8639417.112, 103
Trd, 8639417.412, 87
Trd, 8639418.112, 125
Trd, 8639418.979, 131
Trd, 8639419.546, 130
Trd, 8639419.912, 120
Trd, 8639420.446, 113
Trd, 8639420.546, 101
Trd, 8639421.479, 110
Trd, 8639421.879, 111
Trd, 8639422.012, 110
Trd, 8639422.212, 130
Trd, 8639422.646, 111
Trd, 8639423.412, 99
Trd, 8639423.446, 96
Trd, 8639423.612, 88
Trd, 8639424.279, 123
Trd, 8639424.812, 117
Trd, 8639425.579, 124
Trd, 8639425.846, 121
Trd, 8639426.179, 104
Trd, 8639426.512, 93
Trd, 8639426.912, 134
Trd, 8639427.746, 135
Trd, 8639428.012, 137
Trd, 8639428.346, 120
Trd, 8639428.812, 130
Trd, 8639429.179, 125
Trd, 8639429.212, 113
Trd, 8639430.346, 132
Trd, 8639431.412, 122
Trd, 8639431.512, 114
Trd, 8639432.012, 105
Trd, 8639432.579, 138
Trd, 8639432.612, 118
Trd, 8639432.779, 104
Trd, 8639434.046, 114
Trd, 8639434.146, 78
Trd, 8639435.412, 111
Trd, 8639435.646, 107
Trd, 8639436.112, 108
Trd, 8639436.379, 132
Trd, 8639437.412, 134
Trd, 8639437.579, 126
Trd, 8639437.779, 122
Trd, 8639438.212, 121
Trd, 8639438.279, 107
Trd, 8639439.312, 125
Trd, 8639439.679, 119
Trd, 8639440.346, 118
Trd, 8639440.512, 103
Trd, 8639440.612, 124
Trd, 8639441.612, 78
Trd, 8639441.646, 80
Trd, 8639441.879, 74
Trd, 8639443.212, 126
Trd, 8639443.312, 114
Trd, 8639443.479, 132
Trd, 8639443.712, 112
Trd, 8639444.346, 130
Trd, 8639444.912, 91
Trd, 8639445.146, 100
Trd, 8639446.246, 78
Trd, 8639447.012, 60
Trd, 8639447.112, 94
Trd, 8639447.479, 84
Trd, 8639448.146, 74
Trd, 8639449.112, 95
Trd, 8639449.512, 97
Trd, 8639449.679, 89
Trd, 8639449.779, 94
Trd, 8639450.246, 106
Trd, 8639451.346, 130
Trd, 8639451.646, 129
Trd, 8639452.146, 74
Trd, 8639452.912, 99
Trd, 8639453.212, 99
Trd, 8639453.412, 128
Trd, 8639453.646, 96
Trd, 8639454.146, 108
Trd, 8639455.479, 124
Trd, 8639455.579, 127
Trd, 8639457.146, 118
Trd, 8639457.312, 108
Trd, 8639458.012, 105
Trd, 8639458.079, 116
Trd, 8639458.146, 100
Trd, 8639458.579, 84
Trd, 8639459.412, 138
Trd, 8639459.812, 116
Trd, 8639460.146, 108
Trd, 8639460.512, 91
Trd, 8639460.946, 140
Trd, 8639462.379, 132
Trd, 8639462.679, 98
Trd, 8639463.112, 93
Trd, 8639463.679, 92
Trd, 8639463.946, 124
Trd, 8639464.079, 98
Trd, 8639464.479, 87
Trd, 8639464.746, 112
Trd, 8639464.779, 103
Trd, 8639465.646, 83
Trd, 8639465.812, 73
Trd, 8639466.612, 116
Trd, 8639466.979, 60
Trd, 8639467.346, 82
Trd, 8639467.379, 127
Trd, 8639467.979, 89
Trd, 8639468.479, 123
Trd, 8639469.712, 116
Trd, 8639469.979, 87
Trd, 8639470.079, 79
Trd, 8639470.112, 75
Trd, 8639470.512, 77
Trd, 8639472.946, 132
Trd, 8639473.146, 129
Trd, 8639474.046, 132
Trd, 8639474.446, 128
Trd, 8639475.179, 125
Trd, 8639475.346, 140
Trd, 8639475.779, 122
Trd, 8639476.112, 120
Trd, 8639476.779, 130
Trd, 8639477.079, 109
Trd, 8639477.179, 126
Trd, 8639477.646, 132
Trd, 8639478.712, 114
Trd, 8639479.346, 110
Trd, 8639479.679, 108
Trd, 8639479.879, 91
Trd, 8639480.412, 117
Trd, 8639480.512, 88
Trd, 8639480.779, 119
Trd, 8639480.946, 101
Trd, 8639481.912, 92
Trd, 8639481.946, 76
Trd, 8639482.512, 82
Trd, 8639483.079, 124
Trd, 8639483.579, 110
Trd, 8639484.012, 111
Trd, 8639484.412, 95
Trd, 8639484.979, 128
Trd, 8639485.112, 111
Trd, 8639485.779, 127
Trd, 8639486.279, 71
Trd, 8639486.846, 124
Trd, 8639487.279, 119
Trd, 8639488.079, 121
Trd, 8639488.546, 101
Trd, 8639488.612, 91
Trd, 8639488.779, 92
Trd, 8639489.646, 120
Trd, 8639489.879, 116
Trd, 8639489.979, 89
Trd, 8639490.779, 80
Trd, 8639491.912, 137
Trd, 8639492.546, 130
Trd, 8639493.279, 124
Trd, 8639493.412, 123
Trd, 8639494.212, 137
Trd, 8639494.346, 115
Trd, 8639495.412, 112
Trd, 8639495.512, 114
Trd, 8639495.979, 115
Trd, 8639496.579, 113
Trd, 8639496.746, 111
Trd, 8639496.979, 121
Trd, 8639497.112, 101
Trd, 8639497.646, 105
Trd, 8639497.979, 99
Trd, 8639498.112, 132
Trd, 8639498.312, 95
Trd, 8639498.546, 105
Trd, 8639499.212, 98
Trd, 8639500.112, 91
Trd, 8639500.612, 83
Trd, 8639501.512, 120
Trd, 8639502.346, 136
Trd, 8639502.379, 139
Trd, 8639502.546, 119
Trd, 8639502.646, 112
Trd, 8639503.646, 132
Trd, 8639504.446, 132
Trd, 8639504.612, 127
Trd, 8639505.379, 120
Trd, 8639505.412, 97
Trd, 8639505.546, 129
Trd, 8639505.946, 105
Trd, 8639506.012, 119
Trd, 8639506.479, 75
Trd, 8639507.279, 122
Trd, 8639507.812, 79
Trd, 8639507.912, 93
Trd, 8639508.912, 64
Trd, 8639509.312, 90
Trd, 8639509.479, 69
Trd, 8639510.279, 85
Trd, 8639511.079, 98
Trd, 8639511.846, 138
Trd, 8639511.879, 95
Trd, 8639512.579, 123
Trd, 8639513.012, 118
Trd, 8639513.512, 118
Trd, 8639513.546, 109
Trd, 8639513.946, 121
Trd, 8639514.312, 114
Trd, 8639514.612, 139
Trd, 8639515.879, 110
Trd, 8639515.979, 87
Trd, 8639516.579, 134
Trd, 8639516.712, 127
Trd, 8639517.746, 100
Trd, 8639517.946, 96
Trd, 8639518.079, 105
Trd, 8639518.446, 129
Trd, 8639518.679, 133
Trd, 8639519.112, 138
Trd, 8639519.312, 132
Trd, 8639519.679, 97
Trd, 8639521.146, 134
Trd, 8639521.612, 125
Trd, 8639522.012, 111
Trd, 8639522.579, 101
Trd, 8639522.746, 77
Trd, 8639523.479, 121
Trd, 8639523.779, 135
Trd, 8639525.179, 136
Trd, 8639525.312, 133
Trd, 8639525.912, 127
Trd, 8639526.312, 116
Trd, 8639526.379, 89
Trd, 8639527.012, 82
Trd, 8639527.212, 71
Trd, 8639527.279, 85
Trd, 8639528.746, 81
Trd, 8639529.179, 95
Trd, 8639530.779, 82
Trd, 8639530.846, 130
Trd, 8639531.346, 87
Trd, 8639532.079, 92
Trd, 8639532.279, 81
Trd, 8639532.746, 83
Trd, 8639533.112, 133
Trd, 8639533.479, 107
Trd, 8639533.746, 113
Trd, 8639534.179, 129
Trd, 8639535.046, 96
Trd, 8639535.412, 108
Trd, 8639536.246, 97
Trd, 8639536.612, 126
Trd, 8639537.246, 134
Trd, 8639537.479, 125
Trd, 8639537.946, 136
Trd, 8639538.279, 109
Trd, 8639538.412, 92
Trd, 8639538.479, 78
Trd, 8639538.879, 73
Trd, 8639539.712, 125
Trd, 8639539.846, 111
Trd, 8639539.879, 111
Trd, 8639539.912, 94
Trd, 8639539.979, 78
Trd, 8639540.512, 95
Trd, 8639541.212, 67
Trd, 8639541.879, 105
Trd, 8639542.112, 85
Trd, 8639542.346, 89
Trd, 8639542.412, 66
Trd, 8639543.379, 88
Trd, 8639544.179, 137
Trd, 8639544.946, 132
Trd, 8639545.012, 108
Trd, 8639545.079, 111
Trd, 8639545.612, 138
Trd, 8639545.746, 112
Trd, 8639545.846, 107
Trd, 8639546.146, 112
Trd, 8639546.746, 129
Trd, 8639546.979, 93
Trd, 8639547.412, 108
Trd, 8639547.479, 134
Trd, 8639548.146, 112
Trd, 8639548.912, 125
Trd, 8639549.046, 110
Trd, 8639549.546, 106
Trd, 8639549.746, 97
Trd, 8639550.079, 132
Trd, 8639550.879, 88
Trd, 8639551.046, 125
Trd, 8639551.312, 114
Trd, 8639551.979, 86
Trd, 8639552.379, 97
Trd, 8639552.712, 71
Trd, 8639552.812, 70
Trd, 8639552.912, 92
Trd, 8639553.346, 81
Trd, 8639554.112, 139
Trd, 8639554.512, 97
Trd, 8639555.812, 80
Trd, 8639556.179, 94
Trd, 8639556.479, 79
Trd, 8639556.646, 71
Trd, 8639557.012, 73
Trd, 8639557.746, 87
Trd, 8639558.012, 97
Trd, 8639558.412, 133
Trd, 8639559.279, 140
Trd, 8639559.512, 140
Trd, 8639559.712, 124
Trd, 8639559.979, 115
Trd, 8639561.146, 119
Trd, 8639561.379, 119
Trd, 8639561.412, 107
Trd, 8639561.546, 107
Trd, 8639561.712, 127
Trd, 8639562.146, 136
Trd, 8639562.412, 129
Trd, 8639562.446, 68
Trd, 8639563.746, 118
Trd, 8639563.779, 89
Trd, 8639564.112, 95
Trd, 8639565.646, 116
Trd, 8639566.212, 76
Trd, 8639566.646, 97
Trd, 8639566.746, 112
Trd, 8639567.379, 107
Trd, 8639568.312, 102
Trd, 8639569.379, 114
Trd, 8639569.412, 99
Trd, 8639569.846, 98
Trd, 8639570.379, 129
Trd, 8639571.412, 128
Trd, 8639571.912, 135
Trd, 8639572.146, 139
Trd, 8639572.279, 120
Trd, 8639572.612, 123
Trd, 8639572.946, 136
Trd, 8639573.346, 94
Trd, 8639573.479, 92
Trd, 8639573.779, 133
Trd, 8639573.979, 130
Trd, 8639574.112, 129
Trd, 8639575.012, 97
Trd, 8639575.912, 94
Trd, 8639576.479, 92
Trd, 8639576.846, 96
Trd, 8639576.946, 83
Trd, 8639577.912, 88
Trd, 8639578.246, 72
Trd, 8639578.279, 83
Trd, 8639578.379, 78
Trd, 8639578.546, 106
Trd, 8639578.946, 113
Trd, 8639580.279, 121
Trd, 8639580.512, 138
Trd, 8639580.646, 86
Trd, 8639581.046, 86
Trd, 8639581.312, 104
Trd, 8639582.046, 122
Trd, 8639582.279, 100
Trd, 8639582.446, 95
Trd, 8639582.779, 111
Trd, 8639583.312, 130
Trd, 8639584.379, 95
Trd, 8639584.879, 97
Trd, 8639586.479, 120
Trd, 8639586.712, 109
Trd, 8639587.446, 125
Trd, 8639587.846, 135
Trd, 8639587.979, 134
Trd, 8639588.079, 122
Trd, 8639588.146, 111
Trd, 8639588.212, 102
Trd, 8639589.012, 124
Trd, 8639589.679, 71
Trd, 8639589.746, 74
Trd, 8639590.212, 68
Trd, 8639591.446, 122
Trd, 8639591.512, 134
Trd, 8639592.046, 100
Trd, 8639592.612, 99
Trd, 8639593.412, 140
Trd, 8639594.046, 136
Trd, 8639594.312, 122
Trd, 8639595.012, 135
Trd, 8639595.246, 122
Trd, 8639595.679, 121
Trd, 8639595.946, 130
Trd, 8639596.012, 123
Trd, 8639596.246, 108
Trd, 8639596.912, 132
Trd, 8639597.046, 115
Trd, 8639597.746, 114
Trd, 8639598.079, 111
Trd, 8639598.579, 109
Trd, 8639598.746, 99
Trd, 8639599.479, 113
Trd, 8639599.612, 105
Trd, 8639600.179, 127
Trd, 8639601.846, 135
Trd, 8639601.979, 129
Trd, 8639602.112, 125
Trd, 8639602.946, 122
Trd, 8639603.846, 124
Trd, 8639603.879, 115
Trd, 8639604.146, 102
Trd, 8639604.779, 106
Trd, 8639605.012, 97
Trd, 8639605.212, 114
Trd, 8639605.246, 85
Trd, 8639605.646, 73
Trd, 8639605.812, 136
Trd, 8639607.579, 111
Trd, 8639608.212, 70
Trd, 8639608.246, 75
Trd, 8639608.879, 129
Trd, 8639609.179, 102
Trd, 8639610.146, 131
Trd, 8639610.346, 109
Trd, 8639610.379, 89
Trd, 8639610.512, 79
Trd, 8639610.946, 97
Trd, 8639611.479, 107
Trd, 8639612.046, 126
Trd, 8639612.612, 123
Trd, 8639612.846, 91
Trd, 8639613.212, 70
Trd, 8639613.679, 69
Trd, 8639614.179, 99
Trd, 8639614.212, 91
Trd, 8639614.679, 128
Trd, 8639614.946, 89
Trd, 8639616.979, 111
Trd, 8639617.346, 100
Trd, 8639617.512, 93
Trd, 8639617.946, 107
Trd, 8639618.212, 126
Trd, 8639618.679, 125
Trd, 8639618.779, 78
Trd, 8639619.546, 101
Trd, 8639619.779, 89
Trd, 8639619.979, 140
Trd, 8639620.212, 130
Trd, 8639620.312, 111
Trd, 8639620.412, 96
Trd, 8639621.179, 112
Trd, 8639621.479, 136
Trd, 8639623.546, 114
Trd, 8639623.646, 101
Trd, 8639623.979, 134
Trd, 8639624.012, 114
Trd, 8639624.212, 132
Trd, 8639624.446, 128
Trd, 8639625.779, 134
Trd, 8639626.046, 114
Trd, 8639626.079, 100
Trd, 8639626.512, 81
Trd, 8639626.712, 135
Trd, 8639627.312, 117
Trd, 8639628.946, 135
Trd, 8639629.012, 110
Trd, 8639629.246, 109
Trd, 8639629.279, 100
Trd, 8639629.312, 87
Trd, 8639629.846, 102
Trd, 8639629.946, 65
Trd, 8639630.679, 137
Trd, 8639630.912, 138
Trd, 8639631.046, 138
Trd, 8639631.246, 137
Trd, 8639632.079, 85
Trd, 8639632.779, 93
Trd, 8639633.146, 120
Trd, 8639633.579, 87
Trd, 8639634.679, 124
Trd, 8639635.346, 129
Trd, 8639635.479, 123
Trd, 8639635.612, 114
Trd, 8639635.879, 111
Trd, 8639637.012, 95
Trd, 8639637.579, 122
Trd, 8639637.746, 67
Trd, 8639638.012, 123
Trd, 8639638.412, 122
Trd, 8639638.579, 115
Trd, 8639639.046, 115
Trd, 8639639.246, 90
Trd, 8639639.679, 107
Trd, 8639640.179, 102
Trd, 8639640.379, 108
Trd, 8639641.479, 121
Trd, 8639641.579, 117
Trd, 8639641.879, 114
Trd, 8639642.312, 106
Trd, 8639642.346, 105
Trd, 8639642.812, 102
Trd, 8639643.012, 98
Trd, 8639643.612, 115
Trd, 8639644.546, 137
Trd, 8639644.746, 132
Trd, 8639645.012, 132
Trd, 8639645.646, 116
Trd, 8639646.412, 140
Trd, 8639646.912, 131
Trd, 8639647.046, 127
Trd, 8639647.746, 127
Trd, 8639648.046, 107
Trd, 8639648.746, 97
Trd, 8639648.846, 96
Trd, 8639649.746, 109
Trd, 8639650.312, 113
Trd, 8639650.479, 120
Trd, 8639651.212, 118
Trd, 8639652.412, 129
Trd, 8639652.879, 101
Trd, 8639653.779, 140
Trd, 8639654.246, 109
Trd, 8639654.812, 95
Trd, 8639655.212, 99
Trd, 8639655.446, 111
Trd, 8639655.512, 88
Trd, 8639655.712, 80
Trd, 8639656.612, 95
Trd, 8639656.846, 99
Trd, 8639657.079, 97
Trd, 8639658.246, 133
Trd, 8639658.412, 115
Trd, 8639659.946, 134
Trd, 8639660.012, 133
Trd, 8639660.112, 129
Trd, 8639660.179, 117
Trd, 8639660.479, 109
Trd, 8639660.612, 88
Trd, 8639660.779, 83
Trd, 8639660.912, 72
Trd, 8639663.212, 131
Trd, 8639663.912, 130
Trd, 8639664.412, 96
Trd, 8639664.479, 90
Trd, 8639665.046, 97
Trd, 8639665.146, 96
Trd, 8639666.079, 112
Trd, 8639666.146, 97
Trd, 8639666.846, 135
Trd, 8639667.446, 128
Trd, 8639668.046, 101
Trd, 8639668.546, 94
Trd, 8639668.846, 103
Trd, 8639668.912, 119
Trd, 8639669.412, 92
Trd, 8639669.812, 95
Trd, 8639670.079, 111
Trd, 8639670.179, 101
Trd, 8639671.646, 79
Trd, 8639672.379, 72
Trd, 8639672.812, 92
Trd, 8639673.079, 91
Trd, 8639673.146, 74
Trd, 8639673.412, 94
Trd, 8639673.546, 112
Trd, 8639674.646, 86
Trd, 8639674.779, 108
Trd, 8639674.912, 80
Trd, 8639675.512, 138
Trd, 8639676.346, 130
Trd, 8639677.912, 111
Trd, 8639678.079, 110
Trd, 8639678.579, 128
Trd, 8639679.779, 124
Trd, 8639679.846, 127
Trd, 8639680.746, 134
Trd, 8639681.112, 125
Trd, 8639681.212, 118
Trd, 8639682.212, 137
Trd, 8639682.346, 92
Trd, 8639682.379, 88
Trd, 8639683.079, 124
Trd, 8639683.846, 100
Trd, 8639684.346, 112
Trd, 8639684.512, 111
Trd, 8639684.812, 110
Trd, 8639686.212, 123
Trd, 8639686.679, 130
Trd, 8639687.046, 110
Trd, 8639687.179, 95
Trd, 8639687.546, 107
Trd, 8639688.279, 121
Trd, 8639688.479, 95
Trd, 8639689.779, 104
Trd, 8639690.346, 85
Trd, 8639690.612, 94
Trd, 8639690.679, 107
Trd, 8639690.812, 137
Trd, 8639690.912, 110
Trd, 8639691.179, 107
Trd, 8639691.912, 126
Trd, 8639692.046, 98
Trd, 8639692.879, 70
Trd, 8639693.279, 104
Trd, 8639693.412, 128
Trd, 8639693.679, 128
Trd, 8639694.212, 67
Trd, 8639694.779, 82
Trd, 8639695.079, 84
Trd, 8639695.479, 83
Trd, 8639695.679, 97
Trd, 8639696.079, 126
Trd, 8639696.312, 130
Trd, 8639696.612, 102
Trd, 8639696.712, 101
Trd, 8639697.079, 96
Trd, 8639698.012, 105
Trd, 8639698.446, 120
Trd, 8639698.512, 125
Trd, 8639699.279, 132
Trd, 8639699.546, 113
Trd, 8639699.679, 105
Trd, 8639699.779, 130
Trd, 8639700.112, 83
Trd, 8639700.846, 134
Trd, 8639701.512, 138
Trd, 8639702.379, 60
Trd, 8639702.946, 109
Trd, 8639703.546, 100
Trd, 8639703.912, 83
Trd, 8639704.646, 139
Trd, 8639704.912, 115
Trd, 8639705.579, 127
Trd, 8639705.746, 112
Trd, 8639706.112, 73
Trd, 8639706.346, 101
Trd, 8639707.346, 95
Trd, 8639708.346, 133
Trd, 8639708.779, 139
Trd, 8639708.979, 130
Trd, 8639709.546, 111
Trd, 8639709.679, 125
Trd, 8639710.712, 133
Trd, 8639711.079, 130
Trd, 8639712.412, 123
Trd, 8639713.446, 128
Trd, 8639713.712, 128
Trd, 8639713.846, 115
Trd, 8639714.079, 112
Trd, 8639714.279, 106
Trd, 8639715.212, 119
Trd, 8639715.312, 126
Trd, 8639715.746, 104
Trd, 8639715.812, 120
Trd, 8639716.979, 132
Trd, 8639717.412, 126
Trd, 8639717.612, 125
Trd, 8639718.146, 122
Trd, 8639719.179, 119
Trd, 8639719.279, 117
Trd, 8639719.879, 103
Trd, 8639720.046, 110
Trd, 8639721.712, 131
Trd, 8639722.112, 127
Trd, 8639722.146, 123
Trd, 8639722.679, 115
Trd, 8639722.879, 114
Trd, 8639723.212, 117
Trd, 8639723.712, 95
Trd, 8639724.812, 108
Trd, 8639725.012, 114
Trd, 8639725.212, 110
Trd, 8639725.512, 100
Trd, 8639725.546, 126
Trd, 8639725.646, 92
Trd, 8639726.479, 84
Trd, 8639727.112, 75
Trd, 8639727.979, 87
Trd, 8639728.846, 132
Trd, 8639728.979, 109
Trd, 8639729.212, 110
Trd, 8639729.312, 94
Trd, 8639729.479, 134
Trd, 8639730.079, 96
Trd, 8639730.879, 119
Trd, 8639731.946, 135
Trd, 8639732.012, 119
Trd, 8639732.879, 122
Trd, 8639733.379, 134
Trd, 8639733.779, 107
Trd, 8639733.979, 124
Trd, 8639734.746, 96
Trd, 8639734.779, 122
Trd, 8639734.812, 126
Trd, 8639735.646, 95
Trd, 8639736.212, 114
Trd, 8639736.446, 103
Trd, 8639736.646, 102
Trd, 8639736.712, 121
Trd, 8639737.612, 75
Trd, 8639738.112, 110
Trd, 8639738.646, 73
Trd, 8639738.812, 113
Trd, 8639739.046, 64
Trd, 8639739.346, 65
Trd, 8639739.412, 70
Trd, 8639740.046, 131
Trd, 8639741.079, 129
Trd, 8639741.712, 127
Trd, 8639742.046, 97
Trd, 8639742.379, 85
Trd, 8639742.879, 128
Trd, 8639743.979, 102
Trd, 8639744.979, 110
Trd, 8639745.279, 109
Trd, 8639745.379, 109
Trd, 8639746.046, 125
Trd, 8639746.212, 107
Trd, 8639746.379, 103
Trd, 8639746.446, 93
Trd, 8639746.479, 76
Trd, 8639747.779, 93
Trd, 8639747.846, 86
Trd, 8639748.579, 69
Trd, 8639748.779, 93
Trd, 8639748.912, 75
Trd, 8639748.946, 129
Trd, 8639749.512, 60
Trd, 8639750.312, 119
Trd, 8639750.646, 106
Trd, 8639751.446, 128
Trd, 8639751.746, 119
Trd, 8639752.246, 105
Trd, 8639752.679, 91
Trd, 8639754.146, 137
Trd, 8639754.912, 134
Trd, 8639755.112, 124
Trd, 8639755.379, 117
Trd, 8639756.079, 128
Trd, 8639756.112, 108
Trd, 8639756.412, 114
Trd, 8639756.546, 70
Trd, 8639756.612, 67
Trd, 8639757.579, 71
Trd, 8639758.212, 105
Trd, 8639758.879, 90
Trd, 8639759.012, 108
Trd, 8639759.346, 70
Trd, 8639759.912, 116
Trd, 8639760.179, 93
Trd, 8639761.112, 113
Trd, 8639761.879, 116
Trd, 8639762.212, 106
Trd, 8639762.412, 81
Trd, 8639762.846, 140
Trd, 8639763.412, 109
Trd, 8639763.579, 96
Trd, 8639764.179, 112
Trd, 8639765.112, 82
Trd, 8639765.479, 117
Trd, 8639765.812, 118
Trd, 8639766.146, 111
Trd, 8639766.179, 130
Trd, 8639766.679, 106
Trd, 8639766.946, 96
Trd, 8639767.412, 121
Trd, 8639767.579, 131
Trd, 8639768.346, 106
Trd, 8639768.512, 98
Trd, 8639769.146, 122
Trd, 8639769.246, 103
Trd, 8639769.679, 140
Trd, 8639770.312, 116
Trd, 8639771.079, 140
Trd, 8639771.346, 93
Trd, 8639771.546, 109
Trd, 8639771.946, 116
Trd, 8639772.746, 99
Trd, 8639773.012, 101
Trd, 8639773.312, 115
Trd, 8639773.379, 95
Trd, 8639774.079, 61
Trd, 8639774.479, 68
Trd, 8639775.379, 140
Trd, 8639775.779, 139
Trd, 8639776.446, 132
Trd, 8639776.546, 125
Trd, 8639776.579, 122
Trd, 8639776.679, 117
Trd, 8639777.912, 73
Trd, 8639778.346, 81
Trd, 8639778.412, 92
Trd, 8639778.512, 94
Trd, 8639779.046, 75
Trd, 8639779.546, 124
Trd, 8639780.612, 105
Trd, 8639781.412, 117
Trd, 8639781.546, 99
Trd, 8639781.746, 102
Trd, 8639781.912, 102
Trd, 8639782.579, 99
Trd, 8639783.046, 98
Trd, 8639783.146, 88
Trd, 8639783.346, 86
Trd, 8639783.646, 140
Trd, 8639783.879, 138
Trd, 8639784.246, 85
Trd, 8639784.846, 132
Trd, 8639785.179, 89
Trd, 8639785.712, 113
Trd, 8639786.446, 133
Trd, 8639787.079, 110
Trd, 8639787.446, 102
Trd, 8639787.746, 99
Trd, 8639789.279, 128
Trd, 8639789.912, 104
Trd, 8639789.946, 102
Trd, 8639790.379, 103
Trd, 8639791.579, 133
Trd, 8639791.746, 118
Trd, 8639791.846, 102
Trd, 8639791.912, 100
Trd, 8639792.112, 113
Trd, 8639792.146, 107
Trd, 8639792.579, 79
Trd, 8639792.712, 96
Trd, 8639793.412, 131
Trd, 8639794.212, 122
Trd, 8639794.446, 113
Trd, 8639794.946, 99
Trd, 8639795.012, 92
Trd, 8639795.179, 89
Trd, 8639795.212, 81
Trd, 8639795.446, 132
Trd, 8639796.912, 140
Trd, 8639796.946, 126
Trd, 8639797.146, 121
Trd, 8639798.179, 137
Trd, 8639798.946, 136
Trd, 8639799.046, 135
Trd, 8639799.612, 140
Trd, 8639800.112, 118
Trd, 8639800.612, 139
Trd, 8639801.046, 115
Trd, 8639801.446, 110
Trd, 8639801.946, 105
Trd, 8639802.079, 122
Trd, 8639802.146, 90
Trd, 8639802.346, 78
Trd, 8639803.612, 122
Trd, 8639804.146, 131
Trd, 8639805.212, 105
Trd, 8639806.846, 129
Trd, 8639807.079, 126
Trd, 8639807.612, 136
Trd, 8639807.679, 111
Trd, 8639807.979, 124
Trd, 8639808.979, 137
Trd, 8639809.212, 136
Trd, 8639809.346, 112
Trd, 8639809.479, 109
Trd, 8639810.046, 108
Trd, 8639810.079, 96
Trd, 8639810.246, 79
Trd, 8639810.346, 86
Trd, 8639810.946, 64
Trd, 8639811.412, 71
Trd, 8639812.212, 61
Trd, 8639812.446, 71
Trd, 8639812.946, 92
Trd, 8639814.812, 140
Trd, 8639814.879, 122
Trd, 8639814.979, 128
Trd, 8639815.046, 83
Trd, 8639815.512, 79
Trd, 8639816.112, 88
Trd, 8639816.512, 109
Trd, 8639816.846, 134
Trd, 8639817.612, 60
Trd, 8639819.212, 126
Trd, 8639819.546, 123
Trd, 8639819.812, 122
Trd, 8639819.846, 120
Trd, 8639820.246, 132
Trd, 8639820.279, 112
Trd, 8639820.379, 111
Trd, 8639820.746, 77
Trd, 8639821.179, 117
Trd, 8639822.079, 119
Trd, 8639822.312, 113
Trd, 8639822.446, 100
Trd, 8639823.679, 135
Trd, 8639824.279, 131
Trd, 8639824.579, 119
Trd, 8639824.846, 120
Trd, 8639825.179, 109
Trd, 8639825.412, 107
Trd, 8639826.046, 100
Trd, 8639826.312, 121
Trd, 8639826.646, 95
Trd, 8639827.579, 96
Trd, 8639827.679, 116
Trd, 8639828.246, 131
Trd, 8639828.912, 100
Trd, 8639829.646, 112
Trd, 8639830.212, 118
Trd, 8639830.246, 98
Trd, 8639830.512, 94
Trd, 8639830.779, 131
Trd, 8639831.646, 124
Trd, 8639832.112, 104
Trd, 8639832.179, 105
Trd, 8639832.446, 124
Trd, 8639832.646, 83
Trd, 8639832.979, 89
Trd, 8639834.179, 132
Trd, 8639835.379, 113
Trd, 8639835.812, 106
Trd, 8639836.546, 106
Trd, 8639837.046, 126
Trd, 8639837.246, 134
Trd, 8639837.312, 120
Trd, 8639837.479, 130
Trd, 8639837.746, 117
Trd, 8639837.946, 119
Trd, 8639837.979, 117
Trd, 8639838.079, 97
Trd, 8639838.812, 89
Trd, 8639839.279, 112
Trd, 8639840.212, 118
Trd, 8639840.879, 108
Trd, 8639841.079, 84
Trd, 8639841.146, 93
Trd, 8639841.746, 99
Trd, 8639842.212, 111
Trd, 8639843.846, 132
Trd, 8639844.412, 113
Trd, 8639844.579, 108
Trd, 8639844.612, 101
Trd, 8639845.079, 100
Trd, 8639845.146, 117
Trd, 8639846.979, 130
Trd, 8639847.879, 122
Trd, 8639848.146, 126
Trd, 8639848.279, 106
Trd, 8639849.546, 137
Trd, 8639849.879, 121
Trd, 8639849.979, 108
Trd, 8639850.279, 134
Trd, 8639850.746, 109
Trd, 8639850.879, 130
Trd, 8639850.946, 107
Trd, 8639851.612, 60
Trd, 8639852.712, 138
Trd, 8639852.946, 118
Trd, 8639853.279, 78
Trd, 8639853.546, 83
Trd, 8639853.579, 82
Trd, 8639853.779, 79
Trd, 8639854.912, 115
Trd, 8639855.046, 113
Trd, 8639855.112, 109
Trd, 8639856.312, 106
Trd, 8639856.679, 116
Trd, 8639856.979, 86
Trd, 8639857.546, 94
Trd, 8639858.112, 92
Trd, 8639859.179, 86
Trd, 8639860.246, 129
Trd, 8639860.612, 132
Trd, 8639860.712, 130
Trd, 8639861.379, 136
Trd, 8639861.446, 120
Trd, 8639862.046, 121
Trd, 8639862.546, 88
Trd, 8639862.712, 87
Trd, 8639862.879, 84
Trd, 8639863.312, 112
Trd, 8639864.046, 71
Trd, 8639864.079, 64
Trd, 8639865.279, 61
Trd, 8639865.446, 98
Trd, 8639866.179, 136
Trd, 8639866.879, 135
Trd, 8639867.712, 85
Trd, 8639868.046, 88
Trd, 8639868.079, 68
Trd, 8639868.412, 91
Trd, 8639869.346, 116
Trd, 8639869.746, 126
Trd, 8639870.179, 102
Trd, 8639870.646, 121
Trd, 8639870.812, 110
Trd, 8639871.346, 110
Trd, 8639871.779, 114
Trd, 8639872.812, 74
Trd, 8639873.079, 71
Trd, 8639873.412, 103
Trd, 8639874.212, 82
Trd, 8639874.479, 70
Trd, 8639875.179, 98
Trd, 8639875.479, 94
Trd, 8639875.646, 102
Trd, 8639875.679, 115
Trd, 8639877.012, 138
Trd, 8639877.112, 138
Trd, 8639877.146, 90
Trd, 8639877.546, 78
Trd, 8639878.812, 105
Trd, 8639878.979, 98
Trd, 8639879.112, 100
Trd, 8639879.812, 133
Trd, 8639880.212, 98
Trd, 8639880.579, 119
Trd, 8639881.146, 96
Trd, 8639881.946, 112
Trd, 8639882.179, 118
Trd, 8639882.412, 118
Trd, 8639882.546, 117
Trd, 8639882.846, 94
Trd, 8639883.079, 93
Trd, 8639884.179, 122
Trd, 8639884.912, 97
Trd, 8639885.312, 86
Trd, 8639885.746, 111
Trd, 8639886.579, 122
Trd, 8639886.779, 117
Trd, 8639887.012, 121
Trd, 8639887.279, 135
Trd, 8639887.579, 125
Trd, 8639887.812, 116
Trd, 8639888.012, 130
Trd, 8639888.846, 119
Trd, 8639889.346, 104
Trd, 8639889.546, 92
Trd, 8639889.646, 89
Trd, 8639889.846, 115
Trd, 8639890.012, 131
Trd, 8639891.712, 94
Trd, 8639892.512, 87
Trd, 8639893.279, 109
Trd, 8639893.346, 103
Trd, 8639894.146, 88
Trd, 8639894.546, 82
Trd, 8639895.312, 106
Trd, 8639895.646, 96
Trd, 8639896.079, 109
Trd, 8639896.179, 103
Trd, 8639896.579, 93
Trd, 8639897.512, 78
Trd, 8639897.546, 79
Trd, 8639898.312, 108
Trd, 8639899.346, 129
Trd, 8639899.812, 128
Trd, 8639899.846, 103
Trd, 8639900.146, 63
Trd, 8639900.546, 73
Trd, 8639900.779, 124
Trd, 8639900.946, 72
Trd, 8639901.679, 97
Trd, 8639902.312, 70
Trd, 8639902.712, 80
Trd, 8639904.179, 69
Trd, 8639904.912, 126
Trd, 8639905.112, 115
Trd, 8639905.746, 121
Trd, 8639906.079, 139
Trd, 8639906.346, 113
Trd, 8639906.579, 107
Trd, 8639907.512, 105
Trd, 8639908.079, 139
Trd, 8639908.712, 139
Trd, 8639908.879, 101
Trd, 8639909.179, 94
Trd, 8639909.446, 119
Trd, 8639910.579, 104
Trd, 8639911.046, 107
Trd, 8639911.179, 112
Trd, 8639911.312, 95
Trd, 8639911.646, 92
Trd, 8639911.746, 91
Trd, 8639912.146, 94
Trd, 8639912.346, 119
Trd, 8639913.146, 87
Trd, 8639913.346, 125
Trd, 8639914.146, 119
Trd, 8639914.312, 98
Trd, 8639914.579, 95
Trd, 8639915.112, 81
Trd, 8639916.412, 138
Trd, 8639916.946, 95
Trd, 8639916.979, 93
Trd, 8639918.179, 137
Trd, 8639918.912, 104
Trd, 8639919.312, 133
Trd, 8639919.412, 105
Trd, 8639919.779, 97
Trd, 8639919.846, 89
Trd, 8639920.179, 79
Trd, 8639920.279, 120
Trd, 8639920.446, 93
Trd, 8639920.579, 78
Trd, 8639922.279, 108
Trd, 8639923.746, 136
Trd, 8639924.079, 121
Trd, 8639924.146, 114
Trd, 8639924.179, 97
Trd, 8639925.912, 125
Trd, 8639926.446, 132
Trd, 8639926.512, 122
Trd, 8639926.746, 109
Trd, 8639926.779, 94
Trd, 8639927.179, 86
Trd, 8639927.779, 103
Trd, 8639927.912, 102
Trd, 8639928.746, 131
Trd, 8639929.179, 131
Trd, 8639929.379, 115
Trd, 8639929.812, 106
Trd, 8639930.246, 106
Trd, 8639930.479, 91
Trd, 8639930.512, 83
Trd, 8639931.579, 65
Trd, 8639931.612, 79
Trd, 8639932.779, 95
Trd, 8639933.112, 131
Trd, 8639933.612, 139
Trd, 8639933.746, 123
Trd, 8639934.179, 112
Trd, 8639934.312, 95
Trd, 8639934.712, 88
Trd, 8639934.979, 80
Trd, 8639935.146, 82
Trd, 8639935.346, 109
Trd, 8639936.279, 103
Trd, 8639936.879, 102
Trd, 8639937.179, 135
Trd, 8639938.012, 106
Trd, 8639938.279, 76
Trd, 8639938.612, 123
Trd, 8639939.079, 110
Trd, 8639939.179, 107
Trd, 8639940.046, 137
Trd, 8639940.512, 96
Trd, 8639941.379, 96
Trd, 8639942.412, 105
Trd, 8639942.446, 87
Trd, 8639942.479, 75
Trd, 8639942.579, 116
Trd, 8639942.646, 66
Trd, 8639943.346, 61
Trd, 8639943.546, 83
Trd, 8639944.412, 127
Trd, 8639945.579, 94
Trd, 8639945.912, 100
Trd, 8639946.812, 112
Trd, 8639947.012, 111
Trd, 8639947.179, 101
Trd, 8639947.712, 77
Trd, 8639947.812, 100
Trd, 8639948.779, 121
Trd, 8639948.912, 103
Trd, 8639949.679, 103
Trd, 8639950.979, 71
Trd, 8639951.312, 93
Trd, 8639951.879, 77
Trd, 8639952.312, 140
Trd, 8639952.779, 114
Trd, 8639952.946, 133
Trd, 8639954.312, 89
Trd, 8639954.512, 136
Trd, 8639954.846, 122
Trd, 8639954.912, 121
Trd, 8639955.346, 79
Trd, 8639955.546, 95
Trd, 8639955.646, 97
Trd, 8639956.246, 125
Trd, 8639956.412, 124
Trd, 8639956.746, 119
Trd, 8639957.379, 88
Trd, 8639957.679, 78
Trd, 8639958.546, 76
Trd, 8639959.079, 108
Trd, 8639959.212, 106
Trd, 8639959.279, 89
Trd, 8639959.779, 88
Trd, 8639960.746, 83
Trd, 8639961.346, 97
Trd, 8639961.846, 73
Trd, 8639962.846, 133
Trd, 8639963.379, 118
Trd, 8639963.912, 130
Trd, 8639964.079, 106
Trd, 8639964.479, 104
Trd, 8639964.512, 103
Trd, 8639964.646, 94
Trd, 8639965.279, 80
Trd, 8639965.546, 63
Trd, 8639966.179, 117
Trd, 8639966.946, 136
Trd, 8639967.479, 131
Trd, 8639967.779, 108
Trd, 8639967.879, 76
Trd, 8639968.279, 66
Trd, 8639968.879, 61
Trd, 8639969.279, 68
Trd, 8639969.546, 112
Trd, 8639970.246, 133
Trd, 8639971.512, 128
Trd, 8639973.146, 104
Trd, 8639973.479, 105
Trd, 8639973.812, 124
Trd, 8639974.512, 135
Trd, 8639975.179, 121
Trd, 8639975.446, 118
Trd, 8639976.579, 98
Trd, 8639976.812, 101
Trd, 8639977.079, 111
Trd, 8639977.312, 118
Trd, 8639977.379, 78
Trd, 8639977.512, 67
Trd, 8639977.946, 84
Trd, 8639978.479, 88
Trd, 8639978.612, 93
Trd, 8639978.712, 102
Trd, 8639979.679, 68
Trd, 8639979.846, 80
Trd, 8639980.246, 73
Trd, 8639981.012, 133
Trd, 8639981.212, 91
Trd, 8639981.479, 86
Trd, 8639981.879, 108
Trd, 8639982.079, 93
Trd, 8639983.079, 82
Trd, 8639984.046, 81
Trd, 8639984.546, 80
Trd, 8639984.712, 60
Trd, 8639985.212, 98
Trd, 8639985.246, 76
Trd, 8639985.279, 102
Trd, 8639985.746, 112
Trd, 8639986.212, 135
Trd, 8639986.346, 84
Trd, 8639986.712, 82
Trd, 8639988.612, 128
Trd, 8639989.646, 121
Trd, 8639989.946, 119
Trd, 8639990.412, 136
Trd, 8639990.879, 123
Trd, 8639991.479, 137
Trd, 8639991.546, 112
Trd, 8639992.179, 105
Trd, 8639992.212, 104
Trd, 8639992.412, 68
Trd, 8639992.512, 67
Trd, 8639993.579, 110
Trd, 8639994.012, 137
Trd, 8639994.412, 106
Trd, 8639995.012, 99
Trd, 8639995.246, 91
Trd, 8639995.546, 97
Trd, 8639996.746, 134
Trd, 8639997.279, 78
Trd, 8639997.812, 65
Trd, 8639997.879, 78
Trd, 8639998.179, 95
Trd, 8639998.779, 121
Trd, 8639999.346, 92
Trd, 8639999.579, 120
