Trd, 8638760.046, 78
Trd, 8638760.312, 72
Trd, 8638760.679, 72
Trd, 8638761.646, 79
Trd, 8638761.812, 89
Trd, 8638762.212, 81
Trd, 8638762.612, 96
Trd, 8638762.679, 138
Trd, 8638763.779, 94
Trd, 8638764.212, 79
Trd, 8638764.512, 90
Trd, 8638764.546, 78
Trd, 8638764.679, 79
Trd, 8638764.712, 109
Trd, 8638764.979, 131
Trd, 8638765.946, 140
Trd, 8638767.612, 140
Trd, 8638768.246, 140
Trd, 8638768.379, 140
Trd, 8638768.512, 140
Trd, 8638768.846, 129
Trd, 8638769.046, 122
Trd, 8638769.679, 122
Trd, 8638770.479, 136
Trd, 8638771.412, 117
Trd, 8638772.112, 137
Trd, 8638772.512, 140
Trd, 8638772.546, 135
Trd, 8638773.012, 140
Trd, 8638773.246, 140
Trd, 8638773.679, 140
Trd, 8638774.312, 118
Trd, 8638774.779, 120
Trd, 8638774.812, 119
Trd, 8638774.912, 113
Trd, 8638775.379, 137
Trd, 8638776.212, 135
Trd, 8638776.246, 129
Trd, 8638776.679, 110
Trd, 8638777.712, 138
Trd, 8638777.979, 134
Trd, 8638778.846, 139
Trd, 8638779.646, 135
Trd, 8638779.712, 134
Trd, 8638780.146, 140
Trd, 8638780.646, 133
Trd, 8638781.646, 133
Trd, 8638781.846, 92
Trd, 8638782.046, 61
Trd, 8638782.412, 61
Trd, 8638783.279, 60
Trd, 8638783.379, 60
Trd, 8638784.046, 68
Trd, 8638784.379, 67
Trd, 8638784.646, 68
Trd, 8638784.979, 70
Trd, 8638785.179, 65
Trd, 8638786.012, 70
Trd, 8638786.346, 79
Trd, 8638787.546, 71
Trd, 8638787.646, 82
Trd, 8638788.012, 70
Trd, 8638788.812, 84
Trd, 8638789.179, 74
Trd, 8638789.379, 101
Trd, 8638789.646, 80
Trd, 8638789.679, 73
Trd, 8638790.412, 102
Trd, 8638791.012, 79
Trd, 8638791.379, 110
Trd, 8638791.479, 80
Trd, 8638791.779, 78
Trd, 8638792.046, 93
Trd, 8638792.412, 127
Trd, 8638793.579, 130
Trd, 8638794.246, 140
Trd, 8638794.512, 140
Trd, 8638795.146, 140
Trd, 8638795.512, 140
Trd, 8638795.546, 128
Trd, 8638795.946, 138
Trd, 8638796.546, 140
Trd, 8638797.579, 140
Trd, 8638797.879, 140
Trd, 8638799.146, 140
Trd, 8638799.312, 140
Trd, 8638799.946, 124
Trd, 8638800.846, 123
Trd, 8638800.979, 122
Trd, 8638802.012, 132
Trd, 8638802.379, 131
Trd, 8638802.746, 131
Trd, 8638803.312, 130
Trd, 8638803.679, 132
Trd, 8638803.812, 119
Trd, 8638805.546, 140
Trd, 8638805.812, 140
Trd, 8638806.512, 140
Trd, 8638807.312, 140
Trd, 8638807.612, 140
Trd, 8638808.679, 140
Trd, 8638808.846, 139
Trd, 8638809.112, 139
Trd, 8638810.079, 137
Trd, 8638810.446, 138
Trd, 8638811.079, 139
Trd, 8638811.112, 129
Trd, 8638812.179, 130
Trd, 8638812.379, 129
Trd, 8638812.979, 129
Trd, 8638813.012, 111
Trd, 8638813.179, 104
Trd, 8638813.346, 134
Trd, 8638813.679, 139
Trd, 8638813.946, 66
Trd, 8638814.012, 139
Trd, 8638815.279, 61
Trd, 8638815.546, 67
Trd, 8638816.346, 127
Trd, 8638816.779, 62
Trd, 8638817.312, 63
Trd, 8638818.479, 83
Trd, 8638818.779, 84
Trd, 8638819.412, 94
Trd, 8638819.479, 94
Trd, 8638819.979, 81
Trd, 8638820.379, 115
Trd, 8638820.512, 139
Trd, 8638820.979, 135
Trd, 8638821.879, 124
Trd, 8638822.412, 128
Trd, 8638823.079, 136
Trd, 8638823.312, 125
Trd, 8638823.779, 125
Trd, 8638823.979, 123
Trd, 8638824.312, 118
Trd, 8638824.846, 128
Trd, 8638825.579, 86
Trd, 8638826.312, 140
Trd, 8638826.512, 140
Trd, 8638827.112, 140
Trd, 8638827.479, 140
Trd, 8638827.946, 139
Trd, 8638828.079, 139
Trd, 8638829.112, 139
Trd, 8638829.279, 133
Trd, 8638829.546, 102
Trd, 8638830.112, 136
Trd, 8638830.212, 95
Trd, 8638830.312, 94
Trd, 8638831.746, 122
Trd, 8638831.912, 120
Trd, 8638832.346, 137
Trd, 8638832.612, 136
Trd, 8638832.746, 124
Trd, 8638832.812, 97
Trd, 8638833.446, 113
Trd, 8638833.812, 117
Trd, 8638834.212, 113
Trd, 8638836.579, 135
Trd, 8638836.946, 140
Trd, 8638837.212, 135
Trd, 8638837.279, 134
Trd, 8638837.479, 133
Trd, 8638837.679, 138
Trd, 8638837.979, 130
Trd, 8638838.079, 129
Trd, 8638838.946, 138
Trd, 8638839.146, 136
Trd, 8638839.712, 123
Trd, 8638839.846, 139
Trd, 8638840.646, 136
Trd, 8638840.812, 114
Trd, 8638841.079, 97
Trd, 8638842.612, 103
Trd, 8638843.079, 102
Trd, 8638844.046, 140
Trd, 8638844.346, 140
Trd, 8638845.446, 138
Trd, 8638845.479, 137
Trd, 8638845.746, 136
Trd, 8638845.779, 131
Trd, 8638845.979, 65
Trd, 8638846.179, 76
Trd, 8638847.246, 132
Trd, 8638848.312, 105
Trd, 8638849.179, 140
Trd, 8638849.412, 140
Trd, 8638849.612, 140
Trd, 8638850.912, 139
Trd, 8638851.379, 140
Trd, 8638851.746, 140
Trd, 8638851.812, 133
Trd, 8638851.912, 126
Trd, 8638852.679, 131
Trd, 8638853.179, 126
Trd, 8638853.412, 139
Trd, 8638853.812, 117
Trd, 8638855.479, 140
Trd, 8638855.646, 140
Trd, 8638857.079, 140
Trd, 8638857.312, 136
Trd, 8638857.446, 138
Trd, 8638857.712, 127
Trd, 8638858.579, 140
Trd, 8638858.612, 95
Trd, 8638859.779, 78
Trd, 8638860.179, 94
Trd, 8638861.546, 139
Trd, 8638861.912, 139
Trd, 8638862.346, 123
Trd, 8638862.379, 122
Trd, 8638863.046, 117
Trd, 8638864.512, 137
Trd, 8638864.779, 132
Trd, 8638864.846, 131
Trd, 8638865.146, 131
Trd, 8638865.546, 138
Trd, 8638865.979, 129
Trd, 8638866.146, 130
Trd, 8638866.446, 128
Trd, 8638868.446, 138
Trd, 8638868.679, 138
Trd, 8638868.946, 138
Trd, 8638869.012, 136
Trd, 8638869.579, 138
Trd, 8638869.612, 94
Trd, 8638870.346, 123
Trd, 8638870.912, 116
Trd, 8638871.312, 97
Trd, 8638872.079, 138
Trd, 8638872.412, 114
Trd, 8638872.446, 89
Trd, 8638873.812, 140
Trd, 8638874.079, 140
Trd, 8638874.346, 140
Trd, 8638875.312, 125
Trd, 8638875.746, 135
Trd, 8638876.146, 135
Trd, 8638876.779, 124
Trd, 8638877.012, 124
Trd, 8638877.912, 126
Trd, 8638878.979, 138
Trd, 8638879.779, 140
Trd, 8638880.546, 140
Trd, 8638880.679, 140
Trd, 8638881.812, 140
Trd, 8638881.846, 140
Trd, 8638882.746, 140
Trd, 8638882.912, 140
Trd, 8638882.946, 140
Trd, 8638883.979, 135
Trd, 8638884.546, 139
Trd, 8638884.579, 138
Trd, 8638884.879, 118
Trd, 8638885.546, 140
Trd, 8638885.812, 132
Trd, 8638886.546, 132
Trd, 8638886.879, 132
Trd, 8638887.479, 97
Trd, 8638888.379, 97
Trd, 8638888.946, 103
Trd, 8638889.512, 97
Trd, 8638889.546, 96
Trd, 8638889.779, 131
Trd, 8638890.079, 87
Trd, 8638890.579, 85
Trd, 8638890.912, 83
Trd, 8638891.412, 94
Trd, 8638891.512, 132
Trd, 8638892.012, 128
Trd, 8638892.079, 127
Trd, 8638892.779, 129
Trd, 8638893.146, 71
Trd, 8638894.079, 140
Trd, 8638894.512, 140
Trd, 8638895.812, 140
Trd, 8638896.046, 140
Trd, 8638896.246, 138
Trd, 8638896.579, 140
Trd, 8638897.146, 118
Trd, 8638897.446, 117
Trd, 8638897.646, 134
Trd, 8638897.779, 133
Trd, 8638897.879, 98
Trd, 8638898.879, 140
Trd, 8638899.179, 101
Trd, 8638900.246, 140
Trd, 8638900.946, 138
Trd, 8638901.212, 137
Trd, 8638901.346, 126
Trd, 8638902.112, 127
Trd, 8638902.812, 140
Trd, 8638902.946, 140
Trd, 8638903.012, 132
Trd, 8638903.546, 121
Trd, 8638903.712, 139
Trd, 8638904.646, 134
Trd, 8638905.146, 139
Trd, 8638905.746, 87
Trd, 8638906.912, 139
Trd, 8638907.046, 139
Trd, 8638907.346, 139
Trd, 8638907.646, 139
Trd, 8638907.746, 135
Trd, 8638908.179, 140
Trd, 8638908.212, 129
Trd, 8638909.646, 89
Trd, 8638909.712, 80
Trd, 8638910.046, 90
Trd, 8638910.179, 91
Trd, 8638910.446, 88
Trd, 8638911.279, 138
Trd, 8638911.379, 127
Trd, 8638911.412, 81
Trd, 8638912.346, 127
Trd, 8638912.979, 119
Trd, 8638913.346, 90
Trd, 8638914.046, 126
Trd, 8638914.346, 140
Trd, 8638914.579, 107
Trd, 8638915.179, 86
Trd, 8638915.879, 86
Trd, 8638916.079, 108
Trd, 8638916.412, 100
Trd, 8638916.846, 101
Trd, 8638916.879, 100
Trd, 8638918.479, 140
Trd, 8638918.646, 139
Trd, 8638918.712, 112
Trd, 8638919.212, 91
Trd, 8638919.412, 107
Trd, 8638920.146, 108
Trd, 8638920.446, 80
Trd, 8638920.579, 139
Trd, 8638920.946, 82
Trd, 8638922.412, 86
Trd, 8638922.746, 100
Trd, 8638922.946, 139
Trd, 8638923.246, 132
Trd, 8638923.379, 87
Trd, 8638923.446, 86
Trd, 8638925.079, 117
Trd, 8638925.279, 95
Trd, 8638926.046, 137
Trd, 8638926.312, 136
Trd, 8638926.746, 101
Trd, 8638927.379, 139
Trd, 8638927.712, 140
Trd, 8638928.846, 139
Trd, 8638929.079, 140
Trd, 8638929.346, 136
Trd, 8638929.912, 140
Trd, 8638930.112, 127
Trd, 8638930.279, 125
Trd, 8638930.679, 126
Trd, 8638931.312, 137
Trd, 8638932.012, 139
Trd, 8638932.146, 129
Trd, 8638932.412, 132
Trd, 8638933.279, 124
Trd, 8638933.846, 134
Trd, 8638933.912, 122
Trd, 8638934.246, 119
Trd, 8638935.512, 139
Trd, 8638936.412, 130
Trd, 8638936.612, 119
Trd, 8638937.279, 114
Trd, 8638937.646, 105
Trd, 8638937.812, 100
Trd, 8638939.546, 134
Trd, 8638939.612, 133
Trd, 8638939.679, 133
Trd, 8638939.846, 132
Trd, 8638940.712, 126
Trd, 8638941.079, 98
Trd, 8638941.912, 139
Trd, 8638942.046, 139
Trd, 8638942.179, 131
Trd, 8638942.312, 129
Trd, 8638942.512, 113
Trd, 8638943.179, 112
Trd, 8638943.446, 137
Trd, 8638943.646, 135
Trd, 8638943.779, 134
Trd, 8638943.946, 124
Trd, 8638944.612, 68
Trd, 8638945.279, 92
Trd, 8638945.879, 75
Trd, 8638947.446, 124
Trd, 8638947.512, 86
Trd, 8638947.846, 61
Trd, 8638948.112, 77
Trd, 8638948.346, 79
Trd, 8638948.879, 103
Trd, 8638949.646, 69
Trd, 8638949.879, 70
Trd, 8638950.312, 71
Trd, 8638950.479, 77
Trd, 8638951.212, 70
Trd, 8638951.246, 72
Trd, 8638951.412, 97
Trd, 8638951.879, 117
Trd, 8638952.446, 75
Trd, 8638952.779, 84
Trd, 8638953.146, 83
Trd, 8638954.912, 81
Trd, 8638955.579, 100
Trd, 8638956.012, 101
Trd, 8638956.212, 79
Trd, 8638956.246, 76
Trd, 8638956.679, 140
Trd, 8638957.312, 132
Trd, 8638957.512, 131
Trd, 8638957.579, 98
Trd, 8638958.312, 140
Trd, 8638958.379, 140
Trd, 8638958.712, 140
Trd, 8638958.846, 66
Trd, 8638959.446, 70
Trd, 8638959.479, 70
Trd, 8638959.912, 140
Trd, 8638961.079, 113
Trd, 8638961.646, 131
Trd, 8638962.379, 136
Trd, 8638962.579, 135
Trd, 8638963.812, 110
Trd, 8638964.846, 140
Trd, 8638965.046, 140
Trd, 8638965.279, 140
Trd, 8638965.346, 139
Trd, 8638965.612, 138
Trd, 8638965.946, 129
Trd, 8638966.246, 139
Trd, 8638966.312, 88
Trd, 8638966.646, 85
Trd, 8638967.546, 136
Trd, 8638967.812, 135
Trd, 8638968.479, 135
Trd, 8638969.746, 140
Trd, 8638970.812, 126
Trd, 8638971.146, 139
Trd, 8638972.179, 139
Trd, 8638972.446, 137
Trd, 8638972.679, 137
Trd, 8638973.046, 86
Trd, 8638973.512, 135
Trd, 8638973.946, 138
Trd, 8638974.812, 138
Trd, 8638974.979, 126
Trd, 8638975.179, 121
Trd, 8638975.712, 120
Trd, 8638976.479, 96
Trd, 8638976.512, 95
Trd, 8638976.579, 128
Trd, 8638977.146, 127
Trd, 8638977.979, 117
Trd, 8638978.346, 76
Trd, 8638978.512, 65
Trd, 8638978.712, 64
Trd, 8638979.079, 75
Trd, 8638979.179, 81
Trd, 8638980.179, 62
Trd, 8638980.712, 92
Trd, 8638980.846, 117
Trd, 8638982.379, 110
Trd, 8638982.412, 109
Trd, 8638982.479, 108
Trd, 8638983.346, 63
Trd, 8638983.679, 64
Trd, 8638984.646, 64
Trd, 8638985.379, 60
Trd, 8638985.612, 60
Trd, 8638985.879, 60
Trd, 8638986.079, 64
Trd, 8638986.512, 63
Trd, 8638986.579, 84
Trd, 8638987.579, 140
Trd, 8638988.312, 140
Trd, 8638988.346, 140
Trd, 8638989.246, 139
Trd, 8638990.279, 140
Trd, 8638990.379, 139
Trd, 8638990.412, 128
Trd, 8638991.246, 140
Trd, 8638991.412, 139
Trd, 8638992.079, 140
Trd, 8638992.179, 140
Trd, 8638992.212, 135
Trd, 8638992.246, 129
Trd, 8638992.879, 126
Trd, 8638993.479, 127
Trd, 8638993.912, 139
Trd, 8638994.646, 129
Trd, 8638994.779, 127
Trd, 8638996.346, 137
Trd, 8638997.512, 140
Trd, 8638997.879, 140
Trd, 8638998.012, 134
Trd, 8638998.046, 129
Trd, 8638999.546, 114
Trd, 8638999.879, 138
Trd, 8639001.146, 140
Trd, 8639001.279, 140
Trd, 8639001.846, 140
Trd, 8639002.146, 137
Trd, 8639002.446, 137
Trd, 8639002.546, 136
Trd, 8639002.846, 134
Trd, 8639003.712, 139
Trd, 8639003.746, 136
Trd, 8639004.212, 139
Trd, 8639004.846, 119
Trd, 8639005.012, 139
Trd, 8639005.079, 118
Trd, 8639005.179, 117
Trd, 8639006.112, 140
Trd, 8639006.246, 119
Trd, 8639007.246, 122
Trd, 8639007.812, 123
Trd, 8639008.546, 122
Trd, 8639008.846, 140
Trd, 8639009.046, 140
Trd, 8639009.379, 139
Trd, 8639009.779, 140
Trd, 8639010.279, 121
Trd, 8639010.546, 109
Trd, 8639010.712, 104
Trd, 8639011.612, 129
Trd, 8639012.179, 134
Trd, 8639013.246, 138
Trd, 8639013.379, 133
Trd, 8639014.179, 140
Trd, 8639014.312, 140
Trd, 8639014.712, 140
Trd, 8639015.012, 139
Trd, 8639015.346, 128
Trd, 8639016.612, 132
Trd, 8639017.879, 137
Trd, 8639017.946, 120
Trd, 8639018.046, 123
Trd, 8639018.879, 75
Trd, 8639019.412, 78
Trd, 8639019.846, 75
Trd, 8639020.279, 121
Trd, 8639020.612, 75
Trd, 8639020.746, 78
Trd, 8639021.546, 119
Trd, 8639021.646, 122
Trd, 8639022.212, 140
Trd, 8639023.312, 139
Trd, 8639024.879, 140
Trd, 8639025.012, 140
Trd, 8639025.312, 140
Trd, 8639025.412, 140
Trd, 8639026.379, 140
Trd, 8639027.279, 140
Trd, 8639027.979, 140
Trd, 8639028.246, 140
Trd, 8639028.279, 140
Trd, 8639028.746, 134
Trd, 8639029.712, 140
Trd, 8639030.146, 140
Trd, 8639030.912, 140
Trd, 8639031.279, 129
Trd, 8639031.412, 124
Trd, 8639031.479, 119
Trd, 8639032.479, 140
Trd, 8639033.112, 139
Trd, 8639034.879, 140
Trd, 8639035.079, 140
Trd, 8639035.479, 140
Trd, 8639035.712, 140
Trd, 8639035.779, 139
Trd, 8639036.312, 133
Trd, 8639036.812, 103
Trd, 8639036.979, 95
Trd, 8639038.079, 121
Trd, 8639038.412, 120
Trd, 8639039.712, 97
Trd, 8639040.012, 136
Trd, 8639040.179, 104
Trd, 8639040.446, 139
Trd, 8639041.779, 140
Trd, 8639042.112, 140
Trd, 8639042.379, 140
Trd, 8639042.546, 139
Trd, 8639042.879, 138
Trd, 8639044.212, 134
Trd, 8639044.812, 137
Trd, 8639045.212, 136
Trd, 8639045.279, 136
Trd, 8639045.679, 140
Trd, 8639045.912, 140
Trd, 8639046.146, 128
Trd, 8639047.346, 139
Trd, 8639047.646, 137
Trd, 8639047.812, 134
Trd, 8639047.979, 134
Trd, 8639048.046, 133
Trd, 8639048.679, 138
Trd, 8639049.379, 122
Trd, 8639049.846, 140
Trd, 8639050.612, 121
Trd, 8639050.912, 140
Trd, 8639051.412, 140
Trd, 8639051.512, 140
Trd, 8639052.512, 140
Trd, 8639053.012, 140
Trd, 8639053.146, 134
Trd, 8639053.279, 138
Trd, 8639054.279, 140
Trd, 8639054.646, 140
Trd, 8639054.779, 138
Trd, 8639056.146, 140
Trd, 8639056.179, 131
Trd, 8639057.446, 138
Trd, 8639057.579, 137
Trd, 8639057.812, 140
Trd, 8639057.879, 137
Trd, 8639058.012, 136
Trd, 8639058.746, 116
Trd, 8639058.979, 99
Trd, 8639059.879, 95
Trd, 8639059.946, 82
Trd, 8639060.212, 81
Trd, 8639060.412, 84
Trd, 8639060.779, 133
Trd, 8639061.212, 127
Trd, 8639061.512, 124
Trd, 8639062.146, 123
Trd, 8639062.279, 116
Trd, 8639062.646, 127
Trd, 8639062.946, 81
Trd, 8639063.979, 140
Trd, 8639064.279, 140
Trd, 8639064.312, 140
Trd, 8639064.346, 140
Trd, 8639064.879, 134
Trd, 8639067.579, 140
Trd, 8639067.612, 140
Trd, 8639067.746, 140
Trd, 8639067.779, 134
Trd, 8639068.046, 129
Trd, 8639068.346, 128
Trd, 8639068.779, 123
Trd, 8639069.646, 129
Trd, 8639070.246, 130
Trd, 8639070.979, 140
Trd, 8639071.646, 138
Trd, 8639071.912, 139
Trd, 8639071.979, 135
Trd, 8639073.279, 140
Trd, 8639073.412, 140
Trd, 8639073.579, 139
Trd, 8639073.746, 126
Trd, 8639074.646, 136
Trd, 8639074.946, 139
Trd, 8639075.546, 136
Trd, 8639075.946, 125
Trd, 8639076.312, 125
Trd, 8639076.346, 124
Trd, 8639076.379, 114
Trd, 8639077.946, 131
Trd, 8639078.046, 127
Trd, 8639078.546, 140
Trd, 8639078.779, 138
Trd, 8639079.879, 138
Trd, 8639080.379, 140
Trd, 8639080.779, 140
Trd, 8639081.479, 140
Trd, 8639081.912, 140
Trd, 8639082.479, 135
Trd, 8639082.512, 124
Trd, 8639083.579, 139
Trd, 8639083.612, 112
Trd, 8639083.912, 83
Trd, 8639084.712, 139
Trd, 8639085.179, 136
Trd, 8639085.312, 105
Trd, 8639085.612, 63
Trd, 8639086.412, 111
Trd, 8639086.679, 114
Trd, 8639087.246, 104
Trd, 8639087.479, 103
Trd, 8639087.512, 100
Trd, 8639088.946, 138
Trd, 8639089.746, 140
Trd, 8639089.912, 139
Trd, 8639090.046, 140
Trd, 8639090.946, 128
Trd, 8639091.446, 110
Trd, 8639091.846, 114
Trd, 8639092.212, 132
Trd, 8639092.679, 131
Trd, 8639092.746, 125
Trd, 8639092.846, 112
Trd, 8639093.079, 139
Trd, 8639093.546, 107
Trd, 8639093.712, 101
Trd, 8639093.912, 100
Trd, 8639095.112, 124
Trd, 8639095.946, 140
Trd, 8639096.112, 136
Trd, 8639096.146, 132
Trd, 8639096.212, 131
Trd, 8639096.812, 127
Trd, 8639098.646, 138
Trd, 8639098.779, 137
Trd, 8639098.946, 140
Trd, 8639099.812, 140
Trd, 8639100.646, 140
Trd, 8639101.046, 139
Trd, 8639101.379, 134
Trd, 8639101.679, 133
Trd, 8639102.279, 133
Trd, 8639102.379, 130
Trd, 8639102.812, 124
Trd, 8639103.146, 129
Trd, 8639103.379, 139
Trd, 8639104.646, 122
Trd, 8639105.079, 124
Trd, 8639105.246, 123
Trd, 8639105.379, 124
Trd, 8639105.912, 122
Trd, 8639106.279, 78
Trd, 8639106.779, 139
Trd, 8639108.012, 95
Trd, 8639108.246, 139
Trd, 8639108.346, 108
Trd, 8639108.679, 106
Trd, 8639109.112, 109
Trd, 8639109.346, 140
Trd, 8639109.946, 135
Trd, 8639110.479, 136
Trd, 8639111.679, 140
Trd, 8639112.146, 138
Trd, 8639112.546, 138
Trd, 8639112.746, 140
Trd, 8639113.046, 140
Trd, 8639113.679, 140
Trd, 8639113.946, 139
Trd, 8639114.712, 136
Trd, 8639115.412, 134
Trd, 8639115.612, 123
Trd, 8639115.879, 60
Trd, 8639116.346, 136
Trd, 8639116.546, 119
Trd, 8639116.979, 137
Trd, 8639117.346, 64
Trd, 8639117.712, 60
Trd, 8639118.046, 64
Trd, 8639118.246, 98
Trd, 8639119.246, 67
Trd, 8639119.312, 67
Trd, 8639119.412, 64
Trd, 8639119.879, 138
Trd, 8639120.146, 71
Trd, 8639121.012, 138
Trd, 8639121.446, 138
Trd, 8639121.479, 125
Trd, 8639122.146, 140
Trd, 8639123.279, 140
Trd, 8639123.379, 140
Trd, 8639123.546, 135
Trd, 8639124.946, 135
Trd, 8639124.979, 133
Trd, 8639125.412, 131
Trd, 8639125.512, 130
Trd, 8639126.179, 61
Trd, 8639126.379, 135
Trd, 8639126.412, 89
Trd, 8639126.712, 63
Trd, 8639127.679, 60
Trd, 8639128.146, 65
Trd, 8639128.479, 60
Trd, 8639128.712, 61
Trd, 8639129.012, 70
Trd, 8639129.446, 72
Trd, 8639129.579, 72
Trd, 8639130.079, 101
Trd, 8639131.879, 60
Trd, 8639132.079, 62
Trd, 8639132.779, 63
Trd, 8639132.912, 72
Trd, 8639133.346, 72
Trd, 8639133.679, 67
Trd, 8639133.912, 65
Trd, 8639134.012, 64
Trd, 8639134.579, 65
Trd, 8639135.712, 88
Trd, 8639135.846, 89
Trd, 8639136.479, 65
Trd, 8639137.546, 70
Trd, 8639137.612, 70
Trd, 8639137.746, 71
Trd, 8639138.646, 72
Trd, 8639138.746, 72
Trd, 8639138.946, 120
Trd, 8639139.512, 95
Trd, 8639139.612, 91
Trd, 8639140.679, 128
Trd, 8639142.079, 140
Trd, 8639142.279, 140
Trd, 8639142.412, 138
Trd, 8639142.579, 129
Trd, 8639143.412, 135
Trd, 8639143.646, 133
Trd, 8639144.812, 140
Trd, 8639145.012, 140
Trd, 8639145.146, 140
Trd, 8639145.512, 136
Trd, 8639146.479, 135
Trd, 8639147.412, 133
Trd, 8639147.446, 67
Trd, 8639147.679, 134
Trd, 8639148.112, 140
Trd, 8639148.212, 135
Trd, 8639149.179, 140
Trd, 8639149.346, 134
Trd, 8639149.412, 135
Trd, 8639151.279, 140
Trd, 8639151.846, 140
Trd, 8639152.112, 140
Trd, 8639152.179, 138
Trd, 8639153.046, 131
Trd, 8639153.646, 139
Trd, 8639153.812, 89
Trd, 8639154.046, 75
Trd, 8639154.412, 85
Trd, 8639154.646, 74
Trd, 8639155.779, 140
Trd, 8639156.346, 140
Trd, 8639156.379, 140
Trd, 8639156.979, 140
Trd, 8639157.312, 140
Trd, 8639157.346, 139
Trd, 8639157.379, 136
Trd, 8639158.112, 129
Trd, 8639158.346, 108
Trd, 8639158.779, 96
Trd, 8639159.879, 100
Trd, 8639160.346, 127
Trd, 8639160.446, 99
Trd, 8639160.646, 139
Trd, 8639160.946, 120
Trd, 8639161.012, 86
Trd, 8639161.246, 90
Trd, 8639161.446, 133
Trd, 8639162.212, 118
Trd, 8639163.412, 140
Trd, 8639164.079, 140
Trd, 8639164.146, 139
Trd, 8639164.412, 132
Trd, 8639165.246, 96
Trd, 8639166.046, 140
Trd, 8639166.412, 140
Trd, 8639166.512, 140
Trd, 8639167.179, 134
Trd, 8639167.479, 97
Trd, 8639167.746, 101
Trd, 8639168.312, 93
Trd, 8639169.146, 124
Trd, 8639169.212, 94
Trd, 8639169.646, 95
Trd, 8639169.946, 140
Trd, 8639171.246, 92
Trd, 8639171.546, 116
Trd, 8639171.612, 116
Trd, 8639171.646, 86
Trd, 8639172.012, 76
Trd, 8639172.246, 121
Trd, 8639172.279, 130
Trd, 8639172.612, 97
Trd, 8639173.979, 76
Trd, 8639174.946, 140
Trd, 8639175.379, 139
Trd, 8639175.746, 136
Trd, 8639176.146, 140
Trd, 8639176.212, 86
Trd, 8639176.712, 127
Trd, 8639176.979, 117
Trd, 8639177.046, 108
Trd, 8639178.579, 140
Trd, 8639178.646, 137
Trd, 8639179.246, 109
Trd, 8639179.946, 140
Trd, 8639180.612, 140
Trd, 8639181.212, 140
Trd, 8639181.346, 140
Trd, 8639181.812, 140
Trd, 8639182.246, 134
Trd, 8639182.546, 118
Trd, 8639182.612, 133
Trd, 8639183.412, 117
Trd, 8639183.979, 88
Trd, 8639184.779, 132
Trd, 8639185.346, 138
Trd, 8639185.479, 131
Trd, 8639185.846, 130
Trd, 8639186.046, 100
Trd, 8639186.212, 121
Trd, 8639186.812, 67
Trd, 8639187.379, 96
Trd, 8639188.212, 94
Trd, 8639188.346, 139
Trd, 8639189.012, 140
Trd, 8639189.279, 140
Trd, 8639189.979, 140
Trd, 8639190.112, 140
Trd, 8639190.512, 128
Trd, 8639190.579, 128
Trd, 8639190.712, 125
Trd, 8639191.079, 139
Trd, 8639192.646, 140
Trd, 8639192.679, 140
Trd, 8639192.879, 138
Trd, 8639193.912, 139
Trd, 8639194.346, 139
Trd, 8639194.446, 129
Trd, 8639194.546, 109
Trd, 8639196.046, 139
Trd, 8639196.279, 137
Trd, 8639196.412, 119
Trd, 8639197.346, 109
Trd, 8639197.412, 81
Trd, 8639198.079, 110
Trd, 8639198.812, 139
Trd, 8639198.846, 135
Trd, 8639199.246, 128
Trd, 8639199.412, 139
Trd, 8639199.846, 127
Trd, 8639200.679, 119
Trd, 8639201.346, 135
Trd, 8639201.712, 134
Trd, 8639202.312, 140
Trd, 8639202.512, 131
Trd, 8639202.779, 139
Trd, 8639205.012, 140
Trd, 8639205.179, 140
Trd, 8639205.979, 140
Trd, 8639206.112, 140
Trd, 8639206.146, 140
Trd, 8639206.279, 140
Trd, 8639207.046, 131
Trd, 8639207.512, 129
Trd, 8639207.546, 128
Trd, 8639208.379, 130
Trd, 8639208.846, 128
Trd, 8639209.979, 140
Trd, 8639210.212, 137
Trd, 8639210.279, 136
Trd, 8639210.946, 140
Trd, 8639211.479, 137
Trd, 8639211.579, 138
Trd, 8639212.412, 138
Trd, 8639212.879, 136
Trd, 8639213.212, 134
Trd, 8639213.612, 135
Trd, 8639214.079, 135
Trd, 8639214.146, 138
Trd, 8639214.579, 134
Trd, 8639214.712, 133
Trd, 8639215.512, 88
Trd, 8639215.879, 137
Trd, 8639216.479, 140
Trd, 8639217.079, 123
Trd, 8639217.546, 129
Trd, 8639217.846, 111
Trd, 8639218.379, 140
Trd, 8639218.446, 135
Trd, 8639218.912, 118
Trd, 8639220.512, 121
Trd, 8639221.112, 131
Trd, 8639221.379, 132
Trd, 8639221.479, 135
Trd, 8639221.812, 131
Trd, 8639222.212, 137
Trd, 8639222.512, 115
Trd, 8639223.446, 117
Trd, 8639224.179, 139
Trd, 8639224.279, 117
Trd, 8639224.412, 140
Trd, 8639224.612, 122
Trd, 8639224.646, 121
Trd, 8639224.779, 107
Trd, 8639226.312, 111
Trd, 8639226.479, 125
Trd, 8639226.812, 112
Trd, 8639227.912, 124
Trd, 8639227.979, 115
Trd, 8639228.279, 117
Trd, 8639228.346, 128
Trd, 8639228.412, 116
Trd, 8639229.046, 128
Trd, 8639229.212, 128
Trd, 8639229.679, 127
Trd, 8639230.779, 109
Trd, 8639231.946, 140
Trd, 8639232.279, 137
Trd, 8639232.746, 132
Trd, 8639233.046, 137
Trd, 8639233.412, 132
Trd, 8639233.446, 131
Trd, 8639233.579, 127
Trd, 8639233.812, 94
Trd, 8639235.612, 140
Trd, 8639235.746, 140
Trd, 8639235.846, 140
Trd, 8639237.012, 140
Trd, 8639237.446, 140
Trd, 8639237.646, 140
Trd, 8639238.279, 140
Trd, 8639238.846, 139
Trd, 8639239.112, 139
Trd, 8639239.479, 137
Trd, 8639240.146, 134
Trd, 8639240.446, 124
Trd, 8639241.079, 118
Trd, 8639241.112, 118
Trd, 8639241.646, 114
Trd, 8639241.812, 135
Trd, 8639243.712, 140
Trd, 8639243.779, 140
Trd, 8639244.112, 140
Trd, 8639244.246, 140
Trd, 8639244.746, 140
Trd, 8639245.012, 140
Trd, 8639245.146, 140
Trd, 8639246.446, 139
Trd, 8639246.779, 140
Trd, 8639247.646, 139
Trd, 8639247.812, 138
Trd, 8639247.912, 129
Trd, 8639248.346, 133
Trd, 8639248.812, 132
Trd, 8639249.046, 121
Trd, 8639249.179, 119
Trd, 8639249.379, 139
Trd, 8639250.746, 140
Trd, 8639251.312, 140
Trd, 8639251.612, 139
Trd, 8639251.812, 132
Trd, 8639252.646, 139
Trd, 8639254.012, 137
Trd, 8639254.512, 137
Trd, 8639254.746, 140
Trd, 8639254.812, 129
Trd, 8639255.512, 110
Trd, 8639255.912, 116
Trd, 8639256.312, 114
Trd, 8639256.479, 115
Trd, 8639256.979, 114
Trd, 8639257.112, 113
Trd, 8639258.012, 116
Trd, 8639258.079, 105
Trd, 8639258.312, 128
Trd, 8639258.812, 130
Trd, 8639259.046, 132
Trd, 8639260.846, 140
Trd, 8639261.679, 140
Trd, 8639262.746, 140
Trd, 8639263.346, 140
Trd, 8639263.379, 140
Trd, 8639263.579, 140
Trd, 8639263.946, 140
Trd, 8639264.079, 139
Trd, 8639264.146, 131
Trd, 8639264.246, 128
Trd, 8639264.546, 138
Trd, 8639264.779, 127
Trd, 8639265.679, 119
Trd, 8639266.146, 112
Trd, 8639267.012, 110
Trd, 8639267.312, 135
Trd, 8639267.412, 127
Trd, 8639268.112, 131
Trd, 8639268.446, 139
Trd, 8639269.179, 130
Trd, 8639269.312, 70
Trd, 8639269.579, 126
Trd, 8639270.012, 82
Trd, 8639271.512, 125
Trd, 8639271.646, 124
Trd, 8639272.112, 74
Trd, 8639272.646, 61
Trd, 8639273.446, 63
Trd, 8639273.746, 94
Trd, 8639274.012, 104
Trd, 8639274.579, 68
Trd, 8639274.679, 118
Trd, 8639275.479, 75
Trd, 8639276.546, 95
Trd, 8639277.312, 90
Trd, 8639277.512, 91
Trd, 8639277.746, 103
Trd, 8639277.912, 82
Trd, 8639278.312, 82
Trd, 8639278.446, 80
Trd, 8639279.179, 80
Trd, 8639279.279, 79
Trd, 8639279.446, 77
Trd, 8639279.679, 82
Trd, 8639279.746, 71
Trd, 8639280.879, 79
Trd, 8639281.046, 83
Trd, 8639281.646, 140
Trd, 8639281.979, 63
Trd, 8639283.079, 131
Trd, 8639283.112, 87
Trd, 8639283.379, 87
Trd, 8639283.679, 89
Trd, 8639283.979, 123
Trd, 8639285.312, 105
Trd, 8639285.412, 101
Trd, 8639285.546, 94
Trd, 8639286.046, 139
Trd, 8639287.479, 90
Trd, 8639287.512, 88
Trd, 8639287.546, 90
Trd, 8639288.746, 111
Trd, 8639289.112, 112
Trd, 8639289.279, 110
Trd, 8639289.546, 137
Trd, 8639289.746, 114
Trd, 8639289.846, 121
Trd, 8639289.879, 110
Trd, 8639290.312, 128
Trd, 8639290.812, 138
Trd, 8639292.279, 87
Trd, 8639292.479, 87
Trd, 8639292.779, 96
Trd, 8639293.112, 126
Trd, 8639293.146, 125
Trd, 8639293.646, 78
Trd, 8639294.179, 60
Trd, 8639294.546, 60
Trd, 8639295.246, 64
Trd, 8639296.012, 140
Trd, 8639297.312, 140
Trd, 8639297.612, 140
Trd, 8639297.746, 140
Trd, 8639298.046, 140
Trd, 8639298.779, 140
Trd, 8639299.179, 135
Trd, 8639299.212, 134
Trd, 8639300.512, 140
Trd, 8639300.812, 140
Trd, 8639301.412, 131
Trd, 8639301.579, 125
Trd, 8639302.246, 135
Trd, 8639302.312, 134
Trd, 8639302.412, 115
Trd, 8639303.246, 124
Trd, 8639304.312, 140
Trd, 8639304.612, 140
Trd, 8639304.812, 131
Trd, 8639305.746, 137
Trd, 8639305.979, 128
Trd, 8639306.046, 128
Trd, 8639306.179, 94
Trd, 8639306.446, 85
Trd, 8639307.212, 137
Trd, 8639307.379, 133
Trd, 8639308.479, 125
Trd, 8639308.779, 140
Trd, 8639309.212, 140
Trd, 8639309.379, 139
Trd, 8639309.846, 134
Trd, 8639311.346, 137
Trd, 8639311.412, 136
Trd, 8639311.512, 135
Trd, 8639311.679, 133
Trd, 8639311.779, 123
Trd, 8639312.079, 85
Trd, 8639312.946, 90
Trd, 8639313.412, 90
Trd, 8639313.546, 60
Trd, 8639313.646, 140
Trd, 8639314.412, 140
Trd, 8639316.046, 140
Trd, 8639316.079, 140
Trd, 8639316.279, 137
Trd, 8639317.046, 140
Trd, 8639317.246, 140
Trd, 8639318.212, 137
Trd, 8639318.346, 136
Trd, 8639318.946, 137
Trd, 8639319.112, 133
Trd, 8639319.446, 131
Trd, 8639319.846, 129
Trd, 8639319.912, 108
Trd, 8639320.112, 90
Trd, 8639320.379, 71
Trd, 8639320.746, 81
Trd, 8639321.612, 60
Trd, 8639321.646, 61
Trd, 8639322.479, 114
Trd, 8639323.379, 136
Trd, 8639324.279, 140
Trd, 8639324.812, 140
Trd, 8639325.079, 140
Trd, 8639325.179, 131
Trd, 8639325.246, 125
Trd, 8639325.846, 102
Trd, 8639326.812, 119
Trd, 8639326.912, 102
Trd, 8639327.146, 120
Trd, 8639327.712, 139
Trd, 8639327.812, 100
Trd, 8639328.812, 140
Trd, 8639329.779, 137
Trd, 8639330.646, 136
Trd, 8639330.712, 127
Trd, 8639331.146, 100
Trd, 8639331.346, 99
Trd, 8639331.412, 117
Trd, 8639331.946, 140
Trd, 8639332.712, 140
Trd, 8639333.446, 140
Trd, 8639333.546, 132
Trd, 8639334.846, 131
Trd, 8639335.212, 139
Trd, 8639335.246, 131
Trd, 8639335.812, 123
Trd, 8639336.512, 117
Trd, 8639336.612, 106
Trd, 8639337.112, 139
Trd, 8639337.812, 124
Trd, 8639338.512, 93
Trd, 8639338.546, 92
Trd, 8639339.412, 93
Trd, 8639339.746, 128
Trd, 8639340.212, 98
Trd, 8639340.412, 120
Trd, 8639340.446, 119
Trd, 8639340.979, 125
Trd, 8639341.279, 94
Trd, 8639341.412, 90
Trd, 8639341.612, 125
Trd, 8639341.746, 125
Trd, 8639342.579, 97
Trd, 8639344.479, 60
Trd, 8639345.146, 60
Trd, 8639345.346, 61
Trd, 8639345.446, 62
Trd, 8639346.046, 64
Trd, 8639346.212, 67
Trd, 8639346.379, 76
Trd, 8639347.312, 108
Trd, 8639348.179, 63
Trd, 8639348.412, 63
Trd, 8639348.679, 74
Trd, 8639348.846, 75
Trd, 8639349.679, 78
Trd, 8639349.812, 74
Trd, 8639349.879, 113
Trd, 8639350.046, 130
Trd, 8639350.179, 113
Trd, 8639350.712, 113
Trd, 8639351.779, 113
Trd, 8639352.479, 128
Trd, 8639352.946, 120
Trd, 8639353.446, 128
Trd, 8639353.912, 115
Trd, 8639354.746, 115
Trd, 8639355.146, 140
Trd, 8639355.879, 140
Trd, 8639356.146, 140
Trd, 8639356.912, 140
Trd, 8639357.246, 140
Trd, 8639357.412, 139
Trd, 8639357.679, 128
Trd, 8639358.546, 133
Trd, 8639358.779, 137
Trd, 8639360.079, 140
Trd, 8639360.179, 140
Trd, 8639360.346, 140
Trd, 8639360.379, 134
Trd, 8639360.846, 136
Trd, 8639361.779, 134
Trd, 8639361.846, 133
Trd, 8639362.979, 124
Trd, 8639363.212, 123
Trd, 8639363.579, 116
Trd, 8639363.812, 139
Trd, 8639363.846, 138
Trd, 8639363.912, 96
Trd, 8639364.779, 134
Trd, 8639364.946, 133
Trd, 8639365.846, 139
Trd, 8639367.179, 140
Trd, 8639367.479, 140
Trd, 8639367.946, 134
Trd, 8639368.446, 134
Trd, 8639368.479, 133
Trd, 8639368.712, 119
Trd, 8639369.379, 140
Trd, 8639369.912, 140
Trd, 8639370.046, 139
Trd, 8639370.179, 134
Trd, 8639371.379, 140
Trd, 8639371.612, 140
Trd, 8639372.012, 138
Trd, 8639372.446, 96
Trd, 8639372.612, 75
Trd, 8639372.712, 138
Trd, 8639373.446, 99
Trd, 8639374.046, 83
Trd, 8639374.146, 89
Trd, 8639374.679, 82
Trd, 8639374.912, 76
Trd, 8639375.446, 112
Trd, 8639376.179, 140
Trd, 8639377.012, 140
Trd, 8639377.179, 140
Trd, 8639377.312, 140
Trd, 8639377.379, 140
Trd, 8639377.946, 140
Trd, 8639377.979, 118
Trd, 8639378.379, 136
Trd, 8639378.579, 68
Trd, 8639379.179, 69
Trd, 8639379.246, 104
Trd, 8639380.379, 127
Trd, 8639380.846, 112
Trd, 8639381.546, 114
Trd, 8639381.679, 129
Trd, 8639382.879, 130
Trd, 8639383.612, 139
Trd, 8639384.079, 126
Trd, 8639385.246, 140
Trd, 8639385.379, 140
Trd, 8639385.612, 138
Trd, 8639385.679, 139
Trd, 8639385.946, 119
Trd, 8639386.479, 109
Trd, 8639386.512, 106
Trd, 8639387.879, 60
Trd, 8639388.446, 61
Trd, 8639389.079, 90
Trd, 8639389.512, 137
Trd, 8639389.712, 83
Trd, 8639390.512, 140
Trd, 8639391.446, 140
Trd, 8639391.779, 140
Trd, 8639391.946, 140
Trd, 8639392.179, 139
Trd, 8639392.346, 139
Trd, 8639392.446, 128
Trd, 8639394.679, 127
Trd, 8639395.112, 124
Trd, 8639395.279, 118
Trd, 8639395.546, 114
Trd, 8639396.079, 133
Trd, 8639396.179, 133
Trd, 8639396.812, 98
Trd, 8639397.246, 135
Trd, 8639397.512, 134
Trd, 8639398.246, 140
Trd, 8639398.879, 139
Trd, 8639399.346, 138
Trd, 8639399.946, 138
Trd, 8639400.012, 137
Trd, 8639400.479, 134
Trd, 8639400.579, 126
Trd, 8639400.712, 116
Trd, 8639401.112, 68
Trd, 8639401.612, 129
Trd, 8639402.412, 127
Trd, 8639402.912, 126
Trd, 8639403.312, 133
Trd, 8639404.012, 113
Trd, 8639404.546, 127
Trd, 8639405.212, 129
Trd, 8639405.412, 118
Trd, 8639405.446, 113
Trd, 8639405.512, 131
Trd, 8639407.179, 140
Trd, 8639407.279, 140
Trd, 8639407.379, 140
Trd, 8639407.912, 140
Trd, 8639408.379, 140
Trd, 8639409.246, 139
Trd, 8639410.246, 140
Trd, 8639410.279, 140
Trd, 8639410.412, 128
Trd, 8639410.679, 134
Trd, 8639410.879, 125
Trd, 8639411.912, 137
Trd, 8639411.946, 94
Trd, 8639412.712, 90
Trd, 8639413.079, 73
Trd, 8639413.179, 88
Trd, 8639413.346, 117
Trd, 8639413.779, 73
Trd, 8639414.946, 61
Trd, 8639415.546, 64
Trd, 8639415.912, 60
Trd, 8639416.279, 68
Trd, 8639416.779, 63
Trd, 8639417.612, 69
Trd, 8639417.846, 67
Trd, 8639418.412, 77
Trd, 8639418.912, 89
Trd, 8639419.546, 90
Trd, 8639419.746, 89
Trd, 8639420.179, 77
Trd, 8639420.512, 75
Trd, 8639421.212, 77
Trd, 8639421.246, 98
Trd, 8639421.479, 109
Trd, 8639421.512, 109
Trd, 8639421.846, 140
Trd, 8639422.112, 130
Trd, 8639423.479, 139
Trd, 8639423.546, 92
Trd, 8639423.912, 86
Trd, 8639424.679, 86
Trd, 8639425.446, 99
Trd, 8639425.712, 99
Trd, 8639425.846, 101
Trd, 8639426.046, 84
Trd, 8639426.579, 70
Trd, 8639427.212, 136
Trd, 8639427.612, 135
Trd, 8639427.779, 134
Trd, 8639428.179, 97
Trd, 8639428.746, 74
Trd, 8639428.812, 68
Trd, 8639429.579, 130
Trd, 8639429.712, 128
Trd, 8639431.146, 139
Trd, 8639431.479, 140
Trd, 8639431.546, 139
Trd, 8639431.679, 138
Trd, 8639432.712, 131
Trd, 8639433.079, 121
Trd, 8639433.446, 103
Trd, 8639434.612, 60
Trd, 8639434.679, 61
Trd, 8639434.879, 63
Trd, 8639435.412, 140
Trd, 8639435.512, 140
Trd, 8639435.746, 136
Trd, 8639436.912, 140
Trd, 8639437.546, 140
Trd, 8639438.046, 140
Trd, 8639438.479, 135
Trd, 8639438.546, 134
Trd, 8639438.912, 120
Trd, 8639439.746, 95
Trd, 8639440.046, 122
Trd, 8639440.512, 140
Trd, 8639441.146, 84
Trd, 8639442.346, 89
Trd, 8639442.612, 89
Trd, 8639442.846, 137
Trd, 8639442.912, 97
Trd, 8639443.146, 114
Trd, 8639443.579, 113
Trd, 8639444.446, 123
Trd, 8639444.946, 130
Trd, 8639445.046, 130
Trd, 8639445.146, 122
Trd, 8639445.479, 138
Trd, 8639445.712, 115
Trd, 8639446.579, 139
Trd, 8639447.246, 138
Trd, 8639448.212, 140
Trd, 8639448.412, 139
Trd, 8639449.079, 139
Trd, 8639449.112, 127
Trd, 8639449.712, 105
Trd, 8639450.646, 140
Trd, 8639451.246, 140
Trd, 8639451.612, 140
Trd, 8639451.846, 139
Trd, 8639452.146, 139
Trd, 8639452.179, 139
Trd, 8639452.212, 136
Trd, 8639452.712, 113
Trd, 8639452.979, 112
Trd, 8639453.512, 112
Trd, 8639454.812, 105
Trd, 8639454.946, 109
Trd, 8639455.079, 103
Trd, 8639455.146, 110
Trd, 8639455.379, 127
Trd, 8639456.046, 140
Trd, 8639456.212, 138
Trd, 8639456.346, 95
Trd, 8639457.112, 139
Trd, 8639457.179, 66
Trd, 8639457.479, 65
Trd, 8639458.746, 107
Trd, 8639458.946, 71
Trd, 8639459.179, 133
Trd, 8639459.612, 85
Trd, 8639460.246, 62
Trd, 8639461.179, 61
Trd, 8639461.579, 83
Trd, 8639461.612, 74
Trd, 8639461.746, 121
Trd, 8639462.612, 87
Trd, 8639462.712, 87
Trd, 8639463.779, 77
Trd, 8639463.846, 114
Trd, 8639464.012, 112
Trd, 8639464.446, 105
Trd, 8639464.712, 104
Trd, 8639464.746, 76
Trd, 8639465.112, 132
Trd, 8639466.212, 140
Trd, 8639466.612, 140
Trd, 8639467.479, 140
Trd, 8639468.079, 140
Trd, 8639468.112, 140
Trd, 8639468.346, 140
Trd, 8639468.946, 140
Trd, 8639469.146, 139
Trd, 8639469.379, 138
Trd, 8639469.712, 140
Trd, 8639470.346, 100
Trd, 8639471.046, 105
Trd, 8639472.046, 105
Trd, 8639472.212, 104
Trd, 8639472.479, 139
Trd, 8639473.012, 121
Trd, 8639473.312, 120
Trd, 8639474.012, 139
Trd, 8639474.446, 135
Trd, 8639475.479, 105
Trd, 8639475.612, 108
Trd, 8639476.546, 140
Trd, 8639477.579, 140
Trd, 8639477.679, 140
Trd, 8639477.812, 140
Trd, 8639478.379, 138
Trd, 8639478.546, 140
Trd, 8639479.079, 65
Trd, 8639479.879, 68
Trd, 8639480.012, 102
Trd, 8639480.246, 109
Trd, 8639480.912, 119
Trd, 8639481.312, 114
Trd, 8639483.512, 127
Trd, 8639483.612, 126
Trd, 8639484.179, 130
Trd, 8639484.279, 135
Trd, 8639484.612, 114
Trd, 8639484.946, 111
Trd, 8639485.412, 128
Trd, 8639485.512, 127
Trd, 8639486.979, 129
Trd, 8639487.679, 125
Trd, 8639487.912, 122
Trd, 8639488.312, 140
Trd, 8639488.379, 121
Trd, 8639488.546, 140
Trd, 8639489.112, 131
Trd, 8639489.312, 76
Trd, 8639489.579, 80
Trd, 8639491.179, 136
Trd, 8639491.346, 135
Trd, 8639491.379, 61
Trd, 8639492.846, 64
Trd, 8639492.879, 69
Trd, 8639493.079, 61
Trd, 8639493.112, 69
Trd, 8639493.679, 135
Trd, 8639495.046, 132
Trd, 8639495.479, 138
Trd, 8639495.946, 139
Trd, 8639496.046, 138
Trd, 8639496.446, 130
Trd, 8639497.246, 137
Trd, 8639498.579, 139
Trd, 8639499.212, 138
Trd, 8639499.246, 137
Trd, 8639499.579, 131
Trd, 8639499.679, 126
Trd, 8639499.946, 130
Trd, 8639500.912, 96
Trd, 8639501.546, 95
Trd, 8639501.646, 105
Trd, 8639501.846, 104
Trd, 8639501.946, 105
Trd, 8639502.746, 140
Trd, 8639503.246, 140
Trd, 8639503.312, 140
Trd, 8639503.346, 140
Trd, 8639504.079, 124
Trd, 8639504.646, 91
Trd, 8639504.779, 115
Trd, 8639505.846, 140
Trd, 8639506.246, 140
Trd, 8639507.112, 140
Trd, 8639507.246, 140
Trd, 8639507.946, 121
Trd, 8639508.112, 111
Trd, 8639508.246, 100
Trd, 8639508.779, 124
Trd, 8639509.079, 139
Trd, 8639509.179, 130
Trd, 8639509.612, 86
Trd, 8639509.912, 130
Trd, 8639510.179, 84
Trd, 8639510.712, 140
Trd, 8639511.646, 133
Trd, 8639511.979, 108
Trd, 8639513.279, 139
Trd, 8639513.846, 136
Trd, 8639514.246, 122
Trd, 8639514.279, 121
Trd, 8639514.846, 130
Trd, 8639515.446, 120
Trd, 8639515.479, 113
Trd, 8639515.946, 140
Trd, 8639517.079, 117
Trd, 8639517.912, 124
Trd, 8639518.046, 136
Trd, 8639518.246, 137
Trd, 8639518.712, 117
Trd, 8639519.212, 120
Trd, 8639519.612, 140
Trd, 8639519.779, 131
Trd, 8639520.212, 131
Trd, 8639520.912, 132
Trd, 8639521.246, 137
Trd, 8639521.279, 131
Trd, 8639521.679, 130
Trd, 8639521.812, 121
Trd, 8639522.212, 112
Trd, 8639523.046, 128
Trd, 8639523.446, 112
Trd, 8639523.712, 113
Trd, 8639523.879, 71
Trd, 8639524.846, 74
Trd, 8639525.179, 74
Trd, 8639525.512, 122
Trd, 8639526.346, 139
Trd, 8639526.446, 137
Trd, 8639526.746, 135
Trd, 8639527.546, 140
Trd, 8639527.712, 140
Trd, 8639528.446, 140
Trd, 8639529.146, 139
Trd, 8639529.746, 140
Trd, 8639529.912, 139
Trd, 8639530.179, 137
Trd, 8639530.646, 136
Trd, 8639530.912, 140
Trd, 8639531.179, 136
Trd, 8639531.412, 129
Trd, 8639532.246, 131
Trd, 8639532.946, 129
Trd, 8639533.046, 128
Trd, 8639533.379, 135
Trd, 8639534.279, 137
Trd, 8639535.212, 140
Trd, 8639535.912, 140
Trd, 8639536.912, 140
Trd, 8639537.312, 140
Trd, 8639537.412, 137
Trd, 8639537.579, 126
Trd, 8639537.746, 124
Trd, 8639538.079, 124
Trd, 8639539.646, 140
Trd, 8639540.246, 140
Trd, 8639540.579, 139
Trd, 8639540.679, 125
Trd, 8639541.012, 137
Trd, 8639541.212, 133
Trd, 8639541.979, 95
Trd, 8639542.546, 93
Trd, 8639543.012, 93
Trd, 8639544.612, 140
Trd, 8639544.712, 139
Trd, 8639545.212, 134
Trd, 8639545.446, 125
Trd, 8639545.479, 113
Trd, 8639546.446, 139
Trd, 8639547.479, 60
Trd, 8639547.646, 62
Trd, 8639548.279, 62
Trd, 8639548.312, 66
Trd, 8639549.179, 69
Trd, 8639549.612, 64
Trd, 8639549.812, 140
Trd, 8639550.779, 140
Trd, 8639550.846, 140
Trd, 8639551.046, 133
Trd, 8639552.112, 68
Trd, 8639552.679, 75
Trd, 8639552.712, 75
Trd, 8639553.512, 85
Trd, 8639553.946, 140
Trd, 8639554.112, 140
Trd, 8639554.146, 137
Trd, 8639554.679, 87
Trd, 8639555.246, 138
Trd, 8639556.146, 126
Trd, 8639556.479, 122
Trd, 8639556.946, 121
Trd, 8639557.279, 87
Trd, 8639557.779, 101
Trd, 8639558.012, 132
Trd, 8639558.646, 129
Trd, 8639559.112, 130
Trd, 8639559.179, 129
Trd, 8639559.446, 116
Trd, 8639560.079, 136
Trd, 8639560.512, 140
Trd, 8639561.279, 129
Trd, 8639561.446, 129
Trd, 8639562.112, 129
Trd, 8639562.479, 128
Trd, 8639562.512, 128
Trd, 8639562.779, 119
Trd, 8639563.579, 129
Trd, 8639563.712, 131
Trd, 8639563.979, 112
Trd, 8639564.812, 114
Trd, 8639564.946, 104
Trd, 8639565.746, 140
Trd, 8639566.046, 114
Trd, 8639566.279, 88
Trd, 8639567.046, 128
Trd, 8639568.046, 140
Trd, 8639568.146, 140
Trd, 8639568.546, 140
Trd, 8639569.112, 139
Trd, 8639569.712, 117
Trd, 8639570.779, 118
Trd, 8639571.512, 69
Trd, 8639571.546, 96
Trd, 8639571.812, 124
Trd, 8639573.079, 80
Trd, 8639573.512, 77
Trd, 8639573.612, 120
Trd, 8639573.812, 133
Trd, 8639574.912, 101
Trd, 8639574.946, 99
Trd, 8639575.312, 106
Trd, 8639575.712, 99
Trd, 8639576.146, 138
Trd, 8639576.379, 138
Trd, 8639577.046, 139
Trd, 8639577.246, 140
Trd, 8639578.146, 135
Trd, 8639578.346, 134
Trd, 8639579.179, 139
Trd, 8639579.679, 138
Trd, 8639580.246, 119
Trd, 8639580.512, 140
Trd, 8639581.112, 140
Trd, 8639581.212, 140
Trd, 8639581.412, 138
Trd, 8639581.779, 129
Trd, 8639582.046, 135
Trd, 8639582.079, 132
Trd, 8639583.279, 128
Trd, 8639583.479, 127
Trd, 8639583.812, 138
Trd, 8639584.246, 137
Trd, 8639584.446, 116
Trd, 8639585.046, 69
Trd, 8639585.179, 64
Trd, 8639585.546, 72
Trd, 8639585.646, 64
Trd, 8639585.912, 73
Trd, 8639586.312, 105
Trd, 8639587.912, 62
Trd, 8639590.012, 140
Trd, 8639590.246, 140
Trd, 8639590.312, 140
Trd, 8639590.579, 140
Trd, 8639590.746, 140
Trd, 8639590.779, 136
Trd, 8639591.012, 140
Trd, 8639591.279, 128
Trd, 8639591.512, 125
Trd, 8639592.512, 138
Trd, 8639593.446, 128
Trd, 8639593.779, 131
Trd, 8639593.846, 128
Trd, 8639593.912, 125
Trd, 8639594.046, 123
Trd, 8639594.346, 128
Trd, 8639594.446, 131
Trd, 8639595.246, 107
Trd, 8639595.312, 105
Trd, 8639595.779, 93
Trd, 8639595.912, 132
Trd, 8639596.146, 116
Trd, 8639597.346, 138
Trd, 8639597.712, 140
Trd, 8639597.846, 139
Trd, 8639597.946, 96
Trd, 8639598.946, 74
Trd, 8639600.112, 61
Trd, 8639600.346, 62
Trd, 8639601.012, 61
Trd, 8639601.412, 61
Trd, 8639601.646, 62
Trd, 8639602.546, 67
Trd, 8639603.079, 79
Trd, 8639603.612, 123
Trd, 8639604.412, 127
Trd, 8639604.646, 127
Trd, 8639604.979, 140
Trd, 8639605.012, 139
Trd, 8639605.579, 127
Trd, 8639605.612, 126
Trd, 8639606.279, 140
Trd, 8639606.879, 139
Trd, 8639608.346, 137
Trd, 8639608.379, 132
Trd, 8639608.512, 116
Trd, 8639608.679, 133
Trd, 8639609.912, 64
Trd, 8639610.412, 121
Trd, 8639611.412, 61
Trd, 8639612.012, 75
Trd, 8639613.046, 70
Trd, 8639613.379, 63
Trd, 8639613.912, 72
Trd, 8639614.112, 72
Trd, 8639615.146, 74
Trd, 8639615.412, 83
Trd, 8639615.479, 114
Trd, 8639616.046, 132
Trd, 8639617.212, 140
Trd, 8639617.446, 140
Trd, 8639617.546, 140
Trd, 8639617.746, 140
Trd, 8639617.979, 140
Trd, 8639618.212, 134
Trd, 8639618.312, 133
Trd, 8639618.346, 131
Trd, 8639618.679, 127
Trd, 8639620.446, 140
Trd, 8639621.546, 140
Trd, 8639622.946, 140
Trd, 8639623.346, 140
Trd, 8639623.746, 140
Trd, 8639623.879, 140
Trd, 8639624.179, 140
Trd, 8639625.046, 140
Trd, 8639625.646, 120
Trd, 8639627.012, 139
Trd, 8639627.512, 140
Trd, 8639627.546, 140
Trd, 8639628.512, 140
Trd, 8639628.546, 140
Trd, 8639629.012, 139
Trd, 8639629.112, 129
Trd, 8639630.512, 135
Trd, 8639630.779, 134
Trd, 8639631.046, 123
Trd, 8639631.812, 85
Trd, 8639631.912, 84
Trd, 8639631.979, 138
Trd, 8639632.346, 127
Trd, 8639632.446, 138
Trd, 8639632.612, 82
Trd, 8639632.979, 115
Trd, 8639633.479, 140
Trd, 8639634.412, 80
Trd, 8639635.079, 87
Trd, 8639635.279, 90
Trd, 8639635.746, 79
Trd, 8639635.812, 104
Trd, 8639636.412, 122
Trd, 8639636.779, 60
Trd, 8639638.212, 114
Trd, 8639638.712, 104
Trd, 8639639.346, 110
Trd, 8639640.046, 140
Trd, 8639640.179, 140
Trd, 8639640.579, 140
Trd, 8639640.612, 128
Trd, 8639640.879, 93
Trd, 8639641.512, 93
Trd, 8639641.546, 92
Trd, 8639642.246, 138
Trd, 8639643.779, 140
Trd, 8639643.846, 138
Trd, 8639644.279, 138
Trd, 8639644.712, 135
Trd, 8639644.979, 132
Trd, 8639645.712, 125
Trd, 8639646.012, 112
Trd, 8639646.146, 109
Trd, 8639646.379, 130
Trd, 8639646.746, 83
Trd, 8639647.446, 83
Trd, 8639647.846, 132
Trd, 8639647.979, 64
Trd, 8639648.112, 138
Trd, 8639650.212, 140
Trd, 8639651.046, 140
Trd, 8639651.146, 140
Trd, 8639651.312, 139
Trd, 8639651.346, 138
Trd, 8639651.879, 111
Trd, 8639652.946, 136
Trd, 8639652.979, 135
Trd, 8639654.379, 140
Trd, 8639654.412, 140
Trd, 8639654.612, 135
Trd, 8639654.946, 131
Trd, 8639655.012, 119
Trd, 8639655.546, 133
Trd, 8639656.246, 132
Trd, 8639656.579, 124
Trd, 8639656.612, 118
Trd, 8639657.179, 91
Trd, 8639657.579, 112
Trd, 8639658.046, 139
Trd, 8639658.746, 116
Trd, 8639659.379, 137
Trd, 8639659.446, 116
Trd, 8639659.612, 117
Trd, 8639659.879, 116
Trd, 8639660.112, 139
Trd, 8639661.446, 136
Trd, 8639661.512, 100
Trd, 8639662.112, 70
Trd, 8639662.146, 71
Trd, 8639662.712, 84
Trd, 8639663.146, 124
Trd, 8639664.146, 98
Trd, 8639664.746, 73
Trd, 8639665.612, 140
Trd, 8639665.979, 140
Trd, 8639666.312, 140
Trd, 8639666.412, 131
Trd, 8639666.812, 125
Trd, 8639667.079, 68
Trd, 8639668.546, 140
Trd, 8639668.679, 140
Trd, 8639668.812, 140
Trd, 8639668.979, 139
Trd, 8639669.312, 132
Trd, 8639669.512, 131
Trd, 8639670.812, 115
Trd, 8639670.912, 115
Trd, 8639671.212, 115
Trd, 8639671.912, 139
Trd, 8639672.412, 133
Trd, 8639672.512, 114
Trd, 8639672.779, 87
Trd, 8639674.379, 140
Trd, 8639675.179, 140
Trd, 8639675.712, 140
Trd, 8639675.846, 140
Trd, 8639675.912, 140
Trd, 8639676.912, 132
Trd, 8639676.946, 128
Trd, 8639677.146, 121
Trd, 8639677.379, 124
Trd, 8639677.579, 124
Trd, 8639677.979, 124
Trd, 8639679.446, 140
Trd, 8639679.912, 140
Trd, 8639679.979, 140
Trd, 8639680.112, 140
Trd, 8639681.746, 132
Trd, 8639681.779, 131
Trd, 8639682.712, 129
Trd, 8639683.046, 136
Trd, 8639683.979, 140
Trd, 8639684.312, 140
Trd, 8639685.346, 140
Trd, 8639685.412, 140
Trd, 8639685.779, 140
Trd, 8639686.546, 140
Trd, 8639686.712, 140
Trd, 8639686.879, 140
Trd, 8639687.112, 140
Trd, 8639687.579, 140
Trd, 8639687.612, 139
Trd, 8639688.046, 130
Trd, 8639688.246, 128
Trd, 8639688.679, 68
Trd, 8639689.212, 71
Trd, 8639689.879, 68
Trd, 8639690.446, 117
Trd, 8639690.546, 98
Trd, 8639691.579, 139
Trd, 8639692.079, 68
Trd, 8639692.412, 67
Trd, 8639692.479, 66
Trd, 8639692.779, 65
Trd, 8639692.846, 90
Trd, 8639692.979, 103
Trd, 8639693.546, 60
Trd, 8639694.112, 131
Trd, 8639695.679, 140
Trd, 8639695.979, 136
Trd, 8639696.212, 135
Trd, 8639696.879, 133
Trd, 8639697.146, 139
Trd, 8639697.679, 140
Trd, 8639697.846, 135
Trd, 8639698.012, 135
Trd, 8639698.146, 133
Trd, 8639698.679, 139
Trd, 8639699.112, 138
Trd, 8639699.379, 87
Trd, 8639699.446, 64
Trd, 8639699.679, 65
Trd, 8639700.979, 60
Trd, 8639701.346, 104
Trd, 8639701.946, 61
Trd, 8639702.179, 130
Trd, 8639702.546, 64
Trd, 8639702.579, 64
Trd, 8639702.746, 60
Trd, 8639703.746, 77
Trd, 8639704.879, 140
Trd, 8639705.446, 140
Trd, 8639706.379, 140
Trd, 8639706.746, 140
Trd, 8639706.946, 140
Trd, 8639707.612, 140
Trd, 8639708.612, 140
Trd, 8639708.879, 140
Trd, 8639709.012, 140
Trd, 8639709.779, 140
Trd, 8639710.846, 140
Trd, 8639711.212, 136
Trd, 8639711.312, 135
Trd, 8639711.412, 131
Trd, 8639711.746, 120
Trd, 8639712.046, 123
Trd, 8639712.679, 60
Trd, 8639713.146, 67
Trd, 8639713.512, 72
Trd, 8639713.812, 69
Trd, 8639713.846, 72
Trd, 8639714.379, 76
Trd, 8639715.312, 131
Trd, 8639715.512, 131
Trd, 8639716.712, 139
Trd, 8639716.946, 134
Trd, 8639717.079, 133
Trd, 8639717.512, 138
Trd, 8639718.346, 139
Trd, 8639719.412, 140
Trd, 8639719.712, 140
Trd, 8639719.979, 138
Trd, 8639720.546, 130
Trd, 8639720.579, 121
Trd, 8639722.546, 140
Trd, 8639722.879, 140
Trd, 8639723.046, 140
Trd, 8639723.079, 139
Trd, 8639723.112, 101
Trd, 8639724.046, 127
Trd, 8639725.112, 139
Trd, 8639725.312, 136
Trd, 8639725.579, 137
Trd, 8639725.746, 137
Trd, 8639725.812, 136
Trd, 8639726.279, 140
Trd, 8639726.479, 140
Trd, 8639728.179, 140
Trd, 8639728.546, 139
Trd, 8639728.746, 130
Trd, 8639729.046, 112
Trd, 8639729.146, 111
Trd, 8639730.379, 140
Trd, 8639730.512, 128
Trd, 8639730.646, 118
Trd, 8639731.512, 126
Trd, 8639731.946, 140
Trd, 8639732.512, 140
Trd, 8639732.946, 140
Trd, 8639733.646, 140
Trd, 8639733.979, 140
Trd, 8639734.212, 140
Trd, 8639736.146, 140
Trd, 8639736.512, 140
Trd, 8639736.679, 140
Trd, 8639737.112, 140
Trd, 8639737.512, 140
Trd, 8639738.112, 137
Trd, 8639739.579, 138
Trd, 8639740.079, 140
Trd, 8639740.412, 140
Trd, 8639740.579, 140
Trd, 8639741.146, 139
Trd, 8639741.279, 128
Trd, 8639742.212, 139
Trd, 8639742.446, 128
Trd, 8639742.546, 122
Trd, 8639742.646, 110
Trd, 8639743.179, 118
Trd, 8639743.546, 130
Trd, 8639743.779, 83
Trd, 8639744.912, 140
Trd, 8639745.679, 140
Trd, 8639746.246, 140
Trd, 8639746.479, 140
Trd, 8639746.779, 140
Trd, 8639747.646, 140
Trd, 8639747.812, 135
Trd, 8639747.946, 128
Trd, 8639748.279, 108
Trd, 8639748.446, 81
Trd, 8639748.612, 110
Trd, 8639749.312, 73
Trd, 8639750.112, 60
Trd, 8639750.946, 60
Trd, 8639752.012, 62
Trd, 8639752.079, 99
Trd, 8639752.412, 82
Trd, 8639752.812, 106
Trd, 8639753.012, 133
Trd, 8639753.412, 121
Trd, 8639753.612, 109
Trd, 8639753.679, 128
Trd, 8639754.446, 134
Trd, 8639754.779, 134
Trd, 8639755.146, 140
Trd, 8639756.146, 138
Trd, 8639756.279, 135
Trd, 8639756.612, 137
Trd, 8639756.646, 134
Trd, 8639756.912, 128
Trd, 8639757.512, 128
Trd, 8639757.712, 127
Trd, 8639757.879, 98
Trd, 8639758.146, 113
Trd, 8639758.946, 111
Trd, 8639760.446, 140
Trd, 8639760.812, 140
Trd, 8639761.146, 123
Trd, 8639761.612, 140
Trd, 8639762.079, 127
Trd, 8639762.346, 124
Trd, 8639763.246, 124
Trd, 8639763.746, 138
Trd, 8639765.512, 139
Trd, 8639765.879, 139
Trd, 8639766.512, 140
Trd, 8639766.879, 140
Trd, 8639767.846, 140
Trd, 8639767.946, 140
Trd, 8639768.779, 140
Trd, 8639768.879, 140
Trd, 8639768.946, 130
Trd, 8639769.179, 129
Trd, 8639769.746, 136
Trd, 8639771.012, 140
Trd, 8639771.046, 133
Trd, 8639771.212, 140
Trd, 8639772.246, 140
Trd, 8639772.812, 140
Trd, 8639772.879, 140
Trd, 8639773.212, 140
Trd, 8639773.379, 140
Trd, 8639773.646, 140
Trd, 8639774.712, 137
Trd, 8639775.212, 136
Trd, 8639775.446, 139
Trd, 8639776.479, 131
Trd, 8639777.046, 137
Trd, 8639777.279, 102
Trd, 8639777.712, 112
Trd, 8639777.912, 137
Trd, 8639778.179, 111
Trd, 8639778.346, 93
Trd, 8639778.712, 84
Trd, 8639778.779, 123
Trd, 8639779.546, 140
Trd, 8639779.746, 140
Trd, 8639779.979, 140
Trd, 8639780.646, 131
Trd, 8639781.346, 74
Trd, 8639782.012, 139
Trd, 8639782.346, 140
Trd, 8639783.379, 140
Trd, 8639783.779, 140
Trd, 8639783.979, 140
Trd, 8639785.046, 140
Trd, 8639785.279, 140
Trd, 8639786.112, 138
Trd, 8639786.146, 137
Trd, 8639786.379, 129
Trd, 8639786.646, 128
Trd, 8639786.879, 99
Trd, 8639787.512, 73
Trd, 8639788.479, 101
Trd, 8639788.946, 100
Trd, 8639788.979, 102
Trd, 8639789.446, 115
Trd, 8639789.779, 94
Trd, 8639790.179, 135
Trd, 8639790.646, 136
Trd, 8639790.679, 138
Trd, 8639791.046, 140
Trd, 8639792.279, 140
Trd, 8639792.512, 140
Trd, 8639792.579, 139
Trd, 8639792.846, 130
Trd, 8639793.146, 119
Trd, 8639793.679, 100
Trd, 8639793.946, 99
Trd, 8639794.412, 105
Trd, 8639794.879, 90
Trd, 8639795.046, 105
Trd, 8639795.346, 69
Trd, 8639795.746, 87
Trd, 8639795.879, 105
Trd, 8639797.212, 132
Trd, 8639797.446, 136
Trd, 8639797.879, 110
Trd, 8639799.746, 121
Trd, 8639800.479, 123
Trd, 8639800.746, 124
Trd, 8639801.079, 123
Trd, 8639801.112, 113
Trd, 8639801.512, 138
Trd, 8639801.879, 121
Trd, 8639801.912, 110
Trd, 8639802.646, 117
Trd, 8639803.179, 135
Trd, 8639803.212, 104
Trd, 8639803.379, 104
Trd, 8639804.246, 139
Trd, 8639805.646, 137
Trd, 8639805.879, 129
Trd, 8639806.079, 121
Trd, 8639806.312, 113
Trd, 8639806.979, 80
Trd, 8639807.546, 140
Trd, 8639809.312, 140
Trd, 8639809.879, 140
Trd, 8639809.946, 140
Trd, 8639810.112, 138
Trd, 8639810.479, 137
Trd, 8639811.646, 140
Trd, 8639811.846, 140
Trd, 8639812.112, 140
Trd, 8639812.479, 140
Trd, 8639812.546, 140
Trd, 8639812.946, 138
Trd, 8639813.146, 137
Trd, 8639813.212, 136
Trd, 8639813.679, 120
Trd, 8639814.179, 80
Trd, 8639815.512, 127
Trd, 8639815.679, 121
Trd, 8639815.746, 135
Trd, 8639815.946, 137
Trd, 8639816.779, 120
Trd, 8639817.079, 119
Trd, 8639817.479, 108
Trd, 8639817.679, 120
Trd, 8639818.279, 63
Trd, 8639818.512, 62
Trd, 8639818.612, 136
Trd, 8639818.779, 136
Trd, 8639818.879, 138
Trd, 8639819.679, 77
Trd, 8639820.412, 114
Trd, 8639821.346, 118
Trd, 8639821.412, 121
Trd, 8639822.612, 138
Trd, 8639823.579, 118
Trd, 8639823.646, 118
Trd, 8639823.746, 124
Trd, 8639823.912, 117
Trd, 8639824.012, 116
Trd, 8639824.279, 140
Trd, 8639825.179, 116
Trd, 8639825.246, 114
Trd, 8639825.779, 124
Trd, 8639825.879, 78
Trd, 8639826.312, 131
Trd, 8639826.679, 116
Trd, 8639827.579, 63
Trd, 8639827.812, 130
Trd, 8639828.112, 87
Trd, 8639828.679, 112
Trd, 8639828.712, 89
Trd, 8639829.146, 86
Trd, 8639829.379, 91
Trd, 8639830.146, 65
Trd, 8639830.179, 65
Trd, 8639831.479, 100
Trd, 8639833.346, 129
Trd, 8639833.446, 128
Trd, 8639833.512, 131
Trd, 8639834.412, 130
Trd, 8639834.646, 120
Trd, 8639834.679, 117
Trd, 8639835.746, 131
Trd, 8639835.779, 130
Trd, 8639836.112, 140
Trd, 8639836.179, 139
Trd, 8639836.912, 133
Trd, 8639837.946, 75
Trd, 8639839.246, 124
Trd, 8639839.279, 136
Trd, 8639839.879, 139
Trd, 8639840.412, 132
Trd, 8639840.479, 116
Trd, 8639841.079, 128
Trd, 8639841.579, 116
Trd, 8639842.646, 127
Trd, 8639843.279, 119
Trd, 8639843.812, 118
Trd, 8639843.846, 115
Trd, 8639844.112, 140
Trd, 8639844.612, 140
Trd, 8639844.679, 110
Trd, 8639844.746, 108
Trd, 8639844.846, 94
Trd, 8639844.879, 95
Trd, 8639845.012, 138
Trd, 8639845.879, 87
Trd, 8639845.946, 85
Trd, 8639847.846, 140
Trd, 8639848.012, 140
Trd, 8639848.346, 129
Trd, 8639848.812, 140
Trd, 8639849.079, 137
Trd, 8639849.212, 105
Trd, 8639850.579, 69
Trd, 8639851.512, 138
Trd, 8639851.779, 129
Trd, 8639852.212, 108
Trd, 8639852.412, 127
Trd, 8639852.679, 138
Trd, 8639852.812, 122
Trd, 8639853.212, 122
Trd, 8639853.946, 137
Trd, 8639854.012, 100
Trd, 8639854.612, 111
Trd, 8639855.546, 135
Trd, 8639856.146, 140
Trd, 8639857.046, 140
Trd, 8639857.846, 140
Trd, 8639858.279, 140
Trd, 8639858.379, 140
Trd, 8639858.412, 122
Trd, 8639858.579, 138
Trd, 8639859.546, 123
Trd, 8639859.712, 129
Trd, 8639859.812, 132
Trd, 8639859.879, 123
Trd, 8639860.612, 129
Trd, 8639861.346, 134
Trd, 8639861.879, 111
Trd, 8639862.579, 111
Trd, 8639862.746, 110
Trd, 8639862.779, 110
Trd, 8639862.846, 108
Trd, 8639863.179, 140
Trd, 8639865.579, 140
Trd, 8639865.646, 139
Trd, 8639865.946, 140
Trd, 8639866.012, 128
Trd, 8639866.379, 128
Trd, 8639867.012, 127
Trd, 8639867.379, 126
Trd, 8639868.279, 120
Trd, 8639868.312, 119
Trd, 8639868.379, 105
Trd, 8639869.012, 82
Trd, 8639869.179, 119
Trd, 8639870.346, 90
Trd, 8639870.812, 116
Trd, 8639871.279, 85
Trd, 8639871.412, 86
Trd, 8639871.646, 85
Trd, 8639871.946, 78
Trd, 8639871.979, 121
Trd, 8639872.646, 63
Trd, 8639872.912, 68
Trd, 8639873.179, 63
Trd, 8639874.279, 67
Trd, 8639874.912, 139
Trd, 8639874.946, 138
Trd, 8639875.512, 138
Trd, 8639875.612, 133
Trd, 8639876.512, 101
Trd, 8639877.012, 60
Trd, 8639877.046, 64
Trd, 8639878.012, 73
Trd, 8639878.812, 63
Trd, 8639879.812, 63
Trd, 8639879.912, 65
Trd, 8639880.712, 112
Trd, 8639881.012, 99
Trd, 8639881.246, 118
Trd, 8639881.512, 118
Trd, 8639881.812, 109
Trd, 8639882.512, 140
Trd, 8639882.612, 139
Trd, 8639882.712, 135
Trd, 8639883.112, 129
Trd, 8639883.446, 71
Trd, 8639883.546, 69
Trd, 8639884.146, 69
Trd, 8639884.779, 74
Trd, 8639884.912, 127
Trd, 8639886.179, 140
Trd, 8639887.579, 134
Trd, 8639888.112, 139
Trd, 8639888.146, 138
Trd, 8639888.312, 139
Trd, 8639888.646, 137
Trd, 8639888.812, 127
Trd, 8639889.746, 128
Trd, 8639889.912, 111
Trd, 8639890.012, 109
Trd, 8639890.646, 72
Trd, 8639890.779, 106
Trd, 8639891.712, 132
Trd, 8639892.179, 134
Trd, 8639892.512, 134
Trd, 8639893.812, 138
Trd, 8639893.846, 137
Trd, 8639894.012, 140
Trd, 8639895.212, 140
Trd, 8639895.412, 131
Trd, 8639895.446, 129
Trd, 8639895.746, 135
Trd, 8639897.079, 125
Trd, 8639897.412, 125
Trd, 8639897.679, 135
Trd, 8639898.546, 131
Trd, 8639898.779, 122
Trd, 8639899.346, 110
Trd, 8639899.479, 106
Trd, 8639899.946, 102
Trd, 8639900.546, 140
Trd, 8639901.112, 111
Trd, 8639901.312, 105
Trd, 8639901.612, 136
Trd, 8639902.712, 95
Trd, 8639902.812, 108
Trd, 8639903.512, 71
Trd, 8639903.712, 133
Trd, 8639905.246, 60
Trd, 8639905.379, 60
Trd, 8639905.912, 61
Trd, 8639906.112, 61
Trd, 8639906.346, 65
Trd, 8639907.179, 62
Trd, 8639907.479, 65
Trd, 8639907.879, 68
Trd, 8639907.979, 78
Trd, 8639908.079, 84
Trd, 8639909.312, 78
Trd, 8639910.012, 140
Trd, 8639910.112, 140
Trd, 8639910.179, 139
Trd, 8639912.546, 131
Trd, 8639912.612, 125
Trd, 8639912.746, 125
Trd, 8639913.546, 120
Trd, 8639913.712, 120
Trd, 8639913.946, 138
Trd, 8639914.346, 121
Trd, 8639914.379, 120
Trd, 8639914.779, 138
Trd, 8639916.379, 140
Trd, 8639916.512, 139
Trd, 8639916.546, 138
Trd, 8639916.579, 128
Trd, 8639917.012, 139
Trd, 8639917.912, 128
Trd, 8639918.479, 139
Trd, 8639918.846, 127
Trd, 8639918.946, 124
Trd, 8639919.079, 114
Trd, 8639919.512, 61
Trd, 8639920.246, 60
Trd, 8639921.879, 60
Trd, 8639922.079, 64
Trd, 8639922.646, 67
Trd, 8639922.746, 102
Trd, 8639922.879, 67
Trd, 8639923.246, 66
Trd, 8639923.546, 66
Trd, 8639923.579, 67
Trd, 8639923.679, 72
Trd, 8639924.012, 105
Trd, 8639924.879, 128
Trd, 8639926.346, 140
Trd, 8639927.179, 140
Trd, 8639927.612, 140
Trd, 8639927.946, 140
Trd, 8639928.179, 139
Trd, 8639928.312, 134
Trd, 8639928.912, 140
Trd, 8639929.712, 140
Trd, 8639930.012, 138
Trd, 8639930.212, 133
Trd, 8639930.912, 122
Trd, 8639930.979, 93
Trd, 8639931.279, 117
Trd, 8639931.446, 61
Trd, 8639933.346, 139
Trd, 8639933.379, 138
Trd, 8639933.979, 140
Trd, 8639934.046, 140
Trd, 8639935.112, 137
Trd, 8639935.146, 136
Trd, 8639935.746, 125
Trd, 8639936.112, 140
Trd, 8639936.179, 137
Trd, 8639936.546, 113
Trd, 8639938.046, 135
Trd, 8639938.579, 133
Trd, 8639938.846, 140
Trd, 8639939.112, 140
Trd, 8639940.412, 140
Trd, 8639940.912, 140
Trd, 8639941.779, 138
Trd, 8639941.979, 139
Trd, 8639942.079, 139
Trd, 8639943.146, 140
Trd, 8639943.346, 139
Trd, 8639943.479, 134
Trd, 8639943.812, 129
Trd, 8639944.112, 119
Trd, 8639945.479, 140
Trd, 8639945.746, 140
Trd, 8639946.046, 140
Trd, 8639946.579, 140
Trd, 8639946.879, 140
Trd, 8639946.979, 140
Trd, 8639947.179, 140
Trd, 8639948.446, 140
Trd, 8639948.579, 111
Trd, 8639948.712, 103
Trd, 8639948.746, 98
Trd, 8639948.846, 75
Trd, 8639949.579, 84
Trd, 8639949.912, 120
Trd, 8639950.046, 139
Trd, 8639950.379, 123
Trd, 8639950.646, 69
Trd, 8639951.179, 60
Trd, 8639951.212, 71
Trd, 8639952.446, 69
Trd, 8639953.279, 72
Trd, 8639953.846, 103
Trd, 8639953.979, 104
Trd, 8639954.546, 94
Trd, 8639954.679, 116
Trd, 8639955.346, 140
Trd, 8639955.579, 134
Trd, 8639956.412, 132
Trd, 8639957.679, 140
Trd, 8639958.146, 140
Trd, 8639958.579, 140
Trd, 8639958.779, 140
Trd, 8639958.912, 140
Trd, 8639959.446, 140
Trd, 8639959.479, 140
Trd, 8639959.879, 139
Trd, 8639960.346, 140
Trd, 8639961.212, 128
Trd, 8639961.312, 114
Trd, 8639961.546, 105
Trd, 8639962.112, 123
Trd, 8639962.446, 135
Trd, 8639962.479, 134
Trd, 8639962.912, 134
Trd, 8639963.579, 130
Trd, 8639963.646, 139
Trd, 8639964.212, 139
Trd, 8639964.679, 132
Trd, 8639964.846, 125
Trd, 8639965.579, 125
Trd, 8639966.046, 120
Trd, 8639966.179, 118
Trd, 8639966.546, 116
Trd, 8639966.946, 98
Trd, 8639967.079, 82
Trd, 8639968.646, 140
Trd, 8639968.912, 140
Trd, 8639969.546, 140
Trd, 8639970.146, 133
Trd, 8639970.379, 132
Trd, 8639971.946, 140
Trd, 8639972.746, 140
Trd, 8639972.779, 140
Trd, 8639973.246, 138
Trd, 8639973.612, 132
Trd, 8639973.779, 129
Trd, 8639974.879, 140
Trd, 8639975.446, 139
Trd, 8639975.879, 140
Trd, 8639975.912, 137
Trd, 8639976.146, 137
Trd, 8639976.212, 130
Trd, 8639976.512, 130
Trd, 8639978.546, 134
Trd, 8639978.612, 133
Trd, 8639978.746, 133
Trd, 8639979.179, 139
Trd, 8639979.212, 129
Trd, 8639979.412, 129
Trd, 8639979.746, 139
Trd, 8639980.246, 129
Trd, 8639981.879, 140
Trd, 8639981.946, 140
Trd, 8639982.112, 140
Trd, 8639982.446, 139
Trd, 8639982.612, 136
Trd, 8639984.312, 140
Trd, 8639984.646, 140
Trd, 8639984.912, 135
Trd, 8639985.412, 137
Trd, 8639985.612, 132
Trd, 8639985.646, 126
Trd, 8639986.179, 133
Trd, 8639986.512, 127
Trd, 8639986.979, 123
Trd, 8639987.412, 113
Trd, 8639987.512, 105
Trd, 8639987.546, 93
Trd, 8639989.579, 98
Trd, 8639990.512, 95
Trd, 8639990.812, 87
Trd, 8639991.046, 110
Trd, 8639991.446, 87
Trd, 8639992.179, 103
Trd, 8639992.812, 103
Trd, 8639993.079, 92
Trd, 8639993.412, 89
Trd, 8639993.512, 88
Trd, 8639993.679, 107
Trd, 8639994.746, 140
Trd, 8639995.212, 140
Trd, 8639995.246, 140
Trd, 8639995.846, 132
Trd, 8639995.912, 130
Trd, 8639995.946, 130
Trd, 8639996.546, 140
Trd, 8639997.379, 116
Trd, 8639997.846, 134
Trd, 8639998.479, 110
Trd, 8639999.146, 135
Trd, 8639999.479, 135
