Trd, 8638760.579, 122
Trd, 8638760.846, 106
Trd, 8638761.046, 74
Trd, 8638761.879, 83
Trd, 8638762.246, 103
Trd, 8638762.746, 103
Trd, 8638762.912, 101
Trd, 8638762.946, 101
Trd, 8638763.346, 96
Trd, 8638764.179, 99
Trd, 8638764.612, 131
Trd, 8638764.712, 81
Trd, 8638765.312, 116
Trd, 8638765.779, 111
Trd, 8638765.879, 94
Trd, 8638766.179, 97
Trd, 8638766.446, 79
Trd, 8638767.379, 118
Trd, 8638767.812, 86
Trd, 8638767.946, 101
Trd, 8638769.079, 134
Trd, 8638769.479, 118
Trd, 8638770.079, 127
Trd, 8638770.379, 101
Trd, 8638770.946, 140
Trd, 8638771.346, 113
Trd, 8638771.846, 97
Trd, 8638773.012, 74
Trd, 8638773.079, 76
Trd, 8638773.446, 92
Trd, 8638774.646, 100
Trd, 8638774.746, 87
Trd, 8638775.312, 95
Trd, 8638775.412, 86
Trd, 8638776.112, 86
Trd, 8638777.712, 133
Trd, 8638777.979, 126
Trd, 8638778.346, 110
Trd, 8638778.612, 108
Trd, 8638778.779, 100
Trd, 8638779.946, 130
Trd, 8638780.479, 117
Trd, 8638780.679, 88
Trd, 8638780.746, 88
Trd, 8638781.346, 131
Trd, 8638782.079, 110
Trd, 8638782.279, 81
Trd, 8638782.746, 94
Trd, 8638783.146, 79
Trd, 8638783.412, 122
Trd, 8638783.546, 96
Trd, 8638784.279, 133
Trd, 8638784.312, 125
Trd, 8638784.746, 117
Trd, 8638785.246, 108
Trd, 8638785.979, 79
Trd, 8638786.179, 95
Trd, 8638786.846, 90
Trd, 8638787.279, 95
Trd, 8638788.812, 74
Trd, 8638788.846, 90
Trd, 8638788.912, 94
Trd, 8638789.246, 70
Trd, 8638790.646, 60
Trd, 8638790.879, 74
Trd, 8638791.246, 85
Trd, 8638791.346, 86
Trd, 8638791.746, 69
Trd, 8638792.446, 90
Trd, 8638794.012, 122
Trd, 8638794.212, 99
Trd, 8638794.279, 95
Trd, 8638795.079, 102
Trd, 8638796.279, 132
Trd, 8638796.346, 132
Trd, 8638796.612, 129
Trd, 8638796.812, 100
Trd, 8638796.879, 89
Trd, 8638797.012, 121
Trd, 8638797.079, 84
Trd, 8638797.112, 73
Trd, 8638799.179, 113
Trd, 8638799.379, 98
Trd, 8638799.712, 96
Trd, 8638800.179, 94
Trd, 8638800.379, 78
Trd, 8638800.979, 90
Trd, 8638801.612, 126
Trd, 8638801.812, 108
Trd, 8638802.346, 88
Trd, 8638803.179, 104
Trd, 8638803.646, 103
Trd, 8638804.246, 110
Trd, 8638804.512, 108
Trd, 8638804.579, 92
Trd, 8638804.812, 83
Trd, 8638805.212, 89
Trd, 8638805.846, 67
Trd, 8638806.279, 64
Trd, 8638806.879, 108
Trd, 8638807.846, 94
Trd, 8638808.779, 132
Trd, 8638809.112, 101
Trd, 8638809.679, 64
Trd, 8638810.079, 100
Trd, 8638810.279, 109
Trd, 8638810.812, 75
Trd, 8638810.912, 77
Trd, 8638811.212, 74
Trd, 8638811.412, 108
Trd, 8638811.646, 77
Trd, 8638811.846, 69
Trd, 8638812.312, 104
Trd, 8638813.146, 69
Trd, 8638813.479, 94
Trd, 8638813.812, 67
Trd, 8638814.346, 84
Trd, 8638814.446, 91
Trd, 8638814.679, 82
Trd, 8638814.846, 82
Trd, 8638815.346, 106
Trd, 8638815.579, 115
Trd, 8638816.546, 105
Trd, 8638816.646, 96
Trd, 8638817.679, 101
Trd, 8638818.546, 99
Trd, 8638818.612, 92
Trd, 8638818.746, 85
Trd, 8638818.812, 80
Trd, 8638819.746, 87
Trd, 8638820.446, 85
Trd, 8638820.679, 66
Trd, 8638821.212, 75
Trd, 8638821.879, 78
Trd, 8638822.446, 67
Trd, 8638822.746, 62
Trd, 8638823.679, 102
Trd, 8638824.979, 121
Trd, 8638825.612, 133
Trd, 8638825.746, 132
Trd, 8638825.979, 115
Trd, 8638826.779, 61
Trd, 8638827.479, 137
Trd, 8638827.546, 118
Trd, 8638828.379, 133
Trd, 8638828.412, 130
Trd, 8638829.979, 138
Trd, 8638831.412, 118
Trd, 8638831.679, 117
Trd, 8638831.812, 117
Trd, 8638832.112, 115
Trd, 8638832.479, 134
Trd, 8638832.779, 114
Trd, 8638833.546, 113
Trd, 8638833.579, 110
Trd, 8638833.846, 132
Trd, 8638835.146, 139
Trd, 8638835.279, 112
Trd, 8638835.712, 137
Trd, 8638836.012, 100
Trd, 8638836.079, 97
Trd, 8638836.379, 91
Trd, 8638836.412, 83
Trd, 8638837.246, 93
Trd, 8638837.812, 97
Trd, 8638838.379, 103
Trd, 8638838.879, 90
Trd, 8638839.146, 91
Trd, 8638839.346, 109
Trd, 8638840.012, 114
Trd, 8638840.312, 116
Trd, 8638840.979, 134
Trd, 8638841.312, 131
Trd, 8638841.779, 121
Trd, 8638842.179, 120
Trd, 8638842.879, 128
Trd, 8638843.246, 133
Trd, 8638843.646, 122
Trd, 8638844.912, 117
Trd, 8638845.012, 108
Trd, 8638845.679, 113
Trd, 8638845.712, 114
Trd, 8638846.112, 69
Trd, 8638846.412, 124
Trd, 8638847.512, 120
Trd, 8638847.912, 122
Trd, 8638848.146, 84
Trd, 8638848.446, 81
Trd, 8638848.479, 90
Trd, 8638848.612, 102
Trd, 8638849.412, 93
Trd, 8638849.479, 95
Trd, 8638850.146, 98
Trd, 8638850.312, 96
Trd, 8638850.579, 84
Trd, 8638850.879, 106
Trd, 8638851.312, 76
Trd, 8638852.012, 109
Trd, 8638852.079, 96
Trd, 8638853.379, 118
Trd, 8638854.012, 123
Trd, 8638854.179, 114
Trd, 8638854.579, 109
Trd, 8638854.979, 90
Trd, 8638855.312, 101
Trd, 8638855.546, 78
Trd, 8638856.279, 67
Trd, 8638856.379, 134
Trd, 8638856.979, 68
Trd, 8638857.046, 69
Trd, 8638857.712, 65
Trd, 8638857.946, 90
Trd, 8638859.112, 100
Trd, 8638860.246, 119
Trd, 8638860.579, 120
Trd, 8638860.812, 117
Trd, 8638861.146, 112
Trd, 8638861.846, 97
Trd, 8638861.879, 95
Trd, 8638861.979, 106
Trd, 8638862.046, 92
Trd, 8638863.446, 111
Trd, 8638864.146, 110
Trd, 8638864.179, 98
Trd, 8638864.446, 99
Trd, 8638864.946, 94
Trd, 8638865.912, 88
Trd, 8638865.979, 115
Trd, 8638866.446, 84
Trd, 8638866.879, 90
Trd, 8638867.112, 83
Trd, 8638867.479, 68
Trd, 8638868.812, 134
Trd, 8638869.046, 118
Trd, 8638869.479, 98
Trd, 8638869.546, 106
Trd, 8638869.846, 96
Trd, 8638870.546, 129
Trd, 8638871.046, 128
Trd, 8638871.846, 118
Trd, 8638872.379, 115
Trd, 8638872.512, 113
Trd, 8638873.246, 105
Trd, 8638873.279, 97
Trd, 8638873.846, 122
Trd, 8638874.512, 132
Trd, 8638874.579, 124
Trd, 8638874.646, 93
Trd, 8638874.712, 89
Trd, 8638875.446, 135
Trd, 8638875.712, 100
Trd, 8638875.812, 83
Trd, 8638876.746, 60
Trd, 8638876.946, 119
Trd, 8638877.146, 126
Trd, 8638877.512, 89
Trd, 8638878.746, 94
Trd, 8638878.979, 92
Trd, 8638879.412, 80
Trd, 8638879.479, 78
Trd, 8638879.946, 101
Trd, 8638881.546, 136
Trd, 8638882.146, 126
Trd, 8638882.312, 118
Trd, 8638883.046, 134
Trd, 8638883.246, 128
Trd, 8638883.312, 114
Trd, 8638883.546, 111
Trd, 8638884.546, 85
Trd, 8638884.779, 128
Trd, 8638885.412, 127
Trd, 8638886.246, 126
Trd, 8638886.679, 109
Trd, 8638887.346, 115
Trd, 8638888.746, 120
Trd, 8638888.812, 117
Trd, 8638888.946, 110
Trd, 8638889.179, 104
Trd, 8638889.612, 100
Trd, 8638890.279, 105
Trd, 8638890.912, 112
Trd, 8638891.379, 129
Trd, 8638891.779, 86
Trd, 8638893.012, 78
Trd, 8638893.212, 136
Trd, 8638893.412, 70
Trd, 8638893.546, 68
Trd, 8638894.412, 127
Trd, 8638894.612, 109
Trd, 8638894.679, 99
Trd, 8638894.979, 87
Trd, 8638895.746, 89
Trd, 8638896.179, 120
Trd, 8638897.379, 121
Trd, 8638898.379, 115
Trd, 8638898.412, 114
Trd, 8638898.646, 119
Trd, 8638898.679, 101
Trd, 8638898.846, 75
Trd, 8638899.312, 60
Trd, 8638899.346, 95
Trd, 8638900.212, 90
Trd, 8638901.246, 69
Trd, 8638901.279, 70
Trd, 8638902.112, 91
Trd, 8638902.679, 109
Trd, 8638903.312, 114
Trd, 8638903.912, 64
Trd, 8638904.712, 100
Trd, 8638904.846, 79
Trd, 8638905.046, 92
Trd, 8638905.846, 62
Trd, 8638906.146, 80
Trd, 8638906.712, 93
Trd, 8638907.279, 77
Trd, 8638907.379, 76
Trd, 8638907.546, 66
Trd, 8638908.079, 61
Trd, 8638908.879, 69
Trd, 8638909.246, 110
Trd, 8638909.312, 86
Trd, 8638909.746, 62
Trd, 8638911.379, 79
Trd, 8638911.546, 78
Trd, 8638911.579, 69
Trd, 8638912.012, 60
Trd, 8638912.779, 100
Trd, 8638912.912, 78
Trd, 8638913.479, 80
Trd, 8638913.812, 79
Trd, 8638913.846, 81
Trd, 8638914.879, 134
Trd, 8638915.112, 117
Trd, 8638915.279, 72
Trd, 8638915.746, 84
Trd, 8638917.312, 87
Trd, 8638917.446, 86
Trd, 8638917.679, 85
Trd, 8638917.846, 76
Trd, 8638918.246, 73
Trd, 8638918.346, 108
Trd, 8638918.612, 102
Trd, 8638919.446, 66
Trd, 8638919.979, 70
Trd, 8638920.246, 62
Trd, 8638920.412, 78
Trd, 8638920.746, 82
Trd, 8638921.812, 137
Trd, 8638923.112, 125
Trd, 8638923.612, 124
Trd, 8638923.812, 124
Trd, 8638923.846, 121
Trd, 8638925.012, 115
Trd, 8638925.446, 139
Trd, 8638925.579, 138
Trd, 8638925.946, 131
Trd, 8638926.179, 111
Trd, 8638926.379, 99
Trd, 8638927.612, 124
Trd, 8638928.546, 123
Trd, 8638929.012, 139
Trd, 8638929.312, 95
Trd, 8638930.446, 118
Trd, 8638930.712, 113
Trd, 8638930.779, 93
Trd, 8638931.179, 101
Trd, 8638931.812, 132
Trd, 8638932.012, 100
Trd, 8638932.379, 80
Trd, 8638933.346, 62
Trd, 8638933.546, 100
Trd, 8638933.812, 135
Trd, 8638934.746, 118
Trd, 8638934.879, 116
Trd, 8638935.046, 107
Trd, 8638935.312, 93
Trd, 8638936.012, 107
Trd, 8638936.979, 88
Trd, 8638937.246, 97
Trd, 8638937.446, 94
Trd, 8638937.646, 85
Trd, 8638938.246, 118
Trd, 8638939.579, 124
Trd, 8638939.646, 99
Trd, 8638939.846, 96
Trd, 8638941.512, 122
Trd, 8638941.779, 103
Trd, 8638941.912, 101
Trd, 8638942.046, 101
Trd, 8638942.812, 98
Trd, 8638942.912, 102
Trd, 8638943.246, 98
Trd, 8638943.279, 93
Trd, 8638944.612, 117
Trd, 8638945.212, 132
Trd, 8638945.746, 122
Trd, 8638945.879, 120
Trd, 8638946.579, 119
Trd, 8638946.912, 114
Trd, 8638947.446, 139
Trd, 8638947.846, 106
Trd, 8638948.246, 103
Trd, 8638948.512, 113
Trd, 8638949.046, 95
Trd, 8638950.946, 125
Trd, 8638951.346, 139
Trd, 8638951.412, 121
Trd, 8638951.479, 119
Trd, 8638951.946, 110
Trd, 8638952.446, 98
Trd, 8638952.812, 96
Trd, 8638952.846, 89
Trd, 8638953.246, 110
Trd, 8638953.679, 117
Trd, 8638953.912, 105
Trd, 8638954.246, 86
Trd, 8638954.746, 78
Trd, 8638955.112, 107
Trd, 8638955.312, 111
Trd, 8638956.546, 134
Trd, 8638956.679, 131
Trd, 8638957.246, 118
Trd, 8638957.546, 137
Trd, 8638957.646, 91
Trd, 8638958.812, 69
Trd, 8638959.079, 78
Trd, 8638960.212, 114
Trd, 8638960.812, 119
Trd, 8638961.379, 120
Trd, 8638961.746, 136
Trd, 8638962.179, 118
Trd, 8638962.279, 118
Trd, 8638962.379, 117
Trd, 8638962.912, 139
Trd, 8638962.946, 132
Trd, 8638962.979, 129
Trd, 8638963.746, 105
Trd, 8638964.312, 80
Trd, 8638965.346, 80
Trd, 8638966.012, 101
Trd, 8638966.446, 87
Trd, 8638966.479, 87
Trd, 8638966.679, 77
Trd, 8638967.812, 65
Trd, 8638968.112, 108
Trd, 8638968.279, 69
Trd, 8638969.879, 129
Trd, 8638970.046, 123
Trd, 8638970.246, 123
Trd, 8638970.712, 108
Trd, 8638970.779, 99
Trd, 8638970.879, 97
Trd, 8638971.079, 95
Trd, 8638971.346, 107
Trd, 8638971.746, 99
Trd, 8638972.312, 112
Trd, 8638972.579, 138
Trd, 8638972.946, 76
Trd, 8638973.412, 63
Trd, 8638973.912, 119
Trd, 8638976.479, 112
Trd, 8638976.646, 111
Trd, 8638977.012, 123
Trd, 8638977.279, 122
Trd, 8638977.812, 123
Trd, 8638977.979, 118
Trd, 8638978.412, 106
Trd, 8638979.779, 105
Trd, 8638979.846, 102
Trd, 8638980.312, 99
Trd, 8638980.512, 88
Trd, 8638980.912, 121
Trd, 8638981.679, 108
Trd, 8638982.312, 97
Trd, 8638982.446, 90
Trd, 8638982.746, 117
Trd, 8638983.046, 107
Trd, 8638983.946, 115
Trd, 8638984.046, 116
Trd, 8638984.079, 114
Trd, 8638984.579, 140
Trd, 8638984.846, 104
Trd, 8638985.812, 99
Trd, 8638986.046, 124
Trd, 8638987.212, 121
Trd, 8638987.512, 113
Trd, 8638987.779, 115
Trd, 8638988.012, 113
Trd, 8638989.246, 75
Trd, 8638989.712, 87
Trd, 8638990.712, 112
Trd, 8638991.279, 60
Trd, 8638991.812, 108
Trd, 8638991.846, 94
Trd, 8638992.346, 85
Trd, 8638992.379, 121
Trd, 8638993.046, 85
Trd, 8638993.079, 118
Trd, 8638993.112, 83
Trd, 8638993.246, 81
Trd, 8638993.712, 69
Trd, 8638994.279, 129
Trd, 8638994.946, 97
Trd, 8638995.012, 94
Trd, 8638995.412, 77
Trd, 8638995.512, 119
Trd, 8638995.912, 114
Trd, 8638996.946, 94
Trd, 8638997.146, 85
Trd, 8638997.346, 82
Trd, 8638999.312, 131
Trd, 8638999.646, 125
Trd, 8639000.246, 113
Trd, 8639000.846, 107
Trd, 8639000.912, 90
Trd, 8639001.079, 90
Trd, 8639001.712, 66
Trd, 8639002.579, 92
Trd, 8639003.979, 94
Trd, 8639004.379, 87
Trd, 8639005.012, 73
Trd, 8639005.046, 82
Trd, 8639005.246, 98
Trd, 8639005.446, 72
Trd, 8639005.846, 86
Trd, 8639006.179, 108
Trd, 8639006.512, 89
Trd, 8639007.846, 102
Trd, 8639008.246, 132
Trd, 8639008.346, 117
Trd, 8639008.479, 116
Trd, 8639008.512, 100
Trd, 8639008.979, 132
Trd, 8639009.212, 101
Trd, 8639009.646, 97
Trd, 8639010.212, 95
Trd, 8639010.446, 107
Trd, 8639011.579, 91
Trd, 8639012.079, 110
Trd, 8639012.212, 127
Trd, 8639012.912, 99
Trd, 8639012.946, 94
Trd, 8639013.446, 95
Trd, 8639013.612, 130
Trd, 8639014.046, 117
Trd, 8639014.612, 103
Trd, 8639014.712, 91
Trd, 8639014.779, 74
Trd, 8639015.579, 113
Trd, 8639015.612, 112
Trd, 8639016.046, 74
Trd, 8639016.079, 70
Trd, 8639016.546, 74
Trd, 8639017.579, 78
Trd, 8639018.312, 107
Trd, 8639018.912, 110
Trd, 8639019.679, 130
Trd, 8639020.179, 104
Trd, 8639020.579, 114
Trd, 8639020.646, 100
Trd, 8639020.712, 97
Trd, 8639021.212, 118
Trd, 8639021.579, 109
Trd, 8639021.979, 139
Trd, 8639023.312, 92
Trd, 8639023.412, 82
Trd, 8639024.612, 102
Trd, 8639024.746, 92
Trd, 8639024.879, 92
Trd, 8639025.179, 89
Trd, 8639025.946, 93
Trd, 8639026.079, 90
Trd, 8639027.046, 115
Trd, 8639027.379, 92
Trd, 8639027.846, 106
Trd, 8639027.946, 90
Trd, 8639028.012, 89
Trd, 8639028.279, 114
Trd, 8639028.612, 139
Trd, 8639029.879, 95
Trd, 8639029.912, 62
Trd, 8639030.079, 88
Trd, 8639032.012, 132
Trd, 8639032.112, 132
Trd, 8639032.246, 116
Trd, 8639032.379, 114
Trd, 8639032.679, 104
Trd, 8639033.112, 103
Trd, 8639034.012, 125
Trd, 8639034.079, 109
Trd, 8639034.279, 104
Trd, 8639034.646, 98
Trd, 8639035.679, 121
Trd, 8639036.146, 109
Trd, 8639036.746, 97
Trd, 8639036.946, 133
Trd, 8639037.379, 110
Trd, 8639037.779, 101
Trd, 8639038.379, 97
Trd, 8639039.746, 119
Trd, 8639039.846, 109
Trd, 8639040.079, 108
Trd, 8639040.679, 103
Trd, 8639040.846, 101
Trd, 8639040.879, 92
Trd, 8639042.146, 86
Trd, 8639042.412, 86
Trd, 8639042.479, 105
Trd, 8639043.012, 60
Trd, 8639043.679, 106
Trd, 8639043.779, 93
Trd, 8639044.146, 91
Trd, 8639044.512, 103
Trd, 8639044.912, 86
Trd, 8639045.246, 96
Trd, 8639045.879, 137
Trd, 8639046.246, 122
Trd, 8639046.912, 119
Trd, 8639047.379, 119
Trd, 8639047.446, 99
Trd, 8639047.579, 97
Trd, 8639047.946, 75
Trd, 8639048.379, 115
Trd, 8639048.812, 102
Trd, 8639049.379, 83
Trd, 8639049.946, 80
Trd, 8639050.312, 77
Trd, 8639050.779, 112
Trd, 8639051.846, 120
Trd, 8639052.379, 118
Trd, 8639052.612, 115
Trd, 8639052.879, 118
Trd, 8639053.279, 113
Trd, 8639053.646, 106
Trd, 8639054.579, 119
Trd, 8639055.712, 117
Trd, 8639055.746, 110
Trd, 8639056.612, 94
Trd, 8639056.679, 93
Trd, 8639056.812, 91
Trd, 8639056.912, 111
Trd, 8639057.346, 115
Trd, 8639057.446, 120
Trd, 8639057.712, 119
Trd, 8639058.379, 110
Trd, 8639058.912, 96
Trd, 8639059.012, 95
Trd, 8639059.412, 80
Trd, 8639061.479, 118
Trd, 8639061.546, 116
Trd, 8639062.212, 107
Trd, 8639062.312, 116
Trd, 8639063.246, 100
Trd, 8639063.446, 99
Trd, 8639064.379, 92
Trd, 8639064.646, 87
Trd, 8639065.279, 115
Trd, 8639065.712, 114
Trd, 8639065.812, 84
Trd, 8639066.046, 95
Trd, 8639066.146, 83
Trd, 8639066.379, 115
Trd, 8639067.079, 122
Trd, 8639067.512, 118
Trd, 8639068.379, 107
Trd, 8639069.012, 101
Trd, 8639069.112, 112
Trd, 8639070.479, 111
Trd, 8639070.979, 139
Trd, 8639071.079, 136
Trd, 8639071.312, 120
Trd, 8639071.379, 107
Trd, 8639071.946, 89
Trd, 8639072.312, 88
Trd, 8639072.779, 113
Trd, 8639073.246, 118
Trd, 8639073.612, 102
Trd, 8639074.812, 116
Trd, 8639075.079, 133
Trd, 8639075.679, 121
Trd, 8639075.946, 134
Trd, 8639076.046, 101
Trd, 8639077.279, 92
Trd, 8639077.812, 127
Trd, 8639077.879, 113
Trd, 8639078.312, 135
Trd, 8639078.379, 114
Trd, 8639079.146, 113
Trd, 8639081.012, 108
Trd, 8639081.379, 105
Trd, 8639081.512, 94
Trd, 8639081.546, 93
Trd, 8639081.646, 81
Trd, 8639082.112, 81
Trd, 8639082.746, 99
Trd, 8639083.879, 104
Trd, 8639084.812, 127
Trd, 8639084.979, 109
Trd, 8639085.846, 109
Trd, 8639086.279, 108
Trd, 8639086.379, 129
Trd, 8639086.712, 93
Trd, 8639087.346, 111
Trd, 8639087.479, 105
Trd, 8639087.646, 130
Trd, 8639087.712, 103
Trd, 8639089.112, 99
Trd, 8639089.346, 117
Trd, 8639089.679, 121
Trd, 8639089.912, 72
Trd, 8639090.246, 63
Trd, 8639091.112, 113
Trd, 8639092.179, 70
Trd, 8639092.612, 118
Trd, 8639093.779, 117
Trd, 8639093.812, 116
Trd, 8639093.846, 100
Trd, 8639094.246, 96
Trd, 8639094.479, 125
Trd, 8639094.546, 123
Trd, 8639095.179, 101
Trd, 8639095.212, 89
Trd, 8639095.312, 85
Trd, 8639096.146, 69
Trd, 8639096.646, 107
Trd, 8639096.746, 73
Trd, 8639097.012, 110
Trd, 8639098.046, 113
Trd, 8639098.646, 125
Trd, 8639098.712, 111
Trd, 8639098.879, 108
Trd, 8639098.912, 101
Trd, 8639099.546, 108
Trd, 8639100.979, 139
Trd, 8639101.079, 128
Trd, 8639101.612, 119
Trd, 8639102.579, 131
Trd, 8639102.779, 129
Trd, 8639102.912, 123
Trd, 8639103.512, 125
Trd, 8639103.646, 122
Trd, 8639104.012, 81
Trd, 8639104.679, 118
Trd, 8639105.246, 132
Trd, 8639105.746, 101
Trd, 8639106.012, 99
Trd, 8639106.179, 105
Trd, 8639107.812, 76
Trd, 8639108.079, 73
Trd, 8639108.812, 137
Trd, 8639110.912, 127
Trd, 8639111.346, 126
Trd, 8639112.279, 123
Trd, 8639112.712, 123
Trd, 8639113.112, 124
Trd, 8639113.146, 119
Trd, 8639113.179, 104
Trd, 8639113.346, 85
Trd, 8639113.779, 109
Trd, 8639114.412, 123
Trd, 8639114.812, 122
Trd, 8639115.312, 133
Trd, 8639116.212, 112
Trd, 8639116.479, 111
Trd, 8639116.812, 109
Trd, 8639117.312, 137
Trd, 8639117.712, 104
Trd, 8639118.246, 71
Trd, 8639118.546, 71
Trd, 8639120.312, 125
Trd, 8639121.046, 113
Trd, 8639121.379, 120
Trd, 8639121.712, 112
Trd, 8639122.046, 128
Trd, 8639122.146, 108
Trd, 8639122.412, 98
Trd, 8639123.046, 96
Trd, 8639123.246, 105
Trd, 8639123.346, 90
Trd, 8639123.446, 105
Trd, 8639124.312, 104
Trd, 8639124.479, 85
Trd, 8639124.579, 81
Trd, 8639125.779, 104
Trd, 8639125.912, 103
Trd, 8639125.979, 104
Trd, 8639126.179, 89
Trd, 8639127.112, 127
Trd, 8639127.479, 100
Trd, 8639127.846, 97
Trd, 8639127.979, 115
Trd, 8639129.579, 108
Trd, 8639129.612, 102
Trd, 8639129.812, 105
Trd, 8639130.812, 99
Trd, 8639131.279, 121
Trd, 8639131.779, 103
Trd, 8639131.812, 99
Trd, 8639131.846, 91
Trd, 8639132.846, 103
Trd, 8639132.879, 89
Trd, 8639135.079, 111
Trd, 8639135.379, 112
Trd, 8639136.179, 80
Trd, 8639136.546, 105
Trd, 8639136.879, 90
Trd, 8639136.912, 87
Trd, 8639137.646, 100
Trd, 8639137.779, 95
Trd, 8639137.946, 84
Trd, 8639138.512, 76
Trd, 8639138.612, 84
Trd, 8639138.946, 99
Trd, 8639138.979, 80
Trd, 8639139.712, 69
Trd, 8639140.746, 82
Trd, 8639140.846, 77
Trd, 8639141.079, 118
Trd, 8639141.112, 72
Trd, 8639141.379, 99
Trd, 8639141.412, 72
Trd, 8639142.412, 136
Trd, 8639142.712, 110
Trd, 8639142.879, 89
Trd, 8639144.012, 87
Trd, 8639145.012, 105
Trd, 8639146.346, 105
Trd, 8639146.746, 104
Trd, 8639146.812, 112
Trd, 8639147.079, 100
Trd, 8639148.212, 125
Trd, 8639149.279, 118
Trd, 8639150.312, 128
Trd, 8639150.746, 127
Trd, 8639150.912, 137
Trd, 8639151.246, 131
Trd, 8639151.979, 108
Trd, 8639152.046, 97
Trd, 8639153.379, 117
Trd, 8639153.846, 131
Trd, 8639154.012, 100
Trd, 8639154.846, 113
Trd, 8639155.512, 110
Trd, 8639155.712, 97
Trd, 8639156.079, 93
Trd, 8639156.446, 88
Trd, 8639156.579, 85
Trd, 8639156.646, 74
Trd, 8639157.512, 105
Trd, 8639158.012, 70
Trd, 8639158.479, 79
Trd, 8639158.746, 103
Trd, 8639159.179, 61
Trd, 8639159.346, 61
Trd, 8639160.779, 85
Trd, 8639161.512, 78
Trd, 8639162.046, 74
Trd, 8639162.312, 67
Trd, 8639162.446, 65
Trd, 8639162.612, 95
Trd, 8639162.879, 103
Trd, 8639163.679, 87
Trd, 8639164.279, 130
Trd, 8639164.846, 98
Trd, 8639165.312, 101
Trd, 8639165.846, 125
Trd, 8639165.946, 87
Trd, 8639166.346, 86
Trd, 8639167.412, 87
Trd, 8639168.479, 109
Trd, 8639168.612, 85
Trd, 8639168.712, 77
Trd, 8639168.779, 71
Trd, 8639169.879, 95
Trd, 8639170.012, 124
Trd, 8639170.446, 132
Trd, 8639171.546, 104
Trd, 8639171.812, 98
Trd, 8639171.846, 87
Trd, 8639172.012, 100
Trd, 8639172.046, 108
Trd, 8639172.279, 111
Trd, 8639174.312, 126
Trd, 8639174.346, 127
Trd, 8639174.912, 79
Trd, 8639175.079, 78
Trd, 8639175.312, 89
Trd, 8639175.379, 75
Trd, 8639175.812, 67
Trd, 8639176.279, 126
Trd, 8639176.946, 129
Trd, 8639177.746, 113
Trd, 8639178.046, 111
Trd, 8639178.212, 133
Trd, 8639178.312, 92
Trd, 8639178.412, 91
Trd, 8639178.779, 92
Trd, 8639179.879, 101
Trd, 8639180.546, 137
Trd, 8639180.846, 134
Trd, 8639181.146, 131
Trd, 8639181.346, 80
Trd, 8639182.412, 93
Trd, 8639184.112, 90
Trd, 8639184.146, 89
Trd, 8639184.679, 96
Trd, 8639185.112, 82
Trd, 8639185.812, 77
Trd, 8639185.912, 113
Trd, 8639186.046, 71
Trd, 8639186.912, 138
Trd, 8639187.079, 121
Trd, 8639187.379, 136
Trd, 8639187.612, 104
Trd, 8639188.546, 89
Trd, 8639188.912, 100
Trd, 8639189.412, 119
Trd, 8639189.579, 118
Trd, 8639189.846, 107
Trd, 8639190.212, 114
Trd, 8639191.379, 99
Trd, 8639191.479, 130
Trd, 8639191.946, 85
Trd, 8639192.679, 103
Trd, 8639193.246, 133
Trd, 8639194.079, 136
Trd, 8639194.279, 122
Trd, 8639194.512, 114
Trd, 8639195.279, 98
Trd, 8639195.612, 92
Trd, 8639196.712, 109
Trd, 8639196.746, 107
Trd, 8639196.912, 91
Trd, 8639197.179, 97
Trd, 8639198.246, 107
Trd, 8639198.546, 110
Trd, 8639198.846, 121
Trd, 8639200.212, 124
Trd, 8639200.246, 118
Trd, 8639200.946, 131
Trd, 8639202.146, 127
Trd, 8639202.779, 134
Trd, 8639203.112, 127
Trd, 8639203.679, 124
Trd, 8639203.879, 120
Trd, 8639204.012, 94
Trd, 8639204.179, 93
Trd, 8639204.679, 130
Trd, 8639205.179, 114
Trd, 8639205.379, 104
Trd, 8639206.112, 105
Trd, 8639206.146, 104
Trd, 8639206.879, 130
Trd, 8639206.912, 128
Trd, 8639207.146, 93
Trd, 8639207.412, 93
Trd, 8639207.979, 88
Trd, 8639208.279, 65
Trd, 8639209.012, 134
Trd, 8639209.312, 118
Trd, 8639210.879, 100
Trd, 8639211.579, 98
Trd, 8639211.712, 131
Trd, 8639211.779, 86
Trd, 8639211.912, 122
Trd, 8639212.746, 133
Trd, 8639212.846, 130
Trd, 8639213.146, 87
Trd, 8639213.812, 72
Trd, 8639213.846, 76
Trd, 8639214.012, 113
Trd, 8639215.679, 118
Trd, 8639216.646, 132
Trd, 8639217.512, 105
Trd, 8639217.612, 96
Trd, 8639218.112, 107
Trd, 8639218.346, 134
Trd, 8639218.546, 106
Trd, 8639218.912, 89
Trd, 8639219.212, 108
Trd, 8639219.912, 100
Trd, 8639221.179, 90
Trd, 8639221.512, 80
Trd, 8639221.612, 87
Trd, 8639222.179, 101
Trd, 8639222.246, 88
Trd, 8639222.312, 102
Trd, 8639222.612, 87
Trd, 8639223.146, 86
Trd, 8639224.146, 94
Trd, 8639224.212, 89
Trd, 8639224.812, 86
Trd, 8639225.212, 96
Trd, 8639226.079, 94
Trd, 8639227.546, 135
Trd, 8639227.646, 114
Trd, 8639228.412, 129
Trd, 8639228.846, 88
Trd, 8639228.912, 87
Trd, 8639229.246, 102
Trd, 8639229.279, 100
Trd, 8639229.412, 88
Trd, 8639230.912, 94
Trd, 8639231.746, 104
Trd, 8639232.246, 93
Trd, 8639232.712, 74
Trd, 8639232.746, 69
Trd, 8639232.912, 97
Trd, 8639233.446, 102
Trd, 8639233.646, 98
Trd, 8639234.512, 103
Trd, 8639234.946, 84
Trd, 8639235.679, 79
Trd, 8639236.212, 103
Trd, 8639236.246, 74
Trd, 8639236.579, 117
Trd, 8639236.812, 109
Trd, 8639236.846, 105
Trd, 8639237.179, 111
Trd, 8639237.279, 129
Trd, 8639237.546, 106
Trd, 8639237.612, 104
Trd, 8639238.112, 104
Trd, 8639238.479, 88
Trd, 8639238.712, 75
Trd, 8639239.412, 78
Trd, 8639240.779, 120
Trd, 8639240.812, 119
Trd, 8639241.179, 137
Trd, 8639241.679, 111
Trd, 8639241.879, 68
Trd, 8639242.079, 61
Trd, 8639242.912, 84
Trd, 8639243.412, 109
Trd, 8639243.446, 114
Trd, 8639244.012, 85
Trd, 8639244.246, 62
Trd, 8639244.479, 72
Trd, 8639244.879, 95
Trd, 8639245.346, 113
Trd, 8639245.679, 64
Trd, 8639246.112, 100
Trd, 8639247.279, 74
Trd, 8639248.012, 128
Trd, 8639248.579, 101
Trd, 8639248.746, 101
Trd, 8639249.079, 88
Trd, 8639249.146, 102
Trd, 8639250.012, 125
Trd, 8639250.379, 110
Trd, 8639250.579, 108
Trd, 8639250.612, 104
Trd, 8639250.912, 119
Trd, 8639250.979, 74
Trd, 8639251.579, 140
Trd, 8639251.646, 127
Trd, 8639251.979, 77
Trd, 8639252.712, 90
Trd, 8639254.312, 77
Trd, 8639254.512, 103
Trd, 8639254.546, 98
Trd, 8639254.912, 93
Trd, 8639255.679, 76
Trd, 8639256.312, 110
Trd, 8639256.379, 75
Trd, 8639256.579, 95
Trd, 8639256.912, 107
Trd, 8639257.046, 107
Trd, 8639257.612, 75
Trd, 8639258.246, 89
Trd, 8639258.579, 88
Trd, 8639258.846, 132
Trd, 8639259.746, 108
Trd, 8639259.846, 96
Trd, 8639260.079, 93
Trd, 8639261.246, 125
Trd, 8639261.279, 117
Trd, 8639261.412, 107
Trd, 8639261.946, 120
Trd, 8639263.946, 117
Trd, 8639264.079, 115
Trd, 8639264.112, 88
Trd, 8639265.279, 131
Trd, 8639265.879, 113
Trd, 8639266.212, 93
Trd, 8639267.079, 131
Trd, 8639267.379, 125
Trd, 8639267.746, 89
Trd, 8639268.346, 88
Trd, 8639268.546, 75
Trd, 8639269.012, 88
Trd, 8639269.446, 115
Trd, 8639269.646, 101
Trd, 8639269.746, 100
Trd, 8639269.879, 95
Trd, 8639270.679, 91
Trd, 8639271.712, 104
Trd, 8639272.012, 106
Trd, 8639272.279, 96
Trd, 8639272.412, 90
Trd, 8639273.312, 135
Trd, 8639274.446, 116
Trd, 8639274.512, 137
Trd, 8639274.579, 115
Trd, 8639275.112, 128
Trd, 8639275.679, 131
Trd, 8639276.212, 128
Trd, 8639276.312, 105
Trd, 8639276.612, 63
Trd, 8639277.379, 113
Trd, 8639277.446, 100
Trd, 8639277.812, 70
Trd, 8639278.779, 98
Trd, 8639279.312, 138
Trd, 8639279.912, 132
Trd, 8639280.012, 129
Trd, 8639280.212, 111
Trd, 8639280.512, 127
Trd, 8639281.479, 119
Trd, 8639281.646, 120
Trd, 8639282.146, 117
Trd, 8639282.346, 128
Trd, 8639282.746, 122
Trd, 8639282.812, 124
Trd, 8639283.112, 101
Trd, 8639283.146, 100
Trd, 8639283.979, 84
Trd, 8639285.546, 114
Trd, 8639285.646, 109
Trd, 8639286.046, 94
Trd, 8639286.846, 95
Trd, 8639287.312, 101
Trd, 8639287.446, 94
Trd, 8639288.812, 68
Trd, 8639288.879, 69
Trd, 8639289.712, 84
Trd, 8639290.046, 94
Trd, 8639290.312, 70
Trd, 8639290.446, 121
Trd, 8639291.046, 92
Trd, 8639291.612, 85
Trd, 8639292.079, 126
Trd, 8639292.279, 72
Trd, 8639292.379, 78
Trd, 8639292.979, 96
Trd, 8639293.812, 82
Trd, 8639293.946, 77
Trd, 8639294.146, 70
Trd, 8639294.512, 74
Trd, 8639294.646, 127
Trd, 8639295.646, 124
Trd, 8639295.979, 106
Trd, 8639296.346, 107
Trd, 8639296.712, 132
Trd, 8639297.012, 96
Trd, 8639297.446, 107
Trd, 8639297.912, 75
Trd, 8639297.979, 70
Trd, 8639298.512, 102
Trd, 8639298.579, 83
Trd, 8639299.246, 96
Trd, 8639300.446, 67
Trd, 8639301.279, 103
Trd, 8639302.012, 103
Trd, 8639302.179, 99
Trd, 8639302.546, 88
Trd, 8639303.146, 124
Trd, 8639303.512, 102
Trd, 8639303.746, 85
Trd, 8639304.012, 98
Trd, 8639304.079, 97
Trd, 8639305.012, 122
Trd, 8639305.779, 138
Trd, 8639305.912, 106
Trd, 8639306.779, 115
Trd, 8639306.812, 94
Trd, 8639307.312, 92
Trd, 8639307.479, 93
Trd, 8639308.512, 118
Trd, 8639308.779, 74
Trd, 8639309.412, 60
Trd, 8639309.479, 61
Trd, 8639309.646, 88
Trd, 8639310.379, 60
Trd, 8639310.412, 62
Trd, 8639310.646, 128
Trd, 8639310.812, 109
Trd, 8639311.479, 108
Trd, 8639312.979, 81
Trd, 8639313.512, 81
Trd, 8639313.746, 87
Trd, 8639314.346, 103
Trd, 8639314.379, 80
Trd, 8639314.812, 87
Trd, 8639315.512, 75
Trd, 8639315.546, 118
Trd, 8639315.812, 76
Trd, 8639316.812, 127
Trd, 8639317.046, 106
Trd, 8639317.812, 104
Trd, 8639318.312, 136
Trd, 8639318.812, 100
Trd, 8639319.512, 110
Trd, 8639319.579, 83
Trd, 8639319.946, 107
Trd, 8639320.279, 82
Trd, 8639321.146, 79
Trd, 8639321.312, 82
Trd, 8639321.646, 71
Trd, 8639321.946, 75
Trd, 8639322.712, 118
Trd, 8639323.212, 99
Trd, 8639323.579, 98
Trd, 8639324.046, 95
Trd, 8639324.879, 104
Trd, 8639325.646, 104
Trd, 8639325.746, 94
Trd, 8639326.479, 102
Trd, 8639327.146, 92
Trd, 8639327.312, 86
Trd, 8639327.512, 108
Trd, 8639328.179, 81
Trd, 8639328.479, 88
Trd, 8639329.146, 98
Trd, 8639329.712, 140
Trd, 8639330.946, 140
Trd, 8639331.412, 139
Trd, 8639331.479, 136
Trd, 8639331.546, 128
Trd, 8639333.446, 110
Trd, 8639333.612, 107
Trd, 8639333.679, 101
Trd, 8639333.779, 100
Trd, 8639333.912, 100
Trd, 8639334.412, 133
Trd, 8639335.679, 123
Trd, 8639335.712, 122
Trd, 8639336.146, 117
Trd, 8639336.479, 87
Trd, 8639336.979, 132
Trd, 8639337.879, 82
Trd, 8639338.446, 78
Trd, 8639339.379, 132
Trd, 8639339.446, 129
Trd, 8639339.479, 121
Trd, 8639339.612, 134
Trd, 8639340.079, 137
Trd, 8639340.312, 139
Trd, 8639342.046, 128
Trd, 8639342.312, 119
Trd, 8639342.479, 118
Trd, 8639342.512, 103
Trd, 8639343.579, 131
Trd, 8639344.146, 108
Trd, 8639344.312, 102
Trd, 8639345.112, 109
Trd, 8639345.379, 97
Trd, 8639346.112, 89
Trd, 8639346.412, 96
Trd, 8639346.612, 86
Trd, 8639347.046, 86
Trd, 8639347.412, 101
Trd, 8639348.146, 72
Trd, 8639348.246, 80
Trd, 8639348.579, 99
Trd, 8639349.279, 134
Trd, 8639350.346, 127
Trd, 8639350.479, 123
Trd, 8639350.579, 103
Trd, 8639350.879, 101
Trd, 8639352.479, 81
Trd, 8639353.046, 99
Trd, 8639353.079, 103
Trd, 8639353.279, 97
Trd, 8639354.312, 73
Trd, 8639354.712, 67
Trd, 8639355.046, 89
Trd, 8639355.179, 113
Trd, 8639355.346, 108
Trd, 8639355.846, 75
Trd, 8639356.512, 64
Trd, 8639356.746, 64
Trd, 8639359.012, 99
Trd, 8639359.312, 85
Trd, 8639359.346, 79
Trd, 8639359.546, 94
Trd, 8639359.612, 105
Trd, 8639359.712, 110
Trd, 8639359.979, 85
Trd, 8639360.312, 65
Trd, 8639361.012, 83
Trd, 8639361.046, 115
Trd, 8639362.212, 103
Trd, 8639362.479, 127
Trd, 8639362.546, 102
Trd, 8639363.079, 84
Trd, 8639363.346, 125
Trd, 8639364.412, 97
Trd, 8639364.612, 93
Trd, 8639364.746, 88
Trd, 8639364.912, 80
Trd, 8639365.346, 104
Trd, 8639365.679, 103
Trd, 8639366.379, 106
Trd, 8639366.612, 74
Trd, 8639368.179, 88
Trd, 8639368.312, 131
Trd, 8639369.546, 89
Trd, 8639369.779, 95
Trd, 8639370.079, 85
Trd, 8639370.346, 85
Trd, 8639370.379, 82
Trd, 8639370.446, 83
Trd, 8639371.412, 102
Trd, 8639372.879, 123
Trd, 8639372.946, 119
Trd, 8639373.279, 116
Trd, 8639374.279, 107
Trd, 8639374.512, 94
Trd, 8639374.546, 94
Trd, 8639375.046, 139
Trd, 8639375.346, 137
Trd, 8639375.446, 114
Trd, 8639376.046, 119
Trd, 8639376.279, 113
Trd, 8639376.679, 93
Trd, 8639377.746, 97
Trd, 8639378.079, 94
Trd, 8639378.246, 99
Trd, 8639378.279, 93
Trd, 8639378.479, 133
Trd, 8639380.079, 118
Trd, 8639380.112, 92
Trd, 8639380.279, 89
Trd, 8639380.679, 68
Trd, 8639380.779, 69
Trd, 8639381.646, 71
Trd, 8639381.979, 109
Trd, 8639382.612, 133
Trd, 8639383.246, 126
Trd, 8639383.512, 97
Trd, 8639383.979, 106
Trd, 8639384.579, 139
Trd, 8639385.246, 133
Trd, 8639385.312, 126
Trd, 8639386.246, 112
Trd, 8639386.479, 106
Trd, 8639387.479, 120
Trd, 8639388.046, 123
Trd, 8639388.079, 118
Trd, 8639389.046, 118
Trd, 8639389.212, 116
Trd, 8639389.279, 113
Trd, 8639389.912, 107
Trd, 8639390.012, 119
Trd, 8639391.046, 126
Trd, 8639392.446, 105
Trd, 8639392.546, 99
Trd, 8639393.479, 113
Trd, 8639394.912, 114
Trd, 8639395.512, 125
Trd, 8639396.379, 135
Trd, 8639396.679, 132
Trd, 8639396.779, 111
Trd, 8639396.879, 110
Trd, 8639397.046, 105
Trd, 8639397.246, 102
Trd, 8639397.446, 108
Trd, 8639397.479, 91
Trd, 8639397.979, 108
Trd, 8639398.246, 102
Trd, 8639399.379, 87
Trd, 8639400.646, 102
Trd, 8639400.979, 91
Trd, 8639401.212, 90
Trd, 8639401.346, 88
Trd, 8639401.479, 86
Trd, 8639402.479, 101
Trd, 8639403.012, 119
Trd, 8639404.179, 113
Trd, 8639404.379, 109
Trd, 8639404.779, 121
Trd, 8639405.346, 116
Trd, 8639406.146, 126
Trd, 8639406.579, 112
Trd, 8639406.646, 108
Trd, 8639407.446, 107
Trd, 8639408.079, 110
Trd, 8639408.579, 114
Trd, 8639408.879, 98
Trd, 8639409.812, 116
Trd, 8639410.579, 123
Trd, 8639411.246, 115
Trd, 8639411.379, 123
Trd, 8639412.379, 95
Trd, 8639412.746, 118
Trd, 8639412.779, 93
Trd, 8639412.946, 102
Trd, 8639413.512, 88
Trd, 8639414.379, 107
Trd, 8639415.046, 102
Trd, 8639415.479, 102
Trd, 8639415.612, 116
Trd, 8639416.679, 110
Trd, 8639417.012, 139
Trd, 8639417.146, 104
Trd, 8639418.679, 137
Trd, 8639419.312, 109
Trd, 8639419.512, 84
Trd, 8639420.212, 85
Trd, 8639420.379, 86
Trd, 8639420.846, 82
Trd, 8639421.279, 79
Trd, 8639421.712, 130
Trd, 8639421.779, 119
Trd, 8639421.979, 98
Trd, 8639422.612, 80
Trd, 8639422.812, 81
Trd, 8639423.112, 97
Trd, 8639423.212, 79
Trd, 8639423.479, 68
Trd, 8639424.612, 83
Trd, 8639425.179, 108
Trd, 8639425.912, 135
Trd, 8639426.412, 100
Trd, 8639426.946, 100
Trd, 8639427.212, 98
Trd, 8639427.412, 91
Trd, 8639427.446, 108
Trd, 8639427.746, 86
Trd, 8639429.146, 83
Trd, 8639429.312, 89
Trd, 8639429.446, 65
Trd, 8639429.979, 97
Trd, 8639430.012, 127
Trd, 8639430.279, 86
Trd, 8639431.179, 82
Trd, 8639431.412, 79
Trd, 8639432.312, 93
Trd, 8639432.812, 101
Trd, 8639433.079, 80
Trd, 8639433.846, 81
Trd, 8639433.979, 71
Trd, 8639434.312, 114
Trd, 8639436.246, 104
Trd, 8639436.346, 93
Trd, 8639436.446, 91
Trd, 8639436.879, 95
Trd, 8639438.179, 90
Trd, 8639438.479, 106
Trd, 8639438.846, 107
Trd, 8639439.679, 63
Trd, 8639440.179, 71
Trd, 8639440.679, 107
Trd, 8639440.879, 113
Trd, 8639441.046, 108
Trd, 8639441.412, 95
Trd, 8639442.412, 92
Trd, 8639442.612, 119
Trd, 8639443.179, 101
Trd, 8639443.846, 129
Trd, 8639444.512, 118
Trd, 8639445.379, 94
Trd, 8639445.579, 93
Trd, 8639445.612, 95
Trd, 8639446.546, 114
Trd, 8639446.679, 109
Trd, 8639447.446, 110
Trd, 8639447.579, 101
Trd, 8639448.846, 74
Trd, 8639449.179, 71
Trd, 8639449.612, 78
Trd, 8639450.479, 115
Trd, 8639450.779, 106
Trd, 8639451.512, 99
Trd, 8639451.812, 97
Trd, 8639452.446, 110
Trd, 8639452.946, 75
Trd, 8639453.679, 121
Trd, 8639454.046, 120
Trd, 8639454.612, 91
Trd, 8639454.712, 83
Trd, 8639454.812, 140
Trd, 8639455.279, 89
Trd, 8639455.479, 82
Trd, 8639456.146, 81
Trd, 8639456.979, 84
Trd, 8639457.212, 98
Trd, 8639457.312, 80
Trd, 8639458.846, 92
Trd, 8639458.912, 87
Trd, 8639459.046, 89
Trd, 8639459.112, 74
Trd, 8639460.079, 128
Trd, 8639460.646, 115
Trd, 8639460.812, 103
Trd, 8639461.112, 87
Trd, 8639461.779, 133
Trd, 8639461.912, 129
Trd, 8639462.946, 127
Trd, 8639463.879, 118
Trd, 8639464.546, 107
Trd, 8639464.979, 137
Trd, 8639465.246, 118
Trd, 8639465.546, 106
Trd, 8639467.379, 100
Trd, 8639467.612, 94
Trd, 8639468.379, 112
Trd, 8639468.712, 89
Trd, 8639468.979, 107
Trd, 8639469.946, 132
Trd, 8639470.079, 115
Trd, 8639470.246, 112
Trd, 8639470.612, 104
Trd, 8639470.646, 102
Trd, 8639470.846, 84
Trd, 8639471.346, 95
Trd, 8639472.346, 100
Trd, 8639472.479, 126
Trd, 8639473.446, 109
Trd, 8639474.046, 126
Trd, 8639474.246, 115
Trd, 8639474.346, 102
Trd, 8639474.912, 73
Trd, 8639476.946, 103
Trd, 8639477.046, 98
Trd, 8639477.112, 86
Trd, 8639477.379, 138
Trd, 8639477.879, 103
Trd, 8639478.712, 106
Trd, 8639478.979, 78
Trd, 8639479.046, 108
Trd, 8639480.179, 126
Trd, 8639480.346, 123
Trd, 8639480.579, 77
Trd, 8639480.612, 95
Trd, 8639481.246, 104
Trd, 8639482.512, 104
Trd, 8639482.712, 103
Trd, 8639483.012, 98
Trd, 8639483.212, 95
Trd, 8639483.646, 117
Trd, 8639484.279, 113
Trd, 8639484.379, 103
Trd, 8639484.446, 99
Trd, 8639484.479, 114
Trd, 8639484.912, 122
Trd, 8639485.779, 134
Trd, 8639485.812, 131
Trd, 8639485.912, 120
Trd, 8639486.612, 98
Trd, 8639487.112, 91
Trd, 8639487.879, 110
Trd, 8639488.546, 87
Trd, 8639488.812, 84
Trd, 8639488.846, 75
Trd, 8639490.112, 137
Trd, 8639490.212, 98
Trd, 8639490.646, 97
Trd, 8639491.412, 66
Trd, 8639492.079, 115
Trd, 8639492.679, 69
Trd, 8639493.212, 84
Trd, 8639493.346, 70
Trd, 8639493.679, 90
Trd, 8639494.012, 136
Trd, 8639494.379, 64
Trd, 8639495.212, 108
Trd, 8639495.312, 115
Trd, 8639495.512, 88
Trd, 8639496.646, 91
Trd, 8639497.246, 88
Trd, 8639497.346, 83
Trd, 8639497.512, 101
Trd, 8639497.612, 92
Trd, 8639497.979, 110
Trd, 8639498.612, 84
Trd, 8639499.212, 67
Trd, 8639499.612, 71
Trd, 8639500.479, 60
Trd, 8639500.546, 70
Trd, 8639501.346, 93
Trd, 8639501.412, 69
Trd, 8639502.312, 85
Trd, 8639502.346, 72
Trd, 8639502.646, 66
Trd, 8639502.879, 61
Trd, 8639503.512, 75
Trd, 8639503.546, 76
Trd, 8639504.279, 114
Trd, 8639504.746, 98
Trd, 8639505.479, 82
Trd, 8639505.546, 81
Trd, 8639506.746, 100
Trd, 8639507.546, 87
Trd, 8639507.912, 88
Trd, 8639508.246, 83
Trd, 8639508.379, 82
Trd, 8639509.479, 83
Trd, 8639510.112, 84
Trd, 8639510.379, 96
Trd, 8639510.746, 88
Trd, 8639510.846, 128
Trd, 8639511.012, 107
Trd, 8639512.012, 110
Trd, 8639512.179, 105
Trd, 8639513.246, 88
Trd, 8639513.679, 120
Trd, 8639514.079, 114
Trd, 8639514.346, 116
Trd, 8639514.479, 114
Trd, 8639515.012, 107
Trd, 8639515.412, 99
Trd, 8639516.612, 137
Trd, 8639517.412, 134
Trd, 8639517.679, 130
Trd, 8639517.979, 127
Trd, 8639518.179, 125
Trd, 8639519.012, 135
Trd, 8639519.146, 122
Trd, 8639519.279, 107
Trd, 8639519.346, 106
Trd, 8639520.012, 110
Trd, 8639521.079, 115
Trd, 8639521.246, 114
Trd, 8639521.879, 104
Trd, 8639522.412, 101
Trd, 8639522.712, 121
Trd, 8639523.079, 95
Trd, 8639523.879, 107
Trd, 8639523.979, 95
Trd, 8639525.246, 113
Trd, 8639525.479, 84
Trd, 8639526.112, 95
Trd, 8639526.246, 84
Trd, 8639526.379, 66
Trd, 8639527.279, 75
Trd, 8639527.712, 92
Trd, 8639527.846, 130
Trd, 8639528.579, 81
Trd, 8639529.179, 75
Trd, 8639529.612, 95
Trd, 8639530.146, 104
Trd, 8639530.312, 110
Trd, 8639530.979, 99
Trd, 8639531.046, 102
Trd, 8639531.312, 95
Trd, 8639531.546, 95
Trd, 8639532.579, 127
Trd, 8639533.179, 119
Trd, 8639533.212, 115
Trd, 8639533.646, 106
Trd, 8639534.146, 120
Trd, 8639534.279, 112
Trd, 8639534.412, 93
Trd, 8639534.746, 86
Trd, 8639537.079, 90
Trd, 8639537.479, 73
Trd, 8639537.812, 65
Trd, 8639538.212, 68
Trd, 8639538.346, 75
Trd, 8639539.379, 66
Trd, 8639539.512, 67
Trd, 8639539.879, 92
Trd, 8639540.479, 72
Trd, 8639541.012, 83
Trd, 8639541.946, 97
Trd, 8639542.079, 96
Trd, 8639542.879, 118
Trd, 8639543.012, 96
Trd, 8639543.579, 140
Trd, 8639544.346, 100
Trd, 8639544.579, 77
Trd, 8639544.679, 84
Trd, 8639545.946, 108
Trd, 8639546.446, 126
Trd, 8639547.046, 101
Trd, 8639547.812, 120
Trd, 8639547.946, 118
Trd, 8639548.212, 134
Trd, 8639548.612, 128
Trd, 8639549.046, 106
Trd, 8639549.712, 108
Trd, 8639550.279, 106
Trd, 8639550.412, 105
Trd, 8639551.512, 97
Trd, 8639551.612, 96
Trd, 8639551.812, 95
Trd, 8639552.746, 117
Trd, 8639553.146, 106
Trd, 8639553.279, 76
Trd, 8639553.612, 93
Trd, 8639553.879, 128
Trd, 8639554.079, 65
Trd, 8639554.712, 121
Trd, 8639556.046, 122
Trd, 8639556.479, 115
Trd, 8639556.812, 114
Trd, 8639556.979, 112
Trd, 8639557.046, 100
Trd, 8639557.446, 68
Trd, 8639557.979, 120
Trd, 8639558.646, 72
Trd, 8639559.079, 68
Trd, 8639559.912, 107
Trd, 8639560.546, 138
Trd, 8639560.612, 106
Trd, 8639561.579, 80
Trd, 8639561.846, 106
Trd, 8639562.512, 70
Trd, 8639562.879, 72
Trd, 8639563.346, 76
Trd, 8639563.412, 85
Trd, 8639563.679, 93
Trd, 8639564.012, 126
Trd, 8639564.546, 130
Trd, 8639565.379, 121
Trd, 8639565.512, 118
Trd, 8639565.612, 111
Trd, 8639565.979, 82
Trd, 8639566.112, 92
Trd, 8639566.746, 87
Trd, 8639566.879, 101
Trd, 8639567.746, 84
Trd, 8639567.779, 71
Trd, 8639568.712, 111
Trd, 8639569.146, 116
Trd, 8639569.246, 109
Trd, 8639569.579, 114
Trd, 8639569.979, 138
Trd, 8639570.346, 118
Trd, 8639570.612, 89
Trd, 8639570.879, 85
Trd, 8639571.412, 101
Trd, 8639571.812, 74
Trd, 8639573.246, 90
Trd, 8639573.379, 91
Trd, 8639573.546, 137
Trd, 8639573.712, 106
Trd, 8639574.479, 94
Trd, 8639574.612, 93
Trd, 8639575.512, 108
Trd, 8639575.612, 94
Trd, 8639576.046, 74
Trd, 8639576.646, 64
Trd, 8639577.412, 84
Trd, 8639577.712, 110
Trd, 8639577.812, 133
Trd, 8639578.212, 72
Trd, 8639579.279, 89
Trd, 8639579.446, 84
Trd, 8639580.779, 120
Trd, 8639580.812, 117
Trd, 8639581.146, 115
Trd, 8639581.746, 130
Trd, 8639583.112, 127
Trd, 8639583.979, 122
Trd, 8639584.179, 113
Trd, 8639584.479, 118
Trd, 8639584.846, 93
Trd, 8639585.146, 99
Trd, 8639585.279, 102
Trd, 8639585.512, 95
Trd, 8639585.546, 89
Trd, 8639586.112, 92
Trd, 8639586.346, 86
Trd, 8639587.546, 84
Trd, 8639587.979, 79
Trd, 8639589.212, 136
Trd, 8639590.146, 112
Trd, 8639590.646, 133
Trd, 8639591.646, 129
Trd, 8639592.012, 126
Trd, 8639592.379, 115
Trd, 8639592.612, 106
Trd, 8639592.779, 101
Trd, 8639593.046, 95
Trd, 8639593.112, 91
Trd, 8639593.746, 111
Trd, 8639595.112, 125
Trd, 8639595.312, 111
Trd, 8639596.479, 120
Trd, 8639596.512, 119
Trd, 8639596.612, 104
Trd, 8639596.812, 107
Trd, 8639597.012, 138
Trd, 8639597.746, 121
Trd, 8639597.879, 105
Trd, 8639597.979, 106
Trd, 8639600.679, 105
Trd, 8639601.512, 132
Trd, 8639601.579, 110
Trd, 8639602.146, 127
Trd, 8639602.612, 104
Trd, 8639604.012, 99
Trd, 8639604.146, 97
Trd, 8639604.479, 113
Trd, 8639604.712, 93
Trd, 8639604.746, 90
Trd, 8639605.012, 112
Trd, 8639605.846, 101
Trd, 8639606.146, 130
Trd, 8639606.546, 120
Trd, 8639606.612, 94
Trd, 8639606.712, 107
Trd, 8639606.779, 95
Trd, 8639607.846, 112
Trd, 8639607.912, 109
Trd, 8639608.612, 106
Trd, 8639608.846, 84
Trd, 8639609.312, 98
Trd, 8639609.746, 81
Trd, 8639609.912, 114
Trd, 8639610.512, 107
Trd, 8639610.612, 70
Trd, 8639611.379, 77
Trd, 8639611.412, 88
Trd, 8639611.679, 110
Trd, 8639612.146, 93
Trd, 8639613.379, 113
Trd, 8639613.946, 118
Trd, 8639614.879, 109
Trd, 8639614.912, 110
Trd, 8639615.346, 85
Trd, 8639615.712, 99
Trd, 8639615.746, 97
Trd, 8639615.979, 71
Trd, 8639617.046, 106
Trd, 8639617.379, 124
Trd, 8639617.479, 101
Trd, 8639617.846, 105
Trd, 8639618.646, 92
Trd, 8639618.712, 112
Trd, 8639619.146, 111
Trd, 8639619.812, 119
Trd, 8639620.246, 110
Trd, 8639620.479, 106
Trd, 8639621.079, 107
Trd, 8639621.412, 105
Trd, 8639621.546, 97
Trd, 8639621.746, 91
Trd, 8639621.979, 105
Trd, 8639623.046, 108
Trd, 8639623.479, 122
Trd, 8639623.612, 120
Trd, 8639624.246, 112
Trd, 8639625.179, 106
Trd, 8639625.979, 87
Trd, 8639626.412, 88
Trd, 8639626.612, 89
Trd, 8639627.579, 140
Trd, 8639627.946, 95
Trd, 8639628.012, 97
Trd, 8639628.146, 92
Trd, 8639628.612, 80
Trd, 8639629.046, 113
Trd, 8639629.446, 99
Trd, 8639630.246, 104
Trd, 8639631.246, 116
Trd, 8639631.479, 117
Trd, 8639631.512, 116
Trd, 8639633.012, 60
Trd, 8639634.079, 72
Trd, 8639635.012, 63
Trd, 8639635.879, 66
Trd, 8639636.146, 82
Trd, 8639636.479, 70
Trd, 8639637.246, 84
Trd, 8639637.312, 89
Trd, 8639637.579, 98
Trd, 8639638.379, 83
Trd, 8639638.512, 73
Trd, 8639639.546, 68
Trd, 8639639.912, 78
Trd, 8639640.012, 78
Trd, 8639640.246, 77
Trd, 8639641.246, 86
Trd, 8639641.346, 93
Trd, 8639641.479, 74
Trd, 8639641.646, 73
Trd, 8639641.979, 68
Trd, 8639642.946, 81
Trd, 8639643.546, 90
Trd, 8639643.712, 125
Trd, 8639643.746, 109
Trd, 8639644.146, 101
Trd, 8639644.579, 93
Trd, 8639644.779, 103
Trd, 8639645.346, 127
Trd, 8639645.512, 122
Trd, 8639645.746, 114
Trd, 8639646.012, 99
Trd, 8639646.446, 98
Trd, 8639646.679, 104
Trd, 8639647.812, 136
Trd, 8639648.312, 99
Trd, 8639648.379, 130
Trd, 8639649.512, 129
Trd, 8639649.579, 110
Trd, 8639649.979, 76
Trd, 8639650.446, 118
Trd, 8639650.512, 117
Trd, 8639651.012, 85
Trd, 8639651.712, 124
Trd, 8639652.146, 115
Trd, 8639652.479, 108
Trd, 8639652.646, 108
Trd, 8639653.012, 98
Trd, 8639653.112, 87
Trd, 8639653.212, 130
Trd, 8639653.946, 132
Trd, 8639654.212, 112
Trd, 8639656.079, 117
Trd, 8639656.246, 99
Trd, 8639656.446, 92
Trd, 8639656.579, 110
Trd, 8639656.946, 90
Trd, 8639657.579, 83
Trd, 8639657.712, 136
Trd, 8639658.146, 128
Trd, 8639658.946, 139
Trd, 8639659.346, 136
Trd, 8639659.912, 104
Trd, 8639660.212, 118
Trd, 8639660.346, 94
Trd, 8639662.279, 98
Trd, 8639662.546, 106
Trd, 8639662.779, 135
Trd, 8639662.846, 122
Trd, 8639662.946, 105
Trd, 8639664.312, 112
Trd, 8639664.712, 75
Trd, 8639665.412, 80
Trd, 8639665.846, 92
Trd, 8639665.912, 87
Trd, 8639666.246, 78
Trd, 8639666.479, 77
Trd, 8639666.979, 127
Trd, 8639667.079, 89
Trd, 8639667.246, 92
Trd, 8639667.712, 111
Trd, 8639667.946, 140
Trd, 8639668.746, 112
Trd, 8639669.446, 99
Trd, 8639669.912, 94
Trd, 8639670.312, 79
Trd, 8639670.912, 136
Trd, 8639672.146, 82
Trd, 8639672.212, 79
Trd, 8639673.079, 128
Trd, 8639673.646, 110
Trd, 8639673.779, 110
Trd, 8639673.912, 108
Trd, 8639674.312, 139
Trd, 8639675.546, 122
Trd, 8639675.612, 111
Trd, 8639675.979, 108
Trd, 8639676.879, 114
Trd, 8639677.179, 97
Trd, 8639677.279, 95
Trd, 8639677.312, 94
Trd, 8639677.946, 109
Trd, 8639678.146, 95
Trd, 8639678.679, 121
Trd, 8639679.079, 109
Trd, 8639679.612, 108
Trd, 8639679.812, 113
Trd, 8639679.979, 108
Trd, 8639680.112, 106
Trd, 8639681.579, 103
Trd, 8639682.779, 61
Trd, 8639683.112, 118
Trd, 8639683.946, 116
Trd, 8639684.446, 114
Trd, 8639684.712, 108
Trd, 8639685.012, 113
Trd, 8639685.946, 87
Trd, 8639686.379, 88
Trd, 8639687.479, 98
Trd, 8639687.679, 91
Trd, 8639687.846, 92
Trd, 8639688.212, 91
Trd, 8639688.546, 103
Trd, 8639689.579, 125
Trd, 8639689.612, 112
Trd, 8639689.779, 107
Trd, 8639690.212, 94
Trd, 8639690.346, 91
Trd, 8639691.279, 89
Trd, 8639691.846, 88
Trd, 8639692.046, 90
Trd, 8639693.079, 76
Trd, 8639694.179, 88
Trd, 8639694.312, 87
Trd, 8639694.946, 122
Trd, 8639695.012, 116
Trd, 8639695.679, 107
Trd, 8639695.979, 124
Trd, 8639696.012, 109
Trd, 8639696.379, 105
Trd, 8639696.412, 82
Trd, 8639696.846, 82
Trd, 8639697.179, 92
Trd, 8639697.312, 77
Trd, 8639697.712, 102
Trd, 8639698.546, 69
Trd, 8639699.379, 109
Trd, 8639700.112, 92
Trd, 8639700.879, 104
Trd, 8639700.912, 102
Trd, 8639701.212, 109
Trd, 8639702.112, 124
Trd, 8639702.246, 116
Trd, 8639702.479, 114
Trd, 8639703.579, 114
Trd, 8639704.112, 110
Trd, 8639704.212, 108
Trd, 8639704.312, 102
Trd, 8639704.379, 97
Trd, 8639705.279, 127
Trd, 8639705.312, 119
Trd, 8639705.979, 78
Trd, 8639706.012, 76
Trd, 8639706.346, 95
Trd, 8639707.646, 131
Trd, 8639707.712, 126
Trd, 8639709.146, 90
Trd, 8639709.546, 86
Trd, 8639709.679, 107
Trd, 8639709.879, 77
Trd, 8639710.312, 76
Trd, 8639711.212, 113
Trd, 8639711.312, 101
Trd, 8639711.579, 95
Trd, 8639711.946, 92
Trd, 8639712.346, 100
Trd, 8639712.879, 74
Trd, 8639712.912, 64
Trd, 8639713.212, 74
Trd, 8639713.279, 89
Trd, 8639714.212, 107
Trd, 8639715.312, 79
Trd, 8639715.379, 122
Trd, 8639716.012, 74
Trd, 8639717.079, 108
Trd, 8639717.646, 139
Trd, 8639717.879, 138
Trd, 8639718.246, 128
Trd, 8639718.279, 126
Trd, 8639718.412, 108
Trd, 8639719.379, 63
Trd, 8639719.712, 68
Trd, 8639720.246, 90
Trd, 8639720.779, 74
Trd, 8639721.579, 94
Trd, 8639722.046, 92
Trd, 8639722.379, 83
Trd, 8639722.679, 112
Trd, 8639723.046, 81
Trd, 8639723.212, 90
Trd, 8639723.946, 118
Trd, 8639724.979, 69
Trd, 8639725.712, 88
Trd, 8639726.046, 87
Trd, 8639726.146, 88
Trd, 8639726.212, 65
Trd, 8639727.512, 127
Trd, 8639727.546, 105
Trd, 8639728.579, 121
Trd, 8639728.779, 118
Trd, 8639729.546, 117
Trd, 8639729.846, 109
Trd, 8639730.312, 107
Trd, 8639730.512, 96
Trd, 8639731.579, 109
Trd, 8639731.779, 101
Trd, 8639731.912, 113
Trd, 8639732.246, 92
Trd, 8639732.679, 65
Trd, 8639733.246, 130
Trd, 8639733.379, 109
Trd, 8639734.379, 128
Trd, 8639734.412, 125
Trd, 8639734.779, 88
Trd, 8639735.946, 118
Trd, 8639735.979, 92
Trd, 8639736.579, 110
Trd, 8639737.346, 117
Trd, 8639738.012, 113
Trd, 8639738.779, 127
Trd, 8639739.079, 116
Trd, 8639739.212, 113
Trd, 8639739.246, 107
Trd, 8639740.112, 137
Trd, 8639740.346, 127
Trd, 8639740.646, 123
Trd, 8639740.712, 96
Trd, 8639741.446, 140
Trd, 8639741.979, 109
Trd, 8639742.512, 114
Trd, 8639743.446, 81
Trd, 8639743.512, 104
Trd, 8639743.579, 75
Trd, 8639744.179, 123
Trd, 8639744.712, 133
Trd, 8639745.379, 127
Trd, 8639745.412, 111
Trd, 8639746.446, 111
Trd, 8639746.546, 108
Trd, 8639747.879, 103
Trd, 8639747.912, 101
Trd, 8639748.512, 112
Trd, 8639748.746, 112
Trd, 8639748.846, 104
Trd, 8639750.346, 100
Trd, 8639750.412, 90
Trd, 8639750.512, 113
Trd, 8639751.079, 82
Trd, 8639752.079, 80
Trd, 8639752.212, 85
Trd, 8639753.346, 79
Trd, 8639753.679, 67
Trd, 8639754.479, 77
Trd, 8639754.979, 79
Trd, 8639755.479, 69
Trd, 8639755.646, 67
Trd, 8639756.246, 78
Trd, 8639756.312, 75
Trd, 8639756.379, 88
Trd, 8639757.512, 79
Trd, 8639758.779, 64
Trd, 8639759.046, 64
Trd, 8639759.746, 73
Trd, 8639760.146, 86
Trd, 8639760.212, 81
Trd, 8639760.246, 113
Trd, 8639760.679, 71
Trd, 8639760.879, 73
Trd, 8639761.279, 64
Trd, 8639761.512, 86
Trd, 8639762.412, 95
Trd, 8639762.546, 94
Trd, 8639763.179, 98
Trd, 8639764.612, 98
Trd, 8639765.379, 96
Trd, 8639765.412, 111
Trd, 8639766.112, 80
Trd, 8639766.312, 81
Trd, 8639767.112, 85
Trd, 8639767.546, 85
Trd, 8639767.779, 100
Trd, 8639767.812, 74
Trd, 8639768.212, 125
Trd, 8639768.546, 126
Trd, 8639768.712, 115
Trd, 8639768.812, 107
Trd, 8639769.279, 138
Trd, 8639770.812, 110
Trd, 8639771.046, 108
Trd, 8639771.146, 102
Trd, 8639771.412, 132
Trd, 8639771.946, 135
Trd, 8639772.112, 128
Trd, 8639772.312, 129
Trd, 8639772.579, 125
Trd, 8639773.046, 98
Trd, 8639773.179, 91
Trd, 8639773.812, 69
Trd, 8639775.412, 71
Trd, 8639775.479, 70
Trd, 8639776.012, 76
Trd, 8639776.512, 101
Trd, 8639776.979, 118
Trd, 8639777.246, 124
Trd, 8639778.079, 134
Trd, 8639779.112, 123
Trd, 8639779.246, 116
Trd, 8639779.879, 121
Trd, 8639780.312, 114
Trd, 8639780.646, 126
Trd, 8639781.646, 112
Trd, 8639781.812, 128
Trd, 8639782.546, 107
Trd, 8639782.946, 97
Trd, 8639783.246, 97
Trd, 8639783.712, 86
Trd, 8639784.212, 85
Trd, 8639784.612, 112
Trd, 8639785.046, 98
Trd, 8639785.279, 130
Trd, 8639785.346, 125
Trd, 8639785.679, 122
Trd, 8639785.779, 106
Trd, 8639786.079, 77
Trd, 8639787.012, 83
Trd, 8639787.679, 97
Trd, 8639787.779, 78
Trd, 8639790.812, 134
Trd, 8639790.879, 133
Trd, 8639791.179, 115
Trd, 8639791.312, 103
Trd, 8639791.446, 97
Trd, 8639792.012, 115
Trd, 8639792.879, 100
Trd, 8639793.879, 98
Trd, 8639793.979, 97
Trd, 8639794.646, 105
Trd, 8639794.979, 102
Trd, 8639795.179, 102
Trd, 8639795.346, 102
Trd, 8639795.779, 98
Trd, 8639796.079, 127
Trd, 8639796.879, 110
Trd, 8639797.312, 68
Trd, 8639797.612, 66
Trd, 8639797.679, 68
Trd, 8639798.779, 95
Trd, 8639798.912, 96
Trd, 8639799.479, 89
Trd, 8639799.779, 88
Trd, 8639799.846, 94
Trd, 8639800.279, 86
Trd, 8639800.912, 85
Trd, 8639801.546, 95
Trd, 8639801.779, 83
Trd, 8639802.012, 91
Trd, 8639802.112, 85
Trd, 8639802.612, 81
Trd, 8639802.879, 98
Trd, 8639803.346, 124
Trd, 8639804.079, 112
Trd, 8639804.746, 69
Trd, 8639805.546, 77
Trd, 8639805.779, 71
Trd, 8639806.112, 78
Trd, 8639806.712, 81
Trd, 8639806.979, 86
Trd, 8639807.679, 118
Trd, 8639808.112, 86
Trd, 8639808.346, 83
Trd, 8639808.546, 114
Trd, 8639808.612, 83
Trd, 8639809.246, 83
Trd, 8639809.846, 83
Trd, 8639810.679, 115
Trd, 8639811.212, 97
Trd, 8639811.612, 110
Trd, 8639811.646, 92
Trd, 8639811.879, 91
Trd, 8639812.746, 99
Trd, 8639813.112, 81
Trd, 8639813.179, 81
Trd, 8639814.079, 126
Trd, 8639814.446, 101
Trd, 8639814.579, 93
Trd, 8639814.646, 86
Trd, 8639815.146, 82
Trd, 8639816.346, 100
Trd, 8639817.279, 126
Trd, 8639817.946, 117
Trd, 8639818.079, 115
Trd, 8639818.112, 98
Trd, 8639818.346, 129
Trd, 8639819.112, 88
Trd, 8639819.479, 88
Trd, 8639820.546, 111
Trd, 8639820.946, 112
Trd, 8639821.312, 81
Trd, 8639821.646, 79
Trd, 8639822.112, 82
Trd, 8639822.479, 79
Trd, 8639822.912, 116
Trd, 8639823.346, 115
Trd, 8639824.312, 120
Trd, 8639824.979, 129
Trd, 8639825.012, 119
Trd, 8639825.346, 104
Trd, 8639825.412, 108
Trd, 8639825.646, 104
Trd, 8639826.279, 93
Trd, 8639826.746, 88
Trd, 8639826.846, 84
Trd, 8639827.646, 109
Trd, 8639828.179, 128
Trd, 8639828.479, 82
Trd, 8639828.779, 103
Trd, 8639829.479, 128
Trd, 8639829.879, 96
Trd, 8639831.546, 126
Trd, 8639831.912, 123
Trd, 8639832.312, 111
Trd, 8639832.546, 113
Trd, 8639832.912, 98
Trd, 8639833.046, 96
Trd, 8639833.546, 94
Trd, 8639834.312, 127
Trd, 8639834.446, 126
Trd, 8639835.246, 132
Trd, 8639835.579, 132
Trd, 8639835.679, 95
Trd, 8639835.879, 88
Trd, 8639836.379, 109
Trd, 8639836.879, 133
Trd, 8639837.512, 103
Trd, 8639837.779, 100
Trd, 8639838.346, 97
Trd, 8639838.379, 84
Trd, 8639838.546, 135
Trd, 8639838.746, 114
Trd, 8639839.279, 113
Trd, 8639839.979, 128
Trd, 8639840.846, 130
Trd, 8639841.079, 114
Trd, 8639841.646, 97
Trd, 8639842.246, 98
Trd, 8639842.479, 92
Trd, 8639842.646, 113
Trd, 8639843.146, 81
Trd, 8639843.446, 75
Trd, 8639844.312, 116
Trd, 8639844.346, 110
Trd, 8639844.846, 103
Trd, 8639845.279, 119
Trd, 8639845.979, 109
Trd, 8639846.112, 101
Trd, 8639846.146, 132
Trd, 8639847.279, 118
Trd, 8639848.146, 95
Trd, 8639848.246, 93
Trd, 8639848.346, 85
Trd, 8639848.579, 80
Trd, 8639849.712, 96
Trd, 8639850.079, 84
Trd, 8639850.379, 82
Trd, 8639850.912, 90
Trd, 8639851.146, 123
Trd, 8639851.279, 132
Trd, 8639851.746, 80
Trd, 8639853.546, 111
Trd, 8639853.746, 107
Trd, 8639854.046, 101
Trd, 8639854.146, 85
Trd, 8639854.546, 82
Trd, 8639854.712, 75
Trd, 8639854.912, 66
Trd, 8639855.446, 99
Trd, 8639856.146, 103
Trd, 8639856.779, 108
Trd, 8639857.279, 102
Trd, 8639858.179, 111
Trd, 8639858.646, 111
Trd, 8639859.012, 104
Trd, 8639859.546, 109
Trd, 8639859.912, 92
Trd, 8639859.946, 75
Trd, 8639860.279, 121
Trd, 8639861.279, 94
Trd, 8639861.779, 75
Trd, 8639862.346, 89
Trd, 8639863.379, 114
Trd, 8639863.646, 105
Trd, 8639863.712, 104
Trd, 8639864.112, 108
Trd, 8639864.246, 100
Trd, 8639864.379, 94
Trd, 8639865.112, 91
Trd, 8639865.379, 70
Trd, 8639865.412, 77
Trd, 8639866.379, 81
Trd, 8639866.679, 80
Trd, 8639867.046, 70
Trd, 8639867.246, 69
Trd, 8639867.812, 97
Trd, 8639868.946, 104
Trd, 8639869.246, 109
Trd, 8639869.912, 104
Trd, 8639870.079, 92
Trd, 8639870.279, 113
Trd, 8639870.646, 85
Trd, 8639871.012, 82
Trd, 8639871.846, 115
Trd, 8639871.946, 78
Trd, 8639872.212, 93
Trd, 8639872.312, 85
Trd, 8639872.712, 80
Trd, 8639872.979, 89
Trd, 8639873.212, 108
Trd, 8639873.312, 79
Trd, 8639874.446, 92
Trd, 8639875.679, 133
Trd, 8639875.712, 101
Trd, 8639875.746, 101
Trd, 8639875.946, 94
Trd, 8639876.546, 105
Trd, 8639876.846, 81
Trd, 8639877.079, 96
Trd, 8639877.712, 71
Trd, 8639877.879, 101
Trd, 8639878.446, 99
Trd, 8639878.812, 92
Trd, 8639878.979, 84
Trd, 8639879.112, 82
Trd, 8639880.479, 119
Trd, 8639881.012, 117
Trd, 8639881.479, 104
Trd, 8639881.512, 126
Trd, 8639883.346, 122
Trd, 8639883.479, 106
Trd, 8639883.979, 99
Trd, 8639884.512, 117
Trd, 8639884.812, 123
Trd, 8639884.846, 114
Trd, 8639885.246, 136
Trd, 8639885.379, 106
Trd, 8639886.112, 91
Trd, 8639886.679, 88
Trd, 8639886.846, 87
Trd, 8639887.079, 86
Trd, 8639887.646, 91
Trd, 8639887.946, 76
Trd, 8639888.379, 117
Trd, 8639888.812, 69
Trd, 8639889.246, 81
Trd, 8639889.646, 83
Trd, 8639889.812, 72
Trd, 8639890.012, 67
Trd, 8639890.846, 76
Trd, 8639890.879, 76
Trd, 8639891.446, 79
Trd, 8639891.746, 94
Trd, 8639893.412, 123
Trd, 8639893.512, 108
Trd, 8639895.146, 133
Trd, 8639895.246, 111
Trd, 8639895.412, 83
Trd, 8639895.746, 94
Trd, 8639896.946, 105
Trd, 8639897.279, 82
Trd, 8639898.012, 125
Trd, 8639898.146, 123
Trd, 8639898.412, 120
Trd, 8639898.679, 96
Trd, 8639898.812, 83
Trd, 8639899.112, 140
Trd, 8639900.079, 97
Trd, 8639900.246, 92
Trd, 8639900.412, 110
Trd, 8639900.646, 106
Trd, 8639900.746, 89
Trd, 8639901.079, 87
Trd, 8639902.079, 110
Trd, 8639902.446, 133
Trd, 8639902.912, 70
Trd, 8639903.179, 94
Trd, 8639903.912, 91
Trd, 8639903.946, 83
Trd, 8639904.112, 114
Trd, 8639904.579, 107
Trd, 8639904.946, 137
Trd, 8639905.246, 89
Trd, 8639905.512, 114
Trd, 8639906.446, 98
Trd, 8639907.146, 86
Trd, 8639907.846, 129
Trd, 8639908.946, 102
Trd, 8639909.012, 102
Trd, 8639909.212, 96
Trd, 8639909.579, 68
Trd, 8639909.912, 73
Trd, 8639910.612, 82
Trd, 8639910.779, 64
Trd, 8639911.979, 90
Trd, 8639912.712, 105
Trd, 8639913.512, 109
Trd, 8639913.679, 111
Trd, 8639913.746, 98
Trd, 8639913.879, 82
Trd, 8639914.246, 112
Trd, 8639915.746, 140
Trd, 8639916.179, 133
Trd, 8639916.479, 126
Trd, 8639916.512, 116
Trd, 8639916.546, 108
Trd, 8639916.912, 121
Trd, 8639917.179, 110
Trd, 8639917.246, 115
Trd, 8639917.779, 82
Trd, 8639917.812, 83
Trd, 8639919.146, 84
Trd, 8639919.579, 73
Trd, 8639919.912, 77
Trd, 8639920.146, 71
Trd, 8639920.379, 95
Trd, 8639921.079, 99
Trd, 8639921.312, 81
Trd, 8639922.779, 102
Trd, 8639923.079, 96
Trd, 8639923.879, 128
Trd, 8639924.179, 124
Trd, 8639924.512, 104
Trd, 8639924.912, 87
Trd, 8639926.112, 121
Trd, 8639926.379, 115
Trd, 8639926.612, 109
Trd, 8639926.912, 107
Trd, 8639927.046, 105
Trd, 8639927.179, 96
Trd, 8639928.446, 137
Trd, 8639928.579, 123
Trd, 8639929.046, 113
Trd, 8639929.479, 111
Trd, 8639929.579, 103
Trd, 8639930.712, 97
Trd, 8639931.112, 104
Trd, 8639931.679, 112
Trd, 8639931.912, 109
Trd, 8639932.379, 95
Trd, 8639933.346, 136
Trd, 8639934.679, 120
Trd, 8639934.812, 106
Trd, 8639935.146, 126
Trd, 8639935.579, 122
Trd, 8639935.646, 82
Trd, 8639936.612, 74
Trd, 8639936.879, 75
Trd, 8639937.612, 90
Trd, 8639938.179, 110
Trd, 8639938.279, 109
Trd, 8639938.412, 102
Trd, 8639938.712, 104
Trd, 8639939.946, 80
Trd, 8639940.012, 78
Trd, 8639940.979, 97
Trd, 8639941.879, 98
Trd, 8639942.146, 103
Trd, 8639942.712, 112
Trd, 8639942.746, 125
Trd, 8639942.846, 110
Trd, 8639943.012, 98
Trd, 8639943.112, 109
Trd, 8639943.712, 131
Trd, 8639943.746, 89
Trd, 8639944.746, 80
Trd, 8639947.612, 65
Trd, 8639948.012, 81
Trd, 8639948.479, 85
Trd, 8639948.512, 86
Trd, 8639949.112, 84
Trd, 8639949.179, 77
Trd, 8639950.412, 122
Trd, 8639950.446, 121
Trd, 8639950.646, 92
Trd, 8639951.312, 111
Trd, 8639952.012, 122
Trd, 8639952.612, 117
Trd, 8639953.046, 89
Trd, 8639953.346, 88
Trd, 8639954.179, 109
Trd, 8639954.279, 106
Trd, 8639954.779, 113
Trd, 8639954.846, 107
Trd, 8639955.012, 97
Trd, 8639955.612, 96
Trd, 8639956.812, 130
Trd, 8639956.946, 128
Trd, 8639957.112, 127
Trd, 8639957.479, 123
Trd, 8639957.979, 120
Trd, 8639958.946, 108
Trd, 8639959.012, 102
Trd, 8639960.579, 123
Trd, 8639961.112, 89
Trd, 8639961.812, 117
Trd, 8639961.846, 95
Trd, 8639963.579, 123
Trd, 8639963.612, 123
Trd, 8639963.646, 120
Trd, 8639963.812, 107
Trd, 8639964.079, 104
Trd, 8639965.012, 94
Trd, 8639965.546, 114
Trd, 8639965.579, 103
Trd, 8639965.646, 102
Trd, 8639966.579, 127
Trd, 8639966.946, 95
Trd, 8639967.746, 74
Trd, 8639967.879, 71
Trd, 8639967.912, 66
Trd, 8639968.079, 92
Trd, 8639968.646, 121
Trd, 8639970.012, 105
Trd, 8639970.146, 101
Trd, 8639970.579, 138
Trd, 8639970.646, 110
Trd, 8639970.679, 91
Trd, 8639971.679, 100
Trd, 8639972.546, 123
Trd, 8639972.679, 90
Trd, 8639973.379, 117
Trd, 8639973.812, 135
Trd, 8639973.879, 104
Trd, 8639973.946, 99
Trd, 8639974.546, 123
Trd, 8639975.646, 114
Trd, 8639975.846, 93
Trd, 8639976.246, 128
Trd, 8639976.846, 137
Trd, 8639977.046, 108
Trd, 8639978.279, 131
Trd, 8639978.446, 114
Trd, 8639978.679, 110
Trd, 8639978.712, 105
Trd, 8639978.746, 116
Trd, 8639978.879, 102
Trd, 8639979.412, 75
Trd, 8639980.112, 88
Trd, 8639980.246, 72
Trd, 8639980.546, 88
Trd, 8639980.746, 109
Trd, 8639981.079, 112
Trd, 8639981.179, 86
Trd, 8639981.779, 92
Trd, 8639982.279, 61
Trd, 8639982.846, 121
Trd, 8639983.112, 103
Trd, 8639983.912, 74
Trd, 8639984.579, 93
Trd, 8639984.879, 93
Trd, 8639985.246, 109
Trd, 8639986.146, 120
Trd, 8639986.212, 112
Trd, 8639987.446, 103
Trd, 8639987.746, 127
Trd, 8639987.879, 101
Trd, 8639988.812, 125
Trd, 8639988.846, 124
Trd, 8639989.212, 123
Trd, 8639989.279, 112
Trd, 8639989.546, 110
Trd, 8639989.912, 110
Trd, 8639990.846, 118
Trd, 8639991.079, 69
Trd, 8639991.579, 125
Trd, 8639991.912, 75
Trd, 8639992.346, 93
Trd, 8639992.712, 79
Trd, 8639993.146, 98
Trd, 8639993.646, 106
Trd, 8639994.379, 93
Trd, 8639994.412, 78
Trd, 8639994.446, 116
Trd, 8639996.046, 99
Trd, 8639996.612, 131
Trd, 8639996.979, 85
Trd, 8639997.179, 109
Trd, 8639998.679, 111
Trd, 8639998.746, 105
Trd, 8639999.312, 86
Trd, 8639999.746, 80
