Trd, 8638748.612, 135
Trd, 8638748.879, 137
Trd, 8638749.012, 138
Trd, 8638749.546, 140
Trd, 8638749.946, 140
Trd, 8638750.179, 140
Trd, 8638750.512, 139
Trd, 8638750.579, 130
Trd, 8638751.012, 140
Trd, 8638751.646, 139
Trd, 8638752.612, 130
Trd, 8638752.679, 137
Trd, 8638752.846, 130
Trd, 8638753.479, 138
Trd, 8638753.746, 129
Trd, 8638753.812, 139
Trd, 8638753.979, 126
Trd, 8638754.279, 125
Trd, 8638754.646, 139
Trd, 8638755.012, 107
Trd, 8638756.912, 140
Trd, 8638757.146, 140
Trd, 8638757.379, 140
Trd, 8638758.279, 140
Trd, 8638758.679, 140
Trd, 8638759.279, 140
Trd, 8638759.812, 140
Trd, 8638759.979, 140
Trd, 8638760.712, 140
Trd, 8638760.846, 139
Trd, 8638760.879, 139
Trd, 8638761.946, 139
Trd, 8638762.412, 135
Trd, 8638763.346, 136
Trd, 8638763.779, 118
Trd, 8638764.046, 136
Trd, 8638764.646, 137
Trd, 8638764.679, 130
Trd, 8638765.046, 115
Trd, 8638765.612, 136
Trd, 8638766.446, 74
Trd, 8638766.612, 105
Trd, 8638766.979, 73
Trd, 8638767.212, 105
Trd, 8638767.246, 85
Trd, 8638767.279, 106
Trd, 8638769.046, 140
Trd, 8638769.412, 140
Trd, 8638770.312, 140
Trd, 8638770.746, 140
Trd, 8638771.679, 140
Trd, 8638771.812, 140
Trd, 8638772.512, 140
Trd, 8638773.046, 140
Trd, 8638773.646, 140
Trd, 8638773.846, 140
Trd, 8638774.146, 140
Trd, 8638774.246, 131
Trd, 8638774.412, 125
Trd, 8638774.612, 112
Trd, 8638777.112, 140
Trd, 8638777.279, 140
Trd, 8638778.046, 140
Trd, 8638778.446, 140
Trd, 8638778.612, 140
Trd, 8638779.446, 140
Trd, 8638779.546, 140
Trd, 8638780.046, 117
Trd, 8638780.446, 117
Trd, 8638780.612, 132
Trd, 8638780.779, 133
Trd, 8638780.979, 112
Trd, 8638782.212, 92
Trd, 8638782.912, 133
Trd, 8638783.412, 111
Trd, 8638783.846, 109
Trd, 8638785.112, 119
Trd, 8638785.212, 118
Trd, 8638785.346, 129
Trd, 8638785.712, 130
Trd, 8638785.979, 130
Trd, 8638786.246, 102
Trd, 8638786.412, 136
Trd, 8638786.912, 120
Trd, 8638787.379, 133
Trd, 8638787.446, 112
Trd, 8638788.046, 104
Trd, 8638788.812, 102
Trd, 8638789.679, 82
Trd, 8638790.512, 85
Trd, 8638790.979, 99
Trd, 8638791.046, 100
Trd, 8638791.246, 85
Trd, 8638791.446, 111
Trd, 8638791.979, 107
Trd, 8638792.046, 88
Trd, 8638792.279, 87
Trd, 8638793.179, 130
Trd, 8638793.312, 129
Trd, 8638793.446, 140
Trd, 8638794.579, 140
Trd, 8638794.712, 139
Trd, 8638795.346, 133
Trd, 8638795.846, 111
Trd, 8638795.879, 106
Trd, 8638795.979, 96
Trd, 8638796.879, 122
Trd, 8638797.946, 122
Trd, 8638797.979, 123
Trd, 8638798.312, 129
Trd, 8638799.179, 61
Trd, 8638799.546, 67
Trd, 8638799.646, 68
Trd, 8638800.546, 83
Trd, 8638800.846, 84
Trd, 8638800.946, 67
Trd, 8638802.146, 70
Trd, 8638802.479, 84
Trd, 8638802.512, 93
Trd, 8638802.579, 113
Trd, 8638802.979, 71
Trd, 8638803.179, 70
Trd, 8638804.012, 64
Trd, 8638804.779, 63
Trd, 8638805.412, 63
Trd, 8638805.979, 61
Trd, 8638806.312, 61
Trd, 8638806.646, 61
Trd, 8638807.079, 63
Trd, 8638807.179, 65
Trd, 8638807.379, 81
Trd, 8638807.546, 112
Trd, 8638808.746, 140
Trd, 8638808.912, 140
Trd, 8638810.179, 139
Trd, 8638810.346, 138
Trd, 8638810.846, 139
Trd, 8638810.912, 137
Trd, 8638810.946, 140
Trd, 8638811.012, 130
Trd, 8638811.212, 116
Trd, 8638811.812, 84
Trd, 8638812.179, 61
Trd, 8638812.546, 65
Trd, 8638812.679, 70
Trd, 8638814.379, 138
Trd, 8638814.846, 140
Trd, 8638814.912, 138
Trd, 8638816.012, 140
Trd, 8638816.679, 140
Trd, 8638818.712, 140
Trd, 8638818.946, 140
Trd, 8638819.046, 140
Trd, 8638819.112, 140
Trd, 8638819.546, 137
Trd, 8638819.879, 126
Trd, 8638820.946, 140
Trd, 8638821.012, 140
Trd, 8638821.812, 140
Trd, 8638822.379, 140
Trd, 8638823.046, 140
Trd, 8638823.112, 140
Trd, 8638824.179, 140
Trd, 8638824.746, 139
Trd, 8638825.112, 139
Trd, 8638825.646, 130
Trd, 8638825.779, 105
Trd, 8638826.146, 81
Trd, 8638826.612, 82
Trd, 8638827.012, 90
Trd, 8638827.079, 128
Trd, 8638827.379, 129
Trd, 8638827.979, 127
Trd, 8638828.312, 120
Trd, 8638829.212, 121
Trd, 8638829.646, 119
Trd, 8638830.412, 123
Trd, 8638830.646, 107
Trd, 8638831.312, 122
Trd, 8638831.812, 105
Trd, 8638831.879, 101
Trd, 8638832.246, 101
Trd, 8638832.779, 101
Trd, 8638833.212, 102
Trd, 8638833.412, 103
Trd, 8638833.746, 111
Trd, 8638834.312, 140
Trd, 8638834.546, 127
Trd, 8638834.679, 101
Trd, 8638835.812, 107
Trd, 8638836.012, 110
Trd, 8638836.346, 79
Trd, 8638836.612, 123
Trd, 8638837.712, 133
Trd, 8638837.879, 121
Trd, 8638838.179, 103
Trd, 8638838.612, 103
Trd, 8638839.479, 110
Trd, 8638839.646, 109
Trd, 8638840.079, 109
Trd, 8638840.112, 90
Trd, 8638840.646, 69
Trd, 8638840.712, 98
Trd, 8638841.046, 110
Trd, 8638841.312, 140
Trd, 8638842.612, 74
Trd, 8638843.412, 139
Trd, 8638843.546, 138
Trd, 8638843.912, 137
Trd, 8638844.346, 137
Trd, 8638844.812, 138
Trd, 8638846.012, 140
Trd, 8638847.012, 140
Trd, 8638847.479, 140
Trd, 8638847.879, 140
Trd, 8638848.246, 140
Trd, 8638849.312, 140
Trd, 8638849.812, 140
Trd, 8638850.612, 140
Trd, 8638850.646, 140
Trd, 8638851.012, 126
Trd, 8638851.646, 125
Trd, 8638851.779, 109
Trd, 8638852.146, 123
Trd, 8638853.246, 139
Trd, 8638853.679, 140
Trd, 8638853.812, 122
Trd, 8638853.979, 138
Trd, 8638854.612, 122
Trd, 8638855.912, 122
Trd, 8638855.979, 113
Trd, 8638856.012, 102
Trd, 8638856.879, 130
Trd, 8638856.979, 131
Trd, 8638857.012, 129
Trd, 8638857.212, 102
Trd, 8638858.412, 132
Trd, 8638858.979, 105
Trd, 8638859.346, 103
Trd, 8638860.079, 140
Trd, 8638860.112, 111
Trd, 8638860.946, 140
Trd, 8638861.112, 139
Trd, 8638862.446, 140
Trd, 8638862.646, 140
Trd, 8638862.846, 140
Trd, 8638863.046, 134
Trd, 8638863.979, 97
Trd, 8638864.512, 139
Trd, 8638866.312, 138
Trd, 8638866.446, 136
Trd, 8638866.646, 127
Trd, 8638867.012, 99
Trd, 8638868.979, 124
Trd, 8638869.012, 127
Trd, 8638869.246, 124
Trd, 8638869.712, 124
Trd, 8638869.912, 124
Trd, 8638870.779, 126
Trd, 8638871.279, 133
Trd, 8638872.012, 114
Trd, 8638872.179, 103
Trd, 8638872.446, 94
Trd, 8638872.979, 124
Trd, 8638873.012, 129
Trd, 8638873.746, 113
Trd, 8638873.879, 131
Trd, 8638874.679, 73
Trd, 8638874.879, 112
Trd, 8638876.046, 83
Trd, 8638876.546, 137
Trd, 8638876.912, 132
Trd, 8638877.012, 137
Trd, 8638877.112, 130
Trd, 8638877.346, 129
Trd, 8638878.279, 138
Trd, 8638878.446, 129
Trd, 8638878.846, 107
Trd, 8638879.712, 113
Trd, 8638879.812, 114
Trd, 8638879.846, 90
Trd, 8638880.812, 102
Trd, 8638880.946, 140
Trd, 8638881.679, 92
Trd, 8638882.146, 63
Trd, 8638882.446, 64
Trd, 8638882.812, 73
Trd, 8638883.346, 108
Trd, 8638883.712, 67
Trd, 8638883.779, 109
Trd, 8638884.879, 108
Trd, 8638885.612, 105
Trd, 8638886.346, 107
Trd, 8638886.546, 107
Trd, 8638886.879, 107
Trd, 8638886.979, 116
Trd, 8638887.346, 133
Trd, 8638887.779, 140
Trd, 8638888.012, 125
Trd, 8638889.112, 111
Trd, 8638889.446, 132
Trd, 8638890.946, 140
Trd, 8638891.346, 140
Trd, 8638891.846, 140
Trd, 8638892.946, 140
Trd, 8638893.179, 140
Trd, 8638894.146, 140
Trd, 8638894.246, 140
Trd, 8638894.479, 140
Trd, 8638895.112, 140
Trd, 8638895.246, 139
Trd, 8638896.579, 137
Trd, 8638897.146, 132
Trd, 8638897.512, 127
Trd, 8638897.646, 139
Trd, 8638897.712, 126
Trd, 8638897.812, 123
Trd, 8638898.079, 122
Trd, 8638900.412, 140
Trd, 8638900.879, 140
Trd, 8638901.346, 140
Trd, 8638901.546, 140
Trd, 8638901.979, 140
Trd, 8638902.546, 139
Trd, 8638902.912, 137
Trd, 8638903.246, 139
Trd, 8638903.946, 134
Trd, 8638905.712, 140
Trd, 8638905.746, 140
Trd, 8638906.346, 140
Trd, 8638907.779, 140
Trd, 8638908.346, 140
Trd, 8638908.979, 140
Trd, 8638909.212, 140
Trd, 8638909.646, 140
Trd, 8638909.679, 140
Trd, 8638909.879, 137
Trd, 8638910.279, 138
Trd, 8638910.512, 134
Trd, 8638910.746, 120
Trd, 8638911.512, 136
Trd, 8638912.112, 137
Trd, 8638912.979, 135
Trd, 8638913.079, 139
Trd, 8638913.346, 135
Trd, 8638914.246, 97
Trd, 8638915.112, 112
Trd, 8638915.779, 114
Trd, 8638915.846, 112
Trd, 8638916.479, 125
Trd, 8638916.546, 126
Trd, 8638917.646, 125
Trd, 8638917.812, 124
Trd, 8638918.212, 118
Trd, 8638918.312, 88
Trd, 8638919.312, 123
Trd, 8638919.646, 125
Trd, 8638919.679, 126
Trd, 8638920.246, 86
Trd, 8638921.012, 112
Trd, 8638921.679, 123
Trd, 8638921.846, 106
Trd, 8638922.046, 105
Trd, 8638922.646, 139
Trd, 8638922.946, 139
Trd, 8638923.779, 140
Trd, 8638924.412, 140
Trd, 8638925.612, 140
Trd, 8638925.746, 139
Trd, 8638926.246, 140
Trd, 8638926.912, 140
Trd, 8638927.179, 140
Trd, 8638927.579, 127
Trd, 8638928.579, 134
Trd, 8638928.679, 133
Trd, 8638929.246, 110
Trd, 8638930.379, 128
Trd, 8638930.546, 105
Trd, 8638931.479, 139
Trd, 8638931.579, 139
Trd, 8638932.212, 136
Trd, 8638933.612, 136
Trd, 8638933.779, 136
Trd, 8638933.812, 135
Trd, 8638933.946, 125
Trd, 8638934.879, 95
Trd, 8638934.979, 135
Trd, 8638935.179, 94
Trd, 8638935.412, 135
Trd, 8638936.512, 138
Trd, 8638936.679, 106
Trd, 8638937.212, 106
Trd, 8638937.746, 118
Trd, 8638938.646, 130
Trd, 8638938.979, 78
Trd, 8638939.379, 64
Trd, 8638939.879, 132
Trd, 8638939.979, 140
Trd, 8638941.412, 104
Trd, 8638941.979, 80
Trd, 8638942.746, 82
Trd, 8638943.112, 124
Trd, 8638943.346, 101
Trd, 8638943.779, 123
Trd, 8638943.912, 124
Trd, 8638944.112, 127
Trd, 8638944.212, 130
Trd, 8638945.379, 105
Trd, 8638945.846, 103
Trd, 8638946.046, 96
Trd, 8638946.112, 70
Trd, 8638946.679, 60
Trd, 8638947.112, 60
Trd, 8638947.546, 62
Trd, 8638947.779, 73
Trd, 8638948.512, 123
Trd, 8638949.012, 138
Trd, 8638949.446, 127
Trd, 8638950.379, 140
Trd, 8638950.779, 140
Trd, 8638951.379, 140
Trd, 8638951.512, 140
Trd, 8638952.046, 116
Trd, 8638952.812, 139
Trd, 8638953.246, 115
Trd, 8638954.946, 132
Trd, 8638955.146, 121
Trd, 8638955.579, 137
Trd, 8638956.279, 134
Trd, 8638956.346, 130
Trd, 8638956.779, 120
Trd, 8638957.012, 104
Trd, 8638957.312, 124
Trd, 8638957.846, 137
Trd, 8638958.412, 140
Trd, 8638958.812, 139
Trd, 8638959.012, 136
Trd, 8638959.746, 138
Trd, 8638960.046, 134
Trd, 8638961.346, 108
Trd, 8638961.479, 136
Trd, 8638961.979, 110
Trd, 8638963.446, 126
Trd, 8638964.046, 130
Trd, 8638964.079, 133
Trd, 8638964.246, 135
Trd, 8638964.379, 119
Trd, 8638964.712, 109
Trd, 8638964.912, 136
Trd, 8638965.879, 129
Trd, 8638966.112, 100
Trd, 8638966.612, 104
Trd, 8638966.746, 104
Trd, 8638967.312, 101
Trd, 8638967.612, 101
Trd, 8638968.146, 128
Trd, 8638968.479, 92
Trd, 8638968.612, 89
Trd, 8638968.646, 122
Trd, 8638968.812, 132
Trd, 8638970.912, 129
Trd, 8638971.079, 129
Trd, 8638971.379, 130
Trd, 8638971.746, 127
Trd, 8638972.912, 131
Trd, 8638973.146, 133
Trd, 8638973.179, 134
Trd, 8638973.846, 133
Trd, 8638973.979, 139
Trd, 8638974.479, 139
Trd, 8638975.146, 136
Trd, 8638975.712, 133
Trd, 8638975.746, 130
Trd, 8638975.979, 136
Trd, 8638976.346, 113
Trd, 8638976.612, 104
Trd, 8638977.079, 102
Trd, 8638977.179, 140
Trd, 8638977.779, 137
Trd, 8638978.379, 139
Trd, 8638979.112, 121
Trd, 8638979.712, 122
Trd, 8638981.246, 140
Trd, 8638981.312, 140
Trd, 8638981.746, 122
Trd, 8638983.246, 140
Trd, 8638984.412, 130
Trd, 8638984.746, 131
Trd, 8638985.279, 131
Trd, 8638985.579, 132
Trd, 8638985.646, 133
Trd, 8638986.046, 129
Trd, 8638986.179, 128
Trd, 8638986.312, 133
Trd, 8638986.879, 139
Trd, 8638987.046, 83
Trd, 8638988.946, 140
Trd, 8638989.146, 119
Trd, 8638989.179, 108
Trd, 8638989.579, 117
Trd, 8638989.679, 116
Trd, 8638989.746, 108
Trd, 8638990.212, 119
Trd, 8638990.612, 112
Trd, 8638990.679, 120
Trd, 8638991.679, 121
Trd, 8638992.346, 104
Trd, 8638992.546, 69
Trd, 8638992.946, 118
Trd, 8638993.012, 129
Trd, 8638993.579, 66
Trd, 8638993.746, 65
Trd, 8638993.846, 113
Trd, 8638994.379, 134
Trd, 8638994.879, 129
Trd, 8638995.246, 121
Trd, 8638995.646, 89
Trd, 8638996.412, 132
Trd, 8638996.546, 75
Trd, 8638997.246, 140
Trd, 8638997.512, 140
Trd, 8638997.546, 139
Trd, 8638998.879, 123
Trd, 8638999.546, 129
Trd, 8638999.612, 130
Trd, 8638999.746, 131
Trd, 8638999.912, 109
Trd, 8639001.079, 140
Trd, 8639001.246, 121
Trd, 8639001.312, 114
Trd, 8639002.512, 140
Trd, 8639002.879, 140
Trd, 8639003.712, 140
Trd, 8639003.946, 140
Trd, 8639003.979, 140
Trd, 8639004.212, 138
Trd, 8639005.246, 140
Trd, 8639006.346, 140
Trd, 8639006.779, 140
Trd, 8639007.246, 132
Trd, 8639007.679, 125
Trd, 8639007.779, 136
Trd, 8639009.379, 129
Trd, 8639009.846, 131
Trd, 8639010.479, 137
Trd, 8639010.646, 136
Trd, 8639011.279, 135
Trd, 8639011.479, 103
Trd, 8639012.212, 123
Trd, 8639012.646, 113
Trd, 8639013.179, 134
Trd, 8639013.212, 112
Trd, 8639013.479, 109
Trd, 8639013.646, 135
Trd, 8639014.012, 104
Trd, 8639014.246, 101
Trd, 8639015.546, 135
Trd, 8639017.979, 140
Trd, 8639018.046, 139
Trd, 8639018.179, 140
Trd, 8639020.179, 140
Trd, 8639020.212, 140
Trd, 8639020.379, 140
Trd, 8639020.412, 140
Trd, 8639020.546, 138
Trd, 8639021.046, 140
Trd, 8639021.579, 140
Trd, 8639021.846, 140
Trd, 8639023.046, 140
Trd, 8639023.312, 140
Trd, 8639023.379, 140
Trd, 8639023.479, 139
Trd, 8639024.512, 135
Trd, 8639024.879, 118
Trd, 8639025.179, 104
Trd, 8639025.446, 137
Trd, 8639025.546, 139
Trd, 8639025.646, 84
Trd, 8639026.446, 132
Trd, 8639027.279, 122
Trd, 8639027.312, 122
Trd, 8639027.579, 138
Trd, 8639028.146, 140
Trd, 8639028.679, 136
Trd, 8639030.879, 136
Trd, 8639030.912, 114
Trd, 8639031.312, 114
Trd, 8639031.546, 108
Trd, 8639031.779, 93
Trd, 8639032.046, 135
Trd, 8639032.346, 96
Trd, 8639032.812, 98
Trd, 8639033.746, 125
Trd, 8639033.779, 105
Trd, 8639034.179, 130
Trd, 8639034.246, 138
Trd, 8639034.712, 82
Trd, 8639035.046, 129
Trd, 8639035.512, 131
Trd, 8639035.579, 132
Trd, 8639036.112, 75
Trd, 8639036.812, 61
Trd, 8639037.912, 63
Trd, 8639038.579, 67
Trd, 8639038.679, 73
Trd, 8639038.946, 66
Trd, 8639039.212, 72
Trd, 8639039.512, 119
Trd, 8639040.079, 121
Trd, 8639040.246, 119
Trd, 8639041.346, 140
Trd, 8639041.712, 140
Trd, 8639042.012, 140
Trd, 8639043.446, 140
Trd, 8639043.712, 140
Trd, 8639044.712, 140
Trd, 8639044.879, 140
Trd, 8639045.112, 140
Trd, 8639045.679, 140
Trd, 8639047.279, 140
Trd, 8639047.646, 140
Trd, 8639047.779, 139
Trd, 8639048.046, 116
Trd, 8639048.612, 124
Trd, 8639049.279, 130
Trd, 8639049.446, 129
Trd, 8639049.679, 125
Trd, 8639049.779, 124
Trd, 8639049.812, 129
Trd, 8639049.946, 130
Trd, 8639050.312, 99
Trd, 8639050.679, 137
Trd, 8639051.046, 74
Trd, 8639051.212, 140
Trd, 8639051.246, 123
Trd, 8639053.912, 140
Trd, 8639055.079, 140
Trd, 8639055.612, 140
Trd, 8639055.779, 139
Trd, 8639056.512, 140
Trd, 8639057.546, 140
Trd, 8639058.146, 140
Trd, 8639058.412, 140
Trd, 8639058.679, 140
Trd, 8639059.212, 140
Trd, 8639059.512, 140
Trd, 8639059.612, 134
Trd, 8639059.746, 127
Trd, 8639062.279, 140
Trd, 8639062.612, 140
Trd, 8639062.646, 140
Trd, 8639063.679, 140
Trd, 8639064.012, 140
Trd, 8639065.046, 140
Trd, 8639065.346, 140
Trd, 8639065.446, 140
Trd, 8639066.046, 136
Trd, 8639066.212, 103
Trd, 8639067.812, 134
Trd, 8639067.846, 132
Trd, 8639068.246, 132
Trd, 8639069.112, 132
Trd, 8639069.446, 134
Trd, 8639069.779, 133
Trd, 8639069.946, 135
Trd, 8639070.346, 134
Trd, 8639071.646, 135
Trd, 8639071.812, 105
Trd, 8639071.946, 100
Trd, 8639072.146, 96
Trd, 8639072.612, 140
Trd, 8639074.079, 140
Trd, 8639074.512, 140
Trd, 8639074.612, 130
Trd, 8639074.779, 123
Trd, 8639075.646, 133
Trd, 8639075.812, 132
Trd, 8639076.679, 131
Trd, 8639076.746, 133
Trd, 8639076.912, 135
Trd, 8639077.279, 118
Trd, 8639077.446, 107
Trd, 8639078.312, 87
Trd, 8639079.479, 128
Trd, 8639079.946, 119
Trd, 8639079.979, 118
Trd, 8639080.079, 127
Trd, 8639080.646, 119
Trd, 8639080.946, 118
Trd, 8639081.979, 115
Trd, 8639082.079, 111
Trd, 8639082.146, 122
Trd, 8639082.612, 109
Trd, 8639083.279, 123
Trd, 8639083.412, 82
Trd, 8639084.579, 140
Trd, 8639084.646, 140
Trd, 8639084.912, 140
Trd, 8639085.046, 140
Trd, 8639085.612, 97
Trd, 8639087.379, 140
Trd, 8639087.412, 140
Trd, 8639087.446, 140
Trd, 8639087.812, 140
Trd, 8639087.879, 140
Trd, 8639089.279, 99
Trd, 8639089.312, 98
Trd, 8639089.446, 137
Trd, 8639089.512, 97
Trd, 8639090.412, 138
Trd, 8639090.746, 92
Trd, 8639091.146, 85
Trd, 8639091.212, 84
Trd, 8639093.246, 140
Trd, 8639093.412, 140
Trd, 8639094.279, 111
Trd, 8639094.779, 119
Trd, 8639094.946, 106
Trd, 8639095.112, 125
Trd, 8639095.212, 62
Trd, 8639095.479, 60
Trd, 8639095.746, 66
Trd, 8639096.079, 67
Trd, 8639096.612, 130
Trd, 8639096.846, 131
Trd, 8639098.146, 125
Trd, 8639098.412, 126
Trd, 8639098.579, 126
Trd, 8639099.279, 140
Trd, 8639099.546, 128
Trd, 8639101.412, 140
Trd, 8639102.112, 140
Trd, 8639102.646, 140
Trd, 8639102.912, 140
Trd, 8639103.479, 140
Trd, 8639104.112, 140
Trd, 8639104.212, 139
Trd, 8639105.479, 123
Trd, 8639106.279, 135
Trd, 8639106.812, 122
Trd, 8639107.012, 116
Trd, 8639107.112, 115
Trd, 8639107.446, 125
Trd, 8639107.646, 125
Trd, 8639109.112, 124
Trd, 8639109.479, 132
Trd, 8639109.546, 117
Trd, 8639109.846, 116
Trd, 8639109.879, 133
Trd, 8639110.046, 99
Trd, 8639110.746, 63
Trd, 8639110.812, 63
Trd, 8639110.946, 64
Trd, 8639111.512, 60
Trd, 8639112.512, 60
Trd, 8639112.612, 60
Trd, 8639113.846, 62
Trd, 8639113.979, 62
Trd, 8639114.112, 63
Trd, 8639114.246, 67
Trd, 8639114.779, 140
Trd, 8639115.446, 139
Trd, 8639116.446, 73
Trd, 8639116.612, 118
Trd, 8639116.746, 75
Trd, 8639116.812, 70
Trd, 8639118.079, 82
Trd, 8639118.679, 83
Trd, 8639118.879, 114
Trd, 8639119.812, 111
Trd, 8639120.312, 122
Trd, 8639120.412, 105
Trd, 8639120.546, 104
Trd, 8639121.446, 116
Trd, 8639122.312, 140
Trd, 8639122.579, 140
Trd, 8639122.612, 140
Trd, 8639123.012, 138
Trd, 8639123.779, 140
Trd, 8639124.646, 121
Trd, 8639125.446, 140
Trd, 8639125.646, 140
Trd, 8639125.679, 139
Trd, 8639127.279, 140
Trd, 8639127.512, 140
Trd, 8639127.546, 140
Trd, 8639127.779, 117
Trd, 8639127.846, 111
Trd, 8639128.846, 112
Trd, 8639129.146, 108
Trd, 8639129.712, 140
Trd, 8639130.012, 140
Trd, 8639130.812, 113
Trd, 8639132.012, 140
Trd, 8639132.179, 140
Trd, 8639132.212, 140
Trd, 8639132.879, 137
Trd, 8639133.312, 139
Trd, 8639133.579, 136
Trd, 8639133.812, 135
Trd, 8639134.812, 138
Trd, 8639135.179, 139
Trd, 8639135.279, 140
Trd, 8639135.479, 122
Trd, 8639136.579, 120
Trd, 8639136.779, 120
Trd, 8639136.912, 117
Trd, 8639136.946, 121
Trd, 8639137.012, 109
Trd, 8639137.546, 127
Trd, 8639137.579, 108
Trd, 8639137.612, 88
Trd, 8639138.379, 127
Trd, 8639138.979, 109
Trd, 8639139.879, 108
Trd, 8639140.346, 118
Trd, 8639141.146, 120
Trd, 8639141.412, 111
Trd, 8639142.212, 122
Trd, 8639142.812, 133
Trd, 8639143.012, 132
Trd, 8639143.512, 112
Trd, 8639143.879, 135
Trd, 8639143.979, 113
Trd, 8639147.246, 140
Trd, 8639147.746, 140
Trd, 8639148.479, 140
Trd, 8639149.246, 140
Trd, 8639149.412, 140
Trd, 8639149.612, 140
Trd, 8639149.846, 140
Trd, 8639150.646, 140
Trd, 8639150.712, 140
Trd, 8639150.946, 139
Trd, 8639151.079, 134
Trd, 8639152.079, 140
Trd, 8639152.146, 140
Trd, 8639153.879, 140
Trd, 8639154.879, 140
Trd, 8639155.812, 140
Trd, 8639156.412, 140
Trd, 8639157.246, 140
Trd, 8639157.379, 140
Trd, 8639157.879, 140
Trd, 8639157.946, 140
Trd, 8639158.246, 140
Trd, 8639158.346, 138
Trd, 8639158.679, 128
Trd, 8639159.146, 139
Trd, 8639160.212, 139
Trd, 8639160.712, 140
Trd, 8639160.779, 132
Trd, 8639161.679, 136
Trd, 8639161.979, 137
Trd, 8639163.179, 124
Trd, 8639163.779, 132
Trd, 8639163.812, 133
Trd, 8639163.979, 124
Trd, 8639164.346, 123
Trd, 8639164.746, 122
Trd, 8639166.046, 126
Trd, 8639166.779, 139
Trd, 8639167.279, 139
Trd, 8639167.646, 126
Trd, 8639168.112, 138
Trd, 8639168.346, 140
Trd, 8639169.379, 137
Trd, 8639169.612, 138
Trd, 8639169.679, 136
Trd, 8639170.679, 133
Trd, 8639170.846, 128
Trd, 8639171.279, 101
Trd, 8639171.812, 137
Trd, 8639171.912, 111
Trd, 8639172.612, 130
Trd, 8639172.846, 138
Trd, 8639173.179, 140
Trd, 8639173.546, 134
Trd, 8639174.179, 140
Trd, 8639175.146, 140
Trd, 8639175.512, 138
Trd, 8639175.579, 137
Trd, 8639176.379, 139
Trd, 8639176.512, 137
Trd, 8639176.646, 129
Trd, 8639176.779, 138
Trd, 8639177.146, 119
Trd, 8639178.046, 99
Trd, 8639178.179, 98
Trd, 8639179.179, 119
Trd, 8639180.612, 140
Trd, 8639181.846, 140
Trd, 8639182.346, 140
Trd, 8639183.279, 140
Trd, 8639183.412, 139
Trd, 8639183.946, 138
Trd, 8639185.012, 140
Trd, 8639185.246, 140
Trd, 8639185.446, 132
Trd, 8639185.479, 132
Trd, 8639186.946, 140
Trd, 8639187.246, 140
Trd, 8639187.446, 140
Trd, 8639187.812, 128
Trd, 8639188.512, 125
Trd, 8639189.112, 106
Trd, 8639189.512, 123
Trd, 8639189.779, 124
Trd, 8639190.379, 83
Trd, 8639190.779, 82
Trd, 8639190.979, 128
Trd, 8639191.079, 132
Trd, 8639191.512, 140
Trd, 8639192.079, 109
Trd, 8639192.646, 140
Trd, 8639193.212, 140
Trd, 8639193.679, 140
Trd, 8639193.879, 140
Trd, 8639195.312, 140
Trd, 8639196.112, 139
Trd, 8639196.712, 140
Trd, 8639197.512, 140
Trd, 8639197.612, 128
Trd, 8639198.846, 140
Trd, 8639198.912, 139
Trd, 8639200.046, 129
Trd, 8639200.479, 140
Trd, 8639200.712, 129
Trd, 8639200.779, 128
Trd, 8639201.146, 99
Trd, 8639201.446, 138
Trd, 8639201.946, 133
Trd, 8639202.346, 137
Trd, 8639202.412, 135
Trd, 8639202.712, 117
Trd, 8639203.146, 105
Trd, 8639204.112, 138
Trd, 8639204.446, 139
Trd, 8639205.346, 137
Trd, 8639205.379, 107
Trd, 8639205.579, 107
Trd, 8639206.379, 130
Trd, 8639206.412, 99
Trd, 8639206.746, 140
Trd, 8639206.946, 139
Trd, 8639206.979, 91
Trd, 8639207.012, 78
Trd, 8639207.646, 140
Trd, 8639208.779, 139
Trd, 8639208.846, 103
Trd, 8639209.779, 113
Trd, 8639210.012, 140
Trd, 8639211.046, 135
Trd, 8639211.912, 135
Trd, 8639212.479, 100
Trd, 8639212.712, 101
Trd, 8639212.879, 100
Trd, 8639212.979, 99
Trd, 8639213.246, 111
Trd, 8639213.546, 134
Trd, 8639213.779, 137
Trd, 8639213.912, 138
Trd, 8639214.212, 109
Trd, 8639215.346, 113
Trd, 8639216.612, 137
Trd, 8639216.646, 133
Trd, 8639217.179, 114
Trd, 8639217.679, 134
Trd, 8639218.312, 140
Trd, 8639218.512, 138
Trd, 8639218.579, 123
Trd, 8639219.179, 114
Trd, 8639219.379, 113
Trd, 8639220.179, 140
Trd, 8639220.446, 140
Trd, 8639220.679, 140
Trd, 8639221.846, 137
Trd, 8639222.112, 139
Trd, 8639222.346, 138
Trd, 8639222.746, 137
Trd, 8639222.779, 99
Trd, 8639223.579, 136
Trd, 8639223.646, 136
Trd, 8639223.779, 133
Trd, 8639224.079, 111
Trd, 8639224.379, 105
Trd, 8639225.446, 100
Trd, 8639226.079, 130
Trd, 8639226.379, 89
Trd, 8639226.812, 75
Trd, 8639227.312, 117
Trd, 8639227.879, 129
Trd, 8639228.446, 128
Trd, 8639228.712, 127
Trd, 8639228.879, 118
Trd, 8639229.646, 139
Trd, 8639229.879, 138
Trd, 8639230.912, 140
Trd, 8639231.279, 140
Trd, 8639232.546, 140
Trd, 8639232.846, 140
Trd, 8639233.012, 137
Trd, 8639233.779, 139
Trd, 8639234.179, 134
Trd, 8639234.246, 133
Trd, 8639234.646, 138
Trd, 8639234.812, 123
Trd, 8639235.079, 118
Trd, 8639235.779, 119
Trd, 8639236.079, 136
Trd, 8639236.646, 134
Trd, 8639236.779, 121
Trd, 8639237.012, 131
Trd, 8639237.312, 132
Trd, 8639237.946, 135
Trd, 8639238.979, 136
Trd, 8639240.412, 140
Trd, 8639241.246, 140
Trd, 8639242.346, 140
Trd, 8639242.679, 140
Trd, 8639242.846, 140
Trd, 8639242.912, 140
Trd, 8639243.679, 116
Trd, 8639243.979, 112
Trd, 8639244.146, 103
Trd, 8639245.079, 124
Trd, 8639245.112, 96
Trd, 8639245.212, 125
Trd, 8639245.646, 94
Trd, 8639245.712, 63
Trd, 8639246.779, 86
Trd, 8639248.512, 126
Trd, 8639248.546, 125
Trd, 8639248.646, 124
Trd, 8639248.712, 125
Trd, 8639248.779, 106
Trd, 8639248.879, 105
Trd, 8639249.179, 128
Trd, 8639249.379, 123
Trd, 8639249.712, 99
Trd, 8639249.912, 140
Trd, 8639250.879, 77
Trd, 8639251.112, 72
Trd, 8639251.312, 73
Trd, 8639251.979, 60
Trd, 8639252.412, 62
Trd, 8639252.512, 121
Trd, 8639253.412, 64
Trd, 8639254.546, 105
Trd, 8639254.646, 106
Trd, 8639254.679, 113
Trd, 8639255.246, 140
Trd, 8639255.946, 137
Trd, 8639256.479, 140
Trd, 8639256.512, 140
Trd, 8639257.279, 140
Trd, 8639257.579, 140
Trd, 8639257.679, 137
Trd, 8639258.212, 140
Trd, 8639259.279, 140
Trd, 8639259.379, 140
Trd, 8639259.579, 140
Trd, 8639260.879, 140
Trd, 8639261.179, 140
Trd, 8639261.212, 140
Trd, 8639261.279, 101
Trd, 8639262.179, 134
Trd, 8639262.579, 131
Trd, 8639263.612, 117
Trd, 8639264.279, 140
Trd, 8639264.446, 140
Trd, 8639264.546, 121
Trd, 8639265.646, 116
Trd, 8639266.246, 97
Trd, 8639266.746, 131
Trd, 8639266.846, 131
Trd, 8639267.246, 132
Trd, 8639267.579, 102
Trd, 8639267.846, 131
Trd, 8639269.546, 140
Trd, 8639269.946, 140
Trd, 8639270.246, 140
Trd, 8639270.312, 138
Trd, 8639270.712, 140
Trd, 8639271.779, 139
Trd, 8639272.479, 140
Trd, 8639272.646, 127
Trd, 8639272.946, 95
Trd, 8639273.279, 140
Trd, 8639273.312, 133
Trd, 8639274.446, 114
Trd, 8639275.346, 81
Trd, 8639275.646, 131
Trd, 8639275.879, 99
Trd, 8639276.446, 101
Trd, 8639276.946, 128
Trd, 8639277.779, 102
Trd, 8639278.079, 125
Trd, 8639278.579, 116
Trd, 8639278.946, 123
Trd, 8639279.046, 125
Trd, 8639279.312, 136
Trd, 8639280.412, 116
Trd, 8639280.812, 139
Trd, 8639282.446, 140
Trd, 8639282.479, 140
Trd, 8639282.846, 139
Trd, 8639282.946, 138
Trd, 8639283.046, 118
Trd, 8639283.179, 139
Trd, 8639283.346, 128
Trd, 8639284.112, 134
Trd, 8639284.712, 115
Trd, 8639285.012, 104
Trd, 8639285.112, 98
Trd, 8639285.912, 64
Trd, 8639286.479, 63
Trd, 8639286.612, 134
Trd, 8639286.646, 88
Trd, 8639288.179, 75
Trd, 8639288.746, 136
Trd, 8639288.812, 74
Trd, 8639288.846, 73
Trd, 8639289.079, 135
Trd, 8639289.346, 94
Trd, 8639290.246, 136
Trd, 8639290.412, 135
Trd, 8639291.146, 130
Trd, 8639291.446, 118
Trd, 8639292.246, 128
Trd, 8639292.379, 126
Trd, 8639292.812, 61
Trd, 8639293.412, 63
Trd, 8639294.412, 140
Trd, 8639294.846, 140
Trd, 8639295.646, 140
Trd, 8639295.712, 140
Trd, 8639295.846, 140
Trd, 8639296.312, 140
Trd, 8639296.746, 140
Trd, 8639297.146, 140
Trd, 8639297.846, 140
Trd, 8639298.379, 140
Trd, 8639298.712, 137
Trd, 8639299.079, 76
Trd, 8639299.346, 82
Trd, 8639299.412, 74
Trd, 8639300.112, 65
Trd, 8639300.712, 61
Trd, 8639300.946, 64
Trd, 8639301.046, 75
Trd, 8639301.379, 140
Trd, 8639302.612, 60
Trd, 8639302.846, 60
Trd, 8639303.579, 65
Trd, 8639303.946, 60
Trd, 8639305.212, 60
Trd, 8639305.379, 60
Trd, 8639306.412, 60
Trd, 8639306.912, 60
Trd, 8639307.079, 60
Trd, 8639307.479, 61
Trd, 8639307.612, 63
Trd, 8639307.712, 64
Trd, 8639308.179, 65
Trd, 8639308.279, 66
Trd, 8639308.646, 72
Trd, 8639309.446, 68
Trd, 8639309.746, 83
Trd, 8639310.279, 111
Trd, 8639310.912, 139
Trd, 8639311.379, 112
Trd, 8639312.846, 140
Trd, 8639313.946, 140
Trd, 8639314.479, 140
Trd, 8639315.212, 140
Trd, 8639315.912, 140
Trd, 8639316.879, 140
Trd, 8639316.946, 140
Trd, 8639317.079, 138
Trd, 8639317.679, 140
Trd, 8639318.046, 140
Trd, 8639318.079, 136
Trd, 8639318.412, 135
Trd, 8639318.446, 116
Trd, 8639318.712, 138
Trd, 8639318.812, 77
Trd, 8639319.546, 136
Trd, 8639320.079, 140
Trd, 8639320.479, 139
Trd, 8639320.979, 140
Trd, 8639321.246, 140
Trd, 8639321.712, 76
Trd, 8639321.879, 68
Trd, 8639322.279, 61
Trd, 8639323.112, 122
Trd, 8639323.479, 61
Trd, 8639323.979, 95
Trd, 8639324.479, 70
Trd, 8639324.912, 78
Trd, 8639325.346, 78
Trd, 8639325.912, 78
Trd, 8639327.579, 62
Trd, 8639327.846, 62
Trd, 8639328.012, 62
Trd, 8639328.412, 63
Trd, 8639328.979, 61
Trd, 8639329.212, 62
Trd, 8639329.546, 63
Trd, 8639329.846, 73
Trd, 8639330.012, 82
Trd, 8639330.346, 138
Trd, 8639330.512, 89
Trd, 8639330.912, 140
Trd, 8639331.012, 140
Trd, 8639332.679, 96
Trd, 8639332.912, 106
Trd, 8639333.279, 92
Trd, 8639333.979, 107
Trd, 8639334.079, 112
Trd, 8639334.479, 112
Trd, 8639334.746, 140
Trd, 8639334.979, 140
Trd, 8639335.479, 139
Trd, 8639336.346, 136
Trd, 8639336.479, 135
Trd, 8639336.546, 134
Trd, 8639336.712, 94
Trd, 8639337.646, 140
Trd, 8639337.712, 139
Trd, 8639337.746, 130
Trd, 8639338.679, 113
Trd, 8639338.879, 137
Trd, 8639339.946, 125
Trd, 8639340.412, 124
Trd, 8639340.579, 127
Trd, 8639341.179, 129
Trd, 8639341.212, 130
Trd, 8639341.846, 118
Trd, 8639342.112, 140
Trd, 8639342.579, 140
Trd, 8639344.279, 140
Trd, 8639344.846, 140
Trd, 8639345.112, 140
Trd, 8639345.279, 140
Trd, 8639345.379, 110
Trd, 8639345.479, 107
Trd, 8639346.512, 138
Trd, 8639347.379, 133
Trd, 8639347.946, 132
Trd, 8639348.346, 132
Trd, 8639349.046, 118
Trd, 8639349.346, 120
Trd, 8639349.479, 123
Trd, 8639349.546, 129
Trd, 8639349.746, 105
Trd, 8639350.046, 102
Trd, 8639350.812, 113
Trd, 8639351.446, 103
Trd, 8639351.879, 133
Trd, 8639351.946, 105
Trd, 8639352.712, 135
Trd, 8639352.846, 125
Trd, 8639353.746, 128
Trd, 8639353.879, 124
Trd, 8639354.146, 105
Trd, 8639354.446, 138
Trd, 8639354.546, 89
Trd, 8639354.779, 88
Trd, 8639355.346, 67
Trd, 8639356.512, 65
Trd, 8639356.779, 133
Trd, 8639356.912, 138
Trd, 8639357.246, 140
Trd, 8639357.279, 83
Trd, 8639357.912, 139
Trd, 8639359.079, 140
Trd, 8639359.679, 140
Trd, 8639359.846, 140
Trd, 8639360.879, 140
Trd, 8639361.512, 140
Trd, 8639361.546, 139
Trd, 8639363.879, 140
Trd, 8639365.079, 140
Trd, 8639365.479, 140
Trd, 8639365.746, 140
Trd, 8639365.979, 140
Trd, 8639366.246, 140
Trd, 8639366.279, 140
Trd, 8639366.379, 125
Trd, 8639366.779, 133
Trd, 8639367.679, 128
Trd, 8639367.746, 116
Trd, 8639368.212, 115
Trd, 8639368.379, 131
Trd, 8639368.546, 94
Trd, 8639369.746, 139
Trd, 8639369.979, 138
Trd, 8639370.179, 137
Trd, 8639370.512, 134
Trd, 8639370.712, 88
Trd, 8639370.846, 90
Trd, 8639371.346, 129
Trd, 8639371.712, 130
Trd, 8639372.112, 114
Trd, 8639372.146, 132
Trd, 8639372.946, 128
Trd, 8639373.012, 127
Trd, 8639373.146, 130
Trd, 8639374.212, 133
Trd, 8639374.412, 133
Trd, 8639374.612, 131
Trd, 8639374.646, 128
Trd, 8639374.846, 118
Trd, 8639375.246, 128
Trd, 8639375.546, 107
Trd, 8639375.679, 120
Trd, 8639375.746, 123
Trd, 8639377.579, 140
Trd, 8639377.879, 139
Trd, 8639377.979, 112
Trd, 8639378.479, 140
Trd, 8639379.312, 140
Trd, 8639380.446, 140
Trd, 8639380.946, 140
Trd, 8639381.012, 121
Trd, 8639381.479, 115
Trd, 8639382.579, 140
Trd, 8639383.612, 140
Trd, 8639383.812, 140
Trd, 8639384.612, 140
Trd, 8639384.646, 139
Trd, 8639384.879, 122
Trd, 8639385.046, 113
Trd, 8639385.179, 110
Trd, 8639385.912, 140
Trd, 8639386.646, 140
Trd, 8639387.512, 140
Trd, 8639387.679, 140
Trd, 8639388.312, 140
Trd, 8639388.612, 140
Trd, 8639389.179, 140
Trd, 8639389.912, 140
Trd, 8639390.012, 140
Trd, 8639390.779, 140
Trd, 8639391.112, 140
Trd, 8639391.346, 136
Trd, 8639391.812, 136
Trd, 8639392.346, 134
Trd, 8639392.946, 130
Trd, 8639392.979, 135
Trd, 8639393.512, 127
Trd, 8639393.612, 126
Trd, 8639393.979, 133
Trd, 8639394.446, 110
Trd, 8639394.646, 104
Trd, 8639395.479, 89
Trd, 8639395.779, 89
Trd, 8639395.812, 88
Trd, 8639395.846, 109
Trd, 8639396.346, 133
Trd, 8639397.046, 140
Trd, 8639397.779, 140
Trd, 8639398.179, 139
Trd, 8639398.412, 132
Trd, 8639399.346, 137
Trd, 8639399.512, 112
Trd, 8639399.946, 138
Trd, 8639400.546, 111
Trd, 8639400.812, 126
Trd, 8639401.246, 113
Trd, 8639401.446, 112
Trd, 8639401.646, 112
Trd, 8639401.746, 111
Trd, 8639401.912, 94
Trd, 8639401.946, 92
Trd, 8639402.546, 117
Trd, 8639402.846, 135
Trd, 8639403.112, 108
Trd, 8639405.579, 129
Trd, 8639405.846, 117
Trd, 8639405.912, 129
Trd, 8639406.246, 117
Trd, 8639406.512, 116
Trd, 8639406.712, 123
Trd, 8639407.279, 134
Trd, 8639407.712, 116
Trd, 8639408.246, 123
Trd, 8639408.312, 104
Trd, 8639408.946, 121
Trd, 8639408.979, 97
Trd, 8639409.746, 140
Trd, 8639410.179, 140
Trd, 8639410.279, 140
Trd, 8639410.579, 138
Trd, 8639411.579, 140
Trd, 8639411.712, 140
Trd, 8639412.546, 139
Trd, 8639412.646, 138
Trd, 8639414.112, 136
Trd, 8639414.579, 139
Trd, 8639414.612, 137
Trd, 8639415.479, 139
Trd, 8639416.012, 140
Trd, 8639416.079, 139
Trd, 8639416.279, 131
Trd, 8639416.779, 121
Trd, 8639416.912, 127
Trd, 8639416.979, 129
Trd, 8639417.679, 139
Trd, 8639417.912, 139
Trd, 8639418.446, 130
Trd, 8639419.246, 130
Trd, 8639419.912, 138
Trd, 8639420.146, 132
Trd, 8639420.846, 138
Trd, 8639421.146, 136
Trd, 8639421.679, 134
Trd, 8639423.312, 139
Trd, 8639423.812, 139
Trd, 8639424.712, 140
Trd, 8639424.912, 140
Trd, 8639425.446, 139
Trd, 8639425.712, 134
Trd, 8639425.946, 138
Trd, 8639426.046, 134
Trd, 8639426.146, 139
Trd, 8639426.412, 139
Trd, 8639427.312, 140
Trd, 8639428.246, 140
Trd, 8639428.546, 140
Trd, 8639428.679, 140
Trd, 8639428.779, 137
Trd, 8639429.079, 117
Trd, 8639431.979, 131
Trd, 8639432.412, 131
Trd, 8639432.512, 132
Trd, 8639433.279, 135
Trd, 8639433.779, 137
Trd, 8639434.079, 140
Trd, 8639434.679, 140
Trd, 8639434.779, 140
Trd, 8639436.379, 140
Trd, 8639436.712, 140
Trd, 8639436.846, 140
Trd, 8639437.779, 139
Trd, 8639438.346, 138
Trd, 8639438.446, 137
Trd, 8639438.479, 124
Trd, 8639439.779, 139
Trd, 8639440.079, 137
Trd, 8639440.279, 138
Trd, 8639440.412, 137
Trd, 8639440.512, 136
Trd, 8639441.079, 123
Trd, 8639441.512, 127
Trd, 8639442.146, 139
Trd, 8639442.412, 140
Trd, 8639443.446, 140
Trd, 8639443.679, 138
Trd, 8639444.112, 139
Trd, 8639444.246, 125
Trd, 8639445.446, 80
Trd, 8639445.612, 78
Trd, 8639446.246, 77
Trd, 8639446.546, 72
Trd, 8639446.879, 137
Trd, 8639447.346, 139
Trd, 8639447.879, 136
Trd, 8639448.112, 106
Trd, 8639448.646, 135
Trd, 8639449.012, 105
Trd, 8639449.412, 79
Trd, 8639450.246, 135
Trd, 8639450.679, 140
Trd, 8639451.412, 140
Trd, 8639451.479, 140
Trd, 8639451.712, 139
Trd, 8639452.779, 130
Trd, 8639452.879, 126
Trd, 8639453.512, 136
Trd, 8639453.779, 129
Trd, 8639455.446, 114
Trd, 8639456.146, 125
Trd, 8639456.312, 120
Trd, 8639456.346, 128
Trd, 8639456.979, 138
Trd, 8639457.612, 122
Trd, 8639457.746, 136
Trd, 8639458.812, 136
Trd, 8639459.912, 115
Trd, 8639460.246, 115
Trd, 8639461.079, 136
Trd, 8639461.179, 137
Trd, 8639461.879, 135
Trd, 8639462.046, 138
Trd, 8639462.779, 135
Trd, 8639462.879, 134
Trd, 8639463.612, 98
Trd, 8639463.879, 105
Trd, 8639463.912, 91
Trd, 8639464.012, 106
Trd, 8639464.512, 140
Trd, 8639464.579, 85
Trd, 8639464.879, 83
Trd, 8639466.479, 140
Trd, 8639466.946, 140
Trd, 8639468.579, 140
Trd, 8639469.012, 140
Trd, 8639470.079, 140
Trd, 8639471.012, 139
Trd, 8639471.446, 140
Trd, 8639471.779, 140
Trd, 8639471.812, 138
Trd, 8639472.446, 136
Trd, 8639472.546, 132
Trd, 8639473.146, 126
Trd, 8639473.612, 131
Trd, 8639474.012, 131
Trd, 8639474.612, 126
Trd, 8639474.679, 125
Trd, 8639475.112, 126
Trd, 8639475.179, 125
Trd, 8639475.746, 127
Trd, 8639475.812, 115
Trd, 8639477.679, 128
Trd, 8639477.746, 132
Trd, 8639478.646, 127
Trd, 8639478.812, 126
Trd, 8639479.079, 125
Trd, 8639480.379, 140
Trd, 8639480.412, 131
Trd, 8639480.646, 127
Trd, 8639480.879, 113
Trd, 8639480.979, 110
Trd, 8639481.679, 139
Trd, 8639482.412, 101
Trd, 8639482.912, 122
Trd, 8639483.079, 122
Trd, 8639483.179, 125
Trd, 8639483.379, 130
Trd, 8639483.646, 93
Trd, 8639484.746, 115
Trd, 8639485.846, 103
Trd, 8639485.912, 101
Trd, 8639487.679, 130
Trd, 8639488.179, 139
Trd, 8639488.912, 126
Trd, 8639489.479, 130
Trd, 8639489.912, 126
Trd, 8639490.646, 126
Trd, 8639491.212, 134
Trd, 8639491.679, 132
Trd, 8639492.512, 132
Trd, 8639492.746, 133
Trd, 8639492.879, 137
Trd, 8639493.346, 136
Trd, 8639494.012, 140
Trd, 8639494.246, 139
Trd, 8639494.579, 135
Trd, 8639494.612, 115
Trd, 8639496.946, 140
Trd, 8639497.046, 140
Trd, 8639497.346, 140
Trd, 8639499.279, 140
Trd, 8639499.479, 140
Trd, 8639499.779, 140
Trd, 8639500.812, 140
Trd, 8639501.246, 140
Trd, 8639501.412, 139
Trd, 8639501.512, 140
Trd, 8639501.946, 138
Trd, 8639503.612, 140
Trd, 8639503.946, 140
Trd, 8639504.112, 137
Trd, 8639504.179, 125
Trd, 8639504.579, 125
Trd, 8639504.646, 139
Trd, 8639505.312, 121
Trd, 8639505.846, 115
Trd, 8639506.546, 134
Trd, 8639507.246, 132
Trd, 8639508.046, 119
Trd, 8639508.079, 128
Trd, 8639508.546, 120
Trd, 8639508.712, 126
Trd, 8639509.012, 126
Trd, 8639509.579, 126
Trd, 8639510.646, 126
Trd, 8639511.012, 123
Trd, 8639511.479, 121
Trd, 8639511.546, 129
Trd, 8639511.579, 109
Trd, 8639511.612, 108
Trd, 8639511.712, 136
Trd, 8639511.879, 107
Trd, 8639512.879, 106
Trd, 8639513.346, 133
Trd, 8639513.746, 108
Trd, 8639513.846, 107
Trd, 8639514.479, 123
Trd, 8639515.346, 111
Trd, 8639515.579, 111
Trd, 8639515.712, 110
Trd, 8639516.012, 140
Trd, 8639516.712, 138
Trd, 8639517.146, 140
Trd, 8639517.912, 140
Trd, 8639518.479, 140
Trd, 8639518.879, 140
Trd, 8639519.779, 140
Trd, 8639520.312, 140
Trd, 8639520.946, 140
Trd, 8639521.579, 140
Trd, 8639522.179, 140
Trd, 8639522.246, 140
Trd, 8639522.579, 140
Trd, 8639522.746, 140
Trd, 8639523.112, 140
Trd, 8639523.379, 120
Trd, 8639523.812, 138
Trd, 8639523.946, 140
Trd, 8639524.312, 140
Trd, 8639525.112, 140
Trd, 8639525.512, 140
Trd, 8639525.546, 139
Trd, 8639526.979, 140
Trd, 8639527.112, 140
Trd, 8639527.146, 123
Trd, 8639527.412, 120
Trd, 8639528.646, 136
Trd, 8639528.746, 135
Trd, 8639529.246, 119
Trd, 8639530.146, 140
Trd, 8639530.546, 140
Trd, 8639531.412, 140
Trd, 8639531.546, 140
Trd, 8639531.612, 140
Trd, 8639531.812, 139
Trd, 8639531.879, 116
Trd, 8639532.079, 108
Trd, 8639533.646, 109
Trd, 8639534.212, 119
Trd, 8639534.412, 121
Trd, 8639535.279, 139
Trd, 8639535.779, 134
Trd, 8639535.912, 130
Trd, 8639536.512, 112
Trd, 8639536.879, 139
Trd, 8639536.979, 140
Trd, 8639537.179, 139
Trd, 8639539.079, 140
Trd, 8639539.446, 140
Trd, 8639539.579, 140
Trd, 8639539.879, 140
Trd, 8639540.346, 140
Trd, 8639540.779, 140
Trd, 8639541.446, 140
Trd, 8639541.512, 137
Trd, 8639541.579, 128
Trd, 8639541.712, 119
Trd, 8639543.279, 140
Trd, 8639543.379, 140
Trd, 8639544.112, 140
Trd, 8639544.446, 140
Trd, 8639544.512, 140
Trd, 8639545.346, 140
Trd, 8639545.379, 140
Trd, 8639545.879, 140
Trd, 8639547.446, 140
Trd, 8639548.446, 140
Trd, 8639548.812, 140
Trd, 8639549.079, 140
Trd, 8639549.279, 139
Trd, 8639549.646, 136
Trd, 8639550.012, 132
Trd, 8639550.046, 128
Trd, 8639550.246, 140
Trd, 8639550.546, 117
Trd, 8639551.912, 140
Trd, 8639552.446, 140
Trd, 8639553.112, 140
Trd, 8639553.279, 140
Trd, 8639553.946, 139
Trd, 8639554.346, 140
Trd, 8639554.379, 133
Trd, 8639554.612, 118
Trd, 8639554.879, 118
Trd, 8639555.346, 139
Trd, 8639555.612, 138
Trd, 8639555.646, 137
Trd, 8639556.246, 109
Trd, 8639558.579, 135
Trd, 8639558.712, 136
Trd, 8639559.679, 131
Trd, 8639559.946, 115
Trd, 8639560.046, 131
Trd, 8639560.312, 122
Trd, 8639560.946, 119
Trd, 8639561.279, 136
Trd, 8639561.479, 120
Trd, 8639561.512, 119
Trd, 8639562.346, 108
Trd, 8639563.146, 138
Trd, 8639563.279, 137
Trd, 8639563.779, 136
Trd, 8639565.079, 132
Trd, 8639565.246, 116
Trd, 8639565.679, 90
Trd, 8639565.746, 108
Trd, 8639566.112, 140
Trd, 8639567.412, 60
Trd, 8639568.712, 60
Trd, 8639568.946, 60
Trd, 8639569.446, 60
Trd, 8639569.546, 70
Trd, 8639570.279, 140
Trd, 8639570.346, 140
Trd, 8639570.579, 115
Trd, 8639571.546, 128
Trd, 8639571.612, 126
Trd, 8639572.312, 137
Trd, 8639573.112, 140
Trd, 8639573.212, 140
Trd, 8639573.479, 140
Trd, 8639573.812, 119
Trd, 8639573.846, 118
Trd, 8639574.879, 120
Trd, 8639576.279, 140
Trd, 8639576.346, 140
Trd, 8639576.812, 140
Trd, 8639577.279, 135
Trd, 8639577.679, 133
Trd, 8639578.679, 140
Trd, 8639578.846, 140
Trd, 8639578.946, 140
Trd, 8639579.112, 140
Trd, 8639580.612, 140
Trd, 8639580.846, 140
Trd, 8639580.946, 140
Trd, 8639581.212, 139
Trd, 8639582.279, 137
Trd, 8639582.479, 136
Trd, 8639582.612, 123
Trd, 8639582.779, 120
Trd, 8639583.512, 138
Trd, 8639584.012, 108
Trd, 8639584.546, 137
Trd, 8639584.612, 124
Trd, 8639585.079, 130
Trd, 8639585.312, 129
Trd, 8639585.879, 126
Trd, 8639585.946, 125
Trd, 8639586.979, 140
Trd, 8639587.146, 139
Trd, 8639587.879, 139
Trd, 8639590.212, 140
Trd, 8639590.246, 140
Trd, 8639590.646, 140
Trd, 8639590.779, 140
Trd, 8639591.879, 140
Trd, 8639591.979, 140
Trd, 8639592.146, 140
Trd, 8639592.579, 136
Trd, 8639592.779, 135
Trd, 8639594.179, 90
Trd, 8639594.846, 100
Trd, 8639595.446, 97
Trd, 8639595.546, 99
Trd, 8639595.679, 84
Trd, 8639595.746, 60
Trd, 8639595.879, 100
Trd, 8639596.979, 101
Trd, 8639597.446, 72
Trd, 8639598.512, 73
Trd, 8639598.546, 72
Trd, 8639598.812, 113
Trd, 8639599.246, 112
Trd, 8639599.879, 126
Trd, 8639600.279, 127
Trd, 8639601.079, 126
Trd, 8639601.312, 126
Trd, 8639601.712, 127
Trd, 8639602.446, 129
Trd, 8639603.179, 130
Trd, 8639603.879, 139
Trd, 8639604.112, 132
Trd, 8639605.179, 140
Trd, 8639605.246, 138
Trd, 8639605.346, 122
Trd, 8639606.246, 140
Trd, 8639606.446, 140
Trd, 8639606.679, 131
Trd, 8639607.079, 139
Trd, 8639607.979, 140
Trd, 8639608.212, 140
Trd, 8639610.612, 140
Trd, 8639610.746, 140
Trd, 8639610.846, 140
Trd, 8639611.046, 140
Trd, 8639612.312, 140
Trd, 8639612.346, 140
Trd, 8639612.979, 140
Trd, 8639613.079, 140
Trd, 8639613.812, 139
Trd, 8639614.079, 139
Trd, 8639614.279, 119
Trd, 8639615.446, 133
Trd, 8639615.546, 118
Trd, 8639616.112, 138
Trd, 8639616.412, 114
Trd, 8639616.512, 85
Trd, 8639617.046, 68
Trd, 8639618.146, 107
Trd, 8639618.246, 106
Trd, 8639618.679, 107
Trd, 8639618.912, 115
Trd, 8639619.579, 119
Trd, 8639621.212, 139
Trd, 8639621.579, 122
Trd, 8639621.679, 93
Trd, 8639622.479, 84
Trd, 8639622.779, 115
Trd, 8639622.912, 131
Trd, 8639623.512, 131
Trd, 8639623.579, 116
Trd, 8639623.879, 115
Trd, 8639624.146, 130
Trd, 8639624.612, 95
Trd, 8639624.912, 66
Trd, 8639625.146, 62
Trd, 8639625.179, 132
Trd, 8639626.112, 60
Trd, 8639627.246, 100
Trd, 8639628.079, 139
Trd, 8639628.412, 139
Trd, 8639628.679, 128
Trd, 8639629.012, 140
Trd, 8639629.312, 139
Trd, 8639629.879, 139
Trd, 8639630.779, 140
Trd, 8639631.379, 140
Trd, 8639632.912, 140
Trd, 8639633.112, 140
Trd, 8639633.479, 139
Trd, 8639634.179, 138
Trd, 8639634.646, 134
Trd, 8639635.512, 140
Trd, 8639636.012, 140
Trd, 8639636.112, 139
Trd, 8639636.846, 120
Trd, 8639637.412, 119
Trd, 8639637.846, 118
Trd, 8639637.979, 108
Trd, 8639638.179, 140
Trd, 8639638.446, 139
Trd, 8639638.579, 139
Trd, 8639638.946, 139
Trd, 8639639.312, 69
Trd, 8639639.346, 102
Trd, 8639640.679, 63
Trd, 8639640.846, 72
Trd, 8639641.679, 140
Trd, 8639641.812, 140
Trd, 8639642.112, 140
Trd, 8639642.312, 89
Trd, 8639642.712, 100
Trd, 8639642.812, 93
Trd, 8639643.379, 137
Trd, 8639643.512, 138
Trd, 8639644.246, 118
Trd, 8639644.312, 100
Trd, 8639645.079, 139
Trd, 8639645.279, 138
Trd, 8639646.212, 135
Trd, 8639647.412, 78
Trd, 8639648.279, 140
Trd, 8639648.312, 140
Trd, 8639648.346, 140
Trd, 8639648.379, 140
Trd, 8639648.479, 119
Trd, 8639649.779, 140
Trd, 8639650.279, 131
Trd, 8639650.412, 139
Trd, 8639650.879, 95
Trd, 8639652.146, 140
Trd, 8639652.346, 140
Trd, 8639652.379, 134
Trd, 8639652.446, 130
Trd, 8639653.212, 135
Trd, 8639654.079, 126
Trd, 8639654.612, 127
Trd, 8639655.046, 128
Trd, 8639655.712, 136
Trd, 8639655.812, 128
Trd, 8639656.312, 139
Trd, 8639657.179, 140
Trd, 8639657.379, 140
Trd, 8639657.446, 138
Trd, 8639658.612, 137
Trd, 8639658.979, 128
Trd, 8639659.679, 139
Trd, 8639659.746, 128
Trd, 8639661.879, 140
Trd, 8639662.446, 140
Trd, 8639662.979, 140
Trd, 8639663.079, 140
Trd, 8639663.312, 139
Trd, 8639663.712, 136
Trd, 8639664.446, 140
Trd, 8639665.012, 140
Trd, 8639665.379, 139
Trd, 8639665.912, 140
Trd, 8639666.079, 140
Trd, 8639667.079, 140
Trd, 8639667.512, 140
Trd, 8639667.712, 140
Trd, 8639668.046, 139
Trd, 8639668.112, 129
Trd, 8639669.812, 125
Trd, 8639669.912, 131
Trd, 8639669.946, 134
Trd, 8639670.079, 125
Trd, 8639670.246, 124
Trd, 8639670.312, 108
Trd, 8639671.179, 140
Trd, 8639672.179, 140
Trd, 8639672.546, 140
Trd, 8639673.979, 140
Trd, 8639674.046, 140
Trd, 8639674.279, 140
Trd, 8639674.846, 140
Trd, 8639675.012, 140
Trd, 8639675.212, 106
Trd, 8639675.412, 105
Trd, 8639676.112, 126
Trd, 8639678.279, 140
Trd, 8639678.479, 140
Trd, 8639678.812, 140
Trd, 8639678.912, 140
Trd, 8639679.112, 133
Trd, 8639679.579, 138
Trd, 8639679.879, 125
Trd, 8639680.979, 119
Trd, 8639681.612, 135
Trd, 8639681.812, 129
Trd, 8639682.046, 128
Trd, 8639682.146, 139
Trd, 8639682.379, 128
Trd, 8639683.246, 131
Trd, 8639683.479, 120
Trd, 8639683.912, 123
Trd, 8639684.146, 114
Trd, 8639684.346, 106
Trd, 8639685.079, 139
Trd, 8639685.579, 140
Trd, 8639685.646, 131
Trd, 8639687.246, 133
Trd, 8639687.612, 132
Trd, 8639687.646, 130
Trd, 8639687.812, 124
Trd, 8639688.012, 123
Trd, 8639688.479, 89
Trd, 8639688.779, 137
Trd, 8639689.012, 136
Trd, 8639689.079, 138
Trd, 8639691.046, 134
Trd, 8639692.046, 134
Trd, 8639692.746, 133
Trd, 8639692.912, 134
Trd, 8639693.112, 135
Trd, 8639693.412, 129
Trd, 8639693.646, 126
Trd, 8639694.446, 140
Trd, 8639694.746, 140
Trd, 8639695.579, 140
Trd, 8639697.046, 140
Trd, 8639697.679, 140
Trd, 8639698.512, 140
Trd, 8639698.579, 102
Trd, 8639698.746, 63
Trd, 8639699.346, 133
Trd, 8639699.379, 123
Trd, 8639700.012, 140
Trd, 8639700.912, 140
Trd, 8639702.179, 114
Trd, 8639702.212, 112
Trd, 8639702.412, 93
Trd, 8639702.446, 98
Trd, 8639702.512, 138
Trd, 8639703.146, 139
Trd, 8639704.412, 112
Trd, 8639704.879, 99
Trd, 8639705.446, 130
Trd, 8639705.512, 132
Trd, 8639705.979, 105
Trd, 8639706.046, 104
Trd, 8639706.679, 113
Trd, 8639707.546, 138
Trd, 8639707.779, 118
Trd, 8639708.246, 139
Trd, 8639708.546, 120
Trd, 8639710.512, 140
Trd, 8639711.312, 140
Trd, 8639712.446, 140
Trd, 8639712.546, 140
Trd, 8639713.012, 140
Trd, 8639713.212, 140
Trd, 8639713.412, 139
Trd, 8639714.779, 140
Trd, 8639714.879, 139
Trd, 8639715.046, 133
Trd, 8639715.779, 131
Trd, 8639715.879, 131
Trd, 8639715.912, 124
Trd, 8639716.846, 124
Trd, 8639717.212, 131
Trd, 8639717.912, 122
Trd, 8639719.112, 138
Trd, 8639719.679, 140
Trd, 8639720.646, 140
Trd, 8639720.679, 140
Trd, 8639721.346, 138
Trd, 8639722.279, 140
Trd, 8639722.746, 140
Trd, 8639723.012, 140
Trd, 8639723.679, 140
Trd, 8639724.179, 140
Trd, 8639724.412, 139
Trd, 8639725.279, 118
Trd, 8639725.646, 133
Trd, 8639725.679, 117
Trd, 8639725.879, 103
Trd, 8639726.479, 138
Trd, 8639726.712, 137
Trd, 8639727.279, 140
Trd, 8639728.612, 140
Trd, 8639728.946, 140
Trd, 8639729.479, 139
Trd, 8639729.746, 122
Trd, 8639730.246, 97
Trd, 8639730.712, 96
Trd, 8639730.746, 88
Trd, 8639731.512, 139
Trd, 8639732.012, 126
Trd, 8639732.146, 124
Trd, 8639732.212, 139
Trd, 8639732.612, 139
Trd, 8639732.646, 134
Trd, 8639733.346, 91
Trd, 8639734.246, 71
Trd, 8639735.012, 140
Trd, 8639735.112, 140
Trd, 8639735.212, 140
Trd, 8639735.479, 140
Trd, 8639735.712, 140
Trd, 8639736.912, 139
Trd, 8639736.979, 137
Trd, 8639737.846, 140
Trd, 8639738.312, 140
Trd, 8639739.812, 140
Trd, 8639739.912, 140
Trd, 8639740.012, 140
Trd, 8639740.046, 139
Trd, 8639741.146, 126
Trd, 8639741.179, 120
Trd, 8639742.112, 93
Trd, 8639742.846, 140
Trd, 8639743.112, 137
Trd, 8639744.879, 140
Trd, 8639744.946, 140
Trd, 8639745.312, 140
Trd, 8639746.612, 140
Trd, 8639746.746, 140
Trd, 8639747.212, 138
Trd, 8639747.512, 136
Trd, 8639747.779, 139
Trd, 8639747.912, 136
Trd, 8639749.146, 140
Trd, 8639749.612, 140
Trd, 8639750.012, 140
Trd, 8639750.112, 100
Trd, 8639750.212, 109
Trd, 8639750.579, 140
Trd, 8639750.746, 140
Trd, 8639751.079, 118
Trd, 8639751.146, 114
Trd, 8639752.012, 124
Trd, 8639752.879, 77
Trd, 8639753.112, 60
Trd, 8639754.379, 139
Trd, 8639754.779, 114
Trd, 8639755.712, 127
Trd, 8639756.712, 133
Trd, 8639756.746, 118
Trd, 8639756.812, 117
Trd, 8639757.579, 101
Trd, 8639757.712, 99
Trd, 8639758.146, 93
Trd, 8639758.779, 115
Trd, 8639759.079, 114
Trd, 8639759.312, 116
Trd, 8639759.379, 112
Trd, 8639759.512, 111
Trd, 8639760.646, 114
Trd, 8639760.879, 116
Trd, 8639761.079, 124
Trd, 8639761.279, 122
Trd, 8639761.446, 107
Trd, 8639761.612, 106
Trd, 8639764.379, 140
Trd, 8639764.612, 140
Trd, 8639764.946, 140
Trd, 8639764.979, 140
Trd, 8639765.379, 138
Trd, 8639765.612, 122
Trd, 8639766.046, 119
Trd, 8639766.412, 118
Trd, 8639766.612, 114
Trd, 8639767.146, 108
Trd, 8639767.279, 108
Trd, 8639767.612, 102
Trd, 8639767.646, 109
Trd, 8639768.546, 128
Trd, 8639769.546, 138
Trd, 8639770.246, 124
Trd, 8639770.379, 78
Trd, 8639771.279, 140
Trd, 8639771.512, 140
Trd, 8639771.946, 140
Trd, 8639772.212, 140
Trd, 8639773.379, 140
Trd, 8639773.779, 138
Trd, 8639774.246, 133
Trd, 8639774.346, 138
Trd, 8639774.379, 131
Trd, 8639774.579, 118
Trd, 8639774.746, 91
Trd, 8639775.112, 133
Trd, 8639775.912, 137
Trd, 8639776.579, 116
Trd, 8639776.946, 100
Trd, 8639777.479, 140
Trd, 8639777.612, 140
Trd, 8639778.612, 140
Trd, 8639778.846, 140
Trd, 8639778.946, 140
Trd, 8639779.346, 140
Trd, 8639780.079, 140
Trd, 8639780.612, 140
Trd, 8639780.779, 140
Trd, 8639781.946, 140
Trd, 8639782.179, 140
Trd, 8639782.346, 140
Trd, 8639782.512, 136
Trd, 8639783.179, 123
Trd, 8639784.779, 134
Trd, 8639785.446, 120
Trd, 8639785.612, 133
Trd, 8639785.712, 138
Trd, 8639785.912, 139
Trd, 8639786.912, 139
Trd, 8639787.646, 140
Trd, 8639788.012, 140
Trd, 8639789.512, 140
Trd, 8639789.612, 137
Trd, 8639789.879, 139
Trd, 8639789.912, 139
Trd, 8639791.112, 140
Trd, 8639791.479, 140
Trd, 8639791.846, 139
Trd, 8639792.079, 139
Trd, 8639792.146, 128
Trd, 8639792.546, 140
Trd, 8639792.712, 140
Trd, 8639793.946, 118
Trd, 8639794.646, 120
Trd, 8639795.712, 140
Trd, 8639795.979, 137
Trd, 8639796.246, 130
Trd, 8639796.712, 129
Trd, 8639796.746, 127
Trd, 8639797.112, 127
Trd, 8639797.512, 132
Trd, 8639798.546, 118
Trd, 8639799.012, 85
Trd, 8639799.312, 84
Trd, 8639799.779, 85
Trd, 8639800.012, 74
Trd, 8639800.379, 132
Trd, 8639801.379, 126
Trd, 8639801.446, 102
Trd, 8639801.512, 127
Trd, 8639802.112, 133
Trd, 8639802.779, 126
Trd, 8639802.946, 93
Trd, 8639803.846, 135
Trd, 8639804.612, 137
Trd, 8639805.446, 137
Trd, 8639805.779, 136
Trd, 8639806.946, 137
Trd, 8639808.246, 140
Trd, 8639808.546, 140
Trd, 8639809.112, 140
Trd, 8639809.346, 140
Trd, 8639809.446, 139
Trd, 8639809.779, 140
Trd, 8639810.412, 140
Trd, 8639810.579, 136
Trd, 8639811.879, 139
Trd, 8639811.946, 139
Trd, 8639812.179, 135
Trd, 8639812.346, 134
Trd, 8639813.379, 137
Trd, 8639813.479, 136
Trd, 8639814.112, 133
Trd, 8639814.712, 139
Trd, 8639815.512, 135
Trd, 8639815.846, 135
Trd, 8639815.879, 119
Trd, 8639816.912, 130
Trd, 8639817.246, 125
Trd, 8639817.312, 124
Trd, 8639817.379, 131
Trd, 8639817.979, 125
Trd, 8639818.012, 133
Trd, 8639818.779, 125
Trd, 8639819.179, 140
Trd, 8639820.246, 134
Trd, 8639820.946, 136
Trd, 8639821.146, 136
Trd, 8639822.179, 137
Trd, 8639822.346, 135
Trd, 8639823.446, 125
Trd, 8639823.546, 125
Trd, 8639823.779, 112
Trd, 8639824.446, 85
Trd, 8639824.779, 97
Trd, 8639824.912, 98
Trd, 8639825.079, 84
Trd, 8639825.179, 61
Trd, 8639827.146, 60
Trd, 8639827.212, 60
Trd, 8639827.679, 60
Trd, 8639828.079, 60
Trd, 8639829.246, 60
Trd, 8639829.446, 60
Trd, 8639830.046, 60
Trd, 8639830.279, 60
Trd, 8639830.379, 60
Trd, 8639830.479, 62
Trd, 8639830.712, 63
Trd, 8639830.812, 64
Trd, 8639831.512, 66
Trd, 8639831.712, 69
Trd, 8639832.279, 71
Trd, 8639833.412, 137
Trd, 8639833.979, 112
Trd, 8639834.146, 111
Trd, 8639834.412, 73
Trd, 8639834.479, 71
Trd, 8639834.712, 62
Trd, 8639835.579, 64
Trd, 8639836.012, 91
Trd, 8639836.546, 65
Trd, 8639838.312, 140
Trd, 8639841.446, 140
Trd, 8639841.679, 140
Trd, 8639841.946, 140
Trd, 8639842.379, 140
Trd, 8639842.446, 140
Trd, 8639842.612, 140
Trd, 8639843.179, 130
Trd, 8639843.646, 140
Trd, 8639843.746, 122
Trd, 8639844.146, 118
Trd, 8639844.679, 110
Trd, 8639845.079, 90
Trd, 8639845.512, 79
Trd, 8639846.579, 120
Trd, 8639846.679, 119
Trd, 8639847.779, 131
Trd, 8639848.012, 133
Trd, 8639848.146, 140
Trd, 8639848.712, 125
Trd, 8639850.412, 140
Trd, 8639850.446, 140
Trd, 8639850.646, 140
Trd, 8639850.712, 136
Trd, 8639850.979, 140
Trd, 8639852.012, 119
Trd, 8639852.346, 138
Trd, 8639853.012, 119
Trd, 8639853.579, 113
Trd, 8639854.712, 140
Trd, 8639854.879, 137
Trd, 8639854.979, 118
Trd, 8639855.079, 113
Trd, 8639855.446, 114
Trd, 8639855.846, 114
Trd, 8639856.646, 112
Trd, 8639857.179, 133
Trd, 8639857.812, 106
Trd, 8639857.946, 134
Trd, 8639857.979, 97
Trd, 8639858.212, 97
Trd, 8639858.679, 98
Trd, 8639858.779, 134
Trd, 8639859.179, 97
Trd, 8639859.579, 96
Trd, 8639859.746, 63
Trd, 8639862.846, 140
Trd, 8639863.846, 140
Trd, 8639863.879, 140
Trd, 8639864.546, 140
Trd, 8639864.812, 140
Trd, 8639864.946, 140
Trd, 8639865.012, 135
Trd, 8639865.579, 138
Trd, 8639865.946, 135
Trd, 8639865.979, 114
Trd, 8639866.179, 135
Trd, 8639867.179, 137
Trd, 8639867.846, 138
Trd, 8639868.046, 138
Trd, 8639868.379, 138
Trd, 8639868.779, 139
Trd, 8639868.879, 137
Trd, 8639868.979, 140
Trd, 8639869.679, 122
Trd, 8639870.446, 124
Trd, 8639871.112, 140
Trd, 8639871.712, 125
Trd, 8639871.746, 140
Trd, 8639872.846, 140
Trd, 8639873.246, 124
Trd, 8639874.212, 140
Trd, 8639874.412, 140
Trd, 8639874.446, 139
Trd, 8639874.712, 138
Trd, 8639875.579, 140
Trd, 8639875.879, 139
Trd, 8639876.946, 140
Trd, 8639877.012, 139
Trd, 8639877.112, 140
Trd, 8639877.379, 139
Trd, 8639877.979, 118
Trd, 8639878.379, 114
Trd, 8639878.546, 140
Trd, 8639879.179, 138
Trd, 8639881.412, 132
Trd, 8639881.479, 131
Trd, 8639882.546, 140
Trd, 8639882.579, 140
Trd, 8639882.779, 140
Trd, 8639883.179, 140
Trd, 8639883.412, 135
Trd, 8639884.279, 122
Trd, 8639884.679, 128
Trd, 8639885.079, 130
Trd, 8639885.179, 118
Trd, 8639885.346, 110
Trd, 8639885.512, 110
Trd, 8639886.279, 117
Trd, 8639886.346, 124
Trd, 8639886.912, 122
Trd, 8639887.512, 98
Trd, 8639888.046, 98
Trd, 8639888.212, 92
Trd, 8639888.246, 123
Trd, 8639888.979, 93
Trd, 8639889.179, 123
Trd, 8639889.479, 124
Trd, 8639889.812, 113
Trd, 8639890.979, 139
Trd, 8639892.512, 140
Trd, 8639892.579, 140
Trd, 8639893.146, 140
Trd, 8639893.546, 114
Trd, 8639894.112, 128
Trd, 8639894.412, 139
Trd, 8639894.879, 131
Trd, 8639895.512, 132
Trd, 8639895.946, 133
Trd, 8639896.379, 134
Trd, 8639896.412, 132
Trd, 8639896.579, 135
Trd, 8639897.446, 140
Trd, 8639898.746, 139
Trd, 8639898.879, 137
Trd, 8639901.246, 140
Trd, 8639901.412, 140
Trd, 8639901.446, 140
Trd, 8639902.212, 140
Trd, 8639902.246, 140
Trd, 8639903.479, 135
Trd, 8639903.546, 133
Trd, 8639904.912, 140
Trd, 8639905.012, 140
Trd, 8639905.279, 139
Trd, 8639905.779, 132
Trd, 8639905.846, 139
Trd, 8639906.179, 135
Trd, 8639906.746, 113
Trd, 8639907.046, 93
Trd, 8639908.612, 136
Trd, 8639908.746, 134
Trd, 8639909.046, 136
Trd, 8639909.146, 135
Trd, 8639909.746, 139
Trd, 8639910.046, 139
Trd, 8639910.379, 126
Trd, 8639911.546, 113
Trd, 8639912.112, 130
Trd, 8639912.346, 90
Trd, 8639912.879, 92
Trd, 8639913.446, 140
Trd, 8639913.779, 140
Trd, 8639914.246, 140
Trd, 8639914.379, 139
Trd, 8639915.379, 138
Trd, 8639915.679, 125
Trd, 8639916.446, 124
Trd, 8639917.079, 140
Trd, 8639917.212, 140
Trd, 8639918.279, 116
Trd, 8639918.812, 134
Trd, 8639919.179, 116
Trd, 8639920.279, 119
Trd, 8639921.079, 128
Trd, 8639921.412, 129
Trd, 8639921.979, 132
Trd, 8639922.146, 130
Trd, 8639922.212, 135
Trd, 8639922.279, 127
Trd, 8639922.646, 139
Trd, 8639922.946, 140
Trd, 8639923.012, 134
Trd, 8639923.779, 140
Trd, 8639924.212, 112
Trd, 8639925.212, 140
Trd, 8639925.312, 140
Trd, 8639925.846, 140
Trd, 8639926.212, 132
Trd, 8639926.879, 90
Trd, 8639927.679, 115
Trd, 8639927.746, 120
Trd, 8639928.146, 117
Trd, 8639928.246, 95
Trd, 8639928.379, 68
Trd, 8639928.646, 68
Trd, 8639929.312, 116
Trd, 8639929.512, 119
Trd, 8639930.779, 65
Trd, 8639931.079, 66
Trd, 8639931.679, 64
Trd, 8639932.546, 60
Trd, 8639932.646, 66
Trd, 8639932.912, 67
Trd, 8639933.379, 63
Trd, 8639933.779, 61
Trd, 8639934.546, 62
Trd, 8639935.146, 60
Trd, 8639935.312, 60
Trd, 8639936.146, 106
Trd, 8639936.212, 103
Trd, 8639937.246, 140
Trd, 8639938.212, 128
Trd, 8639939.246, 135
Trd, 8639939.512, 134
Trd, 8639939.579, 127
Trd, 8639939.646, 102
Trd, 8639939.679, 135
Trd, 8639940.146, 135
Trd, 8639940.812, 119
Trd, 8639940.912, 101
Trd, 8639941.312, 100
Trd, 8639942.379, 131
Trd, 8639942.879, 132
Trd, 8639942.979, 138
Trd, 8639943.512, 134
Trd, 8639943.712, 132
Trd, 8639944.146, 132
Trd, 8639944.512, 139
Trd, 8639945.412, 140
Trd, 8639945.812, 133
Trd, 8639946.079, 132
Trd, 8639946.112, 131
Trd, 8639946.546, 128
Trd, 8639947.612, 111
Trd, 8639948.012, 132
Trd, 8639949.046, 140
Trd, 8639950.146, 135
Trd, 8639950.679, 136
Trd, 8639950.779, 134
Trd, 8639950.812, 133
Trd, 8639952.146, 140
Trd, 8639952.312, 139
Trd, 8639952.546, 117
Trd, 8639952.679, 108
Trd, 8639953.746, 134
Trd, 8639953.979, 90
Trd, 8639954.879, 89
Trd, 8639955.446, 91
Trd, 8639955.979, 92
Trd, 8639956.146, 101
Trd, 8639956.312, 86
Trd, 8639956.812, 140
Trd, 8639957.346, 86
Trd, 8639957.779, 117
Trd, 8639958.246, 140
Trd, 8639958.512, 140
Trd, 8639959.312, 140
Trd, 8639959.646, 140
Trd, 8639961.612, 139
Trd, 8639962.012, 133
Trd, 8639962.046, 131
Trd, 8639962.546, 118
Trd, 8639962.579, 114
Trd, 8639963.446, 140
Trd, 8639963.479, 140
Trd, 8639963.846, 132
Trd, 8639965.946, 137
Trd, 8639965.979, 135
Trd, 8639966.179, 138
Trd, 8639966.212, 140
Trd, 8639967.079, 136
Trd, 8639967.112, 135
Trd, 8639967.179, 134
Trd, 8639968.146, 140
Trd, 8639968.312, 136
Trd, 8639969.246, 140
Trd, 8639969.946, 136
Trd, 8639970.246, 135
Trd, 8639970.446, 137
Trd, 8639970.546, 116
Trd, 8639971.179, 134
Trd, 8639971.979, 137
Trd, 8639972.479, 131
Trd, 8639972.546, 121
Trd, 8639973.812, 139
Trd, 8639974.146, 131
Trd, 8639974.512, 138
Trd, 8639976.046, 139
Trd, 8639976.346, 138
Trd, 8639976.446, 140
Trd, 8639977.046, 138
Trd, 8639977.112, 137
Trd, 8639977.246, 120
Trd, 8639977.679, 117
Trd, 8639978.979, 133
Trd, 8639979.146, 132
Trd, 8639979.246, 134
Trd, 8639979.579, 135
Trd, 8639980.046, 106
Trd, 8639980.312, 137
Trd, 8639980.846, 140
Trd, 8639981.612, 140
Trd, 8639981.712, 139
Trd, 8639983.179, 124
Trd, 8639983.412, 140
Trd, 8639983.479, 126
Trd, 8639983.846, 105
Trd, 8639985.146, 116
Trd, 8639986.146, 127
Trd, 8639986.546, 136
Trd, 8639986.612, 127
Trd, 8639988.179, 140
Trd, 8639988.546, 140
Trd, 8639990.379, 140
Trd, 8639990.479, 140
Trd, 8639991.779, 140
Trd, 8639992.279, 140
Trd, 8639992.312, 136
Trd, 8639992.546, 121
Trd, 8639993.279, 120
Trd, 8639994.112, 137
Trd, 8639994.312, 120
Trd, 8639994.912, 133
Trd, 8639995.246, 139
Trd, 8639997.546, 140
Trd, 8639997.946, 140
Trd, 8639998.079, 140
Trd, 8639998.746, 140
Trd, 8639999.446, 140
Trd, 8639999.512, 140
Trd, 8639999.812, 139
