Trd, 8638753.379, 76
Trd, 8638753.479, 112
Trd, 8638755.079, 140
Trd, 8638755.412, 140
Trd, 8638755.479, 139
Trd, 8638756.246, 139
Trd, 8638756.746, 130
Trd, 8638757.479, 137
Trd, 8638757.512, 129
Trd, 8638758.046, 139
Trd, 8638758.179, 133
Trd, 8638758.779, 119
Trd, 8638758.812, 118
Trd, 8638758.946, 120
Trd, 8638759.146, 111
Trd, 8638759.946, 139
Trd, 8638761.646, 100
Trd, 8638761.979, 103
Trd, 8638762.079, 120
Trd, 8638762.512, 105
Trd, 8638762.546, 103
Trd, 8638762.912, 103
Trd, 8638763.446, 139
Trd, 8638763.779, 133
Trd, 8638764.546, 100
Trd, 8638764.579, 98
Trd, 8638765.279, 82
Trd, 8638766.012, 81
Trd, 8638766.312, 101
Trd, 8638766.446, 136
Trd, 8638767.612, 130
Trd, 8638768.079, 102
Trd, 8638768.279, 139
Trd, 8638768.612, 89
Trd, 8638769.279, 93
Trd, 8638770.446, 140
Trd, 8638771.346, 137
Trd, 8638772.312, 115
Trd, 8638772.679, 116
Trd, 8638772.712, 115
Trd, 8638773.146, 112
Trd, 8638773.512, 113
Trd, 8638773.579, 112
Trd, 8638776.346, 140
Trd, 8638776.579, 139
Trd, 8638776.946, 138
Trd, 8638777.046, 136
Trd, 8638777.246, 128
Trd, 8638777.879, 123
Trd, 8638778.479, 126
Trd, 8638779.279, 123
Trd, 8638779.546, 137
Trd, 8638779.779, 123
Trd, 8638779.979, 122
Trd, 8638780.979, 109
Trd, 8638782.512, 136
Trd, 8638782.979, 137
Trd, 8638783.046, 137
Trd, 8638783.079, 115
Trd, 8638783.246, 126
Trd, 8638783.912, 126
Trd, 8638784.746, 123
Trd, 8638785.112, 107
Trd, 8638785.346, 129
Trd, 8638785.646, 139
Trd, 8638786.246, 138
Trd, 8638786.546, 111
Trd, 8638786.679, 110
Trd, 8638786.846, 100
Trd, 8638787.812, 115
Trd, 8638788.679, 140
Trd, 8638788.812, 87
Trd, 8638789.112, 82
Trd, 8638789.379, 86
Trd, 8638790.312, 138
Trd, 8638790.946, 138
Trd, 8638790.979, 138
Trd, 8638791.179, 134
Trd, 8638791.246, 125
Trd, 8638791.912, 133
Trd, 8638792.779, 115
Trd, 8638792.846, 114
Trd, 8638793.779, 110
Trd, 8638794.046, 114
Trd, 8638794.146, 109
Trd, 8638794.846, 109
Trd, 8638794.912, 106
Trd, 8638795.246, 134
Trd, 8638795.912, 109
Trd, 8638796.179, 108
Trd, 8638796.879, 119
Trd, 8638797.512, 118
Trd, 8638797.879, 106
Trd, 8638798.179, 104
Trd, 8638798.346, 100
Trd, 8638799.512, 139
Trd, 8638799.846, 140
Trd, 8638800.312, 140
Trd, 8638800.646, 140
Trd, 8638801.046, 140
Trd, 8638801.146, 140
Trd, 8638801.379, 140
Trd, 8638802.079, 139
Trd, 8638802.346, 138
Trd, 8638802.679, 134
Trd, 8638803.712, 120
Trd, 8638803.979, 138
Trd, 8638804.212, 108
Trd, 8638804.412, 96
Trd, 8638804.579, 117
Trd, 8638805.179, 89
Trd, 8638805.979, 61
Trd, 8638806.379, 66
Trd, 8638807.512, 63
Trd, 8638808.346, 64
Trd, 8638808.746, 78
Trd, 8638809.212, 67
Trd, 8638809.646, 84
Trd, 8638809.946, 135
Trd, 8638810.946, 82
Trd, 8638811.679, 139
Trd, 8638812.379, 136
Trd, 8638812.412, 135
Trd, 8638813.179, 132
Trd, 8638813.912, 131
Trd, 8638814.112, 131
Trd, 8638814.179, 137
Trd, 8638814.412, 131
Trd, 8638814.712, 130
Trd, 8638815.846, 140
Trd, 8638816.146, 139
Trd, 8638816.979, 140
Trd, 8638817.112, 140
Trd, 8638817.646, 138
Trd, 8638818.346, 118
Trd, 8638818.479, 118
Trd, 8638818.679, 130
Trd, 8638819.346, 120
Trd, 8638819.579, 118
Trd, 8638821.079, 139
Trd, 8638821.279, 133
Trd, 8638821.446, 119
Trd, 8638822.579, 140
Trd, 8638823.312, 140
Trd, 8638823.379, 139
Trd, 8638823.412, 139
Trd, 8638824.146, 140
Trd, 8638824.979, 139
Trd, 8638825.779, 139
Trd, 8638826.312, 138
Trd, 8638826.679, 140
Trd, 8638826.779, 139
Trd, 8638827.312, 130
Trd, 8638827.579, 130
Trd, 8638828.312, 130
Trd, 8638828.612, 128
Trd, 8638829.379, 127
Trd, 8638830.146, 127
Trd, 8638830.212, 127
Trd, 8638830.346, 126
Trd, 8638831.012, 140
Trd, 8638832.079, 135
Trd, 8638832.179, 128
Trd, 8638833.046, 127
Trd, 8638833.279, 126
Trd, 8638833.479, 125
Trd, 8638833.546, 122
Trd, 8638834.112, 136
Trd, 8638834.412, 123
Trd, 8638834.479, 120
Trd, 8638835.046, 97
Trd, 8638835.779, 96
Trd, 8638836.679, 60
Trd, 8638837.312, 83
Trd, 8638837.512, 102
Trd, 8638838.146, 107
Trd, 8638839.446, 116
Trd, 8638839.579, 138
Trd, 8638839.679, 115
Trd, 8638839.879, 139
Trd, 8638840.246, 139
Trd, 8638840.579, 134
Trd, 8638840.846, 138
Trd, 8638841.412, 134
Trd, 8638842.446, 134
Trd, 8638842.612, 124
Trd, 8638843.146, 128
Trd, 8638843.346, 135
Trd, 8638843.812, 131
Trd, 8638844.179, 119
Trd, 8638844.912, 138
Trd, 8638844.946, 133
Trd, 8638845.212, 109
Trd, 8638846.479, 128
Trd, 8638847.912, 140
Trd, 8638848.146, 140
Trd, 8638848.346, 140
Trd, 8638848.379, 138
Trd, 8638848.912, 138
Trd, 8638849.379, 139
Trd, 8638849.879, 139
Trd, 8638850.312, 137
Trd, 8638850.512, 133
Trd, 8638850.679, 128
Trd, 8638850.746, 106
Trd, 8638851.246, 131
Trd, 8638851.279, 111
Trd, 8638851.346, 105
Trd, 8638854.046, 140
Trd, 8638854.479, 140
Trd, 8638854.679, 140
Trd, 8638854.846, 140
Trd, 8638855.579, 127
Trd, 8638855.946, 125
Trd, 8638856.712, 140
Trd, 8638857.512, 129
Trd, 8638858.312, 138
Trd, 8638858.612, 138
Trd, 8638859.212, 140
Trd, 8638859.412, 140
Trd, 8638859.512, 120
Trd, 8638860.679, 119
Trd, 8638861.212, 121
Trd, 8638861.679, 121
Trd, 8638861.746, 120
Trd, 8638862.146, 118
Trd, 8638862.512, 117
Trd, 8638862.679, 137
Trd, 8638862.879, 140
Trd, 8638862.912, 112
Trd, 8638863.346, 108
Trd, 8638864.012, 94
Trd, 8638864.279, 125
Trd, 8638864.779, 105
Trd, 8638865.112, 104
Trd, 8638865.946, 137
Trd, 8638866.079, 133
Trd, 8638866.246, 94
Trd, 8638867.479, 140
Trd, 8638867.646, 140
Trd, 8638868.079, 109
Trd, 8638868.246, 103
Trd, 8638869.846, 140
Trd, 8638870.146, 140
Trd, 8638870.246, 139
Trd, 8638870.612, 133
Trd, 8638871.246, 126
Trd, 8638872.646, 120
Trd, 8638872.779, 119
Trd, 8638873.712, 130
Trd, 8638874.179, 131
Trd, 8638874.379, 123
Trd, 8638874.512, 122
Trd, 8638875.646, 138
Trd, 8638875.712, 134
Trd, 8638876.046, 123
Trd, 8638876.079, 121
Trd, 8638876.146, 100
Trd, 8638877.312, 107
Trd, 8638878.212, 124
Trd, 8638878.346, 122
Trd, 8638879.046, 140
Trd, 8638879.279, 140
Trd, 8638879.646, 140
Trd, 8638880.212, 139
Trd, 8638881.012, 124
Trd, 8638881.146, 124
Trd, 8638881.312, 113
Trd, 8638881.746, 111
Trd, 8638882.046, 105
Trd, 8638882.679, 111
Trd, 8638882.979, 105
Trd, 8638883.679, 107
Trd, 8638883.879, 140
Trd, 8638884.079, 124
Trd, 8638884.746, 131
Trd, 8638885.412, 106
Trd, 8638886.212, 120
Trd, 8638886.812, 140
Trd, 8638887.712, 140
Trd, 8638887.979, 140
Trd, 8638888.612, 140
Trd, 8638888.646, 139
Trd, 8638889.412, 138
Trd, 8638890.012, 125
Trd, 8638890.579, 138
Trd, 8638891.446, 124
Trd, 8638891.679, 124
Trd, 8638892.512, 137
Trd, 8638893.412, 140
Trd, 8638893.479, 139
Trd, 8638893.812, 138
Trd, 8638893.912, 126
Trd, 8638894.446, 119
Trd, 8638895.179, 140
Trd, 8638895.212, 119
Trd, 8638896.379, 140
Trd, 8638896.446, 138
Trd, 8638896.779, 137
Trd, 8638898.179, 111
Trd, 8638898.779, 109
Trd, 8638899.046, 111
Trd, 8638899.646, 138
Trd, 8638899.779, 128
Trd, 8638899.946, 127
Trd, 8638900.212, 124
Trd, 8638900.712, 119
Trd, 8638900.846, 113
Trd, 8638901.212, 114
Trd, 8638902.046, 129
Trd, 8638902.912, 140
Trd, 8638903.246, 139
Trd, 8638903.279, 128
Trd, 8638903.479, 137
Trd, 8638904.279, 107
Trd, 8638904.379, 107
Trd, 8638904.512, 107
Trd, 8638904.712, 87
Trd, 8638905.879, 96
Trd, 8638906.646, 70
Trd, 8638907.079, 76
Trd, 8638907.979, 61
Trd, 8638908.112, 94
Trd, 8638908.679, 105
Trd, 8638909.412, 71
Trd, 8638909.712, 92
Trd, 8638910.379, 96
Trd, 8638910.579, 97
Trd, 8638910.879, 140
Trd, 8638910.912, 125
Trd, 8638912.146, 137
Trd, 8638912.412, 132
Trd, 8638912.546, 130
Trd, 8638913.412, 60
Trd, 8638913.779, 68
Trd, 8638914.946, 95
Trd, 8638917.312, 99
Trd, 8638917.479, 98
Trd, 8638917.546, 114
Trd, 8638918.379, 116
Trd, 8638918.412, 116
Trd, 8638918.579, 115
Trd, 8638918.812, 114
Trd, 8638918.879, 133
Trd, 8638919.612, 113
Trd, 8638920.312, 140
Trd, 8638920.479, 140
Trd, 8638921.579, 126
Trd, 8638921.846, 140
Trd, 8638922.012, 119
Trd, 8638922.212, 117
Trd, 8638922.612, 105
Trd, 8638922.979, 139
Trd, 8638924.746, 134
Trd, 8638924.912, 134
Trd, 8638925.146, 134
Trd, 8638926.546, 135
Trd, 8638926.779, 132
Trd, 8638926.879, 130
Trd, 8638926.979, 117
Trd, 8638927.946, 139
Trd, 8638928.012, 107
Trd, 8638928.246, 120
Trd, 8638928.512, 118
Trd, 8638928.879, 110
Trd, 8638930.179, 111
Trd, 8638930.579, 138
Trd, 8638931.012, 122
Trd, 8638931.279, 111
Trd, 8638931.712, 114
Trd, 8638932.546, 117
Trd, 8638932.779, 113
Trd, 8638933.112, 113
Trd, 8638933.279, 125
Trd, 8638933.779, 139
Trd, 8638934.812, 133
Trd, 8638935.279, 131
Trd, 8638935.512, 114
Trd, 8638936.246, 138
Trd, 8638936.279, 111
Trd, 8638936.412, 138
Trd, 8638936.512, 111
Trd, 8638937.246, 113
Trd, 8638937.546, 140
Trd, 8638937.646, 104
Trd, 8638938.079, 96
Trd, 8638938.346, 77
Trd, 8638938.512, 96
Trd, 8638939.812, 70
Trd, 8638940.012, 69
Trd, 8638940.412, 78
Trd, 8638940.846, 66
Trd, 8638942.346, 64
Trd, 8638943.446, 67
Trd, 8638943.846, 70
Trd, 8638943.946, 83
Trd, 8638944.079, 123
Trd, 8638944.379, 98
Trd, 8638944.679, 127
Trd, 8638945.146, 79
Trd, 8638945.712, 134
Trd, 8638946.779, 84
Trd, 8638947.046, 82
Trd, 8638947.546, 84
Trd, 8638948.079, 83
Trd, 8638948.146, 83
Trd, 8638948.712, 83
Trd, 8638949.712, 140
Trd, 8638950.379, 83
Trd, 8638950.646, 138
Trd, 8638951.012, 107
Trd, 8638951.679, 126
Trd, 8638951.812, 122
Trd, 8638952.179, 139
Trd, 8638952.579, 101
Trd, 8638953.846, 140
Trd, 8638953.946, 139
Trd, 8638954.079, 138
Trd, 8638954.612, 120
Trd, 8638955.012, 119
Trd, 8638955.312, 138
Trd, 8638956.479, 140
Trd, 8638958.012, 140
Trd, 8638958.479, 139
Trd, 8638958.646, 140
Trd, 8638959.279, 139
Trd, 8638959.646, 133
Trd, 8638960.046, 121
Trd, 8638960.646, 113
Trd, 8638960.746, 112
Trd, 8638960.779, 111
Trd, 8638961.046, 103
Trd, 8638962.012, 92
Trd, 8638962.246, 91
Trd, 8638962.812, 140
Trd, 8638962.879, 140
Trd, 8638964.179, 140
Trd, 8638964.379, 139
Trd, 8638965.279, 138
Trd, 8638965.812, 136
Trd, 8638965.946, 132
Trd, 8638966.779, 138
Trd, 8638967.379, 130
Trd, 8638967.646, 125
Trd, 8638968.512, 105
Trd, 8638968.779, 103
Trd, 8638968.812, 103
Trd, 8638969.646, 109
Trd, 8638969.946, 122
Trd, 8638970.679, 127
Trd, 8638971.679, 123
Trd, 8638971.712, 122
Trd, 8638972.112, 119
Trd, 8638972.312, 138
Trd, 8638973.179, 140
Trd, 8638973.546, 134
Trd, 8638973.712, 129
Trd, 8638973.746, 121
Trd, 8638974.746, 114
Trd, 8638975.612, 122
Trd, 8638976.079, 140
Trd, 8638976.312, 139
Trd, 8638976.912, 134
Trd, 8638976.946, 120
Trd, 8638977.446, 114
Trd, 8638977.846, 113
Trd, 8638979.746, 138
Trd, 8638980.246, 128
Trd, 8638980.479, 111
Trd, 8638980.746, 99
Trd, 8638980.979, 100
Trd, 8638981.512, 98
Trd, 8638982.779, 121
Trd, 8638983.312, 105
Trd, 8638983.479, 104
Trd, 8638983.679, 139
Trd, 8638983.946, 138
Trd, 8638984.546, 104
Trd, 8638985.046, 135
Trd, 8638985.179, 110
Trd, 8638985.412, 104
Trd, 8638985.446, 101
Trd, 8638985.546, 139
Trd, 8638985.846, 96
Trd, 8638986.212, 140
Trd, 8638987.012, 140
Trd, 8638987.612, 133
Trd, 8638987.812, 122
Trd, 8638988.879, 139
Trd, 8638989.246, 138
Trd, 8638989.679, 137
Trd, 8638989.712, 114
Trd, 8638990.412, 140
Trd, 8638991.446, 139
Trd, 8638991.679, 140
Trd, 8638991.979, 140
Trd, 8638992.846, 136
Trd, 8638993.079, 133
Trd, 8638994.446, 133
Trd, 8638994.512, 132
Trd, 8638994.546, 131
Trd, 8638994.579, 125
Trd, 8638994.746, 115
Trd, 8638994.912, 114
Trd, 8638995.912, 139
Trd, 8638996.279, 131
Trd, 8638996.979, 140
Trd, 8638997.746, 138
Trd, 8638997.879, 137
Trd, 8638998.379, 125
Trd, 8638998.879, 123
Trd, 8638998.946, 121
Trd, 8638999.779, 140
Trd, 8639000.812, 138
Trd, 8639000.912, 137
Trd, 8639001.112, 137
Trd, 8639001.246, 136
Trd, 8639002.112, 140
Trd, 8639002.612, 115
Trd, 8639003.312, 118
Trd, 8639003.779, 122
Trd, 8639004.146, 111
Trd, 8639004.812, 84
Trd, 8639005.246, 140
Trd, 8639005.612, 137
Trd, 8639005.779, 92
Trd, 8639005.879, 138
Trd, 8639006.412, 123
Trd, 8639007.646, 138
Trd, 8639007.812, 140
Trd, 8639007.979, 139
Trd, 8639008.746, 140
Trd, 8639009.046, 140
Trd, 8639009.546, 139
Trd, 8639010.112, 137
Trd, 8639010.179, 136
Trd, 8639010.479, 117
Trd, 8639011.979, 117
Trd, 8639012.346, 116
Trd, 8639012.512, 120
Trd, 8639013.912, 116
Trd, 8639014.046, 115
Trd, 8639014.579, 137
Trd, 8639015.046, 139
Trd, 8639015.312, 137
Trd, 8639015.346, 135
Trd, 8639016.079, 133
Trd, 8639019.746, 140
Trd, 8639020.079, 140
Trd, 8639020.512, 140
Trd, 8639020.646, 139
Trd, 8639020.979, 139
Trd, 8639021.079, 138
Trd, 8639021.112, 137
Trd, 8639021.312, 124
Trd, 8639022.279, 114
Trd, 8639022.612, 112
Trd, 8639022.779, 108
Trd, 8639023.212, 134
Trd, 8639023.579, 70
Trd, 8639023.946, 115
Trd, 8639023.979, 114
Trd, 8639024.512, 112
Trd, 8639024.979, 72
Trd, 8639025.246, 117
Trd, 8639025.646, 73
Trd, 8639027.079, 75
Trd, 8639027.379, 140
Trd, 8639027.579, 140
Trd, 8639027.746, 73
Trd, 8639028.046, 73
Trd, 8639028.312, 103
Trd, 8639028.979, 124
Trd, 8639029.146, 106
Trd, 8639029.612, 131
Trd, 8639030.479, 114
Trd, 8639031.512, 114
Trd, 8639031.612, 114
Trd, 8639031.779, 110
Trd, 8639032.579, 119
Trd, 8639033.612, 140
Trd, 8639033.879, 115
Trd, 8639034.446, 135
Trd, 8639035.012, 124
Trd, 8639035.346, 114
Trd, 8639036.046, 105
Trd, 8639036.212, 137
Trd, 8639036.712, 134
Trd, 8639036.779, 107
Trd, 8639036.912, 102
Trd, 8639037.112, 139
Trd, 8639037.412, 123
Trd, 8639037.979, 120
Trd, 8639039.079, 140
Trd, 8639039.212, 125
Trd, 8639039.446, 125
Trd, 8639040.446, 140
Trd, 8639040.479, 140
Trd, 8639041.679, 135
Trd, 8639042.812, 136
Trd, 8639042.879, 135
Trd, 8639043.179, 133
Trd, 8639044.479, 133
Trd, 8639045.079, 131
Trd, 8639045.312, 127
Trd, 8639045.446, 126
Trd, 8639045.779, 121
Trd, 8639046.446, 107
Trd, 8639046.746, 112
Trd, 8639047.146, 140
Trd, 8639047.212, 137
Trd, 8639047.246, 116
Trd, 8639047.879, 120
Trd, 8639048.612, 119
Trd, 8639048.712, 105
Trd, 8639049.412, 138
Trd, 8639049.646, 105
Trd, 8639049.812, 89
Trd, 8639050.479, 140
Trd, 8639050.779, 140
Trd, 8639051.379, 135
Trd, 8639051.646, 133
Trd, 8639051.746, 129
Trd, 8639052.879, 117
Trd, 8639053.679, 140
Trd, 8639053.746, 118
Trd, 8639054.012, 133
Trd, 8639054.412, 112
Trd, 8639055.146, 125
Trd, 8639055.512, 132
Trd, 8639055.612, 120
Trd, 8639056.512, 120
Trd, 8639056.612, 112
Trd, 8639057.012, 111
Trd, 8639057.612, 111
Trd, 8639057.646, 110
Trd, 8639058.046, 88
Trd, 8639058.079, 87
Trd, 8639059.379, 133
Trd, 8639059.946, 79
Trd, 8639061.046, 76
Trd, 8639061.246, 79
Trd, 8639061.746, 61
Trd, 8639062.612, 60
Trd, 8639062.946, 65
Trd, 8639063.012, 68
Trd, 8639063.512, 90
Trd, 8639064.146, 91
Trd, 8639064.346, 138
Trd, 8639065.379, 73
Trd, 8639065.979, 68
Trd, 8639066.546, 98
Trd, 8639066.846, 71
Trd, 8639067.146, 67
Trd, 8639067.612, 67
Trd, 8639068.046, 71
Trd, 8639068.212, 120
Trd, 8639068.379, 67
Trd, 8639068.779, 68
Trd, 8639069.512, 118
Trd, 8639070.379, 115
Trd, 8639070.446, 110
Trd, 8639071.012, 130
Trd, 8639071.212, 109
Trd, 8639071.412, 105
Trd, 8639072.546, 102
Trd, 8639073.612, 126
Trd, 8639073.812, 140
Trd, 8639074.012, 140
Trd, 8639074.179, 139
Trd, 8639074.279, 138
Trd, 8639074.646, 133
Trd, 8639076.179, 138
Trd, 8639076.312, 110
Trd, 8639076.579, 137
Trd, 8639076.779, 114
Trd, 8639077.479, 140
Trd, 8639077.712, 140
Trd, 8639078.512, 140
Trd, 8639078.612, 139
Trd, 8639078.679, 128
Trd, 8639079.412, 109
Trd, 8639081.179, 120
Trd, 8639081.712, 131
Trd, 8639081.979, 121
Trd, 8639082.079, 121
Trd, 8639082.146, 120
Trd, 8639082.779, 117
Trd, 8639083.079, 99
Trd, 8639083.712, 132
Trd, 8639084.412, 103
Trd, 8639084.446, 98
Trd, 8639084.612, 101
Trd, 8639085.012, 91
Trd, 8639086.512, 138
Trd, 8639086.546, 137
Trd, 8639086.712, 140
Trd, 8639087.546, 134
Trd, 8639087.712, 133
Trd, 8639087.946, 116
Trd, 8639088.979, 140
Trd, 8639089.012, 140
Trd, 8639089.846, 140
Trd, 8639090.679, 139
Trd, 8639090.712, 133
Trd, 8639092.112, 138
Trd, 8639092.246, 123
Trd, 8639092.512, 112
Trd, 8639092.612, 110
Trd, 8639093.312, 104
Trd, 8639093.579, 105
Trd, 8639094.079, 140
Trd, 8639094.146, 132
Trd, 8639094.212, 117
Trd, 8639095.712, 140
Trd, 8639096.512, 133
Trd, 8639096.579, 132
Trd, 8639096.912, 131
Trd, 8639097.579, 131
Trd, 8639097.879, 140
Trd, 8639098.146, 137
Trd, 8639099.746, 140
Trd, 8639099.979, 140
Trd, 8639100.612, 139
Trd, 8639100.746, 139
Trd, 8639101.246, 137
Trd, 8639101.812, 140
Trd, 8639102.012, 140
Trd, 8639102.046, 129
Trd, 8639102.312, 128
Trd, 8639103.079, 121
Trd, 8639103.179, 118
Trd, 8639103.312, 116
Trd, 8639103.512, 98
Trd, 8639104.512, 99
Trd, 8639105.246, 98
Trd, 8639107.046, 139
Trd, 8639107.412, 139
Trd, 8639108.012, 140
Trd, 8639109.246, 139
Trd, 8639109.812, 140
Trd, 8639110.146, 140
Trd, 8639111.112, 140
Trd, 8639111.279, 139
Trd, 8639111.712, 140
Trd, 8639111.812, 140
Trd, 8639112.279, 137
Trd, 8639113.446, 137
Trd, 8639113.512, 132
Trd, 8639113.646, 126
Trd, 8639114.246, 140
Trd, 8639114.346, 122
Trd, 8639114.512, 140
Trd, 8639114.579, 118
Trd, 8639115.412, 127
Trd, 8639115.912, 129
Trd, 8639117.312, 128
Trd, 8639117.379, 123
Trd, 8639117.412, 123
Trd, 8639117.879, 109
Trd, 8639118.546, 81
Trd, 8639119.146, 103
Trd, 8639119.346, 99
Trd, 8639120.012, 140
Trd, 8639120.079, 140
Trd, 8639120.679, 132
Trd, 8639121.346, 107
Trd, 8639121.946, 113
Trd, 8639122.746, 113
Trd, 8639123.546, 139
Trd, 8639123.712, 128
Trd, 8639123.979, 113
Trd, 8639125.112, 108
Trd, 8639125.479, 110
Trd, 8639126.012, 109
Trd, 8639126.812, 111
Trd, 8639126.846, 110
Trd, 8639127.446, 112
Trd, 8639127.712, 140
Trd, 8639127.946, 109
Trd, 8639128.479, 140
Trd, 8639129.446, 140
Trd, 8639129.879, 137
Trd, 8639130.312, 129
Trd, 8639130.812, 131
Trd, 8639130.879, 131
Trd, 8639130.912, 121
Trd, 8639131.112, 110
Trd, 8639131.946, 119
Trd, 8639132.146, 118
Trd, 8639132.512, 140
Trd, 8639133.346, 139
Trd, 8639133.479, 138
Trd, 8639135.212, 138
Trd, 8639135.612, 109
Trd, 8639135.912, 109
Trd, 8639136.079, 138
Trd, 8639137.046, 111
Trd, 8639137.412, 108
Trd, 8639137.912, 140
Trd, 8639137.979, 140
Trd, 8639138.179, 140
Trd, 8639138.312, 128
Trd, 8639139.246, 114
Trd, 8639139.412, 111
Trd, 8639139.879, 116
Trd, 8639140.046, 112
Trd, 8639140.712, 108
Trd, 8639140.846, 108
Trd, 8639140.946, 103
Trd, 8639141.712, 78
Trd, 8639141.912, 118
Trd, 8639143.279, 140
Trd, 8639143.612, 139
Trd, 8639143.846, 139
Trd, 8639144.279, 139
Trd, 8639144.879, 117
Trd, 8639145.146, 110
Trd, 8639145.179, 109
Trd, 8639146.179, 99
Trd, 8639147.179, 101
Trd, 8639147.346, 101
Trd, 8639147.679, 101
Trd, 8639147.712, 93
Trd, 8639147.746, 89
Trd, 8639147.979, 135
Trd, 8639148.379, 117
Trd, 8639149.646, 139
Trd, 8639150.046, 137
Trd, 8639150.412, 131
Trd, 8639150.479, 140
Trd, 8639150.946, 140
Trd, 8639151.512, 117
Trd, 8639151.812, 109
Trd, 8639152.212, 115
Trd, 8639152.546, 114
Trd, 8639152.946, 92
Trd, 8639153.846, 140
Trd, 8639153.946, 128
Trd, 8639154.146, 99
Trd, 8639154.646, 107
Trd, 8639155.179, 106
Trd, 8639155.946, 140
Trd, 8639156.912, 140
Trd, 8639156.979, 139
Trd, 8639157.312, 138
Trd, 8639157.779, 134
Trd, 8639158.146, 133
Trd, 8639158.312, 125
Trd, 8639158.579, 116
Trd, 8639158.612, 97
Trd, 8639159.046, 62
Trd, 8639159.746, 117
Trd, 8639161.179, 140
Trd, 8639162.679, 140
Trd, 8639162.812, 140
Trd, 8639163.146, 140
Trd, 8639163.812, 140
Trd, 8639163.946, 140
Trd, 8639164.212, 139
Trd, 8639165.146, 140
Trd, 8639165.212, 138
Trd, 8639165.346, 133
Trd, 8639165.746, 120
Trd, 8639166.679, 140
Trd, 8639167.146, 139
Trd, 8639167.679, 139
Trd, 8639168.912, 140
Trd, 8639169.812, 140
Trd, 8639169.912, 140
Trd, 8639170.146, 138
Trd, 8639170.646, 113
Trd, 8639170.779, 110
Trd, 8639171.846, 103
Trd, 8639172.479, 101
Trd, 8639172.579, 100
Trd, 8639172.612, 84
Trd, 8639172.679, 127
Trd, 8639173.479, 133
Trd, 8639173.812, 134
Trd, 8639174.279, 84
Trd, 8639174.379, 83
Trd, 8639174.612, 76
Trd, 8639174.946, 72
Trd, 8639176.712, 75
Trd, 8639176.812, 75
Trd, 8639177.112, 81
Trd, 8639177.146, 108
Trd, 8639177.412, 74
Trd, 8639178.646, 128
Trd, 8639179.579, 81
Trd, 8639180.246, 106
Trd, 8639180.379, 81
Trd, 8639181.379, 71
Trd, 8639182.279, 72
Trd, 8639182.612, 73
Trd, 8639182.979, 75
Trd, 8639183.912, 81
Trd, 8639183.946, 88
Trd, 8639184.312, 72
Trd, 8639184.746, 72
Trd, 8639184.812, 95
Trd, 8639185.612, 80
Trd, 8639186.412, 108
Trd, 8639187.346, 140
Trd, 8639187.746, 140
Trd, 8639188.079, 138
Trd, 8639188.846, 138
Trd, 8639189.012, 133
Trd, 8639189.312, 133
Trd, 8639189.579, 129
Trd, 8639190.179, 128
Trd, 8639190.712, 138
Trd, 8639191.679, 138
Trd, 8639191.779, 138
Trd, 8639192.346, 134
Trd, 8639192.379, 131
Trd, 8639192.546, 138
Trd, 8639192.779, 129
Trd, 8639192.979, 121
Trd, 8639193.612, 122
Trd, 8639194.079, 121
Trd, 8639196.012, 108
Trd, 8639196.246, 113
Trd, 8639197.046, 137
Trd, 8639197.112, 105
Trd, 8639197.846, 105
Trd, 8639198.212, 128
Trd, 8639198.346, 106
Trd, 8639198.412, 140
Trd, 8639199.312, 139
Trd, 8639199.412, 138
Trd, 8639200.646, 116
Trd, 8639200.679, 115
Trd, 8639200.712, 109
Trd, 8639201.279, 133
Trd, 8639201.312, 109
Trd, 8639201.779, 109
Trd, 8639202.612, 140
Trd, 8639202.879, 140
Trd, 8639203.346, 114
Trd, 8639203.612, 124
Trd, 8639203.712, 117
Trd, 8639205.012, 140
Trd, 8639205.112, 140
Trd, 8639205.146, 139
Trd, 8639205.379, 133
Trd, 8639205.946, 128
Trd, 8639206.212, 114
Trd, 8639206.379, 113
Trd, 8639207.012, 108
Trd, 8639208.346, 140
Trd, 8639208.379, 133
Trd, 8639209.079, 140
Trd, 8639209.546, 138
Trd, 8639209.646, 135
Trd, 8639210.112, 126
Trd, 8639210.312, 116
Trd, 8639210.579, 134
Trd, 8639210.946, 95
Trd, 8639211.412, 63
Trd, 8639212.179, 79
Trd, 8639212.446, 64
Trd, 8639213.446, 91
Trd, 8639213.479, 119
Trd, 8639214.446, 121
Trd, 8639214.646, 120
Trd, 8639214.746, 98
Trd, 8639215.079, 85
Trd, 8639216.812, 105
Trd, 8639216.912, 106
Trd, 8639217.179, 105
Trd, 8639217.579, 123
Trd, 8639218.512, 123
Trd, 8639218.712, 140
Trd, 8639219.079, 140
Trd, 8639219.979, 138
Trd, 8639220.112, 136
Trd, 8639220.379, 136
Trd, 8639220.412, 139
Trd, 8639220.546, 131
Trd, 8639221.146, 140
Trd, 8639223.112, 125
Trd, 8639224.146, 140
Trd, 8639224.179, 133
Trd, 8639224.346, 129
Trd, 8639224.379, 128
Trd, 8639224.846, 131
Trd, 8639225.512, 107
Trd, 8639225.979, 137
Trd, 8639226.212, 118
Trd, 8639226.612, 135
Trd, 8639226.946, 135
Trd, 8639227.146, 127
Trd, 8639227.779, 123
Trd, 8639228.046, 131
Trd, 8639228.579, 107
Trd, 8639228.746, 106
Trd, 8639229.579, 107
Trd, 8639230.412, 106
Trd, 8639230.479, 106
Trd, 8639230.546, 106
Trd, 8639231.046, 121
Trd, 8639231.546, 135
Trd, 8639231.679, 105
Trd, 8639231.712, 104
Trd, 8639231.879, 101
Trd, 8639232.546, 140
Trd, 8639233.079, 139
Trd, 8639233.212, 118
Trd, 8639234.379, 138
Trd, 8639235.179, 139
Trd, 8639236.579, 139
Trd, 8639236.912, 138
Trd, 8639237.479, 133
Trd, 8639237.512, 133
Trd, 8639237.612, 132
Trd, 8639237.812, 132
Trd, 8639238.112, 122
Trd, 8639238.379, 135
Trd, 8639239.246, 109
Trd, 8639240.379, 113
Trd, 8639240.712, 140
Trd, 8639241.546, 105
Trd, 8639241.712, 104
Trd, 8639242.579, 139
Trd, 8639242.746, 138
Trd, 8639243.746, 140
Trd, 8639243.979, 140
Trd, 8639244.412, 139
Trd, 8639244.712, 128
Trd, 8639244.779, 127
Trd, 8639245.812, 114
Trd, 8639246.979, 139
Trd, 8639247.212, 101
Trd, 8639247.579, 137
Trd, 8639248.012, 102
Trd, 8639248.579, 140
Trd, 8639248.879, 139
Trd, 8639248.946, 131
Trd, 8639249.446, 117
Trd, 8639249.812, 119
Trd, 8639250.079, 82
Trd, 8639250.446, 89
Trd, 8639251.579, 62
Trd, 8639252.846, 64
Trd, 8639253.312, 66
Trd, 8639254.079, 74
Trd, 8639255.112, 89
Trd, 8639255.679, 123
Trd, 8639255.979, 87
Trd, 8639257.912, 138
Trd, 8639258.046, 138
Trd, 8639259.012, 140
Trd, 8639259.046, 140
Trd, 8639259.379, 139
Trd, 8639259.712, 133
Trd, 8639260.312, 128
Trd, 8639260.346, 128
Trd, 8639261.279, 128
Trd, 8639261.379, 135
Trd, 8639262.046, 118
Trd, 8639262.146, 116
Trd, 8639262.546, 111
Trd, 8639262.979, 138
Trd, 8639263.046, 117
Trd, 8639263.679, 112
Trd, 8639263.812, 108
Trd, 8639264.946, 140
Trd, 8639265.279, 140
Trd, 8639266.946, 140
Trd, 8639267.279, 140
Trd, 8639267.479, 139
Trd, 8639267.612, 138
Trd, 8639268.546, 140
Trd, 8639268.946, 140
Trd, 8639269.312, 140
Trd, 8639270.446, 140
Trd, 8639270.879, 140
Trd, 8639271.379, 139
Trd, 8639272.179, 134
Trd, 8639272.312, 133
Trd, 8639272.712, 132
Trd, 8639272.879, 131
Trd, 8639273.012, 130
Trd, 8639273.279, 131
Trd, 8639274.079, 130
Trd, 8639274.312, 125
Trd, 8639274.346, 114
Trd, 8639274.546, 135
Trd, 8639275.012, 103
Trd, 8639276.646, 140
Trd, 8639276.679, 139
Trd, 8639277.146, 104
Trd, 8639277.246, 102
Trd, 8639277.646, 103
Trd, 8639278.512, 139
Trd, 8639279.046, 140
Trd, 8639279.746, 140
Trd, 8639279.846, 138
Trd, 8639280.046, 133
Trd, 8639280.146, 108
Trd, 8639280.246, 106
Trd, 8639280.846, 112
Trd, 8639280.912, 104
Trd, 8639281.379, 117
Trd, 8639281.846, 138
Trd, 8639283.612, 140
Trd, 8639284.012, 140
Trd, 8639284.212, 140
Trd, 8639284.279, 138
Trd, 8639284.679, 137
Trd, 8639284.912, 123
Trd, 8639285.079, 115
Trd, 8639285.512, 115
Trd, 8639285.612, 113
Trd, 8639285.846, 113
Trd, 8639286.546, 112
Trd, 8639287.112, 109
Trd, 8639287.912, 110
Trd, 8639287.946, 109
Trd, 8639288.379, 124
Trd, 8639288.946, 130
Trd, 8639288.979, 108
Trd, 8639289.479, 100
Trd, 8639290.579, 140
Trd, 8639290.679, 140
Trd, 8639291.746, 140
Trd, 8639293.046, 140
Trd, 8639293.346, 139
Trd, 8639293.379, 138
Trd, 8639294.012, 140
Trd, 8639294.479, 140
Trd, 8639294.546, 139
Trd, 8639294.879, 119
Trd, 8639295.479, 111
Trd, 8639296.012, 114
Trd, 8639297.312, 139
Trd, 8639297.412, 129
Trd, 8639297.779, 128
Trd, 8639297.946, 128
Trd, 8639298.112, 123
Trd, 8639298.246, 101
Trd, 8639299.679, 140
Trd, 8639300.612, 140
Trd, 8639300.979, 140
Trd, 8639301.379, 138
Trd, 8639301.446, 137
Trd, 8639301.746, 133
Trd, 8639301.779, 123
Trd, 8639301.912, 119
Trd, 8639302.379, 140
Trd, 8639303.446, 127
Trd, 8639303.879, 112
Trd, 8639304.012, 111
Trd, 8639304.712, 135
Trd, 8639305.246, 131
Trd, 8639306.579, 140
Trd, 8639307.679, 140
Trd, 8639308.746, 138
Trd, 8639308.912, 137
Trd, 8639309.046, 135
Trd, 8639309.412, 138
Trd, 8639309.512, 131
Trd, 8639309.946, 123
Trd, 8639310.212, 121
Trd, 8639310.379, 110
Trd, 8639311.012, 91
Trd, 8639311.279, 91
Trd, 8639311.612, 88
Trd, 8639312.012, 94
Trd, 8639312.612, 90
Trd, 8639312.879, 89
Trd, 8639313.512, 111
Trd, 8639314.212, 102
Trd, 8639314.679, 94
Trd, 8639316.346, 140
Trd, 8639316.512, 140
Trd, 8639316.646, 140
Trd, 8639316.779, 140
Trd, 8639317.012, 139
Trd, 8639318.346, 140
Trd, 8639318.379, 139
Trd, 8639318.479, 138
Trd, 8639318.646, 134
Trd, 8639319.879, 137
Trd, 8639320.079, 115
Trd, 8639320.546, 114
Trd, 8639320.912, 112
Trd, 8639321.512, 140
Trd, 8639321.546, 140
Trd, 8639322.246, 140
Trd, 8639324.312, 139
Trd, 8639324.412, 121
Trd, 8639324.446, 119
Trd, 8639324.779, 119
Trd, 8639324.979, 115
Trd, 8639325.912, 115
Trd, 8639326.179, 115
Trd, 8639326.412, 117
Trd, 8639327.112, 117
Trd, 8639328.046, 114
Trd, 8639328.412, 113
Trd, 8639328.846, 111
Trd, 8639329.379, 140
Trd, 8639329.912, 99
Trd, 8639330.312, 140
Trd, 8639330.712, 139
Trd, 8639331.279, 138
Trd, 8639331.646, 137
Trd, 8639331.979, 132
Trd, 8639332.046, 116
Trd, 8639332.712, 115
Trd, 8639332.879, 118
Trd, 8639334.912, 140
Trd, 8639335.212, 140
Trd, 8639335.779, 140
Trd, 8639336.646, 140
Trd, 8639337.179, 139
Trd, 8639337.312, 133
Trd, 8639338.046, 132
Trd, 8639338.146, 131
Trd, 8639338.379, 121
Trd, 8639339.079, 115
Trd, 8639339.279, 115
Trd, 8639340.579, 139
Trd, 8639341.346, 140
Trd, 8639341.546, 138
Trd, 8639342.146, 135
Trd, 8639342.446, 132
Trd, 8639342.479, 131
Trd, 8639342.712, 131
Trd, 8639342.779, 109
Trd, 8639344.712, 140
Trd, 8639345.246, 139
Trd, 8639345.312, 139
Trd, 8639346.146, 139
Trd, 8639347.346, 136
Trd, 8639347.712, 136
Trd, 8639348.312, 125
Trd, 8639348.346, 124
Trd, 8639348.912, 121
Trd, 8639348.979, 117
Trd, 8639349.479, 131
Trd, 8639349.512, 128
Trd, 8639350.546, 140
Trd, 8639350.679, 140
Trd, 8639351.646, 140
Trd, 8639352.146, 140
Trd, 8639352.812, 140
Trd, 8639353.346, 140
Trd, 8639353.446, 139
Trd, 8639353.879, 139
Trd, 8639354.379, 138
Trd, 8639354.712, 134
Trd, 8639355.279, 140
Trd, 8639356.046, 136
Trd, 8639356.179, 132
Trd, 8639356.246, 111
Trd, 8639356.546, 123
Trd, 8639356.579, 111
Trd, 8639356.779, 112
Trd, 8639357.446, 111
Trd, 8639357.979, 112
Trd, 8639359.446, 122
Trd, 8639359.779, 124
Trd, 8639359.879, 123
Trd, 8639360.079, 114
Trd, 8639360.146, 118
Trd, 8639360.979, 109
Trd, 8639361.212, 136
Trd, 8639361.312, 105
Trd, 8639361.846, 91
Trd, 8639361.946, 91
Trd, 8639362.812, 139
Trd, 8639363.012, 136
Trd, 8639363.079, 136
Trd, 8639363.512, 115
Trd, 8639363.879, 130
Trd, 8639363.912, 113
Trd, 8639363.979, 96
Trd, 8639364.012, 92
Trd, 8639364.079, 91
Trd, 8639365.579, 94
Trd, 8639366.379, 97
Trd, 8639367.412, 100
Trd, 8639367.512, 96
Trd, 8639368.079, 72
Trd, 8639369.279, 136
Trd, 8639369.612, 130
Trd, 8639370.612, 138
Trd, 8639371.412, 128
Trd, 8639371.579, 127
Trd, 8639372.179, 125
Trd, 8639372.712, 137
Trd, 8639373.246, 140
Trd, 8639374.046, 132
Trd, 8639374.179, 125
Trd, 8639374.546, 107
Trd, 8639375.346, 105
Trd, 8639375.512, 105
Trd, 8639376.079, 140
Trd, 8639376.546, 122
Trd, 8639376.712, 117
Trd, 8639377.746, 134
Trd, 8639378.012, 140
Trd, 8639379.146, 132
Trd, 8639379.246, 130
Trd, 8639379.712, 122
Trd, 8639379.746, 121
Trd, 8639379.779, 121
Trd, 8639380.746, 124
Trd, 8639380.879, 123
Trd, 8639381.612, 139
Trd, 8639381.779, 119
Trd, 8639382.812, 110
Trd, 8639382.912, 116
Trd, 8639383.412, 123
Trd, 8639383.512, 101
Trd, 8639383.679, 100
Trd, 8639385.379, 140
Trd, 8639386.212, 136
Trd, 8639386.379, 140
Trd, 8639386.546, 132
Trd, 8639386.712, 116
Trd, 8639387.279, 138
Trd, 8639387.512, 124
Trd, 8639387.812, 122
Trd, 8639387.979, 111
Trd, 8639388.012, 108
Trd, 8639388.212, 116
Trd, 8639388.946, 139
Trd, 8639389.812, 106
Trd, 8639390.412, 140
Trd, 8639391.279, 140
Trd, 8639391.346, 140
Trd, 8639392.446, 139
Trd, 8639393.112, 133
Trd, 8639393.546, 133
Trd, 8639394.012, 138
Trd, 8639394.146, 94
Trd, 8639394.712, 76
Trd, 8639394.979, 133
Trd, 8639395.379, 88
Trd, 8639395.779, 118
Trd, 8639396.546, 118
Trd, 8639396.746, 114
Trd, 8639397.712, 102
Trd, 8639398.546, 112
Trd, 8639398.712, 113
Trd, 8639399.112, 140
Trd, 8639399.712, 134
Trd, 8639399.912, 111
Trd, 8639400.046, 136
Trd, 8639400.212, 126
Trd, 8639400.912, 102
Trd, 8639401.112, 98
Trd, 8639401.612, 97
Trd, 8639402.712, 108
Trd, 8639403.046, 108
Trd, 8639403.112, 98
Trd, 8639403.579, 140
Trd, 8639403.912, 104
Trd, 8639404.312, 139
Trd, 8639404.512, 99
Trd, 8639404.546, 98
Trd, 8639405.479, 98
Trd, 8639406.912, 122
Trd, 8639407.046, 121
Trd, 8639407.646, 140
Trd, 8639408.812, 111
Trd, 8639409.312, 112
Trd, 8639409.746, 109
Trd, 8639409.846, 108
Trd, 8639410.246, 108
Trd, 8639410.579, 88
Trd, 8639411.679, 107
Trd, 8639411.846, 107
Trd, 8639413.546, 140
Trd, 8639413.846, 140
Trd, 8639414.412, 139
Trd, 8639414.579, 128
Trd, 8639415.512, 122
Trd, 8639415.579, 118
Trd, 8639416.146, 140
Trd, 8639416.679, 140
Trd, 8639416.812, 139
Trd, 8639417.112, 130
Trd, 8639417.646, 106
Trd, 8639418.112, 91
Trd, 8639418.179, 85
Trd, 8639418.512, 83
Trd, 8639418.812, 79
Trd, 8639419.479, 64
Trd, 8639420.579, 77
Trd, 8639420.612, 97
Trd, 8639420.879, 75
Trd, 8639421.279, 62
Trd, 8639422.012, 90
Trd, 8639423.046, 107
Trd, 8639423.079, 106
Trd, 8639424.546, 121
Trd, 8639425.112, 87
Trd, 8639425.212, 131
Trd, 8639425.579, 63
Trd, 8639426.179, 78
Trd, 8639427.146, 77
Trd, 8639427.212, 77
Trd, 8639428.212, 139
Trd, 8639428.746, 139
Trd, 8639428.946, 138
Trd, 8639429.112, 133
Trd, 8639430.612, 131
Trd, 8639430.846, 129
Trd, 8639431.412, 112
Trd, 8639431.846, 109
Trd, 8639432.879, 139
Trd, 8639433.546, 106
Trd, 8639433.679, 120
Trd, 8639433.746, 106
Trd, 8639433.912, 98
Trd, 8639435.312, 62
Trd, 8639436.079, 90
Trd, 8639436.212, 113
Trd, 8639436.646, 125
Trd, 8639436.946, 77
Trd, 8639437.346, 82
Trd, 8639437.946, 105
Trd, 8639438.612, 115
Trd, 8639438.646, 99
Trd, 8639438.846, 125
Trd, 8639439.179, 95
Trd, 8639439.479, 95
Trd, 8639441.112, 131
Trd, 8639441.512, 130
Trd, 8639441.546, 129
Trd, 8639442.412, 136
Trd, 8639443.346, 130
Trd, 8639443.712, 131
Trd, 8639443.912, 134
Trd, 8639444.446, 130
Trd, 8639444.646, 130
Trd, 8639445.679, 140
Trd, 8639445.812, 140
Trd, 8639445.846, 134
Trd, 8639445.879, 133
Trd, 8639446.479, 137
Trd, 8639446.879, 140
Trd, 8639447.379, 135
Trd, 8639447.912, 114
Trd, 8639448.512, 139
Trd, 8639448.912, 134
Trd, 8639449.179, 140
Trd, 8639449.246, 139
Trd, 8639449.979, 127
Trd, 8639450.746, 135
Trd, 8639451.412, 135
Trd, 8639451.979, 135
Trd, 8639452.146, 134
Trd, 8639452.379, 130
Trd, 8639452.546, 134
Trd, 8639453.546, 126
Trd, 8639453.579, 124
Trd, 8639454.812, 115
Trd, 8639455.179, 113
Trd, 8639455.212, 110
Trd, 8639455.246, 122
Trd, 8639455.279, 102
Trd, 8639455.346, 132
Trd, 8639456.212, 117
Trd, 8639456.946, 101
Trd, 8639456.979, 101
Trd, 8639457.679, 100
Trd, 8639458.012, 102
Trd, 8639458.712, 140
Trd, 8639459.579, 140
Trd, 8639459.779, 138
Trd, 8639459.846, 137
Trd, 8639460.446, 133
Trd, 8639461.746, 107
Trd, 8639462.112, 108
Trd, 8639462.412, 107
Trd, 8639463.012, 126
Trd, 8639463.746, 111
Trd, 8639463.812, 105
Trd, 8639464.179, 138
Trd, 8639464.946, 140
Trd, 8639465.646, 140
Trd, 8639465.846, 140
Trd, 8639466.246, 139
Trd, 8639466.979, 139
Trd, 8639467.012, 139
Trd, 8639467.746, 133
Trd, 8639468.046, 132
Trd, 8639468.879, 113
Trd, 8639469.146, 109
Trd, 8639469.746, 110
Trd, 8639470.479, 113
Trd, 8639471.012, 113
Trd, 8639471.046, 110
Trd, 8639471.279, 111
Trd, 8639471.412, 136
Trd, 8639471.912, 120
Trd, 8639472.112, 137
Trd, 8639472.479, 139
Trd, 8639472.512, 109
Trd, 8639472.646, 102
Trd, 8639474.112, 97
Trd, 8639474.312, 96
Trd, 8639474.379, 137
Trd, 8639474.679, 96
Trd, 8639475.212, 103
Trd, 8639475.612, 105
Trd, 8639475.679, 138
Trd, 8639475.812, 91
Trd, 8639477.579, 140
Trd, 8639477.679, 88
Trd, 8639478.279, 97
Trd, 8639479.079, 78
Trd, 8639479.112, 77
Trd, 8639480.646, 139
Trd, 8639481.046, 138
Trd, 8639481.812, 140
Trd, 8639481.879, 140
Trd, 8639482.279, 136
Trd, 8639482.379, 136
Trd, 8639482.912, 125
Trd, 8639482.946, 114
Trd, 8639483.179, 137
Trd, 8639483.479, 120
Trd, 8639484.046, 116
Trd, 8639485.146, 115
Trd, 8639485.679, 125
Trd, 8639485.946, 122
Trd, 8639486.046, 113
Trd, 8639486.179, 112
Trd, 8639486.612, 140
Trd, 8639487.346, 128
Trd, 8639488.212, 137
Trd, 8639488.712, 139
Trd, 8639488.979, 136
Trd, 8639489.312, 140
Trd, 8639490.212, 140
Trd, 8639490.712, 140
Trd, 8639491.046, 139
Trd, 8639491.412, 138
Trd, 8639492.212, 120
Trd, 8639492.679, 122
Trd, 8639492.846, 121
Trd, 8639492.912, 120
Trd, 8639493.446, 110
Trd, 8639494.079, 109
Trd, 8639495.346, 140
Trd, 8639495.879, 140
Trd, 8639496.046, 140
Trd, 8639496.246, 140
Trd, 8639496.746, 140
Trd, 8639496.979, 139
Trd, 8639497.312, 133
Trd, 8639497.512, 124
Trd, 8639498.012, 136
Trd, 8639498.512, 113
Trd, 8639498.679, 112
Trd, 8639499.212, 111
Trd, 8639499.546, 108
Trd, 8639499.779, 113
Trd, 8639500.012, 137
Trd, 8639500.579, 139
Trd, 8639501.379, 127
Trd, 8639502.146, 133
Trd, 8639502.746, 118
Trd, 8639502.879, 116
Trd, 8639502.979, 114
Trd, 8639503.346, 113
Trd, 8639503.746, 140
Trd, 8639504.546, 106
Trd, 8639504.646, 106
Trd, 8639504.846, 131
Trd, 8639505.679, 106
Trd, 8639505.779, 94
Trd, 8639506.112, 91
Trd, 8639506.746, 132
Trd, 8639507.112, 132
Trd, 8639507.312, 115
Trd, 8639507.546, 114
Trd, 8639508.812, 139
Trd, 8639508.879, 133
Trd, 8639509.112, 106
Trd, 8639509.612, 95
Trd, 8639509.746, 86
Trd, 8639510.846, 140
Trd, 8639511.412, 137
Trd, 8639511.879, 135
Trd, 8639512.112, 135
Trd, 8639512.679, 127
Trd, 8639513.146, 140
Trd, 8639514.012, 133
Trd, 8639514.779, 128
Trd, 8639515.612, 128
Trd, 8639515.712, 127
Trd, 8639516.412, 140
Trd, 8639516.712, 140
Trd, 8639517.212, 139
Trd, 8639517.379, 133
Trd, 8639517.412, 129
Trd, 8639517.912, 129
Trd, 8639518.246, 126
Trd, 8639518.412, 125
Trd, 8639518.546, 113
Trd, 8639518.646, 106
Trd, 8639519.512, 136
Trd, 8639521.046, 140
Trd, 8639521.179, 139
Trd, 8639521.446, 139
Trd, 8639521.546, 131
Trd, 8639521.646, 126
Trd, 8639522.379, 127
Trd, 8639523.579, 128
Trd, 8639523.779, 127
Trd, 8639524.146, 114
Trd, 8639524.412, 113
Trd, 8639524.579, 113
Trd, 8639525.079, 139
Trd, 8639525.112, 122
Trd, 8639526.512, 99
Trd, 8639526.546, 106
Trd, 8639527.279, 97
Trd, 8639527.479, 92
Trd, 8639528.546, 140
Trd, 8639528.646, 138
Trd, 8639529.646, 131
Trd, 8639529.679, 129
Trd, 8639530.079, 134
Trd, 8639530.279, 127
Trd, 8639531.012, 127
Trd, 8639531.679, 140
Trd, 8639531.979, 140
Trd, 8639532.679, 127
Trd, 8639532.946, 126
Trd, 8639533.179, 111
Trd, 8639533.346, 104
Trd, 8639534.879, 118
Trd, 8639535.046, 99
Trd, 8639535.312, 96
Trd, 8639535.446, 96
Trd, 8639535.912, 140
Trd, 8639536.146, 140
Trd, 8639536.212, 139
Trd, 8639537.312, 140
Trd, 8639537.612, 140
Trd, 8639537.879, 140
Trd, 8639538.046, 138
Trd, 8639538.679, 135
Trd, 8639540.412, 140
Trd, 8639540.546, 118
Trd, 8639540.612, 117
Trd, 8639540.812, 107
Trd, 8639542.279, 139
Trd, 8639542.312, 133
Trd, 8639542.679, 134
Trd, 8639543.579, 129
Trd, 8639543.979, 124
Trd, 8639545.712, 133
Trd, 8639546.179, 133
Trd, 8639546.379, 131
Trd, 8639546.479, 128
Trd, 8639546.912, 140
Trd, 8639546.979, 131
Trd, 8639547.012, 127
Trd, 8639547.946, 132
Trd, 8639548.112, 131
Trd, 8639548.646, 131
Trd, 8639548.746, 134
Trd, 8639549.312, 131
Trd, 8639550.179, 139
Trd, 8639550.379, 139
Trd, 8639550.446, 129
Trd, 8639551.046, 104
Trd, 8639551.479, 81
Trd, 8639551.812, 98
Trd, 8639552.312, 136
Trd, 8639552.779, 139
Trd, 8639552.979, 136
Trd, 8639553.479, 135
Trd, 8639554.112, 120
Trd, 8639554.979, 125
Trd, 8639555.379, 118
Trd, 8639555.412, 113
Trd, 8639555.979, 107
Trd, 8639556.546, 140
Trd, 8639556.779, 137
Trd, 8639557.579, 136
Trd, 8639557.646, 135
Trd, 8639557.946, 133
Trd, 8639558.279, 114
Trd, 8639559.179, 114
Trd, 8639560.612, 138
Trd, 8639560.946, 137
Trd, 8639561.179, 137
Trd, 8639562.179, 136
Trd, 8639562.246, 140
Trd, 8639562.546, 131
Trd, 8639562.646, 118
Trd, 8639563.479, 140
Trd, 8639564.146, 140
Trd, 8639564.579, 140
Trd, 8639565.979, 140
Trd, 8639566.812, 140
Trd, 8639567.046, 136
Trd, 8639567.512, 127
Trd, 8639567.679, 125
Trd, 8639567.779, 123
Trd, 8639567.912, 121
Trd, 8639569.179, 83
Trd, 8639569.579, 118
Trd, 8639569.979, 116
Trd, 8639570.046, 129
Trd, 8639570.312, 100
Trd, 8639570.346, 99
Trd, 8639571.446, 140
Trd, 8639571.612, 68
Trd, 8639572.412, 138
Trd, 8639572.546, 137
Trd, 8639573.379, 106
Trd, 8639575.279, 65
Trd, 8639575.312, 66
Trd, 8639575.779, 111
Trd, 8639576.546, 70
Trd, 8639576.579, 88
Trd, 8639577.012, 72
Trd, 8639577.079, 80
Trd, 8639577.646, 112
Trd, 8639577.746, 111
Trd, 8639579.279, 127
Trd, 8639579.312, 112
Trd, 8639579.412, 110
Trd, 8639580.479, 117
Trd, 8639580.579, 113
Trd, 8639580.746, 112
Trd, 8639580.779, 106
Trd, 8639582.346, 128
Trd, 8639582.779, 132
Trd, 8639584.179, 137
Trd, 8639584.512, 140
Trd, 8639585.246, 140
Trd, 8639585.279, 139
Trd, 8639586.112, 138
Trd, 8639586.212, 137
Trd, 8639586.512, 138
Trd, 8639587.279, 140
Trd, 8639587.979, 140
Trd, 8639588.579, 140
Trd, 8639588.612, 138
Trd, 8639589.479, 113
Trd, 8639589.712, 113
Trd, 8639589.912, 112
Trd, 8639591.279, 119
Trd, 8639591.379, 117
Trd, 8639591.746, 115
Trd, 8639592.746, 98
Trd, 8639593.079, 92
Trd, 8639593.412, 103
Trd, 8639594.246, 140
Trd, 8639595.079, 139
Trd, 8639595.346, 117
Trd, 8639595.612, 140
Trd, 8639595.712, 138
Trd, 8639596.079, 135
Trd, 8639596.112, 134
Trd, 8639596.746, 134
Trd, 8639596.979, 123
Trd, 8639598.046, 105
Trd, 8639598.079, 103
Trd, 8639598.646, 140
Trd, 8639598.679, 96
Trd, 8639598.946, 96
Trd, 8639599.346, 99
Trd, 8639600.446, 96
Trd, 8639600.512, 89
Trd, 8639600.846, 127
Trd, 8639600.912, 110
Trd, 8639601.779, 136
Trd, 8639602.179, 108
Trd, 8639602.379, 107
Trd, 8639602.512, 107
Trd, 8639603.012, 107
Trd, 8639604.279, 106
Trd, 8639604.812, 98
Trd, 8639605.012, 125
Trd, 8639605.246, 139
Trd, 8639606.246, 120
Trd, 8639606.479, 96
Trd, 8639606.812, 96
Trd, 8639607.412, 102
Trd, 8639607.479, 97
Trd, 8639607.712, 92
Trd, 8639609.179, 84
Trd, 8639609.446, 95
Trd, 8639610.412, 80
Trd, 8639610.646, 104
Trd, 8639610.746, 79
Trd, 8639611.779, 140
Trd, 8639611.812, 139
Trd, 8639613.212, 136
Trd, 8639613.279, 136
Trd, 8639613.546, 136
Trd, 8639613.812, 133
Trd, 8639614.546, 139
Trd, 8639614.946, 125
Trd, 8639615.412, 120
Trd, 8639615.879, 118
Trd, 8639616.112, 117
Trd, 8639616.912, 110
Trd, 8639617.446, 109
Trd, 8639618.179, 138
Trd, 8639620.146, 134
Trd, 8639620.379, 135
Trd, 8639620.446, 134
Trd, 8639621.646, 139
Trd, 8639621.746, 139
Trd, 8639622.012, 134
Trd, 8639622.146, 129
Trd, 8639622.579, 140
Trd, 8639622.979, 140
Trd, 8639623.312, 122
Trd, 8639623.412, 114
Trd, 8639623.546, 104
Trd, 8639623.812, 105
Trd, 8639625.512, 140
Trd, 8639625.646, 134
Trd, 8639626.379, 126
Trd, 8639626.646, 125
Trd, 8639627.612, 140
Trd, 8639627.779, 140
Trd, 8639627.879, 140
Trd, 8639628.279, 140
Trd, 8639628.312, 139
Trd, 8639629.112, 133
Trd, 8639630.079, 140
Trd, 8639630.212, 132
Trd, 8639630.246, 116
Trd, 8639630.679, 112
Trd, 8639631.512, 140
Trd, 8639632.446, 140
Trd, 8639632.546, 139
Trd, 8639632.612, 140
Trd, 8639632.646, 139
Trd, 8639633.246, 140
Trd, 8639633.979, 140
Trd, 8639634.112, 136
Trd, 8639635.412, 139
Trd, 8639635.446, 138
Trd, 8639635.812, 131
Trd, 8639637.546, 131
Trd, 8639637.612, 131
Trd, 8639638.046, 131
Trd, 8639638.279, 130
Trd, 8639638.379, 126
Trd, 8639639.446, 140
Trd, 8639639.679, 140
Trd, 8639639.712, 139
Trd, 8639639.879, 124
Trd, 8639640.646, 118
Trd, 8639641.479, 132
Trd, 8639642.146, 132
Trd, 8639642.412, 132
Trd, 8639642.646, 131
Trd, 8639642.912, 140
Trd, 8639643.146, 122
Trd, 8639643.612, 116
Trd, 8639644.612, 138
Trd, 8639644.879, 131
Trd, 8639644.912, 130
Trd, 8639646.612, 123
Trd, 8639646.646, 122
Trd, 8639646.779, 108
Trd, 8639646.946, 107
Trd, 8639647.112, 106
Trd, 8639647.279, 137
Trd, 8639648.046, 137
Trd, 8639648.846, 125
Trd, 8639650.212, 114
Trd, 8639650.379, 139
Trd, 8639651.379, 133
Trd, 8639651.912, 140
Trd, 8639651.979, 139
Trd, 8639652.146, 133
Trd, 8639652.179, 132
Trd, 8639652.212, 129
Trd, 8639652.846, 139
Trd, 8639652.979, 114
Trd, 8639653.946, 128
Trd, 8639654.112, 127
Trd, 8639654.779, 139
Trd, 8639655.112, 139
Trd, 8639656.179, 140
Trd, 8639656.379, 140
Trd, 8639656.579, 139
Trd, 8639658.646, 140
Trd, 8639659.379, 140
Trd, 8639659.512, 139
Trd, 8639659.612, 137
Trd, 8639659.946, 128
Trd, 8639660.112, 119
Trd, 8639660.179, 118
Trd, 8639660.546, 110
Trd, 8639660.846, 122
Trd, 8639661.746, 132
Trd, 8639662.612, 103
Trd, 8639662.746, 140
Trd, 8639663.112, 103
Trd, 8639663.779, 126
Trd, 8639664.346, 136
Trd, 8639665.412, 139
Trd, 8639665.546, 126
Trd, 8639665.746, 121
Trd, 8639665.912, 122
Trd, 8639666.046, 119
Trd, 8639666.746, 132
Trd, 8639667.212, 100
Trd, 8639667.346, 100
Trd, 8639667.479, 88
Trd, 8639668.246, 92
Trd, 8639670.312, 122
Trd, 8639670.646, 121
Trd, 8639671.012, 140
Trd, 8639671.846, 123
Trd, 8639672.146, 122
Trd, 8639673.346, 139
Trd, 8639674.246, 137
Trd, 8639674.279, 133
Trd, 8639674.379, 131
Trd, 8639674.479, 117
Trd, 8639674.546, 115
Trd, 8639675.346, 129
Trd, 8639675.579, 115
Trd, 8639676.079, 140
Trd, 8639676.612, 140
Trd, 8639677.012, 138
Trd, 8639677.612, 133
Trd, 8639677.946, 127
Trd, 8639678.379, 124
Trd, 8639678.412, 114
Trd, 8639679.912, 115
Trd, 8639679.946, 114
Trd, 8639679.979, 116
Trd, 8639680.712, 112
Trd, 8639681.146, 105
Trd, 8639681.246, 95
Trd, 8639681.679, 121
Trd, 8639682.346, 139
Trd, 8639682.779, 139
Trd, 8639683.379, 138
Trd, 8639683.546, 117
Trd, 8639684.346, 138
Trd, 8639684.412, 137
Trd, 8639684.979, 140
Trd, 8639685.379, 140
Trd, 8639686.212, 140
Trd, 8639687.046, 138
Trd, 8639687.479, 133
Trd, 8639687.546, 133
Trd, 8639687.646, 124
Trd, 8639687.912, 107
Trd, 8639687.946, 106
Trd, 8639688.746, 139
Trd, 8639688.946, 135
Trd, 8639689.979, 140
Trd, 8639690.346, 140
Trd, 8639690.446, 137
Trd, 8639691.679, 129
Trd, 8639691.846, 128
Trd, 8639691.912, 123
Trd, 8639692.046, 122
Trd, 8639692.579, 123
Trd, 8639693.212, 122
Trd, 8639693.246, 117
Trd, 8639694.112, 140
Trd, 8639694.312, 136
Trd, 8639695.112, 136
Trd, 8639696.646, 140
Trd, 8639696.812, 140
Trd, 8639696.912, 138
Trd, 8639697.346, 139
Trd, 8639697.479, 114
Trd, 8639698.279, 139
Trd, 8639698.712, 128
Trd, 8639699.146, 125
Trd, 8639699.312, 117
Trd, 8639699.646, 136
Trd, 8639700.112, 134
Trd, 8639700.579, 138
Trd, 8639700.779, 131
Trd, 8639701.579, 140
Trd, 8639701.746, 133
Trd, 8639702.046, 139
Trd, 8639702.846, 104
Trd, 8639703.979, 128
Trd, 8639704.279, 133
Trd, 8639704.546, 127
Trd, 8639705.712, 140
Trd, 8639706.246, 137
Trd, 8639706.379, 137
Trd, 8639706.812, 140
Trd, 8639706.946, 133
Trd, 8639708.212, 128
Trd, 8639708.412, 127
Trd, 8639708.879, 132
Trd, 8639709.179, 136
Trd, 8639709.546, 135
Trd, 8639711.379, 139
Trd, 8639712.312, 137
Trd, 8639712.446, 137
Trd, 8639712.479, 136
Trd, 8639712.512, 132
Trd, 8639712.812, 128
Trd, 8639713.612, 138
Trd, 8639713.746, 137
Trd, 8639714.446, 113
Trd, 8639715.112, 134
Trd, 8639715.779, 139
Trd, 8639716.312, 138
Trd, 8639716.679, 137
Trd, 8639717.112, 115
Trd, 8639717.579, 114
Trd, 8639717.979, 105
Trd, 8639718.012, 96
Trd, 8639718.446, 140
Trd, 8639718.512, 132
Trd, 8639718.912, 91
Trd, 8639721.479, 140
Trd, 8639721.612, 140
Trd, 8639721.779, 139
Trd, 8639722.779, 140
Trd, 8639723.012, 140
Trd, 8639723.312, 139
Trd, 8639723.512, 137
Trd, 8639723.546, 118
Trd, 8639724.112, 100
Trd, 8639724.479, 138
Trd, 8639725.112, 139
Trd, 8639725.912, 101
Trd, 8639726.279, 102
Trd, 8639727.146, 140
Trd, 8639727.346, 140
Trd, 8639728.379, 104
Trd, 8639728.846, 139
Trd, 8639728.912, 130
Trd, 8639728.946, 104
Trd, 8639729.112, 103
Trd, 8639730.379, 91
Trd, 8639730.912, 91
Trd, 8639731.012, 106
Trd, 8639731.746, 89
Trd, 8639731.946, 103
Trd, 8639732.312, 121
Trd, 8639732.646, 108
Trd, 8639733.112, 104
Trd, 8639733.379, 102
Trd, 8639733.512, 101
Trd, 8639734.146, 140
Trd, 8639737.246, 60
Trd, 8639737.846, 67
Trd, 8639738.146, 80
Trd, 8639738.179, 118
Trd, 8639739.179, 89
Trd, 8639739.579, 87
Trd, 8639739.979, 87
Trd, 8639741.479, 140
Trd, 8639741.579, 140
Trd, 8639741.846, 140
Trd, 8639742.446, 139
Trd, 8639742.546, 138
Trd, 8639743.212, 138
Trd, 8639744.246, 120
Trd, 8639744.379, 117
Trd, 8639745.079, 140
Trd, 8639745.246, 135
Trd, 8639746.046, 117
Trd, 8639746.079, 131
Trd, 8639746.112, 116
Trd, 8639746.646, 124
Trd, 8639746.712, 114
Trd, 8639746.812, 125
Trd, 8639747.679, 140
Trd, 8639748.446, 140
Trd, 8639748.712, 108
Trd, 8639749.112, 110
Trd, 8639749.146, 108
Trd, 8639749.679, 140
Trd, 8639749.779, 140
Trd, 8639750.479, 109
Trd, 8639750.746, 112
Trd, 8639752.212, 130
Trd, 8639753.179, 140
Trd, 8639754.046, 120
Trd, 8639755.512, 124
Trd, 8639755.679, 130
Trd, 8639756.146, 140
Trd, 8639756.512, 138
Trd, 8639757.046, 123
Trd, 8639757.446, 122
Trd, 8639757.679, 121
Trd, 8639757.746, 118
Trd, 8639758.346, 134
Trd, 8639758.512, 101
Trd, 8639760.279, 138
Trd, 8639760.446, 138
Trd, 8639761.046, 138
Trd, 8639761.346, 137
Trd, 8639761.446, 137
Trd, 8639761.679, 140
Trd, 8639762.046, 135
Trd, 8639762.179, 132
Trd, 8639762.279, 115
Trd, 8639762.446, 122
Trd, 8639762.779, 140
Trd, 8639762.912, 115
Trd, 8639763.012, 112
Trd, 8639763.579, 107
Trd, 8639763.912, 106
Trd, 8639764.546, 103
Trd, 8639764.812, 91
Trd, 8639766.912, 132
Trd, 8639767.379, 123
Trd, 8639767.546, 86
Trd, 8639768.212, 98
Trd, 8639768.846, 98
Trd, 8639769.446, 137
Trd, 8639769.879, 137
Trd, 8639770.146, 137
Trd, 8639770.346, 136
Trd, 8639770.879, 132
Trd, 8639770.912, 115
Trd, 8639771.446, 140
Trd, 8639772.379, 140
Trd, 8639772.612, 134
Trd, 8639772.679, 132
Trd, 8639773.046, 131
Trd, 8639774.046, 140
Trd, 8639774.179, 139
Trd, 8639774.346, 113
Trd, 8639775.446, 102
Trd, 8639776.112, 121
Trd, 8639776.246, 117
Trd, 8639776.846, 116
Trd, 8639777.846, 136
Trd, 8639779.979, 137
Trd, 8639780.179, 137
Trd, 8639780.546, 136
Trd, 8639780.612, 135
Trd, 8639780.946, 140
Trd, 8639781.979, 140
Trd, 8639782.146, 139
Trd, 8639782.212, 131
Trd, 8639782.446, 137
Trd, 8639782.912, 130
Trd, 8639783.146, 140
Trd, 8639783.279, 116
Trd, 8639783.312, 115
Trd, 8639783.879, 131
Trd, 8639784.179, 99
Trd, 8639786.046, 101
Trd, 8639786.246, 102
Trd, 8639786.446, 101
Trd, 8639787.012, 102
Trd, 8639787.179, 102
Trd, 8639787.379, 102
Trd, 8639787.579, 101
Trd, 8639788.146, 86
Trd, 8639788.512, 115
Trd, 8639789.412, 95
Trd, 8639790.012, 101
Trd, 8639790.179, 119
Trd, 8639791.146, 134
Trd, 8639792.046, 102
Trd, 8639792.679, 78
Trd, 8639795.146, 140
Trd, 8639795.246, 140
Trd, 8639795.312, 140
Trd, 8639796.546, 134
Trd, 8639796.746, 130
Trd, 8639796.879, 130
Trd, 8639797.312, 129
Trd, 8639798.012, 133
Trd, 8639798.912, 134
Trd, 8639799.579, 137
Trd, 8639799.812, 126
Trd, 8639800.012, 124
Trd, 8639800.079, 123
Trd, 8639801.112, 84
Trd, 8639801.646, 65
Trd, 8639802.179, 70
Trd, 8639802.379, 124
Trd, 8639802.546, 79
Trd, 8639803.312, 63
Trd, 8639804.446, 86
Trd, 8639804.512, 85
Trd, 8639805.246, 78
Trd, 8639805.946, 140
Trd, 8639806.279, 139
Trd, 8639806.512, 128
Trd, 8639806.612, 100
Trd, 8639806.812, 85
Trd, 8639808.046, 140
Trd, 8639808.446, 139
Trd, 8639809.446, 140
Trd, 8639809.612, 140
Trd, 8639809.912, 138
Trd, 8639810.346, 137
Trd, 8639811.179, 138
Trd, 8639811.512, 134
Trd, 8639812.146, 133
Trd, 8639812.246, 139
Trd, 8639812.346, 133
Trd, 8639812.446, 128
Trd, 8639813.246, 114
Trd, 8639813.412, 109
Trd, 8639813.679, 135
Trd, 8639814.479, 124
Trd, 8639815.379, 130
Trd, 8639815.879, 111
Trd, 8639815.979, 108
Trd, 8639816.279, 107
Trd, 8639816.446, 106
Trd, 8639816.679, 140
Trd, 8639816.946, 140
Trd, 8639817.279, 105
Trd, 8639818.179, 131
Trd, 8639818.546, 129
Trd, 8639818.912, 126
Trd, 8639819.712, 140
Trd, 8639820.346, 125
Trd, 8639820.412, 124
Trd, 8639821.579, 140
Trd, 8639822.079, 138
Trd, 8639822.746, 123
Trd, 8639823.112, 115
Trd, 8639823.179, 133
Trd, 8639824.279, 140
Trd, 8639824.579, 117
Trd, 8639825.246, 140
Trd, 8639825.646, 129
Trd, 8639826.246, 140
Trd, 8639826.346, 140
Trd, 8639826.412, 137
Trd, 8639826.479, 128
Trd, 8639827.912, 110
Trd, 8639828.146, 112
Trd, 8639828.412, 112
Trd, 8639828.779, 110
Trd, 8639829.712, 139
Trd, 8639829.879, 118
Trd, 8639830.512, 117
Trd, 8639831.179, 126
Trd, 8639831.512, 106
Trd, 8639831.646, 131
Trd, 8639831.679, 94
Trd, 8639832.879, 109
Trd, 8639833.312, 111
Trd, 8639833.379, 117
Trd, 8639833.912, 138
Trd, 8639835.112, 139
Trd, 8639835.712, 139
Trd, 8639836.012, 139
Trd, 8639836.779, 139
Trd, 8639837.746, 140
Trd, 8639837.979, 140
Trd, 8639839.346, 140
Trd, 8639840.346, 140
Trd, 8639840.446, 139
Trd, 8639840.746, 138
Trd, 8639841.012, 140
Trd, 8639841.412, 140
Trd, 8639841.479, 140
Trd, 8639841.546, 138
Trd, 8639842.112, 133
Trd, 8639842.479, 129
Trd, 8639843.246, 140
Trd, 8639844.612, 134
Trd, 8639844.812, 112
Trd, 8639844.979, 109
Trd, 8639845.412, 109
Trd, 8639846.012, 137
Trd, 8639846.779, 137
Trd, 8639847.012, 131
Trd, 8639847.079, 128
Trd, 8639847.112, 121
Trd, 8639847.446, 107
Trd, 8639847.812, 132
Trd, 8639848.479, 136
Trd, 8639848.612, 122
Trd, 8639848.879, 116
Trd, 8639849.846, 122
Trd, 8639850.846, 140
Trd, 8639851.079, 139
Trd, 8639851.146, 138
Trd, 8639852.112, 140
Trd, 8639852.279, 139
Trd, 8639853.146, 138
Trd, 8639853.546, 137
Trd, 8639853.612, 137
Trd, 8639853.812, 135
Trd, 8639853.979, 130
Trd, 8639854.112, 117
Trd, 8639855.346, 139
Trd, 8639856.212, 131
Trd, 8639856.346, 128
Trd, 8639856.446, 128
Trd, 8639856.612, 114
Trd, 8639857.179, 115
Trd, 8639857.479, 114
Trd, 8639858.446, 111
Trd, 8639858.612, 138
Trd, 8639858.846, 109
Trd, 8639860.546, 111
Trd, 8639861.679, 140
Trd, 8639861.812, 139
Trd, 8639862.979, 139
Trd, 8639863.012, 139
Trd, 8639863.046, 137
Trd, 8639863.812, 140
Trd, 8639864.279, 140
Trd, 8639864.579, 140
Trd, 8639866.079, 135
Trd, 8639867.679, 140
Trd, 8639867.746, 138
Trd, 8639867.779, 137
Trd, 8639867.946, 133
Trd, 8639868.212, 126
Trd, 8639869.346, 140
Trd, 8639869.812, 135
Trd, 8639870.212, 131
Trd, 8639870.446, 126
Trd, 8639870.512, 106
Trd, 8639870.812, 104
Trd, 8639870.912, 103
Trd, 8639871.112, 85
Trd, 8639871.179, 83
Trd, 8639872.612, 64
Trd, 8639872.712, 87
Trd, 8639873.446, 62
Trd, 8639873.579, 61
Trd, 8639873.812, 63
Trd, 8639874.312, 66
Trd, 8639874.946, 100
Trd, 8639875.279, 122
Trd, 8639876.079, 88
Trd, 8639876.712, 113
Trd, 8639877.612, 96
Trd, 8639877.646, 114
Trd, 8639878.112, 96
Trd, 8639878.312, 95
Trd, 8639878.346, 94
Trd, 8639878.879, 116
Trd, 8639878.946, 86
Trd, 8639879.879, 83
Trd, 8639880.412, 66
Trd, 8639880.546, 61
Trd, 8639881.079, 95
Trd, 8639881.246, 140
Trd, 8639882.146, 92
Trd, 8639883.012, 81
Trd, 8639884.012, 84
Trd, 8639884.079, 108
Trd, 8639884.312, 126
Trd, 8639884.846, 125
Trd, 8639885.479, 70
Trd, 8639885.679, 140
Trd, 8639886.446, 140
Trd, 8639886.912, 140
Trd, 8639887.212, 135
Trd, 8639887.246, 134
Trd, 8639887.312, 133
Trd, 8639887.779, 131
Trd, 8639888.579, 131
Trd, 8639888.646, 109
Trd, 8639889.046, 118
Trd, 8639889.812, 100
Trd, 8639890.112, 88
Trd, 8639890.812, 88
Trd, 8639890.879, 88
Trd, 8639891.579, 66
Trd, 8639891.779, 71
Trd, 8639892.112, 69
Trd, 8639892.912, 101
Trd, 8639893.079, 136
Trd, 8639893.912, 95
Trd, 8639894.512, 78
Trd, 8639894.846, 138
Trd, 8639895.212, 80
Trd, 8639895.712, 61
Trd, 8639896.112, 136
Trd, 8639896.146, 127
Trd, 8639897.646, 94
Trd, 8639898.546, 64
Trd, 8639898.846, 76
Trd, 8639899.846, 132
Trd, 8639899.946, 107
Trd, 8639900.446, 106
Trd, 8639900.879, 131
Trd, 8639901.246, 106
Trd, 8639902.512, 105
Trd, 8639902.646, 104
Trd, 8639902.979, 102
Trd, 8639903.012, 101
Trd, 8639903.279, 134
Trd, 8639903.646, 140
Trd, 8639904.979, 140
Trd, 8639905.346, 140
Trd, 8639905.746, 140
Trd, 8639905.812, 133
Trd, 8639906.279, 107
Trd, 8639907.112, 134
Trd, 8639907.246, 107
Trd, 8639907.612, 107
Trd, 8639907.979, 96
Trd, 8639908.246, 113
Trd, 8639908.746, 89
Trd, 8639909.779, 134
Trd, 8639911.046, 109
Trd, 8639911.212, 119
Trd, 8639911.979, 116
Trd, 8639912.279, 118
Trd, 8639912.446, 120
Trd, 8639912.712, 117
Trd, 8639913.346, 140
Trd, 8639913.646, 133
Trd, 8639914.179, 112
Trd, 8639914.346, 111
Trd, 8639914.379, 106
Trd, 8639915.479, 119
Trd, 8639915.546, 119
Trd, 8639916.112, 95
Trd, 8639916.679, 133
Trd, 8639916.979, 99
Trd, 8639917.412, 99
Trd, 8639917.779, 139
Trd, 8639918.679, 138
Trd, 8639918.979, 138
Trd, 8639919.412, 137
Trd, 8639919.446, 132
Trd, 8639920.212, 124
Trd, 8639921.012, 123
Trd, 8639921.379, 115
Trd, 8639921.712, 111
Trd, 8639922.112, 125
Trd, 8639922.979, 136
Trd, 8639923.179, 136
Trd, 8639923.512, 123
Trd, 8639923.646, 115
Trd, 8639924.646, 140
Trd, 8639924.812, 138
Trd, 8639926.179, 140
Trd, 8639926.279, 138
Trd, 8639926.379, 119
Trd, 8639926.479, 119
Trd, 8639927.879, 137
Trd, 8639928.012, 135
Trd, 8639928.079, 135
Trd, 8639929.012, 138
Trd, 8639929.912, 140
Trd, 8639930.179, 127
Trd, 8639930.446, 113
Trd, 8639930.679, 131
Trd, 8639931.246, 136
Trd, 8639932.212, 127
Trd, 8639932.479, 126
Trd, 8639932.946, 107
Trd, 8639933.479, 105
Trd, 8639933.712, 106
Trd, 8639934.046, 104
Trd, 8639934.446, 102
Trd, 8639935.312, 99
Trd, 8639935.579, 98
Trd, 8639935.612, 97
Trd, 8639936.079, 128
Trd, 8639936.179, 122
Trd, 8639936.512, 97
Trd, 8639937.046, 100
Trd, 8639937.546, 117
Trd, 8639937.579, 128
Trd, 8639937.846, 84
Trd, 8639938.546, 80
Trd, 8639939.312, 137
Trd, 8639939.679, 128
Trd, 8639940.012, 127
Trd, 8639941.146, 129
Trd, 8639941.812, 128
Trd, 8639942.146, 138
Trd, 8639942.746, 138
Trd, 8639943.079, 138
Trd, 8639943.246, 138
Trd, 8639944.346, 138
Trd, 8639944.479, 138
Trd, 8639944.512, 137
Trd, 8639944.912, 133
Trd, 8639945.112, 127
Trd, 8639945.712, 126
Trd, 8639945.746, 120
Trd, 8639945.946, 114
Trd, 8639947.579, 111
Trd, 8639948.146, 139
Trd, 8639948.579, 114
Trd, 8639948.746, 102
Trd, 8639949.079, 140
Trd, 8639949.346, 125
Trd, 8639950.279, 112
Trd, 8639951.112, 134
Trd, 8639951.246, 127
Trd, 8639951.446, 119
Trd, 8639952.412, 132
Trd, 8639952.779, 140
Trd, 8639952.912, 138
Trd, 8639953.112, 131
Trd, 8639953.479, 131
Trd, 8639954.012, 128
Trd, 8639954.112, 113
Trd, 8639955.546, 89
Trd, 8639955.879, 94
Trd, 8639956.679, 115
Trd, 8639957.079, 101
Trd, 8639957.712, 102
Trd, 8639957.779, 102
Trd, 8639957.946, 102
Trd, 8639958.179, 102
Trd, 8639958.612, 101
Trd, 8639960.379, 140
Trd, 8639960.412, 140
Trd, 8639960.679, 140
Trd, 8639961.179, 139
Trd, 8639961.646, 140
Trd, 8639961.846, 140
Trd, 8639962.379, 140
Trd, 8639962.546, 137
Trd, 8639963.046, 129
Trd, 8639963.712, 128
Trd, 8639964.779, 121
Trd, 8639964.946, 140
Trd, 8639965.812, 140
Trd, 8639966.212, 139
Trd, 8639967.112, 132
Trd, 8639967.579, 114
Trd, 8639967.646, 111
Trd, 8639967.712, 105
Trd, 8639968.479, 132
Trd, 8639968.912, 139
Trd, 8639969.012, 139
Trd, 8639969.179, 127
Trd, 8639969.646, 133
Trd, 8639970.212, 134
Trd, 8639970.479, 133
Trd, 8639970.679, 139
Trd, 8639971.212, 137
Trd, 8639971.246, 131
Trd, 8639971.612, 111
Trd, 8639971.712, 105
Trd, 8639973.279, 103
Trd, 8639973.979, 124
Trd, 8639974.112, 123
Trd, 8639974.746, 108
Trd, 8639975.046, 106
Trd, 8639975.346, 104
Trd, 8639975.679, 100
Trd, 8639976.512, 130
Trd, 8639977.279, 124
Trd, 8639977.912, 131
Trd, 8639977.979, 130
Trd, 8639978.046, 123
Trd, 8639978.246, 136
Trd, 8639979.079, 140
Trd, 8639979.112, 124
Trd, 8639979.979, 114
Trd, 8639980.579, 106
Trd, 8639981.279, 122
Trd, 8639982.612, 139
Trd, 8639982.812, 140
Trd, 8639983.079, 139
Trd, 8639983.312, 138
Trd, 8639983.446, 138
Trd, 8639983.712, 133
Trd, 8639984.012, 130
Trd, 8639985.246, 116
Trd, 8639985.746, 139
Trd, 8639986.079, 136
Trd, 8639986.646, 135
Trd, 8639986.946, 132
Trd, 8639987.579, 131
Trd, 8639987.712, 126
Trd, 8639988.046, 116
Trd, 8639989.012, 131
Trd, 8639989.179, 118
Trd, 8639989.512, 138
Trd, 8639989.746, 119
Trd, 8639990.012, 103
Trd, 8639991.246, 102
Trd, 8639991.912, 120
Trd, 8639991.946, 119
Trd, 8639993.046, 103
Trd, 8639993.212, 116
Trd, 8639993.779, 138
Trd, 8639994.212, 140
Trd, 8639994.446, 139
Trd, 8639995.146, 133
Trd, 8639995.579, 108
Trd, 8639995.779, 100
Trd, 8639997.479, 109
Trd, 8639997.579, 107
Trd, 8639997.712, 131
Trd, 8639997.779, 108
Trd, 8639998.346, 105
Trd, 8639998.446, 105
Trd, 8639998.479, 95
Trd, 8639998.912, 126
Trd, 8639999.212, 114
Trd, 8639999.412, 114
