Trd, 8638755.212, 139
Trd, 8638755.246, 138
Trd, 8638755.679, 139
Trd, 8638755.979, 136
Trd, 8638757.279, 140
Trd, 8638757.346, 140
Trd, 8638758.412, 140
Trd, 8638759.946, 140
Trd, 8638760.246, 140
Trd, 8638760.312, 140
Trd, 8638760.379, 140
Trd, 8638760.512, 140
Trd, 8638761.212, 139
Trd, 8638761.246, 139
Trd, 8638761.346, 140
Trd, 8638761.579, 139
Trd, 8638761.812, 113
Trd, 8638761.912, 109
Trd, 8638762.146, 140
Trd, 8638762.746, 139
Trd, 8638763.646, 128
Trd, 8638763.979, 127
Trd, 8638764.012, 129
Trd, 8638764.579, 124
Trd, 8638764.746, 129
Trd, 8638765.046, 130
Trd, 8638765.579, 140
Trd, 8638767.712, 140
Trd, 8638767.846, 140
Trd, 8638768.946, 140
Trd, 8638769.379, 140
Trd, 8638770.746, 140
Trd, 8638771.246, 140
Trd, 8638772.912, 140
Trd, 8638773.546, 140
Trd, 8638773.679, 140
Trd, 8638774.679, 140
Trd, 8638775.312, 140
Trd, 8638775.512, 140
Trd, 8638775.612, 140
Trd, 8638775.779, 140
Trd, 8638775.812, 139
Trd, 8638776.879, 140
Trd, 8638776.912, 140
Trd, 8638776.946, 137
Trd, 8638777.479, 136
Trd, 8638777.946, 74
Trd, 8638778.046, 135
Trd, 8638778.446, 139
Trd, 8638779.179, 62
Trd, 8638779.946, 140
Trd, 8638780.112, 140
Trd, 8638780.612, 138
Trd, 8638780.646, 139
Trd, 8638780.912, 96
Trd, 8638781.579, 139
Trd, 8638781.812, 113
Trd, 8638782.446, 133
Trd, 8638782.579, 134
Trd, 8638782.646, 136
Trd, 8638782.812, 115
Trd, 8638782.979, 114
Trd, 8638783.312, 138
Trd, 8638784.812, 140
Trd, 8638785.746, 140
Trd, 8638786.246, 140
Trd, 8638787.946, 140
Trd, 8638788.079, 140
Trd, 8638788.112, 140
Trd, 8638788.179, 140
Trd, 8638788.212, 140
Trd, 8638788.412, 138
Trd, 8638788.812, 139
Trd, 8638789.146, 140
Trd, 8638789.512, 140
Trd, 8638790.079, 140
Trd, 8638790.246, 140
Trd, 8638790.346, 140
Trd, 8638790.512, 140
Trd, 8638791.279, 140
Trd, 8638791.679, 138
Trd, 8638792.012, 137
Trd, 8638792.546, 132
Trd, 8638792.779, 85
Trd, 8638793.012, 133
Trd, 8638793.046, 138
Trd, 8638793.279, 69
Trd, 8638793.379, 140
Trd, 8638793.679, 135
Trd, 8638793.879, 106
Trd, 8638795.846, 60
Trd, 8638795.912, 60
Trd, 8638796.412, 60
Trd, 8638796.812, 60
Trd, 8638797.646, 60
Trd, 8638798.046, 60
Trd, 8638798.146, 60
Trd, 8638798.346, 61
Trd, 8638798.612, 66
Trd, 8638799.246, 85
Trd, 8638800.546, 103
Trd, 8638800.579, 101
Trd, 8638800.612, 104
Trd, 8638801.012, 102
Trd, 8638801.212, 101
Trd, 8638801.412, 105
Trd, 8638802.779, 140
Trd, 8638802.812, 139
Trd, 8638804.212, 140
Trd, 8638805.112, 140
Trd, 8638805.179, 140
Trd, 8638805.546, 140
Trd, 8638805.779, 140
Trd, 8638806.012, 140
Trd, 8638806.146, 140
Trd, 8638806.446, 140
Trd, 8638807.212, 138
Trd, 8638807.746, 136
Trd, 8638808.012, 136
Trd, 8638808.146, 136
Trd, 8638808.246, 135
Trd, 8638808.279, 137
Trd, 8638808.679, 134
Trd, 8638808.879, 109
Trd, 8638809.012, 136
Trd, 8638809.179, 134
Trd, 8638809.546, 122
Trd, 8638809.946, 130
Trd, 8638812.046, 140
Trd, 8638812.812, 140
Trd, 8638812.846, 140
Trd, 8638813.646, 140
Trd, 8638815.612, 140
Trd, 8638816.479, 140
Trd, 8638817.146, 140
Trd, 8638817.246, 140
Trd, 8638817.612, 140
Trd, 8638817.779, 140
Trd, 8638817.846, 140
Trd, 8638818.012, 140
Trd, 8638818.112, 140
Trd, 8638818.179, 133
Trd, 8638818.912, 136
Trd, 8638819.279, 125
Trd, 8638819.512, 140
Trd, 8638819.612, 139
Trd, 8638821.279, 140
Trd, 8638822.112, 140
Trd, 8638822.279, 140
Trd, 8638822.346, 139
Trd, 8638822.812, 140
Trd, 8638822.946, 140
Trd, 8638823.346, 140
Trd, 8638823.379, 140
Trd, 8638824.212, 139
Trd, 8638825.779, 140
Trd, 8638827.346, 140
Trd, 8638827.912, 140
Trd, 8638828.146, 140
Trd, 8638828.212, 140
Trd, 8638828.379, 140
Trd, 8638828.412, 140
Trd, 8638828.646, 140
Trd, 8638828.846, 138
Trd, 8638829.146, 127
Trd, 8638829.612, 135
Trd, 8638829.746, 128
Trd, 8638829.879, 127
Trd, 8638831.179, 126
Trd, 8638831.312, 133
Trd, 8638831.479, 134
Trd, 8638831.846, 76
Trd, 8638831.946, 77
Trd, 8638832.812, 75
Trd, 8638833.579, 60
Trd, 8638834.379, 60
Trd, 8638834.446, 60
Trd, 8638834.912, 64
Trd, 8638835.746, 67
Trd, 8638835.946, 68
Trd, 8638836.946, 71
Trd, 8638837.579, 83
Trd, 8638837.679, 67
Trd, 8638838.646, 82
Trd, 8638838.946, 83
Trd, 8638839.079, 84
Trd, 8638839.212, 78
Trd, 8638839.746, 78
Trd, 8638841.412, 137
Trd, 8638841.612, 139
Trd, 8638842.412, 140
Trd, 8638843.979, 140
Trd, 8638844.146, 140
Trd, 8638845.679, 140
Trd, 8638845.712, 140
Trd, 8638845.946, 140
Trd, 8638846.046, 140
Trd, 8638846.212, 140
Trd, 8638846.312, 140
Trd, 8638847.112, 140
Trd, 8638848.279, 140
Trd, 8638848.579, 140
Trd, 8638849.312, 139
Trd, 8638849.346, 139
Trd, 8638849.646, 140
Trd, 8638849.712, 139
Trd, 8638849.946, 128
Trd, 8638850.512, 139
Trd, 8638852.146, 139
Trd, 8638852.412, 140
Trd, 8638852.479, 139
Trd, 8638852.512, 138
Trd, 8638852.979, 140
Trd, 8638853.646, 135
Trd, 8638853.812, 135
Trd, 8638853.912, 134
Trd, 8638853.946, 137
Trd, 8638854.112, 135
Trd, 8638854.479, 99
Trd, 8638854.846, 85
Trd, 8638855.412, 133
Trd, 8638856.612, 131
Trd, 8638856.879, 60
Trd, 8638857.346, 60
Trd, 8638857.546, 60
Trd, 8638857.579, 60
Trd, 8638857.779, 60
Trd, 8638858.579, 60
Trd, 8638858.979, 60
Trd, 8638859.112, 61
Trd, 8638859.179, 60
Trd, 8638859.412, 80
Trd, 8638861.179, 62
Trd, 8638861.212, 63
Trd, 8638861.512, 80
Trd, 8638862.179, 132
Trd, 8638862.346, 68
Trd, 8638862.612, 133
Trd, 8638862.979, 133
Trd, 8638863.946, 139
Trd, 8638864.246, 140
Trd, 8638866.279, 140
Trd, 8638866.979, 140
Trd, 8638868.179, 140
Trd, 8638868.312, 140
Trd, 8638868.479, 140
Trd, 8638868.579, 140
Trd, 8638868.612, 140
Trd, 8638868.846, 140
Trd, 8638869.412, 140
Trd, 8638869.512, 140
Trd, 8638869.546, 140
Trd, 8638870.612, 140
Trd, 8638871.412, 140
Trd, 8638874.012, 140
Trd, 8638874.246, 140
Trd, 8638874.279, 140
Trd, 8638874.312, 140
Trd, 8638874.379, 140
Trd, 8638874.546, 140
Trd, 8638874.679, 139
Trd, 8638874.846, 138
Trd, 8638875.046, 98
Trd, 8638875.346, 139
Trd, 8638875.612, 140
Trd, 8638876.679, 140
Trd, 8638879.412, 140
Trd, 8638879.479, 140
Trd, 8638879.812, 140
Trd, 8638880.212, 140
Trd, 8638880.512, 140
Trd, 8638880.646, 140
Trd, 8638883.612, 140
Trd, 8638883.646, 140
Trd, 8638884.012, 140
Trd, 8638884.112, 140
Trd, 8638884.179, 140
Trd, 8638884.312, 140
Trd, 8638884.512, 140
Trd, 8638884.879, 140
Trd, 8638885.046, 139
Trd, 8638885.312, 136
Trd, 8638885.379, 139
Trd, 8638885.679, 135
Trd, 8638885.746, 138
Trd, 8638887.112, 139
Trd, 8638887.179, 136
Trd, 8638887.612, 127
Trd, 8638888.879, 136
Trd, 8638889.979, 93
Trd, 8638890.712, 120
Trd, 8638890.979, 119
Trd, 8638891.712, 107
Trd, 8638891.979, 96
Trd, 8638892.012, 100
Trd, 8638892.579, 113
Trd, 8638892.879, 99
Trd, 8638892.946, 111
Trd, 8638893.046, 98
Trd, 8638893.279, 95
Trd, 8638895.179, 101
Trd, 8638895.212, 102
Trd, 8638895.479, 102
Trd, 8638895.512, 103
Trd, 8638896.012, 140
Trd, 8638896.879, 140
Trd, 8638898.112, 140
Trd, 8638898.712, 140
Trd, 8638899.779, 140
Trd, 8638900.912, 140
Trd, 8638901.846, 140
Trd, 8638902.046, 140
Trd, 8638902.079, 140
Trd, 8638902.246, 140
Trd, 8638902.346, 140
Trd, 8638902.479, 98
Trd, 8638902.846, 100
Trd, 8638902.946, 137
Trd, 8638903.379, 136
Trd, 8638903.579, 61
Trd, 8638903.912, 135
Trd, 8638903.946, 138
Trd, 8638904.046, 139
Trd, 8638905.779, 60
Trd, 8638906.312, 60
Trd, 8638906.346, 60
Trd, 8638906.479, 61
Trd, 8638906.812, 60
Trd, 8638907.079, 60
Trd, 8638907.479, 66
Trd, 8638907.512, 72
Trd, 8638908.779, 140
Trd, 8638909.146, 113
Trd, 8638910.379, 81
Trd, 8638910.546, 108
Trd, 8638911.079, 79
Trd, 8638911.512, 79
Trd, 8638911.579, 99
Trd, 8638911.712, 99
Trd, 8638912.612, 60
Trd, 8638912.712, 60
Trd, 8638914.312, 60
Trd, 8638914.346, 60
Trd, 8638915.346, 60
Trd, 8638915.512, 60
Trd, 8638916.112, 60
Trd, 8638916.179, 60
Trd, 8638916.379, 60
Trd, 8638916.579, 60
Trd, 8638916.946, 61
Trd, 8638917.446, 60
Trd, 8638917.679, 62
Trd, 8638918.012, 63
Trd, 8638918.279, 63
Trd, 8638918.612, 116
Trd, 8638918.946, 93
Trd, 8638920.812, 140
Trd, 8638920.979, 140
Trd, 8638921.279, 140
Trd, 8638923.012, 140
Trd, 8638923.112, 140
Trd, 8638923.179, 140
Trd, 8638923.546, 140
Trd, 8638924.146, 131
Trd, 8638924.279, 138
Trd, 8638924.446, 136
Trd, 8638924.912, 131
Trd, 8638925.179, 133
Trd, 8638925.212, 136
Trd, 8638925.546, 112
Trd, 8638926.646, 109
Trd, 8638927.012, 129
Trd, 8638927.212, 129
Trd, 8638927.912, 125
Trd, 8638928.079, 108
Trd, 8638928.112, 127
Trd, 8638928.279, 127
Trd, 8638929.012, 91
Trd, 8638929.412, 66
Trd, 8638929.479, 60
Trd, 8638929.679, 124
Trd, 8638929.946, 125
Trd, 8638930.612, 88
Trd, 8638932.946, 140
Trd, 8638933.646, 140
Trd, 8638934.446, 140
Trd, 8638935.879, 140
Trd, 8638935.912, 140
Trd, 8638936.712, 140
Trd, 8638937.412, 140
Trd, 8638937.446, 140
Trd, 8638937.579, 140
Trd, 8638937.746, 140
Trd, 8638938.046, 139
Trd, 8638938.212, 132
Trd, 8638938.246, 126
Trd, 8638938.812, 137
Trd, 8638939.679, 138
Trd, 8638940.012, 119
Trd, 8638940.212, 123
Trd, 8638940.479, 135
Trd, 8638940.712, 135
Trd, 8638940.946, 135
Trd, 8638941.112, 125
Trd, 8638942.946, 140
Trd, 8638944.479, 140
Trd, 8638946.246, 140
Trd, 8638947.479, 140
Trd, 8638947.912, 140
Trd, 8638948.012, 140
Trd, 8638948.112, 140
Trd, 8638948.546, 140
Trd, 8638948.579, 140
Trd, 8638948.646, 140
Trd, 8638949.179, 140
Trd, 8638949.812, 140
Trd, 8638949.912, 140
Trd, 8638949.946, 140
Trd, 8638950.112, 140
Trd, 8638950.446, 133
Trd, 8638950.646, 93
Trd, 8638952.112, 111
Trd, 8638952.279, 110
Trd, 8638952.546, 111
Trd, 8638952.712, 111
Trd, 8638953.012, 89
Trd, 8638953.246, 111
Trd, 8638954.246, 60
Trd, 8638954.879, 60
Trd, 8638954.979, 60
Trd, 8638955.879, 60
Trd, 8638957.146, 60
Trd, 8638957.412, 60
Trd, 8638957.779, 60
Trd, 8638958.879, 60
Trd, 8638958.946, 60
Trd, 8638959.046, 60
Trd, 8638959.912, 79
Trd, 8638960.146, 64
Trd, 8638960.279, 65
Trd, 8638960.979, 87
Trd, 8638961.146, 65
Trd, 8638961.212, 125
Trd, 8638961.879, 84
Trd, 8638962.079, 69
Trd, 8638962.379, 85
Trd, 8638962.646, 85
Trd, 8638963.612, 68
Trd, 8638964.012, 114
Trd, 8638964.779, 60
Trd, 8638965.079, 60
Trd, 8638965.679, 60
Trd, 8638966.279, 60
Trd, 8638966.479, 60
Trd, 8638966.879, 60
Trd, 8638968.079, 60
Trd, 8638968.546, 63
Trd, 8638968.779, 65
Trd, 8638969.612, 74
Trd, 8638970.079, 74
Trd, 8638970.712, 71
Trd, 8638970.879, 71
Trd, 8638970.912, 70
Trd, 8638971.346, 73
Trd, 8638972.046, 82
Trd, 8638972.279, 137
Trd, 8638973.446, 129
Trd, 8638973.712, 128
Trd, 8638973.879, 129
Trd, 8638974.146, 129
Trd, 8638974.379, 130
Trd, 8638975.446, 140
Trd, 8638975.812, 140
Trd, 8638976.146, 140
Trd, 8638976.212, 140
Trd, 8638977.112, 140
Trd, 8638978.446, 140
Trd, 8638978.646, 140
Trd, 8638981.079, 140
Trd, 8638981.579, 140
Trd, 8638981.612, 140
Trd, 8638981.712, 140
Trd, 8638982.012, 140
Trd, 8638982.179, 140
Trd, 8638982.646, 140
Trd, 8638982.846, 140
Trd, 8638983.146, 140
Trd, 8638983.179, 140
Trd, 8638983.479, 139
Trd, 8638984.079, 140
Trd, 8638984.712, 140
Trd, 8638984.979, 140
Trd, 8638985.346, 139
Trd, 8638985.446, 138
Trd, 8638985.612, 140
Trd, 8638986.012, 139
Trd, 8638986.312, 138
Trd, 8638986.579, 132
Trd, 8638988.079, 132
Trd, 8638988.512, 133
Trd, 8638988.746, 136
Trd, 8638988.779, 137
Trd, 8638989.112, 133
Trd, 8638990.012, 132
Trd, 8638990.412, 136
Trd, 8638990.646, 125
Trd, 8638990.712, 136
Trd, 8638990.879, 121
Trd, 8638991.579, 140
Trd, 8638992.046, 140
Trd, 8638992.779, 140
Trd, 8638992.979, 139
Trd, 8638993.012, 138
Trd, 8638993.246, 139
Trd, 8638994.112, 140
Trd, 8638994.946, 136
Trd, 8638996.379, 140
Trd, 8638997.646, 140
Trd, 8638998.279, 140
Trd, 8638999.479, 140
Trd, 8638999.612, 140
Trd, 8638999.679, 140
Trd, 8639000.279, 140
Trd, 8639000.379, 140
Trd, 8639000.579, 140
Trd, 8639000.612, 140
Trd, 8639000.712, 139
Trd, 8639001.212, 133
Trd, 8639001.346, 111
Trd, 8639001.579, 132
Trd, 8639001.779, 93
Trd, 8639002.079, 131
Trd, 8639002.379, 133
Trd, 8639002.446, 135
Trd, 8639002.779, 140
Trd, 8639004.579, 140
Trd, 8639006.146, 140
Trd, 8639006.246, 140
Trd, 8639006.279, 140
Trd, 8639006.479, 139
Trd, 8639006.846, 137
Trd, 8639007.012, 136
Trd, 8639007.046, 137
Trd, 8639007.112, 124
Trd, 8639007.379, 133
Trd, 8639007.712, 134
Trd, 8639007.879, 94
Trd, 8639008.446, 134
Trd, 8639009.246, 133
Trd, 8639009.612, 129
Trd, 8639010.579, 61
Trd, 8639011.079, 60
Trd, 8639011.179, 67
Trd, 8639011.312, 95
Trd, 8639011.879, 92
Trd, 8639011.979, 120
Trd, 8639012.179, 138
Trd, 8639013.512, 134
Trd, 8639013.946, 134
Trd, 8639014.712, 139
Trd, 8639017.112, 140
Trd, 8639017.979, 140
Trd, 8639018.279, 140
Trd, 8639018.346, 140
Trd, 8639018.479, 140
Trd, 8639018.679, 140
Trd, 8639018.979, 140
Trd, 8639019.212, 140
Trd, 8639019.779, 140
Trd, 8639019.946, 140
Trd, 8639020.179, 138
Trd, 8639020.346, 139
Trd, 8639020.812, 128
Trd, 8639020.946, 119
Trd, 8639020.979, 138
Trd, 8639022.479, 134
Trd, 8639022.712, 109
Trd, 8639022.812, 108
Trd, 8639022.946, 133
Trd, 8639023.046, 136
Trd, 8639023.946, 107
Trd, 8639026.212, 140
Trd, 8639027.612, 140
Trd, 8639028.012, 140
Trd, 8639029.512, 140
Trd, 8639029.579, 140
Trd, 8639029.746, 140
Trd, 8639031.679, 140
Trd, 8639031.712, 140
Trd, 8639032.079, 140
Trd, 8639032.179, 139
Trd, 8639032.479, 140
Trd, 8639033.079, 139
Trd, 8639033.146, 138
Trd, 8639033.346, 138
Trd, 8639034.046, 138
Trd, 8639034.379, 136
Trd, 8639034.712, 136
Trd, 8639035.212, 105
Trd, 8639036.046, 128
Trd, 8639036.512, 129
Trd, 8639036.679, 122
Trd, 8639037.279, 124
Trd, 8639037.479, 122
Trd, 8639037.612, 127
Trd, 8639037.979, 128
Trd, 8639038.046, 107
Trd, 8639038.312, 129
Trd, 8639038.746, 130
Trd, 8639039.112, 107
Trd, 8639039.512, 131
Trd, 8639039.646, 138
Trd, 8639041.612, 124
Trd, 8639041.646, 123
Trd, 8639041.979, 126
Trd, 8639042.412, 121
Trd, 8639042.446, 122
Trd, 8639042.846, 121
Trd, 8639043.212, 123
Trd, 8639043.512, 128
Trd, 8639043.546, 122
Trd, 8639043.712, 139
Trd, 8639045.212, 140
Trd, 8639045.812, 140
Trd, 8639048.412, 140
Trd, 8639048.579, 140
Trd, 8639049.146, 140
Trd, 8639049.646, 140
Trd, 8639049.712, 137
Trd, 8639050.046, 140
Trd, 8639050.312, 139
Trd, 8639050.446, 138
Trd, 8639050.879, 139
Trd, 8639051.179, 140
Trd, 8639052.246, 140
Trd, 8639052.746, 140
Trd, 8639052.779, 135
Trd, 8639053.912, 138
Trd, 8639056.046, 140
Trd, 8639056.512, 140
Trd, 8639056.712, 140
Trd, 8639057.379, 140
Trd, 8639057.546, 140
Trd, 8639057.646, 139
Trd, 8639057.679, 138
Trd, 8639058.546, 140
Trd, 8639058.646, 140
Trd, 8639058.812, 140
Trd, 8639058.846, 138
Trd, 8639059.346, 137
Trd, 8639059.679, 137
Trd, 8639059.912, 136
Trd, 8639060.146, 121
Trd, 8639060.779, 109
Trd, 8639060.912, 135
Trd, 8639061.579, 122
Trd, 8639061.879, 123
Trd, 8639063.079, 126
Trd, 8639063.679, 125
Trd, 8639063.712, 122
Trd, 8639064.079, 125
Trd, 8639064.612, 124
Trd, 8639064.846, 123
Trd, 8639065.146, 124
Trd, 8639065.746, 85
Trd, 8639066.546, 83
Trd, 8639066.679, 137
Trd, 8639068.212, 136
Trd, 8639068.379, 136
Trd, 8639068.546, 138
Trd, 8639068.646, 138
Trd, 8639069.079, 135
Trd, 8639069.146, 136
Trd, 8639069.646, 136
Trd, 8639070.246, 130
Trd, 8639070.379, 128
Trd, 8639070.646, 128
Trd, 8639071.012, 130
Trd, 8639071.046, 105
Trd, 8639071.346, 84
Trd, 8639072.212, 124
Trd, 8639072.646, 127
Trd, 8639072.879, 128
Trd, 8639073.679, 82
Trd, 8639073.979, 139
Trd, 8639075.312, 136
Trd, 8639075.946, 140
Trd, 8639076.012, 140
Trd, 8639077.512, 140
Trd, 8639078.579, 140
Trd, 8639078.979, 140
Trd, 8639079.312, 140
Trd, 8639080.346, 140
Trd, 8639080.512, 140
Trd, 8639081.312, 140
Trd, 8639081.912, 140
Trd, 8639082.212, 140
Trd, 8639082.279, 140
Trd, 8639082.646, 140
Trd, 8639082.746, 140
Trd, 8639082.879, 140
Trd, 8639083.112, 139
Trd, 8639083.379, 138
Trd, 8639084.346, 140
Trd, 8639084.412, 140
Trd, 8639084.846, 140
Trd, 8639085.079, 140
Trd, 8639085.512, 140
Trd, 8639085.912, 140
Trd, 8639085.946, 140
Trd, 8639088.746, 140
Trd, 8639089.346, 140
Trd, 8639090.112, 140
Trd, 8639091.446, 140
Trd, 8639092.112, 140
Trd, 8639092.146, 140
Trd, 8639093.412, 140
Trd, 8639093.446, 140
Trd, 8639093.546, 140
Trd, 8639093.779, 140
Trd, 8639093.912, 140
Trd, 8639094.012, 140
Trd, 8639095.246, 140
Trd, 8639095.812, 140
Trd, 8639096.112, 140
Trd, 8639096.579, 140
Trd, 8639096.779, 140
Trd, 8639096.912, 140
Trd, 8639097.279, 139
Trd, 8639097.346, 139
Trd, 8639097.612, 136
Trd, 8639097.646, 140
Trd, 8639098.779, 140
Trd, 8639098.912, 140
Trd, 8639099.146, 140
Trd, 8639099.846, 137
Trd, 8639100.079, 132
Trd, 8639102.512, 140
Trd, 8639103.646, 140
Trd, 8639103.712, 140
Trd, 8639103.879, 140
Trd, 8639103.912, 140
Trd, 8639103.946, 140
Trd, 8639104.112, 140
Trd, 8639104.379, 138
Trd, 8639104.746, 140
Trd, 8639105.379, 139
Trd, 8639106.279, 138
Trd, 8639106.679, 140
Trd, 8639109.612, 140
Trd, 8639109.712, 140
Trd, 8639109.779, 140
Trd, 8639110.379, 140
Trd, 8639110.646, 140
Trd, 8639110.712, 140
Trd, 8639110.779, 140
Trd, 8639111.512, 138
Trd, 8639111.779, 137
Trd, 8639112.146, 140
Trd, 8639112.412, 137
Trd, 8639112.946, 138
Trd, 8639113.012, 139
Trd, 8639113.346, 138
Trd, 8639113.446, 140
Trd, 8639113.712, 139
Trd, 8639114.879, 140
Trd, 8639115.112, 140
Trd, 8639115.379, 127
Trd, 8639116.646, 140
Trd, 8639116.712, 140
Trd, 8639116.979, 140
Trd, 8639117.046, 140
Trd, 8639117.312, 139
Trd, 8639117.812, 139
Trd, 8639117.946, 139
Trd, 8639118.612, 116
Trd, 8639120.179, 125
Trd, 8639120.412, 125
Trd, 8639120.546, 113
Trd, 8639120.612, 126
Trd, 8639121.012, 112
Trd, 8639122.446, 106
Trd, 8639122.879, 106
Trd, 8639122.946, 106
Trd, 8639123.012, 105
Trd, 8639123.046, 106
Trd, 8639123.379, 104
Trd, 8639123.812, 62
Trd, 8639124.879, 103
Trd, 8639124.912, 106
Trd, 8639125.112, 108
Trd, 8639125.379, 116
Trd, 8639126.179, 140
Trd, 8639127.212, 140
Trd, 8639127.979, 140
Trd, 8639128.279, 140
Trd, 8639129.179, 140
Trd, 8639130.012, 140
Trd, 8639131.312, 140
Trd, 8639131.512, 140
Trd, 8639131.679, 140
Trd, 8639131.712, 140
Trd, 8639131.846, 140
Trd, 8639131.946, 140
Trd, 8639132.079, 139
Trd, 8639132.646, 140
Trd, 8639132.846, 137
Trd, 8639133.412, 139
Trd, 8639133.812, 139
Trd, 8639134.079, 139
Trd, 8639134.246, 139
Trd, 8639134.279, 140
Trd, 8639134.779, 140
Trd, 8639135.279, 140
Trd, 8639135.446, 139
Trd, 8639135.846, 140
Trd, 8639137.479, 139
Trd, 8639138.346, 140
Trd, 8639138.512, 140
Trd, 8639139.146, 140
Trd, 8639141.179, 140
Trd, 8639141.746, 140
Trd, 8639142.179, 140
Trd, 8639143.412, 140
Trd, 8639144.112, 140
Trd, 8639144.146, 140
Trd, 8639144.846, 140
Trd, 8639145.246, 140
Trd, 8639146.412, 140
Trd, 8639146.446, 140
Trd, 8639146.646, 140
Trd, 8639146.879, 139
Trd, 8639147.279, 138
Trd, 8639149.146, 140
Trd, 8639149.612, 140
Trd, 8639149.812, 140
Trd, 8639149.879, 140
Trd, 8639150.412, 140
Trd, 8639150.479, 138
Trd, 8639150.912, 139
Trd, 8639151.179, 139
Trd, 8639151.212, 138
Trd, 8639152.179, 140
Trd, 8639152.546, 139
Trd, 8639153.312, 139
Trd, 8639154.179, 140
Trd, 8639154.312, 138
Trd, 8639155.279, 140
Trd, 8639156.012, 140
Trd, 8639156.146, 140
Trd, 8639156.479, 140
Trd, 8639157.046, 138
Trd, 8639157.879, 136
Trd, 8639158.612, 139
Trd, 8639159.079, 139
Trd, 8639159.279, 139
Trd, 8639159.579, 139
Trd, 8639160.279, 138
Trd, 8639161.946, 140
Trd, 8639161.979, 140
Trd, 8639162.346, 140
Trd, 8639164.612, 140
Trd, 8639166.012, 140
Trd, 8639166.879, 140
Trd, 8639167.146, 140
Trd, 8639167.246, 140
Trd, 8639167.412, 140
Trd, 8639167.546, 140
Trd, 8639167.712, 140
Trd, 8639167.946, 140
Trd, 8639168.679, 140
Trd, 8639169.046, 140
Trd, 8639169.312, 140
Trd, 8639169.379, 140
Trd, 8639169.479, 140
Trd, 8639169.612, 140
Trd, 8639169.712, 140
Trd, 8639170.746, 139
Trd, 8639171.379, 95
Trd, 8639171.912, 140
Trd, 8639172.946, 132
Trd, 8639173.012, 125
Trd, 8639173.079, 133
Trd, 8639173.412, 135
Trd, 8639174.679, 140
Trd, 8639174.979, 140
Trd, 8639175.246, 140
Trd, 8639178.179, 140
Trd, 8639178.379, 140
Trd, 8639179.579, 140
Trd, 8639180.179, 140
Trd, 8639180.412, 140
Trd, 8639180.679, 140
Trd, 8639180.712, 140
Trd, 8639180.879, 139
Trd, 8639180.979, 138
Trd, 8639181.246, 140
Trd, 8639181.346, 140
Trd, 8639182.746, 140
Trd, 8639183.146, 140
Trd, 8639183.379, 140
Trd, 8639184.212, 140
Trd, 8639184.312, 140
Trd, 8639185.479, 140
Trd, 8639186.212, 140
Trd, 8639187.812, 140
Trd, 8639188.679, 140
Trd, 8639189.179, 140
Trd, 8639190.012, 140
Trd, 8639190.046, 140
Trd, 8639190.212, 140
Trd, 8639190.479, 140
Trd, 8639190.546, 140
Trd, 8639190.612, 139
Trd, 8639190.846, 133
Trd, 8639191.279, 126
Trd, 8639191.446, 139
Trd, 8639191.679, 135
Trd, 8639191.746, 79
Trd, 8639193.446, 140
Trd, 8639193.912, 140
Trd, 8639194.779, 140
Trd, 8639196.446, 140
Trd, 8639197.346, 140
Trd, 8639198.446, 140
Trd, 8639198.546, 140
Trd, 8639198.746, 140
Trd, 8639198.779, 140
Trd, 8639199.079, 140
Trd, 8639199.212, 140
Trd, 8639199.479, 140
Trd, 8639199.546, 79
Trd, 8639200.379, 129
Trd, 8639200.979, 137
Trd, 8639201.446, 134
Trd, 8639201.846, 121
Trd, 8639202.246, 126
Trd, 8639202.412, 128
Trd, 8639203.079, 127
Trd, 8639203.446, 125
Trd, 8639203.546, 128
Trd, 8639204.012, 129
Trd, 8639204.379, 127
Trd, 8639204.646, 127
Trd, 8639204.912, 108
Trd, 8639205.912, 140
Trd, 8639207.379, 140
Trd, 8639208.446, 140
Trd, 8639208.712, 140
Trd, 8639209.812, 140
Trd, 8639209.946, 139
Trd, 8639211.446, 140
Trd, 8639212.079, 140
Trd, 8639212.146, 140
Trd, 8639212.612, 140
Trd, 8639214.379, 140
Trd, 8639214.512, 140
Trd, 8639214.612, 140
Trd, 8639214.646, 140
Trd, 8639214.946, 140
Trd, 8639215.746, 140
Trd, 8639216.546, 140
Trd, 8639216.812, 140
Trd, 8639217.079, 140
Trd, 8639217.246, 140
Trd, 8639217.346, 140
Trd, 8639217.546, 140
Trd, 8639218.212, 140
Trd, 8639218.279, 139
Trd, 8639219.412, 140
Trd, 8639219.512, 138
Trd, 8639220.079, 140
Trd, 8639220.546, 140
Trd, 8639220.912, 139
Trd, 8639221.646, 138
Trd, 8639221.912, 138
Trd, 8639222.079, 139
Trd, 8639222.179, 140
Trd, 8639222.679, 140
Trd, 8639223.112, 140
Trd, 8639225.079, 140
Trd, 8639225.446, 140
Trd, 8639226.946, 140
Trd, 8639227.012, 140
Trd, 8639227.046, 140
Trd, 8639227.346, 140
Trd, 8639227.412, 140
Trd, 8639227.712, 140
Trd, 8639227.879, 140
Trd, 8639228.046, 139
Trd, 8639228.246, 138
Trd, 8639228.446, 122
Trd, 8639228.979, 124
Trd, 8639231.879, 140
Trd, 8639232.279, 140
Trd, 8639232.479, 140
Trd, 8639232.912, 140
Trd, 8639233.012, 140
Trd, 8639233.146, 140
Trd, 8639233.346, 139
Trd, 8639233.512, 138
Trd, 8639233.679, 124
Trd, 8639236.379, 140
Trd, 8639236.912, 140
Trd, 8639238.012, 140
Trd, 8639238.879, 140
Trd, 8639239.179, 140
Trd, 8639239.579, 140
Trd, 8639240.012, 140
Trd, 8639240.079, 140
Trd, 8639240.246, 139
Trd, 8639240.612, 139
Trd, 8639240.779, 137
Trd, 8639241.046, 118
Trd, 8639241.446, 78
Trd, 8639241.846, 136
Trd, 8639241.912, 135
Trd, 8639243.012, 93
Trd, 8639243.179, 94
Trd, 8639244.379, 140
Trd, 8639244.646, 140
Trd, 8639245.179, 139
Trd, 8639245.379, 139
Trd, 8639245.546, 139
Trd, 8639246.712, 120
Trd, 8639246.779, 104
Trd, 8639246.812, 103
Trd, 8639246.846, 130
Trd, 8639246.979, 131
Trd, 8639250.246, 140
Trd, 8639250.412, 140
Trd, 8639252.046, 140
Trd, 8639252.112, 140
Trd, 8639252.246, 140
Trd, 8639253.712, 140
Trd, 8639253.746, 140
Trd, 8639253.879, 140
Trd, 8639254.012, 140
Trd, 8639254.079, 140
Trd, 8639254.812, 140
Trd, 8639254.879, 140
Trd, 8639254.912, 140
Trd, 8639255.446, 140
Trd, 8639255.479, 140
Trd, 8639255.512, 140
Trd, 8639255.779, 140
Trd, 8639256.179, 140
Trd, 8639257.079, 140
Trd, 8639257.212, 140
Trd, 8639257.646, 140
Trd, 8639257.946, 140
Trd, 8639258.479, 140
Trd, 8639258.512, 140
Trd, 8639258.579, 138
Trd, 8639260.879, 140
Trd, 8639260.946, 140
Trd, 8639261.246, 139
Trd, 8639262.679, 140
Trd, 8639262.712, 140
Trd, 8639264.746, 140
Trd, 8639264.812, 140
Trd, 8639264.846, 140
Trd, 8639264.879, 140
Trd, 8639265.012, 139
Trd, 8639265.079, 140
Trd, 8639265.346, 140
Trd, 8639265.779, 140
Trd, 8639266.212, 140
Trd, 8639266.246, 140
Trd, 8639267.412, 139
Trd, 8639268.479, 140
Trd, 8639268.879, 140
Trd, 8639269.179, 140
Trd, 8639270.546, 140
Trd, 8639272.846, 140
Trd, 8639272.912, 140
Trd, 8639273.046, 140
Trd, 8639273.312, 140
Trd, 8639273.412, 140
Trd, 8639273.746, 140
Trd, 8639274.246, 140
Trd, 8639274.312, 140
Trd, 8639274.379, 140
Trd, 8639274.612, 140
Trd, 8639274.879, 140
Trd, 8639275.146, 140
Trd, 8639276.012, 136
Trd, 8639276.379, 136
Trd, 8639277.046, 135
Trd, 8639277.246, 129
Trd, 8639277.712, 132
Trd, 8639278.212, 90
Trd, 8639278.279, 133
Trd, 8639278.712, 97
Trd, 8639279.479, 111
Trd, 8639279.879, 85
Trd, 8639280.212, 127
Trd, 8639280.246, 128
Trd, 8639280.712, 140
Trd, 8639280.879, 140
Trd, 8639282.079, 140
Trd, 8639282.979, 140
Trd, 8639283.979, 140
Trd, 8639285.346, 140
Trd, 8639285.479, 140
Trd, 8639287.046, 140
Trd, 8639287.446, 140
Trd, 8639287.512, 140
Trd, 8639287.812, 140
Trd, 8639287.846, 140
Trd, 8639287.946, 140
Trd, 8639288.079, 140
Trd, 8639288.279, 140
Trd, 8639288.946, 140
Trd, 8639289.079, 140
Trd, 8639289.146, 140
Trd, 8639289.746, 131
Trd, 8639290.112, 125
Trd, 8639290.246, 95
Trd, 8639290.579, 108
Trd, 8639291.179, 87
Trd, 8639291.446, 110
Trd, 8639291.779, 114
Trd, 8639292.312, 64
Trd, 8639295.246, 140
Trd, 8639297.912, 140
Trd, 8639298.446, 140
Trd, 8639298.579, 140
Trd, 8639299.479, 140
Trd, 8639299.512, 140
Trd, 8639299.579, 140
Trd, 8639299.712, 140
Trd, 8639300.579, 140
Trd, 8639300.679, 140
Trd, 8639300.846, 140
Trd, 8639301.379, 140
Trd, 8639301.646, 140
Trd, 8639301.779, 140
Trd, 8639301.912, 139
Trd, 8639302.112, 135
Trd, 8639302.246, 137
Trd, 8639302.312, 137
Trd, 8639303.446, 133
Trd, 8639303.712, 133
Trd, 8639303.779, 134
Trd, 8639304.879, 140
Trd, 8639305.246, 140
Trd, 8639306.212, 140
Trd, 8639307.112, 140
Trd, 8639308.312, 140
Trd, 8639308.879, 140
Trd, 8639309.412, 140
Trd, 8639309.646, 140
Trd, 8639310.412, 140
Trd, 8639310.712, 140
Trd, 8639310.846, 140
Trd, 8639311.412, 140
Trd, 8639311.479, 140
Trd, 8639311.979, 140
Trd, 8639312.346, 140
Trd, 8639312.779, 140
Trd, 8639312.946, 140
Trd, 8639313.212, 140
Trd, 8639313.712, 140
Trd, 8639314.279, 140
Trd, 8639314.646, 139
Trd, 8639314.712, 138
Trd, 8639315.579, 140
Trd, 8639315.746, 140
Trd, 8639317.079, 140
Trd, 8639317.746, 140
Trd, 8639318.312, 140
Trd, 8639318.646, 140
Trd, 8639318.846, 132
Trd, 8639319.279, 139
Trd, 8639319.446, 140
Trd, 8639319.812, 134
Trd, 8639320.046, 134
Trd, 8639320.179, 134
Trd, 8639320.412, 87
Trd, 8639320.679, 137
Trd, 8639321.379, 140
Trd, 8639321.446, 140
Trd, 8639322.012, 63
Trd, 8639323.612, 133
Trd, 8639324.079, 131
Trd, 8639324.512, 129
Trd, 8639324.712, 128
Trd, 8639324.779, 128
Trd, 8639324.979, 132
Trd, 8639325.312, 134
Trd, 8639325.412, 139
Trd, 8639325.546, 111
Trd, 8639326.812, 119
Trd, 8639327.046, 120
Trd, 8639327.246, 114
Trd, 8639327.379, 119
Trd, 8639328.179, 114
Trd, 8639328.246, 113
Trd, 8639328.279, 115
Trd, 8639328.812, 120
Trd, 8639329.946, 138
Trd, 8639330.346, 140
Trd, 8639330.846, 140
Trd, 8639330.946, 140
Trd, 8639332.946, 140
Trd, 8639333.446, 140
Trd, 8639333.779, 137
Trd, 8639333.912, 137
Trd, 8639333.946, 137
Trd, 8639334.046, 99
Trd, 8639334.079, 138
Trd, 8639334.612, 112
Trd, 8639334.779, 90
Trd, 8639335.279, 110
Trd, 8639335.612, 93
Trd, 8639336.346, 88
Trd, 8639336.379, 111
Trd, 8639336.479, 73
Trd, 8639336.746, 112
Trd, 8639337.746, 112
Trd, 8639338.179, 113
Trd, 8639339.046, 60
Trd, 8639339.412, 62
Trd, 8639339.779, 67
Trd, 8639340.212, 90
Trd, 8639340.512, 121
Trd, 8639340.779, 121
Trd, 8639340.879, 122
Trd, 8639341.712, 127
Trd, 8639342.346, 129
Trd, 8639342.946, 136
Trd, 8639342.979, 137
Trd, 8639343.246, 136
Trd, 8639343.846, 139
Trd, 8639344.946, 140
Trd, 8639345.146, 140
Trd, 8639345.646, 140
Trd, 8639345.712, 140
Trd, 8639345.979, 140
Trd, 8639346.079, 140
Trd, 8639346.646, 140
Trd, 8639346.746, 140
Trd, 8639347.279, 140
Trd, 8639347.912, 137
Trd, 8639348.146, 132
Trd, 8639348.379, 120
Trd, 8639348.646, 136
Trd, 8639348.912, 134
Trd, 8639348.979, 135
Trd, 8639349.279, 137
Trd, 8639350.179, 137
Trd, 8639350.246, 138
Trd, 8639350.679, 138
Trd, 8639354.579, 140
Trd, 8639355.512, 140
Trd, 8639355.679, 140
Trd, 8639355.746, 140
Trd, 8639355.779, 140
Trd, 8639355.879, 140
Trd, 8639355.979, 140
Trd, 8639356.012, 139
Trd, 8639356.046, 138
Trd, 8639356.312, 140
Trd, 8639356.612, 140
Trd, 8639356.846, 139
Trd, 8639356.879, 139
Trd, 8639357.912, 138
Trd, 8639358.112, 105
Trd, 8639358.612, 140
Trd, 8639358.712, 140
Trd, 8639359.112, 140
Trd, 8639359.679, 139
Trd, 8639359.912, 138
Trd, 8639360.079, 138
Trd, 8639360.146, 113
Trd, 8639360.979, 137
Trd, 8639361.079, 72
Trd, 8639361.579, 138
Trd, 8639362.579, 133
Trd, 8639362.679, 132
Trd, 8639363.146, 130
Trd, 8639363.779, 136
Trd, 8639364.379, 135
Trd, 8639364.946, 134
Trd, 8639365.079, 133
Trd, 8639365.412, 133
Trd, 8639365.612, 122
Trd, 8639366.679, 138
Trd, 8639367.846, 126
Trd, 8639367.946, 127
Trd, 8639369.346, 140
Trd, 8639371.046, 140
Trd, 8639371.746, 140
Trd, 8639372.446, 140
Trd, 8639373.146, 140
Trd, 8639373.412, 140
Trd, 8639373.612, 140
Trd, 8639373.746, 140
Trd, 8639373.779, 140
Trd, 8639373.946, 140
Trd, 8639374.112, 139
Trd, 8639374.812, 138
Trd, 8639374.979, 137
Trd, 8639375.146, 137
Trd, 8639375.746, 92
Trd, 8639375.779, 138
Trd, 8639376.912, 138
Trd, 8639377.446, 139
Trd, 8639378.012, 140
Trd, 8639378.679, 139
Trd, 8639378.879, 138
Trd, 8639379.246, 136
Trd, 8639379.946, 133
Trd, 8639379.979, 131
Trd, 8639380.246, 129
Trd, 8639380.312, 134
Trd, 8639380.479, 101
Trd, 8639380.612, 138
Trd, 8639380.679, 139
Trd, 8639382.612, 64
Trd, 8639383.246, 63
Trd, 8639383.279, 65
Trd, 8639383.312, 66
Trd, 8639383.479, 105
Trd, 8639384.046, 105
Trd, 8639384.779, 103
Trd, 8639384.979, 103
Trd, 8639385.246, 71
Trd, 8639386.246, 103
Trd, 8639386.546, 104
Trd, 8639386.846, 131
Trd, 8639387.612, 125
Trd, 8639389.912, 140
Trd, 8639390.146, 140
Trd, 8639390.379, 140
Trd, 8639390.679, 140
Trd, 8639391.246, 140
Trd, 8639391.646, 140
Trd, 8639391.812, 140
Trd, 8639392.112, 140
Trd, 8639392.312, 140
Trd, 8639392.412, 140
Trd, 8639392.579, 140
Trd, 8639392.879, 140
Trd, 8639393.046, 139
Trd, 8639393.379, 140
Trd, 8639394.212, 139
Trd, 8639395.512, 140
Trd, 8639395.946, 140
Trd, 8639396.212, 138
Trd, 8639400.312, 140
Trd, 8639400.612, 140
Trd, 8639400.846, 140
Trd, 8639401.079, 140
Trd, 8639401.312, 140
Trd, 8639401.346, 139
Trd, 8639401.579, 140
Trd, 8639401.679, 140
Trd, 8639401.779, 139
Trd, 8639402.246, 108
Trd, 8639402.279, 109
Trd, 8639402.912, 62
Trd, 8639403.812, 60
Trd, 8639404.346, 60
Trd, 8639404.912, 60
Trd, 8639405.346, 60
Trd, 8639405.446, 60
Trd, 8639405.612, 60
Trd, 8639406.012, 60
Trd, 8639406.246, 60
Trd, 8639406.712, 61
Trd, 8639407.379, 61
Trd, 8639407.946, 60
Trd, 8639408.012, 60
Trd, 8639408.312, 60
Trd, 8639408.412, 61
Trd, 8639408.446, 63
Trd, 8639409.612, 62
Trd, 8639409.679, 61
Trd, 8639409.779, 62
Trd, 8639409.946, 64
Trd, 8639410.346, 80
Trd, 8639412.379, 139
Trd, 8639412.879, 140
Trd, 8639413.012, 140
Trd, 8639414.546, 140
Trd, 8639415.079, 140
Trd, 8639415.246, 139
Trd, 8639415.479, 139
Trd, 8639415.646, 140
Trd, 8639415.879, 139
Trd, 8639416.046, 138
Trd, 8639416.146, 138
Trd, 8639416.179, 138
Trd, 8639416.579, 139
Trd, 8639416.612, 138
Trd, 8639417.146, 81
Trd, 8639417.612, 140
Trd, 8639417.912, 140
Trd, 8639418.246, 139
Trd, 8639420.879, 140
Trd, 8639421.046, 140
Trd, 8639421.246, 140
Trd, 8639421.312, 140
Trd, 8639421.512, 140
Trd, 8639421.579, 140
Trd, 8639421.679, 139
Trd, 8639422.379, 138
Trd, 8639422.679, 139
Trd, 8639424.379, 140
Trd, 8639424.912, 140
Trd, 8639425.046, 140
Trd, 8639425.412, 140
Trd, 8639425.746, 140
Trd, 8639427.179, 140
Trd, 8639430.012, 140
Trd, 8639430.746, 140
Trd, 8639431.512, 140
Trd, 8639431.646, 140
Trd, 8639431.979, 140
Trd, 8639432.079, 140
Trd, 8639432.279, 140
Trd, 8639432.612, 139
Trd, 8639432.846, 138
Trd, 8639432.946, 139
Trd, 8639433.246, 140
Trd, 8639433.346, 140
Trd, 8639433.546, 139
Trd, 8639433.946, 135
Trd, 8639434.679, 140
Trd, 8639434.979, 140
Trd, 8639435.179, 140
Trd, 8639435.712, 135
Trd, 8639436.446, 137
Trd, 8639436.812, 137
Trd, 8639436.912, 134
Trd, 8639437.046, 135
Trd, 8639437.379, 140
Trd, 8639438.579, 140
Trd, 8639439.112, 139
Trd, 8639439.979, 140
Trd, 8639440.812, 140
Trd, 8639442.246, 140
Trd, 8639442.612, 140
Trd, 8639442.712, 140
Trd, 8639443.279, 140
Trd, 8639443.446, 140
Trd, 8639443.612, 140
Trd, 8639443.712, 140
Trd, 8639443.779, 139
Trd, 8639444.346, 138
Trd, 8639444.412, 140
Trd, 8639444.646, 139
Trd, 8639445.312, 137
Trd, 8639445.612, 114
Trd, 8639445.879, 128
Trd, 8639447.346, 60
Trd, 8639447.412, 60
Trd, 8639447.879, 60
Trd, 8639448.046, 60
Trd, 8639448.412, 60
Trd, 8639448.579, 60
Trd, 8639448.912, 119
Trd, 8639450.779, 60
Trd, 8639451.412, 60
Trd, 8639451.446, 60
Trd, 8639452.246, 61
Trd, 8639452.612, 61
Trd, 8639452.979, 60
Trd, 8639453.179, 61
Trd, 8639453.412, 65
Trd, 8639453.746, 63
Trd, 8639453.979, 74
Trd, 8639454.379, 140
Trd, 8639455.346, 140
Trd, 8639455.379, 140
Trd, 8639456.612, 140
Trd, 8639456.712, 140
Trd, 8639457.179, 140
Trd, 8639458.312, 140
Trd, 8639458.479, 140
Trd, 8639458.646, 140
Trd, 8639458.679, 140
Trd, 8639458.712, 140
Trd, 8639458.912, 140
Trd, 8639458.946, 138
Trd, 8639459.512, 140
Trd, 8639460.179, 140
Trd, 8639460.479, 139
Trd, 8639461.212, 138
Trd, 8639461.479, 130
Trd, 8639461.812, 137
Trd, 8639462.079, 140
Trd, 8639463.112, 135
Trd, 8639463.146, 134
Trd, 8639463.246, 135
Trd, 8639463.679, 136
Trd, 8639463.912, 131
Trd, 8639464.146, 130
Trd, 8639464.246, 132
Trd, 8639465.312, 66
Trd, 8639466.812, 140
Trd, 8639467.612, 140
Trd, 8639468.812, 140
Trd, 8639469.112, 140
Trd, 8639469.646, 140
Trd, 8639470.346, 140
Trd, 8639470.446, 140
Trd, 8639470.979, 140
Trd, 8639471.246, 140
Trd, 8639471.346, 140
Trd, 8639471.479, 140
Trd, 8639471.646, 137
Trd, 8639472.046, 137
Trd, 8639472.846, 140
Trd, 8639473.046, 140
Trd, 8639473.179, 129
Trd, 8639474.446, 139
Trd, 8639474.712, 119
Trd, 8639474.946, 98
Trd, 8639475.179, 134
Trd, 8639475.312, 136
Trd, 8639476.879, 140
Trd, 8639477.046, 140
Trd, 8639478.712, 140
Trd, 8639479.546, 140
Trd, 8639479.679, 140
Trd, 8639480.346, 140
Trd, 8639481.679, 140
Trd, 8639481.712, 140
Trd, 8639481.812, 140
Trd, 8639482.046, 140
Trd, 8639482.146, 140
Trd, 8639483.012, 140
Trd, 8639483.412, 140
Trd, 8639483.579, 140
Trd, 8639483.612, 140
Trd, 8639484.612, 140
Trd, 8639484.712, 140
Trd, 8639485.079, 140
Trd, 8639486.346, 140
Trd, 8639486.946, 140
Trd, 8639487.146, 140
Trd, 8639487.246, 140
Trd, 8639487.446, 140
Trd, 8639487.679, 140
Trd, 8639487.779, 140
Trd, 8639488.346, 138
Trd, 8639488.446, 137
Trd, 8639489.879, 138
Trd, 8639490.712, 140
Trd, 8639492.279, 140
Trd, 8639493.279, 140
Trd, 8639493.546, 140
Trd, 8639493.712, 140
Trd, 8639493.879, 140
Trd, 8639493.946, 140
Trd, 8639493.979, 140
Trd, 8639494.146, 140
Trd, 8639494.446, 140
Trd, 8639494.479, 139
Trd, 8639494.746, 139
Trd, 8639495.746, 134
Trd, 8639496.412, 138
Trd, 8639497.312, 140
Trd, 8639497.379, 139
Trd, 8639498.412, 139
Trd, 8639498.446, 118
Trd, 8639498.979, 140
Trd, 8639500.779, 140
Trd, 8639501.412, 140
Trd, 8639501.579, 140
Trd, 8639501.746, 140
Trd, 8639502.046, 140
Trd, 8639502.179, 140
Trd, 8639502.712, 140
Trd, 8639503.012, 139
Trd, 8639503.146, 139
Trd, 8639503.246, 138
Trd, 8639503.879, 140
Trd, 8639504.846, 140
Trd, 8639505.612, 140
Trd, 8639505.946, 114
Trd, 8639505.979, 139
Trd, 8639506.446, 138
Trd, 8639506.579, 136
Trd, 8639506.746, 138
Trd, 8639507.312, 135
Trd, 8639507.479, 131
Trd, 8639507.546, 137
Trd, 8639507.746, 140
Trd, 8639507.979, 110
Trd, 8639508.146, 109
Trd, 8639509.012, 132
Trd, 8639509.212, 91
Trd, 8639509.379, 140
Trd, 8639509.612, 62
Trd, 8639510.912, 134
Trd, 8639511.579, 120
Trd, 8639511.746, 130
Trd, 8639512.046, 119
Trd, 8639512.212, 129
Trd, 8639513.146, 122
Trd, 8639513.246, 123
Trd, 8639513.346, 122
Trd, 8639514.112, 119
Trd, 8639514.512, 60
Trd, 8639514.846, 120
Trd, 8639516.012, 66
Trd, 8639516.346, 60
Trd, 8639516.446, 60
Trd, 8639516.779, 60
Trd, 8639517.279, 60
Trd, 8639518.012, 60
Trd, 8639518.312, 60
Trd, 8639518.946, 62
Trd, 8639519.679, 61
Trd, 8639519.746, 62
Trd, 8639519.979, 63
Trd, 8639520.579, 64
Trd, 8639520.779, 64
Trd, 8639521.346, 61
Trd, 8639521.446, 61
Trd, 8639521.612, 61
Trd, 8639521.812, 62
Trd, 8639522.112, 140
Trd, 8639523.212, 140
Trd, 8639523.412, 140
Trd, 8639524.079, 140
Trd, 8639526.246, 140
Trd, 8639526.646, 140
Trd, 8639528.312, 140
Trd, 8639529.012, 140
Trd, 8639529.746, 140
Trd, 8639530.046, 140
Trd, 8639530.146, 140
Trd, 8639530.612, 140
Trd, 8639530.846, 140
Trd, 8639531.079, 140
Trd, 8639531.312, 140
Trd, 8639531.679, 140
Trd, 8639532.379, 140
Trd, 8639533.746, 140
Trd, 8639534.546, 140
Trd, 8639534.779, 139
Trd, 8639534.879, 138
Trd, 8639535.279, 139
Trd, 8639536.179, 140
Trd, 8639536.446, 139
Trd, 8639537.346, 140
Trd, 8639537.779, 140
Trd, 8639537.946, 138
Trd, 8639540.012, 140
Trd, 8639540.312, 140
Trd, 8639540.812, 140
Trd, 8639541.012, 140
Trd, 8639541.112, 140
Trd, 8639541.346, 140
Trd, 8639541.379, 140
Trd, 8639541.646, 139
Trd, 8639542.412, 140
Trd, 8639543.112, 140
Trd, 8639543.446, 140
Trd, 8639543.879, 140
Trd, 8639543.979, 138
Trd, 8639544.446, 135
Trd, 8639544.512, 140
Trd, 8639546.012, 138
Trd, 8639546.512, 140
Trd, 8639546.646, 138
Trd, 8639546.712, 127
Trd, 8639547.346, 140
Trd, 8639549.279, 140
Trd, 8639549.612, 140
Trd, 8639549.812, 140
Trd, 8639549.979, 139
Trd, 8639550.179, 139
Trd, 8639550.279, 139
Trd, 8639550.512, 140
Trd, 8639550.712, 139
Trd, 8639551.112, 140
Trd, 8639551.512, 140
Trd, 8639551.712, 140
Trd, 8639551.979, 137
Trd, 8639552.246, 140
Trd, 8639552.412, 88
Trd, 8639553.412, 138
Trd, 8639553.512, 137
Trd, 8639554.079, 126
Trd, 8639554.179, 138
Trd, 8639554.579, 135
Trd, 8639555.446, 129
Trd, 8639555.846, 130
Trd, 8639555.979, 128
Trd, 8639556.179, 129
Trd, 8639556.212, 131
Trd, 8639557.146, 62
Trd, 8639557.312, 62
Trd, 8639558.579, 60
Trd, 8639558.646, 60
Trd, 8639558.712, 60
Trd, 8639558.946, 60
Trd, 8639559.846, 60
Trd, 8639559.979, 67
Trd, 8639560.612, 62
Trd, 8639560.879, 88
Trd, 8639561.646, 89
Trd, 8639561.979, 88
Trd, 8639563.846, 140
Trd, 8639565.146, 140
Trd, 8639566.046, 140
Trd, 8639567.112, 140
Trd, 8639568.046, 140
Trd, 8639568.212, 140
Trd, 8639568.479, 140
Trd, 8639568.746, 140
Trd, 8639568.879, 140
Trd, 8639569.512, 140
Trd, 8639569.612, 140
Trd, 8639570.146, 140
Trd, 8639570.179, 139
Trd, 8639570.312, 140
Trd, 8639570.446, 140
Trd, 8639571.346, 140
Trd, 8639571.546, 140
Trd, 8639572.912, 140
Trd, 8639573.412, 140
Trd, 8639573.612, 139
Trd, 8639577.112, 140
Trd, 8639577.612, 140
Trd, 8639577.846, 140
Trd, 8639578.046, 140
Trd, 8639578.079, 139
Trd, 8639578.179, 139
Trd, 8639578.279, 139
Trd, 8639578.346, 138
Trd, 8639578.546, 137
Trd, 8639578.779, 137
Trd, 8639578.846, 133
Trd, 8639579.779, 138
Trd, 8639580.712, 140
Trd, 8639581.346, 140
Trd, 8639581.679, 140
Trd, 8639583.079, 140
Trd, 8639584.246, 140
Trd, 8639584.546, 140
Trd, 8639585.879, 140
Trd, 8639587.046, 140
Trd, 8639587.579, 140
Trd, 8639587.946, 140
Trd, 8639588.046, 140
Trd, 8639588.746, 140
Trd, 8639589.079, 140
Trd, 8639589.312, 140
Trd, 8639589.446, 140
Trd, 8639589.979, 140
Trd, 8639590.146, 140
Trd, 8639590.412, 140
Trd, 8639590.579, 140
Trd, 8639590.646, 139
Trd, 8639591.079, 132
Trd, 8639591.446, 111
Trd, 8639591.679, 110
Trd, 8639592.679, 123
Trd, 8639593.146, 131
Trd, 8639593.179, 132
Trd, 8639594.512, 139
Trd, 8639595.246, 140
Trd, 8639595.679, 140
Trd, 8639596.046, 140
Trd, 8639596.946, 140
Trd, 8639599.312, 140
Trd, 8639599.812, 140
Trd, 8639599.846, 140
Trd, 8639600.046, 140
Trd, 8639600.179, 140
Trd, 8639600.246, 140
Trd, 8639600.379, 139
Trd, 8639600.446, 139
Trd, 8639600.479, 138
Trd, 8639600.812, 140
Trd, 8639601.846, 140
Trd, 8639603.712, 140
Trd, 8639604.079, 140
Trd, 8639604.379, 140
Trd, 8639604.712, 140
Trd, 8639605.212, 140
Trd, 8639605.279, 139
Trd, 8639605.579, 136
Trd, 8639605.846, 135
Trd, 8639605.879, 137
Trd, 8639606.079, 137
Trd, 8639606.612, 139
Trd, 8639606.946, 133
Trd, 8639608.246, 115
Trd, 8639608.812, 128
Trd, 8639609.112, 127
Trd, 8639609.179, 126
Trd, 8639609.379, 127
Trd, 8639609.579, 127
Trd, 8639609.712, 128
Trd, 8639609.946, 131
Trd, 8639610.379, 97
Trd, 8639611.279, 140
Trd, 8639611.479, 139
Trd, 8639611.546, 140
Trd, 8639612.046, 138
Trd, 8639613.712, 140
Trd, 8639614.312, 140
Trd, 8639614.346, 137
Trd, 8639616.046, 140
Trd, 8639618.079, 140
Trd, 8639618.412, 140
Trd, 8639618.512, 140
Trd, 8639618.779, 140
Trd, 8639618.946, 140
Trd, 8639619.046, 140
Trd, 8639619.079, 140
Trd, 8639619.346, 140
Trd, 8639619.479, 140
Trd, 8639619.779, 140
Trd, 8639620.179, 140
Trd, 8639621.546, 140
Trd, 8639621.979, 140
Trd, 8639622.379, 138
Trd, 8639622.612, 137
Trd, 8639623.979, 140
Trd, 8639624.312, 140
Trd, 8639625.146, 140
Trd, 8639625.946, 138
Trd, 8639626.612, 140
Trd, 8639627.046, 140
Trd, 8639628.146, 140
Trd, 8639628.279, 140
Trd, 8639628.646, 140
Trd, 8639628.746, 140
Trd, 8639628.912, 138
Trd, 8639628.946, 138
Trd, 8639629.079, 138
Trd, 8639629.279, 139
Trd, 8639629.812, 135
Trd, 8639629.846, 117
Trd, 8639630.679, 82
Trd, 8639631.112, 66
Trd, 8639631.379, 91
Trd, 8639632.046, 98
Trd, 8639632.746, 139
Trd, 8639633.646, 140
Trd, 8639633.812, 140
Trd, 8639633.912, 140
Trd, 8639635.279, 140
Trd, 8639635.646, 140
Trd, 8639636.779, 140
Trd, 8639637.712, 140
Trd, 8639638.879, 140
Trd, 8639639.346, 140
Trd, 8639639.746, 140
Trd, 8639640.079, 140
Trd, 8639640.212, 140
Trd, 8639640.746, 140
Trd, 8639640.879, 140
Trd, 8639640.979, 140
Trd, 8639641.179, 140
Trd, 8639641.212, 140
Trd, 8639641.312, 140
Trd, 8639642.046, 139
Trd, 8639642.479, 140
Trd, 8639643.212, 140
Trd, 8639644.346, 140
Trd, 8639644.812, 140
Trd, 8639644.912, 140
Trd, 8639645.179, 140
Trd, 8639646.046, 140
Trd, 8639647.579, 140
Trd, 8639648.146, 140
Trd, 8639649.146, 140
Trd, 8639649.246, 140
Trd, 8639649.279, 139
Trd, 8639649.346, 138
Trd, 8639649.746, 135
Trd, 8639649.846, 134
Trd, 8639650.446, 137
Trd, 8639650.812, 136
Trd, 8639651.646, 126
Trd, 8639651.746, 131
Trd, 8639651.846, 133
Trd, 8639651.979, 133
Trd, 8639652.112, 134
Trd, 8639652.212, 136
Trd, 8639652.379, 132
Trd, 8639652.979, 140
Trd, 8639654.146, 140
Trd, 8639655.079, 140
Trd, 8639655.779, 140
Trd, 8639656.279, 140
Trd, 8639656.779, 140
Trd, 8639658.212, 140
Trd, 8639658.246, 140
Trd, 8639660.712, 140
Trd, 8639660.846, 140
Trd, 8639660.879, 140
Trd, 8639661.312, 140
Trd, 8639661.879, 140
Trd, 8639662.079, 140
Trd, 8639663.479, 140
Trd, 8639663.546, 140
Trd, 8639663.712, 139
Trd, 8639663.812, 139
Trd, 8639664.012, 138
Trd, 8639664.112, 135
Trd, 8639664.446, 126
Trd, 8639665.146, 133
Trd, 8639665.179, 137
Trd, 8639665.979, 140
Trd, 8639666.279, 139
Trd, 8639666.546, 139
Trd, 8639667.312, 136
Trd, 8639668.012, 136
Trd, 8639668.312, 133
Trd, 8639668.779, 133
Trd, 8639668.846, 134
Trd, 8639668.912, 131
Trd, 8639669.212, 134
Trd, 8639669.846, 133
Trd, 8639670.146, 131
Trd, 8639670.212, 82
Trd, 8639670.446, 130
Trd, 8639670.546, 129
Trd, 8639670.846, 131
Trd, 8639671.679, 138
Trd, 8639672.112, 138
Trd, 8639672.446, 138
Trd, 8639673.412, 140
Trd, 8639673.979, 140
Trd, 8639676.446, 140
Trd, 8639676.546, 140
Trd, 8639676.646, 140
Trd, 8639676.712, 140
Trd, 8639677.512, 133
Trd, 8639677.546, 135
Trd, 8639677.879, 129
Trd, 8639678.079, 128
Trd, 8639678.146, 130
Trd, 8639678.612, 128
Trd, 8639678.646, 130
Trd, 8639678.846, 127
Trd, 8639680.079, 140
Trd, 8639681.079, 110
Trd, 8639681.446, 65
Trd, 8639681.879, 66
Trd, 8639682.179, 129
Trd, 8639683.379, 119
Trd, 8639683.846, 117
Trd, 8639684.012, 119
Trd, 8639684.346, 120
Trd, 8639685.146, 70
Trd, 8639685.646, 61
Trd, 8639685.746, 61
Trd, 8639687.346, 60
Trd, 8639687.946, 60
Trd, 8639688.479, 60
Trd, 8639688.846, 60
Trd, 8639688.912, 60
Trd, 8639689.179, 61
Trd, 8639689.479, 61
Trd, 8639689.879, 62
Trd, 8639690.079, 126
Trd, 8639690.946, 140
Trd, 8639691.812, 140
Trd, 8639691.979, 138
Trd, 8639692.046, 66
Trd, 8639692.346, 136
Trd, 8639692.946, 137
Trd, 8639694.146, 140
Trd, 8639694.246, 139
Trd, 8639694.312, 136
Trd, 8639695.746, 138
Trd, 8639696.279, 138
Trd, 8639696.546, 137
Trd, 8639696.979, 140
Trd, 8639698.146, 140
Trd, 8639698.446, 139
Trd, 8639698.712, 138
Trd, 8639699.379, 138
Trd, 8639699.579, 139
Trd, 8639700.012, 138
Trd, 8639700.179, 139
Trd, 8639700.379, 138
Trd, 8639700.512, 137
Trd, 8639700.579, 138
Trd, 8639701.146, 137
Trd, 8639701.779, 136
Trd, 8639702.412, 137
Trd, 8639704.112, 140
Trd, 8639704.279, 140
Trd, 8639704.712, 140
Trd, 8639706.312, 140
Trd, 8639706.879, 140
Trd, 8639707.879, 140
Trd, 8639708.512, 140
Trd, 8639708.812, 140
Trd, 8639709.112, 140
Trd, 8639709.412, 140
Trd, 8639709.446, 140
Trd, 8639709.546, 140
Trd, 8639709.946, 140
Trd, 8639710.446, 140
Trd, 8639711.046, 140
Trd, 8639711.112, 140
Trd, 8639711.179, 140
Trd, 8639712.079, 140
Trd, 8639712.679, 140
Trd, 8639714.412, 140
Trd, 8639714.479, 140
Trd, 8639714.646, 140
Trd, 8639714.712, 140
Trd, 8639714.979, 140
Trd, 8639715.079, 140
Trd, 8639716.412, 140
Trd, 8639716.546, 140
Trd, 8639716.646, 140
Trd, 8639716.846, 139
Trd, 8639717.012, 139
Trd, 8639717.379, 138
Trd, 8639717.412, 138
Trd, 8639717.946, 112
Trd, 8639718.179, 110
Trd, 8639718.212, 112
Trd, 8639718.312, 96
Trd, 8639719.646, 111
Trd, 8639720.079, 110
Trd, 8639720.512, 109
Trd, 8639720.646, 110
Trd, 8639720.979, 112
Trd, 8639721.512, 112
Trd, 8639722.512, 140
Trd, 8639722.612, 140
Trd, 8639724.579, 140
Trd, 8639724.646, 140
Trd, 8639724.712, 140
Trd, 8639724.879, 140
Trd, 8639725.446, 140
Trd, 8639725.479, 140
Trd, 8639725.912, 139
Trd, 8639725.979, 138
Trd, 8639726.079, 137
Trd, 8639726.279, 136
Trd, 8639727.212, 133
Trd, 8639727.646, 131
Trd, 8639727.712, 130
Trd, 8639727.746, 134
Trd, 8639727.846, 135
Trd, 8639728.446, 98
Trd, 8639728.946, 67
Trd, 8639729.412, 134
Trd, 8639729.779, 136
Trd, 8639730.879, 116
Trd, 8639731.246, 118
Trd, 8639731.679, 121
Trd, 8639732.346, 140
Trd, 8639733.779, 140
Trd, 8639734.446, 140
Trd, 8639734.879, 140
Trd, 8639735.012, 140
Trd, 8639735.279, 140
Trd, 8639735.312, 140
Trd, 8639736.312, 140
Trd, 8639736.612, 140
Trd, 8639736.879, 140
Trd, 8639737.246, 140
Trd, 8639737.446, 139
Trd, 8639737.512, 138
Trd, 8639737.779, 139
Trd, 8639737.912, 126
Trd, 8639737.946, 114
Trd, 8639738.379, 136
Trd, 8639739.379, 140
Trd, 8639740.179, 140
Trd, 8639740.846, 140
Trd, 8639741.712, 140
Trd, 8639741.746, 140
Trd, 8639742.546, 138
Trd, 8639743.512, 109
Trd, 8639743.546, 131
Trd, 8639743.646, 108
Trd, 8639743.746, 131
Trd, 8639743.879, 131
Trd, 8639744.879, 111
Trd, 8639745.479, 113
Trd, 8639745.546, 114
Trd, 8639745.579, 110
Trd, 8639745.812, 128
Trd, 8639746.046, 129
Trd, 8639746.779, 139
Trd, 8639749.246, 140
Trd, 8639750.446, 140
Trd, 8639750.479, 140
Trd, 8639750.712, 140
Trd, 8639751.946, 140
Trd, 8639752.579, 140
Trd, 8639752.679, 140
Trd, 8639752.879, 140
Trd, 8639753.246, 140
Trd, 8639754.946, 140
Trd, 8639755.446, 140
Trd, 8639755.646, 139
Trd, 8639755.979, 140
Trd, 8639756.012, 138
Trd, 8639756.379, 136
Trd, 8639756.712, 137
Trd, 8639756.746, 138
Trd, 8639757.046, 134
Trd, 8639757.379, 136
Trd, 8639757.746, 66
Trd, 8639758.079, 136
Trd, 8639758.246, 127
Trd, 8639758.612, 136
Trd, 8639758.879, 140
Trd, 8639759.546, 63
Trd, 8639760.379, 118
Trd, 8639760.512, 120
Trd, 8639760.812, 95
Trd, 8639761.179, 109
Trd, 8639762.212, 125
Trd, 8639762.546, 125
Trd, 8639762.879, 125
Trd, 8639763.646, 126
Trd, 8639763.946, 111
Trd, 8639765.512, 118
Trd, 8639766.179, 139
Trd, 8639766.312, 138
Trd, 8639766.646, 135
Trd, 8639767.212, 132
Trd, 8639767.412, 131
Trd, 8639768.079, 124
Trd, 8639768.146, 126
Trd, 8639768.379, 120
Trd, 8639768.412, 128
Trd, 8639768.712, 60
Trd, 8639769.012, 60
Trd, 8639769.146, 60
Trd, 8639769.379, 60
Trd, 8639769.679, 60
Trd, 8639771.246, 60
Trd, 8639771.446, 60
Trd, 8639771.579, 61
Trd, 8639771.679, 63
Trd, 8639772.046, 61
Trd, 8639773.079, 60
Trd, 8639773.479, 60
Trd, 8639773.779, 61
Trd, 8639774.246, 60
Trd, 8639774.512, 60
Trd, 8639774.546, 61
Trd, 8639774.746, 60
Trd, 8639774.979, 62
Trd, 8639775.346, 64
Trd, 8639775.912, 65
Trd, 8639776.046, 60
Trd, 8639776.912, 66
Trd, 8639777.179, 62
Trd, 8639777.479, 62
Trd, 8639777.646, 66
Trd, 8639778.179, 68
Trd, 8639779.712, 60
Trd, 8639780.012, 60
Trd, 8639780.212, 60
Trd, 8639780.512, 60
Trd, 8639781.079, 60
Trd, 8639781.946, 60
Trd, 8639782.279, 60
Trd, 8639782.846, 60
Trd, 8639783.279, 60
Trd, 8639783.512, 60
Trd, 8639783.746, 61
Trd, 8639783.979, 115
Trd, 8639784.679, 94
Trd, 8639784.879, 64
Trd, 8639785.179, 92
Trd, 8639785.612, 92
Trd, 8639786.279, 66
Trd, 8639786.846, 68
Trd, 8639787.746, 80
Trd, 8639787.812, 86
Trd, 8639787.879, 88
Trd, 8639788.212, 89
Trd, 8639789.812, 140
Trd, 8639791.012, 140
Trd, 8639791.379, 140
Trd, 8639791.946, 140
Trd, 8639792.079, 140
Trd, 8639792.212, 140
Trd, 8639792.312, 140
Trd, 8639792.379, 138
Trd, 8639792.846, 139
Trd, 8639793.079, 140
Trd, 8639793.279, 136
Trd, 8639795.079, 140
Trd, 8639796.112, 140
Trd, 8639796.912, 140
Trd, 8639797.046, 140
Trd, 8639797.246, 140
Trd, 8639797.279, 140
Trd, 8639797.312, 140
Trd, 8639797.446, 140
Trd, 8639797.479, 140
Trd, 8639797.879, 139
Trd, 8639798.446, 129
Trd, 8639798.779, 119
Trd, 8639799.712, 130
Trd, 8639800.412, 125
Trd, 8639800.446, 130
Trd, 8639800.612, 131
Trd, 8639801.412, 128
Trd, 8639802.079, 140
Trd, 8639802.612, 140
Trd, 8639804.179, 140
Trd, 8639804.579, 140
Trd, 8639804.946, 140
Trd, 8639805.646, 140
Trd, 8639805.746, 140
Trd, 8639805.879, 140
Trd, 8639806.012, 140
Trd, 8639806.146, 137
Trd, 8639806.579, 123
Trd, 8639806.679, 124
Trd, 8639807.246, 96
Trd, 8639807.812, 129
Trd, 8639808.179, 129
Trd, 8639808.646, 130
Trd, 8639809.479, 77
Trd, 8639809.612, 71
Trd, 8639810.346, 86
Trd, 8639810.412, 87
Trd, 8639810.746, 140
Trd, 8639812.412, 140
Trd, 8639813.879, 140
Trd, 8639814.179, 140
Trd, 8639814.479, 140
Trd, 8639815.279, 140
Trd, 8639816.212, 140
Trd, 8639817.579, 140
Trd, 8639817.712, 140
Trd, 8639817.912, 140
Trd, 8639818.179, 140
Trd, 8639818.312, 140
Trd, 8639818.479, 140
Trd, 8639818.679, 139
Trd, 8639818.812, 139
Trd, 8639819.146, 140
Trd, 8639820.279, 75
Trd, 8639820.446, 89
Trd, 8639822.312, 140
Trd, 8639823.079, 140
Trd, 8639823.479, 140
Trd, 8639824.046, 140
Trd, 8639824.712, 140
Trd, 8639824.879, 140
Trd, 8639824.912, 140
Trd, 8639825.046, 140
Trd, 8639825.879, 140
Trd, 8639826.079, 140
Trd, 8639826.212, 140
Trd, 8639826.379, 140
Trd, 8639826.412, 139
Trd, 8639826.779, 140
Trd, 8639827.446, 139
Trd, 8639828.246, 140
Trd, 8639831.112, 140
Trd, 8639831.779, 140
Trd, 8639832.112, 140
Trd, 8639832.812, 140
Trd, 8639833.412, 140
Trd, 8639833.546, 140
Trd, 8639833.712, 140
Trd, 8639833.746, 140
Trd, 8639834.012, 140
Trd, 8639834.146, 140
Trd, 8639834.379, 140
Trd, 8639834.679, 140
Trd, 8639835.112, 140
Trd, 8639835.179, 140
Trd, 8639835.479, 140
Trd, 8639835.679, 140
Trd, 8639836.179, 140
Trd, 8639837.379, 140
Trd, 8639837.812, 140
Trd, 8639838.079, 140
Trd, 8639839.512, 139
Trd, 8639839.779, 140
Trd, 8639839.846, 139
Trd, 8639840.146, 139
Trd, 8639840.246, 123
Trd, 8639840.312, 120
Trd, 8639840.612, 137
Trd, 8639841.479, 132
Trd, 8639841.746, 132
Trd, 8639841.879, 134
Trd, 8639842.179, 136
Trd, 8639843.646, 140
Trd, 8639843.912, 140
Trd, 8639846.179, 140
Trd, 8639846.679, 140
Trd, 8639847.312, 140
Trd, 8639847.812, 140
Trd, 8639848.246, 140
Trd, 8639848.479, 140
Trd, 8639848.546, 140
Trd, 8639848.779, 140
Trd, 8639848.912, 139
Trd, 8639849.346, 139
Trd, 8639849.512, 140
Trd, 8639849.646, 139
Trd, 8639851.846, 140
Trd, 8639852.079, 140
Trd, 8639852.112, 140
Trd, 8639854.379, 140
Trd, 8639854.446, 140
Trd, 8639854.479, 140
Trd, 8639854.679, 140
Trd, 8639855.046, 140
Trd, 8639855.079, 134
Trd, 8639855.512, 138
Trd, 8639855.546, 140
Trd, 8639856.146, 131
Trd, 8639856.346, 139
Trd, 8639856.612, 96
Trd, 8639856.946, 138
Trd, 8639857.646, 138
Trd, 8639858.246, 140
Trd, 8639858.312, 140
Trd, 8639858.412, 139
Trd, 8639858.579, 138
Trd, 8639859.046, 106
Trd, 8639859.612, 84
Trd, 8639860.279, 133
Trd, 8639860.512, 133
Trd, 8639860.712, 133
Trd, 8639861.979, 60
Trd, 8639862.312, 61
Trd, 8639862.646, 132
Trd, 8639862.846, 136
Trd, 8639863.646, 140
Trd, 8639865.446, 140
Trd, 8639865.846, 140
Trd, 8639865.979, 140
Trd, 8639866.546, 140
Trd, 8639866.679, 140
Trd, 8639868.079, 140
Trd, 8639868.446, 140
Trd, 8639868.579, 140
Trd, 8639868.846, 140
Trd, 8639869.179, 140
Trd, 8639869.346, 140
Trd, 8639869.646, 138
Trd, 8639870.246, 137
Trd, 8639870.479, 133
Trd, 8639870.646, 136
Trd, 8639871.679, 140
Trd, 8639871.879, 136
Trd, 8639871.979, 136
Trd, 8639872.212, 134
Trd, 8639872.879, 140
Trd, 8639873.846, 140
Trd, 8639874.446, 140
Trd, 8639874.679, 140
Trd, 8639876.746, 140
Trd, 8639877.512, 140
Trd, 8639878.846, 140
Trd, 8639879.079, 140
Trd, 8639879.146, 140
Trd, 8639879.212, 140
Trd, 8639879.312, 140
Trd, 8639879.612, 140
Trd, 8639879.679, 140
Trd, 8639880.046, 139
Trd, 8639880.146, 138
Trd, 8639881.246, 127
Trd, 8639881.646, 114
Trd, 8639882.379, 140
Trd, 8639883.712, 140
Trd, 8639883.746, 140
Trd, 8639884.179, 140
Trd, 8639884.246, 140
Trd, 8639884.412, 140
Trd, 8639884.512, 140
Trd, 8639884.712, 140
Trd, 8639884.979, 140
Trd, 8639885.312, 140
Trd, 8639885.612, 140
Trd, 8639886.379, 140
Trd, 8639886.779, 140
Trd, 8639886.979, 140
Trd, 8639887.512, 140
Trd, 8639888.446, 140
Trd, 8639888.879, 140
Trd, 8639890.412, 140
Trd, 8639892.079, 140
Trd, 8639892.546, 140
Trd, 8639892.679, 140
Trd, 8639893.046, 140
Trd, 8639893.079, 140
Trd, 8639893.146, 140
Trd, 8639893.279, 140
Trd, 8639893.312, 139
Trd, 8639893.512, 137
Trd, 8639893.679, 139
Trd, 8639894.246, 113
Trd, 8639894.346, 138
Trd, 8639894.612, 139
Trd, 8639895.779, 138
Trd, 8639896.479, 139
Trd, 8639897.379, 140
Trd, 8639897.712, 140
Trd, 8639897.779, 139
Trd, 8639898.079, 140
Trd, 8639898.246, 140
Trd, 8639898.446, 140
Trd, 8639898.579, 139
Trd, 8639899.046, 77
Trd, 8639899.379, 140
Trd, 8639900.112, 113
Trd, 8639900.146, 102
Trd, 8639900.246, 134
Trd, 8639901.346, 62
Trd, 8639901.479, 138
Trd, 8639902.512, 95
Trd, 8639903.212, 92
Trd, 8639903.446, 93
Trd, 8639903.779, 94
Trd, 8639903.812, 96
Trd, 8639904.646, 140
Trd, 8639904.812, 140
Trd, 8639906.112, 140
Trd, 8639907.179, 140
Trd, 8639907.246, 140
Trd, 8639907.446, 140
Trd, 8639907.912, 139
Trd, 8639908.012, 140
Trd, 8639908.146, 139
Trd, 8639908.246, 140
Trd, 8639908.612, 140
Trd, 8639910.312, 140
Trd, 8639910.412, 140
Trd, 8639910.746, 140
Trd, 8639913.379, 140
Trd, 8639914.079, 140
Trd, 8639914.212, 140
Trd, 8639914.246, 140
Trd, 8639914.546, 140
Trd, 8639916.412, 140
Trd, 8639917.112, 140
Trd, 8639917.612, 140
Trd, 8639917.679, 140
Trd, 8639917.812, 140
Trd, 8639918.146, 140
Trd, 8639918.679, 140
Trd, 8639918.779, 140
Trd, 8639919.712, 140
Trd, 8639920.012, 140
Trd, 8639920.479, 140
Trd, 8639921.546, 140
Trd, 8639922.279, 140
Trd, 8639922.379, 140
Trd, 8639922.546, 140
Trd, 8639923.079, 140
Trd, 8639923.179, 140
Trd, 8639923.846, 140
Trd, 8639924.412, 140
Trd, 8639924.712, 140
Trd, 8639926.179, 140
Trd, 8639926.212, 140
Trd, 8639926.612, 138
Trd, 8639927.279, 140
Trd, 8639927.646, 138
Trd, 8639927.912, 140
Trd, 8639928.112, 139
Trd, 8639928.379, 140
Trd, 8639928.579, 139
Trd, 8639928.979, 116
Trd, 8639929.779, 140
Trd, 8639930.279, 135
Trd, 8639930.679, 136
Trd, 8639930.812, 113
Trd, 8639931.279, 140
Trd, 8639931.379, 140
Trd, 8639932.179, 138
Trd, 8639932.579, 137
Trd, 8639932.879, 138
Trd, 8639932.912, 135
Trd, 8639932.979, 134
Trd, 8639933.879, 105
Trd, 8639935.346, 99
Trd, 8639935.779, 140
Trd, 8639936.712, 140
Trd, 8639936.912, 140
Trd, 8639937.246, 140
Trd, 8639937.546, 140
Trd, 8639939.112, 140
Trd, 8639939.379, 140
Trd, 8639940.279, 139
Trd, 8639942.012, 140
Trd, 8639942.312, 140
Trd, 8639942.412, 140
Trd, 8639942.546, 140
Trd, 8639942.746, 139
Trd, 8639942.812, 139
Trd, 8639942.946, 139
Trd, 8639943.046, 138
Trd, 8639943.079, 139
Trd, 8639943.179, 134
Trd, 8639943.346, 139
Trd, 8639943.412, 140
Trd, 8639944.746, 96
Trd, 8639946.479, 140
Trd, 8639947.479, 140
Trd, 8639948.112, 140
Trd, 8639948.146, 140
Trd, 8639949.712, 140
Trd, 8639950.612, 140
Trd, 8639950.679, 140
Trd, 8639951.012, 140
Trd, 8639951.146, 140
Trd, 8639951.379, 140
Trd, 8639951.712, 135
Trd, 8639951.946, 139
Trd, 8639952.246, 140
Trd, 8639953.012, 124
Trd, 8639953.312, 124
Trd, 8639953.346, 136
Trd, 8639953.946, 124
Trd, 8639954.079, 131
Trd, 8639954.612, 124
Trd, 8639954.846, 130
Trd, 8639955.579, 128
Trd, 8639955.779, 127
Trd, 8639956.046, 129
Trd, 8639956.279, 127
Trd, 8639958.046, 140
Trd, 8639958.146, 139
Trd, 8639958.812, 140
Trd, 8639958.912, 140
Trd, 8639959.446, 139
Trd, 8639960.946, 140
Trd, 8639961.012, 140
Trd, 8639961.379, 139
Trd, 8639961.579, 139
Trd, 8639961.779, 138
Trd, 8639962.412, 138
Trd, 8639962.679, 136
Trd, 8639962.746, 116
Trd, 8639962.979, 134
Trd, 8639963.612, 104
Trd, 8639964.379, 124
Trd, 8639964.812, 108
Trd, 8639964.946, 97
Trd, 8639965.446, 103
Trd, 8639966.412, 64
Trd, 8639966.546, 65
Trd, 8639967.279, 62
Trd, 8639967.479, 63
Trd, 8639968.579, 107
Trd, 8639968.912, 120
Trd, 8639969.412, 120
Trd, 8639969.512, 109
Trd, 8639971.112, 77
Trd, 8639971.146, 79
Trd, 8639971.512, 80
Trd, 8639972.012, 84
Trd, 8639972.112, 85
Trd, 8639972.679, 91
Trd, 8639973.279, 87
Trd, 8639973.346, 88
Trd, 8639973.512, 90
Trd, 8639973.612, 91
Trd, 8639973.646, 85
Trd, 8639973.746, 69
Trd, 8639974.446, 108
Trd, 8639974.479, 128
Trd, 8639975.479, 63
Trd, 8639975.979, 60
Trd, 8639977.146, 60
Trd, 8639978.212, 60
Trd, 8639978.579, 60
Trd, 8639979.012, 60
Trd, 8639979.212, 60
Trd, 8639979.379, 60
Trd, 8639979.712, 60
Trd, 8639979.912, 60
Trd, 8639979.979, 69
Trd, 8639981.346, 61
Trd, 8639981.446, 62
Trd, 8639981.879, 60
Trd, 8639982.046, 60
Trd, 8639982.512, 60
Trd, 8639982.612, 63
Trd, 8639983.279, 87
Trd, 8639983.479, 127
Trd, 8639984.446, 127
Trd, 8639984.612, 67
Trd, 8639985.579, 62
Trd, 8639986.412, 60
Trd, 8639986.812, 60
Trd, 8639986.879, 60
Trd, 8639987.579, 60
Trd, 8639988.146, 60
Trd, 8639988.212, 60
Trd, 8639988.646, 60
Trd, 8639989.979, 60
Trd, 8639990.379, 60
Trd, 8639990.479, 60
Trd, 8639990.679, 60
Trd, 8639991.179, 60
Trd, 8639991.246, 64
Trd, 8639992.179, 65
Trd, 8639992.646, 62
Trd, 8639992.946, 107
Trd, 8639993.646, 63
Trd, 8639995.046, 140
Trd, 8639995.779, 140
Trd, 8639996.412, 140
Trd, 8639996.979, 140
Trd, 8639997.246, 140
Trd, 8639998.079, 140
Trd, 8639998.912, 140
Trd, 8639998.946, 140
Trd, 8639999.246, 140
Trd, 8639999.346, 140
