Trd, 8638741.812, 139
Trd, 8638741.912, 126
Trd, 8638742.446, 140
Trd, 8638743.712, 135
Trd, 8638744.146, 120
Trd, 8638744.612, 139
Trd, 8638744.679, 137
Trd, 8638745.279, 136
Trd, 8638746.046, 133
Trd, 8638746.079, 114
Trd, 8638746.679, 95
Trd, 8638746.979, 117
Trd, 8638747.212, 71
Trd, 8638747.946, 72
Trd, 8638748.079, 108
Trd, 8638748.512, 111
Trd, 8638748.679, 140
Trd, 8638749.779, 135
Trd, 8638749.979, 117
Trd, 8638751.146, 98
Trd, 8638751.879, 110
Trd, 8638751.979, 126
Trd, 8638752.079, 117
Trd, 8638752.512, 112
Trd, 8638752.546, 104
Trd, 8638753.912, 140
Trd, 8638754.412, 138
Trd, 8638754.812, 135
Trd, 8638755.079, 107
Trd, 8638755.212, 64
Trd, 8638755.346, 138
Trd, 8638756.446, 111
Trd, 8638757.379, 85
Trd, 8638757.846, 102
Trd, 8638758.679, 129
Trd, 8638759.012, 124
Trd, 8638760.612, 136
Trd, 8638760.746, 135
Trd, 8638760.846, 133
Trd, 8638760.946, 126
Trd, 8638761.612, 123
Trd, 8638761.946, 108
Trd, 8638761.979, 107
Trd, 8638762.746, 136
Trd, 8638763.012, 117
Trd, 8638763.146, 112
Trd, 8638763.546, 90
Trd, 8638764.712, 129
Trd, 8638764.979, 139
Trd, 8638765.379, 105
Trd, 8638765.412, 104
Trd, 8638765.912, 103
Trd, 8638766.679, 85
Trd, 8638766.746, 93
Trd, 8638766.912, 115
Trd, 8638767.446, 136
Trd, 8638767.646, 78
Trd, 8638768.012, 71
Trd, 8638769.512, 122
Trd, 8638769.779, 133
Trd, 8638769.979, 122
Trd, 8638771.979, 140
Trd, 8638772.079, 140
Trd, 8638772.179, 113
Trd, 8638772.946, 99
Trd, 8638773.146, 128
Trd, 8638773.346, 122
Trd, 8638773.812, 88
Trd, 8638773.912, 76
Trd, 8638773.979, 91
Trd, 8638774.579, 116
Trd, 8638776.179, 132
Trd, 8638776.346, 131
Trd, 8638776.879, 130
Trd, 8638777.112, 120
Trd, 8638777.446, 110
Trd, 8638778.779, 128
Trd, 8638779.112, 127
Trd, 8638779.312, 124
Trd, 8638779.379, 101
Trd, 8638779.712, 104
Trd, 8638780.646, 78
Trd, 8638780.812, 103
Trd, 8638780.846, 127
Trd, 8638781.512, 96
Trd, 8638781.879, 90
Trd, 8638782.879, 118
Trd, 8638783.246, 95
Trd, 8638783.712, 94
Trd, 8638784.246, 87
Trd, 8638784.279, 79
Trd, 8638784.412, 90
Trd, 8638784.846, 137
Trd, 8638785.012, 136
Trd, 8638786.379, 106
Trd, 8638786.746, 129
Trd, 8638786.812, 128
Trd, 8638787.379, 99
Trd, 8638787.979, 103
Trd, 8638788.646, 124
Trd, 8638789.079, 136
Trd, 8638790.012, 136
Trd, 8638790.879, 140
Trd, 8638791.379, 111
Trd, 8638791.579, 111
Trd, 8638791.846, 110
Trd, 8638792.112, 95
Trd, 8638792.146, 94
Trd, 8638792.846, 137
Trd, 8638793.712, 124
Trd, 8638793.746, 118
Trd, 8638794.312, 125
Trd, 8638794.779, 78
Trd, 8638795.346, 139
Trd, 8638795.646, 86
Trd, 8638795.746, 61
Trd, 8638796.146, 126
Trd, 8638797.046, 138
Trd, 8638797.712, 102
Trd, 8638798.112, 103
Trd, 8638798.246, 106
Trd, 8638798.912, 117
Trd, 8638799.679, 111
Trd, 8638799.879, 99
Trd, 8638799.979, 98
Trd, 8638800.246, 97
Trd, 8638801.912, 132
Trd, 8638802.179, 140
Trd, 8638802.646, 122
Trd, 8638803.179, 121
Trd, 8638803.979, 120
Trd, 8638804.146, 119
Trd, 8638804.346, 85
Trd, 8638804.879, 93
Trd, 8638805.212, 140
Trd, 8638806.379, 130
Trd, 8638806.412, 127
Trd, 8638806.679, 132
Trd, 8638807.179, 85
Trd, 8638807.546, 92
Trd, 8638808.012, 94
Trd, 8638808.279, 131
Trd, 8638809.179, 120
Trd, 8638809.712, 121
Trd, 8638809.879, 119
Trd, 8638810.046, 113
Trd, 8638810.246, 132
Trd, 8638810.912, 121
Trd, 8638810.946, 117
Trd, 8638812.646, 118
Trd, 8638812.746, 108
Trd, 8638813.679, 126
Trd, 8638814.112, 125
Trd, 8638814.446, 100
Trd, 8638814.712, 113
Trd, 8638814.812, 96
Trd, 8638815.279, 137
Trd, 8638815.646, 128
Trd, 8638815.846, 125
Trd, 8638816.612, 133
Trd, 8638817.046, 132
Trd, 8638817.446, 115
Trd, 8638817.946, 116
Trd, 8638818.379, 140
Trd, 8638818.912, 99
Trd, 8638819.179, 71
Trd, 8638819.879, 140
Trd, 8638821.779, 136
Trd, 8638822.112, 130
Trd, 8638822.146, 129
Trd, 8638823.279, 109
Trd, 8638823.312, 106
Trd, 8638823.679, 88
Trd, 8638824.112, 90
Trd, 8638824.179, 86
Trd, 8638824.546, 95
Trd, 8638825.212, 105
Trd, 8638825.812, 122
Trd, 8638825.879, 94
Trd, 8638826.846, 65
Trd, 8638827.212, 138
Trd, 8638828.146, 140
Trd, 8638828.179, 127
Trd, 8638829.079, 102
Trd, 8638829.412, 83
Trd, 8638830.146, 86
Trd, 8638830.212, 91
Trd, 8638830.479, 127
Trd, 8638830.779, 138
Trd, 8638831.812, 83
Trd, 8638832.379, 74
Trd, 8638832.546, 64
Trd, 8638833.179, 82
Trd, 8638833.612, 78
Trd, 8638834.079, 76
Trd, 8638834.479, 70
Trd, 8638834.746, 123
Trd, 8638834.946, 133
Trd, 8638835.612, 122
Trd, 8638835.946, 132
Trd, 8638836.379, 124
Trd, 8638836.412, 118
Trd, 8638837.146, 139
Trd, 8638838.479, 99
Trd, 8638838.712, 102
Trd, 8638839.846, 94
Trd, 8638839.946, 79
Trd, 8638840.212, 100
Trd, 8638840.946, 139
Trd, 8638841.079, 117
Trd, 8638841.112, 103
Trd, 8638842.946, 102
Trd, 8638842.979, 99
Trd, 8638843.679, 128
Trd, 8638843.846, 118
Trd, 8638844.146, 102
Trd, 8638845.179, 125
Trd, 8638845.746, 122
Trd, 8638845.912, 128
Trd, 8638846.579, 138
Trd, 8638847.146, 126
Trd, 8638847.246, 125
Trd, 8638847.312, 105
Trd, 8638847.946, 117
Trd, 8638848.012, 131
Trd, 8638849.512, 137
Trd, 8638850.946, 121
Trd, 8638851.446, 114
Trd, 8638851.646, 97
Trd, 8638851.879, 128
Trd, 8638852.879, 134
Trd, 8638853.346, 102
Trd, 8638853.546, 140
Trd, 8638854.079, 103
Trd, 8638854.512, 140
Trd, 8638854.579, 109
Trd, 8638855.179, 114
Trd, 8638855.446, 107
Trd, 8638855.612, 88
Trd, 8638855.846, 85
Trd, 8638856.146, 100
Trd, 8638856.712, 66
Trd, 8638857.546, 92
Trd, 8638858.512, 140
Trd, 8638858.846, 125
Trd, 8638859.412, 115
Trd, 8638859.712, 129
Trd, 8638861.212, 140
Trd, 8638861.746, 140
Trd, 8638862.279, 135
Trd, 8638862.679, 130
Trd, 8638862.879, 112
Trd, 8638863.446, 122
Trd, 8638863.479, 103
Trd, 8638864.079, 95
Trd, 8638864.246, 94
Trd, 8638864.346, 124
Trd, 8638864.446, 126
Trd, 8638864.912, 128
Trd, 8638865.379, 117
Trd, 8638865.612, 74
Trd, 8638866.646, 60
Trd, 8638866.779, 60
Trd, 8638867.212, 134
Trd, 8638868.679, 112
Trd, 8638868.846, 71
Trd, 8638869.246, 110
Trd, 8638870.212, 140
Trd, 8638870.279, 139
Trd, 8638871.079, 133
Trd, 8638871.179, 132
Trd, 8638871.279, 131
Trd, 8638871.679, 110
Trd, 8638871.746, 99
Trd, 8638872.279, 97
Trd, 8638872.679, 109
Trd, 8638872.979, 139
Trd, 8638873.212, 101
Trd, 8638873.579, 121
Trd, 8638874.479, 116
Trd, 8638875.679, 100
Trd, 8638876.046, 137
Trd, 8638876.179, 128
Trd, 8638876.279, 127
Trd, 8638876.612, 126
Trd, 8638876.679, 111
Trd, 8638877.746, 76
Trd, 8638879.479, 138
Trd, 8638879.679, 110
Trd, 8638880.879, 120
Trd, 8638881.112, 101
Trd, 8638881.479, 125
Trd, 8638882.346, 124
Trd, 8638882.412, 121
Trd, 8638882.679, 139
Trd, 8638884.246, 140
Trd, 8638884.312, 140
Trd, 8638885.346, 139
Trd, 8638886.379, 137
Trd, 8638886.512, 135
Trd, 8638886.546, 127
Trd, 8638887.579, 130
Trd, 8638888.146, 131
Trd, 8638888.746, 111
Trd, 8638889.012, 110
Trd, 8638889.046, 88
Trd, 8638891.012, 140
Trd, 8638891.612, 135
Trd, 8638892.346, 133
Trd, 8638892.612, 112
Trd, 8638892.679, 100
Trd, 8638893.879, 128
Trd, 8638894.412, 136
Trd, 8638895.246, 140
Trd, 8638895.346, 139
Trd, 8638895.746, 125
Trd, 8638896.212, 119
Trd, 8638896.912, 118
Trd, 8638897.679, 108
Trd, 8638897.746, 104
Trd, 8638897.812, 103
Trd, 8638898.479, 137
Trd, 8638898.979, 111
Trd, 8638899.112, 111
Trd, 8638900.746, 125
Trd, 8638901.579, 125
Trd, 8638901.746, 132
Trd, 8638902.712, 93
Trd, 8638903.479, 140
Trd, 8638903.546, 140
Trd, 8638904.546, 140
Trd, 8638905.146, 140
Trd, 8638905.179, 132
Trd, 8638905.879, 140
Trd, 8638906.112, 125
Trd, 8638906.512, 137
Trd, 8638906.612, 125
Trd, 8638906.846, 135
Trd, 8638907.279, 124
Trd, 8638908.546, 124
Trd, 8638909.246, 138
Trd, 8638909.446, 140
Trd, 8638909.679, 120
Trd, 8638910.512, 111
Trd, 8638910.712, 107
Trd, 8638911.012, 86
Trd, 8638911.346, 75
Trd, 8638911.512, 140
Trd, 8638912.112, 105
Trd, 8638913.412, 122
Trd, 8638913.479, 108
Trd, 8638913.846, 87
Trd, 8638914.412, 84
Trd, 8638915.279, 82
Trd, 8638915.312, 100
Trd, 8638915.379, 61
Trd, 8638915.779, 139
Trd, 8638915.946, 112
Trd, 8638917.479, 132
Trd, 8638917.946, 140
Trd, 8638918.579, 136
Trd, 8638919.379, 122
Trd, 8638919.479, 101
Trd, 8638920.479, 124
Trd, 8638920.946, 139
Trd, 8638921.012, 119
Trd, 8638922.612, 134
Trd, 8638923.112, 133
Trd, 8638923.246, 104
Trd, 8638923.712, 111
Trd, 8638924.479, 140
Trd, 8638924.512, 112
Trd, 8638924.579, 107
Trd, 8638925.379, 112
Trd, 8638925.446, 100
Trd, 8638925.946, 94
Trd, 8638925.979, 106
Trd, 8638926.779, 139
Trd, 8638927.146, 92
Trd, 8638927.279, 126
Trd, 8638927.446, 73
Trd, 8638929.812, 127
Trd, 8638930.579, 136
Trd, 8638930.612, 135
Trd, 8638931.212, 132
Trd, 8638931.579, 136
Trd, 8638932.812, 105
Trd, 8638933.246, 130
Trd, 8638933.379, 117
Trd, 8638933.812, 104
Trd, 8638933.979, 81
Trd, 8638934.046, 81
Trd, 8638934.446, 123
Trd, 8638935.279, 100
Trd, 8638935.379, 99
Trd, 8638936.046, 106
Trd, 8638937.346, 131
Trd, 8638938.312, 140
Trd, 8638938.379, 130
Trd, 8638938.946, 122
Trd, 8638939.079, 118
Trd, 8638939.812, 108
Trd, 8638940.246, 99
Trd, 8638940.512, 97
Trd, 8638940.679, 74
Trd, 8638941.712, 135
Trd, 8638942.979, 122
Trd, 8638943.146, 138
Trd, 8638943.179, 118
Trd, 8638943.212, 103
Trd, 8638943.812, 120
Trd, 8638944.212, 120
Trd, 8638945.412, 129
Trd, 8638945.612, 123
Trd, 8638945.812, 133
Trd, 8638946.112, 117
Trd, 8638946.379, 92
Trd, 8638946.979, 122
Trd, 8638947.346, 92
Trd, 8638947.879, 126
Trd, 8638948.546, 107
Trd, 8638948.879, 100
Trd, 8638949.446, 121
Trd, 8638950.546, 117
Trd, 8638950.946, 107
Trd, 8638951.246, 125
Trd, 8638951.479, 114
Trd, 8638951.646, 106
Trd, 8638951.846, 76
Trd, 8638952.112, 131
Trd, 8638952.346, 68
Trd, 8638952.912, 67
Trd, 8638953.846, 125
Trd, 8638954.312, 124
Trd, 8638954.446, 90
Trd, 8638955.212, 125
Trd, 8638955.446, 134
Trd, 8638955.846, 89
Trd, 8638955.879, 85
Trd, 8638956.646, 95
Trd, 8638956.812, 138
Trd, 8638957.012, 127
Trd, 8638957.279, 92
Trd, 8638958.146, 119
Trd, 8638959.046, 121
Trd, 8638959.846, 140
Trd, 8638960.079, 130
Trd, 8638960.479, 129
Trd, 8638960.879, 127
Trd, 8638962.579, 120
Trd, 8638962.679, 118
Trd, 8638962.946, 108
Trd, 8638963.779, 108
Trd, 8638963.912, 107
Trd, 8638964.579, 130
Trd, 8638964.746, 100
Trd, 8638965.446, 137
Trd, 8638966.846, 132
Trd, 8638967.279, 127
Trd, 8638967.346, 126
Trd, 8638967.479, 128
Trd, 8638967.912, 127
Trd, 8638968.046, 126
Trd, 8638968.812, 124
Trd, 8638968.979, 120
Trd, 8638969.046, 119
Trd, 8638969.079, 118
Trd, 8638969.412, 140
Trd, 8638971.212, 93
Trd, 8638971.346, 93
Trd, 8638971.879, 124
Trd, 8638972.046, 131
Trd, 8638973.012, 113
Trd, 8638973.412, 94
Trd, 8638974.412, 109
Trd, 8638974.879, 129
Trd, 8638975.312, 128
Trd, 8638976.212, 140
Trd, 8638976.812, 140
Trd, 8638977.479, 139
Trd, 8638977.679, 139
Trd, 8638977.946, 138
Trd, 8638978.146, 135
Trd, 8638978.312, 106
Trd, 8638978.446, 88
Trd, 8638978.746, 123
Trd, 8638979.446, 113
Trd, 8638979.779, 140
Trd, 8638979.912, 109
Trd, 8638980.612, 136
Trd, 8638981.579, 131
Trd, 8638982.512, 140
Trd, 8638982.879, 139
Trd, 8638982.946, 130
Trd, 8638983.179, 130
Trd, 8638983.279, 129
Trd, 8638984.879, 121
Trd, 8638985.246, 111
Trd, 8638985.379, 130
Trd, 8638986.012, 120
Trd, 8638986.412, 138
Trd, 8638986.512, 116
Trd, 8638986.579, 109
Trd, 8638987.846, 138
Trd, 8638988.112, 133
Trd, 8638989.612, 135
Trd, 8638989.812, 124
Trd, 8638989.912, 116
Trd, 8638989.979, 116
Trd, 8638990.246, 118
Trd, 8638990.512, 117
Trd, 8638990.912, 140
Trd, 8638991.479, 114
Trd, 8638992.479, 118
Trd, 8638992.812, 139
Trd, 8638992.879, 113
Trd, 8638993.812, 102
Trd, 8638994.279, 97
Trd, 8638996.046, 140
Trd, 8638996.246, 113
Trd, 8638996.479, 105
Trd, 8638996.679, 104
Trd, 8638997.279, 127
Trd, 8638997.612, 109
Trd, 8638998.312, 113
Trd, 8638998.579, 108
Trd, 8638998.812, 109
Trd, 8638999.446, 109
Trd, 8638999.579, 108
Trd, 8638999.712, 84
Trd, 8639000.046, 125
Trd, 8639000.279, 136
Trd, 8639000.846, 140
Trd, 8639001.046, 124
Trd, 8639001.446, 108
Trd, 8639001.912, 127
Trd, 8639003.046, 140
Trd, 8639003.446, 125
Trd, 8639003.579, 115
Trd, 8639003.846, 116
Trd, 8639004.746, 130
Trd, 8639004.946, 113
Trd, 8639005.079, 107
Trd, 8639007.146, 140
Trd, 8639007.246, 140
Trd, 8639007.512, 140
Trd, 8639008.046, 104
Trd, 8639009.812, 140
Trd, 8639010.046, 110
Trd, 8639010.246, 107
Trd, 8639011.012, 122
Trd, 8639011.246, 113
Trd, 8639011.312, 99
Trd, 8639011.612, 70
Trd, 8639011.712, 116
Trd, 8639012.712, 134
Trd, 8639013.012, 122
Trd, 8639014.012, 131
Trd, 8639014.412, 140
Trd, 8639015.146, 139
Trd, 8639015.312, 138
Trd, 8639015.746, 129
Trd, 8639016.179, 135
Trd, 8639016.712, 122
Trd, 8639016.946, 94
Trd, 8639017.712, 92
Trd, 8639018.112, 117
Trd, 8639019.079, 132
Trd, 8639019.346, 125
Trd, 8639020.379, 112
Trd, 8639020.579, 111
Trd, 8639020.946, 107
Trd, 8639021.046, 136
Trd, 8639021.346, 87
Trd, 8639022.079, 114
Trd, 8639022.312, 92
Trd, 8639023.246, 99
Trd, 8639023.446, 98
Trd, 8639023.479, 92
Trd, 8639023.646, 128
Trd, 8639024.879, 140
Trd, 8639025.746, 121
Trd, 8639026.112, 120
Trd, 8639026.312, 117
Trd, 8639028.079, 116
Trd, 8639028.212, 115
Trd, 8639028.246, 119
Trd, 8639028.646, 110
Trd, 8639029.146, 137
Trd, 8639029.379, 135
Trd, 8639029.879, 121
Trd, 8639029.979, 109
Trd, 8639030.279, 92
Trd, 8639030.612, 90
Trd, 8639031.046, 66
Trd, 8639031.346, 65
Trd, 8639031.746, 99
Trd, 8639031.812, 64
Trd, 8639032.679, 77
Trd, 8639034.112, 99
Trd, 8639035.346, 140
Trd, 8639035.379, 140
Trd, 8639035.646, 136
Trd, 8639035.679, 99
Trd, 8639037.446, 140
Trd, 8639038.146, 140
Trd, 8639038.412, 126
Trd, 8639038.546, 125
Trd, 8639038.579, 107
Trd, 8639039.346, 110
Trd, 8639040.446, 132
Trd, 8639041.112, 136
Trd, 8639042.479, 138
Trd, 8639042.779, 136
Trd, 8639042.879, 134
Trd, 8639043.012, 129
Trd, 8639043.446, 127
Trd, 8639044.646, 128
Trd, 8639045.112, 126
Trd, 8639045.579, 134
Trd, 8639045.946, 126
Trd, 8639046.212, 125
Trd, 8639046.612, 99
Trd, 8639047.212, 136
Trd, 8639047.479, 96
Trd, 8639047.512, 73
Trd, 8639048.712, 99
Trd, 8639048.912, 91
Trd, 8639049.612, 108
Trd, 8639050.579, 112
Trd, 8639051.279, 137
Trd, 8639051.979, 140
Trd, 8639052.146, 140
Trd, 8639052.579, 137
Trd, 8639053.212, 134
Trd, 8639053.546, 114
Trd, 8639054.012, 95
Trd, 8639054.412, 128
Trd, 8639054.546, 94
Trd, 8639055.546, 139
Trd, 8639055.712, 129
Trd, 8639056.012, 128
Trd, 8639056.112, 122
Trd, 8639056.412, 91
Trd, 8639057.046, 98
Trd, 8639057.712, 138
Trd, 8639057.946, 119
Trd, 8639058.312, 105
Trd, 8639059.446, 92
Trd, 8639060.346, 130
Trd, 8639060.512, 123
Trd, 8639061.446, 126
Trd, 8639061.646, 140
Trd, 8639061.712, 119
Trd, 8639062.812, 100
Trd, 8639063.512, 71
Trd, 8639064.646, 127
Trd, 8639066.146, 140
Trd, 8639066.279, 140
Trd, 8639066.546, 138
Trd, 8639067.112, 139
Trd, 8639067.346, 118
Trd, 8639067.446, 117
Trd, 8639067.912, 107
Trd, 8639068.879, 120
Trd, 8639069.379, 132
Trd, 8639071.412, 140
Trd, 8639071.679, 139
Trd, 8639071.812, 138
Trd, 8639072.379, 125
Trd, 8639072.812, 135
Trd, 8639072.912, 132
Trd, 8639073.479, 130
Trd, 8639074.112, 140
Trd, 8639074.579, 139
Trd, 8639075.112, 136
Trd, 8639075.379, 129
Trd, 8639075.779, 125
Trd, 8639076.946, 116
Trd, 8639077.112, 116
Trd, 8639077.412, 115
Trd, 8639077.479, 134
Trd, 8639077.812, 113
Trd, 8639078.046, 112
Trd, 8639078.712, 120
Trd, 8639078.779, 116
Trd, 8639079.412, 115
Trd, 8639079.879, 113
Trd, 8639080.712, 127
Trd, 8639081.112, 123
Trd, 8639081.779, 138
Trd, 8639082.412, 103
Trd, 8639082.479, 100
Trd, 8639083.246, 136
Trd, 8639083.746, 140
Trd, 8639083.779, 136
Trd, 8639083.879, 80
Trd, 8639084.012, 80
Trd, 8639085.212, 137
Trd, 8639085.546, 136
Trd, 8639086.412, 124
Trd, 8639086.712, 131
Trd, 8639087.112, 105
Trd, 8639088.346, 128
Trd, 8639088.979, 126
Trd, 8639089.112, 104
Trd, 8639089.546, 132
Trd, 8639089.912, 140
Trd, 8639089.979, 102
Trd, 8639090.046, 87
Trd, 8639090.446, 83
Trd, 8639091.579, 125
Trd, 8639091.912, 125
Trd, 8639092.512, 113
Trd, 8639093.146, 140
Trd, 8639093.646, 136
Trd, 8639094.412, 132
Trd, 8639094.479, 126
Trd, 8639094.746, 77
Trd, 8639095.879, 136
Trd, 8639095.946, 134
Trd, 8639096.179, 137
Trd, 8639097.912, 140
Trd, 8639097.946, 140
Trd, 8639098.012, 137
Trd, 8639099.212, 140
Trd, 8639099.479, 128
Trd, 8639100.512, 123
Trd, 8639100.679, 115
Trd, 8639101.546, 115
Trd, 8639102.012, 97
Trd, 8639102.046, 121
Trd, 8639102.746, 116
Trd, 8639103.246, 94
Trd, 8639103.779, 95
Trd, 8639104.112, 124
Trd, 8639104.679, 122
Trd, 8639104.712, 125
Trd, 8639105.312, 126
Trd, 8639105.412, 138
Trd, 8639105.946, 124
Trd, 8639106.146, 98
Trd, 8639106.379, 91
Trd, 8639106.612, 63
Trd, 8639107.279, 137
Trd, 8639108.479, 139
Trd, 8639108.579, 129
Trd, 8639108.979, 138
Trd, 8639109.612, 139
Trd, 8639109.779, 138
Trd, 8639110.412, 132
Trd, 8639111.012, 140
Trd, 8639111.412, 136
Trd, 8639111.912, 135
Trd, 8639112.479, 140
Trd, 8639112.612, 122
Trd, 8639113.779, 126
Trd, 8639113.946, 123
Trd, 8639114.812, 139
Trd, 8639114.912, 132
Trd, 8639115.012, 109
Trd, 8639115.879, 92
Trd, 8639116.312, 95
Trd, 8639116.579, 107
Trd, 8639117.179, 119
Trd, 8639117.779, 136
Trd, 8639118.779, 138
Trd, 8639119.646, 137
Trd, 8639120.346, 136
Trd, 8639120.412, 105
Trd, 8639120.946, 111
Trd, 8639121.079, 92
Trd, 8639121.412, 94
Trd, 8639121.679, 139
Trd, 8639121.946, 86
Trd, 8639122.379, 139
Trd, 8639122.879, 100
Trd, 8639123.446, 138
Trd, 8639124.012, 126
Trd, 8639125.279, 96
Trd, 8639125.512, 79
Trd, 8639126.212, 93
Trd, 8639126.379, 98
Trd, 8639127.046, 95
Trd, 8639127.146, 115
Trd, 8639127.446, 75
Trd, 8639127.912, 115
Trd, 8639128.112, 132
Trd, 8639128.979, 97
Trd, 8639129.879, 101
Trd, 8639130.346, 94
Trd, 8639130.479, 93
Trd, 8639130.579, 103
Trd, 8639131.246, 124
Trd, 8639131.312, 118
Trd, 8639132.046, 126
Trd, 8639132.412, 114
Trd, 8639132.679, 113
Trd, 8639133.346, 97
Trd, 8639133.746, 131
Trd, 8639134.479, 116
Trd, 8639135.446, 127
Trd, 8639136.312, 132
Trd, 8639137.212, 139
Trd, 8639137.779, 124
Trd, 8639137.846, 108
Trd, 8639138.512, 140
Trd, 8639138.579, 139
Trd, 8639138.612, 97
Trd, 8639139.279, 97
Trd, 8639139.612, 82
Trd, 8639140.046, 114
Trd, 8639140.179, 97
Trd, 8639141.746, 139
Trd, 8639141.912, 138
Trd, 8639142.179, 132
Trd, 8639142.412, 88
Trd, 8639143.179, 140
Trd, 8639144.079, 135
Trd, 8639144.612, 95
Trd, 8639144.912, 139
Trd, 8639145.179, 96
Trd, 8639146.246, 120
Trd, 8639146.312, 115
Trd, 8639146.746, 95
Trd, 8639146.912, 97
Trd, 8639147.046, 86
Trd, 8639147.979, 131
Trd, 8639148.112, 106
Trd, 8639148.612, 87
Trd, 8639149.112, 126
Trd, 8639149.579, 135
Trd, 8639149.746, 134
Trd, 8639150.812, 138
Trd, 8639151.046, 107
Trd, 8639151.946, 107
Trd, 8639152.079, 108
Trd, 8639152.946, 126
Trd, 8639153.279, 113
Trd, 8639153.346, 123
Trd, 8639153.546, 112
Trd, 8639154.146, 140
Trd, 8639154.212, 111
Trd, 8639154.479, 99
Trd, 8639154.712, 91
Trd, 8639155.046, 121
Trd, 8639155.646, 96
Trd, 8639156.279, 118
Trd, 8639156.779, 137
Trd, 8639157.446, 133
Trd, 8639158.046, 132
Trd, 8639158.379, 125
Trd, 8639158.812, 106
Trd, 8639159.412, 110
Trd, 8639160.612, 91
Trd, 8639160.979, 111
Trd, 8639162.212, 129
Trd, 8639162.446, 129
Trd, 8639162.512, 128
Trd, 8639162.546, 133
Trd, 8639163.146, 139
Trd, 8639163.746, 95
Trd, 8639164.112, 116
Trd, 8639164.446, 140
Trd, 8639165.579, 135
Trd, 8639165.812, 135
Trd, 8639166.246, 134
Trd, 8639166.446, 123
Trd, 8639166.946, 112
Trd, 8639167.512, 113
Trd, 8639168.246, 139
Trd, 8639168.779, 91
Trd, 8639169.146, 105
Trd, 8639169.612, 117
Trd, 8639169.912, 128
Trd, 8639170.046, 133
Trd, 8639170.512, 105
Trd, 8639171.379, 121
Trd, 8639172.646, 126
Trd, 8639172.812, 125
Trd, 8639172.979, 101
Trd, 8639173.412, 123
Trd, 8639173.779, 123
Trd, 8639173.946, 124
Trd, 8639174.646, 131
Trd, 8639174.746, 112
Trd, 8639177.079, 132
Trd, 8639177.112, 130
Trd, 8639178.412, 140
Trd, 8639179.279, 136
Trd, 8639179.546, 119
Trd, 8639179.812, 108
Trd, 8639180.146, 123
Trd, 8639180.212, 108
Trd, 8639180.446, 105
Trd, 8639180.746, 136
Trd, 8639180.979, 118
Trd, 8639181.112, 140
Trd, 8639182.046, 104
Trd, 8639182.279, 108
Trd, 8639182.646, 111
Trd, 8639182.812, 103
Trd, 8639183.112, 84
Trd, 8639183.412, 90
Trd, 8639183.579, 77
Trd, 8639184.912, 122
Trd, 8639185.346, 86
Trd, 8639186.012, 74
Trd, 8639186.846, 140
Trd, 8639187.412, 106
Trd, 8639188.746, 98
Trd, 8639188.846, 79
Trd, 8639189.046, 140
Trd, 8639190.079, 124
Trd, 8639190.479, 140
Trd, 8639190.679, 139
Trd, 8639190.746, 100
Trd, 8639190.979, 127
Trd, 8639191.012, 77
Trd, 8639192.046, 129
Trd, 8639192.112, 89
Trd, 8639192.879, 61
Trd, 8639192.979, 61
Trd, 8639193.012, 63
Trd, 8639193.379, 67
Trd, 8639194.112, 106
Trd, 8639194.312, 104
Trd, 8639195.446, 119
Trd, 8639195.546, 114
Trd, 8639195.879, 134
Trd, 8639196.246, 92
Trd, 8639197.179, 97
Trd, 8639197.546, 140
Trd, 8639198.179, 137
Trd, 8639198.346, 97
Trd, 8639199.246, 136
Trd, 8639200.279, 111
Trd, 8639200.412, 107
Trd, 8639200.646, 123
Trd, 8639201.812, 108
Trd, 8639202.346, 130
Trd, 8639203.379, 129
Trd, 8639203.612, 139
Trd, 8639203.912, 115
Trd, 8639204.012, 115
Trd, 8639204.612, 140
Trd, 8639205.746, 129
Trd, 8639206.246, 125
Trd, 8639206.412, 127
Trd, 8639206.446, 120
Trd, 8639207.212, 140
Trd, 8639207.646, 140
Trd, 8639208.312, 134
Trd, 8639208.612, 133
Trd, 8639208.912, 103
Trd, 8639210.546, 109
Trd, 8639211.312, 129
Trd, 8639211.579, 128
Trd, 8639212.179, 125
Trd, 8639212.379, 126
Trd, 8639212.446, 125
Trd, 8639213.279, 136
Trd, 8639213.312, 114
Trd, 8639213.712, 131
Trd, 8639214.779, 126
Trd, 8639215.912, 125
Trd, 8639216.146, 127
Trd, 8639216.346, 126
Trd, 8639217.346, 137
Trd, 8639218.546, 140
Trd, 8639218.946, 130
Trd, 8639219.412, 127
Trd, 8639220.112, 127
Trd, 8639220.179, 131
Trd, 8639220.212, 123
Trd, 8639220.579, 115
Trd, 8639220.846, 115
Trd, 8639221.512, 96
Trd, 8639221.946, 127
Trd, 8639223.146, 140
Trd, 8639224.112, 137
Trd, 8639224.179, 136
Trd, 8639224.446, 124
Trd, 8639225.012, 109
Trd, 8639225.779, 133
Trd, 8639226.279, 129
Trd, 8639226.512, 129
Trd, 8639226.612, 128
Trd, 8639226.679, 122
Trd, 8639226.746, 105
Trd, 8639227.146, 110
Trd, 8639228.146, 119
Trd, 8639228.479, 100
Trd, 8639228.512, 90
Trd, 8639229.246, 139
Trd, 8639230.146, 106
Trd, 8639230.279, 135
Trd, 8639230.346, 126
Trd, 8639230.912, 108
Trd, 8639231.479, 94
Trd, 8639231.746, 117
Trd, 8639231.812, 110
Trd, 8639232.412, 87
Trd, 8639232.446, 85
Trd, 8639233.412, 119
Trd, 8639234.246, 140
Trd, 8639234.479, 112
Trd, 8639235.579, 126
Trd, 8639235.712, 108
Trd, 8639235.979, 69
Trd, 8639236.446, 135
Trd, 8639237.946, 139
Trd, 8639238.112, 138
Trd, 8639238.712, 138
Trd, 8639238.846, 125
Trd, 8639238.879, 111
Trd, 8639239.346, 96
Trd, 8639239.479, 94
Trd, 8639239.812, 138
Trd, 8639241.312, 140
Trd, 8639241.679, 139
Trd, 8639242.046, 139
Trd, 8639242.946, 140
Trd, 8639243.212, 140
Trd, 8639243.379, 136
Trd, 8639243.579, 121
Trd, 8639244.079, 118
Trd, 8639244.512, 101
Trd, 8639244.646, 118
Trd, 8639245.146, 127
Trd, 8639245.246, 103
Trd, 8639245.312, 104
Trd, 8639247.012, 123
Trd, 8639247.212, 110
Trd, 8639247.546, 86
Trd, 8639248.312, 140
Trd, 8639248.679, 120
Trd, 8639249.012, 137
Trd, 8639249.946, 120
Trd, 8639250.312, 120
Trd, 8639251.479, 125
Trd, 8639251.946, 124
Trd, 8639252.546, 140
Trd, 8639252.979, 137
Trd, 8639253.679, 123
Trd, 8639254.946, 140
Trd, 8639255.246, 139
Trd, 8639255.546, 129
Trd, 8639255.612, 128
Trd, 8639255.712, 124
Trd, 8639256.012, 129
Trd, 8639256.546, 128
Trd, 8639256.612, 127
Trd, 8639259.412, 130
Trd, 8639260.012, 110
Trd, 8639260.346, 138
Trd, 8639260.879, 138
Trd, 8639260.912, 135
Trd, 8639262.012, 139
Trd, 8639262.079, 138
Trd, 8639262.746, 121
Trd, 8639262.779, 112
Trd, 8639263.479, 89
Trd, 8639263.679, 107
Trd, 8639263.846, 87
Trd, 8639263.912, 112
Trd, 8639264.379, 136
Trd, 8639265.246, 123
Trd, 8639265.312, 114
Trd, 8639265.612, 139
Trd, 8639266.112, 110
Trd, 8639267.479, 112
Trd, 8639268.246, 110
Trd, 8639268.846, 111
Trd, 8639269.379, 108
Trd, 8639269.479, 134
Trd, 8639270.246, 108
Trd, 8639270.579, 124
Trd, 8639270.746, 139
Trd, 8639270.846, 106
Trd, 8639271.979, 131
Trd, 8639272.546, 100
Trd, 8639272.712, 79
Trd, 8639273.046, 64
Trd, 8639274.846, 105
Trd, 8639274.946, 104
Trd, 8639275.146, 108
Trd, 8639275.412, 92
Trd, 8639275.446, 115
Trd, 8639275.579, 138
Trd, 8639276.746, 118
Trd, 8639277.212, 129
Trd, 8639277.512, 122
Trd, 8639278.679, 123
Trd, 8639279.679, 124
Trd, 8639280.079, 120
Trd, 8639280.479, 116
Trd, 8639280.779, 116
Trd, 8639281.646, 139
Trd, 8639282.346, 140
Trd, 8639282.446, 140
Trd, 8639282.512, 131
Trd, 8639282.846, 114
Trd, 8639284.179, 135
Trd, 8639284.512, 139
Trd, 8639285.012, 128
Trd, 8639285.246, 114
Trd, 8639285.312, 108
Trd, 8639285.846, 91
Trd, 8639286.412, 67
Trd, 8639287.546, 84
Trd, 8639287.646, 72
Trd, 8639288.312, 94
Trd, 8639288.546, 64
Trd, 8639288.712, 66
Trd, 8639288.846, 67
Trd, 8639289.912, 128
Trd, 8639290.279, 127
Trd, 8639290.646, 117
Trd, 8639290.712, 108
Trd, 8639291.312, 138
Trd, 8639291.846, 106
Trd, 8639292.012, 82
Trd, 8639292.679, 136
Trd, 8639293.712, 95
Trd, 8639294.212, 137
Trd, 8639294.379, 113
Trd, 8639294.879, 98
Trd, 8639295.079, 94
Trd, 8639295.879, 139
Trd, 8639296.212, 117
Trd, 8639296.812, 140
Trd, 8639297.112, 112
Trd, 8639297.146, 107
Trd, 8639298.179, 135
Trd, 8639298.312, 129
Trd, 8639298.479, 110
Trd, 8639298.579, 104
Trd, 8639298.779, 121
Trd, 8639299.012, 106
Trd, 8639299.512, 80
Trd, 8639299.812, 113
Trd, 8639300.479, 104
Trd, 8639300.812, 103
Trd, 8639300.879, 84
Trd, 8639302.412, 115
Trd, 8639303.846, 140
Trd, 8639304.879, 140
Trd, 8639304.946, 139
Trd, 8639305.212, 131
Trd, 8639305.246, 101
Trd, 8639305.446, 139
Trd, 8639305.812, 136
Trd, 8639305.912, 104
Trd, 8639306.079, 103
Trd, 8639306.912, 110
Trd, 8639307.246, 87
Trd, 8639307.512, 89
Trd, 8639307.546, 91
Trd, 8639308.279, 119
Trd, 8639308.779, 120
Trd, 8639310.246, 104
Trd, 8639310.379, 108
Trd, 8639310.446, 103
Trd, 8639310.646, 123
Trd, 8639311.312, 117
Trd, 8639311.646, 85
Trd, 8639312.279, 94
Trd, 8639312.912, 101
Trd, 8639313.179, 119
Trd, 8639313.212, 101
Trd, 8639314.879, 134
Trd, 8639314.979, 124
Trd, 8639315.046, 123
Trd, 8639315.312, 115
Trd, 8639315.612, 138
Trd, 8639316.079, 112
Trd, 8639316.646, 115
Trd, 8639316.679, 106
Trd, 8639317.812, 118
Trd, 8639318.379, 121
Trd, 8639318.879, 131
Trd, 8639319.079, 88
Trd, 8639319.546, 84
Trd, 8639319.579, 82
Trd, 8639320.212, 140
Trd, 8639321.446, 140
Trd, 8639322.379, 140
Trd, 8639322.812, 132
Trd, 8639323.679, 132
Trd, 8639324.279, 86
Trd, 8639324.579, 132
Trd, 8639324.646, 82
Trd, 8639325.379, 140
Trd, 8639325.612, 138
Trd, 8639325.646, 78
Trd, 8639325.812, 122
Trd, 8639326.046, 115
Trd, 8639326.379, 74
Trd, 8639327.379, 74
Trd, 8639327.712, 90
Trd, 8639327.879, 119
Trd, 8639328.446, 78
Trd, 8639329.246, 121
Trd, 8639329.412, 78
Trd, 8639330.512, 140
Trd, 8639331.512, 140
Trd, 8639331.612, 136
Trd, 8639332.012, 122
Trd, 8639332.079, 102
Trd, 8639332.512, 124
Trd, 8639333.012, 133
Trd, 8639333.646, 127
Trd, 8639334.646, 140
Trd, 8639334.746, 140
Trd, 8639335.112, 140
Trd, 8639335.646, 97
Trd, 8639336.379, 92
Trd, 8639336.679, 70
Trd, 8639336.712, 87
Trd, 8639337.412, 89
Trd, 8639337.846, 133
Trd, 8639338.112, 138
Trd, 8639339.379, 82
Trd, 8639339.512, 106
Trd, 8639339.612, 75
Trd, 8639339.746, 65
Trd, 8639341.046, 69
Trd, 8639341.112, 79
Trd, 8639342.012, 118
Trd, 8639343.012, 86
Trd, 8639343.379, 90
Trd, 8639344.446, 130
Trd, 8639344.612, 125
Trd, 8639345.179, 124
Trd, 8639345.846, 102
Trd, 8639345.879, 85
Trd, 8639347.546, 92
Trd, 8639347.679, 88
Trd, 8639347.779, 123
Trd, 8639348.012, 105
Trd, 8639348.079, 83
Trd, 8639348.146, 128
Trd, 8639349.579, 131
Trd, 8639350.312, 138
Trd, 8639351.879, 140
Trd, 8639352.179, 138
Trd, 8639352.412, 133
Trd, 8639352.512, 131
Trd, 8639353.879, 125
Trd, 8639354.146, 123
Trd, 8639354.246, 120
Trd, 8639354.512, 116
Trd, 8639355.246, 116
Trd, 8639355.312, 115
Trd, 8639356.012, 121
Trd, 8639356.479, 131
Trd, 8639356.946, 115
Trd, 8639358.279, 136
Trd, 8639358.912, 139
Trd, 8639359.046, 132
Trd, 8639359.612, 133
Trd, 8639360.212, 126
Trd, 8639360.412, 118
Trd, 8639360.446, 107
Trd, 8639360.812, 129
Trd, 8639361.246, 124
Trd, 8639362.512, 114
Trd, 8639363.346, 128
Trd, 8639363.879, 88
Trd, 8639364.012, 87
Trd, 8639364.946, 137
Trd, 8639365.746, 107
Trd, 8639367.112, 135
Trd, 8639367.146, 119
Trd, 8639367.712, 118
Trd, 8639369.246, 128
Trd, 8639369.379, 132
Trd, 8639369.546, 127
Trd, 8639369.612, 123
Trd, 8639370.312, 139
Trd, 8639370.946, 111
Trd, 8639372.179, 139
Trd, 8639372.446, 138
Trd, 8639372.912, 119
Trd, 8639373.746, 137
Trd, 8639373.846, 126
Trd, 8639375.346, 139
Trd, 8639376.112, 120
Trd, 8639376.279, 126
Trd, 8639377.212, 99
Trd, 8639377.346, 131
Trd, 8639377.612, 80
Trd, 8639378.479, 140
Trd, 8639378.512, 120
Trd, 8639380.746, 139
Trd, 8639380.779, 138
Trd, 8639381.179, 137
Trd, 8639381.712, 134
Trd, 8639382.046, 132
Trd, 8639382.346, 135
Trd, 8639382.512, 97
Trd, 8639383.579, 140
Trd, 8639384.079, 140
Trd, 8639384.346, 140
Trd, 8639385.146, 98
Trd, 8639385.579, 109
Trd, 8639386.312, 89
Trd, 8639386.412, 81
Trd, 8639386.612, 103
Trd, 8639387.079, 95
Trd, 8639387.312, 89
Trd, 8639387.712, 111
Trd, 8639387.979, 140
Trd, 8639389.212, 134
Trd, 8639389.279, 133
Trd, 8639390.479, 138
Trd, 8639391.046, 138
Trd, 8639391.412, 137
Trd, 8639391.846, 124
Trd, 8639392.412, 119
Trd, 8639392.679, 102
Trd, 8639393.446, 101
Trd, 8639394.146, 84
Trd, 8639394.312, 92
Trd, 8639394.446, 97
Trd, 8639395.046, 84
Trd, 8639397.012, 109
Trd, 8639397.146, 127
Trd, 8639397.912, 126
Trd, 8639398.979, 140
Trd, 8639399.412, 130
Trd, 8639399.812, 107
Trd, 8639399.846, 107
Trd, 8639400.979, 65
Trd, 8639401.046, 67
Trd, 8639401.346, 67
Trd, 8639401.679, 62
Trd, 8639402.112, 76
Trd, 8639403.446, 140
Trd, 8639403.579, 140
Trd, 8639404.212, 139
Trd, 8639404.312, 136
Trd, 8639405.512, 121
Trd, 8639405.612, 118
Trd, 8639406.379, 104
Trd, 8639406.979, 117
Trd, 8639407.479, 117
Trd, 8639407.546, 116
Trd, 8639407.646, 124
Trd, 8639408.079, 100
Trd, 8639410.412, 112
Trd, 8639410.446, 111
Trd, 8639411.079, 124
Trd, 8639411.179, 113
Trd, 8639411.779, 124
Trd, 8639412.079, 140
Trd, 8639412.712, 119
Trd, 8639413.312, 118
Trd, 8639413.712, 103
Trd, 8639415.279, 140
Trd, 8639415.846, 137
Trd, 8639416.346, 119
Trd, 8639416.579, 107
Trd, 8639416.746, 107
Trd, 8639416.812, 79
Trd, 8639417.712, 129
Trd, 8639417.946, 136
Trd, 8639418.346, 128
Trd, 8639418.546, 108
Trd, 8639419.112, 61
Trd, 8639419.546, 98
Trd, 8639420.012, 97
Trd, 8639420.779, 96
Trd, 8639420.846, 66
Trd, 8639421.279, 97
Trd, 8639421.379, 108
Trd, 8639421.546, 80
Trd, 8639421.712, 125
Trd, 8639421.779, 101
Trd, 8639421.979, 100
Trd, 8639422.779, 97
Trd, 8639422.912, 131
Trd, 8639423.212, 102
Trd, 8639424.079, 111
Trd, 8639424.246, 92
Trd, 8639424.379, 65
Trd, 8639424.846, 129
Trd, 8639425.779, 118
Trd, 8639426.179, 82
Trd, 8639426.246, 81
Trd, 8639427.079, 117
Trd, 8639428.146, 140
Trd, 8639429.179, 107
Trd, 8639429.279, 105
Trd, 8639429.679, 118
Trd, 8639430.479, 120
Trd, 8639431.246, 121
Trd, 8639431.312, 119
Trd, 8639431.612, 128
Trd, 8639432.079, 140
Trd, 8639432.179, 139
Trd, 8639432.512, 137
Trd, 8639432.679, 127
Trd, 8639433.112, 91
Trd, 8639433.412, 110
Trd, 8639434.179, 137
Trd, 8639434.612, 111
Trd, 8639434.712, 108
Trd, 8639435.512, 102
Trd, 8639435.879, 118
Trd, 8639436.112, 125
Trd, 8639437.846, 122
Trd, 8639437.912, 120
Trd, 8639438.079, 93
Trd, 8639438.312, 92
Trd, 8639439.379, 140
Trd, 8639440.179, 140
Trd, 8639440.412, 140
Trd, 8639440.812, 140
Trd, 8639441.212, 139
Trd, 8639443.246, 138
Trd, 8639443.346, 123
Trd, 8639443.379, 108
Trd, 8639443.546, 105
Trd, 8639443.912, 140
Trd, 8639444.212, 121
Trd, 8639445.012, 135
Trd, 8639445.212, 107
Trd, 8639445.279, 106
Trd, 8639445.812, 98
Trd, 8639446.079, 78
Trd, 8639446.512, 84
Trd, 8639447.279, 61
Trd, 8639448.246, 60
Trd, 8639449.112, 63
Trd, 8639449.346, 107
Trd, 8639449.812, 127
Trd, 8639450.546, 103
Trd, 8639451.046, 101
Trd, 8639452.046, 127
Trd, 8639453.479, 140
Trd, 8639453.712, 139
Trd, 8639453.779, 139
Trd, 8639453.912, 139
Trd, 8639454.546, 139
Trd, 8639455.212, 125
Trd, 8639455.612, 108
Trd, 8639455.912, 79
Trd, 8639456.046, 84
Trd, 8639456.712, 126
Trd, 8639456.779, 125
Trd, 8639457.379, 138
Trd, 8639457.579, 131
Trd, 8639457.679, 139
Trd, 8639457.846, 95
Trd, 8639458.779, 117
Trd, 8639459.779, 101
Trd, 8639460.379, 104
Trd, 8639461.412, 134
Trd, 8639461.712, 133
Trd, 8639462.079, 131
Trd, 8639462.412, 116
Trd, 8639462.479, 104
Trd, 8639462.546, 92
Trd, 8639463.679, 100
Trd, 8639464.412, 101
Trd, 8639464.646, 106
Trd, 8639465.246, 115
Trd, 8639465.946, 101
Trd, 8639466.379, 106
Trd, 8639466.779, 112
Trd, 8639466.946, 130
Trd, 8639467.246, 135
Trd, 8639467.579, 93
Trd, 8639468.179, 113
Trd, 8639468.379, 102
Trd, 8639469.912, 92
Trd, 8639470.046, 125
Trd, 8639470.079, 88
Trd, 8639470.646, 75
Trd, 8639470.846, 68
Trd, 8639471.179, 72
Trd, 8639472.179, 133
Trd, 8639473.012, 139
Trd, 8639473.279, 95
Trd, 8639473.812, 137
Trd, 8639473.879, 136
Trd, 8639474.146, 112
Trd, 8639474.312, 108
Trd, 8639475.079, 90
Trd, 8639476.046, 140
Trd, 8639476.579, 112
Trd, 8639476.612, 120
Trd, 8639476.746, 89
Trd, 8639478.646, 90
Trd, 8639479.379, 114
Trd, 8639480.379, 113
Trd, 8639480.446, 106
Trd, 8639480.879, 96
Trd, 8639481.146, 89
Trd, 8639481.579, 104
Trd, 8639481.946, 140
Trd, 8639482.479, 83
Trd, 8639483.079, 70
Trd, 8639483.379, 120
Trd, 8639484.346, 127
Trd, 8639484.979, 128
Trd, 8639485.712, 126
Trd, 8639486.246, 116
Trd, 8639486.312, 135
Trd, 8639486.812, 126
Trd, 8639486.912, 112
Trd, 8639487.446, 95
Trd, 8639488.712, 101
Trd, 8639489.246, 100
Trd, 8639489.712, 128
Trd, 8639490.679, 122
Trd, 8639490.812, 99
Trd, 8639491.879, 139
Trd, 8639492.379, 134
Trd, 8639492.579, 134
Trd, 8639492.946, 132
Trd, 8639493.746, 97
Trd, 8639494.212, 130
Trd, 8639494.779, 140
Trd, 8639494.912, 139
Trd, 8639495.279, 138
Trd, 8639495.479, 118
Trd, 8639496.179, 140
Trd, 8639496.646, 138
Trd, 8639496.712, 100
Trd, 8639497.046, 109
Trd, 8639497.246, 95
Trd, 8639497.579, 62
Trd, 8639497.612, 104
Trd, 8639498.012, 64
Trd, 8639500.012, 138
Trd, 8639500.446, 137
Trd, 8639500.479, 136
Trd, 8639501.179, 135
Trd, 8639501.246, 128
Trd, 8639501.279, 114
Trd, 8639501.979, 115
Trd, 8639502.446, 113
Trd, 8639502.912, 118
Trd, 8639503.779, 139
Trd, 8639504.412, 139
Trd, 8639506.379, 140
Trd, 8639506.779, 134
Trd, 8639506.879, 133
Trd, 8639507.312, 109
Trd, 8639507.479, 98
Trd, 8639508.946, 111
Trd, 8639509.512, 135
Trd, 8639510.412, 125
Trd, 8639510.479, 123
Trd, 8639510.879, 125
Trd, 8639511.312, 104
Trd, 8639511.612, 92
Trd, 8639512.279, 114
Trd, 8639513.012, 102
Trd, 8639513.379, 94
Trd, 8639513.712, 77
Trd, 8639515.079, 140
Trd, 8639515.379, 129
Trd, 8639515.712, 134
Trd, 8639515.746, 125
Trd, 8639517.679, 135
Trd, 8639517.779, 134
Trd, 8639517.812, 132
Trd, 8639517.846, 121
Trd, 8639518.012, 107
Trd, 8639518.312, 101
Trd, 8639518.679, 110
Trd, 8639518.812, 75
Trd, 8639519.646, 140
Trd, 8639520.279, 97
Trd, 8639520.612, 83
Trd, 8639520.779, 82
Trd, 8639521.312, 116
Trd, 8639522.546, 127
Trd, 8639523.046, 122
Trd, 8639523.212, 115
Trd, 8639523.979, 130
Trd, 8639524.046, 130
Trd, 8639524.412, 129
Trd, 8639524.512, 98
Trd, 8639524.846, 132
Trd, 8639525.379, 87
Trd, 8639525.712, 96
Trd, 8639526.946, 115
Trd, 8639528.046, 140
Trd, 8639528.079, 138
Trd, 8639529.179, 123
Trd, 8639529.879, 129
Trd, 8639530.912, 108
Trd, 8639531.546, 133
Trd, 8639531.912, 105
Trd, 8639532.679, 105
Trd, 8639533.146, 137
Trd, 8639533.279, 94
Trd, 8639533.479, 83
Trd, 8639533.879, 74
Trd, 8639534.546, 140
Trd, 8639535.512, 122
Trd, 8639535.846, 139
Trd, 8639535.912, 121
Trd, 8639536.179, 139
Trd, 8639536.879, 120
Trd, 8639537.012, 134
Trd, 8639537.146, 107
Trd, 8639537.446, 92
Trd, 8639537.979, 81
Trd, 8639539.112, 131
Trd, 8639539.712, 113
Trd, 8639540.012, 132
Trd, 8639540.679, 132
Trd, 8639540.779, 125
Trd, 8639540.846, 113
Trd, 8639541.779, 140
Trd, 8639542.179, 140
Trd, 8639543.112, 129
Trd, 8639544.146, 130
Trd, 8639544.779, 127
Trd, 8639545.512, 133
Trd, 8639546.212, 99
Trd, 8639546.346, 89
Trd, 8639546.712, 79
Trd, 8639547.412, 88
Trd, 8639547.579, 64
Trd, 8639548.146, 66
Trd, 8639549.412, 112
Trd, 8639549.446, 126
Trd, 8639549.846, 139
Trd, 8639550.312, 140
Trd, 8639550.679, 140
Trd, 8639550.946, 119
Trd, 8639551.179, 80
Trd, 8639551.479, 114
Trd, 8639551.746, 74
Trd, 8639552.379, 63
Trd, 8639552.712, 63
Trd, 8639553.012, 74
Trd, 8639553.946, 87
Trd, 8639554.912, 69
Trd, 8639555.779, 72
Trd, 8639556.146, 113
Trd, 8639556.812, 71
Trd, 8639556.946, 104
Trd, 8639557.046, 91
Trd, 8639557.212, 81
Trd, 8639558.046, 125
Trd, 8639559.146, 133
Trd, 8639559.546, 140
Trd, 8639559.746, 140
Trd, 8639559.846, 140
Trd, 8639560.279, 133
Trd, 8639560.512, 114
Trd, 8639561.079, 80
Trd, 8639562.079, 122
Trd, 8639562.212, 100
Trd, 8639562.379, 92
Trd, 8639562.812, 93
Trd, 8639562.946, 129
Trd, 8639563.279, 75
Trd, 8639563.579, 105
Trd, 8639563.812, 111
Trd, 8639565.012, 114
Trd, 8639565.046, 97
Trd, 8639565.279, 104
Trd, 8639565.879, 129
Trd, 8639567.979, 139
Trd, 8639568.079, 138
Trd, 8639568.246, 136
Trd, 8639568.346, 134
Trd, 8639569.146, 132
Trd, 8639569.412, 131
Trd, 8639569.546, 130
Trd, 8639569.679, 125
Trd, 8639570.312, 114
Trd, 8639571.612, 139
Trd, 8639572.412, 117
Trd, 8639572.546, 114
Trd, 8639572.879, 104
Trd, 8639573.379, 134
Trd, 8639574.112, 136
Trd, 8639574.446, 95
Trd, 8639574.612, 92
Trd, 8639574.779, 109
Trd, 8639575.212, 102
Trd, 8639575.879, 127
Trd, 8639577.079, 73
Trd, 8639577.412, 105
Trd, 8639577.712, 132
Trd, 8639578.179, 140
Trd, 8639578.479, 116
Trd, 8639578.679, 94
Trd, 8639578.912, 101
Trd, 8639579.212, 98
Trd, 8639579.412, 89
Trd, 8639580.179, 127
Trd, 8639581.446, 119
Trd, 8639581.546, 120
Trd, 8639582.446, 139
Trd, 8639582.912, 124
Trd, 8639583.312, 130
Trd, 8639583.646, 124
Trd, 8639583.812, 125
Trd, 8639583.946, 123
Trd, 8639584.179, 131
Trd, 8639584.546, 96
Trd, 8639584.979, 111
Trd, 8639586.079, 125
Trd, 8639586.146, 114
Trd, 8639586.946, 120
Trd, 8639587.312, 127
Trd, 8639587.412, 126
Trd, 8639587.512, 119
Trd, 8639587.579, 84
Trd, 8639588.812, 140
Trd, 8639588.846, 138
Trd, 8639589.412, 134
Trd, 8639590.212, 126
Trd, 8639590.246, 121
Trd, 8639590.379, 128
Trd, 8639591.212, 92
Trd, 8639592.312, 69
Trd, 8639592.546, 65
Trd, 8639592.979, 131
Trd, 8639593.146, 131
Trd, 8639593.279, 130
Trd, 8639593.446, 97
Trd, 8639594.912, 138
Trd, 8639595.112, 132
Trd, 8639595.746, 132
Trd, 8639597.446, 137
Trd, 8639597.479, 136
Trd, 8639597.846, 119
Trd, 8639599.446, 140
Trd, 8639600.612, 140
Trd, 8639600.779, 140
Trd, 8639600.846, 133
Trd, 8639601.279, 137
Trd, 8639601.512, 132
Trd, 8639602.612, 119
Trd, 8639603.979, 136
Trd, 8639604.046, 135
Trd, 8639604.512, 138
Trd, 8639604.812, 137
Trd, 8639605.412, 137
Trd, 8639605.712, 136
Trd, 8639605.879, 134
Trd, 8639607.112, 139
Trd, 8639607.946, 127
Trd, 8639608.179, 125
Trd, 8639608.546, 139
Trd, 8639608.712, 124
Trd, 8639608.846, 110
Trd, 8639609.446, 122
Trd, 8639610.379, 124
Trd, 8639610.412, 123
Trd, 8639610.579, 130
Trd, 8639610.879, 126
Trd, 8639611.146, 90
Trd, 8639611.779, 126
Trd, 8639612.112, 126
Trd, 8639612.712, 98
Trd, 8639613.079, 109
Trd, 8639614.479, 131
Trd, 8639614.546, 103
Trd, 8639614.912, 138
Trd, 8639614.946, 96
Trd, 8639615.246, 98
Trd, 8639615.612, 129
Trd, 8639615.946, 124
Trd, 8639616.379, 101
Trd, 8639616.646, 123
Trd, 8639617.812, 105
Trd, 8639618.379, 111
Trd, 8639618.512, 126
Trd, 8639619.112, 140
Trd, 8639619.946, 140
Trd, 8639620.012, 140
Trd, 8639620.146, 118
Trd, 8639620.346, 108
Trd, 8639621.279, 137
Trd, 8639622.812, 131
Trd, 8639623.246, 139
Trd, 8639623.712, 129
Trd, 8639623.746, 124
Trd, 8639623.879, 112
Trd, 8639624.312, 103
Trd, 8639624.512, 122
Trd, 8639624.879, 102
Trd, 8639625.212, 93
Trd, 8639626.179, 131
Trd, 8639626.646, 133
Trd, 8639627.212, 101
Trd, 8639627.812, 135
Trd, 8639627.912, 138
Trd, 8639628.579, 115
Trd, 8639628.646, 140
Trd, 8639629.079, 114
Trd, 8639629.146, 110
Trd, 8639629.546, 118
Trd, 8639629.846, 118
Trd, 8639630.446, 103
Trd, 8639631.912, 140
Trd, 8639632.246, 128
Trd, 8639632.346, 119
Trd, 8639632.979, 129
Trd, 8639633.046, 128
Trd, 8639633.312, 121
Trd, 8639634.012, 102
Trd, 8639634.479, 110
Trd, 8639635.079, 96
Trd, 8639635.312, 121
Trd, 8639635.946, 127
Trd, 8639635.979, 132
Trd, 8639636.512, 140
Trd, 8639636.946, 140
Trd, 8639636.979, 140
Trd, 8639637.479, 129
Trd, 8639638.012, 95
Trd, 8639638.079, 95
Trd, 8639639.912, 127
Trd, 8639640.012, 106
Trd, 8639640.046, 105
Trd, 8639640.746, 127
Trd, 8639641.679, 126
Trd, 8639642.412, 129
Trd, 8639642.512, 137
Trd, 8639642.846, 124
Trd, 8639642.879, 115
Trd, 8639644.279, 140
Trd, 8639644.646, 140
Trd, 8639644.979, 123
Trd, 8639645.512, 131
Trd, 8639645.579, 117
Trd, 8639646.412, 132
Trd, 8639646.546, 131
Trd, 8639646.612, 104
Trd, 8639646.846, 100
Trd, 8639647.412, 113
Trd, 8639647.812, 131
Trd, 8639648.046, 112
Trd, 8639648.179, 98
Trd, 8639650.179, 118
Trd, 8639650.946, 120
Trd, 8639651.112, 118
Trd, 8639651.479, 87
Trd, 8639651.812, 96
Trd, 8639652.146, 87
Trd, 8639652.679, 123
Trd, 8639652.946, 129
Trd, 8639653.412, 140
Trd, 8639653.646, 92
Trd, 8639654.112, 128
Trd, 8639654.212, 117
Trd, 8639654.479, 113
Trd, 8639654.879, 114
Trd, 8639654.979, 138
Trd, 8639655.446, 103
Trd, 8639655.912, 102
Trd, 8639656.412, 62
Trd, 8639657.079, 140
Trd, 8639657.412, 123
Trd, 8639657.979, 101
Trd, 8639658.179, 107
Trd, 8639658.912, 87
Trd, 8639660.879, 136
Trd, 8639661.112, 133
Trd, 8639661.879, 139
Trd, 8639661.946, 125
Trd, 8639662.012, 95
Trd, 8639662.612, 94
Trd, 8639663.346, 102
Trd, 8639663.512, 99
Trd, 8639664.312, 110
Trd, 8639664.746, 139
Trd, 8639665.279, 117
Trd, 8639665.612, 116
Trd, 8639665.746, 107
Trd, 8639666.412, 83
Trd, 8639667.112, 138
Trd, 8639667.779, 110
Trd, 8639669.012, 140
Trd, 8639669.279, 139
Trd, 8639669.912, 140
Trd, 8639669.946, 133
Trd, 8639670.279, 132
Trd, 8639670.712, 139
Trd, 8639670.746, 130
Trd, 8639670.946, 102
Trd, 8639672.579, 119
Trd, 8639673.246, 119
Trd, 8639673.512, 112
Trd, 8639673.812, 111
Trd, 8639674.179, 136
Trd, 8639674.679, 139
Trd, 8639674.879, 127
Trd, 8639674.946, 122
Trd, 8639675.346, 119
Trd, 8639676.779, 133
Trd, 8639677.212, 135
Trd, 8639677.279, 132
Trd, 8639677.446, 128
Trd, 8639677.679, 129
Trd, 8639678.346, 107
Trd, 8639678.679, 106
Trd, 8639678.779, 90
Trd, 8639680.079, 140
Trd, 8639680.712, 140
Trd, 8639681.212, 115
Trd, 8639681.679, 133
Trd, 8639682.746, 135
Trd, 8639682.879, 117
Trd, 8639683.212, 115
Trd, 8639683.412, 113
Trd, 8639684.146, 140
Trd, 8639685.279, 140
Trd, 8639685.379, 132
Trd, 8639686.746, 139
Trd, 8639687.146, 140
Trd, 8639688.112, 139
Trd, 8639688.812, 136
Trd, 8639688.979, 136
Trd, 8639689.179, 135
Trd, 8639689.646, 135
Trd, 8639689.746, 130
Trd, 8639690.312, 126
Trd, 8639691.046, 135
Trd, 8639691.579, 128
Trd, 8639692.912, 129
Trd, 8639693.579, 121
Trd, 8639693.612, 94
Trd, 8639693.846, 92
Trd, 8639693.979, 89
Trd, 8639694.112, 99
Trd, 8639694.312, 134
Trd, 8639695.612, 118
Trd, 8639695.946, 118
Trd, 8639697.146, 114
Trd, 8639697.179, 113
Trd, 8639697.846, 119
Trd, 8639698.146, 107
Trd, 8639698.412, 105
Trd, 8639698.712, 105
Trd, 8639698.812, 120
Trd, 8639699.979, 96
Trd, 8639700.079, 79
Trd, 8639700.746, 138
Trd, 8639702.246, 139
Trd, 8639702.779, 119
Trd, 8639702.812, 118
Trd, 8639703.912, 130
Trd, 8639703.979, 108
Trd, 8639704.546, 124
Trd, 8639704.712, 110
Trd, 8639705.079, 104
Trd, 8639705.346, 139
Trd, 8639706.079, 122
Trd, 8639707.446, 139
Trd, 8639708.246, 107
Trd, 8639708.746, 130
Trd, 8639709.112, 120
Trd, 8639709.446, 116
Trd, 8639709.612, 104
Trd, 8639710.446, 134
Trd, 8639710.579, 133
Trd, 8639710.946, 111
Trd, 8639710.979, 104
Trd, 8639711.612, 85
Trd, 8639711.979, 69
Trd, 8639712.646, 61
Trd, 8639713.412, 100
Trd, 8639714.846, 106
Trd, 8639715.012, 105
Trd, 8639715.112, 104
Trd, 8639715.146, 97
Trd, 8639715.512, 99
Trd, 8639715.579, 98
Trd, 8639715.979, 140
Trd, 8639716.479, 70
Trd, 8639717.612, 132
Trd, 8639718.012, 127
Trd, 8639719.212, 140
Trd, 8639719.746, 136
Trd, 8639719.879, 112
Trd, 8639720.312, 138
Trd, 8639720.779, 104
Trd, 8639720.846, 102
Trd, 8639721.612, 140
Trd, 8639721.912, 140
Trd, 8639721.979, 96
Trd, 8639723.512, 130
Trd, 8639723.979, 113
Trd, 8639724.212, 104
Trd, 8639725.679, 140
Trd, 8639725.746, 139
Trd, 8639725.946, 136
Trd, 8639726.346, 121
Trd, 8639727.079, 136
Trd, 8639727.679, 133
Trd, 8639727.946, 123
Trd, 8639728.812, 123
Trd, 8639729.946, 140
Trd, 8639730.079, 139
Trd, 8639730.579, 103
Trd, 8639730.712, 88
Trd, 8639730.846, 121
Trd, 8639731.779, 140
Trd, 8639732.379, 131
Trd, 8639732.512, 130
Trd, 8639732.879, 119
Trd, 8639734.679, 140
Trd, 8639734.779, 137
Trd, 8639734.812, 129
Trd, 8639735.512, 113
Trd, 8639735.646, 113
Trd, 8639736.279, 135
Trd, 8639736.846, 138
Trd, 8639737.646, 126
Trd, 8639737.712, 122
Trd, 8639738.379, 86
Trd, 8639738.812, 80
Trd, 8639739.546, 90
Trd, 8639740.012, 98
Trd, 8639740.546, 128
Trd, 8639741.312, 134
Trd, 8639742.712, 140
Trd, 8639742.746, 140
Trd, 8639743.546, 140
Trd, 8639743.712, 140
Trd, 8639743.779, 124
Trd, 8639744.112, 100
Trd, 8639744.679, 134
Trd, 8639744.812, 105
Trd, 8639745.979, 129
Trd, 8639746.646, 122
Trd, 8639746.746, 121
Trd, 8639746.946, 117
Trd, 8639747.279, 140
Trd, 8639748.312, 136
Trd, 8639748.812, 134
Trd, 8639749.912, 134
Trd, 8639750.679, 112
Trd, 8639751.012, 103
Trd, 8639751.812, 115
Trd, 8639752.079, 115
Trd, 8639752.279, 114
Trd, 8639753.979, 127
Trd, 8639754.446, 126
Trd, 8639754.646, 115
Trd, 8639756.379, 140
Trd, 8639756.612, 133
Trd, 8639756.712, 125
Trd, 8639756.846, 122
Trd, 8639756.979, 116
Trd, 8639757.979, 108
Trd, 8639758.046, 107
Trd, 8639758.746, 110
Trd, 8639760.579, 140
Trd, 8639760.879, 140
Trd, 8639761.012, 120
Trd, 8639761.146, 113
Trd, 8639761.512, 94
Trd, 8639761.579, 78
Trd, 8639761.712, 64
Trd, 8639762.512, 109
Trd, 8639762.579, 120
Trd, 8639763.146, 94
Trd, 8639763.912, 126
Trd, 8639765.379, 110
Trd, 8639765.646, 104
Trd, 8639765.846, 99
Trd, 8639765.946, 103
Trd, 8639766.746, 102
Trd, 8639767.212, 122
Trd, 8639767.446, 121
Trd, 8639767.679, 83
Trd, 8639768.246, 140
Trd, 8639768.779, 121
Trd, 8639769.746, 122
Trd, 8639770.712, 139
Trd, 8639771.712, 111
Trd, 8639772.579, 110
Trd, 8639772.746, 106
Trd, 8639772.846, 111
Trd, 8639772.979, 109
Trd, 8639773.379, 140
Trd, 8639773.412, 102
Trd, 8639774.112, 109
Trd, 8639774.812, 89
Trd, 8639775.779, 127
Trd, 8639776.612, 96
Trd, 8639776.712, 99
Trd, 8639776.979, 94
Trd, 8639777.746, 113
Trd, 8639779.079, 97
Trd, 8639779.612, 111
Trd, 8639779.779, 82
Trd, 8639780.912, 105
Trd, 8639781.112, 74
Trd, 8639781.379, 106
Trd, 8639781.446, 107
Trd, 8639782.312, 122
Trd, 8639782.579, 114
Trd, 8639782.612, 139
Trd, 8639783.046, 77
Trd, 8639783.712, 115
Trd, 8639784.079, 140
Trd, 8639784.412, 140
Trd, 8639784.712, 140
Trd, 8639785.412, 92
Trd, 8639785.612, 136
Trd, 8639786.946, 130
Trd, 8639787.379, 140
Trd, 8639787.446, 140
Trd, 8639787.812, 132
Trd, 8639788.746, 100
Trd, 8639789.179, 94
Trd, 8639789.746, 111
Trd, 8639790.179, 98
Trd, 8639790.579, 77
Trd, 8639790.679, 105
Trd, 8639791.212, 117
Trd, 8639791.512, 113
Trd, 8639791.579, 73
Trd, 8639791.946, 140
Trd, 8639792.446, 105
Trd, 8639792.479, 82
Trd, 8639792.779, 74
Trd, 8639793.879, 130
Trd, 8639794.579, 127
Trd, 8639795.446, 128
Trd, 8639795.512, 119
Trd, 8639796.079, 139
Trd, 8639796.279, 135
Trd, 8639796.479, 109
Trd, 8639796.546, 107
Trd, 8639797.212, 135
Trd, 8639797.346, 134
Trd, 8639798.179, 136
Trd, 8639798.612, 127
Trd, 8639799.879, 138
Trd, 8639800.212, 114
Trd, 8639800.346, 140
Trd, 8639800.746, 73
Trd, 8639801.446, 118
Trd, 8639801.646, 114
Trd, 8639803.312, 123
Trd, 8639803.612, 108
Trd, 8639803.912, 131
Trd, 8639804.046, 131
Trd, 8639804.679, 130
Trd, 8639806.146, 140
Trd, 8639806.379, 140
Trd, 8639806.579, 139
Trd, 8639807.179, 102
Trd, 8639808.346, 140
Trd, 8639808.379, 137
Trd, 8639808.479, 122
Trd, 8639808.946, 85
Trd, 8639809.012, 82
Trd, 8639809.579, 121
Trd, 8639810.246, 133
Trd, 8639810.946, 138
Trd, 8639812.012, 140
Trd, 8639812.212, 139
Trd, 8639812.946, 140
Trd, 8639813.379, 129
Trd, 8639813.712, 136
Trd, 8639814.412, 121
Trd, 8639814.812, 114
Trd, 8639815.146, 113
Trd, 8639815.346, 135
Trd, 8639815.479, 140
Trd, 8639816.079, 132
Trd, 8639816.246, 129
Trd, 8639816.312, 110
Trd, 8639816.979, 98
Trd, 8639817.546, 112
Trd, 8639817.612, 95
Trd, 8639819.346, 103
Trd, 8639820.012, 103
Trd, 8639821.212, 140
Trd, 8639821.279, 139
Trd, 8639821.312, 110
Trd, 8639821.879, 110
Trd, 8639822.079, 127
Trd, 8639822.379, 139
Trd, 8639822.479, 138
Trd, 8639823.112, 98
Trd, 8639825.012, 130
Trd, 8639825.112, 127
Trd, 8639825.179, 123
Trd, 8639825.746, 139
Trd, 8639826.512, 99
Trd, 8639826.546, 97
Trd, 8639826.912, 106
Trd, 8639828.179, 126
Trd, 8639828.612, 136
Trd, 8639828.746, 115
Trd, 8639828.879, 100
Trd, 8639830.779, 105
Trd, 8639831.279, 102
Trd, 8639832.046, 140
Trd, 8639832.246, 140
Trd, 8639832.412, 140
Trd, 8639832.612, 111
Trd, 8639832.646, 102
Trd, 8639832.946, 101
Trd, 8639833.412, 129
Trd, 8639834.446, 120
Trd, 8639835.446, 140
Trd, 8639835.579, 130
Trd, 8639836.112, 136
Trd, 8639836.146, 121
Trd, 8639836.312, 103
Trd, 8639836.479, 93
Trd, 8639837.212, 109
Trd, 8639837.579, 139
Trd, 8639837.746, 135
Trd, 8639838.412, 125
Trd, 8639839.112, 114
Trd, 8639839.179, 113
Trd, 8639840.612, 91
Trd, 8639841.279, 88
Trd, 8639841.779, 68
Trd, 8639842.246, 72
Trd, 8639842.612, 85
Trd, 8639842.646, 116
Trd, 8639843.146, 137
Trd, 8639844.146, 118
Trd, 8639844.179, 114
Trd, 8639844.246, 86
Trd, 8639844.312, 82
Trd, 8639844.979, 133
Trd, 8639845.379, 139
Trd, 8639846.012, 139
Trd, 8639847.346, 128
Trd, 8639848.279, 139
Trd, 8639848.446, 122
Trd, 8639848.479, 110
Trd, 8639848.846, 120
Trd, 8639849.546, 124
Trd, 8639850.279, 123
Trd, 8639850.379, 119
Trd, 8639850.779, 113
Trd, 8639851.046, 125
Trd, 8639852.079, 132
Trd, 8639853.079, 97
Trd, 8639853.846, 132
Trd, 8639854.546, 126
Trd, 8639854.812, 119
Trd, 8639854.879, 131
Trd, 8639855.246, 136
Trd, 8639855.412, 88
Trd, 8639856.279, 98
Trd, 8639856.512, 97
Trd, 8639857.046, 72
Trd, 8639857.279, 115
Trd, 8639857.679, 71
Trd, 8639858.679, 139
Trd, 8639858.979, 103
Trd, 8639859.546, 117
Trd, 8639859.812, 83
Trd, 8639860.912, 138
Trd, 8639861.612, 140
Trd, 8639861.712, 135
Trd, 8639862.179, 119
Trd, 8639862.412, 116
Trd, 8639862.646, 126
Trd, 8639862.879, 115
Trd, 8639862.979, 112
Trd, 8639863.146, 111
Trd, 8639863.679, 117
Trd, 8639863.912, 93
Trd, 8639864.246, 74
Trd, 8639864.946, 64
Trd, 8639865.212, 116
Trd, 8639865.246, 111
Trd, 8639865.546, 94
Trd, 8639866.079, 63
Trd, 8639868.246, 75
Trd, 8639868.812, 88
Trd, 8639869.646, 107
Trd, 8639870.079, 112
Trd, 8639870.446, 112
Trd, 8639871.279, 109
Trd, 8639872.012, 92
Trd, 8639872.146, 120
Trd, 8639872.312, 138
Trd, 8639872.579, 140
Trd, 8639873.279, 121
Trd, 8639873.546, 111
Trd, 8639873.612, 87
Trd, 8639874.012, 108
Trd, 8639876.379, 140
Trd, 8639876.912, 139
Trd, 8639876.979, 137
Trd, 8639877.179, 129
Trd, 8639877.646, 132
Trd, 8639877.879, 128
Trd, 8639877.912, 111
Trd, 8639879.079, 95
Trd, 8639879.846, 69
Trd, 8639881.412, 130
Trd, 8639881.646, 138
Trd, 8639882.046, 126
Trd, 8639882.179, 106
Trd, 8639882.612, 113
Trd, 8639882.646, 82
Trd, 8639882.712, 79
Trd, 8639883.379, 122
Trd, 8639883.946, 127
Trd, 8639884.046, 122
Trd, 8639884.612, 127
Trd, 8639885.146, 115
Trd, 8639885.679, 103
Trd, 8639885.879, 102
Trd, 8639885.912, 101
Trd, 8639887.446, 140
Trd, 8639887.812, 140
Trd, 8639887.946, 120
Trd, 8639888.679, 139
Trd, 8639889.046, 140
Trd, 8639889.479, 123
Trd, 8639890.046, 121
Trd, 8639890.479, 116
Trd, 8639890.846, 114
Trd, 8639891.179, 105
Trd, 8639891.379, 139
Trd, 8639891.912, 104
Trd, 8639892.446, 135
Trd, 8639893.212, 137
Trd, 8639893.379, 136
Trd, 8639893.812, 96
Trd, 8639893.846, 110
Trd, 8639895.046, 127
Trd, 8639895.246, 126
Trd, 8639896.379, 92
Trd, 8639896.512, 83
Trd, 8639896.946, 139
Trd, 8639897.046, 82
Trd, 8639897.179, 74
Trd, 8639897.679, 126
Trd, 8639899.046, 125
Trd, 8639899.779, 140
Trd, 8639899.912, 120
Trd, 8639900.379, 115
Trd, 8639900.579, 113
Trd, 8639901.246, 118
Trd, 8639902.646, 115
Trd, 8639902.779, 128
Trd, 8639903.346, 136
Trd, 8639903.512, 135
Trd, 8639903.679, 133
Trd, 8639904.412, 126
Trd, 8639904.646, 137
Trd, 8639905.412, 133
Trd, 8639906.046, 104
Trd, 8639907.546, 140
Trd, 8639907.612, 140
Trd, 8639908.246, 127
Trd, 8639908.312, 120
Trd, 8639908.446, 120
Trd, 8639909.179, 138
Trd, 8639909.279, 121
Trd, 8639909.346, 120
Trd, 8639909.646, 139
Trd, 8639910.212, 128
Trd, 8639910.246, 125
Trd, 8639910.846, 113
Trd, 8639912.246, 124
Trd, 8639912.412, 115
Trd, 8639913.046, 133
Trd, 8639914.746, 139
Trd, 8639914.846, 139
Trd, 8639915.012, 124
Trd, 8639915.212, 122
Trd, 8639915.379, 86
Trd, 8639915.746, 127
Trd, 8639917.079, 138
Trd, 8639917.746, 140
Trd, 8639918.279, 139
Trd, 8639918.812, 140
Trd, 8639919.512, 133
Trd, 8639919.646, 124
Trd, 8639920.146, 132
Trd, 8639920.279, 113
Trd, 8639920.679, 112
Trd, 8639920.879, 109
Trd, 8639922.212, 135
Trd, 8639922.512, 134
Trd, 8639922.746, 131
Trd, 8639922.812, 118
Trd, 8639922.912, 110
Trd, 8639924.112, 125
Trd, 8639925.179, 139
Trd, 8639925.212, 136
Trd, 8639925.846, 110
Trd, 8639926.612, 131
Trd, 8639927.512, 134
Trd, 8639928.112, 110
Trd, 8639928.379, 130
Trd, 8639929.379, 112
Trd, 8639929.712, 111
Trd, 8639929.846, 121
Trd, 8639930.279, 133
Trd, 8639930.479, 93
Trd, 8639931.046, 138
Trd, 8639931.612, 111
Trd, 8639932.312, 104
Trd, 8639932.346, 103
Trd, 8639933.512, 97
Trd, 8639933.712, 95
Trd, 8639934.146, 97
Trd, 8639934.746, 82
Trd, 8639934.846, 101
Trd, 8639935.946, 74
Trd, 8639936.179, 74
Trd, 8639937.179, 133
Trd, 8639937.846, 122
Trd, 8639938.946, 106
Trd, 8639939.446, 107
Trd, 8639939.779, 108
Trd, 8639939.846, 135
Trd, 8639940.079, 106
Trd, 8639940.379, 103
Trd, 8639940.846, 98
Trd, 8639941.212, 127
Trd, 8639941.446, 101
Trd, 8639941.912, 89
Trd, 8639942.546, 137
Trd, 8639943.012, 140
Trd, 8639943.112, 140
Trd, 8639944.546, 123
Trd, 8639944.579, 99
Trd, 8639944.879, 120
Trd, 8639944.979, 93
Trd, 8639945.779, 65
Trd, 8639946.212, 70
Trd, 8639947.146, 140
Trd, 8639948.212, 140
Trd, 8639948.279, 140
Trd, 8639948.612, 127
Trd, 8639949.579, 110
Trd, 8639950.512, 113
Trd, 8639950.612, 115
Trd, 8639950.812, 112
Trd, 8639951.646, 133
Trd, 8639951.679, 112
Trd, 8639952.046, 130
Trd, 8639952.379, 121
Trd, 8639953.512, 99
Trd, 8639953.712, 99
Trd, 8639954.146, 140
Trd, 8639955.379, 120
Trd, 8639955.512, 123
Trd, 8639955.846, 121
Trd, 8639956.146, 111
Trd, 8639956.579, 112
Trd, 8639956.846, 110
Trd, 8639958.612, 125
Trd, 8639958.679, 115
Trd, 8639959.512, 130
Trd, 8639959.646, 112
Trd, 8639959.679, 134
Trd, 8639960.046, 137
Trd, 8639960.546, 104
Trd, 8639961.212, 129
Trd, 8639961.546, 106
Trd, 8639961.646, 105
Trd, 8639963.346, 131
Trd, 8639963.446, 129
Trd, 8639964.846, 132
Trd, 8639965.012, 128
Trd, 8639965.079, 122
Trd, 8639965.412, 117
Trd, 8639965.612, 107
Trd, 8639965.679, 106
Trd, 8639965.979, 105
Trd, 8639966.212, 104
Trd, 8639966.546, 102
Trd, 8639966.912, 95
Trd, 8639967.979, 130
Trd, 8639968.579, 108
Trd, 8639969.446, 119
Trd, 8639970.346, 140
Trd, 8639970.779, 139
Trd, 8639971.746, 127
Trd, 8639971.846, 116
Trd, 8639972.446, 110
Trd, 8639972.912, 110
Trd, 8639973.079, 126
Trd, 8639973.346, 109
Trd, 8639973.512, 76
Trd, 8639973.579, 127
Trd, 8639973.712, 74
Trd, 8639974.346, 119
Trd, 8639975.279, 117
Trd, 8639976.146, 124
Trd, 8639976.479, 60
Trd, 8639977.546, 119
Trd, 8639977.812, 86
Trd, 8639978.446, 68
Trd, 8639978.646, 80
Trd, 8639978.746, 112
Trd, 8639979.712, 128
Trd, 8639979.812, 127
Trd, 8639979.879, 126
Trd, 8639980.979, 140
Trd, 8639981.112, 109
Trd, 8639982.246, 137
Trd, 8639982.479, 127
Trd, 8639983.346, 108
Trd, 8639984.279, 140
Trd, 8639984.646, 140
Trd, 8639984.679, 140
Trd, 8639986.646, 140
Trd, 8639986.679, 140
Trd, 8639986.812, 140
Trd, 8639986.879, 132
Trd, 8639988.012, 140
Trd, 8639988.112, 130
Trd, 8639988.146, 130
Trd, 8639988.279, 126
Trd, 8639988.679, 132
Trd, 8639989.246, 123
Trd, 8639989.746, 140
Trd, 8639990.112, 127
Trd, 8639990.346, 123
Trd, 8639991.546, 129
Trd, 8639992.112, 118
Trd, 8639992.446, 134
Trd, 8639994.112, 134
Trd, 8639995.046, 140
Trd, 8639995.179, 110
Trd, 8639995.312, 140
Trd, 8639995.446, 105
Trd, 8639995.979, 116
Trd, 8639996.179, 118
Trd, 8639996.446, 138
Trd, 8639997.012, 137
Trd, 8639997.879, 110
Trd, 8639999.546, 99
Trd, 8639999.912, 94
