Trd, 8638772.146, 81
Trd, 8638772.379, 92
Trd, 8638772.979, 133
Trd, 8638773.046, 131
Trd, 8638773.446, 120
Trd, 8638773.512, 107
Trd, 8638774.012, 134
Trd, 8638774.046, 99
Trd, 8638774.412, 104
Trd, 8638774.746, 85
Trd, 8638774.812, 119
Trd, 8638775.346, 119
Trd, 8638776.046, 105
Trd, 8638776.979, 140
Trd, 8638777.079, 105
Trd, 8638777.412, 100
Trd, 8638777.712, 70
Trd, 8638778.279, 73
Trd, 8638778.512, 67
Trd, 8638778.546, 69
Trd, 8638779.179, 95
Trd, 8638779.346, 94
Trd, 8638779.912, 106
Trd, 8638781.279, 139
Trd, 8638781.779, 140
Trd, 8638782.146, 140
Trd, 8638782.346, 140
Trd, 8638783.246, 139
Trd, 8638784.112, 139
Trd, 8638784.479, 138
Trd, 8638785.279, 123
Trd, 8638785.512, 116
Trd, 8638785.812, 96
Trd, 8638786.479, 128
Trd, 8638786.979, 140
Trd, 8638787.279, 140
Trd, 8638788.279, 132
Trd, 8638788.979, 140
Trd, 8638789.012, 137
Trd, 8638789.479, 139
Trd, 8638789.846, 139
Trd, 8638790.612, 140
Trd, 8638790.946, 108
Trd, 8638791.879, 104
Trd, 8638792.379, 111
Trd, 8638792.746, 85
Trd, 8638793.212, 129
Trd, 8638793.279, 118
Trd, 8638794.079, 105
Trd, 8638794.546, 89
Trd, 8638794.712, 115
Trd, 8638794.846, 133
Trd, 8638795.312, 67
Trd, 8638795.746, 107
Trd, 8638795.779, 96
Trd, 8638796.846, 112
Trd, 8638797.146, 113
Trd, 8638797.412, 110
Trd, 8638798.046, 119
Trd, 8638798.479, 131
Trd, 8638799.712, 133
Trd, 8638799.846, 132
Trd, 8638800.279, 125
Trd, 8638800.446, 113
Trd, 8638801.246, 109
Trd, 8638801.346, 105
Trd, 8638802.146, 118
Trd, 8638802.879, 105
Trd, 8638803.079, 74
Trd, 8638803.412, 120
Trd, 8638803.646, 127
Trd, 8638803.679, 66
Trd, 8638804.212, 106
Trd, 8638804.912, 81
Trd, 8638805.279, 97
Trd, 8638805.912, 67
Trd, 8638807.546, 119
Trd, 8638807.712, 118
Trd, 8638808.179, 126
Trd, 8638808.679, 135
Trd, 8638809.146, 127
Trd, 8638809.512, 100
Trd, 8638810.212, 126
Trd, 8638810.912, 124
Trd, 8638811.212, 137
Trd, 8638811.446, 113
Trd, 8638811.746, 99
Trd, 8638811.846, 96
Trd, 8638812.179, 95
Trd, 8638812.946, 136
Trd, 8638813.446, 112
Trd, 8638813.746, 139
Trd, 8638813.812, 115
Trd, 8638815.646, 82
Trd, 8638815.746, 81
Trd, 8638816.479, 61
Trd, 8638816.846, 67
Trd, 8638817.546, 62
Trd, 8638817.712, 66
Trd, 8638818.179, 67
Trd, 8638818.279, 64
Trd, 8638818.546, 63
Trd, 8638818.646, 62
Trd, 8638818.879, 69
Trd, 8638819.112, 87
Trd, 8638819.412, 80
Trd, 8638820.412, 95
Trd, 8638820.646, 92
Trd, 8638821.146, 126
Trd, 8638821.346, 101
Trd, 8638821.379, 62
Trd, 8638822.046, 61
Trd, 8638822.246, 63
Trd, 8638822.712, 67
Trd, 8638823.612, 66
Trd, 8638824.479, 69
Trd, 8638824.579, 65
Trd, 8638824.779, 87
Trd, 8638825.079, 87
Trd, 8638825.512, 60
Trd, 8638826.046, 61
Trd, 8638826.079, 60
Trd, 8638827.079, 61
Trd, 8638827.179, 68
Trd, 8638827.279, 76
Trd, 8638827.812, 81
Trd, 8638828.112, 67
Trd, 8638828.946, 60
Trd, 8638829.046, 60
Trd, 8638830.246, 80
Trd, 8638831.379, 74
Trd, 8638831.479, 93
Trd, 8638831.512, 136
Trd, 8638831.979, 140
Trd, 8638832.112, 140
Trd, 8638832.312, 73
Trd, 8638832.712, 102
Trd, 8638832.846, 99
Trd, 8638833.112, 73
Trd, 8638833.946, 103
Trd, 8638834.446, 67
Trd, 8638835.012, 75
Trd, 8638835.579, 124
Trd, 8638836.079, 106
Trd, 8638836.279, 94
Trd, 8638836.912, 114
Trd, 8638837.146, 80
Trd, 8638837.346, 105
Trd, 8638837.812, 78
Trd, 8638838.479, 132
Trd, 8638838.812, 140
Trd, 8638839.246, 95
Trd, 8638839.679, 122
Trd, 8638840.812, 134
Trd, 8638842.146, 140
Trd, 8638842.979, 130
Trd, 8638843.279, 131
Trd, 8638843.479, 130
Trd, 8638844.012, 132
Trd, 8638844.212, 131
Trd, 8638844.479, 140
Trd, 8638845.612, 129
Trd, 8638846.212, 135
Trd, 8638846.279, 111
Trd, 8638847.079, 139
Trd, 8638847.112, 101
Trd, 8638847.312, 100
Trd, 8638847.546, 96
Trd, 8638848.246, 67
Trd, 8638849.046, 112
Trd, 8638849.146, 66
Trd, 8638849.612, 137
Trd, 8638849.812, 136
Trd, 8638849.846, 116
Trd, 8638850.712, 115
Trd, 8638851.179, 116
Trd, 8638851.279, 115
Trd, 8638852.246, 136
Trd, 8638852.579, 125
Trd, 8638853.279, 137
Trd, 8638854.412, 140
Trd, 8638854.646, 140
Trd, 8638854.946, 140
Trd, 8638855.212, 138
Trd, 8638855.846, 140
Trd, 8638855.912, 140
Trd, 8638856.379, 140
Trd, 8638856.612, 130
Trd, 8638857.146, 76
Trd, 8638857.446, 139
Trd, 8638857.712, 66
Trd, 8638857.879, 67
Trd, 8638858.246, 85
Trd, 8638859.279, 73
Trd, 8638859.446, 69
Trd, 8638860.079, 107
Trd, 8638860.112, 105
Trd, 8638860.179, 69
Trd, 8638860.646, 72
Trd, 8638860.812, 85
Trd, 8638860.912, 118
Trd, 8638861.079, 74
Trd, 8638863.046, 140
Trd, 8638863.512, 140
Trd, 8638864.079, 140
Trd, 8638864.146, 140
Trd, 8638864.446, 140
Trd, 8638865.212, 134
Trd, 8638866.412, 115
Trd, 8638866.679, 111
Trd, 8638866.846, 102
Trd, 8638867.712, 99
Trd, 8638868.079, 98
Trd, 8638868.112, 136
Trd, 8638868.346, 62
Trd, 8638868.479, 137
Trd, 8638869.246, 62
Trd, 8638869.712, 62
Trd, 8638870.112, 93
Trd, 8638870.679, 61
Trd, 8638870.779, 61
Trd, 8638871.212, 62
Trd, 8638872.579, 60
Trd, 8638873.012, 60
Trd, 8638873.879, 65
Trd, 8638873.946, 64
Trd, 8638874.112, 71
Trd, 8638874.146, 72
Trd, 8638874.512, 90
Trd, 8638874.679, 128
Trd, 8638875.279, 63
Trd, 8638875.779, 78
Trd, 8638876.779, 85
Trd, 8638877.412, 131
Trd, 8638877.546, 128
Trd, 8638877.779, 83
Trd, 8638878.612, 130
Trd, 8638879.012, 124
Trd, 8638879.412, 120
Trd, 8638880.079, 138
Trd, 8638880.212, 122
Trd, 8638880.446, 122
Trd, 8638881.179, 123
Trd, 8638881.679, 100
Trd, 8638882.746, 139
Trd, 8638882.812, 124
Trd, 8638882.946, 81
Trd, 8638883.679, 63
Trd, 8638883.946, 130
Trd, 8638884.079, 64
Trd, 8638884.679, 89
Trd, 8638885.146, 133
Trd, 8638885.546, 132
Trd, 8638885.846, 140
Trd, 8638885.879, 63
Trd, 8638886.512, 125
Trd, 8638887.879, 140
Trd, 8638888.346, 139
Trd, 8638888.379, 136
Trd, 8638889.379, 122
Trd, 8638889.679, 131
Trd, 8638890.179, 139
Trd, 8638890.379, 138
Trd, 8638891.112, 132
Trd, 8638891.512, 132
Trd, 8638891.946, 129
Trd, 8638892.212, 138
Trd, 8638892.279, 128
Trd, 8638894.312, 129
Trd, 8638894.579, 108
Trd, 8638894.679, 105
Trd, 8638894.846, 104
Trd, 8638895.046, 134
Trd, 8638895.112, 78
Trd, 8638896.212, 108
Trd, 8638896.546, 72
Trd, 8638897.079, 60
Trd, 8638898.479, 60
Trd, 8638898.746, 61
Trd, 8638898.779, 65
Trd, 8638898.946, 68
Trd, 8638899.179, 85
Trd, 8638899.546, 86
Trd, 8638899.612, 70
Trd, 8638901.879, 60
Trd, 8638903.246, 60
Trd, 8638903.412, 62
Trd, 8638903.746, 60
Trd, 8638903.779, 61
Trd, 8638904.112, 61
Trd, 8638904.246, 62
Trd, 8638904.946, 62
Trd, 8638904.979, 63
Trd, 8638905.179, 62
Trd, 8638905.446, 62
Trd, 8638906.179, 66
Trd, 8638906.546, 63
Trd, 8638907.212, 96
Trd, 8638907.846, 78
Trd, 8638908.279, 74
Trd, 8638908.846, 64
Trd, 8638908.946, 63
Trd, 8638909.112, 78
Trd, 8638910.079, 62
Trd, 8638910.546, 60
Trd, 8638910.579, 61
Trd, 8638911.046, 61
Trd, 8638911.212, 63
Trd, 8638911.779, 61
Trd, 8638912.212, 99
Trd, 8638913.279, 138
Trd, 8638913.546, 138
Trd, 8638914.046, 137
Trd, 8638914.246, 107
Trd, 8638915.112, 64
Trd, 8638915.146, 65
Trd, 8638915.179, 67
Trd, 8638915.512, 67
Trd, 8638915.579, 66
Trd, 8638916.212, 60
Trd, 8638917.046, 60
Trd, 8638918.012, 96
Trd, 8638918.979, 60
Trd, 8638919.012, 60
Trd, 8638919.846, 60
Trd, 8638920.479, 62
Trd, 8638920.512, 63
Trd, 8638921.046, 64
Trd, 8638921.279, 64
Trd, 8638921.446, 64
Trd, 8638921.712, 63
Trd, 8638921.812, 76
Trd, 8638922.346, 60
Trd, 8638922.912, 61
Trd, 8638923.146, 60
Trd, 8638923.446, 63
Trd, 8638923.846, 72
Trd, 8638924.046, 90
Trd, 8638925.012, 73
Trd, 8638925.312, 65
Trd, 8638926.779, 90
Trd, 8638926.846, 89
Trd, 8638926.946, 114
Trd, 8638927.079, 75
Trd, 8638927.679, 89
Trd, 8638928.579, 106
Trd, 8638928.646, 104
Trd, 8638928.946, 70
Trd, 8638929.679, 89
Trd, 8638929.812, 94
Trd, 8638930.079, 88
Trd, 8638931.012, 61
Trd, 8638931.712, 73
Trd, 8638931.746, 87
Trd, 8638932.246, 134
Trd, 8638932.679, 65
Trd, 8638933.779, 77
Trd, 8638934.212, 109
Trd, 8638934.679, 122
Trd, 8638935.012, 123
Trd, 8638935.279, 131
Trd, 8638935.812, 98
Trd, 8638935.879, 98
Trd, 8638935.946, 97
Trd, 8638936.079, 90
Trd, 8638936.779, 80
Trd, 8638938.012, 140
Trd, 8638938.146, 139
Trd, 8638938.546, 117
Trd, 8638939.379, 121
Trd, 8638939.446, 120
Trd, 8638939.612, 116
Trd, 8638940.446, 126
Trd, 8638940.779, 140
Trd, 8638941.046, 126
Trd, 8638941.912, 140
Trd, 8638943.146, 139
Trd, 8638944.012, 126
Trd, 8638944.246, 125
Trd, 8638945.046, 140
Trd, 8638945.312, 140
Trd, 8638945.479, 117
Trd, 8638945.712, 116
Trd, 8638945.979, 118
Trd, 8638947.046, 130
Trd, 8638947.546, 121
Trd, 8638948.412, 121
Trd, 8638948.446, 124
Trd, 8638948.479, 111
Trd, 8638948.679, 100
Trd, 8638949.079, 69
Trd, 8638949.146, 89
Trd, 8638949.679, 134
Trd, 8638950.112, 108
Trd, 8638950.279, 67
Trd, 8638950.446, 66
Trd, 8638950.812, 65
Trd, 8638951.812, 60
Trd, 8638952.079, 60
Trd, 8638952.179, 69
Trd, 8638952.746, 80
Trd, 8638953.646, 63
Trd, 8638954.479, 62
Trd, 8638955.112, 61
Trd, 8638955.212, 62
Trd, 8638955.312, 61
Trd, 8638955.846, 60
Trd, 8638955.946, 61
Trd, 8638956.179, 60
Trd, 8638956.346, 61
Trd, 8638956.512, 62
Trd, 8638957.079, 62
Trd, 8638957.479, 62
Trd, 8638958.312, 88
Trd, 8638958.846, 97
Trd, 8638959.212, 69
Trd, 8638959.512, 62
Trd, 8638959.546, 64
Trd, 8638959.912, 85
Trd, 8638960.812, 60
Trd, 8638961.112, 65
Trd, 8638961.279, 60
Trd, 8638962.046, 67
Trd, 8638962.679, 72
Trd, 8638963.212, 68
Trd, 8638963.546, 131
Trd, 8638964.746, 90
Trd, 8638964.846, 88
Trd, 8638965.179, 98
Trd, 8638965.279, 96
Trd, 8638966.012, 94
Trd, 8638966.246, 74
Trd, 8638967.112, 63
Trd, 8638967.812, 61
Trd, 8638968.012, 61
Trd, 8638968.312, 77
Trd, 8638968.779, 64
Trd, 8638969.079, 138
Trd, 8638969.412, 64
Trd, 8638969.946, 88
Trd, 8638970.412, 124
Trd, 8638970.612, 120
Trd, 8638971.846, 131
Trd, 8638972.146, 112
Trd, 8638972.712, 116
Trd, 8638972.979, 112
Trd, 8638973.046, 123
Trd, 8638973.579, 89
Trd, 8638973.612, 90
Trd, 8638974.479, 63
Trd, 8638974.579, 61
Trd, 8638974.846, 63
Trd, 8638976.279, 74
Trd, 8638976.346, 70
Trd, 8638976.512, 75
Trd, 8638977.546, 111
Trd, 8638977.646, 86
Trd, 8638977.712, 84
Trd, 8638979.079, 87
Trd, 8638979.412, 111
Trd, 8638979.579, 127
Trd, 8638979.646, 85
Trd, 8638980.379, 110
Trd, 8638980.479, 109
Trd, 8638980.579, 89
Trd, 8638980.779, 82
Trd, 8638981.679, 120
Trd, 8638982.246, 84
Trd, 8638982.279, 74
Trd, 8638983.046, 103
Trd, 8638984.079, 124
Trd, 8638984.979, 140
Trd, 8638985.279, 114
Trd, 8638985.312, 101
Trd, 8638985.412, 99
Trd, 8638986.279, 99
Trd, 8638986.946, 99
Trd, 8638987.412, 126
Trd, 8638987.512, 109
Trd, 8638987.679, 116
Trd, 8638987.912, 107
Trd, 8638988.946, 73
Trd, 8638989.112, 125
Trd, 8638989.579, 62
Trd, 8638989.979, 132
Trd, 8638990.379, 118
Trd, 8638990.912, 135
Trd, 8638991.146, 140
Trd, 8638991.546, 139
Trd, 8638992.312, 77
Trd, 8638992.379, 77
Trd, 8638993.246, 94
Trd, 8638994.512, 65
Trd, 8638994.779, 64
Trd, 8638994.912, 65
Trd, 8638995.312, 61
Trd, 8638995.646, 104
Trd, 8638995.946, 61
Trd, 8638996.379, 62
Trd, 8638996.579, 67
Trd, 8638997.246, 63
Trd, 8638998.046, 66
Trd, 8638998.212, 85
Trd, 8638998.379, 64
Trd, 8638998.846, 63
Trd, 8638998.946, 62
Trd, 8638999.212, 87
Trd, 8638999.812, 66
Trd, 8639000.146, 63
Trd, 8639000.846, 67
Trd, 8639001.479, 132
Trd, 8639003.346, 109
Trd, 8639003.712, 109
Trd, 8639003.812, 107
Trd, 8639003.846, 103
Trd, 8639004.546, 94
Trd, 8639004.712, 93
Trd, 8639004.846, 106
Trd, 8639005.612, 79
Trd, 8639005.779, 79
Trd, 8639006.212, 107
Trd, 8639007.046, 111
Trd, 8639007.146, 110
Trd, 8639007.246, 87
Trd, 8639007.479, 122
Trd, 8639007.746, 125
Trd, 8639007.846, 85
Trd, 8639008.712, 72
Trd, 8639009.979, 62
Trd, 8639010.179, 81
Trd, 8639010.212, 82
Trd, 8639010.346, 62
Trd, 8639011.646, 63
Trd, 8639011.712, 67
Trd, 8639012.012, 69
Trd, 8639012.112, 64
Trd, 8639012.146, 90
Trd, 8639012.679, 117
Trd, 8639013.879, 63
Trd, 8639014.212, 62
Trd, 8639014.512, 60
Trd, 8639015.112, 60
Trd, 8639015.579, 60
Trd, 8639015.746, 60
Trd, 8639016.379, 60
Trd, 8639016.412, 60
Trd, 8639016.846, 60
Trd, 8639017.012, 60
Trd, 8639017.246, 64
Trd, 8639017.546, 63
Trd, 8639018.146, 83
Trd, 8639018.446, 61
Trd, 8639018.779, 72
Trd, 8639019.012, 87
Trd, 8639019.579, 60
Trd, 8639020.112, 61
Trd, 8639021.246, 60
Trd, 8639021.512, 62
Trd, 8639021.712, 63
Trd, 8639023.079, 63
Trd, 8639023.112, 65
Trd, 8639023.379, 62
Trd, 8639023.846, 72
Trd, 8639024.646, 65
Trd, 8639025.346, 66
Trd, 8639025.546, 67
Trd, 8639025.846, 86
Trd, 8639026.646, 85
Trd, 8639026.812, 139
Trd, 8639027.012, 106
Trd, 8639027.079, 66
Trd, 8639028.112, 140
Trd, 8639028.679, 140
Trd, 8639029.179, 140
Trd, 8639029.412, 128
Trd, 8639030.246, 112
Trd, 8639030.579, 128
Trd, 8639031.646, 125
Trd, 8639032.212, 140
Trd, 8639032.546, 131
Trd, 8639033.312, 133
Trd, 8639033.346, 132
Trd, 8639033.612, 95
Trd, 8639034.279, 111
Trd, 8639034.312, 109
Trd, 8639035.079, 113
Trd, 8639035.379, 107
Trd, 8639036.079, 131
Trd, 8639036.146, 106
Trd, 8639036.879, 140
Trd, 8639037.012, 117
Trd, 8639037.679, 115
Trd, 8639037.812, 103
Trd, 8639039.746, 121
Trd, 8639041.146, 140
Trd, 8639041.546, 128
Trd, 8639041.912, 128
Trd, 8639042.046, 127
Trd, 8639042.112, 125
Trd, 8639042.246, 123
Trd, 8639042.846, 122
Trd, 8639043.012, 118
Trd, 8639043.179, 111
Trd, 8639044.479, 140
Trd, 8639044.646, 139
Trd, 8639045.679, 140
Trd, 8639047.079, 140
Trd, 8639047.246, 139
Trd, 8639047.412, 139
Trd, 8639047.579, 101
Trd, 8639048.112, 127
Trd, 8639048.446, 115
Trd, 8639048.879, 134
Trd, 8639048.946, 105
Trd, 8639049.246, 127
Trd, 8639049.412, 132
Trd, 8639049.912, 94
Trd, 8639050.012, 78
Trd, 8639050.146, 81
Trd, 8639051.279, 76
Trd, 8639051.346, 64
Trd, 8639052.012, 112
Trd, 8639052.512, 63
Trd, 8639052.612, 106
Trd, 8639052.979, 68
Trd, 8639054.912, 140
Trd, 8639055.412, 122
Trd, 8639056.179, 125
Trd, 8639057.146, 132
Trd, 8639057.279, 127
Trd, 8639057.379, 123
Trd, 8639057.746, 118
Trd, 8639058.412, 131
Trd, 8639058.646, 114
Trd, 8639059.112, 110
Trd, 8639059.146, 107
Trd, 8639059.279, 106
Trd, 8639059.579, 104
Trd, 8639060.679, 140
Trd, 8639060.846, 140
Trd, 8639061.312, 122
Trd, 8639061.379, 121
Trd, 8639061.712, 68
Trd, 8639062.279, 119
Trd, 8639063.079, 63
Trd, 8639063.812, 69
Trd, 8639063.879, 70
Trd, 8639064.212, 60
Trd, 8639064.479, 60
Trd, 8639064.846, 71
Trd, 8639064.912, 80
Trd, 8639065.779, 94
Trd, 8639067.379, 62
Trd, 8639067.879, 61
Trd, 8639067.979, 62
Trd, 8639068.179, 65
Trd, 8639068.546, 65
Trd, 8639069.079, 71
Trd, 8639069.479, 75
Trd, 8639069.846, 71
Trd, 8639070.512, 62
Trd, 8639070.746, 60
Trd, 8639072.046, 60
Trd, 8639072.579, 60
Trd, 8639072.712, 60
Trd, 8639072.946, 61
Trd, 8639073.079, 81
Trd, 8639073.579, 110
Trd, 8639073.712, 109
Trd, 8639074.446, 61
Trd, 8639074.546, 65
Trd, 8639075.146, 61
Trd, 8639075.312, 116
Trd, 8639075.912, 134
Trd, 8639076.412, 100
Trd, 8639076.446, 99
Trd, 8639076.846, 67
Trd, 8639076.946, 101
Trd, 8639077.846, 138
Trd, 8639078.446, 107
Trd, 8639078.646, 106
Trd, 8639079.979, 131
Trd, 8639080.846, 139
Trd, 8639080.946, 130
Trd, 8639081.146, 115
Trd, 8639081.279, 114
Trd, 8639082.112, 122
Trd, 8639082.546, 118
Trd, 8639082.812, 117
Trd, 8639083.779, 124
Trd, 8639084.379, 101
Trd, 8639084.712, 92
Trd, 8639084.812, 95
Trd, 8639085.079, 88
Trd, 8639085.112, 117
Trd, 8639086.079, 88
Trd, 8639086.279, 87
Trd, 8639087.546, 140
Trd, 8639087.979, 116
Trd, 8639088.646, 134
Trd, 8639088.912, 133
Trd, 8639089.012, 139
Trd, 8639089.446, 114
Trd, 8639090.446, 99
Trd, 8639090.746, 118
Trd, 8639091.346, 102
Trd, 8639091.412, 101
Trd, 8639091.512, 98
Trd, 8639092.412, 113
Trd, 8639092.779, 118
Trd, 8639093.312, 130
Trd, 8639094.212, 140
Trd, 8639094.312, 140
Trd, 8639095.346, 98
Trd, 8639095.412, 82
Trd, 8639095.812, 61
Trd, 8639096.279, 86
Trd, 8639096.846, 75
Trd, 8639097.679, 63
Trd, 8639097.779, 65
Trd, 8639098.479, 124
Trd, 8639098.912, 123
Trd, 8639099.046, 118
Trd, 8639099.279, 97
Trd, 8639100.912, 133
Trd, 8639101.579, 132
Trd, 8639102.012, 136
Trd, 8639102.112, 131
Trd, 8639102.279, 101
Trd, 8639103.846, 136
Trd, 8639104.046, 135
Trd, 8639104.079, 133
Trd, 8639104.246, 129
Trd, 8639104.679, 133
Trd, 8639104.879, 128
Trd, 8639104.912, 122
Trd, 8639105.112, 140
Trd, 8639105.412, 107
Trd, 8639106.379, 109
Trd, 8639106.612, 132
Trd, 8639107.346, 108
Trd, 8639107.546, 73
Trd, 8639108.479, 60
Trd, 8639108.779, 62
Trd, 8639108.979, 85
Trd, 8639109.579, 60
Trd, 8639109.612, 61
Trd, 8639110.012, 61
Trd, 8639111.046, 136
Trd, 8639111.312, 136
Trd, 8639111.812, 135
Trd, 8639112.212, 62
Trd, 8639112.379, 63
Trd, 8639112.546, 68
Trd, 8639112.946, 60
Trd, 8639113.512, 66
Trd, 8639114.246, 62
Trd, 8639114.712, 101
Trd, 8639114.946, 92
Trd, 8639115.446, 87
Trd, 8639115.479, 61
Trd, 8639116.079, 140
Trd, 8639116.212, 140
Trd, 8639116.946, 61
Trd, 8639118.612, 60
Trd, 8639118.646, 67
Trd, 8639118.979, 87
Trd, 8639119.346, 83
Trd, 8639119.712, 68
Trd, 8639120.112, 125
Trd, 8639120.946, 84
Trd, 8639121.646, 129
Trd, 8639121.679, 118
Trd, 8639122.046, 118
Trd, 8639122.346, 119
Trd, 8639122.412, 117
Trd, 8639123.579, 95
Trd, 8639123.812, 108
Trd, 8639124.079, 75
Trd, 8639124.279, 140
Trd, 8639124.646, 114
Trd, 8639125.179, 114
Trd, 8639125.846, 98
Trd, 8639125.912, 97
Trd, 8639125.946, 64
Trd, 8639127.512, 140
Trd, 8639127.546, 140
Trd, 8639127.812, 140
Trd, 8639127.846, 127
Trd, 8639128.146, 125
Trd, 8639128.612, 140
Trd, 8639128.746, 136
Trd, 8639129.712, 139
Trd, 8639130.012, 76
Trd, 8639130.379, 130
Trd, 8639131.512, 122
Trd, 8639131.912, 121
Trd, 8639131.979, 103
Trd, 8639133.012, 77
Trd, 8639133.079, 76
Trd, 8639133.612, 132
Trd, 8639135.779, 139
Trd, 8639135.912, 136
Trd, 8639136.112, 136
Trd, 8639136.646, 132
Trd, 8639136.779, 103
Trd, 8639136.846, 140
Trd, 8639137.079, 61
Trd, 8639137.479, 121
Trd, 8639137.946, 107
Trd, 8639138.012, 91
Trd, 8639138.446, 130
Trd, 8639138.812, 102
Trd, 8639139.179, 103
Trd, 8639139.712, 126
Trd, 8639140.812, 112
Trd, 8639141.179, 112
Trd, 8639141.212, 116
Trd, 8639141.546, 116
Trd, 8639141.812, 110
Trd, 8639141.979, 91
Trd, 8639142.679, 116
Trd, 8639143.612, 100
Trd, 8639144.046, 138
Trd, 8639144.346, 122
Trd, 8639145.079, 140
Trd, 8639146.179, 140
Trd, 8639146.579, 120
Trd, 8639146.846, 121
Trd, 8639147.212, 115
Trd, 8639148.079, 119
Trd, 8639148.112, 113
Trd, 8639148.712, 113
Trd, 8639148.846, 122
Trd, 8639149.046, 113
Trd, 8639150.146, 128
Trd, 8639150.579, 140
Trd, 8639151.079, 139
Trd, 8639151.312, 92
Trd, 8639151.679, 87
Trd, 8639152.212, 79
Trd, 8639152.812, 67
Trd, 8639153.146, 64
Trd, 8639154.046, 60
Trd, 8639154.146, 61
Trd, 8639154.346, 62
Trd, 8639154.946, 62
Trd, 8639155.179, 64
Trd, 8639155.779, 62
Trd, 8639155.912, 63
Trd, 8639156.312, 63
Trd, 8639156.546, 67
Trd, 8639156.846, 65
Trd, 8639158.212, 139
Trd, 8639158.779, 84
Trd, 8639158.912, 86
Trd, 8639159.579, 100
Trd, 8639159.979, 96
Trd, 8639160.212, 88
Trd, 8639161.746, 116
Trd, 8639162.012, 116
Trd, 8639162.379, 114
Trd, 8639162.679, 101
Trd, 8639163.146, 122
Trd, 8639163.412, 106
Trd, 8639163.979, 127
Trd, 8639164.146, 126
Trd, 8639164.546, 126
Trd, 8639164.646, 136
Trd, 8639164.746, 125
Trd, 8639164.946, 99
Trd, 8639166.046, 137
Trd, 8639166.079, 127
Trd, 8639166.646, 136
Trd, 8639166.812, 125
Trd, 8639167.379, 136
Trd, 8639167.746, 125
Trd, 8639169.012, 135
Trd, 8639169.646, 134
Trd, 8639169.979, 136
Trd, 8639171.012, 106
Trd, 8639171.179, 95
Trd, 8639171.746, 94
Trd, 8639172.046, 60
Trd, 8639172.479, 72
Trd, 8639172.846, 63
Trd, 8639172.912, 72
Trd, 8639173.479, 63
Trd, 8639173.679, 88
Trd, 8639174.446, 62
Trd, 8639174.646, 60
Trd, 8639175.146, 60
Trd, 8639175.379, 63
Trd, 8639175.546, 82
Trd, 8639176.212, 102
Trd, 8639176.279, 60
Trd, 8639176.612, 62
Trd, 8639177.212, 63
Trd, 8639177.546, 64
Trd, 8639178.512, 66
Trd, 8639178.846, 117
Trd, 8639178.946, 93
Trd, 8639179.712, 69
Trd, 8639179.746, 70
Trd, 8639180.279, 82
Trd, 8639180.912, 87
Trd, 8639181.046, 96
Trd, 8639181.946, 61
Trd, 8639182.179, 62
Trd, 8639182.412, 66
Trd, 8639183.712, 60
Trd, 8639184.812, 60
Trd, 8639185.046, 60
Trd, 8639185.546, 60
Trd, 8639185.812, 60
Trd, 8639185.912, 61
Trd, 8639186.479, 62
Trd, 8639186.946, 65
Trd, 8639187.112, 63
Trd, 8639187.179, 70
Trd, 8639187.312, 62
Trd, 8639187.646, 104
Trd, 8639188.279, 104
Trd, 8639188.479, 100
Trd, 8639189.146, 100
Trd, 8639189.746, 106
Trd, 8639189.812, 100
Trd, 8639190.112, 107
Trd, 8639190.779, 99
Trd, 8639190.846, 85
Trd, 8639191.179, 84
Trd, 8639192.379, 62
Trd, 8639192.479, 67
Trd, 8639192.846, 96
Trd, 8639192.979, 95
Trd, 8639193.546, 128
Trd, 8639194.012, 61
Trd, 8639194.179, 63
Trd, 8639194.579, 131
Trd, 8639195.079, 134
Trd, 8639195.646, 135
Trd, 8639195.979, 140
Trd, 8639196.012, 140
Trd, 8639196.179, 134
Trd, 8639196.946, 135
Trd, 8639198.179, 129
Trd, 8639198.446, 127
Trd, 8639198.879, 103
Trd, 8639199.179, 83
Trd, 8639199.312, 77
Trd, 8639199.812, 137
Trd, 8639200.146, 136
Trd, 8639200.346, 66
Trd, 8639200.779, 64
Trd, 8639200.846, 65
Trd, 8639202.146, 129
Trd, 8639202.812, 139
Trd, 8639203.546, 140
Trd, 8639203.812, 139
Trd, 8639204.312, 138
Trd, 8639204.979, 137
Trd, 8639205.046, 136
Trd, 8639205.946, 126
Trd, 8639206.246, 102
Trd, 8639206.512, 136
Trd, 8639207.112, 131
Trd, 8639207.912, 140
Trd, 8639208.012, 132
Trd, 8639208.046, 131
Trd, 8639209.012, 136
Trd, 8639209.046, 130
Trd, 8639209.246, 128
Trd, 8639209.446, 127
Trd, 8639210.512, 122
Trd, 8639211.646, 140
Trd, 8639211.746, 140
Trd, 8639211.946, 125
Trd, 8639211.979, 109
Trd, 8639212.879, 103
Trd, 8639213.746, 123
Trd, 8639213.812, 125
Trd, 8639214.412, 122
Trd, 8639214.446, 119
Trd, 8639214.512, 107
Trd, 8639214.712, 106
Trd, 8639215.679, 140
Trd, 8639217.912, 138
Trd, 8639217.946, 137
Trd, 8639218.312, 134
Trd, 8639219.212, 134
Trd, 8639219.579, 139
Trd, 8639220.012, 131
Trd, 8639220.346, 130
Trd, 8639220.679, 119
Trd, 8639222.046, 134
Trd, 8639222.079, 119
Trd, 8639222.179, 85
Trd, 8639222.546, 110
Trd, 8639222.846, 107
Trd, 8639222.912, 106
Trd, 8639223.646, 87
Trd, 8639224.046, 77
Trd, 8639224.546, 77
Trd, 8639225.112, 136
Trd, 8639225.679, 135
Trd, 8639226.446, 94
Trd, 8639226.912, 92
Trd, 8639227.646, 101
Trd, 8639227.679, 100
Trd, 8639227.946, 131
Trd, 8639228.979, 140
Trd, 8639229.246, 129
Trd, 8639229.312, 128
Trd, 8639229.346, 127
Trd, 8639230.246, 115
Trd, 8639230.746, 97
Trd, 8639231.746, 123
Trd, 8639231.912, 136
Trd, 8639232.179, 137
Trd, 8639232.479, 134
Trd, 8639232.579, 133
Trd, 8639232.612, 105
Trd, 8639232.812, 102
Trd, 8639233.512, 108
Trd, 8639234.279, 140
Trd, 8639234.346, 140
Trd, 8639234.546, 108
Trd, 8639234.712, 129
Trd, 8639235.079, 62
Trd, 8639235.412, 83
Trd, 8639236.446, 124
Trd, 8639236.512, 99
Trd, 8639237.146, 62
Trd, 8639237.279, 61
Trd, 8639238.412, 60
Trd, 8639238.946, 61
Trd, 8639239.012, 61
Trd, 8639239.079, 64
Trd, 8639239.979, 66
Trd, 8639240.346, 83
Trd, 8639240.912, 72
Trd, 8639241.479, 104
Trd, 8639241.879, 103
Trd, 8639242.346, 67
Trd, 8639242.779, 64
Trd, 8639243.112, 63
Trd, 8639244.079, 88
Trd, 8639244.546, 88
Trd, 8639244.712, 120
Trd, 8639244.912, 133
Trd, 8639245.546, 128
Trd, 8639245.646, 133
Trd, 8639245.912, 86
Trd, 8639246.746, 66
Trd, 8639248.079, 61
Trd, 8639248.646, 61
Trd, 8639248.812, 62
Trd, 8639248.912, 63
Trd, 8639249.246, 60
Trd, 8639249.712, 62
Trd, 8639250.046, 63
Trd, 8639250.212, 62
Trd, 8639250.712, 64
Trd, 8639250.812, 69
Trd, 8639251.046, 64
Trd, 8639251.146, 83
Trd, 8639251.846, 63
Trd, 8639252.212, 117
Trd, 8639252.346, 64
Trd, 8639252.412, 66
Trd, 8639253.246, 64
Trd, 8639254.246, 60
Trd, 8639254.346, 61
Trd, 8639255.046, 61
Trd, 8639255.479, 60
Trd, 8639255.746, 65
Trd, 8639256.012, 64
Trd, 8639257.246, 60
Trd, 8639258.012, 60
Trd, 8639258.079, 60
Trd, 8639258.679, 60
Trd, 8639258.946, 60
Trd, 8639258.979, 65
Trd, 8639259.746, 68
Trd, 8639260.712, 119
Trd, 8639261.446, 101
Trd, 8639261.479, 100
Trd, 8639261.679, 102
Trd, 8639262.046, 84
Trd, 8639262.146, 82
Trd, 8639262.212, 76
Trd, 8639262.846, 69
Trd, 8639263.046, 60
Trd, 8639263.246, 62
Trd, 8639264.112, 66
Trd, 8639264.646, 70
Trd, 8639265.179, 60
Trd, 8639265.912, 128
Trd, 8639266.779, 101
Trd, 8639267.079, 103
Trd, 8639267.112, 126
Trd, 8639267.279, 107
Trd, 8639267.612, 101
Trd, 8639267.846, 101
Trd, 8639269.546, 116
Trd, 8639270.179, 92
Trd, 8639270.246, 82
Trd, 8639270.779, 138
Trd, 8639271.012, 110
Trd, 8639271.079, 106
Trd, 8639271.612, 86
Trd, 8639271.779, 98
Trd, 8639272.312, 112
Trd, 8639272.379, 84
Trd, 8639272.579, 84
Trd, 8639272.779, 80
Trd, 8639273.046, 100
Trd, 8639273.412, 117
Trd, 8639273.446, 102
Trd, 8639273.679, 98
Trd, 8639274.312, 133
Trd, 8639274.912, 90
Trd, 8639275.646, 60
Trd, 8639276.112, 60
Trd, 8639277.046, 108
Trd, 8639277.212, 106
Trd, 8639277.846, 139
Trd, 8639278.246, 138
Trd, 8639279.146, 138
Trd, 8639279.512, 137
Trd, 8639279.546, 136
Trd, 8639279.646, 116
Trd, 8639281.012, 126
Trd, 8639281.279, 117
Trd, 8639281.512, 136
Trd, 8639281.579, 93
Trd, 8639281.812, 103
Trd, 8639283.312, 60
Trd, 8639283.746, 60
Trd, 8639284.046, 60
Trd, 8639284.212, 67
Trd, 8639285.412, 60
Trd, 8639285.846, 60
Trd, 8639286.546, 61
Trd, 8639286.679, 62
Trd, 8639286.712, 63
Trd, 8639286.946, 61
Trd, 8639287.046, 60
Trd, 8639287.112, 61
Trd, 8639287.646, 62
Trd, 8639287.879, 65
Trd, 8639288.212, 64
Trd, 8639288.246, 81
Trd, 8639288.879, 75
Trd, 8639289.112, 74
Trd, 8639289.479, 83
Trd, 8639289.779, 72
Trd, 8639290.179, 104
Trd, 8639290.646, 60
Trd, 8639291.379, 84
Trd, 8639292.246, 67
Trd, 8639294.112, 60
Trd, 8639294.679, 61
Trd, 8639294.779, 61
Trd, 8639294.912, 62
Trd, 8639295.279, 62
Trd, 8639295.712, 61
Trd, 8639295.846, 64
Trd, 8639296.346, 60
Trd, 8639296.446, 66
Trd, 8639297.546, 67
Trd, 8639297.846, 62
Trd, 8639298.246, 63
Trd, 8639298.346, 65
Trd, 8639298.512, 73
Trd, 8639298.979, 61
Trd, 8639299.146, 64
Trd, 8639299.379, 78
Trd, 8639299.512, 82
Trd, 8639299.879, 66
Trd, 8639301.679, 60
Trd, 8639301.712, 61
Trd, 8639302.146, 60
Trd, 8639303.179, 62
Trd, 8639303.646, 64
Trd, 8639303.679, 63
Trd, 8639303.979, 62
Trd, 8639304.346, 67
Trd, 8639304.379, 85
Trd, 8639304.812, 123
Trd, 8639305.646, 104
Trd, 8639306.146, 60
Trd, 8639306.312, 60
Trd, 8639306.612, 60
Trd, 8639307.179, 64
Trd, 8639307.912, 62
Trd, 8639308.279, 60
Trd, 8639308.912, 64
Trd, 8639309.546, 63
Trd, 8639309.912, 62
Trd, 8639310.246, 64
Trd, 8639310.412, 65
Trd, 8639310.779, 81
Trd, 8639311.046, 65
Trd, 8639311.212, 100
Trd, 8639312.279, 101
Trd, 8639312.646, 109
Trd, 8639312.879, 100
Trd, 8639313.612, 100
Trd, 8639313.879, 99
Trd, 8639314.612, 135
Trd, 8639314.812, 134
Trd, 8639315.479, 140
Trd, 8639316.612, 112
Trd, 8639316.746, 99
Trd, 8639316.912, 97
Trd, 8639317.246, 78
Trd, 8639317.846, 77
Trd, 8639317.912, 113
Trd, 8639317.979, 62
Trd, 8639318.046, 116
Trd, 8639318.246, 123
Trd, 8639319.679, 60
Trd, 8639319.912, 60
Trd, 8639320.012, 60
Trd, 8639320.612, 60
Trd, 8639320.912, 62
Trd, 8639321.079, 63
Trd, 8639321.646, 60
Trd, 8639322.146, 62
Trd, 8639322.846, 64
Trd, 8639323.012, 71
Trd, 8639323.312, 63
Trd, 8639323.546, 91
Trd, 8639324.446, 60
Trd, 8639325.612, 60
Trd, 8639325.846, 60
Trd, 8639326.379, 62
Trd, 8639326.412, 64
Trd, 8639326.879, 63
Trd, 8639327.046, 64
Trd, 8639327.079, 74
Trd, 8639327.646, 66
Trd, 8639328.246, 65
Trd, 8639328.546, 99
Trd, 8639328.779, 126
Trd, 8639329.012, 65
Trd, 8639329.179, 131
Trd, 8639329.512, 62
Trd, 8639329.946, 123
Trd, 8639330.246, 101
Trd, 8639331.746, 138
Trd, 8639331.912, 82
Trd, 8639332.579, 66
Trd, 8639333.312, 140
Trd, 8639333.879, 138
Trd, 8639333.946, 137
Trd, 8639334.046, 137
Trd, 8639334.546, 136
Trd, 8639335.979, 125
Trd, 8639336.412, 118
Trd, 8639336.512, 101
Trd, 8639337.146, 130
Trd, 8639337.846, 120
Trd, 8639338.412, 140
Trd, 8639339.079, 137
Trd, 8639339.246, 135
Trd, 8639339.346, 113
Trd, 8639339.579, 108
Trd, 8639341.046, 110
Trd, 8639341.846, 110
Trd, 8639342.079, 136
Trd, 8639342.246, 111
Trd, 8639342.279, 109
Trd, 8639343.179, 115
Trd, 8639343.312, 61
Trd, 8639343.546, 72
Trd, 8639344.046, 81
Trd, 8639344.512, 92
Trd, 8639344.879, 125
Trd, 8639345.812, 95
Trd, 8639345.979, 107
Trd, 8639346.312, 94
Trd, 8639347.079, 113
Trd, 8639347.446, 102
Trd, 8639348.446, 102
Trd, 8639348.712, 77
Trd, 8639348.779, 75
Trd, 8639349.179, 73
Trd, 8639350.579, 140
Trd, 8639351.079, 140
Trd, 8639351.946, 140
Trd, 8639352.079, 140
Trd, 8639352.279, 100
Trd, 8639353.679, 98
Trd, 8639353.779, 111
Trd, 8639353.979, 96
Trd, 8639354.612, 125
Trd, 8639354.646, 88
Trd, 8639354.979, 63
Trd, 8639355.746, 108
Trd, 8639356.912, 109
Trd, 8639357.179, 118
Trd, 8639357.246, 109
Trd, 8639358.446, 135
Trd, 8639358.479, 103
Trd, 8639359.179, 137
Trd, 8639359.446, 137
Trd, 8639359.579, 137
Trd, 8639360.146, 138
Trd, 8639360.179, 136
Trd, 8639360.512, 92
Trd, 8639360.612, 80
Trd, 8639361.312, 133
Trd, 8639362.279, 111
Trd, 8639362.612, 99
Trd, 8639363.312, 112
Trd, 8639363.479, 107
Trd, 8639363.646, 117
Trd, 8639364.412, 102
Trd, 8639364.812, 116
Trd, 8639365.012, 112
Trd, 8639365.412, 140
Trd, 8639365.479, 102
Trd, 8639365.579, 73
Trd, 8639366.146, 62
Trd, 8639366.279, 68
Trd, 8639366.579, 69
Trd, 8639367.479, 61
Trd, 8639367.646, 61
Trd, 8639369.079, 63
Trd, 8639369.746, 61
Trd, 8639369.812, 65
Trd, 8639370.012, 65
Trd, 8639370.712, 67
Trd, 8639371.646, 60
Trd, 8639372.012, 61
Trd, 8639372.646, 62
Trd, 8639372.679, 64
Trd, 8639373.079, 64
Trd, 8639373.712, 66
Trd, 8639373.746, 65
Trd, 8639374.712, 80
Trd, 8639374.746, 79
Trd, 8639375.379, 101
Trd, 8639375.612, 102
Trd, 8639375.746, 92
Trd, 8639376.279, 91
Trd, 8639377.212, 91
Trd, 8639377.312, 90
Trd, 8639377.579, 87
Trd, 8639377.912, 117
Trd, 8639378.179, 86
Trd, 8639378.512, 71
Trd, 8639378.746, 132
Trd, 8639379.212, 137
Trd, 8639379.812, 138
Trd, 8639380.379, 136
Trd, 8639380.679, 136
Trd, 8639382.346, 140
Trd, 8639382.679, 139
Trd, 8639382.712, 137
Trd, 8639382.746, 137
Trd, 8639382.812, 124
Trd, 8639383.046, 137
Trd, 8639384.112, 111
Trd, 8639384.479, 112
Trd, 8639384.946, 127
Trd, 8639385.012, 111
Trd, 8639386.079, 119
Trd, 8639386.379, 90
Trd, 8639387.112, 124
Trd, 8639387.846, 124
Trd, 8639387.879, 116
Trd, 8639388.012, 139
Trd, 8639388.279, 137
Trd, 8639388.646, 117
Trd, 8639388.812, 115
Trd, 8639389.012, 113
Trd, 8639390.312, 134
Trd, 8639390.346, 133
Trd, 8639391.812, 139
Trd, 8639392.079, 130
Trd, 8639392.179, 129
Trd, 8639392.379, 128
Trd, 8639394.012, 128
Trd, 8639394.046, 96
Trd, 8639394.612, 119
Trd, 8639394.879, 110
Trd, 8639395.412, 134
Trd, 8639396.046, 116
Trd, 8639396.112, 115
Trd, 8639396.146, 113
Trd, 8639397.046, 104
Trd, 8639397.412, 138
Trd, 8639397.479, 137
Trd, 8639397.579, 104
Trd, 8639397.946, 102
Trd, 8639398.212, 78
Trd, 8639398.246, 116
Trd, 8639398.979, 61
Trd, 8639399.912, 60
Trd, 8639400.212, 62
Trd, 8639401.112, 62
Trd, 8639401.812, 60
Trd, 8639402.146, 62
Trd, 8639402.279, 63
Trd, 8639402.712, 63
Trd, 8639403.512, 65
Trd, 8639403.646, 68
Trd, 8639403.912, 73
Trd, 8639404.146, 98
Trd, 8639404.412, 73
Trd, 8639404.879, 68
Trd, 8639405.379, 66
Trd, 8639405.479, 74
Trd, 8639406.079, 72
Trd, 8639406.679, 60
Trd, 8639407.412, 69
Trd, 8639407.712, 62
Trd, 8639408.079, 61
Trd, 8639408.346, 61
Trd, 8639409.012, 64
Trd, 8639409.279, 65
Trd, 8639410.212, 67
Trd, 8639410.412, 72
Trd, 8639410.812, 85
Trd, 8639411.279, 60
Trd, 8639411.512, 69
Trd, 8639411.579, 81
Trd, 8639412.046, 76
Trd, 8639413.912, 66
Trd, 8639414.579, 60
Trd, 8639414.612, 63
Trd, 8639414.646, 73
Trd, 8639414.979, 61
Trd, 8639415.812, 62
Trd, 8639416.779, 60
Trd, 8639417.179, 61
Trd, 8639417.212, 74
Trd, 8639417.679, 64
Trd, 8639417.812, 81
Trd, 8639418.012, 65
Trd, 8639418.779, 104
Trd, 8639419.346, 107
Trd, 8639419.579, 106
Trd, 8639419.846, 128
Trd, 8639420.179, 85
Trd, 8639420.312, 61
Trd, 8639420.712, 60
Trd, 8639420.779, 65
Trd, 8639421.212, 129
Trd, 8639421.979, 109
Trd, 8639422.079, 81
Trd, 8639422.112, 72
Trd, 8639422.246, 62
Trd, 8639423.579, 140
Trd, 8639423.612, 139
Trd, 8639424.346, 120
Trd, 8639424.512, 130
Trd, 8639426.546, 133
Trd, 8639426.579, 131
Trd, 8639426.979, 131
Trd, 8639427.146, 116
Trd, 8639427.212, 88
Trd, 8639428.012, 91
Trd, 8639428.379, 123
Trd, 8639428.579, 78
Trd, 8639429.112, 114
Trd, 8639429.579, 62
Trd, 8639430.012, 78
Trd, 8639430.312, 82
Trd, 8639431.412, 93
Trd, 8639431.846, 123
Trd, 8639431.946, 123
Trd, 8639432.846, 140
Trd, 8639432.912, 124
Trd, 8639433.379, 121
Trd, 8639433.979, 136
Trd, 8639434.746, 139
Trd, 8639435.012, 139
Trd, 8639435.346, 138
Trd, 8639436.912, 127
Trd, 8639436.979, 126
Trd, 8639437.046, 123
Trd, 8639438.346, 109
Trd, 8639438.846, 131
Trd, 8639439.212, 123
Trd, 8639439.346, 110
Trd, 8639439.612, 101
Trd, 8639439.812, 98
Trd, 8639440.212, 113
Trd, 8639441.146, 92
Trd, 8639441.412, 71
Trd, 8639441.646, 63
Trd, 8639442.312, 100
Trd, 8639442.779, 76
Trd, 8639443.279, 114
Trd, 8639444.012, 60
Trd, 8639444.446, 99
Trd, 8639444.712, 89
Trd, 8639445.279, 75
Trd, 8639445.479, 62
Trd, 8639445.946, 77
Trd, 8639446.512, 81
Trd, 8639447.312, 60
Trd, 8639448.312, 60
Trd, 8639448.346, 61
Trd, 8639448.679, 61
Trd, 8639449.746, 63
Trd, 8639449.946, 74
Trd, 8639449.979, 80
Trd, 8639450.312, 62
Trd, 8639450.346, 74
Trd, 8639451.479, 62
Trd, 8639451.879, 62
Trd, 8639452.179, 61
Trd, 8639452.346, 63
Trd, 8639453.279, 62
Trd, 8639453.312, 63
Trd, 8639453.846, 60
Trd, 8639454.612, 61
Trd, 8639454.846, 63
Trd, 8639455.046, 67
Trd, 8639455.579, 63
Trd, 8639456.146, 64
Trd, 8639456.346, 65
Trd, 8639456.912, 70
Trd, 8639457.046, 76
Trd, 8639457.079, 93
Trd, 8639457.846, 115
Trd, 8639458.179, 113
Trd, 8639458.279, 75
Trd, 8639458.479, 140
Trd, 8639458.779, 74
Trd, 8639459.712, 102
Trd, 8639460.479, 127
Trd, 8639461.246, 107
Trd, 8639461.279, 90
Trd, 8639461.546, 140
Trd, 8639462.312, 139
Trd, 8639462.679, 121
Trd, 8639463.746, 113
Trd, 8639464.112, 114
Trd, 8639464.846, 140
Trd, 8639465.579, 140
Trd, 8639466.446, 140
Trd, 8639466.712, 140
Trd, 8639466.746, 137
Trd, 8639467.012, 125
Trd, 8639467.546, 116
Trd, 8639467.812, 73
Trd, 8639467.912, 100
Trd, 8639468.046, 96
Trd, 8639468.579, 70
Trd, 8639469.512, 124
Trd, 8639469.779, 71
Trd, 8639470.012, 110
Trd, 8639470.079, 69
Trd, 8639470.746, 129
Trd, 8639471.546, 89
Trd, 8639471.612, 88
Trd, 8639472.779, 85
Trd, 8639472.879, 86
Trd, 8639473.012, 69
Trd, 8639474.012, 140
Trd, 8639474.046, 107
Trd, 8639474.346, 86
Trd, 8639475.179, 101
Trd, 8639475.812, 118
Trd, 8639476.246, 106
Trd, 8639477.379, 120
Trd, 8639477.546, 117
Trd, 8639478.212, 103
Trd, 8639478.712, 108
Trd, 8639479.012, 98
Trd, 8639479.212, 97
Trd, 8639480.146, 63
Trd, 8639480.312, 106
Trd, 8639481.012, 121
Trd, 8639481.979, 61
Trd, 8639482.012, 66
Trd, 8639482.346, 65
Trd, 8639482.579, 65
Trd, 8639482.712, 80
Trd, 8639483.412, 71
Trd, 8639483.579, 66
Trd, 8639483.679, 66
Trd, 8639485.112, 140
Trd, 8639485.379, 140
Trd, 8639485.712, 140
Trd, 8639486.012, 109
Trd, 8639486.746, 140
Trd, 8639486.846, 138
Trd, 8639487.212, 117
Trd, 8639487.379, 114
Trd, 8639487.579, 100
Trd, 8639487.879, 95
Trd, 8639488.046, 85
Trd, 8639488.679, 133
Trd, 8639488.879, 132
Trd, 8639489.079, 131
Trd, 8639490.646, 138
Trd, 8639490.712, 119
Trd, 8639491.112, 136
Trd, 8639492.012, 139
Trd, 8639492.046, 137
Trd, 8639492.179, 136
Trd, 8639492.646, 135
Trd, 8639492.779, 133
Trd, 8639493.312, 104
Trd, 8639493.579, 129
Trd, 8639493.946, 139
Trd, 8639494.379, 110
Trd, 8639495.079, 104
Trd, 8639495.512, 92
Trd, 8639495.779, 88
Trd, 8639496.279, 87
Trd, 8639496.846, 129
Trd, 8639496.879, 128
Trd, 8639497.479, 139
Trd, 8639497.946, 91
Trd, 8639499.279, 125
Trd, 8639499.712, 124
Trd, 8639499.879, 108
Trd, 8639500.012, 86
Trd, 8639500.279, 130
Trd, 8639500.612, 129
Trd, 8639501.112, 107
Trd, 8639501.512, 130
Trd, 8639501.946, 126
Trd, 8639502.712, 128
Trd, 8639503.279, 132
Trd, 8639503.479, 131
Trd, 8639503.612, 130
Trd, 8639503.912, 95
Trd, 8639505.179, 134
Trd, 8639505.579, 132
Trd, 8639506.046, 120
Trd, 8639506.146, 96
Trd, 8639506.812, 137
Trd, 8639507.246, 135
Trd, 8639507.779, 132
Trd, 8639508.712, 116
Trd, 8639508.946, 109
Trd, 8639509.946, 110
Trd, 8639510.012, 95
Trd, 8639510.212, 127
Trd, 8639510.279, 137
Trd, 8639510.679, 125
Trd, 8639511.479, 111
Trd, 8639511.579, 103
Trd, 8639511.846, 79
Trd, 8639511.946, 78
Trd, 8639512.746, 79
Trd, 8639514.046, 133
Trd, 8639514.746, 125
Trd, 8639515.279, 133
Trd, 8639515.512, 132
Trd, 8639516.579, 121
Trd, 8639516.779, 138
Trd, 8639516.946, 68
Trd, 8639517.079, 67
Trd, 8639517.212, 65
Trd, 8639517.479, 137
Trd, 8639517.546, 64
Trd, 8639518.279, 138
Trd, 8639519.646, 84
Trd, 8639520.312, 111
Trd, 8639520.412, 110
Trd, 8639520.779, 102
Trd, 8639521.979, 99
Trd, 8639522.379, 120
Trd, 8639522.412, 91
Trd, 8639522.512, 89
Trd, 8639522.679, 90
Trd, 8639523.112, 106
Trd, 8639523.212, 62
Trd, 8639524.412, 137
Trd, 8639524.479, 122
Trd, 8639525.079, 69
Trd, 8639525.712, 113
Trd, 8639525.879, 110
Trd, 8639526.212, 109
Trd, 8639526.579, 77
Trd, 8639527.412, 129
Trd, 8639527.779, 135
Trd, 8639528.412, 139
Trd, 8639529.212, 140
Trd, 8639529.412, 140
Trd, 8639529.679, 139
Trd, 8639529.746, 138
Trd, 8639529.879, 137
Trd, 8639530.612, 140
Trd, 8639530.912, 140
Trd, 8639531.612, 138
Trd, 8639531.712, 83
Trd, 8639531.746, 79
Trd, 8639532.512, 121
Trd, 8639533.246, 130
Trd, 8639533.379, 76
Trd, 8639533.546, 134
Trd, 8639534.279, 106
Trd, 8639534.412, 73
Trd, 8639534.746, 73
Trd, 8639535.079, 78
Trd, 8639535.612, 79
Trd, 8639535.946, 79
Trd, 8639536.612, 139
Trd, 8639537.512, 134
Trd, 8639537.646, 116
Trd, 8639539.746, 139
Trd, 8639539.779, 138
Trd, 8639539.846, 136
Trd, 8639540.279, 117
Trd, 8639541.379, 109
Trd, 8639542.079, 110
Trd, 8639542.112, 130
Trd, 8639542.346, 123
Trd, 8639542.512, 110
Trd, 8639542.712, 78
Trd, 8639543.012, 102
Trd, 8639543.412, 80
Trd, 8639544.712, 105
Trd, 8639545.246, 104
Trd, 8639545.312, 101
Trd, 8639545.412, 91
Trd, 8639545.779, 101
Trd, 8639547.012, 119
Trd, 8639547.412, 99
Trd, 8639547.646, 98
Trd, 8639548.012, 98
Trd, 8639548.712, 140
Trd, 8639548.846, 140
Trd, 8639549.212, 140
Trd, 8639550.412, 136
Trd, 8639550.546, 135
Trd, 8639551.479, 85
Trd, 8639551.812, 86
Trd, 8639552.746, 77
Trd, 8639553.212, 138
Trd, 8639553.546, 112
Trd, 8639553.979, 84
Trd, 8639554.479, 117
Trd, 8639555.012, 135
Trd, 8639556.146, 75
Trd, 8639556.512, 90
Trd, 8639556.679, 75
Trd, 8639556.912, 129
Trd, 8639557.579, 130
Trd, 8639558.046, 129
Trd, 8639558.579, 136
Trd, 8639559.046, 126
Trd, 8639560.046, 140
Trd, 8639560.579, 140
Trd, 8639561.012, 140
Trd, 8639561.412, 140
Trd, 8639561.546, 111
Trd, 8639562.079, 109
Trd, 8639562.812, 119
Trd, 8639563.546, 140
Trd, 8639564.212, 139
Trd, 8639564.412, 127
Trd, 8639564.646, 90
Trd, 8639565.646, 60
Trd, 8639565.746, 60
Trd, 8639566.179, 62
Trd, 8639566.246, 62
Trd, 8639566.546, 62
Trd, 8639566.879, 70
Trd, 8639567.612, 61
Trd, 8639567.712, 62
Trd, 8639568.912, 60
Trd, 8639569.146, 64
Trd, 8639569.346, 61
Trd, 8639569.479, 63
Trd, 8639570.046, 61
Trd, 8639570.546, 60
Trd, 8639571.212, 60
Trd, 8639571.279, 61
Trd, 8639571.346, 72
Trd, 8639571.546, 61
Trd, 8639571.746, 82
Trd, 8639571.846, 99
Trd, 8639571.879, 81
Trd, 8639572.779, 60
Trd, 8639573.812, 63
Trd, 8639574.612, 99
Trd, 8639575.312, 108
Trd, 8639575.412, 114
Trd, 8639575.579, 103
Trd, 8639576.079, 70
Trd, 8639577.346, 140
Trd, 8639577.679, 129
Trd, 8639578.046, 128
Trd, 8639578.179, 127
Trd, 8639578.412, 103
Trd, 8639579.379, 117
Trd, 8639579.579, 91
Trd, 8639579.779, 91
Trd, 8639580.212, 140
Trd, 8639580.312, 139
Trd, 8639581.346, 139
Trd, 8639582.012, 140
Trd, 8639582.146, 139
Trd, 8639583.579, 127
Trd, 8639583.712, 126
Trd, 8639584.246, 123
Trd, 8639584.379, 118
Trd, 8639585.179, 140
Trd, 8639585.312, 140
Trd, 8639586.612, 133
Trd, 8639587.012, 134
Trd, 8639587.679, 139
Trd, 8639587.879, 136
Trd, 8639587.912, 135
Trd, 8639588.079, 109
Trd, 8639588.179, 99
Trd, 8639588.279, 97
Trd, 8639589.312, 117
Trd, 8639589.412, 116
Trd, 8639590.146, 118
Trd, 8639590.746, 103
Trd, 8639591.212, 125
Trd, 8639591.412, 124
Trd, 8639592.079, 104
Trd, 8639593.012, 114
Trd, 8639593.679, 129
Trd, 8639593.979, 114
Trd, 8639594.112, 109
Trd, 8639594.546, 124
Trd, 8639594.812, 131
Trd, 8639594.946, 118
Trd, 8639595.079, 110
Trd, 8639596.246, 116
Trd, 8639596.379, 115
Trd, 8639596.612, 102
Trd, 8639596.879, 99
Trd, 8639597.079, 98
Trd, 8639598.046, 96
Trd, 8639598.212, 82
Trd, 8639599.046, 140
Trd, 8639599.546, 139
Trd, 8639601.079, 122
Trd, 8639601.246, 92
Trd, 8639601.979, 137
Trd, 8639602.012, 103
Trd, 8639602.512, 110
Trd, 8639603.046, 86
Trd, 8639603.246, 76
Trd, 8639603.279, 72
Trd, 8639603.446, 64
Trd, 8639603.546, 138
Trd, 8639604.479, 130
Trd, 8639604.646, 106
Trd, 8639605.246, 139
Trd, 8639605.346, 63
Trd, 8639605.646, 140
Trd, 8639606.346, 91
Trd, 8639606.879, 96
Trd, 8639606.912, 94
Trd, 8639607.179, 70
Trd, 8639607.479, 130
Trd, 8639609.146, 61
Trd, 8639609.812, 60
Trd, 8639610.379, 60
Trd, 8639610.612, 60
Trd, 8639611.546, 60
Trd, 8639612.046, 62
Trd, 8639612.112, 62
Trd, 8639612.146, 82
Trd, 8639612.612, 116
Trd, 8639613.079, 112
Trd, 8639613.812, 119
Trd, 8639614.512, 140
Trd, 8639615.112, 116
Trd, 8639615.246, 114
Trd, 8639615.379, 109
Trd, 8639615.479, 85
Trd, 8639616.512, 60
Trd, 8639617.046, 60
Trd, 8639618.446, 60
Trd, 8639618.546, 60
Trd, 8639619.146, 60
Trd, 8639619.446, 61
Trd, 8639619.712, 61
Trd, 8639619.879, 60
Trd, 8639620.346, 63
Trd, 8639620.946, 62
Trd, 8639621.246, 62
Trd, 8639621.379, 63
Trd, 8639621.912, 62
Trd, 8639622.046, 65
Trd, 8639622.279, 72
Trd, 8639622.579, 66
Trd, 8639623.979, 64
Trd, 8639624.212, 82
Trd, 8639624.312, 68
Trd, 8639624.912, 61
Trd, 8639625.246, 109
Trd, 8639625.479, 116
Trd, 8639626.146, 127
Trd, 8639626.212, 126
Trd, 8639626.512, 139
Trd, 8639626.646, 125
Trd, 8639626.779, 94
Trd, 8639627.312, 74
Trd, 8639627.712, 72
Trd, 8639628.612, 61
Trd, 8639629.046, 61
Trd, 8639629.479, 67
Trd, 8639629.512, 80
Trd, 8639629.746, 93
Trd, 8639630.079, 114
Trd, 8639631.212, 119
Trd, 8639631.546, 118
Trd, 8639631.746, 135
Trd, 8639632.179, 120
Trd, 8639633.079, 120
Trd, 8639633.646, 95
Trd, 8639634.612, 140
Trd, 8639634.846, 139
Trd, 8639635.146, 134
Trd, 8639635.979, 126
Trd, 8639636.746, 137
Trd, 8639637.346, 134
Trd, 8639637.712, 134
Trd, 8639637.779, 133
Trd, 8639637.979, 126
Trd, 8639638.046, 124
Trd, 8639638.746, 124
Trd, 8639638.946, 77
Trd, 8639639.346, 106
Trd, 8639639.546, 104
Trd, 8639639.812, 60
Trd, 8639640.046, 61
Trd, 8639640.946, 140
Trd, 8639641.179, 127
Trd, 8639641.546, 109
Trd, 8639642.712, 123
Trd, 8639642.746, 134
Trd, 8639642.812, 116
Trd, 8639643.379, 125
Trd, 8639643.512, 115
Trd, 8639643.779, 64
Trd, 8639644.146, 140
Trd, 8639644.579, 140
Trd, 8639644.612, 129
Trd, 8639646.412, 130
Trd, 8639646.746, 129
Trd, 8639647.146, 113
Trd, 8639647.946, 140
Trd, 8639648.179, 108
Trd, 8639648.446, 91
Trd, 8639648.912, 118
Trd, 8639650.046, 127
Trd, 8639650.146, 77
Trd, 8639650.246, 75
Trd, 8639651.279, 115
Trd, 8639651.479, 108
Trd, 8639652.779, 140
Trd, 8639653.246, 140
Trd, 8639653.312, 139
Trd, 8639653.346, 130
Trd, 8639653.446, 122
Trd, 8639653.746, 118
Trd, 8639654.379, 117
Trd, 8639654.412, 71
Trd, 8639655.179, 139
Trd, 8639655.212, 139
Trd, 8639655.446, 120
Trd, 8639656.412, 122
Trd, 8639656.846, 122
Trd, 8639657.346, 124
Trd, 8639657.979, 100
Trd, 8639658.012, 99
Trd, 8639658.179, 61
Trd, 8639658.979, 60
Trd, 8639659.212, 60
Trd, 8639659.812, 61
Trd, 8639660.012, 62
Trd, 8639660.046, 70
Trd, 8639660.279, 61
Trd, 8639660.412, 68
Trd, 8639661.246, 61
Trd, 8639661.846, 107
Trd, 8639661.946, 77
Trd, 8639662.812, 119
Trd, 8639663.146, 119
Trd, 8639664.046, 119
Trd, 8639664.312, 140
Trd, 8639665.346, 130
Trd, 8639665.546, 130
Trd, 8639665.579, 129
Trd, 8639665.812, 128
Trd, 8639666.779, 102
Trd, 8639667.712, 114
Trd, 8639667.812, 113
Trd, 8639668.046, 68
Trd, 8639668.579, 89
Trd, 8639669.146, 91
Trd, 8639669.846, 60
Trd, 8639669.979, 60
Trd, 8639670.012, 60
Trd, 8639670.979, 65
Trd, 8639671.112, 69
Trd, 8639671.479, 60
Trd, 8639672.012, 123
Trd, 8639672.046, 121
Trd, 8639673.246, 123
Trd, 8639673.912, 128
Trd, 8639674.079, 122
Trd, 8639675.079, 134
Trd, 8639675.712, 137
Trd, 8639675.846, 136
Trd, 8639675.879, 135
Trd, 8639676.612, 136
Trd, 8639676.646, 133
Trd, 8639677.912, 133
Trd, 8639678.046, 109
Trd, 8639678.212, 97
Trd, 8639678.546, 118
Trd, 8639679.446, 64
Trd, 8639680.212, 102
Trd, 8639680.279, 137
Trd, 8639680.812, 74
Trd, 8639681.346, 100
Trd, 8639681.412, 88
Trd, 8639682.379, 128
Trd, 8639683.012, 138
Trd, 8639683.912, 122
Trd, 8639683.946, 118
Trd, 8639684.079, 96
Trd, 8639684.279, 73
Trd, 8639684.579, 70
Trd, 8639684.779, 68
Trd, 8639685.312, 65
Trd, 8639687.179, 140
Trd, 8639687.246, 140
Trd, 8639687.279, 120
Trd, 8639687.312, 115
Trd, 8639687.912, 82
Trd, 8639688.079, 79
Trd, 8639688.412, 115
Trd, 8639688.979, 116
Trd, 8639689.412, 80
Trd, 8639689.746, 79
Trd, 8639690.446, 68
Trd, 8639690.912, 107
Trd, 8639691.679, 61
Trd, 8639692.579, 136
Trd, 8639692.779, 119
Trd, 8639693.279, 135
Trd, 8639693.412, 115
Trd, 8639693.512, 122
Trd, 8639693.546, 102
Trd, 8639694.712, 72
Trd, 8639694.879, 109
Trd, 8639695.112, 124
Trd, 8639696.679, 99
Trd, 8639696.779, 81
Trd, 8639697.612, 136
Trd, 8639697.979, 139
Trd, 8639699.612, 140
Trd, 8639699.646, 140
Trd, 8639699.846, 140
Trd, 8639700.479, 140
Trd, 8639700.846, 140
Trd, 8639701.046, 140
Trd, 8639701.379, 140
Trd, 8639701.812, 121
Trd, 8639702.079, 109
Trd, 8639702.579, 99
Trd, 8639703.179, 137
Trd, 8639704.312, 136
Trd, 8639704.846, 139
Trd, 8639704.979, 133
Trd, 8639705.679, 133
Trd, 8639705.779, 124
Trd, 8639706.346, 120
Trd, 8639706.479, 121
Trd, 8639706.912, 114
Trd, 8639707.312, 130
Trd, 8639707.812, 113
Trd, 8639707.946, 132
Trd, 8639708.846, 64
Trd, 8639708.879, 62
Trd, 8639709.179, 82
Trd, 8639709.246, 84
Trd, 8639709.312, 76
Trd, 8639710.646, 75
Trd, 8639711.079, 60
Trd, 8639711.512, 99
Trd, 8639711.912, 138
Trd, 8639712.046, 137
Trd, 8639712.212, 70
Trd, 8639713.412, 62
Trd, 8639713.879, 62
Trd, 8639714.512, 60
Trd, 8639714.779, 60
Trd, 8639715.546, 60
Trd, 8639715.646, 61
Trd, 8639715.712, 62
Trd, 8639716.579, 65
Trd, 8639716.846, 66
Trd, 8639716.879, 63
Trd, 8639717.046, 60
Trd, 8639717.446, 99
Trd, 8639717.479, 68
Trd, 8639718.612, 133
Trd, 8639719.212, 132
Trd, 8639719.412, 100
Trd, 8639719.546, 98
Trd, 8639720.379, 60
Trd, 8639720.779, 60
Trd, 8639721.812, 60
Trd, 8639722.079, 61
Trd, 8639723.112, 60
Trd, 8639723.512, 61
Trd, 8639723.746, 61
Trd, 8639724.279, 63
Trd, 8639724.479, 64
Trd, 8639725.212, 61
Trd, 8639725.412, 61
Trd, 8639725.479, 63
Trd, 8639725.846, 65
Trd, 8639726.279, 70
Trd, 8639726.446, 61
Trd, 8639727.579, 62
Trd, 8639727.746, 64
Trd, 8639727.812, 83
Trd, 8639728.246, 66
Trd, 8639729.546, 60
Trd, 8639729.846, 60
Trd, 8639730.646, 61
Trd, 8639730.912, 63
Trd, 8639731.112, 63
Trd, 8639731.146, 65
Trd, 8639731.446, 63
Trd, 8639731.612, 63
Trd, 8639731.812, 63
Trd, 8639732.412, 86
Trd, 8639732.746, 98
Trd, 8639733.312, 81
Trd, 8639733.346, 133
Trd, 8639733.779, 71
Trd, 8639734.179, 73
Trd, 8639734.612, 102
Trd, 8639734.846, 101
Trd, 8639735.512, 67
Trd, 8639735.779, 63
Trd, 8639736.012, 112
Trd, 8639737.012, 103
Trd, 8639737.279, 101
Trd, 8639737.812, 102
Trd, 8639738.312, 108
Trd, 8639738.612, 139
Trd, 8639738.679, 101
Trd, 8639739.412, 137
Trd, 8639740.712, 139
Trd, 8639741.279, 140
Trd, 8639742.346, 140
Trd, 8639742.679, 140
Trd, 8639743.312, 138
Trd, 8639743.479, 127
Trd, 8639743.546, 125
Trd, 8639743.912, 91
Trd, 8639744.012, 88
Trd, 8639744.846, 88
Trd, 8639745.079, 71
Trd, 8639745.846, 106
Trd, 8639746.212, 98
Trd, 8639746.379, 60
Trd, 8639746.779, 60
Trd, 8639748.379, 60
Trd, 8639748.512, 60
Trd, 8639748.712, 62
Trd, 8639748.779, 63
Trd, 8639748.979, 63
Trd, 8639749.279, 60
Trd, 8639749.712, 61
Trd, 8639750.046, 62
Trd, 8639750.279, 60
Trd, 8639750.546, 62
Trd, 8639750.679, 81
Trd, 8639751.279, 76
Trd, 8639751.679, 114
Trd, 8639752.046, 73
Trd, 8639752.412, 89
Trd, 8639752.912, 98
Trd, 8639753.012, 95
Trd, 8639753.279, 122
Trd, 8639754.412, 60
Trd, 8639754.579, 61
Trd, 8639755.946, 64
Trd, 8639756.246, 60
Trd, 8639757.612, 60
Trd, 8639757.679, 60
Trd, 8639757.912, 60
Trd, 8639758.112, 61
Trd, 8639758.246, 63
Trd, 8639758.346, 66
Trd, 8639759.112, 64
Trd, 8639759.379, 65
Trd, 8639759.646, 64
Trd, 8639760.479, 139
Trd, 8639760.879, 118
Trd, 8639761.279, 140
Trd, 8639762.179, 140
Trd, 8639762.212, 114
Trd, 8639762.412, 111
Trd, 8639762.912, 62
Trd, 8639764.046, 135
Trd, 8639764.179, 129
Trd, 8639765.046, 140
Trd, 8639765.246, 139
Trd, 8639766.012, 103
Trd, 8639767.046, 138
Trd, 8639767.879, 118
Trd, 8639768.179, 113
Trd, 8639768.379, 114
Trd, 8639768.546, 113
Trd, 8639769.179, 136
Trd, 8639769.479, 137
Trd, 8639771.546, 140
Trd, 8639771.779, 140
Trd, 8639771.912, 139
Trd, 8639771.979, 121
Trd, 8639772.779, 97
Trd, 8639772.846, 82
Trd, 8639772.912, 61
Trd, 8639774.046, 137
Trd, 8639774.579, 137
Trd, 8639774.846, 140
Trd, 8639776.212, 132
Trd, 8639776.312, 130
Trd, 8639776.646, 127
Trd, 8639776.746, 124
Trd, 8639777.379, 137
Trd, 8639777.979, 114
Trd, 8639778.612, 108
Trd, 8639779.146, 107
Trd, 8639779.379, 97
Trd, 8639780.079, 98
Trd, 8639780.646, 110
Trd, 8639780.712, 109
Trd, 8639780.812, 134
Trd, 8639781.579, 130
Trd, 8639782.046, 127
Trd, 8639782.746, 127
Trd, 8639783.546, 129
Trd, 8639783.612, 128
Trd, 8639784.412, 129
Trd, 8639784.812, 129
Trd, 8639785.212, 130
Trd, 8639785.446, 113
Trd, 8639786.146, 126
Trd, 8639786.279, 68
Trd, 8639786.646, 135
Trd, 8639787.179, 136
Trd, 8639787.479, 119
Trd, 8639787.779, 122
Trd, 8639787.879, 120
Trd, 8639788.079, 91
Trd, 8639788.479, 67
Trd, 8639788.646, 63
Trd, 8639789.412, 60
Trd, 8639790.646, 60
Trd, 8639790.746, 60
Trd, 8639791.346, 61
Trd, 8639791.579, 62
Trd, 8639791.912, 60
Trd, 8639792.312, 65
Trd, 8639792.946, 81
Trd, 8639793.779, 135
Trd, 8639793.946, 126
Trd, 8639794.379, 138
Trd, 8639795.079, 125
Trd, 8639795.879, 134
Trd, 8639796.212, 120
Trd, 8639796.712, 108
Trd, 8639796.946, 86
Trd, 8639797.079, 83
Trd, 8639797.212, 81
Trd, 8639797.746, 66
Trd, 8639797.879, 65
Trd, 8639798.446, 64
Trd, 8639798.979, 65
Trd, 8639799.612, 61
Trd, 8639799.846, 62
Trd, 8639800.379, 62
Trd, 8639800.446, 64
Trd, 8639800.879, 93
Trd, 8639801.146, 75
Trd, 8639802.012, 103
Trd, 8639802.379, 102
Trd, 8639802.646, 76
Trd, 8639802.979, 75
Trd, 8639803.412, 77
Trd, 8639804.212, 106
Trd, 8639804.446, 76
Trd, 8639805.379, 116
Trd, 8639805.412, 113
Trd, 8639805.512, 108
Trd, 8639805.612, 63
Trd, 8639806.012, 139
Trd, 8639807.779, 102
Trd, 8639807.946, 98
Trd, 8639808.446, 92
Trd, 8639808.579, 114
Trd, 8639809.012, 62
Trd, 8639809.212, 64
Trd, 8639809.946, 61
Trd, 8639810.312, 62
Trd, 8639810.946, 134
Trd, 8639811.746, 134
Trd, 8639811.946, 91
Trd, 8639811.979, 90
Trd, 8639812.479, 137
Trd, 8639813.112, 138
Trd, 8639813.246, 139
Trd, 8639813.446, 140
Trd, 8639813.512, 139
Trd, 8639815.079, 121
Trd, 8639815.712, 139
Trd, 8639816.079, 113
Trd, 8639816.279, 132
Trd, 8639816.679, 111
Trd, 8639817.879, 126
Trd, 8639817.912, 134
Trd, 8639818.946, 140
Trd, 8639819.479, 122
Trd, 8639819.512, 119
Trd, 8639820.079, 95
Trd, 8639820.312, 131
Trd, 8639820.612, 130
Trd, 8639820.779, 113
Trd, 8639821.812, 115
Trd, 8639822.379, 117
Trd, 8639823.546, 118
Trd, 8639823.646, 117
Trd, 8639823.846, 107
Trd, 8639824.546, 130
Trd, 8639825.079, 116
Trd, 8639825.412, 109
Trd, 8639826.246, 139
Trd, 8639826.812, 111
Trd, 8639827.479, 129
Trd, 8639827.979, 112
Trd, 8639828.079, 83
Trd, 8639828.179, 138
Trd, 8639828.312, 138
Trd, 8639828.412, 112
Trd, 8639830.012, 113
Trd, 8639830.712, 112
Trd, 8639830.846, 111
Trd, 8639831.112, 117
Trd, 8639831.312, 86
Trd, 8639831.512, 70
Trd, 8639831.979, 64
Trd, 8639832.179, 63
Trd, 8639832.379, 132
Trd, 8639832.979, 62
Trd, 8639833.179, 96
Trd, 8639833.779, 118
Trd, 8639833.879, 117
Trd, 8639833.946, 117
Trd, 8639834.279, 91
Trd, 8639835.112, 140
Trd, 8639835.179, 128
Trd, 8639835.912, 124
Trd, 8639836.479, 105
Trd, 8639837.379, 140
Trd, 8639837.479, 115
Trd, 8639837.512, 93
Trd, 8639838.612, 138
Trd, 8639839.712, 138
Trd, 8639839.846, 137
Trd, 8639840.212, 138
Trd, 8639840.846, 137
Trd, 8639841.179, 136
Trd, 8639841.479, 129
Trd, 8639841.712, 128
Trd, 8639842.846, 115
Trd, 8639843.179, 99
Trd, 8639843.479, 112
Trd, 8639843.712, 98
Trd, 8639844.079, 99
Trd, 8639844.512, 98
Trd, 8639844.546, 94
Trd, 8639844.779, 134
Trd, 8639846.012, 139
Trd, 8639846.346, 89
Trd, 8639846.612, 131
Trd, 8639847.012, 128
Trd, 8639847.479, 135
Trd, 8639848.146, 132
Trd, 8639850.112, 136
Trd, 8639850.646, 140
Trd, 8639850.746, 121
Trd, 8639850.779, 116
Trd, 8639850.812, 101
Trd, 8639851.146, 107
Trd, 8639852.546, 109
Trd, 8639853.246, 112
Trd, 8639853.312, 106
Trd, 8639853.612, 134
Trd, 8639853.679, 104
Trd, 8639853.712, 78
Trd, 8639854.379, 140
Trd, 8639855.179, 140
Trd, 8639855.346, 140
Trd, 8639855.379, 140
Trd, 8639855.646, 140
Trd, 8639856.512, 70
Trd, 8639856.879, 108
Trd, 8639857.012, 139
Trd, 8639857.379, 66
Trd, 8639858.146, 96
Trd, 8639858.246, 75
Trd, 8639859.112, 111
Trd, 8639861.046, 140
Trd, 8639861.112, 140
Trd, 8639861.346, 140
Trd, 8639862.512, 140
Trd, 8639862.746, 140
Trd, 8639862.979, 132
Trd, 8639863.146, 114
Trd, 8639863.479, 113
Trd, 8639863.679, 81
Trd, 8639864.746, 72
Trd, 8639865.079, 100
Trd, 8639865.479, 138
Trd, 8639865.979, 114
Trd, 8639866.212, 112
Trd, 8639867.479, 120
Trd, 8639867.779, 118
Trd, 8639868.212, 138
Trd, 8639868.412, 139
Trd, 8639868.746, 137
Trd, 8639868.812, 95
Trd, 8639869.179, 106
Trd, 8639871.646, 135
Trd, 8639872.246, 135
Trd, 8639872.412, 140
Trd, 8639872.779, 125
Trd, 8639873.212, 126
Trd, 8639873.346, 126
Trd, 8639873.612, 125
Trd, 8639874.312, 93
Trd, 8639874.346, 83
Trd, 8639874.812, 114
Trd, 8639876.046, 128
Trd, 8639876.312, 128
Trd, 8639876.912, 127
Trd, 8639876.979, 105
Trd, 8639877.512, 140
Trd, 8639878.212, 138
Trd, 8639878.379, 137
Trd, 8639880.012, 140
Trd, 8639880.212, 140
Trd, 8639880.612, 140
Trd, 8639880.779, 138
Trd, 8639881.846, 130
Trd, 8639881.912, 125
Trd, 8639883.079, 99
Trd, 8639883.212, 109
Trd, 8639883.346, 128
Trd, 8639883.412, 133
Trd, 8639884.112, 116
Trd, 8639884.546, 116
Trd, 8639884.646, 114
Trd, 8639884.979, 124
Trd, 8639885.779, 121
Trd, 8639886.612, 102
Trd, 8639887.446, 140
Trd, 8639888.346, 140
Trd, 8639889.012, 121
Trd, 8639889.212, 140
Trd, 8639890.012, 126
Trd, 8639890.546, 121
Trd, 8639891.212, 114
Trd, 8639891.512, 115
Trd, 8639891.712, 114
Trd, 8639891.779, 109
Trd, 8639891.879, 73
Trd, 8639892.212, 69
Trd, 8639892.879, 74
Trd, 8639893.712, 138
Trd, 8639894.212, 133
Trd, 8639894.579, 134
Trd, 8639895.146, 133
Trd, 8639895.846, 140
Trd, 8639896.412, 110
Trd, 8639896.712, 129
Trd, 8639897.279, 81
Trd, 8639897.979, 62
Trd, 8639898.246, 62
Trd, 8639898.312, 63
Trd, 8639898.679, 61
Trd, 8639899.046, 60
Trd, 8639899.946, 62
Trd, 8639900.812, 62
Trd, 8639900.879, 64
Trd, 8639901.179, 62
Trd, 8639901.446, 60
Trd, 8639901.779, 70
Trd, 8639902.346, 60
Trd, 8639902.679, 62
Trd, 8639902.812, 82
Trd, 8639903.412, 63
Trd, 8639903.712, 82
Trd, 8639903.779, 62
Trd, 8639905.112, 68
Trd, 8639906.246, 65
Trd, 8639906.412, 69
Trd, 8639907.479, 106
Trd, 8639907.646, 105
Trd, 8639908.046, 112
Trd, 8639908.179, 88
Trd, 8639908.379, 114
Trd, 8639908.746, 125
Trd, 8639908.979, 71
Trd, 8639909.146, 65
Trd, 8639909.646, 67
Trd, 8639910.412, 97
Trd, 8639910.512, 128
Trd, 8639910.579, 97
Trd, 8639910.812, 96
Trd, 8639911.446, 100
Trd, 8639912.079, 130
Trd, 8639912.712, 129
Trd, 8639913.012, 97
Trd, 8639913.179, 96
Trd, 8639913.412, 81
Trd, 8639913.746, 64
Trd, 8639915.179, 134
Trd, 8639915.646, 139
Trd, 8639915.812, 138
Trd, 8639916.479, 120
Trd, 8639916.979, 95
Trd, 8639917.079, 120
Trd, 8639917.379, 121
Trd, 8639918.012, 130
Trd, 8639918.346, 103
Trd, 8639919.046, 121
Trd, 8639919.346, 120
Trd, 8639919.479, 69
Trd, 8639919.646, 133
Trd, 8639919.879, 66
Trd, 8639921.012, 140
Trd, 8639921.079, 140
Trd, 8639921.979, 137
Trd, 8639922.612, 136
Trd, 8639922.846, 135
Trd, 8639922.946, 132
Trd, 8639923.246, 115
Trd, 8639923.446, 105
Trd, 8639923.846, 140
Trd, 8639924.479, 140
Trd, 8639924.979, 115
Trd, 8639925.446, 122
Trd, 8639925.846, 120
Trd, 8639927.146, 138
Trd, 8639927.212, 137
Trd, 8639927.379, 136
Trd, 8639928.179, 125
Trd, 8639928.379, 133
Trd, 8639928.846, 133
Trd, 8639929.212, 140
Trd, 8639929.612, 130
Trd, 8639929.746, 129
Trd, 8639930.812, 131
Trd, 8639931.012, 122
Trd, 8639931.312, 122
Trd, 8639931.846, 129
Trd, 8639932.179, 140
Trd, 8639932.546, 129
Trd, 8639933.079, 129
Trd, 8639933.479, 130
Trd, 8639933.779, 120
Trd, 8639934.312, 107
Trd, 8639934.479, 97
Trd, 8639934.979, 91
Trd, 8639936.079, 102
Trd, 8639936.646, 101
Trd, 8639937.079, 112
Trd, 8639937.112, 73
Trd, 8639937.579, 63
Trd, 8639937.679, 64
Trd, 8639938.346, 75
Trd, 8639938.412, 86
Trd, 8639938.679, 87
Trd, 8639939.412, 92
Trd, 8639939.646, 103
Trd, 8639940.179, 63
Trd, 8639940.546, 66
Trd, 8639940.579, 67
Trd, 8639941.512, 67
Trd, 8639941.646, 71
Trd, 8639941.946, 64
Trd, 8639942.279, 121
Trd, 8639942.346, 121
Trd, 8639943.112, 109
Trd, 8639943.746, 100
Trd, 8639944.946, 140
Trd, 8639945.146, 140
Trd, 8639945.412, 140
Trd, 8639945.612, 133
Trd, 8639945.979, 139
Trd, 8639947.646, 121
Trd, 8639948.012, 119
Trd, 8639948.112, 117
Trd, 8639948.346, 123
Trd, 8639948.946, 116
Trd, 8639949.279, 135
Trd, 8639949.479, 117
Trd, 8639949.712, 115
Trd, 8639950.312, 86
Trd, 8639950.646, 140
Trd, 8639951.212, 140
Trd, 8639951.312, 140
Trd, 8639951.379, 112
Trd, 8639953.546, 131
Trd, 8639954.046, 129
Trd, 8639954.446, 135
Trd, 8639954.646, 128
Trd, 8639955.179, 125
Trd, 8639955.346, 124
Trd, 8639955.946, 132
Trd, 8639956.679, 123
Trd, 8639956.879, 109
Trd, 8639957.046, 135
Trd, 8639957.312, 108
Trd, 8639957.679, 106
Trd, 8639958.546, 140
Trd, 8639958.779, 130
Trd, 8639959.579, 107
Trd, 8639960.012, 90
Trd, 8639960.212, 89
Trd, 8639960.779, 108
Trd, 8639961.212, 85
Trd, 8639961.512, 109
Trd, 8639961.779, 83
Trd, 8639961.846, 82
Trd, 8639962.112, 100
Trd, 8639962.346, 86
Trd, 8639963.212, 114
Trd, 8639963.279, 101
Trd, 8639963.746, 113
Trd, 8639963.879, 97
Trd, 8639964.279, 68
Trd, 8639964.879, 119
Trd, 8639966.946, 140
Trd, 8639966.979, 140
Trd, 8639967.312, 140
Trd, 8639967.379, 140
Trd, 8639967.612, 139
Trd, 8639967.646, 121
Trd, 8639968.246, 113
Trd, 8639968.846, 140
Trd, 8639970.012, 130
Trd, 8639970.446, 127
Trd, 8639971.046, 125
Trd, 8639971.846, 114
Trd, 8639972.346, 140
Trd, 8639972.712, 139
Trd, 8639973.179, 139
Trd, 8639974.079, 139
Trd, 8639974.179, 138
Trd, 8639974.579, 69
Trd, 8639974.746, 64
Trd, 8639974.879, 70
Trd, 8639975.512, 138
Trd, 8639976.079, 111
Trd, 8639976.279, 131
Trd, 8639976.446, 106
Trd, 8639977.379, 61
Trd, 8639977.412, 62
Trd, 8639978.146, 62
Trd, 8639979.379, 60
Trd, 8639979.846, 60
Trd, 8639980.612, 61
Trd, 8639980.979, 65
Trd, 8639981.612, 60
Trd, 8639982.846, 60
Trd, 8639982.912, 60
Trd, 8639983.312, 66
Trd, 8639983.579, 69
Trd, 8639983.646, 64
Trd, 8639984.412, 75
Trd, 8639984.546, 73
Trd, 8639984.612, 71
Trd, 8639985.312, 89
Trd, 8639986.179, 70
Trd, 8639986.479, 70
Trd, 8639986.879, 75
Trd, 8639986.946, 70
Trd, 8639987.279, 77
Trd, 8639987.879, 136
Trd, 8639988.012, 136
Trd, 8639988.046, 71
Trd, 8639988.679, 86
Trd, 8639988.746, 99
Trd, 8639989.646, 95
Trd, 8639989.679, 101
Trd, 8639989.712, 94
Trd, 8639990.412, 63
Trd, 8639990.812, 65
Trd, 8639991.646, 62
Trd, 8639992.312, 62
Trd, 8639992.412, 65
Trd, 8639992.446, 66
Trd, 8639993.079, 64
Trd, 8639993.412, 63
Trd, 8639993.546, 66
Trd, 8639994.279, 61
Trd, 8639994.612, 67
Trd, 8639994.779, 60
Trd, 8639994.846, 71
Trd, 8639994.879, 87
Trd, 8639995.912, 60
Trd, 8639996.179, 112
Trd, 8639997.112, 128
Trd, 8639997.912, 87
Trd, 8639998.479, 93
Trd, 8639998.546, 91
Trd, 8639998.579, 118
Trd, 8639998.979, 120
Trd, 8639999.212, 105
Trd, 8639999.946, 138
