Trd, 8638773.646, 90
Trd, 8638773.679, 78
Trd, 8638773.812, 99
Trd, 8638774.412, 77
Trd, 8638774.546, 63
Trd, 8638775.379, 60
Trd, 8638775.412, 63
Trd, 8638776.112, 63
Trd, 8638776.712, 91
Trd, 8638777.046, 91
Trd, 8638777.379, 121
Trd, 8638777.612, 91
Trd, 8638777.879, 74
Trd, 8638778.046, 72
Trd, 8638778.479, 87
Trd, 8638778.779, 81
Trd, 8638779.479, 88
Trd, 8638780.112, 92
Trd, 8638780.446, 104
Trd, 8638780.479, 103
Trd, 8638780.779, 92
Trd, 8638781.279, 67
Trd, 8638782.646, 140
Trd, 8638782.679, 122
Trd, 8638783.646, 133
Trd, 8638783.712, 122
Trd, 8638784.546, 118
Trd, 8638784.746, 136
Trd, 8638784.779, 116
Trd, 8638784.812, 114
Trd, 8638785.279, 131
Trd, 8638787.112, 130
Trd, 8638787.246, 126
Trd, 8638787.946, 101
Trd, 8638788.112, 99
Trd, 8638788.746, 140
Trd, 8638789.279, 140
Trd, 8638789.946, 112
Trd, 8638790.612, 111
Trd, 8638790.979, 111
Trd, 8638791.146, 110
Trd, 8638791.879, 122
Trd, 8638791.912, 121
Trd, 8638792.479, 115
Trd, 8638792.579, 110
Trd, 8638793.546, 112
Trd, 8638793.579, 110
Trd, 8638793.746, 106
Trd, 8638794.112, 114
Trd, 8638794.779, 81
Trd, 8638795.179, 90
Trd, 8638795.246, 98
Trd, 8638795.646, 62
Trd, 8638796.079, 66
Trd, 8638796.379, 65
Trd, 8638797.812, 132
Trd, 8638797.912, 131
Trd, 8638798.212, 115
Trd, 8638798.446, 105
Trd, 8638798.712, 114
Trd, 8638799.512, 105
Trd, 8638800.546, 130
Trd, 8638800.812, 124
Trd, 8638800.979, 138
Trd, 8638801.412, 104
Trd, 8638801.712, 102
Trd, 8638801.779, 101
Trd, 8638802.479, 117
Trd, 8638803.712, 102
Trd, 8638803.812, 93
Trd, 8638804.179, 92
Trd, 8638804.746, 90
Trd, 8638804.979, 80
Trd, 8638805.612, 74
Trd, 8638806.079, 103
Trd, 8638806.512, 125
Trd, 8638806.646, 75
Trd, 8638806.812, 74
Trd, 8638807.612, 75
Trd, 8638808.246, 60
Trd, 8638808.679, 139
Trd, 8638808.979, 60
Trd, 8638809.546, 62
Trd, 8638809.746, 139
Trd, 8638810.512, 92
Trd, 8638811.012, 92
Trd, 8638811.646, 140
Trd, 8638811.779, 126
Trd, 8638812.879, 119
Trd, 8638813.312, 118
Trd, 8638813.446, 119
Trd, 8638813.912, 118
Trd, 8638814.146, 105
Trd, 8638814.646, 92
Trd, 8638815.146, 90
Trd, 8638815.612, 139
Trd, 8638816.646, 139
Trd, 8638816.679, 123
Trd, 8638817.346, 118
Trd, 8638817.579, 113
Trd, 8638817.679, 109
Trd, 8638818.446, 98
Trd, 8638818.779, 89
Trd, 8638819.012, 139
Trd, 8638820.412, 124
Trd, 8638820.446, 121
Trd, 8638820.846, 116
Trd, 8638821.046, 115
Trd, 8638821.312, 115
Trd, 8638821.446, 109
Trd, 8638821.479, 102
Trd, 8638822.446, 89
Trd, 8638822.646, 87
Trd, 8638822.946, 92
Trd, 8638823.512, 105
Trd, 8638823.946, 87
Trd, 8638824.346, 82
Trd, 8638824.879, 98
Trd, 8638825.279, 70
Trd, 8638825.879, 138
Trd, 8638826.146, 132
Trd, 8638826.612, 121
Trd, 8638827.079, 105
Trd, 8638827.246, 102
Trd, 8638827.279, 106
Trd, 8638828.079, 120
Trd, 8638828.546, 126
Trd, 8638828.579, 108
Trd, 8638828.879, 101
Trd, 8638829.746, 73
Trd, 8638830.579, 139
Trd, 8638831.512, 140
Trd, 8638831.712, 140
Trd, 8638831.912, 124
Trd, 8638832.046, 120
Trd, 8638832.279, 102
Trd, 8638832.912, 133
Trd, 8638834.046, 108
Trd, 8638834.146, 140
Trd, 8638834.379, 121
Trd, 8638834.746, 135
Trd, 8638834.779, 118
Trd, 8638835.546, 113
Trd, 8638835.712, 98
Trd, 8638836.012, 92
Trd, 8638836.279, 61
Trd, 8638837.712, 112
Trd, 8638837.979, 105
Trd, 8638838.246, 95
Trd, 8638838.979, 99
Trd, 8638839.779, 96
Trd, 8638840.346, 106
Trd, 8638841.112, 101
Trd, 8638841.279, 100
Trd, 8638842.279, 124
Trd, 8638843.179, 125
Trd, 8638843.479, 118
Trd, 8638843.779, 110
Trd, 8638843.846, 108
Trd, 8638844.279, 106
Trd, 8638844.912, 126
Trd, 8638845.212, 125
Trd, 8638845.279, 119
Trd, 8638845.546, 115
Trd, 8638845.646, 109
Trd, 8638846.412, 63
Trd, 8638847.712, 60
Trd, 8638848.179, 63
Trd, 8638848.379, 74
Trd, 8638848.512, 125
Trd, 8638848.979, 65
Trd, 8638849.479, 91
Trd, 8638850.912, 118
Trd, 8638851.279, 140
Trd, 8638851.479, 124
Trd, 8638852.179, 120
Trd, 8638853.346, 121
Trd, 8638853.479, 120
Trd, 8638853.779, 134
Trd, 8638853.912, 118
Trd, 8638854.379, 115
Trd, 8638854.646, 112
Trd, 8638855.479, 101
Trd, 8638855.779, 94
Trd, 8638856.212, 99
Trd, 8638856.679, 140
Trd, 8638856.746, 80
Trd, 8638857.012, 93
Trd, 8638857.579, 90
Trd, 8638858.012, 89
Trd, 8638860.646, 115
Trd, 8638860.846, 85
Trd, 8638861.312, 84
Trd, 8638861.746, 123
Trd, 8638862.279, 111
Trd, 8638862.312, 100
Trd, 8638862.612, 96
Trd, 8638863.212, 107
Trd, 8638863.379, 101
Trd, 8638864.346, 90
Trd, 8638864.379, 89
Trd, 8638864.712, 90
Trd, 8638864.912, 90
Trd, 8638865.012, 94
Trd, 8638865.346, 104
Trd, 8638865.946, 77
Trd, 8638866.146, 67
Trd, 8638866.212, 89
Trd, 8638867.612, 60
Trd, 8638867.679, 74
Trd, 8638868.579, 132
Trd, 8638869.012, 64
Trd, 8638869.346, 68
Trd, 8638870.679, 71
Trd, 8638872.179, 122
Trd, 8638872.312, 105
Trd, 8638872.779, 104
Trd, 8638873.346, 101
Trd, 8638873.579, 101
Trd, 8638873.746, 94
Trd, 8638873.879, 116
Trd, 8638874.112, 140
Trd, 8638874.379, 86
Trd, 8638874.579, 84
Trd, 8638875.212, 83
Trd, 8638875.312, 99
Trd, 8638876.446, 138
Trd, 8638876.512, 134
Trd, 8638876.546, 114
Trd, 8638876.646, 112
Trd, 8638877.779, 140
Trd, 8638877.846, 137
Trd, 8638879.212, 135
Trd, 8638879.612, 134
Trd, 8638880.112, 130
Trd, 8638881.112, 123
Trd, 8638881.512, 113
Trd, 8638881.579, 105
Trd, 8638882.246, 69
Trd, 8638882.446, 134
Trd, 8638882.979, 63
Trd, 8638883.446, 64
Trd, 8638884.079, 64
Trd, 8638884.179, 65
Trd, 8638884.646, 60
Trd, 8638885.279, 102
Trd, 8638885.646, 105
Trd, 8638885.679, 96
Trd, 8638886.646, 60
Trd, 8638887.046, 90
Trd, 8638887.679, 78
Trd, 8638888.012, 100
Trd, 8638888.046, 79
Trd, 8638888.212, 79
Trd, 8638888.946, 86
Trd, 8638889.012, 79
Trd, 8638889.312, 91
Trd, 8638890.512, 60
Trd, 8638891.079, 138
Trd, 8638891.112, 109
Trd, 8638891.646, 115
Trd, 8638892.112, 93
Trd, 8638892.546, 107
Trd, 8638893.046, 90
Trd, 8638893.212, 61
Trd, 8638893.279, 61
Trd, 8638894.246, 140
Trd, 8638894.446, 140
Trd, 8638894.712, 137
Trd, 8638895.046, 69
Trd, 8638897.712, 140
Trd, 8638897.846, 140
Trd, 8638898.046, 124
Trd, 8638898.612, 125
Trd, 8638899.046, 123
Trd, 8638899.879, 114
Trd, 8638899.979, 112
Trd, 8638900.446, 122
Trd, 8638900.846, 132
Trd, 8638901.046, 93
Trd, 8638901.546, 125
Trd, 8638902.946, 113
Trd, 8638903.146, 114
Trd, 8638903.279, 104
Trd, 8638903.879, 139
Trd, 8638904.279, 100
Trd, 8638904.712, 102
Trd, 8638904.779, 99
Trd, 8638905.012, 93
Trd, 8638905.079, 92
Trd, 8638905.479, 90
Trd, 8638905.979, 80
Trd, 8638906.479, 75
Trd, 8638907.146, 84
Trd, 8638907.946, 85
Trd, 8638907.979, 78
Trd, 8638908.079, 78
Trd, 8638908.412, 93
Trd, 8638908.679, 77
Trd, 8638909.046, 76
Trd, 8638909.212, 99
Trd, 8638910.046, 123
Trd, 8638910.879, 92
Trd, 8638911.879, 99
Trd, 8638912.246, 94
Trd, 8638912.312, 94
Trd, 8638912.846, 130
Trd, 8638913.146, 108
Trd, 8638913.479, 105
Trd, 8638914.346, 137
Trd, 8638914.446, 122
Trd, 8638914.712, 116
Trd, 8638915.046, 127
Trd, 8638915.279, 91
Trd, 8638915.379, 117
Trd, 8638915.879, 83
Trd, 8638917.746, 81
Trd, 8638917.946, 88
Trd, 8638918.046, 103
Trd, 8638918.179, 85
Trd, 8638919.212, 95
Trd, 8638919.312, 81
Trd, 8638919.346, 78
Trd, 8638919.479, 117
Trd, 8638920.112, 139
Trd, 8638920.279, 76
Trd, 8638920.679, 135
Trd, 8638922.112, 61
Trd, 8638922.679, 75
Trd, 8638922.879, 74
Trd, 8638922.946, 115
Trd, 8638923.279, 140
Trd, 8638923.312, 140
Trd, 8638923.412, 126
Trd, 8638923.746, 125
Trd, 8638924.679, 133
Trd, 8638925.879, 129
Trd, 8638926.079, 133
Trd, 8638926.246, 125
Trd, 8638926.779, 95
Trd, 8638927.412, 60
Trd, 8638927.512, 66
Trd, 8638928.379, 140
Trd, 8638928.479, 137
Trd, 8638929.079, 137
Trd, 8638929.479, 133
Trd, 8638930.146, 130
Trd, 8638931.046, 120
Trd, 8638931.312, 119
Trd, 8638931.446, 104
Trd, 8638932.279, 98
Trd, 8638932.979, 103
Trd, 8638933.179, 110
Trd, 8638933.279, 96
Trd, 8638933.779, 103
Trd, 8638934.246, 105
Trd, 8638934.446, 100
Trd, 8638934.512, 128
Trd, 8638934.746, 99
Trd, 8638934.912, 93
Trd, 8638935.479, 131
Trd, 8638935.712, 130
Trd, 8638936.146, 97
Trd, 8638937.279, 127
Trd, 8638937.779, 125
Trd, 8638938.146, 109
Trd, 8638939.412, 102
Trd, 8638939.679, 102
Trd, 8638940.012, 130
Trd, 8638940.246, 104
Trd, 8638940.279, 101
Trd, 8638940.412, 98
Trd, 8638940.446, 98
Trd, 8638941.146, 134
Trd, 8638941.312, 93
Trd, 8638942.312, 62
Trd, 8638942.346, 117
Trd, 8638943.146, 65
Trd, 8638943.812, 74
Trd, 8638944.279, 82
Trd, 8638945.312, 112
Trd, 8638945.512, 108
Trd, 8638945.612, 126
Trd, 8638946.146, 63
Trd, 8638946.312, 109
Trd, 8638947.079, 65
Trd, 8638947.179, 88
Trd, 8638947.712, 76
Trd, 8638947.879, 110
Trd, 8638948.079, 127
Trd, 8638948.512, 80
Trd, 8638948.746, 109
Trd, 8638949.279, 79
Trd, 8638949.912, 70
Trd, 8638950.379, 69
Trd, 8638950.779, 88
Trd, 8638951.679, 65
Trd, 8638952.879, 60
Trd, 8638953.179, 63
Trd, 8638953.546, 76
Trd, 8638954.912, 96
Trd, 8638955.046, 91
Trd, 8638955.212, 90
Trd, 8638955.279, 116
Trd, 8638955.679, 125
Trd, 8638955.746, 116
Trd, 8638955.846, 113
Trd, 8638956.279, 91
Trd, 8638956.679, 90
Trd, 8638956.746, 106
Trd, 8638957.579, 68
Trd, 8638958.112, 86
Trd, 8638958.979, 140
Trd, 8638959.012, 106
Trd, 8638959.646, 95
Trd, 8638960.046, 101
Trd, 8638960.346, 93
Trd, 8638960.379, 83
Trd, 8638960.712, 135
Trd, 8638960.779, 118
Trd, 8638960.812, 107
Trd, 8638961.546, 135
Trd, 8638961.879, 133
Trd, 8638961.912, 118
Trd, 8638962.812, 71
Trd, 8638963.746, 139
Trd, 8638963.912, 136
Trd, 8638964.179, 132
Trd, 8638964.279, 94
Trd, 8638964.412, 86
Trd, 8638965.579, 89
Trd, 8638966.012, 131
Trd, 8638966.612, 131
Trd, 8638967.546, 121
Trd, 8638967.679, 136
Trd, 8638967.946, 104
Trd, 8638968.046, 97
Trd, 8638968.079, 93
Trd, 8638969.246, 140
Trd, 8638970.479, 140
Trd, 8638971.079, 137
Trd, 8638971.146, 134
Trd, 8638971.212, 133
Trd, 8638971.479, 124
Trd, 8638971.579, 138
Trd, 8638971.646, 109
Trd, 8638972.079, 118
Trd, 8638972.946, 105
Trd, 8638973.212, 104
Trd, 8638973.979, 124
Trd, 8638974.279, 120
Trd, 8638974.846, 119
Trd, 8638974.912, 118
Trd, 8638975.479, 113
Trd, 8638976.079, 107
Trd, 8638976.546, 83
Trd, 8638977.212, 101
Trd, 8638977.546, 105
Trd, 8638978.279, 99
Trd, 8638978.579, 82
Trd, 8638979.146, 90
Trd, 8638979.379, 82
Trd, 8638979.746, 76
Trd, 8638982.012, 78
Trd, 8638982.112, 76
Trd, 8638982.479, 120
Trd, 8638982.912, 95
Trd, 8638982.979, 106
Trd, 8638983.479, 140
Trd, 8638985.612, 127
Trd, 8638985.979, 126
Trd, 8638986.046, 125
Trd, 8638986.346, 124
Trd, 8638986.946, 123
Trd, 8638987.079, 110
Trd, 8638987.146, 107
Trd, 8638987.346, 136
Trd, 8638987.646, 124
Trd, 8638987.779, 122
Trd, 8638987.846, 122
Trd, 8638988.346, 93
Trd, 8638988.612, 130
Trd, 8638988.912, 120
Trd, 8638990.279, 113
Trd, 8638991.046, 67
Trd, 8638992.079, 61
Trd, 8638992.446, 82
Trd, 8638992.546, 78
Trd, 8638993.179, 104
Trd, 8638993.446, 128
Trd, 8638993.579, 115
Trd, 8638993.612, 114
Trd, 8638994.379, 83
Trd, 8638994.712, 114
Trd, 8638995.579, 122
Trd, 8638995.612, 119
Trd, 8638995.712, 118
Trd, 8638995.846, 116
Trd, 8638996.079, 107
Trd, 8638996.212, 105
Trd, 8638996.246, 139
Trd, 8638997.079, 131
Trd, 8638997.979, 63
Trd, 8638998.846, 63
Trd, 8638999.046, 89
Trd, 8638999.279, 62
Trd, 8639000.646, 136
Trd, 8639000.946, 119
Trd, 8639001.012, 114
Trd, 8639001.979, 98
Trd, 8639002.212, 97
Trd, 8639002.546, 97
Trd, 8639003.379, 136
Trd, 8639004.279, 140
Trd, 8639004.612, 137
Trd, 8639004.812, 135
Trd, 8639005.379, 140
Trd, 8639005.512, 122
Trd, 8639005.979, 121
Trd, 8639006.346, 116
Trd, 8639006.712, 128
Trd, 8639007.646, 138
Trd, 8639008.212, 126
Trd, 8639008.446, 124
Trd, 8639008.479, 121
Trd, 8639008.612, 102
Trd, 8639009.279, 63
Trd, 8639009.879, 63
Trd, 8639010.779, 89
Trd, 8639010.812, 88
Trd, 8639010.846, 90
Trd, 8639011.046, 83
Trd, 8639011.079, 114
Trd, 8639012.046, 69
Trd, 8639012.646, 70
Trd, 8639013.012, 69
Trd, 8639013.312, 65
Trd, 8639013.379, 70
Trd, 8639014.712, 140
Trd, 8639015.179, 122
Trd, 8639015.312, 106
Trd, 8639015.546, 139
Trd, 8639015.679, 118
Trd, 8639015.746, 120
Trd, 8639015.946, 104
Trd, 8639016.146, 103
Trd, 8639016.946, 65
Trd, 8639017.446, 102
Trd, 8639017.846, 70
Trd, 8639019.312, 66
Trd, 8639019.512, 65
Trd, 8639019.879, 107
Trd, 8639020.679, 91
Trd, 8639020.779, 95
Trd, 8639020.946, 99
Trd, 8639021.246, 106
Trd, 8639021.612, 104
Trd, 8639022.179, 108
Trd, 8639023.079, 138
Trd, 8639023.946, 107
Trd, 8639024.146, 106
Trd, 8639024.746, 113
Trd, 8639025.046, 113
Trd, 8639025.646, 133
Trd, 8639026.246, 137
Trd, 8639026.612, 136
Trd, 8639026.646, 129
Trd, 8639026.946, 115
Trd, 8639027.446, 114
Trd, 8639027.546, 113
Trd, 8639028.479, 140
Trd, 8639028.612, 139
Trd, 8639028.679, 120
Trd, 8639030.112, 131
Trd, 8639030.612, 130
Trd, 8639031.146, 127
Trd, 8639031.312, 121
Trd, 8639032.179, 105
Trd, 8639032.579, 105
Trd, 8639032.812, 133
Trd, 8639033.379, 117
Trd, 8639033.846, 138
Trd, 8639033.912, 137
Trd, 8639034.379, 127
Trd, 8639034.746, 118
Trd, 8639035.812, 108
Trd, 8639035.879, 106
Trd, 8639035.912, 98
Trd, 8639036.346, 93
Trd, 8639036.646, 140
Trd, 8639037.212, 111
Trd, 8639037.279, 92
Trd, 8639037.712, 108
Trd, 8639037.946, 105
Trd, 8639039.146, 86
Trd, 8639039.179, 85
Trd, 8639039.546, 85
Trd, 8639039.912, 83
Trd, 8639040.579, 78
Trd, 8639040.979, 86
Trd, 8639041.746, 66
Trd, 8639041.846, 70
Trd, 8639042.012, 140
Trd, 8639042.246, 92
Trd, 8639043.212, 105
Trd, 8639043.746, 94
Trd, 8639044.112, 85
Trd, 8639044.279, 101
Trd, 8639044.946, 140
Trd, 8639045.446, 140
Trd, 8639046.046, 140
Trd, 8639046.212, 135
Trd, 8639046.446, 128
Trd, 8639047.146, 116
Trd, 8639047.712, 126
Trd, 8639047.912, 120
Trd, 8639048.479, 112
Trd, 8639049.646, 93
Trd, 8639049.879, 91
Trd, 8639050.846, 102
Trd, 8639050.979, 123
Trd, 8639051.112, 134
Trd, 8639051.579, 96
Trd, 8639052.012, 95
Trd, 8639052.279, 92
Trd, 8639052.346, 88
Trd, 8639052.512, 68
Trd, 8639052.812, 63
Trd, 8639052.979, 67
Trd, 8639053.679, 66
Trd, 8639054.312, 64
Trd, 8639054.712, 68
Trd, 8639055.346, 62
Trd, 8639056.512, 132
Trd, 8639057.046, 134
Trd, 8639057.079, 132
Trd, 8639057.446, 131
Trd, 8639057.612, 130
Trd, 8639057.812, 118
Trd, 8639057.946, 117
Trd, 8639058.546, 114
Trd, 8639058.612, 96
Trd, 8639059.279, 108
Trd, 8639060.379, 98
Trd, 8639060.412, 96
Trd, 8639061.079, 94
Trd, 8639061.879, 93
Trd, 8639062.612, 140
Trd, 8639062.646, 138
Trd, 8639063.212, 135
Trd, 8639063.246, 120
Trd, 8639063.546, 96
Trd, 8639064.679, 119
Trd, 8639064.712, 117
Trd, 8639065.179, 124
Trd, 8639065.279, 118
Trd, 8639065.946, 109
Trd, 8639065.979, 108
Trd, 8639066.946, 120
Trd, 8639067.012, 112
Trd, 8639067.412, 128
Trd, 8639067.846, 121
Trd, 8639068.046, 109
Trd, 8639068.212, 116
Trd, 8639068.779, 96
Trd, 8639069.446, 95
Trd, 8639069.479, 102
Trd, 8639069.812, 93
Trd, 8639070.112, 82
Trd, 8639070.646, 98
Trd, 8639071.246, 67
Trd, 8639071.646, 69
Trd, 8639072.346, 73
Trd, 8639072.912, 140
Trd, 8639073.012, 139
Trd, 8639073.512, 118
Trd, 8639075.012, 122
Trd, 8639075.712, 116
Trd, 8639075.846, 115
Trd, 8639075.946, 114
Trd, 8639076.012, 114
Trd, 8639076.546, 112
Trd, 8639077.546, 121
Trd, 8639077.879, 109
Trd, 8639078.512, 119
Trd, 8639078.546, 109
Trd, 8639079.179, 85
Trd, 8639079.412, 116
Trd, 8639079.979, 103
Trd, 8639080.146, 102
Trd, 8639080.846, 103
Trd, 8639081.179, 134
Trd, 8639081.546, 122
Trd, 8639081.679, 113
Trd, 8639082.479, 97
Trd, 8639082.612, 96
Trd, 8639082.746, 105
Trd, 8639083.179, 132
Trd, 8639083.746, 116
Trd, 8639084.079, 103
Trd, 8639084.612, 115
Trd, 8639084.846, 96
Trd, 8639084.979, 88
Trd, 8639085.679, 140
Trd, 8639086.112, 75
Trd, 8639086.946, 105
Trd, 8639087.412, 78
Trd, 8639087.446, 75
Trd, 8639087.746, 104
Trd, 8639087.979, 120
Trd, 8639088.579, 102
Trd, 8639088.946, 94
Trd, 8639089.412, 70
Trd, 8639089.779, 86
Trd, 8639089.946, 83
Trd, 8639092.646, 104
Trd, 8639092.712, 99
Trd, 8639092.746, 97
Trd, 8639093.712, 140
Trd, 8639094.546, 138
Trd, 8639094.746, 137
Trd, 8639095.312, 134
Trd, 8639095.512, 132
Trd, 8639096.479, 140
Trd, 8639096.579, 127
Trd, 8639097.212, 114
Trd, 8639097.512, 136
Trd, 8639097.612, 112
Trd, 8639098.012, 110
Trd, 8639098.279, 139
Trd, 8639098.446, 126
Trd, 8639098.646, 100
Trd, 8639099.079, 103
Trd, 8639100.546, 137
Trd, 8639100.679, 115
Trd, 8639100.812, 115
Trd, 8639101.712, 118
Trd, 8639102.212, 115
Trd, 8639102.312, 110
Trd, 8639102.446, 108
Trd, 8639102.612, 103
Trd, 8639103.112, 103
Trd, 8639103.779, 126
Trd, 8639104.279, 124
Trd, 8639104.646, 111
Trd, 8639105.446, 113
Trd, 8639106.679, 133
Trd, 8639106.779, 132
Trd, 8639107.146, 116
Trd, 8639107.412, 140
Trd, 8639107.579, 118
Trd, 8639108.412, 139
Trd, 8639108.612, 124
Trd, 8639109.079, 111
Trd, 8639109.279, 110
Trd, 8639109.446, 108
Trd, 8639110.679, 113
Trd, 8639110.779, 100
Trd, 8639110.879, 97
Trd, 8639110.912, 93
Trd, 8639111.112, 84
Trd, 8639111.546, 83
Trd, 8639112.412, 110
Trd, 8639112.579, 132
Trd, 8639113.212, 140
Trd, 8639113.479, 117
Trd, 8639114.612, 135
Trd, 8639114.679, 134
Trd, 8639114.946, 109
Trd, 8639115.146, 106
Trd, 8639115.779, 68
Trd, 8639116.679, 60
Trd, 8639117.046, 88
Trd, 8639117.612, 114
Trd, 8639118.046, 94
Trd, 8639118.312, 93
Trd, 8639118.446, 92
Trd, 8639119.812, 102
Trd, 8639119.979, 101
Trd, 8639120.046, 99
Trd, 8639120.379, 105
Trd, 8639121.679, 111
Trd, 8639121.812, 106
Trd, 8639121.879, 103
Trd, 8639122.979, 115
Trd, 8639123.246, 132
Trd, 8639123.279, 114
Trd, 8639123.512, 140
Trd, 8639124.646, 133
Trd, 8639125.346, 123
Trd, 8639125.546, 122
Trd, 8639126.212, 137
Trd, 8639127.112, 140
Trd, 8639127.179, 124
Trd, 8639128.079, 123
Trd, 8639128.279, 120
Trd, 8639128.479, 120
Trd, 8639128.812, 135
Trd, 8639129.179, 116
Trd, 8639129.246, 111
Trd, 8639130.446, 139
Trd, 8639130.546, 137
Trd, 8639130.712, 105
Trd, 8639130.946, 95
Trd, 8639131.412, 137
Trd, 8639131.546, 123
Trd, 8639132.379, 138
Trd, 8639133.446, 132
Trd, 8639133.479, 103
Trd, 8639133.746, 89
Trd, 8639135.079, 140
Trd, 8639135.412, 122
Trd, 8639135.579, 112
Trd, 8639135.646, 84
Trd, 8639136.312, 107
Trd, 8639137.146, 75
Trd, 8639137.479, 82
Trd, 8639138.446, 91
Trd, 8639138.546, 80
Trd, 8639139.112, 79
Trd, 8639139.379, 83
Trd, 8639140.346, 93
Trd, 8639140.379, 138
Trd, 8639140.946, 130
Trd, 8639141.112, 100
Trd, 8639141.212, 85
Trd, 8639141.612, 100
Trd, 8639141.846, 93
Trd, 8639142.912, 137
Trd, 8639143.079, 134
Trd, 8639143.346, 127
Trd, 8639143.912, 113
Trd, 8639144.246, 129
Trd, 8639144.279, 91
Trd, 8639145.746, 129
Trd, 8639146.112, 114
Trd, 8639146.212, 112
Trd, 8639146.879, 112
Trd, 8639147.146, 113
Trd, 8639147.879, 137
Trd, 8639148.279, 115
Trd, 8639148.579, 124
Trd, 8639149.179, 117
Trd, 8639149.379, 118
Trd, 8639149.612, 113
Trd, 8639149.679, 112
Trd, 8639149.946, 109
Trd, 8639150.212, 105
Trd, 8639150.812, 86
Trd, 8639151.146, 117
Trd, 8639151.946, 62
Trd, 8639152.479, 76
Trd, 8639152.579, 74
Trd, 8639152.846, 79
Trd, 8639153.379, 64
Trd, 8639153.979, 102
Trd, 8639154.112, 102
Trd, 8639155.646, 123
Trd, 8639156.579, 118
Trd, 8639156.679, 115
Trd, 8639156.712, 114
Trd, 8639156.846, 132
Trd, 8639157.112, 107
Trd, 8639157.646, 116
Trd, 8639158.112, 105
Trd, 8639158.646, 109
Trd, 8639159.346, 110
Trd, 8639159.546, 107
Trd, 8639160.546, 108
Trd, 8639161.179, 107
Trd, 8639161.412, 106
Trd, 8639161.579, 96
Trd, 8639161.779, 75
Trd, 8639162.579, 140
Trd, 8639163.212, 108
Trd, 8639163.712, 107
Trd, 8639163.912, 105
Trd, 8639163.946, 97
Trd, 8639164.112, 78
Trd, 8639164.479, 70
Trd, 8639164.879, 63
Trd, 8639165.746, 115
Trd, 8639165.979, 101
Trd, 8639166.846, 139
Trd, 8639167.579, 129
Trd, 8639167.679, 134
Trd, 8639168.712, 128
Trd, 8639169.446, 112
Trd, 8639169.812, 124
Trd, 8639170.046, 109
Trd, 8639170.646, 108
Trd, 8639171.012, 106
Trd, 8639171.179, 105
Trd, 8639171.312, 114
Trd, 8639171.412, 96
Trd, 8639172.646, 96
Trd, 8639172.779, 96
Trd, 8639172.812, 107
Trd, 8639173.179, 96
Trd, 8639173.779, 95
Trd, 8639174.112, 73
Trd, 8639174.279, 87
Trd, 8639174.512, 72
Trd, 8639174.612, 71
Trd, 8639175.346, 123
Trd, 8639176.346, 96
Trd, 8639176.646, 95
Trd, 8639176.746, 94
Trd, 8639177.279, 139
Trd, 8639177.579, 92
Trd, 8639178.446, 106
Trd, 8639178.646, 108
Trd, 8639178.846, 98
Trd, 8639179.412, 90
Trd, 8639179.479, 109
Trd, 8639179.879, 86
Trd, 8639180.146, 115
Trd, 8639180.979, 65
Trd, 8639182.012, 60
Trd, 8639182.379, 62
Trd, 8639183.679, 69
Trd, 8639183.779, 78
Trd, 8639184.246, 100
Trd, 8639184.279, 104
Trd, 8639184.379, 75
Trd, 8639184.446, 74
Trd, 8639184.779, 60
Trd, 8639185.179, 65
Trd, 8639186.412, 64
Trd, 8639186.612, 64
Trd, 8639186.646, 65
Trd, 8639187.179, 74
Trd, 8639188.412, 140
Trd, 8639188.679, 135
Trd, 8639188.912, 124
Trd, 8639189.879, 118
Trd, 8639190.046, 108
Trd, 8639190.646, 102
Trd, 8639190.912, 101
Trd, 8639190.979, 94
Trd, 8639191.312, 84
Trd, 8639192.212, 70
Trd, 8639192.279, 61
Trd, 8639192.512, 62
Trd, 8639193.546, 134
Trd, 8639193.646, 100
Trd, 8639194.546, 136
Trd, 8639194.712, 126
Trd, 8639195.312, 121
Trd, 8639195.446, 116
Trd, 8639195.479, 93
Trd, 8639196.379, 95
Trd, 8639196.512, 90
Trd, 8639196.912, 96
Trd, 8639197.079, 96
Trd, 8639197.279, 89
Trd, 8639198.279, 88
Trd, 8639198.679, 140
Trd, 8639199.312, 114
Trd, 8639199.712, 109
Trd, 8639199.812, 118
Trd, 8639200.212, 97
Trd, 8639200.479, 134
Trd, 8639201.046, 137
Trd, 8639201.212, 140
Trd, 8639202.046, 125
Trd, 8639202.146, 72
Trd, 8639203.012, 60
Trd, 8639203.979, 87
Trd, 8639204.012, 86
Trd, 8639204.212, 87
Trd, 8639204.346, 75
Trd, 8639204.812, 95
Trd, 8639205.712, 125
Trd, 8639205.846, 114
Trd, 8639206.046, 98
Trd, 8639206.879, 135
Trd, 8639207.179, 114
Trd, 8639208.512, 138
Trd, 8639208.812, 136
Trd, 8639208.879, 122
Trd, 8639209.079, 107
Trd, 8639209.646, 98
Trd, 8639210.146, 114
Trd, 8639210.212, 140
Trd, 8639210.346, 85
Trd, 8639210.679, 84
Trd, 8639211.612, 106
Trd, 8639211.979, 60
Trd, 8639212.446, 78
Trd, 8639212.712, 60
Trd, 8639213.246, 62
Trd, 8639213.812, 60
Trd, 8639214.579, 102
Trd, 8639215.446, 140
Trd, 8639215.646, 138
Trd, 8639216.179, 101
Trd, 8639216.246, 99
Trd, 8639216.279, 96
Trd, 8639217.379, 77
Trd, 8639217.512, 81
Trd, 8639217.679, 131
Trd, 8639218.312, 92
Trd, 8639219.212, 79
Trd, 8639220.179, 83
Trd, 8639220.812, 80
Trd, 8639221.579, 133
Trd, 8639221.846, 103
Trd, 8639222.879, 104
Trd, 8639223.012, 102
Trd, 8639223.046, 137
Trd, 8639223.546, 91
Trd, 8639224.312, 140
Trd, 8639224.579, 107
Trd, 8639224.946, 119
Trd, 8639225.712, 103
Trd, 8639225.779, 118
Trd, 8639225.912, 102
Trd, 8639226.079, 136
Trd, 8639226.279, 84
Trd, 8639226.912, 81
Trd, 8639226.979, 80
Trd, 8639227.979, 66
Trd, 8639228.379, 73
Trd, 8639228.512, 121
Trd, 8639228.579, 85
Trd, 8639229.946, 85
Trd, 8639230.312, 84
Trd, 8639230.446, 79
Trd, 8639230.912, 79
Trd, 8639230.979, 70
Trd, 8639231.346, 85
Trd, 8639231.746, 66
Trd, 8639232.179, 76
Trd, 8639232.446, 84
Trd, 8639232.479, 86
Trd, 8639232.879, 67
Trd, 8639233.646, 90
Trd, 8639234.279, 110
Trd, 8639235.312, 140
Trd, 8639235.579, 61
Trd, 8639235.712, 65
Trd, 8639236.279, 86
Trd, 8639237.212, 85
Trd, 8639238.146, 117
Trd, 8639238.879, 105
Trd, 8639239.179, 125
Trd, 8639239.446, 128
Trd, 8639240.079, 110
Trd, 8639240.746, 106
Trd, 8639241.146, 101
Trd, 8639241.579, 92
Trd, 8639241.746, 74
Trd, 8639242.246, 84
Trd, 8639242.846, 103
Trd, 8639243.246, 110
Trd, 8639244.279, 140
Trd, 8639244.579, 135
Trd, 8639245.012, 135
Trd, 8639245.246, 133
Trd, 8639245.579, 124
Trd, 8639245.612, 122
Trd, 8639246.512, 109
Trd, 8639246.612, 135
Trd, 8639246.712, 95
Trd, 8639246.779, 90
Trd, 8639247.412, 88
Trd, 8639247.479, 87
Trd, 8639247.779, 113
Trd, 8639248.646, 139
Trd, 8639248.712, 90
Trd, 8639249.079, 110
Trd, 8639250.612, 86
Trd, 8639250.946, 80
Trd, 8639251.346, 77
Trd, 8639251.546, 74
Trd, 8639251.946, 72
Trd, 8639252.146, 76
Trd, 8639252.979, 133
Trd, 8639253.079, 112
Trd, 8639253.912, 93
Trd, 8639254.779, 88
Trd, 8639255.612, 106
Trd, 8639255.746, 92
Trd, 8639255.879, 87
Trd, 8639256.246, 85
Trd, 8639257.146, 140
Trd, 8639257.279, 140
Trd, 8639257.979, 135
Trd, 8639258.146, 121
Trd, 8639258.312, 113
Trd, 8639258.546, 108
Trd, 8639258.712, 107
Trd, 8639259.579, 60
Trd, 8639260.812, 118
Trd, 8639262.412, 122
Trd, 8639262.779, 122
Trd, 8639263.012, 121
Trd, 8639263.512, 125
Trd, 8639263.812, 117
Trd, 8639264.012, 115
Trd, 8639264.046, 108
Trd, 8639264.546, 139
Trd, 8639265.179, 129
Trd, 8639265.212, 122
Trd, 8639265.346, 110
Trd, 8639265.679, 86
Trd, 8639266.012, 81
Trd, 8639266.279, 140
Trd, 8639267.246, 81
Trd, 8639267.612, 130
Trd, 8639267.946, 128
Trd, 8639268.079, 116
Trd, 8639269.212, 76
Trd, 8639269.379, 101
Trd, 8639269.612, 74
Trd, 8639270.479, 87
Trd, 8639270.712, 86
Trd, 8639272.146, 130
Trd, 8639272.346, 94
Trd, 8639273.612, 131
Trd, 8639273.846, 134
Trd, 8639274.379, 130
Trd, 8639274.579, 126
Trd, 8639275.979, 120
Trd, 8639276.379, 130
Trd, 8639276.546, 128
Trd, 8639276.746, 111
Trd, 8639277.279, 120
Trd, 8639277.546, 112
Trd, 8639277.879, 107
Trd, 8639279.312, 139
Trd, 8639280.079, 133
Trd, 8639280.346, 129
Trd, 8639280.579, 124
Trd, 8639280.912, 108
Trd, 8639281.179, 107
Trd, 8639281.246, 103
Trd, 8639281.312, 123
Trd, 8639282.112, 140
Trd, 8639282.179, 102
Trd, 8639282.379, 110
Trd, 8639282.646, 102
Trd, 8639282.746, 101
Trd, 8639283.846, 69
Trd, 8639284.979, 140
Trd, 8639285.412, 123
Trd, 8639285.646, 122
Trd, 8639285.746, 118
Trd, 8639286.579, 61
Trd, 8639287.346, 60
Trd, 8639287.712, 64
Trd, 8639288.046, 115
Trd, 8639288.579, 71
Trd, 8639289.879, 71
Trd, 8639289.912, 69
Trd, 8639290.512, 82
Trd, 8639290.712, 124
Trd, 8639290.879, 139
Trd, 8639291.079, 137
Trd, 8639292.046, 90
Trd, 8639292.146, 86
Trd, 8639292.212, 72
Trd, 8639293.479, 83
Trd, 8639294.112, 91
Trd, 8639294.812, 127
Trd, 8639295.212, 132
Trd, 8639295.746, 119
Trd, 8639295.812, 107
Trd, 8639296.046, 98
Trd, 8639296.079, 97
Trd, 8639296.446, 138
Trd, 8639296.612, 103
Trd, 8639297.779, 116
Trd, 8639298.312, 114
Trd, 8639298.779, 112
Trd, 8639299.646, 130
Trd, 8639299.746, 112
Trd, 8639299.779, 111
Trd, 8639300.312, 112
Trd, 8639300.546, 101
Trd, 8639301.279, 135
Trd, 8639301.412, 107
Trd, 8639301.846, 134
Trd, 8639301.946, 140
Trd, 8639302.712, 112
Trd, 8639302.812, 102
Trd, 8639303.046, 105
Trd, 8639303.712, 84
Trd, 8639303.779, 82
Trd, 8639304.179, 113
Trd, 8639304.546, 80
Trd, 8639304.612, 66
Trd, 8639305.579, 120
Trd, 8639306.579, 114
Trd, 8639307.479, 114
Trd, 8639307.712, 112
Trd, 8639307.879, 112
Trd, 8639308.446, 118
Trd, 8639308.679, 109
Trd, 8639308.812, 103
Trd, 8639308.879, 127
Trd, 8639308.979, 102
Trd, 8639309.379, 78
Trd, 8639309.446, 68
Trd, 8639310.179, 62
Trd, 8639311.112, 117
Trd, 8639311.612, 90
Trd, 8639311.979, 108
Trd, 8639312.579, 80
Trd, 8639313.279, 79
Trd, 8639313.412, 102
Trd, 8639313.946, 78
Trd, 8639314.112, 79
Trd, 8639314.312, 134
Trd, 8639314.812, 117
Trd, 8639315.346, 109
Trd, 8639316.212, 96
Trd, 8639316.712, 92
Trd, 8639317.512, 117
Trd, 8639317.579, 104
Trd, 8639317.946, 91
Trd, 8639318.046, 88
Trd, 8639318.479, 138
Trd, 8639319.346, 122
Trd, 8639319.846, 140
Trd, 8639320.246, 133
Trd, 8639320.879, 124
Trd, 8639320.979, 114
Trd, 8639321.246, 105
Trd, 8639321.379, 100
Trd, 8639322.279, 101
Trd, 8639322.379, 100
Trd, 8639323.646, 131
Trd, 8639324.479, 127
Trd, 8639324.512, 123
Trd, 8639324.712, 122
Trd, 8639324.779, 111
Trd, 8639325.412, 113
Trd, 8639326.112, 131
Trd, 8639327.712, 129
Trd, 8639328.179, 129
Trd, 8639328.879, 139
Trd, 8639328.979, 137
Trd, 8639329.179, 131
Trd, 8639329.346, 118
Trd, 8639330.012, 113
Trd, 8639330.512, 139
Trd, 8639330.812, 116
Trd, 8639331.046, 112
Trd, 8639331.279, 90
Trd, 8639331.679, 98
Trd, 8639332.012, 114
Trd, 8639332.679, 118
Trd, 8639333.412, 112
Trd, 8639333.646, 108
Trd, 8639333.746, 105
Trd, 8639333.812, 97
Trd, 8639334.612, 138
Trd, 8639334.812, 138
Trd, 8639335.779, 111
Trd, 8639335.879, 104
Trd, 8639336.846, 97
Trd, 8639336.879, 96
Trd, 8639336.946, 90
Trd, 8639337.246, 122
Trd, 8639337.479, 87
Trd, 8639338.212, 81
Trd, 8639338.612, 76
Trd, 8639339.979, 81
Trd, 8639340.846, 87
Trd, 8639341.579, 125
Trd, 8639341.912, 105
Trd, 8639342.346, 102
Trd, 8639342.946, 124
Trd, 8639343.512, 103
Trd, 8639343.612, 101
Trd, 8639344.046, 102
Trd, 8639344.179, 101
Trd, 8639344.479, 89
Trd, 8639344.579, 87
Trd, 8639344.712, 89
Trd, 8639345.212, 126
Trd, 8639345.579, 131
Trd, 8639345.712, 104
Trd, 8639346.912, 105
Trd, 8639346.946, 84
Trd, 8639348.379, 134
Trd, 8639348.579, 128
Trd, 8639349.079, 121
Trd, 8639349.279, 109
Trd, 8639349.412, 79
Trd, 8639350.379, 71
Trd, 8639350.979, 89
Trd, 8639351.479, 87
Trd, 8639351.979, 60
Trd, 8639352.312, 65
Trd, 8639352.779, 109
Trd, 8639353.746, 140
Trd, 8639353.812, 120
Trd, 8639353.879, 106
Trd, 8639354.446, 140
Trd, 8639354.712, 135
Trd, 8639355.179, 126
Trd, 8639355.346, 118
Trd, 8639356.079, 111
Trd, 8639356.879, 117
Trd, 8639356.946, 116
Trd, 8639357.012, 114
Trd, 8639357.646, 103
Trd, 8639358.346, 133
Trd, 8639359.179, 131
Trd, 8639359.212, 129
Trd, 8639359.246, 127
Trd, 8639359.779, 116
Trd, 8639360.179, 120
Trd, 8639360.979, 124
Trd, 8639361.379, 140
Trd, 8639361.679, 117
Trd, 8639361.812, 116
Trd, 8639362.179, 94
Trd, 8639362.646, 103
Trd, 8639363.746, 118
Trd, 8639364.212, 116
Trd, 8639364.446, 112
Trd, 8639364.812, 105
Trd, 8639364.846, 100
Trd, 8639365.412, 72
Trd, 8639366.012, 115
Trd, 8639366.246, 82
Trd, 8639366.512, 72
Trd, 8639366.679, 92
Trd, 8639367.946, 140
Trd, 8639368.212, 120
Trd, 8639369.479, 101
Trd, 8639369.946, 133
Trd, 8639370.112, 93
Trd, 8639370.412, 81
Trd, 8639370.479, 75
Trd, 8639371.012, 67
Trd, 8639371.312, 93
Trd, 8639371.812, 139
Trd, 8639372.146, 103
Trd, 8639372.279, 66
Trd, 8639372.879, 111
Trd, 8639373.112, 85
Trd, 8639373.512, 105
Trd, 8639373.912, 99
Trd, 8639374.646, 88
Trd, 8639374.879, 97
Trd, 8639375.046, 124
Trd, 8639375.812, 108
Trd, 8639375.879, 89
Trd, 8639376.412, 97
Trd, 8639377.646, 105
Trd, 8639377.746, 100
Trd, 8639378.112, 102
Trd, 8639378.512, 109
Trd, 8639379.046, 99
Trd, 8639379.579, 137
Trd, 8639379.646, 129
Trd, 8639380.246, 98
Trd, 8639380.512, 98
Trd, 8639381.179, 111
Trd, 8639381.912, 106
Trd, 8639382.546, 99
Trd, 8639383.046, 99
Trd, 8639383.246, 97
Trd, 8639384.079, 113
Trd, 8639384.479, 103
Trd, 8639384.812, 100
Trd, 8639385.112, 95
Trd, 8639385.446, 139
Trd, 8639385.812, 126
Trd, 8639386.112, 93
Trd, 8639386.212, 93
Trd, 8639386.246, 92
Trd, 8639387.112, 64
Trd, 8639388.912, 73
Trd, 8639389.046, 62
Trd, 8639389.579, 62
Trd, 8639389.646, 80
Trd, 8639390.079, 77
Trd, 8639390.346, 62
Trd, 8639390.679, 73
Trd, 8639391.812, 62
Trd, 8639392.412, 66
Trd, 8639393.779, 62
Trd, 8639394.779, 72
Trd, 8639396.146, 70
Trd, 8639396.279, 70
Trd, 8639396.446, 84
Trd, 8639396.879, 71
Trd, 8639397.012, 70
Trd, 8639397.046, 103
Trd, 8639397.079, 70
Trd, 8639397.846, 95
Trd, 8639398.112, 83
Trd, 8639398.346, 69
Trd, 8639398.479, 66
Trd, 8639398.679, 82
Trd, 8639400.312, 60
Trd, 8639400.579, 74
Trd, 8639400.679, 88
Trd, 8639400.812, 75
Trd, 8639400.846, 94
Trd, 8639402.112, 109
Trd, 8639402.579, 110
Trd, 8639402.746, 106
Trd, 8639402.779, 99
Trd, 8639403.746, 139
Trd, 8639404.346, 140
Trd, 8639404.579, 137
Trd, 8639404.812, 120
Trd, 8639405.312, 97
Trd, 8639405.746, 98
Trd, 8639407.179, 93
Trd, 8639407.546, 83
Trd, 8639407.912, 113
Trd, 8639408.046, 113
Trd, 8639408.212, 105
Trd, 8639408.746, 111
Trd, 8639409.679, 108
Trd, 8639409.846, 106
Trd, 8639410.346, 124
Trd, 8639410.479, 104
Trd, 8639411.379, 127
Trd, 8639411.879, 126
Trd, 8639412.712, 140
Trd, 8639413.012, 140
Trd, 8639413.446, 108
Trd, 8639413.646, 103
Trd, 8639413.912, 132
Trd, 8639414.012, 128
Trd, 8639414.479, 112
Trd, 8639414.946, 135
Trd, 8639415.379, 119
Trd, 8639416.112, 101
Trd, 8639416.812, 133
Trd, 8639417.346, 116
Trd, 8639417.446, 113
Trd, 8639417.479, 112
Trd, 8639417.512, 105
Trd, 8639418.146, 121
Trd, 8639418.612, 111
Trd, 8639419.446, 99
Trd, 8639420.379, 139
Trd, 8639420.879, 132
Trd, 8639421.112, 128
Trd, 8639421.179, 99
Trd, 8639421.846, 140
Trd, 8639421.979, 139
Trd, 8639422.212, 96
Trd, 8639422.579, 123
Trd, 8639423.312, 106
Trd, 8639423.579, 107
Trd, 8639424.012, 105
Trd, 8639424.679, 139
Trd, 8639424.912, 114
Trd, 8639426.046, 107
Trd, 8639426.346, 107
Trd, 8639426.379, 102
Trd, 8639426.679, 90
Trd, 8639427.179, 116
Trd, 8639427.479, 129
Trd, 8639428.146, 86
Trd, 8639428.579, 89
Trd, 8639429.446, 63
Trd, 8639429.479, 62
Trd, 8639429.879, 99
Trd, 8639430.479, 64
Trd, 8639431.279, 76
Trd, 8639431.446, 64
Trd, 8639431.746, 87
Trd, 8639432.012, 83
Trd, 8639432.879, 90
Trd, 8639433.012, 82
Trd, 8639433.046, 82
Trd, 8639433.246, 81
Trd, 8639433.446, 115
Trd, 8639434.746, 90
Trd, 8639434.912, 129
Trd, 8639435.312, 139
Trd, 8639435.779, 110
Trd, 8639435.812, 98
Trd, 8639436.279, 89
Trd, 8639436.479, 88
Trd, 8639437.112, 98
Trd, 8639437.846, 92
Trd, 8639439.246, 90
Trd, 8639439.346, 87
Trd, 8639439.512, 86
Trd, 8639439.912, 101
Trd, 8639440.146, 113
Trd, 8639440.479, 136
Trd, 8639440.579, 110
Trd, 8639440.812, 113
Trd, 8639440.846, 105
Trd, 8639440.979, 96
Trd, 8639441.746, 139
Trd, 8639442.846, 90
Trd, 8639442.979, 88
Trd, 8639443.012, 87
Trd, 8639443.579, 94
Trd, 8639443.779, 93
Trd, 8639444.079, 71
Trd, 8639444.146, 105
Trd, 8639444.346, 66
Trd, 8639444.779, 76
Trd, 8639445.746, 61
Trd, 8639445.979, 62
Trd, 8639446.912, 87
Trd, 8639448.046, 88
Trd, 8639448.212, 93
Trd, 8639448.646, 84
Trd, 8639449.046, 108
Trd, 8639449.479, 88
Trd, 8639449.646, 125
Trd, 8639449.746, 85
Trd, 8639450.579, 131
Trd, 8639451.546, 130
Trd, 8639452.879, 125
Trd, 8639452.912, 124
Trd, 8639453.712, 110
Trd, 8639454.246, 109
Trd, 8639455.212, 115
Trd, 8639455.246, 113
Trd, 8639455.412, 113
Trd, 8639456.179, 106
Trd, 8639456.212, 105
Trd, 8639456.412, 111
Trd, 8639456.846, 138
Trd, 8639457.512, 99
Trd, 8639457.812, 133
Trd, 8639458.046, 104
Trd, 8639458.312, 81
Trd, 8639458.746, 60
Trd, 8639459.046, 67
Trd, 8639460.446, 87
Trd, 8639460.646, 85
Trd, 8639461.146, 120
Trd, 8639461.346, 114
Trd, 8639461.479, 114
Trd, 8639461.679, 107
Trd, 8639462.646, 140
Trd, 8639462.812, 105
Trd, 8639463.179, 110
Trd, 8639464.346, 105
Trd, 8639465.046, 102
Trd, 8639465.279, 95
Trd, 8639465.346, 94
Trd, 8639465.412, 92
Trd, 8639465.612, 114
Trd, 8639466.546, 60
Trd, 8639466.879, 64
Trd, 8639467.846, 90
Trd, 8639468.312, 73
Trd, 8639468.479, 71
Trd, 8639468.812, 104
Trd, 8639469.112, 108
Trd, 8639469.846, 138
Trd, 8639470.312, 138
Trd, 8639470.779, 129
Trd, 8639471.846, 124
Trd, 8639471.979, 104
Trd, 8639472.312, 104
Trd, 8639472.546, 98
Trd, 8639472.746, 93
Trd, 8639472.846, 92
Trd, 8639473.246, 87
Trd, 8639473.279, 86
Trd, 8639474.212, 88
Trd, 8639474.712, 107
Trd, 8639476.112, 95
Trd, 8639476.846, 140
Trd, 8639477.246, 140
Trd, 8639477.646, 140
Trd, 8639477.746, 124
Trd, 8639478.012, 139
Trd, 8639478.579, 116
Trd, 8639479.412, 133
Trd, 8639479.912, 105
Trd, 8639480.246, 94
Trd, 8639481.379, 77
Trd, 8639481.546, 83
Trd, 8639481.712, 82
Trd, 8639481.979, 75
Trd, 8639482.346, 78
Trd, 8639483.246, 92
Trd, 8639483.379, 88
Trd, 8639483.479, 92
Trd, 8639483.879, 74
Trd, 8639485.079, 128
Trd, 8639485.112, 98
Trd, 8639485.446, 114
Trd, 8639486.146, 103
Trd, 8639486.312, 100
Trd, 8639486.346, 120
Trd, 8639486.512, 97
Trd, 8639487.446, 117
Trd, 8639487.512, 119
Trd, 8639487.712, 116
Trd, 8639488.246, 87
Trd, 8639488.712, 87
Trd, 8639489.579, 62
Trd, 8639490.612, 81
Trd, 8639490.779, 77
Trd, 8639492.046, 60
Trd, 8639492.079, 61
Trd, 8639492.546, 63
Trd, 8639492.912, 84
Trd, 8639493.312, 74
Trd, 8639493.812, 76
Trd, 8639494.279, 124
Trd, 8639494.579, 139
Trd, 8639494.612, 126
Trd, 8639494.646, 111
Trd, 8639495.379, 84
Trd, 8639496.679, 140
Trd, 8639496.979, 136
Trd, 8639497.146, 135
Trd, 8639497.846, 118
Trd, 8639498.146, 117
Trd, 8639498.246, 115
Trd, 8639498.879, 105
Trd, 8639500.179, 129
Trd, 8639500.279, 109
Trd, 8639500.479, 99
Trd, 8639500.512, 85
Trd, 8639501.112, 110
Trd, 8639501.846, 123
Trd, 8639502.312, 140
Trd, 8639502.379, 137
Trd, 8639502.946, 126
Trd, 8639503.312, 124
Trd, 8639503.712, 120
Trd, 8639504.412, 119
Trd, 8639504.579, 110
Trd, 8639504.679, 106
Trd, 8639505.812, 117
Trd, 8639506.712, 138
Trd, 8639507.046, 139
Trd, 8639507.379, 137
Trd, 8639507.546, 135
Trd, 8639508.079, 122
Trd, 8639508.246, 121
Trd, 8639508.546, 118
Trd, 8639508.946, 120
Trd, 8639509.346, 122
Trd, 8639509.912, 96
Trd, 8639512.012, 136
Trd, 8639512.079, 114
Trd, 8639512.379, 114
Trd, 8639513.246, 136
Trd, 8639513.279, 134
Trd, 8639513.579, 133
Trd, 8639513.779, 132
Trd, 8639513.879, 124
Trd, 8639514.012, 140
Trd, 8639514.246, 105
Trd, 8639514.579, 86
Trd, 8639515.146, 132
Trd, 8639515.379, 137
Trd, 8639516.079, 119
Trd, 8639516.279, 118
Trd, 8639516.612, 110
Trd, 8639516.646, 110
Trd, 8639518.146, 103
Trd, 8639518.279, 76
Trd, 8639519.246, 62
Trd, 8639519.479, 60
Trd, 8639519.946, 97
Trd, 8639520.079, 96
Trd, 8639520.779, 101
Trd, 8639521.812, 96
Trd, 8639522.079, 122
Trd, 8639522.346, 119
Trd, 8639522.779, 117
Trd, 8639523.579, 137
Trd, 8639523.979, 135
Trd, 8639524.246, 131
Trd, 8639524.346, 116
Trd, 8639524.412, 116
Trd, 8639525.279, 78
Trd, 8639525.479, 60
Trd, 8639525.946, 92
Trd, 8639527.212, 75
Trd, 8639527.512, 103
Trd, 8639527.912, 102
Trd, 8639528.112, 89
Trd, 8639528.712, 115
Trd, 8639529.146, 92
Trd, 8639529.612, 123
Trd, 8639529.779, 126
Trd, 8639530.546, 76
Trd, 8639531.346, 90
Trd, 8639531.579, 86
Trd, 8639532.246, 94
Trd, 8639532.446, 90
Trd, 8639532.579, 85
Trd, 8639533.146, 78
Trd, 8639533.246, 77
Trd, 8639534.479, 126
Trd, 8639534.646, 114
Trd, 8639534.746, 87
Trd, 8639534.879, 85
Trd, 8639536.412, 128
Trd, 8639536.712, 124
Trd, 8639536.779, 121
Trd, 8639537.146, 103
Trd, 8639537.512, 140
Trd, 8639537.646, 86
Trd, 8639538.512, 91
Trd, 8639538.546, 78
Trd, 8639539.379, 99
Trd, 8639539.412, 110
Trd, 8639540.112, 83
Trd, 8639540.146, 82
Trd, 8639540.312, 139
Trd, 8639541.246, 131
Trd, 8639541.746, 128
Trd, 8639542.146, 127
Trd, 8639542.612, 126
Trd, 8639542.912, 140
Trd, 8639543.412, 117
Trd, 8639543.979, 112
Trd, 8639544.212, 125
Trd, 8639544.346, 94
Trd, 8639544.746, 132
Trd, 8639544.979, 131
Trd, 8639545.146, 116
Trd, 8639545.612, 95
Trd, 8639546.112, 112
Trd, 8639546.212, 123
Trd, 8639546.979, 128
Trd, 8639547.712, 90
Trd, 8639548.146, 89
Trd, 8639549.412, 106
Trd, 8639549.479, 103
Trd, 8639549.512, 76
Trd, 8639550.712, 121
Trd, 8639550.979, 87
Trd, 8639551.212, 85
Trd, 8639551.579, 86
Trd, 8639552.079, 86
Trd, 8639552.546, 85
Trd, 8639552.779, 85
Trd, 8639553.379, 83
Trd, 8639553.712, 120
Trd, 8639553.812, 139
Trd, 8639554.612, 121
Trd, 8639554.779, 115
Trd, 8639555.412, 107
Trd, 8639555.612, 117
Trd, 8639556.046, 102
Trd, 8639556.412, 95
Trd, 8639557.746, 113
Trd, 8639557.846, 112
Trd, 8639558.312, 137
Trd, 8639558.512, 119
Trd, 8639558.846, 140
Trd, 8639558.946, 131
Trd, 8639561.146, 135
Trd, 8639561.279, 115
Trd, 8639561.612, 112
Trd, 8639561.846, 104
Trd, 8639562.379, 101
Trd, 8639562.812, 98
Trd, 8639562.846, 110
Trd, 8639563.046, 96
Trd, 8639563.079, 96
Trd, 8639563.246, 100
Trd, 8639563.879, 140
Trd, 8639564.746, 76
Trd, 8639564.912, 72
Trd, 8639565.212, 97
Trd, 8639567.179, 123
Trd, 8639567.346, 122
Trd, 8639567.879, 133
Trd, 8639567.979, 131
Trd, 8639568.346, 137
Trd, 8639569.512, 116
Trd, 8639570.046, 115
Trd, 8639570.212, 114
Trd, 8639570.412, 134
Trd, 8639570.479, 113
Trd, 8639570.679, 112
Trd, 8639571.279, 138
Trd, 8639572.279, 138
Trd, 8639572.546, 138
Trd, 8639573.012, 114
Trd, 8639573.079, 112
Trd, 8639573.312, 79
Trd, 8639573.746, 91
Trd, 8639574.312, 84
Trd, 8639574.379, 62
Trd, 8639575.046, 82
Trd, 8639575.712, 101
Trd, 8639575.979, 92
Trd, 8639576.312, 140
Trd, 8639577.779, 104
Trd, 8639577.846, 102
Trd, 8639578.779, 140
Trd, 8639579.579, 113
Trd, 8639579.779, 113
Trd, 8639580.246, 98
Trd, 8639580.646, 90
Trd, 8639580.946, 86
Trd, 8639581.179, 82
Trd, 8639581.946, 123
Trd, 8639582.079, 119
Trd, 8639582.279, 115
Trd, 8639582.812, 140
Trd, 8639583.012, 137
Trd, 8639583.346, 127
Trd, 8639583.879, 129
Trd, 8639583.979, 115
Trd, 8639584.812, 110
Trd, 8639584.912, 108
Trd, 8639584.979, 116
Trd, 8639585.312, 96
Trd, 8639585.779, 93
Trd, 8639586.479, 121
Trd, 8639586.612, 128
Trd, 8639586.879, 125
Trd, 8639586.979, 120
Trd, 8639587.612, 101
Trd, 8639587.746, 110
Trd, 8639588.112, 85
Trd, 8639589.212, 91
Trd, 8639589.846, 76
Trd, 8639590.179, 70
Trd, 8639590.712, 62
Trd, 8639591.779, 135
Trd, 8639592.179, 130
Trd, 8639593.046, 133
Trd, 8639593.212, 122
Trd, 8639593.312, 121
Trd, 8639593.712, 138
Trd, 8639593.746, 116
Trd, 8639593.779, 115
Trd, 8639594.579, 89
Trd, 8639594.679, 115
Trd, 8639594.979, 88
Trd, 8639595.546, 85
Trd, 8639595.946, 83
Trd, 8639596.179, 102
Trd, 8639596.646, 78
Trd, 8639597.279, 138
Trd, 8639597.479, 132
Trd, 8639597.746, 118
Trd, 8639598.179, 109
Trd, 8639598.746, 65
Trd, 8639599.812, 122
Trd, 8639599.879, 104
Trd, 8639599.912, 97
Trd, 8639601.046, 99
Trd, 8639602.179, 135
Trd, 8639602.579, 124
Trd, 8639602.746, 117
Trd, 8639602.779, 108
Trd, 8639603.212, 98
Trd, 8639603.512, 140
Trd, 8639604.212, 123
Trd, 8639604.779, 137
Trd, 8639605.412, 131
Trd, 8639606.212, 126
Trd, 8639607.446, 137
Trd, 8639607.546, 122
Trd, 8639607.746, 118
Trd, 8639608.046, 129
Trd, 8639608.379, 117
Trd, 8639608.912, 114
Trd, 8639609.446, 98
Trd, 8639609.479, 96
Trd, 8639610.012, 139
Trd, 8639610.612, 113
Trd, 8639610.779, 93
Trd, 8639611.979, 108
Trd, 8639612.179, 105
Trd, 8639612.912, 96
Trd, 8639612.946, 95
Trd, 8639613.079, 90
Trd, 8639613.479, 87
Trd, 8639613.579, 101
Trd, 8639614.446, 94
Trd, 8639615.146, 101
Trd, 8639615.812, 115
Trd, 8639616.346, 130
Trd, 8639617.012, 140
Trd, 8639617.612, 140
Trd, 8639617.912, 126
Trd, 8639617.946, 124
Trd, 8639618.412, 117
Trd, 8639618.512, 113
Trd, 8639618.546, 112
Trd, 8639618.812, 119
Trd, 8639619.646, 111
Trd, 8639620.046, 66
Trd, 8639621.246, 92
Trd, 8639621.546, 96
Trd, 8639622.212, 83
Trd, 8639622.979, 79
Trd, 8639623.179, 81
Trd, 8639623.279, 67
Trd, 8639624.446, 64
Trd, 8639624.846, 65
Trd, 8639625.079, 130
Trd, 8639625.146, 98
Trd, 8639625.746, 140
Trd, 8639625.779, 140
Trd, 8639626.112, 135
Trd, 8639626.712, 105
Trd, 8639626.846, 90
Trd, 8639627.046, 84
Trd, 8639627.479, 83
Trd, 8639627.812, 86
Trd, 8639628.512, 117
Trd, 8639628.579, 114
Trd, 8639629.479, 97
Trd, 8639629.879, 100
Trd, 8639630.412, 67
Trd, 8639631.446, 65
Trd, 8639631.746, 71
Trd, 8639632.312, 74
Trd, 8639633.512, 73
Trd, 8639634.079, 109
Trd, 8639634.846, 124
Trd, 8639636.079, 103
Trd, 8639636.679, 111
Trd, 8639636.912, 137
Trd, 8639637.312, 125
Trd, 8639637.612, 119
Trd, 8639637.712, 118
Trd, 8639637.746, 118
Trd, 8639638.112, 131
Trd, 8639638.446, 118
Trd, 8639639.479, 114
Trd, 8639639.779, 102
Trd, 8639639.912, 89
Trd, 8639640.012, 85
Trd, 8639640.079, 117
Trd, 8639640.446, 78
Trd, 8639640.912, 74
Trd, 8639641.146, 73
Trd, 8639641.212, 80
Trd, 8639642.379, 69
Trd, 8639643.079, 65
Trd, 8639643.112, 76
Trd, 8639644.112, 69
Trd, 8639644.312, 88
Trd, 8639644.579, 76
Trd, 8639644.946, 105
Trd, 8639645.079, 103
Trd, 8639645.346, 92
Trd, 8639645.879, 119
Trd, 8639646.312, 118
Trd, 8639646.679, 113
Trd, 8639646.846, 105
Trd, 8639647.346, 107
Trd, 8639647.946, 124
Trd, 8639648.312, 117
Trd, 8639648.412, 113
Trd, 8639649.379, 106
Trd, 8639649.779, 104
Trd, 8639650.179, 140
Trd, 8639650.246, 104
Trd, 8639650.846, 103
Trd, 8639652.646, 140
Trd, 8639652.846, 114
Trd, 8639653.279, 112
Trd, 8639653.412, 111
Trd, 8639653.479, 110
Trd, 8639653.679, 98
Trd, 8639654.179, 100
Trd, 8639655.046, 118
Trd, 8639655.112, 121
Trd, 8639655.379, 95
Trd, 8639655.412, 89
Trd, 8639657.012, 94
Trd, 8639658.046, 83
Trd, 8639658.279, 89
Trd, 8639658.379, 104
Trd, 8639658.412, 82
Trd, 8639658.546, 81
Trd, 8639658.712, 108
Trd, 8639659.012, 86
Trd, 8639659.446, 114
Trd, 8639660.246, 80
Trd, 8639660.379, 97
Trd, 8639660.546, 92
Trd, 8639660.746, 80
Trd, 8639662.346, 93
Trd, 8639662.712, 77
Trd, 8639662.746, 76
Trd, 8639663.146, 79
Trd, 8639664.046, 60
Trd, 8639664.146, 60
Trd, 8639665.212, 84
Trd, 8639665.379, 68
Trd, 8639665.979, 95
Trd, 8639666.479, 76
Trd, 8639666.679, 80
Trd, 8639666.746, 88
Trd, 8639667.312, 106
Trd, 8639667.546, 118
Trd, 8639667.912, 83
Trd, 8639668.179, 94
Trd, 8639668.712, 93
Trd, 8639669.246, 103
Trd, 8639669.946, 93
Trd, 8639670.179, 111
Trd, 8639670.446, 117
Trd, 8639670.546, 93
Trd, 8639670.612, 91
Trd, 8639671.212, 98
Trd, 8639672.246, 110
Trd, 8639672.646, 106
Trd, 8639672.712, 103
Trd, 8639673.879, 140
Trd, 8639674.212, 139
Trd, 8639674.612, 109
Trd, 8639676.079, 118
Trd, 8639676.112, 116
Trd, 8639676.212, 115
Trd, 8639676.279, 109
Trd, 8639676.746, 103
Trd, 8639677.079, 120
Trd, 8639677.246, 81
Trd, 8639677.379, 88
Trd, 8639677.579, 94
Trd, 8639677.612, 133
Trd, 8639678.312, 136
Trd, 8639678.379, 92
Trd, 8639678.646, 88
Trd, 8639678.946, 98
Trd, 8639679.046, 82
Trd, 8639679.246, 74
Trd, 8639679.479, 63
Trd, 8639680.679, 62
Trd, 8639681.546, 74
Trd, 8639682.979, 75
Trd, 8639683.379, 68
Trd, 8639683.946, 67
Trd, 8639684.912, 98
Trd, 8639684.979, 114
Trd, 8639685.179, 78
Trd, 8639685.879, 96
Trd, 8639685.979, 91
Trd, 8639686.846, 102
Trd, 8639687.046, 120
Trd, 8639687.679, 89
Trd, 8639688.779, 108
Trd, 8639689.079, 140
Trd, 8639689.412, 103
Trd, 8639691.479, 101
Trd, 8639691.679, 112
Trd, 8639691.779, 102
Trd, 8639692.012, 112
Trd, 8639692.146, 100
Trd, 8639692.246, 97
Trd, 8639693.146, 139
Trd, 8639693.912, 132
Trd, 8639694.012, 120
Trd, 8639694.879, 104
Trd, 8639695.079, 102
Trd, 8639695.812, 94
Trd, 8639695.846, 118
Trd, 8639696.012, 94
Trd, 8639696.279, 132
Trd, 8639696.446, 112
Trd, 8639696.812, 102
Trd, 8639696.946, 93
Trd, 8639697.412, 95
Trd, 8639698.079, 89
Trd, 8639698.279, 85
Trd, 8639698.379, 84
Trd, 8639698.912, 117
Trd, 8639699.112, 87
Trd, 8639699.812, 140
Trd, 8639701.012, 140
Trd, 8639701.212, 139
Trd, 8639702.312, 140
Trd, 8639702.812, 127
Trd, 8639702.879, 125
Trd, 8639703.079, 126
Trd, 8639703.112, 121
Trd, 8639703.679, 77
Trd, 8639703.779, 74
Trd, 8639704.946, 134
Trd, 8639705.279, 126
Trd, 8639705.779, 108
Trd, 8639706.546, 128
Trd, 8639707.146, 97
Trd, 8639707.879, 95
Trd, 8639707.979, 92
Trd, 8639708.212, 115
Trd, 8639709.512, 100
Trd, 8639709.546, 91
Trd, 8639710.012, 137
Trd, 8639710.512, 88
Trd, 8639710.646, 96
Trd, 8639710.879, 85
Trd, 8639711.846, 114
Trd, 8639712.112, 131
Trd, 8639713.046, 106
Trd, 8639713.579, 88
Trd, 8639713.612, 76
Trd, 8639713.979, 64
Trd, 8639714.346, 63
Trd, 8639714.879, 105
Trd, 8639715.179, 105
Trd, 8639715.279, 103
Trd, 8639715.946, 99
Trd, 8639717.146, 105
Trd, 8639717.246, 90
Trd, 8639717.546, 81
Trd, 8639718.546, 119
Trd, 8639718.679, 73
Trd, 8639719.046, 60
Trd, 8639719.746, 62
Trd, 8639720.346, 60
Trd, 8639720.646, 61
Trd, 8639720.712, 62
Trd, 8639721.146, 62
Trd, 8639722.712, 61
Trd, 8639722.779, 111
Trd, 8639723.412, 65
Trd, 8639723.979, 78
Trd, 8639724.646, 84
Trd, 8639725.146, 78
Trd, 8639725.546, 87
Trd, 8639726.012, 79
Trd, 8639726.412, 78
Trd, 8639726.912, 90
Trd, 8639727.479, 74
Trd, 8639727.812, 80
Trd, 8639728.212, 73
Trd, 8639728.379, 81
Trd, 8639728.546, 74
Trd, 8639729.346, 94
Trd, 8639729.612, 90
Trd, 8639730.212, 85
Trd, 8639730.412, 111
Trd, 8639730.679, 86
Trd, 8639731.546, 85
Trd, 8639732.746, 103
Trd, 8639733.079, 98
Trd, 8639733.346, 84
Trd, 8639733.946, 107
Trd, 8639734.012, 94
Trd, 8639734.579, 97
Trd, 8639734.612, 93
Trd, 8639735.012, 99
Trd, 8639735.246, 99
Trd, 8639735.279, 98
Trd, 8639736.012, 138
Trd, 8639736.212, 126
Trd, 8639736.812, 122
Trd, 8639737.012, 120
Trd, 8639737.712, 117
Trd, 8639738.279, 102
Trd, 8639738.546, 87
Trd, 8639739.479, 62
Trd, 8639740.079, 79
Trd, 8639740.712, 109
Trd, 8639741.379, 123
Trd, 8639741.746, 87
Trd, 8639741.846, 86
Trd, 8639741.979, 86
Trd, 8639742.512, 88
Trd, 8639742.946, 85
Trd, 8639743.146, 138
Trd, 8639743.279, 102
Trd, 8639743.479, 101
Trd, 8639743.579, 90
Trd, 8639744.179, 105
Trd, 8639744.912, 88
Trd, 8639745.146, 106
Trd, 8639745.579, 86
Trd, 8639746.446, 136
Trd, 8639747.079, 132
Trd, 8639747.112, 130
Trd, 8639748.046, 138
Trd, 8639748.212, 111
Trd, 8639748.346, 64
Trd, 8639749.846, 62
Trd, 8639750.079, 93
Trd, 8639750.679, 65
Trd, 8639751.146, 95
Trd, 8639752.412, 132
Trd, 8639752.579, 100
Trd, 8639752.912, 99
Trd, 8639753.346, 101
Trd, 8639753.612, 100
Trd, 8639754.212, 97
Trd, 8639754.379, 97
Trd, 8639754.512, 94
Trd, 8639755.346, 99
Trd, 8639755.612, 109
Trd, 8639756.312, 100
Trd, 8639756.879, 100
Trd, 8639757.112, 137
Trd, 8639757.546, 84
Trd, 8639757.679, 82
Trd, 8639758.246, 87
Trd, 8639758.312, 82
Trd, 8639758.346, 81
Trd, 8639759.046, 138
Trd, 8639760.012, 138
Trd, 8639760.046, 116
Trd, 8639760.312, 114
Trd, 8639760.612, 118
Trd, 8639761.112, 99
Trd, 8639762.146, 124
Trd, 8639762.579, 121
Trd, 8639762.612, 118
Trd, 8639764.479, 133
Trd, 8639764.712, 123
Trd, 8639764.812, 122
Trd, 8639765.012, 133
Trd, 8639765.446, 107
Trd, 8639765.579, 140
Trd, 8639765.879, 102
Trd, 8639766.246, 120
Trd, 8639766.746, 140
Trd, 8639766.846, 116
Trd, 8639767.379, 104
Trd, 8639767.412, 102
Trd, 8639767.646, 66
Trd, 8639769.079, 68
Trd, 8639769.112, 72
Trd, 8639769.879, 88
Trd, 8639769.946, 96
Trd, 8639770.146, 124
Trd, 8639771.546, 63
Trd, 8639772.146, 71
Trd, 8639772.479, 101
Trd, 8639772.712, 126
Trd, 8639773.312, 124
Trd, 8639773.512, 124
Trd, 8639773.679, 120
Trd, 8639774.246, 139
Trd, 8639774.646, 105
Trd, 8639775.579, 96
Trd, 8639776.279, 71
Trd, 8639776.646, 98
Trd, 8639777.246, 66
Trd, 8639777.879, 115
Trd, 8639778.246, 61
Trd, 8639778.746, 106
Trd, 8639779.546, 101
Trd, 8639779.912, 67
Trd, 8639780.179, 114
Trd, 8639780.479, 111
Trd, 8639780.846, 125
Trd, 8639781.479, 100
Trd, 8639781.612, 99
Trd, 8639782.679, 98
Trd, 8639782.979, 88
Trd, 8639783.679, 137
Trd, 8639784.012, 122
Trd, 8639784.479, 109
Trd, 8639784.512, 106
Trd, 8639785.112, 99
Trd, 8639785.612, 104
Trd, 8639785.879, 101
Trd, 8639786.012, 100
Trd, 8639786.546, 96
Trd, 8639786.646, 112
Trd, 8639787.479, 118
Trd, 8639787.912, 137
Trd, 8639788.079, 103
Trd, 8639788.246, 128
Trd, 8639788.579, 127
Trd, 8639789.446, 95
Trd, 8639790.312, 98
Trd, 8639790.746, 137
Trd, 8639791.546, 122
Trd, 8639792.179, 107
Trd, 8639792.646, 140
Trd, 8639793.412, 118
Trd, 8639793.479, 109
Trd, 8639793.712, 94
Trd, 8639793.879, 85
Trd, 8639794.112, 85
Trd, 8639794.379, 62
Trd, 8639794.712, 80
Trd, 8639795.612, 65
Trd, 8639795.746, 66
Trd, 8639796.879, 138
Trd, 8639797.312, 137
Trd, 8639798.612, 136
Trd, 8639799.246, 133
Trd, 8639799.279, 132
Trd, 8639799.679, 115
Trd, 8639799.746, 101
Trd, 8639800.212, 95
Trd, 8639800.612, 93
Trd, 8639800.746, 88
Trd, 8639801.346, 119
Trd, 8639802.312, 140
Trd, 8639802.712, 140
Trd, 8639803.146, 135
Trd, 8639803.279, 111
Trd, 8639803.446, 91
Trd, 8639804.246, 62
Trd, 8639805.246, 65
Trd, 8639805.312, 65
Trd, 8639805.846, 81
Trd, 8639806.312, 140
Trd, 8639806.812, 137
Trd, 8639807.479, 133
Trd, 8639807.579, 123
Trd, 8639807.746, 118
Trd, 8639808.479, 133
Trd, 8639808.846, 110
Trd, 8639808.979, 108
Trd, 8639809.912, 138
Trd, 8639810.012, 97
Trd, 8639810.512, 92
Trd, 8639810.746, 94
Trd, 8639810.946, 76
Trd, 8639811.646, 75
Trd, 8639812.612, 140
Trd, 8639813.346, 84
Trd, 8639813.412, 100
Trd, 8639813.879, 82
Trd, 8639813.946, 71
Trd, 8639814.412, 77
Trd, 8639815.079, 73
Trd, 8639815.579, 119
Trd, 8639815.979, 135
Trd, 8639816.079, 116
Trd, 8639816.512, 113
Trd, 8639816.779, 101
Trd, 8639817.046, 133
Trd, 8639818.246, 140
Trd, 8639818.479, 140
Trd, 8639818.746, 135
Trd, 8639819.512, 127
Trd, 8639819.779, 117
Trd, 8639820.346, 115
Trd, 8639820.512, 115
Trd, 8639820.779, 112
Trd, 8639821.279, 120
Trd, 8639821.446, 96
Trd, 8639822.179, 139
Trd, 8639822.612, 96
Trd, 8639823.446, 97
Trd, 8639823.712, 93
Trd, 8639824.046, 93
Trd, 8639824.412, 103
Trd, 8639824.946, 95
Trd, 8639825.279, 94
Trd, 8639825.379, 132
Trd, 8639826.079, 93
Trd, 8639828.312, 108
Trd, 8639828.646, 136
Trd, 8639828.812, 121
Trd, 8639828.879, 120
Trd, 8639829.046, 112
Trd, 8639829.212, 109
Trd, 8639829.246, 107
Trd, 8639829.579, 106
Trd, 8639829.679, 101
Trd, 8639829.946, 77
Trd, 8639832.146, 101
Trd, 8639832.446, 118
Trd, 8639832.946, 90
Trd, 8639833.512, 90
Trd, 8639833.712, 95
Trd, 8639834.079, 86
Trd, 8639834.112, 85
Trd, 8639834.312, 84
Trd, 8639834.546, 83
Trd, 8639835.546, 91
Trd, 8639835.579, 82
Trd, 8639835.779, 100
Trd, 8639836.412, 121
Trd, 8639837.479, 138
Trd, 8639837.812, 84
Trd, 8639839.146, 115
Trd, 8639839.212, 111
Trd, 8639840.212, 107
Trd, 8639840.612, 76
Trd, 8639840.646, 127
Trd, 8639841.112, 68
Trd, 8639841.712, 67
Trd, 8639842.812, 103
Trd, 8639842.946, 92
Trd, 8639843.012, 92
Trd, 8639843.079, 106
Trd, 8639843.112, 135
Trd, 8639843.346, 120
Trd, 8639844.246, 60
Trd, 8639844.846, 69
Trd, 8639845.279, 78
Trd, 8639845.779, 65
Trd, 8639847.212, 62
Trd, 8639847.446, 61
Trd, 8639847.979, 69
Trd, 8639848.012, 67
Trd, 8639848.179, 71
Trd, 8639848.812, 62
Trd, 8639849.612, 60
Trd, 8639850.046, 65
Trd, 8639850.446, 138
Trd, 8639850.779, 66
Trd, 8639851.079, 64
Trd, 8639851.379, 75
Trd, 8639854.046, 118
Trd, 8639854.579, 117
Trd, 8639854.646, 115
Trd, 8639854.846, 115
Trd, 8639854.912, 114
Trd, 8639855.646, 91
Trd, 8639856.079, 62
Trd, 8639856.679, 64
Trd, 8639856.746, 89
Trd, 8639857.379, 91
Trd, 8639857.612, 97
Trd, 8639857.712, 89
Trd, 8639858.546, 135
Trd, 8639859.012, 124
Trd, 8639859.746, 133
Trd, 8639859.979, 133
Trd, 8639860.712, 119
Trd, 8639861.079, 103
Trd, 8639861.746, 88
Trd, 8639862.346, 83
Trd, 8639862.546, 92
Trd, 8639862.779, 137
Trd, 8639863.479, 85
Trd, 8639863.546, 91
Trd, 8639863.979, 84
Trd, 8639864.279, 82
Trd, 8639864.312, 79
Trd, 8639865.012, 77
Trd, 8639865.512, 136
Trd, 8639865.679, 122
Trd, 8639865.712, 122
Trd, 8639866.279, 117
Trd, 8639866.612, 123
Trd, 8639867.146, 110
Trd, 8639867.879, 99
Trd, 8639868.479, 100
Trd, 8639869.046, 131
Trd, 8639869.279, 129
Trd, 8639869.712, 137
Trd, 8639870.679, 132
Trd, 8639870.746, 119
Trd, 8639871.612, 113
Trd, 8639871.646, 112
Trd, 8639872.212, 100
Trd, 8639872.646, 95
Trd, 8639872.846, 114
Trd, 8639872.979, 140
Trd, 8639873.079, 105
Trd, 8639874.346, 116
Trd, 8639874.379, 109
Trd, 8639874.646, 104
Trd, 8639875.912, 97
Trd, 8639876.079, 105
Trd, 8639876.112, 87
Trd, 8639876.212, 64
Trd, 8639876.679, 60
Trd, 8639877.146, 87
Trd, 8639877.346, 129
Trd, 8639878.146, 111
Trd, 8639878.779, 103
Trd, 8639879.446, 96
Trd, 8639879.946, 101
Trd, 8639881.046, 102
Trd, 8639881.079, 129
Trd, 8639881.179, 140
Trd, 8639881.312, 96
Trd, 8639881.912, 128
Trd, 8639882.646, 127
Trd, 8639883.212, 117
Trd, 8639883.812, 117
Trd, 8639884.012, 113
Trd, 8639884.546, 109
Trd, 8639885.312, 117
Trd, 8639886.279, 114
Trd, 8639886.346, 110
Trd, 8639886.679, 109
Trd, 8639886.946, 121
Trd, 8639887.279, 120
Trd, 8639887.512, 105
Trd, 8639887.546, 104
Trd, 8639888.712, 100
Trd, 8639889.046, 97
Trd, 8639889.112, 88
Trd, 8639889.546, 109
Trd, 8639889.612, 78
Trd, 8639889.812, 76
Trd, 8639891.212, 61
Trd, 8639891.512, 64
Trd, 8639891.846, 96
Trd, 8639892.679, 127
Trd, 8639892.779, 125
Trd, 8639892.846, 123
Trd, 8639893.146, 128
Trd, 8639894.779, 112
Trd, 8639895.046, 104
Trd, 8639895.112, 110
Trd, 8639895.546, 104
Trd, 8639895.846, 99
Trd, 8639895.879, 97
Trd, 8639897.112, 118
Trd, 8639898.479, 117
Trd, 8639898.512, 115
Trd, 8639899.112, 123
Trd, 8639899.212, 122
Trd, 8639899.846, 140
Trd, 8639899.946, 101
Trd, 8639900.546, 96
Trd, 8639901.179, 140
Trd, 8639901.546, 80
Trd, 8639902.112, 138
Trd, 8639902.179, 93
Trd, 8639902.246, 78
Trd, 8639902.446, 77
Trd, 8639904.012, 100
Trd, 8639904.079, 73
Trd, 8639905.412, 91
Trd, 8639905.512, 87
Trd, 8639905.579, 85
Trd, 8639905.679, 84
Trd, 8639905.746, 94
Trd, 8639907.246, 93
Trd, 8639908.112, 115
Trd, 8639908.979, 125
Trd, 8639909.079, 124
Trd, 8639909.412, 132
Trd, 8639909.679, 116
Trd, 8639909.846, 114
Trd, 8639910.079, 113
Trd, 8639910.212, 116
Trd, 8639911.246, 140
Trd, 8639912.412, 107
Trd, 8639912.612, 104
Trd, 8639912.912, 114
Trd, 8639913.012, 103
Trd, 8639913.446, 99
Trd, 8639914.146, 92
Trd, 8639914.312, 131
Trd, 8639914.646, 138
Trd, 8639914.879, 93
Trd, 8639915.812, 122
Trd, 8639916.712, 107
Trd, 8639916.979, 106
Trd, 8639918.146, 104
Trd, 8639918.346, 121
Trd, 8639919.679, 131
Trd, 8639920.912, 140
Trd, 8639921.179, 128
Trd, 8639921.246, 127
Trd, 8639922.412, 118
Trd, 8639922.479, 113
Trd, 8639922.612, 113
Trd, 8639922.779, 106
Trd, 8639922.979, 98
Trd, 8639923.246, 126
Trd, 8639924.746, 84
Trd, 8639925.279, 87
Trd, 8639925.346, 112
Trd, 8639925.646, 135
Trd, 8639926.779, 99
Trd, 8639927.179, 89
Trd, 8639927.346, 89
Trd, 8639927.579, 93
Trd, 8639928.479, 140
Trd, 8639928.646, 95
Trd, 8639928.846, 106
Trd, 8639928.879, 97
Trd, 8639929.079, 126
Trd, 8639929.246, 86
Trd, 8639930.512, 131
Trd, 8639930.779, 130
Trd, 8639931.179, 117
Trd, 8639931.446, 105
Trd, 8639931.912, 136
Trd, 8639932.779, 116
Trd, 8639932.846, 116
Trd, 8639933.012, 108
Trd, 8639933.346, 85
Trd, 8639933.412, 85
Trd, 8639934.212, 86
Trd, 8639934.279, 101
Trd, 8639934.312, 85
Trd, 8639935.679, 112
Trd, 8639935.746, 111
Trd, 8639936.746, 130
Trd, 8639937.146, 118
Trd, 8639937.479, 117
Trd, 8639937.579, 116
Trd, 8639937.879, 117
Trd, 8639938.679, 136
Trd, 8639938.912, 116
Trd, 8639939.612, 120
Trd, 8639940.312, 121
Trd, 8639940.412, 140
Trd, 8639940.479, 119
Trd, 8639940.746, 106
Trd, 8639942.012, 118
Trd, 8639943.212, 117
Trd, 8639943.412, 122
Trd, 8639943.546, 115
Trd, 8639943.579, 104
Trd, 8639943.912, 98
Trd, 8639943.946, 96
Trd, 8639945.479, 116
Trd, 8639945.679, 115
Trd, 8639946.312, 134
Trd, 8639946.512, 130
Trd, 8639946.912, 113
Trd, 8639948.579, 60
Trd, 8639948.646, 61
Trd, 8639948.712, 62
Trd, 8639949.246, 66
Trd, 8639949.746, 64
Trd, 8639949.912, 88
Trd, 8639950.146, 92
Trd, 8639950.246, 71
Trd, 8639950.646, 109
Trd, 8639952.179, 78
Trd, 8639953.546, 69
Trd, 8639954.146, 67
Trd, 8639954.446, 86
Trd, 8639955.146, 65
Trd, 8639955.412, 71
Trd, 8639956.412, 123
Trd, 8639956.446, 72
Trd, 8639956.579, 69
Trd, 8639957.112, 90
Trd, 8639957.646, 131
Trd, 8639958.179, 110
Trd, 8639958.412, 123
Trd, 8639958.779, 116
Trd, 8639959.112, 103
Trd, 8639959.179, 100
Trd, 8639959.679, 100
Trd, 8639960.412, 112
Trd, 8639961.046, 104
Trd, 8639961.379, 130
Trd, 8639961.679, 137
Trd, 8639962.046, 99
Trd, 8639962.612, 98
Trd, 8639962.746, 98
Trd, 8639963.412, 94
Trd, 8639963.446, 118
Trd, 8639964.312, 113
Trd, 8639964.412, 101
Trd, 8639964.912, 94
Trd, 8639965.112, 92
Trd, 8639965.779, 125
Trd, 8639966.612, 78
Trd, 8639966.812, 85
Trd, 8639967.046, 78
Trd, 8639967.412, 66
Trd, 8639968.312, 140
Trd, 8639968.546, 135
Trd, 8639969.079, 132
Trd, 8639969.146, 131
Trd, 8639969.612, 125
Trd, 8639970.279, 139
Trd, 8639970.446, 135
Trd, 8639971.846, 106
Trd, 8639972.146, 85
Trd, 8639972.379, 118
Trd, 8639972.846, 80
Trd, 8639973.146, 79
Trd, 8639973.479, 100
Trd, 8639973.812, 106
Trd, 8639973.946, 101
Trd, 8639974.579, 100
Trd, 8639974.879, 101
Trd, 8639975.379, 79
Trd, 8639976.312, 97
Trd, 8639976.579, 93
Trd, 8639977.146, 92
Trd, 8639977.646, 118
Trd, 8639977.846, 88
Trd, 8639978.346, 95
Trd, 8639978.946, 114
Trd, 8639979.079, 103
Trd, 8639979.279, 118
Trd, 8639980.312, 79
Trd, 8639980.512, 135
Trd, 8639981.679, 140
Trd, 8639982.012, 140
Trd, 8639982.212, 120
Trd, 8639983.046, 120
Trd, 8639983.446, 117
Trd, 8639984.012, 120
Trd, 8639984.046, 112
Trd, 8639984.146, 120
Trd, 8639984.212, 107
Trd, 8639984.312, 103
Trd, 8639984.346, 102
Trd, 8639985.279, 126
Trd, 8639985.846, 116
Trd, 8639985.879, 106
Trd, 8639986.179, 127
Trd, 8639986.946, 128
Trd, 8639987.679, 131
Trd, 8639987.746, 94
Trd, 8639988.279, 140
Trd, 8639988.712, 119
Trd, 8639988.779, 107
Trd, 8639990.812, 66
Trd, 8639990.946, 74
Trd, 8639991.546, 76
Trd, 8639991.579, 66
Trd, 8639992.246, 65
Trd, 8639992.612, 66
Trd, 8639993.846, 78
Trd, 8639994.079, 82
Trd, 8639994.246, 128
Trd, 8639994.912, 83
Trd, 8639995.146, 68
Trd, 8639995.746, 97
Trd, 8639996.479, 105
Trd, 8639996.579, 106
Trd, 8639997.012, 105
Trd, 8639997.146, 92
Trd, 8639997.812, 140
Trd, 8639997.912, 108
Trd, 8639998.212, 85
Trd, 8639999.246, 120
