Trd, 8638721.112, 113
Trd, 8638721.179, 112
Trd, 8638721.246, 94
Trd, 8638723.279, 139
Trd, 8638723.379, 113
Trd, 8638723.912, 139
Trd, 8638724.012, 125
Trd, 8638724.612, 138
Trd, 8638725.279, 137
Trd, 8638726.346, 140
Trd, 8638726.779, 140
Trd, 8638727.179, 140
Trd, 8638727.246, 140
Trd, 8638727.446, 133
Trd, 8638727.546, 129
Trd, 8638727.946, 89
Trd, 8638727.979, 87
Trd, 8638728.279, 86
Trd, 8638728.846, 106
Trd, 8638729.212, 87
Trd, 8638729.879, 60
Trd, 8638730.712, 60
Trd, 8638730.812, 60
Trd, 8638731.046, 60
Trd, 8638731.346, 61
Trd, 8638732.579, 140
Trd, 8638733.079, 140
Trd, 8638734.012, 137
Trd, 8638734.112, 73
Trd, 8638734.246, 79
Trd, 8638735.646, 140
Trd, 8638736.846, 140
Trd, 8638738.379, 140
Trd, 8638738.746, 140
Trd, 8638739.812, 135
Trd, 8638739.846, 129
Trd, 8638740.279, 136
Trd, 8638740.746, 134
Trd, 8638740.846, 131
Trd, 8638741.079, 122
Trd, 8638741.312, 132
Trd, 8638741.912, 126
Trd, 8638743.212, 138
Trd, 8638744.012, 124
Trd, 8638744.412, 120
Trd, 8638744.712, 120
Trd, 8638744.846, 125
Trd, 8638746.679, 140
Trd, 8638746.712, 121
Trd, 8638746.846, 121
Trd, 8638747.379, 127
Trd, 8638747.679, 122
Trd, 8638749.279, 132
Trd, 8638749.412, 131
Trd, 8638751.179, 140
Trd, 8638751.779, 140
Trd, 8638752.046, 138
Trd, 8638753.146, 131
Trd, 8638754.079, 132
Trd, 8638754.312, 127
Trd, 8638754.446, 126
Trd, 8638755.046, 131
Trd, 8638755.479, 106
Trd, 8638755.512, 105
Trd, 8638755.812, 119
Trd, 8638756.146, 98
Trd, 8638756.212, 93
Trd, 8638757.612, 123
Trd, 8638758.046, 114
Trd, 8638760.146, 67
Trd, 8638760.312, 68
Trd, 8638760.746, 112
Trd, 8638761.012, 78
Trd, 8638761.246, 71
Trd, 8638762.379, 73
Trd, 8638762.812, 98
Trd, 8638763.246, 100
Trd, 8638763.579, 104
Trd, 8638764.346, 124
Trd, 8638764.412, 74
Trd, 8638764.446, 125
Trd, 8638764.479, 73
Trd, 8638765.179, 71
Trd, 8638765.712, 66
Trd, 8638765.879, 62
Trd, 8638766.479, 61
Trd, 8638767.946, 95
Trd, 8638768.612, 140
Trd, 8638768.812, 107
Trd, 8638769.412, 76
Trd, 8638770.979, 138
Trd, 8638771.312, 137
Trd, 8638771.446, 135
Trd, 8638771.679, 117
Trd, 8638774.446, 139
Trd, 8638775.612, 136
Trd, 8638776.012, 130
Trd, 8638776.046, 126
Trd, 8638776.679, 137
Trd, 8638776.746, 138
Trd, 8638777.446, 138
Trd, 8638777.879, 138
Trd, 8638778.646, 139
Trd, 8638779.379, 140
Trd, 8638779.779, 140
Trd, 8638781.012, 134
Trd, 8638781.879, 133
Trd, 8638782.079, 130
Trd, 8638782.779, 126
Trd, 8638783.046, 124
Trd, 8638783.146, 120
Trd, 8638783.446, 127
Trd, 8638783.512, 113
Trd, 8638783.679, 112
Trd, 8638784.012, 106
Trd, 8638784.312, 97
Trd, 8638784.712, 127
Trd, 8638784.979, 104
Trd, 8638785.546, 124
Trd, 8638785.746, 123
Trd, 8638786.212, 111
Trd, 8638786.812, 112
Trd, 8638788.179, 140
Trd, 8638789.212, 140
Trd, 8638790.346, 140
Trd, 8638790.646, 140
Trd, 8638792.079, 139
Trd, 8638792.512, 135
Trd, 8638792.612, 108
Trd, 8638792.746, 90
Trd, 8638793.046, 131
Trd, 8638795.012, 110
Trd, 8638795.979, 121
Trd, 8638796.012, 126
Trd, 8638796.312, 139
Trd, 8638796.579, 139
Trd, 8638797.779, 124
Trd, 8638797.979, 120
Trd, 8638798.212, 121
Trd, 8638798.712, 132
Trd, 8638801.412, 138
Trd, 8638801.546, 136
Trd, 8638801.912, 138
Trd, 8638802.346, 134
Trd, 8638802.546, 133
Trd, 8638802.979, 134
Trd, 8638803.012, 133
Trd, 8638803.379, 132
Trd, 8638803.746, 140
Trd, 8638803.846, 115
Trd, 8638804.746, 114
Trd, 8638805.646, 93
Trd, 8638805.846, 134
Trd, 8638805.979, 136
Trd, 8638806.246, 61
Trd, 8638806.646, 124
Trd, 8638806.812, 61
Trd, 8638807.412, 136
Trd, 8638808.946, 114
Trd, 8638809.012, 112
Trd, 8638809.879, 102
Trd, 8638810.279, 140
Trd, 8638811.312, 138
Trd, 8638811.612, 132
Trd, 8638811.779, 127
Trd, 8638812.446, 135
Trd, 8638812.512, 126
Trd, 8638813.779, 139
Trd, 8638813.979, 135
Trd, 8638815.379, 140
Trd, 8638816.246, 140
Trd, 8638816.546, 140
Trd, 8638816.846, 138
Trd, 8638817.179, 135
Trd, 8638817.779, 140
Trd, 8638818.679, 120
Trd, 8638818.846, 134
Trd, 8638819.412, 131
Trd, 8638819.912, 116
Trd, 8638820.246, 115
Trd, 8638820.846, 95
Trd, 8638821.312, 87
Trd, 8638822.079, 86
Trd, 8638822.346, 85
Trd, 8638822.879, 85
Trd, 8638823.046, 83
Trd, 8638823.446, 86
Trd, 8638823.546, 78
Trd, 8638823.812, 140
Trd, 8638825.146, 140
Trd, 8638825.246, 140
Trd, 8638825.546, 135
Trd, 8638825.646, 129
Trd, 8638828.946, 140
Trd, 8638828.979, 137
Trd, 8638829.179, 127
Trd, 8638829.412, 138
Trd, 8638829.979, 129
Trd, 8638830.079, 117
Trd, 8638830.646, 132
Trd, 8638831.446, 115
Trd, 8638831.912, 124
Trd, 8638832.079, 113
Trd, 8638833.112, 140
Trd, 8638833.979, 138
Trd, 8638834.446, 134
Trd, 8638834.512, 133
Trd, 8638834.612, 128
Trd, 8638834.979, 140
Trd, 8638835.479, 138
Trd, 8638835.546, 114
Trd, 8638835.879, 112
Trd, 8638837.146, 119
Trd, 8638837.779, 109
Trd, 8638837.912, 102
Trd, 8638838.379, 91
Trd, 8638838.479, 119
Trd, 8638839.579, 118
Trd, 8638840.312, 117
Trd, 8638840.512, 119
Trd, 8638840.612, 107
Trd, 8638840.712, 106
Trd, 8638841.079, 105
Trd, 8638841.479, 122
Trd, 8638842.279, 109
Trd, 8638842.546, 132
Trd, 8638843.312, 116
Trd, 8638844.446, 140
Trd, 8638844.512, 140
Trd, 8638845.746, 140
Trd, 8638845.779, 139
Trd, 8638847.046, 139
Trd, 8638847.212, 133
Trd, 8638848.512, 140
Trd, 8638848.846, 112
Trd, 8638849.279, 111
Trd, 8638849.546, 106
Trd, 8638850.112, 133
Trd, 8638850.979, 101
Trd, 8638851.079, 92
Trd, 8638851.779, 95
Trd, 8638852.512, 119
Trd, 8638852.612, 91
Trd, 8638853.079, 116
Trd, 8638853.779, 99
Trd, 8638854.012, 112
Trd, 8638854.146, 122
Trd, 8638855.346, 114
Trd, 8638855.946, 128
Trd, 8638856.246, 116
Trd, 8638856.412, 134
Trd, 8638856.512, 136
Trd, 8638858.479, 138
Trd, 8638859.046, 139
Trd, 8638859.112, 122
Trd, 8638859.679, 114
Trd, 8638859.779, 109
Trd, 8638860.346, 105
Trd, 8638861.379, 115
Trd, 8638861.612, 132
Trd, 8638862.912, 133
Trd, 8638863.046, 112
Trd, 8638863.079, 111
Trd, 8638863.812, 140
Trd, 8638863.912, 113
Trd, 8638864.212, 104
Trd, 8638864.379, 102
Trd, 8638864.912, 105
Trd, 8638865.512, 102
Trd, 8638865.712, 102
Trd, 8638866.446, 119
Trd, 8638866.646, 120
Trd, 8638866.912, 103
Trd, 8638867.112, 105
Trd, 8638869.246, 118
Trd, 8638869.279, 101
Trd, 8638870.046, 129
Trd, 8638870.246, 117
Trd, 8638871.412, 103
Trd, 8638871.712, 123
Trd, 8638871.846, 107
Trd, 8638873.712, 126
Trd, 8638873.879, 127
Trd, 8638874.946, 137
Trd, 8638875.012, 136
Trd, 8638875.412, 131
Trd, 8638875.612, 125
Trd, 8638875.812, 98
Trd, 8638875.979, 108
Trd, 8638878.479, 140
Trd, 8638878.546, 139
Trd, 8638878.946, 138
Trd, 8638879.646, 139
Trd, 8638879.812, 138
Trd, 8638880.179, 137
Trd, 8638880.346, 134
Trd, 8638880.946, 130
Trd, 8638882.979, 129
Trd, 8638883.012, 128
Trd, 8638883.212, 135
Trd, 8638883.746, 127
Trd, 8638884.812, 121
Trd, 8638884.979, 120
Trd, 8638885.012, 120
Trd, 8638885.112, 130
Trd, 8638885.346, 131
Trd, 8638885.379, 117
Trd, 8638885.579, 132
Trd, 8638886.946, 120
Trd, 8638887.779, 118
Trd, 8638888.212, 117
Trd, 8638888.379, 123
Trd, 8638889.079, 122
Trd, 8638889.112, 99
Trd, 8638890.012, 84
Trd, 8638890.046, 86
Trd, 8638890.812, 112
Trd, 8638890.912, 85
Trd, 8638891.346, 83
Trd, 8638891.479, 83
Trd, 8638891.512, 112
Trd, 8638891.546, 126
Trd, 8638892.212, 90
Trd, 8638892.312, 87
Trd, 8638894.479, 91
Trd, 8638894.546, 112
Trd, 8638894.746, 89
Trd, 8638895.579, 111
Trd, 8638896.479, 91
Trd, 8638896.546, 109
Trd, 8638896.679, 136
Trd, 8638896.779, 113
Trd, 8638897.046, 89
Trd, 8638897.579, 140
Trd, 8638898.512, 136
Trd, 8638898.912, 134
Trd, 8638898.979, 133
Trd, 8638899.379, 139
Trd, 8638899.979, 120
Trd, 8638900.612, 103
Trd, 8638901.212, 99
Trd, 8638901.946, 63
Trd, 8638903.012, 136
Trd, 8638903.112, 132
Trd, 8638904.446, 134
Trd, 8638904.812, 136
Trd, 8638905.146, 135
Trd, 8638905.346, 140
Trd, 8638905.412, 127
Trd, 8638905.746, 140
Trd, 8638907.146, 140
Trd, 8638907.712, 129
Trd, 8638908.246, 137
Trd, 8638908.812, 129
Trd, 8638909.312, 124
Trd, 8638909.412, 126
Trd, 8638909.479, 123
Trd, 8638910.446, 117
Trd, 8638911.879, 90
Trd, 8638912.612, 110
Trd, 8638913.212, 89
Trd, 8638913.379, 87
Trd, 8638914.746, 105
Trd, 8638915.046, 105
Trd, 8638915.412, 108
Trd, 8638915.746, 109
Trd, 8638915.912, 107
Trd, 8638915.946, 104
Trd, 8638916.546, 139
Trd, 8638916.779, 133
Trd, 8638916.812, 100
Trd, 8638916.846, 99
Trd, 8638917.146, 88
Trd, 8638917.912, 140
Trd, 8638918.012, 133
Trd, 8638918.546, 132
Trd, 8638919.512, 124
Trd, 8638921.579, 140
Trd, 8638922.412, 140
Trd, 8638923.046, 136
Trd, 8638923.179, 132
Trd, 8638923.946, 140
Trd, 8638924.046, 140
Trd, 8638924.346, 140
Trd, 8638924.446, 140
Trd, 8638925.212, 112
Trd, 8638925.312, 89
Trd, 8638925.846, 60
Trd, 8638926.512, 80
Trd, 8638927.346, 135
Trd, 8638927.546, 85
Trd, 8638928.346, 90
Trd, 8638929.346, 84
Trd, 8638930.179, 105
Trd, 8638930.212, 109
Trd, 8638930.246, 110
Trd, 8638930.846, 108
Trd, 8638931.046, 104
Trd, 8638931.079, 112
Trd, 8638931.379, 100
Trd, 8638931.846, 82
Trd, 8638931.979, 81
Trd, 8638932.346, 133
Trd, 8638933.412, 113
Trd, 8638934.146, 131
Trd, 8638934.612, 140
Trd, 8638935.446, 128
Trd, 8638935.679, 127
Trd, 8638936.212, 140
Trd, 8638937.246, 140
Trd, 8638937.546, 105
Trd, 8638938.746, 114
Trd, 8638938.879, 130
Trd, 8638939.212, 112
Trd, 8638940.712, 122
Trd, 8638940.746, 123
Trd, 8638941.546, 113
Trd, 8638941.612, 108
Trd, 8638942.379, 122
Trd, 8638943.846, 140
Trd, 8638944.446, 106
Trd, 8638944.479, 105
Trd, 8638944.812, 106
Trd, 8638945.046, 106
Trd, 8638945.112, 103
Trd, 8638945.412, 86
Trd, 8638946.846, 81
Trd, 8638946.946, 96
Trd, 8638947.279, 139
Trd, 8638948.379, 85
Trd, 8638948.746, 127
Trd, 8638949.079, 110
Trd, 8638949.446, 122
Trd, 8638950.212, 135
Trd, 8638951.446, 121
Trd, 8638951.746, 131
Trd, 8638951.779, 132
Trd, 8638951.912, 135
Trd, 8638953.679, 139
Trd, 8638953.746, 123
Trd, 8638954.712, 140
Trd, 8638955.179, 128
Trd, 8638955.379, 127
Trd, 8638955.846, 119
Trd, 8638955.879, 100
Trd, 8638957.146, 112
Trd, 8638957.346, 103
Trd, 8638957.512, 102
Trd, 8638957.646, 90
Trd, 8638958.879, 140
Trd, 8638958.912, 140
Trd, 8638959.579, 106
Trd, 8638960.679, 139
Trd, 8638961.779, 140
Trd, 8638961.912, 139
Trd, 8638962.046, 138
Trd, 8638963.312, 124
Trd, 8638963.512, 104
Trd, 8638965.012, 120
Trd, 8638965.079, 106
Trd, 8638965.579, 102
Trd, 8638965.812, 117
Trd, 8638966.012, 119
Trd, 8638966.146, 104
Trd, 8638967.346, 114
Trd, 8638967.712, 126
Trd, 8638967.746, 131
Trd, 8638968.612, 139
Trd, 8638968.679, 136
Trd, 8638968.912, 134
Trd, 8638969.946, 115
Trd, 8638970.312, 110
Trd, 8638972.979, 122
Trd, 8638973.912, 88
Trd, 8638973.946, 86
Trd, 8638975.112, 139
Trd, 8638976.612, 140
Trd, 8638976.679, 140
Trd, 8638977.312, 140
Trd, 8638977.379, 139
Trd, 8638977.479, 137
Trd, 8638977.612, 135
Trd, 8638979.346, 114
Trd, 8638979.812, 113
Trd, 8638979.912, 112
Trd, 8638980.412, 115
Trd, 8638980.446, 116
Trd, 8638980.546, 112
Trd, 8638981.479, 119
Trd, 8638981.512, 113
Trd, 8638981.679, 110
Trd, 8638982.079, 103
Trd, 8638983.812, 140
Trd, 8638984.912, 115
Trd, 8638985.179, 138
Trd, 8638985.546, 134
Trd, 8638985.846, 133
Trd, 8638986.379, 140
Trd, 8638986.612, 139
Trd, 8638987.546, 127
Trd, 8638988.379, 122
Trd, 8638988.679, 121
Trd, 8638988.979, 112
Trd, 8638989.612, 127
Trd, 8638990.379, 124
Trd, 8638990.546, 123
Trd, 8638990.746, 127
Trd, 8638991.179, 123
Trd, 8638991.279, 118
Trd, 8638991.346, 126
Trd, 8638992.279, 97
Trd, 8638993.646, 119
Trd, 8638993.712, 120
Trd, 8638993.946, 92
Trd, 8638994.279, 88
Trd, 8638994.679, 102
Trd, 8638995.412, 124
Trd, 8638995.846, 104
Trd, 8638996.246, 114
Trd, 8638996.679, 83
Trd, 8638997.046, 82
Trd, 8638998.412, 60
Trd, 8638998.446, 60
Trd, 8638999.346, 66
Trd, 8638999.812, 67
Trd, 8639000.212, 67
Trd, 8639000.479, 90
Trd, 8639001.046, 139
Trd, 8639001.279, 116
Trd, 8639002.446, 96
Trd, 8639002.646, 95
Trd, 8639002.679, 94
Trd, 8639002.779, 83
Trd, 8639002.946, 68
Trd, 8639003.679, 71
Trd, 8639004.012, 71
Trd, 8639004.112, 70
Trd, 8639004.246, 126
Trd, 8639006.079, 90
Trd, 8639006.812, 120
Trd, 8639007.379, 124
Trd, 8639007.912, 88
Trd, 8639007.946, 89
Trd, 8639007.979, 86
Trd, 8639008.812, 123
Trd, 8639008.946, 98
Trd, 8639009.246, 85
Trd, 8639009.746, 124
Trd, 8639010.846, 136
Trd, 8639011.446, 135
Trd, 8639012.146, 130
Trd, 8639013.379, 139
Trd, 8639014.012, 138
Trd, 8639014.112, 137
Trd, 8639014.612, 117
Trd, 8639015.712, 139
Trd, 8639016.746, 117
Trd, 8639016.779, 110
Trd, 8639016.879, 127
Trd, 8639016.946, 109
Trd, 8639018.046, 112
Trd, 8639018.379, 103
Trd, 8639018.812, 108
Trd, 8639019.779, 119
Trd, 8639019.979, 122
Trd, 8639020.179, 123
Trd, 8639021.312, 135
Trd, 8639022.646, 139
Trd, 8639022.746, 138
Trd, 8639023.212, 135
Trd, 8639023.412, 134
Trd, 8639023.612, 123
Trd, 8639024.546, 91
Trd, 8639025.146, 140
Trd, 8639026.212, 140
Trd, 8639026.246, 140
Trd, 8639027.646, 140
Trd, 8639028.546, 139
Trd, 8639028.912, 137
Trd, 8639028.979, 133
Trd, 8639029.412, 132
Trd, 8639029.746, 131
Trd, 8639030.112, 114
Trd, 8639030.546, 88
Trd, 8639030.979, 71
Trd, 8639032.579, 112
Trd, 8639032.812, 119
Trd, 8639032.846, 120
Trd, 8639033.212, 104
Trd, 8639033.312, 86
Trd, 8639033.646, 125
Trd, 8639034.412, 124
Trd, 8639035.446, 107
Trd, 8639035.646, 91
Trd, 8639035.812, 88
Trd, 8639037.212, 112
Trd, 8639037.746, 110
Trd, 8639037.779, 108
Trd, 8639037.979, 107
Trd, 8639038.279, 112
Trd, 8639039.412, 113
Trd, 8639039.646, 113
Trd, 8639039.679, 113
Trd, 8639039.846, 108
Trd, 8639040.312, 140
Trd, 8639040.746, 102
Trd, 8639041.479, 85
Trd, 8639041.912, 100
Trd, 8639042.146, 101
Trd, 8639042.279, 93
Trd, 8639043.579, 140
Trd, 8639044.146, 140
Trd, 8639045.879, 140
Trd, 8639046.412, 140
Trd, 8639046.612, 140
Trd, 8639047.246, 140
Trd, 8639047.846, 140
Trd, 8639048.179, 127
Trd, 8639048.346, 123
Trd, 8639048.612, 122
Trd, 8639049.212, 113
Trd, 8639049.246, 111
Trd, 8639049.379, 111
Trd, 8639050.079, 123
Trd, 8639050.379, 124
Trd, 8639050.912, 132
Trd, 8639051.946, 123
Trd, 8639053.379, 129
Trd, 8639053.679, 127
Trd, 8639053.779, 123
Trd, 8639053.912, 127
Trd, 8639054.079, 124
Trd, 8639055.279, 140
Trd, 8639056.079, 139
Trd, 8639056.412, 127
Trd, 8639057.812, 111
Trd, 8639058.479, 93
Trd, 8639058.546, 73
Trd, 8639058.979, 74
Trd, 8639059.646, 140
Trd, 8639060.379, 137
Trd, 8639060.446, 85
Trd, 8639060.846, 102
Trd, 8639061.046, 105
Trd, 8639061.312, 78
Trd, 8639061.879, 61
Trd, 8639062.012, 88
Trd, 8639062.246, 106
Trd, 8639062.846, 68
Trd, 8639064.646, 140
Trd, 8639066.179, 140
Trd, 8639067.512, 140
Trd, 8639068.046, 140
Trd, 8639068.079, 139
Trd, 8639068.412, 135
Trd, 8639068.546, 117
Trd, 8639068.712, 104
Trd, 8639069.312, 126
Trd, 8639069.412, 103
Trd, 8639069.812, 138
Trd, 8639070.579, 127
Trd, 8639070.779, 120
Trd, 8639071.679, 113
Trd, 8639072.179, 131
Trd, 8639072.279, 109
Trd, 8639072.346, 107
Trd, 8639073.112, 131
Trd, 8639074.512, 124
Trd, 8639074.679, 118
Trd, 8639075.346, 114
Trd, 8639075.446, 126
Trd, 8639076.212, 140
Trd, 8639077.146, 140
Trd, 8639077.412, 140
Trd, 8639078.246, 136
Trd, 8639078.379, 132
Trd, 8639078.812, 137
Trd, 8639079.979, 129
Trd, 8639081.112, 129
Trd, 8639082.112, 134
Trd, 8639082.712, 140
Trd, 8639083.146, 133
Trd, 8639083.546, 100
Trd, 8639084.112, 100
Trd, 8639084.646, 98
Trd, 8639084.746, 136
Trd, 8639085.779, 140
Trd, 8639086.412, 98
Trd, 8639086.646, 114
Trd, 8639086.946, 82
Trd, 8639087.746, 81
Trd, 8639088.046, 79
Trd, 8639088.412, 138
Trd, 8639088.646, 77
Trd, 8639088.946, 137
Trd, 8639089.079, 138
Trd, 8639090.679, 132
Trd, 8639091.279, 130
Trd, 8639091.412, 135
Trd, 8639091.446, 128
Trd, 8639091.646, 128
Trd, 8639091.879, 136
Trd, 8639092.746, 116
Trd, 8639094.579, 140
Trd, 8639094.846, 139
Trd, 8639095.946, 140
Trd, 8639096.279, 140
Trd, 8639096.546, 135
Trd, 8639097.146, 131
Trd, 8639097.779, 140
Trd, 8639098.846, 139
Trd, 8639099.312, 133
Trd, 8639099.412, 121
Trd, 8639099.512, 108
Trd, 8639101.712, 140
Trd, 8639102.046, 140
Trd, 8639102.979, 140
Trd, 8639103.079, 138
Trd, 8639103.346, 139
Trd, 8639103.579, 136
Trd, 8639103.679, 135
Trd, 8639103.912, 135
Trd, 8639104.046, 133
Trd, 8639104.212, 118
Trd, 8639104.312, 115
Trd, 8639104.612, 119
Trd, 8639106.146, 93
Trd, 8639106.646, 70
Trd, 8639107.179, 123
Trd, 8639107.279, 95
Trd, 8639107.746, 124
Trd, 8639108.646, 122
Trd, 8639108.779, 121
Trd, 8639108.912, 131
Trd, 8639109.146, 116
Trd, 8639109.779, 111
Trd, 8639110.646, 97
Trd, 8639110.979, 100
Trd, 8639111.146, 81
Trd, 8639111.412, 119
Trd, 8639111.746, 129
Trd, 8639112.012, 131
Trd, 8639113.046, 107
Trd, 8639113.212, 105
Trd, 8639114.212, 96
Trd, 8639114.612, 128
Trd, 8639115.179, 93
Trd, 8639115.579, 127
Trd, 8639115.979, 127
Trd, 8639116.046, 93
Trd, 8639116.679, 91
Trd, 8639116.779, 96
Trd, 8639116.912, 97
Trd, 8639117.112, 98
Trd, 8639117.746, 99
Trd, 8639117.846, 86
Trd, 8639119.879, 140
Trd, 8639120.179, 139
Trd, 8639121.079, 138
Trd, 8639121.546, 132
Trd, 8639121.646, 119
Trd, 8639122.279, 119
Trd, 8639122.512, 119
Trd, 8639122.712, 136
Trd, 8639123.446, 137
Trd, 8639123.512, 116
Trd, 8639124.412, 124
Trd, 8639124.746, 138
Trd, 8639124.979, 120
Trd, 8639126.546, 129
Trd, 8639126.879, 128
Trd, 8639127.179, 127
Trd, 8639127.646, 127
Trd, 8639127.779, 126
Trd, 8639127.812, 115
Trd, 8639128.179, 107
Trd, 8639128.346, 127
Trd, 8639128.712, 106
Trd, 8639128.846, 78
Trd, 8639128.912, 77
Trd, 8639130.212, 97
Trd, 8639130.279, 96
Trd, 8639131.346, 61
Trd, 8639131.512, 62
Trd, 8639132.646, 60
Trd, 8639132.746, 122
Trd, 8639132.812, 123
Trd, 8639133.046, 115
Trd, 8639134.412, 104
Trd, 8639134.546, 100
Trd, 8639134.979, 105
Trd, 8639135.612, 68
Trd, 8639135.712, 76
Trd, 8639136.146, 126
Trd, 8639136.546, 91
Trd, 8639137.879, 91
Trd, 8639138.212, 90
Trd, 8639139.112, 94
Trd, 8639139.146, 96
Trd, 8639139.546, 91
Trd, 8639139.812, 90
Trd, 8639140.446, 112
Trd, 8639140.512, 90
Trd, 8639140.612, 89
Trd, 8639141.312, 108
Trd, 8639141.879, 88
Trd, 8639142.012, 86
Trd, 8639142.979, 107
Trd, 8639143.279, 110
Trd, 8639144.079, 134
Trd, 8639144.312, 133
Trd, 8639145.279, 104
Trd, 8639145.979, 134
Trd, 8639146.246, 138
Trd, 8639146.612, 100
Trd, 8639147.046, 98
Trd, 8639147.146, 95
Trd, 8639147.179, 101
Trd, 8639147.246, 85
Trd, 8639147.679, 101
Trd, 8639148.412, 82
Trd, 8639148.846, 99
Trd, 8639150.646, 107
Trd, 8639150.879, 108
Trd, 8639150.979, 106
Trd, 8639151.079, 105
Trd, 8639151.579, 140
Trd, 8639152.712, 140
Trd, 8639153.579, 140
Trd, 8639153.979, 139
Trd, 8639154.146, 133
Trd, 8639154.579, 119
Trd, 8639154.912, 114
Trd, 8639156.579, 140
Trd, 8639156.712, 140
Trd, 8639158.112, 140
Trd, 8639158.312, 139
Trd, 8639158.712, 135
Trd, 8639160.146, 140
Trd, 8639160.379, 127
Trd, 8639160.812, 127
Trd, 8639161.012, 128
Trd, 8639161.079, 120
Trd, 8639161.679, 115
Trd, 8639161.846, 107
Trd, 8639162.079, 103
Trd, 8639162.546, 132
Trd, 8639162.912, 90
Trd, 8639164.346, 102
Trd, 8639164.679, 98
Trd, 8639164.912, 97
Trd, 8639165.279, 96
Trd, 8639165.579, 129
Trd, 8639166.646, 131
Trd, 8639167.446, 140
Trd, 8639167.512, 102
Trd, 8639167.779, 101
Trd, 8639169.646, 139
Trd, 8639170.012, 138
Trd, 8639170.546, 129
Trd, 8639170.712, 123
Trd, 8639171.446, 140
Trd, 8639171.979, 140
Trd, 8639172.046, 139
Trd, 8639172.246, 125
Trd, 8639172.412, 122
Trd, 8639173.079, 136
Trd, 8639173.246, 91
Trd, 8639173.846, 90
Trd, 8639175.279, 119
Trd, 8639175.846, 111
Trd, 8639175.979, 118
Trd, 8639176.312, 122
Trd, 8639177.312, 104
Trd, 8639177.779, 98
Trd, 8639178.912, 140
Trd, 8639179.446, 128
Trd, 8639180.512, 128
Trd, 8639181.112, 140
Trd, 8639181.512, 140
Trd, 8639182.812, 140
Trd, 8639183.112, 125
Trd, 8639183.412, 139
Trd, 8639183.879, 122
Trd, 8639184.779, 134
Trd, 8639185.212, 133
Trd, 8639185.412, 119
Trd, 8639186.446, 116
Trd, 8639186.979, 113
Trd, 8639187.446, 132
Trd, 8639187.479, 110
Trd, 8639187.646, 108
Trd, 8639188.446, 95
Trd, 8639188.579, 113
Trd, 8639188.746, 117
Trd, 8639189.246, 127
Trd, 8639189.346, 105
Trd, 8639189.579, 92
Trd, 8639191.546, 140
Trd, 8639191.879, 140
Trd, 8639193.179, 140
Trd, 8639193.212, 140
Trd, 8639194.412, 140
Trd, 8639195.212, 140
Trd, 8639195.779, 136
Trd, 8639196.446, 139
Trd, 8639196.612, 135
Trd, 8639197.012, 130
Trd, 8639197.679, 124
Trd, 8639198.012, 138
Trd, 8639198.712, 104
Trd, 8639199.246, 104
Trd, 8639199.879, 137
Trd, 8639201.079, 120
Trd, 8639201.446, 118
Trd, 8639202.046, 133
Trd, 8639202.312, 114
Trd, 8639202.446, 112
Trd, 8639202.679, 110
Trd, 8639202.779, 108
Trd, 8639202.812, 98
Trd, 8639203.412, 132
Trd, 8639204.312, 128
Trd, 8639206.079, 129
Trd, 8639206.179, 128
Trd, 8639207.446, 123
Trd, 8639207.912, 125
Trd, 8639208.012, 122
Trd, 8639208.079, 118
Trd, 8639208.346, 110
Trd, 8639208.512, 106
Trd, 8639208.879, 125
Trd, 8639209.012, 97
Trd, 8639209.446, 101
Trd, 8639209.546, 126
Trd, 8639209.746, 114
Trd, 8639210.212, 136
Trd, 8639210.679, 139
Trd, 8639211.279, 140
Trd, 8639211.846, 133
Trd, 8639212.646, 128
Trd, 8639213.446, 140
Trd, 8639214.079, 123
Trd, 8639214.346, 108
Trd, 8639214.512, 107
Trd, 8639215.046, 140
Trd, 8639215.679, 103
Trd, 8639216.046, 102
Trd, 8639216.379, 140
Trd, 8639216.812, 116
Trd, 8639217.412, 118
Trd, 8639217.446, 114
Trd, 8639218.912, 134
Trd, 8639220.412, 113
Trd, 8639221.112, 105
Trd, 8639221.146, 124
Trd, 8639221.846, 121
Trd, 8639221.946, 87
Trd, 8639222.212, 105
Trd, 8639222.279, 94
Trd, 8639223.112, 112
Trd, 8639223.412, 107
Trd, 8639223.579, 124
Trd, 8639224.746, 93
Trd, 8639226.079, 113
Trd, 8639227.412, 91
Trd, 8639227.479, 81
Trd, 8639227.846, 109
Trd, 8639227.912, 110
Trd, 8639228.079, 73
Trd, 8639228.712, 112
Trd, 8639228.946, 139
Trd, 8639229.512, 84
Trd, 8639229.679, 86
Trd, 8639229.779, 73
Trd, 8639232.579, 140
Trd, 8639233.312, 140
Trd, 8639233.412, 140
Trd, 8639233.546, 140
Trd, 8639233.779, 140
Trd, 8639234.079, 139
Trd, 8639234.612, 133
Trd, 8639235.279, 103
Trd, 8639236.646, 130
Trd, 8639237.079, 137
Trd, 8639237.179, 127
Trd, 8639237.446, 138
Trd, 8639237.546, 134
Trd, 8639238.046, 117
Trd, 8639238.612, 105
Trd, 8639240.112, 111
Trd, 8639240.179, 109
Trd, 8639240.346, 114
Trd, 8639241.412, 99
Trd, 8639242.579, 116
Trd, 8639243.312, 126
Trd, 8639243.712, 139
Trd, 8639244.012, 134
Trd, 8639244.079, 133
Trd, 8639245.112, 136
Trd, 8639245.412, 138
Trd, 8639245.446, 134
Trd, 8639245.846, 138
Trd, 8639246.279, 134
Trd, 8639246.912, 138
Trd, 8639248.779, 140
Trd, 8639248.979, 140
Trd, 8639249.712, 140
Trd, 8639249.879, 140
Trd, 8639250.612, 113
Trd, 8639251.246, 112
Trd, 8639251.412, 110
Trd, 8639251.546, 135
Trd, 8639251.646, 105
Trd, 8639252.679, 90
Trd, 8639253.279, 117
Trd, 8639253.312, 103
Trd, 8639253.646, 128
Trd, 8639254.746, 112
Trd, 8639255.512, 115
Trd, 8639255.746, 116
Trd, 8639256.012, 104
Trd, 8639256.379, 105
Trd, 8639257.212, 91
Trd, 8639257.279, 89
Trd, 8639257.312, 89
Trd, 8639257.546, 114
Trd, 8639258.212, 114
Trd, 8639259.312, 114
Trd, 8639259.512, 114
Trd, 8639259.646, 105
Trd, 8639260.812, 140
Trd, 8639261.379, 140
Trd, 8639261.646, 140
Trd, 8639262.779, 136
Trd, 8639263.746, 121
Trd, 8639264.212, 121
Trd, 8639265.079, 118
Trd, 8639265.946, 140
Trd, 8639266.212, 113
Trd, 8639266.746, 140
Trd, 8639267.079, 116
Trd, 8639267.612, 114
Trd, 8639268.746, 135
Trd, 8639269.079, 138
Trd, 8639269.579, 121
Trd, 8639270.146, 117
Trd, 8639270.646, 112
Trd, 8639271.346, 112
Trd, 8639271.379, 109
Trd, 8639271.612, 100
Trd, 8639272.412, 88
Trd, 8639273.012, 88
Trd, 8639273.379, 124
Trd, 8639273.879, 125
Trd, 8639275.179, 140
Trd, 8639275.312, 140
Trd, 8639275.712, 133
Trd, 8639276.412, 139
Trd, 8639276.746, 133
Trd, 8639277.046, 109
Trd, 8639278.546, 105
Trd, 8639278.679, 103
Trd, 8639278.979, 84
Trd, 8639279.346, 105
Trd, 8639279.479, 131
Trd, 8639279.979, 110
Trd, 8639280.446, 117
Trd, 8639281.079, 114
Trd, 8639281.512, 126
Trd, 8639281.746, 125
Trd, 8639282.079, 124
Trd, 8639282.412, 95
Trd, 8639282.979, 96
Trd, 8639283.079, 81
Trd, 8639283.712, 79
Trd, 8639283.779, 94
Trd, 8639284.679, 70
Trd, 8639285.279, 71
Trd, 8639285.612, 68
Trd, 8639285.812, 91
Trd, 8639285.879, 95
Trd, 8639288.646, 89
Trd, 8639289.412, 120
Trd, 8639289.679, 102
Trd, 8639289.746, 92
Trd, 8639290.212, 112
Trd, 8639290.379, 91
Trd, 8639290.446, 90
Trd, 8639290.546, 113
Trd, 8639290.746, 120
Trd, 8639290.946, 89
Trd, 8639291.279, 88
Trd, 8639291.979, 73
Trd, 8639292.046, 64
Trd, 8639292.446, 68
Trd, 8639292.612, 68
Trd, 8639293.446, 78
Trd, 8639293.846, 78
Trd, 8639294.112, 73
Trd, 8639295.412, 77
Trd, 8639295.646, 80
Trd, 8639296.346, 96
Trd, 8639297.679, 122
Trd, 8639297.779, 112
Trd, 8639297.879, 125
Trd, 8639298.446, 126
Trd, 8639298.979, 122
Trd, 8639299.179, 111
Trd, 8639299.446, 129
Trd, 8639299.979, 139
Trd, 8639300.046, 126
Trd, 8639300.212, 112
Trd, 8639301.279, 140
Trd, 8639301.512, 139
Trd, 8639302.479, 140
Trd, 8639302.879, 138
Trd, 8639302.979, 134
Trd, 8639304.346, 122
Trd, 8639304.746, 118
Trd, 8639305.279, 130
Trd, 8639305.679, 116
Trd, 8639306.046, 115
Trd, 8639306.179, 124
Trd, 8639306.446, 122
Trd, 8639307.046, 114
Trd, 8639307.212, 93
Trd, 8639307.712, 121
Trd, 8639308.346, 96
Trd, 8639309.612, 140
Trd, 8639309.846, 140
Trd, 8639311.212, 138
Trd, 8639311.712, 137
Trd, 8639312.646, 127
Trd, 8639312.679, 122
Trd, 8639313.612, 138
Trd, 8639313.779, 137
Trd, 8639313.812, 127
Trd, 8639314.546, 107
Trd, 8639314.646, 86
Trd, 8639314.746, 136
Trd, 8639315.212, 111
Trd, 8639315.946, 136
Trd, 8639316.979, 88
Trd, 8639317.279, 89
Trd, 8639317.446, 86
Trd, 8639318.479, 73
Trd, 8639318.979, 71
Trd, 8639319.179, 70
Trd, 8639319.479, 70
Trd, 8639319.512, 74
Trd, 8639319.812, 73
Trd, 8639320.612, 108
Trd, 8639320.779, 71
Trd, 8639320.812, 125
Trd, 8639321.179, 97
Trd, 8639321.879, 138
Trd, 8639322.712, 100
Trd, 8639322.846, 92
Trd, 8639323.379, 72
Trd, 8639323.879, 122
Trd, 8639325.112, 140
Trd, 8639325.246, 140
Trd, 8639325.712, 134
Trd, 8639326.146, 133
Trd, 8639327.312, 140
Trd, 8639329.479, 140
Trd, 8639329.579, 140
Trd, 8639329.612, 140
Trd, 8639329.746, 140
Trd, 8639329.879, 135
Trd, 8639330.046, 136
Trd, 8639330.512, 128
Trd, 8639331.012, 121
Trd, 8639331.112, 131
Trd, 8639331.279, 85
Trd, 8639331.412, 128
Trd, 8639331.479, 132
Trd, 8639331.646, 113
Trd, 8639333.646, 115
Trd, 8639333.779, 93
Trd, 8639334.379, 116
Trd, 8639334.612, 117
Trd, 8639334.879, 117
Trd, 8639335.079, 116
Trd, 8639335.746, 140
Trd, 8639335.946, 137
Trd, 8639336.079, 122
Trd, 8639336.446, 79
Trd, 8639338.412, 137
Trd, 8639339.379, 135
Trd, 8639339.479, 134
Trd, 8639339.946, 134
Trd, 8639339.979, 133
Trd, 8639340.146, 130
Trd, 8639340.846, 140
Trd, 8639341.779, 140
Trd, 8639342.146, 140
Trd, 8639342.212, 123
Trd, 8639342.479, 117
Trd, 8639342.646, 113
Trd, 8639343.012, 139
Trd, 8639343.912, 138
Trd, 8639344.179, 133
Trd, 8639344.512, 126
Trd, 8639344.746, 121
Trd, 8639345.046, 120
Trd, 8639346.446, 122
Trd, 8639347.446, 118
Trd, 8639348.146, 116
Trd, 8639348.379, 84
Trd, 8639348.679, 82
Trd, 8639348.946, 70
Trd, 8639349.346, 93
Trd, 8639349.379, 120
Trd, 8639350.446, 119
Trd, 8639350.879, 120
Trd, 8639351.046, 103
Trd, 8639352.012, 118
Trd, 8639352.679, 101
Trd, 8639352.779, 119
Trd, 8639353.779, 100
Trd, 8639354.012, 97
Trd, 8639354.412, 92
Trd, 8639354.679, 114
Trd, 8639354.946, 117
Trd, 8639355.079, 115
Trd, 8639356.146, 95
Trd, 8639356.179, 93
Trd, 8639357.579, 119
Trd, 8639357.612, 96
Trd, 8639358.179, 120
Trd, 8639358.512, 97
Trd, 8639358.679, 91
Trd, 8639359.512, 138
Trd, 8639360.646, 138
Trd, 8639361.412, 137
Trd, 8639362.012, 135
Trd, 8639362.079, 123
Trd, 8639362.112, 136
Trd, 8639362.712, 137
Trd, 8639362.979, 119
Trd, 8639363.479, 114
Trd, 8639363.512, 89
Trd, 8639363.779, 68
Trd, 8639364.546, 66
Trd, 8639364.779, 111
Trd, 8639365.212, 62
Trd, 8639366.212, 140
Trd, 8639367.612, 140
Trd, 8639368.912, 140
Trd, 8639369.212, 140
Trd, 8639369.879, 140
Trd, 8639372.212, 140
Trd, 8639372.412, 140
Trd, 8639372.846, 140
Trd, 8639373.779, 137
Trd, 8639375.612, 138
Trd, 8639375.712, 137
Trd, 8639375.846, 139
Trd, 8639376.246, 133
Trd, 8639376.812, 119
Trd, 8639377.546, 137
Trd, 8639378.446, 138
Trd, 8639378.546, 137
Trd, 8639378.812, 133
Trd, 8639378.946, 127
Trd, 8639379.746, 125
Trd, 8639379.812, 124
Trd, 8639380.279, 121
Trd, 8639381.779, 121
Trd, 8639381.812, 116
Trd, 8639382.112, 113
Trd, 8639382.412, 132
Trd, 8639383.846, 95
Trd, 8639383.946, 94
Trd, 8639384.046, 122
Trd, 8639384.112, 87
Trd, 8639384.746, 130
Trd, 8639385.379, 107
Trd, 8639385.879, 128
Trd, 8639386.646, 108
Trd, 8639387.412, 126
Trd, 8639387.512, 109
Trd, 8639387.812, 105
Trd, 8639387.879, 104
Trd, 8639389.546, 140
Trd, 8639390.079, 136
Trd, 8639390.146, 132
Trd, 8639392.479, 140
Trd, 8639394.379, 140
Trd, 8639394.446, 140
Trd, 8639394.812, 139
Trd, 8639395.712, 138
Trd, 8639396.646, 137
Trd, 8639397.379, 140
Trd, 8639398.646, 136
Trd, 8639398.679, 134
Trd, 8639399.446, 134
Trd, 8639399.512, 130
Trd, 8639399.579, 128
Trd, 8639399.612, 127
Trd, 8639399.746, 137
Trd, 8639400.579, 106
Trd, 8639400.879, 135
Trd, 8639402.379, 139
Trd, 8639402.746, 118
Trd, 8639403.112, 113
Trd, 8639404.046, 137
Trd, 8639404.579, 119
Trd, 8639405.046, 140
Trd, 8639407.412, 140
Trd, 8639408.912, 140
Trd, 8639409.112, 139
Trd, 8639409.146, 140
Trd, 8639409.379, 136
Trd, 8639409.679, 135
Trd, 8639409.946, 131
Trd, 8639410.146, 130
Trd, 8639410.279, 114
Trd, 8639410.412, 109
Trd, 8639410.612, 140
Trd, 8639411.379, 140
Trd, 8639413.279, 139
Trd, 8639413.912, 138
Trd, 8639414.112, 99
Trd, 8639414.846, 78
Trd, 8639415.646, 138
Trd, 8639417.112, 110
Trd, 8639417.579, 125
Trd, 8639418.312, 124
Trd, 8639418.446, 122
Trd, 8639420.012, 138
Trd, 8639420.246, 138
Trd, 8639420.412, 119
Trd, 8639420.946, 133
Trd, 8639421.479, 119
Trd, 8639423.112, 140
Trd, 8639423.412, 139
Trd, 8639424.212, 136
Trd, 8639424.746, 116
Trd, 8639425.446, 135
Trd, 8639426.679, 140
Trd, 8639426.812, 139
Trd, 8639426.979, 138
Trd, 8639427.246, 139
Trd, 8639429.179, 129
Trd, 8639429.212, 123
Trd, 8639429.779, 132
Trd, 8639429.979, 133
Trd, 8639430.212, 121
Trd, 8639431.379, 122
Trd, 8639432.046, 102
Trd, 8639432.079, 101
Trd, 8639432.579, 127
Trd, 8639434.612, 109
Trd, 8639434.646, 106
Trd, 8639435.712, 117
Trd, 8639435.946, 111
Trd, 8639436.512, 116
Trd, 8639436.679, 103
Trd, 8639436.979, 95
Trd, 8639437.712, 118
Trd, 8639438.546, 119
Trd, 8639438.612, 106
Trd, 8639439.046, 104
Trd, 8639439.879, 104
Trd, 8639440.746, 102
Trd, 8639441.046, 127
Trd, 8639441.079, 128
Trd, 8639442.379, 125
Trd, 8639442.979, 123
Trd, 8639443.612, 118
Trd, 8639444.012, 121
Trd, 8639444.079, 128
Trd, 8639444.979, 140
Trd, 8639445.179, 111
Trd, 8639445.646, 112
Trd, 8639446.246, 111
Trd, 8639447.112, 137
Trd, 8639447.346, 140
Trd, 8639448.512, 139
Trd, 8639448.812, 126
Trd, 8639448.946, 140
Trd, 8639448.979, 113
Trd, 8639450.446, 140
Trd, 8639450.846, 139
Trd, 8639451.112, 138
Trd, 8639452.846, 140
Trd, 8639453.412, 140
Trd, 8639453.579, 140
Trd, 8639454.179, 135
Trd, 8639454.412, 136
Trd, 8639454.612, 134
Trd, 8639455.112, 133
Trd, 8639455.612, 134
Trd, 8639455.679, 129
Trd, 8639455.912, 124
Trd, 8639456.046, 122
Trd, 8639456.512, 110
Trd, 8639457.012, 127
Trd, 8639457.112, 104
Trd, 8639457.246, 129
Trd, 8639458.446, 140
Trd, 8639459.846, 140
Trd, 8639459.912, 135
Trd, 8639461.446, 140
Trd, 8639461.579, 140
Trd, 8639462.112, 140
Trd, 8639462.279, 118
Trd, 8639462.312, 115
Trd, 8639462.912, 112
Trd, 8639463.046, 110
Trd, 8639464.712, 112
Trd, 8639465.046, 105
Trd, 8639465.179, 115
Trd, 8639465.379, 114
Trd, 8639465.779, 123
Trd, 8639465.912, 129
Trd, 8639466.679, 116
Trd, 8639466.746, 115
Trd, 8639467.512, 138
Trd, 8639467.579, 111
Trd, 8639468.546, 112
Trd, 8639469.379, 139
Trd, 8639470.512, 112
Trd, 8639470.646, 97
Trd, 8639470.846, 78
Trd, 8639471.879, 83
Trd, 8639471.946, 104
Trd, 8639473.746, 140
Trd, 8639474.079, 140
Trd, 8639474.312, 140
Trd, 8639474.646, 138
Trd, 8639474.846, 136
Trd, 8639476.246, 137
Trd, 8639476.479, 128
Trd, 8639477.212, 134
Trd, 8639477.546, 114
Trd, 8639477.812, 124
Trd, 8639477.879, 113
Trd, 8639478.946, 140
Trd, 8639479.512, 120
Trd, 8639480.012, 124
Trd, 8639481.412, 116
Trd, 8639482.079, 134
Trd, 8639482.146, 135
Trd, 8639482.212, 114
Trd, 8639483.512, 112
Trd, 8639483.579, 111
Trd, 8639484.146, 126
Trd, 8639484.512, 122
Trd, 8639487.279, 115
Trd, 8639487.546, 116
Trd, 8639488.112, 112
Trd, 8639488.179, 117
Trd, 8639488.512, 111
Trd, 8639488.612, 117
Trd, 8639489.846, 114
Trd, 8639490.212, 111
Trd, 8639490.312, 110
Trd, 8639490.346, 107
Trd, 8639490.379, 114
Trd, 8639490.879, 113
Trd, 8639491.812, 110
Trd, 8639492.079, 140
Trd, 8639492.846, 105
Trd, 8639493.579, 137
Trd, 8639494.512, 127
Trd, 8639494.612, 119
Trd, 8639495.279, 109
Trd, 8639495.479, 109
Trd, 8639495.979, 118
Trd, 8639497.979, 140
Trd, 8639498.112, 136
Trd, 8639498.512, 135
Trd, 8639498.846, 138
Trd, 8639500.046, 140
Trd, 8639500.379, 135
Trd, 8639500.812, 131
Trd, 8639501.612, 122
Trd, 8639502.579, 123
Trd, 8639503.479, 140
Trd, 8639503.746, 140
Trd, 8639504.079, 118
Trd, 8639505.446, 110
Trd, 8639505.512, 106
Trd, 8639505.679, 88
Trd, 8639506.179, 83
Trd, 8639506.612, 129
Trd, 8639506.679, 130
Trd, 8639507.946, 105
Trd, 8639508.412, 91
Trd, 8639509.012, 113
Trd, 8639509.812, 140
Trd, 8639509.912, 139
Trd, 8639510.979, 138
Trd, 8639512.512, 139
Trd, 8639512.779, 131
Trd, 8639514.579, 140
Trd, 8639514.812, 140
Trd, 8639516.279, 140
Trd, 8639517.012, 140
Trd, 8639517.312, 140
Trd, 8639517.679, 140
Trd, 8639517.779, 137
Trd, 8639518.079, 133
Trd, 8639518.812, 140
Trd, 8639519.646, 123
Trd, 8639519.879, 110
Trd, 8639520.046, 125
Trd, 8639520.379, 107
Trd, 8639520.979, 82
Trd, 8639521.279, 82
Trd, 8639522.346, 76
Trd, 8639522.379, 124
Trd, 8639522.579, 127
Trd, 8639522.679, 68
Trd, 8639523.446, 117
Trd, 8639525.579, 140
Trd, 8639526.079, 128
Trd, 8639526.312, 122
Trd, 8639526.812, 121
Trd, 8639526.946, 118
Trd, 8639527.179, 123
Trd, 8639529.079, 125
Trd, 8639529.179, 118
Trd, 8639529.646, 107
Trd, 8639529.679, 106
Trd, 8639529.912, 89
Trd, 8639530.346, 78
Trd, 8639530.479, 74
Trd, 8639530.979, 136
Trd, 8639531.512, 137
Trd, 8639531.979, 110
Trd, 8639532.479, 113
Trd, 8639532.846, 138
Trd, 8639533.646, 139
Trd, 8639534.412, 108
Trd, 8639535.012, 140
Trd, 8639536.012, 139
Trd, 8639537.012, 140
Trd, 8639538.012, 140
Trd, 8639538.312, 140
Trd, 8639538.479, 140
Trd, 8639538.779, 133
Trd, 8639539.179, 132
Trd, 8639539.412, 128
Trd, 8639540.012, 139
Trd, 8639540.412, 132
Trd, 8639540.679, 132
Trd, 8639541.612, 134
Trd, 8639542.912, 132
Trd, 8639543.246, 119
Trd, 8639543.379, 129
Trd, 8639543.446, 108
Trd, 8639543.812, 111
Trd, 8639543.846, 115
Trd, 8639544.079, 102
Trd, 8639544.379, 104
Trd, 8639544.712, 66
Trd, 8639544.912, 76
Trd, 8639547.212, 102
Trd, 8639547.946, 92
Trd, 8639548.046, 80
Trd, 8639548.146, 79
Trd, 8639548.379, 92
Trd, 8639548.479, 93
Trd, 8639548.746, 87
Trd, 8639549.079, 84
Trd, 8639550.246, 67
Trd, 8639550.879, 67
Trd, 8639551.146, 80
Trd, 8639551.212, 81
Trd, 8639551.279, 101
Trd, 8639551.779, 68
Trd, 8639552.512, 78
Trd, 8639552.946, 94
Trd, 8639554.012, 140
Trd, 8639554.612, 140
Trd, 8639555.612, 137
Trd, 8639555.946, 127
Trd, 8639556.746, 140
Trd, 8639557.612, 140
Trd, 8639557.846, 139
Trd, 8639557.979, 135
Trd, 8639558.612, 139
Trd, 8639559.279, 130
Trd, 8639559.412, 130
Trd, 8639559.512, 124
Trd, 8639559.679, 119
Trd, 8639560.846, 117
Trd, 8639560.979, 118
Trd, 8639561.012, 101
Trd, 8639561.146, 98
Trd, 8639562.846, 137
Trd, 8639563.612, 139
Trd, 8639563.812, 110
Trd, 8639564.046, 109
Trd, 8639564.779, 140
Trd, 8639565.379, 140
Trd, 8639565.412, 133
Trd, 8639565.546, 132
Trd, 8639566.679, 139
Trd, 8639567.912, 140
Trd, 8639568.012, 139
Trd, 8639568.379, 135
Trd, 8639568.779, 131
Trd, 8639569.212, 140
Trd, 8639570.146, 140
Trd, 8639570.379, 134
Trd, 8639570.879, 139
Trd, 8639571.212, 132
Trd, 8639571.646, 136
Trd, 8639572.279, 121
Trd, 8639573.712, 121
Trd, 8639573.779, 119
Trd, 8639574.012, 128
Trd, 8639574.146, 117
Trd, 8639574.179, 115
Trd, 8639574.512, 119
Trd, 8639574.679, 127
Trd, 8639574.779, 100
Trd, 8639575.946, 112
Trd, 8639575.979, 111
Trd, 8639576.479, 106
Trd, 8639578.012, 114
Trd, 8639578.346, 109
Trd, 8639578.412, 109
Trd, 8639578.912, 115
Trd, 8639579.112, 107
Trd, 8639579.812, 112
Trd, 8639580.346, 113
Trd, 8639580.446, 103
Trd, 8639581.212, 84
Trd, 8639581.279, 115
Trd, 8639581.379, 118
Trd, 8639581.512, 73
Trd, 8639582.546, 140
Trd, 8639583.846, 140
Trd, 8639584.379, 140
Trd, 8639584.612, 140
Trd, 8639584.846, 138
Trd, 8639586.012, 131
Trd, 8639586.779, 130
Trd, 8639586.879, 127
Trd, 8639587.946, 140
Trd, 8639588.512, 133
Trd, 8639589.079, 140
Trd, 8639589.179, 119
Trd, 8639589.979, 137
Trd, 8639590.112, 140
Trd, 8639590.812, 117
Trd, 8639590.879, 114
Trd, 8639591.512, 113
Trd, 8639591.679, 110
Trd, 8639592.346, 111
Trd, 8639592.779, 112
Trd, 8639593.446, 103
Trd, 8639593.846, 103
Trd, 8639594.279, 140
Trd, 8639595.179, 139
Trd, 8639596.012, 139
Trd, 8639596.112, 133
Trd, 8639596.212, 116
Trd, 8639598.546, 140
Trd, 8639599.246, 140
Trd, 8639600.212, 140
Trd, 8639601.212, 140
Trd, 8639602.946, 140
Trd, 8639603.079, 140
Trd, 8639603.312, 138
Trd, 8639603.412, 138
Trd, 8639603.846, 133
Trd, 8639605.046, 131
Trd, 8639605.179, 125
Trd, 8639605.412, 106
Trd, 8639605.746, 111
Trd, 8639606.546, 128
Trd, 8639607.446, 130
Trd, 8639608.146, 129
Trd, 8639608.546, 128
Trd, 8639608.679, 108
Trd, 8639608.979, 106
Trd, 8639609.079, 128
Trd, 8639609.412, 101
Trd, 8639609.579, 92
Trd, 8639610.146, 127
Trd, 8639610.312, 125
Trd, 8639611.679, 124
Trd, 8639612.479, 140
Trd, 8639612.579, 123
Trd, 8639613.312, 139
Trd, 8639614.712, 136
Trd, 8639615.012, 131
Trd, 8639615.146, 119
Trd, 8639615.646, 133
Trd, 8639615.979, 134
Trd, 8639616.612, 109
Trd, 8639616.712, 116
Trd, 8639617.779, 130
Trd, 8639618.479, 104
Trd, 8639618.646, 130
Trd, 8639618.946, 102
Trd, 8639619.546, 107
Trd, 8639619.612, 103
Trd, 8639620.312, 133
Trd, 8639620.646, 132
Trd, 8639621.012, 132
Trd, 8639623.246, 140
Trd, 8639623.712, 110
Trd, 8639624.112, 135
Trd, 8639624.512, 135
Trd, 8639624.779, 134
Trd, 8639624.979, 107
Trd, 8639626.412, 99
Trd, 8639626.546, 90
Trd, 8639626.579, 100
Trd, 8639627.779, 128
Trd, 8639628.079, 121
Trd, 8639628.379, 96
Trd, 8639628.412, 93
Trd, 8639628.779, 91
Trd, 8639630.079, 138
Trd, 8639630.212, 138
Trd, 8639630.579, 140
Trd, 8639631.046, 139
Trd, 8639631.346, 133
Trd, 8639632.012, 75
Trd, 8639632.279, 61
Trd, 8639634.312, 78
Trd, 8639634.679, 77
Trd, 8639634.712, 76
Trd, 8639635.479, 130
Trd, 8639635.646, 111
Trd, 8639636.412, 125
Trd, 8639636.579, 124
Trd, 8639637.412, 120
Trd, 8639637.512, 120
Trd, 8639637.646, 116
Trd, 8639638.412, 140
Trd, 8639639.546, 108
Trd, 8639640.346, 107
Trd, 8639640.446, 121
Trd, 8639641.546, 119
Trd, 8639641.812, 85
Trd, 8639642.012, 119
Trd, 8639642.179, 120
Trd, 8639642.646, 75
Trd, 8639642.712, 71
Trd, 8639643.679, 140
Trd, 8639644.579, 140
Trd, 8639644.946, 135
Trd, 8639645.179, 129
Trd, 8639645.479, 112
Trd, 8639647.246, 140
Trd, 8639648.012, 140
Trd, 8639648.512, 139
Trd, 8639649.779, 139
Trd, 8639650.312, 139
Trd, 8639650.379, 138
Trd, 8639651.079, 140
Trd, 8639651.212, 139
Trd, 8639651.312, 135
Trd, 8639651.746, 132
Trd, 8639652.146, 139
Trd, 8639652.912, 110
Trd, 8639654.246, 138
Trd, 8639655.079, 140
Trd, 8639655.179, 140
Trd, 8639656.346, 140
Trd, 8639656.779, 135
Trd, 8639657.512, 132
Trd, 8639658.079, 133
Trd, 8639658.112, 126
Trd, 8639658.246, 139
Trd, 8639659.379, 120
Trd, 8639659.746, 75
Trd, 8639659.812, 79
Trd, 8639660.546, 109
Trd, 8639660.812, 130
Trd, 8639661.346, 131
Trd, 8639661.379, 108
Trd, 8639661.446, 102
Trd, 8639661.879, 90
Trd, 8639662.012, 131
Trd, 8639662.912, 117
Trd, 8639662.979, 99
Trd, 8639664.146, 126
Trd, 8639664.879, 113
Trd, 8639665.146, 120
Trd, 8639666.379, 125
Trd, 8639667.279, 140
Trd, 8639667.346, 140
Trd, 8639667.712, 114
Trd, 8639668.679, 140
Trd, 8639669.512, 138
Trd, 8639670.046, 138
Trd, 8639671.279, 135
Trd, 8639671.379, 127
Trd, 8639671.579, 127
Trd, 8639672.479, 99
Trd, 8639672.646, 98
Trd, 8639672.712, 96
Trd, 8639673.346, 98
Trd, 8639673.979, 123
Trd, 8639674.212, 126
Trd, 8639674.279, 97
Trd, 8639675.512, 101
Trd, 8639675.979, 107
Trd, 8639676.512, 108
Trd, 8639676.846, 110
Trd, 8639677.012, 92
Trd, 8639677.746, 137
Trd, 8639679.146, 137
Trd, 8639679.346, 131
Trd, 8639679.646, 139
Trd, 8639680.012, 93
Trd, 8639680.212, 102
Trd, 8639680.546, 139
Trd, 8639681.812, 140
Trd, 8639683.179, 140
Trd, 8639683.946, 140
Trd, 8639683.979, 140
Trd, 8639684.046, 140
Trd, 8639684.146, 139
Trd, 8639684.846, 135
Trd, 8639685.079, 133
Trd, 8639685.312, 121
Trd, 8639685.612, 137
Trd, 8639686.046, 110
Trd, 8639686.846, 97
Trd, 8639686.879, 95
Trd, 8639687.512, 137
Trd, 8639688.212, 139
Trd, 8639688.579, 138
Trd, 8639688.912, 132
Trd, 8639689.046, 128
Trd, 8639689.579, 140
Trd, 8639689.712, 121
Trd, 8639690.412, 114
Trd, 8639690.546, 97
Trd, 8639691.179, 140
Trd, 8639691.279, 135
Trd, 8639692.012, 90
Trd, 8639692.112, 90
Trd, 8639692.579, 132
Trd, 8639693.546, 140
Trd, 8639694.846, 139
Trd, 8639695.379, 122
Trd, 8639695.512, 117
Trd, 8639695.612, 103
Trd, 8639695.879, 136
Trd, 8639697.012, 128
Trd, 8639697.512, 130
Trd, 8639697.612, 108
Trd, 8639698.046, 112
Trd, 8639698.779, 91
Trd, 8639699.379, 95
Trd, 8639700.412, 95
Trd, 8639700.446, 127
Trd, 8639700.912, 133
Trd, 8639701.246, 123
Trd, 8639701.912, 140
Trd, 8639702.812, 139
Trd, 8639703.446, 140
Trd, 8639704.079, 132
Trd, 8639704.112, 130
Trd, 8639704.346, 122
Trd, 8639704.679, 107
Trd, 8639705.012, 106
Trd, 8639705.446, 131
Trd, 8639706.346, 126
Trd, 8639706.879, 107
Trd, 8639707.412, 127
Trd, 8639707.846, 112
Trd, 8639708.379, 124
Trd, 8639708.612, 121
Trd, 8639708.712, 119
Trd, 8639708.779, 117
Trd, 8639709.712, 123
Trd, 8639709.846, 128
Trd, 8639711.179, 111
Trd, 8639711.779, 118
Trd, 8639712.012, 119
Trd, 8639712.912, 128
Trd, 8639712.979, 127
Trd, 8639713.979, 125
Trd, 8639714.212, 140
Trd, 8639714.312, 117
Trd, 8639714.646, 115
Trd, 8639715.246, 140
Trd, 8639716.146, 113
Trd, 8639716.779, 139
Trd, 8639716.879, 110
Trd, 8639717.479, 128
Trd, 8639718.946, 139
Trd, 8639720.479, 136
Trd, 8639720.912, 139
Trd, 8639720.979, 138
Trd, 8639721.446, 140
Trd, 8639721.546, 140
Trd, 8639721.579, 132
Trd, 8639722.179, 122
Trd, 8639722.312, 95
Trd, 8639723.079, 138
Trd, 8639723.379, 135
Trd, 8639723.412, 115
Trd, 8639723.612, 113
Trd, 8639723.846, 96
Trd, 8639724.612, 137
Trd, 8639725.879, 78
Trd, 8639725.946, 75
Trd, 8639726.746, 75
Trd, 8639727.146, 74
Trd, 8639727.379, 93
Trd, 8639727.612, 71
Trd, 8639728.046, 91
Trd, 8639728.346, 81
Trd, 8639728.579, 116
Trd, 8639728.912, 123
Trd, 8639730.012, 93
Trd, 8639730.712, 115
Trd, 8639732.112, 94
Trd, 8639732.812, 94
Trd, 8639733.312, 93
Trd, 8639733.679, 108
Trd, 8639734.679, 106
Trd, 8639735.279, 106
Trd, 8639735.712, 140
Trd, 8639735.946, 116
Trd, 8639737.179, 140
Trd, 8639737.412, 137
Trd, 8639737.512, 99
Trd, 8639738.646, 111
Trd, 8639738.746, 113
Trd, 8639739.646, 110
Trd, 8639739.679, 109
Trd, 8639739.846, 112
Trd, 8639739.979, 109
Trd, 8639740.646, 122
Trd, 8639740.812, 108
Trd, 8639741.012, 107
Trd, 8639741.712, 140
Trd, 8639741.812, 117
Trd, 8639742.446, 98
Trd, 8639743.179, 113
Trd, 8639743.746, 112
Trd, 8639744.646, 111
Trd, 8639745.112, 101
Trd, 8639745.146, 113
Trd, 8639747.446, 140
Trd, 8639748.046, 140
Trd, 8639748.179, 137
Trd, 8639748.346, 136
Trd, 8639749.612, 136
Trd, 8639750.112, 133
Trd, 8639751.012, 123
Trd, 8639751.379, 99
Trd, 8639751.479, 96
Trd, 8639752.179, 133
Trd, 8639752.212, 137
Trd, 8639752.979, 137
Trd, 8639753.212, 136
Trd, 8639753.846, 114
Trd, 8639754.746, 140
Trd, 8639755.912, 126
Trd, 8639757.146, 122
Trd, 8639757.612, 140
Trd, 8639757.812, 140
Trd, 8639757.946, 139
Trd, 8639758.446, 140
Trd, 8639758.646, 140
Trd, 8639759.779, 124
Trd, 8639759.912, 131
Trd, 8639760.679, 124
Trd, 8639760.712, 121
Trd, 8639761.612, 133
Trd, 8639762.412, 123
Trd, 8639762.912, 122
Trd, 8639763.179, 127
Trd, 8639765.512, 140
Trd, 8639765.979, 121
Trd, 8639766.346, 122
Trd, 8639766.512, 140
Trd, 8639766.746, 113
Trd, 8639767.646, 103
Trd, 8639767.779, 102
Trd, 8639768.446, 140
Trd, 8639768.812, 132
Trd, 8639770.212, 140
Trd, 8639770.512, 140
Trd, 8639770.546, 140
Trd, 8639771.779, 130
Trd, 8639772.146, 129
Trd, 8639772.246, 124
Trd, 8639773.112, 132
Trd, 8639773.446, 133
Trd, 8639773.512, 108
Trd, 8639774.146, 105
Trd, 8639774.379, 102
Trd, 8639774.946, 102
Trd, 8639775.279, 122
Trd, 8639775.746, 133
Trd, 8639775.779, 93
Trd, 8639777.112, 100
Trd, 8639778.379, 99
Trd, 8639778.646, 99
Trd, 8639779.046, 140
Trd, 8639779.579, 128
Trd, 8639780.312, 120
Trd, 8639780.679, 119
Trd, 8639781.579, 138
Trd, 8639781.879, 134
Trd, 8639782.146, 115
Trd, 8639782.346, 114
Trd, 8639783.279, 109
Trd, 8639783.312, 131
Trd, 8639783.579, 131
Trd, 8639784.212, 120
Trd, 8639784.979, 125
Trd, 8639785.412, 99
Trd, 8639786.879, 140
Trd, 8639787.146, 140
Trd, 8639787.379, 135
Trd, 8639788.179, 133
Trd, 8639790.312, 140
Trd, 8639790.912, 140
Trd, 8639792.212, 140
Trd, 8639792.379, 140
Trd, 8639792.579, 140
Trd, 8639792.612, 135
Trd, 8639793.046, 136
Trd, 8639793.212, 132
Trd, 8639794.446, 136
Trd, 8639794.846, 118
Trd, 8639795.946, 140
Trd, 8639796.846, 140
Trd, 8639797.079, 140
Trd, 8639797.246, 135
Trd, 8639797.679, 135
Trd, 8639797.879, 128
Trd, 8639799.079, 137
Trd, 8639800.546, 128
Trd, 8639801.079, 136
Trd, 8639801.246, 138
Trd, 8639802.446, 128
Trd, 8639802.679, 125
Trd, 8639803.146, 124
Trd, 8639803.746, 139
Trd, 8639804.479, 132
Trd, 8639805.779, 140
Trd, 8639806.112, 133
Trd, 8639807.879, 140
Trd, 8639808.546, 140
Trd, 8639808.612, 139
Trd, 8639809.579, 139
Trd, 8639809.879, 138
Trd, 8639810.012, 134
Trd, 8639810.179, 133
Trd, 8639811.279, 134
Trd, 8639812.212, 119
Trd, 8639812.346, 118
Trd, 8639812.679, 92
Trd, 8639812.779, 91
Trd, 8639813.179, 135
Trd, 8639814.279, 108
Trd, 8639814.746, 127
Trd, 8639815.179, 98
Trd, 8639815.312, 127
Trd, 8639816.546, 125
Trd, 8639816.646, 127
Trd, 8639817.279, 99
Trd, 8639817.346, 94
Trd, 8639817.712, 90
Trd, 8639817.912, 131
Trd, 8639818.446, 75
Trd, 8639819.346, 97
Trd, 8639819.379, 99
Trd, 8639820.112, 116
Trd, 8639820.179, 115
Trd, 8639820.579, 86
Trd, 8639821.112, 106
Trd, 8639821.146, 82
Trd, 8639822.012, 140
Trd, 8639823.612, 114
Trd, 8639824.246, 115
Trd, 8639824.712, 128
Trd, 8639824.746, 129
Trd, 8639825.212, 115
Trd, 8639826.146, 118
Trd, 8639826.379, 116
Trd, 8639826.479, 102
Trd, 8639826.646, 122
Trd, 8639827.479, 122
Trd, 8639827.646, 123
Trd, 8639828.579, 98
Trd, 8639828.779, 126
Trd, 8639829.612, 61
Trd, 8639830.079, 64
Trd, 8639831.046, 71
Trd, 8639831.412, 62
Trd, 8639831.446, 78
Trd, 8639831.579, 107
Trd, 8639832.246, 65
Trd, 8639832.512, 62
Trd, 8639832.546, 63
Trd, 8639832.579, 66
Trd, 8639832.679, 70
Trd, 8639833.212, 140
Trd, 8639834.412, 84
Trd, 8639835.146, 107
Trd, 8639836.012, 128
Trd, 8639836.046, 119
Trd, 8639836.579, 105
Trd, 8639838.312, 104
Trd, 8639838.479, 104
Trd, 8639838.979, 115
Trd, 8639839.712, 111
Trd, 8639840.112, 110
Trd, 8639840.212, 111
Trd, 8639840.712, 140
Trd, 8639840.946, 135
Trd, 8639841.446, 109
Trd, 8639841.679, 140
Trd, 8639842.612, 108
Trd, 8639842.712, 105
Trd, 8639842.879, 105
Trd, 8639843.479, 116
Trd, 8639844.312, 131
Trd, 8639844.412, 135
Trd, 8639844.679, 139
Trd, 8639844.746, 115
Trd, 8639844.879, 110
Trd, 8639844.912, 104
Trd, 8639845.746, 92
Trd, 8639847.279, 106
Trd, 8639847.346, 90
Trd, 8639847.846, 103
Trd, 8639848.646, 117
Trd, 8639849.279, 104
Trd, 8639849.546, 104
Trd, 8639849.612, 138
Trd, 8639850.412, 125
Trd, 8639850.612, 130
Trd, 8639851.379, 124
Trd, 8639851.412, 135
Trd, 8639851.712, 137
Trd, 8639851.979, 124
Trd, 8639852.146, 129
Trd, 8639852.746, 131
Trd, 8639854.312, 140
Trd, 8639854.412, 140
Trd, 8639854.812, 136
Trd, 8639855.779, 125
Trd, 8639856.146, 118
Trd, 8639857.646, 138
Trd, 8639858.679, 137
Trd, 8639859.179, 140
Trd, 8639859.746, 134
Trd, 8639859.779, 133
Trd, 8639860.346, 133
Trd, 8639862.946, 140
Trd, 8639863.312, 140
Trd, 8639863.446, 139
Trd, 8639863.712, 139
Trd, 8639863.746, 135
Trd, 8639864.379, 140
Trd, 8639865.112, 140
Trd, 8639865.879, 140
Trd, 8639866.346, 140
Trd, 8639866.746, 139
Trd, 8639867.079, 140
Trd, 8639867.212, 134
Trd, 8639867.312, 132
Trd, 8639868.646, 140
Trd, 8639869.579, 140
Trd, 8639869.712, 139
Trd, 8639870.146, 121
Trd, 8639870.846, 137
Trd, 8639871.012, 136
Trd, 8639871.979, 125
Trd, 8639873.112, 133
Trd, 8639873.212, 134
Trd, 8639873.479, 123
Trd, 8639873.879, 138
Trd, 8639874.012, 137
Trd, 8639874.646, 130
Trd, 8639875.312, 129
Trd, 8639876.312, 131
Trd, 8639876.679, 124
Trd, 8639876.979, 131
Trd, 8639877.146, 117
Trd, 8639877.312, 131
Trd, 8639878.079, 128
Trd, 8639878.179, 105
Trd, 8639878.746, 95
Trd, 8639879.012, 119
Trd, 8639879.279, 126
Trd, 8639879.479, 128
Trd, 8639880.012, 128
Trd, 8639880.479, 140
Trd, 8639880.612, 123
Trd, 8639881.112, 95
Trd, 8639882.212, 89
Trd, 8639883.212, 100
Trd, 8639883.379, 95
Trd, 8639883.479, 92
Trd, 8639883.846, 103
Trd, 8639884.412, 130
Trd, 8639885.012, 137
Trd, 8639885.646, 129
Trd, 8639885.779, 123
Trd, 8639886.512, 105
Trd, 8639887.879, 140
Trd, 8639888.612, 140
Trd, 8639888.912, 136
Trd, 8639890.346, 135
Trd, 8639891.579, 140
Trd, 8639892.046, 140
Trd, 8639892.179, 140
Trd, 8639892.246, 120
Trd, 8639892.612, 138
Trd, 8639892.979, 131
Trd, 8639894.412, 119
Trd, 8639894.846, 118
Trd, 8639895.146, 138
Trd, 8639895.446, 114
Trd, 8639896.546, 116
Trd, 8639897.146, 139
Trd, 8639897.412, 138
Trd, 8639898.612, 109
Trd, 8639899.446, 111
Trd, 8639899.579, 124
Trd, 8639900.979, 122
Trd, 8639901.646, 139
Trd, 8639902.379, 129
Trd, 8639902.679, 136
Trd, 8639903.046, 139
Trd, 8639903.546, 131
Trd, 8639903.646, 127
Trd, 8639903.679, 126
Trd, 8639903.746, 118
Trd, 8639904.012, 138
Trd, 8639904.112, 109
Trd, 8639904.246, 92
Trd, 8639906.779, 139
Trd, 8639907.679, 140
Trd, 8639908.146, 140
Trd, 8639908.812, 135
Trd, 8639909.679, 113
Trd, 8639910.146, 104
Trd, 8639910.846, 140
Trd, 8639911.812, 140
Trd, 8639911.879, 140
Trd, 8639912.412, 139
Trd, 8639913.012, 136
Trd, 8639913.212, 120
Trd, 8639914.179, 140
Trd, 8639914.679, 113
Trd, 8639916.079, 140
Trd, 8639916.246, 140
Trd, 8639916.679, 115
Trd, 8639916.979, 109
Trd, 8639917.912, 139
Trd, 8639918.079, 132
Trd, 8639918.679, 119
Trd, 8639918.779, 109
Trd, 8639918.879, 104
Trd, 8639920.246, 108
Trd, 8639920.479, 118
Trd, 8639921.546, 116
Trd, 8639921.612, 117
Trd, 8639921.646, 106
Trd, 8639922.846, 119
Trd, 8639922.979, 122
Trd, 8639923.112, 118
Trd, 8639923.679, 115
Trd, 8639924.179, 115
Trd, 8639926.246, 139
Trd, 8639926.912, 140
Trd, 8639927.112, 138
Trd, 8639927.146, 135
Trd, 8639928.512, 140
Trd, 8639928.846, 140
Trd, 8639928.946, 140
Trd, 8639929.046, 140
Trd, 8639929.346, 133
Trd, 8639929.879, 139
Trd, 8639930.112, 119
Trd, 8639930.579, 106
Trd, 8639930.912, 130
Trd, 8639931.312, 105
Trd, 8639931.612, 129
Trd, 8639932.646, 105
Trd, 8639932.712, 85
Trd, 8639933.812, 98
Trd, 8639934.046, 96
Trd, 8639934.746, 139
Trd, 8639935.312, 132
Trd, 8639935.512, 126
Trd, 8639935.779, 80
Trd, 8639936.312, 139
Trd, 8639937.179, 95
Trd, 8639937.779, 140
Trd, 8639939.012, 140
Trd, 8639939.179, 140
Trd, 8639939.212, 140
Trd, 8639939.346, 135
Trd, 8639940.412, 97
Trd, 8639940.612, 89
Trd, 8639940.946, 70
Trd, 8639941.112, 134
Trd, 8639941.946, 77
Trd, 8639942.479, 75
Trd, 8639943.579, 139
Trd, 8639944.612, 140
Trd, 8639945.312, 128
Trd, 8639945.479, 124
Trd, 8639945.546, 124
Trd, 8639945.579, 101
Trd, 8639945.979, 80
Trd, 8639946.512, 96
Trd, 8639946.712, 124
Trd, 8639946.779, 97
Trd, 8639948.046, 140
Trd, 8639948.412, 140
Trd, 8639948.646, 139
Trd, 8639949.546, 137
Trd, 8639949.979, 137
Trd, 8639950.346, 132
Trd, 8639950.579, 138
Trd, 8639951.246, 138
Trd, 8639951.779, 126
Trd, 8639951.846, 123
Trd, 8639953.246, 138
Trd, 8639953.479, 117
Trd, 8639954.079, 103
Trd, 8639954.312, 102
Trd, 8639955.312, 138
Trd, 8639955.746, 126
Trd, 8639955.912, 126
Trd, 8639955.946, 96
Trd, 8639956.879, 133
Trd, 8639957.779, 130
Trd, 8639958.112, 94
Trd, 8639958.179, 91
Trd, 8639958.312, 94
Trd, 8639958.479, 68
Trd, 8639959.646, 63
Trd, 8639960.279, 120
Trd, 8639960.546, 68
Trd, 8639961.546, 60
Trd, 8639961.612, 61
Trd, 8639962.046, 64
Trd, 8639962.246, 66
Trd, 8639962.379, 66
Trd, 8639962.646, 97
Trd, 8639963.112, 96
Trd, 8639963.246, 89
Trd, 8639965.112, 140
Trd, 8639965.579, 140
Trd, 8639965.746, 133
Trd, 8639966.079, 77
Trd, 8639966.412, 128
Trd, 8639966.912, 135
Trd, 8639967.146, 129
Trd, 8639967.179, 79
Trd, 8639968.679, 90
Trd, 8639969.012, 79
Trd, 8639969.079, 78
Trd, 8639969.346, 89
Trd, 8639969.479, 79
Trd, 8639969.712, 139
Trd, 8639970.379, 103
Trd, 8639970.512, 74
Trd, 8639971.479, 81
Trd, 8639973.546, 130
Trd, 8639974.412, 140
Trd, 8639974.712, 140
Trd, 8639975.046, 140
Trd, 8639975.079, 135
Trd, 8639976.046, 116
Trd, 8639976.246, 112
Trd, 8639977.279, 140
Trd, 8639978.279, 140
Trd, 8639979.146, 140
Trd, 8639979.279, 124
Trd, 8639981.112, 116
Trd, 8639981.279, 139
Trd, 8639981.812, 115
Trd, 8639982.446, 128
Trd, 8639982.546, 131
Trd, 8639983.179, 114
Trd, 8639984.112, 108
Trd, 8639984.379, 129
Trd, 8639984.646, 130
Trd, 8639984.712, 108
Trd, 8639985.879, 119
Trd, 8639985.979, 118
Trd, 8639986.646, 121
Trd, 8639986.912, 134
Trd, 8639987.546, 133
Trd, 8639988.446, 97
Trd, 8639988.712, 94
Trd, 8639989.012, 93
Trd, 8639989.679, 134
Trd, 8639991.079, 91
Trd, 8639991.479, 85
Trd, 8639991.846, 83
Trd, 8639992.812, 90
Trd, 8639993.046, 92
Trd, 8639993.212, 93
Trd, 8639993.579, 96
Trd, 8639994.046, 126
Trd, 8639994.212, 98
Trd, 8639994.679, 107
Trd, 8639994.746, 102
Trd, 8639995.279, 64
Trd, 8639996.279, 64
Trd, 8639996.546, 78
Trd, 8639997.112, 62
Trd, 8639997.512, 64
Trd, 8639998.012, 139
Trd, 8639998.146, 139
