Trd, 8638733.112, 132
Trd, 8638733.179, 126
Trd, 8638733.446, 138
Trd, 8638733.512, 120
Trd, 8638733.646, 97
Trd, 8638735.012, 118
Trd, 8638735.212, 128
Trd, 8638736.012, 122
Trd, 8638736.646, 105
Trd, 8638737.079, 140
Trd, 8638737.346, 121
Trd, 8638737.679, 81
Trd, 8638737.879, 86
Trd, 8638738.112, 135
Trd, 8638738.279, 80
Trd, 8638738.679, 132
Trd, 8638738.946, 120
Trd, 8638739.146, 118
Trd, 8638739.412, 128
Trd, 8638740.879, 139
Trd, 8638741.446, 134
Trd, 8638741.712, 122
Trd, 8638742.946, 138
Trd, 8638743.512, 139
Trd, 8638743.912, 128
Trd, 8638743.946, 127
Trd, 8638743.979, 121
Trd, 8638744.279, 106
Trd, 8638745.379, 134
Trd, 8638746.979, 136
Trd, 8638747.046, 126
Trd, 8638747.946, 136
Trd, 8638747.979, 123
Trd, 8638748.279, 113
Trd, 8638748.579, 111
Trd, 8638749.612, 133
Trd, 8638749.779, 129
Trd, 8638749.879, 118
Trd, 8638750.046, 107
Trd, 8638751.479, 105
Trd, 8638751.612, 117
Trd, 8638752.012, 106
Trd, 8638752.646, 100
Trd, 8638753.112, 104
Trd, 8638754.612, 107
Trd, 8638756.012, 136
Trd, 8638756.246, 132
Trd, 8638756.379, 121
Trd, 8638756.812, 112
Trd, 8638757.846, 126
Trd, 8638757.912, 107
Trd, 8638758.112, 105
Trd, 8638758.646, 89
Trd, 8638758.712, 87
Trd, 8638759.279, 113
Trd, 8638759.679, 123
Trd, 8638759.946, 125
Trd, 8638761.279, 137
Trd, 8638761.512, 97
Trd, 8638761.812, 107
Trd, 8638762.146, 105
Trd, 8638763.446, 127
Trd, 8638763.479, 120
Trd, 8638763.946, 124
Trd, 8638763.979, 117
Trd, 8638764.646, 106
Trd, 8638764.946, 117
Trd, 8638765.179, 77
Trd, 8638765.379, 115
Trd, 8638765.546, 109
Trd, 8638766.479, 92
Trd, 8638766.646, 100
Trd, 8638766.779, 121
Trd, 8638767.512, 96
Trd, 8638768.079, 87
Trd, 8638768.446, 124
Trd, 8638768.579, 82
Trd, 8638769.012, 126
Trd, 8638769.346, 84
Trd, 8638771.079, 139
Trd, 8638771.312, 125
Trd, 8638771.779, 100
Trd, 8638771.912, 113
Trd, 8638772.079, 89
Trd, 8638772.279, 90
Trd, 8638772.879, 90
Trd, 8638773.746, 98
Trd, 8638774.179, 109
Trd, 8638775.312, 112
Trd, 8638775.746, 115
Trd, 8638776.579, 137
Trd, 8638777.046, 127
Trd, 8638777.479, 119
Trd, 8638777.846, 115
Trd, 8638777.879, 96
Trd, 8638778.279, 87
Trd, 8638778.812, 125
Trd, 8638779.446, 136
Trd, 8638779.879, 113
Trd, 8638779.912, 97
Trd, 8638780.546, 115
Trd, 8638780.612, 105
Trd, 8638781.212, 61
Trd, 8638781.346, 87
Trd, 8638781.912, 83
Trd, 8638782.046, 71
Trd, 8638782.646, 62
Trd, 8638782.879, 88
Trd, 8638783.246, 131
Trd, 8638783.412, 125
Trd, 8638783.712, 126
Trd, 8638784.212, 130
Trd, 8638785.046, 98
Trd, 8638786.112, 110
Trd, 8638786.612, 89
Trd, 8638787.246, 94
Trd, 8638787.379, 97
Trd, 8638787.446, 81
Trd, 8638788.146, 80
Trd, 8638788.212, 108
Trd, 8638788.879, 131
Trd, 8638789.112, 124
Trd, 8638789.746, 119
Trd, 8638790.679, 136
Trd, 8638791.246, 119
Trd, 8638791.346, 120
Trd, 8638793.046, 139
Trd, 8638793.412, 126
Trd, 8638793.879, 131
Trd, 8638793.979, 87
Trd, 8638794.012, 95
Trd, 8638794.512, 121
Trd, 8638794.546, 136
Trd, 8638794.846, 94
Trd, 8638795.779, 140
Trd, 8638795.912, 133
Trd, 8638796.279, 125
Trd, 8638797.312, 90
Trd, 8638797.846, 125
Trd, 8638797.946, 119
Trd, 8638798.079, 85
Trd, 8638798.846, 139
Trd, 8638799.412, 113
Trd, 8638799.446, 102
Trd, 8638799.712, 125
Trd, 8638801.046, 133
Trd, 8638801.412, 111
Trd, 8638802.146, 100
Trd, 8638802.279, 111
Trd, 8638802.312, 93
Trd, 8638802.946, 101
Trd, 8638804.112, 138
Trd, 8638804.446, 106
Trd, 8638805.412, 125
Trd, 8638805.612, 119
Trd, 8638806.112, 121
Trd, 8638806.312, 124
Trd, 8638806.512, 123
Trd, 8638807.112, 140
Trd, 8638807.346, 131
Trd, 8638807.646, 132
Trd, 8638808.246, 127
Trd, 8638808.346, 124
Trd, 8638809.412, 107
Trd, 8638809.612, 105
Trd, 8638809.812, 114
Trd, 8638809.912, 120
Trd, 8638809.979, 103
Trd, 8638810.612, 86
Trd, 8638811.079, 101
Trd, 8638812.146, 136
Trd, 8638812.246, 115
Trd, 8638813.312, 116
Trd, 8638814.112, 124
Trd, 8638815.012, 102
Trd, 8638815.079, 127
Trd, 8638815.646, 97
Trd, 8638817.079, 134
Trd, 8638817.312, 115
Trd, 8638817.812, 97
Trd, 8638818.479, 89
Trd, 8638819.046, 107
Trd, 8638819.512, 105
Trd, 8638819.712, 104
Trd, 8638821.346, 126
Trd, 8638821.979, 119
Trd, 8638822.046, 102
Trd, 8638822.179, 97
Trd, 8638823.212, 121
Trd, 8638823.612, 120
Trd, 8638824.012, 102
Trd, 8638825.112, 133
Trd, 8638825.246, 122
Trd, 8638825.812, 109
Trd, 8638826.012, 128
Trd, 8638826.046, 72
Trd, 8638826.412, 129
Trd, 8638827.446, 130
Trd, 8638828.046, 121
Trd, 8638828.346, 131
Trd, 8638828.412, 106
Trd, 8638829.379, 77
Trd, 8638829.679, 131
Trd, 8638830.846, 139
Trd, 8638831.312, 128
Trd, 8638831.646, 124
Trd, 8638831.746, 81
Trd, 8638832.912, 124
Trd, 8638833.112, 118
Trd, 8638833.246, 125
Trd, 8638833.579, 128
Trd, 8638834.012, 127
Trd, 8638834.812, 140
Trd, 8638834.879, 134
Trd, 8638835.246, 91
Trd, 8638835.679, 119
Trd, 8638837.046, 138
Trd, 8638837.846, 136
Trd, 8638838.046, 137
Trd, 8638838.279, 140
Trd, 8638839.346, 132
Trd, 8638839.446, 113
Trd, 8638839.746, 120
Trd, 8638840.146, 99
Trd, 8638840.312, 128
Trd, 8638840.879, 110
Trd, 8638841.946, 140
Trd, 8638842.079, 135
Trd, 8638842.179, 128
Trd, 8638842.646, 97
Trd, 8638843.179, 96
Trd, 8638843.846, 87
Trd, 8638844.812, 91
Trd, 8638845.112, 132
Trd, 8638845.346, 118
Trd, 8638846.112, 136
Trd, 8638846.779, 127
Trd, 8638846.946, 122
Trd, 8638847.112, 130
Trd, 8638847.812, 137
Trd, 8638848.646, 113
Trd, 8638848.746, 119
Trd, 8638848.879, 105
Trd, 8638849.846, 137
Trd, 8638849.879, 133
Trd, 8638849.979, 91
Trd, 8638851.179, 135
Trd, 8638851.412, 98
Trd, 8638851.779, 115
Trd, 8638852.346, 96
Trd, 8638852.746, 98
Trd, 8638852.979, 131
Trd, 8638854.946, 104
Trd, 8638855.379, 105
Trd, 8638855.712, 135
Trd, 8638855.979, 104
Trd, 8638856.746, 110
Trd, 8638856.912, 104
Trd, 8638858.046, 121
Trd, 8638858.179, 99
Trd, 8638859.246, 113
Trd, 8638860.379, 140
Trd, 8638860.946, 133
Trd, 8638861.279, 112
Trd, 8638861.346, 81
Trd, 8638861.646, 125
Trd, 8638861.846, 77
Trd, 8638862.079, 133
Trd, 8638862.246, 78
Trd, 8638863.579, 113
Trd, 8638864.579, 124
Trd, 8638865.012, 134
Trd, 8638865.379, 128
Trd, 8638866.146, 126
Trd, 8638866.679, 139
Trd, 8638867.079, 129
Trd, 8638867.246, 126
Trd, 8638867.512, 124
Trd, 8638868.146, 107
Trd, 8638868.179, 97
Trd, 8638868.212, 109
Trd, 8638868.579, 134
Trd, 8638869.012, 121
Trd, 8638869.112, 114
Trd, 8638870.246, 104
Trd, 8638870.512, 105
Trd, 8638872.079, 75
Trd, 8638872.479, 139
Trd, 8638873.112, 140
Trd, 8638873.712, 126
Trd, 8638874.246, 135
Trd, 8638874.679, 136
Trd, 8638875.212, 126
Trd, 8638876.012, 123
Trd, 8638876.079, 113
Trd, 8638876.179, 92
Trd, 8638877.046, 116
Trd, 8638877.546, 90
Trd, 8638878.046, 90
Trd, 8638878.579, 94
Trd, 8638878.812, 118
Trd, 8638879.679, 140
Trd, 8638880.012, 94
Trd, 8638880.112, 84
Trd, 8638880.379, 93
Trd, 8638881.412, 74
Trd, 8638882.012, 107
Trd, 8638882.312, 122
Trd, 8638882.479, 105
Trd, 8638883.179, 113
Trd, 8638883.979, 127
Trd, 8638884.446, 122
Trd, 8638884.679, 124
Trd, 8638885.346, 115
Trd, 8638885.379, 109
Trd, 8638885.679, 140
Trd, 8638885.812, 108
Trd, 8638885.946, 98
Trd, 8638886.346, 138
Trd, 8638886.846, 129
Trd, 8638887.512, 137
Trd, 8638888.212, 117
Trd, 8638888.712, 136
Trd, 8638889.279, 121
Trd, 8638889.546, 83
Trd, 8638890.079, 113
Trd, 8638890.779, 94
Trd, 8638891.646, 125
Trd, 8638891.912, 137
Trd, 8638892.112, 135
Trd, 8638893.112, 116
Trd, 8638893.512, 107
Trd, 8638893.746, 113
Trd, 8638894.479, 85
Trd, 8638894.546, 99
Trd, 8638895.312, 139
Trd, 8638895.779, 91
Trd, 8638896.246, 117
Trd, 8638896.846, 137
Trd, 8638897.179, 139
Trd, 8638897.979, 120
Trd, 8638898.446, 93
Trd, 8638899.512, 140
Trd, 8638900.446, 136
Trd, 8638900.479, 135
Trd, 8638900.646, 123
Trd, 8638900.879, 118
Trd, 8638901.179, 102
Trd, 8638901.612, 137
Trd, 8638901.679, 93
Trd, 8638901.746, 93
Trd, 8638902.412, 117
Trd, 8638902.646, 91
Trd, 8638904.246, 75
Trd, 8638904.512, 130
Trd, 8638904.579, 88
Trd, 8638905.812, 137
Trd, 8638906.079, 124
Trd, 8638906.112, 113
Trd, 8638907.046, 140
Trd, 8638907.212, 117
Trd, 8638907.712, 111
Trd, 8638908.279, 97
Trd, 8638909.446, 112
Trd, 8638910.146, 131
Trd, 8638910.279, 113
Trd, 8638910.646, 130
Trd, 8638911.312, 126
Trd, 8638911.379, 115
Trd, 8638911.879, 132
Trd, 8638912.212, 139
Trd, 8638913.179, 128
Trd, 8638913.246, 120
Trd, 8638913.379, 113
Trd, 8638913.612, 109
Trd, 8638914.679, 124
Trd, 8638915.379, 122
Trd, 8638915.946, 137
Trd, 8638916.112, 138
Trd, 8638916.146, 131
Trd, 8638917.112, 138
Trd, 8638917.412, 100
Trd, 8638917.712, 93
Trd, 8638917.879, 122
Trd, 8638919.246, 107
Trd, 8638920.179, 138
Trd, 8638920.712, 114
Trd, 8638921.512, 130
Trd, 8638921.779, 133
Trd, 8638923.479, 128
Trd, 8638923.512, 117
Trd, 8638923.646, 105
Trd, 8638925.379, 124
Trd, 8638925.846, 138
Trd, 8638926.379, 130
Trd, 8638927.112, 137
Trd, 8638927.446, 118
Trd, 8638927.612, 108
Trd, 8638928.079, 116
Trd, 8638928.146, 91
Trd, 8638928.279, 112
Trd, 8638928.546, 120
Trd, 8638928.912, 127
Trd, 8638928.979, 113
Trd, 8638929.312, 113
Trd, 8638929.612, 139
Trd, 8638931.379, 125
Trd, 8638931.646, 111
Trd, 8638932.046, 124
Trd, 8638932.612, 110
Trd, 8638932.846, 120
Trd, 8638932.946, 94
Trd, 8638933.979, 104
Trd, 8638934.512, 103
Trd, 8638934.646, 107
Trd, 8638935.412, 126
Trd, 8638936.079, 107
Trd, 8638937.546, 128
Trd, 8638937.879, 125
Trd, 8638938.646, 124
Trd, 8638938.746, 85
Trd, 8638938.912, 80
Trd, 8638939.779, 66
Trd, 8638939.879, 76
Trd, 8638940.212, 67
Trd, 8638940.312, 113
Trd, 8638941.479, 128
Trd, 8638941.946, 120
Trd, 8638942.179, 123
Trd, 8638942.612, 119
Trd, 8638942.646, 112
Trd, 8638943.112, 100
Trd, 8638945.212, 118
Trd, 8638945.612, 131
Trd, 8638946.212, 127
Trd, 8638946.912, 106
Trd, 8638947.179, 98
Trd, 8638947.579, 90
Trd, 8638947.779, 65
Trd, 8638948.646, 119
Trd, 8638948.946, 107
Trd, 8638949.379, 86
Trd, 8638949.512, 110
Trd, 8638950.112, 129
Trd, 8638950.312, 112
Trd, 8638951.046, 130
Trd, 8638951.879, 119
Trd, 8638952.312, 97
Trd, 8638953.279, 139
Trd, 8638954.812, 131
Trd, 8638956.279, 110
Trd, 8638956.812, 128
Trd, 8638957.046, 134
Trd, 8638957.212, 124
Trd, 8638958.279, 124
Trd, 8638959.179, 138
Trd, 8638959.479, 136
Trd, 8638959.679, 129
Trd, 8638959.946, 126
Trd, 8638960.179, 123
Trd, 8638961.579, 135
Trd, 8638961.979, 133
Trd, 8638962.046, 110
Trd, 8638962.479, 93
Trd, 8638962.712, 91
Trd, 8638963.079, 78
Trd, 8638963.812, 94
Trd, 8638964.246, 101
Trd, 8638964.779, 125
Trd, 8638965.112, 129
Trd, 8638965.712, 126
Trd, 8638965.746, 124
Trd, 8638965.979, 94
Trd, 8638966.346, 137
Trd, 8638966.746, 123
Trd, 8638968.746, 127
Trd, 8638968.779, 116
Trd, 8638968.879, 106
Trd, 8638969.679, 131
Trd, 8638969.712, 130
Trd, 8638971.046, 115
Trd, 8638971.879, 117
Trd, 8638972.912, 113
Trd, 8638973.012, 98
Trd, 8638973.179, 117
Trd, 8638974.246, 115
Trd, 8638974.879, 106
Trd, 8638975.312, 104
Trd, 8638975.412, 103
Trd, 8638975.846, 125
Trd, 8638976.912, 137
Trd, 8638977.012, 138
Trd, 8638977.379, 129
Trd, 8638977.779, 109
Trd, 8638979.646, 138
Trd, 8638980.146, 123
Trd, 8638980.412, 139
Trd, 8638981.346, 135
Trd, 8638981.679, 116
Trd, 8638982.012, 103
Trd, 8638983.712, 121
Trd, 8638983.846, 103
Trd, 8638985.079, 137
Trd, 8638985.912, 127
Trd, 8638986.246, 113
Trd, 8638986.412, 110
Trd, 8638986.712, 137
Trd, 8638986.779, 125
Trd, 8638987.312, 129
Trd, 8638988.312, 112
Trd, 8638988.446, 126
Trd, 8638988.879, 102
Trd, 8638989.512, 121
Trd, 8638989.646, 116
Trd, 8638990.112, 114
Trd, 8638991.112, 137
Trd, 8638991.612, 85
Trd, 8638991.646, 83
Trd, 8638991.812, 90
Trd, 8638992.012, 93
Trd, 8638992.212, 94
Trd, 8638992.312, 108
Trd, 8638992.679, 105
Trd, 8638993.679, 108
Trd, 8638994.546, 95
Trd, 8638994.946, 87
Trd, 8638995.546, 78
Trd, 8638995.679, 90
Trd, 8638995.846, 84
Trd, 8638996.012, 112
Trd, 8638997.012, 132
Trd, 8638997.346, 139
Trd, 8638997.512, 128
Trd, 8638997.579, 114
Trd, 8638998.246, 89
Trd, 8638999.112, 88
Trd, 8639000.346, 126
Trd, 8639000.379, 119
Trd, 8639002.079, 133
Trd, 8639002.779, 133
Trd, 8639002.979, 133
Trd, 8639004.046, 120
Trd, 8639004.112, 111
Trd, 8639004.179, 92
Trd, 8639004.779, 127
Trd, 8639005.012, 91
Trd, 8639005.612, 112
Trd, 8639006.212, 108
Trd, 8639006.512, 115
Trd, 8639007.279, 115
Trd, 8639007.546, 120
Trd, 8639007.946, 131
Trd, 8639008.312, 105
Trd, 8639009.612, 109
Trd, 8639009.846, 107
Trd, 8639011.279, 132
Trd, 8639012.179, 131
Trd, 8639012.846, 123
Trd, 8639013.179, 133
Trd, 8639013.412, 113
Trd, 8639013.446, 92
Trd, 8639013.712, 89
Trd, 8639013.912, 98
Trd, 8639014.479, 115
Trd, 8639014.979, 102
Trd, 8639015.312, 101
Trd, 8639015.812, 99
Trd, 8639016.312, 62
Trd, 8639016.379, 90
Trd, 8639016.879, 64
Trd, 8639017.746, 131
Trd, 8639018.079, 130
Trd, 8639019.579, 131
Trd, 8639019.712, 128
Trd, 8639020.846, 127
Trd, 8639021.046, 128
Trd, 8639021.079, 108
Trd, 8639021.412, 117
Trd, 8639021.512, 102
Trd, 8639022.312, 90
Trd, 8639022.612, 91
Trd, 8639023.312, 103
Trd, 8639023.546, 89
Trd, 8639024.012, 114
Trd, 8639025.412, 105
Trd, 8639025.546, 100
Trd, 8639026.279, 119
Trd, 8639026.346, 71
Trd, 8639026.479, 92
Trd, 8639026.946, 117
Trd, 8639027.746, 95
Trd, 8639028.212, 107
Trd, 8639028.446, 120
Trd, 8639028.846, 110
Trd, 8639029.279, 138
Trd, 8639030.479, 103
Trd, 8639030.712, 92
Trd, 8639031.179, 125
Trd, 8639031.212, 92
Trd, 8639031.779, 139
Trd, 8639033.346, 136
Trd, 8639033.746, 120
Trd, 8639033.879, 101
Trd, 8639033.979, 90
Trd, 8639034.446, 79
Trd, 8639035.646, 132
Trd, 8639035.979, 126
Trd, 8639036.579, 131
Trd, 8639036.812, 127
Trd, 8639036.912, 122
Trd, 8639037.846, 111
Trd, 8639038.379, 116
Trd, 8639038.546, 138
Trd, 8639039.079, 113
Trd, 8639039.579, 130
Trd, 8639040.246, 140
Trd, 8639040.346, 120
Trd, 8639041.279, 111
Trd, 8639042.046, 101
Trd, 8639043.279, 129
Trd, 8639044.112, 127
Trd, 8639044.446, 134
Trd, 8639045.279, 131
Trd, 8639046.312, 127
Trd, 8639046.512, 116
Trd, 8639046.579, 114
Trd, 8639046.779, 139
Trd, 8639046.946, 97
Trd, 8639047.379, 137
Trd, 8639047.846, 119
Trd, 8639048.046, 106
Trd, 8639049.846, 96
Trd, 8639049.879, 88
Trd, 8639049.979, 117
Trd, 8639050.346, 82
Trd, 8639051.512, 137
Trd, 8639052.379, 140
Trd, 8639052.446, 131
Trd, 8639053.079, 124
Trd, 8639054.412, 124
Trd, 8639055.346, 133
Trd, 8639055.512, 115
Trd, 8639056.912, 116
Trd, 8639057.412, 129
Trd, 8639057.846, 109
Trd, 8639058.346, 123
Trd, 8639059.112, 130
Trd, 8639059.312, 119
Trd, 8639059.646, 106
Trd, 8639060.679, 124
Trd, 8639061.212, 129
Trd, 8639061.546, 104
Trd, 8639062.012, 130
Trd, 8639062.146, 113
Trd, 8639063.046, 133
Trd, 8639063.379, 77
Trd, 8639064.512, 130
Trd, 8639064.912, 122
Trd, 8639065.179, 120
Trd, 8639065.346, 140
Trd, 8639065.479, 140
Trd, 8639066.446, 99
Trd, 8639066.612, 87
Trd, 8639067.079, 79
Trd, 8639068.312, 71
Trd, 8639068.346, 73
Trd, 8639068.579, 77
Trd, 8639068.946, 69
Trd, 8639069.646, 89
Trd, 8639069.746, 93
Trd, 8639069.879, 115
Trd, 8639070.812, 116
Trd, 8639070.912, 126
Trd, 8639071.346, 117
Trd, 8639071.779, 128
Trd, 8639071.812, 116
Trd, 8639072.079, 112
Trd, 8639073.012, 102
Trd, 8639073.346, 123
Trd, 8639073.779, 125
Trd, 8639074.379, 98
Trd, 8639074.812, 88
Trd, 8639075.846, 66
Trd, 8639075.946, 72
Trd, 8639076.079, 140
Trd, 8639077.346, 122
Trd, 8639077.846, 110
Trd, 8639077.979, 109
Trd, 8639078.612, 106
Trd, 8639079.912, 133
Trd, 8639080.312, 130
Trd, 8639080.712, 136
Trd, 8639081.246, 131
Trd, 8639081.746, 132
Trd, 8639082.712, 138
Trd, 8639083.412, 119
Trd, 8639084.912, 135
Trd, 8639085.246, 127
Trd, 8639086.212, 136
Trd, 8639086.546, 100
Trd, 8639087.146, 114
Trd, 8639087.212, 83
Trd, 8639087.646, 106
Trd, 8639087.812, 82
Trd, 8639088.012, 124
Trd, 8639088.946, 137
Trd, 8639089.346, 105
Trd, 8639090.279, 98
Trd, 8639092.112, 136
Trd, 8639092.579, 124
Trd, 8639093.212, 124
Trd, 8639093.979, 136
Trd, 8639094.412, 136
Trd, 8639094.479, 102
Trd, 8639094.512, 102
Trd, 8639095.279, 121
Trd, 8639095.412, 106
Trd, 8639095.612, 94
Trd, 8639096.012, 99
Trd, 8639096.812, 108
Trd, 8639097.979, 136
Trd, 8639098.746, 111
Trd, 8639098.812, 85
Trd, 8639098.979, 86
Trd, 8639100.179, 69
Trd, 8639101.146, 80
Trd, 8639101.246, 81
Trd, 8639101.546, 110
Trd, 8639101.712, 66
Trd, 8639102.979, 131
Trd, 8639103.179, 87
Trd, 8639103.946, 133
Trd, 8639104.479, 125
Trd, 8639104.912, 127
Trd, 8639105.646, 119
Trd, 8639105.679, 137
Trd, 8639105.746, 104
Trd, 8639106.312, 136
Trd, 8639106.346, 130
Trd, 8639107.479, 134
Trd, 8639107.979, 132
Trd, 8639108.012, 123
Trd, 8639108.212, 108
Trd, 8639108.412, 118
Trd, 8639109.446, 130
Trd, 8639109.679, 126
Trd, 8639110.712, 139
Trd, 8639111.446, 135
Trd, 8639112.179, 123
Trd, 8639112.279, 100
Trd, 8639112.379, 97
Trd, 8639113.112, 136
Trd, 8639113.479, 119
Trd, 8639113.712, 123
Trd, 8639113.812, 125
Trd, 8639114.579, 90
Trd, 8639114.712, 75
Trd, 8639114.846, 83
Trd, 8639115.979, 90
Trd, 8639116.979, 111
Trd, 8639117.046, 101
Trd, 8639117.946, 120
Trd, 8639118.479, 125
Trd, 8639119.079, 133
Trd, 8639119.312, 128
Trd, 8639119.979, 140
Trd, 8639120.512, 84
Trd, 8639121.179, 108
Trd, 8639121.579, 89
Trd, 8639121.812, 101
Trd, 8639122.546, 136
Trd, 8639122.779, 114
Trd, 8639123.146, 114
Trd, 8639123.546, 127
Trd, 8639123.679, 117
Trd, 8639125.379, 109
Trd, 8639126.012, 64
Trd, 8639126.579, 124
Trd, 8639127.546, 128
Trd, 8639127.612, 119
Trd, 8639128.746, 134
Trd, 8639128.879, 113
Trd, 8639129.746, 108
Trd, 8639129.979, 119
Trd, 8639130.546, 134
Trd, 8639130.812, 100
Trd, 8639131.346, 137
Trd, 8639131.612, 120
Trd, 8639132.046, 121
Trd, 8639132.646, 114
Trd, 8639132.779, 112
Trd, 8639133.612, 113
Trd, 8639134.179, 103
Trd, 8639134.246, 118
Trd, 8639134.412, 96
Trd, 8639134.612, 87
Trd, 8639135.546, 140
Trd, 8639136.779, 128
Trd, 8639138.546, 96
Trd, 8639138.746, 123
Trd, 8639138.879, 105
Trd, 8639139.646, 118
Trd, 8639140.112, 98
Trd, 8639140.546, 95
Trd, 8639141.079, 139
Trd, 8639141.879, 120
Trd, 8639142.046, 99
Trd, 8639142.212, 131
Trd, 8639142.779, 114
Trd, 8639143.112, 121
Trd, 8639143.946, 128
Trd, 8639144.379, 105
Trd, 8639144.546, 104
Trd, 8639144.612, 85
Trd, 8639144.912, 115
Trd, 8639145.912, 130
Trd, 8639145.979, 99
Trd, 8639147.112, 140
Trd, 8639147.346, 110
Trd, 8639148.546, 134
Trd, 8639149.346, 119
Trd, 8639150.279, 100
Trd, 8639150.612, 134
Trd, 8639150.712, 87
Trd, 8639151.012, 120
Trd, 8639151.812, 106
Trd, 8639152.246, 118
Trd, 8639153.279, 137
Trd, 8639153.546, 130
Trd, 8639153.846, 121
Trd, 8639154.446, 128
Trd, 8639154.779, 113
Trd, 8639154.879, 97
Trd, 8639155.046, 97
Trd, 8639155.779, 119
Trd, 8639156.846, 128
Trd, 8639156.912, 120
Trd, 8639157.279, 118
Trd, 8639157.846, 140
Trd, 8639158.312, 105
Trd, 8639159.646, 96
Trd, 8639159.979, 109
Trd, 8639160.346, 133
Trd, 8639160.412, 109
Trd, 8639160.679, 86
Trd, 8639160.879, 101
Trd, 8639161.412, 117
Trd, 8639161.546, 115
Trd, 8639161.946, 89
Trd, 8639162.679, 96
Trd, 8639162.879, 91
Trd, 8639163.046, 83
Trd, 8639163.579, 117
Trd, 8639164.179, 136
Trd, 8639164.712, 137
Trd, 8639164.979, 80
Trd, 8639165.812, 114
Trd, 8639166.012, 112
Trd, 8639166.312, 105
Trd, 8639166.812, 110
Trd, 8639167.046, 126
Trd, 8639167.379, 129
Trd, 8639167.612, 70
Trd, 8639168.646, 98
Trd, 8639169.179, 124
Trd, 8639170.146, 100
Trd, 8639170.946, 115
Trd, 8639171.079, 117
Trd, 8639171.146, 104
Trd, 8639171.746, 72
Trd, 8639172.079, 128
Trd, 8639172.279, 61
Trd, 8639172.479, 133
Trd, 8639173.946, 130
Trd, 8639174.079, 124
Trd, 8639176.246, 119
Trd, 8639177.379, 140
Trd, 8639177.479, 130
Trd, 8639177.646, 120
Trd, 8639177.879, 99
Trd, 8639178.046, 107
Trd, 8639178.579, 108
Trd, 8639178.979, 127
Trd, 8639179.012, 107
Trd, 8639179.079, 116
Trd, 8639181.546, 134
Trd, 8639181.912, 125
Trd, 8639182.612, 134
Trd, 8639182.846, 117
Trd, 8639182.979, 116
Trd, 8639183.346, 138
Trd, 8639183.746, 109
Trd, 8639185.112, 138
Trd, 8639185.379, 125
Trd, 8639186.212, 130
Trd, 8639186.479, 132
Trd, 8639186.979, 139
Trd, 8639188.346, 122
Trd, 8639188.379, 117
Trd, 8639188.546, 93
Trd, 8639189.446, 107
Trd, 8639189.812, 126
Trd, 8639190.312, 139
Trd, 8639190.446, 133
Trd, 8639190.746, 139
Trd, 8639190.846, 135
Trd, 8639191.712, 108
Trd, 8639192.146, 97
Trd, 8639192.912, 95
Trd, 8639193.012, 87
Trd, 8639193.479, 112
Trd, 8639193.679, 105
Trd, 8639194.246, 125
Trd, 8639194.679, 132
Trd, 8639195.046, 130
Trd, 8639195.312, 137
Trd, 8639198.079, 113
Trd, 8639198.312, 81
Trd, 8639199.279, 137
Trd, 8639199.679, 102
Trd, 8639200.146, 131
Trd, 8639200.512, 119
Trd, 8639200.646, 126
Trd, 8639200.846, 116
Trd, 8639202.846, 140
Trd, 8639203.579, 139
Trd, 8639203.612, 135
Trd, 8639204.212, 129
Trd, 8639204.312, 126
Trd, 8639204.779, 115
Trd, 8639205.079, 118
Trd, 8639205.346, 106
Trd, 8639205.812, 108
Trd, 8639205.912, 97
Trd, 8639206.846, 112
Trd, 8639207.679, 139
Trd, 8639208.112, 107
Trd, 8639209.346, 120
Trd, 8639209.512, 120
Trd, 8639209.579, 127
Trd, 8639209.979, 115
Trd, 8639212.512, 132
Trd, 8639212.779, 115
Trd, 8639213.379, 131
Trd, 8639213.679, 119
Trd, 8639214.179, 135
Trd, 8639214.312, 123
Trd, 8639214.446, 90
Trd, 8639214.846, 76
Trd, 8639214.879, 104
Trd, 8639215.112, 132
Trd, 8639215.912, 139
Trd, 8639215.946, 90
Trd, 8639216.546, 117
Trd, 8639216.812, 111
Trd, 8639217.412, 116
Trd, 8639218.512, 134
Trd, 8639218.779, 133
Trd, 8639219.812, 123
Trd, 8639220.346, 137
Trd, 8639220.979, 109
Trd, 8639221.212, 111
Trd, 8639221.712, 140
Trd, 8639221.946, 123
Trd, 8639222.946, 133
Trd, 8639223.246, 101
Trd, 8639223.446, 101
Trd, 8639223.812, 129
Trd, 8639224.079, 97
Trd, 8639224.179, 101
Trd, 8639224.946, 109
Trd, 8639225.046, 115
Trd, 8639226.279, 133
Trd, 8639226.746, 113
Trd, 8639226.846, 108
Trd, 8639227.546, 136
Trd, 8639227.779, 124
Trd, 8639229.112, 130
Trd, 8639229.179, 123
Trd, 8639229.246, 121
Trd, 8639229.779, 92
Trd, 8639229.879, 77
Trd, 8639230.046, 71
Trd, 8639230.446, 120
Trd, 8639230.979, 115
Trd, 8639231.812, 139
Trd, 8639231.846, 114
Trd, 8639231.979, 88
Trd, 8639232.512, 81
Trd, 8639232.579, 89
Trd, 8639233.446, 94
Trd, 8639233.946, 77
Trd, 8639234.712, 83
Trd, 8639234.946, 81
Trd, 8639235.479, 123
Trd, 8639236.046, 133
Trd, 8639236.346, 117
Trd, 8639236.679, 114
Trd, 8639237.979, 108
Trd, 8639238.579, 133
Trd, 8639240.146, 126
Trd, 8639240.246, 124
Trd, 8639240.279, 119
Trd, 8639240.446, 117
Trd, 8639240.646, 117
Trd, 8639241.712, 138
Trd, 8639241.779, 134
Trd, 8639241.812, 129
Trd, 8639242.079, 132
Trd, 8639242.412, 110
Trd, 8639243.146, 86
Trd, 8639243.412, 133
Trd, 8639244.679, 122
Trd, 8639245.312, 118
Trd, 8639245.979, 132
Trd, 8639246.412, 138
Trd, 8639246.479, 114
Trd, 8639246.579, 102
Trd, 8639247.312, 109
Trd, 8639247.979, 85
Trd, 8639248.112, 88
Trd, 8639248.146, 120
Trd, 8639248.746, 118
Trd, 8639249.812, 128
Trd, 8639251.246, 112
Trd, 8639251.279, 93
Trd, 8639251.712, 62
Trd, 8639252.812, 122
Trd, 8639252.979, 77
Trd, 8639254.146, 135
Trd, 8639255.112, 127
Trd, 8639255.379, 122
Trd, 8639255.412, 114
Trd, 8639255.879, 126
Trd, 8639256.112, 105
Trd, 8639256.412, 115
Trd, 8639256.912, 140
Trd, 8639258.246, 94
Trd, 8639258.446, 130
Trd, 8639258.712, 115
Trd, 8639259.046, 112
Trd, 8639260.746, 119
Trd, 8639261.046, 127
Trd, 8639261.479, 108
Trd, 8639261.979, 87
Trd, 8639262.046, 85
Trd, 8639262.446, 90
Trd, 8639263.079, 117
Trd, 8639263.379, 123
Trd, 8639264.046, 116
Trd, 8639264.079, 97
Trd, 8639264.412, 139
Trd, 8639264.946, 136
Trd, 8639265.046, 94
Trd, 8639265.612, 95
Trd, 8639265.879, 117
Trd, 8639266.079, 116
Trd, 8639266.679, 136
Trd, 8639267.346, 139
Trd, 8639267.512, 131
Trd, 8639268.546, 133
Trd, 8639269.046, 118
Trd, 8639269.312, 110
Trd, 8639270.079, 137
Trd, 8639270.546, 104
Trd, 8639270.679, 101
Trd, 8639271.579, 105
Trd, 8639271.612, 102
Trd, 8639272.179, 97
Trd, 8639272.746, 136
Trd, 8639273.312, 107
Trd, 8639274.812, 122
Trd, 8639274.879, 126
Trd, 8639275.046, 107
Trd, 8639275.112, 95
Trd, 8639275.679, 90
Trd, 8639276.546, 124
Trd, 8639277.279, 130
Trd, 8639277.379, 124
Trd, 8639278.246, 127
Trd, 8639278.546, 113
Trd, 8639279.046, 122
Trd, 8639279.246, 111
Trd, 8639280.346, 121
Trd, 8639280.446, 120
Trd, 8639280.512, 110
Trd, 8639281.779, 88
Trd, 8639281.846, 82
Trd, 8639282.412, 104
Trd, 8639282.479, 106
Trd, 8639282.679, 88
Trd, 8639282.879, 87
Trd, 8639283.246, 92
Trd, 8639284.812, 122
Trd, 8639285.046, 84
Trd, 8639285.512, 96
Trd, 8639286.479, 140
Trd, 8639287.146, 138
Trd, 8639288.012, 126
Trd, 8639288.279, 114
Trd, 8639289.179, 102
Trd, 8639289.212, 94
Trd, 8639289.546, 109
Trd, 8639289.746, 85
Trd, 8639290.546, 102
Trd, 8639291.012, 103
Trd, 8639291.846, 81
Trd, 8639292.379, 86
Trd, 8639292.546, 78
Trd, 8639293.379, 77
Trd, 8639293.512, 114
Trd, 8639294.212, 120
Trd, 8639294.712, 95
Trd, 8639295.046, 104
Trd, 8639295.379, 109
Trd, 8639296.879, 138
Trd, 8639297.212, 120
Trd, 8639297.312, 115
Trd, 8639297.646, 129
Trd, 8639298.379, 132
Trd, 8639298.712, 112
Trd, 8639298.812, 139
Trd, 8639299.179, 107
Trd, 8639299.646, 89
Trd, 8639299.846, 110
Trd, 8639300.279, 132
Trd, 8639301.012, 106
Trd, 8639301.146, 95
Trd, 8639301.646, 136
Trd, 8639302.112, 114
Trd, 8639302.179, 68
Trd, 8639302.512, 92
Trd, 8639302.979, 94
Trd, 8639303.712, 127
Trd, 8639304.146, 140
Trd, 8639304.312, 102
Trd, 8639304.612, 92
Trd, 8639305.712, 140
Trd, 8639305.846, 98
Trd, 8639305.879, 120
Trd, 8639307.046, 103
Trd, 8639307.246, 104
Trd, 8639307.712, 95
Trd, 8639308.546, 110
Trd, 8639309.579, 127
Trd, 8639311.912, 124
Trd, 8639312.912, 137
Trd, 8639314.079, 129
Trd, 8639314.312, 113
Trd, 8639314.579, 111
Trd, 8639315.212, 119
Trd, 8639315.579, 120
Trd, 8639316.379, 129
Trd, 8639318.046, 136
Trd, 8639318.212, 133
Trd, 8639318.446, 124
Trd, 8639319.146, 120
Trd, 8639319.512, 116
Trd, 8639320.912, 126
Trd, 8639321.046, 100
Trd, 8639322.146, 90
Trd, 8639324.312, 140
Trd, 8639324.379, 133
Trd, 8639324.579, 125
Trd, 8639324.946, 122
Trd, 8639325.279, 140
Trd, 8639325.312, 140
Trd, 8639325.512, 133
Trd, 8639325.646, 119
Trd, 8639325.879, 135
Trd, 8639326.346, 90
Trd, 8639326.979, 131
Trd, 8639327.179, 101
Trd, 8639327.912, 124
Trd, 8639328.146, 78
Trd, 8639328.979, 113
Trd, 8639329.912, 134
Trd, 8639330.379, 130
Trd, 8639330.612, 111
Trd, 8639330.746, 104
Trd, 8639330.779, 103
Trd, 8639331.146, 130
Trd, 8639332.179, 114
Trd, 8639332.246, 100
Trd, 8639333.779, 118
Trd, 8639335.212, 140
Trd, 8639335.579, 139
Trd, 8639335.679, 122
Trd, 8639336.246, 114
Trd, 8639336.379, 116
Trd, 8639336.879, 107
Trd, 8639337.112, 108
Trd, 8639338.946, 112
Trd, 8639339.079, 137
Trd, 8639339.579, 135
Trd, 8639339.912, 93
Trd, 8639339.979, 98
Trd, 8639340.846, 97
Trd, 8639341.246, 113
Trd, 8639341.446, 109
Trd, 8639341.546, 116
Trd, 8639342.079, 140
Trd, 8639342.179, 136
Trd, 8639342.279, 120
Trd, 8639342.479, 95
Trd, 8639342.946, 103
Trd, 8639343.846, 127
Trd, 8639344.479, 114
Trd, 8639344.979, 126
Trd, 8639346.246, 118
Trd, 8639347.946, 116
Trd, 8639348.179, 138
Trd, 8639348.279, 129
Trd, 8639348.546, 104
Trd, 8639348.579, 100
Trd, 8639348.746, 123
Trd, 8639349.746, 127
Trd, 8639350.979, 134
Trd, 8639351.046, 97
Trd, 8639351.079, 80
Trd, 8639351.879, 99
Trd, 8639352.279, 132
Trd, 8639353.446, 134
Trd, 8639353.712, 95
Trd, 8639354.479, 75
Trd, 8639355.112, 112
Trd, 8639355.912, 128
Trd, 8639356.212, 77
Trd, 8639356.379, 90
Trd, 8639356.712, 126
Trd, 8639357.312, 110
Trd, 8639357.446, 104
Trd, 8639357.912, 110
Trd, 8639357.979, 129
Trd, 8639358.979, 114
Trd, 8639359.246, 109
Trd, 8639359.512, 96
Trd, 8639359.879, 112
Trd, 8639360.012, 111
Trd, 8639360.246, 119
Trd, 8639360.379, 122
Trd, 8639362.346, 132
Trd, 8639362.679, 139
Trd, 8639362.712, 108
Trd, 8639363.012, 60
Trd, 8639363.312, 84
Trd, 8639363.746, 98
Trd, 8639364.046, 125
Trd, 8639364.646, 114
Trd, 8639365.012, 114
Trd, 8639365.446, 126
Trd, 8639365.879, 113
Trd, 8639366.912, 77
Trd, 8639367.279, 116
Trd, 8639368.712, 139
Trd, 8639368.979, 119
Trd, 8639369.112, 114
Trd, 8639369.846, 98
Trd, 8639370.012, 94
Trd, 8639370.412, 97
Trd, 8639370.479, 88
Trd, 8639371.379, 133
Trd, 8639371.946, 140
Trd, 8639371.979, 131
Trd, 8639372.246, 130
Trd, 8639373.046, 128
Trd, 8639373.246, 127
Trd, 8639374.112, 133
Trd, 8639374.179, 125
Trd, 8639374.412, 120
Trd, 8639376.079, 139
Trd, 8639376.312, 113
Trd, 8639376.412, 110
Trd, 8639377.012, 117
Trd, 8639377.512, 131
Trd, 8639377.579, 91
Trd, 8639378.012, 134
Trd, 8639378.246, 88
Trd, 8639378.512, 135
Trd, 8639378.579, 112
Trd, 8639378.879, 130
Trd, 8639379.946, 125
Trd, 8639380.012, 113
Trd, 8639381.679, 123
Trd, 8639382.612, 100
Trd, 8639383.079, 88
Trd, 8639383.179, 118
Trd, 8639383.579, 94
Trd, 8639384.046, 105
Trd, 8639384.312, 116
Trd, 8639385.312, 127
Trd, 8639385.512, 128
Trd, 8639385.879, 137
Trd, 8639386.346, 112
Trd, 8639386.412, 109
Trd, 8639386.679, 122
Trd, 8639386.712, 124
Trd, 8639387.279, 139
Trd, 8639387.579, 99
Trd, 8639387.712, 112
Trd, 8639388.646, 135
Trd, 8639389.212, 134
Trd, 8639390.946, 140
Trd, 8639391.412, 137
Trd, 8639391.712, 117
Trd, 8639392.446, 130
Trd, 8639392.779, 133
Trd, 8639393.079, 125
Trd, 8639393.246, 122
Trd, 8639393.579, 100
Trd, 8639393.946, 97
Trd, 8639394.479, 118
Trd, 8639394.779, 106
Trd, 8639394.912, 105
Trd, 8639395.879, 127
Trd, 8639395.979, 129
Trd, 8639396.212, 128
Trd, 8639396.579, 129
Trd, 8639398.379, 139
Trd, 8639398.412, 125
Trd, 8639398.879, 119
Trd, 8639398.912, 122
Trd, 8639399.479, 121
Trd, 8639400.446, 106
Trd, 8639401.946, 102
Trd, 8639402.279, 83
Trd, 8639402.646, 85
Trd, 8639402.746, 70
Trd, 8639403.446, 124
Trd, 8639403.946, 112
Trd, 8639404.179, 107
Trd, 8639404.346, 122
Trd, 8639404.712, 95
Trd, 8639406.579, 108
Trd, 8639407.179, 119
Trd, 8639407.212, 103
Trd, 8639407.346, 112
Trd, 8639408.212, 114
Trd, 8639408.812, 133
Trd, 8639410.179, 137
Trd, 8639410.646, 124
Trd, 8639410.779, 113
Trd, 8639410.979, 99
Trd, 8639411.146, 93
Trd, 8639411.546, 114
Trd, 8639412.112, 138
Trd, 8639412.412, 131
Trd, 8639413.246, 113
Trd, 8639414.146, 116
Trd, 8639414.279, 104
Trd, 8639414.579, 95
Trd, 8639416.246, 122
Trd, 8639416.646, 125
Trd, 8639416.812, 121
Trd, 8639417.346, 114
Trd, 8639417.846, 138
Trd, 8639418.146, 140
Trd, 8639418.246, 128
Trd, 8639418.279, 126
Trd, 8639418.579, 75
Trd, 8639418.879, 66
Trd, 8639420.946, 138
Trd, 8639422.012, 124
Trd, 8639422.379, 118
Trd, 8639422.812, 113
Trd, 8639423.112, 86
Trd, 8639423.246, 116
Trd, 8639423.779, 134
Trd, 8639424.312, 114
Trd, 8639424.512, 113
Trd, 8639424.612, 102
Trd, 8639425.079, 128
Trd, 8639426.646, 123
Trd, 8639427.312, 140
Trd, 8639428.112, 102
Trd, 8639428.479, 138
Trd, 8639429.046, 131
Trd, 8639429.412, 131
Trd, 8639429.846, 134
Trd, 8639431.012, 137
Trd, 8639431.212, 116
Trd, 8639431.546, 115
Trd, 8639431.579, 92
Trd, 8639432.546, 97
Trd, 8639433.112, 105
Trd, 8639433.712, 112
Trd, 8639434.912, 140
Trd, 8639435.046, 95
Trd, 8639435.179, 91
Trd, 8639435.312, 87
Trd, 8639435.512, 79
Trd, 8639435.779, 102
Trd, 8639435.979, 123
Trd, 8639436.912, 140
Trd, 8639437.879, 113
Trd, 8639438.612, 108
Trd, 8639438.679, 139
Trd, 8639438.846, 136
Trd, 8639439.779, 101
Trd, 8639439.979, 92
Trd, 8639440.079, 124
Trd, 8639440.679, 132
Trd, 8639440.812, 91
Trd, 8639441.646, 115
Trd, 8639442.046, 103
Trd, 8639442.779, 109
Trd, 8639443.046, 117
Trd, 8639443.146, 81
Trd, 8639443.212, 99
Trd, 8639444.712, 107
Trd, 8639444.879, 86
Trd, 8639445.312, 72
Trd, 8639445.846, 136
Trd, 8639446.579, 139
Trd, 8639446.646, 126
Trd, 8639446.946, 134
Trd, 8639447.379, 130
Trd, 8639448.046, 99
Trd, 8639448.346, 104
Trd, 8639448.579, 112
Trd, 8639449.146, 104
Trd, 8639449.646, 111
Trd, 8639450.679, 101
Trd, 8639450.879, 124
Trd, 8639451.612, 110
Trd, 8639451.912, 125
Trd, 8639452.546, 105
Trd, 8639452.612, 115
Trd, 8639453.179, 69
Trd, 8639454.046, 82
Trd, 8639454.112, 65
Trd, 8639454.412, 140
Trd, 8639454.612, 127
Trd, 8639456.579, 135
Trd, 8639456.679, 124
Trd, 8639457.046, 111
Trd, 8639457.246, 137
Trd, 8639457.612, 97
Trd, 8639457.746, 93
Trd, 8639457.946, 124
Trd, 8639458.046, 73
Trd, 8639458.712, 110
Trd, 8639459.112, 124
Trd, 8639460.246, 132
Trd, 8639462.612, 139
Trd, 8639463.012, 140
Trd, 8639463.046, 118
Trd, 8639463.812, 118
Trd, 8639464.079, 108
Trd, 8639464.846, 101
Trd, 8639465.346, 127
Trd, 8639465.412, 125
Trd, 8639466.146, 119
Trd, 8639466.312, 83
Trd, 8639466.912, 101
Trd, 8639467.579, 87
Trd, 8639467.746, 96
Trd, 8639468.046, 68
Trd, 8639468.546, 97
Trd, 8639468.846, 78
Trd, 8639468.879, 124
Trd, 8639470.079, 116
Trd, 8639470.779, 87
Trd, 8639471.212, 77
Trd, 8639471.246, 88
Trd, 8639472.079, 124
Trd, 8639472.246, 116
Trd, 8639472.346, 107
Trd, 8639472.446, 101
Trd, 8639472.846, 86
Trd, 8639474.612, 103
Trd, 8639474.946, 135
Trd, 8639476.079, 134
Trd, 8639476.446, 130
Trd, 8639476.879, 123
Trd, 8639478.279, 137
Trd, 8639479.412, 132
Trd, 8639480.246, 123
Trd, 8639480.946, 113
Trd, 8639481.146, 132
Trd, 8639481.312, 116
Trd, 8639481.479, 140
Trd, 8639481.812, 136
Trd, 8639482.512, 134
Trd, 8639483.079, 124
Trd, 8639483.112, 121
Trd, 8639483.712, 138
Trd, 8639484.012, 132
Trd, 8639484.846, 140
Trd, 8639484.912, 138
Trd, 8639485.846, 90
Trd, 8639486.912, 129
Trd, 8639487.479, 103
Trd, 8639488.512, 96
Trd, 8639488.979, 91
Trd, 8639489.846, 133
Trd, 8639489.979, 114
Trd, 8639491.312, 137
Trd, 8639491.446, 131
Trd, 8639492.312, 127
Trd, 8639492.712, 128
Trd, 8639492.879, 119
Trd, 8639493.546, 110
Trd, 8639493.979, 96
Trd, 8639494.112, 70
Trd, 8639495.279, 118
Trd, 8639495.779, 83
Trd, 8639496.312, 108
Trd, 8639497.246, 128
Trd, 8639497.512, 134
Trd, 8639498.079, 130
Trd, 8639498.512, 110
Trd, 8639499.179, 90
Trd, 8639499.346, 97
Trd, 8639499.446, 78
Trd, 8639500.212, 105
Trd, 8639501.212, 127
Trd, 8639501.379, 132
Trd, 8639502.246, 138
Trd, 8639502.279, 122
Trd, 8639502.712, 102
Trd, 8639503.446, 117
Trd, 8639504.179, 105
Trd, 8639504.412, 103
Trd, 8639504.712, 119
Trd, 8639505.246, 90
Trd, 8639505.712, 112
Trd, 8639506.312, 113
Trd, 8639506.612, 114
Trd, 8639507.146, 112
Trd, 8639507.379, 79
Trd, 8639507.512, 132
Trd, 8639507.779, 130
Trd, 8639508.179, 73
Trd, 8639510.112, 132
Trd, 8639510.479, 135
Trd, 8639511.246, 110
Trd, 8639511.479, 116
Trd, 8639511.812, 120
Trd, 8639512.546, 109
Trd, 8639512.646, 109
Trd, 8639512.846, 118
Trd, 8639513.279, 118
Trd, 8639513.646, 108
Trd, 8639514.146, 103
Trd, 8639514.346, 88
Trd, 8639515.379, 101
Trd, 8639515.879, 125
Trd, 8639516.212, 140
Trd, 8639516.912, 135
Trd, 8639517.479, 99
Trd, 8639518.112, 118
Trd, 8639518.212, 121
Trd, 8639519.679, 132
Trd, 8639520.712, 123
Trd, 8639521.412, 136
Trd, 8639522.746, 121
Trd, 8639522.879, 134
Trd, 8639523.479, 115
Trd, 8639523.579, 108
Trd, 8639523.646, 92
Trd, 8639523.912, 90
Trd, 8639524.579, 118
Trd, 8639525.012, 114
Trd, 8639525.212, 108
Trd, 8639525.379, 124
Trd, 8639525.479, 78
Trd, 8639525.712, 83
Trd, 8639526.379, 65
Trd, 8639526.646, 74
Trd, 8639527.079, 105
Trd, 8639527.179, 122
Trd, 8639527.279, 103
Trd, 8639528.379, 136
Trd, 8639528.979, 137
Trd, 8639530.146, 136
Trd, 8639531.846, 125
Trd, 8639532.079, 137
Trd, 8639532.746, 116
Trd, 8639532.879, 111
Trd, 8639532.912, 118
Trd, 8639532.979, 109
Trd, 8639533.012, 106
Trd, 8639533.046, 85
Trd, 8639533.446, 97
Trd, 8639533.712, 99
Trd, 8639534.579, 132
Trd, 8639534.746, 128
Trd, 8639535.079, 104
Trd, 8639535.412, 94
Trd, 8639536.746, 123
Trd, 8639537.779, 127
Trd, 8639537.846, 107
Trd, 8639538.312, 83
Trd, 8639538.612, 111
Trd, 8639538.812, 106
Trd, 8639539.379, 130
Trd, 8639539.612, 130
Trd, 8639540.246, 137
Trd, 8639540.479, 130
Trd, 8639541.112, 135
Trd, 8639542.479, 103
Trd, 8639542.579, 99
Trd, 8639542.946, 100
Trd, 8639543.479, 99
Trd, 8639544.212, 120
Trd, 8639544.679, 122
Trd, 8639544.746, 135
Trd, 8639545.146, 123
Trd, 8639545.579, 119
Trd, 8639545.712, 130
Trd, 8639546.512, 113
Trd, 8639547.112, 106
Trd, 8639548.046, 104
Trd, 8639548.579, 101
Trd, 8639549.012, 86
Trd, 8639549.446, 140
Trd, 8639549.646, 82
Trd, 8639549.879, 90
Trd, 8639550.879, 80
Trd, 8639550.912, 76
Trd, 8639552.012, 128
Trd, 8639552.946, 126
Trd, 8639553.979, 124
Trd, 8639554.212, 109
Trd, 8639554.412, 134
Trd, 8639554.612, 135
Trd, 8639554.779, 115
Trd, 8639555.546, 135
Trd, 8639555.879, 124
Trd, 8639556.479, 115
Trd, 8639556.846, 85
Trd, 8639557.312, 78
Trd, 8639557.346, 127
Trd, 8639558.246, 126
Trd, 8639558.379, 129
Trd, 8639558.479, 70
Trd, 8639559.312, 132
Trd, 8639560.179, 118
Trd, 8639560.912, 92
Trd, 8639561.112, 110
Trd, 8639561.246, 101
Trd, 8639561.712, 116
Trd, 8639562.046, 88
Trd, 8639562.346, 119
Trd, 8639564.912, 111
Trd, 8639565.179, 115
Trd, 8639565.246, 134
Trd, 8639565.579, 131
Trd, 8639566.346, 133
Trd, 8639567.512, 124
Trd, 8639567.779, 111
Trd, 8639568.246, 106
Trd, 8639568.446, 117
Trd, 8639569.679, 116
Trd, 8639570.146, 125
Trd, 8639570.612, 119
Trd, 8639570.679, 124
Trd, 8639571.646, 135
Trd, 8639571.746, 112
Trd, 8639572.179, 106
Trd, 8639572.646, 102
Trd, 8639573.046, 85
Trd, 8639573.379, 114
Trd, 8639573.579, 80
Trd, 8639573.979, 78
Trd, 8639574.246, 95
Trd, 8639574.412, 130
Trd, 8639575.412, 139
Trd, 8639575.912, 138
Trd, 8639577.579, 132
Trd, 8639577.646, 130
Trd, 8639577.912, 125
Trd, 8639578.379, 105
Trd, 8639578.446, 95
Trd, 8639578.646, 99
Trd, 8639580.012, 135
Trd, 8639580.246, 104
Trd, 8639580.512, 110
Trd, 8639581.479, 138
Trd, 8639581.979, 124
Trd, 8639582.679, 135
Trd, 8639583.112, 113
Trd, 8639583.379, 126
Trd, 8639583.779, 103
Trd, 8639583.812, 91
Trd, 8639583.879, 86
Trd, 8639584.212, 91
Trd, 8639584.679, 134
Trd, 8639584.946, 106
Trd, 8639586.046, 90
Trd, 8639586.779, 81
Trd, 8639587.779, 124
Trd, 8639588.446, 134
Trd, 8639589.279, 136
Trd, 8639591.046, 124
Trd, 8639591.612, 124
Trd, 8639591.912, 102
Trd, 8639592.246, 131
Trd, 8639592.412, 122
Trd, 8639592.579, 115
Trd, 8639593.046, 118
Trd, 8639593.179, 125
Trd, 8639593.412, 102
Trd, 8639593.812, 133
Trd, 8639594.246, 111
Trd, 8639595.346, 139
Trd, 8639595.912, 132
Trd, 8639595.946, 123
Trd, 8639596.579, 92
Trd, 8639597.079, 130
Trd, 8639597.446, 117
Trd, 8639597.679, 105
Trd, 8639599.379, 132
Trd, 8639599.512, 126
Trd, 8639600.146, 139
Trd, 8639601.146, 132
Trd, 8639601.646, 129
Trd, 8639601.812, 110
Trd, 8639602.012, 109
Trd, 8639602.212, 103
Trd, 8639603.046, 133
Trd, 8639603.112, 93
Trd, 8639603.512, 89
Trd, 8639603.812, 97
Trd, 8639603.946, 97
Trd, 8639603.979, 103
Trd, 8639604.812, 107
Trd, 8639605.679, 121
Trd, 8639606.279, 131
Trd, 8639606.346, 92
Trd, 8639606.479, 116
Trd, 8639608.012, 132
Trd, 8639608.512, 111
Trd, 8639608.779, 137
Trd, 8639609.646, 99
Trd, 8639609.846, 121
Trd, 8639610.379, 107
Trd, 8639611.312, 89
Trd, 8639611.646, 128
Trd, 8639611.912, 109
Trd, 8639612.246, 140
Trd, 8639612.379, 126
Trd, 8639612.646, 92
Trd, 8639612.779, 133
Trd, 8639615.112, 132
Trd, 8639615.312, 125
Trd, 8639615.946, 138
Trd, 8639616.012, 100
Trd, 8639616.179, 96
Trd, 8639616.912, 104
Trd, 8639617.779, 140
Trd, 8639618.212, 137
Trd, 8639619.179, 125
Trd, 8639619.379, 133
Trd, 8639619.846, 113
Trd, 8639620.112, 112
Trd, 8639620.179, 123
Trd, 8639620.579, 107
Trd, 8639620.946, 102
Trd, 8639621.779, 102
Trd, 8639622.079, 133
Trd, 8639623.146, 103
Trd, 8639624.012, 123
Trd, 8639624.346, 102
Trd, 8639624.979, 125
Trd, 8639625.279, 129
Trd, 8639625.946, 130
Trd, 8639626.346, 127
Trd, 8639626.479, 125
Trd, 8639626.646, 88
Trd, 8639627.812, 105
Trd, 8639628.312, 134
Trd, 8639628.546, 107
Trd, 8639629.146, 104
Trd, 8639629.946, 108
Trd, 8639630.412, 108
Trd, 8639631.279, 131
Trd, 8639631.879, 128
Trd, 8639632.812, 116
Trd, 8639633.412, 137
Trd, 8639634.579, 137
Trd, 8639634.746, 123
Trd, 8639635.046, 120
Trd, 8639635.279, 137
Trd, 8639636.046, 126
Trd, 8639636.212, 122
Trd, 8639636.712, 131
Trd, 8639636.912, 123
Trd, 8639637.579, 116
Trd, 8639637.879, 109
Trd, 8639638.712, 101
Trd, 8639638.879, 112
Trd, 8639639.279, 126
Trd, 8639640.212, 128
Trd, 8639640.779, 124
Trd, 8639641.412, 128
Trd, 8639641.612, 116
Trd, 8639642.346, 121
Trd, 8639642.546, 111
Trd, 8639643.179, 110
Trd, 8639643.912, 119
Trd, 8639644.179, 136
Trd, 8639644.412, 137
Trd, 8639645.246, 111
Trd, 8639645.512, 119
Trd, 8639646.346, 117
Trd, 8639646.746, 133
Trd, 8639648.246, 121
Trd, 8639648.312, 115
Trd, 8639648.646, 114
Trd, 8639649.179, 106
Trd, 8639649.246, 101
Trd, 8639649.879, 110
Trd, 8639650.546, 82
Trd, 8639650.846, 122
Trd, 8639650.979, 72
Trd, 8639651.712, 117
Trd, 8639651.746, 89
Trd, 8639652.079, 122
Trd, 8639654.012, 122
Trd, 8639654.212, 120
Trd, 8639654.646, 119
Trd, 8639655.679, 101
Trd, 8639655.946, 133
Trd, 8639656.146, 123
Trd, 8639656.646, 138
Trd, 8639657.279, 103
Trd, 8639657.679, 125
Trd, 8639658.279, 124
Trd, 8639658.679, 132
Trd, 8639659.446, 123
Trd, 8639659.546, 108
Trd, 8639660.812, 126
Trd, 8639660.946, 112
Trd, 8639662.212, 128
Trd, 8639663.312, 126
Trd, 8639663.879, 131
Trd, 8639664.079, 117
Trd, 8639664.179, 112
Trd, 8639664.379, 133
Trd, 8639664.412, 108
Trd, 8639664.479, 73
Trd, 8639665.146, 67
Trd, 8639665.679, 79
Trd, 8639666.479, 120
Trd, 8639666.946, 117
Trd, 8639666.979, 95
Trd, 8639667.079, 123
Trd, 8639667.979, 139
Trd, 8639668.112, 133
Trd, 8639668.612, 137
Trd, 8639669.279, 140
Trd, 8639669.312, 130
Trd, 8639669.679, 128
Trd, 8639669.779, 116
Trd, 8639670.112, 112
Trd, 8639670.312, 111
Trd, 8639670.979, 121
Trd, 8639671.479, 103
Trd, 8639672.279, 132
Trd, 8639672.312, 118
Trd, 8639673.379, 132
Trd, 8639673.446, 121
Trd, 8639673.479, 107
Trd, 8639673.612, 102
Trd, 8639675.279, 110
Trd, 8639675.812, 109
Trd, 8639676.946, 126
Trd, 8639676.979, 127
Trd, 8639677.546, 124
Trd, 8639678.246, 138
Trd, 8639679.246, 139
Trd, 8639679.546, 129
Trd, 8639680.312, 127
Trd, 8639680.446, 140
Trd, 8639681.079, 120
Trd, 8639681.146, 117
Trd, 8639681.246, 115
Trd, 8639681.879, 129
Trd, 8639682.546, 116
Trd, 8639682.579, 84
Trd, 8639683.579, 103
Trd, 8639683.746, 92
Trd, 8639683.812, 78
Trd, 8639684.479, 140
Trd, 8639684.979, 114
Trd, 8639685.146, 115
Trd, 8639685.412, 137
Trd, 8639685.779, 106
Trd, 8639686.612, 105
Trd, 8639686.912, 111
Trd, 8639687.879, 125
Trd, 8639687.979, 86
Trd, 8639688.346, 129
Trd, 8639690.079, 112
Trd, 8639690.679, 132
Trd, 8639690.879, 129
Trd, 8639691.479, 136
Trd, 8639691.579, 128
Trd, 8639692.846, 109
Trd, 8639693.879, 122
Trd, 8639693.979, 131
Trd, 8639694.046, 97
Trd, 8639694.179, 136
Trd, 8639694.546, 138
Trd, 8639695.646, 78
Trd, 8639695.812, 76
Trd, 8639695.879, 86
Trd, 8639696.012, 70
Trd, 8639696.379, 103
Trd, 8639696.946, 96
Trd, 8639698.046, 133
Trd, 8639698.446, 117
Trd, 8639698.879, 121
Trd, 8639699.546, 137
Trd, 8639699.579, 135
Trd, 8639700.379, 135
Trd, 8639700.712, 108
Trd, 8639700.946, 130
Trd, 8639701.079, 84
Trd, 8639701.779, 102
Trd, 8639702.079, 95
Trd, 8639703.012, 127
Trd, 8639703.312, 120
Trd, 8639703.346, 96
Trd, 8639703.379, 95
Trd, 8639704.346, 123
Trd, 8639705.046, 139
Trd, 8639705.946, 117
Trd, 8639706.012, 107
Trd, 8639706.046, 106
Trd, 8639707.379, 100
Trd, 8639707.779, 113
Trd, 8639708.212, 110
Trd, 8639709.112, 71
Trd, 8639709.379, 118
Trd, 8639710.112, 104
Trd, 8639710.246, 101
Trd, 8639711.146, 120
Trd, 8639712.112, 111
Trd, 8639712.712, 111
Trd, 8639712.846, 102
Trd, 8639712.946, 123
Trd, 8639713.479, 91
Trd, 8639713.546, 90
Trd, 8639713.746, 133
Trd, 8639713.779, 90
Trd, 8639714.612, 68
Trd, 8639714.946, 140
Trd, 8639715.012, 137
Trd, 8639716.346, 127
Trd, 8639716.446, 117
Trd, 8639716.546, 106
Trd, 8639717.946, 119
Trd, 8639718.412, 107
Trd, 8639719.379, 94
Trd, 8639719.512, 99
Trd, 8639719.779, 87
Trd, 8639719.879, 111
Trd, 8639720.212, 110
Trd, 8639720.279, 85
Trd, 8639722.479, 131
Trd, 8639723.379, 99
Trd, 8639724.412, 131
Trd, 8639724.679, 136
Trd, 8639726.612, 128
Trd, 8639726.746, 113
Trd, 8639727.246, 114
Trd, 8639727.812, 127
Trd, 8639728.279, 127
Trd, 8639728.379, 120
Trd, 8639728.812, 105
Trd, 8639729.046, 106
Trd, 8639729.146, 120
Trd, 8639730.046, 124
Trd, 8639730.312, 128
Trd, 8639730.446, 118
Trd, 8639730.612, 77
Trd, 8639731.546, 100
Trd, 8639732.279, 88
Trd, 8639732.912, 107
Trd, 8639733.379, 112
Trd, 8639734.112, 137
Trd, 8639734.579, 100
Trd, 8639734.879, 92
Trd, 8639734.979, 82
Trd, 8639735.412, 78
Trd, 8639736.246, 113
Trd, 8639737.112, 85
Trd, 8639737.246, 98
Trd, 8639737.712, 105
Trd, 8639737.746, 88
Trd, 8639738.546, 138
Trd, 8639738.646, 126
Trd, 8639739.546, 136
Trd, 8639739.979, 107
Trd, 8639740.146, 118
Trd, 8639740.512, 99
Trd, 8639741.379, 123
Trd, 8639741.679, 126
Trd, 8639742.246, 104
Trd, 8639742.346, 94
Trd, 8639743.146, 99
Trd, 8639743.746, 136
Trd, 8639743.946, 124
Trd, 8639745.212, 126
Trd, 8639745.346, 103
Trd, 8639746.112, 105
Trd, 8639749.112, 110
Trd, 8639750.379, 114
Trd, 8639750.512, 111
Trd, 8639750.779, 107
Trd, 8639750.846, 117
Trd, 8639751.012, 123
Trd, 8639751.879, 119
Trd, 8639752.512, 138
Trd, 8639753.746, 118
Trd, 8639753.846, 107
Trd, 8639754.346, 131
Trd, 8639754.646, 126
Trd, 8639754.679, 95
Trd, 8639754.912, 127
Trd, 8639755.812, 140
Trd, 8639757.212, 130
Trd, 8639757.379, 101
Trd, 8639758.312, 126
Trd, 8639759.012, 126
Trd, 8639759.579, 136
Trd, 8639759.846, 135
Trd, 8639760.279, 116
Trd, 8639760.712, 111
Trd, 8639760.746, 109
Trd, 8639762.179, 140
Trd, 8639762.279, 114
Trd, 8639762.679, 113
Trd, 8639763.246, 103
Trd, 8639763.679, 134
Trd, 8639764.012, 95
Trd, 8639764.612, 138
Trd, 8639764.679, 125
Trd, 8639765.179, 121
Trd, 8639765.612, 125
Trd, 8639765.712, 119
Trd, 8639765.912, 129
Trd, 8639766.079, 111
Trd, 8639766.279, 98
Trd, 8639767.346, 90
Trd, 8639768.446, 108
Trd, 8639768.712, 125
Trd, 8639769.512, 121
Trd, 8639769.546, 125
Trd, 8639769.646, 102
Trd, 8639770.646, 137
Trd, 8639771.246, 135
Trd, 8639771.646, 129
Trd, 8639772.379, 118
Trd, 8639772.912, 119
Trd, 8639773.812, 80
Trd, 8639773.879, 79
Trd, 8639774.012, 76
Trd, 8639774.579, 96
Trd, 8639775.612, 82
Trd, 8639776.046, 109
Trd, 8639776.479, 133
Trd, 8639776.679, 90
Trd, 8639776.846, 69
Trd, 8639777.379, 114
Trd, 8639777.579, 68
Trd, 8639777.679, 119
Trd, 8639778.946, 128
Trd, 8639780.279, 140
Trd, 8639780.679, 132
Trd, 8639781.046, 140
Trd, 8639781.746, 136
Trd, 8639781.846, 124
Trd, 8639782.679, 135
Trd, 8639782.812, 123
Trd, 8639782.912, 130
Trd, 8639783.146, 129
Trd, 8639783.512, 139
Trd, 8639785.112, 133
Trd, 8639785.712, 119
Trd, 8639785.812, 109
Trd, 8639786.612, 117
Trd, 8639787.746, 135
Trd, 8639788.179, 108
Trd, 8639788.312, 131
Trd, 8639788.712, 122
Trd, 8639789.212, 125
Trd, 8639789.779, 112
Trd, 8639789.812, 104
Trd, 8639790.279, 136
Trd, 8639790.612, 129
Trd, 8639790.712, 94
Trd, 8639791.746, 126
Trd, 8639793.046, 136
Trd, 8639793.379, 128
Trd, 8639793.512, 123
Trd, 8639794.646, 89
Trd, 8639795.779, 137
Trd, 8639796.246, 132
Trd, 8639796.512, 125
Trd, 8639796.812, 110
Trd, 8639797.079, 131
Trd, 8639797.112, 127
Trd, 8639797.379, 92
Trd, 8639798.179, 83
Trd, 8639798.812, 137
Trd, 8639800.046, 132
Trd, 8639800.279, 112
Trd, 8639800.512, 93
Trd, 8639800.846, 112
Trd, 8639801.279, 105
Trd, 8639801.879, 140
Trd, 8639802.179, 130
Trd, 8639802.746, 129
Trd, 8639803.712, 115
Trd, 8639804.012, 111
Trd, 8639804.179, 129
Trd, 8639804.212, 109
Trd, 8639805.046, 107
Trd, 8639805.446, 99
Trd, 8639805.512, 91
Trd, 8639805.846, 81
Trd, 8639808.012, 121
Trd, 8639808.179, 118
Trd, 8639808.412, 112
Trd, 8639808.712, 134
Trd, 8639809.046, 127
Trd, 8639810.512, 131
Trd, 8639810.812, 137
Trd, 8639811.479, 131
Trd, 8639811.612, 125
Trd, 8639812.012, 108
Trd, 8639812.246, 105
Trd, 8639812.579, 98
Trd, 8639813.412, 100
Trd, 8639813.546, 98
Trd, 8639814.479, 130
Trd, 8639815.379, 135
Trd, 8639815.746, 139
Trd, 8639815.779, 125
Trd, 8639815.879, 96
Trd, 8639816.912, 100
Trd, 8639817.279, 70
Trd, 8639817.412, 73
Trd, 8639818.846, 135
Trd, 8639819.212, 129
Trd, 8639819.279, 116
Trd, 8639819.612, 103
Trd, 8639819.846, 102
Trd, 8639820.712, 122
Trd, 8639820.879, 120
Trd, 8639821.012, 90
Trd, 8639822.479, 140
Trd, 8639822.746, 112
Trd, 8639823.246, 90
Trd, 8639823.446, 93
Trd, 8639823.979, 98
Trd, 8639824.512, 111
Trd, 8639824.846, 138
Trd, 8639825.112, 91
Trd, 8639825.779, 96
Trd, 8639826.812, 120
Trd, 8639826.879, 117
Trd, 8639827.546, 105
Trd, 8639828.046, 109
Trd, 8639828.379, 112
Trd, 8639828.812, 135
Trd, 8639830.212, 136
Trd, 8639830.579, 110
Trd, 8639830.846, 135
Trd, 8639832.946, 140
Trd, 8639833.179, 126
Trd, 8639833.379, 127
Trd, 8639834.046, 135
Trd, 8639834.279, 121
Trd, 8639834.312, 110
Trd, 8639834.446, 105
Trd, 8639835.212, 135
Trd, 8639835.812, 95
Trd, 8639836.246, 134
Trd, 8639836.612, 102
Trd, 8639837.079, 109
Trd, 8639837.312, 120
Trd, 8639838.112, 135
Trd, 8639840.712, 116
Trd, 8639840.946, 108
Trd, 8639841.112, 131
Trd, 8639842.012, 133
Trd, 8639842.779, 131
Trd, 8639842.979, 129
Trd, 8639844.312, 136
Trd, 8639844.879, 125
Trd, 8639845.012, 101
Trd, 8639845.146, 93
Trd, 8639845.379, 108
Trd, 8639845.746, 96
Trd, 8639847.546, 134
Trd, 8639847.879, 133
Trd, 8639848.079, 113
Trd, 8639848.846, 97
Trd, 8639849.012, 91
Trd, 8639849.512, 88
Trd, 8639850.012, 104
Trd, 8639850.979, 104
Trd, 8639851.179, 136
Trd, 8639852.146, 114
Trd, 8639852.346, 104
Trd, 8639852.379, 102
Trd, 8639852.546, 132
Trd, 8639853.212, 138
Trd, 8639853.246, 125
Trd, 8639853.579, 83
Trd, 8639854.346, 126
Trd, 8639854.912, 81
Trd, 8639855.479, 80
Trd, 8639855.646, 60
Trd, 8639855.712, 85
Trd, 8639856.212, 102
Trd, 8639857.146, 119
Trd, 8639857.379, 88
Trd, 8639857.446, 86
Trd, 8639857.612, 136
Trd, 8639858.646, 135
Trd, 8639858.746, 130
Trd, 8639859.279, 117
Trd, 8639860.612, 139
Trd, 8639860.712, 139
Trd, 8639861.112, 131
Trd, 8639861.479, 127
Trd, 8639861.779, 113
Trd, 8639862.079, 89
Trd, 8639862.512, 110
Trd, 8639862.646, 105
Trd, 8639862.912, 129
Trd, 8639863.546, 139
Trd, 8639863.946, 92
Trd, 8639864.179, 109
Trd, 8639864.512, 97
Trd, 8639866.179, 131
Trd, 8639866.546, 102
Trd, 8639867.146, 94
Trd, 8639867.512, 139
Trd, 8639868.046, 133
Trd, 8639868.279, 112
Trd, 8639869.246, 101
Trd, 8639869.946, 138
Trd, 8639871.546, 127
Trd, 8639872.012, 118
Trd, 8639873.512, 133
Trd, 8639873.946, 115
Trd, 8639874.112, 131
Trd, 8639874.212, 108
Trd, 8639874.246, 98
Trd, 8639874.679, 92
Trd, 8639875.312, 89
Trd, 8639875.379, 73
Trd, 8639875.712, 125
Trd, 8639876.079, 94
Trd, 8639876.846, 119
Trd, 8639877.146, 120
Trd, 8639877.612, 105
Trd, 8639877.912, 120
Trd, 8639878.746, 133
Trd, 8639878.912, 121
Trd, 8639880.312, 94
Trd, 8639880.612, 77
Trd, 8639880.812, 85
Trd, 8639880.879, 72
Trd, 8639881.079, 139
Trd, 8639882.112, 95
Trd, 8639882.512, 98
Trd, 8639883.379, 103
Trd, 8639883.912, 124
Trd, 8639884.512, 109
Trd, 8639884.746, 90
Trd, 8639885.646, 83
Trd, 8639885.779, 87
Trd, 8639886.046, 116
Trd, 8639886.746, 133
Trd, 8639886.979, 121
Trd, 8639887.512, 128
Trd, 8639887.679, 116
Trd, 8639887.712, 96
Trd, 8639888.212, 118
Trd, 8639889.012, 132
Trd, 8639890.179, 113
Trd, 8639890.779, 114
Trd, 8639892.012, 131
Trd, 8639892.712, 140
Trd, 8639892.779, 139
Trd, 8639893.746, 136
Trd, 8639894.012, 115
Trd, 8639894.312, 105
Trd, 8639894.412, 109
Trd, 8639895.179, 118
Trd, 8639896.279, 126
Trd, 8639896.812, 130
Trd, 8639897.079, 134
Trd, 8639897.212, 120
Trd, 8639897.579, 115
Trd, 8639897.779, 81
Trd, 8639897.812, 125
Trd, 8639898.279, 115
Trd, 8639899.446, 76
Trd, 8639900.079, 102
Trd, 8639901.079, 124
Trd, 8639901.312, 112
Trd, 8639902.212, 112
Trd, 8639902.479, 98
Trd, 8639904.012, 132
Trd, 8639904.712, 130
Trd, 8639904.879, 124
Trd, 8639905.046, 83
Trd, 8639905.246, 129
Trd, 8639905.912, 126
Trd, 8639906.446, 104
Trd, 8639906.912, 97
Trd, 8639907.046, 119
Trd, 8639907.412, 123
Trd, 8639907.812, 119
Trd, 8639908.679, 133
Trd, 8639908.879, 116
Trd, 8639909.212, 104
Trd, 8639909.512, 140
Trd, 8639909.846, 108
Trd, 8639910.779, 133
Trd, 8639911.879, 132
Trd, 8639912.479, 124
Trd, 8639913.712, 130
Trd, 8639913.746, 107
Trd, 8639914.612, 136
Trd, 8639914.812, 103
Trd, 8639915.446, 137
Trd, 8639915.779, 123
Trd, 8639916.446, 94
Trd, 8639916.579, 98
Trd, 8639916.946, 102
Trd, 8639917.479, 106
Trd, 8639917.846, 92
Trd, 8639918.646, 131
Trd, 8639918.746, 123
Trd, 8639919.179, 112
Trd, 8639919.646, 116
Trd, 8639919.912, 111
Trd, 8639920.146, 129
Trd, 8639920.612, 133
Trd, 8639920.846, 108
Trd, 8639920.879, 102
Trd, 8639921.546, 132
Trd, 8639922.846, 140
Trd, 8639923.246, 129
Trd, 8639924.079, 119
Trd, 8639924.446, 119
Trd, 8639924.746, 80
Trd, 8639925.046, 117
Trd, 8639925.746, 106
Trd, 8639926.346, 102
Trd, 8639926.679, 116
Trd, 8639927.279, 122
Trd, 8639927.346, 126
Trd, 8639927.512, 90
Trd, 8639927.712, 112
Trd, 8639928.079, 76
Trd, 8639928.379, 113
Trd, 8639929.179, 93
Trd, 8639930.179, 108
Trd, 8639930.279, 121
Trd, 8639930.512, 132
Trd, 8639931.146, 128
Trd, 8639932.312, 131
Trd, 8639932.779, 122
Trd, 8639933.246, 111
Trd, 8639933.712, 133
Trd, 8639934.179, 104
Trd, 8639934.279, 124
Trd, 8639934.512, 88
Trd, 8639935.112, 91
Trd, 8639935.412, 119
Trd, 8639935.779, 78
Trd, 8639936.279, 128
Trd, 8639937.246, 97
Trd, 8639938.312, 130
Trd, 8639938.612, 126
Trd, 8639939.246, 109
Trd, 8639939.479, 118
Trd, 8639939.679, 109
Trd, 8639940.246, 93
Trd, 8639940.612, 111
Trd, 8639940.979, 124
Trd, 8639941.379, 72
Trd, 8639942.012, 86
Trd, 8639942.346, 63
Trd, 8639943.112, 79
Trd, 8639943.746, 82
Trd, 8639943.779, 77
Trd, 8639943.879, 93
Trd, 8639944.879, 105
Trd, 8639944.979, 82
Trd, 8639945.446, 140
Trd, 8639946.579, 130
Trd, 8639947.279, 132
Trd, 8639948.512, 137
Trd, 8639948.679, 132
Trd, 8639949.612, 118
Trd, 8639950.312, 125
Trd, 8639951.112, 132
Trd, 8639951.612, 97
Trd, 8639951.912, 125
Trd, 8639952.346, 92
Trd, 8639952.812, 114
Trd, 8639953.346, 113
Trd, 8639953.912, 98
Trd, 8639954.046, 121
Trd, 8639954.579, 136
Trd, 8639955.079, 133
Trd, 8639955.146, 129
Trd, 8639956.146, 138
Trd, 8639956.546, 122
Trd, 8639957.012, 133
Trd, 8639957.079, 111
Trd, 8639958.612, 138
Trd, 8639958.846, 102
Trd, 8639961.512, 123
Trd, 8639961.646, 96
Trd, 8639962.179, 130
Trd, 8639962.312, 98
Trd, 8639963.079, 123
Trd, 8639963.179, 118
Trd, 8639963.646, 128
Trd, 8639964.946, 137
Trd, 8639965.379, 138
Trd, 8639965.646, 124
Trd, 8639967.546, 111
Trd, 8639967.612, 100
Trd, 8639967.779, 106
Trd, 8639967.879, 129
Trd, 8639967.912, 91
Trd, 8639968.946, 130
Trd, 8639970.446, 121
Trd, 8639970.946, 103
Trd, 8639971.212, 138
Trd, 8639971.312, 104
Trd, 8639972.179, 134
Trd, 8639973.179, 138
Trd, 8639973.346, 126
Trd, 8639973.446, 125
Trd, 8639974.412, 125
Trd, 8639976.312, 138
Trd, 8639976.612, 138
Trd, 8639976.779, 135
Trd, 8639977.979, 137
Trd, 8639978.312, 125
Trd, 8639978.746, 122
Trd, 8639979.612, 122
Trd, 8639979.979, 102
Trd, 8639980.279, 87
Trd, 8639980.946, 122
Trd, 8639981.012, 127
Trd, 8639981.079, 98
Trd, 8639981.212, 87
Trd, 8639982.112, 133
Trd, 8639982.312, 137
Trd, 8639982.979, 126
Trd, 8639983.112, 107
Trd, 8639983.712, 110
Trd, 8639983.879, 97
Trd, 8639985.712, 140
Trd, 8639985.912, 134
Trd, 8639987.146, 137
Trd, 8639987.679, 133
Trd, 8639987.812, 138
Trd, 8639987.846, 80
Trd, 8639988.946, 131
Trd, 8639989.246, 90
Trd, 8639990.879, 126
Trd, 8639991.146, 131
Trd, 8639991.279, 127
Trd, 8639991.446, 112
Trd, 8639991.779, 120
Trd, 8639991.846, 114
Trd, 8639992.012, 121
Trd, 8639992.779, 107
Trd, 8639993.546, 92
Trd, 8639993.812, 98
Trd, 8639994.679, 119
Trd, 8639995.279, 128
Trd, 8639995.646, 136
Trd, 8639995.879, 105
Trd, 8639997.779, 139
Trd, 8639999.012, 133
Trd, 8639999.412, 139
Trd, 8639999.579, 129
Trd, 8639999.646, 129
