Trd, 8638734.046, 86
Trd, 8638734.112, 97
Trd, 8638734.479, 113
Trd, 8638735.146, 111
Trd, 8638735.679, 117
Trd, 8638735.946, 110
Trd, 8638736.879, 110
Trd, 8638737.212, 112
Trd, 8638737.412, 109
Trd, 8638737.879, 100
Trd, 8638738.046, 99
Trd, 8638738.112, 120
Trd, 8638738.212, 125
Trd, 8638738.246, 91
Trd, 8638740.046, 127
Trd, 8638740.146, 108
Trd, 8638741.446, 100
Trd, 8638741.546, 76
Trd, 8638741.912, 76
Trd, 8638742.212, 90
Trd, 8638742.679, 67
Trd, 8638742.746, 112
Trd, 8638743.279, 124
Trd, 8638744.946, 130
Trd, 8638745.579, 107
Trd, 8638745.679, 106
Trd, 8638746.346, 122
Trd, 8638746.946, 124
Trd, 8638747.246, 123
Trd, 8638747.946, 108
Trd, 8638748.079, 107
Trd, 8638748.112, 80
Trd, 8638748.379, 71
Trd, 8638748.646, 98
Trd, 8638749.346, 81
Trd, 8638750.179, 119
Trd, 8638750.312, 140
Trd, 8638750.812, 134
Trd, 8638751.046, 134
Trd, 8638751.946, 132
Trd, 8638752.879, 131
Trd, 8638753.612, 124
Trd, 8638753.679, 103
Trd, 8638754.579, 96
Trd, 8638755.312, 85
Trd, 8638756.079, 114
Trd, 8638756.379, 114
Trd, 8638756.512, 97
Trd, 8638756.979, 91
Trd, 8638758.346, 121
Trd, 8638758.379, 114
Trd, 8638758.479, 109
Trd, 8638759.112, 114
Trd, 8638759.179, 105
Trd, 8638760.012, 123
Trd, 8638760.779, 105
Trd, 8638761.546, 108
Trd, 8638762.146, 121
Trd, 8638762.179, 138
Trd, 8638762.512, 140
Trd, 8638762.946, 130
Trd, 8638763.246, 134
Trd, 8638763.679, 133
Trd, 8638764.779, 125
Trd, 8638765.046, 134
Trd, 8638765.246, 113
Trd, 8638765.746, 112
Trd, 8638765.846, 126
Trd, 8638767.179, 118
Trd, 8638767.412, 127
Trd, 8638767.446, 117
Trd, 8638767.579, 117
Trd, 8638768.512, 121
Trd, 8638769.212, 120
Trd, 8638769.979, 138
Trd, 8638770.112, 128
Trd, 8638770.146, 127
Trd, 8638771.979, 125
Trd, 8638772.312, 124
Trd, 8638772.412, 102
Trd, 8638772.679, 101
Trd, 8638773.612, 107
Trd, 8638774.312, 118
Trd, 8638774.746, 132
Trd, 8638775.379, 85
Trd, 8638775.946, 91
Trd, 8638776.312, 88
Trd, 8638777.012, 108
Trd, 8638778.412, 120
Trd, 8638778.546, 116
Trd, 8638778.779, 110
Trd, 8638779.046, 108
Trd, 8638779.412, 128
Trd, 8638779.746, 127
Trd, 8638780.146, 127
Trd, 8638780.546, 138
Trd, 8638780.646, 137
Trd, 8638780.846, 133
Trd, 8638781.946, 79
Trd, 8638781.979, 113
Trd, 8638782.612, 79
Trd, 8638783.779, 90
Trd, 8638783.912, 91
Trd, 8638784.112, 96
Trd, 8638784.612, 111
Trd, 8638785.246, 92
Trd, 8638785.612, 79
Trd, 8638785.679, 103
Trd, 8638786.479, 120
Trd, 8638786.579, 108
Trd, 8638786.912, 78
Trd, 8638787.046, 76
Trd, 8638787.512, 94
Trd, 8638787.646, 71
Trd, 8638787.746, 93
Trd, 8638790.146, 100
Trd, 8638790.312, 66
Trd, 8638790.779, 101
Trd, 8638792.079, 119
Trd, 8638792.346, 120
Trd, 8638792.479, 110
Trd, 8638792.579, 109
Trd, 8638792.912, 88
Trd, 8638793.812, 116
Trd, 8638793.979, 128
Trd, 8638795.879, 121
Trd, 8638796.279, 136
Trd, 8638796.546, 135
Trd, 8638796.679, 134
Trd, 8638796.946, 133
Trd, 8638797.012, 116
Trd, 8638797.112, 115
Trd, 8638797.612, 113
Trd, 8638798.179, 107
Trd, 8638798.246, 70
Trd, 8638799.712, 104
Trd, 8638799.746, 102
Trd, 8638799.879, 103
Trd, 8638800.146, 129
Trd, 8638800.679, 133
Trd, 8638802.112, 123
Trd, 8638802.179, 120
Trd, 8638802.679, 97
Trd, 8638803.046, 94
Trd, 8638803.379, 89
Trd, 8638803.479, 81
Trd, 8638804.079, 90
Trd, 8638805.079, 111
Trd, 8638805.479, 89
Trd, 8638806.079, 79
Trd, 8638806.312, 128
Trd, 8638806.379, 103
Trd, 8638806.879, 106
Trd, 8638807.746, 112
Trd, 8638807.912, 94
Trd, 8638808.212, 123
Trd, 8638808.646, 124
Trd, 8638809.346, 123
Trd, 8638809.812, 72
Trd, 8638810.012, 129
Trd, 8638810.712, 132
Trd, 8638811.479, 131
Trd, 8638811.579, 130
Trd, 8638812.112, 137
Trd, 8638812.379, 116
Trd, 8638812.946, 95
Trd, 8638813.046, 95
Trd, 8638813.446, 78
Trd, 8638814.046, 99
Trd, 8638815.412, 99
Trd, 8638815.812, 98
Trd, 8638816.246, 137
Trd, 8638816.679, 139
Trd, 8638816.879, 93
Trd, 8638817.779, 120
Trd, 8638817.979, 118
Trd, 8638818.246, 90
Trd, 8638818.812, 107
Trd, 8638819.646, 106
Trd, 8638820.312, 82
Trd, 8638821.146, 116
Trd, 8638822.212, 134
Trd, 8638822.479, 132
Trd, 8638822.746, 83
Trd, 8638822.912, 95
Trd, 8638822.946, 83
Trd, 8638823.279, 120
Trd, 8638824.479, 115
Trd, 8638824.912, 139
Trd, 8638825.012, 131
Trd, 8638825.112, 124
Trd, 8638825.246, 103
Trd, 8638825.712, 103
Trd, 8638826.479, 85
Trd, 8638827.212, 78
Trd, 8638827.579, 91
Trd, 8638827.846, 99
Trd, 8638828.379, 105
Trd, 8638828.612, 110
Trd, 8638828.712, 94
Trd, 8638829.246, 80
Trd, 8638829.779, 93
Trd, 8638830.546, 136
Trd, 8638830.746, 110
Trd, 8638831.512, 109
Trd, 8638831.946, 114
Trd, 8638832.846, 114
Trd, 8638833.112, 113
Trd, 8638833.746, 113
Trd, 8638835.212, 127
Trd, 8638836.112, 140
Trd, 8638837.179, 135
Trd, 8638837.612, 134
Trd, 8638837.646, 133
Trd, 8638838.179, 99
Trd, 8638838.379, 96
Trd, 8638838.412, 122
Trd, 8638838.612, 131
Trd, 8638839.146, 81
Trd, 8638839.512, 77
Trd, 8638839.546, 94
Trd, 8638840.912, 61
Trd, 8638841.079, 63
Trd, 8638841.446, 85
Trd, 8638841.712, 93
Trd, 8638842.246, 69
Trd, 8638843.679, 60
Trd, 8638844.279, 62
Trd, 8638844.446, 65
Trd, 8638845.846, 108
Trd, 8638846.912, 112
Trd, 8638846.946, 106
Trd, 8638847.612, 106
Trd, 8638848.212, 126
Trd, 8638848.812, 105
Trd, 8638849.379, 114
Trd, 8638849.646, 105
Trd, 8638850.112, 120
Trd, 8638850.279, 103
Trd, 8638850.346, 102
Trd, 8638851.079, 103
Trd, 8638851.212, 92
Trd, 8638851.946, 116
Trd, 8638852.046, 114
Trd, 8638852.146, 96
Trd, 8638852.546, 119
Trd, 8638853.846, 68
Trd, 8638854.512, 91
Trd, 8638855.079, 113
Trd, 8638855.812, 112
Trd, 8638856.746, 111
Trd, 8638857.079, 101
Trd, 8638857.179, 104
Trd, 8638857.312, 101
Trd, 8638857.746, 123
Trd, 8638859.446, 115
Trd, 8638860.946, 118
Trd, 8638862.446, 129
Trd, 8638862.879, 129
Trd, 8638862.979, 103
Trd, 8638863.746, 91
Trd, 8638863.846, 90
Trd, 8638864.379, 100
Trd, 8638864.412, 82
Trd, 8638865.346, 112
Trd, 8638865.379, 120
Trd, 8638865.479, 100
Trd, 8638865.912, 82
Trd, 8638866.679, 106
Trd, 8638866.912, 105
Trd, 8638867.046, 104
Trd, 8638867.346, 95
Trd, 8638867.479, 99
Trd, 8638868.246, 96
Trd, 8638868.279, 115
Trd, 8638868.746, 68
Trd, 8638869.112, 104
Trd, 8638869.679, 134
Trd, 8638869.712, 125
Trd, 8638870.979, 137
Trd, 8638872.246, 114
Trd, 8638873.312, 130
Trd, 8638874.012, 119
Trd, 8638874.212, 119
Trd, 8638874.879, 120
Trd, 8638874.946, 114
Trd, 8638874.979, 113
Trd, 8638875.146, 97
Trd, 8638875.546, 96
Trd, 8638876.179, 115
Trd, 8638876.546, 120
Trd, 8638878.346, 140
Trd, 8638878.446, 137
Trd, 8638878.646, 127
Trd, 8638880.346, 108
Trd, 8638881.112, 107
Trd, 8638881.212, 127
Trd, 8638881.912, 124
Trd, 8638882.179, 119
Trd, 8638882.612, 128
Trd, 8638882.946, 114
Trd, 8638883.379, 114
Trd, 8638884.212, 100
Trd, 8638884.612, 115
Trd, 8638884.646, 120
Trd, 8638885.179, 130
Trd, 8638885.212, 129
Trd, 8638885.912, 108
Trd, 8638886.212, 119
Trd, 8638886.679, 80
Trd, 8638888.212, 111
Trd, 8638888.546, 105
Trd, 8638888.779, 104
Trd, 8638889.079, 96
Trd, 8638889.546, 105
Trd, 8638889.746, 93
Trd, 8638890.579, 111
Trd, 8638891.846, 107
Trd, 8638891.946, 99
Trd, 8638892.412, 94
Trd, 8638893.079, 105
Trd, 8638893.546, 93
Trd, 8638893.612, 93
Trd, 8638893.746, 84
Trd, 8638894.479, 118
Trd, 8638894.812, 121
Trd, 8638895.046, 109
Trd, 8638895.312, 108
Trd, 8638895.346, 136
Trd, 8638896.179, 127
Trd, 8638897.312, 105
Trd, 8638898.746, 111
Trd, 8638899.379, 119
Trd, 8638899.612, 115
Trd, 8638899.979, 126
Trd, 8638900.379, 125
Trd, 8638900.546, 124
Trd, 8638901.512, 130
Trd, 8638901.712, 121
Trd, 8638902.346, 120
Trd, 8638902.379, 119
Trd, 8638902.746, 116
Trd, 8638903.079, 114
Trd, 8638903.279, 110
Trd, 8638903.912, 98
Trd, 8638903.979, 110
Trd, 8638904.079, 72
Trd, 8638904.212, 81
Trd, 8638906.846, 132
Trd, 8638907.212, 140
Trd, 8638907.512, 138
Trd, 8638907.612, 137
Trd, 8638907.712, 136
Trd, 8638907.779, 130
Trd, 8638910.746, 136
Trd, 8638911.046, 135
Trd, 8638911.179, 127
Trd, 8638911.479, 134
Trd, 8638912.246, 137
Trd, 8638912.712, 104
Trd, 8638912.746, 102
Trd, 8638914.646, 121
Trd, 8638915.146, 134
Trd, 8638915.446, 127
Trd, 8638915.612, 115
Trd, 8638917.212, 128
Trd, 8638918.412, 126
Trd, 8638918.612, 122
Trd, 8638919.412, 134
Trd, 8638919.812, 128
Trd, 8638919.946, 126
Trd, 8638920.312, 125
Trd, 8638920.412, 124
Trd, 8638920.646, 132
Trd, 8638920.679, 129
Trd, 8638921.546, 138
Trd, 8638922.779, 123
Trd, 8638923.946, 122
Trd, 8638924.146, 121
Trd, 8638924.712, 112
Trd, 8638924.779, 124
Trd, 8638925.079, 100
Trd, 8638925.546, 98
Trd, 8638925.646, 118
Trd, 8638925.746, 98
Trd, 8638926.546, 126
Trd, 8638927.079, 131
Trd, 8638927.112, 88
Trd, 8638927.279, 82
Trd, 8638927.479, 66
Trd, 8638927.746, 64
Trd, 8638928.046, 64
Trd, 8638928.712, 90
Trd, 8638929.412, 94
Trd, 8638929.512, 127
Trd, 8638930.212, 107
Trd, 8638931.046, 95
Trd, 8638931.412, 86
Trd, 8638931.946, 84
Trd, 8638932.046, 84
Trd, 8638932.979, 92
Trd, 8638933.712, 81
Trd, 8638934.712, 111
Trd, 8638935.246, 119
Trd, 8638935.279, 103
Trd, 8638935.546, 134
Trd, 8638935.579, 102
Trd, 8638937.679, 135
Trd, 8638937.812, 134
Trd, 8638938.712, 123
Trd, 8638939.446, 126
Trd, 8638940.479, 123
Trd, 8638940.579, 122
Trd, 8638940.812, 114
Trd, 8638941.246, 122
Trd, 8638941.646, 117
Trd, 8638941.679, 101
Trd, 8638942.112, 97
Trd, 8638942.746, 121
Trd, 8638942.879, 84
Trd, 8638943.946, 81
Trd, 8638944.312, 135
Trd, 8638945.446, 104
Trd, 8638945.579, 101
Trd, 8638945.979, 101
Trd, 8638947.046, 80
Trd, 8638947.179, 111
Trd, 8638947.279, 78
Trd, 8638947.712, 67
Trd, 8638947.846, 67
Trd, 8638947.946, 85
Trd, 8638949.512, 103
Trd, 8638949.679, 107
Trd, 8638949.746, 83
Trd, 8638950.846, 120
Trd, 8638951.046, 125
Trd, 8638951.746, 122
Trd, 8638951.879, 102
Trd, 8638953.346, 102
Trd, 8638954.046, 91
Trd, 8638954.812, 109
Trd, 8638954.946, 103
Trd, 8638955.012, 90
Trd, 8638955.212, 123
Trd, 8638956.179, 86
Trd, 8638956.312, 86
Trd, 8638956.746, 127
Trd, 8638957.079, 129
Trd, 8638957.446, 80
Trd, 8638957.479, 79
Trd, 8638957.612, 82
Trd, 8638958.212, 98
Trd, 8638959.946, 93
Trd, 8638960.079, 102
Trd, 8638960.446, 92
Trd, 8638962.146, 140
Trd, 8638962.346, 138
Trd, 8638963.179, 137
Trd, 8638963.679, 116
Trd, 8638963.979, 112
Trd, 8638964.212, 110
Trd, 8638964.246, 110
Trd, 8638964.712, 136
Trd, 8638965.279, 128
Trd, 8638966.012, 120
Trd, 8638966.479, 140
Trd, 8638966.779, 140
Trd, 8638966.946, 113
Trd, 8638967.212, 90
Trd, 8638968.646, 114
Trd, 8638968.979, 115
Trd, 8638969.879, 123
Trd, 8638971.146, 117
Trd, 8638971.546, 133
Trd, 8638972.046, 113
Trd, 8638972.646, 129
Trd, 8638973.179, 129
Trd, 8638973.212, 128
Trd, 8638973.912, 128
Trd, 8638973.946, 119
Trd, 8638975.112, 115
Trd, 8638975.412, 137
Trd, 8638975.679, 128
Trd, 8638976.646, 132
Trd, 8638977.312, 109
Trd, 8638977.579, 116
Trd, 8638978.279, 110
Trd, 8638978.512, 124
Trd, 8638979.312, 138
Trd, 8638979.346, 114
Trd, 8638980.079, 132
Trd, 8638980.346, 131
Trd, 8638980.946, 94
Trd, 8638981.712, 113
Trd, 8638982.012, 108
Trd, 8638982.246, 94
Trd, 8638982.812, 100
Trd, 8638983.112, 79
Trd, 8638983.446, 102
Trd, 8638983.479, 95
Trd, 8638984.046, 104
Trd, 8638984.479, 103
Trd, 8638985.679, 117
Trd, 8638986.679, 137
Trd, 8638986.846, 117
Trd, 8638987.212, 116
Trd, 8638987.379, 116
Trd, 8638988.179, 139
Trd, 8638988.746, 133
Trd, 8638989.212, 128
Trd, 8638989.646, 122
Trd, 8638990.012, 119
Trd, 8638992.112, 119
Trd, 8638992.646, 135
Trd, 8638993.012, 133
Trd, 8638993.612, 123
Trd, 8638993.846, 120
Trd, 8638993.912, 113
Trd, 8638994.446, 107
Trd, 8638994.679, 134
Trd, 8638995.846, 121
Trd, 8638996.179, 117
Trd, 8638996.679, 114
Trd, 8638996.946, 136
Trd, 8638997.746, 92
Trd, 8638998.479, 112
Trd, 8638998.712, 115
Trd, 8638999.179, 118
Trd, 8638999.779, 111
Trd, 8639000.212, 103
Trd, 8639000.846, 108
Trd, 8639001.179, 110
Trd, 8639001.412, 110
Trd, 8639001.446, 93
Trd, 8639001.946, 79
Trd, 8639003.279, 85
Trd, 8639003.312, 76
Trd, 8639004.379, 115
Trd, 8639004.579, 90
Trd, 8639005.212, 108
Trd, 8639005.846, 108
Trd, 8639006.146, 107
Trd, 8639006.746, 105
Trd, 8639008.212, 116
Trd, 8639008.512, 119
Trd, 8639008.646, 119
Trd, 8639009.046, 115
Trd, 8639009.612, 128
Trd, 8639010.212, 114
Trd, 8639010.546, 131
Trd, 8639010.746, 116
Trd, 8639010.779, 106
Trd, 8639012.046, 131
Trd, 8639012.079, 108
Trd, 8639012.712, 113
Trd, 8639013.779, 109
Trd, 8639014.212, 108
Trd, 8639015.379, 102
Trd, 8639015.679, 121
Trd, 8639015.712, 106
Trd, 8639016.012, 97
Trd, 8639016.679, 97
Trd, 8639017.012, 100
Trd, 8639017.712, 124
Trd, 8639017.812, 123
Trd, 8639018.046, 104
Trd, 8639018.546, 102
Trd, 8639018.979, 93
Trd, 8639020.712, 125
Trd, 8639020.746, 112
Trd, 8639021.546, 116
Trd, 8639021.579, 116
Trd, 8639021.846, 98
Trd, 8639022.712, 115
Trd, 8639023.046, 69
Trd, 8639023.246, 92
Trd, 8639023.479, 74
Trd, 8639025.046, 115
Trd, 8639025.246, 97
Trd, 8639025.512, 90
Trd, 8639026.012, 61
Trd, 8639026.379, 61
Trd, 8639027.479, 140
Trd, 8639027.779, 139
Trd, 8639029.046, 137
Trd, 8639029.412, 126
Trd, 8639030.112, 126
Trd, 8639031.412, 131
Trd, 8639031.679, 125
Trd, 8639031.812, 116
Trd, 8639032.079, 109
Trd, 8639032.679, 127
Trd, 8639032.946, 127
Trd, 8639033.079, 124
Trd, 8639033.746, 102
Trd, 8639034.479, 125
Trd, 8639034.579, 124
Trd, 8639035.079, 118
Trd, 8639035.512, 105
Trd, 8639036.879, 130
Trd, 8639037.512, 130
Trd, 8639037.546, 129
Trd, 8639038.312, 117
Trd, 8639038.579, 109
Trd, 8639039.246, 88
Trd, 8639039.412, 88
Trd, 8639040.179, 117
Trd, 8639040.279, 87
Trd, 8639041.146, 133
Trd, 8639041.512, 131
Trd, 8639041.579, 127
Trd, 8639041.846, 122
Trd, 8639042.012, 111
Trd, 8639044.179, 124
Trd, 8639044.346, 133
Trd, 8639044.612, 132
Trd, 8639045.312, 111
Trd, 8639046.312, 105
Trd, 8639046.512, 94
Trd, 8639046.546, 93
Trd, 8639046.779, 92
Trd, 8639047.079, 98
Trd, 8639047.412, 126
Trd, 8639047.446, 92
Trd, 8639047.546, 93
Trd, 8639048.546, 119
Trd, 8639048.879, 112
Trd, 8639049.646, 96
Trd, 8639049.879, 137
Trd, 8639050.246, 92
Trd, 8639050.779, 92
Trd, 8639051.246, 124
Trd, 8639052.412, 77
Trd, 8639052.479, 78
Trd, 8639052.546, 101
Trd, 8639052.979, 73
Trd, 8639053.612, 84
Trd, 8639054.646, 78
Trd, 8639055.012, 95
Trd, 8639055.246, 103
Trd, 8639055.812, 114
Trd, 8639056.046, 103
Trd, 8639056.512, 102
Trd, 8639057.879, 105
Trd, 8639058.712, 121
Trd, 8639058.979, 140
Trd, 8639059.579, 123
Trd, 8639059.679, 122
Trd, 8639059.846, 104
Trd, 8639061.246, 125
Trd, 8639061.846, 99
Trd, 8639062.079, 131
Trd, 8639063.079, 138
Trd, 8639063.746, 128
Trd, 8639064.046, 121
Trd, 8639064.446, 125
Trd, 8639064.579, 121
Trd, 8639065.412, 125
Trd, 8639065.979, 110
Trd, 8639066.212, 109
Trd, 8639066.512, 136
Trd, 8639066.579, 125
Trd, 8639067.246, 124
Trd, 8639068.012, 125
Trd, 8639068.246, 124
Trd, 8639069.912, 125
Trd, 8639070.012, 124
Trd, 8639070.346, 102
Trd, 8639070.879, 136
Trd, 8639070.912, 104
Trd, 8639071.612, 117
Trd, 8639071.712, 112
Trd, 8639072.079, 105
Trd, 8639072.446, 139
Trd, 8639072.779, 130
Trd, 8639072.846, 107
Trd, 8639072.879, 107
Trd, 8639072.946, 76
Trd, 8639074.379, 135
Trd, 8639075.879, 125
Trd, 8639076.046, 125
Trd, 8639077.079, 127
Trd, 8639077.279, 88
Trd, 8639077.379, 95
Trd, 8639077.412, 131
Trd, 8639079.546, 134
Trd, 8639079.712, 127
Trd, 8639080.312, 119
Trd, 8639080.479, 138
Trd, 8639080.946, 126
Trd, 8639081.812, 140
Trd, 8639082.312, 138
Trd, 8639082.679, 140
Trd, 8639083.412, 123
Trd, 8639084.212, 121
Trd, 8639085.312, 121
Trd, 8639085.412, 131
Trd, 8639086.512, 119
Trd, 8639086.612, 109
Trd, 8639086.946, 130
Trd, 8639087.046, 108
Trd, 8639088.079, 123
Trd, 8639088.579, 134
Trd, 8639088.812, 109
Trd, 8639089.312, 108
Trd, 8639089.612, 118
Trd, 8639090.146, 107
Trd, 8639090.579, 124
Trd, 8639090.746, 99
Trd, 8639090.846, 92
Trd, 8639091.212, 125
Trd, 8639091.312, 119
Trd, 8639091.579, 92
Trd, 8639093.412, 78
Trd, 8639094.712, 102
Trd, 8639095.146, 136
Trd, 8639095.612, 135
Trd, 8639095.712, 135
Trd, 8639095.946, 132
Trd, 8639096.112, 119
Trd, 8639096.879, 114
Trd, 8639097.012, 140
Trd, 8639097.512, 124
Trd, 8639098.179, 132
Trd, 8639098.379, 111
Trd, 8639098.979, 75
Trd, 8639099.012, 83
Trd, 8639100.612, 103
Trd, 8639100.812, 101
Trd, 8639101.112, 95
Trd, 8639101.379, 122
Trd, 8639101.779, 97
Trd, 8639102.846, 98
Trd, 8639104.479, 114
Trd, 8639104.879, 129
Trd, 8639105.479, 127
Trd, 8639105.679, 136
Trd, 8639106.412, 139
Trd, 8639106.712, 125
Trd, 8639107.346, 110
Trd, 8639107.579, 120
Trd, 8639108.046, 99
Trd, 8639108.179, 96
Trd, 8639108.879, 130
Trd, 8639109.712, 78
Trd, 8639110.079, 72
Trd, 8639110.812, 79
Trd, 8639110.912, 74
Trd, 8639112.446, 74
Trd, 8639112.646, 67
Trd, 8639112.812, 77
Trd, 8639113.746, 118
Trd, 8639114.946, 107
Trd, 8639116.212, 138
Trd, 8639116.312, 115
Trd, 8639117.446, 122
Trd, 8639117.546, 121
Trd, 8639117.646, 121
Trd, 8639117.946, 106
Trd, 8639118.046, 98
Trd, 8639118.312, 98
Trd, 8639118.612, 97
Trd, 8639119.412, 136
Trd, 8639119.879, 119
Trd, 8639120.479, 123
Trd, 8639121.112, 113
Trd, 8639121.179, 112
Trd, 8639122.579, 112
Trd, 8639122.812, 115
Trd, 8639123.279, 111
Trd, 8639123.612, 102
Trd, 8639123.912, 109
Trd, 8639124.046, 95
Trd, 8639124.412, 129
Trd, 8639124.612, 139
Trd, 8639124.679, 94
Trd, 8639124.879, 86
Trd, 8639125.279, 87
Trd, 8639126.312, 109
Trd, 8639126.946, 94
Trd, 8639127.212, 101
Trd, 8639128.012, 138
Trd, 8639128.846, 137
Trd, 8639130.512, 135
Trd, 8639130.812, 130
Trd, 8639131.179, 114
Trd, 8639131.279, 114
Trd, 8639131.746, 105
Trd, 8639132.179, 94
Trd, 8639132.912, 121
Trd, 8639133.712, 127
Trd, 8639134.012, 125
Trd, 8639135.846, 131
Trd, 8639136.046, 128
Trd, 8639136.146, 121
Trd, 8639136.246, 109
Trd, 8639137.046, 112
Trd, 8639137.679, 124
Trd, 8639138.046, 116
Trd, 8639138.179, 115
Trd, 8639138.712, 108
Trd, 8639138.779, 92
Trd, 8639140.446, 122
Trd, 8639141.179, 113
Trd, 8639141.712, 111
Trd, 8639142.212, 128
Trd, 8639142.479, 123
Trd, 8639142.679, 111
Trd, 8639143.746, 137
Trd, 8639144.246, 103
Trd, 8639144.612, 95
Trd, 8639144.912, 135
Trd, 8639145.746, 115
Trd, 8639145.946, 115
Trd, 8639146.079, 113
Trd, 8639146.112, 86
Trd, 8639147.679, 104
Trd, 8639148.546, 104
Trd, 8639148.646, 109
Trd, 8639148.779, 131
Trd, 8639149.179, 140
Trd, 8639149.512, 138
Trd, 8639150.346, 129
Trd, 8639150.779, 120
Trd, 8639151.212, 119
Trd, 8639151.646, 119
Trd, 8639153.079, 108
Trd, 8639153.112, 107
Trd, 8639153.312, 104
Trd, 8639153.946, 113
Trd, 8639154.112, 116
Trd, 8639154.612, 119
Trd, 8639155.079, 103
Trd, 8639155.546, 120
Trd, 8639156.712, 139
Trd, 8639156.746, 115
Trd, 8639156.779, 115
Trd, 8639157.346, 112
Trd, 8639157.479, 105
Trd, 8639158.079, 128
Trd, 8639158.179, 103
Trd, 8639159.979, 130
Trd, 8639161.412, 122
Trd, 8639162.112, 123
Trd, 8639162.246, 116
Trd, 8639162.479, 110
Trd, 8639162.779, 107
Trd, 8639163.446, 124
Trd, 8639163.612, 107
Trd, 8639163.679, 106
Trd, 8639163.779, 105
Trd, 8639164.412, 98
Trd, 8639164.712, 78
Trd, 8639165.012, 73
Trd, 8639165.046, 97
Trd, 8639165.346, 111
Trd, 8639166.946, 140
Trd, 8639167.279, 139
Trd, 8639167.579, 118
Trd, 8639167.712, 124
Trd, 8639168.112, 124
Trd, 8639168.512, 101
Trd, 8639168.612, 75
Trd, 8639170.212, 139
Trd, 8639171.379, 121
Trd, 8639171.546, 121
Trd, 8639171.579, 119
Trd, 8639172.212, 112
Trd, 8639172.512, 109
Trd, 8639172.612, 108
Trd, 8639172.879, 102
Trd, 8639173.779, 137
Trd, 8639174.246, 89
Trd, 8639174.979, 121
Trd, 8639175.412, 117
Trd, 8639175.912, 140
Trd, 8639176.846, 118
Trd, 8639176.879, 118
Trd, 8639177.246, 117
Trd, 8639177.946, 137
Trd, 8639178.279, 125
Trd, 8639178.812, 121
Trd, 8639179.246, 125
Trd, 8639179.846, 140
Trd, 8639181.079, 119
Trd, 8639181.412, 118
Trd, 8639181.746, 126
Trd, 8639182.212, 119
Trd, 8639182.679, 123
Trd, 8639183.312, 118
Trd, 8639183.546, 111
Trd, 8639184.046, 115
Trd, 8639184.279, 113
Trd, 8639185.212, 121
Trd, 8639185.346, 120
Trd, 8639185.712, 113
Trd, 8639186.812, 96
Trd, 8639186.912, 88
Trd, 8639187.279, 117
Trd, 8639187.512, 84
Trd, 8639188.579, 118
Trd, 8639188.946, 96
Trd, 8639189.179, 92
Trd, 8639189.279, 102
Trd, 8639189.579, 94
Trd, 8639190.312, 127
Trd, 8639191.346, 132
Trd, 8639191.446, 132
Trd, 8639191.679, 131
Trd, 8639192.279, 131
Trd, 8639192.546, 121
Trd, 8639192.912, 89
Trd, 8639194.679, 128
Trd, 8639194.746, 112
Trd, 8639195.146, 102
Trd, 8639195.946, 101
Trd, 8639196.812, 101
Trd, 8639196.846, 98
Trd, 8639196.979, 83
Trd, 8639197.912, 111
Trd, 8639198.579, 124
Trd, 8639199.512, 126
Trd, 8639200.246, 130
Trd, 8639200.912, 129
Trd, 8639201.112, 128
Trd, 8639201.279, 128
Trd, 8639201.712, 132
Trd, 8639202.546, 122
Trd, 8639202.612, 121
Trd, 8639202.779, 115
Trd, 8639203.246, 107
Trd, 8639203.412, 106
Trd, 8639204.346, 135
Trd, 8639204.846, 91
Trd, 8639205.112, 95
Trd, 8639205.979, 95
Trd, 8639206.412, 109
Trd, 8639206.546, 117
Trd, 8639208.412, 132
Trd, 8639208.712, 121
Trd, 8639208.912, 120
Trd, 8639208.979, 120
Trd, 8639209.346, 105
Trd, 8639209.846, 116
Trd, 8639209.979, 116
Trd, 8639211.546, 101
Trd, 8639212.746, 96
Trd, 8639213.379, 117
Trd, 8639213.812, 122
Trd, 8639213.946, 116
Trd, 8639214.146, 107
Trd, 8639214.212, 107
Trd, 8639216.879, 112
Trd, 8639216.979, 111
Trd, 8639217.546, 128
Trd, 8639217.612, 127
Trd, 8639218.212, 95
Trd, 8639218.479, 108
Trd, 8639218.679, 106
Trd, 8639219.279, 111
Trd, 8639219.579, 104
Trd, 8639220.046, 135
Trd, 8639220.679, 134
Trd, 8639221.712, 131
Trd, 8639222.479, 121
Trd, 8639222.979, 119
Trd, 8639223.346, 119
Trd, 8639223.512, 116
Trd, 8639223.712, 102
Trd, 8639223.879, 81
Trd, 8639223.912, 103
Trd, 8639224.446, 123
Trd, 8639225.146, 127
Trd, 8639225.912, 117
Trd, 8639226.212, 116
Trd, 8639227.146, 61
Trd, 8639228.179, 98
Trd, 8639228.212, 96
Trd, 8639228.712, 104
Trd, 8639228.812, 95
Trd, 8639229.379, 136
Trd, 8639230.212, 96
Trd, 8639230.479, 74
Trd, 8639230.746, 98
Trd, 8639231.112, 109
Trd, 8639232.546, 92
Trd, 8639232.812, 126
Trd, 8639233.812, 119
Trd, 8639234.346, 92
Trd, 8639235.746, 119
Trd, 8639235.912, 119
Trd, 8639236.279, 110
Trd, 8639236.912, 138
Trd, 8639237.046, 137
Trd, 8639237.346, 140
Trd, 8639237.846, 134
Trd, 8639238.046, 117
Trd, 8639238.579, 78
Trd, 8639240.346, 94
Trd, 8639240.446, 121
Trd, 8639240.746, 93
Trd, 8639241.712, 133
Trd, 8639242.246, 132
Trd, 8639242.279, 131
Trd, 8639242.312, 84
Trd, 8639242.946, 70
Trd, 8639243.746, 86
Trd, 8639243.812, 95
Trd, 8639244.412, 103
Trd, 8639244.512, 120
Trd, 8639245.179, 108
Trd, 8639245.246, 108
Trd, 8639245.679, 107
Trd, 8639245.779, 106
Trd, 8639246.546, 126
Trd, 8639247.079, 136
Trd, 8639247.812, 117
Trd, 8639248.679, 110
Trd, 8639248.879, 109
Trd, 8639249.546, 111
Trd, 8639249.879, 105
Trd, 8639250.312, 113
Trd, 8639251.579, 140
Trd, 8639251.646, 129
Trd, 8639251.912, 118
Trd, 8639252.079, 117
Trd, 8639252.246, 97
Trd, 8639252.879, 87
Trd, 8639253.146, 102
Trd, 8639253.546, 82
Trd, 8639255.212, 81
Trd, 8639255.379, 77
Trd, 8639256.612, 120
Trd, 8639257.079, 96
Trd, 8639257.512, 105
Trd, 8639257.612, 80
Trd, 8639257.879, 71
Trd, 8639258.079, 114
Trd, 8639258.812, 106
Trd, 8639260.512, 110
Trd, 8639260.546, 101
Trd, 8639260.712, 96
Trd, 8639262.179, 127
Trd, 8639262.479, 117
Trd, 8639262.612, 132
Trd, 8639263.146, 100
Trd, 8639263.779, 100
Trd, 8639264.012, 77
Trd, 8639264.746, 102
Trd, 8639265.646, 90
Trd, 8639265.946, 126
Trd, 8639266.212, 126
Trd, 8639267.112, 108
Trd, 8639267.412, 101
Trd, 8639267.612, 116
Trd, 8639268.379, 116
Trd, 8639268.912, 131
Trd, 8639268.979, 95
Trd, 8639269.312, 65
Trd, 8639270.512, 109
Trd, 8639270.846, 100
Trd, 8639271.146, 88
Trd, 8639272.546, 124
Trd, 8639272.712, 123
Trd, 8639273.179, 127
Trd, 8639273.446, 110
Trd, 8639274.146, 82
Trd, 8639274.946, 83
Trd, 8639274.979, 74
Trd, 8639275.879, 121
Trd, 8639276.712, 117
Trd, 8639276.879, 140
Trd, 8639277.312, 140
Trd, 8639277.679, 111
Trd, 8639278.346, 101
Trd, 8639278.879, 131
Trd, 8639279.012, 101
Trd, 8639279.579, 136
Trd, 8639280.212, 135
Trd, 8639280.812, 120
Trd, 8639281.412, 109
Trd, 8639281.612, 103
Trd, 8639281.712, 76
Trd, 8639282.446, 103
Trd, 8639282.979, 136
Trd, 8639283.046, 135
Trd, 8639283.679, 134
Trd, 8639284.046, 123
Trd, 8639284.546, 136
Trd, 8639285.179, 137
Trd, 8639285.712, 131
Trd, 8639285.812, 131
Trd, 8639286.212, 123
Trd, 8639286.679, 122
Trd, 8639286.846, 106
Trd, 8639287.146, 98
Trd, 8639287.712, 95
Trd, 8639288.279, 124
Trd, 8639289.012, 112
Trd, 8639289.112, 110
Trd, 8639289.246, 110
Trd, 8639289.512, 122
Trd, 8639290.979, 134
Trd, 8639291.312, 124
Trd, 8639291.479, 114
Trd, 8639291.879, 117
Trd, 8639293.912, 125
Trd, 8639294.412, 112
Trd, 8639295.279, 109
Trd, 8639296.046, 110
Trd, 8639296.712, 140
Trd, 8639296.912, 133
Trd, 8639297.479, 106
Trd, 8639297.746, 105
Trd, 8639298.179, 130
Trd, 8639298.712, 128
Trd, 8639298.812, 123
Trd, 8639299.146, 94
Trd, 8639299.946, 104
Trd, 8639300.679, 131
Trd, 8639301.746, 132
Trd, 8639303.046, 140
Trd, 8639303.246, 138
Trd, 8639303.646, 129
Trd, 8639303.779, 116
Trd, 8639304.179, 97
Trd, 8639304.246, 125
Trd, 8639304.446, 101
Trd, 8639305.146, 111
Trd, 8639305.679, 97
Trd, 8639305.979, 96
Trd, 8639306.446, 92
Trd, 8639306.479, 84
Trd, 8639306.946, 108
Trd, 8639307.146, 115
Trd, 8639307.879, 105
Trd, 8639307.912, 91
Trd, 8639308.312, 102
Trd, 8639308.612, 127
Trd, 8639308.679, 118
Trd, 8639309.512, 64
Trd, 8639310.012, 65
Trd, 8639310.679, 71
Trd, 8639311.479, 106
Trd, 8639311.512, 80
Trd, 8639312.246, 73
Trd, 8639312.646, 113
Trd, 8639312.746, 103
Trd, 8639313.879, 81
Trd, 8639314.212, 95
Trd, 8639314.346, 106
Trd, 8639316.346, 128
Trd, 8639316.712, 127
Trd, 8639317.212, 128
Trd, 8639317.512, 131
Trd, 8639318.046, 129
Trd, 8639318.646, 134
Trd, 8639319.246, 119
Trd, 8639320.112, 125
Trd, 8639320.279, 99
Trd, 8639320.512, 111
Trd, 8639320.746, 128
Trd, 8639321.712, 139
Trd, 8639321.846, 138
Trd, 8639322.246, 84
Trd, 8639322.546, 140
Trd, 8639322.646, 111
Trd, 8639323.579, 76
Trd, 8639323.712, 81
Trd, 8639323.812, 104
Trd, 8639323.879, 75
Trd, 8639324.246, 78
Trd, 8639326.012, 138
Trd, 8639326.846, 134
Trd, 8639327.546, 133
Trd, 8639328.179, 129
Trd, 8639328.379, 109
Trd, 8639328.846, 109
Trd, 8639329.379, 114
Trd, 8639330.279, 120
Trd, 8639330.446, 110
Trd, 8639330.479, 96
Trd, 8639330.812, 84
Trd, 8639330.879, 81
Trd, 8639331.579, 101
Trd, 8639331.646, 81
Trd, 8639331.912, 139
Trd, 8639332.546, 128
Trd, 8639332.746, 127
Trd, 8639333.812, 121
Trd, 8639334.212, 102
Trd, 8639334.412, 78
Trd, 8639334.479, 74
Trd, 8639336.279, 105
Trd, 8639336.646, 113
Trd, 8639336.846, 93
Trd, 8639337.512, 107
Trd, 8639337.779, 91
Trd, 8639338.712, 91
Trd, 8639339.146, 122
Trd, 8639339.412, 100
Trd, 8639339.446, 100
Trd, 8639339.512, 87
Trd, 8639340.846, 108
Trd, 8639342.212, 132
Trd, 8639342.412, 131
Trd, 8639342.779, 123
Trd, 8639343.246, 116
Trd, 8639344.046, 101
Trd, 8639344.379, 119
Trd, 8639344.746, 113
Trd, 8639345.379, 119
Trd, 8639345.546, 100
Trd, 8639345.912, 120
Trd, 8639346.479, 100
Trd, 8639347.179, 126
Trd, 8639347.346, 72
Trd, 8639347.379, 76
Trd, 8639348.112, 84
Trd, 8639348.279, 129
Trd, 8639348.546, 97
Trd, 8639348.946, 72
Trd, 8639350.279, 115
Trd, 8639351.379, 91
Trd, 8639352.612, 92
Trd, 8639353.212, 92
Trd, 8639353.312, 106
Trd, 8639354.046, 119
Trd, 8639354.979, 137
Trd, 8639355.179, 126
Trd, 8639355.279, 109
Trd, 8639355.346, 94
Trd, 8639355.812, 91
Trd, 8639356.146, 74
Trd, 8639357.612, 73
Trd, 8639357.946, 73
Trd, 8639358.212, 119
Trd, 8639359.012, 107
Trd, 8639359.046, 99
Trd, 8639359.746, 124
Trd, 8639360.279, 124
Trd, 8639360.779, 124
Trd, 8639360.846, 115
Trd, 8639361.112, 113
Trd, 8639361.579, 128
Trd, 8639361.912, 99
Trd, 8639363.312, 105
Trd, 8639363.446, 88
Trd, 8639363.679, 83
Trd, 8639363.779, 103
Trd, 8639365.446, 88
Trd, 8639366.212, 91
Trd, 8639366.679, 102
Trd, 8639367.479, 113
Trd, 8639367.546, 112
Trd, 8639368.646, 103
Trd, 8639368.779, 101
Trd, 8639369.212, 103
Trd, 8639369.246, 102
Trd, 8639369.446, 103
Trd, 8639370.279, 108
Trd, 8639370.512, 108
Trd, 8639371.046, 109
Trd, 8639371.146, 110
Trd, 8639372.346, 136
Trd, 8639372.479, 105
Trd, 8639373.446, 126
Trd, 8639373.479, 125
Trd, 8639374.046, 114
Trd, 8639374.079, 105
Trd, 8639374.512, 127
Trd, 8639374.546, 101
Trd, 8639374.912, 76
Trd, 8639374.979, 69
Trd, 8639375.412, 87
Trd, 8639376.879, 140
Trd, 8639377.712, 137
Trd, 8639377.846, 127
Trd, 8639377.946, 122
Trd, 8639379.712, 136
Trd, 8639380.246, 95
Trd, 8639380.346, 120
Trd, 8639380.979, 101
Trd, 8639381.612, 132
Trd, 8639381.679, 131
Trd, 8639382.312, 125
Trd, 8639382.512, 133
Trd, 8639382.846, 124
Trd, 8639384.012, 133
Trd, 8639384.046, 127
Trd, 8639384.112, 113
Trd, 8639385.646, 114
Trd, 8639385.812, 114
Trd, 8639386.212, 133
Trd, 8639387.879, 119
Trd, 8639387.946, 119
Trd, 8639388.479, 114
Trd, 8639388.546, 113
Trd, 8639389.179, 112
Trd, 8639389.346, 127
Trd, 8639390.312, 104
Trd, 8639390.579, 128
Trd, 8639391.379, 138
Trd, 8639391.412, 130
Trd, 8639391.712, 134
Trd, 8639391.912, 133
Trd, 8639393.012, 120
Trd, 8639393.046, 109
Trd, 8639393.146, 92
Trd, 8639393.879, 116
Trd, 8639394.912, 118
Trd, 8639395.012, 120
Trd, 8639395.312, 118
Trd, 8639396.979, 121
Trd, 8639397.479, 136
Trd, 8639397.779, 114
Trd, 8639397.979, 110
Trd, 8639398.246, 126
Trd, 8639398.279, 125
Trd, 8639399.846, 118
Trd, 8639400.312, 133
Trd, 8639400.512, 107
Trd, 8639402.212, 116
Trd, 8639402.512, 115
Trd, 8639402.812, 114
Trd, 8639403.179, 124
Trd, 8639403.546, 121
Trd, 8639403.879, 82
Trd, 8639403.912, 72
Trd, 8639405.746, 104
Trd, 8639407.412, 120
Trd, 8639407.546, 116
Trd, 8639407.712, 116
Trd, 8639407.879, 130
Trd, 8639408.779, 136
Trd, 8639408.979, 131
Trd, 8639409.812, 119
Trd, 8639410.879, 130
Trd, 8639411.379, 129
Trd, 8639411.512, 115
Trd, 8639411.579, 115
Trd, 8639412.012, 105
Trd, 8639412.979, 131
Trd, 8639413.746, 117
Trd, 8639414.146, 112
Trd, 8639414.412, 120
Trd, 8639414.512, 108
Trd, 8639414.679, 107
Trd, 8639414.946, 106
Trd, 8639415.312, 116
Trd, 8639415.946, 118
Trd, 8639416.546, 104
Trd, 8639416.679, 104
Trd, 8639417.112, 135
Trd, 8639418.446, 109
Trd, 8639418.779, 84
Trd, 8639419.412, 110
Trd, 8639419.579, 134
Trd, 8639420.112, 108
Trd, 8639420.646, 125
Trd, 8639420.779, 92
Trd, 8639421.212, 93
Trd, 8639421.312, 92
Trd, 8639422.012, 114
Trd, 8639422.812, 99
Trd, 8639423.379, 110
Trd, 8639423.812, 127
Trd, 8639424.512, 120
Trd, 8639424.579, 120
Trd, 8639424.846, 95
Trd, 8639425.746, 114
Trd, 8639425.812, 110
Trd, 8639426.512, 101
Trd, 8639427.146, 122
Trd, 8639428.312, 113
Trd, 8639428.412, 111
Trd, 8639428.546, 117
Trd, 8639429.812, 132
Trd, 8639430.079, 129
Trd, 8639430.612, 126
Trd, 8639431.112, 119
Trd, 8639431.312, 116
Trd, 8639431.946, 116
Trd, 8639432.012, 115
Trd, 8639432.512, 126
Trd, 8639433.046, 137
Trd, 8639433.312, 113
Trd, 8639433.879, 130
Trd, 8639434.146, 112
Trd, 8639435.112, 102
Trd, 8639435.279, 103
Trd, 8639435.512, 104
Trd, 8639436.612, 136
Trd, 8639436.679, 121
Trd, 8639436.912, 108
Trd, 8639437.479, 136
Trd, 8639438.146, 95
Trd, 8639438.346, 87
Trd, 8639438.846, 82
Trd, 8639439.279, 102
Trd, 8639440.879, 125
Trd, 8639441.012, 134
Trd, 8639442.379, 131
Trd, 8639442.779, 131
Trd, 8639443.112, 124
Trd, 8639443.179, 112
Trd, 8639443.212, 87
Trd, 8639444.146, 129
Trd, 8639445.612, 109
Trd, 8639446.212, 124
Trd, 8639446.346, 99
Trd, 8639446.612, 117
Trd, 8639446.712, 99
Trd, 8639447.412, 98
Trd, 8639448.012, 99
Trd, 8639449.112, 98
Trd, 8639449.812, 114
Trd, 8639450.379, 98
Trd, 8639450.746, 97
Trd, 8639451.079, 122
Trd, 8639451.212, 128
Trd, 8639451.646, 124
Trd, 8639451.812, 97
Trd, 8639452.712, 122
Trd, 8639453.112, 118
Trd, 8639453.779, 132
Trd, 8639454.679, 120
Trd, 8639454.912, 120
Trd, 8639455.112, 120
Trd, 8639455.946, 104
Trd, 8639456.346, 75
Trd, 8639457.346, 92
Trd, 8639457.679, 94
Trd, 8639457.946, 110
Trd, 8639459.279, 138
Trd, 8639459.546, 137
Trd, 8639460.146, 136
Trd, 8639461.346, 115
Trd, 8639461.812, 115
Trd, 8639462.479, 112
Trd, 8639462.612, 108
Trd, 8639463.246, 106
Trd, 8639463.612, 104
Trd, 8639463.646, 98
Trd, 8639464.579, 109
Trd, 8639464.912, 100
Trd, 8639465.979, 115
Trd, 8639466.746, 130
Trd, 8639467.079, 113
Trd, 8639467.379, 107
Trd, 8639468.712, 135
Trd, 8639468.746, 128
Trd, 8639468.812, 127
Trd, 8639470.146, 128
Trd, 8639470.579, 106
Trd, 8639471.479, 99
Trd, 8639471.546, 98
Trd, 8639471.646, 105
Trd, 8639471.746, 110
Trd, 8639472.112, 93
Trd, 8639472.212, 111
Trd, 8639474.146, 118
Trd, 8639474.712, 118
Trd, 8639475.979, 139
Trd, 8639476.179, 112
Trd, 8639476.846, 121
Trd, 8639477.246, 109
Trd, 8639477.846, 116
Trd, 8639477.979, 113
Trd, 8639478.112, 125
Trd, 8639478.346, 109
Trd, 8639478.712, 109
Trd, 8639478.846, 109
Trd, 8639480.779, 108
Trd, 8639481.379, 124
Trd, 8639482.212, 98
Trd, 8639482.312, 136
Trd, 8639482.546, 94
Trd, 8639483.246, 94
Trd, 8639484.046, 109
Trd, 8639484.079, 101
Trd, 8639484.212, 107
Trd, 8639484.312, 121
Trd, 8639484.712, 91
Trd, 8639485.112, 117
Trd, 8639485.479, 87
Trd, 8639486.246, 87
Trd, 8639486.879, 91
Trd, 8639488.546, 88
Trd, 8639488.879, 118
Trd, 8639489.279, 114
Trd, 8639491.346, 120
Trd, 8639491.712, 125
Trd, 8639491.879, 116
Trd, 8639492.046, 97
Trd, 8639492.379, 86
Trd, 8639492.946, 119
Trd, 8639493.046, 116
Trd, 8639493.646, 91
Trd, 8639495.646, 140
Trd, 8639495.912, 126
Trd, 8639496.346, 125
Trd, 8639496.479, 109
Trd, 8639496.546, 85
Trd, 8639496.946, 83
Trd, 8639497.079, 85
Trd, 8639497.579, 116
Trd, 8639499.046, 134
Trd, 8639499.279, 104
Trd, 8639499.679, 95
Trd, 8639499.746, 83
Trd, 8639500.012, 120
Trd, 8639501.279, 95
Trd, 8639502.379, 113
Trd, 8639503.579, 125
Trd, 8639504.146, 124
Trd, 8639504.179, 122
Trd, 8639504.412, 87
Trd, 8639504.679, 134
Trd, 8639505.046, 107
Trd, 8639505.679, 115
Trd, 8639505.712, 95
Trd, 8639506.879, 88
Trd, 8639507.479, 124
Trd, 8639508.346, 134
Trd, 8639508.379, 133
Trd, 8639508.846, 123
Trd, 8639510.946, 131
Trd, 8639511.012, 122
Trd, 8639511.179, 119
Trd, 8639511.246, 80
Trd, 8639512.212, 114
Trd, 8639513.112, 114
Trd, 8639514.012, 133
Trd, 8639514.479, 107
Trd, 8639515.346, 114
Trd, 8639515.446, 124
Trd, 8639515.812, 131
Trd, 8639516.479, 136
Trd, 8639517.146, 134
Trd, 8639517.212, 122
Trd, 8639517.779, 113
Trd, 8639518.746, 86
Trd, 8639518.912, 114
Trd, 8639518.946, 114
Trd, 8639519.446, 79
Trd, 8639520.712, 108
Trd, 8639522.112, 124
Trd, 8639522.146, 120
Trd, 8639522.846, 123
Trd, 8639522.979, 136
Trd, 8639523.379, 101
Trd, 8639524.012, 114
Trd, 8639524.212, 106
Trd, 8639524.779, 119
Trd, 8639525.912, 116
Trd, 8639525.979, 130
Trd, 8639526.279, 116
Trd, 8639526.412, 106
Trd, 8639526.812, 101
Trd, 8639527.612, 99
Trd, 8639528.279, 136
Trd, 8639528.679, 92
Trd, 8639528.779, 84
Trd, 8639529.212, 84
Trd, 8639529.912, 121
Trd, 8639530.746, 109
Trd, 8639531.312, 120
Trd, 8639531.446, 120
Trd, 8639531.479, 98
Trd, 8639531.512, 85
Trd, 8639532.012, 111
Trd, 8639533.212, 100
Trd, 8639533.979, 131
Trd, 8639534.079, 119
Trd, 8639534.179, 118
Trd, 8639534.312, 115
Trd, 8639535.379, 116
Trd, 8639535.879, 93
Trd, 8639536.679, 97
Trd, 8639536.779, 92
Trd, 8639537.146, 98
Trd, 8639538.612, 132
Trd, 8639540.012, 133
Trd, 8639540.412, 131
Trd, 8639540.446, 121
Trd, 8639540.579, 131
Trd, 8639540.979, 132
Trd, 8639541.546, 117
Trd, 8639541.946, 116
Trd, 8639542.112, 131
Trd, 8639542.846, 128
Trd, 8639543.179, 115
Trd, 8639543.779, 131
Trd, 8639543.846, 130
Trd, 8639544.146, 134
Trd, 8639544.412, 118
Trd, 8639544.912, 139
Trd, 8639545.312, 107
Trd, 8639545.379, 79
Trd, 8639546.846, 126
Trd, 8639547.512, 118
Trd, 8639547.779, 117
Trd, 8639548.346, 128
Trd, 8639549.146, 107
Trd, 8639549.812, 116
Trd, 8639550.379, 130
Trd, 8639550.446, 114
Trd, 8639550.979, 115
Trd, 8639551.012, 114
Trd, 8639551.212, 101
Trd, 8639551.746, 137
Trd, 8639552.012, 99
Trd, 8639552.346, 78
Trd, 8639553.012, 70
Trd, 8639553.546, 73
Trd, 8639553.679, 75
Trd, 8639553.812, 122
Trd, 8639554.512, 66
Trd, 8639554.879, 99
Trd, 8639556.412, 105
Trd, 8639556.746, 135
Trd, 8639558.046, 122
Trd, 8639558.146, 118
Trd, 8639558.646, 118
Trd, 8639558.746, 109
Trd, 8639558.779, 107
Trd, 8639559.146, 128
Trd, 8639559.512, 104
Trd, 8639559.679, 90
Trd, 8639561.679, 126
Trd, 8639561.979, 108
Trd, 8639562.179, 125
Trd, 8639562.212, 107
Trd, 8639562.312, 74
Trd, 8639563.412, 136
Trd, 8639563.912, 109
Trd, 8639564.279, 108
Trd, 8639564.579, 107
Trd, 8639565.212, 125
Trd, 8639565.612, 124
Trd, 8639565.679, 96
Trd, 8639565.946, 101
Trd, 8639566.179, 114
Trd, 8639566.279, 80
Trd, 8639566.879, 72
Trd, 8639567.412, 73
Trd, 8639567.812, 86
Trd, 8639569.912, 136
Trd, 8639570.012, 135
Trd, 8639570.146, 85
Trd, 8639570.579, 98
Trd, 8639571.779, 84
Trd, 8639571.812, 84
Trd, 8639572.379, 83
Trd, 8639572.979, 134
Trd, 8639573.612, 127
Trd, 8639574.046, 76
Trd, 8639574.079, 68
Trd, 8639574.746, 81
Trd, 8639575.212, 100
Trd, 8639575.379, 128
Trd, 8639576.346, 71
Trd, 8639576.912, 101
Trd, 8639577.146, 78
Trd, 8639577.312, 70
Trd, 8639578.679, 139
Trd, 8639578.979, 138
Trd, 8639579.479, 124
Trd, 8639579.679, 118
Trd, 8639580.246, 140
Trd, 8639580.279, 139
Trd, 8639581.312, 115
Trd, 8639581.446, 109
Trd, 8639581.479, 97
Trd, 8639582.079, 67
Trd, 8639582.479, 106
Trd, 8639583.579, 127
Trd, 8639584.379, 114
Trd, 8639585.146, 137
Trd, 8639585.246, 136
Trd, 8639585.579, 126
Trd, 8639585.779, 115
Trd, 8639585.846, 108
Trd, 8639586.679, 102
Trd, 8639587.012, 119
Trd, 8639587.079, 101
Trd, 8639588.446, 111
Trd, 8639589.412, 121
Trd, 8639591.179, 132
Trd, 8639591.212, 129
Trd, 8639592.012, 128
Trd, 8639592.146, 127
Trd, 8639592.246, 85
Trd, 8639592.612, 91
Trd, 8639592.712, 85
Trd, 8639593.846, 123
Trd, 8639594.179, 116
Trd, 8639594.246, 99
Trd, 8639594.379, 96
Trd, 8639595.012, 97
Trd, 8639596.446, 99
Trd, 8639596.479, 113
Trd, 8639596.879, 125
Trd, 8639597.479, 123
Trd, 8639598.612, 133
Trd, 8639598.979, 132
Trd, 8639599.646, 139
Trd, 8639599.979, 137
Trd, 8639600.646, 121
Trd, 8639601.046, 119
Trd, 8639601.179, 134
Trd, 8639601.446, 121
Trd, 8639601.779, 133
Trd, 8639602.479, 128
Trd, 8639603.079, 139
Trd, 8639603.312, 127
Trd, 8639604.746, 123
Trd, 8639606.012, 135
Trd, 8639606.412, 131
Trd, 8639606.446, 130
Trd, 8639607.979, 106
Trd, 8639608.179, 100
Trd, 8639608.412, 99
Trd, 8639608.512, 96
Trd, 8639608.812, 114
Trd, 8639609.212, 99
Trd, 8639609.379, 96
Trd, 8639609.646, 100
Trd, 8639609.946, 86
Trd, 8639611.546, 134
Trd, 8639611.579, 123
Trd, 8639612.546, 123
Trd, 8639612.679, 122
Trd, 8639613.479, 116
Trd, 8639613.579, 107
Trd, 8639614.046, 81
Trd, 8639614.112, 85
Trd, 8639614.446, 88
Trd, 8639615.012, 126
Trd, 8639616.146, 125
Trd, 8639616.712, 118
Trd, 8639617.412, 128
Trd, 8639617.946, 140
Trd, 8639618.146, 138
Trd, 8639619.179, 139
Trd, 8639619.546, 118
Trd, 8639620.012, 108
Trd, 8639621.112, 130
Trd, 8639621.279, 112
Trd, 8639621.446, 107
Trd, 8639621.946, 103
Trd, 8639622.212, 103
Trd, 8639622.279, 98
Trd, 8639622.479, 103
Trd, 8639623.312, 113
Trd, 8639624.279, 131
Trd, 8639625.112, 116
Trd, 8639625.212, 113
Trd, 8639625.279, 103
Trd, 8639625.646, 79
Trd, 8639626.012, 70
Trd, 8639626.112, 135
Trd, 8639626.746, 74
Trd, 8639628.179, 66
Trd, 8639628.679, 109
Trd, 8639628.712, 108
Trd, 8639628.746, 108
Trd, 8639628.879, 64
Trd, 8639630.112, 64
Trd, 8639630.146, 66
Trd, 8639630.412, 114
Trd, 8639630.646, 78
Trd, 8639631.679, 70
Trd, 8639632.412, 112
Trd, 8639632.646, 111
Trd, 8639633.412, 119
Trd, 8639633.879, 122
Trd, 8639634.179, 116
Trd, 8639634.279, 103
Trd, 8639634.546, 105
Trd, 8639636.246, 136
Trd, 8639636.812, 133
Trd, 8639637.579, 110
Trd, 8639637.879, 103
Trd, 8639637.912, 111
Trd, 8639638.746, 133
Trd, 8639639.046, 132
Trd, 8639639.112, 131
Trd, 8639640.512, 119
Trd, 8639641.346, 89
Trd, 8639641.812, 103
Trd, 8639642.046, 103
Trd, 8639642.346, 107
Trd, 8639642.546, 121
Trd, 8639643.746, 131
Trd, 8639643.779, 121
Trd, 8639644.046, 109
Trd, 8639644.612, 85
Trd, 8639644.979, 135
Trd, 8639645.546, 134
Trd, 8639645.646, 89
Trd, 8639646.946, 83
Trd, 8639646.979, 71
Trd, 8639647.079, 71
Trd, 8639648.046, 99
Trd, 8639648.446, 115
Trd, 8639648.746, 135
Trd, 8639650.012, 101
Trd, 8639650.179, 99
Trd, 8639651.746, 137
Trd, 8639652.046, 117
Trd, 8639652.712, 117
Trd, 8639653.279, 108
Trd, 8639653.879, 93
Trd, 8639654.112, 92
Trd, 8639654.179, 110
Trd, 8639655.346, 134
Trd, 8639655.546, 130
Trd, 8639655.946, 132
Trd, 8639656.679, 102
Trd, 8639656.746, 98
Trd, 8639656.846, 82
Trd, 8639657.946, 102
Trd, 8639658.646, 129
Trd, 8639658.779, 119
Trd, 8639659.146, 110
Trd, 8639659.546, 79
Trd, 8639659.979, 131
Trd, 8639660.312, 118
Trd, 8639660.446, 118
Trd, 8639660.746, 140
Trd, 8639661.746, 117
Trd, 8639662.246, 116
Trd, 8639662.446, 103
Trd, 8639662.512, 85
Trd, 8639663.746, 89
Trd, 8639665.579, 135
Trd, 8639665.946, 109
Trd, 8639666.212, 135
Trd, 8639666.679, 127
Trd, 8639667.412, 126
Trd, 8639668.446, 100
Trd, 8639668.546, 98
Trd, 8639668.679, 95
Trd, 8639669.446, 102
Trd, 8639669.946, 92
Trd, 8639670.046, 111
Trd, 8639671.112, 103
Trd, 8639671.446, 115
Trd, 8639671.712, 102
Trd, 8639672.046, 93
Trd, 8639672.346, 93
Trd, 8639673.112, 98
Trd, 8639673.379, 111
Trd, 8639673.846, 72
Trd, 8639675.346, 102
Trd, 8639675.546, 101
Trd, 8639675.979, 106
Trd, 8639677.579, 95
Trd, 8639678.546, 104
Trd, 8639679.346, 112
Trd, 8639679.412, 110
Trd, 8639679.479, 134
Trd, 8639680.046, 132
Trd, 8639680.546, 86
Trd, 8639681.012, 129
Trd, 8639681.312, 128
Trd, 8639681.779, 73
Trd, 8639682.079, 93
Trd, 8639682.812, 137
Trd, 8639683.779, 125
Trd, 8639684.379, 126
Trd, 8639684.546, 125
Trd, 8639685.579, 114
Trd, 8639685.612, 113
Trd, 8639685.646, 73
Trd, 8639686.612, 97
Trd, 8639686.679, 86
Trd, 8639687.346, 66
Trd, 8639687.779, 140
Trd, 8639688.446, 105
Trd, 8639688.946, 108
Trd, 8639689.112, 105
Trd, 8639689.212, 112
Trd, 8639690.646, 107
Trd, 8639691.212, 98
Trd, 8639691.779, 102
Trd, 8639692.146, 104
Trd, 8639692.679, 116
Trd, 8639692.912, 115
Trd, 8639693.746, 116
Trd, 8639694.012, 115
Trd, 8639695.579, 129
Trd, 8639696.346, 137
Trd, 8639696.679, 121
Trd, 8639697.046, 91
Trd, 8639697.279, 73
Trd, 8639698.079, 89
Trd, 8639698.246, 105
Trd, 8639698.946, 111
Trd, 8639699.179, 125
Trd, 8639699.712, 140
Trd, 8639699.779, 139
Trd, 8639701.546, 137
Trd, 8639701.912, 137
Trd, 8639702.546, 126
Trd, 8639703.212, 125
Trd, 8639703.879, 108
Trd, 8639703.912, 107
Trd, 8639703.979, 92
Trd, 8639704.112, 71
Trd, 8639704.446, 111
Trd, 8639705.379, 127
Trd, 8639705.712, 102
Trd, 8639705.746, 95
Trd, 8639706.279, 100
Trd, 8639706.612, 87
Trd, 8639707.779, 118
Trd, 8639708.012, 104
Trd, 8639708.412, 107
Trd, 8639708.512, 138
Trd, 8639708.746, 107
Trd, 8639709.579, 113
Trd, 8639709.712, 103
Trd, 8639709.846, 89
Trd, 8639711.679, 65
Trd, 8639712.112, 85
Trd, 8639712.412, 75
Trd, 8639714.179, 86
Trd, 8639714.546, 68
Trd, 8639715.346, 74
Trd, 8639716.046, 108
Trd, 8639716.146, 86
Trd, 8639716.412, 86
Trd, 8639716.579, 86
Trd, 8639716.946, 98
Trd, 8639717.412, 85
Trd, 8639717.846, 87
Trd, 8639718.846, 95
Trd, 8639719.446, 108
Trd, 8639719.812, 88
Trd, 8639720.246, 121
Trd, 8639720.679, 112
Trd, 8639720.746, 112
Trd, 8639721.412, 113
Trd, 8639722.146, 128
Trd, 8639722.546, 91
Trd, 8639722.846, 129
Trd, 8639723.379, 114
Trd, 8639723.912, 132
Trd, 8639724.679, 130
Trd, 8639725.479, 112
Trd, 8639726.146, 95
Trd, 8639726.812, 109
Trd, 8639727.179, 85
Trd, 8639727.779, 122
Trd, 8639728.412, 126
Trd, 8639728.879, 115
Trd, 8639729.012, 106
Trd, 8639729.712, 128
Trd, 8639730.112, 124
Trd, 8639730.412, 128
Trd, 8639731.579, 132
Trd, 8639731.846, 122
Trd, 8639732.346, 131
Trd, 8639733.246, 122
Trd, 8639733.312, 112
Trd, 8639733.479, 113
Trd, 8639733.979, 115
Trd, 8639734.579, 102
Trd, 8639734.979, 135
Trd, 8639735.512, 135
Trd, 8639735.812, 133
Trd, 8639736.046, 106
Trd, 8639736.446, 118
Trd, 8639737.312, 94
Trd, 8639738.012, 108
Trd, 8639738.046, 86
Trd, 8639739.446, 98
Trd, 8639740.112, 108
Trd, 8639740.246, 95
Trd, 8639741.012, 126
Trd, 8639741.146, 129
Trd, 8639741.712, 123
Trd, 8639742.246, 122
Trd, 8639743.212, 132
Trd, 8639743.746, 121
Trd, 8639744.779, 86
Trd, 8639744.912, 90
Trd, 8639745.079, 109
Trd, 8639745.579, 65
Trd, 8639746.179, 105
Trd, 8639746.446, 121
Trd, 8639746.846, 94
Trd, 8639746.946, 68
Trd, 8639748.746, 105
Trd, 8639749.046, 79
Trd, 8639749.246, 79
Trd, 8639749.446, 77
Trd, 8639749.546, 86
Trd, 8639749.712, 74
Trd, 8639749.979, 84
Trd, 8639750.079, 71
Trd, 8639750.412, 118
Trd, 8639750.779, 77
Trd, 8639751.746, 103
Trd, 8639751.912, 136
Trd, 8639752.012, 94
Trd, 8639752.579, 87
Trd, 8639752.912, 112
Trd, 8639753.579, 117
Trd, 8639753.879, 110
Trd, 8639755.046, 108
Trd, 8639755.112, 100
Trd, 8639756.579, 102
Trd, 8639756.712, 104
Trd, 8639757.079, 113
Trd, 8639757.446, 90
Trd, 8639757.679, 108
Trd, 8639758.379, 88
Trd, 8639758.412, 128
Trd, 8639758.546, 116
Trd, 8639759.612, 81
Trd, 8639759.712, 76
Trd, 8639760.812, 111
Trd, 8639761.979, 124
Trd, 8639762.812, 120
Trd, 8639763.846, 112
Trd, 8639764.946, 125
Trd, 8639765.346, 110
Trd, 8639765.479, 106
Trd, 8639765.546, 111
Trd, 8639765.879, 104
Trd, 8639766.312, 96
Trd, 8639766.912, 120
Trd, 8639767.279, 117
Trd, 8639767.479, 116
Trd, 8639767.579, 102
Trd, 8639768.212, 118
Trd, 8639768.512, 116
Trd, 8639769.212, 140
Trd, 8639769.612, 140
Trd, 8639769.646, 138
Trd, 8639770.379, 128
Trd, 8639770.446, 127
Trd, 8639770.779, 126
Trd, 8639771.246, 84
Trd, 8639772.146, 121
Trd, 8639772.279, 110
Trd, 8639772.446, 103
Trd, 8639773.912, 127
Trd, 8639774.012, 124
Trd, 8639774.246, 121
Trd, 8639774.979, 118
Trd, 8639775.512, 79
Trd, 8639775.979, 119
Trd, 8639776.146, 119
Trd, 8639776.679, 88
Trd, 8639776.879, 88
Trd, 8639777.979, 89
Trd, 8639778.579, 74
Trd, 8639779.079, 95
Trd, 8639779.879, 95
Trd, 8639780.246, 107
Trd, 8639780.879, 99
Trd, 8639781.779, 96
Trd, 8639782.679, 122
Trd, 8639782.712, 102
Trd, 8639782.946, 97
Trd, 8639783.346, 127
Trd, 8639783.379, 104
Trd, 8639784.946, 130
Trd, 8639785.012, 129
Trd, 8639785.879, 127
Trd, 8639786.179, 125
Trd, 8639786.412, 101
Trd, 8639786.546, 94
Trd, 8639787.146, 99
Trd, 8639787.479, 131
Trd, 8639788.712, 105
Trd, 8639789.979, 116
Trd, 8639790.146, 114
Trd, 8639790.846, 123
Trd, 8639790.879, 122
Trd, 8639791.146, 132
Trd, 8639791.179, 131
Trd, 8639791.679, 109
Trd, 8639792.112, 94
Trd, 8639792.246, 93
Trd, 8639792.912, 109
Trd, 8639792.946, 84
Trd, 8639795.379, 99
Trd, 8639795.679, 104
Trd, 8639795.979, 121
Trd, 8639796.079, 103
Trd, 8639796.612, 94
Trd, 8639797.079, 97
Trd, 8639798.079, 120
Trd, 8639798.179, 109
Trd, 8639799.246, 85
Trd, 8639799.312, 104
Trd, 8639799.879, 127
Trd, 8639800.379, 99
Trd, 8639800.679, 93
Trd, 8639801.046, 94
Trd, 8639801.546, 129
Trd, 8639801.646, 77
Trd, 8639802.012, 98
Trd, 8639802.546, 99
Trd, 8639802.912, 112
Trd, 8639803.146, 98
Trd, 8639803.546, 100
Trd, 8639803.946, 116
Trd, 8639804.146, 103
Trd, 8639805.479, 106
Trd, 8639806.546, 138
Trd, 8639806.679, 121
Trd, 8639807.079, 119
Trd, 8639807.279, 133
Trd, 8639807.446, 131
Trd, 8639808.879, 121
Trd, 8639808.946, 118
Trd, 8639809.312, 117
Trd, 8639809.379, 116
Trd, 8639810.446, 110
Trd, 8639811.779, 120
Trd, 8639813.912, 134
Trd, 8639814.379, 132
Trd, 8639815.546, 128
Trd, 8639815.746, 122
Trd, 8639815.879, 97
Trd, 8639816.446, 127
Trd, 8639816.946, 128
Trd, 8639817.146, 102
Trd, 8639818.279, 137
Trd, 8639818.546, 119
Trd, 8639818.679, 119
Trd, 8639819.046, 111
Trd, 8639819.079, 98
Trd, 8639819.512, 109
Trd, 8639819.546, 78
Trd, 8639820.379, 136
Trd, 8639821.012, 133
Trd, 8639821.146, 126
Trd, 8639821.846, 122
Trd, 8639822.946, 121
Trd, 8639823.212, 137
Trd, 8639823.579, 112
Trd, 8639823.846, 102
Trd, 8639824.979, 127
Trd, 8639825.312, 94
Trd, 8639825.546, 93
Trd, 8639825.679, 91
Trd, 8639826.279, 115
Trd, 8639827.346, 115
Trd, 8639827.546, 105
Trd, 8639828.179, 111
Trd, 8639828.279, 107
Trd, 8639828.412, 98
Trd, 8639829.246, 79
Trd, 8639829.779, 90
Trd, 8639830.346, 113
Trd, 8639830.812, 115
Trd, 8639830.979, 115
Trd, 8639832.246, 127
Trd, 8639833.179, 112
Trd, 8639833.579, 102
Trd, 8639833.646, 102
Trd, 8639833.912, 140
Trd, 8639834.046, 99
Trd, 8639835.946, 88
Trd, 8639836.212, 88
Trd, 8639837.479, 109
Trd, 8639837.712, 116
Trd, 8639838.379, 105
Trd, 8639838.546, 109
Trd, 8639839.412, 85
Trd, 8639839.546, 102
Trd, 8639839.812, 82
Trd, 8639840.312, 89
Trd, 8639840.912, 87
Trd, 8639841.212, 115
Trd, 8639841.612, 92
Trd, 8639842.212, 136
Trd, 8639842.979, 136
Trd, 8639843.012, 135
Trd, 8639843.312, 110
Trd, 8639844.279, 99
Trd, 8639844.579, 103
Trd, 8639845.012, 99
Trd, 8639845.246, 131
Trd, 8639845.479, 95
Trd, 8639845.679, 92
Trd, 8639846.746, 101
Trd, 8639847.979, 117
Trd, 8639848.312, 115
Trd, 8639848.579, 121
Trd, 8639849.212, 115
Trd, 8639849.546, 123
Trd, 8639849.612, 112
Trd, 8639850.579, 120
Trd, 8639850.846, 124
Trd, 8639851.079, 119
Trd, 8639851.346, 101
Trd, 8639851.412, 93
Trd, 8639851.846, 80
Trd, 8639852.479, 94
Trd, 8639852.812, 66
Trd, 8639853.112, 74
Trd, 8639853.746, 83
Trd, 8639853.812, 76
Trd, 8639853.979, 62
Trd, 8639855.646, 105
Trd, 8639856.812, 110
Trd, 8639857.046, 91
Trd, 8639857.279, 129
Trd, 8639857.379, 89
Trd, 8639858.246, 121
Trd, 8639859.379, 125
Trd, 8639859.746, 112
Trd, 8639860.979, 104
Trd, 8639862.079, 107
Trd, 8639862.646, 115
Trd, 8639863.146, 118
Trd, 8639863.212, 118
Trd, 8639863.679, 113
Trd, 8639863.846, 114
Trd, 8639863.912, 106
Trd, 8639864.046, 106
Trd, 8639864.146, 105
Trd, 8639864.312, 134
Trd, 8639864.412, 96
Trd, 8639866.012, 79
Trd, 8639866.579, 105
Trd, 8639867.879, 130
Trd, 8639868.446, 90
Trd, 8639868.946, 120
Trd, 8639869.579, 134
Trd, 8639870.679, 127
Trd, 8639870.846, 126
Trd, 8639871.012, 120
Trd, 8639871.079, 115
Trd, 8639871.746, 117
Trd, 8639871.912, 99
Trd, 8639872.046, 131
Trd, 8639872.746, 121
Trd, 8639873.579, 129
Trd, 8639873.646, 128
Trd, 8639873.746, 123
Trd, 8639873.946, 102
Trd, 8639874.712, 108
Trd, 8639875.646, 100
Trd, 8639875.812, 85
Trd, 8639876.379, 133
Trd, 8639876.512, 132
Trd, 8639878.246, 131
Trd, 8639878.446, 107
Trd, 8639878.646, 95
Trd, 8639879.346, 90
Trd, 8639879.579, 107
Trd, 8639880.279, 91
Trd, 8639881.146, 105
Trd, 8639881.312, 74
Trd, 8639881.479, 110
Trd, 8639882.412, 79
Trd, 8639883.579, 127
Trd, 8639883.879, 126
Trd, 8639884.046, 116
Trd, 8639884.079, 116
Trd, 8639884.312, 129
Trd, 8639885.079, 72
Trd, 8639885.212, 133
Trd, 8639887.146, 126
Trd, 8639887.446, 125
Trd, 8639887.946, 127
Trd, 8639888.146, 113
Trd, 8639888.212, 120
Trd, 8639888.279, 124
Trd, 8639888.546, 120
Trd, 8639888.579, 100
Trd, 8639888.912, 122
Trd, 8639889.779, 73
Trd, 8639890.112, 95
Trd, 8639890.479, 71
Trd, 8639890.846, 71
Trd, 8639891.779, 129
Trd, 8639891.946, 128
Trd, 8639892.379, 103
Trd, 8639892.746, 101
Trd, 8639893.012, 125
Trd, 8639893.312, 85
Trd, 8639893.746, 124
Trd, 8639894.146, 106
Trd, 8639895.346, 108
Trd, 8639896.312, 85
Trd, 8639897.412, 124
Trd, 8639897.846, 84
Trd, 8639898.112, 87
Trd, 8639898.212, 109
Trd, 8639898.712, 96
Trd, 8639898.779, 110
Trd, 8639899.246, 71
Trd, 8639900.446, 130
Trd, 8639900.946, 126
Trd, 8639901.312, 116
Trd, 8639902.046, 84
Trd, 8639902.246, 85
Trd, 8639902.446, 85
Trd, 8639903.446, 87
Trd, 8639903.546, 99
Trd, 8639903.812, 95
Trd, 8639903.979, 85
Trd, 8639904.112, 69
Trd, 8639905.446, 129
Trd, 8639905.512, 118
Trd, 8639905.846, 119
Trd, 8639905.979, 78
Trd, 8639907.046, 126
Trd, 8639907.812, 95
Trd, 8639908.012, 94
Trd, 8639908.246, 101
Trd, 8639908.879, 102
Trd, 8639909.112, 129
Trd, 8639909.146, 133
Trd, 8639909.646, 128
Trd, 8639909.846, 108
Trd, 8639909.879, 104
Trd, 8639910.646, 100
Trd, 8639911.846, 120
Trd, 8639912.312, 110
Trd, 8639912.346, 109
Trd, 8639913.079, 133
Trd, 8639913.146, 108
Trd, 8639915.079, 138
Trd, 8639915.146, 135
Trd, 8639915.546, 134
Trd, 8639916.512, 125
Trd, 8639916.546, 124
Trd, 8639917.379, 126
Trd, 8639917.546, 128
Trd, 8639917.579, 125
Trd, 8639918.312, 125
Trd, 8639918.412, 115
Trd, 8639918.612, 114
Trd, 8639919.312, 118
Trd, 8639919.346, 117
Trd, 8639919.612, 114
Trd, 8639919.979, 140
Trd, 8639920.412, 111
Trd, 8639921.112, 112
Trd, 8639921.712, 98
Trd, 8639921.779, 88
Trd, 8639922.712, 126
Trd, 8639922.879, 106
Trd, 8639923.546, 87
Trd, 8639924.479, 105
Trd, 8639924.646, 85
Trd, 8639925.946, 104
Trd, 8639926.046, 94
Trd, 8639926.512, 110
Trd, 8639926.846, 108
Trd, 8639927.246, 120
Trd, 8639927.646, 87
Trd, 8639927.712, 87
Trd, 8639928.779, 121
Trd, 8639929.146, 119
Trd, 8639929.412, 113
Trd, 8639929.546, 103
Trd, 8639930.646, 104
Trd, 8639931.412, 104
Trd, 8639931.746, 103
Trd, 8639931.879, 102
Trd, 8639933.046, 134
Trd, 8639933.846, 131
Trd, 8639933.879, 130
Trd, 8639935.246, 120
Trd, 8639935.979, 102
Trd, 8639936.346, 100
Trd, 8639936.446, 105
Trd, 8639937.512, 138
Trd, 8639937.579, 105
Trd, 8639938.012, 132
Trd, 8639938.112, 124
Trd, 8639938.779, 105
Trd, 8639939.046, 95
Trd, 8639939.412, 95
Trd, 8639939.546, 94
Trd, 8639939.846, 101
Trd, 8639940.246, 107
Trd, 8639940.746, 95
Trd, 8639942.912, 135
Trd, 8639943.179, 127
Trd, 8639943.746, 115
Trd, 8639944.212, 102
Trd, 8639944.812, 111
Trd, 8639945.312, 103
Trd, 8639945.446, 102
Trd, 8639945.479, 93
Trd, 8639946.312, 111
Trd, 8639946.412, 110
Trd, 8639948.346, 122
Trd, 8639948.546, 103
Trd, 8639948.746, 120
Trd, 8639949.312, 102
Trd, 8639949.846, 101
Trd, 8639950.779, 140
Trd, 8639951.512, 108
Trd, 8639951.779, 107
Trd, 8639952.712, 107
Trd, 8639953.246, 134
Trd, 8639954.212, 129
Trd, 8639954.279, 128
Trd, 8639954.612, 110
Trd, 8639954.779, 106
Trd, 8639956.112, 113
Trd, 8639956.346, 119
Trd, 8639956.412, 98
Trd, 8639956.679, 87
Trd, 8639956.746, 86
Trd, 8639957.346, 130
Trd, 8639957.479, 135
Trd, 8639957.679, 86
Trd, 8639958.179, 133
Trd, 8639958.246, 132
Trd, 8639958.712, 127
Trd, 8639959.546, 128
Trd, 8639960.312, 120
Trd, 8639960.712, 95
Trd, 8639961.412, 93
Trd, 8639961.879, 90
Trd, 8639962.979, 115
Trd, 8639963.412, 119
Trd, 8639963.746, 115
Trd, 8639965.112, 135
Trd, 8639965.546, 110
Trd, 8639965.579, 103
Trd, 8639966.112, 88
Trd, 8639966.246, 116
Trd, 8639966.879, 125
Trd, 8639967.046, 91
Trd, 8639968.146, 81
Trd, 8639968.446, 104
Trd, 8639968.546, 81
Trd, 8639969.279, 131
Trd, 8639970.379, 106
Trd, 8639970.879, 98
Trd, 8639971.079, 83
Trd, 8639971.679, 83
Trd, 8639972.012, 108
Trd, 8639972.279, 80
Trd, 8639973.346, 110
Trd, 8639973.712, 123
Trd, 8639973.746, 122
Trd, 8639973.779, 119
Trd, 8639974.312, 112
Trd, 8639974.879, 119
Trd, 8639975.846, 118
Trd, 8639977.179, 114
Trd, 8639977.679, 133
Trd, 8639978.179, 136
Trd, 8639978.579, 135
Trd, 8639978.679, 125
Trd, 8639978.746, 90
Trd, 8639979.179, 85
Trd, 8639979.546, 138
Trd, 8639979.746, 131
Trd, 8639980.446, 128
Trd, 8639980.912, 129
Trd, 8639981.246, 132
Trd, 8639981.979, 113
Trd, 8639982.212, 88
Trd, 8639982.346, 89
Trd, 8639982.879, 89
Trd, 8639983.379, 124
Trd, 8639984.012, 90
Trd, 8639984.412, 96
Trd, 8639984.846, 127
Trd, 8639985.312, 95
Trd, 8639985.879, 94
Trd, 8639986.612, 123
Trd, 8639988.379, 127
Trd, 8639988.679, 117
Trd, 8639988.746, 114
Trd, 8639989.146, 97
Trd, 8639989.846, 109
Trd, 8639989.912, 106
Trd, 8639990.812, 104
Trd, 8639991.312, 104
Trd, 8639991.879, 139
Trd, 8639992.212, 130
Trd, 8639992.946, 129
Trd, 8639993.579, 123
Trd, 8639994.612, 104
Trd, 8639994.712, 103
Trd, 8639994.812, 85
Trd, 8639995.179, 73
Trd, 8639995.546, 67
Trd, 8639995.612, 82
Trd, 8639996.846, 93
Trd, 8639997.212, 97
Trd, 8639998.479, 106
Trd, 8639999.979, 140
