Trd, 8638796.979, 60
Trd, 8638797.479, 60
Trd, 8638797.512, 60
Trd, 8638797.946, 60
Trd, 8638798.012, 62
Trd, 8638798.212, 60
Trd, 8638798.279, 65
Trd, 8638798.346, 61
Trd, 8638799.112, 60
Trd, 8638800.146, 60
Trd, 8638800.579, 60
Trd, 8638800.712, 60
Trd, 8638800.946, 62
Trd, 8638801.346, 60
Trd, 8638801.479, 60
Trd, 8638801.812, 61
Trd, 8638802.212, 62
Trd, 8638802.246, 62
Trd, 8638802.612, 63
Trd, 8638803.112, 63
Trd, 8638803.179, 63
Trd, 8638803.512, 62
Trd, 8638804.446, 63
Trd, 8638804.579, 64
Trd, 8638805.346, 60
Trd, 8638805.746, 62
Trd, 8638807.979, 60
Trd, 8638808.046, 60
Trd, 8638808.212, 61
Trd, 8638808.346, 65
Trd, 8638808.579, 64
Trd, 8638808.746, 65
Trd, 8638808.779, 64
Trd, 8638808.879, 64
Trd, 8638809.079, 69
Trd, 8638809.279, 136
Trd, 8638809.312, 135
Trd, 8638809.479, 109
Trd, 8638810.012, 67
Trd, 8638810.512, 63
Trd, 8638811.346, 139
Trd, 8638811.812, 140
Trd, 8638811.979, 140
Trd, 8638812.312, 140
Trd, 8638812.479, 140
Trd, 8638812.579, 140
Trd, 8638812.779, 135
Trd, 8638813.079, 64
Trd, 8638815.246, 62
Trd, 8638815.279, 62
Trd, 8638816.012, 62
Trd, 8638816.212, 61
Trd, 8638816.346, 62
Trd, 8638816.446, 64
Trd, 8638816.546, 66
Trd, 8638816.712, 64
Trd, 8638817.779, 140
Trd, 8638818.146, 140
Trd, 8638818.212, 140
Trd, 8638818.346, 140
Trd, 8638818.546, 140
Trd, 8638818.812, 112
Trd, 8638819.346, 113
Trd, 8638819.712, 112
Trd, 8638819.779, 90
Trd, 8638820.146, 108
Trd, 8638822.079, 140
Trd, 8638822.346, 140
Trd, 8638822.379, 140
Trd, 8638822.446, 140
Trd, 8638822.779, 140
Trd, 8638822.946, 133
Trd, 8638823.046, 113
Trd, 8638823.112, 104
Trd, 8638824.146, 127
Trd, 8638824.979, 60
Trd, 8638825.779, 60
Trd, 8638826.612, 60
Trd, 8638827.012, 60
Trd, 8638827.312, 62
Trd, 8638827.346, 63
Trd, 8638828.279, 63
Trd, 8638829.346, 63
Trd, 8638829.712, 62
Trd, 8638829.946, 63
Trd, 8638830.079, 64
Trd, 8638830.379, 62
Trd, 8638830.446, 64
Trd, 8638831.279, 60
Trd, 8638831.579, 61
Trd, 8638832.046, 62
Trd, 8638832.446, 61
Trd, 8638832.712, 62
Trd, 8638832.746, 61
Trd, 8638833.079, 60
Trd, 8638833.146, 63
Trd, 8638833.346, 64
Trd, 8638833.712, 64
Trd, 8638834.679, 60
Trd, 8638835.546, 61
Trd, 8638835.879, 61
Trd, 8638836.112, 60
Trd, 8638836.879, 60
Trd, 8638837.079, 60
Trd, 8638837.512, 62
Trd, 8638837.846, 63
Trd, 8638840.012, 60
Trd, 8638840.112, 61
Trd, 8638840.279, 61
Trd, 8638840.579, 62
Trd, 8638840.746, 62
Trd, 8638840.946, 64
Trd, 8638841.479, 66
Trd, 8638841.646, 66
Trd, 8638841.846, 67
Trd, 8638841.946, 66
Trd, 8638842.046, 70
Trd, 8638842.546, 61
Trd, 8638844.512, 60
Trd, 8638845.812, 61
Trd, 8638846.479, 60
Trd, 8638846.512, 60
Trd, 8638846.812, 61
Trd, 8638846.912, 61
Trd, 8638847.279, 62
Trd, 8638847.846, 60
Trd, 8638847.912, 60
Trd, 8638848.146, 60
Trd, 8638848.412, 60
Trd, 8638849.179, 60
Trd, 8638849.779, 61
Trd, 8638850.246, 60
Trd, 8638850.646, 60
Trd, 8638851.546, 65
Trd, 8638851.812, 60
Trd, 8638852.246, 62
Trd, 8638853.112, 60
Trd, 8638853.346, 60
Trd, 8638853.779, 60
Trd, 8638854.846, 60
Trd, 8638854.946, 61
Trd, 8638855.012, 65
Trd, 8638855.079, 63
Trd, 8638855.379, 140
Trd, 8638856.012, 139
Trd, 8638856.712, 140
Trd, 8638856.779, 140
Trd, 8638856.846, 140
Trd, 8638859.312, 61
Trd, 8638859.479, 61
Trd, 8638859.812, 61
Trd, 8638860.679, 61
Trd, 8638861.679, 60
Trd, 8638861.846, 60
Trd, 8638862.079, 61
Trd, 8638862.412, 61
Trd, 8638862.646, 60
Trd, 8638862.712, 62
Trd, 8638862.946, 65
Trd, 8638863.012, 63
Trd, 8638863.279, 62
Trd, 8638863.346, 61
Trd, 8638864.646, 67
Trd, 8638865.846, 60
Trd, 8638866.112, 60
Trd, 8638866.546, 62
Trd, 8638867.079, 61
Trd, 8638867.479, 60
Trd, 8638868.012, 60
Trd, 8638868.346, 60
Trd, 8638868.546, 62
Trd, 8638868.712, 61
Trd, 8638869.046, 61
Trd, 8638869.212, 60
Trd, 8638869.246, 62
Trd, 8638869.946, 60
Trd, 8638870.046, 60
Trd, 8638870.579, 66
Trd, 8638871.179, 64
Trd, 8638871.246, 62
Trd, 8638871.946, 62
Trd, 8638872.179, 62
Trd, 8638872.546, 65
Trd, 8638872.646, 63
Trd, 8638873.179, 65
Trd, 8638873.312, 64
Trd, 8638873.546, 73
Trd, 8638874.079, 72
Trd, 8638875.546, 60
Trd, 8638875.946, 60
Trd, 8638876.679, 60
Trd, 8638877.312, 62
Trd, 8638878.179, 60
Trd, 8638878.246, 61
Trd, 8638879.012, 62
Trd, 8638879.079, 62
Trd, 8638879.246, 60
Trd, 8638879.379, 61
Trd, 8638879.546, 62
Trd, 8638879.812, 63
Trd, 8638879.979, 63
Trd, 8638880.279, 62
Trd, 8638880.412, 61
Trd, 8638880.979, 69
Trd, 8638881.646, 107
Trd, 8638881.779, 140
Trd, 8638882.212, 63
Trd, 8638882.379, 62
Trd, 8638882.946, 61
Trd, 8638884.979, 60
Trd, 8638886.246, 60
Trd, 8638886.479, 61
Trd, 8638886.979, 60
Trd, 8638887.612, 60
Trd, 8638888.246, 61
Trd, 8638888.412, 61
Trd, 8638888.546, 63
Trd, 8638888.779, 62
Trd, 8638888.912, 63
Trd, 8638888.979, 62
Trd, 8638889.412, 64
Trd, 8638889.679, 64
Trd, 8638889.712, 63
Trd, 8638889.912, 66
Trd, 8638891.079, 63
Trd, 8638891.779, 61
Trd, 8638893.446, 60
Trd, 8638893.546, 60
Trd, 8638893.646, 61
Trd, 8638893.779, 61
Trd, 8638893.879, 60
Trd, 8638893.946, 64
Trd, 8638894.212, 60
Trd, 8638894.712, 60
Trd, 8638894.812, 61
Trd, 8638895.146, 61
Trd, 8638895.346, 69
Trd, 8638895.446, 65
Trd, 8638895.546, 63
Trd, 8638895.846, 99
Trd, 8638896.312, 98
Trd, 8638896.646, 126
Trd, 8638896.779, 62
Trd, 8638898.079, 67
Trd, 8638899.846, 61
Trd, 8638900.746, 62
Trd, 8638900.812, 61
Trd, 8638901.512, 61
Trd, 8638901.879, 60
Trd, 8638902.112, 60
Trd, 8638902.246, 60
Trd, 8638903.079, 60
Trd, 8638904.012, 60
Trd, 8638904.879, 60
Trd, 8638905.079, 60
Trd, 8638905.112, 61
Trd, 8638905.479, 60
Trd, 8638906.012, 61
Trd, 8638906.112, 61
Trd, 8638906.479, 61
Trd, 8638906.712, 81
Trd, 8638908.279, 60
Trd, 8638908.612, 61
Trd, 8638909.112, 60
Trd, 8638909.412, 61
Trd, 8638909.946, 61
Trd, 8638910.179, 64
Trd, 8638910.412, 64
Trd, 8638910.512, 62
Trd, 8638910.846, 63
Trd, 8638911.112, 65
Trd, 8638911.179, 66
Trd, 8638911.279, 64
Trd, 8638911.412, 66
Trd, 8638912.012, 60
Trd, 8638912.446, 60
Trd, 8638913.346, 60
Trd, 8638916.779, 60
Trd, 8638917.079, 60
Trd, 8638917.312, 61
Trd, 8638917.379, 61
Trd, 8638918.346, 61
Trd, 8638918.446, 61
Trd, 8638918.612, 61
Trd, 8638918.846, 62
Trd, 8638918.946, 62
Trd, 8638919.012, 64
Trd, 8638919.179, 64
Trd, 8638919.246, 63
Trd, 8638920.112, 60
Trd, 8638920.979, 60
Trd, 8638922.346, 60
Trd, 8638922.646, 65
Trd, 8638922.812, 66
Trd, 8638922.846, 65
Trd, 8638923.579, 63
Trd, 8638923.746, 62
Trd, 8638923.879, 65
Trd, 8638924.546, 60
Trd, 8638925.479, 60
Trd, 8638925.546, 61
Trd, 8638925.779, 62
Trd, 8638925.979, 62
Trd, 8638926.246, 63
Trd, 8638926.312, 63
Trd, 8638926.512, 64
Trd, 8638926.546, 63
Trd, 8638926.879, 66
Trd, 8638927.146, 69
Trd, 8638927.212, 64
Trd, 8638927.979, 65
Trd, 8638928.512, 67
Trd, 8638929.279, 67
Trd, 8638929.579, 66
Trd, 8638929.679, 71
Trd, 8638930.379, 140
Trd, 8638930.512, 140
Trd, 8638930.712, 140
Trd, 8638930.846, 139
Trd, 8638931.912, 138
Trd, 8638932.246, 87
Trd, 8638932.912, 87
Trd, 8638933.146, 86
Trd, 8638933.612, 82
Trd, 8638934.612, 67
Trd, 8638934.879, 139
Trd, 8638935.146, 118
Trd, 8638935.179, 66
Trd, 8638935.312, 139
Trd, 8638936.212, 140
Trd, 8638936.412, 67
Trd, 8638936.846, 138
Trd, 8638937.212, 140
Trd, 8638937.479, 137
Trd, 8638940.379, 60
Trd, 8638940.746, 60
Trd, 8638941.012, 61
Trd, 8638941.112, 60
Trd, 8638941.179, 60
Trd, 8638941.279, 61
Trd, 8638941.812, 61
Trd, 8638942.046, 62
Trd, 8638942.179, 64
Trd, 8638942.479, 62
Trd, 8638942.546, 61
Trd, 8638942.879, 63
Trd, 8638944.446, 60
Trd, 8638946.112, 60
Trd, 8638946.146, 60
Trd, 8638946.312, 60
Trd, 8638946.379, 60
Trd, 8638946.446, 60
Trd, 8638946.646, 62
Trd, 8638946.779, 62
Trd, 8638947.412, 61
Trd, 8638947.479, 63
Trd, 8638948.346, 66
Trd, 8638948.879, 62
Trd, 8638949.212, 63
Trd, 8638949.479, 68
Trd, 8638949.579, 65
Trd, 8638949.846, 71
Trd, 8638950.246, 140
Trd, 8638950.412, 69
Trd, 8638950.612, 82
Trd, 8638951.179, 138
Trd, 8638951.412, 64
Trd, 8638951.612, 62
Trd, 8638952.112, 64
Trd, 8638952.612, 60
Trd, 8638953.912, 60
Trd, 8638954.279, 61
Trd, 8638954.346, 66
Trd, 8638954.979, 60
Trd, 8638955.379, 60
Trd, 8638955.912, 64
Trd, 8638956.046, 63
Trd, 8638956.279, 64
Trd, 8638956.846, 66
Trd, 8638957.279, 65
Trd, 8638957.446, 64
Trd, 8638958.946, 60
Trd, 8638959.279, 60
Trd, 8638960.146, 60
Trd, 8638960.379, 60
Trd, 8638960.746, 61
Trd, 8638960.779, 60
Trd, 8638961.079, 60
Trd, 8638961.379, 62
Trd, 8638961.512, 71
Trd, 8638961.812, 60
Trd, 8638962.912, 60
Trd, 8638962.979, 64
Trd, 8638963.379, 63
Trd, 8638963.579, 62
Trd, 8638964.012, 64
Trd, 8638964.046, 61
Trd, 8638964.146, 60
Trd, 8638964.546, 60
Trd, 8638966.379, 60
Trd, 8638966.812, 60
Trd, 8638967.046, 60
Trd, 8638967.779, 60
Trd, 8638968.712, 60
Trd, 8638969.412, 60
Trd, 8638969.446, 60
Trd, 8638969.479, 60
Trd, 8638970.212, 61
Trd, 8638970.312, 61
Trd, 8638970.412, 61
Trd, 8638970.446, 60
Trd, 8638971.112, 60
Trd, 8638971.512, 60
Trd, 8638972.046, 60
Trd, 8638972.279, 61
Trd, 8638972.379, 63
Trd, 8638972.679, 60
Trd, 8638972.779, 63
Trd, 8638972.812, 66
Trd, 8638972.946, 61
Trd, 8638973.112, 112
Trd, 8638974.246, 85
Trd, 8638974.646, 68
Trd, 8638974.879, 67
Trd, 8638975.379, 65
Trd, 8638975.612, 63
Trd, 8638975.646, 71
Trd, 8638976.012, 139
Trd, 8638976.279, 138
Trd, 8638976.446, 109
Trd, 8638976.612, 108
Trd, 8638977.746, 140
Trd, 8638977.946, 140
Trd, 8638978.412, 139
Trd, 8638978.479, 139
Trd, 8638978.812, 139
Trd, 8638979.312, 138
Trd, 8638979.746, 61
Trd, 8638980.246, 61
Trd, 8638981.446, 60
Trd, 8638983.212, 60
Trd, 8638983.779, 62
Trd, 8638984.512, 60
Trd, 8638984.646, 62
Trd, 8638984.912, 62
Trd, 8638985.179, 63
Trd, 8638985.279, 62
Trd, 8638985.646, 62
Trd, 8638985.946, 61
Trd, 8638986.046, 61
Trd, 8638986.079, 63
Trd, 8638986.179, 63
Trd, 8638986.446, 61
Trd, 8638986.512, 61
Trd, 8638987.246, 65
Trd, 8638987.979, 60
Trd, 8638988.312, 60
Trd, 8638989.979, 60
Trd, 8638990.946, 60
Trd, 8638992.546, 60
Trd, 8638992.946, 60
Trd, 8638993.079, 60
Trd, 8638993.579, 60
Trd, 8638993.679, 60
Trd, 8638993.979, 60
Trd, 8638994.112, 60
Trd, 8638994.279, 61
Trd, 8638996.046, 60
Trd, 8638996.112, 61
Trd, 8638996.312, 62
Trd, 8638996.612, 61
Trd, 8638996.846, 61
Trd, 8638998.546, 60
Trd, 8638999.579, 60
Trd, 8638999.779, 60
Trd, 8638999.812, 60
Trd, 8639000.079, 61
Trd, 8639000.279, 61
Trd, 8639000.512, 62
Trd, 8639000.579, 62
Trd, 8639000.612, 68
Trd, 8639000.912, 69
Trd, 8639001.079, 65
Trd, 8639001.546, 63
Trd, 8639001.646, 63
Trd, 8639001.746, 62
Trd, 8639002.212, 61
Trd, 8639003.312, 62
Trd, 8639003.812, 63
Trd, 8639003.912, 63
Trd, 8639004.012, 63
Trd, 8639004.046, 62
Trd, 8639004.646, 82
Trd, 8639005.212, 65
Trd, 8639005.679, 66
Trd, 8639005.746, 65
Trd, 8639007.212, 140
Trd, 8639007.479, 139
Trd, 8639007.979, 138
Trd, 8639008.379, 120
Trd, 8639008.579, 140
Trd, 8639009.012, 119
Trd, 8639009.346, 64
Trd, 8639009.979, 60
Trd, 8639010.112, 62
Trd, 8639010.179, 63
Trd, 8639010.912, 60
Trd, 8639011.479, 61
Trd, 8639011.546, 60
Trd, 8639011.846, 61
Trd, 8639011.946, 62
Trd, 8639012.179, 62
Trd, 8639012.279, 63
Trd, 8639013.212, 139
Trd, 8639013.779, 140
Trd, 8639014.012, 140
Trd, 8639014.146, 140
Trd, 8639014.479, 139
Trd, 8639014.879, 140
Trd, 8639014.912, 139
Trd, 8639015.212, 99
Trd, 8639015.679, 134
Trd, 8639016.012, 99
Trd, 8639016.512, 98
Trd, 8639016.846, 78
Trd, 8639016.879, 77
Trd, 8639017.112, 76
Trd, 8639018.312, 140
Trd, 8639018.946, 67
Trd, 8639019.479, 140
Trd, 8639019.512, 79
Trd, 8639020.079, 66
Trd, 8639020.146, 64
Trd, 8639020.579, 60
Trd, 8639021.479, 63
Trd, 8639023.212, 60
Trd, 8639023.379, 61
Trd, 8639023.446, 60
Trd, 8639024.079, 61
Trd, 8639024.112, 61
Trd, 8639024.146, 62
Trd, 8639024.279, 62
Trd, 8639024.379, 60
Trd, 8639024.879, 64
Trd, 8639024.979, 65
Trd, 8639025.246, 140
Trd, 8639025.312, 139
Trd, 8639025.779, 65
Trd, 8639026.479, 65
Trd, 8639026.512, 72
Trd, 8639026.712, 134
Trd, 8639027.279, 64
Trd, 8639027.379, 63
Trd, 8639028.446, 62
Trd, 8639028.479, 70
Trd, 8639029.012, 140
Trd, 8639029.746, 140
Trd, 8639029.846, 140
Trd, 8639030.012, 140
Trd, 8639030.579, 134
Trd, 8639030.812, 140
Trd, 8639031.212, 94
Trd, 8639032.146, 93
Trd, 8639032.246, 92
Trd, 8639032.479, 81
Trd, 8639033.079, 114
Trd, 8639033.546, 91
Trd, 8639033.912, 82
Trd, 8639034.079, 79
Trd, 8639034.712, 62
Trd, 8639035.546, 61
Trd, 8639035.912, 60
Trd, 8639036.712, 60
Trd, 8639036.779, 60
Trd, 8639037.079, 61
Trd, 8639037.679, 60
Trd, 8639037.879, 60
Trd, 8639038.046, 60
Trd, 8639038.979, 61
Trd, 8639039.246, 62
Trd, 8639039.412, 62
Trd, 8639039.846, 71
Trd, 8639039.912, 62
Trd, 8639039.979, 62
Trd, 8639040.679, 67
Trd, 8639040.746, 64
Trd, 8639040.846, 63
Trd, 8639041.112, 69
Trd, 8639041.246, 62
Trd, 8639041.779, 71
Trd, 8639044.212, 60
Trd, 8639044.512, 60
Trd, 8639044.546, 60
Trd, 8639045.946, 62
Trd, 8639046.212, 62
Trd, 8639046.879, 62
Trd, 8639046.946, 63
Trd, 8639047.012, 65
Trd, 8639047.212, 66
Trd, 8639047.279, 65
Trd, 8639047.846, 64
Trd, 8639048.012, 67
Trd, 8639048.512, 67
Trd, 8639048.546, 65
Trd, 8639048.679, 64
Trd, 8639049.879, 60
Trd, 8639051.246, 61
Trd, 8639051.412, 61
Trd, 8639051.646, 60
Trd, 8639051.879, 60
Trd, 8639051.979, 60
Trd, 8639053.146, 60
Trd, 8639053.412, 61
Trd, 8639053.746, 61
Trd, 8639053.979, 60
Trd, 8639054.179, 60
Trd, 8639054.246, 63
Trd, 8639054.812, 64
Trd, 8639054.846, 63
Trd, 8639054.912, 64
Trd, 8639054.946, 65
Trd, 8639055.512, 72
Trd, 8639055.846, 71
Trd, 8639055.946, 70
Trd, 8639056.112, 69
Trd, 8639056.146, 68
Trd, 8639057.746, 61
Trd, 8639058.946, 62
Trd, 8639059.579, 63
Trd, 8639059.712, 76
Trd, 8639060.179, 140
Trd, 8639061.212, 60
Trd, 8639061.446, 60
Trd, 8639061.579, 63
Trd, 8639062.412, 68
Trd, 8639062.446, 67
Trd, 8639062.579, 66
Trd, 8639062.912, 68
Trd, 8639063.112, 68
Trd, 8639063.146, 63
Trd, 8639063.779, 62
Trd, 8639064.846, 60
Trd, 8639065.612, 62
Trd, 8639066.146, 62
Trd, 8639066.179, 63
Trd, 8639068.612, 62
Trd, 8639068.779, 63
Trd, 8639069.379, 60
Trd, 8639069.846, 62
Trd, 8639069.912, 61
Trd, 8639070.179, 63
Trd, 8639070.379, 64
Trd, 8639070.479, 62
Trd, 8639070.612, 64
Trd, 8639070.846, 61
Trd, 8639071.412, 64
Trd, 8639071.646, 62
Trd, 8639072.412, 60
Trd, 8639072.812, 63
Trd, 8639072.912, 64
Trd, 8639074.212, 60
Trd, 8639075.312, 62
Trd, 8639075.546, 60
Trd, 8639075.912, 60
Trd, 8639076.079, 60
Trd, 8639076.212, 60
Trd, 8639076.679, 61
Trd, 8639076.712, 69
Trd, 8639076.879, 61
Trd, 8639077.046, 65
Trd, 8639077.079, 69
Trd, 8639077.346, 72
Trd, 8639078.546, 61
Trd, 8639078.712, 61
Trd, 8639079.779, 135
Trd, 8639079.912, 63
Trd, 8639079.979, 66
Trd, 8639080.279, 140
Trd, 8639080.312, 140
Trd, 8639080.579, 138
Trd, 8639081.246, 68
Trd, 8639081.546, 66
Trd, 8639082.146, 73
Trd, 8639082.379, 66
Trd, 8639082.846, 140
Trd, 8639083.346, 135
Trd, 8639083.679, 110
Trd, 8639083.979, 69
Trd, 8639085.012, 60
Trd, 8639085.446, 65
Trd, 8639086.146, 60
Trd, 8639086.379, 61
Trd, 8639086.579, 62
Trd, 8639086.679, 60
Trd, 8639087.912, 61
Trd, 8639088.646, 60
Trd, 8639089.512, 60
Trd, 8639089.679, 62
Trd, 8639089.746, 60
Trd, 8639090.112, 63
Trd, 8639090.279, 64
Trd, 8639090.312, 62
Trd, 8639090.846, 62
Trd, 8639091.379, 60
Trd, 8639091.446, 61
Trd, 8639092.012, 60
Trd, 8639092.479, 60
Trd, 8639092.812, 62
Trd, 8639093.246, 65
Trd, 8639093.812, 63
Trd, 8639094.346, 68
Trd, 8639094.379, 67
Trd, 8639094.479, 64
Trd, 8639094.812, 60
Trd, 8639095.346, 70
Trd, 8639095.812, 62
Trd, 8639095.946, 62
Trd, 8639097.179, 66
Trd, 8639098.579, 61
Trd, 8639099.179, 60
Trd, 8639099.679, 60
Trd, 8639100.446, 60
Trd, 8639100.646, 60
Trd, 8639100.746, 62
Trd, 8639101.346, 65
Trd, 8639101.679, 65
Trd, 8639101.712, 66
Trd, 8639101.846, 64
Trd, 8639101.946, 66
Trd, 8639102.279, 61
Trd, 8639102.412, 65
Trd, 8639102.579, 72
Trd, 8639102.779, 64
Trd, 8639103.112, 63
Trd, 8639104.246, 61
Trd, 8639104.612, 64
Trd, 8639105.046, 66
Trd, 8639105.079, 72
Trd, 8639105.679, 73
Trd, 8639105.812, 73
Trd, 8639105.879, 72
Trd, 8639106.046, 63
Trd, 8639106.112, 60
Trd, 8639107.246, 60
Trd, 8639107.646, 60
Trd, 8639108.812, 61
Trd, 8639108.979, 61
Trd, 8639109.646, 60
Trd, 8639110.212, 64
Trd, 8639110.846, 60
Trd, 8639111.079, 60
Trd, 8639111.279, 64
Trd, 8639112.112, 60
Trd, 8639112.212, 60
Trd, 8639112.279, 63
Trd, 8639112.612, 65
Trd, 8639113.046, 65
Trd, 8639113.479, 65
Trd, 8639113.512, 67
Trd, 8639113.579, 64
Trd, 8639115.246, 60
Trd, 8639116.012, 67
Trd, 8639116.446, 68
Trd, 8639116.479, 67
Trd, 8639116.579, 71
Trd, 8639116.812, 63
Trd, 8639117.479, 66
Trd, 8639117.512, 65
Trd, 8639117.879, 75
Trd, 8639118.379, 72
Trd, 8639118.679, 66
Trd, 8639119.212, 140
Trd, 8639119.379, 102
Trd, 8639119.479, 66
Trd, 8639119.712, 60
Trd, 8639120.112, 61
Trd, 8639120.812, 139
Trd, 8639121.279, 140
Trd, 8639121.746, 139
Trd, 8639122.246, 140
Trd, 8639122.846, 140
Trd, 8639123.546, 140
Trd, 8639123.579, 140
Trd, 8639124.212, 140
Trd, 8639124.412, 140
Trd, 8639125.612, 140
Trd, 8639126.146, 140
Trd, 8639126.346, 140
Trd, 8639126.679, 140
Trd, 8639127.012, 140
Trd, 8639127.046, 140
Trd, 8639127.546, 140
Trd, 8639127.646, 135
Trd, 8639127.946, 106
Trd, 8639128.712, 65
Trd, 8639128.746, 61
Trd, 8639129.546, 66
Trd, 8639129.612, 62
Trd, 8639129.946, 61
Trd, 8639130.412, 62
Trd, 8639130.612, 63
Trd, 8639131.612, 64
Trd, 8639132.079, 74
Trd, 8639132.512, 140
Trd, 8639132.912, 140
Trd, 8639132.946, 140
Trd, 8639133.912, 61
Trd, 8639135.646, 60
Trd, 8639136.279, 60
Trd, 8639136.312, 61
Trd, 8639138.379, 60
Trd, 8639138.612, 60
Trd, 8639138.712, 60
Trd, 8639138.746, 61
Trd, 8639138.846, 60
Trd, 8639138.912, 61
Trd, 8639139.246, 60
Trd, 8639139.479, 62
Trd, 8639139.712, 61
Trd, 8639139.846, 62
Trd, 8639140.279, 61
Trd, 8639140.379, 64
Trd, 8639140.779, 61
Trd, 8639141.479, 61
Trd, 8639143.246, 61
Trd, 8639143.479, 60
Trd, 8639143.546, 60
Trd, 8639143.946, 61
Trd, 8639144.179, 62
Trd, 8639144.512, 64
Trd, 8639144.746, 61
Trd, 8639144.979, 63
Trd, 8639145.046, 61
Trd, 8639145.679, 106
Trd, 8639146.012, 120
Trd, 8639146.279, 105
Trd, 8639146.579, 140
Trd, 8639148.046, 63
Trd, 8639149.112, 60
Trd, 8639149.846, 60
Trd, 8639150.346, 60
Trd, 8639150.712, 61
Trd, 8639150.946, 61
Trd, 8639151.179, 62
Trd, 8639151.412, 63
Trd, 8639151.679, 60
Trd, 8639152.012, 60
Trd, 8639152.079, 61
Trd, 8639152.312, 64
Trd, 8639152.812, 65
Trd, 8639152.879, 65
Trd, 8639153.546, 63
Trd, 8639153.946, 70
Trd, 8639154.179, 63
Trd, 8639154.246, 87
Trd, 8639154.679, 64
Trd, 8639154.779, 63
Trd, 8639155.579, 140
Trd, 8639155.846, 140
Trd, 8639155.879, 140
Trd, 8639156.912, 69
Trd, 8639157.112, 71
Trd, 8639157.579, 139
Trd, 8639158.379, 60
Trd, 8639159.279, 60
Trd, 8639159.646, 60
Trd, 8639160.379, 60
Trd, 8639161.346, 60
Trd, 8639161.812, 60
Trd, 8639162.079, 60
Trd, 8639162.312, 61
Trd, 8639162.512, 61
Trd, 8639162.746, 64
Trd, 8639163.812, 61
Trd, 8639163.946, 60
Trd, 8639164.679, 60
Trd, 8639165.512, 61
Trd, 8639165.546, 62
Trd, 8639165.879, 61
Trd, 8639166.412, 66
Trd, 8639166.679, 62
Trd, 8639167.046, 66
Trd, 8639167.546, 64
Trd, 8639168.179, 62
Trd, 8639168.646, 61
Trd, 8639168.679, 61
Trd, 8639169.146, 65
Trd, 8639169.612, 75
Trd, 8639169.846, 139
Trd, 8639170.946, 107
Trd, 8639170.979, 100
Trd, 8639171.346, 98
Trd, 8639171.512, 95
Trd, 8639171.746, 94
Trd, 8639172.246, 97
Trd, 8639172.646, 123
Trd, 8639172.812, 110
Trd, 8639172.846, 109
Trd, 8639173.079, 97
Trd, 8639173.346, 96
Trd, 8639174.779, 61
Trd, 8639174.879, 62
Trd, 8639175.512, 140
Trd, 8639175.679, 139
Trd, 8639177.212, 61
Trd, 8639177.579, 62
Trd, 8639179.179, 60
Trd, 8639179.779, 61
Trd, 8639179.846, 61
Trd, 8639179.979, 61
Trd, 8639180.412, 62
Trd, 8639180.512, 62
Trd, 8639180.812, 64
Trd, 8639181.312, 65
Trd, 8639181.846, 67
Trd, 8639181.879, 68
Trd, 8639182.012, 66
Trd, 8639182.212, 65
Trd, 8639183.412, 65
Trd, 8639183.446, 64
Trd, 8639183.879, 62
Trd, 8639184.779, 63
Trd, 8639184.912, 62
Trd, 8639185.646, 61
Trd, 8639186.512, 62
Trd, 8639186.846, 61
Trd, 8639186.912, 66
Trd, 8639187.579, 60
Trd, 8639187.846, 61
Trd, 8639188.046, 63
Trd, 8639188.312, 68
Trd, 8639188.712, 70
Trd, 8639188.912, 70
Trd, 8639188.979, 69
Trd, 8639189.012, 67
Trd, 8639189.712, 67
Trd, 8639190.612, 60
Trd, 8639190.712, 61
Trd, 8639192.746, 60
Trd, 8639194.446, 60
Trd, 8639194.879, 61
Trd, 8639195.279, 61
Trd, 8639195.746, 62
Trd, 8639195.779, 61
Trd, 8639195.979, 61
Trd, 8639196.112, 64
Trd, 8639196.412, 60
Trd, 8639196.479, 66
Trd, 8639197.146, 61
Trd, 8639197.912, 60
Trd, 8639198.112, 60
Trd, 8639198.512, 60
Trd, 8639198.546, 60
Trd, 8639198.912, 60
Trd, 8639199.146, 60
Trd, 8639199.779, 60
Trd, 8639200.212, 60
Trd, 8639200.246, 60
Trd, 8639202.046, 60
Trd, 8639202.379, 60
Trd, 8639202.546, 60
Trd, 8639202.646, 62
Trd, 8639202.712, 64
Trd, 8639202.946, 62
Trd, 8639203.312, 63
Trd, 8639203.746, 140
Trd, 8639204.179, 140
Trd, 8639204.412, 140
Trd, 8639204.446, 140
Trd, 8639205.412, 140
Trd, 8639206.379, 140
Trd, 8639206.579, 140
Trd, 8639206.679, 140
Trd, 8639207.779, 140
Trd, 8639208.112, 140
Trd, 8639208.146, 140
Trd, 8639208.379, 140
Trd, 8639208.546, 140
Trd, 8639208.646, 140
Trd, 8639209.012, 128
Trd, 8639209.479, 140
Trd, 8639209.946, 137
Trd, 8639211.112, 140
Trd, 8639211.579, 118
Trd, 8639211.679, 117
Trd, 8639211.746, 116
Trd, 8639212.146, 115
Trd, 8639212.212, 114
Trd, 8639212.746, 79
Trd, 8639213.179, 92
Trd, 8639213.579, 140
Trd, 8639213.712, 81
Trd, 8639213.812, 80
Trd, 8639213.912, 78
Trd, 8639214.312, 140
Trd, 8639215.346, 64
Trd, 8639215.646, 129
Trd, 8639216.679, 70
Trd, 8639217.279, 83
Trd, 8639217.412, 140
Trd, 8639217.512, 139
Trd, 8639217.579, 123
Trd, 8639217.779, 123
Trd, 8639217.879, 122
Trd, 8639218.646, 140
Trd, 8639218.846, 139
Trd, 8639218.979, 139
Trd, 8639219.312, 137
Trd, 8639219.546, 135
Trd, 8639219.946, 106
Trd, 8639220.012, 104
Trd, 8639220.212, 61
Trd, 8639220.446, 62
Trd, 8639222.412, 61
Trd, 8639222.846, 60
Trd, 8639224.079, 60
Trd, 8639224.779, 60
Trd, 8639226.046, 60
Trd, 8639226.146, 60
Trd, 8639226.212, 60
Trd, 8639227.046, 60
Trd, 8639227.446, 61
Trd, 8639227.679, 60
Trd, 8639228.012, 61
Trd, 8639228.312, 61
Trd, 8639228.512, 62
Trd, 8639228.579, 63
Trd, 8639228.912, 62
Trd, 8639229.279, 60
Trd, 8639230.279, 61
Trd, 8639230.312, 62
Trd, 8639232.079, 62
Trd, 8639232.979, 62
Trd, 8639233.546, 61
Trd, 8639233.812, 60
Trd, 8639234.079, 60
Trd, 8639234.112, 60
Trd, 8639234.146, 61
Trd, 8639234.212, 61
Trd, 8639234.379, 63
Trd, 8639234.746, 63
Trd, 8639234.846, 63
Trd, 8639235.479, 63
Trd, 8639235.512, 62
Trd, 8639235.979, 60
Trd, 8639236.512, 60
Trd, 8639236.646, 60
Trd, 8639236.746, 60
Trd, 8639236.912, 61
Trd, 8639237.412, 60
Trd, 8639237.812, 60
Trd, 8639238.246, 60
Trd, 8639238.312, 64
Trd, 8639239.046, 64
Trd, 8639239.346, 65
Trd, 8639239.646, 71
Trd, 8639240.479, 62
Trd, 8639240.546, 60
Trd, 8639240.879, 60
Trd, 8639241.246, 60
Trd, 8639242.212, 61
Trd, 8639243.079, 63
Trd, 8639244.412, 60
Trd, 8639244.579, 60
Trd, 8639245.346, 60
Trd, 8639245.879, 62
Trd, 8639246.179, 63
Trd, 8639246.279, 64
Trd, 8639246.312, 64
Trd, 8639246.412, 61
Trd, 8639246.646, 62
Trd, 8639247.112, 63
Trd, 8639247.346, 65
Trd, 8639249.312, 60
Trd, 8639249.446, 61
Trd, 8639249.712, 60
Trd, 8639250.212, 61
Trd, 8639250.312, 62
Trd, 8639250.546, 62
Trd, 8639250.612, 62
Trd, 8639251.112, 61
Trd, 8639251.512, 63
Trd, 8639252.112, 62
Trd, 8639252.646, 63
Trd, 8639253.079, 63
Trd, 8639254.046, 60
Trd, 8639254.179, 60
Trd, 8639254.412, 62
Trd, 8639254.846, 62
Trd, 8639255.112, 60
Trd, 8639255.246, 62
Trd, 8639257.046, 60
Trd, 8639257.446, 60
Trd, 8639257.746, 61
Trd, 8639257.779, 61
Trd, 8639257.912, 61
Trd, 8639257.979, 67
Trd, 8639258.046, 61
Trd, 8639258.312, 64
Trd, 8639258.512, 67
Trd, 8639259.012, 63
Trd, 8639259.379, 68
Trd, 8639259.812, 140
Trd, 8639260.079, 68
Trd, 8639261.012, 137
Trd, 8639261.146, 136
Trd, 8639261.312, 78
Trd, 8639261.512, 137
Trd, 8639261.546, 78
Trd, 8639261.646, 79
Trd, 8639263.312, 60
Trd, 8639263.646, 60
Trd, 8639264.379, 61
Trd, 8639264.612, 62
Trd, 8639264.879, 61
Trd, 8639265.779, 61
Trd, 8639266.812, 60
Trd, 8639267.046, 60
Trd, 8639267.479, 61
Trd, 8639268.712, 61
Trd, 8639269.779, 60
Trd, 8639269.846, 61
Trd, 8639269.946, 61
Trd, 8639270.279, 61
Trd, 8639270.512, 61
Trd, 8639271.079, 62
Trd, 8639271.212, 64
Trd, 8639271.612, 61
Trd, 8639272.179, 61
Trd, 8639272.246, 71
Trd, 8639272.579, 64
Trd, 8639272.612, 86
Trd, 8639272.879, 65
Trd, 8639274.312, 60
Trd, 8639274.612, 62
Trd, 8639274.846, 62
Trd, 8639277.479, 60
Trd, 8639277.612, 61
Trd, 8639277.879, 60
Trd, 8639278.279, 61
Trd, 8639278.346, 61
Trd, 8639278.412, 62
Trd, 8639278.912, 63
Trd, 8639279.279, 63
Trd, 8639279.646, 62
Trd, 8639279.712, 60
Trd, 8639280.279, 60
Trd, 8639281.079, 60
Trd, 8639281.112, 61
Trd, 8639281.412, 60
Trd, 8639281.479, 62
Trd, 8639282.812, 60
Trd, 8639282.979, 61
Trd, 8639283.146, 62
Trd, 8639283.212, 60
Trd, 8639283.746, 60
Trd, 8639284.079, 61
Trd, 8639284.779, 63
Trd, 8639285.079, 62
Trd, 8639285.512, 60
Trd, 8639285.879, 62
Trd, 8639285.979, 61
Trd, 8639287.012, 60
Trd, 8639287.246, 61
Trd, 8639287.679, 61
Trd, 8639288.312, 63
Trd, 8639288.479, 62
Trd, 8639288.579, 67
Trd, 8639289.112, 64
Trd, 8639289.379, 64
Trd, 8639289.446, 63
Trd, 8639289.746, 92
Trd, 8639290.179, 84
Trd, 8639290.479, 139
Trd, 8639290.912, 140
Trd, 8639291.179, 64
Trd, 8639291.279, 63
Trd, 8639292.412, 60
Trd, 8639293.812, 60
Trd, 8639294.346, 61
Trd, 8639294.546, 60
Trd, 8639294.946, 61
Trd, 8639295.446, 66
Trd, 8639295.646, 66
Trd, 8639295.712, 65
Trd, 8639295.879, 62
Trd, 8639296.012, 69
Trd, 8639296.079, 61
Trd, 8639296.346, 60
Trd, 8639297.079, 60
Trd, 8639297.379, 60
Trd, 8639297.412, 61
Trd, 8639298.079, 62
Trd, 8639298.212, 61
Trd, 8639298.312, 74
Trd, 8639299.146, 60
Trd, 8639299.912, 64
Trd, 8639300.446, 63
Trd, 8639300.712, 64
Trd, 8639301.212, 62
Trd, 8639301.412, 67
Trd, 8639301.479, 68
Trd, 8639302.246, 140
Trd, 8639302.746, 140
Trd, 8639302.979, 140
Trd, 8639303.246, 140
Trd, 8639303.646, 140
Trd, 8639303.879, 140
Trd, 8639304.646, 140
Trd, 8639304.712, 140
Trd, 8639304.779, 138
Trd, 8639305.479, 97
Trd, 8639305.512, 96
Trd, 8639306.046, 93
Trd, 8639306.246, 92
Trd, 8639306.479, 92
Trd, 8639307.112, 69
Trd, 8639307.512, 68
Trd, 8639307.679, 65
Trd, 8639308.046, 63
Trd, 8639309.612, 62
Trd, 8639309.812, 67
Trd, 8639310.212, 65
Trd, 8639310.546, 66
Trd, 8639310.579, 64
Trd, 8639310.679, 63
Trd, 8639310.946, 101
Trd, 8639312.246, 140
Trd, 8639312.279, 84
Trd, 8639312.879, 140
Trd, 8639312.912, 140
Trd, 8639314.846, 60
Trd, 8639314.979, 60
Trd, 8639316.046, 60
Trd, 8639316.212, 60
Trd, 8639316.712, 63
Trd, 8639316.746, 63
Trd, 8639317.112, 62
Trd, 8639317.212, 62
Trd, 8639317.379, 63
Trd, 8639317.446, 64
Trd, 8639317.646, 71
Trd, 8639318.112, 105
Trd, 8639318.412, 106
Trd, 8639318.979, 106
Trd, 8639319.012, 104
Trd, 8639319.312, 139
Trd, 8639319.646, 125
Trd, 8639320.179, 106
Trd, 8639320.279, 105
Trd, 8639321.412, 140
Trd, 8639321.646, 137
Trd, 8639322.012, 82
Trd, 8639322.346, 135
Trd, 8639322.712, 66
Trd, 8639323.379, 62
Trd, 8639324.312, 61
Trd, 8639325.512, 61
Trd, 8639325.646, 62
Trd, 8639325.679, 64
Trd, 8639325.846, 65
Trd, 8639326.279, 65
Trd, 8639326.512, 63
Trd, 8639326.779, 64
Trd, 8639327.179, 62
Trd, 8639327.546, 62
Trd, 8639327.612, 65
Trd, 8639327.712, 62
Trd, 8639328.712, 140
Trd, 8639328.746, 140
Trd, 8639328.779, 128
Trd, 8639328.879, 127
Trd, 8639329.079, 107
Trd, 8639329.312, 64
Trd, 8639330.179, 61
Trd, 8639331.479, 61
Trd, 8639332.079, 61
Trd, 8639332.112, 62
Trd, 8639333.979, 60
Trd, 8639334.279, 61
Trd, 8639334.546, 65
Trd, 8639335.212, 62
Trd, 8639336.246, 60
Trd, 8639336.346, 61
Trd, 8639336.546, 60
Trd, 8639336.912, 62
Trd, 8639337.079, 63
Trd, 8639337.212, 62
Trd, 8639337.779, 63
Trd, 8639337.846, 62
Trd, 8639338.079, 70
Trd, 8639338.112, 72
Trd, 8639339.379, 60
Trd, 8639339.446, 60
Trd, 8639340.279, 60
Trd, 8639340.646, 66
Trd, 8639340.812, 62
Trd, 8639341.012, 62
Trd, 8639341.079, 62
Trd, 8639341.479, 64
Trd, 8639341.946, 62
Trd, 8639342.212, 79
Trd, 8639342.946, 64
Trd, 8639343.712, 62
Trd, 8639343.946, 61
Trd, 8639344.212, 61
Trd, 8639344.546, 61
Trd, 8639344.879, 65
Trd, 8639344.912, 64
Trd, 8639344.946, 66
Trd, 8639345.846, 60
Trd, 8639346.412, 60
Trd, 8639346.612, 61
Trd, 8639346.846, 63
Trd, 8639347.979, 65
Trd, 8639348.279, 68
Trd, 8639348.312, 72
Trd, 8639348.446, 67
Trd, 8639348.612, 64
Trd, 8639349.179, 60
Trd, 8639349.679, 66
Trd, 8639350.512, 64
Trd, 8639351.946, 61
Trd, 8639353.146, 60
Trd, 8639354.312, 60
Trd, 8639354.446, 60
Trd, 8639354.479, 61
Trd, 8639354.912, 61
Trd, 8639355.146, 61
Trd, 8639355.346, 60
Trd, 8639355.946, 62
Trd, 8639356.379, 61
Trd, 8639356.446, 60
Trd, 8639356.812, 60
Trd, 8639356.879, 61
Trd, 8639357.179, 60
Trd, 8639357.979, 60
Trd, 8639358.112, 61
Trd, 8639358.246, 61
Trd, 8639358.546, 63
Trd, 8639358.812, 62
Trd, 8639359.279, 61
Trd, 8639361.779, 60
Trd, 8639362.779, 61
Trd, 8639363.512, 60
Trd, 8639364.146, 61
Trd, 8639364.246, 62
Trd, 8639364.346, 62
Trd, 8639364.412, 60
Trd, 8639364.646, 60
Trd, 8639365.112, 60
Trd, 8639365.446, 62
Trd, 8639365.479, 64
Trd, 8639365.579, 66
Trd, 8639366.246, 60
Trd, 8639366.279, 61
Trd, 8639366.646, 61
Trd, 8639367.012, 62
Trd, 8639367.312, 63
Trd, 8639367.379, 62
Trd, 8639368.479, 62
Trd, 8639369.979, 60
Trd, 8639370.712, 61
Trd, 8639370.846, 60
Trd, 8639370.912, 62
Trd, 8639371.012, 64
Trd, 8639371.146, 62
Trd, 8639371.279, 62
Trd, 8639371.512, 63
Trd, 8639371.846, 60
Trd, 8639372.279, 61
Trd, 8639373.979, 60
Trd, 8639374.879, 60
Trd, 8639375.812, 60
Trd, 8639376.446, 60
Trd, 8639376.479, 60
Trd, 8639376.546, 61
Trd, 8639376.946, 61
Trd, 8639377.046, 60
Trd, 8639377.212, 61
Trd, 8639377.412, 63
Trd, 8639378.046, 65
Trd, 8639378.146, 63
Trd, 8639378.779, 65
Trd, 8639378.979, 65
Trd, 8639379.046, 64
Trd, 8639379.546, 62
Trd, 8639379.912, 60
Trd, 8639379.946, 67
Trd, 8639382.512, 60
Trd, 8639382.612, 61
Trd, 8639382.646, 62
Trd, 8639383.379, 63
Trd, 8639383.679, 64
Trd, 8639383.846, 64
Trd, 8639384.079, 63
Trd, 8639384.112, 67
Trd, 8639384.346, 60
Trd, 8639385.079, 61
Trd, 8639386.146, 60
Trd, 8639386.346, 60
Trd, 8639386.712, 63
Trd, 8639386.946, 62
Trd, 8639387.446, 63
Trd, 8639387.479, 63
Trd, 8639387.646, 61
Trd, 8639388.312, 65
Trd, 8639388.679, 63
Trd, 8639388.946, 64
Trd, 8639389.279, 62
Trd, 8639389.479, 67
Trd, 8639389.846, 64
Trd, 8639389.946, 68
Trd, 8639390.079, 61
Trd, 8639390.479, 105
Trd, 8639391.179, 140
Trd, 8639391.479, 140
Trd, 8639391.512, 139
Trd, 8639393.479, 60
Trd, 8639393.812, 60
Trd, 8639394.912, 60
Trd, 8639395.112, 60
Trd, 8639395.212, 60
Trd, 8639395.546, 61
Trd, 8639395.979, 60
Trd, 8639396.079, 61
Trd, 8639396.212, 62
Trd, 8639396.712, 64
Trd, 8639396.812, 63
Trd, 8639397.412, 61
Trd, 8639397.846, 61
Trd, 8639397.946, 60
Trd, 8639398.912, 64
Trd, 8639399.046, 62
Trd, 8639399.346, 139
Trd, 8639399.746, 140
Trd, 8639399.879, 135
Trd, 8639399.946, 111
Trd, 8639400.812, 68
Trd, 8639402.712, 60
Trd, 8639403.179, 60
Trd, 8639404.146, 60
Trd, 8639404.412, 60
Trd, 8639404.979, 60
Trd, 8639405.046, 60
Trd, 8639405.712, 60
Trd, 8639405.912, 64
Trd, 8639405.979, 61
Trd, 8639406.279, 65
Trd, 8639406.379, 64
Trd, 8639406.779, 66
Trd, 8639406.979, 64
Trd, 8639407.079, 77
Trd, 8639407.412, 73
Trd, 8639407.746, 65
Trd, 8639407.979, 137
Trd, 8639408.679, 63
Trd, 8639409.846, 61
Trd, 8639410.212, 61
Trd, 8639410.279, 64
Trd, 8639412.846, 60
Trd, 8639413.146, 60
Trd, 8639413.179, 60
Trd, 8639413.546, 60
Trd, 8639414.746, 60
Trd, 8639414.846, 60
Trd, 8639414.912, 65
Trd, 8639415.412, 63
Trd, 8639415.446, 62
Trd, 8639415.979, 62
Trd, 8639416.212, 62
Trd, 8639416.879, 60
Trd, 8639417.146, 61
Trd, 8639417.412, 61
Trd, 8639418.179, 63
Trd, 8639418.346, 64
Trd, 8639418.479, 60
Trd, 8639419.779, 71
Trd, 8639419.812, 75
Trd, 8639420.046, 95
Trd, 8639420.112, 94
Trd, 8639420.746, 95
Trd, 8639420.812, 94
Trd, 8639420.912, 66
Trd, 8639420.979, 62
Trd, 8639421.546, 60
Trd, 8639422.812, 60
Trd, 8639422.846, 60
Trd, 8639423.346, 62
Trd, 8639424.012, 61
Trd, 8639425.579, 60
Trd, 8639425.712, 60
Trd, 8639425.879, 60
Trd, 8639425.946, 60
Trd, 8639426.012, 60
Trd, 8639426.046, 66
Trd, 8639426.579, 60
Trd, 8639427.312, 61
Trd, 8639427.479, 62
Trd, 8639427.712, 62
Trd, 8639427.746, 64
Trd, 8639428.612, 62
Trd, 8639428.712, 60
Trd, 8639428.746, 63
Trd, 8639430.579, 61
Trd, 8639430.946, 65
Trd, 8639431.946, 60
Trd, 8639432.512, 66
Trd, 8639432.679, 65
Trd, 8639433.746, 60
Trd, 8639433.879, 60
Trd, 8639434.279, 62
Trd, 8639434.312, 65
Trd, 8639434.712, 66
Trd, 8639434.846, 62
Trd, 8639434.979, 67
Trd, 8639435.846, 67
Trd, 8639435.879, 70
Trd, 8639436.046, 67
Trd, 8639436.279, 63
Trd, 8639436.579, 61
Trd, 8639437.112, 61
Trd, 8639438.679, 61
Trd, 8639440.079, 61
Trd, 8639440.112, 62
Trd, 8639440.579, 63
Trd, 8639441.446, 62
Trd, 8639441.479, 64
Trd, 8639442.112, 61
Trd, 8639442.646, 60
Trd, 8639443.079, 60
Trd, 8639443.179, 61
Trd, 8639443.346, 60
Trd, 8639443.812, 61
Trd, 8639443.846, 61
Trd, 8639444.179, 63
Trd, 8639444.212, 62
Trd, 8639444.279, 61
Trd, 8639445.579, 61
Trd, 8639447.312, 61
Trd, 8639447.412, 60
Trd, 8639447.646, 61
Trd, 8639448.046, 60
Trd, 8639448.146, 62
Trd, 8639448.179, 63
Trd, 8639449.379, 60
Trd, 8639449.779, 62
Trd, 8639450.579, 61
Trd, 8639450.679, 62
Trd, 8639450.746, 61
Trd, 8639451.279, 62
Trd, 8639451.346, 61
Trd, 8639451.579, 60
Trd, 8639451.779, 60
Trd, 8639451.812, 64
Trd, 8639453.979, 60
Trd, 8639454.512, 60
Trd, 8639454.646, 60
Trd, 8639454.746, 61
Trd, 8639454.946, 60
Trd, 8639455.212, 61
Trd, 8639455.279, 65
Trd, 8639456.179, 105
Trd, 8639456.312, 104
Trd, 8639456.812, 67
Trd, 8639456.846, 66
Trd, 8639457.179, 69
Trd, 8639457.212, 66
Trd, 8639457.312, 75
Trd, 8639457.512, 66
Trd, 8639457.646, 63
Trd, 8639458.612, 67
Trd, 8639459.312, 60
Trd, 8639460.179, 61
Trd, 8639460.279, 63
Trd, 8639460.379, 61
Trd, 8639461.379, 60
Trd, 8639462.679, 60
Trd, 8639462.779, 61
Trd, 8639462.812, 61
Trd, 8639462.879, 61
Trd, 8639462.912, 62
Trd, 8639463.346, 63
Trd, 8639463.379, 65
Trd, 8639463.879, 61
Trd, 8639464.312, 62
Trd, 8639464.412, 60
Trd, 8639465.246, 65
Trd, 8639465.679, 66
Trd, 8639465.846, 65
Trd, 8639466.212, 65
Trd, 8639466.512, 67
Trd, 8639467.279, 61
Trd, 8639467.412, 62
Trd, 8639467.812, 60
Trd, 8639468.046, 60
Trd, 8639468.212, 62
Trd, 8639468.512, 60
Trd, 8639469.112, 63
Trd, 8639469.412, 63
Trd, 8639469.912, 61
Trd, 8639470.112, 61
Trd, 8639470.512, 63
Trd, 8639470.879, 61
Trd, 8639471.512, 63
Trd, 8639471.879, 61
Trd, 8639471.979, 62
Trd, 8639472.846, 60
Trd, 8639475.712, 60
Trd, 8639475.812, 60
Trd, 8639476.279, 63
Trd, 8639476.346, 63
Trd, 8639476.446, 64
Trd, 8639476.512, 64
Trd, 8639476.779, 65
Trd, 8639476.979, 63
Trd, 8639477.646, 67
Trd, 8639477.812, 81
Trd, 8639478.046, 70
Trd, 8639478.612, 77
Trd, 8639479.046, 79
Trd, 8639479.212, 78
Trd, 8639479.246, 76
Trd, 8639479.846, 140
Trd, 8639479.879, 140
Trd, 8639480.012, 66
Trd, 8639480.712, 140
Trd, 8639482.046, 136
Trd, 8639482.112, 135
Trd, 8639482.179, 119
Trd, 8639482.212, 108
Trd, 8639483.146, 140
Trd, 8639483.279, 140
Trd, 8639483.479, 140
Trd, 8639484.779, 62
Trd, 8639485.146, 65
Trd, 8639485.946, 140
Trd, 8639486.046, 140
Trd, 8639486.146, 140
Trd, 8639486.212, 140
Trd, 8639486.512, 140
Trd, 8639486.546, 139
Trd, 8639486.879, 140
Trd, 8639487.612, 140
Trd, 8639488.312, 140
Trd, 8639488.946, 140
Trd, 8639489.212, 140
Trd, 8639489.912, 140
Trd, 8639489.946, 140
Trd, 8639490.212, 109
Trd, 8639490.379, 84
Trd, 8639490.479, 140
Trd, 8639490.779, 78
Trd, 8639491.779, 140
Trd, 8639491.912, 140
Trd, 8639492.112, 140
Trd, 8639492.412, 139
Trd, 8639493.346, 138
Trd, 8639493.512, 105
Trd, 8639494.112, 140
Trd, 8639494.512, 78
Trd, 8639495.212, 80
Trd, 8639495.479, 79
Trd, 8639495.946, 78
Trd, 8639496.746, 60
Trd, 8639497.246, 60
Trd, 8639497.846, 60
Trd, 8639497.879, 61
Trd, 8639499.112, 63
Trd, 8639499.146, 68
Trd, 8639499.279, 64
Trd, 8639499.812, 78
Trd, 8639500.279, 71
Trd, 8639500.412, 69
Trd, 8639500.512, 68
Trd, 8639501.312, 140
Trd, 8639501.412, 140
Trd, 8639501.546, 70
Trd, 8639502.246, 64
Trd, 8639503.146, 140
Trd, 8639503.712, 140
Trd, 8639503.879, 140
Trd, 8639504.046, 112
Trd, 8639504.946, 60
Trd, 8639505.979, 60
Trd, 8639506.846, 60
Trd, 8639506.879, 60
Trd, 8639506.946, 61
Trd, 8639507.012, 63
Trd, 8639507.412, 62
Trd, 8639507.712, 62
Trd, 8639507.812, 65
Trd, 8639507.879, 65
Trd, 8639508.179, 62
Trd, 8639508.612, 66
Trd, 8639508.679, 78
Trd, 8639509.012, 65
Trd, 8639509.379, 63
Trd, 8639509.712, 64
Trd, 8639510.012, 61
Trd, 8639511.446, 60
Trd, 8639511.712, 63
Trd, 8639512.079, 61
Trd, 8639512.579, 60
Trd, 8639512.979, 62
Trd, 8639513.312, 62
Trd, 8639514.346, 60
Trd, 8639514.879, 60
Trd, 8639514.979, 71
Trd, 8639515.946, 62
Trd, 8639516.512, 62
Trd, 8639516.646, 62
Trd, 8639516.979, 66
Trd, 8639517.912, 140
Trd, 8639518.112, 140
Trd, 8639518.646, 140
Trd, 8639519.146, 140
Trd, 8639519.246, 140
Trd, 8639519.546, 140
Trd, 8639519.779, 140
Trd, 8639519.979, 140
Trd, 8639520.246, 128
Trd, 8639520.446, 114
Trd, 8639521.079, 61
Trd, 8639521.279, 62
Trd, 8639521.846, 99
Trd, 8639522.346, 73
Trd, 8639522.746, 140
Trd, 8639524.946, 60
Trd, 8639525.079, 60
Trd, 8639526.346, 62
Trd, 8639526.512, 60
Trd, 8639527.679, 61
Trd, 8639527.946, 62
Trd, 8639528.346, 61
Trd, 8639528.412, 60
Trd, 8639528.812, 62
Trd, 8639529.046, 63
Trd, 8639529.079, 62
Trd, 8639529.479, 61
Trd, 8639530.146, 112
Trd, 8639530.279, 140
Trd, 8639530.779, 62
Trd, 8639530.912, 63
Trd, 8639531.212, 60
Trd, 8639532.146, 137
Trd, 8639532.212, 97
Trd, 8639532.746, 61
Trd, 8639533.546, 60
Trd, 8639534.246, 60
Trd, 8639534.879, 63
Trd, 8639534.946, 60
Trd, 8639535.546, 61
Trd, 8639535.612, 61
Trd, 8639535.646, 61
Trd, 8639536.112, 61
Trd, 8639536.479, 62
Trd, 8639536.579, 61
Trd, 8639537.146, 64
Trd, 8639537.346, 62
Trd, 8639537.712, 69
Trd, 8639537.746, 62
Trd, 8639538.679, 64
Trd, 8639538.712, 60
Trd, 8639538.979, 106
Trd, 8639539.279, 87
Trd, 8639539.712, 104
Trd, 8639541.412, 60
Trd, 8639542.512, 60
Trd, 8639542.546, 61
Trd, 8639542.679, 61
Trd, 8639543.012, 68
Trd, 8639543.146, 66
Trd, 8639543.346, 66
Trd, 8639543.412, 65
Trd, 8639543.446, 70
Trd, 8639544.712, 102
Trd, 8639544.746, 73
Trd, 8639545.012, 71
Trd, 8639545.146, 67
Trd, 8639545.412, 135
Trd, 8639545.812, 66
Trd, 8639546.546, 60
Trd, 8639547.312, 64
Trd, 8639547.946, 60
Trd, 8639548.646, 60
Trd, 8639548.679, 60
Trd, 8639549.312, 61
Trd, 8639549.346, 63
Trd, 8639549.446, 60
Trd, 8639550.779, 61
Trd, 8639551.079, 60
Trd, 8639551.179, 61
Trd, 8639551.279, 61
Trd, 8639551.846, 61
Trd, 8639552.546, 60
Trd, 8639552.946, 60
Trd, 8639553.079, 61
Trd, 8639553.212, 61
Trd, 8639553.446, 63
Trd, 8639553.546, 61
Trd, 8639553.779, 60
Trd, 8639553.946, 60
Trd, 8639553.979, 67
Trd, 8639555.912, 60
Trd, 8639556.646, 60
Trd, 8639556.979, 60
Trd, 8639557.512, 61
Trd, 8639557.846, 62
Trd, 8639558.412, 62
Trd, 8639559.646, 60
Trd, 8639560.279, 60
Trd, 8639560.346, 61
Trd, 8639560.579, 60
Trd, 8639560.846, 60
Trd, 8639561.212, 62
Trd, 8639561.512, 64
Trd, 8639561.646, 62
Trd, 8639562.046, 62
Trd, 8639562.146, 61
Trd, 8639562.546, 63
Trd, 8639562.646, 136
Trd, 8639563.146, 62
Trd, 8639563.812, 63
Trd, 8639565.479, 60
Trd, 8639565.846, 60
Trd, 8639566.612, 64
Trd, 8639566.812, 64
Trd, 8639567.012, 65
Trd, 8639567.146, 66
Trd, 8639567.412, 67
Trd, 8639567.612, 67
Trd, 8639567.779, 66
Trd, 8639567.879, 62
Trd, 8639568.212, 140
Trd, 8639568.612, 62
Trd, 8639569.146, 94
Trd, 8639569.412, 77
Trd, 8639570.112, 60
Trd, 8639571.579, 60
Trd, 8639571.612, 61
Trd, 8639573.446, 60
Trd, 8639573.679, 62
Trd, 8639573.912, 62
Trd, 8639574.146, 61
Trd, 8639574.479, 62
Trd, 8639574.712, 63
Trd, 8639574.746, 64
Trd, 8639574.779, 64
Trd, 8639575.012, 63
Trd, 8639575.179, 63
Trd, 8639575.279, 66
Trd, 8639575.979, 66
Trd, 8639576.012, 67
Trd, 8639577.012, 140
Trd, 8639577.246, 140
Trd, 8639577.379, 140
Trd, 8639578.012, 140
Trd, 8639578.179, 140
Trd, 8639578.279, 140
Trd, 8639578.446, 140
Trd, 8639578.846, 137
Trd, 8639579.279, 82
Trd, 8639579.512, 77
Trd, 8639579.812, 113
Trd, 8639580.312, 60
Trd, 8639581.046, 60
Trd, 8639582.412, 61
Trd, 8639582.512, 62
Trd, 8639582.912, 62
Trd, 8639583.346, 60
Trd, 8639583.546, 61
Trd, 8639583.579, 61
Trd, 8639583.779, 61
Trd, 8639584.046, 62
Trd, 8639584.346, 61
Trd, 8639585.379, 63
Trd, 8639585.546, 67
Trd, 8639585.612, 65
Trd, 8639585.879, 70
Trd, 8639586.946, 66
Trd, 8639586.979, 62
Trd, 8639587.012, 61
Trd, 8639587.446, 60
Trd, 8639587.546, 60
Trd, 8639588.346, 60
Trd, 8639588.412, 61
Trd, 8639588.646, 128
Trd, 8639588.979, 63
Trd, 8639589.212, 64
Trd, 8639589.846, 140
Trd, 8639589.946, 96
Trd, 8639590.579, 139
Trd, 8639590.979, 140
Trd, 8639591.146, 61
Trd, 8639591.446, 140
Trd, 8639591.646, 77
Trd, 8639591.879, 76
Trd, 8639593.179, 140
Trd, 8639593.346, 140
Trd, 8639593.679, 139
Trd, 8639594.346, 101
Trd, 8639594.812, 60
Trd, 8639595.412, 61
Trd, 8639595.512, 68
Trd, 8639595.612, 61
Trd, 8639596.379, 62
Trd, 8639597.412, 60
Trd, 8639597.912, 62
Trd, 8639598.112, 62
Trd, 8639598.246, 63
Trd, 8639598.446, 64
Trd, 8639598.546, 64
Trd, 8639598.612, 63
Trd, 8639598.912, 63
Trd, 8639599.279, 139
Trd, 8639599.879, 62
Trd, 8639600.612, 60
Trd, 8639601.379, 62
Trd, 8639601.979, 63
Trd, 8639602.179, 64
Trd, 8639602.212, 64
Trd, 8639602.512, 62
Trd, 8639603.512, 104
Trd, 8639603.579, 132
Trd, 8639604.012, 108
Trd, 8639604.112, 107
Trd, 8639604.246, 105
Trd, 8639604.312, 103
Trd, 8639605.246, 87
Trd, 8639606.312, 138
Trd, 8639607.012, 61
Trd, 8639607.112, 62
Trd, 8639607.179, 60
Trd, 8639607.879, 61
Trd, 8639607.912, 65
Trd, 8639608.279, 60
Trd, 8639608.879, 63
Trd, 8639609.646, 61
Trd, 8639610.512, 60
Trd, 8639611.412, 60
Trd, 8639612.479, 60
Trd, 8639613.046, 61
Trd, 8639613.379, 61
Trd, 8639613.846, 60
Trd, 8639614.012, 62
Trd, 8639614.146, 63
Trd, 8639614.246, 63
Trd, 8639614.379, 65
Trd, 8639614.446, 64
Trd, 8639614.546, 66
Trd, 8639614.712, 62
Trd, 8639616.446, 61
Trd, 8639616.646, 60
Trd, 8639617.279, 60
Trd, 8639617.879, 62
Trd, 8639617.979, 62
Trd, 8639618.346, 64
Trd, 8639618.479, 63
Trd, 8639618.646, 62
Trd, 8639618.779, 62
Trd, 8639618.979, 64
Trd, 8639619.479, 64
Trd, 8639619.846, 77
Trd, 8639620.279, 65
Trd, 8639620.746, 64
Trd, 8639620.912, 64
Trd, 8639621.246, 64
Trd, 8639621.279, 63
Trd, 8639622.512, 61
Trd, 8639623.079, 60
Trd, 8639623.479, 61
Trd, 8639623.579, 61
Trd, 8639624.612, 63
Trd, 8639625.212, 61
Trd, 8639625.246, 60
Trd, 8639625.446, 74
Trd, 8639625.779, 137
Trd, 8639625.879, 136
Trd, 8639626.179, 140
Trd, 8639626.246, 140
Trd, 8639626.446, 71
Trd, 8639626.779, 71
Trd, 8639627.346, 115
Trd, 8639628.246, 101
Trd, 8639628.546, 101
Trd, 8639629.212, 140
Trd, 8639629.279, 140
Trd, 8639629.679, 115
Trd, 8639630.312, 104
Trd, 8639630.412, 103
Trd, 8639630.479, 121
Trd, 8639630.912, 103
Trd, 8639631.312, 102
Trd, 8639632.046, 139
Trd, 8639632.146, 132
Trd, 8639633.246, 130
Trd, 8639633.279, 129
Trd, 8639633.379, 125
Trd, 8639634.246, 125
Trd, 8639634.312, 124
Trd, 8639634.646, 138
Trd, 8639634.912, 138
Trd, 8639635.379, 139
Trd, 8639636.179, 140
Trd, 8639636.712, 140
Trd, 8639637.546, 140
Trd, 8639637.679, 140
Trd, 8639637.712, 140
Trd, 8639637.946, 139
Trd, 8639638.246, 140
Trd, 8639638.312, 138
Trd, 8639638.446, 127
Trd, 8639638.479, 112
Trd, 8639639.412, 70
Trd, 8639639.846, 140
Trd, 8639639.946, 82
Trd, 8639640.079, 69
Trd, 8639640.279, 71
Trd, 8639640.346, 69
Trd, 8639640.746, 66
Trd, 8639641.012, 64
Trd, 8639641.679, 140
Trd, 8639642.579, 140
Trd, 8639642.746, 139
Trd, 8639643.146, 139
Trd, 8639643.579, 140
Trd, 8639643.746, 138
Trd, 8639644.112, 139
Trd, 8639645.046, 115
Trd, 8639645.712, 64
Trd, 8639645.979, 60
Trd, 8639646.346, 65
Trd, 8639646.679, 138
Trd, 8639647.779, 61
Trd, 8639648.446, 61
Trd, 8639648.546, 62
Trd, 8639649.379, 60
Trd, 8639651.212, 61
Trd, 8639651.346, 63
Trd, 8639651.379, 64
Trd, 8639651.579, 64
Trd, 8639651.846, 65
Trd, 8639651.912, 62
Trd, 8639652.246, 65
Trd, 8639652.979, 62
Trd, 8639653.479, 63
Trd, 8639653.712, 63
Trd, 8639654.246, 64
Trd, 8639654.279, 62
Trd, 8639654.312, 61
Trd, 8639654.512, 64
Trd, 8639654.912, 61
Trd, 8639655.646, 61
Trd, 8639656.246, 61
Trd, 8639657.179, 60
Trd, 8639657.579, 61
Trd, 8639657.679, 62
Trd, 8639657.712, 63
Trd, 8639658.612, 66
Trd, 8639658.646, 65
Trd, 8639658.812, 68
Trd, 8639658.912, 64
Trd, 8639659.012, 75
Trd, 8639659.479, 63
Trd, 8639660.012, 68
Trd, 8639660.212, 65
Trd, 8639660.812, 64
Trd, 8639661.912, 60
Trd, 8639662.479, 65
Trd, 8639663.912, 60
Trd, 8639664.212, 61
Trd, 8639665.246, 60
Trd, 8639665.779, 62
Trd, 8639666.246, 61
Trd, 8639666.279, 63
Trd, 8639666.479, 60
Trd, 8639666.512, 61
Trd, 8639666.812, 60
Trd, 8639667.012, 61
Trd, 8639667.079, 62
Trd, 8639667.579, 63
Trd, 8639667.812, 64
Trd, 8639667.912, 63
Trd, 8639668.146, 65
Trd, 8639668.746, 62
Trd, 8639669.712, 60
Trd, 8639670.812, 60
Trd, 8639671.012, 62
Trd, 8639671.679, 61
Trd, 8639671.946, 61
Trd, 8639672.279, 60
Trd, 8639673.012, 60
Trd, 8639673.679, 60
Trd, 8639673.879, 60
Trd, 8639674.579, 60
Trd, 8639674.612, 63
Trd, 8639674.712, 61
Trd, 8639675.379, 61
Trd, 8639675.612, 61
Trd, 8639675.779, 62
Trd, 8639675.846, 60
Trd, 8639676.079, 60
Trd, 8639676.879, 76
Trd, 8639677.612, 62
Trd, 8639679.446, 60
Trd, 8639679.612, 60
Trd, 8639679.879, 60
Trd, 8639680.446, 60
Trd, 8639680.712, 60
Trd, 8639680.746, 61
Trd, 8639681.046, 62
Trd, 8639681.346, 60
Trd, 8639681.646, 61
Trd, 8639682.046, 62
Trd, 8639682.079, 62
Trd, 8639683.279, 62
Trd, 8639683.412, 62
Trd, 8639683.546, 62
Trd, 8639684.012, 60
Trd, 8639684.146, 60
Trd, 8639684.579, 139
Trd, 8639684.712, 112
Trd, 8639685.046, 61
Trd, 8639685.146, 70
Trd, 8639685.612, 79
Trd, 8639685.746, 78
Trd, 8639686.579, 62
Trd, 8639687.446, 60
Trd, 8639687.579, 60
Trd, 8639688.046, 61
Trd, 8639688.079, 62
Trd, 8639688.379, 61
Trd, 8639688.746, 69
Trd, 8639689.346, 63
Trd, 8639689.679, 123
Trd, 8639690.346, 140
Trd, 8639690.479, 140
Trd, 8639690.512, 140
Trd, 8639691.412, 140
Trd, 8639691.446, 140
Trd, 8639691.646, 140
Trd, 8639692.379, 129
Trd, 8639693.179, 140
Trd, 8639694.146, 140
Trd, 8639694.179, 140
Trd, 8639694.246, 140
Trd, 8639694.479, 140
Trd, 8639694.512, 140
Trd, 8639695.346, 135
Trd, 8639695.379, 134
Trd, 8639695.579, 102
Trd, 8639696.312, 61
Trd, 8639696.479, 63
Trd, 8639697.046, 63
Trd, 8639697.179, 81
Trd, 8639699.146, 60
Trd, 8639699.212, 60
Trd, 8639699.512, 60
Trd, 8639699.712, 61
Trd, 8639699.746, 60
Trd, 8639700.146, 62
Trd, 8639700.279, 60
Trd, 8639700.579, 82
Trd, 8639701.112, 65
Trd, 8639701.679, 64
Trd, 8639701.879, 64
Trd, 8639702.012, 65
Trd, 8639702.079, 63
Trd, 8639702.879, 63
Trd, 8639703.579, 61
Trd, 8639704.812, 60
Trd, 8639704.912, 61
Trd, 8639707.012, 60
Trd, 8639707.112, 60
Trd, 8639707.146, 63
Trd, 8639707.712, 62
Trd, 8639707.812, 63
Trd, 8639708.212, 64
Trd, 8639708.279, 65
Trd, 8639708.346, 63
Trd, 8639709.112, 63
Trd, 8639709.979, 60
Trd, 8639710.012, 61
Trd, 8639710.979, 60
Trd, 8639711.146, 61
Trd, 8639711.746, 60
Trd, 8639711.946, 61
Trd, 8639713.279, 61
Trd, 8639714.446, 60
Trd, 8639714.712, 60
Trd, 8639714.946, 60
Trd, 8639715.179, 60
Trd, 8639715.479, 60
Trd, 8639715.812, 60
Trd, 8639716.079, 62
Trd, 8639716.179, 63
Trd, 8639716.379, 64
Trd, 8639716.546, 65
Trd, 8639716.612, 63
Trd, 8639716.746, 61
Trd, 8639718.179, 60
Trd, 8639718.646, 60
Trd, 8639718.812, 60
Trd, 8639719.846, 60
Trd, 8639721.246, 61
Trd, 8639722.412, 60
Trd, 8639722.579, 61
Trd, 8639723.179, 62
Trd, 8639723.312, 62
Trd, 8639723.846, 61
Trd, 8639723.879, 62
Trd, 8639724.312, 63
Trd, 8639724.579, 61
Trd, 8639724.779, 61
Trd, 8639725.046, 64
Trd, 8639725.412, 62
Trd, 8639725.646, 61
Trd, 8639725.679, 64
Trd, 8639725.846, 64
Trd, 8639726.579, 61
Trd, 8639726.812, 63
Trd, 8639727.246, 117
Trd, 8639728.312, 60
Trd, 8639728.479, 61
Trd, 8639729.046, 63
Trd, 8639730.046, 61
Trd, 8639730.246, 61
Trd, 8639730.512, 61
Trd, 8639731.979, 60
Trd, 8639733.212, 60
Trd, 8639733.346, 61
Trd, 8639733.612, 61
Trd, 8639734.479, 62
Trd, 8639734.612, 63
Trd, 8639734.679, 62
Trd, 8639734.712, 63
Trd, 8639735.212, 69
Trd, 8639735.312, 67
Trd, 8639735.446, 66
Trd, 8639735.479, 69
Trd, 8639735.579, 63
Trd, 8639737.046, 60
Trd, 8639737.679, 60
Trd, 8639738.212, 65
Trd, 8639738.412, 63
Trd, 8639738.612, 68
Trd, 8639738.846, 66
Trd, 8639739.712, 70
Trd, 8639740.079, 72
Trd, 8639740.146, 71
Trd, 8639740.312, 70
Trd, 8639740.612, 68
Trd, 8639740.779, 68
Trd, 8639741.179, 69
Trd, 8639741.446, 68
Trd, 8639741.812, 93
Trd, 8639742.012, 139
Trd, 8639743.146, 72
Trd, 8639743.246, 74
Trd, 8639743.812, 139
Trd, 8639744.279, 140
Trd, 8639744.379, 108
Trd, 8639744.412, 71
Trd, 8639745.079, 70
Trd, 8639745.179, 72
Trd, 8639745.346, 69
Trd, 8639745.979, 137
Trd, 8639746.346, 89
Trd, 8639746.746, 121
Trd, 8639747.712, 60
Trd, 8639748.246, 60
Trd, 8639748.446, 61
Trd, 8639748.612, 62
Trd, 8639748.746, 63
Trd, 8639748.812, 60
Trd, 8639749.346, 73
Trd, 8639749.912, 60
Trd, 8639750.479, 139
Trd, 8639750.512, 138
Trd, 8639750.779, 137
Trd, 8639750.912, 115
Trd, 8639751.146, 108
Trd, 8639752.979, 60
Trd, 8639753.346, 62
Trd, 8639753.612, 60
Trd, 8639753.779, 62
Trd, 8639754.346, 62
Trd, 8639754.546, 62
Trd, 8639754.646, 62
Trd, 8639754.812, 61
Trd, 8639754.979, 61
Trd, 8639755.312, 62
Trd, 8639755.479, 64
Trd, 8639756.279, 140
Trd, 8639756.379, 140
Trd, 8639756.646, 140
Trd, 8639756.679, 140
Trd, 8639757.346, 61
Trd, 8639757.946, 64
Trd, 8639758.146, 63
Trd, 8639758.379, 66
Trd, 8639758.779, 63
Trd, 8639759.346, 107
Trd, 8639759.379, 120
Trd, 8639759.946, 92
Trd, 8639760.279, 89
Trd, 8639760.312, 88
Trd, 8639760.546, 64
Trd, 8639761.012, 66
Trd, 8639761.346, 139
Trd, 8639761.879, 125
Trd, 8639762.379, 61
Trd, 8639762.446, 63
Trd, 8639763.579, 60
Trd, 8639764.012, 62
Trd, 8639764.346, 63
Trd, 8639764.479, 64
Trd, 8639764.646, 65
Trd, 8639764.746, 60
Trd, 8639764.779, 72
Trd, 8639765.646, 61
Trd, 8639766.712, 61
Trd, 8639767.312, 62
Trd, 8639768.246, 62
Trd, 8639769.212, 62
Trd, 8639769.612, 62
Trd, 8639770.312, 60
Trd, 8639770.379, 61
Trd, 8639770.646, 62
Trd, 8639770.712, 63
Trd, 8639771.079, 62
Trd, 8639771.112, 61
Trd, 8639771.646, 62
Trd, 8639771.746, 68
Trd, 8639772.479, 60
Trd, 8639772.979, 60
Trd, 8639773.646, 60
Trd, 8639774.179, 60
Trd, 8639774.746, 61
Trd, 8639775.012, 61
Trd, 8639775.179, 63
Trd, 8639775.512, 68
Trd, 8639775.779, 64
Trd, 8639776.146, 65
Trd, 8639776.712, 65
Trd, 8639777.012, 65
Trd, 8639777.112, 65
Trd, 8639777.479, 64
Trd, 8639777.812, 60
Trd, 8639778.846, 60
Trd, 8639779.979, 60
Trd, 8639780.012, 62
Trd, 8639780.779, 60
Trd, 8639781.046, 60
Trd, 8639781.546, 60
Trd, 8639782.279, 60
Trd, 8639782.679, 60
Trd, 8639782.712, 61
Trd, 8639783.479, 60
Trd, 8639783.746, 60
Trd, 8639783.779, 62
Trd, 8639784.012, 62
Trd, 8639784.412, 60
Trd, 8639785.146, 60
Trd, 8639786.779, 60
Trd, 8639787.279, 60
Trd, 8639787.712, 60
Trd, 8639787.912, 60
Trd, 8639788.379, 60
Trd, 8639788.612, 62
Trd, 8639788.679, 65
Trd, 8639788.779, 62
Trd, 8639789.412, 66
Trd, 8639789.546, 61
Trd, 8639789.746, 66
Trd, 8639790.179, 61
Trd, 8639790.279, 105
Trd, 8639791.246, 61
Trd, 8639792.846, 63
Trd, 8639793.412, 60
Trd, 8639793.746, 60
Trd, 8639794.646, 60
Trd, 8639794.812, 61
Trd, 8639795.212, 62
Trd, 8639795.312, 64
Trd, 8639795.712, 66
Trd, 8639795.846, 67
Trd, 8639795.912, 66
Trd, 8639796.312, 140
Trd, 8639796.479, 139
Trd, 8639796.946, 125
Trd, 8639797.112, 140
Trd, 8639797.346, 140
Trd, 8639798.046, 65
Trd, 8639800.279, 60
Trd, 8639800.579, 60
Trd, 8639800.646, 60
Trd, 8639800.812, 60
Trd, 8639801.212, 62
Trd, 8639801.246, 61
Trd, 8639802.046, 63
Trd, 8639802.112, 65
Trd, 8639802.246, 63
Trd, 8639802.446, 66
Trd, 8639803.012, 67
Trd, 8639803.112, 67
Trd, 8639803.179, 64
Trd, 8639803.912, 60
Trd, 8639804.246, 61
Trd, 8639805.879, 61
Trd, 8639806.212, 63
Trd, 8639806.912, 63
Trd, 8639807.579, 60
Trd, 8639808.579, 60
Trd, 8639808.779, 61
Trd, 8639809.046, 62
Trd, 8639809.346, 60
Trd, 8639809.812, 62
Trd, 8639809.846, 63
Trd, 8639809.879, 71
Trd, 8639810.746, 60
Trd, 8639811.512, 60
Trd, 8639811.946, 60
Trd, 8639812.246, 60
Trd, 8639812.512, 60
Trd, 8639812.679, 62
Trd, 8639812.712, 62
Trd, 8639813.212, 64
Trd, 8639813.412, 65
Trd, 8639813.612, 72
Trd, 8639814.879, 60
Trd, 8639815.446, 64
Trd, 8639817.346, 60
Trd, 8639818.046, 61
Trd, 8639818.112, 61
Trd, 8639818.179, 62
Trd, 8639818.212, 62
Trd, 8639818.279, 61
Trd, 8639818.512, 63
Trd, 8639818.679, 63
Trd, 8639819.512, 65
Trd, 8639819.979, 62
Trd, 8639820.079, 61
Trd, 8639820.312, 70
Trd, 8639821.546, 60
Trd, 8639821.779, 61
Trd, 8639822.179, 63
Trd, 8639822.312, 65
Trd, 8639822.579, 66
Trd, 8639822.679, 63
Trd, 8639823.446, 65
Trd, 8639823.479, 71
Trd, 8639823.912, 64
Trd, 8639823.979, 63
Trd, 8639824.779, 61
Trd, 8639825.046, 60
Trd, 8639825.779, 69
Trd, 8639825.946, 62
Trd, 8639826.446, 138
Trd, 8639826.979, 123
Trd, 8639827.146, 122
Trd, 8639827.446, 139
Trd, 8639827.946, 120
Trd, 8639828.046, 119
Trd, 8639828.479, 101
Trd, 8639829.212, 140
Trd, 8639829.412, 140
Trd, 8639829.479, 140
Trd, 8639829.612, 140
Trd, 8639829.946, 140
Trd, 8639830.546, 60
Trd, 8639831.546, 64
Trd, 8639831.779, 69
Trd, 8639832.912, 62
Trd, 8639833.946, 60
Trd, 8639834.146, 60
Trd, 8639834.679, 60
Trd, 8639835.212, 60
Trd, 8639835.746, 60
Trd, 8639835.979, 62
Trd, 8639836.746, 60
Trd, 8639836.879, 60
Trd, 8639837.246, 60
Trd, 8639837.379, 61
Trd, 8639837.646, 60
Trd, 8639838.246, 60
Trd, 8639838.679, 61
Trd, 8639838.779, 61
Trd, 8639838.979, 61
Trd, 8639839.146, 63
Trd, 8639839.312, 62
Trd, 8639839.912, 65
Trd, 8639840.112, 72
Trd, 8639840.312, 63
Trd, 8639841.146, 67
Trd, 8639841.979, 60
Trd, 8639843.079, 60
Trd, 8639843.712, 60
Trd, 8639844.212, 60
Trd, 8639844.712, 60
Trd, 8639844.746, 61
Trd, 8639844.812, 63
Trd, 8639845.646, 61
Trd, 8639845.946, 61
Trd, 8639846.046, 63
Trd, 8639846.546, 64
Trd, 8639846.712, 63
Trd, 8639847.079, 60
Trd, 8639847.512, 60
Trd, 8639847.979, 60
Trd, 8639848.046, 63
Trd, 8639848.746, 61
Trd, 8639849.279, 64
Trd, 8639849.412, 64
Trd, 8639849.912, 63
Trd, 8639850.079, 69
Trd, 8639850.446, 62
Trd, 8639850.746, 61
Trd, 8639850.812, 98
Trd, 8639851.246, 140
Trd, 8639852.512, 60
Trd, 8639853.746, 60
Trd, 8639854.512, 62
Trd, 8639854.812, 62
Trd, 8639854.912, 62
Trd, 8639854.946, 61
Trd, 8639855.246, 60
Trd, 8639855.646, 62
Trd, 8639856.479, 60
Trd, 8639856.846, 60
Trd, 8639857.079, 60
Trd, 8639858.312, 60
Trd, 8639860.279, 60
Trd, 8639860.346, 60
Trd, 8639860.612, 60
Trd, 8639860.812, 60
Trd, 8639860.946, 60
Trd, 8639861.279, 61
Trd, 8639861.379, 60
Trd, 8639861.879, 60
Trd, 8639861.979, 61
Trd, 8639862.479, 62
Trd, 8639862.679, 61
Trd, 8639862.946, 66
Trd, 8639864.279, 60
Trd, 8639864.746, 60
Trd, 8639864.979, 67
Trd, 8639866.412, 60
Trd, 8639866.479, 62
Trd, 8639866.879, 60
Trd, 8639867.079, 61
Trd, 8639867.246, 62
Trd, 8639867.479, 61
Trd, 8639867.779, 63
Trd, 8639868.012, 63
Trd, 8639868.079, 61
Trd, 8639868.412, 60
Trd, 8639868.579, 70
Trd, 8639869.946, 140
Trd, 8639870.046, 140
Trd, 8639870.579, 137
Trd, 8639870.946, 137
Trd, 8639871.246, 136
Trd, 8639872.079, 140
Trd, 8639872.246, 140
Trd, 8639872.279, 140
Trd, 8639872.579, 140
Trd, 8639873.112, 140
Trd, 8639873.312, 140
Trd, 8639873.446, 139
Trd, 8639873.746, 137
Trd, 8639874.446, 115
Trd, 8639874.512, 90
Trd, 8639875.179, 62
Trd, 8639875.446, 63
Trd, 8639875.879, 61
Trd, 8639876.612, 60
Trd, 8639877.146, 60
Trd, 8639877.846, 61
Trd, 8639878.146, 60
Trd, 8639879.012, 60
Trd, 8639879.612, 61
Trd, 8639880.079, 62
Trd, 8639880.246, 61
Trd, 8639880.346, 61
Trd, 8639880.412, 63
Trd, 8639880.679, 61
Trd, 8639881.112, 61
Trd, 8639881.546, 61
Trd, 8639881.879, 65
Trd, 8639882.079, 74
Trd, 8639882.312, 135
Trd, 8639882.579, 64
Trd, 8639883.579, 70
Trd, 8639883.879, 69
Trd, 8639884.012, 67
Trd, 8639884.412, 137
Trd, 8639884.946, 61
Trd, 8639884.979, 60
Trd, 8639885.912, 140
Trd, 8639885.979, 140
Trd, 8639886.279, 140
Trd, 8639886.646, 140
Trd, 8639887.346, 140
Trd, 8639887.479, 140
Trd, 8639887.646, 140
Trd, 8639888.012, 140
Trd, 8639888.046, 106
Trd, 8639889.079, 140
Trd, 8639889.112, 140
Trd, 8639889.412, 140
Trd, 8639891.046, 132
Trd, 8639891.546, 140
Trd, 8639891.679, 140
Trd, 8639891.779, 140
Trd, 8639891.812, 82
Trd, 8639892.312, 83
Trd, 8639892.512, 78
Trd, 8639893.012, 79
Trd, 8639894.146, 140
Trd, 8639894.546, 94
Trd, 8639894.612, 139
Trd, 8639894.679, 94
Trd, 8639895.246, 95
Trd, 8639895.279, 94
Trd, 8639895.379, 93
Trd, 8639896.679, 140
Trd, 8639896.846, 140
Trd, 8639897.146, 140
Trd, 8639897.246, 140
Trd, 8639897.312, 121
Trd, 8639897.679, 90
Trd, 8639898.446, 137
Trd, 8639899.712, 140
Trd, 8639900.346, 140
Trd, 8639900.712, 140
Trd, 8639900.979, 140
Trd, 8639901.546, 140
Trd, 8639901.612, 140
Trd, 8639902.212, 140
Trd, 8639902.279, 140
Trd, 8639902.612, 140
Trd, 8639902.679, 139
Trd, 8639903.179, 133
Trd, 8639903.979, 140
Trd, 8639904.079, 138
Trd, 8639904.112, 80
Trd, 8639904.746, 60
Trd, 8639906.212, 60
Trd, 8639906.946, 60
Trd, 8639907.112, 60
Trd, 8639907.312, 61
Trd, 8639907.479, 61
Trd, 8639907.946, 60
Trd, 8639908.046, 62
Trd, 8639908.179, 76
Trd, 8639908.479, 63
Trd, 8639908.712, 61
Trd, 8639909.312, 61
Trd, 8639909.546, 140
Trd, 8639910.612, 140
Trd, 8639910.946, 140
Trd, 8639910.979, 138
Trd, 8639911.212, 134
Trd, 8639911.246, 133
Trd, 8639913.112, 94
Trd, 8639913.146, 92
Trd, 8639913.846, 87
Trd, 8639914.012, 139
Trd, 8639914.179, 87
Trd, 8639914.512, 87
Trd, 8639914.746, 86
Trd, 8639915.146, 73
Trd, 8639915.779, 60
Trd, 8639917.046, 60
Trd, 8639917.179, 60
Trd, 8639918.546, 61
Trd, 8639919.212, 61
Trd, 8639919.279, 61
Trd, 8639919.579, 61
Trd, 8639920.112, 62
Trd, 8639920.646, 60
Trd, 8639920.712, 60
Trd, 8639920.879, 60
Trd, 8639920.979, 61
Trd, 8639921.079, 63
Trd, 8639921.346, 64
Trd, 8639921.512, 63
Trd, 8639922.212, 60
Trd, 8639922.412, 73
Trd, 8639922.846, 61
Trd, 8639923.412, 66
Trd, 8639923.679, 62
Trd, 8639923.779, 63
Trd, 8639924.612, 64
Trd, 8639924.646, 62
Trd, 8639924.946, 62
Trd, 8639925.612, 61
Trd, 8639925.912, 96
Trd, 8639926.179, 140
Trd, 8639926.279, 67
Trd, 8639929.712, 60
Trd, 8639930.046, 60
Trd, 8639930.112, 61
Trd, 8639930.146, 62
Trd, 8639930.379, 62
Trd, 8639930.412, 62
Trd, 8639930.679, 64
Trd, 8639931.312, 60
Trd, 8639931.779, 60
Trd, 8639932.279, 62
Trd, 8639932.346, 62
Trd, 8639932.379, 64
Trd, 8639932.479, 61
Trd, 8639932.879, 62
Trd, 8639933.179, 65
Trd, 8639933.512, 61
Trd, 8639933.912, 76
Trd, 8639936.512, 60
Trd, 8639938.179, 60
Trd, 8639938.379, 61
Trd, 8639938.812, 60
Trd, 8639939.012, 60
Trd, 8639939.146, 61
Trd, 8639939.246, 60
Trd, 8639939.379, 61
Trd, 8639939.446, 61
Trd, 8639939.746, 60
Trd, 8639940.179, 60
Trd, 8639940.746, 60
Trd, 8639940.846, 60
Trd, 8639941.346, 61
Trd, 8639941.546, 60
Trd, 8639941.579, 64
Trd, 8639943.246, 60
Trd, 8639944.412, 61
Trd, 8639944.479, 60
Trd, 8639944.646, 60
Trd, 8639945.012, 64
Trd, 8639945.779, 60
Trd, 8639945.879, 61
Trd, 8639946.179, 61
Trd, 8639946.346, 62
Trd, 8639946.779, 70
Trd, 8639947.046, 65
Trd, 8639947.146, 60
Trd, 8639948.312, 135
Trd, 8639948.679, 124
Trd, 8639949.079, 126
Trd, 8639949.112, 125
Trd, 8639949.446, 126
Trd, 8639949.612, 126
Trd, 8639950.146, 126
Trd, 8639950.546, 125
Trd, 8639950.712, 60
Trd, 8639951.846, 60
Trd, 8639953.012, 60
Trd, 8639953.279, 61
Trd, 8639953.846, 62
Trd, 8639953.912, 61
Trd, 8639954.512, 60
Trd, 8639955.212, 60
Trd, 8639955.379, 60
Trd, 8639955.712, 61
Trd, 8639956.046, 62
Trd, 8639956.112, 62
Trd, 8639956.846, 60
Trd, 8639957.146, 60
Trd, 8639957.212, 62
Trd, 8639958.079, 60
Trd, 8639958.246, 60
Trd, 8639958.279, 60
Trd, 8639959.012, 61
Trd, 8639959.046, 64
Trd, 8639959.079, 60
Trd, 8639959.312, 66
Trd, 8639959.879, 67
Trd, 8639960.679, 68
Trd, 8639960.979, 63
Trd, 8639961.612, 61
Trd, 8639962.979, 60
Trd, 8639963.746, 62
Trd, 8639964.612, 60
Trd, 8639964.746, 62
Trd, 8639965.646, 60
Trd, 8639965.946, 60
Trd, 8639965.979, 61
Trd, 8639966.112, 60
Trd, 8639966.779, 60
Trd, 8639966.979, 61
Trd, 8639967.312, 62
Trd, 8639967.579, 62
Trd, 8639967.812, 63
Trd, 8639967.846, 62
Trd, 8639968.212, 64
Trd, 8639968.512, 81
Trd, 8639969.012, 61
Trd, 8639969.446, 61
Trd, 8639969.679, 64
Trd, 8639971.712, 60
Trd, 8639972.412, 61
Trd, 8639972.479, 60
Trd, 8639973.012, 61
Trd, 8639973.146, 60
Trd, 8639973.446, 60
Trd, 8639973.779, 60
Trd, 8639973.946, 62
Trd, 8639974.179, 62
Trd, 8639974.246, 63
Trd, 8639975.146, 64
Trd, 8639975.179, 64
Trd, 8639975.379, 66
Trd, 8639975.446, 66
Trd, 8639975.712, 66
Trd, 8639975.946, 63
Trd, 8639976.046, 67
Trd, 8639977.046, 60
Trd, 8639977.712, 60
Trd, 8639978.479, 60
Trd, 8639978.912, 60
Trd, 8639979.579, 61
Trd, 8639979.812, 61
Trd, 8639979.846, 62
Trd, 8639979.979, 62
Trd, 8639980.612, 71
Trd, 8639980.846, 64
Trd, 8639981.179, 62
Trd, 8639981.779, 140
Trd, 8639981.846, 136
Trd, 8639982.246, 138
Trd, 8639982.346, 137
Trd, 8639982.812, 66
Trd, 8639983.012, 117
Trd, 8639983.512, 62
Trd, 8639984.379, 61
Trd, 8639984.812, 60
Trd, 8639985.679, 60
Trd, 8639986.679, 60
Trd, 8639986.812, 61
Trd, 8639986.846, 62
Trd, 8639987.312, 61
Trd, 8639987.512, 63
Trd, 8639987.846, 61
Trd, 8639987.879, 64
Trd, 8639988.546, 66
Trd, 8639988.679, 68
Trd, 8639989.279, 66
Trd, 8639989.746, 101
Trd, 8639989.979, 100
Trd, 8639990.379, 69
Trd, 8639990.479, 73
Trd, 8639990.879, 140
Trd, 8639991.346, 67
Trd, 8639992.379, 109
Trd, 8639992.412, 108
Trd, 8639992.479, 107
Trd, 8639992.646, 91
Trd, 8639992.779, 140
Trd, 8639993.079, 138
Trd, 8639994.712, 60
Trd, 8639996.046, 60
Trd, 8639996.479, 60
Trd, 8639996.746, 60
Trd, 8639996.879, 61
Trd, 8639996.946, 68
Trd, 8639997.646, 60
Trd, 8639997.879, 61
Trd, 8639998.246, 61
Trd, 8639998.546, 61
Trd, 8639998.646, 66
Trd, 8639999.246, 62
Trd, 8639999.746, 71
