Trd, 8638708.146, 118
Trd, 8638708.346, 117
Trd, 8638709.646, 117
Trd, 8638709.679, 89
Trd, 8638710.879, 127
Trd, 8638711.546, 103
Trd, 8638712.912, 96
Trd, 8638713.179, 120
Trd, 8638713.412, 90
Trd, 8638713.879, 120
Trd, 8638714.479, 132
Trd, 8638714.846, 124
Trd, 8638715.246, 123
Trd, 8638715.912, 93
Trd, 8638715.979, 84
Trd, 8638716.246, 87
Trd, 8638717.912, 117
Trd, 8638718.379, 106
Trd, 8638718.546, 115
Trd, 8638719.212, 121
Trd, 8638719.446, 120
Trd, 8638719.712, 127
Trd, 8638719.779, 123
Trd, 8638720.379, 133
Trd, 8638720.646, 110
Trd, 8638721.746, 138
Trd, 8638722.579, 75
Trd, 8638723.146, 89
Trd, 8638723.546, 87
Trd, 8638723.812, 114
Trd, 8638724.879, 111
Trd, 8638725.479, 134
Trd, 8638725.679, 127
Trd, 8638725.879, 103
Trd, 8638727.646, 126
Trd, 8638727.912, 120
Trd, 8638728.046, 114
Trd, 8638728.212, 108
Trd, 8638728.246, 136
Trd, 8638728.479, 87
Trd, 8638729.646, 124
Trd, 8638730.346, 135
Trd, 8638730.412, 109
Trd, 8638730.812, 60
Trd, 8638731.112, 85
Trd, 8638731.679, 76
Trd, 8638732.679, 103
Trd, 8638732.779, 93
Trd, 8638733.646, 115
Trd, 8638734.246, 115
Trd, 8638734.579, 102
Trd, 8638735.046, 114
Trd, 8638735.279, 96
Trd, 8638736.312, 108
Trd, 8638736.879, 105
Trd, 8638738.279, 137
Trd, 8638738.712, 124
Trd, 8638738.779, 123
Trd, 8638739.779, 131
Trd, 8638739.912, 118
Trd, 8638741.012, 106
Trd, 8638741.179, 105
Trd, 8638741.312, 101
Trd, 8638742.379, 134
Trd, 8638742.512, 134
Trd, 8638742.646, 127
Trd, 8638743.512, 129
Trd, 8638743.846, 129
Trd, 8638745.146, 139
Trd, 8638745.412, 118
Trd, 8638745.446, 109
Trd, 8638745.846, 124
Trd, 8638746.879, 104
Trd, 8638748.979, 139
Trd, 8638749.246, 132
Trd, 8638750.012, 121
Trd, 8638751.179, 119
Trd, 8638751.612, 111
Trd, 8638752.546, 125
Trd, 8638752.746, 120
Trd, 8638752.912, 109
Trd, 8638754.212, 104
Trd, 8638754.279, 103
Trd, 8638754.312, 97
Trd, 8638755.379, 118
Trd, 8638755.612, 102
Trd, 8638756.046, 91
Trd, 8638756.212, 89
Trd, 8638756.646, 130
Trd, 8638756.812, 73
Trd, 8638756.846, 97
Trd, 8638757.946, 113
Trd, 8638758.579, 114
Trd, 8638760.879, 128
Trd, 8638760.946, 121
Trd, 8638761.146, 117
Trd, 8638761.212, 114
Trd, 8638761.679, 110
Trd, 8638762.279, 131
Trd, 8638762.312, 119
Trd, 8638764.146, 131
Trd, 8638764.212, 106
Trd, 8638764.546, 97
Trd, 8638764.646, 91
Trd, 8638765.379, 119
Trd, 8638765.746, 91
Trd, 8638765.846, 132
Trd, 8638766.379, 74
Trd, 8638767.246, 91
Trd, 8638767.979, 111
Trd, 8638768.112, 98
Trd, 8638768.146, 89
Trd, 8638768.946, 102
Trd, 8638769.179, 124
Trd, 8638769.646, 107
Trd, 8638770.446, 121
Trd, 8638771.012, 120
Trd, 8638771.179, 116
Trd, 8638772.212, 116
Trd, 8638772.646, 109
Trd, 8638773.379, 121
Trd, 8638774.479, 121
Trd, 8638774.779, 139
Trd, 8638775.512, 110
Trd, 8638776.579, 127
Trd, 8638776.846, 126
Trd, 8638777.279, 113
Trd, 8638777.779, 98
Trd, 8638778.212, 98
Trd, 8638778.446, 115
Trd, 8638778.746, 116
Trd, 8638780.279, 116
Trd, 8638780.646, 117
Trd, 8638781.312, 99
Trd, 8638781.812, 116
Trd, 8638781.912, 84
Trd, 8638781.979, 76
Trd, 8638782.179, 80
Trd, 8638783.412, 113
Trd, 8638785.779, 140
Trd, 8638785.879, 121
Trd, 8638785.979, 124
Trd, 8638786.446, 126
Trd, 8638788.479, 117
Trd, 8638789.512, 107
Trd, 8638789.612, 99
Trd, 8638789.979, 88
Trd, 8638790.112, 118
Trd, 8638791.012, 98
Trd, 8638791.312, 107
Trd, 8638791.779, 130
Trd, 8638793.446, 114
Trd, 8638793.746, 116
Trd, 8638795.379, 114
Trd, 8638795.579, 113
Trd, 8638796.279, 124
Trd, 8638797.279, 124
Trd, 8638797.312, 116
Trd, 8638798.112, 131
Trd, 8638798.979, 128
Trd, 8638800.146, 112
Trd, 8638800.179, 113
Trd, 8638800.379, 92
Trd, 8638801.146, 97
Trd, 8638801.412, 116
Trd, 8638802.212, 136
Trd, 8638802.546, 133
Trd, 8638802.912, 120
Trd, 8638803.446, 122
Trd, 8638803.746, 107
Trd, 8638804.846, 127
Trd, 8638805.446, 117
Trd, 8638806.146, 105
Trd, 8638806.379, 106
Trd, 8638806.446, 105
Trd, 8638807.212, 103
Trd, 8638807.646, 100
Trd, 8638807.879, 115
Trd, 8638808.046, 88
Trd, 8638808.312, 135
Trd, 8638809.046, 125
Trd, 8638810.279, 132
Trd, 8638811.346, 117
Trd, 8638811.546, 116
Trd, 8638811.912, 98
Trd, 8638813.546, 115
Trd, 8638814.412, 134
Trd, 8638815.079, 127
Trd, 8638815.779, 137
Trd, 8638815.979, 127
Trd, 8638816.446, 105
Trd, 8638816.546, 134
Trd, 8638817.946, 126
Trd, 8638818.912, 126
Trd, 8638818.946, 136
Trd, 8638819.112, 118
Trd, 8638820.179, 104
Trd, 8638820.312, 102
Trd, 8638820.379, 81
Trd, 8638820.446, 73
Trd, 8638822.079, 105
Trd, 8638822.879, 86
Trd, 8638823.346, 92
Trd, 8638824.079, 83
Trd, 8638824.146, 86
Trd, 8638824.346, 104
Trd, 8638824.779, 116
Trd, 8638825.112, 109
Trd, 8638825.346, 112
Trd, 8638825.679, 115
Trd, 8638825.846, 90
Trd, 8638827.679, 122
Trd, 8638827.812, 130
Trd, 8638828.479, 120
Trd, 8638828.712, 109
Trd, 8638829.579, 120
Trd, 8638829.879, 98
Trd, 8638830.912, 105
Trd, 8638831.446, 128
Trd, 8638832.412, 120
Trd, 8638832.646, 114
Trd, 8638832.712, 113
Trd, 8638832.912, 130
Trd, 8638833.079, 119
Trd, 8638833.579, 111
Trd, 8638833.679, 100
Trd, 8638834.012, 132
Trd, 8638834.746, 113
Trd, 8638836.046, 119
Trd, 8638836.246, 112
Trd, 8638836.479, 112
Trd, 8638836.946, 95
Trd, 8638837.546, 96
Trd, 8638838.046, 116
Trd, 8638838.412, 100
Trd, 8638838.546, 93
Trd, 8638838.879, 94
Trd, 8638838.946, 105
Trd, 8638841.979, 130
Trd, 8638842.346, 117
Trd, 8638842.779, 113
Trd, 8638843.446, 119
Trd, 8638843.746, 102
Trd, 8638844.812, 121
Trd, 8638844.946, 108
Trd, 8638845.179, 99
Trd, 8638846.079, 135
Trd, 8638846.312, 116
Trd, 8638846.346, 95
Trd, 8638846.646, 80
Trd, 8638846.946, 80
Trd, 8638847.012, 78
Trd, 8638848.046, 120
Trd, 8638848.346, 115
Trd, 8638848.412, 107
Trd, 8638849.379, 127
Trd, 8638850.912, 122
Trd, 8638853.179, 92
Trd, 8638853.412, 104
Trd, 8638853.646, 123
Trd, 8638853.712, 130
Trd, 8638853.746, 113
Trd, 8638853.779, 89
Trd, 8638853.846, 86
Trd, 8638854.846, 112
Trd, 8638855.146, 126
Trd, 8638856.146, 133
Trd, 8638856.846, 121
Trd, 8638857.079, 108
Trd, 8638857.712, 102
Trd, 8638858.046, 95
Trd, 8638858.079, 91
Trd, 8638858.612, 88
Trd, 8638858.679, 100
Trd, 8638859.179, 132
Trd, 8638859.246, 77
Trd, 8638859.546, 106
Trd, 8638860.112, 103
Trd, 8638861.246, 130
Trd, 8638862.379, 127
Trd, 8638863.012, 122
Trd, 8638863.279, 103
Trd, 8638863.546, 100
Trd, 8638864.479, 114
Trd, 8638864.812, 119
Trd, 8638865.012, 119
Trd, 8638865.812, 117
Trd, 8638867.179, 117
Trd, 8638867.379, 139
Trd, 8638867.612, 111
Trd, 8638868.212, 129
Trd, 8638868.346, 100
Trd, 8638868.379, 92
Trd, 8638868.812, 100
Trd, 8638869.712, 135
Trd, 8638870.712, 132
Trd, 8638870.746, 129
Trd, 8638872.279, 140
Trd, 8638872.479, 123
Trd, 8638872.946, 110
Trd, 8638873.212, 87
Trd, 8638874.046, 123
Trd, 8638874.579, 112
Trd, 8638874.679, 92
Trd, 8638875.246, 85
Trd, 8638875.312, 94
Trd, 8638875.979, 85
Trd, 8638876.012, 78
Trd, 8638876.112, 86
Trd, 8638876.179, 96
Trd, 8638877.446, 122
Trd, 8638877.779, 113
Trd, 8638878.946, 129
Trd, 8638879.112, 123
Trd, 8638879.246, 115
Trd, 8638879.379, 111
Trd, 8638879.446, 109
Trd, 8638881.646, 116
Trd, 8638882.312, 106
Trd, 8638882.346, 98
Trd, 8638883.079, 122
Trd, 8638883.346, 130
Trd, 8638884.079, 133
Trd, 8638884.212, 110
Trd, 8638885.012, 131
Trd, 8638886.379, 107
Trd, 8638886.546, 110
Trd, 8638887.412, 131
Trd, 8638887.779, 119
Trd, 8638888.146, 121
Trd, 8638889.212, 118
Trd, 8638889.446, 138
Trd, 8638889.479, 122
Trd, 8638889.646, 110
Trd, 8638891.412, 87
Trd, 8638892.579, 116
Trd, 8638892.946, 107
Trd, 8638894.179, 127
Trd, 8638894.246, 139
Trd, 8638894.646, 139
Trd, 8638895.312, 134
Trd, 8638895.812, 109
Trd, 8638896.079, 105
Trd, 8638896.179, 85
Trd, 8638896.412, 82
Trd, 8638897.812, 128
Trd, 8638898.779, 109
Trd, 8638899.012, 131
Trd, 8638899.046, 131
Trd, 8638900.046, 137
Trd, 8638900.246, 124
Trd, 8638901.612, 111
Trd, 8638902.112, 102
Trd, 8638903.112, 98
Trd, 8638903.579, 131
Trd, 8638903.646, 128
Trd, 8638904.546, 133
Trd, 8638905.879, 136
Trd, 8638906.446, 112
Trd, 8638906.512, 104
Trd, 8638906.612, 102
Trd, 8638907.312, 108
Trd, 8638907.912, 117
Trd, 8638907.946, 105
Trd, 8638909.946, 134
Trd, 8638910.312, 114
Trd, 8638911.379, 100
Trd, 8638911.446, 118
Trd, 8638911.846, 90
Trd, 8638912.312, 95
Trd, 8638912.546, 101
Trd, 8638913.346, 77
Trd, 8638913.779, 77
Trd, 8638913.879, 89
Trd, 8638914.112, 119
Trd, 8638914.412, 99
Trd, 8638915.312, 139
Trd, 8638915.546, 119
Trd, 8638915.579, 106
Trd, 8638915.646, 106
Trd, 8638916.412, 83
Trd, 8638917.212, 126
Trd, 8638917.379, 115
Trd, 8638919.412, 134
Trd, 8638919.446, 121
Trd, 8638920.446, 136
Trd, 8638920.746, 117
Trd, 8638921.079, 107
Trd, 8638921.712, 103
Trd, 8638921.879, 86
Trd, 8638922.946, 99
Trd, 8638923.012, 100
Trd, 8638923.146, 109
Trd, 8638923.779, 87
Trd, 8638924.279, 90
Trd, 8638924.712, 88
Trd, 8638925.246, 99
Trd, 8638925.846, 81
Trd, 8638925.946, 80
Trd, 8638926.412, 115
Trd, 8638927.046, 115
Trd, 8638927.312, 112
Trd, 8638927.346, 129
Trd, 8638929.512, 123
Trd, 8638929.712, 121
Trd, 8638929.979, 119
Trd, 8638930.079, 134
Trd, 8638930.646, 119
Trd, 8638931.079, 134
Trd, 8638931.279, 133
Trd, 8638931.346, 121
Trd, 8638932.279, 123
Trd, 8638932.846, 114
Trd, 8638933.212, 112
Trd, 8638934.012, 134
Trd, 8638935.546, 131
Trd, 8638936.946, 107
Trd, 8638937.079, 104
Trd, 8638937.512, 99
Trd, 8638937.746, 105
Trd, 8638937.946, 135
Trd, 8638938.246, 96
Trd, 8638938.412, 92
Trd, 8638939.446, 129
Trd, 8638939.546, 139
Trd, 8638940.246, 130
Trd, 8638940.279, 129
Trd, 8638941.412, 131
Trd, 8638941.612, 125
Trd, 8638942.779, 132
Trd, 8638942.846, 97
Trd, 8638943.246, 104
Trd, 8638943.812, 83
Trd, 8638945.012, 92
Trd, 8638945.046, 76
Trd, 8638945.879, 117
Trd, 8638946.879, 110
Trd, 8638947.846, 107
Trd, 8638948.279, 104
Trd, 8638948.979, 140
Trd, 8638949.512, 140
Trd, 8638949.579, 111
Trd, 8638949.979, 130
Trd, 8638950.046, 111
Trd, 8638950.846, 102
Trd, 8638951.779, 111
Trd, 8638952.446, 99
Trd, 8638952.512, 91
Trd, 8638952.679, 76
Trd, 8638952.846, 100
Trd, 8638954.179, 126
Trd, 8638955.512, 126
Trd, 8638955.679, 109
Trd, 8638955.746, 85
Trd, 8638955.979, 72
Trd, 8638956.546, 101
Trd, 8638957.512, 93
Trd, 8638957.646, 85
Trd, 8638957.979, 117
Trd, 8638958.879, 100
Trd, 8638959.112, 112
Trd, 8638960.546, 94
Trd, 8638960.746, 93
Trd, 8638960.846, 139
Trd, 8638961.112, 85
Trd, 8638961.179, 82
Trd, 8638961.679, 90
Trd, 8638961.712, 92
Trd, 8638963.612, 122
Trd, 8638963.879, 104
Trd, 8638964.479, 117
Trd, 8638964.546, 90
Trd, 8638965.179, 102
Trd, 8638965.279, 85
Trd, 8638965.312, 118
Trd, 8638965.979, 118
Trd, 8638966.946, 132
Trd, 8638967.012, 110
Trd, 8638967.046, 109
Trd, 8638967.412, 87
Trd, 8638967.946, 108
Trd, 8638968.679, 81
Trd, 8638968.779, 91
Trd, 8638968.912, 80
Trd, 8638969.379, 80
Trd, 8638970.246, 110
Trd, 8638970.779, 87
Trd, 8638974.412, 95
Trd, 8638974.546, 107
Trd, 8638975.146, 99
Trd, 8638976.246, 91
Trd, 8638976.346, 101
Trd, 8638976.546, 121
Trd, 8638977.412, 122
Trd, 8638978.579, 125
Trd, 8638978.779, 129
Trd, 8638979.312, 114
Trd, 8638979.379, 137
Trd, 8638980.046, 117
Trd, 8638980.312, 107
Trd, 8638980.412, 107
Trd, 8638980.479, 113
Trd, 8638980.579, 105
Trd, 8638980.779, 116
Trd, 8638981.179, 95
Trd, 8638982.679, 127
Trd, 8638983.212, 130
Trd, 8638983.746, 131
Trd, 8638984.579, 105
Trd, 8638984.612, 125
Trd, 8638985.179, 94
Trd, 8638987.846, 117
Trd, 8638988.012, 105
Trd, 8638989.046, 116
Trd, 8638989.712, 125
Trd, 8638989.846, 116
Trd, 8638989.946, 97
Trd, 8638990.812, 112
Trd, 8638991.146, 114
Trd, 8638991.779, 118
Trd, 8638992.946, 109
Trd, 8638993.912, 96
Trd, 8638994.179, 77
Trd, 8638994.446, 93
Trd, 8638994.512, 99
Trd, 8638994.612, 111
Trd, 8638996.112, 109
Trd, 8638997.012, 119
Trd, 8638998.212, 124
Trd, 8638998.579, 129
Trd, 8639000.779, 121
Trd, 8639000.912, 101
Trd, 8639001.679, 93
Trd, 8639002.146, 94
Trd, 8639002.212, 96
Trd, 8639002.679, 89
Trd, 8639003.079, 108
Trd, 8639003.846, 92
Trd, 8639004.512, 127
Trd, 8639005.079, 90
Trd, 8639005.112, 106
Trd, 8639005.379, 74
Trd, 8639006.079, 102
Trd, 8639006.646, 88
Trd, 8639007.379, 90
Trd, 8639007.546, 99
Trd, 8639007.746, 87
Trd, 8639008.279, 125
Trd, 8639008.546, 88
Trd, 8639008.712, 106
Trd, 8639009.379, 138
Trd, 8639009.946, 104
Trd, 8639010.646, 126
Trd, 8639010.746, 102
Trd, 8639011.312, 100
Trd, 8639012.079, 112
Trd, 8639012.279, 79
Trd, 8639012.912, 102
Trd, 8639013.046, 120
Trd, 8639013.779, 92
Trd, 8639014.779, 116
Trd, 8639015.079, 99
Trd, 8639015.379, 137
Trd, 8639015.646, 97
Trd, 8639016.046, 124
Trd, 8639018.146, 101
Trd, 8639018.746, 95
Trd, 8639018.879, 95
Trd, 8639019.046, 90
Trd, 8639019.079, 116
Trd, 8639020.146, 118
Trd, 8639021.879, 103
Trd, 8639022.012, 112
Trd, 8639022.279, 134
Trd, 8639024.112, 103
Trd, 8639024.779, 125
Trd, 8639025.679, 123
Trd, 8639025.846, 139
Trd, 8639025.946, 113
Trd, 8639025.979, 106
Trd, 8639026.112, 96
Trd, 8639027.579, 86
Trd, 8639027.679, 76
Trd, 8639028.146, 109
Trd, 8639028.246, 114
Trd, 8639028.512, 112
Trd, 8639028.812, 84
Trd, 8639030.312, 139
Trd, 8639031.012, 112
Trd, 8639031.079, 97
Trd, 8639031.212, 123
Trd, 8639032.646, 106
Trd, 8639033.179, 103
Trd, 8639033.379, 97
Trd, 8639034.112, 123
Trd, 8639034.412, 111
Trd, 8639034.512, 101
Trd, 8639034.812, 118
Trd, 8639035.379, 118
Trd, 8639036.179, 101
Trd, 8639037.446, 139
Trd, 8639037.546, 107
Trd, 8639038.379, 117
Trd, 8639038.946, 119
Trd, 8639040.479, 132
Trd, 8639041.079, 136
Trd, 8639042.312, 120
Trd, 8639042.846, 110
Trd, 8639043.312, 113
Trd, 8639043.746, 125
Trd, 8639044.346, 132
Trd, 8639044.512, 130
Trd, 8639045.312, 120
Trd, 8639047.412, 140
Trd, 8639047.712, 123
Trd, 8639048.812, 134
Trd, 8639049.246, 120
Trd, 8639049.412, 137
Trd, 8639050.012, 112
Trd, 8639051.379, 140
Trd, 8639051.479, 136
Trd, 8639051.579, 116
Trd, 8639053.079, 136
Trd, 8639053.246, 135
Trd, 8639053.912, 129
Trd, 8639054.046, 119
Trd, 8639054.612, 139
Trd, 8639054.712, 110
Trd, 8639055.479, 107
Trd, 8639055.946, 98
Trd, 8639056.446, 128
Trd, 8639057.046, 126
Trd, 8639057.912, 139
Trd, 8639058.046, 118
Trd, 8639059.046, 109
Trd, 8639059.846, 106
Trd, 8639060.612, 121
Trd, 8639060.712, 111
Trd, 8639061.379, 117
Trd, 8639062.112, 118
Trd, 8639062.879, 117
Trd, 8639062.912, 115
Trd, 8639063.279, 102
Trd, 8639064.346, 82
Trd, 8639064.979, 132
Trd, 8639065.112, 128
Trd, 8639065.246, 117
Trd, 8639066.012, 112
Trd, 8639066.512, 128
Trd, 8639066.679, 135
Trd, 8639068.046, 101
Trd, 8639068.212, 130
Trd, 8639068.746, 127
Trd, 8639068.912, 106
Trd, 8639069.879, 112
Trd, 8639070.246, 102
Trd, 8639070.479, 120
Trd, 8639070.546, 93
Trd, 8639070.846, 123
Trd, 8639071.046, 101
Trd, 8639071.346, 137
Trd, 8639072.279, 126
Trd, 8639072.379, 113
Trd, 8639073.112, 132
Trd, 8639073.479, 127
Trd, 8639074.212, 89
Trd, 8639075.779, 97
Trd, 8639075.979, 100
Trd, 8639076.246, 106
Trd, 8639076.279, 108
Trd, 8639076.612, 94
Trd, 8639076.879, 91
Trd, 8639077.579, 133
Trd, 8639078.446, 114
Trd, 8639079.846, 117
Trd, 8639081.046, 124
Trd, 8639081.279, 111
Trd, 8639081.679, 104
Trd, 8639082.512, 105
Trd, 8639084.146, 133
Trd, 8639084.579, 139
Trd, 8639084.612, 125
Trd, 8639084.879, 137
Trd, 8639085.146, 123
Trd, 8639085.846, 126
Trd, 8639086.479, 113
Trd, 8639087.446, 114
Trd, 8639087.546, 112
Trd, 8639088.979, 132
Trd, 8639089.112, 117
Trd, 8639089.212, 139
Trd, 8639090.479, 135
Trd, 8639090.912, 111
Trd, 8639091.112, 114
Trd, 8639091.546, 132
Trd, 8639092.079, 128
Trd, 8639092.679, 115
Trd, 8639092.979, 99
Trd, 8639093.112, 103
Trd, 8639093.246, 137
Trd, 8639093.846, 102
Trd, 8639094.912, 138
Trd, 8639095.279, 131
Trd, 8639095.679, 124
Trd, 8639097.046, 128
Trd, 8639098.346, 119
Trd, 8639099.246, 109
Trd, 8639099.479, 100
Trd, 8639099.579, 90
Trd, 8639099.879, 94
Trd, 8639100.546, 132
Trd, 8639100.846, 140
Trd, 8639101.479, 135
Trd, 8639101.946, 122
Trd, 8639102.079, 131
Trd, 8639102.946, 118
Trd, 8639103.012, 105
Trd, 8639104.112, 99
Trd, 8639104.779, 135
Trd, 8639105.512, 115
Trd, 8639105.946, 104
Trd, 8639106.946, 107
Trd, 8639108.212, 115
Trd, 8639108.246, 108
Trd, 8639108.279, 97
Trd, 8639108.446, 91
Trd, 8639108.512, 88
Trd, 8639109.346, 122
Trd, 8639109.846, 108
Trd, 8639110.146, 105
Trd, 8639110.179, 97
Trd, 8639111.146, 124
Trd, 8639111.312, 107
Trd, 8639112.012, 132
Trd, 8639113.079, 120
Trd, 8639113.379, 92
Trd, 8639113.679, 116
Trd, 8639116.012, 118
Trd, 8639116.246, 113
Trd, 8639117.546, 104
Trd, 8639117.612, 133
Trd, 8639117.679, 97
Trd, 8639118.612, 100
Trd, 8639118.879, 137
Trd, 8639119.246, 130
Trd, 8639119.446, 128
Trd, 8639119.779, 133
Trd, 8639120.879, 125
Trd, 8639122.546, 110
Trd, 8639123.146, 106
Trd, 8639123.479, 118
Trd, 8639124.012, 101
Trd, 8639124.446, 115
Trd, 8639125.446, 121
Trd, 8639125.679, 115
Trd, 8639127.779, 113
Trd, 8639127.979, 112
Trd, 8639128.179, 124
Trd, 8639128.546, 132
Trd, 8639128.746, 113
Trd, 8639130.279, 129
Trd, 8639130.546, 113
Trd, 8639131.112, 130
Trd, 8639131.379, 139
Trd, 8639131.679, 124
Trd, 8639131.979, 123
Trd, 8639132.412, 110
Trd, 8639133.912, 105
Trd, 8639134.579, 106
Trd, 8639135.246, 101
Trd, 8639135.412, 122
Trd, 8639136.346, 85
Trd, 8639137.046, 83
Trd, 8639137.412, 92
Trd, 8639137.612, 104
Trd, 8639138.312, 89
Trd, 8639138.579, 100
Trd, 8639138.879, 135
Trd, 8639138.912, 119
Trd, 8639138.979, 117
Trd, 8639139.746, 131
Trd, 8639141.379, 122
Trd, 8639141.846, 99
Trd, 8639141.879, 97
Trd, 8639142.979, 140
Trd, 8639143.646, 119
Trd, 8639144.479, 133
Trd, 8639144.579, 129
Trd, 8639144.946, 114
Trd, 8639146.612, 110
Trd, 8639147.146, 127
Trd, 8639147.979, 111
Trd, 8639148.612, 127
Trd, 8639148.712, 135
Trd, 8639149.012, 140
Trd, 8639149.512, 140
Trd, 8639149.846, 114
Trd, 8639150.479, 109
Trd, 8639150.679, 106
Trd, 8639151.612, 130
Trd, 8639152.012, 121
Trd, 8639152.846, 139
Trd, 8639152.946, 124
Trd, 8639152.979, 101
Trd, 8639153.012, 86
Trd, 8639153.079, 120
Trd, 8639154.012, 98
Trd, 8639154.446, 121
Trd, 8639154.812, 85
Trd, 8639155.112, 134
Trd, 8639156.746, 122
Trd, 8639157.912, 121
Trd, 8639158.846, 128
Trd, 8639159.079, 112
Trd, 8639159.112, 111
Trd, 8639159.146, 102
Trd, 8639159.812, 114
Trd, 8639160.246, 129
Trd, 8639160.546, 117
Trd, 8639161.012, 96
Trd, 8639161.312, 104
Trd, 8639161.946, 128
Trd, 8639162.179, 116
Trd, 8639163.112, 134
Trd, 8639163.246, 113
Trd, 8639163.712, 97
Trd, 8639163.779, 96
Trd, 8639164.612, 117
Trd, 8639165.079, 136
Trd, 8639165.679, 113
Trd, 8639166.046, 125
Trd, 8639166.179, 97
Trd, 8639166.379, 114
Trd, 8639166.846, 127
Trd, 8639166.912, 108
Trd, 8639168.146, 126
Trd, 8639168.312, 109
Trd, 8639169.212, 113
Trd, 8639169.879, 106
Trd, 8639170.579, 109
Trd, 8639170.812, 121
Trd, 8639172.079, 113
Trd, 8639172.912, 139
Trd, 8639174.246, 115
Trd, 8639175.212, 127
Trd, 8639175.546, 114
Trd, 8639175.712, 111
Trd, 8639176.246, 127
Trd, 8639176.346, 110
Trd, 8639176.546, 109
Trd, 8639176.712, 119
Trd, 8639177.112, 122
Trd, 8639177.446, 128
Trd, 8639179.812, 140
Trd, 8639180.146, 117
Trd, 8639180.212, 97
Trd, 8639180.946, 121
Trd, 8639181.346, 119
Trd, 8639182.012, 102
Trd, 8639182.079, 139
Trd, 8639182.412, 113
Trd, 8639182.612, 131
Trd, 8639183.646, 123
Trd, 8639183.946, 119
Trd, 8639184.179, 132
Trd, 8639185.146, 138
Trd, 8639186.846, 125
Trd, 8639187.279, 115
Trd, 8639187.546, 104
Trd, 8639187.812, 133
Trd, 8639187.846, 103
Trd, 8639188.612, 118
Trd, 8639189.079, 116
Trd, 8639189.146, 109
Trd, 8639189.312, 104
Trd, 8639191.512, 115
Trd, 8639191.846, 117
Trd, 8639192.546, 101
Trd, 8639193.046, 126
Trd, 8639193.912, 132
Trd, 8639194.112, 118
Trd, 8639194.512, 119
Trd, 8639194.712, 135
Trd, 8639195.179, 109
Trd, 8639195.779, 125
Trd, 8639195.846, 107
Trd, 8639196.679, 108
Trd, 8639197.312, 95
Trd, 8639197.746, 95
Trd, 8639197.946, 91
Trd, 8639199.046, 110
Trd, 8639199.746, 97
Trd, 8639199.779, 107
Trd, 8639200.112, 115
Trd, 8639200.946, 104
Trd, 8639201.412, 99
Trd, 8639202.579, 103
Trd, 8639203.446, 90
Trd, 8639204.012, 104
Trd, 8639205.246, 117
Trd, 8639205.546, 131
Trd, 8639205.679, 116
Trd, 8639206.146, 123
Trd, 8639206.646, 115
Trd, 8639207.979, 92
Trd, 8639208.479, 110
Trd, 8639208.712, 122
Trd, 8639208.812, 123
Trd, 8639209.312, 118
Trd, 8639210.046, 117
Trd, 8639211.079, 134
Trd, 8639211.712, 125
Trd, 8639211.946, 96
Trd, 8639212.946, 92
Trd, 8639214.212, 132
Trd, 8639214.246, 115
Trd, 8639214.846, 139
Trd, 8639214.979, 128
Trd, 8639215.512, 137
Trd, 8639216.046, 130
Trd, 8639216.312, 123
Trd, 8639216.879, 113
Trd, 8639217.079, 131
Trd, 8639217.146, 140
Trd, 8639217.712, 132
Trd, 8639218.846, 130
Trd, 8639219.246, 109
Trd, 8639220.979, 138
Trd, 8639221.579, 119
Trd, 8639221.712, 110
Trd, 8639222.012, 95
Trd, 8639222.412, 88
Trd, 8639223.046, 108
Trd, 8639223.512, 119
Trd, 8639223.646, 91
Trd, 8639223.912, 87
Trd, 8639224.912, 91
Trd, 8639225.746, 95
Trd, 8639226.712, 114
Trd, 8639226.812, 104
Trd, 8639227.379, 130
Trd, 8639228.712, 106
Trd, 8639228.746, 104
Trd, 8639229.912, 93
Trd, 8639230.446, 94
Trd, 8639231.979, 129
Trd, 8639232.179, 107
Trd, 8639233.412, 133
Trd, 8639233.479, 107
Trd, 8639234.279, 136
Trd, 8639234.312, 121
Trd, 8639234.446, 113
Trd, 8639234.946, 120
Trd, 8639236.112, 117
Trd, 8639236.746, 124
Trd, 8639237.079, 126
Trd, 8639237.579, 106
Trd, 8639237.912, 123
Trd, 8639238.612, 102
Trd, 8639239.346, 110
Trd, 8639240.812, 116
Trd, 8639241.046, 114
Trd, 8639241.079, 114
Trd, 8639241.446, 118
Trd, 8639241.946, 100
Trd, 8639242.412, 126
Trd, 8639243.846, 103
Trd, 8639244.246, 102
Trd, 8639244.379, 86
Trd, 8639244.846, 77
Trd, 8639245.179, 101
Trd, 8639245.679, 114
Trd, 8639246.379, 133
Trd, 8639247.212, 128
Trd, 8639248.512, 117
Trd, 8639248.579, 110
Trd, 8639248.712, 110
Trd, 8639250.246, 106
Trd, 8639250.346, 100
Trd, 8639250.712, 108
Trd, 8639250.946, 94
Trd, 8639251.246, 93
Trd, 8639251.912, 96
Trd, 8639252.279, 116
Trd, 8639252.512, 82
Trd, 8639253.146, 112
Trd, 8639253.879, 108
Trd, 8639254.546, 119
Trd, 8639255.446, 99
Trd, 8639255.712, 96
Trd, 8639256.379, 97
Trd, 8639256.979, 115
Trd, 8639257.879, 138
Trd, 8639258.279, 124
Trd, 8639259.112, 110
Trd, 8639260.012, 123
Trd, 8639260.779, 111
Trd, 8639260.812, 115
Trd, 8639261.979, 118
Trd, 8639262.579, 116
Trd, 8639262.946, 117
Trd, 8639262.979, 109
Trd, 8639263.379, 120
Trd, 8639263.479, 108
Trd, 8639264.112, 104
Trd, 8639264.212, 105
Trd, 8639265.146, 108
Trd, 8639265.412, 88
Trd, 8639266.112, 118
Trd, 8639266.146, 136
Trd, 8639266.346, 137
Trd, 8639267.446, 118
Trd, 8639268.112, 121
Trd, 8639268.446, 103
Trd, 8639268.746, 134
Trd, 8639269.246, 136
Trd, 8639269.812, 122
Trd, 8639270.112, 136
Trd, 8639272.346, 133
Trd, 8639272.446, 122
Trd, 8639272.912, 123
Trd, 8639274.079, 79
Trd, 8639274.246, 85
Trd, 8639274.479, 89
Trd, 8639275.646, 114
Trd, 8639276.512, 113
Trd, 8639276.712, 108
Trd, 8639278.179, 137
Trd, 8639278.779, 114
Trd, 8639278.812, 112
Trd, 8639279.446, 112
Trd, 8639280.446, 139
Trd, 8639280.612, 125
Trd, 8639281.146, 135
Trd, 8639281.346, 113
Trd, 8639282.079, 116
Trd, 8639282.846, 137
Trd, 8639284.779, 113
Trd, 8639284.912, 104
Trd, 8639284.946, 98
Trd, 8639286.079, 117
Trd, 8639286.112, 109
Trd, 8639287.112, 117
Trd, 8639287.279, 123
Trd, 8639287.546, 140
Trd, 8639287.912, 118
Trd, 8639289.612, 124
Trd, 8639290.312, 124
Trd, 8639291.146, 133
Trd, 8639291.212, 112
Trd, 8639291.512, 120
Trd, 8639292.212, 111
Trd, 8639293.246, 101
Trd, 8639294.012, 119
Trd, 8639294.412, 123
Trd, 8639294.912, 104
Trd, 8639295.212, 103
Trd, 8639296.012, 130
Trd, 8639296.112, 124
Trd, 8639296.279, 112
Trd, 8639296.312, 98
Trd, 8639296.479, 117
Trd, 8639297.246, 129
Trd, 8639297.979, 106
Trd, 8639298.779, 91
Trd, 8639298.946, 121
Trd, 8639299.946, 108
Trd, 8639300.579, 127
Trd, 8639300.712, 96
Trd, 8639301.046, 107
Trd, 8639301.512, 135
Trd, 8639301.679, 104
Trd, 8639302.079, 77
Trd, 8639302.979, 120
Trd, 8639303.712, 140
Trd, 8639304.712, 91
Trd, 8639305.012, 128
Trd, 8639305.279, 86
Trd, 8639306.779, 119
Trd, 8639307.112, 113
Trd, 8639307.612, 96
Trd, 8639308.746, 94
Trd, 8639309.279, 137
Trd, 8639309.446, 105
Trd, 8639309.646, 110
Trd, 8639310.112, 110
Trd, 8639311.179, 137
Trd, 8639311.246, 98
Trd, 8639312.246, 119
Trd, 8639312.279, 105
Trd, 8639312.312, 91
Trd, 8639312.679, 112
Trd, 8639313.046, 122
Trd, 8639313.479, 110
Trd, 8639314.412, 106
Trd, 8639314.912, 108
Trd, 8639315.012, 104
Trd, 8639315.046, 115
Trd, 8639315.446, 138
Trd, 8639315.712, 118
Trd, 8639316.079, 110
Trd, 8639317.246, 139
Trd, 8639317.612, 124
Trd, 8639317.812, 98
Trd, 8639317.979, 91
Trd, 8639318.479, 122
Trd, 8639319.346, 114
Trd, 8639321.112, 123
Trd, 8639322.179, 106
Trd, 8639322.579, 105
Trd, 8639322.712, 138
Trd, 8639323.412, 99
Trd, 8639323.779, 78
Trd, 8639324.779, 123
Trd, 8639324.946, 115
Trd, 8639325.946, 119
Trd, 8639326.412, 98
Trd, 8639326.512, 113
Trd, 8639326.846, 91
Trd, 8639327.579, 133
Trd, 8639327.746, 91
Trd, 8639328.546, 80
Trd, 8639330.046, 106
Trd, 8639331.212, 135
Trd, 8639332.046, 123
Trd, 8639332.179, 118
Trd, 8639332.446, 116
Trd, 8639333.146, 134
Trd, 8639333.646, 123
Trd, 8639334.246, 98
Trd, 8639334.279, 92
Trd, 8639335.112, 92
Trd, 8639335.646, 130
Trd, 8639335.846, 135
Trd, 8639336.146, 130
Trd, 8639336.246, 109
Trd, 8639336.279, 83
Trd, 8639337.646, 124
Trd, 8639338.012, 140
Trd, 8639338.479, 137
Trd, 8639338.779, 122
Trd, 8639339.112, 100
Trd, 8639341.146, 128
Trd, 8639341.412, 130
Trd, 8639343.012, 126
Trd, 8639343.779, 107
Trd, 8639344.412, 137
Trd, 8639346.146, 116
Trd, 8639346.346, 97
Trd, 8639347.112, 111
Trd, 8639347.646, 133
Trd, 8639347.746, 127
Trd, 8639348.679, 104
Trd, 8639348.846, 124
Trd, 8639349.512, 123
Trd, 8639349.846, 119
Trd, 8639351.012, 114
Trd, 8639351.579, 115
Trd, 8639352.079, 105
Trd, 8639352.346, 125
Trd, 8639352.746, 115
Trd, 8639352.846, 107
Trd, 8639352.912, 98
Trd, 8639353.379, 132
Trd, 8639354.112, 62
Trd, 8639355.079, 81
Trd, 8639355.546, 123
Trd, 8639356.179, 131
Trd, 8639356.446, 99
Trd, 8639357.346, 136
Trd, 8639357.912, 132
Trd, 8639358.612, 108
Trd, 8639360.112, 109
Trd, 8639360.812, 106
Trd, 8639361.046, 104
Trd, 8639361.679, 100
Trd, 8639362.746, 122
Trd, 8639363.012, 117
Trd, 8639363.879, 139
Trd, 8639364.246, 128
Trd, 8639364.546, 96
Trd, 8639364.812, 93
Trd, 8639365.779, 140
Trd, 8639367.412, 130
Trd, 8639367.812, 137
Trd, 8639368.646, 108
Trd, 8639369.046, 105
Trd, 8639369.079, 93
Trd, 8639369.246, 91
Trd, 8639369.446, 129
Trd, 8639370.312, 130
Trd, 8639371.179, 123
Trd, 8639372.246, 132
Trd, 8639372.679, 115
Trd, 8639373.179, 138
Trd, 8639373.846, 117
Trd, 8639374.046, 139
Trd, 8639374.579, 119
Trd, 8639375.179, 107
Trd, 8639375.979, 117
Trd, 8639376.412, 114
Trd, 8639377.146, 129
Trd, 8639377.412, 98
Trd, 8639377.712, 86
Trd, 8639378.379, 98
Trd, 8639378.546, 95
Trd, 8639379.979, 116
Trd, 8639380.312, 109
Trd, 8639380.812, 82
Trd, 8639381.412, 116
Trd, 8639381.579, 111
Trd, 8639381.812, 94
Trd, 8639382.646, 125
Trd, 8639383.479, 130
Trd, 8639383.846, 112
Trd, 8639384.812, 111
Trd, 8639384.879, 94
Trd, 8639385.212, 103
Trd, 8639385.379, 109
Trd, 8639387.012, 115
Trd, 8639387.346, 118
Trd, 8639387.446, 118
Trd, 8639388.379, 137
Trd, 8639388.479, 127
Trd, 8639389.312, 131
Trd, 8639389.346, 106
Trd, 8639389.712, 124
Trd, 8639391.146, 109
Trd, 8639391.246, 117
Trd, 8639392.112, 130
Trd, 8639392.412, 124
Trd, 8639393.346, 121
Trd, 8639393.412, 122
Trd, 8639393.646, 104
Trd, 8639393.846, 87
Trd, 8639393.979, 86
Trd, 8639394.079, 85
Trd, 8639394.879, 83
Trd, 8639396.112, 100
Trd, 8639396.346, 109
Trd, 8639396.412, 119
Trd, 8639396.779, 96
Trd, 8639399.312, 124
Trd, 8639399.679, 135
Trd, 8639400.446, 118
Trd, 8639400.512, 109
Trd, 8639400.646, 106
Trd, 8639401.079, 115
Trd, 8639401.612, 119
Trd, 8639403.012, 130
Trd, 8639403.512, 122
Trd, 8639403.712, 110
Trd, 8639405.546, 109
Trd, 8639405.579, 105
Trd, 8639406.479, 135
Trd, 8639406.946, 102
Trd, 8639406.979, 90
Trd, 8639407.179, 114
Trd, 8639407.879, 89
Trd, 8639408.179, 138
Trd, 8639408.646, 120
Trd, 8639409.446, 126
Trd, 8639409.946, 104
Trd, 8639410.146, 106
Trd, 8639410.846, 82
Trd, 8639411.046, 129
Trd, 8639411.946, 119
Trd, 8639411.979, 106
Trd, 8639413.246, 93
Trd, 8639413.646, 78
Trd, 8639414.012, 79
Trd, 8639414.412, 71
Trd, 8639415.412, 94
Trd, 8639415.846, 100
Trd, 8639416.512, 117
Trd, 8639418.012, 139
Trd, 8639418.312, 110
Trd, 8639418.579, 101
Trd, 8639419.212, 94
Trd, 8639420.246, 91
Trd, 8639421.012, 93
Trd, 8639421.412, 102
Trd, 8639422.446, 104
Trd, 8639422.879, 107
Trd, 8639423.379, 113
Trd, 8639423.512, 87
Trd, 8639424.746, 104
Trd, 8639425.046, 116
Trd, 8639425.412, 112
Trd, 8639425.512, 122
Trd, 8639426.046, 108
Trd, 8639426.579, 112
Trd, 8639426.612, 114
Trd, 8639427.279, 128
Trd, 8639428.079, 125
Trd, 8639428.179, 99
Trd, 8639428.246, 91
Trd, 8639429.079, 137
Trd, 8639429.312, 139
Trd, 8639429.412, 124
Trd, 8639430.279, 134
Trd, 8639430.846, 139
Trd, 8639430.879, 120
Trd, 8639431.612, 95
Trd, 8639431.679, 86
Trd, 8639432.279, 91
Trd, 8639432.646, 85
Trd, 8639432.912, 94
Trd, 8639433.579, 106
Trd, 8639434.346, 137
Trd, 8639434.579, 124
Trd, 8639434.812, 109
Trd, 8639435.146, 96
Trd, 8639435.879, 132
Trd, 8639435.912, 92
Trd, 8639436.512, 130
Trd, 8639437.012, 109
Trd, 8639438.412, 130
Trd, 8639439.212, 118
Trd, 8639439.479, 117
Trd, 8639439.812, 121
Trd, 8639440.679, 106
Trd, 8639441.179, 107
Trd, 8639441.779, 137
Trd, 8639442.546, 112
Trd, 8639443.646, 111
Trd, 8639443.712, 95
Trd, 8639443.879, 95
Trd, 8639444.446, 87
Trd, 8639444.579, 130
Trd, 8639444.712, 76
Trd, 8639445.712, 91
Trd, 8639446.146, 84
Trd, 8639446.246, 77
Trd, 8639446.879, 83
Trd, 8639447.112, 93
Trd, 8639448.179, 130
Trd, 8639449.646, 122
Trd, 8639450.379, 117
Trd, 8639451.779, 128
Trd, 8639452.512, 129
Trd, 8639453.179, 107
Trd, 8639453.446, 100
Trd, 8639454.179, 123
Trd, 8639454.412, 117
Trd, 8639454.479, 109
Trd, 8639454.746, 123
Trd, 8639455.079, 116
Trd, 8639455.812, 126
Trd, 8639456.146, 130
Trd, 8639456.746, 105
Trd, 8639456.779, 101
Trd, 8639456.812, 101
Trd, 8639457.012, 100
Trd, 8639457.346, 92
Trd, 8639457.912, 105
Trd, 8639458.312, 129
Trd, 8639459.412, 106
Trd, 8639459.512, 129
Trd, 8639460.012, 102
Trd, 8639460.812, 133
Trd, 8639462.312, 123
Trd, 8639462.879, 122
Trd, 8639463.012, 122
Trd, 8639463.179, 115
Trd, 8639463.212, 123
Trd, 8639464.379, 101
Trd, 8639465.146, 116
Trd, 8639465.179, 98
Trd, 8639465.512, 136
Trd, 8639465.946, 92
Trd, 8639466.079, 91
Trd, 8639466.412, 137
Trd, 8639466.746, 108
Trd, 8639468.712, 103
Trd, 8639469.312, 127
Trd, 8639469.812, 96
Trd, 8639469.946, 90
Trd, 8639471.079, 138
Trd, 8639471.379, 115
Trd, 8639471.412, 103
Trd, 8639472.946, 134
Trd, 8639473.246, 130
Trd, 8639473.546, 127
Trd, 8639473.912, 98
Trd, 8639474.146, 78
Trd, 8639474.346, 81
Trd, 8639474.879, 101
Trd, 8639474.946, 89
Trd, 8639475.246, 99
Trd, 8639475.879, 80
Trd, 8639476.246, 89
Trd, 8639477.312, 100
Trd, 8639477.479, 82
Trd, 8639477.612, 117
Trd, 8639478.446, 92
Trd, 8639479.312, 120
Trd, 8639479.812, 129
Trd, 8639480.446, 139
Trd, 8639480.946, 127
Trd, 8639481.379, 109
Trd, 8639483.479, 128
Trd, 8639484.012, 125
Trd, 8639484.612, 134
Trd, 8639484.912, 127
Trd, 8639484.979, 122
Trd, 8639485.312, 118
Trd, 8639486.112, 139
Trd, 8639487.079, 122
Trd, 8639487.146, 100
Trd, 8639489.112, 131
Trd, 8639489.746, 118
Trd, 8639491.246, 126
Trd, 8639491.912, 117
Trd, 8639492.912, 114
Trd, 8639493.679, 113
Trd, 8639494.312, 114
Trd, 8639494.412, 101
Trd, 8639494.746, 128
Trd, 8639495.079, 131
Trd, 8639495.112, 135
Trd, 8639495.612, 99
Trd, 8639495.979, 128
Trd, 8639497.179, 119
Trd, 8639497.246, 114
Trd, 8639497.279, 99
Trd, 8639497.412, 93
Trd, 8639497.812, 136
Trd, 8639499.279, 102
Trd, 8639499.346, 69
Trd, 8639499.846, 100
Trd, 8639501.079, 140
Trd, 8639501.579, 98
Trd, 8639502.046, 127
Trd, 8639502.379, 114
Trd, 8639502.746, 105
Trd, 8639502.779, 104
Trd, 8639502.846, 90
Trd, 8639502.879, 88
Trd, 8639503.812, 118
Trd, 8639504.312, 122
Trd, 8639504.446, 96
Trd, 8639504.879, 131
Trd, 8639505.379, 94
Trd, 8639506.046, 134
Trd, 8639507.412, 132
Trd, 8639507.612, 120
Trd, 8639507.712, 110
Trd, 8639508.579, 101
Trd, 8639509.946, 101
Trd, 8639510.946, 93
Trd, 8639511.712, 125
Trd, 8639511.846, 116
Trd, 8639513.112, 122
Trd, 8639513.546, 127
Trd, 8639514.179, 113
Trd, 8639514.512, 103
Trd, 8639514.912, 106
Trd, 8639515.179, 122
Trd, 8639516.546, 112
Trd, 8639516.746, 108
Trd, 8639516.812, 107
Trd, 8639517.012, 113
Trd, 8639517.479, 85
Trd, 8639519.279, 139
Trd, 8639520.612, 117
Trd, 8639520.712, 125
Trd, 8639521.112, 131
Trd, 8639521.312, 114
Trd, 8639522.312, 95
Trd, 8639522.479, 123
Trd, 8639523.246, 122
Trd, 8639523.346, 108
Trd, 8639523.612, 88
Trd, 8639524.279, 98
Trd, 8639525.279, 92
Trd, 8639525.912, 130
Trd, 8639527.112, 135
Trd, 8639527.379, 132
Trd, 8639527.546, 131
Trd, 8639528.179, 135
Trd, 8639528.812, 109
Trd, 8639530.279, 122
Trd, 8639530.479, 113
Trd, 8639531.812, 138
Trd, 8639532.012, 111
Trd, 8639533.012, 140
Trd, 8639533.212, 127
Trd, 8639534.012, 125
Trd, 8639534.512, 138
Trd, 8639535.046, 115
Trd, 8639535.712, 133
Trd, 8639536.779, 126
Trd, 8639537.779, 125
Trd, 8639538.512, 128
Trd, 8639538.846, 114
Trd, 8639539.212, 122
Trd, 8639539.446, 115
Trd, 8639540.112, 112
Trd, 8639540.546, 123
Trd, 8639541.346, 134
Trd, 8639541.979, 119
Trd, 8639542.479, 120
Trd, 8639542.779, 93
Trd, 8639543.279, 104
Trd, 8639543.612, 97
Trd, 8639543.979, 110
Trd, 8639544.212, 135
Trd, 8639546.312, 96
Trd, 8639546.846, 112
Trd, 8639546.946, 105
Trd, 8639547.612, 138
Trd, 8639547.746, 130
Trd, 8639547.946, 104
Trd, 8639549.146, 110
Trd, 8639549.412, 105
Trd, 8639550.046, 113
Trd, 8639551.046, 132
Trd, 8639551.112, 125
Trd, 8639551.279, 120
Trd, 8639552.512, 95
Trd, 8639552.879, 109
Trd, 8639553.479, 89
Trd, 8639553.679, 109
Trd, 8639554.179, 109
Trd, 8639554.312, 109
Trd, 8639554.512, 130
Trd, 8639554.679, 85
Trd, 8639555.612, 125
Trd, 8639555.946, 124
Trd, 8639556.946, 126
Trd, 8639557.279, 117
Trd, 8639558.646, 104
Trd, 8639558.712, 103
Trd, 8639558.812, 102
Trd, 8639558.846, 98
Trd, 8639559.712, 105
Trd, 8639560.512, 96
Trd, 8639560.746, 80
Trd, 8639561.012, 83
Trd, 8639561.079, 113
Trd, 8639561.146, 114
Trd, 8639561.312, 107
Trd, 8639562.212, 103
Trd, 8639562.679, 131
Trd, 8639562.812, 133
Trd, 8639564.179, 124
Trd, 8639565.379, 135
Trd, 8639565.446, 137
Trd, 8639565.546, 114
Trd, 8639565.679, 100
Trd, 8639566.212, 123
Trd, 8639567.812, 133
Trd, 8639568.812, 135
Trd, 8639569.512, 129
Trd, 8639569.579, 116
Trd, 8639569.812, 138
Trd, 8639570.012, 123
Trd, 8639570.046, 116
Trd, 8639571.312, 106
Trd, 8639572.779, 136
Trd, 8639572.979, 135
Trd, 8639573.179, 110
Trd, 8639574.579, 120
Trd, 8639574.812, 108
Trd, 8639574.846, 116
Trd, 8639575.412, 109
Trd, 8639575.612, 112
Trd, 8639576.046, 99
Trd, 8639576.212, 85
Trd, 8639576.246, 121
Trd, 8639576.279, 78
Trd, 8639577.312, 125
Trd, 8639578.179, 116
Trd, 8639578.412, 104
Trd, 8639579.212, 135
Trd, 8639579.746, 105
Trd, 8639580.012, 108
Trd, 8639580.079, 101
Trd, 8639580.912, 103
Trd, 8639582.046, 99
Trd, 8639582.712, 104
Trd, 8639582.812, 95
Trd, 8639583.412, 77
Trd, 8639584.046, 110
Trd, 8639584.179, 104
Trd, 8639584.279, 113
Trd, 8639585.346, 97
Trd, 8639585.479, 95
Trd, 8639585.746, 96
Trd, 8639587.046, 140
Trd, 8639588.279, 136
Trd, 8639588.612, 130
Trd, 8639589.746, 117
Trd, 8639589.812, 115
Trd, 8639589.879, 119
Trd, 8639590.179, 112
Trd, 8639591.079, 103
Trd, 8639591.446, 89
Trd, 8639592.146, 89
Trd, 8639592.612, 107
Trd, 8639593.379, 75
Trd, 8639593.679, 89
Trd, 8639593.912, 104
Trd, 8639595.079, 67
Trd, 8639595.246, 63
Trd, 8639596.579, 135
Trd, 8639597.346, 110
Trd, 8639598.079, 100
Trd, 8639598.312, 104
Trd, 8639598.379, 105
Trd, 8639599.479, 119
Trd, 8639599.746, 139
Trd, 8639599.846, 129
Trd, 8639600.146, 114
Trd, 8639602.412, 119
Trd, 8639602.812, 125
Trd, 8639603.612, 119
Trd, 8639603.912, 106
Trd, 8639604.879, 125
Trd, 8639605.079, 110
Trd, 8639605.946, 104
Trd, 8639606.279, 100
Trd, 8639606.746, 116
Trd, 8639607.246, 115
Trd, 8639607.279, 122
Trd, 8639607.379, 92
Trd, 8639608.812, 88
Trd, 8639608.912, 100
Trd, 8639609.679, 98
Trd, 8639610.046, 101
Trd, 8639610.146, 107
Trd, 8639610.579, 92
Trd, 8639610.679, 123
Trd, 8639612.746, 104
Trd, 8639613.312, 121
Trd, 8639613.579, 91
Trd, 8639613.612, 90
Trd, 8639614.379, 110
Trd, 8639614.479, 92
Trd, 8639614.946, 97
Trd, 8639615.179, 97
Trd, 8639616.246, 110
Trd, 8639616.612, 110
Trd, 8639617.079, 105
Trd, 8639617.312, 76
Trd, 8639617.579, 93
Trd, 8639618.679, 136
Trd, 8639618.979, 134
Trd, 8639619.846, 118
Trd, 8639620.079, 111
Trd, 8639621.046, 110
Trd, 8639621.079, 100
Trd, 8639621.379, 128
Trd, 8639621.679, 110
Trd, 8639622.212, 118
Trd, 8639623.146, 128
Trd, 8639623.812, 123
Trd, 8639624.012, 129
Trd, 8639624.379, 139
Trd, 8639624.446, 108
Trd, 8639624.712, 100
Trd, 8639625.279, 122
Trd, 8639625.579, 103
Trd, 8639627.779, 125
Trd, 8639628.446, 125
Trd, 8639628.579, 128
Trd, 8639629.212, 138
Trd, 8639629.346, 121
Trd, 8639629.446, 112
Trd, 8639629.679, 110
Trd, 8639629.979, 108
Trd, 8639631.179, 115
Trd, 8639631.279, 92
Trd, 8639632.779, 117
Trd, 8639632.879, 122
Trd, 8639634.146, 139
Trd, 8639635.379, 135
Trd, 8639635.912, 132
Trd, 8639637.012, 105
Trd, 8639637.146, 108
Trd, 8639637.312, 106
Trd, 8639637.579, 130
Trd, 8639639.212, 138
Trd, 8639639.246, 106
Trd, 8639639.379, 106
Trd, 8639639.479, 109
Trd, 8639639.979, 121
Trd, 8639640.012, 116
Trd, 8639640.946, 119
Trd, 8639641.646, 118
Trd, 8639641.946, 94
Trd, 8639642.279, 109
Trd, 8639643.012, 140
Trd, 8639643.312, 106
Trd, 8639643.846, 114
Trd, 8639644.346, 111
Trd, 8639644.812, 114
Trd, 8639644.946, 105
Trd, 8639645.246, 103
Trd, 8639646.646, 95
Trd, 8639647.312, 119
Trd, 8639647.346, 104
Trd, 8639647.912, 81
Trd, 8639649.212, 112
Trd, 8639649.279, 106
Trd, 8639649.946, 111
Trd, 8639650.779, 104
Trd, 8639652.146, 102
Trd, 8639652.312, 122
Trd, 8639652.446, 104
Trd, 8639653.012, 103
Trd, 8639653.846, 101
Trd, 8639655.212, 132
Trd, 8639655.846, 126
Trd, 8639656.046, 126
Trd, 8639657.046, 112
Trd, 8639657.846, 132
Trd, 8639658.346, 126
Trd, 8639658.379, 115
Trd, 8639658.546, 111
Trd, 8639659.179, 126
Trd, 8639659.212, 120
Trd, 8639659.779, 97
Trd, 8639660.579, 94
Trd, 8639661.112, 92
Trd, 8639661.179, 90
Trd, 8639663.046, 129
Trd, 8639663.846, 108
Trd, 8639664.646, 108
Trd, 8639665.112, 104
Trd, 8639665.179, 115
Trd, 8639665.646, 94
Trd, 8639665.679, 135
Trd, 8639666.546, 119
Trd, 8639667.846, 115
Trd, 8639668.012, 126
Trd, 8639668.812, 134
Trd, 8639670.046, 125
Trd, 8639670.312, 125
Trd, 8639670.679, 110
Trd, 8639670.712, 101
Trd, 8639670.946, 117
Trd, 8639671.212, 119
Trd, 8639672.446, 98
Trd, 8639673.346, 104
Trd, 8639673.479, 111
Trd, 8639673.779, 139
Trd, 8639673.846, 138
Trd, 8639674.979, 122
Trd, 8639675.312, 103
Trd, 8639675.946, 100
Trd, 8639676.746, 132
Trd, 8639676.879, 116
Trd, 8639677.146, 119
Trd, 8639677.279, 107
Trd, 8639678.479, 119
Trd, 8639679.446, 124
Trd, 8639679.712, 110
Trd, 8639680.212, 94
Trd, 8639680.512, 92
Trd, 8639680.979, 68
Trd, 8639681.246, 88
Trd, 8639681.646, 121
Trd, 8639682.746, 102
Trd, 8639683.446, 112
Trd, 8639683.812, 93
Trd, 8639684.679, 94
Trd, 8639684.946, 97
Trd, 8639685.379, 117
Trd, 8639687.312, 121
Trd, 8639687.346, 100
Trd, 8639687.479, 126
Trd, 8639687.746, 126
Trd, 8639687.946, 113
Trd, 8639688.479, 96
Trd, 8639689.279, 94
Trd, 8639689.679, 118
Trd, 8639692.446, 130
Trd, 8639692.646, 124
Trd, 8639692.846, 121
Trd, 8639693.312, 119
Trd, 8639693.612, 98
Trd, 8639694.679, 98
Trd, 8639695.212, 116
Trd, 8639695.479, 124
Trd, 8639696.012, 132
Trd, 8639697.279, 137
Trd, 8639698.412, 110
Trd, 8639698.712, 112
Trd, 8639699.212, 111
Trd, 8639700.412, 129
Trd, 8639700.446, 117
Trd, 8639701.079, 130
Trd, 8639701.612, 117
Trd, 8639701.712, 116
Trd, 8639701.979, 111
Trd, 8639704.646, 132
Trd, 8639704.712, 129
Trd, 8639704.879, 129
Trd, 8639705.379, 137
Trd, 8639705.746, 124
Trd, 8639705.879, 123
Trd, 8639706.146, 122
Trd, 8639706.512, 110
Trd, 8639707.079, 119
Trd, 8639707.346, 96
Trd, 8639707.546, 105
Trd, 8639707.912, 125
Trd, 8639708.579, 89
Trd, 8639708.879, 94
Trd, 8639709.212, 72
Trd, 8639709.746, 135
Trd, 8639710.679, 132
Trd, 8639710.712, 100
Trd, 8639711.046, 96
Trd, 8639712.279, 123
Trd, 8639712.312, 120
Trd, 8639712.912, 88
Trd, 8639712.979, 78
Trd, 8639713.046, 89
Trd, 8639713.646, 81
Trd, 8639714.779, 92
Trd, 8639715.446, 108
Trd, 8639716.046, 117
Trd, 8639716.946, 118
Trd, 8639717.046, 113
Trd, 8639717.979, 139
Trd, 8639718.112, 134
Trd, 8639719.212, 135
Trd, 8639720.212, 119
Trd, 8639720.979, 113
Trd, 8639721.812, 126
Trd, 8639722.579, 122
Trd, 8639722.712, 112
Trd, 8639723.446, 107
Trd, 8639724.212, 85
Trd, 8639724.379, 99
Trd, 8639725.212, 119
Trd, 8639725.446, 116
Trd, 8639725.612, 96
Trd, 8639726.512, 125
Trd, 8639726.746, 114
Trd, 8639728.179, 115
Trd, 8639728.679, 111
Trd, 8639728.946, 101
Trd, 8639729.879, 133
Trd, 8639730.179, 105
Trd, 8639730.746, 85
Trd, 8639731.412, 98
Trd, 8639731.579, 101
Trd, 8639731.612, 110
Trd, 8639731.679, 75
Trd, 8639732.846, 139
Trd, 8639733.412, 121
Trd, 8639735.146, 120
Trd, 8639735.412, 135
Trd, 8639735.846, 102
Trd, 8639736.746, 135
Trd, 8639736.979, 131
Trd, 8639737.412, 131
Trd, 8639737.579, 119
Trd, 8639739.612, 130
Trd, 8639739.746, 114
Trd, 8639740.412, 127
Trd, 8639740.946, 109
Trd, 8639741.512, 116
Trd, 8639741.679, 103
Trd, 8639742.212, 68
Trd, 8639742.446, 79
Trd, 8639742.779, 84
Trd, 8639743.346, 67
Trd, 8639744.479, 95
Trd, 8639744.546, 103
Trd, 8639745.279, 120
Trd, 8639745.546, 77
Trd, 8639745.812, 129
Trd, 8639746.612, 99
Trd, 8639747.312, 98
Trd, 8639747.346, 94
Trd, 8639748.712, 135
Trd, 8639749.446, 122
Trd, 8639750.112, 107
Trd, 8639750.312, 128
Trd, 8639750.646, 105
Trd, 8639751.012, 105
Trd, 8639751.279, 103
Trd, 8639751.312, 126
Trd, 8639751.846, 94
Trd, 8639752.479, 120
Trd, 8639752.812, 100
Trd, 8639754.046, 95
Trd, 8639754.946, 88
Trd, 8639755.412, 80
Trd, 8639755.579, 113
Trd, 8639755.879, 76
Trd, 8639756.246, 108
Trd, 8639757.612, 119
Trd, 8639758.312, 114
Trd, 8639758.546, 111
Trd, 8639759.146, 87
Trd, 8639759.446, 80
Trd, 8639759.612, 136
Trd, 8639759.679, 79
Trd, 8639759.879, 134
Trd, 8639761.212, 75
Trd, 8639761.712, 130
Trd, 8639761.946, 112
Trd, 8639762.546, 130
Trd, 8639763.046, 110
Trd, 8639763.112, 93
Trd, 8639764.479, 105
Trd, 8639765.379, 112
Trd, 8639765.712, 107
Trd, 8639767.612, 139
Trd, 8639768.179, 125
Trd, 8639768.312, 119
Trd, 8639768.379, 110
Trd, 8639768.812, 104
Trd, 8639770.079, 127
Trd, 8639770.312, 128
Trd, 8639770.412, 137
Trd, 8639770.579, 127
Trd, 8639771.446, 119
Trd, 8639771.679, 113
Trd, 8639772.079, 109
Trd, 8639772.846, 110
Trd, 8639772.946, 128
Trd, 8639773.012, 105
Trd, 8639773.046, 95
Trd, 8639773.646, 102
Trd, 8639774.812, 80
Trd, 8639775.479, 128
Trd, 8639776.112, 126
Trd, 8639776.912, 113
Trd, 8639777.046, 106
Trd, 8639777.912, 82
Trd, 8639778.446, 98
Trd, 8639779.412, 126
Trd, 8639780.246, 123
Trd, 8639780.946, 111
Trd, 8639781.412, 103
Trd, 8639781.446, 102
Trd, 8639781.879, 124
Trd, 8639782.812, 128
Trd, 8639783.312, 109
Trd, 8639783.512, 137
Trd, 8639783.779, 124
Trd, 8639783.946, 134
Trd, 8639784.346, 106
Trd, 8639784.912, 137
Trd, 8639785.112, 135
Trd, 8639786.446, 136
Trd, 8639786.679, 121
Trd, 8639787.146, 108
Trd, 8639787.712, 98
Trd, 8639787.879, 111
Trd, 8639788.479, 116
Trd, 8639788.646, 108
Trd, 8639789.412, 128
Trd, 8639790.212, 88
Trd, 8639790.579, 86
Trd, 8639791.046, 83
Trd, 8639791.546, 79
Trd, 8639791.779, 117
Trd, 8639792.412, 133
Trd, 8639792.912, 115
Trd, 8639793.446, 136
Trd, 8639795.712, 135
Trd, 8639796.412, 118
Trd, 8639796.446, 112
Trd, 8639796.546, 139
Trd, 8639797.246, 107
Trd, 8639797.379, 104
Trd, 8639797.712, 125
Trd, 8639797.779, 115
Trd, 8639798.246, 96
Trd, 8639798.779, 120
Trd, 8639799.812, 117
Trd, 8639800.112, 104
Trd, 8639800.512, 91
Trd, 8639801.079, 89
Trd, 8639801.212, 97
Trd, 8639801.312, 98
Trd, 8639801.546, 136
Trd, 8639802.046, 136
Trd, 8639802.779, 114
Trd, 8639803.246, 109
Trd, 8639803.412, 104
Trd, 8639803.579, 96
Trd, 8639804.412, 89
Trd, 8639804.579, 121
Trd, 8639804.912, 97
Trd, 8639806.146, 135
Trd, 8639806.246, 129
Trd, 8639806.512, 128
Trd, 8639807.312, 109
Trd, 8639807.879, 105
Trd, 8639808.646, 138
Trd, 8639809.079, 138
Trd, 8639809.779, 139
Trd, 8639810.246, 134
Trd, 8639810.312, 126
Trd, 8639810.812, 125
Trd, 8639811.112, 121
Trd, 8639811.612, 127
Trd, 8639812.646, 140
Trd, 8639813.046, 118
Trd, 8639815.046, 120
Trd, 8639815.212, 117
Trd, 8639815.612, 108
Trd, 8639815.679, 105
Trd, 8639816.246, 87
Trd, 8639816.312, 86
Trd, 8639816.612, 86
Trd, 8639816.912, 93
Trd, 8639817.379, 87
Trd, 8639817.546, 97
Trd, 8639817.779, 118
Trd, 8639819.546, 105
Trd, 8639819.779, 114
Trd, 8639822.246, 135
Trd, 8639822.446, 118
Trd, 8639822.579, 115
Trd, 8639822.812, 101
Trd, 8639823.546, 108
Trd, 8639823.712, 96
Trd, 8639824.346, 94
Trd, 8639824.446, 100
Trd, 8639824.712, 134
Trd, 8639824.812, 113
Trd, 8639826.079, 90
Trd, 8639827.112, 108
Trd, 8639827.879, 110
Trd, 8639828.079, 96
Trd, 8639828.246, 101
Trd, 8639828.846, 117
Trd, 8639829.046, 103
Trd, 8639829.412, 87
Trd, 8639829.879, 77
Trd, 8639830.779, 106
Trd, 8639830.946, 101
Trd, 8639831.179, 120
Trd, 8639832.446, 138
Trd, 8639834.012, 120
Trd, 8639834.579, 95
Trd, 8639834.779, 80
Trd, 8639834.912, 88
Trd, 8639835.712, 111
Trd, 8639836.179, 121
Trd, 8639837.079, 103
Trd, 8639837.346, 99
Trd, 8639837.679, 94
Trd, 8639838.279, 120
Trd, 8639838.946, 125
Trd, 8639839.279, 106
Trd, 8639840.146, 103
Trd, 8639840.546, 130
Trd, 8639841.146, 97
Trd, 8639841.246, 107
Trd, 8639842.579, 114
Trd, 8639842.946, 103
Trd, 8639843.512, 112
Trd, 8639843.912, 97
Trd, 8639844.112, 82
Trd, 8639844.612, 114
Trd, 8639844.646, 95
Trd, 8639844.946, 96
Trd, 8639845.446, 124
Trd, 8639847.379, 134
Trd, 8639848.246, 132
Trd, 8639849.779, 135
Trd, 8639851.079, 108
Trd, 8639851.112, 106
Trd, 8639851.212, 121
Trd, 8639851.279, 96
Trd, 8639851.979, 109
Trd, 8639852.112, 130
Trd, 8639852.179, 104
Trd, 8639853.379, 100
Trd, 8639853.712, 92
Trd, 8639853.812, 88
Trd, 8639854.479, 104
Trd, 8639855.179, 91
Trd, 8639856.112, 100
Trd, 8639856.579, 85
Trd, 8639856.746, 98
Trd, 8639857.912, 94
Trd, 8639858.679, 108
Trd, 8639859.046, 99
Trd, 8639859.512, 110
Trd, 8639859.546, 119
Trd, 8639859.679, 103
Trd, 8639860.079, 118
Trd, 8639860.312, 91
Trd, 8639860.912, 105
Trd, 8639861.512, 113
Trd, 8639861.912, 95
Trd, 8639863.612, 106
Trd, 8639864.946, 112
Trd, 8639865.012, 104
Trd, 8639865.412, 93
Trd, 8639865.846, 94
Trd, 8639866.012, 79
Trd, 8639866.812, 74
Trd, 8639867.812, 74
Trd, 8639867.846, 98
Trd, 8639869.479, 113
Trd, 8639870.146, 85
Trd, 8639870.446, 73
Trd, 8639870.479, 100
Trd, 8639871.246, 101
Trd, 8639871.379, 95
Trd, 8639872.412, 91
Trd, 8639872.446, 95
Trd, 8639873.746, 97
Trd, 8639874.579, 137
Trd, 8639875.479, 120
Trd, 8639875.712, 101
Trd, 8639876.279, 95
Trd, 8639876.479, 107
Trd, 8639876.712, 123
Trd, 8639877.246, 94
Trd, 8639877.379, 80
Trd, 8639877.979, 69
Trd, 8639878.079, 73
Trd, 8639878.612, 85
Trd, 8639878.746, 116
Trd, 8639880.046, 120
Trd, 8639880.312, 83
Trd, 8639880.512, 101
Trd, 8639881.279, 93
Trd, 8639881.512, 97
Trd, 8639882.179, 108
Trd, 8639883.146, 121
Trd, 8639883.712, 97
Trd, 8639885.046, 106
Trd, 8639885.279, 97
Trd, 8639885.446, 96
Trd, 8639886.912, 137
Trd, 8639887.846, 135
Trd, 8639887.946, 125
Trd, 8639888.046, 113
Trd, 8639889.046, 103
Trd, 8639889.746, 108
Trd, 8639890.479, 119
Trd, 8639890.979, 111
Trd, 8639891.879, 140
Trd, 8639892.112, 140
Trd, 8639893.412, 127
Trd, 8639893.979, 114
Trd, 8639894.379, 101
Trd, 8639896.512, 133
Trd, 8639896.612, 135
Trd, 8639896.879, 126
Trd, 8639897.079, 126
Trd, 8639897.912, 132
Trd, 8639899.279, 131
Trd, 8639899.546, 122
Trd, 8639900.912, 137
Trd, 8639902.246, 137
Trd, 8639902.346, 121
Trd, 8639902.512, 111
Trd, 8639902.746, 128
Trd, 8639903.446, 123
Trd, 8639904.146, 119
Trd, 8639904.212, 127
Trd, 8639904.479, 104
Trd, 8639905.279, 123
Trd, 8639906.312, 134
Trd, 8639906.412, 124
Trd, 8639906.512, 115
Trd, 8639908.212, 115
Trd, 8639908.246, 113
Trd, 8639908.912, 110
Trd, 8639909.446, 112
Trd, 8639909.546, 106
Trd, 8639909.946, 129
Trd, 8639910.312, 127
Trd, 8639911.512, 104
Trd, 8639911.579, 97
Trd, 8639912.512, 128
Trd, 8639912.912, 104
Trd, 8639913.612, 125
Trd, 8639914.012, 119
Trd, 8639914.079, 115
Trd, 8639914.112, 92
Trd, 8639914.379, 133
Trd, 8639914.546, 89
Trd, 8639915.012, 135
Trd, 8639915.079, 132
Trd, 8639915.846, 117
Trd, 8639916.212, 111
Trd, 8639916.479, 103
Trd, 8639917.646, 128
Trd, 8639917.979, 101
Trd, 8639918.646, 90
Trd, 8639918.879, 103
Trd, 8639919.046, 100
Trd, 8639920.712, 129
Trd, 8639921.179, 131
Trd, 8639921.612, 129
Trd, 8639922.312, 128
Trd, 8639924.112, 110
Trd, 8639924.146, 106
Trd, 8639924.746, 116
Trd, 8639925.046, 120
Trd, 8639925.612, 115
Trd, 8639925.712, 107
Trd, 8639926.646, 113
Trd, 8639927.246, 99
Trd, 8639927.412, 89
Trd, 8639927.946, 80
Trd, 8639928.146, 120
Trd, 8639928.446, 111
Trd, 8639928.912, 97
Trd, 8639929.712, 136
Trd, 8639930.012, 121
Trd, 8639930.679, 84
Trd, 8639930.746, 127
Trd, 8639930.879, 69
Trd, 8639931.979, 102
Trd, 8639932.046, 89
Trd, 8639932.112, 109
Trd, 8639932.846, 90
Trd, 8639934.079, 108
Trd, 8639934.912, 117
Trd, 8639935.046, 88
Trd, 8639935.112, 87
Trd, 8639935.946, 96
Trd, 8639937.412, 112
Trd, 8639938.012, 116
Trd, 8639938.246, 106
Trd, 8639938.712, 135
Trd, 8639938.946, 121
Trd, 8639940.212, 99
Trd, 8639941.312, 96
Trd, 8639942.312, 115
Trd, 8639943.279, 134
Trd, 8639943.412, 119
Trd, 8639943.546, 109
Trd, 8639944.312, 137
Trd, 8639944.679, 134
Trd, 8639944.712, 132
Trd, 8639944.846, 129
Trd, 8639945.279, 125
Trd, 8639946.679, 114
Trd, 8639947.079, 132
Trd, 8639947.879, 132
Trd, 8639948.012, 101
Trd, 8639948.046, 98
Trd, 8639949.079, 104
Trd, 8639949.146, 127
Trd, 8639949.779, 97
Trd, 8639950.346, 135
Trd, 8639950.712, 140
Trd, 8639951.079, 122
Trd, 8639951.912, 128
Trd, 8639952.179, 124
Trd, 8639952.779, 123
Trd, 8639953.579, 122
Trd, 8639954.279, 100
Trd, 8639954.912, 98
Trd, 8639956.146, 77
Trd, 8639956.412, 82
Trd, 8639957.146, 82
Trd, 8639958.112, 123
Trd, 8639958.179, 112
Trd, 8639958.646, 132
Trd, 8639958.979, 112
Trd, 8639959.446, 135
Trd, 8639959.612, 96
Trd, 8639961.079, 115
Trd, 8639961.912, 128
Trd, 8639962.346, 114
Trd, 8639962.412, 103
Trd, 8639963.012, 94
Trd, 8639963.779, 134
Trd, 8639964.146, 133
Trd, 8639964.412, 124
Trd, 8639964.746, 107
Trd, 8639964.846, 103
Trd, 8639965.046, 107
Trd, 8639966.046, 139
Trd, 8639966.412, 139
Trd, 8639966.479, 131
Trd, 8639968.312, 102
Trd, 8639968.379, 94
Trd, 8639969.079, 113
Trd, 8639969.246, 96
Trd, 8639969.646, 84
Trd, 8639969.979, 89
Trd, 8639970.712, 102
Trd, 8639971.112, 88
Trd, 8639971.246, 118
Trd, 8639971.512, 127
Trd, 8639971.846, 87
Trd, 8639973.346, 107
Trd, 8639973.612, 87
Trd, 8639975.646, 133
Trd, 8639977.079, 114
Trd, 8639977.146, 104
Trd, 8639977.346, 97
Trd, 8639977.446, 91
Trd, 8639978.612, 135
Trd, 8639978.779, 115
Trd, 8639978.879, 124
Trd, 8639980.512, 133
Trd, 8639980.646, 132
Trd, 8639981.246, 126
Trd, 8639981.446, 128
Trd, 8639981.646, 123
Trd, 8639981.846, 122
Trd, 8639983.079, 130
Trd, 8639983.279, 115
Trd, 8639983.846, 138
Trd, 8639984.446, 90
Trd, 8639985.079, 120
Trd, 8639985.479, 101
Trd, 8639986.079, 118
Trd, 8639986.312, 100
Trd, 8639986.446, 100
Trd, 8639987.246, 117
Trd, 8639988.579, 93
Trd, 8639988.812, 91
Trd, 8639989.112, 124
Trd, 8639990.046, 113
Trd, 8639990.579, 107
Trd, 8639991.046, 113
Trd, 8639991.546, 119
Trd, 8639992.012, 125
Trd, 8639992.279, 115
Trd, 8639993.412, 129
Trd, 8639994.579, 98
Trd, 8639995.046, 129
Trd, 8639995.979, 128
Trd, 8639996.412, 120
Trd, 8639997.179, 128
Trd, 8639997.279, 114
Trd, 8639997.512, 119
Trd, 8639998.879, 132
Trd, 8639999.079, 128
Trd, 8639999.379, 117
Trd, 8639999.612, 112
Trd, 8639999.746, 120
