Trd, 8638751.679, 108
Trd, 8638751.779, 107
Trd, 8638751.879, 135
Trd, 8638752.446, 110
Trd, 8638752.979, 112
Trd, 8638753.179, 132
Trd, 8638753.812, 133
Trd, 8638754.079, 117
Trd, 8638754.146, 116
Trd, 8638755.679, 123
Trd, 8638755.846, 122
Trd, 8638756.212, 124
Trd, 8638756.279, 122
Trd, 8638756.712, 124
Trd, 8638757.446, 126
Trd, 8638757.579, 126
Trd, 8638757.812, 127
Trd, 8638759.179, 140
Trd, 8638759.679, 140
Trd, 8638759.779, 140
Trd, 8638761.146, 140
Trd, 8638762.179, 140
Trd, 8638762.479, 140
Trd, 8638762.612, 140
Trd, 8638764.012, 140
Trd, 8638764.712, 140
Trd, 8638765.079, 140
Trd, 8638765.412, 140
Trd, 8638765.679, 140
Trd, 8638765.846, 140
Trd, 8638765.979, 140
Trd, 8638766.812, 140
Trd, 8638767.412, 140
Trd, 8638767.779, 140
Trd, 8638768.412, 140
Trd, 8638768.446, 140
Trd, 8638768.512, 140
Trd, 8638769.446, 140
Trd, 8638769.646, 140
Trd, 8638770.712, 140
Trd, 8638771.279, 140
Trd, 8638772.279, 140
Trd, 8638772.479, 140
Trd, 8638772.879, 140
Trd, 8638772.979, 140
Trd, 8638773.246, 140
Trd, 8638773.912, 140
Trd, 8638774.379, 140
Trd, 8638774.946, 140
Trd, 8638775.079, 140
Trd, 8638775.612, 140
Trd, 8638775.746, 140
Trd, 8638775.979, 140
Trd, 8638776.379, 139
Trd, 8638776.512, 137
Trd, 8638776.879, 124
Trd, 8638777.546, 123
Trd, 8638778.612, 140
Trd, 8638779.579, 140
Trd, 8638779.746, 140
Trd, 8638780.079, 140
Trd, 8638781.012, 136
Trd, 8638781.346, 108
Trd, 8638781.446, 137
Trd, 8638781.479, 107
Trd, 8638781.679, 105
Trd, 8638783.379, 109
Trd, 8638784.079, 123
Trd, 8638784.779, 114
Trd, 8638784.879, 113
Trd, 8638785.079, 111
Trd, 8638786.846, 116
Trd, 8638787.212, 118
Trd, 8638787.612, 119
Trd, 8638787.646, 118
Trd, 8638788.079, 119
Trd, 8638788.479, 120
Trd, 8638788.979, 119
Trd, 8638789.046, 118
Trd, 8638789.479, 138
Trd, 8638789.946, 75
Trd, 8638790.612, 115
Trd, 8638790.846, 67
Trd, 8638792.279, 140
Trd, 8638792.546, 140
Trd, 8638792.879, 140
Trd, 8638792.979, 140
Trd, 8638793.479, 140
Trd, 8638793.912, 140
Trd, 8638794.579, 140
Trd, 8638796.346, 140
Trd, 8638797.179, 140
Trd, 8638798.279, 140
Trd, 8638798.879, 140
Trd, 8638798.946, 140
Trd, 8638800.146, 140
Trd, 8638800.346, 140
Trd, 8638800.479, 140
Trd, 8638800.912, 140
Trd, 8638801.946, 140
Trd, 8638801.979, 140
Trd, 8638803.312, 140
Trd, 8638803.979, 140
Trd, 8638804.479, 140
Trd, 8638805.379, 140
Trd, 8638805.412, 140
Trd, 8638805.446, 140
Trd, 8638806.179, 140
Trd, 8638807.846, 140
Trd, 8638808.912, 140
Trd, 8638808.979, 140
Trd, 8638809.012, 140
Trd, 8638809.112, 140
Trd, 8638809.446, 140
Trd, 8638809.679, 140
Trd, 8638809.812, 139
Trd, 8638811.346, 140
Trd, 8638811.879, 140
Trd, 8638812.079, 140
Trd, 8638813.712, 140
Trd, 8638814.179, 140
Trd, 8638814.479, 140
Trd, 8638814.746, 140
Trd, 8638814.946, 140
Trd, 8638815.812, 100
Trd, 8638816.112, 111
Trd, 8638816.379, 122
Trd, 8638816.779, 102
Trd, 8638817.612, 108
Trd, 8638818.046, 108
Trd, 8638818.179, 108
Trd, 8638818.312, 108
Trd, 8638818.779, 108
Trd, 8638818.912, 114
Trd, 8638819.646, 109
Trd, 8638820.112, 109
Trd, 8638821.212, 140
Trd, 8638821.412, 132
Trd, 8638822.046, 134
Trd, 8638822.079, 133
Trd, 8638823.312, 140
Trd, 8638824.046, 140
Trd, 8638825.179, 140
Trd, 8638826.279, 140
Trd, 8638826.446, 140
Trd, 8638826.679, 140
Trd, 8638826.779, 140
Trd, 8638827.079, 140
Trd, 8638827.346, 140
Trd, 8638827.912, 140
Trd, 8638828.346, 140
Trd, 8638828.379, 139
Trd, 8638828.579, 104
Trd, 8638829.112, 114
Trd, 8638829.346, 92
Trd, 8638829.512, 91
Trd, 8638830.412, 110
Trd, 8638830.846, 67
Trd, 8638831.446, 63
Trd, 8638832.946, 73
Trd, 8638833.146, 74
Trd, 8638833.812, 83
Trd, 8638834.146, 82
Trd, 8638834.212, 81
Trd, 8638834.512, 83
Trd, 8638834.779, 84
Trd, 8638835.179, 85
Trd, 8638835.212, 88
Trd, 8638835.412, 84
Trd, 8638835.479, 112
Trd, 8638836.046, 106
Trd, 8638836.546, 110
Trd, 8638836.746, 110
Trd, 8638836.846, 109
Trd, 8638838.612, 115
Trd, 8638838.879, 135
Trd, 8638839.279, 137
Trd, 8638840.212, 139
Trd, 8638840.512, 140
Trd, 8638840.812, 140
Trd, 8638840.879, 140
Trd, 8638841.112, 139
Trd, 8638841.246, 90
Trd, 8638842.612, 136
Trd, 8638843.346, 96
Trd, 8638843.779, 135
Trd, 8638844.679, 136
Trd, 8638844.712, 135
Trd, 8638844.846, 135
Trd, 8638845.546, 140
Trd, 8638845.846, 140
Trd, 8638846.179, 140
Trd, 8638846.579, 140
Trd, 8638846.812, 140
Trd, 8638847.012, 140
Trd, 8638848.012, 140
Trd, 8638848.912, 140
Trd, 8638848.979, 140
Trd, 8638849.046, 140
Trd, 8638849.946, 140
Trd, 8638850.746, 140
Trd, 8638851.012, 140
Trd, 8638851.246, 140
Trd, 8638852.246, 140
Trd, 8638852.579, 140
Trd, 8638853.212, 140
Trd, 8638853.946, 140
Trd, 8638854.212, 140
Trd, 8638854.479, 140
Trd, 8638854.679, 140
Trd, 8638856.412, 140
Trd, 8638857.579, 140
Trd, 8638857.846, 140
Trd, 8638858.279, 140
Trd, 8638858.579, 140
Trd, 8638858.612, 140
Trd, 8638858.712, 140
Trd, 8638859.212, 140
Trd, 8638859.312, 140
Trd, 8638859.346, 140
Trd, 8638859.512, 138
Trd, 8638859.912, 109
Trd, 8638860.246, 111
Trd, 8638860.812, 139
Trd, 8638861.212, 139
Trd, 8638861.912, 113
Trd, 8638862.612, 119
Trd, 8638863.479, 138
Trd, 8638864.146, 124
Trd, 8638864.579, 127
Trd, 8638864.879, 128
Trd, 8638865.212, 131
Trd, 8638865.646, 134
Trd, 8638866.179, 137
Trd, 8638866.546, 138
Trd, 8638866.712, 137
Trd, 8638866.846, 136
Trd, 8638867.379, 132
Trd, 8638867.779, 130
Trd, 8638867.812, 135
Trd, 8638868.712, 136
Trd, 8638869.012, 136
Trd, 8638869.046, 135
Trd, 8638869.146, 121
Trd, 8638870.879, 60
Trd, 8638871.646, 64
Trd, 8638871.979, 83
Trd, 8638872.412, 61
Trd, 8638872.479, 62
Trd, 8638872.712, 63
Trd, 8638873.312, 96
Trd, 8638874.379, 66
Trd, 8638874.712, 66
Trd, 8638875.012, 98
Trd, 8638875.179, 93
Trd, 8638875.212, 100
Trd, 8638875.879, 93
Trd, 8638876.479, 98
Trd, 8638876.579, 97
Trd, 8638876.946, 99
Trd, 8638877.279, 98
Trd, 8638877.612, 140
Trd, 8638877.712, 140
Trd, 8638878.246, 140
Trd, 8638879.546, 140
Trd, 8638879.746, 140
Trd, 8638879.779, 140
Trd, 8638880.046, 140
Trd, 8638880.479, 140
Trd, 8638881.079, 140
Trd, 8638881.379, 140
Trd, 8638881.812, 129
Trd, 8638882.779, 138
Trd, 8638882.879, 101
Trd, 8638883.746, 79
Trd, 8638884.346, 140
Trd, 8638884.379, 139
Trd, 8638885.079, 120
Trd, 8638885.112, 119
Trd, 8638885.346, 119
Trd, 8638886.279, 136
Trd, 8638886.479, 92
Trd, 8638887.012, 87
Trd, 8638887.446, 60
Trd, 8638888.112, 64
Trd, 8638888.279, 65
Trd, 8638888.379, 78
Trd, 8638888.546, 82
Trd, 8638888.846, 67
Trd, 8638889.079, 64
Trd, 8638890.579, 75
Trd, 8638891.579, 140
Trd, 8638892.412, 140
Trd, 8638892.512, 140
Trd, 8638893.346, 140
Trd, 8638893.446, 140
Trd, 8638893.612, 140
Trd, 8638893.679, 140
Trd, 8638893.812, 140
Trd, 8638894.479, 140
Trd, 8638894.879, 140
Trd, 8638894.946, 140
Trd, 8638895.012, 113
Trd, 8638895.746, 99
Trd, 8638895.779, 98
Trd, 8638895.946, 88
Trd, 8638896.812, 82
Trd, 8638899.012, 60
Trd, 8638899.112, 60
Trd, 8638899.312, 60
Trd, 8638901.146, 64
Trd, 8638901.512, 62
Trd, 8638901.646, 66
Trd, 8638902.679, 68
Trd, 8638903.612, 76
Trd, 8638904.046, 113
Trd, 8638904.579, 84
Trd, 8638904.646, 84
Trd, 8638904.946, 84
Trd, 8638905.746, 89
Trd, 8638906.212, 88
Trd, 8638906.312, 87
Trd, 8638906.812, 83
Trd, 8638907.212, 99
Trd, 8638907.279, 102
Trd, 8638907.579, 91
Trd, 8638909.012, 101
Trd, 8638909.212, 101
Trd, 8638909.279, 100
Trd, 8638909.446, 105
Trd, 8638909.712, 99
Trd, 8638909.746, 136
Trd, 8638910.479, 103
Trd, 8638910.946, 104
Trd, 8638911.246, 102
Trd, 8638911.612, 103
Trd, 8638911.812, 100
Trd, 8638913.579, 60
Trd, 8638913.612, 60
Trd, 8638913.979, 60
Trd, 8638914.112, 63
Trd, 8638914.712, 77
Trd, 8638916.446, 100
Trd, 8638917.179, 107
Trd, 8638917.246, 106
Trd, 8638917.412, 105
Trd, 8638918.412, 120
Trd, 8638919.146, 115
Trd, 8638919.246, 114
Trd, 8638919.446, 113
Trd, 8638919.479, 112
Trd, 8638919.646, 117
Trd, 8638920.346, 118
Trd, 8638921.446, 140
Trd, 8638921.479, 118
Trd, 8638921.912, 116
Trd, 8638922.379, 119
Trd, 8638922.546, 139
Trd, 8638922.912, 121
Trd, 8638923.412, 122
Trd, 8638924.079, 121
Trd, 8638924.846, 133
Trd, 8638925.546, 140
Trd, 8638926.379, 140
Trd, 8638927.446, 140
Trd, 8638927.546, 140
Trd, 8638928.446, 140
Trd, 8638929.146, 140
Trd, 8638930.012, 140
Trd, 8638930.846, 140
Trd, 8638930.912, 140
Trd, 8638931.112, 140
Trd, 8638931.146, 140
Trd, 8638931.279, 140
Trd, 8638931.879, 140
Trd, 8638932.512, 140
Trd, 8638932.579, 140
Trd, 8638932.679, 140
Trd, 8638933.546, 140
Trd, 8638934.312, 140
Trd, 8638934.579, 140
Trd, 8638934.946, 140
Trd, 8638935.946, 140
Trd, 8638936.612, 140
Trd, 8638937.912, 140
Trd, 8638938.779, 140
Trd, 8638939.446, 140
Trd, 8638939.746, 140
Trd, 8638939.779, 140
Trd, 8638940.579, 140
Trd, 8638940.912, 140
Trd, 8638942.079, 140
Trd, 8638942.246, 140
Trd, 8638942.346, 140
Trd, 8638942.746, 140
Trd, 8638943.279, 140
Trd, 8638943.812, 140
Trd, 8638944.379, 140
Trd, 8638944.512, 140
Trd, 8638944.546, 140
Trd, 8638944.579, 140
Trd, 8638945.112, 140
Trd, 8638945.712, 140
Trd, 8638945.879, 140
Trd, 8638945.979, 140
Trd, 8638946.479, 137
Trd, 8638947.112, 127
Trd, 8638948.012, 127
Trd, 8638948.079, 130
Trd, 8638948.146, 127
Trd, 8638949.212, 130
Trd, 8638949.479, 130
Trd, 8638949.579, 138
Trd, 8638949.646, 127
Trd, 8638949.879, 139
Trd, 8638950.179, 77
Trd, 8638951.046, 111
Trd, 8638951.112, 76
Trd, 8638951.512, 116
Trd, 8638953.046, 64
Trd, 8638953.246, 65
Trd, 8638953.346, 102
Trd, 8638954.846, 73
Trd, 8638955.479, 79
Trd, 8638955.579, 80
Trd, 8638955.979, 82
Trd, 8638956.246, 84
Trd, 8638956.812, 86
Trd, 8638957.012, 85
Trd, 8638957.246, 140
Trd, 8638957.412, 139
Trd, 8638957.746, 140
Trd, 8638958.679, 114
Trd, 8638959.246, 118
Trd, 8638960.112, 132
Trd, 8638960.746, 137
Trd, 8638961.746, 140
Trd, 8638961.979, 140
Trd, 8638963.246, 140
Trd, 8638963.679, 140
Trd, 8638965.046, 140
Trd, 8638965.412, 140
Trd, 8638966.812, 140
Trd, 8638967.146, 140
Trd, 8638967.779, 140
Trd, 8638968.046, 140
Trd, 8638968.112, 140
Trd, 8638968.146, 140
Trd, 8638968.179, 140
Trd, 8638968.212, 136
Trd, 8638969.146, 92
Trd, 8638969.979, 112
Trd, 8638970.512, 113
Trd, 8638971.012, 113
Trd, 8638971.146, 113
Trd, 8638971.979, 114
Trd, 8638972.312, 113
Trd, 8638972.479, 122
Trd, 8638973.246, 139
Trd, 8638974.046, 140
Trd, 8638974.146, 139
Trd, 8638974.846, 139
Trd, 8638974.879, 138
Trd, 8638975.312, 61
Trd, 8638976.212, 60
Trd, 8638976.279, 61
Trd, 8638976.379, 63
Trd, 8638978.746, 60
Trd, 8638979.012, 60
Trd, 8638980.179, 60
Trd, 8638980.812, 60
Trd, 8638980.846, 60
Trd, 8638981.212, 61
Trd, 8638981.479, 60
Trd, 8638981.579, 61
Trd, 8638981.712, 60
Trd, 8638981.779, 62
Trd, 8638982.346, 68
Trd, 8638982.679, 140
Trd, 8638983.379, 140
Trd, 8638983.712, 140
Trd, 8638983.879, 140
Trd, 8638984.979, 140
Trd, 8638985.779, 140
Trd, 8638987.812, 140
Trd, 8638988.679, 140
Trd, 8638988.746, 140
Trd, 8638989.079, 140
Trd, 8638989.346, 140
Trd, 8638989.579, 140
Trd, 8638989.746, 140
Trd, 8638989.979, 140
Trd, 8638990.846, 140
Trd, 8638991.046, 140
Trd, 8638991.279, 140
Trd, 8638991.879, 140
Trd, 8638992.479, 140
Trd, 8638992.979, 140
Trd, 8638993.179, 140
Trd, 8638993.446, 140
Trd, 8638994.279, 140
Trd, 8638996.079, 101
Trd, 8638996.112, 87
Trd, 8638996.312, 139
Trd, 8638996.346, 88
Trd, 8638997.179, 140
Trd, 8638997.346, 140
Trd, 8638997.746, 140
Trd, 8638997.946, 140
Trd, 8638999.679, 140
Trd, 8639000.012, 140
Trd, 8639000.112, 140
Trd, 8639000.279, 140
Trd, 8639000.812, 140
Trd, 8639001.346, 140
Trd, 8639002.446, 140
Trd, 8639002.846, 140
Trd, 8639002.946, 140
Trd, 8639003.146, 140
Trd, 8639003.412, 140
Trd, 8639003.679, 140
Trd, 8639004.746, 140
Trd, 8639005.012, 140
Trd, 8639005.279, 140
Trd, 8639006.079, 140
Trd, 8639006.412, 140
Trd, 8639006.579, 140
Trd, 8639006.879, 140
Trd, 8639007.712, 140
Trd, 8639008.079, 140
Trd, 8639008.779, 140
Trd, 8639009.679, 140
Trd, 8639010.246, 140
Trd, 8639010.612, 140
Trd, 8639011.079, 140
Trd, 8639011.112, 140
Trd, 8639011.146, 140
Trd, 8639011.479, 140
Trd, 8639011.512, 140
Trd, 8639011.946, 140
Trd, 8639012.912, 140
Trd, 8639012.946, 140
Trd, 8639015.546, 140
Trd, 8639015.646, 140
Trd, 8639016.112, 140
Trd, 8639016.279, 140
Trd, 8639016.679, 140
Trd, 8639016.812, 140
Trd, 8639016.912, 140
Trd, 8639017.012, 140
Trd, 8639017.346, 138
Trd, 8639017.746, 137
Trd, 8639017.846, 138
Trd, 8639018.179, 137
Trd, 8639018.779, 121
Trd, 8639018.879, 121
Trd, 8639019.212, 121
Trd, 8639019.379, 119
Trd, 8639019.912, 130
Trd, 8639020.379, 108
Trd, 8639022.312, 140
Trd, 8639022.679, 140
Trd, 8639023.012, 140
Trd, 8639023.546, 140
Trd, 8639025.079, 140
Trd, 8639026.512, 140
Trd, 8639026.746, 140
Trd, 8639027.146, 140
Trd, 8639027.379, 140
Trd, 8639027.412, 140
Trd, 8639027.446, 140
Trd, 8639027.879, 140
Trd, 8639028.346, 140
Trd, 8639028.679, 140
Trd, 8639029.946, 140
Trd, 8639030.812, 140
Trd, 8639031.312, 140
Trd, 8639031.446, 140
Trd, 8639031.979, 140
Trd, 8639032.779, 140
Trd, 8639033.212, 140
Trd, 8639033.512, 140
Trd, 8639033.812, 140
Trd, 8639034.012, 140
Trd, 8639034.046, 140
Trd, 8639034.212, 140
Trd, 8639034.412, 140
Trd, 8639035.712, 140
Trd, 8639036.212, 140
Trd, 8639036.246, 140
Trd, 8639036.279, 140
Trd, 8639036.412, 140
Trd, 8639037.812, 140
Trd, 8639038.212, 140
Trd, 8639038.279, 140
Trd, 8639038.546, 138
Trd, 8639038.846, 122
Trd, 8639039.179, 122
Trd, 8639039.512, 121
Trd, 8639041.646, 106
Trd, 8639042.012, 107
Trd, 8639042.146, 106
Trd, 8639042.412, 110
Trd, 8639042.712, 107
Trd, 8639043.946, 103
Trd, 8639044.546, 105
Trd, 8639044.746, 122
Trd, 8639045.146, 126
Trd, 8639045.446, 114
Trd, 8639046.146, 114
Trd, 8639046.879, 119
Trd, 8639046.979, 117
Trd, 8639047.546, 118
Trd, 8639047.646, 117
Trd, 8639048.012, 126
Trd, 8639049.079, 122
Trd, 8639049.446, 130
Trd, 8639049.646, 130
Trd, 8639049.712, 129
Trd, 8639049.746, 127
Trd, 8639050.412, 122
Trd, 8639050.712, 121
Trd, 8639051.212, 131
Trd, 8639051.446, 81
Trd, 8639051.779, 80
Trd, 8639052.512, 61
Trd, 8639054.146, 60
Trd, 8639054.546, 66
Trd, 8639055.879, 75
Trd, 8639055.946, 86
Trd, 8639056.012, 74
Trd, 8639056.079, 87
Trd, 8639056.646, 84
Trd, 8639056.912, 85
Trd, 8639057.346, 86
Trd, 8639057.812, 90
Trd, 8639058.046, 138
Trd, 8639058.446, 89
Trd, 8639058.512, 88
Trd, 8639060.146, 109
Trd, 8639060.946, 110
Trd, 8639061.012, 108
Trd, 8639061.879, 110
Trd, 8639061.979, 109
Trd, 8639062.079, 106
Trd, 8639062.312, 107
Trd, 8639063.012, 108
Trd, 8639063.112, 102
Trd, 8639063.246, 100
Trd, 8639063.846, 93
Trd, 8639064.112, 82
Trd, 8639064.612, 89
Trd, 8639064.712, 81
Trd, 8639065.446, 88
Trd, 8639065.746, 82
Trd, 8639065.846, 89
Trd, 8639066.646, 87
Trd, 8639067.112, 99
Trd, 8639067.179, 86
Trd, 8639068.712, 96
Trd, 8639070.246, 140
Trd, 8639070.712, 140
Trd, 8639070.979, 140
Trd, 8639071.046, 140
Trd, 8639071.679, 140
Trd, 8639071.712, 140
Trd, 8639071.879, 140
Trd, 8639072.279, 140
Trd, 8639072.379, 140
Trd, 8639072.712, 140
Trd, 8639072.846, 140
Trd, 8639074.012, 108
Trd, 8639074.479, 140
Trd, 8639074.879, 140
Trd, 8639075.679, 140
Trd, 8639076.046, 140
Trd, 8639076.546, 140
Trd, 8639077.279, 140
Trd, 8639077.846, 140
Trd, 8639078.146, 140
Trd, 8639078.412, 140
Trd, 8639079.046, 140
Trd, 8639080.279, 140
Trd, 8639082.612, 140
Trd, 8639082.646, 140
Trd, 8639082.846, 140
Trd, 8639082.879, 140
Trd, 8639082.912, 140
Trd, 8639083.046, 140
Trd, 8639083.479, 129
Trd, 8639083.979, 140
Trd, 8639084.312, 140
Trd, 8639084.746, 139
Trd, 8639086.046, 140
Trd, 8639086.079, 140
Trd, 8639086.246, 140
Trd, 8639086.312, 140
Trd, 8639086.379, 138
Trd, 8639086.779, 103
Trd, 8639087.912, 100
Trd, 8639088.512, 122
Trd, 8639089.112, 123
Trd, 8639089.512, 124
Trd, 8639089.912, 124
Trd, 8639090.012, 124
Trd, 8639090.812, 140
Trd, 8639091.279, 140
Trd, 8639091.712, 140
Trd, 8639092.612, 140
Trd, 8639093.379, 140
Trd, 8639093.979, 140
Trd, 8639094.779, 140
Trd, 8639094.912, 140
Trd, 8639095.012, 140
Trd, 8639095.912, 140
Trd, 8639096.012, 140
Trd, 8639096.412, 140
Trd, 8639096.546, 140
Trd, 8639096.679, 123
Trd, 8639097.079, 102
Trd, 8639097.579, 107
Trd, 8639097.979, 140
Trd, 8639099.046, 114
Trd, 8639099.346, 115
Trd, 8639099.379, 114
Trd, 8639099.679, 114
Trd, 8639100.112, 116
Trd, 8639100.346, 115
Trd, 8639100.579, 115
Trd, 8639100.846, 138
Trd, 8639100.879, 115
Trd, 8639102.612, 121
Trd, 8639102.646, 137
Trd, 8639103.312, 123
Trd, 8639104.212, 131
Trd, 8639104.679, 130
Trd, 8639105.146, 140
Trd, 8639105.379, 140
Trd, 8639106.812, 140
Trd, 8639106.846, 140
Trd, 8639106.946, 140
Trd, 8639107.179, 139
Trd, 8639107.946, 140
Trd, 8639108.246, 140
Trd, 8639109.312, 140
Trd, 8639110.346, 140
Trd, 8639110.579, 140
Trd, 8639112.012, 140
Trd, 8639112.846, 140
Trd, 8639112.912, 140
Trd, 8639113.779, 140
Trd, 8639114.312, 140
Trd, 8639114.579, 140
Trd, 8639114.746, 140
Trd, 8639115.579, 140
Trd, 8639115.679, 140
Trd, 8639116.112, 140
Trd, 8639116.479, 140
Trd, 8639116.712, 140
Trd, 8639116.979, 140
Trd, 8639117.712, 140
Trd, 8639118.346, 140
Trd, 8639119.146, 140
Trd, 8639119.246, 140
Trd, 8639119.546, 140
Trd, 8639120.046, 140
Trd, 8639120.279, 140
Trd, 8639120.379, 139
Trd, 8639120.612, 115
Trd, 8639121.312, 110
Trd, 8639121.712, 117
Trd, 8639123.246, 112
Trd, 8639123.512, 113
Trd, 8639123.746, 113
Trd, 8639124.012, 112
Trd, 8639124.812, 114
Trd, 8639124.879, 113
Trd, 8639125.379, 116
Trd, 8639125.912, 116
Trd, 8639126.112, 115
Trd, 8639126.879, 93
Trd, 8639127.112, 112
Trd, 8639128.512, 99
Trd, 8639128.746, 101
Trd, 8639129.179, 104
Trd, 8639129.346, 105
Trd, 8639129.712, 104
Trd, 8639130.046, 104
Trd, 8639130.312, 106
Trd, 8639131.679, 109
Trd, 8639133.046, 140
Trd, 8639133.112, 140
Trd, 8639133.346, 140
Trd, 8639133.546, 140
Trd, 8639134.879, 140
Trd, 8639135.712, 140
Trd, 8639135.912, 140
Trd, 8639136.579, 140
Trd, 8639136.879, 140
Trd, 8639137.779, 140
Trd, 8639137.979, 140
Trd, 8639138.012, 140
Trd, 8639138.146, 140
Trd, 8639138.379, 140
Trd, 8639138.746, 140
Trd, 8639139.579, 140
Trd, 8639140.246, 140
Trd, 8639140.512, 140
Trd, 8639141.146, 140
Trd, 8639141.812, 140
Trd, 8639142.079, 140
Trd, 8639142.679, 140
Trd, 8639143.212, 140
Trd, 8639143.346, 140
Trd, 8639143.512, 139
Trd, 8639143.746, 139
Trd, 8639143.846, 126
Trd, 8639144.879, 98
Trd, 8639146.446, 106
Trd, 8639147.012, 103
Trd, 8639147.412, 107
Trd, 8639147.746, 108
Trd, 8639148.012, 109
Trd, 8639148.246, 111
Trd, 8639148.312, 109
Trd, 8639148.479, 110
Trd, 8639149.079, 112
Trd, 8639149.346, 115
Trd, 8639149.546, 113
Trd, 8639149.679, 111
Trd, 8639151.246, 140
Trd, 8639151.946, 140
Trd, 8639152.979, 140
Trd, 8639153.546, 140
Trd, 8639153.612, 140
Trd, 8639153.979, 140
Trd, 8639154.112, 140
Trd, 8639154.379, 140
Trd, 8639154.779, 139
Trd, 8639155.012, 139
Trd, 8639155.312, 138
Trd, 8639156.146, 98
Trd, 8639156.579, 130
Trd, 8639156.712, 101
Trd, 8639156.746, 99
Trd, 8639156.812, 136
Trd, 8639157.412, 104
Trd, 8639158.146, 136
Trd, 8639158.612, 111
Trd, 8639159.279, 115
Trd, 8639159.479, 135
Trd, 8639159.679, 114
Trd, 8639160.112, 139
Trd, 8639160.479, 136
Trd, 8639161.279, 122
Trd, 8639161.446, 123
Trd, 8639162.779, 127
Trd, 8639163.279, 129
Trd, 8639163.646, 131
Trd, 8639163.679, 130
Trd, 8639163.879, 129
Trd, 8639164.146, 128
Trd, 8639164.279, 127
Trd, 8639164.912, 128
Trd, 8639165.012, 128
Trd, 8639166.046, 78
Trd, 8639166.646, 64
Trd, 8639167.579, 119
Trd, 8639168.179, 95
Trd, 8639168.812, 110
Trd, 8639169.479, 99
Trd, 8639169.846, 118
Trd, 8639170.146, 102
Trd, 8639170.379, 103
Trd, 8639170.879, 106
Trd, 8639172.979, 140
Trd, 8639173.712, 140
Trd, 8639173.746, 140
Trd, 8639173.879, 140
Trd, 8639173.912, 140
Trd, 8639174.146, 140
Trd, 8639175.846, 140
Trd, 8639176.146, 140
Trd, 8639176.579, 140
Trd, 8639176.746, 140
Trd, 8639177.279, 140
Trd, 8639177.546, 140
Trd, 8639177.679, 140
Trd, 8639178.646, 140
Trd, 8639178.679, 140
Trd, 8639179.012, 140
Trd, 8639180.412, 140
Trd, 8639180.579, 140
Trd, 8639181.579, 140
Trd, 8639181.746, 140
Trd, 8639181.912, 140
Trd, 8639182.046, 140
Trd, 8639182.112, 140
Trd, 8639182.212, 140
Trd, 8639182.279, 140
Trd, 8639183.046, 127
Trd, 8639183.212, 120
Trd, 8639183.312, 76
Trd, 8639183.446, 109
Trd, 8639184.046, 109
Trd, 8639184.379, 108
Trd, 8639185.246, 61
Trd, 8639185.412, 73
Trd, 8639187.212, 137
Trd, 8639187.479, 103
Trd, 8639188.312, 108
Trd, 8639188.546, 108
Trd, 8639189.046, 112
Trd, 8639190.112, 140
Trd, 8639190.346, 140
Trd, 8639190.479, 140
Trd, 8639190.779, 140
Trd, 8639190.846, 140
Trd, 8639191.046, 140
Trd, 8639191.446, 140
Trd, 8639191.512, 140
Trd, 8639192.746, 118
Trd, 8639193.279, 118
Trd, 8639193.312, 117
Trd, 8639193.646, 116
Trd, 8639194.612, 129
Trd, 8639194.646, 87
Trd, 8639195.146, 105
Trd, 8639197.779, 115
Trd, 8639197.879, 114
Trd, 8639197.912, 112
Trd, 8639197.979, 118
Trd, 8639198.446, 115
Trd, 8639198.579, 114
Trd, 8639199.712, 140
Trd, 8639200.146, 140
Trd, 8639200.746, 140
Trd, 8639200.912, 140
Trd, 8639201.046, 140
Trd, 8639201.546, 140
Trd, 8639201.679, 140
Trd, 8639202.079, 121
Trd, 8639202.346, 87
Trd, 8639203.312, 140
Trd, 8639203.579, 140
Trd, 8639203.879, 140
Trd, 8639204.279, 140
Trd, 8639204.379, 106
Trd, 8639205.346, 65
Trd, 8639205.379, 80
Trd, 8639207.712, 60
Trd, 8639208.279, 60
Trd, 8639208.312, 60
Trd, 8639208.412, 60
Trd, 8639208.512, 60
Trd, 8639208.946, 60
Trd, 8639209.279, 63
Trd, 8639209.379, 64
Trd, 8639209.612, 73
Trd, 8639210.479, 82
Trd, 8639211.146, 80
Trd, 8639212.079, 94
Trd, 8639212.412, 94
Trd, 8639212.946, 97
Trd, 8639213.479, 99
Trd, 8639214.046, 99
Trd, 8639214.312, 99
Trd, 8639214.379, 98
Trd, 8639214.412, 97
Trd, 8639214.446, 92
Trd, 8639215.012, 101
Trd, 8639215.346, 89
Trd, 8639215.479, 100
Trd, 8639215.979, 99
Trd, 8639216.846, 91
Trd, 8639217.912, 96
Trd, 8639218.246, 128
Trd, 8639218.479, 97
Trd, 8639219.112, 99
Trd, 8639219.379, 98
Trd, 8639219.679, 97
Trd, 8639221.279, 107
Trd, 8639222.512, 111
Trd, 8639223.012, 110
Trd, 8639223.079, 109
Trd, 8639223.179, 107
Trd, 8639223.446, 114
Trd, 8639223.512, 120
Trd, 8639223.946, 117
Trd, 8639224.012, 108
Trd, 8639224.379, 107
Trd, 8639225.779, 113
Trd, 8639226.112, 115
Trd, 8639227.079, 135
Trd, 8639227.779, 126
Trd, 8639228.512, 133
Trd, 8639228.612, 132
Trd, 8639228.646, 131
Trd, 8639228.746, 130
Trd, 8639229.279, 131
Trd, 8639229.346, 130
Trd, 8639229.779, 130
Trd, 8639229.846, 129
Trd, 8639229.879, 128
Trd, 8639230.046, 140
Trd, 8639230.512, 77
Trd, 8639231.946, 137
Trd, 8639233.246, 140
Trd, 8639233.746, 140
Trd, 8639233.846, 140
Trd, 8639234.112, 140
Trd, 8639234.379, 140
Trd, 8639234.446, 140
Trd, 8639234.779, 140
Trd, 8639234.846, 140
Trd, 8639235.679, 140
Trd, 8639236.212, 138
Trd, 8639237.112, 82
Trd, 8639237.279, 96
Trd, 8639237.646, 117
Trd, 8639237.746, 116
Trd, 8639238.279, 118
Trd, 8639238.746, 119
Trd, 8639238.946, 98
Trd, 8639239.146, 117
Trd, 8639239.212, 99
Trd, 8639239.612, 102
Trd, 8639239.779, 102
Trd, 8639241.312, 109
Trd, 8639241.612, 116
Trd, 8639242.112, 111
Trd, 8639242.479, 111
Trd, 8639243.179, 111
Trd, 8639243.279, 110
Trd, 8639243.446, 140
Trd, 8639244.112, 140
Trd, 8639245.446, 140
Trd, 8639245.946, 140
Trd, 8639245.979, 140
Trd, 8639247.212, 140
Trd, 8639247.346, 140
Trd, 8639247.612, 140
Trd, 8639248.446, 140
Trd, 8639248.846, 140
Trd, 8639248.879, 140
Trd, 8639249.146, 140
Trd, 8639249.312, 140
Trd, 8639249.346, 140
Trd, 8639250.112, 61
Trd, 8639250.179, 73
Trd, 8639250.646, 140
Trd, 8639250.712, 140
Trd, 8639251.646, 87
Trd, 8639252.346, 140
Trd, 8639252.612, 140
Trd, 8639252.679, 139
Trd, 8639253.379, 93
Trd, 8639254.079, 99
Trd, 8639254.246, 97
Trd, 8639254.446, 93
Trd, 8639255.979, 103
Trd, 8639256.546, 103
Trd, 8639256.712, 102
Trd, 8639257.312, 103
Trd, 8639257.546, 103
Trd, 8639257.612, 105
Trd, 8639257.912, 105
Trd, 8639258.246, 108
Trd, 8639259.212, 140
Trd, 8639259.246, 140
Trd, 8639259.679, 140
Trd, 8639259.746, 140
Trd, 8639260.912, 140
Trd, 8639260.946, 140
Trd, 8639261.746, 140
Trd, 8639261.979, 140
Trd, 8639262.179, 139
Trd, 8639262.212, 118
Trd, 8639262.579, 77
Trd, 8639263.679, 140
Trd, 8639264.412, 140
Trd, 8639264.912, 140
Trd, 8639265.479, 140
Trd, 8639267.279, 140
Trd, 8639267.679, 140
Trd, 8639268.479, 140
Trd, 8639268.946, 140
Trd, 8639269.212, 140
Trd, 8639269.679, 140
Trd, 8639270.512, 140
Trd, 8639271.346, 140
Trd, 8639271.379, 140
Trd, 8639271.712, 140
Trd, 8639272.412, 140
Trd, 8639273.312, 140
Trd, 8639273.379, 140
Trd, 8639273.479, 140
Trd, 8639273.512, 140
Trd, 8639273.579, 140
Trd, 8639273.679, 140
Trd, 8639274.412, 109
Trd, 8639274.679, 134
Trd, 8639274.879, 135
Trd, 8639275.479, 110
Trd, 8639277.012, 118
Trd, 8639278.146, 121
Trd, 8639278.712, 119
Trd, 8639279.212, 118
Trd, 8639279.379, 120
Trd, 8639279.479, 120
Trd, 8639279.512, 119
Trd, 8639279.546, 116
Trd, 8639280.279, 115
Trd, 8639280.312, 122
Trd, 8639280.612, 111
Trd, 8639280.912, 86
Trd, 8639281.546, 111
Trd, 8639282.146, 92
Trd, 8639282.946, 94
Trd, 8639283.579, 94
Trd, 8639283.846, 96
Trd, 8639284.246, 106
Trd, 8639284.279, 98
Trd, 8639284.612, 95
Trd, 8639285.046, 93
Trd, 8639285.212, 91
Trd, 8639287.212, 60
Trd, 8639287.779, 60
Trd, 8639288.679, 60
Trd, 8639288.812, 60
Trd, 8639288.946, 60
Trd, 8639289.012, 60
Trd, 8639289.112, 61
Trd, 8639290.046, 61
Trd, 8639290.279, 61
Trd, 8639290.612, 63
Trd, 8639290.779, 61
Trd, 8639291.046, 122
Trd, 8639291.446, 98
Trd, 8639291.479, 99
Trd, 8639292.346, 71
Trd, 8639292.646, 67
Trd, 8639293.212, 65
Trd, 8639293.379, 73
Trd, 8639294.846, 72
Trd, 8639295.512, 101
Trd, 8639296.212, 81
Trd, 8639296.279, 82
Trd, 8639296.746, 140
Trd, 8639296.879, 140
Trd, 8639297.146, 140
Trd, 8639297.246, 139
Trd, 8639297.846, 112
Trd, 8639298.779, 113
Trd, 8639298.812, 112
Trd, 8639299.479, 115
Trd, 8639299.679, 116
Trd, 8639300.546, 121
Trd, 8639300.846, 122
Trd, 8639302.779, 131
Trd, 8639303.179, 132
Trd, 8639303.246, 133
Trd, 8639303.612, 132
Trd, 8639304.012, 134
Trd, 8639304.046, 133
Trd, 8639304.412, 140
Trd, 8639304.512, 134
Trd, 8639305.346, 137
Trd, 8639306.346, 138
Trd, 8639307.012, 139
Trd, 8639307.079, 139
Trd, 8639307.679, 140
Trd, 8639309.479, 140
Trd, 8639310.046, 140
Trd, 8639310.346, 140
Trd, 8639310.512, 140
Trd, 8639312.512, 140
Trd, 8639312.812, 140
Trd, 8639312.846, 140
Trd, 8639313.146, 140
Trd, 8639313.379, 140
Trd, 8639313.679, 140
Trd, 8639314.012, 140
Trd, 8639314.579, 140
Trd, 8639314.879, 140
Trd, 8639314.912, 140
Trd, 8639314.946, 140
Trd, 8639315.012, 138
Trd, 8639315.712, 140
Trd, 8639316.246, 137
Trd, 8639316.512, 136
Trd, 8639317.146, 134
Trd, 8639317.979, 134
Trd, 8639318.079, 133
Trd, 8639319.346, 133
Trd, 8639319.379, 132
Trd, 8639320.146, 135
Trd, 8639320.312, 134
Trd, 8639320.346, 135
Trd, 8639320.679, 140
Trd, 8639321.246, 140
Trd, 8639322.312, 140
Trd, 8639322.546, 140
Trd, 8639322.912, 140
Trd, 8639323.712, 140
Trd, 8639324.579, 140
Trd, 8639325.079, 140
Trd, 8639325.646, 140
Trd, 8639325.746, 140
Trd, 8639326.246, 140
Trd, 8639326.546, 140
Trd, 8639326.746, 140
Trd, 8639326.846, 140
Trd, 8639326.979, 140
Trd, 8639327.446, 140
Trd, 8639327.546, 140
Trd, 8639327.712, 138
Trd, 8639328.546, 140
Trd, 8639330.246, 107
Trd, 8639330.646, 107
Trd, 8639331.112, 109
Trd, 8639331.312, 107
Trd, 8639331.712, 108
Trd, 8639332.579, 114
Trd, 8639333.079, 119
Trd, 8639333.279, 119
Trd, 8639333.846, 119
Trd, 8639333.879, 117
Trd, 8639334.112, 110
Trd, 8639334.546, 119
Trd, 8639334.712, 101
Trd, 8639334.979, 121
Trd, 8639335.146, 112
Trd, 8639336.246, 83
Trd, 8639336.346, 108
Trd, 8639337.179, 88
Trd, 8639337.312, 88
Trd, 8639338.212, 114
Trd, 8639338.379, 112
Trd, 8639338.612, 114
Trd, 8639338.679, 113
Trd, 8639338.712, 112
Trd, 8639339.112, 88
Trd, 8639341.112, 139
Trd, 8639341.779, 96
Trd, 8639341.946, 96
Trd, 8639341.979, 110
Trd, 8639343.679, 105
Trd, 8639343.912, 140
Trd, 8639344.879, 113
Trd, 8639346.012, 140
Trd, 8639346.179, 140
Trd, 8639347.079, 140
Trd, 8639347.679, 140
Trd, 8639347.712, 140
Trd, 8639348.879, 140
Trd, 8639349.246, 140
Trd, 8639349.279, 140
Trd, 8639349.946, 140
Trd, 8639350.146, 140
Trd, 8639350.212, 140
Trd, 8639350.246, 140
Trd, 8639350.979, 140
Trd, 8639351.279, 140
Trd, 8639351.679, 140
Trd, 8639351.712, 140
Trd, 8639351.779, 140
Trd, 8639353.346, 139
Trd, 8639353.746, 112
Trd, 8639353.912, 111
Trd, 8639354.012, 110
Trd, 8639354.112, 86
Trd, 8639354.712, 85
Trd, 8639356.246, 101
Trd, 8639359.346, 140
Trd, 8639359.512, 140
Trd, 8639359.612, 140
Trd, 8639359.679, 140
Trd, 8639360.246, 140
Trd, 8639360.579, 140
Trd, 8639360.846, 140
Trd, 8639360.946, 140
Trd, 8639361.079, 140
Trd, 8639361.112, 140
Trd, 8639361.612, 136
Trd, 8639361.879, 100
Trd, 8639362.512, 110
Trd, 8639362.746, 110
Trd, 8639363.046, 111
Trd, 8639363.312, 111
Trd, 8639364.479, 132
Trd, 8639365.912, 129
Trd, 8639366.446, 129
Trd, 8639366.546, 130
Trd, 8639366.646, 129
Trd, 8639367.446, 130
Trd, 8639367.646, 130
Trd, 8639368.179, 140
Trd, 8639368.712, 85
Trd, 8639368.779, 88
Trd, 8639368.912, 75
Trd, 8639369.046, 138
Trd, 8639370.479, 140
Trd, 8639370.512, 140
Trd, 8639370.946, 140
Trd, 8639371.146, 140
Trd, 8639371.846, 140
Trd, 8639372.146, 140
Trd, 8639372.446, 140
Trd, 8639374.446, 140
Trd, 8639374.646, 140
Trd, 8639374.846, 140
Trd, 8639375.046, 140
Trd, 8639375.079, 140
Trd, 8639375.912, 140
Trd, 8639376.546, 140
Trd, 8639377.446, 140
Trd, 8639377.579, 140
Trd, 8639377.612, 140
Trd, 8639378.212, 140
Trd, 8639378.512, 140
Trd, 8639378.579, 140
Trd, 8639379.412, 140
Trd, 8639379.446, 140
Trd, 8639380.646, 140
Trd, 8639381.612, 140
Trd, 8639383.312, 140
Trd, 8639383.346, 140
Trd, 8639384.046, 140
Trd, 8639384.179, 140
Trd, 8639384.346, 140
Trd, 8639385.012, 140
Trd, 8639385.212, 140
Trd, 8639385.346, 140
Trd, 8639385.646, 140
Trd, 8639386.612, 140
Trd, 8639386.646, 140
Trd, 8639386.779, 140
Trd, 8639387.046, 140
Trd, 8639388.479, 140
Trd, 8639388.646, 140
Trd, 8639389.112, 140
Trd, 8639389.312, 140
Trd, 8639390.312, 140
Trd, 8639390.646, 140
Trd, 8639390.846, 140
Trd, 8639391.279, 106
Trd, 8639392.846, 140
Trd, 8639393.479, 140
Trd, 8639393.779, 140
Trd, 8639394.512, 140
Trd, 8639394.579, 140
Trd, 8639395.246, 140
Trd, 8639395.346, 140
Trd, 8639396.146, 140
Trd, 8639396.412, 140
Trd, 8639396.912, 128
Trd, 8639396.979, 127
Trd, 8639397.512, 130
Trd, 8639398.412, 134
Trd, 8639398.512, 135
Trd, 8639398.679, 134
Trd, 8639398.746, 134
Trd, 8639398.912, 133
Trd, 8639399.512, 135
Trd, 8639399.779, 135
Trd, 8639400.812, 140
Trd, 8639401.346, 102
Trd, 8639401.646, 95
Trd, 8639403.779, 140
Trd, 8639404.546, 140
Trd, 8639404.879, 140
Trd, 8639405.646, 140
Trd, 8639405.746, 140
Trd, 8639406.012, 140
Trd, 8639406.212, 140
Trd, 8639406.646, 140
Trd, 8639406.912, 140
Trd, 8639406.946, 140
Trd, 8639407.346, 140
Trd, 8639407.446, 140
Trd, 8639407.979, 121
Trd, 8639408.579, 132
Trd, 8639409.246, 123
Trd, 8639409.512, 123
Trd, 8639410.379, 68
Trd, 8639410.812, 70
Trd, 8639410.879, 70
Trd, 8639411.212, 69
Trd, 8639411.312, 70
Trd, 8639411.746, 96
Trd, 8639412.979, 120
Trd, 8639414.646, 140
Trd, 8639415.112, 140
Trd, 8639415.246, 140
Trd, 8639415.312, 140
Trd, 8639415.379, 140
Trd, 8639415.412, 140
Trd, 8639416.112, 140
Trd, 8639417.079, 103
Trd, 8639417.879, 119
Trd, 8639417.979, 128
Trd, 8639418.379, 124
Trd, 8639418.712, 123
Trd, 8639418.879, 118
Trd, 8639419.246, 122
Trd, 8639420.212, 124
Trd, 8639420.512, 120
Trd, 8639421.379, 122
Trd, 8639421.879, 125
Trd, 8639424.012, 140
Trd, 8639424.112, 140
Trd, 8639424.512, 140
Trd, 8639425.112, 140
Trd, 8639425.812, 140
Trd, 8639426.179, 140
Trd, 8639426.479, 140
Trd, 8639426.546, 140
Trd, 8639426.612, 140
Trd, 8639426.912, 140
Trd, 8639427.146, 140
Trd, 8639427.679, 140
Trd, 8639428.146, 140
Trd, 8639428.179, 140
Trd, 8639428.812, 140
Trd, 8639429.312, 140
Trd, 8639429.946, 140
Trd, 8639430.046, 140
Trd, 8639430.479, 140
Trd, 8639430.712, 140
Trd, 8639431.512, 66
Trd, 8639433.412, 112
Trd, 8639433.446, 73
Trd, 8639434.179, 140
Trd, 8639435.346, 140
Trd, 8639435.779, 140
Trd, 8639436.512, 140
Trd, 8639436.646, 140
Trd, 8639436.712, 140
Trd, 8639437.346, 140
Trd, 8639437.612, 140
Trd, 8639438.112, 140
Trd, 8639438.612, 140
Trd, 8639438.979, 140
Trd, 8639439.046, 140
Trd, 8639439.412, 140
Trd, 8639439.879, 140
Trd, 8639440.079, 140
Trd, 8639441.179, 140
Trd, 8639441.279, 140
Trd, 8639441.346, 140
Trd, 8639442.779, 140
Trd, 8639442.812, 140
Trd, 8639443.146, 140
Trd, 8639443.746, 140
Trd, 8639443.812, 140
Trd, 8639445.046, 140
Trd, 8639445.146, 140
Trd, 8639445.879, 140
Trd, 8639446.279, 140
Trd, 8639446.346, 140
Trd, 8639447.512, 140
Trd, 8639447.779, 140
Trd, 8639448.512, 140
Trd, 8639449.012, 140
Trd, 8639449.712, 140
Trd, 8639449.746, 140
Trd, 8639450.479, 140
Trd, 8639450.512, 140
Trd, 8639450.579, 140
Trd, 8639450.746, 140
Trd, 8639451.046, 140
Trd, 8639451.212, 140
Trd, 8639451.779, 140
Trd, 8639452.146, 140
Trd, 8639452.312, 140
Trd, 8639452.746, 140
Trd, 8639453.346, 140
Trd, 8639453.912, 140
Trd, 8639453.946, 140
Trd, 8639455.646, 127
Trd, 8639456.112, 126
Trd, 8639456.146, 125
Trd, 8639456.712, 130
Trd, 8639457.479, 70
Trd, 8639458.246, 69
Trd, 8639458.446, 70
Trd, 8639458.779, 73
Trd, 8639459.246, 71
Trd, 8639459.579, 70
Trd, 8639459.712, 71
Trd, 8639460.112, 68
Trd, 8639460.179, 72
Trd, 8639460.912, 71
Trd, 8639461.346, 65
Trd, 8639461.712, 85
Trd, 8639462.212, 71
Trd, 8639462.279, 92
Trd, 8639463.579, 60
Trd, 8639465.212, 66
Trd, 8639465.779, 66
Trd, 8639466.912, 60
Trd, 8639467.179, 60
Trd, 8639467.212, 60
Trd, 8639467.712, 66
Trd, 8639467.812, 66
Trd, 8639468.146, 102
Trd, 8639469.012, 107
Trd, 8639469.179, 107
Trd, 8639469.279, 108
Trd, 8639469.646, 121
Trd, 8639469.712, 109
Trd, 8639469.746, 107
Trd, 8639470.612, 110
Trd, 8639472.446, 140
Trd, 8639472.579, 140
Trd, 8639473.112, 140
Trd, 8639473.246, 140
Trd, 8639474.146, 140
Trd, 8639474.412, 140
Trd, 8639474.879, 140
Trd, 8639475.246, 139
Trd, 8639475.346, 138
Trd, 8639475.546, 60
Trd, 8639477.579, 122
Trd, 8639478.212, 134
Trd, 8639478.312, 125
Trd, 8639478.512, 135
Trd, 8639479.079, 130
Trd, 8639479.846, 134
Trd, 8639480.079, 136
Trd, 8639480.479, 134
Trd, 8639480.912, 135
Trd, 8639481.512, 137
Trd, 8639481.646, 136
Trd, 8639482.546, 136
Trd, 8639483.112, 140
Trd, 8639483.346, 140
Trd, 8639483.579, 140
Trd, 8639484.679, 140
Trd, 8639485.579, 140
Trd, 8639486.879, 140
Trd, 8639487.246, 140
Trd, 8639487.646, 140
Trd, 8639487.912, 140
Trd, 8639488.012, 140
Trd, 8639488.446, 140
Trd, 8639488.746, 140
Trd, 8639488.912, 140
Trd, 8639489.212, 140
Trd, 8639489.312, 140
Trd, 8639489.846, 140
Trd, 8639489.912, 140
Trd, 8639490.412, 140
Trd, 8639490.646, 140
Trd, 8639491.479, 140
Trd, 8639491.779, 140
Trd, 8639492.312, 136
Trd, 8639493.512, 139
Trd, 8639493.912, 140
Trd, 8639494.312, 117
Trd, 8639494.612, 117
Trd, 8639494.946, 119
Trd, 8639495.046, 118
Trd, 8639495.546, 119
Trd, 8639495.646, 120
Trd, 8639495.779, 121
Trd, 8639496.212, 124
Trd, 8639496.312, 125
Trd, 8639496.712, 126
Trd, 8639497.646, 130
Trd, 8639498.812, 135
Trd, 8639498.846, 134
Trd, 8639499.446, 134
Trd, 8639500.379, 136
Trd, 8639500.579, 136
Trd, 8639501.312, 140
Trd, 8639501.346, 139
Trd, 8639501.946, 140
Trd, 8639503.012, 140
Trd, 8639503.612, 140
Trd, 8639503.746, 140
Trd, 8639503.846, 140
Trd, 8639503.879, 140
Trd, 8639504.179, 140
Trd, 8639505.846, 140
Trd, 8639506.546, 140
Trd, 8639506.646, 140
Trd, 8639507.546, 140
Trd, 8639507.912, 140
Trd, 8639507.979, 140
Trd, 8639508.579, 140
Trd, 8639509.212, 140
Trd, 8639509.246, 140
Trd, 8639509.912, 140
Trd, 8639510.346, 140
Trd, 8639510.412, 140
Trd, 8639510.546, 140
Trd, 8639511.146, 140
Trd, 8639511.912, 140
Trd, 8639512.079, 140
Trd, 8639512.179, 140
Trd, 8639512.946, 140
Trd, 8639513.479, 140
Trd, 8639514.512, 140
Trd, 8639514.546, 140
Trd, 8639515.812, 140
Trd, 8639516.646, 140
Trd, 8639516.812, 140
Trd, 8639517.812, 140
Trd, 8639518.412, 140
Trd, 8639518.612, 140
Trd, 8639519.246, 140
Trd, 8639519.379, 140
Trd, 8639520.546, 140
Trd, 8639520.579, 140
Trd, 8639520.612, 140
Trd, 8639520.879, 140
Trd, 8639521.212, 140
Trd, 8639523.046, 100
Trd, 8639523.179, 135
Trd, 8639523.679, 104
Trd, 8639524.046, 130
Trd, 8639524.412, 105
Trd, 8639524.579, 104
Trd, 8639525.679, 133
Trd, 8639526.112, 137
Trd, 8639526.979, 139
Trd, 8639527.279, 139
Trd, 8639527.412, 139
Trd, 8639527.746, 139
Trd, 8639527.912, 139
Trd, 8639528.012, 111
Trd, 8639528.646, 88
Trd, 8639529.046, 60
Trd, 8639530.279, 60
Trd, 8639531.679, 67
Trd, 8639531.746, 79
Trd, 8639532.146, 60
Trd, 8639533.146, 60
Trd, 8639533.979, 60
Trd, 8639534.079, 60
Trd, 8639534.212, 60
Trd, 8639534.412, 60
Trd, 8639534.546, 61
Trd, 8639536.179, 60
Trd, 8639537.146, 62
Trd, 8639537.246, 64
Trd, 8639537.612, 64
Trd, 8639537.779, 66
Trd, 8639538.546, 135
Trd, 8639538.579, 71
Trd, 8639539.079, 140
Trd, 8639539.712, 75
Trd, 8639541.346, 140
Trd, 8639541.612, 140
Trd, 8639541.812, 140
Trd, 8639542.279, 140
Trd, 8639543.246, 140
Trd, 8639543.346, 140
Trd, 8639543.846, 140
Trd, 8639543.912, 140
Trd, 8639544.079, 140
Trd, 8639544.612, 140
Trd, 8639544.712, 140
Trd, 8639544.746, 140
Trd, 8639545.112, 140
Trd, 8639545.412, 139
Trd, 8639546.512, 107
Trd, 8639546.646, 107
Trd, 8639546.946, 104
Trd, 8639547.779, 127
Trd, 8639547.846, 128
Trd, 8639548.379, 88
Trd, 8639548.512, 132
Trd, 8639548.779, 90
Trd, 8639548.812, 89
Trd, 8639548.879, 88
Trd, 8639548.912, 86
Trd, 8639550.379, 140
Trd, 8639551.946, 140
Trd, 8639553.246, 140
Trd, 8639553.346, 140
Trd, 8639553.679, 140
Trd, 8639554.012, 140
Trd, 8639554.079, 140
Trd, 8639554.379, 140
Trd, 8639555.312, 140
Trd, 8639555.346, 140
Trd, 8639555.479, 140
Trd, 8639555.646, 140
Trd, 8639556.212, 139
Trd, 8639556.946, 106
Trd, 8639556.979, 109
Trd, 8639557.446, 104
Trd, 8639558.079, 106
Trd, 8639558.612, 135
Trd, 8639559.312, 110
Trd, 8639559.546, 109
Trd, 8639560.012, 110
Trd, 8639560.646, 125
Trd, 8639560.712, 124
Trd, 8639561.279, 135
Trd, 8639561.746, 140
Trd, 8639561.846, 140
Trd, 8639563.012, 140
Trd, 8639563.512, 140
Trd, 8639563.646, 140
Trd, 8639564.046, 140
Trd, 8639564.746, 140
Trd, 8639564.979, 140
Trd, 8639565.046, 140
Trd, 8639565.512, 140
Trd, 8639565.779, 140
Trd, 8639566.212, 140
Trd, 8639566.312, 140
Trd, 8639566.612, 136
Trd, 8639566.679, 81
Trd, 8639567.879, 106
Trd, 8639568.746, 110
Trd, 8639569.012, 111
Trd, 8639569.079, 109
Trd, 8639570.246, 114
Trd, 8639571.212, 116
Trd, 8639571.512, 140
Trd, 8639572.446, 140
Trd, 8639572.546, 140
Trd, 8639572.912, 140
Trd, 8639572.946, 140
Trd, 8639573.779, 140
Trd, 8639573.846, 140
Trd, 8639574.012, 140
Trd, 8639574.379, 140
Trd, 8639574.812, 140
Trd, 8639575.179, 140
Trd, 8639575.679, 86
Trd, 8639575.812, 85
Trd, 8639577.012, 140
Trd, 8639578.379, 140
Trd, 8639578.646, 140
Trd, 8639578.946, 140
Trd, 8639579.246, 140
Trd, 8639579.412, 140
Trd, 8639579.679, 140
Trd, 8639579.779, 140
Trd, 8639580.046, 140
Trd, 8639581.312, 140
Trd, 8639581.679, 140
Trd, 8639582.546, 140
Trd, 8639583.179, 140
Trd, 8639583.446, 140
Trd, 8639583.579, 140
Trd, 8639583.612, 140
Trd, 8639583.812, 140
Trd, 8639583.979, 140
Trd, 8639584.046, 140
Trd, 8639585.012, 139
Trd, 8639585.046, 122
Trd, 8639585.746, 61
Trd, 8639586.846, 65
Trd, 8639587.179, 69
Trd, 8639587.246, 121
Trd, 8639587.812, 76
Trd, 8639588.279, 85
Trd, 8639589.112, 114
Trd, 8639589.546, 113
Trd, 8639589.879, 99
Trd, 8639590.046, 100
Trd, 8639590.079, 99
Trd, 8639590.679, 105
Trd, 8639591.246, 109
Trd, 8639591.546, 108
Trd, 8639592.179, 112
Trd, 8639592.312, 140
Trd, 8639592.479, 112
Trd, 8639592.946, 113
Trd, 8639594.246, 140
Trd, 8639594.312, 140
Trd, 8639594.746, 140
Trd, 8639595.512, 132
Trd, 8639595.612, 131
Trd, 8639595.712, 131
Trd, 8639596.412, 131
Trd, 8639597.046, 140
Trd, 8639597.246, 130
Trd, 8639597.846, 85
Trd, 8639599.112, 140
Trd, 8639599.479, 140
Trd, 8639601.412, 140
Trd, 8639601.746, 140
Trd, 8639602.946, 140
Trd, 8639603.146, 140
Trd, 8639603.212, 140
Trd, 8639603.346, 140
Trd, 8639603.879, 140
Trd, 8639604.379, 140
Trd, 8639604.646, 140
Trd, 8639604.912, 140
Trd, 8639605.112, 140
Trd, 8639605.579, 135
Trd, 8639607.412, 74
Trd, 8639608.312, 69
Trd, 8639608.579, 70
Trd, 8639608.779, 62
Trd, 8639609.912, 60
Trd, 8639609.946, 60
Trd, 8639610.279, 60
Trd, 8639610.346, 60
Trd, 8639610.479, 102
Trd, 8639610.879, 62
Trd, 8639610.946, 61
Trd, 8639611.679, 103
Trd, 8639612.179, 104
Trd, 8639612.246, 101
Trd, 8639613.579, 85
Trd, 8639614.046, 107
Trd, 8639614.312, 88
Trd, 8639615.879, 140
Trd, 8639616.079, 140
Trd, 8639617.412, 140
Trd, 8639617.512, 140
Trd, 8639617.646, 140
Trd, 8639617.746, 140
Trd, 8639617.912, 140
Trd, 8639617.979, 140
Trd, 8639618.312, 140
Trd, 8639620.912, 140
Trd, 8639621.679, 140
Trd, 8639621.912, 140
Trd, 8639622.979, 140
Trd, 8639623.046, 140
Trd, 8639623.179, 140
Trd, 8639623.746, 140
Trd, 8639623.779, 140
Trd, 8639624.479, 140
Trd, 8639624.879, 140
Trd, 8639625.879, 140
Trd, 8639626.912, 140
Trd, 8639627.079, 140
Trd, 8639627.312, 140
Trd, 8639627.546, 140
Trd, 8639627.646, 140
Trd, 8639628.412, 140
Trd, 8639628.512, 140
Trd, 8639628.979, 140
Trd, 8639629.412, 140
Trd, 8639629.779, 140
Trd, 8639630.246, 139
Trd, 8639630.812, 64
Trd, 8639631.912, 106
Trd, 8639632.346, 106
Trd, 8639632.646, 76
Trd, 8639633.012, 113
Trd, 8639633.346, 113
Trd, 8639633.579, 102
Trd, 8639634.179, 113
Trd, 8639634.279, 85
Trd, 8639634.946, 89
Trd, 8639635.446, 105
Trd, 8639635.979, 105
Trd, 8639636.312, 114
Trd, 8639637.212, 112
Trd, 8639637.412, 113
Trd, 8639637.479, 112
Trd, 8639637.512, 111
Trd, 8639637.646, 110
Trd, 8639638.112, 83
Trd, 8639640.379, 101
Trd, 8639641.479, 122
Trd, 8639642.179, 106
Trd, 8639642.212, 105
Trd, 8639642.279, 104
Trd, 8639642.646, 106
Trd, 8639643.912, 117
Trd, 8639644.012, 111
Trd, 8639644.146, 111
Trd, 8639644.246, 110
Trd, 8639645.612, 115
Trd, 8639646.246, 119
Trd, 8639646.746, 121
Trd, 8639646.812, 120
Trd, 8639647.912, 125
Trd, 8639647.979, 124
Trd, 8639648.146, 123
Trd, 8639648.212, 118
Trd, 8639649.612, 94
Trd, 8639649.779, 93
Trd, 8639649.912, 93
Trd, 8639650.179, 93
Trd, 8639650.446, 95
Trd, 8639650.612, 101
Trd, 8639651.646, 140
Trd, 8639651.679, 139
Trd, 8639652.546, 98
Trd, 8639652.779, 98
Trd, 8639652.812, 97
Trd, 8639653.446, 140
Trd, 8639653.546, 94
Trd, 8639655.512, 61
Trd, 8639655.679, 61
Trd, 8639655.879, 63
Trd, 8639656.279, 67
Trd, 8639656.612, 64
Trd, 8639657.012, 63
Trd, 8639657.512, 97
Trd, 8639658.012, 89
Trd, 8639658.679, 65
Trd, 8639658.946, 82
Trd, 8639659.646, 71
Trd, 8639661.412, 81
Trd, 8639661.612, 82
Trd, 8639662.846, 140
Trd, 8639663.012, 140
Trd, 8639663.079, 135
Trd, 8639663.279, 89
Trd, 8639664.246, 140
Trd, 8639664.679, 140
Trd, 8639664.746, 140
Trd, 8639665.112, 138
Trd, 8639665.212, 91
Trd, 8639665.879, 96
Trd, 8639665.979, 95
Trd, 8639666.779, 101
Trd, 8639667.146, 129
Trd, 8639668.279, 126
Trd, 8639668.712, 109
Trd, 8639669.046, 108
Trd, 8639669.146, 127
Trd, 8639669.446, 108
Trd, 8639670.946, 89
Trd, 8639671.212, 92
Trd, 8639672.446, 98
Trd, 8639672.479, 97
Trd, 8639672.579, 121
Trd, 8639672.712, 99
Trd, 8639673.779, 123
Trd, 8639673.979, 126
Trd, 8639675.079, 111
Trd, 8639675.446, 111
Trd, 8639675.679, 113
Trd, 8639677.012, 116
Trd, 8639677.112, 117
Trd, 8639677.979, 123
Trd, 8639678.912, 124
Trd, 8639679.312, 128
Trd, 8639679.546, 129
Trd, 8639680.179, 140
Trd, 8639680.346, 140
Trd, 8639680.946, 140
Trd, 8639680.979, 140
Trd, 8639681.479, 139
Trd, 8639681.879, 132
Trd, 8639682.146, 102
Trd, 8639683.746, 140
Trd, 8639685.146, 140
Trd, 8639686.579, 140
Trd, 8639686.979, 140
Trd, 8639687.779, 140
Trd, 8639687.879, 140
Trd, 8639690.279, 140
Trd, 8639690.346, 140
Trd, 8639690.912, 140
Trd, 8639690.979, 140
Trd, 8639691.146, 140
Trd, 8639691.446, 140
Trd, 8639691.546, 140
Trd, 8639692.412, 140
Trd, 8639692.546, 140
Trd, 8639692.712, 140
Trd, 8639692.779, 140
Trd, 8639692.846, 140
Trd, 8639692.879, 137
Trd, 8639693.846, 140
Trd, 8639694.612, 140
Trd, 8639695.312, 140
Trd, 8639695.446, 140
Trd, 8639696.012, 140
Trd, 8639696.479, 139
Trd, 8639696.512, 138
Trd, 8639696.779, 138
Trd, 8639697.212, 137
Trd, 8639697.612, 136
Trd, 8639698.746, 105
Trd, 8639699.612, 111
Trd, 8639699.946, 112
Trd, 8639700.012, 136
Trd, 8639700.546, 114
Trd, 8639700.646, 114
Trd, 8639701.812, 133
Trd, 8639702.946, 121
Trd, 8639703.812, 137
Trd, 8639703.979, 124
Trd, 8639704.112, 124
Trd, 8639704.312, 123
Trd, 8639704.612, 119
Trd, 8639705.212, 140
Trd, 8639705.312, 140
Trd, 8639706.446, 131
Trd, 8639706.512, 131
Trd, 8639708.046, 140
Trd, 8639708.146, 139
Trd, 8639709.212, 140
Trd, 8639709.512, 140
Trd, 8639710.046, 140
Trd, 8639710.279, 140
Trd, 8639711.046, 140
Trd, 8639711.812, 140
Trd, 8639712.079, 140
Trd, 8639712.112, 140
Trd, 8639713.079, 140
Trd, 8639713.179, 140
Trd, 8639713.812, 140
Trd, 8639713.979, 140
Trd, 8639714.246, 140
Trd, 8639714.546, 140
Trd, 8639714.612, 140
Trd, 8639715.546, 137
Trd, 8639716.079, 122
Trd, 8639716.779, 122
Trd, 8639717.712, 123
Trd, 8639718.846, 124
Trd, 8639719.479, 140
Trd, 8639719.746, 140
Trd, 8639719.812, 81
Trd, 8639720.312, 116
Trd, 8639720.679, 139
Trd, 8639721.546, 127
Trd, 8639722.179, 130
Trd, 8639722.479, 133
Trd, 8639722.779, 133
Trd, 8639722.979, 134
Trd, 8639723.046, 135
Trd, 8639724.179, 140
Trd, 8639724.279, 140
Trd, 8639724.446, 140
Trd, 8639725.646, 140
Trd, 8639726.446, 140
Trd, 8639726.479, 140
Trd, 8639726.679, 140
Trd, 8639727.012, 140
Trd, 8639728.146, 140
Trd, 8639728.579, 140
Trd, 8639728.812, 139
Trd, 8639729.312, 140
Trd, 8639729.379, 140
Trd, 8639730.946, 140
Trd, 8639731.712, 140
Trd, 8639731.912, 140
Trd, 8639732.846, 140
Trd, 8639733.746, 140
Trd, 8639734.012, 140
Trd, 8639734.446, 140
Trd, 8639734.579, 140
Trd, 8639734.612, 140
Trd, 8639735.246, 140
Trd, 8639735.479, 140
Trd, 8639735.646, 140
Trd, 8639736.579, 140
Trd, 8639737.179, 140
Trd, 8639737.346, 140
Trd, 8639738.546, 140
Trd, 8639738.612, 140
Trd, 8639738.846, 140
Trd, 8639739.012, 140
Trd, 8639741.712, 140
Trd, 8639741.912, 140
Trd, 8639741.946, 140
Trd, 8639742.712, 140
Trd, 8639743.112, 140
Trd, 8639743.546, 140
Trd, 8639743.746, 140
Trd, 8639745.446, 140
Trd, 8639745.746, 140
Trd, 8639746.546, 140
Trd, 8639746.612, 140
Trd, 8639746.746, 140
Trd, 8639746.779, 140
Trd, 8639746.912, 140
Trd, 8639747.379, 140
Trd, 8639747.712, 140
Trd, 8639748.179, 140
Trd, 8639748.279, 139
Trd, 8639748.512, 139
Trd, 8639749.346, 93
Trd, 8639749.879, 131
Trd, 8639750.079, 95
Trd, 8639750.212, 131
Trd, 8639750.646, 94
Trd, 8639752.312, 109
Trd, 8639752.612, 140
Trd, 8639752.946, 122
Trd, 8639753.512, 124
Trd, 8639753.846, 122
Trd, 8639754.212, 122
Trd, 8639754.679, 115
Trd, 8639755.712, 130
Trd, 8639755.812, 129
Trd, 8639756.546, 128
Trd, 8639757.379, 133
Trd, 8639758.712, 140
Trd, 8639759.346, 140
Trd, 8639760.079, 140
Trd, 8639760.512, 140
Trd, 8639761.079, 140
Trd, 8639761.312, 140
Trd, 8639761.646, 140
Trd, 8639761.846, 140
Trd, 8639762.046, 140
Trd, 8639762.146, 105
Trd, 8639762.379, 104
Trd, 8639762.846, 135
Trd, 8639763.612, 60
Trd, 8639764.612, 60
Trd, 8639764.946, 60
Trd, 8639765.246, 60
Trd, 8639765.379, 61
Trd, 8639765.979, 63
Trd, 8639766.479, 64
Trd, 8639767.046, 66
Trd, 8639767.479, 140
Trd, 8639767.579, 140
Trd, 8639767.879, 140
Trd, 8639768.279, 140
Trd, 8639768.312, 140
Trd, 8639769.979, 140
Trd, 8639770.479, 140
Trd, 8639770.546, 140
Trd, 8639770.579, 84
Trd, 8639771.812, 139
Trd, 8639772.146, 81
Trd, 8639772.179, 79
Trd, 8639772.679, 80
Trd, 8639773.612, 82
Trd, 8639773.879, 82
Trd, 8639774.079, 82
Trd, 8639774.112, 81
Trd, 8639774.346, 83
Trd, 8639775.112, 60
Trd, 8639775.512, 80
Trd, 8639775.879, 81
Trd, 8639776.312, 61
Trd, 8639776.446, 61
Trd, 8639777.279, 67
Trd, 8639777.679, 71
Trd, 8639778.012, 70
Trd, 8639778.246, 72
Trd, 8639778.612, 71
Trd, 8639779.046, 69
Trd, 8639779.912, 140
Trd, 8639779.946, 140
Trd, 8639780.079, 140
Trd, 8639780.846, 140
Trd, 8639782.046, 140
Trd, 8639783.379, 140
Trd, 8639783.412, 140
Trd, 8639784.046, 140
Trd, 8639784.112, 140
Trd, 8639784.946, 140
Trd, 8639785.179, 140
Trd, 8639785.446, 140
Trd, 8639786.512, 140
Trd, 8639787.279, 140
Trd, 8639787.412, 139
Trd, 8639787.712, 139
Trd, 8639787.812, 140
Trd, 8639787.879, 140
Trd, 8639788.612, 107
Trd, 8639789.146, 110
Trd, 8639789.479, 110
Trd, 8639789.612, 109
Trd, 8639789.679, 104
Trd, 8639790.279, 140
Trd, 8639791.379, 140
Trd, 8639792.979, 140
Trd, 8639793.046, 140
Trd, 8639793.612, 140
Trd, 8639794.012, 140
Trd, 8639794.379, 140
Trd, 8639794.479, 140
Trd, 8639795.179, 140
Trd, 8639795.412, 140
Trd, 8639796.212, 140
Trd, 8639797.912, 140
Trd, 8639798.379, 140
Trd, 8639798.612, 140
Trd, 8639798.979, 140
Trd, 8639799.312, 140
Trd, 8639799.379, 140
Trd, 8639799.879, 140
Trd, 8639800.012, 140
Trd, 8639800.546, 140
Trd, 8639800.712, 140
Trd, 8639801.512, 138
Trd, 8639801.679, 115
Trd, 8639803.079, 140
Trd, 8639803.146, 140
Trd, 8639803.412, 140
Trd, 8639803.546, 139
Trd, 8639803.612, 107
Trd, 8639806.612, 140
Trd, 8639806.712, 140
Trd, 8639807.079, 140
Trd, 8639807.346, 140
Trd, 8639807.379, 140
Trd, 8639808.112, 140
Trd, 8639809.179, 140
Trd, 8639809.346, 140
Trd, 8639809.946, 140
Trd, 8639810.046, 140
Trd, 8639810.479, 140
Trd, 8639810.746, 140
Trd, 8639810.846, 140
Trd, 8639811.112, 140
Trd, 8639812.712, 140
Trd, 8639813.412, 140
Trd, 8639814.446, 140
Trd, 8639815.012, 140
Trd, 8639815.079, 140
Trd, 8639815.712, 140
Trd, 8639815.846, 140
Trd, 8639815.912, 140
Trd, 8639816.646, 140
Trd, 8639817.012, 140
Trd, 8639817.946, 140
Trd, 8639818.412, 140
Trd, 8639818.512, 140
Trd, 8639818.812, 140
Trd, 8639819.246, 140
Trd, 8639819.846, 140
Trd, 8639820.579, 140
Trd, 8639821.146, 140
Trd, 8639821.879, 140
Trd, 8639822.079, 140
Trd, 8639822.112, 140
Trd, 8639822.346, 140
Trd, 8639822.946, 140
Trd, 8639824.412, 140
Trd, 8639824.512, 140
Trd, 8639824.812, 140
Trd, 8639824.912, 140
Trd, 8639825.412, 140
Trd, 8639825.746, 140
Trd, 8639826.312, 140
Trd, 8639826.346, 138
Trd, 8639826.446, 98
Trd, 8639826.512, 74
Trd, 8639827.312, 140
Trd, 8639829.446, 61
Trd, 8639829.646, 61
Trd, 8639830.146, 62
Trd, 8639830.646, 71
Trd, 8639831.112, 71
Trd, 8639831.146, 72
Trd, 8639831.379, 72
Trd, 8639832.479, 111
Trd, 8639832.979, 128
Trd, 8639834.046, 140
Trd, 8639834.679, 140
Trd, 8639834.779, 140
Trd, 8639834.946, 140
Trd, 8639835.079, 140
Trd, 8639835.279, 140
Trd, 8639835.679, 140
Trd, 8639835.946, 140
Trd, 8639836.379, 140
Trd, 8639836.546, 140
Trd, 8639836.912, 140
Trd, 8639837.712, 140
Trd, 8639838.079, 140
Trd, 8639839.146, 130
Trd, 8639839.746, 132
Trd, 8639840.746, 135
Trd, 8639841.879, 140
Trd, 8639842.112, 140
Trd, 8639842.379, 140
Trd, 8639842.579, 140
Trd, 8639843.279, 140
Trd, 8639843.679, 140
Trd, 8639844.646, 140
Trd, 8639845.479, 140
Trd, 8639845.646, 140
Trd, 8639846.312, 140
Trd, 8639846.379, 140
Trd, 8639846.446, 140
Trd, 8639846.812, 140
Trd, 8639846.879, 140
Trd, 8639847.812, 140
Trd, 8639848.979, 140
Trd, 8639849.012, 140
Trd, 8639849.412, 140
Trd, 8639849.579, 140
Trd, 8639849.746, 140
Trd, 8639850.012, 140
Trd, 8639850.146, 81
Trd, 8639850.579, 62
Trd, 8639851.979, 60
Trd, 8639852.579, 60
Trd, 8639852.779, 60
Trd, 8639853.846, 60
Trd, 8639855.079, 60
Trd, 8639855.712, 60
Trd, 8639856.246, 60
Trd, 8639856.479, 63
Trd, 8639856.546, 61
Trd, 8639856.846, 62
Trd, 8639857.312, 62
Trd, 8639857.712, 63
Trd, 8639858.046, 65
Trd, 8639858.212, 63
Trd, 8639858.479, 63
Trd, 8639858.679, 65
Trd, 8639859.446, 62
Trd, 8639859.612, 72
Trd, 8639860.612, 137
Trd, 8639861.146, 113
Trd, 8639861.279, 113
Trd, 8639861.446, 115
Trd, 8639861.846, 114
Trd, 8639862.379, 117
Trd, 8639862.546, 116
Trd, 8639862.746, 117
Trd, 8639863.679, 140
Trd, 8639864.146, 140
Trd, 8639864.512, 140
Trd, 8639864.612, 140
Trd, 8639864.712, 99
Trd, 8639865.779, 101
Trd, 8639866.446, 122
Trd, 8639867.512, 122
Trd, 8639868.246, 110
Trd, 8639869.246, 116
Trd, 8639869.779, 120
Trd, 8639870.046, 122
Trd, 8639870.312, 122
Trd, 8639870.512, 120
Trd, 8639870.612, 117
Trd, 8639870.846, 122
Trd, 8639872.212, 125
Trd, 8639873.012, 133
Trd, 8639873.146, 133
Trd, 8639873.546, 139
Trd, 8639874.112, 137
Trd, 8639874.746, 140
Trd, 8639875.012, 140
Trd, 8639875.679, 140
Trd, 8639875.846, 140
Trd, 8639876.346, 140
Trd, 8639876.746, 140
Trd, 8639877.912, 140
Trd, 8639877.979, 140
Trd, 8639879.112, 140
Trd, 8639879.146, 140
Trd, 8639879.212, 140
Trd, 8639880.112, 140
Trd, 8639880.279, 140
Trd, 8639880.912, 140
Trd, 8639880.979, 140
Trd, 8639881.012, 140
Trd, 8639881.246, 140
Trd, 8639881.446, 140
Trd, 8639881.712, 140
Trd, 8639883.612, 140
Trd, 8639883.812, 140
Trd, 8639883.846, 140
Trd, 8639884.212, 140
Trd, 8639885.546, 140
Trd, 8639886.412, 140
Trd, 8639886.746, 140
Trd, 8639886.846, 140
Trd, 8639887.079, 140
Trd, 8639887.379, 140
Trd, 8639887.746, 140
Trd, 8639888.312, 140
Trd, 8639888.779, 140
Trd, 8639888.812, 140
Trd, 8639888.946, 140
Trd, 8639889.012, 108
Trd, 8639889.746, 140
Trd, 8639890.179, 139
Trd, 8639890.212, 138
Trd, 8639891.212, 61
Trd, 8639891.746, 62
Trd, 8639892.379, 62
Trd, 8639893.179, 69
Trd, 8639893.546, 69
Trd, 8639893.779, 69
Trd, 8639893.846, 71
Trd, 8639894.279, 75
Trd, 8639894.812, 76
Trd, 8639895.079, 78
Trd, 8639896.079, 90
Trd, 8639896.346, 85
Trd, 8639896.679, 105
Trd, 8639897.246, 86
Trd, 8639898.546, 96
Trd, 8639899.346, 140
Trd, 8639899.712, 140
Trd, 8639899.846, 140
Trd, 8639900.046, 140
Trd, 8639900.646, 140
Trd, 8639900.679, 140
Trd, 8639901.079, 140
Trd, 8639902.812, 140
Trd, 8639903.546, 140
Trd, 8639903.779, 140
Trd, 8639904.746, 140
Trd, 8639905.079, 140
Trd, 8639905.146, 140
Trd, 8639905.246, 140
Trd, 8639905.279, 140
Trd, 8639906.446, 140
Trd, 8639906.479, 122
Trd, 8639907.179, 140
Trd, 8639907.212, 140
Trd, 8639907.546, 115
Trd, 8639908.146, 138
Trd, 8639908.346, 115
Trd, 8639908.546, 113
Trd, 8639908.946, 76
Trd, 8639909.279, 138
Trd, 8639909.679, 123
Trd, 8639911.079, 140
Trd, 8639912.679, 140
Trd, 8639912.812, 140
Trd, 8639913.012, 140
Trd, 8639913.712, 140
Trd, 8639914.246, 140
Trd, 8639915.612, 140
Trd, 8639915.746, 140
Trd, 8639916.279, 140
Trd, 8639917.212, 140
Trd, 8639917.579, 140
Trd, 8639917.979, 140
Trd, 8639918.312, 140
Trd, 8639918.546, 140
Trd, 8639918.779, 140
Trd, 8639918.979, 140
Trd, 8639919.212, 140
Trd, 8639920.279, 140
Trd, 8639920.546, 140
Trd, 8639921.112, 140
Trd, 8639922.346, 140
Trd, 8639922.612, 140
Trd, 8639923.279, 140
Trd, 8639924.046, 140
Trd, 8639924.479, 140
Trd, 8639924.746, 140
Trd, 8639924.946, 140
Trd, 8639925.079, 140
Trd, 8639925.212, 140
Trd, 8639925.779, 140
Trd, 8639925.812, 140
Trd, 8639925.946, 139
Trd, 8639926.412, 140
Trd, 8639926.479, 137
Trd, 8639927.246, 92
Trd, 8639928.846, 100
Trd, 8639929.012, 99
Trd, 8639929.112, 98
Trd, 8639929.779, 98
Trd, 8639929.846, 70
Trd, 8639930.746, 90
Trd, 8639930.779, 89
Trd, 8639931.746, 97
Trd, 8639931.946, 89
Trd, 8639932.112, 98
Trd, 8639932.279, 94
Trd, 8639932.512, 140
Trd, 8639933.612, 140
Trd, 8639934.512, 140
Trd, 8639935.779, 140
Trd, 8639935.846, 140
Trd, 8639936.046, 140
Trd, 8639936.379, 140
Trd, 8639936.979, 140
Trd, 8639937.079, 140
Trd, 8639937.646, 140
Trd, 8639938.679, 140
Trd, 8639938.746, 140
Trd, 8639939.446, 140
Trd, 8639940.879, 140
Trd, 8639941.212, 140
Trd, 8639941.312, 140
Trd, 8639941.379, 140
Trd, 8639942.079, 140
Trd, 8639942.312, 140
Trd, 8639942.446, 140
Trd, 8639942.479, 140
Trd, 8639942.712, 140
Trd, 8639943.246, 139
Trd, 8639943.312, 137
Trd, 8639943.379, 135
Trd, 8639944.879, 60
Trd, 8639945.646, 61
Trd, 8639946.079, 94
Trd, 8639946.712, 95
Trd, 8639946.812, 96
Trd, 8639947.379, 98
Trd, 8639947.479, 96
Trd, 8639947.679, 117
Trd, 8639948.512, 100
Trd, 8639950.146, 124
Trd, 8639950.412, 124
Trd, 8639950.446, 123
Trd, 8639950.512, 130
Trd, 8639950.946, 115
Trd, 8639951.179, 131
Trd, 8639951.212, 101
Trd, 8639952.146, 109
Trd, 8639952.746, 110
Trd, 8639953.046, 111
Trd, 8639953.146, 112
Trd, 8639953.212, 110
Trd, 8639953.946, 111
Trd, 8639954.146, 112
Trd, 8639954.246, 110
Trd, 8639954.279, 108
Trd, 8639954.846, 116
Trd, 8639957.146, 115
Trd, 8639957.612, 140
Trd, 8639957.779, 140
Trd, 8639958.746, 140
Trd, 8639958.912, 140
Trd, 8639958.979, 140
Trd, 8639960.346, 140
Trd, 8639960.512, 140
Trd, 8639961.746, 140
Trd, 8639961.779, 140
Trd, 8639962.179, 140
Trd, 8639963.546, 140
Trd, 8639963.879, 140
Trd, 8639964.546, 140
Trd, 8639964.712, 140
Trd, 8639965.046, 140
Trd, 8639965.179, 140
Trd, 8639966.146, 140
Trd, 8639966.179, 140
Trd, 8639966.446, 140
Trd, 8639967.412, 140
Trd, 8639967.812, 140
Trd, 8639968.246, 140
Trd, 8639968.346, 140
Trd, 8639969.179, 140
Trd, 8639969.412, 140
Trd, 8639969.479, 140
Trd, 8639970.612, 140
Trd, 8639970.812, 140
Trd, 8639971.746, 140
Trd, 8639972.646, 140
Trd, 8639973.046, 140
Trd, 8639973.812, 140
Trd, 8639974.146, 140
Trd, 8639974.479, 140
Trd, 8639975.946, 140
Trd, 8639976.046, 140
Trd, 8639976.246, 140
Trd, 8639976.279, 140
Trd, 8639976.312, 140
Trd, 8639976.379, 140
Trd, 8639977.112, 129
Trd, 8639977.146, 83
Trd, 8639978.446, 140
Trd, 8639978.679, 140
Trd, 8639981.079, 140
Trd, 8639981.412, 140
Trd, 8639981.646, 140
Trd, 8639982.212, 140
Trd, 8639982.612, 140
Trd, 8639982.679, 140
Trd, 8639982.979, 140
Trd, 8639983.079, 140
Trd, 8639983.979, 140
Trd, 8639984.346, 140
Trd, 8639984.412, 140
Trd, 8639984.846, 140
Trd, 8639984.912, 140
Trd, 8639985.646, 140
Trd, 8639986.046, 140
Trd, 8639986.346, 140
Trd, 8639986.746, 140
Trd, 8639987.679, 140
Trd, 8639988.712, 140
Trd, 8639988.746, 140
Trd, 8639989.079, 140
Trd, 8639989.979, 140
Trd, 8639991.246, 140
Trd, 8639991.612, 140
Trd, 8639991.646, 140
Trd, 8639992.479, 140
Trd, 8639993.312, 140
Trd, 8639993.546, 140
Trd, 8639993.812, 140
Trd, 8639994.012, 140
Trd, 8639994.279, 140
Trd, 8639994.412, 140
Trd, 8639994.446, 140
Trd, 8639995.479, 140
Trd, 8639995.512, 140
Trd, 8639995.746, 140
Trd, 8639996.446, 66
Trd, 8639996.912, 69
Trd, 8639997.112, 114
Trd, 8639997.479, 138
Trd, 8639998.312, 67
Trd, 8639999.046, 128
Trd, 8639999.446, 140
Trd, 8639999.846, 132
Trd, 8639999.946, 132
