Trd, 8638776.846, 81
Trd, 8638777.079, 94
Trd, 8638777.546, 102
Trd, 8638778.246, 62
Trd, 8638778.412, 61
Trd, 8638779.879, 77
Trd, 8638780.046, 90
Trd, 8638780.679, 102
Trd, 8638780.746, 139
Trd, 8638780.946, 132
Trd, 8638781.346, 117
Trd, 8638782.279, 113
Trd, 8638782.746, 109
Trd, 8638783.546, 103
Trd, 8638783.612, 102
Trd, 8638783.779, 100
Trd, 8638783.846, 100
Trd, 8638784.012, 97
Trd, 8638785.312, 112
Trd, 8638785.446, 121
Trd, 8638785.512, 111
Trd, 8638786.112, 100
Trd, 8638786.512, 92
Trd, 8638786.779, 91
Trd, 8638786.879, 87
Trd, 8638787.679, 128
Trd, 8638787.979, 93
Trd, 8638788.512, 93
Trd, 8638788.946, 92
Trd, 8638789.146, 90
Trd, 8638789.179, 104
Trd, 8638790.246, 137
Trd, 8638790.312, 84
Trd, 8638790.679, 82
Trd, 8638792.846, 104
Trd, 8638793.479, 99
Trd, 8638793.579, 113
Trd, 8638793.679, 93
Trd, 8638793.879, 98
Trd, 8638793.946, 92
Trd, 8638795.279, 121
Trd, 8638795.346, 120
Trd, 8638796.446, 139
Trd, 8638796.779, 137
Trd, 8638797.112, 136
Trd, 8638797.279, 129
Trd, 8638797.579, 129
Trd, 8638797.879, 128
Trd, 8638798.379, 110
Trd, 8638798.712, 107
Trd, 8638798.746, 102
Trd, 8638798.846, 96
Trd, 8638799.212, 95
Trd, 8638799.279, 91
Trd, 8638799.579, 77
Trd, 8638799.646, 75
Trd, 8638799.746, 116
Trd, 8638800.479, 93
Trd, 8638801.946, 117
Trd, 8638802.446, 120
Trd, 8638802.646, 109
Trd, 8638802.746, 87
Trd, 8638802.846, 86
Trd, 8638802.912, 64
Trd, 8638803.912, 85
Trd, 8638803.946, 81
Trd, 8638804.412, 73
Trd, 8638805.112, 103
Trd, 8638805.379, 111
Trd, 8638807.412, 88
Trd, 8638808.246, 110
Trd, 8638808.346, 85
Trd, 8638808.479, 84
Trd, 8638809.079, 86
Trd, 8638809.212, 84
Trd, 8638809.346, 83
Trd, 8638809.746, 102
Trd, 8638809.846, 82
Trd, 8638810.479, 102
Trd, 8638811.046, 100
Trd, 8638811.679, 111
Trd, 8638812.146, 125
Trd, 8638812.646, 115
Trd, 8638812.679, 101
Trd, 8638812.879, 94
Trd, 8638813.979, 78
Trd, 8638814.146, 88
Trd, 8638814.246, 76
Trd, 8638815.112, 88
Trd, 8638815.846, 66
Trd, 8638815.946, 70
Trd, 8638816.546, 90
Trd, 8638816.579, 103
Trd, 8638816.812, 124
Trd, 8638817.212, 69
Trd, 8638817.646, 140
Trd, 8638818.112, 69
Trd, 8638818.946, 60
Trd, 8638819.579, 60
Trd, 8638820.412, 140
Trd, 8638821.212, 66
Trd, 8638822.212, 81
Trd, 8638822.546, 90
Trd, 8638822.612, 79
Trd, 8638822.946, 82
Trd, 8638823.446, 79
Trd, 8638823.812, 140
Trd, 8638823.912, 139
Trd, 8638823.946, 129
Trd, 8638824.179, 96
Trd, 8638824.212, 95
Trd, 8638824.346, 90
Trd, 8638825.379, 60
Trd, 8638826.012, 138
Trd, 8638826.246, 140
Trd, 8638826.712, 139
Trd, 8638826.812, 138
Trd, 8638826.979, 140
Trd, 8638827.812, 132
Trd, 8638829.512, 116
Trd, 8638830.112, 113
Trd, 8638830.312, 112
Trd, 8638830.379, 111
Trd, 8638830.879, 98
Trd, 8638830.912, 97
Trd, 8638831.179, 139
Trd, 8638831.446, 134
Trd, 8638831.579, 93
Trd, 8638832.346, 118
Trd, 8638832.446, 94
Trd, 8638833.012, 106
Trd, 8638833.712, 98
Trd, 8638833.746, 93
Trd, 8638834.012, 86
Trd, 8638835.112, 85
Trd, 8638835.579, 88
Trd, 8638835.679, 84
Trd, 8638836.246, 72
Trd, 8638836.379, 95
Trd, 8638836.579, 80
Trd, 8638837.946, 139
Trd, 8638838.212, 81
Trd, 8638838.746, 81
Trd, 8638839.079, 116
Trd, 8638839.212, 73
Trd, 8638839.846, 140
Trd, 8638839.912, 131
Trd, 8638840.012, 95
Trd, 8638840.379, 88
Trd, 8638841.146, 78
Trd, 8638842.746, 79
Trd, 8638842.846, 77
Trd, 8638843.046, 73
Trd, 8638843.879, 116
Trd, 8638843.912, 73
Trd, 8638844.212, 76
Trd, 8638844.479, 75
Trd, 8638844.579, 66
Trd, 8638845.312, 104
Trd, 8638845.446, 112
Trd, 8638846.146, 78
Trd, 8638846.646, 92
Trd, 8638847.246, 140
Trd, 8638847.346, 140
Trd, 8638848.146, 120
Trd, 8638848.446, 115
Trd, 8638848.946, 104
Trd, 8638849.112, 95
Trd, 8638849.346, 80
Trd, 8638850.679, 98
Trd, 8638850.712, 79
Trd, 8638850.946, 140
Trd, 8638851.012, 140
Trd, 8638851.612, 130
Trd, 8638852.012, 123
Trd, 8638852.346, 108
Trd, 8638852.946, 102
Trd, 8638853.112, 100
Trd, 8638853.912, 93
Trd, 8638854.212, 140
Trd, 8638854.346, 140
Trd, 8638855.279, 104
Trd, 8638855.846, 106
Trd, 8638855.979, 71
Trd, 8638857.479, 138
Trd, 8638858.179, 140
Trd, 8638858.279, 135
Trd, 8638858.312, 132
Trd, 8638858.346, 131
Trd, 8638858.646, 122
Trd, 8638858.979, 121
Trd, 8638860.379, 105
Trd, 8638860.479, 102
Trd, 8638860.712, 101
Trd, 8638861.112, 91
Trd, 8638862.112, 101
Trd, 8638862.346, 89
Trd, 8638862.546, 89
Trd, 8638862.746, 94
Trd, 8638862.979, 88
Trd, 8638863.012, 109
Trd, 8638864.712, 130
Trd, 8638865.312, 121
Trd, 8638865.346, 112
Trd, 8638866.012, 97
Trd, 8638866.079, 96
Trd, 8638867.046, 140
Trd, 8638867.179, 139
Trd, 8638867.679, 138
Trd, 8638867.979, 130
Trd, 8638868.246, 122
Trd, 8638868.612, 122
Trd, 8638869.146, 131
Trd, 8638869.746, 134
Trd, 8638869.846, 109
Trd, 8638869.912, 104
Trd, 8638871.112, 137
Trd, 8638871.412, 129
Trd, 8638872.146, 140
Trd, 8638872.379, 140
Trd, 8638873.812, 118
Trd, 8638873.912, 111
Trd, 8638874.246, 104
Trd, 8638875.312, 140
Trd, 8638875.479, 139
Trd, 8638876.212, 117
Trd, 8638876.279, 126
Trd, 8638876.646, 120
Trd, 8638876.812, 110
Trd, 8638877.379, 105
Trd, 8638877.979, 113
Trd, 8638878.379, 112
Trd, 8638878.646, 104
Trd, 8638879.579, 138
Trd, 8638879.812, 117
Trd, 8638880.146, 98
Trd, 8638880.846, 92
Trd, 8638880.879, 91
Trd, 8638881.012, 87
Trd, 8638881.112, 136
Trd, 8638881.612, 140
Trd, 8638882.846, 113
Trd, 8638883.346, 108
Trd, 8638883.412, 105
Trd, 8638883.979, 110
Trd, 8638884.279, 101
Trd, 8638884.879, 130
Trd, 8638885.046, 123
Trd, 8638885.546, 122
Trd, 8638885.946, 115
Trd, 8638886.179, 109
Trd, 8638886.846, 112
Trd, 8638887.079, 107
Trd, 8638887.112, 97
Trd, 8638888.346, 61
Trd, 8638888.779, 60
Trd, 8638889.346, 64
Trd, 8638889.546, 63
Trd, 8638889.579, 72
Trd, 8638890.079, 98
Trd, 8638890.846, 63
Trd, 8638891.079, 62
Trd, 8638891.346, 72
Trd, 8638892.812, 70
Trd, 8638892.946, 78
Trd, 8638893.212, 74
Trd, 8638893.779, 68
Trd, 8638893.912, 65
Trd, 8638894.246, 60
Trd, 8638895.346, 61
Trd, 8638895.746, 65
Trd, 8638895.779, 72
Trd, 8638896.112, 89
Trd, 8638897.312, 91
Trd, 8638897.446, 79
Trd, 8638897.479, 76
Trd, 8638897.979, 87
Trd, 8638898.046, 75
Trd, 8638898.179, 74
Trd, 8638898.646, 138
Trd, 8638898.746, 121
Trd, 8638900.179, 73
Trd, 8638900.846, 105
Trd, 8638901.179, 69
Trd, 8638901.246, 65
Trd, 8638901.712, 73
Trd, 8638902.079, 66
Trd, 8638903.546, 66
Trd, 8638904.146, 75
Trd, 8638904.412, 79
Trd, 8638904.712, 71
Trd, 8638905.046, 86
Trd, 8638905.246, 61
Trd, 8638906.246, 103
Trd, 8638906.412, 116
Trd, 8638906.712, 100
Trd, 8638907.346, 140
Trd, 8638908.079, 140
Trd, 8638909.279, 131
Trd, 8638909.346, 132
Trd, 8638909.412, 131
Trd, 8638909.812, 129
Trd, 8638910.279, 122
Trd, 8638910.712, 113
Trd, 8638911.179, 116
Trd, 8638911.779, 110
Trd, 8638913.179, 118
Trd, 8638913.712, 112
Trd, 8638913.979, 140
Trd, 8638914.212, 131
Trd, 8638914.246, 129
Trd, 8638914.379, 112
Trd, 8638914.546, 102
Trd, 8638915.146, 107
Trd, 8638915.479, 117
Trd, 8638915.779, 110
Trd, 8638915.946, 88
Trd, 8638916.579, 79
Trd, 8638917.979, 91
Trd, 8638918.212, 93
Trd, 8638918.779, 94
Trd, 8638918.879, 81
Trd, 8638919.212, 87
Trd, 8638919.712, 107
Trd, 8638919.746, 88
Trd, 8638919.946, 91
Trd, 8638920.079, 81
Trd, 8638920.279, 96
Trd, 8638920.746, 81
Trd, 8638921.812, 96
Trd, 8638921.879, 83
Trd, 8638922.479, 96
Trd, 8638922.879, 106
Trd, 8638922.946, 140
Trd, 8638923.046, 89
Trd, 8638923.879, 103
Trd, 8638924.712, 126
Trd, 8638925.446, 102
Trd, 8638925.479, 101
Trd, 8638925.579, 97
Trd, 8638926.146, 92
Trd, 8638926.612, 92
Trd, 8638926.646, 91
Trd, 8638926.779, 89
Trd, 8638927.279, 88
Trd, 8638927.412, 96
Trd, 8638927.446, 82
Trd, 8638928.912, 60
Trd, 8638929.146, 60
Trd, 8638929.346, 60
Trd, 8638929.812, 61
Trd, 8638930.112, 91
Trd, 8638930.679, 99
Trd, 8638931.046, 116
Trd, 8638931.079, 97
Trd, 8638931.946, 99
Trd, 8638931.979, 93
Trd, 8638932.979, 105
Trd, 8638933.112, 83
Trd, 8638933.879, 115
Trd, 8638934.379, 76
Trd, 8638934.546, 74
Trd, 8638934.746, 65
Trd, 8638934.779, 93
Trd, 8638935.412, 60
Trd, 8638936.446, 116
Trd, 8638936.479, 114
Trd, 8638936.946, 128
Trd, 8638937.012, 103
Trd, 8638937.246, 79
Trd, 8638938.679, 69
Trd, 8638938.946, 77
Trd, 8638939.212, 84
Trd, 8638939.579, 70
Trd, 8638940.012, 129
Trd, 8638940.679, 91
Trd, 8638941.412, 89
Trd, 8638941.612, 97
Trd, 8638941.846, 88
Trd, 8638942.246, 88
Trd, 8638942.312, 139
Trd, 8638942.446, 87
Trd, 8638942.646, 85
Trd, 8638943.679, 94
Trd, 8638945.046, 106
Trd, 8638945.479, 87
Trd, 8638946.012, 109
Trd, 8638946.146, 83
Trd, 8638946.379, 64
Trd, 8638947.112, 63
Trd, 8638947.346, 64
Trd, 8638947.712, 87
Trd, 8638948.179, 110
Trd, 8638948.446, 120
Trd, 8638948.512, 113
Trd, 8638948.579, 109
Trd, 8638948.846, 98
Trd, 8638949.512, 64
Trd, 8638951.712, 101
Trd, 8638952.246, 102
Trd, 8638952.512, 93
Trd, 8638952.812, 90
Trd, 8638953.312, 94
Trd, 8638953.679, 93
Trd, 8638953.912, 86
Trd, 8638954.112, 96
Trd, 8638954.479, 92
Trd, 8638954.979, 140
Trd, 8638955.046, 140
Trd, 8638955.179, 88
Trd, 8638955.779, 139
Trd, 8638956.379, 115
Trd, 8638956.679, 111
Trd, 8638957.112, 101
Trd, 8638957.179, 82
Trd, 8638957.912, 91
Trd, 8638959.446, 60
Trd, 8638959.512, 61
Trd, 8638960.546, 75
Trd, 8638960.646, 82
Trd, 8638960.979, 93
Trd, 8638961.379, 125
Trd, 8638961.579, 117
Trd, 8638961.612, 78
Trd, 8638961.946, 74
Trd, 8638962.512, 140
Trd, 8638963.179, 131
Trd, 8638963.212, 122
Trd, 8638964.079, 140
Trd, 8638964.379, 140
Trd, 8638964.479, 139
Trd, 8638964.779, 137
Trd, 8638964.846, 121
Trd, 8638965.012, 96
Trd, 8638965.879, 87
Trd, 8638966.746, 66
Trd, 8638967.012, 63
Trd, 8638967.312, 64
Trd, 8638967.979, 116
Trd, 8638968.546, 104
Trd, 8638968.779, 65
Trd, 8638969.612, 111
Trd, 8638970.879, 94
Trd, 8638971.146, 98
Trd, 8638972.112, 137
Trd, 8638972.246, 129
Trd, 8638972.612, 129
Trd, 8638972.746, 128
Trd, 8638973.446, 140
Trd, 8638973.779, 139
Trd, 8638973.946, 131
Trd, 8638974.379, 131
Trd, 8638975.079, 120
Trd, 8638975.512, 111
Trd, 8638975.579, 107
Trd, 8638976.146, 93
Trd, 8638977.379, 125
Trd, 8638977.679, 124
Trd, 8638977.712, 123
Trd, 8638977.946, 111
Trd, 8638978.412, 107
Trd, 8638978.679, 105
Trd, 8638979.012, 101
Trd, 8638979.712, 91
Trd, 8638979.812, 83
Trd, 8638980.646, 78
Trd, 8638981.846, 96
Trd, 8638982.246, 119
Trd, 8638982.412, 139
Trd, 8638982.746, 137
Trd, 8638983.346, 137
Trd, 8638984.046, 134
Trd, 8638985.079, 127
Trd, 8638985.512, 121
Trd, 8638985.912, 133
Trd, 8638986.312, 121
Trd, 8638986.579, 120
Trd, 8638987.046, 114
Trd, 8638987.079, 109
Trd, 8638987.612, 122
Trd, 8638987.746, 116
Trd, 8638988.212, 115
Trd, 8638989.479, 130
Trd, 8638989.846, 118
Trd, 8638989.979, 117
Trd, 8638990.046, 116
Trd, 8638990.579, 107
Trd, 8638991.579, 123
Trd, 8638992.279, 121
Trd, 8638992.479, 115
Trd, 8638992.646, 113
Trd, 8638993.279, 115
Trd, 8638993.479, 104
Trd, 8638993.779, 100
Trd, 8638994.812, 112
Trd, 8638995.112, 124
Trd, 8638996.146, 85
Trd, 8638996.412, 82
Trd, 8638996.746, 82
Trd, 8638997.046, 88
Trd, 8638997.179, 72
Trd, 8638998.346, 70
Trd, 8638998.612, 72
Trd, 8638999.012, 102
Trd, 8638999.312, 106
Trd, 8638999.479, 93
Trd, 8639000.246, 96
Trd, 8639000.546, 98
Trd, 8639000.746, 97
Trd, 8639000.846, 139
Trd, 8639000.946, 95
Trd, 8639001.612, 140
Trd, 8639002.046, 108
Trd, 8639002.279, 104
Trd, 8639002.846, 106
Trd, 8639004.079, 140
Trd, 8639004.246, 122
Trd, 8639004.279, 119
Trd, 8639004.346, 118
Trd, 8639004.579, 109
Trd, 8639004.879, 91
Trd, 8639005.246, 140
Trd, 8639005.979, 119
Trd, 8639006.046, 113
Trd, 8639006.712, 98
Trd, 8639006.912, 96
Trd, 8639007.512, 112
Trd, 8639008.579, 93
Trd, 8639008.912, 94
Trd, 8639008.979, 90
Trd, 8639010.246, 81
Trd, 8639010.979, 125
Trd, 8639011.512, 99
Trd, 8639012.212, 106
Trd, 8639012.312, 68
Trd, 8639012.346, 64
Trd, 8639013.546, 114
Trd, 8639013.679, 69
Trd, 8639014.212, 113
Trd, 8639014.412, 128
Trd, 8639014.746, 89
Trd, 8639014.779, 85
Trd, 8639015.046, 70
Trd, 8639015.379, 72
Trd, 8639016.012, 73
Trd, 8639016.712, 140
Trd, 8639016.746, 123
Trd, 8639017.012, 106
Trd, 8639017.079, 101
Trd, 8639017.746, 140
Trd, 8639018.012, 132
Trd, 8639018.246, 126
Trd, 8639018.912, 127
Trd, 8639019.146, 87
Trd, 8639019.879, 81
Trd, 8639021.046, 102
Trd, 8639021.346, 61
Trd, 8639022.312, 78
Trd, 8639022.446, 61
Trd, 8639022.946, 77
Trd, 8639023.312, 94
Trd, 8639023.646, 92
Trd, 8639023.912, 97
Trd, 8639024.046, 64
Trd, 8639024.279, 84
Trd, 8639024.879, 67
Trd, 8639025.112, 61
Trd, 8639026.146, 140
Trd, 8639026.279, 140
Trd, 8639026.579, 131
Trd, 8639027.412, 130
Trd, 8639027.512, 121
Trd, 8639027.679, 120
Trd, 8639027.879, 135
Trd, 8639028.579, 136
Trd, 8639028.646, 121
Trd, 8639029.612, 110
Trd, 8639029.979, 108
Trd, 8639030.379, 108
Trd, 8639030.612, 106
Trd, 8639030.679, 86
Trd, 8639032.546, 95
Trd, 8639032.879, 106
Trd, 8639033.179, 112
Trd, 8639033.746, 129
Trd, 8639033.979, 132
Trd, 8639034.079, 121
Trd, 8639034.346, 115
Trd, 8639034.912, 119
Trd, 8639035.512, 113
Trd, 8639035.679, 114
Trd, 8639036.079, 102
Trd, 8639036.112, 99
Trd, 8639036.712, 98
Trd, 8639037.479, 99
Trd, 8639037.846, 97
Trd, 8639038.512, 119
Trd, 8639038.946, 98
Trd, 8639039.212, 93
Trd, 8639039.279, 128
Trd, 8639039.312, 91
Trd, 8639039.946, 89
Trd, 8639040.279, 107
Trd, 8639041.379, 88
Trd, 8639041.579, 119
Trd, 8639041.712, 86
Trd, 8639041.846, 84
Trd, 8639043.046, 119
Trd, 8639043.079, 118
Trd, 8639043.546, 129
Trd, 8639044.012, 103
Trd, 8639044.212, 97
Trd, 8639045.146, 122
Trd, 8639045.812, 121
Trd, 8639045.879, 115
Trd, 8639045.912, 132
Trd, 8639046.412, 96
Trd, 8639046.512, 93
Trd, 8639046.879, 99
Trd, 8639047.812, 104
Trd, 8639048.179, 90
Trd, 8639048.246, 88
Trd, 8639048.546, 83
Trd, 8639049.012, 95
Trd, 8639049.479, 86
Trd, 8639050.779, 90
Trd, 8639051.146, 90
Trd, 8639051.412, 86
Trd, 8639051.612, 101
Trd, 8639051.679, 85
Trd, 8639052.512, 120
Trd, 8639053.112, 130
Trd, 8639053.146, 114
Trd, 8639053.179, 101
Trd, 8639053.446, 87
Trd, 8639053.879, 140
Trd, 8639054.279, 129
Trd, 8639055.379, 119
Trd, 8639055.412, 112
Trd, 8639055.446, 85
Trd, 8639055.846, 120
Trd, 8639056.646, 138
Trd, 8639056.746, 137
Trd, 8639057.479, 101
Trd, 8639057.746, 99
Trd, 8639058.179, 99
Trd, 8639058.212, 98
Trd, 8639060.012, 138
Trd, 8639060.279, 113
Trd, 8639061.079, 127
Trd, 8639061.112, 105
Trd, 8639062.279, 108
Trd, 8639062.479, 104
Trd, 8639063.212, 139
Trd, 8639063.679, 140
Trd, 8639063.746, 140
Trd, 8639064.212, 140
Trd, 8639064.546, 129
Trd, 8639064.746, 120
Trd, 8639066.179, 121
Trd, 8639066.512, 113
Trd, 8639066.612, 106
Trd, 8639066.646, 102
Trd, 8639067.179, 140
Trd, 8639067.212, 131
Trd, 8639067.779, 105
Trd, 8639067.846, 104
Trd, 8639068.146, 101
Trd, 8639068.879, 138
Trd, 8639069.412, 137
Trd, 8639069.746, 115
Trd, 8639069.779, 109
Trd, 8639070.579, 114
Trd, 8639070.979, 109
Trd, 8639071.579, 71
Trd, 8639072.579, 86
Trd, 8639072.779, 140
Trd, 8639074.212, 114
Trd, 8639075.312, 102
Trd, 8639075.746, 122
Trd, 8639075.846, 121
Trd, 8639076.046, 110
Trd, 8639076.079, 104
Trd, 8639076.446, 99
Trd, 8639076.746, 94
Trd, 8639077.412, 86
Trd, 8639077.646, 85
Trd, 8639078.246, 139
Trd, 8639078.746, 82
Trd, 8639079.279, 68
Trd, 8639081.379, 62
Trd, 8639081.546, 63
Trd, 8639081.679, 66
Trd, 8639081.946, 66
Trd, 8639082.012, 67
Trd, 8639082.046, 83
Trd, 8639082.412, 64
Trd, 8639083.679, 71
Trd, 8639083.979, 109
Trd, 8639084.079, 102
Trd, 8639084.112, 96
Trd, 8639085.112, 94
Trd, 8639086.146, 102
Trd, 8639086.512, 103
Trd, 8639087.079, 99
Trd, 8639087.346, 103
Trd, 8639087.579, 95
Trd, 8639088.546, 139
Trd, 8639088.579, 133
Trd, 8639088.846, 129
Trd, 8639088.879, 135
Trd, 8639090.079, 110
Trd, 8639090.179, 109
Trd, 8639090.212, 104
Trd, 8639090.579, 86
Trd, 8639091.312, 139
Trd, 8639091.579, 108
Trd, 8639092.112, 101
Trd, 8639093.279, 113
Trd, 8639094.079, 109
Trd, 8639094.379, 109
Trd, 8639094.646, 109
Trd, 8639095.312, 136
Trd, 8639095.546, 91
Trd, 8639095.612, 86
Trd, 8639096.779, 81
Trd, 8639097.179, 101
Trd, 8639097.312, 105
Trd, 8639097.879, 96
Trd, 8639098.346, 136
Trd, 8639098.479, 105
Trd, 8639098.512, 95
Trd, 8639098.779, 63
Trd, 8639099.012, 90
Trd, 8639099.912, 140
Trd, 8639100.746, 136
Trd, 8639101.112, 140
Trd, 8639101.346, 135
Trd, 8639101.479, 134
Trd, 8639102.546, 126
Trd, 8639102.612, 126
Trd, 8639102.912, 120
Trd, 8639103.646, 119
Trd, 8639103.846, 115
Trd, 8639104.079, 140
Trd, 8639104.146, 126
Trd, 8639104.179, 114
Trd, 8639105.679, 69
Trd, 8639105.979, 97
Trd, 8639107.279, 94
Trd, 8639107.479, 100
Trd, 8639107.746, 92
Trd, 8639108.012, 89
Trd, 8639108.346, 95
Trd, 8639108.579, 92
Trd, 8639109.246, 87
Trd, 8639109.279, 123
Trd, 8639109.346, 85
Trd, 8639110.279, 127
Trd, 8639110.546, 109
Trd, 8639111.179, 137
Trd, 8639111.512, 114
Trd, 8639112.146, 108
Trd, 8639112.246, 107
Trd, 8639112.746, 104
Trd, 8639113.379, 103
Trd, 8639113.512, 99
Trd, 8639113.746, 102
Trd, 8639114.179, 87
Trd, 8639115.146, 83
Trd, 8639115.912, 85
Trd, 8639116.246, 99
Trd, 8639116.279, 117
Trd, 8639116.679, 131
Trd, 8639117.146, 139
Trd, 8639117.546, 113
Trd, 8639117.812, 109
Trd, 8639117.912, 105
Trd, 8639118.146, 104
Trd, 8639118.646, 99
Trd, 8639118.912, 112
Trd, 8639120.412, 93
Trd, 8639120.846, 97
Trd, 8639120.946, 120
Trd, 8639121.112, 139
Trd, 8639121.246, 90
Trd, 8639121.779, 134
Trd, 8639121.846, 98
Trd, 8639122.512, 85
Trd, 8639122.879, 84
Trd, 8639123.446, 82
Trd, 8639123.479, 82
Trd, 8639124.412, 61
Trd, 8639124.946, 61
Trd, 8639126.112, 78
Trd, 8639126.512, 81
Trd, 8639126.979, 78
Trd, 8639127.246, 74
Trd, 8639127.412, 77
Trd, 8639127.646, 76
Trd, 8639129.079, 74
Trd, 8639130.012, 83
Trd, 8639130.079, 102
Trd, 8639130.212, 73
Trd, 8639130.346, 102
Trd, 8639130.379, 74
Trd, 8639131.112, 125
Trd, 8639131.346, 119
Trd, 8639131.379, 116
Trd, 8639131.846, 102
Trd, 8639132.312, 128
Trd, 8639133.079, 111
Trd, 8639133.112, 110
Trd, 8639133.312, 103
Trd, 8639134.546, 118
Trd, 8639134.746, 95
Trd, 8639134.846, 69
Trd, 8639135.579, 79
Trd, 8639136.012, 120
Trd, 8639136.779, 121
Trd, 8639136.912, 118
Trd, 8639137.179, 113
Trd, 8639137.612, 140
Trd, 8639138.246, 140
Trd, 8639138.512, 140
Trd, 8639139.079, 140
Trd, 8639140.046, 129
Trd, 8639140.479, 116
Trd, 8639140.746, 107
Trd, 8639140.946, 106
Trd, 8639141.179, 86
Trd, 8639141.246, 84
Trd, 8639141.579, 137
Trd, 8639141.812, 120
Trd, 8639141.946, 103
Trd, 8639143.346, 140
Trd, 8639143.546, 129
Trd, 8639144.046, 124
Trd, 8639144.279, 133
Trd, 8639144.746, 125
Trd, 8639144.779, 124
Trd, 8639145.579, 138
Trd, 8639145.646, 128
Trd, 8639146.212, 113
Trd, 8639146.446, 112
Trd, 8639147.479, 100
Trd, 8639148.546, 100
Trd, 8639148.812, 113
Trd, 8639149.279, 90
Trd, 8639149.346, 79
Trd, 8639149.446, 70
Trd, 8639150.946, 84
Trd, 8639151.146, 82
Trd, 8639151.212, 101
Trd, 8639151.846, 92
Trd, 8639152.812, 82
Trd, 8639152.846, 77
Trd, 8639153.712, 119
Trd, 8639153.779, 112
Trd, 8639153.879, 78
Trd, 8639154.346, 140
Trd, 8639154.612, 120
Trd, 8639154.746, 113
Trd, 8639155.779, 139
Trd, 8639156.312, 114
Trd, 8639156.379, 112
Trd, 8639156.879, 114
Trd, 8639157.279, 126
Trd, 8639157.346, 125
Trd, 8639158.346, 107
Trd, 8639158.512, 106
Trd, 8639158.579, 102
Trd, 8639158.812, 99
Trd, 8639159.212, 83
Trd, 8639159.312, 121
Trd, 8639160.346, 106
Trd, 8639161.079, 140
Trd, 8639161.412, 116
Trd, 8639162.246, 140
Trd, 8639162.512, 140
Trd, 8639162.646, 140
Trd, 8639162.746, 113
Trd, 8639163.279, 103
Trd, 8639163.612, 108
Trd, 8639163.646, 102
Trd, 8639164.512, 96
Trd, 8639164.712, 103
Trd, 8639164.979, 95
Trd, 8639165.179, 87
Trd, 8639166.012, 88
Trd, 8639166.046, 90
Trd, 8639167.012, 84
Trd, 8639167.512, 82
Trd, 8639167.746, 97
Trd, 8639167.979, 116
Trd, 8639168.146, 82
Trd, 8639168.379, 85
Trd, 8639168.579, 94
Trd, 8639169.379, 77
Trd, 8639169.546, 68
Trd, 8639170.646, 71
Trd, 8639170.712, 68
Trd, 8639171.179, 96
Trd, 8639171.646, 85
Trd, 8639172.479, 140
Trd, 8639172.646, 140
Trd, 8639173.646, 130
Trd, 8639174.146, 129
Trd, 8639174.612, 139
Trd, 8639174.979, 131
Trd, 8639175.246, 129
Trd, 8639175.279, 128
Trd, 8639175.912, 106
Trd, 8639176.046, 103
Trd, 8639176.112, 135
Trd, 8639176.612, 101
Trd, 8639176.912, 81
Trd, 8639177.712, 77
Trd, 8639179.746, 68
Trd, 8639179.779, 66
Trd, 8639180.112, 70
Trd, 8639180.146, 75
Trd, 8639180.779, 63
Trd, 8639180.979, 120
Trd, 8639181.612, 138
Trd, 8639182.079, 90
Trd, 8639182.446, 103
Trd, 8639183.479, 99
Trd, 8639183.579, 95
Trd, 8639184.279, 129
Trd, 8639184.612, 84
Trd, 8639185.146, 95
Trd, 8639185.546, 96
Trd, 8639185.579, 88
Trd, 8639185.846, 71
Trd, 8639186.846, 75
Trd, 8639186.912, 74
Trd, 8639187.012, 125
Trd, 8639188.112, 88
Trd, 8639188.412, 88
Trd, 8639188.846, 101
Trd, 8639189.279, 80
Trd, 8639189.446, 73
Trd, 8639189.646, 73
Trd, 8639190.346, 124
Trd, 8639191.212, 70
Trd, 8639191.346, 67
Trd, 8639191.512, 76
Trd, 8639192.846, 61
Trd, 8639193.612, 62
Trd, 8639194.512, 61
Trd, 8639194.846, 64
Trd, 8639195.946, 93
Trd, 8639195.979, 78
Trd, 8639196.479, 83
Trd, 8639197.412, 84
Trd, 8639197.546, 81
Trd, 8639197.712, 80
Trd, 8639197.746, 78
Trd, 8639198.112, 80
Trd, 8639198.246, 79
Trd, 8639198.779, 78
Trd, 8639200.012, 110
Trd, 8639200.412, 107
Trd, 8639200.479, 106
Trd, 8639200.546, 86
Trd, 8639201.312, 64
Trd, 8639202.879, 68
Trd, 8639203.046, 102
Trd, 8639203.246, 68
Trd, 8639203.546, 73
Trd, 8639204.212, 71
Trd, 8639204.846, 113
Trd, 8639205.246, 71
Trd, 8639205.379, 109
Trd, 8639205.812, 65
Trd, 8639206.012, 67
Trd, 8639207.179, 64
Trd, 8639207.512, 120
Trd, 8639208.179, 77
Trd, 8639208.912, 138
Trd, 8639209.346, 137
Trd, 8639209.746, 131
Trd, 8639210.212, 121
Trd, 8639210.512, 120
Trd, 8639211.079, 114
Trd, 8639212.379, 106
Trd, 8639212.412, 105
Trd, 8639212.946, 140
Trd, 8639213.479, 113
Trd, 8639213.612, 111
Trd, 8639214.179, 120
Trd, 8639215.279, 140
Trd, 8639215.346, 140
Trd, 8639215.746, 129
Trd, 8639215.779, 129
Trd, 8639216.779, 116
Trd, 8639216.879, 115
Trd, 8639217.312, 102
Trd, 8639217.479, 101
Trd, 8639217.512, 109
Trd, 8639217.812, 98
Trd, 8639218.279, 112
Trd, 8639218.446, 93
Trd, 8639219.446, 92
Trd, 8639219.746, 86
Trd, 8639219.879, 98
Trd, 8639220.079, 85
Trd, 8639221.446, 84
Trd, 8639221.612, 113
Trd, 8639222.179, 60
Trd, 8639222.612, 60
Trd, 8639222.779, 60
Trd, 8639223.546, 60
Trd, 8639223.646, 78
Trd, 8639224.479, 68
Trd, 8639225.446, 91
Trd, 8639226.112, 140
Trd, 8639226.179, 129
Trd, 8639226.246, 119
Trd, 8639226.779, 68
Trd, 8639226.979, 68
Trd, 8639227.546, 70
Trd, 8639227.746, 67
Trd, 8639228.012, 70
Trd, 8639228.479, 67
Trd, 8639228.979, 79
Trd, 8639229.346, 108
Trd, 8639230.012, 133
Trd, 8639230.912, 82
Trd, 8639231.312, 86
Trd, 8639231.879, 98
Trd, 8639232.679, 140
Trd, 8639233.146, 140
Trd, 8639233.579, 140
Trd, 8639233.846, 132
Trd, 8639234.112, 125
Trd, 8639235.179, 127
Trd, 8639235.546, 140
Trd, 8639235.846, 140
Trd, 8639236.579, 135
Trd, 8639236.679, 128
Trd, 8639236.779, 125
Trd, 8639237.212, 139
Trd, 8639237.346, 119
Trd, 8639237.912, 112
Trd, 8639238.212, 110
Trd, 8639238.379, 105
Trd, 8639238.479, 99
Trd, 8639238.946, 121
Trd, 8639239.246, 116
Trd, 8639239.846, 109
Trd, 8639240.179, 107
Trd, 8639240.912, 97
Trd, 8639241.679, 115
Trd, 8639242.079, 96
Trd, 8639242.279, 132
Trd, 8639242.946, 96
Trd, 8639243.012, 139
Trd, 8639243.079, 95
Trd, 8639243.346, 92
Trd, 8639243.546, 88
Trd, 8639243.846, 104
Trd, 8639244.246, 100
Trd, 8639244.546, 96
Trd, 8639244.846, 140
Trd, 8639246.279, 93
Trd, 8639246.879, 77
Trd, 8639247.712, 78
Trd, 8639248.712, 84
Trd, 8639248.979, 85
Trd, 8639249.046, 83
Trd, 8639250.212, 107
Trd, 8639250.279, 79
Trd, 8639250.379, 80
Trd, 8639250.979, 82
Trd, 8639251.312, 81
Trd, 8639251.479, 80
Trd, 8639251.679, 100
Trd, 8639252.246, 92
Trd, 8639252.879, 83
Trd, 8639253.679, 140
Trd, 8639253.812, 139
Trd, 8639253.946, 138
Trd, 8639253.979, 120
Trd, 8639254.612, 119
Trd, 8639255.379, 104
Trd, 8639255.812, 96
Trd, 8639256.279, 81
Trd, 8639257.079, 96
Trd, 8639257.212, 95
Trd, 8639257.446, 87
Trd, 8639257.679, 101
Trd, 8639258.612, 96
Trd, 8639258.679, 72
Trd, 8639259.379, 71
Trd, 8639259.679, 140
Trd, 8639260.046, 75
Trd, 8639260.246, 81
Trd, 8639260.946, 139
Trd, 8639261.212, 138
Trd, 8639262.012, 124
Trd, 8639262.279, 121
Trd, 8639262.446, 108
Trd, 8639262.679, 89
Trd, 8639262.712, 68
Trd, 8639263.879, 109
Trd, 8639264.012, 112
Trd, 8639265.379, 112
Trd, 8639265.446, 111
Trd, 8639265.679, 121
Trd, 8639267.179, 107
Trd, 8639267.246, 105
Trd, 8639267.446, 96
Trd, 8639267.846, 139
Trd, 8639268.079, 91
Trd, 8639268.246, 85
Trd, 8639268.379, 84
Trd, 8639268.512, 81
Trd, 8639269.879, 97
Trd, 8639270.079, 108
Trd, 8639270.679, 120
Trd, 8639270.879, 80
Trd, 8639271.612, 133
Trd, 8639271.746, 77
Trd, 8639272.212, 73
Trd, 8639272.379, 71
Trd, 8639272.512, 69
Trd, 8639273.779, 84
Trd, 8639274.279, 84
Trd, 8639274.646, 96
Trd, 8639274.912, 95
Trd, 8639275.046, 118
Trd, 8639275.712, 84
Trd, 8639276.179, 101
Trd, 8639276.446, 81
Trd, 8639277.179, 84
Trd, 8639277.312, 83
Trd, 8639277.812, 85
Trd, 8639277.846, 82
Trd, 8639278.812, 87
Trd, 8639278.946, 78
Trd, 8639279.546, 79
Trd, 8639279.879, 78
Trd, 8639280.012, 96
Trd, 8639280.112, 108
Trd, 8639280.979, 140
Trd, 8639281.612, 138
Trd, 8639281.712, 137
Trd, 8639282.379, 119
Trd, 8639282.679, 116
Trd, 8639282.712, 109
Trd, 8639283.279, 110
Trd, 8639283.612, 70
Trd, 8639283.946, 74
Trd, 8639284.512, 102
Trd, 8639285.612, 100
Trd, 8639286.479, 112
Trd, 8639286.546, 140
Trd, 8639286.912, 98
Trd, 8639288.146, 95
Trd, 8639288.412, 93
Trd, 8639289.279, 92
Trd, 8639289.446, 86
Trd, 8639290.112, 86
Trd, 8639290.279, 85
Trd, 8639290.879, 91
Trd, 8639291.546, 79
Trd, 8639292.446, 78
Trd, 8639292.512, 92
Trd, 8639292.546, 78
Trd, 8639293.079, 79
Trd, 8639293.379, 62
Trd, 8639293.446, 61
Trd, 8639294.346, 66
Trd, 8639294.579, 81
Trd, 8639294.746, 140
Trd, 8639295.012, 140
Trd, 8639295.279, 129
Trd, 8639295.312, 126
Trd, 8639296.046, 69
Trd, 8639296.846, 137
Trd, 8639297.312, 99
Trd, 8639297.679, 69
Trd, 8639298.712, 119
Trd, 8639298.746, 118
Trd, 8639298.879, 110
Trd, 8639298.946, 105
Trd, 8639299.212, 100
Trd, 8639299.546, 133
Trd, 8639300.079, 140
Trd, 8639300.112, 125
Trd, 8639300.446, 127
Trd, 8639301.279, 115
Trd, 8639302.612, 106
Trd, 8639303.346, 99
Trd, 8639304.079, 126
Trd, 8639304.279, 124
Trd, 8639304.346, 119
Trd, 8639306.112, 140
Trd, 8639306.412, 140
Trd, 8639307.012, 139
Trd, 8639307.046, 130
Trd, 8639307.412, 120
Trd, 8639308.346, 98
Trd, 8639308.546, 97
Trd, 8639308.879, 89
Trd, 8639309.179, 87
Trd, 8639309.379, 117
Trd, 8639310.379, 88
Trd, 8639310.412, 116
Trd, 8639310.512, 86
Trd, 8639310.812, 86
Trd, 8639311.112, 84
Trd, 8639311.446, 140
Trd, 8639312.146, 94
Trd, 8639312.179, 89
Trd, 8639312.979, 64
Trd, 8639313.412, 78
Trd, 8639313.746, 64
Trd, 8639313.879, 108
Trd, 8639314.012, 63
Trd, 8639314.346, 68
Trd, 8639314.512, 62
Trd, 8639314.846, 137
Trd, 8639315.146, 129
Trd, 8639315.512, 94
Trd, 8639316.646, 93
Trd, 8639317.346, 91
Trd, 8639317.446, 81
Trd, 8639317.579, 66
Trd, 8639318.412, 72
Trd, 8639318.812, 140
Trd, 8639319.279, 124
Trd, 8639319.312, 103
Trd, 8639319.646, 95
Trd, 8639319.746, 94
Trd, 8639319.979, 140
Trd, 8639321.079, 87
Trd, 8639321.279, 95
Trd, 8639321.346, 104
Trd, 8639321.812, 123
Trd, 8639322.879, 119
Trd, 8639323.612, 114
Trd, 8639324.179, 109
Trd, 8639324.579, 108
Trd, 8639325.346, 107
Trd, 8639326.179, 109
Trd, 8639326.279, 104
Trd, 8639326.712, 102
Trd, 8639326.846, 93
Trd, 8639327.079, 87
Trd, 8639327.479, 121
Trd, 8639328.012, 114
Trd, 8639328.079, 108
Trd, 8639328.546, 125
Trd, 8639328.712, 102
Trd, 8639328.879, 101
Trd, 8639329.179, 99
Trd, 8639330.079, 95
Trd, 8639330.246, 128
Trd, 8639330.912, 94
Trd, 8639331.146, 93
Trd, 8639331.479, 136
Trd, 8639332.346, 93
Trd, 8639333.746, 100
Trd, 8639333.879, 110
Trd, 8639334.212, 98
Trd, 8639334.879, 137
Trd, 8639335.679, 112
Trd, 8639335.779, 107
Trd, 8639335.946, 107
Trd, 8639336.346, 100
Trd, 8639336.946, 108
Trd, 8639337.146, 91
Trd, 8639337.412, 140
Trd, 8639337.446, 140
Trd, 8639337.779, 124
Trd, 8639338.212, 84
Trd, 8639338.646, 65
Trd, 8639340.346, 69
Trd, 8639340.479, 71
Trd, 8639340.779, 73
Trd, 8639340.846, 82
Trd, 8639341.512, 87
Trd, 8639341.712, 134
Trd, 8639341.846, 81
Trd, 8639342.379, 77
Trd, 8639342.712, 70
Trd, 8639342.846, 126
Trd, 8639344.346, 67
Trd, 8639344.379, 68
Trd, 8639344.712, 133
Trd, 8639346.479, 104
Trd, 8639346.679, 107
Trd, 8639347.379, 84
Trd, 8639347.979, 139
Trd, 8639348.079, 131
Trd, 8639349.079, 116
Trd, 8639349.146, 115
Trd, 8639349.612, 138
Trd, 8639351.246, 100
Trd, 8639351.679, 101
Trd, 8639352.146, 116
Trd, 8639352.312, 111
Trd, 8639352.446, 140
Trd, 8639352.646, 140
Trd, 8639353.279, 114
Trd, 8639353.346, 109
Trd, 8639353.379, 109
Trd, 8639355.079, 114
Trd, 8639355.412, 115
Trd, 8639355.579, 114
Trd, 8639356.212, 110
Trd, 8639356.479, 139
Trd, 8639356.679, 114
Trd, 8639356.779, 109
Trd, 8639356.946, 109
Trd, 8639357.146, 102
Trd, 8639357.312, 111
Trd, 8639357.946, 99
Trd, 8639358.512, 103
Trd, 8639358.946, 102
Trd, 8639359.512, 137
Trd, 8639359.646, 88
Trd, 8639360.046, 111
Trd, 8639360.479, 140
Trd, 8639361.179, 140
Trd, 8639361.879, 131
Trd, 8639362.346, 121
Trd, 8639362.712, 116
Trd, 8639363.146, 111
Trd, 8639363.412, 105
Trd, 8639363.546, 106
Trd, 8639364.079, 86
Trd, 8639364.846, 132
Trd, 8639365.279, 78
Trd, 8639366.079, 87
Trd, 8639366.712, 78
Trd, 8639366.979, 77
Trd, 8639367.312, 139
Trd, 8639367.412, 122
Trd, 8639367.679, 113
Trd, 8639367.912, 129
Trd, 8639368.179, 106
Trd, 8639368.246, 105
Trd, 8639369.179, 139
Trd, 8639369.546, 131
Trd, 8639369.746, 129
Trd, 8639370.546, 119
Trd, 8639371.179, 137
Trd, 8639371.479, 129
Trd, 8639371.779, 127
Trd, 8639372.512, 119
Trd, 8639372.979, 106
Trd, 8639373.079, 134
Trd, 8639373.346, 105
Trd, 8639373.812, 90
Trd, 8639374.346, 90
Trd, 8639374.879, 97
Trd, 8639375.279, 101
Trd, 8639376.046, 140
Trd, 8639376.812, 139
Trd, 8639377.679, 140
Trd, 8639377.946, 114
Trd, 8639378.212, 109
Trd, 8639378.446, 107
Trd, 8639378.612, 104
Trd, 8639379.279, 95
Trd, 8639380.112, 139
Trd, 8639380.479, 140
Trd, 8639380.579, 140
Trd, 8639380.612, 139
Trd, 8639381.579, 106
Trd, 8639381.746, 102
Trd, 8639381.879, 98
Trd, 8639382.212, 104
Trd, 8639382.246, 132
Trd, 8639382.612, 65
Trd, 8639383.979, 115
Trd, 8639384.512, 117
Trd, 8639384.679, 116
Trd, 8639385.079, 90
Trd, 8639386.046, 85
Trd, 8639386.679, 105
Trd, 8639386.712, 86
Trd, 8639387.379, 83
Trd, 8639387.579, 82
Trd, 8639387.846, 82
Trd, 8639388.279, 110
Trd, 8639388.946, 104
Trd, 8639388.979, 102
Trd, 8639389.346, 95
Trd, 8639390.012, 90
Trd, 8639390.579, 96
Trd, 8639391.279, 106
Trd, 8639391.479, 118
Trd, 8639391.746, 97
Trd, 8639391.879, 96
Trd, 8639391.946, 79
Trd, 8639392.812, 80
Trd, 8639392.912, 79
Trd, 8639392.979, 72
Trd, 8639393.179, 71
Trd, 8639394.646, 140
Trd, 8639395.346, 136
Trd, 8639395.812, 112
Trd, 8639396.246, 112
Trd, 8639396.379, 111
Trd, 8639398.079, 108
Trd, 8639398.379, 100
Trd, 8639398.679, 113
Trd, 8639398.946, 122
Trd, 8639399.012, 107
Trd, 8639399.412, 78
Trd, 8639400.212, 138
Trd, 8639400.679, 126
Trd, 8639400.946, 117
Trd, 8639401.346, 91
Trd, 8639401.912, 140
Trd, 8639402.546, 105
Trd, 8639402.846, 103
Trd, 8639402.879, 102
Trd, 8639403.179, 100
Trd, 8639403.412, 100
Trd, 8639403.479, 97
Trd, 8639404.112, 112
Trd, 8639404.846, 96
Trd, 8639404.979, 95
Trd, 8639405.146, 140
Trd, 8639405.612, 140
Trd, 8639406.079, 88
Trd, 8639407.012, 78
Trd, 8639408.246, 139
Trd, 8639408.546, 129
Trd, 8639409.612, 109
Trd, 8639409.646, 108
Trd, 8639410.246, 102
Trd, 8639410.746, 109
Trd, 8639411.179, 101
Trd, 8639411.646, 116
Trd, 8639411.879, 80
Trd, 8639411.946, 82
Trd, 8639412.479, 76
Trd, 8639412.846, 75
Trd, 8639412.946, 74
Trd, 8639413.946, 137
Trd, 8639414.446, 140
Trd, 8639415.079, 139
Trd, 8639415.212, 129
Trd, 8639415.512, 121
Trd, 8639415.646, 119
Trd, 8639416.012, 108
Trd, 8639416.446, 100
Trd, 8639417.979, 85
Trd, 8639418.912, 109
Trd, 8639419.012, 95
Trd, 8639419.379, 93
Trd, 8639419.612, 92
Trd, 8639419.946, 81
Trd, 8639420.012, 79
Trd, 8639421.212, 140
Trd, 8639421.246, 131
Trd, 8639421.646, 140
Trd, 8639422.912, 105
Trd, 8639423.179, 104
Trd, 8639423.346, 100
Trd, 8639423.979, 100
Trd, 8639424.079, 95
Trd, 8639424.412, 124
Trd, 8639424.546, 98
Trd, 8639424.779, 79
Trd, 8639425.646, 97
Trd, 8639425.779, 96
Trd, 8639426.279, 96
Trd, 8639427.079, 98
Trd, 8639427.479, 89
Trd, 8639428.279, 114
Trd, 8639428.679, 113
Trd, 8639429.112, 107
Trd, 8639429.812, 109
Trd, 8639430.046, 98
Trd, 8639431.512, 82
Trd, 8639431.779, 79
Trd, 8639432.212, 75
Trd, 8639432.346, 73
Trd, 8639432.712, 63
Trd, 8639432.979, 72
Trd, 8639433.479, 139
Trd, 8639434.312, 61
Trd, 8639434.379, 62
Trd, 8639434.512, 66
Trd, 8639434.912, 67
Trd, 8639436.179, 73
Trd, 8639437.712, 78
Trd, 8639438.712, 84
Trd, 8639438.746, 86
Trd, 8639439.112, 84
Trd, 8639439.246, 91
Trd, 8639439.712, 116
Trd, 8639439.879, 84
Trd, 8639440.579, 97
Trd, 8639440.812, 86
Trd, 8639441.012, 82
Trd, 8639441.046, 91
Trd, 8639441.712, 87
Trd, 8639442.212, 80
Trd, 8639442.812, 89
Trd, 8639443.612, 117
Trd, 8639444.779, 140
Trd, 8639445.146, 139
Trd, 8639445.179, 131
Trd, 8639445.246, 125
Trd, 8639446.046, 112
Trd, 8639446.412, 122
Trd, 8639447.046, 129
Trd, 8639447.412, 139
Trd, 8639447.546, 129
Trd, 8639447.646, 110
Trd, 8639448.712, 140
Trd, 8639448.946, 140
Trd, 8639449.079, 130
Trd, 8639450.146, 98
Trd, 8639450.212, 96
Trd, 8639450.412, 95
Trd, 8639450.846, 85
Trd, 8639451.179, 76
Trd, 8639451.246, 76
Trd, 8639451.579, 72
Trd, 8639452.979, 140
Trd, 8639453.112, 140
Trd, 8639453.146, 140
Trd, 8639453.679, 120
Trd, 8639453.879, 114
Trd, 8639454.146, 113
Trd, 8639454.512, 131
Trd, 8639455.046, 86
Trd, 8639455.779, 84
Trd, 8639456.546, 109
Trd, 8639456.946, 100
Trd, 8639456.979, 93
Trd, 8639457.212, 89
Trd, 8639457.479, 113
Trd, 8639458.146, 122
Trd, 8639458.312, 128
Trd, 8639458.446, 109
Trd, 8639458.946, 140
Trd, 8639459.012, 123
Trd, 8639459.946, 122
Trd, 8639460.112, 115
Trd, 8639460.979, 140
Trd, 8639461.446, 140
Trd, 8639461.579, 140
Trd, 8639462.246, 140
Trd, 8639462.846, 123
Trd, 8639463.212, 125
Trd, 8639463.379, 116
Trd, 8639464.079, 125
Trd, 8639464.746, 112
Trd, 8639465.246, 110
Trd, 8639465.346, 109
Trd, 8639465.679, 102
Trd, 8639465.746, 100
Trd, 8639466.412, 75
Trd, 8639467.612, 108
Trd, 8639467.712, 120
Trd, 8639468.379, 140
Trd, 8639468.712, 129
Trd, 8639469.279, 104
Trd, 8639469.346, 132
Trd, 8639470.212, 109
Trd, 8639470.546, 95
Trd, 8639470.579, 82
Trd, 8639470.612, 75
Trd, 8639470.646, 72
Trd, 8639470.712, 60
Trd, 8639471.212, 90
Trd, 8639472.746, 65
Trd, 8639473.479, 60
Trd, 8639473.879, 72
Trd, 8639474.112, 63
Trd, 8639474.679, 61
Trd, 8639475.112, 65
Trd, 8639475.179, 70
Trd, 8639476.212, 76
Trd, 8639476.679, 139
Trd, 8639477.746, 110
Trd, 8639477.812, 107
Trd, 8639478.346, 134
Trd, 8639478.379, 98
Trd, 8639478.646, 102
Trd, 8639480.246, 138
Trd, 8639480.279, 128
Trd, 8639481.146, 123
Trd, 8639481.512, 140
Trd, 8639481.679, 116
Trd, 8639482.112, 104
Trd, 8639482.512, 97
Trd, 8639482.812, 85
Trd, 8639482.879, 88
Trd, 8639483.312, 140
Trd, 8639483.579, 120
Trd, 8639484.379, 106
Trd, 8639484.512, 94
Trd, 8639485.046, 63
Trd, 8639485.646, 65
Trd, 8639486.212, 62
Trd, 8639486.379, 62
Trd, 8639486.746, 83
Trd, 8639487.412, 117
Trd, 8639487.579, 113
Trd, 8639488.412, 87
Trd, 8639488.746, 122
Trd, 8639488.979, 90
Trd, 8639489.112, 87
Trd, 8639489.412, 84
Trd, 8639489.779, 82
Trd, 8639489.812, 81
Trd, 8639491.246, 91
Trd, 8639491.579, 83
Trd, 8639491.712, 82
Trd, 8639492.946, 125
Trd, 8639493.046, 101
Trd, 8639493.279, 90
Trd, 8639493.912, 113
Trd, 8639494.246, 108
Trd, 8639494.512, 88
Trd, 8639495.046, 77
Trd, 8639496.246, 139
Trd, 8639496.412, 83
Trd, 8639497.146, 84
Trd, 8639497.946, 136
Trd, 8639498.112, 138
Trd, 8639498.146, 82
Trd, 8639498.979, 111
Trd, 8639499.212, 108
Trd, 8639499.412, 107
Trd, 8639499.512, 111
Trd, 8639499.579, 123
Trd, 8639499.879, 140
Trd, 8639500.379, 111
Trd, 8639500.679, 108
Trd, 8639502.779, 65
Trd, 8639503.412, 61
Trd, 8639503.879, 77
Trd, 8639504.912, 98
Trd, 8639505.446, 80
Trd, 8639505.879, 88
Trd, 8639505.979, 84
Trd, 8639506.146, 83
Trd, 8639506.512, 132
Trd, 8639507.579, 105
Trd, 8639507.912, 104
Trd, 8639508.446, 118
Trd, 8639508.579, 113
Trd, 8639509.446, 136
Trd, 8639509.646, 106
Trd, 8639509.712, 106
Trd, 8639510.246, 139
Trd, 8639510.712, 98
Trd, 8639511.112, 91
Trd, 8639511.446, 88
Trd, 8639511.512, 95
Trd, 8639511.779, 86
Trd, 8639512.312, 82
Trd, 8639512.479, 87
Trd, 8639512.646, 97
Trd, 8639513.646, 128
Trd, 8639514.012, 79
Trd, 8639514.112, 79
Trd, 8639514.179, 76
Trd, 8639515.346, 102
Trd, 8639516.879, 63
Trd, 8639517.646, 63
Trd, 8639517.779, 66
Trd, 8639517.946, 76
Trd, 8639518.179, 69
Trd, 8639518.846, 62
Trd, 8639519.112, 67
Trd, 8639519.612, 62
Trd, 8639520.979, 110
Trd, 8639521.246, 113
Trd, 8639521.346, 109
Trd, 8639522.812, 140
Trd, 8639523.346, 133
Trd, 8639523.379, 131
Trd, 8639524.412, 124
Trd, 8639524.979, 110
Trd, 8639525.046, 109
Trd, 8639525.712, 140
Trd, 8639526.512, 124
Trd, 8639527.179, 115
Trd, 8639527.479, 117
Trd, 8639527.646, 138
Trd, 8639527.712, 115
Trd, 8639528.246, 125
Trd, 8639528.612, 104
Trd, 8639528.712, 103
Trd, 8639529.179, 96
Trd, 8639530.079, 118
Trd, 8639530.746, 111
Trd, 8639530.812, 110
Trd, 8639530.879, 92
Trd, 8639531.646, 86
Trd, 8639532.046, 80
Trd, 8639532.646, 64
Trd, 8639532.746, 65
Trd, 8639533.146, 76
Trd, 8639534.079, 61
Trd, 8639535.179, 114
Trd, 8639535.679, 113
Trd, 8639536.079, 107
Trd, 8639536.679, 121
Trd, 8639537.012, 100
Trd, 8639537.546, 98
Trd, 8639537.579, 105
Trd, 8639537.646, 98
Trd, 8639537.879, 88
Trd, 8639538.179, 102
Trd, 8639538.312, 95
Trd, 8639538.812, 85
Trd, 8639539.679, 140
Trd, 8639540.279, 140
Trd, 8639540.379, 140
Trd, 8639540.512, 129
Trd, 8639540.546, 123
Trd, 8639540.812, 122
Trd, 8639541.812, 121
Trd, 8639542.979, 138
Trd, 8639543.079, 131
Trd, 8639544.612, 112
Trd, 8639544.746, 105
Trd, 8639544.879, 98
Trd, 8639545.079, 83
Trd, 8639545.446, 68
Trd, 8639545.612, 76
Trd, 8639545.912, 64
Trd, 8639547.046, 99
Trd, 8639547.079, 86
Trd, 8639548.479, 117
Trd, 8639548.546, 109
Trd, 8639548.712, 103
Trd, 8639549.312, 85
Trd, 8639549.612, 82
Trd, 8639549.846, 124
Trd, 8639550.212, 118
Trd, 8639550.346, 80
Trd, 8639551.012, 139
Trd, 8639551.412, 63
Trd, 8639551.912, 137
Trd, 8639552.746, 89
Trd, 8639553.346, 87
Trd, 8639553.546, 84
Trd, 8639553.946, 127
Trd, 8639554.646, 89
Trd, 8639555.312, 84
Trd, 8639555.479, 81
Trd, 8639555.779, 85
Trd, 8639555.912, 140
Trd, 8639556.712, 80
Trd, 8639557.112, 78
Trd, 8639557.579, 127
Trd, 8639558.079, 93
Trd, 8639558.346, 92
Trd, 8639558.646, 81
Trd, 8639559.479, 97
Trd, 8639559.546, 87
Trd, 8639559.746, 82
Trd, 8639560.879, 139
Trd, 8639560.946, 113
Trd, 8639561.212, 123
Trd, 8639562.012, 105
Trd, 8639562.246, 104
Trd, 8639562.979, 104
Trd, 8639563.279, 109
Trd, 8639564.112, 106
Trd, 8639564.446, 100
Trd, 8639564.812, 128
Trd, 8639564.946, 121
Trd, 8639565.012, 99
Trd, 8639565.046, 99
Trd, 8639565.179, 94
Trd, 8639565.612, 109
Trd, 8639565.912, 108
Trd, 8639566.612, 104
Trd, 8639567.179, 104
Trd, 8639568.379, 139
Trd, 8639568.446, 133
Trd, 8639568.912, 130
Trd, 8639568.979, 130
Trd, 8639569.812, 140
Trd, 8639570.312, 130
Trd, 8639570.412, 116
Trd, 8639571.312, 137
Trd, 8639572.279, 140
Trd, 8639572.479, 129
Trd, 8639572.946, 106
Trd, 8639573.279, 137
Trd, 8639573.579, 102
Trd, 8639573.846, 104
Trd, 8639574.412, 101
Trd, 8639574.712, 140
Trd, 8639575.712, 103
Trd, 8639575.879, 100
Trd, 8639576.146, 120
Trd, 8639576.179, 96
Trd, 8639577.079, 109
Trd, 8639577.112, 126
Trd, 8639577.146, 108
Trd, 8639578.446, 122
Trd, 8639579.379, 120
Trd, 8639579.579, 119
Trd, 8639579.846, 113
Trd, 8639580.612, 114
Trd, 8639580.646, 111
Trd, 8639581.046, 110
Trd, 8639581.512, 137
Trd, 8639581.712, 101
Trd, 8639582.046, 100
Trd, 8639582.479, 99
Trd, 8639583.146, 87
Trd, 8639583.446, 91
Trd, 8639583.912, 131
Trd, 8639584.212, 92
Trd, 8639584.479, 129
Trd, 8639585.179, 139
Trd, 8639586.246, 120
Trd, 8639587.346, 134
Trd, 8639587.979, 117
Trd, 8639588.079, 116
Trd, 8639588.212, 113
Trd, 8639588.446, 112
Trd, 8639589.146, 138
Trd, 8639589.446, 111
Trd, 8639590.579, 140
Trd, 8639590.612, 110
Trd, 8639590.679, 108
Trd, 8639591.846, 96
Trd, 8639592.612, 134
Trd, 8639593.246, 134
Trd, 8639593.746, 132
Trd, 8639593.979, 124
Trd, 8639594.112, 123
Trd, 8639594.546, 102
Trd, 8639594.579, 98
Trd, 8639594.646, 92
Trd, 8639595.412, 115
Trd, 8639595.779, 92
Trd, 8639596.212, 127
Trd, 8639596.246, 112
Trd, 8639597.179, 131
Trd, 8639597.279, 140
Trd, 8639598.012, 82
Trd, 8639598.079, 77
Trd, 8639598.512, 80
Trd, 8639599.179, 66
Trd, 8639600.212, 119
Trd, 8639600.312, 118
Trd, 8639600.479, 140
Trd, 8639601.912, 116
Trd, 8639602.012, 109
Trd, 8639602.346, 104
Trd, 8639603.079, 130
Trd, 8639603.279, 102
Trd, 8639603.312, 99
Trd, 8639604.346, 140
Trd, 8639604.912, 140
Trd, 8639605.079, 133
Trd, 8639605.512, 120
Trd, 8639606.312, 113
Trd, 8639606.712, 119
Trd, 8639607.479, 101
Trd, 8639607.579, 98
Trd, 8639607.912, 138
Trd, 8639608.312, 139
Trd, 8639608.612, 117
Trd, 8639608.746, 102
Trd, 8639609.512, 101
Trd, 8639610.012, 128
Trd, 8639611.312, 110
Trd, 8639611.746, 140
Trd, 8639611.812, 106
Trd, 8639612.612, 106
Trd, 8639612.679, 105
Trd, 8639612.779, 101
Trd, 8639613.879, 104
Trd, 8639613.979, 102
Trd, 8639614.746, 105
Trd, 8639614.812, 100
Trd, 8639615.312, 98
Trd, 8639615.379, 94
Trd, 8639615.412, 67
Trd, 8639617.712, 78
Trd, 8639617.946, 74
Trd, 8639618.379, 73
Trd, 8639618.412, 94
Trd, 8639618.879, 110
Trd, 8639618.912, 92
Trd, 8639619.246, 76
Trd, 8639619.679, 90
Trd, 8639620.746, 77
Trd, 8639621.346, 75
Trd, 8639622.179, 93
Trd, 8639622.612, 130
Trd, 8639622.812, 86
Trd, 8639623.112, 92
Trd, 8639623.646, 140
Trd, 8639623.746, 140
Trd, 8639623.946, 129
Trd, 8639624.146, 97
Trd, 8639624.312, 102
Trd, 8639624.446, 140
Trd, 8639624.979, 109
Trd, 8639625.146, 107
Trd, 8639625.879, 88
Trd, 8639626.312, 96
Trd, 8639626.746, 88
Trd, 8639626.912, 87
Trd, 8639627.212, 101
Trd, 8639628.079, 110
Trd, 8639628.212, 108
Trd, 8639628.779, 89
Trd, 8639628.846, 104
Trd, 8639629.812, 79
Trd, 8639629.846, 77
Trd, 8639630.212, 75
Trd, 8639630.546, 74
Trd, 8639630.812, 67
Trd, 8639631.246, 88
Trd, 8639631.279, 66
Trd, 8639632.012, 70
Trd, 8639632.579, 69
Trd, 8639633.379, 124
Trd, 8639634.446, 90
Trd, 8639634.912, 96
Trd, 8639635.146, 93
Trd, 8639635.812, 94
Trd, 8639635.912, 106
Trd, 8639635.946, 92
Trd, 8639636.146, 72
Trd, 8639637.346, 98
Trd, 8639637.612, 103
Trd, 8639638.379, 138
Trd, 8639638.479, 128
Trd, 8639639.646, 128
Trd, 8639639.812, 121
Trd, 8639640.046, 103
Trd, 8639640.179, 97
Trd, 8639640.712, 89
Trd, 8639640.946, 97
Trd, 8639641.412, 138
Trd, 8639641.512, 130
Trd, 8639641.979, 115
Trd, 8639642.079, 114
Trd, 8639642.212, 109
Trd, 8639642.812, 62
Trd, 8639643.079, 64
Trd, 8639644.246, 96
Trd, 8639645.279, 67
Trd, 8639645.679, 60
Trd, 8639645.979, 105
Trd, 8639646.212, 102
Trd, 8639646.612, 101
Trd, 8639646.912, 93
Trd, 8639646.946, 91
Trd, 8639647.612, 88
Trd, 8639648.246, 140
Trd, 8639648.912, 139
Trd, 8639649.146, 123
Trd, 8639649.946, 73
Trd, 8639651.379, 74
Trd, 8639651.612, 73
Trd, 8639652.579, 97
Trd, 8639652.779, 91
Trd, 8639652.879, 90
Trd, 8639653.812, 140
Trd, 8639653.912, 140
Trd, 8639654.012, 102
Trd, 8639654.112, 105
Trd, 8639654.779, 139
Trd, 8639655.646, 95
Trd, 8639656.046, 91
Trd, 8639656.779, 86
Trd, 8639657.046, 109
Trd, 8639657.746, 81
Trd, 8639658.346, 64
Trd, 8639658.812, 69
Trd, 8639659.379, 73
Trd, 8639659.679, 102
Trd, 8639659.846, 101
Trd, 8639660.212, 96
Trd, 8639660.612, 85
Trd, 8639661.412, 139
Trd, 8639661.546, 132
Trd, 8639661.912, 112
Trd, 8639662.646, 79
Trd, 8639662.712, 76
Trd, 8639663.546, 138
Trd, 8639663.979, 122
Trd, 8639664.212, 121
Trd, 8639664.279, 117
Trd, 8639664.446, 110
Trd, 8639664.712, 106
Trd, 8639665.779, 94
Trd, 8639665.979, 93
Trd, 8639666.046, 85
Trd, 8639666.279, 90
Trd, 8639667.179, 140
Trd, 8639667.312, 139
Trd, 8639667.412, 137
Trd, 8639667.712, 72
Trd, 8639668.579, 94
Trd, 8639669.412, 71
Trd, 8639669.612, 79
Trd, 8639670.079, 70
Trd, 8639670.846, 138
Trd, 8639670.946, 108
Trd, 8639671.946, 114
Trd, 8639672.079, 103
Trd, 8639672.112, 102
Trd, 8639672.846, 128
Trd, 8639673.746, 103
Trd, 8639673.779, 101
Trd, 8639674.112, 132
Trd, 8639674.179, 116
Trd, 8639674.312, 105
Trd, 8639675.246, 97
Trd, 8639675.546, 77
Trd, 8639676.512, 85
Trd, 8639677.212, 116
Trd, 8639677.679, 79
Trd, 8639677.812, 78
Trd, 8639678.546, 96
Trd, 8639678.812, 77
Trd, 8639679.712, 87
Trd, 8639679.779, 73
Trd, 8639679.912, 75
Trd, 8639680.746, 86
Trd, 8639681.279, 74
Trd, 8639681.546, 72
Trd, 8639682.579, 82
Trd, 8639682.679, 87
Trd, 8639682.712, 85
Trd, 8639683.579, 80
Trd, 8639684.179, 100
Trd, 8639684.446, 105
Trd, 8639684.846, 91
Trd, 8639684.879, 91
Trd, 8639687.146, 106
Trd, 8639687.479, 139
Trd, 8639687.512, 121
Trd, 8639688.446, 108
Trd, 8639688.812, 108
Trd, 8639688.946, 101
Trd, 8639690.746, 127
Trd, 8639690.779, 104
Trd, 8639690.846, 139
Trd, 8639691.579, 110
Trd, 8639691.846, 102
Trd, 8639692.112, 100
Trd, 8639692.512, 97
Trd, 8639692.712, 96
Trd, 8639693.779, 140
Trd, 8639694.112, 138
Trd, 8639694.146, 137
Trd, 8639694.579, 128
Trd, 8639694.679, 124
Trd, 8639694.812, 121
Trd, 8639694.946, 105
Trd, 8639695.946, 139
Trd, 8639696.012, 129
Trd, 8639696.412, 97
Trd, 8639696.746, 88
Trd, 8639696.879, 93
Trd, 8639697.912, 73
Trd, 8639698.146, 69
Trd, 8639698.946, 140
Trd, 8639699.779, 122
Trd, 8639700.146, 123
Trd, 8639700.212, 122
Trd, 8639701.112, 140
Trd, 8639701.179, 140
Trd, 8639701.512, 139
Trd, 8639701.812, 123
Trd, 8639703.246, 123
Trd, 8639703.679, 122
Trd, 8639703.979, 114
Trd, 8639704.679, 110
Trd, 8639704.746, 104
Trd, 8639704.946, 105
Trd, 8639705.246, 99
Trd, 8639705.412, 99
Trd, 8639706.212, 89
Trd, 8639706.412, 88
Trd, 8639706.779, 133
Trd, 8639707.746, 140
Trd, 8639708.079, 140
Trd, 8639708.146, 129
Trd, 8639708.812, 91
Trd, 8639709.679, 126
Trd, 8639710.079, 94
Trd, 8639710.379, 89
Trd, 8639710.446, 87
Trd, 8639711.046, 86
Trd, 8639711.479, 86
Trd, 8639711.512, 81
Trd, 8639712.279, 61
Trd, 8639712.612, 63
Trd, 8639712.912, 67
Trd, 8639714.212, 69
Trd, 8639714.779, 67
Trd, 8639715.612, 70
Trd, 8639715.679, 68
Trd, 8639715.879, 77
Trd, 8639716.012, 79
Trd, 8639716.312, 70
Trd, 8639717.346, 66
Trd, 8639717.446, 95
Trd, 8639718.079, 62
Trd, 8639718.279, 63
Trd, 8639718.412, 66
Trd, 8639718.512, 68
Trd, 8639720.179, 90
Trd, 8639720.212, 78
Trd, 8639720.846, 81
Trd, 8639721.179, 79
Trd, 8639721.312, 84
Trd, 8639721.879, 82
Trd, 8639722.012, 79
Trd, 8639722.079, 86
Trd, 8639722.312, 89
Trd, 8639722.846, 94
Trd, 8639723.279, 140
Trd, 8639723.579, 122
Trd, 8639723.779, 121
Trd, 8639724.779, 110
Trd, 8639725.412, 122
Trd, 8639725.646, 121
Trd, 8639725.946, 117
Trd, 8639726.312, 114
Trd, 8639726.479, 108
Trd, 8639726.512, 130
Trd, 8639726.979, 109
Trd, 8639727.179, 108
Trd, 8639727.346, 104
Trd, 8639728.412, 76
Trd, 8639728.446, 96
Trd, 8639729.246, 78
Trd, 8639729.779, 108
Trd, 8639730.112, 102
Trd, 8639730.612, 139
Trd, 8639731.146, 102
Trd, 8639731.312, 118
Trd, 8639731.746, 102
Trd, 8639731.912, 101
Trd, 8639732.112, 137
Trd, 8639733.046, 98
Trd, 8639733.279, 94
Trd, 8639733.512, 92
Trd, 8639733.846, 140
Trd, 8639733.879, 106
Trd, 8639734.146, 102
Trd, 8639734.912, 138
Trd, 8639735.046, 131
Trd, 8639735.512, 104
Trd, 8639735.546, 99
Trd, 8639735.712, 88
Trd, 8639736.446, 62
Trd, 8639737.346, 113
Trd, 8639738.279, 97
Trd, 8639738.412, 93
Trd, 8639738.479, 92
Trd, 8639740.346, 139
Trd, 8639741.446, 130
Trd, 8639741.479, 129
Trd, 8639741.812, 115
Trd, 8639742.046, 101
Trd, 8639742.279, 98
Trd, 8639742.379, 114
Trd, 8639742.712, 98
Trd, 8639742.746, 117
Trd, 8639742.979, 139
Trd, 8639744.046, 87
Trd, 8639744.512, 117
Trd, 8639745.046, 79
Trd, 8639745.379, 83
Trd, 8639746.646, 115
Trd, 8639747.146, 116
Trd, 8639747.612, 101
Trd, 8639747.712, 88
Trd, 8639748.712, 82
Trd, 8639748.746, 82
Trd, 8639748.812, 79
Trd, 8639749.112, 77
Trd, 8639750.379, 137
Trd, 8639750.846, 138
Trd, 8639752.212, 140
Trd, 8639752.412, 130
Trd, 8639752.446, 130
Trd, 8639752.612, 121
Trd, 8639752.712, 108
Trd, 8639753.079, 112
Trd, 8639754.146, 111
Trd, 8639754.679, 111
Trd, 8639754.846, 111
Trd, 8639754.912, 107
Trd, 8639755.012, 81
Trd, 8639755.979, 94
Trd, 8639756.846, 63
Trd, 8639757.079, 62
Trd, 8639757.446, 65
Trd, 8639758.612, 140
Trd, 8639758.846, 140
Trd, 8639759.846, 139
Trd, 8639760.046, 119
Trd, 8639760.846, 115
Trd, 8639761.379, 112
Trd, 8639761.546, 140
Trd, 8639761.612, 110
Trd, 8639762.346, 103
Trd, 8639762.612, 91
Trd, 8639762.979, 88
Trd, 8639763.346, 86
Trd, 8639763.946, 105
Trd, 8639764.112, 93
Trd, 8639765.512, 137
Trd, 8639765.912, 127
Trd, 8639766.079, 123
Trd, 8639766.546, 122
Trd, 8639766.812, 121
Trd, 8639767.312, 116
Trd, 8639767.679, 110
Trd, 8639767.812, 109
Trd, 8639768.346, 106
Trd, 8639769.712, 132
Trd, 8639770.112, 127
Trd, 8639770.246, 119
Trd, 8639770.546, 140
Trd, 8639770.579, 115
Trd, 8639771.179, 106
Trd, 8639771.712, 108
Trd, 8639772.112, 107
Trd, 8639772.179, 105
Trd, 8639772.946, 104
Trd, 8639773.746, 97
Trd, 8639774.712, 102
Trd, 8639774.946, 114
Trd, 8639775.112, 135
Trd, 8639775.279, 99
Trd, 8639775.779, 98
Trd, 8639775.946, 96
Trd, 8639776.046, 93
Trd, 8639776.346, 103
Trd, 8639776.579, 109
Trd, 8639777.779, 73
Trd, 8639778.446, 105
Trd, 8639779.846, 60
Trd, 8639779.879, 60
Trd, 8639780.579, 60
Trd, 8639780.846, 63
Trd, 8639780.879, 96
Trd, 8639781.812, 68
Trd, 8639781.879, 90
Trd, 8639782.079, 108
Trd, 8639782.446, 84
Trd, 8639783.112, 81
Trd, 8639783.179, 77
Trd, 8639783.646, 78
Trd, 8639784.312, 107
Trd, 8639785.279, 81
Trd, 8639786.146, 76
Trd, 8639786.179, 84
Trd, 8639786.312, 101
Trd, 8639786.779, 75
Trd, 8639787.279, 84
Trd, 8639787.446, 76
Trd, 8639788.079, 90
Trd, 8639788.679, 140
Trd, 8639788.712, 140
Trd, 8639788.946, 132
Trd, 8639789.679, 140
Trd, 8639790.046, 140
Trd, 8639790.179, 120
Trd, 8639790.779, 108
Trd, 8639791.746, 111
Trd, 8639792.112, 105
Trd, 8639792.146, 103
Trd, 8639792.312, 93
Trd, 8639792.879, 140
Trd, 8639793.746, 89
Trd, 8639793.979, 86
Trd, 8639794.312, 108
Trd, 8639794.479, 92
Trd, 8639795.146, 86
Trd, 8639795.579, 83
Trd, 8639796.212, 102
Trd, 8639796.446, 75
Trd, 8639796.879, 87
Trd, 8639797.446, 139
Trd, 8639798.612, 82
Trd, 8639798.912, 90
Trd, 8639799.312, 130
Trd, 8639799.346, 107
Trd, 8639800.046, 140
Trd, 8639800.612, 140
Trd, 8639800.812, 140
Trd, 8639801.212, 132
Trd, 8639801.446, 132
Trd, 8639801.679, 131
Trd, 8639801.812, 96
Trd, 8639802.279, 82
Trd, 8639803.112, 77
Trd, 8639803.779, 86
Trd, 8639804.312, 73
Trd, 8639804.346, 71
Trd, 8639804.812, 73
Trd, 8639805.612, 78
Trd, 8639805.646, 99
Trd, 8639805.979, 74
Trd, 8639806.879, 89
Trd, 8639806.946, 74
Trd, 8639807.579, 77
Trd, 8639807.679, 71
Trd, 8639808.012, 111
Trd, 8639808.446, 109
Trd, 8639808.579, 105
Trd, 8639809.446, 71
Trd, 8639809.979, 87
Trd, 8639810.479, 108
Trd, 8639810.879, 95
Trd, 8639811.546, 64
Trd, 8639812.079, 60
Trd, 8639812.346, 68
Trd, 8639813.079, 60
Trd, 8639814.046, 63
Trd, 8639814.512, 82
Trd, 8639814.612, 60
Trd, 8639815.679, 65
Trd, 8639816.012, 74
Trd, 8639816.612, 104
Trd, 8639816.646, 103
Trd, 8639817.712, 106
Trd, 8639817.846, 103
Trd, 8639817.879, 103
Trd, 8639817.946, 99
Trd, 8639818.312, 87
Trd, 8639818.579, 136
Trd, 8639818.779, 65
Trd, 8639819.446, 75
Trd, 8639820.679, 140
Trd, 8639821.379, 140
Trd, 8639821.546, 140
Trd, 8639821.579, 131
Trd, 8639822.012, 135
Trd, 8639822.079, 129
Trd, 8639822.112, 128
Trd, 8639822.479, 128
Trd, 8639822.912, 127
Trd, 8639822.979, 111
Trd, 8639823.679, 106
Trd, 8639823.912, 81
Trd, 8639825.046, 138
Trd, 8639825.112, 121
Trd, 8639825.612, 110
Trd, 8639825.679, 106
Trd, 8639825.912, 101
Trd, 8639826.512, 119
Trd, 8639826.579, 118
Trd, 8639828.512, 118
Trd, 8639828.779, 108
Trd, 8639829.412, 108
Trd, 8639829.979, 107
Trd, 8639830.079, 105
Trd, 8639830.612, 140
Trd, 8639830.646, 140
Trd, 8639831.412, 133
Trd, 8639831.612, 124
Trd, 8639832.179, 123
Trd, 8639832.446, 116
Trd, 8639832.746, 124
Trd, 8639833.912, 140
Trd, 8639833.946, 140
Trd, 8639834.312, 117
Trd, 8639834.412, 116
Trd, 8639834.512, 115
Trd, 8639834.946, 99
Trd, 8639835.346, 99
Trd, 8639835.412, 98
Trd, 8639836.279, 102
Trd, 8639836.846, 99
Trd, 8639836.979, 139
Trd, 8639837.379, 117
Trd, 8639837.746, 98
Trd, 8639838.046, 97
Trd, 8639839.379, 126
Trd, 8639839.446, 128
Trd, 8639840.346, 125
Trd, 8639840.679, 124
Trd, 8639841.012, 117
Trd, 8639841.046, 116
Trd, 8639841.612, 121
Trd, 8639841.879, 115
Trd, 8639842.212, 140
Trd, 8639842.279, 109
Trd, 8639842.346, 104
Trd, 8639843.312, 140
Trd, 8639843.679, 139
Trd, 8639844.079, 134
Trd, 8639845.546, 131
Trd, 8639845.579, 129
Trd, 8639845.679, 117
Trd, 8639846.346, 140
Trd, 8639846.479, 119
Trd, 8639846.812, 101
Trd, 8639847.612, 123
Trd, 8639847.912, 106
Trd, 8639848.779, 95
Trd, 8639849.346, 113
Trd, 8639849.946, 140
Trd, 8639849.979, 140
Trd, 8639850.146, 112
Trd, 8639851.346, 89
Trd, 8639851.679, 83
Trd, 8639852.112, 77
Trd, 8639852.412, 75
Trd, 8639853.112, 85
Trd, 8639853.712, 75
Trd, 8639854.012, 73
Trd, 8639854.612, 104
Trd, 8639854.712, 96
Trd, 8639855.046, 78
Trd, 8639856.179, 124
Trd, 8639856.579, 139
Trd, 8639856.746, 138
Trd, 8639857.912, 139
Trd, 8639858.146, 122
Trd, 8639858.712, 116
Trd, 8639858.912, 108
Trd, 8639859.079, 103
Trd, 8639859.346, 100
Trd, 8639859.379, 95
Trd, 8639860.112, 132
Trd, 8639860.379, 102
Trd, 8639860.846, 87
Trd, 8639861.346, 87
Trd, 8639861.512, 133
Trd, 8639861.612, 84
Trd, 8639862.246, 77
Trd, 8639862.779, 109
Trd, 8639862.979, 104
Trd, 8639863.179, 91
Trd, 8639863.812, 140
Trd, 8639864.179, 82
Trd, 8639864.612, 92
Trd, 8639864.946, 140
Trd, 8639865.579, 87
Trd, 8639866.212, 82
Trd, 8639866.379, 74
Trd, 8639868.146, 118
Trd, 8639868.312, 109
Trd, 8639868.412, 124
Trd, 8639868.479, 106
Trd, 8639868.512, 128
Trd, 8639868.746, 102
Trd, 8639869.379, 86
Trd, 8639870.046, 78
Trd, 8639870.479, 140
Trd, 8639870.679, 140
Trd, 8639871.146, 116
Trd, 8639871.246, 110
Trd, 8639871.912, 136
Trd, 8639872.246, 96
Trd, 8639872.546, 95
Trd, 8639873.279, 91
Trd, 8639873.379, 91
Trd, 8639873.479, 73
Trd, 8639874.079, 72
Trd, 8639874.579, 140
Trd, 8639875.079, 129
Trd, 8639875.712, 94
Trd, 8639875.846, 82
Trd, 8639877.146, 79
Trd, 8639877.346, 77
Trd, 8639877.879, 73
Trd, 8639878.412, 78
Trd, 8639878.579, 77
Trd, 8639878.712, 83
Trd, 8639879.512, 140
Trd, 8639879.879, 109
Trd, 8639879.979, 92
Trd, 8639880.279, 94
Trd, 8639880.846, 92
Trd, 8639880.979, 78
Trd, 8639882.679, 79
Trd, 8639882.946, 93
Trd, 8639883.346, 94
Trd, 8639883.479, 78
Trd, 8639884.412, 136
Trd, 8639884.512, 83
Trd, 8639884.946, 89
Trd, 8639885.246, 82
Trd, 8639886.279, 95
Trd, 8639886.946, 137
Trd, 8639887.546, 129
Trd, 8639887.646, 120
Trd, 8639887.746, 119
Trd, 8639887.812, 114
Trd, 8639888.046, 104
Trd, 8639889.146, 138
Trd, 8639889.579, 103
Trd, 8639889.779, 72
Trd, 8639890.412, 67
Trd, 8639891.579, 60
Trd, 8639892.312, 72
Trd, 8639892.779, 80
Trd, 8639893.312, 109
Trd, 8639893.579, 107
Trd, 8639894.179, 117
Trd, 8639894.212, 99
Trd, 8639894.379, 96
Trd, 8639894.479, 94
Trd, 8639895.312, 93
Trd, 8639895.646, 93
Trd, 8639896.179, 118
Trd, 8639896.212, 92
Trd, 8639897.112, 140
Trd, 8639897.379, 139
Trd, 8639897.446, 121
Trd, 8639898.379, 101
Trd, 8639899.646, 96
Trd, 8639899.712, 95
Trd, 8639899.912, 90
Trd, 8639900.646, 122
Trd, 8639902.079, 94
Trd, 8639903.046, 108
Trd, 8639903.646, 140
Trd, 8639903.779, 132
Trd, 8639903.812, 131
Trd, 8639904.512, 124
Trd, 8639904.646, 138
Trd, 8639904.712, 116
Trd, 8639904.812, 115
Trd, 8639905.579, 139
Trd, 8639905.679, 129
Trd, 8639905.712, 107
Trd, 8639905.746, 104
Trd, 8639906.779, 119
Trd, 8639906.912, 108
Trd, 8639907.279, 102
Trd, 8639908.179, 125
Trd, 8639908.512, 140
Trd, 8639908.546, 116
Trd, 8639908.779, 115
Trd, 8639910.446, 140
Trd, 8639911.579, 114
Trd, 8639911.712, 113
Trd, 8639911.746, 112
Trd, 8639912.112, 110
Trd, 8639912.546, 102
Trd, 8639912.912, 90
Trd, 8639912.946, 89
Trd, 8639914.379, 124
Trd, 8639914.579, 124
Trd, 8639914.812, 123
Trd, 8639915.212, 119
Trd, 8639916.146, 110
Trd, 8639916.846, 109
Trd, 8639916.979, 106
Trd, 8639917.012, 102
Trd, 8639917.146, 140
Trd, 8639918.079, 139
Trd, 8639918.179, 138
Trd, 8639918.379, 106
Trd, 8639919.079, 130
Trd, 8639919.279, 116
Trd, 8639919.879, 140
Trd, 8639920.946, 97
Trd, 8639920.979, 94
Trd, 8639921.079, 90
Trd, 8639921.512, 91
Trd, 8639921.846, 140
Trd, 8639921.879, 105
Trd, 8639922.012, 87
Trd, 8639923.212, 85
Trd, 8639923.246, 84
Trd, 8639923.579, 129
Trd, 8639925.046, 140
Trd, 8639925.279, 121
Trd, 8639925.579, 109
Trd, 8639925.746, 94
Trd, 8639926.412, 126
Trd, 8639926.446, 98
Trd, 8639927.112, 140
Trd, 8639927.212, 131
Trd, 8639927.312, 123
Trd, 8639927.446, 93
Trd, 8639927.812, 90
Trd, 8639928.412, 110
Trd, 8639928.546, 91
Trd, 8639928.846, 94
Trd, 8639929.446, 84
Trd, 8639930.412, 77
Trd, 8639932.679, 140
Trd, 8639932.879, 140
Trd, 8639932.979, 140
Trd, 8639933.012, 139
Trd, 8639933.346, 129
Trd, 8639934.179, 134
Trd, 8639934.479, 122
Trd, 8639935.012, 128
Trd, 8639935.046, 109
Trd, 8639935.346, 122
Trd, 8639935.679, 118
Trd, 8639935.712, 115
Trd, 8639936.346, 116
Trd, 8639936.612, 108
Trd, 8639937.646, 117
Trd, 8639937.679, 103
Trd, 8639938.079, 84
Trd, 8639938.146, 101
Trd, 8639939.546, 78
Trd, 8639940.812, 64
Trd, 8639942.879, 64
Trd, 8639943.079, 65
Trd, 8639943.246, 69
Trd, 8639943.746, 88
Trd, 8639944.712, 64
Trd, 8639945.379, 139
Trd, 8639945.446, 96
Trd, 8639945.612, 79
Trd, 8639946.046, 139
Trd, 8639946.446, 119
Trd, 8639946.579, 111
Trd, 8639946.879, 104
Trd, 8639947.846, 92
Trd, 8639948.079, 80
Trd, 8639948.212, 79
Trd, 8639949.212, 82
Trd, 8639949.479, 81
Trd, 8639949.679, 125
Trd, 8639951.712, 106
Trd, 8639951.812, 77
Trd, 8639952.012, 77
Trd, 8639952.046, 74
Trd, 8639952.312, 125
Trd, 8639952.712, 89
Trd, 8639952.846, 139
Trd, 8639952.979, 123
Trd, 8639953.979, 61
Trd, 8639954.546, 72
Trd, 8639955.446, 64
Trd, 8639955.812, 60
Trd, 8639955.912, 69
Trd, 8639956.979, 87
Trd, 8639957.146, 76
Trd, 8639957.712, 111
Trd, 8639957.879, 110
Trd, 8639958.279, 110
Trd, 8639958.646, 103
Trd, 8639958.746, 98
Trd, 8639958.912, 98
Trd, 8639959.346, 96
Trd, 8639960.179, 93
Trd, 8639960.846, 102
Trd, 8639961.379, 127
Trd, 8639961.812, 106
Trd, 8639961.979, 100
Trd, 8639962.412, 98
Trd, 8639963.412, 140
Trd, 8639963.779, 123
Trd, 8639964.246, 114
Trd, 8639964.279, 140
Trd, 8639964.612, 106
Trd, 8639964.779, 94
Trd, 8639965.279, 93
Trd, 8639966.212, 128
Trd, 8639966.712, 104
Trd, 8639967.079, 139
Trd, 8639967.246, 135
Trd, 8639967.846, 123
Trd, 8639968.779, 124
Trd, 8639969.046, 117
Trd, 8639969.246, 116
Trd, 8639969.279, 115
Trd, 8639969.546, 113
Trd, 8639969.779, 108
Trd, 8639969.979, 104
Trd, 8639971.412, 106
Trd, 8639971.646, 100
Trd, 8639972.112, 107
Trd, 8639972.446, 140
Trd, 8639973.012, 123
Trd, 8639973.379, 103
Trd, 8639973.612, 130
Trd, 8639974.279, 120
Trd, 8639974.312, 115
Trd, 8639975.446, 109
Trd, 8639975.679, 94
Trd, 8639975.879, 93
Trd, 8639976.246, 109
Trd, 8639976.579, 136
Trd, 8639976.646, 134
Trd, 8639976.712, 91
Trd, 8639976.746, 77
Trd, 8639977.579, 140
Trd, 8639978.046, 122
Trd, 8639979.412, 69
Trd, 8639980.146, 74
Trd, 8639980.679, 75
Trd, 8639981.046, 73
Trd, 8639981.579, 67
Trd, 8639981.879, 102
Trd, 8639982.212, 98
Trd, 8639982.246, 96
Trd, 8639982.946, 67
Trd, 8639983.246, 74
Trd, 8639984.112, 102
Trd, 8639984.979, 94
Trd, 8639985.046, 90
Trd, 8639985.579, 84
Trd, 8639985.779, 79
Trd, 8639986.279, 140
Trd, 8639986.512, 121
Trd, 8639986.579, 119
Trd, 8639987.512, 127
Trd, 8639987.612, 92
Trd, 8639988.146, 102
Trd, 8639988.412, 98
Trd, 8639989.079, 97
Trd, 8639989.346, 139
Trd, 8639989.412, 93
Trd, 8639991.012, 122
Trd, 8639991.212, 103
Trd, 8639992.079, 106
Trd, 8639992.312, 94
Trd, 8639992.812, 93
Trd, 8639992.846, 92
Trd, 8639993.946, 140
Trd, 8639994.079, 139
Trd, 8639994.312, 130
Trd, 8639994.746, 138
Trd, 8639994.912, 120
Trd, 8639994.979, 110
Trd, 8639995.179, 101
Trd, 8639995.346, 90
Trd, 8639996.279, 93
Trd, 8639996.712, 140
Trd, 8639997.046, 92
Trd, 8639998.012, 129
Trd, 8639998.346, 112
Trd, 8639998.379, 111
Trd, 8639999.146, 107
Trd, 8639999.446, 106
