Trd, 8638758.646, 137
Trd, 8638758.912, 133
Trd, 8638758.946, 133
Trd, 8638759.379, 129
Trd, 8638759.579, 126
Trd, 8638760.246, 106
Trd, 8638760.479, 113
Trd, 8638761.579, 126
Trd, 8638761.646, 106
Trd, 8638762.979, 94
Trd, 8638763.012, 87
Trd, 8638763.579, 132
Trd, 8638763.846, 113
Trd, 8638764.379, 110
Trd, 8638764.679, 105
Trd, 8638764.779, 97
Trd, 8638765.412, 114
Trd, 8638766.179, 133
Trd, 8638766.579, 104
Trd, 8638766.912, 87
Trd, 8638766.979, 111
Trd, 8638767.379, 122
Trd, 8638769.446, 126
Trd, 8638769.612, 108
Trd, 8638769.712, 108
Trd, 8638770.346, 93
Trd, 8638770.779, 79
Trd, 8638771.112, 117
Trd, 8638771.479, 115
Trd, 8638771.712, 93
Trd, 8638772.012, 66
Trd, 8638773.446, 131
Trd, 8638773.912, 80
Trd, 8638774.012, 89
Trd, 8638774.679, 106
Trd, 8638775.379, 117
Trd, 8638775.412, 107
Trd, 8638776.579, 118
Trd, 8638776.712, 106
Trd, 8638777.179, 83
Trd, 8638777.479, 117
Trd, 8638778.179, 116
Trd, 8638779.046, 116
Trd, 8638779.612, 132
Trd, 8638779.712, 115
Trd, 8638780.746, 100
Trd, 8638780.779, 94
Trd, 8638781.412, 110
Trd, 8638781.479, 118
Trd, 8638782.179, 137
Trd, 8638782.312, 117
Trd, 8638783.079, 122
Trd, 8638783.379, 120
Trd, 8638783.412, 104
Trd, 8638783.612, 97
Trd, 8638784.312, 82
Trd, 8638785.312, 116
Trd, 8638786.579, 128
Trd, 8638786.712, 123
Trd, 8638788.479, 134
Trd, 8638788.546, 122
Trd, 8638789.612, 110
Trd, 8638790.279, 105
Trd, 8638790.612, 80
Trd, 8638790.879, 95
Trd, 8638791.446, 107
Trd, 8638792.279, 130
Trd, 8638792.412, 118
Trd, 8638792.746, 111
Trd, 8638793.312, 93
Trd, 8638793.912, 79
Trd, 8638794.212, 93
Trd, 8638795.012, 121
Trd, 8638795.046, 100
Trd, 8638795.546, 95
Trd, 8638795.946, 86
Trd, 8638797.046, 137
Trd, 8638798.246, 130
Trd, 8638798.446, 121
Trd, 8638798.612, 120
Trd, 8638798.646, 108
Trd, 8638798.912, 94
Trd, 8638800.312, 137
Trd, 8638801.012, 100
Trd, 8638801.479, 88
Trd, 8638801.712, 110
Trd, 8638802.179, 96
Trd, 8638802.379, 111
Trd, 8638802.879, 87
Trd, 8638803.246, 121
Trd, 8638804.012, 114
Trd, 8638804.646, 70
Trd, 8638805.179, 80
Trd, 8638805.746, 100
Trd, 8638806.412, 133
Trd, 8638806.679, 127
Trd, 8638807.079, 139
Trd, 8638807.246, 106
Trd, 8638807.546, 104
Trd, 8638808.446, 134
Trd, 8638808.979, 135
Trd, 8638810.612, 104
Trd, 8638810.879, 132
Trd, 8638811.179, 117
Trd, 8638811.446, 129
Trd, 8638811.612, 90
Trd, 8638811.779, 129
Trd, 8638812.412, 111
Trd, 8638813.412, 118
Trd, 8638813.479, 108
Trd, 8638813.612, 100
Trd, 8638814.279, 92
Trd, 8638814.479, 91
Trd, 8638814.646, 89
Trd, 8638814.946, 106
Trd, 8638815.279, 89
Trd, 8638815.912, 128
Trd, 8638816.012, 86
Trd, 8638816.179, 86
Trd, 8638816.679, 138
Trd, 8638817.212, 113
Trd, 8638817.646, 115
Trd, 8638818.546, 96
Trd, 8638819.179, 108
Trd, 8638819.312, 81
Trd, 8638819.812, 105
Trd, 8638820.712, 127
Trd, 8638820.979, 116
Trd, 8638821.146, 100
Trd, 8638821.512, 126
Trd, 8638821.879, 92
Trd, 8638822.612, 111
Trd, 8638823.046, 94
Trd, 8638823.446, 71
Trd, 8638824.046, 111
Trd, 8638824.479, 77
Trd, 8638824.846, 76
Trd, 8638825.179, 83
Trd, 8638826.346, 73
Trd, 8638826.812, 94
Trd, 8638827.712, 84
Trd, 8638828.279, 94
Trd, 8638829.112, 103
Trd, 8638829.612, 126
Trd, 8638829.779, 124
Trd, 8638830.079, 139
Trd, 8638830.679, 115
Trd, 8638831.046, 94
Trd, 8638831.246, 112
Trd, 8638832.012, 92
Trd, 8638832.346, 80
Trd, 8638832.412, 96
Trd, 8638832.746, 87
Trd, 8638833.779, 108
Trd, 8638835.412, 121
Trd, 8638836.079, 138
Trd, 8638836.212, 129
Trd, 8638836.346, 104
Trd, 8638837.312, 133
Trd, 8638837.346, 97
Trd, 8638838.046, 133
Trd, 8638838.212, 104
Trd, 8638838.479, 90
Trd, 8638838.712, 85
Trd, 8638838.846, 118
Trd, 8638839.746, 128
Trd, 8638840.946, 136
Trd, 8638841.079, 98
Trd, 8638841.712, 92
Trd, 8638841.846, 91
Trd, 8638842.046, 98
Trd, 8638842.246, 112
Trd, 8638842.579, 71
Trd, 8638843.546, 97
Trd, 8638843.779, 130
Trd, 8638844.879, 131
Trd, 8638845.012, 112
Trd, 8638845.246, 99
Trd, 8638845.379, 93
Trd, 8638846.279, 104
Trd, 8638846.879, 135
Trd, 8638848.479, 139
Trd, 8638848.879, 108
Trd, 8638849.079, 132
Trd, 8638849.179, 103
Trd, 8638849.212, 102
Trd, 8638850.012, 118
Trd, 8638850.046, 100
Trd, 8638850.912, 114
Trd, 8638851.079, 128
Trd, 8638851.746, 113
Trd, 8638851.779, 104
Trd, 8638851.946, 103
Trd, 8638852.279, 95
Trd, 8638852.512, 97
Trd, 8638852.812, 101
Trd, 8638854.312, 129
Trd, 8638854.979, 124
Trd, 8638855.179, 122
Trd, 8638856.246, 105
Trd, 8638856.479, 101
Trd, 8638856.779, 114
Trd, 8638857.646, 109
Trd, 8638857.746, 138
Trd, 8638858.412, 83
Trd, 8638858.979, 133
Trd, 8638859.279, 122
Trd, 8638859.512, 113
Trd, 8638859.646, 124
Trd, 8638860.579, 116
Trd, 8638860.879, 133
Trd, 8638861.579, 96
Trd, 8638862.012, 94
Trd, 8638862.746, 114
Trd, 8638863.046, 124
Trd, 8638863.179, 106
Trd, 8638863.646, 102
Trd, 8638863.846, 100
Trd, 8638864.012, 79
Trd, 8638864.146, 78
Trd, 8638865.046, 101
Trd, 8638865.479, 85
Trd, 8638865.812, 98
Trd, 8638865.912, 134
Trd, 8638867.146, 132
Trd, 8638867.546, 107
Trd, 8638867.746, 103
Trd, 8638867.912, 94
Trd, 8638868.112, 97
Trd, 8638868.379, 134
Trd, 8638868.879, 112
Trd, 8638868.946, 103
Trd, 8638869.512, 81
Trd, 8638870.546, 89
Trd, 8638870.912, 105
Trd, 8638871.779, 79
Trd, 8638871.846, 85
Trd, 8638872.146, 117
Trd, 8638872.246, 130
Trd, 8638873.279, 136
Trd, 8638873.746, 113
Trd, 8638873.879, 118
Trd, 8638875.179, 116
Trd, 8638875.879, 97
Trd, 8638875.946, 93
Trd, 8638876.212, 134
Trd, 8638876.546, 92
Trd, 8638877.346, 95
Trd, 8638878.012, 98
Trd, 8638878.112, 84
Trd, 8638878.446, 101
Trd, 8638878.812, 112
Trd, 8638879.679, 118
Trd, 8638879.946, 110
Trd, 8638880.746, 99
Trd, 8638880.946, 139
Trd, 8638881.079, 87
Trd, 8638882.246, 127
Trd, 8638882.312, 114
Trd, 8638882.412, 104
Trd, 8638882.512, 94
Trd, 8638882.646, 89
Trd, 8638882.846, 86
Trd, 8638884.012, 84
Trd, 8638884.112, 78
Trd, 8638884.279, 102
Trd, 8638884.679, 69
Trd, 8638885.412, 77
Trd, 8638885.746, 95
Trd, 8638886.512, 94
Trd, 8638887.079, 89
Trd, 8638887.846, 79
Trd, 8638888.212, 76
Trd, 8638888.379, 107
Trd, 8638888.412, 75
Trd, 8638890.046, 108
Trd, 8638890.812, 71
Trd, 8638891.379, 93
Trd, 8638892.046, 102
Trd, 8638892.379, 81
Trd, 8638892.546, 80
Trd, 8638892.912, 103
Trd, 8638893.046, 81
Trd, 8638893.446, 81
Trd, 8638893.479, 112
Trd, 8638894.412, 133
Trd, 8638895.112, 123
Trd, 8638895.146, 74
Trd, 8638895.912, 133
Trd, 8638896.312, 117
Trd, 8638897.446, 102
Trd, 8638897.579, 130
Trd, 8638897.979, 134
Trd, 8638898.479, 93
Trd, 8638899.012, 91
Trd, 8638899.812, 106
Trd, 8638900.412, 92
Trd, 8638900.479, 88
Trd, 8638900.812, 112
Trd, 8638901.279, 105
Trd, 8638901.812, 117
Trd, 8638901.946, 102
Trd, 8638902.812, 105
Trd, 8638903.246, 114
Trd, 8638903.612, 83
Trd, 8638903.646, 104
Trd, 8638904.279, 73
Trd, 8638904.379, 96
Trd, 8638904.512, 107
Trd, 8638905.412, 113
Trd, 8638905.646, 110
Trd, 8638906.479, 116
Trd, 8638906.979, 111
Trd, 8638907.412, 85
Trd, 8638908.612, 79
Trd, 8638908.779, 99
Trd, 8638908.979, 92
Trd, 8638909.979, 88
Trd, 8638910.012, 96
Trd, 8638910.512, 79
Trd, 8638910.579, 76
Trd, 8638911.612, 82
Trd, 8638911.712, 94
Trd, 8638912.012, 95
Trd, 8638912.612, 80
Trd, 8638912.646, 117
Trd, 8638913.012, 75
Trd, 8638913.346, 101
Trd, 8638913.412, 85
Trd, 8638914.479, 110
Trd, 8638915.879, 135
Trd, 8638916.179, 137
Trd, 8638916.346, 110
Trd, 8638916.579, 113
Trd, 8638917.079, 103
Trd, 8638917.179, 101
Trd, 8638917.546, 114
Trd, 8638917.946, 72
Trd, 8638918.612, 88
Trd, 8638919.712, 130
Trd, 8638920.079, 120
Trd, 8638920.712, 107
Trd, 8638920.779, 89
Trd, 8638920.979, 130
Trd, 8638922.579, 83
Trd, 8638922.879, 89
Trd, 8638923.112, 102
Trd, 8638923.779, 107
Trd, 8638924.546, 134
Trd, 8638925.279, 131
Trd, 8638925.412, 128
Trd, 8638925.879, 107
Trd, 8638926.146, 111
Trd, 8638926.179, 99
Trd, 8638926.579, 104
Trd, 8638926.646, 122
Trd, 8638927.312, 78
Trd, 8638927.779, 82
Trd, 8638927.912, 111
Trd, 8638929.079, 80
Trd, 8638929.112, 107
Trd, 8638929.446, 111
Trd, 8638930.012, 129
Trd, 8638930.446, 135
Trd, 8638930.946, 139
Trd, 8638931.512, 127
Trd, 8638931.579, 113
Trd, 8638931.712, 111
Trd, 8638931.912, 85
Trd, 8638932.546, 85
Trd, 8638933.079, 89
Trd, 8638933.146, 89
Trd, 8638933.879, 118
Trd, 8638934.112, 80
Trd, 8638934.379, 68
Trd, 8638935.079, 77
Trd, 8638935.779, 76
Trd, 8638936.912, 90
Trd, 8638937.012, 90
Trd, 8638937.379, 73
Trd, 8638938.112, 82
Trd, 8638938.879, 100
Trd, 8638938.946, 95
Trd, 8638939.146, 106
Trd, 8638939.812, 121
Trd, 8638942.312, 139
Trd, 8638942.712, 127
Trd, 8638943.512, 117
Trd, 8638943.546, 106
Trd, 8638943.746, 100
Trd, 8638943.846, 122
Trd, 8638944.112, 95
Trd, 8638944.146, 84
Trd, 8638944.646, 115
Trd, 8638945.012, 98
Trd, 8638945.179, 83
Trd, 8638945.912, 126
Trd, 8638946.679, 87
Trd, 8638946.846, 68
Trd, 8638947.279, 81
Trd, 8638948.279, 116
Trd, 8638948.579, 89
Trd, 8638949.879, 126
Trd, 8638950.112, 126
Trd, 8638950.379, 120
Trd, 8638950.946, 119
Trd, 8638951.146, 113
Trd, 8638951.212, 117
Trd, 8638951.646, 119
Trd, 8638951.812, 105
Trd, 8638952.612, 121
Trd, 8638953.412, 98
Trd, 8638953.579, 122
Trd, 8638954.479, 136
Trd, 8638954.546, 120
Trd, 8638955.146, 110
Trd, 8638956.179, 115
Trd, 8638956.212, 91
Trd, 8638956.746, 101
Trd, 8638956.979, 81
Trd, 8638957.679, 118
Trd, 8638957.879, 115
Trd, 8638958.446, 115
Trd, 8638958.479, 109
Trd, 8638958.746, 116
Trd, 8638958.946, 93
Trd, 8638959.312, 102
Trd, 8638959.346, 91
Trd, 8638959.546, 84
Trd, 8638959.712, 126
Trd, 8638960.946, 77
Trd, 8638961.479, 71
Trd, 8638963.312, 134
Trd, 8638963.412, 129
Trd, 8638964.346, 91
Trd, 8638964.412, 96
Trd, 8638964.646, 118
Trd, 8638965.146, 135
Trd, 8638965.446, 118
Trd, 8638965.912, 138
Trd, 8638966.312, 105
Trd, 8638966.546, 132
Trd, 8638967.046, 107
Trd, 8638967.179, 93
Trd, 8638968.146, 74
Trd, 8638968.412, 88
Trd, 8638969.246, 129
Trd, 8638970.179, 124
Trd, 8638970.246, 123
Trd, 8638970.412, 107
Trd, 8638970.779, 90
Trd, 8638970.879, 92
Trd, 8638970.946, 121
Trd, 8638972.179, 120
Trd, 8638972.312, 128
Trd, 8638973.146, 96
Trd, 8638973.712, 107
Trd, 8638974.079, 105
Trd, 8638974.746, 75
Trd, 8638974.979, 75
Trd, 8638975.312, 108
Trd, 8638975.646, 116
Trd, 8638976.246, 122
Trd, 8638976.412, 83
Trd, 8638976.546, 96
Trd, 8638977.746, 107
Trd, 8638977.879, 103
Trd, 8638978.512, 93
Trd, 8638979.379, 126
Trd, 8638979.812, 93
Trd, 8638979.946, 86
Trd, 8638980.612, 86
Trd, 8638981.146, 102
Trd, 8638981.346, 72
Trd, 8638981.412, 131
Trd, 8638982.479, 105
Trd, 8638982.679, 121
Trd, 8638983.079, 108
Trd, 8638983.146, 138
Trd, 8638983.379, 94
Trd, 8638984.312, 80
Trd, 8638984.712, 79
Trd, 8638985.112, 117
Trd, 8638985.646, 92
Trd, 8638986.112, 79
Trd, 8638986.179, 76
Trd, 8638986.812, 123
Trd, 8638987.646, 120
Trd, 8638988.912, 118
Trd, 8638989.046, 122
Trd, 8638989.412, 106
Trd, 8638989.512, 111
Trd, 8638989.746, 120
Trd, 8638990.212, 124
Trd, 8638990.646, 86
Trd, 8638990.679, 85
Trd, 8638990.912, 72
Trd, 8638991.779, 74
Trd, 8638992.146, 75
Trd, 8638992.346, 114
Trd, 8638993.379, 67
Trd, 8638993.479, 64
Trd, 8638995.012, 133
Trd, 8638995.079, 124
Trd, 8638995.112, 136
Trd, 8638996.246, 134
Trd, 8638996.612, 118
Trd, 8638996.712, 115
Trd, 8638998.079, 109
Trd, 8638998.479, 128
Trd, 8638999.979, 128
Trd, 8639000.546, 133
Trd, 8639000.812, 115
Trd, 8639001.146, 128
Trd, 8639001.512, 106
Trd, 8639001.546, 89
Trd, 8639001.612, 88
Trd, 8639001.679, 69
Trd, 8639002.712, 92
Trd, 8639003.412, 116
Trd, 8639003.579, 102
Trd, 8639003.679, 117
Trd, 8639003.879, 80
Trd, 8639004.746, 107
Trd, 8639005.112, 93
Trd, 8639005.446, 90
Trd, 8639005.779, 132
Trd, 8639006.246, 83
Trd, 8639006.646, 92
Trd, 8639006.846, 117
Trd, 8639006.879, 80
Trd, 8639007.279, 101
Trd, 8639007.946, 120
Trd, 8639009.479, 130
Trd, 8639010.579, 127
Trd, 8639010.912, 114
Trd, 8639011.179, 108
Trd, 8639011.412, 106
Trd, 8639011.446, 113
Trd, 8639011.479, 98
Trd, 8639012.179, 100
Trd, 8639012.346, 103
Trd, 8639012.379, 75
Trd, 8639012.479, 62
Trd, 8639012.679, 83
Trd, 8639013.646, 117
Trd, 8639013.779, 105
Trd, 8639014.846, 121
Trd, 8639015.412, 132
Trd, 8639015.479, 124
Trd, 8639015.912, 117
Trd, 8639017.412, 89
Trd, 8639017.446, 75
Trd, 8639017.979, 117
Trd, 8639018.712, 103
Trd, 8639018.946, 104
Trd, 8639019.579, 100
Trd, 8639020.179, 100
Trd, 8639020.246, 91
Trd, 8639020.512, 109
Trd, 8639020.746, 122
Trd, 8639021.079, 123
Trd, 8639021.412, 97
Trd, 8639022.446, 123
Trd, 8639022.712, 120
Trd, 8639023.679, 108
Trd, 8639024.012, 125
Trd, 8639025.079, 97
Trd, 8639025.712, 101
Trd, 8639025.746, 89
Trd, 8639026.146, 83
Trd, 8639026.879, 82
Trd, 8639027.012, 66
Trd, 8639027.512, 71
Trd, 8639028.179, 120
Trd, 8639028.312, 110
Trd, 8639029.546, 104
Trd, 8639030.446, 115
Trd, 8639030.712, 132
Trd, 8639031.079, 130
Trd, 8639031.446, 108
Trd, 8639031.579, 107
Trd, 8639032.046, 103
Trd, 8639032.146, 96
Trd, 8639032.912, 124
Trd, 8639032.979, 120
Trd, 8639033.212, 85
Trd, 8639034.346, 137
Trd, 8639034.579, 112
Trd, 8639035.346, 137
Trd, 8639035.379, 90
Trd, 8639036.046, 95
Trd, 8639036.779, 94
Trd, 8639036.879, 92
Trd, 8639037.346, 109
Trd, 8639037.779, 96
Trd, 8639038.312, 83
Trd, 8639038.879, 114
Trd, 8639038.946, 107
Trd, 8639039.546, 113
Trd, 8639039.646, 103
Trd, 8639039.946, 97
Trd, 8639040.512, 102
Trd, 8639041.446, 129
Trd, 8639041.746, 128
Trd, 8639042.312, 95
Trd, 8639042.812, 74
Trd, 8639043.546, 78
Trd, 8639043.712, 74
Trd, 8639044.546, 95
Trd, 8639044.746, 71
Trd, 8639045.412, 79
Trd, 8639045.612, 121
Trd, 8639046.079, 97
Trd, 8639047.412, 122
Trd, 8639047.579, 75
Trd, 8639048.012, 98
Trd, 8639048.312, 87
Trd, 8639049.112, 89
Trd, 8639049.179, 84
Trd, 8639049.279, 91
Trd, 8639050.246, 124
Trd, 8639050.312, 99
Trd, 8639050.746, 95
Trd, 8639051.779, 106
Trd, 8639052.179, 122
Trd, 8639052.512, 133
Trd, 8639053.146, 114
Trd, 8639054.346, 116
Trd, 8639054.446, 99
Trd, 8639054.646, 93
Trd, 8639054.812, 92
Trd, 8639054.912, 78
Trd, 8639055.779, 120
Trd, 8639055.812, 106
Trd, 8639056.046, 87
Trd, 8639056.446, 93
Trd, 8639057.412, 131
Trd, 8639057.512, 138
Trd, 8639057.712, 108
Trd, 8639058.079, 123
Trd, 8639058.546, 95
Trd, 8639059.246, 121
Trd, 8639059.712, 103
Trd, 8639059.746, 82
Trd, 8639060.012, 114
Trd, 8639060.312, 66
Trd, 8639060.779, 116
Trd, 8639061.512, 114
Trd, 8639062.279, 119
Trd, 8639063.346, 118
Trd, 8639063.646, 128
Trd, 8639064.279, 111
Trd, 8639064.779, 121
Trd, 8639065.046, 109
Trd, 8639065.846, 134
Trd, 8639065.912, 99
Trd, 8639066.046, 127
Trd, 8639066.679, 129
Trd, 8639067.079, 104
Trd, 8639067.179, 128
Trd, 8639067.246, 94
Trd, 8639067.412, 134
Trd, 8639068.279, 94
Trd, 8639068.846, 119
Trd, 8639069.512, 93
Trd, 8639070.279, 128
Trd, 8639070.512, 109
Trd, 8639070.579, 88
Trd, 8639071.246, 131
Trd, 8639071.479, 95
Trd, 8639071.712, 102
Trd, 8639071.946, 81
Trd, 8639071.979, 106
Trd, 8639074.312, 95
Trd, 8639074.412, 108
Trd, 8639075.446, 79
Trd, 8639075.779, 100
Trd, 8639076.346, 124
Trd, 8639076.779, 108
Trd, 8639077.112, 119
Trd, 8639077.812, 118
Trd, 8639077.946, 118
Trd, 8639078.612, 140
Trd, 8639079.379, 133
Trd, 8639079.646, 106
Trd, 8639079.879, 97
Trd, 8639080.979, 120
Trd, 8639081.379, 107
Trd, 8639081.512, 107
Trd, 8639081.712, 92
Trd, 8639081.912, 130
Trd, 8639082.146, 82
Trd, 8639082.379, 95
Trd, 8639082.412, 91
Trd, 8639082.812, 108
Trd, 8639083.379, 118
Trd, 8639083.746, 77
Trd, 8639084.446, 129
Trd, 8639084.646, 117
Trd, 8639084.946, 94
Trd, 8639085.779, 135
Trd, 8639086.379, 93
Trd, 8639086.879, 116
Trd, 8639087.446, 68
Trd, 8639087.479, 87
Trd, 8639088.146, 63
Trd, 8639088.412, 96
Trd, 8639088.912, 78
Trd, 8639090.112, 95
Trd, 8639090.146, 128
Trd, 8639090.812, 107
Trd, 8639090.979, 122
Trd, 8639091.079, 86
Trd, 8639091.112, 83
Trd, 8639091.212, 100
Trd, 8639091.546, 64
Trd, 8639092.312, 135
Trd, 8639092.579, 132
Trd, 8639092.712, 100
Trd, 8639093.379, 85
Trd, 8639093.846, 74
Trd, 8639094.579, 78
Trd, 8639094.746, 73
Trd, 8639095.512, 126
Trd, 8639096.579, 112
Trd, 8639096.746, 108
Trd, 8639097.079, 94
Trd, 8639097.712, 91
Trd, 8639098.112, 87
Trd, 8639098.412, 99
Trd, 8639099.979, 114
Trd, 8639100.046, 94
Trd, 8639100.446, 118
Trd, 8639100.579, 107
Trd, 8639100.612, 119
Trd, 8639101.312, 126
Trd, 8639101.512, 110
Trd, 8639101.579, 96
Trd, 8639101.679, 85
Trd, 8639102.546, 97
Trd, 8639102.712, 86
Trd, 8639102.812, 86
Trd, 8639103.012, 115
Trd, 8639103.646, 113
Trd, 8639104.312, 111
Trd, 8639105.579, 122
Trd, 8639106.146, 131
Trd, 8639106.279, 137
Trd, 8639106.779, 120
Trd, 8639106.879, 120
Trd, 8639107.546, 119
Trd, 8639107.712, 106
Trd, 8639108.212, 105
Trd, 8639108.679, 103
Trd, 8639109.746, 76
Trd, 8639109.879, 71
Trd, 8639110.146, 98
Trd, 8639110.779, 83
Trd, 8639111.079, 90
Trd, 8639112.946, 71
Trd, 8639113.112, 121
Trd, 8639114.246, 120
Trd, 8639114.812, 112
Trd, 8639115.412, 106
Trd, 8639115.579, 95
Trd, 8639116.346, 117
Trd, 8639116.446, 93
Trd, 8639116.512, 71
Trd, 8639117.146, 131
Trd, 8639118.012, 111
Trd, 8639118.512, 87
Trd, 8639118.712, 88
Trd, 8639119.079, 100
Trd, 8639119.979, 138
Trd, 8639120.646, 123
Trd, 8639121.946, 108
Trd, 8639122.579, 97
Trd, 8639123.012, 84
Trd, 8639123.046, 80
Trd, 8639123.079, 92
Trd, 8639123.846, 87
Trd, 8639124.712, 113
Trd, 8639125.212, 95
Trd, 8639125.246, 82
Trd, 8639125.446, 99
Trd, 8639125.612, 116
Trd, 8639126.146, 131
Trd, 8639126.812, 80
Trd, 8639127.012, 89
Trd, 8639127.679, 112
Trd, 8639127.779, 90
Trd, 8639128.346, 65
Trd, 8639128.679, 81
Trd, 8639129.646, 77
Trd, 8639129.846, 63
Trd, 8639129.946, 78
Trd, 8639130.846, 73
Trd, 8639132.179, 123
Trd, 8639132.512, 128
Trd, 8639132.846, 124
Trd, 8639133.046, 80
Trd, 8639133.279, 108
Trd, 8639133.546, 100
Trd, 8639134.579, 72
Trd, 8639135.046, 74
Trd, 8639135.446, 129
Trd, 8639136.112, 132
Trd, 8639136.246, 95
Trd, 8639136.479, 110
Trd, 8639136.746, 102
Trd, 8639138.079, 135
Trd, 8639139.046, 100
Trd, 8639139.712, 117
Trd, 8639139.979, 111
Trd, 8639140.346, 85
Trd, 8639140.412, 73
Trd, 8639141.679, 61
Trd, 8639142.146, 119
Trd, 8639142.546, 115
Trd, 8639142.846, 74
Trd, 8639143.112, 107
Trd, 8639143.212, 105
Trd, 8639143.512, 74
Trd, 8639144.379, 92
Trd, 8639144.612, 137
Trd, 8639144.812, 119
Trd, 8639145.012, 112
Trd, 8639145.112, 125
Trd, 8639145.546, 127
Trd, 8639145.979, 86
Trd, 8639148.146, 102
Trd, 8639148.179, 89
Trd, 8639148.246, 88
Trd, 8639148.946, 88
Trd, 8639149.012, 95
Trd, 8639149.379, 128
Trd, 8639150.012, 119
Trd, 8639150.146, 95
Trd, 8639150.579, 100
Trd, 8639150.912, 76
Trd, 8639151.312, 82
Trd, 8639151.446, 74
Trd, 8639152.512, 61
Trd, 8639152.579, 85
Trd, 8639153.612, 123
Trd, 8639154.346, 109
Trd, 8639154.446, 100
Trd, 8639154.646, 120
Trd, 8639154.946, 71
Trd, 8639155.346, 73
Trd, 8639155.879, 98
Trd, 8639156.179, 101
Trd, 8639156.779, 60
Trd, 8639157.212, 66
Trd, 8639157.346, 114
Trd, 8639157.812, 110
Trd, 8639158.046, 86
Trd, 8639158.879, 122
Trd, 8639159.079, 131
Trd, 8639159.279, 107
Trd, 8639160.312, 60
Trd, 8639160.846, 94
Trd, 8639161.379, 74
Trd, 8639161.646, 97
Trd, 8639161.946, 76
Trd, 8639162.179, 76
Trd, 8639162.279, 128
Trd, 8639162.746, 76
Trd, 8639164.012, 87
Trd, 8639164.312, 107
Trd, 8639165.179, 75
Trd, 8639165.312, 68
Trd, 8639165.446, 84
Trd, 8639165.879, 102
Trd, 8639166.079, 112
Trd, 8639166.279, 73
Trd, 8639166.746, 133
Trd, 8639167.279, 105
Trd, 8639167.712, 102
Trd, 8639167.846, 137
Trd, 8639168.446, 61
Trd, 8639169.112, 131
Trd, 8639169.946, 104
Trd, 8639170.046, 97
Trd, 8639170.979, 133
Trd, 8639171.079, 126
Trd, 8639171.812, 92
Trd, 8639172.146, 70
Trd, 8639172.646, 117
Trd, 8639173.412, 85
Trd, 8639174.579, 135
Trd, 8639174.879, 120
Trd, 8639174.979, 102
Trd, 8639175.012, 99
Trd, 8639175.146, 98
Trd, 8639175.746, 130
Trd, 8639176.179, 134
Trd, 8639176.712, 100
Trd, 8639177.079, 69
Trd, 8639177.412, 89
Trd, 8639177.946, 83
Trd, 8639178.379, 119
Trd, 8639179.179, 98
Trd, 8639179.212, 82
Trd, 8639179.979, 103
Trd, 8639181.112, 105
Trd, 8639181.646, 110
Trd, 8639182.379, 83
Trd, 8639182.512, 82
Trd, 8639182.546, 90
Trd, 8639182.779, 78
Trd, 8639183.146, 79
Trd, 8639183.246, 93
Trd, 8639184.079, 110
Trd, 8639184.646, 127
Trd, 8639184.946, 77
Trd, 8639185.212, 105
Trd, 8639186.479, 135
Trd, 8639186.812, 127
Trd, 8639187.012, 114
Trd, 8639187.379, 137
Trd, 8639187.612, 105
Trd, 8639188.812, 101
Trd, 8639189.579, 114
Trd, 8639189.746, 131
Trd, 8639189.846, 107
Trd, 8639190.046, 108
Trd, 8639190.346, 97
Trd, 8639190.879, 74
Trd, 8639191.346, 98
Trd, 8639191.712, 72
Trd, 8639191.979, 93
Trd, 8639192.612, 71
Trd, 8639192.946, 89
Trd, 8639194.512, 131
Trd, 8639195.079, 95
Trd, 8639195.779, 121
Trd, 8639196.312, 123
Trd, 8639196.679, 109
Trd, 8639196.912, 97
Trd, 8639197.012, 137
Trd, 8639197.312, 104
Trd, 8639198.546, 125
Trd, 8639198.646, 112
Trd, 8639198.946, 126
Trd, 8639199.112, 70
Trd, 8639199.779, 95
Trd, 8639199.912, 83
Trd, 8639200.546, 116
Trd, 8639201.846, 140
Trd, 8639202.046, 133
Trd, 8639202.212, 127
Trd, 8639202.446, 98
Trd, 8639202.979, 92
Trd, 8639203.446, 134
Trd, 8639204.546, 123
Trd, 8639205.312, 119
Trd, 8639205.712, 84
Trd, 8639205.812, 70
Trd, 8639206.679, 98
Trd, 8639206.712, 83
Trd, 8639206.846, 80
Trd, 8639207.846, 131
Trd, 8639209.112, 133
Trd, 8639209.446, 132
Trd, 8639209.879, 125
Trd, 8639210.046, 115
Trd, 8639210.612, 114
Trd, 8639211.846, 114
Trd, 8639212.346, 87
Trd, 8639212.879, 85
Trd, 8639213.412, 73
Trd, 8639213.779, 107
Trd, 8639214.212, 82
Trd, 8639214.246, 119
Trd, 8639214.479, 126
Trd, 8639214.712, 116
Trd, 8639215.212, 108
Trd, 8639215.279, 80
Trd, 8639216.879, 132
Trd, 8639217.712, 123
Trd, 8639217.912, 99
Trd, 8639218.379, 118
Trd, 8639218.479, 108
Trd, 8639219.079, 110
Trd, 8639219.212, 119
Trd, 8639219.679, 138
Trd, 8639220.246, 107
Trd, 8639220.446, 92
Trd, 8639220.679, 88
Trd, 8639221.379, 84
Trd, 8639223.146, 114
Trd, 8639223.746, 106
Trd, 8639224.012, 94
Trd, 8639224.412, 97
Trd, 8639224.446, 96
Trd, 8639224.512, 104
Trd, 8639224.846, 94
Trd, 8639225.012, 118
Trd, 8639225.612, 120
Trd, 8639225.912, 135
Trd, 8639226.279, 116
Trd, 8639226.812, 112
Trd, 8639227.646, 118
Trd, 8639227.879, 103
Trd, 8639228.279, 119
Trd, 8639229.012, 81
Trd, 8639229.279, 82
Trd, 8639229.912, 80
Trd, 8639231.012, 124
Trd, 8639231.312, 111
Trd, 8639231.546, 121
Trd, 8639232.679, 97
Trd, 8639233.079, 96
Trd, 8639233.379, 91
Trd, 8639235.046, 107
Trd, 8639235.146, 106
Trd, 8639235.946, 122
Trd, 8639236.646, 139
Trd, 8639236.746, 119
Trd, 8639236.979, 100
Trd, 8639237.746, 110
Trd, 8639238.046, 123
Trd, 8639238.479, 130
Trd, 8639238.846, 100
Trd, 8639239.346, 91
Trd, 8639239.679, 107
Trd, 8639240.512, 103
Trd, 8639240.679, 91
Trd, 8639240.979, 91
Trd, 8639241.246, 123
Trd, 8639242.279, 113
Trd, 8639244.579, 132
Trd, 8639244.779, 122
Trd, 8639245.012, 121
Trd, 8639245.379, 132
Trd, 8639245.612, 100
Trd, 8639245.712, 95
Trd, 8639245.879, 89
Trd, 8639246.046, 87
Trd, 8639246.279, 94
Trd, 8639246.512, 75
Trd, 8639246.946, 105
Trd, 8639247.746, 98
Trd, 8639248.612, 107
Trd, 8639249.046, 112
Trd, 8639249.679, 130
Trd, 8639249.746, 114
Trd, 8639249.979, 97
Trd, 8639250.179, 88
Trd, 8639250.579, 86
Trd, 8639251.846, 121
Trd, 8639252.012, 126
Trd, 8639252.212, 135
Trd, 8639252.412, 94
Trd, 8639252.546, 105
Trd, 8639252.612, 87
Trd, 8639253.112, 101
Trd, 8639253.612, 108
Trd, 8639254.012, 126
Trd, 8639254.212, 79
Trd, 8639254.579, 70
Trd, 8639256.179, 108
Trd, 8639256.679, 119
Trd, 8639257.312, 121
Trd, 8639257.712, 133
Trd, 8639258.046, 91
Trd, 8639258.312, 118
Trd, 8639259.246, 126
Trd, 8639259.446, 109
Trd, 8639259.512, 98
Trd, 8639260.379, 103
Trd, 8639260.612, 99
Trd, 8639262.279, 132
Trd, 8639262.379, 115
Trd, 8639262.579, 73
Trd, 8639263.312, 96
Trd, 8639264.612, 120
Trd, 8639265.146, 138
Trd, 8639265.679, 122
Trd, 8639266.312, 113
Trd, 8639266.512, 114
Trd, 8639267.579, 119
Trd, 8639267.646, 109
Trd, 8639268.312, 72
Trd, 8639268.979, 61
Trd, 8639269.346, 139
Trd, 8639270.512, 126
Trd, 8639272.512, 112
Trd, 8639272.679, 109
Trd, 8639272.779, 119
Trd, 8639273.212, 123
Trd, 8639273.279, 107
Trd, 8639273.412, 94
Trd, 8639273.846, 122
Trd, 8639274.746, 129
Trd, 8639274.779, 115
Trd, 8639275.012, 113
Trd, 8639275.479, 133
Trd, 8639275.879, 122
Trd, 8639276.712, 110
Trd, 8639276.912, 105
Trd, 8639277.446, 119
Trd, 8639277.512, 104
Trd, 8639277.546, 104
Trd, 8639277.879, 139
Trd, 8639278.246, 75
Trd, 8639278.379, 95
Trd, 8639278.746, 102
Trd, 8639279.779, 103
Trd, 8639279.912, 119
Trd, 8639280.479, 124
Trd, 8639280.879, 117
Trd, 8639281.246, 121
Trd, 8639281.746, 112
Trd, 8639281.779, 109
Trd, 8639282.279, 119
Trd, 8639282.512, 97
Trd, 8639283.312, 122
Trd, 8639283.646, 121
Trd, 8639284.779, 112
Trd, 8639285.712, 94
Trd, 8639286.012, 95
Trd, 8639286.412, 104
Trd, 8639286.546, 95
Trd, 8639286.646, 91
Trd, 8639286.879, 121
Trd, 8639287.112, 104
Trd, 8639287.679, 91
Trd, 8639288.079, 82
Trd, 8639288.679, 90
Trd, 8639288.846, 110
Trd, 8639288.946, 122
Trd, 8639289.912, 87
Trd, 8639290.012, 74
Trd, 8639290.746, 131
Trd, 8639291.046, 122
Trd, 8639291.346, 120
Trd, 8639292.946, 62
Trd, 8639293.346, 63
Trd, 8639293.446, 73
Trd, 8639293.612, 104
Trd, 8639293.779, 114
Trd, 8639294.279, 126
Trd, 8639294.879, 137
Trd, 8639294.912, 119
Trd, 8639295.546, 140
Trd, 8639296.012, 117
Trd, 8639297.179, 124
Trd, 8639298.312, 101
Trd, 8639298.946, 103
Trd, 8639299.479, 120
Trd, 8639299.512, 102
Trd, 8639299.812, 127
Trd, 8639300.279, 104
Trd, 8639300.612, 127
Trd, 8639300.746, 127
Trd, 8639301.412, 98
Trd, 8639301.512, 80
Trd, 8639301.912, 88
Trd, 8639302.612, 115
Trd, 8639303.412, 88
Trd, 8639304.679, 94
Trd, 8639304.979, 132
Trd, 8639305.346, 86
Trd, 8639305.446, 95
Trd, 8639305.646, 85
Trd, 8639306.246, 84
Trd, 8639307.779, 122
Trd, 8639307.812, 115
Trd, 8639309.146, 117
Trd, 8639309.212, 100
Trd, 8639310.012, 97
Trd, 8639310.346, 94
Trd, 8639310.779, 137
Trd, 8639310.879, 103
Trd, 8639311.112, 95
Trd, 8639311.546, 100
Trd, 8639311.912, 111
Trd, 8639312.346, 104
Trd, 8639312.479, 85
Trd, 8639312.546, 73
Trd, 8639312.912, 124
Trd, 8639313.879, 113
Trd, 8639313.946, 84
Trd, 8639314.446, 131
Trd, 8639314.512, 114
Trd, 8639314.912, 107
Trd, 8639315.279, 82
Trd, 8639316.312, 133
Trd, 8639316.546, 132
Trd, 8639316.612, 126
Trd, 8639317.946, 134
Trd, 8639317.979, 108
Trd, 8639318.646, 122
Trd, 8639318.679, 108
Trd, 8639319.346, 80
Trd, 8639319.879, 121
Trd, 8639321.579, 139
Trd, 8639322.112, 125
Trd, 8639322.479, 86
Trd, 8639322.612, 129
Trd, 8639322.746, 125
Trd, 8639322.779, 107
Trd, 8639325.279, 135
Trd, 8639325.512, 132
Trd, 8639325.746, 130
Trd, 8639325.879, 129
Trd, 8639325.912, 130
Trd, 8639326.046, 119
Trd, 8639326.246, 129
Trd, 8639326.679, 115
Trd, 8639327.479, 95
Trd, 8639328.979, 112
Trd, 8639329.279, 121
Trd, 8639330.046, 100
Trd, 8639330.546, 95
Trd, 8639330.979, 96
Trd, 8639331.212, 113
Trd, 8639331.346, 134
Trd, 8639331.879, 139
Trd, 8639332.079, 125
Trd, 8639332.312, 89
Trd, 8639333.212, 96
Trd, 8639333.312, 95
Trd, 8639334.012, 100
Trd, 8639334.212, 84
Trd, 8639334.746, 116
Trd, 8639335.146, 105
Trd, 8639335.212, 105
Trd, 8639335.946, 86
Trd, 8639337.079, 131
Trd, 8639338.012, 123
Trd, 8639338.212, 119
Trd, 8639339.079, 126
Trd, 8639339.212, 112
Trd, 8639339.946, 100
Trd, 8639340.212, 94
Trd, 8639341.512, 116
Trd, 8639341.612, 125
Trd, 8639342.246, 112
Trd, 8639342.512, 121
Trd, 8639342.612, 93
Trd, 8639343.279, 131
Trd, 8639343.612, 138
Trd, 8639344.212, 116
Trd, 8639344.346, 99
Trd, 8639344.679, 97
Trd, 8639345.179, 87
Trd, 8639345.679, 80
Trd, 8639346.012, 96
Trd, 8639346.479, 104
Trd, 8639346.546, 101
Trd, 8639347.912, 109
Trd, 8639348.146, 120
Trd, 8639348.379, 134
Trd, 8639348.679, 84
Trd, 8639350.046, 113
Trd, 8639350.079, 126
Trd, 8639350.512, 110
Trd, 8639351.912, 110
Trd, 8639352.279, 82
Trd, 8639352.846, 91
Trd, 8639353.346, 103
Trd, 8639353.846, 91
Trd, 8639354.279, 89
Trd, 8639354.412, 115
Trd, 8639355.112, 102
Trd, 8639355.146, 106
Trd, 8639355.179, 87
Trd, 8639355.612, 93
Trd, 8639355.912, 86
Trd, 8639356.312, 90
Trd, 8639356.912, 86
Trd, 8639357.112, 95
Trd, 8639357.579, 110
Trd, 8639357.912, 98
Trd, 8639358.112, 103
Trd, 8639358.879, 83
Trd, 8639359.346, 76
Trd, 8639359.512, 84
Trd, 8639360.446, 86
Trd, 8639360.779, 85
Trd, 8639361.046, 90
Trd, 8639361.912, 73
Trd, 8639362.512, 132
Trd, 8639362.546, 111
Trd, 8639362.979, 87
Trd, 8639363.579, 63
Trd, 8639364.212, 87
Trd, 8639364.779, 102
Trd, 8639364.979, 73
Trd, 8639365.412, 86
Trd, 8639366.046, 78
Trd, 8639366.679, 100
Trd, 8639366.946, 129
Trd, 8639367.212, 103
Trd, 8639367.512, 71
Trd, 8639368.246, 105
Trd, 8639369.112, 130
Trd, 8639369.179, 127
Trd, 8639369.246, 122
Trd, 8639369.946, 84
Trd, 8639370.746, 82
Trd, 8639370.979, 83
Trd, 8639371.146, 99
Trd, 8639371.312, 114
Trd, 8639372.346, 116
Trd, 8639373.079, 99
Trd, 8639374.046, 98
Trd, 8639374.179, 101
Trd, 8639374.446, 131
Trd, 8639374.712, 92
Trd, 8639375.046, 108
Trd, 8639375.646, 116
Trd, 8639376.446, 93
Trd, 8639377.012, 128
Trd, 8639377.379, 132
Trd, 8639377.812, 123
Trd, 8639378.046, 115
Trd, 8639378.146, 100
Trd, 8639378.312, 89
Trd, 8639379.446, 100
Trd, 8639379.512, 139
Trd, 8639379.612, 84
Trd, 8639380.312, 128
Trd, 8639380.746, 127
Trd, 8639381.046, 130
Trd, 8639381.412, 106
Trd, 8639381.679, 114
Trd, 8639382.046, 87
Trd, 8639382.546, 112
Trd, 8639384.146, 129
Trd, 8639384.212, 128
Trd, 8639384.612, 104
Trd, 8639385.046, 94
Trd, 8639385.212, 86
Trd, 8639385.279, 97
Trd, 8639386.912, 122
Trd, 8639387.912, 137
Trd, 8639388.046, 105
Trd, 8639388.779, 110
Trd, 8639389.512, 113
Trd, 8639390.046, 104
Trd, 8639390.179, 108
Trd, 8639390.346, 95
Trd, 8639390.446, 100
Trd, 8639390.912, 86
Trd, 8639391.212, 87
Trd, 8639392.312, 137
Trd, 8639392.546, 127
Trd, 8639392.912, 119
Trd, 8639393.046, 116
Trd, 8639393.646, 93
Trd, 8639393.879, 83
Trd, 8639394.512, 115
Trd, 8639394.746, 102
Trd, 8639395.112, 94
Trd, 8639395.346, 77
Trd, 8639395.746, 85
Trd, 8639395.879, 86
Trd, 8639396.279, 111
Trd, 8639397.079, 90
Trd, 8639397.312, 75
Trd, 8639397.579, 75
Trd, 8639397.912, 73
Trd, 8639398.346, 75
Trd, 8639399.146, 92
Trd, 8639399.446, 121
Trd, 8639399.646, 80
Trd, 8639400.012, 74
Trd, 8639400.279, 68
Trd, 8639401.179, 81
Trd, 8639401.946, 97
Trd, 8639402.446, 104
Trd, 8639402.946, 103
Trd, 8639403.512, 107
Trd, 8639403.546, 122
Trd, 8639404.046, 104
Trd, 8639404.646, 125
Trd, 8639404.946, 108
Trd, 8639406.079, 95
Trd, 8639407.046, 97
Trd, 8639407.912, 84
Trd, 8639408.279, 88
Trd, 8639408.312, 99
Trd, 8639408.879, 139
Trd, 8639408.979, 92
Trd, 8639409.146, 102
Trd, 8639409.479, 113
Trd, 8639410.046, 126
Trd, 8639410.146, 72
Trd, 8639410.346, 114
Trd, 8639411.212, 120
Trd, 8639411.312, 108
Trd, 8639412.079, 72
Trd, 8639412.246, 67
Trd, 8639413.179, 114
Trd, 8639413.279, 108
Trd, 8639414.146, 131
Trd, 8639414.579, 105
Trd, 8639414.779, 94
Trd, 8639415.412, 68
Trd, 8639415.512, 130
Trd, 8639416.979, 109
Trd, 8639417.079, 109
Trd, 8639417.679, 94
Trd, 8639417.946, 83
Trd, 8639418.012, 96
Trd, 8639418.512, 92
Trd, 8639419.079, 100
Trd, 8639419.379, 111
Trd, 8639420.046, 139
Trd, 8639420.412, 104
Trd, 8639420.479, 101
Trd, 8639420.512, 89
Trd, 8639421.412, 137
Trd, 8639421.946, 140
Trd, 8639422.012, 135
Trd, 8639423.112, 108
Trd, 8639423.146, 103
Trd, 8639423.846, 126
Trd, 8639424.479, 139
Trd, 8639425.046, 102
Trd, 8639425.546, 131
Trd, 8639426.012, 110
Trd, 8639426.046, 107
Trd, 8639426.279, 97
Trd, 8639426.446, 93
Trd, 8639426.879, 124
Trd, 8639427.146, 99
Trd, 8639427.212, 91
Trd, 8639427.912, 67
Trd, 8639428.346, 70
Trd, 8639428.546, 66
Trd, 8639429.679, 81
Trd, 8639429.912, 111
Trd, 8639430.379, 121
Trd, 8639430.779, 70
Trd, 8639431.379, 85
Trd, 8639432.612, 89
Trd, 8639432.712, 103
Trd, 8639433.346, 86
Trd, 8639433.479, 137
Trd, 8639433.812, 135
Trd, 8639433.879, 85
Trd, 8639435.946, 85
Trd, 8639436.212, 84
Trd, 8639436.279, 75
Trd, 8639436.746, 78
Trd, 8639436.946, 76
Trd, 8639437.046, 75
Trd, 8639437.279, 63
Trd, 8639437.412, 64
Trd, 8639437.812, 124
Trd, 8639438.446, 121
Trd, 8639439.512, 132
Trd, 8639439.879, 115
Trd, 8639440.479, 133
Trd, 8639440.679, 108
Trd, 8639440.779, 83
Trd, 8639441.146, 134
Trd, 8639441.346, 119
Trd, 8639441.979, 115
Trd, 8639443.179, 128
Trd, 8639443.346, 121
Trd, 8639443.579, 124
Trd, 8639443.946, 95
Trd, 8639444.146, 108
Trd, 8639444.212, 81
Trd, 8639445.512, 116
Trd, 8639445.779, 104
Trd, 8639446.412, 98
Trd, 8639446.712, 92
Trd, 8639448.046, 129
Trd, 8639448.312, 111
Trd, 8639449.212, 113
Trd, 8639449.446, 107
Trd, 8639449.612, 82
Trd, 8639450.012, 118
Trd, 8639450.946, 77
Trd, 8639451.012, 90
Trd, 8639451.079, 90
Trd, 8639451.612, 84
Trd, 8639451.812, 88
Trd, 8639451.846, 76
Trd, 8639452.479, 86
Trd, 8639452.746, 91
Trd, 8639453.279, 113
Trd, 8639454.146, 126
Trd, 8639455.246, 104
Trd, 8639455.746, 108
Trd, 8639456.879, 109
Trd, 8639456.979, 98
Trd, 8639457.079, 63
Trd, 8639457.379, 60
Trd, 8639458.112, 91
Trd, 8639458.212, 114
Trd, 8639458.346, 112
Trd, 8639458.546, 112
Trd, 8639458.979, 93
Trd, 8639459.712, 114
Trd, 8639459.846, 112
Trd, 8639460.212, 111
Trd, 8639460.346, 84
Trd, 8639461.079, 90
Trd, 8639461.879, 121
Trd, 8639462.546, 101
Trd, 8639463.146, 104
Trd, 8639463.379, 100
Trd, 8639463.912, 93
Trd, 8639464.212, 94
Trd, 8639464.312, 111
Trd, 8639464.912, 86
Trd, 8639465.946, 117
Trd, 8639466.446, 115
Trd, 8639467.046, 120
Trd, 8639467.379, 112
Trd, 8639467.679, 104
Trd, 8639467.812, 98
Trd, 8639468.379, 107
Trd, 8639468.979, 104
Trd, 8639469.812, 83
Trd, 8639470.112, 84
Trd, 8639470.279, 77
Trd, 8639470.512, 134
Trd, 8639470.812, 116
Trd, 8639471.879, 135
Trd, 8639472.046, 128
Trd, 8639472.112, 127
Trd, 8639472.979, 83
Trd, 8639473.212, 137
Trd, 8639474.412, 93
Trd, 8639474.679, 103
Trd, 8639474.746, 114
Trd, 8639475.012, 90
Trd, 8639475.112, 86
Trd, 8639475.412, 97
Trd, 8639475.912, 127
Trd, 8639476.379, 76
Trd, 8639476.979, 128
Trd, 8639477.279, 125
Trd, 8639477.512, 77
Trd, 8639478.579, 124
Trd, 8639479.546, 127
Trd, 8639480.446, 117
Trd, 8639481.546, 112
Trd, 8639481.879, 101
Trd, 8639482.479, 116
Trd, 8639482.779, 94
Trd, 8639482.846, 79
Trd, 8639483.079, 107
Trd, 8639483.279, 123
Trd, 8639483.546, 137
Trd, 8639483.712, 120
Trd, 8639485.879, 60
Trd, 8639486.412, 109
Trd, 8639486.912, 124
Trd, 8639487.579, 137
Trd, 8639487.712, 126
Trd, 8639488.112, 140
Trd, 8639488.212, 113
Trd, 8639488.246, 109
Trd, 8639488.512, 124
Trd, 8639489.212, 89
Trd, 8639489.312, 85
Trd, 8639489.379, 112
Trd, 8639490.012, 85
Trd, 8639490.379, 82
Trd, 8639490.479, 106
Trd, 8639490.679, 78
Trd, 8639492.046, 137
Trd, 8639492.079, 102
Trd, 8639492.179, 114
Trd, 8639493.179, 128
Trd, 8639493.846, 129
Trd, 8639494.146, 128
Trd, 8639494.912, 126
Trd, 8639495.412, 120
Trd, 8639496.012, 115
Trd, 8639496.112, 112
Trd, 8639496.379, 94
Trd, 8639496.579, 101
Trd, 8639497.146, 98
Trd, 8639497.246, 96
Trd, 8639497.879, 92
Trd, 8639497.946, 79
Trd, 8639498.279, 102
Trd, 8639498.446, 91
Trd, 8639498.946, 68
Trd, 8639500.379, 85
Trd, 8639500.912, 113
Trd, 8639501.712, 101
Trd, 8639501.879, 121
Trd, 8639502.446, 140
Trd, 8639502.546, 123
Trd, 8639502.646, 120
Trd, 8639503.179, 86
Trd, 8639503.679, 121
Trd, 8639504.212, 81
Trd, 8639504.346, 67
Trd, 8639504.879, 78
Trd, 8639505.112, 104
Trd, 8639506.246, 115
Trd, 8639507.279, 116
Trd, 8639507.412, 113
Trd, 8639507.479, 123
Trd, 8639507.846, 101
Trd, 8639508.179, 95
Trd, 8639508.879, 118
Trd, 8639509.579, 91
Trd, 8639510.279, 74
Trd, 8639510.512, 125
Trd, 8639511.179, 91
Trd, 8639511.579, 132
Trd, 8639511.812, 83
Trd, 8639512.712, 72
Trd, 8639513.179, 74
Trd, 8639514.112, 133
Trd, 8639514.446, 128
Trd, 8639514.612, 126
Trd, 8639515.146, 81
Trd, 8639515.779, 60
Trd, 8639516.179, 68
Trd, 8639516.512, 66
Trd, 8639516.779, 70
Trd, 8639517.046, 114
Trd, 8639517.546, 80
Trd, 8639517.746, 90
Trd, 8639518.112, 84
Trd, 8639518.546, 90
Trd, 8639518.679, 66
Trd, 8639519.012, 128
Trd, 8639519.212, 121
Trd, 8639520.079, 70
Trd, 8639520.746, 127
Trd, 8639521.079, 108
Trd, 8639522.112, 118
Trd, 8639522.546, 124
Trd, 8639522.712, 106
Trd, 8639523.012, 97
Trd, 8639523.546, 114
Trd, 8639523.679, 100
Trd, 8639524.679, 120
Trd, 8639525.279, 90
Trd, 8639525.946, 95
Trd, 8639526.412, 115
Trd, 8639526.812, 120
Trd, 8639527.046, 92
Trd, 8639527.279, 132
Trd, 8639527.879, 88
Trd, 8639528.579, 134
Trd, 8639529.479, 133
Trd, 8639530.312, 88
Trd, 8639530.512, 80
Trd, 8639530.912, 88
Trd, 8639531.412, 105
Trd, 8639531.712, 138
Trd, 8639532.112, 130
Trd, 8639532.479, 103
Trd, 8639533.512, 123
Trd, 8639533.979, 119
Trd, 8639534.612, 102
Trd, 8639534.746, 100
Trd, 8639535.879, 136
Trd, 8639536.346, 118
Trd, 8639536.479, 98
Trd, 8639537.012, 114
Trd, 8639538.879, 80
Trd, 8639539.079, 77
Trd, 8639539.179, 100
Trd, 8639539.379, 120
Trd, 8639540.212, 68
Trd, 8639541.079, 77
Trd, 8639541.646, 96
Trd, 8639541.946, 98
Trd, 8639543.446, 99
Trd, 8639543.479, 108
Trd, 8639543.712, 94
Trd, 8639544.179, 78
Trd, 8639544.646, 82
Trd, 8639544.846, 110
Trd, 8639545.512, 80
Trd, 8639545.646, 80
Trd, 8639545.779, 69
Trd, 8639546.846, 124
Trd, 8639547.012, 126
Trd, 8639547.079, 115
Trd, 8639547.512, 134
Trd, 8639547.546, 100
Trd, 8639547.946, 104
Trd, 8639548.712, 111
Trd, 8639549.612, 126
Trd, 8639549.646, 108
Trd, 8639551.012, 134
Trd, 8639551.179, 131
Trd, 8639551.379, 111
Trd, 8639551.612, 110
Trd, 8639552.812, 140
Trd, 8639553.279, 126
Trd, 8639553.912, 118
Trd, 8639554.246, 135
Trd, 8639555.046, 109
Trd, 8639555.212, 112
Trd, 8639555.912, 105
Trd, 8639555.979, 78
Trd, 8639556.412, 124
Trd, 8639556.646, 137
Trd, 8639556.746, 114
Trd, 8639557.512, 98
Trd, 8639557.546, 92
Trd, 8639557.646, 130
Trd, 8639558.079, 82
Trd, 8639558.646, 81
Trd, 8639559.212, 137
Trd, 8639559.979, 94
Trd, 8639560.512, 78
Trd, 8639560.746, 60
Trd, 8639561.312, 73
Trd, 8639561.579, 114
Trd, 8639562.679, 99
Trd, 8639563.012, 105
Trd, 8639563.612, 118
Trd, 8639564.146, 130
Trd, 8639564.346, 125
Trd, 8639564.712, 102
Trd, 8639565.212, 112
Trd, 8639565.512, 133
Trd, 8639566.246, 136
Trd, 8639566.512, 113
Trd, 8639566.612, 101
Trd, 8639566.746, 91
Trd, 8639568.112, 78
Trd, 8639568.179, 93
Trd, 8639568.712, 129
Trd, 8639568.979, 118
Trd, 8639569.012, 115
Trd, 8639569.512, 113
Trd, 8639569.812, 125
Trd, 8639569.879, 87
Trd, 8639571.212, 83
Trd, 8639571.579, 129
Trd, 8639572.279, 129
Trd, 8639573.179, 121
Trd, 8639573.412, 118
Trd, 8639574.046, 137
Trd, 8639574.179, 115
Trd, 8639574.512, 107
Trd, 8639574.546, 94
Trd, 8639574.712, 93
Trd, 8639575.146, 96
Trd, 8639576.079, 76
Trd, 8639576.179, 108
Trd, 8639576.412, 123
Trd, 8639577.079, 129
Trd, 8639577.712, 104
Trd, 8639577.746, 91
Trd, 8639578.779, 90
Trd, 8639579.179, 83
Trd, 8639579.379, 88
Trd, 8639579.746, 95
Trd, 8639579.812, 96
Trd, 8639580.046, 85
Trd, 8639581.212, 110
Trd, 8639581.679, 104
Trd, 8639582.012, 87
Trd, 8639583.179, 101
Trd, 8639583.212, 91
Trd, 8639583.479, 105
Trd, 8639584.146, 116
Trd, 8639584.312, 106
Trd, 8639585.079, 86
Trd, 8639585.246, 84
Trd, 8639586.112, 93
Trd, 8639586.279, 95
Trd, 8639586.646, 82
Trd, 8639586.879, 132
Trd, 8639587.412, 125
Trd, 8639589.179, 100
Trd, 8639589.679, 94
Trd, 8639589.879, 73
Trd, 8639590.212, 109
Trd, 8639591.812, 108
Trd, 8639592.379, 107
Trd, 8639592.846, 103
Trd, 8639593.012, 116
Trd, 8639593.846, 125
Trd, 8639594.079, 108
Trd, 8639594.312, 119
Trd, 8639594.546, 106
Trd, 8639594.979, 102
Trd, 8639595.512, 139
Trd, 8639596.446, 105
Trd, 8639596.612, 99
Trd, 8639596.646, 92
Trd, 8639598.112, 111
Trd, 8639598.679, 109
Trd, 8639599.012, 81
Trd, 8639599.179, 81
Trd, 8639599.346, 92
Trd, 8639600.179, 85
Trd, 8639600.679, 69
Trd, 8639600.912, 82
Trd, 8639601.012, 95
Trd, 8639601.812, 96
Trd, 8639602.546, 69
Trd, 8639603.046, 68
Trd, 8639603.379, 80
Trd, 8639603.479, 66
Trd, 8639603.579, 83
Trd, 8639604.312, 118
Trd, 8639604.346, 74
Trd, 8639605.379, 110
Trd, 8639605.612, 113
Trd, 8639605.679, 115
Trd, 8639605.879, 100
Trd, 8639606.812, 65
Trd, 8639607.712, 83
Trd, 8639608.979, 109
Trd, 8639609.746, 97
Trd, 8639610.046, 85
Trd, 8639610.079, 74
Trd, 8639610.479, 72
Trd, 8639610.546, 85
Trd, 8639610.812, 88
Trd, 8639611.412, 72
Trd, 8639611.779, 61
Trd, 8639612.379, 104
Trd, 8639612.746, 115
Trd, 8639613.746, 106
Trd, 8639613.812, 79
Trd, 8639615.012, 108
Trd, 8639615.379, 117
Trd, 8639616.646, 119
Trd, 8639616.812, 74
Trd, 8639617.246, 109
Trd, 8639617.379, 118
Trd, 8639618.112, 100
Trd, 8639618.612, 93
Trd, 8639619.212, 96
Trd, 8639619.746, 95
Trd, 8639619.779, 97
Trd, 8639621.312, 108
Trd, 8639621.846, 89
Trd, 8639622.879, 114
Trd, 8639623.512, 105
Trd, 8639623.812, 133
Trd, 8639624.212, 93
Trd, 8639624.646, 92
Trd, 8639625.279, 87
Trd, 8639625.379, 101
Trd, 8639626.446, 115
Trd, 8639626.512, 76
Trd, 8639626.846, 76
Trd, 8639627.946, 116
Trd, 8639627.979, 126
Trd, 8639628.812, 108
Trd, 8639629.279, 94
Trd, 8639629.679, 113
Trd, 8639629.979, 117
Trd, 8639630.579, 71
Trd, 8639630.779, 69
Trd, 8639631.012, 92
Trd, 8639631.546, 84
Trd, 8639633.512, 86
Trd, 8639634.112, 72
Trd, 8639634.246, 77
Trd, 8639634.379, 116
Trd, 8639634.812, 121
Trd, 8639634.946, 137
Trd, 8639635.379, 98
Trd, 8639635.712, 68
Trd, 8639636.212, 94
Trd, 8639636.346, 123
Trd, 8639637.746, 139
Trd, 8639638.312, 127
Trd, 8639638.646, 93
Trd, 8639639.079, 118
Trd, 8639639.112, 89
Trd, 8639639.646, 131
Trd, 8639639.779, 114
Trd, 8639640.679, 78
Trd, 8639640.779, 80
Trd, 8639641.479, 120
Trd, 8639642.446, 92
Trd, 8639642.546, 88
Trd, 8639643.546, 98
Trd, 8639643.712, 95
Trd, 8639643.879, 102
Trd, 8639644.312, 93
Trd, 8639645.012, 133
Trd, 8639646.046, 126
Trd, 8639647.479, 115
Trd, 8639647.779, 100
Trd, 8639648.012, 99
Trd, 8639648.146, 120
Trd, 8639648.746, 83
Trd, 8639648.946, 72
Trd, 8639649.279, 91
Trd, 8639649.446, 112
Trd, 8639649.612, 122
Trd, 8639649.946, 113
Trd, 8639650.146, 123
Trd, 8639650.879, 88
Trd, 8639651.346, 69
Trd, 8639651.379, 94
Trd, 8639651.912, 106
Trd, 8639652.979, 115
Trd, 8639653.146, 114
Trd, 8639654.679, 119
Trd, 8639654.946, 119
Trd, 8639655.146, 114
Trd, 8639655.512, 113
Trd, 8639655.846, 97
Trd, 8639656.712, 126
Trd, 8639656.879, 122
Trd, 8639657.012, 112
Trd, 8639658.246, 132
Trd, 8639658.712, 127
Trd, 8639659.146, 124
Trd, 8639659.279, 116
Trd, 8639659.379, 97
Trd, 8639659.679, 121
Trd, 8639659.812, 112
Trd, 8639660.712, 107
Trd, 8639660.812, 132
Trd, 8639662.346, 132
Trd, 8639662.779, 130
Trd, 8639662.812, 115
Trd, 8639662.846, 106
Trd, 8639663.812, 134
Trd, 8639664.112, 125
Trd, 8639664.212, 123
Trd, 8639664.646, 111
Trd, 8639665.379, 97
Trd, 8639666.812, 111
Trd, 8639666.879, 110
Trd, 8639667.512, 122
Trd, 8639667.579, 94
Trd, 8639668.412, 98
Trd, 8639669.112, 127
Trd, 8639670.046, 117
Trd, 8639671.046, 81
Trd, 8639671.312, 82
Trd, 8639671.746, 122
Trd, 8639671.912, 93
Trd, 8639671.946, 93
Trd, 8639672.446, 95
Trd, 8639672.946, 94
Trd, 8639673.212, 90
Trd, 8639674.179, 136
Trd, 8639674.446, 129
Trd, 8639675.112, 115
Trd, 8639675.546, 112
Trd, 8639675.612, 114
Trd, 8639675.912, 129
Trd, 8639676.246, 107
Trd, 8639676.446, 91
Trd, 8639676.646, 129
Trd, 8639676.812, 96
Trd, 8639677.179, 85
Trd, 8639678.346, 125
Trd, 8639678.712, 138
Trd, 8639679.112, 103
Trd, 8639679.512, 99
Trd, 8639680.346, 90
Trd, 8639681.212, 120
Trd, 8639681.579, 110
Trd, 8639681.646, 109
Trd, 8639681.879, 108
Trd, 8639682.012, 106
Trd, 8639682.812, 107
Trd, 8639683.079, 94
Trd, 8639683.712, 107
Trd, 8639683.946, 125
Trd, 8639684.512, 90
Trd, 8639684.979, 83
Trd, 8639685.312, 92
Trd, 8639685.579, 83
Trd, 8639685.679, 70
Trd, 8639685.746, 93
Trd, 8639686.712, 116
Trd, 8639687.112, 82
Trd, 8639688.279, 87
Trd, 8639688.412, 75
Trd, 8639688.946, 105
Trd, 8639689.046, 73
Trd, 8639689.112, 70
Trd, 8639690.012, 78
Trd, 8639690.412, 77
Trd, 8639691.079, 80
Trd, 8639691.146, 89
Trd, 8639691.479, 83
Trd, 8639691.846, 118
Trd, 8639692.279, 78
Trd, 8639692.579, 123
Trd, 8639693.312, 109
Trd, 8639693.346, 96
Trd, 8639693.979, 89
Trd, 8639694.212, 96
Trd, 8639694.812, 131
Trd, 8639695.646, 111
Trd, 8639695.846, 100
Trd, 8639696.379, 107
Trd, 8639696.646, 87
Trd, 8639696.779, 111
Trd, 8639697.879, 82
Trd, 8639698.346, 124
Trd, 8639700.012, 109
Trd, 8639700.112, 96
Trd, 8639700.446, 100
Trd, 8639700.679, 120
Trd, 8639701.012, 92
Trd, 8639701.112, 89
Trd, 8639701.546, 88
Trd, 8639702.212, 80
Trd, 8639702.512, 95
Trd, 8639702.546, 73
Trd, 8639702.746, 96
Trd, 8639703.179, 79
Trd, 8639705.112, 120
Trd, 8639705.246, 115
Trd, 8639705.412, 114
Trd, 8639705.679, 110
Trd, 8639706.012, 106
Trd, 8639706.946, 119
Trd, 8639707.646, 100
Trd, 8639708.912, 94
Trd, 8639709.346, 101
Trd, 8639709.746, 90
Trd, 8639709.979, 90
Trd, 8639710.546, 131
Trd, 8639710.646, 123
Trd, 8639710.779, 107
Trd, 8639710.946, 106
Trd, 8639711.546, 106
Trd, 8639711.946, 132
Trd, 8639712.379, 92
Trd, 8639712.512, 95
Trd, 8639713.212, 104
Trd, 8639713.546, 93
Trd, 8639713.946, 111
Trd, 8639714.146, 89
Trd, 8639714.379, 84
Trd, 8639714.512, 100
Trd, 8639714.546, 101
Trd, 8639714.946, 80
Trd, 8639716.579, 112
Trd, 8639716.746, 100
Trd, 8639716.912, 78
Trd, 8639717.746, 80
Trd, 8639718.446, 131
Trd, 8639719.746, 77
Trd, 8639720.079, 66
Trd, 8639720.579, 127
Trd, 8639720.679, 124
Trd, 8639720.846, 137
Trd, 8639721.746, 87
Trd, 8639722.179, 113
Trd, 8639722.546, 96
Trd, 8639724.379, 112
Trd, 8639725.112, 121
Trd, 8639726.012, 130
Trd, 8639726.079, 127
Trd, 8639726.179, 115
Trd, 8639726.446, 106
Trd, 8639726.946, 97
Trd, 8639727.679, 135
Trd, 8639727.812, 97
Trd, 8639727.912, 89
Trd, 8639728.212, 132
Trd, 8639728.446, 96
Trd, 8639728.679, 86
Trd, 8639729.512, 121
Trd, 8639729.579, 76
Trd, 8639729.746, 133
Trd, 8639730.012, 76
Trd, 8639730.079, 97
Trd, 8639731.579, 115
Trd, 8639731.879, 136
Trd, 8639732.779, 104
Trd, 8639733.879, 98
Trd, 8639734.012, 90
Trd, 8639734.812, 119
Trd, 8639734.879, 111
Trd, 8639735.212, 79
Trd, 8639735.546, 77
Trd, 8639735.746, 120
Trd, 8639736.046, 71
Trd, 8639737.812, 93
Trd, 8639738.446, 102
Trd, 8639738.846, 107
Trd, 8639738.879, 72
Trd, 8639739.046, 121
Trd, 8639739.979, 76
Trd, 8639740.579, 94
Trd, 8639741.179, 120
Trd, 8639741.779, 115
Trd, 8639742.112, 79
Trd, 8639742.779, 87
Trd, 8639742.812, 94
Trd, 8639743.079, 96
Trd, 8639743.846, 116
Trd, 8639744.012, 86
Trd, 8639744.346, 81
Trd, 8639745.612, 116
Trd, 8639745.712, 131
Trd, 8639745.879, 98
Trd, 8639746.312, 101
Trd, 8639746.679, 129
Trd, 8639747.379, 138
Trd, 8639749.079, 92
Trd, 8639749.312, 87
Trd, 8639749.579, 124
Trd, 8639749.846, 126
Trd, 8639750.346, 107
Trd, 8639750.812, 119
Trd, 8639751.846, 114
Trd, 8639752.012, 106
Trd, 8639752.412, 105
Trd, 8639752.512, 94
Trd, 8639752.879, 132
Trd, 8639752.946, 112
Trd, 8639752.979, 90
Trd, 8639754.046, 116
Trd, 8639754.079, 125
Trd, 8639754.412, 109
Trd, 8639755.279, 121
Trd, 8639755.446, 116
Trd, 8639755.912, 106
Trd, 8639756.646, 139
Trd, 8639757.179, 109
Trd, 8639757.246, 90
Trd, 8639757.412, 84
Trd, 8639757.479, 111
Trd, 8639758.346, 86
Trd, 8639758.412, 88
Trd, 8639759.312, 93
Trd, 8639759.546, 82
Trd, 8639759.846, 131
Trd, 8639760.179, 88
Trd, 8639761.012, 104
Trd, 8639761.379, 100
Trd, 8639761.946, 107
Trd, 8639761.979, 89
Trd, 8639762.346, 128
Trd, 8639763.046, 103
Trd, 8639763.212, 76
Trd, 8639763.579, 80
Trd, 8639764.712, 107
Trd, 8639765.179, 121
Trd, 8639765.679, 64
Trd, 8639766.246, 88
Trd, 8639767.846, 78
Trd, 8639767.979, 81
Trd, 8639768.012, 88
Trd, 8639768.312, 67
Trd, 8639769.079, 71
Trd, 8639770.079, 82
Trd, 8639770.579, 116
Trd, 8639770.779, 106
Trd, 8639771.079, 107
Trd, 8639771.779, 133
Trd, 8639771.979, 123
Trd, 8639772.246, 103
Trd, 8639772.446, 90
Trd, 8639773.246, 105
Trd, 8639773.312, 78
Trd, 8639774.379, 86
Trd, 8639775.079, 112
Trd, 8639775.246, 82
Trd, 8639775.446, 115
Trd, 8639775.612, 92
Trd, 8639775.912, 136
Trd, 8639777.446, 66
Trd, 8639777.546, 84
Trd, 8639778.046, 129
Trd, 8639778.246, 126
Trd, 8639779.246, 90
Trd, 8639780.212, 88
Trd, 8639780.312, 70
Trd, 8639780.346, 111
Trd, 8639780.612, 79
Trd, 8639781.112, 80
Trd, 8639781.179, 71
Trd, 8639781.846, 83
Trd, 8639782.112, 68
Trd, 8639782.312, 76
Trd, 8639783.112, 111
Trd, 8639783.246, 97
Trd, 8639783.512, 110
Trd, 8639783.879, 71
Trd, 8639784.479, 67
Trd, 8639785.346, 69
Trd, 8639785.679, 81
Trd, 8639786.479, 89
Trd, 8639788.379, 140
Trd, 8639788.512, 123
Trd, 8639788.646, 140
Trd, 8639788.779, 104
Trd, 8639789.412, 102
Trd, 8639789.879, 101
Trd, 8639790.912, 116
Trd, 8639791.679, 89
Trd, 8639792.012, 100
Trd, 8639792.212, 105
Trd, 8639792.812, 100
Trd, 8639792.946, 89
Trd, 8639793.479, 105
Trd, 8639793.779, 86
Trd, 8639794.012, 99
Trd, 8639794.346, 126
Trd, 8639794.579, 112
Trd, 8639794.946, 133
Trd, 8639795.879, 123
Trd, 8639796.379, 111
Trd, 8639797.646, 104
Trd, 8639797.979, 86
Trd, 8639798.412, 82
Trd, 8639798.446, 70
Trd, 8639798.879, 91
Trd, 8639799.312, 79
Trd, 8639800.279, 113
Trd, 8639800.612, 93
Trd, 8639801.479, 89
Trd, 8639802.546, 123
Trd, 8639803.112, 118
Trd, 8639803.279, 120
Trd, 8639803.712, 115
Trd, 8639803.746, 101
Trd, 8639805.112, 123
Trd, 8639805.346, 109
Trd, 8639805.679, 90
Trd, 8639806.046, 92
Trd, 8639806.746, 104
Trd, 8639807.279, 93
Trd, 8639807.346, 80
Trd, 8639807.546, 119
Trd, 8639809.446, 113
Trd, 8639809.746, 128
Trd, 8639809.779, 96
Trd, 8639810.612, 119
Trd, 8639810.979, 117
Trd, 8639811.179, 114
Trd, 8639812.379, 100
Trd, 8639813.379, 118
Trd, 8639813.879, 134
Trd, 8639814.046, 108
Trd, 8639814.112, 99
Trd, 8639814.612, 73
Trd, 8639814.812, 88
Trd, 8639815.212, 82
Trd, 8639815.979, 116
Trd, 8639816.012, 90
Trd, 8639816.679, 105
Trd, 8639817.112, 112
Trd, 8639817.579, 98
Trd, 8639818.112, 103
Trd, 8639818.512, 98
Trd, 8639819.012, 116
Trd, 8639820.246, 90
Trd, 8639820.712, 79
Trd, 8639820.946, 107
Trd, 8639821.612, 125
Trd, 8639822.346, 95
Trd, 8639822.446, 91
Trd, 8639822.546, 89
Trd, 8639822.946, 90
Trd, 8639822.979, 103
Trd, 8639823.112, 139
Trd, 8639823.279, 83
Trd, 8639823.479, 71
Trd, 8639823.846, 68
Trd, 8639824.246, 108
Trd, 8639825.779, 92
Trd, 8639826.412, 122
Trd, 8639826.946, 93
Trd, 8639827.046, 79
Trd, 8639827.946, 139
Trd, 8639828.146, 130
Trd, 8639828.179, 113
Trd, 8639828.512, 96
Trd, 8639828.846, 68
Trd, 8639829.312, 98
Trd, 8639830.146, 136
Trd, 8639830.412, 103
Trd, 8639830.746, 137
Trd, 8639831.179, 102
Trd, 8639831.679, 101
Trd, 8639832.446, 85
Trd, 8639832.846, 113
Trd, 8639832.979, 103
Trd, 8639833.112, 102
Trd, 8639833.279, 94
Trd, 8639833.779, 81
Trd, 8639834.212, 109
Trd, 8639835.012, 125
Trd, 8639835.379, 122
Trd, 8639835.512, 88
Trd, 8639836.012, 126
Trd, 8639836.579, 88
Trd, 8639836.979, 120
Trd, 8639837.546, 108
Trd, 8639838.146, 139
Trd, 8639839.046, 117
Trd, 8639839.279, 114
Trd, 8639840.379, 113
Trd, 8639841.312, 139
Trd, 8639841.346, 129
Trd, 8639842.046, 126
Trd, 8639843.179, 138
Trd, 8639844.179, 132
Trd, 8639844.546, 128
Trd, 8639844.612, 110
Trd, 8639844.646, 85
Trd, 8639844.946, 131
Trd, 8639846.246, 106
Trd, 8639847.012, 114
Trd, 8639847.479, 110
Trd, 8639847.612, 72
Trd, 8639847.846, 106
Trd, 8639847.912, 99
Trd, 8639848.112, 113
Trd, 8639849.479, 121
Trd, 8639849.579, 98
Trd, 8639849.612, 97
Trd, 8639849.746, 99
Trd, 8639849.779, 68
Trd, 8639850.979, 78
Trd, 8639851.279, 111
Trd, 8639852.079, 96
Trd, 8639852.612, 68
Trd, 8639852.712, 71
Trd, 8639852.812, 95
Trd, 8639852.979, 71
Trd, 8639854.112, 68
Trd, 8639854.179, 94
Trd, 8639854.879, 91
Trd, 8639855.246, 82
Trd, 8639855.979, 93
Trd, 8639856.012, 94
Trd, 8639856.179, 122
Trd, 8639856.346, 65
Trd, 8639856.746, 132
Trd, 8639857.879, 104
Trd, 8639858.346, 88
Trd, 8639858.646, 86
Trd, 8639859.779, 132
Trd, 8639860.179, 132
Trd, 8639861.079, 98
Trd, 8639861.246, 93
Trd, 8639861.812, 99
Trd, 8639862.379, 116
Trd, 8639862.646, 81
Trd, 8639863.279, 101
Trd, 8639863.779, 113
Trd, 8639864.879, 94
Trd, 8639865.112, 67
Trd, 8639865.412, 69
Trd, 8639865.812, 77
Trd, 8639865.879, 112
Trd, 8639866.012, 79
Trd, 8639867.279, 132
Trd, 8639867.379, 93
Trd, 8639868.046, 132
Trd, 8639868.546, 120
Trd, 8639869.046, 109
Trd, 8639870.079, 110
Trd, 8639870.146, 83
Trd, 8639871.012, 81
Trd, 8639871.212, 87
Trd, 8639871.412, 92
Trd, 8639871.846, 89
Trd, 8639872.012, 136
Trd, 8639872.312, 123
Trd, 8639872.412, 92
Trd, 8639872.546, 127
Trd, 8639873.979, 75
Trd, 8639874.479, 64
Trd, 8639876.146, 93
Trd, 8639876.179, 126
Trd, 8639876.646, 108
Trd, 8639877.246, 104
Trd, 8639877.379, 100
Trd, 8639877.512, 89
Trd, 8639877.879, 79
Trd, 8639877.912, 91
Trd, 8639878.012, 134
Trd, 8639878.346, 74
Trd, 8639879.646, 88
Trd, 8639880.212, 112
Trd, 8639880.512, 119
Trd, 8639881.246, 107
Trd, 8639881.746, 92
Trd, 8639882.612, 128
Trd, 8639882.779, 116
Trd, 8639882.912, 98
Trd, 8639883.446, 138
Trd, 8639884.012, 131
Trd, 8639884.146, 115
Trd, 8639884.712, 81
Trd, 8639885.379, 76
Trd, 8639885.979, 93
Trd, 8639886.379, 108
Trd, 8639886.512, 105
Trd, 8639886.879, 104
Trd, 8639887.312, 125
Trd, 8639888.446, 124
Trd, 8639888.579, 122
Trd, 8639889.346, 106
Trd, 8639889.579, 92
Trd, 8639889.979, 109
Trd, 8639890.712, 62
Trd, 8639891.146, 68
Trd, 8639891.512, 78
Trd, 8639892.179, 111
Trd, 8639892.446, 116
Trd, 8639892.879, 126
Trd, 8639892.979, 93
Trd, 8639893.479, 87
Trd, 8639894.079, 69
Trd, 8639895.179, 124
Trd, 8639896.712, 81
Trd, 8639897.112, 86
Trd, 8639897.246, 90
Trd, 8639897.346, 91
Trd, 8639897.412, 91
Trd, 8639897.746, 124
Trd, 8639897.879, 121
Trd, 8639897.946, 116
Trd, 8639898.046, 105
Trd, 8639898.879, 93
Trd, 8639898.979, 78
Trd, 8639899.546, 94
Trd, 8639900.246, 96
Trd, 8639900.612, 115
Trd, 8639900.979, 103
Trd, 8639901.312, 96
Trd, 8639901.512, 86
Trd, 8639902.112, 76
Trd, 8639902.712, 96
Trd, 8639902.746, 67
Trd, 8639903.212, 97
Trd, 8639903.979, 78
Trd, 8639904.879, 102
Trd, 8639905.446, 113
Trd, 8639906.246, 113
Trd, 8639906.579, 115
Trd, 8639906.812, 85
Trd, 8639906.846, 88
Trd, 8639907.212, 84
Trd, 8639907.246, 83
Trd, 8639908.012, 136
Trd, 8639908.446, 137
Trd, 8639908.779, 116
Trd, 8639909.446, 111
Trd, 8639910.479, 121
Trd, 8639911.679, 101
Trd, 8639911.746, 96
Trd, 8639911.779, 88
Trd, 8639912.012, 70
Trd, 8639912.346, 109
Trd, 8639912.746, 105
Trd, 8639912.779, 104
Trd, 8639913.012, 89
Trd, 8639913.979, 140
Trd, 8639914.112, 127
Trd, 8639915.046, 137
Trd, 8639915.079, 131
Trd, 8639915.546, 96
Trd, 8639916.046, 128
Trd, 8639917.146, 119
Trd, 8639917.179, 110
Trd, 8639918.079, 112
Trd, 8639918.679, 117
Trd, 8639919.246, 134
Trd, 8639919.812, 124
Trd, 8639919.846, 131
Trd, 8639920.446, 101
Trd, 8639920.479, 115
Trd, 8639922.079, 100
Trd, 8639922.112, 82
Trd, 8639922.212, 69
Trd, 8639922.679, 99
Trd, 8639922.979, 120
Trd, 8639923.312, 80
Trd, 8639923.512, 110
Trd, 8639923.979, 105
Trd, 8639924.746, 86
Trd, 8639924.912, 100
Trd, 8639925.212, 107
Trd, 8639925.479, 62
Trd, 8639926.279, 105
Trd, 8639926.479, 72
Trd, 8639927.679, 107
Trd, 8639928.512, 92
Trd, 8639928.979, 122
Trd, 8639929.312, 99
Trd, 8639929.779, 100
Trd, 8639929.912, 104
Trd, 8639930.146, 121
Trd, 8639930.879, 115
Trd, 8639931.746, 97
Trd, 8639932.612, 124
Trd, 8639933.012, 92
Trd, 8639933.412, 94
Trd, 8639933.712, 101
Trd, 8639934.746, 128
Trd, 8639934.779, 82
Trd, 8639935.179, 74
Trd, 8639935.279, 86
Trd, 8639936.612, 134
Trd, 8639937.446, 115
Trd, 8639937.779, 121
Trd, 8639938.112, 140
Trd, 8639938.712, 140
Trd, 8639939.412, 124
Trd, 8639939.546, 116
Trd, 8639940.146, 124
Trd, 8639940.179, 116
Trd, 8639940.679, 96
Trd, 8639941.112, 88
Trd, 8639942.079, 130
Trd, 8639942.612, 139
Trd, 8639942.912, 118
Trd, 8639943.512, 96
Trd, 8639943.746, 90
Trd, 8639944.646, 109
Trd, 8639944.679, 107
Trd, 8639945.246, 137
Trd, 8639945.412, 123
Trd, 8639946.846, 136
Trd, 8639947.912, 136
Trd, 8639948.246, 124
Trd, 8639948.446, 139
Trd, 8639948.946, 112
Trd, 8639949.079, 113
Trd, 8639950.646, 117
Trd, 8639950.846, 116
Trd, 8639951.246, 100
Trd, 8639951.546, 119
Trd, 8639951.579, 97
Trd, 8639951.812, 94
Trd, 8639952.112, 77
Trd, 8639952.246, 111
Trd, 8639952.479, 119
Trd, 8639952.946, 96
Trd, 8639954.112, 130
Trd, 8639954.579, 118
Trd, 8639955.079, 116
Trd, 8639955.546, 108
Trd, 8639955.946, 105
Trd, 8639956.179, 124
Trd, 8639956.246, 110
Trd, 8639956.312, 119
Trd, 8639957.279, 115
Trd, 8639958.046, 86
Trd, 8639958.679, 110
Trd, 8639960.546, 128
Trd, 8639960.812, 95
Trd, 8639961.612, 133
Trd, 8639962.079, 129
Trd, 8639962.546, 135
Trd, 8639962.912, 131
Trd, 8639963.479, 124
Trd, 8639963.612, 136
Trd, 8639963.812, 140
Trd, 8639964.412, 123
Trd, 8639964.779, 115
Trd, 8639965.412, 86
Trd, 8639965.912, 80
Trd, 8639966.212, 88
Trd, 8639966.579, 126
Trd, 8639967.012, 139
Trd, 8639967.046, 95
Trd, 8639967.512, 130
Trd, 8639968.012, 93
Trd, 8639969.112, 130
Trd, 8639969.579, 114
Trd, 8639970.479, 120
Trd, 8639970.646, 92
Trd, 8639970.879, 95
Trd, 8639970.912, 88
Trd, 8639971.179, 75
Trd, 8639971.712, 100
Trd, 8639972.412, 112
Trd, 8639972.912, 122
Trd, 8639973.179, 93
Trd, 8639973.212, 87
Trd, 8639973.346, 70
Trd, 8639974.012, 103
Trd, 8639974.412, 96
Trd, 8639975.146, 112
Trd, 8639976.012, 90
Trd, 8639976.612, 111
Trd, 8639976.679, 102
Trd, 8639977.646, 103
Trd, 8639978.012, 91
Trd, 8639978.246, 108
Trd, 8639978.279, 90
Trd, 8639979.146, 110
Trd, 8639979.946, 135
Trd, 8639980.312, 115
Trd, 8639980.679, 110
Trd, 8639980.779, 94
Trd, 8639980.879, 73
Trd, 8639982.479, 134
Trd, 8639983.112, 135
Trd, 8639983.312, 130
Trd, 8639984.279, 125
Trd, 8639984.346, 90
Trd, 8639984.446, 108
Trd, 8639984.746, 74
Trd, 8639984.879, 81
Trd, 8639984.912, 86
Trd, 8639985.479, 90
Trd, 8639985.979, 93
Trd, 8639986.612, 103
Trd, 8639986.712, 91
Trd, 8639986.812, 102
Trd, 8639987.579, 139
Trd, 8639988.012, 115
Trd, 8639989.279, 114
Trd, 8639989.712, 91
Trd, 8639990.012, 100
Trd, 8639990.679, 82
Trd, 8639991.079, 118
Trd, 8639991.246, 114
Trd, 8639991.479, 94
Trd, 8639992.546, 108
Trd, 8639992.879, 111
Trd, 8639993.412, 119
Trd, 8639993.646, 123
Trd, 8639993.946, 112
Trd, 8639994.046, 105
Trd, 8639995.012, 133
Trd, 8639995.712, 95
Trd, 8639996.712, 116
Trd, 8639996.746, 100
Trd, 8639997.112, 122
Trd, 8639997.412, 96
Trd, 8639998.112, 110
Trd, 8639998.179, 97
Trd, 8639998.379, 132
Trd, 8639999.579, 118
Trd, 8639999.846, 116
