Trd, 8638770.779, 140
Trd, 8638770.846, 140
Trd, 8638771.512, 140
Trd, 8638771.846, 140
Trd, 8638772.012, 140
Trd, 8638772.346, 140
Trd, 8638772.779, 140
Trd, 8638772.879, 140
Trd, 8638773.246, 140
Trd, 8638773.779, 140
Trd, 8638774.012, 137
Trd, 8638774.346, 95
Trd, 8638774.446, 106
Trd, 8638774.712, 140
Trd, 8638776.012, 140
Trd, 8638776.079, 140
Trd, 8638776.146, 140
Trd, 8638776.912, 140
Trd, 8638777.779, 140
Trd, 8638777.879, 140
Trd, 8638778.879, 140
Trd, 8638778.912, 140
Trd, 8638778.979, 140
Trd, 8638779.179, 140
Trd, 8638779.779, 140
Trd, 8638781.512, 140
Trd, 8638781.979, 140
Trd, 8638782.679, 140
Trd, 8638782.946, 140
Trd, 8638783.079, 140
Trd, 8638783.279, 140
Trd, 8638783.546, 140
Trd, 8638783.646, 140
Trd, 8638783.779, 140
Trd, 8638784.146, 140
Trd, 8638785.746, 140
Trd, 8638786.946, 140
Trd, 8638787.979, 140
Trd, 8638788.146, 140
Trd, 8638788.379, 140
Trd, 8638788.412, 140
Trd, 8638789.246, 140
Trd, 8638789.579, 140
Trd, 8638790.212, 140
Trd, 8638791.046, 140
Trd, 8638791.346, 140
Trd, 8638791.379, 140
Trd, 8638791.479, 140
Trd, 8638791.579, 138
Trd, 8638791.812, 108
Trd, 8638793.079, 140
Trd, 8638793.646, 140
Trd, 8638793.746, 140
Trd, 8638793.879, 140
Trd, 8638794.312, 107
Trd, 8638794.446, 106
Trd, 8638795.812, 140
Trd, 8638796.446, 140
Trd, 8638796.679, 140
Trd, 8638797.046, 140
Trd, 8638798.612, 140
Trd, 8638798.846, 140
Trd, 8638798.979, 140
Trd, 8638799.012, 140
Trd, 8638799.546, 140
Trd, 8638799.946, 140
Trd, 8638799.979, 140
Trd, 8638800.346, 140
Trd, 8638800.612, 140
Trd, 8638800.646, 140
Trd, 8638801.046, 140
Trd, 8638801.079, 140
Trd, 8638801.546, 140
Trd, 8638802.179, 140
Trd, 8638802.246, 140
Trd, 8638802.979, 140
Trd, 8638803.079, 140
Trd, 8638804.212, 140
Trd, 8638804.946, 140
Trd, 8638805.012, 140
Trd, 8638805.646, 140
Trd, 8638807.312, 140
Trd, 8638807.579, 140
Trd, 8638808.112, 140
Trd, 8638808.146, 140
Trd, 8638808.579, 140
Trd, 8638808.846, 140
Trd, 8638809.846, 140
Trd, 8638810.279, 139
Trd, 8638810.446, 140
Trd, 8638810.946, 138
Trd, 8638811.046, 120
Trd, 8638811.579, 139
Trd, 8638811.846, 140
Trd, 8638812.379, 139
Trd, 8638812.612, 138
Trd, 8638813.079, 117
Trd, 8638813.846, 117
Trd, 8638814.446, 118
Trd, 8638815.012, 124
Trd, 8638815.479, 124
Trd, 8638815.712, 124
Trd, 8638815.846, 125
Trd, 8638815.946, 126
Trd, 8638817.412, 132
Trd, 8638817.746, 135
Trd, 8638817.779, 130
Trd, 8638817.979, 127
Trd, 8638818.679, 115
Trd, 8638818.746, 114
Trd, 8638819.046, 94
Trd, 8638819.312, 136
Trd, 8638819.912, 71
Trd, 8638820.746, 140
Trd, 8638821.546, 140
Trd, 8638821.746, 140
Trd, 8638821.812, 140
Trd, 8638822.479, 140
Trd, 8638823.312, 140
Trd, 8638823.379, 140
Trd, 8638823.446, 140
Trd, 8638823.479, 140
Trd, 8638823.846, 140
Trd, 8638824.479, 140
Trd, 8638824.712, 139
Trd, 8638825.279, 140
Trd, 8638825.679, 140
Trd, 8638826.079, 140
Trd, 8638826.346, 140
Trd, 8638827.879, 140
Trd, 8638827.912, 140
Trd, 8638828.446, 140
Trd, 8638829.312, 140
Trd, 8638829.479, 140
Trd, 8638829.979, 140
Trd, 8638830.212, 140
Trd, 8638830.479, 140
Trd, 8638830.779, 140
Trd, 8638831.379, 140
Trd, 8638831.779, 140
Trd, 8638832.946, 140
Trd, 8638833.346, 140
Trd, 8638833.912, 140
Trd, 8638834.112, 140
Trd, 8638834.346, 140
Trd, 8638834.446, 140
Trd, 8638834.646, 140
Trd, 8638835.479, 140
Trd, 8638835.612, 140
Trd, 8638836.012, 140
Trd, 8638836.812, 140
Trd, 8638837.646, 140
Trd, 8638838.079, 140
Trd, 8638838.112, 140
Trd, 8638838.512, 140
Trd, 8638838.879, 140
Trd, 8638839.379, 140
Trd, 8638839.612, 139
Trd, 8638840.012, 140
Trd, 8638841.146, 140
Trd, 8638842.079, 140
Trd, 8638842.912, 140
Trd, 8638843.779, 140
Trd, 8638844.579, 140
Trd, 8638844.712, 140
Trd, 8638844.812, 140
Trd, 8638844.979, 140
Trd, 8638845.212, 140
Trd, 8638845.379, 140
Trd, 8638845.546, 140
Trd, 8638846.846, 140
Trd, 8638847.179, 140
Trd, 8638847.312, 140
Trd, 8638847.846, 140
Trd, 8638847.912, 140
Trd, 8638848.379, 140
Trd, 8638848.712, 140
Trd, 8638849.512, 140
Trd, 8638850.379, 140
Trd, 8638850.612, 140
Trd, 8638850.712, 140
Trd, 8638850.746, 140
Trd, 8638851.212, 137
Trd, 8638851.679, 136
Trd, 8638852.479, 138
Trd, 8638852.579, 140
Trd, 8638852.612, 137
Trd, 8638852.846, 137
Trd, 8638853.846, 139
Trd, 8638853.979, 138
Trd, 8638854.012, 101
Trd, 8638854.979, 140
Trd, 8638855.812, 140
Trd, 8638856.012, 140
Trd, 8638857.912, 140
Trd, 8638857.946, 140
Trd, 8638858.079, 140
Trd, 8638859.079, 140
Trd, 8638859.712, 140
Trd, 8638860.712, 140
Trd, 8638861.112, 140
Trd, 8638861.279, 140
Trd, 8638861.612, 140
Trd, 8638862.079, 140
Trd, 8638862.512, 140
Trd, 8638863.312, 140
Trd, 8638863.912, 140
Trd, 8638864.512, 140
Trd, 8638865.512, 140
Trd, 8638866.012, 140
Trd, 8638866.079, 140
Trd, 8638866.646, 140
Trd, 8638867.246, 140
Trd, 8638867.512, 140
Trd, 8638868.079, 140
Trd, 8638868.279, 140
Trd, 8638868.479, 140
Trd, 8638868.612, 140
Trd, 8638870.046, 140
Trd, 8638870.112, 140
Trd, 8638870.446, 140
Trd, 8638870.712, 140
Trd, 8638871.012, 140
Trd, 8638871.112, 140
Trd, 8638871.179, 140
Trd, 8638871.979, 140
Trd, 8638872.512, 140
Trd, 8638872.579, 140
Trd, 8638872.646, 140
Trd, 8638873.712, 140
Trd, 8638873.779, 140
Trd, 8638873.846, 139
Trd, 8638874.146, 140
Trd, 8638874.612, 140
Trd, 8638875.612, 140
Trd, 8638876.246, 140
Trd, 8638876.812, 140
Trd, 8638877.646, 140
Trd, 8638878.112, 140
Trd, 8638878.246, 140
Trd, 8638879.412, 140
Trd, 8638879.646, 140
Trd, 8638880.079, 140
Trd, 8638880.779, 140
Trd, 8638880.812, 140
Trd, 8638881.312, 140
Trd, 8638881.579, 140
Trd, 8638882.112, 140
Trd, 8638882.179, 140
Trd, 8638882.712, 140
Trd, 8638884.446, 140
Trd, 8638884.579, 140
Trd, 8638885.646, 140
Trd, 8638886.446, 140
Trd, 8638886.512, 140
Trd, 8638887.279, 140
Trd, 8638887.812, 140
Trd, 8638888.279, 140
Trd, 8638888.379, 140
Trd, 8638889.012, 140
Trd, 8638889.079, 140
Trd, 8638889.379, 140
Trd, 8638889.446, 140
Trd, 8638889.546, 140
Trd, 8638890.279, 140
Trd, 8638890.646, 140
Trd, 8638890.746, 140
Trd, 8638891.012, 140
Trd, 8638891.446, 140
Trd, 8638891.679, 98
Trd, 8638893.546, 140
Trd, 8638894.312, 140
Trd, 8638894.579, 140
Trd, 8638894.746, 140
Trd, 8638894.946, 140
Trd, 8638895.512, 140
Trd, 8638896.379, 140
Trd, 8638896.679, 140
Trd, 8638896.846, 140
Trd, 8638896.912, 140
Trd, 8638897.546, 140
Trd, 8638897.879, 140
Trd, 8638898.312, 140
Trd, 8638899.079, 140
Trd, 8638899.746, 140
Trd, 8638900.212, 140
Trd, 8638900.612, 140
Trd, 8638900.779, 140
Trd, 8638900.846, 140
Trd, 8638901.846, 140
Trd, 8638903.079, 140
Trd, 8638903.612, 140
Trd, 8638904.112, 140
Trd, 8638904.979, 140
Trd, 8638905.046, 140
Trd, 8638905.412, 140
Trd, 8638906.079, 140
Trd, 8638907.679, 140
Trd, 8638907.912, 140
Trd, 8638908.112, 140
Trd, 8638908.579, 140
Trd, 8638908.679, 140
Trd, 8638909.312, 140
Trd, 8638910.412, 140
Trd, 8638910.779, 140
Trd, 8638911.912, 140
Trd, 8638911.979, 140
Trd, 8638912.046, 140
Trd, 8638912.279, 140
Trd, 8638912.679, 140
Trd, 8638912.779, 140
Trd, 8638913.446, 140
Trd, 8638913.546, 140
Trd, 8638914.012, 140
Trd, 8638914.479, 140
Trd, 8638914.746, 140
Trd, 8638915.446, 140
Trd, 8638915.512, 140
Trd, 8638916.812, 140
Trd, 8638917.112, 136
Trd, 8638917.812, 104
Trd, 8638918.779, 104
Trd, 8638919.512, 106
Trd, 8638919.579, 104
Trd, 8638919.879, 140
Trd, 8638920.046, 140
Trd, 8638920.879, 140
Trd, 8638921.046, 140
Trd, 8638921.479, 140
Trd, 8638921.679, 96
Trd, 8638922.512, 140
Trd, 8638922.812, 96
Trd, 8638923.212, 96
Trd, 8638923.412, 92
Trd, 8638923.912, 60
Trd, 8638924.912, 60
Trd, 8638926.079, 60
Trd, 8638927.879, 60
Trd, 8638928.112, 60
Trd, 8638928.212, 60
Trd, 8638928.246, 60
Trd, 8638928.379, 60
Trd, 8638928.579, 60
Trd, 8638928.812, 61
Trd, 8638929.379, 62
Trd, 8638929.446, 62
Trd, 8638929.546, 63
Trd, 8638930.246, 88
Trd, 8638931.546, 78
Trd, 8638931.579, 76
Trd, 8638932.012, 80
Trd, 8638933.246, 140
Trd, 8638933.346, 140
Trd, 8638933.479, 139
Trd, 8638934.412, 106
Trd, 8638934.812, 140
Trd, 8638935.112, 140
Trd, 8638935.546, 140
Trd, 8638935.779, 140
Trd, 8638935.979, 140
Trd, 8638936.346, 140
Trd, 8638936.779, 107
Trd, 8638936.812, 102
Trd, 8638937.412, 138
Trd, 8638937.712, 138
Trd, 8638937.812, 138
Trd, 8638939.912, 60
Trd, 8638940.679, 60
Trd, 8638941.146, 61
Trd, 8638941.246, 62
Trd, 8638941.446, 65
Trd, 8638941.746, 65
Trd, 8638941.779, 64
Trd, 8638942.679, 72
Trd, 8638942.779, 70
Trd, 8638943.146, 70
Trd, 8638943.279, 69
Trd, 8638943.512, 139
Trd, 8638943.779, 73
Trd, 8638943.912, 139
Trd, 8638944.446, 140
Trd, 8638945.546, 104
Trd, 8638945.879, 138
Trd, 8638946.212, 120
Trd, 8638946.546, 106
Trd, 8638947.079, 109
Trd, 8638947.979, 112
Trd, 8638948.479, 115
Trd, 8638949.179, 118
Trd, 8638949.279, 117
Trd, 8638949.679, 117
Trd, 8638951.212, 140
Trd, 8638951.412, 140
Trd, 8638952.179, 140
Trd, 8638952.579, 140
Trd, 8638952.679, 140
Trd, 8638952.779, 140
Trd, 8638953.946, 140
Trd, 8638954.112, 140
Trd, 8638954.579, 140
Trd, 8638954.979, 140
Trd, 8638955.612, 140
Trd, 8638955.779, 140
Trd, 8638955.979, 140
Trd, 8638956.079, 140
Trd, 8638956.479, 140
Trd, 8638956.646, 140
Trd, 8638956.979, 140
Trd, 8638957.046, 140
Trd, 8638957.679, 140
Trd, 8638957.846, 140
Trd, 8638957.946, 140
Trd, 8638959.012, 140
Trd, 8638959.746, 140
Trd, 8638959.912, 140
Trd, 8638960.779, 140
Trd, 8638961.212, 140
Trd, 8638961.279, 140
Trd, 8638961.779, 140
Trd, 8638961.846, 140
Trd, 8638962.512, 140
Trd, 8638962.846, 140
Trd, 8638963.546, 140
Trd, 8638964.612, 140
Trd, 8638964.879, 140
Trd, 8638965.179, 140
Trd, 8638966.079, 140
Trd, 8638966.279, 140
Trd, 8638966.346, 140
Trd, 8638966.879, 140
Trd, 8638967.012, 140
Trd, 8638967.046, 140
Trd, 8638967.979, 140
Trd, 8638968.612, 140
Trd, 8638969.912, 140
Trd, 8638970.046, 140
Trd, 8638970.446, 140
Trd, 8638970.812, 140
Trd, 8638971.046, 140
Trd, 8638971.479, 140
Trd, 8638971.646, 140
Trd, 8638972.212, 140
Trd, 8638973.679, 140
Trd, 8638974.146, 140
Trd, 8638974.679, 140
Trd, 8638975.112, 140
Trd, 8638975.346, 140
Trd, 8638975.612, 140
Trd, 8638975.712, 140
Trd, 8638975.746, 140
Trd, 8638975.846, 140
Trd, 8638976.012, 139
Trd, 8638977.246, 140
Trd, 8638977.746, 140
Trd, 8638978.112, 140
Trd, 8638978.479, 140
Trd, 8638978.746, 140
Trd, 8638978.846, 140
Trd, 8638978.879, 101
Trd, 8638978.946, 94
Trd, 8638979.912, 77
Trd, 8638980.512, 67
Trd, 8638981.746, 140
Trd, 8638981.779, 140
Trd, 8638982.012, 140
Trd, 8638982.479, 140
Trd, 8638982.779, 140
Trd, 8638983.746, 140
Trd, 8638984.312, 140
Trd, 8638984.579, 140
Trd, 8638984.746, 140
Trd, 8638985.212, 140
Trd, 8638986.212, 140
Trd, 8638986.712, 140
Trd, 8638986.979, 140
Trd, 8638987.012, 140
Trd, 8638987.379, 140
Trd, 8638987.512, 140
Trd, 8638988.079, 140
Trd, 8638988.279, 140
Trd, 8638988.379, 140
Trd, 8638988.779, 140
Trd, 8638989.412, 98
Trd, 8638990.346, 103
Trd, 8638990.646, 103
Trd, 8638991.512, 140
Trd, 8638992.046, 140
Trd, 8638992.146, 140
Trd, 8638992.546, 139
Trd, 8638992.679, 131
Trd, 8638994.279, 60
Trd, 8638994.446, 60
Trd, 8638995.646, 60
Trd, 8638995.746, 60
Trd, 8638996.546, 60
Trd, 8638996.579, 60
Trd, 8638996.646, 61
Trd, 8638996.712, 60
Trd, 8638996.812, 61
Trd, 8638997.246, 60
Trd, 8638998.479, 60
Trd, 8638998.879, 62
Trd, 8638999.046, 63
Trd, 8638999.346, 61
Trd, 8639000.046, 63
Trd, 8639000.212, 63
Trd, 8639000.512, 60
Trd, 8639000.712, 61
Trd, 8639000.846, 60
Trd, 8639000.946, 63
Trd, 8639001.612, 60
Trd, 8639002.712, 60
Trd, 8639003.146, 68
Trd, 8639004.646, 60
Trd, 8639005.079, 61
Trd, 8639005.846, 60
Trd, 8639005.879, 60
Trd, 8639005.979, 60
Trd, 8639006.379, 61
Trd, 8639006.646, 62
Trd, 8639006.812, 61
Trd, 8639007.012, 68
Trd, 8639007.546, 64
Trd, 8639007.779, 66
Trd, 8639008.112, 66
Trd, 8639009.246, 140
Trd, 8639009.579, 60
Trd, 8639010.446, 140
Trd, 8639010.512, 139
Trd, 8639010.979, 138
Trd, 8639011.012, 135
Trd, 8639011.746, 115
Trd, 8639011.912, 115
Trd, 8639013.146, 125
Trd, 8639013.546, 140
Trd, 8639014.379, 140
Trd, 8639014.712, 140
Trd, 8639014.946, 140
Trd, 8639015.079, 140
Trd, 8639015.312, 101
Trd, 8639015.579, 139
Trd, 8639016.079, 140
Trd, 8639016.746, 140
Trd, 8639016.979, 140
Trd, 8639017.612, 140
Trd, 8639017.679, 140
Trd, 8639018.312, 140
Trd, 8639019.079, 140
Trd, 8639019.779, 140
Trd, 8639020.146, 139
Trd, 8639020.446, 138
Trd, 8639020.846, 139
Trd, 8639022.312, 122
Trd, 8639022.346, 121
Trd, 8639023.746, 140
Trd, 8639024.079, 140
Trd, 8639024.312, 140
Trd, 8639024.646, 140
Trd, 8639025.012, 140
Trd, 8639025.346, 140
Trd, 8639025.646, 140
Trd, 8639025.846, 140
Trd, 8639026.179, 140
Trd, 8639026.612, 140
Trd, 8639027.479, 140
Trd, 8639027.512, 140
Trd, 8639027.612, 140
Trd, 8639028.046, 140
Trd, 8639028.479, 140
Trd, 8639029.546, 140
Trd, 8639030.746, 140
Trd, 8639031.012, 140
Trd, 8639031.112, 140
Trd, 8639031.212, 140
Trd, 8639031.846, 140
Trd, 8639032.079, 140
Trd, 8639032.179, 140
Trd, 8639032.379, 140
Trd, 8639033.046, 140
Trd, 8639033.612, 140
Trd, 8639033.779, 140
Trd, 8639033.846, 139
Trd, 8639035.079, 136
Trd, 8639035.379, 135
Trd, 8639035.812, 138
Trd, 8639035.979, 140
Trd, 8639036.146, 140
Trd, 8639036.779, 140
Trd, 8639037.079, 140
Trd, 8639037.112, 139
Trd, 8639037.246, 122
Trd, 8639037.679, 123
Trd, 8639037.946, 118
Trd, 8639038.012, 117
Trd, 8639038.879, 140
Trd, 8639039.746, 140
Trd, 8639040.446, 140
Trd, 8639041.412, 140
Trd, 8639041.646, 140
Trd, 8639041.912, 140
Trd, 8639041.946, 140
Trd, 8639042.446, 140
Trd, 8639043.279, 140
Trd, 8639043.479, 140
Trd, 8639044.312, 140
Trd, 8639044.412, 140
Trd, 8639044.612, 114
Trd, 8639045.379, 60
Trd, 8639045.779, 60
Trd, 8639047.312, 60
Trd, 8639048.046, 60
Trd, 8639048.446, 60
Trd, 8639048.479, 60
Trd, 8639048.612, 60
Trd, 8639048.712, 60
Trd, 8639049.746, 60
Trd, 8639049.812, 60
Trd, 8639049.846, 63
Trd, 8639050.646, 60
Trd, 8639050.746, 61
Trd, 8639051.479, 67
Trd, 8639051.679, 68
Trd, 8639051.779, 69
Trd, 8639051.879, 68
Trd, 8639052.246, 70
Trd, 8639052.579, 61
Trd, 8639054.079, 61
Trd, 8639054.112, 62
Trd, 8639054.512, 61
Trd, 8639055.479, 60
Trd, 8639055.746, 60
Trd, 8639055.846, 60
Trd, 8639056.879, 60
Trd, 8639058.579, 60
Trd, 8639058.746, 60
Trd, 8639059.479, 60
Trd, 8639059.946, 61
Trd, 8639060.412, 62
Trd, 8639060.512, 63
Trd, 8639060.579, 64
Trd, 8639060.946, 62
Trd, 8639061.646, 67
Trd, 8639062.046, 60
Trd, 8639062.312, 61
Trd, 8639062.446, 72
Trd, 8639063.112, 63
Trd, 8639063.279, 64
Trd, 8639063.379, 64
Trd, 8639064.179, 69
Trd, 8639064.612, 68
Trd, 8639064.679, 67
Trd, 8639065.146, 70
Trd, 8639065.646, 67
Trd, 8639066.246, 140
Trd, 8639066.446, 140
Trd, 8639066.612, 140
Trd, 8639067.579, 108
Trd, 8639067.746, 109
Trd, 8639068.112, 62
Trd, 8639068.212, 63
Trd, 8639069.612, 60
Trd, 8639070.079, 60
Trd, 8639070.446, 60
Trd, 8639070.846, 60
Trd, 8639070.879, 60
Trd, 8639071.646, 62
Trd, 8639071.812, 63
Trd, 8639071.979, 66
Trd, 8639072.146, 68
Trd, 8639072.179, 65
Trd, 8639072.512, 65
Trd, 8639072.646, 69
Trd, 8639073.279, 70
Trd, 8639073.512, 66
Trd, 8639073.679, 67
Trd, 8639074.012, 65
Trd, 8639074.279, 68
Trd, 8639074.412, 66
Trd, 8639075.112, 63
Trd, 8639075.546, 138
Trd, 8639077.346, 140
Trd, 8639077.879, 140
Trd, 8639078.112, 140
Trd, 8639078.212, 137
Trd, 8639078.246, 127
Trd, 8639079.279, 98
Trd, 8639080.579, 140
Trd, 8639080.646, 140
Trd, 8639080.879, 140
Trd, 8639081.379, 140
Trd, 8639081.546, 140
Trd, 8639081.646, 140
Trd, 8639081.979, 139
Trd, 8639082.379, 138
Trd, 8639082.712, 139
Trd, 8639083.246, 139
Trd, 8639083.312, 140
Trd, 8639083.346, 138
Trd, 8639083.479, 136
Trd, 8639085.446, 140
Trd, 8639085.879, 140
Trd, 8639086.112, 140
Trd, 8639086.246, 140
Trd, 8639088.246, 140
Trd, 8639088.446, 140
Trd, 8639088.479, 140
Trd, 8639088.712, 140
Trd, 8639089.512, 140
Trd, 8639090.046, 140
Trd, 8639090.479, 140
Trd, 8639090.946, 140
Trd, 8639091.846, 140
Trd, 8639092.346, 140
Trd, 8639092.379, 140
Trd, 8639092.646, 140
Trd, 8639092.812, 140
Trd, 8639093.646, 140
Trd, 8639094.046, 139
Trd, 8639094.112, 139
Trd, 8639094.979, 140
Trd, 8639095.612, 140
Trd, 8639096.346, 140
Trd, 8639097.212, 140
Trd, 8639097.312, 140
Trd, 8639097.346, 140
Trd, 8639097.612, 140
Trd, 8639098.379, 140
Trd, 8639098.479, 140
Trd, 8639099.479, 140
Trd, 8639099.779, 140
Trd, 8639099.979, 140
Trd, 8639100.112, 140
Trd, 8639100.312, 140
Trd, 8639100.412, 140
Trd, 8639101.079, 140
Trd, 8639101.179, 140
Trd, 8639101.846, 140
Trd, 8639102.079, 140
Trd, 8639102.179, 140
Trd, 8639102.246, 138
Trd, 8639102.612, 111
Trd, 8639103.279, 88
Trd, 8639103.546, 87
Trd, 8639104.546, 82
Trd, 8639105.046, 140
Trd, 8639105.479, 140
Trd, 8639105.546, 140
Trd, 8639105.646, 140
Trd, 8639106.012, 140
Trd, 8639106.779, 140
Trd, 8639107.446, 140
Trd, 8639107.712, 140
Trd, 8639107.746, 139
Trd, 8639108.246, 109
Trd, 8639109.346, 115
Trd, 8639110.312, 140
Trd, 8639110.812, 140
Trd, 8639111.146, 140
Trd, 8639111.279, 140
Trd, 8639111.712, 140
Trd, 8639112.246, 140
Trd, 8639112.546, 140
Trd, 8639113.246, 140
Trd, 8639114.079, 140
Trd, 8639115.512, 140
Trd, 8639116.012, 140
Trd, 8639117.212, 140
Trd, 8639117.279, 140
Trd, 8639117.712, 140
Trd, 8639118.246, 140
Trd, 8639118.312, 140
Trd, 8639118.812, 140
Trd, 8639120.212, 140
Trd, 8639120.246, 140
Trd, 8639120.512, 140
Trd, 8639120.679, 140
Trd, 8639122.046, 140
Trd, 8639122.446, 140
Trd, 8639122.512, 140
Trd, 8639122.846, 140
Trd, 8639123.212, 140
Trd, 8639123.612, 140
Trd, 8639124.012, 140
Trd, 8639124.079, 140
Trd, 8639124.112, 140
Trd, 8639124.479, 140
Trd, 8639124.612, 140
Trd, 8639124.846, 140
Trd, 8639125.012, 135
Trd, 8639125.212, 107
Trd, 8639126.746, 60
Trd, 8639127.046, 61
Trd, 8639128.879, 60
Trd, 8639128.946, 61
Trd, 8639129.412, 60
Trd, 8639129.446, 60
Trd, 8639129.812, 60
Trd, 8639129.946, 61
Trd, 8639130.546, 63
Trd, 8639130.746, 60
Trd, 8639131.779, 60
Trd, 8639131.946, 61
Trd, 8639132.012, 61
Trd, 8639132.179, 64
Trd, 8639132.646, 62
Trd, 8639132.879, 69
Trd, 8639134.012, 65
Trd, 8639134.179, 76
Trd, 8639134.879, 67
Trd, 8639134.912, 77
Trd, 8639135.346, 75
Trd, 8639135.412, 68
Trd, 8639135.446, 67
Trd, 8639135.979, 71
Trd, 8639136.079, 70
Trd, 8639137.046, 140
Trd, 8639137.079, 73
Trd, 8639137.212, 69
Trd, 8639137.979, 139
Trd, 8639138.279, 137
Trd, 8639139.046, 90
Trd, 8639139.346, 87
Trd, 8639140.112, 70
Trd, 8639140.412, 69
Trd, 8639140.712, 140
Trd, 8639141.579, 140
Trd, 8639143.579, 140
Trd, 8639143.746, 140
Trd, 8639144.046, 140
Trd, 8639144.479, 140
Trd, 8639145.112, 140
Trd, 8639145.579, 140
Trd, 8639145.646, 140
Trd, 8639146.479, 140
Trd, 8639146.746, 140
Trd, 8639146.946, 140
Trd, 8639147.112, 140
Trd, 8639147.446, 140
Trd, 8639148.346, 140
Trd, 8639148.412, 140
Trd, 8639148.679, 140
Trd, 8639149.079, 140
Trd, 8639149.779, 140
Trd, 8639150.212, 140
Trd, 8639150.712, 136
Trd, 8639151.312, 138
Trd, 8639151.679, 138
Trd, 8639152.112, 140
Trd, 8639152.279, 139
Trd, 8639153.879, 140
Trd, 8639153.912, 140
Trd, 8639154.146, 139
Trd, 8639154.512, 140
Trd, 8639155.346, 140
Trd, 8639155.446, 140
Trd, 8639155.712, 140
Trd, 8639156.112, 136
Trd, 8639156.412, 135
Trd, 8639157.012, 137
Trd, 8639157.046, 136
Trd, 8639157.812, 140
Trd, 8639158.012, 140
Trd, 8639158.212, 139
Trd, 8639159.112, 100
Trd, 8639159.346, 135
Trd, 8639159.846, 105
Trd, 8639160.212, 105
Trd, 8639160.312, 104
Trd, 8639160.379, 83
Trd, 8639160.779, 129
Trd, 8639162.212, 60
Trd, 8639162.512, 60
Trd, 8639163.846, 60
Trd, 8639164.912, 60
Trd, 8639165.079, 60
Trd, 8639165.179, 61
Trd, 8639165.346, 62
Trd, 8639165.612, 63
Trd, 8639166.046, 65
Trd, 8639166.279, 68
Trd, 8639166.546, 66
Trd, 8639166.779, 65
Trd, 8639167.579, 61
Trd, 8639168.046, 63
Trd, 8639168.279, 64
Trd, 8639168.579, 70
Trd, 8639168.712, 66
Trd, 8639171.079, 60
Trd, 8639173.012, 60
Trd, 8639173.346, 60
Trd, 8639173.546, 60
Trd, 8639174.379, 60
Trd, 8639174.946, 61
Trd, 8639175.012, 62
Trd, 8639175.279, 62
Trd, 8639175.479, 62
Trd, 8639175.512, 63
Trd, 8639175.646, 62
Trd, 8639176.179, 63
Trd, 8639176.512, 66
Trd, 8639176.579, 67
Trd, 8639177.512, 66
Trd, 8639177.912, 79
Trd, 8639178.179, 140
Trd, 8639178.446, 67
Trd, 8639179.012, 140
Trd, 8639180.712, 140
Trd, 8639180.846, 140
Trd, 8639181.246, 140
Trd, 8639181.379, 140
Trd, 8639181.679, 140
Trd, 8639182.612, 140
Trd, 8639183.379, 140
Trd, 8639184.179, 140
Trd, 8639184.479, 140
Trd, 8639184.546, 140
Trd, 8639184.579, 140
Trd, 8639184.879, 140
Trd, 8639185.479, 140
Trd, 8639185.546, 139
Trd, 8639185.646, 140
Trd, 8639186.146, 140
Trd, 8639186.346, 140
Trd, 8639186.612, 140
Trd, 8639186.779, 140
Trd, 8639187.046, 140
Trd, 8639188.679, 140
Trd, 8639189.012, 140
Trd, 8639189.079, 140
Trd, 8639189.712, 140
Trd, 8639189.912, 140
Trd, 8639190.312, 137
Trd, 8639190.846, 137
Trd, 8639191.446, 140
Trd, 8639191.479, 140
Trd, 8639193.112, 140
Trd, 8639193.312, 140
Trd, 8639193.412, 140
Trd, 8639194.346, 140
Trd, 8639194.746, 140
Trd, 8639195.879, 140
Trd, 8639195.979, 140
Trd, 8639197.079, 140
Trd, 8639197.312, 140
Trd, 8639197.479, 140
Trd, 8639197.712, 140
Trd, 8639198.079, 140
Trd, 8639198.279, 140
Trd, 8639198.846, 140
Trd, 8639199.312, 140
Trd, 8639199.812, 140
Trd, 8639200.012, 140
Trd, 8639200.379, 140
Trd, 8639200.446, 140
Trd, 8639200.546, 140
Trd, 8639200.779, 138
Trd, 8639201.246, 139
Trd, 8639202.346, 116
Trd, 8639202.479, 115
Trd, 8639202.879, 114
Trd, 8639203.012, 114
Trd, 8639203.112, 113
Trd, 8639203.212, 100
Trd, 8639204.379, 102
Trd, 8639204.779, 140
Trd, 8639205.412, 100
Trd, 8639205.779, 138
Trd, 8639206.079, 80
Trd, 8639206.179, 80
Trd, 8639206.846, 82
Trd, 8639207.212, 139
Trd, 8639207.279, 81
Trd, 8639207.912, 82
Trd, 8639208.112, 87
Trd, 8639208.346, 81
Trd, 8639208.379, 88
Trd, 8639210.712, 140
Trd, 8639211.512, 140
Trd, 8639212.279, 140
Trd, 8639212.479, 140
Trd, 8639212.979, 140
Trd, 8639213.679, 140
Trd, 8639214.079, 140
Trd, 8639214.279, 140
Trd, 8639214.579, 140
Trd, 8639215.512, 140
Trd, 8639216.146, 140
Trd, 8639216.546, 140
Trd, 8639216.579, 140
Trd, 8639216.746, 140
Trd, 8639216.812, 140
Trd, 8639216.846, 140
Trd, 8639218.646, 140
Trd, 8639219.346, 140
Trd, 8639219.546, 140
Trd, 8639220.379, 140
Trd, 8639220.579, 140
Trd, 8639221.079, 140
Trd, 8639221.246, 140
Trd, 8639222.612, 140
Trd, 8639223.412, 140
Trd, 8639223.546, 140
Trd, 8639224.179, 140
Trd, 8639224.312, 140
Trd, 8639224.646, 140
Trd, 8639225.079, 140
Trd, 8639225.446, 140
Trd, 8639226.146, 140
Trd, 8639226.346, 140
Trd, 8639226.546, 140
Trd, 8639226.679, 140
Trd, 8639227.079, 140
Trd, 8639227.346, 125
Trd, 8639227.646, 140
Trd, 8639227.846, 139
Trd, 8639228.546, 140
Trd, 8639228.846, 140
Trd, 8639229.079, 140
Trd, 8639229.412, 140
Trd, 8639230.179, 140
Trd, 8639230.246, 140
Trd, 8639231.446, 140
Trd, 8639231.779, 140
Trd, 8639232.546, 140
Trd, 8639232.646, 140
Trd, 8639232.679, 140
Trd, 8639233.846, 140
Trd, 8639234.112, 140
Trd, 8639234.379, 140
Trd, 8639234.412, 140
Trd, 8639234.446, 140
Trd, 8639234.646, 140
Trd, 8639235.146, 134
Trd, 8639235.912, 112
Trd, 8639236.079, 77
Trd, 8639236.379, 135
Trd, 8639237.379, 60
Trd, 8639239.379, 60
Trd, 8639239.979, 60
Trd, 8639240.312, 60
Trd, 8639240.712, 60
Trd, 8639240.779, 61
Trd, 8639240.946, 64
Trd, 8639241.179, 73
Trd, 8639241.412, 67
Trd, 8639241.612, 68
Trd, 8639242.212, 69
Trd, 8639242.246, 72
Trd, 8639242.346, 70
Trd, 8639242.746, 69
Trd, 8639243.079, 68
Trd, 8639243.679, 94
Trd, 8639244.012, 60
Trd, 8639244.279, 62
Trd, 8639245.346, 64
Trd, 8639245.712, 60
Trd, 8639245.812, 60
Trd, 8639246.512, 60
Trd, 8639246.579, 60
Trd, 8639246.946, 61
Trd, 8639247.079, 62
Trd, 8639247.446, 61
Trd, 8639247.679, 65
Trd, 8639248.346, 60
Trd, 8639248.679, 67
Trd, 8639249.179, 64
Trd, 8639249.712, 65
Trd, 8639249.879, 65
Trd, 8639250.446, 65
Trd, 8639251.746, 140
Trd, 8639252.012, 140
Trd, 8639252.146, 140
Trd, 8639252.179, 138
Trd, 8639253.346, 102
Trd, 8639254.146, 140
Trd, 8639254.412, 140
Trd, 8639254.546, 140
Trd, 8639254.912, 140
Trd, 8639255.712, 140
Trd, 8639255.779, 140
Trd, 8639256.446, 140
Trd, 8639256.779, 140
Trd, 8639256.946, 140
Trd, 8639257.679, 140
Trd, 8639258.946, 140
Trd, 8639258.979, 140
Trd, 8639260.046, 140
Trd, 8639260.312, 140
Trd, 8639260.546, 140
Trd, 8639260.579, 140
Trd, 8639260.746, 140
Trd, 8639260.946, 139
Trd, 8639261.046, 140
Trd, 8639261.446, 140
Trd, 8639261.612, 140
Trd, 8639261.746, 140
Trd, 8639262.046, 140
Trd, 8639262.512, 139
Trd, 8639264.079, 140
Trd, 8639264.312, 139
Trd, 8639264.679, 139
Trd, 8639265.379, 140
Trd, 8639266.012, 140
Trd, 8639267.179, 140
Trd, 8639267.379, 140
Trd, 8639268.479, 140
Trd, 8639268.546, 140
Trd, 8639268.912, 140
Trd, 8639269.212, 140
Trd, 8639270.046, 140
Trd, 8639270.112, 140
Trd, 8639270.446, 140
Trd, 8639270.946, 140
Trd, 8639272.546, 140
Trd, 8639272.612, 140
Trd, 8639272.879, 140
Trd, 8639273.212, 140
Trd, 8639274.346, 140
Trd, 8639274.579, 140
Trd, 8639274.712, 140
Trd, 8639275.246, 140
Trd, 8639275.346, 140
Trd, 8639275.612, 140
Trd, 8639275.646, 139
Trd, 8639276.446, 140
Trd, 8639276.512, 139
Trd, 8639276.879, 137
Trd, 8639277.046, 104
Trd, 8639277.746, 140
Trd, 8639278.879, 105
Trd, 8639279.179, 106
Trd, 8639280.012, 111
Trd, 8639280.246, 139
Trd, 8639280.912, 140
Trd, 8639281.046, 140
Trd, 8639281.246, 140
Trd, 8639281.512, 140
Trd, 8639281.679, 140
Trd, 8639281.846, 140
Trd, 8639282.012, 140
Trd, 8639282.979, 97
Trd, 8639283.779, 136
Trd, 8639284.212, 96
Trd, 8639285.079, 140
Trd, 8639285.412, 140
Trd, 8639285.512, 140
Trd, 8639286.046, 140
Trd, 8639286.579, 140
Trd, 8639286.712, 140
Trd, 8639286.979, 140
Trd, 8639287.379, 139
Trd, 8639287.712, 138
Trd, 8639288.312, 124
Trd, 8639289.946, 117
Trd, 8639290.046, 117
Trd, 8639290.279, 116
Trd, 8639290.346, 115
Trd, 8639290.946, 119
Trd, 8639291.046, 118
Trd, 8639291.312, 117
Trd, 8639291.346, 123
Trd, 8639292.012, 124
Trd, 8639292.179, 125
Trd, 8639292.246, 115
Trd, 8639292.512, 114
Trd, 8639292.612, 84
Trd, 8639294.679, 62
Trd, 8639295.246, 60
Trd, 8639295.446, 61
Trd, 8639295.979, 61
Trd, 8639296.346, 60
Trd, 8639296.612, 62
Trd, 8639296.812, 63
Trd, 8639296.912, 65
Trd, 8639297.146, 65
Trd, 8639297.179, 64
Trd, 8639298.679, 140
Trd, 8639299.079, 140
Trd, 8639299.279, 140
Trd, 8639299.379, 140
Trd, 8639299.712, 140
Trd, 8639301.279, 140
Trd, 8639301.479, 140
Trd, 8639301.546, 140
Trd, 8639302.179, 140
Trd, 8639303.012, 140
Trd, 8639303.712, 140
Trd, 8639304.012, 140
Trd, 8639304.412, 140
Trd, 8639304.879, 140
Trd, 8639305.046, 140
Trd, 8639305.679, 140
Trd, 8639306.779, 140
Trd, 8639306.846, 140
Trd, 8639306.946, 140
Trd, 8639307.346, 140
Trd, 8639308.212, 140
Trd, 8639308.479, 140
Trd, 8639308.812, 140
Trd, 8639309.146, 140
Trd, 8639309.479, 140
Trd, 8639309.712, 140
Trd, 8639311.112, 140
Trd, 8639311.679, 140
Trd, 8639311.979, 140
Trd, 8639312.279, 140
Trd, 8639312.379, 140
Trd, 8639312.479, 140
Trd, 8639312.646, 137
Trd, 8639313.646, 77
Trd, 8639314.812, 133
Trd, 8639315.146, 120
Trd, 8639315.246, 118
Trd, 8639315.479, 133
Trd, 8639315.912, 120
Trd, 8639316.146, 121
Trd, 8639316.179, 137
Trd, 8639316.346, 140
Trd, 8639316.879, 120
Trd, 8639317.646, 121
Trd, 8639318.346, 123
Trd, 8639318.512, 123
Trd, 8639319.246, 140
Trd, 8639320.112, 136
Trd, 8639321.212, 140
Trd, 8639321.412, 140
Trd, 8639321.512, 140
Trd, 8639321.579, 140
Trd, 8639322.946, 140
Trd, 8639323.179, 140
Trd, 8639323.512, 140
Trd, 8639323.546, 140
Trd, 8639324.279, 140
Trd, 8639325.646, 140
Trd, 8639325.679, 140
Trd, 8639325.912, 140
Trd, 8639326.012, 140
Trd, 8639326.412, 140
Trd, 8639326.512, 140
Trd, 8639327.546, 140
Trd, 8639327.879, 140
Trd, 8639328.612, 140
Trd, 8639328.646, 140
Trd, 8639328.912, 140
Trd, 8639329.179, 140
Trd, 8639329.279, 140
Trd, 8639329.346, 140
Trd, 8639330.779, 140
Trd, 8639330.812, 140
Trd, 8639331.079, 140
Trd, 8639331.179, 137
Trd, 8639332.279, 126
Trd, 8639332.446, 96
Trd, 8639332.846, 95
Trd, 8639334.146, 140
Trd, 8639334.279, 140
Trd, 8639334.446, 140
Trd, 8639334.779, 140
Trd, 8639335.046, 140
Trd, 8639335.546, 140
Trd, 8639335.579, 140
Trd, 8639336.179, 140
Trd, 8639336.612, 140
Trd, 8639338.446, 140
Trd, 8639338.579, 140
Trd, 8639338.812, 140
Trd, 8639339.079, 140
Trd, 8639339.579, 140
Trd, 8639339.912, 140
Trd, 8639340.779, 140
Trd, 8639341.512, 140
Trd, 8639341.846, 140
Trd, 8639342.512, 140
Trd, 8639343.079, 140
Trd, 8639343.646, 140
Trd, 8639343.912, 140
Trd, 8639344.212, 140
Trd, 8639344.346, 140
Trd, 8639345.079, 140
Trd, 8639345.546, 140
Trd, 8639345.979, 140
Trd, 8639346.412, 140
Trd, 8639346.812, 140
Trd, 8639347.012, 140
Trd, 8639347.112, 140
Trd, 8639348.546, 140
Trd, 8639349.046, 140
Trd, 8639349.079, 140
Trd, 8639350.312, 140
Trd, 8639350.946, 140
Trd, 8639351.179, 140
Trd, 8639351.479, 140
Trd, 8639351.679, 140
Trd, 8639352.079, 140
Trd, 8639352.212, 140
Trd, 8639352.912, 140
Trd, 8639353.512, 140
Trd, 8639353.579, 140
Trd, 8639353.846, 140
Trd, 8639353.879, 138
Trd, 8639354.179, 102
Trd, 8639354.912, 104
Trd, 8639354.946, 103
Trd, 8639355.479, 106
Trd, 8639355.646, 105
Trd, 8639356.312, 106
Trd, 8639356.612, 104
Trd, 8639356.812, 103
Trd, 8639357.579, 140
Trd, 8639358.079, 140
Trd, 8639358.612, 140
Trd, 8639359.346, 140
Trd, 8639359.379, 140
Trd, 8639359.679, 140
Trd, 8639360.046, 139
Trd, 8639361.179, 98
Trd, 8639361.712, 101
Trd, 8639361.912, 100
Trd, 8639361.979, 98
Trd, 8639362.612, 102
Trd, 8639363.412, 140
Trd, 8639364.512, 140
Trd, 8639364.712, 140
Trd, 8639364.879, 140
Trd, 8639365.246, 140
Trd, 8639365.879, 140
Trd, 8639367.546, 140
Trd, 8639367.579, 140
Trd, 8639369.112, 140
Trd, 8639369.146, 140
Trd, 8639369.246, 140
Trd, 8639369.412, 140
Trd, 8639369.646, 140
Trd, 8639369.712, 140
Trd, 8639369.779, 139
Trd, 8639370.079, 138
Trd, 8639370.246, 138
Trd, 8639370.846, 106
Trd, 8639371.346, 131
Trd, 8639371.679, 114
Trd, 8639372.346, 119
Trd, 8639373.346, 140
Trd, 8639373.512, 140
Trd, 8639373.579, 140
Trd, 8639374.312, 123
Trd, 8639375.712, 140
Trd, 8639375.946, 140
Trd, 8639376.046, 140
Trd, 8639376.612, 140
Trd, 8639376.812, 140
Trd, 8639376.879, 140
Trd, 8639378.612, 140
Trd, 8639379.379, 140
Trd, 8639379.512, 140
Trd, 8639380.212, 140
Trd, 8639380.512, 140
Trd, 8639380.946, 140
Trd, 8639381.546, 140
Trd, 8639381.846, 140
Trd, 8639382.012, 140
Trd, 8639383.446, 140
Trd, 8639383.679, 140
Trd, 8639383.979, 140
Trd, 8639385.079, 140
Trd, 8639385.579, 140
Trd, 8639386.112, 140
Trd, 8639386.946, 140
Trd, 8639387.146, 140
Trd, 8639387.179, 140
Trd, 8639388.179, 140
Trd, 8639388.779, 140
Trd, 8639389.312, 140
Trd, 8639390.079, 140
Trd, 8639390.146, 140
Trd, 8639390.579, 140
Trd, 8639390.646, 140
Trd, 8639390.746, 140
Trd, 8639390.979, 140
Trd, 8639391.679, 140
Trd, 8639391.946, 140
Trd, 8639392.112, 140
Trd, 8639393.446, 140
Trd, 8639393.579, 140
Trd, 8639393.846, 140
Trd, 8639394.779, 140
Trd, 8639394.846, 140
Trd, 8639395.012, 129
Trd, 8639395.246, 111
Trd, 8639395.446, 110
Trd, 8639395.579, 140
Trd, 8639396.246, 70
Trd, 8639396.879, 140
Trd, 8639397.412, 140
Trd, 8639397.579, 140
Trd, 8639397.812, 140
Trd, 8639398.279, 140
Trd, 8639398.979, 140
Trd, 8639399.646, 140
Trd, 8639399.746, 140
Trd, 8639399.879, 140
Trd, 8639400.812, 140
Trd, 8639402.079, 140
Trd, 8639402.246, 140
Trd, 8639402.512, 140
Trd, 8639402.879, 140
Trd, 8639402.946, 140
Trd, 8639403.046, 138
Trd, 8639404.179, 140
Trd, 8639404.979, 140
Trd, 8639405.012, 140
Trd, 8639405.579, 140
Trd, 8639405.879, 140
Trd, 8639406.079, 140
Trd, 8639406.212, 140
Trd, 8639406.646, 140
Trd, 8639406.946, 140
Trd, 8639407.512, 140
Trd, 8639408.412, 140
Trd, 8639408.546, 140
Trd, 8639408.579, 137
Trd, 8639408.779, 139
Trd, 8639409.179, 140
Trd, 8639409.646, 140
Trd, 8639409.746, 140
Trd, 8639411.679, 74
Trd, 8639411.912, 94
Trd, 8639411.946, 93
Trd, 8639412.079, 74
Trd, 8639412.546, 140
Trd, 8639412.979, 140
Trd, 8639413.546, 140
Trd, 8639413.746, 140
Trd, 8639414.612, 140
Trd, 8639415.012, 140
Trd, 8639416.446, 140
Trd, 8639416.912, 140
Trd, 8639417.312, 140
Trd, 8639417.646, 140
Trd, 8639418.112, 140
Trd, 8639418.146, 140
Trd, 8639419.146, 140
Trd, 8639419.346, 140
Trd, 8639419.846, 140
Trd, 8639420.579, 140
Trd, 8639421.446, 140
Trd, 8639421.579, 140
Trd, 8639422.412, 140
Trd, 8639422.512, 140
Trd, 8639422.812, 140
Trd, 8639422.879, 140
Trd, 8639423.612, 140
Trd, 8639424.446, 140
Trd, 8639425.846, 140
Trd, 8639426.179, 140
Trd, 8639426.212, 140
Trd, 8639426.379, 140
Trd, 8639426.946, 140
Trd, 8639427.246, 140
Trd, 8639427.279, 140
Trd, 8639427.512, 140
Trd, 8639427.579, 140
Trd, 8639427.646, 140
Trd, 8639427.912, 140
Trd, 8639429.279, 140
Trd, 8639430.312, 140
Trd, 8639430.812, 140
Trd, 8639431.912, 140
Trd, 8639431.946, 140
Trd, 8639432.179, 140
Trd, 8639432.279, 140
Trd, 8639434.079, 140
Trd, 8639434.212, 140
Trd, 8639435.212, 140
Trd, 8639435.846, 140
Trd, 8639436.246, 140
Trd, 8639436.679, 140
Trd, 8639437.112, 140
Trd, 8639437.346, 140
Trd, 8639438.146, 140
Trd, 8639438.912, 140
Trd, 8639439.012, 140
Trd, 8639439.212, 140
Trd, 8639439.279, 140
Trd, 8639439.379, 140
Trd, 8639439.712, 140
Trd, 8639439.979, 140
Trd, 8639441.079, 140
Trd, 8639441.279, 140
Trd, 8639441.579, 140
Trd, 8639441.679, 140
Trd, 8639441.779, 140
Trd, 8639442.079, 140
Trd, 8639442.912, 140
Trd, 8639444.479, 140
Trd, 8639445.079, 140
Trd, 8639445.446, 140
Trd, 8639445.512, 140
Trd, 8639445.546, 140
Trd, 8639445.779, 140
Trd, 8639446.846, 140
Trd, 8639447.979, 140
Trd, 8639448.079, 140
Trd, 8639448.112, 140
Trd, 8639448.379, 140
Trd, 8639448.979, 140
Trd, 8639449.179, 140
Trd, 8639449.779, 140
Trd, 8639450.446, 140
Trd, 8639450.879, 140
Trd, 8639452.012, 140
Trd, 8639452.112, 140
Trd, 8639453.112, 140
Trd, 8639453.879, 140
Trd, 8639454.346, 140
Trd, 8639454.446, 140
Trd, 8639455.012, 140
Trd, 8639455.346, 140
Trd, 8639457.379, 140
Trd, 8639458.312, 140
Trd, 8639458.379, 140
Trd, 8639459.046, 140
Trd, 8639459.246, 140
Trd, 8639459.546, 140
Trd, 8639459.812, 140
Trd, 8639459.846, 140
Trd, 8639459.946, 140
Trd, 8639460.846, 140
Trd, 8639460.912, 140
Trd, 8639461.846, 140
Trd, 8639462.579, 140
Trd, 8639462.646, 140
Trd, 8639462.712, 140
Trd, 8639463.579, 140
Trd, 8639463.712, 140
Trd, 8639463.979, 140
Trd, 8639464.246, 140
Trd, 8639465.312, 140
Trd, 8639465.512, 140
Trd, 8639465.979, 140
Trd, 8639466.046, 140
Trd, 8639466.212, 140
Trd, 8639466.479, 140
Trd, 8639467.446, 81
Trd, 8639468.312, 83
Trd, 8639468.579, 82
Trd, 8639468.712, 74
Trd, 8639469.012, 63
Trd, 8639469.379, 63
Trd, 8639469.746, 64
Trd, 8639470.079, 65
Trd, 8639470.279, 66
Trd, 8639471.446, 108
Trd, 8639471.812, 112
Trd, 8639471.879, 113
Trd, 8639471.979, 110
Trd, 8639472.512, 134
Trd, 8639472.779, 115
Trd, 8639473.212, 115
Trd, 8639473.479, 115
Trd, 8639474.112, 116
Trd, 8639474.212, 131
Trd, 8639474.712, 118
Trd, 8639475.346, 137
Trd, 8639476.279, 140
Trd, 8639476.412, 140
Trd, 8639477.212, 126
Trd, 8639477.712, 130
Trd, 8639477.779, 130
Trd, 8639478.179, 131
Trd, 8639478.646, 140
Trd, 8639479.046, 139
Trd, 8639479.512, 140
Trd, 8639479.979, 140
Trd, 8639480.246, 140
Trd, 8639481.246, 140
Trd, 8639482.312, 140
Trd, 8639482.546, 140
Trd, 8639482.946, 140
Trd, 8639482.979, 140
Trd, 8639483.712, 140
Trd, 8639483.779, 140
Trd, 8639484.912, 140
Trd, 8639486.112, 140
Trd, 8639486.379, 140
Trd, 8639486.479, 140
Trd, 8639486.512, 140
Trd, 8639486.579, 140
Trd, 8639486.646, 140
Trd, 8639487.546, 140
Trd, 8639487.879, 140
Trd, 8639488.212, 140
Trd, 8639488.546, 140
Trd, 8639488.612, 139
Trd, 8639488.679, 136
Trd, 8639489.212, 140
Trd, 8639489.546, 137
Trd, 8639489.579, 136
Trd, 8639490.146, 101
Trd, 8639491.512, 60
Trd, 8639493.046, 60
Trd, 8639493.379, 63
Trd, 8639493.546, 65
Trd, 8639493.879, 62
Trd, 8639493.979, 66
Trd, 8639494.279, 66
Trd, 8639494.612, 69
Trd, 8639494.779, 138
Trd, 8639495.046, 71
Trd, 8639495.246, 139
Trd, 8639496.279, 70
Trd, 8639496.379, 69
Trd, 8639496.712, 71
Trd, 8639496.746, 69
Trd, 8639497.646, 113
Trd, 8639497.846, 85
Trd, 8639498.112, 84
Trd, 8639498.146, 114
Trd, 8639499.279, 140
Trd, 8639499.412, 140
Trd, 8639499.546, 125
Trd, 8639500.046, 60
Trd, 8639501.512, 140
Trd, 8639501.912, 140
Trd, 8639502.246, 140
Trd, 8639502.879, 140
Trd, 8639504.312, 140
Trd, 8639504.746, 140
Trd, 8639505.846, 140
Trd, 8639506.046, 140
Trd, 8639506.312, 140
Trd, 8639506.379, 140
Trd, 8639507.212, 140
Trd, 8639507.846, 140
Trd, 8639507.979, 140
Trd, 8639508.979, 140
Trd, 8639509.079, 140
Trd, 8639509.179, 140
Trd, 8639509.446, 137
Trd, 8639509.912, 138
Trd, 8639509.946, 136
Trd, 8639510.246, 60
Trd, 8639511.346, 139
Trd, 8639511.479, 139
Trd, 8639511.512, 100
Trd, 8639512.012, 139
Trd, 8639512.712, 132
Trd, 8639512.746, 104
Trd, 8639513.112, 103
Trd, 8639513.246, 92
Trd, 8639513.612, 132
Trd, 8639514.146, 120
Trd, 8639515.646, 131
Trd, 8639516.112, 60
Trd, 8639516.379, 131
Trd, 8639518.146, 60
Trd, 8639518.779, 60
Trd, 8639519.546, 60
Trd, 8639521.112, 60
Trd, 8639521.179, 60
Trd, 8639521.546, 60
Trd, 8639521.646, 60
Trd, 8639521.846, 60
Trd, 8639522.179, 60
Trd, 8639522.746, 63
Trd, 8639522.979, 62
Trd, 8639523.079, 62
Trd, 8639523.146, 61
Trd, 8639523.546, 62
Trd, 8639524.612, 61
Trd, 8639524.679, 63
Trd, 8639524.746, 64
Trd, 8639525.246, 60
Trd, 8639525.512, 60
Trd, 8639525.979, 60
Trd, 8639526.146, 60
Trd, 8639526.412, 60
Trd, 8639526.612, 60
Trd, 8639527.179, 65
Trd, 8639528.112, 65
Trd, 8639528.146, 62
Trd, 8639528.979, 60
Trd, 8639529.446, 63
Trd, 8639530.079, 64
Trd, 8639530.146, 65
Trd, 8639530.812, 72
Trd, 8639530.879, 74
Trd, 8639531.746, 71
Trd, 8639531.779, 69
Trd, 8639532.412, 72
Trd, 8639532.879, 101
Trd, 8639533.646, 140
Trd, 8639534.279, 140
Trd, 8639534.312, 140
Trd, 8639534.512, 139
Trd, 8639535.146, 140
Trd, 8639536.179, 140
Trd, 8639536.212, 140
Trd, 8639536.246, 140
Trd, 8639537.412, 140
Trd, 8639537.479, 140
Trd, 8639537.946, 140
Trd, 8639538.712, 140
Trd, 8639538.779, 140
Trd, 8639538.946, 140
Trd, 8639539.212, 140
Trd, 8639539.346, 140
Trd, 8639539.679, 140
Trd, 8639539.846, 140
Trd, 8639540.479, 139
Trd, 8639540.579, 137
Trd, 8639541.546, 118
Trd, 8639542.212, 118
Trd, 8639542.379, 118
Trd, 8639543.212, 121
Trd, 8639543.946, 140
Trd, 8639544.212, 103
Trd, 8639545.179, 140
Trd, 8639545.779, 140
Trd, 8639546.612, 140
Trd, 8639546.746, 140
Trd, 8639546.912, 140
Trd, 8639546.946, 140
Trd, 8639547.246, 138
Trd, 8639548.379, 60
Trd, 8639548.912, 60
Trd, 8639549.046, 60
Trd, 8639549.179, 60
Trd, 8639549.512, 60
Trd, 8639550.246, 65
Trd, 8639550.379, 62
Trd, 8639550.512, 70
Trd, 8639550.912, 62
Trd, 8639551.479, 60
Trd, 8639552.746, 60
Trd, 8639553.646, 63
Trd, 8639554.079, 63
Trd, 8639554.346, 61
Trd, 8639554.679, 62
Trd, 8639554.712, 61
Trd, 8639554.946, 66
Trd, 8639555.212, 63
Trd, 8639555.446, 61
Trd, 8639555.979, 137
Trd, 8639557.279, 60
Trd, 8639557.646, 71
Trd, 8639558.412, 71
Trd, 8639558.646, 127
Trd, 8639558.846, 128
Trd, 8639559.079, 70
Trd, 8639559.246, 127
Trd, 8639560.012, 96
Trd, 8639560.179, 110
Trd, 8639560.279, 97
Trd, 8639560.312, 95
Trd, 8639560.712, 118
Trd, 8639560.946, 118
Trd, 8639561.312, 83
Trd, 8639562.279, 85
Trd, 8639562.546, 74
Trd, 8639564.546, 62
Trd, 8639565.179, 61
Trd, 8639565.279, 60
Trd, 8639565.546, 63
Trd, 8639566.046, 61
Trd, 8639566.179, 60
Trd, 8639566.612, 65
Trd, 8639567.246, 140
Trd, 8639567.779, 140
Trd, 8639567.946, 140
Trd, 8639568.546, 140
Trd, 8639568.846, 140
Trd, 8639569.879, 140
Trd, 8639570.079, 140
Trd, 8639570.379, 140
Trd, 8639571.712, 140
Trd, 8639572.279, 140
Trd, 8639572.512, 140
Trd, 8639573.712, 140
Trd, 8639574.279, 140
Trd, 8639574.379, 140
Trd, 8639574.779, 140
Trd, 8639575.246, 140
Trd, 8639576.279, 140
Trd, 8639576.646, 140
Trd, 8639576.912, 140
Trd, 8639577.579, 140
Trd, 8639577.612, 140
Trd, 8639577.746, 140
Trd, 8639577.846, 140
Trd, 8639578.346, 140
Trd, 8639578.446, 139
Trd, 8639578.646, 139
Trd, 8639578.846, 138
Trd, 8639578.912, 139
Trd, 8639579.712, 139
Trd, 8639580.812, 106
Trd, 8639581.379, 108
Trd, 8639581.446, 107
Trd, 8639582.079, 140
Trd, 8639582.212, 140
Trd, 8639582.546, 140
Trd, 8639583.679, 140
Trd, 8639584.179, 140
Trd, 8639584.679, 140
Trd, 8639584.879, 140
Trd, 8639584.946, 140
Trd, 8639585.079, 140
Trd, 8639585.612, 140
Trd, 8639587.746, 140
Trd, 8639587.812, 140
Trd, 8639588.679, 140
Trd, 8639588.712, 140
Trd, 8639588.846, 140
Trd, 8639589.212, 140
Trd, 8639589.846, 140
Trd, 8639589.946, 140
Trd, 8639590.712, 140
Trd, 8639590.779, 140
Trd, 8639590.946, 105
Trd, 8639591.979, 140
Trd, 8639592.146, 140
Trd, 8639592.179, 140
Trd, 8639592.646, 140
Trd, 8639592.679, 140
Trd, 8639592.946, 140
Trd, 8639592.979, 140
Trd, 8639593.679, 140
Trd, 8639594.146, 140
Trd, 8639594.912, 70
Trd, 8639596.912, 60
Trd, 8639597.646, 60
Trd, 8639598.179, 60
Trd, 8639598.479, 60
Trd, 8639599.279, 60
Trd, 8639599.512, 60
Trd, 8639599.579, 60
Trd, 8639599.612, 60
Trd, 8639599.779, 62
Trd, 8639599.979, 63
Trd, 8639600.212, 63
Trd, 8639600.246, 63
Trd, 8639600.479, 65
Trd, 8639600.579, 70
Trd, 8639601.346, 121
Trd, 8639601.812, 140
Trd, 8639602.312, 72
Trd, 8639602.512, 76
Trd, 8639602.646, 72
Trd, 8639602.979, 71
Trd, 8639605.912, 60
Trd, 8639606.112, 60
Trd, 8639606.779, 60
Trd, 8639607.446, 60
Trd, 8639607.946, 60
Trd, 8639608.612, 60
Trd, 8639609.579, 60
Trd, 8639609.846, 60
Trd, 8639609.979, 61
Trd, 8639610.446, 63
Trd, 8639610.746, 61
Trd, 8639610.946, 62
Trd, 8639611.212, 60
Trd, 8639611.679, 61
Trd, 8639611.812, 62
Trd, 8639611.846, 61
Trd, 8639612.046, 61
Trd, 8639612.246, 62
Trd, 8639612.446, 64
Trd, 8639612.812, 68
Trd, 8639613.279, 69
Trd, 8639613.512, 72
Trd, 8639614.246, 72
Trd, 8639614.279, 71
Trd, 8639614.346, 84
Trd, 8639614.379, 70
Trd, 8639617.346, 60
Trd, 8639617.479, 60
Trd, 8639617.846, 60
Trd, 8639617.946, 61
Trd, 8639618.046, 62
Trd, 8639618.346, 64
Trd, 8639618.546, 65
Trd, 8639619.046, 69
Trd, 8639619.279, 64
Trd, 8639619.446, 72
Trd, 8639620.346, 140
Trd, 8639620.746, 75
Trd, 8639621.012, 75
Trd, 8639621.579, 131
Trd, 8639621.712, 79
Trd, 8639621.912, 78
Trd, 8639622.512, 139
Trd, 8639622.612, 138
Trd, 8639622.946, 76
Trd, 8639624.712, 99
Trd, 8639625.246, 140
Trd, 8639626.312, 140
Trd, 8639626.546, 140
Trd, 8639626.879, 140
Trd, 8639627.946, 140
Trd, 8639628.279, 140
Trd, 8639628.512, 140
Trd, 8639628.546, 140
Trd, 8639628.979, 140
Trd, 8639629.212, 140
Trd, 8639629.246, 140
Trd, 8639629.746, 140
Trd, 8639630.079, 140
Trd, 8639630.612, 140
Trd, 8639631.046, 140
Trd, 8639631.146, 140
Trd, 8639631.546, 140
Trd, 8639631.846, 139
Trd, 8639632.546, 114
Trd, 8639633.312, 103
Trd, 8639633.712, 140
Trd, 8639634.346, 140
Trd, 8639634.712, 140
Trd, 8639635.146, 140
Trd, 8639635.446, 140
Trd, 8639635.579, 140
Trd, 8639637.012, 140
Trd, 8639637.412, 140
Trd, 8639637.912, 140
Trd, 8639638.346, 140
Trd, 8639638.746, 140
Trd, 8639638.946, 140
Trd, 8639639.879, 140
Trd, 8639640.112, 140
Trd, 8639640.479, 140
Trd, 8639641.479, 140
Trd, 8639642.612, 140
Trd, 8639642.846, 140
Trd, 8639643.479, 140
Trd, 8639644.379, 140
Trd, 8639644.546, 140
Trd, 8639644.946, 140
Trd, 8639645.179, 140
Trd, 8639645.879, 140
Trd, 8639646.112, 140
Trd, 8639646.612, 140
Trd, 8639646.812, 140
Trd, 8639647.212, 140
Trd, 8639647.812, 140
Trd, 8639648.179, 140
Trd, 8639648.646, 140
Trd, 8639648.812, 140
Trd, 8639648.879, 140
Trd, 8639649.179, 140
Trd, 8639649.812, 140
Trd, 8639649.946, 140
Trd, 8639650.179, 113
Trd, 8639651.412, 102
Trd, 8639652.612, 112
Trd, 8639652.946, 121
Trd, 8639653.279, 117
Trd, 8639653.346, 116
Trd, 8639653.512, 120
Trd, 8639653.579, 116
Trd, 8639653.812, 113
Trd, 8639654.346, 120
Trd, 8639654.512, 113
Trd, 8639654.912, 118
Trd, 8639655.479, 119
Trd, 8639655.512, 117
Trd, 8639656.079, 115
Trd, 8639656.546, 117
Trd, 8639656.979, 119
Trd, 8639658.046, 140
Trd, 8639658.312, 140
Trd, 8639658.712, 140
Trd, 8639659.146, 119
Trd, 8639659.279, 68
Trd, 8639659.479, 64
Trd, 8639660.879, 60
Trd, 8639662.579, 60
Trd, 8639662.812, 60
Trd, 8639663.279, 60
Trd, 8639663.712, 61
Trd, 8639663.746, 61
Trd, 8639664.012, 61
Trd, 8639665.379, 60
Trd, 8639665.412, 60
Trd, 8639665.579, 60
Trd, 8639665.912, 62
Trd, 8639666.212, 66
Trd, 8639666.412, 70
Trd, 8639666.479, 61
Trd, 8639666.879, 64
Trd, 8639667.612, 60
Trd, 8639668.212, 60
Trd, 8639668.279, 61
Trd, 8639668.779, 60
Trd, 8639669.112, 61
Trd, 8639669.346, 60
Trd, 8639669.612, 60
Trd, 8639669.679, 65
Trd, 8639669.879, 64
Trd, 8639670.846, 64
Trd, 8639671.179, 63
Trd, 8639671.446, 87
Trd, 8639671.479, 62
Trd, 8639671.879, 62
Trd, 8639672.546, 140
Trd, 8639673.179, 140
Trd, 8639673.246, 139
Trd, 8639673.546, 140
Trd, 8639674.046, 140
Trd, 8639674.812, 139
Trd, 8639674.879, 136
Trd, 8639675.412, 140
Trd, 8639676.246, 140
Trd, 8639677.812, 140
Trd, 8639678.812, 140
Trd, 8639679.112, 140
Trd, 8639679.312, 140
Trd, 8639680.279, 140
Trd, 8639680.812, 140
Trd, 8639681.079, 140
Trd, 8639682.046, 140
Trd, 8639682.179, 140
Trd, 8639683.279, 140
Trd, 8639683.446, 140
Trd, 8639683.546, 140
Trd, 8639683.779, 140
Trd, 8639683.879, 140
Trd, 8639684.112, 140
Trd, 8639684.579, 140
Trd, 8639685.079, 140
Trd, 8639685.412, 140
Trd, 8639685.912, 140
Trd, 8639686.746, 140
Trd, 8639687.712, 140
Trd, 8639688.412, 140
Trd, 8639688.679, 140
Trd, 8639690.112, 140
Trd, 8639690.179, 140
Trd, 8639690.279, 140
Trd, 8639691.146, 140
Trd, 8639691.412, 140
Trd, 8639691.579, 140
Trd, 8639692.579, 140
Trd, 8639692.679, 140
Trd, 8639693.112, 140
Trd, 8639693.146, 140
Trd, 8639693.179, 140
Trd, 8639694.279, 140
Trd, 8639694.479, 140
Trd, 8639694.512, 140
Trd, 8639694.679, 140
Trd, 8639695.412, 136
Trd, 8639695.479, 111
Trd, 8639697.046, 137
Trd, 8639697.246, 101
Trd, 8639697.546, 100
Trd, 8639697.912, 139
Trd, 8639698.146, 140
Trd, 8639699.279, 111
Trd, 8639700.079, 140
Trd, 8639700.479, 140
Trd, 8639700.579, 139
Trd, 8639700.912, 139
Trd, 8639701.512, 140
Trd, 8639702.079, 129
Trd, 8639702.146, 128
Trd, 8639702.346, 112
Trd, 8639702.512, 104
Trd, 8639702.912, 103
Trd, 8639702.946, 76
Trd, 8639704.912, 140
Trd, 8639705.112, 140
Trd, 8639706.146, 140
Trd, 8639706.712, 140
Trd, 8639706.946, 140
Trd, 8639707.846, 140
Trd, 8639708.012, 140
Trd, 8639708.312, 140
Trd, 8639709.279, 140
Trd, 8639709.312, 140
Trd, 8639709.412, 140
Trd, 8639710.546, 140
Trd, 8639710.946, 140
Trd, 8639711.779, 140
Trd, 8639712.012, 140
Trd, 8639712.712, 140
Trd, 8639712.979, 140
Trd, 8639713.479, 140
Trd, 8639713.646, 140
Trd, 8639714.346, 119
Trd, 8639714.746, 120
Trd, 8639714.779, 119
Trd, 8639714.946, 118
Trd, 8639716.112, 140
Trd, 8639716.679, 140
Trd, 8639717.679, 140
Trd, 8639718.079, 140
Trd, 8639718.146, 140
Trd, 8639719.246, 140
Trd, 8639719.746, 140
Trd, 8639721.012, 140
Trd, 8639722.646, 140
Trd, 8639722.779, 140
Trd, 8639722.846, 140
Trd, 8639722.946, 140
Trd, 8639723.279, 140
Trd, 8639723.312, 140
Trd, 8639723.379, 140
Trd, 8639724.012, 140
Trd, 8639724.712, 135
Trd, 8639725.579, 140
Trd, 8639726.112, 140
Trd, 8639726.179, 140
Trd, 8639726.212, 140
Trd, 8639726.812, 140
Trd, 8639727.146, 140
Trd, 8639728.079, 140
Trd, 8639728.912, 140
Trd, 8639729.146, 139
Trd, 8639729.512, 140
Trd, 8639729.712, 140
Trd, 8639729.812, 140
Trd, 8639730.279, 140
Trd, 8639730.612, 139
Trd, 8639730.912, 107
Trd, 8639732.146, 110
Trd, 8639732.212, 140
Trd, 8639732.446, 109
Trd, 8639733.279, 114
Trd, 8639733.712, 117
Trd, 8639734.012, 122
Trd, 8639734.679, 113
Trd, 8639735.112, 140
Trd, 8639735.179, 140
Trd, 8639736.846, 140
Trd, 8639736.979, 140
Trd, 8639737.446, 140
Trd, 8639738.246, 140
Trd, 8639738.912, 140
Trd, 8639738.979, 140
Trd, 8639739.412, 140
Trd, 8639739.479, 140
Trd, 8639739.546, 140
Trd, 8639740.312, 140
Trd, 8639740.679, 140
Trd, 8639740.879, 140
Trd, 8639741.546, 140
Trd, 8639741.746, 140
Trd, 8639741.779, 140
Trd, 8639742.179, 140
Trd, 8639742.612, 140
Trd, 8639744.779, 140
Trd, 8639745.079, 140
Trd, 8639745.579, 140
Trd, 8639745.846, 140
Trd, 8639746.146, 140
Trd, 8639747.746, 140
Trd, 8639749.079, 140
Trd, 8639749.712, 140
Trd, 8639749.912, 140
Trd, 8639750.246, 140
Trd, 8639750.812, 140
Trd, 8639751.046, 140
Trd, 8639751.212, 140
Trd, 8639752.479, 140
Trd, 8639752.946, 140
Trd, 8639754.146, 140
Trd, 8639754.246, 140
Trd, 8639754.646, 140
Trd, 8639755.312, 140
Trd, 8639755.412, 140
Trd, 8639755.612, 140
Trd, 8639755.646, 140
Trd, 8639755.679, 140
Trd, 8639755.979, 139
Trd, 8639757.279, 140
Trd, 8639757.579, 140
Trd, 8639758.312, 140
Trd, 8639758.512, 140
Trd, 8639758.912, 140
Trd, 8639759.279, 140
Trd, 8639759.412, 140
Trd, 8639760.279, 140
Trd, 8639761.246, 106
Trd, 8639761.379, 137
Trd, 8639761.646, 107
Trd, 8639761.746, 135
Trd, 8639762.112, 107
Trd, 8639762.646, 105
Trd, 8639763.546, 112
Trd, 8639764.712, 114
Trd, 8639764.912, 115
Trd, 8639764.979, 116
Trd, 8639765.012, 114
Trd, 8639765.512, 112
Trd, 8639765.679, 111
Trd, 8639765.779, 110
Trd, 8639765.979, 109
Trd, 8639766.079, 90
Trd, 8639766.179, 116
Trd, 8639766.912, 67
Trd, 8639767.379, 62
Trd, 8639768.746, 60
Trd, 8639769.046, 60
Trd, 8639769.446, 60
Trd, 8639769.812, 61
Trd, 8639770.179, 62
Trd, 8639770.312, 64
Trd, 8639770.512, 63
Trd, 8639771.079, 65
Trd, 8639772.812, 130
Trd, 8639772.979, 75
Trd, 8639773.079, 74
Trd, 8639773.512, 76
Trd, 8639774.079, 105
Trd, 8639774.112, 123
Trd, 8639774.612, 79
Trd, 8639774.912, 79
Trd, 8639775.179, 131
Trd, 8639775.379, 82
Trd, 8639776.146, 106
Trd, 8639776.579, 140
Trd, 8639776.679, 140
Trd, 8639777.046, 140
Trd, 8639778.212, 140
Trd, 8639778.512, 140
Trd, 8639778.912, 140
Trd, 8639778.946, 140
Trd, 8639779.479, 140
Trd, 8639781.579, 140
Trd, 8639782.446, 140
Trd, 8639782.912, 140
Trd, 8639783.046, 140
Trd, 8639783.512, 140
Trd, 8639783.812, 140
Trd, 8639783.946, 140
Trd, 8639784.012, 139
Trd, 8639784.446, 140
Trd, 8639785.079, 140
Trd, 8639785.446, 140
Trd, 8639785.946, 140
Trd, 8639786.446, 140
Trd, 8639787.779, 140
Trd, 8639788.312, 140
Trd, 8639788.812, 140
Trd, 8639788.846, 140
Trd, 8639789.579, 140
Trd, 8639789.812, 140
Trd, 8639789.979, 140
Trd, 8639790.812, 140
Trd, 8639791.946, 140
Trd, 8639793.179, 140
Trd, 8639793.712, 140
Trd, 8639794.679, 140
Trd, 8639794.712, 140
Trd, 8639795.079, 140
Trd, 8639795.179, 140
Trd, 8639795.312, 140
Trd, 8639795.412, 140
Trd, 8639795.612, 140
Trd, 8639795.746, 140
Trd, 8639797.012, 140
Trd, 8639797.446, 140
Trd, 8639797.479, 140
Trd, 8639797.612, 140
Trd, 8639797.712, 140
Trd, 8639797.812, 139
Trd, 8639799.779, 140
Trd, 8639800.379, 140
Trd, 8639800.479, 140
Trd, 8639800.646, 140
Trd, 8639800.746, 140
Trd, 8639801.079, 140
Trd, 8639801.346, 140
Trd, 8639801.712, 140
Trd, 8639801.812, 140
Trd, 8639802.812, 140
Trd, 8639802.979, 140
Trd, 8639803.212, 139
Trd, 8639803.346, 140
Trd, 8639803.546, 106
Trd, 8639803.779, 106
Trd, 8639804.079, 105
Trd, 8639804.312, 95
Trd, 8639805.846, 65
Trd, 8639806.079, 63
Trd, 8639806.779, 61
Trd, 8639808.512, 60
Trd, 8639810.212, 60
Trd, 8639811.046, 60
Trd, 8639811.412, 60
Trd, 8639811.546, 60
Trd, 8639811.846, 61
Trd, 8639812.046, 60
Trd, 8639812.112, 62
Trd, 8639812.479, 61
Trd, 8639813.279, 64
Trd, 8639813.379, 63
Trd, 8639813.446, 62
Trd, 8639814.546, 60
Trd, 8639814.746, 61
Trd, 8639816.112, 60
Trd, 8639816.412, 62
Trd, 8639816.479, 61
Trd, 8639816.712, 68
Trd, 8639817.046, 63
Trd, 8639817.179, 65
Trd, 8639817.812, 68
Trd, 8639817.946, 69
Trd, 8639818.146, 68
Trd, 8639818.412, 62
Trd, 8639818.746, 74
Trd, 8639819.546, 68
Trd, 8639820.346, 71
Trd, 8639820.846, 80
Trd, 8639820.912, 81
Trd, 8639821.279, 71
Trd, 8639821.546, 78
Trd, 8639822.212, 140
Trd, 8639822.512, 73
Trd, 8639822.679, 73
Trd, 8639823.612, 140
Trd, 8639824.479, 140
Trd, 8639824.579, 140
Trd, 8639825.112, 140
Trd, 8639825.212, 139
Trd, 8639825.612, 140
Trd, 8639826.312, 129
Trd, 8639826.346, 128
Trd, 8639826.612, 127
Trd, 8639826.912, 140
Trd, 8639828.212, 140
Trd, 8639828.246, 140
Trd, 8639829.546, 140
Trd, 8639829.846, 140
Trd, 8639830.312, 140
Trd, 8639830.412, 139
Trd, 8639830.646, 137
Trd, 8639830.912, 138
Trd, 8639831.112, 139
Trd, 8639832.079, 139
Trd, 8639832.779, 140
Trd, 8639832.912, 140
Trd, 8639833.446, 140
Trd, 8639833.512, 140
Trd, 8639833.579, 140
Trd, 8639833.679, 140
Trd, 8639833.946, 124
Trd, 8639833.979, 123
Trd, 8639834.979, 140
Trd, 8639836.012, 140
Trd, 8639836.179, 140
Trd, 8639836.446, 140
Trd, 8639836.479, 140
Trd, 8639837.479, 140
Trd, 8639837.746, 140
Trd, 8639837.779, 140
Trd, 8639837.846, 104
Trd, 8639840.012, 60
Trd, 8639840.246, 60
Trd, 8639840.312, 60
Trd, 8639840.412, 62
Trd, 8639840.446, 60
Trd, 8639840.712, 60
Trd, 8639841.379, 60
Trd, 8639841.712, 60
Trd, 8639842.146, 61
Trd, 8639844.846, 60
Trd, 8639845.846, 60
Trd, 8639846.412, 60
Trd, 8639846.846, 60
Trd, 8639847.379, 60
Trd, 8639847.479, 60
Trd, 8639847.512, 61
Trd, 8639847.812, 60
Trd, 8639848.212, 60
Trd, 8639848.279, 60
Trd, 8639848.879, 61
Trd, 8639849.079, 61
Trd, 8639850.079, 62
Trd, 8639850.212, 62
Trd, 8639850.512, 61
Trd, 8639850.712, 62
Trd, 8639850.779, 63
Trd, 8639851.079, 67
Trd, 8639852.012, 139
Trd, 8639852.179, 102
Trd, 8639852.579, 76
Trd, 8639852.612, 75
Trd, 8639852.746, 71
Trd, 8639852.879, 103
Trd, 8639853.412, 83
Trd, 8639854.146, 140
Trd, 8639854.412, 139
Trd, 8639855.779, 140
Trd, 8639855.912, 140
Trd, 8639856.346, 140
Trd, 8639857.279, 140
Trd, 8639857.412, 140
Trd, 8639857.812, 140
Trd, 8639858.446, 140
Trd, 8639858.479, 140
Trd, 8639858.979, 140
Trd, 8639859.412, 140
Trd, 8639859.579, 140
Trd, 8639861.212, 140
Trd, 8639861.512, 140
Trd, 8639863.079, 140
Trd, 8639863.346, 140
Trd, 8639863.412, 140
Trd, 8639864.112, 140
Trd, 8639864.779, 140
Trd, 8639864.812, 140
Trd, 8639865.946, 140
Trd, 8639866.912, 140
Trd, 8639866.946, 140
Trd, 8639867.079, 140
Trd, 8639867.279, 140
Trd, 8639868.312, 140
Trd, 8639868.446, 140
Trd, 8639868.479, 140
Trd, 8639868.612, 140
Trd, 8639868.779, 140
Trd, 8639868.879, 140
Trd, 8639869.079, 140
Trd, 8639870.212, 140
Trd, 8639870.446, 140
Trd, 8639871.012, 140
Trd, 8639871.079, 140
Trd, 8639871.546, 140
Trd, 8639872.679, 140
Trd, 8639873.079, 140
Trd, 8639873.479, 140
Trd, 8639873.579, 140
Trd, 8639874.679, 140
Trd, 8639875.046, 140
Trd, 8639875.679, 140
Trd, 8639876.346, 140
Trd, 8639876.779, 140
Trd, 8639876.846, 140
Trd, 8639876.979, 140
Trd, 8639877.212, 140
Trd, 8639877.846, 140
Trd, 8639877.912, 140
Trd, 8639878.346, 140
Trd, 8639878.479, 140
Trd, 8639878.646, 140
Trd, 8639879.746, 140
Trd, 8639879.779, 140
Trd, 8639880.012, 140
Trd, 8639880.412, 140
Trd, 8639880.612, 140
Trd, 8639880.712, 139
Trd, 8639880.812, 102
Trd, 8639881.346, 139
Trd, 8639881.846, 103
Trd, 8639882.879, 140
Trd, 8639882.946, 140
Trd, 8639883.079, 140
Trd, 8639883.646, 140
Trd, 8639884.512, 139
Trd, 8639884.679, 139
Trd, 8639885.112, 124
Trd, 8639885.279, 125
Trd, 8639885.312, 123
Trd, 8639886.746, 129
Trd, 8639886.846, 130
Trd, 8639887.546, 132
Trd, 8639887.712, 131
Trd, 8639888.012, 140
Trd, 8639888.112, 131
Trd, 8639888.146, 129
Trd, 8639888.479, 100
Trd, 8639890.512, 140
Trd, 8639890.712, 140
Trd, 8639890.779, 140
Trd, 8639891.312, 140
Trd, 8639891.512, 140
Trd, 8639892.646, 140
Trd, 8639892.746, 140
Trd, 8639893.146, 140
Trd, 8639893.346, 140
Trd, 8639893.679, 140
Trd, 8639894.046, 140
Trd, 8639894.079, 140
Trd, 8639894.146, 140
Trd, 8639894.446, 137
Trd, 8639895.212, 85
Trd, 8639896.146, 85
Trd, 8639896.246, 135
Trd, 8639896.312, 85
Trd, 8639897.312, 88
Trd, 8639897.479, 87
Trd, 8639898.246, 91
Trd, 8639898.412, 89
Trd, 8639899.379, 90
Trd, 8639899.446, 89
Trd, 8639899.679, 65
Trd, 8639900.379, 60
Trd, 8639900.746, 60
Trd, 8639902.312, 60
Trd, 8639902.679, 60
Trd, 8639904.046, 60
Trd, 8639905.412, 60
Trd, 8639905.746, 60
Trd, 8639905.846, 60
Trd, 8639906.012, 60
Trd, 8639906.146, 61
Trd, 8639906.512, 62
Trd, 8639906.579, 60
Trd, 8639907.046, 65
Trd, 8639907.312, 60
Trd, 8639907.646, 61
Trd, 8639907.712, 66
Trd, 8639908.279, 66
Trd, 8639908.512, 68
Trd, 8639908.879, 65
Trd, 8639909.179, 69
Trd, 8639909.912, 66
Trd, 8639910.179, 69
Trd, 8639911.779, 76
Trd, 8639911.912, 77
Trd, 8639912.112, 76
Trd, 8639912.146, 75
Trd, 8639912.612, 140
Trd, 8639912.812, 76
Trd, 8639913.412, 140
Trd, 8639913.446, 75
Trd, 8639914.146, 67
Trd, 8639914.312, 83
Trd, 8639915.979, 67
Trd, 8639916.446, 60
Trd, 8639916.912, 61
Trd, 8639917.046, 64
Trd, 8639917.246, 61
Trd, 8639917.746, 60
Trd, 8639918.012, 62
Trd, 8639918.046, 64
Trd, 8639918.746, 65
Trd, 8639918.846, 65
Trd, 8639919.946, 69
Trd, 8639920.179, 69
Trd, 8639921.112, 139
Trd, 8639921.146, 138
Trd, 8639922.346, 140
Trd, 8639922.446, 139
Trd, 8639922.779, 140
Trd, 8639922.812, 139
Trd, 8639923.412, 140
Trd, 8639924.912, 140
Trd, 8639925.379, 140
Trd, 8639925.412, 140
Trd, 8639925.546, 140
Trd, 8639925.579, 140
Trd, 8639926.446, 140
Trd, 8639926.579, 103
Trd, 8639927.146, 139
Trd, 8639927.912, 104
Trd, 8639928.612, 105
Trd, 8639929.312, 140
Trd, 8639929.346, 140
Trd, 8639929.479, 139
Trd, 8639930.046, 140
Trd, 8639930.446, 104
Trd, 8639930.512, 103
Trd, 8639931.679, 60
Trd, 8639932.479, 60
Trd, 8639933.379, 60
Trd, 8639933.612, 60
Trd, 8639933.746, 60
Trd, 8639933.846, 60
Trd, 8639933.912, 60
Trd, 8639934.279, 63
Trd, 8639935.646, 61
Trd, 8639935.712, 61
Trd, 8639936.046, 60
Trd, 8639936.346, 63
Trd, 8639936.579, 98
Trd, 8639936.846, 64
Trd, 8639937.612, 140
Trd, 8639937.779, 114
Trd, 8639938.446, 66
Trd, 8639939.012, 69
Trd, 8639939.046, 67
Trd, 8639939.312, 67
Trd, 8639939.546, 67
Trd, 8639939.912, 67
Trd, 8639940.279, 140
Trd, 8639940.779, 73
Trd, 8639941.046, 75
Trd, 8639941.312, 74
Trd, 8639942.046, 75
Trd, 8639942.179, 74
Trd, 8639942.379, 68
Trd, 8639942.646, 110
Trd, 8639944.046, 140
Trd, 8639944.446, 140
Trd, 8639944.612, 140
Trd, 8639945.612, 140
Trd, 8639946.146, 140
Trd, 8639946.246, 140
Trd, 8639946.346, 134
Trd, 8639946.712, 60
Trd, 8639947.146, 65
Trd, 8639947.512, 121
Trd, 8639947.712, 61
Trd, 8639948.279, 61
Trd, 8639948.579, 60
Trd, 8639949.246, 140
Trd, 8639949.312, 140
Trd, 8639949.579, 139
Trd, 8639950.912, 60
Trd, 8639951.312, 62
Trd, 8639953.412, 60
Trd, 8639953.612, 60
Trd, 8639954.146, 60
Trd, 8639954.246, 60
Trd, 8639954.479, 61
Trd, 8639954.546, 61
Trd, 8639954.812, 64
Trd, 8639955.012, 64
Trd, 8639955.146, 64
Trd, 8639955.846, 64
Trd, 8639956.412, 140
Trd, 8639956.812, 140
Trd, 8639956.879, 140
Trd, 8639958.046, 140
Trd, 8639958.412, 140
Trd, 8639958.546, 140
Trd, 8639959.079, 140
Trd, 8639959.879, 140
Trd, 8639960.379, 140
Trd, 8639961.546, 140
Trd, 8639961.746, 140
Trd, 8639962.312, 140
Trd, 8639962.346, 140
Trd, 8639962.412, 140
Trd, 8639962.512, 140
Trd, 8639962.912, 126
Trd, 8639963.179, 101
Trd, 8639963.812, 103
Trd, 8639963.846, 136
Trd, 8639964.479, 105
Trd, 8639964.646, 104
Trd, 8639965.479, 78
Trd, 8639966.212, 113
Trd, 8639967.112, 88
Trd, 8639967.212, 87
Trd, 8639967.379, 118
Trd, 8639967.412, 124
Trd, 8639968.146, 90
Trd, 8639968.246, 86
Trd, 8639968.746, 117
Trd, 8639969.012, 89
Trd, 8639969.079, 117
Trd, 8639969.112, 87
Trd, 8639969.979, 94
Trd, 8639971.112, 61
Trd, 8639971.246, 72
Trd, 8639972.112, 64
Trd, 8639972.912, 63
Trd, 8639973.012, 65
Trd, 8639973.379, 65
Trd, 8639973.846, 63
Trd, 8639973.979, 64
Trd, 8639974.112, 64
Trd, 8639975.112, 68
Trd, 8639976.246, 140
Trd, 8639976.612, 140
Trd, 8639976.646, 140
Trd, 8639976.779, 140
Trd, 8639977.479, 140
Trd, 8639977.712, 140
Trd, 8639977.812, 138
Trd, 8639978.112, 99
Trd, 8639978.146, 71
Trd, 8639978.312, 139
Trd, 8639979.112, 137
Trd, 8639981.512, 140
Trd, 8639981.646, 140
Trd, 8639982.312, 140
Trd, 8639982.546, 140
Trd, 8639982.979, 140
Trd, 8639983.779, 140
Trd, 8639983.879, 140
Trd, 8639984.012, 140
Trd, 8639984.179, 140
Trd, 8639984.579, 140
Trd, 8639985.279, 140
Trd, 8639985.312, 140
Trd, 8639985.879, 140
Trd, 8639986.079, 140
Trd, 8639986.179, 125
Trd, 8639986.379, 117
Trd, 8639986.546, 117
Trd, 8639986.879, 116
Trd, 8639987.779, 101
Trd, 8639987.846, 100
Trd, 8639988.346, 103
Trd, 8639988.512, 103
Trd, 8639989.279, 140
Trd, 8639989.346, 139
Trd, 8639990.046, 140
Trd, 8639990.612, 139
Trd, 8639992.246, 140
Trd, 8639992.579, 140
Trd, 8639993.146, 140
Trd, 8639993.312, 140
Trd, 8639993.379, 140
Trd, 8639993.412, 134
Trd, 8639994.212, 100
Trd, 8639995.879, 105
Trd, 8639996.279, 138
Trd, 8639996.712, 138
Trd, 8639997.146, 137
Trd, 8639997.512, 114
Trd, 8639998.379, 119
Trd, 8639998.412, 118
Trd, 8639998.946, 140
Trd, 8639999.379, 140
Trd, 8639999.812, 140
