Trd, 8638739.779, 140
Trd, 8638740.012, 140
Trd, 8638740.146, 139
Trd, 8638740.412, 124
Trd, 8638741.079, 140
Trd, 8638741.846, 140
Trd, 8638742.612, 140
Trd, 8638743.079, 140
Trd, 8638744.346, 140
Trd, 8638744.579, 140
Trd, 8638744.712, 138
Trd, 8638745.579, 138
Trd, 8638747.346, 140
Trd, 8638747.979, 138
Trd, 8638748.012, 137
Trd, 8638748.146, 140
Trd, 8638748.246, 135
Trd, 8638748.412, 140
Trd, 8638748.912, 139
Trd, 8638749.179, 119
Trd, 8638750.779, 140
Trd, 8638750.946, 140
Trd, 8638751.379, 139
Trd, 8638751.779, 138
Trd, 8638752.046, 138
Trd, 8638752.079, 137
Trd, 8638752.746, 137
Trd, 8638752.846, 139
Trd, 8638753.146, 139
Trd, 8638753.646, 138
Trd, 8638754.446, 140
Trd, 8638754.946, 140
Trd, 8638755.279, 140
Trd, 8638755.379, 140
Trd, 8638756.179, 139
Trd, 8638756.912, 140
Trd, 8638757.046, 138
Trd, 8638757.112, 127
Trd, 8638758.612, 140
Trd, 8638758.846, 140
Trd, 8638759.279, 140
Trd, 8638759.546, 139
Trd, 8638759.579, 139
Trd, 8638759.679, 139
Trd, 8638759.979, 79
Trd, 8638760.279, 139
Trd, 8638760.546, 140
Trd, 8638761.846, 140
Trd, 8638761.879, 135
Trd, 8638763.012, 140
Trd, 8638763.246, 140
Trd, 8638763.979, 140
Trd, 8638764.412, 140
Trd, 8638764.879, 139
Trd, 8638766.512, 140
Trd, 8638767.479, 140
Trd, 8638767.546, 140
Trd, 8638767.846, 140
Trd, 8638768.179, 140
Trd, 8638768.279, 139
Trd, 8638768.446, 139
Trd, 8638768.646, 138
Trd, 8638769.179, 126
Trd, 8638769.279, 124
Trd, 8638769.512, 129
Trd, 8638770.679, 140
Trd, 8638771.312, 140
Trd, 8638771.712, 140
Trd, 8638771.746, 140
Trd, 8638772.646, 140
Trd, 8638772.846, 138
Trd, 8638773.946, 140
Trd, 8638774.079, 140
Trd, 8638774.546, 140
Trd, 8638774.712, 137
Trd, 8638775.812, 140
Trd, 8638775.912, 138
Trd, 8638777.912, 140
Trd, 8638778.212, 140
Trd, 8638778.346, 140
Trd, 8638778.512, 140
Trd, 8638778.579, 139
Trd, 8638779.146, 140
Trd, 8638779.646, 140
Trd, 8638780.746, 140
Trd, 8638780.946, 140
Trd, 8638780.979, 139
Trd, 8638781.279, 125
Trd, 8638783.312, 140
Trd, 8638783.579, 140
Trd, 8638783.879, 140
Trd, 8638784.146, 140
Trd, 8638784.846, 140
Trd, 8638785.046, 139
Trd, 8638785.712, 140
Trd, 8638786.046, 139
Trd, 8638786.712, 140
Trd, 8638787.012, 139
Trd, 8638787.512, 140
Trd, 8638787.779, 138
Trd, 8638788.979, 140
Trd, 8638789.146, 140
Trd, 8638789.646, 139
Trd, 8638789.879, 140
Trd, 8638790.146, 140
Trd, 8638790.612, 138
Trd, 8638791.512, 139
Trd, 8638791.746, 138
Trd, 8638792.446, 138
Trd, 8638792.679, 140
Trd, 8638793.046, 139
Trd, 8638794.079, 131
Trd, 8638794.279, 125
Trd, 8638794.446, 136
Trd, 8638796.079, 137
Trd, 8638796.212, 136
Trd, 8638796.812, 139
Trd, 8638796.846, 136
Trd, 8638797.446, 133
Trd, 8638798.812, 140
Trd, 8638798.946, 140
Trd, 8638799.846, 140
Trd, 8638800.346, 140
Trd, 8638800.479, 140
Trd, 8638800.946, 139
Trd, 8638801.479, 139
Trd, 8638802.612, 140
Trd, 8638803.279, 140
Trd, 8638803.512, 137
Trd, 8638804.379, 140
Trd, 8638804.879, 140
Trd, 8638805.012, 136
Trd, 8638805.046, 126
Trd, 8638805.779, 140
Trd, 8638806.179, 138
Trd, 8638806.279, 140
Trd, 8638807.079, 140
Trd, 8638808.012, 140
Trd, 8638808.346, 140
Trd, 8638808.612, 140
Trd, 8638808.812, 139
Trd, 8638809.079, 139
Trd, 8638809.112, 139
Trd, 8638809.412, 83
Trd, 8638810.046, 140
Trd, 8638810.312, 125
Trd, 8638810.979, 111
Trd, 8638811.046, 106
Trd, 8638811.846, 140
Trd, 8638811.912, 140
Trd, 8638812.946, 140
Trd, 8638813.446, 140
Trd, 8638813.946, 140
Trd, 8638814.646, 140
Trd, 8638815.212, 140
Trd, 8638815.379, 140
Trd, 8638815.879, 140
Trd, 8638816.079, 140
Trd, 8638816.979, 140
Trd, 8638817.246, 140
Trd, 8638817.812, 140
Trd, 8638818.246, 140
Trd, 8638818.846, 140
Trd, 8638819.846, 140
Trd, 8638820.379, 140
Trd, 8638820.946, 140
Trd, 8638821.279, 140
Trd, 8638821.946, 140
Trd, 8638822.379, 140
Trd, 8638822.946, 140
Trd, 8638823.012, 139
Trd, 8638823.846, 140
Trd, 8638824.412, 140
Trd, 8638824.479, 140
Trd, 8638824.946, 140
Trd, 8638825.579, 139
Trd, 8638826.012, 139
Trd, 8638826.079, 127
Trd, 8638827.579, 140
Trd, 8638827.912, 140
Trd, 8638828.046, 140
Trd, 8638829.579, 140
Trd, 8638830.112, 140
Trd, 8638830.412, 140
Trd, 8638830.579, 140
Trd, 8638830.746, 127
Trd, 8638831.112, 138
Trd, 8638831.312, 140
Trd, 8638831.912, 139
Trd, 8638831.979, 134
Trd, 8638832.412, 139
Trd, 8638834.379, 139
Trd, 8638835.146, 140
Trd, 8638835.712, 140
Trd, 8638835.779, 140
Trd, 8638835.912, 140
Trd, 8638836.512, 140
Trd, 8638836.579, 139
Trd, 8638837.946, 140
Trd, 8638837.979, 140
Trd, 8638838.179, 139
Trd, 8638838.246, 139
Trd, 8638839.079, 140
Trd, 8638839.279, 140
Trd, 8638839.346, 103
Trd, 8638840.112, 139
Trd, 8638840.479, 139
Trd, 8638841.079, 138
Trd, 8638841.312, 140
Trd, 8638841.512, 137
Trd, 8638842.879, 140
Trd, 8638843.679, 140
Trd, 8638844.179, 140
Trd, 8638844.312, 140
Trd, 8638844.912, 140
Trd, 8638846.579, 140
Trd, 8638846.712, 140
Trd, 8638846.879, 138
Trd, 8638847.046, 140
Trd, 8638847.112, 137
Trd, 8638847.146, 125
Trd, 8638848.279, 140
Trd, 8638848.912, 140
Trd, 8638850.212, 140
Trd, 8638850.812, 140
Trd, 8638850.946, 140
Trd, 8638851.079, 137
Trd, 8638851.746, 140
Trd, 8638851.912, 139
Trd, 8638853.146, 140
Trd, 8638853.646, 140
Trd, 8638853.912, 140
Trd, 8638853.946, 139
Trd, 8638854.346, 140
Trd, 8638854.812, 140
Trd, 8638856.046, 140
Trd, 8638856.779, 140
Trd, 8638857.212, 140
Trd, 8638857.812, 140
Trd, 8638858.012, 140
Trd, 8638859.046, 139
Trd, 8638859.179, 140
Trd, 8638859.612, 140
Trd, 8638860.012, 140
Trd, 8638860.612, 140
Trd, 8638861.879, 140
Trd, 8638862.579, 140
Trd, 8638862.612, 140
Trd, 8638863.879, 140
Trd, 8638864.112, 140
Trd, 8638864.179, 139
Trd, 8638864.246, 139
Trd, 8638864.512, 138
Trd, 8638864.779, 140
Trd, 8638865.046, 134
Trd, 8638865.612, 121
Trd, 8638866.212, 139
Trd, 8638866.979, 140
Trd, 8638867.546, 99
Trd, 8638868.012, 140
Trd, 8638868.312, 140
Trd, 8638868.379, 140
Trd, 8638870.012, 140
Trd, 8638870.612, 140
Trd, 8638870.679, 139
Trd, 8638870.912, 120
Trd, 8638870.946, 115
Trd, 8638871.446, 140
Trd, 8638871.646, 127
Trd, 8638872.579, 140
Trd, 8638873.679, 140
Trd, 8638873.846, 140
Trd, 8638874.146, 140
Trd, 8638874.279, 140
Trd, 8638874.579, 139
Trd, 8638874.712, 139
Trd, 8638874.946, 140
Trd, 8638874.979, 125
Trd, 8638876.412, 140
Trd, 8638876.746, 140
Trd, 8638876.946, 134
Trd, 8638877.346, 140
Trd, 8638877.779, 140
Trd, 8638877.946, 139
Trd, 8638879.112, 139
Trd, 8638879.346, 139
Trd, 8638879.746, 82
Trd, 8638879.912, 140
Trd, 8638880.312, 67
Trd, 8638880.612, 64
Trd, 8638880.912, 78
Trd, 8638881.146, 140
Trd, 8638882.246, 140
Trd, 8638882.546, 139
Trd, 8638882.612, 138
Trd, 8638883.479, 140
Trd, 8638883.679, 140
Trd, 8638884.046, 138
Trd, 8638884.679, 135
Trd, 8638885.346, 135
Trd, 8638886.312, 140
Trd, 8638886.379, 138
Trd, 8638886.479, 119
Trd, 8638888.179, 140
Trd, 8638888.546, 140
Trd, 8638889.712, 140
Trd, 8638889.812, 140
Trd, 8638890.179, 140
Trd, 8638890.279, 140
Trd, 8638890.546, 139
Trd, 8638891.279, 140
Trd, 8638891.546, 140
Trd, 8638891.612, 139
Trd, 8638892.879, 140
Trd, 8638892.946, 140
Trd, 8638893.446, 140
Trd, 8638893.912, 140
Trd, 8638895.379, 140
Trd, 8638896.079, 140
Trd, 8638897.346, 140
Trd, 8638897.879, 140
Trd, 8638898.679, 140
Trd, 8638898.846, 140
Trd, 8638899.946, 140
Trd, 8638900.679, 140
Trd, 8638901.279, 140
Trd, 8638901.346, 139
Trd, 8638901.412, 139
Trd, 8638902.046, 140
Trd, 8638902.179, 139
Trd, 8638902.946, 139
Trd, 8638903.046, 139
Trd, 8638903.246, 126
Trd, 8638904.579, 140
Trd, 8638904.712, 138
Trd, 8638905.012, 140
Trd, 8638906.446, 140
Trd, 8638907.012, 140
Trd, 8638907.146, 140
Trd, 8638907.412, 139
Trd, 8638908.179, 116
Trd, 8638909.212, 140
Trd, 8638909.879, 140
Trd, 8638910.512, 140
Trd, 8638911.546, 140
Trd, 8638911.912, 140
Trd, 8638911.979, 140
Trd, 8638912.446, 140
Trd, 8638913.446, 140
Trd, 8638913.746, 140
Trd, 8638913.812, 140
Trd, 8638915.212, 140
Trd, 8638915.612, 140
Trd, 8638916.246, 140
Trd, 8638916.612, 139
Trd, 8638917.346, 140
Trd, 8638917.379, 140
Trd, 8638917.479, 140
Trd, 8638918.912, 140
Trd, 8638919.512, 140
Trd, 8638919.546, 139
Trd, 8638920.212, 140
Trd, 8638920.312, 140
Trd, 8638920.746, 138
Trd, 8638921.979, 140
Trd, 8638922.646, 140
Trd, 8638923.679, 140
Trd, 8638924.179, 140
Trd, 8638925.212, 140
Trd, 8638925.312, 140
Trd, 8638925.612, 140
Trd, 8638925.879, 140
Trd, 8638925.912, 139
Trd, 8638926.046, 139
Trd, 8638926.279, 140
Trd, 8638927.679, 140
Trd, 8638928.546, 140
Trd, 8638928.579, 138
Trd, 8638928.812, 137
Trd, 8638929.546, 140
Trd, 8638929.679, 139
Trd, 8638930.346, 116
Trd, 8638931.046, 138
Trd, 8638931.279, 140
Trd, 8638931.446, 137
Trd, 8638931.879, 140
Trd, 8638932.412, 140
Trd, 8638933.679, 140
Trd, 8638933.812, 140
Trd, 8638934.146, 140
Trd, 8638934.512, 140
Trd, 8638934.612, 139
Trd, 8638934.712, 136
Trd, 8638936.412, 140
Trd, 8638936.446, 140
Trd, 8638937.512, 140
Trd, 8638938.812, 140
Trd, 8638940.046, 140
Trd, 8638940.479, 140
Trd, 8638941.146, 140
Trd, 8638941.246, 140
Trd, 8638941.612, 140
Trd, 8638941.779, 140
Trd, 8638942.012, 139
Trd, 8638943.412, 140
Trd, 8638943.579, 139
Trd, 8638943.979, 140
Trd, 8638944.112, 140
Trd, 8638944.846, 140
Trd, 8638945.246, 140
Trd, 8638945.379, 140
Trd, 8638945.579, 140
Trd, 8638946.479, 138
Trd, 8638946.746, 140
Trd, 8638946.779, 138
Trd, 8638948.279, 140
Trd, 8638948.312, 140
Trd, 8638949.712, 140
Trd, 8638949.846, 140
Trd, 8638950.512, 140
Trd, 8638950.712, 140
Trd, 8638951.346, 140
Trd, 8638951.446, 140
Trd, 8638951.612, 138
Trd, 8638952.046, 139
Trd, 8638952.646, 138
Trd, 8638952.912, 139
Trd, 8638953.179, 140
Trd, 8638953.446, 78
Trd, 8638953.712, 74
Trd, 8638953.746, 67
Trd, 8638954.512, 72
Trd, 8638954.746, 137
Trd, 8638955.179, 138
Trd, 8638955.979, 140
Trd, 8638956.512, 140
Trd, 8638957.412, 140
Trd, 8638957.579, 138
Trd, 8638958.512, 140
Trd, 8638959.779, 140
Trd, 8638959.979, 139
Trd, 8638961.546, 140
Trd, 8638961.579, 140
Trd, 8638961.912, 139
Trd, 8638963.879, 140
Trd, 8638964.146, 139
Trd, 8638964.412, 139
Trd, 8638964.479, 139
Trd, 8638964.712, 139
Trd, 8638965.546, 139
Trd, 8638965.912, 140
Trd, 8638965.946, 139
Trd, 8638966.046, 126
Trd, 8638966.546, 140
Trd, 8638966.612, 140
Trd, 8638967.746, 140
Trd, 8638967.946, 140
Trd, 8638968.912, 140
Trd, 8638969.112, 140
Trd, 8638969.179, 138
Trd, 8638970.312, 140
Trd, 8638970.379, 140
Trd, 8638970.446, 130
Trd, 8638970.679, 129
Trd, 8638971.479, 140
Trd, 8638972.646, 140
Trd, 8638974.412, 140
Trd, 8638974.912, 140
Trd, 8638975.379, 140
Trd, 8638976.012, 140
Trd, 8638976.146, 140
Trd, 8638976.946, 140
Trd, 8638976.979, 140
Trd, 8638977.012, 139
Trd, 8638977.279, 140
Trd, 8638977.346, 139
Trd, 8638977.412, 136
Trd, 8638977.912, 140
Trd, 8638979.612, 140
Trd, 8638980.346, 140
Trd, 8638980.479, 140
Trd, 8638982.912, 140
Trd, 8638983.212, 140
Trd, 8638983.379, 140
Trd, 8638984.046, 140
Trd, 8638984.112, 140
Trd, 8638984.779, 140
Trd, 8638984.912, 139
Trd, 8638985.312, 127
Trd, 8638985.812, 139
Trd, 8638986.179, 139
Trd, 8638986.746, 137
Trd, 8638987.512, 140
Trd, 8638987.579, 140
Trd, 8638989.246, 140
Trd, 8638989.546, 140
Trd, 8638989.579, 140
Trd, 8638989.812, 140
Trd, 8638990.212, 139
Trd, 8638991.046, 140
Trd, 8638991.679, 140
Trd, 8638992.012, 140
Trd, 8638992.179, 140
Trd, 8638992.446, 140
Trd, 8638992.479, 126
Trd, 8638992.979, 106
Trd, 8638993.279, 138
Trd, 8638994.079, 105
Trd, 8638994.446, 140
Trd, 8638994.512, 139
Trd, 8638995.212, 140
Trd, 8638995.346, 140
Trd, 8638996.346, 140
Trd, 8638997.046, 140
Trd, 8638997.346, 140
Trd, 8638997.679, 139
Trd, 8638998.646, 140
Trd, 8638998.746, 140
Trd, 8638998.846, 101
Trd, 8638998.912, 85
Trd, 8639000.112, 140
Trd, 8639000.612, 140
Trd, 8639000.779, 140
Trd, 8639001.679, 140
Trd, 8639002.212, 140
Trd, 8639002.346, 140
Trd, 8639003.046, 140
Trd, 8639003.479, 140
Trd, 8639004.279, 140
Trd, 8639004.446, 140
Trd, 8639005.212, 140
Trd, 8639005.346, 138
Trd, 8639005.812, 140
Trd, 8639007.146, 140
Trd, 8639007.312, 140
Trd, 8639007.346, 140
Trd, 8639007.746, 140
Trd, 8639008.046, 140
Trd, 8639009.312, 140
Trd, 8639009.412, 140
Trd, 8639010.112, 140
Trd, 8639010.812, 140
Trd, 8639011.379, 140
Trd, 8639013.612, 140
Trd, 8639014.046, 140
Trd, 8639014.212, 140
Trd, 8639014.479, 140
Trd, 8639014.846, 140
Trd, 8639015.112, 140
Trd, 8639015.179, 140
Trd, 8639015.379, 139
Trd, 8639015.946, 139
Trd, 8639017.312, 140
Trd, 8639017.646, 140
Trd, 8639018.212, 140
Trd, 8639018.679, 139
Trd, 8639019.046, 140
Trd, 8639019.446, 138
Trd, 8639020.646, 140
Trd, 8639020.812, 140
Trd, 8639020.946, 140
Trd, 8639022.112, 140
Trd, 8639022.846, 140
Trd, 8639023.312, 140
Trd, 8639023.979, 139
Trd, 8639024.079, 137
Trd, 8639024.912, 139
Trd, 8639025.712, 140
Trd, 8639025.846, 140
Trd, 8639026.012, 140
Trd, 8639026.646, 140
Trd, 8639026.679, 140
Trd, 8639027.379, 140
Trd, 8639027.812, 140
Trd, 8639028.612, 139
Trd, 8639029.479, 139
Trd, 8639030.179, 140
Trd, 8639030.779, 140
Trd, 8639030.912, 139
Trd, 8639031.879, 140
Trd, 8639031.979, 139
Trd, 8639032.112, 138
Trd, 8639032.346, 139
Trd, 8639032.712, 137
Trd, 8639033.546, 140
Trd, 8639033.612, 140
Trd, 8639034.546, 139
Trd, 8639034.646, 140
Trd, 8639035.179, 122
Trd, 8639036.379, 140
Trd, 8639036.779, 139
Trd, 8639037.179, 139
Trd, 8639037.712, 140
Trd, 8639038.046, 140
Trd, 8639040.079, 140
Trd, 8639040.212, 140
Trd, 8639040.346, 139
Trd, 8639040.446, 139
Trd, 8639040.746, 137
Trd, 8639041.346, 140
Trd, 8639041.612, 139
Trd, 8639041.746, 125
Trd, 8639042.146, 140
Trd, 8639043.279, 140
Trd, 8639043.312, 140
Trd, 8639043.579, 139
Trd, 8639044.112, 139
Trd, 8639045.046, 137
Trd, 8639045.146, 126
Trd, 8639045.512, 140
Trd, 8639046.112, 140
Trd, 8639046.479, 139
Trd, 8639047.246, 140
Trd, 8639048.279, 140
Trd, 8639048.746, 140
Trd, 8639049.012, 140
Trd, 8639049.279, 139
Trd, 8639050.146, 140
Trd, 8639050.346, 140
Trd, 8639050.446, 137
Trd, 8639051.512, 140
Trd, 8639052.412, 140
Trd, 8639054.346, 140
Trd, 8639055.146, 140
Trd, 8639055.212, 140
Trd, 8639055.279, 139
Trd, 8639055.612, 140
Trd, 8639055.846, 140
Trd, 8639056.412, 139
Trd, 8639056.812, 139
Trd, 8639057.112, 140
Trd, 8639057.146, 115
Trd, 8639057.246, 140
Trd, 8639058.579, 140
Trd, 8639058.812, 140
Trd, 8639059.279, 140
Trd, 8639059.546, 140
Trd, 8639059.646, 140
Trd, 8639060.846, 140
Trd, 8639061.279, 139
Trd, 8639061.746, 140
Trd, 8639062.312, 140
Trd, 8639063.046, 139
Trd, 8639063.246, 140
Trd, 8639063.479, 140
Trd, 8639063.579, 140
Trd, 8639063.946, 139
Trd, 8639064.179, 140
Trd, 8639064.546, 113
Trd, 8639066.246, 140
Trd, 8639066.512, 140
Trd, 8639067.812, 140
Trd, 8639068.479, 140
Trd, 8639068.912, 139
Trd, 8639069.112, 139
Trd, 8639069.912, 138
Trd, 8639070.246, 140
Trd, 8639070.946, 140
Trd, 8639071.546, 140
Trd, 8639072.612, 140
Trd, 8639072.946, 140
Trd, 8639073.412, 139
Trd, 8639073.479, 139
Trd, 8639073.712, 103
Trd, 8639074.079, 138
Trd, 8639074.279, 140
Trd, 8639074.579, 140
Trd, 8639075.012, 140
Trd, 8639075.179, 118
Trd, 8639075.512, 140
Trd, 8639076.479, 140
Trd, 8639077.612, 139
Trd, 8639077.646, 139
Trd, 8639078.779, 140
Trd, 8639079.046, 140
Trd, 8639079.446, 140
Trd, 8639080.479, 140
Trd, 8639081.179, 140
Trd, 8639081.246, 137
Trd, 8639081.912, 138
Trd, 8639082.046, 125
Trd, 8639082.446, 140
Trd, 8639082.746, 140
Trd, 8639082.879, 130
Trd, 8639083.046, 129
Trd, 8639083.479, 140
Trd, 8639084.112, 139
Trd, 8639084.912, 137
Trd, 8639085.146, 140
Trd, 8639085.346, 135
Trd, 8639085.612, 109
Trd, 8639085.912, 89
Trd, 8639086.746, 137
Trd, 8639087.812, 140
Trd, 8639087.879, 139
Trd, 8639088.246, 140
Trd, 8639088.346, 140
Trd, 8639088.946, 140
Trd, 8639089.346, 138
Trd, 8639089.946, 139
Trd, 8639090.679, 139
Trd, 8639091.946, 138
Trd, 8639092.079, 136
Trd, 8639092.246, 136
Trd, 8639092.379, 137
Trd, 8639092.579, 138
Trd, 8639092.779, 140
Trd, 8639093.946, 139
Trd, 8639094.679, 140
Trd, 8639094.879, 140
Trd, 8639094.912, 125
Trd, 8639095.746, 140
Trd, 8639096.246, 140
Trd, 8639098.612, 140
Trd, 8639098.679, 140
Trd, 8639098.946, 139
Trd, 8639099.312, 140
Trd, 8639100.012, 140
Trd, 8639100.912, 140
Trd, 8639101.979, 140
Trd, 8639102.179, 140
Trd, 8639102.446, 140
Trd, 8639103.079, 139
Trd, 8639103.546, 140
Trd, 8639103.812, 140
Trd, 8639104.512, 140
Trd, 8639105.279, 140
Trd, 8639106.012, 140
Trd, 8639106.179, 138
Trd, 8639106.879, 140
Trd, 8639106.946, 137
Trd, 8639108.146, 140
Trd, 8639108.779, 140
Trd, 8639109.679, 140
Trd, 8639109.846, 140
Trd, 8639109.912, 140
Trd, 8639110.012, 140
Trd, 8639110.412, 140
Trd, 8639110.546, 140
Trd, 8639111.346, 139
Trd, 8639111.846, 127
Trd, 8639112.446, 140
Trd, 8639112.479, 140
Trd, 8639112.946, 140
Trd, 8639113.012, 140
Trd, 8639113.479, 140
Trd, 8639114.579, 140
Trd, 8639115.179, 140
Trd, 8639115.912, 140
Trd, 8639116.212, 140
Trd, 8639116.346, 140
Trd, 8639117.912, 140
Trd, 8639118.146, 140
Trd, 8639118.412, 140
Trd, 8639118.546, 140
Trd, 8639118.779, 140
Trd, 8639119.146, 139
Trd, 8639119.512, 140
Trd, 8639120.512, 140
Trd, 8639120.546, 139
Trd, 8639121.379, 140
Trd, 8639121.846, 140
Trd, 8639122.046, 140
Trd, 8639123.446, 140
Trd, 8639123.912, 140
Trd, 8639124.146, 140
Trd, 8639125.112, 140
Trd, 8639125.779, 140
Trd, 8639125.912, 140
Trd, 8639126.012, 140
Trd, 8639126.546, 139
Trd, 8639127.246, 140
Trd, 8639127.612, 140
Trd, 8639127.712, 140
Trd, 8639127.846, 140
Trd, 8639128.012, 140
Trd, 8639128.712, 140
Trd, 8639128.912, 138
Trd, 8639130.046, 139
Trd, 8639130.279, 139
Trd, 8639131.079, 140
Trd, 8639131.146, 140
Trd, 8639131.446, 125
Trd, 8639132.779, 140
Trd, 8639133.012, 138
Trd, 8639133.046, 127
Trd, 8639134.012, 139
Trd, 8639134.179, 138
Trd, 8639134.512, 104
Trd, 8639134.979, 103
Trd, 8639135.112, 62
Trd, 8639136.379, 62
Trd, 8639136.412, 67
Trd, 8639136.446, 74
Trd, 8639136.779, 121
Trd, 8639137.112, 64
Trd, 8639137.246, 100
Trd, 8639137.979, 64
Trd, 8639139.212, 60
Trd, 8639139.412, 60
Trd, 8639139.712, 68
Trd, 8639139.812, 68
Trd, 8639140.312, 84
Trd, 8639140.579, 65
Trd, 8639140.946, 107
Trd, 8639141.012, 65
Trd, 8639141.146, 108
Trd, 8639142.912, 62
Trd, 8639142.979, 63
Trd, 8639143.646, 60
Trd, 8639144.246, 66
Trd, 8639144.679, 71
Trd, 8639144.712, 65
Trd, 8639144.779, 87
Trd, 8639145.179, 60
Trd, 8639145.279, 90
Trd, 8639146.012, 140
Trd, 8639146.246, 139
Trd, 8639146.346, 86
Trd, 8639147.412, 103
Trd, 8639148.546, 140
Trd, 8639150.079, 140
Trd, 8639150.612, 140
Trd, 8639151.012, 140
Trd, 8639151.912, 140
Trd, 8639152.346, 140
Trd, 8639152.779, 140
Trd, 8639153.346, 140
Trd, 8639153.379, 140
Trd, 8639153.412, 139
Trd, 8639155.412, 140
Trd, 8639155.446, 138
Trd, 8639155.779, 140
Trd, 8639156.012, 127
Trd, 8639156.279, 139
Trd, 8639156.379, 136
Trd, 8639156.612, 126
Trd, 8639156.879, 139
Trd, 8639157.946, 140
Trd, 8639158.079, 140
Trd, 8639158.646, 140
Trd, 8639158.779, 139
Trd, 8639160.079, 140
Trd, 8639162.079, 140
Trd, 8639162.212, 140
Trd, 8639162.346, 140
Trd, 8639162.379, 140
Trd, 8639162.746, 139
Trd, 8639163.679, 140
Trd, 8639163.746, 139
Trd, 8639164.179, 140
Trd, 8639164.512, 140
Trd, 8639164.812, 139
Trd, 8639164.979, 128
Trd, 8639165.246, 140
Trd, 8639166.612, 140
Trd, 8639166.712, 139
Trd, 8639167.546, 140
Trd, 8639168.046, 138
Trd, 8639168.179, 136
Trd, 8639168.746, 139
Trd, 8639168.979, 140
Trd, 8639169.146, 140
Trd, 8639169.879, 139
Trd, 8639170.312, 138
Trd, 8639170.946, 138
Trd, 8639171.246, 139
Trd, 8639171.412, 138
Trd, 8639171.446, 138
Trd, 8639172.712, 140
Trd, 8639172.912, 140
Trd, 8639173.012, 140
Trd, 8639173.646, 140
Trd, 8639174.079, 134
Trd, 8639174.846, 140
Trd, 8639175.279, 103
Trd, 8639175.446, 70
Trd, 8639175.546, 125
Trd, 8639177.012, 140
Trd, 8639177.479, 140
Trd, 8639178.346, 140
Trd, 8639178.379, 139
Trd, 8639178.846, 140
Trd, 8639180.512, 140
Trd, 8639181.012, 140
Trd, 8639181.212, 140
Trd, 8639181.279, 140
Trd, 8639181.646, 139
Trd, 8639182.212, 139
Trd, 8639182.512, 140
Trd, 8639183.046, 138
Trd, 8639183.879, 140
Trd, 8639184.712, 140
Trd, 8639185.779, 140
Trd, 8639186.479, 140
Trd, 8639187.412, 140
Trd, 8639187.512, 140
Trd, 8639187.579, 140
Trd, 8639188.179, 140
Trd, 8639189.246, 140
Trd, 8639189.346, 139
Trd, 8639189.479, 139
Trd, 8639189.879, 138
Trd, 8639189.912, 136
Trd, 8639190.379, 140
Trd, 8639191.279, 140
Trd, 8639192.646, 140
Trd, 8639193.279, 140
Trd, 8639193.812, 140
Trd, 8639193.846, 140
Trd, 8639194.379, 140
Trd, 8639194.812, 140
Trd, 8639195.112, 140
Trd, 8639195.946, 140
Trd, 8639195.979, 139
Trd, 8639196.079, 139
Trd, 8639196.446, 136
Trd, 8639196.846, 139
Trd, 8639197.646, 140
Trd, 8639199.612, 139
Trd, 8639200.546, 140
Trd, 8639200.679, 139
Trd, 8639200.712, 138
Trd, 8639200.812, 140
Trd, 8639202.346, 140
Trd, 8639202.646, 140
Trd, 8639202.946, 140
Trd, 8639203.346, 140
Trd, 8639203.379, 139
Trd, 8639204.079, 139
Trd, 8639204.146, 139
Trd, 8639204.479, 139
Trd, 8639204.646, 138
Trd, 8639204.946, 126
Trd, 8639205.279, 85
Trd, 8639205.912, 140
Trd, 8639206.579, 139
Trd, 8639206.979, 80
Trd, 8639207.512, 139
Trd, 8639208.146, 140
Trd, 8639208.579, 140
Trd, 8639208.712, 139
Trd, 8639210.379, 140
Trd, 8639212.579, 140
Trd, 8639213.046, 140
Trd, 8639213.879, 140
Trd, 8639213.946, 140
Trd, 8639214.279, 140
Trd, 8639214.379, 139
Trd, 8639214.479, 138
Trd, 8639215.412, 140
Trd, 8639215.712, 140
Trd, 8639215.879, 139
Trd, 8639216.112, 139
Trd, 8639216.246, 125
Trd, 8639216.346, 140
Trd, 8639216.679, 112
Trd, 8639217.146, 138
Trd, 8639217.446, 140
Trd, 8639218.179, 140
Trd, 8639218.579, 140
Trd, 8639220.046, 137
Trd, 8639220.512, 137
Trd, 8639221.379, 140
Trd, 8639221.779, 140
Trd, 8639222.279, 140
Trd, 8639223.246, 140
Trd, 8639223.646, 138
Trd, 8639223.812, 140
Trd, 8639224.046, 140
Trd, 8639224.079, 136
Trd, 8639224.146, 125
Trd, 8639224.546, 139
Trd, 8639225.979, 140
Trd, 8639227.012, 140
Trd, 8639227.812, 140
Trd, 8639228.112, 140
Trd, 8639228.946, 140
Trd, 8639229.912, 140
Trd, 8639230.379, 140
Trd, 8639230.579, 140
Trd, 8639230.779, 140
Trd, 8639231.146, 140
Trd, 8639231.312, 125
Trd, 8639232.646, 140
Trd, 8639232.712, 140
Trd, 8639233.679, 140
Trd, 8639234.912, 140
Trd, 8639235.146, 140
Trd, 8639235.512, 140
Trd, 8639236.946, 140
Trd, 8639237.279, 140
Trd, 8639238.246, 140
Trd, 8639238.346, 140
Trd, 8639238.512, 139
Trd, 8639238.946, 137
Trd, 8639238.979, 129
Trd, 8639239.779, 140
Trd, 8639240.346, 139
Trd, 8639240.712, 140
Trd, 8639240.912, 140
Trd, 8639241.312, 140
Trd, 8639241.412, 140
Trd, 8639242.579, 140
Trd, 8639243.412, 140
Trd, 8639243.779, 139
Trd, 8639244.079, 140
Trd, 8639244.646, 139
Trd, 8639245.546, 140
Trd, 8639245.912, 139
Trd, 8639246.279, 140
Trd, 8639246.946, 140
Trd, 8639247.012, 140
Trd, 8639247.179, 140
Trd, 8639247.379, 140
Trd, 8639247.612, 140
Trd, 8639248.879, 140
Trd, 8639249.246, 140
Trd, 8639249.279, 140
Trd, 8639250.179, 140
Trd, 8639250.279, 140
Trd, 8639250.712, 140
Trd, 8639251.312, 140
Trd, 8639251.846, 140
Trd, 8639254.279, 140
Trd, 8639254.479, 140
Trd, 8639254.746, 140
Trd, 8639254.779, 139
Trd, 8639254.812, 138
Trd, 8639255.446, 139
Trd, 8639255.979, 140
Trd, 8639257.212, 139
Trd, 8639257.646, 140
Trd, 8639257.846, 137
Trd, 8639258.579, 140
Trd, 8639258.846, 140
Trd, 8639259.279, 126
Trd, 8639259.412, 139
Trd, 8639259.946, 125
Trd, 8639261.412, 140
Trd, 8639261.479, 140
Trd, 8639261.646, 140
Trd, 8639261.846, 140
Trd, 8639262.112, 140
Trd, 8639262.179, 139
Trd, 8639262.746, 140
Trd, 8639263.346, 139
Trd, 8639264.079, 140
Trd, 8639264.779, 140
Trd, 8639265.179, 140
Trd, 8639265.312, 140
Trd, 8639266.112, 140
Trd, 8639266.612, 139
Trd, 8639266.846, 126
Trd, 8639267.146, 140
Trd, 8639267.312, 139
Trd, 8639267.846, 140
Trd, 8639268.179, 138
Trd, 8639268.946, 140
Trd, 8639269.412, 140
Trd, 8639269.879, 140
Trd, 8639270.779, 115
Trd, 8639271.079, 120
Trd, 8639271.646, 136
Trd, 8639271.979, 140
Trd, 8639273.046, 140
Trd, 8639273.579, 140
Trd, 8639274.312, 140
Trd, 8639274.479, 140
Trd, 8639274.912, 140
Trd, 8639275.546, 139
Trd, 8639276.412, 140
Trd, 8639276.746, 140
Trd, 8639277.312, 140
Trd, 8639277.412, 140
Trd, 8639277.512, 138
Trd, 8639277.779, 138
Trd, 8639278.346, 140
Trd, 8639279.246, 140
Trd, 8639279.712, 140
Trd, 8639280.279, 140
Trd, 8639280.679, 140
Trd, 8639281.646, 140
Trd, 8639281.679, 140
Trd, 8639281.846, 125
Trd, 8639282.012, 140
Trd, 8639282.512, 68
Trd, 8639283.079, 140
Trd, 8639283.146, 140
Trd, 8639283.212, 140
Trd, 8639284.246, 140
Trd, 8639284.612, 139
Trd, 8639285.146, 139
Trd, 8639285.646, 140
Trd, 8639286.079, 140
Trd, 8639286.612, 140
Trd, 8639287.146, 140
Trd, 8639288.679, 140
Trd, 8639289.379, 140
Trd, 8639290.279, 140
Trd, 8639290.546, 140
Trd, 8639290.579, 140
Trd, 8639290.712, 140
Trd, 8639291.012, 140
Trd, 8639291.279, 139
Trd, 8639291.712, 140
Trd, 8639291.912, 140
Trd, 8639292.446, 140
Trd, 8639293.579, 140
Trd, 8639293.946, 139
Trd, 8639294.912, 139
Trd, 8639295.012, 139
Trd, 8639295.646, 140
Trd, 8639295.812, 139
Trd, 8639296.312, 140
Trd, 8639297.612, 140
Trd, 8639298.546, 140
Trd, 8639298.612, 139
Trd, 8639300.179, 140
Trd, 8639300.279, 138
Trd, 8639300.512, 114
Trd, 8639300.679, 73
Trd, 8639300.912, 94
Trd, 8639301.412, 140
Trd, 8639302.212, 140
Trd, 8639302.979, 140
Trd, 8639303.379, 140
Trd, 8639304.146, 140
Trd, 8639304.246, 140
Trd, 8639304.679, 139
Trd, 8639304.712, 137
Trd, 8639305.146, 139
Trd, 8639305.279, 139
Trd, 8639305.912, 140
Trd, 8639306.046, 139
Trd, 8639306.479, 125
Trd, 8639307.279, 138
Trd, 8639308.046, 140
Trd, 8639308.379, 140
Trd, 8639308.712, 140
Trd, 8639309.312, 140
Trd, 8639309.879, 139
Trd, 8639310.112, 139
Trd, 8639310.412, 105
Trd, 8639310.779, 137
Trd, 8639310.912, 139
Trd, 8639311.379, 139
Trd, 8639312.612, 140
Trd, 8639312.879, 140
Trd, 8639313.012, 140
Trd, 8639313.912, 140
Trd, 8639314.112, 140
Trd, 8639314.512, 140
Trd, 8639315.179, 140
Trd, 8639315.279, 122
Trd, 8639315.612, 139
Trd, 8639315.979, 129
Trd, 8639317.312, 140
Trd, 8639317.812, 140
Trd, 8639318.012, 138
Trd, 8639318.879, 140
Trd, 8639319.879, 140
Trd, 8639319.979, 140
Trd, 8639320.212, 140
Trd, 8639320.546, 140
Trd, 8639320.646, 139
Trd, 8639321.646, 140
Trd, 8639321.846, 139
Trd, 8639322.246, 140
Trd, 8639322.412, 125
Trd, 8639323.512, 100
Trd, 8639324.312, 140
Trd, 8639325.146, 140
Trd, 8639325.212, 140
Trd, 8639325.679, 140
Trd, 8639326.179, 140
Trd, 8639326.646, 140
Trd, 8639327.112, 140
Trd, 8639328.546, 140
Trd, 8639329.079, 140
Trd, 8639329.446, 140
Trd, 8639329.679, 140
Trd, 8639329.812, 140
Trd, 8639331.379, 140
Trd, 8639333.179, 140
Trd, 8639333.212, 140
Trd, 8639334.146, 140
Trd, 8639334.279, 140
Trd, 8639334.512, 140
Trd, 8639334.846, 140
Trd, 8639334.946, 139
Trd, 8639334.979, 139
Trd, 8639335.979, 140
Trd, 8639336.179, 139
Trd, 8639336.279, 138
Trd, 8639336.846, 139
Trd, 8639337.346, 140
Trd, 8639337.579, 139
Trd, 8639338.379, 140
Trd, 8639339.312, 140
Trd, 8639339.479, 140
Trd, 8639340.046, 140
Trd, 8639340.079, 140
Trd, 8639341.412, 140
Trd, 8639341.446, 140
Trd, 8639342.646, 140
Trd, 8639343.846, 140
Trd, 8639344.012, 140
Trd, 8639344.146, 140
Trd, 8639344.779, 140
Trd, 8639344.946, 139
Trd, 8639345.079, 139
Trd, 8639345.146, 135
Trd, 8639346.179, 140
Trd, 8639347.979, 140
Trd, 8639348.346, 140
Trd, 8639348.379, 139
Trd, 8639348.779, 140
Trd, 8639348.912, 139
Trd, 8639349.046, 135
Trd, 8639349.079, 140
Trd, 8639350.012, 137
Trd, 8639350.079, 105
Trd, 8639351.212, 140
Trd, 8639351.279, 140
Trd, 8639351.946, 139
Trd, 8639352.446, 139
Trd, 8639352.646, 139
Trd, 8639353.279, 140
Trd, 8639353.712, 139
Trd, 8639354.979, 140
Trd, 8639355.446, 140
Trd, 8639356.112, 140
Trd, 8639356.179, 140
Trd, 8639356.346, 137
Trd, 8639356.412, 136
Trd, 8639356.746, 126
Trd, 8639357.612, 140
Trd, 8639358.546, 140
Trd, 8639358.712, 140
Trd, 8639359.479, 140
Trd, 8639359.512, 140
Trd, 8639360.312, 140
Trd, 8639362.046, 140
Trd, 8639362.112, 140
Trd, 8639362.146, 140
Trd, 8639362.912, 140
Trd, 8639362.946, 140
Trd, 8639363.446, 140
Trd, 8639364.146, 140
Trd, 8639364.246, 138
Trd, 8639364.912, 140
Trd, 8639365.412, 140
Trd, 8639365.679, 140
Trd, 8639366.579, 140
Trd, 8639366.912, 140
Trd, 8639367.112, 139
Trd, 8639368.479, 140
Trd, 8639368.612, 140
Trd, 8639368.979, 140
Trd, 8639369.346, 140
Trd, 8639369.712, 140
Trd, 8639369.746, 140
Trd, 8639370.079, 139
Trd, 8639370.379, 139
Trd, 8639371.446, 140
Trd, 8639372.846, 140
Trd, 8639374.312, 140
Trd, 8639374.412, 140
Trd, 8639374.612, 139
Trd, 8639374.646, 138
Trd, 8639374.912, 117
Trd, 8639374.979, 137
Trd, 8639375.179, 97
Trd, 8639375.412, 61
Trd, 8639375.979, 116
Trd, 8639376.146, 140
Trd, 8639376.779, 138
Trd, 8639377.412, 140
Trd, 8639377.879, 140
Trd, 8639378.379, 140
Trd, 8639378.579, 138
Trd, 8639378.912, 140
Trd, 8639379.179, 140
Trd, 8639379.412, 140
Trd, 8639380.446, 139
Trd, 8639380.846, 134
Trd, 8639380.979, 121
Trd, 8639381.479, 138
Trd, 8639381.779, 138
Trd, 8639381.912, 138
Trd, 8639383.379, 71
Trd, 8639384.212, 66
Trd, 8639384.246, 79
Trd, 8639384.746, 63
Trd, 8639385.146, 69
Trd, 8639385.379, 89
Trd, 8639385.846, 139
Trd, 8639385.879, 138
Trd, 8639387.012, 139
Trd, 8639387.179, 138
Trd, 8639387.379, 86
Trd, 8639388.012, 140
Trd, 8639389.979, 140
Trd, 8639390.446, 140
Trd, 8639391.479, 140
Trd, 8639391.746, 140
Trd, 8639392.179, 140
Trd, 8639392.279, 140
Trd, 8639392.346, 140
Trd, 8639392.512, 139
Trd, 8639392.546, 139
Trd, 8639392.879, 140
Trd, 8639392.946, 139
Trd, 8639393.012, 138
Trd, 8639393.179, 70
Trd, 8639394.279, 105
Trd, 8639395.212, 62
Trd, 8639395.279, 62
Trd, 8639395.446, 64
Trd, 8639395.546, 118
Trd, 8639396.512, 140
Trd, 8639396.879, 140
Trd, 8639397.412, 140
Trd, 8639397.479, 140
Trd, 8639397.546, 140
Trd, 8639397.612, 139
Trd, 8639398.312, 140
Trd, 8639399.979, 140
Trd, 8639400.346, 140
Trd, 8639401.279, 140
Trd, 8639401.479, 139
Trd, 8639402.912, 140
Trd, 8639403.846, 140
Trd, 8639404.279, 140
Trd, 8639404.379, 140
Trd, 8639404.946, 140
Trd, 8639405.312, 140
Trd, 8639405.479, 140
Trd, 8639405.746, 139
Trd, 8639406.012, 139
Trd, 8639406.546, 139
Trd, 8639406.712, 136
Trd, 8639406.812, 127
Trd, 8639407.546, 93
Trd, 8639407.846, 140
Trd, 8639408.012, 140
Trd, 8639408.612, 140
Trd, 8639408.946, 140
Trd, 8639410.979, 140
Trd, 8639411.312, 140
Trd, 8639411.446, 140
Trd, 8639412.079, 140
Trd, 8639412.279, 136
Trd, 8639412.446, 124
Trd, 8639412.546, 116
Trd, 8639412.679, 80
Trd, 8639412.812, 83
Trd, 8639413.879, 140
Trd, 8639414.879, 140
Trd, 8639416.012, 140
Trd, 8639416.112, 140
Trd, 8639416.646, 140
Trd, 8639417.712, 140
Trd, 8639417.812, 140
Trd, 8639418.446, 140
Trd, 8639419.312, 140
Trd, 8639419.512, 140
Trd, 8639420.479, 140
Trd, 8639420.679, 140
Trd, 8639420.846, 140
Trd, 8639421.312, 140
Trd, 8639422.279, 140
Trd, 8639422.946, 140
Trd, 8639423.046, 140
Trd, 8639423.546, 140
Trd, 8639424.679, 140
Trd, 8639425.346, 140
Trd, 8639426.179, 140
Trd, 8639426.379, 140
Trd, 8639427.146, 140
Trd, 8639427.312, 140
Trd, 8639427.479, 140
Trd, 8639427.646, 139
Trd, 8639429.346, 140
Trd, 8639430.879, 140
Trd, 8639430.946, 140
Trd, 8639431.279, 140
Trd, 8639431.746, 140
Trd, 8639432.246, 140
Trd, 8639432.379, 140
Trd, 8639432.479, 140
Trd, 8639433.479, 140
Trd, 8639433.746, 140
Trd, 8639434.679, 140
Trd, 8639435.279, 140
Trd, 8639435.479, 140
Trd, 8639435.579, 140
Trd, 8639435.679, 140
Trd, 8639436.912, 140
Trd, 8639437.412, 140
Trd, 8639438.646, 140
Trd, 8639438.846, 139
Trd, 8639439.479, 140
Trd, 8639439.779, 140
Trd, 8639440.746, 140
Trd, 8639440.912, 140
Trd, 8639441.546, 140
Trd, 8639443.046, 140
Trd, 8639443.179, 140
Trd, 8639443.646, 140
Trd, 8639444.379, 140
Trd, 8639444.912, 139
Trd, 8639445.212, 137
Trd, 8639445.812, 137
Trd, 8639447.712, 140
Trd, 8639448.112, 140
Trd, 8639449.046, 140
Trd, 8639449.546, 140
Trd, 8639450.512, 140
Trd, 8639450.712, 140
Trd, 8639450.779, 140
Trd, 8639450.946, 137
Trd, 8639451.479, 140
Trd, 8639451.746, 125
Trd, 8639452.412, 140
Trd, 8639453.546, 140
Trd, 8639454.212, 140
Trd, 8639454.379, 138
Trd, 8639454.512, 137
Trd, 8639454.712, 137
Trd, 8639455.179, 140
Trd, 8639455.312, 140
Trd, 8639455.646, 139
Trd, 8639457.646, 140
Trd, 8639457.746, 140
Trd, 8639457.979, 139
Trd, 8639458.712, 140
Trd, 8639458.846, 140
Trd, 8639459.779, 140
Trd, 8639460.212, 140
Trd, 8639461.146, 140
Trd, 8639461.479, 140
Trd, 8639461.679, 140
Trd, 8639461.912, 140
Trd, 8639462.712, 140
Trd, 8639462.946, 140
Trd, 8639463.579, 139
Trd, 8639465.712, 140
Trd, 8639466.046, 140
Trd, 8639466.246, 140
Trd, 8639466.379, 139
Trd, 8639467.412, 140
Trd, 8639467.479, 140
Trd, 8639467.679, 140
Trd, 8639468.679, 140
Trd, 8639469.179, 140
Trd, 8639469.279, 140
Trd, 8639469.479, 139
Trd, 8639470.212, 140
Trd, 8639471.079, 140
Trd, 8639471.146, 139
Trd, 8639471.546, 140
Trd, 8639471.612, 140
Trd, 8639472.146, 140
Trd, 8639472.412, 140
Trd, 8639473.212, 140
Trd, 8639473.412, 140
Trd, 8639473.746, 140
Trd, 8639474.012, 139
Trd, 8639475.546, 140
Trd, 8639476.346, 140
Trd, 8639476.612, 140
Trd, 8639476.879, 140
Trd, 8639477.146, 140
Trd, 8639477.179, 139
Trd, 8639477.746, 140
Trd, 8639478.346, 140
Trd, 8639478.546, 140
Trd, 8639480.212, 140
Trd, 8639480.379, 140
Trd, 8639480.779, 139
Trd, 8639481.012, 140
Trd, 8639481.046, 138
Trd, 8639481.312, 125
Trd, 8639482.479, 140
Trd, 8639482.546, 138
Trd, 8639482.579, 138
Trd, 8639483.212, 140
Trd, 8639483.846, 139
Trd, 8639484.046, 139
Trd, 8639485.046, 140
Trd, 8639486.079, 140
Trd, 8639486.179, 140
Trd, 8639487.079, 140
Trd, 8639488.012, 140
Trd, 8639488.679, 140
Trd, 8639488.979, 140
Trd, 8639489.112, 140
Trd, 8639490.179, 140
Trd, 8639491.012, 140
Trd, 8639491.079, 140
Trd, 8639491.212, 140
Trd, 8639492.412, 140
Trd, 8639492.812, 139
Trd, 8639493.012, 139
Trd, 8639493.712, 140
Trd, 8639494.346, 140
Trd, 8639494.446, 140
Trd, 8639494.679, 140
Trd, 8639495.179, 140
Trd, 8639495.779, 140
Trd, 8639496.146, 139
Trd, 8639496.346, 139
Trd, 8639496.779, 140
Trd, 8639497.312, 140
Trd, 8639497.579, 140
Trd, 8639498.846, 140
Trd, 8639498.912, 140
Trd, 8639499.112, 140
Trd, 8639499.546, 139
Trd, 8639499.612, 138
Trd, 8639500.412, 140
Trd, 8639500.712, 140
Trd, 8639500.779, 140
Trd, 8639502.379, 140
Trd, 8639503.179, 140
Trd, 8639503.679, 140
Trd, 8639504.346, 140
Trd, 8639504.679, 140
Trd, 8639505.612, 140
Trd, 8639505.712, 140
Trd, 8639506.112, 140
Trd, 8639506.246, 139
Trd, 8639506.579, 126
Trd, 8639506.879, 125
Trd, 8639508.312, 140
Trd, 8639508.746, 140
Trd, 8639509.012, 140
Trd, 8639509.046, 139
Trd, 8639510.679, 140
Trd, 8639511.012, 140
Trd, 8639511.112, 140
Trd, 8639511.179, 139
Trd, 8639512.212, 135
Trd, 8639512.879, 140
Trd, 8639513.579, 138
Trd, 8639513.612, 135
Trd, 8639514.046, 139
Trd, 8639514.146, 140
Trd, 8639514.646, 138
Trd, 8639515.112, 137
Trd, 8639515.246, 125
Trd, 8639516.012, 140
Trd, 8639516.546, 140
Trd, 8639517.012, 140
Trd, 8639517.112, 140
Trd, 8639517.979, 140
Trd, 8639518.579, 140
Trd, 8639519.379, 140
Trd, 8639519.746, 140
Trd, 8639520.079, 139
Trd, 8639520.179, 140
Trd, 8639522.279, 140
Trd, 8639522.479, 140
Trd, 8639523.546, 140
Trd, 8639523.612, 140
Trd, 8639524.746, 140
Trd, 8639524.812, 140
Trd, 8639524.946, 140
Trd, 8639525.312, 139
Trd, 8639525.712, 105
Trd, 8639525.879, 124
Trd, 8639525.946, 81
Trd, 8639526.446, 140
Trd, 8639526.812, 140
Trd, 8639526.912, 87
Trd, 8639528.046, 139
Trd, 8639528.112, 138
Trd, 8639528.646, 140
Trd, 8639529.046, 140
Trd, 8639530.046, 140
Trd, 8639530.946, 140
Trd, 8639531.546, 140
Trd, 8639531.846, 140
Trd, 8639532.912, 140
Trd, 8639533.312, 139
Trd, 8639534.246, 139
Trd, 8639535.012, 139
Trd, 8639535.212, 140
Trd, 8639535.279, 137
Trd, 8639535.412, 101
Trd, 8639535.879, 60
Trd, 8639536.146, 61
Trd, 8639536.479, 64
Trd, 8639536.712, 140
Trd, 8639537.746, 140
Trd, 8639538.612, 140
Trd, 8639538.946, 140
Trd, 8639539.079, 140
Trd, 8639539.412, 140
Trd, 8639540.246, 138
Trd, 8639541.612, 140
Trd, 8639541.712, 140
Trd, 8639542.379, 140
Trd, 8639542.546, 139
Trd, 8639542.579, 137
Trd, 8639542.946, 130
Trd, 8639543.412, 140
Trd, 8639543.946, 139
Trd, 8639544.646, 139
Trd, 8639545.246, 140
Trd, 8639545.479, 140
Trd, 8639545.512, 139
Trd, 8639545.546, 139
Trd, 8639545.579, 138
Trd, 8639547.912, 140
Trd, 8639548.346, 140
Trd, 8639549.579, 140
Trd, 8639549.812, 140
Trd, 8639550.279, 139
Trd, 8639550.346, 138
Trd, 8639551.612, 140
Trd, 8639552.179, 140
Trd, 8639553.279, 140
Trd, 8639553.479, 140
Trd, 8639553.512, 140
Trd, 8639553.712, 140
Trd, 8639554.412, 140
Trd, 8639554.712, 140
Trd, 8639554.746, 140
Trd, 8639554.879, 140
Trd, 8639554.946, 140
Trd, 8639555.146, 139
Trd, 8639555.679, 140
Trd, 8639555.746, 139
Trd, 8639556.279, 138
Trd, 8639556.579, 140
Trd, 8639556.779, 138
Trd, 8639557.446, 140
Trd, 8639557.812, 140
Trd, 8639558.479, 140
Trd, 8639560.912, 140
Trd, 8639560.946, 140
Trd, 8639561.112, 140
Trd, 8639561.212, 140
Trd, 8639561.312, 138
Trd, 8639562.146, 140
Trd, 8639562.379, 140
Trd, 8639562.812, 139
Trd, 8639563.379, 140
Trd, 8639563.712, 140
Trd, 8639563.879, 140
Trd, 8639564.179, 133
Trd, 8639564.512, 125
Trd, 8639565.812, 140
Trd, 8639566.212, 139
Trd, 8639566.279, 138
Trd, 8639567.046, 140
Trd, 8639567.212, 140
Trd, 8639567.346, 140
Trd, 8639568.212, 140
Trd, 8639570.079, 140
Trd, 8639570.612, 140
Trd, 8639570.846, 140
Trd, 8639570.912, 140
Trd, 8639571.379, 140
Trd, 8639571.879, 140
Trd, 8639572.046, 139
Trd, 8639572.779, 140
Trd, 8639573.079, 138
Trd, 8639573.812, 139
Trd, 8639574.946, 140
Trd, 8639575.079, 139
Trd, 8639576.246, 140
Trd, 8639576.512, 140
Trd, 8639577.346, 140
Trd, 8639577.412, 140
Trd, 8639577.446, 140
Trd, 8639577.512, 139
Trd, 8639578.246, 140
Trd, 8639578.312, 140
Trd, 8639579.012, 140
Trd, 8639579.346, 139
Trd, 8639580.112, 140
Trd, 8639580.546, 138
Trd, 8639582.246, 140
Trd, 8639582.479, 140
Trd, 8639582.979, 140
Trd, 8639583.046, 140
Trd, 8639583.379, 140
Trd, 8639583.446, 140
Trd, 8639584.046, 138
Trd, 8639584.112, 138
Trd, 8639585.179, 140
Trd, 8639585.279, 139
Trd, 8639585.646, 136
Trd, 8639586.279, 139
Trd, 8639586.312, 136
Trd, 8639586.646, 123
Trd, 8639586.812, 140
Trd, 8639587.546, 138
Trd, 8639588.546, 140
Trd, 8639588.579, 140
Trd, 8639588.812, 140
Trd, 8639589.212, 139
Trd, 8639590.046, 136
Trd, 8639590.479, 140
Trd, 8639590.512, 139
Trd, 8639591.846, 139
Trd, 8639592.179, 140
Trd, 8639592.546, 140
Trd, 8639594.979, 140
Trd, 8639595.412, 140
Trd, 8639595.812, 140
Trd, 8639596.312, 140
Trd, 8639596.479, 140
Trd, 8639597.646, 140
Trd, 8639597.746, 140
Trd, 8639597.879, 140
Trd, 8639598.479, 140
Trd, 8639600.079, 140
Trd, 8639600.179, 140
Trd, 8639600.712, 140
Trd, 8639602.846, 140
Trd, 8639603.612, 140
Trd, 8639603.946, 140
Trd, 8639604.279, 140
Trd, 8639604.412, 140
Trd, 8639605.312, 140
Trd, 8639605.512, 140
Trd, 8639606.112, 140
Trd, 8639606.646, 140
Trd, 8639606.746, 140
Trd, 8639608.246, 140
Trd, 8639608.512, 139
Trd, 8639608.779, 140
Trd, 8639609.112, 140
Trd, 8639609.646, 140
Trd, 8639609.979, 140
Trd, 8639610.079, 140
Trd, 8639610.446, 140
Trd, 8639611.379, 140
Trd, 8639611.679, 140
Trd, 8639611.712, 140
Trd, 8639612.312, 140
Trd, 8639613.146, 140
Trd, 8639613.479, 140
Trd, 8639613.546, 140
Trd, 8639613.646, 139
Trd, 8639614.512, 140
Trd, 8639615.446, 140
Trd, 8639615.646, 140
Trd, 8639616.312, 140
Trd, 8639617.112, 140
Trd, 8639618.279, 140
Trd, 8639618.446, 140
Trd, 8639618.646, 139
Trd, 8639619.112, 137
Trd, 8639619.946, 140
Trd, 8639620.212, 140
Trd, 8639620.646, 140
Trd, 8639620.912, 140
Trd, 8639621.146, 139
Trd, 8639621.979, 140
Trd, 8639622.046, 139
Trd, 8639622.646, 136
Trd, 8639622.812, 130
Trd, 8639622.846, 124
Trd, 8639623.946, 60
Trd, 8639624.379, 140
Trd, 8639625.079, 140
Trd, 8639625.279, 140
Trd, 8639627.646, 140
Trd, 8639628.246, 140
Trd, 8639628.279, 140
Trd, 8639628.612, 140
Trd, 8639629.079, 140
Trd, 8639629.679, 140
Trd, 8639629.846, 139
Trd, 8639630.812, 140
Trd, 8639631.279, 140
Trd, 8639631.746, 140
Trd, 8639632.146, 140
Trd, 8639632.646, 140
Trd, 8639632.946, 140
Trd, 8639633.479, 139
Trd, 8639633.546, 139
Trd, 8639633.812, 139
Trd, 8639634.079, 138
Trd, 8639634.279, 121
Trd, 8639634.646, 139
Trd, 8639634.746, 70
Trd, 8639635.379, 140
Trd, 8639636.279, 140
Trd, 8639636.446, 140
Trd, 8639637.712, 140
Trd, 8639637.779, 140
Trd, 8639638.079, 136
Trd, 8639639.279, 140
Trd, 8639639.479, 140
Trd, 8639640.046, 140
Trd, 8639640.346, 137
Trd, 8639640.812, 140
Trd, 8639640.946, 119
Trd, 8639641.079, 113
Trd, 8639641.479, 110
Trd, 8639641.712, 113
Trd, 8639641.879, 140
Trd, 8639642.646, 140
Trd, 8639642.812, 139
Trd, 8639643.679, 140
Trd, 8639643.846, 137
Trd, 8639644.246, 135
Trd, 8639644.879, 139
Trd, 8639645.079, 140
Trd, 8639646.779, 140
Trd, 8639647.679, 140
Trd, 8639647.712, 140
Trd, 8639647.779, 140
Trd, 8639647.846, 140
Trd, 8639648.046, 139
Trd, 8639648.179, 139
Trd, 8639648.579, 140
Trd, 8639649.046, 140
Trd, 8639650.179, 140
Trd, 8639650.546, 139
Trd, 8639651.312, 140
Trd, 8639651.612, 139
Trd, 8639652.146, 140
Trd, 8639652.446, 140
Trd, 8639652.746, 140
Trd, 8639652.946, 134
Trd, 8639653.579, 139
Trd, 8639654.479, 140
Trd, 8639655.979, 140
Trd, 8639656.079, 140
Trd, 8639656.179, 140
Trd, 8639656.379, 139
Trd, 8639656.879, 138
Trd, 8639657.146, 132
Trd, 8639657.346, 125
Trd, 8639657.879, 140
Trd, 8639658.079, 104
Trd, 8639659.112, 140
Trd, 8639659.612, 140
Trd, 8639659.779, 139
Trd, 8639660.746, 140
Trd, 8639661.446, 140
Trd, 8639661.646, 140
Trd, 8639662.279, 140
Trd, 8639662.946, 140
Trd, 8639663.046, 140
Trd, 8639663.912, 140
Trd, 8639664.612, 140
Trd, 8639665.046, 140
Trd, 8639665.246, 140
Trd, 8639665.546, 140
Trd, 8639666.546, 140
Trd, 8639668.112, 140
Trd, 8639668.412, 139
Trd, 8639668.846, 140
Trd, 8639669.246, 140
Trd, 8639669.346, 140
Trd, 8639669.646, 140
Trd, 8639669.779, 140
Trd, 8639669.846, 139
Trd, 8639670.946, 140
Trd, 8639671.246, 140
Trd, 8639671.546, 139
Trd, 8639672.179, 140
Trd, 8639672.579, 126
Trd, 8639672.712, 117
Trd, 8639673.379, 139
Trd, 8639673.446, 81
Trd, 8639673.879, 132
Trd, 8639674.012, 139
Trd, 8639674.512, 137
Trd, 8639675.112, 140
Trd, 8639675.279, 140
Trd, 8639675.546, 63
Trd, 8639676.379, 140
Trd, 8639677.746, 140
Trd, 8639677.879, 140
Trd, 8639678.146, 140
Trd, 8639678.446, 140
Trd, 8639678.612, 140
Trd, 8639678.812, 139
Trd, 8639679.112, 138
Trd, 8639679.212, 137
Trd, 8639680.212, 136
Trd, 8639680.779, 139
Trd, 8639681.312, 140
Trd, 8639681.546, 140
Trd, 8639682.546, 140
Trd, 8639682.612, 126
Trd, 8639682.779, 140
Trd, 8639684.246, 140
Trd, 8639684.379, 139
Trd, 8639684.912, 140
Trd, 8639685.279, 139
Trd, 8639685.979, 139
Trd, 8639686.479, 140
Trd, 8639686.646, 138
Trd, 8639686.979, 119
Trd, 8639687.246, 65
Trd, 8639687.412, 64
Trd, 8639688.712, 140
Trd, 8639689.046, 140
Trd, 8639689.412, 138
Trd, 8639689.546, 138
Trd, 8639689.612, 137
Trd, 8639690.412, 139
Trd, 8639690.879, 138
Trd, 8639691.279, 140
Trd, 8639691.879, 138
Trd, 8639691.979, 138
Trd, 8639692.346, 140
Trd, 8639692.679, 135
Trd, 8639692.979, 103
Trd, 8639693.279, 139
Trd, 8639693.679, 136
Trd, 8639694.246, 139
Trd, 8639694.446, 140
Trd, 8639694.612, 140
Trd, 8639694.979, 140
Trd, 8639695.446, 135
Trd, 8639695.812, 134
Trd, 8639696.012, 122
Trd, 8639696.479, 139
Trd, 8639697.946, 140
Trd, 8639698.779, 140
Trd, 8639699.312, 140
Trd, 8639699.579, 140
Trd, 8639700.079, 140
Trd, 8639700.212, 140
Trd, 8639700.246, 139
Trd, 8639701.012, 138
Trd, 8639701.146, 139
Trd, 8639701.979, 140
Trd, 8639702.112, 139
Trd, 8639702.412, 138
Trd, 8639704.646, 140
Trd, 8639705.012, 140
Trd, 8639705.079, 140
Trd, 8639705.179, 139
Trd, 8639705.779, 140
Trd, 8639706.146, 140
Trd, 8639706.312, 140
Trd, 8639706.812, 139
Trd, 8639706.912, 138
Trd, 8639707.246, 140
Trd, 8639708.079, 140
Trd, 8639709.379, 140
Trd, 8639709.679, 140
Trd, 8639709.879, 140
Trd, 8639710.446, 139
Trd, 8639710.846, 140
Trd, 8639711.279, 140
Trd, 8639713.946, 140
Trd, 8639714.446, 140
Trd, 8639714.846, 140
Trd, 8639714.979, 140
Trd, 8639715.212, 140
Trd, 8639715.712, 140
Trd, 8639715.812, 140
Trd, 8639715.846, 140
Trd, 8639715.979, 139
Trd, 8639717.279, 139
Trd, 8639718.779, 140
Trd, 8639719.512, 140
Trd, 8639719.712, 140
Trd, 8639720.279, 140
Trd, 8639720.512, 140
Trd, 8639720.646, 140
Trd, 8639720.912, 140
Trd, 8639721.012, 139
Trd, 8639721.946, 140
Trd, 8639721.979, 140
Trd, 8639722.279, 130
Trd, 8639722.746, 137
Trd, 8639723.579, 140
Trd, 8639723.912, 138
Trd, 8639724.446, 136
Trd, 8639724.646, 138
Trd, 8639724.879, 111
Trd, 8639725.512, 140
Trd, 8639725.979, 140
Trd, 8639726.146, 139
Trd, 8639726.279, 128
Trd, 8639726.479, 127
Trd, 8639726.646, 101
Trd, 8639728.612, 140
Trd, 8639728.846, 140
Trd, 8639729.146, 139
Trd, 8639729.246, 140
Trd, 8639730.479, 140
Trd, 8639730.679, 139
Trd, 8639731.512, 140
Trd, 8639731.746, 140
Trd, 8639732.112, 140
Trd, 8639732.212, 138
Trd, 8639732.746, 140
Trd, 8639733.012, 135
Trd, 8639733.612, 140
Trd, 8639734.979, 140
Trd, 8639735.179, 140
Trd, 8639736.746, 140
Trd, 8639737.246, 140
Trd, 8639737.546, 139
Trd, 8639737.612, 139
Trd, 8639737.646, 139
Trd, 8639739.312, 140
Trd, 8639739.746, 140
Trd, 8639740.246, 140
Trd, 8639740.746, 140
Trd, 8639740.779, 140
Trd, 8639741.846, 140
Trd, 8639743.179, 140
Trd, 8639743.612, 140
Trd, 8639743.679, 140
Trd, 8639744.212, 140
Trd, 8639744.646, 140
Trd, 8639745.212, 139
Trd, 8639745.279, 138
Trd, 8639746.146, 140
Trd, 8639746.179, 137
Trd, 8639746.279, 131
Trd, 8639746.612, 140
Trd, 8639746.979, 140
Trd, 8639747.312, 139
Trd, 8639748.279, 137
Trd, 8639749.146, 140
Trd, 8639750.179, 140
Trd, 8639750.412, 140
Trd, 8639750.679, 140
Trd, 8639750.879, 139
Trd, 8639752.379, 140
Trd, 8639752.779, 140
Trd, 8639753.446, 140
Trd, 8639753.879, 140
Trd, 8639754.346, 140
Trd, 8639755.112, 140
Trd, 8639755.946, 140
Trd, 8639756.846, 140
Trd, 8639757.379, 140
Trd, 8639757.579, 140
Trd, 8639757.979, 140
Trd, 8639758.846, 140
Trd, 8639758.879, 138
Trd, 8639759.712, 140
Trd, 8639760.812, 140
Trd, 8639761.412, 140
Trd, 8639761.679, 140
Trd, 8639761.946, 139
Trd, 8639763.446, 140
Trd, 8639763.512, 140
Trd, 8639764.012, 140
Trd, 8639764.446, 140
Trd, 8639764.612, 140
Trd, 8639764.712, 139
Trd, 8639764.979, 139
Trd, 8639765.079, 140
Trd, 8639765.412, 140
Trd, 8639766.479, 140
Trd, 8639767.279, 140
Trd, 8639767.746, 138
Trd, 8639767.846, 138
Trd, 8639769.046, 140
Trd, 8639769.912, 140
Trd, 8639770.112, 138
Trd, 8639771.046, 140
Trd, 8639771.479, 140
Trd, 8639772.746, 140
Trd, 8639772.812, 139
Trd, 8639772.846, 139
Trd, 8639773.512, 140
Trd, 8639773.946, 140
Trd, 8639774.212, 140
Trd, 8639774.246, 139
Trd, 8639774.479, 140
Trd, 8639774.879, 96
Trd, 8639775.146, 124
Trd, 8639775.179, 125
Trd, 8639776.412, 139
Trd, 8639776.946, 140
Trd, 8639777.112, 139
Trd, 8639777.846, 123
Trd, 8639778.279, 114
Trd, 8639778.912, 140
Trd, 8639780.079, 140
Trd, 8639780.579, 140
Trd, 8639781.146, 140
Trd, 8639781.212, 140
Trd, 8639781.346, 140
Trd, 8639781.579, 140
Trd, 8639782.146, 139
Trd, 8639782.646, 140
Trd, 8639783.646, 140
Trd, 8639783.912, 139
Trd, 8639784.312, 139
Trd, 8639784.446, 139
Trd, 8639785.879, 140
Trd, 8639785.912, 140
Trd, 8639786.946, 140
Trd, 8639787.012, 140
Trd, 8639787.212, 140
Trd, 8639787.612, 140
Trd, 8639787.746, 139
Trd, 8639788.379, 140
Trd, 8639789.346, 140
Trd, 8639789.579, 140
Trd, 8639789.712, 139
Trd, 8639789.779, 139
Trd, 8639789.979, 137
Trd, 8639790.912, 140
Trd, 8639791.979, 140
Trd, 8639792.046, 139
Trd, 8639792.946, 116
Trd, 8639793.012, 140
Trd, 8639793.779, 140
Trd, 8639793.879, 140
Trd, 8639794.012, 139
Trd, 8639794.512, 137
Trd, 8639796.212, 139
Trd, 8639796.279, 139
Trd, 8639796.679, 140
Trd, 8639796.712, 140
Trd, 8639797.112, 140
Trd, 8639797.279, 140
Trd, 8639798.646, 138
Trd, 8639798.746, 106
Trd, 8639799.512, 139
Trd, 8639799.612, 138
Trd, 8639799.746, 138
Trd, 8639799.912, 139
Trd, 8639800.646, 97
Trd, 8639801.046, 60
Trd, 8639801.279, 77
Trd, 8639802.346, 140
Trd, 8639803.246, 71
Trd, 8639803.779, 140
Trd, 8639804.079, 139
Trd, 8639804.546, 140
Trd, 8639804.879, 140
Trd, 8639805.546, 139
Trd, 8639805.746, 140
Trd, 8639807.146, 140
Trd, 8639807.179, 138
Trd, 8639807.979, 140
Trd, 8639808.046, 139
Trd, 8639808.846, 60
Trd, 8639809.279, 61
Trd, 8639809.379, 61
Trd, 8639809.646, 62
Trd, 8639809.746, 78
Trd, 8639809.879, 118
Trd, 8639810.746, 140
Trd, 8639812.612, 140
Trd, 8639813.146, 140
Trd, 8639813.312, 140
Trd, 8639814.646, 140
Trd, 8639814.879, 139
Trd, 8639815.046, 138
Trd, 8639816.012, 140
Trd, 8639816.279, 139
Trd, 8639816.612, 140
Trd, 8639817.412, 140
Trd, 8639817.446, 139
Trd, 8639817.879, 127
Trd, 8639818.112, 124
Trd, 8639818.479, 140
Trd, 8639819.312, 140
Trd, 8639819.979, 138
Trd, 8639820.312, 136
Trd, 8639821.579, 140
Trd, 8639821.812, 140
Trd, 8639822.546, 140
Trd, 8639823.746, 140
Trd, 8639824.146, 140
Trd, 8639824.246, 140
Trd, 8639824.479, 140
Trd, 8639825.279, 140
Trd, 8639825.479, 140
Trd, 8639825.579, 140
Trd, 8639826.146, 140
Trd, 8639826.279, 140
Trd, 8639827.912, 140
Trd, 8639828.579, 140
Trd, 8639829.246, 140
Trd, 8639829.279, 140
Trd, 8639829.546, 140
Trd, 8639830.846, 140
Trd, 8639831.046, 140
Trd, 8639831.179, 139
Trd, 8639831.479, 139
Trd, 8639832.012, 138
Trd, 8639833.046, 140
Trd, 8639833.912, 140
Trd, 8639835.379, 140
Trd, 8639835.412, 140
Trd, 8639835.479, 139
Trd, 8639835.779, 140
Trd, 8639835.912, 140
Trd, 8639836.479, 140
Trd, 8639836.512, 140
Trd, 8639836.879, 140
Trd, 8639838.312, 140
Trd, 8639838.646, 140
Trd, 8639840.079, 140
Trd, 8639840.646, 140
Trd, 8639842.212, 140
Trd, 8639842.612, 140
Trd, 8639843.112, 140
Trd, 8639843.479, 140
Trd, 8639843.512, 140
Trd, 8639844.679, 140
Trd, 8639844.979, 138
Trd, 8639845.079, 138
Trd, 8639845.646, 137
Trd, 8639845.679, 125
Trd, 8639846.046, 139
Trd, 8639846.212, 138
Trd, 8639846.379, 140
Trd, 8639846.746, 136
Trd, 8639846.812, 117
Trd, 8639847.646, 140
Trd, 8639848.012, 139
Trd, 8639849.746, 140
Trd, 8639849.846, 140
Trd, 8639849.946, 140
Trd, 8639850.912, 140
Trd, 8639851.446, 140
Trd, 8639851.646, 140
Trd, 8639852.079, 140
Trd, 8639852.212, 139
Trd, 8639852.546, 137
Trd, 8639852.812, 108
Trd, 8639852.846, 138
Trd, 8639854.079, 140
Trd, 8639854.279, 139
Trd, 8639854.579, 137
Trd, 8639854.879, 127
Trd, 8639855.112, 134
Trd, 8639855.412, 136
Trd, 8639856.246, 138
Trd, 8639856.979, 140
Trd, 8639857.079, 140
Trd, 8639857.279, 140
Trd, 8639857.779, 140
Trd, 8639858.012, 138
Trd, 8639858.746, 140
Trd, 8639859.412, 124
Trd, 8639860.312, 140
Trd, 8639860.346, 140
Trd, 8639861.179, 140
Trd, 8639862.179, 140
Trd, 8639862.746, 140
Trd, 8639863.579, 140
Trd, 8639863.812, 139
Trd, 8639865.179, 140
Trd, 8639865.812, 140
Trd, 8639865.979, 139
Trd, 8639867.512, 140
Trd, 8639867.679, 140
Trd, 8639868.046, 140
Trd, 8639868.112, 140
Trd, 8639868.346, 139
Trd, 8639869.112, 140
Trd, 8639869.179, 139
Trd, 8639869.846, 140
Trd, 8639869.946, 140
Trd, 8639870.179, 140
Trd, 8639871.212, 140
Trd, 8639871.446, 140
Trd, 8639872.179, 140
Trd, 8639872.812, 140
Trd, 8639874.246, 140
Trd, 8639874.279, 140
Trd, 8639874.846, 140
Trd, 8639875.146, 139
Trd, 8639875.346, 125
Trd, 8639875.512, 73
Trd, 8639875.946, 139
Trd, 8639876.579, 140
Trd, 8639876.879, 140
Trd, 8639877.279, 139
Trd, 8639877.512, 140
Trd, 8639878.312, 140
Trd, 8639879.179, 140
Trd, 8639879.679, 140
Trd, 8639880.146, 140
Trd, 8639880.746, 140
Trd, 8639881.446, 140
Trd, 8639881.846, 140
Trd, 8639882.379, 140
Trd, 8639883.146, 140
Trd, 8639884.279, 140
Trd, 8639884.879, 140
Trd, 8639885.179, 140
Trd, 8639885.212, 140
Trd, 8639885.879, 140
Trd, 8639886.146, 140
Trd, 8639886.712, 140
Trd, 8639886.812, 139
Trd, 8639887.012, 139
Trd, 8639887.312, 125
Trd, 8639887.979, 140
Trd, 8639888.012, 140
Trd, 8639888.746, 140
Trd, 8639888.912, 139
Trd, 8639889.346, 137
Trd, 8639889.546, 140
Trd, 8639891.046, 140
Trd, 8639891.946, 140
Trd, 8639892.212, 140
Trd, 8639892.279, 140
Trd, 8639892.779, 140
Trd, 8639893.146, 140
Trd, 8639893.479, 139
Trd, 8639893.779, 136
Trd, 8639894.746, 140
Trd, 8639896.146, 140
Trd, 8639896.412, 140
Trd, 8639897.112, 140
Trd, 8639897.612, 140
Trd, 8639898.246, 140
Trd, 8639899.012, 140
Trd, 8639899.412, 140
Trd, 8639899.446, 140
Trd, 8639899.746, 139
Trd, 8639900.146, 140
Trd, 8639900.279, 138
Trd, 8639900.479, 126
Trd, 8639902.012, 92
Trd, 8639902.146, 90
Trd, 8639902.746, 140
Trd, 8639902.979, 140
Trd, 8639903.012, 140
Trd, 8639905.046, 140
Trd, 8639905.146, 140
Trd, 8639905.546, 139
Trd, 8639905.812, 138
Trd, 8639905.979, 139
Trd, 8639906.279, 140
Trd, 8639906.746, 70
Trd, 8639907.046, 63
Trd, 8639907.279, 140
Trd, 8639907.546, 139
Trd, 8639907.946, 99
Trd, 8639909.279, 139
Trd, 8639910.546, 140
Trd, 8639910.979, 140
Trd, 8639911.112, 140
Trd, 8639911.546, 138
Trd, 8639912.012, 140
Trd, 8639912.412, 140
Trd, 8639912.546, 139
Trd, 8639913.279, 140
Trd, 8639914.012, 140
Trd, 8639914.146, 137
Trd, 8639914.446, 140
Trd, 8639914.579, 139
Trd, 8639916.246, 140
Trd, 8639916.346, 140
Trd, 8639916.646, 140
Trd, 8639916.846, 140
Trd, 8639917.479, 140
Trd, 8639918.179, 140
Trd, 8639918.679, 140
Trd, 8639919.379, 140
Trd, 8639919.912, 139
Trd, 8639920.312, 140
Trd, 8639920.446, 139
Trd, 8639920.979, 139
Trd, 8639921.146, 139
Trd, 8639922.146, 140
Trd, 8639922.879, 140
Trd, 8639923.379, 140
Trd, 8639923.512, 140
Trd, 8639924.079, 140
Trd, 8639925.212, 140
Trd, 8639925.479, 140
Trd, 8639925.912, 140
Trd, 8639926.346, 140
Trd, 8639926.479, 115
Trd, 8639926.779, 140
Trd, 8639927.612, 140
Trd, 8639927.679, 140
Trd, 8639928.712, 139
Trd, 8639929.246, 140
Trd, 8639929.879, 139
Trd, 8639929.946, 138
Trd, 8639930.279, 140
Trd, 8639931.679, 140
Trd, 8639932.279, 140
Trd, 8639932.612, 140
Trd, 8639932.779, 140
Trd, 8639933.112, 140
Trd, 8639933.179, 138
Trd, 8639933.679, 140
Trd, 8639934.079, 136
Trd, 8639935.346, 140
Trd, 8639936.112, 140
Trd, 8639936.146, 140
Trd, 8639936.712, 140
Trd, 8639937.279, 140
Trd, 8639937.346, 139
Trd, 8639937.846, 140
Trd, 8639938.046, 139
Trd, 8639938.846, 139
Trd, 8639939.046, 123
Trd, 8639939.079, 140
Trd, 8639939.379, 135
Trd, 8639940.412, 139
Trd, 8639940.546, 140
Trd, 8639941.079, 139
Trd, 8639941.279, 138
Trd, 8639941.346, 138
Trd, 8639941.612, 139
Trd, 8639942.512, 138
Trd, 8639942.546, 125
Trd, 8639943.712, 139
Trd, 8639944.079, 138
Trd, 8639944.679, 139
Trd, 8639944.779, 137
Trd, 8639945.812, 140
Trd, 8639946.779, 140
Trd, 8639946.979, 140
Trd, 8639947.512, 140
Trd, 8639948.879, 140
Trd, 8639948.912, 140
Trd, 8639949.279, 140
Trd, 8639950.146, 140
Trd, 8639950.746, 140
Trd, 8639950.779, 140
Trd, 8639951.112, 140
Trd, 8639952.212, 140
Trd, 8639952.912, 140
Trd, 8639953.279, 140
Trd, 8639953.479, 139
Trd, 8639954.246, 140
Trd, 8639954.846, 140
Trd, 8639955.312, 138
Trd, 8639955.879, 140
Trd, 8639956.046, 139
Trd, 8639957.679, 140
Trd, 8639958.212, 140
Trd, 8639958.546, 140
Trd, 8639958.579, 139
Trd, 8639958.612, 139
Trd, 8639958.979, 139
Trd, 8639960.179, 140
Trd, 8639960.479, 140
Trd, 8639960.579, 140
Trd, 8639960.779, 139
Trd, 8639961.512, 139
Trd, 8639961.546, 139
Trd, 8639962.179, 140
Trd, 8639962.846, 140
Trd, 8639963.446, 140
Trd, 8639964.312, 140
Trd, 8639964.546, 140
Trd, 8639965.079, 140
Trd, 8639965.579, 140
Trd, 8639966.512, 140
Trd, 8639967.879, 140
Trd, 8639968.812, 140
Trd, 8639968.912, 140
Trd, 8639969.379, 140
Trd, 8639970.212, 140
Trd, 8639970.346, 140
Trd, 8639970.846, 140
Trd, 8639971.146, 140
Trd, 8639972.246, 140
Trd, 8639972.912, 139
Trd, 8639973.179, 139
Trd, 8639973.412, 139
Trd, 8639974.112, 140
Trd, 8639974.646, 140
Trd, 8639974.946, 140
Trd, 8639975.179, 140
Trd, 8639975.512, 140
Trd, 8639975.679, 130
Trd, 8639975.746, 118
Trd, 8639976.812, 121
Trd, 8639976.979, 122
Trd, 8639977.012, 107
Trd, 8639977.112, 136
Trd, 8639978.046, 140
Trd, 8639978.412, 94
Trd, 8639979.012, 140
Trd, 8639979.346, 140
Trd, 8639979.912, 140
Trd, 8639980.912, 139
Trd, 8639980.946, 138
Trd, 8639981.012, 138
Trd, 8639981.812, 137
Trd, 8639982.979, 140
Trd, 8639983.212, 140
Trd, 8639983.612, 140
Trd, 8639983.879, 140
Trd, 8639984.012, 139
Trd, 8639984.112, 138
Trd, 8639984.846, 140
Trd, 8639985.646, 140
Trd, 8639985.979, 139
Trd, 8639986.112, 138
Trd, 8639986.146, 137
Trd, 8639986.179, 125
Trd, 8639986.846, 137
Trd, 8639987.812, 140
Trd, 8639987.912, 140
Trd, 8639989.046, 139
Trd, 8639989.346, 140
Trd, 8639989.546, 139
Trd, 8639990.279, 139
Trd, 8639991.112, 140
Trd, 8639991.912, 140
Trd, 8639992.379, 140
Trd, 8639992.446, 139
Trd, 8639992.746, 137
Trd, 8639993.279, 140
Trd, 8639993.479, 140
Trd, 8639994.079, 140
Trd, 8639994.712, 139
Trd, 8639994.879, 139
Trd, 8639995.712, 140
Trd, 8639996.012, 138
Trd, 8639996.612, 140
Trd, 8639996.879, 126
Trd, 8639997.212, 114
Trd, 8639997.346, 63
Trd, 8639998.179, 140
Trd, 8639998.412, 140
Trd, 8639999.912, 140
