Trd, 4318193.643, 62
Trd, 4318194.193, 61
Trd, 4318194.793, 138
Trd, 4318195.093, 88
Trd, 4318195.593, 140
Trd, 4318195.843, 115
Trd, 4318197.243, 64
Trd, 4318197.793, 113
Trd, 4318199.243, 60
Trd, 4318199.293, 64
Trd, 4318200.893, 140
Trd, 4318201.443, 140
Trd, 4318201.843, 140
Trd, 4318202.843, 139
Trd, 4318203.143, 107
Trd, 4318203.293, 67
Trd, 4318203.843, 62
Trd, 4318205.243, 140
Trd, 4318205.393, 140
Trd, 4318205.843, 124
Trd, 4318205.893, 64
Trd, 4318206.293, 61
Trd, 4318206.893, 127
Trd, 4318207.593, 61
Trd, 4318209.543, 140
Trd, 4318209.843, 140
Trd, 4318209.893, 140
Trd, 4318211.093, 140
Trd, 4318211.193, 140
Trd, 4318211.543, 121
Trd, 4318211.993, 138
Trd, 4318212.393, 90
Trd, 4318212.593, 71
Trd, 4318213.593, 139
Trd, 4318214.393, 111
Trd, 4318214.643, 78
Trd, 4318215.943, 140
Trd, 4318216.943, 139
Trd, 4318218.493, 130
Trd, 4318218.793, 131
Trd, 4318218.943, 130
Trd, 4318219.493, 134
Trd, 4318219.793, 103
Trd, 4318219.843, 89
Trd, 4318220.193, 88
Trd, 4318220.943, 140
Trd, 4318221.493, 125
Trd, 4318222.043, 140
Trd, 4318222.693, 138
Trd, 4318223.393, 140
Trd, 4318223.443, 138
Trd, 4318224.193, 67
Trd, 4318225.343, 69
Trd, 4318225.643, 60
Trd, 4318225.993, 65
Trd, 4318226.243, 117
Trd, 4318226.793, 62
Trd, 4318227.193, 62
Trd, 4318229.443, 61
Trd, 4318229.743, 65
Trd, 4318230.193, 60
Trd, 4318231.243, 66
Trd, 4318231.543, 83
Trd, 4318232.393, 60
Trd, 4318233.193, 140
Trd, 4318233.593, 140
Trd, 4318234.093, 79
Trd, 4318234.293, 78
Trd, 4318235.093, 92
Trd, 4318236.093, 140
Trd, 4318236.293, 96
Trd, 4318236.993, 64
Trd, 4318237.193, 63
Trd, 4318237.793, 140
Trd, 4318237.893, 140
Trd, 4318238.543, 140
Trd, 4318238.793, 139
Trd, 4318239.493, 137
Trd, 4318240.993, 138
Trd, 4318241.543, 132
Trd, 4318242.093, 123
Trd, 4318242.143, 105
Trd, 4318245.093, 139
Trd, 4318245.193, 135
Trd, 4318245.693, 140
Trd, 4318246.043, 112
Trd, 4318246.143, 119
Trd, 4318247.793, 140
Trd, 4318248.543, 139
Trd, 4318249.493, 139
Trd, 4318249.793, 97
Trd, 4318250.343, 140
Trd, 4318250.543, 134
Trd, 4318250.593, 63
Trd, 4318251.243, 140
Trd, 4318251.493, 122
Trd, 4318251.543, 119
Trd, 4318252.143, 60
Trd, 4318253.743, 93
Trd, 4318253.843, 90
Trd, 4318253.893, 81
Trd, 4318254.843, 140
Trd, 4318256.293, 140
Trd, 4318257.793, 136
Trd, 4318258.143, 140
Trd, 4318259.043, 139
Trd, 4318260.093, 118
Trd, 4318260.143, 102
Trd, 4318260.593, 138
Trd, 4318261.243, 131
Trd, 4318261.793, 68
Trd, 4318261.943, 83
Trd, 4318263.193, 61
Trd, 4318263.343, 64
Trd, 4318263.943, 65
Trd, 4318264.293, 130
Trd, 4318264.543, 140
Trd, 4318264.843, 105
Trd, 4318265.193, 97
Trd, 4318265.743, 140
Trd, 4318266.893, 62
Trd, 4318268.193, 64
Trd, 4318269.043, 64
Trd, 4318269.493, 60
Trd, 4318270.693, 63
Trd, 4318270.993, 61
Trd, 4318271.893, 63
Trd, 4318272.493, 60
Trd, 4318273.143, 64
Trd, 4318273.543, 140
Trd, 4318273.743, 113
Trd, 4318273.793, 112
Trd, 4318274.993, 62
Trd, 4318275.393, 134
Trd, 4318275.943, 139
Trd, 4318276.693, 139
Trd, 4318277.293, 112
Trd, 4318278.093, 63
Trd, 4318278.293, 67
Trd, 4318279.193, 139
Trd, 4318279.493, 140
Trd, 4318281.393, 140
Trd, 4318281.843, 140
Trd, 4318282.393, 114
Trd, 4318282.643, 139
Trd, 4318282.743, 111
Trd, 4318283.393, 140
Trd, 4318283.543, 140
Trd, 4318284.093, 123
Trd, 4318285.793, 140
Trd, 4318286.043, 140
Trd, 4318286.293, 103
Trd, 4318286.943, 113
Trd, 4318288.243, 140
Trd, 4318288.643, 88
Trd, 4318289.043, 138
Trd, 4318289.793, 94
Trd, 4318290.593, 138
Trd, 4318290.893, 83
Trd, 4318291.343, 68
Trd, 4318291.893, 93
Trd, 4318292.043, 99
Trd, 4318293.243, 64
Trd, 4318293.793, 60
Trd, 4318293.893, 68
Trd, 4318295.643, 61
Trd, 4318295.793, 62
Trd, 4318296.443, 76
Trd, 4318297.193, 140
Trd, 4318298.593, 140
Trd, 4318298.893, 140
Trd, 4318298.993, 138
Trd, 4318299.493, 112
Trd, 4318299.793, 114
Trd, 4318299.893, 101
Trd, 4318301.843, 60
Trd, 4318301.993, 64
Trd, 4318302.143, 75
Trd, 4318302.693, 133
Trd, 4318303.693, 140
Trd, 4318304.293, 138
Trd, 4318305.193, 127
Trd, 4318306.193, 66
Trd, 4318306.543, 63
Trd, 4318307.043, 60
Trd, 4318307.243, 66
Trd, 4318307.443, 61
Trd, 4318308.393, 140
Trd, 4318309.293, 116
Trd, 4318309.943, 60
Trd, 4318310.643, 60
Trd, 4318311.543, 64
Trd, 4318312.543, 140
Trd, 4318312.743, 139
Trd, 4318312.993, 137
Trd, 4318313.893, 99
Trd, 4318314.543, 91
Trd, 4318315.493, 65
Trd, 4318315.593, 64
Trd, 4318317.543, 140
Trd, 4318317.793, 140
Trd, 4318318.693, 139
Trd, 4318319.593, 123
Trd, 4318320.793, 139
Trd, 4318320.893, 118
Trd, 4318321.143, 106
Trd, 4318322.493, 140
Trd, 4318322.793, 139
Trd, 4318323.493, 140
Trd, 4318323.693, 139
Trd, 4318323.793, 97
Trd, 4318324.543, 70
Trd, 4318324.993, 140
Trd, 4318326.643, 140
Trd, 4318326.693, 139
Trd, 4318327.643, 138
Trd, 4318327.993, 106
Trd, 4318328.743, 140
Trd, 4318330.043, 140
Trd, 4318330.493, 133
Trd, 4318330.543, 131
Trd, 4318330.993, 140
Trd, 4318331.043, 105
Trd, 4318332.043, 101
Trd, 4318332.893, 129
Trd, 4318332.993, 68
Trd, 4318333.943, 85
Trd, 4318334.293, 140
Trd, 4318335.693, 60
Trd, 4318335.843, 65
Trd, 4318336.543, 61
Trd, 4318337.393, 66
Trd, 4318337.443, 69
Trd, 4318337.543, 137
Trd, 4318338.843, 125
Trd, 4318339.293, 81
Trd, 4318340.843, 137
Trd, 4318341.193, 140
Trd, 4318341.593, 140
Trd, 4318342.443, 140
Trd, 4318342.693, 140
Trd, 4318343.893, 102
Trd, 4318344.093, 94
Trd, 4318346.143, 140
Trd, 4318346.643, 140
Trd, 4318346.843, 102
Trd, 4318347.843, 139
Trd, 4318347.943, 139
Trd, 4318348.193, 114
Trd, 4318348.693, 134
Trd, 4318349.643, 140
Trd, 4318350.393, 139
Trd, 4318350.643, 138
Trd, 4318351.943, 129
Trd, 4318352.243, 128
Trd, 4318352.393, 138
Trd, 4318352.643, 118
Trd, 4318353.143, 140
Trd, 4318355.193, 94
Trd, 4318355.593, 138
Trd, 4318356.343, 94
Trd, 4318356.493, 77
Trd, 4318356.943, 62
Trd, 4318357.143, 140
Trd, 4318357.543, 78
Trd, 4318358.143, 63
Trd, 4318359.393, 140
Trd, 4318360.393, 140
Trd, 4318360.743, 140
Trd, 4318361.193, 140
Trd, 4318361.393, 139
Trd, 4318362.193, 111
Trd, 4318362.243, 75
Trd, 4318363.043, 139
Trd, 4318363.393, 140
Trd, 4318363.643, 99
Trd, 4318364.643, 140
Trd, 4318364.743, 140
Trd, 4318364.843, 105
Trd, 4318366.793, 139
Trd, 4318367.343, 129
Trd, 4318367.793, 72
Trd, 4318368.143, 70
Trd, 4318369.793, 94
Trd, 4318370.493, 81
Trd, 4318370.843, 69
Trd, 4318370.943, 63
Trd, 4318372.043, 140
Trd, 4318372.343, 139
Trd, 4318372.593, 118
Trd, 4318373.793, 140
Trd, 4318374.093, 139
Trd, 4318374.243, 108
Trd, 4318374.393, 104
Trd, 4318375.793, 62
Trd, 4318376.043, 73
Trd, 4318376.143, 102
Trd, 4318376.343, 87
Trd, 4318377.493, 86
Trd, 4318377.693, 72
Trd, 4318379.243, 74
Trd, 4318380.343, 140
Trd, 4318380.793, 139
Trd, 4318380.893, 134
Trd, 4318381.993, 138
Trd, 4318382.443, 89
Trd, 4318382.493, 110
Trd, 4318382.893, 102
Trd, 4318383.493, 85
Trd, 4318383.543, 82
Trd, 4318384.443, 60
Trd, 4318385.093, 65
Trd, 4318385.943, 62
Trd, 4318386.343, 60
Trd, 4318387.593, 62
Trd, 4318387.743, 63
Trd, 4318387.843, 68
Trd, 4318388.443, 105
Trd, 4318389.293, 67
Trd, 4318389.843, 113
Trd, 4318390.243, 140
Trd, 4318390.443, 136
Trd, 4318390.793, 96
Trd, 4318391.543, 118
Trd, 4318392.093, 65
Trd, 4318393.393, 61
Trd, 4318393.543, 61
Trd, 4318393.693, 97
Trd, 4318394.693, 140
Trd, 4318395.743, 65
Trd, 4318396.993, 60
Trd, 4318397.193, 62
Trd, 4318397.843, 60
Trd, 4318398.143, 62
Trd, 4318398.343, 60
Trd, 4318399.593, 79
Trd, 4318400.243, 128
Trd, 4318400.493, 86
Trd, 4318401.093, 86
Trd, 4318401.643, 114
Trd, 4318403.293, 140
Trd, 4318403.743, 140
Trd, 4318404.143, 139
Trd, 4318405.093, 139
Trd, 4318405.743, 140
Trd, 4318406.543, 136
Trd, 4318406.593, 113
Trd, 4318406.843, 62
Trd, 4318407.393, 64
Trd, 4318407.893, 61
Trd, 4318408.443, 61
Trd, 4318408.743, 113
Trd, 4318409.443, 139
Trd, 4318409.793, 137
Trd, 4318410.043, 139
Trd, 4318410.143, 111
Trd, 4318410.993, 140
Trd, 4318411.443, 60
Trd, 4318412.493, 65
Trd, 4318413.593, 139
Trd, 4318413.993, 107
Trd, 4318414.893, 65
Trd, 4318415.243, 61
Trd, 4318415.643, 63
Trd, 4318416.043, 64
Trd, 4318416.793, 138
Trd, 4318417.593, 104
Trd, 4318417.793, 103
Trd, 4318418.393, 138
Trd, 4318419.193, 140
Trd, 4318419.693, 140
Trd, 4318420.143, 95
Trd, 4318421.643, 77
Trd, 4318422.193, 93
Trd, 4318422.243, 76
Trd, 4318422.443, 72
Trd, 4318422.693, 114
Trd, 4318422.943, 139
Trd, 4318423.693, 119
Trd, 4318424.393, 136
Trd, 4318424.493, 135
Trd, 4318426.193, 60
Trd, 4318427.743, 120
Trd, 4318428.043, 118
Trd, 4318428.293, 118
Trd, 4318428.643, 140
Trd, 4318428.993, 131
Trd, 4318429.543, 140
Trd, 4318430.143, 139
Trd, 4318430.643, 76
Trd, 4318431.493, 64
Trd, 4318432.493, 60
Trd, 4318432.793, 62
Trd, 4318433.493, 63
Trd, 4318434.093, 60
Trd, 4318434.743, 65
Trd, 4318435.343, 60
Trd, 4318435.393, 60
Trd, 4318435.893, 122
Trd, 4318436.443, 92
Trd, 4318437.393, 97
Trd, 4318437.893, 111
Trd, 4318439.493, 140
Trd, 4318440.293, 138
Trd, 4318440.493, 140
Trd, 4318440.743, 95
Trd, 4318441.593, 140
Trd, 4318442.393, 140
Trd, 4318442.543, 71
Trd, 4318443.693, 139
Trd, 4318443.743, 138
Trd, 4318443.793, 132
Trd, 4318444.143, 129
Trd, 4318445.393, 62
Trd, 4318446.493, 140
Trd, 4318447.043, 139
Trd, 4318447.093, 108
Trd, 4318447.593, 140
Trd, 4318448.343, 140
Trd, 4318448.643, 140
Trd, 4318449.743, 126
Trd, 4318450.693, 121
Trd, 4318451.493, 61
Trd, 4318451.693, 66
Trd, 4318453.043, 83
Trd, 4318453.593, 89
Trd, 4318454.893, 61
Trd, 4318454.993, 60
Trd, 4318455.343, 62
Trd, 4318456.093, 61
Trd, 4318456.743, 110
Trd, 4318457.243, 90
Trd, 4318457.493, 132
Trd, 4318457.593, 88
Trd, 4318459.443, 140
Trd, 4318459.493, 140
Trd, 4318460.193, 140
Trd, 4318460.493, 128
Trd, 4318461.093, 140
Trd, 4318462.043, 140
Trd, 4318462.193, 126
Trd, 4318464.643, 140
Trd, 4318464.693, 140
Trd, 4318464.743, 137
Trd, 4318464.843, 125
Trd, 4318465.093, 122
Trd, 4318466.893, 67
Trd, 4318467.343, 68
Trd, 4318467.493, 93
Trd, 4318469.793, 140
Trd, 4318470.393, 139
Trd, 4318470.893, 139
Trd, 4318470.943, 139
Trd, 4318470.993, 139
Trd, 4318472.243, 137
Trd, 4318472.693, 61
Trd, 4318473.843, 60
Trd, 4318474.243, 63
Trd, 4318474.443, 66
Trd, 4318474.843, 67
Trd, 4318475.843, 140
Trd, 4318476.493, 139
Trd, 4318477.243, 103
Trd, 4318477.643, 100
Trd, 4318477.993, 90
Trd, 4318479.593, 140
Trd, 4318479.993, 140
Trd, 4318480.193, 140
Trd, 4318480.343, 113
Trd, 4318480.543, 78
Trd, 4318481.943, 60
Trd, 4318482.343, 60
Trd, 4318482.493, 63
Trd, 4318483.293, 63
Trd, 4318483.843, 91
Trd, 4318485.793, 140
Trd, 4318485.843, 140
Trd, 4318485.943, 139
Trd, 4318487.143, 138
Trd, 4318487.643, 136
Trd, 4318487.993, 95
Trd, 4318488.643, 125
Trd, 4318489.843, 140
Trd, 4318490.043, 139
Trd, 4318490.393, 104
Trd, 4318490.893, 137
Trd, 4318491.643, 112
Trd, 4318492.643, 139
Trd, 4318493.543, 140
Trd, 4318494.193, 140
Trd, 4318495.143, 139
Trd, 4318495.793, 136
Trd, 4318496.543, 102
Trd, 4318497.343, 140
Trd, 4318498.343, 138
Trd, 4318498.443, 130
Trd, 4318499.393, 140
Trd, 4318499.543, 114
Trd, 4318499.643, 89
Trd, 4318499.993, 140
Trd, 4318500.843, 68
Trd, 4318500.893, 64
Trd, 4318501.543, 102
Trd, 4318501.943, 67
Trd, 4318503.443, 140
Trd, 4318504.043, 139
Trd, 4318504.093, 139
Trd, 4318505.293, 105
Trd, 4318505.693, 140
Trd, 4318506.043, 140
Trd, 4318507.143, 140
Trd, 4318507.193, 75
Trd, 4318508.243, 61
Trd, 4318508.343, 104
Trd, 4318508.943, 60
Trd, 4318509.643, 121
Trd, 4318510.043, 140
Trd, 4318510.093, 103
Trd, 4318511.293, 62
Trd, 4318511.343, 78
Trd, 4318512.243, 61
Trd, 4318512.743, 60
Trd, 4318513.143, 66
Trd, 4318513.693, 62
Trd, 4318514.943, 140
Trd, 4318515.143, 74
Trd, 4318516.393, 140
Trd, 4318516.843, 122
Trd, 4318516.893, 96
Trd, 4318518.643, 140
Trd, 4318518.793, 139
Trd, 4318519.243, 123
Trd, 4318519.443, 86
Trd, 4318519.743, 69
Trd, 4318521.243, 62
Trd, 4318521.693, 61
Trd, 4318521.993, 68
Trd, 4318523.093, 114
Trd, 4318523.443, 71
Trd, 4318523.843, 68
Trd, 4318524.893, 60
Trd, 4318525.393, 61
Trd, 4318525.793, 111
Trd, 4318527.293, 64
Trd, 4318527.493, 65
Trd, 4318528.043, 98
Trd, 4318529.443, 140
Trd, 4318529.543, 138
Trd, 4318531.043, 140
Trd, 4318531.793, 140
Trd, 4318532.243, 115
Trd, 4318532.393, 74
Trd, 4318532.693, 139
Trd, 4318533.343, 139
Trd, 4318534.293, 140
Trd, 4318534.943, 140
Trd, 4318535.543, 135
Trd, 4318536.743, 139
Trd, 4318537.193, 102
Trd, 4318537.543, 139
Trd, 4318538.543, 140
Trd, 4318539.543, 125
Trd, 4318539.743, 125
Trd, 4318540.993, 92
Trd, 4318541.143, 90
Trd, 4318541.493, 139
Trd, 4318541.943, 61
Trd, 4318542.243, 88
Trd, 4318542.843, 61
Trd, 4318543.393, 140
Trd, 4318544.293, 60
Trd, 4318544.793, 62
Trd, 4318545.393, 69
Trd, 4318545.693, 63
Trd, 4318546.793, 80
Trd, 4318547.243, 138
Trd, 4318548.293, 140
Trd, 4318548.393, 99
Trd, 4318549.393, 107
Trd, 4318549.743, 96
Trd, 4318551.493, 140
Trd, 4318551.543, 138
Trd, 4318551.643, 107
Trd, 4318552.143, 137
Trd, 4318552.243, 127
Trd, 4318552.693, 139
Trd, 4318554.093, 139
Trd, 4318554.443, 140
Trd, 4318554.543, 129
Trd, 4318554.993, 72
Trd, 4318555.343, 72
Trd, 4318556.493, 140
Trd, 4318556.693, 74
Trd, 4318557.343, 140
Trd, 4318558.143, 140
Trd, 4318558.893, 140
Trd, 4318560.493, 140
Trd, 4318560.793, 140
Trd, 4318561.043, 138
Trd, 4318562.193, 139
Trd, 4318562.293, 140
Trd, 4318563.693, 124
Trd, 4318563.993, 131
Trd, 4318564.143, 139
Trd, 4318564.493, 135
Trd, 4318564.993, 136
Trd, 4318565.543, 131
Trd, 4318565.993, 106
Trd, 4318567.193, 104
Trd, 4318567.343, 139
Trd, 4318567.393, 103
Trd, 4318568.543, 137
Trd, 4318568.843, 118
Trd, 4318569.343, 136
Trd, 4318569.593, 89
Trd, 4318570.393, 74
Trd, 4318570.943, 76
Trd, 4318572.243, 140
Trd, 4318573.343, 113
Trd, 4318573.643, 117
Trd, 4318574.643, 67
Trd, 4318575.043, 73
Trd, 4318575.343, 140
Trd, 4318575.843, 111
Trd, 4318576.843, 140
Trd, 4318578.743, 140
Trd, 4318579.343, 130
Trd, 4318579.593, 125
Trd, 4318580.043, 135
Trd, 4318580.293, 83
Trd, 4318580.393, 60
Trd, 4318580.543, 86
Trd, 4318581.243, 62
Trd, 4318581.593, 137
Trd, 4318581.843, 62
Trd, 4318583.443, 69
Trd, 4318584.593, 132
Trd, 4318584.993, 61
Trd, 4318585.343, 140
Trd, 4318585.593, 110
Trd, 4318587.343, 65
Trd, 4318587.743, 64
Trd, 4318587.793, 66
Trd, 4318588.743, 60
Trd, 4318589.443, 140
Trd, 4318589.493, 125
Trd, 4318590.093, 93
Trd, 4318590.493, 139
Trd, 4318591.693, 61
Trd, 4318591.893, 62
Trd, 4318592.593, 139
Trd, 4318593.743, 64
Trd, 4318594.593, 62
Trd, 4318594.993, 67
Trd, 4318595.043, 107
Trd, 4318595.293, 117
Trd, 4318595.943, 106
Trd, 4318596.643, 140
Trd, 4318596.793, 139
Trd, 4318596.993, 111
Trd, 4318597.993, 129
Trd, 4318598.343, 62
Trd, 4318599.843, 61
Trd, 4318600.143, 71
Trd, 4318600.693, 79
Trd, 4318601.443, 98
Trd, 4318602.443, 66
Trd, 4318603.343, 114
Trd, 4318604.243, 136
Trd, 4318604.793, 137
Trd, 4318605.043, 135
Trd, 4318605.093, 78
Trd, 4318606.243, 138
Trd, 4318606.643, 139
Trd, 4318606.693, 90
Trd, 4318607.843, 102
Trd, 4318608.543, 84
Trd, 4318609.193, 140
Trd, 4318609.293, 103
Trd, 4318609.793, 68
Trd, 4318610.643, 139
Trd, 4318611.493, 140
Trd, 4318611.843, 68
Trd, 4318613.143, 66
Trd, 4318613.243, 98
Trd, 4318613.993, 62
Trd, 4318614.193, 64
Trd, 4318614.693, 131
Trd, 4318616.693, 140
Trd, 4318617.443, 138
Trd, 4318617.543, 117
Trd, 4318617.643, 116
Trd, 4318618.593, 140
Trd, 4318618.793, 139
Trd, 4318619.093, 70
Trd, 4318619.943, 139
Trd, 4318621.193, 136
Trd, 4318621.493, 91
Trd, 4318621.793, 139
Trd, 4318621.993, 81
Trd, 4318623.043, 140
Trd, 4318624.193, 60
Trd, 4318624.843, 60
Trd, 4318625.243, 74
Trd, 4318625.893, 73
Trd, 4318627.243, 99
Trd, 4318627.293, 84
Trd, 4318628.543, 130
Trd, 4318628.993, 135
Trd, 4318629.343, 140
Trd, 4318629.443, 140
Trd, 4318629.893, 139
Trd, 4318629.993, 114
Trd, 4318630.193, 75
Trd, 4318630.643, 91
Trd, 4318631.493, 62
Trd, 4318631.593, 65
Trd, 4318632.243, 64
Trd, 4318633.043, 69
Trd, 4318634.043, 60
Trd, 4318635.143, 70
Trd, 4318635.643, 63
Trd, 4318635.693, 69
Trd, 4318636.643, 60
Trd, 4318636.993, 85
Trd, 4318638.093, 138
Trd, 4318638.293, 64
Trd, 4318639.343, 60
Trd, 4318639.493, 63
Trd, 4318639.843, 108
Trd, 4318641.693, 60
Trd, 4318642.193, 61
Trd, 4318642.743, 60
Trd, 4318642.793, 64
Trd, 4318643.443, 65
Trd, 4318644.443, 112
Trd, 4318644.593, 137
Trd, 4318645.293, 139
Trd, 4318645.593, 138
Trd, 4318646.443, 139
Trd, 4318646.593, 121
Trd, 4318647.193, 140
Trd, 4318648.343, 112
Trd, 4318648.843, 140
Trd, 4318648.893, 102
Trd, 4318649.893, 131
Trd, 4318650.043, 124
Trd, 4318650.593, 91
Trd, 4318651.393, 60
Trd, 4318651.593, 110
Trd, 4318652.243, 74
Trd, 4318653.043, 61
Trd, 4318654.143, 140
Trd, 4318654.693, 139
Trd, 4318656.493, 138
Trd, 4318656.793, 123
Trd, 4318657.693, 140
Trd, 4318658.193, 79
Trd, 4318658.493, 83
Trd, 4318658.993, 140
Trd, 4318659.843, 60
Trd, 4318661.343, 60
Trd, 4318661.393, 62
Trd, 4318661.693, 62
Trd, 4318663.093, 140
Trd, 4318663.993, 140
Trd, 4318664.093, 139
Trd, 4318664.143, 67
Trd, 4318664.343, 138
Trd, 4318664.593, 106
Trd, 4318664.643, 116
Trd, 4318665.843, 60
Trd, 4318666.993, 113
Trd, 4318667.093, 63
Trd, 4318669.193, 140
Trd, 4318669.343, 137
Trd, 4318669.943, 77
Trd, 4318670.293, 107
Trd, 4318670.943, 79
Trd, 4318671.043, 77
Trd, 4318671.743, 62
Trd, 4318672.943, 138
Trd, 4318673.143, 135
Trd, 4318673.293, 97
Trd, 4318673.643, 63
Trd, 4318673.743, 118
Trd, 4318674.493, 111
Trd, 4318675.143, 110
Trd, 4318676.393, 66
Trd, 4318676.643, 62
Trd, 4318677.793, 140
Trd, 4318677.943, 91
Trd, 4318678.343, 83
Trd, 4318679.643, 65
Trd, 4318680.943, 140
Trd, 4318681.943, 140
Trd, 4318681.993, 140
Trd, 4318682.093, 140
Trd, 4318683.093, 136
Trd, 4318683.393, 118
Trd, 4318683.643, 114
Trd, 4318684.993, 140
Trd, 4318685.343, 102
Trd, 4318686.943, 138
Trd, 4318687.993, 133
Trd, 4318688.993, 61
Trd, 4318689.443, 140
Trd, 4318689.893, 139
Trd, 4318690.143, 138
Trd, 4318690.593, 132
Trd, 4318691.043, 82
Trd, 4318691.143, 72
Trd, 4318691.493, 107
Trd, 4318692.793, 62
Trd, 4318693.843, 137
Trd, 4318694.393, 78
Trd, 4318694.493, 61
Trd, 4318695.093, 80
Trd, 4318695.593, 63
Trd, 4318697.693, 60
Trd, 4318697.893, 62
Trd, 4318697.993, 65
Trd, 4318698.893, 66
Trd, 4318699.593, 69
Trd, 4318700.743, 131
Trd, 4318701.343, 140
Trd, 4318701.593, 138
Trd, 4318702.493, 140
Trd, 4318703.093, 126
Trd, 4318704.643, 140
Trd, 4318704.843, 140
Trd, 4318705.343, 140
Trd, 4318705.843, 111
Trd, 4318705.993, 76
Trd, 4318706.093, 76
Trd, 4318706.493, 65
Trd, 4318707.693, 61
Trd, 4318707.743, 64
Trd, 4318708.493, 82
Trd, 4318708.743, 140
Trd, 4318709.493, 140
Trd, 4318710.293, 136
Trd, 4318710.593, 128
Trd, 4318710.643, 93
Trd, 4318712.193, 85
Trd, 4318712.593, 78
Trd, 4318713.493, 140
Trd, 4318713.893, 102
Trd, 4318715.043, 60
Trd, 4318715.593, 61
Trd, 4318716.143, 69
Trd, 4318716.393, 71
Trd, 4318717.443, 61
Trd, 4318717.543, 62
Trd, 4318718.093, 139
Trd, 4318718.893, 60
Trd, 4318718.943, 62
Trd, 4318719.593, 60
Trd, 4318720.643, 116
Trd, 4318721.293, 74
Trd, 4318721.543, 63
Trd, 4318721.793, 70
Trd, 4318722.643, 140
Trd, 4318723.593, 140
Trd, 4318723.643, 72
Trd, 4318723.843, 66
Trd, 4318724.693, 63
Trd, 4318724.993, 61
Trd, 4318725.643, 73
Trd, 4318726.343, 140
Trd, 4318727.393, 139
Trd, 4318727.643, 100
Trd, 4318729.043, 140
Trd, 4318729.593, 114
Trd, 4318730.043, 113
Trd, 4318730.593, 132
Trd, 4318730.993, 84
Trd, 4318731.593, 140
Trd, 4318732.443, 140
Trd, 4318732.493, 129
Trd, 4318733.293, 97
Trd, 4318733.793, 139
Trd, 4318734.143, 121
Trd, 4318734.943, 140
Trd, 4318736.043, 71
Trd, 4318737.593, 60
Trd, 4318737.943, 61
Trd, 4318738.293, 66
Trd, 4318738.443, 68
Trd, 4318739.543, 62
Trd, 4318739.643, 62
Trd, 4318741.993, 117
Trd, 4318742.243, 139
Trd, 4318742.393, 137
Trd, 4318742.843, 105
Trd, 4318742.943, 88
Trd, 4318743.093, 81
Trd, 4318743.493, 137
Trd, 4318743.743, 66
Trd, 4318744.593, 140
Trd, 4318745.643, 60
Trd, 4318746.043, 61
Trd, 4318746.743, 63
Trd, 4318747.443, 72
Trd, 4318748.393, 97
Trd, 4318749.543, 140
Trd, 4318749.593, 80
Trd, 4318750.493, 139
Trd, 4318751.193, 140
Trd, 4318751.343, 140
Trd, 4318751.893, 139
Trd, 4318752.593, 139
Trd, 4318753.643, 138
Trd, 4318754.593, 60
Trd, 4318754.943, 86
Trd, 4318755.893, 60
Trd, 4318756.793, 60
Trd, 4318756.893, 60
Trd, 4318757.543, 62
Trd, 4318757.693, 123
Trd, 4318758.393, 139
Trd, 4318759.143, 121
Trd, 4318759.293, 139
Trd, 4318759.893, 103
Trd, 4318760.743, 137
Trd, 4318761.293, 61
Trd, 4318762.393, 61
Trd, 4318762.593, 66
Trd, 4318762.793, 61
Trd, 4318763.843, 66
Trd, 4318764.343, 63
Trd, 4318764.993, 69
Trd, 4318765.143, 84
Trd, 4318766.043, 60
Trd, 4318766.693, 69
Trd, 4318767.243, 77
Trd, 4318768.493, 116
Trd, 4318768.943, 66
Trd, 4318770.043, 140
Trd, 4318770.543, 137
Trd, 4318771.143, 137
Trd, 4318771.393, 128
Trd, 4318771.893, 105
Trd, 4318773.143, 138
Trd, 4318773.293, 109
Trd, 4318774.493, 140
Trd, 4318775.093, 71
Trd, 4318776.493, 139
Trd, 4318777.193, 140
Trd, 4318777.543, 140
Trd, 4318777.593, 140
Trd, 4318777.793, 109
Trd, 4318778.393, 77
Trd, 4318779.693, 139
Trd, 4318780.993, 140
Trd, 4318781.243, 140
Trd, 4318781.593, 107
Trd, 4318781.893, 83
Trd, 4318783.393, 66
Trd, 4318783.543, 61
Trd, 4318783.593, 70
Trd, 4318784.193, 62
Trd, 4318784.743, 65
Trd, 4318786.143, 138
Trd, 4318786.443, 139
Trd, 4318786.693, 139
Trd, 4318787.893, 139
Trd, 4318787.993, 102
Trd, 4318788.693, 60
Trd, 4318789.093, 61
Trd, 4318789.493, 140
Trd, 4318789.943, 139
Trd, 4318791.243, 140
Trd, 4318792.093, 140
Trd, 4318792.393, 137
Trd, 4318792.593, 134
Trd, 4318793.193, 140
Trd, 4318793.693, 116
Trd, 4318793.793, 105
Trd, 4318793.893, 104
Trd, 4318794.043, 138
Trd, 4318795.493, 139
Trd, 4318796.243, 61
Trd, 4318797.193, 63
Trd, 4318797.743, 60
Trd, 4318797.793, 79
Trd, 4318798.043, 72
Trd, 4318798.243, 77
Trd, 4318800.143, 139
Trd, 4318800.193, 137
Trd, 4318800.443, 82
Trd, 4318800.843, 85
Trd, 4318801.843, 127
Trd, 4318802.593, 140
Trd, 4318803.843, 140
Trd, 4318803.893, 140
Trd, 4318804.543, 140
Trd, 4318804.843, 128
Trd, 4318805.843, 139
Trd, 4318805.893, 93
Trd, 4318808.243, 140
Trd, 4318808.493, 138
Trd, 4318808.693, 139
Trd, 4318808.843, 96
Trd, 4318809.593, 65
Trd, 4318809.993, 61
Trd, 4318811.893, 60
Trd, 4318812.293, 60
Trd, 4318812.643, 132
Trd, 4318813.393, 135
Trd, 4318813.743, 140
Trd, 4318813.943, 63
Trd, 4318815.243, 60
Trd, 4318815.643, 136
Trd, 4318816.293, 140
Trd, 4318816.543, 120
Trd, 4318817.293, 140
Trd, 4318817.743, 84
Trd, 4318818.493, 62
Trd, 4318819.043, 61
Trd, 4318819.743, 65
Trd, 4318821.243, 133
Trd, 4318821.293, 119
Trd, 4318822.343, 140
Trd, 4318822.393, 93
Trd, 4318822.643, 92
Trd, 4318822.993, 120
Trd, 4318823.743, 140
Trd, 4318823.893, 96
Trd, 4318824.343, 63
Trd, 4318825.293, 139
Trd, 4318825.343, 138
Trd, 4318827.843, 126
Trd, 4318828.143, 128
Trd, 4318828.693, 124
Trd, 4318829.293, 113
Trd, 4318829.793, 87
Trd, 4318829.893, 120
Trd, 4318830.243, 140
Trd, 4318830.793, 65
Trd, 4318831.743, 140
Trd, 4318832.343, 139
Trd, 4318833.093, 105
Trd, 4318833.693, 116
Trd, 4318834.543, 140
Trd, 4318834.643, 140
Trd, 4318835.093, 138
Trd, 4318835.293, 129
Trd, 4318836.393, 137
Trd, 4318836.443, 113
Trd, 4318836.643, 101
Trd, 4318837.743, 122
Trd, 4318838.493, 90
Trd, 4318839.093, 68
Trd, 4318839.543, 133
Trd, 4318840.093, 64
Trd, 4318841.993, 139
Trd, 4318842.093, 119
Trd, 4318842.843, 139
Trd, 4318842.993, 138
Trd, 4318843.443, 112
Trd, 4318844.643, 136
Trd, 4318845.043, 135
Trd, 4318845.543, 110
Trd, 4318846.093, 118
Trd, 4318847.293, 139
Trd, 4318847.393, 138
Trd, 4318848.943, 62
Trd, 4318848.993, 83
Trd, 4318849.693, 129
Trd, 4318849.943, 86
Trd, 4318850.193, 83
Trd, 4318850.893, 137
Trd, 4318851.143, 135
Trd, 4318851.493, 140
Trd, 4318851.593, 106
Trd, 4318852.543, 60
Trd, 4318853.893, 63
Trd, 4318854.243, 67
Trd, 4318854.593, 73
Trd, 4318856.793, 102
Trd, 4318856.843, 64
Trd, 4318856.993, 63
Trd, 4318858.243, 60
Trd, 4318858.343, 63
Trd, 4318858.443, 65
Trd, 4318859.043, 61
Trd, 4318860.093, 64
Trd, 4318860.443, 64
Trd, 4318860.543, 61
Trd, 4318861.843, 61
Trd, 4318862.343, 60
Trd, 4318862.493, 61
Trd, 4318863.143, 76
Trd, 4318863.843, 140
Trd, 4318864.243, 140
Trd, 4318864.893, 140
Trd, 4318865.793, 140
Trd, 4318865.893, 137
Trd, 4318866.643, 130
Trd, 4318867.443, 93
Trd, 4318867.693, 99
Trd, 4318868.393, 71
Trd, 4318869.093, 62
Trd, 4318869.543, 63
Trd, 4318869.793, 62
Trd, 4318870.393, 60
Trd, 4318871.493, 134
Trd, 4318872.143, 138
Trd, 4318872.643, 133
Trd, 4318873.093, 122
Trd, 4318874.593, 94
Trd, 4318875.143, 139
Trd, 4318875.593, 140
Trd, 4318876.043, 92
Trd, 4318876.393, 86
Trd, 4318877.143, 122
Trd, 4318877.793, 140
Trd, 4318878.793, 138
Trd, 4318878.893, 136
Trd, 4318880.493, 139
Trd, 4318880.793, 69
Trd, 4318881.293, 63
Trd, 4318881.493, 63
Trd, 4318882.243, 65
Trd, 4318882.643, 61
Trd, 4318882.893, 135
Trd, 4318884.793, 139
Trd, 4318885.193, 95
Trd, 4318885.243, 87
Trd, 4318885.643, 136
Trd, 4318886.043, 140
Trd, 4318887.043, 63
Trd, 4318888.043, 65
Trd, 4318888.393, 140
Trd, 4318889.143, 127
Trd, 4318890.593, 120
Trd, 4318890.893, 60
Trd, 4318891.193, 66
Trd, 4318891.593, 61
Trd, 4318891.843, 136
Trd, 4318892.343, 140
Trd, 4318892.893, 72
Trd, 4318893.743, 66
Trd, 4318895.343, 63
Trd, 4318895.443, 122
Trd, 4318895.693, 138
Trd, 4318896.043, 65
Trd, 4318896.443, 117
Trd, 4318896.893, 62
Trd, 4318897.543, 60
Trd, 4318898.093, 137
Trd, 4318898.793, 86
Trd, 4318899.043, 106
Trd, 4318900.093, 139
Trd, 4318900.693, 139
Trd, 4318901.193, 139
Trd, 4318901.343, 118
Trd, 4318901.743, 117
Trd, 4318902.943, 62
Trd, 4318904.043, 61
Trd, 4318904.093, 66
Trd, 4318904.543, 61
Trd, 4318904.893, 65
Trd, 4318906.043, 60
Trd, 4318906.243, 128
Trd, 4318906.393, 129
Trd, 4318906.643, 80
Trd, 4318907.643, 70
Trd, 4318907.943, 61
Trd, 4318908.693, 61
Trd, 4318910.293, 60
Trd, 4318912.043, 60
Trd, 4318912.193, 62
Trd, 4318912.243, 87
Trd, 4318912.893, 82
Trd, 4318913.593, 76
Trd, 4318913.843, 140
Trd, 4318914.243, 78
Trd, 4318914.293, 77
Trd, 4318914.843, 67
Trd, 4318915.643, 61
Trd, 4318916.193, 98
Trd, 4318916.893, 63
Trd, 4318917.893, 91
Trd, 4318918.393, 85
Trd, 4318918.443, 62
Trd, 4318919.193, 62
Trd, 4318920.043, 65
Trd, 4318920.243, 69
Trd, 4318920.393, 95
Trd, 4318921.893, 140
Trd, 4318922.393, 140
Trd, 4318922.443, 140
Trd, 4318922.643, 107
Trd, 4318925.243, 63
Trd, 4318926.243, 61
Trd, 4318926.393, 61
Trd, 4318927.143, 62
Trd, 4318928.743, 62
Trd, 4318929.093, 65
Trd, 4318929.343, 60
Trd, 4318929.643, 63
Trd, 4318931.043, 63
Trd, 4318931.843, 69
Trd, 4318932.543, 62
Trd, 4318933.043, 61
Trd, 4318933.143, 63
Trd, 4318933.493, 140
Trd, 4318934.993, 140
Trd, 4318935.443, 140
Trd, 4318935.943, 139
Trd, 4318937.343, 140
Trd, 4318937.443, 132
Trd, 4318937.843, 139
Trd, 4318937.893, 133
Trd, 4318938.393, 97
Trd, 4318940.193, 77
Trd, 4318940.893, 67
Trd, 4318941.143, 60
Trd, 4318941.843, 81
Trd, 4318942.843, 69
Trd, 4318943.293, 73
Trd, 4318943.343, 72
Trd, 4318943.943, 126
Trd, 4318944.943, 82
Trd, 4318945.143, 60
Trd, 4318945.843, 139
Trd, 4318946.243, 64
Trd, 4318947.143, 81
Trd, 4318948.693, 66
Trd, 4318949.043, 130
Trd, 4318949.643, 133
Trd, 4318950.093, 100
Trd, 4318950.543, 100
Trd, 4318951.243, 63
Trd, 4318952.043, 82
Trd, 4318952.743, 63
Trd, 4318952.843, 64
Trd, 4318952.993, 65
Trd, 4318953.993, 95
Trd, 4318955.093, 63
Trd, 4318955.193, 64
Trd, 4318956.043, 60
Trd, 4318956.293, 65
Trd, 4318957.093, 70
Trd, 4318957.393, 61
Trd, 4318958.493, 83
Trd, 4318959.893, 140
Trd, 4318960.093, 140
Trd, 4318960.493, 129
Trd, 4318960.893, 86
Trd, 4318961.493, 63
Trd, 4318961.843, 90
Trd, 4318961.993, 139
Trd, 4318962.593, 140
Trd, 4318963.243, 136
Trd, 4318964.993, 139
Trd, 4318965.093, 98
Trd, 4318965.243, 65
Trd, 4318966.043, 65
Trd, 4318966.743, 62
Trd, 4318966.843, 63
Trd, 4318967.093, 81
Trd, 4318967.493, 80
Trd, 4318968.093, 139
Trd, 4318969.043, 110
Trd, 4318969.093, 109
Trd, 4318970.043, 140
Trd, 4318970.193, 140
Trd, 4318970.693, 77
Trd, 4318971.443, 127
Trd, 4318972.893, 139
Trd, 4318973.193, 139
Trd, 4318973.943, 117
Trd, 4318974.343, 138
Trd, 4318974.643, 100
Trd, 4318975.593, 140
Trd, 4318975.893, 133
Trd, 4318976.393, 64
Trd, 4318977.343, 67
Trd, 4318977.443, 109
Trd, 4318978.293, 140
Trd, 4318978.493, 129
Trd, 4318980.843, 62
Trd, 4318980.993, 60
Trd, 4318981.843, 64
Trd, 4318981.993, 65
Trd, 4318982.343, 101
Trd, 4318982.693, 140
Trd, 4318982.843, 85
Trd, 4318983.293, 63
Trd, 4318984.543, 135
Trd, 4318986.493, 140
Trd, 4318986.543, 139
Trd, 4318987.343, 71
Trd, 4318988.143, 135
Trd, 4318988.243, 109
Trd, 4318988.543, 64
Trd, 4318989.143, 61
Trd, 4318989.593, 65
Trd, 4318990.093, 60
Trd, 4318990.293, 140
Trd, 4318992.243, 60
Trd, 4318993.193, 62
Trd, 4318993.393, 72
Trd, 4318993.693, 62
Trd, 4318994.393, 60
Trd, 4318995.143, 140
Trd, 4318995.693, 66
Trd, 4318996.393, 60
Trd, 4318996.443, 61
Trd, 4318997.543, 112
Trd, 4318999.043, 62
Trd, 4318999.093, 65
Trd, 4318999.193, 61
Trd, 4318999.393, 60
Trd, 4319001.093, 140
Trd, 4319001.643, 110
Trd, 4319002.743, 130
Trd, 4319003.143, 140
Trd, 4319003.543, 138
Trd, 4319003.643, 72
Trd, 4319004.093, 61
Trd, 4319005.143, 124
Trd, 4319006.643, 140
Trd, 4319006.743, 82
Trd, 4319007.593, 60
Trd, 4319007.643, 64
Trd, 4319008.543, 140
Trd, 4319009.593, 140
Trd, 4319009.993, 116
Trd, 4319011.393, 140
Trd, 4319011.493, 140
Trd, 4319012.743, 140
Trd, 4319013.093, 136
Trd, 4319013.193, 135
Trd, 4319013.243, 134
Trd, 4319013.543, 104
Trd, 4319015.043, 140
Trd, 4319015.793, 131
Trd, 4319016.593, 100
Trd, 4319017.393, 128
Trd, 4319017.893, 60
Trd, 4319017.993, 62
Trd, 4319019.843, 140
Trd, 4319019.893, 138
Trd, 4319020.043, 137
Trd, 4319020.843, 84
Trd, 4319021.693, 63
Trd, 4319022.343, 140
Trd, 4319022.693, 78
Trd, 4319023.893, 140
Trd, 4319024.443, 140
Trd, 4319025.093, 140
Trd, 4319025.143, 140
Trd, 4319025.343, 121
Trd, 4319026.443, 82
Trd, 4319027.343, 82
Trd, 4319027.693, 110
Trd, 4319027.843, 125
Trd, 4319027.943, 95
Trd, 4319028.243, 73
Trd, 4319029.293, 140
Trd, 4319029.543, 115
Trd, 4319030.343, 71
Trd, 4319030.843, 140
Trd, 4319031.343, 109
Trd, 4319033.243, 83
Trd, 4319033.743, 110
Trd, 4319034.143, 61
Trd, 4319035.193, 134
Trd, 4319036.643, 60
Trd, 4319037.043, 60
Trd, 4319037.843, 61
Trd, 4319038.043, 60
Trd, 4319038.143, 64
Trd, 4319039.193, 71
Trd, 4319039.993, 62
Trd, 4319040.193, 63
Trd, 4319040.493, 104
Trd, 4319042.193, 140
Trd, 4319042.493, 140
Trd, 4319042.993, 140
Trd, 4319043.593, 138
Trd, 4319043.793, 139
Trd, 4319044.243, 119
Trd, 4319044.893, 60
Trd, 4319046.393, 117
Trd, 4319046.993, 139
Trd, 4319047.643, 63
Trd, 4319049.143, 130
Trd, 4319049.293, 107
Trd, 4319050.043, 140
Trd, 4319050.193, 126
Trd, 4319050.993, 104
Trd, 4319051.543, 139
Trd, 4319052.693, 139
Trd, 4319052.743, 139
Trd, 4319053.243, 138
Trd, 4319053.693, 137
Trd, 4319054.643, 65
Trd, 4319054.893, 123
Trd, 4319055.443, 69
Trd, 4319055.643, 60
Trd, 4319056.443, 74
Trd, 4319057.843, 140
Trd, 4319059.143, 139
Trd, 4319059.993, 139
Trd, 4319060.393, 137
Trd, 4319061.243, 140
Trd, 4319062.093, 139
Trd, 4319062.643, 140
Trd, 4319062.943, 126
Trd, 4319063.193, 120
Trd, 4319063.593, 140
Trd, 4319064.143, 139
Trd, 4319064.593, 123
Trd, 4319064.793, 121
Trd, 4319066.793, 140
Trd, 4319066.843, 121
Trd, 4319068.843, 140
Trd, 4319068.893, 122
Trd, 4319069.393, 140
Trd, 4319070.043, 133
Trd, 4319070.093, 132
Trd, 4319070.393, 99
Trd, 4319070.543, 98
Trd, 4319071.143, 138
Trd, 4319071.443, 89
Trd, 4319072.093, 140
Trd, 4319072.543, 67
Trd, 4319073.243, 64
Trd, 4319073.643, 79
Trd, 4319073.793, 96
Trd, 4319075.243, 140
Trd, 4319076.343, 139
Trd, 4319077.493, 140
Trd, 4319077.693, 138
Trd, 4319077.743, 137
Trd, 4319078.093, 93
Trd, 4319079.293, 124
Trd, 4319079.993, 123
Trd, 4319080.093, 140
Trd, 4319080.343, 60
Trd, 4319080.993, 65
Trd, 4319081.343, 72
Trd, 4319082.643, 140
Trd, 4319082.893, 102
Trd, 4319084.043, 139
Trd, 4319084.393, 140
Trd, 4319084.443, 140
Trd, 4319085.393, 106
Trd, 4319085.643, 80
Trd, 4319086.093, 119
Trd, 4319086.743, 134
Trd, 4319087.143, 67
Trd, 4319088.893, 130
Trd, 4319089.043, 99
Trd, 4319089.143, 65
Trd, 4319091.243, 140
Trd, 4319091.693, 140
Trd, 4319091.943, 139
Trd, 4319092.543, 139
Trd, 4319093.043, 140
Trd, 4319093.143, 128
Trd, 4319094.743, 140
Trd, 4319095.693, 140
Trd, 4319095.893, 140
Trd, 4319096.393, 121
Trd, 4319096.843, 140
Trd, 4319096.943, 131
Trd, 4319097.043, 127
Trd, 4319097.643, 131
Trd, 4319097.793, 113
Trd, 4319098.743, 139
Trd, 4319098.993, 127
Trd, 4319099.043, 91
Trd, 4319100.743, 140
Trd, 4319100.943, 138
Trd, 4319101.343, 110
Trd, 4319102.643, 95
Trd, 4319103.143, 140
Trd, 4319103.943, 139
Trd, 4319104.743, 138
Trd, 4319105.043, 137
Trd, 4319105.443, 105
Trd, 4319106.093, 110
Trd, 4319107.643, 140
Trd, 4319107.843, 130
Trd, 4319108.393, 139
Trd, 4319108.493, 105
Trd, 4319108.543, 100
Trd, 4319110.243, 138
Trd, 4319110.743, 60
Trd, 4319111.393, 139
Trd, 4319112.193, 140
Trd, 4319113.393, 140
Trd, 4319113.543, 140
Trd, 4319113.593, 127
Trd, 4319113.743, 104
Trd, 4319114.593, 63
Trd, 4319114.943, 140
Trd, 4319115.893, 85
Trd, 4319116.643, 140
Trd, 4319117.243, 139
Trd, 4319117.543, 138
Trd, 4319118.243, 93
Trd, 4319118.793, 127
Trd, 4319120.793, 140
Trd, 4319121.043, 140
Trd, 4319121.443, 132
Trd, 4319122.693, 131
Trd, 4319122.893, 112
Trd, 4319123.193, 139
Trd, 4319123.843, 84
Trd, 4319123.993, 85
Trd, 4319125.893, 140
Trd, 4319126.193, 139
Trd, 4319126.343, 83
Trd, 4319127.243, 140
Trd, 4319128.293, 140
Trd, 4319128.543, 99
Trd, 4319128.693, 74
Trd, 4319129.443, 138
Trd, 4319129.593, 69
Trd, 4319130.593, 140
Trd, 4319132.693, 139
Trd, 4319132.743, 104
Trd, 4319133.043, 140
Trd, 4319133.243, 66
Trd, 4319133.843, 139
Trd, 4319134.893, 140
Trd, 4319135.893, 140
Trd, 4319135.943, 140
Trd, 4319136.643, 140
Trd, 4319137.093, 139
Trd, 4319137.943, 89
Trd, 4319138.543, 140
Trd, 4319138.743, 84
Trd, 4319139.043, 129
Trd, 4319140.093, 61
Trd, 4319140.493, 140
Trd, 4319141.093, 61
Trd, 4319142.043, 111
Trd, 4319142.943, 140
Trd, 4319143.593, 139
Trd, 4319144.493, 82
Trd, 4319145.143, 80
Trd, 4319145.393, 99
Trd, 4319145.493, 71
Trd, 4319145.943, 140
Trd, 4319146.093, 102
Trd, 4319147.193, 132
Trd, 4319147.493, 124
Trd, 4319148.043, 140
Trd, 4319149.143, 140
Trd, 4319149.193, 139
Trd, 4319149.643, 116
Trd, 4319150.443, 140
Trd, 4319150.993, 104
Trd, 4319151.843, 70
Trd, 4319152.543, 64
Trd, 4319153.743, 63
Trd, 4319154.293, 64
Trd, 4319154.493, 64
Trd, 4319154.643, 129
Trd, 4319156.193, 73
Trd, 4319156.293, 72
Trd, 4319156.793, 108
Trd, 4319157.543, 140
Trd, 4319157.793, 139
Trd, 4319158.443, 129
Trd, 4319158.743, 66
Trd, 4319159.743, 140
Trd, 4319160.893, 139
Trd, 4319160.993, 103
Trd, 4319161.393, 61
Trd, 4319161.543, 61
Trd, 4319162.093, 61
Trd, 4319163.993, 139
Trd, 4319165.743, 139
Trd, 4319166.143, 137
Trd, 4319166.693, 138
Trd, 4319166.793, 118
Trd, 4319167.093, 64
Trd, 4319168.143, 136
Trd, 4319168.243, 90
Trd, 4319169.493, 140
Trd, 4319169.543, 140
Trd, 4319169.743, 132
Trd, 4319170.393, 122
Trd, 4319170.543, 120
Trd, 4319171.343, 139
Trd, 4319171.743, 139
Trd, 4319173.693, 140
Trd, 4319174.843, 140
Trd, 4319175.043, 140
Trd, 4319175.343, 135
Trd, 4319175.993, 122
Trd, 4319176.293, 119
Trd, 4319177.943, 140
Trd, 4319177.993, 139
Trd, 4319178.743, 140
Trd, 4319178.943, 75
Trd, 4319179.843, 140
Trd, 4319181.443, 140
Trd, 4319181.493, 140
Trd, 4319181.543, 139
Trd, 4319181.843, 62
Trd, 4319181.893, 61
Trd, 4319182.443, 69
Trd, 4319183.093, 107
Trd, 4319184.143, 138
Trd, 4319184.393, 113
Trd, 4319185.943, 140
Trd, 4319186.943, 140
Trd, 4319186.993, 140
Trd, 4319188.243, 98
Trd, 4319188.443, 119
Trd, 4319188.843, 60
Trd, 4319189.143, 139
Trd, 4319189.693, 64
Trd, 4319191.043, 139
Trd, 4319191.243, 120
Trd, 4319191.593, 60
Trd, 4319192.943, 60
Trd, 4319193.843, 121
Trd, 4319194.093, 125
Trd, 4319194.293, 137
Trd, 4319194.493, 122
Trd, 4319194.643, 63
Trd, 4319195.593, 63
Trd, 4319195.893, 81
Trd, 4319196.293, 61
Trd, 4319196.743, 138
Trd, 4319197.493, 64
Trd, 4319197.793, 100
Trd, 4319198.043, 60
Trd, 4319198.493, 66
Trd, 4319198.693, 138
Trd, 4319199.943, 96
Trd, 4319200.543, 87
Trd, 4319201.693, 140
Trd, 4319203.143, 140
Trd, 4319203.993, 137
Trd, 4319204.093, 89
Trd, 4319204.643, 103
Trd, 4319205.343, 78
Trd, 4319206.293, 62
Trd, 4319206.343, 126
Trd, 4319207.093, 122
Trd, 4319208.443, 139
Trd, 4319208.543, 84
Trd, 4319209.543, 135
Trd, 4319209.993, 140
Trd, 4319210.393, 140
Trd, 4319211.693, 140
Trd, 4319211.743, 140
Trd, 4319211.993, 136
Trd, 4319212.243, 135
Trd, 4319213.343, 137
Trd, 4319213.643, 112
Trd, 4319214.843, 127
Trd, 4319214.943, 125
Trd, 4319215.943, 63
Trd, 4319216.493, 121
Trd, 4319217.343, 111
Trd, 4319217.593, 140
Trd, 4319219.093, 137
Trd, 4319219.243, 133
Trd, 4319219.493, 68
Trd, 4319220.393, 79
Trd, 4319221.293, 60
Trd, 4319222.843, 60
Trd, 4319222.993, 60
Trd, 4319223.293, 62
Trd, 4319223.343, 77
Trd, 4319223.843, 139
Trd, 4319224.293, 84
Trd, 4319224.693, 109
Trd, 4319225.493, 86
Trd, 4319225.693, 60
Trd, 4319226.893, 60
Trd, 4319227.143, 65
Trd, 4319228.093, 140
Trd, 4319228.943, 140
Trd, 4319228.993, 140
Trd, 4319229.593, 140
Trd, 4319229.893, 137
Trd, 4319230.343, 118
Trd, 4319230.443, 68
Trd, 4319231.293, 98
Trd, 4319232.543, 138
Trd, 4319232.593, 80
Trd, 4319232.943, 140
Trd, 4319233.693, 140
Trd, 4319235.043, 140
Trd, 4319235.593, 140
Trd, 4319235.943, 135
Trd, 4319236.443, 106
Trd, 4319237.843, 139
Trd, 4319238.093, 136
Trd, 4319238.343, 103
Trd, 4319238.893, 97
Trd, 4319240.143, 140
Trd, 4319241.193, 106
Trd, 4319241.243, 103
Trd, 4319242.293, 140
Trd, 4319243.343, 140
Trd, 4319243.393, 139
Trd, 4319243.843, 63
Trd, 4319244.593, 73
Trd, 4319244.793, 72
Trd, 4319245.843, 115
Trd, 4319246.443, 60
Trd, 4319246.943, 61
Trd, 4319247.543, 139
Trd, 4319248.293, 66
Trd, 4319248.643, 61
Trd, 4319249.743, 63
Trd, 4319250.943, 139
Trd, 4319251.243, 136
Trd, 4319251.343, 81
Trd, 4319251.893, 61
Trd, 4319252.543, 115
Trd, 4319253.043, 110
Trd, 4319254.093, 62
Trd, 4319255.393, 139
Trd, 4319256.143, 63
Trd, 4319256.943, 69
Trd, 4319257.743, 60
Trd, 4319258.343, 61
Trd, 4319258.593, 63
Trd, 4319258.993, 64
Trd, 4319259.743, 91
Trd, 4319260.093, 132
Trd, 4319260.243, 90
Trd, 4319261.193, 139
Trd, 4319261.693, 137
Trd, 4319262.143, 117
Trd, 4319263.243, 140
Trd, 4319263.593, 117
Trd, 4319264.793, 71
Trd, 4319265.543, 60
Trd, 4319265.643, 61
Trd, 4319265.893, 63
Trd, 4319266.793, 80
Trd, 4319268.243, 140
Trd, 4319268.843, 126
Trd, 4319269.243, 140
Trd, 4319269.393, 140
Trd, 4319269.543, 125
Trd, 4319269.593, 91
Trd, 4319270.793, 136
Trd, 4319270.843, 84
Trd, 4319272.043, 136
Trd, 4319272.293, 106
Trd, 4319272.643, 139
Trd, 4319272.843, 105
Trd, 4319274.093, 60
Trd, 4319275.943, 140
Trd, 4319276.643, 140
Trd, 4319276.893, 140
Trd, 4319277.693, 140
Trd, 4319277.793, 108
Trd, 4319278.143, 67
Trd, 4319278.843, 60
Trd, 4319278.943, 66
Trd, 4319279.543, 86
Trd, 4319281.443, 137
Trd, 4319281.793, 136
Trd, 4319282.293, 69
Trd, 4319282.943, 61
Trd, 4319283.143, 78
Trd, 4319283.793, 62
Trd, 4319284.343, 67
Trd, 4319285.343, 81
Trd, 4319286.443, 64
Trd, 4319286.593, 64
Trd, 4319287.743, 61
Trd, 4319287.793, 64
Trd, 4319288.693, 61
Trd, 4319288.943, 65
Trd, 4319289.643, 93
Trd, 4319290.893, 140
Trd, 4319291.843, 140
Trd, 4319292.343, 140
Trd, 4319293.593, 124
Trd, 4319294.043, 101
Trd, 4319294.193, 65
Trd, 4319294.793, 139
Trd, 4319295.643, 66
Trd, 4319296.643, 140
Trd, 4319296.843, 120
Trd, 4319297.243, 138
Trd, 4319297.343, 95
Trd, 4319298.743, 62
Trd, 4319298.993, 64
Trd, 4319299.793, 64
Trd, 4319300.443, 140
Trd, 4319300.593, 140
Trd, 4319300.993, 140
Trd, 4319301.143, 139
Trd, 4319302.743, 138
Trd, 4319303.393, 137
Trd, 4319303.593, 136
Trd, 4319303.643, 111
Trd, 4319304.493, 64
Trd, 4319304.993, 80
Trd, 4319305.293, 114
Trd, 4319306.793, 69
Trd, 4319307.043, 120
Trd, 4319307.193, 138
Trd, 4319307.893, 61
Trd, 4319308.293, 63
Trd, 4319308.793, 64
Trd, 4319309.143, 66
Trd, 4319310.443, 60
Trd, 4319310.643, 61
Trd, 4319311.093, 65
Trd, 4319312.243, 126
Trd, 4319312.293, 66
Trd, 4319313.143, 65
Trd, 4319313.993, 63
Trd, 4319314.893, 138
Trd, 4319314.993, 100
Trd, 4319316.293, 140
Trd, 4319316.443, 140
Trd, 4319316.793, 71
Trd, 4319317.743, 125
Trd, 4319317.843, 66
Trd, 4319318.243, 84
Trd, 4319318.743, 63
Trd, 4319319.193, 106
Trd, 4319319.793, 64
Trd, 4319320.743, 62
Trd, 4319321.393, 139
Trd, 4319321.493, 135
Trd, 4319321.793, 140
Trd, 4319322.193, 89
Trd, 4319323.643, 62
Trd, 4319324.843, 67
Trd, 4319324.943, 67
Trd, 4319325.043, 136
Trd, 4319325.593, 61
Trd, 4319325.993, 70
Trd, 4319326.793, 68
Trd, 4319327.243, 104
Trd, 4319328.793, 139
Trd, 4319329.743, 96
Trd, 4319330.243, 128
Trd, 4319330.393, 71
Trd, 4319331.143, 140
Trd, 4319331.593, 99
Trd, 4319332.093, 60
Trd, 4319332.993, 74
Trd, 4319334.843, 60
Trd, 4319335.193, 63
Trd, 4319335.593, 137
Trd, 4319335.943, 138
Trd, 4319336.743, 140
Trd, 4319337.593, 88
Trd, 4319337.893, 111
Trd, 4319338.543, 61
Trd, 4319339.893, 63
Trd, 4319340.193, 60
Trd, 4319340.343, 60
Trd, 4319340.643, 64
Trd, 4319341.093, 91
Trd, 4319342.543, 138
Trd, 4319342.743, 68
Trd, 4319342.843, 96
Trd, 4319344.193, 140
Trd, 4319346.343, 140
Trd, 4319346.443, 140
Trd, 4319346.493, 140
Trd, 4319346.793, 139
Trd, 4319347.193, 121
Trd, 4319348.293, 90
Trd, 4319348.793, 139
Trd, 4319349.993, 140
Trd, 4319350.243, 97
Trd, 4319350.443, 82
Trd, 4319350.943, 139
Trd, 4319351.143, 138
Trd, 4319352.493, 138
Trd, 4319352.893, 103
Trd, 4319354.143, 138
Trd, 4319354.443, 112
Trd, 4319354.993, 116
Trd, 4319356.093, 140
Trd, 4319356.443, 139
Trd, 4319356.493, 126
Trd, 4319358.443, 138
Trd, 4319358.993, 139
Trd, 4319359.793, 103
Trd, 4319360.243, 126
Trd, 4319360.693, 65
Trd, 4319360.843, 67
Trd, 4319363.093, 140
Trd, 4319363.543, 140
Trd, 4319364.543, 139
Trd, 4319364.843, 140
Trd, 4319364.893, 138
Trd, 4319365.243, 129
Trd, 4319366.693, 140
Trd, 4319367.293, 140
Trd, 4319369.193, 139
Trd, 4319369.343, 113
Trd, 4319369.893, 104
Trd, 4319370.943, 140
Trd, 4319371.043, 140
Trd, 4319371.443, 106
Trd, 4319372.543, 140
Trd, 4319372.993, 136
Trd, 4319374.793, 140
Trd, 4319374.893, 140
Trd, 4319375.143, 139
Trd, 4319375.793, 129
Trd, 4319375.943, 121
Trd, 4319377.893, 140
Trd, 4319378.193, 137
Trd, 4319378.443, 140
Trd, 4319378.793, 92
Trd, 4319378.843, 91
Trd, 4319379.743, 60
Trd, 4319379.993, 60
Trd, 4319380.643, 67
Trd, 4319381.343, 76
Trd, 4319381.593, 75
Trd, 4319381.693, 140
Trd, 4319383.193, 139
Trd, 4319383.893, 139
Trd, 4319383.993, 101
Trd, 4319385.693, 140
Trd, 4319386.193, 139
Trd, 4319386.693, 140
Trd, 4319388.143, 126
Trd, 4319388.543, 125
Trd, 4319388.643, 140
Trd, 4319388.693, 121
Trd, 4319388.843, 82
Trd, 4319390.393, 139
Trd, 4319390.443, 137
Trd, 4319390.693, 92
Trd, 4319391.743, 140
Trd, 4319392.343, 137
Trd, 4319393.043, 131
Trd, 4319393.893, 112
Trd, 4319394.793, 63
Trd, 4319395.343, 139
Trd, 4319396.093, 136
Trd, 4319396.443, 117
Trd, 4319396.593, 116
Trd, 4319396.993, 140
Trd, 4319398.343, 140
Trd, 4319398.643, 140
Trd, 4319398.893, 132
Trd, 4319400.243, 137
Trd, 4319400.593, 101
Trd, 4319401.943, 139
Trd, 4319402.543, 138
Trd, 4319403.043, 140
Trd, 4319403.893, 101
Trd, 4319404.343, 121
Trd, 4319404.643, 101
Trd, 4319404.993, 135
Trd, 4319406.693, 135
Trd, 4319406.893, 140
Trd, 4319406.993, 102
Trd, 4319407.993, 60
Trd, 4319408.393, 140
Trd, 4319408.893, 139
Trd, 4319409.043, 138
Trd, 4319409.193, 109
Trd, 4319409.843, 92
Trd, 4319409.893, 63
Trd, 4319410.443, 128
Trd, 4319411.043, 140
Trd, 4319411.643, 139
Trd, 4319413.493, 140
Trd, 4319413.743, 140
Trd, 4319414.293, 132
Trd, 4319415.443, 140
Trd, 4319415.743, 139
Trd, 4319415.843, 139
Trd, 4319415.943, 106
Trd, 4319416.793, 62
Trd, 4319417.043, 131
Trd, 4319417.493, 68
Trd, 4319418.243, 61
Trd, 4319418.693, 140
Trd, 4319419.693, 98
Trd, 4319420.593, 78
Trd, 4319421.243, 139
Trd, 4319421.443, 116
Trd, 4319421.743, 126
Trd, 4319423.693, 107
Trd, 4319424.343, 138
Trd, 4319424.593, 98
Trd, 4319424.943, 89
Trd, 4319425.643, 140
Trd, 4319426.293, 66
Trd, 4319426.693, 140
Trd, 4319427.243, 63
Trd, 4319428.843, 140
Trd, 4319428.893, 139
Trd, 4319429.993, 139
Trd, 4319430.093, 138
Trd, 4319431.443, 82
Trd, 4319431.993, 62
Trd, 4319432.393, 60
Trd, 4319432.893, 140
Trd, 4319432.943, 139
Trd, 4319434.143, 140
Trd, 4319434.593, 131
Trd, 4319435.193, 140
Trd, 4319436.893, 140
Trd, 4319437.343, 140
Trd, 4319437.443, 140
Trd, 4319437.493, 136
Trd, 4319438.093, 87
Trd, 4319439.243, 139
Trd, 4319439.543, 140
Trd, 4319439.893, 140
Trd, 4319441.093, 125
Trd, 4319441.443, 129
Trd, 4319443.143, 100
Trd, 4319443.893, 114
Trd, 4319444.143, 139
Trd, 4319444.743, 63
Trd, 4319445.593, 134
Trd, 4319445.643, 82
Trd, 4319446.293, 140
Trd, 4319446.743, 61
Trd, 4319447.943, 60
Trd, 4319448.743, 140
Trd, 4319449.693, 135
Trd, 4319449.843, 137
Trd, 4319450.043, 121
Trd, 4319451.243, 68
Trd, 4319451.643, 73
Trd, 4319452.643, 140
Trd, 4319452.743, 139
Trd, 4319453.143, 138
Trd, 4319453.943, 117
Trd, 4319455.093, 114
Trd, 4319456.043, 138
Trd, 4319456.143, 100
Trd, 4319456.393, 73
Trd, 4319457.993, 130
Trd, 4319458.393, 63
Trd, 4319459.443, 140
Trd, 4319459.693, 140
Trd, 4319461.193, 140
Trd, 4319461.293, 135
Trd, 4319461.693, 140
Trd, 4319462.293, 130
Trd, 4319462.593, 139
Trd, 4319462.793, 138
Trd, 4319464.343, 140
Trd, 4319464.993, 134
Trd, 4319466.593, 134
Trd, 4319467.093, 128
Trd, 4319467.343, 69
Trd, 4319467.493, 122
Trd, 4319467.893, 70
Trd, 4319467.993, 71
Trd, 4319469.143, 140
Trd, 4319469.393, 124
Trd, 4319470.643, 60
Trd, 4319471.643, 63
Trd, 4319472.293, 60
Trd, 4319474.593, 60
Trd, 4319475.143, 63
Trd, 4319475.193, 64
Trd, 4319475.493, 64
Trd, 4319475.743, 69
Trd, 4319476.993, 67
Trd, 4319477.293, 106
Trd, 4319477.643, 119
Trd, 4319477.793, 61
Trd, 4319478.243, 62
Trd, 4319479.943, 123
Trd, 4319480.143, 76
Trd, 4319480.543, 138
Trd, 4319480.843, 140
Trd, 4319481.443, 134
Trd, 4319481.893, 138
Trd, 4319482.343, 138
Trd, 4319482.793, 137
Trd, 4319483.893, 138
Trd, 4319484.743, 100
Trd, 4319485.593, 113
Trd, 4319485.643, 100
Trd, 4319486.293, 99
Trd, 4319488.143, 140
Trd, 4319488.243, 140
Trd, 4319488.793, 140
Trd, 4319489.593, 131
Trd, 4319489.643, 98
Trd, 4319489.943, 97
Trd, 4319490.893, 139
Trd, 4319491.693, 73
Trd, 4319493.443, 140
Trd, 4319493.643, 128
Trd, 4319493.693, 118
Trd, 4319494.843, 109
Trd, 4319494.943, 88
Trd, 4319495.143, 126
Trd, 4319495.443, 130
Trd, 4319497.043, 62
Trd, 4319497.493, 63
Trd, 4319497.743, 118
Trd, 4319498.743, 60
Trd, 4319498.943, 61
Trd, 4319499.743, 63
Trd, 4319499.893, 63
Trd, 4319500.743, 70
Trd, 4319502.343, 139
Trd, 4319503.543, 138
Trd, 4319503.793, 140
Trd, 4319504.293, 60
Trd, 4319504.843, 60
Trd, 4319505.193, 67
Trd, 4319506.143, 139
Trd, 4319506.943, 76
Trd, 4319507.193, 140
Trd, 4319507.543, 137
Trd, 4319508.193, 138
Trd, 4319508.443, 120
Trd, 4319509.243, 106
Trd, 4319509.943, 67
Trd, 4319510.543, 103
Trd, 4319511.243, 63
Trd, 4319511.443, 78
Trd, 4319511.543, 140
Trd, 4319512.443, 88
Trd, 4319513.443, 64
Trd, 4319514.093, 67
Trd, 4319514.643, 140
Trd, 4319514.893, 98
Trd, 4319514.943, 130
Trd, 4319516.543, 137
Trd, 4319517.793, 140
Trd, 4319518.243, 140
Trd, 4319518.293, 75
Trd, 4319519.293, 139
Trd, 4319519.593, 100
Trd, 4319520.393, 117
Trd, 4319520.843, 140
Trd, 4319521.193, 113
Trd, 4319522.393, 140
Trd, 4319522.743, 93
Trd, 4319523.693, 138
Trd, 4319524.393, 129
Trd, 4319524.443, 127
Trd, 4319524.593, 89
Trd, 4319526.943, 139
Trd, 4319527.943, 139
Trd, 4319528.093, 74
Trd, 4319529.043, 140
Trd, 4319529.493, 121
Trd, 4319530.193, 81
Trd, 4319531.093, 140
Trd, 4319532.293, 140
Trd, 4319533.093, 140
Trd, 4319533.843, 139
Trd, 4319533.943, 136
Trd, 4319534.443, 131
Trd, 4319534.643, 89
Trd, 4319534.993, 88
Trd, 4319536.693, 139
Trd, 4319536.943, 129
Trd, 4319537.743, 121
Trd, 4319538.943, 85
Trd, 4319539.193, 84
Trd, 4319539.593, 140
Trd, 4319540.343, 68
Trd, 4319541.143, 140
Trd, 4319541.843, 140
Trd, 4319541.943, 140
Trd, 4319542.393, 75
Trd, 4319543.443, 122
Trd, 4319544.293, 119
Trd, 4319545.443, 60
Trd, 4319546.243, 61
Trd, 4319546.493, 62
Trd, 4319546.693, 63
Trd, 4319547.243, 136
Trd, 4319548.343, 140
Trd, 4319548.943, 140
Trd, 4319549.293, 140
Trd, 4319549.543, 72
Trd, 4319550.543, 63
Trd, 4319550.593, 66
Trd, 4319551.243, 132
Trd, 4319552.243, 140
Trd, 4319552.743, 140
Trd, 4319553.143, 140
Trd, 4319553.593, 129
Trd, 4319554.493, 140
Trd, 4319554.793, 132
Trd, 4319555.293, 133
Trd, 4319555.393, 97
Trd, 4319555.643, 133
Trd, 4319556.543, 120
Trd, 4319557.143, 62
Trd, 4319559.193, 80
Trd, 4319559.243, 79
Trd, 4319560.593, 140
Trd, 4319560.643, 140
Trd, 4319560.993, 138
Trd, 4319561.543, 119
Trd, 4319562.593, 140
Trd, 4319563.293, 136
Trd, 4319564.193, 60
Trd, 4319564.843, 64
Trd, 4319566.093, 60
Trd, 4319566.143, 62
Trd, 4319566.693, 65
Trd, 4319567.143, 106
Trd, 4319567.943, 63
Trd, 4319568.243, 64
Trd, 4319568.843, 71
Trd, 4319569.443, 80
Trd, 4319569.893, 85
Trd, 4319571.093, 140
Trd, 4319571.493, 101
Trd, 4319571.993, 98
Trd, 4319572.793, 140
Trd, 4319573.793, 139
Trd, 4319574.693, 140
Trd, 4319575.443, 136
Trd, 4319576.093, 130
Trd, 4319576.393, 133
Trd, 4319577.143, 140
Trd, 4319577.993, 114
Trd, 4319578.743, 62
Trd, 4319579.093, 104
Trd, 4319579.543, 108
Trd, 4319580.193, 105
Trd, 4319580.693, 140
Trd, 4319581.043, 97
Trd, 4319582.293, 68
Trd, 4319583.043, 129
Trd, 4319583.093, 137
Trd, 4319583.443, 140
Trd, 4319584.643, 137
Trd, 4319585.193, 138
Trd, 4319585.643, 123
Trd, 4319585.693, 70
Trd, 4319585.893, 60
Trd, 4319588.393, 140
Trd, 4319588.443, 140
Trd, 4319589.343, 132
Trd, 4319589.793, 140
Trd, 4319589.843, 113
Trd, 4319590.793, 96
Trd, 4319591.943, 139
Trd, 4319592.043, 95
Trd, 4319592.543, 77
Trd, 4319593.193, 74
Trd, 4319593.543, 139
Trd, 4319594.543, 140
Trd, 4319596.293, 62
Trd, 4319596.343, 100
Trd, 4319596.593, 64
Trd, 4319597.143, 96
Trd, 4319597.343, 96
Trd, 4319599.043, 140
Trd, 4319599.393, 139
Trd, 4319600.243, 113
Trd, 4319600.593, 140
Trd, 4319601.043, 98
Trd, 4319601.743, 81
Trd, 4319602.943, 139
Trd, 4319603.043, 140
Trd, 4319604.443, 115
Trd, 4319604.943, 138
Trd, 4319605.543, 60
Trd, 4319606.293, 60
Trd, 4319606.343, 62
Trd, 4319606.893, 85
Trd, 4319607.743, 139
Trd, 4319607.893, 136
Trd, 4319608.093, 76
Trd, 4319610.493, 140
Trd, 4319610.893, 140
Trd, 4319611.193, 140
Trd, 4319611.593, 81
Trd, 4319612.443, 61
Trd, 4319612.993, 62
Trd, 4319613.143, 99
Trd, 4319613.343, 62
Trd, 4319614.643, 83
Trd, 4319615.393, 102
Trd, 4319616.343, 138
Trd, 4319616.443, 101
Trd, 4319617.093, 113
Trd, 4319617.593, 85
Trd, 4319617.943, 91
Trd, 4319618.343, 123
Trd, 4319618.393, 78
Trd, 4319618.643, 66
Trd, 4319619.593, 61
Trd, 4319620.393, 140
Trd, 4319621.193, 140
Trd, 4319621.793, 140
Trd, 4319621.893, 139
Trd, 4319622.893, 62
Trd, 4319623.193, 139
Trd, 4319624.193, 102
Trd, 4319625.193, 140
Trd, 4319625.693, 83
Trd, 4319625.893, 77
Trd, 4319626.493, 140
Trd, 4319626.743, 138
Trd, 4319627.693, 114
Trd, 4319628.343, 138
Trd, 4319628.543, 74
Trd, 4319629.293, 62
Trd, 4319630.043, 60
Trd, 4319630.693, 60
Trd, 4319631.343, 62
Trd, 4319631.743, 64
Trd, 4319632.493, 61
Trd, 4319632.943, 65
Trd, 4319633.943, 60
Trd, 4319633.993, 62
Trd, 4319634.893, 81
Trd, 4319635.393, 100
Trd, 4319636.543, 140
Trd, 4319637.293, 140
Trd, 4319637.443, 76
Trd, 4319638.043, 60
Trd, 4319638.093, 65
Trd, 4319639.243, 106
Trd, 4319640.143, 121
Trd, 4319640.493, 60
Trd, 4319641.843, 60
Trd, 4319642.543, 61
Trd, 4319643.243, 62
Trd, 4319643.593, 63
Trd, 4319644.243, 99
Trd, 4319645.443, 138
Trd, 4319645.743, 140
Trd, 4319646.893, 140
Trd, 4319647.043, 140
Trd, 4319647.143, 132
Trd, 4319647.793, 135
Trd, 4319647.943, 81
Trd, 4319648.593, 91
Trd, 4319649.493, 62
Trd, 4319649.743, 61
Trd, 4319650.543, 60
Trd, 4319651.293, 61
Trd, 4319651.393, 69
Trd, 4319652.643, 66
Trd, 4319652.743, 67
Trd, 4319653.143, 138
Trd, 4319653.843, 118
Trd, 4319654.893, 69
Trd, 4319655.193, 62
Trd, 4319656.193, 70
Trd, 4319656.643, 83
Trd, 4319657.043, 100
Trd, 4319658.093, 63
Trd, 4319658.943, 70
Trd, 4319660.093, 110
Trd, 4319660.393, 138
Trd, 4319660.793, 125
Trd, 4319661.043, 109
Trd, 4319661.893, 61
Trd, 4319662.643, 134
Trd, 4319662.743, 139
Trd, 4319663.643, 140
Trd, 4319663.743, 139
Trd, 4319665.043, 137
Trd, 4319665.943, 135
Trd, 4319665.993, 84
Trd, 4319667.293, 63
Trd, 4319668.543, 140
Trd, 4319668.743, 140
Trd, 4319668.893, 139
Trd, 4319669.093, 137
Trd, 4319669.293, 130
Trd, 4319669.893, 110
Trd, 4319671.643, 140
Trd, 4319671.943, 140
Trd, 4319672.243, 139
Trd, 4319672.493, 138
Trd, 4319672.993, 64
Trd, 4319674.093, 75
Trd, 4319675.443, 77
Trd, 4319676.193, 137
Trd, 4319677.443, 139
Trd, 4319677.793, 140
Trd, 4319678.543, 138
Trd, 4319678.643, 85
Trd, 4319679.043, 139
Trd, 4319679.243, 77
Trd, 4319680.293, 60
Trd, 4319681.343, 61
Trd, 4319682.143, 61
Trd, 4319682.243, 61
Trd, 4319682.693, 100
Trd, 4319683.443, 61
Trd, 4319684.343, 64
Trd, 4319684.393, 115
Trd, 4319684.793, 61
Trd, 4319685.193, 61
Trd, 4319686.043, 133
Trd, 4319686.143, 116
Trd, 4319686.793, 140
Trd, 4319687.143, 140
Trd, 4319687.743, 62
Trd, 4319689.093, 62
Trd, 4319690.693, 63
Trd, 4319690.893, 70
Trd, 4319691.743, 134
Trd, 4319692.593, 140
Trd, 4319692.793, 140
Trd, 4319693.243, 140
Trd, 4319693.543, 126
Trd, 4319695.043, 139
Trd, 4319695.143, 106
Trd, 4319696.593, 140
Trd, 4319696.643, 128
Trd, 4319697.043, 140
Trd, 4319699.193, 140
Trd, 4319699.393, 139
Trd, 4319699.543, 137
Trd, 4319700.193, 112
Trd, 4319700.993, 136
Trd, 4319701.543, 60
Trd, 4319701.793, 62
Trd, 4319702.743, 139
Trd, 4319703.593, 140
Trd, 4319704.493, 138
Trd, 4319704.593, 126
Trd, 4319704.993, 61
Trd, 4319706.643, 140
Trd, 4319707.193, 85
Trd, 4319707.593, 118
Trd, 4319707.993, 137
Trd, 4319708.093, 136
Trd, 4319709.143, 60
Trd, 4319709.193, 61
Trd, 4319709.843, 78
Trd, 4319710.443, 77
Trd, 4319712.093, 120
Trd, 4319712.793, 140
Trd, 4319712.993, 117
Trd, 4319713.493, 109
Trd, 4319713.643, 140
Trd, 4319713.943, 139
Trd, 4319714.593, 116
Trd, 4319715.443, 136
Trd, 4319715.693, 135
Trd, 4319716.393, 139
Trd, 4319716.493, 135
Trd, 4319718.193, 119
Trd, 4319718.943, 92
Trd, 4319719.243, 84
Trd, 4319719.993, 70
Trd, 4319720.493, 64
Trd, 4319720.593, 89
Trd, 4319720.743, 62
Trd, 4319721.993, 140
Trd, 4319723.143, 140
Trd, 4319723.793, 140
Trd, 4319724.143, 140
Trd, 4319724.843, 104
Trd, 4319725.243, 80
Trd, 4319726.193, 140
Trd, 4319726.293, 139
Trd, 4319726.493, 64
Trd, 4319727.593, 95
Trd, 4319727.693, 61
Trd, 4319728.743, 140
Trd, 4319729.393, 140
Trd, 4319730.293, 140
Trd, 4319731.193, 140
Trd, 4319731.443, 139
Trd, 4319731.993, 140
Trd, 4319732.993, 138
Trd, 4319733.693, 139
Trd, 4319735.043, 119
Trd, 4319735.343, 101
Trd, 4319735.543, 101
Trd, 4319735.743, 85
Trd, 4319735.993, 139
Trd, 4319736.943, 132
Trd, 4319737.443, 139
Trd, 4319738.343, 126
Trd, 4319738.543, 62
Trd, 4319739.643, 140
Trd, 4319739.743, 137
Trd, 4319739.993, 130
Trd, 4319740.543, 111
Trd, 4319740.993, 71
Trd, 4319742.743, 65
Trd, 4319743.093, 66
Trd, 4319744.193, 79
Trd, 4319745.043, 140
Trd, 4319745.393, 139
Trd, 4319745.543, 65
Trd, 4319745.943, 139
Trd, 4319746.243, 100
Trd, 4319746.693, 130
Trd, 4319748.643, 61
Trd, 4319749.093, 61
Trd, 4319749.243, 66
Trd, 4319750.893, 64
Trd, 4319751.293, 117
Trd, 4319751.693, 140
Trd, 4319751.743, 140
Trd, 4319753.993, 61
Trd, 4319754.643, 65
Trd, 4319755.993, 109
Trd, 4319756.693, 139
Trd, 4319756.793, 136
Trd, 4319757.443, 92
Trd, 4319757.593, 138
Trd, 4319758.093, 113
Trd, 4319758.293, 140
Trd, 4319758.543, 64
Trd, 4319759.893, 140
Trd, 4319760.643, 140
Trd, 4319760.693, 139
Trd, 4319761.143, 80
Trd, 4319761.393, 71
Trd, 4319761.693, 63
Trd, 4319762.143, 139
Trd, 4319763.493, 67
Trd, 4319763.543, 63
Trd, 4319764.543, 140
Trd, 4319764.593, 139
Trd, 4319765.643, 124
Trd, 4319766.443, 139
Trd, 4319766.643, 140
Trd, 4319767.293, 137
Trd, 4319767.743, 91
Trd, 4319769.143, 137
Trd, 4319769.743, 139
Trd, 4319770.543, 111
Trd, 4319770.593, 61
Trd, 4319771.993, 140
Trd, 4319772.743, 140
Trd, 4319772.943, 92
Trd, 4319773.143, 93
Trd, 4319773.793, 73
Trd, 4319774.843, 140
Trd, 4319775.943, 140
Trd, 4319777.443, 140
Trd, 4319777.943, 136
Trd, 4319778.093, 93
Trd, 4319778.593, 137
Trd, 4319779.093, 118
Trd, 4319779.393, 139
Trd, 4319780.543, 138
Trd, 4319781.443, 140
Trd, 4319782.143, 140
Trd, 4319782.893, 140
Trd, 4319783.243, 105
Trd, 4319783.743, 123
Trd, 4319784.843, 140
Trd, 4319784.993, 138
Trd, 4319785.343, 123
Trd, 4319786.243, 129
Trd, 4319786.493, 140
Trd, 4319787.493, 83
Trd, 4319788.093, 61
Trd, 4319788.343, 92
Trd, 4319789.143, 60
Trd, 4319789.593, 64
Trd, 4319791.293, 60
Trd, 4319791.493, 64
Trd, 4319791.793, 64
Trd, 4319791.893, 91
Trd, 4319792.143, 138
Trd, 4319794.043, 63
Trd, 4319794.693, 63
Trd, 4319795.043, 60
Trd, 4319795.393, 72
Trd, 4319795.793, 64
Trd, 4319796.993, 140
Trd, 4319797.043, 108
Trd, 4319797.843, 140
Trd, 4319799.693, 137
Trd, 4319799.793, 137
Trd, 4319800.043, 105
Trd, 4319800.193, 86
Trd, 4319800.643, 125
Trd, 4319800.993, 84
Trd, 4319802.143, 67
Trd, 4319802.693, 102
Trd, 4319802.843, 62
Trd, 4319803.043, 103
Trd, 4319803.593, 61
Trd, 4319805.143, 140
Trd, 4319805.343, 140
Trd, 4319805.693, 100
Trd, 4319806.093, 140
Trd, 4319806.293, 140
Trd, 4319806.993, 67
Trd, 4319807.743, 117
Trd, 4319808.593, 99
Trd, 4319809.793, 140
Trd, 4319809.993, 140
Trd, 4319810.143, 125
Trd, 4319810.643, 139
Trd, 4319812.193, 140
Trd, 4319812.693, 136
Trd, 4319814.143, 139
Trd, 4319814.543, 139
Trd, 4319814.593, 138
Trd, 4319815.193, 139
Trd, 4319815.593, 111
Trd, 4319816.643, 119
Trd, 4319818.243, 140
Trd, 4319818.293, 131
Trd, 4319818.943, 98
Trd, 4319819.743, 140
Trd, 4319820.043, 112
Trd, 4319820.543, 115
Trd, 4319821.343, 65
Trd, 4319822.343, 140
Trd, 4319822.543, 140
Trd, 4319822.593, 140
Trd, 4319822.943, 90
Trd, 4319824.993, 140
Trd, 4319825.243, 140
Trd, 4319825.393, 140
Trd, 4319825.443, 138
Trd, 4319826.793, 140
Trd, 4319826.843, 79
Trd, 4319827.393, 114
Trd, 4319828.843, 140
Trd, 4319828.943, 139
Trd, 4319829.493, 138
Trd, 4319830.193, 140
Trd, 4319830.793, 124
Trd, 4319830.943, 79
Trd, 4319833.143, 109
Trd, 4319833.643, 91
Trd, 4319833.893, 74
Trd, 4319833.993, 67
Trd, 4319835.243, 96
Trd, 4319835.643, 139
Trd, 4319836.043, 139
Trd, 4319836.443, 66
Trd, 4319836.943, 71
Trd, 4319837.693, 140
Trd, 4319838.243, 139
Trd, 4319838.893, 140
Trd, 4319838.943, 105
Trd, 4319838.993, 78
Trd, 4319840.743, 61
Trd, 4319840.843, 64
Trd, 4319841.543, 60
Trd, 4319842.393, 67
Trd, 4319842.543, 63
Trd, 4319843.093, 65
Trd, 4319843.493, 140
Trd, 4319844.543, 138
Trd, 4319844.693, 66
Trd, 4319845.093, 60
Trd, 4319846.943, 61
Trd, 4319847.043, 64
Trd, 4319847.693, 61
Trd, 4319847.793, 65
Trd, 4319848.743, 140
Trd, 4319849.293, 61
Trd, 4319849.743, 136
Trd, 4319851.643, 63
Trd, 4319852.143, 62
Trd, 4319852.243, 65
Trd, 4319852.593, 69
Trd, 4319853.893, 126
Trd, 4319854.043, 83
Trd, 4319854.543, 128
Trd, 4319854.943, 118
Trd, 4319855.893, 139
Trd, 4319856.093, 117
Trd, 4319856.693, 76
Trd, 4319857.343, 140
Trd, 4319857.693, 65
Trd, 4319858.243, 137
Trd, 4319859.243, 62
Trd, 4319860.193, 60
Trd, 4319860.543, 60
Trd, 4319860.943, 61
Trd, 4319861.493, 90
Trd, 4319862.793, 67
Trd, 4319862.843, 71
Trd, 4319863.943, 66
Trd, 4319865.393, 61
Trd, 4319865.493, 62
Trd, 4319865.893, 64
Trd, 4319867.143, 140
Trd, 4319867.693, 139
Trd, 4319867.893, 97
Trd, 4319868.593, 69
Trd, 4319869.143, 60
Trd, 4319870.793, 140
Trd, 4319871.843, 140
Trd, 4319871.893, 139
Trd, 4319871.943, 85
Trd, 4319872.293, 112
Trd, 4319873.143, 137
Trd, 4319873.643, 136
Trd, 4319874.143, 138
Trd, 4319875.193, 140
Trd, 4319875.543, 111
Trd, 4319875.893, 93
Trd, 4319876.643, 140
Trd, 4319877.743, 140
Trd, 4319878.643, 140
Trd, 4319879.393, 139
Trd, 4319879.443, 115
Trd, 4319879.993, 138
Trd, 4319880.593, 113
Trd, 4319881.393, 140
Trd, 4319881.893, 139
Trd, 4319882.543, 107
Trd, 4319882.593, 93
Trd, 4319882.793, 64
Trd, 4319883.493, 97
Trd, 4319884.543, 140
Trd, 4319884.893, 138
Trd, 4319885.693, 140
Trd, 4319887.443, 137
Trd, 4319888.043, 101
Trd, 4319888.093, 100
Trd, 4319888.343, 89
Trd, 4319890.293, 140
Trd, 4319890.393, 140
Trd, 4319890.543, 140
Trd, 4319890.793, 115
Trd, 4319891.543, 65
Trd, 4319893.443, 140
Trd, 4319894.143, 121
Trd, 4319894.443, 111
Trd, 4319894.793, 139
Trd, 4319895.543, 140
Trd, 4319896.343, 124
Trd, 4319896.393, 108
Trd, 4319896.943, 140
Trd, 4319898.293, 115
Trd, 4319898.343, 97
Trd, 4319898.493, 140
Trd, 4319900.293, 100
Trd, 4319901.393, 140
Trd, 4319901.593, 140
Trd, 4319901.693, 137
Trd, 4319901.743, 106
Trd, 4319902.543, 140
Trd, 4319904.143, 78
Trd, 4319904.293, 77
Trd, 4319904.343, 75
Trd, 4319905.293, 60
Trd, 4319907.443, 140
Trd, 4319907.593, 140
Trd, 4319908.393, 140
Trd, 4319909.143, 138
Trd, 4319909.193, 135
Trd, 4319910.693, 140
Trd, 4319912.943, 140
Trd, 4319912.993, 139
Trd, 4319913.343, 139
Trd, 4319913.643, 137
Trd, 4319914.243, 106
Trd, 4319914.743, 137
Trd, 4319915.593, 100
Trd, 4319916.343, 140
Trd, 4319916.493, 140
Trd, 4319916.643, 125
Trd, 4319918.243, 140
Trd, 4319918.393, 140
Trd, 4319918.993, 138
Trd, 4319919.243, 132
Trd, 4319919.793, 101
Trd, 4319919.843, 78
Trd, 4319921.293, 140
Trd, 4319922.043, 140
Trd, 4319922.143, 140
Trd, 4319922.193, 97
Trd, 4319923.343, 138
Trd, 4319923.993, 104
Trd, 4319924.693, 135
Trd, 4319925.043, 69
Trd, 4319925.593, 60
Trd, 4319925.893, 63
Trd, 4319926.943, 139
Trd, 4319927.393, 73
Trd, 4319929.043, 64
Trd, 4319929.293, 70
Trd, 4319930.193, 140
Trd, 4319930.543, 122
Trd, 4319931.343, 140
Trd, 4319931.693, 139
Trd, 4319933.243, 138
Trd, 4319933.393, 135
Trd, 4319933.493, 108
Trd, 4319933.843, 60
Trd, 4319934.693, 140
Trd, 4319935.893, 126
Trd, 4319935.943, 78
Trd, 4319936.643, 65
Trd, 4319936.743, 107
Trd, 4319937.143, 139
Trd, 4319937.443, 140
Trd, 4319939.393, 88
Trd, 4319939.993, 70
Trd, 4319940.543, 140
Trd, 4319941.243, 132
Trd, 4319941.293, 124
Trd, 4319942.193, 137
Trd, 4319943.443, 67
Trd, 4319944.693, 140
Trd, 4319944.843, 131
Trd, 4319944.943, 117
Trd, 4319945.193, 92
Trd, 4319946.443, 139
Trd, 4319947.293, 138
Trd, 4319947.693, 139
Trd, 4319948.043, 137
Trd, 4319948.943, 136
Trd, 4319949.043, 119
Trd, 4319950.093, 104
Trd, 4319950.893, 131
Trd, 4319950.993, 137
Trd, 4319951.493, 103
Trd, 4319952.093, 136
Trd, 4319952.143, 84
Trd, 4319952.893, 140
Trd, 4319953.243, 91
Trd, 4319954.393, 139
Trd, 4319954.493, 113
Trd, 4319954.693, 81
Trd, 4319954.993, 139
Trd, 4319955.893, 62
Trd, 4319955.993, 62
Trd, 4319956.893, 63
Trd, 4319957.443, 140
Trd, 4319958.093, 113
Trd, 4319958.743, 60
Trd, 4319959.493, 60
Trd, 4319960.043, 61
Trd, 4319960.543, 139
Trd, 4319961.093, 138
Trd, 4319961.243, 70
Trd, 4319962.793, 138
Trd, 4319963.143, 92
Trd, 4319963.443, 140
Trd, 4319963.993, 115
Trd, 4319964.293, 84
Trd, 4319964.943, 66
Trd, 4319967.093, 124
Trd, 4319967.593, 127
Trd, 4319967.893, 140
Trd, 4319968.443, 69
Trd, 4319969.093, 60
Trd, 4319969.393, 139
Trd, 4319970.143, 139
Trd, 4319970.343, 61
Trd, 4319971.743, 60
Trd, 4319972.343, 62
Trd, 4319973.043, 60
Trd, 4319973.293, 62
Trd, 4319973.943, 76
Trd, 4319974.843, 64
Trd, 4319974.943, 108
Trd, 4319975.293, 62
Trd, 4319976.193, 60
Trd, 4319976.743, 67
Trd, 4319977.743, 70
Trd, 4319978.193, 68
Trd, 4319979.143, 62
Trd, 4319979.593, 66
Trd, 4319980.093, 61
Trd, 4319980.493, 61
Trd, 4319981.093, 60
Trd, 4319981.993, 63
Trd, 4319982.693, 140
Trd, 4319982.893, 95
Trd, 4319983.543, 124
Trd, 4319984.693, 77
Trd, 4319985.793, 101
Trd, 4319986.443, 60
Trd, 4319986.893, 62
Trd, 4319987.593, 60
Trd, 4319987.743, 62
Trd, 4319988.143, 121
Trd, 4319988.793, 64
Trd, 4319988.993, 82
Trd, 4319990.443, 65
Trd, 4319991.043, 138
Trd, 4319992.393, 60
Trd, 4319992.793, 68
Trd, 4319993.143, 61
Trd, 4319994.093, 62
Trd, 4319994.893, 64
Trd, 4319995.443, 61
Trd, 4319995.993, 69
Trd, 4319996.643, 88
Trd, 4319997.593, 77
Trd, 4319997.693, 96
Trd, 4319997.993, 62
Trd, 4319998.743, 60
Trd, 4319999.343, 83
Trd, 4319999.443, 134
