Trd, 4318160.343, 108
Trd, 4318160.493, 97
Trd, 4318160.843, 91
Trd, 4318161.443, 89
Trd, 4318162.593, 116
Trd, 4318162.643, 127
Trd, 4318162.693, 110
Trd, 4318163.893, 96
Trd, 4318164.793, 118
Trd, 4318165.593, 106
Trd, 4318166.643, 129
Trd, 4318167.343, 131
Trd, 4318167.493, 121
Trd, 4318167.843, 112
Trd, 4318168.543, 124
Trd, 4318168.743, 114
Trd, 4318169.043, 107
Trd, 4318169.093, 90
Trd, 4318169.493, 101
Trd, 4318170.193, 72
Trd, 4318171.643, 138
Trd, 4318172.643, 136
Trd, 4318172.743, 108
Trd, 4318174.393, 105
Trd, 4318174.543, 104
Trd, 4318174.743, 102
Trd, 4318174.793, 84
Trd, 4318174.893, 115
Trd, 4318175.493, 98
Trd, 4318175.793, 76
Trd, 4318176.593, 112
Trd, 4318177.943, 102
Trd, 4318178.493, 88
Trd, 4318178.943, 94
Trd, 4318179.743, 112
Trd, 4318180.243, 84
Trd, 4318181.043, 137
Trd, 4318181.443, 106
Trd, 4318181.943, 84
Trd, 4318183.093, 139
Trd, 4318184.993, 129
Trd, 4318185.443, 104
Trd, 4318185.693, 104
Trd, 4318185.743, 101
Trd, 4318186.943, 117
Trd, 4318187.143, 91
Trd, 4318188.493, 125
Trd, 4318189.093, 134
Trd, 4318189.943, 119
Trd, 4318190.193, 102
Trd, 4318190.343, 97
Trd, 4318191.193, 75
Trd, 4318191.693, 83
Trd, 4318191.943, 71
Trd, 4318192.443, 66
Trd, 4318193.693, 98
Trd, 4318194.143, 111
Trd, 4318195.593, 106
Trd, 4318195.743, 112
Trd, 4318195.943, 106
Trd, 4318196.693, 127
Trd, 4318196.743, 116
Trd, 4318198.343, 140
Trd, 4318198.643, 135
Trd, 4318199.043, 122
Trd, 4318200.043, 127
Trd, 4318200.443, 120
Trd, 4318201.843, 138
Trd, 4318202.593, 140
Trd, 4318203.293, 107
Trd, 4318204.743, 84
Trd, 4318205.593, 99
Trd, 4318205.893, 90
Trd, 4318207.243, 119
Trd, 4318207.493, 108
Trd, 4318207.893, 110
Trd, 4318207.943, 126
Trd, 4318208.293, 82
Trd, 4318208.643, 100
Trd, 4318209.643, 81
Trd, 4318209.793, 89
Trd, 4318210.593, 85
Trd, 4318211.193, 137
Trd, 4318213.793, 136
Trd, 4318213.893, 136
Trd, 4318214.443, 108
Trd, 4318214.943, 107
Trd, 4318215.543, 130
Trd, 4318215.943, 132
Trd, 4318216.493, 89
Trd, 4318218.243, 74
Trd, 4318219.143, 85
Trd, 4318220.243, 140
Trd, 4318220.343, 86
Trd, 4318220.643, 109
Trd, 4318221.543, 78
Trd, 4318221.793, 82
Trd, 4318222.243, 121
Trd, 4318222.743, 92
Trd, 4318223.443, 139
Trd, 4318224.643, 125
Trd, 4318225.093, 139
Trd, 4318225.893, 94
Trd, 4318226.443, 126
Trd, 4318226.643, 72
Trd, 4318226.993, 138
Trd, 4318228.543, 73
Trd, 4318228.743, 112
Trd, 4318229.493, 73
Trd, 4318229.993, 89
Trd, 4318230.393, 131
Trd, 4318230.893, 86
Trd, 4318231.643, 130
Trd, 4318232.593, 134
Trd, 4318233.993, 114
Trd, 4318234.143, 123
Trd, 4318234.893, 91
Trd, 4318235.593, 137
Trd, 4318236.043, 104
Trd, 4318236.243, 71
Trd, 4318237.393, 136
Trd, 4318238.293, 96
Trd, 4318238.943, 68
Trd, 4318239.293, 63
Trd, 4318239.643, 82
Trd, 4318239.943, 67
Trd, 4318241.293, 139
Trd, 4318241.643, 139
Trd, 4318241.693, 125
Trd, 4318242.743, 128
Trd, 4318243.093, 120
Trd, 4318243.243, 137
Trd, 4318243.443, 107
Trd, 4318244.643, 112
Trd, 4318245.043, 104
Trd, 4318245.793, 100
Trd, 4318246.593, 86
Trd, 4318246.643, 70
Trd, 4318247.293, 136
Trd, 4318247.493, 130
Trd, 4318248.693, 135
Trd, 4318249.643, 113
Trd, 4318249.793, 110
Trd, 4318250.143, 121
Trd, 4318251.693, 139
Trd, 4318252.243, 126
Trd, 4318253.243, 129
Trd, 4318254.493, 135
Trd, 4318254.543, 133
Trd, 4318254.643, 122
Trd, 4318255.343, 93
Trd, 4318257.493, 138
Trd, 4318257.843, 108
Trd, 4318258.293, 93
Trd, 4318258.343, 123
Trd, 4318258.743, 88
Trd, 4318259.593, 139
Trd, 4318260.043, 121
Trd, 4318260.793, 116
Trd, 4318263.543, 115
Trd, 4318263.593, 118
Trd, 4318264.443, 135
Trd, 4318264.593, 122
Trd, 4318265.493, 109
Trd, 4318265.893, 132
Trd, 4318266.543, 114
Trd, 4318267.243, 129
Trd, 4318268.443, 71
Trd, 4318268.643, 63
Trd, 4318269.443, 112
Trd, 4318269.693, 66
Trd, 4318270.243, 82
Trd, 4318270.943, 66
Trd, 4318270.993, 90
Trd, 4318271.643, 84
Trd, 4318272.443, 104
Trd, 4318273.143, 115
Trd, 4318273.193, 119
Trd, 4318274.193, 109
Trd, 4318275.793, 95
Trd, 4318275.893, 123
Trd, 4318276.093, 80
Trd, 4318276.743, 67
Trd, 4318277.293, 74
Trd, 4318277.893, 131
Trd, 4318278.493, 64
Trd, 4318278.793, 138
Trd, 4318280.193, 91
Trd, 4318281.593, 111
Trd, 4318281.893, 114
Trd, 4318282.093, 96
Trd, 4318282.343, 89
Trd, 4318282.943, 115
Trd, 4318283.443, 98
Trd, 4318284.293, 62
Trd, 4318284.843, 83
Trd, 4318286.093, 74
Trd, 4318286.943, 73
Trd, 4318288.793, 100
Trd, 4318288.893, 76
Trd, 4318289.143, 101
Trd, 4318289.693, 104
Trd, 4318290.493, 87
Trd, 4318291.443, 75
Trd, 4318292.493, 95
Trd, 4318292.843, 75
Trd, 4318293.243, 115
Trd, 4318294.993, 89
Trd, 4318295.143, 119
Trd, 4318296.743, 71
Trd, 4318296.843, 79
Trd, 4318297.593, 86
Trd, 4318297.893, 90
Trd, 4318297.943, 86
Trd, 4318298.843, 105
Trd, 4318299.193, 84
Trd, 4318300.143, 140
Trd, 4318300.243, 125
Trd, 4318300.443, 85
Trd, 4318302.293, 123
Trd, 4318302.943, 133
Trd, 4318303.293, 139
Trd, 4318303.943, 100
Trd, 4318304.943, 102
Trd, 4318305.993, 92
Trd, 4318306.593, 133
Trd, 4318306.743, 95
Trd, 4318306.993, 70
Trd, 4318308.093, 99
Trd, 4318308.243, 65
Trd, 4318308.643, 61
Trd, 4318309.943, 81
Trd, 4318310.793, 102
Trd, 4318311.643, 64
Trd, 4318312.543, 68
Trd, 4318313.743, 124
Trd, 4318314.093, 130
Trd, 4318314.293, 114
Trd, 4318316.293, 132
Trd, 4318316.993, 138
Trd, 4318317.243, 124
Trd, 4318318.543, 101
Trd, 4318318.643, 124
Trd, 4318318.943, 131
Trd, 4318319.393, 135
Trd, 4318320.643, 90
Trd, 4318321.043, 100
Trd, 4318321.943, 114
Trd, 4318322.043, 108
Trd, 4318322.343, 140
Trd, 4318323.093, 136
Trd, 4318323.943, 134
Trd, 4318324.043, 108
Trd, 4318325.143, 137
Trd, 4318325.643, 125
Trd, 4318327.143, 114
Trd, 4318327.543, 134
Trd, 4318328.293, 125
Trd, 4318329.093, 138
Trd, 4318329.343, 135
Trd, 4318329.443, 111
Trd, 4318329.493, 110
Trd, 4318329.943, 101
Trd, 4318330.343, 74
Trd, 4318330.943, 73
Trd, 4318332.343, 116
Trd, 4318332.393, 120
Trd, 4318333.093, 123
Trd, 4318333.643, 83
Trd, 4318333.843, 125
Trd, 4318334.393, 75
Trd, 4318334.743, 100
Trd, 4318336.693, 73
Trd, 4318337.543, 69
Trd, 4318338.543, 111
Trd, 4318339.093, 101
Trd, 4318339.193, 102
Trd, 4318339.893, 133
Trd, 4318340.143, 98
Trd, 4318340.443, 69
Trd, 4318341.343, 75
Trd, 4318341.543, 127
Trd, 4318342.193, 114
Trd, 4318343.493, 137
Trd, 4318345.393, 84
Trd, 4318345.543, 84
Trd, 4318346.593, 77
Trd, 4318346.743, 80
Trd, 4318347.293, 79
Trd, 4318347.543, 82
Trd, 4318348.593, 110
Trd, 4318348.643, 132
Trd, 4318350.143, 94
Trd, 4318351.443, 71
Trd, 4318352.143, 72
Trd, 4318352.693, 67
Trd, 4318352.943, 85
Trd, 4318353.443, 127
Trd, 4318353.793, 124
Trd, 4318355.143, 80
Trd, 4318355.193, 89
Trd, 4318355.793, 139
Trd, 4318356.043, 110
Trd, 4318356.743, 99
Trd, 4318357.043, 122
Trd, 4318357.093, 84
Trd, 4318359.593, 113
Trd, 4318360.593, 140
Trd, 4318361.193, 132
Trd, 4318361.393, 116
Trd, 4318362.543, 119
Trd, 4318363.243, 130
Trd, 4318363.943, 118
Trd, 4318364.043, 95
Trd, 4318364.343, 66
Trd, 4318364.743, 126
Trd, 4318367.043, 140
Trd, 4318367.243, 120
Trd, 4318367.393, 62
Trd, 4318368.543, 139
Trd, 4318368.593, 88
Trd, 4318368.893, 116
Trd, 4318369.343, 91
Trd, 4318369.493, 79
Trd, 4318370.043, 96
Trd, 4318371.243, 139
Trd, 4318371.443, 128
Trd, 4318371.593, 71
Trd, 4318372.893, 62
Trd, 4318373.143, 140
Trd, 4318374.093, 137
Trd, 4318374.543, 104
Trd, 4318375.393, 114
Trd, 4318376.493, 118
Trd, 4318376.893, 110
Trd, 4318378.343, 106
Trd, 4318379.143, 103
Trd, 4318379.343, 121
Trd, 4318379.793, 120
Trd, 4318381.043, 110
Trd, 4318381.193, 107
Trd, 4318381.793, 110
Trd, 4318382.393, 65
Trd, 4318383.543, 92
Trd, 4318383.743, 92
Trd, 4318383.793, 80
Trd, 4318384.593, 140
Trd, 4318385.193, 92
Trd, 4318386.393, 135
Trd, 4318386.693, 138
Trd, 4318388.293, 140
Trd, 4318388.443, 121
Trd, 4318388.543, 113
Trd, 4318388.893, 109
Trd, 4318389.543, 97
Trd, 4318389.743, 110
Trd, 4318389.993, 82
Trd, 4318390.643, 94
Trd, 4318391.693, 68
Trd, 4318392.843, 63
Trd, 4318393.493, 93
Trd, 4318393.743, 115
Trd, 4318395.193, 140
Trd, 4318395.793, 96
Trd, 4318395.893, 93
Trd, 4318397.493, 84
Trd, 4318398.043, 79
Trd, 4318398.093, 71
Trd, 4318398.943, 71
Trd, 4318400.543, 116
Trd, 4318401.093, 135
Trd, 4318401.243, 116
Trd, 4318401.493, 94
Trd, 4318402.093, 135
Trd, 4318402.593, 122
Trd, 4318403.143, 113
Trd, 4318404.393, 104
Trd, 4318404.443, 86
Trd, 4318407.043, 135
Trd, 4318407.093, 122
Trd, 4318408.293, 128
Trd, 4318408.643, 132
Trd, 4318409.193, 121
Trd, 4318409.343, 99
Trd, 4318410.043, 106
Trd, 4318411.043, 72
Trd, 4318411.343, 112
Trd, 4318411.993, 66
Trd, 4318414.343, 60
Trd, 4318414.543, 71
Trd, 4318414.593, 84
Trd, 4318414.843, 75
Trd, 4318415.493, 66
Trd, 4318416.543, 71
Trd, 4318416.643, 123
Trd, 4318417.043, 138
Trd, 4318417.943, 78
Trd, 4318418.043, 80
Trd, 4318419.943, 90
Trd, 4318420.743, 137
Trd, 4318421.543, 123
Trd, 4318421.993, 112
Trd, 4318423.243, 123
Trd, 4318423.443, 118
Trd, 4318423.993, 129
Trd, 4318424.343, 138
Trd, 4318425.093, 123
Trd, 4318426.843, 118
Trd, 4318427.493, 123
Trd, 4318428.643, 124
Trd, 4318429.093, 103
Trd, 4318429.593, 101
Trd, 4318429.793, 107
Trd, 4318429.993, 98
Trd, 4318430.243, 112
Trd, 4318430.793, 81
Trd, 4318431.993, 64
Trd, 4318433.043, 140
Trd, 4318433.893, 99
Trd, 4318433.943, 108
Trd, 4318434.793, 80
Trd, 4318434.943, 136
Trd, 4318435.343, 132
Trd, 4318437.043, 94
Trd, 4318437.393, 135
Trd, 4318438.393, 100
Trd, 4318438.843, 138
Trd, 4318439.143, 73
Trd, 4318439.343, 111
Trd, 4318440.593, 61
Trd, 4318441.143, 73
Trd, 4318441.943, 96
Trd, 4318442.993, 122
Trd, 4318443.093, 135
Trd, 4318443.843, 86
Trd, 4318445.593, 113
Trd, 4318445.993, 109
Trd, 4318446.393, 83
Trd, 4318447.093, 140
Trd, 4318447.193, 130
Trd, 4318447.743, 106
Trd, 4318447.843, 87
Trd, 4318448.643, 119
Trd, 4318448.893, 132
Trd, 4318449.293, 139
Trd, 4318450.693, 107
Trd, 4318451.643, 138
Trd, 4318451.743, 125
Trd, 4318453.043, 100
Trd, 4318453.093, 87
Trd, 4318454.043, 113
Trd, 4318455.293, 129
Trd, 4318455.743, 131
Trd, 4318456.443, 137
Trd, 4318456.843, 121
Trd, 4318457.143, 119
Trd, 4318457.393, 114
Trd, 4318457.493, 93
Trd, 4318458.593, 129
Trd, 4318459.093, 98
Trd, 4318460.193, 119
Trd, 4318460.293, 106
Trd, 4318461.893, 106
Trd, 4318461.993, 100
Trd, 4318462.693, 90
Trd, 4318463.493, 77
Trd, 4318464.043, 130
Trd, 4318465.243, 131
Trd, 4318465.443, 119
Trd, 4318466.343, 136
Trd, 4318466.493, 125
Trd, 4318467.093, 131
Trd, 4318467.143, 130
Trd, 4318468.743, 133
Trd, 4318469.143, 99
Trd, 4318469.793, 67
Trd, 4318470.543, 66
Trd, 4318470.893, 61
Trd, 4318472.893, 81
Trd, 4318472.943, 93
Trd, 4318473.443, 117
Trd, 4318473.843, 94
Trd, 4318474.493, 94
Trd, 4318475.043, 64
Trd, 4318475.093, 133
Trd, 4318475.643, 80
Trd, 4318476.393, 108
Trd, 4318476.643, 119
Trd, 4318477.893, 134
Trd, 4318478.193, 118
Trd, 4318478.293, 104
Trd, 4318478.393, 96
Trd, 4318480.843, 113
Trd, 4318480.993, 123
Trd, 4318482.843, 106
Trd, 4318483.043, 136
Trd, 4318483.693, 140
Trd, 4318484.543, 135
Trd, 4318484.993, 136
Trd, 4318486.193, 121
Trd, 4318487.043, 113
Trd, 4318487.093, 103
Trd, 4318487.243, 87
Trd, 4318488.093, 129
Trd, 4318488.393, 138
Trd, 4318490.093, 128
Trd, 4318490.593, 94
Trd, 4318491.743, 79
Trd, 4318492.643, 127
Trd, 4318493.543, 119
Trd, 4318494.843, 140
Trd, 4318495.043, 127
Trd, 4318495.293, 122
Trd, 4318495.493, 89
Trd, 4318496.143, 64
Trd, 4318496.793, 77
Trd, 4318497.393, 122
Trd, 4318500.193, 114
Trd, 4318500.343, 96
Trd, 4318500.493, 85
Trd, 4318500.943, 76
Trd, 4318502.043, 93
Trd, 4318502.193, 94
Trd, 4318503.193, 80
Trd, 4318503.393, 73
Trd, 4318503.493, 86
Trd, 4318503.543, 132
Trd, 4318505.243, 138
Trd, 4318505.543, 124
Trd, 4318506.393, 94
Trd, 4318506.943, 87
Trd, 4318507.393, 93
Trd, 4318507.743, 90
Trd, 4318508.793, 75
Trd, 4318509.343, 75
Trd, 4318510.293, 77
Trd, 4318510.793, 94
Trd, 4318511.243, 60
Trd, 4318511.493, 107
Trd, 4318512.443, 139
Trd, 4318512.743, 85
Trd, 4318513.993, 113
Trd, 4318514.593, 70
Trd, 4318515.093, 70
Trd, 4318516.643, 91
Trd, 4318516.893, 101
Trd, 4318516.943, 85
Trd, 4318517.693, 92
Trd, 4318518.143, 115
Trd, 4318518.643, 117
Trd, 4318519.043, 138
Trd, 4318521.093, 111
Trd, 4318521.593, 127
Trd, 4318521.793, 69
Trd, 4318521.893, 125
Trd, 4318522.743, 139
Trd, 4318522.993, 101
Trd, 4318524.043, 126
Trd, 4318524.193, 92
Trd, 4318524.693, 135
Trd, 4318525.243, 131
Trd, 4318526.243, 140
Trd, 4318526.693, 121
Trd, 4318527.743, 138
Trd, 4318528.693, 116
Trd, 4318529.743, 106
Trd, 4318530.093, 112
Trd, 4318530.443, 101
Trd, 4318530.743, 133
Trd, 4318532.743, 76
Trd, 4318532.893, 91
Trd, 4318533.893, 122
Trd, 4318535.093, 68
Trd, 4318535.493, 69
Trd, 4318536.693, 126
Trd, 4318536.793, 81
Trd, 4318537.293, 75
Trd, 4318537.343, 96
Trd, 4318537.843, 138
Trd, 4318538.293, 108
Trd, 4318540.093, 72
Trd, 4318540.793, 80
Trd, 4318541.093, 92
Trd, 4318541.193, 96
Trd, 4318541.343, 73
Trd, 4318541.543, 96
Trd, 4318542.243, 75
Trd, 4318543.043, 80
Trd, 4318543.193, 73
Trd, 4318544.693, 101
Trd, 4318545.593, 74
Trd, 4318545.843, 98
Trd, 4318547.043, 97
Trd, 4318548.343, 117
Trd, 4318549.643, 111
Trd, 4318549.843, 126
Trd, 4318549.943, 89
Trd, 4318551.393, 139
Trd, 4318552.143, 136
Trd, 4318552.293, 130
Trd, 4318552.993, 116
Trd, 4318553.143, 139
Trd, 4318554.543, 117
Trd, 4318554.993, 108
Trd, 4318555.643, 103
Trd, 4318556.543, 140
Trd, 4318556.593, 137
Trd, 4318556.893, 107
Trd, 4318557.993, 124
Trd, 4318560.043, 137
Trd, 4318560.393, 131
Trd, 4318561.043, 127
Trd, 4318561.693, 104
Trd, 4318561.943, 96
Trd, 4318562.943, 127
Trd, 4318562.993, 121
Trd, 4318563.443, 140
Trd, 4318564.543, 136
Trd, 4318564.593, 130
Trd, 4318565.893, 125
Trd, 4318565.943, 96
Trd, 4318566.393, 110
Trd, 4318566.843, 104
Trd, 4318566.993, 95
Trd, 4318567.693, 121
Trd, 4318567.743, 112
Trd, 4318568.043, 68
Trd, 4318569.793, 69
Trd, 4318570.343, 61
Trd, 4318571.493, 138
Trd, 4318571.793, 124
Trd, 4318572.043, 112
Trd, 4318573.893, 112
Trd, 4318574.893, 139
Trd, 4318575.543, 133
Trd, 4318576.493, 135
Trd, 4318576.843, 102
Trd, 4318577.143, 66
Trd, 4318577.943, 139
Trd, 4318578.493, 135
Trd, 4318578.943, 119
Trd, 4318579.293, 114
Trd, 4318580.043, 96
Trd, 4318581.793, 113
Trd, 4318582.043, 111
Trd, 4318582.793, 127
Trd, 4318582.943, 131
Trd, 4318583.043, 95
Trd, 4318583.493, 99
Trd, 4318583.543, 128
Trd, 4318584.393, 80
Trd, 4318585.293, 75
Trd, 4318585.593, 75
Trd, 4318586.293, 116
Trd, 4318586.793, 110
Trd, 4318587.643, 140
Trd, 4318587.743, 109
Trd, 4318588.593, 93
Trd, 4318588.843, 112
Trd, 4318588.893, 112
Trd, 4318590.843, 108
Trd, 4318591.593, 88
Trd, 4318591.993, 89
Trd, 4318593.643, 135
Trd, 4318594.093, 128
Trd, 4318594.943, 116
Trd, 4318596.243, 111
Trd, 4318596.943, 103
Trd, 4318597.143, 96
Trd, 4318597.893, 136
Trd, 4318598.293, 140
Trd, 4318598.593, 139
Trd, 4318598.743, 131
Trd, 4318598.943, 113
Trd, 4318600.243, 92
Trd, 4318600.393, 86
Trd, 4318600.593, 84
Trd, 4318601.343, 131
Trd, 4318602.043, 72
Trd, 4318602.993, 110
Trd, 4318603.843, 140
Trd, 4318604.943, 109
Trd, 4318605.043, 130
Trd, 4318605.243, 61
Trd, 4318606.093, 99
Trd, 4318607.593, 103
Trd, 4318608.893, 130
Trd, 4318609.443, 139
Trd, 4318609.843, 109
Trd, 4318610.443, 91
Trd, 4318611.093, 137
Trd, 4318611.593, 133
Trd, 4318613.143, 87
Trd, 4318613.193, 83
Trd, 4318613.493, 74
Trd, 4318613.693, 87
Trd, 4318613.943, 109
Trd, 4318615.193, 86
Trd, 4318615.543, 94
Trd, 4318616.243, 76
Trd, 4318616.443, 79
Trd, 4318616.743, 89
Trd, 4318617.743, 108
Trd, 4318618.343, 136
Trd, 4318619.143, 132
Trd, 4318619.393, 120
Trd, 4318620.043, 81
Trd, 4318621.443, 139
Trd, 4318621.543, 125
Trd, 4318621.743, 115
Trd, 4318621.993, 113
Trd, 4318624.243, 92
Trd, 4318624.743, 90
Trd, 4318625.293, 139
Trd, 4318625.443, 122
Trd, 4318626.843, 133
Trd, 4318627.593, 136
Trd, 4318628.193, 137
Trd, 4318628.443, 132
Trd, 4318629.293, 69
Trd, 4318629.643, 80
Trd, 4318630.043, 104
Trd, 4318631.443, 105
Trd, 4318632.243, 108
Trd, 4318632.493, 119
Trd, 4318632.643, 96
Trd, 4318633.043, 90
Trd, 4318633.643, 140
Trd, 4318634.493, 64
Trd, 4318634.893, 91
Trd, 4318635.493, 106
Trd, 4318635.943, 140
Trd, 4318636.443, 139
Trd, 4318636.693, 85
Trd, 4318637.043, 127
Trd, 4318638.843, 72
Trd, 4318638.893, 70
Trd, 4318640.493, 118
Trd, 4318640.543, 108
Trd, 4318640.993, 107
Trd, 4318641.593, 130
Trd, 4318642.593, 115
Trd, 4318643.143, 134
Trd, 4318643.193, 87
Trd, 4318644.943, 113
Trd, 4318645.543, 108
Trd, 4318645.993, 106
Trd, 4318646.093, 77
Trd, 4318648.293, 92
Trd, 4318648.843, 78
Trd, 4318648.943, 112
Trd, 4318649.493, 126
Trd, 4318650.143, 82
Trd, 4318651.693, 77
Trd, 4318652.943, 95
Trd, 4318653.393, 87
Trd, 4318653.493, 95
Trd, 4318653.643, 115
Trd, 4318654.143, 91
Trd, 4318655.143, 104
Trd, 4318655.243, 88
Trd, 4318656.493, 140
Trd, 4318656.743, 130
Trd, 4318657.893, 75
Trd, 4318658.193, 62
Trd, 4318658.443, 119
Trd, 4318659.443, 102
Trd, 4318659.893, 88
Trd, 4318660.593, 85
Trd, 4318661.493, 132
Trd, 4318662.393, 121
Trd, 4318663.293, 139
Trd, 4318664.693, 135
Trd, 4318664.993, 124
Trd, 4318665.043, 117
Trd, 4318667.143, 86
Trd, 4318667.493, 130
Trd, 4318668.493, 118
Trd, 4318668.593, 119
Trd, 4318668.643, 93
Trd, 4318669.293, 140
Trd, 4318669.893, 134
Trd, 4318670.293, 103
Trd, 4318671.893, 93
Trd, 4318672.793, 125
Trd, 4318673.243, 106
Trd, 4318674.693, 139
Trd, 4318674.843, 88
Trd, 4318675.593, 80
Trd, 4318676.043, 85
Trd, 4318677.293, 91
Trd, 4318677.443, 78
Trd, 4318677.743, 85
Trd, 4318679.243, 121
Trd, 4318679.643, 131
Trd, 4318679.943, 117
Trd, 4318680.493, 111
Trd, 4318681.643, 140
Trd, 4318681.693, 123
Trd, 4318681.793, 116
Trd, 4318682.343, 109
Trd, 4318683.743, 100
Trd, 4318684.493, 79
Trd, 4318684.743, 88
Trd, 4318685.943, 140
Trd, 4318686.343, 126
Trd, 4318686.793, 109
Trd, 4318687.143, 105
Trd, 4318687.693, 107
Trd, 4318688.943, 71
Trd, 4318689.443, 115
Trd, 4318689.543, 95
Trd, 4318691.443, 136
Trd, 4318692.043, 133
Trd, 4318692.393, 120
Trd, 4318692.693, 100
Trd, 4318693.243, 98
Trd, 4318693.643, 92
Trd, 4318694.043, 105
Trd, 4318694.193, 128
Trd, 4318696.643, 140
Trd, 4318697.793, 132
Trd, 4318697.893, 115
Trd, 4318698.193, 114
Trd, 4318698.693, 122
Trd, 4318699.193, 117
Trd, 4318699.343, 111
Trd, 4318700.193, 140
Trd, 4318700.243, 98
Trd, 4318701.193, 97
Trd, 4318701.293, 138
Trd, 4318702.493, 119
Trd, 4318702.793, 121
Trd, 4318702.993, 119
Trd, 4318704.643, 90
Trd, 4318705.093, 105
Trd, 4318705.943, 72
Trd, 4318706.543, 71
Trd, 4318706.593, 78
Trd, 4318708.843, 125
Trd, 4318709.293, 101
Trd, 4318709.343, 86
Trd, 4318710.193, 114
Trd, 4318710.643, 134
Trd, 4318711.893, 112
Trd, 4318712.043, 113
Trd, 4318712.243, 111
Trd, 4318712.493, 103
Trd, 4318713.743, 140
Trd, 4318714.943, 81
Trd, 4318715.093, 101
Trd, 4318715.243, 79
Trd, 4318715.643, 84
Trd, 4318716.193, 60
Trd, 4318717.793, 133
Trd, 4318717.893, 105
Trd, 4318718.043, 103
Trd, 4318718.493, 119
Trd, 4318719.243, 120
Trd, 4318719.643, 75
Trd, 4318719.943, 85
Trd, 4318720.693, 67
Trd, 4318721.493, 98
Trd, 4318722.393, 138
Trd, 4318723.243, 135
Trd, 4318723.343, 115
Trd, 4318723.743, 107
Trd, 4318724.043, 103
Trd, 4318725.593, 123
Trd, 4318725.943, 140
Trd, 4318725.993, 135
Trd, 4318727.243, 118
Trd, 4318727.793, 105
Trd, 4318728.043, 92
Trd, 4318728.493, 135
Trd, 4318728.743, 64
Trd, 4318729.593, 88
Trd, 4318730.143, 92
Trd, 4318730.493, 132
Trd, 4318730.593, 80
Trd, 4318731.743, 102
Trd, 4318733.943, 104
Trd, 4318734.093, 108
Trd, 4318734.643, 90
Trd, 4318735.193, 99
Trd, 4318735.293, 82
Trd, 4318736.593, 117
Trd, 4318737.243, 108
Trd, 4318737.543, 90
Trd, 4318738.143, 80
Trd, 4318738.393, 82
Trd, 4318740.093, 93
Trd, 4318740.343, 80
Trd, 4318740.543, 99
Trd, 4318740.693, 78
Trd, 4318741.043, 103
Trd, 4318742.293, 115
Trd, 4318742.893, 91
Trd, 4318743.593, 117
Trd, 4318744.043, 117
Trd, 4318744.443, 108
Trd, 4318745.793, 116
Trd, 4318745.893, 77
Trd, 4318746.243, 109
Trd, 4318746.393, 73
Trd, 4318746.693, 128
Trd, 4318748.543, 87
Trd, 4318748.793, 95
Trd, 4318749.143, 122
Trd, 4318750.543, 76
Trd, 4318751.143, 61
Trd, 4318751.843, 92
Trd, 4318752.193, 83
Trd, 4318752.843, 80
Trd, 4318753.793, 117
Trd, 4318754.593, 87
Trd, 4318754.743, 95
Trd, 4318755.493, 106
Trd, 4318757.293, 123
Trd, 4318758.243, 131
Trd, 4318758.543, 129
Trd, 4318758.743, 123
Trd, 4318760.193, 125
Trd, 4318760.593, 89
Trd, 4318761.643, 112
Trd, 4318762.543, 104
Trd, 4318762.943, 122
Trd, 4318763.393, 95
Trd, 4318763.893, 94
Trd, 4318764.143, 106
Trd, 4318764.393, 72
Trd, 4318765.493, 124
Trd, 4318765.743, 96
Trd, 4318766.343, 93
Trd, 4318766.393, 110
Trd, 4318767.043, 105
Trd, 4318767.643, 110
Trd, 4318768.393, 117
Trd, 4318769.293, 112
Trd, 4318769.693, 67
Trd, 4318770.093, 76
Trd, 4318771.093, 78
Trd, 4318771.343, 69
Trd, 4318771.743, 111
Trd, 4318772.543, 107
Trd, 4318773.943, 123
Trd, 4318774.193, 102
Trd, 4318774.693, 114
Trd, 4318774.743, 97
Trd, 4318774.893, 92
Trd, 4318776.243, 112
Trd, 4318776.543, 89
Trd, 4318777.243, 139
Trd, 4318777.743, 82
Trd, 4318778.993, 76
Trd, 4318779.043, 68
Trd, 4318779.543, 116
Trd, 4318780.293, 136
Trd, 4318780.443, 134
Trd, 4318781.443, 108
Trd, 4318781.693, 99
Trd, 4318782.793, 96
Trd, 4318783.893, 125
Trd, 4318784.093, 100
Trd, 4318784.293, 88
Trd, 4318786.143, 104
Trd, 4318786.243, 116
Trd, 4318786.593, 84
Trd, 4318787.493, 62
Trd, 4318787.793, 84
Trd, 4318789.293, 116
Trd, 4318789.443, 107
Trd, 4318790.993, 81
Trd, 4318791.243, 74
Trd, 4318791.693, 65
Trd, 4318791.893, 85
Trd, 4318792.743, 93
Trd, 4318793.293, 136
Trd, 4318793.893, 103
Trd, 4318794.293, 107
Trd, 4318794.443, 140
Trd, 4318795.843, 107
Trd, 4318796.893, 120
Trd, 4318797.743, 116
Trd, 4318798.093, 95
Trd, 4318799.843, 124
Trd, 4318799.943, 135
Trd, 4318800.293, 119
Trd, 4318800.793, 112
Trd, 4318801.943, 140
Trd, 4318802.643, 129
Trd, 4318804.093, 138
Trd, 4318804.843, 112
Trd, 4318805.143, 111
Trd, 4318805.493, 138
Trd, 4318805.993, 129
Trd, 4318806.293, 131
Trd, 4318806.643, 117
Trd, 4318807.643, 64
Trd, 4318807.793, 109
Trd, 4318808.743, 96
Trd, 4318808.893, 138
Trd, 4318809.193, 81
Trd, 4318809.743, 87
Trd, 4318810.943, 117
Trd, 4318812.443, 72
Trd, 4318812.893, 70
Trd, 4318813.143, 77
Trd, 4318814.943, 87
Trd, 4318815.293, 98
Trd, 4318815.593, 60
Trd, 4318816.143, 70
Trd, 4318817.693, 80
Trd, 4318817.743, 80
Trd, 4318819.343, 129
Trd, 4318819.643, 116
Trd, 4318820.043, 140
Trd, 4318820.193, 82
Trd, 4318822.243, 130
Trd, 4318822.493, 117
Trd, 4318822.543, 94
Trd, 4318823.443, 103
Trd, 4318824.093, 92
Trd, 4318824.893, 91
Trd, 4318825.043, 102
Trd, 4318826.193, 115
Trd, 4318826.593, 66
Trd, 4318827.943, 134
Trd, 4318828.193, 118
Trd, 4318828.293, 112
Trd, 4318828.393, 92
Trd, 4318828.543, 66
Trd, 4318829.943, 71
Trd, 4318830.243, 69
Trd, 4318831.643, 67
Trd, 4318832.193, 67
Trd, 4318832.443, 77
Trd, 4318833.043, 90
Trd, 4318834.443, 130
Trd, 4318835.143, 119
Trd, 4318835.993, 114
Trd, 4318836.493, 121
Trd, 4318837.343, 87
Trd, 4318837.793, 89
Trd, 4318837.893, 98
Trd, 4318838.493, 116
Trd, 4318838.743, 114
Trd, 4318840.993, 105
Trd, 4318841.243, 116
Trd, 4318841.693, 86
Trd, 4318842.043, 61
Trd, 4318843.043, 133
Trd, 4318843.193, 139
Trd, 4318844.293, 91
Trd, 4318844.993, 134
Trd, 4318845.393, 120
Trd, 4318845.643, 137
Trd, 4318845.943, 114
Trd, 4318847.593, 138
Trd, 4318847.943, 97
Trd, 4318847.993, 90
Trd, 4318848.593, 89
Trd, 4318849.493, 140
Trd, 4318849.793, 124
Trd, 4318850.943, 107
Trd, 4318851.393, 111
Trd, 4318851.793, 122
Trd, 4318852.393, 88
Trd, 4318853.393, 126
Trd, 4318853.743, 119
Trd, 4318853.943, 135
Trd, 4318854.543, 116
Trd, 4318854.843, 122
Trd, 4318855.543, 110
Trd, 4318856.643, 89
Trd, 4318856.693, 99
Trd, 4318858.043, 75
Trd, 4318858.093, 82
Trd, 4318859.593, 106
Trd, 4318859.943, 119
Trd, 4318862.143, 72
Trd, 4318862.293, 113
Trd, 4318862.443, 112
Trd, 4318862.743, 139
Trd, 4318863.493, 136
Trd, 4318864.093, 110
Trd, 4318864.643, 76
Trd, 4318865.043, 68
Trd, 4318866.043, 97
Trd, 4318867.143, 133
Trd, 4318867.543, 120
Trd, 4318868.343, 90
Trd, 4318868.693, 94
Trd, 4318869.393, 71
Trd, 4318869.893, 104
Trd, 4318869.993, 97
Trd, 4318871.343, 89
Trd, 4318871.593, 81
Trd, 4318872.243, 134
Trd, 4318873.293, 104
Trd, 4318873.543, 67
Trd, 4318874.393, 69
Trd, 4318874.793, 94
Trd, 4318875.093, 100
Trd, 4318875.793, 79
Trd, 4318876.593, 68
Trd, 4318877.243, 97
Trd, 4318877.443, 103
Trd, 4318878.543, 77
Trd, 4318878.793, 101
Trd, 4318879.593, 71
Trd, 4318880.743, 99
Trd, 4318881.293, 78
Trd, 4318882.443, 64
Trd, 4318882.543, 69
Trd, 4318882.843, 100
Trd, 4318883.443, 90
Trd, 4318883.793, 84
Trd, 4318884.943, 73
Trd, 4318885.093, 111
Trd, 4318885.393, 71
Trd, 4318885.843, 131
Trd, 4318886.693, 93
Trd, 4318886.993, 92
Trd, 4318887.943, 115
Trd, 4318888.743, 140
Trd, 4318889.443, 127
Trd, 4318889.843, 104
Trd, 4318890.443, 96
Trd, 4318892.043, 116
Trd, 4318892.093, 96
Trd, 4318893.893, 102
Trd, 4318893.943, 93
Trd, 4318894.693, 91
Trd, 4318895.993, 75
Trd, 4318896.393, 78
Trd, 4318896.893, 112
Trd, 4318897.143, 122
Trd, 4318897.593, 125
Trd, 4318897.643, 134
Trd, 4318897.693, 118
Trd, 4318898.443, 101
Trd, 4318899.193, 110
Trd, 4318899.493, 111
Trd, 4318899.893, 115
Trd, 4318900.343, 127
Trd, 4318900.943, 140
Trd, 4318901.193, 74
Trd, 4318903.343, 140
Trd, 4318903.593, 115
Trd, 4318904.793, 117
Trd, 4318905.943, 98
Trd, 4318906.443, 139
Trd, 4318906.643, 91
Trd, 4318908.293, 108
Trd, 4318908.443, 105
Trd, 4318909.143, 102
Trd, 4318909.193, 97
Trd, 4318909.343, 93
Trd, 4318910.593, 140
Trd, 4318910.843, 126
Trd, 4318911.743, 119
Trd, 4318911.943, 124
Trd, 4318913.693, 122
Trd, 4318913.993, 137
Trd, 4318914.643, 104
Trd, 4318914.793, 93
Trd, 4318915.293, 125
Trd, 4318916.043, 114
Trd, 4318917.093, 83
Trd, 4318919.543, 82
Trd, 4318919.743, 77
Trd, 4318920.743, 85
Trd, 4318920.943, 121
Trd, 4318921.293, 126
Trd, 4318921.843, 67
Trd, 4318922.543, 79
Trd, 4318922.593, 70
Trd, 4318923.443, 66
Trd, 4318923.643, 76
Trd, 4318925.493, 80
Trd, 4318925.743, 89
Trd, 4318927.393, 124
Trd, 4318927.743, 129
Trd, 4318928.043, 108
Trd, 4318928.443, 108
Trd, 4318929.443, 75
Trd, 4318930.243, 73
Trd, 4318930.843, 95
Trd, 4318931.843, 84
Trd, 4318932.993, 73
Trd, 4318933.293, 125
Trd, 4318934.143, 134
Trd, 4318934.543, 105
Trd, 4318934.843, 108
Trd, 4318935.443, 106
Trd, 4318935.593, 111
Trd, 4318935.943, 92
Trd, 4318936.643, 140
Trd, 4318937.293, 105
Trd, 4318938.743, 117
Trd, 4318939.243, 104
Trd, 4318940.343, 86
Trd, 4318940.743, 135
Trd, 4318941.693, 130
Trd, 4318941.993, 129
Trd, 4318942.593, 119
Trd, 4318943.193, 128
Trd, 4318943.493, 94
Trd, 4318944.143, 139
Trd, 4318944.893, 104
Trd, 4318945.543, 95
Trd, 4318945.993, 127
Trd, 4318947.943, 128
Trd, 4318948.443, 131
Trd, 4318949.043, 114
Trd, 4318949.093, 106
Trd, 4318949.193, 104
Trd, 4318949.793, 104
Trd, 4318950.593, 116
Trd, 4318950.643, 110
Trd, 4318951.393, 107
Trd, 4318952.093, 78
Trd, 4318953.343, 140
Trd, 4318953.443, 126
Trd, 4318953.693, 123
Trd, 4318953.843, 105
Trd, 4318955.643, 76
Trd, 4318955.843, 96
Trd, 4318956.743, 60
Trd, 4318957.493, 91
Trd, 4318958.743, 138
Trd, 4318959.143, 117
Trd, 4318959.843, 140
Trd, 4318960.643, 106
Trd, 4318961.143, 101
Trd, 4318962.093, 137
Trd, 4318962.593, 118
Trd, 4318963.943, 109
Trd, 4318964.193, 82
Trd, 4318964.343, 125
Trd, 4318965.093, 138
Trd, 4318965.393, 124
Trd, 4318965.493, 88
Trd, 4318966.393, 140
Trd, 4318968.593, 136
Trd, 4318969.293, 116
Trd, 4318969.693, 105
Trd, 4318970.293, 118
Trd, 4318970.443, 115
Trd, 4318971.643, 110
Trd, 4318971.893, 85
Trd, 4318972.543, 122
Trd, 4318973.093, 112
Trd, 4318974.843, 132
Trd, 4318975.293, 125
Trd, 4318975.943, 118
Trd, 4318977.093, 137
Trd, 4318977.293, 125
Trd, 4318977.893, 127
Trd, 4318978.643, 129
Trd, 4318978.843, 116
Trd, 4318979.843, 108
Trd, 4318981.293, 89
Trd, 4318981.693, 101
Trd, 4318982.093, 76
Trd, 4318983.543, 126
Trd, 4318984.093, 107
Trd, 4318984.993, 103
Trd, 4318985.193, 114
Trd, 4318985.593, 90
Trd, 4318985.793, 71
Trd, 4318986.993, 77
Trd, 4318987.443, 65
Trd, 4318987.893, 102
Trd, 4318988.943, 133
Trd, 4318989.193, 121
Trd, 4318989.443, 139
Trd, 4318991.193, 135
Trd, 4318992.193, 127
Trd, 4318992.543, 117
Trd, 4318992.993, 107
Trd, 4318994.043, 138
Trd, 4318994.193, 103
Trd, 4318994.443, 107
Trd, 4318995.593, 79
Trd, 4318996.043, 94
Trd, 4318997.343, 106
Trd, 4318998.993, 140
Trd, 4318999.093, 128
Trd, 4318999.293, 122
Trd, 4318999.343, 114
Trd, 4319000.393, 121
Trd, 4319000.443, 129
Trd, 4319001.893, 111
Trd, 4319002.143, 110
Trd, 4319002.943, 110
Trd, 4319003.643, 134
Trd, 4319003.693, 124
Trd, 4319004.043, 102
Trd, 4319004.393, 99
Trd, 4319004.893, 98
Trd, 4319005.043, 100
Trd, 4319005.243, 94
Trd, 4319007.093, 117
Trd, 4319008.043, 115
Trd, 4319008.893, 105
Trd, 4319009.143, 88
Trd, 4319009.243, 111
Trd, 4319010.043, 139
Trd, 4319010.343, 108
Trd, 4319012.393, 98
Trd, 4319012.793, 112
Trd, 4319012.943, 107
Trd, 4319013.043, 113
Trd, 4319013.593, 98
Trd, 4319015.943, 117
Trd, 4319016.743, 140
Trd, 4319017.943, 101
Trd, 4319018.143, 106
Trd, 4319018.493, 139
Trd, 4319019.493, 107
Trd, 4319019.643, 102
Trd, 4319020.393, 122
Trd, 4319020.743, 107
Trd, 4319021.243, 112
Trd, 4319021.693, 77
Trd, 4319022.493, 114
Trd, 4319023.193, 119
Trd, 4319023.743, 109
Trd, 4319024.393, 110
Trd, 4319025.443, 115
Trd, 4319025.543, 122
Trd, 4319026.393, 133
Trd, 4319026.543, 121
Trd, 4319026.943, 105
Trd, 4319027.193, 97
Trd, 4319027.893, 85
Trd, 4319028.843, 110
Trd, 4319029.643, 121
Trd, 4319030.143, 102
Trd, 4319030.993, 101
Trd, 4319031.193, 84
Trd, 4319032.043, 98
Trd, 4319033.043, 138
Trd, 4319033.443, 133
Trd, 4319034.293, 128
Trd, 4319035.293, 112
Trd, 4319035.643, 101
Trd, 4319036.493, 116
Trd, 4319036.893, 98
Trd, 4319037.493, 121
Trd, 4319037.743, 92
Trd, 4319038.293, 89
Trd, 4319038.443, 83
Trd, 4319039.843, 94
Trd, 4319039.993, 88
Trd, 4319040.693, 105
Trd, 4319040.793, 104
Trd, 4319040.943, 118
Trd, 4319042.593, 139
Trd, 4319043.543, 99
Trd, 4319044.043, 110
Trd, 4319044.543, 140
Trd, 4319044.643, 81
Trd, 4319046.643, 72
Trd, 4319047.593, 72
Trd, 4319048.593, 80
Trd, 4319049.043, 120
Trd, 4319049.393, 135
Trd, 4319051.093, 135
Trd, 4319051.793, 125
Trd, 4319052.593, 140
Trd, 4319054.593, 138
Trd, 4319054.643, 131
Trd, 4319055.243, 124
Trd, 4319055.893, 113
Trd, 4319056.443, 121
Trd, 4319057.443, 107
Trd, 4319057.893, 138
Trd, 4319058.793, 114
Trd, 4319059.693, 133
Trd, 4319059.793, 129
Trd, 4319060.393, 140
Trd, 4319060.893, 104
Trd, 4319061.093, 100
Trd, 4319061.793, 115
Trd, 4319063.393, 70
Trd, 4319064.193, 118
Trd, 4319064.943, 130
Trd, 4319065.243, 106
Trd, 4319065.443, 112
Trd, 4319065.593, 100
Trd, 4319067.243, 139
Trd, 4319067.593, 127
Trd, 4319067.693, 97
Trd, 4319069.393, 90
Trd, 4319069.643, 132
Trd, 4319070.443, 82
Trd, 4319070.643, 80
Trd, 4319071.643, 122
Trd, 4319071.993, 131
Trd, 4319072.043, 118
Trd, 4319073.193, 102
Trd, 4319073.543, 108
Trd, 4319074.143, 70
Trd, 4319075.543, 90
Trd, 4319076.293, 104
Trd, 4319077.593, 100
Trd, 4319077.893, 137
Trd, 4319078.443, 122
Trd, 4319078.943, 107
Trd, 4319079.943, 112
Trd, 4319080.193, 140
Trd, 4319081.243, 100
Trd, 4319081.293, 96
Trd, 4319082.493, 92
Trd, 4319082.943, 101
Trd, 4319083.493, 140
Trd, 4319085.293, 131
Trd, 4319086.193, 130
Trd, 4319086.493, 115
Trd, 4319087.043, 106
Trd, 4319087.293, 84
Trd, 4319089.043, 76
Trd, 4319090.343, 106
Trd, 4319090.593, 73
Trd, 4319090.893, 111
Trd, 4319091.543, 138
Trd, 4319091.743, 109
Trd, 4319092.193, 122
Trd, 4319093.293, 94
Trd, 4319095.243, 138
Trd, 4319096.043, 140
Trd, 4319096.343, 139
Trd, 4319096.443, 124
Trd, 4319096.843, 119
Trd, 4319097.043, 108
Trd, 4319097.693, 87
Trd, 4319098.943, 116
Trd, 4319099.893, 116
Trd, 4319099.993, 106
Trd, 4319101.793, 94
Trd, 4319101.843, 107
Trd, 4319102.693, 120
Trd, 4319103.793, 91
Trd, 4319106.243, 129
Trd, 4319106.393, 120
Trd, 4319106.543, 96
Trd, 4319107.693, 139
Trd, 4319107.893, 138
Trd, 4319107.993, 110
Trd, 4319108.943, 126
Trd, 4319109.043, 116
Trd, 4319109.193, 94
Trd, 4319109.393, 84
Trd, 4319110.943, 137
Trd, 4319111.393, 127
Trd, 4319112.043, 128
Trd, 4319112.643, 126
Trd, 4319113.143, 82
Trd, 4319114.543, 113
Trd, 4319115.793, 140
Trd, 4319116.043, 103
Trd, 4319116.093, 98
Trd, 4319116.943, 89
Trd, 4319118.693, 128
Trd, 4319119.293, 121
Trd, 4319119.843, 132
Trd, 4319120.893, 109
Trd, 4319120.943, 94
Trd, 4319121.143, 138
Trd, 4319121.293, 93
Trd, 4319121.743, 112
Trd, 4319124.743, 81
Trd, 4319124.943, 78
Trd, 4319125.443, 138
Trd, 4319126.993, 124
Trd, 4319127.443, 101
Trd, 4319127.993, 89
Trd, 4319128.593, 112
Trd, 4319129.543, 140
Trd, 4319129.593, 139
Trd, 4319130.193, 127
Trd, 4319130.393, 115
Trd, 4319131.093, 119
Trd, 4319132.243, 135
Trd, 4319132.793, 130
Trd, 4319133.143, 123
Trd, 4319133.293, 128
Trd, 4319133.893, 107
Trd, 4319136.093, 91
Trd, 4319137.293, 108
Trd, 4319137.493, 112
Trd, 4319137.543, 98
Trd, 4319138.743, 140
Trd, 4319140.743, 139
Trd, 4319140.843, 133
Trd, 4319140.993, 130
Trd, 4319141.993, 84
Trd, 4319142.143, 116
Trd, 4319142.543, 96
Trd, 4319142.693, 91
Trd, 4319142.993, 60
Trd, 4319145.043, 66
Trd, 4319145.343, 101
Trd, 4319146.743, 60
Trd, 4319146.943, 82
Trd, 4319148.543, 76
Trd, 4319148.593, 77
Trd, 4319149.043, 125
Trd, 4319149.343, 121
Trd, 4319149.693, 112
Trd, 4319150.193, 139
Trd, 4319151.193, 137
Trd, 4319152.343, 139
Trd, 4319153.093, 116
Trd, 4319153.293, 101
Trd, 4319153.343, 71
Trd, 4319154.243, 140
Trd, 4319154.343, 126
Trd, 4319154.793, 102
Trd, 4319156.193, 140
Trd, 4319156.393, 137
Trd, 4319156.493, 125
Trd, 4319156.693, 101
Trd, 4319158.193, 107
Trd, 4319159.043, 82
Trd, 4319159.293, 139
Trd, 4319159.543, 123
Trd, 4319161.143, 125
Trd, 4319161.743, 94
Trd, 4319162.543, 116
Trd, 4319163.093, 108
Trd, 4319163.593, 105
Trd, 4319164.093, 99
Trd, 4319165.793, 111
Trd, 4319166.043, 123
Trd, 4319167.143, 107
Trd, 4319167.243, 95
Trd, 4319168.893, 84
Trd, 4319169.143, 91
Trd, 4319169.393, 64
Trd, 4319171.393, 93
Trd, 4319171.893, 139
Trd, 4319172.643, 116
Trd, 4319172.893, 135
Trd, 4319173.093, 91
Trd, 4319173.143, 90
Trd, 4319173.643, 84
Trd, 4319174.393, 98
Trd, 4319175.293, 97
Trd, 4319175.493, 88
Trd, 4319176.343, 108
Trd, 4319177.043, 106
Trd, 4319177.393, 140
Trd, 4319178.493, 125
Trd, 4319178.943, 130
Trd, 4319179.193, 121
Trd, 4319181.193, 117
Trd, 4319181.993, 117
Trd, 4319182.593, 122
Trd, 4319184.243, 99
Trd, 4319184.693, 121
Trd, 4319184.993, 95
Trd, 4319185.693, 116
Trd, 4319186.693, 92
Trd, 4319187.343, 96
Trd, 4319187.443, 87
Trd, 4319187.693, 113
Trd, 4319188.393, 140
Trd, 4319189.093, 130
Trd, 4319189.393, 136
Trd, 4319190.843, 93
Trd, 4319191.243, 106
Trd, 4319191.943, 78
Trd, 4319192.293, 134
Trd, 4319193.493, 72
Trd, 4319194.193, 73
Trd, 4319194.343, 67
Trd, 4319194.793, 93
Trd, 4319195.293, 110
Trd, 4319196.993, 99
Trd, 4319197.243, 116
Trd, 4319197.393, 122
Trd, 4319199.543, 109
Trd, 4319199.593, 106
Trd, 4319199.893, 97
Trd, 4319200.093, 100
Trd, 4319200.243, 137
Trd, 4319200.643, 104
Trd, 4319201.443, 122
Trd, 4319201.693, 92
Trd, 4319202.743, 137
Trd, 4319203.743, 73
Trd, 4319204.143, 78
Trd, 4319204.843, 124
Trd, 4319206.043, 119
Trd, 4319207.693, 140
Trd, 4319208.193, 84
Trd, 4319208.743, 63
Trd, 4319209.093, 137
Trd, 4319209.893, 86
Trd, 4319210.293, 98
Trd, 4319210.343, 119
Trd, 4319210.543, 107
Trd, 4319211.093, 73
Trd, 4319211.943, 98
Trd, 4319213.043, 98
Trd, 4319213.593, 100
Trd, 4319214.593, 117
Trd, 4319215.343, 137
Trd, 4319217.893, 119
Trd, 4319218.393, 114
Trd, 4319218.493, 115
Trd, 4319218.693, 134
Trd, 4319219.043, 99
Trd, 4319219.193, 78
Trd, 4319219.493, 96
Trd, 4319219.893, 101
Trd, 4319220.793, 75
Trd, 4319221.143, 124
Trd, 4319222.543, 98
Trd, 4319223.443, 96
Trd, 4319223.893, 83
Trd, 4319225.243, 60
Trd, 4319225.493, 91
Trd, 4319226.043, 104
Trd, 4319227.193, 66
Trd, 4319227.693, 71
Trd, 4319228.093, 70
Trd, 4319228.593, 102
Trd, 4319228.793, 126
Trd, 4319229.993, 107
Trd, 4319231.543, 115
Trd, 4319231.843, 81
Trd, 4319232.943, 135
Trd, 4319232.993, 139
Trd, 4319233.243, 126
Trd, 4319233.793, 124
Trd, 4319234.543, 96
Trd, 4319234.743, 74
Trd, 4319235.993, 131
Trd, 4319236.193, 103
Trd, 4319236.743, 86
Trd, 4319237.793, 135
Trd, 4319238.243, 132
Trd, 4319239.093, 93
Trd, 4319239.293, 85
Trd, 4319239.643, 99
Trd, 4319240.193, 78
Trd, 4319240.643, 83
Trd, 4319241.043, 102
Trd, 4319242.143, 95
Trd, 4319242.843, 113
Trd, 4319243.443, 70
Trd, 4319244.843, 114
Trd, 4319245.993, 140
Trd, 4319246.093, 132
Trd, 4319246.143, 113
Trd, 4319246.293, 96
Trd, 4319247.893, 104
Trd, 4319248.293, 66
Trd, 4319248.943, 81
Trd, 4319249.743, 78
Trd, 4319249.843, 91
Trd, 4319250.043, 66
Trd, 4319250.793, 104
Trd, 4319251.643, 130
Trd, 4319251.743, 140
Trd, 4319253.293, 100
Trd, 4319253.793, 100
Trd, 4319255.743, 121
Trd, 4319256.193, 106
Trd, 4319256.543, 117
Trd, 4319256.593, 122
Trd, 4319256.643, 103
Trd, 4319258.243, 98
Trd, 4319258.343, 90
Trd, 4319259.993, 103
Trd, 4319261.493, 95
Trd, 4319261.893, 138
Trd, 4319263.143, 94
Trd, 4319263.443, 69
Trd, 4319263.543, 66
Trd, 4319264.843, 112
Trd, 4319265.643, 111
Trd, 4319266.043, 140
Trd, 4319266.843, 119
Trd, 4319267.393, 85
Trd, 4319268.843, 108
Trd, 4319269.243, 129
Trd, 4319270.193, 73
Trd, 4319270.993, 66
Trd, 4319271.893, 82
Trd, 4319272.593, 83
Trd, 4319272.943, 86
Trd, 4319273.093, 98
Trd, 4319274.043, 139
Trd, 4319274.343, 82
Trd, 4319275.693, 105
Trd, 4319276.243, 84
Trd, 4319277.793, 126
Trd, 4319278.443, 112
Trd, 4319278.593, 140
Trd, 4319279.443, 81
Trd, 4319280.293, 100
Trd, 4319281.193, 122
Trd, 4319281.343, 110
Trd, 4319281.393, 107
Trd, 4319281.443, 107
Trd, 4319283.043, 140
Trd, 4319283.143, 131
Trd, 4319283.393, 122
Trd, 4319283.993, 121
Trd, 4319284.243, 140
Trd, 4319284.793, 94
Trd, 4319285.293, 76
Trd, 4319286.443, 89
Trd, 4319288.093, 124
Trd, 4319288.593, 80
Trd, 4319289.743, 92
Trd, 4319290.293, 78
Trd, 4319291.093, 124
Trd, 4319291.493, 83
Trd, 4319291.843, 77
Trd, 4319292.093, 110
Trd, 4319293.993, 111
Trd, 4319294.793, 135
Trd, 4319294.943, 139
Trd, 4319295.193, 125
Trd, 4319295.543, 113
Trd, 4319296.443, 137
Trd, 4319296.843, 134
Trd, 4319297.443, 99
Trd, 4319298.443, 82
Trd, 4319298.943, 125
Trd, 4319300.193, 81
Trd, 4319300.293, 78
Trd, 4319300.643, 81
Trd, 4319301.643, 83
Trd, 4319302.193, 88
Trd, 4319302.443, 100
Trd, 4319304.243, 97
Trd, 4319304.793, 91
Trd, 4319304.893, 76
Trd, 4319306.293, 139
Trd, 4319307.143, 124
Trd, 4319307.193, 114
Trd, 4319307.543, 83
Trd, 4319308.493, 133
Trd, 4319309.243, 112
Trd, 4319310.143, 135
Trd, 4319310.543, 130
Trd, 4319310.993, 129
Trd, 4319311.493, 112
Trd, 4319311.743, 94
Trd, 4319312.543, 89
Trd, 4319314.193, 119
Trd, 4319314.593, 94
Trd, 4319315.943, 128
Trd, 4319316.343, 118
Trd, 4319316.793, 106
Trd, 4319318.043, 86
Trd, 4319318.243, 77
Trd, 4319319.393, 95
Trd, 4319320.093, 71
Trd, 4319320.293, 103
Trd, 4319322.343, 123
Trd, 4319322.843, 140
Trd, 4319323.193, 117
Trd, 4319323.643, 131
Trd, 4319323.843, 116
Trd, 4319324.143, 133
Trd, 4319324.893, 77
Trd, 4319325.743, 136
Trd, 4319326.443, 94
Trd, 4319327.243, 132
Trd, 4319330.293, 110
Trd, 4319331.643, 139
Trd, 4319331.743, 134
Trd, 4319332.043, 127
Trd, 4319332.543, 103
Trd, 4319333.443, 75
Trd, 4319334.093, 82
Trd, 4319335.643, 109
Trd, 4319335.893, 94
Trd, 4319336.643, 83
Trd, 4319336.793, 105
Trd, 4319337.293, 76
Trd, 4319337.943, 69
Trd, 4319339.043, 139
Trd, 4319339.193, 69
Trd, 4319340.343, 128
Trd, 4319340.593, 117
Trd, 4319341.393, 109
Trd, 4319341.943, 131
Trd, 4319343.243, 128
Trd, 4319343.593, 129
Trd, 4319344.393, 118
Trd, 4319345.293, 127
Trd, 4319345.593, 130
Trd, 4319346.293, 122
Trd, 4319346.843, 123
Trd, 4319349.343, 114
Trd, 4319349.593, 96
Trd, 4319349.743, 107
Trd, 4319349.893, 118
Trd, 4319350.443, 128
Trd, 4319351.493, 129
Trd, 4319352.393, 127
Trd, 4319353.043, 83
Trd, 4319354.243, 140
Trd, 4319354.493, 115
Trd, 4319355.193, 94
Trd, 4319356.293, 64
Trd, 4319356.793, 82
Trd, 4319356.843, 65
Trd, 4319357.093, 84
Trd, 4319357.993, 110
Trd, 4319359.143, 122
Trd, 4319359.543, 83
Trd, 4319359.993, 93
Trd, 4319360.243, 125
Trd, 4319360.593, 103
Trd, 4319361.243, 122
Trd, 4319362.043, 88
Trd, 4319362.643, 90
Trd, 4319363.193, 116
Trd, 4319364.843, 131
Trd, 4319365.343, 129
Trd, 4319365.743, 118
Trd, 4319366.093, 117
Trd, 4319366.143, 127
Trd, 4319367.593, 139
Trd, 4319368.243, 105
Trd, 4319368.493, 98
Trd, 4319370.193, 103
Trd, 4319371.243, 107
Trd, 4319371.443, 108
Trd, 4319371.743, 96
Trd, 4319372.543, 126
Trd, 4319372.593, 91
Trd, 4319373.043, 129
Trd, 4319373.793, 136
Trd, 4319373.893, 101
Trd, 4319374.093, 89
Trd, 4319374.893, 85
Trd, 4319376.143, 140
Trd, 4319376.793, 125
Trd, 4319377.743, 132
Trd, 4319378.543, 122
Trd, 4319378.793, 116
Trd, 4319379.193, 101
Trd, 4319380.443, 140
Trd, 4319380.543, 135
Trd, 4319380.693, 118
Trd, 4319380.943, 97
Trd, 4319381.993, 123
Trd, 4319382.193, 115
Trd, 4319383.693, 133
Trd, 4319384.643, 132
Trd, 4319385.243, 124
Trd, 4319385.943, 117
Trd, 4319386.243, 138
Trd, 4319386.443, 140
Trd, 4319387.793, 138
Trd, 4319387.843, 107
Trd, 4319388.243, 124
Trd, 4319388.743, 136
Trd, 4319392.093, 140
Trd, 4319392.293, 104
Trd, 4319392.343, 103
Trd, 4319392.743, 121
Trd, 4319393.143, 95
Trd, 4319393.293, 82
Trd, 4319393.543, 123
Trd, 4319394.443, 134
Trd, 4319394.993, 78
Trd, 4319395.243, 94
Trd, 4319395.993, 135
Trd, 4319397.293, 120
Trd, 4319397.393, 128
Trd, 4319398.893, 87
Trd, 4319399.543, 105
Trd, 4319399.643, 83
Trd, 4319399.693, 81
Trd, 4319400.193, 126
Trd, 4319400.543, 75
Trd, 4319402.443, 61
Trd, 4319402.693, 72
Trd, 4319403.643, 136
Trd, 4319404.443, 139
Trd, 4319405.543, 140
Trd, 4319405.643, 134
Trd, 4319406.193, 119
Trd, 4319407.143, 121
Trd, 4319407.543, 103
Trd, 4319407.943, 98
Trd, 4319408.243, 134
Trd, 4319408.343, 79
Trd, 4319409.143, 118
Trd, 4319410.943, 101
Trd, 4319411.043, 93
Trd, 4319411.893, 82
Trd, 4319412.843, 70
Trd, 4319413.093, 107
Trd, 4319413.543, 63
Trd, 4319414.393, 88
Trd, 4319414.443, 117
Trd, 4319414.643, 118
Trd, 4319415.143, 84
Trd, 4319415.793, 65
Trd, 4319417.993, 101
Trd, 4319418.493, 140
Trd, 4319419.393, 121
Trd, 4319419.693, 109
Trd, 4319420.143, 120
Trd, 4319421.043, 140
Trd, 4319421.193, 123
Trd, 4319421.593, 95
Trd, 4319422.993, 77
Trd, 4319423.093, 97
Trd, 4319423.693, 103
Trd, 4319424.093, 104
Trd, 4319426.793, 97
Trd, 4319426.993, 80
Trd, 4319427.443, 98
Trd, 4319428.193, 88
Trd, 4319428.243, 110
Trd, 4319429.543, 117
Trd, 4319429.593, 113
Trd, 4319430.493, 116
Trd, 4319431.443, 116
Trd, 4319432.143, 129
Trd, 4319432.443, 130
Trd, 4319433.143, 86
Trd, 4319433.543, 81
Trd, 4319433.743, 82
Trd, 4319433.993, 91
Trd, 4319434.143, 81
Trd, 4319435.293, 121
Trd, 4319436.793, 60
Trd, 4319437.143, 82
Trd, 4319437.593, 86
Trd, 4319438.443, 94
Trd, 4319439.443, 94
Trd, 4319441.793, 92
Trd, 4319441.893, 93
Trd, 4319442.543, 84
Trd, 4319442.793, 125
Trd, 4319443.593, 122
Trd, 4319444.343, 64
Trd, 4319444.643, 107
Trd, 4319445.843, 111
Trd, 4319445.893, 89
Trd, 4319446.443, 84
Trd, 4319446.693, 79
Trd, 4319447.493, 136
Trd, 4319448.193, 128
Trd, 4319450.193, 81
Trd, 4319450.643, 95
Trd, 4319450.943, 98
Trd, 4319451.643, 96
Trd, 4319452.643, 68
Trd, 4319454.143, 129
Trd, 4319454.893, 107
Trd, 4319455.593, 122
Trd, 4319455.643, 96
Trd, 4319456.193, 76
Trd, 4319458.043, 140
Trd, 4319458.293, 139
Trd, 4319458.493, 97
Trd, 4319459.843, 130
Trd, 4319460.593, 128
Trd, 4319460.793, 109
Trd, 4319461.293, 130
Trd, 4319461.643, 79
Trd, 4319462.993, 87
Trd, 4319463.643, 74
Trd, 4319464.243, 138
Trd, 4319465.593, 93
Trd, 4319466.243, 103
Trd, 4319467.793, 127
Trd, 4319468.043, 105
Trd, 4319468.193, 93
Trd, 4319468.643, 78
Trd, 4319469.443, 117
Trd, 4319469.693, 106
Trd, 4319470.843, 122
Trd, 4319471.443, 100
Trd, 4319472.243, 107
Trd, 4319472.893, 116
Trd, 4319473.043, 74
Trd, 4319473.193, 84
Trd, 4319474.043, 101
Trd, 4319475.643, 80
Trd, 4319475.943, 112
Trd, 4319476.593, 97
Trd, 4319476.993, 113
Trd, 4319477.243, 79
Trd, 4319479.243, 62
Trd, 4319479.693, 78
Trd, 4319480.193, 72
Trd, 4319480.493, 76
Trd, 4319481.843, 83
Trd, 4319482.143, 118
Trd, 4319482.793, 94
Trd, 4319483.093, 114
Trd, 4319484.843, 82
Trd, 4319485.393, 65
Trd, 4319487.143, 86
Trd, 4319487.493, 118
Trd, 4319489.143, 93
Trd, 4319489.343, 124
Trd, 4319490.043, 101
Trd, 4319490.743, 123
Trd, 4319491.293, 113
Trd, 4319491.693, 128
Trd, 4319492.193, 106
Trd, 4319492.743, 112
Trd, 4319493.193, 112
Trd, 4319494.093, 83
Trd, 4319494.893, 118
Trd, 4319495.793, 139
Trd, 4319496.243, 107
Trd, 4319496.593, 98
Trd, 4319496.993, 98
Trd, 4319497.943, 126
Trd, 4319498.593, 121
Trd, 4319499.243, 97
Trd, 4319499.593, 103
Trd, 4319501.193, 140
Trd, 4319501.743, 140
Trd, 4319502.693, 126
Trd, 4319503.243, 102
Trd, 4319503.443, 117
Trd, 4319504.043, 87
Trd, 4319505.543, 92
Trd, 4319505.693, 99
Trd, 4319507.193, 138
Trd, 4319507.543, 105
Trd, 4319508.143, 103
Trd, 4319509.093, 93
Trd, 4319510.243, 140
Trd, 4319510.493, 135
Trd, 4319511.693, 103
Trd, 4319511.843, 136
Trd, 4319512.293, 140
Trd, 4319514.443, 130
Trd, 4319514.943, 130
Trd, 4319515.293, 111
Trd, 4319515.393, 110
Trd, 4319516.593, 76
Trd, 4319517.343, 136
Trd, 4319517.643, 118
Trd, 4319517.943, 106
Trd, 4319518.143, 108
Trd, 4319518.443, 133
Trd, 4319519.793, 89
Trd, 4319520.843, 80
Trd, 4319522.393, 130
Trd, 4319523.593, 123
Trd, 4319523.943, 117
Trd, 4319524.193, 121
Trd, 4319524.793, 94
Trd, 4319525.293, 109
Trd, 4319525.593, 110
Trd, 4319525.743, 111
Trd, 4319527.593, 78
Trd, 4319527.893, 108
Trd, 4319529.093, 124
Trd, 4319529.143, 90
Trd, 4319530.393, 115
Trd, 4319531.343, 76
Trd, 4319531.443, 95
Trd, 4319531.543, 107
Trd, 4319532.343, 75
Trd, 4319533.143, 137
Trd, 4319533.493, 136
Trd, 4319534.193, 68
Trd, 4319534.593, 69
Trd, 4319534.693, 61
Trd, 4319535.093, 67
Trd, 4319535.893, 61
Trd, 4319537.243, 115
Trd, 4319537.293, 110
Trd, 4319537.693, 123
Trd, 4319538.443, 107
Trd, 4319540.093, 110
Trd, 4319540.393, 92
Trd, 4319540.743, 110
Trd, 4319542.143, 71
Trd, 4319542.343, 73
Trd, 4319542.843, 120
Trd, 4319543.343, 140
Trd, 4319544.843, 138
Trd, 4319546.043, 100
Trd, 4319546.293, 115
Trd, 4319546.493, 86
Trd, 4319546.843, 140
Trd, 4319548.293, 135
Trd, 4319548.343, 98
Trd, 4319549.743, 78
Trd, 4319550.393, 107
Trd, 4319550.993, 69
Trd, 4319551.143, 102
Trd, 4319551.893, 105
Trd, 4319552.843, 109
Trd, 4319553.043, 114
Trd, 4319553.393, 90
Trd, 4319554.593, 127
Trd, 4319555.543, 136
Trd, 4319556.843, 75
Trd, 4319557.793, 78
Trd, 4319557.843, 129
Trd, 4319559.643, 121
Trd, 4319560.243, 94
Trd, 4319560.443, 92
Trd, 4319561.643, 79
Trd, 4319562.593, 109
Trd, 4319562.643, 98
Trd, 4319563.543, 78
Trd, 4319563.593, 68
Trd, 4319564.443, 140
Trd, 4319564.643, 66
Trd, 4319565.343, 134
Trd, 4319565.543, 132
Trd, 4319565.893, 90
Trd, 4319566.043, 65
Trd, 4319566.293, 117
Trd, 4319567.093, 130
Trd, 4319568.743, 114
Trd, 4319569.093, 93
Trd, 4319569.343, 134
Trd, 4319569.693, 128
Trd, 4319570.443, 140
Trd, 4319571.043, 129
Trd, 4319572.043, 131
Trd, 4319572.943, 108
Trd, 4319573.843, 133
Trd, 4319574.543, 96
Trd, 4319575.143, 68
Trd, 4319575.843, 115
Trd, 4319576.743, 140
Trd, 4319576.793, 110
Trd, 4319577.543, 103
Trd, 4319579.043, 104
Trd, 4319579.193, 74
Trd, 4319579.493, 122
Trd, 4319579.993, 78
Trd, 4319580.793, 133
Trd, 4319581.493, 138
Trd, 4319582.343, 75
Trd, 4319582.743, 91
Trd, 4319583.843, 108
Trd, 4319585.143, 129
Trd, 4319585.593, 138
Trd, 4319586.393, 119
Trd, 4319586.543, 115
Trd, 4319587.143, 107
Trd, 4319587.943, 78
Trd, 4319588.393, 119
Trd, 4319588.893, 131
Trd, 4319588.943, 128
Trd, 4319590.143, 125
Trd, 4319590.343, 77
Trd, 4319591.093, 130
Trd, 4319591.293, 125
Trd, 4319591.793, 68
Trd, 4319591.893, 108
Trd, 4319593.493, 137
Trd, 4319595.443, 137
Trd, 4319596.493, 127
Trd, 4319596.543, 117
Trd, 4319597.043, 95
Trd, 4319597.493, 140
Trd, 4319598.043, 120
Trd, 4319598.493, 112
Trd, 4319600.293, 94
Trd, 4319601.243, 116
Trd, 4319601.293, 97
Trd, 4319601.343, 88
Trd, 4319601.993, 103
Trd, 4319602.293, 102
Trd, 4319602.743, 90
Trd, 4319603.343, 138
Trd, 4319603.943, 91
Trd, 4319604.493, 89
Trd, 4319604.643, 63
Trd, 4319605.843, 65
Trd, 4319606.343, 64
Trd, 4319607.843, 122
Trd, 4319608.093, 114
Trd, 4319609.093, 124
Trd, 4319609.743, 133
Trd, 4319610.043, 111
Trd, 4319610.143, 103
Trd, 4319610.343, 112
Trd, 4319611.343, 109
Trd, 4319611.993, 115
Trd, 4319612.643, 130
Trd, 4319613.593, 125
Trd, 4319613.943, 105
Trd, 4319615.793, 116
Trd, 4319616.393, 87
Trd, 4319617.593, 70
Trd, 4319617.643, 96
Trd, 4319618.193, 138
Trd, 4319619.243, 80
Trd, 4319619.693, 136
Trd, 4319620.243, 133
Trd, 4319620.543, 71
Trd, 4319621.443, 67
Trd, 4319621.493, 86
Trd, 4319621.543, 98
Trd, 4319621.843, 85
Trd, 4319623.093, 140
Trd, 4319625.393, 121
Trd, 4319625.893, 103
Trd, 4319626.543, 137
Trd, 4319627.793, 130
Trd, 4319627.943, 109
Trd, 4319629.293, 140
Trd, 4319629.593, 136
Trd, 4319630.593, 123
Trd, 4319630.893, 103
Trd, 4319631.443, 133
Trd, 4319631.593, 115
Trd, 4319631.693, 102
Trd, 4319632.043, 131
Trd, 4319632.193, 74
Trd, 4319634.093, 96
Trd, 4319635.093, 138
Trd, 4319636.093, 125
Trd, 4319636.543, 130
Trd, 4319636.693, 100
Trd, 4319637.243, 90
Trd, 4319637.793, 105
Trd, 4319638.543, 91
Trd, 4319638.793, 140
Trd, 4319639.293, 76
Trd, 4319639.943, 89
Trd, 4319640.043, 71
Trd, 4319640.393, 111
Trd, 4319642.143, 85
Trd, 4319642.493, 60
Trd, 4319643.193, 121
Trd, 4319644.443, 137
Trd, 4319644.843, 140
Trd, 4319645.743, 60
Trd, 4319645.893, 77
Trd, 4319646.593, 124
Trd, 4319648.643, 137
Trd, 4319648.793, 95
Trd, 4319649.293, 116
Trd, 4319649.743, 139
Trd, 4319649.843, 105
Trd, 4319651.293, 71
Trd, 4319652.243, 85
Trd, 4319652.593, 136
Trd, 4319653.043, 135
Trd, 4319653.193, 125
Trd, 4319654.393, 64
Trd, 4319655.043, 79
Trd, 4319656.293, 94
Trd, 4319657.543, 76
Trd, 4319657.693, 87
Trd, 4319658.493, 77
Trd, 4319658.893, 137
Trd, 4319659.693, 85
Trd, 4319660.643, 94
Trd, 4319662.093, 101
Trd, 4319662.393, 68
Trd, 4319662.893, 116
Trd, 4319662.993, 110
Trd, 4319663.293, 92
Trd, 4319665.243, 139
Trd, 4319665.293, 128
Trd, 4319665.643, 127
Trd, 4319666.743, 108
Trd, 4319667.843, 116
Trd, 4319668.043, 87
Trd, 4319668.143, 89
Trd, 4319669.043, 102
Trd, 4319669.693, 97
Trd, 4319670.843, 88
Trd, 4319671.293, 108
Trd, 4319672.143, 85
Trd, 4319673.343, 98
Trd, 4319673.593, 69
Trd, 4319674.043, 108
Trd, 4319674.493, 135
Trd, 4319674.843, 83
Trd, 4319674.993, 140
Trd, 4319675.493, 125
Trd, 4319677.343, 82
Trd, 4319677.843, 84
Trd, 4319678.243, 90
Trd, 4319678.743, 121
Trd, 4319679.293, 111
Trd, 4319680.243, 114
Trd, 4319680.743, 104
Trd, 4319680.793, 117
Trd, 4319681.743, 99
Trd, 4319683.443, 125
Trd, 4319684.393, 109
Trd, 4319684.543, 106
Trd, 4319684.643, 72
Trd, 4319685.343, 124
Trd, 4319685.943, 122
Trd, 4319687.593, 70
Trd, 4319687.943, 96
Trd, 4319689.393, 101
Trd, 4319689.843, 104
Trd, 4319690.093, 82
Trd, 4319690.993, 111
Trd, 4319691.543, 102
Trd, 4319692.293, 111
Trd, 4319692.643, 121
Trd, 4319694.093, 125
Trd, 4319694.243, 121
Trd, 4319694.343, 117
Trd, 4319695.243, 138
Trd, 4319695.393, 103
Trd, 4319695.593, 97
Trd, 4319696.993, 109
Trd, 4319697.743, 117
Trd, 4319697.793, 78
Trd, 4319697.893, 140
Trd, 4319697.993, 77
Trd, 4319699.193, 72
Trd, 4319700.493, 114
Trd, 4319700.543, 94
Trd, 4319702.543, 132
Trd, 4319703.043, 122
Trd, 4319703.443, 111
Trd, 4319703.743, 103
Trd, 4319703.893, 99
Trd, 4319704.393, 96
Trd, 4319704.443, 80
Trd, 4319705.243, 102
Trd, 4319706.143, 93
Trd, 4319706.593, 122
Trd, 4319706.793, 104
Trd, 4319709.093, 127
Trd, 4319709.793, 135
Trd, 4319710.693, 131
Trd, 4319711.393, 115
Trd, 4319712.093, 100
Trd, 4319712.443, 126
Trd, 4319712.593, 93
Trd, 4319712.843, 87
Trd, 4319713.493, 77
Trd, 4319713.743, 90
Trd, 4319714.493, 121
Trd, 4319716.443, 75
Trd, 4319716.993, 138
Trd, 4319717.543, 138
Trd, 4319718.193, 132
Trd, 4319718.693, 125
Trd, 4319718.843, 108
Trd, 4319719.793, 119
Trd, 4319720.943, 124
Trd, 4319721.193, 118
Trd, 4319721.743, 115
Trd, 4319722.043, 86
Trd, 4319722.843, 79
Trd, 4319723.443, 128
Trd, 4319724.243, 95
Trd, 4319725.293, 85
Trd, 4319725.643, 139
Trd, 4319726.093, 116
Trd, 4319726.143, 93
Trd, 4319727.693, 111
Trd, 4319727.893, 101
Trd, 4319728.393, 115
Trd, 4319729.593, 138
Trd, 4319730.093, 136
Trd, 4319730.443, 131
Trd, 4319730.943, 93
Trd, 4319732.093, 109
Trd, 4319733.143, 81
Trd, 4319733.493, 88
Trd, 4319733.943, 76
Trd, 4319735.093, 88
Trd, 4319735.393, 77
Trd, 4319736.043, 91
Trd, 4319736.843, 69
Trd, 4319737.543, 72
Trd, 4319738.093, 106
Trd, 4319738.793, 93
Trd, 4319740.243, 83
Trd, 4319740.693, 134
Trd, 4319741.043, 139
Trd, 4319741.243, 140
Trd, 4319742.293, 115
Trd, 4319743.343, 118
Trd, 4319744.293, 129
Trd, 4319744.643, 101
Trd, 4319744.843, 139
Trd, 4319745.993, 97
Trd, 4319746.143, 73
Trd, 4319746.593, 70
Trd, 4319746.643, 103
Trd, 4319749.043, 117
Trd, 4319749.343, 116
Trd, 4319750.293, 121
Trd, 4319750.543, 128
Trd, 4319750.643, 100
Trd, 4319751.393, 140
Trd, 4319752.543, 138
Trd, 4319752.643, 98
Trd, 4319753.693, 82
Trd, 4319753.743, 105
Trd, 4319756.243, 126
Trd, 4319757.293, 137
Trd, 4319757.593, 111
Trd, 4319757.743, 130
Trd, 4319758.043, 125
Trd, 4319758.493, 108
Trd, 4319759.793, 120
Trd, 4319759.843, 107
Trd, 4319759.943, 103
Trd, 4319761.043, 135
Trd, 4319761.093, 124
Trd, 4319762.143, 116
Trd, 4319762.943, 91
Trd, 4319763.193, 135
Trd, 4319764.143, 119
Trd, 4319764.843, 137
Trd, 4319765.343, 136
Trd, 4319767.193, 100
Trd, 4319767.343, 139
Trd, 4319767.893, 128
Trd, 4319768.543, 118
Trd, 4319768.793, 128
Trd, 4319769.443, 123
Trd, 4319770.993, 135
Trd, 4319771.193, 138
Trd, 4319771.293, 116
Trd, 4319771.943, 89
Trd, 4319773.443, 75
Trd, 4319774.043, 95
Trd, 4319775.093, 114
Trd, 4319776.093, 107
Trd, 4319776.143, 106
Trd, 4319776.893, 99
Trd, 4319777.743, 139
Trd, 4319779.193, 136
Trd, 4319779.643, 138
Trd, 4319780.343, 124
Trd, 4319780.843, 136
Trd, 4319780.893, 114
Trd, 4319781.543, 104
Trd, 4319782.243, 93
Trd, 4319782.493, 70
Trd, 4319783.043, 129
Trd, 4319784.093, 118
Trd, 4319784.293, 102
Trd, 4319785.143, 78
Trd, 4319786.293, 86
Trd, 4319786.443, 61
Trd, 4319787.793, 132
Trd, 4319788.243, 115
Trd, 4319788.393, 105
Trd, 4319788.893, 97
Trd, 4319789.243, 80
Trd, 4319789.843, 140
Trd, 4319790.443, 130
Trd, 4319790.993, 80
Trd, 4319791.343, 82
Trd, 4319793.593, 74
Trd, 4319793.743, 83
Trd, 4319793.843, 122
Trd, 4319795.243, 108
Trd, 4319795.343, 101
Trd, 4319795.693, 93
Trd, 4319795.893, 83
Trd, 4319796.243, 98
Trd, 4319797.793, 102
Trd, 4319798.243, 81
Trd, 4319798.693, 86
Trd, 4319798.943, 66
Trd, 4319800.093, 83
Trd, 4319800.193, 69
Trd, 4319800.893, 140
Trd, 4319801.393, 93
Trd, 4319802.143, 98
Trd, 4319804.293, 100
Trd, 4319805.343, 97
Trd, 4319805.693, 96
Trd, 4319805.793, 72
Trd, 4319805.993, 140
Trd, 4319807.343, 73
Trd, 4319807.843, 118
Trd, 4319808.743, 125
Trd, 4319810.193, 80
Trd, 4319810.293, 85
Trd, 4319810.893, 77
Trd, 4319811.843, 89
Trd, 4319812.443, 97
Trd, 4319812.743, 94
Trd, 4319814.843, 78
Trd, 4319814.943, 80
Trd, 4319815.443, 90
Trd, 4319815.743, 78
Trd, 4319817.143, 136
Trd, 4319817.243, 109
Trd, 4319817.343, 106
Trd, 4319817.693, 97
Trd, 4319818.093, 123
Trd, 4319818.393, 139
Trd, 4319820.043, 125
Trd, 4319820.293, 131
Trd, 4319820.493, 99
Trd, 4319820.543, 95
Trd, 4319821.843, 138
Trd, 4319821.893, 128
Trd, 4319822.943, 104
Trd, 4319824.193, 89
Trd, 4319824.743, 68
Trd, 4319825.243, 105
Trd, 4319825.793, 115
Trd, 4319826.593, 135
Trd, 4319826.693, 101
Trd, 4319827.343, 67
Trd, 4319827.943, 112
Trd, 4319828.993, 120
Trd, 4319830.293, 122
Trd, 4319831.293, 125
Trd, 4319831.843, 121
Trd, 4319832.193, 107
Trd, 4319832.793, 132
Trd, 4319833.093, 102
Trd, 4319834.893, 91
Trd, 4319835.293, 92
Trd, 4319835.543, 85
Trd, 4319836.293, 120
Trd, 4319837.243, 104
Trd, 4319837.343, 101
Trd, 4319837.993, 137
Trd, 4319839.093, 125
Trd, 4319839.443, 85
Trd, 4319840.043, 104
Trd, 4319841.843, 92
Trd, 4319842.293, 73
Trd, 4319842.643, 96
Trd, 4319842.743, 106
Trd, 4319843.543, 115
Trd, 4319843.943, 102
Trd, 4319845.993, 82
Trd, 4319846.943, 72
Trd, 4319847.593, 109
Trd, 4319847.643, 90
Trd, 4319847.893, 94
Trd, 4319848.243, 76
Trd, 4319848.693, 85
Trd, 4319850.293, 64
Trd, 4319850.343, 69
Trd, 4319850.443, 76
Trd, 4319851.243, 78
Trd, 4319852.693, 93
Trd, 4319853.393, 74
Trd, 4319853.943, 107
Trd, 4319855.143, 113
Trd, 4319855.743, 124
Trd, 4319856.543, 139
Trd, 4319856.693, 125
Trd, 4319857.143, 128
Trd, 4319857.443, 97
Trd, 4319858.193, 125
Trd, 4319859.193, 130
Trd, 4319860.893, 77
Trd, 4319861.593, 79
Trd, 4319861.993, 81
Trd, 4319862.843, 102
Trd, 4319863.193, 99
Trd, 4319864.393, 125
Trd, 4319864.743, 133
Trd, 4319865.043, 103
Trd, 4319865.293, 96
Trd, 4319866.793, 140
Trd, 4319867.743, 120
Trd, 4319867.943, 113
Trd, 4319868.043, 97
Trd, 4319868.893, 140
Trd, 4319868.943, 140
Trd, 4319869.093, 88
Trd, 4319870.093, 68
Trd, 4319870.793, 67
Trd, 4319871.393, 79
Trd, 4319871.643, 74
Trd, 4319872.493, 72
Trd, 4319872.593, 96
Trd, 4319873.243, 65
Trd, 4319874.043, 68
Trd, 4319874.093, 97
Trd, 4319874.643, 119
Trd, 4319875.593, 140
Trd, 4319876.393, 120
Trd, 4319876.593, 115
Trd, 4319877.843, 84
Trd, 4319879.043, 98
Trd, 4319879.393, 99
Trd, 4319879.543, 111
Trd, 4319880.293, 70
Trd, 4319880.343, 66
Trd, 4319882.143, 77
Trd, 4319882.843, 85
Trd, 4319883.293, 60
Trd, 4319883.893, 67
Trd, 4319884.393, 66
Trd, 4319884.493, 117
Trd, 4319886.243, 89
Trd, 4319887.243, 89
Trd, 4319887.643, 69
Trd, 4319888.493, 96
Trd, 4319889.143, 89
Trd, 4319890.093, 116
Trd, 4319891.443, 98
Trd, 4319891.743, 90
Trd, 4319892.793, 134
Trd, 4319892.843, 111
Trd, 4319893.043, 103
Trd, 4319893.743, 120
Trd, 4319894.043, 118
Trd, 4319894.393, 114
Trd, 4319894.643, 125
Trd, 4319895.993, 107
Trd, 4319897.393, 118
Trd, 4319898.193, 98
Trd, 4319898.743, 139
Trd, 4319900.793, 124
Trd, 4319901.093, 104
Trd, 4319901.943, 125
Trd, 4319901.993, 98
Trd, 4319902.793, 132
Trd, 4319903.443, 81
Trd, 4319904.043, 101
Trd, 4319904.543, 117
Trd, 4319905.993, 65
Trd, 4319906.493, 91
Trd, 4319907.443, 122
Trd, 4319907.493, 118
Trd, 4319907.943, 112
Trd, 4319908.643, 103
Trd, 4319908.893, 125
Trd, 4319909.093, 110
Trd, 4319909.493, 99
Trd, 4319910.893, 128
Trd, 4319911.293, 113
Trd, 4319911.493, 89
Trd, 4319914.043, 86
Trd, 4319915.143, 82
Trd, 4319915.943, 135
Trd, 4319916.543, 140
Trd, 4319917.243, 127
Trd, 4319918.093, 112
Trd, 4319918.693, 135
Trd, 4319918.943, 101
Trd, 4319919.193, 67
Trd, 4319920.143, 118
Trd, 4319920.343, 96
Trd, 4319922.643, 68
Trd, 4319923.093, 71
Trd, 4319923.493, 99
Trd, 4319924.393, 124
Trd, 4319924.443, 76
Trd, 4319924.543, 65
Trd, 4319926.093, 76
Trd, 4319926.543, 136
Trd, 4319926.893, 101
Trd, 4319927.043, 93
Trd, 4319928.643, 71
Trd, 4319929.093, 131
Trd, 4319929.793, 137
Trd, 4319930.143, 113
Trd, 4319930.843, 136
Trd, 4319931.143, 103
Trd, 4319932.443, 61
Trd, 4319933.543, 140
Trd, 4319933.693, 105
Trd, 4319935.643, 139
Trd, 4319936.843, 122
Trd, 4319937.493, 129
Trd, 4319938.393, 121
Trd, 4319938.443, 108
Trd, 4319938.643, 105
Trd, 4319939.293, 113
Trd, 4319939.593, 111
Trd, 4319939.643, 103
Trd, 4319940.243, 63
Trd, 4319940.693, 110
Trd, 4319941.243, 128
Trd, 4319942.393, 86
Trd, 4319943.043, 84
Trd, 4319944.193, 99
Trd, 4319945.693, 140
Trd, 4319946.343, 135
Trd, 4319946.993, 128
Trd, 4319947.493, 127
Trd, 4319947.593, 120
Trd, 4319948.193, 137
Trd, 4319948.593, 140
Trd, 4319949.193, 91
Trd, 4319950.793, 123
Trd, 4319952.143, 119
Trd, 4319952.843, 100
Trd, 4319952.993, 97
Trd, 4319953.093, 123
Trd, 4319954.143, 138
Trd, 4319954.193, 103
Trd, 4319955.293, 123
Trd, 4319955.743, 101
Trd, 4319955.793, 98
Trd, 4319956.893, 104
Trd, 4319957.593, 140
Trd, 4319958.043, 137
Trd, 4319958.893, 102
Trd, 4319959.593, 116
Trd, 4319960.343, 95
Trd, 4319960.443, 89
Trd, 4319960.743, 140
Trd, 4319961.493, 115
Trd, 4319962.293, 122
Trd, 4319962.843, 77
Trd, 4319963.693, 81
Trd, 4319963.893, 96
Trd, 4319964.693, 135
Trd, 4319965.143, 104
Trd, 4319965.493, 94
Trd, 4319965.943, 86
Trd, 4319966.143, 82
Trd, 4319968.193, 81
Trd, 4319968.543, 124
Trd, 4319969.193, 86
Trd, 4319969.943, 134
Trd, 4319970.343, 101
Trd, 4319971.193, 96
Trd, 4319972.193, 104
Trd, 4319972.393, 109
Trd, 4319972.543, 139
Trd, 4319973.743, 101
Trd, 4319974.893, 102
Trd, 4319975.393, 98
Trd, 4319976.493, 124
Trd, 4319976.643, 119
Trd, 4319976.993, 102
Trd, 4319977.693, 136
Trd, 4319977.743, 112
Trd, 4319977.793, 101
Trd, 4319978.293, 140
Trd, 4319979.493, 92
Trd, 4319981.543, 135
Trd, 4319981.943, 79
Trd, 4319982.543, 66
Trd, 4319983.543, 63
Trd, 4319983.993, 103
Trd, 4319984.893, 73
Trd, 4319985.143, 138
Trd, 4319985.693, 64
Trd, 4319985.943, 123
Trd, 4319987.443, 87
Trd, 4319987.843, 72
Trd, 4319988.043, 69
Trd, 4319988.993, 114
Trd, 4319989.193, 111
Trd, 4319989.743, 129
Trd, 4319990.043, 140
Trd, 4319991.143, 112
Trd, 4319991.843, 127
Trd, 4319992.993, 113
Trd, 4319993.043, 99
Trd, 4319993.443, 81
Trd, 4319993.943, 127
Trd, 4319994.943, 120
Trd, 4319995.493, 105
Trd, 4319995.893, 139
Trd, 4319996.643, 127
Trd, 4319997.243, 139
Trd, 4319998.893, 132
Trd, 4319999.593, 128
