Trd, 4318181.243, 139
Trd, 4318182.493, 140
Trd, 4318183.243, 140
Trd, 4318184.043, 140
Trd, 4318184.443, 140
Trd, 4318185.093, 140
Trd, 4318185.393, 140
Trd, 4318186.393, 140
Trd, 4318187.043, 140
Trd, 4318187.193, 139
Trd, 4318187.643, 139
Trd, 4318189.493, 140
Trd, 4318189.593, 140
Trd, 4318189.693, 140
Trd, 4318190.393, 139
Trd, 4318191.343, 140
Trd, 4318191.543, 140
Trd, 4318193.093, 140
Trd, 4318193.343, 140
Trd, 4318194.893, 140
Trd, 4318195.393, 140
Trd, 4318196.043, 140
Trd, 4318197.293, 140
Trd, 4318197.493, 140
Trd, 4318198.443, 140
Trd, 4318198.743, 140
Trd, 4318198.993, 140
Trd, 4318199.793, 140
Trd, 4318199.993, 140
Trd, 4318200.293, 140
Trd, 4318200.643, 140
Trd, 4318200.693, 140
Trd, 4318202.243, 139
Trd, 4318203.943, 140
Trd, 4318204.093, 140
Trd, 4318204.943, 140
Trd, 4318205.143, 140
Trd, 4318205.393, 140
Trd, 4318205.993, 140
Trd, 4318206.043, 139
Trd, 4318206.443, 139
Trd, 4318208.843, 140
Trd, 4318209.443, 140
Trd, 4318209.643, 140
Trd, 4318210.693, 140
Trd, 4318210.843, 140
Trd, 4318211.743, 140
Trd, 4318211.993, 140
Trd, 4318213.793, 140
Trd, 4318213.943, 140
Trd, 4318214.443, 140
Trd, 4318214.693, 140
Trd, 4318215.393, 140
Trd, 4318215.593, 140
Trd, 4318216.293, 140
Trd, 4318216.443, 140
Trd, 4318218.843, 140
Trd, 4318219.593, 140
Trd, 4318219.743, 140
Trd, 4318220.393, 140
Trd, 4318220.943, 140
Trd, 4318221.243, 140
Trd, 4318221.993, 140
Trd, 4318222.793, 140
Trd, 4318222.893, 140
Trd, 4318224.243, 140
Trd, 4318225.993, 140
Trd, 4318226.793, 140
Trd, 4318227.093, 140
Trd, 4318227.443, 140
Trd, 4318227.493, 140
Trd, 4318228.343, 140
Trd, 4318228.743, 140
Trd, 4318229.793, 140
Trd, 4318230.743, 140
Trd, 4318230.843, 139
Trd, 4318231.343, 140
Trd, 4318232.293, 140
Trd, 4318232.993, 140
Trd, 4318233.243, 140
Trd, 4318234.543, 140
Trd, 4318235.743, 140
Trd, 4318236.043, 140
Trd, 4318236.943, 140
Trd, 4318237.243, 140
Trd, 4318237.843, 140
Trd, 4318238.093, 139
Trd, 4318238.793, 140
Trd, 4318239.643, 140
Trd, 4318240.593, 140
Trd, 4318240.793, 140
Trd, 4318241.443, 140
Trd, 4318242.343, 140
Trd, 4318243.393, 140
Trd, 4318244.643, 140
Trd, 4318244.793, 140
Trd, 4318244.943, 140
Trd, 4318245.343, 140
Trd, 4318246.243, 140
Trd, 4318247.093, 140
Trd, 4318247.143, 140
Trd, 4318248.193, 140
Trd, 4318248.943, 140
Trd, 4318249.993, 140
Trd, 4318250.843, 140
Trd, 4318251.443, 140
Trd, 4318252.243, 140
Trd, 4318252.493, 140
Trd, 4318253.293, 140
Trd, 4318253.893, 140
Trd, 4318254.343, 140
Trd, 4318254.443, 140
Trd, 4318255.243, 139
Trd, 4318255.893, 140
Trd, 4318256.543, 140
Trd, 4318257.293, 140
Trd, 4318257.693, 140
Trd, 4318258.393, 140
Trd, 4318258.693, 140
Trd, 4318258.943, 140
Trd, 4318259.543, 139
Trd, 4318259.743, 97
Trd, 4318261.343, 140
Trd, 4318261.393, 139
Trd, 4318263.193, 60
Trd, 4318263.443, 64
Trd, 4318263.743, 60
Trd, 4318264.893, 66
Trd, 4318265.193, 66
Trd, 4318266.643, 61
Trd, 4318266.893, 64
Trd, 4318267.493, 62
Trd, 4318270.393, 60
Trd, 4318270.593, 61
Trd, 4318271.293, 96
Trd, 4318271.793, 62
Trd, 4318272.443, 140
Trd, 4318273.543, 140
Trd, 4318274.143, 140
Trd, 4318274.943, 140
Trd, 4318274.993, 140
Trd, 4318275.193, 140
Trd, 4318275.843, 140
Trd, 4318275.943, 140
Trd, 4318276.693, 140
Trd, 4318277.693, 140
Trd, 4318277.793, 139
Trd, 4318278.193, 140
Trd, 4318278.993, 63
Trd, 4318280.143, 66
Trd, 4318280.743, 140
Trd, 4318281.893, 140
Trd, 4318282.593, 140
Trd, 4318282.843, 139
Trd, 4318284.143, 140
Trd, 4318284.393, 140
Trd, 4318285.193, 140
Trd, 4318286.993, 140
Trd, 4318287.143, 140
Trd, 4318287.293, 140
Trd, 4318287.893, 140
Trd, 4318288.543, 140
Trd, 4318288.693, 139
Trd, 4318289.143, 139
Trd, 4318289.343, 139
Trd, 4318290.143, 138
Trd, 4318290.293, 138
Trd, 4318291.693, 140
Trd, 4318291.843, 140
Trd, 4318291.993, 140
Trd, 4318292.143, 140
Trd, 4318292.193, 139
Trd, 4318292.693, 140
Trd, 4318294.093, 139
Trd, 4318294.793, 140
Trd, 4318294.943, 139
Trd, 4318295.593, 66
Trd, 4318296.643, 140
Trd, 4318297.893, 140
Trd, 4318298.143, 140
Trd, 4318299.643, 140
Trd, 4318299.743, 140
Trd, 4318299.793, 140
Trd, 4318300.793, 140
Trd, 4318301.193, 139
Trd, 4318302.293, 140
Trd, 4318302.893, 140
Trd, 4318303.343, 140
Trd, 4318304.643, 140
Trd, 4318305.293, 140
Trd, 4318306.193, 140
Trd, 4318306.743, 140
Trd, 4318307.393, 140
Trd, 4318308.093, 140
Trd, 4318308.593, 140
Trd, 4318308.693, 140
Trd, 4318308.743, 140
Trd, 4318308.793, 139
Trd, 4318309.493, 140
Trd, 4318311.493, 140
Trd, 4318311.593, 140
Trd, 4318311.693, 139
Trd, 4318311.843, 139
Trd, 4318312.393, 140
Trd, 4318313.543, 139
Trd, 4318313.843, 140
Trd, 4318313.943, 140
Trd, 4318315.293, 140
Trd, 4318316.393, 140
Trd, 4318316.643, 140
Trd, 4318318.843, 140
Trd, 4318318.993, 140
Trd, 4318319.093, 140
Trd, 4318320.293, 140
Trd, 4318320.543, 140
Trd, 4318321.043, 140
Trd, 4318321.143, 140
Trd, 4318321.793, 140
Trd, 4318322.093, 139
Trd, 4318322.443, 137
Trd, 4318323.243, 139
Trd, 4318323.693, 139
Trd, 4318324.743, 140
Trd, 4318325.643, 139
Trd, 4318326.143, 140
Trd, 4318326.193, 140
Trd, 4318326.293, 139
Trd, 4318328.093, 140
Trd, 4318328.143, 140
Trd, 4318328.743, 140
Trd, 4318328.843, 140
Trd, 4318329.393, 140
Trd, 4318330.093, 140
Trd, 4318330.843, 140
Trd, 4318330.893, 139
Trd, 4318333.393, 140
Trd, 4318333.443, 140
Trd, 4318333.643, 139
Trd, 4318334.943, 140
Trd, 4318335.693, 140
Trd, 4318335.743, 140
Trd, 4318336.193, 140
Trd, 4318336.493, 140
Trd, 4318336.993, 140
Trd, 4318338.093, 139
Trd, 4318338.843, 140
Trd, 4318339.543, 139
Trd, 4318339.693, 138
Trd, 4318340.293, 60
Trd, 4318342.793, 140
Trd, 4318342.943, 140
Trd, 4318343.843, 140
Trd, 4318344.293, 140
Trd, 4318344.443, 140
Trd, 4318344.743, 140
Trd, 4318345.093, 140
Trd, 4318346.493, 140
Trd, 4318347.143, 140
Trd, 4318347.743, 140
Trd, 4318347.993, 140
Trd, 4318349.093, 140
Trd, 4318350.243, 140
Trd, 4318350.643, 140
Trd, 4318351.793, 140
Trd, 4318352.243, 140
Trd, 4318352.393, 140
Trd, 4318352.793, 140
Trd, 4318353.343, 140
Trd, 4318354.293, 140
Trd, 4318354.343, 140
Trd, 4318354.743, 139
Trd, 4318356.243, 140
Trd, 4318356.343, 140
Trd, 4318356.543, 139
Trd, 4318357.643, 140
Trd, 4318359.343, 140
Trd, 4318359.443, 140
Trd, 4318360.443, 140
Trd, 4318360.693, 140
Trd, 4318360.993, 140
Trd, 4318361.393, 140
Trd, 4318361.943, 140
Trd, 4318364.343, 140
Trd, 4318364.493, 140
Trd, 4318364.793, 140
Trd, 4318364.943, 140
Trd, 4318365.643, 140
Trd, 4318366.043, 139
Trd, 4318366.093, 138
Trd, 4318367.493, 140
Trd, 4318367.543, 140
Trd, 4318369.043, 140
Trd, 4318370.843, 140
Trd, 4318371.343, 140
Trd, 4318372.143, 140
Trd, 4318372.543, 140
Trd, 4318372.743, 140
Trd, 4318374.093, 140
Trd, 4318374.143, 140
Trd, 4318374.893, 140
Trd, 4318375.293, 140
Trd, 4318375.593, 140
Trd, 4318375.643, 137
Trd, 4318376.743, 140
Trd, 4318376.993, 140
Trd, 4318377.943, 140
Trd, 4318378.093, 140
Trd, 4318378.193, 140
Trd, 4318378.693, 138
Trd, 4318379.193, 140
Trd, 4318379.893, 64
Trd, 4318380.543, 140
Trd, 4318381.193, 140
Trd, 4318381.693, 139
Trd, 4318381.943, 140
Trd, 4318382.443, 139
Trd, 4318383.293, 139
Trd, 4318383.343, 138
Trd, 4318384.293, 140
Trd, 4318384.743, 139
Trd, 4318385.143, 140
Trd, 4318386.293, 60
Trd, 4318387.043, 60
Trd, 4318387.193, 111
Trd, 4318387.593, 139
Trd, 4318388.893, 140
Trd, 4318389.293, 140
Trd, 4318390.193, 140
Trd, 4318391.993, 140
Trd, 4318392.093, 140
Trd, 4318392.493, 140
Trd, 4318392.593, 139
Trd, 4318392.693, 139
Trd, 4318394.193, 140
Trd, 4318394.343, 139
Trd, 4318394.743, 140
Trd, 4318395.193, 140
Trd, 4318396.243, 140
Trd, 4318396.393, 140
Trd, 4318396.543, 139
Trd, 4318397.943, 63
Trd, 4318398.993, 61
Trd, 4318399.743, 64
Trd, 4318399.843, 64
Trd, 4318400.993, 62
Trd, 4318401.193, 65
Trd, 4318402.643, 61
Trd, 4318404.693, 60
Trd, 4318405.293, 60
Trd, 4318405.593, 62
Trd, 4318406.443, 63
Trd, 4318407.593, 140
Trd, 4318407.993, 140
Trd, 4318408.243, 140
Trd, 4318408.643, 64
Trd, 4318410.543, 139
Trd, 4318410.793, 138
Trd, 4318411.393, 140
Trd, 4318411.493, 140
Trd, 4318411.743, 131
Trd, 4318412.443, 66
Trd, 4318413.993, 140
Trd, 4318414.043, 140
Trd, 4318414.293, 140
Trd, 4318414.643, 140
Trd, 4318415.043, 140
Trd, 4318415.743, 140
Trd, 4318416.693, 60
Trd, 4318416.943, 61
Trd, 4318417.443, 63
Trd, 4318418.393, 63
Trd, 4318419.893, 63
Trd, 4318420.143, 69
Trd, 4318421.593, 60
Trd, 4318422.193, 61
Trd, 4318423.493, 61
Trd, 4318423.593, 62
Trd, 4318424.043, 67
Trd, 4318424.743, 64
Trd, 4318425.443, 60
Trd, 4318427.993, 61
Trd, 4318428.243, 66
Trd, 4318428.993, 64
Trd, 4318429.493, 64
Trd, 4318429.643, 67
Trd, 4318429.993, 60
Trd, 4318431.843, 68
Trd, 4318432.143, 60
Trd, 4318433.193, 61
Trd, 4318433.893, 67
Trd, 4318434.343, 140
Trd, 4318434.393, 138
Trd, 4318434.993, 61
Trd, 4318435.643, 66
Trd, 4318436.193, 68
Trd, 4318436.893, 61
Trd, 4318438.293, 62
Trd, 4318439.093, 66
Trd, 4318439.193, 71
Trd, 4318439.593, 88
Trd, 4318440.093, 140
Trd, 4318441.143, 68
Trd, 4318442.593, 140
Trd, 4318443.643, 140
Trd, 4318443.693, 140
Trd, 4318443.993, 140
Trd, 4318444.443, 140
Trd, 4318444.643, 140
Trd, 4318446.043, 140
Trd, 4318447.093, 140
Trd, 4318447.443, 140
Trd, 4318448.493, 140
Trd, 4318449.543, 140
Trd, 4318449.943, 140
Trd, 4318450.593, 139
Trd, 4318451.043, 140
Trd, 4318452.193, 140
Trd, 4318452.993, 140
Trd, 4318453.093, 140
Trd, 4318453.243, 140
Trd, 4318453.593, 140
Trd, 4318454.593, 140
Trd, 4318455.493, 140
Trd, 4318455.543, 140
Trd, 4318456.993, 140
Trd, 4318458.193, 140
Trd, 4318459.043, 140
Trd, 4318459.343, 140
Trd, 4318459.643, 140
Trd, 4318460.693, 140
Trd, 4318460.993, 140
Trd, 4318462.293, 140
Trd, 4318462.543, 140
Trd, 4318462.693, 140
Trd, 4318462.843, 140
Trd, 4318463.393, 140
Trd, 4318464.293, 140
Trd, 4318465.193, 140
Trd, 4318465.593, 140
Trd, 4318466.143, 140
Trd, 4318466.593, 140
Trd, 4318466.693, 140
Trd, 4318468.493, 140
Trd, 4318468.643, 140
Trd, 4318469.843, 140
Trd, 4318471.293, 140
Trd, 4318471.393, 140
Trd, 4318471.893, 140
Trd, 4318471.993, 140
Trd, 4318472.043, 139
Trd, 4318473.443, 140
Trd, 4318474.993, 140
Trd, 4318475.493, 140
Trd, 4318475.793, 140
Trd, 4318476.293, 140
Trd, 4318476.693, 140
Trd, 4318477.593, 140
Trd, 4318477.993, 140
Trd, 4318478.293, 140
Trd, 4318478.543, 139
Trd, 4318479.043, 139
Trd, 4318479.443, 140
Trd, 4318480.893, 140
Trd, 4318481.193, 140
Trd, 4318481.243, 140
Trd, 4318481.443, 138
Trd, 4318482.443, 140
Trd, 4318483.493, 140
Trd, 4318484.893, 140
Trd, 4318485.743, 140
Trd, 4318485.843, 140
Trd, 4318486.793, 140
Trd, 4318486.993, 140
Trd, 4318488.743, 140
Trd, 4318488.843, 140
Trd, 4318489.093, 140
Trd, 4318489.293, 140
Trd, 4318489.393, 138
Trd, 4318489.793, 137
Trd, 4318491.043, 62
Trd, 4318491.393, 64
Trd, 4318492.493, 60
Trd, 4318493.293, 61
Trd, 4318493.543, 62
Trd, 4318494.193, 69
Trd, 4318494.643, 72
Trd, 4318495.843, 60
Trd, 4318496.043, 68
Trd, 4318496.793, 105
Trd, 4318497.293, 140
Trd, 4318498.043, 139
Trd, 4318498.343, 139
Trd, 4318498.993, 60
Trd, 4318500.293, 65
Trd, 4318501.293, 120
Trd, 4318501.743, 62
Trd, 4318502.243, 63
Trd, 4318504.393, 62
Trd, 4318504.443, 66
Trd, 4318504.693, 140
Trd, 4318505.793, 60
Trd, 4318506.493, 60
Trd, 4318507.393, 60
Trd, 4318507.993, 62
Trd, 4318508.143, 62
Trd, 4318508.543, 63
Trd, 4318508.993, 78
Trd, 4318509.643, 61
Trd, 4318511.493, 64
Trd, 4318512.343, 66
Trd, 4318513.193, 62
Trd, 4318513.343, 65
Trd, 4318513.943, 60
Trd, 4318515.393, 140
Trd, 4318516.043, 140
Trd, 4318516.643, 140
Trd, 4318517.193, 140
Trd, 4318517.443, 140
Trd, 4318517.793, 140
Trd, 4318517.843, 139
Trd, 4318518.943, 139
Trd, 4318519.493, 61
Trd, 4318520.193, 63
Trd, 4318521.393, 60
Trd, 4318522.243, 62
Trd, 4318523.493, 140
Trd, 4318523.993, 140
Trd, 4318524.243, 140
Trd, 4318524.343, 140
Trd, 4318524.393, 140
Trd, 4318524.493, 138
Trd, 4318525.543, 63
Trd, 4318525.593, 65
Trd, 4318526.143, 140
Trd, 4318527.693, 140
Trd, 4318527.793, 140
Trd, 4318527.943, 139
Trd, 4318529.043, 140
Trd, 4318529.393, 140
Trd, 4318530.693, 140
Trd, 4318531.443, 140
Trd, 4318532.143, 140
Trd, 4318533.193, 140
Trd, 4318533.343, 140
Trd, 4318534.993, 140
Trd, 4318535.443, 140
Trd, 4318536.493, 140
Trd, 4318537.243, 140
Trd, 4318537.893, 140
Trd, 4318538.193, 140
Trd, 4318538.593, 140
Trd, 4318538.643, 140
Trd, 4318539.343, 140
Trd, 4318539.643, 138
Trd, 4318541.843, 140
Trd, 4318542.393, 140
Trd, 4318542.843, 140
Trd, 4318542.993, 140
Trd, 4318544.293, 140
Trd, 4318544.893, 140
Trd, 4318545.243, 140
Trd, 4318545.993, 140
Trd, 4318546.543, 140
Trd, 4318546.993, 140
Trd, 4318547.943, 140
Trd, 4318549.143, 140
Trd, 4318549.393, 140
Trd, 4318549.993, 140
Trd, 4318550.843, 140
Trd, 4318550.943, 139
Trd, 4318551.393, 140
Trd, 4318551.693, 139
Trd, 4318552.293, 140
Trd, 4318552.993, 140
Trd, 4318553.043, 140
Trd, 4318553.093, 139
Trd, 4318553.893, 139
Trd, 4318555.343, 140
Trd, 4318555.993, 140
Trd, 4318556.643, 140
Trd, 4318556.793, 139
Trd, 4318557.493, 139
Trd, 4318558.443, 140
Trd, 4318558.693, 140
Trd, 4318560.293, 140
Trd, 4318562.593, 140
Trd, 4318563.193, 140
Trd, 4318563.943, 140
Trd, 4318564.543, 140
Trd, 4318564.743, 140
Trd, 4318565.043, 140
Trd, 4318565.243, 140
Trd, 4318565.493, 140
Trd, 4318565.793, 140
Trd, 4318566.493, 61
Trd, 4318566.593, 67
Trd, 4318567.543, 140
Trd, 4318568.443, 136
Trd, 4318568.793, 139
Trd, 4318568.943, 138
Trd, 4318569.893, 139
Trd, 4318570.743, 140
Trd, 4318570.843, 140
Trd, 4318571.343, 139
Trd, 4318572.393, 140
Trd, 4318572.743, 140
Trd, 4318574.493, 62
Trd, 4318574.743, 62
Trd, 4318576.143, 140
Trd, 4318576.543, 140
Trd, 4318577.243, 140
Trd, 4318577.293, 140
Trd, 4318578.343, 140
Trd, 4318578.693, 140
Trd, 4318578.843, 140
Trd, 4318579.243, 138
Trd, 4318579.543, 140
Trd, 4318580.243, 139
Trd, 4318580.943, 61
Trd, 4318582.143, 61
Trd, 4318583.043, 62
Trd, 4318583.793, 61
Trd, 4318584.393, 65
Trd, 4318584.643, 69
Trd, 4318585.843, 62
Trd, 4318585.893, 68
Trd, 4318586.343, 60
Trd, 4318587.943, 64
Trd, 4318589.043, 61
Trd, 4318590.193, 67
Trd, 4318590.493, 66
Trd, 4318590.743, 62
Trd, 4318591.643, 140
Trd, 4318592.643, 140
Trd, 4318593.393, 140
Trd, 4318593.793, 140
Trd, 4318594.843, 140
Trd, 4318594.893, 140
Trd, 4318595.193, 140
Trd, 4318595.743, 140
Trd, 4318596.293, 140
Trd, 4318596.943, 140
Trd, 4318597.543, 140
Trd, 4318598.093, 140
Trd, 4318599.043, 140
Trd, 4318599.893, 140
Trd, 4318600.043, 140
Trd, 4318600.693, 140
Trd, 4318600.843, 140
Trd, 4318601.243, 140
Trd, 4318602.343, 140
Trd, 4318602.893, 140
Trd, 4318603.493, 140
Trd, 4318603.643, 140
Trd, 4318604.693, 140
Trd, 4318605.293, 140
Trd, 4318605.443, 140
Trd, 4318606.143, 140
Trd, 4318607.143, 140
Trd, 4318607.643, 140
Trd, 4318608.843, 140
Trd, 4318608.893, 140
Trd, 4318609.343, 140
Trd, 4318609.693, 140
Trd, 4318610.093, 61
Trd, 4318610.543, 140
Trd, 4318611.093, 61
Trd, 4318611.143, 63
Trd, 4318612.743, 60
Trd, 4318612.893, 63
Trd, 4318613.293, 140
Trd, 4318614.493, 140
Trd, 4318615.243, 140
Trd, 4318615.793, 140
Trd, 4318615.843, 137
Trd, 4318617.143, 140
Trd, 4318617.243, 140
Trd, 4318618.243, 140
Trd, 4318618.493, 140
Trd, 4318619.393, 140
Trd, 4318619.593, 139
Trd, 4318619.743, 137
Trd, 4318620.193, 122
Trd, 4318621.793, 60
Trd, 4318621.893, 63
Trd, 4318622.743, 139
Trd, 4318623.493, 140
Trd, 4318624.343, 140
Trd, 4318625.193, 140
Trd, 4318625.743, 140
Trd, 4318626.793, 140
Trd, 4318627.443, 140
Trd, 4318627.743, 140
Trd, 4318628.143, 139
Trd, 4318628.193, 137
Trd, 4318629.293, 140
Trd, 4318629.393, 137
Trd, 4318629.793, 67
Trd, 4318630.243, 140
Trd, 4318632.093, 140
Trd, 4318632.143, 139
Trd, 4318632.343, 138
Trd, 4318633.243, 140
Trd, 4318634.143, 140
Trd, 4318634.343, 140
Trd, 4318635.243, 139
Trd, 4318635.943, 140
Trd, 4318636.393, 140
Trd, 4318636.793, 140
Trd, 4318637.243, 139
Trd, 4318637.493, 138
Trd, 4318638.993, 139
Trd, 4318639.043, 138
Trd, 4318640.593, 140
Trd, 4318641.693, 140
Trd, 4318641.943, 140
Trd, 4318642.693, 140
Trd, 4318642.993, 140
Trd, 4318643.393, 140
Trd, 4318643.843, 140
Trd, 4318643.893, 140
Trd, 4318644.093, 139
Trd, 4318644.793, 138
Trd, 4318645.243, 130
Trd, 4318646.543, 140
Trd, 4318647.143, 139
Trd, 4318647.593, 140
Trd, 4318647.793, 140
Trd, 4318648.293, 140
Trd, 4318649.093, 140
Trd, 4318650.043, 140
Trd, 4318650.093, 139
Trd, 4318650.693, 140
Trd, 4318650.843, 139
Trd, 4318651.743, 140
Trd, 4318652.643, 140
Trd, 4318652.693, 138
Trd, 4318653.243, 138
Trd, 4318654.543, 140
Trd, 4318654.593, 138
Trd, 4318655.143, 140
Trd, 4318655.393, 139
Trd, 4318656.143, 139
Trd, 4318658.843, 140
Trd, 4318660.593, 140
Trd, 4318660.793, 140
Trd, 4318660.993, 140
Trd, 4318661.243, 140
Trd, 4318662.293, 140
Trd, 4318663.993, 140
Trd, 4318665.043, 140
Trd, 4318665.143, 140
Trd, 4318665.543, 140
Trd, 4318666.743, 140
Trd, 4318667.843, 140
Trd, 4318668.393, 140
Trd, 4318668.993, 140
Trd, 4318669.043, 140
Trd, 4318669.343, 140
Trd, 4318670.543, 140
Trd, 4318671.143, 140
Trd, 4318671.793, 140
Trd, 4318672.043, 140
Trd, 4318672.543, 140
Trd, 4318672.593, 140
Trd, 4318673.693, 140
Trd, 4318673.893, 140
Trd, 4318674.293, 140
Trd, 4318674.593, 140
Trd, 4318675.493, 140
Trd, 4318675.793, 140
Trd, 4318676.243, 140
Trd, 4318677.493, 140
Trd, 4318678.693, 140
Trd, 4318678.793, 140
Trd, 4318679.293, 140
Trd, 4318679.793, 140
Trd, 4318680.943, 140
Trd, 4318682.143, 140
Trd, 4318682.443, 140
Trd, 4318682.843, 140
Trd, 4318683.043, 140
Trd, 4318683.143, 139
Trd, 4318684.193, 140
Trd, 4318684.243, 140
Trd, 4318685.393, 140
Trd, 4318686.293, 140
Trd, 4318687.793, 140
Trd, 4318688.793, 140
Trd, 4318689.943, 140
Trd, 4318690.243, 140
Trd, 4318690.493, 140
Trd, 4318690.593, 137
Trd, 4318691.193, 140
Trd, 4318691.943, 140
Trd, 4318692.443, 140
Trd, 4318692.843, 140
Trd, 4318693.393, 140
Trd, 4318693.593, 140
Trd, 4318693.643, 139
Trd, 4318694.043, 139
Trd, 4318695.593, 140
Trd, 4318695.643, 140
Trd, 4318696.493, 60
Trd, 4318697.243, 62
Trd, 4318697.943, 63
Trd, 4318698.043, 69
Trd, 4318699.443, 61
Trd, 4318699.543, 67
Trd, 4318700.343, 140
Trd, 4318700.893, 135
Trd, 4318701.393, 140
Trd, 4318701.993, 140
Trd, 4318702.393, 140
Trd, 4318703.843, 140
Trd, 4318704.043, 140
Trd, 4318704.293, 140
Trd, 4318704.593, 139
Trd, 4318705.443, 139
Trd, 4318705.643, 138
Trd, 4318706.843, 140
Trd, 4318707.193, 140
Trd, 4318708.443, 137
Trd, 4318708.943, 140
Trd, 4318709.093, 138
Trd, 4318709.193, 138
Trd, 4318710.093, 140
Trd, 4318711.193, 140
Trd, 4318711.293, 140
Trd, 4318711.693, 68
Trd, 4318712.843, 60
Trd, 4318712.993, 79
Trd, 4318714.193, 65
Trd, 4318714.993, 60
Trd, 4318715.793, 61
Trd, 4318716.093, 62
Trd, 4318717.243, 60
Trd, 4318718.093, 60
Trd, 4318719.593, 60
Trd, 4318719.643, 61
Trd, 4318720.093, 60
Trd, 4318720.943, 60
Trd, 4318721.243, 66
Trd, 4318722.093, 61
Trd, 4318722.243, 71
Trd, 4318723.093, 140
Trd, 4318723.443, 140
Trd, 4318724.643, 140
Trd, 4318724.793, 140
Trd, 4318724.843, 139
Trd, 4318725.893, 140
Trd, 4318726.093, 139
Trd, 4318726.743, 66
Trd, 4318727.793, 140
Trd, 4318729.393, 140
Trd, 4318730.093, 140
Trd, 4318730.593, 140
Trd, 4318731.593, 140
Trd, 4318733.143, 140
Trd, 4318733.393, 140
Trd, 4318733.693, 140
Trd, 4318733.743, 139
Trd, 4318734.293, 140
Trd, 4318734.393, 140
Trd, 4318734.993, 116
Trd, 4318735.793, 139
Trd, 4318736.293, 140
Trd, 4318736.993, 140
Trd, 4318737.593, 140
Trd, 4318738.393, 140
Trd, 4318738.693, 140
Trd, 4318739.093, 137
Trd, 4318739.193, 137
Trd, 4318740.443, 137
Trd, 4318741.993, 140
Trd, 4318743.193, 140
Trd, 4318743.493, 140
Trd, 4318743.943, 140
Trd, 4318744.193, 140
Trd, 4318744.493, 140
Trd, 4318744.593, 139
Trd, 4318744.993, 140
Trd, 4318746.143, 140
Trd, 4318747.443, 139
Trd, 4318747.493, 138
Trd, 4318748.493, 139
Trd, 4318749.543, 61
Trd, 4318750.343, 140
Trd, 4318750.843, 140
Trd, 4318751.193, 140
Trd, 4318751.743, 139
Trd, 4318751.893, 64
Trd, 4318752.343, 140
Trd, 4318753.793, 140
Trd, 4318754.293, 140
Trd, 4318754.943, 139
Trd, 4318755.243, 139
Trd, 4318755.543, 140
Trd, 4318755.893, 140
Trd, 4318756.043, 140
Trd, 4318757.093, 140
Trd, 4318757.293, 140
Trd, 4318757.343, 138
Trd, 4318757.643, 67
Trd, 4318758.693, 67
Trd, 4318759.793, 140
Trd, 4318760.843, 140
Trd, 4318761.693, 140
Trd, 4318761.993, 140
Trd, 4318763.293, 140
Trd, 4318763.543, 140
Trd, 4318763.893, 140
Trd, 4318764.043, 140
Trd, 4318764.093, 140
Trd, 4318764.293, 139
Trd, 4318764.793, 140
Trd, 4318766.193, 139
Trd, 4318766.843, 139
Trd, 4318767.043, 140
Trd, 4318767.343, 139
Trd, 4318768.093, 139
Trd, 4318768.693, 140
Trd, 4318768.943, 140
Trd, 4318770.043, 140
Trd, 4318771.743, 140
Trd, 4318771.893, 140
Trd, 4318771.943, 140
Trd, 4318772.243, 140
Trd, 4318773.093, 140
Trd, 4318773.193, 139
Trd, 4318774.843, 140
Trd, 4318775.193, 140
Trd, 4318776.293, 140
Trd, 4318776.393, 140
Trd, 4318776.693, 139
Trd, 4318776.743, 137
Trd, 4318777.443, 61
Trd, 4318778.443, 134
Trd, 4318779.093, 140
Trd, 4318779.543, 140
Trd, 4318780.693, 137
Trd, 4318781.193, 140
Trd, 4318781.943, 140
Trd, 4318782.343, 138
Trd, 4318783.093, 140
Trd, 4318783.443, 140
Trd, 4318783.793, 139
Trd, 4318784.343, 140
Trd, 4318785.543, 140
Trd, 4318786.043, 140
Trd, 4318787.393, 140
Trd, 4318788.043, 140
Trd, 4318788.143, 140
Trd, 4318788.293, 140
Trd, 4318788.343, 134
Trd, 4318789.093, 65
Trd, 4318789.693, 64
Trd, 4318790.893, 61
Trd, 4318791.493, 60
Trd, 4318791.943, 62
Trd, 4318792.143, 61
Trd, 4318793.293, 140
Trd, 4318793.793, 139
Trd, 4318794.143, 140
Trd, 4318794.193, 140
Trd, 4318795.593, 140
Trd, 4318795.943, 140
Trd, 4318796.193, 140
Trd, 4318796.943, 140
Trd, 4318797.593, 140
Trd, 4318797.993, 140
Trd, 4318798.593, 138
Trd, 4318798.643, 136
Trd, 4318799.143, 63
Trd, 4318800.293, 61
Trd, 4318800.743, 69
Trd, 4318801.243, 140
Trd, 4318801.543, 140
Trd, 4318803.593, 140
Trd, 4318804.093, 140
Trd, 4318804.143, 140
Trd, 4318805.693, 140
Trd, 4318806.143, 140
Trd, 4318807.293, 140
Trd, 4318807.793, 140
Trd, 4318808.043, 140
Trd, 4318808.193, 140
Trd, 4318809.193, 140
Trd, 4318809.993, 140
Trd, 4318810.743, 140
Trd, 4318810.943, 140
Trd, 4318811.543, 140
Trd, 4318811.893, 140
Trd, 4318812.293, 139
Trd, 4318812.543, 140
Trd, 4318813.243, 139
Trd, 4318814.743, 140
Trd, 4318815.643, 140
Trd, 4318815.743, 140
Trd, 4318816.893, 140
Trd, 4318817.743, 140
Trd, 4318818.243, 140
Trd, 4318818.843, 140
Trd, 4318819.793, 140
Trd, 4318820.793, 140
Trd, 4318820.943, 140
Trd, 4318821.943, 140
Trd, 4318822.093, 140
Trd, 4318822.743, 140
Trd, 4318823.093, 140
Trd, 4318823.143, 139
Trd, 4318823.993, 139
Trd, 4318824.493, 140
Trd, 4318826.193, 140
Trd, 4318826.443, 140
Trd, 4318826.543, 140
Trd, 4318827.843, 140
Trd, 4318827.893, 140
Trd, 4318827.943, 139
Trd, 4318828.693, 140
Trd, 4318830.243, 139
Trd, 4318830.993, 140
Trd, 4318831.843, 140
Trd, 4318832.293, 140
Trd, 4318832.393, 140
Trd, 4318833.343, 140
Trd, 4318833.743, 140
Trd, 4318833.943, 140
Trd, 4318834.393, 140
Trd, 4318835.593, 140
Trd, 4318835.743, 139
Trd, 4318836.143, 140
Trd, 4318836.293, 137
Trd, 4318838.443, 140
Trd, 4318839.493, 140
Trd, 4318839.843, 140
Trd, 4318839.893, 139
Trd, 4318840.043, 139
Trd, 4318841.543, 140
Trd, 4318841.843, 140
Trd, 4318841.993, 140
Trd, 4318842.943, 140
Trd, 4318843.143, 140
Trd, 4318843.643, 140
Trd, 4318843.693, 140
Trd, 4318844.443, 140
Trd, 4318845.693, 140
Trd, 4318846.393, 140
Trd, 4318846.893, 140
Trd, 4318846.993, 140
Trd, 4318848.143, 140
Trd, 4318849.493, 140
Trd, 4318849.643, 138
Trd, 4318850.493, 64
Trd, 4318851.043, 140
Trd, 4318851.243, 140
Trd, 4318851.693, 67
Trd, 4318852.793, 63
Trd, 4318853.843, 66
Trd, 4318854.493, 67
Trd, 4318855.893, 140
Trd, 4318856.793, 140
Trd, 4318857.693, 140
Trd, 4318858.043, 140
Trd, 4318858.293, 140
Trd, 4318858.443, 139
Trd, 4318859.393, 140
Trd, 4318859.793, 140
Trd, 4318860.493, 140
Trd, 4318861.493, 140
Trd, 4318861.593, 140
Trd, 4318861.793, 140
Trd, 4318863.093, 140
Trd, 4318863.393, 140
Trd, 4318863.793, 140
Trd, 4318864.393, 140
Trd, 4318865.193, 140
Trd, 4318865.543, 140
Trd, 4318866.243, 140
Trd, 4318867.543, 140
Trd, 4318867.593, 140
Trd, 4318868.043, 140
Trd, 4318868.693, 139
Trd, 4318869.543, 140
Trd, 4318870.693, 140
Trd, 4318871.643, 140
Trd, 4318872.193, 140
Trd, 4318872.443, 140
Trd, 4318872.493, 140
Trd, 4318872.743, 139
Trd, 4318873.443, 140
Trd, 4318875.043, 139
Trd, 4318875.093, 139
Trd, 4318876.243, 140
Trd, 4318876.293, 139
Trd, 4318876.943, 140
Trd, 4318877.993, 140
Trd, 4318878.343, 140
Trd, 4318879.093, 140
Trd, 4318879.343, 140
Trd, 4318880.243, 140
Trd, 4318880.393, 140
Trd, 4318882.493, 140
Trd, 4318882.843, 140
Trd, 4318883.043, 140
Trd, 4318885.043, 140
Trd, 4318885.493, 140
Trd, 4318885.543, 140
Trd, 4318885.643, 140
Trd, 4318885.943, 140
Trd, 4318886.593, 140
Trd, 4318886.643, 139
Trd, 4318887.243, 140
Trd, 4318887.443, 140
Trd, 4318887.793, 140
Trd, 4318889.143, 140
Trd, 4318889.693, 140
Trd, 4318890.543, 140
Trd, 4318890.843, 140
Trd, 4318891.493, 140
Trd, 4318893.543, 140
Trd, 4318893.843, 140
Trd, 4318894.193, 140
Trd, 4318894.443, 139
Trd, 4318894.493, 139
Trd, 4318896.843, 140
Trd, 4318897.293, 140
Trd, 4318897.693, 140
Trd, 4318898.093, 140
Trd, 4318898.693, 140
Trd, 4318899.443, 140
Trd, 4318899.743, 140
Trd, 4318900.243, 140
Trd, 4318901.743, 140
Trd, 4318901.793, 139
Trd, 4318902.443, 139
Trd, 4318902.493, 138
Trd, 4318903.243, 139
Trd, 4318903.993, 140
Trd, 4318904.143, 140
Trd, 4318904.693, 89
Trd, 4318905.493, 140
Trd, 4318905.643, 139
Trd, 4318906.493, 139
Trd, 4318907.843, 62
Trd, 4318908.043, 140
Trd, 4318909.843, 140
Trd, 4318910.443, 140
Trd, 4318911.693, 140
Trd, 4318912.543, 140
Trd, 4318913.693, 140
Trd, 4318914.343, 140
Trd, 4318915.293, 140
Trd, 4318915.943, 140
Trd, 4318915.993, 140
Trd, 4318917.193, 140
Trd, 4318917.343, 140
Trd, 4318917.443, 140
Trd, 4318918.143, 140
Trd, 4318918.293, 140
Trd, 4318918.443, 139
Trd, 4318919.193, 140
Trd, 4318919.843, 140
Trd, 4318922.493, 140
Trd, 4318922.543, 140
Trd, 4318922.643, 140
Trd, 4318923.093, 139
Trd, 4318923.643, 139
Trd, 4318923.993, 140
Trd, 4318924.893, 100
Trd, 4318925.393, 139
Trd, 4318925.893, 140
Trd, 4318927.493, 140
Trd, 4318928.043, 140
Trd, 4318928.243, 139
Trd, 4318928.443, 139
Trd, 4318931.043, 140
Trd, 4318931.243, 140
Trd, 4318932.043, 140
Trd, 4318932.293, 140
Trd, 4318933.093, 140
Trd, 4318933.293, 140
Trd, 4318933.743, 140
Trd, 4318934.543, 140
Trd, 4318934.593, 140
Trd, 4318934.843, 140
Trd, 4318935.343, 140
Trd, 4318935.493, 140
Trd, 4318936.843, 140
Trd, 4318937.143, 140
Trd, 4318937.193, 140
Trd, 4318938.293, 140
Trd, 4318938.393, 139
Trd, 4318939.693, 140
Trd, 4318939.793, 140
Trd, 4318940.493, 60
Trd, 4318940.643, 101
Trd, 4318942.493, 140
Trd, 4318943.093, 140
Trd, 4318943.493, 140
Trd, 4318944.443, 140
Trd, 4318944.693, 140
Trd, 4318944.843, 140
Trd, 4318945.093, 139
Trd, 4318945.443, 79
Trd, 4318946.343, 140
Trd, 4318947.393, 60
Trd, 4318948.093, 61
Trd, 4318948.343, 62
Trd, 4318949.443, 64
Trd, 4318949.793, 139
Trd, 4318950.393, 140
Trd, 4318950.443, 139
Trd, 4318951.193, 64
Trd, 4318951.693, 64
Trd, 4318952.793, 139
Trd, 4318954.693, 140
Trd, 4318954.743, 140
Trd, 4318955.693, 140
Trd, 4318956.293, 140
Trd, 4318956.743, 84
Trd, 4318957.393, 62
Trd, 4318959.293, 60
Trd, 4318959.843, 60
Trd, 4318960.193, 63
Trd, 4318960.293, 64
Trd, 4318960.843, 62
Trd, 4318961.193, 136
Trd, 4318961.543, 62
Trd, 4318962.493, 74
Trd, 4318963.193, 62
Trd, 4318964.793, 61
Trd, 4318965.493, 61
Trd, 4318966.243, 69
Trd, 4318966.843, 139
Trd, 4318966.893, 138
Trd, 4318967.893, 60
Trd, 4318968.543, 60
Trd, 4318968.893, 140
Trd, 4318969.793, 140
Trd, 4318970.243, 140
Trd, 4318970.343, 140
Trd, 4318970.843, 139
Trd, 4318971.293, 61
Trd, 4318972.843, 63
Trd, 4318973.643, 60
Trd, 4318973.993, 61
Trd, 4318975.393, 60
Trd, 4318975.543, 61
Trd, 4318976.793, 62
Trd, 4318977.093, 68
Trd, 4318978.593, 140
Trd, 4318978.793, 140
Trd, 4318979.343, 140
Trd, 4318979.743, 140
Trd, 4318981.293, 140
Trd, 4318982.193, 140
Trd, 4318982.543, 140
Trd, 4318982.643, 140
Trd, 4318982.993, 140
Trd, 4318983.243, 140
Trd, 4318984.693, 140
Trd, 4318985.443, 140
Trd, 4318986.093, 140
Trd, 4318987.993, 140
Trd, 4318988.893, 140
Trd, 4318989.093, 140
Trd, 4318989.593, 140
Trd, 4318989.643, 140
Trd, 4318989.743, 140
Trd, 4318989.793, 140
Trd, 4318990.293, 139
Trd, 4318991.793, 140
Trd, 4318992.193, 87
Trd, 4318993.743, 140
Trd, 4318993.893, 140
Trd, 4318994.093, 139
Trd, 4318994.343, 139
Trd, 4318995.643, 140
Trd, 4318996.043, 140
Trd, 4318996.893, 140
Trd, 4318997.293, 140
Trd, 4318997.693, 140
Trd, 4318997.943, 140
Trd, 4318999.143, 140
Trd, 4319000.493, 140
Trd, 4319000.743, 140
Trd, 4319001.843, 140
Trd, 4319001.943, 140
Trd, 4319001.993, 140
Trd, 4319002.043, 139
Trd, 4319003.193, 140
Trd, 4319004.043, 140
Trd, 4319004.193, 140
Trd, 4319005.343, 140
Trd, 4319005.943, 140
Trd, 4319006.043, 140
Trd, 4319006.193, 140
Trd, 4319007.543, 140
Trd, 4319007.843, 140
Trd, 4319008.693, 140
Trd, 4319008.843, 140
Trd, 4319009.043, 140
Trd, 4319010.843, 140
Trd, 4319011.893, 140
Trd, 4319012.143, 140
Trd, 4319012.593, 140
Trd, 4319012.793, 140
Trd, 4319013.793, 140
Trd, 4319014.393, 140
Trd, 4319014.593, 140
Trd, 4319016.143, 140
Trd, 4319017.093, 140
Trd, 4319017.843, 140
Trd, 4319017.893, 140
Trd, 4319018.143, 138
Trd, 4319018.943, 67
Trd, 4319019.593, 139
Trd, 4319021.143, 140
Trd, 4319021.693, 140
Trd, 4319021.743, 140
Trd, 4319022.743, 60
Trd, 4319023.343, 60
Trd, 4319023.843, 137
Trd, 4319024.893, 74
Trd, 4319025.243, 137
Trd, 4319025.493, 60
Trd, 4319026.393, 61
Trd, 4319026.693, 64
Trd, 4319026.943, 133
Trd, 4319027.443, 140
Trd, 4319029.743, 140
Trd, 4319030.343, 140
Trd, 4319030.593, 140
Trd, 4319030.943, 140
Trd, 4319031.043, 140
Trd, 4319031.493, 139
Trd, 4319031.743, 139
Trd, 4319032.243, 138
Trd, 4319032.443, 61
Trd, 4319033.743, 61
Trd, 4319033.793, 66
Trd, 4319035.293, 60
Trd, 4319036.243, 139
Trd, 4319036.793, 140
Trd, 4319036.993, 139
Trd, 4319037.743, 140
Trd, 4319038.343, 140
Trd, 4319038.643, 140
Trd, 4319039.943, 140
Trd, 4319040.143, 140
Trd, 4319041.443, 140
Trd, 4319041.643, 140
Trd, 4319041.893, 140
Trd, 4319042.143, 139
Trd, 4319044.693, 140
Trd, 4319045.543, 140
Trd, 4319045.843, 140
Trd, 4319047.243, 140
Trd, 4319047.343, 140
Trd, 4319047.543, 140
Trd, 4319047.643, 140
Trd, 4319048.243, 139
Trd, 4319048.293, 139
Trd, 4319048.743, 139
Trd, 4319050.693, 139
Trd, 4319051.443, 139
Trd, 4319052.243, 140
Trd, 4319052.793, 139
Trd, 4319053.343, 139
Trd, 4319053.793, 138
Trd, 4319053.893, 137
Trd, 4319055.243, 140
Trd, 4319056.393, 140
Trd, 4319056.943, 140
Trd, 4319057.643, 140
Trd, 4319058.393, 140
Trd, 4319058.993, 140
Trd, 4319059.893, 140
Trd, 4319060.193, 140
Trd, 4319060.693, 140
Trd, 4319061.643, 140
Trd, 4319061.693, 140
Trd, 4319062.143, 140
Trd, 4319062.493, 60
Trd, 4319063.193, 140
Trd, 4319065.193, 140
Trd, 4319065.343, 140
Trd, 4319065.743, 140
Trd, 4319066.693, 140
Trd, 4319066.793, 140
Trd, 4319067.343, 140
Trd, 4319068.343, 140
Trd, 4319068.793, 140
Trd, 4319069.593, 140
Trd, 4319070.293, 140
Trd, 4319070.493, 140
Trd, 4319070.693, 139
Trd, 4319071.343, 94
Trd, 4319072.243, 140
Trd, 4319073.093, 140
Trd, 4319073.243, 140
Trd, 4319073.493, 140
Trd, 4319075.043, 140
Trd, 4319075.643, 140
Trd, 4319076.393, 140
Trd, 4319076.993, 140
Trd, 4319077.143, 140
Trd, 4319077.543, 140
Trd, 4319077.593, 139
Trd, 4319077.643, 139
Trd, 4319078.243, 140
Trd, 4319079.093, 140
Trd, 4319079.343, 139
Trd, 4319079.543, 138
Trd, 4319080.743, 140
Trd, 4319081.393, 140
Trd, 4319082.093, 140
Trd, 4319082.793, 140
Trd, 4319083.493, 140
Trd, 4319083.793, 138
Trd, 4319084.043, 140
Trd, 4319084.943, 140
Trd, 4319085.093, 140
Trd, 4319085.993, 63
Trd, 4319086.743, 140
Trd, 4319086.993, 138
Trd, 4319087.393, 140
Trd, 4319089.093, 140
Trd, 4319089.293, 139
Trd, 4319090.593, 139
Trd, 4319090.693, 139
Trd, 4319090.993, 140
Trd, 4319091.893, 67
Trd, 4319092.893, 121
Trd, 4319093.043, 140
Trd, 4319093.793, 140
Trd, 4319094.143, 140
Trd, 4319094.443, 140
Trd, 4319095.343, 140
Trd, 4319097.243, 140
Trd, 4319097.493, 140
Trd, 4319098.093, 140
Trd, 4319098.143, 140
Trd, 4319099.243, 140
Trd, 4319099.293, 140
Trd, 4319100.343, 140
Trd, 4319100.543, 140
Trd, 4319100.693, 140
Trd, 4319101.593, 140
Trd, 4319102.643, 140
Trd, 4319103.093, 140
Trd, 4319104.593, 140
Trd, 4319105.593, 140
Trd, 4319106.293, 140
Trd, 4319106.343, 140
Trd, 4319106.743, 140
Trd, 4319106.793, 140
Trd, 4319107.193, 139
Trd, 4319107.243, 139
Trd, 4319108.293, 140
Trd, 4319109.143, 140
Trd, 4319111.093, 140
Trd, 4319111.443, 140
Trd, 4319111.793, 140
Trd, 4319112.643, 140
Trd, 4319113.093, 140
Trd, 4319113.143, 140
Trd, 4319113.693, 140
Trd, 4319115.093, 140
Trd, 4319115.293, 140
Trd, 4319116.043, 140
Trd, 4319117.043, 140
Trd, 4319117.143, 139
Trd, 4319117.493, 140
Trd, 4319117.893, 140
Trd, 4319118.243, 134
Trd, 4319119.343, 140
Trd, 4319120.343, 140
Trd, 4319120.893, 140
Trd, 4319121.043, 140
Trd, 4319121.493, 140
Trd, 4319121.993, 138
Trd, 4319122.393, 140
Trd, 4319123.293, 140
Trd, 4319123.443, 140
Trd, 4319124.743, 140
Trd, 4319124.893, 140
Trd, 4319125.093, 139
Trd, 4319125.693, 140
Trd, 4319125.843, 139
Trd, 4319126.943, 136
Trd, 4319127.293, 135
Trd, 4319129.643, 61
Trd, 4319129.843, 62
Trd, 4319130.843, 62
Trd, 4319131.493, 63
Trd, 4319131.743, 60
Trd, 4319132.343, 140
Trd, 4319133.193, 140
Trd, 4319134.793, 140
Trd, 4319135.443, 140
Trd, 4319135.693, 140
Trd, 4319135.843, 140
Trd, 4319136.443, 140
Trd, 4319136.543, 140
Trd, 4319137.093, 140
Trd, 4319137.893, 140
Trd, 4319138.143, 65
Trd, 4319138.593, 139
Trd, 4319139.393, 140
Trd, 4319140.843, 140
Trd, 4319141.293, 140
Trd, 4319142.243, 140
Trd, 4319143.643, 140
Trd, 4319143.743, 140
Trd, 4319144.243, 140
Trd, 4319144.493, 140
Trd, 4319144.793, 139
Trd, 4319144.893, 138
Trd, 4319145.493, 136
Trd, 4319146.593, 140
Trd, 4319146.943, 140
Trd, 4319147.693, 60
Trd, 4319148.343, 139
Trd, 4319149.993, 63
Trd, 4319150.143, 113
Trd, 4319151.793, 65
Trd, 4319152.243, 63
Trd, 4319153.893, 62
Trd, 4319153.993, 62
Trd, 4319154.243, 64
Trd, 4319154.543, 62
Trd, 4319155.943, 140
Trd, 4319156.293, 140
Trd, 4319157.493, 140
Trd, 4319157.593, 140
Trd, 4319158.093, 140
Trd, 4319158.393, 140
Trd, 4319158.793, 139
Trd, 4319159.193, 140
Trd, 4319159.843, 63
Trd, 4319161.293, 140
Trd, 4319161.693, 140
Trd, 4319162.243, 140
Trd, 4319162.493, 139
Trd, 4319163.343, 140
Trd, 4319163.593, 140
Trd, 4319164.193, 140
Trd, 4319165.693, 140
Trd, 4319166.393, 140
Trd, 4319166.693, 140
Trd, 4319167.193, 140
Trd, 4319168.443, 140
Trd, 4319168.543, 140
Trd, 4319169.743, 140
Trd, 4319170.743, 140
Trd, 4319171.193, 140
Trd, 4319171.843, 140
Trd, 4319172.293, 140
Trd, 4319172.443, 140
Trd, 4319172.943, 139
Trd, 4319173.043, 138
Trd, 4319173.143, 137
Trd, 4319174.293, 140
Trd, 4319174.443, 139
Trd, 4319174.943, 62
Trd, 4319174.993, 66
Trd, 4319176.143, 138
Trd, 4319177.093, 140
Trd, 4319177.343, 140
Trd, 4319178.293, 66
Trd, 4319178.493, 140
Trd, 4319178.943, 140
Trd, 4319179.993, 140
Trd, 4319180.143, 140
Trd, 4319180.393, 138
Trd, 4319182.543, 140
Trd, 4319182.893, 140
Trd, 4319183.893, 140
Trd, 4319183.993, 140
Trd, 4319184.543, 140
Trd, 4319184.993, 140
Trd, 4319185.743, 140
Trd, 4319186.343, 140
Trd, 4319187.593, 140
Trd, 4319188.043, 140
Trd, 4319189.243, 140
Trd, 4319189.293, 140
Trd, 4319189.943, 140
Trd, 4319190.493, 140
Trd, 4319191.143, 139
Trd, 4319191.493, 140
Trd, 4319192.343, 140
Trd, 4319192.843, 139
Trd, 4319194.343, 140
Trd, 4319194.393, 140
Trd, 4319194.493, 139
Trd, 4319195.593, 140
Trd, 4319195.693, 140
Trd, 4319196.193, 140
Trd, 4319196.243, 138
Trd, 4319197.343, 61
Trd, 4319199.543, 140
Trd, 4319199.593, 139
Trd, 4319199.943, 140
Trd, 4319200.143, 140
Trd, 4319200.443, 140
Trd, 4319201.243, 140
Trd, 4319201.593, 140
Trd, 4319201.643, 140
Trd, 4319203.143, 140
Trd, 4319204.143, 140
Trd, 4319204.943, 140
Trd, 4319205.693, 140
Trd, 4319208.193, 140
Trd, 4319208.293, 140
Trd, 4319208.993, 140
Trd, 4319209.193, 140
Trd, 4319209.943, 140
Trd, 4319211.293, 140
Trd, 4319211.443, 140
Trd, 4319211.543, 140
Trd, 4319211.843, 140
Trd, 4319212.193, 139
Trd, 4319212.793, 138
Trd, 4319213.193, 137
Trd, 4319213.793, 140
Trd, 4319214.493, 140
Trd, 4319215.293, 140
Trd, 4319216.343, 140
Trd, 4319216.493, 140
Trd, 4319216.793, 140
Trd, 4319218.543, 140
Trd, 4319218.743, 140
Trd, 4319219.243, 140
Trd, 4319219.493, 139
Trd, 4319220.293, 140
Trd, 4319220.893, 140
Trd, 4319220.943, 140
Trd, 4319222.693, 140
Trd, 4319223.243, 140
Trd, 4319223.393, 140
Trd, 4319224.543, 140
Trd, 4319225.443, 140
Trd, 4319225.893, 140
Trd, 4319226.393, 140
Trd, 4319226.593, 140
Trd, 4319227.443, 140
Trd, 4319229.893, 140
Trd, 4319230.543, 140
Trd, 4319230.793, 140
Trd, 4319230.993, 140
Trd, 4319231.093, 140
Trd, 4319231.243, 140
Trd, 4319232.843, 140
Trd, 4319233.343, 140
Trd, 4319233.543, 140
Trd, 4319234.343, 139
Trd, 4319235.493, 140
Trd, 4319236.093, 140
Trd, 4319237.343, 140
Trd, 4319237.743, 140
Trd, 4319238.793, 140
Trd, 4319240.343, 140
Trd, 4319240.493, 140
Trd, 4319240.743, 140
Trd, 4319240.893, 140
Trd, 4319242.193, 140
Trd, 4319242.243, 140
Trd, 4319242.693, 140
Trd, 4319242.743, 135
Trd, 4319243.443, 139
Trd, 4319244.393, 138
Trd, 4319245.443, 140
Trd, 4319245.643, 139
Trd, 4319245.943, 139
Trd, 4319246.693, 140
Trd, 4319247.393, 139
Trd, 4319248.293, 140
Trd, 4319248.343, 139
Trd, 4319248.593, 65
Trd, 4319249.893, 140
Trd, 4319250.743, 140
Trd, 4319251.493, 140
Trd, 4319251.693, 140
Trd, 4319252.143, 140
Trd, 4319252.843, 140
Trd, 4319252.893, 140
Trd, 4319253.793, 140
Trd, 4319254.643, 140
Trd, 4319255.043, 140
Trd, 4319255.843, 139
Trd, 4319255.993, 138
Trd, 4319256.743, 140
Trd, 4319257.293, 140
Trd, 4319257.743, 140
Trd, 4319258.093, 140
Trd, 4319258.993, 140
Trd, 4319260.193, 140
Trd, 4319260.543, 140
Trd, 4319261.193, 140
Trd, 4319262.643, 140
Trd, 4319262.793, 140
Trd, 4319263.393, 140
Trd, 4319263.843, 139
Trd, 4319264.093, 140
Trd, 4319264.193, 140
Trd, 4319265.243, 140
Trd, 4319265.443, 140
Trd, 4319265.543, 138
Trd, 4319266.643, 65
Trd, 4319267.093, 140
Trd, 4319268.693, 140
Trd, 4319269.593, 140
Trd, 4319269.743, 140
Trd, 4319269.993, 140
Trd, 4319270.393, 140
Trd, 4319271.043, 140
Trd, 4319271.543, 140
Trd, 4319272.243, 140
Trd, 4319273.043, 140
Trd, 4319273.543, 139
Trd, 4319273.693, 138
Trd, 4319274.443, 138
Trd, 4319274.843, 140
Trd, 4319276.943, 140
Trd, 4319277.043, 140
Trd, 4319278.243, 140
Trd, 4319278.593, 140
Trd, 4319278.693, 139
Trd, 4319279.193, 140
Trd, 4319280.243, 140
Trd, 4319280.593, 137
Trd, 4319280.743, 138
Trd, 4319281.293, 139
Trd, 4319281.743, 60
Trd, 4319282.493, 140
Trd, 4319282.543, 140
Trd, 4319283.293, 140
Trd, 4319283.643, 139
Trd, 4319285.043, 64
Trd, 4319285.293, 64
Trd, 4319285.343, 130
Trd, 4319286.443, 61
Trd, 4319286.543, 64
Trd, 4319287.293, 60
Trd, 4319288.643, 63
Trd, 4319289.643, 63
Trd, 4319290.293, 62
Trd, 4319290.543, 63
Trd, 4319292.193, 61
Trd, 4319292.993, 60
Trd, 4319294.143, 60
Trd, 4319294.293, 61
Trd, 4319294.643, 62
Trd, 4319294.793, 63
Trd, 4319296.143, 63
Trd, 4319296.843, 62
Trd, 4319296.993, 60
Trd, 4319297.693, 62
Trd, 4319298.543, 137
Trd, 4319299.593, 62
Trd, 4319300.693, 60
Trd, 4319301.143, 67
Trd, 4319301.793, 140
Trd, 4319302.143, 140
Trd, 4319302.893, 64
Trd, 4319303.493, 140
Trd, 4319304.493, 140
Trd, 4319304.693, 140
Trd, 4319305.093, 140
Trd, 4319305.293, 139
Trd, 4319306.243, 140
Trd, 4319307.093, 140
Trd, 4319307.243, 138
Trd, 4319309.243, 140
Trd, 4319309.943, 140
Trd, 4319310.843, 140
Trd, 4319311.293, 140
Trd, 4319311.393, 140
Trd, 4319311.943, 140
Trd, 4319312.093, 140
Trd, 4319312.293, 139
Trd, 4319313.293, 140
Trd, 4319314.643, 140
Trd, 4319314.693, 140
Trd, 4319315.943, 140
Trd, 4319316.393, 140
Trd, 4319317.093, 140
Trd, 4319317.443, 140
Trd, 4319317.943, 140
Trd, 4319318.493, 140
Trd, 4319318.693, 72
Trd, 4319319.293, 139
Trd, 4319319.843, 62
Trd, 4319320.393, 138
Trd, 4319320.943, 140
Trd, 4319321.043, 139
Trd, 4319321.793, 62
Trd, 4319322.343, 133
Trd, 4319323.743, 65
Trd, 4319325.293, 70
Trd, 4319325.593, 140
Trd, 4319325.993, 140
Trd, 4319326.893, 138
Trd, 4319327.793, 140
Trd, 4319327.943, 140
Trd, 4319329.793, 140
Trd, 4319331.043, 140
Trd, 4319331.093, 140
Trd, 4319331.693, 140
Trd, 4319331.793, 140
Trd, 4319331.843, 140
Trd, 4319332.693, 140
Trd, 4319333.093, 140
Trd, 4319333.843, 140
Trd, 4319333.943, 140
Trd, 4319333.993, 138
Trd, 4319334.943, 139
Trd, 4319336.593, 140
Trd, 4319336.743, 140
Trd, 4319337.043, 140
Trd, 4319338.243, 140
Trd, 4319338.543, 140
Trd, 4319338.993, 139
Trd, 4319339.243, 138
Trd, 4319340.393, 140
Trd, 4319340.793, 140
Trd, 4319341.593, 140
Trd, 4319341.993, 140
Trd, 4319342.243, 139
Trd, 4319342.693, 138
Trd, 4319342.893, 61
Trd, 4319344.293, 140
Trd, 4319344.543, 138
Trd, 4319345.243, 138
Trd, 4319345.343, 137
Trd, 4319345.393, 131
Trd, 4319346.993, 140
Trd, 4319347.793, 61
Trd, 4319348.393, 65
Trd, 4319349.443, 61
Trd, 4319352.193, 60
Trd, 4319352.743, 61
Trd, 4319353.293, 61
Trd, 4319353.893, 64
Trd, 4319354.393, 66
Trd, 4319354.643, 74
Trd, 4319356.143, 126
Trd, 4319357.593, 60
Trd, 4319357.693, 60
Trd, 4319358.193, 140
Trd, 4319358.893, 61
Trd, 4319359.543, 61
Trd, 4319360.043, 60
Trd, 4319360.093, 62
Trd, 4319361.143, 140
Trd, 4319361.393, 140
Trd, 4319362.493, 140
Trd, 4319363.493, 140
Trd, 4319363.543, 140
Trd, 4319363.993, 140
Trd, 4319364.543, 139
Trd, 4319365.243, 139
Trd, 4319366.243, 140
Trd, 4319366.393, 139
Trd, 4319366.593, 139
Trd, 4319367.593, 140
Trd, 4319368.443, 140
Trd, 4319370.293, 140
Trd, 4319370.593, 140
Trd, 4319371.143, 140
Trd, 4319371.993, 140
Trd, 4319372.293, 140
Trd, 4319372.343, 140
Trd, 4319372.393, 136
Trd, 4319372.893, 63
Trd, 4319373.443, 140
Trd, 4319374.343, 140
Trd, 4319375.543, 140
Trd, 4319375.993, 140
Trd, 4319376.043, 140
Trd, 4319376.343, 139
Trd, 4319377.893, 139
Trd, 4319378.143, 138
Trd, 4319379.193, 140
Trd, 4319379.443, 140
Trd, 4319379.943, 140
Trd, 4319380.043, 139
Trd, 4319381.043, 140
Trd, 4319381.993, 140
Trd, 4319382.193, 140
Trd, 4319382.243, 139
Trd, 4319382.593, 140
Trd, 4319382.893, 140
Trd, 4319383.043, 65
Trd, 4319384.393, 70
Trd, 4319385.543, 61
Trd, 4319385.943, 62
Trd, 4319386.743, 64
Trd, 4319387.143, 74
Trd, 4319388.743, 140
Trd, 4319388.893, 140
Trd, 4319388.943, 140
Trd, 4319389.243, 140
Trd, 4319389.543, 139
Trd, 4319390.693, 140
Trd, 4319391.343, 140
Trd, 4319392.343, 140
Trd, 4319392.643, 140
Trd, 4319392.693, 139
Trd, 4319393.593, 140
Trd, 4319394.443, 140
Trd, 4319394.843, 140
Trd, 4319395.343, 140
Trd, 4319396.893, 140
Trd, 4319398.193, 140
Trd, 4319398.443, 140
Trd, 4319398.743, 140
Trd, 4319399.143, 140
Trd, 4319399.343, 140
Trd, 4319399.843, 140
Trd, 4319402.293, 140
Trd, 4319402.343, 140
Trd, 4319403.043, 140
Trd, 4319403.943, 140
Trd, 4319404.043, 140
Trd, 4319404.993, 140
Trd, 4319405.093, 140
Trd, 4319405.843, 140
Trd, 4319406.493, 140
Trd, 4319406.543, 140
Trd, 4319407.493, 140
Trd, 4319408.193, 140
Trd, 4319408.943, 140
Trd, 4319410.343, 140
Trd, 4319411.093, 140
Trd, 4319411.143, 140
Trd, 4319411.743, 140
Trd, 4319411.793, 140
Trd, 4319412.043, 140
Trd, 4319412.793, 140
Trd, 4319413.093, 139
Trd, 4319413.643, 139
Trd, 4319414.393, 140
Trd, 4319414.893, 140
Trd, 4319415.793, 140
Trd, 4319416.093, 140
Trd, 4319416.393, 139
Trd, 4319416.943, 136
Trd, 4319417.243, 135
Trd, 4319417.643, 138
Trd, 4319418.843, 140
Trd, 4319419.143, 140
Trd, 4319420.693, 140
Trd, 4319421.243, 140
Trd, 4319422.043, 140
Trd, 4319422.343, 140
Trd, 4319422.643, 140
Trd, 4319422.693, 140
Trd, 4319423.293, 140
Trd, 4319423.943, 140
Trd, 4319424.743, 140
Trd, 4319424.843, 140
Trd, 4319425.043, 139
Trd, 4319426.293, 140
Trd, 4319426.793, 140
Trd, 4319426.943, 140
Trd, 4319427.643, 140
Trd, 4319428.143, 140
Trd, 4319428.843, 140
Trd, 4319428.893, 140
Trd, 4319429.443, 140
Trd, 4319430.993, 140
Trd, 4319431.493, 140
Trd, 4319431.993, 140
Trd, 4319432.793, 140
Trd, 4319433.043, 139
Trd, 4319433.443, 139
Trd, 4319433.593, 137
Trd, 4319434.593, 76
Trd, 4319435.493, 140
Trd, 4319436.593, 140
Trd, 4319436.743, 140
Trd, 4319437.593, 140
Trd, 4319437.693, 136
Trd, 4319438.093, 139
Trd, 4319438.743, 60
Trd, 4319439.793, 60
Trd, 4319440.893, 61
Trd, 4319441.043, 64
Trd, 4319442.593, 60
Trd, 4319443.043, 62
Trd, 4319444.393, 140
Trd, 4319444.643, 60
Trd, 4319444.843, 77
Trd, 4319447.093, 60
Trd, 4319447.943, 60
Trd, 4319448.243, 60
Trd, 4319448.393, 60
Trd, 4319448.693, 60
Trd, 4319450.543, 60
Trd, 4319450.843, 61
Trd, 4319451.243, 62
Trd, 4319451.493, 60
Trd, 4319452.493, 61
Trd, 4319453.893, 61
Trd, 4319454.393, 61
Trd, 4319454.643, 122
Trd, 4319455.693, 140
Trd, 4319456.143, 140
Trd, 4319456.493, 140
Trd, 4319457.643, 140
Trd, 4319458.593, 140
Trd, 4319458.643, 139
Trd, 4319458.843, 140
Trd, 4319460.043, 140
Trd, 4319460.143, 140
Trd, 4319460.443, 140
Trd, 4319460.593, 60
Trd, 4319461.743, 136
Trd, 4319462.643, 62
Trd, 4319463.493, 140
Trd, 4319464.993, 140
Trd, 4319465.343, 140
Trd, 4319465.893, 139
Trd, 4319466.343, 140
Trd, 4319467.093, 139
Trd, 4319467.243, 140
Trd, 4319467.293, 139
Trd, 4319468.393, 140
Trd, 4319468.593, 140
Trd, 4319469.693, 140
Trd, 4319469.893, 140
Trd, 4319470.643, 140
Trd, 4319470.693, 140
Trd, 4319471.293, 140
Trd, 4319472.443, 140
Trd, 4319473.993, 140
Trd, 4319474.293, 140
Trd, 4319474.393, 140
Trd, 4319475.143, 140
Trd, 4319475.643, 140
Trd, 4319476.093, 140
Trd, 4319476.293, 139
Trd, 4319478.143, 140
Trd, 4319478.793, 140
Trd, 4319479.893, 140
Trd, 4319480.093, 140
Trd, 4319480.493, 140
Trd, 4319480.543, 140
Trd, 4319480.943, 139
Trd, 4319481.543, 140
Trd, 4319481.893, 140
Trd, 4319482.043, 139
Trd, 4319483.443, 140
Trd, 4319483.693, 140
Trd, 4319484.243, 140
Trd, 4319484.493, 139
Trd, 4319486.293, 140
Trd, 4319486.393, 139
Trd, 4319487.193, 140
Trd, 4319487.993, 140
Trd, 4319488.493, 140
Trd, 4319488.843, 140
Trd, 4319489.543, 140
Trd, 4319490.943, 140
Trd, 4319491.393, 140
Trd, 4319491.493, 140
Trd, 4319492.343, 140
Trd, 4319492.393, 140
Trd, 4319492.643, 140
Trd, 4319492.693, 140
Trd, 4319493.243, 139
Trd, 4319493.443, 140
Trd, 4319494.493, 139
Trd, 4319495.043, 138
Trd, 4319495.443, 60
Trd, 4319496.193, 138
Trd, 4319498.293, 60
Trd, 4319498.393, 63
Trd, 4319498.743, 65
Trd, 4319500.593, 60
Trd, 4319500.693, 66
Trd, 4319500.943, 62
Trd, 4319502.593, 63
Trd, 4319502.643, 74
Trd, 4319503.543, 140
Trd, 4319503.743, 140
Trd, 4319504.693, 140
Trd, 4319504.893, 140
Trd, 4319505.543, 140
Trd, 4319506.143, 139
Trd, 4319506.643, 140
Trd, 4319507.793, 139
Trd, 4319508.393, 62
Trd, 4319508.793, 63
Trd, 4319509.893, 61
Trd, 4319510.943, 61
Trd, 4319511.493, 63
Trd, 4319512.043, 60
Trd, 4319513.643, 81
Trd, 4319514.543, 61
Trd, 4319514.793, 60
Trd, 4319516.243, 61
Trd, 4319517.743, 60
Trd, 4319517.993, 63
Trd, 4319519.443, 61
Trd, 4319520.443, 61
Trd, 4319520.593, 62
Trd, 4319520.893, 63
Trd, 4319521.843, 69
Trd, 4319522.243, 64
Trd, 4319522.743, 138
Trd, 4319524.243, 60
Trd, 4319524.293, 61
Trd, 4319524.493, 124
Trd, 4319524.993, 139
Trd, 4319525.943, 140
Trd, 4319526.943, 131
Trd, 4319527.543, 68
Trd, 4319528.793, 62
Trd, 4319529.443, 61
Trd, 4319529.943, 61
Trd, 4319530.593, 62
Trd, 4319531.693, 62
Trd, 4319532.193, 65
Trd, 4319532.393, 71
Trd, 4319534.243, 140
Trd, 4319534.443, 140
Trd, 4319534.493, 140
Trd, 4319534.693, 140
Trd, 4319535.093, 140
Trd, 4319536.293, 140
Trd, 4319536.393, 140
Trd, 4319536.893, 140
Trd, 4319536.943, 140
Trd, 4319537.693, 139
Trd, 4319539.843, 110
Trd, 4319540.343, 69
Trd, 4319540.543, 140
Trd, 4319540.743, 139
Trd, 4319541.543, 140
Trd, 4319541.693, 140
Trd, 4319542.393, 140
Trd, 4319542.443, 140
Trd, 4319543.243, 132
Trd, 4319543.643, 137
Trd, 4319544.193, 140
Trd, 4319544.343, 140
Trd, 4319545.343, 137
Trd, 4319546.343, 65
Trd, 4319548.193, 60
Trd, 4319548.643, 65
Trd, 4319548.843, 90
Trd, 4319549.693, 139
Trd, 4319550.193, 60
Trd, 4319551.043, 140
Trd, 4319551.343, 140
Trd, 4319551.743, 140
Trd, 4319552.243, 140
Trd, 4319552.343, 140
Trd, 4319552.593, 61
Trd, 4319553.393, 62
Trd, 4319555.043, 61
Trd, 4319555.843, 68
Trd, 4319556.443, 140
Trd, 4319556.593, 140
Trd, 4319557.393, 140
Trd, 4319558.893, 60
Trd, 4319559.543, 61
Trd, 4319559.843, 62
Trd, 4319560.293, 60
Trd, 4319561.093, 140
Trd, 4319561.893, 140
Trd, 4319562.343, 140
Trd, 4319563.243, 66
Trd, 4319563.443, 60
Trd, 4319564.193, 140
Trd, 4319564.843, 61
Trd, 4319565.443, 61
Trd, 4319567.093, 60
Trd, 4319568.293, 68
Trd, 4319568.343, 69
Trd, 4319568.943, 61
Trd, 4319569.793, 69
Trd, 4319569.893, 72
Trd, 4319571.493, 71
Trd, 4319572.393, 62
Trd, 4319573.993, 60
Trd, 4319574.293, 61
Trd, 4319574.893, 60
Trd, 4319575.943, 61
Trd, 4319576.393, 68
Trd, 4319578.443, 60
Trd, 4319578.543, 60
Trd, 4319579.043, 60
Trd, 4319579.543, 60
Trd, 4319580.243, 60
Trd, 4319580.293, 61
Trd, 4319580.643, 66
Trd, 4319581.243, 138
Trd, 4319582.643, 106
Trd, 4319583.843, 64
Trd, 4319583.943, 88
Trd, 4319584.293, 67
Trd, 4319584.743, 68
Trd, 4319585.143, 66
Trd, 4319587.093, 140
Trd, 4319587.493, 140
Trd, 4319587.693, 140
Trd, 4319588.643, 140
Trd, 4319589.143, 140
Trd, 4319589.943, 140
Trd, 4319589.993, 140
Trd, 4319590.643, 140
Trd, 4319590.793, 139
Trd, 4319592.543, 140
Trd, 4319592.743, 140
Trd, 4319593.193, 140
Trd, 4319593.243, 140
Trd, 4319593.343, 140
Trd, 4319593.493, 139
Trd, 4319595.443, 140
Trd, 4319595.493, 140
Trd, 4319596.343, 140
Trd, 4319596.643, 140
Trd, 4319596.743, 139
Trd, 4319596.843, 137
Trd, 4319597.493, 109
Trd, 4319597.793, 140
Trd, 4319598.143, 139
Trd, 4319598.743, 139
Trd, 4319600.743, 87
Trd, 4319600.793, 90
Trd, 4319601.693, 60
Trd, 4319602.193, 60
Trd, 4319603.393, 61
Trd, 4319603.693, 63
Trd, 4319604.693, 67
Trd, 4319605.543, 60
Trd, 4319605.843, 60
Trd, 4319607.193, 60
Trd, 4319607.493, 67
Trd, 4319607.743, 69
Trd, 4319608.343, 130
Trd, 4319609.043, 61
Trd, 4319609.943, 64
Trd, 4319611.193, 62
Trd, 4319611.943, 60
Trd, 4319612.593, 60
Trd, 4319612.993, 65
Trd, 4319613.893, 63
Trd, 4319614.643, 61
Trd, 4319614.693, 65
Trd, 4319614.743, 66
Trd, 4319616.343, 68
Trd, 4319616.793, 63
Trd, 4319617.093, 64
Trd, 4319617.343, 94
Trd, 4319617.443, 117
Trd, 4319619.293, 61
Trd, 4319620.193, 64
Trd, 4319620.743, 63
Trd, 4319621.243, 64
Trd, 4319621.793, 65
Trd, 4319623.343, 60
Trd, 4319623.893, 60
Trd, 4319623.943, 63
Trd, 4319625.043, 61
Trd, 4319625.543, 65
Trd, 4319626.443, 64
Trd, 4319627.343, 62
Trd, 4319628.143, 140
Trd, 4319628.393, 114
Trd, 4319628.643, 61
Trd, 4319630.343, 60
Trd, 4319631.043, 60
Trd, 4319632.143, 61
Trd, 4319632.793, 68
Trd, 4319633.293, 63
Trd, 4319633.393, 63
Trd, 4319634.543, 138
Trd, 4319635.693, 84
Trd, 4319635.793, 65
Trd, 4319636.093, 62
Trd, 4319636.593, 140
Trd, 4319637.343, 139
Trd, 4319637.493, 139
Trd, 4319638.693, 140
Trd, 4319638.743, 140
Trd, 4319639.293, 60
Trd, 4319639.593, 139
Trd, 4319640.593, 140
Trd, 4319641.493, 63
Trd, 4319642.843, 140
Trd, 4319643.643, 140
Trd, 4319643.793, 140
Trd, 4319644.143, 140
Trd, 4319644.343, 140
Trd, 4319644.793, 140
Trd, 4319645.793, 140
Trd, 4319646.593, 140
Trd, 4319646.893, 140
Trd, 4319647.093, 139
Trd, 4319647.143, 138
Trd, 4319647.593, 139
Trd, 4319648.493, 137
Trd, 4319648.993, 139
Trd, 4319651.743, 140
Trd, 4319652.043, 140
Trd, 4319652.593, 140
Trd, 4319652.893, 140
Trd, 4319653.043, 140
Trd, 4319654.093, 140
Trd, 4319654.493, 140
Trd, 4319655.143, 140
Trd, 4319655.543, 140
Trd, 4319655.743, 140
Trd, 4319655.793, 139
Trd, 4319658.443, 140
Trd, 4319658.693, 140
Trd, 4319658.843, 140
Trd, 4319658.943, 140
Trd, 4319659.043, 140
Trd, 4319659.193, 139
Trd, 4319659.743, 138
Trd, 4319661.793, 140
Trd, 4319662.243, 140
Trd, 4319662.343, 140
Trd, 4319662.443, 140
Trd, 4319663.793, 140
Trd, 4319664.443, 140
Trd, 4319664.593, 140
Trd, 4319665.543, 140
Trd, 4319666.243, 140
Trd, 4319666.793, 140
Trd, 4319667.643, 140
Trd, 4319668.093, 140
Trd, 4319668.943, 140
Trd, 4319669.093, 140
Trd, 4319669.343, 140
Trd, 4319669.543, 140
Trd, 4319669.993, 140
Trd, 4319671.343, 140
Trd, 4319671.543, 140
Trd, 4319672.093, 140
Trd, 4319672.293, 140
Trd, 4319673.793, 140
Trd, 4319674.843, 140
Trd, 4319675.443, 140
Trd, 4319675.693, 140
Trd, 4319676.043, 140
Trd, 4319676.543, 140
Trd, 4319677.093, 139
Trd, 4319677.743, 140
Trd, 4319679.493, 140
Trd, 4319680.343, 140
Trd, 4319681.643, 140
Trd, 4319681.743, 140
Trd, 4319682.293, 139
Trd, 4319682.443, 140
Trd, 4319682.743, 138
Trd, 4319683.243, 140
Trd, 4319684.743, 140
Trd, 4319684.843, 140
Trd, 4319685.893, 140
Trd, 4319686.293, 140
Trd, 4319686.893, 140
Trd, 4319687.293, 140
Trd, 4319687.493, 140
Trd, 4319688.593, 67
Trd, 4319689.193, 137
Trd, 4319689.343, 136
Trd, 4319690.843, 140
Trd, 4319691.593, 140
Trd, 4319691.843, 140
Trd, 4319692.243, 140
Trd, 4319692.943, 140
Trd, 4319693.193, 140
Trd, 4319694.143, 138
Trd, 4319694.393, 140
Trd, 4319694.643, 140
Trd, 4319694.743, 139
Trd, 4319694.793, 136
Trd, 4319696.693, 140
Trd, 4319697.393, 140
Trd, 4319697.893, 140
Trd, 4319698.243, 140
Trd, 4319698.893, 140
Trd, 4319699.543, 140
Trd, 4319700.293, 140
Trd, 4319702.293, 140
Trd, 4319702.593, 140
Trd, 4319702.843, 140
Trd, 4319703.993, 140
Trd, 4319704.093, 140
Trd, 4319704.393, 139
Trd, 4319705.293, 140
Trd, 4319706.243, 140
Trd, 4319707.343, 140
Trd, 4319707.743, 140
Trd, 4319708.443, 140
Trd, 4319708.793, 140
Trd, 4319709.093, 140
Trd, 4319709.693, 140
Trd, 4319710.293, 140
Trd, 4319710.343, 140
Trd, 4319710.543, 138
Trd, 4319711.693, 140
Trd, 4319711.843, 140
Trd, 4319713.193, 140
Trd, 4319713.393, 61
Trd, 4319715.093, 140
Trd, 4319715.593, 140
Trd, 4319715.943, 140
Trd, 4319716.393, 139
Trd, 4319716.593, 138
Trd, 4319718.143, 140
Trd, 4319718.743, 140
Trd, 4319719.493, 140
Trd, 4319719.893, 139
Trd, 4319720.393, 138
Trd, 4319720.593, 140
Trd, 4319721.593, 140
Trd, 4319721.643, 139
Trd, 4319722.743, 139
Trd, 4319722.943, 138
Trd, 4319723.993, 140
Trd, 4319725.143, 140
Trd, 4319725.793, 140
Trd, 4319726.093, 140
Trd, 4319726.243, 140
Trd, 4319727.543, 140
Trd, 4319727.693, 140
Trd, 4319728.043, 140
Trd, 4319728.243, 140
Trd, 4319728.443, 140
Trd, 4319729.193, 140
Trd, 4319730.093, 140
Trd, 4319730.243, 134
Trd, 4319732.843, 140
Trd, 4319733.093, 140
Trd, 4319733.943, 140
Trd, 4319734.893, 140
Trd, 4319735.293, 140
Trd, 4319735.843, 140
Trd, 4319735.893, 140
Trd, 4319736.093, 140
Trd, 4319736.143, 139
Trd, 4319736.593, 140
Trd, 4319737.543, 140
Trd, 4319738.343, 67
Trd, 4319738.443, 140
Trd, 4319739.243, 140
Trd, 4319739.543, 140
Trd, 4319739.943, 137
Trd, 4319741.143, 140
Trd, 4319741.343, 109
Trd, 4319742.793, 139
Trd, 4319744.143, 66
Trd, 4319745.143, 60
Trd, 4319745.593, 61
Trd, 4319745.743, 62
Trd, 4319745.943, 60
Trd, 4319746.993, 140
Trd, 4319747.943, 61
Trd, 4319748.843, 67
Trd, 4319748.993, 81
Trd, 4319749.943, 61
Trd, 4319751.693, 61
Trd, 4319752.693, 62
Trd, 4319753.243, 88
Trd, 4319754.093, 140
Trd, 4319754.243, 140
Trd, 4319755.143, 140
Trd, 4319755.693, 140
Trd, 4319756.243, 140
Trd, 4319756.493, 140
Trd, 4319756.943, 140
Trd, 4319757.293, 140
Trd, 4319758.293, 140
Trd, 4319758.543, 140
Trd, 4319758.993, 140
Trd, 4319759.693, 140
Trd, 4319759.993, 138
Trd, 4319760.743, 140
Trd, 4319761.693, 140
Trd, 4319763.943, 140
Trd, 4319764.193, 140
Trd, 4319764.543, 140
Trd, 4319764.643, 139
Trd, 4319764.793, 140
Trd, 4319764.993, 140
Trd, 4319765.443, 140
Trd, 4319766.193, 139
Trd, 4319766.343, 139
Trd, 4319766.843, 140
Trd, 4319767.893, 140
Trd, 4319768.043, 140
Trd, 4319768.743, 140
Trd, 4319771.543, 140
Trd, 4319771.693, 140
Trd, 4319771.993, 140
Trd, 4319772.193, 140
Trd, 4319772.343, 140
Trd, 4319773.143, 140
Trd, 4319773.243, 140
Trd, 4319773.343, 140
Trd, 4319774.243, 140
Trd, 4319775.043, 140
Trd, 4319775.593, 140
Trd, 4319776.693, 140
Trd, 4319777.043, 140
Trd, 4319777.343, 138
Trd, 4319777.843, 88
Trd, 4319778.493, 60
Trd, 4319779.293, 61
Trd, 4319780.193, 62
Trd, 4319780.793, 60
Trd, 4319781.743, 63
Trd, 4319781.793, 84
Trd, 4319782.543, 127
Trd, 4319782.993, 140
Trd, 4319783.043, 140
Trd, 4319783.893, 140
Trd, 4319784.493, 139
Trd, 4319785.043, 140
Trd, 4319786.343, 140
Trd, 4319786.493, 140
Trd, 4319786.893, 139
Trd, 4319787.943, 140
Trd, 4319788.643, 140
Trd, 4319788.993, 140
Trd, 4319790.493, 140
Trd, 4319790.843, 140
Trd, 4319791.543, 140
Trd, 4319791.793, 140
Trd, 4319792.293, 140
Trd, 4319793.193, 140
Trd, 4319794.143, 140
Trd, 4319794.643, 140
Trd, 4319794.843, 140
Trd, 4319795.243, 140
Trd, 4319795.843, 140
Trd, 4319796.393, 140
Trd, 4319797.193, 140
Trd, 4319797.243, 140
Trd, 4319797.593, 139
Trd, 4319799.743, 80
Trd, 4319800.393, 140
Trd, 4319800.493, 140
Trd, 4319801.343, 140
Trd, 4319801.543, 140
Trd, 4319801.643, 140
Trd, 4319802.043, 140
Trd, 4319802.293, 140
Trd, 4319802.593, 60
Trd, 4319804.743, 140
Trd, 4319805.393, 140
Trd, 4319805.443, 140
Trd, 4319806.043, 140
Trd, 4319806.893, 140
Trd, 4319807.293, 140
Trd, 4319808.193, 140
Trd, 4319809.293, 139
Trd, 4319809.993, 140
Trd, 4319810.843, 140
Trd, 4319811.143, 140
Trd, 4319812.043, 140
Trd, 4319812.893, 140
Trd, 4319813.443, 140
Trd, 4319814.493, 140
Trd, 4319814.943, 140
Trd, 4319815.093, 140
Trd, 4319815.693, 140
Trd, 4319816.543, 140
Trd, 4319817.143, 140
Trd, 4319817.993, 140
Trd, 4319818.293, 140
Trd, 4319819.243, 140
Trd, 4319819.443, 140
Trd, 4319820.593, 140
Trd, 4319820.893, 140
Trd, 4319821.843, 140
Trd, 4319823.643, 140
Trd, 4319823.843, 140
Trd, 4319823.943, 140
Trd, 4319825.343, 140
Trd, 4319825.543, 140
Trd, 4319826.193, 140
Trd, 4319826.793, 140
Trd, 4319827.043, 140
Trd, 4319827.393, 140
Trd, 4319827.593, 140
Trd, 4319828.143, 140
Trd, 4319829.193, 140
Trd, 4319829.543, 139
Trd, 4319829.793, 139
Trd, 4319830.743, 140
Trd, 4319831.793, 140
Trd, 4319832.393, 140
Trd, 4319832.693, 139
Trd, 4319834.043, 140
Trd, 4319834.193, 140
Trd, 4319834.443, 138
Trd, 4319834.993, 137
Trd, 4319835.543, 136
Trd, 4319836.293, 140
Trd, 4319837.793, 140
Trd, 4319838.043, 140
Trd, 4319838.293, 139
Trd, 4319838.343, 134
Trd, 4319838.743, 64
Trd, 4319839.443, 140
Trd, 4319839.543, 139
Trd, 4319840.543, 140
Trd, 4319840.643, 62
Trd, 4319841.293, 63
Trd, 4319842.293, 61
Trd, 4319844.093, 66
Trd, 4319844.643, 71
Trd, 4319845.343, 60
Trd, 4319845.843, 106
Trd, 4319846.593, 62
Trd, 4319846.943, 65
Trd, 4319847.493, 62
Trd, 4319848.293, 140
Trd, 4319848.543, 140
Trd, 4319850.243, 61
Trd, 4319851.043, 60
Trd, 4319851.143, 65
Trd, 4319851.293, 61
Trd, 4319852.693, 60
Trd, 4319853.843, 60
Trd, 4319854.643, 64
Trd, 4319854.843, 65
Trd, 4319855.143, 77
Trd, 4319855.493, 136
Trd, 4319856.043, 70
Trd, 4319856.493, 63
Trd, 4319857.343, 63
Trd, 4319858.043, 64
Trd, 4319858.893, 140
Trd, 4319858.943, 140
Trd, 4319859.143, 140
Trd, 4319859.393, 138
Trd, 4319860.693, 60
Trd, 4319861.643, 140
Trd, 4319861.793, 139
Trd, 4319861.893, 140
Trd, 4319862.343, 140
Trd, 4319862.393, 139
Trd, 4319862.943, 137
Trd, 4319864.043, 139
Trd, 4319864.693, 140
Trd, 4319864.843, 139
Trd, 4319865.393, 70
Trd, 4319866.143, 77
Trd, 4319866.293, 126
Trd, 4319867.343, 64
Trd, 4319867.743, 60
Trd, 4319868.693, 68
Trd, 4319869.343, 127
Trd, 4319869.793, 60
Trd, 4319871.293, 61
Trd, 4319871.593, 60
Trd, 4319872.343, 140
Trd, 4319872.743, 140
Trd, 4319873.743, 60
Trd, 4319874.193, 60
Trd, 4319874.743, 66
Trd, 4319875.193, 74
Trd, 4319875.643, 65
Trd, 4319876.143, 140
Trd, 4319876.493, 139
Trd, 4319877.443, 60
Trd, 4319878.193, 61
Trd, 4319879.043, 64
Trd, 4319879.393, 70
Trd, 4319881.043, 60
Trd, 4319881.243, 60
Trd, 4319881.993, 60
Trd, 4319882.443, 138
Trd, 4319884.743, 63
Trd, 4319885.843, 60
Trd, 4319887.093, 61
Trd, 4319887.343, 62
Trd, 4319887.743, 60
Trd, 4319889.193, 60
Trd, 4319889.243, 60
Trd, 4319889.393, 61
Trd, 4319889.943, 60
Trd, 4319889.993, 62
Trd, 4319891.193, 134
Trd, 4319891.593, 63
Trd, 4319892.243, 61
Trd, 4319892.993, 138
Trd, 4319893.593, 140
Trd, 4319894.843, 140
Trd, 4319894.993, 139
Trd, 4319895.793, 139
Trd, 4319896.493, 140
Trd, 4319898.043, 140
Trd, 4319898.343, 140
Trd, 4319898.493, 140
Trd, 4319898.593, 140
Trd, 4319898.693, 140
Trd, 4319899.643, 139
Trd, 4319900.143, 137
Trd, 4319900.243, 136
Trd, 4319901.093, 140
Trd, 4319902.193, 140
Trd, 4319902.343, 140
Trd, 4319902.943, 140
Trd, 4319903.993, 140
Trd, 4319904.193, 64
Trd, 4319904.593, 140
Trd, 4319904.793, 139
Trd, 4319906.993, 140
Trd, 4319907.243, 140
Trd, 4319908.293, 140
Trd, 4319909.343, 140
Trd, 4319909.443, 140
Trd, 4319910.143, 140
Trd, 4319910.793, 140
Trd, 4319911.893, 140
Trd, 4319912.243, 140
Trd, 4319912.993, 136
Trd, 4319913.993, 137
Trd, 4319914.143, 136
Trd, 4319914.193, 134
Trd, 4319914.493, 140
Trd, 4319914.943, 71
Trd, 4319916.543, 63
Trd, 4319916.993, 60
Trd, 4319917.693, 139
Trd, 4319918.543, 60
Trd, 4319918.743, 63
Trd, 4319919.543, 69
Trd, 4319919.943, 98
Trd, 4319921.293, 62
Trd, 4319922.593, 140
Trd, 4319922.943, 140
Trd, 4319923.593, 140
Trd, 4319924.343, 140
Trd, 4319926.043, 140
Trd, 4319926.693, 140
Trd, 4319926.943, 140
Trd, 4319927.093, 140
Trd, 4319927.843, 140
Trd, 4319927.993, 140
Trd, 4319928.943, 140
Trd, 4319929.193, 140
Trd, 4319929.993, 140
Trd, 4319930.593, 140
Trd, 4319931.643, 140
Trd, 4319932.743, 140
Trd, 4319932.843, 140
Trd, 4319933.443, 140
Trd, 4319933.493, 140
Trd, 4319934.293, 140
Trd, 4319934.393, 140
Trd, 4319936.043, 63
Trd, 4319936.543, 68
Trd, 4319936.593, 84
Trd, 4319937.643, 61
Trd, 4319938.093, 68
Trd, 4319938.593, 83
Trd, 4319938.943, 94
Trd, 4319940.793, 140
Trd, 4319941.793, 140
Trd, 4319942.043, 140
Trd, 4319942.093, 140
Trd, 4319942.293, 140
Trd, 4319943.243, 60
Trd, 4319944.093, 61
Trd, 4319944.293, 63
Trd, 4319945.343, 140
Trd, 4319945.843, 63
Trd, 4319946.943, 137
Trd, 4319947.593, 140
Trd, 4319948.293, 140
Trd, 4319948.993, 137
Trd, 4319949.143, 140
Trd, 4319949.843, 140
Trd, 4319949.893, 140
Trd, 4319951.093, 140
Trd, 4319951.343, 140
Trd, 4319952.243, 140
Trd, 4319952.493, 140
Trd, 4319952.543, 139
Trd, 4319953.243, 105
Trd, 4319954.393, 140
Trd, 4319955.293, 140
Trd, 4319955.343, 139
Trd, 4319956.493, 140
Trd, 4319957.593, 140
Trd, 4319957.793, 140
Trd, 4319959.593, 140
Trd, 4319959.743, 140
Trd, 4319960.243, 139
Trd, 4319960.893, 140
Trd, 4319961.343, 140
Trd, 4319961.443, 140
Trd, 4319961.643, 139
Trd, 4319962.343, 139
Trd, 4319962.543, 139
Trd, 4319963.493, 140
Trd, 4319964.543, 140
Trd, 4319964.593, 140
Trd, 4319965.793, 140
Trd, 4319966.193, 140
Trd, 4319966.443, 66
Trd, 4319966.693, 71
Trd, 4319967.093, 140
Trd, 4319968.793, 140
Trd, 4319969.443, 140
Trd, 4319970.043, 140
Trd, 4319970.193, 140
Trd, 4319971.793, 140
Trd, 4319971.843, 140
Trd, 4319972.643, 140
Trd, 4319972.793, 140
Trd, 4319974.043, 140
Trd, 4319974.793, 140
Trd, 4319975.793, 140
Trd, 4319976.093, 140
Trd, 4319976.343, 140
Trd, 4319976.593, 140
Trd, 4319978.393, 60
Trd, 4319978.793, 140
Trd, 4319979.493, 140
Trd, 4319980.543, 140
Trd, 4319981.143, 140
Trd, 4319981.293, 140
Trd, 4319981.593, 140
Trd, 4319981.943, 140
Trd, 4319982.443, 140
Trd, 4319983.993, 140
Trd, 4319984.343, 139
Trd, 4319985.043, 140
Trd, 4319985.593, 140
Trd, 4319985.643, 139
Trd, 4319986.393, 140
Trd, 4319987.093, 140
Trd, 4319987.543, 140
Trd, 4319988.143, 140
Trd, 4319988.543, 140
Trd, 4319988.593, 139
Trd, 4319988.643, 137
Trd, 4319990.543, 60
Trd, 4319990.993, 140
Trd, 4319991.543, 140
Trd, 4319991.843, 140
Trd, 4319992.943, 62
Trd, 4319993.543, 139
Trd, 4319994.993, 61
Trd, 4319995.093, 65
Trd, 4319996.393, 140
Trd, 4319997.293, 140
Trd, 4319998.293, 140
Trd, 4319998.593, 140
Trd, 4319998.793, 140
Trd, 4319999.493, 140
