Trd, 4318117.843, 102
Trd, 4318118.643, 111
Trd, 4318118.843, 138
Trd, 4318118.893, 94
Trd, 4318119.393, 126
Trd, 4318119.593, 124
Trd, 4318121.193, 125
Trd, 4318122.343, 128
Trd, 4318122.493, 107
Trd, 4318123.743, 91
Trd, 4318124.593, 79
Trd, 4318125.343, 98
Trd, 4318126.443, 122
Trd, 4318126.743, 97
Trd, 4318127.493, 131
Trd, 4318127.593, 87
Trd, 4318128.093, 110
Trd, 4318128.143, 91
Trd, 4318128.343, 117
Trd, 4318128.993, 68
Trd, 4318129.443, 85
Trd, 4318129.593, 127
Trd, 4318131.143, 89
Trd, 4318131.243, 104
Trd, 4318132.043, 84
Trd, 4318132.243, 73
Trd, 4318133.743, 137
Trd, 4318134.843, 135
Trd, 4318135.043, 131
Trd, 4318135.293, 127
Trd, 4318135.843, 113
Trd, 4318136.193, 84
Trd, 4318137.293, 60
Trd, 4318138.293, 109
Trd, 4318138.943, 107
Trd, 4318139.293, 138
Trd, 4318140.193, 97
Trd, 4318141.243, 140
Trd, 4318142.443, 133
Trd, 4318142.893, 129
Trd, 4318143.243, 116
Trd, 4318144.643, 123
Trd, 4318144.693, 88
Trd, 4318145.693, 77
Trd, 4318146.043, 90
Trd, 4318147.493, 139
Trd, 4318147.543, 135
Trd, 4318148.893, 115
Trd, 4318148.993, 72
Trd, 4318149.243, 80
Trd, 4318149.643, 121
Trd, 4318150.843, 88
Trd, 4318151.493, 103
Trd, 4318152.193, 110
Trd, 4318153.143, 117
Trd, 4318153.293, 75
Trd, 4318153.943, 99
Trd, 4318154.593, 84
Trd, 4318155.093, 113
Trd, 4318155.793, 139
Trd, 4318156.543, 130
Trd, 4318157.143, 110
Trd, 4318157.243, 97
Trd, 4318158.693, 84
Trd, 4318158.743, 101
Trd, 4318159.743, 124
Trd, 4318160.343, 100
Trd, 4318162.143, 105
Trd, 4318162.193, 102
Trd, 4318164.593, 121
Trd, 4318164.793, 120
Trd, 4318164.843, 118
Trd, 4318165.193, 106
Trd, 4318165.743, 130
Trd, 4318166.343, 138
Trd, 4318167.343, 123
Trd, 4318167.443, 102
Trd, 4318167.993, 131
Trd, 4318169.193, 117
Trd, 4318170.043, 135
Trd, 4318170.293, 124
Trd, 4318170.493, 107
Trd, 4318170.693, 83
Trd, 4318172.443, 124
Trd, 4318172.543, 99
Trd, 4318174.093, 140
Trd, 4318175.293, 129
Trd, 4318175.893, 114
Trd, 4318176.443, 103
Trd, 4318176.743, 120
Trd, 4318177.943, 139
Trd, 4318178.543, 140
Trd, 4318179.193, 78
Trd, 4318179.943, 69
Trd, 4318180.493, 63
Trd, 4318180.793, 84
Trd, 4318181.443, 139
Trd, 4318183.343, 104
Trd, 4318183.893, 68
Trd, 4318184.393, 109
Trd, 4318185.743, 88
Trd, 4318185.943, 121
Trd, 4318186.743, 135
Trd, 4318187.693, 133
Trd, 4318188.593, 117
Trd, 4318189.293, 113
Trd, 4318189.743, 122
Trd, 4318189.943, 113
Trd, 4318190.443, 139
Trd, 4318190.593, 108
Trd, 4318192.343, 110
Trd, 4318193.043, 107
Trd, 4318193.993, 116
Trd, 4318195.243, 139
Trd, 4318195.493, 135
Trd, 4318195.893, 131
Trd, 4318196.043, 134
Trd, 4318197.443, 68
Trd, 4318197.643, 84
Trd, 4318198.143, 79
Trd, 4318198.493, 127
Trd, 4318198.993, 124
Trd, 4318200.993, 127
Trd, 4318201.243, 88
Trd, 4318201.593, 89
Trd, 4318203.043, 139
Trd, 4318204.193, 61
Trd, 4318204.343, 60
Trd, 4318205.393, 97
Trd, 4318205.593, 105
Trd, 4318207.293, 121
Trd, 4318208.143, 118
Trd, 4318208.243, 109
Trd, 4318208.593, 116
Trd, 4318208.743, 126
Trd, 4318209.543, 138
Trd, 4318209.893, 134
Trd, 4318211.143, 123
Trd, 4318212.493, 133
Trd, 4318213.743, 102
Trd, 4318214.043, 138
Trd, 4318214.743, 123
Trd, 4318216.143, 139
Trd, 4318216.193, 135
Trd, 4318216.243, 129
Trd, 4318216.693, 84
Trd, 4318216.993, 139
Trd, 4318217.993, 139
Trd, 4318218.943, 100
Trd, 4318219.593, 99
Trd, 4318219.693, 94
Trd, 4318220.043, 93
Trd, 4318220.093, 110
Trd, 4318221.593, 104
Trd, 4318222.793, 116
Trd, 4318222.943, 105
Trd, 4318223.093, 95
Trd, 4318226.193, 118
Trd, 4318226.743, 116
Trd, 4318228.093, 137
Trd, 4318228.393, 128
Trd, 4318229.343, 133
Trd, 4318229.693, 129
Trd, 4318230.243, 125
Trd, 4318230.593, 139
Trd, 4318231.243, 98
Trd, 4318234.043, 138
Trd, 4318234.243, 130
Trd, 4318236.093, 128
Trd, 4318236.793, 140
Trd, 4318237.193, 122
Trd, 4318237.243, 109
Trd, 4318237.593, 95
Trd, 4318237.793, 93
Trd, 4318238.493, 97
Trd, 4318238.593, 126
Trd, 4318239.343, 113
Trd, 4318239.943, 82
Trd, 4318240.993, 131
Trd, 4318241.243, 110
Trd, 4318241.393, 134
Trd, 4318241.643, 118
Trd, 4318243.193, 132
Trd, 4318243.593, 131
Trd, 4318243.993, 132
Trd, 4318244.493, 109
Trd, 4318246.693, 133
Trd, 4318248.143, 126
Trd, 4318248.693, 129
Trd, 4318248.893, 120
Trd, 4318249.493, 138
Trd, 4318250.043, 108
Trd, 4318250.993, 123
Trd, 4318251.843, 120
Trd, 4318252.393, 123
Trd, 4318252.493, 95
Trd, 4318253.043, 129
Trd, 4318253.543, 98
Trd, 4318254.493, 117
Trd, 4318254.793, 78
Trd, 4318255.543, 60
Trd, 4318256.243, 70
Trd, 4318256.393, 111
Trd, 4318258.143, 76
Trd, 4318259.393, 86
Trd, 4318260.843, 121
Trd, 4318260.893, 75
Trd, 4318261.293, 96
Trd, 4318261.393, 96
Trd, 4318262.343, 127
Trd, 4318263.243, 115
Trd, 4318265.393, 130
Trd, 4318265.993, 123
Trd, 4318266.043, 114
Trd, 4318266.643, 130
Trd, 4318266.943, 126
Trd, 4318268.243, 63
Trd, 4318268.393, 96
Trd, 4318269.443, 136
Trd, 4318270.693, 106
Trd, 4318270.943, 135
Trd, 4318271.843, 129
Trd, 4318271.893, 106
Trd, 4318272.343, 69
Trd, 4318273.293, 86
Trd, 4318274.593, 129
Trd, 4318275.293, 92
Trd, 4318275.643, 89
Trd, 4318277.943, 136
Trd, 4318278.543, 131
Trd, 4318279.943, 129
Trd, 4318281.043, 139
Trd, 4318281.343, 135
Trd, 4318282.293, 133
Trd, 4318283.093, 105
Trd, 4318283.743, 126
Trd, 4318284.393, 101
Trd, 4318285.193, 66
Trd, 4318285.543, 90
Trd, 4318286.393, 75
Trd, 4318286.793, 66
Trd, 4318286.943, 65
Trd, 4318288.093, 89
Trd, 4318288.293, 64
Trd, 4318289.093, 134
Trd, 4318289.793, 81
Trd, 4318290.143, 70
Trd, 4318290.443, 67
Trd, 4318290.643, 78
Trd, 4318291.943, 76
Trd, 4318292.593, 133
Trd, 4318293.943, 138
Trd, 4318295.143, 123
Trd, 4318295.893, 112
Trd, 4318296.143, 93
Trd, 4318296.293, 140
Trd, 4318296.743, 81
Trd, 4318297.443, 120
Trd, 4318298.043, 96
Trd, 4318299.543, 140
Trd, 4318299.743, 135
Trd, 4318300.543, 140
Trd, 4318301.643, 122
Trd, 4318301.743, 107
Trd, 4318301.993, 138
Trd, 4318302.193, 120
Trd, 4318302.843, 137
Trd, 4318305.043, 138
Trd, 4318305.443, 116
Trd, 4318305.843, 76
Trd, 4318306.643, 131
Trd, 4318307.293, 135
Trd, 4318307.543, 101
Trd, 4318307.993, 115
Trd, 4318308.143, 93
Trd, 4318309.543, 69
Trd, 4318309.593, 70
Trd, 4318310.343, 129
Trd, 4318311.543, 75
Trd, 4318312.693, 125
Trd, 4318312.943, 119
Trd, 4318313.143, 115
Trd, 4318313.643, 139
Trd, 4318314.343, 112
Trd, 4318316.293, 137
Trd, 4318316.693, 140
Trd, 4318316.943, 123
Trd, 4318318.943, 128
Trd, 4318318.993, 120
Trd, 4318319.293, 101
Trd, 4318320.243, 106
Trd, 4318322.993, 131
Trd, 4318323.193, 134
Trd, 4318323.943, 114
Trd, 4318323.993, 84
Trd, 4318324.743, 99
Trd, 4318325.843, 86
Trd, 4318327.593, 91
Trd, 4318327.743, 117
Trd, 4318328.443, 73
Trd, 4318328.993, 108
Trd, 4318329.693, 94
Trd, 4318329.843, 134
Trd, 4318330.143, 68
Trd, 4318331.143, 108
Trd, 4318331.743, 133
Trd, 4318333.043, 139
Trd, 4318335.143, 121
Trd, 4318335.293, 118
Trd, 4318335.693, 135
Trd, 4318336.143, 122
Trd, 4318336.443, 99
Trd, 4318338.443, 135
Trd, 4318338.643, 93
Trd, 4318338.743, 80
Trd, 4318339.343, 83
Trd, 4318339.793, 110
Trd, 4318340.043, 81
Trd, 4318340.143, 75
Trd, 4318341.293, 125
Trd, 4318341.593, 134
Trd, 4318341.793, 69
Trd, 4318342.343, 67
Trd, 4318345.093, 106
Trd, 4318345.593, 90
Trd, 4318346.093, 88
Trd, 4318346.493, 107
Trd, 4318346.693, 104
Trd, 4318347.043, 100
Trd, 4318347.243, 122
Trd, 4318347.593, 97
Trd, 4318348.793, 125
Trd, 4318349.743, 89
Trd, 4318351.143, 116
Trd, 4318351.693, 127
Trd, 4318352.293, 124
Trd, 4318353.193, 90
Trd, 4318353.843, 138
Trd, 4318353.943, 128
Trd, 4318355.293, 134
Trd, 4318355.543, 126
Trd, 4318356.443, 133
Trd, 4318358.543, 135
Trd, 4318358.743, 118
Trd, 4318360.093, 104
Trd, 4318360.143, 96
Trd, 4318361.343, 91
Trd, 4318361.393, 93
Trd, 4318361.443, 87
Trd, 4318362.993, 133
Trd, 4318363.293, 110
Trd, 4318364.393, 137
Trd, 4318364.643, 133
Trd, 4318366.143, 136
Trd, 4318366.393, 121
Trd, 4318366.743, 73
Trd, 4318367.293, 65
Trd, 4318368.043, 62
Trd, 4318368.593, 62
Trd, 4318369.093, 69
Trd, 4318370.193, 81
Trd, 4318370.893, 70
Trd, 4318370.943, 60
Trd, 4318372.493, 135
Trd, 4318372.693, 121
Trd, 4318372.943, 113
Trd, 4318373.893, 80
Trd, 4318374.243, 80
Trd, 4318374.693, 95
Trd, 4318374.893, 85
Trd, 4318375.093, 105
Trd, 4318377.693, 122
Trd, 4318378.343, 140
Trd, 4318378.543, 135
Trd, 4318378.643, 88
Trd, 4318379.093, 115
Trd, 4318380.743, 122
Trd, 4318381.393, 61
Trd, 4318381.543, 127
Trd, 4318382.393, 104
Trd, 4318384.543, 137
Trd, 4318384.993, 109
Trd, 4318385.693, 137
Trd, 4318386.043, 120
Trd, 4318386.693, 115
Trd, 4318386.943, 98
Trd, 4318388.743, 126
Trd, 4318389.393, 98
Trd, 4318389.443, 95
Trd, 4318390.193, 108
Trd, 4318391.293, 135
Trd, 4318392.343, 127
Trd, 4318392.643, 115
Trd, 4318393.393, 128
Trd, 4318393.443, 95
Trd, 4318394.193, 99
Trd, 4318395.743, 124
Trd, 4318396.743, 126
Trd, 4318397.643, 115
Trd, 4318398.693, 115
Trd, 4318399.843, 137
Trd, 4318400.093, 139
Trd, 4318401.543, 140
Trd, 4318401.693, 127
Trd, 4318402.643, 111
Trd, 4318402.693, 106
Trd, 4318403.743, 113
Trd, 4318404.293, 127
Trd, 4318405.493, 119
Trd, 4318406.193, 113
Trd, 4318406.893, 130
Trd, 4318408.043, 110
Trd, 4318408.443, 135
Trd, 4318408.593, 105
Trd, 4318409.093, 100
Trd, 4318410.593, 107
Trd, 4318410.743, 116
Trd, 4318412.943, 113
Trd, 4318413.843, 128
Trd, 4318414.443, 106
Trd, 4318415.493, 135
Trd, 4318415.993, 140
Trd, 4318417.143, 138
Trd, 4318417.943, 137
Trd, 4318418.043, 122
Trd, 4318419.743, 131
Trd, 4318420.143, 138
Trd, 4318421.243, 133
Trd, 4318423.293, 136
Trd, 4318424.143, 124
Trd, 4318424.593, 120
Trd, 4318424.893, 108
Trd, 4318425.693, 127
Trd, 4318427.593, 123
Trd, 4318428.243, 95
Trd, 4318428.343, 115
Trd, 4318428.593, 88
Trd, 4318429.693, 100
Trd, 4318429.993, 119
Trd, 4318431.293, 139
Trd, 4318431.493, 86
Trd, 4318431.693, 82
Trd, 4318432.743, 116
Trd, 4318433.543, 139
Trd, 4318434.893, 131
Trd, 4318436.143, 119
Trd, 4318436.343, 113
Trd, 4318436.593, 83
Trd, 4318437.843, 104
Trd, 4318439.743, 140
Trd, 4318439.943, 135
Trd, 4318440.043, 135
Trd, 4318440.493, 85
Trd, 4318440.993, 140
Trd, 4318441.243, 115
Trd, 4318442.343, 134
Trd, 4318443.443, 106
Trd, 4318443.493, 93
Trd, 4318443.743, 81
Trd, 4318443.993, 60
Trd, 4318444.243, 111
Trd, 4318445.943, 71
Trd, 4318446.643, 87
Trd, 4318447.293, 92
Trd, 4318447.493, 64
Trd, 4318449.443, 104
Trd, 4318450.043, 140
Trd, 4318450.443, 118
Trd, 4318451.843, 103
Trd, 4318451.893, 100
Trd, 4318452.893, 62
Trd, 4318454.043, 136
Trd, 4318454.493, 75
Trd, 4318455.093, 113
Trd, 4318455.343, 82
Trd, 4318455.793, 88
Trd, 4318455.993, 74
Trd, 4318456.643, 113
Trd, 4318458.793, 135
Trd, 4318459.743, 111
Trd, 4318460.093, 119
Trd, 4318460.693, 128
Trd, 4318460.943, 126
Trd, 4318461.393, 107
Trd, 4318463.943, 137
Trd, 4318464.143, 79
Trd, 4318464.243, 104
Trd, 4318466.043, 64
Trd, 4318466.593, 62
Trd, 4318467.343, 70
Trd, 4318469.243, 69
Trd, 4318469.993, 69
Trd, 4318470.443, 102
Trd, 4318471.193, 121
Trd, 4318472.243, 113
Trd, 4318473.093, 134
Trd, 4318473.243, 114
Trd, 4318473.693, 124
Trd, 4318474.493, 128
Trd, 4318475.193, 124
Trd, 4318475.393, 97
Trd, 4318477.343, 140
Trd, 4318477.843, 100
Trd, 4318477.893, 98
Trd, 4318478.543, 127
Trd, 4318478.643, 120
Trd, 4318479.343, 117
Trd, 4318481.693, 73
Trd, 4318482.393, 140
Trd, 4318482.743, 138
Trd, 4318483.293, 86
Trd, 4318484.093, 116
Trd, 4318484.643, 83
Trd, 4318486.043, 135
Trd, 4318486.843, 124
Trd, 4318487.843, 140
Trd, 4318488.443, 119
Trd, 4318489.743, 127
Trd, 4318489.793, 117
Trd, 4318490.643, 139
Trd, 4318490.843, 135
Trd, 4318491.443, 106
Trd, 4318493.243, 120
Trd, 4318493.893, 135
Trd, 4318494.993, 127
Trd, 4318495.093, 123
Trd, 4318497.443, 125
Trd, 4318498.743, 121
Trd, 4318499.843, 129
Trd, 4318500.143, 135
Trd, 4318500.993, 137
Trd, 4318501.093, 125
Trd, 4318501.193, 116
Trd, 4318501.593, 76
Trd, 4318501.993, 80
Trd, 4318502.743, 122
Trd, 4318504.343, 121
Trd, 4318504.493, 116
Trd, 4318504.843, 113
Trd, 4318506.243, 97
Trd, 4318506.943, 75
Trd, 4318507.043, 102
Trd, 4318507.493, 80
Trd, 4318507.943, 66
Trd, 4318508.793, 79
Trd, 4318510.893, 106
Trd, 4318512.843, 105
Trd, 4318512.893, 115
Trd, 4318512.943, 95
Trd, 4318513.443, 69
Trd, 4318514.243, 101
Trd, 4318514.493, 98
Trd, 4318514.643, 63
Trd, 4318515.843, 119
Trd, 4318517.193, 132
Trd, 4318517.643, 103
Trd, 4318518.443, 135
Trd, 4318518.693, 120
Trd, 4318519.493, 80
Trd, 4318520.743, 70
Trd, 4318521.843, 89
Trd, 4318522.393, 113
Trd, 4318523.293, 130
Trd, 4318523.393, 105
Trd, 4318523.893, 122
Trd, 4318524.943, 140
Trd, 4318524.993, 104
Trd, 4318525.343, 88
Trd, 4318525.793, 135
Trd, 4318527.293, 133
Trd, 4318528.393, 122
Trd, 4318529.093, 78
Trd, 4318531.143, 74
Trd, 4318532.393, 140
Trd, 4318533.493, 135
Trd, 4318533.793, 131
Trd, 4318534.493, 138
Trd, 4318534.893, 119
Trd, 4318535.443, 140
Trd, 4318537.443, 140
Trd, 4318539.443, 130
Trd, 4318539.743, 126
Trd, 4318539.943, 115
Trd, 4318540.443, 101
Trd, 4318540.943, 106
Trd, 4318541.543, 105
Trd, 4318541.893, 88
Trd, 4318541.943, 111
Trd, 4318543.993, 139
Trd, 4318544.543, 134
Trd, 4318545.093, 103
Trd, 4318546.043, 80
Trd, 4318546.543, 138
Trd, 4318547.143, 136
Trd, 4318547.593, 124
Trd, 4318549.543, 117
Trd, 4318549.743, 127
Trd, 4318550.043, 104
Trd, 4318550.693, 130
Trd, 4318552.893, 115
Trd, 4318553.143, 113
Trd, 4318554.143, 86
Trd, 4318554.393, 98
Trd, 4318554.593, 64
Trd, 4318555.443, 107
Trd, 4318555.643, 81
Trd, 4318556.693, 130
Trd, 4318557.243, 137
Trd, 4318557.643, 139
Trd, 4318557.743, 122
Trd, 4318557.893, 105
Trd, 4318558.793, 118
Trd, 4318559.743, 113
Trd, 4318560.193, 122
Trd, 4318560.243, 110
Trd, 4318561.543, 122
Trd, 4318561.993, 139
Trd, 4318563.093, 124
Trd, 4318563.343, 92
Trd, 4318564.593, 127
Trd, 4318565.143, 140
Trd, 4318565.293, 122
Trd, 4318565.793, 98
Trd, 4318566.243, 106
Trd, 4318567.743, 109
Trd, 4318568.393, 120
Trd, 4318568.593, 86
Trd, 4318569.543, 91
Trd, 4318570.743, 138
Trd, 4318571.143, 133
Trd, 4318571.543, 97
Trd, 4318572.643, 85
Trd, 4318573.543, 85
Trd, 4318573.993, 93
Trd, 4318574.943, 105
Trd, 4318575.693, 99
Trd, 4318576.243, 133
Trd, 4318577.893, 137
Trd, 4318579.193, 123
Trd, 4318579.943, 120
Trd, 4318580.193, 127
Trd, 4318581.893, 136
Trd, 4318582.243, 118
Trd, 4318582.743, 115
Trd, 4318583.043, 135
Trd, 4318583.243, 101
Trd, 4318583.693, 105
Trd, 4318583.943, 124
Trd, 4318584.643, 92
Trd, 4318585.143, 63
Trd, 4318585.293, 68
Trd, 4318586.893, 120
Trd, 4318587.893, 136
Trd, 4318589.343, 113
Trd, 4318589.993, 104
Trd, 4318590.143, 101
Trd, 4318590.243, 88
Trd, 4318591.293, 138
Trd, 4318592.693, 134
Trd, 4318593.443, 90
Trd, 4318594.443, 136
Trd, 4318595.943, 132
Trd, 4318596.143, 132
Trd, 4318596.643, 127
Trd, 4318597.843, 112
Trd, 4318597.893, 90
Trd, 4318598.743, 84
Trd, 4318599.343, 61
Trd, 4318600.693, 123
Trd, 4318601.343, 94
Trd, 4318601.543, 90
Trd, 4318602.943, 140
Trd, 4318603.943, 124
Trd, 4318604.293, 114
Trd, 4318604.343, 111
Trd, 4318605.443, 111
Trd, 4318605.543, 122
Trd, 4318606.743, 79
Trd, 4318607.393, 137
Trd, 4318607.793, 80
Trd, 4318609.743, 139
Trd, 4318610.143, 121
Trd, 4318610.943, 65
Trd, 4318610.993, 87
Trd, 4318612.493, 83
Trd, 4318613.043, 110
Trd, 4318614.493, 103
Trd, 4318614.943, 124
Trd, 4318615.043, 101
Trd, 4318615.093, 100
Trd, 4318616.643, 73
Trd, 4318617.193, 83
Trd, 4318618.643, 126
Trd, 4318618.893, 114
Trd, 4318619.143, 92
Trd, 4318620.393, 69
Trd, 4318620.643, 71
Trd, 4318621.393, 124
Trd, 4318622.293, 135
Trd, 4318622.543, 108
Trd, 4318622.743, 97
Trd, 4318623.093, 117
Trd, 4318623.643, 64
Trd, 4318625.093, 68
Trd, 4318625.543, 72
Trd, 4318627.093, 79
Trd, 4318627.643, 128
Trd, 4318627.893, 134
Trd, 4318627.993, 79
Trd, 4318628.093, 75
Trd, 4318628.793, 77
Trd, 4318630.043, 66
Trd, 4318631.643, 115
Trd, 4318631.793, 124
Trd, 4318631.893, 105
Trd, 4318634.043, 132
Trd, 4318634.243, 128
Trd, 4318635.293, 137
Trd, 4318635.543, 120
Trd, 4318636.643, 138
Trd, 4318637.193, 132
Trd, 4318637.293, 108
Trd, 4318638.743, 125
Trd, 4318639.443, 120
Trd, 4318639.493, 85
Trd, 4318641.343, 130
Trd, 4318641.493, 113
Trd, 4318641.743, 130
Trd, 4318642.243, 107
Trd, 4318642.793, 102
Trd, 4318643.743, 111
Trd, 4318645.343, 125
Trd, 4318646.493, 131
Trd, 4318646.593, 131
Trd, 4318646.943, 124
Trd, 4318647.993, 110
Trd, 4318648.143, 106
Trd, 4318648.193, 106
Trd, 4318649.093, 128
Trd, 4318650.143, 113
Trd, 4318651.143, 86
Trd, 4318651.393, 85
Trd, 4318651.893, 84
Trd, 4318652.943, 103
Trd, 4318653.393, 128
Trd, 4318654.443, 84
Trd, 4318654.643, 116
Trd, 4318655.093, 98
Trd, 4318655.843, 68
Trd, 4318655.943, 90
Trd, 4318658.893, 138
Trd, 4318659.343, 118
Trd, 4318659.693, 114
Trd, 4318660.393, 103
Trd, 4318661.093, 134
Trd, 4318661.193, 128
Trd, 4318661.343, 114
Trd, 4318661.793, 80
Trd, 4318663.143, 112
Trd, 4318663.293, 91
Trd, 4318663.593, 134
Trd, 4318663.993, 63
Trd, 4318665.643, 121
Trd, 4318666.343, 109
Trd, 4318666.393, 86
Trd, 4318666.943, 77
Trd, 4318667.693, 64
Trd, 4318668.393, 75
Trd, 4318672.243, 134
Trd, 4318672.593, 126
Trd, 4318673.143, 123
Trd, 4318673.343, 140
Trd, 4318673.493, 109
Trd, 4318673.843, 82
Trd, 4318674.243, 115
Trd, 4318675.243, 122
Trd, 4318677.743, 140
Trd, 4318677.793, 132
Trd, 4318678.043, 116
Trd, 4318679.893, 124
Trd, 4318680.843, 127
Trd, 4318681.143, 103
Trd, 4318681.643, 85
Trd, 4318682.343, 116
Trd, 4318682.843, 126
Trd, 4318683.093, 123
Trd, 4318683.893, 136
Trd, 4318685.043, 105
Trd, 4318685.693, 137
Trd, 4318686.593, 107
Trd, 4318687.143, 62
Trd, 4318687.693, 97
Trd, 4318689.493, 129
Trd, 4318689.693, 125
Trd, 4318689.743, 131
Trd, 4318691.043, 137
Trd, 4318691.793, 82
Trd, 4318692.493, 100
Trd, 4318694.493, 140
Trd, 4318694.843, 125
Trd, 4318695.043, 110
Trd, 4318695.093, 107
Trd, 4318696.143, 140
Trd, 4318696.343, 132
Trd, 4318696.393, 130
Trd, 4318699.993, 138
Trd, 4318700.293, 130
Trd, 4318700.593, 132
Trd, 4318700.643, 121
Trd, 4318701.893, 122
Trd, 4318702.143, 131
Trd, 4318703.893, 85
Trd, 4318705.343, 136
Trd, 4318705.693, 117
Trd, 4318706.943, 133
Trd, 4318707.493, 129
Trd, 4318709.143, 131
Trd, 4318709.343, 129
Trd, 4318709.443, 127
Trd, 4318710.193, 118
Trd, 4318710.243, 105
Trd, 4318711.343, 88
Trd, 4318711.593, 87
Trd, 4318712.843, 77
Trd, 4318713.493, 116
Trd, 4318714.093, 135
Trd, 4318714.643, 138
Trd, 4318715.443, 126
Trd, 4318715.543, 125
Trd, 4318716.543, 121
Trd, 4318716.643, 118
Trd, 4318716.693, 64
Trd, 4318717.543, 113
Trd, 4318719.043, 139
Trd, 4318719.743, 128
Trd, 4318719.793, 80
Trd, 4318719.843, 68
Trd, 4318720.793, 91
Trd, 4318722.893, 76
Trd, 4318723.743, 136
Trd, 4318724.093, 115
Trd, 4318724.293, 114
Trd, 4318725.043, 137
Trd, 4318725.693, 101
Trd, 4318725.743, 100
Trd, 4318726.343, 140
Trd, 4318726.993, 106
Trd, 4318727.293, 110
Trd, 4318727.643, 89
Trd, 4318728.143, 135
Trd, 4318729.193, 117
Trd, 4318729.543, 115
Trd, 4318730.193, 77
Trd, 4318730.393, 129
Trd, 4318731.743, 72
Trd, 4318733.643, 133
Trd, 4318733.993, 104
Trd, 4318735.093, 108
Trd, 4318735.693, 102
Trd, 4318735.793, 94
Trd, 4318737.843, 117
Trd, 4318740.343, 125
Trd, 4318740.993, 99
Trd, 4318741.543, 89
Trd, 4318741.843, 89
Trd, 4318742.443, 116
Trd, 4318742.593, 107
Trd, 4318742.943, 94
Trd, 4318743.393, 92
Trd, 4318744.043, 115
Trd, 4318744.293, 118
Trd, 4318744.843, 117
Trd, 4318745.193, 104
Trd, 4318746.493, 119
Trd, 4318747.843, 73
Trd, 4318748.643, 80
Trd, 4318748.793, 87
Trd, 4318749.493, 69
Trd, 4318749.643, 80
Trd, 4318750.643, 93
Trd, 4318751.543, 129
Trd, 4318752.293, 90
Trd, 4318752.543, 115
Trd, 4318753.193, 137
Trd, 4318753.543, 124
Trd, 4318754.743, 127
Trd, 4318754.893, 127
Trd, 4318756.793, 131
Trd, 4318757.293, 139
Trd, 4318757.743, 115
Trd, 4318758.243, 104
Trd, 4318758.343, 60
Trd, 4318758.693, 113
Trd, 4318760.343, 98
Trd, 4318760.843, 98
Trd, 4318761.593, 91
Trd, 4318761.643, 97
Trd, 4318763.443, 133
Trd, 4318763.943, 112
Trd, 4318765.693, 140
Trd, 4318767.993, 137
Trd, 4318769.593, 99
Trd, 4318769.843, 109
Trd, 4318770.293, 97
Trd, 4318770.343, 92
Trd, 4318771.193, 140
Trd, 4318772.343, 124
Trd, 4318772.393, 121
Trd, 4318772.943, 99
Trd, 4318773.243, 89
Trd, 4318774.643, 136
Trd, 4318774.893, 135
Trd, 4318775.543, 136
Trd, 4318775.943, 128
Trd, 4318777.743, 139
Trd, 4318778.743, 127
Trd, 4318779.293, 116
Trd, 4318779.843, 80
Trd, 4318780.043, 78
Trd, 4318781.293, 87
Trd, 4318781.443, 85
Trd, 4318782.143, 136
Trd, 4318782.793, 136
Trd, 4318785.343, 130
Trd, 4318785.443, 104
Trd, 4318786.143, 136
Trd, 4318787.043, 139
Trd, 4318787.243, 132
Trd, 4318787.343, 124
Trd, 4318787.643, 94
Trd, 4318788.343, 91
Trd, 4318789.743, 136
Trd, 4318789.843, 133
Trd, 4318791.293, 140
Trd, 4318791.343, 135
Trd, 4318792.743, 112
Trd, 4318792.893, 116
Trd, 4318793.593, 109
Trd, 4318794.093, 123
Trd, 4318794.693, 94
Trd, 4318795.693, 139
Trd, 4318796.243, 129
Trd, 4318797.043, 134
Trd, 4318797.143, 118
Trd, 4318798.393, 140
Trd, 4318799.593, 118
Trd, 4318800.293, 124
Trd, 4318800.443, 133
Trd, 4318801.443, 130
Trd, 4318802.043, 136
Trd, 4318802.393, 119
Trd, 4318803.893, 135
Trd, 4318804.043, 98
Trd, 4318804.593, 91
Trd, 4318804.643, 84
Trd, 4318805.343, 90
Trd, 4318806.043, 121
Trd, 4318806.343, 96
Trd, 4318807.493, 117
Trd, 4318808.143, 131
Trd, 4318809.643, 86
Trd, 4318810.193, 138
Trd, 4318810.743, 139
Trd, 4318811.443, 131
Trd, 4318811.793, 104
Trd, 4318812.843, 92
Trd, 4318813.643, 109
Trd, 4318814.093, 127
Trd, 4318814.593, 89
Trd, 4318815.643, 88
Trd, 4318816.443, 137
Trd, 4318817.543, 133
Trd, 4318818.793, 132
Trd, 4318818.893, 131
Trd, 4318819.943, 121
Trd, 4318820.193, 119
Trd, 4318820.993, 122
Trd, 4318821.093, 106
Trd, 4318823.393, 135
Trd, 4318823.843, 130
Trd, 4318824.643, 132
Trd, 4318825.743, 118
Trd, 4318826.043, 108
Trd, 4318827.243, 116
Trd, 4318827.593, 93
Trd, 4318827.993, 125
Trd, 4318828.143, 103
Trd, 4318828.443, 87
Trd, 4318829.443, 80
Trd, 4318830.193, 123
Trd, 4318830.943, 136
Trd, 4318831.093, 126
Trd, 4318831.143, 105
Trd, 4318831.943, 107
Trd, 4318832.143, 102
Trd, 4318834.043, 120
Trd, 4318835.193, 87
Trd, 4318835.243, 65
Trd, 4318836.043, 121
Trd, 4318836.143, 106
Trd, 4318836.793, 87
Trd, 4318838.143, 139
Trd, 4318838.293, 131
Trd, 4318839.793, 93
Trd, 4318840.393, 101
Trd, 4318841.943, 137
Trd, 4318842.143, 133
Trd, 4318842.243, 120
Trd, 4318843.643, 139
Trd, 4318844.593, 100
Trd, 4318844.693, 73
Trd, 4318845.693, 100
Trd, 4318845.843, 113
Trd, 4318846.093, 130
Trd, 4318846.793, 99
Trd, 4318848.043, 88
Trd, 4318849.043, 132
Trd, 4318850.593, 107
Trd, 4318852.443, 133
Trd, 4318852.893, 100
Trd, 4318853.293, 108
Trd, 4318853.343, 88
Trd, 4318853.643, 89
Trd, 4318854.143, 80
Trd, 4318854.393, 80
Trd, 4318854.593, 88
Trd, 4318855.543, 128
Trd, 4318856.993, 131
Trd, 4318857.693, 124
Trd, 4318858.393, 120
Trd, 4318858.443, 119
Trd, 4318859.893, 98
Trd, 4318860.693, 138
Trd, 4318861.243, 139
Trd, 4318862.093, 111
Trd, 4318862.643, 117
Trd, 4318863.593, 69
Trd, 4318863.843, 128
Trd, 4318864.193, 73
Trd, 4318865.043, 66
Trd, 4318865.793, 80
Trd, 4318866.543, 95
Trd, 4318868.143, 125
Trd, 4318868.743, 72
Trd, 4318869.293, 75
Trd, 4318870.893, 140
Trd, 4318871.243, 125
Trd, 4318871.493, 76
Trd, 4318871.543, 94
Trd, 4318871.793, 79
Trd, 4318873.193, 91
Trd, 4318874.593, 79
Trd, 4318874.843, 81
Trd, 4318875.543, 136
Trd, 4318876.643, 99
Trd, 4318877.893, 128
Trd, 4318878.493, 126
Trd, 4318879.243, 118
Trd, 4318879.993, 106
Trd, 4318881.543, 131
Trd, 4318882.043, 132
Trd, 4318882.293, 127
Trd, 4318882.343, 124
Trd, 4318882.943, 114
Trd, 4318883.043, 104
Trd, 4318884.643, 87
Trd, 4318884.793, 124
Trd, 4318885.743, 85
Trd, 4318885.943, 80
Trd, 4318886.243, 77
Trd, 4318886.443, 71
Trd, 4318886.943, 113
Trd, 4318889.093, 104
Trd, 4318889.893, 61
Trd, 4318889.993, 80
Trd, 4318890.943, 78
Trd, 4318891.443, 93
Trd, 4318891.943, 95
Trd, 4318892.693, 134
Trd, 4318893.393, 90
Trd, 4318895.593, 134
Trd, 4318895.793, 128
Trd, 4318896.193, 134
Trd, 4318897.043, 117
Trd, 4318897.793, 98
Trd, 4318898.193, 119
Trd, 4318898.293, 94
Trd, 4318899.193, 76
Trd, 4318900.643, 103
Trd, 4318900.993, 122
Trd, 4318902.443, 86
Trd, 4318903.243, 106
Trd, 4318903.693, 129
Trd, 4318904.643, 83
Trd, 4318905.443, 84
Trd, 4318905.493, 94
Trd, 4318905.643, 118
Trd, 4318907.443, 134
Trd, 4318908.093, 133
Trd, 4318908.443, 120
Trd, 4318909.193, 106
Trd, 4318909.943, 134
Trd, 4318910.493, 74
Trd, 4318911.593, 115
Trd, 4318912.593, 101
Trd, 4318912.943, 84
Trd, 4318913.493, 84
Trd, 4318914.143, 131
Trd, 4318914.693, 108
Trd, 4318915.493, 87
Trd, 4318917.243, 116
Trd, 4318918.643, 136
Trd, 4318919.443, 132
Trd, 4318920.293, 138
Trd, 4318921.043, 122
Trd, 4318921.293, 119
Trd, 4318921.843, 117
Trd, 4318922.043, 114
Trd, 4318922.693, 82
Trd, 4318923.243, 84
Trd, 4318923.443, 89
Trd, 4318923.593, 135
Trd, 4318924.243, 140
Trd, 4318926.343, 78
Trd, 4318926.543, 100
Trd, 4318926.743, 68
Trd, 4318927.593, 120
Trd, 4318927.743, 74
Trd, 4318929.743, 114
Trd, 4318930.893, 63
Trd, 4318931.443, 60
Trd, 4318931.593, 111
Trd, 4318932.393, 133
Trd, 4318933.493, 64
Trd, 4318933.643, 83
Trd, 4318933.893, 114
Trd, 4318934.693, 106
Trd, 4318937.243, 138
Trd, 4318937.543, 136
Trd, 4318939.243, 126
Trd, 4318939.293, 116
Trd, 4318939.593, 117
Trd, 4318939.843, 136
Trd, 4318940.593, 138
Trd, 4318940.893, 127
Trd, 4318942.393, 128
Trd, 4318943.043, 139
Trd, 4318943.743, 127
Trd, 4318944.993, 103
Trd, 4318945.143, 95
Trd, 4318945.393, 63
Trd, 4318945.843, 90
Trd, 4318946.093, 65
Trd, 4318946.243, 105
Trd, 4318946.793, 64
Trd, 4318947.993, 70
Trd, 4318948.193, 136
Trd, 4318948.443, 69
Trd, 4318949.093, 92
Trd, 4318950.343, 110
Trd, 4318952.993, 138
Trd, 4318953.043, 132
Trd, 4318953.443, 107
Trd, 4318953.793, 108
Trd, 4318954.693, 124
Trd, 4318955.293, 116
Trd, 4318957.143, 134
Trd, 4318957.443, 127
Trd, 4318957.893, 129
Trd, 4318958.243, 132
Trd, 4318958.693, 125
Trd, 4318958.893, 138
Trd, 4318960.543, 137
Trd, 4318961.093, 133
Trd, 4318962.043, 60
Trd, 4318963.343, 112
Trd, 4318963.743, 137
Trd, 4318963.843, 96
Trd, 4318966.043, 138
Trd, 4318966.143, 127
Trd, 4318966.493, 97
Trd, 4318967.093, 103
Trd, 4318967.343, 104
Trd, 4318967.443, 82
Trd, 4318968.343, 128
Trd, 4318968.993, 134
Trd, 4318969.143, 130
Trd, 4318969.693, 135
Trd, 4318970.793, 115
Trd, 4318971.643, 140
Trd, 4318971.893, 135
Trd, 4318973.993, 127
Trd, 4318974.143, 113
Trd, 4318975.643, 86
Trd, 4318976.293, 79
Trd, 4318976.643, 72
Trd, 4318976.743, 111
Trd, 4318977.093, 76
Trd, 4318977.993, 140
Trd, 4318978.293, 126
Trd, 4318978.443, 114
Trd, 4318978.993, 133
Trd, 4318980.393, 82
Trd, 4318981.493, 109
Trd, 4318982.143, 85
Trd, 4318982.943, 105
Trd, 4318983.393, 88
Trd, 4318983.743, 83
Trd, 4318984.043, 90
Trd, 4318985.593, 119
Trd, 4318986.093, 133
Trd, 4318986.343, 125
Trd, 4318987.643, 99
Trd, 4318988.143, 88
Trd, 4318989.393, 104
Trd, 4318989.543, 139
Trd, 4318989.993, 93
Trd, 4318991.093, 139
Trd, 4318991.543, 123
Trd, 4318991.893, 116
Trd, 4318993.693, 99
Trd, 4318994.093, 87
Trd, 4318994.193, 80
Trd, 4318994.393, 65
Trd, 4318998.093, 137
Trd, 4318998.493, 133
Trd, 4318998.893, 139
Trd, 4318999.043, 131
Trd, 4318999.493, 134
Trd, 4318999.943, 110
Trd, 4319000.393, 109
Trd, 4319001.093, 137
Trd, 4319001.443, 99
Trd, 4319002.993, 134
Trd, 4319005.493, 139
Trd, 4319005.743, 136
Trd, 4319006.043, 132
Trd, 4319006.143, 124
Trd, 4319007.193, 119
Trd, 4319009.443, 137
Trd, 4319009.593, 133
Trd, 4319009.893, 118
Trd, 4319010.893, 60
Trd, 4319011.543, 140
Trd, 4319012.193, 104
Trd, 4319012.493, 98
Trd, 4319012.643, 71
Trd, 4319013.443, 65
Trd, 4319016.143, 122
Trd, 4319016.293, 119
Trd, 4319017.043, 99
Trd, 4319018.243, 128
Trd, 4319018.443, 121
Trd, 4319018.593, 109
Trd, 4319019.743, 106
Trd, 4319020.893, 135
Trd, 4319021.293, 130
Trd, 4319021.343, 121
Trd, 4319022.343, 117
Trd, 4319023.143, 117
Trd, 4319023.293, 111
Trd, 4319023.693, 104
Trd, 4319024.243, 105
Trd, 4319024.643, 109
Trd, 4319025.643, 135
Trd, 4319026.393, 134
Trd, 4319026.743, 118
Trd, 4319027.693, 140
Trd, 4319028.943, 136
Trd, 4319029.293, 136
Trd, 4319029.843, 115
Trd, 4319030.243, 102
Trd, 4319032.093, 91
Trd, 4319032.393, 128
Trd, 4319033.093, 112
Trd, 4319033.443, 98
Trd, 4319033.743, 95
Trd, 4319034.393, 127
Trd, 4319036.743, 140
Trd, 4319036.893, 133
Trd, 4319037.643, 129
Trd, 4319037.893, 125
Trd, 4319037.993, 134
Trd, 4319039.693, 139
Trd, 4319040.193, 130
Trd, 4319040.343, 130
Trd, 4319040.993, 127
Trd, 4319041.143, 103
Trd, 4319042.543, 84
Trd, 4319043.543, 129
Trd, 4319044.393, 67
Trd, 4319045.443, 69
Trd, 4319046.793, 77
Trd, 4319046.993, 74
Trd, 4319047.143, 122
Trd, 4319047.593, 97
Trd, 4319049.243, 111
Trd, 4319050.493, 138
Trd, 4319051.443, 130
Trd, 4319051.593, 126
Trd, 4319052.643, 60
Trd, 4319054.093, 132
Trd, 4319054.393, 76
Trd, 4319056.443, 140
Trd, 4319056.893, 137
Trd, 4319057.293, 120
Trd, 4319057.993, 129
Trd, 4319058.243, 125
Trd, 4319058.793, 129
Trd, 4319060.293, 139
Trd, 4319060.793, 134
Trd, 4319061.493, 95
Trd, 4319062.443, 136
Trd, 4319063.143, 123
Trd, 4319063.993, 108
Trd, 4319064.393, 92
Trd, 4319064.543, 90
Trd, 4319064.643, 75
Trd, 4319064.843, 102
Trd, 4319067.293, 126
Trd, 4319068.943, 132
Trd, 4319069.693, 128
Trd, 4319069.943, 128
Trd, 4319070.643, 132
Trd, 4319071.843, 123
Trd, 4319072.693, 117
Trd, 4319072.843, 123
Trd, 4319073.243, 120
Trd, 4319073.443, 140
Trd, 4319074.893, 96
Trd, 4319075.093, 79
Trd, 4319075.493, 65
Trd, 4319076.293, 131
Trd, 4319077.743, 99
Trd, 4319077.893, 76
Trd, 4319078.193, 140
Trd, 4319079.193, 124
Trd, 4319079.293, 129
Trd, 4319081.643, 134
Trd, 4319082.093, 135
Trd, 4319082.443, 131
Trd, 4319082.743, 137
Trd, 4319084.093, 134
Trd, 4319085.493, 134
Trd, 4319085.693, 132
Trd, 4319086.493, 121
Trd, 4319086.893, 114
Trd, 4319087.143, 100
Trd, 4319087.643, 127
Trd, 4319089.293, 98
Trd, 4319090.543, 116
Trd, 4319091.443, 136
Trd, 4319091.593, 106
Trd, 4319092.093, 103
Trd, 4319092.493, 100
Trd, 4319092.593, 121
Trd, 4319093.143, 101
Trd, 4319095.243, 135
Trd, 4319095.793, 135
Trd, 4319095.993, 94
Trd, 4319096.393, 80
Trd, 4319097.893, 72
Trd, 4319098.243, 98
Trd, 4319099.093, 133
Trd, 4319100.043, 79
Trd, 4319100.793, 123
Trd, 4319100.943, 68
Trd, 4319102.193, 129
Trd, 4319102.343, 125
Trd, 4319102.543, 110
Trd, 4319102.843, 83
Trd, 4319103.593, 127
Trd, 4319103.993, 112
Trd, 4319105.043, 109
Trd, 4319106.393, 97
Trd, 4319107.343, 85
Trd, 4319107.993, 134
Trd, 4319108.293, 125
Trd, 4319108.443, 82
Trd, 4319108.793, 120
Trd, 4319109.443, 110
Trd, 4319109.593, 79
Trd, 4319110.793, 61
Trd, 4319112.093, 126
Trd, 4319112.543, 119
Trd, 4319114.043, 138
Trd, 4319114.693, 128
Trd, 4319115.343, 118
Trd, 4319115.543, 105
Trd, 4319115.643, 103
Trd, 4319116.043, 67
Trd, 4319116.593, 86
Trd, 4319117.043, 82
Trd, 4319118.193, 82
Trd, 4319118.743, 65
Trd, 4319120.093, 70
Trd, 4319121.493, 123
Trd, 4319122.443, 103
Trd, 4319122.643, 94
Trd, 4319123.293, 61
Trd, 4319123.643, 61
Trd, 4319124.893, 125
Trd, 4319125.643, 125
Trd, 4319126.243, 126
Trd, 4319127.493, 140
Trd, 4319127.593, 135
Trd, 4319127.743, 115
Trd, 4319129.443, 129
Trd, 4319129.543, 124
Trd, 4319129.993, 87
Trd, 4319131.443, 128
Trd, 4319132.743, 121
Trd, 4319132.993, 99
Trd, 4319133.143, 126
Trd, 4319133.593, 64
Trd, 4319133.693, 96
Trd, 4319134.893, 61
Trd, 4319135.943, 93
Trd, 4319136.393, 101
Trd, 4319136.793, 113
Trd, 4319138.093, 85
Trd, 4319138.593, 138
Trd, 4319138.943, 138
Trd, 4319139.893, 116
Trd, 4319140.443, 135
Trd, 4319140.843, 118
Trd, 4319141.593, 97
Trd, 4319141.743, 135
Trd, 4319142.843, 97
Trd, 4319142.993, 68
Trd, 4319143.493, 116
Trd, 4319144.293, 133
Trd, 4319146.643, 130
Trd, 4319146.993, 126
Trd, 4319148.593, 118
Trd, 4319148.643, 108
Trd, 4319149.293, 137
Trd, 4319150.093, 104
Trd, 4319150.343, 99
Trd, 4319151.343, 109
Trd, 4319151.743, 94
Trd, 4319152.243, 66
Trd, 4319152.593, 118
Trd, 4319153.393, 101
Trd, 4319155.493, 130
Trd, 4319155.843, 105
Trd, 4319156.993, 139
Trd, 4319157.143, 137
Trd, 4319157.693, 136
Trd, 4319157.793, 99
Trd, 4319159.143, 110
Trd, 4319159.793, 121
Trd, 4319161.293, 117
Trd, 4319161.993, 107
Trd, 4319162.743, 77
Trd, 4319162.843, 66
Trd, 4319162.993, 109
Trd, 4319163.643, 74
Trd, 4319164.193, 64
Trd, 4319164.693, 81
Trd, 4319165.493, 70
Trd, 4319166.293, 129
Trd, 4319167.243, 69
Trd, 4319168.843, 129
Trd, 4319169.193, 113
Trd, 4319169.793, 113
Trd, 4319170.943, 74
Trd, 4319171.143, 103
Trd, 4319171.943, 103
Trd, 4319172.793, 69
Trd, 4319172.943, 60
Trd, 4319175.043, 135
Trd, 4319175.543, 139
Trd, 4319176.093, 119
Trd, 4319176.293, 126
Trd, 4319176.793, 113
Trd, 4319177.593, 88
Trd, 4319179.393, 140
Trd, 4319179.693, 138
Trd, 4319180.543, 120
Trd, 4319180.843, 97
Trd, 4319181.143, 118
Trd, 4319181.443, 127
Trd, 4319182.293, 94
Trd, 4319183.293, 88
Trd, 4319183.893, 121
Trd, 4319184.493, 130
Trd, 4319184.643, 88
Trd, 4319185.293, 134
Trd, 4319187.193, 61
Trd, 4319187.343, 71
Trd, 4319187.543, 70
Trd, 4319187.843, 85
Trd, 4319187.993, 84
Trd, 4319189.743, 89
Trd, 4319190.193, 129
Trd, 4319191.543, 96
Trd, 4319192.443, 117
Trd, 4319192.543, 98
Trd, 4319193.643, 137
Trd, 4319194.493, 132
Trd, 4319194.693, 78
Trd, 4319195.143, 88
Trd, 4319196.493, 111
Trd, 4319196.643, 113
Trd, 4319197.343, 130
Trd, 4319198.343, 91
Trd, 4319198.593, 72
Trd, 4319198.843, 68
Trd, 4319200.393, 131
Trd, 4319202.443, 134
Trd, 4319202.843, 130
Trd, 4319203.243, 122
Trd, 4319203.393, 136
Trd, 4319204.843, 132
Trd, 4319204.893, 106
Trd, 4319205.643, 98
Trd, 4319205.693, 86
Trd, 4319206.743, 60
Trd, 4319207.043, 103
Trd, 4319207.943, 80
Trd, 4319208.643, 61
Trd, 4319210.143, 62
Trd, 4319211.993, 122
Trd, 4319214.493, 134
Trd, 4319214.543, 121
Trd, 4319215.043, 121
Trd, 4319216.043, 116
Trd, 4319216.143, 112
Trd, 4319216.393, 97
Trd, 4319217.693, 89
Trd, 4319218.093, 69
Trd, 4319218.593, 70
Trd, 4319221.893, 127
Trd, 4319222.343, 140
Trd, 4319222.493, 123
Trd, 4319222.943, 99
Trd, 4319224.443, 134
Trd, 4319224.643, 109
Trd, 4319225.993, 96
Trd, 4319226.543, 91
Trd, 4319227.343, 110
Trd, 4319227.543, 136
Trd, 4319227.843, 108
Trd, 4319228.043, 102
Trd, 4319228.993, 92
Trd, 4319229.493, 132
Trd, 4319230.343, 128
Trd, 4319230.993, 106
Trd, 4319231.693, 130
Trd, 4319233.243, 140
Trd, 4319233.543, 135
Trd, 4319233.593, 126
Trd, 4319235.643, 117
Trd, 4319235.793, 112
Trd, 4319236.693, 112
Trd, 4319237.993, 126
Trd, 4319238.893, 139
Trd, 4319239.093, 130
Trd, 4319241.293, 134
Trd, 4319241.693, 90
Trd, 4319242.643, 112
Trd, 4319243.093, 121
Trd, 4319243.643, 140
Trd, 4319244.343, 140
Trd, 4319246.293, 132
Trd, 4319247.743, 140
Trd, 4319248.143, 133
Trd, 4319248.443, 131
Trd, 4319249.243, 127
Trd, 4319249.493, 109
Trd, 4319249.693, 105
Trd, 4319249.893, 96
Trd, 4319249.993, 82
Trd, 4319252.243, 121
Trd, 4319254.543, 95
Trd, 4319255.843, 112
Trd, 4319255.993, 120
Trd, 4319256.043, 105
Trd, 4319257.493, 138
Trd, 4319259.043, 134
Trd, 4319260.343, 140
Trd, 4319260.693, 135
Trd, 4319260.993, 110
Trd, 4319261.593, 112
Trd, 4319261.893, 106
Trd, 4319261.943, 113
Trd, 4319262.043, 115
Trd, 4319262.893, 119
Trd, 4319262.993, 116
Trd, 4319263.593, 106
Trd, 4319263.643, 94
Trd, 4319264.493, 121
Trd, 4319265.293, 93
Trd, 4319267.493, 90
Trd, 4319267.543, 88
Trd, 4319267.893, 124
Trd, 4319268.793, 89
Trd, 4319269.243, 140
Trd, 4319269.893, 127
Trd, 4319270.743, 132
Trd, 4319272.543, 140
Trd, 4319272.793, 135
Trd, 4319272.893, 111
Trd, 4319273.793, 139
Trd, 4319274.893, 129
Trd, 4319275.493, 122
Trd, 4319276.343, 129
Trd, 4319276.793, 136
Trd, 4319277.943, 127
Trd, 4319278.743, 128
Trd, 4319279.143, 103
Trd, 4319280.143, 101
Trd, 4319280.393, 87
Trd, 4319280.593, 65
Trd, 4319280.993, 62
Trd, 4319282.193, 72
Trd, 4319284.393, 118
Trd, 4319285.543, 110
Trd, 4319285.993, 121
Trd, 4319286.543, 110
Trd, 4319287.043, 99
Trd, 4319287.343, 110
Trd, 4319287.993, 130
Trd, 4319288.893, 96
Trd, 4319288.993, 92
Trd, 4319289.293, 140
Trd, 4319290.443, 137
Trd, 4319290.993, 129
Trd, 4319291.893, 92
Trd, 4319294.843, 106
Trd, 4319295.593, 125
Trd, 4319295.643, 124
Trd, 4319295.893, 135
Trd, 4319296.993, 123
Trd, 4319298.093, 99
Trd, 4319298.143, 97
Trd, 4319298.393, 96
Trd, 4319298.743, 88
Trd, 4319299.543, 122
Trd, 4319301.093, 75
Trd, 4319301.593, 74
Trd, 4319302.443, 133
Trd, 4319302.593, 129
Trd, 4319304.043, 140
Trd, 4319305.393, 138
Trd, 4319306.343, 132
Trd, 4319306.443, 118
Trd, 4319307.893, 129
Trd, 4319308.193, 132
Trd, 4319309.443, 110
Trd, 4319310.043, 97
Trd, 4319311.643, 104
Trd, 4319312.143, 97
Trd, 4319313.643, 96
Trd, 4319314.393, 127
Trd, 4319314.893, 129
Trd, 4319315.393, 137
Trd, 4319315.843, 107
Trd, 4319315.943, 101
Trd, 4319316.143, 93
Trd, 4319317.743, 122
Trd, 4319318.193, 129
Trd, 4319318.793, 129
Trd, 4319319.993, 108
Trd, 4319320.643, 117
Trd, 4319321.193, 125
Trd, 4319321.443, 96
Trd, 4319322.643, 101
Trd, 4319322.893, 93
Trd, 4319323.843, 116
Trd, 4319324.293, 133
Trd, 4319325.293, 124
Trd, 4319325.993, 139
Trd, 4319326.793, 110
Trd, 4319327.943, 120
Trd, 4319327.993, 115
Trd, 4319330.093, 131
Trd, 4319330.193, 130
Trd, 4319330.343, 130
Trd, 4319331.143, 120
Trd, 4319331.893, 104
Trd, 4319333.143, 103
Trd, 4319335.043, 135
Trd, 4319335.743, 140
Trd, 4319335.793, 135
Trd, 4319336.393, 126
Trd, 4319337.943, 121
Trd, 4319338.193, 88
Trd, 4319339.993, 140
Trd, 4319340.243, 135
Trd, 4319341.293, 135
Trd, 4319341.493, 120
Trd, 4319342.143, 117
Trd, 4319342.393, 76
Trd, 4319343.643, 136
Trd, 4319345.493, 106
Trd, 4319345.643, 127
Trd, 4319346.093, 104
Trd, 4319347.493, 85
Trd, 4319348.893, 114
Trd, 4319349.093, 107
Trd, 4319349.693, 119
Trd, 4319349.893, 135
Trd, 4319350.243, 92
Trd, 4319351.193, 101
Trd, 4319352.593, 135
Trd, 4319352.643, 132
Trd, 4319353.693, 131
Trd, 4319354.193, 120
Trd, 4319354.293, 119
Trd, 4319355.193, 132
Trd, 4319355.693, 117
Trd, 4319356.893, 133
Trd, 4319356.943, 130
Trd, 4319357.243, 122
Trd, 4319357.443, 104
Trd, 4319358.243, 74
Trd, 4319359.243, 109
Trd, 4319359.393, 103
Trd, 4319360.293, 135
Trd, 4319360.793, 127
Trd, 4319361.893, 134
Trd, 4319362.843, 132
Trd, 4319363.043, 121
Trd, 4319363.693, 118
Trd, 4319364.243, 115
Trd, 4319366.193, 86
Trd, 4319366.293, 128
Trd, 4319367.843, 136
Trd, 4319368.043, 134
Trd, 4319368.293, 140
Trd, 4319368.393, 132
Trd, 4319369.393, 138
Trd, 4319369.943, 126
Trd, 4319371.993, 139
Trd, 4319372.043, 139
Trd, 4319372.443, 134
Trd, 4319373.443, 63
Trd, 4319373.643, 83
Trd, 4319374.093, 129
Trd, 4319374.893, 107
Trd, 4319374.993, 96
Trd, 4319376.693, 86
Trd, 4319377.143, 113
Trd, 4319377.293, 81
Trd, 4319378.243, 127
Trd, 4319378.593, 79
Trd, 4319379.843, 130
Trd, 4319380.243, 140
Trd, 4319380.693, 140
Trd, 4319381.293, 135
Trd, 4319381.543, 122
Trd, 4319382.393, 134
Trd, 4319383.243, 131
Trd, 4319384.543, 127
Trd, 4319384.793, 109
Trd, 4319385.393, 117
Trd, 4319385.643, 83
Trd, 4319386.543, 131
Trd, 4319388.393, 139
Trd, 4319390.893, 140
Trd, 4319391.043, 139
Trd, 4319391.993, 133
Trd, 4319392.093, 117
Trd, 4319393.043, 129
Trd, 4319393.193, 115
Trd, 4319394.093, 106
Trd, 4319394.343, 101
Trd, 4319394.643, 140
Trd, 4319394.793, 135
Trd, 4319396.243, 84
Trd, 4319396.893, 134
Trd, 4319396.943, 131
Trd, 4319397.593, 105
Trd, 4319397.843, 109
Trd, 4319398.743, 117
Trd, 4319400.493, 126
Trd, 4319401.843, 117
Trd, 4319402.493, 93
Trd, 4319402.993, 118
Trd, 4319403.243, 66
Trd, 4319403.493, 72
Trd, 4319404.143, 67
Trd, 4319405.143, 76
Trd, 4319406.093, 91
Trd, 4319407.193, 123
Trd, 4319407.393, 124
Trd, 4319408.443, 136
Trd, 4319408.943, 132
Trd, 4319408.993, 116
Trd, 4319409.843, 111
Trd, 4319410.643, 120
Trd, 4319411.493, 126
Trd, 4319412.443, 125
Trd, 4319413.043, 118
Trd, 4319413.993, 137
Trd, 4319414.193, 133
Trd, 4319414.843, 112
Trd, 4319415.293, 110
Trd, 4319416.343, 66
Trd, 4319416.693, 104
Trd, 4319417.943, 108
Trd, 4319418.693, 123
Trd, 4319419.443, 133
Trd, 4319419.643, 111
Trd, 4319421.593, 112
Trd, 4319422.993, 131
Trd, 4319423.143, 120
Trd, 4319423.593, 98
Trd, 4319423.693, 115
Trd, 4319424.193, 90
Trd, 4319425.793, 102
Trd, 4319425.893, 118
Trd, 4319426.243, 99
Trd, 4319426.643, 87
Trd, 4319428.743, 111
Trd, 4319429.143, 79
Trd, 4319429.193, 91
Trd, 4319429.393, 102
Trd, 4319430.193, 133
Trd, 4319431.893, 123
Trd, 4319432.343, 136
Trd, 4319432.443, 118
Trd, 4319432.743, 101
Trd, 4319432.943, 95
Trd, 4319433.393, 135
Trd, 4319434.693, 130
Trd, 4319435.293, 84
Trd, 4319435.393, 86
Trd, 4319436.693, 139
Trd, 4319437.643, 112
Trd, 4319438.243, 83
Trd, 4319438.643, 134
Trd, 4319441.543, 103
Trd, 4319442.243, 123
Trd, 4319442.893, 111
Trd, 4319443.243, 105
Trd, 4319445.193, 135
Trd, 4319445.443, 131
Trd, 4319445.543, 124
Trd, 4319445.743, 83
Trd, 4319446.393, 64
Trd, 4319448.643, 126
Trd, 4319449.043, 121
Trd, 4319450.443, 138
Trd, 4319451.193, 130
Trd, 4319451.543, 131
Trd, 4319452.243, 107
Trd, 4319452.943, 120
Trd, 4319453.043, 108
Trd, 4319453.293, 130
Trd, 4319455.043, 127
Trd, 4319455.643, 120
Trd, 4319457.093, 122
Trd, 4319458.793, 127
Trd, 4319459.293, 127
Trd, 4319459.393, 114
Trd, 4319459.643, 129
Trd, 4319459.693, 103
Trd, 4319462.043, 68
Trd, 4319462.093, 72
Trd, 4319462.343, 73
Trd, 4319463.243, 133
Trd, 4319464.193, 103
Trd, 4319465.443, 105
Trd, 4319466.243, 60
Trd, 4319466.393, 63
Trd, 4319466.793, 108
Trd, 4319467.493, 108
Trd, 4319468.793, 128
Trd, 4319469.343, 110
Trd, 4319470.343, 135
Trd, 4319470.493, 117
Trd, 4319471.493, 130
Trd, 4319472.343, 136
Trd, 4319472.643, 117
Trd, 4319472.693, 114
Trd, 4319473.943, 130
Trd, 4319474.243, 83
Trd, 4319475.943, 120
Trd, 4319475.993, 132
Trd, 4319476.693, 74
Trd, 4319478.143, 76
Trd, 4319478.443, 115
Trd, 4319479.143, 75
Trd, 4319479.393, 70
Trd, 4319479.693, 93
Trd, 4319481.243, 69
Trd, 4319481.343, 136
Trd, 4319482.093, 84
Trd, 4319483.343, 82
Trd, 4319483.593, 63
Trd, 4319484.543, 75
Trd, 4319484.593, 117
Trd, 4319486.093, 134
Trd, 4319486.493, 131
Trd, 4319487.293, 127
Trd, 4319487.393, 102
Trd, 4319487.493, 104
Trd, 4319487.943, 110
Trd, 4319489.843, 128
Trd, 4319491.443, 93
Trd, 4319491.693, 119
Trd, 4319491.943, 92
Trd, 4319493.243, 124
Trd, 4319493.643, 109
Trd, 4319494.243, 122
Trd, 4319494.643, 135
Trd, 4319495.143, 133
Trd, 4319496.493, 115
Trd, 4319496.943, 113
Trd, 4319497.443, 108
Trd, 4319497.993, 117
Trd, 4319499.943, 105
Trd, 4319500.393, 94
Trd, 4319500.843, 129
Trd, 4319501.443, 127
Trd, 4319501.593, 124
Trd, 4319501.893, 113
Trd, 4319502.893, 133
Trd, 4319503.993, 112
Trd, 4319504.743, 129
Trd, 4319505.693, 138
Trd, 4319506.543, 135
Trd, 4319507.843, 122
Trd, 4319507.943, 115
Trd, 4319509.193, 136
Trd, 4319509.343, 121
Trd, 4319509.743, 107
Trd, 4319509.793, 104
Trd, 4319510.543, 106
Trd, 4319510.643, 103
Trd, 4319511.743, 102
Trd, 4319512.093, 92
Trd, 4319512.493, 132
Trd, 4319513.943, 108
Trd, 4319514.193, 117
Trd, 4319514.843, 139
Trd, 4319514.893, 85
Trd, 4319517.593, 132
Trd, 4319518.293, 114
Trd, 4319519.043, 111
Trd, 4319519.093, 110
Trd, 4319519.943, 140
Trd, 4319521.643, 139
Trd, 4319522.143, 117
Trd, 4319522.843, 120
Trd, 4319523.093, 109
Trd, 4319524.593, 120
Trd, 4319525.643, 115
Trd, 4319526.193, 126
Trd, 4319527.243, 135
Trd, 4319527.393, 113
Trd, 4319527.543, 107
Trd, 4319528.043, 100
Trd, 4319528.743, 89
Trd, 4319529.743, 138
Trd, 4319530.193, 134
Trd, 4319530.943, 79
Trd, 4319531.593, 74
Trd, 4319531.993, 113
Trd, 4319533.443, 88
Trd, 4319534.143, 81
Trd, 4319535.193, 120
Trd, 4319535.693, 124
Trd, 4319536.143, 117
Trd, 4319536.493, 113
Trd, 4319537.693, 78
Trd, 4319538.243, 119
Trd, 4319538.993, 113
Trd, 4319539.193, 118
Trd, 4319540.243, 137
Trd, 4319540.643, 107
Trd, 4319541.843, 123
Trd, 4319544.543, 115
Trd, 4319544.593, 108
Trd, 4319544.843, 92
Trd, 4319545.043, 73
Trd, 4319546.943, 130
Trd, 4319547.843, 137
Trd, 4319548.043, 133
Trd, 4319548.443, 121
Trd, 4319549.643, 61
Trd, 4319550.243, 116
Trd, 4319551.343, 117
Trd, 4319552.143, 137
Trd, 4319552.393, 73
Trd, 4319552.493, 125
Trd, 4319554.143, 101
Trd, 4319554.743, 91
Trd, 4319556.243, 121
Trd, 4319556.843, 91
Trd, 4319557.493, 140
Trd, 4319557.693, 124
Trd, 4319559.593, 139
Trd, 4319560.493, 134
Trd, 4319561.043, 129
Trd, 4319561.343, 126
Trd, 4319561.843, 116
Trd, 4319563.243, 136
Trd, 4319563.643, 115
Trd, 4319564.193, 108
Trd, 4319565.493, 101
Trd, 4319566.843, 96
Trd, 4319567.893, 114
Trd, 4319567.943, 94
Trd, 4319568.543, 113
Trd, 4319569.043, 97
Trd, 4319569.293, 64
Trd, 4319571.093, 128
Trd, 4319571.393, 125
Trd, 4319572.243, 124
Trd, 4319572.843, 132
Trd, 4319572.893, 118
Trd, 4319573.843, 123
Trd, 4319576.493, 129
Trd, 4319576.793, 126
Trd, 4319577.043, 124
Trd, 4319577.443, 139
Trd, 4319579.043, 137
Trd, 4319579.493, 135
Trd, 4319579.893, 120
Trd, 4319580.743, 75
Trd, 4319581.143, 64
Trd, 4319582.793, 70
Trd, 4319582.893, 72
Trd, 4319583.543, 83
Trd, 4319584.893, 125
Trd, 4319584.943, 111
Trd, 4319585.293, 107
Trd, 4319586.143, 130
Trd, 4319586.443, 136
Trd, 4319586.793, 111
Trd, 4319587.293, 108
Trd, 4319587.993, 78
Trd, 4319588.043, 81
Trd, 4319588.293, 127
Trd, 4319589.593, 68
Trd, 4319590.243, 69
Trd, 4319590.393, 77
Trd, 4319591.493, 66
Trd, 4319591.793, 91
Trd, 4319592.593, 126
Trd, 4319592.943, 65
Trd, 4319593.093, 73
Trd, 4319593.693, 102
Trd, 4319594.443, 118
Trd, 4319594.543, 90
Trd, 4319595.643, 95
Trd, 4319596.393, 77
Trd, 4319596.493, 109
Trd, 4319597.043, 98
Trd, 4319597.093, 76
Trd, 4319599.243, 117
Trd, 4319599.393, 93
Trd, 4319599.743, 104
Trd, 4319600.543, 136
Trd, 4319601.443, 138
Trd, 4319601.793, 69
Trd, 4319602.343, 104
Trd, 4319602.693, 76
Trd, 4319603.093, 68
Trd, 4319603.643, 127
Trd, 4319605.393, 114
Trd, 4319606.093, 113
Trd, 4319606.143, 108
Trd, 4319607.993, 89
Trd, 4319608.143, 88
Trd, 4319608.693, 118
Trd, 4319609.993, 135
Trd, 4319610.093, 137
Trd, 4319611.693, 137
Trd, 4319613.593, 131
Trd, 4319613.793, 121
Trd, 4319614.493, 124
Trd, 4319614.943, 118
Trd, 4319615.893, 129
Trd, 4319616.093, 106
Trd, 4319616.993, 105
Trd, 4319617.843, 132
Trd, 4319617.943, 123
Trd, 4319618.493, 84
Trd, 4319619.193, 78
Trd, 4319619.893, 128
Trd, 4319620.143, 124
Trd, 4319620.843, 129
Trd, 4319621.443, 112
Trd, 4319621.693, 112
Trd, 4319622.843, 103
Trd, 4319623.943, 136
Trd, 4319624.293, 132
Trd, 4319625.093, 98
Trd, 4319625.143, 91
Trd, 4319626.943, 113
Trd, 4319627.443, 138
Trd, 4319628.343, 125
Trd, 4319628.593, 81
Trd, 4319630.193, 115
Trd, 4319631.443, 129
Trd, 4319631.543, 88
Trd, 4319632.393, 103
Trd, 4319632.893, 135
Trd, 4319635.393, 140
Trd, 4319635.643, 136
Trd, 4319635.793, 134
Trd, 4319636.643, 123
Trd, 4319637.143, 77
Trd, 4319638.693, 78
Trd, 4319639.493, 94
Trd, 4319639.543, 86
Trd, 4319639.643, 122
Trd, 4319639.943, 131
Trd, 4319641.343, 118
Trd, 4319642.043, 138
Trd, 4319642.093, 136
Trd, 4319642.193, 111
Trd, 4319642.893, 74
Trd, 4319643.793, 137
Trd, 4319644.743, 129
Trd, 4319645.343, 128
Trd, 4319645.393, 111
Trd, 4319645.593, 88
Trd, 4319646.943, 84
Trd, 4319647.793, 74
Trd, 4319648.043, 136
Trd, 4319648.093, 127
Trd, 4319648.643, 118
Trd, 4319649.143, 140
Trd, 4319651.093, 138
Trd, 4319651.443, 138
Trd, 4319651.543, 119
Trd, 4319651.993, 95
Trd, 4319652.643, 66
Trd, 4319653.443, 119
Trd, 4319653.593, 85
Trd, 4319655.343, 135
Trd, 4319656.093, 106
Trd, 4319657.643, 140
Trd, 4319658.143, 124
Trd, 4319658.793, 109
Trd, 4319658.893, 103
Trd, 4319659.143, 73
Trd, 4319660.943, 136
Trd, 4319660.993, 131
Trd, 4319662.043, 108
Trd, 4319662.293, 93
Trd, 4319663.543, 126
Trd, 4319663.893, 134
Trd, 4319664.443, 101
Trd, 4319665.093, 117
Trd, 4319665.493, 97
Trd, 4319665.893, 110
Trd, 4319666.393, 106
Trd, 4319666.893, 138
Trd, 4319666.943, 93
Trd, 4319667.443, 61
Trd, 4319669.643, 121
Trd, 4319670.643, 108
Trd, 4319671.193, 106
Trd, 4319671.243, 105
Trd, 4319672.343, 111
Trd, 4319673.093, 97
Trd, 4319673.693, 106
Trd, 4319674.893, 116
Trd, 4319675.293, 89
Trd, 4319675.893, 84
Trd, 4319677.143, 137
Trd, 4319677.193, 132
Trd, 4319678.143, 106
Trd, 4319678.643, 117
Trd, 4319678.943, 138
Trd, 4319679.293, 135
Trd, 4319679.593, 102
Trd, 4319679.993, 95
Trd, 4319681.243, 112
Trd, 4319681.593, 104
Trd, 4319683.593, 121
Trd, 4319685.093, 119
Trd, 4319685.643, 124
Trd, 4319686.093, 136
Trd, 4319687.193, 138
Trd, 4319688.793, 134
Trd, 4319690.143, 128
Trd, 4319690.243, 121
Trd, 4319690.293, 121
Trd, 4319690.843, 94
Trd, 4319691.943, 128
Trd, 4319692.443, 75
Trd, 4319692.493, 83
Trd, 4319693.393, 127
Trd, 4319694.643, 124
Trd, 4319694.943, 121
Trd, 4319695.043, 118
Trd, 4319695.493, 114
Trd, 4319696.243, 60
Trd, 4319698.493, 120
Trd, 4319699.543, 120
Trd, 4319700.793, 120
Trd, 4319701.293, 139
Trd, 4319701.493, 124
Trd, 4319701.643, 97
Trd, 4319702.443, 93
Trd, 4319702.893, 71
Trd, 4319703.243, 140
Trd, 4319704.143, 74
Trd, 4319705.893, 139
Trd, 4319707.393, 122
Trd, 4319707.793, 104
Trd, 4319709.843, 79
Trd, 4319710.093, 116
Trd, 4319710.193, 135
Trd, 4319710.743, 65
Trd, 4319712.143, 139
Trd, 4319713.443, 130
Trd, 4319713.643, 122
Trd, 4319714.093, 121
Trd, 4319714.293, 126
Trd, 4319714.993, 84
Trd, 4319715.443, 84
Trd, 4319715.743, 79
Trd, 4319715.943, 72
Trd, 4319716.893, 124
Trd, 4319718.493, 100
Trd, 4319718.643, 126
Trd, 4319718.843, 140
Trd, 4319720.043, 134
Trd, 4319720.243, 126
Trd, 4319721.093, 136
Trd, 4319722.093, 139
Trd, 4319722.793, 122
Trd, 4319723.693, 118
Trd, 4319724.043, 105
Trd, 4319725.493, 134
Trd, 4319725.543, 123
Trd, 4319725.793, 118
Trd, 4319725.943, 108
Trd, 4319726.143, 107
Trd, 4319726.843, 93
Trd, 4319727.993, 99
Trd, 4319728.993, 68
Trd, 4319729.593, 126
Trd, 4319730.093, 97
Trd, 4319733.143, 139
Trd, 4319733.343, 129
Trd, 4319733.493, 120
Trd, 4319733.943, 133
Trd, 4319734.443, 90
Trd, 4319735.543, 76
Trd, 4319736.243, 102
Trd, 4319736.393, 100
Trd, 4319737.593, 91
Trd, 4319739.443, 135
Trd, 4319739.593, 118
Trd, 4319739.793, 120
Trd, 4319741.043, 124
Trd, 4319741.143, 119
Trd, 4319741.193, 116
Trd, 4319741.943, 132
Trd, 4319742.043, 114
Trd, 4319742.393, 114
Trd, 4319742.993, 114
Trd, 4319744.393, 117
Trd, 4319744.643, 102
Trd, 4319745.443, 72
Trd, 4319746.093, 102
Trd, 4319746.293, 69
Trd, 4319747.793, 119
Trd, 4319748.843, 114
Trd, 4319750.043, 132
Trd, 4319750.143, 116
Trd, 4319753.143, 128
Trd, 4319753.293, 122
Trd, 4319753.343, 103
Trd, 4319753.543, 115
Trd, 4319754.493, 128
Trd, 4319754.593, 125
Trd, 4319755.043, 117
Trd, 4319755.543, 70
Trd, 4319757.293, 133
Trd, 4319757.593, 134
Trd, 4319758.343, 95
Trd, 4319758.743, 101
Trd, 4319760.843, 98
Trd, 4319761.243, 111
Trd, 4319761.643, 140
Trd, 4319762.093, 136
Trd, 4319762.793, 135
Trd, 4319762.993, 121
Trd, 4319763.443, 109
Trd, 4319764.493, 117
Trd, 4319764.693, 111
Trd, 4319765.243, 101
Trd, 4319766.693, 126
Trd, 4319766.793, 97
Trd, 4319767.843, 102
Trd, 4319768.893, 130
Trd, 4319769.543, 99
Trd, 4319771.043, 118
Trd, 4319771.293, 97
Trd, 4319771.643, 75
Trd, 4319772.343, 85
Trd, 4319773.743, 130
Trd, 4319773.943, 115
Trd, 4319774.043, 105
Trd, 4319775.443, 133
Trd, 4319775.943, 140
Trd, 4319776.443, 138
Trd, 4319777.793, 140
Trd, 4319777.893, 131
Trd, 4319778.943, 130
Trd, 4319779.093, 125
Trd, 4319780.093, 114
Trd, 4319781.443, 121
Trd, 4319781.793, 129
Trd, 4319781.893, 107
Trd, 4319784.293, 114
Trd, 4319784.393, 111
Trd, 4319785.443, 103
Trd, 4319786.093, 124
Trd, 4319786.643, 122
Trd, 4319787.193, 82
Trd, 4319787.943, 134
Trd, 4319788.093, 105
Trd, 4319788.593, 108
Trd, 4319789.493, 131
Trd, 4319789.993, 114
Trd, 4319790.193, 126
Trd, 4319791.243, 130
Trd, 4319792.093, 136
Trd, 4319792.243, 123
Trd, 4319793.943, 127
Trd, 4319794.243, 106
Trd, 4319794.543, 105
Trd, 4319794.943, 60
Trd, 4319795.293, 137
Trd, 4319795.893, 122
Trd, 4319796.243, 119
Trd, 4319797.793, 115
Trd, 4319798.243, 104
Trd, 4319798.543, 67
Trd, 4319798.893, 124
Trd, 4319799.643, 122
Trd, 4319800.193, 120
Trd, 4319801.343, 116
Trd, 4319802.693, 118
Trd, 4319804.143, 118
Trd, 4319804.543, 92
Trd, 4319804.643, 132
Trd, 4319805.093, 105
Trd, 4319806.193, 78
Trd, 4319806.443, 92
Trd, 4319807.493, 109
Trd, 4319807.993, 107
Trd, 4319809.093, 122
Trd, 4319809.443, 111
Trd, 4319809.693, 97
Trd, 4319811.743, 117
Trd, 4319812.143, 139
Trd, 4319812.693, 135
Trd, 4319813.143, 108
Trd, 4319813.293, 104
Trd, 4319814.593, 77
Trd, 4319815.193, 69
Trd, 4319816.493, 60
Trd, 4319816.943, 65
Trd, 4319817.293, 62
Trd, 4319817.893, 83
Trd, 4319818.643, 94
Trd, 4319818.693, 137
Trd, 4319818.743, 93
Trd, 4319819.993, 73
Trd, 4319821.293, 101
Trd, 4319821.343, 100
Trd, 4319821.693, 102
Trd, 4319823.143, 130
Trd, 4319823.593, 114
Trd, 4319823.743, 98
Trd, 4319824.993, 139
Trd, 4319826.243, 71
Trd, 4319826.843, 71
Trd, 4319827.393, 71
Trd, 4319827.543, 99
Trd, 4319827.843, 109
Trd, 4319828.643, 67
Trd, 4319828.693, 125
Trd, 4319830.293, 69
Trd, 4319831.843, 89
Trd, 4319832.343, 110
Trd, 4319833.043, 65
Trd, 4319833.093, 68
Trd, 4319833.443, 132
Trd, 4319833.593, 63
Trd, 4319834.843, 99
Trd, 4319836.043, 119
Trd, 4319836.543, 99
Trd, 4319837.143, 97
Trd, 4319837.693, 104
Trd, 4319840.043, 139
Trd, 4319840.393, 88
Trd, 4319840.493, 106
Trd, 4319842.843, 131
Trd, 4319843.743, 115
Trd, 4319844.843, 110
Trd, 4319844.893, 100
Trd, 4319844.943, 99
Trd, 4319846.793, 98
Trd, 4319846.993, 80
Trd, 4319847.893, 104
Trd, 4319848.343, 138
Trd, 4319849.443, 115
Trd, 4319849.493, 103
Trd, 4319850.843, 122
Trd, 4319852.393, 135
Trd, 4319852.543, 134
Trd, 4319852.593, 101
Trd, 4319854.143, 138
Trd, 4319854.193, 129
Trd, 4319854.243, 124
Trd, 4319854.543, 124
Trd, 4319858.543, 121
Trd, 4319859.043, 135
Trd, 4319859.243, 131
Trd, 4319859.993, 129
Trd, 4319860.093, 127
Trd, 4319861.243, 117
Trd, 4319862.093, 136
Trd, 4319863.543, 128
Trd, 4319864.343, 130
Trd, 4319866.393, 126
Trd, 4319867.843, 125
Trd, 4319868.093, 108
Trd, 4319869.443, 128
Trd, 4319869.993, 122
Trd, 4319871.743, 120
Trd, 4319871.793, 120
Trd, 4319871.943, 117
Trd, 4319872.993, 110
Trd, 4319873.193, 108
Trd, 4319873.543, 85
Trd, 4319873.993, 102
Trd, 4319874.293, 63
Trd, 4319874.893, 65
Trd, 4319875.293, 65
Trd, 4319875.843, 103
Trd, 4319877.643, 124
Trd, 4319878.343, 111
Trd, 4319878.943, 140
Trd, 4319880.493, 131
Trd, 4319881.643, 139
Trd, 4319881.893, 127
Trd, 4319882.693, 98
Trd, 4319883.193, 128
Trd, 4319883.243, 103
Trd, 4319883.343, 110
Trd, 4319883.543, 124
Trd, 4319886.793, 129
Trd, 4319886.893, 125
Trd, 4319887.693, 80
Trd, 4319888.643, 86
Trd, 4319888.843, 83
Trd, 4319889.143, 126
Trd, 4319889.693, 108
Trd, 4319890.093, 65
Trd, 4319891.243, 106
Trd, 4319892.993, 92
Trd, 4319893.343, 99
Trd, 4319893.593, 91
Trd, 4319893.943, 89
Trd, 4319894.493, 139
Trd, 4319894.593, 122
Trd, 4319895.593, 136
Trd, 4319895.643, 128
Trd, 4319897.493, 92
Trd, 4319897.793, 111
Trd, 4319897.943, 131
Trd, 4319898.043, 100
Trd, 4319898.943, 118
Trd, 4319899.593, 101
Trd, 4319900.143, 97
Trd, 4319900.593, 85
Trd, 4319901.743, 63
Trd, 4319902.093, 120
Trd, 4319902.993, 120
Trd, 4319903.493, 114
Trd, 4319903.793, 127
Trd, 4319904.643, 104
Trd, 4319906.143, 133
Trd, 4319906.543, 79
Trd, 4319908.043, 76
Trd, 4319908.393, 73
Trd, 4319908.843, 111
Trd, 4319909.243, 102
Trd, 4319909.493, 90
Trd, 4319910.443, 135
Trd, 4319911.243, 132
Trd, 4319911.393, 128
Trd, 4319914.043, 132
Trd, 4319914.443, 124
Trd, 4319914.493, 93
Trd, 4319914.643, 79
Trd, 4319915.693, 111
Trd, 4319917.193, 140
Trd, 4319917.593, 132
Trd, 4319917.643, 128
Trd, 4319919.893, 135
Trd, 4319919.943, 131
Trd, 4319920.443, 90
Trd, 4319920.843, 89
Trd, 4319921.043, 85
Trd, 4319921.343, 98
Trd, 4319923.293, 135
Trd, 4319923.393, 123
Trd, 4319923.643, 92
Trd, 4319924.093, 85
Trd, 4319924.593, 79
Trd, 4319926.493, 62
Trd, 4319927.043, 61
Trd, 4319928.843, 66
Trd, 4319928.993, 85
Trd, 4319930.043, 66
Trd, 4319930.443, 86
Trd, 4319930.943, 84
Trd, 4319932.543, 113
Trd, 4319933.243, 109
Trd, 4319933.993, 101
Trd, 4319934.743, 137
Trd, 4319934.843, 136
Trd, 4319935.393, 120
Trd, 4319935.693, 108
Trd, 4319936.193, 97
Trd, 4319936.343, 91
Trd, 4319937.093, 105
Trd, 4319938.243, 108
Trd, 4319938.893, 140
Trd, 4319940.443, 133
Trd, 4319941.043, 136
Trd, 4319942.443, 113
Trd, 4319942.843, 139
Trd, 4319944.043, 137
Trd, 4319944.343, 115
Trd, 4319945.643, 123
Trd, 4319946.043, 124
Trd, 4319947.043, 102
Trd, 4319948.193, 131
Trd, 4319949.793, 117
Trd, 4319950.543, 116
Trd, 4319950.943, 127
Trd, 4319951.643, 133
Trd, 4319952.793, 123
Trd, 4319953.543, 60
Trd, 4319954.693, 61
Trd, 4319955.143, 117
Trd, 4319955.343, 78
Trd, 4319956.043, 80
Trd, 4319956.243, 123
Trd, 4319957.593, 123
Trd, 4319958.343, 136
Trd, 4319958.743, 124
Trd, 4319959.493, 132
Trd, 4319962.343, 138
Trd, 4319964.243, 127
Trd, 4319964.443, 124
Trd, 4319964.493, 124
Trd, 4319964.543, 135
Trd, 4319964.643, 123
Trd, 4319965.043, 116
Trd, 4319965.593, 78
Trd, 4319965.743, 112
Trd, 4319966.343, 115
Trd, 4319967.493, 108
Trd, 4319967.993, 84
Trd, 4319969.043, 93
Trd, 4319969.693, 78
Trd, 4319970.293, 92
Trd, 4319971.593, 104
Trd, 4319973.143, 126
Trd, 4319973.943, 130
Trd, 4319974.393, 126
Trd, 4319975.193, 128
Trd, 4319975.343, 95
Trd, 4319976.293, 103
Trd, 4319976.493, 98
Trd, 4319977.643, 140
Trd, 4319977.693, 87
Trd, 4319978.443, 61
Trd, 4319978.593, 65
Trd, 4319980.793, 133
Trd, 4319981.793, 97
Trd, 4319981.893, 75
Trd, 4319982.093, 69
Trd, 4319982.343, 66
Trd, 4319983.543, 127
Trd, 4319984.043, 128
Trd, 4319984.593, 133
Trd, 4319984.793, 138
Trd, 4319985.543, 133
Trd, 4319985.793, 88
Trd, 4319987.143, 120
Trd, 4319988.793, 117
Trd, 4319989.993, 84
Trd, 4319990.643, 71
Trd, 4319990.693, 86
Trd, 4319990.993, 122
Trd, 4319991.493, 106
Trd, 4319991.793, 140
Trd, 4319992.543, 105
Trd, 4319993.243, 125
Trd, 4319994.343, 104
Trd, 4319994.743, 121
Trd, 4319995.993, 104
Trd, 4319996.593, 91
Trd, 4319997.393, 122
Trd, 4319997.793, 112
Trd, 4319998.143, 139
Trd, 4319999.543, 103
