Trd, 4318155.093, 140
Trd, 4318156.443, 140
Trd, 4318157.043, 140
Trd, 4318157.493, 140
Trd, 4318158.343, 140
Trd, 4318159.143, 140
Trd, 4318159.893, 140
Trd, 4318160.293, 140
Trd, 4318160.543, 140
Trd, 4318163.093, 140
Trd, 4318163.293, 140
Trd, 4318163.343, 140
Trd, 4318164.443, 140
Trd, 4318164.543, 140
Trd, 4318164.643, 140
Trd, 4318164.743, 139
Trd, 4318165.493, 60
Trd, 4318165.593, 62
Trd, 4318166.693, 60
Trd, 4318167.343, 63
Trd, 4318167.943, 140
Trd, 4318168.693, 140
Trd, 4318169.043, 140
Trd, 4318170.293, 140
Trd, 4318170.843, 140
Trd, 4318170.993, 140
Trd, 4318172.793, 140
Trd, 4318173.343, 140
Trd, 4318173.743, 140
Trd, 4318174.643, 140
Trd, 4318174.993, 140
Trd, 4318175.243, 140
Trd, 4318175.593, 139
Trd, 4318175.993, 140
Trd, 4318177.893, 111
Trd, 4318178.293, 60
Trd, 4318179.343, 62
Trd, 4318179.693, 63
Trd, 4318180.043, 66
Trd, 4318180.343, 62
Trd, 4318180.393, 61
Trd, 4318181.043, 127
Trd, 4318181.443, 95
Trd, 4318182.193, 140
Trd, 4318183.643, 61
Trd, 4318184.043, 93
Trd, 4318185.243, 63
Trd, 4318186.293, 60
Trd, 4318186.793, 61
Trd, 4318187.193, 60
Trd, 4318188.643, 64
Trd, 4318189.693, 64
Trd, 4318190.993, 62
Trd, 4318191.993, 60
Trd, 4318192.593, 60
Trd, 4318193.143, 65
Trd, 4318193.643, 75
Trd, 4318194.243, 61
Trd, 4318195.293, 62
Trd, 4318195.393, 64
Trd, 4318195.743, 139
Trd, 4318197.293, 60
Trd, 4318197.593, 65
Trd, 4318198.443, 140
Trd, 4318199.093, 140
Trd, 4318199.593, 140
Trd, 4318200.143, 140
Trd, 4318200.693, 140
Trd, 4318202.343, 63
Trd, 4318202.993, 64
Trd, 4318203.193, 64
Trd, 4318203.793, 60
Trd, 4318204.393, 61
Trd, 4318204.443, 61
Trd, 4318205.743, 70
Trd, 4318207.043, 63
Trd, 4318207.143, 69
Trd, 4318208.493, 62
Trd, 4318209.393, 61
Trd, 4318209.743, 63
Trd, 4318210.043, 63
Trd, 4318211.893, 140
Trd, 4318211.943, 140
Trd, 4318212.543, 140
Trd, 4318212.943, 140
Trd, 4318214.393, 140
Trd, 4318214.643, 140
Trd, 4318215.743, 137
Trd, 4318216.493, 140
Trd, 4318216.693, 140
Trd, 4318217.693, 67
Trd, 4318217.843, 76
Trd, 4318218.743, 140
Trd, 4318219.543, 140
Trd, 4318220.043, 140
Trd, 4318221.343, 140
Trd, 4318221.593, 140
Trd, 4318221.643, 140
Trd, 4318221.693, 140
Trd, 4318222.743, 85
Trd, 4318223.893, 105
Trd, 4318224.643, 138
Trd, 4318224.943, 138
Trd, 4318225.243, 138
Trd, 4318225.793, 140
Trd, 4318226.193, 140
Trd, 4318226.243, 139
Trd, 4318227.143, 140
Trd, 4318227.543, 140
Trd, 4318228.593, 140
Trd, 4318228.693, 139
Trd, 4318230.543, 140
Trd, 4318230.843, 140
Trd, 4318231.293, 140
Trd, 4318231.893, 138
Trd, 4318232.093, 137
Trd, 4318232.643, 140
Trd, 4318233.843, 140
Trd, 4318234.543, 140
Trd, 4318234.643, 140
Trd, 4318234.993, 140
Trd, 4318235.393, 138
Trd, 4318237.093, 140
Trd, 4318237.493, 138
Trd, 4318237.593, 136
Trd, 4318238.293, 116
Trd, 4318238.943, 139
Trd, 4318239.093, 76
Trd, 4318239.443, 64
Trd, 4318240.343, 63
Trd, 4318241.193, 140
Trd, 4318242.143, 61
Trd, 4318242.843, 60
Trd, 4318243.343, 60
Trd, 4318245.343, 60
Trd, 4318246.093, 62
Trd, 4318248.943, 61
Trd, 4318249.493, 62
Trd, 4318250.543, 66
Trd, 4318251.193, 65
Trd, 4318251.593, 137
Trd, 4318252.393, 140
Trd, 4318252.743, 140
Trd, 4318252.793, 140
Trd, 4318253.993, 140
Trd, 4318254.143, 140
Trd, 4318254.743, 84
Trd, 4318254.993, 131
Trd, 4318255.743, 140
Trd, 4318255.993, 83
Trd, 4318258.793, 61
Trd, 4318259.893, 62
Trd, 4318260.593, 61
Trd, 4318260.843, 63
Trd, 4318261.993, 60
Trd, 4318262.143, 61
Trd, 4318262.743, 64
Trd, 4318263.543, 64
Trd, 4318264.193, 139
Trd, 4318264.693, 140
Trd, 4318265.443, 140
Trd, 4318265.543, 140
Trd, 4318265.643, 97
Trd, 4318266.743, 140
Trd, 4318266.793, 140
Trd, 4318267.293, 140
Trd, 4318268.243, 62
Trd, 4318268.743, 60
Trd, 4318269.193, 62
Trd, 4318269.293, 99
Trd, 4318271.393, 60
Trd, 4318272.393, 60
Trd, 4318272.543, 68
Trd, 4318273.293, 72
Trd, 4318274.443, 64
Trd, 4318274.693, 67
Trd, 4318276.393, 60
Trd, 4318277.043, 63
Trd, 4318277.293, 63
Trd, 4318278.843, 63
Trd, 4318279.593, 64
Trd, 4318281.243, 62
Trd, 4318281.343, 63
Trd, 4318281.793, 62
Trd, 4318282.743, 60
Trd, 4318283.093, 61
Trd, 4318283.393, 61
Trd, 4318284.443, 63
Trd, 4318284.593, 61
Trd, 4318284.693, 64
Trd, 4318285.243, 140
Trd, 4318286.993, 63
Trd, 4318288.243, 140
Trd, 4318288.343, 137
Trd, 4318289.893, 140
Trd, 4318290.843, 140
Trd, 4318291.493, 140
Trd, 4318292.193, 140
Trd, 4318292.993, 140
Trd, 4318293.543, 140
Trd, 4318293.593, 140
Trd, 4318293.843, 140
Trd, 4318294.093, 140
Trd, 4318294.193, 140
Trd, 4318295.993, 140
Trd, 4318297.143, 140
Trd, 4318297.193, 140
Trd, 4318297.693, 140
Trd, 4318298.643, 140
Trd, 4318299.043, 140
Trd, 4318299.393, 61
Trd, 4318301.043, 140
Trd, 4318301.343, 140
Trd, 4318301.743, 140
Trd, 4318303.193, 140
Trd, 4318303.843, 140
Trd, 4318303.943, 140
Trd, 4318304.293, 140
Trd, 4318305.843, 140
Trd, 4318305.943, 140
Trd, 4318307.093, 140
Trd, 4318307.493, 140
Trd, 4318308.193, 140
Trd, 4318309.593, 140
Trd, 4318309.643, 140
Trd, 4318310.443, 140
Trd, 4318310.493, 140
Trd, 4318311.293, 140
Trd, 4318311.743, 140
Trd, 4318312.143, 140
Trd, 4318313.593, 140
Trd, 4318313.643, 140
Trd, 4318314.143, 140
Trd, 4318314.193, 140
Trd, 4318315.993, 140
Trd, 4318316.693, 140
Trd, 4318316.793, 140
Trd, 4318317.543, 140
Trd, 4318318.043, 117
Trd, 4318318.543, 114
Trd, 4318319.993, 140
Trd, 4318320.393, 140
Trd, 4318320.543, 140
Trd, 4318321.193, 140
Trd, 4318321.493, 140
Trd, 4318321.943, 140
Trd, 4318323.393, 140
Trd, 4318323.443, 140
Trd, 4318323.943, 140
Trd, 4318324.793, 62
Trd, 4318326.743, 140
Trd, 4318326.993, 140
Trd, 4318327.543, 138
Trd, 4318327.593, 138
Trd, 4318328.043, 140
Trd, 4318328.393, 140
Trd, 4318328.943, 140
Trd, 4318330.143, 140
Trd, 4318331.093, 140
Trd, 4318331.793, 140
Trd, 4318332.643, 140
Trd, 4318332.693, 139
Trd, 4318333.643, 139
Trd, 4318334.243, 140
Trd, 4318335.543, 140
Trd, 4318337.843, 140
Trd, 4318338.043, 140
Trd, 4318338.093, 140
Trd, 4318338.593, 140
Trd, 4318338.993, 140
Trd, 4318339.593, 139
Trd, 4318339.943, 139
Trd, 4318341.293, 140
Trd, 4318341.843, 140
Trd, 4318342.443, 140
Trd, 4318342.493, 140
Trd, 4318343.293, 140
Trd, 4318344.043, 140
Trd, 4318345.043, 140
Trd, 4318345.393, 140
Trd, 4318345.543, 140
Trd, 4318345.793, 140
Trd, 4318346.543, 140
Trd, 4318346.893, 140
Trd, 4318346.943, 139
Trd, 4318347.693, 60
Trd, 4318348.793, 139
Trd, 4318349.243, 96
Trd, 4318350.793, 139
Trd, 4318351.543, 79
Trd, 4318352.193, 78
Trd, 4318353.143, 138
Trd, 4318353.693, 139
Trd, 4318354.793, 140
Trd, 4318354.993, 140
Trd, 4318356.093, 140
Trd, 4318356.243, 139
Trd, 4318357.293, 140
Trd, 4318358.093, 140
Trd, 4318358.143, 137
Trd, 4318358.343, 62
Trd, 4318359.943, 65
Trd, 4318360.693, 66
Trd, 4318361.543, 68
Trd, 4318361.643, 66
Trd, 4318361.943, 139
Trd, 4318362.743, 136
Trd, 4318362.793, 67
Trd, 4318363.593, 139
Trd, 4318364.393, 136
Trd, 4318364.693, 116
Trd, 4318365.393, 62
Trd, 4318366.543, 62
Trd, 4318367.543, 60
Trd, 4318368.743, 60
Trd, 4318369.293, 66
Trd, 4318369.393, 66
Trd, 4318370.793, 62
Trd, 4318371.543, 62
Trd, 4318372.243, 62
Trd, 4318372.993, 140
Trd, 4318373.343, 140
Trd, 4318373.393, 140
Trd, 4318373.693, 140
Trd, 4318374.493, 140
Trd, 4318375.143, 140
Trd, 4318376.393, 140
Trd, 4318376.943, 140
Trd, 4318377.043, 140
Trd, 4318378.093, 140
Trd, 4318378.593, 140
Trd, 4318378.943, 140
Trd, 4318379.693, 140
Trd, 4318379.993, 140
Trd, 4318380.393, 140
Trd, 4318380.493, 139
Trd, 4318381.993, 140
Trd, 4318382.243, 139
Trd, 4318384.593, 140
Trd, 4318384.693, 140
Trd, 4318384.843, 140
Trd, 4318385.643, 140
Trd, 4318385.793, 139
Trd, 4318385.993, 77
Trd, 4318386.443, 140
Trd, 4318387.793, 139
Trd, 4318388.043, 120
Trd, 4318389.693, 140
Trd, 4318390.093, 140
Trd, 4318390.343, 140
Trd, 4318390.493, 140
Trd, 4318391.193, 60
Trd, 4318392.643, 140
Trd, 4318393.243, 140
Trd, 4318394.143, 61
Trd, 4318394.243, 68
Trd, 4318394.493, 135
Trd, 4318395.343, 95
Trd, 4318395.443, 94
Trd, 4318396.193, 140
Trd, 4318397.643, 140
Trd, 4318398.393, 140
Trd, 4318398.643, 140
Trd, 4318399.293, 140
Trd, 4318399.793, 140
Trd, 4318399.843, 139
Trd, 4318400.543, 137
Trd, 4318402.793, 140
Trd, 4318402.893, 140
Trd, 4318403.043, 140
Trd, 4318403.193, 140
Trd, 4318403.593, 138
Trd, 4318404.593, 60
Trd, 4318404.693, 62
Trd, 4318405.443, 140
Trd, 4318406.043, 139
Trd, 4318407.393, 140
Trd, 4318407.493, 140
Trd, 4318407.893, 140
Trd, 4318408.343, 135
Trd, 4318409.843, 140
Trd, 4318410.593, 140
Trd, 4318410.643, 140
Trd, 4318411.843, 140
Trd, 4318412.493, 140
Trd, 4318413.043, 140
Trd, 4318413.743, 140
Trd, 4318414.343, 140
Trd, 4318414.593, 139
Trd, 4318415.693, 140
Trd, 4318416.543, 140
Trd, 4318416.693, 90
Trd, 4318418.243, 140
Trd, 4318419.443, 140
Trd, 4318419.843, 140
Trd, 4318420.143, 140
Trd, 4318420.543, 140
Trd, 4318420.893, 140
Trd, 4318421.643, 140
Trd, 4318422.643, 140
Trd, 4318422.743, 140
Trd, 4318423.193, 140
Trd, 4318424.543, 140
Trd, 4318424.643, 140
Trd, 4318425.293, 140
Trd, 4318426.893, 140
Trd, 4318426.943, 140
Trd, 4318427.093, 139
Trd, 4318429.293, 140
Trd, 4318430.343, 140
Trd, 4318430.893, 139
Trd, 4318431.093, 139
Trd, 4318431.993, 140
Trd, 4318432.793, 140
Trd, 4318433.243, 140
Trd, 4318434.193, 140
Trd, 4318434.493, 140
Trd, 4318435.043, 140
Trd, 4318437.043, 140
Trd, 4318437.743, 140
Trd, 4318438.193, 140
Trd, 4318438.843, 140
Trd, 4318439.343, 140
Trd, 4318439.493, 140
Trd, 4318440.643, 140
Trd, 4318441.693, 140
Trd, 4318443.343, 140
Trd, 4318444.093, 140
Trd, 4318445.193, 140
Trd, 4318445.693, 140
Trd, 4318445.743, 140
Trd, 4318446.143, 139
Trd, 4318446.293, 116
Trd, 4318446.793, 138
Trd, 4318447.843, 66
Trd, 4318449.743, 60
Trd, 4318449.793, 78
Trd, 4318450.093, 61
Trd, 4318450.993, 140
Trd, 4318451.093, 139
Trd, 4318451.643, 138
Trd, 4318452.543, 139
Trd, 4318453.843, 140
Trd, 4318454.093, 140
Trd, 4318454.893, 63
Trd, 4318457.493, 61
Trd, 4318457.643, 65
Trd, 4318457.693, 71
Trd, 4318458.043, 64
Trd, 4318458.793, 61
Trd, 4318459.643, 65
Trd, 4318460.393, 72
Trd, 4318460.793, 61
Trd, 4318461.143, 61
Trd, 4318462.093, 62
Trd, 4318463.343, 70
Trd, 4318463.693, 131
Trd, 4318464.243, 140
Trd, 4318464.543, 70
Trd, 4318464.893, 73
Trd, 4318465.393, 140
Trd, 4318465.693, 72
Trd, 4318467.943, 61
Trd, 4318468.643, 61
Trd, 4318468.843, 62
Trd, 4318469.043, 62
Trd, 4318469.243, 134
Trd, 4318470.893, 63
Trd, 4318471.293, 61
Trd, 4318471.993, 60
Trd, 4318473.693, 61
Trd, 4318474.443, 65
Trd, 4318475.243, 61
Trd, 4318476.643, 60
Trd, 4318477.143, 60
Trd, 4318478.143, 61
Trd, 4318479.043, 62
Trd, 4318479.093, 63
Trd, 4318479.393, 64
Trd, 4318479.843, 109
Trd, 4318480.793, 65
Trd, 4318481.093, 63
Trd, 4318481.493, 66
Trd, 4318482.093, 72
Trd, 4318484.493, 60
Trd, 4318484.743, 60
Trd, 4318486.043, 61
Trd, 4318486.293, 61
Trd, 4318488.193, 61
Trd, 4318488.443, 65
Trd, 4318488.543, 66
Trd, 4318490.193, 65
Trd, 4318491.293, 62
Trd, 4318491.393, 63
Trd, 4318492.243, 140
Trd, 4318492.743, 140
Trd, 4318492.893, 140
Trd, 4318493.693, 140
Trd, 4318493.893, 140
Trd, 4318493.943, 140
Trd, 4318494.193, 139
Trd, 4318495.493, 140
Trd, 4318497.243, 140
Trd, 4318497.293, 140
Trd, 4318497.743, 140
Trd, 4318498.893, 140
Trd, 4318499.393, 140
Trd, 4318501.043, 140
Trd, 4318501.393, 140
Trd, 4318501.893, 140
Trd, 4318502.193, 140
Trd, 4318502.543, 140
Trd, 4318503.543, 140
Trd, 4318504.943, 140
Trd, 4318505.193, 140
Trd, 4318505.343, 140
Trd, 4318505.393, 140
Trd, 4318505.793, 140
Trd, 4318506.893, 140
Trd, 4318507.043, 140
Trd, 4318507.643, 65
Trd, 4318510.293, 61
Trd, 4318511.243, 61
Trd, 4318511.543, 67
Trd, 4318511.943, 60
Trd, 4318513.043, 60
Trd, 4318514.493, 60
Trd, 4318514.893, 62
Trd, 4318515.843, 140
Trd, 4318515.943, 139
Trd, 4318516.043, 136
Trd, 4318516.743, 61
Trd, 4318517.843, 60
Trd, 4318519.343, 66
Trd, 4318519.943, 70
Trd, 4318520.643, 62
Trd, 4318520.993, 66
Trd, 4318521.293, 62
Trd, 4318522.393, 65
Trd, 4318523.493, 69
Trd, 4318523.793, 138
Trd, 4318523.993, 69
Trd, 4318524.543, 70
Trd, 4318524.993, 70
Trd, 4318525.943, 140
Trd, 4318527.243, 140
Trd, 4318527.643, 140
Trd, 4318529.993, 140
Trd, 4318530.143, 140
Trd, 4318530.393, 140
Trd, 4318531.343, 140
Trd, 4318531.793, 140
Trd, 4318531.843, 140
Trd, 4318532.943, 140
Trd, 4318533.593, 140
Trd, 4318534.593, 140
Trd, 4318535.443, 140
Trd, 4318535.693, 140
Trd, 4318536.243, 140
Trd, 4318536.693, 140
Trd, 4318536.793, 140
Trd, 4318536.843, 139
Trd, 4318538.243, 140
Trd, 4318538.443, 140
Trd, 4318540.493, 140
Trd, 4318540.693, 140
Trd, 4318541.893, 140
Trd, 4318542.193, 140
Trd, 4318542.243, 139
Trd, 4318542.993, 140
Trd, 4318543.893, 140
Trd, 4318544.493, 140
Trd, 4318544.793, 140
Trd, 4318546.193, 140
Trd, 4318546.393, 140
Trd, 4318546.993, 140
Trd, 4318547.293, 140
Trd, 4318547.443, 77
Trd, 4318547.993, 140
Trd, 4318548.193, 140
Trd, 4318549.093, 140
Trd, 4318549.293, 140
Trd, 4318550.393, 140
Trd, 4318551.643, 140
Trd, 4318552.293, 138
Trd, 4318552.543, 140
Trd, 4318552.643, 90
Trd, 4318553.893, 60
Trd, 4318555.093, 62
Trd, 4318555.743, 63
Trd, 4318556.043, 70
Trd, 4318556.593, 64
Trd, 4318557.593, 65
Trd, 4318558.043, 140
Trd, 4318558.343, 139
Trd, 4318559.293, 97
Trd, 4318559.693, 140
Trd, 4318559.943, 140
Trd, 4318560.093, 86
Trd, 4318561.093, 139
Trd, 4318561.143, 97
Trd, 4318561.643, 88
Trd, 4318562.393, 61
Trd, 4318563.993, 139
Trd, 4318565.143, 140
Trd, 4318565.993, 140
Trd, 4318566.393, 140
Trd, 4318566.693, 140
Trd, 4318566.943, 139
Trd, 4318567.243, 60
Trd, 4318567.993, 70
Trd, 4318568.293, 85
Trd, 4318569.943, 140
Trd, 4318570.193, 140
Trd, 4318570.493, 129
Trd, 4318570.843, 129
Trd, 4318571.143, 139
Trd, 4318571.493, 129
Trd, 4318572.643, 140
Trd, 4318573.243, 70
Trd, 4318573.393, 69
Trd, 4318573.743, 140
Trd, 4318576.093, 140
Trd, 4318576.393, 140
Trd, 4318576.943, 140
Trd, 4318577.093, 140
Trd, 4318577.543, 140
Trd, 4318577.943, 140
Trd, 4318578.543, 140
Trd, 4318579.093, 140
Trd, 4318580.243, 140
Trd, 4318580.593, 140
Trd, 4318581.043, 140
Trd, 4318581.893, 139
Trd, 4318581.943, 138
Trd, 4318582.593, 140
Trd, 4318583.243, 72
Trd, 4318584.143, 140
Trd, 4318585.593, 140
Trd, 4318585.943, 140
Trd, 4318586.243, 140
Trd, 4318586.393, 99
Trd, 4318587.343, 62
Trd, 4318587.643, 137
Trd, 4318588.143, 140
Trd, 4318588.993, 140
Trd, 4318589.493, 140
Trd, 4318590.843, 140
Trd, 4318591.643, 140
Trd, 4318592.743, 140
Trd, 4318592.893, 140
Trd, 4318593.043, 140
Trd, 4318593.193, 140
Trd, 4318593.943, 139
Trd, 4318596.793, 140
Trd, 4318596.843, 140
Trd, 4318596.893, 140
Trd, 4318597.643, 140
Trd, 4318598.093, 140
Trd, 4318598.193, 140
Trd, 4318598.443, 139
Trd, 4318599.143, 61
Trd, 4318599.343, 62
Trd, 4318600.993, 138
Trd, 4318601.843, 140
Trd, 4318602.493, 140
Trd, 4318603.093, 140
Trd, 4318603.243, 139
Trd, 4318603.743, 140
Trd, 4318603.993, 137
Trd, 4318604.993, 140
Trd, 4318606.293, 140
Trd, 4318606.693, 140
Trd, 4318606.993, 140
Trd, 4318607.443, 140
Trd, 4318607.593, 138
Trd, 4318608.043, 136
Trd, 4318608.443, 60
Trd, 4318609.293, 140
Trd, 4318609.343, 140
Trd, 4318609.843, 140
Trd, 4318611.343, 66
Trd, 4318611.443, 76
Trd, 4318612.593, 66
Trd, 4318614.393, 140
Trd, 4318614.493, 140
Trd, 4318615.493, 140
Trd, 4318616.043, 140
Trd, 4318616.143, 139
Trd, 4318616.593, 140
Trd, 4318617.443, 140
Trd, 4318618.393, 140
Trd, 4318618.793, 140
Trd, 4318619.093, 140
Trd, 4318619.543, 139
Trd, 4318620.293, 140
Trd, 4318622.793, 140
Trd, 4318622.943, 140
Trd, 4318622.993, 140
Trd, 4318623.943, 140
Trd, 4318624.193, 140
Trd, 4318625.243, 140
Trd, 4318625.893, 139
Trd, 4318626.393, 139
Trd, 4318628.643, 140
Trd, 4318629.243, 140
Trd, 4318630.293, 140
Trd, 4318630.743, 140
Trd, 4318631.093, 140
Trd, 4318631.643, 140
Trd, 4318632.293, 140
Trd, 4318632.743, 140
Trd, 4318633.043, 139
Trd, 4318633.293, 140
Trd, 4318633.643, 138
Trd, 4318635.043, 140
Trd, 4318635.993, 140
Trd, 4318637.543, 140
Trd, 4318637.593, 140
Trd, 4318638.043, 140
Trd, 4318638.493, 140
Trd, 4318639.493, 140
Trd, 4318639.693, 140
Trd, 4318640.093, 140
Trd, 4318641.843, 140
Trd, 4318642.393, 140
Trd, 4318642.993, 140
Trd, 4318643.443, 140
Trd, 4318643.893, 139
Trd, 4318644.193, 140
Trd, 4318644.693, 139
Trd, 4318645.243, 140
Trd, 4318646.843, 140
Trd, 4318646.893, 139
Trd, 4318647.243, 139
Trd, 4318647.593, 81
Trd, 4318648.343, 136
Trd, 4318648.993, 140
Trd, 4318649.743, 139
Trd, 4318650.943, 140
Trd, 4318651.193, 92
Trd, 4318651.993, 140
Trd, 4318652.243, 137
Trd, 4318652.843, 140
Trd, 4318653.993, 140
Trd, 4318654.093, 140
Trd, 4318655.093, 140
Trd, 4318655.893, 140
Trd, 4318656.943, 140
Trd, 4318657.093, 140
Trd, 4318657.993, 140
Trd, 4318658.293, 140
Trd, 4318658.493, 140
Trd, 4318659.343, 140
Trd, 4318659.593, 140
Trd, 4318660.593, 140
Trd, 4318661.043, 62
Trd, 4318662.793, 140
Trd, 4318662.893, 140
Trd, 4318662.943, 139
Trd, 4318663.693, 138
Trd, 4318664.343, 65
Trd, 4318664.543, 140
Trd, 4318666.293, 140
Trd, 4318667.593, 140
Trd, 4318668.093, 140
Trd, 4318668.793, 140
Trd, 4318669.043, 140
Trd, 4318669.193, 138
Trd, 4318669.393, 138
Trd, 4318670.043, 140
Trd, 4318670.543, 140
Trd, 4318670.643, 138
Trd, 4318671.643, 70
Trd, 4318672.943, 140
Trd, 4318673.493, 140
Trd, 4318673.593, 140
Trd, 4318674.143, 140
Trd, 4318674.693, 140
Trd, 4318675.493, 140
Trd, 4318675.843, 140
Trd, 4318676.393, 140
Trd, 4318677.493, 140
Trd, 4318677.943, 140
Trd, 4318679.643, 140
Trd, 4318680.093, 140
Trd, 4318680.593, 139
Trd, 4318680.793, 140
Trd, 4318680.893, 139
Trd, 4318681.293, 138
Trd, 4318681.543, 138
Trd, 4318681.743, 137
Trd, 4318682.843, 68
Trd, 4318683.643, 140
Trd, 4318684.193, 140
Trd, 4318684.443, 138
Trd, 4318685.643, 139
Trd, 4318686.693, 74
Trd, 4318687.293, 140
Trd, 4318687.543, 67
Trd, 4318689.743, 61
Trd, 4318690.193, 61
Trd, 4318690.443, 60
Trd, 4318691.093, 70
Trd, 4318692.093, 60
Trd, 4318693.793, 60
Trd, 4318694.293, 60
Trd, 4318694.843, 66
Trd, 4318694.943, 64
Trd, 4318695.993, 65
Trd, 4318696.243, 67
Trd, 4318696.793, 110
Trd, 4318697.543, 71
Trd, 4318698.543, 61
Trd, 4318698.893, 63
Trd, 4318699.443, 65
Trd, 4318701.143, 64
Trd, 4318702.793, 62
Trd, 4318703.143, 61
Trd, 4318703.893, 60
Trd, 4318703.993, 60
Trd, 4318705.693, 61
Trd, 4318706.743, 61
Trd, 4318706.843, 62
Trd, 4318707.893, 69
Trd, 4318708.493, 61
Trd, 4318710.343, 62
Trd, 4318710.493, 140
Trd, 4318711.443, 60
Trd, 4318711.693, 61
Trd, 4318711.943, 62
Trd, 4318712.543, 95
Trd, 4318713.593, 67
Trd, 4318713.793, 66
Trd, 4318715.293, 140
Trd, 4318715.843, 140
Trd, 4318716.043, 140
Trd, 4318716.543, 140
Trd, 4318716.643, 139
Trd, 4318717.093, 139
Trd, 4318718.743, 60
Trd, 4318718.793, 61
Trd, 4318719.693, 140
Trd, 4318720.993, 117
Trd, 4318722.193, 120
Trd, 4318722.943, 118
Trd, 4318723.643, 140
Trd, 4318724.343, 140
Trd, 4318724.593, 138
Trd, 4318724.843, 116
Trd, 4318724.893, 115
Trd, 4318726.193, 61
Trd, 4318726.993, 61
Trd, 4318727.543, 140
Trd, 4318728.143, 140
Trd, 4318728.893, 102
Trd, 4318729.293, 114
Trd, 4318729.643, 88
Trd, 4318730.043, 71
Trd, 4318730.743, 140
Trd, 4318730.843, 137
Trd, 4318731.943, 75
Trd, 4318732.493, 64
Trd, 4318733.393, 140
Trd, 4318733.893, 140
Trd, 4318734.893, 140
Trd, 4318735.093, 140
Trd, 4318736.143, 140
Trd, 4318736.993, 140
Trd, 4318737.943, 140
Trd, 4318739.593, 140
Trd, 4318739.743, 140
Trd, 4318739.793, 140
Trd, 4318739.993, 140
Trd, 4318740.043, 140
Trd, 4318740.793, 140
Trd, 4318741.343, 140
Trd, 4318742.243, 140
Trd, 4318742.593, 139
Trd, 4318743.343, 140
Trd, 4318743.843, 140
Trd, 4318744.193, 140
Trd, 4318744.643, 140
Trd, 4318745.943, 140
Trd, 4318746.293, 140
Trd, 4318747.143, 140
Trd, 4318748.393, 140
Trd, 4318748.443, 140
Trd, 4318749.543, 140
Trd, 4318750.243, 139
Trd, 4318751.893, 140
Trd, 4318752.643, 140
Trd, 4318752.893, 140
Trd, 4318753.693, 140
Trd, 4318753.793, 140
Trd, 4318754.343, 140
Trd, 4318755.043, 140
Trd, 4318756.593, 140
Trd, 4318757.243, 140
Trd, 4318757.943, 140
Trd, 4318758.343, 138
Trd, 4318759.193, 139
Trd, 4318759.943, 140
Trd, 4318760.243, 140
Trd, 4318761.043, 140
Trd, 4318761.493, 139
Trd, 4318761.643, 138
Trd, 4318763.293, 140
Trd, 4318763.343, 140
Trd, 4318763.993, 140
Trd, 4318764.593, 140
Trd, 4318765.943, 140
Trd, 4318766.443, 140
Trd, 4318766.743, 140
Trd, 4318766.943, 140
Trd, 4318767.843, 140
Trd, 4318768.243, 140
Trd, 4318768.893, 64
Trd, 4318770.243, 140
Trd, 4318770.493, 140
Trd, 4318772.343, 140
Trd, 4318772.443, 140
Trd, 4318772.543, 139
Trd, 4318772.743, 136
Trd, 4318773.293, 139
Trd, 4318773.393, 66
Trd, 4318774.243, 64
Trd, 4318775.093, 138
Trd, 4318776.643, 65
Trd, 4318776.893, 140
Trd, 4318777.043, 140
Trd, 4318777.243, 92
Trd, 4318777.293, 91
Trd, 4318778.393, 140
Trd, 4318779.093, 140
Trd, 4318779.593, 140
Trd, 4318780.743, 60
Trd, 4318781.443, 63
Trd, 4318781.543, 64
Trd, 4318781.593, 61
Trd, 4318783.393, 80
Trd, 4318784.693, 140
Trd, 4318785.143, 140
Trd, 4318785.643, 140
Trd, 4318786.193, 140
Trd, 4318786.343, 140
Trd, 4318787.593, 139
Trd, 4318788.793, 140
Trd, 4318788.893, 137
Trd, 4318789.293, 66
Trd, 4318789.893, 138
Trd, 4318790.343, 61
Trd, 4318790.943, 64
Trd, 4318791.943, 137
Trd, 4318792.793, 60
Trd, 4318793.843, 65
Trd, 4318793.943, 62
Trd, 4318794.793, 60
Trd, 4318795.043, 67
Trd, 4318795.893, 65
Trd, 4318798.493, 60
Trd, 4318799.393, 65
Trd, 4318800.093, 138
Trd, 4318800.293, 64
Trd, 4318800.593, 65
Trd, 4318800.743, 64
Trd, 4318802.093, 115
Trd, 4318803.393, 61
Trd, 4318803.543, 63
Trd, 4318806.093, 60
Trd, 4318806.293, 60
Trd, 4318806.443, 61
Trd, 4318808.493, 140
Trd, 4318808.643, 140
Trd, 4318808.893, 140
Trd, 4318808.993, 140
Trd, 4318809.243, 140
Trd, 4318810.143, 139
Trd, 4318810.593, 139
Trd, 4318811.243, 140
Trd, 4318813.043, 140
Trd, 4318813.343, 140
Trd, 4318813.893, 140
Trd, 4318814.593, 140
Trd, 4318815.193, 140
Trd, 4318815.943, 140
Trd, 4318816.043, 140
Trd, 4318817.543, 140
Trd, 4318818.293, 140
Trd, 4318818.493, 140
Trd, 4318819.193, 140
Trd, 4318819.743, 140
Trd, 4318820.093, 139
Trd, 4318820.543, 140
Trd, 4318821.193, 140
Trd, 4318821.343, 138
Trd, 4318823.043, 140
Trd, 4318824.043, 140
Trd, 4318825.893, 140
Trd, 4318826.243, 140
Trd, 4318826.343, 140
Trd, 4318826.443, 140
Trd, 4318827.243, 140
Trd, 4318828.693, 139
Trd, 4318828.893, 138
Trd, 4318829.443, 140
Trd, 4318829.843, 140
Trd, 4318829.893, 101
Trd, 4318830.493, 140
Trd, 4318832.493, 140
Trd, 4318832.593, 140
Trd, 4318833.193, 140
Trd, 4318833.393, 140
Trd, 4318834.243, 139
Trd, 4318834.643, 140
Trd, 4318834.743, 139
Trd, 4318836.143, 140
Trd, 4318836.793, 140
Trd, 4318836.943, 140
Trd, 4318839.093, 140
Trd, 4318839.243, 140
Trd, 4318839.343, 140
Trd, 4318839.543, 139
Trd, 4318839.693, 121
Trd, 4318841.443, 60
Trd, 4318842.193, 140
Trd, 4318842.543, 140
Trd, 4318843.243, 140
Trd, 4318844.743, 139
Trd, 4318844.993, 139
Trd, 4318846.293, 67
Trd, 4318847.193, 61
Trd, 4318847.293, 108
Trd, 4318847.893, 61
Trd, 4318848.493, 139
Trd, 4318849.043, 140
Trd, 4318850.743, 140
Trd, 4318850.893, 140
Trd, 4318851.493, 140
Trd, 4318852.243, 140
Trd, 4318852.393, 138
Trd, 4318853.493, 140
Trd, 4318853.643, 140
Trd, 4318854.543, 139
Trd, 4318855.093, 140
Trd, 4318855.593, 140
Trd, 4318855.793, 139
Trd, 4318856.893, 140
Trd, 4318857.193, 140
Trd, 4318858.643, 139
Trd, 4318859.393, 140
Trd, 4318859.443, 140
Trd, 4318860.843, 140
Trd, 4318860.943, 140
Trd, 4318862.493, 140
Trd, 4318862.543, 140
Trd, 4318863.293, 140
Trd, 4318864.143, 140
Trd, 4318864.743, 140
Trd, 4318864.793, 140
Trd, 4318865.593, 140
Trd, 4318867.043, 140
Trd, 4318867.293, 140
Trd, 4318868.293, 140
Trd, 4318868.343, 139
Trd, 4318869.443, 140
Trd, 4318870.393, 140
Trd, 4318870.493, 140
Trd, 4318870.793, 140
Trd, 4318871.793, 60
Trd, 4318872.343, 60
Trd, 4318872.643, 66
Trd, 4318873.393, 64
Trd, 4318873.893, 60
Trd, 4318875.593, 140
Trd, 4318876.693, 140
Trd, 4318876.943, 140
Trd, 4318876.993, 140
Trd, 4318877.393, 140
Trd, 4318877.643, 139
Trd, 4318877.993, 140
Trd, 4318878.393, 137
Trd, 4318880.143, 140
Trd, 4318880.793, 110
Trd, 4318881.193, 135
Trd, 4318881.293, 110
Trd, 4318881.743, 86
Trd, 4318883.143, 71
Trd, 4318885.043, 140
Trd, 4318885.193, 140
Trd, 4318885.393, 140
Trd, 4318887.093, 140
Trd, 4318887.643, 140
Trd, 4318888.343, 140
Trd, 4318888.493, 140
Trd, 4318889.693, 140
Trd, 4318890.393, 140
Trd, 4318890.493, 140
Trd, 4318890.543, 140
Trd, 4318892.093, 140
Trd, 4318892.343, 140
Trd, 4318893.093, 140
Trd, 4318893.343, 140
Trd, 4318893.443, 139
Trd, 4318894.843, 60
Trd, 4318894.943, 91
Trd, 4318895.693, 74
Trd, 4318896.643, 114
Trd, 4318896.943, 73
Trd, 4318897.093, 131
Trd, 4318897.243, 66
Trd, 4318898.143, 64
Trd, 4318900.843, 61
Trd, 4318902.243, 61
Trd, 4318902.893, 60
Trd, 4318903.993, 60
Trd, 4318904.143, 64
Trd, 4318904.293, 66
Trd, 4318906.093, 60
Trd, 4318906.543, 79
Trd, 4318907.993, 140
Trd, 4318908.143, 140
Trd, 4318908.343, 140
Trd, 4318908.843, 140
Trd, 4318909.143, 140
Trd, 4318909.293, 140
Trd, 4318909.693, 140
Trd, 4318910.793, 140
Trd, 4318910.943, 139
Trd, 4318911.893, 140
Trd, 4318912.693, 140
Trd, 4318913.443, 140
Trd, 4318913.893, 140
Trd, 4318914.293, 138
Trd, 4318915.693, 140
Trd, 4318915.893, 140
Trd, 4318915.943, 82
Trd, 4318916.843, 140
Trd, 4318917.093, 140
Trd, 4318917.643, 140
Trd, 4318919.293, 139
Trd, 4318919.593, 140
Trd, 4318920.343, 140
Trd, 4318922.193, 140
Trd, 4318922.943, 140
Trd, 4318923.243, 140
Trd, 4318923.643, 140
Trd, 4318923.693, 139
Trd, 4318924.443, 140
Trd, 4318924.943, 140
Trd, 4318925.443, 140
Trd, 4318927.043, 140
Trd, 4318927.293, 140
Trd, 4318927.393, 140
Trd, 4318927.793, 140
Trd, 4318928.293, 140
Trd, 4318928.393, 139
Trd, 4318929.593, 140
Trd, 4318930.193, 140
Trd, 4318932.443, 140
Trd, 4318932.643, 140
Trd, 4318932.893, 140
Trd, 4318933.693, 140
Trd, 4318934.143, 140
Trd, 4318934.393, 140
Trd, 4318934.593, 140
Trd, 4318935.343, 140
Trd, 4318935.993, 140
Trd, 4318936.143, 140
Trd, 4318937.143, 139
Trd, 4318938.143, 140
Trd, 4318938.693, 104
Trd, 4318939.293, 140
Trd, 4318940.093, 140
Trd, 4318940.443, 140
Trd, 4318940.493, 140
Trd, 4318940.693, 74
Trd, 4318942.243, 140
Trd, 4318942.993, 140
Trd, 4318943.543, 140
Trd, 4318943.793, 140
Trd, 4318944.043, 140
Trd, 4318944.743, 140
Trd, 4318945.293, 139
Trd, 4318945.893, 139
Trd, 4318946.493, 140
Trd, 4318947.193, 107
Trd, 4318947.393, 106
Trd, 4318949.043, 140
Trd, 4318949.143, 140
Trd, 4318950.743, 140
Trd, 4318951.043, 140
Trd, 4318951.343, 140
Trd, 4318951.793, 139
Trd, 4318951.943, 133
Trd, 4318953.443, 65
Trd, 4318953.643, 139
Trd, 4318954.743, 140
Trd, 4318955.593, 73
Trd, 4318956.093, 74
Trd, 4318956.543, 73
Trd, 4318958.293, 140
Trd, 4318958.343, 140
Trd, 4318958.393, 140
Trd, 4318958.443, 94
Trd, 4318959.293, 99
Trd, 4318959.643, 140
Trd, 4318961.593, 140
Trd, 4318961.743, 139
Trd, 4318962.793, 140
Trd, 4318963.593, 140
Trd, 4318964.093, 140
Trd, 4318964.243, 140
Trd, 4318964.743, 140
Trd, 4318965.243, 140
Trd, 4318965.393, 137
Trd, 4318966.143, 140
Trd, 4318966.843, 140
Trd, 4318967.243, 138
Trd, 4318967.293, 137
Trd, 4318967.593, 71
Trd, 4318969.193, 140
Trd, 4318969.543, 138
Trd, 4318969.793, 135
Trd, 4318971.193, 140
Trd, 4318971.393, 140
Trd, 4318971.643, 140
Trd, 4318972.693, 140
Trd, 4318973.493, 140
Trd, 4318974.893, 139
Trd, 4318974.943, 139
Trd, 4318975.993, 140
Trd, 4318976.293, 140
Trd, 4318977.193, 138
Trd, 4318977.893, 79
Trd, 4318977.993, 71
Trd, 4318978.393, 136
Trd, 4318979.343, 74
Trd, 4318979.393, 73
Trd, 4318979.943, 139
Trd, 4318981.193, 140
Trd, 4318982.093, 136
Trd, 4318982.343, 136
Trd, 4318982.593, 139
Trd, 4318983.443, 140
Trd, 4318984.193, 140
Trd, 4318985.393, 140
Trd, 4318985.443, 140
Trd, 4318986.843, 140
Trd, 4318987.893, 140
Trd, 4318987.943, 139
Trd, 4318988.193, 140
Trd, 4318989.193, 140
Trd, 4318990.193, 140
Trd, 4318991.293, 140
Trd, 4318991.443, 140
Trd, 4318991.493, 138
Trd, 4318992.343, 140
Trd, 4318992.443, 140
Trd, 4318993.143, 140
Trd, 4318993.493, 140
Trd, 4318993.793, 140
Trd, 4318994.643, 139
Trd, 4318995.143, 139
Trd, 4318995.743, 98
Trd, 4318996.193, 63
Trd, 4318996.593, 139
Trd, 4318996.843, 138
Trd, 4318997.343, 118
Trd, 4318997.843, 117
Trd, 4318998.393, 139
Trd, 4318999.593, 96
Trd, 4319000.393, 97
Trd, 4319000.493, 96
Trd, 4319001.343, 60
Trd, 4319001.693, 62
Trd, 4319001.843, 99
Trd, 4319003.593, 63
Trd, 4319004.043, 140
Trd, 4319005.493, 140
Trd, 4319006.543, 124
Trd, 4319006.793, 140
Trd, 4319007.093, 124
Trd, 4319008.193, 139
Trd, 4319008.543, 135
Trd, 4319009.993, 140
Trd, 4319010.743, 140
Trd, 4319012.143, 140
Trd, 4319012.343, 140
Trd, 4319012.443, 140
Trd, 4319013.293, 140
Trd, 4319013.393, 140
Trd, 4319015.143, 140
Trd, 4319015.393, 139
Trd, 4319015.693, 139
Trd, 4319016.143, 138
Trd, 4319016.393, 65
Trd, 4319017.643, 60
Trd, 4319018.343, 61
Trd, 4319018.593, 62
Trd, 4319019.193, 67
Trd, 4319020.393, 61
Trd, 4319023.143, 61
Trd, 4319024.143, 60
Trd, 4319025.143, 60
Trd, 4319025.843, 61
Trd, 4319027.793, 62
Trd, 4319028.593, 60
Trd, 4319028.893, 61
Trd, 4319029.343, 62
Trd, 4319029.643, 62
Trd, 4319029.743, 64
Trd, 4319029.893, 66
Trd, 4319034.193, 62
Trd, 4319034.243, 63
Trd, 4319034.343, 60
Trd, 4319035.443, 64
Trd, 4319036.393, 63
Trd, 4319036.593, 62
Trd, 4319037.193, 63
Trd, 4319038.643, 61
Trd, 4319038.743, 87
Trd, 4319039.943, 61
Trd, 4319040.393, 62
Trd, 4319040.493, 69
Trd, 4319040.943, 70
Trd, 4319042.343, 65
Trd, 4319043.293, 68
Trd, 4319043.343, 72
Trd, 4319044.343, 140
Trd, 4319045.393, 138
Trd, 4319046.193, 140
Trd, 4319046.343, 138
Trd, 4319046.393, 138
Trd, 4319046.943, 96
Trd, 4319047.443, 95
Trd, 4319047.943, 60
Trd, 4319049.443, 60
Trd, 4319049.693, 66
Trd, 4319051.143, 60
Trd, 4319051.843, 60
Trd, 4319051.993, 62
Trd, 4319052.843, 140
Trd, 4319053.393, 140
Trd, 4319054.693, 140
Trd, 4319055.143, 140
Trd, 4319055.493, 140
Trd, 4319055.693, 140
Trd, 4319056.243, 140
Trd, 4319057.043, 140
Trd, 4319057.393, 140
Trd, 4319057.693, 140
Trd, 4319058.843, 140
Trd, 4319059.443, 140
Trd, 4319059.743, 140
Trd, 4319059.843, 102
Trd, 4319060.093, 139
Trd, 4319061.393, 140
Trd, 4319061.543, 70
Trd, 4319062.643, 109
Trd, 4319065.043, 140
Trd, 4319065.443, 140
Trd, 4319065.643, 140
Trd, 4319065.743, 140
Trd, 4319065.843, 140
Trd, 4319066.643, 139
Trd, 4319066.843, 138
Trd, 4319067.193, 81
Trd, 4319068.493, 61
Trd, 4319068.743, 65
Trd, 4319068.793, 66
Trd, 4319070.543, 64
Trd, 4319071.793, 140
Trd, 4319072.093, 139
Trd, 4319072.543, 139
Trd, 4319072.793, 140
Trd, 4319074.193, 140
Trd, 4319075.243, 140
Trd, 4319075.593, 139
Trd, 4319075.643, 139
Trd, 4319076.743, 96
Trd, 4319077.393, 109
Trd, 4319078.793, 61
Trd, 4319078.943, 63
Trd, 4319079.143, 63
Trd, 4319079.943, 64
Trd, 4319080.243, 61
Trd, 4319080.693, 60
Trd, 4319080.743, 64
Trd, 4319081.693, 60
Trd, 4319082.243, 132
Trd, 4319083.143, 139
Trd, 4319084.243, 62
Trd, 4319086.243, 60
Trd, 4319086.593, 60
Trd, 4319086.693, 62
Trd, 4319088.743, 60
Trd, 4319089.293, 61
Trd, 4319089.543, 63
Trd, 4319090.293, 140
Trd, 4319090.943, 140
Trd, 4319091.043, 140
Trd, 4319092.043, 140
Trd, 4319092.193, 140
Trd, 4319093.093, 140
Trd, 4319093.243, 140
Trd, 4319094.043, 140
Trd, 4319094.193, 140
Trd, 4319095.443, 140
Trd, 4319095.493, 140
Trd, 4319096.893, 140
Trd, 4319097.643, 140
Trd, 4319098.343, 140
Trd, 4319098.593, 139
Trd, 4319099.843, 139
Trd, 4319100.093, 140
Trd, 4319100.143, 138
Trd, 4319101.443, 140
Trd, 4319102.843, 140
Trd, 4319103.493, 140
Trd, 4319104.193, 140
Trd, 4319104.393, 140
Trd, 4319104.793, 136
Trd, 4319106.443, 139
Trd, 4319106.843, 140
Trd, 4319107.743, 140
Trd, 4319108.143, 140
Trd, 4319108.293, 140
Trd, 4319109.193, 140
Trd, 4319109.393, 140
Trd, 4319109.643, 140
Trd, 4319109.843, 140
Trd, 4319111.043, 140
Trd, 4319111.993, 140
Trd, 4319113.293, 140
Trd, 4319113.693, 140
Trd, 4319113.793, 140
Trd, 4319115.443, 140
Trd, 4319116.293, 140
Trd, 4319116.393, 140
Trd, 4319117.593, 140
Trd, 4319117.643, 140
Trd, 4319118.343, 140
Trd, 4319118.843, 139
Trd, 4319118.943, 138
Trd, 4319119.143, 103
Trd, 4319120.243, 140
Trd, 4319120.393, 140
Trd, 4319120.843, 139
Trd, 4319120.993, 140
Trd, 4319122.693, 60
Trd, 4319123.593, 61
Trd, 4319124.493, 63
Trd, 4319126.093, 140
Trd, 4319126.143, 140
Trd, 4319126.293, 113
Trd, 4319126.593, 138
Trd, 4319126.893, 116
Trd, 4319128.543, 140
Trd, 4319129.293, 140
Trd, 4319129.643, 140
Trd, 4319129.943, 140
Trd, 4319130.143, 140
Trd, 4319132.843, 140
Trd, 4319132.993, 140
Trd, 4319133.043, 140
Trd, 4319133.393, 140
Trd, 4319134.043, 140
Trd, 4319134.493, 140
Trd, 4319135.143, 140
Trd, 4319135.393, 139
Trd, 4319135.693, 138
Trd, 4319135.843, 99
Trd, 4319136.443, 139
Trd, 4319137.743, 61
Trd, 4319138.043, 64
Trd, 4319139.043, 64
Trd, 4319139.593, 61
Trd, 4319139.743, 67
Trd, 4319140.693, 61
Trd, 4319141.093, 63
Trd, 4319142.193, 60
Trd, 4319142.843, 134
Trd, 4319143.493, 138
Trd, 4319143.643, 140
Trd, 4319144.043, 140
Trd, 4319145.743, 140
Trd, 4319146.193, 140
Trd, 4319146.443, 136
Trd, 4319146.543, 130
Trd, 4319147.743, 138
Trd, 4319148.343, 139
Trd, 4319148.643, 138
Trd, 4319149.743, 60
Trd, 4319150.643, 81
Trd, 4319151.243, 140
Trd, 4319151.843, 140
Trd, 4319152.893, 140
Trd, 4319153.543, 140
Trd, 4319154.543, 140
Trd, 4319154.993, 140
Trd, 4319155.593, 140
Trd, 4319155.643, 139
Trd, 4319156.743, 72
Trd, 4319158.093, 140
Trd, 4319158.893, 140
Trd, 4319159.243, 140
Trd, 4319159.343, 140
Trd, 4319160.343, 140
Trd, 4319160.693, 140
Trd, 4319161.393, 140
Trd, 4319162.343, 140
Trd, 4319162.543, 140
Trd, 4319163.693, 140
Trd, 4319163.993, 140
Trd, 4319164.293, 140
Trd, 4319166.143, 140
Trd, 4319167.243, 140
Trd, 4319168.043, 140
Trd, 4319168.143, 140
Trd, 4319168.243, 140
Trd, 4319168.493, 138
Trd, 4319170.393, 140
Trd, 4319170.493, 139
Trd, 4319171.193, 70
Trd, 4319171.493, 61
Trd, 4319172.243, 140
Trd, 4319172.943, 140
Trd, 4319173.293, 140
Trd, 4319173.543, 140
Trd, 4319173.643, 140
Trd, 4319175.143, 140
Trd, 4319175.493, 140
Trd, 4319176.043, 139
Trd, 4319176.243, 138
Trd, 4319178.343, 140
Trd, 4319179.693, 60
Trd, 4319180.043, 62
Trd, 4319182.143, 60
Trd, 4319182.743, 61
Trd, 4319182.793, 62
Trd, 4319182.843, 113
Trd, 4319183.493, 104
Trd, 4319184.293, 140
Trd, 4319184.343, 136
Trd, 4319184.543, 123
Trd, 4319184.943, 138
Trd, 4319185.643, 140
Trd, 4319185.993, 126
Trd, 4319188.193, 140
Trd, 4319188.543, 140
Trd, 4319188.643, 140
Trd, 4319188.943, 139
Trd, 4319189.993, 140
Trd, 4319190.093, 139
Trd, 4319190.443, 61
Trd, 4319190.693, 140
Trd, 4319191.743, 61
Trd, 4319192.493, 140
Trd, 4319192.793, 140
Trd, 4319192.943, 140
Trd, 4319193.393, 60
Trd, 4319193.693, 138
Trd, 4319194.593, 138
Trd, 4319197.293, 63
Trd, 4319197.793, 62
Trd, 4319198.743, 61
Trd, 4319199.893, 65
Trd, 4319200.393, 66
Trd, 4319200.593, 70
Trd, 4319200.943, 64
Trd, 4319201.343, 61
Trd, 4319201.993, 90
Trd, 4319202.393, 61
Trd, 4319203.143, 64
Trd, 4319203.593, 65
Trd, 4319204.143, 65
Trd, 4319204.693, 140
Trd, 4319205.243, 140
Trd, 4319205.693, 140
Trd, 4319206.293, 140
Trd, 4319206.693, 140
Trd, 4319206.943, 140
Trd, 4319207.293, 140
Trd, 4319207.543, 140
Trd, 4319209.393, 140
Trd, 4319209.843, 138
Trd, 4319210.343, 138
Trd, 4319212.043, 60
Trd, 4319212.393, 64
Trd, 4319212.943, 60
Trd, 4319213.593, 61
Trd, 4319213.893, 139
Trd, 4319215.443, 140
Trd, 4319216.243, 66
Trd, 4319216.293, 64
Trd, 4319218.593, 140
Trd, 4319218.793, 140
Trd, 4319218.843, 132
Trd, 4319219.243, 66
Trd, 4319220.443, 140
Trd, 4319220.943, 140
Trd, 4319220.993, 140
Trd, 4319221.343, 140
Trd, 4319222.493, 140
Trd, 4319222.893, 140
Trd, 4319223.543, 140
Trd, 4319223.893, 140
Trd, 4319224.343, 140
Trd, 4319225.093, 140
Trd, 4319225.493, 63
Trd, 4319227.093, 63
Trd, 4319227.843, 70
Trd, 4319228.043, 113
Trd, 4319229.243, 63
Trd, 4319229.743, 60
Trd, 4319230.243, 60
Trd, 4319231.293, 65
Trd, 4319231.493, 71
Trd, 4319231.893, 66
Trd, 4319232.043, 66
Trd, 4319232.493, 65
Trd, 4319233.593, 140
Trd, 4319234.743, 140
Trd, 4319234.843, 139
Trd, 4319234.993, 138
Trd, 4319236.193, 140
Trd, 4319236.343, 140
Trd, 4319236.793, 139
Trd, 4319237.993, 76
Trd, 4319238.193, 67
Trd, 4319238.643, 70
Trd, 4319239.593, 140
Trd, 4319240.293, 140
Trd, 4319240.593, 139
Trd, 4319241.543, 140
Trd, 4319242.793, 140
Trd, 4319242.843, 140
Trd, 4319243.343, 139
Trd, 4319243.943, 140
Trd, 4319245.793, 140
Trd, 4319246.443, 140
Trd, 4319247.143, 140
Trd, 4319247.293, 140
Trd, 4319248.243, 140
Trd, 4319248.743, 140
Trd, 4319248.793, 139
Trd, 4319250.693, 140
Trd, 4319251.093, 140
Trd, 4319251.243, 140
Trd, 4319251.893, 140
Trd, 4319252.193, 140
Trd, 4319252.993, 140
Trd, 4319253.043, 140
Trd, 4319253.993, 140
Trd, 4319255.143, 140
Trd, 4319255.893, 140
Trd, 4319256.143, 140
Trd, 4319256.893, 140
Trd, 4319257.643, 140
Trd, 4319257.943, 140
Trd, 4319258.693, 140
Trd, 4319258.743, 140
Trd, 4319259.693, 140
Trd, 4319259.743, 138
Trd, 4319260.843, 60
Trd, 4319261.343, 135
Trd, 4319261.843, 60
Trd, 4319262.593, 140
Trd, 4319262.643, 139
Trd, 4319263.543, 63
Trd, 4319264.893, 140
Trd, 4319265.143, 140
Trd, 4319265.493, 140
Trd, 4319266.993, 139
Trd, 4319267.343, 140
Trd, 4319267.393, 138
Trd, 4319268.243, 68
Trd, 4319269.743, 60
Trd, 4319270.093, 64
Trd, 4319270.493, 60
Trd, 4319271.943, 65
Trd, 4319273.043, 60
Trd, 4319273.143, 61
Trd, 4319273.593, 60
Trd, 4319274.843, 140
Trd, 4319274.943, 126
Trd, 4319275.093, 63
Trd, 4319275.343, 61
Trd, 4319275.993, 73
Trd, 4319276.443, 64
Trd, 4319278.143, 140
Trd, 4319278.693, 140
Trd, 4319279.243, 140
Trd, 4319279.293, 139
Trd, 4319280.343, 139
Trd, 4319281.493, 138
Trd, 4319281.693, 108
Trd, 4319282.393, 140
Trd, 4319282.493, 140
Trd, 4319282.743, 139
Trd, 4319282.893, 137
Trd, 4319283.593, 140
Trd, 4319284.043, 138
Trd, 4319284.243, 66
Trd, 4319285.193, 140
Trd, 4319285.593, 140
Trd, 4319286.193, 139
Trd, 4319287.043, 140
Trd, 4319287.343, 140
Trd, 4319289.043, 140
Trd, 4319289.943, 140
Trd, 4319289.993, 140
Trd, 4319290.243, 140
Trd, 4319291.143, 140
Trd, 4319291.893, 140
Trd, 4319291.993, 138
Trd, 4319293.243, 140
Trd, 4319293.543, 140
Trd, 4319294.093, 140
Trd, 4319294.743, 140
Trd, 4319294.943, 140
Trd, 4319295.943, 140
Trd, 4319296.243, 139
Trd, 4319298.393, 140
Trd, 4319299.293, 140
Trd, 4319299.393, 140
Trd, 4319299.543, 139
Trd, 4319300.743, 65
Trd, 4319301.643, 60
Trd, 4319303.193, 60
Trd, 4319303.543, 60
Trd, 4319304.193, 65
Trd, 4319305.143, 60
Trd, 4319305.193, 66
Trd, 4319305.893, 60
Trd, 4319306.843, 70
Trd, 4319307.393, 115
Trd, 4319307.793, 75
Trd, 4319307.943, 74
Trd, 4319308.193, 74
Trd, 4319309.843, 63
Trd, 4319311.043, 60
Trd, 4319311.193, 60
Trd, 4319311.543, 60
Trd, 4319311.743, 139
Trd, 4319312.493, 140
Trd, 4319314.493, 140
Trd, 4319314.743, 140
Trd, 4319315.093, 140
Trd, 4319315.193, 135
Trd, 4319316.893, 140
Trd, 4319317.943, 62
Trd, 4319318.293, 63
Trd, 4319318.793, 138
Trd, 4319320.443, 75
Trd, 4319321.243, 139
Trd, 4319321.993, 138
Trd, 4319322.193, 121
Trd, 4319322.743, 139
Trd, 4319323.293, 139
Trd, 4319323.393, 138
Trd, 4319323.843, 73
Trd, 4319324.393, 84
Trd, 4319324.843, 140
Trd, 4319325.693, 140
Trd, 4319326.143, 140
Trd, 4319326.193, 136
Trd, 4319326.693, 65
Trd, 4319327.943, 60
Trd, 4319329.643, 60
Trd, 4319329.993, 63
Trd, 4319330.443, 140
Trd, 4319330.893, 140
Trd, 4319332.093, 140
Trd, 4319332.293, 140
Trd, 4319333.093, 140
Trd, 4319334.393, 140
Trd, 4319335.493, 140
Trd, 4319335.743, 140
Trd, 4319336.193, 140
Trd, 4319336.393, 140
Trd, 4319336.543, 139
Trd, 4319337.543, 140
Trd, 4319338.043, 140
Trd, 4319338.343, 140
Trd, 4319338.993, 140
Trd, 4319340.193, 140
Trd, 4319340.443, 125
Trd, 4319340.793, 62
Trd, 4319341.893, 62
Trd, 4319342.793, 140
Trd, 4319342.843, 140
Trd, 4319343.043, 140
Trd, 4319343.143, 140
Trd, 4319344.293, 140
Trd, 4319344.843, 140
Trd, 4319345.893, 140
Trd, 4319346.543, 139
Trd, 4319347.643, 140
Trd, 4319348.393, 140
Trd, 4319348.543, 140
Trd, 4319349.243, 140
Trd, 4319350.343, 140
Trd, 4319351.093, 140
Trd, 4319351.343, 140
Trd, 4319352.043, 140
Trd, 4319352.343, 140
Trd, 4319353.093, 140
Trd, 4319353.243, 140
Trd, 4319354.743, 140
Trd, 4319354.793, 140
Trd, 4319355.093, 140
Trd, 4319355.793, 140
Trd, 4319356.693, 140
Trd, 4319357.793, 140
Trd, 4319358.793, 140
Trd, 4319358.843, 140
Trd, 4319358.893, 136
Trd, 4319359.243, 133
Trd, 4319359.693, 113
Trd, 4319360.443, 113
Trd, 4319361.343, 113
Trd, 4319362.743, 61
Trd, 4319363.143, 99
Trd, 4319363.343, 140
Trd, 4319363.593, 65
Trd, 4319365.343, 60
Trd, 4319366.543, 61
Trd, 4319366.793, 63
Trd, 4319367.793, 65
Trd, 4319368.443, 78
Trd, 4319369.343, 63
Trd, 4319370.493, 60
Trd, 4319370.793, 60
Trd, 4319371.393, 140
Trd, 4319371.593, 140
Trd, 4319372.193, 140
Trd, 4319372.493, 139
Trd, 4319374.143, 60
Trd, 4319374.243, 68
Trd, 4319374.593, 64
Trd, 4319375.793, 140
Trd, 4319375.943, 137
Trd, 4319377.193, 61
Trd, 4319378.693, 60
Trd, 4319379.343, 60
Trd, 4319379.993, 60
Trd, 4319382.843, 60
Trd, 4319382.893, 63
Trd, 4319383.843, 60
Trd, 4319384.493, 61
Trd, 4319385.243, 60
Trd, 4319385.693, 61
Trd, 4319386.093, 61
Trd, 4319386.643, 60
Trd, 4319386.943, 63
Trd, 4319388.693, 61
Trd, 4319389.043, 63
Trd, 4319389.143, 135
Trd, 4319390.143, 123
Trd, 4319390.243, 122
Trd, 4319390.943, 140
Trd, 4319391.693, 138
Trd, 4319392.043, 139
Trd, 4319392.393, 139
Trd, 4319392.543, 94
Trd, 4319393.393, 136
Trd, 4319395.343, 140
Trd, 4319396.343, 140
Trd, 4319396.993, 140
Trd, 4319397.393, 140
Trd, 4319398.193, 140
Trd, 4319399.193, 140
Trd, 4319399.793, 140
Trd, 4319400.143, 140
Trd, 4319400.693, 140
Trd, 4319400.793, 140
Trd, 4319401.393, 140
Trd, 4319401.843, 139
Trd, 4319402.543, 64
Trd, 4319403.193, 140
Trd, 4319405.693, 140
Trd, 4319406.193, 140
Trd, 4319407.193, 140
Trd, 4319408.843, 140
Trd, 4319409.743, 140
Trd, 4319409.843, 140
Trd, 4319410.093, 140
Trd, 4319410.343, 140
Trd, 4319411.043, 140
Trd, 4319411.743, 140
Trd, 4319412.193, 140
Trd, 4319413.343, 140
Trd, 4319413.693, 140
Trd, 4319414.143, 140
Trd, 4319414.443, 139
Trd, 4319415.093, 97
Trd, 4319416.193, 140
Trd, 4319416.593, 140
Trd, 4319417.643, 140
Trd, 4319417.793, 140
Trd, 4319418.243, 140
Trd, 4319418.793, 140
Trd, 4319419.643, 140
Trd, 4319420.043, 140
Trd, 4319420.493, 140
Trd, 4319421.693, 63
Trd, 4319423.193, 60
Trd, 4319424.843, 62
Trd, 4319424.943, 76
Trd, 4319425.493, 140
Trd, 4319425.593, 137
Trd, 4319426.443, 140
Trd, 4319426.543, 140
Trd, 4319426.693, 139
Trd, 4319427.643, 138
Trd, 4319427.793, 140
Trd, 4319428.543, 115
Trd, 4319430.693, 121
Trd, 4319430.993, 140
Trd, 4319431.693, 140
Trd, 4319431.843, 100
Trd, 4319434.243, 60
Trd, 4319434.343, 63
Trd, 4319435.443, 61
Trd, 4319436.043, 132
Trd, 4319436.493, 61
Trd, 4319436.943, 62
Trd, 4319437.343, 63
Trd, 4319438.443, 64
Trd, 4319438.693, 109
Trd, 4319438.893, 64
Trd, 4319440.393, 140
Trd, 4319440.843, 67
Trd, 4319442.043, 140
Trd, 4319442.443, 140
Trd, 4319442.943, 140
Trd, 4319443.543, 140
Trd, 4319444.543, 140
Trd, 4319444.693, 139
Trd, 4319445.293, 139
Trd, 4319445.643, 140
Trd, 4319446.693, 140
Trd, 4319446.793, 102
Trd, 4319447.443, 139
Trd, 4319448.593, 63
Trd, 4319448.993, 140
Trd, 4319449.393, 65
Trd, 4319450.343, 66
Trd, 4319451.393, 73
Trd, 4319451.643, 68
Trd, 4319452.443, 140
Trd, 4319453.043, 140
Trd, 4319453.143, 140
Trd, 4319454.143, 139
Trd, 4319455.193, 140
Trd, 4319455.543, 140
Trd, 4319455.743, 140
Trd, 4319455.993, 140
Trd, 4319457.693, 60
Trd, 4319458.093, 60
Trd, 4319458.143, 107
Trd, 4319459.543, 64
Trd, 4319460.293, 140
Trd, 4319461.193, 140
Trd, 4319462.043, 140
Trd, 4319462.093, 138
Trd, 4319462.743, 82
Trd, 4319463.493, 69
Trd, 4319464.343, 140
Trd, 4319464.393, 139
Trd, 4319465.793, 140
Trd, 4319466.293, 139
Trd, 4319467.343, 140
Trd, 4319467.993, 140
Trd, 4319468.093, 139
Trd, 4319469.143, 139
Trd, 4319469.393, 101
Trd, 4319470.243, 140
Trd, 4319470.343, 138
Trd, 4319470.893, 139
Trd, 4319471.093, 99
Trd, 4319472.493, 86
Trd, 4319473.193, 140
Trd, 4319473.343, 139
Trd, 4319475.843, 139
Trd, 4319476.093, 139
Trd, 4319476.443, 140
Trd, 4319476.843, 140
Trd, 4319477.043, 140
Trd, 4319478.943, 140
Trd, 4319479.443, 140
Trd, 4319479.643, 107
Trd, 4319479.993, 96
Trd, 4319480.093, 95
Trd, 4319480.943, 64
Trd, 4319481.193, 140
Trd, 4319481.393, 60
Trd, 4319482.143, 140
Trd, 4319482.843, 140
Trd, 4319483.643, 140
Trd, 4319484.343, 140
Trd, 4319485.743, 140
Trd, 4319486.493, 140
Trd, 4319486.943, 140
Trd, 4319487.993, 140
Trd, 4319488.193, 140
Trd, 4319489.093, 140
Trd, 4319489.293, 140
Trd, 4319489.543, 140
Trd, 4319490.443, 140
Trd, 4319491.493, 140
Trd, 4319491.893, 139
Trd, 4319492.943, 139
Trd, 4319493.893, 140
Trd, 4319494.193, 138
Trd, 4319495.043, 140
Trd, 4319496.143, 140
Trd, 4319496.743, 105
Trd, 4319497.343, 60
Trd, 4319497.843, 140
Trd, 4319498.143, 85
Trd, 4319499.543, 60
Trd, 4319500.743, 63
Trd, 4319501.393, 62
Trd, 4319501.493, 64
Trd, 4319501.843, 65
Trd, 4319502.993, 140
Trd, 4319504.093, 140
Trd, 4319504.943, 140
Trd, 4319505.243, 140
Trd, 4319505.493, 140
Trd, 4319505.993, 140
Trd, 4319506.643, 140
Trd, 4319506.843, 140
Trd, 4319507.393, 140
Trd, 4319507.493, 140
Trd, 4319508.593, 140
Trd, 4319509.043, 140
Trd, 4319509.493, 139
Trd, 4319509.993, 140
Trd, 4319510.393, 140
Trd, 4319510.493, 131
Trd, 4319512.143, 66
Trd, 4319514.093, 65
Trd, 4319514.843, 60
Trd, 4319516.143, 60
Trd, 4319517.643, 61
Trd, 4319517.693, 63
Trd, 4319517.893, 69
Trd, 4319519.143, 61
Trd, 4319520.293, 60
Trd, 4319520.743, 61
Trd, 4319521.093, 62
Trd, 4319521.993, 61
Trd, 4319522.393, 62
Trd, 4319522.543, 65
Trd, 4319523.193, 140
Trd, 4319523.893, 134
Trd, 4319524.343, 68
Trd, 4319524.443, 65
Trd, 4319526.743, 64
Trd, 4319528.043, 60
Trd, 4319529.743, 61
Trd, 4319530.093, 63
Trd, 4319530.593, 61
Trd, 4319531.243, 64
Trd, 4319531.693, 60
Trd, 4319533.593, 60
Trd, 4319535.543, 60
Trd, 4319535.893, 63
Trd, 4319536.843, 62
Trd, 4319537.193, 63
Trd, 4319538.093, 66
Trd, 4319538.143, 65
Trd, 4319538.843, 62
Trd, 4319538.893, 75
Trd, 4319539.343, 118
Trd, 4319540.043, 140
Trd, 4319540.543, 140
Trd, 4319541.343, 140
Trd, 4319541.643, 139
Trd, 4319542.143, 140
Trd, 4319542.393, 138
Trd, 4319543.343, 62
Trd, 4319544.343, 60
Trd, 4319545.693, 62
Trd, 4319546.843, 63
Trd, 4319546.993, 65
Trd, 4319548.493, 62
Trd, 4319549.943, 62
Trd, 4319550.593, 65
Trd, 4319551.243, 60
Trd, 4319551.393, 66
Trd, 4319552.043, 140
Trd, 4319552.093, 140
Trd, 4319552.893, 140
Trd, 4319553.393, 140
Trd, 4319554.343, 140
Trd, 4319554.943, 140
Trd, 4319554.993, 140
Trd, 4319555.993, 140
Trd, 4319556.793, 139
Trd, 4319557.993, 102
Trd, 4319558.093, 139
Trd, 4319558.193, 99
Trd, 4319558.293, 99
Trd, 4319559.193, 114
Trd, 4319560.293, 61
Trd, 4319560.593, 138
Trd, 4319560.793, 64
Trd, 4319561.593, 60
Trd, 4319564.943, 60
Trd, 4319565.343, 63
Trd, 4319565.993, 65
Trd, 4319566.293, 65
Trd, 4319567.193, 60
Trd, 4319568.093, 61
Trd, 4319569.643, 61
Trd, 4319569.893, 60
Trd, 4319569.993, 68
Trd, 4319570.243, 83
Trd, 4319571.193, 66
Trd, 4319571.593, 68
Trd, 4319572.193, 138
Trd, 4319572.393, 65
Trd, 4319573.243, 140
Trd, 4319574.293, 140
Trd, 4319574.993, 140
Trd, 4319575.043, 140
Trd, 4319575.743, 140
Trd, 4319576.293, 140
Trd, 4319576.593, 140
Trd, 4319577.943, 140
Trd, 4319578.343, 140
Trd, 4319578.543, 140
Trd, 4319579.593, 140
Trd, 4319580.293, 140
Trd, 4319580.693, 140
Trd, 4319581.593, 113
Trd, 4319582.343, 140
Trd, 4319582.793, 140
Trd, 4319583.943, 140
Trd, 4319584.193, 140
Trd, 4319585.793, 140
Trd, 4319586.193, 140
Trd, 4319586.243, 140
Trd, 4319587.393, 140
Trd, 4319588.143, 140
Trd, 4319589.493, 140
Trd, 4319589.843, 140
Trd, 4319591.193, 140
Trd, 4319592.243, 140
Trd, 4319592.343, 140
Trd, 4319592.493, 140
Trd, 4319593.143, 140
Trd, 4319593.893, 140
Trd, 4319594.093, 140
Trd, 4319594.493, 140
Trd, 4319594.743, 140
Trd, 4319595.243, 139
Trd, 4319595.593, 139
Trd, 4319596.893, 140
Trd, 4319597.543, 140
Trd, 4319598.293, 140
Trd, 4319598.843, 139
Trd, 4319599.393, 140
Trd, 4319600.243, 140
Trd, 4319601.393, 139
Trd, 4319601.493, 66
Trd, 4319602.393, 139
Trd, 4319602.743, 66
Trd, 4319603.393, 139
Trd, 4319603.743, 72
Trd, 4319605.293, 140
Trd, 4319605.493, 138
Trd, 4319606.593, 140
Trd, 4319606.843, 140
Trd, 4319607.393, 140
Trd, 4319608.243, 140
Trd, 4319608.493, 140
Trd, 4319608.543, 140
Trd, 4319609.393, 140
Trd, 4319609.743, 105
Trd, 4319610.143, 138
Trd, 4319610.393, 86
Trd, 4319610.993, 139
Trd, 4319611.743, 139
Trd, 4319612.293, 140
Trd, 4319612.643, 138
Trd, 4319613.143, 139
Trd, 4319614.393, 60
Trd, 4319615.693, 140
Trd, 4319615.743, 140
Trd, 4319617.143, 63
Trd, 4319618.043, 60
Trd, 4319618.143, 61
Trd, 4319618.993, 60
Trd, 4319620.043, 130
Trd, 4319621.243, 137
Trd, 4319621.393, 61
Trd, 4319622.243, 63
Trd, 4319623.043, 60
Trd, 4319623.393, 61
Trd, 4319623.643, 60
Trd, 4319623.693, 83
Trd, 4319625.093, 140
Trd, 4319625.393, 139
Trd, 4319627.143, 139
Trd, 4319627.693, 140
Trd, 4319628.843, 60
Trd, 4319629.743, 68
Trd, 4319630.643, 60
Trd, 4319630.993, 135
Trd, 4319631.993, 62
Trd, 4319632.393, 63
Trd, 4319633.593, 140
Trd, 4319633.993, 140
Trd, 4319634.043, 140
Trd, 4319635.043, 140
Trd, 4319635.193, 139
Trd, 4319635.693, 138
Trd, 4319636.993, 140
Trd, 4319637.193, 140
Trd, 4319637.243, 140
Trd, 4319637.893, 137
Trd, 4319638.043, 136
Trd, 4319639.193, 61
Trd, 4319639.893, 66
Trd, 4319640.643, 140
Trd, 4319642.243, 140
Trd, 4319642.293, 139
Trd, 4319642.393, 140
Trd, 4319643.093, 140
Trd, 4319643.493, 140
Trd, 4319644.543, 140
Trd, 4319645.593, 140
Trd, 4319645.843, 140
Trd, 4319646.943, 140
Trd, 4319647.043, 139
Trd, 4319647.593, 140
Trd, 4319647.793, 140
Trd, 4319647.843, 138
Trd, 4319647.893, 109
Trd, 4319649.643, 140
Trd, 4319649.743, 140
Trd, 4319650.843, 140
Trd, 4319651.793, 140
Trd, 4319651.843, 140
Trd, 4319652.293, 138
Trd, 4319652.393, 108
Trd, 4319652.943, 60
Trd, 4319654.443, 140
Trd, 4319656.043, 74
Trd, 4319656.293, 140
Trd, 4319656.793, 140
Trd, 4319656.993, 117
Trd, 4319657.343, 140
Trd, 4319658.843, 63
Trd, 4319660.493, 61
Trd, 4319661.143, 60
Trd, 4319661.893, 62
Trd, 4319662.293, 62
Trd, 4319662.343, 64
Trd, 4319664.293, 61
Trd, 4319664.893, 64
Trd, 4319665.393, 67
Trd, 4319665.543, 67
Trd, 4319665.693, 66
Trd, 4319666.493, 140
Trd, 4319666.643, 140
Trd, 4319667.343, 140
Trd, 4319667.843, 140
Trd, 4319668.243, 139
Trd, 4319668.743, 137
Trd, 4319669.593, 138
Trd, 4319669.893, 138
Trd, 4319671.843, 140
Trd, 4319673.093, 140
Trd, 4319673.193, 140
Trd, 4319673.493, 140
Trd, 4319674.143, 140
Trd, 4319674.493, 140
Trd, 4319675.043, 140
Trd, 4319676.193, 140
Trd, 4319676.293, 140
Trd, 4319677.093, 140
Trd, 4319677.343, 140
Trd, 4319678.593, 133
Trd, 4319679.343, 140
Trd, 4319679.493, 140
Trd, 4319679.693, 139
Trd, 4319680.793, 140
Trd, 4319681.393, 140
Trd, 4319683.343, 140
Trd, 4319683.393, 140
Trd, 4319683.693, 140
Trd, 4319683.943, 140
Trd, 4319684.293, 139
Trd, 4319685.793, 140
Trd, 4319686.793, 140
Trd, 4319687.893, 140
Trd, 4319687.993, 140
Trd, 4319688.593, 140
Trd, 4319688.893, 140
Trd, 4319689.693, 140
Trd, 4319690.443, 140
Trd, 4319690.743, 140
Trd, 4319691.293, 139
Trd, 4319691.643, 139
Trd, 4319692.343, 140
Trd, 4319692.493, 140
Trd, 4319694.093, 140
Trd, 4319694.143, 140
Trd, 4319694.693, 140
Trd, 4319695.693, 140
Trd, 4319695.943, 137
Trd, 4319696.193, 92
Trd, 4319696.943, 64
Trd, 4319697.693, 60
Trd, 4319699.443, 139
Trd, 4319699.943, 140
Trd, 4319701.043, 140
Trd, 4319701.543, 73
Trd, 4319701.843, 73
Trd, 4319702.743, 140
Trd, 4319704.343, 140
Trd, 4319704.843, 140
Trd, 4319704.943, 140
Trd, 4319705.443, 140
Trd, 4319705.493, 140
Trd, 4319705.843, 139
Trd, 4319706.793, 132
Trd, 4319706.893, 116
Trd, 4319708.993, 140
Trd, 4319709.393, 140
Trd, 4319709.793, 140
Trd, 4319710.243, 140
Trd, 4319710.993, 140
Trd, 4319712.143, 140
Trd, 4319712.743, 140
Trd, 4319713.293, 140
Trd, 4319713.993, 140
Trd, 4319714.043, 140
Trd, 4319714.393, 140
Trd, 4319715.543, 140
Trd, 4319716.993, 140
Trd, 4319717.393, 140
Trd, 4319718.193, 140
Trd, 4319718.343, 140
Trd, 4319718.493, 140
Trd, 4319719.793, 140
Trd, 4319719.943, 140
Trd, 4319721.143, 140
Trd, 4319721.393, 140
Trd, 4319721.793, 140
Trd, 4319722.593, 65
Trd, 4319724.693, 140
Trd, 4319725.043, 140
Trd, 4319725.093, 140
Trd, 4319725.143, 140
Trd, 4319725.943, 140
Trd, 4319726.543, 137
Trd, 4319727.743, 140
Trd, 4319728.343, 140
Trd, 4319728.643, 107
Trd, 4319728.743, 62
Trd, 4319728.943, 60
Trd, 4319729.493, 139
Trd, 4319730.593, 140
Trd, 4319730.743, 140
Trd, 4319731.743, 140
Trd, 4319732.343, 140
Trd, 4319734.043, 140
Trd, 4319734.393, 140
Trd, 4319735.393, 140
Trd, 4319735.443, 140
Trd, 4319736.293, 140
Trd, 4319736.793, 140
Trd, 4319738.193, 140
Trd, 4319738.293, 140
Trd, 4319738.793, 139
Trd, 4319739.743, 140
Trd, 4319740.743, 140
Trd, 4319740.793, 140
Trd, 4319740.943, 140
Trd, 4319741.193, 138
Trd, 4319742.593, 140
Trd, 4319743.093, 140
Trd, 4319743.393, 140
Trd, 4319744.193, 63
Trd, 4319745.593, 60
Trd, 4319745.943, 60
Trd, 4319746.593, 139
Trd, 4319746.643, 63
Trd, 4319748.593, 140
Trd, 4319748.643, 136
Trd, 4319749.843, 61
Trd, 4319749.993, 139
Trd, 4319750.493, 140
Trd, 4319751.093, 71
Trd, 4319751.293, 64
Trd, 4319752.143, 65
Trd, 4319752.493, 140
Trd, 4319753.643, 140
Trd, 4319754.443, 140
Trd, 4319755.793, 140
Trd, 4319755.893, 140
Trd, 4319756.043, 140
Trd, 4319756.543, 140
Trd, 4319757.443, 140
Trd, 4319757.493, 139
Trd, 4319758.143, 60
Trd, 4319758.843, 70
Trd, 4319759.243, 63
Trd, 4319759.943, 140
Trd, 4319760.893, 140
Trd, 4319761.493, 140
Trd, 4319762.243, 140
Trd, 4319762.443, 138
Trd, 4319763.543, 77
Trd, 4319764.493, 115
Trd, 4319764.993, 109
Trd, 4319765.293, 106
Trd, 4319765.693, 140
Trd, 4319766.393, 140
Trd, 4319767.993, 140
Trd, 4319768.843, 140
Trd, 4319769.343, 140
Trd, 4319770.043, 140
Trd, 4319770.843, 140
Trd, 4319771.293, 140
Trd, 4319771.893, 140
Trd, 4319771.993, 140
Trd, 4319772.743, 140
Trd, 4319773.743, 139
Trd, 4319774.143, 140
Trd, 4319775.743, 140
Trd, 4319775.893, 140
Trd, 4319775.993, 140
Trd, 4319776.093, 140
Trd, 4319777.643, 140
Trd, 4319778.893, 140
Trd, 4319779.643, 140
Trd, 4319779.843, 140
Trd, 4319780.943, 140
Trd, 4319781.143, 140
Trd, 4319781.893, 140
Trd, 4319782.293, 140
Trd, 4319782.393, 138
Trd, 4319782.593, 138
Trd, 4319782.643, 108
Trd, 4319783.743, 140
Trd, 4319784.793, 140
Trd, 4319785.393, 140
Trd, 4319786.643, 140
Trd, 4319787.043, 140
Trd, 4319787.443, 140
Trd, 4319788.143, 140
Trd, 4319788.193, 140
Trd, 4319789.293, 139
Trd, 4319790.043, 140
Trd, 4319790.643, 137
Trd, 4319791.443, 138
Trd, 4319791.793, 139
Trd, 4319792.743, 140
Trd, 4319792.993, 137
Trd, 4319793.193, 136
Trd, 4319794.193, 140
Trd, 4319794.643, 140
Trd, 4319795.543, 140
Trd, 4319796.443, 140
Trd, 4319797.343, 140
Trd, 4319798.543, 140
Trd, 4319798.643, 139
Trd, 4319798.843, 140
Trd, 4319799.543, 76
Trd, 4319800.643, 140
Trd, 4319800.943, 140
Trd, 4319801.543, 140
Trd, 4319802.343, 140
Trd, 4319802.693, 140
Trd, 4319802.743, 140
Trd, 4319804.293, 136
Trd, 4319804.543, 140
Trd, 4319804.993, 139
Trd, 4319805.143, 62
Trd, 4319806.843, 62
Trd, 4319809.143, 70
Trd, 4319809.293, 71
Trd, 4319809.443, 120
Trd, 4319810.143, 61
Trd, 4319811.143, 61
Trd, 4319811.743, 63
Trd, 4319812.593, 61
Trd, 4319813.393, 66
Trd, 4319814.743, 62
Trd, 4319815.293, 66
Trd, 4319815.743, 67
Trd, 4319815.993, 74
Trd, 4319816.443, 65
Trd, 4319816.543, 60
Trd, 4319817.293, 140
Trd, 4319817.943, 76
Trd, 4319818.643, 140
Trd, 4319818.893, 140
Trd, 4319820.093, 140
Trd, 4319820.143, 140
Trd, 4319820.193, 140
Trd, 4319821.293, 72
Trd, 4319821.843, 140
Trd, 4319822.143, 65
Trd, 4319822.443, 76
Trd, 4319822.543, 63
Trd, 4319823.743, 90
Trd, 4319824.493, 139
Trd, 4319827.043, 60
Trd, 4319827.093, 62
Trd, 4319828.193, 60
Trd, 4319830.993, 60
Trd, 4319831.293, 60
Trd, 4319831.393, 63
Trd, 4319831.543, 64
Trd, 4319831.893, 61
Trd, 4319831.993, 82
Trd, 4319832.193, 140
Trd, 4319834.243, 62
Trd, 4319836.293, 60
Trd, 4319837.093, 61
Trd, 4319837.393, 60
Trd, 4319837.693, 67
Trd, 4319838.643, 61
Trd, 4319838.693, 71
Trd, 4319840.143, 71
Trd, 4319840.293, 70
Trd, 4319840.693, 72
Trd, 4319840.993, 70
Trd, 4319841.093, 65
Trd, 4319842.143, 80
Trd, 4319842.493, 66
Trd, 4319844.293, 140
Trd, 4319844.843, 140
Trd, 4319845.593, 140
Trd, 4319846.343, 140
Trd, 4319847.043, 140
Trd, 4319847.143, 140
Trd, 4319847.843, 140
Trd, 4319849.743, 140
Trd, 4319849.943, 140
Trd, 4319850.893, 140
Trd, 4319851.043, 140
Trd, 4319851.093, 140
Trd, 4319851.743, 139
Trd, 4319853.093, 140
Trd, 4319854.043, 140
Trd, 4319854.943, 140
Trd, 4319855.143, 140
Trd, 4319855.443, 140
Trd, 4319857.093, 140
Trd, 4319857.393, 140
Trd, 4319857.793, 140
Trd, 4319858.943, 140
Trd, 4319858.993, 140
Trd, 4319859.393, 140
Trd, 4319859.543, 139
Trd, 4319860.593, 140
Trd, 4319860.993, 65
Trd, 4319862.093, 140
Trd, 4319864.193, 136
Trd, 4319864.243, 88
Trd, 4319864.943, 67
Trd, 4319865.043, 70
Trd, 4319865.393, 67
Trd, 4319866.943, 60
Trd, 4319867.693, 61
Trd, 4319868.043, 65
Trd, 4319869.393, 66
Trd, 4319870.343, 140
Trd, 4319870.443, 140
Trd, 4319870.643, 62
Trd, 4319870.943, 89
Trd, 4319871.943, 140
Trd, 4319872.543, 140
Trd, 4319873.093, 140
Trd, 4319873.393, 140
Trd, 4319873.443, 140
Trd, 4319873.943, 61
Trd, 4319874.443, 139
Trd, 4319876.943, 62
Trd, 4319877.393, 70
Trd, 4319877.643, 75
Trd, 4319877.943, 139
Trd, 4319879.743, 61
Trd, 4319881.893, 61
Trd, 4319882.193, 61
Trd, 4319883.393, 62
Trd, 4319883.493, 66
Trd, 4319884.543, 64
Trd, 4319884.743, 60
Trd, 4319884.993, 75
Trd, 4319885.093, 98
Trd, 4319885.193, 62
Trd, 4319887.093, 64
Trd, 4319887.193, 63
Trd, 4319888.043, 82
Trd, 4319888.793, 70
Trd, 4319889.443, 69
Trd, 4319889.793, 140
Trd, 4319890.493, 140
Trd, 4319890.893, 140
Trd, 4319891.743, 140
Trd, 4319892.443, 139
Trd, 4319893.693, 137
Trd, 4319894.043, 108
Trd, 4319894.543, 122
Trd, 4319895.193, 68
Trd, 4319895.743, 110
Trd, 4319896.043, 60
Trd, 4319896.993, 140
Trd, 4319898.193, 140
Trd, 4319898.593, 140
Trd, 4319899.243, 140
Trd, 4319899.343, 140
Trd, 4319899.543, 140
Trd, 4319900.893, 140
Trd, 4319901.343, 140
Trd, 4319902.593, 140
Trd, 4319903.743, 140
Trd, 4319904.243, 140
Trd, 4319904.293, 140
Trd, 4319904.343, 69
Trd, 4319904.643, 140
Trd, 4319906.593, 85
Trd, 4319907.493, 61
Trd, 4319907.893, 61
Trd, 4319908.643, 60
Trd, 4319909.293, 60
Trd, 4319909.443, 62
Trd, 4319911.543, 61
Trd, 4319912.993, 60
Trd, 4319913.443, 60
Trd, 4319914.393, 61
Trd, 4319914.793, 60
Trd, 4319915.943, 61
Trd, 4319916.593, 61
Trd, 4319916.793, 63
Trd, 4319917.093, 65
Trd, 4319917.243, 140
Trd, 4319917.393, 62
Trd, 4319918.593, 140
Trd, 4319919.243, 140
Trd, 4319919.693, 140
Trd, 4319920.643, 140
Trd, 4319921.193, 140
Trd, 4319921.393, 140
Trd, 4319921.843, 140
Trd, 4319921.893, 140
Trd, 4319922.093, 139
Trd, 4319923.793, 140
Trd, 4319924.593, 139
Trd, 4319924.793, 140
Trd, 4319924.943, 110
Trd, 4319926.043, 63
Trd, 4319927.693, 63
Trd, 4319928.643, 72
Trd, 4319928.843, 84
Trd, 4319930.243, 140
Trd, 4319930.393, 139
Trd, 4319930.743, 80
Trd, 4319930.793, 79
Trd, 4319931.093, 63
Trd, 4319931.693, 140
Trd, 4319932.843, 140
Trd, 4319934.993, 62
Trd, 4319935.043, 72
Trd, 4319936.643, 61
Trd, 4319936.843, 67
Trd, 4319937.593, 117
Trd, 4319938.293, 67
Trd, 4319939.293, 62
Trd, 4319939.543, 62
Trd, 4319941.143, 65
Trd, 4319941.243, 64
Trd, 4319941.443, 67
Trd, 4319941.893, 138
Trd, 4319942.043, 64
Trd, 4319942.393, 67
Trd, 4319944.693, 67
Trd, 4319945.493, 65
Trd, 4319946.193, 64
Trd, 4319946.393, 131
Trd, 4319946.593, 61
Trd, 4319946.693, 63
Trd, 4319947.393, 140
Trd, 4319948.243, 140
Trd, 4319948.343, 140
Trd, 4319949.943, 66
Trd, 4319950.693, 140
Trd, 4319951.593, 69
Trd, 4319951.793, 64
Trd, 4319953.243, 62
Trd, 4319953.993, 140
Trd, 4319954.143, 140
Trd, 4319954.193, 139
Trd, 4319955.193, 66
Trd, 4319955.293, 140
Trd, 4319956.543, 63
Trd, 4319957.993, 64
Trd, 4319958.793, 66
Trd, 4319959.843, 61
Trd, 4319960.343, 62
Trd, 4319960.643, 71
Trd, 4319961.443, 138
Trd, 4319962.143, 60
Trd, 4319962.943, 63
Trd, 4319963.293, 65
Trd, 4319963.893, 61
Trd, 4319964.693, 60
Trd, 4319965.943, 63
Trd, 4319966.393, 62
Trd, 4319967.543, 61
Trd, 4319968.293, 120
Trd, 4319968.943, 60
Trd, 4319969.493, 60
Trd, 4319970.243, 64
Trd, 4319971.343, 66
Trd, 4319972.393, 80
Trd, 4319972.793, 67
Trd, 4319973.843, 75
Trd, 4319974.043, 70
Trd, 4319974.143, 69
Trd, 4319974.543, 69
Trd, 4319975.293, 60
Trd, 4319975.993, 139
Trd, 4319976.993, 61
Trd, 4319977.593, 72
Trd, 4319978.093, 123
Trd, 4319978.243, 122
Trd, 4319979.193, 60
Trd, 4319980.543, 60
Trd, 4319982.093, 61
Trd, 4319983.093, 119
Trd, 4319983.243, 122
Trd, 4319985.343, 66
Trd, 4319986.093, 66
Trd, 4319986.293, 67
Trd, 4319986.343, 68
Trd, 4319987.193, 140
Trd, 4319989.243, 69
Trd, 4319989.343, 62
Trd, 4319989.593, 60
Trd, 4319989.993, 63
Trd, 4319990.843, 62
Trd, 4319991.043, 62
Trd, 4319991.643, 140
Trd, 4319991.693, 64
Trd, 4319992.893, 138
Trd, 4319993.093, 102
Trd, 4319993.493, 140
Trd, 4319994.593, 62
Trd, 4319997.243, 61
Trd, 4319997.293, 64
Trd, 4319997.393, 66
Trd, 4319998.743, 60
Trd, 4319998.843, 69
