Trd, 4318056.193, 140
Trd, 4318056.293, 140
Trd, 4318058.193, 140
Trd, 4318058.243, 140
Trd, 4318058.993, 140
Trd, 4318059.693, 133
Trd, 4318060.043, 98
Trd, 4318060.543, 83
Trd, 4318060.693, 102
Trd, 4318062.643, 111
Trd, 4318063.593, 130
Trd, 4318064.493, 138
Trd, 4318065.293, 138
Trd, 4318066.143, 138
Trd, 4318066.643, 136
Trd, 4318066.693, 104
Trd, 4318069.993, 132
Trd, 4318070.193, 131
Trd, 4318070.393, 125
Trd, 4318070.943, 83
Trd, 4318071.993, 136
Trd, 4318072.893, 131
Trd, 4318073.943, 131
Trd, 4318074.843, 134
Trd, 4318075.043, 138
Trd, 4318079.243, 140
Trd, 4318079.543, 140
Trd, 4318080.143, 140
Trd, 4318080.593, 140
Trd, 4318081.643, 119
Trd, 4318082.943, 128
Trd, 4318084.793, 131
Trd, 4318084.943, 126
Trd, 4318085.043, 125
Trd, 4318085.793, 103
Trd, 4318087.543, 65
Trd, 4318088.793, 68
Trd, 4318089.043, 67
Trd, 4318089.493, 111
Trd, 4318089.843, 62
Trd, 4318090.743, 61
Trd, 4318091.293, 113
Trd, 4318092.393, 68
Trd, 4318093.593, 108
Trd, 4318095.043, 115
Trd, 4318095.743, 119
Trd, 4318096.993, 124
Trd, 4318100.443, 140
Trd, 4318101.293, 140
Trd, 4318101.643, 140
Trd, 4318102.093, 139
Trd, 4318102.943, 112
Trd, 4318103.943, 121
Trd, 4318104.343, 122
Trd, 4318104.893, 123
Trd, 4318106.043, 138
Trd, 4318106.693, 124
Trd, 4318108.293, 70
Trd, 4318110.393, 140
Trd, 4318110.893, 140
Trd, 4318111.443, 140
Trd, 4318111.893, 128
Trd, 4318113.043, 117
Trd, 4318113.093, 88
Trd, 4318113.443, 91
Trd, 4318113.793, 67
Trd, 4318115.393, 60
Trd, 4318117.793, 92
Trd, 4318118.093, 62
Trd, 4318119.443, 72
Trd, 4318119.493, 69
Trd, 4318119.943, 72
Trd, 4318120.193, 73
Trd, 4318121.993, 102
Trd, 4318122.893, 66
Trd, 4318123.143, 97
Trd, 4318123.293, 71
Trd, 4318123.993, 113
Trd, 4318125.643, 72
Trd, 4318126.243, 90
Trd, 4318126.643, 63
Trd, 4318126.843, 94
Trd, 4318128.143, 67
Trd, 4318128.493, 80
Trd, 4318129.693, 79
Trd, 4318130.993, 95
Trd, 4318131.543, 136
Trd, 4318132.543, 132
Trd, 4318132.793, 131
Trd, 4318132.943, 130
Trd, 4318134.543, 105
Trd, 4318134.993, 100
Trd, 4318136.743, 105
Trd, 4318137.293, 112
Trd, 4318137.343, 110
Trd, 4318138.293, 126
Trd, 4318139.043, 108
Trd, 4318140.443, 110
Trd, 4318140.943, 109
Trd, 4318141.043, 108
Trd, 4318142.343, 108
Trd, 4318142.793, 85
Trd, 4318143.543, 75
Trd, 4318144.493, 117
Trd, 4318145.393, 140
Trd, 4318145.643, 60
Trd, 4318145.743, 63
Trd, 4318147.443, 60
Trd, 4318149.493, 64
Trd, 4318150.843, 136
Trd, 4318151.193, 135
Trd, 4318152.493, 131
Trd, 4318152.943, 132
Trd, 4318153.443, 135
Trd, 4318153.993, 132
Trd, 4318154.843, 130
Trd, 4318155.643, 140
Trd, 4318155.793, 139
Trd, 4318156.993, 112
Trd, 4318158.393, 87
Trd, 4318158.943, 81
Trd, 4318159.043, 90
Trd, 4318159.443, 92
Trd, 4318160.093, 76
Trd, 4318161.793, 108
Trd, 4318162.093, 107
Trd, 4318163.593, 80
Trd, 4318164.343, 80
Trd, 4318164.443, 99
Trd, 4318165.293, 84
Trd, 4318166.143, 87
Trd, 4318166.193, 130
Trd, 4318167.493, 91
Trd, 4318167.893, 87
Trd, 4318168.943, 125
Trd, 4318170.843, 130
Trd, 4318172.493, 135
Trd, 4318174.343, 138
Trd, 4318174.893, 137
Trd, 4318174.943, 136
Trd, 4318175.793, 126
Trd, 4318176.043, 121
Trd, 4318177.493, 136
Trd, 4318178.643, 137
Trd, 4318179.343, 138
Trd, 4318180.043, 140
Trd, 4318180.943, 140
Trd, 4318181.543, 140
Trd, 4318181.743, 140
Trd, 4318181.943, 119
Trd, 4318183.793, 83
Trd, 4318183.943, 76
Trd, 4318184.893, 91
Trd, 4318185.593, 124
Trd, 4318185.843, 122
Trd, 4318187.293, 137
Trd, 4318188.493, 140
Trd, 4318190.993, 140
Trd, 4318191.343, 140
Trd, 4318191.593, 140
Trd, 4318191.643, 140
Trd, 4318192.293, 140
Trd, 4318193.543, 138
Trd, 4318194.443, 113
Trd, 4318195.193, 139
Trd, 4318195.443, 79
Trd, 4318197.443, 70
Trd, 4318199.693, 104
Trd, 4318199.743, 101
Trd, 4318200.043, 123
Trd, 4318200.543, 124
Trd, 4318200.643, 118
Trd, 4318202.743, 69
Trd, 4318203.093, 73
Trd, 4318205.393, 115
Trd, 4318205.643, 116
Trd, 4318206.393, 121
Trd, 4318207.193, 121
Trd, 4318207.493, 126
Trd, 4318208.693, 128
Trd, 4318209.893, 131
Trd, 4318211.043, 100
Trd, 4318211.443, 95
Trd, 4318212.493, 88
Trd, 4318212.693, 88
Trd, 4318214.693, 64
Trd, 4318214.993, 77
Trd, 4318215.993, 68
Trd, 4318216.643, 122
Trd, 4318219.293, 140
Trd, 4318220.793, 140
Trd, 4318220.943, 140
Trd, 4318221.443, 140
Trd, 4318221.743, 140
Trd, 4318222.543, 140
Trd, 4318222.843, 125
Trd, 4318223.543, 82
Trd, 4318224.243, 80
Trd, 4318225.093, 119
Trd, 4318226.843, 136
Trd, 4318227.143, 60
Trd, 4318227.693, 136
Trd, 4318229.443, 101
Trd, 4318229.543, 100
Trd, 4318230.443, 127
Trd, 4318230.743, 127
Trd, 4318230.943, 126
Trd, 4318234.193, 123
Trd, 4318235.493, 127
Trd, 4318235.843, 128
Trd, 4318235.943, 127
Trd, 4318237.193, 131
Trd, 4318237.443, 128
Trd, 4318238.243, 68
Trd, 4318239.093, 135
Trd, 4318240.843, 139
Trd, 4318242.093, 132
Trd, 4318242.543, 127
Trd, 4318242.993, 128
Trd, 4318243.543, 128
Trd, 4318245.243, 128
Trd, 4318245.643, 93
Trd, 4318247.243, 136
Trd, 4318247.343, 126
Trd, 4318250.093, 140
Trd, 4318250.593, 140
Trd, 4318251.343, 140
Trd, 4318251.543, 140
Trd, 4318252.343, 84
Trd, 4318253.193, 105
Trd, 4318253.543, 102
Trd, 4318253.793, 91
Trd, 4318257.043, 140
Trd, 4318257.143, 140
Trd, 4318259.243, 115
Trd, 4318259.893, 99
Trd, 4318259.993, 121
Trd, 4318261.043, 123
Trd, 4318262.493, 125
Trd, 4318263.243, 128
Trd, 4318263.393, 127
Trd, 4318263.693, 124
Trd, 4318263.793, 116
Trd, 4318265.093, 127
Trd, 4318266.543, 99
Trd, 4318266.593, 95
Trd, 4318266.743, 126
Trd, 4318267.393, 112
Trd, 4318268.193, 81
Trd, 4318269.493, 130
Trd, 4318270.243, 134
Trd, 4318271.643, 140
Trd, 4318271.843, 139
Trd, 4318272.643, 140
Trd, 4318274.043, 140
Trd, 4318276.143, 140
Trd, 4318276.443, 120
Trd, 4318277.243, 113
Trd, 4318277.293, 112
Trd, 4318277.393, 129
Trd, 4318277.793, 99
Trd, 4318278.243, 115
Trd, 4318280.593, 140
Trd, 4318281.193, 140
Trd, 4318282.193, 140
Trd, 4318283.243, 140
Trd, 4318284.443, 140
Trd, 4318284.893, 140
Trd, 4318285.243, 140
Trd, 4318286.193, 140
Trd, 4318287.493, 131
Trd, 4318287.943, 136
Trd, 4318288.143, 131
Trd, 4318288.793, 87
Trd, 4318289.493, 112
Trd, 4318290.743, 102
Trd, 4318292.443, 127
Trd, 4318293.193, 129
Trd, 4318294.293, 131
Trd, 4318294.993, 129
Trd, 4318297.443, 139
Trd, 4318297.743, 140
Trd, 4318297.993, 140
Trd, 4318298.143, 140
Trd, 4318298.493, 139
Trd, 4318299.293, 139
Trd, 4318301.143, 140
Trd, 4318301.593, 140
Trd, 4318303.543, 138
Trd, 4318304.693, 89
Trd, 4318305.543, 96
Trd, 4318305.993, 110
Trd, 4318307.043, 93
Trd, 4318307.793, 123
Trd, 4318309.393, 140
Trd, 4318309.593, 140
Trd, 4318310.293, 139
Trd, 4318310.893, 114
Trd, 4318311.143, 102
Trd, 4318313.543, 103
Trd, 4318313.793, 117
Trd, 4318314.943, 84
Trd, 4318315.693, 139
Trd, 4318315.793, 140
Trd, 4318316.293, 140
Trd, 4318316.693, 86
Trd, 4318317.093, 92
Trd, 4318317.493, 106
Trd, 4318317.943, 119
Trd, 4318318.843, 108
Trd, 4318318.893, 107
Trd, 4318320.143, 133
Trd, 4318320.293, 83
Trd, 4318321.593, 118
Trd, 4318323.443, 124
Trd, 4318323.843, 123
Trd, 4318324.093, 111
Trd, 4318325.043, 86
Trd, 4318325.643, 87
Trd, 4318325.793, 87
Trd, 4318328.193, 130
Trd, 4318328.743, 122
Trd, 4318329.243, 140
Trd, 4318331.243, 140
Trd, 4318331.893, 140
Trd, 4318332.443, 140
Trd, 4318332.643, 140
Trd, 4318332.843, 130
Trd, 4318332.993, 114
Trd, 4318334.793, 128
Trd, 4318334.993, 126
Trd, 4318336.193, 127
Trd, 4318336.793, 76
Trd, 4318337.693, 68
Trd, 4318337.843, 78
Trd, 4318339.593, 140
Trd, 4318341.443, 140
Trd, 4318341.993, 140
Trd, 4318342.243, 135
Trd, 4318342.493, 95
Trd, 4318344.293, 119
Trd, 4318346.143, 121
Trd, 4318346.443, 115
Trd, 4318347.043, 112
Trd, 4318347.943, 138
Trd, 4318348.943, 140
Trd, 4318350.143, 140
Trd, 4318350.343, 136
Trd, 4318350.393, 135
Trd, 4318350.493, 123
Trd, 4318350.743, 87
Trd, 4318352.993, 61
Trd, 4318354.293, 66
Trd, 4318354.693, 66
Trd, 4318356.343, 63
Trd, 4318357.193, 103
Trd, 4318357.493, 64
Trd, 4318358.043, 125
Trd, 4318359.843, 130
Trd, 4318360.293, 111
Trd, 4318361.193, 122
Trd, 4318361.543, 111
Trd, 4318362.143, 80
Trd, 4318362.843, 94
Trd, 4318364.143, 63
Trd, 4318364.693, 60
Trd, 4318365.193, 62
Trd, 4318365.743, 63
Trd, 4318367.893, 62
Trd, 4318368.143, 69
Trd, 4318368.543, 66
Trd, 4318369.143, 67
Trd, 4318369.493, 70
Trd, 4318369.543, 66
Trd, 4318371.543, 93
Trd, 4318372.643, 124
Trd, 4318374.393, 138
Trd, 4318374.593, 137
Trd, 4318375.393, 137
Trd, 4318375.943, 136
Trd, 4318376.393, 85
Trd, 4318379.243, 140
Trd, 4318379.893, 140
Trd, 4318380.043, 140
Trd, 4318381.743, 140
Trd, 4318381.793, 140
Trd, 4318383.793, 131
Trd, 4318385.793, 131
Trd, 4318386.043, 130
Trd, 4318386.143, 128
Trd, 4318387.093, 129
Trd, 4318387.643, 136
Trd, 4318387.693, 96
Trd, 4318389.843, 72
Trd, 4318390.443, 60
Trd, 4318391.093, 78
Trd, 4318391.193, 69
Trd, 4318391.443, 68
Trd, 4318392.993, 139
Trd, 4318393.143, 138
Trd, 4318396.193, 60
Trd, 4318396.243, 63
Trd, 4318396.943, 64
Trd, 4318397.343, 66
Trd, 4318397.493, 71
Trd, 4318398.093, 69
Trd, 4318399.143, 62
Trd, 4318399.993, 89
Trd, 4318401.343, 105
Trd, 4318402.793, 109
Trd, 4318403.543, 112
Trd, 4318404.143, 112
Trd, 4318404.293, 120
Trd, 4318405.893, 113
Trd, 4318406.343, 112
Trd, 4318406.393, 111
Trd, 4318406.443, 89
Trd, 4318408.493, 78
Trd, 4318410.993, 140
Trd, 4318412.643, 140
Trd, 4318413.143, 140
Trd, 4318414.293, 140
Trd, 4318414.543, 140
Trd, 4318414.593, 139
Trd, 4318414.843, 102
Trd, 4318415.993, 67
Trd, 4318417.143, 126
Trd, 4318418.543, 110
Trd, 4318418.593, 102
Trd, 4318418.893, 101
Trd, 4318420.043, 103
Trd, 4318421.043, 121
Trd, 4318422.543, 126
Trd, 4318422.643, 125
Trd, 4318422.893, 116
Trd, 4318423.293, 99
Trd, 4318423.593, 98
Trd, 4318424.643, 138
Trd, 4318425.843, 137
Trd, 4318426.893, 69
Trd, 4318427.343, 75
Trd, 4318428.093, 129
Trd, 4318428.193, 81
Trd, 4318429.643, 136
Trd, 4318430.143, 136
Trd, 4318430.893, 101
Trd, 4318430.943, 71
Trd, 4318431.893, 69
Trd, 4318432.543, 71
Trd, 4318433.193, 77
Trd, 4318434.093, 123
Trd, 4318434.493, 71
Trd, 4318436.543, 117
Trd, 4318436.643, 116
Trd, 4318437.543, 93
Trd, 4318437.693, 126
Trd, 4318438.793, 138
Trd, 4318439.193, 86
Trd, 4318440.343, 99
Trd, 4318441.093, 99
Trd, 4318441.643, 98
Trd, 4318441.943, 97
Trd, 4318443.393, 82
Trd, 4318444.143, 122
Trd, 4318444.693, 67
Trd, 4318445.843, 129
Trd, 4318446.193, 102
Trd, 4318446.993, 92
Trd, 4318447.343, 92
Trd, 4318448.843, 135
Trd, 4318450.043, 139
Trd, 4318450.393, 138
Trd, 4318452.293, 139
Trd, 4318452.943, 129
Trd, 4318453.593, 129
Trd, 4318454.293, 111
Trd, 4318455.093, 138
Trd, 4318455.193, 106
Trd, 4318455.293, 88
Trd, 4318456.543, 88
Trd, 4318458.593, 137
Trd, 4318458.943, 116
Trd, 4318459.093, 115
Trd, 4318461.643, 102
Trd, 4318461.893, 93
Trd, 4318462.093, 92
Trd, 4318465.093, 125
Trd, 4318465.193, 123
Trd, 4318465.243, 122
Trd, 4318465.943, 130
Trd, 4318466.793, 129
Trd, 4318467.643, 129
Trd, 4318468.393, 121
Trd, 4318468.443, 121
Trd, 4318470.493, 91
Trd, 4318471.893, 132
Trd, 4318472.643, 131
Trd, 4318472.843, 128
Trd, 4318474.293, 121
Trd, 4318474.343, 120
Trd, 4318475.193, 110
Trd, 4318475.593, 129
Trd, 4318475.743, 110
Trd, 4318478.043, 105
Trd, 4318480.193, 114
Trd, 4318480.643, 113
Trd, 4318481.143, 115
Trd, 4318481.193, 111
Trd, 4318481.243, 86
Trd, 4318482.443, 140
Trd, 4318482.693, 140
Trd, 4318482.793, 139
Trd, 4318484.643, 137
Trd, 4318484.943, 137
Trd, 4318485.143, 136
Trd, 4318485.643, 98
Trd, 4318487.193, 128
Trd, 4318487.843, 130
Trd, 4318489.843, 133
Trd, 4318490.143, 132
Trd, 4318490.343, 129
Trd, 4318490.843, 123
Trd, 4318491.593, 73
Trd, 4318492.293, 63
Trd, 4318492.893, 74
Trd, 4318493.193, 63
Trd, 4318494.843, 82
Trd, 4318495.743, 107
Trd, 4318496.293, 87
Trd, 4318496.443, 89
Trd, 4318497.193, 98
Trd, 4318497.393, 131
Trd, 4318498.193, 96
Trd, 4318498.543, 93
Trd, 4318498.943, 93
Trd, 4318500.743, 130
Trd, 4318501.093, 131
Trd, 4318501.243, 130
Trd, 4318502.293, 140
Trd, 4318503.693, 140
Trd, 4318504.143, 140
Trd, 4318504.593, 139
Trd, 4318505.843, 138
Trd, 4318505.893, 133
Trd, 4318507.393, 119
Trd, 4318507.693, 118
Trd, 4318510.893, 131
Trd, 4318511.043, 131
Trd, 4318511.293, 130
Trd, 4318512.643, 127
Trd, 4318514.093, 129
Trd, 4318515.143, 130
Trd, 4318515.993, 132
Trd, 4318516.693, 132
Trd, 4318517.043, 136
Trd, 4318517.443, 125
Trd, 4318517.643, 96
Trd, 4318518.793, 102
Trd, 4318518.893, 138
Trd, 4318519.743, 119
Trd, 4318520.843, 120
Trd, 4318521.593, 119
Trd, 4318521.993, 119
Trd, 4318522.393, 139
Trd, 4318525.143, 76
Trd, 4318525.593, 65
Trd, 4318526.693, 107
Trd, 4318526.943, 67
Trd, 4318527.093, 64
Trd, 4318527.793, 65
Trd, 4318529.643, 70
Trd, 4318530.293, 114
Trd, 4318530.543, 72
Trd, 4318530.643, 134
Trd, 4318532.343, 85
Trd, 4318533.243, 89
Trd, 4318533.293, 88
Trd, 4318533.993, 89
Trd, 4318535.443, 112
Trd, 4318535.843, 101
Trd, 4318537.743, 131
Trd, 4318538.093, 132
Trd, 4318538.193, 131
Trd, 4318538.893, 128
Trd, 4318538.943, 123
Trd, 4318539.243, 116
Trd, 4318542.043, 140
Trd, 4318543.593, 140
Trd, 4318544.743, 140
Trd, 4318546.593, 140
Trd, 4318547.143, 140
Trd, 4318547.543, 140
Trd, 4318547.893, 140
Trd, 4318549.143, 140
Trd, 4318549.993, 138
Trd, 4318551.493, 140
Trd, 4318551.593, 139
Trd, 4318551.793, 130
Trd, 4318553.843, 119
Trd, 4318555.143, 118
Trd, 4318555.743, 118
Trd, 4318555.893, 97
Trd, 4318555.993, 96
Trd, 4318557.343, 101
Trd, 4318557.543, 99
Trd, 4318557.593, 92
Trd, 4318558.693, 87
Trd, 4318559.943, 64
Trd, 4318560.843, 74
Trd, 4318562.393, 66
Trd, 4318562.993, 85
Trd, 4318563.143, 67
Trd, 4318565.243, 97
Trd, 4318566.093, 78
Trd, 4318566.393, 80
Trd, 4318566.443, 78
Trd, 4318567.593, 92
Trd, 4318568.393, 124
Trd, 4318568.443, 123
Trd, 4318569.393, 85
Trd, 4318570.143, 81
Trd, 4318571.193, 90
Trd, 4318571.943, 89
Trd, 4318574.243, 140
Trd, 4318574.843, 140
Trd, 4318575.643, 140
Trd, 4318577.293, 140
Trd, 4318578.493, 140
Trd, 4318579.093, 140
Trd, 4318580.143, 89
Trd, 4318580.893, 120
Trd, 4318581.143, 127
Trd, 4318582.593, 120
Trd, 4318583.643, 121
Trd, 4318585.093, 120
Trd, 4318586.193, 140
Trd, 4318586.493, 115
Trd, 4318588.143, 140
Trd, 4318588.443, 132
Trd, 4318589.093, 116
Trd, 4318589.293, 80
Trd, 4318590.143, 88
Trd, 4318590.643, 78
Trd, 4318592.243, 123
Trd, 4318592.843, 140
Trd, 4318592.993, 140
Trd, 4318595.143, 94
Trd, 4318596.243, 130
Trd, 4318597.193, 121
Trd, 4318597.243, 120
Trd, 4318597.343, 110
Trd, 4318598.393, 123
Trd, 4318598.943, 112
Trd, 4318599.093, 103
Trd, 4318601.243, 71
Trd, 4318601.793, 70
Trd, 4318602.093, 76
Trd, 4318603.843, 62
Trd, 4318604.843, 69
Trd, 4318605.093, 85
Trd, 4318606.493, 86
Trd, 4318606.593, 73
Trd, 4318607.093, 71
Trd, 4318608.243, 109
Trd, 4318608.643, 111
Trd, 4318608.743, 108
Trd, 4318609.343, 105
Trd, 4318610.343, 72
Trd, 4318610.943, 81
Trd, 4318612.043, 101
Trd, 4318612.343, 85
Trd, 4318613.693, 125
Trd, 4318615.043, 134
Trd, 4318616.093, 136
Trd, 4318618.393, 132
Trd, 4318618.843, 128
Trd, 4318619.493, 115
Trd, 4318619.843, 116
Trd, 4318620.643, 119
Trd, 4318621.743, 137
Trd, 4318621.993, 120
Trd, 4318622.843, 122
Trd, 4318622.893, 121
Trd, 4318625.793, 99
Trd, 4318626.343, 98
Trd, 4318626.643, 117
Trd, 4318627.293, 92
Trd, 4318628.243, 139
Trd, 4318629.793, 135
Trd, 4318630.543, 137
Trd, 4318630.893, 133
Trd, 4318632.643, 117
Trd, 4318633.393, 114
Trd, 4318634.143, 128
Trd, 4318635.043, 119
Trd, 4318636.093, 123
Trd, 4318636.243, 123
Trd, 4318636.493, 136
Trd, 4318636.793, 132
Trd, 4318637.693, 126
Trd, 4318638.193, 125
Trd, 4318638.393, 123
Trd, 4318639.093, 102
Trd, 4318639.893, 131
Trd, 4318642.793, 66
Trd, 4318643.143, 66
Trd, 4318643.193, 68
Trd, 4318644.443, 92
Trd, 4318644.693, 92
Trd, 4318645.343, 109
Trd, 4318645.443, 92
Trd, 4318646.893, 114
Trd, 4318647.143, 111
Trd, 4318647.943, 133
Trd, 4318648.093, 133
Trd, 4318649.693, 103
Trd, 4318649.793, 116
Trd, 4318651.243, 100
Trd, 4318651.793, 88
Trd, 4318653.443, 60
Trd, 4318653.843, 67
Trd, 4318654.143, 68
Trd, 4318654.793, 65
Trd, 4318656.843, 96
Trd, 4318658.643, 102
Trd, 4318658.693, 89
Trd, 4318659.593, 91
Trd, 4318660.293, 68
Trd, 4318660.743, 81
Trd, 4318661.293, 83
Trd, 4318661.893, 135
Trd, 4318662.143, 85
Trd, 4318662.543, 83
Trd, 4318665.343, 101
Trd, 4318665.443, 102
Trd, 4318666.093, 86
Trd, 4318666.543, 87
Trd, 4318666.593, 84
Trd, 4318668.643, 64
Trd, 4318668.993, 62
Trd, 4318669.643, 78
Trd, 4318671.043, 128
Trd, 4318671.893, 102
Trd, 4318673.143, 107
Trd, 4318673.543, 106
Trd, 4318674.093, 90
Trd, 4318674.243, 65
Trd, 4318676.943, 76
Trd, 4318677.893, 98
Trd, 4318678.543, 138
Trd, 4318679.843, 140
Trd, 4318680.043, 140
Trd, 4318680.193, 140
Trd, 4318680.893, 128
Trd, 4318681.743, 107
Trd, 4318682.143, 65
Trd, 4318682.593, 77
Trd, 4318684.193, 124
Trd, 4318684.243, 123
Trd, 4318684.943, 121
Trd, 4318685.243, 120
Trd, 4318685.943, 88
Trd, 4318686.343, 131
Trd, 4318686.843, 88
Trd, 4318687.343, 120
Trd, 4318688.543, 83
Trd, 4318690.793, 139
Trd, 4318691.293, 126
Trd, 4318692.393, 96
Trd, 4318692.543, 94
Trd, 4318694.793, 101
Trd, 4318695.543, 113
Trd, 4318696.943, 105
Trd, 4318697.043, 69
Trd, 4318697.093, 107
Trd, 4318697.743, 119
Trd, 4318698.993, 67
Trd, 4318703.193, 140
Trd, 4318703.493, 140
Trd, 4318703.693, 140
Trd, 4318704.693, 140
Trd, 4318705.493, 140
Trd, 4318705.743, 125
Trd, 4318707.693, 123
Trd, 4318708.693, 124
Trd, 4318710.043, 137
Trd, 4318710.293, 105
Trd, 4318710.493, 95
Trd, 4318710.743, 63
Trd, 4318713.293, 139
Trd, 4318713.643, 111
Trd, 4318714.843, 114
Trd, 4318715.043, 112
Trd, 4318715.443, 113
Trd, 4318715.693, 131
Trd, 4318716.893, 118
Trd, 4318718.343, 128
Trd, 4318718.943, 114
Trd, 4318719.743, 99
Trd, 4318721.193, 134
Trd, 4318721.243, 133
Trd, 4318721.793, 69
Trd, 4318723.343, 100
Trd, 4318723.743, 100
Trd, 4318723.893, 99
Trd, 4318726.743, 140
Trd, 4318728.693, 140
Trd, 4318729.493, 129
Trd, 4318729.893, 129
Trd, 4318730.093, 108
Trd, 4318731.193, 76
Trd, 4318731.493, 114
Trd, 4318731.893, 78
Trd, 4318733.643, 99
Trd, 4318733.993, 61
Trd, 4318735.243, 135
Trd, 4318737.043, 91
Trd, 4318737.743, 125
Trd, 4318740.793, 138
Trd, 4318741.143, 140
Trd, 4318741.793, 140
Trd, 4318742.293, 140
Trd, 4318742.493, 139
Trd, 4318743.193, 122
Trd, 4318743.893, 134
Trd, 4318744.793, 135
Trd, 4318744.893, 134
Trd, 4318745.443, 133
Trd, 4318746.793, 139
Trd, 4318747.493, 123
Trd, 4318748.043, 122
Trd, 4318749.893, 109
Trd, 4318750.593, 108
Trd, 4318751.543, 138
Trd, 4318751.943, 140
Trd, 4318752.743, 139
Trd, 4318752.793, 138
Trd, 4318753.343, 138
Trd, 4318755.393, 80
Trd, 4318755.843, 124
Trd, 4318756.693, 104
Trd, 4318758.643, 113
Trd, 4318760.243, 125
Trd, 4318760.843, 114
Trd, 4318760.893, 73
Trd, 4318762.543, 92
Trd, 4318763.343, 68
Trd, 4318765.243, 61
Trd, 4318765.293, 67
Trd, 4318765.693, 63
Trd, 4318767.193, 75
Trd, 4318768.493, 91
Trd, 4318768.893, 99
Trd, 4318769.643, 91
Trd, 4318769.793, 90
Trd, 4318771.443, 108
Trd, 4318771.693, 61
Trd, 4318772.293, 70
Trd, 4318773.143, 124
Trd, 4318774.043, 136
Trd, 4318775.993, 127
Trd, 4318776.193, 126
Trd, 4318776.243, 124
Trd, 4318776.643, 123
Trd, 4318779.493, 126
Trd, 4318780.043, 133
Trd, 4318781.243, 128
Trd, 4318781.293, 127
Trd, 4318781.693, 126
Trd, 4318782.243, 127
Trd, 4318782.543, 126
Trd, 4318783.593, 60
Trd, 4318784.643, 111
Trd, 4318784.693, 110
Trd, 4318785.293, 81
Trd, 4318785.943, 132
Trd, 4318786.043, 118
Trd, 4318787.593, 111
Trd, 4318788.343, 115
Trd, 4318788.593, 119
Trd, 4318789.293, 115
Trd, 4318791.143, 103
Trd, 4318791.243, 102
Trd, 4318795.643, 140
Trd, 4318795.793, 140
Trd, 4318795.893, 140
Trd, 4318796.293, 130
Trd, 4318796.593, 139
Trd, 4318796.793, 131
Trd, 4318797.093, 107
Trd, 4318797.793, 67
Trd, 4318800.743, 136
Trd, 4318800.793, 135
Trd, 4318800.993, 136
Trd, 4318801.343, 135
Trd, 4318802.993, 111
Trd, 4318803.343, 128
Trd, 4318803.443, 123
Trd, 4318804.093, 135
Trd, 4318805.243, 135
Trd, 4318805.793, 122
Trd, 4318805.893, 103
Trd, 4318809.093, 118
Trd, 4318809.743, 124
Trd, 4318810.493, 125
Trd, 4318811.143, 108
Trd, 4318811.293, 94
Trd, 4318811.843, 83
Trd, 4318812.993, 111
Trd, 4318813.393, 110
Trd, 4318814.843, 126
Trd, 4318815.543, 118
Trd, 4318816.543, 66
Trd, 4318817.693, 124
Trd, 4318817.793, 123
Trd, 4318818.743, 124
Trd, 4318819.743, 126
Trd, 4318820.143, 125
Trd, 4318820.743, 84
Trd, 4318822.393, 72
Trd, 4318823.743, 95
Trd, 4318823.893, 135
Trd, 4318824.843, 97
Trd, 4318825.793, 90
Trd, 4318826.893, 91
Trd, 4318829.043, 131
Trd, 4318830.693, 111
Trd, 4318830.943, 110
Trd, 4318831.643, 110
Trd, 4318832.193, 112
Trd, 4318832.243, 111
Trd, 4318832.293, 110
Trd, 4318834.443, 109
Trd, 4318834.893, 91
Trd, 4318837.943, 110
Trd, 4318838.043, 111
Trd, 4318838.093, 108
Trd, 4318838.643, 108
Trd, 4318839.093, 123
Trd, 4318841.243, 125
Trd, 4318841.693, 126
Trd, 4318842.793, 127
Trd, 4318842.843, 126
Trd, 4318843.843, 131
Trd, 4318844.893, 130
Trd, 4318846.093, 89
Trd, 4318847.443, 76
Trd, 4318848.493, 132
Trd, 4318848.743, 131
Trd, 4318849.843, 106
Trd, 4318850.543, 69
Trd, 4318850.643, 69
Trd, 4318852.343, 102
Trd, 4318852.843, 108
Trd, 4318853.343, 101
Trd, 4318853.743, 100
Trd, 4318855.843, 127
Trd, 4318856.693, 75
Trd, 4318856.993, 86
Trd, 4318857.743, 125
Trd, 4318858.693, 134
Trd, 4318859.143, 124
Trd, 4318859.293, 73
Trd, 4318860.443, 103
Trd, 4318864.093, 140
Trd, 4318864.143, 140
Trd, 4318864.593, 140
Trd, 4318866.093, 140
Trd, 4318866.593, 140
Trd, 4318868.743, 140
Trd, 4318869.193, 140
Trd, 4318869.793, 140
Trd, 4318869.843, 134
Trd, 4318870.493, 91
Trd, 4318870.693, 69
Trd, 4318871.443, 97
Trd, 4318873.293, 129
Trd, 4318875.043, 75
Trd, 4318875.893, 69
Trd, 4318876.043, 68
Trd, 4318876.393, 68
Trd, 4318876.893, 116
Trd, 4318877.493, 108
Trd, 4318879.243, 133
Trd, 4318879.893, 135
Trd, 4318880.293, 134
Trd, 4318881.243, 138
Trd, 4318882.243, 137
Trd, 4318882.443, 136
Trd, 4318882.593, 135
Trd, 4318884.743, 113
Trd, 4318884.993, 102
Trd, 4318885.043, 100
Trd, 4318886.443, 103
Trd, 4318886.543, 102
Trd, 4318887.743, 110
Trd, 4318889.843, 140
Trd, 4318890.243, 138
Trd, 4318891.943, 130
Trd, 4318892.293, 135
Trd, 4318893.043, 116
Trd, 4318893.843, 79
Trd, 4318894.093, 79
Trd, 4318894.743, 81
Trd, 4318895.393, 62
Trd, 4318896.243, 117
Trd, 4318896.543, 62
Trd, 4318897.343, 65
Trd, 4318898.093, 140
Trd, 4318899.093, 140
Trd, 4318900.993, 140
Trd, 4318901.493, 129
Trd, 4318901.843, 110
Trd, 4318902.543, 109
Trd, 4318903.143, 111
Trd, 4318904.443, 111
Trd, 4318904.543, 96
Trd, 4318905.043, 135
Trd, 4318905.243, 95
Trd, 4318906.543, 83
Trd, 4318906.793, 84
Trd, 4318907.943, 140
Trd, 4318908.593, 140
Trd, 4318909.143, 140
Trd, 4318910.043, 83
Trd, 4318910.293, 82
Trd, 4318911.043, 66
Trd, 4318911.443, 82
Trd, 4318911.743, 82
Trd, 4318912.793, 109
Trd, 4318914.493, 69
Trd, 4318914.993, 66
Trd, 4318915.743, 78
Trd, 4318918.293, 107
Trd, 4318918.343, 106
Trd, 4318918.543, 129
Trd, 4318918.593, 106
Trd, 4318918.843, 105
Trd, 4318919.643, 92
Trd, 4318921.943, 123
Trd, 4318922.243, 123
Trd, 4318922.643, 125
Trd, 4318922.843, 124
Trd, 4318923.193, 124
Trd, 4318925.293, 128
Trd, 4318925.743, 130
Trd, 4318928.193, 140
Trd, 4318928.293, 139
Trd, 4318928.343, 134
Trd, 4318928.743, 130
Trd, 4318929.493, 82
Trd, 4318930.343, 84
Trd, 4318931.143, 83
Trd, 4318931.443, 103
Trd, 4318931.843, 65
Trd, 4318932.593, 62
Trd, 4318934.093, 106
Trd, 4318935.093, 111
Trd, 4318936.643, 113
Trd, 4318936.743, 112
Trd, 4318936.793, 111
Trd, 4318937.443, 70
Trd, 4318938.293, 67
Trd, 4318938.893, 76
Trd, 4318939.793, 81
Trd, 4318940.293, 83
Trd, 4318940.743, 139
Trd, 4318941.493, 132
Trd, 4318942.393, 126
Trd, 4318942.643, 118
Trd, 4318943.143, 81
Trd, 4318944.543, 61
Trd, 4318946.043, 62
Trd, 4318946.843, 72
Trd, 4318949.943, 75
Trd, 4318950.093, 74
Trd, 4318950.543, 133
Trd, 4318951.143, 133
Trd, 4318951.943, 140
Trd, 4318952.493, 134
Trd, 4318953.793, 99
Trd, 4318954.743, 137
Trd, 4318955.043, 124
Trd, 4318956.893, 132
Trd, 4318958.893, 140
Trd, 4318958.943, 139
Trd, 4318959.193, 136
Trd, 4318959.593, 135
Trd, 4318960.793, 137
Trd, 4318962.993, 138
Trd, 4318964.343, 140
Trd, 4318964.493, 140
Trd, 4318964.893, 138
Trd, 4318965.193, 83
Trd, 4318967.543, 110
Trd, 4318968.343, 135
Trd, 4318969.193, 117
Trd, 4318969.243, 115
Trd, 4318969.743, 65
Trd, 4318970.093, 97
Trd, 4318970.993, 97
Trd, 4318972.943, 111
Trd, 4318974.143, 129
Trd, 4318974.193, 91
Trd, 4318976.893, 139
Trd, 4318977.443, 121
Trd, 4318977.743, 117
Trd, 4318978.393, 117
Trd, 4318978.443, 116
Trd, 4318978.593, 109
Trd, 4318978.793, 102
Trd, 4318979.643, 91
Trd, 4318981.243, 83
Trd, 4318982.593, 95
Trd, 4318983.143, 96
Trd, 4318983.693, 112
Trd, 4318985.093, 136
Trd, 4318985.193, 135
Trd, 4318986.493, 125
Trd, 4318987.543, 105
Trd, 4318987.743, 105
Trd, 4318988.743, 134
Trd, 4318989.143, 139
Trd, 4318989.643, 134
Trd, 4318990.993, 95
Trd, 4318991.493, 94
Trd, 4318991.743, 91
Trd, 4318992.193, 84
Trd, 4318993.343, 110
Trd, 4318993.693, 70
Trd, 4318995.593, 91
Trd, 4318996.443, 124
Trd, 4318997.893, 82
Trd, 4318998.393, 93
Trd, 4318998.793, 93
Trd, 4318999.343, 93
Trd, 4319001.243, 114
Trd, 4319001.543, 116
Trd, 4319002.193, 121
Trd, 4319002.443, 120
Trd, 4319003.343, 73
Trd, 4319004.443, 99
Trd, 4319004.543, 91
Trd, 4319004.893, 98
Trd, 4319006.693, 117
Trd, 4319006.843, 111
Trd, 4319007.143, 133
Trd, 4319007.343, 132
Trd, 4319008.593, 88
Trd, 4319010.093, 110
Trd, 4319010.193, 109
Trd, 4319011.893, 140
Trd, 4319011.943, 137
Trd, 4319012.693, 135
Trd, 4319013.143, 134
Trd, 4319013.693, 134
Trd, 4319014.143, 96
Trd, 4319014.243, 64
Trd, 4319016.693, 120
Trd, 4319017.993, 136
Trd, 4319018.943, 138
Trd, 4319021.293, 140
Trd, 4319021.343, 140
Trd, 4319022.293, 140
Trd, 4319022.443, 87
Trd, 4319024.543, 122
Trd, 4319024.693, 121
Trd, 4319024.993, 107
Trd, 4319025.193, 103
Trd, 4319027.043, 101
Trd, 4319028.293, 103
Trd, 4319028.393, 100
Trd, 4319028.693, 124
Trd, 4319029.743, 88
Trd, 4319031.093, 111
Trd, 4319031.543, 107
Trd, 4319032.193, 109
Trd, 4319033.043, 107
Trd, 4319034.743, 131
Trd, 4319034.893, 125
Trd, 4319035.493, 140
Trd, 4319036.143, 137
Trd, 4319036.743, 122
Trd, 4319038.993, 128
Trd, 4319039.243, 127
Trd, 4319040.143, 135
Trd, 4319040.693, 127
Trd, 4319041.843, 129
Trd, 4319042.543, 64
Trd, 4319042.643, 91
Trd, 4319044.743, 110
Trd, 4319045.843, 73
Trd, 4319047.093, 60
Trd, 4319047.643, 64
Trd, 4319048.593, 69
Trd, 4319049.143, 69
Trd, 4319049.743, 80
Trd, 4319049.893, 88
Trd, 4319050.293, 103
Trd, 4319052.193, 77
Trd, 4319053.293, 82
Trd, 4319053.643, 75
Trd, 4319053.993, 74
Trd, 4319055.893, 103
Trd, 4319056.243, 125
Trd, 4319056.443, 104
Trd, 4319056.693, 127
Trd, 4319058.193, 137
Trd, 4319058.443, 136
Trd, 4319060.093, 140
Trd, 4319060.143, 140
Trd, 4319061.493, 108
Trd, 4319062.293, 93
Trd, 4319063.493, 94
Trd, 4319063.893, 90
Trd, 4319065.593, 125
Trd, 4319065.793, 114
Trd, 4319065.993, 100
Trd, 4319067.393, 78
Trd, 4319067.493, 77
Trd, 4319067.993, 128
Trd, 4319068.593, 80
Trd, 4319069.743, 113
Trd, 4319069.793, 112
Trd, 4319070.143, 117
Trd, 4319071.643, 114
Trd, 4319072.743, 118
Trd, 4319074.043, 136
Trd, 4319076.893, 138
Trd, 4319077.443, 117
Trd, 4319077.693, 114
Trd, 4319077.843, 74
Trd, 4319078.793, 87
Trd, 4319081.843, 134
Trd, 4319082.393, 132
Trd, 4319082.443, 123
Trd, 4319082.493, 120
Trd, 4319083.243, 95
Trd, 4319084.493, 122
Trd, 4319085.643, 124
Trd, 4319086.293, 138
Trd, 4319086.693, 136
Trd, 4319087.393, 136
Trd, 4319087.443, 135
Trd, 4319087.693, 79
Trd, 4319087.993, 60
Trd, 4319088.693, 60
Trd, 4319088.943, 60
Trd, 4319090.593, 64
Trd, 4319092.243, 63
Trd, 4319092.843, 61
Trd, 4319093.193, 60
Trd, 4319095.143, 99
Trd, 4319095.543, 100
Trd, 4319098.243, 140
Trd, 4319098.393, 140
Trd, 4319098.693, 137
Trd, 4319099.393, 129
Trd, 4319099.593, 119
Trd, 4319099.993, 118
Trd, 4319100.543, 113
Trd, 4319101.493, 126
Trd, 4319102.093, 127
Trd, 4319102.793, 115
Trd, 4319104.093, 108
Trd, 4319104.993, 97
Trd, 4319105.693, 65
Trd, 4319106.443, 112
Trd, 4319106.693, 113
Trd, 4319106.943, 76
Trd, 4319110.893, 60
Trd, 4319112.493, 60
Trd, 4319112.593, 60
Trd, 4319113.243, 69
Trd, 4319113.793, 80
Trd, 4319114.443, 87
Trd, 4319115.543, 83
Trd, 4319117.193, 140
Trd, 4319118.293, 125
Trd, 4319118.493, 124
Trd, 4319118.693, 123
Trd, 4319118.793, 107
Trd, 4319119.343, 108
Trd, 4319120.043, 139
Trd, 4319120.893, 68
Trd, 4319121.843, 120
Trd, 4319122.093, 67
Trd, 4319122.443, 67
Trd, 4319122.593, 66
Trd, 4319124.993, 60
Trd, 4319125.093, 63
Trd, 4319126.393, 61
Trd, 4319126.993, 68
Trd, 4319127.643, 64
Trd, 4319127.693, 62
Trd, 4319128.443, 114
Trd, 4319129.293, 104
Trd, 4319130.243, 103
Trd, 4319131.293, 137
Trd, 4319131.743, 133
Trd, 4319132.243, 110
Trd, 4319134.143, 127
Trd, 4319134.543, 114
Trd, 4319135.393, 114
Trd, 4319136.293, 111
Trd, 4319137.243, 102
Trd, 4319137.593, 138
Trd, 4319139.143, 60
Trd, 4319139.193, 64
Trd, 4319139.943, 72
Trd, 4319143.993, 135
Trd, 4319144.393, 134
Trd, 4319144.843, 131
Trd, 4319145.043, 130
Trd, 4319145.693, 129
Trd, 4319146.693, 77
Trd, 4319146.993, 140
Trd, 4319147.043, 99
Trd, 4319150.093, 99
Trd, 4319150.243, 98
Trd, 4319151.493, 97
Trd, 4319151.943, 85
Trd, 4319152.843, 131
Trd, 4319154.243, 132
Trd, 4319154.443, 131
Trd, 4319156.043, 136
Trd, 4319156.893, 137
Trd, 4319157.543, 114
Trd, 4319158.243, 94
Trd, 4319159.293, 93
Trd, 4319160.643, 118
Trd, 4319161.143, 115
Trd, 4319162.743, 130
Trd, 4319163.493, 131
Trd, 4319163.993, 131
Trd, 4319164.293, 131
Trd, 4319165.343, 140
Trd, 4319165.543, 134
Trd, 4319166.443, 121
Trd, 4319166.743, 121
Trd, 4319167.493, 60
Trd, 4319168.443, 96
Trd, 4319169.643, 124
Trd, 4319170.193, 123
Trd, 4319170.393, 86
Trd, 4319170.993, 62
Trd, 4319171.393, 122
Trd, 4319172.093, 126
Trd, 4319172.343, 125
Trd, 4319174.093, 110
Trd, 4319174.593, 112
Trd, 4319174.643, 111
Trd, 4319175.243, 111
Trd, 4319176.143, 67
Trd, 4319177.343, 82
Trd, 4319179.593, 137
Trd, 4319179.843, 134
Trd, 4319181.543, 129
Trd, 4319182.993, 135
Trd, 4319183.193, 133
Trd, 4319183.243, 132
Trd, 4319184.343, 131
Trd, 4319184.693, 95
Trd, 4319185.443, 100
Trd, 4319186.193, 95
Trd, 4319187.843, 94
Trd, 4319188.093, 105
Trd, 4319188.393, 92
Trd, 4319189.043, 88
Trd, 4319189.593, 73
Trd, 4319192.793, 66
Trd, 4319193.843, 66
Trd, 4319194.093, 130
Trd, 4319194.643, 65
Trd, 4319194.893, 84
Trd, 4319195.543, 108
Trd, 4319196.993, 133
Trd, 4319197.693, 127
Trd, 4319198.393, 140
Trd, 4319198.943, 140
Trd, 4319199.793, 140
Trd, 4319200.543, 140
Trd, 4319201.643, 138
Trd, 4319202.243, 61
Trd, 4319204.193, 137
Trd, 4319205.143, 140
Trd, 4319205.443, 140
Trd, 4319206.443, 140
Trd, 4319206.793, 140
Trd, 4319208.043, 140
Trd, 4319208.343, 140
Trd, 4319209.443, 140
Trd, 4319209.743, 138
Trd, 4319210.443, 101
Trd, 4319210.793, 131
Trd, 4319212.043, 119
Trd, 4319212.743, 115
Trd, 4319213.743, 113
Trd, 4319214.293, 104
Trd, 4319215.193, 105
Trd, 4319216.043, 111
Trd, 4319217.093, 132
Trd, 4319218.493, 116
Trd, 4319218.543, 115
Trd, 4319220.093, 122
Trd, 4319220.493, 122
Trd, 4319222.643, 100
Trd, 4319223.393, 102
Trd, 4319223.993, 118
Trd, 4319224.693, 130
Trd, 4319226.143, 129
Trd, 4319227.443, 139
Trd, 4319227.543, 138
Trd, 4319227.593, 129
Trd, 4319227.943, 129
Trd, 4319229.593, 133
Trd, 4319229.643, 96
Trd, 4319229.893, 120
Trd, 4319230.543, 68
Trd, 4319232.293, 140
Trd, 4319233.143, 137
Trd, 4319233.943, 137
Trd, 4319234.293, 92
Trd, 4319235.793, 100
Trd, 4319236.893, 123
Trd, 4319237.443, 97
Trd, 4319237.843, 79
Trd, 4319238.593, 64
Trd, 4319239.043, 64
Trd, 4319239.093, 63
Trd, 4319240.593, 136
Trd, 4319242.293, 139
Trd, 4319244.743, 140
Trd, 4319244.893, 140
Trd, 4319245.143, 127
Trd, 4319246.593, 83
Trd, 4319247.693, 62
Trd, 4319247.743, 63
Trd, 4319248.443, 131
Trd, 4319249.143, 100
Trd, 4319249.543, 99
Trd, 4319250.443, 125
Trd, 4319251.943, 140
Trd, 4319252.393, 140
Trd, 4319252.643, 113
Trd, 4319254.193, 76
Trd, 4319254.993, 76
Trd, 4319258.743, 140
Trd, 4319259.443, 140
Trd, 4319260.593, 140
Trd, 4319261.393, 140
Trd, 4319261.443, 140
Trd, 4319261.793, 140
Trd, 4319262.993, 140
Trd, 4319263.493, 140
Trd, 4319264.043, 128
Trd, 4319264.443, 122
Trd, 4319266.193, 123
Trd, 4319266.243, 73
Trd, 4319267.243, 130
Trd, 4319267.593, 129
Trd, 4319269.143, 132
Trd, 4319269.643, 129
Trd, 4319271.343, 129
Trd, 4319271.693, 128
Trd, 4319271.943, 130
Trd, 4319273.243, 135
Trd, 4319274.593, 139
Trd, 4319277.243, 134
Trd, 4319277.493, 123
Trd, 4319278.293, 125
Trd, 4319279.493, 81
Trd, 4319279.543, 82
Trd, 4319279.693, 80
Trd, 4319279.993, 95
Trd, 4319281.443, 102
Trd, 4319281.593, 101
Trd, 4319282.693, 121
Trd, 4319283.293, 103
Trd, 4319283.343, 101
Trd, 4319284.043, 102
Trd, 4319284.093, 79
Trd, 4319285.093, 99
Trd, 4319285.143, 63
Trd, 4319286.993, 124
Trd, 4319289.743, 140
Trd, 4319291.393, 140
Trd, 4319291.893, 140
Trd, 4319292.193, 139
Trd, 4319292.643, 140
Trd, 4319293.193, 140
Trd, 4319293.343, 108
Trd, 4319294.293, 140
Trd, 4319294.793, 140
Trd, 4319296.693, 140
Trd, 4319296.993, 140
Trd, 4319297.793, 140
Trd, 4319297.893, 140
Trd, 4319298.943, 140
Trd, 4319299.143, 136
Trd, 4319299.693, 109
Trd, 4319300.543, 110
Trd, 4319300.943, 110
Trd, 4319301.343, 98
Trd, 4319302.643, 94
Trd, 4319303.393, 73
Trd, 4319305.343, 61
Trd, 4319306.243, 65
Trd, 4319306.343, 66
Trd, 4319307.393, 63
Trd, 4319307.843, 70
Trd, 4319309.243, 61
Trd, 4319309.643, 61
Trd, 4319311.043, 82
Trd, 4319311.193, 76
Trd, 4319311.743, 95
Trd, 4319313.043, 111
Trd, 4319314.593, 119
Trd, 4319314.843, 119
Trd, 4319315.293, 119
Trd, 4319316.343, 83
Trd, 4319317.243, 112
Trd, 4319317.293, 83
Trd, 4319318.443, 134
Trd, 4319319.743, 105
Trd, 4319320.793, 138
Trd, 4319320.843, 137
Trd, 4319321.743, 113
Trd, 4319323.443, 120
Trd, 4319323.493, 118
Trd, 4319323.593, 117
Trd, 4319323.943, 85
Trd, 4319325.693, 84
Trd, 4319326.443, 84
Trd, 4319327.843, 105
Trd, 4319328.093, 105
Trd, 4319328.143, 104
Trd, 4319329.893, 68
Trd, 4319331.543, 129
Trd, 4319331.693, 128
Trd, 4319331.793, 126
Trd, 4319333.043, 125
Trd, 4319334.193, 122
Trd, 4319334.793, 87
Trd, 4319335.243, 77
Trd, 4319335.443, 86
Trd, 4319336.393, 121
Trd, 4319337.043, 121
Trd, 4319338.543, 123
Trd, 4319339.793, 125
Trd, 4319340.093, 126
Trd, 4319340.943, 127
Trd, 4319341.193, 125
Trd, 4319343.243, 118
Trd, 4319343.443, 109
Trd, 4319344.143, 127
Trd, 4319344.643, 133
Trd, 4319344.693, 109
Trd, 4319344.793, 108
Trd, 4319345.943, 99
Trd, 4319347.193, 70
Trd, 4319348.393, 71
Trd, 4319349.193, 94
Trd, 4319349.243, 95
Trd, 4319351.493, 100
Trd, 4319352.143, 113
Trd, 4319352.543, 114
Trd, 4319352.743, 113
Trd, 4319352.893, 113
Trd, 4319354.393, 103
Trd, 4319355.693, 140
Trd, 4319355.743, 139
Trd, 4319355.943, 135
Trd, 4319356.643, 105
Trd, 4319357.093, 133
Trd, 4319357.993, 90
Trd, 4319359.443, 77
Trd, 4319359.643, 63
Trd, 4319362.593, 104
Trd, 4319362.643, 103
Trd, 4319362.943, 82
Trd, 4319363.393, 124
Trd, 4319365.043, 139
Trd, 4319365.993, 140
Trd, 4319366.043, 137
Trd, 4319366.143, 134
Trd, 4319367.243, 102
Trd, 4319368.343, 116
Trd, 4319368.493, 115
Trd, 4319370.893, 126
Trd, 4319371.293, 124
Trd, 4319372.143, 116
Trd, 4319373.293, 121
Trd, 4319374.243, 123
Trd, 4319374.793, 121
Trd, 4319375.793, 135
Trd, 4319377.143, 135
Trd, 4319377.393, 123
Trd, 4319378.393, 121
Trd, 4319379.693, 129
Trd, 4319379.793, 128
Trd, 4319381.443, 129
Trd, 4319382.443, 130
Trd, 4319382.493, 129
Trd, 4319382.693, 128
Trd, 4319383.043, 118
Trd, 4319384.293, 132
Trd, 4319385.193, 105
Trd, 4319385.643, 86
Trd, 4319386.893, 90
Trd, 4319386.943, 88
Trd, 4319387.493, 74
Trd, 4319388.493, 104
Trd, 4319389.243, 104
Trd, 4319390.343, 107
Trd, 4319390.593, 107
Trd, 4319391.093, 107
Trd, 4319392.243, 120
Trd, 4319393.093, 120
Trd, 4319394.793, 131
Trd, 4319395.093, 140
Trd, 4319395.243, 115
Trd, 4319395.743, 107
Trd, 4319396.593, 94
Trd, 4319396.943, 132
Trd, 4319398.643, 93
Trd, 4319400.243, 94
Trd, 4319400.493, 94
Trd, 4319400.943, 129
Trd, 4319401.743, 127
Trd, 4319402.193, 83
Trd, 4319403.543, 82
Trd, 4319404.493, 134
Trd, 4319404.893, 121
Trd, 4319406.293, 93
Trd, 4319407.043, 94
Trd, 4319407.393, 132
Trd, 4319407.693, 96
Trd, 4319408.493, 95
Trd, 4319408.793, 105
Trd, 4319410.443, 130
Trd, 4319410.643, 125
Trd, 4319410.693, 124
Trd, 4319411.093, 123
Trd, 4319412.193, 125
Trd, 4319413.943, 111
Trd, 4319413.993, 109
Trd, 4319415.943, 108
Trd, 4319416.343, 136
Trd, 4319417.093, 107
Trd, 4319417.443, 80
Trd, 4319418.093, 112
Trd, 4319418.743, 70
Trd, 4319420.393, 81
Trd, 4319420.743, 81
Trd, 4319421.393, 119
Trd, 4319422.493, 130
Trd, 4319424.343, 140
Trd, 4319426.593, 140
Trd, 4319426.843, 140
Trd, 4319427.343, 140
Trd, 4319427.793, 140
Trd, 4319427.893, 140
Trd, 4319429.893, 140
Trd, 4319431.043, 126
Trd, 4319431.693, 132
Trd, 4319431.993, 126
Trd, 4319432.593, 91
Trd, 4319434.093, 140
Trd, 4319434.243, 140
Trd, 4319434.593, 134
Trd, 4319435.343, 111
Trd, 4319436.743, 100
Trd, 4319437.793, 108
Trd, 4319438.393, 99
Trd, 4319439.093, 131
Trd, 4319440.393, 136
Trd, 4319440.493, 134
Trd, 4319441.293, 136
Trd, 4319442.593, 93
Trd, 4319443.743, 95
Trd, 4319443.943, 100
Trd, 4319445.393, 140
Trd, 4319445.543, 133
Trd, 4319446.643, 96
Trd, 4319446.843, 91
Trd, 4319446.893, 83
Trd, 4319448.393, 68
Trd, 4319451.643, 101
Trd, 4319452.243, 71
Trd, 4319452.993, 80
Trd, 4319453.193, 80
Trd, 4319453.593, 116
Trd, 4319453.793, 115
Trd, 4319455.043, 129
Trd, 4319456.843, 130
Trd, 4319457.343, 112
Trd, 4319458.643, 118
Trd, 4319458.993, 119
Trd, 4319459.493, 115
Trd, 4319461.393, 87
Trd, 4319462.693, 119
Trd, 4319463.043, 120
Trd, 4319463.343, 118
Trd, 4319465.243, 115
Trd, 4319465.343, 114
Trd, 4319465.393, 93
Trd, 4319466.393, 136
Trd, 4319468.243, 64
Trd, 4319468.643, 76
Trd, 4319469.643, 66
Trd, 4319469.843, 112
Trd, 4319471.493, 124
Trd, 4319471.793, 126
Trd, 4319472.443, 126
Trd, 4319472.543, 125
Trd, 4319473.293, 124
Trd, 4319473.993, 120
Trd, 4319475.893, 116
Trd, 4319477.393, 119
Trd, 4319477.943, 118
Trd, 4319478.443, 81
Trd, 4319478.943, 67
Trd, 4319481.293, 118
Trd, 4319481.443, 103
Trd, 4319484.543, 135
Trd, 4319485.543, 130
Trd, 4319485.643, 129
Trd, 4319486.343, 131
Trd, 4319486.943, 130
Trd, 4319486.993, 128
Trd, 4319487.193, 74
Trd, 4319487.693, 63
Trd, 4319488.943, 88
Trd, 4319490.043, 110
Trd, 4319490.543, 60
Trd, 4319491.143, 60
Trd, 4319491.743, 135
Trd, 4319492.393, 136
Trd, 4319493.843, 134
Trd, 4319494.343, 125
Trd, 4319495.343, 116
Trd, 4319495.893, 137
Trd, 4319495.993, 136
Trd, 4319496.393, 139
Trd, 4319496.443, 133
Trd, 4319498.643, 136
Trd, 4319499.243, 137
Trd, 4319499.393, 137
Trd, 4319499.443, 135
Trd, 4319499.643, 107
Trd, 4319502.143, 97
Trd, 4319503.343, 123
Trd, 4319503.493, 122
Trd, 4319504.443, 114
Trd, 4319505.793, 140
Trd, 4319506.293, 114
Trd, 4319506.693, 113
Trd, 4319507.743, 63
Trd, 4319508.293, 69
Trd, 4319508.393, 71
Trd, 4319509.443, 115
Trd, 4319511.543, 80
Trd, 4319512.493, 95
Trd, 4319512.943, 85
Trd, 4319514.043, 104
Trd, 4319514.893, 86
Trd, 4319515.943, 108
Trd, 4319516.243, 100
Trd, 4319517.193, 103
Trd, 4319517.493, 123
Trd, 4319518.743, 104
Trd, 4319520.393, 60
Trd, 4319520.893, 62
Trd, 4319523.093, 85
Trd, 4319523.143, 84
Trd, 4319523.693, 120
Trd, 4319524.693, 69
Trd, 4319525.493, 111
Trd, 4319527.993, 140
Trd, 4319529.193, 140
Trd, 4319529.543, 140
Trd, 4319529.743, 139
Trd, 4319529.843, 138
Trd, 4319530.243, 139
Trd, 4319530.643, 138
Trd, 4319530.893, 125
Trd, 4319531.693, 134
Trd, 4319531.943, 92
Trd, 4319532.443, 60
Trd, 4319535.193, 60
Trd, 4319535.343, 61
Trd, 4319536.543, 74
Trd, 4319537.493, 67
Trd, 4319538.443, 81
Trd, 4319538.843, 75
Trd, 4319539.743, 95
Trd, 4319541.843, 119
Trd, 4319542.593, 100
Trd, 4319542.843, 99
Trd, 4319543.543, 99
Trd, 4319543.643, 81
Trd, 4319544.993, 70
Trd, 4319546.043, 71
Trd, 4319546.293, 104
Trd, 4319546.993, 72
Trd, 4319547.243, 116
Trd, 4319548.593, 96
Trd, 4319549.643, 124
Trd, 4319550.443, 125
Trd, 4319550.493, 124
Trd, 4319551.443, 99
Trd, 4319552.943, 109
Trd, 4319553.793, 140
Trd, 4319556.243, 140
Trd, 4319556.743, 125
Trd, 4319556.893, 124
Trd, 4319556.943, 120
Trd, 4319557.493, 116
Trd, 4319557.793, 116
Trd, 4319558.043, 115
Trd, 4319558.643, 100
Trd, 4319559.443, 90
Trd, 4319560.343, 94
Trd, 4319560.543, 128
Trd, 4319560.643, 84
Trd, 4319562.143, 81
Trd, 4319562.543, 84
Trd, 4319562.993, 75
Trd, 4319563.493, 78
Trd, 4319563.893, 112
Trd, 4319563.993, 76
Trd, 4319566.293, 130
Trd, 4319566.593, 129
Trd, 4319567.643, 129
Trd, 4319568.443, 89
Trd, 4319568.493, 88
Trd, 4319570.393, 103
Trd, 4319570.993, 138
Trd, 4319572.943, 109
Trd, 4319573.243, 124
Trd, 4319574.693, 127
Trd, 4319574.843, 126
Trd, 4319576.943, 114
Trd, 4319577.693, 114
Trd, 4319578.193, 111
Trd, 4319578.293, 114
Trd, 4319578.443, 110
Trd, 4319578.493, 109
Trd, 4319579.143, 77
Trd, 4319580.843, 93
Trd, 4319581.943, 137
Trd, 4319582.093, 93
Trd, 4319584.743, 98
Trd, 4319584.793, 97
Trd, 4319585.093, 99
Trd, 4319585.393, 81
Trd, 4319585.843, 64
Trd, 4319586.793, 118
Trd, 4319586.843, 111
Trd, 4319586.893, 110
Trd, 4319587.443, 110
Trd, 4319589.393, 129
Trd, 4319589.793, 130
Trd, 4319590.443, 132
Trd, 4319590.893, 131
Trd, 4319591.843, 106
Trd, 4319593.143, 121
Trd, 4319593.593, 104
Trd, 4319594.043, 102
Trd, 4319595.743, 132
Trd, 4319596.643, 99
Trd, 4319597.343, 111
Trd, 4319597.443, 112
Trd, 4319598.193, 126
Trd, 4319598.743, 129
Trd, 4319599.243, 128
Trd, 4319601.143, 122
Trd, 4319602.043, 124
Trd, 4319602.143, 123
Trd, 4319602.643, 123
Trd, 4319603.193, 100
Trd, 4319603.343, 76
Trd, 4319607.743, 135
Trd, 4319607.793, 134
Trd, 4319607.893, 123
Trd, 4319608.043, 121
Trd, 4319608.843, 107
Trd, 4319609.693, 108
Trd, 4319609.743, 105
Trd, 4319609.893, 74
Trd, 4319612.793, 140
Trd, 4319612.893, 140
Trd, 4319612.943, 138
Trd, 4319613.193, 133
Trd, 4319613.243, 107
Trd, 4319614.393, 128
Trd, 4319615.293, 130
Trd, 4319617.243, 117
Trd, 4319618.243, 99
Trd, 4319618.793, 113
Trd, 4319619.493, 133
Trd, 4319619.593, 129
Trd, 4319619.893, 102
Trd, 4319622.293, 140
Trd, 4319622.493, 132
Trd, 4319622.643, 131
Trd, 4319622.843, 101
Trd, 4319624.493, 119
Trd, 4319624.643, 105
Trd, 4319625.093, 78
Trd, 4319625.993, 83
Trd, 4319626.693, 97
Trd, 4319627.943, 91
Trd, 4319628.843, 85
Trd, 4319629.643, 126
Trd, 4319630.093, 83
Trd, 4319631.593, 126
Trd, 4319631.993, 124
Trd, 4319633.493, 124
Trd, 4319634.743, 139
Trd, 4319635.243, 100
Trd, 4319635.343, 98
Trd, 4319635.693, 97
Trd, 4319636.543, 115
Trd, 4319637.243, 138
Trd, 4319637.793, 83
Trd, 4319639.443, 131
Trd, 4319640.293, 134
Trd, 4319642.443, 116
Trd, 4319642.943, 117
Trd, 4319643.243, 118
Trd, 4319643.443, 118
Trd, 4319644.693, 131
Trd, 4319644.943, 117
Trd, 4319645.693, 94
Trd, 4319647.743, 85
Trd, 4319647.893, 84
Trd, 4319648.993, 72
Trd, 4319649.093, 89
Trd, 4319649.393, 93
Trd, 4319649.593, 93
Trd, 4319650.293, 120
Trd, 4319650.593, 73
Trd, 4319650.743, 72
Trd, 4319652.693, 121
Trd, 4319653.493, 123
Trd, 4319653.693, 121
Trd, 4319656.743, 112
Trd, 4319657.643, 118
Trd, 4319657.993, 119
Trd, 4319658.193, 120
Trd, 4319658.293, 119
Trd, 4319659.393, 119
Trd, 4319660.293, 86
Trd, 4319660.693, 116
Trd, 4319661.593, 131
Trd, 4319662.243, 140
Trd, 4319663.293, 91
Trd, 4319663.993, 95
Trd, 4319665.243, 124
Trd, 4319665.343, 123
Trd, 4319666.443, 125
Trd, 4319668.093, 127
Trd, 4319668.743, 128
Trd, 4319668.793, 127
Trd, 4319669.143, 130
Trd, 4319669.493, 129
Trd, 4319669.593, 109
Trd, 4319670.843, 112
Trd, 4319671.993, 135
Trd, 4319672.643, 136
Trd, 4319674.993, 135
Trd, 4319676.593, 60
Trd, 4319677.393, 60
Trd, 4319677.893, 60
Trd, 4319677.943, 60
Trd, 4319678.993, 140
Trd, 4319679.343, 140
Trd, 4319680.543, 140
Trd, 4319680.593, 140
Trd, 4319682.143, 117
Trd, 4319682.193, 110
Trd, 4319682.293, 85
Trd, 4319684.193, 115
Trd, 4319684.443, 95
Trd, 4319684.943, 90
Trd, 4319686.443, 137
Trd, 4319686.793, 101
Trd, 4319687.793, 129
Trd, 4319688.243, 128
Trd, 4319690.143, 139
Trd, 4319690.393, 139
Trd, 4319690.693, 140
Trd, 4319691.293, 140
Trd, 4319691.693, 76
Trd, 4319693.043, 125
Trd, 4319693.093, 124
Trd, 4319694.293, 136
Trd, 4319695.093, 134
Trd, 4319695.643, 137
Trd, 4319696.543, 102
Trd, 4319698.543, 140
Trd, 4319699.693, 140
Trd, 4319700.743, 138
Trd, 4319700.943, 137
Trd, 4319701.543, 79
Trd, 4319702.843, 127
Trd, 4319703.343, 108
Trd, 4319703.493, 103
Trd, 4319703.993, 104
Trd, 4319704.843, 135
Trd, 4319706.593, 140
Trd, 4319707.493, 140
Trd, 4319708.193, 140
Trd, 4319709.893, 140
Trd, 4319709.943, 140
Trd, 4319709.993, 131
Trd, 4319712.393, 124
Trd, 4319712.493, 123
Trd, 4319713.093, 118
Trd, 4319713.993, 132
Trd, 4319714.143, 131
Trd, 4319715.143, 106
Trd, 4319716.593, 123
Trd, 4319717.293, 121
Trd, 4319717.843, 132
Trd, 4319718.643, 131
Trd, 4319718.693, 111
Trd, 4319720.443, 93
Trd, 4319720.643, 92
Trd, 4319722.143, 97
Trd, 4319722.393, 96
Trd, 4319722.893, 60
Trd, 4319723.343, 63
Trd, 4319723.743, 65
Trd, 4319725.843, 92
Trd, 4319726.793, 61
Trd, 4319728.993, 63
Trd, 4319729.393, 100
Trd, 4319729.893, 98
Trd, 4319730.043, 137
Trd, 4319731.593, 131
Trd, 4319732.393, 132
Trd, 4319733.443, 135
Trd, 4319733.493, 132
Trd, 4319733.893, 132
Trd, 4319734.093, 131
Trd, 4319734.343, 67
Trd, 4319735.143, 90
Trd, 4319737.343, 103
Trd, 4319737.793, 103
Trd, 4319738.793, 131
Trd, 4319739.443, 73
Trd, 4319740.093, 73
Trd, 4319740.693, 73
Trd, 4319742.893, 108
Trd, 4319742.993, 111
Trd, 4319743.093, 94
Trd, 4319743.893, 93
Trd, 4319744.093, 109
Trd, 4319744.993, 98
Trd, 4319745.043, 107
Trd, 4319745.343, 71
Trd, 4319746.343, 74
Trd, 4319747.393, 63
Trd, 4319750.443, 69
Trd, 4319752.093, 70
Trd, 4319752.743, 95
Trd, 4319753.243, 90
Trd, 4319753.443, 88
Trd, 4319755.643, 110
Trd, 4319756.293, 115
Trd, 4319757.443, 118
Trd, 4319758.293, 122
Trd, 4319758.993, 132
Trd, 4319759.443, 116
Trd, 4319759.693, 116
Trd, 4319759.843, 115
Trd, 4319761.543, 64
Trd, 4319761.893, 66
Trd, 4319763.243, 66
Trd, 4319764.343, 63
Trd, 4319764.793, 62
Trd, 4319766.043, 84
Trd, 4319766.193, 83
Trd, 4319767.343, 74
Trd, 4319768.343, 60
Trd, 4319768.493, 111
Trd, 4319769.143, 63
Trd, 4319769.693, 132
Trd, 4319769.843, 131
Trd, 4319770.493, 116
Trd, 4319771.793, 91
Trd, 4319773.393, 60
Trd, 4319773.893, 61
Trd, 4319774.793, 94
Trd, 4319774.843, 95
Trd, 4319776.143, 85
Trd, 4319776.843, 79
Trd, 4319777.193, 86
Trd, 4319777.343, 126
Trd, 4319778.793, 87
Trd, 4319779.193, 88
Trd, 4319779.443, 75
Trd, 4319780.243, 61
Trd, 4319781.443, 62
Trd, 4319783.243, 90
Trd, 4319784.493, 94
Trd, 4319784.543, 93
Trd, 4319784.693, 98
Trd, 4319785.193, 137
Trd, 4319786.743, 114
Trd, 4319787.393, 109
Trd, 4319788.743, 130
Trd, 4319788.843, 129
Trd, 4319788.943, 108
Trd, 4319789.193, 93
Trd, 4319789.493, 132
Trd, 4319789.743, 131
Trd, 4319791.143, 89
Trd, 4319791.793, 76
Trd, 4319792.993, 117
Trd, 4319794.143, 104
Trd, 4319794.193, 103
Trd, 4319795.293, 125
Trd, 4319795.943, 122
Trd, 4319796.143, 89
Trd, 4319796.543, 88
Trd, 4319799.293, 60
Trd, 4319800.243, 73
Trd, 4319800.943, 66
Trd, 4319801.493, 67
Trd, 4319801.593, 69
Trd, 4319802.793, 74
Trd, 4319804.643, 137
Trd, 4319804.793, 133
Trd, 4319805.093, 94
Trd, 4319805.643, 126
Trd, 4319805.893, 106
Trd, 4319806.093, 88
Trd, 4319806.693, 122
Trd, 4319807.593, 116
Trd, 4319808.543, 120
Trd, 4319808.993, 120
Trd, 4319809.493, 119
Trd, 4319811.143, 131
Trd, 4319811.543, 130
Trd, 4319812.643, 140
Trd, 4319813.743, 140
Trd, 4319814.393, 121
Trd, 4319814.793, 90
Trd, 4319815.393, 104
Trd, 4319818.543, 61
Trd, 4319818.843, 65
Trd, 4319820.143, 86
Trd, 4319821.293, 117
Trd, 4319822.093, 118
Trd, 4319822.493, 115
Trd, 4319823.043, 119
Trd, 4319824.393, 137
Trd, 4319824.793, 137
Trd, 4319824.893, 130
Trd, 4319826.343, 97
Trd, 4319826.893, 79
Trd, 4319827.593, 78
Trd, 4319827.693, 77
Trd, 4319829.543, 118
Trd, 4319829.693, 79
Trd, 4319830.793, 102
Trd, 4319830.843, 78
Trd, 4319831.593, 91
Trd, 4319832.993, 63
Trd, 4319833.643, 71
Trd, 4319835.093, 62
Trd, 4319837.143, 60
Trd, 4319837.193, 61
Trd, 4319838.543, 61
Trd, 4319838.643, 62
Trd, 4319839.993, 80
Trd, 4319840.543, 124
Trd, 4319842.043, 76
Trd, 4319842.193, 75
Trd, 4319842.393, 79
Trd, 4319842.593, 81
Trd, 4319844.243, 99
Trd, 4319844.643, 99
Trd, 4319844.843, 123
Trd, 4319844.943, 98
Trd, 4319847.243, 81
Trd, 4319849.043, 120
Trd, 4319849.243, 119
Trd, 4319850.143, 139
Trd, 4319851.193, 106
Trd, 4319852.093, 120
Trd, 4319852.343, 119
Trd, 4319853.543, 124
Trd, 4319853.893, 121
Trd, 4319854.993, 106
Trd, 4319856.343, 101
Trd, 4319857.843, 106
Trd, 4319858.093, 105
Trd, 4319858.293, 124
Trd, 4319859.343, 108
Trd, 4319860.093, 123
Trd, 4319860.243, 109
Trd, 4319860.893, 110
Trd, 4319861.643, 110
Trd, 4319862.843, 96
Trd, 4319862.893, 89
Trd, 4319863.293, 81
Trd, 4319864.643, 60
Trd, 4319867.843, 63
Trd, 4319867.893, 64
Trd, 4319868.543, 68
Trd, 4319869.943, 114
Trd, 4319870.893, 119
Trd, 4319871.043, 118
Trd, 4319871.343, 119
Trd, 4319873.643, 139
Trd, 4319873.893, 138
Trd, 4319874.143, 133
Trd, 4319875.143, 117
Trd, 4319876.743, 129
Trd, 4319877.093, 130
Trd, 4319877.543, 130
Trd, 4319878.993, 132
Trd, 4319879.043, 131
Trd, 4319879.393, 126
Trd, 4319880.043, 87
Trd, 4319882.543, 63
Trd, 4319883.193, 74
Trd, 4319884.243, 68
Trd, 4319884.543, 70
Trd, 4319884.943, 64
Trd, 4319885.193, 71
Trd, 4319885.593, 73
Trd, 4319885.743, 103
Trd, 4319886.343, 110
Trd, 4319887.443, 101
Trd, 4319888.543, 135
Trd, 4319888.893, 138
Trd, 4319889.093, 134
Trd, 4319891.493, 100
Trd, 4319892.043, 127
Trd, 4319893.043, 104
Trd, 4319893.293, 103
Trd, 4319893.493, 100
Trd, 4319893.643, 129
Trd, 4319895.093, 100
Trd, 4319896.043, 101
Trd, 4319897.843, 103
Trd, 4319898.293, 102
Trd, 4319900.343, 140
Trd, 4319901.743, 140
Trd, 4319901.893, 140
Trd, 4319902.543, 136
Trd, 4319902.743, 134
Trd, 4319902.993, 129
Trd, 4319903.543, 126
Trd, 4319905.343, 132
Trd, 4319905.943, 132
Trd, 4319906.593, 132
Trd, 4319907.043, 132
Trd, 4319907.893, 131
Trd, 4319908.693, 130
Trd, 4319910.193, 75
Trd, 4319911.043, 96
Trd, 4319912.243, 109
Trd, 4319913.143, 130
Trd, 4319913.443, 128
Trd, 4319914.093, 136
Trd, 4319914.443, 135
Trd, 4319914.993, 108
Trd, 4319916.843, 122
Trd, 4319916.943, 120
Trd, 4319917.843, 119
Trd, 4319918.793, 140
Trd, 4319919.193, 140
Trd, 4319919.243, 139
Trd, 4319919.693, 140
Trd, 4319919.943, 140
Trd, 4319921.343, 140
Trd, 4319922.143, 117
Trd, 4319924.493, 137
Trd, 4319924.543, 101
Trd, 4319925.143, 115
Trd, 4319925.593, 115
Trd, 4319925.943, 114
Trd, 4319925.993, 97
Trd, 4319927.143, 132
Trd, 4319929.093, 99
Trd, 4319929.393, 110
Trd, 4319929.443, 109
Trd, 4319930.943, 132
Trd, 4319931.293, 131
Trd, 4319933.793, 135
Trd, 4319934.393, 135
Trd, 4319934.793, 135
Trd, 4319936.593, 113
Trd, 4319936.643, 102
Trd, 4319936.843, 86
Trd, 4319939.093, 138
Trd, 4319939.243, 133
Trd, 4319940.843, 127
Trd, 4319940.893, 97
Trd, 4319942.043, 98
Trd, 4319942.693, 97
Trd, 4319942.843, 112
Trd, 4319944.643, 93
Trd, 4319944.743, 92
Trd, 4319945.743, 83
Trd, 4319946.893, 62
Trd, 4319947.893, 76
Trd, 4319948.893, 120
Trd, 4319950.743, 123
Trd, 4319951.143, 123
Trd, 4319951.243, 122
Trd, 4319951.993, 134
Trd, 4319953.593, 130
Trd, 4319954.693, 128
Trd, 4319954.843, 125
Trd, 4319955.893, 136
Trd, 4319956.093, 135
Trd, 4319956.693, 106
Trd, 4319958.543, 110
Trd, 4319958.743, 109
Trd, 4319959.093, 95
Trd, 4319960.493, 140
Trd, 4319962.743, 102
Trd, 4319963.643, 117
Trd, 4319965.343, 120
Trd, 4319965.443, 118
Trd, 4319965.643, 117
Trd, 4319966.043, 116
Trd, 4319966.793, 109
Trd, 4319967.693, 140
Trd, 4319968.693, 140
Trd, 4319970.893, 140
Trd, 4319971.293, 140
Trd, 4319972.093, 140
Trd, 4319973.993, 131
Trd, 4319974.193, 131
Trd, 4319974.943, 129
Trd, 4319975.293, 128
Trd, 4319975.493, 127
Trd, 4319975.743, 126
Trd, 4319975.993, 103
Trd, 4319976.843, 140
Trd, 4319977.493, 140
Trd, 4319977.543, 121
Trd, 4319980.443, 111
Trd, 4319980.643, 111
Trd, 4319980.693, 109
Trd, 4319981.693, 115
Trd, 4319982.493, 114
Trd, 4319982.993, 112
Trd, 4319984.843, 116
Trd, 4319985.343, 118
Trd, 4319985.643, 126
Trd, 4319986.293, 120
Trd, 4319988.143, 117
Trd, 4319989.043, 116
Trd, 4319990.343, 61
Trd, 4319991.593, 110
Trd, 4319991.693, 83
Trd, 4319992.143, 74
Trd, 4319992.293, 73
Trd, 4319993.693, 65
Trd, 4319993.843, 66
Trd, 4319994.193, 64
Trd, 4319996.743, 126
Trd, 4319997.393, 106
Trd, 4319998.493, 119
Trd, 4319999.093, 122
