Trd, 4318090.293, 115
Trd, 4318090.743, 95
Trd, 4318091.293, 96
Trd, 4318091.593, 140
Trd, 4318092.493, 135
Trd, 4318093.893, 129
Trd, 4318094.093, 131
Trd, 4318094.193, 132
Trd, 4318095.693, 103
Trd, 4318098.943, 132
Trd, 4318099.243, 130
Trd, 4318099.393, 130
Trd, 4318100.643, 97
Trd, 4318101.143, 103
Trd, 4318101.943, 108
Trd, 4318102.643, 120
Trd, 4318103.293, 117
Trd, 4318103.643, 114
Trd, 4318103.793, 95
Trd, 4318106.443, 116
Trd, 4318106.693, 111
Trd, 4318107.643, 98
Trd, 4318108.193, 96
Trd, 4318108.543, 101
Trd, 4318108.693, 96
Trd, 4318108.943, 94
Trd, 4318109.243, 90
Trd, 4318110.293, 115
Trd, 4318111.293, 115
Trd, 4318113.293, 109
Trd, 4318114.093, 132
Trd, 4318114.393, 108
Trd, 4318115.943, 120
Trd, 4318116.993, 117
Trd, 4318118.393, 115
Trd, 4318118.893, 114
Trd, 4318120.393, 129
Trd, 4318120.543, 115
Trd, 4318121.443, 112
Trd, 4318121.643, 109
Trd, 4318122.243, 111
Trd, 4318122.493, 105
Trd, 4318122.743, 93
Trd, 4318123.443, 104
Trd, 4318123.793, 99
Trd, 4318126.293, 87
Trd, 4318128.093, 67
Trd, 4318128.793, 84
Trd, 4318128.943, 85
Trd, 4318129.393, 67
Trd, 4318130.193, 107
Trd, 4318130.393, 96
Trd, 4318131.893, 105
Trd, 4318132.293, 86
Trd, 4318134.143, 104
Trd, 4318134.243, 101
Trd, 4318135.343, 93
Trd, 4318136.393, 92
Trd, 4318137.393, 126
Trd, 4318137.943, 124
Trd, 4318138.643, 115
Trd, 4318139.143, 104
Trd, 4318140.693, 115
Trd, 4318141.493, 97
Trd, 4318141.743, 95
Trd, 4318141.793, 96
Trd, 4318141.993, 81
Trd, 4318142.943, 90
Trd, 4318142.993, 81
Trd, 4318143.493, 79
Trd, 4318144.543, 110
Trd, 4318146.443, 117
Trd, 4318147.693, 127
Trd, 4318147.943, 117
Trd, 4318148.193, 105
Trd, 4318148.243, 102
Trd, 4318150.343, 84
Trd, 4318150.443, 111
Trd, 4318151.643, 91
Trd, 4318153.243, 107
Trd, 4318153.643, 114
Trd, 4318153.843, 105
Trd, 4318154.543, 102
Trd, 4318155.093, 97
Trd, 4318156.093, 110
Trd, 4318156.343, 112
Trd, 4318157.443, 127
Trd, 4318157.743, 103
Trd, 4318159.093, 103
Trd, 4318159.993, 102
Trd, 4318160.593, 100
Trd, 4318161.543, 85
Trd, 4318162.443, 83
Trd, 4318162.593, 75
Trd, 4318163.193, 80
Trd, 4318165.743, 114
Trd, 4318166.393, 113
Trd, 4318166.743, 108
Trd, 4318167.293, 106
Trd, 4318167.593, 103
Trd, 4318168.443, 103
Trd, 4318170.893, 110
Trd, 4318171.343, 80
Trd, 4318171.643, 123
Trd, 4318172.293, 132
Trd, 4318172.593, 102
Trd, 4318173.593, 80
Trd, 4318173.793, 79
Trd, 4318174.693, 75
Trd, 4318174.893, 70
Trd, 4318175.443, 70
Trd, 4318177.693, 132
Trd, 4318177.743, 110
Trd, 4318178.343, 109
Trd, 4318178.893, 117
Trd, 4318180.293, 120
Trd, 4318180.343, 110
Trd, 4318181.843, 108
Trd, 4318182.043, 107
Trd, 4318182.393, 105
Trd, 4318183.143, 125
Trd, 4318183.743, 123
Trd, 4318184.243, 133
Trd, 4318184.593, 128
Trd, 4318185.193, 136
Trd, 4318185.343, 101
Trd, 4318185.743, 126
Trd, 4318186.143, 99
Trd, 4318188.993, 84
Trd, 4318189.193, 94
Trd, 4318189.293, 91
Trd, 4318189.543, 107
Trd, 4318191.543, 122
Trd, 4318192.543, 135
Trd, 4318192.693, 127
Trd, 4318193.393, 112
Trd, 4318193.643, 111
Trd, 4318194.693, 109
Trd, 4318196.343, 114
Trd, 4318196.693, 119
Trd, 4318196.943, 111
Trd, 4318197.693, 74
Trd, 4318197.943, 89
Trd, 4318199.743, 82
Trd, 4318199.943, 76
Trd, 4318201.293, 82
Trd, 4318201.593, 87
Trd, 4318202.293, 138
Trd, 4318203.243, 78
Trd, 4318203.343, 76
Trd, 4318205.093, 74
Trd, 4318206.343, 104
Trd, 4318207.343, 98
Trd, 4318208.143, 101
Trd, 4318208.193, 101
Trd, 4318209.793, 99
Trd, 4318210.743, 112
Trd, 4318211.743, 123
Trd, 4318211.793, 86
Trd, 4318211.843, 85
Trd, 4318213.693, 69
Trd, 4318215.643, 112
Trd, 4318216.193, 109
Trd, 4318216.393, 107
Trd, 4318217.243, 107
Trd, 4318217.393, 105
Trd, 4318217.743, 104
Trd, 4318218.043, 109
Trd, 4318219.943, 85
Trd, 4318220.843, 136
Trd, 4318221.543, 98
Trd, 4318221.893, 110
Trd, 4318221.943, 91
Trd, 4318222.693, 91
Trd, 4318222.743, 94
Trd, 4318223.793, 113
Trd, 4318224.943, 101
Trd, 4318225.393, 99
Trd, 4318227.443, 121
Trd, 4318228.243, 96
Trd, 4318228.343, 95
Trd, 4318228.393, 113
Trd, 4318229.543, 90
Trd, 4318229.993, 140
Trd, 4318231.443, 118
Trd, 4318231.543, 115
Trd, 4318232.543, 96
Trd, 4318232.593, 125
Trd, 4318235.493, 121
Trd, 4318235.693, 109
Trd, 4318236.093, 85
Trd, 4318237.043, 138
Trd, 4318238.043, 122
Trd, 4318238.693, 130
Trd, 4318238.793, 123
Trd, 4318240.093, 135
Trd, 4318240.243, 133
Trd, 4318240.293, 102
Trd, 4318240.643, 97
Trd, 4318242.193, 127
Trd, 4318242.993, 122
Trd, 4318243.143, 120
Trd, 4318243.843, 116
Trd, 4318244.093, 112
Trd, 4318244.243, 96
Trd, 4318245.143, 67
Trd, 4318246.093, 135
Trd, 4318246.293, 131
Trd, 4318249.143, 95
Trd, 4318249.193, 94
Trd, 4318249.343, 94
Trd, 4318250.993, 109
Trd, 4318251.343, 139
Trd, 4318251.943, 101
Trd, 4318252.593, 77
Trd, 4318253.443, 77
Trd, 4318254.743, 100
Trd, 4318254.793, 79
Trd, 4318256.643, 98
Trd, 4318257.243, 98
Trd, 4318257.943, 100
Trd, 4318257.993, 120
Trd, 4318258.743, 62
Trd, 4318261.243, 68
Trd, 4318261.343, 74
Trd, 4318261.693, 77
Trd, 4318262.543, 86
Trd, 4318263.293, 98
Trd, 4318264.543, 89
Trd, 4318264.643, 86
Trd, 4318264.843, 64
Trd, 4318266.243, 135
Trd, 4318267.343, 137
Trd, 4318267.593, 107
Trd, 4318268.593, 124
Trd, 4318268.993, 120
Trd, 4318269.143, 106
Trd, 4318270.593, 123
Trd, 4318270.843, 107
Trd, 4318272.643, 99
Trd, 4318272.943, 98
Trd, 4318273.393, 100
Trd, 4318274.193, 116
Trd, 4318274.993, 97
Trd, 4318275.143, 89
Trd, 4318275.493, 82
Trd, 4318276.493, 136
Trd, 4318277.193, 123
Trd, 4318277.443, 120
Trd, 4318278.043, 119
Trd, 4318278.393, 108
Trd, 4318280.393, 72
Trd, 4318281.043, 79
Trd, 4318281.593, 134
Trd, 4318282.693, 94
Trd, 4318283.293, 98
Trd, 4318283.843, 93
Trd, 4318284.193, 126
Trd, 4318285.043, 87
Trd, 4318285.443, 93
Trd, 4318285.843, 86
Trd, 4318285.993, 65
Trd, 4318287.893, 117
Trd, 4318288.793, 109
Trd, 4318289.043, 78
Trd, 4318290.793, 78
Trd, 4318291.093, 94
Trd, 4318291.793, 88
Trd, 4318292.343, 105
Trd, 4318293.543, 77
Trd, 4318294.943, 83
Trd, 4318295.243, 104
Trd, 4318296.893, 102
Trd, 4318297.143, 107
Trd, 4318297.393, 85
Trd, 4318299.193, 85
Trd, 4318299.643, 100
Trd, 4318299.943, 90
Trd, 4318300.893, 88
Trd, 4318301.193, 94
Trd, 4318302.093, 108
Trd, 4318302.493, 118
Trd, 4318303.693, 105
Trd, 4318304.443, 109
Trd, 4318305.743, 110
Trd, 4318306.443, 104
Trd, 4318306.543, 120
Trd, 4318307.643, 103
Trd, 4318307.843, 101
Trd, 4318308.543, 110
Trd, 4318308.743, 100
Trd, 4318309.243, 88
Trd, 4318310.043, 100
Trd, 4318310.193, 99
Trd, 4318310.493, 69
Trd, 4318312.093, 107
Trd, 4318312.443, 86
Trd, 4318312.743, 90
Trd, 4318314.393, 76
Trd, 4318315.343, 118
Trd, 4318315.643, 79
Trd, 4318316.343, 75
Trd, 4318317.043, 74
Trd, 4318317.443, 105
Trd, 4318317.493, 97
Trd, 4318318.493, 82
Trd, 4318318.593, 75
Trd, 4318319.543, 85
Trd, 4318319.843, 109
Trd, 4318320.143, 90
Trd, 4318323.943, 69
Trd, 4318324.343, 78
Trd, 4318325.093, 80
Trd, 4318326.043, 71
Trd, 4318326.243, 71
Trd, 4318328.393, 71
Trd, 4318328.593, 81
Trd, 4318328.793, 77
Trd, 4318329.193, 104
Trd, 4318329.243, 70
Trd, 4318330.443, 67
Trd, 4318330.843, 103
Trd, 4318331.643, 121
Trd, 4318332.543, 115
Trd, 4318333.643, 111
Trd, 4318334.643, 110
Trd, 4318335.693, 133
Trd, 4318335.943, 95
Trd, 4318336.193, 93
Trd, 4318336.443, 90
Trd, 4318336.743, 73
Trd, 4318337.343, 104
Trd, 4318337.943, 122
Trd, 4318338.093, 98
Trd, 4318338.193, 95
Trd, 4318340.443, 97
Trd, 4318341.543, 101
Trd, 4318341.593, 100
Trd, 4318342.693, 123
Trd, 4318343.343, 108
Trd, 4318343.493, 103
Trd, 4318344.343, 97
Trd, 4318345.043, 95
Trd, 4318345.793, 69
Trd, 4318346.693, 116
Trd, 4318348.993, 111
Trd, 4318349.593, 110
Trd, 4318349.643, 102
Trd, 4318349.743, 101
Trd, 4318349.943, 98
Trd, 4318349.993, 93
Trd, 4318351.293, 81
Trd, 4318351.693, 134
Trd, 4318354.793, 110
Trd, 4318356.093, 106
Trd, 4318356.243, 96
Trd, 4318356.943, 95
Trd, 4318358.443, 109
Trd, 4318358.893, 108
Trd, 4318359.393, 129
Trd, 4318359.493, 107
Trd, 4318360.293, 91
Trd, 4318360.843, 97
Trd, 4318361.293, 111
Trd, 4318361.943, 90
Trd, 4318362.743, 129
Trd, 4318363.793, 121
Trd, 4318363.893, 118
Trd, 4318364.343, 115
Trd, 4318364.593, 96
Trd, 4318366.343, 114
Trd, 4318367.193, 107
Trd, 4318367.243, 106
Trd, 4318367.793, 120
Trd, 4318368.443, 103
Trd, 4318368.943, 95
Trd, 4318369.443, 92
Trd, 4318369.943, 93
Trd, 4318370.443, 87
Trd, 4318372.543, 96
Trd, 4318373.443, 104
Trd, 4318374.593, 95
Trd, 4318376.443, 119
Trd, 4318376.693, 117
Trd, 4318377.043, 133
Trd, 4318377.193, 131
Trd, 4318378.443, 116
Trd, 4318378.643, 110
Trd, 4318378.743, 95
Trd, 4318379.493, 112
Trd, 4318380.593, 86
Trd, 4318380.843, 110
Trd, 4318381.993, 65
Trd, 4318383.443, 77
Trd, 4318383.593, 64
Trd, 4318384.943, 103
Trd, 4318385.893, 84
Trd, 4318386.243, 83
Trd, 4318386.793, 124
Trd, 4318387.643, 100
Trd, 4318389.643, 96
Trd, 4318389.743, 82
Trd, 4318390.093, 111
Trd, 4318390.543, 100
Trd, 4318392.493, 100
Trd, 4318392.793, 101
Trd, 4318393.493, 88
Trd, 4318394.193, 99
Trd, 4318395.493, 119
Trd, 4318396.043, 129
Trd, 4318396.143, 122
Trd, 4318396.493, 91
Trd, 4318396.593, 90
Trd, 4318397.993, 119
Trd, 4318398.493, 117
Trd, 4318398.543, 117
Trd, 4318398.893, 114
Trd, 4318399.093, 73
Trd, 4318399.493, 84
Trd, 4318402.593, 78
Trd, 4318403.843, 74
Trd, 4318404.143, 105
Trd, 4318404.343, 92
Trd, 4318405.743, 101
Trd, 4318407.343, 99
Trd, 4318409.143, 89
Trd, 4318410.093, 104
Trd, 4318411.343, 97
Trd, 4318411.543, 92
Trd, 4318411.643, 91
Trd, 4318413.243, 95
Trd, 4318413.293, 95
Trd, 4318413.343, 91
Trd, 4318413.893, 130
Trd, 4318414.443, 91
Trd, 4318415.943, 125
Trd, 4318416.243, 111
Trd, 4318418.193, 72
Trd, 4318418.443, 89
Trd, 4318418.593, 79
Trd, 4318419.293, 75
Trd, 4318419.493, 93
Trd, 4318420.993, 66
Trd, 4318421.843, 79
Trd, 4318422.943, 73
Trd, 4318423.043, 71
Trd, 4318423.093, 74
Trd, 4318424.443, 103
Trd, 4318425.643, 97
Trd, 4318426.343, 92
Trd, 4318427.943, 104
Trd, 4318428.643, 114
Trd, 4318429.843, 134
Trd, 4318430.093, 92
Trd, 4318430.293, 89
Trd, 4318431.043, 122
Trd, 4318431.993, 82
Trd, 4318432.393, 76
Trd, 4318434.693, 71
Trd, 4318435.443, 114
Trd, 4318435.743, 86
Trd, 4318436.393, 69
Trd, 4318437.543, 133
Trd, 4318437.943, 129
Trd, 4318438.643, 87
Trd, 4318439.643, 93
Trd, 4318440.393, 96
Trd, 4318440.943, 91
Trd, 4318441.243, 99
Trd, 4318441.643, 93
Trd, 4318443.043, 108
Trd, 4318443.493, 90
Trd, 4318443.743, 82
Trd, 4318445.843, 117
Trd, 4318445.893, 92
Trd, 4318447.143, 80
Trd, 4318448.243, 80
Trd, 4318448.993, 77
Trd, 4318450.843, 131
Trd, 4318450.993, 111
Trd, 4318452.993, 118
Trd, 4318453.543, 116
Trd, 4318454.093, 113
Trd, 4318454.193, 113
Trd, 4318454.493, 116
Trd, 4318454.643, 113
Trd, 4318455.643, 130
Trd, 4318455.893, 135
Trd, 4318456.493, 130
Trd, 4318457.193, 109
Trd, 4318457.743, 122
Trd, 4318458.843, 90
Trd, 4318459.443, 104
Trd, 4318460.143, 88
Trd, 4318460.493, 62
Trd, 4318461.893, 70
Trd, 4318461.943, 84
Trd, 4318462.093, 67
Trd, 4318462.243, 66
Trd, 4318463.843, 95
Trd, 4318464.293, 94
Trd, 4318465.143, 115
Trd, 4318465.243, 114
Trd, 4318465.293, 103
Trd, 4318466.143, 78
Trd, 4318467.293, 93
Trd, 4318467.493, 95
Trd, 4318468.343, 129
Trd, 4318469.393, 123
Trd, 4318469.543, 121
Trd, 4318470.143, 130
Trd, 4318470.493, 92
Trd, 4318471.593, 61
Trd, 4318473.843, 69
Trd, 4318473.893, 110
Trd, 4318474.943, 67
Trd, 4318475.293, 88
Trd, 4318476.843, 94
Trd, 4318477.893, 90
Trd, 4318478.393, 88
Trd, 4318479.693, 120
Trd, 4318481.343, 109
Trd, 4318481.493, 108
Trd, 4318483.443, 97
Trd, 4318483.493, 89
Trd, 4318483.543, 88
Trd, 4318483.793, 81
Trd, 4318483.943, 101
Trd, 4318484.493, 137
Trd, 4318486.593, 91
Trd, 4318487.193, 87
Trd, 4318489.543, 67
Trd, 4318489.743, 92
Trd, 4318490.043, 66
Trd, 4318490.293, 140
Trd, 4318490.793, 135
Trd, 4318491.843, 121
Trd, 4318492.093, 118
Trd, 4318493.043, 123
Trd, 4318493.593, 111
Trd, 4318495.243, 108
Trd, 4318495.393, 110
Trd, 4318495.543, 105
Trd, 4318495.593, 103
Trd, 4318495.643, 79
Trd, 4318497.543, 120
Trd, 4318497.843, 103
Trd, 4318498.743, 101
Trd, 4318499.243, 80
Trd, 4318500.493, 78
Trd, 4318501.893, 94
Trd, 4318502.093, 102
Trd, 4318502.243, 93
Trd, 4318503.193, 74
Trd, 4318503.393, 75
Trd, 4318503.793, 84
Trd, 4318505.393, 120
Trd, 4318506.293, 116
Trd, 4318506.343, 114
Trd, 4318506.893, 110
Trd, 4318507.193, 107
Trd, 4318507.993, 130
Trd, 4318508.293, 109
Trd, 4318510.343, 134
Trd, 4318511.293, 122
Trd, 4318511.843, 114
Trd, 4318512.293, 97
Trd, 4318515.343, 116
Trd, 4318515.593, 113
Trd, 4318515.893, 119
Trd, 4318515.943, 112
Trd, 4318516.393, 108
Trd, 4318516.893, 137
Trd, 4318518.293, 129
Trd, 4318518.743, 132
Trd, 4318519.293, 126
Trd, 4318520.843, 124
Trd, 4318521.543, 95
Trd, 4318522.893, 62
Trd, 4318522.993, 76
Trd, 4318524.443, 88
Trd, 4318525.443, 97
Trd, 4318525.843, 92
Trd, 4318526.343, 86
Trd, 4318526.593, 84
Trd, 4318527.043, 80
Trd, 4318527.643, 68
Trd, 4318529.043, 94
Trd, 4318529.293, 85
Trd, 4318529.793, 80
Trd, 4318530.043, 130
Trd, 4318530.393, 137
Trd, 4318531.443, 81
Trd, 4318532.643, 101
Trd, 4318532.893, 91
Trd, 4318534.043, 92
Trd, 4318534.593, 110
Trd, 4318534.943, 96
Trd, 4318535.193, 125
Trd, 4318536.193, 86
Trd, 4318537.293, 82
Trd, 4318538.543, 87
Trd, 4318539.493, 125
Trd, 4318540.593, 122
Trd, 4318541.293, 115
Trd, 4318541.793, 115
Trd, 4318542.643, 127
Trd, 4318542.893, 111
Trd, 4318543.093, 130
Trd, 4318544.243, 96
Trd, 4318545.693, 139
Trd, 4318545.793, 94
Trd, 4318547.593, 95
Trd, 4318548.043, 91
Trd, 4318548.493, 140
Trd, 4318548.843, 123
Trd, 4318551.043, 113
Trd, 4318551.143, 113
Trd, 4318551.743, 111
Trd, 4318553.193, 86
Trd, 4318554.343, 108
Trd, 4318555.343, 83
Trd, 4318556.443, 85
Trd, 4318556.543, 109
Trd, 4318557.043, 85
Trd, 4318557.143, 71
Trd, 4318557.543, 107
Trd, 4318558.593, 99
Trd, 4318558.643, 95
Trd, 4318558.993, 77
Trd, 4318562.943, 92
Trd, 4318562.993, 89
Trd, 4318563.493, 88
Trd, 4318564.393, 108
Trd, 4318566.043, 124
Trd, 4318566.743, 122
Trd, 4318567.093, 121
Trd, 4318567.743, 118
Trd, 4318567.843, 107
Trd, 4318568.193, 104
Trd, 4318570.093, 116
Trd, 4318570.493, 103
Trd, 4318570.943, 101
Trd, 4318571.493, 97
Trd, 4318572.143, 105
Trd, 4318572.443, 85
Trd, 4318574.093, 137
Trd, 4318574.893, 119
Trd, 4318575.143, 101
Trd, 4318577.043, 126
Trd, 4318577.093, 98
Trd, 4318577.393, 123
Trd, 4318578.393, 89
Trd, 4318578.643, 82
Trd, 4318580.043, 111
Trd, 4318580.693, 105
Trd, 4318581.243, 60
Trd, 4318582.843, 79
Trd, 4318584.193, 84
Trd, 4318585.743, 101
Trd, 4318586.093, 99
Trd, 4318586.593, 104
Trd, 4318586.843, 105
Trd, 4318587.843, 99
Trd, 4318588.093, 97
Trd, 4318588.443, 95
Trd, 4318588.493, 94
Trd, 4318590.493, 110
Trd, 4318591.293, 87
Trd, 4318591.693, 113
Trd, 4318591.993, 106
Trd, 4318592.893, 134
Trd, 4318593.393, 126
Trd, 4318594.593, 123
Trd, 4318595.793, 117
Trd, 4318596.193, 92
Trd, 4318596.843, 114
Trd, 4318597.993, 135
Trd, 4318598.043, 133
Trd, 4318598.093, 131
Trd, 4318598.693, 119
Trd, 4318599.243, 97
Trd, 4318601.043, 110
Trd, 4318601.243, 108
Trd, 4318601.943, 103
Trd, 4318602.693, 103
Trd, 4318603.143, 93
Trd, 4318603.443, 80
Trd, 4318605.643, 65
Trd, 4318606.893, 111
Trd, 4318607.493, 106
Trd, 4318607.943, 107
Trd, 4318609.193, 99
Trd, 4318609.543, 101
Trd, 4318611.193, 121
Trd, 4318611.593, 119
Trd, 4318612.243, 116
Trd, 4318613.793, 128
Trd, 4318614.543, 104
Trd, 4318615.193, 104
Trd, 4318616.143, 109
Trd, 4318616.493, 83
Trd, 4318617.643, 84
Trd, 4318618.243, 119
Trd, 4318618.643, 108
Trd, 4318619.193, 121
Trd, 4318619.893, 122
Trd, 4318620.393, 107
Trd, 4318620.543, 104
Trd, 4318621.793, 76
Trd, 4318623.943, 115
Trd, 4318624.493, 119
Trd, 4318625.343, 130
Trd, 4318625.693, 127
Trd, 4318625.843, 126
Trd, 4318626.143, 107
Trd, 4318626.243, 91
Trd, 4318626.943, 112
Trd, 4318628.893, 107
Trd, 4318629.093, 121
Trd, 4318629.243, 105
Trd, 4318629.643, 83
Trd, 4318629.893, 126
Trd, 4318632.343, 93
Trd, 4318632.743, 81
Trd, 4318633.243, 85
Trd, 4318633.843, 135
Trd, 4318633.943, 112
Trd, 4318636.093, 132
Trd, 4318636.593, 120
Trd, 4318637.043, 118
Trd, 4318638.393, 95
Trd, 4318638.693, 111
Trd, 4318639.893, 94
Trd, 4318640.793, 94
Trd, 4318640.943, 93
Trd, 4318641.143, 99
Trd, 4318641.543, 130
Trd, 4318642.043, 140
Trd, 4318642.543, 135
Trd, 4318642.643, 116
Trd, 4318644.093, 95
Trd, 4318644.493, 127
Trd, 4318645.293, 82
Trd, 4318647.743, 120
Trd, 4318648.343, 118
Trd, 4318648.443, 115
Trd, 4318649.193, 115
Trd, 4318651.343, 114
Trd, 4318653.743, 98
Trd, 4318654.143, 98
Trd, 4318654.693, 97
Trd, 4318655.793, 120
Trd, 4318656.443, 101
Trd, 4318657.193, 101
Trd, 4318657.393, 100
Trd, 4318657.793, 99
Trd, 4318658.493, 98
Trd, 4318658.843, 86
Trd, 4318660.393, 84
Trd, 4318661.143, 73
Trd, 4318661.793, 84
Trd, 4318662.243, 102
Trd, 4318663.693, 133
Trd, 4318664.493, 120
Trd, 4318664.643, 120
Trd, 4318665.543, 109
Trd, 4318666.143, 107
Trd, 4318666.443, 116
Trd, 4318668.943, 112
Trd, 4318670.043, 100
Trd, 4318670.193, 99
Trd, 4318670.943, 98
Trd, 4318670.993, 95
Trd, 4318671.643, 114
Trd, 4318672.793, 117
Trd, 4318674.593, 97
Trd, 4318674.693, 96
Trd, 4318675.443, 98
Trd, 4318676.543, 110
Trd, 4318677.443, 92
Trd, 4318677.593, 65
Trd, 4318678.843, 74
Trd, 4318679.543, 73
Trd, 4318680.543, 80
Trd, 4318680.843, 104
Trd, 4318681.343, 78
Trd, 4318682.443, 76
Trd, 4318683.543, 88
Trd, 4318683.843, 75
Trd, 4318683.893, 74
Trd, 4318684.293, 130
Trd, 4318685.343, 117
Trd, 4318687.143, 81
Trd, 4318687.943, 67
Trd, 4318690.393, 98
Trd, 4318690.843, 96
Trd, 4318690.993, 104
Trd, 4318691.543, 131
Trd, 4318693.193, 88
Trd, 4318694.193, 97
Trd, 4318694.793, 91
Trd, 4318695.593, 91
Trd, 4318696.493, 105
Trd, 4318696.593, 93
Trd, 4318696.893, 110
Trd, 4318698.693, 108
Trd, 4318699.243, 107
Trd, 4318699.593, 102
Trd, 4318700.493, 99
Trd, 4318701.193, 90
Trd, 4318701.393, 116
Trd, 4318703.293, 119
Trd, 4318703.393, 110
Trd, 4318704.243, 103
Trd, 4318704.843, 100
Trd, 4318704.893, 100
Trd, 4318705.743, 78
Trd, 4318705.893, 97
Trd, 4318708.293, 74
Trd, 4318709.893, 76
Trd, 4318710.193, 117
Trd, 4318711.043, 117
Trd, 4318711.993, 115
Trd, 4318712.193, 113
Trd, 4318712.243, 93
Trd, 4318713.743, 75
Trd, 4318714.593, 89
Trd, 4318715.593, 75
Trd, 4318715.943, 80
Trd, 4318716.343, 101
Trd, 4318716.943, 97
Trd, 4318718.843, 126
Trd, 4318719.193, 124
Trd, 4318719.793, 123
Trd, 4318720.143, 120
Trd, 4318720.543, 109
Trd, 4318721.343, 71
Trd, 4318721.793, 110
Trd, 4318723.093, 80
Trd, 4318723.543, 74
Trd, 4318723.793, 117
Trd, 4318724.743, 114
Trd, 4318725.043, 114
Trd, 4318725.593, 100
Trd, 4318726.743, 97
Trd, 4318728.093, 122
Trd, 4318728.243, 119
Trd, 4318729.093, 103
Trd, 4318731.643, 134
Trd, 4318731.893, 130
Trd, 4318733.243, 109
Trd, 4318734.543, 94
Trd, 4318734.643, 127
Trd, 4318736.493, 90
Trd, 4318737.193, 107
Trd, 4318737.743, 128
Trd, 4318737.993, 126
Trd, 4318738.243, 109
Trd, 4318738.993, 110
Trd, 4318739.843, 104
Trd, 4318740.093, 118
Trd, 4318741.143, 115
Trd, 4318742.293, 111
Trd, 4318742.543, 119
Trd, 4318743.043, 109
Trd, 4318743.493, 108
Trd, 4318744.343, 105
Trd, 4318744.693, 105
Trd, 4318745.543, 102
Trd, 4318745.793, 98
Trd, 4318746.043, 91
Trd, 4318748.143, 139
Trd, 4318748.393, 116
Trd, 4318750.393, 124
Trd, 4318750.543, 120
Trd, 4318751.843, 126
Trd, 4318752.093, 116
Trd, 4318752.293, 112
Trd, 4318753.093, 91
Trd, 4318753.493, 87
Trd, 4318753.743, 112
Trd, 4318754.743, 100
Trd, 4318755.493, 108
Trd, 4318757.693, 103
Trd, 4318758.593, 100
Trd, 4318759.043, 98
Trd, 4318759.743, 81
Trd, 4318760.143, 122
Trd, 4318761.143, 109
Trd, 4318761.443, 108
Trd, 4318761.743, 104
Trd, 4318761.993, 92
Trd, 4318763.143, 88
Trd, 4318763.693, 136
Trd, 4318763.943, 103
Trd, 4318764.843, 88
Trd, 4318766.243, 87
Trd, 4318766.893, 100
Trd, 4318769.493, 134
Trd, 4318769.693, 112
Trd, 4318769.743, 104
Trd, 4318770.093, 93
Trd, 4318770.393, 93
Trd, 4318770.993, 94
Trd, 4318771.893, 102
Trd, 4318772.493, 91
Trd, 4318773.243, 112
Trd, 4318773.293, 88
Trd, 4318775.043, 75
Trd, 4318776.943, 83
Trd, 4318777.243, 104
Trd, 4318778.743, 86
Trd, 4318779.493, 73
Trd, 4318779.693, 72
Trd, 4318780.393, 87
Trd, 4318781.393, 107
Trd, 4318782.543, 131
Trd, 4318783.293, 105
Trd, 4318783.493, 104
Trd, 4318784.493, 100
Trd, 4318784.843, 99
Trd, 4318785.193, 95
Trd, 4318785.393, 76
Trd, 4318787.093, 84
Trd, 4318787.343, 89
Trd, 4318787.493, 69
Trd, 4318788.743, 96
Trd, 4318789.843, 108
Trd, 4318790.043, 98
Trd, 4318790.943, 89
Trd, 4318792.593, 91
Trd, 4318792.693, 87
Trd, 4318793.893, 117
Trd, 4318794.293, 118
Trd, 4318794.593, 114
Trd, 4318794.993, 107
Trd, 4318795.393, 109
Trd, 4318796.643, 115
Trd, 4318797.193, 114
Trd, 4318797.293, 111
Trd, 4318798.043, 126
Trd, 4318798.543, 103
Trd, 4318799.543, 90
Trd, 4318799.643, 86
Trd, 4318801.743, 101
Trd, 4318802.943, 73
Trd, 4318802.993, 114
Trd, 4318804.543, 71
Trd, 4318805.093, 79
Trd, 4318806.793, 97
Trd, 4318806.893, 96
Trd, 4318807.843, 86
Trd, 4318807.893, 88
Trd, 4318808.543, 86
Trd, 4318809.093, 83
Trd, 4318809.193, 88
Trd, 4318811.493, 108
Trd, 4318813.043, 126
Trd, 4318814.343, 120
Trd, 4318815.293, 92
Trd, 4318816.343, 93
Trd, 4318816.893, 74
Trd, 4318817.193, 88
Trd, 4318817.843, 115
Trd, 4318817.893, 79
Trd, 4318818.143, 70
Trd, 4318819.193, 120
Trd, 4318819.243, 118
Trd, 4318819.993, 120
Trd, 4318820.543, 117
Trd, 4318820.993, 137
Trd, 4318821.393, 105
Trd, 4318821.693, 81
Trd, 4318824.493, 78
Trd, 4318826.243, 107
Trd, 4318826.343, 107
Trd, 4318826.793, 104
Trd, 4318827.293, 104
Trd, 4318828.793, 110
Trd, 4318828.993, 80
Trd, 4318829.693, 90
Trd, 4318830.243, 96
Trd, 4318830.693, 67
Trd, 4318832.593, 70
Trd, 4318833.893, 69
Trd, 4318835.443, 85
Trd, 4318835.543, 98
Trd, 4318836.643, 118
Trd, 4318836.693, 106
Trd, 4318838.243, 80
Trd, 4318838.543, 71
Trd, 4318839.193, 75
Trd, 4318841.193, 90
Trd, 4318842.343, 90
Trd, 4318843.243, 108
Trd, 4318843.993, 91
Trd, 4318844.793, 108
Trd, 4318845.443, 105
Trd, 4318846.093, 100
Trd, 4318846.943, 98
Trd, 4318848.143, 114
Trd, 4318848.243, 111
Trd, 4318849.143, 106
Trd, 4318850.043, 91
Trd, 4318850.693, 92
Trd, 4318850.743, 91
Trd, 4318852.043, 97
Trd, 4318852.643, 99
Trd, 4318852.843, 63
Trd, 4318854.443, 91
Trd, 4318854.793, 80
Trd, 4318856.143, 94
Trd, 4318856.243, 103
Trd, 4318856.443, 94
Trd, 4318856.643, 90
Trd, 4318858.093, 111
Trd, 4318858.343, 91
Trd, 4318858.493, 128
Trd, 4318860.393, 127
Trd, 4318860.893, 107
Trd, 4318861.543, 101
Trd, 4318862.043, 85
Trd, 4318863.543, 110
Trd, 4318863.593, 107
Trd, 4318864.343, 106
Trd, 4318864.593, 106
Trd, 4318865.643, 92
Trd, 4318865.993, 86
Trd, 4318867.143, 85
Trd, 4318867.343, 118
Trd, 4318867.943, 107
Trd, 4318868.493, 89
Trd, 4318869.843, 76
Trd, 4318870.043, 93
Trd, 4318871.443, 95
Trd, 4318871.793, 117
Trd, 4318871.893, 74
Trd, 4318873.893, 87
Trd, 4318874.793, 80
Trd, 4318874.993, 61
Trd, 4318877.643, 116
Trd, 4318877.893, 116
Trd, 4318878.943, 111
Trd, 4318879.193, 129
Trd, 4318880.193, 120
Trd, 4318880.443, 118
Trd, 4318880.943, 119
Trd, 4318881.043, 118
Trd, 4318881.543, 111
Trd, 4318883.093, 118
Trd, 4318883.993, 103
Trd, 4318884.743, 91
Trd, 4318886.293, 122
Trd, 4318886.993, 100
Trd, 4318887.793, 97
Trd, 4318887.843, 100
Trd, 4318888.243, 75
Trd, 4318889.293, 125
Trd, 4318890.643, 112
Trd, 4318890.893, 118
Trd, 4318891.243, 107
Trd, 4318892.743, 85
Trd, 4318892.893, 88
Trd, 4318894.293, 90
Trd, 4318894.593, 78
Trd, 4318895.743, 100
Trd, 4318895.843, 83
Trd, 4318896.993, 102
Trd, 4318898.393, 94
Trd, 4318898.843, 90
Trd, 4318900.193, 78
Trd, 4318900.393, 78
Trd, 4318900.843, 67
Trd, 4318902.143, 79
Trd, 4318903.343, 78
Trd, 4318904.593, 99
Trd, 4318907.043, 103
Trd, 4318907.143, 97
Trd, 4318907.243, 88
Trd, 4318907.693, 88
Trd, 4318908.543, 113
Trd, 4318909.093, 122
Trd, 4318909.193, 119
Trd, 4318909.243, 109
Trd, 4318910.843, 105
Trd, 4318911.793, 98
Trd, 4318912.443, 113
Trd, 4318913.593, 99
Trd, 4318914.193, 107
Trd, 4318914.543, 95
Trd, 4318914.693, 95
Trd, 4318916.743, 92
Trd, 4318917.293, 91
Trd, 4318917.943, 110
Trd, 4318918.093, 90
Trd, 4318918.443, 85
Trd, 4318919.693, 86
Trd, 4318919.943, 85
Trd, 4318920.193, 134
Trd, 4318921.593, 82
Trd, 4318921.793, 106
Trd, 4318922.093, 81
Trd, 4318923.843, 89
Trd, 4318924.643, 81
Trd, 4318925.443, 74
Trd, 4318925.743, 75
Trd, 4318925.943, 117
Trd, 4318928.093, 94
Trd, 4318928.993, 132
Trd, 4318929.343, 128
Trd, 4318929.393, 128
Trd, 4318929.843, 123
Trd, 4318930.143, 107
Trd, 4318932.893, 91
Trd, 4318933.343, 120
Trd, 4318934.043, 71
Trd, 4318934.543, 69
Trd, 4318937.143, 82
Trd, 4318938.393, 80
Trd, 4318938.843, 85
Trd, 4318939.143, 79
Trd, 4318939.393, 98
Trd, 4318940.893, 101
Trd, 4318941.793, 93
Trd, 4318942.443, 105
Trd, 4318942.793, 88
Trd, 4318943.893, 91
Trd, 4318944.443, 90
Trd, 4318946.493, 111
Trd, 4318946.743, 134
Trd, 4318948.343, 106
Trd, 4318949.893, 106
Trd, 4318949.943, 105
Trd, 4318950.643, 98
Trd, 4318950.793, 106
Trd, 4318951.843, 96
Trd, 4318951.993, 84
Trd, 4318952.343, 90
Trd, 4318953.493, 61
Trd, 4318954.743, 87
Trd, 4318955.093, 103
Trd, 4318955.493, 98
Trd, 4318955.993, 65
Trd, 4318956.993, 113
Trd, 4318957.493, 116
Trd, 4318957.643, 106
Trd, 4318958.693, 79
Trd, 4318959.143, 63
Trd, 4318960.443, 86
Trd, 4318961.043, 104
Trd, 4318963.293, 75
Trd, 4318963.893, 112
Trd, 4318964.193, 93
Trd, 4318964.993, 91
Trd, 4318965.793, 86
Trd, 4318966.293, 89
Trd, 4318966.343, 81
Trd, 4318967.743, 98
Trd, 4318967.843, 81
Trd, 4318969.693, 137
Trd, 4318971.493, 129
Trd, 4318971.643, 130
Trd, 4318972.193, 84
Trd, 4318974.493, 120
Trd, 4318974.743, 101
Trd, 4318975.093, 93
Trd, 4318975.643, 92
Trd, 4318975.743, 92
Trd, 4318975.943, 92
Trd, 4318977.893, 77
Trd, 4318978.543, 85
Trd, 4318979.193, 79
Trd, 4318979.493, 78
Trd, 4318980.293, 77
Trd, 4318980.793, 76
Trd, 4318980.843, 72
Trd, 4318982.393, 79
Trd, 4318984.243, 69
Trd, 4318985.193, 69
Trd, 4318986.093, 78
Trd, 4318986.593, 69
Trd, 4318986.993, 70
Trd, 4318987.493, 67
Trd, 4318988.943, 121
Trd, 4318989.043, 119
Trd, 4318989.293, 103
Trd, 4318990.043, 110
Trd, 4318990.343, 89
Trd, 4318992.943, 64
Trd, 4318993.443, 64
Trd, 4318994.443, 70
Trd, 4318994.893, 86
Trd, 4318995.443, 67
Trd, 4318997.693, 110
Trd, 4318997.743, 79
Trd, 4318997.793, 79
Trd, 4318997.843, 78
Trd, 4318998.593, 72
Trd, 4318999.243, 120
Trd, 4319000.293, 117
Trd, 4319001.093, 96
Trd, 4319001.243, 90
Trd, 4319002.293, 77
Trd, 4319003.243, 97
Trd, 4319004.593, 83
Trd, 4319004.843, 77
Trd, 4319005.593, 81
Trd, 4319007.193, 127
Trd, 4319007.293, 118
Trd, 4319007.443, 107
Trd, 4319007.693, 92
Trd, 4319008.993, 100
Trd, 4319010.443, 83
Trd, 4319010.693, 81
Trd, 4319011.043, 120
Trd, 4319011.393, 62
Trd, 4319012.743, 78
Trd, 4319015.143, 106
Trd, 4319016.193, 114
Trd, 4319016.643, 108
Trd, 4319017.893, 106
Trd, 4319018.093, 103
Trd, 4319018.143, 90
Trd, 4319018.943, 73
Trd, 4319019.793, 85
Trd, 4319021.793, 96
Trd, 4319022.493, 91
Trd, 4319023.943, 90
Trd, 4319024.593, 83
Trd, 4319025.593, 103
Trd, 4319027.143, 114
Trd, 4319027.593, 113
Trd, 4319027.743, 112
Trd, 4319028.893, 110
Trd, 4319029.243, 100
Trd, 4319029.943, 114
Trd, 4319029.993, 87
Trd, 4319030.743, 126
Trd, 4319032.293, 117
Trd, 4319032.843, 82
Trd, 4319032.893, 81
Trd, 4319033.593, 79
Trd, 4319033.893, 111
Trd, 4319036.043, 91
Trd, 4319036.193, 125
Trd, 4319037.343, 82
Trd, 4319037.743, 115
Trd, 4319037.893, 80
Trd, 4319038.143, 81
Trd, 4319038.993, 79
Trd, 4319040.193, 96
Trd, 4319040.693, 90
Trd, 4319040.743, 84
Trd, 4319041.343, 84
Trd, 4319041.393, 83
Trd, 4319042.243, 81
Trd, 4319042.993, 86
Trd, 4319044.843, 113
Trd, 4319045.243, 112
Trd, 4319046.043, 111
Trd, 4319046.393, 108
Trd, 4319046.743, 107
Trd, 4319047.593, 124
Trd, 4319048.243, 83
Trd, 4319048.493, 114
Trd, 4319048.893, 80
Trd, 4319050.543, 93
Trd, 4319051.243, 92
Trd, 4319051.893, 90
Trd, 4319052.743, 106
Trd, 4319053.543, 99
Trd, 4319054.293, 99
Trd, 4319055.643, 119
Trd, 4319057.043, 105
Trd, 4319057.143, 104
Trd, 4319057.943, 127
Trd, 4319058.143, 124
Trd, 4319059.793, 139
Trd, 4319059.993, 135
Trd, 4319060.393, 119
Trd, 4319061.493, 116
Trd, 4319061.743, 115
Trd, 4319061.843, 99
Trd, 4319062.193, 99
Trd, 4319062.843, 90
Trd, 4319064.293, 96
Trd, 4319065.993, 108
Trd, 4319066.243, 90
Trd, 4319067.893, 130
Trd, 4319068.643, 114
Trd, 4319068.993, 123
Trd, 4319069.143, 102
Trd, 4319070.093, 136
Trd, 4319070.843, 129
Trd, 4319071.893, 106
Trd, 4319072.443, 100
Trd, 4319072.643, 85
Trd, 4319073.943, 124
Trd, 4319074.293, 80
Trd, 4319074.593, 87
Trd, 4319074.893, 76
Trd, 4319075.293, 135
Trd, 4319077.243, 112
Trd, 4319077.743, 109
Trd, 4319078.143, 113
Trd, 4319078.693, 106
Trd, 4319079.643, 89
Trd, 4319081.493, 122
Trd, 4319082.993, 133
Trd, 4319085.343, 115
Trd, 4319086.143, 117
Trd, 4319086.293, 115
Trd, 4319087.393, 112
Trd, 4319087.793, 108
Trd, 4319087.843, 99
Trd, 4319088.443, 94
Trd, 4319089.393, 91
Trd, 4319090.293, 75
Trd, 4319091.343, 126
Trd, 4319091.393, 73
Trd, 4319091.843, 105
Trd, 4319093.643, 71
Trd, 4319093.993, 70
Trd, 4319094.643, 60
Trd, 4319097.343, 128
Trd, 4319097.543, 125
Trd, 4319097.593, 120
Trd, 4319098.943, 122
Trd, 4319098.993, 120
Trd, 4319099.693, 117
Trd, 4319102.243, 126
Trd, 4319102.293, 120
Trd, 4319102.543, 111
Trd, 4319102.993, 97
Trd, 4319103.943, 125
Trd, 4319104.243, 116
Trd, 4319105.043, 110
Trd, 4319105.143, 110
Trd, 4319105.493, 123
Trd, 4319105.593, 101
Trd, 4319106.793, 137
Trd, 4319106.843, 133
Trd, 4319107.793, 98
Trd, 4319109.793, 117
Trd, 4319109.993, 95
Trd, 4319111.343, 126
Trd, 4319111.593, 102
Trd, 4319112.993, 121
Trd, 4319114.693, 121
Trd, 4319115.593, 117
Trd, 4319115.943, 106
Trd, 4319118.743, 96
Trd, 4319120.093, 94
Trd, 4319120.593, 92
Trd, 4319121.943, 82
Trd, 4319121.993, 71
Trd, 4319122.693, 81
Trd, 4319123.043, 62
Trd, 4319124.993, 81
Trd, 4319125.243, 86
Trd, 4319127.893, 113
Trd, 4319128.043, 101
Trd, 4319128.293, 102
Trd, 4319128.693, 100
Trd, 4319130.243, 114
Trd, 4319130.543, 120
Trd, 4319131.243, 121
Trd, 4319131.843, 130
Trd, 4319133.093, 122
Trd, 4319133.293, 121
Trd, 4319133.443, 119
Trd, 4319134.443, 94
Trd, 4319135.693, 98
Trd, 4319136.093, 67
Trd, 4319137.243, 93
Trd, 4319139.293, 68
Trd, 4319140.193, 84
Trd, 4319140.293, 76
Trd, 4319140.643, 84
Trd, 4319140.943, 86
Trd, 4319141.993, 67
Trd, 4319143.093, 85
Trd, 4319143.443, 80
Trd, 4319143.493, 74
Trd, 4319144.143, 128
Trd, 4319144.993, 123
Trd, 4319146.243, 129
Trd, 4319146.793, 82
Trd, 4319147.343, 89
Trd, 4319148.943, 123
Trd, 4319150.843, 128
Trd, 4319151.993, 123
Trd, 4319152.593, 122
Trd, 4319154.043, 116
Trd, 4319155.243, 115
Trd, 4319156.843, 109
Trd, 4319157.143, 107
Trd, 4319158.043, 101
Trd, 4319158.443, 103
Trd, 4319159.293, 121
Trd, 4319159.543, 111
Trd, 4319160.143, 123
Trd, 4319160.793, 108
Trd, 4319162.143, 119
Trd, 4319165.593, 105
Trd, 4319165.943, 111
Trd, 4319167.293, 118
Trd, 4319167.393, 101
Trd, 4319167.543, 90
Trd, 4319169.093, 91
Trd, 4319169.693, 84
Trd, 4319170.093, 107
Trd, 4319171.493, 119
Trd, 4319172.393, 135
Trd, 4319172.443, 102
Trd, 4319172.743, 110
Trd, 4319173.293, 101
Trd, 4319173.493, 99
Trd, 4319174.243, 82
Trd, 4319175.843, 65
Trd, 4319176.493, 113
Trd, 4319176.843, 107
Trd, 4319177.943, 72
Trd, 4319178.793, 126
Trd, 4319178.893, 104
Trd, 4319179.993, 103
Trd, 4319181.343, 128
Trd, 4319181.843, 108
Trd, 4319182.343, 111
Trd, 4319183.193, 83
Trd, 4319183.943, 126
Trd, 4319184.343, 123
Trd, 4319184.643, 121
Trd, 4319185.743, 106
Trd, 4319186.393, 115
Trd, 4319186.643, 113
Trd, 4319187.993, 89
Trd, 4319188.243, 94
Trd, 4319188.893, 114
Trd, 4319188.943, 130
Trd, 4319190.693, 88
Trd, 4319190.793, 86
Trd, 4319191.293, 91
Trd, 4319191.743, 137
Trd, 4319194.693, 79
Trd, 4319196.443, 83
Trd, 4319197.243, 109
Trd, 4319197.543, 117
Trd, 4319198.093, 108
Trd, 4319199.093, 115
Trd, 4319199.393, 105
Trd, 4319199.943, 121
Trd, 4319200.143, 118
Trd, 4319200.243, 112
Trd, 4319202.893, 64
Trd, 4319203.293, 63
Trd, 4319205.093, 67
Trd, 4319205.343, 105
Trd, 4319208.293, 134
Trd, 4319208.393, 130
Trd, 4319208.443, 130
Trd, 4319208.893, 102
Trd, 4319209.693, 76
Trd, 4319210.993, 108
Trd, 4319211.293, 81
Trd, 4319212.543, 75
Trd, 4319212.743, 83
Trd, 4319213.093, 74
Trd, 4319214.093, 74
Trd, 4319214.593, 82
Trd, 4319215.043, 113
Trd, 4319215.943, 110
Trd, 4319215.993, 107
Trd, 4319217.193, 107
Trd, 4319218.443, 107
Trd, 4319219.093, 114
Trd, 4319219.593, 116
Trd, 4319219.743, 104
Trd, 4319220.893, 112
Trd, 4319221.693, 107
Trd, 4319222.493, 129
Trd, 4319222.993, 106
Trd, 4319224.493, 71
Trd, 4319225.943, 115
Trd, 4319226.293, 80
Trd, 4319227.343, 80
Trd, 4319228.043, 84
Trd, 4319228.743, 88
Trd, 4319230.143, 92
Trd, 4319231.243, 116
Trd, 4319231.293, 116
Trd, 4319232.443, 122
Trd, 4319233.143, 125
Trd, 4319233.643, 115
Trd, 4319234.293, 99
Trd, 4319235.293, 98
Trd, 4319235.843, 97
Trd, 4319236.493, 95
Trd, 4319236.993, 132
Trd, 4319238.093, 78
Trd, 4319238.443, 79
Trd, 4319239.043, 63
Trd, 4319241.043, 137
Trd, 4319241.093, 133
Trd, 4319241.243, 128
Trd, 4319241.343, 125
Trd, 4319241.793, 114
Trd, 4319242.693, 101
Trd, 4319242.993, 102
Trd, 4319244.643, 69
Trd, 4319245.293, 72
Trd, 4319245.543, 66
Trd, 4319246.143, 93
Trd, 4319246.193, 96
Trd, 4319246.343, 99
Trd, 4319247.943, 84
Trd, 4319250.893, 74
Trd, 4319252.093, 71
Trd, 4319253.443, 132
Trd, 4319253.593, 130
Trd, 4319253.993, 122
Trd, 4319254.643, 104
Trd, 4319254.943, 104
Trd, 4319255.293, 103
Trd, 4319255.343, 90
Trd, 4319255.943, 81
Trd, 4319257.393, 70
Trd, 4319258.443, 71
Trd, 4319258.543, 74
Trd, 4319259.993, 95
Trd, 4319261.143, 70
Trd, 4319261.493, 88
Trd, 4319262.443, 71
Trd, 4319264.393, 97
Trd, 4319264.443, 82
Trd, 4319266.243, 127
Trd, 4319266.843, 110
Trd, 4319268.643, 136
Trd, 4319268.893, 116
Trd, 4319269.443, 111
Trd, 4319270.093, 114
Trd, 4319270.243, 109
Trd, 4319270.493, 108
Trd, 4319270.843, 107
Trd, 4319271.093, 109
Trd, 4319271.443, 106
Trd, 4319274.393, 129
Trd, 4319274.743, 123
Trd, 4319275.343, 107
Trd, 4319275.443, 106
Trd, 4319276.143, 108
Trd, 4319276.993, 99
Trd, 4319277.593, 93
Trd, 4319278.743, 78
Trd, 4319281.043, 70
Trd, 4319281.143, 113
Trd, 4319281.743, 77
Trd, 4319283.493, 80
Trd, 4319283.743, 71
Trd, 4319283.843, 87
Trd, 4319284.943, 86
Trd, 4319284.993, 70
Trd, 4319285.993, 91
Trd, 4319286.643, 82
Trd, 4319287.093, 80
Trd, 4319287.193, 79
Trd, 4319287.593, 92
Trd, 4319288.693, 116
Trd, 4319289.093, 86
Trd, 4319289.793, 84
Trd, 4319290.393, 73
Trd, 4319290.793, 83
Trd, 4319291.693, 102
Trd, 4319291.843, 83
Trd, 4319291.993, 127
Trd, 4319293.643, 112
Trd, 4319294.243, 103
Trd, 4319294.293, 102
Trd, 4319294.793, 93
Trd, 4319296.293, 114
Trd, 4319296.993, 99
Trd, 4319297.543, 90
Trd, 4319298.243, 87
Trd, 4319298.793, 75
Trd, 4319300.793, 116
Trd, 4319301.093, 111
Trd, 4319301.693, 108
Trd, 4319302.293, 130
Trd, 4319303.193, 94
Trd, 4319303.243, 101
Trd, 4319304.143, 78
Trd, 4319305.743, 75
Trd, 4319306.843, 121
Trd, 4319307.393, 73
Trd, 4319308.043, 97
Trd, 4319309.343, 61
Trd, 4319309.743, 72
Trd, 4319311.893, 94
Trd, 4319312.043, 110
Trd, 4319313.143, 122
Trd, 4319313.743, 107
Trd, 4319314.243, 82
Trd, 4319316.193, 93
Trd, 4319316.643, 104
Trd, 4319316.793, 102
Trd, 4319316.993, 119
Trd, 4319317.943, 108
Trd, 4319318.593, 107
Trd, 4319319.293, 107
Trd, 4319319.693, 112
Trd, 4319319.943, 110
Trd, 4319320.093, 89
Trd, 4319320.593, 85
Trd, 4319323.293, 79
Trd, 4319323.993, 73
Trd, 4319325.343, 75
Trd, 4319325.943, 82
Trd, 4319326.793, 94
Trd, 4319327.043, 113
Trd, 4319327.593, 110
Trd, 4319327.993, 139
Trd, 4319328.043, 129
Trd, 4319328.593, 88
Trd, 4319329.293, 78
Trd, 4319329.993, 88
Trd, 4319330.643, 85
Trd, 4319331.593, 74
Trd, 4319332.693, 91
Trd, 4319333.693, 89
Trd, 4319333.943, 92
Trd, 4319334.043, 81
Trd, 4319336.193, 101
Trd, 4319336.343, 111
Trd, 4319336.393, 97
Trd, 4319338.043, 95
Trd, 4319338.893, 87
Trd, 4319339.143, 84
Trd, 4319339.543, 127
Trd, 4319340.843, 72
Trd, 4319341.093, 71
Trd, 4319342.493, 97
Trd, 4319342.593, 112
Trd, 4319342.893, 132
Trd, 4319342.993, 130
Trd, 4319344.993, 64
Trd, 4319345.593, 98
Trd, 4319346.343, 116
Trd, 4319347.193, 116
Trd, 4319347.643, 96
Trd, 4319347.693, 94
Trd, 4319347.793, 84
Trd, 4319349.493, 72
Trd, 4319350.193, 85
Trd, 4319350.693, 99
Trd, 4319350.943, 85
Trd, 4319351.993, 112
Trd, 4319352.493, 83
Trd, 4319352.743, 81
Trd, 4319353.493, 84
Trd, 4319353.843, 86
Trd, 4319354.943, 93
Trd, 4319356.343, 129
Trd, 4319356.393, 124
Trd, 4319357.643, 129
Trd, 4319358.443, 127
Trd, 4319359.043, 122
Trd, 4319359.543, 119
Trd, 4319359.843, 113
Trd, 4319359.943, 84
Trd, 4319360.493, 85
Trd, 4319361.243, 83
Trd, 4319363.143, 121
Trd, 4319363.193, 119
Trd, 4319363.293, 118
Trd, 4319363.343, 118
Trd, 4319363.443, 100
Trd, 4319363.743, 94
Trd, 4319365.743, 134
Trd, 4319367.243, 123
Trd, 4319367.593, 116
Trd, 4319368.293, 129
Trd, 4319368.743, 134
Trd, 4319369.093, 123
Trd, 4319370.393, 106
Trd, 4319371.443, 82
Trd, 4319372.343, 85
Trd, 4319373.043, 97
Trd, 4319373.493, 104
Trd, 4319374.743, 116
Trd, 4319375.143, 112
Trd, 4319375.243, 111
Trd, 4319375.293, 110
Trd, 4319375.493, 107
Trd, 4319376.543, 117
Trd, 4319377.243, 94
Trd, 4319378.243, 89
Trd, 4319379.793, 97
Trd, 4319380.543, 110
Trd, 4319381.493, 120
Trd, 4319382.043, 124
Trd, 4319382.343, 106
Trd, 4319382.693, 96
Trd, 4319385.643, 137
Trd, 4319386.893, 121
Trd, 4319387.243, 118
Trd, 4319387.293, 116
Trd, 4319387.343, 111
Trd, 4319387.493, 130
Trd, 4319389.293, 116
Trd, 4319391.443, 91
Trd, 4319391.643, 82
Trd, 4319391.843, 74
Trd, 4319393.593, 98
Trd, 4319395.693, 128
Trd, 4319396.093, 77
Trd, 4319396.893, 83
Trd, 4319398.243, 83
Trd, 4319398.293, 105
Trd, 4319398.443, 75
Trd, 4319398.793, 73
Trd, 4319398.993, 72
Trd, 4319399.393, 75
Trd, 4319400.243, 76
Trd, 4319401.693, 84
Trd, 4319401.793, 104
Trd, 4319402.593, 84
Trd, 4319403.443, 108
Trd, 4319404.793, 118
Trd, 4319404.893, 115
Trd, 4319406.443, 110
Trd, 4319406.893, 134
Trd, 4319407.293, 116
Trd, 4319407.743, 114
Trd, 4319408.043, 115
Trd, 4319409.343, 113
Trd, 4319409.793, 112
Trd, 4319410.293, 90
Trd, 4319411.443, 140
Trd, 4319412.043, 124
Trd, 4319412.493, 114
Trd, 4319412.643, 96
Trd, 4319414.193, 106
Trd, 4319414.343, 104
Trd, 4319414.793, 125
Trd, 4319414.843, 103
Trd, 4319415.643, 110
Trd, 4319415.943, 101
Trd, 4319416.543, 88
Trd, 4319418.293, 115
Trd, 4319419.193, 108
Trd, 4319420.593, 107
Trd, 4319421.693, 105
Trd, 4319422.593, 107
Trd, 4319423.293, 75
Trd, 4319424.243, 91
Trd, 4319424.793, 73
Trd, 4319425.343, 79
Trd, 4319425.593, 71
Trd, 4319427.593, 81
Trd, 4319427.793, 72
Trd, 4319428.643, 72
Trd, 4319429.043, 83
Trd, 4319429.943, 123
Trd, 4319431.393, 88
Trd, 4319431.693, 88
Trd, 4319431.943, 103
Trd, 4319432.643, 86
Trd, 4319433.093, 71
Trd, 4319433.543, 106
Trd, 4319434.393, 77
Trd, 4319434.843, 105
Trd, 4319437.043, 84
Trd, 4319438.343, 72
Trd, 4319438.693, 71
Trd, 4319439.393, 71
Trd, 4319439.643, 85
Trd, 4319440.493, 126
Trd, 4319440.743, 86
Trd, 4319441.343, 70
Trd, 4319442.143, 71
Trd, 4319442.643, 119
Trd, 4319444.543, 98
Trd, 4319444.893, 86
Trd, 4319445.343, 122
Trd, 4319445.443, 80
Trd, 4319445.693, 73
Trd, 4319446.893, 72
Trd, 4319448.193, 65
Trd, 4319448.393, 82
Trd, 4319450.793, 98
Trd, 4319451.293, 93
Trd, 4319452.093, 119
Trd, 4319452.993, 93
Trd, 4319453.193, 91
Trd, 4319453.593, 88
Trd, 4319453.743, 86
Trd, 4319454.093, 85
Trd, 4319454.993, 98
Trd, 4319457.443, 93
Trd, 4319458.293, 93
Trd, 4319458.643, 97
Trd, 4319459.393, 92
Trd, 4319459.643, 108
Trd, 4319460.993, 128
Trd, 4319461.043, 126
Trd, 4319461.543, 122
Trd, 4319462.043, 106
Trd, 4319462.893, 101
Trd, 4319462.993, 86
Trd, 4319464.193, 114
Trd, 4319464.943, 132
Trd, 4319465.493, 102
Trd, 4319465.793, 96
Trd, 4319466.093, 86
Trd, 4319466.443, 85
Trd, 4319467.843, 105
Trd, 4319467.943, 82
Trd, 4319470.143, 80
Trd, 4319471.643, 106
Trd, 4319473.793, 86
Trd, 4319474.293, 83
Trd, 4319474.343, 86
Trd, 4319474.443, 82
Trd, 4319475.543, 86
Trd, 4319475.693, 94
Trd, 4319476.443, 83
Trd, 4319476.643, 81
Trd, 4319477.543, 90
Trd, 4319478.043, 82
Trd, 4319479.693, 108
Trd, 4319480.393, 103
Trd, 4319480.793, 105
Trd, 4319481.743, 134
Trd, 4319481.893, 116
Trd, 4319483.293, 126
Trd, 4319483.943, 126
Trd, 4319484.793, 124
Trd, 4319486.043, 98
Trd, 4319486.643, 125
Trd, 4319487.243, 122
Trd, 4319488.293, 118
Trd, 4319488.393, 103
Trd, 4319488.443, 122
Trd, 4319488.743, 116
Trd, 4319488.893, 74
Trd, 4319489.293, 127
Trd, 4319490.693, 107
Trd, 4319491.543, 112
Trd, 4319491.993, 104
Trd, 4319492.193, 87
Trd, 4319492.693, 86
Trd, 4319493.493, 79
Trd, 4319494.793, 86
Trd, 4319497.143, 105
Trd, 4319497.393, 113
Trd, 4319497.443, 99
Trd, 4319497.943, 87
Trd, 4319498.293, 85
Trd, 4319498.543, 98
Trd, 4319498.693, 81
Trd, 4319500.093, 80
Trd, 4319500.643, 89
Trd, 4319501.793, 89
Trd, 4319502.793, 109
Trd, 4319503.243, 107
Trd, 4319503.293, 106
Trd, 4319504.993, 89
Trd, 4319505.193, 77
Trd, 4319505.593, 90
Trd, 4319507.643, 94
Trd, 4319508.893, 132
Trd, 4319508.993, 129
Trd, 4319510.293, 120
Trd, 4319510.443, 115
Trd, 4319511.093, 92
Trd, 4319511.493, 109
Trd, 4319512.143, 129
Trd, 4319513.143, 101
Trd, 4319514.943, 136
Trd, 4319515.093, 87
Trd, 4319516.243, 121
Trd, 4319516.393, 118
Trd, 4319517.493, 87
Trd, 4319517.793, 87
Trd, 4319518.393, 80
Trd, 4319519.043, 118
Trd, 4319519.743, 90
Trd, 4319522.043, 75
Trd, 4319522.293, 76
Trd, 4319523.543, 104
Trd, 4319524.343, 128
Trd, 4319524.793, 99
Trd, 4319528.293, 100
Trd, 4319528.993, 114
Trd, 4319530.993, 129
Trd, 4319531.543, 121
Trd, 4319531.643, 118
Trd, 4319532.093, 101
Trd, 4319532.293, 97
Trd, 4319533.543, 65
Trd, 4319535.043, 114
Trd, 4319535.093, 114
Trd, 4319535.343, 111
Trd, 4319535.693, 109
Trd, 4319536.243, 106
Trd, 4319537.443, 115
Trd, 4319537.893, 94
Trd, 4319538.143, 110
Trd, 4319538.293, 79
Trd, 4319539.493, 92
Trd, 4319540.893, 73
Trd, 4319541.293, 68
Trd, 4319542.293, 71
Trd, 4319543.643, 113
Trd, 4319544.543, 105
Trd, 4319544.693, 96
Trd, 4319544.893, 92
Trd, 4319545.593, 97
Trd, 4319546.643, 103
Trd, 4319549.093, 107
Trd, 4319550.093, 88
Trd, 4319550.843, 88
Trd, 4319551.643, 100
Trd, 4319551.793, 98
Trd, 4319552.843, 109
Trd, 4319552.893, 108
Trd, 4319553.393, 103
Trd, 4319553.543, 128
Trd, 4319554.943, 125
Trd, 4319556.443, 81
Trd, 4319556.643, 104
Trd, 4319558.143, 113
Trd, 4319558.943, 76
Trd, 4319561.143, 88
Trd, 4319561.193, 92
Trd, 4319561.993, 82
Trd, 4319562.443, 81
Trd, 4319562.593, 110
Trd, 4319562.743, 105
Trd, 4319563.743, 77
Trd, 4319564.643, 103
Trd, 4319565.543, 83
Trd, 4319565.993, 83
Trd, 4319566.393, 80
Trd, 4319568.043, 72
Trd, 4319568.393, 95
Trd, 4319568.493, 74
Trd, 4319570.043, 71
Trd, 4319571.343, 74
Trd, 4319572.043, 77
Trd, 4319572.843, 95
Trd, 4319574.593, 91
Trd, 4319575.893, 100
Trd, 4319575.943, 90
Trd, 4319576.093, 86
Trd, 4319576.693, 71
Trd, 4319577.443, 120
Trd, 4319577.743, 117
Trd, 4319578.143, 112
Trd, 4319579.143, 88
Trd, 4319579.593, 89
Trd, 4319580.743, 106
Trd, 4319581.493, 92
Trd, 4319581.593, 91
Trd, 4319582.943, 126
Trd, 4319583.643, 120
Trd, 4319584.493, 138
Trd, 4319584.943, 118
Trd, 4319585.393, 117
Trd, 4319585.793, 123
Trd, 4319586.093, 117
Trd, 4319588.593, 61
Trd, 4319589.943, 88
Trd, 4319591.143, 107
Trd, 4319591.393, 104
Trd, 4319591.693, 118
Trd, 4319592.143, 101
Trd, 4319593.593, 121
Trd, 4319595.143, 137
Trd, 4319596.243, 132
Trd, 4319597.493, 128
Trd, 4319598.043, 112
Trd, 4319598.693, 109
Trd, 4319599.493, 129
Trd, 4319599.793, 119
Trd, 4319599.893, 112
Trd, 4319599.993, 103
Trd, 4319600.193, 110
Trd, 4319601.943, 125
Trd, 4319601.993, 118
Trd, 4319602.093, 117
Trd, 4319602.193, 106
Trd, 4319603.393, 88
Trd, 4319605.043, 77
Trd, 4319605.693, 125
Trd, 4319607.293, 90
Trd, 4319607.793, 133
Trd, 4319608.393, 95
Trd, 4319609.143, 110
Trd, 4319609.993, 128
Trd, 4319611.343, 124
Trd, 4319612.743, 115
Trd, 4319613.493, 112
Trd, 4319614.443, 106
Trd, 4319614.593, 102
Trd, 4319614.793, 101
Trd, 4319616.093, 93
Trd, 4319616.393, 99
Trd, 4319617.093, 108
Trd, 4319619.093, 97
Trd, 4319620.293, 98
Trd, 4319620.843, 94
Trd, 4319622.293, 134
Trd, 4319622.343, 132
Trd, 4319622.593, 97
Trd, 4319623.143, 121
Trd, 4319623.793, 80
Trd, 4319624.143, 79
Trd, 4319626.093, 108
Trd, 4319627.443, 129
Trd, 4319628.143, 126
Trd, 4319628.193, 126
Trd, 4319628.793, 109
Trd, 4319628.893, 107
Trd, 4319629.243, 99
Trd, 4319631.043, 81
Trd, 4319631.493, 86
Trd, 4319632.193, 78
Trd, 4319633.343, 110
Trd, 4319635.143, 120
Trd, 4319635.293, 119
Trd, 4319635.843, 103
Trd, 4319636.593, 98
Trd, 4319636.743, 115
Trd, 4319639.093, 109
Trd, 4319639.243, 108
Trd, 4319640.193, 106
Trd, 4319640.343, 116
Trd, 4319640.493, 106
Trd, 4319641.093, 81
Trd, 4319641.543, 89
Trd, 4319641.793, 89
Trd, 4319642.243, 118
Trd, 4319646.543, 65
Trd, 4319646.593, 68
Trd, 4319646.943, 81
Trd, 4319647.743, 89
Trd, 4319650.443, 104
Trd, 4319651.443, 100
Trd, 4319651.693, 137
Trd, 4319651.893, 99
Trd, 4319651.993, 99
Trd, 4319653.543, 95
Trd, 4319655.043, 98
Trd, 4319655.143, 76
Trd, 4319656.593, 84
Trd, 4319656.793, 82
Trd, 4319659.643, 91
Trd, 4319660.243, 105
Trd, 4319660.993, 100
Trd, 4319661.193, 86
Trd, 4319661.243, 86
Trd, 4319661.993, 73
Trd, 4319662.343, 72
Trd, 4319663.493, 90
Trd, 4319664.543, 79
Trd, 4319665.943, 85
Trd, 4319666.243, 91
Trd, 4319666.743, 67
Trd, 4319668.843, 116
Trd, 4319668.993, 108
Trd, 4319669.493, 79
Trd, 4319670.493, 98
Trd, 4319671.043, 96
Trd, 4319672.143, 113
Trd, 4319672.393, 110
Trd, 4319674.893, 92
Trd, 4319676.393, 101
Trd, 4319677.393, 100
Trd, 4319679.143, 94
Trd, 4319679.243, 86
Trd, 4319680.443, 115
Trd, 4319681.443, 89
Trd, 4319681.543, 93
Trd, 4319681.993, 112
Trd, 4319682.093, 88
Trd, 4319682.693, 89
Trd, 4319683.543, 111
Trd, 4319683.893, 123
Trd, 4319685.343, 85
Trd, 4319687.493, 115
Trd, 4319687.543, 121
Trd, 4319688.193, 101
Trd, 4319688.243, 100
Trd, 4319689.243, 112
Trd, 4319689.293, 107
Trd, 4319689.543, 97
Trd, 4319691.743, 95
Trd, 4319693.193, 67
Trd, 4319693.493, 128
Trd, 4319693.593, 66
Trd, 4319694.843, 91
Trd, 4319696.093, 88
Trd, 4319697.643, 136
Trd, 4319697.893, 132
Trd, 4319698.093, 132
Trd, 4319698.543, 118
Trd, 4319699.593, 98
Trd, 4319700.193, 114
Trd, 4319700.293, 111
Trd, 4319702.293, 131
Trd, 4319702.793, 91
Trd, 4319704.143, 87
Trd, 4319705.393, 90
Trd, 4319705.743, 109
Trd, 4319707.593, 103
Trd, 4319707.943, 82
Trd, 4319709.543, 108
Trd, 4319709.993, 106
Trd, 4319710.493, 107
Trd, 4319710.843, 104
Trd, 4319711.643, 130
Trd, 4319711.793, 117
Trd, 4319712.193, 123
Trd, 4319712.393, 103
Trd, 4319714.393, 65
Trd, 4319715.193, 65
Trd, 4319715.743, 73
Trd, 4319717.043, 69
Trd, 4319717.093, 79
Trd, 4319717.893, 62
Trd, 4319718.393, 90
Trd, 4319718.743, 78
Trd, 4319719.193, 91
Trd, 4319719.643, 83
Trd, 4319721.393, 82
Trd, 4319721.843, 88
Trd, 4319721.993, 96
Trd, 4319722.943, 94
Trd, 4319723.243, 79
Trd, 4319723.443, 122
Trd, 4319724.443, 76
Trd, 4319726.143, 122
Trd, 4319726.293, 120
Trd, 4319726.493, 119
Trd, 4319727.993, 110
Trd, 4319728.743, 133
Trd, 4319728.993, 131
Trd, 4319729.193, 129
Trd, 4319730.893, 131
Trd, 4319731.643, 123
Trd, 4319732.743, 106
Trd, 4319732.943, 85
Trd, 4319733.043, 83
Trd, 4319733.543, 112
Trd, 4319734.193, 67
Trd, 4319736.743, 125
Trd, 4319737.093, 108
Trd, 4319738.093, 108
Trd, 4319738.143, 107
Trd, 4319738.443, 107
Trd, 4319738.743, 109
Trd, 4319739.493, 109
Trd, 4319739.543, 102
Trd, 4319740.243, 93
Trd, 4319741.243, 74
Trd, 4319742.443, 74
Trd, 4319742.793, 116
Trd, 4319743.693, 107
Trd, 4319743.743, 130
Trd, 4319744.243, 105
Trd, 4319746.293, 124
Trd, 4319746.743, 132
Trd, 4319746.943, 129
Trd, 4319747.493, 123
Trd, 4319748.993, 111
Trd, 4319749.743, 125
Trd, 4319750.243, 101
Trd, 4319751.543, 109
Trd, 4319751.893, 124
Trd, 4319751.943, 121
Trd, 4319752.243, 108
Trd, 4319753.343, 94
Trd, 4319753.493, 92
Trd, 4319755.693, 79
Trd, 4319755.943, 82
Trd, 4319755.993, 88
Trd, 4319757.593, 81
Trd, 4319758.393, 103
Trd, 4319758.493, 76
Trd, 4319759.393, 65
Trd, 4319760.043, 78
Trd, 4319761.643, 75
Trd, 4319762.543, 88
Trd, 4319762.793, 71
Trd, 4319763.143, 71
Trd, 4319765.193, 60
Trd, 4319765.293, 66
Trd, 4319765.543, 97
Trd, 4319766.393, 86
Trd, 4319768.093, 78
Trd, 4319769.793, 91
Trd, 4319769.943, 103
Trd, 4319771.143, 98
Trd, 4319771.743, 92
Trd, 4319771.893, 89
Trd, 4319773.143, 94
Trd, 4319773.793, 92
Trd, 4319774.743, 127
Trd, 4319774.793, 89
Trd, 4319776.043, 129
Trd, 4319776.543, 101
Trd, 4319777.743, 116
Trd, 4319778.243, 102
Trd, 4319778.793, 93
Trd, 4319780.043, 108
Trd, 4319780.443, 105
Trd, 4319782.293, 95
Trd, 4319782.393, 89
Trd, 4319783.143, 88
Trd, 4319783.243, 87
Trd, 4319783.943, 86
Trd, 4319785.893, 104
Trd, 4319785.993, 122
Trd, 4319786.993, 109
Trd, 4319788.243, 96
Trd, 4319788.593, 96
Trd, 4319788.693, 128
Trd, 4319789.443, 70
Trd, 4319791.943, 73
Trd, 4319792.493, 73
Trd, 4319794.693, 69
Trd, 4319794.793, 98
Trd, 4319795.193, 123
Trd, 4319795.543, 121
Trd, 4319795.743, 116
Trd, 4319796.043, 133
Trd, 4319796.693, 112
Trd, 4319796.743, 98
Trd, 4319797.693, 94
Trd, 4319798.493, 103
Trd, 4319799.443, 101
Trd, 4319800.493, 119
Trd, 4319800.693, 131
Trd, 4319801.243, 111
Trd, 4319801.593, 96
Trd, 4319801.793, 94
Trd, 4319802.093, 93
Trd, 4319802.793, 97
Trd, 4319803.993, 124
Trd, 4319805.243, 111
Trd, 4319806.143, 93
Trd, 4319806.193, 92
Trd, 4319806.593, 94
Trd, 4319807.943, 110
Trd, 4319808.443, 103
Trd, 4319808.593, 91
Trd, 4319809.143, 113
Trd, 4319809.893, 120
Trd, 4319811.643, 113
Trd, 4319811.943, 109
Trd, 4319813.143, 70
Trd, 4319813.693, 88
Trd, 4319813.993, 86
Trd, 4319814.743, 79
Trd, 4319815.843, 121
Trd, 4319815.943, 102
Trd, 4319816.143, 85
Trd, 4319817.093, 86
Trd, 4319817.843, 95
Trd, 4319817.943, 94
Trd, 4319817.993, 101
Trd, 4319818.893, 93
Trd, 4319820.643, 90
Trd, 4319820.793, 73
Trd, 4319821.793, 76
Trd, 4319821.943, 94
Trd, 4319824.843, 122
Trd, 4319824.943, 120
Trd, 4319825.693, 119
Trd, 4319826.043, 118
Trd, 4319826.293, 111
Trd, 4319826.943, 109
Trd, 4319828.093, 117
Trd, 4319829.993, 109
Trd, 4319830.143, 106
Trd, 4319830.793, 105
Trd, 4319831.593, 84
Trd, 4319831.943, 102
Trd, 4319832.443, 101
Trd, 4319833.043, 100
Trd, 4319833.443, 94
Trd, 4319833.993, 94
Trd, 4319836.943, 87
Trd, 4319838.143, 104
Trd, 4319838.643, 107
Trd, 4319839.493, 99
Trd, 4319839.893, 105
Trd, 4319840.093, 118
Trd, 4319840.343, 115
Trd, 4319840.643, 104
Trd, 4319841.843, 93
Trd, 4319842.643, 130
Trd, 4319843.643, 120
Trd, 4319844.193, 109
Trd, 4319846.643, 125
Trd, 4319846.893, 95
Trd, 4319847.043, 93
Trd, 4319848.143, 123
Trd, 4319848.793, 129
Trd, 4319848.893, 124
Trd, 4319849.043, 120
Trd, 4319849.193, 104
Trd, 4319849.693, 101
Trd, 4319849.843, 100
Trd, 4319851.693, 72
Trd, 4319853.143, 115
Trd, 4319855.043, 118
Trd, 4319855.293, 109
Trd, 4319856.943, 109
Trd, 4319857.143, 108
Trd, 4319857.193, 105
Trd, 4319857.293, 90
Trd, 4319857.993, 117
Trd, 4319858.643, 89
Trd, 4319859.243, 96
Trd, 4319860.793, 122
Trd, 4319862.343, 86
Trd, 4319862.543, 94
Trd, 4319862.593, 105
Trd, 4319863.643, 91
Trd, 4319866.343, 89
Trd, 4319866.693, 105
Trd, 4319866.893, 110
Trd, 4319867.443, 88
Trd, 4319868.443, 87
Trd, 4319869.493, 86
Trd, 4319871.493, 98
Trd, 4319872.643, 136
Trd, 4319872.743, 122
Trd, 4319874.093, 115
Trd, 4319874.193, 112
Trd, 4319874.593, 108
Trd, 4319875.093, 107
Trd, 4319876.143, 114
Trd, 4319876.643, 110
Trd, 4319876.743, 93
Trd, 4319876.993, 112
Trd, 4319877.643, 91
Trd, 4319879.093, 98
Trd, 4319879.743, 73
Trd, 4319880.443, 68
Trd, 4319880.843, 78
Trd, 4319881.693, 60
Trd, 4319883.143, 60
Trd, 4319883.443, 62
Trd, 4319883.893, 94
Trd, 4319884.493, 60
Trd, 4319885.343, 95
Trd, 4319887.493, 97
Trd, 4319887.693, 89
Trd, 4319888.143, 85
Trd, 4319888.393, 122
Trd, 4319889.093, 85
Trd, 4319889.243, 83
Trd, 4319889.393, 90
Trd, 4319890.193, 88
Trd, 4319891.043, 130
Trd, 4319891.093, 79
Trd, 4319892.343, 99
Trd, 4319892.543, 98
Trd, 4319894.193, 89
Trd, 4319894.293, 88
Trd, 4319895.143, 76
Trd, 4319895.243, 105
Trd, 4319895.293, 76
Trd, 4319897.543, 96
Trd, 4319898.193, 84
Trd, 4319899.543, 78
Trd, 4319900.743, 92
Trd, 4319901.343, 137
Trd, 4319901.843, 133
Trd, 4319901.943, 133
Trd, 4319902.893, 102
Trd, 4319903.243, 90
Trd, 4319905.143, 75
Trd, 4319905.343, 100
Trd, 4319905.843, 100
Trd, 4319907.043, 101
Trd, 4319907.893, 85
Trd, 4319908.093, 75
Trd, 4319908.243, 71
Trd, 4319909.143, 72
Trd, 4319909.843, 76
Trd, 4319911.093, 73
Trd, 4319912.593, 70
Trd, 4319913.493, 87
Trd, 4319913.843, 71
Trd, 4319914.793, 105
Trd, 4319916.393, 101
Trd, 4319916.893, 88
Trd, 4319917.593, 101
Trd, 4319918.043, 76
Trd, 4319919.543, 69
Trd, 4319920.343, 85
Trd, 4319922.243, 78
Trd, 4319922.943, 81
Trd, 4319923.093, 83
Trd, 4319923.293, 79
Trd, 4319924.843, 97
Trd, 4319925.043, 84
Trd, 4319925.993, 78
Trd, 4319926.293, 65
Trd, 4319926.693, 131
Trd, 4319927.993, 84
Trd, 4319930.293, 109
Trd, 4319930.493, 108
Trd, 4319930.843, 98
Trd, 4319933.093, 99
Trd, 4319933.293, 111
Trd, 4319933.393, 87
Trd, 4319933.543, 124
Trd, 4319935.493, 63
Trd, 4319935.743, 66
Trd, 4319935.993, 95
Trd, 4319937.493, 74
Trd, 4319937.693, 77
Trd, 4319938.343, 74
Trd, 4319940.543, 106
Trd, 4319940.693, 93
Trd, 4319940.793, 78
Trd, 4319942.993, 87
Trd, 4319944.043, 81
Trd, 4319944.543, 93
Trd, 4319944.643, 91
Trd, 4319944.743, 74
Trd, 4319946.493, 114
Trd, 4319948.293, 71
Trd, 4319948.993, 80
Trd, 4319950.643, 128
Trd, 4319951.693, 103
Trd, 4319951.843, 97
Trd, 4319952.493, 96
Trd, 4319952.743, 94
Trd, 4319953.143, 104
Trd, 4319954.143, 96
Trd, 4319954.293, 94
Trd, 4319955.943, 109
Trd, 4319956.593, 96
Trd, 4319957.393, 91
Trd, 4319958.093, 121
Trd, 4319959.043, 77
Trd, 4319960.243, 131
Trd, 4319960.293, 127
Trd, 4319960.643, 124
Trd, 4319960.693, 108
Trd, 4319962.743, 99
Trd, 4319963.093, 98
Trd, 4319963.743, 95
Trd, 4319964.943, 91
Trd, 4319965.293, 88
Trd, 4319965.443, 98
Trd, 4319966.593, 103
Trd, 4319968.643, 99
Trd, 4319969.393, 88
Trd, 4319969.593, 88
Trd, 4319970.143, 109
Trd, 4319970.593, 97
Trd, 4319971.343, 109
Trd, 4319971.593, 110
Trd, 4319972.143, 114
Trd, 4319972.893, 111
Trd, 4319973.143, 101
Trd, 4319974.093, 120
Trd, 4319975.593, 108
Trd, 4319975.793, 110
Trd, 4319976.093, 109
Trd, 4319976.693, 114
Trd, 4319978.043, 99
Trd, 4319978.393, 97
Trd, 4319978.543, 85
Trd, 4319979.393, 80
Trd, 4319979.743, 96
Trd, 4319980.193, 66
Trd, 4319981.893, 73
Trd, 4319982.393, 63
Trd, 4319983.743, 82
Trd, 4319984.843, 82
Trd, 4319984.943, 81
Trd, 4319985.593, 117
Trd, 4319986.643, 75
Trd, 4319986.693, 78
Trd, 4319986.743, 74
Trd, 4319988.093, 113
Trd, 4319988.493, 98
Trd, 4319989.793, 120
Trd, 4319990.993, 88
Trd, 4319991.043, 89
Trd, 4319991.343, 87
Trd, 4319991.493, 115
Trd, 4319991.793, 80
Trd, 4319991.893, 75
Trd, 4319992.943, 83
Trd, 4319993.693, 98
Trd, 4319994.743, 65
Trd, 4319996.143, 68
Trd, 4319996.993, 116
Trd, 4319997.693, 105
Trd, 4319997.993, 104
Trd, 4319998.043, 101
