Trd, 4318122.643, 60
Trd, 4318123.293, 61
Trd, 4318123.593, 60
Trd, 4318124.193, 140
Trd, 4318125.093, 140
Trd, 4318125.443, 140
Trd, 4318126.793, 61
Trd, 4318128.393, 60
Trd, 4318128.443, 68
Trd, 4318128.693, 61
Trd, 4318129.943, 64
Trd, 4318130.193, 63
Trd, 4318130.893, 68
Trd, 4318130.993, 62
Trd, 4318132.443, 60
Trd, 4318133.543, 60
Trd, 4318134.393, 60
Trd, 4318135.393, 60
Trd, 4318135.443, 60
Trd, 4318136.243, 61
Trd, 4318136.443, 61
Trd, 4318136.593, 62
Trd, 4318137.043, 125
Trd, 4318137.793, 70
Trd, 4318138.193, 69
Trd, 4318139.043, 60
Trd, 4318139.643, 60
Trd, 4318142.043, 60
Trd, 4318143.343, 60
Trd, 4318143.943, 60
Trd, 4318144.393, 60
Trd, 4318144.493, 62
Trd, 4318144.593, 61
Trd, 4318144.643, 72
Trd, 4318145.193, 65
Trd, 4318145.843, 83
Trd, 4318146.343, 140
Trd, 4318148.393, 140
Trd, 4318148.693, 140
Trd, 4318148.793, 140
Trd, 4318149.493, 140
Trd, 4318150.193, 140
Trd, 4318151.693, 140
Trd, 4318151.793, 140
Trd, 4318151.993, 139
Trd, 4318152.043, 117
Trd, 4318152.943, 140
Trd, 4318153.543, 140
Trd, 4318155.843, 60
Trd, 4318156.593, 60
Trd, 4318156.743, 64
Trd, 4318156.993, 66
Trd, 4318158.493, 60
Trd, 4318159.893, 60
Trd, 4318160.043, 60
Trd, 4318161.543, 61
Trd, 4318161.843, 63
Trd, 4318162.093, 63
Trd, 4318162.493, 62
Trd, 4318162.593, 63
Trd, 4318163.793, 60
Trd, 4318165.243, 60
Trd, 4318165.443, 60
Trd, 4318165.743, 61
Trd, 4318166.543, 65
Trd, 4318166.593, 65
Trd, 4318168.043, 100
Trd, 4318168.743, 102
Trd, 4318169.593, 136
Trd, 4318169.793, 74
Trd, 4318171.093, 140
Trd, 4318171.243, 140
Trd, 4318172.543, 97
Trd, 4318173.593, 81
Trd, 4318173.893, 138
Trd, 4318174.193, 113
Trd, 4318175.343, 62
Trd, 4318175.443, 63
Trd, 4318175.893, 61
Trd, 4318176.993, 61
Trd, 4318177.393, 62
Trd, 4318178.093, 61
Trd, 4318178.993, 61
Trd, 4318179.143, 62
Trd, 4318180.343, 64
Trd, 4318180.643, 61
Trd, 4318181.593, 62
Trd, 4318182.093, 62
Trd, 4318182.343, 67
Trd, 4318183.843, 140
Trd, 4318184.743, 140
Trd, 4318184.793, 140
Trd, 4318185.043, 140
Trd, 4318186.143, 140
Trd, 4318186.993, 140
Trd, 4318187.043, 140
Trd, 4318188.543, 140
Trd, 4318189.243, 140
Trd, 4318190.643, 140
Trd, 4318190.693, 140
Trd, 4318191.293, 140
Trd, 4318191.743, 140
Trd, 4318191.943, 140
Trd, 4318192.393, 139
Trd, 4318193.093, 138
Trd, 4318193.543, 118
Trd, 4318193.943, 101
Trd, 4318194.693, 140
Trd, 4318195.593, 140
Trd, 4318196.843, 140
Trd, 4318197.043, 140
Trd, 4318197.093, 140
Trd, 4318197.893, 140
Trd, 4318198.193, 140
Trd, 4318198.943, 140
Trd, 4318199.993, 140
Trd, 4318202.793, 140
Trd, 4318203.093, 140
Trd, 4318204.043, 140
Trd, 4318204.143, 140
Trd, 4318204.443, 140
Trd, 4318204.743, 139
Trd, 4318205.743, 140
Trd, 4318206.193, 140
Trd, 4318206.293, 136
Trd, 4318206.493, 99
Trd, 4318207.843, 140
Trd, 4318208.143, 135
Trd, 4318209.543, 125
Trd, 4318209.793, 124
Trd, 4318210.093, 108
Trd, 4318210.643, 140
Trd, 4318210.993, 140
Trd, 4318211.543, 140
Trd, 4318211.943, 107
Trd, 4318212.293, 140
Trd, 4318213.643, 140
Trd, 4318213.943, 140
Trd, 4318215.043, 140
Trd, 4318216.193, 140
Trd, 4318216.343, 140
Trd, 4318217.743, 140
Trd, 4318217.843, 122
Trd, 4318219.693, 140
Trd, 4318219.943, 140
Trd, 4318220.343, 140
Trd, 4318221.393, 139
Trd, 4318222.243, 125
Trd, 4318223.743, 126
Trd, 4318224.943, 127
Trd, 4318225.143, 126
Trd, 4318225.643, 140
Trd, 4318225.743, 122
Trd, 4318226.293, 138
Trd, 4318226.493, 118
Trd, 4318228.343, 140
Trd, 4318228.593, 139
Trd, 4318230.443, 140
Trd, 4318231.093, 140
Trd, 4318231.393, 140
Trd, 4318231.743, 140
Trd, 4318232.143, 140
Trd, 4318232.193, 140
Trd, 4318232.843, 96
Trd, 4318233.993, 90
Trd, 4318234.643, 83
Trd, 4318235.993, 140
Trd, 4318236.693, 140
Trd, 4318237.993, 140
Trd, 4318239.343, 140
Trd, 4318240.043, 140
Trd, 4318240.393, 140
Trd, 4318240.493, 140
Trd, 4318242.393, 140
Trd, 4318242.593, 140
Trd, 4318243.293, 140
Trd, 4318243.343, 140
Trd, 4318244.343, 139
Trd, 4318244.793, 117
Trd, 4318246.043, 140
Trd, 4318246.293, 140
Trd, 4318247.243, 63
Trd, 4318247.543, 64
Trd, 4318248.893, 60
Trd, 4318249.843, 60
Trd, 4318250.593, 60
Trd, 4318252.493, 60
Trd, 4318252.793, 61
Trd, 4318253.043, 61
Trd, 4318253.893, 60
Trd, 4318255.243, 60
Trd, 4318255.293, 61
Trd, 4318255.393, 61
Trd, 4318255.593, 62
Trd, 4318256.143, 60
Trd, 4318256.793, 60
Trd, 4318257.193, 60
Trd, 4318258.493, 60
Trd, 4318258.693, 71
Trd, 4318259.793, 60
Trd, 4318260.143, 60
Trd, 4318263.343, 61
Trd, 4318263.793, 60
Trd, 4318264.843, 61
Trd, 4318265.693, 60
Trd, 4318266.043, 61
Trd, 4318266.593, 61
Trd, 4318266.643, 63
Trd, 4318267.443, 67
Trd, 4318267.543, 65
Trd, 4318268.393, 74
Trd, 4318268.693, 67
Trd, 4318268.843, 62
Trd, 4318269.993, 63
Trd, 4318270.643, 140
Trd, 4318270.893, 136
Trd, 4318272.343, 140
Trd, 4318273.243, 140
Trd, 4318273.993, 140
Trd, 4318274.993, 140
Trd, 4318275.693, 140
Trd, 4318275.943, 140
Trd, 4318276.643, 140
Trd, 4318277.893, 140
Trd, 4318278.793, 140
Trd, 4318279.143, 140
Trd, 4318280.593, 140
Trd, 4318280.643, 139
Trd, 4318281.943, 140
Trd, 4318282.843, 140
Trd, 4318284.543, 140
Trd, 4318285.243, 140
Trd, 4318286.343, 140
Trd, 4318286.493, 140
Trd, 4318286.593, 140
Trd, 4318287.093, 138
Trd, 4318287.193, 137
Trd, 4318288.793, 140
Trd, 4318289.243, 140
Trd, 4318289.843, 140
Trd, 4318291.193, 140
Trd, 4318291.593, 140
Trd, 4318292.193, 140
Trd, 4318292.793, 140
Trd, 4318292.993, 140
Trd, 4318294.693, 140
Trd, 4318295.443, 140
Trd, 4318295.643, 140
Trd, 4318295.843, 139
Trd, 4318296.743, 140
Trd, 4318297.693, 140
Trd, 4318298.793, 140
Trd, 4318299.893, 140
Trd, 4318300.643, 140
Trd, 4318301.343, 138
Trd, 4318303.393, 140
Trd, 4318303.743, 140
Trd, 4318304.093, 140
Trd, 4318304.143, 139
Trd, 4318304.193, 136
Trd, 4318304.443, 121
Trd, 4318306.993, 140
Trd, 4318307.843, 140
Trd, 4318308.043, 140
Trd, 4318308.443, 140
Trd, 4318309.443, 140
Trd, 4318310.593, 140
Trd, 4318311.743, 140
Trd, 4318311.893, 140
Trd, 4318312.693, 140
Trd, 4318313.693, 140
Trd, 4318313.943, 140
Trd, 4318315.893, 140
Trd, 4318315.993, 140
Trd, 4318317.493, 140
Trd, 4318317.893, 140
Trd, 4318318.043, 140
Trd, 4318318.093, 140
Trd, 4318319.543, 140
Trd, 4318319.643, 140
Trd, 4318320.993, 140
Trd, 4318321.793, 140
Trd, 4318322.393, 140
Trd, 4318323.543, 140
Trd, 4318324.293, 88
Trd, 4318325.393, 140
Trd, 4318326.043, 140
Trd, 4318326.643, 140
Trd, 4318326.843, 140
Trd, 4318326.943, 140
Trd, 4318327.343, 140
Trd, 4318328.993, 140
Trd, 4318329.243, 124
Trd, 4318329.993, 140
Trd, 4318331.843, 140
Trd, 4318333.193, 140
Trd, 4318333.443, 140
Trd, 4318334.293, 140
Trd, 4318335.693, 140
Trd, 4318335.793, 140
Trd, 4318335.893, 139
Trd, 4318336.193, 139
Trd, 4318336.943, 122
Trd, 4318338.143, 140
Trd, 4318340.343, 140
Trd, 4318341.093, 140
Trd, 4318342.593, 140
Trd, 4318342.643, 140
Trd, 4318343.243, 140
Trd, 4318343.593, 140
Trd, 4318344.593, 140
Trd, 4318345.393, 140
Trd, 4318346.493, 140
Trd, 4318348.043, 140
Trd, 4318348.093, 140
Trd, 4318348.893, 140
Trd, 4318349.293, 140
Trd, 4318349.543, 140
Trd, 4318350.243, 140
Trd, 4318350.343, 139
Trd, 4318351.843, 140
Trd, 4318352.543, 140
Trd, 4318352.793, 140
Trd, 4318353.293, 140
Trd, 4318354.343, 140
Trd, 4318355.743, 140
Trd, 4318357.293, 140
Trd, 4318357.593, 140
Trd, 4318357.843, 140
Trd, 4318358.293, 140
Trd, 4318359.043, 140
Trd, 4318359.893, 140
Trd, 4318360.243, 140
Trd, 4318360.643, 140
Trd, 4318361.993, 140
Trd, 4318362.243, 140
Trd, 4318362.543, 140
Trd, 4318363.743, 140
Trd, 4318364.443, 140
Trd, 4318364.493, 140
Trd, 4318365.543, 138
Trd, 4318367.043, 140
Trd, 4318367.143, 140
Trd, 4318368.693, 140
Trd, 4318369.893, 140
Trd, 4318369.943, 140
Trd, 4318371.193, 140
Trd, 4318371.393, 89
Trd, 4318371.943, 140
Trd, 4318372.393, 90
Trd, 4318374.043, 140
Trd, 4318374.643, 139
Trd, 4318375.243, 140
Trd, 4318375.443, 119
Trd, 4318375.493, 118
Trd, 4318377.243, 140
Trd, 4318377.343, 140
Trd, 4318377.693, 140
Trd, 4318379.743, 139
Trd, 4318380.543, 140
Trd, 4318381.343, 140
Trd, 4318382.243, 140
Trd, 4318382.293, 140
Trd, 4318382.943, 140
Trd, 4318384.193, 140
Trd, 4318384.643, 127
Trd, 4318386.493, 140
Trd, 4318386.843, 140
Trd, 4318386.993, 140
Trd, 4318388.293, 140
Trd, 4318388.693, 140
Trd, 4318388.993, 140
Trd, 4318389.693, 137
Trd, 4318389.793, 135
Trd, 4318390.893, 124
Trd, 4318391.843, 138
Trd, 4318392.893, 97
Trd, 4318393.093, 138
Trd, 4318393.393, 120
Trd, 4318393.993, 139
Trd, 4318394.493, 140
Trd, 4318396.793, 140
Trd, 4318397.343, 140
Trd, 4318397.693, 140
Trd, 4318398.693, 140
Trd, 4318398.743, 140
Trd, 4318399.343, 140
Trd, 4318400.593, 140
Trd, 4318400.893, 140
Trd, 4318401.143, 122
Trd, 4318401.343, 121
Trd, 4318402.943, 140
Trd, 4318403.443, 140
Trd, 4318403.743, 139
Trd, 4318406.243, 140
Trd, 4318407.393, 140
Trd, 4318408.093, 140
Trd, 4318408.743, 140
Trd, 4318409.093, 140
Trd, 4318409.243, 139
Trd, 4318409.593, 139
Trd, 4318410.193, 140
Trd, 4318411.643, 140
Trd, 4318412.343, 140
Trd, 4318412.893, 140
Trd, 4318413.793, 140
Trd, 4318414.043, 140
Trd, 4318414.393, 140
Trd, 4318416.693, 128
Trd, 4318416.993, 111
Trd, 4318417.143, 67
Trd, 4318417.993, 140
Trd, 4318418.843, 140
Trd, 4318419.743, 140
Trd, 4318419.843, 139
Trd, 4318420.393, 140
Trd, 4318421.443, 140
Trd, 4318422.693, 140
Trd, 4318422.843, 140
Trd, 4318423.293, 135
Trd, 4318424.143, 140
Trd, 4318424.993, 140
Trd, 4318425.343, 140
Trd, 4318426.693, 140
Trd, 4318427.343, 140
Trd, 4318427.493, 140
Trd, 4318428.543, 140
Trd, 4318429.893, 140
Trd, 4318430.093, 140
Trd, 4318431.243, 140
Trd, 4318431.293, 140
Trd, 4318432.843, 140
Trd, 4318433.393, 140
Trd, 4318434.993, 140
Trd, 4318435.893, 140
Trd, 4318436.393, 140
Trd, 4318436.693, 140
Trd, 4318437.543, 140
Trd, 4318438.893, 140
Trd, 4318439.443, 140
Trd, 4318440.543, 140
Trd, 4318440.943, 140
Trd, 4318441.643, 140
Trd, 4318442.793, 140
Trd, 4318442.993, 140
Trd, 4318444.143, 140
Trd, 4318444.443, 140
Trd, 4318444.593, 140
Trd, 4318446.193, 140
Trd, 4318446.643, 140
Trd, 4318447.293, 140
Trd, 4318449.093, 140
Trd, 4318450.043, 140
Trd, 4318450.293, 140
Trd, 4318451.143, 140
Trd, 4318451.843, 140
Trd, 4318453.243, 140
Trd, 4318453.943, 140
Trd, 4318455.893, 140
Trd, 4318455.993, 140
Trd, 4318456.343, 140
Trd, 4318456.493, 140
Trd, 4318457.543, 139
Trd, 4318457.693, 138
Trd, 4318458.893, 136
Trd, 4318460.343, 140
Trd, 4318460.843, 140
Trd, 4318461.543, 140
Trd, 4318461.593, 140
Trd, 4318462.743, 140
Trd, 4318463.943, 140
Trd, 4318464.393, 140
Trd, 4318464.943, 140
Trd, 4318465.893, 140
Trd, 4318466.093, 140
Trd, 4318467.043, 138
Trd, 4318467.443, 91
Trd, 4318468.893, 140
Trd, 4318469.793, 140
Trd, 4318470.043, 140
Trd, 4318470.543, 140
Trd, 4318471.093, 140
Trd, 4318472.643, 140
Trd, 4318473.843, 140
Trd, 4318474.193, 140
Trd, 4318474.443, 140
Trd, 4318474.493, 117
Trd, 4318474.593, 86
Trd, 4318475.993, 61
Trd, 4318476.443, 61
Trd, 4318477.393, 62
Trd, 4318478.743, 60
Trd, 4318479.193, 60
Trd, 4318479.393, 60
Trd, 4318480.443, 64
Trd, 4318480.643, 70
Trd, 4318481.193, 65
Trd, 4318481.593, 76
Trd, 4318482.243, 73
Trd, 4318483.043, 80
Trd, 4318483.293, 81
Trd, 4318483.743, 140
Trd, 4318483.893, 81
Trd, 4318484.293, 79
Trd, 4318486.143, 140
Trd, 4318486.943, 140
Trd, 4318488.743, 140
Trd, 4318489.043, 139
Trd, 4318489.743, 140
Trd, 4318491.393, 140
Trd, 4318491.443, 140
Trd, 4318492.243, 140
Trd, 4318493.143, 140
Trd, 4318493.393, 140
Trd, 4318495.093, 140
Trd, 4318495.443, 140
Trd, 4318496.093, 140
Trd, 4318498.293, 140
Trd, 4318498.493, 139
Trd, 4318498.543, 117
Trd, 4318499.743, 95
Trd, 4318501.243, 140
Trd, 4318501.443, 140
Trd, 4318502.393, 140
Trd, 4318502.593, 140
Trd, 4318502.793, 140
Trd, 4318504.243, 140
Trd, 4318504.543, 139
Trd, 4318505.593, 140
Trd, 4318505.893, 140
Trd, 4318506.643, 140
Trd, 4318507.043, 120
Trd, 4318508.943, 140
Trd, 4318509.043, 140
Trd, 4318510.443, 140
Trd, 4318511.043, 140
Trd, 4318511.493, 140
Trd, 4318511.643, 140
Trd, 4318512.393, 140
Trd, 4318513.193, 140
Trd, 4318513.493, 140
Trd, 4318513.993, 140
Trd, 4318515.493, 140
Trd, 4318516.143, 140
Trd, 4318516.643, 139
Trd, 4318518.143, 140
Trd, 4318518.443, 140
Trd, 4318520.343, 140
Trd, 4318520.543, 140
Trd, 4318520.743, 140
Trd, 4318521.493, 140
Trd, 4318521.693, 140
Trd, 4318522.893, 140
Trd, 4318524.043, 140
Trd, 4318525.893, 140
Trd, 4318526.543, 140
Trd, 4318526.643, 140
Trd, 4318527.193, 140
Trd, 4318529.593, 140
Trd, 4318529.743, 140
Trd, 4318529.843, 140
Trd, 4318529.943, 140
Trd, 4318531.143, 139
Trd, 4318531.193, 138
Trd, 4318531.443, 139
Trd, 4318532.593, 140
Trd, 4318533.343, 139
Trd, 4318533.693, 139
Trd, 4318534.043, 138
Trd, 4318535.493, 140
Trd, 4318536.643, 140
Trd, 4318537.293, 138
Trd, 4318537.593, 140
Trd, 4318537.893, 107
Trd, 4318538.393, 139
Trd, 4318538.543, 116
Trd, 4318540.093, 65
Trd, 4318540.743, 66
Trd, 4318540.993, 62
Trd, 4318541.643, 62
Trd, 4318543.493, 61
Trd, 4318543.943, 61
Trd, 4318544.743, 60
Trd, 4318545.643, 61
Trd, 4318545.843, 62
Trd, 4318545.893, 63
Trd, 4318546.143, 61
Trd, 4318546.593, 61
Trd, 4318547.643, 62
Trd, 4318548.143, 62
Trd, 4318548.543, 60
Trd, 4318549.293, 60
Trd, 4318549.393, 65
Trd, 4318550.443, 60
Trd, 4318551.543, 62
Trd, 4318552.093, 63
Trd, 4318552.343, 63
Trd, 4318553.293, 67
Trd, 4318553.593, 66
Trd, 4318553.893, 66
Trd, 4318553.993, 61
Trd, 4318555.343, 61
Trd, 4318555.593, 62
Trd, 4318557.043, 61
Trd, 4318558.543, 60
Trd, 4318558.593, 60
Trd, 4318558.693, 60
Trd, 4318559.093, 60
Trd, 4318559.143, 61
Trd, 4318559.443, 62
Trd, 4318559.893, 61
Trd, 4318560.893, 63
Trd, 4318561.493, 64
Trd, 4318561.893, 62
Trd, 4318562.443, 68
Trd, 4318562.893, 65
Trd, 4318563.543, 65
Trd, 4318566.093, 60
Trd, 4318566.243, 61
Trd, 4318566.693, 63
Trd, 4318568.593, 60
Trd, 4318568.793, 64
Trd, 4318570.393, 60
Trd, 4318570.543, 80
Trd, 4318571.243, 61
Trd, 4318571.793, 64
Trd, 4318572.043, 128
Trd, 4318572.793, 140
Trd, 4318573.043, 140
Trd, 4318573.193, 140
Trd, 4318573.343, 140
Trd, 4318573.943, 123
Trd, 4318574.243, 122
Trd, 4318574.943, 121
Trd, 4318576.593, 140
Trd, 4318576.993, 140
Trd, 4318577.043, 139
Trd, 4318578.043, 140
Trd, 4318579.193, 140
Trd, 4318580.793, 140
Trd, 4318582.093, 140
Trd, 4318582.493, 140
Trd, 4318582.843, 140
Trd, 4318583.143, 140
Trd, 4318583.493, 118
Trd, 4318584.143, 122
Trd, 4318585.743, 139
Trd, 4318587.243, 140
Trd, 4318587.493, 140
Trd, 4318587.693, 140
Trd, 4318588.193, 140
Trd, 4318588.693, 139
Trd, 4318589.493, 129
Trd, 4318590.843, 61
Trd, 4318591.443, 140
Trd, 4318591.893, 140
Trd, 4318592.893, 140
Trd, 4318593.143, 121
Trd, 4318593.393, 138
Trd, 4318594.243, 61
Trd, 4318594.543, 63
Trd, 4318595.343, 64
Trd, 4318595.843, 134
Trd, 4318597.093, 61
Trd, 4318597.993, 60
Trd, 4318599.093, 60
Trd, 4318599.593, 61
Trd, 4318599.893, 62
Trd, 4318600.143, 66
Trd, 4318600.443, 61
Trd, 4318601.443, 60
Trd, 4318603.843, 60
Trd, 4318604.243, 63
Trd, 4318604.943, 62
Trd, 4318605.043, 63
Trd, 4318605.893, 61
Trd, 4318605.943, 63
Trd, 4318608.143, 60
Trd, 4318608.743, 62
Trd, 4318608.893, 64
Trd, 4318609.643, 61
Trd, 4318609.893, 61
Trd, 4318610.693, 60
Trd, 4318610.743, 60
Trd, 4318611.293, 61
Trd, 4318611.743, 81
Trd, 4318611.943, 62
Trd, 4318614.293, 60
Trd, 4318615.143, 63
Trd, 4318615.643, 64
Trd, 4318616.093, 62
Trd, 4318618.043, 63
Trd, 4318618.943, 63
Trd, 4318620.343, 61
Trd, 4318620.493, 61
Trd, 4318620.693, 63
Trd, 4318621.093, 72
Trd, 4318621.343, 61
Trd, 4318622.893, 60
Trd, 4318623.643, 60
Trd, 4318623.693, 62
Trd, 4318624.093, 60
Trd, 4318624.243, 62
Trd, 4318624.693, 63
Trd, 4318625.443, 69
Trd, 4318625.543, 129
Trd, 4318626.943, 62
Trd, 4318627.493, 60
Trd, 4318630.093, 60
Trd, 4318632.243, 60
Trd, 4318632.543, 60
Trd, 4318633.093, 60
Trd, 4318633.393, 61
Trd, 4318633.843, 61
Trd, 4318634.693, 64
Trd, 4318635.093, 66
Trd, 4318635.143, 63
Trd, 4318635.493, 67
Trd, 4318636.443, 62
Trd, 4318636.793, 61
Trd, 4318636.893, 63
Trd, 4318638.293, 86
Trd, 4318638.493, 82
Trd, 4318638.893, 140
Trd, 4318639.293, 140
Trd, 4318640.043, 61
Trd, 4318640.093, 63
Trd, 4318641.193, 65
Trd, 4318642.093, 62
Trd, 4318642.493, 63
Trd, 4318642.693, 62
Trd, 4318643.793, 64
Trd, 4318643.893, 65
Trd, 4318644.643, 133
Trd, 4318646.043, 65
Trd, 4318647.093, 60
Trd, 4318647.293, 61
Trd, 4318648.293, 61
Trd, 4318648.793, 60
Trd, 4318650.143, 60
Trd, 4318651.343, 61
Trd, 4318651.543, 60
Trd, 4318651.743, 60
Trd, 4318651.893, 61
Trd, 4318652.243, 61
Trd, 4318653.093, 61
Trd, 4318653.293, 61
Trd, 4318653.393, 63
Trd, 4318653.893, 60
Trd, 4318653.993, 61
Trd, 4318656.543, 61
Trd, 4318657.643, 62
Trd, 4318658.193, 61
Trd, 4318658.743, 60
Trd, 4318659.543, 60
Trd, 4318660.743, 60
Trd, 4318662.943, 60
Trd, 4318662.993, 60
Trd, 4318664.143, 60
Trd, 4318664.243, 61
Trd, 4318664.343, 61
Trd, 4318665.043, 60
Trd, 4318665.593, 61
Trd, 4318666.043, 63
Trd, 4318666.443, 62
Trd, 4318666.743, 60
Trd, 4318669.293, 60
Trd, 4318670.343, 60
Trd, 4318670.443, 61
Trd, 4318670.993, 60
Trd, 4318671.543, 60
Trd, 4318672.593, 60
Trd, 4318672.793, 60
Trd, 4318673.443, 61
Trd, 4318673.943, 63
Trd, 4318674.193, 63
Trd, 4318674.343, 65
Trd, 4318674.593, 63
Trd, 4318676.643, 62
Trd, 4318676.843, 63
Trd, 4318677.943, 60
Trd, 4318677.993, 60
Trd, 4318678.343, 60
Trd, 4318678.543, 65
Trd, 4318678.743, 96
Trd, 4318681.393, 60
Trd, 4318683.193, 60
Trd, 4318683.443, 60
Trd, 4318683.543, 62
Trd, 4318683.693, 60
Trd, 4318684.393, 63
Trd, 4318684.543, 62
Trd, 4318685.143, 64
Trd, 4318685.243, 61
Trd, 4318686.043, 60
Trd, 4318686.793, 60
Trd, 4318687.343, 62
Trd, 4318688.643, 78
Trd, 4318688.943, 131
Trd, 4318689.043, 77
Trd, 4318689.143, 76
Trd, 4318689.343, 132
Trd, 4318690.943, 60
Trd, 4318692.593, 60
Trd, 4318693.093, 60
Trd, 4318693.743, 60
Trd, 4318694.443, 64
Trd, 4318694.693, 66
Trd, 4318694.893, 64
Trd, 4318694.993, 62
Trd, 4318695.393, 66
Trd, 4318697.093, 66
Trd, 4318697.593, 62
Trd, 4318697.693, 66
Trd, 4318698.343, 63
Trd, 4318699.693, 66
Trd, 4318699.993, 123
Trd, 4318700.093, 124
Trd, 4318700.143, 65
Trd, 4318700.193, 63
Trd, 4318701.393, 92
Trd, 4318701.693, 65
Trd, 4318702.293, 64
Trd, 4318702.793, 66
Trd, 4318704.093, 140
Trd, 4318704.193, 118
Trd, 4318706.093, 140
Trd, 4318707.543, 140
Trd, 4318708.143, 140
Trd, 4318708.393, 140
Trd, 4318708.443, 140
Trd, 4318709.193, 140
Trd, 4318709.543, 140
Trd, 4318710.493, 140
Trd, 4318711.443, 138
Trd, 4318711.493, 137
Trd, 4318711.793, 117
Trd, 4318712.643, 140
Trd, 4318713.893, 140
Trd, 4318715.193, 140
Trd, 4318716.193, 140
Trd, 4318716.693, 139
Trd, 4318716.793, 140
Trd, 4318717.993, 140
Trd, 4318718.893, 140
Trd, 4318719.093, 139
Trd, 4318719.843, 140
Trd, 4318721.443, 140
Trd, 4318721.593, 140
Trd, 4318724.593, 140
Trd, 4318724.943, 140
Trd, 4318725.093, 140
Trd, 4318725.243, 140
Trd, 4318725.443, 140
Trd, 4318725.693, 140
Trd, 4318726.693, 139
Trd, 4318726.743, 137
Trd, 4318726.893, 125
Trd, 4318728.593, 140
Trd, 4318728.743, 140
Trd, 4318728.893, 140
Trd, 4318730.093, 140
Trd, 4318731.343, 109
Trd, 4318732.893, 140
Trd, 4318733.043, 140
Trd, 4318733.143, 140
Trd, 4318733.793, 140
Trd, 4318734.793, 140
Trd, 4318736.093, 140
Trd, 4318737.193, 140
Trd, 4318737.793, 140
Trd, 4318738.293, 140
Trd, 4318738.593, 140
Trd, 4318739.143, 139
Trd, 4318741.393, 60
Trd, 4318741.593, 60
Trd, 4318741.743, 60
Trd, 4318741.793, 61
Trd, 4318743.043, 79
Trd, 4318743.493, 61
Trd, 4318743.793, 118
Trd, 4318744.393, 139
Trd, 4318744.843, 79
Trd, 4318745.593, 65
Trd, 4318746.343, 64
Trd, 4318747.093, 64
Trd, 4318747.643, 62
Trd, 4318748.893, 132
Trd, 4318749.593, 140
Trd, 4318750.243, 133
Trd, 4318751.143, 140
Trd, 4318751.543, 104
Trd, 4318751.693, 140
Trd, 4318752.143, 82
Trd, 4318753.093, 140
Trd, 4318753.793, 60
Trd, 4318754.043, 67
Trd, 4318755.293, 70
Trd, 4318756.243, 138
Trd, 4318756.593, 137
Trd, 4318756.893, 94
Trd, 4318758.743, 140
Trd, 4318759.743, 140
Trd, 4318759.993, 138
Trd, 4318760.043, 138
Trd, 4318760.693, 138
Trd, 4318760.743, 137
Trd, 4318761.343, 107
Trd, 4318761.943, 65
Trd, 4318762.093, 110
Trd, 4318762.193, 89
Trd, 4318762.443, 88
Trd, 4318763.443, 139
Trd, 4318764.293, 60
Trd, 4318766.043, 61
Trd, 4318766.743, 60
Trd, 4318767.943, 60
Trd, 4318768.093, 61
Trd, 4318768.493, 61
Trd, 4318768.843, 61
Trd, 4318769.193, 60
Trd, 4318769.293, 60
Trd, 4318769.493, 61
Trd, 4318770.343, 70
Trd, 4318770.943, 65
Trd, 4318773.093, 62
Trd, 4318774.193, 65
Trd, 4318774.243, 70
Trd, 4318774.993, 60
Trd, 4318775.543, 60
Trd, 4318776.143, 61
Trd, 4318776.593, 62
Trd, 4318777.193, 61
Trd, 4318777.493, 61
Trd, 4318777.843, 64
Trd, 4318777.893, 64
Trd, 4318778.693, 69
Trd, 4318779.093, 132
Trd, 4318779.743, 60
Trd, 4318780.043, 68
Trd, 4318783.543, 61
Trd, 4318784.593, 69
Trd, 4318784.743, 63
Trd, 4318784.793, 62
Trd, 4318784.893, 70
Trd, 4318785.043, 93
Trd, 4318785.393, 139
Trd, 4318786.043, 61
Trd, 4318786.443, 62
Trd, 4318787.743, 140
Trd, 4318788.143, 139
Trd, 4318790.893, 140
Trd, 4318791.343, 140
Trd, 4318791.443, 140
Trd, 4318793.693, 140
Trd, 4318794.843, 140
Trd, 4318795.693, 140
Trd, 4318795.943, 140
Trd, 4318796.793, 140
Trd, 4318797.693, 140
Trd, 4318797.793, 140
Trd, 4318798.843, 140
Trd, 4318798.943, 140
Trd, 4318799.193, 123
Trd, 4318801.843, 140
Trd, 4318801.943, 140
Trd, 4318802.443, 140
Trd, 4318802.743, 140
Trd, 4318803.143, 139
Trd, 4318803.593, 117
Trd, 4318804.443, 140
Trd, 4318805.093, 140
Trd, 4318805.593, 139
Trd, 4318807.493, 140
Trd, 4318807.993, 140
Trd, 4318808.893, 140
Trd, 4318810.443, 140
Trd, 4318810.493, 140
Trd, 4318811.193, 139
Trd, 4318811.843, 140
Trd, 4318812.693, 140
Trd, 4318814.193, 140
Trd, 4318814.393, 140
Trd, 4318814.543, 139
Trd, 4318815.643, 114
Trd, 4318816.343, 91
Trd, 4318816.593, 76
Trd, 4318818.293, 140
Trd, 4318818.393, 134
Trd, 4318819.393, 65
Trd, 4318820.693, 120
Trd, 4318822.093, 125
Trd, 4318823.093, 140
Trd, 4318823.693, 140
Trd, 4318824.293, 140
Trd, 4318824.393, 140
Trd, 4318824.543, 138
Trd, 4318825.643, 125
Trd, 4318827.693, 140
Trd, 4318827.893, 140
Trd, 4318829.143, 140
Trd, 4318829.643, 140
Trd, 4318830.593, 140
Trd, 4318830.793, 140
Trd, 4318830.993, 140
Trd, 4318831.693, 140
Trd, 4318832.893, 140
Trd, 4318833.493, 140
Trd, 4318834.243, 140
Trd, 4318835.143, 140
Trd, 4318835.543, 140
Trd, 4318836.193, 135
Trd, 4318836.793, 139
Trd, 4318837.193, 119
Trd, 4318837.293, 118
Trd, 4318838.443, 135
Trd, 4318838.493, 105
Trd, 4318838.593, 137
Trd, 4318840.243, 139
Trd, 4318840.343, 139
Trd, 4318841.293, 140
Trd, 4318841.543, 118
Trd, 4318842.043, 108
Trd, 4318843.743, 64
Trd, 4318844.043, 137
Trd, 4318844.893, 60
Trd, 4318845.593, 60
Trd, 4318847.043, 60
Trd, 4318847.343, 60
Trd, 4318848.243, 60
Trd, 4318849.143, 61
Trd, 4318849.193, 63
Trd, 4318850.393, 65
Trd, 4318850.643, 66
Trd, 4318851.393, 69
Trd, 4318851.843, 60
Trd, 4318851.893, 61
Trd, 4318853.193, 60
Trd, 4318853.243, 63
Trd, 4318854.243, 60
Trd, 4318855.493, 60
Trd, 4318855.843, 60
Trd, 4318856.343, 73
Trd, 4318856.543, 63
Trd, 4318857.093, 140
Trd, 4318859.593, 140
Trd, 4318860.093, 140
Trd, 4318860.693, 140
Trd, 4318861.393, 140
Trd, 4318861.493, 140
Trd, 4318862.093, 138
Trd, 4318863.043, 137
Trd, 4318863.343, 117
Trd, 4318864.043, 139
Trd, 4318865.193, 140
Trd, 4318865.943, 140
Trd, 4318866.693, 140
Trd, 4318867.643, 140
Trd, 4318867.893, 140
Trd, 4318868.793, 140
Trd, 4318869.543, 140
Trd, 4318869.793, 140
Trd, 4318871.693, 140
Trd, 4318872.793, 140
Trd, 4318872.993, 140
Trd, 4318873.543, 140
Trd, 4318875.243, 140
Trd, 4318875.743, 140
Trd, 4318876.393, 140
Trd, 4318876.993, 140
Trd, 4318878.493, 140
Trd, 4318879.293, 140
Trd, 4318880.543, 140
Trd, 4318880.793, 140
Trd, 4318881.593, 140
Trd, 4318882.593, 140
Trd, 4318883.143, 140
Trd, 4318883.193, 140
Trd, 4318884.043, 139
Trd, 4318884.143, 138
Trd, 4318886.043, 140
Trd, 4318886.243, 140
Trd, 4318886.343, 140
Trd, 4318886.843, 140
Trd, 4318888.093, 140
Trd, 4318888.293, 138
Trd, 4318889.493, 140
Trd, 4318892.493, 140
Trd, 4318892.543, 140
Trd, 4318892.793, 140
Trd, 4318893.243, 140
Trd, 4318893.893, 140
Trd, 4318894.843, 139
Trd, 4318894.893, 136
Trd, 4318895.693, 139
Trd, 4318896.443, 140
Trd, 4318897.643, 139
Trd, 4318897.693, 138
Trd, 4318897.793, 103
Trd, 4318898.093, 63
Trd, 4318900.243, 140
Trd, 4318900.593, 140
Trd, 4318900.943, 140
Trd, 4318902.443, 84
Trd, 4318903.593, 140
Trd, 4318903.893, 140
Trd, 4318903.943, 140
Trd, 4318905.343, 121
Trd, 4318906.943, 140
Trd, 4318907.293, 140
Trd, 4318907.393, 139
Trd, 4318908.393, 138
Trd, 4318908.643, 135
Trd, 4318908.893, 115
Trd, 4318909.143, 140
Trd, 4318909.593, 126
Trd, 4318910.193, 140
Trd, 4318911.193, 140
Trd, 4318911.393, 140
Trd, 4318912.493, 62
Trd, 4318913.443, 140
Trd, 4318914.493, 140
Trd, 4318914.543, 140
Trd, 4318914.593, 139
Trd, 4318914.743, 138
Trd, 4318916.643, 140
Trd, 4318917.193, 140
Trd, 4318917.943, 140
Trd, 4318918.093, 140
Trd, 4318918.943, 140
Trd, 4318920.043, 140
Trd, 4318921.293, 140
Trd, 4318921.443, 140
Trd, 4318922.343, 140
Trd, 4318923.043, 140
Trd, 4318923.393, 138
Trd, 4318924.143, 140
Trd, 4318924.343, 140
Trd, 4318926.393, 140
Trd, 4318926.743, 139
Trd, 4318926.943, 140
Trd, 4318927.593, 139
Trd, 4318928.093, 140
Trd, 4318928.793, 140
Trd, 4318930.043, 140
Trd, 4318930.243, 139
Trd, 4318932.943, 140
Trd, 4318933.043, 140
Trd, 4318933.493, 140
Trd, 4318933.993, 140
Trd, 4318934.393, 140
Trd, 4318934.943, 135
Trd, 4318935.693, 131
Trd, 4318935.843, 120
Trd, 4318937.093, 140
Trd, 4318937.943, 140
Trd, 4318938.493, 140
Trd, 4318938.593, 120
Trd, 4318940.093, 60
Trd, 4318940.293, 70
Trd, 4318943.393, 140
Trd, 4318943.593, 140
Trd, 4318943.993, 140
Trd, 4318944.293, 140
Trd, 4318944.943, 140
Trd, 4318945.443, 140
Trd, 4318945.743, 140
Trd, 4318946.143, 139
Trd, 4318946.443, 139
Trd, 4318947.143, 138
Trd, 4318947.993, 118
Trd, 4318948.993, 110
Trd, 4318949.143, 101
Trd, 4318950.443, 139
Trd, 4318950.843, 139
Trd, 4318951.643, 140
Trd, 4318953.543, 140
Trd, 4318953.743, 140
Trd, 4318953.793, 140
Trd, 4318954.343, 140
Trd, 4318954.943, 140
Trd, 4318955.593, 74
Trd, 4318956.143, 78
Trd, 4318957.443, 61
Trd, 4318958.693, 62
Trd, 4318958.743, 63
Trd, 4318958.943, 72
Trd, 4318959.593, 140
Trd, 4318960.043, 94
Trd, 4318960.893, 97
Trd, 4318962.893, 140
Trd, 4318963.243, 140
Trd, 4318963.543, 140
Trd, 4318964.143, 64
Trd, 4318964.343, 65
Trd, 4318964.393, 110
Trd, 4318966.643, 140
Trd, 4318966.843, 140
Trd, 4318966.893, 140
Trd, 4318967.993, 140
Trd, 4318968.893, 139
Trd, 4318970.193, 140
Trd, 4318970.593, 140
Trd, 4318971.243, 135
Trd, 4318971.693, 140
Trd, 4318971.943, 140
Trd, 4318972.343, 87
Trd, 4318973.793, 62
Trd, 4318974.493, 82
Trd, 4318974.693, 81
Trd, 4318974.843, 71
Trd, 4318976.893, 140
Trd, 4318978.243, 140
Trd, 4318978.543, 140
Trd, 4318979.643, 140
Trd, 4318980.193, 140
Trd, 4318980.593, 140
Trd, 4318981.143, 140
Trd, 4318982.893, 140
Trd, 4318983.643, 140
Trd, 4318984.743, 140
Trd, 4318985.043, 139
Trd, 4318985.193, 138
Trd, 4318985.643, 106
Trd, 4318986.293, 140
Trd, 4318987.343, 140
Trd, 4318989.043, 140
Trd, 4318989.743, 140
Trd, 4318989.893, 140
Trd, 4318990.693, 139
Trd, 4318991.043, 138
Trd, 4318991.393, 140
Trd, 4318992.643, 121
Trd, 4318992.993, 138
Trd, 4318994.243, 140
Trd, 4318994.793, 109
Trd, 4318995.793, 140
Trd, 4318996.743, 61
Trd, 4318997.393, 60
Trd, 4318997.793, 60
Trd, 4318997.943, 62
Trd, 4318999.193, 61
Trd, 4318999.693, 61
Trd, 4318999.943, 62
Trd, 4319000.443, 60
Trd, 4319000.693, 61
Trd, 4319001.443, 62
Trd, 4319001.493, 64
Trd, 4319001.993, 64
Trd, 4319003.493, 62
Trd, 4319004.443, 66
Trd, 4319004.993, 61
Trd, 4319005.443, 62
Trd, 4319005.693, 64
Trd, 4319006.193, 60
Trd, 4319006.443, 61
Trd, 4319007.643, 61
Trd, 4319007.743, 62
Trd, 4319008.193, 134
Trd, 4319008.293, 63
Trd, 4319008.443, 62
Trd, 4319009.593, 60
Trd, 4319010.093, 60
Trd, 4319010.793, 63
Trd, 4319011.443, 68
Trd, 4319012.343, 140
Trd, 4319013.393, 123
Trd, 4319013.793, 123
Trd, 4319013.943, 123
Trd, 4319014.643, 139
Trd, 4319014.893, 122
Trd, 4319017.393, 140
Trd, 4319017.843, 140
Trd, 4319017.993, 140
Trd, 4319018.093, 139
Trd, 4319018.843, 65
Trd, 4319020.593, 140
Trd, 4319021.193, 140
Trd, 4319021.793, 140
Trd, 4319022.393, 140
Trd, 4319022.743, 140
Trd, 4319022.843, 139
Trd, 4319023.943, 64
Trd, 4319024.693, 60
Trd, 4319025.593, 60
Trd, 4319026.143, 60
Trd, 4319027.043, 62
Trd, 4319027.943, 60
Trd, 4319027.993, 62
Trd, 4319029.593, 61
Trd, 4319030.843, 60
Trd, 4319031.093, 61
Trd, 4319031.643, 62
Trd, 4319032.193, 62
Trd, 4319032.893, 62
Trd, 4319033.193, 63
Trd, 4319033.743, 64
Trd, 4319034.193, 65
Trd, 4319034.243, 64
Trd, 4319035.143, 62
Trd, 4319035.793, 64
Trd, 4319036.893, 60
Trd, 4319037.743, 60
Trd, 4319038.793, 60
Trd, 4319039.343, 60
Trd, 4319039.943, 61
Trd, 4319041.993, 60
Trd, 4319042.243, 61
Trd, 4319042.393, 66
Trd, 4319042.993, 67
Trd, 4319043.593, 61
Trd, 4319044.293, 60
Trd, 4319045.293, 60
Trd, 4319046.793, 61
Trd, 4319048.143, 60
Trd, 4319048.393, 61
Trd, 4319048.993, 60
Trd, 4319049.293, 63
Trd, 4319049.843, 68
Trd, 4319050.193, 66
Trd, 4319050.443, 65
Trd, 4319050.543, 63
Trd, 4319052.643, 60
Trd, 4319053.143, 61
Trd, 4319053.243, 62
Trd, 4319053.643, 61
Trd, 4319053.793, 62
Trd, 4319053.893, 117
Trd, 4319054.643, 61
Trd, 4319055.793, 66
Trd, 4319057.193, 61
Trd, 4319058.043, 61
Trd, 4319058.293, 61
Trd, 4319058.743, 62
Trd, 4319059.143, 60
Trd, 4319061.293, 60
Trd, 4319061.343, 69
Trd, 4319062.843, 60
Trd, 4319063.243, 61
Trd, 4319064.093, 61
Trd, 4319064.843, 62
Trd, 4319065.193, 61
Trd, 4319066.343, 63
Trd, 4319066.393, 62
Trd, 4319066.643, 61
Trd, 4319067.593, 62
Trd, 4319067.893, 60
Trd, 4319069.243, 60
Trd, 4319069.343, 60
Trd, 4319070.343, 62
Trd, 4319070.493, 61
Trd, 4319070.743, 66
Trd, 4319071.043, 62
Trd, 4319071.293, 64
Trd, 4319072.693, 61
Trd, 4319073.393, 62
Trd, 4319074.143, 62
Trd, 4319074.293, 68
Trd, 4319074.743, 68
Trd, 4319075.043, 67
Trd, 4319076.293, 140
Trd, 4319078.293, 140
Trd, 4319078.393, 140
Trd, 4319079.543, 140
Trd, 4319081.043, 140
Trd, 4319081.993, 140
Trd, 4319082.243, 140
Trd, 4319082.293, 140
Trd, 4319083.093, 140
Trd, 4319084.743, 140
Trd, 4319085.643, 140
Trd, 4319086.093, 140
Trd, 4319086.943, 140
Trd, 4319086.993, 140
Trd, 4319087.693, 140
Trd, 4319088.043, 140
Trd, 4319089.493, 140
Trd, 4319090.093, 140
Trd, 4319090.143, 140
Trd, 4319091.643, 140
Trd, 4319092.393, 140
Trd, 4319093.343, 140
Trd, 4319093.643, 140
Trd, 4319093.893, 123
Trd, 4319094.743, 139
Trd, 4319095.493, 139
Trd, 4319097.043, 140
Trd, 4319097.493, 140
Trd, 4319098.093, 140
Trd, 4319099.493, 140
Trd, 4319099.643, 140
Trd, 4319100.443, 140
Trd, 4319100.743, 139
Trd, 4319101.743, 140
Trd, 4319102.043, 140
Trd, 4319102.293, 140
Trd, 4319103.943, 140
Trd, 4319104.643, 140
Trd, 4319107.143, 140
Trd, 4319107.193, 140
Trd, 4319108.243, 140
Trd, 4319108.443, 140
Trd, 4319108.543, 140
Trd, 4319109.093, 140
Trd, 4319110.243, 140
Trd, 4319110.993, 140
Trd, 4319111.093, 140
Trd, 4319112.143, 137
Trd, 4319112.393, 140
Trd, 4319112.443, 117
Trd, 4319113.043, 85
Trd, 4319113.993, 83
Trd, 4319114.443, 62
Trd, 4319115.993, 140
Trd, 4319116.193, 140
Trd, 4319116.293, 138
Trd, 4319116.893, 118
Trd, 4319117.293, 94
Trd, 4319118.993, 140
Trd, 4319120.443, 140
Trd, 4319120.893, 140
Trd, 4319122.243, 140
Trd, 4319123.343, 140
Trd, 4319123.393, 140
Trd, 4319124.043, 140
Trd, 4319124.943, 140
Trd, 4319125.143, 140
Trd, 4319127.143, 140
Trd, 4319127.543, 140
Trd, 4319128.443, 140
Trd, 4319128.543, 140
Trd, 4319129.093, 140
Trd, 4319129.343, 140
Trd, 4319129.593, 140
Trd, 4319129.643, 139
Trd, 4319131.343, 136
Trd, 4319132.943, 140
Trd, 4319133.493, 139
Trd, 4319133.793, 139
Trd, 4319134.143, 138
Trd, 4319135.893, 139
Trd, 4319136.543, 140
Trd, 4319136.593, 140
Trd, 4319137.093, 111
Trd, 4319137.693, 139
Trd, 4319137.993, 112
Trd, 4319138.143, 111
Trd, 4319139.543, 140
Trd, 4319139.843, 106
Trd, 4319140.743, 139
Trd, 4319140.843, 74
Trd, 4319142.643, 139
Trd, 4319143.493, 140
Trd, 4319144.243, 140
Trd, 4319144.893, 140
Trd, 4319145.243, 140
Trd, 4319146.293, 140
Trd, 4319146.443, 138
Trd, 4319146.993, 64
Trd, 4319149.143, 60
Trd, 4319149.493, 60
Trd, 4319149.893, 62
Trd, 4319150.293, 60
Trd, 4319150.493, 71
Trd, 4319150.943, 64
Trd, 4319151.243, 65
Trd, 4319151.843, 139
Trd, 4319153.493, 65
Trd, 4319153.593, 68
Trd, 4319154.493, 68
Trd, 4319154.643, 134
Trd, 4319154.943, 69
Trd, 4319156.293, 77
Trd, 4319156.493, 75
Trd, 4319157.993, 138
Trd, 4319158.093, 76
Trd, 4319158.393, 70
Trd, 4319159.193, 140
Trd, 4319159.743, 140
Trd, 4319160.693, 139
Trd, 4319161.993, 140
Trd, 4319162.643, 140
Trd, 4319163.143, 140
Trd, 4319163.193, 140
Trd, 4319163.843, 140
Trd, 4319165.293, 140
Trd, 4319166.343, 140
Trd, 4319167.093, 140
Trd, 4319167.343, 140
Trd, 4319168.843, 140
Trd, 4319169.743, 140
Trd, 4319171.093, 140
Trd, 4319171.443, 140
Trd, 4319172.443, 140
Trd, 4319173.393, 140
Trd, 4319174.093, 140
Trd, 4319174.393, 140
Trd, 4319174.843, 140
Trd, 4319175.843, 140
Trd, 4319176.443, 140
Trd, 4319176.593, 140
Trd, 4319177.093, 140
Trd, 4319178.093, 139
Trd, 4319178.243, 138
Trd, 4319178.943, 117
Trd, 4319179.843, 105
Trd, 4319180.943, 98
Trd, 4319182.093, 140
Trd, 4319183.743, 140
Trd, 4319183.843, 140
Trd, 4319184.043, 121
Trd, 4319184.793, 140
Trd, 4319184.993, 140
Trd, 4319186.093, 140
Trd, 4319186.393, 140
Trd, 4319186.593, 140
Trd, 4319186.893, 140
Trd, 4319188.193, 140
Trd, 4319188.443, 140
Trd, 4319189.593, 140
Trd, 4319191.243, 140
Trd, 4319191.643, 140
Trd, 4319193.093, 140
Trd, 4319194.043, 140
Trd, 4319194.093, 140
Trd, 4319194.543, 140
Trd, 4319196.443, 140
Trd, 4319196.743, 140
Trd, 4319197.043, 140
Trd, 4319197.193, 140
Trd, 4319198.443, 140
Trd, 4319198.743, 138
Trd, 4319198.893, 120
Trd, 4319200.493, 140
Trd, 4319200.893, 140
Trd, 4319201.143, 140
Trd, 4319201.493, 135
Trd, 4319203.293, 140
Trd, 4319203.493, 140
Trd, 4319204.893, 121
Trd, 4319204.993, 119
Trd, 4319206.193, 140
Trd, 4319207.793, 138
Trd, 4319208.143, 119
Trd, 4319209.343, 140
Trd, 4319210.043, 140
Trd, 4319210.143, 140
Trd, 4319211.143, 140
Trd, 4319211.593, 140
Trd, 4319211.743, 140
Trd, 4319212.243, 140
Trd, 4319213.943, 140
Trd, 4319214.293, 139
Trd, 4319215.443, 122
Trd, 4319216.443, 140
Trd, 4319217.643, 140
Trd, 4319217.693, 140
Trd, 4319218.943, 140
Trd, 4319219.043, 140
Trd, 4319220.143, 140
Trd, 4319221.093, 140
Trd, 4319221.343, 140
Trd, 4319222.893, 140
Trd, 4319223.743, 140
Trd, 4319223.843, 140
Trd, 4319224.143, 139
Trd, 4319224.843, 61
Trd, 4319227.843, 60
Trd, 4319227.943, 60
Trd, 4319228.193, 60
Trd, 4319228.493, 65
Trd, 4319228.793, 68
Trd, 4319229.243, 62
Trd, 4319230.293, 68
Trd, 4319231.893, 108
Trd, 4319232.043, 93
Trd, 4319232.443, 93
Trd, 4319233.693, 140
Trd, 4319234.193, 140
Trd, 4319235.343, 140
Trd, 4319235.693, 140
Trd, 4319236.243, 139
Trd, 4319236.393, 139
Trd, 4319236.943, 139
Trd, 4319237.943, 140
Trd, 4319238.993, 122
Trd, 4319240.443, 127
Trd, 4319240.493, 126
Trd, 4319241.593, 140
Trd, 4319242.893, 63
Trd, 4319243.243, 140
Trd, 4319245.793, 140
Trd, 4319246.343, 140
Trd, 4319246.943, 140
Trd, 4319247.693, 140
Trd, 4319248.343, 140
Trd, 4319249.593, 140
Trd, 4319249.693, 140
Trd, 4319250.193, 140
Trd, 4319250.443, 140
Trd, 4319251.393, 140
Trd, 4319252.343, 140
Trd, 4319252.543, 140
Trd, 4319252.743, 140
Trd, 4319253.443, 123
Trd, 4319253.893, 140
Trd, 4319255.143, 139
Trd, 4319257.443, 140
Trd, 4319257.893, 140
Trd, 4319258.243, 139
Trd, 4319259.343, 140
Trd, 4319259.693, 139
Trd, 4319259.993, 139
Trd, 4319260.543, 118
Trd, 4319261.593, 140
Trd, 4319261.893, 65
Trd, 4319263.643, 139
Trd, 4319263.893, 110
Trd, 4319264.543, 60
Trd, 4319266.043, 140
Trd, 4319266.193, 140
Trd, 4319266.643, 140
Trd, 4319266.793, 140
Trd, 4319266.843, 140
Trd, 4319267.543, 140
Trd, 4319269.393, 64
Trd, 4319269.693, 63
Trd, 4319271.043, 60
Trd, 4319271.143, 61
Trd, 4319271.593, 62
Trd, 4319271.893, 62
Trd, 4319272.443, 61
Trd, 4319273.043, 61
Trd, 4319274.093, 63
Trd, 4319274.293, 64
Trd, 4319275.543, 64
Trd, 4319276.443, 60
Trd, 4319278.093, 63
Trd, 4319278.493, 60
Trd, 4319280.443, 61
Trd, 4319280.643, 65
Trd, 4319281.093, 65
Trd, 4319282.643, 68
Trd, 4319282.743, 66
Trd, 4319282.843, 69
Trd, 4319282.943, 66
Trd, 4319283.243, 119
Trd, 4319283.343, 66
Trd, 4319284.893, 60
Trd, 4319285.943, 60
Trd, 4319286.843, 61
Trd, 4319287.193, 65
Trd, 4319288.293, 63
Trd, 4319289.493, 62
Trd, 4319289.843, 60
Trd, 4319290.043, 62
Trd, 4319290.443, 62
Trd, 4319291.043, 65
Trd, 4319291.493, 78
Trd, 4319291.643, 65
Trd, 4319291.793, 61
Trd, 4319292.493, 61
Trd, 4319293.343, 61
Trd, 4319293.743, 87
Trd, 4319294.243, 132
Trd, 4319297.443, 60
Trd, 4319297.793, 60
Trd, 4319298.993, 60
Trd, 4319299.743, 60
Trd, 4319300.093, 60
Trd, 4319300.243, 60
Trd, 4319300.393, 62
Trd, 4319302.043, 61
Trd, 4319302.293, 63
Trd, 4319302.493, 63
Trd, 4319302.793, 64
Trd, 4319303.843, 61
Trd, 4319304.393, 60
Trd, 4319304.643, 61
Trd, 4319305.443, 64
Trd, 4319305.643, 65
Trd, 4319306.193, 63
Trd, 4319306.693, 63
Trd, 4319307.943, 61
Trd, 4319308.093, 62
Trd, 4319309.343, 65
Trd, 4319309.793, 66
Trd, 4319309.893, 60
Trd, 4319310.493, 62
Trd, 4319312.543, 60
Trd, 4319313.943, 60
Trd, 4319314.643, 60
Trd, 4319314.943, 60
Trd, 4319315.543, 60
Trd, 4319316.043, 60
Trd, 4319316.893, 60
Trd, 4319317.243, 62
Trd, 4319319.193, 61
Trd, 4319320.343, 64
Trd, 4319321.343, 61
Trd, 4319321.593, 61
Trd, 4319321.643, 60
Trd, 4319322.243, 60
Trd, 4319322.593, 60
Trd, 4319323.193, 61
Trd, 4319323.793, 62
Trd, 4319324.043, 69
Trd, 4319324.093, 71
Trd, 4319325.543, 63
Trd, 4319326.193, 140
Trd, 4319326.743, 139
Trd, 4319327.143, 69
Trd, 4319328.193, 140
Trd, 4319328.693, 70
Trd, 4319328.743, 68
Trd, 4319330.593, 61
Trd, 4319330.743, 60
Trd, 4319330.793, 61
Trd, 4319330.893, 62
Trd, 4319332.043, 61
Trd, 4319332.743, 63
Trd, 4319332.893, 61
Trd, 4319333.993, 61
Trd, 4319334.093, 62
Trd, 4319334.843, 63
Trd, 4319336.043, 61
Trd, 4319336.343, 138
Trd, 4319337.993, 138
Trd, 4319338.343, 109
Trd, 4319338.693, 93
Trd, 4319338.843, 92
Trd, 4319339.343, 65
Trd, 4319340.143, 140
Trd, 4319341.293, 135
Trd, 4319342.293, 140
Trd, 4319342.743, 140
Trd, 4319343.643, 140
Trd, 4319344.193, 140
Trd, 4319345.193, 140
Trd, 4319347.343, 140
Trd, 4319348.793, 140
Trd, 4319348.943, 140
Trd, 4319349.493, 140
Trd, 4319350.393, 140
Trd, 4319350.843, 140
Trd, 4319351.093, 140
Trd, 4319351.643, 140
Trd, 4319351.893, 140
Trd, 4319352.543, 140
Trd, 4319353.893, 140
Trd, 4319354.893, 140
Trd, 4319355.443, 139
Trd, 4319355.643, 138
Trd, 4319355.943, 138
Trd, 4319356.793, 139
Trd, 4319358.743, 140
Trd, 4319359.543, 140
Trd, 4319360.343, 140
Trd, 4319361.293, 140
Trd, 4319361.793, 140
Trd, 4319362.543, 140
Trd, 4319362.793, 140
Trd, 4319363.293, 140
Trd, 4319364.743, 140
Trd, 4319364.843, 140
Trd, 4319365.993, 140
Trd, 4319366.893, 140
Trd, 4319368.243, 140
Trd, 4319369.393, 140
Trd, 4319369.693, 140
Trd, 4319369.743, 140
Trd, 4319370.343, 140
Trd, 4319371.193, 140
Trd, 4319372.343, 138
Trd, 4319372.893, 140
Trd, 4319373.693, 140
Trd, 4319374.043, 140
Trd, 4319375.593, 140
Trd, 4319376.443, 140
Trd, 4319377.293, 140
Trd, 4319378.243, 140
Trd, 4319379.143, 140
Trd, 4319379.293, 140
Trd, 4319379.543, 140
Trd, 4319379.693, 140
Trd, 4319381.143, 140
Trd, 4319381.693, 140
Trd, 4319383.593, 140
Trd, 4319384.393, 140
Trd, 4319384.643, 140
Trd, 4319385.093, 140
Trd, 4319386.343, 140
Trd, 4319386.643, 140
Trd, 4319387.293, 140
Trd, 4319388.243, 140
Trd, 4319389.293, 140
Trd, 4319390.493, 140
Trd, 4319390.693, 140
Trd, 4319391.043, 140
Trd, 4319392.493, 140
Trd, 4319392.843, 140
Trd, 4319393.593, 138
Trd, 4319393.893, 138
Trd, 4319394.693, 135
Trd, 4319395.493, 140
Trd, 4319396.593, 140
Trd, 4319396.843, 140
Trd, 4319397.443, 140
Trd, 4319398.393, 140
Trd, 4319399.443, 140
Trd, 4319399.893, 140
Trd, 4319400.193, 140
Trd, 4319400.443, 140
Trd, 4319400.693, 140
Trd, 4319401.093, 140
Trd, 4319401.193, 140
Trd, 4319402.093, 140
Trd, 4319402.343, 138
Trd, 4319403.993, 140
Trd, 4319405.243, 140
Trd, 4319406.143, 140
Trd, 4319407.193, 140
Trd, 4319407.593, 140
Trd, 4319408.343, 140
Trd, 4319409.793, 140
Trd, 4319410.443, 140
Trd, 4319410.493, 139
Trd, 4319412.343, 140
Trd, 4319412.893, 139
Trd, 4319414.643, 140
Trd, 4319415.143, 140
Trd, 4319415.993, 140
Trd, 4319416.243, 140
Trd, 4319417.243, 140
Trd, 4319417.443, 140
Trd, 4319418.243, 140
Trd, 4319419.843, 138
Trd, 4319420.493, 140
Trd, 4319420.793, 140
Trd, 4319421.493, 140
Trd, 4319422.243, 139
Trd, 4319422.893, 140
Trd, 4319424.943, 140
Trd, 4319425.143, 140
Trd, 4319425.293, 140
Trd, 4319426.343, 140
Trd, 4319426.393, 140
Trd, 4319426.643, 140
Trd, 4319427.543, 140
Trd, 4319428.643, 140
Trd, 4319429.543, 140
Trd, 4319430.843, 140
Trd, 4319431.493, 140
Trd, 4319431.993, 140
Trd, 4319432.543, 140
Trd, 4319433.093, 140
Trd, 4319433.293, 117
Trd, 4319434.643, 140
Trd, 4319435.693, 140
Trd, 4319436.693, 140
Trd, 4319437.443, 140
Trd, 4319437.543, 140
Trd, 4319437.893, 140
Trd, 4319439.143, 140
Trd, 4319439.743, 140
Trd, 4319440.143, 140
Trd, 4319442.193, 140
Trd, 4319443.243, 140
Trd, 4319443.443, 140
Trd, 4319445.243, 140
Trd, 4319445.343, 140
Trd, 4319445.943, 140
Trd, 4319446.943, 140
Trd, 4319449.393, 140
Trd, 4319450.493, 140
Trd, 4319450.593, 140
Trd, 4319451.093, 139
Trd, 4319451.243, 138
Trd, 4319451.793, 139
Trd, 4319452.743, 140
Trd, 4319453.193, 140
Trd, 4319455.343, 140
Trd, 4319455.543, 140
Trd, 4319456.293, 140
Trd, 4319456.593, 75
Trd, 4319456.793, 61
Trd, 4319458.843, 140
Trd, 4319459.343, 140
Trd, 4319459.943, 140
Trd, 4319460.343, 140
Trd, 4319460.543, 140
Trd, 4319462.043, 140
Trd, 4319462.093, 139
Trd, 4319462.243, 139
Trd, 4319462.293, 122
Trd, 4319463.143, 133
Trd, 4319463.743, 103
Trd, 4319465.643, 140
Trd, 4319466.093, 140
Trd, 4319466.643, 140
Trd, 4319467.243, 140
Trd, 4319467.293, 76
Trd, 4319468.493, 140
Trd, 4319469.443, 140
Trd, 4319470.743, 140
Trd, 4319471.293, 140
Trd, 4319472.193, 140
Trd, 4319473.593, 140
Trd, 4319473.743, 140
Trd, 4319474.243, 140
Trd, 4319475.593, 140
Trd, 4319475.893, 140
Trd, 4319476.693, 140
Trd, 4319478.243, 140
Trd, 4319478.893, 140
Trd, 4319479.693, 140
Trd, 4319480.893, 140
Trd, 4319481.193, 140
Trd, 4319481.543, 140
Trd, 4319482.593, 140
Trd, 4319483.143, 140
Trd, 4319484.543, 140
Trd, 4319484.593, 140
Trd, 4319485.093, 140
Trd, 4319485.493, 139
Trd, 4319486.143, 140
Trd, 4319486.543, 140
Trd, 4319488.143, 140
Trd, 4319488.193, 140
Trd, 4319488.443, 140
Trd, 4319488.543, 140
Trd, 4319488.993, 140
Trd, 4319490.593, 127
Trd, 4319491.143, 93
Trd, 4319491.693, 140
Trd, 4319492.493, 63
Trd, 4319493.643, 60
Trd, 4319493.693, 60
Trd, 4319494.493, 63
Trd, 4319495.693, 61
Trd, 4319496.143, 62
Trd, 4319496.543, 65
Trd, 4319496.893, 66
Trd, 4319498.443, 65
Trd, 4319498.793, 66
Trd, 4319498.943, 64
Trd, 4319499.043, 138
Trd, 4319500.593, 60
Trd, 4319500.743, 61
Trd, 4319500.893, 62
Trd, 4319502.543, 60
Trd, 4319502.843, 60
Trd, 4319505.343, 60
Trd, 4319506.443, 61
Trd, 4319506.543, 60
Trd, 4319509.143, 60
Trd, 4319509.643, 60
Trd, 4319510.843, 60
Trd, 4319510.893, 60
Trd, 4319511.693, 61
Trd, 4319512.093, 60
Trd, 4319512.743, 60
Trd, 4319512.893, 60
Trd, 4319513.793, 61
Trd, 4319514.743, 61
Trd, 4319514.793, 63
Trd, 4319515.043, 61
Trd, 4319515.443, 61
Trd, 4319515.693, 63
Trd, 4319516.093, 63
Trd, 4319516.693, 65
Trd, 4319517.243, 140
Trd, 4319517.693, 63
Trd, 4319519.393, 63
Trd, 4319519.443, 69
Trd, 4319520.543, 132
Trd, 4319521.093, 140
Trd, 4319521.193, 140
Trd, 4319523.793, 60
Trd, 4319523.993, 60
Trd, 4319524.393, 60
Trd, 4319525.343, 60
Trd, 4319525.793, 60
Trd, 4319526.443, 60
Trd, 4319527.893, 60
Trd, 4319528.843, 60
Trd, 4319530.143, 61
Trd, 4319530.843, 60
Trd, 4319531.643, 60
Trd, 4319531.843, 60
Trd, 4319532.593, 61
Trd, 4319532.693, 64
Trd, 4319533.443, 63
Trd, 4319533.893, 63
Trd, 4319534.293, 62
Trd, 4319535.593, 64
Trd, 4319535.843, 73
Trd, 4319536.693, 60
Trd, 4319537.243, 60
Trd, 4319537.793, 60
Trd, 4319539.043, 60
Trd, 4319541.043, 60
Trd, 4319541.493, 60
Trd, 4319541.593, 61
Trd, 4319541.743, 67
Trd, 4319542.893, 60
Trd, 4319544.543, 62
Trd, 4319544.643, 73
Trd, 4319545.893, 65
Trd, 4319545.993, 61
Trd, 4319546.143, 108
Trd, 4319546.543, 63
Trd, 4319547.393, 64
Trd, 4319547.693, 68
Trd, 4319547.893, 69
Trd, 4319548.243, 63
Trd, 4319550.693, 60
Trd, 4319552.043, 60
Trd, 4319552.393, 60
Trd, 4319553.793, 60
Trd, 4319554.293, 60
Trd, 4319556.293, 61
Trd, 4319556.793, 61
Trd, 4319556.943, 63
Trd, 4319557.693, 60
Trd, 4319558.243, 60
Trd, 4319558.493, 60
Trd, 4319558.693, 60
Trd, 4319559.093, 60
Trd, 4319559.643, 67
Trd, 4319560.143, 64
Trd, 4319560.293, 63
Trd, 4319560.543, 118
Trd, 4319560.993, 61
Trd, 4319562.893, 62
Trd, 4319563.393, 62
Trd, 4319563.493, 74
Trd, 4319564.493, 61
Trd, 4319564.643, 62
Trd, 4319565.643, 62
Trd, 4319567.843, 60
Trd, 4319569.143, 60
Trd, 4319570.943, 60
Trd, 4319570.993, 60
Trd, 4319571.193, 61
Trd, 4319571.693, 62
Trd, 4319571.743, 63
Trd, 4319571.793, 61
Trd, 4319572.143, 64
Trd, 4319573.593, 60
Trd, 4319575.643, 60
Trd, 4319575.893, 60
Trd, 4319576.493, 62
Trd, 4319576.693, 62
Trd, 4319579.243, 60
Trd, 4319579.543, 61
Trd, 4319580.043, 61
Trd, 4319580.293, 64
Trd, 4319580.343, 65
Trd, 4319580.593, 62
Trd, 4319581.043, 60
Trd, 4319581.693, 68
Trd, 4319583.893, 61
Trd, 4319584.243, 60
Trd, 4319584.543, 61
Trd, 4319585.243, 63
Trd, 4319585.693, 63
Trd, 4319585.843, 68
Trd, 4319587.143, 77
Trd, 4319587.343, 61
Trd, 4319587.943, 69
Trd, 4319588.193, 134
Trd, 4319589.243, 140
Trd, 4319590.743, 62
Trd, 4319591.293, 64
Trd, 4319591.793, 62
Trd, 4319592.593, 63
Trd, 4319592.693, 62
Trd, 4319592.793, 65
Trd, 4319592.843, 75
Trd, 4319593.643, 66
Trd, 4319593.843, 65
Trd, 4319595.293, 140
Trd, 4319595.993, 140
Trd, 4319597.443, 140
Trd, 4319598.093, 140
Trd, 4319598.193, 140
Trd, 4319599.343, 137
Trd, 4319599.643, 136
Trd, 4319600.193, 140
Trd, 4319600.943, 105
Trd, 4319601.393, 105
Trd, 4319602.693, 140
Trd, 4319603.743, 140
Trd, 4319604.693, 140
Trd, 4319604.793, 108
Trd, 4319605.743, 140
Trd, 4319606.193, 140
Trd, 4319607.993, 140
Trd, 4319608.193, 140
Trd, 4319608.693, 140
Trd, 4319608.893, 140
Trd, 4319610.693, 140
Trd, 4319610.893, 140
Trd, 4319611.143, 140
Trd, 4319612.543, 140
Trd, 4319612.993, 140
Trd, 4319613.093, 140
Trd, 4319613.393, 140
Trd, 4319614.043, 140
Trd, 4319615.443, 140
Trd, 4319616.493, 140
Trd, 4319616.693, 140
Trd, 4319617.243, 140
Trd, 4319618.193, 140
Trd, 4319619.443, 140
Trd, 4319619.693, 140
Trd, 4319620.093, 140
Trd, 4319620.293, 140
Trd, 4319621.393, 139
Trd, 4319622.993, 140
Trd, 4319623.743, 140
Trd, 4319623.993, 140
Trd, 4319624.243, 140
Trd, 4319625.493, 140
Trd, 4319626.093, 140
Trd, 4319626.993, 140
Trd, 4319627.993, 140
Trd, 4319628.193, 140
Trd, 4319628.393, 140
Trd, 4319629.043, 140
Trd, 4319629.693, 140
Trd, 4319630.293, 140
Trd, 4319630.793, 122
Trd, 4319631.143, 121
Trd, 4319634.293, 140
Trd, 4319634.393, 140
Trd, 4319634.443, 140
Trd, 4319634.843, 140
Trd, 4319637.093, 140
Trd, 4319637.243, 140
Trd, 4319637.543, 139
Trd, 4319639.743, 140
Trd, 4319640.593, 140
Trd, 4319641.243, 140
Trd, 4319641.743, 140
Trd, 4319642.443, 139
Trd, 4319643.993, 140
Trd, 4319644.393, 140
Trd, 4319644.543, 140
Trd, 4319645.543, 139
Trd, 4319645.693, 140
Trd, 4319646.643, 140
Trd, 4319646.943, 140
Trd, 4319647.693, 123
Trd, 4319649.493, 140
Trd, 4319650.243, 140
Trd, 4319650.843, 140
Trd, 4319651.393, 140
Trd, 4319651.493, 140
Trd, 4319653.193, 140
Trd, 4319653.793, 140
Trd, 4319654.843, 140
Trd, 4319655.193, 140
Trd, 4319655.543, 140
Trd, 4319655.893, 140
Trd, 4319656.293, 140
Trd, 4319656.793, 140
Trd, 4319657.993, 140
Trd, 4319658.143, 140
Trd, 4319660.393, 140
Trd, 4319661.343, 140
Trd, 4319661.743, 140
Trd, 4319663.443, 140
Trd, 4319663.493, 140
Trd, 4319663.543, 140
Trd, 4319663.943, 140
Trd, 4319664.543, 140
Trd, 4319665.593, 140
Trd, 4319666.743, 140
Trd, 4319667.643, 140
Trd, 4319669.243, 140
Trd, 4319670.443, 140
Trd, 4319670.893, 140
Trd, 4319671.093, 140
Trd, 4319673.493, 140
Trd, 4319673.693, 140
Trd, 4319673.893, 140
Trd, 4319674.093, 140
Trd, 4319676.743, 140
Trd, 4319677.593, 140
Trd, 4319677.743, 140
Trd, 4319677.793, 139
Trd, 4319678.843, 107
Trd, 4319679.393, 140
Trd, 4319679.793, 140
Trd, 4319681.143, 139
Trd, 4319681.593, 140
Trd, 4319683.593, 140
Trd, 4319683.943, 140
Trd, 4319684.393, 140
Trd, 4319685.593, 140
Trd, 4319685.993, 140
Trd, 4319688.043, 140
Trd, 4319689.093, 140
Trd, 4319689.593, 140
Trd, 4319689.893, 140
Trd, 4319690.643, 140
Trd, 4319690.793, 140
Trd, 4319691.293, 139
Trd, 4319691.743, 140
Trd, 4319692.993, 140
Trd, 4319693.343, 140
Trd, 4319694.393, 140
Trd, 4319694.993, 140
Trd, 4319696.243, 139
Trd, 4319696.943, 137
Trd, 4319697.543, 139
Trd, 4319698.693, 140
Trd, 4319698.743, 139
Trd, 4319699.343, 140
Trd, 4319699.993, 140
Trd, 4319701.093, 140
Trd, 4319701.393, 140
Trd, 4319701.943, 140
Trd, 4319702.193, 138
Trd, 4319703.143, 138
Trd, 4319703.843, 103
Trd, 4319704.743, 60
Trd, 4319704.943, 60
Trd, 4319705.293, 63
Trd, 4319705.593, 62
Trd, 4319706.293, 73
Trd, 4319707.343, 140
Trd, 4319707.643, 140
Trd, 4319709.343, 140
Trd, 4319710.843, 140
Trd, 4319710.943, 140
Trd, 4319711.693, 140
Trd, 4319712.143, 140
Trd, 4319713.293, 140
Trd, 4319713.443, 140
Trd, 4319713.793, 140
Trd, 4319716.693, 140
Trd, 4319717.243, 140
Trd, 4319717.293, 140
Trd, 4319717.793, 140
Trd, 4319718.493, 140
Trd, 4319719.343, 140
Trd, 4319720.343, 140
Trd, 4319720.843, 140
Trd, 4319720.893, 140
Trd, 4319722.893, 140
Trd, 4319723.393, 140
Trd, 4319723.793, 140
Trd, 4319724.293, 140
Trd, 4319724.743, 135
Trd, 4319726.143, 139
Trd, 4319727.043, 120
Trd, 4319728.843, 140
Trd, 4319729.293, 140
Trd, 4319729.443, 140
Trd, 4319730.193, 140
Trd, 4319730.693, 140
Trd, 4319731.843, 140
Trd, 4319731.943, 139
Trd, 4319733.643, 139
Trd, 4319734.443, 140
Trd, 4319735.543, 140
Trd, 4319735.743, 140
Trd, 4319736.293, 140
Trd, 4319737.893, 140
Trd, 4319738.493, 89
Trd, 4319739.543, 139
Trd, 4319740.043, 140
Trd, 4319740.493, 140
Trd, 4319740.693, 138
Trd, 4319741.193, 139
Trd, 4319741.293, 138
Trd, 4319741.343, 116
Trd, 4319743.593, 140
Trd, 4319744.143, 140
Trd, 4319744.393, 140
Trd, 4319744.593, 140
Trd, 4319745.443, 140
Trd, 4319746.043, 140
Trd, 4319746.393, 138
Trd, 4319747.993, 140
Trd, 4319749.743, 140
Trd, 4319751.243, 140
Trd, 4319751.593, 140
Trd, 4319751.843, 140
Trd, 4319753.493, 140
Trd, 4319753.643, 140
Trd, 4319753.993, 140
Trd, 4319754.193, 139
Trd, 4319754.743, 138
Trd, 4319755.193, 137
Trd, 4319756.943, 140
Trd, 4319759.743, 140
Trd, 4319759.793, 140
Trd, 4319760.093, 140
Trd, 4319760.443, 140
Trd, 4319760.693, 140
Trd, 4319760.843, 139
Trd, 4319761.293, 139
Trd, 4319761.693, 140
Trd, 4319761.843, 134
Trd, 4319763.543, 126
Trd, 4319764.093, 134
Trd, 4319764.593, 140
Trd, 4319765.593, 140
Trd, 4319765.843, 140
Trd, 4319766.393, 140
Trd, 4319767.443, 140
Trd, 4319768.993, 140
Trd, 4319769.643, 140
Trd, 4319769.793, 138
Trd, 4319770.493, 125
Trd, 4319771.243, 108
Trd, 4319771.293, 107
Trd, 4319771.943, 108
Trd, 4319772.443, 138
Trd, 4319773.443, 140
Trd, 4319774.593, 140
Trd, 4319775.493, 140
Trd, 4319776.293, 140
Trd, 4319776.493, 140
Trd, 4319777.743, 140
Trd, 4319778.743, 140
Trd, 4319778.843, 139
Trd, 4319778.993, 138
Trd, 4319779.143, 120
Trd, 4319780.543, 60
Trd, 4319781.743, 61
Trd, 4319781.793, 62
Trd, 4319782.993, 66
Trd, 4319783.043, 67
Trd, 4319784.043, 72
Trd, 4319784.793, 60
Trd, 4319784.893, 60
Trd, 4319784.943, 61
Trd, 4319785.493, 65
Trd, 4319786.493, 140
Trd, 4319787.243, 63
Trd, 4319787.593, 65
Trd, 4319789.643, 61
Trd, 4319789.843, 64
Trd, 4319790.343, 60
Trd, 4319792.393, 60
Trd, 4319793.793, 60
Trd, 4319793.993, 60
Trd, 4319795.243, 62
Trd, 4319795.443, 62
Trd, 4319795.543, 64
Trd, 4319795.743, 61
Trd, 4319796.843, 61
Trd, 4319796.893, 62
Trd, 4319797.443, 64
Trd, 4319798.243, 65
Trd, 4319801.043, 60
Trd, 4319801.593, 60
Trd, 4319801.993, 60
Trd, 4319802.493, 60
Trd, 4319802.993, 61
Trd, 4319804.593, 60
Trd, 4319804.843, 62
Trd, 4319804.893, 63
Trd, 4319804.943, 132
Trd, 4319805.343, 66
Trd, 4319806.293, 71
Trd, 4319806.343, 70
Trd, 4319807.143, 138
Trd, 4319809.743, 60
Trd, 4319810.593, 60
Trd, 4319811.693, 60
Trd, 4319813.793, 60
Trd, 4319813.943, 60
Trd, 4319814.093, 60
Trd, 4319814.393, 60
Trd, 4319814.493, 60
Trd, 4319815.193, 60
Trd, 4319815.743, 60
Trd, 4319816.193, 62
Trd, 4319816.443, 63
Trd, 4319816.843, 62
Trd, 4319817.293, 62
Trd, 4319819.243, 60
Trd, 4319820.393, 60
Trd, 4319820.593, 62
Trd, 4319820.793, 61
Trd, 4319821.043, 61
Trd, 4319823.343, 60
Trd, 4319823.793, 60
Trd, 4319823.843, 60
Trd, 4319823.943, 61
Trd, 4319824.543, 64
Trd, 4319824.893, 66
Trd, 4319824.993, 66
Trd, 4319825.893, 96
Trd, 4319826.193, 95
Trd, 4319826.693, 73
Trd, 4319827.393, 70
Trd, 4319827.743, 60
Trd, 4319828.343, 62
Trd, 4319830.493, 60
Trd, 4319831.693, 60
Trd, 4319831.743, 61
Trd, 4319832.993, 61
Trd, 4319834.043, 60
Trd, 4319834.093, 62
Trd, 4319834.843, 65
Trd, 4319835.343, 66
Trd, 4319836.143, 140
Trd, 4319837.143, 138
Trd, 4319837.343, 60
Trd, 4319838.043, 139
Trd, 4319839.943, 140
Trd, 4319840.443, 140
Trd, 4319840.843, 140
Trd, 4319840.943, 140
Trd, 4319841.843, 140
Trd, 4319841.943, 138
Trd, 4319843.293, 139
Trd, 4319844.593, 139
Trd, 4319844.893, 124
Trd, 4319845.643, 140
Trd, 4319846.593, 140
Trd, 4319847.493, 140
Trd, 4319848.043, 140
Trd, 4319848.193, 138
Trd, 4319848.643, 137
Trd, 4319849.943, 140
Trd, 4319850.293, 140
Trd, 4319850.493, 126
Trd, 4319851.343, 140
Trd, 4319851.843, 103
Trd, 4319852.493, 88
Trd, 4319852.993, 131
Trd, 4319853.643, 89
Trd, 4319854.593, 139
Trd, 4319855.693, 140
Trd, 4319856.543, 140
Trd, 4319856.693, 140
Trd, 4319857.443, 140
Trd, 4319857.643, 138
Trd, 4319859.193, 140
Trd, 4319859.593, 139
Trd, 4319859.793, 140
Trd, 4319859.843, 139
Trd, 4319862.543, 140
Trd, 4319863.043, 140
Trd, 4319864.143, 140
Trd, 4319864.743, 140
Trd, 4319865.543, 140
Trd, 4319866.293, 140
Trd, 4319866.893, 140
Trd, 4319867.143, 140
Trd, 4319868.693, 140
Trd, 4319868.743, 140
Trd, 4319870.143, 140
Trd, 4319871.293, 140
Trd, 4319871.393, 138
Trd, 4319872.193, 106
Trd, 4319873.143, 140
Trd, 4319874.193, 140
Trd, 4319874.293, 140
Trd, 4319875.943, 140
Trd, 4319876.143, 140
Trd, 4319877.743, 140
Trd, 4319878.193, 140
Trd, 4319878.593, 140
Trd, 4319879.643, 140
Trd, 4319880.143, 140
Trd, 4319880.493, 140
Trd, 4319880.943, 138
Trd, 4319881.343, 135
Trd, 4319881.643, 120
Trd, 4319883.143, 121
Trd, 4319884.293, 140
Trd, 4319884.443, 140
Trd, 4319886.493, 140
Trd, 4319887.293, 140
Trd, 4319887.943, 140
Trd, 4319888.393, 140
Trd, 4319888.443, 140
Trd, 4319889.443, 140
Trd, 4319891.843, 140
Trd, 4319891.893, 140
Trd, 4319892.093, 140
Trd, 4319892.593, 135
Trd, 4319893.243, 139
Trd, 4319893.493, 140
Trd, 4319895.343, 140
Trd, 4319896.293, 140
Trd, 4319896.543, 140
Trd, 4319897.043, 140
Trd, 4319897.643, 140
Trd, 4319898.593, 140
Trd, 4319899.043, 140
Trd, 4319899.193, 140
Trd, 4319900.493, 140
Trd, 4319901.593, 140
Trd, 4319901.843, 140
Trd, 4319901.943, 140
Trd, 4319902.243, 112
Trd, 4319903.243, 139
Trd, 4319904.793, 140
Trd, 4319905.693, 140
Trd, 4319905.843, 140
Trd, 4319907.093, 140
Trd, 4319907.393, 140
Trd, 4319909.193, 140
Trd, 4319909.943, 140
Trd, 4319911.343, 140
Trd, 4319911.443, 140
Trd, 4319912.143, 140
Trd, 4319913.393, 140
Trd, 4319913.843, 140
Trd, 4319914.043, 140
Trd, 4319915.443, 140
Trd, 4319915.793, 140
Trd, 4319916.893, 140
Trd, 4319917.143, 140
Trd, 4319918.043, 140
Trd, 4319918.393, 139
Trd, 4319919.143, 139
Trd, 4319919.493, 140
Trd, 4319920.243, 140
Trd, 4319920.993, 139
Trd, 4319921.493, 120
Trd, 4319922.393, 140
Trd, 4319922.643, 140
Trd, 4319924.393, 140
Trd, 4319924.993, 140
Trd, 4319925.293, 140
Trd, 4319926.143, 139
Trd, 4319927.293, 140
Trd, 4319927.593, 139
Trd, 4319928.993, 140
Trd, 4319929.443, 140
Trd, 4319929.893, 140
Trd, 4319930.943, 140
Trd, 4319931.493, 140
Trd, 4319932.443, 140
Trd, 4319932.793, 139
Trd, 4319934.243, 140
Trd, 4319934.543, 139
Trd, 4319934.893, 138
Trd, 4319935.543, 119
Trd, 4319936.793, 140
Trd, 4319937.193, 140
Trd, 4319937.293, 138
Trd, 4319938.993, 139
Trd, 4319939.293, 140
Trd, 4319940.493, 140
Trd, 4319940.543, 140
Trd, 4319941.793, 140
Trd, 4319942.843, 91
Trd, 4319943.893, 60
Trd, 4319944.143, 61
Trd, 4319944.393, 136
Trd, 4319945.893, 65
Trd, 4319946.393, 137
Trd, 4319947.393, 140
Trd, 4319947.543, 140
Trd, 4319947.993, 119
Trd, 4319948.493, 139
Trd, 4319948.643, 121
Trd, 4319950.093, 140
Trd, 4319950.893, 137
Trd, 4319953.143, 140
Trd, 4319953.843, 140
Trd, 4319953.943, 140
Trd, 4319954.743, 140
Trd, 4319955.943, 140
Trd, 4319956.093, 138
Trd, 4319956.993, 140
Trd, 4319957.143, 140
Trd, 4319957.843, 61
Trd, 4319958.943, 61
Trd, 4319959.193, 63
Trd, 4319960.643, 140
Trd, 4319960.993, 139
Trd, 4319961.743, 111
Trd, 4319961.943, 140
Trd, 4319962.143, 139
Trd, 4319962.693, 137
Trd, 4319963.593, 60
Trd, 4319965.443, 66
Trd, 4319965.943, 128
Trd, 4319966.893, 124
Trd, 4319967.543, 131
Trd, 4319967.643, 90
Trd, 4319967.743, 79
Trd, 4319969.543, 140
Trd, 4319969.993, 140
Trd, 4319970.343, 140
Trd, 4319971.443, 140
Trd, 4319972.293, 140
Trd, 4319973.393, 140
Trd, 4319973.543, 140
Trd, 4319973.793, 140
Trd, 4319975.093, 140
Trd, 4319976.393, 102
Trd, 4319977.993, 139
Trd, 4319978.093, 139
Trd, 4319978.143, 138
Trd, 4319980.093, 140
Trd, 4319980.143, 140
Trd, 4319980.643, 140
Trd, 4319983.043, 140
Trd, 4319983.093, 140
Trd, 4319983.593, 140
Trd, 4319983.693, 139
Trd, 4319984.493, 139
Trd, 4319985.593, 109
Trd, 4319986.393, 140
Trd, 4319986.443, 110
Trd, 4319987.043, 87
Trd, 4319988.143, 63
Trd, 4319988.243, 64
Trd, 4319989.843, 139
Trd, 4319990.093, 135
Trd, 4319991.943, 140
Trd, 4319992.143, 140
Trd, 4319992.343, 140
Trd, 4319994.443, 140
Trd, 4319994.543, 140
Trd, 4319996.393, 140
Trd, 4319996.893, 140
Trd, 4319996.943, 140
Trd, 4319997.543, 139
Trd, 4319997.643, 138
Trd, 4319998.743, 140
Trd, 4319999.093, 92
