Trd, 4318116.143, 80
Trd, 4318116.193, 83
Trd, 4318117.543, 108
Trd, 4318118.693, 89
Trd, 4318118.793, 98
Trd, 4318119.443, 123
Trd, 4318120.543, 86
Trd, 4318121.243, 80
Trd, 4318122.393, 81
Trd, 4318123.093, 91
Trd, 4318123.143, 97
Trd, 4318123.643, 97
Trd, 4318123.893, 69
Trd, 4318125.243, 128
Trd, 4318125.593, 117
Trd, 4318125.943, 84
Trd, 4318127.343, 115
Trd, 4318128.493, 117
Trd, 4318128.743, 83
Trd, 4318131.343, 116
Trd, 4318131.643, 103
Trd, 4318132.243, 104
Trd, 4318132.493, 113
Trd, 4318132.643, 124
Trd, 4318133.843, 134
Trd, 4318134.293, 96
Trd, 4318134.343, 89
Trd, 4318134.443, 72
Trd, 4318135.193, 91
Trd, 4318136.593, 99
Trd, 4318137.343, 108
Trd, 4318138.693, 81
Trd, 4318139.243, 132
Trd, 4318141.443, 109
Trd, 4318142.743, 122
Trd, 4318143.443, 124
Trd, 4318143.843, 115
Trd, 4318144.943, 65
Trd, 4318144.993, 70
Trd, 4318145.393, 60
Trd, 4318145.443, 118
Trd, 4318146.343, 84
Trd, 4318146.643, 95
Trd, 4318147.293, 64
Trd, 4318148.643, 80
Trd, 4318149.043, 110
Trd, 4318150.393, 126
Trd, 4318151.043, 108
Trd, 4318151.843, 118
Trd, 4318152.643, 86
Trd, 4318153.593, 73
Trd, 4318154.043, 81
Trd, 4318154.193, 71
Trd, 4318155.843, 61
Trd, 4318156.793, 106
Trd, 4318156.943, 100
Trd, 4318158.293, 123
Trd, 4318158.543, 111
Trd, 4318159.343, 103
Trd, 4318160.093, 92
Trd, 4318160.143, 118
Trd, 4318160.193, 84
Trd, 4318160.343, 74
Trd, 4318161.793, 134
Trd, 4318163.043, 110
Trd, 4318164.093, 125
Trd, 4318164.243, 86
Trd, 4318164.293, 78
Trd, 4318164.843, 92
Trd, 4318165.093, 66
Trd, 4318166.493, 68
Trd, 4318167.393, 93
Trd, 4318167.593, 70
Trd, 4318167.843, 97
Trd, 4318168.793, 77
Trd, 4318169.543, 89
Trd, 4318169.793, 84
Trd, 4318170.043, 111
Trd, 4318171.843, 127
Trd, 4318172.843, 127
Trd, 4318173.293, 99
Trd, 4318174.243, 111
Trd, 4318174.393, 109
Trd, 4318174.693, 103
Trd, 4318175.243, 107
Trd, 4318176.893, 123
Trd, 4318177.943, 112
Trd, 4318178.293, 113
Trd, 4318180.743, 114
Trd, 4318181.493, 129
Trd, 4318181.593, 105
Trd, 4318181.693, 133
Trd, 4318183.393, 121
Trd, 4318184.443, 135
Trd, 4318184.643, 98
Trd, 4318185.143, 95
Trd, 4318185.193, 90
Trd, 4318186.543, 108
Trd, 4318186.593, 87
Trd, 4318187.743, 74
Trd, 4318187.993, 75
Trd, 4318188.743, 126
Trd, 4318189.943, 108
Trd, 4318190.593, 136
Trd, 4318190.843, 98
Trd, 4318191.693, 133
Trd, 4318191.843, 130
Trd, 4318191.993, 120
Trd, 4318194.293, 121
Trd, 4318195.643, 125
Trd, 4318195.743, 99
Trd, 4318195.893, 131
Trd, 4318196.443, 87
Trd, 4318196.493, 81
Trd, 4318197.443, 86
Trd, 4318197.743, 128
Trd, 4318198.093, 122
Trd, 4318199.343, 92
Trd, 4318200.193, 137
Trd, 4318200.293, 123
Trd, 4318200.543, 101
Trd, 4318201.993, 126
Trd, 4318203.293, 136
Trd, 4318204.993, 124
Trd, 4318205.243, 120
Trd, 4318205.893, 115
Trd, 4318206.143, 113
Trd, 4318206.643, 107
Trd, 4318207.043, 103
Trd, 4318209.193, 90
Trd, 4318209.843, 108
Trd, 4318210.543, 122
Trd, 4318210.843, 114
Trd, 4318211.043, 108
Trd, 4318211.093, 105
Trd, 4318212.143, 113
Trd, 4318213.243, 128
Trd, 4318214.143, 132
Trd, 4318214.543, 98
Trd, 4318215.093, 92
Trd, 4318215.293, 104
Trd, 4318216.643, 95
Trd, 4318216.943, 102
Trd, 4318217.543, 133
Trd, 4318218.093, 132
Trd, 4318218.643, 124
Trd, 4318220.093, 125
Trd, 4318220.943, 105
Trd, 4318221.343, 88
Trd, 4318222.093, 110
Trd, 4318222.693, 118
Trd, 4318223.543, 110
Trd, 4318223.643, 99
Trd, 4318223.943, 98
Trd, 4318224.643, 81
Trd, 4318225.293, 88
Trd, 4318226.093, 128
Trd, 4318227.143, 80
Trd, 4318228.593, 123
Trd, 4318229.493, 104
Trd, 4318230.393, 106
Trd, 4318230.593, 104
Trd, 4318230.743, 98
Trd, 4318230.793, 90
Trd, 4318231.393, 89
Trd, 4318232.793, 111
Trd, 4318233.043, 103
Trd, 4318233.693, 131
Trd, 4318234.143, 129
Trd, 4318236.393, 117
Trd, 4318236.443, 99
Trd, 4318237.243, 125
Trd, 4318238.343, 138
Trd, 4318238.693, 117
Trd, 4318239.043, 116
Trd, 4318239.193, 98
Trd, 4318241.543, 116
Trd, 4318242.243, 108
Trd, 4318243.543, 99
Trd, 4318243.993, 138
Trd, 4318244.943, 62
Trd, 4318245.993, 72
Trd, 4318246.093, 93
Trd, 4318247.093, 75
Trd, 4318247.893, 74
Trd, 4318248.293, 81
Trd, 4318249.243, 101
Trd, 4318251.193, 120
Trd, 4318251.693, 113
Trd, 4318251.993, 122
Trd, 4318252.893, 128
Trd, 4318252.943, 120
Trd, 4318253.393, 82
Trd, 4318253.543, 114
Trd, 4318254.893, 98
Trd, 4318255.843, 92
Trd, 4318256.993, 106
Trd, 4318257.093, 77
Trd, 4318258.543, 128
Trd, 4318258.943, 131
Trd, 4318260.893, 122
Trd, 4318261.193, 122
Trd, 4318261.293, 112
Trd, 4318261.543, 79
Trd, 4318262.243, 126
Trd, 4318262.593, 131
Trd, 4318263.343, 74
Trd, 4318264.743, 98
Trd, 4318266.443, 123
Trd, 4318266.743, 94
Trd, 4318266.943, 77
Trd, 4318268.193, 125
Trd, 4318268.943, 106
Trd, 4318270.093, 91
Trd, 4318270.443, 117
Trd, 4318271.293, 134
Trd, 4318271.943, 104
Trd, 4318272.193, 94
Trd, 4318272.993, 104
Trd, 4318273.143, 93
Trd, 4318273.893, 127
Trd, 4318275.243, 114
Trd, 4318275.543, 128
Trd, 4318275.893, 100
Trd, 4318278.343, 95
Trd, 4318278.493, 107
Trd, 4318278.643, 96
Trd, 4318279.493, 83
Trd, 4318279.543, 110
Trd, 4318280.143, 73
Trd, 4318280.393, 83
Trd, 4318282.493, 67
Trd, 4318282.893, 97
Trd, 4318284.093, 127
Trd, 4318284.943, 138
Trd, 4318285.243, 117
Trd, 4318286.643, 88
Trd, 4318286.943, 80
Trd, 4318288.043, 76
Trd, 4318288.143, 96
Trd, 4318288.643, 78
Trd, 4318288.943, 119
Trd, 4318290.693, 80
Trd, 4318291.293, 107
Trd, 4318291.993, 96
Trd, 4318292.443, 112
Trd, 4318292.643, 87
Trd, 4318293.693, 69
Trd, 4318293.843, 77
Trd, 4318295.293, 61
Trd, 4318295.743, 73
Trd, 4318296.393, 86
Trd, 4318296.693, 92
Trd, 4318296.843, 67
Trd, 4318297.843, 136
Trd, 4318298.393, 93
Trd, 4318301.093, 105
Trd, 4318301.343, 96
Trd, 4318301.893, 94
Trd, 4318302.543, 102
Trd, 4318303.543, 84
Trd, 4318303.643, 87
Trd, 4318304.593, 87
Trd, 4318304.693, 62
Trd, 4318305.793, 83
Trd, 4318307.093, 117
Trd, 4318307.243, 68
Trd, 4318308.743, 69
Trd, 4318308.793, 74
Trd, 4318308.843, 90
Trd, 4318310.443, 74
Trd, 4318311.693, 73
Trd, 4318312.093, 115
Trd, 4318312.243, 66
Trd, 4318312.543, 103
Trd, 4318313.593, 71
Trd, 4318314.893, 104
Trd, 4318316.143, 127
Trd, 4318316.543, 83
Trd, 4318317.093, 133
Trd, 4318317.243, 116
Trd, 4318317.543, 97
Trd, 4318319.193, 95
Trd, 4318319.493, 98
Trd, 4318320.793, 120
Trd, 4318321.043, 85
Trd, 4318321.093, 123
Trd, 4318322.593, 86
Trd, 4318322.643, 94
Trd, 4318322.893, 80
Trd, 4318324.793, 114
Trd, 4318325.693, 84
Trd, 4318326.743, 109
Trd, 4318326.793, 90
Trd, 4318328.343, 133
Trd, 4318328.493, 127
Trd, 4318328.793, 118
Trd, 4318330.293, 132
Trd, 4318330.993, 67
Trd, 4318331.593, 70
Trd, 4318331.943, 68
Trd, 4318332.943, 96
Trd, 4318335.243, 118
Trd, 4318336.143, 129
Trd, 4318336.343, 123
Trd, 4318336.493, 123
Trd, 4318337.093, 109
Trd, 4318337.443, 92
Trd, 4318337.943, 129
Trd, 4318338.493, 117
Trd, 4318339.043, 133
Trd, 4318340.693, 86
Trd, 4318341.793, 119
Trd, 4318342.593, 126
Trd, 4318342.693, 109
Trd, 4318342.893, 96
Trd, 4318343.993, 112
Trd, 4318344.243, 129
Trd, 4318344.993, 105
Trd, 4318345.043, 104
Trd, 4318346.743, 107
Trd, 4318347.693, 98
Trd, 4318348.343, 91
Trd, 4318348.743, 89
Trd, 4318349.393, 104
Trd, 4318350.793, 62
Trd, 4318350.893, 66
Trd, 4318351.893, 70
Trd, 4318352.593, 100
Trd, 4318353.993, 87
Trd, 4318354.493, 118
Trd, 4318355.343, 109
Trd, 4318355.893, 132
Trd, 4318356.043, 122
Trd, 4318357.543, 131
Trd, 4318357.643, 129
Trd, 4318358.593, 129
Trd, 4318358.793, 93
Trd, 4318358.893, 93
Trd, 4318359.243, 67
Trd, 4318361.193, 109
Trd, 4318361.493, 97
Trd, 4318362.143, 115
Trd, 4318362.543, 111
Trd, 4318364.993, 77
Trd, 4318365.243, 103
Trd, 4318365.443, 74
Trd, 4318365.993, 72
Trd, 4318366.793, 89
Trd, 4318367.543, 100
Trd, 4318368.243, 69
Trd, 4318369.643, 66
Trd, 4318371.893, 95
Trd, 4318372.543, 93
Trd, 4318373.243, 82
Trd, 4318373.343, 89
Trd, 4318374.193, 119
Trd, 4318376.543, 115
Trd, 4318376.843, 128
Trd, 4318377.293, 103
Trd, 4318377.643, 132
Trd, 4318378.393, 130
Trd, 4318378.693, 93
Trd, 4318380.143, 119
Trd, 4318380.943, 139
Trd, 4318382.143, 131
Trd, 4318383.043, 90
Trd, 4318383.793, 100
Trd, 4318384.143, 133
Trd, 4318384.943, 96
Trd, 4318385.393, 90
Trd, 4318385.643, 84
Trd, 4318387.093, 93
Trd, 4318388.843, 124
Trd, 4318389.443, 119
Trd, 4318389.893, 129
Trd, 4318390.793, 112
Trd, 4318391.093, 85
Trd, 4318391.143, 85
Trd, 4318391.543, 102
Trd, 4318392.293, 122
Trd, 4318393.593, 65
Trd, 4318393.743, 78
Trd, 4318393.943, 79
Trd, 4318394.893, 99
Trd, 4318395.093, 91
Trd, 4318395.443, 66
Trd, 4318395.643, 97
Trd, 4318396.443, 67
Trd, 4318397.593, 133
Trd, 4318398.793, 124
Trd, 4318399.343, 106
Trd, 4318400.293, 137
Trd, 4318401.693, 101
Trd, 4318401.843, 88
Trd, 4318402.043, 87
Trd, 4318402.493, 87
Trd, 4318403.493, 87
Trd, 4318403.843, 63
Trd, 4318404.043, 67
Trd, 4318405.493, 75
Trd, 4318405.693, 97
Trd, 4318406.943, 102
Trd, 4318407.793, 92
Trd, 4318408.293, 76
Trd, 4318410.043, 70
Trd, 4318410.493, 88
Trd, 4318410.693, 82
Trd, 4318411.493, 101
Trd, 4318411.543, 70
Trd, 4318413.743, 104
Trd, 4318413.893, 100
Trd, 4318414.743, 115
Trd, 4318415.393, 124
Trd, 4318416.543, 138
Trd, 4318417.143, 130
Trd, 4318418.443, 139
Trd, 4318418.643, 94
Trd, 4318419.293, 79
Trd, 4318419.543, 87
Trd, 4318419.793, 109
Trd, 4318420.193, 134
Trd, 4318420.743, 135
Trd, 4318420.793, 122
Trd, 4318423.143, 128
Trd, 4318423.243, 122
Trd, 4318424.243, 127
Trd, 4318424.393, 118
Trd, 4318425.043, 89
Trd, 4318426.643, 100
Trd, 4318426.843, 85
Trd, 4318427.993, 133
Trd, 4318428.543, 121
Trd, 4318429.193, 111
Trd, 4318429.693, 125
Trd, 4318429.743, 109
Trd, 4318430.293, 100
Trd, 4318430.543, 105
Trd, 4318431.493, 135
Trd, 4318431.793, 84
Trd, 4318432.943, 88
Trd, 4318433.743, 72
Trd, 4318435.043, 129
Trd, 4318435.393, 91
Trd, 4318435.693, 90
Trd, 4318436.743, 124
Trd, 4318437.043, 87
Trd, 4318437.643, 68
Trd, 4318438.193, 77
Trd, 4318439.243, 87
Trd, 4318440.043, 111
Trd, 4318440.143, 118
Trd, 4318441.543, 125
Trd, 4318442.243, 130
Trd, 4318444.293, 134
Trd, 4318444.643, 107
Trd, 4318445.043, 118
Trd, 4318445.693, 116
Trd, 4318446.643, 115
Trd, 4318446.743, 104
Trd, 4318447.043, 81
Trd, 4318448.743, 76
Trd, 4318449.143, 61
Trd, 4318449.443, 70
Trd, 4318450.043, 81
Trd, 4318452.793, 71
Trd, 4318453.443, 73
Trd, 4318454.243, 76
Trd, 4318455.743, 110
Trd, 4318455.943, 110
Trd, 4318457.093, 97
Trd, 4318457.193, 87
Trd, 4318457.543, 76
Trd, 4318457.593, 73
Trd, 4318458.343, 138
Trd, 4318460.843, 127
Trd, 4318461.093, 109
Trd, 4318462.493, 82
Trd, 4318462.943, 99
Trd, 4318464.993, 113
Trd, 4318465.043, 128
Trd, 4318465.343, 107
Trd, 4318465.943, 113
Trd, 4318466.493, 71
Trd, 4318467.793, 127
Trd, 4318468.643, 99
Trd, 4318469.793, 129
Trd, 4318470.543, 127
Trd, 4318470.893, 121
Trd, 4318471.543, 129
Trd, 4318472.843, 105
Trd, 4318473.493, 94
Trd, 4318474.443, 120
Trd, 4318475.543, 138
Trd, 4318475.843, 137
Trd, 4318475.893, 131
Trd, 4318476.243, 127
Trd, 4318476.643, 133
Trd, 4318477.643, 115
Trd, 4318478.293, 104
Trd, 4318479.043, 124
Trd, 4318481.093, 133
Trd, 4318483.843, 131
Trd, 4318483.993, 118
Trd, 4318484.793, 128
Trd, 4318484.893, 115
Trd, 4318485.243, 80
Trd, 4318485.393, 104
Trd, 4318486.193, 138
Trd, 4318487.293, 112
Trd, 4318487.943, 111
Trd, 4318488.043, 110
Trd, 4318488.143, 113
Trd, 4318488.543, 88
Trd, 4318489.643, 126
Trd, 4318489.793, 84
Trd, 4318490.943, 87
Trd, 4318491.893, 116
Trd, 4318492.343, 88
Trd, 4318493.093, 125
Trd, 4318493.493, 114
Trd, 4318494.643, 121
Trd, 4318496.193, 121
Trd, 4318496.293, 118
Trd, 4318496.743, 113
Trd, 4318497.093, 74
Trd, 4318498.643, 140
Trd, 4318499.093, 124
Trd, 4318499.393, 121
Trd, 4318499.593, 100
Trd, 4318500.093, 137
Trd, 4318501.593, 119
Trd, 4318501.993, 114
Trd, 4318502.093, 103
Trd, 4318503.193, 100
Trd, 4318504.043, 69
Trd, 4318504.143, 62
Trd, 4318505.893, 102
Trd, 4318506.293, 116
Trd, 4318508.243, 132
Trd, 4318508.443, 131
Trd, 4318509.393, 79
Trd, 4318510.243, 126
Trd, 4318511.043, 125
Trd, 4318511.693, 123
Trd, 4318511.793, 88
Trd, 4318513.443, 122
Trd, 4318514.643, 140
Trd, 4318514.943, 136
Trd, 4318516.143, 119
Trd, 4318516.243, 117
Trd, 4318516.743, 80
Trd, 4318518.343, 63
Trd, 4318519.743, 76
Trd, 4318519.943, 81
Trd, 4318520.743, 75
Trd, 4318521.543, 120
Trd, 4318521.593, 115
Trd, 4318522.393, 108
Trd, 4318522.893, 132
Trd, 4318523.043, 104
Trd, 4318524.243, 98
Trd, 4318524.793, 123
Trd, 4318526.693, 131
Trd, 4318527.743, 118
Trd, 4318528.193, 113
Trd, 4318528.643, 107
Trd, 4318528.743, 106
Trd, 4318529.043, 109
Trd, 4318529.593, 106
Trd, 4318529.743, 103
Trd, 4318531.443, 92
Trd, 4318531.743, 92
Trd, 4318533.293, 123
Trd, 4318533.643, 113
Trd, 4318535.343, 97
Trd, 4318535.893, 101
Trd, 4318536.043, 86
Trd, 4318538.043, 102
Trd, 4318538.393, 103
Trd, 4318539.143, 135
Trd, 4318540.293, 125
Trd, 4318540.343, 89
Trd, 4318540.743, 63
Trd, 4318542.793, 111
Trd, 4318543.743, 124
Trd, 4318544.393, 123
Trd, 4318544.993, 127
Trd, 4318546.143, 123
Trd, 4318546.393, 116
Trd, 4318546.593, 115
Trd, 4318547.343, 130
Trd, 4318547.643, 120
Trd, 4318549.543, 134
Trd, 4318549.743, 90
Trd, 4318550.343, 101
Trd, 4318550.793, 134
Trd, 4318553.243, 91
Trd, 4318554.693, 117
Trd, 4318554.843, 106
Trd, 4318556.193, 102
Trd, 4318556.543, 109
Trd, 4318556.893, 116
Trd, 4318557.043, 91
Trd, 4318557.093, 103
Trd, 4318557.243, 78
Trd, 4318558.293, 90
Trd, 4318558.393, 119
Trd, 4318560.943, 125
Trd, 4318561.093, 123
Trd, 4318561.693, 114
Trd, 4318562.993, 117
Trd, 4318563.193, 115
Trd, 4318564.043, 134
Trd, 4318564.993, 94
Trd, 4318565.393, 100
Trd, 4318568.043, 120
Trd, 4318568.293, 110
Trd, 4318568.643, 108
Trd, 4318570.443, 131
Trd, 4318571.143, 132
Trd, 4318571.393, 139
Trd, 4318571.793, 91
Trd, 4318573.843, 128
Trd, 4318574.493, 95
Trd, 4318574.793, 93
Trd, 4318574.993, 77
Trd, 4318575.393, 108
Trd, 4318575.593, 69
Trd, 4318576.743, 133
Trd, 4318578.143, 140
Trd, 4318578.593, 137
Trd, 4318578.943, 104
Trd, 4318579.393, 135
Trd, 4318581.343, 95
Trd, 4318581.543, 90
Trd, 4318582.793, 139
Trd, 4318583.143, 115
Trd, 4318584.543, 128
Trd, 4318584.593, 100
Trd, 4318585.193, 119
Trd, 4318585.593, 109
Trd, 4318586.543, 97
Trd, 4318586.643, 75
Trd, 4318587.693, 114
Trd, 4318588.643, 109
Trd, 4318588.793, 77
Trd, 4318589.243, 126
Trd, 4318589.393, 81
Trd, 4318590.743, 80
Trd, 4318591.843, 73
Trd, 4318592.043, 130
Trd, 4318592.543, 89
Trd, 4318592.843, 120
Trd, 4318592.893, 82
Trd, 4318594.443, 84
Trd, 4318595.093, 66
Trd, 4318596.393, 105
Trd, 4318596.643, 99
Trd, 4318596.793, 94
Trd, 4318597.643, 130
Trd, 4318599.693, 125
Trd, 4318599.793, 119
Trd, 4318600.993, 120
Trd, 4318601.993, 112
Trd, 4318603.193, 103
Trd, 4318603.993, 129
Trd, 4318604.143, 127
Trd, 4318604.643, 137
Trd, 4318604.693, 116
Trd, 4318605.193, 97
Trd, 4318605.543, 116
Trd, 4318606.443, 121
Trd, 4318607.943, 118
Trd, 4318608.243, 125
Trd, 4318609.293, 106
Trd, 4318609.343, 105
Trd, 4318609.793, 113
Trd, 4318610.293, 139
Trd, 4318611.343, 103
Trd, 4318611.593, 85
Trd, 4318613.643, 91
Trd, 4318614.193, 128
Trd, 4318615.343, 97
Trd, 4318615.993, 108
Trd, 4318616.893, 133
Trd, 4318616.943, 90
Trd, 4318617.043, 87
Trd, 4318618.243, 87
Trd, 4318618.593, 86
Trd, 4318618.893, 77
Trd, 4318619.493, 134
Trd, 4318620.193, 126
Trd, 4318621.093, 106
Trd, 4318621.693, 89
Trd, 4318623.443, 118
Trd, 4318623.543, 112
Trd, 4318623.843, 95
Trd, 4318624.943, 78
Trd, 4318625.293, 111
Trd, 4318625.593, 64
Trd, 4318625.893, 95
Trd, 4318627.093, 111
Trd, 4318628.143, 96
Trd, 4318629.993, 104
Trd, 4318630.493, 78
Trd, 4318631.293, 73
Trd, 4318631.593, 140
Trd, 4318632.843, 116
Trd, 4318633.593, 114
Trd, 4318633.993, 96
Trd, 4318634.393, 80
Trd, 4318634.993, 66
Trd, 4318635.093, 65
Trd, 4318635.793, 104
Trd, 4318636.693, 137
Trd, 4318636.893, 113
Trd, 4318637.243, 103
Trd, 4318637.543, 119
Trd, 4318638.143, 111
Trd, 4318638.743, 100
Trd, 4318639.693, 87
Trd, 4318639.843, 75
Trd, 4318640.743, 95
Trd, 4318640.943, 82
Trd, 4318641.993, 122
Trd, 4318642.293, 121
Trd, 4318643.893, 74
Trd, 4318644.043, 72
Trd, 4318644.743, 60
Trd, 4318646.743, 136
Trd, 4318647.193, 129
Trd, 4318647.493, 91
Trd, 4318647.743, 69
Trd, 4318648.743, 98
Trd, 4318648.793, 88
Trd, 4318649.293, 89
Trd, 4318651.443, 134
Trd, 4318651.643, 131
Trd, 4318651.793, 107
Trd, 4318652.043, 133
Trd, 4318652.243, 91
Trd, 4318653.943, 118
Trd, 4318654.093, 136
Trd, 4318655.393, 133
Trd, 4318655.793, 87
Trd, 4318656.643, 120
Trd, 4318657.843, 104
Trd, 4318658.243, 88
Trd, 4318658.843, 109
Trd, 4318658.943, 119
Trd, 4318659.593, 115
Trd, 4318660.843, 119
Trd, 4318661.093, 91
Trd, 4318662.793, 125
Trd, 4318663.493, 128
Trd, 4318663.843, 97
Trd, 4318664.493, 89
Trd, 4318665.743, 132
Trd, 4318665.943, 121
Trd, 4318665.993, 107
Trd, 4318667.293, 127
Trd, 4318667.443, 126
Trd, 4318667.493, 116
Trd, 4318668.443, 114
Trd, 4318668.643, 105
Trd, 4318668.893, 80
Trd, 4318669.543, 102
Trd, 4318669.843, 125
Trd, 4318670.643, 92
Trd, 4318671.993, 61
Trd, 4318672.193, 127
Trd, 4318672.993, 106
Trd, 4318674.543, 65
Trd, 4318675.043, 139
Trd, 4318676.243, 86
Trd, 4318676.343, 83
Trd, 4318676.543, 62
Trd, 4318677.193, 85
Trd, 4318677.693, 131
Trd, 4318678.043, 100
Trd, 4318679.343, 61
Trd, 4318680.093, 62
Trd, 4318681.243, 108
Trd, 4318681.843, 116
Trd, 4318682.343, 98
Trd, 4318682.493, 86
Trd, 4318683.243, 77
Trd, 4318683.693, 131
Trd, 4318684.693, 129
Trd, 4318685.943, 120
Trd, 4318687.093, 136
Trd, 4318687.143, 111
Trd, 4318688.243, 140
Trd, 4318690.093, 88
Trd, 4318690.193, 77
Trd, 4318690.693, 118
Trd, 4318691.393, 120
Trd, 4318692.243, 107
Trd, 4318692.493, 71
Trd, 4318692.793, 60
Trd, 4318693.943, 111
Trd, 4318695.143, 124
Trd, 4318697.093, 126
Trd, 4318697.393, 120
Trd, 4318697.643, 117
Trd, 4318698.793, 106
Trd, 4318699.093, 101
Trd, 4318699.193, 107
Trd, 4318699.693, 89
Trd, 4318700.393, 120
Trd, 4318700.593, 83
Trd, 4318701.743, 83
Trd, 4318702.693, 67
Trd, 4318704.243, 106
Trd, 4318704.393, 104
Trd, 4318704.843, 116
Trd, 4318705.793, 124
Trd, 4318706.993, 119
Trd, 4318707.743, 128
Trd, 4318707.793, 114
Trd, 4318707.993, 69
Trd, 4318710.293, 137
Trd, 4318710.693, 125
Trd, 4318711.643, 135
Trd, 4318711.843, 99
Trd, 4318712.443, 91
Trd, 4318715.143, 134
Trd, 4318715.893, 123
Trd, 4318716.043, 123
Trd, 4318716.993, 85
Trd, 4318717.993, 134
Trd, 4318718.493, 93
Trd, 4318718.943, 68
Trd, 4318719.343, 134
Trd, 4318720.493, 76
Trd, 4318721.393, 96
Trd, 4318721.893, 64
Trd, 4318722.093, 132
Trd, 4318722.243, 131
Trd, 4318723.343, 115
Trd, 4318723.843, 78
Trd, 4318724.843, 86
Trd, 4318727.493, 80
Trd, 4318727.793, 127
Trd, 4318728.443, 107
Trd, 4318729.243, 91
Trd, 4318729.393, 87
Trd, 4318730.343, 71
Trd, 4318732.393, 92
Trd, 4318732.543, 82
Trd, 4318732.743, 107
Trd, 4318732.943, 76
Trd, 4318734.793, 126
Trd, 4318734.993, 123
Trd, 4318735.243, 114
Trd, 4318735.643, 97
Trd, 4318737.993, 129
Trd, 4318738.343, 119
Trd, 4318738.543, 111
Trd, 4318739.043, 124
Trd, 4318740.793, 90
Trd, 4318740.943, 133
Trd, 4318741.343, 108
Trd, 4318741.543, 87
Trd, 4318742.493, 120
Trd, 4318743.343, 127
Trd, 4318744.443, 124
Trd, 4318744.843, 116
Trd, 4318745.193, 113
Trd, 4318745.443, 104
Trd, 4318745.493, 99
Trd, 4318747.243, 116
Trd, 4318747.793, 85
Trd, 4318748.443, 121
Trd, 4318749.343, 125
Trd, 4318749.393, 116
Trd, 4318749.693, 103
Trd, 4318750.343, 107
Trd, 4318751.093, 129
Trd, 4318751.343, 94
Trd, 4318752.043, 116
Trd, 4318753.443, 128
Trd, 4318753.593, 109
Trd, 4318754.593, 128
Trd, 4318755.493, 130
Trd, 4318755.593, 105
Trd, 4318757.193, 120
Trd, 4318757.543, 128
Trd, 4318758.093, 104
Trd, 4318759.493, 107
Trd, 4318760.143, 109
Trd, 4318760.593, 119
Trd, 4318760.843, 120
Trd, 4318761.193, 95
Trd, 4318761.943, 93
Trd, 4318762.893, 86
Trd, 4318763.493, 117
Trd, 4318763.543, 99
Trd, 4318764.443, 96
Trd, 4318764.593, 93
Trd, 4318764.843, 90
Trd, 4318765.943, 128
Trd, 4318767.243, 137
Trd, 4318767.893, 82
Trd, 4318768.893, 69
Trd, 4318769.993, 94
Trd, 4318770.293, 133
Trd, 4318770.343, 104
Trd, 4318770.693, 74
Trd, 4318771.043, 113
Trd, 4318771.593, 122
Trd, 4318772.893, 104
Trd, 4318773.343, 70
Trd, 4318775.543, 137
Trd, 4318775.843, 104
Trd, 4318776.143, 98
Trd, 4318776.693, 106
Trd, 4318777.543, 103
Trd, 4318777.743, 80
Trd, 4318779.593, 66
Trd, 4318779.793, 109
Trd, 4318779.943, 101
Trd, 4318780.793, 91
Trd, 4318781.343, 110
Trd, 4318781.543, 114
Trd, 4318782.043, 123
Trd, 4318782.343, 118
Trd, 4318782.943, 131
Trd, 4318784.093, 65
Trd, 4318786.443, 99
Trd, 4318786.893, 93
Trd, 4318787.543, 108
Trd, 4318787.793, 126
Trd, 4318788.043, 105
Trd, 4318788.093, 103
Trd, 4318790.093, 110
Trd, 4318790.543, 87
Trd, 4318791.693, 84
Trd, 4318791.843, 130
Trd, 4318792.243, 79
Trd, 4318792.993, 92
Trd, 4318793.493, 123
Trd, 4318793.593, 97
Trd, 4318794.693, 120
Trd, 4318794.743, 87
Trd, 4318795.793, 114
Trd, 4318795.943, 120
Trd, 4318796.693, 136
Trd, 4318798.143, 136
Trd, 4318798.393, 134
Trd, 4318798.443, 134
Trd, 4318799.243, 137
Trd, 4318800.743, 112
Trd, 4318801.693, 128
Trd, 4318802.343, 115
Trd, 4318802.743, 97
Trd, 4318803.093, 131
Trd, 4318803.293, 126
Trd, 4318804.193, 105
Trd, 4318804.243, 91
Trd, 4318805.843, 124
Trd, 4318807.193, 137
Trd, 4318807.943, 98
Trd, 4318808.793, 117
Trd, 4318809.093, 94
Trd, 4318809.393, 88
Trd, 4318810.193, 113
Trd, 4318810.593, 136
Trd, 4318811.843, 133
Trd, 4318812.393, 107
Trd, 4318813.293, 140
Trd, 4318813.443, 87
Trd, 4318814.743, 77
Trd, 4318816.193, 98
Trd, 4318817.543, 112
Trd, 4318818.243, 126
Trd, 4318818.293, 119
Trd, 4318818.343, 115
Trd, 4318819.343, 120
Trd, 4318820.443, 130
Trd, 4318820.493, 112
Trd, 4318821.843, 88
Trd, 4318822.243, 98
Trd, 4318822.493, 121
Trd, 4318823.393, 78
Trd, 4318824.643, 83
Trd, 4318825.493, 119
Trd, 4318825.593, 128
Trd, 4318825.693, 115
Trd, 4318826.543, 108
Trd, 4318827.393, 93
Trd, 4318827.793, 72
Trd, 4318829.093, 60
Trd, 4318830.143, 64
Trd, 4318830.843, 104
Trd, 4318831.293, 114
Trd, 4318831.543, 131
Trd, 4318832.943, 127
Trd, 4318833.443, 117
Trd, 4318834.343, 129
Trd, 4318834.593, 94
Trd, 4318834.993, 74
Trd, 4318837.193, 134
Trd, 4318838.743, 108
Trd, 4318839.193, 105
Trd, 4318839.743, 129
Trd, 4318840.343, 61
Trd, 4318842.343, 87
Trd, 4318843.093, 108
Trd, 4318844.993, 139
Trd, 4318845.193, 124
Trd, 4318845.393, 102
Trd, 4318845.743, 112
Trd, 4318846.393, 91
Trd, 4318846.743, 114
Trd, 4318847.093, 109
Trd, 4318848.743, 100
Trd, 4318849.093, 122
Trd, 4318850.893, 116
Trd, 4318850.993, 129
Trd, 4318852.043, 97
Trd, 4318853.693, 119
Trd, 4318853.743, 124
Trd, 4318853.843, 108
Trd, 4318855.093, 87
Trd, 4318855.793, 121
Trd, 4318855.893, 119
Trd, 4318856.143, 105
Trd, 4318858.443, 93
Trd, 4318858.543, 135
Trd, 4318858.643, 79
Trd, 4318859.793, 88
Trd, 4318861.193, 90
Trd, 4318861.643, 93
Trd, 4318861.993, 89
Trd, 4318863.443, 135
Trd, 4318863.943, 139
Trd, 4318864.143, 131
Trd, 4318864.293, 116
Trd, 4318865.343, 117
Trd, 4318865.543, 119
Trd, 4318865.893, 97
Trd, 4318866.193, 82
Trd, 4318867.093, 61
Trd, 4318868.193, 121
Trd, 4318869.093, 112
Trd, 4318869.493, 104
Trd, 4318869.793, 121
Trd, 4318872.943, 137
Trd, 4318873.143, 135
Trd, 4318874.743, 122
Trd, 4318875.043, 137
Trd, 4318876.143, 140
Trd, 4318877.593, 124
Trd, 4318877.793, 110
Trd, 4318879.293, 125
Trd, 4318879.943, 64
Trd, 4318881.093, 125
Trd, 4318881.243, 134
Trd, 4318881.643, 114
Trd, 4318882.593, 101
Trd, 4318883.343, 137
Trd, 4318884.193, 68
Trd, 4318884.243, 81
Trd, 4318884.693, 105
Trd, 4318887.443, 98
Trd, 4318887.993, 105
Trd, 4318888.393, 76
Trd, 4318888.743, 73
Trd, 4318890.043, 78
Trd, 4318890.443, 98
Trd, 4318891.093, 106
Trd, 4318891.943, 88
Trd, 4318892.193, 87
Trd, 4318892.743, 85
Trd, 4318894.243, 109
Trd, 4318894.493, 86
Trd, 4318896.193, 132
Trd, 4318896.493, 98
Trd, 4318897.443, 70
Trd, 4318898.143, 110
Trd, 4318898.193, 82
Trd, 4318898.793, 126
Trd, 4318899.643, 125
Trd, 4318900.143, 90
Trd, 4318900.343, 75
Trd, 4318901.043, 72
Trd, 4318901.243, 69
Trd, 4318902.693, 125
Trd, 4318904.343, 129
Trd, 4318906.043, 98
Trd, 4318906.693, 108
Trd, 4318906.743, 97
Trd, 4318908.043, 129
Trd, 4318908.493, 116
Trd, 4318908.843, 103
Trd, 4318909.143, 97
Trd, 4318910.743, 80
Trd, 4318911.393, 95
Trd, 4318911.593, 127
Trd, 4318912.693, 110
Trd, 4318913.443, 92
Trd, 4318913.893, 98
Trd, 4318914.793, 96
Trd, 4318915.793, 99
Trd, 4318916.643, 135
Trd, 4318916.943, 132
Trd, 4318917.393, 121
Trd, 4318917.543, 101
Trd, 4318918.993, 126
Trd, 4318920.093, 114
Trd, 4318921.243, 131
Trd, 4318921.493, 121
Trd, 4318921.543, 96
Trd, 4318923.443, 133
Trd, 4318924.093, 126
Trd, 4318924.543, 124
Trd, 4318924.793, 110
Trd, 4318924.893, 87
Trd, 4318927.093, 131
Trd, 4318927.243, 98
Trd, 4318927.843, 107
Trd, 4318928.293, 102
Trd, 4318928.393, 95
Trd, 4318928.843, 71
Trd, 4318929.993, 138
Trd, 4318930.193, 94
Trd, 4318932.343, 83
Trd, 4318933.643, 131
Trd, 4318933.943, 72
Trd, 4318934.643, 82
Trd, 4318935.243, 91
Trd, 4318935.493, 69
Trd, 4318936.393, 140
Trd, 4318936.843, 133
Trd, 4318937.593, 111
Trd, 4318938.343, 108
Trd, 4318939.593, 108
Trd, 4318939.743, 103
Trd, 4318940.593, 67
Trd, 4318940.943, 79
Trd, 4318941.543, 79
Trd, 4318943.543, 65
Trd, 4318943.693, 92
Trd, 4318945.043, 108
Trd, 4318946.343, 84
Trd, 4318946.693, 65
Trd, 4318947.443, 85
Trd, 4318948.243, 92
Trd, 4318948.693, 94
Trd, 4318949.493, 140
Trd, 4318949.543, 92
Trd, 4318949.993, 90
Trd, 4318951.493, 124
Trd, 4318952.593, 124
Trd, 4318952.793, 119
Trd, 4318953.293, 111
Trd, 4318953.793, 108
Trd, 4318954.343, 78
Trd, 4318955.493, 101
Trd, 4318955.693, 129
Trd, 4318955.993, 123
Trd, 4318956.343, 130
Trd, 4318957.743, 108
Trd, 4318957.893, 91
Trd, 4318958.343, 100
Trd, 4318959.093, 101
Trd, 4318960.043, 132
Trd, 4318960.843, 118
Trd, 4318962.293, 110
Trd, 4318962.393, 100
Trd, 4318962.893, 102
Trd, 4318963.493, 108
Trd, 4318964.893, 79
Trd, 4318965.393, 73
Trd, 4318965.543, 76
Trd, 4318965.993, 119
Trd, 4318968.643, 133
Trd, 4318969.043, 107
Trd, 4318969.543, 116
Trd, 4318969.993, 98
Trd, 4318970.243, 74
Trd, 4318970.993, 104
Trd, 4318971.243, 63
Trd, 4318972.593, 92
Trd, 4318973.743, 132
Trd, 4318975.143, 101
Trd, 4318975.393, 122
Trd, 4318975.493, 98
Trd, 4318976.043, 133
Trd, 4318976.293, 115
Trd, 4318976.743, 103
Trd, 4318977.543, 73
Trd, 4318978.543, 113
Trd, 4318979.793, 125
Trd, 4318979.893, 113
Trd, 4318980.693, 100
Trd, 4318981.943, 113
Trd, 4318982.743, 107
Trd, 4318982.893, 98
Trd, 4318983.143, 110
Trd, 4318983.693, 101
Trd, 4318984.543, 112
Trd, 4318985.843, 111
Trd, 4318986.143, 94
Trd, 4318987.893, 96
Trd, 4318988.543, 123
Trd, 4318989.893, 107
Trd, 4318989.943, 105
Trd, 4318990.443, 62
Trd, 4318991.243, 72
Trd, 4318991.543, 85
Trd, 4318992.593, 76
Trd, 4318993.643, 136
Trd, 4318994.443, 130
Trd, 4318995.093, 80
Trd, 4318995.143, 78
Trd, 4318995.693, 64
Trd, 4318995.993, 125
Trd, 4318997.093, 123
Trd, 4318998.393, 116
Trd, 4318999.343, 116
Trd, 4318999.893, 111
Trd, 4319000.493, 96
Trd, 4319001.093, 118
Trd, 4319001.593, 123
Trd, 4319002.093, 119
Trd, 4319002.143, 112
Trd, 4319002.943, 89
Trd, 4319004.743, 139
Trd, 4319004.793, 91
Trd, 4319004.943, 91
Trd, 4319005.493, 100
Trd, 4319006.193, 90
Trd, 4319006.443, 124
Trd, 4319007.793, 89
Trd, 4319008.893, 118
Trd, 4319009.193, 82
Trd, 4319009.893, 80
Trd, 4319010.593, 121
Trd, 4319011.193, 127
Trd, 4319011.243, 70
Trd, 4319012.843, 121
Trd, 4319014.143, 68
Trd, 4319015.193, 93
Trd, 4319015.343, 70
Trd, 4319015.493, 95
Trd, 4319017.893, 61
Trd, 4319018.543, 95
Trd, 4319019.193, 77
Trd, 4319021.443, 94
Trd, 4319021.593, 93
Trd, 4319021.843, 97
Trd, 4319021.993, 88
Trd, 4319022.093, 77
Trd, 4319022.293, 90
Trd, 4319023.393, 92
Trd, 4319024.343, 86
Trd, 4319025.393, 87
Trd, 4319026.493, 129
Trd, 4319029.293, 110
Trd, 4319029.593, 122
Trd, 4319029.843, 102
Trd, 4319030.893, 120
Trd, 4319031.193, 95
Trd, 4319031.893, 95
Trd, 4319031.943, 79
Trd, 4319033.043, 137
Trd, 4319033.843, 124
Trd, 4319034.593, 130
Trd, 4319037.593, 116
Trd, 4319038.993, 123
Trd, 4319039.093, 119
Trd, 4319040.093, 128
Trd, 4319040.493, 102
Trd, 4319040.793, 101
Trd, 4319041.243, 106
Trd, 4319041.893, 120
Trd, 4319042.343, 134
Trd, 4319043.143, 130
Trd, 4319043.993, 85
Trd, 4319046.143, 136
Trd, 4319046.393, 116
Trd, 4319047.443, 116
Trd, 4319047.543, 107
Trd, 4319048.393, 102
Trd, 4319048.543, 91
Trd, 4319048.693, 119
Trd, 4319049.143, 139
Trd, 4319049.493, 75
Trd, 4319050.343, 89
Trd, 4319051.143, 85
Trd, 4319051.393, 73
Trd, 4319052.343, 97
Trd, 4319053.493, 95
Trd, 4319054.293, 102
Trd, 4319054.493, 124
Trd, 4319055.093, 122
Trd, 4319055.943, 137
Trd, 4319056.093, 124
Trd, 4319057.193, 117
Trd, 4319057.293, 96
Trd, 4319057.393, 108
Trd, 4319058.143, 92
Trd, 4319059.693, 86
Trd, 4319059.843, 92
Trd, 4319060.643, 114
Trd, 4319061.843, 78
Trd, 4319062.393, 75
Trd, 4319062.543, 71
Trd, 4319062.893, 114
Trd, 4319064.093, 129
Trd, 4319064.293, 111
Trd, 4319065.693, 91
Trd, 4319065.843, 111
Trd, 4319066.243, 123
Trd, 4319067.793, 114
Trd, 4319068.793, 70
Trd, 4319069.943, 68
Trd, 4319070.693, 91
Trd, 4319072.693, 82
Trd, 4319073.143, 92
Trd, 4319073.293, 83
Trd, 4319074.093, 123
Trd, 4319075.243, 110
Trd, 4319076.493, 122
Trd, 4319076.893, 123
Trd, 4319077.143, 125
Trd, 4319077.743, 112
Trd, 4319078.343, 106
Trd, 4319079.693, 105
Trd, 4319081.193, 100
Trd, 4319081.743, 78
Trd, 4319081.843, 79
Trd, 4319082.343, 134
Trd, 4319083.693, 140
Trd, 4319084.343, 120
Trd, 4319085.043, 118
Trd, 4319085.843, 115
Trd, 4319085.943, 104
Trd, 4319086.243, 126
Trd, 4319087.193, 140
Trd, 4319087.443, 129
Trd, 4319087.693, 105
Trd, 4319088.393, 115
Trd, 4319089.793, 115
Trd, 4319090.693, 115
Trd, 4319090.843, 103
Trd, 4319091.393, 108
Trd, 4319091.743, 114
Trd, 4319092.593, 138
Trd, 4319092.743, 123
Trd, 4319093.893, 121
Trd, 4319094.693, 122
Trd, 4319096.043, 122
Trd, 4319096.793, 74
Trd, 4319097.693, 78
Trd, 4319098.643, 93
Trd, 4319099.343, 101
Trd, 4319099.393, 108
Trd, 4319099.693, 87
Trd, 4319099.993, 78
Trd, 4319102.243, 130
Trd, 4319102.493, 131
Trd, 4319102.993, 112
Trd, 4319103.643, 123
Trd, 4319104.093, 103
Trd, 4319105.243, 139
Trd, 4319105.593, 116
Trd, 4319106.543, 128
Trd, 4319106.693, 118
Trd, 4319107.143, 130
Trd, 4319107.443, 111
Trd, 4319107.843, 102
Trd, 4319108.443, 108
Trd, 4319109.743, 103
Trd, 4319111.843, 129
Trd, 4319111.993, 124
Trd, 4319112.293, 90
Trd, 4319113.093, 114
Trd, 4319113.943, 123
Trd, 4319114.293, 111
Trd, 4319114.493, 91
Trd, 4319114.693, 66
Trd, 4319115.893, 75
Trd, 4319116.393, 61
Trd, 4319118.743, 133
Trd, 4319118.943, 112
Trd, 4319119.193, 105
Trd, 4319120.643, 106
Trd, 4319122.043, 132
Trd, 4319122.143, 116
Trd, 4319122.443, 110
Trd, 4319123.143, 113
Trd, 4319124.343, 137
Trd, 4319124.843, 116
Trd, 4319125.193, 139
Trd, 4319126.093, 126
Trd, 4319126.743, 111
Trd, 4319126.793, 103
Trd, 4319128.293, 127
Trd, 4319128.343, 85
Trd, 4319129.493, 120
Trd, 4319129.893, 64
Trd, 4319130.693, 128
Trd, 4319130.843, 104
Trd, 4319131.443, 130
Trd, 4319131.693, 117
Trd, 4319132.993, 99
Trd, 4319133.193, 91
Trd, 4319133.843, 104
Trd, 4319134.893, 65
Trd, 4319136.343, 106
Trd, 4319136.943, 140
Trd, 4319137.693, 105
Trd, 4319138.193, 105
Trd, 4319138.443, 125
Trd, 4319140.193, 131
Trd, 4319140.493, 130
Trd, 4319140.843, 122
Trd, 4319141.493, 62
Trd, 4319142.043, 121
Trd, 4319143.443, 109
Trd, 4319143.493, 79
Trd, 4319144.193, 140
Trd, 4319144.893, 64
Trd, 4319146.193, 62
Trd, 4319147.893, 117
Trd, 4319148.193, 105
Trd, 4319149.243, 83
Trd, 4319149.493, 90
Trd, 4319150.993, 97
Trd, 4319151.843, 66
Trd, 4319152.693, 102
Trd, 4319152.993, 127
Trd, 4319153.193, 97
Trd, 4319154.143, 103
Trd, 4319154.643, 132
Trd, 4319155.593, 90
Trd, 4319156.143, 130
Trd, 4319156.793, 116
Trd, 4319157.093, 99
Trd, 4319157.593, 79
Trd, 4319157.943, 68
Trd, 4319159.243, 118
Trd, 4319159.693, 106
Trd, 4319160.443, 140
Trd, 4319160.843, 129
Trd, 4319161.043, 104
Trd, 4319161.643, 73
Trd, 4319162.743, 64
Trd, 4319163.093, 123
Trd, 4319164.593, 60
Trd, 4319165.693, 94
Trd, 4319166.393, 111
Trd, 4319166.443, 82
Trd, 4319166.743, 132
Trd, 4319167.393, 92
Trd, 4319167.943, 88
Trd, 4319169.693, 125
Trd, 4319169.793, 86
Trd, 4319170.243, 96
Trd, 4319171.643, 106
Trd, 4319172.493, 97
Trd, 4319173.343, 117
Trd, 4319173.443, 110
Trd, 4319173.593, 122
Trd, 4319173.993, 69
Trd, 4319174.543, 110
Trd, 4319175.643, 115
Trd, 4319175.993, 91
Trd, 4319176.493, 118
Trd, 4319178.243, 70
Trd, 4319179.043, 62
Trd, 4319179.193, 63
Trd, 4319180.193, 84
Trd, 4319180.993, 86
Trd, 4319182.243, 99
Trd, 4319182.393, 109
Trd, 4319182.693, 63
Trd, 4319183.093, 67
Trd, 4319185.393, 105
Trd, 4319185.693, 127
Trd, 4319186.493, 123
Trd, 4319187.043, 138
Trd, 4319188.243, 96
Trd, 4319188.793, 118
Trd, 4319190.543, 125
Trd, 4319190.593, 119
Trd, 4319191.493, 96
Trd, 4319191.643, 77
Trd, 4319191.693, 110
Trd, 4319192.243, 68
Trd, 4319193.393, 121
Trd, 4319194.243, 125
Trd, 4319195.793, 126
Trd, 4319195.943, 123
Trd, 4319196.043, 97
Trd, 4319196.443, 70
Trd, 4319197.843, 88
Trd, 4319199.193, 87
Trd, 4319200.343, 139
Trd, 4319201.143, 134
Trd, 4319201.693, 116
Trd, 4319201.893, 105
Trd, 4319202.593, 102
Trd, 4319203.293, 107
Trd, 4319203.443, 67
Trd, 4319204.443, 69
Trd, 4319206.093, 129
Trd, 4319206.393, 105
Trd, 4319206.893, 124
Trd, 4319208.343, 113
Trd, 4319209.043, 116
Trd, 4319209.893, 133
Trd, 4319209.993, 108
Trd, 4319210.593, 111
Trd, 4319211.393, 93
Trd, 4319211.593, 81
Trd, 4319211.893, 110
Trd, 4319213.693, 65
Trd, 4319213.893, 66
Trd, 4319214.193, 84
Trd, 4319215.343, 62
Trd, 4319216.343, 60
Trd, 4319218.143, 110
Trd, 4319218.393, 86
Trd, 4319218.543, 94
Trd, 4319218.843, 120
Trd, 4319219.343, 100
Trd, 4319219.943, 127
Trd, 4319221.343, 81
Trd, 4319222.793, 115
Trd, 4319224.293, 125
Trd, 4319224.443, 121
Trd, 4319225.093, 102
Trd, 4319225.293, 115
Trd, 4319225.543, 136
Trd, 4319226.743, 107
Trd, 4319226.993, 99
Trd, 4319228.193, 102
Trd, 4319228.293, 68
Trd, 4319230.043, 140
Trd, 4319230.343, 137
Trd, 4319231.493, 107
Trd, 4319232.443, 104
Trd, 4319232.493, 91
Trd, 4319232.843, 103
Trd, 4319233.643, 137
Trd, 4319234.343, 133
Trd, 4319234.893, 108
Trd, 4319236.443, 96
Trd, 4319237.193, 129
Trd, 4319238.443, 140
Trd, 4319239.493, 133
Trd, 4319239.643, 96
Trd, 4319240.093, 101
Trd, 4319240.293, 89
Trd, 4319241.093, 96
Trd, 4319242.243, 95
Trd, 4319243.093, 132
Trd, 4319243.693, 120
Trd, 4319244.343, 132
Trd, 4319244.693, 91
Trd, 4319245.143, 109
Trd, 4319246.493, 125
Trd, 4319247.393, 110
Trd, 4319247.693, 95
Trd, 4319248.793, 130
Trd, 4319249.493, 136
Trd, 4319249.543, 130
Trd, 4319249.843, 117
Trd, 4319250.543, 125
Trd, 4319252.143, 114
Trd, 4319252.893, 118
Trd, 4319253.493, 129
Trd, 4319254.193, 110
Trd, 4319255.043, 116
Trd, 4319255.143, 112
Trd, 4319255.243, 111
Trd, 4319255.943, 60
Trd, 4319257.543, 97
Trd, 4319257.743, 85
Trd, 4319258.443, 63
Trd, 4319260.093, 118
Trd, 4319260.343, 102
Trd, 4319261.843, 96
Trd, 4319261.943, 120
Trd, 4319263.793, 111
Trd, 4319264.143, 99
Trd, 4319265.543, 112
Trd, 4319265.993, 86
Trd, 4319266.193, 114
Trd, 4319266.293, 75
Trd, 4319266.693, 114
Trd, 4319266.793, 67
Trd, 4319267.293, 121
Trd, 4319267.343, 95
Trd, 4319268.343, 62
Trd, 4319268.893, 91
Trd, 4319269.343, 85
Trd, 4319271.793, 115
Trd, 4319272.743, 123
Trd, 4319273.743, 127
Trd, 4319274.443, 108
Trd, 4319274.543, 98
Trd, 4319274.893, 90
Trd, 4319275.293, 96
Trd, 4319276.643, 78
Trd, 4319277.093, 85
Trd, 4319277.293, 99
Trd, 4319277.943, 122
Trd, 4319279.093, 109
Trd, 4319279.193, 99
Trd, 4319280.343, 121
Trd, 4319282.693, 124
Trd, 4319282.893, 102
Trd, 4319283.193, 100
Trd, 4319283.393, 122
Trd, 4319284.243, 101
Trd, 4319285.093, 104
Trd, 4319285.643, 89
Trd, 4319286.143, 122
Trd, 4319287.443, 130
Trd, 4319289.443, 121
Trd, 4319289.743, 121
Trd, 4319289.993, 108
Trd, 4319290.543, 121
Trd, 4319290.793, 100
Trd, 4319291.893, 130
Trd, 4319292.943, 94
Trd, 4319293.243, 78
Trd, 4319293.743, 94
Trd, 4319295.793, 124
Trd, 4319295.893, 120
Trd, 4319295.943, 120
Trd, 4319297.593, 131
Trd, 4319297.643, 90
Trd, 4319298.043, 81
Trd, 4319298.843, 78
Trd, 4319299.443, 73
Trd, 4319299.693, 123
Trd, 4319300.443, 103
Trd, 4319301.293, 106
Trd, 4319301.793, 116
Trd, 4319303.643, 122
Trd, 4319303.893, 94
Trd, 4319304.293, 123
Trd, 4319305.093, 109
Trd, 4319305.443, 135
Trd, 4319305.543, 112
Trd, 4319307.693, 109
Trd, 4319309.093, 82
Trd, 4319309.993, 105
Trd, 4319310.743, 88
Trd, 4319311.593, 126
Trd, 4319312.143, 124
Trd, 4319312.693, 87
Trd, 4319312.943, 79
Trd, 4319313.393, 87
Trd, 4319313.493, 70
Trd, 4319314.593, 91
Trd, 4319315.143, 62
Trd, 4319315.793, 136
Trd, 4319316.193, 84
Trd, 4319318.543, 101
Trd, 4319319.093, 124
Trd, 4319319.393, 117
Trd, 4319319.643, 105
Trd, 4319320.193, 98
Trd, 4319321.693, 84
Trd, 4319321.893, 122
Trd, 4319322.143, 73
Trd, 4319322.643, 102
Trd, 4319323.793, 109
Trd, 4319324.293, 98
Trd, 4319325.393, 113
Trd, 4319326.043, 99
Trd, 4319326.093, 89
Trd, 4319327.393, 127
Trd, 4319327.443, 114
Trd, 4319327.843, 112
Trd, 4319329.293, 73
Trd, 4319330.193, 109
Trd, 4319330.693, 82
Trd, 4319332.393, 136
Trd, 4319332.743, 134
Trd, 4319333.093, 122
Trd, 4319333.293, 124
Trd, 4319334.243, 90
Trd, 4319334.443, 118
Trd, 4319336.393, 61
Trd, 4319336.843, 63
Trd, 4319337.043, 63
Trd, 4319338.143, 131
Trd, 4319339.293, 133
Trd, 4319339.343, 122
Trd, 4319339.693, 127
Trd, 4319340.643, 89
Trd, 4319340.843, 99
Trd, 4319341.343, 108
Trd, 4319342.793, 61
Trd, 4319343.343, 112
Trd, 4319343.793, 67
Trd, 4319344.493, 61
Trd, 4319345.543, 78
Trd, 4319346.493, 110
Trd, 4319347.643, 78
Trd, 4319347.893, 94
Trd, 4319348.493, 65
Trd, 4319348.993, 103
Trd, 4319349.893, 82
Trd, 4319350.893, 78
Trd, 4319352.143, 79
Trd, 4319352.843, 90
Trd, 4319353.393, 104
Trd, 4319353.493, 76
Trd, 4319354.493, 96
Trd, 4319354.643, 64
Trd, 4319355.443, 108
Trd, 4319356.293, 128
Trd, 4319356.693, 115
Trd, 4319358.243, 106
Trd, 4319358.643, 94
Trd, 4319358.893, 113
Trd, 4319359.643, 140
Trd, 4319359.993, 130
Trd, 4319361.043, 87
Trd, 4319362.143, 78
Trd, 4319364.543, 138
Trd, 4319364.643, 127
Trd, 4319365.243, 114
Trd, 4319365.493, 131
Trd, 4319365.793, 132
Trd, 4319367.093, 125
Trd, 4319367.293, 119
Trd, 4319368.243, 126
Trd, 4319368.493, 104
Trd, 4319370.093, 133
Trd, 4319371.143, 136
Trd, 4319371.543, 130
Trd, 4319371.593, 122
Trd, 4319372.643, 110
Trd, 4319372.693, 84
Trd, 4319373.093, 108
Trd, 4319374.793, 124
Trd, 4319374.993, 118
Trd, 4319375.693, 113
Trd, 4319376.643, 100
Trd, 4319377.043, 74
Trd, 4319378.993, 93
Trd, 4319379.343, 117
Trd, 4319381.193, 111
Trd, 4319381.493, 81
Trd, 4319382.393, 136
Trd, 4319383.393, 64
Trd, 4319383.693, 130
Trd, 4319384.093, 126
Trd, 4319384.643, 107
Trd, 4319385.443, 113
Trd, 4319386.743, 132
Trd, 4319387.293, 111
Trd, 4319387.693, 122
Trd, 4319387.843, 109
Trd, 4319388.843, 129
Trd, 4319389.143, 112
Trd, 4319389.843, 99
Trd, 4319390.543, 94
Trd, 4319390.793, 132
Trd, 4319392.293, 100
Trd, 4319392.393, 115
Trd, 4319392.843, 75
Trd, 4319393.593, 60
Trd, 4319393.743, 78
Trd, 4319393.893, 98
Trd, 4319395.443, 61
Trd, 4319396.793, 111
Trd, 4319397.143, 113
Trd, 4319398.043, 103
Trd, 4319399.143, 118
Trd, 4319399.343, 109
Trd, 4319399.893, 98
Trd, 4319400.293, 96
Trd, 4319400.443, 99
Trd, 4319401.293, 111
Trd, 4319402.343, 107
Trd, 4319402.543, 97
Trd, 4319403.593, 99
Trd, 4319404.543, 85
Trd, 4319405.393, 108
Trd, 4319405.843, 121
Trd, 4319406.143, 120
Trd, 4319407.043, 104
Trd, 4319408.493, 126
Trd, 4319408.943, 122
Trd, 4319409.343, 109
Trd, 4319409.993, 116
Trd, 4319410.993, 85
Trd, 4319412.193, 71
Trd, 4319412.593, 101
Trd, 4319412.643, 108
Trd, 4319413.193, 126
Trd, 4319413.843, 65
Trd, 4319415.743, 128
Trd, 4319416.293, 119
Trd, 4319417.743, 107
Trd, 4319418.643, 136
Trd, 4319418.943, 130
Trd, 4319419.543, 109
Trd, 4319420.393, 72
Trd, 4319421.143, 124
Trd, 4319421.393, 122
Trd, 4319421.643, 84
Trd, 4319422.193, 65
Trd, 4319423.393, 121
Trd, 4319424.693, 128
Trd, 4319425.293, 119
Trd, 4319426.343, 108
Trd, 4319426.793, 123
Trd, 4319427.143, 129
Trd, 4319427.193, 107
Trd, 4319427.443, 85
Trd, 4319429.143, 126
Trd, 4319429.793, 108
Trd, 4319430.193, 112
Trd, 4319430.743, 140
Trd, 4319431.543, 101
Trd, 4319432.393, 109
Trd, 4319432.443, 69
Trd, 4319433.543, 88
Trd, 4319434.093, 82
Trd, 4319436.193, 117
Trd, 4319437.043, 111
Trd, 4319438.693, 125
Trd, 4319439.043, 121
Trd, 4319440.243, 91
Trd, 4319440.493, 91
Trd, 4319440.693, 90
Trd, 4319441.393, 133
Trd, 4319441.693, 101
Trd, 4319442.043, 133
Trd, 4319443.043, 128
Trd, 4319444.693, 86
Trd, 4319444.993, 63
Trd, 4319445.393, 89
Trd, 4319445.643, 70
Trd, 4319446.443, 86
Trd, 4319446.843, 126
Trd, 4319447.093, 74
Trd, 4319449.343, 90
Trd, 4319449.743, 99
Trd, 4319450.443, 96
Trd, 4319451.093, 107
Trd, 4319451.493, 119
Trd, 4319453.193, 123
Trd, 4319454.293, 128
Trd, 4319455.243, 121
Trd, 4319455.793, 106
Trd, 4319455.943, 106
Trd, 4319457.343, 105
Trd, 4319457.543, 88
Trd, 4319457.793, 77
Trd, 4319458.693, 91
Trd, 4319458.993, 130
Trd, 4319459.243, 90
Trd, 4319459.343, 109
Trd, 4319460.943, 64
Trd, 4319461.893, 114
Trd, 4319462.193, 112
Trd, 4319463.043, 63
Trd, 4319463.743, 76
Trd, 4319464.243, 64
Trd, 4319465.193, 82
Trd, 4319466.243, 105
Trd, 4319467.993, 136
Trd, 4319468.193, 132
Trd, 4319468.493, 114
Trd, 4319469.743, 105
Trd, 4319470.693, 63
Trd, 4319471.543, 64
Trd, 4319471.793, 103
Trd, 4319471.843, 123
Trd, 4319472.893, 87
Trd, 4319473.943, 68
Trd, 4319475.143, 82
Trd, 4319476.693, 83
Trd, 4319477.443, 64
Trd, 4319477.493, 73
Trd, 4319478.393, 140
Trd, 4319478.943, 123
Trd, 4319479.943, 65
Trd, 4319481.093, 80
Trd, 4319481.543, 63
Trd, 4319482.043, 65
Trd, 4319483.493, 85
Trd, 4319484.643, 63
Trd, 4319484.743, 91
Trd, 4319486.893, 115
Trd, 4319487.543, 81
Trd, 4319487.843, 83
Trd, 4319488.143, 101
Trd, 4319489.143, 61
Trd, 4319489.193, 62
Trd, 4319489.343, 107
Trd, 4319489.593, 62
Trd, 4319490.193, 76
Trd, 4319490.793, 80
Trd, 4319491.493, 113
Trd, 4319491.843, 110
Trd, 4319492.793, 119
Trd, 4319493.993, 84
Trd, 4319495.193, 130
Trd, 4319495.593, 84
Trd, 4319496.893, 134
Trd, 4319497.693, 123
Trd, 4319498.943, 108
Trd, 4319499.393, 102
Trd, 4319499.993, 102
Trd, 4319501.293, 127
Trd, 4319501.643, 133
Trd, 4319501.943, 96
Trd, 4319502.293, 93
Trd, 4319502.743, 63
Trd, 4319504.193, 98
Trd, 4319506.893, 130
Trd, 4319507.643, 122
Trd, 4319507.943, 95
Trd, 4319508.443, 121
Trd, 4319509.043, 127
Trd, 4319510.243, 116
Trd, 4319510.893, 109
Trd, 4319512.043, 107
Trd, 4319512.093, 122
Trd, 4319512.893, 117
Trd, 4319513.993, 105
Trd, 4319514.993, 116
Trd, 4319515.543, 111
Trd, 4319515.893, 100
Trd, 4319516.543, 107
Trd, 4319517.193, 133
Trd, 4319517.443, 137
Trd, 4319518.193, 112
Trd, 4319518.393, 84
Trd, 4319519.743, 89
Trd, 4319520.193, 79
Trd, 4319521.343, 107
Trd, 4319522.193, 105
Trd, 4319522.593, 82
Trd, 4319523.343, 83
Trd, 4319524.243, 100
Trd, 4319524.493, 68
Trd, 4319524.543, 102
Trd, 4319527.343, 105
Trd, 4319527.943, 129
Trd, 4319528.893, 130
Trd, 4319529.043, 113
Trd, 4319529.393, 92
Trd, 4319530.243, 110
Trd, 4319530.693, 129
Trd, 4319532.293, 120
Trd, 4319532.543, 73
Trd, 4319532.593, 80
Trd, 4319532.643, 71
Trd, 4319533.493, 67
Trd, 4319533.543, 102
Trd, 4319533.893, 113
Trd, 4319535.843, 108
Trd, 4319537.393, 97
Trd, 4319537.793, 81
Trd, 4319540.043, 113
Trd, 4319540.193, 125
Trd, 4319540.693, 74
Trd, 4319541.343, 84
Trd, 4319542.293, 124
Trd, 4319543.193, 138
Trd, 4319544.343, 119
Trd, 4319545.143, 122
Trd, 4319545.593, 139
Trd, 4319545.793, 120
Trd, 4319546.193, 109
Trd, 4319546.243, 98
Trd, 4319546.943, 135
Trd, 4319547.143, 112
Trd, 4319547.893, 87
Trd, 4319548.643, 70
Trd, 4319549.443, 74
Trd, 4319549.643, 112
Trd, 4319550.243, 60
Trd, 4319551.793, 128
Trd, 4319553.143, 131
Trd, 4319553.293, 105
Trd, 4319554.293, 104
Trd, 4319554.743, 101
Trd, 4319555.393, 81
Trd, 4319555.693, 75
Trd, 4319556.593, 102
Trd, 4319557.343, 108
Trd, 4319557.743, 105
Trd, 4319557.943, 95
Trd, 4319558.593, 118
Trd, 4319559.343, 102
Trd, 4319560.543, 106
Trd, 4319563.893, 134
Trd, 4319565.443, 115
Trd, 4319566.443, 134
Trd, 4319566.843, 132
Trd, 4319567.193, 108
Trd, 4319567.243, 90
Trd, 4319567.543, 90
Trd, 4319567.743, 84
Trd, 4319569.093, 88
Trd, 4319569.243, 116
Trd, 4319569.743, 110
Trd, 4319572.243, 139
Trd, 4319572.493, 105
Trd, 4319573.143, 89
Trd, 4319573.793, 79
Trd, 4319574.143, 108
Trd, 4319574.343, 74
Trd, 4319574.993, 83
Trd, 4319575.943, 131
Trd, 4319575.993, 77
Trd, 4319576.393, 68
Trd, 4319577.343, 123
Trd, 4319578.643, 139
Trd, 4319578.993, 110
Trd, 4319579.393, 120
Trd, 4319581.993, 111
Trd, 4319582.643, 132
Trd, 4319582.993, 121
Trd, 4319583.043, 118
Trd, 4319585.443, 134
Trd, 4319585.943, 114
Trd, 4319586.043, 111
Trd, 4319586.143, 72
Trd, 4319587.643, 63
Trd, 4319588.543, 120
Trd, 4319588.993, 63
Trd, 4319589.843, 68
Trd, 4319590.443, 64
Trd, 4319590.893, 77
Trd, 4319591.943, 109
Trd, 4319592.543, 105
Trd, 4319594.443, 99
Trd, 4319594.693, 81
Trd, 4319595.193, 99
Trd, 4319595.443, 95
Trd, 4319596.143, 71
Trd, 4319596.843, 103
Trd, 4319597.293, 124
Trd, 4319597.993, 71
Trd, 4319600.543, 134
Trd, 4319600.943, 99
Trd, 4319601.143, 87
Trd, 4319601.293, 70
Trd, 4319601.893, 98
Trd, 4319602.043, 110
Trd, 4319603.193, 89
Trd, 4319605.443, 132
Trd, 4319606.793, 110
Trd, 4319606.893, 110
Trd, 4319607.293, 90
Trd, 4319607.843, 68
Trd, 4319608.393, 87
Trd, 4319609.643, 100
Trd, 4319610.693, 135
Trd, 4319610.843, 110
Trd, 4319612.093, 120
Trd, 4319613.543, 111
Trd, 4319614.293, 108
Trd, 4319614.793, 91
Trd, 4319616.493, 138
Trd, 4319616.643, 92
Trd, 4319616.793, 105
Trd, 4319617.893, 112
Trd, 4319617.993, 105
Trd, 4319618.393, 72
Trd, 4319618.643, 72
Trd, 4319621.093, 111
Trd, 4319621.693, 109
Trd, 4319622.243, 64
Trd, 4319622.793, 127
Trd, 4319624.293, 110
Trd, 4319624.743, 91
Trd, 4319625.793, 128
Trd, 4319626.243, 111
Trd, 4319626.343, 104
Trd, 4319626.993, 96
Trd, 4319627.043, 94
Trd, 4319628.043, 116
Trd, 4319629.393, 112
Trd, 4319629.493, 90
Trd, 4319630.293, 130
Trd, 4319630.793, 120
Trd, 4319631.843, 140
Trd, 4319632.743, 115
Trd, 4319632.843, 112
Trd, 4319633.643, 131
Trd, 4319633.693, 73
Trd, 4319634.243, 139
Trd, 4319635.243, 87
Trd, 4319635.493, 81
Trd, 4319638.343, 82
Trd, 4319638.693, 103
Trd, 4319639.993, 61
Trd, 4319640.443, 76
Trd, 4319640.993, 134
Trd, 4319641.593, 124
Trd, 4319641.793, 118
Trd, 4319641.993, 117
Trd, 4319642.093, 108
Trd, 4319644.143, 131
Trd, 4319645.293, 96
Trd, 4319645.743, 98
Trd, 4319646.293, 99
Trd, 4319646.443, 119
Trd, 4319647.493, 99
Trd, 4319647.643, 88
Trd, 4319648.893, 97
Trd, 4319649.493, 105
Trd, 4319649.693, 88
Trd, 4319650.493, 119
Trd, 4319650.643, 128
Trd, 4319650.743, 107
Trd, 4319651.493, 121
Trd, 4319652.093, 95
Trd, 4319652.443, 89
Trd, 4319653.793, 137
Trd, 4319656.043, 78
Trd, 4319656.193, 98
Trd, 4319656.393, 88
Trd, 4319656.843, 72
Trd, 4319657.993, 72
Trd, 4319658.893, 96
Trd, 4319659.393, 69
Trd, 4319659.493, 64
Trd, 4319660.493, 89
Trd, 4319661.893, 81
Trd, 4319662.993, 76
Trd, 4319663.493, 93
Trd, 4319664.093, 136
Trd, 4319665.943, 113
Trd, 4319666.193, 113
Trd, 4319667.343, 123
Trd, 4319667.993, 99
Trd, 4319668.243, 97
Trd, 4319668.993, 95
Trd, 4319669.843, 101
Trd, 4319670.143, 99
Trd, 4319670.843, 123
Trd, 4319671.193, 110
Trd, 4319671.693, 101
Trd, 4319671.943, 86
Trd, 4319673.793, 137
Trd, 4319673.843, 131
Trd, 4319674.893, 91
Trd, 4319675.593, 90
Trd, 4319676.393, 100
Trd, 4319677.443, 106
Trd, 4319678.043, 83
Trd, 4319678.793, 101
Trd, 4319679.143, 97
Trd, 4319680.143, 114
Trd, 4319680.243, 111
Trd, 4319680.293, 120
Trd, 4319680.843, 91
Trd, 4319681.493, 93
Trd, 4319683.543, 105
Trd, 4319684.693, 132
Trd, 4319686.243, 94
Trd, 4319686.543, 112
Trd, 4319687.843, 79
Trd, 4319687.943, 91
Trd, 4319688.343, 90
Trd, 4319688.493, 66
Trd, 4319689.093, 138
Trd, 4319690.593, 70
Trd, 4319690.743, 82
Trd, 4319691.893, 69
Trd, 4319692.293, 87
Trd, 4319692.843, 81
Trd, 4319693.043, 68
Trd, 4319695.593, 140
Trd, 4319695.743, 139
Trd, 4319697.243, 122
Trd, 4319697.793, 117
Trd, 4319698.043, 103
Trd, 4319698.543, 100
Trd, 4319699.243, 85
Trd, 4319700.343, 114
Trd, 4319700.393, 87
Trd, 4319701.893, 106
Trd, 4319702.393, 80
Trd, 4319702.743, 90
Trd, 4319703.393, 100
Trd, 4319704.593, 75
Trd, 4319704.643, 77
Trd, 4319705.443, 71
Trd, 4319705.893, 123
Trd, 4319706.043, 73
Trd, 4319707.993, 98
Trd, 4319708.293, 97
Trd, 4319708.593, 74
Trd, 4319708.993, 105
Trd, 4319709.843, 125
Trd, 4319710.793, 101
Trd, 4319712.143, 87
Trd, 4319712.343, 88
Trd, 4319712.593, 81
Trd, 4319713.643, 134
Trd, 4319714.343, 136
Trd, 4319714.493, 125
Trd, 4319715.243, 105
Trd, 4319715.343, 76
Trd, 4319716.243, 88
Trd, 4319716.693, 85
Trd, 4319718.943, 133
Trd, 4319719.693, 119
Trd, 4319719.993, 92
Trd, 4319720.343, 97
Trd, 4319721.293, 90
Trd, 4319722.093, 87
Trd, 4319723.193, 123
Trd, 4319723.493, 89
Trd, 4319724.093, 77
Trd, 4319725.093, 121
Trd, 4319727.143, 121
Trd, 4319727.543, 109
Trd, 4319728.343, 91
Trd, 4319728.393, 110
Trd, 4319729.143, 97
Trd, 4319730.243, 126
Trd, 4319731.393, 137
Trd, 4319731.693, 128
Trd, 4319732.343, 136
Trd, 4319732.543, 122
Trd, 4319733.243, 122
Trd, 4319734.643, 124
Trd, 4319734.743, 97
Trd, 4319735.093, 89
Trd, 4319736.593, 72
Trd, 4319737.293, 104
Trd, 4319739.193, 135
Trd, 4319739.393, 129
Trd, 4319739.893, 97
Trd, 4319740.493, 70
Trd, 4319741.193, 103
Trd, 4319741.293, 64
Trd, 4319742.193, 140
Trd, 4319742.493, 66
Trd, 4319743.293, 119
Trd, 4319743.543, 84
Trd, 4319745.193, 97
Trd, 4319745.543, 120
Trd, 4319745.643, 87
Trd, 4319746.143, 80
Trd, 4319747.043, 117
Trd, 4319747.493, 84
Trd, 4319748.193, 65
Trd, 4319749.193, 139
Trd, 4319749.393, 136
Trd, 4319751.643, 114
Trd, 4319752.843, 100
Trd, 4319753.443, 100
Trd, 4319753.693, 105
Trd, 4319755.043, 126
Trd, 4319756.243, 125
Trd, 4319757.293, 127
Trd, 4319757.593, 112
Trd, 4319757.843, 100
Trd, 4319757.943, 100
Trd, 4319758.593, 75
Trd, 4319759.743, 75
Trd, 4319760.843, 69
Trd, 4319761.143, 90
Trd, 4319761.743, 114
Trd, 4319761.993, 121
Trd, 4319762.793, 139
Trd, 4319764.693, 110
Trd, 4319764.793, 101
Trd, 4319766.093, 106
Trd, 4319766.893, 109
Trd, 4319767.793, 64
Trd, 4319769.343, 103
Trd, 4319770.043, 117
Trd, 4319770.193, 97
Trd, 4319771.243, 128
Trd, 4319771.593, 102
Trd, 4319772.293, 137
Trd, 4319773.393, 80
Trd, 4319774.393, 84
Trd, 4319775.093, 79
Trd, 4319775.493, 77
Trd, 4319775.643, 88
Trd, 4319776.293, 72
Trd, 4319776.343, 102
Trd, 4319777.093, 85
Trd, 4319778.093, 126
Trd, 4319778.543, 93
Trd, 4319779.643, 66
Trd, 4319781.043, 67
Trd, 4319781.793, 96
Trd, 4319781.893, 99
Trd, 4319782.443, 83
Trd, 4319783.343, 68
Trd, 4319784.943, 86
Trd, 4319785.193, 120
Trd, 4319785.743, 121
Trd, 4319786.543, 90
Trd, 4319787.443, 74
Trd, 4319787.993, 105
Trd, 4319788.293, 76
Trd, 4319788.343, 89
Trd, 4319789.293, 60
Trd, 4319790.043, 114
Trd, 4319791.093, 122
Trd, 4319792.143, 135
Trd, 4319792.243, 116
Trd, 4319792.593, 113
Trd, 4319793.643, 91
Trd, 4319793.993, 78
Trd, 4319794.243, 134
Trd, 4319796.193, 72
Trd, 4319797.393, 107
Trd, 4319797.443, 101
Trd, 4319798.443, 119
Trd, 4319798.843, 98
Trd, 4319799.143, 87
Trd, 4319799.643, 140
Trd, 4319799.993, 115
Trd, 4319800.993, 90
Trd, 4319801.493, 119
Trd, 4319802.643, 92
Trd, 4319802.843, 87
Trd, 4319803.943, 79
Trd, 4319804.443, 105
Trd, 4319804.993, 104
Trd, 4319805.143, 100
Trd, 4319805.743, 92
Trd, 4319806.743, 135
Trd, 4319807.143, 120
Trd, 4319808.543, 120
Trd, 4319809.393, 130
Trd, 4319810.343, 127
Trd, 4319811.043, 128
Trd, 4319811.543, 129
Trd, 4319811.693, 86
Trd, 4319812.093, 85
Trd, 4319812.793, 74
Trd, 4319813.643, 94
Trd, 4319815.093, 131
Trd, 4319815.393, 114
Trd, 4319815.893, 116
Trd, 4319816.243, 108
Trd, 4319816.443, 102
Trd, 4319817.343, 64
Trd, 4319817.743, 114
Trd, 4319818.243, 61
Trd, 4319819.193, 60
Trd, 4319820.043, 79
Trd, 4319820.843, 99
Trd, 4319820.893, 98
Trd, 4319822.243, 65
Trd, 4319823.393, 80
Trd, 4319823.443, 74
Trd, 4319823.943, 123
Trd, 4319824.343, 104
Trd, 4319825.493, 85
Trd, 4319825.993, 120
Trd, 4319826.743, 92
Trd, 4319828.293, 140
Trd, 4319828.343, 135
Trd, 4319828.743, 128
Trd, 4319829.593, 108
Trd, 4319830.643, 126
Trd, 4319831.493, 139
Trd, 4319832.693, 123
Trd, 4319832.893, 105
Trd, 4319833.193, 80
Trd, 4319833.693, 132
Trd, 4319835.093, 126
Trd, 4319835.393, 87
Trd, 4319836.643, 79
Trd, 4319837.043, 87
Trd, 4319837.343, 133
Trd, 4319837.643, 127
Trd, 4319838.843, 123
Trd, 4319838.943, 70
Trd, 4319839.143, 85
Trd, 4319840.243, 89
Trd, 4319840.443, 89
Trd, 4319841.043, 127
Trd, 4319841.893, 110
Trd, 4319842.543, 89
Trd, 4319843.443, 76
Trd, 4319844.993, 77
Trd, 4319845.893, 118
Trd, 4319846.093, 82
Trd, 4319848.443, 124
Trd, 4319849.943, 121
Trd, 4319850.593, 129
Trd, 4319851.293, 133
Trd, 4319851.493, 109
Trd, 4319851.593, 106
Trd, 4319852.193, 128
Trd, 4319852.743, 105
Trd, 4319853.293, 139
Trd, 4319854.143, 87
Trd, 4319854.193, 83
Trd, 4319854.293, 83
Trd, 4319855.893, 135
Trd, 4319856.343, 89
Trd, 4319858.143, 127
Trd, 4319858.193, 123
Trd, 4319858.643, 82
Trd, 4319859.443, 108
Trd, 4319859.843, 135
Trd, 4319861.693, 111
Trd, 4319862.893, 138
Trd, 4319863.193, 124
Trd, 4319865.243, 126
Trd, 4319865.293, 91
Trd, 4319865.393, 121
Trd, 4319866.843, 107
Trd, 4319867.393, 97
Trd, 4319868.393, 118
Trd, 4319869.043, 140
Trd, 4319869.293, 82
Trd, 4319870.843, 102
Trd, 4319871.143, 101
Trd, 4319871.293, 98
Trd, 4319871.843, 133
Trd, 4319872.643, 135
Trd, 4319873.493, 118
Trd, 4319874.193, 106
Trd, 4319874.893, 113
Trd, 4319875.393, 107
Trd, 4319875.593, 115
Trd, 4319876.543, 114
Trd, 4319877.543, 93
Trd, 4319878.693, 123
Trd, 4319878.893, 81
Trd, 4319879.243, 79
Trd, 4319879.793, 113
Trd, 4319880.293, 74
Trd, 4319880.443, 70
Trd, 4319881.943, 128
Trd, 4319882.293, 116
Trd, 4319882.993, 64
Trd, 4319883.343, 86
Trd, 4319885.293, 129
Trd, 4319885.643, 129
Trd, 4319885.843, 91
Trd, 4319886.743, 123
Trd, 4319888.343, 112
Trd, 4319888.643, 91
Trd, 4319889.593, 93
Trd, 4319890.893, 69
Trd, 4319891.343, 67
Trd, 4319891.393, 104
Trd, 4319892.293, 104
Trd, 4319893.793, 107
Trd, 4319895.093, 82
Trd, 4319896.243, 124
Trd, 4319896.393, 118
Trd, 4319897.493, 103
Trd, 4319897.643, 93
Trd, 4319898.743, 88
Trd, 4319899.343, 85
Trd, 4319899.793, 135
Trd, 4319900.943, 102
Trd, 4319902.543, 118
Trd, 4319902.743, 89
Trd, 4319902.943, 78
Trd, 4319903.543, 86
Trd, 4319905.343, 133
Trd, 4319905.443, 98
Trd, 4319907.643, 107
Trd, 4319908.193, 87
Trd, 4319908.293, 67
Trd, 4319908.643, 124
Trd, 4319909.593, 110
Trd, 4319910.193, 103
Trd, 4319910.943, 127
Trd, 4319911.943, 114
Trd, 4319912.093, 98
Trd, 4319912.643, 115
Trd, 4319913.343, 112
Trd, 4319913.893, 112
Trd, 4319916.093, 132
Trd, 4319916.443, 120
Trd, 4319916.943, 93
Trd, 4319917.193, 86
Trd, 4319917.443, 88
Trd, 4319918.643, 103
Trd, 4319918.843, 127
Trd, 4319921.543, 130
Trd, 4319921.793, 105
Trd, 4319921.843, 93
Trd, 4319922.593, 88
Trd, 4319923.243, 84
Trd, 4319923.593, 118
Trd, 4319924.643, 66
Trd, 4319924.793, 85
Trd, 4319926.593, 119
Trd, 4319928.243, 104
Trd, 4319928.393, 100
Trd, 4319928.793, 108
Trd, 4319929.193, 87
Trd, 4319929.243, 85
Trd, 4319929.493, 95
Trd, 4319930.193, 105
Trd, 4319931.093, 86
Trd, 4319931.593, 89
Trd, 4319932.093, 104
Trd, 4319932.393, 83
Trd, 4319933.093, 70
Trd, 4319933.543, 61
Trd, 4319934.693, 64
Trd, 4319934.793, 70
Trd, 4319935.943, 90
Trd, 4319937.293, 125
Trd, 4319938.343, 112
Trd, 4319938.443, 89
Trd, 4319938.693, 88
Trd, 4319939.493, 74
Trd, 4319939.593, 72
Trd, 4319941.343, 85
Trd, 4319942.093, 82
Trd, 4319942.893, 68
Trd, 4319942.943, 65
Trd, 4319943.643, 90
Trd, 4319944.043, 80
Trd, 4319944.093, 63
Trd, 4319945.743, 129
Trd, 4319947.043, 116
Trd, 4319947.393, 132
Trd, 4319948.943, 127
Trd, 4319949.093, 120
Trd, 4319949.593, 66
Trd, 4319949.843, 122
Trd, 4319950.843, 81
Trd, 4319951.643, 68
Trd, 4319951.993, 63
Trd, 4319952.893, 79
Trd, 4319953.043, 137
Trd, 4319953.893, 82
Trd, 4319955.643, 102
Trd, 4319956.193, 83
Trd, 4319956.243, 72
Trd, 4319956.693, 91
Trd, 4319957.343, 125
Trd, 4319957.743, 113
Trd, 4319960.943, 127
Trd, 4319961.443, 115
Trd, 4319961.593, 95
Trd, 4319961.743, 91
Trd, 4319962.193, 75
Trd, 4319963.393, 101
Trd, 4319963.793, 111
Trd, 4319964.543, 127
Trd, 4319965.443, 125
Trd, 4319965.893, 136
Trd, 4319966.993, 122
Trd, 4319967.743, 100
Trd, 4319968.443, 96
Trd, 4319968.493, 92
Trd, 4319969.343, 101
Trd, 4319969.443, 69
Trd, 4319970.393, 109
Trd, 4319970.693, 134
Trd, 4319972.443, 124
Trd, 4319973.193, 111
Trd, 4319973.293, 109
Trd, 4319973.793, 102
Trd, 4319973.893, 99
Trd, 4319974.293, 60
Trd, 4319975.393, 102
Trd, 4319975.593, 60
Trd, 4319977.543, 122
Trd, 4319978.943, 139
Trd, 4319979.543, 128
Trd, 4319979.743, 76
Trd, 4319980.693, 69
Trd, 4319980.793, 71
Trd, 4319981.443, 112
Trd, 4319982.393, 125
Trd, 4319983.743, 60
Trd, 4319983.943, 63
Trd, 4319984.943, 104
Trd, 4319986.043, 86
Trd, 4319986.193, 82
Trd, 4319987.943, 99
Trd, 4319988.143, 87
Trd, 4319988.643, 65
Trd, 4319988.943, 62
Trd, 4319990.593, 122
Trd, 4319991.443, 117
Trd, 4319992.443, 123
Trd, 4319992.943, 110
Trd, 4319993.643, 103
Trd, 4319993.893, 106
Trd, 4319994.143, 126
Trd, 4319994.643, 115
Trd, 4319996.093, 139
Trd, 4319996.793, 106
Trd, 4319997.043, 100
Trd, 4319997.243, 100
Trd, 4319998.193, 92
Trd, 4319999.493, 138
