Trd, 4318098.793, 140
Trd, 4318099.493, 140
Trd, 4318100.393, 140
Trd, 4318100.843, 140
Trd, 4318100.943, 140
Trd, 4318101.593, 134
Trd, 4318101.943, 135
Trd, 4318102.243, 137
Trd, 4318102.593, 126
Trd, 4318104.543, 140
Trd, 4318104.943, 137
Trd, 4318105.843, 140
Trd, 4318106.543, 68
Trd, 4318107.993, 92
Trd, 4318108.543, 92
Trd, 4318109.093, 136
Trd, 4318109.543, 136
Trd, 4318109.893, 135
Trd, 4318111.743, 138
Trd, 4318113.493, 140
Trd, 4318113.743, 139
Trd, 4318114.093, 140
Trd, 4318114.543, 139
Trd, 4318114.593, 139
Trd, 4318116.593, 140
Trd, 4318116.843, 140
Trd, 4318118.393, 140
Trd, 4318118.493, 140
Trd, 4318118.543, 140
Trd, 4318118.693, 140
Trd, 4318119.943, 140
Trd, 4318120.193, 137
Trd, 4318120.893, 80
Trd, 4318121.293, 79
Trd, 4318121.743, 61
Trd, 4318122.493, 87
Trd, 4318123.693, 140
Trd, 4318124.193, 140
Trd, 4318127.143, 140
Trd, 4318127.193, 140
Trd, 4318127.443, 140
Trd, 4318127.743, 140
Trd, 4318129.493, 140
Trd, 4318129.893, 140
Trd, 4318131.693, 140
Trd, 4318132.393, 140
Trd, 4318133.893, 140
Trd, 4318134.993, 140
Trd, 4318135.243, 140
Trd, 4318135.443, 140
Trd, 4318137.443, 140
Trd, 4318138.993, 140
Trd, 4318139.093, 140
Trd, 4318139.693, 140
Trd, 4318140.393, 140
Trd, 4318141.243, 140
Trd, 4318141.293, 140
Trd, 4318141.543, 140
Trd, 4318141.643, 140
Trd, 4318142.043, 121
Trd, 4318142.693, 63
Trd, 4318143.343, 62
Trd, 4318143.543, 63
Trd, 4318144.043, 139
Trd, 4318144.243, 85
Trd, 4318146.843, 68
Trd, 4318147.843, 64
Trd, 4318148.543, 61
Trd, 4318148.843, 60
Trd, 4318150.193, 60
Trd, 4318150.643, 60
Trd, 4318150.693, 61
Trd, 4318152.093, 61
Trd, 4318152.293, 72
Trd, 4318152.843, 60
Trd, 4318154.843, 68
Trd, 4318155.143, 65
Trd, 4318155.393, 67
Trd, 4318155.793, 68
Trd, 4318156.243, 61
Trd, 4318157.093, 67
Trd, 4318157.193, 65
Trd, 4318157.243, 64
Trd, 4318158.193, 138
Trd, 4318158.793, 122
Trd, 4318160.043, 140
Trd, 4318161.443, 140
Trd, 4318162.393, 140
Trd, 4318163.093, 140
Trd, 4318163.193, 140
Trd, 4318163.643, 140
Trd, 4318163.793, 140
Trd, 4318166.293, 140
Trd, 4318166.343, 139
Trd, 4318167.543, 136
Trd, 4318168.993, 140
Trd, 4318170.043, 140
Trd, 4318170.143, 140
Trd, 4318170.443, 140
Trd, 4318171.643, 140
Trd, 4318172.393, 140
Trd, 4318173.493, 140
Trd, 4318174.643, 140
Trd, 4318175.043, 140
Trd, 4318175.543, 140
Trd, 4318175.743, 140
Trd, 4318176.343, 140
Trd, 4318176.393, 140
Trd, 4318177.543, 140
Trd, 4318178.693, 140
Trd, 4318179.843, 140
Trd, 4318180.143, 140
Trd, 4318180.293, 139
Trd, 4318180.543, 138
Trd, 4318182.893, 140
Trd, 4318183.443, 140
Trd, 4318183.643, 140
Trd, 4318183.893, 140
Trd, 4318186.393, 140
Trd, 4318186.593, 140
Trd, 4318187.193, 140
Trd, 4318187.643, 140
Trd, 4318190.343, 140
Trd, 4318191.193, 140
Trd, 4318193.343, 140
Trd, 4318194.193, 140
Trd, 4318194.993, 140
Trd, 4318195.943, 140
Trd, 4318196.793, 140
Trd, 4318196.843, 139
Trd, 4318196.993, 121
Trd, 4318197.193, 140
Trd, 4318197.943, 124
Trd, 4318198.043, 122
Trd, 4318198.743, 139
Trd, 4318198.793, 120
Trd, 4318200.643, 140
Trd, 4318200.743, 140
Trd, 4318200.793, 140
Trd, 4318201.443, 80
Trd, 4318203.043, 138
Trd, 4318204.393, 140
Trd, 4318205.143, 140
Trd, 4318205.693, 140
Trd, 4318205.943, 140
Trd, 4318208.043, 140
Trd, 4318208.493, 140
Trd, 4318210.743, 140
Trd, 4318211.543, 140
Trd, 4318211.993, 140
Trd, 4318212.293, 140
Trd, 4318212.743, 140
Trd, 4318213.193, 140
Trd, 4318213.443, 140
Trd, 4318214.843, 140
Trd, 4318215.643, 139
Trd, 4318216.143, 140
Trd, 4318216.443, 139
Trd, 4318217.493, 140
Trd, 4318217.943, 140
Trd, 4318219.393, 140
Trd, 4318220.593, 140
Trd, 4318221.393, 140
Trd, 4318222.543, 140
Trd, 4318222.643, 138
Trd, 4318224.193, 140
Trd, 4318225.093, 140
Trd, 4318226.543, 140
Trd, 4318226.743, 140
Trd, 4318226.793, 140
Trd, 4318226.993, 140
Trd, 4318227.943, 108
Trd, 4318228.493, 111
Trd, 4318228.743, 139
Trd, 4318228.943, 135
Trd, 4318231.643, 101
Trd, 4318232.193, 103
Trd, 4318232.493, 104
Trd, 4318233.043, 100
Trd, 4318234.093, 140
Trd, 4318234.293, 137
Trd, 4318235.143, 140
Trd, 4318235.293, 140
Trd, 4318236.643, 128
Trd, 4318237.943, 140
Trd, 4318239.093, 109
Trd, 4318239.393, 108
Trd, 4318239.443, 68
Trd, 4318240.343, 88
Trd, 4318241.493, 60
Trd, 4318242.443, 60
Trd, 4318243.043, 60
Trd, 4318246.643, 60
Trd, 4318246.743, 60
Trd, 4318247.243, 60
Trd, 4318249.393, 60
Trd, 4318249.793, 60
Trd, 4318250.143, 60
Trd, 4318250.243, 64
Trd, 4318250.293, 60
Trd, 4318250.443, 66
Trd, 4318250.493, 68
Trd, 4318251.593, 67
Trd, 4318252.243, 136
Trd, 4318253.693, 64
Trd, 4318253.743, 63
Trd, 4318253.993, 110
Trd, 4318254.943, 60
Trd, 4318255.443, 64
Trd, 4318256.193, 64
Trd, 4318257.993, 60
Trd, 4318259.193, 60
Trd, 4318259.343, 60
Trd, 4318261.343, 60
Trd, 4318263.343, 60
Trd, 4318263.793, 60
Trd, 4318264.543, 61
Trd, 4318265.393, 63
Trd, 4318265.543, 61
Trd, 4318265.843, 62
Trd, 4318266.543, 61
Trd, 4318266.843, 61
Trd, 4318267.043, 62
Trd, 4318267.943, 61
Trd, 4318269.743, 60
Trd, 4318270.143, 62
Trd, 4318270.193, 62
Trd, 4318270.393, 68
Trd, 4318271.393, 65
Trd, 4318273.593, 62
Trd, 4318274.043, 61
Trd, 4318274.493, 63
Trd, 4318274.593, 64
Trd, 4318275.093, 64
Trd, 4318275.243, 63
Trd, 4318275.743, 65
Trd, 4318276.043, 65
Trd, 4318276.193, 66
Trd, 4318276.343, 64
Trd, 4318277.693, 67
Trd, 4318278.093, 78
Trd, 4318278.543, 68
Trd, 4318280.443, 61
Trd, 4318280.493, 76
Trd, 4318281.243, 62
Trd, 4318281.643, 63
Trd, 4318282.343, 61
Trd, 4318282.843, 65
Trd, 4318283.893, 61
Trd, 4318285.493, 60
Trd, 4318286.743, 60
Trd, 4318287.443, 60
Trd, 4318288.343, 60
Trd, 4318288.543, 60
Trd, 4318288.793, 60
Trd, 4318289.243, 63
Trd, 4318289.993, 140
Trd, 4318290.243, 139
Trd, 4318290.393, 62
Trd, 4318290.843, 61
Trd, 4318291.793, 75
Trd, 4318294.243, 140
Trd, 4318294.743, 140
Trd, 4318295.493, 140
Trd, 4318296.493, 140
Trd, 4318297.043, 140
Trd, 4318297.143, 140
Trd, 4318297.393, 140
Trd, 4318297.743, 139
Trd, 4318299.193, 140
Trd, 4318299.293, 139
Trd, 4318300.493, 140
Trd, 4318301.493, 140
Trd, 4318301.543, 140
Trd, 4318301.593, 95
Trd, 4318302.993, 106
Trd, 4318303.093, 132
Trd, 4318304.843, 126
Trd, 4318305.643, 70
Trd, 4318306.493, 70
Trd, 4318308.293, 109
Trd, 4318308.543, 108
Trd, 4318309.043, 117
Trd, 4318309.243, 94
Trd, 4318310.443, 140
Trd, 4318311.843, 140
Trd, 4318311.893, 140
Trd, 4318311.943, 139
Trd, 4318312.343, 140
Trd, 4318314.043, 140
Trd, 4318315.143, 140
Trd, 4318316.443, 140
Trd, 4318317.593, 140
Trd, 4318317.743, 140
Trd, 4318317.843, 140
Trd, 4318317.893, 140
Trd, 4318318.843, 139
Trd, 4318319.793, 138
Trd, 4318320.443, 133
Trd, 4318322.543, 140
Trd, 4318322.643, 140
Trd, 4318323.193, 138
Trd, 4318323.943, 107
Trd, 4318324.743, 74
Trd, 4318326.593, 60
Trd, 4318326.643, 61
Trd, 4318327.693, 60
Trd, 4318327.793, 60
Trd, 4318329.293, 65
Trd, 4318330.643, 60
Trd, 4318330.793, 61
Trd, 4318331.843, 61
Trd, 4318331.993, 60
Trd, 4318332.443, 61
Trd, 4318334.093, 62
Trd, 4318334.443, 62
Trd, 4318334.693, 63
Trd, 4318336.493, 71
Trd, 4318336.993, 140
Trd, 4318337.293, 140
Trd, 4318337.343, 140
Trd, 4318337.643, 140
Trd, 4318338.493, 140
Trd, 4318339.193, 139
Trd, 4318339.443, 138
Trd, 4318339.743, 139
Trd, 4318339.893, 76
Trd, 4318341.943, 65
Trd, 4318341.993, 69
Trd, 4318343.593, 140
Trd, 4318343.643, 140
Trd, 4318344.093, 140
Trd, 4318344.393, 137
Trd, 4318345.943, 140
Trd, 4318346.393, 140
Trd, 4318348.543, 140
Trd, 4318349.893, 140
Trd, 4318350.843, 140
Trd, 4318350.893, 140
Trd, 4318351.093, 140
Trd, 4318351.393, 140
Trd, 4318352.243, 140
Trd, 4318352.293, 140
Trd, 4318353.443, 140
Trd, 4318354.043, 140
Trd, 4318354.143, 106
Trd, 4318355.143, 68
Trd, 4318357.243, 61
Trd, 4318357.793, 60
Trd, 4318357.843, 60
Trd, 4318357.893, 60
Trd, 4318358.293, 140
Trd, 4318359.493, 73
Trd, 4318359.793, 133
Trd, 4318359.893, 103
Trd, 4318360.343, 74
Trd, 4318362.043, 62
Trd, 4318362.143, 122
Trd, 4318363.943, 140
Trd, 4318364.943, 140
Trd, 4318365.093, 140
Trd, 4318365.893, 140
Trd, 4318366.593, 140
Trd, 4318366.693, 140
Trd, 4318368.193, 140
Trd, 4318368.343, 140
Trd, 4318368.693, 140
Trd, 4318369.093, 140
Trd, 4318369.193, 139
Trd, 4318370.693, 123
Trd, 4318370.943, 106
Trd, 4318372.193, 137
Trd, 4318373.093, 131
Trd, 4318373.993, 134
Trd, 4318374.093, 133
Trd, 4318374.743, 134
Trd, 4318374.843, 133
Trd, 4318376.593, 140
Trd, 4318377.043, 140
Trd, 4318377.893, 139
Trd, 4318379.393, 140
Trd, 4318380.193, 140
Trd, 4318380.493, 140
Trd, 4318381.293, 140
Trd, 4318382.293, 140
Trd, 4318383.193, 140
Trd, 4318383.743, 140
Trd, 4318385.193, 140
Trd, 4318385.743, 140
Trd, 4318385.843, 140
Trd, 4318386.493, 140
Trd, 4318386.993, 140
Trd, 4318387.893, 140
Trd, 4318388.343, 65
Trd, 4318390.743, 140
Trd, 4318390.843, 140
Trd, 4318392.243, 140
Trd, 4318392.443, 136
Trd, 4318393.893, 139
Trd, 4318394.243, 138
Trd, 4318394.393, 136
Trd, 4318394.693, 140
Trd, 4318394.943, 139
Trd, 4318397.243, 140
Trd, 4318397.443, 140
Trd, 4318398.143, 140
Trd, 4318398.543, 139
Trd, 4318398.843, 140
Trd, 4318399.093, 104
Trd, 4318400.093, 132
Trd, 4318400.343, 131
Trd, 4318401.093, 73
Trd, 4318401.493, 140
Trd, 4318403.943, 140
Trd, 4318404.193, 140
Trd, 4318404.843, 140
Trd, 4318405.693, 140
Trd, 4318407.043, 140
Trd, 4318407.743, 140
Trd, 4318408.093, 140
Trd, 4318409.293, 140
Trd, 4318410.943, 140
Trd, 4318411.193, 140
Trd, 4318412.343, 140
Trd, 4318412.743, 140
Trd, 4318412.843, 97
Trd, 4318413.493, 123
Trd, 4318414.443, 140
Trd, 4318414.793, 96
Trd, 4318415.493, 140
Trd, 4318417.243, 140
Trd, 4318417.693, 140
Trd, 4318418.743, 140
Trd, 4318419.743, 140
Trd, 4318420.943, 140
Trd, 4318421.293, 140
Trd, 4318421.593, 140
Trd, 4318421.643, 139
Trd, 4318423.743, 140
Trd, 4318423.993, 140
Trd, 4318424.393, 140
Trd, 4318424.693, 140
Trd, 4318425.443, 107
Trd, 4318426.993, 140
Trd, 4318428.643, 140
Trd, 4318429.043, 140
Trd, 4318430.193, 140
Trd, 4318430.343, 140
Trd, 4318431.343, 140
Trd, 4318431.693, 140
Trd, 4318435.043, 140
Trd, 4318435.293, 140
Trd, 4318435.593, 140
Trd, 4318435.943, 140
Trd, 4318436.043, 139
Trd, 4318436.693, 137
Trd, 4318437.093, 138
Trd, 4318438.093, 117
Trd, 4318438.143, 115
Trd, 4318438.793, 115
Trd, 4318439.293, 114
Trd, 4318440.393, 140
Trd, 4318441.293, 74
Trd, 4318442.843, 140
Trd, 4318443.743, 139
Trd, 4318444.043, 134
Trd, 4318444.793, 138
Trd, 4318446.543, 140
Trd, 4318446.593, 140
Trd, 4318447.793, 140
Trd, 4318447.843, 140
Trd, 4318447.893, 140
Trd, 4318448.243, 140
Trd, 4318449.793, 140
Trd, 4318450.893, 140
Trd, 4318452.043, 140
Trd, 4318452.943, 140
Trd, 4318454.543, 140
Trd, 4318455.193, 140
Trd, 4318455.443, 140
Trd, 4318456.493, 140
Trd, 4318457.743, 140
Trd, 4318458.343, 140
Trd, 4318459.493, 139
Trd, 4318460.343, 140
Trd, 4318460.393, 140
Trd, 4318460.493, 140
Trd, 4318461.743, 140
Trd, 4318463.243, 140
Trd, 4318463.743, 140
Trd, 4318464.293, 140
Trd, 4318464.443, 140
Trd, 4318465.093, 140
Trd, 4318465.593, 130
Trd, 4318466.343, 139
Trd, 4318467.093, 139
Trd, 4318467.593, 140
Trd, 4318468.043, 140
Trd, 4318468.243, 140
Trd, 4318469.293, 140
Trd, 4318469.543, 140
Trd, 4318470.143, 140
Trd, 4318471.643, 140
Trd, 4318471.693, 140
Trd, 4318473.143, 131
Trd, 4318474.193, 139
Trd, 4318474.243, 131
Trd, 4318474.793, 140
Trd, 4318475.143, 139
Trd, 4318476.043, 140
Trd, 4318479.443, 140
Trd, 4318479.593, 140
Trd, 4318480.343, 140
Trd, 4318481.493, 140
Trd, 4318481.743, 140
Trd, 4318482.593, 140
Trd, 4318484.243, 140
Trd, 4318485.443, 140
Trd, 4318486.093, 140
Trd, 4318486.343, 140
Trd, 4318486.943, 140
Trd, 4318487.443, 135
Trd, 4318487.943, 140
Trd, 4318488.693, 140
Trd, 4318489.093, 140
Trd, 4318489.293, 140
Trd, 4318489.393, 140
Trd, 4318489.793, 140
Trd, 4318490.093, 138
Trd, 4318490.543, 122
Trd, 4318491.793, 140
Trd, 4318492.293, 140
Trd, 4318493.143, 140
Trd, 4318493.343, 139
Trd, 4318494.993, 140
Trd, 4318495.643, 140
Trd, 4318497.393, 140
Trd, 4318497.443, 140
Trd, 4318498.743, 140
Trd, 4318499.843, 140
Trd, 4318500.743, 140
Trd, 4318501.893, 140
Trd, 4318502.693, 140
Trd, 4318503.343, 140
Trd, 4318503.443, 140
Trd, 4318504.543, 140
Trd, 4318504.693, 140
Trd, 4318506.043, 140
Trd, 4318506.143, 140
Trd, 4318506.393, 140
Trd, 4318507.093, 140
Trd, 4318507.793, 140
Trd, 4318508.343, 140
Trd, 4318510.243, 140
Trd, 4318510.743, 140
Trd, 4318511.493, 140
Trd, 4318511.543, 140
Trd, 4318511.793, 140
Trd, 4318513.193, 140
Trd, 4318513.943, 140
Trd, 4318514.743, 140
Trd, 4318515.293, 140
Trd, 4318516.193, 140
Trd, 4318516.343, 140
Trd, 4318517.743, 140
Trd, 4318518.493, 140
Trd, 4318520.293, 140
Trd, 4318520.743, 140
Trd, 4318521.043, 140
Trd, 4318522.243, 140
Trd, 4318522.743, 140
Trd, 4318523.343, 140
Trd, 4318523.443, 140
Trd, 4318523.643, 136
Trd, 4318523.843, 92
Trd, 4318526.043, 140
Trd, 4318526.293, 140
Trd, 4318527.143, 140
Trd, 4318527.343, 140
Trd, 4318528.643, 140
Trd, 4318529.593, 140
Trd, 4318530.243, 140
Trd, 4318531.743, 140
Trd, 4318532.543, 140
Trd, 4318533.943, 140
Trd, 4318535.543, 140
Trd, 4318535.843, 140
Trd, 4318537.343, 140
Trd, 4318537.543, 140
Trd, 4318538.143, 140
Trd, 4318538.893, 140
Trd, 4318539.093, 140
Trd, 4318539.843, 140
Trd, 4318539.893, 140
Trd, 4318540.143, 139
Trd, 4318541.193, 139
Trd, 4318542.143, 139
Trd, 4318543.893, 140
Trd, 4318544.143, 140
Trd, 4318544.893, 140
Trd, 4318546.543, 140
Trd, 4318547.143, 140
Trd, 4318547.443, 140
Trd, 4318548.443, 140
Trd, 4318548.593, 140
Trd, 4318548.893, 139
Trd, 4318549.793, 140
Trd, 4318550.893, 140
Trd, 4318552.043, 140
Trd, 4318552.493, 140
Trd, 4318553.143, 140
Trd, 4318553.593, 140
Trd, 4318553.843, 140
Trd, 4318554.543, 140
Trd, 4318555.493, 139
Trd, 4318556.193, 138
Trd, 4318556.993, 140
Trd, 4318560.793, 140
Trd, 4318561.143, 140
Trd, 4318561.443, 140
Trd, 4318561.493, 140
Trd, 4318562.443, 140
Trd, 4318563.993, 140
Trd, 4318564.543, 140
Trd, 4318565.093, 140
Trd, 4318565.143, 137
Trd, 4318567.143, 137
Trd, 4318567.243, 137
Trd, 4318568.993, 140
Trd, 4318570.693, 140
Trd, 4318571.243, 140
Trd, 4318571.643, 140
Trd, 4318571.843, 140
Trd, 4318572.843, 140
Trd, 4318574.643, 140
Trd, 4318574.893, 140
Trd, 4318574.943, 140
Trd, 4318576.743, 140
Trd, 4318576.943, 140
Trd, 4318578.243, 140
Trd, 4318578.643, 140
Trd, 4318579.493, 140
Trd, 4318579.843, 140
Trd, 4318579.893, 140
Trd, 4318580.793, 140
Trd, 4318580.993, 139
Trd, 4318581.643, 108
Trd, 4318583.243, 138
Trd, 4318583.443, 139
Trd, 4318583.943, 139
Trd, 4318583.993, 136
Trd, 4318584.093, 113
Trd, 4318585.293, 140
Trd, 4318585.343, 131
Trd, 4318586.193, 112
Trd, 4318587.593, 140
Trd, 4318588.793, 140
Trd, 4318589.543, 140
Trd, 4318590.543, 140
Trd, 4318591.593, 140
Trd, 4318592.843, 140
Trd, 4318595.143, 140
Trd, 4318595.893, 140
Trd, 4318597.143, 140
Trd, 4318598.143, 140
Trd, 4318598.243, 140
Trd, 4318598.293, 140
Trd, 4318598.693, 140
Trd, 4318599.743, 140
Trd, 4318599.893, 140
Trd, 4318600.343, 139
Trd, 4318600.493, 127
Trd, 4318600.993, 128
Trd, 4318601.193, 139
Trd, 4318603.293, 63
Trd, 4318603.593, 65
Trd, 4318603.793, 64
Trd, 4318604.793, 65
Trd, 4318605.693, 64
Trd, 4318605.793, 60
Trd, 4318606.393, 140
Trd, 4318606.793, 139
Trd, 4318607.043, 122
Trd, 4318609.293, 60
Trd, 4318609.393, 60
Trd, 4318610.493, 60
Trd, 4318612.143, 61
Trd, 4318612.243, 64
Trd, 4318612.793, 63
Trd, 4318616.393, 60
Trd, 4318617.193, 60
Trd, 4318617.243, 60
Trd, 4318617.793, 62
Trd, 4318619.843, 60
Trd, 4318620.043, 60
Trd, 4318620.943, 60
Trd, 4318622.343, 60
Trd, 4318623.243, 60
Trd, 4318623.593, 61
Trd, 4318624.043, 62
Trd, 4318624.293, 64
Trd, 4318624.393, 64
Trd, 4318625.493, 63
Trd, 4318625.943, 64
Trd, 4318627.843, 140
Trd, 4318628.093, 106
Trd, 4318628.743, 134
Trd, 4318629.193, 108
Trd, 4318629.893, 111
Trd, 4318630.193, 134
Trd, 4318630.643, 136
Trd, 4318631.043, 109
Trd, 4318632.693, 102
Trd, 4318633.193, 102
Trd, 4318633.693, 130
Trd, 4318633.943, 114
Trd, 4318634.693, 106
Trd, 4318634.993, 101
Trd, 4318635.043, 113
Trd, 4318636.643, 120
Trd, 4318636.693, 101
Trd, 4318636.743, 101
Trd, 4318637.043, 121
Trd, 4318637.693, 92
Trd, 4318637.793, 123
Trd, 4318638.993, 140
Trd, 4318639.543, 139
Trd, 4318639.643, 138
Trd, 4318640.993, 65
Trd, 4318641.193, 67
Trd, 4318642.643, 60
Trd, 4318643.943, 60
Trd, 4318645.043, 60
Trd, 4318645.243, 60
Trd, 4318645.693, 72
Trd, 4318645.893, 62
Trd, 4318646.293, 60
Trd, 4318647.693, 60
Trd, 4318648.243, 63
Trd, 4318649.543, 64
Trd, 4318650.093, 63
Trd, 4318650.493, 63
Trd, 4318650.743, 64
Trd, 4318652.493, 61
Trd, 4318652.593, 62
Trd, 4318654.393, 61
Trd, 4318655.043, 61
Trd, 4318655.693, 62
Trd, 4318657.493, 60
Trd, 4318657.893, 61
Trd, 4318658.193, 68
Trd, 4318658.793, 71
Trd, 4318658.893, 65
Trd, 4318659.543, 98
Trd, 4318659.693, 99
Trd, 4318660.093, 64
Trd, 4318661.443, 64
Trd, 4318662.593, 140
Trd, 4318662.643, 139
Trd, 4318663.793, 134
Trd, 4318665.493, 140
Trd, 4318665.643, 140
Trd, 4318667.243, 140
Trd, 4318668.243, 140
Trd, 4318670.043, 140
Trd, 4318670.093, 140
Trd, 4318670.443, 140
Trd, 4318670.993, 140
Trd, 4318671.543, 140
Trd, 4318671.943, 139
Trd, 4318673.043, 140
Trd, 4318674.743, 140
Trd, 4318675.693, 140
Trd, 4318678.043, 140
Trd, 4318680.143, 140
Trd, 4318680.193, 140
Trd, 4318681.693, 140
Trd, 4318682.343, 140
Trd, 4318682.543, 140
Trd, 4318682.843, 140
Trd, 4318683.393, 140
Trd, 4318683.893, 140
Trd, 4318684.793, 140
Trd, 4318685.543, 140
Trd, 4318686.093, 138
Trd, 4318686.143, 136
Trd, 4318686.493, 103
Trd, 4318687.943, 140
Trd, 4318688.043, 140
Trd, 4318691.043, 140
Trd, 4318691.343, 139
Trd, 4318691.543, 139
Trd, 4318692.993, 140
Trd, 4318693.343, 114
Trd, 4318694.393, 116
Trd, 4318694.793, 116
Trd, 4318694.993, 115
Trd, 4318695.193, 136
Trd, 4318695.643, 112
Trd, 4318696.543, 112
Trd, 4318697.093, 136
Trd, 4318697.693, 109
Trd, 4318698.543, 121
Trd, 4318699.693, 122
Trd, 4318700.693, 121
Trd, 4318700.893, 124
Trd, 4318701.943, 82
Trd, 4318703.093, 121
Trd, 4318703.743, 119
Trd, 4318703.993, 99
Trd, 4318705.293, 120
Trd, 4318705.443, 102
Trd, 4318705.943, 139
Trd, 4318706.193, 102
Trd, 4318706.343, 101
Trd, 4318707.493, 75
Trd, 4318708.643, 140
Trd, 4318708.843, 139
Trd, 4318709.693, 126
Trd, 4318710.243, 134
Trd, 4318710.593, 140
Trd, 4318711.543, 127
Trd, 4318711.943, 140
Trd, 4318712.343, 127
Trd, 4318713.843, 140
Trd, 4318714.743, 140
Trd, 4318715.743, 140
Trd, 4318715.793, 140
Trd, 4318716.743, 140
Trd, 4318717.243, 140
Trd, 4318718.243, 140
Trd, 4318719.043, 140
Trd, 4318719.093, 140
Trd, 4318720.843, 140
Trd, 4318722.293, 140
Trd, 4318722.493, 140
Trd, 4318722.743, 140
Trd, 4318723.393, 140
Trd, 4318724.843, 140
Trd, 4318725.143, 140
Trd, 4318727.793, 140
Trd, 4318727.943, 140
Trd, 4318728.893, 140
Trd, 4318729.143, 140
Trd, 4318729.243, 140
Trd, 4318729.643, 140
Trd, 4318729.693, 140
Trd, 4318730.043, 100
Trd, 4318730.643, 63
Trd, 4318731.893, 140
Trd, 4318733.543, 98
Trd, 4318735.693, 60
Trd, 4318735.843, 70
Trd, 4318736.143, 140
Trd, 4318736.493, 68
Trd, 4318736.843, 63
Trd, 4318737.493, 75
Trd, 4318737.943, 73
Trd, 4318737.993, 75
Trd, 4318738.893, 138
Trd, 4318741.593, 140
Trd, 4318741.693, 140
Trd, 4318741.993, 140
Trd, 4318742.993, 140
Trd, 4318743.393, 140
Trd, 4318743.743, 140
Trd, 4318745.193, 140
Trd, 4318746.743, 140
Trd, 4318747.093, 140
Trd, 4318747.243, 140
Trd, 4318747.293, 140
Trd, 4318747.743, 140
Trd, 4318748.693, 107
Trd, 4318749.993, 140
Trd, 4318751.543, 140
Trd, 4318752.343, 140
Trd, 4318752.743, 140
Trd, 4318753.993, 138
Trd, 4318755.293, 140
Trd, 4318755.493, 140
Trd, 4318756.093, 139
Trd, 4318757.393, 140
Trd, 4318758.193, 140
Trd, 4318759.043, 140
Trd, 4318759.143, 140
Trd, 4318760.343, 140
Trd, 4318760.743, 140
Trd, 4318761.293, 140
Trd, 4318761.443, 140
Trd, 4318761.493, 139
Trd, 4318761.743, 137
Trd, 4318762.243, 140
Trd, 4318762.443, 133
Trd, 4318763.893, 84
Trd, 4318764.643, 140
Trd, 4318765.143, 138
Trd, 4318765.793, 106
Trd, 4318766.493, 131
Trd, 4318768.093, 138
Trd, 4318768.193, 132
Trd, 4318769.343, 139
Trd, 4318769.793, 140
Trd, 4318770.493, 140
Trd, 4318770.993, 136
Trd, 4318771.593, 137
Trd, 4318772.193, 94
Trd, 4318772.543, 96
Trd, 4318773.993, 140
Trd, 4318774.893, 140
Trd, 4318776.693, 140
Trd, 4318777.193, 140
Trd, 4318777.643, 140
Trd, 4318778.893, 140
Trd, 4318779.593, 140
Trd, 4318780.993, 140
Trd, 4318781.843, 140
Trd, 4318782.443, 139
Trd, 4318783.743, 139
Trd, 4318783.843, 137
Trd, 4318784.543, 133
Trd, 4318784.643, 131
Trd, 4318784.693, 135
Trd, 4318785.443, 114
Trd, 4318785.543, 114
Trd, 4318785.743, 113
Trd, 4318786.193, 138
Trd, 4318787.143, 135
Trd, 4318787.743, 95
Trd, 4318788.793, 61
Trd, 4318789.643, 60
Trd, 4318790.393, 61
Trd, 4318790.743, 62
Trd, 4318791.943, 60
Trd, 4318793.643, 63
Trd, 4318793.843, 63
Trd, 4318796.043, 60
Trd, 4318797.843, 60
Trd, 4318798.043, 60
Trd, 4318798.293, 60
Trd, 4318798.693, 61
Trd, 4318800.043, 60
Trd, 4318800.143, 64
Trd, 4318800.243, 60
Trd, 4318801.693, 66
Trd, 4318802.593, 71
Trd, 4318802.743, 138
Trd, 4318802.793, 67
Trd, 4318803.593, 60
Trd, 4318804.693, 140
Trd, 4318805.743, 140
Trd, 4318806.043, 140
Trd, 4318806.543, 140
Trd, 4318806.993, 139
Trd, 4318807.443, 60
Trd, 4318808.043, 60
Trd, 4318809.343, 61
Trd, 4318811.743, 60
Trd, 4318812.943, 60
Trd, 4318813.693, 60
Trd, 4318814.043, 60
Trd, 4318814.343, 61
Trd, 4318815.293, 60
Trd, 4318815.693, 60
Trd, 4318815.743, 61
Trd, 4318815.843, 63
Trd, 4318815.893, 60
Trd, 4318817.643, 140
Trd, 4318818.643, 140
Trd, 4318820.843, 140
Trd, 4318821.143, 140
Trd, 4318822.593, 140
Trd, 4318822.843, 140
Trd, 4318824.193, 140
Trd, 4318824.843, 140
Trd, 4318824.893, 140
Trd, 4318825.443, 140
Trd, 4318825.943, 139
Trd, 4318826.243, 133
Trd, 4318826.393, 133
Trd, 4318827.993, 140
Trd, 4318829.193, 140
Trd, 4318830.093, 140
Trd, 4318830.193, 140
Trd, 4318830.743, 140
Trd, 4318831.593, 140
Trd, 4318833.893, 140
Trd, 4318834.393, 140
Trd, 4318835.243, 140
Trd, 4318837.643, 140
Trd, 4318837.993, 140
Trd, 4318838.393, 140
Trd, 4318838.593, 140
Trd, 4318839.793, 140
Trd, 4318840.093, 140
Trd, 4318840.193, 140
Trd, 4318840.893, 140
Trd, 4318841.343, 139
Trd, 4318841.793, 95
Trd, 4318842.243, 140
Trd, 4318842.693, 139
Trd, 4318843.293, 64
Trd, 4318844.543, 60
Trd, 4318846.493, 67
Trd, 4318847.743, 60
Trd, 4318848.393, 60
Trd, 4318848.593, 60
Trd, 4318848.643, 66
Trd, 4318851.893, 60
Trd, 4318852.093, 60
Trd, 4318852.193, 60
Trd, 4318852.693, 61
Trd, 4318852.743, 64
Trd, 4318853.293, 60
Trd, 4318853.393, 61
Trd, 4318853.443, 68
Trd, 4318854.743, 60
Trd, 4318855.393, 60
Trd, 4318855.893, 60
Trd, 4318857.393, 60
Trd, 4318858.143, 63
Trd, 4318860.043, 61
Trd, 4318860.793, 60
Trd, 4318861.843, 60
Trd, 4318863.093, 60
Trd, 4318863.343, 60
Trd, 4318864.693, 60
Trd, 4318866.393, 60
Trd, 4318866.593, 60
Trd, 4318867.193, 60
Trd, 4318867.443, 61
Trd, 4318867.493, 60
Trd, 4318867.643, 62
Trd, 4318867.693, 67
Trd, 4318869.443, 75
Trd, 4318869.493, 67
Trd, 4318870.143, 76
Trd, 4318870.243, 70
Trd, 4318873.293, 140
Trd, 4318873.993, 140
Trd, 4318875.293, 140
Trd, 4318876.693, 140
Trd, 4318876.943, 140
Trd, 4318877.143, 140
Trd, 4318877.593, 140
Trd, 4318878.543, 140
Trd, 4318878.693, 140
Trd, 4318878.893, 140
Trd, 4318880.443, 139
Trd, 4318881.243, 140
Trd, 4318881.793, 60
Trd, 4318881.893, 60
Trd, 4318882.843, 84
Trd, 4318885.593, 60
Trd, 4318886.893, 60
Trd, 4318886.943, 60
Trd, 4318887.243, 60
Trd, 4318888.643, 61
Trd, 4318889.793, 61
Trd, 4318889.993, 64
Trd, 4318890.143, 64
Trd, 4318890.793, 70
Trd, 4318891.343, 66
Trd, 4318891.493, 67
Trd, 4318892.993, 63
Trd, 4318893.043, 62
Trd, 4318893.343, 62
Trd, 4318897.193, 60
Trd, 4318897.993, 60
Trd, 4318898.793, 60
Trd, 4318899.043, 60
Trd, 4318899.293, 60
Trd, 4318900.193, 61
Trd, 4318900.393, 62
Trd, 4318900.743, 70
Trd, 4318901.093, 65
Trd, 4318901.943, 67
Trd, 4318902.043, 68
Trd, 4318902.393, 68
Trd, 4318903.293, 140
Trd, 4318904.443, 140
Trd, 4318906.343, 140
Trd, 4318907.293, 140
Trd, 4318907.393, 140
Trd, 4318907.743, 140
Trd, 4318908.793, 140
Trd, 4318909.043, 140
Trd, 4318909.643, 140
Trd, 4318910.193, 140
Trd, 4318910.493, 140
Trd, 4318911.343, 140
Trd, 4318913.793, 139
Trd, 4318914.643, 140
Trd, 4318914.843, 140
Trd, 4318915.443, 140
Trd, 4318916.793, 138
Trd, 4318916.893, 83
Trd, 4318918.043, 140
Trd, 4318918.343, 140
Trd, 4318918.993, 140
Trd, 4318919.243, 140
Trd, 4318919.443, 140
Trd, 4318920.093, 140
Trd, 4318920.643, 140
Trd, 4318922.143, 140
Trd, 4318922.243, 140
Trd, 4318923.443, 140
Trd, 4318924.843, 140
Trd, 4318925.243, 140
Trd, 4318925.543, 140
Trd, 4318926.293, 139
Trd, 4318926.943, 140
Trd, 4318927.143, 140
Trd, 4318927.843, 140
Trd, 4318929.693, 123
Trd, 4318929.793, 131
Trd, 4318930.343, 122
Trd, 4318930.843, 83
Trd, 4318931.743, 119
Trd, 4318931.843, 128
Trd, 4318934.243, 128
Trd, 4318934.593, 127
Trd, 4318935.693, 60
Trd, 4318936.043, 66
Trd, 4318937.043, 70
Trd, 4318938.093, 61
Trd, 4318939.443, 60
Trd, 4318940.093, 60
Trd, 4318940.143, 60
Trd, 4318940.543, 62
Trd, 4318941.143, 63
Trd, 4318941.293, 64
Trd, 4318943.693, 126
Trd, 4318943.843, 126
Trd, 4318944.493, 127
Trd, 4318944.593, 128
Trd, 4318944.943, 127
Trd, 4318945.143, 125
Trd, 4318946.243, 76
Trd, 4318946.943, 127
Trd, 4318947.943, 106
Trd, 4318948.093, 105
Trd, 4318948.993, 136
Trd, 4318950.293, 85
Trd, 4318950.493, 83
Trd, 4318950.793, 100
Trd, 4318950.943, 100
Trd, 4318950.993, 81
Trd, 4318951.693, 140
Trd, 4318953.943, 140
Trd, 4318954.443, 140
Trd, 4318956.143, 140
Trd, 4318957.043, 140
Trd, 4318958.293, 140
Trd, 4318958.593, 140
Trd, 4318959.143, 140
Trd, 4318959.243, 140
Trd, 4318959.393, 139
Trd, 4318960.793, 140
Trd, 4318960.893, 140
Trd, 4318961.193, 140
Trd, 4318961.243, 115
Trd, 4318961.443, 105
Trd, 4318961.843, 139
Trd, 4318963.343, 118
Trd, 4318963.493, 111
Trd, 4318963.543, 119
Trd, 4318964.943, 116
Trd, 4318965.893, 113
Trd, 4318967.793, 140
Trd, 4318968.493, 140
Trd, 4318968.743, 140
Trd, 4318970.493, 140
Trd, 4318971.193, 140
Trd, 4318971.743, 140
Trd, 4318972.393, 140
Trd, 4318973.093, 140
Trd, 4318974.093, 140
Trd, 4318974.843, 140
Trd, 4318975.193, 140
Trd, 4318975.543, 140
Trd, 4318977.443, 140
Trd, 4318978.443, 140
Trd, 4318979.143, 140
Trd, 4318979.243, 140
Trd, 4318980.043, 140
Trd, 4318980.893, 140
Trd, 4318981.493, 138
Trd, 4318981.543, 89
Trd, 4318981.693, 75
Trd, 4318982.343, 60
Trd, 4318983.343, 86
Trd, 4318983.643, 140
Trd, 4318986.043, 60
Trd, 4318987.093, 60
Trd, 4318987.393, 60
Trd, 4318988.143, 61
Trd, 4318988.343, 61
Trd, 4318988.393, 63
Trd, 4318989.543, 60
Trd, 4318989.943, 60
Trd, 4318990.693, 60
Trd, 4318990.793, 61
Trd, 4318990.943, 62
Trd, 4318992.743, 61
Trd, 4318993.743, 60
Trd, 4318997.643, 60
Trd, 4318998.493, 61
Trd, 4318999.543, 60
Trd, 4319000.293, 60
Trd, 4319000.743, 60
Trd, 4319001.543, 60
Trd, 4319002.143, 60
Trd, 4319002.393, 61
Trd, 4319003.943, 60
Trd, 4319005.243, 61
Trd, 4319005.743, 65
Trd, 4319006.043, 63
Trd, 4319006.343, 62
Trd, 4319006.943, 61
Trd, 4319008.193, 61
Trd, 4319009.843, 62
Trd, 4319010.043, 65
Trd, 4319010.843, 61
Trd, 4319012.293, 60
Trd, 4319012.643, 62
Trd, 4319012.793, 64
Trd, 4319013.243, 64
Trd, 4319013.543, 64
Trd, 4319014.293, 140
Trd, 4319014.493, 138
Trd, 4319017.093, 140
Trd, 4319018.393, 140
Trd, 4319018.893, 140
Trd, 4319019.693, 140
Trd, 4319019.893, 140
Trd, 4319020.793, 140
Trd, 4319020.993, 140
Trd, 4319021.843, 139
Trd, 4319022.593, 134
Trd, 4319023.193, 134
Trd, 4319023.843, 61
Trd, 4319023.993, 78
Trd, 4319024.743, 81
Trd, 4319026.543, 140
Trd, 4319026.643, 140
Trd, 4319027.043, 139
Trd, 4319027.543, 139
Trd, 4319027.793, 139
Trd, 4319029.293, 139
Trd, 4319030.693, 140
Trd, 4319031.543, 140
Trd, 4319031.593, 139
Trd, 4319032.293, 127
Trd, 4319033.243, 140
Trd, 4319033.793, 140
Trd, 4319034.493, 139
Trd, 4319035.943, 140
Trd, 4319036.243, 140
Trd, 4319036.943, 137
Trd, 4319038.343, 140
Trd, 4319039.643, 140
Trd, 4319040.043, 140
Trd, 4319041.193, 140
Trd, 4319041.543, 140
Trd, 4319041.643, 140
Trd, 4319042.443, 140
Trd, 4319043.393, 140
Trd, 4319043.443, 140
Trd, 4319044.193, 134
Trd, 4319044.393, 133
Trd, 4319046.093, 140
Trd, 4319046.693, 140
Trd, 4319047.143, 140
Trd, 4319047.843, 140
Trd, 4319047.943, 140
Trd, 4319048.543, 140
Trd, 4319048.693, 138
Trd, 4319049.993, 91
Trd, 4319050.593, 98
Trd, 4319051.043, 76
Trd, 4319051.493, 75
Trd, 4319052.393, 140
Trd, 4319053.093, 138
Trd, 4319053.793, 140
Trd, 4319055.743, 140
Trd, 4319056.093, 140
Trd, 4319056.493, 140
Trd, 4319056.743, 140
Trd, 4319058.443, 140
Trd, 4319058.693, 140
Trd, 4319059.043, 140
Trd, 4319061.793, 140
Trd, 4319061.893, 140
Trd, 4319062.143, 140
Trd, 4319062.543, 140
Trd, 4319062.993, 140
Trd, 4319063.143, 137
Trd, 4319063.743, 78
Trd, 4319064.043, 77
Trd, 4319064.543, 140
Trd, 4319065.993, 118
Trd, 4319066.043, 136
Trd, 4319066.593, 63
Trd, 4319067.293, 63
Trd, 4319067.393, 64
Trd, 4319067.893, 63
Trd, 4319068.143, 65
Trd, 4319069.893, 60
Trd, 4319070.743, 60
Trd, 4319071.193, 65
Trd, 4319071.793, 65
Trd, 4319072.343, 66
Trd, 4319073.243, 60
Trd, 4319073.643, 61
Trd, 4319073.993, 61
Trd, 4319076.543, 139
Trd, 4319077.393, 140
Trd, 4319077.543, 140
Trd, 4319077.593, 140
Trd, 4319078.093, 140
Trd, 4319080.493, 140
Trd, 4319080.693, 140
Trd, 4319081.943, 140
Trd, 4319082.643, 140
Trd, 4319082.743, 140
Trd, 4319084.443, 140
Trd, 4319084.593, 139
Trd, 4319084.843, 139
Trd, 4319085.343, 140
Trd, 4319086.193, 140
Trd, 4319086.493, 140
Trd, 4319089.543, 140
Trd, 4319089.893, 140
Trd, 4319091.043, 140
Trd, 4319091.693, 140
Trd, 4319092.943, 140
Trd, 4319093.943, 140
Trd, 4319094.643, 140
Trd, 4319095.093, 139
Trd, 4319096.343, 139
Trd, 4319096.443, 140
Trd, 4319096.643, 139
Trd, 4319097.093, 140
Trd, 4319097.493, 140
Trd, 4319098.093, 140
Trd, 4319099.093, 140
Trd, 4319099.243, 140
Trd, 4319099.843, 73
Trd, 4319100.393, 136
Trd, 4319101.743, 138
Trd, 4319102.243, 137
Trd, 4319104.843, 140
Trd, 4319105.543, 140
Trd, 4319105.693, 140
Trd, 4319105.993, 139
Trd, 4319107.293, 140
Trd, 4319107.993, 140
Trd, 4319109.393, 140
Trd, 4319109.843, 140
Trd, 4319109.893, 140
Trd, 4319110.543, 109
Trd, 4319111.843, 103
Trd, 4319111.893, 102
Trd, 4319112.993, 139
Trd, 4319113.393, 136
Trd, 4319113.943, 71
Trd, 4319114.543, 140
Trd, 4319114.943, 78
Trd, 4319115.293, 78
Trd, 4319116.793, 61
Trd, 4319117.043, 61
Trd, 4319117.793, 60
Trd, 4319119.593, 60
Trd, 4319119.843, 61
Trd, 4319120.543, 140
Trd, 4319121.343, 140
Trd, 4319121.693, 140
Trd, 4319123.193, 140
Trd, 4319123.543, 140
Trd, 4319124.443, 140
Trd, 4319124.693, 140
Trd, 4319125.093, 140
Trd, 4319125.243, 140
Trd, 4319125.743, 140
Trd, 4319126.493, 140
Trd, 4319128.743, 140
Trd, 4319129.043, 140
Trd, 4319130.143, 140
Trd, 4319130.893, 140
Trd, 4319131.593, 140
Trd, 4319132.643, 140
Trd, 4319134.993, 140
Trd, 4319135.993, 140
Trd, 4319136.293, 140
Trd, 4319136.743, 140
Trd, 4319137.793, 140
Trd, 4319139.493, 140
Trd, 4319140.893, 140
Trd, 4319141.293, 140
Trd, 4319142.443, 140
Trd, 4319142.793, 140
Trd, 4319142.893, 140
Trd, 4319143.193, 140
Trd, 4319143.743, 138
Trd, 4319144.093, 96
Trd, 4319145.993, 140
Trd, 4319146.093, 140
Trd, 4319147.543, 140
Trd, 4319148.343, 140
Trd, 4319148.943, 140
Trd, 4319149.943, 140
Trd, 4319150.043, 96
Trd, 4319151.393, 126
Trd, 4319152.393, 139
Trd, 4319152.693, 139
Trd, 4319154.143, 140
Trd, 4319155.493, 140
Trd, 4319155.743, 140
Trd, 4319156.893, 140
Trd, 4319157.943, 140
Trd, 4319159.243, 140
Trd, 4319159.293, 140
Trd, 4319159.793, 140
Trd, 4319160.143, 140
Trd, 4319161.593, 140
Trd, 4319163.443, 139
Trd, 4319164.193, 140
Trd, 4319164.543, 140
Trd, 4319164.743, 140
Trd, 4319165.043, 139
Trd, 4319165.093, 130
Trd, 4319165.243, 78
Trd, 4319167.043, 134
Trd, 4319167.543, 133
Trd, 4319168.143, 134
Trd, 4319168.443, 125
Trd, 4319169.393, 137
Trd, 4319169.893, 137
Trd, 4319170.793, 118
Trd, 4319171.593, 118
Trd, 4319172.743, 87
Trd, 4319172.793, 86
Trd, 4319173.043, 85
Trd, 4319173.493, 97
Trd, 4319174.743, 115
Trd, 4319175.243, 103
Trd, 4319177.543, 60
Trd, 4319177.993, 60
Trd, 4319178.393, 60
Trd, 4319178.693, 60
Trd, 4319178.893, 61
Trd, 4319179.093, 70
Trd, 4319179.943, 139
Trd, 4319181.043, 139
Trd, 4319181.393, 140
Trd, 4319182.343, 140
Trd, 4319182.643, 140
Trd, 4319182.693, 139
Trd, 4319182.743, 107
Trd, 4319184.143, 125
Trd, 4319186.443, 140
Trd, 4319186.893, 140
Trd, 4319187.843, 140
Trd, 4319188.293, 139
Trd, 4319188.443, 140
Trd, 4319188.793, 139
Trd, 4319190.393, 102
Trd, 4319191.093, 140
Trd, 4319191.243, 140
Trd, 4319192.443, 140
Trd, 4319192.793, 139
Trd, 4319193.693, 115
Trd, 4319194.043, 110
Trd, 4319196.343, 140
Trd, 4319197.893, 140
Trd, 4319198.093, 140
Trd, 4319200.093, 140
Trd, 4319200.543, 140
Trd, 4319200.643, 140
Trd, 4319201.543, 140
Trd, 4319202.543, 140
Trd, 4319203.443, 140
Trd, 4319204.093, 140
Trd, 4319204.593, 140
Trd, 4319204.693, 140
Trd, 4319205.093, 140
Trd, 4319205.143, 140
Trd, 4319205.543, 139
Trd, 4319207.293, 140
Trd, 4319207.643, 140
Trd, 4319207.843, 140
Trd, 4319208.393, 140
Trd, 4319208.443, 139
Trd, 4319210.143, 91
Trd, 4319210.843, 92
Trd, 4319211.093, 91
Trd, 4319212.943, 139
Trd, 4319213.693, 124
Trd, 4319215.643, 140
Trd, 4319216.643, 140
Trd, 4319217.143, 140
Trd, 4319218.393, 140
Trd, 4319219.443, 140
Trd, 4319219.643, 140
Trd, 4319219.693, 140
Trd, 4319219.993, 140
Trd, 4319221.243, 140
Trd, 4319221.643, 140
Trd, 4319221.993, 90
Trd, 4319223.143, 61
Trd, 4319223.643, 63
Trd, 4319225.043, 67
Trd, 4319225.193, 102
Trd, 4319225.893, 69
Trd, 4319226.743, 102
Trd, 4319227.393, 72
Trd, 4319228.643, 140
Trd, 4319228.893, 139
Trd, 4319229.393, 140
Trd, 4319230.243, 81
Trd, 4319230.543, 140
Trd, 4319231.893, 62
Trd, 4319232.393, 130
Trd, 4319234.143, 98
Trd, 4319234.693, 138
Trd, 4319235.043, 116
Trd, 4319235.543, 117
Trd, 4319236.143, 140
Trd, 4319236.693, 138
Trd, 4319237.843, 138
Trd, 4319238.043, 137
Trd, 4319238.643, 137
Trd, 4319240.193, 101
Trd, 4319240.343, 103
Trd, 4319240.843, 100
Trd, 4319240.993, 104
Trd, 4319242.143, 104
Trd, 4319243.343, 98
Trd, 4319243.793, 101
Trd, 4319244.193, 72
Trd, 4319244.393, 102
Trd, 4319245.743, 140
Trd, 4319245.793, 140
Trd, 4319246.493, 139
Trd, 4319248.293, 140
Trd, 4319248.993, 140
Trd, 4319249.843, 140
Trd, 4319250.293, 139
Trd, 4319252.493, 139
Trd, 4319252.643, 140
Trd, 4319252.993, 124
Trd, 4319253.043, 123
Trd, 4319255.593, 140
Trd, 4319256.243, 140
Trd, 4319256.393, 140
Trd, 4319256.643, 139
Trd, 4319257.493, 97
Trd, 4319258.393, 136
Trd, 4319258.843, 67
Trd, 4319259.593, 66
Trd, 4319260.893, 105
Trd, 4319261.593, 137
Trd, 4319262.193, 134
Trd, 4319262.343, 138
Trd, 4319262.643, 130
Trd, 4319262.943, 139
Trd, 4319263.443, 108
Trd, 4319263.843, 139
Trd, 4319264.093, 107
Trd, 4319264.993, 140
Trd, 4319266.793, 61
Trd, 4319267.243, 60
Trd, 4319267.293, 62
Trd, 4319267.693, 60
Trd, 4319269.493, 60
Trd, 4319269.643, 60
Trd, 4319270.593, 60
Trd, 4319270.693, 60
Trd, 4319272.793, 60
Trd, 4319272.843, 61
Trd, 4319273.643, 60
Trd, 4319274.493, 60
Trd, 4319274.643, 60
Trd, 4319274.993, 60
Trd, 4319275.443, 60
Trd, 4319276.443, 70
Trd, 4319277.393, 140
Trd, 4319278.193, 140
Trd, 4319278.743, 140
Trd, 4319278.843, 140
Trd, 4319279.093, 138
Trd, 4319281.343, 140
Trd, 4319283.343, 140
Trd, 4319283.443, 140
Trd, 4319283.543, 140
Trd, 4319284.393, 140
Trd, 4319285.293, 140
Trd, 4319286.243, 140
Trd, 4319286.393, 140
Trd, 4319289.043, 140
Trd, 4319289.793, 140
Trd, 4319289.893, 140
Trd, 4319290.693, 140
Trd, 4319290.993, 140
Trd, 4319291.293, 139
Trd, 4319292.343, 140
Trd, 4319293.343, 140
Trd, 4319295.293, 140
Trd, 4319295.393, 140
Trd, 4319295.543, 140
Trd, 4319295.593, 140
Trd, 4319296.493, 140
Trd, 4319296.543, 139
Trd, 4319296.643, 137
Trd, 4319297.593, 104
Trd, 4319298.543, 140
Trd, 4319299.843, 140
Trd, 4319300.143, 138
Trd, 4319300.843, 135
Trd, 4319302.043, 139
Trd, 4319302.943, 140
Trd, 4319303.493, 140
Trd, 4319303.993, 140
Trd, 4319304.443, 139
Trd, 4319306.543, 140
Trd, 4319306.843, 140
Trd, 4319307.443, 140
Trd, 4319307.493, 140
Trd, 4319307.793, 140
Trd, 4319308.443, 138
Trd, 4319308.643, 139
Trd, 4319309.493, 139
Trd, 4319310.443, 139
Trd, 4319311.943, 137
Trd, 4319312.943, 140
Trd, 4319313.193, 137
Trd, 4319313.293, 136
Trd, 4319314.493, 91
Trd, 4319315.543, 140
Trd, 4319316.743, 140
Trd, 4319318.543, 140
Trd, 4319319.043, 140
Trd, 4319320.193, 140
Trd, 4319321.543, 140
Trd, 4319322.293, 140
Trd, 4319322.543, 140
Trd, 4319322.893, 140
Trd, 4319323.643, 140
Trd, 4319323.843, 137
Trd, 4319324.243, 140
Trd, 4319325.293, 84
Trd, 4319325.693, 66
Trd, 4319328.143, 110
Trd, 4319328.643, 112
Trd, 4319328.793, 79
Trd, 4319328.993, 77
Trd, 4319329.093, 74
Trd, 4319331.793, 140
Trd, 4319331.943, 140
Trd, 4319333.143, 140
Trd, 4319333.343, 139
Trd, 4319334.243, 140
Trd, 4319334.343, 140
Trd, 4319336.743, 140
Trd, 4319337.293, 140
Trd, 4319337.843, 140
Trd, 4319338.193, 140
Trd, 4319338.793, 140
Trd, 4319340.393, 140
Trd, 4319340.693, 140
Trd, 4319340.993, 139
Trd, 4319341.243, 138
Trd, 4319342.543, 140
Trd, 4319342.893, 140
Trd, 4319343.143, 140
Trd, 4319343.743, 140
Trd, 4319344.043, 133
Trd, 4319345.243, 139
Trd, 4319346.893, 140
Trd, 4319347.043, 140
Trd, 4319347.743, 140
Trd, 4319349.093, 140
Trd, 4319349.793, 140
Trd, 4319350.943, 140
Trd, 4319351.993, 139
Trd, 4319352.043, 121
Trd, 4319352.593, 120
Trd, 4319353.393, 140
Trd, 4319354.293, 140
Trd, 4319354.543, 140
Trd, 4319355.793, 140
Trd, 4319356.043, 140
Trd, 4319356.493, 140
Trd, 4319357.143, 140
Trd, 4319359.493, 140
Trd, 4319360.343, 140
Trd, 4319360.843, 140
Trd, 4319361.143, 140
Trd, 4319362.593, 140
Trd, 4319362.793, 140
Trd, 4319364.043, 140
Trd, 4319364.393, 140
Trd, 4319364.743, 137
Trd, 4319365.093, 139
Trd, 4319366.393, 63
Trd, 4319366.493, 64
Trd, 4319369.093, 60
Trd, 4319372.493, 60
Trd, 4319372.693, 60
Trd, 4319374.193, 60
Trd, 4319374.543, 60
Trd, 4319374.643, 60
Trd, 4319375.843, 60
Trd, 4319376.493, 61
Trd, 4319376.693, 61
Trd, 4319377.643, 126
Trd, 4319378.093, 73
Trd, 4319379.593, 60
Trd, 4319381.493, 60
Trd, 4319382.193, 60
Trd, 4319382.393, 61
Trd, 4319382.843, 61
Trd, 4319384.843, 60
Trd, 4319387.343, 60
Trd, 4319387.693, 60
Trd, 4319388.693, 60
Trd, 4319389.093, 60
Trd, 4319389.193, 60
Trd, 4319389.393, 61
Trd, 4319389.593, 63
Trd, 4319390.193, 60
Trd, 4319391.343, 63
Trd, 4319391.993, 70
Trd, 4319392.493, 72
Trd, 4319393.693, 60
Trd, 4319394.093, 63
Trd, 4319394.793, 67
Trd, 4319395.443, 62
Trd, 4319395.743, 140
Trd, 4319397.793, 140
Trd, 4319398.143, 140
Trd, 4319398.293, 140
Trd, 4319398.543, 139
Trd, 4319398.793, 82
Trd, 4319400.593, 140
Trd, 4319402.443, 140
Trd, 4319403.093, 140
Trd, 4319403.493, 140
Trd, 4319405.493, 140
Trd, 4319405.893, 140
Trd, 4319406.593, 140
Trd, 4319407.443, 140
Trd, 4319408.093, 140
Trd, 4319409.743, 140
Trd, 4319409.993, 140
Trd, 4319411.093, 140
Trd, 4319411.193, 140
Trd, 4319411.993, 140
Trd, 4319413.293, 140
Trd, 4319413.493, 140
Trd, 4319414.743, 140
Trd, 4319415.993, 140
Trd, 4319417.443, 140
Trd, 4319417.543, 140
Trd, 4319418.893, 140
Trd, 4319419.493, 140
Trd, 4319420.743, 140
Trd, 4319420.793, 139
Trd, 4319421.243, 138
Trd, 4319422.093, 140
Trd, 4319423.493, 140
Trd, 4319424.143, 140
Trd, 4319425.243, 140
Trd, 4319425.293, 140
Trd, 4319425.593, 140
Trd, 4319425.943, 140
Trd, 4319426.793, 140
Trd, 4319427.493, 140
Trd, 4319428.143, 140
Trd, 4319429.843, 140
Trd, 4319429.943, 140
Trd, 4319430.043, 140
Trd, 4319432.143, 140
Trd, 4319432.593, 140
Trd, 4319433.243, 140
Trd, 4319434.843, 140
Trd, 4319436.493, 140
Trd, 4319436.543, 140
Trd, 4319436.643, 140
Trd, 4319436.693, 139
Trd, 4319436.893, 101
Trd, 4319437.843, 140
Trd, 4319437.893, 140
Trd, 4319438.543, 84
Trd, 4319440.543, 140
Trd, 4319440.743, 135
Trd, 4319441.293, 139
Trd, 4319441.843, 140
Trd, 4319443.343, 140
Trd, 4319443.443, 140
Trd, 4319444.793, 140
Trd, 4319445.443, 140
Trd, 4319445.843, 140
Trd, 4319446.443, 140
Trd, 4319448.193, 140
Trd, 4319448.443, 140
Trd, 4319448.893, 140
Trd, 4319449.343, 140
Trd, 4319450.343, 140
Trd, 4319451.793, 140
Trd, 4319451.893, 140
Trd, 4319452.293, 135
Trd, 4319452.843, 116
Trd, 4319453.893, 140
Trd, 4319455.943, 140
Trd, 4319456.043, 140
Trd, 4319456.493, 140
Trd, 4319457.693, 140
Trd, 4319458.343, 139
Trd, 4319458.793, 140
Trd, 4319458.943, 106
Trd, 4319460.143, 107
Trd, 4319460.843, 84
Trd, 4319461.393, 138
Trd, 4319461.993, 131
Trd, 4319462.093, 129
Trd, 4319462.593, 112
Trd, 4319463.293, 140
Trd, 4319465.193, 140
Trd, 4319465.893, 140
Trd, 4319466.493, 140
Trd, 4319466.893, 140
Trd, 4319467.693, 140
Trd, 4319468.293, 139
Trd, 4319468.693, 139
Trd, 4319470.343, 140
Trd, 4319471.343, 140
Trd, 4319471.393, 140
Trd, 4319473.493, 140
Trd, 4319473.593, 140
Trd, 4319473.693, 140
Trd, 4319473.843, 140
Trd, 4319473.993, 104
Trd, 4319474.643, 92
Trd, 4319476.743, 140
Trd, 4319476.843, 139
Trd, 4319478.293, 140
Trd, 4319478.543, 125
Trd, 4319479.293, 140
Trd, 4319479.493, 124
Trd, 4319480.293, 88
Trd, 4319481.343, 140
Trd, 4319483.293, 61
Trd, 4319483.743, 81
Trd, 4319483.993, 63
Trd, 4319484.143, 82
Trd, 4319486.843, 60
Trd, 4319487.243, 60
Trd, 4319487.743, 60
Trd, 4319487.893, 61
Trd, 4319488.343, 60
Trd, 4319488.943, 60
Trd, 4319489.443, 60
Trd, 4319489.793, 61
Trd, 4319490.243, 61
Trd, 4319491.093, 61
Trd, 4319493.143, 60
Trd, 4319494.043, 60
Trd, 4319495.043, 60
Trd, 4319495.743, 60
Trd, 4319495.843, 60
Trd, 4319495.893, 62
Trd, 4319496.293, 60
Trd, 4319497.243, 109
Trd, 4319497.493, 64
Trd, 4319497.543, 63
Trd, 4319499.993, 140
Trd, 4319501.043, 140
Trd, 4319501.193, 140
Trd, 4319502.143, 140
Trd, 4319503.093, 140
Trd, 4319503.743, 140
Trd, 4319503.793, 140
Trd, 4319505.793, 140
Trd, 4319506.193, 140
Trd, 4319506.893, 140
Trd, 4319508.043, 140
Trd, 4319508.193, 140
Trd, 4319510.143, 140
Trd, 4319510.843, 140
Trd, 4319511.343, 140
Trd, 4319512.143, 140
Trd, 4319513.743, 140
Trd, 4319514.093, 140
Trd, 4319514.143, 140
Trd, 4319514.293, 140
Trd, 4319514.443, 133
Trd, 4319514.943, 139
Trd, 4319516.143, 140
Trd, 4319516.443, 140
Trd, 4319516.593, 140
Trd, 4319516.993, 99
Trd, 4319520.143, 140
Trd, 4319520.493, 140
Trd, 4319521.543, 140
Trd, 4319521.993, 140
Trd, 4319522.193, 140
Trd, 4319523.793, 140
Trd, 4319523.993, 140
Trd, 4319525.793, 140
Trd, 4319526.193, 140
Trd, 4319526.343, 139
Trd, 4319526.443, 140
Trd, 4319526.743, 137
Trd, 4319527.043, 135
Trd, 4319528.993, 140
Trd, 4319529.143, 140
Trd, 4319531.343, 140
Trd, 4319531.493, 140
Trd, 4319531.593, 140
Trd, 4319531.943, 140
Trd, 4319532.143, 139
Trd, 4319532.443, 139
Trd, 4319532.793, 85
Trd, 4319532.893, 83
Trd, 4319534.943, 140
Trd, 4319535.593, 125
Trd, 4319536.093, 140
Trd, 4319536.193, 125
Trd, 4319536.693, 114
Trd, 4319538.693, 136
Trd, 4319538.793, 118
Trd, 4319539.243, 118
Trd, 4319541.493, 140
Trd, 4319542.243, 140
Trd, 4319542.393, 140
Trd, 4319542.943, 140
Trd, 4319543.143, 140
Trd, 4319543.593, 140
Trd, 4319546.643, 140
Trd, 4319546.793, 140
Trd, 4319547.193, 140
Trd, 4319547.793, 140
Trd, 4319548.643, 140
Trd, 4319549.343, 140
Trd, 4319549.843, 140
Trd, 4319552.443, 140
Trd, 4319552.693, 140
Trd, 4319553.043, 140
Trd, 4319554.243, 140
Trd, 4319554.693, 140
Trd, 4319554.943, 140
Trd, 4319555.843, 140
Trd, 4319556.793, 140
Trd, 4319558.593, 106
Trd, 4319558.693, 105
Trd, 4319559.493, 140
Trd, 4319559.743, 140
Trd, 4319560.643, 140
Trd, 4319561.443, 140
Trd, 4319561.993, 138
Trd, 4319562.893, 139
Trd, 4319563.043, 106
Trd, 4319563.193, 98
Trd, 4319564.443, 137
Trd, 4319567.443, 60
Trd, 4319568.143, 61
Trd, 4319569.143, 60
Trd, 4319570.193, 60
Trd, 4319571.793, 60
Trd, 4319573.393, 60
Trd, 4319573.793, 60
Trd, 4319573.943, 60
Trd, 4319574.393, 66
Trd, 4319574.993, 61
Trd, 4319575.443, 63
Trd, 4319575.643, 63
Trd, 4319575.993, 63
Trd, 4319576.943, 139
Trd, 4319576.993, 127
Trd, 4319578.343, 140
Trd, 4319578.493, 140
Trd, 4319578.543, 140
Trd, 4319579.443, 106
Trd, 4319581.293, 65
Trd, 4319581.493, 104
Trd, 4319583.793, 60
Trd, 4319585.293, 61
Trd, 4319585.943, 61
Trd, 4319586.443, 62
Trd, 4319586.643, 62
Trd, 4319587.243, 63
Trd, 4319587.693, 139
Trd, 4319588.193, 139
Trd, 4319588.593, 138
Trd, 4319589.143, 82
Trd, 4319590.593, 60
Trd, 4319591.493, 60
Trd, 4319592.193, 60
Trd, 4319593.043, 60
Trd, 4319595.493, 60
Trd, 4319596.443, 60
Trd, 4319597.043, 60
Trd, 4319597.193, 60
Trd, 4319598.793, 60
Trd, 4319599.643, 67
Trd, 4319600.193, 69
Trd, 4319600.843, 66
Trd, 4319601.493, 68
Trd, 4319602.043, 92
Trd, 4319602.943, 84
Trd, 4319603.293, 71
Trd, 4319603.393, 131
Trd, 4319604.693, 137
Trd, 4319605.893, 74
Trd, 4319607.143, 65
Trd, 4319607.743, 65
Trd, 4319607.943, 66
Trd, 4319608.293, 63
Trd, 4319608.493, 62
Trd, 4319609.193, 65
Trd, 4319610.743, 96
Trd, 4319610.893, 111
Trd, 4319613.593, 140
Trd, 4319614.143, 139
Trd, 4319615.293, 140
Trd, 4319615.493, 140
Trd, 4319615.593, 140
Trd, 4319615.843, 140
Trd, 4319617.543, 135
Trd, 4319618.043, 75
Trd, 4319618.793, 139
Trd, 4319618.943, 102
Trd, 4319620.793, 140
Trd, 4319621.443, 140
Trd, 4319621.493, 140
Trd, 4319622.843, 140
Trd, 4319623.493, 140
Trd, 4319623.643, 140
Trd, 4319625.793, 140
Trd, 4319626.343, 139
Trd, 4319626.643, 132
Trd, 4319627.593, 140
Trd, 4319628.343, 140
Trd, 4319629.093, 140
Trd, 4319631.643, 140
Trd, 4319631.693, 140
Trd, 4319633.193, 140
Trd, 4319633.443, 140
Trd, 4319634.293, 140
Trd, 4319637.243, 140
Trd, 4319637.443, 140
Trd, 4319637.743, 140
Trd, 4319638.593, 140
Trd, 4319639.793, 139
Trd, 4319640.693, 140
Trd, 4319642.693, 140
Trd, 4319642.993, 140
Trd, 4319643.143, 138
Trd, 4319643.593, 137
Trd, 4319643.893, 136
Trd, 4319643.993, 129
Trd, 4319644.193, 128
Trd, 4319644.443, 137
Trd, 4319645.243, 61
Trd, 4319645.793, 71
Trd, 4319648.243, 140
Trd, 4319648.593, 140
Trd, 4319648.693, 140
Trd, 4319649.193, 140
Trd, 4319650.843, 140
Trd, 4319651.643, 140
Trd, 4319651.793, 140
Trd, 4319653.843, 140
Trd, 4319654.293, 140
Trd, 4319655.093, 140
Trd, 4319655.193, 140
Trd, 4319655.893, 140
Trd, 4319657.743, 140
Trd, 4319659.193, 140
Trd, 4319659.793, 140
Trd, 4319660.193, 140
Trd, 4319662.593, 140
Trd, 4319663.193, 140
Trd, 4319663.693, 140
Trd, 4319664.393, 140
Trd, 4319664.843, 140
Trd, 4319664.943, 140
Trd, 4319665.443, 138
Trd, 4319666.343, 128
Trd, 4319666.643, 82
Trd, 4319666.793, 127
Trd, 4319668.443, 61
Trd, 4319668.543, 64
Trd, 4319670.793, 60
Trd, 4319671.043, 62
Trd, 4319671.393, 63
Trd, 4319672.993, 60
Trd, 4319673.343, 63
Trd, 4319673.393, 62
Trd, 4319673.943, 62
Trd, 4319674.593, 140
Trd, 4319674.743, 139
Trd, 4319676.243, 140
Trd, 4319676.743, 140
Trd, 4319676.843, 139
Trd, 4319677.843, 140
Trd, 4319678.643, 140
Trd, 4319678.693, 140
Trd, 4319679.743, 138
Trd, 4319680.143, 138
Trd, 4319681.043, 138
Trd, 4319681.543, 137
Trd, 4319681.693, 122
Trd, 4319682.743, 89
Trd, 4319683.643, 139
Trd, 4319684.143, 95
Trd, 4319685.143, 140
Trd, 4319685.493, 140
Trd, 4319687.643, 140
Trd, 4319688.143, 140
Trd, 4319689.793, 140
Trd, 4319690.543, 140
Trd, 4319690.743, 140
Trd, 4319690.893, 140
Trd, 4319690.943, 140
Trd, 4319690.993, 140
Trd, 4319691.593, 140
Trd, 4319692.043, 140
Trd, 4319692.943, 121
Trd, 4319694.193, 138
Trd, 4319696.093, 140
Trd, 4319696.593, 140
Trd, 4319696.843, 139
Trd, 4319697.393, 140
Trd, 4319697.593, 137
Trd, 4319698.643, 140
Trd, 4319698.693, 140
Trd, 4319699.693, 136
Trd, 4319700.343, 135
Trd, 4319700.393, 136
Trd, 4319700.593, 112
Trd, 4319701.543, 82
Trd, 4319701.843, 140
Trd, 4319703.443, 63
Trd, 4319703.593, 64
Trd, 4319704.393, 60
Trd, 4319708.243, 60
Trd, 4319709.593, 60
Trd, 4319709.743, 60
Trd, 4319710.193, 61
Trd, 4319710.293, 61
Trd, 4319710.343, 62
Trd, 4319711.243, 64
Trd, 4319711.343, 83
Trd, 4319711.993, 131
Trd, 4319712.393, 135
Trd, 4319713.143, 133
Trd, 4319713.843, 134
Trd, 4319714.193, 134
Trd, 4319716.243, 140
Trd, 4319716.943, 140
Trd, 4319717.693, 140
Trd, 4319717.893, 140
Trd, 4319718.243, 140
Trd, 4319718.543, 140
Trd, 4319718.793, 140
Trd, 4319720.293, 60
Trd, 4319720.843, 64
Trd, 4319722.893, 101
Trd, 4319723.193, 140
Trd, 4319723.693, 140
Trd, 4319724.293, 139
Trd, 4319725.093, 140
Trd, 4319726.593, 140
Trd, 4319726.793, 140
Trd, 4319727.993, 140
Trd, 4319728.343, 140
Trd, 4319728.643, 140
Trd, 4319730.343, 140
Trd, 4319730.693, 140
Trd, 4319731.143, 140
Trd, 4319732.443, 140
Trd, 4319732.543, 140
Trd, 4319733.043, 140
Trd, 4319733.343, 140
Trd, 4319735.643, 140
Trd, 4319735.743, 140
Trd, 4319737.093, 140
Trd, 4319738.593, 140
Trd, 4319738.693, 140
Trd, 4319738.743, 140
Trd, 4319740.893, 140
Trd, 4319741.893, 140
Trd, 4319742.343, 140
Trd, 4319743.043, 140
Trd, 4319744.643, 140
Trd, 4319744.793, 140
Trd, 4319745.193, 140
Trd, 4319745.343, 139
Trd, 4319745.593, 136
Trd, 4319746.793, 114
Trd, 4319748.293, 140
Trd, 4319749.343, 140
Trd, 4319751.093, 65
Trd, 4319752.193, 65
Trd, 4319752.443, 66
Trd, 4319752.593, 65
Trd, 4319752.893, 66
Trd, 4319753.143, 65
Trd, 4319753.443, 65
Trd, 4319753.493, 63
Trd, 4319754.043, 63
Trd, 4319755.143, 84
Trd, 4319756.393, 139
Trd, 4319758.593, 60
Trd, 4319758.793, 60
Trd, 4319759.593, 60
Trd, 4319760.143, 60
Trd, 4319760.643, 64
Trd, 4319760.693, 132
Trd, 4319761.543, 61
Trd, 4319762.293, 63
Trd, 4319762.843, 65
Trd, 4319763.143, 62
Trd, 4319763.893, 65
Trd, 4319764.393, 64
Trd, 4319764.593, 65
Trd, 4319764.643, 64
Trd, 4319766.643, 140
Trd, 4319767.293, 140
Trd, 4319768.543, 140
Trd, 4319768.593, 140
Trd, 4319769.943, 140
Trd, 4319770.293, 140
Trd, 4319770.943, 140
Trd, 4319772.493, 130
Trd, 4319772.593, 126
Trd, 4319773.393, 140
Trd, 4319773.993, 126
Trd, 4319775.843, 140
Trd, 4319776.393, 140
Trd, 4319776.543, 140
Trd, 4319777.993, 140
Trd, 4319778.043, 140
Trd, 4319779.843, 140
Trd, 4319780.043, 140
Trd, 4319780.293, 140
Trd, 4319781.293, 140
Trd, 4319783.543, 140
Trd, 4319783.893, 140
Trd, 4319784.393, 140
Trd, 4319784.443, 140
Trd, 4319786.293, 140
Trd, 4319786.393, 140
Trd, 4319786.993, 139
Trd, 4319787.293, 137
Trd, 4319788.343, 140
Trd, 4319789.993, 140
Trd, 4319790.343, 140
Trd, 4319791.393, 140
Trd, 4319792.843, 140
Trd, 4319793.443, 140
Trd, 4319795.443, 140
Trd, 4319795.893, 140
Trd, 4319796.843, 140
Trd, 4319798.493, 140
Trd, 4319798.993, 140
Trd, 4319799.293, 140
Trd, 4319799.643, 140
Trd, 4319799.793, 85
Trd, 4319800.743, 140
Trd, 4319801.693, 140
Trd, 4319801.743, 140
Trd, 4319802.343, 140
Trd, 4319803.143, 140
Trd, 4319804.293, 140
Trd, 4319805.843, 140
Trd, 4319806.193, 140
Trd, 4319806.293, 140
Trd, 4319807.943, 140
Trd, 4319808.293, 140
Trd, 4319810.093, 140
Trd, 4319810.693, 140
Trd, 4319810.893, 140
Trd, 4319811.943, 140
Trd, 4319811.993, 140
Trd, 4319813.493, 140
Trd, 4319814.143, 140
Trd, 4319814.293, 139
Trd, 4319814.993, 106
Trd, 4319816.093, 137
Trd, 4319817.043, 140
Trd, 4319819.143, 140
Trd, 4319819.543, 140
Trd, 4319820.743, 140
Trd, 4319820.893, 140
Trd, 4319821.393, 140
Trd, 4319821.843, 139
Trd, 4319822.643, 140
Trd, 4319824.893, 140
Trd, 4319824.943, 140
Trd, 4319825.393, 138
Trd, 4319826.543, 97
Trd, 4319826.643, 60
Trd, 4319827.443, 98
Trd, 4319828.693, 88
Trd, 4319829.393, 92
Trd, 4319829.893, 89
Trd, 4319830.543, 67
Trd, 4319830.693, 64
Trd, 4319830.993, 127
Trd, 4319831.093, 129
Trd, 4319832.593, 140
Trd, 4319832.793, 64
Trd, 4319833.893, 63
Trd, 4319835.043, 60
Trd, 4319835.793, 64
Trd, 4319836.093, 73
Trd, 4319837.293, 65
Trd, 4319838.543, 60
Trd, 4319840.543, 60
Trd, 4319841.343, 60
Trd, 4319842.193, 60
Trd, 4319842.743, 60
Trd, 4319843.093, 68
Trd, 4319843.893, 61
Trd, 4319844.043, 61
Trd, 4319844.293, 62
Trd, 4319844.343, 77
Trd, 4319845.393, 67
Trd, 4319846.843, 73
Trd, 4319847.243, 74
Trd, 4319847.993, 140
Trd, 4319848.193, 140
Trd, 4319850.543, 65
Trd, 4319850.993, 98
Trd, 4319851.293, 93
Trd, 4319851.643, 99
Trd, 4319852.193, 98
Trd, 4319852.443, 90
Trd, 4319852.743, 99
Trd, 4319854.393, 140
Trd, 4319854.843, 140
Trd, 4319855.193, 140
Trd, 4319856.193, 140
Trd, 4319857.093, 139
Trd, 4319858.693, 140
Trd, 4319859.243, 140
Trd, 4319859.593, 140
Trd, 4319859.743, 140
Trd, 4319860.093, 140
Trd, 4319861.243, 139
Trd, 4319862.793, 136
Trd, 4319863.593, 135
Trd, 4319863.893, 134
Trd, 4319865.043, 140
Trd, 4319865.243, 140
Trd, 4319866.293, 140
Trd, 4319868.493, 140
Trd, 4319868.593, 140
Trd, 4319870.543, 140
Trd, 4319870.643, 140
Trd, 4319870.893, 140
Trd, 4319871.193, 140
Trd, 4319871.443, 140
Trd, 4319872.493, 140
Trd, 4319872.693, 140
Trd, 4319873.093, 140
Trd, 4319873.243, 138
Trd, 4319873.793, 140
Trd, 4319875.143, 139
Trd, 4319875.443, 139
Trd, 4319876.243, 110
Trd, 4319876.593, 130
Trd, 4319877.093, 80
Trd, 4319878.093, 91
Trd, 4319880.243, 60
Trd, 4319880.743, 60
Trd, 4319881.593, 60
Trd, 4319883.543, 60
Trd, 4319884.393, 60
Trd, 4319885.643, 60
Trd, 4319886.193, 60
Trd, 4319887.343, 61
Trd, 4319887.443, 62
Trd, 4319887.943, 63
Trd, 4319888.393, 64
Trd, 4319888.493, 61
Trd, 4319889.393, 62
Trd, 4319889.793, 140
Trd, 4319891.293, 61
Trd, 4319891.393, 62
Trd, 4319892.593, 66
Trd, 4319892.893, 134
Trd, 4319894.143, 64
Trd, 4319894.843, 60
Trd, 4319896.143, 61
Trd, 4319896.893, 67
Trd, 4319897.043, 67
Trd, 4319897.393, 69
Trd, 4319897.543, 70
Trd, 4319898.293, 67
Trd, 4319898.793, 66
Trd, 4319899.093, 114
Trd, 4319901.243, 140
Trd, 4319901.693, 140
Trd, 4319902.843, 140
Trd, 4319903.343, 140
Trd, 4319903.993, 140
Trd, 4319904.793, 140
Trd, 4319905.343, 140
Trd, 4319905.543, 140
Trd, 4319905.793, 140
Trd, 4319905.893, 139
Trd, 4319906.293, 129
Trd, 4319906.493, 100
Trd, 4319907.843, 140
Trd, 4319908.693, 140
Trd, 4319910.793, 140
Trd, 4319911.993, 140
Trd, 4319912.343, 140
Trd, 4319912.593, 140
Trd, 4319912.743, 140
Trd, 4319913.843, 140
Trd, 4319914.043, 140
Trd, 4319914.693, 140
Trd, 4319915.693, 140
Trd, 4319915.793, 139
Trd, 4319916.243, 139
Trd, 4319916.893, 117
Trd, 4319917.643, 71
Trd, 4319919.493, 60
Trd, 4319919.943, 61
Trd, 4319920.343, 60
Trd, 4319920.543, 62
Trd, 4319921.293, 60
Trd, 4319924.643, 60
Trd, 4319925.243, 60
Trd, 4319925.393, 60
Trd, 4319926.593, 64
Trd, 4319926.693, 62
Trd, 4319927.093, 61
Trd, 4319928.293, 65
Trd, 4319928.393, 64
Trd, 4319928.493, 101
Trd, 4319929.293, 71
Trd, 4319930.243, 139
Trd, 4319931.143, 73
Trd, 4319931.193, 69
Trd, 4319931.543, 133
Trd, 4319932.143, 60
Trd, 4319932.843, 97
Trd, 4319933.093, 97
Trd, 4319933.443, 94
Trd, 4319933.893, 129
Trd, 4319935.693, 97
Trd, 4319935.993, 95
Trd, 4319936.893, 139
Trd, 4319937.343, 140
Trd, 4319937.743, 140
Trd, 4319937.843, 71
Trd, 4319939.193, 62
Trd, 4319940.643, 60
Trd, 4319940.793, 61
Trd, 4319941.543, 60
Trd, 4319944.543, 140
Trd, 4319944.843, 140
Trd, 4319945.043, 140
Trd, 4319945.193, 138
Trd, 4319946.193, 140
Trd, 4319947.243, 140
Trd, 4319948.293, 140
Trd, 4319948.443, 140
Trd, 4319948.543, 139
Trd, 4319948.843, 135
Trd, 4319950.693, 140
Trd, 4319951.793, 140
Trd, 4319952.843, 140
Trd, 4319952.893, 140
Trd, 4319953.893, 140
Trd, 4319954.043, 140
Trd, 4319954.743, 140
Trd, 4319954.793, 140
Trd, 4319956.043, 140
Trd, 4319956.293, 111
Trd, 4319958.143, 61
Trd, 4319958.343, 61
Trd, 4319958.943, 60
Trd, 4319958.993, 61
Trd, 4319959.093, 66
Trd, 4319959.643, 68
Trd, 4319960.493, 127
Trd, 4319961.593, 75
Trd, 4319961.843, 140
Trd, 4319963.293, 140
Trd, 4319963.443, 140
Trd, 4319963.493, 140
Trd, 4319963.793, 95
Trd, 4319965.693, 138
Trd, 4319966.993, 140
Trd, 4319969.043, 140
Trd, 4319969.743, 140
Trd, 4319970.143, 140
Trd, 4319971.043, 140
Trd, 4319971.843, 140
Trd, 4319972.493, 140
Trd, 4319973.343, 140
Trd, 4319973.393, 140
Trd, 4319973.443, 140
Trd, 4319973.643, 139
Trd, 4319974.543, 138
Trd, 4319974.893, 96
Trd, 4319976.093, 100
Trd, 4319976.143, 99
Trd, 4319977.043, 122
Trd, 4319977.793, 67
Trd, 4319979.843, 140
Trd, 4319980.093, 140
Trd, 4319980.343, 140
Trd, 4319980.643, 140
Trd, 4319980.893, 140
Trd, 4319982.443, 140
Trd, 4319984.843, 140
Trd, 4319984.993, 140
Trd, 4319986.043, 140
Trd, 4319986.443, 140
Trd, 4319987.293, 140
Trd, 4319987.743, 140
Trd, 4319987.893, 140
Trd, 4319989.343, 140
Trd, 4319990.193, 140
Trd, 4319991.693, 140
Trd, 4319991.793, 140
Trd, 4319992.543, 140
Trd, 4319995.443, 140
Trd, 4319995.643, 140
Trd, 4319997.743, 140
Trd, 4319998.493, 140
Trd, 4319998.943, 140
Trd, 4319999.543, 140
Trd, 4319999.943, 140
Trd, 4319999.993, 140
