Trd, 4318108.343, 139
Trd, 4318109.393, 140
Trd, 4318109.693, 140
Trd, 4318109.793, 140
Trd, 4318111.093, 139
Trd, 4318112.993, 140
Trd, 4318115.043, 140
Trd, 4318115.243, 140
Trd, 4318115.793, 140
Trd, 4318116.543, 139
Trd, 4318116.843, 140
Trd, 4318117.943, 140
Trd, 4318118.043, 140
Trd, 4318118.543, 137
Trd, 4318118.943, 137
Trd, 4318119.493, 119
Trd, 4318121.043, 140
Trd, 4318122.043, 140
Trd, 4318123.043, 140
Trd, 4318124.343, 140
Trd, 4318124.743, 140
Trd, 4318125.143, 140
Trd, 4318125.593, 140
Trd, 4318125.893, 139
Trd, 4318126.093, 139
Trd, 4318126.993, 117
Trd, 4318127.093, 117
Trd, 4318127.993, 130
Trd, 4318128.343, 131
Trd, 4318128.943, 60
Trd, 4318129.493, 137
Trd, 4318131.193, 140
Trd, 4318131.693, 140
Trd, 4318131.793, 140
Trd, 4318132.243, 139
Trd, 4318132.543, 139
Trd, 4318134.893, 140
Trd, 4318135.293, 140
Trd, 4318136.743, 140
Trd, 4318137.043, 140
Trd, 4318138.393, 140
Trd, 4318138.543, 140
Trd, 4318139.243, 140
Trd, 4318139.893, 140
Trd, 4318141.343, 140
Trd, 4318142.343, 140
Trd, 4318142.643, 140
Trd, 4318143.243, 140
Trd, 4318143.343, 140
Trd, 4318143.643, 140
Trd, 4318144.643, 140
Trd, 4318145.193, 140
Trd, 4318145.893, 140
Trd, 4318146.543, 139
Trd, 4318146.593, 139
Trd, 4318148.193, 140
Trd, 4318148.243, 139
Trd, 4318148.693, 140
Trd, 4318149.243, 139
Trd, 4318150.693, 140
Trd, 4318151.443, 140
Trd, 4318153.143, 140
Trd, 4318153.543, 140
Trd, 4318153.693, 140
Trd, 4318153.743, 139
Trd, 4318154.043, 140
Trd, 4318155.293, 140
Trd, 4318155.743, 139
Trd, 4318156.743, 140
Trd, 4318157.343, 60
Trd, 4318157.643, 62
Trd, 4318158.743, 140
Trd, 4318159.693, 140
Trd, 4318160.693, 140
Trd, 4318160.743, 139
Trd, 4318160.893, 139
Trd, 4318162.643, 140
Trd, 4318163.643, 139
Trd, 4318163.743, 140
Trd, 4318165.193, 140
Trd, 4318165.243, 140
Trd, 4318166.043, 140
Trd, 4318166.993, 140
Trd, 4318168.343, 140
Trd, 4318168.743, 140
Trd, 4318169.643, 140
Trd, 4318169.693, 140
Trd, 4318169.893, 140
Trd, 4318170.693, 140
Trd, 4318170.893, 138
Trd, 4318171.643, 140
Trd, 4318173.093, 140
Trd, 4318173.943, 140
Trd, 4318174.793, 140
Trd, 4318175.043, 140
Trd, 4318175.393, 139
Trd, 4318176.743, 140
Trd, 4318178.543, 140
Trd, 4318178.843, 140
Trd, 4318179.243, 140
Trd, 4318180.193, 140
Trd, 4318180.593, 140
Trd, 4318180.943, 140
Trd, 4318181.593, 140
Trd, 4318181.693, 140
Trd, 4318182.543, 140
Trd, 4318183.293, 140
Trd, 4318183.343, 139
Trd, 4318184.343, 88
Trd, 4318184.893, 140
Trd, 4318185.293, 140
Trd, 4318187.543, 140
Trd, 4318187.743, 140
Trd, 4318188.643, 140
Trd, 4318188.943, 140
Trd, 4318189.043, 139
Trd, 4318190.093, 140
Trd, 4318190.143, 139
Trd, 4318192.193, 140
Trd, 4318192.593, 139
Trd, 4318193.343, 140
Trd, 4318193.843, 139
Trd, 4318194.393, 140
Trd, 4318194.443, 139
Trd, 4318195.193, 139
Trd, 4318195.593, 140
Trd, 4318195.793, 139
Trd, 4318196.193, 140
Trd, 4318196.893, 138
Trd, 4318198.843, 140
Trd, 4318199.293, 140
Trd, 4318199.493, 140
Trd, 4318200.043, 140
Trd, 4318200.193, 140
Trd, 4318202.293, 140
Trd, 4318203.043, 140
Trd, 4318203.643, 140
Trd, 4318204.493, 140
Trd, 4318204.843, 140
Trd, 4318204.893, 139
Trd, 4318205.193, 139
Trd, 4318207.143, 64
Trd, 4318207.743, 83
Trd, 4318207.943, 73
Trd, 4318208.493, 62
Trd, 4318208.993, 63
Trd, 4318209.593, 140
Trd, 4318209.793, 139
Trd, 4318212.243, 140
Trd, 4318212.843, 140
Trd, 4318212.993, 139
Trd, 4318213.493, 140
Trd, 4318214.243, 79
Trd, 4318215.193, 140
Trd, 4318217.293, 140
Trd, 4318217.343, 139
Trd, 4318217.843, 140
Trd, 4318218.643, 140
Trd, 4318219.443, 140
Trd, 4318219.793, 140
Trd, 4318220.743, 140
Trd, 4318221.093, 140
Trd, 4318221.393, 139
Trd, 4318222.293, 140
Trd, 4318223.293, 140
Trd, 4318224.193, 139
Trd, 4318224.793, 140
Trd, 4318224.943, 140
Trd, 4318225.393, 138
Trd, 4318227.143, 140
Trd, 4318227.193, 140
Trd, 4318227.593, 139
Trd, 4318228.293, 140
Trd, 4318228.593, 140
Trd, 4318228.843, 140
Trd, 4318229.243, 140
Trd, 4318230.693, 75
Trd, 4318232.493, 140
Trd, 4318233.093, 140
Trd, 4318233.193, 140
Trd, 4318233.943, 140
Trd, 4318234.143, 139
Trd, 4318235.393, 140
Trd, 4318235.493, 140
Trd, 4318235.893, 140
Trd, 4318236.593, 139
Trd, 4318237.143, 140
Trd, 4318240.193, 140
Trd, 4318240.693, 140
Trd, 4318241.043, 140
Trd, 4318241.493, 140
Trd, 4318241.643, 140
Trd, 4318241.693, 140
Trd, 4318242.493, 140
Trd, 4318242.593, 139
Trd, 4318243.743, 139
Trd, 4318244.743, 140
Trd, 4318244.943, 139
Trd, 4318245.193, 138
Trd, 4318247.043, 140
Trd, 4318247.543, 140
Trd, 4318248.443, 139
Trd, 4318249.393, 140
Trd, 4318250.993, 140
Trd, 4318251.443, 140
Trd, 4318251.943, 140
Trd, 4318251.993, 139
Trd, 4318252.243, 69
Trd, 4318252.593, 140
Trd, 4318253.893, 140
Trd, 4318253.993, 140
Trd, 4318256.143, 140
Trd, 4318256.293, 140
Trd, 4318256.393, 140
Trd, 4318257.343, 140
Trd, 4318259.193, 140
Trd, 4318259.393, 140
Trd, 4318260.343, 140
Trd, 4318261.043, 140
Trd, 4318261.393, 140
Trd, 4318261.743, 139
Trd, 4318262.643, 140
Trd, 4318262.993, 140
Trd, 4318264.043, 140
Trd, 4318264.493, 139
Trd, 4318265.393, 139
Trd, 4318265.893, 140
Trd, 4318266.443, 140
Trd, 4318267.143, 140
Trd, 4318267.543, 140
Trd, 4318269.893, 140
Trd, 4318270.643, 140
Trd, 4318270.943, 140
Trd, 4318271.743, 140
Trd, 4318272.743, 140
Trd, 4318272.893, 140
Trd, 4318273.693, 140
Trd, 4318274.943, 140
Trd, 4318275.943, 140
Trd, 4318276.593, 140
Trd, 4318277.593, 140
Trd, 4318277.693, 139
Trd, 4318278.143, 139
Trd, 4318278.743, 139
Trd, 4318278.943, 139
Trd, 4318279.693, 139
Trd, 4318280.343, 139
Trd, 4318280.743, 62
Trd, 4318281.343, 139
Trd, 4318283.893, 140
Trd, 4318284.843, 140
Trd, 4318285.793, 140
Trd, 4318285.893, 140
Trd, 4318286.493, 140
Trd, 4318287.593, 140
Trd, 4318287.843, 140
Trd, 4318288.393, 140
Trd, 4318289.093, 140
Trd, 4318289.243, 139
Trd, 4318289.343, 133
Trd, 4318289.743, 133
Trd, 4318291.293, 140
Trd, 4318292.443, 140
Trd, 4318293.743, 140
Trd, 4318295.043, 139
Trd, 4318295.393, 139
Trd, 4318297.043, 140
Trd, 4318297.193, 140
Trd, 4318298.693, 140
Trd, 4318298.743, 139
Trd, 4318298.793, 138
Trd, 4318299.943, 140
Trd, 4318300.893, 140
Trd, 4318302.993, 138
Trd, 4318303.593, 140
Trd, 4318303.793, 140
Trd, 4318304.343, 140
Trd, 4318305.893, 140
Trd, 4318306.043, 140
Trd, 4318306.393, 140
Trd, 4318306.693, 140
Trd, 4318306.793, 139
Trd, 4318308.593, 140
Trd, 4318309.143, 140
Trd, 4318309.343, 139
Trd, 4318310.543, 140
Trd, 4318311.293, 140
Trd, 4318312.843, 140
Trd, 4318313.043, 140
Trd, 4318313.493, 139
Trd, 4318314.693, 140
Trd, 4318314.743, 140
Trd, 4318315.193, 139
Trd, 4318316.993, 140
Trd, 4318317.193, 140
Trd, 4318317.993, 140
Trd, 4318318.343, 139
Trd, 4318318.843, 60
Trd, 4318319.343, 64
Trd, 4318320.043, 139
Trd, 4318320.843, 140
Trd, 4318321.293, 139
Trd, 4318321.493, 140
Trd, 4318321.593, 111
Trd, 4318321.893, 139
Trd, 4318322.743, 140
Trd, 4318323.893, 140
Trd, 4318324.643, 140
Trd, 4318324.743, 118
Trd, 4318326.043, 64
Trd, 4318326.393, 130
Trd, 4318326.793, 132
Trd, 4318327.193, 61
Trd, 4318327.993, 60
Trd, 4318328.493, 140
Trd, 4318329.293, 83
Trd, 4318330.093, 62
Trd, 4318330.243, 65
Trd, 4318331.193, 140
Trd, 4318331.393, 139
Trd, 4318331.743, 138
Trd, 4318334.043, 140
Trd, 4318334.193, 140
Trd, 4318334.843, 140
Trd, 4318335.093, 139
Trd, 4318336.293, 139
Trd, 4318337.043, 140
Trd, 4318338.143, 140
Trd, 4318338.443, 140
Trd, 4318338.843, 139
Trd, 4318338.993, 138
Trd, 4318339.993, 140
Trd, 4318341.943, 139
Trd, 4318342.243, 140
Trd, 4318342.793, 139
Trd, 4318343.593, 138
Trd, 4318344.493, 140
Trd, 4318345.593, 140
Trd, 4318345.893, 140
Trd, 4318345.943, 139
Trd, 4318346.393, 140
Trd, 4318348.443, 140
Trd, 4318348.543, 139
Trd, 4318349.093, 140
Trd, 4318349.493, 140
Trd, 4318350.243, 140
Trd, 4318350.543, 140
Trd, 4318350.593, 139
Trd, 4318351.043, 139
Trd, 4318352.143, 139
Trd, 4318353.393, 140
Trd, 4318353.693, 140
Trd, 4318355.043, 140
Trd, 4318355.593, 139
Trd, 4318356.793, 140
Trd, 4318356.843, 140
Trd, 4318356.993, 140
Trd, 4318358.743, 140
Trd, 4318359.043, 139
Trd, 4318359.993, 140
Trd, 4318360.543, 140
Trd, 4318361.393, 139
Trd, 4318362.943, 140
Trd, 4318363.643, 140
Trd, 4318364.743, 139
Trd, 4318364.793, 138
Trd, 4318365.443, 140
Trd, 4318365.893, 140
Trd, 4318366.543, 140
Trd, 4318366.893, 140
Trd, 4318367.593, 140
Trd, 4318368.793, 140
Trd, 4318368.993, 139
Trd, 4318369.893, 137
Trd, 4318370.643, 140
Trd, 4318372.693, 140
Trd, 4318372.793, 140
Trd, 4318373.093, 139
Trd, 4318373.843, 139
Trd, 4318374.693, 140
Trd, 4318374.993, 140
Trd, 4318376.293, 139
Trd, 4318377.293, 140
Trd, 4318378.193, 140
Trd, 4318378.643, 140
Trd, 4318378.943, 140
Trd, 4318379.093, 139
Trd, 4318379.143, 139
Trd, 4318381.343, 140
Trd, 4318382.293, 140
Trd, 4318382.643, 140
Trd, 4318382.793, 140
Trd, 4318383.843, 140
Trd, 4318384.493, 140
Trd, 4318384.893, 140
Trd, 4318386.543, 139
Trd, 4318387.193, 140
Trd, 4318388.193, 140
Trd, 4318388.343, 140
Trd, 4318389.093, 140
Trd, 4318389.643, 139
Trd, 4318390.593, 139
Trd, 4318390.843, 139
Trd, 4318391.893, 139
Trd, 4318392.443, 140
Trd, 4318393.593, 140
Trd, 4318395.693, 140
Trd, 4318396.043, 140
Trd, 4318397.193, 140
Trd, 4318398.243, 140
Trd, 4318398.593, 140
Trd, 4318398.843, 140
Trd, 4318399.093, 140
Trd, 4318399.643, 139
Trd, 4318399.793, 139
Trd, 4318401.093, 140
Trd, 4318401.643, 138
Trd, 4318403.843, 140
Trd, 4318404.393, 140
Trd, 4318404.643, 140
Trd, 4318404.693, 140
Trd, 4318405.443, 140
Trd, 4318406.543, 140
Trd, 4318407.043, 139
Trd, 4318407.293, 139
Trd, 4318407.843, 140
Trd, 4318408.743, 139
Trd, 4318410.543, 140
Trd, 4318410.743, 140
Trd, 4318411.693, 139
Trd, 4318412.743, 140
Trd, 4318412.793, 140
Trd, 4318414.743, 140
Trd, 4318414.943, 140
Trd, 4318415.243, 140
Trd, 4318416.443, 140
Trd, 4318417.043, 140
Trd, 4318417.743, 140
Trd, 4318417.893, 139
Trd, 4318419.343, 140
Trd, 4318419.543, 140
Trd, 4318419.893, 140
Trd, 4318420.643, 139
Trd, 4318421.393, 139
Trd, 4318421.993, 139
Trd, 4318422.043, 138
Trd, 4318422.193, 138
Trd, 4318422.243, 111
Trd, 4318424.593, 140
Trd, 4318425.893, 139
Trd, 4318426.793, 140
Trd, 4318426.943, 140
Trd, 4318428.793, 140
Trd, 4318431.243, 140
Trd, 4318431.343, 140
Trd, 4318431.743, 140
Trd, 4318432.493, 139
Trd, 4318433.143, 140
Trd, 4318433.243, 139
Trd, 4318434.193, 140
Trd, 4318434.243, 139
Trd, 4318435.843, 139
Trd, 4318437.293, 139
Trd, 4318437.393, 138
Trd, 4318437.443, 138
Trd, 4318438.043, 140
Trd, 4318440.643, 140
Trd, 4318440.843, 140
Trd, 4318441.793, 140
Trd, 4318442.593, 139
Trd, 4318443.093, 139
Trd, 4318445.093, 140
Trd, 4318445.593, 140
Trd, 4318447.343, 140
Trd, 4318448.243, 140
Trd, 4318448.743, 140
Trd, 4318449.193, 139
Trd, 4318449.493, 139
Trd, 4318449.693, 139
Trd, 4318450.543, 140
Trd, 4318450.643, 140
Trd, 4318451.893, 140
Trd, 4318452.043, 140
Trd, 4318452.293, 139
Trd, 4318455.143, 140
Trd, 4318455.493, 140
Trd, 4318456.043, 140
Trd, 4318457.843, 140
Trd, 4318458.093, 140
Trd, 4318459.293, 140
Trd, 4318459.743, 140
Trd, 4318459.793, 140
Trd, 4318459.993, 140
Trd, 4318460.693, 140
Trd, 4318461.093, 139
Trd, 4318462.443, 140
Trd, 4318462.793, 140
Trd, 4318462.843, 139
Trd, 4318463.293, 140
Trd, 4318463.743, 139
Trd, 4318464.193, 123
Trd, 4318465.293, 140
Trd, 4318465.343, 139
Trd, 4318465.743, 71
Trd, 4318466.043, 79
Trd, 4318466.843, 140
Trd, 4318467.343, 140
Trd, 4318468.343, 66
Trd, 4318468.643, 95
Trd, 4318470.493, 140
Trd, 4318471.243, 140
Trd, 4318472.643, 140
Trd, 4318473.643, 140
Trd, 4318473.743, 140
Trd, 4318474.243, 140
Trd, 4318474.343, 140
Trd, 4318475.243, 140
Trd, 4318476.343, 140
Trd, 4318476.993, 140
Trd, 4318478.393, 140
Trd, 4318479.343, 140
Trd, 4318480.793, 140
Trd, 4318480.843, 140
Trd, 4318481.243, 140
Trd, 4318481.893, 140
Trd, 4318482.743, 140
Trd, 4318482.993, 140
Trd, 4318484.143, 140
Trd, 4318484.943, 140
Trd, 4318485.143, 139
Trd, 4318485.343, 140
Trd, 4318487.493, 140
Trd, 4318488.243, 139
Trd, 4318488.293, 139
Trd, 4318489.243, 140
Trd, 4318490.143, 139
Trd, 4318490.493, 139
Trd, 4318491.393, 140
Trd, 4318492.143, 140
Trd, 4318493.593, 140
Trd, 4318494.393, 140
Trd, 4318494.593, 140
Trd, 4318494.893, 139
Trd, 4318495.093, 140
Trd, 4318497.343, 140
Trd, 4318497.393, 140
Trd, 4318498.343, 140
Trd, 4318498.943, 139
Trd, 4318499.393, 140
Trd, 4318500.043, 140
Trd, 4318500.193, 139
Trd, 4318503.093, 140
Trd, 4318503.243, 140
Trd, 4318504.293, 140
Trd, 4318505.743, 140
Trd, 4318506.393, 140
Trd, 4318507.643, 140
Trd, 4318507.843, 140
Trd, 4318508.043, 139
Trd, 4318508.543, 140
Trd, 4318509.043, 140
Trd, 4318510.093, 138
Trd, 4318510.193, 137
Trd, 4318513.043, 140
Trd, 4318513.343, 139
Trd, 4318513.493, 140
Trd, 4318513.693, 139
Trd, 4318514.693, 140
Trd, 4318514.843, 140
Trd, 4318515.493, 140
Trd, 4318515.943, 140
Trd, 4318516.143, 140
Trd, 4318516.293, 134
Trd, 4318518.093, 140
Trd, 4318518.793, 140
Trd, 4318519.893, 140
Trd, 4318520.543, 140
Trd, 4318520.893, 140
Trd, 4318521.943, 140
Trd, 4318522.093, 140
Trd, 4318523.243, 140
Trd, 4318524.443, 140
Trd, 4318525.293, 139
Trd, 4318526.143, 140
Trd, 4318526.243, 140
Trd, 4318526.343, 139
Trd, 4318526.543, 140
Trd, 4318528.493, 140
Trd, 4318529.993, 140
Trd, 4318530.493, 140
Trd, 4318530.743, 140
Trd, 4318532.343, 140
Trd, 4318532.943, 140
Trd, 4318533.793, 140
Trd, 4318534.193, 140
Trd, 4318534.393, 139
Trd, 4318534.543, 139
Trd, 4318534.743, 137
Trd, 4318536.043, 139
Trd, 4318536.093, 139
Trd, 4318536.543, 138
Trd, 4318537.043, 140
Trd, 4318539.493, 140
Trd, 4318541.693, 140
Trd, 4318541.843, 140
Trd, 4318541.893, 140
Trd, 4318542.043, 140
Trd, 4318542.493, 140
Trd, 4318542.943, 140
Trd, 4318543.843, 140
Trd, 4318545.293, 139
Trd, 4318545.693, 138
Trd, 4318545.843, 135
Trd, 4318546.593, 140
Trd, 4318547.393, 139
Trd, 4318548.943, 140
Trd, 4318549.943, 140
Trd, 4318550.393, 140
Trd, 4318551.793, 140
Trd, 4318552.143, 140
Trd, 4318553.543, 139
Trd, 4318553.593, 139
Trd, 4318553.893, 135
Trd, 4318553.943, 135
Trd, 4318554.443, 139
Trd, 4318557.443, 140
Trd, 4318558.143, 140
Trd, 4318558.793, 140
Trd, 4318559.093, 140
Trd, 4318559.643, 139
Trd, 4318560.743, 140
Trd, 4318560.993, 140
Trd, 4318561.343, 140
Trd, 4318561.593, 140
Trd, 4318564.293, 140
Trd, 4318566.043, 140
Trd, 4318566.293, 140
Trd, 4318566.443, 140
Trd, 4318566.893, 140
Trd, 4318567.493, 140
Trd, 4318567.593, 140
Trd, 4318569.193, 140
Trd, 4318569.593, 140
Trd, 4318570.043, 140
Trd, 4318570.743, 140
Trd, 4318570.793, 139
Trd, 4318572.293, 140
Trd, 4318573.643, 140
Trd, 4318574.693, 140
Trd, 4318575.243, 140
Trd, 4318576.343, 140
Trd, 4318576.893, 140
Trd, 4318577.393, 140
Trd, 4318577.843, 140
Trd, 4318578.543, 140
Trd, 4318578.593, 139
Trd, 4318579.293, 139
Trd, 4318579.543, 140
Trd, 4318580.243, 140
Trd, 4318580.643, 139
Trd, 4318581.843, 140
Trd, 4318582.793, 140
Trd, 4318583.793, 140
Trd, 4318584.293, 138
Trd, 4318585.243, 140
Trd, 4318585.743, 140
Trd, 4318587.793, 140
Trd, 4318589.293, 140
Trd, 4318589.943, 140
Trd, 4318589.993, 140
Trd, 4318590.243, 140
Trd, 4318590.293, 139
Trd, 4318592.143, 140
Trd, 4318592.243, 140
Trd, 4318593.393, 140
Trd, 4318593.593, 140
Trd, 4318594.443, 140
Trd, 4318595.393, 140
Trd, 4318595.793, 140
Trd, 4318598.343, 140
Trd, 4318599.243, 140
Trd, 4318599.493, 140
Trd, 4318600.493, 140
Trd, 4318600.793, 140
Trd, 4318600.893, 140
Trd, 4318601.593, 140
Trd, 4318601.743, 140
Trd, 4318602.393, 139
Trd, 4318602.643, 105
Trd, 4318603.243, 134
Trd, 4318604.243, 61
Trd, 4318605.293, 60
Trd, 4318606.043, 67
Trd, 4318607.643, 60
Trd, 4318608.143, 64
Trd, 4318608.593, 61
Trd, 4318608.793, 61
Trd, 4318608.893, 78
Trd, 4318609.793, 139
Trd, 4318610.243, 140
Trd, 4318611.643, 139
Trd, 4318611.843, 139
Trd, 4318611.993, 139
Trd, 4318612.043, 137
Trd, 4318613.143, 140
Trd, 4318614.043, 140
Trd, 4318615.843, 140
Trd, 4318616.193, 140
Trd, 4318616.743, 140
Trd, 4318616.893, 137
Trd, 4318617.093, 140
Trd, 4318617.743, 138
Trd, 4318618.743, 67
Trd, 4318620.743, 139
Trd, 4318621.043, 138
Trd, 4318622.043, 140
Trd, 4318623.843, 140
Trd, 4318623.943, 140
Trd, 4318624.693, 140
Trd, 4318624.843, 140
Trd, 4318625.343, 140
Trd, 4318625.893, 139
Trd, 4318626.193, 140
Trd, 4318626.993, 139
Trd, 4318627.693, 140
Trd, 4318628.243, 140
Trd, 4318629.243, 140
Trd, 4318629.593, 139
Trd, 4318630.193, 140
Trd, 4318632.043, 140
Trd, 4318633.843, 140
Trd, 4318634.243, 140
Trd, 4318635.093, 140
Trd, 4318636.143, 139
Trd, 4318636.743, 140
Trd, 4318637.043, 138
Trd, 4318637.493, 139
Trd, 4318637.793, 138
Trd, 4318638.643, 139
Trd, 4318639.243, 140
Trd, 4318639.943, 140
Trd, 4318640.843, 139
Trd, 4318640.893, 139
Trd, 4318641.243, 138
Trd, 4318641.593, 84
Trd, 4318642.293, 90
Trd, 4318642.493, 65
Trd, 4318643.593, 62
Trd, 4318645.593, 140
Trd, 4318645.643, 140
Trd, 4318645.893, 139
Trd, 4318646.593, 137
Trd, 4318649.043, 140
Trd, 4318649.943, 140
Trd, 4318650.843, 140
Trd, 4318651.143, 140
Trd, 4318651.443, 140
Trd, 4318652.343, 140
Trd, 4318652.793, 139
Trd, 4318653.593, 140
Trd, 4318655.743, 140
Trd, 4318656.143, 140
Trd, 4318657.243, 140
Trd, 4318657.543, 140
Trd, 4318657.743, 140
Trd, 4318658.293, 140
Trd, 4318658.493, 139
Trd, 4318659.493, 128
Trd, 4318659.593, 124
Trd, 4318660.193, 60
Trd, 4318660.693, 83
Trd, 4318662.193, 140
Trd, 4318662.643, 140
Trd, 4318664.593, 139
Trd, 4318664.693, 138
Trd, 4318665.043, 140
Trd, 4318666.393, 140
Trd, 4318667.443, 140
Trd, 4318667.743, 140
Trd, 4318668.093, 140
Trd, 4318670.093, 140
Trd, 4318670.343, 140
Trd, 4318671.443, 140
Trd, 4318672.343, 140
Trd, 4318672.593, 140
Trd, 4318673.143, 139
Trd, 4318673.993, 140
Trd, 4318674.243, 140
Trd, 4318674.743, 140
Trd, 4318675.093, 139
Trd, 4318675.643, 133
Trd, 4318676.043, 63
Trd, 4318678.843, 140
Trd, 4318679.843, 140
Trd, 4318680.293, 140
Trd, 4318681.393, 140
Trd, 4318683.293, 140
Trd, 4318683.393, 140
Trd, 4318683.443, 140
Trd, 4318683.693, 140
Trd, 4318684.693, 140
Trd, 4318684.793, 140
Trd, 4318685.243, 138
Trd, 4318685.643, 139
Trd, 4318686.093, 139
Trd, 4318687.043, 139
Trd, 4318687.393, 140
Trd, 4318687.743, 140
Trd, 4318689.243, 140
Trd, 4318689.443, 139
Trd, 4318690.343, 139
Trd, 4318691.993, 140
Trd, 4318693.293, 140
Trd, 4318693.793, 139
Trd, 4318694.493, 140
Trd, 4318697.543, 140
Trd, 4318697.843, 140
Trd, 4318697.943, 139
Trd, 4318698.993, 140
Trd, 4318699.393, 140
Trd, 4318699.493, 140
Trd, 4318700.543, 140
Trd, 4318702.243, 140
Trd, 4318702.493, 140
Trd, 4318703.093, 139
Trd, 4318704.143, 140
Trd, 4318704.243, 140
Trd, 4318705.343, 140
Trd, 4318705.443, 140
Trd, 4318706.493, 140
Trd, 4318707.093, 79
Trd, 4318707.493, 139
Trd, 4318709.843, 140
Trd, 4318709.993, 140
Trd, 4318710.093, 140
Trd, 4318710.643, 139
Trd, 4318712.143, 140
Trd, 4318712.293, 139
Trd, 4318712.943, 140
Trd, 4318713.643, 140
Trd, 4318714.993, 140
Trd, 4318715.443, 140
Trd, 4318716.243, 140
Trd, 4318718.543, 140
Trd, 4318719.093, 139
Trd, 4318719.793, 140
Trd, 4318720.743, 140
Trd, 4318721.143, 140
Trd, 4318721.393, 140
Trd, 4318722.893, 140
Trd, 4318723.243, 140
Trd, 4318724.693, 140
Trd, 4318725.193, 140
Trd, 4318725.593, 140
Trd, 4318726.393, 140
Trd, 4318726.493, 140
Trd, 4318726.643, 140
Trd, 4318727.843, 140
Trd, 4318728.493, 140
Trd, 4318729.143, 140
Trd, 4318730.593, 140
Trd, 4318733.143, 140
Trd, 4318734.043, 140
Trd, 4318734.793, 140
Trd, 4318734.893, 140
Trd, 4318735.593, 140
Trd, 4318735.743, 140
Trd, 4318736.943, 140
Trd, 4318737.693, 140
Trd, 4318738.743, 140
Trd, 4318739.393, 140
Trd, 4318739.943, 139
Trd, 4318740.243, 140
Trd, 4318742.793, 140
Trd, 4318742.893, 140
Trd, 4318742.943, 140
Trd, 4318744.543, 140
Trd, 4318744.643, 136
Trd, 4318745.743, 140
Trd, 4318746.043, 140
Trd, 4318746.343, 139
Trd, 4318747.393, 139
Trd, 4318747.643, 140
Trd, 4318748.743, 140
Trd, 4318748.793, 140
Trd, 4318749.843, 140
Trd, 4318750.943, 140
Trd, 4318751.843, 139
Trd, 4318752.493, 140
Trd, 4318753.043, 140
Trd, 4318754.393, 140
Trd, 4318754.443, 140
Trd, 4318754.993, 140
Trd, 4318756.243, 140
Trd, 4318757.093, 140
Trd, 4318757.643, 140
Trd, 4318758.993, 140
Trd, 4318759.393, 140
Trd, 4318760.593, 140
Trd, 4318761.193, 140
Trd, 4318761.443, 140
Trd, 4318761.893, 140
Trd, 4318761.993, 139
Trd, 4318763.143, 140
Trd, 4318764.143, 140
Trd, 4318764.193, 140
Trd, 4318765.243, 140
Trd, 4318766.243, 139
Trd, 4318767.843, 140
Trd, 4318767.993, 140
Trd, 4318768.493, 137
Trd, 4318769.243, 138
Trd, 4318770.743, 140
Trd, 4318771.443, 140
Trd, 4318771.793, 140
Trd, 4318772.643, 140
Trd, 4318772.693, 140
Trd, 4318774.043, 140
Trd, 4318775.093, 140
Trd, 4318775.343, 140
Trd, 4318775.543, 140
Trd, 4318776.243, 140
Trd, 4318776.443, 140
Trd, 4318777.143, 139
Trd, 4318777.843, 140
Trd, 4318778.093, 139
Trd, 4318778.993, 139
Trd, 4318779.193, 139
Trd, 4318779.643, 106
Trd, 4318780.843, 140
Trd, 4318781.743, 140
Trd, 4318782.993, 139
Trd, 4318783.243, 140
Trd, 4318783.743, 139
Trd, 4318783.943, 139
Trd, 4318784.843, 140
Trd, 4318784.893, 140
Trd, 4318785.543, 140
Trd, 4318786.993, 140
Trd, 4318787.893, 139
Trd, 4318788.893, 140
Trd, 4318789.893, 140
Trd, 4318790.393, 140
Trd, 4318791.493, 140
Trd, 4318792.093, 140
Trd, 4318793.293, 140
Trd, 4318793.893, 139
Trd, 4318795.243, 140
Trd, 4318795.393, 139
Trd, 4318796.043, 140
Trd, 4318796.493, 140
Trd, 4318797.493, 140
Trd, 4318799.193, 140
Trd, 4318799.443, 140
Trd, 4318799.593, 140
Trd, 4318800.143, 140
Trd, 4318800.993, 140
Trd, 4318801.493, 140
Trd, 4318801.843, 140
Trd, 4318802.443, 140
Trd, 4318802.743, 140
Trd, 4318803.893, 140
Trd, 4318804.543, 140
Trd, 4318805.943, 140
Trd, 4318806.493, 140
Trd, 4318806.793, 140
Trd, 4318808.093, 140
Trd, 4318808.193, 139
Trd, 4318810.193, 140
Trd, 4318812.093, 140
Trd, 4318812.143, 140
Trd, 4318813.243, 140
Trd, 4318813.543, 140
Trd, 4318815.043, 140
Trd, 4318816.543, 140
Trd, 4318816.893, 140
Trd, 4318817.093, 140
Trd, 4318818.443, 140
Trd, 4318818.693, 140
Trd, 4318819.193, 139
Trd, 4318819.793, 140
Trd, 4318820.093, 139
Trd, 4318820.143, 139
Trd, 4318822.143, 140
Trd, 4318823.793, 140
Trd, 4318824.493, 140
Trd, 4318825.293, 140
Trd, 4318825.593, 140
Trd, 4318826.143, 140
Trd, 4318826.393, 140
Trd, 4318826.693, 140
Trd, 4318827.693, 140
Trd, 4318828.543, 140
Trd, 4318829.043, 140
Trd, 4318829.343, 140
Trd, 4318829.443, 140
Trd, 4318830.093, 140
Trd, 4318830.843, 139
Trd, 4318832.193, 140
Trd, 4318833.343, 140
Trd, 4318833.593, 140
Trd, 4318833.893, 140
Trd, 4318834.243, 140
Trd, 4318834.593, 140
Trd, 4318836.543, 140
Trd, 4318836.993, 140
Trd, 4318838.693, 140
Trd, 4318839.543, 140
Trd, 4318840.143, 140
Trd, 4318840.393, 140
Trd, 4318840.993, 140
Trd, 4318841.193, 139
Trd, 4318843.093, 140
Trd, 4318843.493, 140
Trd, 4318844.543, 140
Trd, 4318845.543, 140
Trd, 4318845.643, 140
Trd, 4318846.393, 140
Trd, 4318846.643, 140
Trd, 4318846.693, 140
Trd, 4318850.543, 140
Trd, 4318851.293, 140
Trd, 4318851.543, 140
Trd, 4318852.493, 140
Trd, 4318852.543, 139
Trd, 4318852.993, 140
Trd, 4318853.793, 140
Trd, 4318856.693, 140
Trd, 4318856.743, 140
Trd, 4318856.943, 140
Trd, 4318857.143, 140
Trd, 4318857.693, 140
Trd, 4318857.993, 140
Trd, 4318858.993, 139
Trd, 4318859.343, 139
Trd, 4318860.843, 140
Trd, 4318861.293, 140
Trd, 4318861.543, 140
Trd, 4318861.593, 139
Trd, 4318862.943, 140
Trd, 4318863.493, 140
Trd, 4318865.243, 139
Trd, 4318865.393, 79
Trd, 4318865.943, 140
Trd, 4318866.343, 139
Trd, 4318866.693, 138
Trd, 4318869.193, 140
Trd, 4318869.843, 140
Trd, 4318871.293, 140
Trd, 4318871.743, 140
Trd, 4318872.393, 139
Trd, 4318873.193, 140
Trd, 4318873.693, 140
Trd, 4318874.693, 140
Trd, 4318874.943, 140
Trd, 4318875.593, 139
Trd, 4318876.243, 140
Trd, 4318876.343, 139
Trd, 4318878.093, 140
Trd, 4318878.943, 140
Trd, 4318878.993, 140
Trd, 4318880.143, 140
Trd, 4318880.293, 140
Trd, 4318880.593, 139
Trd, 4318881.793, 140
Trd, 4318881.843, 140
Trd, 4318882.093, 139
Trd, 4318882.793, 139
Trd, 4318883.393, 139
Trd, 4318883.993, 139
Trd, 4318884.743, 139
Trd, 4318885.543, 140
Trd, 4318886.393, 140
Trd, 4318887.143, 140
Trd, 4318887.343, 138
Trd, 4318888.543, 139
Trd, 4318890.893, 140
Trd, 4318891.593, 140
Trd, 4318891.993, 140
Trd, 4318892.493, 140
Trd, 4318893.343, 140
Trd, 4318893.393, 140
Trd, 4318893.543, 140
Trd, 4318894.243, 140
Trd, 4318894.993, 140
Trd, 4318897.443, 140
Trd, 4318897.593, 140
Trd, 4318897.693, 140
Trd, 4318897.743, 140
Trd, 4318898.843, 140
Trd, 4318900.093, 140
Trd, 4318900.393, 140
Trd, 4318900.693, 139
Trd, 4318900.843, 139
Trd, 4318902.643, 140
Trd, 4318902.893, 139
Trd, 4318903.943, 139
Trd, 4318904.393, 140
Trd, 4318904.843, 139
Trd, 4318905.293, 139
Trd, 4318907.143, 140
Trd, 4318907.643, 140
Trd, 4318907.693, 139
Trd, 4318908.193, 140
Trd, 4318908.643, 139
Trd, 4318909.093, 140
Trd, 4318909.593, 139
Trd, 4318910.493, 140
Trd, 4318910.793, 140
Trd, 4318911.243, 139
Trd, 4318913.293, 140
Trd, 4318913.343, 140
Trd, 4318913.393, 74
Trd, 4318913.893, 67
Trd, 4318913.993, 82
Trd, 4318915.193, 140
Trd, 4318917.243, 140
Trd, 4318917.593, 140
Trd, 4318917.893, 140
Trd, 4318918.193, 139
Trd, 4318918.743, 140
Trd, 4318918.843, 139
Trd, 4318919.743, 138
Trd, 4318921.343, 140
Trd, 4318922.243, 140
Trd, 4318922.893, 140
Trd, 4318923.193, 140
Trd, 4318923.243, 140
Trd, 4318925.443, 140
Trd, 4318925.743, 139
Trd, 4318926.043, 138
Trd, 4318926.343, 135
Trd, 4318927.893, 140
Trd, 4318928.093, 139
Trd, 4318928.343, 138
Trd, 4318930.093, 140
Trd, 4318930.193, 140
Trd, 4318930.843, 140
Trd, 4318931.393, 140
Trd, 4318932.443, 140
Trd, 4318932.743, 139
Trd, 4318932.943, 138
Trd, 4318935.643, 140
Trd, 4318935.793, 139
Trd, 4318935.893, 138
Trd, 4318936.843, 140
Trd, 4318937.493, 139
Trd, 4318940.243, 140
Trd, 4318940.593, 140
Trd, 4318940.693, 140
Trd, 4318940.993, 140
Trd, 4318942.293, 140
Trd, 4318942.793, 140
Trd, 4318942.993, 139
Trd, 4318943.543, 140
Trd, 4318946.243, 140
Trd, 4318946.593, 140
Trd, 4318947.543, 140
Trd, 4318949.193, 140
Trd, 4318949.393, 140
Trd, 4318950.543, 140
Trd, 4318951.593, 140
Trd, 4318952.343, 140
Trd, 4318952.593, 140
Trd, 4318955.043, 140
Trd, 4318955.243, 140
Trd, 4318955.643, 140
Trd, 4318955.743, 140
Trd, 4318958.693, 140
Trd, 4318958.743, 140
Trd, 4318959.643, 140
Trd, 4318959.693, 140
Trd, 4318959.993, 140
Trd, 4318960.243, 139
Trd, 4318960.843, 139
Trd, 4318961.293, 140
Trd, 4318962.043, 89
Trd, 4318962.693, 127
Trd, 4318963.343, 140
Trd, 4318963.893, 140
Trd, 4318963.993, 140
Trd, 4318965.093, 140
Trd, 4318965.493, 138
Trd, 4318966.093, 138
Trd, 4318966.593, 137
Trd, 4318966.743, 133
Trd, 4318968.143, 140
Trd, 4318969.993, 140
Trd, 4318970.493, 140
Trd, 4318970.543, 140
Trd, 4318970.893, 140
Trd, 4318971.043, 140
Trd, 4318971.593, 140
Trd, 4318971.793, 140
Trd, 4318972.743, 140
Trd, 4318973.043, 139
Trd, 4318973.843, 140
Trd, 4318974.093, 140
Trd, 4318975.793, 140
Trd, 4318976.393, 139
Trd, 4318977.693, 140
Trd, 4318977.943, 140
Trd, 4318978.493, 139
Trd, 4318978.893, 139
Trd, 4318980.193, 140
Trd, 4318981.243, 140
Trd, 4318983.043, 140
Trd, 4318983.193, 140
Trd, 4318984.093, 140
Trd, 4318984.643, 140
Trd, 4318985.143, 140
Trd, 4318985.493, 139
Trd, 4318986.943, 140
Trd, 4318987.043, 140
Trd, 4318987.293, 139
Trd, 4318987.893, 138
Trd, 4318988.443, 140
Trd, 4318989.243, 140
Trd, 4318989.843, 140
Trd, 4318992.093, 140
Trd, 4318994.343, 140
Trd, 4318994.593, 139
Trd, 4318995.293, 140
Trd, 4318995.343, 139
Trd, 4318995.693, 140
Trd, 4318996.343, 140
Trd, 4318996.443, 139
Trd, 4318997.193, 140
Trd, 4318998.843, 140
Trd, 4318999.143, 140
Trd, 4319000.443, 140
Trd, 4319000.893, 140
Trd, 4319001.293, 140
Trd, 4319003.093, 140
Trd, 4319003.793, 139
Trd, 4319004.443, 140
Trd, 4319004.593, 140
Trd, 4319006.243, 139
Trd, 4319007.043, 140
Trd, 4319008.243, 140
Trd, 4319008.793, 140
Trd, 4319010.293, 140
Trd, 4319010.393, 140
Trd, 4319011.643, 140
Trd, 4319012.143, 140
Trd, 4319012.243, 139
Trd, 4319012.943, 139
Trd, 4319013.343, 138
Trd, 4319013.543, 139
Trd, 4319014.793, 140
Trd, 4319015.743, 140
Trd, 4319016.643, 139
Trd, 4319016.793, 139
Trd, 4319018.293, 140
Trd, 4319019.293, 140
Trd, 4319019.743, 140
Trd, 4319019.993, 140
Trd, 4319020.893, 140
Trd, 4319021.293, 140
Trd, 4319021.993, 139
Trd, 4319022.943, 140
Trd, 4319022.993, 140
Trd, 4319023.943, 140
Trd, 4319024.393, 140
Trd, 4319024.643, 140
Trd, 4319024.843, 139
Trd, 4319025.643, 139
Trd, 4319025.843, 138
Trd, 4319027.093, 140
Trd, 4319027.443, 99
Trd, 4319028.293, 140
Trd, 4319028.643, 140
Trd, 4319029.493, 140
Trd, 4319030.943, 140
Trd, 4319031.543, 140
Trd, 4319033.043, 140
Trd, 4319033.993, 140
Trd, 4319034.743, 140
Trd, 4319035.343, 140
Trd, 4319035.543, 140
Trd, 4319036.093, 140
Trd, 4319036.243, 140
Trd, 4319036.643, 139
Trd, 4319037.393, 140
Trd, 4319037.743, 137
Trd, 4319037.943, 138
Trd, 4319040.193, 139
Trd, 4319040.343, 139
Trd, 4319040.443, 140
Trd, 4319041.293, 140
Trd, 4319041.443, 139
Trd, 4319043.743, 64
Trd, 4319044.143, 65
Trd, 4319044.793, 65
Trd, 4319045.293, 138
Trd, 4319046.143, 60
Trd, 4319046.293, 64
Trd, 4319046.993, 138
Trd, 4319048.243, 140
Trd, 4319048.543, 140
Trd, 4319048.593, 140
Trd, 4319049.193, 140
Trd, 4319049.693, 140
Trd, 4319050.243, 139
Trd, 4319052.193, 140
Trd, 4319052.293, 140
Trd, 4319053.593, 140
Trd, 4319053.693, 140
Trd, 4319054.793, 140
Trd, 4319056.093, 140
Trd, 4319057.193, 140
Trd, 4319057.893, 140
Trd, 4319058.693, 140
Trd, 4319058.743, 140
Trd, 4319059.593, 139
Trd, 4319060.193, 140
Trd, 4319060.443, 140
Trd, 4319061.193, 139
Trd, 4319062.743, 140
Trd, 4319064.043, 140
Trd, 4319065.643, 140
Trd, 4319066.343, 140
Trd, 4319066.793, 140
Trd, 4319066.993, 140
Trd, 4319068.143, 140
Trd, 4319068.493, 140
Trd, 4319068.643, 139
Trd, 4319068.693, 139
Trd, 4319069.043, 139
Trd, 4319069.893, 140
Trd, 4319073.243, 140
Trd, 4319073.593, 140
Trd, 4319073.643, 139
Trd, 4319074.093, 139
Trd, 4319074.893, 140
Trd, 4319075.443, 140
Trd, 4319076.243, 140
Trd, 4319076.293, 140
Trd, 4319076.793, 140
Trd, 4319078.693, 140
Trd, 4319080.893, 139
Trd, 4319082.193, 140
Trd, 4319082.593, 140
Trd, 4319082.843, 140
Trd, 4319083.143, 140
Trd, 4319083.293, 139
Trd, 4319083.743, 139
Trd, 4319084.593, 140
Trd, 4319084.793, 140
Trd, 4319084.893, 140
Trd, 4319085.393, 140
Trd, 4319085.843, 139
Trd, 4319086.793, 140
Trd, 4319088.343, 140
Trd, 4319090.143, 140
Trd, 4319090.743, 140
Trd, 4319090.993, 139
Trd, 4319092.693, 140
Trd, 4319093.943, 140
Trd, 4319094.293, 140
Trd, 4319095.043, 140
Trd, 4319095.893, 140
Trd, 4319096.143, 140
Trd, 4319096.443, 140
Trd, 4319097.693, 140
Trd, 4319098.343, 140
Trd, 4319098.743, 99
Trd, 4319099.093, 140
Trd, 4319099.743, 140
Trd, 4319101.393, 140
Trd, 4319102.693, 140
Trd, 4319103.093, 140
Trd, 4319103.843, 140
Trd, 4319104.493, 139
Trd, 4319105.443, 140
Trd, 4319105.593, 140
Trd, 4319106.993, 140
Trd, 4319107.393, 140
Trd, 4319108.093, 140
Trd, 4319108.943, 140
Trd, 4319108.993, 139
Trd, 4319109.393, 140
Trd, 4319109.643, 139
Trd, 4319112.443, 140
Trd, 4319113.743, 140
Trd, 4319114.593, 140
Trd, 4319114.993, 140
Trd, 4319115.943, 140
Trd, 4319116.093, 140
Trd, 4319116.593, 140
Trd, 4319117.993, 140
Trd, 4319119.043, 140
Trd, 4319119.093, 140
Trd, 4319119.143, 140
Trd, 4319119.943, 140
Trd, 4319120.293, 135
Trd, 4319121.643, 140
Trd, 4319121.843, 140
Trd, 4319122.693, 140
Trd, 4319122.793, 139
Trd, 4319123.543, 137
Trd, 4319123.643, 73
Trd, 4319124.143, 139
Trd, 4319125.293, 140
Trd, 4319126.093, 140
Trd, 4319126.343, 139
Trd, 4319126.743, 139
Trd, 4319127.493, 140
Trd, 4319128.543, 139
Trd, 4319128.643, 138
Trd, 4319130.293, 139
Trd, 4319130.793, 140
Trd, 4319131.543, 139
Trd, 4319131.843, 138
Trd, 4319132.493, 64
Trd, 4319134.093, 139
Trd, 4319135.243, 140
Trd, 4319136.293, 140
Trd, 4319136.393, 140
Trd, 4319136.893, 140
Trd, 4319137.593, 140
Trd, 4319138.743, 140
Trd, 4319139.343, 140
Trd, 4319139.893, 140
Trd, 4319139.943, 139
Trd, 4319141.593, 140
Trd, 4319142.093, 140
Trd, 4319142.443, 140
Trd, 4319142.993, 140
Trd, 4319143.243, 137
Trd, 4319144.393, 60
Trd, 4319144.993, 65
Trd, 4319147.543, 139
Trd, 4319148.243, 139
Trd, 4319148.843, 140
Trd, 4319149.393, 140
Trd, 4319151.793, 140
Trd, 4319152.543, 140
Trd, 4319154.193, 140
Trd, 4319154.593, 140
Trd, 4319154.693, 140
Trd, 4319155.243, 140
Trd, 4319155.993, 140
Trd, 4319156.443, 140
Trd, 4319157.893, 140
Trd, 4319157.993, 139
Trd, 4319159.943, 140
Trd, 4319160.143, 140
Trd, 4319160.343, 140
Trd, 4319160.493, 139
Trd, 4319161.593, 140
Trd, 4319161.793, 139
Trd, 4319162.543, 140
Trd, 4319162.743, 102
Trd, 4319163.193, 61
Trd, 4319163.793, 62
Trd, 4319164.493, 140
Trd, 4319167.643, 140
Trd, 4319168.693, 140
Trd, 4319169.393, 140
Trd, 4319169.943, 140
Trd, 4319170.243, 140
Trd, 4319170.293, 139
Trd, 4319171.743, 140
Trd, 4319172.093, 139
Trd, 4319172.143, 139
Trd, 4319172.543, 139
Trd, 4319173.343, 139
Trd, 4319174.543, 140
Trd, 4319174.643, 140
Trd, 4319176.043, 140
Trd, 4319176.093, 140
Trd, 4319176.643, 140
Trd, 4319178.443, 140
Trd, 4319179.093, 140
Trd, 4319181.443, 140
Trd, 4319181.693, 140
Trd, 4319181.893, 140
Trd, 4319184.143, 140
Trd, 4319184.493, 139
Trd, 4319184.893, 139
Trd, 4319185.593, 140
Trd, 4319186.343, 140
Trd, 4319186.793, 138
Trd, 4319186.993, 138
Trd, 4319187.893, 126
Trd, 4319189.543, 140
Trd, 4319190.143, 140
Trd, 4319191.243, 140
Trd, 4319191.743, 140
Trd, 4319191.993, 140
Trd, 4319192.443, 140
Trd, 4319194.593, 140
Trd, 4319194.893, 140
Trd, 4319195.343, 140
Trd, 4319195.543, 140
Trd, 4319195.743, 140
Trd, 4319197.493, 140
Trd, 4319197.743, 140
Trd, 4319198.393, 140
Trd, 4319199.293, 140
Trd, 4319200.143, 140
Trd, 4319202.193, 140
Trd, 4319202.243, 138
Trd, 4319202.893, 139
Trd, 4319204.143, 102
Trd, 4319204.293, 125
Trd, 4319204.343, 127
Trd, 4319204.543, 140
Trd, 4319205.093, 138
Trd, 4319205.343, 73
Trd, 4319207.343, 60
Trd, 4319207.693, 60
Trd, 4319209.793, 140
Trd, 4319210.293, 140
Trd, 4319210.393, 140
Trd, 4319211.893, 140
Trd, 4319211.993, 140
Trd, 4319212.043, 139
Trd, 4319212.343, 139
Trd, 4319213.493, 140
Trd, 4319213.843, 140
Trd, 4319214.593, 140
Trd, 4319215.443, 140
Trd, 4319215.693, 140
Trd, 4319218.243, 140
Trd, 4319218.493, 140
Trd, 4319219.443, 140
Trd, 4319219.593, 140
Trd, 4319220.193, 140
Trd, 4319221.143, 140
Trd, 4319222.243, 140
Trd, 4319222.743, 139
Trd, 4319223.793, 140
Trd, 4319224.043, 140
Trd, 4319224.393, 140
Trd, 4319224.743, 139
Trd, 4319224.793, 139
Trd, 4319227.793, 140
Trd, 4319228.193, 140
Trd, 4319228.493, 139
Trd, 4319229.293, 138
Trd, 4319229.343, 138
Trd, 4319230.393, 140
Trd, 4319232.693, 140
Trd, 4319232.793, 140
Trd, 4319233.943, 140
Trd, 4319234.543, 140
Trd, 4319234.893, 139
Trd, 4319235.193, 139
Trd, 4319235.443, 140
Trd, 4319235.643, 140
Trd, 4319235.893, 111
Trd, 4319236.293, 138
Trd, 4319236.943, 67
Trd, 4319237.693, 140
Trd, 4319238.893, 140
Trd, 4319239.093, 139
Trd, 4319240.693, 60
Trd, 4319240.743, 63
Trd, 4319241.293, 66
Trd, 4319241.893, 140
Trd, 4319242.643, 140
Trd, 4319243.343, 140
Trd, 4319243.943, 140
Trd, 4319244.243, 140
Trd, 4319244.293, 139
Trd, 4319245.643, 140
Trd, 4319246.643, 140
Trd, 4319249.543, 140
Trd, 4319250.443, 140
Trd, 4319250.643, 140
Trd, 4319250.843, 140
Trd, 4319251.193, 139
Trd, 4319251.393, 140
Trd, 4319251.993, 140
Trd, 4319252.643, 138
Trd, 4319253.043, 140
Trd, 4319254.693, 140
Trd, 4319254.993, 66
Trd, 4319256.943, 140
Trd, 4319258.093, 140
Trd, 4319258.443, 140
Trd, 4319260.193, 140
Trd, 4319260.893, 140
Trd, 4319261.643, 139
Trd, 4319262.043, 140
Trd, 4319262.843, 140
Trd, 4319264.643, 140
Trd, 4319265.443, 140
Trd, 4319266.243, 140
Trd, 4319266.593, 140
Trd, 4319267.693, 140
Trd, 4319268.293, 140
Trd, 4319269.443, 140
Trd, 4319270.493, 140
Trd, 4319271.043, 140
Trd, 4319271.693, 140
Trd, 4319271.843, 140
Trd, 4319272.893, 140
Trd, 4319272.943, 140
Trd, 4319272.993, 140
Trd, 4319273.843, 139
Trd, 4319273.993, 140
Trd, 4319275.293, 140
Trd, 4319275.493, 140
Trd, 4319276.693, 140
Trd, 4319277.693, 140
Trd, 4319278.843, 140
Trd, 4319279.193, 140
Trd, 4319279.443, 140
Trd, 4319281.243, 139
Trd, 4319281.443, 139
Trd, 4319281.493, 139
Trd, 4319282.393, 139
Trd, 4319283.593, 140
Trd, 4319285.243, 140
Trd, 4319287.143, 140
Trd, 4319287.343, 140
Trd, 4319288.593, 140
Trd, 4319288.943, 140
Trd, 4319289.243, 139
Trd, 4319291.093, 140
Trd, 4319291.993, 140
Trd, 4319292.643, 140
Trd, 4319292.743, 139
Trd, 4319292.793, 139
Trd, 4319294.543, 140
Trd, 4319295.243, 140
Trd, 4319296.193, 140
Trd, 4319296.343, 137
Trd, 4319297.793, 140
Trd, 4319299.293, 140
Trd, 4319299.943, 140
Trd, 4319300.193, 139
Trd, 4319300.543, 140
Trd, 4319301.693, 140
Trd, 4319301.943, 140
Trd, 4319302.143, 139
Trd, 4319302.993, 140
Trd, 4319303.143, 140
Trd, 4319304.893, 140
Trd, 4319305.693, 140
Trd, 4319305.993, 138
Trd, 4319306.093, 138
Trd, 4319307.943, 139
Trd, 4319310.293, 140
Trd, 4319310.893, 140
Trd, 4319311.443, 140
Trd, 4319311.543, 139
Trd, 4319313.893, 140
Trd, 4319313.993, 140
Trd, 4319314.193, 140
Trd, 4319314.993, 140
Trd, 4319315.843, 140
Trd, 4319316.443, 140
Trd, 4319316.493, 140
Trd, 4319317.893, 140
Trd, 4319318.243, 140
Trd, 4319318.693, 140
Trd, 4319320.343, 140
Trd, 4319320.743, 140
Trd, 4319322.493, 140
Trd, 4319322.693, 140
Trd, 4319322.893, 140
Trd, 4319324.743, 140
Trd, 4319325.143, 140
Trd, 4319326.293, 140
Trd, 4319326.743, 140
Trd, 4319327.843, 140
Trd, 4319329.193, 140
Trd, 4319329.693, 140
Trd, 4319330.543, 140
Trd, 4319330.993, 140
Trd, 4319332.543, 140
Trd, 4319334.243, 139
Trd, 4319335.443, 140
Trd, 4319335.643, 139
Trd, 4319336.243, 140
Trd, 4319336.743, 140
Trd, 4319337.993, 140
Trd, 4319338.643, 140
Trd, 4319338.743, 140
Trd, 4319339.143, 140
Trd, 4319341.043, 140
Trd, 4319341.593, 140
Trd, 4319343.093, 140
Trd, 4319343.143, 139
Trd, 4319344.393, 140
Trd, 4319345.443, 140
Trd, 4319347.893, 140
Trd, 4319348.743, 140
Trd, 4319349.193, 140
Trd, 4319349.393, 140
Trd, 4319349.993, 140
Trd, 4319350.443, 139
Trd, 4319351.843, 140
Trd, 4319352.193, 140
Trd, 4319352.843, 139
Trd, 4319353.143, 139
Trd, 4319353.193, 139
Trd, 4319353.843, 140
Trd, 4319354.143, 140
Trd, 4319354.893, 139
Trd, 4319355.093, 140
Trd, 4319356.343, 140
Trd, 4319357.293, 140
Trd, 4319357.343, 139
Trd, 4319357.943, 140
Trd, 4319360.093, 140
Trd, 4319360.693, 140
Trd, 4319360.793, 140
Trd, 4319361.443, 139
Trd, 4319361.593, 139
Trd, 4319361.893, 138
Trd, 4319363.093, 140
Trd, 4319363.843, 140
Trd, 4319364.643, 140
Trd, 4319365.943, 140
Trd, 4319367.293, 140
Trd, 4319367.693, 140
Trd, 4319368.243, 138
Trd, 4319369.893, 140
Trd, 4319370.093, 140
Trd, 4319370.593, 140
Trd, 4319370.843, 140
Trd, 4319372.343, 140
Trd, 4319372.993, 140
Trd, 4319373.793, 140
Trd, 4319373.893, 140
Trd, 4319374.443, 140
Trd, 4319375.593, 140
Trd, 4319376.493, 139
Trd, 4319376.943, 140
Trd, 4319377.043, 139
Trd, 4319379.343, 140
Trd, 4319379.393, 140
Trd, 4319381.143, 140
Trd, 4319381.343, 139
Trd, 4319381.743, 140
Trd, 4319382.043, 140
Trd, 4319382.293, 61
Trd, 4319382.843, 61
Trd, 4319384.493, 140
Trd, 4319385.893, 140
Trd, 4319387.043, 140
Trd, 4319387.793, 140
Trd, 4319388.743, 140
Trd, 4319388.793, 140
Trd, 4319390.643, 140
Trd, 4319390.793, 140
Trd, 4319391.243, 140
Trd, 4319391.293, 140
Trd, 4319391.393, 139
Trd, 4319394.143, 140
Trd, 4319396.093, 140
Trd, 4319396.293, 140
Trd, 4319397.943, 140
Trd, 4319398.593, 140
Trd, 4319398.793, 140
Trd, 4319399.193, 140
Trd, 4319399.493, 139
Trd, 4319399.793, 140
Trd, 4319400.543, 63
Trd, 4319402.093, 140
Trd, 4319403.243, 140
Trd, 4319403.743, 140
Trd, 4319403.843, 140
Trd, 4319404.743, 140
Trd, 4319404.793, 140
Trd, 4319405.443, 140
Trd, 4319406.793, 140
Trd, 4319407.843, 140
Trd, 4319408.093, 139
Trd, 4319409.343, 140
Trd, 4319409.693, 139
Trd, 4319410.493, 140
Trd, 4319411.493, 140
Trd, 4319412.343, 139
Trd, 4319412.843, 140
Trd, 4319413.993, 140
Trd, 4319414.543, 140
Trd, 4319414.643, 139
Trd, 4319415.493, 140
Trd, 4319416.243, 140
Trd, 4319416.643, 139
Trd, 4319418.493, 140
Trd, 4319419.793, 140
Trd, 4319420.093, 140
Trd, 4319420.443, 140
Trd, 4319420.643, 139
Trd, 4319420.793, 140
Trd, 4319421.843, 140
Trd, 4319422.243, 138
Trd, 4319422.443, 113
Trd, 4319422.893, 140
Trd, 4319422.993, 140
Trd, 4319424.243, 140
Trd, 4319424.593, 139
Trd, 4319425.193, 140
Trd, 4319426.443, 140
Trd, 4319426.493, 137
Trd, 4319427.043, 65
Trd, 4319427.793, 70
Trd, 4319427.943, 112
Trd, 4319428.293, 63
Trd, 4319428.543, 114
Trd, 4319431.493, 140
Trd, 4319432.293, 140
Trd, 4319432.493, 139
Trd, 4319433.293, 139
Trd, 4319434.193, 140
Trd, 4319434.593, 140
Trd, 4319435.043, 140
Trd, 4319435.143, 139
Trd, 4319435.293, 139
Trd, 4319435.343, 137
Trd, 4319437.943, 140
Trd, 4319438.193, 140
Trd, 4319438.643, 140
Trd, 4319438.893, 139
Trd, 4319439.043, 139
Trd, 4319440.093, 140
Trd, 4319442.243, 140
Trd, 4319442.593, 140
Trd, 4319442.793, 140
Trd, 4319443.193, 139
Trd, 4319443.443, 140
Trd, 4319445.143, 140
Trd, 4319446.643, 140
Trd, 4319447.243, 140
Trd, 4319447.293, 140
Trd, 4319447.743, 140
Trd, 4319448.093, 119
Trd, 4319449.193, 67
Trd, 4319449.893, 140
Trd, 4319450.743, 140
Trd, 4319451.743, 139
Trd, 4319452.343, 140
Trd, 4319452.843, 140
Trd, 4319453.943, 139
Trd, 4319454.843, 139
Trd, 4319455.743, 140
Trd, 4319455.943, 140
Trd, 4319458.093, 140
Trd, 4319458.493, 140
Trd, 4319458.743, 140
Trd, 4319460.193, 140
Trd, 4319460.443, 139
Trd, 4319461.643, 138
Trd, 4319462.043, 138
Trd, 4319463.143, 139
Trd, 4319464.243, 137
Trd, 4319464.493, 140
Trd, 4319465.243, 140
Trd, 4319466.243, 140
Trd, 4319466.743, 140
Trd, 4319467.343, 140
Trd, 4319467.393, 139
Trd, 4319469.843, 140
Trd, 4319470.343, 140
Trd, 4319470.443, 139
Trd, 4319471.743, 140
Trd, 4319472.343, 140
Trd, 4319472.793, 140
Trd, 4319473.393, 140
Trd, 4319474.343, 140
Trd, 4319475.943, 140
Trd, 4319476.193, 139
Trd, 4319477.943, 140
Trd, 4319478.343, 138
Trd, 4319478.843, 140
Trd, 4319479.043, 140
Trd, 4319479.293, 139
Trd, 4319481.043, 140
Trd, 4319481.243, 139
Trd, 4319481.743, 139
Trd, 4319482.443, 139
Trd, 4319484.693, 140
Trd, 4319484.793, 140
Trd, 4319485.443, 140
Trd, 4319485.843, 140
Trd, 4319486.993, 140
Trd, 4319487.143, 140
Trd, 4319488.093, 140
Trd, 4319488.393, 139
Trd, 4319490.443, 140
Trd, 4319490.743, 140
Trd, 4319490.893, 139
Trd, 4319491.443, 139
Trd, 4319491.843, 140
Trd, 4319492.043, 140
Trd, 4319492.843, 139
Trd, 4319493.143, 140
Trd, 4319493.493, 139
Trd, 4319494.093, 139
Trd, 4319494.393, 137
Trd, 4319497.443, 140
Trd, 4319497.493, 139
Trd, 4319497.743, 140
Trd, 4319498.443, 140
Trd, 4319498.643, 137
Trd, 4319498.943, 140
Trd, 4319499.243, 70
Trd, 4319500.693, 140
Trd, 4319501.193, 138
Trd, 4319502.293, 113
Trd, 4319502.543, 113
Trd, 4319505.693, 140
Trd, 4319506.093, 140
Trd, 4319506.443, 139
Trd, 4319506.843, 140
Trd, 4319507.493, 140
Trd, 4319508.243, 140
Trd, 4319508.293, 140
Trd, 4319508.443, 139
Trd, 4319509.293, 140
Trd, 4319509.743, 140
Trd, 4319509.893, 139
Trd, 4319510.793, 140
Trd, 4319511.143, 110
Trd, 4319512.343, 63
Trd, 4319514.443, 140
Trd, 4319515.493, 140
Trd, 4319515.943, 140
Trd, 4319517.393, 140
Trd, 4319517.593, 140
Trd, 4319518.243, 140
Trd, 4319519.443, 139
Trd, 4319519.543, 137
Trd, 4319520.343, 140
Trd, 4319520.443, 140
Trd, 4319521.843, 140
Trd, 4319522.443, 140
Trd, 4319524.043, 140
Trd, 4319524.393, 140
Trd, 4319524.943, 140
Trd, 4319525.643, 139
Trd, 4319526.543, 140
Trd, 4319529.493, 140
Trd, 4319529.993, 140
Trd, 4319530.043, 139
Trd, 4319530.093, 138
Trd, 4319530.893, 140
Trd, 4319531.243, 140
Trd, 4319531.443, 139
Trd, 4319532.593, 140
Trd, 4319532.743, 140
Trd, 4319533.743, 139
Trd, 4319534.543, 138
Trd, 4319534.993, 139
Trd, 4319536.343, 140
Trd, 4319536.993, 140
Trd, 4319539.793, 140
Trd, 4319539.843, 140
Trd, 4319540.093, 140
Trd, 4319540.693, 140
Trd, 4319540.893, 140
Trd, 4319541.043, 140
Trd, 4319542.493, 140
Trd, 4319542.543, 139
Trd, 4319543.593, 140
Trd, 4319543.693, 139
Trd, 4319545.743, 140
Trd, 4319545.993, 140
Trd, 4319546.293, 140
Trd, 4319546.393, 140
Trd, 4319547.393, 136
Trd, 4319547.493, 116
Trd, 4319548.593, 138
Trd, 4319549.143, 138
Trd, 4319549.693, 136
Trd, 4319550.143, 60
Trd, 4319550.543, 64
Trd, 4319552.543, 140
Trd, 4319552.743, 139
Trd, 4319553.793, 140
Trd, 4319554.443, 140
Trd, 4319554.493, 140
Trd, 4319555.293, 79
Trd, 4319555.693, 139
Trd, 4319556.293, 135
Trd, 4319558.043, 140
Trd, 4319559.643, 140
Trd, 4319560.293, 140
Trd, 4319561.093, 140
Trd, 4319563.043, 140
Trd, 4319563.493, 140
Trd, 4319565.743, 140
Trd, 4319565.843, 140
Trd, 4319566.093, 140
Trd, 4319566.343, 140
Trd, 4319566.493, 140
Trd, 4319566.593, 139
Trd, 4319568.143, 139
Trd, 4319568.743, 140
Trd, 4319569.543, 140
Trd, 4319570.643, 140
Trd, 4319571.443, 140
Trd, 4319571.643, 139
Trd, 4319572.493, 140
Trd, 4319572.743, 140
Trd, 4319573.393, 140
Trd, 4319574.793, 140
Trd, 4319575.893, 140
Trd, 4319575.993, 140
Trd, 4319576.443, 140
Trd, 4319577.943, 140
Trd, 4319578.293, 139
Trd, 4319580.943, 140
Trd, 4319581.093, 140
Trd, 4319581.343, 140
Trd, 4319582.993, 140
Trd, 4319583.643, 140
Trd, 4319583.693, 139
Trd, 4319584.443, 140
Trd, 4319584.543, 139
Trd, 4319585.343, 140
Trd, 4319585.643, 140
Trd, 4319586.793, 140
Trd, 4319586.893, 139
Trd, 4319587.493, 140
Trd, 4319588.993, 140
Trd, 4319589.843, 140
Trd, 4319591.443, 140
Trd, 4319592.443, 140
Trd, 4319593.593, 140
Trd, 4319594.343, 140
Trd, 4319595.443, 140
Trd, 4319595.543, 140
Trd, 4319597.193, 140
Trd, 4319597.543, 140
Trd, 4319598.793, 140
Trd, 4319599.093, 139
Trd, 4319599.793, 139
Trd, 4319600.443, 140
Trd, 4319600.643, 139
Trd, 4319600.893, 140
Trd, 4319601.043, 140
Trd, 4319602.443, 140
Trd, 4319602.893, 140
Trd, 4319603.543, 140
Trd, 4319604.693, 140
Trd, 4319605.243, 139
Trd, 4319605.493, 139
Trd, 4319606.043, 140
Trd, 4319606.243, 139
Trd, 4319608.743, 140
Trd, 4319609.393, 140
Trd, 4319609.743, 138
Trd, 4319610.293, 140
Trd, 4319610.443, 140
Trd, 4319611.293, 140
Trd, 4319613.443, 140
Trd, 4319613.893, 140
Trd, 4319614.493, 140
Trd, 4319614.943, 140
Trd, 4319615.643, 140
Trd, 4319616.343, 140
Trd, 4319617.093, 140
Trd, 4319617.793, 140
Trd, 4319617.943, 139
Trd, 4319618.443, 139
Trd, 4319618.843, 140
Trd, 4319620.743, 140
Trd, 4319621.843, 139
Trd, 4319622.443, 140
Trd, 4319622.843, 139
Trd, 4319624.393, 140
Trd, 4319626.143, 140
Trd, 4319626.343, 139
Trd, 4319628.293, 140
Trd, 4319628.693, 140
Trd, 4319629.493, 140
Trd, 4319629.793, 140
Trd, 4319629.843, 140
Trd, 4319630.843, 140
Trd, 4319632.043, 140
Trd, 4319633.643, 140
Trd, 4319634.343, 140
Trd, 4319634.393, 140
Trd, 4319634.793, 139
Trd, 4319634.843, 137
Trd, 4319635.793, 139
Trd, 4319637.343, 139
Trd, 4319639.193, 140
Trd, 4319639.543, 140
Trd, 4319639.593, 139
Trd, 4319640.343, 140
Trd, 4319640.943, 140
Trd, 4319643.343, 140
Trd, 4319644.393, 140
Trd, 4319644.443, 140
Trd, 4319644.643, 140
Trd, 4319646.143, 140
Trd, 4319646.443, 139
Trd, 4319646.743, 140
Trd, 4319647.643, 140
Trd, 4319648.043, 140
Trd, 4319649.443, 140
Trd, 4319649.593, 139
Trd, 4319650.493, 140
Trd, 4319651.043, 140
Trd, 4319652.293, 140
Trd, 4319652.393, 140
Trd, 4319653.343, 140
Trd, 4319653.843, 140
Trd, 4319654.993, 140
Trd, 4319655.243, 140
Trd, 4319655.743, 140
Trd, 4319656.043, 140
Trd, 4319657.443, 140
Trd, 4319657.543, 140
Trd, 4319657.893, 140
Trd, 4319660.443, 140
Trd, 4319660.893, 139
Trd, 4319661.893, 140
Trd, 4319662.093, 140
Trd, 4319662.743, 139
Trd, 4319664.593, 140
Trd, 4319664.743, 140
Trd, 4319665.643, 140
Trd, 4319665.693, 140
Trd, 4319667.343, 138
Trd, 4319667.743, 138
Trd, 4319667.943, 140
Trd, 4319668.393, 140
Trd, 4319668.643, 140
Trd, 4319668.943, 140
Trd, 4319669.093, 139
Trd, 4319669.893, 138
Trd, 4319671.193, 140
Trd, 4319672.193, 140
Trd, 4319674.193, 140
Trd, 4319674.343, 140
Trd, 4319675.693, 140
Trd, 4319675.993, 140
Trd, 4319677.193, 140
Trd, 4319677.643, 140
Trd, 4319678.293, 139
Trd, 4319678.943, 140
Trd, 4319679.943, 140
Trd, 4319679.993, 140
Trd, 4319680.093, 139
Trd, 4319681.743, 140
Trd, 4319682.393, 140
Trd, 4319682.443, 140
Trd, 4319682.793, 139
Trd, 4319684.893, 140
Trd, 4319685.143, 140
Trd, 4319686.193, 140
Trd, 4319687.143, 140
Trd, 4319688.493, 140
Trd, 4319689.993, 140
Trd, 4319690.443, 140
Trd, 4319690.893, 140
Trd, 4319691.093, 140
Trd, 4319691.993, 140
Trd, 4319692.043, 139
Trd, 4319693.893, 140
Trd, 4319694.593, 139
Trd, 4319695.143, 140
Trd, 4319695.843, 140
Trd, 4319696.043, 139
Trd, 4319696.743, 140
Trd, 4319696.993, 140
Trd, 4319697.343, 139
Trd, 4319698.093, 137
Trd, 4319698.143, 137
Trd, 4319700.593, 140
Trd, 4319700.693, 139
Trd, 4319700.793, 137
Trd, 4319701.693, 140
Trd, 4319702.343, 139
Trd, 4319703.643, 139
Trd, 4319703.843, 139
Trd, 4319704.843, 138
Trd, 4319704.993, 136
Trd, 4319706.993, 140
Trd, 4319709.043, 140
Trd, 4319709.343, 140
Trd, 4319709.743, 140
Trd, 4319710.193, 140
Trd, 4319710.343, 139
Trd, 4319710.543, 140
Trd, 4319711.193, 140
Trd, 4319712.043, 140
Trd, 4319712.393, 140
Trd, 4319714.043, 139
Trd, 4319715.393, 139
Trd, 4319715.693, 137
Trd, 4319716.493, 140
Trd, 4319717.043, 140
Trd, 4319717.693, 139
Trd, 4319718.893, 140
Trd, 4319718.993, 139
Trd, 4319719.993, 140
Trd, 4319720.243, 139
Trd, 4319720.543, 135
Trd, 4319721.343, 140
Trd, 4319721.393, 140
Trd, 4319722.393, 135
Trd, 4319722.843, 140
Trd, 4319723.643, 140
Trd, 4319725.093, 140
Trd, 4319725.793, 140
Trd, 4319727.593, 140
Trd, 4319728.093, 140
Trd, 4319728.593, 140
Trd, 4319728.643, 139
Trd, 4319728.993, 137
Trd, 4319729.943, 137
Trd, 4319731.143, 140
Trd, 4319731.993, 140
Trd, 4319733.693, 140
Trd, 4319734.143, 140
Trd, 4319735.593, 140
Trd, 4319735.743, 140
Trd, 4319736.243, 140
Trd, 4319736.543, 140
Trd, 4319737.593, 140
Trd, 4319738.543, 140
Trd, 4319739.993, 140
Trd, 4319740.443, 140
Trd, 4319741.043, 140
Trd, 4319741.293, 140
Trd, 4319741.843, 139
Trd, 4319744.243, 140
Trd, 4319744.343, 140
Trd, 4319744.443, 140
Trd, 4319744.793, 140
Trd, 4319744.943, 139
Trd, 4319745.943, 140
Trd, 4319746.293, 140
Trd, 4319747.693, 140
Trd, 4319747.743, 140
Trd, 4319748.993, 140
Trd, 4319749.543, 140
Trd, 4319750.543, 140
Trd, 4319750.643, 140
Trd, 4319750.743, 139
Trd, 4319752.093, 140
Trd, 4319753.443, 140
Trd, 4319753.743, 140
Trd, 4319753.893, 139
Trd, 4319754.393, 138
Trd, 4319754.943, 138
Trd, 4319755.493, 137
Trd, 4319756.193, 140
Trd, 4319758.493, 140
Trd, 4319759.593, 140
Trd, 4319759.793, 140
Trd, 4319760.143, 140
Trd, 4319761.043, 140
Trd, 4319761.493, 140
Trd, 4319761.893, 139
Trd, 4319762.093, 139
Trd, 4319762.743, 140
Trd, 4319763.343, 140
Trd, 4319764.093, 140
Trd, 4319765.143, 140
Trd, 4319765.993, 139
Trd, 4319766.243, 140
Trd, 4319766.693, 138
Trd, 4319768.193, 140
Trd, 4319770.093, 140
Trd, 4319770.943, 140
Trd, 4319771.143, 140
Trd, 4319772.393, 140
Trd, 4319773.393, 140
Trd, 4319773.643, 140
Trd, 4319774.843, 140
Trd, 4319775.143, 140
Trd, 4319776.543, 140
Trd, 4319776.743, 140
Trd, 4319777.693, 140
Trd, 4319779.893, 140
Trd, 4319780.343, 140
Trd, 4319780.943, 140
Trd, 4319782.043, 140
Trd, 4319782.343, 139
Trd, 4319783.493, 140
Trd, 4319784.593, 140
Trd, 4319784.693, 140
Trd, 4319785.043, 139
Trd, 4319785.193, 140
Trd, 4319787.393, 140
Trd, 4319787.493, 139
Trd, 4319787.893, 139
Trd, 4319788.393, 138
Trd, 4319790.393, 140
Trd, 4319791.043, 140
Trd, 4319791.443, 140
Trd, 4319791.793, 140
Trd, 4319792.393, 140
Trd, 4319793.093, 140
Trd, 4319793.143, 139
Trd, 4319794.293, 140
Trd, 4319796.193, 140
Trd, 4319796.393, 139
Trd, 4319796.543, 139
Trd, 4319796.643, 136
Trd, 4319797.093, 79
Trd, 4319797.943, 62
Trd, 4319798.493, 140
Trd, 4319799.493, 140
Trd, 4319801.393, 140
Trd, 4319801.643, 140
Trd, 4319802.643, 140
Trd, 4319803.493, 140
Trd, 4319803.693, 139
Trd, 4319805.193, 138
Trd, 4319806.693, 140
Trd, 4319808.043, 140
Trd, 4319808.493, 140
Trd, 4319808.543, 139
Trd, 4319809.643, 140
Trd, 4319811.493, 140
Trd, 4319811.793, 140
Trd, 4319812.643, 140
Trd, 4319814.343, 140
Trd, 4319815.043, 140
Trd, 4319815.143, 140
Trd, 4319816.043, 140
Trd, 4319816.943, 139
Trd, 4319818.243, 138
Trd, 4319818.793, 140
Trd, 4319819.893, 140
Trd, 4319821.493, 140
Trd, 4319821.643, 139
Trd, 4319822.793, 140
Trd, 4319824.493, 140
Trd, 4319825.243, 140
Trd, 4319825.443, 139
Trd, 4319825.693, 140
Trd, 4319826.443, 140
Trd, 4319828.043, 140
Trd, 4319828.693, 140
Trd, 4319828.793, 140
Trd, 4319829.343, 138
Trd, 4319830.593, 140
Trd, 4319831.843, 140
Trd, 4319832.843, 140
Trd, 4319834.443, 140
Trd, 4319834.693, 140
Trd, 4319834.743, 139
Trd, 4319835.943, 139
Trd, 4319836.743, 139
Trd, 4319838.943, 140
Trd, 4319839.193, 140
Trd, 4319840.543, 140
Trd, 4319840.843, 140
Trd, 4319841.493, 140
Trd, 4319841.743, 140
Trd, 4319841.943, 140
Trd, 4319842.693, 140
Trd, 4319843.193, 135
Trd, 4319844.043, 139
Trd, 4319844.993, 140
Trd, 4319845.693, 140
Trd, 4319846.943, 139
Trd, 4319847.293, 140
Trd, 4319847.793, 140
Trd, 4319849.043, 140
Trd, 4319850.893, 140
Trd, 4319851.243, 140
Trd, 4319852.143, 140
Trd, 4319853.243, 140
Trd, 4319853.493, 140
Trd, 4319853.743, 139
Trd, 4319854.493, 140
Trd, 4319854.593, 139
Trd, 4319854.993, 100
Trd, 4319855.593, 140
Trd, 4319855.793, 139
Trd, 4319857.943, 140
Trd, 4319858.443, 140
Trd, 4319858.993, 140
Trd, 4319859.193, 140
Trd, 4319859.943, 139
Trd, 4319860.943, 140
Trd, 4319861.143, 138
Trd, 4319861.293, 136
Trd, 4319862.593, 140
Trd, 4319862.743, 139
Trd, 4319862.993, 139
Trd, 4319864.393, 140
Trd, 4319864.543, 139
Trd, 4319864.793, 92
Trd, 4319866.343, 61
Trd, 4319867.093, 66
Trd, 4319867.743, 62
Trd, 4319868.243, 78
Trd, 4319868.793, 140
Trd, 4319870.243, 140
Trd, 4319870.993, 140
Trd, 4319871.143, 140
Trd, 4319871.543, 139
Trd, 4319871.643, 120
Trd, 4319873.393, 140
Trd, 4319874.843, 140
Trd, 4319875.293, 140
Trd, 4319875.393, 140
Trd, 4319875.643, 139
Trd, 4319877.893, 140
Trd, 4319878.643, 140
Trd, 4319879.143, 140
Trd, 4319879.743, 139
Trd, 4319880.443, 140
Trd, 4319880.843, 140
Trd, 4319880.993, 139
Trd, 4319881.293, 137
Trd, 4319881.843, 139
Trd, 4319882.743, 126
Trd, 4319883.093, 140
Trd, 4319883.993, 138
Trd, 4319884.793, 139
Trd, 4319886.293, 140
Trd, 4319886.843, 140
Trd, 4319887.793, 140
Trd, 4319888.293, 140
Trd, 4319889.293, 140
Trd, 4319889.593, 140
Trd, 4319890.243, 140
Trd, 4319891.743, 140
Trd, 4319891.943, 139
Trd, 4319892.293, 139
Trd, 4319893.593, 140
Trd, 4319893.643, 140
Trd, 4319894.543, 140
Trd, 4319894.893, 140
Trd, 4319895.143, 139
Trd, 4319895.243, 138
Trd, 4319895.643, 70
Trd, 4319896.243, 130
Trd, 4319897.143, 62
Trd, 4319897.743, 111
Trd, 4319897.793, 128
Trd, 4319898.893, 140
Trd, 4319899.193, 140
Trd, 4319900.793, 140
Trd, 4319900.843, 140
Trd, 4319901.043, 139
Trd, 4319901.993, 140
Trd, 4319902.743, 140
Trd, 4319903.443, 140
Trd, 4319904.493, 140
Trd, 4319904.693, 61
Trd, 4319905.493, 140
Trd, 4319907.193, 140
Trd, 4319908.343, 139
Trd, 4319908.543, 139
Trd, 4319908.843, 140
Trd, 4319909.693, 140
Trd, 4319910.093, 138
Trd, 4319910.993, 140
Trd, 4319911.943, 140
Trd, 4319912.743, 140
Trd, 4319913.243, 140
Trd, 4319914.043, 140
Trd, 4319914.093, 140
Trd, 4319914.543, 140
Trd, 4319915.093, 139
Trd, 4319915.993, 140
Trd, 4319916.443, 138
Trd, 4319917.843, 140
Trd, 4319918.343, 140
Trd, 4319918.593, 140
Trd, 4319919.143, 140
Trd, 4319920.343, 140
Trd, 4319920.543, 139
Trd, 4319920.843, 101
Trd, 4319922.593, 140
Trd, 4319923.393, 140
Trd, 4319923.443, 140
Trd, 4319924.093, 140
Trd, 4319924.393, 140
Trd, 4319925.343, 140
Trd, 4319926.993, 140
Trd, 4319927.593, 140
Trd, 4319928.243, 140
Trd, 4319928.693, 139
Trd, 4319930.593, 140
Trd, 4319932.743, 140
Trd, 4319933.543, 140
Trd, 4319933.793, 140
Trd, 4319933.893, 139
Trd, 4319933.993, 139
Trd, 4319934.193, 140
Trd, 4319934.443, 139
Trd, 4319935.843, 140
Trd, 4319936.143, 139
Trd, 4319936.943, 140
Trd, 4319938.093, 140
Trd, 4319938.743, 140
Trd, 4319939.293, 140
Trd, 4319939.993, 140
Trd, 4319940.243, 139
Trd, 4319941.093, 138
Trd, 4319941.443, 140
Trd, 4319941.493, 138
Trd, 4319942.293, 64
Trd, 4319942.493, 140
Trd, 4319944.643, 140
Trd, 4319945.593, 140
Trd, 4319946.793, 139
Trd, 4319947.093, 140
Trd, 4319947.143, 87
Trd, 4319948.043, 62
Trd, 4319949.693, 140
Trd, 4319950.343, 140
Trd, 4319950.493, 140
Trd, 4319951.343, 140
Trd, 4319951.693, 138
Trd, 4319952.093, 140
Trd, 4319953.193, 140
Trd, 4319953.693, 140
Trd, 4319953.743, 140
Trd, 4319954.193, 139
Trd, 4319955.643, 62
Trd, 4319957.143, 139
Trd, 4319957.793, 140
Trd, 4319959.443, 140
Trd, 4319960.543, 140
Trd, 4319960.943, 140
Trd, 4319961.293, 140
Trd, 4319962.093, 139
Trd, 4319962.293, 140
Trd, 4319963.393, 140
Trd, 4319964.493, 140
Trd, 4319966.343, 140
Trd, 4319967.193, 140
Trd, 4319967.243, 140
Trd, 4319967.543, 139
Trd, 4319970.343, 140
Trd, 4319970.393, 140
Trd, 4319970.693, 140
Trd, 4319971.343, 140
Trd, 4319971.943, 139
Trd, 4319972.293, 140
Trd, 4319972.793, 139
Trd, 4319974.343, 140
Trd, 4319974.693, 140
Trd, 4319974.943, 140
Trd, 4319976.543, 140
Trd, 4319976.943, 140
Trd, 4319977.593, 140
Trd, 4319977.743, 139
Trd, 4319979.693, 140
Trd, 4319979.743, 139
Trd, 4319980.393, 140
Trd, 4319981.793, 139
Trd, 4319982.293, 138
Trd, 4319982.793, 87
Trd, 4319983.343, 140
Trd, 4319983.393, 139
Trd, 4319983.893, 60
Trd, 4319984.993, 140
Trd, 4319985.393, 140
Trd, 4319985.593, 139
Trd, 4319986.093, 135
Trd, 4319987.243, 124
Trd, 4319987.493, 121
Trd, 4319988.343, 140
Trd, 4319988.393, 139
Trd, 4319989.443, 140
Trd, 4319990.193, 139
Trd, 4319990.543, 139
Trd, 4319992.493, 140
Trd, 4319992.693, 140
Trd, 4319993.443, 140
Trd, 4319993.843, 139
Trd, 4319994.843, 140
Trd, 4319996.143, 140
Trd, 4319996.243, 139
Trd, 4319996.343, 140
Trd, 4319997.493, 140
Trd, 4319998.643, 140
Trd, 4319999.293, 140
Trd, 4319999.893, 140
