Trd, 4318104.743, 71
Trd, 4318105.143, 70
Trd, 4318105.443, 70
Trd, 4318105.743, 69
Trd, 4318105.993, 140
Trd, 4318106.293, 65
Trd, 4318107.243, 68
Trd, 4318108.493, 77
Trd, 4318109.093, 111
Trd, 4318109.143, 131
Trd, 4318109.193, 110
Trd, 4318109.393, 76
Trd, 4318109.493, 75
Trd, 4318110.543, 139
Trd, 4318111.143, 138
Trd, 4318111.943, 140
Trd, 4318111.993, 137
Trd, 4318112.743, 100
Trd, 4318112.893, 99
Trd, 4318115.643, 60
Trd, 4318116.943, 61
Trd, 4318119.043, 60
Trd, 4318119.243, 61
Trd, 4318119.343, 62
Trd, 4318119.893, 64
Trd, 4318119.993, 63
Trd, 4318120.193, 61
Trd, 4318120.443, 64
Trd, 4318122.293, 63
Trd, 4318123.493, 67
Trd, 4318123.643, 70
Trd, 4318123.843, 70
Trd, 4318123.893, 69
Trd, 4318124.043, 66
Trd, 4318124.243, 66
Trd, 4318124.843, 61
Trd, 4318126.993, 60
Trd, 4318128.943, 60
Trd, 4318130.393, 60
Trd, 4318131.893, 61
Trd, 4318132.243, 60
Trd, 4318134.993, 61
Trd, 4318135.343, 60
Trd, 4318135.393, 61
Trd, 4318135.593, 61
Trd, 4318136.443, 62
Trd, 4318136.493, 66
Trd, 4318136.943, 62
Trd, 4318138.643, 65
Trd, 4318139.543, 66
Trd, 4318140.043, 65
Trd, 4318140.093, 63
Trd, 4318143.343, 60
Trd, 4318144.543, 60
Trd, 4318144.693, 61
Trd, 4318145.043, 60
Trd, 4318148.093, 60
Trd, 4318148.293, 60
Trd, 4318148.443, 60
Trd, 4318149.243, 61
Trd, 4318149.393, 61
Trd, 4318149.443, 62
Trd, 4318150.393, 61
Trd, 4318150.543, 61
Trd, 4318150.893, 64
Trd, 4318151.493, 61
Trd, 4318152.093, 63
Trd, 4318152.443, 62
Trd, 4318153.343, 64
Trd, 4318153.593, 64
Trd, 4318153.693, 61
Trd, 4318157.693, 60
Trd, 4318159.893, 60
Trd, 4318160.293, 60
Trd, 4318161.093, 61
Trd, 4318161.443, 62
Trd, 4318161.543, 67
Trd, 4318161.993, 61
Trd, 4318162.343, 81
Trd, 4318162.593, 63
Trd, 4318163.393, 67
Trd, 4318163.843, 65
Trd, 4318164.993, 61
Trd, 4318165.543, 63
Trd, 4318166.393, 66
Trd, 4318169.443, 60
Trd, 4318170.993, 61
Trd, 4318171.093, 62
Trd, 4318171.293, 62
Trd, 4318171.393, 61
Trd, 4318171.593, 62
Trd, 4318173.393, 60
Trd, 4318174.043, 61
Trd, 4318174.093, 64
Trd, 4318174.943, 60
Trd, 4318175.393, 60
Trd, 4318175.443, 61
Trd, 4318176.693, 64
Trd, 4318176.943, 64
Trd, 4318178.043, 61
Trd, 4318178.343, 60
Trd, 4318179.493, 61
Trd, 4318179.543, 60
Trd, 4318180.193, 60
Trd, 4318181.143, 63
Trd, 4318181.943, 63
Trd, 4318182.243, 65
Trd, 4318182.393, 71
Trd, 4318182.743, 69
Trd, 4318183.743, 70
Trd, 4318184.393, 71
Trd, 4318184.443, 69
Trd, 4318185.443, 138
Trd, 4318185.593, 72
Trd, 4318186.293, 73
Trd, 4318187.093, 81
Trd, 4318187.493, 77
Trd, 4318187.993, 81
Trd, 4318188.543, 79
Trd, 4318188.593, 77
Trd, 4318191.393, 140
Trd, 4318191.943, 140
Trd, 4318192.543, 140
Trd, 4318192.793, 140
Trd, 4318192.943, 140
Trd, 4318193.143, 140
Trd, 4318194.993, 61
Trd, 4318195.443, 66
Trd, 4318195.943, 61
Trd, 4318197.343, 60
Trd, 4318197.443, 61
Trd, 4318199.643, 60
Trd, 4318200.493, 60
Trd, 4318201.743, 60
Trd, 4318201.793, 60
Trd, 4318202.493, 60
Trd, 4318203.543, 60
Trd, 4318203.593, 60
Trd, 4318203.693, 60
Trd, 4318204.093, 61
Trd, 4318204.543, 61
Trd, 4318204.843, 61
Trd, 4318205.493, 65
Trd, 4318207.193, 60
Trd, 4318209.293, 60
Trd, 4318210.243, 60
Trd, 4318210.393, 61
Trd, 4318211.693, 60
Trd, 4318211.743, 61
Trd, 4318212.293, 60
Trd, 4318212.693, 60
Trd, 4318213.143, 60
Trd, 4318213.743, 61
Trd, 4318213.943, 62
Trd, 4318213.993, 63
Trd, 4318214.243, 61
Trd, 4318214.393, 61
Trd, 4318216.443, 60
Trd, 4318217.093, 60
Trd, 4318217.943, 60
Trd, 4318220.443, 60
Trd, 4318221.493, 60
Trd, 4318221.693, 60
Trd, 4318221.793, 61
Trd, 4318222.343, 60
Trd, 4318222.743, 60
Trd, 4318222.893, 61
Trd, 4318223.943, 60
Trd, 4318224.043, 60
Trd, 4318224.293, 62
Trd, 4318224.743, 62
Trd, 4318225.693, 65
Trd, 4318225.793, 62
Trd, 4318227.293, 80
Trd, 4318227.393, 82
Trd, 4318232.543, 60
Trd, 4318232.793, 60
Trd, 4318233.193, 62
Trd, 4318233.393, 61
Trd, 4318233.543, 60
Trd, 4318234.193, 62
Trd, 4318234.343, 62
Trd, 4318235.043, 62
Trd, 4318237.643, 60
Trd, 4318239.743, 60
Trd, 4318240.293, 60
Trd, 4318240.893, 60
Trd, 4318241.143, 60
Trd, 4318241.193, 61
Trd, 4318241.643, 61
Trd, 4318242.493, 61
Trd, 4318242.643, 61
Trd, 4318243.043, 62
Trd, 4318243.593, 61
Trd, 4318243.643, 63
Trd, 4318247.193, 60
Trd, 4318248.043, 60
Trd, 4318249.693, 60
Trd, 4318250.443, 60
Trd, 4318250.993, 62
Trd, 4318251.343, 63
Trd, 4318251.443, 64
Trd, 4318252.093, 62
Trd, 4318252.393, 64
Trd, 4318252.693, 61
Trd, 4318253.243, 62
Trd, 4318253.693, 63
Trd, 4318255.693, 138
Trd, 4318255.843, 138
Trd, 4318256.043, 69
Trd, 4318256.343, 69
Trd, 4318256.543, 68
Trd, 4318257.193, 61
Trd, 4318258.193, 60
Trd, 4318258.493, 61
Trd, 4318259.243, 62
Trd, 4318262.143, 60
Trd, 4318263.193, 60
Trd, 4318263.393, 61
Trd, 4318263.543, 61
Trd, 4318263.843, 60
Trd, 4318265.293, 67
Trd, 4318265.443, 68
Trd, 4318266.493, 140
Trd, 4318266.693, 140
Trd, 4318266.743, 140
Trd, 4318266.943, 67
Trd, 4318267.393, 66
Trd, 4318270.243, 60
Trd, 4318270.443, 60
Trd, 4318271.943, 60
Trd, 4318272.193, 61
Trd, 4318272.593, 65
Trd, 4318272.793, 64
Trd, 4318272.843, 63
Trd, 4318273.843, 140
Trd, 4318274.593, 140
Trd, 4318274.693, 140
Trd, 4318276.393, 60
Trd, 4318279.743, 61
Trd, 4318281.343, 60
Trd, 4318281.543, 61
Trd, 4318281.793, 62
Trd, 4318281.893, 63
Trd, 4318282.043, 61
Trd, 4318283.293, 61
Trd, 4318283.593, 62
Trd, 4318283.843, 61
Trd, 4318283.943, 60
Trd, 4318286.493, 61
Trd, 4318286.943, 60
Trd, 4318288.143, 60
Trd, 4318289.693, 61
Trd, 4318289.843, 61
Trd, 4318290.143, 62
Trd, 4318290.593, 65
Trd, 4318290.843, 66
Trd, 4318292.143, 140
Trd, 4318292.443, 67
Trd, 4318293.343, 68
Trd, 4318293.643, 86
Trd, 4318293.743, 71
Trd, 4318294.343, 69
Trd, 4318295.343, 139
Trd, 4318296.343, 81
Trd, 4318296.593, 135
Trd, 4318297.393, 86
Trd, 4318297.543, 85
Trd, 4318298.193, 121
Trd, 4318298.293, 83
Trd, 4318300.393, 140
Trd, 4318300.443, 140
Trd, 4318301.093, 140
Trd, 4318301.243, 140
Trd, 4318301.743, 140
Trd, 4318301.943, 140
Trd, 4318302.193, 140
Trd, 4318303.693, 140
Trd, 4318304.093, 140
Trd, 4318304.293, 140
Trd, 4318304.943, 138
Trd, 4318307.343, 60
Trd, 4318307.393, 63
Trd, 4318308.193, 62
Trd, 4318308.843, 66
Trd, 4318310.693, 60
Trd, 4318313.193, 60
Trd, 4318313.243, 60
Trd, 4318313.293, 61
Trd, 4318313.843, 61
Trd, 4318314.143, 60
Trd, 4318314.593, 63
Trd, 4318314.643, 62
Trd, 4318315.543, 62
Trd, 4318315.893, 63
Trd, 4318317.093, 60
Trd, 4318317.393, 61
Trd, 4318317.643, 60
Trd, 4318317.943, 61
Trd, 4318318.343, 62
Trd, 4318319.093, 63
Trd, 4318319.593, 62
Trd, 4318321.643, 60
Trd, 4318324.043, 60
Trd, 4318325.093, 60
Trd, 4318325.243, 60
Trd, 4318325.793, 60
Trd, 4318325.843, 60
Trd, 4318325.943, 61
Trd, 4318326.493, 62
Trd, 4318326.593, 61
Trd, 4318328.043, 60
Trd, 4318329.393, 61
Trd, 4318329.743, 61
Trd, 4318332.643, 60
Trd, 4318333.043, 61
Trd, 4318333.443, 62
Trd, 4318333.693, 60
Trd, 4318334.643, 61
Trd, 4318334.793, 62
Trd, 4318334.943, 63
Trd, 4318335.043, 61
Trd, 4318335.743, 67
Trd, 4318335.993, 65
Trd, 4318336.093, 65
Trd, 4318337.143, 66
Trd, 4318338.393, 139
Trd, 4318338.693, 71
Trd, 4318340.593, 140
Trd, 4318340.793, 140
Trd, 4318341.443, 140
Trd, 4318342.193, 140
Trd, 4318342.243, 140
Trd, 4318342.343, 140
Trd, 4318342.643, 140
Trd, 4318342.943, 138
Trd, 4318343.143, 118
Trd, 4318343.493, 60
Trd, 4318346.293, 61
Trd, 4318348.093, 60
Trd, 4318351.193, 60
Trd, 4318351.343, 60
Trd, 4318351.443, 62
Trd, 4318351.643, 61
Trd, 4318352.443, 60
Trd, 4318353.043, 60
Trd, 4318353.293, 60
Trd, 4318353.693, 64
Trd, 4318354.043, 73
Trd, 4318356.643, 60
Trd, 4318356.743, 60
Trd, 4318356.993, 61
Trd, 4318357.343, 62
Trd, 4318357.893, 62
Trd, 4318358.643, 61
Trd, 4318358.693, 62
Trd, 4318359.193, 62
Trd, 4318360.243, 61
Trd, 4318360.493, 63
Trd, 4318360.893, 63
Trd, 4318361.443, 65
Trd, 4318361.793, 116
Trd, 4318362.243, 115
Trd, 4318364.243, 69
Trd, 4318367.493, 60
Trd, 4318367.843, 62
Trd, 4318368.293, 61
Trd, 4318368.543, 60
Trd, 4318368.843, 63
Trd, 4318369.043, 63
Trd, 4318369.293, 62
Trd, 4318369.643, 62
Trd, 4318370.243, 61
Trd, 4318371.343, 63
Trd, 4318371.493, 62
Trd, 4318371.943, 62
Trd, 4318373.643, 63
Trd, 4318373.943, 63
Trd, 4318374.243, 64
Trd, 4318374.843, 70
Trd, 4318377.643, 60
Trd, 4318377.943, 60
Trd, 4318378.743, 60
Trd, 4318380.543, 60
Trd, 4318380.643, 60
Trd, 4318381.293, 60
Trd, 4318381.843, 60
Trd, 4318382.343, 61
Trd, 4318382.543, 61
Trd, 4318383.343, 62
Trd, 4318383.643, 61
Trd, 4318383.743, 67
Trd, 4318383.893, 61
Trd, 4318385.193, 60
Trd, 4318386.493, 61
Trd, 4318387.843, 60
Trd, 4318388.443, 61
Trd, 4318388.743, 61
Trd, 4318389.243, 63
Trd, 4318389.443, 66
Trd, 4318389.543, 68
Trd, 4318390.393, 65
Trd, 4318391.493, 73
Trd, 4318391.993, 72
Trd, 4318392.243, 71
Trd, 4318392.593, 70
Trd, 4318393.343, 70
Trd, 4318393.793, 69
Trd, 4318394.343, 65
Trd, 4318394.593, 61
Trd, 4318398.643, 60
Trd, 4318398.943, 60
Trd, 4318399.593, 61
Trd, 4318400.443, 60
Trd, 4318401.143, 60
Trd, 4318401.443, 61
Trd, 4318401.693, 61
Trd, 4318402.343, 63
Trd, 4318402.393, 62
Trd, 4318402.943, 61
Trd, 4318404.143, 63
Trd, 4318404.793, 64
Trd, 4318405.893, 140
Trd, 4318406.643, 140
Trd, 4318406.793, 140
Trd, 4318407.993, 72
Trd, 4318410.043, 60
Trd, 4318411.493, 60
Trd, 4318413.043, 60
Trd, 4318413.143, 60
Trd, 4318413.293, 61
Trd, 4318413.943, 64
Trd, 4318414.093, 61
Trd, 4318416.993, 60
Trd, 4318417.493, 60
Trd, 4318417.793, 60
Trd, 4318418.593, 60
Trd, 4318418.693, 63
Trd, 4318419.643, 64
Trd, 4318419.993, 61
Trd, 4318421.593, 60
Trd, 4318422.093, 60
Trd, 4318422.693, 60
Trd, 4318423.093, 62
Trd, 4318423.593, 60
Trd, 4318423.893, 64
Trd, 4318424.843, 61
Trd, 4318426.993, 60
Trd, 4318427.593, 60
Trd, 4318428.743, 60
Trd, 4318430.043, 61
Trd, 4318430.143, 62
Trd, 4318430.243, 62
Trd, 4318430.693, 61
Trd, 4318430.793, 62
Trd, 4318431.493, 62
Trd, 4318431.843, 60
Trd, 4318432.493, 62
Trd, 4318432.793, 61
Trd, 4318433.193, 60
Trd, 4318433.693, 63
Trd, 4318434.343, 66
Trd, 4318435.393, 98
Trd, 4318436.243, 140
Trd, 4318436.543, 139
Trd, 4318437.893, 140
Trd, 4318437.993, 64
Trd, 4318439.143, 67
Trd, 4318439.393, 66
Trd, 4318439.593, 61
Trd, 4318440.793, 62
Trd, 4318441.743, 61
Trd, 4318443.143, 62
Trd, 4318445.493, 60
Trd, 4318445.593, 60
Trd, 4318445.943, 60
Trd, 4318446.093, 61
Trd, 4318446.143, 60
Trd, 4318446.993, 60
Trd, 4318447.493, 61
Trd, 4318448.243, 65
Trd, 4318448.493, 61
Trd, 4318449.943, 60
Trd, 4318451.143, 62
Trd, 4318451.743, 61
Trd, 4318452.193, 62
Trd, 4318454.293, 60
Trd, 4318455.543, 60
Trd, 4318455.943, 60
Trd, 4318456.443, 63
Trd, 4318456.493, 61
Trd, 4318456.743, 61
Trd, 4318457.843, 65
Trd, 4318458.143, 66
Trd, 4318460.143, 140
Trd, 4318460.193, 140
Trd, 4318460.293, 140
Trd, 4318460.443, 140
Trd, 4318460.943, 139
Trd, 4318461.293, 70
Trd, 4318462.193, 73
Trd, 4318462.643, 85
Trd, 4318463.343, 76
Trd, 4318463.743, 75
Trd, 4318464.243, 139
Trd, 4318465.743, 109
Trd, 4318467.143, 113
Trd, 4318468.143, 117
Trd, 4318468.543, 115
Trd, 4318468.893, 112
Trd, 4318469.393, 120
Trd, 4318469.943, 62
Trd, 4318470.743, 61
Trd, 4318473.143, 60
Trd, 4318475.493, 60
Trd, 4318475.643, 60
Trd, 4318476.093, 62
Trd, 4318476.243, 62
Trd, 4318476.293, 64
Trd, 4318476.843, 84
Trd, 4318477.293, 140
Trd, 4318477.393, 140
Trd, 4318477.493, 138
Trd, 4318478.793, 68
Trd, 4318478.943, 66
Trd, 4318479.743, 60
Trd, 4318482.293, 60
Trd, 4318482.593, 61
Trd, 4318485.293, 60
Trd, 4318486.893, 60
Trd, 4318486.943, 60
Trd, 4318486.993, 61
Trd, 4318487.443, 61
Trd, 4318488.493, 64
Trd, 4318489.493, 62
Trd, 4318490.043, 64
Trd, 4318490.543, 140
Trd, 4318490.793, 140
Trd, 4318491.043, 140
Trd, 4318491.743, 68
Trd, 4318492.443, 69
Trd, 4318492.743, 81
Trd, 4318493.043, 70
Trd, 4318494.693, 60
Trd, 4318496.843, 60
Trd, 4318497.593, 60
Trd, 4318499.543, 60
Trd, 4318499.893, 60
Trd, 4318501.093, 61
Trd, 4318501.143, 61
Trd, 4318501.243, 61
Trd, 4318501.793, 60
Trd, 4318501.993, 61
Trd, 4318503.143, 61
Trd, 4318503.593, 61
Trd, 4318503.793, 62
Trd, 4318504.093, 60
Trd, 4318504.793, 65
Trd, 4318506.943, 63
Trd, 4318508.843, 60
Trd, 4318509.743, 60
Trd, 4318511.643, 60
Trd, 4318511.693, 60
Trd, 4318511.843, 60
Trd, 4318512.043, 63
Trd, 4318512.393, 62
Trd, 4318512.793, 64
Trd, 4318513.943, 68
Trd, 4318514.693, 65
Trd, 4318514.993, 62
Trd, 4318516.493, 62
Trd, 4318518.943, 60
Trd, 4318520.143, 60
Trd, 4318520.693, 60
Trd, 4318523.543, 60
Trd, 4318523.793, 61
Trd, 4318523.893, 61
Trd, 4318524.043, 62
Trd, 4318524.193, 61
Trd, 4318524.393, 63
Trd, 4318524.493, 69
Trd, 4318525.343, 62
Trd, 4318526.493, 72
Trd, 4318526.793, 69
Trd, 4318526.943, 80
Trd, 4318527.593, 140
Trd, 4318528.543, 140
Trd, 4318528.743, 140
Trd, 4318529.093, 140
Trd, 4318529.593, 140
Trd, 4318529.993, 140
Trd, 4318530.143, 139
Trd, 4318533.643, 60
Trd, 4318533.693, 61
Trd, 4318534.443, 61
Trd, 4318534.743, 60
Trd, 4318535.293, 60
Trd, 4318535.443, 61
Trd, 4318535.943, 62
Trd, 4318536.443, 62
Trd, 4318539.393, 60
Trd, 4318539.593, 60
Trd, 4318540.043, 60
Trd, 4318540.393, 61
Trd, 4318540.443, 65
Trd, 4318540.893, 60
Trd, 4318541.243, 70
Trd, 4318541.943, 61
Trd, 4318544.343, 60
Trd, 4318545.543, 60
Trd, 4318547.693, 61
Trd, 4318547.793, 61
Trd, 4318548.293, 60
Trd, 4318548.393, 61
Trd, 4318549.143, 63
Trd, 4318549.243, 64
Trd, 4318549.893, 66
Trd, 4318550.143, 65
Trd, 4318550.793, 65
Trd, 4318551.393, 67
Trd, 4318551.493, 69
Trd, 4318552.043, 139
Trd, 4318552.443, 139
Trd, 4318552.793, 140
Trd, 4318553.993, 140
Trd, 4318554.843, 123
Trd, 4318554.993, 121
Trd, 4318555.793, 140
Trd, 4318556.293, 140
Trd, 4318556.693, 140
Trd, 4318559.343, 60
Trd, 4318560.943, 60
Trd, 4318561.293, 61
Trd, 4318563.693, 60
Trd, 4318563.743, 61
Trd, 4318563.843, 62
Trd, 4318563.943, 63
Trd, 4318564.243, 61
Trd, 4318564.693, 65
Trd, 4318564.993, 63
Trd, 4318566.943, 62
Trd, 4318567.543, 63
Trd, 4318567.693, 62
Trd, 4318569.293, 60
Trd, 4318570.143, 60
Trd, 4318572.093, 61
Trd, 4318572.743, 60
Trd, 4318572.993, 61
Trd, 4318575.043, 61
Trd, 4318575.393, 62
Trd, 4318575.443, 60
Trd, 4318576.093, 63
Trd, 4318576.193, 63
Trd, 4318576.643, 63
Trd, 4318576.893, 62
Trd, 4318577.393, 63
Trd, 4318578.443, 64
Trd, 4318578.543, 65
Trd, 4318578.993, 64
Trd, 4318580.543, 72
Trd, 4318581.043, 70
Trd, 4318581.093, 69
Trd, 4318581.993, 140
Trd, 4318583.143, 140
Trd, 4318583.593, 140
Trd, 4318584.693, 140
Trd, 4318584.743, 140
Trd, 4318584.843, 140
Trd, 4318585.543, 140
Trd, 4318585.693, 140
Trd, 4318585.843, 140
Trd, 4318585.993, 139
Trd, 4318587.893, 60
Trd, 4318588.243, 67
Trd, 4318591.543, 60
Trd, 4318592.843, 60
Trd, 4318593.143, 61
Trd, 4318593.493, 61
Trd, 4318593.743, 62
Trd, 4318593.943, 61
Trd, 4318594.343, 60
Trd, 4318595.543, 63
Trd, 4318595.993, 62
Trd, 4318596.143, 140
Trd, 4318596.443, 60
Trd, 4318598.943, 60
Trd, 4318601.743, 60
Trd, 4318601.843, 61
Trd, 4318601.943, 62
Trd, 4318602.143, 63
Trd, 4318603.193, 60
Trd, 4318603.343, 60
Trd, 4318603.943, 62
Trd, 4318604.143, 61
Trd, 4318604.193, 68
Trd, 4318606.143, 61
Trd, 4318606.743, 62
Trd, 4318612.193, 60
Trd, 4318612.543, 61
Trd, 4318612.993, 60
Trd, 4318613.243, 60
Trd, 4318613.993, 63
Trd, 4318614.143, 64
Trd, 4318614.243, 68
Trd, 4318614.493, 63
Trd, 4318614.593, 62
Trd, 4318614.693, 61
Trd, 4318615.093, 69
Trd, 4318616.993, 140
Trd, 4318617.293, 140
Trd, 4318617.343, 140
Trd, 4318617.693, 140
Trd, 4318620.443, 60
Trd, 4318623.593, 60
Trd, 4318623.693, 61
Trd, 4318624.993, 60
Trd, 4318625.293, 60
Trd, 4318625.543, 60
Trd, 4318626.343, 61
Trd, 4318626.693, 60
Trd, 4318628.193, 60
Trd, 4318628.243, 60
Trd, 4318628.293, 60
Trd, 4318628.343, 60
Trd, 4318628.643, 62
Trd, 4318628.893, 64
Trd, 4318629.243, 138
Trd, 4318629.943, 61
Trd, 4318630.693, 61
Trd, 4318632.393, 61
Trd, 4318633.143, 62
Trd, 4318635.543, 63
Trd, 4318636.993, 60
Trd, 4318637.743, 60
Trd, 4318637.893, 64
Trd, 4318638.243, 63
Trd, 4318639.643, 62
Trd, 4318639.693, 60
Trd, 4318640.293, 61
Trd, 4318640.643, 60
Trd, 4318641.243, 64
Trd, 4318641.343, 60
Trd, 4318642.393, 64
Trd, 4318643.743, 60
Trd, 4318645.593, 60
Trd, 4318645.693, 61
Trd, 4318646.393, 63
Trd, 4318647.493, 60
Trd, 4318647.593, 60
Trd, 4318647.743, 61
Trd, 4318648.193, 62
Trd, 4318648.443, 61
Trd, 4318649.093, 62
Trd, 4318651.543, 63
Trd, 4318652.593, 60
Trd, 4318654.643, 60
Trd, 4318655.293, 60
Trd, 4318655.443, 61
Trd, 4318655.543, 63
Trd, 4318655.793, 61
Trd, 4318656.243, 63
Trd, 4318656.943, 67
Trd, 4318658.643, 140
Trd, 4318658.893, 140
Trd, 4318659.293, 140
Trd, 4318659.793, 140
Trd, 4318659.893, 140
Trd, 4318660.143, 121
Trd, 4318661.893, 140
Trd, 4318662.043, 140
Trd, 4318662.293, 140
Trd, 4318662.943, 140
Trd, 4318663.793, 140
Trd, 4318664.493, 138
Trd, 4318664.793, 129
Trd, 4318665.043, 128
Trd, 4318665.643, 138
Trd, 4318669.043, 61
Trd, 4318669.143, 62
Trd, 4318670.993, 60
Trd, 4318671.593, 62
Trd, 4318671.693, 63
Trd, 4318672.143, 67
Trd, 4318672.243, 66
Trd, 4318672.393, 63
Trd, 4318672.443, 68
Trd, 4318673.493, 140
Trd, 4318673.793, 140
Trd, 4318673.893, 140
Trd, 4318679.493, 61
Trd, 4318679.643, 60
Trd, 4318680.343, 60
Trd, 4318680.393, 60
Trd, 4318680.493, 61
Trd, 4318680.643, 60
Trd, 4318681.843, 63
Trd, 4318681.943, 61
Trd, 4318682.393, 63
Trd, 4318682.643, 63
Trd, 4318682.793, 62
Trd, 4318683.193, 140
Trd, 4318683.843, 139
Trd, 4318685.093, 60
Trd, 4318685.293, 63
Trd, 4318685.843, 62
Trd, 4318687.043, 60
Trd, 4318688.443, 67
Trd, 4318689.043, 60
Trd, 4318691.093, 60
Trd, 4318692.743, 60
Trd, 4318692.993, 62
Trd, 4318693.193, 66
Trd, 4318693.293, 61
Trd, 4318693.943, 65
Trd, 4318694.743, 64
Trd, 4318695.593, 63
Trd, 4318695.893, 62
Trd, 4318696.543, 60
Trd, 4318699.043, 60
Trd, 4318700.043, 60
Trd, 4318700.493, 60
Trd, 4318702.043, 61
Trd, 4318702.543, 61
Trd, 4318703.393, 60
Trd, 4318703.693, 62
Trd, 4318704.193, 64
Trd, 4318704.593, 65
Trd, 4318704.843, 64
Trd, 4318705.643, 62
Trd, 4318705.843, 63
Trd, 4318708.393, 62
Trd, 4318709.743, 60
Trd, 4318712.493, 60
Trd, 4318713.493, 60
Trd, 4318714.743, 60
Trd, 4318715.093, 60
Trd, 4318715.693, 60
Trd, 4318716.193, 60
Trd, 4318716.743, 63
Trd, 4318716.843, 62
Trd, 4318716.943, 61
Trd, 4318717.843, 63
Trd, 4318717.993, 67
Trd, 4318718.543, 65
Trd, 4318720.193, 64
Trd, 4318722.443, 60
Trd, 4318723.893, 60
Trd, 4318724.643, 60
Trd, 4318724.693, 60
Trd, 4318725.293, 62
Trd, 4318725.693, 61
Trd, 4318725.843, 62
Trd, 4318725.893, 60
Trd, 4318726.143, 62
Trd, 4318728.093, 61
Trd, 4318729.993, 60
Trd, 4318730.343, 63
Trd, 4318731.993, 60
Trd, 4318732.243, 60
Trd, 4318732.543, 60
Trd, 4318732.943, 60
Trd, 4318733.243, 62
Trd, 4318733.393, 62
Trd, 4318733.493, 60
Trd, 4318735.093, 60
Trd, 4318735.543, 61
Trd, 4318736.593, 63
Trd, 4318737.343, 61
Trd, 4318738.243, 62
Trd, 4318738.293, 60
Trd, 4318740.343, 60
Trd, 4318740.393, 61
Trd, 4318740.693, 62
Trd, 4318741.343, 64
Trd, 4318742.543, 60
Trd, 4318743.393, 60
Trd, 4318746.643, 60
Trd, 4318748.893, 60
Trd, 4318749.193, 61
Trd, 4318749.693, 66
Trd, 4318750.293, 60
Trd, 4318750.493, 61
Trd, 4318750.743, 61
Trd, 4318750.843, 61
Trd, 4318751.293, 62
Trd, 4318751.693, 69
Trd, 4318753.093, 63
Trd, 4318754.093, 64
Trd, 4318755.493, 60
Trd, 4318758.143, 60
Trd, 4318758.443, 62
Trd, 4318758.543, 62
Trd, 4318758.943, 63
Trd, 4318759.243, 62
Trd, 4318759.343, 72
Trd, 4318759.443, 61
Trd, 4318760.493, 63
Trd, 4318761.093, 64
Trd, 4318761.193, 63
Trd, 4318761.843, 61
Trd, 4318763.943, 72
Trd, 4318764.343, 76
Trd, 4318766.793, 60
Trd, 4318767.843, 60
Trd, 4318769.093, 60
Trd, 4318769.543, 64
Trd, 4318769.693, 63
Trd, 4318769.743, 73
Trd, 4318772.243, 61
Trd, 4318772.593, 68
Trd, 4318772.693, 63
Trd, 4318773.293, 70
Trd, 4318773.593, 70
Trd, 4318773.993, 68
Trd, 4318774.543, 68
Trd, 4318774.793, 67
Trd, 4318776.393, 73
Trd, 4318777.143, 137
Trd, 4318777.343, 136
Trd, 4318777.443, 116
Trd, 4318777.643, 70
Trd, 4318779.443, 140
Trd, 4318779.993, 73
Trd, 4318780.343, 76
Trd, 4318780.643, 123
Trd, 4318781.093, 76
Trd, 4318781.393, 72
Trd, 4318782.043, 88
Trd, 4318782.543, 75
Trd, 4318782.843, 75
Trd, 4318784.043, 140
Trd, 4318784.243, 136
Trd, 4318785.093, 78
Trd, 4318785.143, 76
Trd, 4318785.943, 78
Trd, 4318786.643, 79
Trd, 4318787.393, 64
Trd, 4318789.193, 60
Trd, 4318791.693, 60
Trd, 4318791.743, 60
Trd, 4318792.593, 60
Trd, 4318792.693, 60
Trd, 4318792.893, 61
Trd, 4318793.043, 60
Trd, 4318793.843, 64
Trd, 4318793.993, 61
Trd, 4318794.693, 63
Trd, 4318794.993, 65
Trd, 4318795.343, 63
Trd, 4318796.643, 61
Trd, 4318798.543, 63
Trd, 4318798.593, 63
Trd, 4318800.943, 62
Trd, 4318801.243, 62
Trd, 4318801.393, 63
Trd, 4318801.693, 64
Trd, 4318801.943, 62
Trd, 4318802.643, 63
Trd, 4318802.893, 62
Trd, 4318803.093, 64
Trd, 4318804.843, 68
Trd, 4318804.893, 67
Trd, 4318806.493, 60
Trd, 4318808.243, 60
Trd, 4318808.393, 61
Trd, 4318808.693, 63
Trd, 4318809.543, 69
Trd, 4318809.593, 68
Trd, 4318809.643, 67
Trd, 4318809.893, 66
Trd, 4318810.743, 99
Trd, 4318811.393, 65
Trd, 4318812.243, 139
Trd, 4318813.543, 95
Trd, 4318814.043, 107
Trd, 4318814.093, 95
Trd, 4318814.943, 60
Trd, 4318816.193, 60
Trd, 4318816.743, 61
Trd, 4318817.843, 61
Trd, 4318819.193, 62
Trd, 4318819.393, 60
Trd, 4318821.443, 62
Trd, 4318822.043, 60
Trd, 4318822.293, 60
Trd, 4318822.693, 61
Trd, 4318822.893, 64
Trd, 4318822.993, 65
Trd, 4318823.693, 71
Trd, 4318824.243, 66
Trd, 4318824.893, 69
Trd, 4318830.093, 60
Trd, 4318830.193, 60
Trd, 4318830.893, 60
Trd, 4318831.093, 60
Trd, 4318831.193, 60
Trd, 4318831.443, 61
Trd, 4318831.893, 62
Trd, 4318832.593, 61
Trd, 4318835.293, 60
Trd, 4318837.893, 60
Trd, 4318838.993, 61
Trd, 4318840.743, 60
Trd, 4318840.793, 60
Trd, 4318840.843, 60
Trd, 4318841.443, 60
Trd, 4318842.843, 61
Trd, 4318843.093, 61
Trd, 4318844.093, 66
Trd, 4318844.443, 68
Trd, 4318844.543, 65
Trd, 4318844.843, 63
Trd, 4318845.193, 64
Trd, 4318845.893, 68
Trd, 4318847.493, 140
Trd, 4318848.143, 140
Trd, 4318848.293, 140
Trd, 4318848.693, 139
Trd, 4318852.543, 60
Trd, 4318852.743, 60
Trd, 4318854.143, 60
Trd, 4318854.193, 60
Trd, 4318854.643, 60
Trd, 4318854.993, 60
Trd, 4318855.293, 60
Trd, 4318855.793, 61
Trd, 4318855.893, 60
Trd, 4318856.393, 67
Trd, 4318857.643, 63
Trd, 4318857.793, 63
Trd, 4318858.543, 63
Trd, 4318858.843, 119
Trd, 4318859.293, 63
Trd, 4318859.693, 64
Trd, 4318861.093, 68
Trd, 4318861.493, 69
Trd, 4318862.043, 69
Trd, 4318862.693, 140
Trd, 4318863.043, 71
Trd, 4318863.243, 70
Trd, 4318864.693, 140
Trd, 4318865.093, 66
Trd, 4318867.293, 63
Trd, 4318869.893, 60
Trd, 4318871.693, 61
Trd, 4318872.393, 63
Trd, 4318872.443, 61
Trd, 4318872.693, 64
Trd, 4318872.993, 63
Trd, 4318873.343, 61
Trd, 4318873.743, 60
Trd, 4318874.943, 64
Trd, 4318875.243, 68
Trd, 4318877.443, 61
Trd, 4318881.943, 60
Trd, 4318882.043, 61
Trd, 4318882.193, 61
Trd, 4318882.293, 61
Trd, 4318882.393, 65
Trd, 4318883.393, 60
Trd, 4318883.543, 60
Trd, 4318886.543, 60
Trd, 4318886.743, 61
Trd, 4318886.893, 62
Trd, 4318887.093, 62
Trd, 4318887.293, 63
Trd, 4318887.543, 64
Trd, 4318888.093, 65
Trd, 4318889.093, 68
Trd, 4318889.443, 66
Trd, 4318890.393, 139
Trd, 4318890.693, 140
Trd, 4318892.993, 60
Trd, 4318894.643, 60
Trd, 4318894.843, 60
Trd, 4318894.943, 60
Trd, 4318895.193, 62
Trd, 4318895.243, 61
Trd, 4318895.943, 61
Trd, 4318896.593, 60
Trd, 4318898.343, 61
Trd, 4318899.343, 63
Trd, 4318899.793, 65
Trd, 4318900.193, 71
Trd, 4318902.793, 62
Trd, 4318903.043, 62
Trd, 4318903.093, 61
Trd, 4318903.743, 65
Trd, 4318904.093, 66
Trd, 4318904.443, 69
Trd, 4318905.693, 74
Trd, 4318905.793, 73
Trd, 4318908.593, 60
Trd, 4318908.843, 62
Trd, 4318909.743, 60
Trd, 4318911.543, 60
Trd, 4318911.643, 62
Trd, 4318911.843, 64
Trd, 4318911.943, 62
Trd, 4318912.193, 64
Trd, 4318912.443, 66
Trd, 4318912.793, 65
Trd, 4318913.393, 67
Trd, 4318913.693, 66
Trd, 4318913.893, 65
Trd, 4318914.093, 63
Trd, 4318917.043, 61
Trd, 4318918.643, 60
Trd, 4318918.693, 61
Trd, 4318919.143, 60
Trd, 4318919.193, 61
Trd, 4318919.343, 62
Trd, 4318919.543, 63
Trd, 4318919.643, 64
Trd, 4318919.993, 75
Trd, 4318920.443, 60
Trd, 4318921.193, 62
Trd, 4318921.893, 62
Trd, 4318922.443, 64
Trd, 4318922.743, 62
Trd, 4318923.393, 63
Trd, 4318924.193, 63
Trd, 4318925.243, 61
Trd, 4318925.743, 62
Trd, 4318927.693, 62
Trd, 4318930.743, 60
Trd, 4318931.393, 60
Trd, 4318931.493, 61
Trd, 4318932.143, 60
Trd, 4318932.893, 61
Trd, 4318932.993, 63
Trd, 4318935.243, 60
Trd, 4318935.643, 61
Trd, 4318935.893, 62
Trd, 4318935.993, 60
Trd, 4318936.993, 60
Trd, 4318937.743, 60
Trd, 4318939.643, 60
Trd, 4318941.643, 60
Trd, 4318942.093, 60
Trd, 4318942.343, 63
Trd, 4318942.843, 61
Trd, 4318943.243, 63
Trd, 4318943.543, 63
Trd, 4318943.843, 63
Trd, 4318944.443, 64
Trd, 4318945.543, 62
Trd, 4318945.593, 63
Trd, 4318947.243, 60
Trd, 4318948.643, 60
Trd, 4318950.493, 60
Trd, 4318950.993, 61
Trd, 4318951.393, 61
Trd, 4318951.643, 63
Trd, 4318952.343, 61
Trd, 4318952.993, 62
Trd, 4318954.293, 60
Trd, 4318955.193, 60
Trd, 4318955.493, 61
Trd, 4318956.743, 61
Trd, 4318959.193, 60
Trd, 4318960.693, 60
Trd, 4318961.393, 62
Trd, 4318961.593, 61
Trd, 4318961.943, 62
Trd, 4318962.093, 63
Trd, 4318962.143, 64
Trd, 4318962.843, 69
Trd, 4318963.143, 62
Trd, 4318963.243, 63
Trd, 4318964.043, 63
Trd, 4318964.843, 63
Trd, 4318967.743, 60
Trd, 4318968.943, 62
Trd, 4318969.693, 63
Trd, 4318971.443, 60
Trd, 4318971.693, 61
Trd, 4318971.943, 61
Trd, 4318972.393, 64
Trd, 4318972.693, 65
Trd, 4318973.493, 69
Trd, 4318973.943, 72
Trd, 4318974.643, 70
Trd, 4318975.943, 140
Trd, 4318976.093, 117
Trd, 4318976.193, 70
Trd, 4318977.343, 139
Trd, 4318978.293, 61
Trd, 4318979.243, 60
Trd, 4318981.343, 60
Trd, 4318982.093, 63
Trd, 4318982.443, 64
Trd, 4318983.293, 140
Trd, 4318983.943, 140
Trd, 4318984.243, 140
Trd, 4318984.543, 140
Trd, 4318984.743, 140
Trd, 4318985.243, 140
Trd, 4318985.893, 140
Trd, 4318986.643, 140
Trd, 4318986.793, 140
Trd, 4318987.793, 139
Trd, 4318988.943, 140
Trd, 4318988.993, 140
Trd, 4318989.293, 140
Trd, 4318990.093, 140
Trd, 4318991.043, 100
Trd, 4318991.243, 99
Trd, 4318992.593, 112
Trd, 4318992.943, 71
Trd, 4318993.443, 86
Trd, 4318993.643, 73
Trd, 4318993.843, 73
Trd, 4318994.293, 73
Trd, 4318995.743, 79
Trd, 4318996.243, 88
Trd, 4318997.293, 83
Trd, 4318999.793, 61
Trd, 4319000.743, 60
Trd, 4319000.943, 60
Trd, 4319000.993, 62
Trd, 4319001.143, 62
Trd, 4319001.693, 61
Trd, 4319001.993, 62
Trd, 4319002.993, 61
Trd, 4319003.293, 64
Trd, 4319003.493, 63
Trd, 4319004.043, 64
Trd, 4319005.843, 62
Trd, 4319006.193, 63
Trd, 4319009.643, 60
Trd, 4319010.693, 60
Trd, 4319010.843, 61
Trd, 4319011.193, 61
Trd, 4319011.343, 62
Trd, 4319011.693, 61
Trd, 4319012.893, 60
Trd, 4319013.143, 63
Trd, 4319013.543, 62
Trd, 4319013.743, 64
Trd, 4319014.843, 74
Trd, 4319014.893, 71
Trd, 4319015.743, 73
Trd, 4319015.893, 73
Trd, 4319016.443, 75
Trd, 4319017.593, 80
Trd, 4319018.043, 79
Trd, 4319019.343, 77
Trd, 4319019.943, 79
Trd, 4319019.993, 78
Trd, 4319020.093, 65
Trd, 4319021.393, 60
Trd, 4319021.943, 123
Trd, 4319023.293, 60
Trd, 4319023.693, 60
Trd, 4319025.093, 62
Trd, 4319028.943, 60
Trd, 4319029.193, 61
Trd, 4319029.393, 60
Trd, 4319029.693, 61
Trd, 4319030.093, 61
Trd, 4319030.393, 63
Trd, 4319031.143, 64
Trd, 4319031.643, 60
Trd, 4319032.043, 61
Trd, 4319032.193, 61
Trd, 4319032.943, 63
Trd, 4319033.293, 61
Trd, 4319033.643, 70
Trd, 4319033.993, 64
Trd, 4319035.043, 64
Trd, 4319035.593, 64
Trd, 4319036.243, 61
Trd, 4319037.193, 130
Trd, 4319037.493, 60
Trd, 4319039.343, 61
Trd, 4319040.243, 61
Trd, 4319043.293, 60
Trd, 4319043.843, 63
Trd, 4319044.143, 63
Trd, 4319044.443, 66
Trd, 4319044.493, 67
Trd, 4319044.543, 65
Trd, 4319044.693, 62
Trd, 4319044.993, 60
Trd, 4319046.093, 139
Trd, 4319046.393, 140
Trd, 4319047.543, 140
Trd, 4319048.443, 84
Trd, 4319049.693, 140
Trd, 4319050.393, 140
Trd, 4319050.493, 140
Trd, 4319051.093, 140
Trd, 4319051.443, 140
Trd, 4319051.643, 140
Trd, 4319052.143, 73
Trd, 4319052.293, 71
Trd, 4319053.393, 137
Trd, 4319055.943, 61
Trd, 4319056.443, 63
Trd, 4319059.643, 60
Trd, 4319060.793, 60
Trd, 4319061.043, 60
Trd, 4319061.293, 60
Trd, 4319061.443, 60
Trd, 4319061.593, 60
Trd, 4319061.793, 64
Trd, 4319062.743, 61
Trd, 4319063.343, 62
Trd, 4319063.893, 140
Trd, 4319064.043, 140
Trd, 4319064.443, 62
Trd, 4319066.093, 60
Trd, 4319066.643, 60
Trd, 4319067.793, 60
Trd, 4319068.193, 60
Trd, 4319072.743, 60
Trd, 4319072.893, 60
Trd, 4319073.093, 62
Trd, 4319073.193, 60
Trd, 4319073.543, 60
Trd, 4319074.093, 60
Trd, 4319074.593, 61
Trd, 4319075.043, 61
Trd, 4319075.193, 62
Trd, 4319075.993, 62
Trd, 4319077.843, 64
Trd, 4319078.993, 60
Trd, 4319079.943, 62
Trd, 4319079.993, 61
Trd, 4319080.393, 62
Trd, 4319080.543, 62
Trd, 4319080.693, 62
Trd, 4319081.793, 65
Trd, 4319082.743, 68
Trd, 4319082.993, 69
Trd, 4319085.243, 60
Trd, 4319086.093, 60
Trd, 4319086.743, 61
Trd, 4319087.993, 61
Trd, 4319088.593, 60
Trd, 4319090.593, 60
Trd, 4319091.543, 60
Trd, 4319091.643, 60
Trd, 4319091.993, 60
Trd, 4319093.393, 63
Trd, 4319093.643, 62
Trd, 4319094.193, 63
Trd, 4319094.393, 64
Trd, 4319094.593, 68
Trd, 4319094.993, 64
Trd, 4319095.893, 62
Trd, 4319096.643, 60
Trd, 4319098.043, 61
Trd, 4319100.393, 60
Trd, 4319102.543, 60
Trd, 4319102.743, 60
Trd, 4319103.693, 60
Trd, 4319104.143, 63
Trd, 4319104.393, 62
Trd, 4319104.793, 61
Trd, 4319106.143, 61
Trd, 4319107.493, 60
Trd, 4319107.593, 60
Trd, 4319107.743, 62
Trd, 4319108.243, 63
Trd, 4319108.443, 61
Trd, 4319108.793, 61
Trd, 4319109.693, 62
Trd, 4319109.943, 61
Trd, 4319111.993, 60
Trd, 4319113.943, 62
Trd, 4319114.693, 62
Trd, 4319114.843, 65
Trd, 4319117.043, 60
Trd, 4319117.143, 60
Trd, 4319117.243, 60
Trd, 4319117.643, 61
Trd, 4319117.843, 62
Trd, 4319118.043, 60
Trd, 4319120.893, 60
Trd, 4319120.943, 61
Trd, 4319121.193, 60
Trd, 4319121.293, 61
Trd, 4319121.743, 63
Trd, 4319122.493, 61
Trd, 4319124.443, 61
Trd, 4319124.643, 66
Trd, 4319124.743, 62
Trd, 4319125.393, 62
Trd, 4319126.643, 60
Trd, 4319127.543, 61
Trd, 4319128.243, 62
Trd, 4319129.393, 60
Trd, 4319132.743, 60
Trd, 4319134.243, 60
Trd, 4319134.293, 60
Trd, 4319134.343, 63
Trd, 4319135.543, 61
Trd, 4319135.693, 61
Trd, 4319135.993, 60
Trd, 4319136.393, 63
Trd, 4319136.993, 64
Trd, 4319137.293, 63
Trd, 4319137.793, 60
Trd, 4319138.043, 61
Trd, 4319140.193, 67
Trd, 4319142.943, 60
Trd, 4319142.993, 60
Trd, 4319143.943, 60
Trd, 4319146.293, 60
Trd, 4319146.993, 61
Trd, 4319147.743, 60
Trd, 4319148.093, 60
Trd, 4319148.193, 61
Trd, 4319148.893, 60
Trd, 4319149.143, 61
Trd, 4319149.543, 62
Trd, 4319149.993, 67
Trd, 4319150.093, 64
Trd, 4319150.143, 63
Trd, 4319150.743, 62
Trd, 4319152.293, 61
Trd, 4319152.543, 61
Trd, 4319154.393, 61
Trd, 4319155.343, 60
Trd, 4319155.643, 60
Trd, 4319155.893, 60
Trd, 4319157.043, 61
Trd, 4319157.393, 62
Trd, 4319158.093, 64
Trd, 4319158.493, 60
Trd, 4319158.693, 69
Trd, 4319160.393, 61
Trd, 4319160.693, 63
Trd, 4319160.793, 62
Trd, 4319160.893, 60
Trd, 4319162.143, 60
Trd, 4319163.493, 60
Trd, 4319164.343, 61
Trd, 4319165.943, 60
Trd, 4319167.093, 64
Trd, 4319167.293, 63
Trd, 4319167.443, 66
Trd, 4319168.193, 61
Trd, 4319168.543, 63
Trd, 4319169.093, 63
Trd, 4319169.643, 61
Trd, 4319171.193, 60
Trd, 4319172.393, 60
Trd, 4319174.243, 60
Trd, 4319174.743, 60
Trd, 4319175.493, 60
Trd, 4319175.543, 61
Trd, 4319175.843, 61
Trd, 4319176.543, 63
Trd, 4319177.443, 67
Trd, 4319177.643, 67
Trd, 4319177.693, 63
Trd, 4319179.493, 60
Trd, 4319179.543, 61
Trd, 4319182.843, 61
Trd, 4319185.293, 60
Trd, 4319185.843, 60
Trd, 4319186.243, 60
Trd, 4319186.543, 62
Trd, 4319186.693, 60
Trd, 4319187.643, 62
Trd, 4319187.743, 65
Trd, 4319188.543, 63
Trd, 4319188.743, 68
Trd, 4319189.443, 69
Trd, 4319191.643, 140
Trd, 4319191.743, 140
Trd, 4319191.893, 140
Trd, 4319192.393, 140
Trd, 4319192.743, 140
Trd, 4319192.943, 140
Trd, 4319193.043, 140
Trd, 4319194.093, 70
Trd, 4319194.243, 108
Trd, 4319198.143, 60
Trd, 4319199.543, 60
Trd, 4319200.493, 60
Trd, 4319200.793, 61
Trd, 4319200.943, 61
Trd, 4319201.343, 60
Trd, 4319201.443, 62
Trd, 4319201.693, 64
Trd, 4319201.843, 62
Trd, 4319202.593, 61
Trd, 4319202.843, 61
Trd, 4319203.243, 61
Trd, 4319203.543, 61
Trd, 4319203.743, 61
Trd, 4319204.143, 64
Trd, 4319204.343, 61
Trd, 4319206.243, 64
Trd, 4319209.293, 60
Trd, 4319210.293, 60
Trd, 4319212.543, 60
Trd, 4319213.543, 60
Trd, 4319214.093, 62
Trd, 4319214.143, 61
Trd, 4319214.343, 63
Trd, 4319215.343, 74
Trd, 4319215.993, 73
Trd, 4319216.143, 72
Trd, 4319217.143, 60
Trd, 4319218.693, 60
Trd, 4319220.043, 60
Trd, 4319220.393, 60
Trd, 4319220.593, 60
Trd, 4319220.643, 62
Trd, 4319221.693, 62
Trd, 4319221.843, 63
Trd, 4319222.743, 71
Trd, 4319222.843, 71
Trd, 4319222.993, 71
Trd, 4319223.143, 70
Trd, 4319223.543, 72
Trd, 4319223.643, 67
Trd, 4319225.093, 61
Trd, 4319228.793, 60
Trd, 4319229.443, 60
Trd, 4319230.543, 60
Trd, 4319231.793, 60
Trd, 4319232.143, 62
Trd, 4319232.543, 62
Trd, 4319232.693, 63
Trd, 4319233.043, 60
Trd, 4319233.543, 62
Trd, 4319233.943, 66
Trd, 4319234.293, 126
Trd, 4319234.993, 140
Trd, 4319235.043, 140
Trd, 4319235.193, 138
Trd, 4319236.043, 140
Trd, 4319236.343, 140
Trd, 4319237.393, 140
Trd, 4319238.693, 140
Trd, 4319239.143, 140
Trd, 4319239.393, 140
Trd, 4319240.443, 140
Trd, 4319240.693, 140
Trd, 4319240.743, 139
Trd, 4319241.543, 140
Trd, 4319242.093, 140
Trd, 4319243.193, 140
Trd, 4319243.593, 140
Trd, 4319244.193, 130
Trd, 4319244.393, 139
Trd, 4319244.643, 139
Trd, 4319244.843, 138
Trd, 4319245.843, 133
Trd, 4319245.893, 132
Trd, 4319246.143, 122
Trd, 4319247.543, 140
Trd, 4319248.693, 140
Trd, 4319249.193, 140
Trd, 4319249.443, 140
Trd, 4319249.493, 140
Trd, 4319250.293, 140
Trd, 4319250.793, 140
Trd, 4319251.493, 140
Trd, 4319252.443, 140
Trd, 4319252.693, 113
Trd, 4319254.543, 62
Trd, 4319258.043, 60
Trd, 4319258.993, 60
Trd, 4319259.443, 62
Trd, 4319260.393, 60
Trd, 4319261.443, 60
Trd, 4319261.543, 61
Trd, 4319261.593, 62
Trd, 4319262.793, 61
Trd, 4319263.743, 61
Trd, 4319263.893, 61
Trd, 4319263.943, 61
Trd, 4319264.043, 62
Trd, 4319264.243, 62
Trd, 4319264.343, 83
Trd, 4319265.993, 61
Trd, 4319266.993, 61
Trd, 4319269.993, 60
Trd, 4319270.193, 60
Trd, 4319273.043, 60
Trd, 4319273.443, 60
Trd, 4319274.393, 61
Trd, 4319274.593, 60
Trd, 4319275.743, 60
Trd, 4319276.043, 61
Trd, 4319276.343, 60
Trd, 4319276.843, 62
Trd, 4319277.143, 63
Trd, 4319277.243, 74
Trd, 4319278.343, 62
Trd, 4319280.193, 63
Trd, 4319281.843, 63
Trd, 4319283.193, 60
Trd, 4319283.743, 60
Trd, 4319283.793, 64
Trd, 4319284.293, 64
Trd, 4319284.393, 63
Trd, 4319284.643, 67
Trd, 4319285.693, 61
Trd, 4319287.443, 60
Trd, 4319288.643, 61
Trd, 4319290.743, 60
Trd, 4319291.043, 61
Trd, 4319291.093, 60
Trd, 4319291.493, 62
Trd, 4319291.593, 62
Trd, 4319291.893, 65
Trd, 4319292.593, 68
Trd, 4319292.693, 64
Trd, 4319293.693, 64
Trd, 4319296.693, 60
Trd, 4319297.193, 60
Trd, 4319298.493, 60
Trd, 4319300.993, 60
Trd, 4319301.693, 60
Trd, 4319301.943, 62
Trd, 4319302.293, 60
Trd, 4319302.493, 61
Trd, 4319303.143, 61
Trd, 4319303.193, 60
Trd, 4319305.843, 60
Trd, 4319306.093, 61
Trd, 4319306.193, 61
Trd, 4319306.743, 61
Trd, 4319307.093, 62
Trd, 4319307.293, 60
Trd, 4319308.343, 60
Trd, 4319309.243, 60
Trd, 4319309.943, 60
Trd, 4319310.293, 60
Trd, 4319310.643, 61
Trd, 4319310.843, 62
Trd, 4319311.393, 140
Trd, 4319312.043, 69
Trd, 4319312.443, 71
Trd, 4319312.593, 71
Trd, 4319315.093, 62
Trd, 4319317.593, 60
Trd, 4319317.743, 65
Trd, 4319318.743, 60
Trd, 4319319.143, 61
Trd, 4319319.593, 62
Trd, 4319320.193, 63
Trd, 4319320.293, 63
Trd, 4319320.593, 73
Trd, 4319320.793, 65
Trd, 4319321.593, 60
Trd, 4319322.393, 140
Trd, 4319322.693, 139
Trd, 4319324.793, 60
Trd, 4319325.043, 60
Trd, 4319325.693, 61
Trd, 4319328.793, 61
Trd, 4319328.993, 61
Trd, 4319330.243, 62
Trd, 4319330.693, 69
Trd, 4319330.743, 66
Trd, 4319331.143, 67
Trd, 4319331.493, 69
Trd, 4319331.643, 68
Trd, 4319331.793, 69
Trd, 4319332.493, 140
Trd, 4319332.943, 72
Trd, 4319333.743, 138
Trd, 4319334.543, 76
Trd, 4319335.093, 76
Trd, 4319336.293, 78
Trd, 4319336.543, 76
Trd, 4319337.143, 62
Trd, 4319338.543, 62
Trd, 4319339.543, 61
Trd, 4319339.693, 62
Trd, 4319343.593, 61
Trd, 4319343.843, 60
Trd, 4319344.893, 62
Trd, 4319344.993, 62
Trd, 4319345.343, 63
Trd, 4319345.843, 64
Trd, 4319346.193, 76
Trd, 4319346.343, 63
Trd, 4319346.843, 63
Trd, 4319347.593, 64
Trd, 4319349.293, 60
Trd, 4319350.093, 60
Trd, 4319350.393, 60
Trd, 4319350.443, 60
Trd, 4319351.543, 62
Trd, 4319352.193, 64
Trd, 4319352.243, 61
Trd, 4319352.643, 61
Trd, 4319353.143, 60
Trd, 4319353.493, 68
Trd, 4319355.143, 60
Trd, 4319355.543, 61
Trd, 4319355.593, 60
Trd, 4319356.193, 65
Trd, 4319357.143, 62
Trd, 4319357.243, 60
Trd, 4319357.993, 62
Trd, 4319358.193, 124
Trd, 4319358.693, 62
Trd, 4319359.593, 66
Trd, 4319360.043, 68
Trd, 4319360.143, 67
Trd, 4319360.543, 66
Trd, 4319360.943, 67
Trd, 4319361.743, 69
Trd, 4319363.043, 63
Trd, 4319365.643, 63
Trd, 4319366.443, 60
Trd, 4319366.743, 61
Trd, 4319366.993, 63
Trd, 4319367.043, 63
Trd, 4319367.293, 63
Trd, 4319367.493, 62
Trd, 4319367.843, 64
Trd, 4319368.043, 64
Trd, 4319369.943, 60
Trd, 4319370.143, 61
Trd, 4319372.043, 64
Trd, 4319372.093, 67
Trd, 4319372.493, 66
Trd, 4319372.643, 60
Trd, 4319373.143, 60
Trd, 4319373.393, 69
Trd, 4319373.743, 61
Trd, 4319374.743, 139
Trd, 4319375.943, 72
Trd, 4319376.143, 71
Trd, 4319376.643, 93
Trd, 4319376.743, 92
Trd, 4319376.793, 74
Trd, 4319377.393, 68
Trd, 4319381.293, 60
Trd, 4319382.593, 63
Trd, 4319383.443, 60
Trd, 4319385.193, 60
Trd, 4319385.343, 60
Trd, 4319386.093, 60
Trd, 4319386.543, 60
Trd, 4319386.643, 60
Trd, 4319386.993, 61
Trd, 4319387.193, 62
Trd, 4319387.693, 64
Trd, 4319388.243, 63
Trd, 4319388.393, 62
Trd, 4319391.393, 60
Trd, 4319392.643, 62
Trd, 4319392.743, 63
Trd, 4319395.643, 60
Trd, 4319396.443, 60
Trd, 4319396.593, 60
Trd, 4319396.693, 61
Trd, 4319396.993, 61
Trd, 4319397.343, 62
Trd, 4319397.493, 62
Trd, 4319399.393, 60
Trd, 4319400.243, 61
Trd, 4319400.543, 64
Trd, 4319400.693, 61
Trd, 4319400.993, 61
Trd, 4319401.393, 62
Trd, 4319401.693, 66
Trd, 4319403.293, 140
Trd, 4319403.743, 140
Trd, 4319403.943, 139
Trd, 4319404.893, 61
Trd, 4319407.343, 60
Trd, 4319408.243, 62
Trd, 4319409.293, 60
Trd, 4319409.543, 60
Trd, 4319410.893, 63
Trd, 4319411.193, 64
Trd, 4319411.493, 64
Trd, 4319411.543, 62
Trd, 4319412.093, 61
Trd, 4319413.593, 63
Trd, 4319413.943, 62
Trd, 4319414.293, 68
Trd, 4319414.643, 62
Trd, 4319414.843, 62
Trd, 4319415.743, 64
Trd, 4319415.793, 63
Trd, 4319416.043, 140
Trd, 4319416.693, 140
Trd, 4319419.793, 60
Trd, 4319419.943, 60
Trd, 4319421.893, 61
Trd, 4319421.993, 62
Trd, 4319422.143, 63
Trd, 4319422.793, 64
Trd, 4319422.893, 63
Trd, 4319423.393, 62
Trd, 4319423.443, 60
Trd, 4319426.993, 60
Trd, 4319428.293, 60
Trd, 4319428.843, 62
Trd, 4319430.643, 60
Trd, 4319431.143, 60
Trd, 4319431.343, 60
Trd, 4319431.443, 60
Trd, 4319431.543, 63
Trd, 4319432.043, 63
Trd, 4319433.343, 61
Trd, 4319433.393, 63
Trd, 4319434.393, 61
Trd, 4319435.093, 61
Trd, 4319435.193, 61
Trd, 4319435.393, 61
Trd, 4319436.993, 61
Trd, 4319437.643, 61
Trd, 4319438.393, 64
Trd, 4319438.543, 63
Trd, 4319438.593, 64
Trd, 4319440.993, 61
Trd, 4319444.693, 60
Trd, 4319444.893, 60
Trd, 4319445.593, 62
Trd, 4319446.393, 60
Trd, 4319446.643, 61
Trd, 4319447.293, 62
Trd, 4319448.293, 64
Trd, 4319448.393, 66
Trd, 4319448.743, 63
Trd, 4319449.143, 67
Trd, 4319449.193, 66
Trd, 4319449.693, 68
Trd, 4319452.793, 60
Trd, 4319453.243, 60
Trd, 4319457.193, 60
Trd, 4319457.393, 60
Trd, 4319457.643, 60
Trd, 4319457.743, 61
Trd, 4319458.793, 61
Trd, 4319459.343, 62
Trd, 4319459.393, 62
Trd, 4319460.393, 66
Trd, 4319460.443, 73
Trd, 4319461.393, 67
Trd, 4319461.993, 71
Trd, 4319462.743, 74
Trd, 4319462.843, 71
Trd, 4319464.643, 140
Trd, 4319464.693, 140
Trd, 4319465.193, 61
Trd, 4319465.843, 65
Trd, 4319466.293, 60
Trd, 4319470.593, 60
Trd, 4319470.693, 60
Trd, 4319470.743, 63
Trd, 4319470.893, 64
Trd, 4319471.493, 64
Trd, 4319471.543, 63
Trd, 4319472.043, 62
Trd, 4319473.093, 61
Trd, 4319474.093, 60
Trd, 4319476.293, 60
Trd, 4319477.693, 60
Trd, 4319479.843, 60
Trd, 4319480.393, 60
Trd, 4319480.493, 60
Trd, 4319480.843, 61
Trd, 4319480.943, 60
Trd, 4319481.443, 61
Trd, 4319482.143, 63
Trd, 4319483.043, 60
Trd, 4319484.993, 63
Trd, 4319486.843, 60
Trd, 4319488.593, 60
Trd, 4319488.693, 60
Trd, 4319490.693, 60
Trd, 4319490.743, 60
Trd, 4319491.043, 60
Trd, 4319491.743, 60
Trd, 4319491.943, 60
Trd, 4319492.843, 60
Trd, 4319493.493, 60
Trd, 4319493.843, 61
Trd, 4319493.943, 60
Trd, 4319494.593, 60
Trd, 4319495.143, 62
Trd, 4319496.543, 72
Trd, 4319496.643, 71
Trd, 4319497.143, 74
Trd, 4319497.543, 63
Trd, 4319499.493, 60
Trd, 4319500.643, 60
Trd, 4319501.543, 62
Trd, 4319504.493, 61
Trd, 4319505.043, 63
Trd, 4319505.243, 64
Trd, 4319505.443, 64
Trd, 4319505.643, 65
Trd, 4319506.193, 64
Trd, 4319506.343, 65
Trd, 4319506.393, 63
Trd, 4319507.793, 60
Trd, 4319508.343, 62
Trd, 4319509.193, 62
Trd, 4319513.943, 60
Trd, 4319514.943, 60
Trd, 4319515.043, 60
Trd, 4319515.093, 60
Trd, 4319515.743, 61
Trd, 4319516.043, 62
Trd, 4319516.593, 62
Trd, 4319516.693, 62
Trd, 4319516.843, 61
Trd, 4319518.543, 61
Trd, 4319519.393, 139
Trd, 4319519.643, 140
Trd, 4319519.793, 96
Trd, 4319520.093, 96
Trd, 4319520.293, 95
Trd, 4319521.743, 60
Trd, 4319522.543, 61
Trd, 4319523.543, 62
Trd, 4319523.743, 63
Trd, 4319528.093, 61
Trd, 4319528.143, 61
Trd, 4319530.293, 60
Trd, 4319530.493, 62
Trd, 4319530.793, 62
Trd, 4319531.143, 63
Trd, 4319531.193, 62
Trd, 4319532.193, 133
Trd, 4319533.393, 140
Trd, 4319533.843, 138
Trd, 4319533.893, 135
Trd, 4319534.793, 89
Trd, 4319535.243, 139
Trd, 4319537.893, 60
Trd, 4319539.693, 60
Trd, 4319539.843, 62
Trd, 4319540.143, 66
Trd, 4319540.293, 66
Trd, 4319540.693, 63
Trd, 4319540.943, 67
Trd, 4319541.343, 62
Trd, 4319542.543, 61
Trd, 4319544.393, 60
Trd, 4319545.093, 61
Trd, 4319545.343, 60
Trd, 4319545.443, 62
Trd, 4319546.543, 63
Trd, 4319546.743, 63
Trd, 4319547.143, 62
Trd, 4319547.493, 62
Trd, 4319547.793, 61
Trd, 4319549.693, 65
Trd, 4319550.443, 61
Trd, 4319550.643, 64
Trd, 4319553.143, 60
Trd, 4319553.393, 61
Trd, 4319553.743, 62
Trd, 4319554.093, 65
Trd, 4319554.293, 67
Trd, 4319554.643, 64
Trd, 4319555.243, 67
Trd, 4319555.993, 65
Trd, 4319556.393, 65
Trd, 4319556.943, 67
Trd, 4319557.343, 70
Trd, 4319557.443, 68
Trd, 4319559.143, 60
Trd, 4319562.993, 60
Trd, 4319563.043, 62
Trd, 4319564.643, 60
Trd, 4319564.843, 60
Trd, 4319565.743, 66
Trd, 4319565.843, 65
Trd, 4319566.843, 66
Trd, 4319566.993, 66
Trd, 4319567.043, 65
Trd, 4319567.393, 68
Trd, 4319569.993, 62
Trd, 4319570.393, 68
Trd, 4319572.143, 60
Trd, 4319572.943, 60
Trd, 4319573.093, 62
Trd, 4319573.543, 62
Trd, 4319573.693, 62
Trd, 4319574.143, 63
Trd, 4319574.793, 64
Trd, 4319575.293, 64
Trd, 4319576.093, 61
Trd, 4319576.593, 64
Trd, 4319577.743, 62
Trd, 4319578.593, 62
Trd, 4319579.893, 64
Trd, 4319582.993, 60
Trd, 4319583.793, 60
Trd, 4319584.043, 60
Trd, 4319584.093, 62
Trd, 4319584.593, 62
Trd, 4319584.793, 61
Trd, 4319585.093, 60
Trd, 4319589.193, 60
Trd, 4319591.093, 60
Trd, 4319591.293, 60
Trd, 4319591.343, 60
Trd, 4319591.743, 60
Trd, 4319591.793, 62
Trd, 4319592.693, 60
Trd, 4319593.343, 61
Trd, 4319594.993, 63
Trd, 4319595.443, 67
Trd, 4319596.043, 63
Trd, 4319596.193, 60
Trd, 4319596.993, 61
Trd, 4319597.393, 61
Trd, 4319597.443, 62
Trd, 4319598.793, 63
Trd, 4319599.143, 63
Trd, 4319599.443, 71
Trd, 4319600.793, 63
Trd, 4319600.943, 62
Trd, 4319601.393, 63
Trd, 4319601.893, 138
Trd, 4319602.993, 60
Trd, 4319604.243, 60
Trd, 4319605.843, 60
Trd, 4319606.343, 63
Trd, 4319608.343, 60
Trd, 4319608.393, 61
Trd, 4319608.743, 62
Trd, 4319609.443, 65
Trd, 4319609.943, 65
Trd, 4319610.243, 63
Trd, 4319610.943, 65
Trd, 4319611.393, 66
Trd, 4319611.793, 66
Trd, 4319612.543, 65
Trd, 4319612.943, 139
Trd, 4319613.893, 65
Trd, 4319614.093, 67
Trd, 4319614.143, 69
Trd, 4319614.593, 68
Trd, 4319616.243, 74
Trd, 4319617.543, 140
Trd, 4319618.093, 140
Trd, 4319618.193, 140
Trd, 4319618.293, 139
Trd, 4319618.443, 74
Trd, 4319620.243, 60
Trd, 4319622.243, 60
Trd, 4319623.543, 60
Trd, 4319625.343, 60
Trd, 4319626.243, 62
Trd, 4319626.593, 63
Trd, 4319626.643, 62
Trd, 4319626.743, 63
Trd, 4319627.793, 140
Trd, 4319628.043, 140
Trd, 4319628.543, 140
Trd, 4319629.093, 140
Trd, 4319630.393, 140
Trd, 4319631.693, 140
Trd, 4319632.043, 140
Trd, 4319632.243, 140
Trd, 4319632.293, 140
Trd, 4319632.343, 140
Trd, 4319633.543, 140
Trd, 4319633.943, 140
Trd, 4319634.093, 139
Trd, 4319634.393, 62
Trd, 4319635.693, 72
Trd, 4319640.043, 62
Trd, 4319641.743, 60
Trd, 4319641.943, 60
Trd, 4319642.043, 60
Trd, 4319642.293, 61
Trd, 4319642.343, 61
Trd, 4319643.943, 60
Trd, 4319644.093, 60
Trd, 4319644.343, 60
Trd, 4319645.443, 60
Trd, 4319646.143, 62
Trd, 4319646.443, 61
Trd, 4319647.293, 61
Trd, 4319647.393, 62
Trd, 4319647.493, 61
Trd, 4319648.693, 61
Trd, 4319648.743, 60
Trd, 4319648.793, 64
Trd, 4319650.243, 61
Trd, 4319650.443, 60
Trd, 4319652.643, 61
Trd, 4319654.293, 60
Trd, 4319654.393, 60
Trd, 4319655.143, 61
Trd, 4319655.243, 63
Trd, 4319655.593, 62
Trd, 4319655.843, 61
Trd, 4319656.693, 61
Trd, 4319658.993, 65
Trd, 4319659.293, 62
Trd, 4319659.343, 61
Trd, 4319659.643, 61
Trd, 4319660.593, 64
Trd, 4319660.993, 64
Trd, 4319662.193, 68
Trd, 4319662.443, 138
Trd, 4319663.243, 75
Trd, 4319663.393, 76
Trd, 4319664.043, 71
Trd, 4319664.093, 69
Trd, 4319666.243, 62
Trd, 4319668.393, 60
Trd, 4319668.793, 60
Trd, 4319670.593, 60
Trd, 4319671.543, 62
Trd, 4319671.893, 62
Trd, 4319672.593, 61
Trd, 4319673.093, 63
Trd, 4319673.143, 62
Trd, 4319673.643, 64
Trd, 4319674.243, 66
Trd, 4319674.343, 64
Trd, 4319674.493, 137
Trd, 4319675.243, 68
Trd, 4319678.343, 60
Trd, 4319680.243, 60
Trd, 4319680.343, 60
Trd, 4319680.643, 60
Trd, 4319680.693, 64
Trd, 4319681.393, 61
Trd, 4319681.443, 60
Trd, 4319682.093, 63
Trd, 4319683.543, 140
Trd, 4319683.593, 140
Trd, 4319684.693, 140
Trd, 4319685.143, 140
Trd, 4319685.393, 140
Trd, 4319685.443, 139
Trd, 4319687.943, 61
Trd, 4319688.643, 60
Trd, 4319688.843, 60
Trd, 4319690.893, 60
Trd, 4319692.543, 61
Trd, 4319693.193, 60
Trd, 4319693.843, 60
Trd, 4319693.993, 60
Trd, 4319694.793, 60
Trd, 4319695.093, 63
Trd, 4319695.493, 63
Trd, 4319696.293, 64
Trd, 4319696.443, 66
Trd, 4319697.343, 61
Trd, 4319697.593, 65
Trd, 4319697.843, 61
Trd, 4319698.493, 63
Trd, 4319698.843, 61
Trd, 4319699.193, 61
Trd, 4319699.793, 60
Trd, 4319700.593, 62
Trd, 4319701.493, 60
Trd, 4319704.943, 60
Trd, 4319705.893, 60
Trd, 4319706.043, 61
Trd, 4319706.193, 62
Trd, 4319706.293, 62
Trd, 4319707.043, 62
Trd, 4319707.193, 65
Trd, 4319707.793, 62
Trd, 4319709.043, 60
Trd, 4319709.493, 60
Trd, 4319709.943, 60
Trd, 4319710.393, 60
Trd, 4319710.593, 63
Trd, 4319711.193, 64
Trd, 4319712.943, 65
Trd, 4319713.143, 65
Trd, 4319713.793, 65
Trd, 4319714.043, 75
Trd, 4319715.143, 66
Trd, 4319715.643, 64
Trd, 4319716.943, 61
Trd, 4319718.643, 60
Trd, 4319720.493, 60
Trd, 4319721.693, 60
Trd, 4319722.093, 62
Trd, 4319722.493, 62
Trd, 4319722.693, 63
Trd, 4319722.793, 110
Trd, 4319723.493, 66
Trd, 4319724.043, 67
Trd, 4319724.393, 68
Trd, 4319724.793, 77
Trd, 4319725.143, 69
Trd, 4319725.193, 68
Trd, 4319726.693, 71
Trd, 4319726.743, 70
Trd, 4319727.293, 73
Trd, 4319728.843, 140
Trd, 4319728.893, 140
Trd, 4319729.193, 139
Trd, 4319730.593, 138
Trd, 4319730.993, 137
Trd, 4319732.293, 140
Trd, 4319735.093, 140
Trd, 4319735.293, 140
Trd, 4319735.443, 140
Trd, 4319735.493, 140
Trd, 4319735.543, 140
Trd, 4319735.743, 140
Trd, 4319735.793, 140
Trd, 4319735.993, 140
Trd, 4319737.693, 140
Trd, 4319738.793, 140
Trd, 4319739.793, 140
Trd, 4319740.693, 140
Trd, 4319740.893, 140
Trd, 4319742.443, 140
Trd, 4319742.543, 140
Trd, 4319742.943, 140
Trd, 4319743.043, 140
Trd, 4319743.393, 140
Trd, 4319743.893, 139
Trd, 4319745.593, 61
Trd, 4319745.993, 62
Trd, 4319747.193, 61
Trd, 4319747.543, 62
Trd, 4319748.143, 65
Trd, 4319748.543, 66
Trd, 4319748.943, 69
Trd, 4319750.093, 140
Trd, 4319750.243, 72
Trd, 4319750.643, 72
Trd, 4319751.743, 140
Trd, 4319752.493, 90
Trd, 4319752.893, 90
Trd, 4319753.043, 89
Trd, 4319753.693, 60
Trd, 4319755.243, 63
Trd, 4319755.393, 64
Trd, 4319757.993, 61
Trd, 4319758.293, 63
Trd, 4319758.393, 62
Trd, 4319758.493, 63
Trd, 4319759.343, 69
Trd, 4319759.443, 68
Trd, 4319759.643, 67
Trd, 4319759.893, 61
Trd, 4319760.743, 62
Trd, 4319762.393, 80
Trd, 4319762.493, 77
Trd, 4319762.693, 99
Trd, 4319763.143, 140
Trd, 4319763.943, 140
Trd, 4319763.993, 140
Trd, 4319764.143, 69
Trd, 4319767.293, 63
Trd, 4319768.793, 60
Trd, 4319770.543, 60
Trd, 4319770.693, 60
Trd, 4319771.143, 63
Trd, 4319771.493, 64
Trd, 4319771.693, 64
Trd, 4319772.093, 65
Trd, 4319772.293, 65
Trd, 4319772.393, 65
Trd, 4319774.393, 60
Trd, 4319775.343, 60
Trd, 4319776.493, 60
Trd, 4319778.643, 62
Trd, 4319778.743, 63
Trd, 4319779.393, 62
Trd, 4319779.743, 61
Trd, 4319779.843, 62
Trd, 4319779.943, 64
Trd, 4319781.343, 67
Trd, 4319781.493, 90
Trd, 4319781.893, 68
Trd, 4319782.393, 71
Trd, 4319782.593, 70
Trd, 4319783.793, 65
Trd, 4319785.193, 60
Trd, 4319786.643, 63
Trd, 4319788.643, 60
Trd, 4319788.793, 60
Trd, 4319788.843, 61
Trd, 4319789.393, 63
Trd, 4319789.443, 61
Trd, 4319789.943, 64
Trd, 4319790.543, 65
Trd, 4319791.193, 114
Trd, 4319793.493, 65
Trd, 4319793.543, 64
Trd, 4319793.893, 63
Trd, 4319795.293, 60
Trd, 4319795.493, 60
Trd, 4319796.193, 62
Trd, 4319796.743, 61
Trd, 4319796.943, 62
Trd, 4319797.143, 66
Trd, 4319798.243, 65
Trd, 4319798.393, 67
Trd, 4319798.693, 77
Trd, 4319800.143, 65
Trd, 4319800.543, 64
Trd, 4319801.043, 75
Trd, 4319803.693, 60
Trd, 4319804.843, 60
Trd, 4319807.143, 60
Trd, 4319807.193, 61
Trd, 4319807.943, 60
Trd, 4319808.543, 61
Trd, 4319808.893, 61
Trd, 4319809.093, 63
Trd, 4319809.643, 63
Trd, 4319809.993, 63
Trd, 4319810.443, 63
Trd, 4319810.943, 62
Trd, 4319811.293, 63
Trd, 4319812.543, 61
Trd, 4319814.493, 60
Trd, 4319816.543, 60
Trd, 4319817.243, 60
Trd, 4319817.493, 60
Trd, 4319817.693, 60
Trd, 4319817.843, 61
Trd, 4319817.943, 62
Trd, 4319818.193, 63
Trd, 4319819.093, 63
Trd, 4319819.343, 63
Trd, 4319819.693, 65
Trd, 4319819.843, 60
Trd, 4319823.343, 60
Trd, 4319824.993, 60
Trd, 4319825.943, 60
Trd, 4319826.193, 61
Trd, 4319826.243, 61
Trd, 4319826.293, 61
Trd, 4319826.743, 60
Trd, 4319826.893, 60
Trd, 4319828.193, 60
Trd, 4319829.643, 62
Trd, 4319831.393, 60
Trd, 4319832.143, 60
Trd, 4319834.793, 60
Trd, 4319837.043, 60
Trd, 4319837.643, 60
Trd, 4319838.143, 61
Trd, 4319838.443, 63
Trd, 4319838.693, 62
Trd, 4319839.143, 64
Trd, 4319839.243, 62
Trd, 4319839.643, 64
Trd, 4319840.043, 65
Trd, 4319840.243, 63
Trd, 4319840.893, 63
Trd, 4319841.043, 62
Trd, 4319843.693, 60
Trd, 4319845.443, 60
Trd, 4319846.293, 61
Trd, 4319848.843, 60
Trd, 4319848.943, 60
Trd, 4319849.093, 62
Trd, 4319849.843, 63
Trd, 4319849.993, 64
Trd, 4319850.043, 62
Trd, 4319851.043, 61
Trd, 4319851.343, 60
Trd, 4319851.493, 62
Trd, 4319855.643, 60
Trd, 4319856.043, 60
Trd, 4319856.393, 60
Trd, 4319857.693, 60
Trd, 4319857.943, 60
Trd, 4319858.093, 60
Trd, 4319858.393, 62
Trd, 4319858.893, 62
Trd, 4319859.393, 61
Trd, 4319859.693, 60
Trd, 4319859.843, 64
Trd, 4319865.893, 60
Trd, 4319866.343, 60
Trd, 4319867.193, 60
Trd, 4319867.643, 60
Trd, 4319867.893, 60
Trd, 4319868.143, 61
Trd, 4319868.343, 60
Trd, 4319868.693, 61
Trd, 4319869.943, 64
Trd, 4319870.143, 62
Trd, 4319871.093, 70
Trd, 4319871.493, 136
Trd, 4319872.293, 74
Trd, 4319872.543, 71
Trd, 4319872.943, 70
Trd, 4319873.093, 117
Trd, 4319877.043, 60
Trd, 4319877.193, 60
Trd, 4319878.443, 60
Trd, 4319879.593, 61
Trd, 4319880.293, 61
Trd, 4319880.443, 62
Trd, 4319880.593, 63
Trd, 4319880.693, 64
Trd, 4319880.743, 62
Trd, 4319881.093, 61
Trd, 4319882.643, 69
Trd, 4319884.993, 60
Trd, 4319886.293, 63
Trd, 4319886.493, 61
Trd, 4319887.243, 60
Trd, 4319887.793, 61
Trd, 4319888.293, 65
Trd, 4319889.143, 63
Trd, 4319889.443, 64
Trd, 4319889.493, 63
Trd, 4319890.493, 63
Trd, 4319890.543, 62
Trd, 4319893.543, 60
Trd, 4319893.793, 60
Trd, 4319894.693, 61
Trd, 4319897.843, 60
Trd, 4319897.943, 62
Trd, 4319898.193, 62
Trd, 4319898.943, 62
Trd, 4319899.243, 61
Trd, 4319899.393, 61
Trd, 4319900.643, 63
Trd, 4319900.843, 65
Trd, 4319901.093, 65
Trd, 4319901.143, 62
Trd, 4319903.593, 63
Trd, 4319904.943, 60
Trd, 4319906.443, 60
Trd, 4319907.293, 60
Trd, 4319907.693, 60
Trd, 4319907.843, 60
Trd, 4319907.893, 61
Trd, 4319908.343, 61
Trd, 4319908.693, 61
Trd, 4319909.043, 61
Trd, 4319910.793, 60
Trd, 4319915.093, 60
Trd, 4319915.193, 60
Trd, 4319915.393, 61
Trd, 4319915.493, 61
Trd, 4319916.043, 62
Trd, 4319916.093, 61
Trd, 4319916.693, 62
Trd, 4319916.943, 62
Trd, 4319917.243, 75
Trd, 4319917.693, 65
Trd, 4319917.943, 63
Trd, 4319918.393, 119
Trd, 4319919.693, 60
Trd, 4319921.743, 60
Trd, 4319922.443, 60
Trd, 4319925.043, 60
Trd, 4319925.493, 60
Trd, 4319925.693, 62
Trd, 4319926.193, 61
Trd, 4319926.443, 60
Trd, 4319926.993, 63
Trd, 4319927.143, 62
Trd, 4319927.393, 64
Trd, 4319928.043, 66
Trd, 4319928.443, 66
Trd, 4319928.843, 69
Trd, 4319929.093, 129
Trd, 4319929.243, 66
Trd, 4319929.943, 139
Trd, 4319930.093, 137
Trd, 4319931.243, 140
Trd, 4319931.443, 140
Trd, 4319931.493, 138
Trd, 4319936.393, 60
Trd, 4319936.793, 61
Trd, 4319937.093, 62
Trd, 4319937.293, 61
Trd, 4319937.693, 62
Trd, 4319938.243, 63
Trd, 4319938.293, 64
Trd, 4319938.393, 62
Trd, 4319938.693, 64
Trd, 4319939.593, 60
Trd, 4319941.793, 60
Trd, 4319944.593, 60
Trd, 4319946.693, 60
Trd, 4319947.143, 61
Trd, 4319947.843, 62
Trd, 4319947.943, 62
Trd, 4319948.343, 65
Trd, 4319948.493, 69
Trd, 4319949.693, 65
Trd, 4319949.943, 67
Trd, 4319950.093, 64
Trd, 4319950.193, 61
Trd, 4319951.943, 60
Trd, 4319952.243, 61
Trd, 4319952.443, 62
Trd, 4319953.793, 60
Trd, 4319955.293, 62
Trd, 4319955.443, 62
Trd, 4319955.843, 60
Trd, 4319957.593, 60
Trd, 4319957.643, 60
Trd, 4319958.393, 60
Trd, 4319958.793, 62
Trd, 4319959.193, 63
Trd, 4319959.543, 64
Trd, 4319959.693, 92
Trd, 4319959.993, 61
Trd, 4319960.393, 140
Trd, 4319961.893, 140
Trd, 4319961.993, 140
Trd, 4319962.393, 140
Trd, 4319962.543, 140
Trd, 4319962.793, 61
Trd, 4319964.393, 62
Trd, 4319969.393, 60
Trd, 4319970.743, 60
Trd, 4319971.543, 60
Trd, 4319971.693, 61
Trd, 4319972.593, 64
Trd, 4319972.643, 64
Trd, 4319972.943, 63
Trd, 4319972.993, 60
Trd, 4319973.443, 83
Trd, 4319976.893, 61
Trd, 4319978.093, 60
Trd, 4319980.093, 60
Trd, 4319980.643, 61
Trd, 4319980.843, 62
Trd, 4319981.593, 62
Trd, 4319982.143, 62
Trd, 4319982.393, 61
Trd, 4319983.143, 63
Trd, 4319983.793, 62
Trd, 4319984.543, 65
Trd, 4319984.593, 64
Trd, 4319985.793, 60
Trd, 4319986.293, 65
Trd, 4319987.843, 63
Trd, 4319988.093, 63
Trd, 4319988.293, 61
Trd, 4319989.543, 62
Trd, 4319990.143, 60
Trd, 4319990.943, 60
Trd, 4319992.243, 60
Trd, 4319992.593, 63
Trd, 4319993.043, 62
Trd, 4319993.543, 61
Trd, 4319993.993, 62
Trd, 4319994.943, 62
Trd, 4319995.293, 63
Trd, 4319995.743, 60
Trd, 4319997.143, 64
Trd, 4319997.493, 66
Trd, 4319998.193, 140
Trd, 4319998.493, 67
Trd, 4319998.793, 62
Trd, 4319999.743, 61
