Trd, 4318083.143, 139
Trd, 4318084.443, 135
Trd, 4318084.843, 139
Trd, 4318085.193, 140
Trd, 4318085.543, 129
Trd, 4318086.943, 132
Trd, 4318087.443, 130
Trd, 4318087.643, 129
Trd, 4318089.843, 140
Trd, 4318090.493, 140
Trd, 4318091.393, 140
Trd, 4318091.893, 140
Trd, 4318092.293, 130
Trd, 4318093.193, 131
Trd, 4318093.443, 131
Trd, 4318095.193, 140
Trd, 4318097.193, 140
Trd, 4318097.693, 140
Trd, 4318097.943, 140
Trd, 4318098.493, 140
Trd, 4318099.793, 140
Trd, 4318099.893, 140
Trd, 4318099.993, 140
Trd, 4318100.143, 139
Trd, 4318100.643, 137
Trd, 4318101.743, 62
Trd, 4318102.443, 67
Trd, 4318102.543, 140
Trd, 4318106.693, 60
Trd, 4318106.743, 60
Trd, 4318107.343, 62
Trd, 4318107.493, 63
Trd, 4318107.593, 65
Trd, 4318108.793, 63
Trd, 4318109.193, 139
Trd, 4318109.393, 69
Trd, 4318109.943, 138
Trd, 4318111.993, 85
Trd, 4318114.343, 140
Trd, 4318114.393, 140
Trd, 4318114.643, 140
Trd, 4318114.893, 140
Trd, 4318115.593, 140
Trd, 4318116.693, 136
Trd, 4318117.193, 136
Trd, 4318117.443, 136
Trd, 4318117.943, 132
Trd, 4318118.693, 137
Trd, 4318119.293, 140
Trd, 4318119.343, 139
Trd, 4318119.843, 138
Trd, 4318121.493, 140
Trd, 4318122.393, 140
Trd, 4318123.143, 140
Trd, 4318123.843, 140
Trd, 4318124.193, 140
Trd, 4318125.193, 140
Trd, 4318127.043, 140
Trd, 4318127.143, 140
Trd, 4318128.993, 140
Trd, 4318129.343, 140
Trd, 4318129.643, 140
Trd, 4318129.893, 138
Trd, 4318131.093, 140
Trd, 4318131.293, 140
Trd, 4318131.693, 140
Trd, 4318132.293, 140
Trd, 4318132.693, 139
Trd, 4318133.943, 139
Trd, 4318134.593, 140
Trd, 4318134.893, 137
Trd, 4318135.493, 139
Trd, 4318136.593, 138
Trd, 4318136.743, 123
Trd, 4318138.393, 124
Trd, 4318139.193, 125
Trd, 4318140.343, 140
Trd, 4318142.493, 140
Trd, 4318142.593, 140
Trd, 4318143.393, 140
Trd, 4318143.443, 140
Trd, 4318144.243, 140
Trd, 4318144.343, 140
Trd, 4318144.593, 135
Trd, 4318144.893, 106
Trd, 4318147.393, 109
Trd, 4318147.693, 108
Trd, 4318148.343, 107
Trd, 4318149.093, 103
Trd, 4318149.493, 140
Trd, 4318150.993, 100
Trd, 4318151.093, 90
Trd, 4318151.843, 86
Trd, 4318152.493, 86
Trd, 4318152.843, 108
Trd, 4318155.593, 140
Trd, 4318155.843, 140
Trd, 4318155.993, 140
Trd, 4318156.443, 140
Trd, 4318157.943, 140
Trd, 4318158.343, 140
Trd, 4318158.493, 140
Trd, 4318158.593, 140
Trd, 4318158.793, 140
Trd, 4318160.043, 140
Trd, 4318160.843, 140
Trd, 4318162.093, 140
Trd, 4318163.693, 140
Trd, 4318163.993, 140
Trd, 4318164.743, 140
Trd, 4318165.593, 140
Trd, 4318165.643, 140
Trd, 4318166.193, 140
Trd, 4318166.393, 138
Trd, 4318167.543, 140
Trd, 4318168.043, 140
Trd, 4318169.293, 138
Trd, 4318169.893, 140
Trd, 4318170.243, 138
Trd, 4318170.443, 137
Trd, 4318171.843, 104
Trd, 4318172.193, 104
Trd, 4318172.293, 103
Trd, 4318173.643, 132
Trd, 4318174.593, 140
Trd, 4318174.843, 140
Trd, 4318174.943, 139
Trd, 4318176.293, 127
Trd, 4318178.793, 140
Trd, 4318178.843, 140
Trd, 4318178.943, 140
Trd, 4318180.693, 140
Trd, 4318181.243, 140
Trd, 4318181.843, 140
Trd, 4318182.893, 140
Trd, 4318183.093, 140
Trd, 4318183.743, 140
Trd, 4318183.943, 140
Trd, 4318184.293, 140
Trd, 4318186.243, 140
Trd, 4318187.143, 140
Trd, 4318187.543, 140
Trd, 4318187.993, 140
Trd, 4318188.043, 140
Trd, 4318189.993, 140
Trd, 4318190.793, 140
Trd, 4318192.143, 140
Trd, 4318192.693, 140
Trd, 4318192.993, 133
Trd, 4318194.193, 136
Trd, 4318194.243, 93
Trd, 4318194.693, 137
Trd, 4318196.143, 60
Trd, 4318197.193, 60
Trd, 4318197.593, 61
Trd, 4318197.843, 66
Trd, 4318200.343, 66
Trd, 4318201.493, 61
Trd, 4318202.143, 63
Trd, 4318203.343, 60
Trd, 4318203.593, 61
Trd, 4318205.043, 63
Trd, 4318205.343, 66
Trd, 4318205.593, 68
Trd, 4318205.793, 63
Trd, 4318206.243, 140
Trd, 4318206.593, 66
Trd, 4318208.093, 140
Trd, 4318208.843, 72
Trd, 4318209.493, 109
Trd, 4318209.843, 137
Trd, 4318210.693, 137
Trd, 4318211.843, 140
Trd, 4318212.543, 140
Trd, 4318212.943, 76
Trd, 4318214.193, 136
Trd, 4318214.843, 140
Trd, 4318214.943, 94
Trd, 4318216.593, 63
Trd, 4318217.793, 140
Trd, 4318218.093, 140
Trd, 4318218.193, 140
Trd, 4318219.193, 140
Trd, 4318219.443, 140
Trd, 4318220.243, 140
Trd, 4318221.543, 140
Trd, 4318221.793, 140
Trd, 4318221.943, 140
Trd, 4318221.993, 140
Trd, 4318222.593, 118
Trd, 4318223.143, 139
Trd, 4318223.943, 123
Trd, 4318225.893, 140
Trd, 4318226.843, 140
Trd, 4318227.693, 140
Trd, 4318228.443, 140
Trd, 4318229.093, 140
Trd, 4318229.593, 140
Trd, 4318229.893, 140
Trd, 4318230.243, 140
Trd, 4318231.293, 140
Trd, 4318232.193, 140
Trd, 4318233.993, 140
Trd, 4318234.793, 140
Trd, 4318234.893, 140
Trd, 4318235.393, 140
Trd, 4318237.243, 140
Trd, 4318237.393, 140
Trd, 4318237.593, 140
Trd, 4318237.743, 138
Trd, 4318238.543, 126
Trd, 4318239.793, 132
Trd, 4318240.693, 140
Trd, 4318242.243, 140
Trd, 4318244.993, 140
Trd, 4318245.093, 140
Trd, 4318245.393, 140
Trd, 4318245.543, 140
Trd, 4318245.643, 139
Trd, 4318246.943, 140
Trd, 4318247.143, 140
Trd, 4318247.293, 137
Trd, 4318248.843, 140
Trd, 4318249.193, 139
Trd, 4318249.943, 110
Trd, 4318251.993, 140
Trd, 4318252.293, 140
Trd, 4318252.343, 140
Trd, 4318252.993, 140
Trd, 4318253.093, 140
Trd, 4318253.593, 139
Trd, 4318254.293, 139
Trd, 4318255.943, 140
Trd, 4318256.193, 91
Trd, 4318256.643, 134
Trd, 4318258.443, 134
Trd, 4318258.843, 140
Trd, 4318259.343, 138
Trd, 4318259.393, 135
Trd, 4318260.343, 96
Trd, 4318261.043, 66
Trd, 4318261.743, 109
Trd, 4318262.293, 108
Trd, 4318262.343, 135
Trd, 4318262.443, 136
Trd, 4318263.493, 122
Trd, 4318264.343, 140
Trd, 4318265.593, 82
Trd, 4318266.143, 137
Trd, 4318266.693, 140
Trd, 4318267.143, 125
Trd, 4318267.843, 138
Trd, 4318268.643, 123
Trd, 4318268.993, 117
Trd, 4318269.243, 116
Trd, 4318270.693, 140
Trd, 4318271.143, 140
Trd, 4318271.593, 136
Trd, 4318272.243, 138
Trd, 4318272.493, 139
Trd, 4318273.843, 138
Trd, 4318274.693, 139
Trd, 4318275.143, 140
Trd, 4318276.143, 140
Trd, 4318276.643, 140
Trd, 4318277.493, 140
Trd, 4318277.643, 140
Trd, 4318278.243, 140
Trd, 4318280.093, 140
Trd, 4318283.743, 140
Trd, 4318283.943, 140
Trd, 4318284.643, 140
Trd, 4318285.493, 140
Trd, 4318286.993, 140
Trd, 4318287.393, 140
Trd, 4318287.493, 140
Trd, 4318287.693, 140
Trd, 4318288.943, 140
Trd, 4318289.743, 140
Trd, 4318291.293, 140
Trd, 4318291.993, 140
Trd, 4318292.393, 140
Trd, 4318293.743, 140
Trd, 4318294.243, 140
Trd, 4318294.643, 140
Trd, 4318294.893, 140
Trd, 4318295.043, 140
Trd, 4318295.743, 140
Trd, 4318296.993, 140
Trd, 4318297.793, 72
Trd, 4318297.993, 71
Trd, 4318299.193, 135
Trd, 4318300.593, 135
Trd, 4318300.893, 135
Trd, 4318301.393, 131
Trd, 4318301.743, 140
Trd, 4318302.793, 140
Trd, 4318303.293, 82
Trd, 4318303.643, 81
Trd, 4318304.043, 70
Trd, 4318304.293, 115
Trd, 4318305.993, 101
Trd, 4318306.843, 106
Trd, 4318307.143, 140
Trd, 4318308.443, 140
Trd, 4318309.693, 140
Trd, 4318310.093, 140
Trd, 4318310.743, 140
Trd, 4318311.643, 140
Trd, 4318311.943, 140
Trd, 4318312.393, 140
Trd, 4318312.493, 140
Trd, 4318315.243, 140
Trd, 4318316.093, 140
Trd, 4318316.143, 140
Trd, 4318316.193, 138
Trd, 4318317.043, 124
Trd, 4318317.193, 123
Trd, 4318318.643, 110
Trd, 4318319.193, 140
Trd, 4318320.293, 136
Trd, 4318320.743, 140
Trd, 4318321.293, 139
Trd, 4318322.693, 105
Trd, 4318324.743, 140
Trd, 4318325.293, 140
Trd, 4318325.543, 140
Trd, 4318326.493, 140
Trd, 4318328.043, 140
Trd, 4318328.443, 140
Trd, 4318328.543, 140
Trd, 4318329.493, 140
Trd, 4318329.793, 140
Trd, 4318331.193, 140
Trd, 4318331.593, 140
Trd, 4318331.943, 140
Trd, 4318332.293, 137
Trd, 4318333.793, 140
Trd, 4318334.143, 140
Trd, 4318335.193, 140
Trd, 4318335.243, 140
Trd, 4318335.493, 140
Trd, 4318335.943, 100
Trd, 4318336.493, 66
Trd, 4318338.243, 92
Trd, 4318338.793, 93
Trd, 4318339.893, 84
Trd, 4318340.743, 138
Trd, 4318341.293, 126
Trd, 4318342.293, 140
Trd, 4318344.043, 140
Trd, 4318344.093, 139
Trd, 4318344.343, 139
Trd, 4318344.693, 117
Trd, 4318345.343, 98
Trd, 4318345.893, 139
Trd, 4318347.193, 131
Trd, 4318347.643, 129
Trd, 4318348.593, 140
Trd, 4318348.693, 127
Trd, 4318349.293, 140
Trd, 4318349.793, 118
Trd, 4318350.693, 140
Trd, 4318350.843, 120
Trd, 4318352.043, 140
Trd, 4318352.193, 140
Trd, 4318352.943, 140
Trd, 4318353.693, 140
Trd, 4318354.943, 140
Trd, 4318355.793, 140
Trd, 4318358.843, 140
Trd, 4318358.993, 140
Trd, 4318359.943, 140
Trd, 4318361.293, 140
Trd, 4318361.693, 140
Trd, 4318362.293, 140
Trd, 4318362.643, 140
Trd, 4318364.343, 140
Trd, 4318364.543, 140
Trd, 4318365.443, 140
Trd, 4318365.543, 140
Trd, 4318365.593, 140
Trd, 4318365.943, 140
Trd, 4318367.193, 140
Trd, 4318368.443, 140
Trd, 4318368.493, 140
Trd, 4318369.093, 140
Trd, 4318370.443, 140
Trd, 4318371.293, 140
Trd, 4318371.893, 140
Trd, 4318372.893, 140
Trd, 4318373.543, 140
Trd, 4318374.893, 140
Trd, 4318375.593, 140
Trd, 4318375.893, 140
Trd, 4318376.843, 140
Trd, 4318377.343, 140
Trd, 4318377.593, 140
Trd, 4318378.593, 138
Trd, 4318378.993, 139
Trd, 4318379.643, 140
Trd, 4318380.293, 140
Trd, 4318382.943, 140
Trd, 4318382.993, 140
Trd, 4318383.643, 140
Trd, 4318384.193, 140
Trd, 4318385.543, 140
Trd, 4318385.993, 140
Trd, 4318386.443, 140
Trd, 4318387.193, 140
Trd, 4318389.043, 140
Trd, 4318389.093, 140
Trd, 4318389.693, 140
Trd, 4318391.693, 140
Trd, 4318393.693, 140
Trd, 4318394.143, 140
Trd, 4318394.743, 140
Trd, 4318394.943, 140
Trd, 4318396.643, 140
Trd, 4318396.993, 140
Trd, 4318399.093, 140
Trd, 4318399.293, 140
Trd, 4318401.443, 140
Trd, 4318402.443, 140
Trd, 4318402.493, 140
Trd, 4318402.743, 140
Trd, 4318402.793, 140
Trd, 4318404.243, 140
Trd, 4318405.493, 140
Trd, 4318405.793, 139
Trd, 4318406.693, 140
Trd, 4318408.593, 140
Trd, 4318409.343, 140
Trd, 4318409.543, 140
Trd, 4318410.743, 140
Trd, 4318412.043, 140
Trd, 4318412.443, 140
Trd, 4318413.043, 140
Trd, 4318416.143, 140
Trd, 4318416.393, 140
Trd, 4318416.893, 140
Trd, 4318418.693, 140
Trd, 4318418.843, 140
Trd, 4318419.243, 140
Trd, 4318419.993, 140
Trd, 4318420.943, 140
Trd, 4318421.343, 140
Trd, 4318421.943, 140
Trd, 4318422.943, 140
Trd, 4318425.043, 140
Trd, 4318425.093, 140
Trd, 4318425.143, 140
Trd, 4318425.443, 140
Trd, 4318426.743, 140
Trd, 4318427.393, 140
Trd, 4318427.443, 140
Trd, 4318428.143, 140
Trd, 4318428.193, 140
Trd, 4318431.393, 140
Trd, 4318432.693, 140
Trd, 4318433.093, 140
Trd, 4318433.743, 140
Trd, 4318435.593, 140
Trd, 4318436.643, 140
Trd, 4318436.793, 140
Trd, 4318437.643, 140
Trd, 4318438.693, 140
Trd, 4318438.893, 140
Trd, 4318439.743, 140
Trd, 4318439.843, 140
Trd, 4318440.593, 140
Trd, 4318441.543, 140
Trd, 4318442.443, 140
Trd, 4318443.293, 140
Trd, 4318444.393, 140
Trd, 4318444.443, 140
Trd, 4318444.693, 140
Trd, 4318446.343, 140
Trd, 4318446.843, 140
Trd, 4318447.143, 140
Trd, 4318447.843, 140
Trd, 4318448.293, 139
Trd, 4318449.443, 140
Trd, 4318450.743, 140
Trd, 4318451.743, 140
Trd, 4318452.293, 140
Trd, 4318453.993, 140
Trd, 4318454.093, 140
Trd, 4318454.293, 140
Trd, 4318454.743, 140
Trd, 4318455.593, 140
Trd, 4318455.993, 140
Trd, 4318456.743, 137
Trd, 4318457.393, 137
Trd, 4318457.993, 138
Trd, 4318459.043, 140
Trd, 4318459.993, 140
Trd, 4318460.893, 140
Trd, 4318461.443, 140
Trd, 4318461.943, 140
Trd, 4318462.243, 140
Trd, 4318463.243, 114
Trd, 4318464.043, 133
Trd, 4318465.393, 120
Trd, 4318467.793, 140
Trd, 4318468.193, 140
Trd, 4318468.693, 140
Trd, 4318468.843, 140
Trd, 4318469.243, 140
Trd, 4318469.443, 140
Trd, 4318469.993, 140
Trd, 4318470.693, 139
Trd, 4318472.793, 140
Trd, 4318473.093, 140
Trd, 4318473.493, 140
Trd, 4318474.893, 140
Trd, 4318475.743, 140
Trd, 4318476.993, 140
Trd, 4318479.043, 140
Trd, 4318479.543, 140
Trd, 4318479.643, 140
Trd, 4318479.893, 138
Trd, 4318479.993, 138
Trd, 4318480.743, 140
Trd, 4318481.443, 140
Trd, 4318481.893, 81
Trd, 4318482.443, 80
Trd, 4318483.593, 69
Trd, 4318483.693, 137
Trd, 4318485.043, 135
Trd, 4318485.593, 139
Trd, 4318486.193, 129
Trd, 4318486.993, 105
Trd, 4318487.543, 106
Trd, 4318487.793, 139
Trd, 4318489.193, 140
Trd, 4318489.743, 140
Trd, 4318490.243, 140
Trd, 4318492.893, 140
Trd, 4318495.193, 140
Trd, 4318495.593, 140
Trd, 4318496.393, 140
Trd, 4318496.493, 140
Trd, 4318496.993, 140
Trd, 4318498.593, 140
Trd, 4318500.493, 140
Trd, 4318501.793, 140
Trd, 4318501.843, 140
Trd, 4318502.693, 140
Trd, 4318502.993, 140
Trd, 4318503.543, 140
Trd, 4318504.293, 140
Trd, 4318505.543, 140
Trd, 4318506.243, 140
Trd, 4318506.293, 140
Trd, 4318506.543, 140
Trd, 4318507.343, 140
Trd, 4318508.243, 140
Trd, 4318509.143, 140
Trd, 4318509.693, 140
Trd, 4318509.743, 140
Trd, 4318510.743, 140
Trd, 4318511.593, 140
Trd, 4318512.343, 140
Trd, 4318513.043, 140
Trd, 4318513.093, 140
Trd, 4318513.543, 140
Trd, 4318513.843, 140
Trd, 4318515.993, 140
Trd, 4318516.343, 140
Trd, 4318517.593, 140
Trd, 4318518.043, 140
Trd, 4318519.093, 140
Trd, 4318520.243, 140
Trd, 4318520.743, 140
Trd, 4318521.093, 140
Trd, 4318522.243, 140
Trd, 4318522.793, 140
Trd, 4318523.293, 140
Trd, 4318524.593, 140
Trd, 4318526.443, 140
Trd, 4318526.593, 140
Trd, 4318526.843, 140
Trd, 4318527.093, 140
Trd, 4318527.443, 138
Trd, 4318528.943, 140
Trd, 4318529.393, 140
Trd, 4318530.043, 140
Trd, 4318530.293, 140
Trd, 4318530.743, 140
Trd, 4318531.893, 140
Trd, 4318533.443, 140
Trd, 4318534.443, 140
Trd, 4318534.543, 140
Trd, 4318535.393, 140
Trd, 4318536.493, 140
Trd, 4318536.993, 140
Trd, 4318538.043, 140
Trd, 4318538.393, 140
Trd, 4318538.643, 140
Trd, 4318541.543, 140
Trd, 4318541.893, 140
Trd, 4318542.343, 140
Trd, 4318542.843, 140
Trd, 4318543.843, 139
Trd, 4318544.793, 140
Trd, 4318545.043, 140
Trd, 4318545.443, 139
Trd, 4318546.393, 140
Trd, 4318546.593, 140
Trd, 4318547.443, 140
Trd, 4318548.493, 137
Trd, 4318550.543, 140
Trd, 4318552.443, 140
Trd, 4318552.743, 140
Trd, 4318552.893, 140
Trd, 4318554.393, 140
Trd, 4318555.293, 140
Trd, 4318555.793, 140
Trd, 4318555.843, 140
Trd, 4318556.793, 140
Trd, 4318557.443, 140
Trd, 4318559.193, 140
Trd, 4318560.543, 140
Trd, 4318560.843, 140
Trd, 4318560.943, 140
Trd, 4318561.193, 136
Trd, 4318561.693, 137
Trd, 4318562.343, 140
Trd, 4318563.443, 137
Trd, 4318564.093, 140
Trd, 4318565.043, 140
Trd, 4318565.143, 134
Trd, 4318565.843, 89
Trd, 4318566.243, 60
Trd, 4318566.343, 60
Trd, 4318568.143, 140
Trd, 4318568.443, 140
Trd, 4318570.393, 140
Trd, 4318570.893, 140
Trd, 4318571.593, 140
Trd, 4318572.093, 140
Trd, 4318572.543, 140
Trd, 4318573.293, 140
Trd, 4318574.193, 140
Trd, 4318574.293, 140
Trd, 4318574.493, 139
Trd, 4318576.343, 63
Trd, 4318577.593, 137
Trd, 4318578.243, 138
Trd, 4318580.443, 140
Trd, 4318580.493, 140
Trd, 4318580.543, 140
Trd, 4318580.743, 140
Trd, 4318581.343, 140
Trd, 4318582.443, 140
Trd, 4318582.843, 140
Trd, 4318583.243, 140
Trd, 4318584.793, 140
Trd, 4318585.243, 140
Trd, 4318586.243, 140
Trd, 4318586.843, 139
Trd, 4318588.243, 140
Trd, 4318588.843, 140
Trd, 4318588.893, 140
Trd, 4318589.993, 140
Trd, 4318590.293, 140
Trd, 4318590.593, 140
Trd, 4318590.843, 140
Trd, 4318592.643, 128
Trd, 4318592.793, 139
Trd, 4318593.593, 140
Trd, 4318594.493, 139
Trd, 4318595.043, 131
Trd, 4318595.843, 140
Trd, 4318597.743, 140
Trd, 4318598.593, 140
Trd, 4318599.293, 140
Trd, 4318599.593, 140
Trd, 4318599.793, 140
Trd, 4318600.593, 140
Trd, 4318601.843, 140
Trd, 4318602.493, 140
Trd, 4318604.443, 140
Trd, 4318605.893, 140
Trd, 4318606.293, 140
Trd, 4318607.293, 140
Trd, 4318608.443, 140
Trd, 4318608.693, 140
Trd, 4318609.743, 140
Trd, 4318610.593, 140
Trd, 4318610.843, 61
Trd, 4318612.393, 140
Trd, 4318612.943, 140
Trd, 4318613.043, 140
Trd, 4318613.643, 140
Trd, 4318615.493, 140
Trd, 4318616.943, 140
Trd, 4318617.593, 140
Trd, 4318617.893, 140
Trd, 4318619.693, 140
Trd, 4318620.393, 140
Trd, 4318620.743, 140
Trd, 4318621.193, 140
Trd, 4318621.543, 140
Trd, 4318622.593, 140
Trd, 4318623.593, 140
Trd, 4318625.043, 140
Trd, 4318625.193, 140
Trd, 4318625.243, 140
Trd, 4318625.893, 140
Trd, 4318625.943, 139
Trd, 4318627.343, 140
Trd, 4318627.543, 140
Trd, 4318630.393, 140
Trd, 4318630.843, 140
Trd, 4318630.993, 94
Trd, 4318631.243, 81
Trd, 4318631.743, 138
Trd, 4318632.743, 65
Trd, 4318633.893, 65
Trd, 4318634.493, 75
Trd, 4318635.093, 77
Trd, 4318636.843, 140
Trd, 4318637.093, 140
Trd, 4318637.493, 140
Trd, 4318638.643, 140
Trd, 4318638.993, 140
Trd, 4318639.793, 140
Trd, 4318642.143, 140
Trd, 4318642.443, 140
Trd, 4318642.843, 140
Trd, 4318644.543, 140
Trd, 4318645.243, 140
Trd, 4318645.443, 140
Trd, 4318646.393, 140
Trd, 4318646.493, 140
Trd, 4318646.843, 140
Trd, 4318649.243, 140
Trd, 4318649.743, 140
Trd, 4318650.493, 140
Trd, 4318650.893, 140
Trd, 4318651.943, 140
Trd, 4318652.243, 140
Trd, 4318652.393, 140
Trd, 4318654.293, 140
Trd, 4318655.243, 140
Trd, 4318657.443, 140
Trd, 4318657.643, 140
Trd, 4318657.743, 137
Trd, 4318658.693, 67
Trd, 4318659.943, 138
Trd, 4318660.593, 136
Trd, 4318660.943, 86
Trd, 4318661.043, 85
Trd, 4318661.243, 84
Trd, 4318663.443, 140
Trd, 4318664.093, 140
Trd, 4318664.743, 140
Trd, 4318665.643, 140
Trd, 4318667.593, 140
Trd, 4318669.693, 140
Trd, 4318670.193, 140
Trd, 4318670.343, 140
Trd, 4318670.593, 135
Trd, 4318671.693, 140
Trd, 4318672.243, 140
Trd, 4318673.143, 140
Trd, 4318675.343, 140
Trd, 4318675.643, 140
Trd, 4318675.993, 140
Trd, 4318677.393, 140
Trd, 4318678.543, 140
Trd, 4318679.293, 140
Trd, 4318679.993, 140
Trd, 4318682.193, 140
Trd, 4318682.843, 140
Trd, 4318682.943, 140
Trd, 4318682.993, 140
Trd, 4318683.993, 140
Trd, 4318684.543, 140
Trd, 4318684.743, 139
Trd, 4318685.493, 123
Trd, 4318686.593, 136
Trd, 4318688.143, 140
Trd, 4318688.743, 140
Trd, 4318688.943, 140
Trd, 4318691.543, 139
Trd, 4318691.793, 100
Trd, 4318692.493, 138
Trd, 4318695.193, 140
Trd, 4318695.693, 140
Trd, 4318696.943, 140
Trd, 4318698.443, 140
Trd, 4318699.343, 140
Trd, 4318699.443, 140
Trd, 4318700.243, 140
Trd, 4318701.943, 140
Trd, 4318703.943, 140
Trd, 4318704.443, 140
Trd, 4318704.693, 140
Trd, 4318705.543, 140
Trd, 4318706.293, 140
Trd, 4318707.243, 140
Trd, 4318707.943, 140
Trd, 4318709.443, 140
Trd, 4318709.893, 140
Trd, 4318709.993, 140
Trd, 4318710.243, 140
Trd, 4318712.143, 140
Trd, 4318712.343, 140
Trd, 4318713.193, 140
Trd, 4318713.943, 140
Trd, 4318715.293, 140
Trd, 4318716.243, 140
Trd, 4318716.893, 140
Trd, 4318716.943, 140
Trd, 4318717.493, 140
Trd, 4318717.993, 140
Trd, 4318718.343, 140
Trd, 4318720.593, 140
Trd, 4318720.843, 140
Trd, 4318721.943, 140
Trd, 4318723.143, 140
Trd, 4318724.943, 140
Trd, 4318726.443, 140
Trd, 4318726.693, 140
Trd, 4318726.893, 140
Trd, 4318726.993, 140
Trd, 4318728.243, 140
Trd, 4318728.693, 139
Trd, 4318729.943, 140
Trd, 4318730.043, 140
Trd, 4318730.093, 139
Trd, 4318730.743, 122
Trd, 4318731.943, 116
Trd, 4318732.193, 134
Trd, 4318732.493, 136
Trd, 4318732.643, 115
Trd, 4318734.343, 140
Trd, 4318735.543, 120
Trd, 4318735.643, 119
Trd, 4318735.943, 139
Trd, 4318736.943, 73
Trd, 4318737.243, 119
Trd, 4318738.993, 121
Trd, 4318739.043, 120
Trd, 4318740.243, 140
Trd, 4318740.943, 140
Trd, 4318741.143, 140
Trd, 4318741.743, 140
Trd, 4318743.393, 140
Trd, 4318743.843, 140
Trd, 4318743.893, 140
Trd, 4318745.293, 140
Trd, 4318745.493, 140
Trd, 4318746.543, 140
Trd, 4318746.993, 140
Trd, 4318747.893, 140
Trd, 4318748.843, 140
Trd, 4318749.143, 140
Trd, 4318751.343, 140
Trd, 4318751.393, 139
Trd, 4318751.593, 139
Trd, 4318751.993, 138
Trd, 4318755.093, 140
Trd, 4318755.393, 140
Trd, 4318755.443, 140
Trd, 4318755.993, 140
Trd, 4318757.193, 140
Trd, 4318757.293, 139
Trd, 4318757.343, 138
Trd, 4318761.393, 140
Trd, 4318762.143, 140
Trd, 4318762.293, 140
Trd, 4318762.693, 140
Trd, 4318763.043, 140
Trd, 4318763.393, 138
Trd, 4318764.243, 140
Trd, 4318764.793, 137
Trd, 4318764.943, 136
Trd, 4318767.743, 140
Trd, 4318769.293, 140
Trd, 4318770.443, 140
Trd, 4318771.743, 140
Trd, 4318772.393, 140
Trd, 4318772.793, 140
Trd, 4318772.993, 140
Trd, 4318773.143, 140
Trd, 4318773.693, 140
Trd, 4318774.943, 140
Trd, 4318779.143, 140
Trd, 4318779.943, 140
Trd, 4318780.093, 140
Trd, 4318780.593, 140
Trd, 4318780.743, 140
Trd, 4318781.243, 140
Trd, 4318782.093, 125
Trd, 4318782.893, 140
Trd, 4318785.343, 140
Trd, 4318785.493, 140
Trd, 4318785.693, 140
Trd, 4318786.243, 140
Trd, 4318786.293, 140
Trd, 4318786.343, 140
Trd, 4318786.643, 138
Trd, 4318787.493, 140
Trd, 4318787.843, 140
Trd, 4318788.143, 140
Trd, 4318788.193, 92
Trd, 4318790.993, 140
Trd, 4318792.643, 140
Trd, 4318793.843, 140
Trd, 4318793.943, 140
Trd, 4318794.543, 140
Trd, 4318794.693, 140
Trd, 4318795.493, 140
Trd, 4318795.893, 140
Trd, 4318796.243, 140
Trd, 4318796.993, 140
Trd, 4318797.543, 140
Trd, 4318797.793, 139
Trd, 4318798.793, 140
Trd, 4318800.443, 140
Trd, 4318800.893, 140
Trd, 4318802.193, 140
Trd, 4318803.043, 140
Trd, 4318804.243, 140
Trd, 4318804.293, 140
Trd, 4318805.943, 140
Trd, 4318806.193, 140
Trd, 4318806.993, 140
Trd, 4318807.193, 140
Trd, 4318807.943, 140
Trd, 4318808.043, 140
Trd, 4318808.343, 136
Trd, 4318809.543, 140
Trd, 4318811.143, 140
Trd, 4318813.193, 140
Trd, 4318813.393, 140
Trd, 4318813.543, 140
Trd, 4318813.993, 139
Trd, 4318815.043, 140
Trd, 4318817.093, 140
Trd, 4318817.543, 140
Trd, 4318817.593, 140
Trd, 4318817.893, 140
Trd, 4318817.943, 138
Trd, 4318821.343, 140
Trd, 4318821.743, 140
Trd, 4318822.193, 140
Trd, 4318822.843, 140
Trd, 4318823.043, 140
Trd, 4318823.393, 140
Trd, 4318823.543, 134
Trd, 4318824.493, 65
Trd, 4318827.593, 140
Trd, 4318828.293, 140
Trd, 4318828.343, 140
Trd, 4318828.993, 140
Trd, 4318829.643, 140
Trd, 4318830.693, 140
Trd, 4318831.393, 140
Trd, 4318833.143, 140
Trd, 4318833.393, 140
Trd, 4318835.893, 140
Trd, 4318837.393, 140
Trd, 4318837.443, 140
Trd, 4318838.343, 140
Trd, 4318839.343, 140
Trd, 4318839.793, 140
Trd, 4318840.693, 140
Trd, 4318841.693, 140
Trd, 4318842.793, 140
Trd, 4318843.343, 140
Trd, 4318844.593, 140
Trd, 4318845.193, 140
Trd, 4318846.493, 140
Trd, 4318846.993, 140
Trd, 4318847.043, 140
Trd, 4318848.793, 140
Trd, 4318849.843, 140
Trd, 4318850.443, 140
Trd, 4318850.743, 140
Trd, 4318851.143, 140
Trd, 4318852.293, 140
Trd, 4318853.443, 140
Trd, 4318853.893, 139
Trd, 4318854.893, 140
Trd, 4318855.343, 140
Trd, 4318856.393, 140
Trd, 4318859.043, 140
Trd, 4318859.543, 140
Trd, 4318859.693, 140
Trd, 4318860.043, 140
Trd, 4318860.393, 140
Trd, 4318860.993, 140
Trd, 4318861.943, 140
Trd, 4318862.493, 140
Trd, 4318862.643, 140
Trd, 4318862.693, 140
Trd, 4318863.493, 140
Trd, 4318865.243, 140
Trd, 4318865.593, 140
Trd, 4318867.893, 140
Trd, 4318868.443, 140
Trd, 4318869.043, 140
Trd, 4318870.243, 139
Trd, 4318870.293, 139
Trd, 4318871.493, 140
Trd, 4318871.693, 140
Trd, 4318873.443, 140
Trd, 4318873.893, 140
Trd, 4318874.643, 140
Trd, 4318874.793, 140
Trd, 4318875.043, 140
Trd, 4318875.793, 140
Trd, 4318876.143, 140
Trd, 4318877.093, 140
Trd, 4318880.443, 140
Trd, 4318880.643, 140
Trd, 4318881.343, 140
Trd, 4318881.693, 140
Trd, 4318882.643, 140
Trd, 4318883.143, 140
Trd, 4318883.693, 140
Trd, 4318884.043, 140
Trd, 4318885.393, 140
Trd, 4318885.593, 140
Trd, 4318886.043, 140
Trd, 4318886.943, 140
Trd, 4318887.043, 140
Trd, 4318887.543, 140
Trd, 4318887.743, 140
Trd, 4318890.743, 140
Trd, 4318890.993, 140
Trd, 4318891.043, 140
Trd, 4318891.943, 140
Trd, 4318892.043, 140
Trd, 4318892.693, 140
Trd, 4318895.493, 140
Trd, 4318895.993, 140
Trd, 4318896.493, 140
Trd, 4318896.543, 140
Trd, 4318897.143, 140
Trd, 4318897.393, 140
Trd, 4318898.543, 140
Trd, 4318900.293, 140
Trd, 4318901.093, 140
Trd, 4318902.443, 140
Trd, 4318902.543, 140
Trd, 4318903.693, 140
Trd, 4318904.793, 140
Trd, 4318905.643, 140
Trd, 4318905.743, 140
Trd, 4318906.043, 140
Trd, 4318906.943, 140
Trd, 4318907.143, 140
Trd, 4318907.893, 140
Trd, 4318907.993, 140
Trd, 4318908.243, 140
Trd, 4318908.543, 140
Trd, 4318909.143, 140
Trd, 4318909.893, 140
Trd, 4318910.643, 140
Trd, 4318910.743, 140
Trd, 4318912.443, 140
Trd, 4318913.793, 140
Trd, 4318914.593, 140
Trd, 4318914.743, 140
Trd, 4318915.193, 140
Trd, 4318915.493, 140
Trd, 4318916.243, 133
Trd, 4318916.493, 132
Trd, 4318918.093, 140
Trd, 4318919.793, 140
Trd, 4318920.743, 140
Trd, 4318921.343, 139
Trd, 4318921.693, 139
Trd, 4318922.193, 137
Trd, 4318922.743, 125
Trd, 4318923.143, 125
Trd, 4318924.593, 129
Trd, 4318925.043, 128
Trd, 4318926.493, 140
Trd, 4318927.243, 140
Trd, 4318928.443, 140
Trd, 4318928.743, 140
Trd, 4318928.893, 140
Trd, 4318929.343, 139
Trd, 4318931.043, 140
Trd, 4318931.643, 140
Trd, 4318932.243, 140
Trd, 4318933.193, 140
Trd, 4318933.593, 137
Trd, 4318934.443, 60
Trd, 4318934.643, 61
Trd, 4318935.343, 62
Trd, 4318936.393, 60
Trd, 4318936.943, 60
Trd, 4318937.393, 78
Trd, 4318937.743, 64
Trd, 4318938.743, 61
Trd, 4318940.043, 87
Trd, 4318940.493, 65
Trd, 4318940.593, 85
Trd, 4318942.793, 84
Trd, 4318943.143, 131
Trd, 4318943.543, 139
Trd, 4318944.093, 132
Trd, 4318944.393, 132
Trd, 4318945.843, 140
Trd, 4318946.293, 140
Trd, 4318947.343, 140
Trd, 4318948.143, 140
Trd, 4318948.443, 140
Trd, 4318949.443, 140
Trd, 4318950.343, 140
Trd, 4318950.443, 140
Trd, 4318950.993, 140
Trd, 4318951.043, 140
Trd, 4318951.793, 140
Trd, 4318952.743, 140
Trd, 4318953.493, 140
Trd, 4318953.543, 140
Trd, 4318954.693, 140
Trd, 4318956.943, 140
Trd, 4318957.993, 140
Trd, 4318958.543, 140
Trd, 4318959.193, 140
Trd, 4318959.843, 140
Trd, 4318961.143, 140
Trd, 4318961.793, 140
Trd, 4318961.943, 135
Trd, 4318963.743, 130
Trd, 4318964.993, 140
Trd, 4318965.093, 140
Trd, 4318965.543, 140
Trd, 4318965.893, 140
Trd, 4318965.993, 140
Trd, 4318967.043, 140
Trd, 4318967.093, 140
Trd, 4318967.293, 138
Trd, 4318967.793, 139
Trd, 4318969.443, 67
Trd, 4318970.593, 140
Trd, 4318970.693, 138
Trd, 4318972.943, 60
Trd, 4318973.243, 61
Trd, 4318974.343, 60
Trd, 4318975.893, 63
Trd, 4318976.293, 66
Trd, 4318976.343, 66
Trd, 4318977.093, 140
Trd, 4318977.893, 140
Trd, 4318978.043, 140
Trd, 4318978.393, 140
Trd, 4318978.943, 140
Trd, 4318979.993, 140
Trd, 4318980.043, 140
Trd, 4318981.343, 140
Trd, 4318981.893, 140
Trd, 4318982.293, 140
Trd, 4318982.643, 140
Trd, 4318982.893, 66
Trd, 4318984.193, 139
Trd, 4318984.643, 118
Trd, 4318988.393, 140
Trd, 4318989.043, 140
Trd, 4318989.443, 140
Trd, 4318990.143, 140
Trd, 4318990.493, 140
Trd, 4318990.843, 140
Trd, 4318990.993, 140
Trd, 4318993.443, 140
Trd, 4318993.693, 139
Trd, 4318994.693, 140
Trd, 4318994.743, 139
Trd, 4318996.193, 140
Trd, 4318996.443, 140
Trd, 4318996.843, 140
Trd, 4318996.993, 140
Trd, 4318997.393, 127
Trd, 4318997.993, 61
Trd, 4318999.393, 138
Trd, 4318999.543, 134
Trd, 4319000.293, 121
Trd, 4319001.493, 140
Trd, 4319001.643, 140
Trd, 4319003.443, 139
Trd, 4319004.393, 63
Trd, 4319004.493, 83
Trd, 4319004.643, 84
Trd, 4319005.693, 69
Trd, 4319006.793, 140
Trd, 4319007.393, 140
Trd, 4319009.643, 140
Trd, 4319010.243, 140
Trd, 4319011.993, 140
Trd, 4319012.993, 140
Trd, 4319013.693, 139
Trd, 4319014.343, 138
Trd, 4319014.593, 140
Trd, 4319016.293, 140
Trd, 4319016.393, 140
Trd, 4319017.693, 140
Trd, 4319018.593, 140
Trd, 4319018.843, 140
Trd, 4319019.143, 113
Trd, 4319020.393, 140
Trd, 4319021.243, 140
Trd, 4319022.543, 140
Trd, 4319022.993, 140
Trd, 4319023.243, 140
Trd, 4319023.893, 140
Trd, 4319024.993, 140
Trd, 4319025.443, 140
Trd, 4319026.893, 140
Trd, 4319028.093, 140
Trd, 4319028.543, 140
Trd, 4319030.343, 140
Trd, 4319030.493, 140
Trd, 4319031.143, 140
Trd, 4319031.993, 140
Trd, 4319032.043, 140
Trd, 4319032.993, 139
Trd, 4319034.343, 134
Trd, 4319035.643, 140
Trd, 4319036.593, 140
Trd, 4319036.643, 140
Trd, 4319038.693, 140
Trd, 4319039.493, 140
Trd, 4319040.043, 140
Trd, 4319040.443, 140
Trd, 4319040.543, 140
Trd, 4319040.993, 140
Trd, 4319041.393, 140
Trd, 4319044.393, 140
Trd, 4319044.693, 140
Trd, 4319045.293, 140
Trd, 4319045.793, 140
Trd, 4319047.243, 140
Trd, 4319047.593, 140
Trd, 4319048.893, 140
Trd, 4319049.743, 140
Trd, 4319049.893, 138
Trd, 4319049.993, 137
Trd, 4319051.843, 140
Trd, 4319051.943, 140
Trd, 4319052.643, 140
Trd, 4319054.093, 140
Trd, 4319054.443, 140
Trd, 4319054.593, 140
Trd, 4319056.193, 140
Trd, 4319056.243, 140
Trd, 4319057.743, 140
Trd, 4319057.993, 140
Trd, 4319058.843, 140
Trd, 4319060.193, 140
Trd, 4319060.293, 140
Trd, 4319060.893, 140
Trd, 4319062.193, 140
Trd, 4319063.943, 140
Trd, 4319064.243, 140
Trd, 4319065.093, 140
Trd, 4319065.843, 140
Trd, 4319065.943, 140
Trd, 4319067.093, 139
Trd, 4319067.243, 138
Trd, 4319067.393, 140
Trd, 4319067.443, 107
Trd, 4319068.393, 140
Trd, 4319069.343, 140
Trd, 4319069.493, 134
Trd, 4319070.493, 139
Trd, 4319071.543, 140
Trd, 4319073.593, 140
Trd, 4319073.793, 140
Trd, 4319074.443, 140
Trd, 4319075.493, 140
Trd, 4319075.843, 140
Trd, 4319075.943, 140
Trd, 4319078.493, 140
Trd, 4319080.443, 140
Trd, 4319080.493, 140
Trd, 4319082.293, 140
Trd, 4319082.893, 140
Trd, 4319083.043, 140
Trd, 4319084.043, 140
Trd, 4319084.793, 140
Trd, 4319084.993, 137
Trd, 4319085.443, 113
Trd, 4319085.543, 138
Trd, 4319085.693, 117
Trd, 4319086.593, 63
Trd, 4319088.593, 140
Trd, 4319088.643, 140
Trd, 4319089.593, 140
Trd, 4319090.343, 140
Trd, 4319090.993, 140
Trd, 4319091.193, 139
Trd, 4319091.343, 85
Trd, 4319092.643, 140
Trd, 4319093.293, 78
Trd, 4319094.043, 140
Trd, 4319094.393, 81
Trd, 4319095.043, 134
Trd, 4319096.143, 140
Trd, 4319098.543, 140
Trd, 4319098.693, 139
Trd, 4319099.543, 140
Trd, 4319100.343, 140
Trd, 4319100.693, 138
Trd, 4319102.093, 140
Trd, 4319102.493, 140
Trd, 4319103.093, 138
Trd, 4319103.943, 71
Trd, 4319105.143, 140
Trd, 4319105.193, 140
Trd, 4319106.143, 139
Trd, 4319107.093, 68
Trd, 4319109.593, 130
Trd, 4319109.893, 94
Trd, 4319110.393, 93
Trd, 4319111.093, 96
Trd, 4319111.143, 126
Trd, 4319111.593, 96
Trd, 4319111.793, 98
Trd, 4319113.143, 131
Trd, 4319113.643, 61
Trd, 4319115.593, 134
Trd, 4319115.693, 134
Trd, 4319116.843, 140
Trd, 4319117.243, 140
Trd, 4319117.793, 140
Trd, 4319118.243, 140
Trd, 4319119.243, 140
Trd, 4319120.343, 137
Trd, 4319121.793, 140
Trd, 4319122.243, 140
Trd, 4319122.493, 140
Trd, 4319123.543, 140
Trd, 4319123.743, 140
Trd, 4319123.943, 140
Trd, 4319124.693, 140
Trd, 4319124.743, 140
Trd, 4319126.743, 140
Trd, 4319126.843, 140
Trd, 4319127.893, 140
Trd, 4319128.143, 140
Trd, 4319128.493, 140
Trd, 4319131.243, 140
Trd, 4319132.393, 140
Trd, 4319132.993, 140
Trd, 4319133.843, 140
Trd, 4319134.043, 140
Trd, 4319135.143, 140
Trd, 4319136.693, 140
Trd, 4319136.893, 140
Trd, 4319137.993, 140
Trd, 4319139.493, 140
Trd, 4319141.193, 140
Trd, 4319142.043, 140
Trd, 4319142.443, 140
Trd, 4319144.793, 140
Trd, 4319144.993, 140
Trd, 4319145.093, 140
Trd, 4319145.193, 140
Trd, 4319145.393, 140
Trd, 4319145.493, 140
Trd, 4319145.893, 139
Trd, 4319146.793, 99
Trd, 4319147.943, 139
Trd, 4319148.093, 140
Trd, 4319148.143, 138
Trd, 4319148.943, 130
Trd, 4319149.843, 140
Trd, 4319150.943, 140
Trd, 4319151.193, 140
Trd, 4319151.393, 140
Trd, 4319151.793, 72
Trd, 4319153.243, 67
Trd, 4319154.243, 65
Trd, 4319154.593, 86
Trd, 4319155.693, 72
Trd, 4319156.693, 79
Trd, 4319157.193, 80
Trd, 4319157.493, 96
Trd, 4319157.693, 76
Trd, 4319158.493, 92
Trd, 4319159.043, 75
Trd, 4319159.193, 93
Trd, 4319161.093, 63
Trd, 4319161.843, 60
Trd, 4319164.543, 60
Trd, 4319164.693, 60
Trd, 4319164.743, 63
Trd, 4319165.193, 61
Trd, 4319165.593, 60
Trd, 4319165.943, 64
Trd, 4319166.693, 100
Trd, 4319167.293, 120
Trd, 4319168.443, 66
Trd, 4319168.943, 94
Trd, 4319171.693, 140
Trd, 4319171.743, 140
Trd, 4319171.993, 140
Trd, 4319172.493, 140
Trd, 4319172.843, 139
Trd, 4319172.943, 139
Trd, 4319173.643, 139
Trd, 4319174.243, 60
Trd, 4319176.143, 70
Trd, 4319176.193, 71
Trd, 4319176.493, 81
Trd, 4319177.743, 90
Trd, 4319177.843, 89
Trd, 4319178.893, 60
Trd, 4319180.443, 109
Trd, 4319181.643, 140
Trd, 4319181.793, 140
Trd, 4319181.893, 140
Trd, 4319184.043, 140
Trd, 4319184.093, 137
Trd, 4319186.043, 140
Trd, 4319188.143, 140
Trd, 4319188.693, 140
Trd, 4319188.943, 140
Trd, 4319189.293, 140
Trd, 4319189.793, 77
Trd, 4319190.293, 60
Trd, 4319190.843, 66
Trd, 4319191.043, 132
Trd, 4319192.993, 60
Trd, 4319193.343, 116
Trd, 4319194.293, 91
Trd, 4319194.843, 111
Trd, 4319194.893, 93
Trd, 4319195.493, 139
Trd, 4319196.443, 135
Trd, 4319197.193, 99
Trd, 4319197.493, 99
Trd, 4319197.843, 99
Trd, 4319197.893, 103
Trd, 4319199.493, 60
Trd, 4319199.593, 60
Trd, 4319200.793, 140
Trd, 4319201.143, 137
Trd, 4319201.743, 60
Trd, 4319203.793, 140
Trd, 4319204.593, 140
Trd, 4319204.993, 140
Trd, 4319206.143, 140
Trd, 4319206.393, 140
Trd, 4319206.843, 140
Trd, 4319207.043, 140
Trd, 4319207.293, 140
Trd, 4319208.843, 140
Trd, 4319210.443, 140
Trd, 4319210.643, 140
Trd, 4319210.793, 139
Trd, 4319210.943, 138
Trd, 4319211.143, 109
Trd, 4319212.493, 101
Trd, 4319212.943, 140
Trd, 4319213.893, 140
Trd, 4319216.343, 140
Trd, 4319216.443, 140
Trd, 4319217.993, 140
Trd, 4319219.643, 140
Trd, 4319220.143, 140
Trd, 4319220.743, 140
Trd, 4319221.143, 139
Trd, 4319221.893, 140
Trd, 4319222.393, 140
Trd, 4319222.793, 139
Trd, 4319223.943, 83
Trd, 4319224.743, 84
Trd, 4319224.993, 122
Trd, 4319226.693, 114
Trd, 4319226.743, 84
Trd, 4319227.843, 72
Trd, 4319227.943, 69
Trd, 4319230.193, 140
Trd, 4319230.693, 140
Trd, 4319230.793, 140
Trd, 4319230.893, 139
Trd, 4319231.193, 140
Trd, 4319233.243, 140
Trd, 4319233.493, 140
Trd, 4319234.043, 140
Trd, 4319235.193, 140
Trd, 4319235.493, 139
Trd, 4319236.593, 140
Trd, 4319236.743, 138
Trd, 4319236.943, 71
Trd, 4319237.243, 136
Trd, 4319237.293, 138
Trd, 4319237.843, 70
Trd, 4319240.293, 140
Trd, 4319240.543, 140
Trd, 4319241.843, 140
Trd, 4319242.343, 140
Trd, 4319243.343, 140
Trd, 4319243.493, 140
Trd, 4319243.593, 140
Trd, 4319244.193, 74
Trd, 4319244.843, 67
Trd, 4319245.743, 67
Trd, 4319246.293, 140
Trd, 4319246.693, 140
Trd, 4319247.393, 139
Trd, 4319248.543, 79
Trd, 4319249.243, 67
Trd, 4319249.393, 83
Trd, 4319250.243, 81
Trd, 4319250.293, 80
Trd, 4319250.643, 121
Trd, 4319251.493, 139
Trd, 4319252.643, 139
Trd, 4319254.993, 140
Trd, 4319255.193, 140
Trd, 4319257.593, 140
Trd, 4319257.943, 140
Trd, 4319258.543, 140
Trd, 4319258.593, 140
Trd, 4319259.193, 140
Trd, 4319260.293, 140
Trd, 4319260.643, 140
Trd, 4319260.893, 140
Trd, 4319262.693, 140
Trd, 4319263.193, 140
Trd, 4319263.593, 138
Trd, 4319264.943, 140
Trd, 4319266.293, 140
Trd, 4319266.643, 140
Trd, 4319266.793, 140
Trd, 4319268.443, 140
Trd, 4319268.643, 140
Trd, 4319270.343, 140
Trd, 4319270.743, 140
Trd, 4319270.943, 140
Trd, 4319271.143, 140
Trd, 4319272.443, 140
Trd, 4319273.643, 140
Trd, 4319275.193, 140
Trd, 4319275.593, 140
Trd, 4319276.643, 140
Trd, 4319277.193, 140
Trd, 4319277.593, 140
Trd, 4319279.043, 140
Trd, 4319279.593, 140
Trd, 4319280.593, 140
Trd, 4319280.693, 140
Trd, 4319282.193, 140
Trd, 4319282.543, 63
Trd, 4319283.543, 63
Trd, 4319283.893, 62
Trd, 4319284.343, 107
Trd, 4319286.193, 62
Trd, 4319287.093, 64
Trd, 4319287.943, 69
Trd, 4319288.693, 74
Trd, 4319288.843, 71
Trd, 4319288.993, 119
Trd, 4319291.093, 119
Trd, 4319291.993, 120
Trd, 4319292.493, 67
Trd, 4319292.693, 63
Trd, 4319293.943, 140
Trd, 4319295.293, 139
Trd, 4319296.343, 140
Trd, 4319296.643, 140
Trd, 4319296.843, 140
Trd, 4319296.943, 140
Trd, 4319297.243, 134
Trd, 4319297.943, 64
Trd, 4319298.343, 68
Trd, 4319298.893, 97
Trd, 4319300.693, 140
Trd, 4319301.143, 140
Trd, 4319301.893, 140
Trd, 4319302.793, 140
Trd, 4319303.193, 140
Trd, 4319306.943, 140
Trd, 4319306.993, 140
Trd, 4319307.193, 140
Trd, 4319307.693, 140
Trd, 4319308.843, 140
Trd, 4319309.793, 140
Trd, 4319309.993, 140
Trd, 4319310.343, 140
Trd, 4319310.793, 140
Trd, 4319311.993, 140
Trd, 4319312.093, 140
Trd, 4319313.643, 139
Trd, 4319314.443, 140
Trd, 4319315.143, 140
Trd, 4319317.393, 140
Trd, 4319317.593, 140
Trd, 4319317.843, 140
Trd, 4319318.443, 140
Trd, 4319319.043, 140
Trd, 4319320.043, 140
Trd, 4319320.793, 140
Trd, 4319321.043, 140
Trd, 4319322.043, 140
Trd, 4319323.493, 139
Trd, 4319323.743, 138
Trd, 4319324.593, 140
Trd, 4319324.643, 139
Trd, 4319324.893, 138
Trd, 4319327.043, 140
Trd, 4319327.193, 140
Trd, 4319327.593, 109
Trd, 4319328.143, 63
Trd, 4319329.693, 60
Trd, 4319330.093, 76
Trd, 4319330.393, 73
Trd, 4319331.293, 60
Trd, 4319333.343, 116
Trd, 4319333.643, 140
Trd, 4319333.843, 140
Trd, 4319334.143, 139
Trd, 4319334.393, 139
Trd, 4319336.693, 140
Trd, 4319337.493, 140
Trd, 4319337.743, 140
Trd, 4319337.843, 140
Trd, 4319338.643, 137
Trd, 4319339.143, 139
Trd, 4319341.143, 140
Trd, 4319341.843, 140
Trd, 4319343.843, 140
Trd, 4319344.643, 140
Trd, 4319345.543, 140
Trd, 4319345.993, 140
Trd, 4319346.343, 140
Trd, 4319347.593, 140
Trd, 4319347.793, 140
Trd, 4319348.643, 140
Trd, 4319349.343, 140
Trd, 4319349.893, 140
Trd, 4319351.293, 140
Trd, 4319352.493, 140
Trd, 4319353.093, 140
Trd, 4319353.943, 140
Trd, 4319354.493, 140
Trd, 4319354.693, 140
Trd, 4319355.093, 140
Trd, 4319355.593, 140
Trd, 4319356.093, 139
Trd, 4319356.643, 130
Trd, 4319356.993, 61
Trd, 4319359.543, 140
Trd, 4319359.843, 140
Trd, 4319361.493, 140
Trd, 4319361.993, 140
Trd, 4319362.093, 140
Trd, 4319363.143, 140
Trd, 4319363.593, 140
Trd, 4319364.693, 139
Trd, 4319364.793, 138
Trd, 4319364.843, 138
Trd, 4319365.943, 140
Trd, 4319367.393, 140
Trd, 4319368.743, 140
Trd, 4319368.943, 140
Trd, 4319369.443, 140
Trd, 4319371.593, 140
Trd, 4319371.693, 140
Trd, 4319371.993, 140
Trd, 4319372.243, 140
Trd, 4319372.993, 140
Trd, 4319373.543, 140
Trd, 4319374.493, 140
Trd, 4319375.093, 140
Trd, 4319375.493, 140
Trd, 4319377.343, 140
Trd, 4319379.993, 140
Trd, 4319380.393, 140
Trd, 4319380.893, 140
Trd, 4319380.993, 140
Trd, 4319381.443, 140
Trd, 4319381.943, 140
Trd, 4319382.443, 71
Trd, 4319383.343, 67
Trd, 4319384.593, 140
Trd, 4319385.243, 140
Trd, 4319385.793, 140
Trd, 4319386.593, 140
Trd, 4319386.943, 140
Trd, 4319387.893, 140
Trd, 4319387.943, 140
Trd, 4319390.843, 140
Trd, 4319390.893, 140
Trd, 4319391.543, 140
Trd, 4319391.643, 140
Trd, 4319392.893, 140
Trd, 4319393.893, 140
Trd, 4319394.843, 140
Trd, 4319394.893, 140
Trd, 4319395.693, 139
Trd, 4319396.143, 138
Trd, 4319396.943, 139
Trd, 4319397.843, 140
Trd, 4319398.893, 140
Trd, 4319399.393, 140
Trd, 4319399.543, 140
Trd, 4319400.693, 140
Trd, 4319402.193, 140
Trd, 4319402.743, 140
Trd, 4319403.343, 140
Trd, 4319403.693, 140
Trd, 4319404.393, 117
Trd, 4319407.293, 140
Trd, 4319408.493, 140
Trd, 4319409.043, 140
Trd, 4319409.393, 140
Trd, 4319410.193, 140
Trd, 4319410.843, 140
Trd, 4319411.193, 140
Trd, 4319412.143, 140
Trd, 4319412.643, 140
Trd, 4319414.093, 140
Trd, 4319414.743, 140
Trd, 4319415.093, 140
Trd, 4319416.343, 140
Trd, 4319417.043, 140
Trd, 4319417.443, 140
Trd, 4319417.743, 140
Trd, 4319420.093, 140
Trd, 4319421.793, 140
Trd, 4319422.393, 140
Trd, 4319423.143, 140
Trd, 4319423.543, 140
Trd, 4319423.743, 140
Trd, 4319425.343, 140
Trd, 4319426.993, 140
Trd, 4319427.943, 140
Trd, 4319427.993, 140
Trd, 4319428.093, 140
Trd, 4319429.443, 140
Trd, 4319430.643, 137
Trd, 4319431.193, 70
Trd, 4319431.993, 97
Trd, 4319433.693, 139
Trd, 4319433.993, 138
Trd, 4319434.243, 137
Trd, 4319434.893, 96
Trd, 4319435.443, 96
Trd, 4319435.943, 93
Trd, 4319437.593, 140
Trd, 4319437.893, 140
Trd, 4319438.093, 140
Trd, 4319438.893, 140
Trd, 4319438.943, 140
Trd, 4319440.843, 87
Trd, 4319441.893, 140
Trd, 4319442.343, 107
Trd, 4319442.443, 106
Trd, 4319443.043, 140
Trd, 4319443.743, 140
Trd, 4319444.193, 139
Trd, 4319444.643, 138
Trd, 4319447.643, 140
Trd, 4319448.393, 140
Trd, 4319448.543, 140
Trd, 4319448.793, 140
Trd, 4319449.843, 140
Trd, 4319449.893, 140
Trd, 4319450.393, 118
Trd, 4319451.893, 138
Trd, 4319452.993, 60
Trd, 4319453.093, 60
Trd, 4319454.543, 61
Trd, 4319455.393, 60
Trd, 4319455.943, 66
Trd, 4319456.193, 75
Trd, 4319456.593, 64
Trd, 4319457.343, 66
Trd, 4319457.393, 74
Trd, 4319458.193, 73
Trd, 4319459.543, 118
Trd, 4319459.693, 136
Trd, 4319461.293, 111
Trd, 4319461.443, 117
Trd, 4319461.643, 87
Trd, 4319462.343, 140
Trd, 4319462.493, 139
Trd, 4319462.843, 86
Trd, 4319463.393, 140
Trd, 4319464.893, 140
Trd, 4319466.293, 140
Trd, 4319466.793, 140
Trd, 4319468.493, 140
Trd, 4319469.693, 140
Trd, 4319469.743, 140
Trd, 4319470.043, 140
Trd, 4319470.143, 137
Trd, 4319470.543, 66
Trd, 4319471.543, 140
Trd, 4319474.243, 140
Trd, 4319474.443, 140
Trd, 4319475.243, 140
Trd, 4319475.793, 140
Trd, 4319476.593, 140
Trd, 4319477.943, 140
Trd, 4319478.143, 140
Trd, 4319479.043, 136
Trd, 4319479.493, 131
Trd, 4319480.693, 138
Trd, 4319482.293, 140
Trd, 4319482.443, 140
Trd, 4319483.043, 139
Trd, 4319483.343, 137
Trd, 4319483.443, 136
Trd, 4319484.243, 62
Trd, 4319485.043, 122
Trd, 4319485.543, 136
Trd, 4319487.293, 140
Trd, 4319488.593, 140
Trd, 4319488.993, 140
Trd, 4319489.943, 139
Trd, 4319490.143, 139
Trd, 4319490.693, 140
Trd, 4319493.493, 140
Trd, 4319493.543, 140
Trd, 4319493.593, 137
Trd, 4319495.643, 139
Trd, 4319495.993, 109
Trd, 4319496.093, 108
Trd, 4319496.193, 107
Trd, 4319497.143, 139
Trd, 4319497.643, 124
Trd, 4319497.693, 123
Trd, 4319498.943, 77
Trd, 4319499.093, 78
Trd, 4319499.893, 61
Trd, 4319501.093, 85
Trd, 4319502.243, 140
Trd, 4319503.193, 140
Trd, 4319503.593, 140
Trd, 4319505.743, 140
Trd, 4319507.193, 140
Trd, 4319507.393, 140
Trd, 4319507.893, 140
Trd, 4319508.943, 140
Trd, 4319509.343, 140
Trd, 4319510.593, 140
Trd, 4319511.293, 140
Trd, 4319511.493, 140
Trd, 4319511.793, 140
Trd, 4319512.643, 140
Trd, 4319513.143, 140
Trd, 4319513.543, 140
Trd, 4319515.743, 140
Trd, 4319516.243, 140
Trd, 4319516.493, 140
Trd, 4319516.543, 140
Trd, 4319517.843, 140
Trd, 4319520.543, 140
Trd, 4319520.943, 140
Trd, 4319522.193, 140
Trd, 4319522.693, 140
Trd, 4319523.493, 140
Trd, 4319524.043, 140
Trd, 4319524.443, 140
Trd, 4319524.843, 140
Trd, 4319525.543, 140
Trd, 4319526.193, 140
Trd, 4319527.443, 140
Trd, 4319527.493, 140
Trd, 4319527.993, 140
Trd, 4319528.043, 140
Trd, 4319529.993, 139
Trd, 4319530.993, 139
Trd, 4319531.993, 140
Trd, 4319532.943, 140
Trd, 4319533.293, 140
Trd, 4319533.593, 140
Trd, 4319534.243, 140
Trd, 4319535.393, 140
Trd, 4319536.643, 140
Trd, 4319536.893, 140
Trd, 4319537.293, 140
Trd, 4319538.293, 140
Trd, 4319538.593, 140
Trd, 4319538.843, 140
Trd, 4319539.543, 140
Trd, 4319540.243, 140
Trd, 4319541.543, 140
Trd, 4319542.543, 140
Trd, 4319542.993, 140
Trd, 4319543.143, 140
Trd, 4319543.943, 139
Trd, 4319545.143, 140
Trd, 4319545.343, 140
Trd, 4319546.043, 140
Trd, 4319546.993, 140
Trd, 4319547.493, 140
Trd, 4319547.943, 140
Trd, 4319549.343, 140
Trd, 4319549.543, 140
Trd, 4319550.643, 139
Trd, 4319551.093, 140
Trd, 4319551.743, 64
Trd, 4319551.993, 83
Trd, 4319553.743, 134
Trd, 4319554.143, 107
Trd, 4319556.243, 140
Trd, 4319556.343, 140
Trd, 4319557.343, 140
Trd, 4319558.893, 140
Trd, 4319559.143, 140
Trd, 4319559.343, 140
Trd, 4319559.643, 140
Trd, 4319559.993, 139
Trd, 4319560.893, 140
Trd, 4319561.043, 140
Trd, 4319562.343, 140
Trd, 4319563.193, 140
Trd, 4319563.443, 140
Trd, 4319565.243, 140
Trd, 4319565.643, 140
Trd, 4319567.093, 140
Trd, 4319567.793, 140
Trd, 4319568.293, 140
Trd, 4319568.593, 140
Trd, 4319569.243, 140
Trd, 4319570.043, 140
Trd, 4319570.643, 139
Trd, 4319571.843, 140
Trd, 4319572.543, 140
Trd, 4319573.543, 140
Trd, 4319574.293, 140
Trd, 4319575.943, 140
Trd, 4319576.793, 140
Trd, 4319579.143, 140
Trd, 4319579.893, 140
Trd, 4319580.393, 140
Trd, 4319580.593, 140
Trd, 4319580.993, 140
Trd, 4319582.093, 140
Trd, 4319582.493, 140
Trd, 4319582.593, 140
Trd, 4319583.493, 140
Trd, 4319585.493, 140
Trd, 4319586.443, 140
Trd, 4319587.243, 140
Trd, 4319587.843, 140
Trd, 4319588.943, 140
Trd, 4319589.343, 140
Trd, 4319589.593, 140
Trd, 4319589.943, 140
Trd, 4319591.543, 140
Trd, 4319592.443, 140
Trd, 4319592.643, 140
Trd, 4319593.093, 140
Trd, 4319594.043, 140
Trd, 4319594.093, 75
Trd, 4319595.843, 140
Trd, 4319596.393, 140
Trd, 4319597.493, 140
Trd, 4319597.793, 140
Trd, 4319598.343, 112
Trd, 4319599.243, 60
Trd, 4319600.293, 60
Trd, 4319601.143, 60
Trd, 4319602.043, 60
Trd, 4319602.543, 60
Trd, 4319603.043, 62
Trd, 4319603.343, 67
Trd, 4319604.893, 73
Trd, 4319606.093, 140
Trd, 4319606.843, 140
Trd, 4319608.393, 140
Trd, 4319608.743, 140
Trd, 4319609.843, 140
Trd, 4319611.643, 140
Trd, 4319611.843, 140
Trd, 4319612.143, 140
Trd, 4319612.393, 140
Trd, 4319612.543, 140
Trd, 4319612.693, 139
Trd, 4319616.393, 140
Trd, 4319616.443, 140
Trd, 4319616.793, 140
Trd, 4319616.893, 140
Trd, 4319617.293, 92
Trd, 4319619.043, 140
Trd, 4319619.143, 140
Trd, 4319620.693, 140
Trd, 4319621.043, 140
Trd, 4319622.993, 140
Trd, 4319623.393, 140
Trd, 4319624.943, 140
Trd, 4319625.243, 140
Trd, 4319625.743, 139
Trd, 4319626.843, 139
Trd, 4319627.793, 140
Trd, 4319628.043, 140
Trd, 4319628.343, 140
Trd, 4319630.643, 140
Trd, 4319631.593, 84
Trd, 4319631.843, 74
Trd, 4319632.243, 140
Trd, 4319632.443, 139
Trd, 4319633.093, 76
Trd, 4319633.543, 140
Trd, 4319634.093, 139
Trd, 4319634.293, 136
Trd, 4319635.893, 140
Trd, 4319636.743, 140
Trd, 4319637.843, 140
Trd, 4319638.593, 140
Trd, 4319638.643, 140
Trd, 4319638.743, 140
Trd, 4319639.343, 122
Trd, 4319641.643, 140
Trd, 4319641.943, 140
Trd, 4319642.493, 140
Trd, 4319643.993, 140
Trd, 4319644.993, 140
Trd, 4319645.243, 140
Trd, 4319645.793, 140
Trd, 4319646.393, 137
Trd, 4319646.443, 116
Trd, 4319646.893, 115
Trd, 4319647.893, 60
Trd, 4319649.643, 60
Trd, 4319650.243, 60
Trd, 4319652.443, 62
Trd, 4319653.143, 63
Trd, 4319653.543, 64
Trd, 4319653.993, 70
Trd, 4319654.443, 60
Trd, 4319656.293, 61
Trd, 4319656.493, 66
Trd, 4319657.643, 62
Trd, 4319657.793, 61
Trd, 4319658.743, 61
Trd, 4319658.893, 62
Trd, 4319658.993, 140
Trd, 4319659.943, 69
Trd, 4319660.243, 69
Trd, 4319660.293, 70
Trd, 4319660.393, 68
Trd, 4319660.793, 140
Trd, 4319662.293, 62
Trd, 4319663.093, 62
Trd, 4319663.743, 99
Trd, 4319665.193, 61
Trd, 4319665.593, 62
Trd, 4319667.043, 138
Trd, 4319667.793, 71
Trd, 4319667.893, 68
Trd, 4319668.893, 139
Trd, 4319669.193, 140
Trd, 4319669.543, 140
Trd, 4319669.693, 138
Trd, 4319669.943, 140
Trd, 4319670.843, 140
Trd, 4319672.193, 140
Trd, 4319673.043, 140
Trd, 4319674.743, 140
Trd, 4319674.993, 140
Trd, 4319675.893, 140
Trd, 4319677.843, 140
Trd, 4319679.243, 140
Trd, 4319679.643, 140
Trd, 4319680.443, 140
Trd, 4319680.943, 140
Trd, 4319681.643, 140
Trd, 4319683.143, 140
Trd, 4319683.843, 140
Trd, 4319684.193, 140
Trd, 4319684.443, 140
Trd, 4319685.043, 139
Trd, 4319685.693, 140
Trd, 4319686.693, 139
Trd, 4319688.143, 140
Trd, 4319688.293, 140
Trd, 4319689.493, 140
Trd, 4319689.893, 127
Trd, 4319691.193, 109
Trd, 4319691.243, 108
Trd, 4319691.593, 140
Trd, 4319692.543, 134
Trd, 4319693.443, 140
Trd, 4319694.343, 140
Trd, 4319695.243, 140
Trd, 4319696.143, 139
Trd, 4319696.343, 137
Trd, 4319698.143, 140
Trd, 4319698.543, 140
Trd, 4319699.043, 140
Trd, 4319701.693, 140
Trd, 4319702.093, 140
Trd, 4319703.093, 140
Trd, 4319703.243, 140
Trd, 4319703.993, 140
Trd, 4319704.943, 140
Trd, 4319706.043, 140
Trd, 4319706.493, 140
Trd, 4319707.143, 140
Trd, 4319707.343, 140
Trd, 4319708.743, 140
Trd, 4319709.143, 140
Trd, 4319710.143, 140
Trd, 4319710.193, 140
Trd, 4319711.393, 140
Trd, 4319711.843, 140
Trd, 4319713.093, 140
Trd, 4319714.193, 140
Trd, 4319715.243, 140
Trd, 4319716.543, 140
Trd, 4319717.343, 140
Trd, 4319717.543, 140
Trd, 4319718.393, 140
Trd, 4319718.643, 140
Trd, 4319719.793, 140
Trd, 4319720.793, 140
Trd, 4319721.543, 139
Trd, 4319722.893, 140
Trd, 4319722.993, 139
Trd, 4319723.993, 140
Trd, 4319724.843, 140
Trd, 4319725.393, 140
Trd, 4319726.493, 140
Trd, 4319727.593, 140
Trd, 4319727.743, 140
Trd, 4319728.043, 140
Trd, 4319728.743, 140
Trd, 4319729.243, 140
Trd, 4319729.743, 138
Trd, 4319731.443, 140
Trd, 4319731.543, 140
Trd, 4319732.893, 139
Trd, 4319733.443, 140
Trd, 4319734.893, 140
Trd, 4319735.143, 140
Trd, 4319735.243, 140
Trd, 4319735.343, 140
Trd, 4319735.843, 64
Trd, 4319737.443, 140
Trd, 4319738.543, 140
Trd, 4319738.993, 140
Trd, 4319740.493, 140
Trd, 4319741.593, 140
Trd, 4319741.643, 140
Trd, 4319742.593, 140
Trd, 4319742.793, 140
Trd, 4319743.693, 140
Trd, 4319743.893, 140
Trd, 4319746.393, 140
Trd, 4319746.593, 140
Trd, 4319747.393, 139
Trd, 4319750.743, 140
Trd, 4319751.293, 140
Trd, 4319751.743, 140
Trd, 4319752.193, 140
Trd, 4319752.893, 140
Trd, 4319753.493, 140
Trd, 4319754.193, 140
Trd, 4319754.293, 140
Trd, 4319755.093, 64
Trd, 4319755.743, 140
Trd, 4319757.043, 134
Trd, 4319759.593, 140
Trd, 4319759.643, 140
Trd, 4319759.943, 140
Trd, 4319761.543, 140
Trd, 4319761.993, 140
Trd, 4319762.743, 140
Trd, 4319763.243, 140
Trd, 4319763.393, 140
Trd, 4319763.693, 140
Trd, 4319766.443, 140
Trd, 4319766.493, 140
Trd, 4319766.743, 140
Trd, 4319768.243, 140
Trd, 4319768.543, 140
Trd, 4319768.993, 140
Trd, 4319769.193, 140
Trd, 4319770.293, 140
Trd, 4319770.343, 139
Trd, 4319771.293, 140
Trd, 4319772.543, 140
Trd, 4319773.843, 140
Trd, 4319775.443, 140
Trd, 4319776.543, 140
Trd, 4319777.243, 140
Trd, 4319777.343, 140
Trd, 4319777.393, 140
Trd, 4319777.643, 136
Trd, 4319777.693, 82
Trd, 4319781.843, 60
Trd, 4319781.943, 60
Trd, 4319783.093, 60
Trd, 4319784.943, 63
Trd, 4319785.193, 60
Trd, 4319785.593, 66
Trd, 4319785.893, 69
Trd, 4319786.443, 63
Trd, 4319786.593, 69
Trd, 4319789.143, 125
Trd, 4319789.393, 123
Trd, 4319789.843, 112
Trd, 4319790.243, 125
Trd, 4319790.543, 125
Trd, 4319791.543, 60
Trd, 4319792.843, 60
Trd, 4319793.893, 140
Trd, 4319793.943, 140
Trd, 4319795.043, 137
Trd, 4319795.893, 140
Trd, 4319797.043, 140
Trd, 4319798.743, 140
Trd, 4319799.743, 140
Trd, 4319799.993, 140
Trd, 4319800.843, 140
Trd, 4319801.093, 140
Trd, 4319801.243, 140
Trd, 4319801.793, 140
Trd, 4319803.793, 140
Trd, 4319804.443, 140
Trd, 4319805.143, 140
Trd, 4319806.343, 140
Trd, 4319806.793, 140
Trd, 4319807.943, 140
Trd, 4319808.893, 140
Trd, 4319809.293, 140
Trd, 4319811.543, 140
Trd, 4319812.243, 140
Trd, 4319812.693, 140
Trd, 4319812.743, 140
Trd, 4319813.743, 140
Trd, 4319814.243, 140
Trd, 4319814.393, 140
Trd, 4319814.793, 139
Trd, 4319816.593, 140
Trd, 4319818.843, 140
Trd, 4319819.443, 140
Trd, 4319819.643, 140
Trd, 4319819.943, 140
Trd, 4319821.043, 140
Trd, 4319821.293, 138
Trd, 4319822.543, 122
Trd, 4319822.893, 121
Trd, 4319824.543, 140
Trd, 4319825.193, 140
Trd, 4319825.443, 140
Trd, 4319825.943, 140
Trd, 4319826.043, 140
Trd, 4319826.793, 140
Trd, 4319826.993, 139
Trd, 4319829.043, 140
Trd, 4319830.143, 140
Trd, 4319830.293, 140
Trd, 4319832.493, 140
Trd, 4319832.843, 140
Trd, 4319834.893, 140
Trd, 4319835.393, 140
Trd, 4319836.093, 140
Trd, 4319836.343, 140
Trd, 4319837.143, 140
Trd, 4319840.543, 140
Trd, 4319840.793, 140
Trd, 4319841.543, 140
Trd, 4319842.593, 140
Trd, 4319843.243, 140
Trd, 4319843.293, 140
Trd, 4319843.393, 140
Trd, 4319843.493, 139
Trd, 4319845.043, 122
Trd, 4319845.143, 122
Trd, 4319845.193, 121
Trd, 4319845.593, 118
Trd, 4319845.893, 137
Trd, 4319846.443, 63
Trd, 4319849.143, 140
Trd, 4319849.643, 136
Trd, 4319849.793, 140
Trd, 4319850.043, 103
Trd, 4319850.593, 140
Trd, 4319852.543, 111
Trd, 4319853.043, 107
Trd, 4319853.193, 108
Trd, 4319854.393, 109
Trd, 4319854.893, 140
Trd, 4319856.743, 140
Trd, 4319856.943, 140
Trd, 4319857.193, 140
Trd, 4319858.993, 140
Trd, 4319859.543, 140
Trd, 4319859.843, 140
Trd, 4319859.993, 140
Trd, 4319861.393, 140
Trd, 4319861.843, 140
Trd, 4319862.593, 140
Trd, 4319863.493, 111
Trd, 4319864.743, 139
Trd, 4319866.093, 140
Trd, 4319866.743, 140
Trd, 4319866.993, 140
Trd, 4319867.893, 140
Trd, 4319870.293, 140
Trd, 4319870.693, 140
Trd, 4319871.343, 140
Trd, 4319871.693, 140
Trd, 4319871.893, 140
Trd, 4319873.743, 140
Trd, 4319874.243, 140
Trd, 4319875.893, 140
Trd, 4319876.343, 140
Trd, 4319877.543, 140
Trd, 4319877.743, 140
Trd, 4319880.043, 140
Trd, 4319880.343, 140
Trd, 4319881.593, 140
Trd, 4319881.943, 140
Trd, 4319882.393, 140
Trd, 4319883.493, 140
Trd, 4319883.893, 140
Trd, 4319884.093, 140
Trd, 4319884.143, 140
Trd, 4319884.393, 108
Trd, 4319885.193, 63
Trd, 4319885.593, 68
Trd, 4319885.743, 130
Trd, 4319887.943, 69
Trd, 4319888.193, 70
Trd, 4319888.893, 70
Trd, 4319889.043, 66
Trd, 4319889.243, 71
Trd, 4319890.293, 62
Trd, 4319891.343, 63
Trd, 4319891.393, 67
Trd, 4319891.693, 140
Trd, 4319893.093, 140
Trd, 4319894.143, 140
Trd, 4319894.293, 140
Trd, 4319895.443, 140
Trd, 4319895.893, 140
Trd, 4319897.293, 140
Trd, 4319897.393, 140
Trd, 4319897.493, 139
Trd, 4319897.743, 139
Trd, 4319898.443, 138
Trd, 4319899.843, 137
Trd, 4319900.443, 134
Trd, 4319901.243, 135
Trd, 4319901.993, 104
Trd, 4319902.143, 71
Trd, 4319904.393, 140
Trd, 4319904.693, 140
Trd, 4319905.343, 140
Trd, 4319905.743, 139
Trd, 4319906.943, 140
Trd, 4319907.443, 140
Trd, 4319908.093, 140
Trd, 4319908.693, 140
Trd, 4319908.793, 139
Trd, 4319909.593, 140
Trd, 4319910.543, 140
Trd, 4319910.843, 140
Trd, 4319912.293, 140
Trd, 4319912.693, 140
Trd, 4319913.493, 140
Trd, 4319914.693, 140
Trd, 4319915.493, 140
Trd, 4319917.443, 140
Trd, 4319917.743, 140
Trd, 4319917.843, 140
Trd, 4319918.243, 140
Trd, 4319918.293, 140
Trd, 4319918.843, 140
Trd, 4319918.893, 140
Trd, 4319919.643, 121
Trd, 4319920.543, 140
Trd, 4319921.893, 140
Trd, 4319922.043, 140
Trd, 4319923.793, 139
Trd, 4319925.643, 140
Trd, 4319925.843, 140
Trd, 4319926.793, 140
Trd, 4319927.043, 140
Trd, 4319927.093, 95
Trd, 4319927.943, 61
Trd, 4319928.493, 61
Trd, 4319930.793, 60
Trd, 4319932.093, 60
Trd, 4319933.343, 60
Trd, 4319935.043, 60
Trd, 4319935.143, 60
Trd, 4319935.293, 60
Trd, 4319935.743, 62
Trd, 4319936.343, 63
Trd, 4319936.593, 64
Trd, 4319937.393, 98
Trd, 4319937.843, 139
Trd, 4319939.893, 139
Trd, 4319941.093, 140
Trd, 4319941.543, 140
Trd, 4319942.043, 140
Trd, 4319942.743, 140
Trd, 4319944.393, 140
Trd, 4319944.443, 140
Trd, 4319945.543, 140
Trd, 4319946.593, 140
Trd, 4319947.693, 68
Trd, 4319948.593, 140
Trd, 4319950.843, 140
Trd, 4319951.193, 140
Trd, 4319951.343, 140
Trd, 4319951.743, 140
Trd, 4319952.193, 137
Trd, 4319953.493, 140
Trd, 4319953.993, 140
Trd, 4319954.543, 140
Trd, 4319955.293, 140
Trd, 4319955.343, 140
Trd, 4319957.693, 140
Trd, 4319958.693, 140
Trd, 4319959.093, 140
Trd, 4319959.893, 140
Trd, 4319960.193, 140
Trd, 4319960.643, 140
Trd, 4319961.943, 140
Trd, 4319962.443, 139
Trd, 4319963.293, 101
Trd, 4319963.593, 100
Trd, 4319963.793, 98
Trd, 4319964.943, 140
Trd, 4319965.793, 140
Trd, 4319966.793, 140
Trd, 4319967.643, 140
Trd, 4319968.843, 140
Trd, 4319969.893, 140
Trd, 4319969.943, 140
Trd, 4319970.093, 140
Trd, 4319970.593, 140
Trd, 4319971.043, 139
Trd, 4319971.193, 138
Trd, 4319972.893, 140
Trd, 4319973.293, 140
Trd, 4319974.043, 140
Trd, 4319974.993, 140
Trd, 4319976.943, 140
Trd, 4319977.443, 140
Trd, 4319977.543, 140
Trd, 4319978.693, 139
Trd, 4319978.893, 140
Trd, 4319979.243, 122
Trd, 4319979.993, 60
Trd, 4319980.843, 139
Trd, 4319981.043, 140
Trd, 4319981.343, 125
Trd, 4319982.193, 139
Trd, 4319983.793, 140
Trd, 4319985.493, 140
Trd, 4319985.943, 140
Trd, 4319986.093, 140
Trd, 4319986.843, 140
Trd, 4319989.543, 126
Trd, 4319989.843, 125
Trd, 4319990.343, 131
Trd, 4319990.743, 109
Trd, 4319992.493, 140
Trd, 4319992.943, 139
Trd, 4319993.193, 140
Trd, 4319993.843, 138
Trd, 4319995.193, 140
Trd, 4319995.343, 138
Trd, 4319996.493, 121
Trd, 4319997.043, 73
Trd, 4319998.043, 140
Trd, 4319998.793, 140
Trd, 4319998.843, 140
Trd, 4319999.343, 64
Trd, 4319999.543, 65
