Trd, 4318114.893, 102
Trd, 4318116.293, 111
Trd, 4318116.343, 110
Trd, 4318116.593, 107
Trd, 4318117.943, 96
Trd, 4318118.143, 94
Trd, 4318119.043, 140
Trd, 4318119.593, 131
Trd, 4318120.043, 101
Trd, 4318120.493, 138
Trd, 4318122.093, 111
Trd, 4318122.693, 110
Trd, 4318123.593, 110
Trd, 4318123.693, 80
Trd, 4318124.793, 138
Trd, 4318125.343, 92
Trd, 4318125.693, 121
Trd, 4318126.043, 110
Trd, 4318127.043, 114
Trd, 4318128.793, 140
Trd, 4318128.943, 140
Trd, 4318128.993, 140
Trd, 4318129.693, 123
Trd, 4318129.993, 122
Trd, 4318130.593, 84
Trd, 4318130.893, 112
Trd, 4318132.693, 130
Trd, 4318133.043, 112
Trd, 4318133.193, 107
Trd, 4318133.493, 119
Trd, 4318134.093, 86
Trd, 4318135.243, 127
Trd, 4318135.593, 86
Trd, 4318136.243, 132
Trd, 4318137.343, 106
Trd, 4318137.993, 82
Trd, 4318138.293, 73
Trd, 4318139.693, 77
Trd, 4318140.143, 139
Trd, 4318140.243, 138
Trd, 4318140.543, 116
Trd, 4318141.243, 60
Trd, 4318141.793, 89
Trd, 4318142.743, 93
Trd, 4318143.093, 92
Trd, 4318144.293, 73
Trd, 4318144.893, 65
Trd, 4318145.793, 123
Trd, 4318146.393, 100
Trd, 4318147.093, 98
Trd, 4318147.793, 120
Trd, 4318148.843, 140
Trd, 4318149.443, 99
Trd, 4318149.843, 98
Trd, 4318150.493, 116
Trd, 4318151.143, 100
Trd, 4318151.193, 76
Trd, 4318152.843, 139
Trd, 4318153.893, 127
Trd, 4318155.393, 68
Trd, 4318156.643, 118
Trd, 4318156.943, 111
Trd, 4318159.793, 140
Trd, 4318160.893, 119
Trd, 4318162.943, 137
Trd, 4318163.293, 123
Trd, 4318163.393, 110
Trd, 4318163.543, 89
Trd, 4318164.493, 127
Trd, 4318164.843, 119
Trd, 4318165.493, 124
Trd, 4318166.393, 87
Trd, 4318166.593, 84
Trd, 4318168.493, 64
Trd, 4318168.693, 71
Trd, 4318169.843, 95
Trd, 4318170.043, 76
Trd, 4318170.443, 139
Trd, 4318171.743, 91
Trd, 4318172.393, 80
Trd, 4318172.893, 93
Trd, 4318173.743, 127
Trd, 4318174.093, 111
Trd, 4318176.293, 138
Trd, 4318176.693, 92
Trd, 4318176.893, 92
Trd, 4318177.093, 91
Trd, 4318178.593, 134
Trd, 4318179.643, 129
Trd, 4318180.543, 130
Trd, 4318181.493, 104
Trd, 4318182.293, 138
Trd, 4318182.643, 119
Trd, 4318182.793, 100
Trd, 4318182.893, 99
Trd, 4318184.443, 128
Trd, 4318185.693, 94
Trd, 4318185.843, 93
Trd, 4318186.543, 114
Trd, 4318187.443, 80
Trd, 4318188.793, 60
Trd, 4318189.393, 134
Trd, 4318189.743, 65
Trd, 4318190.043, 117
Trd, 4318190.393, 63
Trd, 4318191.443, 117
Trd, 4318191.643, 81
Trd, 4318192.543, 79
Trd, 4318193.143, 117
Trd, 4318195.493, 140
Trd, 4318196.093, 140
Trd, 4318196.643, 140
Trd, 4318196.793, 139
Trd, 4318198.643, 106
Trd, 4318198.693, 82
Trd, 4318201.643, 139
Trd, 4318201.693, 131
Trd, 4318201.993, 124
Trd, 4318202.343, 84
Trd, 4318203.193, 140
Trd, 4318203.443, 80
Trd, 4318204.393, 73
Trd, 4318205.343, 62
Trd, 4318206.193, 87
Trd, 4318208.643, 80
Trd, 4318209.293, 132
Trd, 4318209.393, 131
Trd, 4318209.493, 130
Trd, 4318210.343, 121
Trd, 4318210.393, 102
Trd, 4318211.143, 100
Trd, 4318211.243, 98
Trd, 4318212.393, 75
Trd, 4318212.443, 98
Trd, 4318212.543, 65
Trd, 4318215.043, 137
Trd, 4318216.193, 122
Trd, 4318216.543, 114
Trd, 4318218.543, 135
Trd, 4318218.893, 134
Trd, 4318219.393, 127
Trd, 4318219.993, 97
Trd, 4318221.543, 140
Trd, 4318221.643, 138
Trd, 4318221.943, 102
Trd, 4318221.993, 91
Trd, 4318223.243, 80
Trd, 4318224.943, 60
Trd, 4318224.993, 83
Trd, 4318225.493, 95
Trd, 4318226.193, 74
Trd, 4318227.193, 106
Trd, 4318227.343, 122
Trd, 4318227.593, 110
Trd, 4318228.443, 127
Trd, 4318228.643, 95
Trd, 4318229.143, 94
Trd, 4318230.593, 69
Trd, 4318232.293, 110
Trd, 4318232.993, 84
Trd, 4318233.643, 140
Trd, 4318233.793, 108
Trd, 4318234.493, 105
Trd, 4318235.193, 102
Trd, 4318237.743, 64
Trd, 4318238.143, 84
Trd, 4318238.843, 136
Trd, 4318239.443, 133
Trd, 4318239.593, 123
Trd, 4318239.743, 113
Trd, 4318240.143, 92
Trd, 4318241.343, 77
Trd, 4318241.443, 69
Trd, 4318242.093, 86
Trd, 4318242.793, 66
Trd, 4318243.943, 89
Trd, 4318244.193, 132
Trd, 4318245.443, 95
Trd, 4318246.093, 60
Trd, 4318247.543, 94
Trd, 4318247.893, 66
Trd, 4318248.243, 94
Trd, 4318249.393, 119
Trd, 4318250.343, 69
Trd, 4318250.843, 84
Trd, 4318251.743, 71
Trd, 4318252.443, 127
Trd, 4318253.943, 104
Trd, 4318254.843, 117
Trd, 4318255.943, 140
Trd, 4318256.093, 127
Trd, 4318257.493, 108
Trd, 4318257.843, 111
Trd, 4318258.343, 98
Trd, 4318258.543, 114
Trd, 4318259.743, 94
Trd, 4318260.843, 119
Trd, 4318261.893, 116
Trd, 4318262.193, 127
Trd, 4318262.843, 137
Trd, 4318263.043, 109
Trd, 4318263.443, 99
Trd, 4318264.543, 86
Trd, 4318265.793, 87
Trd, 4318266.593, 138
Trd, 4318266.793, 116
Trd, 4318267.593, 103
Trd, 4318268.043, 90
Trd, 4318268.193, 85
Trd, 4318269.543, 113
Trd, 4318271.493, 139
Trd, 4318271.843, 111
Trd, 4318272.893, 108
Trd, 4318273.293, 134
Trd, 4318273.343, 107
Trd, 4318274.893, 94
Trd, 4318275.843, 115
Trd, 4318277.043, 106
Trd, 4318277.593, 126
Trd, 4318277.693, 125
Trd, 4318277.893, 101
Trd, 4318278.743, 69
Trd, 4318280.293, 60
Trd, 4318281.143, 62
Trd, 4318281.643, 105
Trd, 4318282.793, 90
Trd, 4318282.893, 71
Trd, 4318283.543, 81
Trd, 4318284.543, 88
Trd, 4318285.043, 89
Trd, 4318285.643, 140
Trd, 4318287.193, 106
Trd, 4318288.643, 128
Trd, 4318288.793, 127
Trd, 4318289.243, 125
Trd, 4318289.343, 112
Trd, 4318290.793, 140
Trd, 4318291.743, 106
Trd, 4318292.193, 100
Trd, 4318292.743, 95
Trd, 4318292.993, 109
Trd, 4318293.493, 96
Trd, 4318293.893, 97
Trd, 4318296.743, 117
Trd, 4318298.093, 116
Trd, 4318298.343, 130
Trd, 4318298.493, 115
Trd, 4318298.893, 86
Trd, 4318299.993, 135
Trd, 4318300.893, 106
Trd, 4318301.993, 90
Trd, 4318302.393, 89
Trd, 4318303.293, 114
Trd, 4318303.843, 117
Trd, 4318305.043, 138
Trd, 4318305.093, 136
Trd, 4318305.993, 119
Trd, 4318306.843, 137
Trd, 4318307.093, 81
Trd, 4318307.493, 71
Trd, 4318308.793, 91
Trd, 4318309.993, 106
Trd, 4318311.143, 112
Trd, 4318311.293, 137
Trd, 4318312.593, 129
Trd, 4318312.843, 105
Trd, 4318313.193, 88
Trd, 4318313.793, 86
Trd, 4318313.843, 70
Trd, 4318314.293, 111
Trd, 4318314.943, 140
Trd, 4318316.043, 140
Trd, 4318317.043, 140
Trd, 4318317.193, 139
Trd, 4318317.543, 100
Trd, 4318318.743, 133
Trd, 4318320.493, 131
Trd, 4318320.793, 131
Trd, 4318320.893, 117
Trd, 4318321.593, 89
Trd, 4318321.793, 140
Trd, 4318322.893, 119
Trd, 4318323.443, 125
Trd, 4318323.493, 123
Trd, 4318324.193, 118
Trd, 4318326.143, 105
Trd, 4318326.493, 103
Trd, 4318326.693, 102
Trd, 4318327.743, 91
Trd, 4318328.043, 140
Trd, 4318328.893, 81
Trd, 4318329.543, 83
Trd, 4318329.943, 130
Trd, 4318330.243, 87
Trd, 4318331.143, 118
Trd, 4318332.043, 110
Trd, 4318333.093, 118
Trd, 4318333.393, 117
Trd, 4318333.993, 133
Trd, 4318334.943, 67
Trd, 4318335.993, 68
Trd, 4318336.043, 83
Trd, 4318336.493, 60
Trd, 4318337.743, 102
Trd, 4318337.943, 95
Trd, 4318339.343, 140
Trd, 4318339.543, 140
Trd, 4318341.543, 140
Trd, 4318341.743, 102
Trd, 4318341.843, 92
Trd, 4318342.043, 81
Trd, 4318343.643, 137
Trd, 4318343.693, 135
Trd, 4318344.193, 89
Trd, 4318344.893, 96
Trd, 4318346.893, 131
Trd, 4318347.943, 111
Trd, 4318350.193, 140
Trd, 4318350.393, 140
Trd, 4318350.943, 140
Trd, 4318351.593, 139
Trd, 4318351.693, 118
Trd, 4318352.043, 76
Trd, 4318353.693, 129
Trd, 4318354.043, 127
Trd, 4318354.893, 65
Trd, 4318355.093, 88
Trd, 4318355.543, 67
Trd, 4318357.793, 140
Trd, 4318358.143, 136
Trd, 4318359.493, 123
Trd, 4318359.643, 133
Trd, 4318359.993, 122
Trd, 4318360.543, 116
Trd, 4318360.843, 138
Trd, 4318361.243, 125
Trd, 4318361.593, 93
Trd, 4318362.593, 129
Trd, 4318363.293, 126
Trd, 4318363.743, 131
Trd, 4318365.143, 79
Trd, 4318366.993, 94
Trd, 4318367.243, 126
Trd, 4318367.843, 81
Trd, 4318369.143, 88
Trd, 4318369.943, 101
Trd, 4318370.293, 106
Trd, 4318371.643, 127
Trd, 4318372.093, 128
Trd, 4318373.843, 140
Trd, 4318374.193, 123
Trd, 4318374.443, 116
Trd, 4318374.893, 118
Trd, 4318375.543, 107
Trd, 4318376.493, 106
Trd, 4318376.843, 103
Trd, 4318378.593, 62
Trd, 4318378.743, 86
Trd, 4318380.993, 73
Trd, 4318381.793, 92
Trd, 4318381.993, 79
Trd, 4318382.643, 124
Trd, 4318383.243, 92
Trd, 4318383.893, 86
Trd, 4318384.243, 96
Trd, 4318384.443, 96
Trd, 4318384.793, 91
Trd, 4318385.693, 104
Trd, 4318387.393, 106
Trd, 4318388.143, 97
Trd, 4318388.543, 110
Trd, 4318388.743, 96
Trd, 4318389.293, 129
Trd, 4318389.393, 128
Trd, 4318389.443, 80
Trd, 4318390.993, 137
Trd, 4318391.043, 135
Trd, 4318392.093, 108
Trd, 4318393.193, 86
Trd, 4318393.743, 92
Trd, 4318393.893, 101
Trd, 4318394.343, 126
Trd, 4318394.593, 100
Trd, 4318394.993, 90
Trd, 4318395.693, 105
Trd, 4318396.043, 108
Trd, 4318396.943, 137
Trd, 4318400.093, 132
Trd, 4318400.193, 131
Trd, 4318400.893, 115
Trd, 4318401.243, 89
Trd, 4318403.393, 109
Trd, 4318403.443, 134
Trd, 4318403.643, 108
Trd, 4318403.843, 97
Trd, 4318404.193, 95
Trd, 4318404.743, 60
Trd, 4318406.943, 99
Trd, 4318407.193, 81
Trd, 4318407.743, 129
Trd, 4318408.193, 127
Trd, 4318408.443, 61
Trd, 4318409.943, 139
Trd, 4318410.343, 138
Trd, 4318410.943, 137
Trd, 4318412.543, 104
Trd, 4318413.243, 80
Trd, 4318413.393, 78
Trd, 4318413.643, 106
Trd, 4318414.343, 68
Trd, 4318415.043, 138
Trd, 4318416.993, 121
Trd, 4318417.243, 115
Trd, 4318417.793, 113
Trd, 4318418.943, 95
Trd, 4318419.143, 66
Trd, 4318419.493, 69
Trd, 4318419.993, 74
Trd, 4318420.193, 78
Trd, 4318421.843, 87
Trd, 4318423.343, 124
Trd, 4318424.393, 124
Trd, 4318424.593, 119
Trd, 4318425.293, 95
Trd, 4318425.843, 140
Trd, 4318426.043, 136
Trd, 4318426.093, 135
Trd, 4318427.443, 110
Trd, 4318428.443, 107
Trd, 4318429.193, 79
Trd, 4318429.293, 125
Trd, 4318430.193, 69
Trd, 4318430.593, 77
Trd, 4318431.393, 75
Trd, 4318431.493, 83
Trd, 4318434.493, 132
Trd, 4318435.243, 109
Trd, 4318435.643, 107
Trd, 4318435.943, 105
Trd, 4318436.693, 99
Trd, 4318437.043, 95
Trd, 4318437.193, 88
Trd, 4318437.743, 123
Trd, 4318438.293, 124
Trd, 4318439.843, 120
Trd, 4318440.943, 138
Trd, 4318441.193, 130
Trd, 4318441.643, 125
Trd, 4318442.443, 130
Trd, 4318442.643, 123
Trd, 4318442.693, 119
Trd, 4318443.743, 106
Trd, 4318444.993, 138
Trd, 4318445.743, 132
Trd, 4318446.493, 121
Trd, 4318447.443, 111
Trd, 4318449.343, 115
Trd, 4318450.293, 126
Trd, 4318450.643, 134
Trd, 4318450.743, 115
Trd, 4318451.093, 118
Trd, 4318454.193, 105
Trd, 4318454.593, 129
Trd, 4318455.593, 132
Trd, 4318456.593, 108
Trd, 4318456.793, 101
Trd, 4318456.943, 85
Trd, 4318457.493, 94
Trd, 4318459.143, 140
Trd, 4318459.293, 140
Trd, 4318459.743, 94
Trd, 4318460.943, 104
Trd, 4318461.093, 93
Trd, 4318461.543, 74
Trd, 4318462.943, 60
Trd, 4318463.193, 117
Trd, 4318464.143, 61
Trd, 4318465.193, 63
Trd, 4318465.543, 100
Trd, 4318466.043, 139
Trd, 4318467.493, 84
Trd, 4318468.593, 70
Trd, 4318469.693, 98
Trd, 4318470.743, 120
Trd, 4318470.793, 99
Trd, 4318470.843, 121
Trd, 4318471.443, 94
Trd, 4318472.443, 102
Trd, 4318473.243, 140
Trd, 4318473.393, 138
Trd, 4318474.193, 123
Trd, 4318476.793, 114
Trd, 4318477.343, 87
Trd, 4318478.293, 111
Trd, 4318478.743, 68
Trd, 4318478.793, 67
Trd, 4318479.543, 60
Trd, 4318479.743, 67
Trd, 4318480.493, 98
Trd, 4318480.693, 133
Trd, 4318480.943, 109
Trd, 4318483.893, 123
Trd, 4318483.943, 112
Trd, 4318484.893, 95
Trd, 4318484.943, 79
Trd, 4318485.043, 69
Trd, 4318485.743, 140
Trd, 4318487.193, 114
Trd, 4318487.543, 91
Trd, 4318487.643, 103
Trd, 4318488.793, 91
Trd, 4318489.493, 140
Trd, 4318489.543, 112
Trd, 4318490.893, 133
Trd, 4318491.343, 130
Trd, 4318492.243, 116
Trd, 4318492.543, 108
Trd, 4318492.943, 108
Trd, 4318493.143, 107
Trd, 4318494.493, 66
Trd, 4318494.593, 117
Trd, 4318496.093, 99
Trd, 4318497.243, 134
Trd, 4318497.743, 113
Trd, 4318498.193, 95
Trd, 4318499.743, 136
Trd, 4318499.893, 97
Trd, 4318500.043, 99
Trd, 4318500.443, 91
Trd, 4318500.543, 78
Trd, 4318500.793, 61
Trd, 4318502.793, 93
Trd, 4318504.443, 125
Trd, 4318505.543, 139
Trd, 4318505.843, 139
Trd, 4318506.193, 124
Trd, 4318506.443, 95
Trd, 4318506.693, 107
Trd, 4318507.293, 138
Trd, 4318508.293, 108
Trd, 4318508.793, 106
Trd, 4318509.193, 103
Trd, 4318510.393, 100
Trd, 4318510.793, 100
Trd, 4318511.343, 99
Trd, 4318511.793, 132
Trd, 4318512.993, 99
Trd, 4318513.343, 121
Trd, 4318515.643, 86
Trd, 4318515.993, 126
Trd, 4318516.193, 104
Trd, 4318517.243, 111
Trd, 4318517.843, 96
Trd, 4318517.893, 80
Trd, 4318518.643, 62
Trd, 4318520.093, 103
Trd, 4318520.843, 96
Trd, 4318521.093, 86
Trd, 4318522.093, 118
Trd, 4318523.593, 70
Trd, 4318524.693, 91
Trd, 4318524.993, 110
Trd, 4318525.593, 118
Trd, 4318526.743, 136
Trd, 4318527.093, 89
Trd, 4318527.793, 97
Trd, 4318528.343, 97
Trd, 4318528.943, 107
Trd, 4318529.493, 118
Trd, 4318530.343, 140
Trd, 4318530.393, 78
Trd, 4318530.593, 77
Trd, 4318531.493, 83
Trd, 4318532.093, 76
Trd, 4318533.093, 125
Trd, 4318533.343, 138
Trd, 4318533.543, 76
Trd, 4318535.143, 138
Trd, 4318535.393, 106
Trd, 4318535.493, 104
Trd, 4318537.193, 137
Trd, 4318537.693, 125
Trd, 4318538.493, 110
Trd, 4318539.643, 96
Trd, 4318540.243, 82
Trd, 4318540.293, 71
Trd, 4318540.693, 67
Trd, 4318541.643, 89
Trd, 4318541.893, 103
Trd, 4318542.593, 103
Trd, 4318542.793, 91
Trd, 4318542.843, 122
Trd, 4318544.193, 77
Trd, 4318544.243, 76
Trd, 4318546.043, 79
Trd, 4318546.193, 66
Trd, 4318546.843, 115
Trd, 4318547.293, 103
Trd, 4318548.293, 85
Trd, 4318548.493, 91
Trd, 4318549.743, 92
Trd, 4318551.093, 71
Trd, 4318551.443, 126
Trd, 4318552.143, 81
Trd, 4318553.643, 97
Trd, 4318555.143, 111
Trd, 4318555.193, 110
Trd, 4318556.243, 130
Trd, 4318556.743, 120
Trd, 4318556.793, 113
Trd, 4318558.343, 140
Trd, 4318558.493, 73
Trd, 4318559.593, 135
Trd, 4318560.193, 123
Trd, 4318560.593, 99
Trd, 4318560.943, 72
Trd, 4318561.093, 65
Trd, 4318561.893, 130
Trd, 4318562.093, 83
Trd, 4318563.393, 140
Trd, 4318564.343, 97
Trd, 4318565.443, 107
Trd, 4318565.643, 71
Trd, 4318566.793, 112
Trd, 4318567.143, 111
Trd, 4318567.993, 63
Trd, 4318568.943, 83
Trd, 4318569.943, 63
Trd, 4318571.193, 71
Trd, 4318571.443, 95
Trd, 4318572.893, 140
Trd, 4318573.143, 140
Trd, 4318574.043, 138
Trd, 4318574.743, 103
Trd, 4318575.593, 139
Trd, 4318575.993, 106
Trd, 4318576.243, 103
Trd, 4318576.443, 73
Trd, 4318576.793, 120
Trd, 4318578.393, 104
Trd, 4318578.843, 91
Trd, 4318579.493, 137
Trd, 4318579.543, 106
Trd, 4318580.843, 80
Trd, 4318581.743, 115
Trd, 4318582.493, 96
Trd, 4318584.193, 116
Trd, 4318584.843, 106
Trd, 4318586.043, 113
Trd, 4318586.543, 140
Trd, 4318587.093, 140
Trd, 4318587.193, 109
Trd, 4318587.893, 83
Trd, 4318591.193, 118
Trd, 4318591.443, 116
Trd, 4318591.543, 108
Trd, 4318592.043, 107
Trd, 4318592.543, 122
Trd, 4318593.043, 140
Trd, 4318593.493, 108
Trd, 4318595.093, 80
Trd, 4318595.593, 99
Trd, 4318595.843, 98
Trd, 4318595.943, 68
Trd, 4318596.793, 63
Trd, 4318597.193, 109
Trd, 4318598.593, 60
Trd, 4318600.543, 77
Trd, 4318601.143, 66
Trd, 4318602.093, 74
Trd, 4318602.443, 71
Trd, 4318603.043, 61
Trd, 4318604.243, 100
Trd, 4318606.093, 113
Trd, 4318606.143, 133
Trd, 4318606.743, 111
Trd, 4318607.043, 110
Trd, 4318607.093, 72
Trd, 4318608.093, 73
Trd, 4318608.843, 98
Trd, 4318608.893, 97
Trd, 4318609.843, 90
Trd, 4318610.143, 113
Trd, 4318611.143, 77
Trd, 4318611.293, 118
Trd, 4318613.543, 132
Trd, 4318614.493, 99
Trd, 4318614.693, 78
Trd, 4318614.993, 116
Trd, 4318615.243, 91
Trd, 4318615.443, 98
Trd, 4318615.743, 127
Trd, 4318617.043, 134
Trd, 4318617.593, 133
Trd, 4318618.043, 121
Trd, 4318618.793, 121
Trd, 4318619.293, 99
Trd, 4318620.543, 111
Trd, 4318621.543, 140
Trd, 4318621.693, 140
Trd, 4318621.993, 139
Trd, 4318622.943, 127
Trd, 4318623.443, 136
Trd, 4318625.643, 133
Trd, 4318626.093, 119
Trd, 4318627.193, 119
Trd, 4318627.443, 131
Trd, 4318627.843, 104
Trd, 4318628.843, 94
Trd, 4318629.043, 115
Trd, 4318629.793, 101
Trd, 4318631.143, 98
Trd, 4318631.193, 97
Trd, 4318631.643, 98
Trd, 4318632.693, 83
Trd, 4318633.593, 89
Trd, 4318633.793, 86
Trd, 4318634.043, 111
Trd, 4318635.243, 133
Trd, 4318635.793, 137
Trd, 4318637.243, 136
Trd, 4318637.993, 135
Trd, 4318638.193, 132
Trd, 4318639.143, 78
Trd, 4318640.693, 101
Trd, 4318641.643, 100
Trd, 4318641.843, 104
Trd, 4318642.593, 140
Trd, 4318642.793, 88
Trd, 4318643.893, 109
Trd, 4318644.093, 106
Trd, 4318646.193, 90
Trd, 4318646.893, 116
Trd, 4318647.143, 136
Trd, 4318647.793, 140
Trd, 4318648.643, 140
Trd, 4318648.993, 140
Trd, 4318649.693, 94
Trd, 4318650.443, 140
Trd, 4318650.793, 77
Trd, 4318651.393, 60
Trd, 4318651.843, 65
Trd, 4318653.443, 82
Trd, 4318653.943, 98
Trd, 4318654.243, 95
Trd, 4318655.243, 89
Trd, 4318655.893, 79
Trd, 4318658.093, 128
Trd, 4318658.243, 102
Trd, 4318658.993, 116
Trd, 4318659.943, 129
Trd, 4318660.093, 128
Trd, 4318660.693, 98
Trd, 4318661.243, 111
Trd, 4318661.293, 110
Trd, 4318661.993, 62
Trd, 4318664.293, 85
Trd, 4318664.643, 116
Trd, 4318665.243, 65
Trd, 4318665.743, 98
Trd, 4318666.443, 91
Trd, 4318667.993, 133
Trd, 4318668.293, 140
Trd, 4318668.643, 104
Trd, 4318669.393, 71
Trd, 4318669.493, 74
Trd, 4318671.293, 122
Trd, 4318672.393, 120
Trd, 4318672.543, 90
Trd, 4318673.043, 78
Trd, 4318674.343, 140
Trd, 4318674.993, 121
Trd, 4318675.743, 133
Trd, 4318675.943, 100
Trd, 4318676.993, 92
Trd, 4318679.243, 138
Trd, 4318679.493, 125
Trd, 4318679.643, 125
Trd, 4318680.043, 115
Trd, 4318680.093, 107
Trd, 4318680.943, 94
Trd, 4318682.793, 80
Trd, 4318683.043, 86
Trd, 4318683.343, 95
Trd, 4318683.793, 78
Trd, 4318684.143, 90
Trd, 4318684.843, 140
Trd, 4318686.343, 140
Trd, 4318687.393, 103
Trd, 4318688.093, 86
Trd, 4318688.293, 121
Trd, 4318688.943, 80
Trd, 4318689.493, 83
Trd, 4318690.093, 99
Trd, 4318691.993, 116
Trd, 4318692.443, 107
Trd, 4318692.593, 107
Trd, 4318693.343, 66
Trd, 4318693.493, 69
Trd, 4318694.843, 121
Trd, 4318695.043, 116
Trd, 4318695.693, 73
Trd, 4318696.043, 136
Trd, 4318696.843, 111
Trd, 4318696.943, 94
Trd, 4318697.193, 93
Trd, 4318698.193, 64
Trd, 4318698.643, 82
Trd, 4318700.243, 81
Trd, 4318700.643, 114
Trd, 4318701.493, 122
Trd, 4318701.993, 79
Trd, 4318702.743, 106
Trd, 4318703.543, 105
Trd, 4318704.593, 131
Trd, 4318706.793, 122
Trd, 4318707.043, 120
Trd, 4318707.243, 114
Trd, 4318707.443, 86
Trd, 4318707.693, 139
Trd, 4318708.893, 134
Trd, 4318709.843, 117
Trd, 4318709.893, 116
Trd, 4318710.143, 99
Trd, 4318710.343, 100
Trd, 4318711.243, 140
Trd, 4318711.843, 96
Trd, 4318712.443, 108
Trd, 4318713.143, 97
Trd, 4318714.543, 135
Trd, 4318715.243, 126
Trd, 4318715.293, 97
Trd, 4318716.093, 78
Trd, 4318716.543, 61
Trd, 4318717.043, 89
Trd, 4318717.143, 72
Trd, 4318718.943, 139
Trd, 4318719.593, 93
Trd, 4318720.493, 119
Trd, 4318721.143, 90
Trd, 4318722.743, 109
Trd, 4318722.893, 106
Trd, 4318723.043, 104
Trd, 4318723.393, 76
Trd, 4318724.793, 87
Trd, 4318725.893, 140
Trd, 4318725.993, 110
Trd, 4318726.893, 86
Trd, 4318727.043, 84
Trd, 4318728.193, 64
Trd, 4318730.293, 126
Trd, 4318730.893, 95
Trd, 4318731.043, 94
Trd, 4318732.393, 140
Trd, 4318732.443, 94
Trd, 4318734.093, 81
Trd, 4318734.893, 88
Trd, 4318735.093, 88
Trd, 4318735.343, 72
Trd, 4318736.743, 104
Trd, 4318736.843, 103
Trd, 4318736.893, 78
Trd, 4318737.643, 84
Trd, 4318737.793, 104
Trd, 4318739.243, 125
Trd, 4318740.393, 118
Trd, 4318741.143, 140
Trd, 4318741.893, 139
Trd, 4318742.943, 109
Trd, 4318743.143, 90
Trd, 4318743.493, 91
Trd, 4318745.293, 80
Trd, 4318746.643, 71
Trd, 4318746.993, 127
Trd, 4318747.443, 102
Trd, 4318748.943, 72
Trd, 4318750.193, 89
Trd, 4318751.693, 107
Trd, 4318752.443, 140
Trd, 4318752.943, 128
Trd, 4318753.543, 129
Trd, 4318755.443, 119
Trd, 4318756.193, 98
Trd, 4318756.793, 100
Trd, 4318756.893, 98
Trd, 4318757.093, 71
Trd, 4318758.293, 113
Trd, 4318758.593, 103
Trd, 4318758.943, 96
Trd, 4318759.043, 62
Trd, 4318761.193, 138
Trd, 4318761.943, 136
Trd, 4318763.293, 106
Trd, 4318763.693, 109
Trd, 4318763.793, 115
Trd, 4318765.293, 140
Trd, 4318766.543, 109
Trd, 4318768.293, 117
Trd, 4318768.393, 131
Trd, 4318769.043, 116
Trd, 4318769.543, 112
Trd, 4318769.893, 91
Trd, 4318770.193, 61
Trd, 4318771.293, 99
Trd, 4318773.393, 126
Trd, 4318774.243, 132
Trd, 4318774.543, 115
Trd, 4318775.643, 115
Trd, 4318776.443, 85
Trd, 4318776.543, 60
Trd, 4318778.193, 67
Trd, 4318778.343, 62
Trd, 4318779.143, 71
Trd, 4318779.543, 118
Trd, 4318780.643, 121
Trd, 4318781.343, 136
Trd, 4318783.393, 139
Trd, 4318784.343, 140
Trd, 4318784.643, 125
Trd, 4318785.293, 125
Trd, 4318785.343, 124
Trd, 4318786.493, 90
Trd, 4318786.893, 126
Trd, 4318787.593, 75
Trd, 4318788.143, 135
Trd, 4318789.193, 124
Trd, 4318789.993, 140
Trd, 4318791.343, 86
Trd, 4318791.393, 85
Trd, 4318791.993, 96
Trd, 4318793.743, 107
Trd, 4318793.943, 138
Trd, 4318795.293, 88
Trd, 4318795.843, 75
Trd, 4318796.293, 101
Trd, 4318796.443, 74
Trd, 4318798.143, 119
Trd, 4318798.843, 137
Trd, 4318799.643, 111
Trd, 4318799.793, 87
Trd, 4318800.093, 111
Trd, 4318800.793, 66
Trd, 4318801.943, 81
Trd, 4318802.593, 62
Trd, 4318803.343, 76
Trd, 4318803.443, 85
Trd, 4318804.293, 60
Trd, 4318806.443, 140
Trd, 4318806.593, 140
Trd, 4318807.443, 127
Trd, 4318807.693, 135
Trd, 4318808.443, 110
Trd, 4318809.893, 113
Trd, 4318810.493, 113
Trd, 4318811.093, 140
Trd, 4318811.693, 129
Trd, 4318812.393, 128
Trd, 4318813.143, 110
Trd, 4318813.793, 97
Trd, 4318815.093, 113
Trd, 4318816.193, 139
Trd, 4318816.693, 120
Trd, 4318817.443, 139
Trd, 4318817.743, 113
Trd, 4318817.893, 105
Trd, 4318819.943, 114
Trd, 4318820.243, 130
Trd, 4318820.643, 138
Trd, 4318821.193, 111
Trd, 4318822.043, 120
Trd, 4318823.193, 114
Trd, 4318823.343, 100
Trd, 4318823.843, 108
Trd, 4318824.143, 117
Trd, 4318825.193, 66
Trd, 4318827.293, 63
Trd, 4318827.993, 71
Trd, 4318828.593, 70
Trd, 4318828.993, 80
Trd, 4318830.793, 68
Trd, 4318832.093, 68
Trd, 4318832.993, 74
Trd, 4318833.093, 71
Trd, 4318833.993, 88
Trd, 4318835.193, 140
Trd, 4318835.293, 117
Trd, 4318835.343, 98
Trd, 4318835.693, 74
Trd, 4318835.843, 71
Trd, 4318836.893, 127
Trd, 4318836.943, 134
Trd, 4318837.993, 135
Trd, 4318838.193, 95
Trd, 4318839.143, 105
Trd, 4318839.743, 109
Trd, 4318840.343, 122
Trd, 4318841.243, 120
Trd, 4318842.543, 134
Trd, 4318843.043, 111
Trd, 4318843.243, 89
Trd, 4318844.443, 140
Trd, 4318844.743, 137
Trd, 4318845.043, 88
Trd, 4318846.593, 140
Trd, 4318846.643, 140
Trd, 4318846.893, 113
Trd, 4318847.593, 96
Trd, 4318848.243, 84
Trd, 4318849.043, 96
Trd, 4318849.243, 72
Trd, 4318850.243, 140
Trd, 4318851.393, 140
Trd, 4318852.393, 140
Trd, 4318853.443, 134
Trd, 4318853.493, 127
Trd, 4318854.543, 134
Trd, 4318854.643, 88
Trd, 4318855.093, 78
Trd, 4318855.493, 132
Trd, 4318856.343, 61
Trd, 4318856.793, 90
Trd, 4318857.993, 139
Trd, 4318858.393, 138
Trd, 4318860.643, 140
Trd, 4318861.343, 140
Trd, 4318861.743, 129
Trd, 4318862.793, 111
Trd, 4318863.343, 128
Trd, 4318864.843, 94
Trd, 4318865.493, 93
Trd, 4318867.093, 134
Trd, 4318867.193, 128
Trd, 4318867.743, 118
Trd, 4318868.393, 66
Trd, 4318868.693, 119
Trd, 4318869.143, 67
Trd, 4318870.543, 114
Trd, 4318871.393, 139
Trd, 4318872.643, 140
Trd, 4318873.743, 125
Trd, 4318873.993, 110
Trd, 4318874.793, 117
Trd, 4318874.843, 95
Trd, 4318875.143, 95
Trd, 4318877.343, 137
Trd, 4318877.443, 136
Trd, 4318877.993, 106
Trd, 4318878.743, 112
Trd, 4318880.543, 115
Trd, 4318881.943, 103
Trd, 4318882.743, 105
Trd, 4318882.793, 113
Trd, 4318882.943, 104
Trd, 4318883.543, 92
Trd, 4318884.193, 76
Trd, 4318884.593, 140
Trd, 4318886.043, 140
Trd, 4318886.543, 138
Trd, 4318887.843, 139
Trd, 4318889.393, 122
Trd, 4318889.843, 77
Trd, 4318890.193, 103
Trd, 4318891.243, 106
Trd, 4318891.893, 135
Trd, 4318892.493, 115
Trd, 4318893.743, 81
Trd, 4318895.843, 129
Trd, 4318896.143, 127
Trd, 4318896.993, 109
Trd, 4318897.793, 140
Trd, 4318898.343, 99
Trd, 4318898.543, 115
Trd, 4318898.893, 133
Trd, 4318900.193, 97
Trd, 4318900.893, 127
Trd, 4318902.493, 139
Trd, 4318903.043, 98
Trd, 4318904.043, 73
Trd, 4318904.543, 73
Trd, 4318905.643, 63
Trd, 4318905.743, 62
Trd, 4318906.143, 68
Trd, 4318906.743, 123
Trd, 4318907.543, 113
Trd, 4318907.593, 112
Trd, 4318910.243, 131
Trd, 4318910.893, 119
Trd, 4318910.943, 97
Trd, 4318911.643, 84
Trd, 4318912.743, 75
Trd, 4318914.193, 102
Trd, 4318914.643, 114
Trd, 4318914.843, 120
Trd, 4318916.393, 125
Trd, 4318917.493, 133
Trd, 4318917.593, 112
Trd, 4318918.143, 98
Trd, 4318918.943, 139
Trd, 4318919.593, 129
Trd, 4318919.693, 120
Trd, 4318920.093, 119
Trd, 4318921.143, 130
Trd, 4318921.293, 128
Trd, 4318921.993, 137
Trd, 4318922.143, 104
Trd, 4318922.693, 85
Trd, 4318926.093, 140
Trd, 4318926.643, 139
Trd, 4318927.043, 120
Trd, 4318927.143, 117
Trd, 4318929.343, 139
Trd, 4318929.493, 138
Trd, 4318930.493, 133
Trd, 4318931.293, 118
Trd, 4318932.243, 119
Trd, 4318932.493, 98
Trd, 4318933.143, 139
Trd, 4318933.243, 97
Trd, 4318934.593, 116
Trd, 4318936.293, 104
Trd, 4318936.943, 121
Trd, 4318938.843, 127
Trd, 4318939.693, 113
Trd, 4318939.943, 111
Trd, 4318940.393, 140
Trd, 4318940.693, 116
Trd, 4318940.943, 115
Trd, 4318941.993, 125
Trd, 4318942.843, 99
Trd, 4318943.343, 83
Trd, 4318944.393, 140
Trd, 4318944.843, 126
Trd, 4318945.543, 107
Trd, 4318946.743, 109
Trd, 4318946.793, 106
Trd, 4318948.643, 87
Trd, 4318949.643, 83
Trd, 4318951.793, 140
Trd, 4318951.893, 139
Trd, 4318953.143, 133
Trd, 4318953.193, 129
Trd, 4318953.293, 127
Trd, 4318955.293, 104
Trd, 4318955.343, 78
Trd, 4318955.643, 74
Trd, 4318957.393, 76
Trd, 4318958.243, 115
Trd, 4318959.143, 126
Trd, 4318959.993, 137
Trd, 4318960.243, 114
Trd, 4318963.043, 121
Trd, 4318963.943, 116
Trd, 4318965.343, 140
Trd, 4318965.443, 121
Trd, 4318965.543, 120
Trd, 4318965.643, 119
Trd, 4318966.943, 92
Trd, 4318967.393, 84
Trd, 4318968.693, 83
Trd, 4318969.193, 68
Trd, 4318969.493, 74
Trd, 4318971.943, 136
Trd, 4318972.393, 86
Trd, 4318972.943, 91
Trd, 4318973.843, 62
Trd, 4318974.243, 100
Trd, 4318974.943, 129
Trd, 4318976.243, 86
Trd, 4318976.743, 91
Trd, 4318978.293, 101
Trd, 4318978.743, 76
Trd, 4318978.793, 106
Trd, 4318978.943, 137
Trd, 4318980.743, 131
Trd, 4318981.693, 81
Trd, 4318981.843, 130
Trd, 4318983.793, 140
Trd, 4318984.493, 140
Trd, 4318985.593, 140
Trd, 4318985.643, 108
Trd, 4318986.693, 101
Trd, 4318987.093, 100
Trd, 4318988.543, 115
Trd, 4318988.993, 131
Trd, 4318989.293, 130
Trd, 4318989.393, 99
Trd, 4318990.543, 140
Trd, 4318993.543, 62
Trd, 4318993.693, 62
Trd, 4318994.893, 105
Trd, 4318995.893, 66
Trd, 4318995.943, 122
Trd, 4318996.493, 93
Trd, 4318997.093, 78
Trd, 4318998.593, 131
Trd, 4318998.743, 123
Trd, 4318998.993, 110
Trd, 4319000.043, 140
Trd, 4319000.093, 90
Trd, 4319000.343, 128
Trd, 4319001.943, 139
Trd, 4319002.193, 132
Trd, 4319003.743, 132
Trd, 4319004.143, 131
Trd, 4319004.943, 111
Trd, 4319005.043, 93
Trd, 4319006.943, 77
Trd, 4319007.293, 93
Trd, 4319009.093, 85
Trd, 4319009.443, 96
Trd, 4319009.743, 116
Trd, 4319010.543, 138
Trd, 4319011.193, 96
Trd, 4319011.593, 88
Trd, 4319012.043, 136
Trd, 4319013.743, 117
Trd, 4319014.193, 118
Trd, 4319015.243, 140
Trd, 4319015.293, 119
Trd, 4319015.493, 116
Trd, 4319016.843, 66
Trd, 4319017.243, 66
Trd, 4319017.643, 68
Trd, 4319018.093, 139
Trd, 4319018.643, 93
Trd, 4319018.993, 97
Trd, 4319021.093, 127
Trd, 4319022.243, 87
Trd, 4319023.893, 78
Trd, 4319024.043, 109
Trd, 4319025.043, 67
Trd, 4319025.643, 82
Trd, 4319026.493, 103
Trd, 4319026.643, 100
Trd, 4319027.093, 99
Trd, 4319027.443, 101
Trd, 4319028.393, 86
Trd, 4319029.993, 140
Trd, 4319030.193, 127
Trd, 4319030.593, 119
Trd, 4319031.143, 112
Trd, 4319032.293, 117
Trd, 4319032.443, 97
Trd, 4319032.543, 84
Trd, 4319032.793, 66
Trd, 4319034.443, 62
Trd, 4319035.943, 87
Trd, 4319036.993, 116
Trd, 4319037.493, 119
Trd, 4319037.543, 118
Trd, 4319038.043, 114
Trd, 4319038.593, 140
Trd, 4319040.143, 103
Trd, 4319040.743, 72
Trd, 4319041.093, 127
Trd, 4319043.293, 121
Trd, 4319043.743, 140
Trd, 4319044.543, 139
Trd, 4319045.993, 125
Trd, 4319046.343, 78
Trd, 4319046.943, 130
Trd, 4319047.243, 94
Trd, 4319047.443, 106
Trd, 4319047.743, 74
Trd, 4319050.093, 140
Trd, 4319050.393, 139
Trd, 4319050.843, 139
Trd, 4319051.193, 114
Trd, 4319051.893, 107
Trd, 4319053.293, 81
Trd, 4319053.693, 96
Trd, 4319053.993, 96
Trd, 4319054.093, 93
Trd, 4319054.443, 121
Trd, 4319055.343, 70
Trd, 4319055.993, 140
Trd, 4319057.943, 140
Trd, 4319058.043, 93
Trd, 4319060.143, 84
Trd, 4319060.293, 77
Trd, 4319060.443, 108
Trd, 4319062.193, 68
Trd, 4319062.543, 130
Trd, 4319065.343, 140
Trd, 4319065.393, 139
Trd, 4319065.593, 131
Trd, 4319066.093, 94
Trd, 4319066.943, 121
Trd, 4319067.893, 108
Trd, 4319068.193, 107
Trd, 4319069.693, 131
Trd, 4319070.793, 130
Trd, 4319071.093, 110
Trd, 4319071.543, 140
Trd, 4319071.743, 92
Trd, 4319072.593, 92
Trd, 4319073.343, 86
Trd, 4319074.743, 95
Trd, 4319075.393, 98
Trd, 4319075.893, 102
Trd, 4319076.493, 139
Trd, 4319077.343, 140
Trd, 4319077.693, 61
Trd, 4319078.643, 61
Trd, 4319079.243, 106
Trd, 4319079.743, 119
Trd, 4319079.843, 118
Trd, 4319080.743, 66
Trd, 4319080.843, 78
Trd, 4319081.043, 140
Trd, 4319081.293, 73
Trd, 4319081.893, 76
Trd, 4319083.493, 140
Trd, 4319083.943, 139
Trd, 4319087.193, 89
Trd, 4319087.393, 85
Trd, 4319088.443, 107
Trd, 4319088.543, 103
Trd, 4319088.593, 68
Trd, 4319089.193, 115
Trd, 4319089.443, 71
Trd, 4319089.543, 91
Trd, 4319091.593, 140
Trd, 4319091.743, 140
Trd, 4319092.343, 89
Trd, 4319093.093, 133
Trd, 4319093.343, 116
Trd, 4319094.543, 97
Trd, 4319094.743, 99
Trd, 4319095.493, 140
Trd, 4319096.443, 72
Trd, 4319096.593, 88
Trd, 4319097.793, 87
Trd, 4319098.543, 85
Trd, 4319099.193, 71
Trd, 4319099.443, 105
Trd, 4319100.343, 67
Trd, 4319101.343, 73
Trd, 4319102.493, 111
Trd, 4319103.193, 111
Trd, 4319103.443, 139
Trd, 4319104.143, 80
Trd, 4319105.493, 127
Trd, 4319106.993, 106
Trd, 4319107.043, 94
Trd, 4319107.193, 86
Trd, 4319107.643, 84
Trd, 4319109.093, 78
Trd, 4319109.593, 92
Trd, 4319110.743, 120
Trd, 4319110.793, 101
Trd, 4319113.193, 140
Trd, 4319113.243, 140
Trd, 4319113.543, 140
Trd, 4319114.643, 134
Trd, 4319115.443, 140
Trd, 4319117.493, 103
Trd, 4319117.693, 101
Trd, 4319117.993, 93
Trd, 4319118.293, 91
Trd, 4319119.693, 64
Trd, 4319121.893, 140
Trd, 4319122.193, 140
Trd, 4319122.743, 140
Trd, 4319123.293, 127
Trd, 4319123.893, 118
Trd, 4319125.693, 109
Trd, 4319125.943, 138
Trd, 4319126.043, 107
Trd, 4319126.743, 107
Trd, 4319126.793, 87
Trd, 4319127.293, 83
Trd, 4319128.943, 97
Trd, 4319129.243, 67
Trd, 4319130.743, 139
Trd, 4319131.693, 137
Trd, 4319133.143, 111
Trd, 4319133.693, 140
Trd, 4319134.443, 101
Trd, 4319135.243, 138
Trd, 4319135.443, 134
Trd, 4319135.693, 122
Trd, 4319136.143, 120
Trd, 4319137.393, 100
Trd, 4319137.843, 103
Trd, 4319139.143, 120
Trd, 4319139.243, 118
Trd, 4319139.293, 111
Trd, 4319141.643, 107
Trd, 4319142.043, 110
Trd, 4319142.443, 83
Trd, 4319143.343, 100
Trd, 4319143.443, 92
Trd, 4319143.493, 82
Trd, 4319144.093, 135
Trd, 4319144.743, 120
Trd, 4319144.943, 101
Trd, 4319145.293, 126
Trd, 4319145.393, 100
Trd, 4319147.243, 138
Trd, 4319147.793, 137
Trd, 4319147.993, 110
Trd, 4319148.343, 133
Trd, 4319148.393, 80
Trd, 4319150.643, 83
Trd, 4319151.443, 89
Trd, 4319151.643, 92
Trd, 4319152.343, 82
Trd, 4319153.443, 140
Trd, 4319153.543, 132
Trd, 4319155.043, 110
Trd, 4319155.743, 139
Trd, 4319156.343, 119
Trd, 4319156.893, 114
Trd, 4319157.643, 115
Trd, 4319158.343, 108
Trd, 4319159.493, 122
Trd, 4319159.893, 138
Trd, 4319160.893, 109
Trd, 4319161.043, 117
Trd, 4319161.743, 95
Trd, 4319162.193, 102
Trd, 4319163.293, 61
Trd, 4319163.343, 61
Trd, 4319164.143, 71
Trd, 4319165.093, 89
Trd, 4319165.643, 113
Trd, 4319166.643, 94
Trd, 4319167.443, 94
Trd, 4319168.493, 126
Trd, 4319168.743, 72
Trd, 4319170.143, 140
Trd, 4319171.043, 140
Trd, 4319172.243, 140
Trd, 4319172.443, 140
Trd, 4319172.743, 111
Trd, 4319172.793, 103
Trd, 4319173.593, 140
Trd, 4319174.393, 136
Trd, 4319175.293, 121
Trd, 4319176.893, 89
Trd, 4319177.193, 83
Trd, 4319178.193, 72
Trd, 4319178.643, 132
Trd, 4319179.643, 139
Trd, 4319180.793, 71
Trd, 4319181.643, 113
Trd, 4319182.243, 140
Trd, 4319183.243, 84
Trd, 4319184.343, 90
Trd, 4319184.593, 72
Trd, 4319184.943, 112
Trd, 4319186.693, 137
Trd, 4319186.793, 99
Trd, 4319187.193, 98
Trd, 4319187.743, 139
Trd, 4319188.293, 110
Trd, 4319189.943, 91
Trd, 4319190.243, 66
Trd, 4319190.943, 86
Trd, 4319191.293, 107
Trd, 4319191.643, 114
Trd, 4319191.943, 134
Trd, 4319193.043, 105
Trd, 4319193.843, 111
Trd, 4319193.993, 91
Trd, 4319194.643, 96
Trd, 4319194.993, 140
Trd, 4319196.543, 97
Trd, 4319196.693, 133
Trd, 4319196.993, 96
Trd, 4319197.043, 71
Trd, 4319197.993, 87
Trd, 4319199.143, 110
Trd, 4319201.593, 140
Trd, 4319201.743, 139
Trd, 4319201.793, 131
Trd, 4319201.843, 100
Trd, 4319203.593, 111
Trd, 4319204.243, 99
Trd, 4319204.943, 108
Trd, 4319205.093, 101
Trd, 4319205.843, 64
Trd, 4319206.343, 125
Trd, 4319207.543, 81
Trd, 4319207.793, 108
Trd, 4319208.893, 117
Trd, 4319209.793, 112
Trd, 4319210.393, 91
Trd, 4319210.493, 83
Trd, 4319210.593, 74
Trd, 4319210.843, 71
Trd, 4319211.643, 134
Trd, 4319212.993, 93
Trd, 4319213.493, 90
Trd, 4319215.043, 114
Trd, 4319215.743, 74
Trd, 4319216.893, 128
Trd, 4319217.593, 95
Trd, 4319218.593, 116
Trd, 4319218.793, 110
Trd, 4319219.043, 76
Trd, 4319220.643, 126
Trd, 4319221.043, 108
Trd, 4319222.093, 140
Trd, 4319223.893, 139
Trd, 4319223.993, 138
Trd, 4319224.343, 134
Trd, 4319224.443, 130
Trd, 4319226.193, 126
Trd, 4319226.943, 73
Trd, 4319227.293, 74
Trd, 4319228.293, 99
Trd, 4319228.943, 73
Trd, 4319229.393, 71
Trd, 4319229.843, 140
Trd, 4319230.043, 133
Trd, 4319230.093, 129
Trd, 4319231.293, 139
Trd, 4319231.993, 140
Trd, 4319232.643, 140
Trd, 4319234.343, 139
Trd, 4319234.643, 137
Trd, 4319234.693, 92
Trd, 4319235.543, 80
Trd, 4319235.893, 132
Trd, 4319236.143, 79
Trd, 4319237.543, 131
Trd, 4319238.293, 60
Trd, 4319239.243, 86
Trd, 4319239.793, 75
Trd, 4319240.693, 124
Trd, 4319240.993, 130
Trd, 4319241.993, 105
Trd, 4319242.893, 73
Trd, 4319243.393, 108
Trd, 4319243.443, 72
Trd, 4319245.193, 121
Trd, 4319245.543, 122
Trd, 4319246.143, 121
Trd, 4319246.543, 88
Trd, 4319246.843, 84
Trd, 4319247.193, 103
Trd, 4319247.243, 83
Trd, 4319248.943, 140
Trd, 4319250.043, 121
Trd, 4319250.093, 120
Trd, 4319250.593, 101
Trd, 4319250.893, 85
Trd, 4319251.143, 106
Trd, 4319252.793, 119
Trd, 4319253.543, 100
Trd, 4319255.343, 121
Trd, 4319255.893, 99
Trd, 4319256.043, 89
Trd, 4319256.093, 71
Trd, 4319256.843, 60
Trd, 4319257.143, 69
Trd, 4319258.293, 139
Trd, 4319258.343, 138
Trd, 4319259.643, 128
Trd, 4319260.443, 128
Trd, 4319260.543, 99
Trd, 4319261.643, 127
Trd, 4319262.593, 139
Trd, 4319263.293, 102
Trd, 4319264.643, 70
Trd, 4319264.693, 97
Trd, 4319266.143, 62
Trd, 4319266.693, 114
Trd, 4319267.793, 122
Trd, 4319267.843, 93
Trd, 4319269.243, 80
Trd, 4319270.693, 107
Trd, 4319271.043, 110
Trd, 4319271.293, 109
Trd, 4319271.343, 104
Trd, 4319272.493, 138
Trd, 4319272.593, 118
Trd, 4319272.843, 98
Trd, 4319273.893, 129
Trd, 4319274.293, 75
Trd, 4319275.793, 131
Trd, 4319277.343, 140
Trd, 4319278.243, 140
Trd, 4319279.293, 139
Trd, 4319279.843, 73
Trd, 4319280.593, 100
Trd, 4319281.993, 104
Trd, 4319282.893, 89
Trd, 4319283.293, 121
Trd, 4319283.993, 71
Trd, 4319284.593, 70
Trd, 4319284.943, 71
Trd, 4319284.993, 76
Trd, 4319285.893, 111
Trd, 4319286.593, 139
Trd, 4319287.493, 66
Trd, 4319287.643, 79
Trd, 4319288.243, 82
Trd, 4319289.393, 140
Trd, 4319290.143, 139
Trd, 4319290.343, 138
Trd, 4319290.993, 109
Trd, 4319293.343, 99
Trd, 4319293.843, 124
Trd, 4319294.193, 112
Trd, 4319294.893, 111
Trd, 4319295.293, 129
Trd, 4319295.393, 81
Trd, 4319295.943, 68
Trd, 4319296.293, 139
Trd, 4319297.043, 125
Trd, 4319298.543, 93
Trd, 4319298.793, 67
Trd, 4319298.943, 63
Trd, 4319299.443, 135
Trd, 4319299.693, 133
Trd, 4319301.293, 82
Trd, 4319301.543, 85
Trd, 4319302.293, 63
Trd, 4319302.343, 76
Trd, 4319303.493, 121
Trd, 4319304.093, 120
Trd, 4319306.043, 84
Trd, 4319306.293, 83
Trd, 4319306.843, 76
Trd, 4319307.043, 71
Trd, 4319307.093, 71
Trd, 4319307.643, 78
Trd, 4319307.993, 111
Trd, 4319308.193, 107
Trd, 4319308.693, 71
Trd, 4319309.193, 120
Trd, 4319309.493, 64
Trd, 4319310.643, 101
Trd, 4319311.193, 92
Trd, 4319311.543, 91
Trd, 4319313.493, 140
Trd, 4319313.743, 129
Trd, 4319314.043, 103
Trd, 4319315.593, 127
Trd, 4319315.793, 126
Trd, 4319317.143, 131
Trd, 4319318.193, 123
Trd, 4319318.943, 65
Trd, 4319319.443, 82
Trd, 4319319.943, 129
Trd, 4319320.343, 130
Trd, 4319320.593, 82
Trd, 4319322.143, 135
Trd, 4319322.893, 129
Trd, 4319322.943, 120
Trd, 4319323.943, 115
Trd, 4319325.793, 75
Trd, 4319326.343, 139
Trd, 4319326.893, 114
Trd, 4319327.243, 94
Trd, 4319327.893, 121
Trd, 4319328.043, 101
Trd, 4319328.193, 99
Trd, 4319328.843, 119
Trd, 4319330.593, 63
Trd, 4319331.293, 90
Trd, 4319331.643, 70
Trd, 4319332.343, 67
Trd, 4319333.543, 64
Trd, 4319334.143, 65
Trd, 4319334.843, 66
Trd, 4319335.093, 64
Trd, 4319337.143, 134
Trd, 4319337.243, 121
Trd, 4319337.543, 120
Trd, 4319337.993, 119
Trd, 4319339.493, 139
Trd, 4319339.643, 108
Trd, 4319341.543, 135
Trd, 4319341.593, 106
Trd, 4319341.843, 105
Trd, 4319342.543, 138
Trd, 4319342.743, 137
Trd, 4319344.643, 129
Trd, 4319345.893, 113
Trd, 4319346.293, 129
Trd, 4319346.743, 112
Trd, 4319347.343, 75
Trd, 4319347.393, 80
Trd, 4319347.493, 93
Trd, 4319348.643, 63
Trd, 4319349.793, 61
Trd, 4319351.093, 62
Trd, 4319351.293, 84
Trd, 4319351.343, 87
Trd, 4319352.093, 66
Trd, 4319352.193, 79
Trd, 4319352.443, 133
Trd, 4319353.643, 68
Trd, 4319354.043, 69
Trd, 4319354.143, 75
Trd, 4319354.593, 69
Trd, 4319355.493, 139
Trd, 4319357.043, 128
Trd, 4319357.493, 104
Trd, 4319357.543, 102
Trd, 4319357.943, 114
Trd, 4319358.643, 94
Trd, 4319359.193, 84
Trd, 4319360.043, 96
Trd, 4319360.693, 87
Trd, 4319361.043, 87
Trd, 4319361.143, 82
Trd, 4319361.343, 84
Trd, 4319362.443, 140
Trd, 4319363.793, 108
Trd, 4319364.593, 100
Trd, 4319364.693, 100
Trd, 4319365.293, 98
Trd, 4319365.743, 100
Trd, 4319366.143, 82
Trd, 4319366.993, 117
Trd, 4319367.893, 131
Trd, 4319368.793, 129
Trd, 4319369.443, 115
Trd, 4319369.893, 107
Trd, 4319369.993, 77
Trd, 4319370.743, 70
Trd, 4319371.793, 136
Trd, 4319373.143, 117
Trd, 4319374.293, 64
Trd, 4319374.993, 118
Trd, 4319375.593, 117
Trd, 4319375.643, 130
Trd, 4319375.893, 81
Trd, 4319378.043, 112
Trd, 4319378.693, 102
Trd, 4319379.993, 140
Trd, 4319380.243, 105
Trd, 4319380.343, 81
Trd, 4319382.343, 91
Trd, 4319382.943, 64
Trd, 4319383.543, 70
Trd, 4319384.593, 105
Trd, 4319385.193, 99
Trd, 4319385.793, 84
Trd, 4319387.943, 107
Trd, 4319388.043, 89
Trd, 4319388.343, 86
Trd, 4319388.643, 98
Trd, 4319389.493, 81
Trd, 4319389.843, 92
Trd, 4319390.343, 73
Trd, 4319391.593, 139
Trd, 4319392.693, 136
Trd, 4319393.343, 116
Trd, 4319393.693, 114
Trd, 4319395.193, 110
Trd, 4319395.293, 108
Trd, 4319396.093, 70
Trd, 4319396.693, 131
Trd, 4319397.043, 140
Trd, 4319397.543, 76
Trd, 4319398.343, 82
Trd, 4319398.943, 114
Trd, 4319400.143, 94
Trd, 4319400.643, 86
Trd, 4319401.443, 63
Trd, 4319401.643, 131
Trd, 4319401.943, 84
Trd, 4319402.543, 62
Trd, 4319403.543, 139
Trd, 4319404.393, 106
Trd, 4319405.243, 100
Trd, 4319405.343, 99
Trd, 4319405.843, 119
Trd, 4319406.393, 68
Trd, 4319408.143, 97
Trd, 4319408.343, 94
Trd, 4319409.093, 133
Trd, 4319409.493, 140
Trd, 4319410.043, 91
Trd, 4319410.743, 68
Trd, 4319411.043, 120
Trd, 4319411.593, 64
Trd, 4319413.443, 98
Trd, 4319414.593, 77
Trd, 4319415.643, 139
Trd, 4319416.143, 120
Trd, 4319416.243, 119
Trd, 4319416.643, 107
Trd, 4319416.743, 94
Trd, 4319418.143, 118
Trd, 4319419.993, 94
Trd, 4319421.043, 140
Trd, 4319421.993, 140
Trd, 4319422.043, 101
Trd, 4319422.643, 96
Trd, 4319422.793, 128
Trd, 4319424.043, 115
Trd, 4319424.493, 112
Trd, 4319424.793, 106
Trd, 4319425.193, 122
Trd, 4319425.293, 98
Trd, 4319426.643, 140
Trd, 4319427.643, 126
Trd, 4319427.693, 91
Trd, 4319428.543, 108
Trd, 4319429.093, 78
Trd, 4319429.443, 140
Trd, 4319431.043, 79
Trd, 4319431.143, 76
Trd, 4319431.893, 128
Trd, 4319432.143, 103
Trd, 4319432.693, 83
Trd, 4319433.393, 105
Trd, 4319433.793, 109
Trd, 4319435.493, 66
Trd, 4319436.343, 80
Trd, 4319437.493, 134
Trd, 4319438.893, 124
Trd, 4319439.343, 121
Trd, 4319439.493, 121
Trd, 4319439.543, 110
Trd, 4319440.093, 92
Trd, 4319441.443, 139
Trd, 4319442.143, 137
Trd, 4319442.443, 129
Trd, 4319443.093, 68
Trd, 4319444.693, 107
Trd, 4319445.793, 139
Trd, 4319446.293, 105
Trd, 4319446.693, 79
Trd, 4319447.443, 131
Trd, 4319447.693, 129
Trd, 4319448.043, 125
Trd, 4319449.143, 124
Trd, 4319449.693, 68
Trd, 4319449.893, 65
Trd, 4319450.993, 91
Trd, 4319452.493, 79
Trd, 4319452.693, 85
Trd, 4319453.393, 112
Trd, 4319453.693, 86
Trd, 4319454.143, 89
Trd, 4319454.193, 125
Trd, 4319455.343, 133
Trd, 4319456.643, 136
Trd, 4319457.443, 106
Trd, 4319458.943, 106
Trd, 4319459.293, 79
Trd, 4319459.493, 79
Trd, 4319459.693, 110
Trd, 4319460.293, 91
Trd, 4319461.393, 98
Trd, 4319461.993, 97
Trd, 4319462.043, 80
Trd, 4319462.693, 106
Trd, 4319464.143, 101
Trd, 4319464.993, 120
Trd, 4319465.793, 137
Trd, 4319465.893, 98
Trd, 4319466.043, 96
Trd, 4319466.243, 88
Trd, 4319468.393, 92
Trd, 4319468.643, 61
Trd, 4319470.043, 104
Trd, 4319470.343, 81
Trd, 4319470.493, 62
Trd, 4319472.093, 140
Trd, 4319472.393, 140
Trd, 4319473.643, 140
Trd, 4319474.393, 140
Trd, 4319474.593, 140
Trd, 4319474.743, 99
Trd, 4319475.493, 91
Trd, 4319478.093, 140
Trd, 4319478.543, 138
Trd, 4319478.943, 100
Trd, 4319479.293, 97
Trd, 4319479.993, 90
Trd, 4319480.043, 88
Trd, 4319480.493, 91
Trd, 4319481.093, 106
Trd, 4319481.443, 119
Trd, 4319481.993, 102
Trd, 4319483.843, 75
Trd, 4319484.493, 60
Trd, 4319485.243, 111
Trd, 4319485.843, 60
Trd, 4319486.593, 69
Trd, 4319487.843, 73
Trd, 4319488.193, 108
Trd, 4319490.493, 87
Trd, 4319490.643, 91
Trd, 4319490.793, 117
Trd, 4319491.493, 125
Trd, 4319491.943, 90
Trd, 4319492.143, 82
Trd, 4319493.143, 136
Trd, 4319493.243, 93
Trd, 4319493.943, 100
Trd, 4319494.743, 100
Trd, 4319495.243, 118
Trd, 4319495.893, 118
Trd, 4319497.143, 116
Trd, 4319498.543, 97
Trd, 4319499.143, 97
Trd, 4319499.893, 100
Trd, 4319500.543, 102
Trd, 4319501.393, 112
Trd, 4319502.193, 140
Trd, 4319503.693, 140
Trd, 4319503.743, 125
Trd, 4319504.243, 76
Trd, 4319504.743, 82
Trd, 4319505.093, 136
Trd, 4319505.993, 79
Trd, 4319506.543, 63
Trd, 4319507.643, 139
Trd, 4319509.493, 131
Trd, 4319510.143, 131
Trd, 4319510.943, 128
Trd, 4319511.293, 127
Trd, 4319511.443, 131
Trd, 4319511.593, 122
Trd, 4319512.393, 139
Trd, 4319513.943, 116
Trd, 4319514.043, 118
Trd, 4319515.243, 80
Trd, 4319516.693, 87
Trd, 4319517.993, 120
Trd, 4319518.643, 98
Trd, 4319518.993, 94
Trd, 4319519.893, 133
Trd, 4319521.043, 138
Trd, 4319521.493, 69
Trd, 4319521.743, 80
Trd, 4319521.893, 115
Trd, 4319525.143, 68
Trd, 4319525.343, 72
Trd, 4319525.443, 72
Trd, 4319526.293, 76
Trd, 4319527.043, 76
Trd, 4319527.493, 87
Trd, 4319528.593, 69
Trd, 4319528.693, 87
Trd, 4319529.243, 111
Trd, 4319529.493, 85
Trd, 4319529.743, 94
Trd, 4319529.893, 130
Trd, 4319530.493, 95
Trd, 4319530.743, 117
Trd, 4319532.193, 121
Trd, 4319532.693, 71
Trd, 4319533.593, 133
Trd, 4319533.893, 103
Trd, 4319535.343, 128
Trd, 4319536.543, 112
Trd, 4319536.693, 79
Trd, 4319537.743, 61
Trd, 4319537.943, 110
Trd, 4319538.693, 93
Trd, 4319539.193, 96
Trd, 4319539.243, 87
Trd, 4319540.943, 125
Trd, 4319541.043, 89
Trd, 4319543.343, 140
Trd, 4319543.443, 140
Trd, 4319543.493, 131
Trd, 4319543.993, 114
Trd, 4319545.493, 104
Trd, 4319546.893, 108
Trd, 4319546.943, 95
Trd, 4319547.443, 67
Trd, 4319547.693, 101
Trd, 4319547.843, 100
Trd, 4319549.143, 132
Trd, 4319549.443, 103
Trd, 4319549.843, 137
Trd, 4319551.143, 107
Trd, 4319551.643, 110
Trd, 4319551.693, 106
Trd, 4319552.093, 102
Trd, 4319554.193, 112
Trd, 4319554.543, 103
Trd, 4319554.793, 137
Trd, 4319555.443, 136
Trd, 4319557.043, 138
Trd, 4319557.793, 138
Trd, 4319558.693, 140
Trd, 4319559.443, 127
Trd, 4319560.293, 140
Trd, 4319560.893, 81
Trd, 4319561.343, 69
Trd, 4319561.643, 68
Trd, 4319562.393, 90
Trd, 4319562.843, 89
Trd, 4319563.143, 92
Trd, 4319563.443, 98
Trd, 4319563.943, 69
Trd, 4319564.193, 62
Trd, 4319565.993, 97
Trd, 4319567.493, 102
Trd, 4319567.693, 101
Trd, 4319568.293, 87
Trd, 4319568.443, 86
Trd, 4319568.793, 74
Trd, 4319568.843, 96
Trd, 4319569.143, 99
Trd, 4319571.143, 105
Trd, 4319572.243, 96
Trd, 4319572.593, 73
Trd, 4319572.793, 72
Trd, 4319573.143, 71
Trd, 4319574.743, 87
Trd, 4319576.043, 126
Trd, 4319576.343, 112
Trd, 4319576.493, 95
Trd, 4319577.393, 88
Trd, 4319577.943, 82
Trd, 4319577.993, 68
Trd, 4319578.193, 139
Trd, 4319578.293, 110
Trd, 4319579.093, 135
Trd, 4319580.393, 132
Trd, 4319581.093, 121
Trd, 4319583.293, 75
Trd, 4319583.443, 94
Trd, 4319583.693, 74
Trd, 4319584.043, 133
Trd, 4319584.843, 102
Trd, 4319585.293, 137
Trd, 4319585.743, 111
Trd, 4319586.143, 110
Trd, 4319587.393, 90
Trd, 4319587.743, 97
Trd, 4319588.893, 87
Trd, 4319589.893, 75
Trd, 4319590.793, 108
Trd, 4319590.943, 102
Trd, 4319590.993, 117
Trd, 4319591.093, 78
Trd, 4319591.843, 65
Trd, 4319592.243, 129
Trd, 4319592.593, 120
Trd, 4319592.843, 63
Trd, 4319593.893, 127
Trd, 4319594.293, 64
Trd, 4319596.293, 75
Trd, 4319596.393, 87
Trd, 4319597.743, 76
Trd, 4319597.843, 81
Trd, 4319598.643, 81
Trd, 4319598.943, 77
Trd, 4319599.093, 63
Trd, 4319599.293, 69
Trd, 4319600.043, 94
Trd, 4319601.343, 88
Trd, 4319602.093, 86
Trd, 4319602.243, 91
Trd, 4319603.843, 128
Trd, 4319604.643, 93
Trd, 4319605.043, 91
Trd, 4319605.393, 95
Trd, 4319605.843, 140
Trd, 4319606.443, 63
Trd, 4319607.243, 62
Trd, 4319608.243, 133
Trd, 4319608.543, 74
Trd, 4319610.043, 64
Trd, 4319610.493, 83
Trd, 4319611.643, 118
Trd, 4319611.693, 81
Trd, 4319612.943, 85
Trd, 4319613.643, 121
Trd, 4319614.893, 105
Trd, 4319615.143, 94
Trd, 4319615.193, 138
Trd, 4319615.893, 100
Trd, 4319616.793, 99
Trd, 4319617.393, 68
Trd, 4319617.993, 122
Trd, 4319618.293, 80
Trd, 4319618.943, 91
Trd, 4319620.093, 138
Trd, 4319620.743, 118
Trd, 4319622.093, 122
Trd, 4319622.243, 121
Trd, 4319623.193, 118
Trd, 4319623.593, 94
Trd, 4319623.993, 115
Trd, 4319624.343, 81
Trd, 4319624.743, 82
Trd, 4319627.293, 140
Trd, 4319627.743, 136
Trd, 4319627.943, 118
Trd, 4319629.343, 103
Trd, 4319629.543, 101
Trd, 4319630.043, 121
Trd, 4319630.793, 95
Trd, 4319631.043, 120
Trd, 4319631.993, 103
Trd, 4319632.543, 102
Trd, 4319632.593, 94
Trd, 4319633.543, 131
Trd, 4319634.193, 130
Trd, 4319635.443, 109
Trd, 4319636.543, 102
Trd, 4319637.193, 124
Trd, 4319637.843, 137
Trd, 4319638.343, 112
Trd, 4319638.643, 101
Trd, 4319639.943, 122
Trd, 4319640.743, 120
Trd, 4319640.843, 119
Trd, 4319643.743, 139
Trd, 4319644.993, 102
Trd, 4319645.143, 101
Trd, 4319645.643, 116
Trd, 4319646.143, 127
Trd, 4319646.693, 125
Trd, 4319647.693, 72
Trd, 4319648.743, 136
Trd, 4319649.443, 82
Trd, 4319650.293, 65
Trd, 4319650.393, 65
Trd, 4319651.093, 93
Trd, 4319651.443, 113
Trd, 4319652.543, 140
Trd, 4319654.043, 140
Trd, 4319654.443, 139
Trd, 4319655.193, 124
Trd, 4319656.093, 140
Trd, 4319657.243, 87
Trd, 4319657.393, 77
Trd, 4319659.293, 75
Trd, 4319660.343, 100
Trd, 4319660.743, 80
Trd, 4319662.093, 92
Trd, 4319662.893, 95
Trd, 4319663.543, 133
Trd, 4319665.043, 110
Trd, 4319665.293, 108
Trd, 4319665.343, 84
Trd, 4319665.793, 69
Trd, 4319667.343, 70
Trd, 4319668.343, 66
Trd, 4319668.943, 114
Trd, 4319669.093, 81
Trd, 4319669.443, 118
Trd, 4319669.693, 117
Trd, 4319670.093, 122
Trd, 4319670.243, 116
Trd, 4319671.393, 96
Trd, 4319673.143, 76
Trd, 4319674.343, 116
Trd, 4319675.343, 118
Trd, 4319675.443, 114
Trd, 4319675.743, 94
Trd, 4319676.893, 140
Trd, 4319677.243, 122
Trd, 4319677.793, 84
Trd, 4319678.693, 63
Trd, 4319679.393, 114
Trd, 4319679.743, 74
Trd, 4319680.593, 94
Trd, 4319681.043, 93
Trd, 4319682.143, 64
Trd, 4319682.243, 102
Trd, 4319683.943, 139
Trd, 4319684.393, 123
Trd, 4319684.893, 125
Trd, 4319685.443, 113
Trd, 4319685.893, 63
Trd, 4319686.543, 124
Trd, 4319687.143, 61
Trd, 4319688.343, 122
Trd, 4319689.143, 140
Trd, 4319689.393, 129
Trd, 4319689.443, 128
Trd, 4319689.793, 99
Trd, 4319691.593, 69
Trd, 4319693.343, 140
Trd, 4319693.693, 94
Trd, 4319694.193, 114
Trd, 4319694.393, 97
Trd, 4319695.593, 139
Trd, 4319695.843, 138
Trd, 4319697.143, 110
Trd, 4319698.643, 111
Trd, 4319698.793, 92
Trd, 4319700.243, 79
Trd, 4319701.493, 137
Trd, 4319701.843, 115
Trd, 4319703.643, 115
Trd, 4319703.993, 115
Trd, 4319704.143, 114
Trd, 4319704.593, 139
Trd, 4319704.693, 89
Trd, 4319706.693, 113
Trd, 4319707.093, 120
Trd, 4319707.193, 115
Trd, 4319707.393, 77
Trd, 4319708.493, 97
Trd, 4319710.193, 134
Trd, 4319710.493, 100
Trd, 4319711.343, 138
Trd, 4319711.993, 140
Trd, 4319713.943, 129
Trd, 4319714.243, 125
Trd, 4319714.493, 104
Trd, 4319714.893, 111
Trd, 4319715.443, 78
Trd, 4319717.993, 140
Trd, 4319719.443, 140
Trd, 4319719.793, 140
Trd, 4319719.843, 118
Trd, 4319719.993, 110
Trd, 4319721.493, 119
Trd, 4319722.143, 80
Trd, 4319722.293, 88
Trd, 4319722.593, 74
Trd, 4319722.993, 72
Trd, 4319724.993, 98
Trd, 4319725.693, 64
Trd, 4319726.143, 100
Trd, 4319726.443, 77
Trd, 4319727.693, 136
Trd, 4319727.793, 135
Trd, 4319729.493, 140
Trd, 4319730.343, 128
Trd, 4319731.643, 140
Trd, 4319731.893, 140
Trd, 4319734.043, 134
Trd, 4319734.243, 126
Trd, 4319734.593, 113
Trd, 4319735.243, 111
Trd, 4319735.543, 125
Trd, 4319735.843, 79
Trd, 4319736.743, 140
Trd, 4319737.843, 89
Trd, 4319738.193, 77
Trd, 4319741.093, 126
Trd, 4319742.643, 103
Trd, 4319743.243, 103
Trd, 4319743.543, 125
Trd, 4319743.593, 98
Trd, 4319743.793, 96
Trd, 4319744.243, 105
Trd, 4319744.393, 137
Trd, 4319744.943, 137
Trd, 4319747.093, 140
Trd, 4319747.143, 140
Trd, 4319747.893, 98
Trd, 4319748.793, 129
Trd, 4319750.143, 140
Trd, 4319750.543, 134
Trd, 4319750.693, 117
Trd, 4319751.193, 116
Trd, 4319751.593, 100
Trd, 4319753.343, 136
Trd, 4319754.593, 106
Trd, 4319754.743, 109
Trd, 4319755.643, 89
Trd, 4319755.943, 99
Trd, 4319756.843, 125
Trd, 4319757.293, 97
Trd, 4319757.593, 77
Trd, 4319758.393, 61
Trd, 4319758.793, 104
Trd, 4319759.043, 69
Trd, 4319759.743, 138
Trd, 4319759.843, 137
Trd, 4319760.093, 97
Trd, 4319760.843, 95
Trd, 4319761.693, 140
Trd, 4319762.593, 74
Trd, 4319764.093, 63
Trd, 4319764.693, 97
Trd, 4319766.043, 140
Trd, 4319766.443, 139
Trd, 4319766.543, 123
Trd, 4319766.643, 112
Trd, 4319767.593, 127
Trd, 4319767.643, 126
Trd, 4319769.243, 118
Trd, 4319769.393, 95
Trd, 4319770.443, 136
Trd, 4319771.193, 133
Trd, 4319771.393, 130
Trd, 4319771.943, 140
Trd, 4319771.993, 121
Trd, 4319772.293, 69
Trd, 4319774.093, 61
Trd, 4319774.243, 137
Trd, 4319775.593, 118
Trd, 4319776.243, 102
Trd, 4319776.743, 110
Trd, 4319777.493, 118
Trd, 4319778.693, 105
Trd, 4319779.093, 106
Trd, 4319779.193, 98
Trd, 4319779.293, 117
Trd, 4319780.643, 61
Trd, 4319782.743, 140
Trd, 4319783.693, 135
Trd, 4319784.143, 119
Trd, 4319784.493, 130
Trd, 4319784.643, 118
Trd, 4319784.743, 89
Trd, 4319785.493, 140
Trd, 4319785.943, 138
Trd, 4319786.943, 86
Trd, 4319788.243, 125
Trd, 4319789.993, 99
Trd, 4319790.043, 97
Trd, 4319790.343, 114
Trd, 4319790.843, 78
Trd, 4319791.643, 135
Trd, 4319792.243, 72
Trd, 4319792.943, 105
Trd, 4319793.893, 121
Trd, 4319795.843, 101
Trd, 4319796.093, 102
Trd, 4319796.343, 100
Trd, 4319796.893, 84
Trd, 4319798.943, 119
Trd, 4319799.143, 79
Trd, 4319799.493, 114
Trd, 4319800.093, 62
Trd, 4319801.043, 72
Trd, 4319801.693, 92
Trd, 4319802.193, 62
Trd, 4319803.243, 82
Trd, 4319804.493, 97
Trd, 4319805.243, 106
Trd, 4319805.593, 125
Trd, 4319805.893, 102
Trd, 4319806.043, 109
Trd, 4319807.043, 105
Trd, 4319808.643, 90
Trd, 4319809.393, 92
Trd, 4319809.593, 89
Trd, 4319809.943, 126
Trd, 4319811.243, 140
Trd, 4319812.143, 75
Trd, 4319812.693, 110
Trd, 4319812.893, 77
Trd, 4319813.593, 136
Trd, 4319814.593, 120
Trd, 4319815.543, 119
Trd, 4319815.693, 90
Trd, 4319815.993, 93
Trd, 4319817.843, 139
Trd, 4319818.793, 108
Trd, 4319819.193, 123
Trd, 4319819.293, 110
Trd, 4319819.493, 99
Trd, 4319820.993, 137
Trd, 4319822.143, 102
Trd, 4319823.543, 138
Trd, 4319824.043, 137
Trd, 4319824.193, 136
Trd, 4319824.243, 130
Trd, 4319826.093, 123
Trd, 4319826.893, 94
Trd, 4319827.393, 131
Trd, 4319827.743, 108
Trd, 4319827.843, 102
Trd, 4319828.693, 96
Trd, 4319828.993, 95
Trd, 4319830.043, 99
Trd, 4319830.243, 97
Trd, 4319831.043, 106
Trd, 4319831.393, 139
Trd, 4319832.943, 111
Trd, 4319833.543, 100
Trd, 4319833.993, 78
Trd, 4319834.643, 89
Trd, 4319835.193, 83
Trd, 4319835.793, 89
Trd, 4319836.193, 79
Trd, 4319836.993, 99
Trd, 4319837.393, 98
Trd, 4319839.143, 85
Trd, 4319839.243, 75
Trd, 4319840.593, 63
Trd, 4319841.043, 91
Trd, 4319841.893, 97
Trd, 4319842.493, 86
Trd, 4319842.943, 140
Trd, 4319846.893, 122
Trd, 4319847.093, 139
Trd, 4319847.493, 133
Trd, 4319847.743, 106
Trd, 4319848.293, 112
Trd, 4319849.143, 85
Trd, 4319850.143, 91
Trd, 4319850.543, 113
Trd, 4319851.993, 128
Trd, 4319852.443, 139
Trd, 4319852.593, 92
Trd, 4319853.243, 101
Trd, 4319853.893, 111
Trd, 4319855.093, 135
Trd, 4319856.343, 97
Trd, 4319856.543, 95
Trd, 4319857.293, 102
Trd, 4319857.493, 130
Trd, 4319857.793, 130
Trd, 4319858.293, 122
Trd, 4319858.443, 96
Trd, 4319861.693, 88
Trd, 4319861.993, 97
Trd, 4319862.093, 98
Trd, 4319862.593, 92
Trd, 4319864.393, 93
Trd, 4319864.843, 97
Trd, 4319865.243, 88
Trd, 4319865.443, 89
Trd, 4319865.643, 101
Trd, 4319865.843, 115
Trd, 4319866.393, 91
Trd, 4319867.193, 88
Trd, 4319868.343, 88
Trd, 4319868.993, 88
Trd, 4319869.343, 98
Trd, 4319870.243, 105
Trd, 4319870.793, 137
Trd, 4319871.393, 91
Trd, 4319873.493, 125
Trd, 4319873.793, 113
Trd, 4319874.493, 117
Trd, 4319875.193, 115
Trd, 4319875.893, 76
Trd, 4319876.993, 109
Trd, 4319877.143, 108
Trd, 4319877.693, 127
Trd, 4319878.393, 75
Trd, 4319878.743, 60
Trd, 4319879.043, 63
Trd, 4319880.343, 98
Trd, 4319880.543, 70
Trd, 4319880.743, 112
Trd, 4319882.193, 64
Trd, 4319883.843, 95
Trd, 4319884.243, 129
Trd, 4319885.093, 136
Trd, 4319885.343, 78
Trd, 4319886.193, 140
Trd, 4319887.343, 136
Trd, 4319887.543, 116
Trd, 4319888.143, 96
Trd, 4319888.693, 89
Trd, 4319889.493, 98
Trd, 4319889.543, 71
Trd, 4319889.743, 90
Trd, 4319890.793, 91
Trd, 4319891.343, 69
Trd, 4319894.243, 66
Trd, 4319894.493, 63
Trd, 4319894.643, 69
Trd, 4319894.993, 72
Trd, 4319895.093, 133
Trd, 4319897.343, 137
Trd, 4319899.093, 114
Trd, 4319899.543, 107
Trd, 4319899.843, 108
Trd, 4319899.893, 107
Trd, 4319900.593, 91
Trd, 4319900.893, 95
Trd, 4319901.843, 94
Trd, 4319901.893, 60
Trd, 4319902.343, 72
Trd, 4319902.793, 70
Trd, 4319903.493, 84
Trd, 4319903.943, 137
Trd, 4319905.293, 89
Trd, 4319906.293, 95
Trd, 4319906.543, 122
Trd, 4319906.693, 121
Trd, 4319909.743, 91
Trd, 4319910.443, 72
Trd, 4319910.593, 75
Trd, 4319910.643, 117
Trd, 4319911.293, 117
Trd, 4319912.793, 90
Trd, 4319913.493, 116
Trd, 4319913.543, 84
Trd, 4319914.093, 93
Trd, 4319915.043, 86
Trd, 4319915.693, 97
Trd, 4319917.143, 123
Trd, 4319917.343, 109
Trd, 4319918.493, 126
Trd, 4319918.893, 85
Trd, 4319920.393, 122
Trd, 4319920.793, 120
Trd, 4319921.543, 90
Trd, 4319921.943, 101
Trd, 4319922.043, 97
Trd, 4319922.493, 132
Trd, 4319922.993, 91
Trd, 4319924.043, 81
Trd, 4319926.693, 138
Trd, 4319927.493, 108
Trd, 4319927.543, 95
Trd, 4319927.843, 140
Trd, 4319928.093, 95
Trd, 4319928.743, 112
Trd, 4319930.093, 96
Trd, 4319930.243, 80
Trd, 4319931.593, 111
Trd, 4319932.743, 126
Trd, 4319933.043, 122
Trd, 4319933.093, 105
Trd, 4319933.293, 91
Trd, 4319934.743, 89
Trd, 4319935.543, 98
Trd, 4319936.143, 92
Trd, 4319937.643, 108
Trd, 4319937.943, 119
Trd, 4319938.843, 135
Trd, 4319938.893, 120
Trd, 4319939.793, 98
Trd, 4319940.143, 97
Trd, 4319940.843, 84
Trd, 4319943.193, 67
Trd, 4319943.493, 66
Trd, 4319943.743, 65
Trd, 4319944.393, 99
Trd, 4319944.693, 140
Trd, 4319945.293, 120
Trd, 4319945.343, 82
Trd, 4319946.343, 87
Trd, 4319947.293, 81
Trd, 4319948.343, 61
Trd, 4319949.343, 64
Trd, 4319950.043, 61
Trd, 4319950.843, 61
Trd, 4319950.893, 62
Trd, 4319950.993, 96
Trd, 4319953.293, 71
Trd, 4319953.793, 70
Trd, 4319954.593, 73
Trd, 4319955.943, 61
Trd, 4319956.043, 68
Trd, 4319957.543, 62
Trd, 4319957.593, 103
Trd, 4319957.843, 124
Trd, 4319958.243, 70
Trd, 4319959.643, 140
Trd, 4319959.893, 84
Trd, 4319960.543, 82
Trd, 4319961.643, 74
Trd, 4319962.543, 134
Trd, 4319963.043, 108
Trd, 4319964.293, 72
Trd, 4319964.743, 77
Trd, 4319965.743, 72
Trd, 4319966.243, 131
Trd, 4319966.543, 128
Trd, 4319967.543, 130
Trd, 4319968.193, 108
Trd, 4319968.393, 107
Trd, 4319968.643, 139
Trd, 4319970.943, 140
Trd, 4319972.243, 121
Trd, 4319972.893, 85
Trd, 4319973.093, 117
Trd, 4319973.843, 122
Trd, 4319974.943, 121
Trd, 4319975.593, 122
Trd, 4319976.043, 121
Trd, 4319976.093, 112
Trd, 4319976.193, 86
Trd, 4319977.443, 111
Trd, 4319977.693, 88
Trd, 4319977.843, 140
Trd, 4319979.043, 89
Trd, 4319981.143, 74
Trd, 4319981.343, 97
Trd, 4319982.243, 96
Trd, 4319984.493, 75
Trd, 4319984.593, 94
Trd, 4319985.043, 67
Trd, 4319985.143, 66
Trd, 4319985.443, 75
Trd, 4319986.143, 80
Trd, 4319986.193, 129
Trd, 4319986.393, 95
Trd, 4319987.193, 82
Trd, 4319987.293, 80
Trd, 4319988.243, 62
Trd, 4319989.443, 65
Trd, 4319989.843, 84
Trd, 4319991.643, 128
Trd, 4319991.743, 128
Trd, 4319992.293, 77
Trd, 4319994.043, 90
Trd, 4319994.443, 99
Trd, 4319995.393, 91
Trd, 4319996.293, 105
Trd, 4319997.893, 115
Trd, 4319998.243, 137
Trd, 4319998.893, 105
Trd, 4319999.893, 118
