Trd, 4318171.893, 131
Trd, 4318172.393, 81
Trd, 4318174.043, 60
Trd, 4318174.343, 113
Trd, 4318174.743, 69
Trd, 4318174.893, 68
Trd, 4318175.143, 129
Trd, 4318176.293, 79
Trd, 4318177.893, 60
Trd, 4318178.393, 66
Trd, 4318178.493, 79
Trd, 4318178.943, 119
Trd, 4318179.443, 112
Trd, 4318180.043, 63
Trd, 4318181.743, 116
Trd, 4318182.343, 120
Trd, 4318182.443, 95
Trd, 4318182.993, 134
Trd, 4318183.343, 73
Trd, 4318184.143, 102
Trd, 4318184.443, 130
Trd, 4318186.393, 130
Trd, 4318186.443, 108
Trd, 4318187.193, 63
Trd, 4318187.593, 78
Trd, 4318188.493, 101
Trd, 4318189.043, 123
Trd, 4318190.393, 139
Trd, 4318190.643, 94
Trd, 4318190.943, 128
Trd, 4318191.693, 132
Trd, 4318192.093, 101
Trd, 4318192.293, 84
Trd, 4318193.143, 127
Trd, 4318193.243, 83
Trd, 4318193.393, 77
Trd, 4318193.743, 131
Trd, 4318194.343, 84
Trd, 4318194.543, 121
Trd, 4318196.443, 139
Trd, 4318197.343, 86
Trd, 4318197.893, 99
Trd, 4318199.243, 127
Trd, 4318199.543, 125
Trd, 4318200.493, 132
Trd, 4318200.993, 118
Trd, 4318201.743, 127
Trd, 4318201.793, 111
Trd, 4318202.043, 88
Trd, 4318203.043, 103
Trd, 4318203.993, 74
Trd, 4318204.243, 73
Trd, 4318205.543, 60
Trd, 4318205.693, 64
Trd, 4318206.443, 67
Trd, 4318206.493, 66
Trd, 4318207.093, 61
Trd, 4318208.643, 78
Trd, 4318208.793, 92
Trd, 4318209.243, 86
Trd, 4318210.243, 140
Trd, 4318211.543, 102
Trd, 4318212.343, 106
Trd, 4318212.443, 115
Trd, 4318213.343, 116
Trd, 4318214.693, 140
Trd, 4318215.293, 119
Trd, 4318215.493, 118
Trd, 4318215.543, 106
Trd, 4318216.993, 123
Trd, 4318217.543, 120
Trd, 4318218.543, 127
Trd, 4318218.743, 92
Trd, 4318219.543, 136
Trd, 4318219.793, 92
Trd, 4318220.293, 139
Trd, 4318220.493, 93
Trd, 4318220.743, 134
Trd, 4318222.343, 63
Trd, 4318222.843, 64
Trd, 4318223.643, 137
Trd, 4318223.843, 128
Trd, 4318224.693, 140
Trd, 4318226.143, 104
Trd, 4318226.543, 99
Trd, 4318226.693, 71
Trd, 4318227.093, 70
Trd, 4318227.143, 69
Trd, 4318228.443, 122
Trd, 4318229.743, 135
Trd, 4318230.043, 125
Trd, 4318230.643, 95
Trd, 4318231.943, 61
Trd, 4318231.993, 86
Trd, 4318233.543, 140
Trd, 4318234.293, 139
Trd, 4318234.343, 118
Trd, 4318235.093, 88
Trd, 4318235.243, 85
Trd, 4318235.993, 73
Trd, 4318236.893, 120
Trd, 4318237.143, 72
Trd, 4318238.443, 100
Trd, 4318238.893, 88
Trd, 4318238.943, 83
Trd, 4318239.893, 81
Trd, 4318241.293, 107
Trd, 4318241.493, 130
Trd, 4318242.243, 104
Trd, 4318242.443, 86
Trd, 4318242.743, 72
Trd, 4318243.293, 113
Trd, 4318243.693, 135
Trd, 4318244.043, 69
Trd, 4318244.993, 123
Trd, 4318246.093, 133
Trd, 4318246.843, 70
Trd, 4318247.843, 100
Trd, 4318247.893, 112
Trd, 4318248.093, 79
Trd, 4318248.843, 66
Trd, 4318249.093, 69
Trd, 4318249.743, 133
Trd, 4318250.193, 138
Trd, 4318251.493, 116
Trd, 4318251.643, 124
Trd, 4318251.793, 94
Trd, 4318253.643, 128
Trd, 4318253.693, 89
Trd, 4318254.693, 104
Trd, 4318255.443, 140
Trd, 4318255.493, 140
Trd, 4318255.693, 103
Trd, 4318257.043, 102
Trd, 4318257.743, 93
Trd, 4318258.243, 128
Trd, 4318258.543, 91
Trd, 4318259.843, 99
Trd, 4318260.543, 96
Trd, 4318261.193, 85
Trd, 4318261.393, 86
Trd, 4318262.393, 107
Trd, 4318263.693, 127
Trd, 4318263.993, 94
Trd, 4318264.693, 73
Trd, 4318265.143, 71
Trd, 4318265.443, 66
Trd, 4318265.643, 72
Trd, 4318265.793, 114
Trd, 4318266.743, 77
Trd, 4318266.993, 81
Trd, 4318268.193, 66
Trd, 4318268.793, 74
Trd, 4318269.393, 120
Trd, 4318270.243, 112
Trd, 4318270.493, 76
Trd, 4318270.893, 60
Trd, 4318273.793, 68
Trd, 4318274.393, 67
Trd, 4318275.193, 95
Trd, 4318275.393, 81
Trd, 4318275.943, 98
Trd, 4318276.343, 73
Trd, 4318276.643, 111
Trd, 4318277.043, 95
Trd, 4318277.543, 89
Trd, 4318277.743, 96
Trd, 4318279.493, 93
Trd, 4318280.143, 139
Trd, 4318280.543, 125
Trd, 4318280.593, 89
Trd, 4318281.143, 138
Trd, 4318281.493, 83
Trd, 4318281.643, 82
Trd, 4318282.293, 66
Trd, 4318282.743, 81
Trd, 4318283.743, 78
Trd, 4318285.143, 65
Trd, 4318286.193, 71
Trd, 4318286.393, 65
Trd, 4318286.943, 138
Trd, 4318287.243, 136
Trd, 4318287.493, 68
Trd, 4318288.943, 90
Trd, 4318289.243, 109
Trd, 4318290.743, 69
Trd, 4318292.193, 60
Trd, 4318292.493, 86
Trd, 4318292.843, 87
Trd, 4318293.043, 83
Trd, 4318293.293, 113
Trd, 4318293.993, 69
Trd, 4318294.343, 64
Trd, 4318294.543, 62
Trd, 4318295.593, 69
Trd, 4318296.593, 88
Trd, 4318297.093, 69
Trd, 4318297.143, 70
Trd, 4318297.943, 60
Trd, 4318298.043, 118
Trd, 4318298.443, 82
Trd, 4318298.593, 113
Trd, 4318299.593, 67
Trd, 4318301.693, 65
Trd, 4318302.143, 97
Trd, 4318302.243, 140
Trd, 4318303.093, 90
Trd, 4318303.743, 91
Trd, 4318304.693, 112
Trd, 4318305.343, 137
Trd, 4318305.443, 136
Trd, 4318306.393, 108
Trd, 4318306.443, 119
Trd, 4318306.743, 89
Trd, 4318308.193, 68
Trd, 4318308.593, 138
Trd, 4318309.243, 137
Trd, 4318310.543, 95
Trd, 4318311.493, 103
Trd, 4318311.543, 110
Trd, 4318312.093, 90
Trd, 4318312.393, 73
Trd, 4318312.793, 60
Trd, 4318313.443, 73
Trd, 4318314.843, 62
Trd, 4318316.343, 70
Trd, 4318316.593, 64
Trd, 4318317.343, 80
Trd, 4318317.393, 97
Trd, 4318317.493, 123
Trd, 4318317.893, 99
Trd, 4318320.143, 60
Trd, 4318320.293, 82
Trd, 4318320.643, 64
Trd, 4318320.993, 113
Trd, 4318322.643, 81
Trd, 4318322.743, 80
Trd, 4318322.793, 79
Trd, 4318322.843, 74
Trd, 4318323.443, 66
Trd, 4318323.743, 103
Trd, 4318324.843, 63
Trd, 4318326.693, 79
Trd, 4318326.943, 78
Trd, 4318327.293, 110
Trd, 4318327.843, 78
Trd, 4318328.943, 83
Trd, 4318329.243, 70
Trd, 4318330.143, 111
Trd, 4318330.393, 101
Trd, 4318332.243, 65
Trd, 4318332.393, 97
Trd, 4318333.843, 66
Trd, 4318333.893, 72
Trd, 4318334.043, 90
Trd, 4318334.193, 64
Trd, 4318335.293, 106
Trd, 4318335.793, 67
Trd, 4318336.293, 110
Trd, 4318337.543, 104
Trd, 4318337.593, 92
Trd, 4318338.593, 128
Trd, 4318339.093, 140
Trd, 4318339.643, 127
Trd, 4318340.093, 140
Trd, 4318340.693, 129
Trd, 4318340.993, 72
Trd, 4318341.043, 84
Trd, 4318341.443, 60
Trd, 4318342.093, 78
Trd, 4318342.843, 129
Trd, 4318343.943, 101
Trd, 4318345.543, 95
Trd, 4318345.843, 140
Trd, 4318346.243, 123
Trd, 4318346.343, 102
Trd, 4318346.893, 135
Trd, 4318347.343, 80
Trd, 4318347.393, 85
Trd, 4318348.443, 140
Trd, 4318348.693, 81
Trd, 4318348.793, 60
Trd, 4318349.743, 61
Trd, 4318350.893, 65
Trd, 4318352.193, 140
Trd, 4318353.293, 140
Trd, 4318353.743, 138
Trd, 4318354.143, 105
Trd, 4318354.843, 138
Trd, 4318355.993, 140
Trd, 4318356.293, 138
Trd, 4318356.343, 116
Trd, 4318356.593, 95
Trd, 4318356.943, 82
Trd, 4318358.193, 65
Trd, 4318358.643, 108
Trd, 4318360.543, 106
Trd, 4318360.593, 105
Trd, 4318361.343, 129
Trd, 4318362.343, 129
Trd, 4318363.043, 105
Trd, 4318363.493, 106
Trd, 4318363.593, 101
Trd, 4318363.893, 106
Trd, 4318364.243, 86
Trd, 4318364.443, 85
Trd, 4318366.743, 109
Trd, 4318366.793, 108
Trd, 4318366.843, 105
Trd, 4318367.543, 109
Trd, 4318367.893, 96
Trd, 4318368.893, 60
Trd, 4318369.043, 60
Trd, 4318369.743, 128
Trd, 4318369.993, 84
Trd, 4318372.543, 66
Trd, 4318372.693, 70
Trd, 4318372.743, 71
Trd, 4318373.443, 74
Trd, 4318373.593, 72
Trd, 4318373.693, 76
Trd, 4318373.843, 87
Trd, 4318376.543, 62
Trd, 4318376.793, 68
Trd, 4318377.043, 66
Trd, 4318377.293, 103
Trd, 4318377.893, 71
Trd, 4318378.093, 93
Trd, 4318379.243, 91
Trd, 4318380.893, 67
Trd, 4318381.093, 140
Trd, 4318382.143, 88
Trd, 4318382.893, 136
Trd, 4318383.193, 71
Trd, 4318383.543, 134
Trd, 4318384.693, 126
Trd, 4318385.493, 109
Trd, 4318385.593, 75
Trd, 4318385.893, 68
Trd, 4318385.993, 88
Trd, 4318387.143, 60
Trd, 4318387.443, 85
Trd, 4318388.643, 93
Trd, 4318389.243, 77
Trd, 4318389.293, 109
Trd, 4318389.993, 91
Trd, 4318390.143, 76
Trd, 4318390.443, 82
Trd, 4318391.243, 60
Trd, 4318391.693, 74
Trd, 4318393.143, 94
Trd, 4318393.943, 63
Trd, 4318394.943, 61
Trd, 4318394.993, 86
Trd, 4318395.793, 63
Trd, 4318397.143, 130
Trd, 4318397.443, 127
Trd, 4318397.893, 66
Trd, 4318399.543, 71
Trd, 4318399.843, 86
Trd, 4318400.243, 123
Trd, 4318401.243, 119
Trd, 4318402.343, 100
Trd, 4318402.393, 83
Trd, 4318403.543, 80
Trd, 4318404.393, 82
Trd, 4318405.043, 95
Trd, 4318405.643, 97
Trd, 4318406.293, 122
Trd, 4318406.593, 138
Trd, 4318407.143, 121
Trd, 4318407.893, 79
Trd, 4318408.793, 61
Trd, 4318409.293, 81
Trd, 4318409.993, 61
Trd, 4318410.243, 63
Trd, 4318411.043, 109
Trd, 4318411.343, 108
Trd, 4318412.643, 109
Trd, 4318412.943, 82
Trd, 4318413.743, 101
Trd, 4318414.593, 114
Trd, 4318414.993, 60
Trd, 4318415.293, 67
Trd, 4318417.143, 62
Trd, 4318418.043, 135
Trd, 4318418.093, 112
Trd, 4318418.943, 60
Trd, 4318419.543, 76
Trd, 4318420.943, 95
Trd, 4318421.493, 88
Trd, 4318422.143, 103
Trd, 4318422.343, 105
Trd, 4318422.443, 102
Trd, 4318422.743, 102
Trd, 4318424.043, 61
Trd, 4318424.593, 68
Trd, 4318425.143, 70
Trd, 4318425.343, 87
Trd, 4318425.943, 124
Trd, 4318427.643, 86
Trd, 4318428.193, 100
Trd, 4318429.243, 94
Trd, 4318429.293, 104
Trd, 4318429.793, 91
Trd, 4318430.643, 113
Trd, 4318431.943, 126
Trd, 4318432.043, 90
Trd, 4318433.143, 99
Trd, 4318433.193, 89
Trd, 4318433.793, 140
Trd, 4318433.893, 126
Trd, 4318434.043, 90
Trd, 4318434.293, 121
Trd, 4318434.643, 68
Trd, 4318436.193, 109
Trd, 4318436.293, 81
Trd, 4318437.343, 78
Trd, 4318438.143, 70
Trd, 4318439.493, 87
Trd, 4318440.093, 89
Trd, 4318440.243, 91
Trd, 4318440.643, 69
Trd, 4318441.843, 71
Trd, 4318442.443, 139
Trd, 4318442.843, 139
Trd, 4318443.343, 133
Trd, 4318443.543, 131
Trd, 4318444.893, 140
Trd, 4318445.193, 139
Trd, 4318445.793, 124
Trd, 4318445.893, 85
Trd, 4318447.343, 112
Trd, 4318448.343, 120
Trd, 4318448.693, 85
Trd, 4318449.093, 84
Trd, 4318449.493, 99
Trd, 4318451.143, 62
Trd, 4318451.443, 63
Trd, 4318452.693, 72
Trd, 4318452.793, 84
Trd, 4318453.443, 137
Trd, 4318454.193, 129
Trd, 4318455.493, 125
Trd, 4318455.643, 102
Trd, 4318456.543, 137
Trd, 4318456.993, 85
Trd, 4318457.443, 102
Trd, 4318457.593, 101
Trd, 4318458.243, 139
Trd, 4318460.193, 94
Trd, 4318460.243, 119
Trd, 4318461.343, 111
Trd, 4318461.593, 87
Trd, 4318462.743, 98
Trd, 4318462.893, 87
Trd, 4318462.993, 116
Trd, 4318463.943, 77
Trd, 4318464.093, 77
Trd, 4318464.443, 76
Trd, 4318465.243, 121
Trd, 4318465.593, 120
Trd, 4318466.443, 115
Trd, 4318467.393, 116
Trd, 4318468.093, 110
Trd, 4318468.493, 99
Trd, 4318469.193, 117
Trd, 4318469.693, 118
Trd, 4318470.643, 102
Trd, 4318470.843, 101
Trd, 4318471.243, 137
Trd, 4318472.793, 138
Trd, 4318472.893, 102
Trd, 4318473.143, 86
Trd, 4318474.593, 73
Trd, 4318475.193, 111
Trd, 4318476.293, 65
Trd, 4318476.843, 116
Trd, 4318477.293, 61
Trd, 4318477.343, 63
Trd, 4318478.043, 66
Trd, 4318479.393, 61
Trd, 4318481.243, 66
Trd, 4318481.343, 71
Trd, 4318482.093, 67
Trd, 4318482.743, 70
Trd, 4318482.843, 76
Trd, 4318483.593, 91
Trd, 4318484.043, 92
Trd, 4318484.493, 69
Trd, 4318486.243, 77
Trd, 4318486.543, 87
Trd, 4318486.793, 108
Trd, 4318487.343, 76
Trd, 4318488.043, 66
Trd, 4318489.293, 94
Trd, 4318489.893, 88
Trd, 4318490.043, 84
Trd, 4318490.193, 80
Trd, 4318490.393, 138
Trd, 4318491.493, 84
Trd, 4318491.643, 82
Trd, 4318492.043, 66
Trd, 4318493.493, 65
Trd, 4318493.643, 125
Trd, 4318494.493, 101
Trd, 4318495.443, 72
Trd, 4318496.243, 118
Trd, 4318497.843, 140
Trd, 4318497.993, 139
Trd, 4318498.543, 81
Trd, 4318498.793, 76
Trd, 4318499.093, 63
Trd, 4318499.443, 83
Trd, 4318500.093, 134
Trd, 4318500.993, 70
Trd, 4318501.243, 83
Trd, 4318502.193, 68
Trd, 4318503.093, 89
Trd, 4318504.143, 61
Trd, 4318504.993, 61
Trd, 4318505.493, 60
Trd, 4318506.643, 89
Trd, 4318506.943, 61
Trd, 4318507.243, 96
Trd, 4318509.643, 63
Trd, 4318509.693, 109
Trd, 4318509.893, 60
Trd, 4318510.243, 121
Trd, 4318510.693, 70
Trd, 4318511.043, 67
Trd, 4318512.093, 67
Trd, 4318513.893, 129
Trd, 4318513.993, 128
Trd, 4318515.443, 135
Trd, 4318515.593, 125
Trd, 4318515.693, 97
Trd, 4318516.043, 72
Trd, 4318516.443, 70
Trd, 4318517.643, 63
Trd, 4318517.893, 75
Trd, 4318518.793, 98
Trd, 4318519.043, 127
Trd, 4318519.593, 131
Trd, 4318521.243, 138
Trd, 4318522.793, 140
Trd, 4318523.143, 131
Trd, 4318524.043, 96
Trd, 4318524.143, 109
Trd, 4318524.493, 138
Trd, 4318524.643, 115
Trd, 4318525.293, 140
Trd, 4318526.443, 103
Trd, 4318527.193, 100
Trd, 4318527.493, 99
Trd, 4318528.193, 99
Trd, 4318528.343, 108
Trd, 4318528.493, 98
Trd, 4318529.143, 109
Trd, 4318529.493, 124
Trd, 4318530.643, 138
Trd, 4318530.793, 94
Trd, 4318531.643, 103
Trd, 4318533.593, 112
Trd, 4318534.643, 113
Trd, 4318534.943, 69
Trd, 4318535.193, 129
Trd, 4318536.043, 114
Trd, 4318536.243, 111
Trd, 4318536.943, 97
Trd, 4318537.093, 94
Trd, 4318538.393, 140
Trd, 4318538.793, 60
Trd, 4318539.893, 72
Trd, 4318540.093, 66
Trd, 4318541.343, 63
Trd, 4318542.043, 87
Trd, 4318542.243, 87
Trd, 4318542.393, 116
Trd, 4318542.493, 98
Trd, 4318543.093, 77
Trd, 4318544.443, 108
Trd, 4318544.743, 111
Trd, 4318546.443, 101
Trd, 4318547.043, 85
Trd, 4318547.393, 82
Trd, 4318547.643, 93
Trd, 4318548.443, 123
Trd, 4318549.343, 96
Trd, 4318549.843, 103
Trd, 4318549.943, 139
Trd, 4318550.943, 140
Trd, 4318551.593, 139
Trd, 4318552.443, 120
Trd, 4318552.893, 130
Trd, 4318553.343, 97
Trd, 4318554.343, 140
Trd, 4318554.993, 93
Trd, 4318555.893, 84
Trd, 4318555.943, 83
Trd, 4318555.993, 131
Trd, 4318556.693, 67
Trd, 4318556.893, 66
Trd, 4318557.143, 97
Trd, 4318558.793, 60
Trd, 4318559.393, 63
Trd, 4318559.593, 62
Trd, 4318560.093, 78
Trd, 4318560.843, 122
Trd, 4318561.593, 136
Trd, 4318561.643, 120
Trd, 4318562.593, 132
Trd, 4318562.693, 100
Trd, 4318564.593, 133
Trd, 4318565.043, 126
Trd, 4318565.843, 109
Trd, 4318566.293, 139
Trd, 4318566.893, 139
Trd, 4318567.643, 113
Trd, 4318568.493, 109
Trd, 4318569.093, 110
Trd, 4318569.743, 127
Trd, 4318570.143, 112
Trd, 4318570.793, 102
Trd, 4318571.293, 105
Trd, 4318571.943, 63
Trd, 4318572.293, 85
Trd, 4318573.143, 89
Trd, 4318573.443, 102
Trd, 4318573.493, 94
Trd, 4318574.243, 137
Trd, 4318574.443, 136
Trd, 4318575.143, 117
Trd, 4318576.193, 131
Trd, 4318577.043, 122
Trd, 4318577.743, 100
Trd, 4318577.843, 87
Trd, 4318578.243, 138
Trd, 4318578.343, 72
Trd, 4318579.443, 140
Trd, 4318579.993, 116
Trd, 4318581.143, 103
Trd, 4318581.493, 108
Trd, 4318581.943, 71
Trd, 4318582.243, 64
Trd, 4318582.993, 96
Trd, 4318583.743, 112
Trd, 4318584.193, 106
Trd, 4318584.943, 121
Trd, 4318585.443, 104
Trd, 4318586.943, 137
Trd, 4318587.043, 105
Trd, 4318587.343, 104
Trd, 4318588.093, 97
Trd, 4318588.293, 128
Trd, 4318590.043, 110
Trd, 4318590.143, 111
Trd, 4318590.693, 131
Trd, 4318590.743, 119
Trd, 4318592.093, 132
Trd, 4318592.543, 114
Trd, 4318592.943, 140
Trd, 4318593.093, 85
Trd, 4318594.143, 60
Trd, 4318595.293, 64
Trd, 4318596.093, 87
Trd, 4318596.293, 67
Trd, 4318596.643, 73
Trd, 4318597.993, 61
Trd, 4318598.093, 72
Trd, 4318598.643, 72
Trd, 4318598.843, 94
Trd, 4318599.693, 67
Trd, 4318601.793, 60
Trd, 4318601.943, 76
Trd, 4318602.743, 103
Trd, 4318602.993, 102
Trd, 4318603.043, 88
Trd, 4318604.043, 131
Trd, 4318604.293, 94
Trd, 4318605.193, 138
Trd, 4318605.493, 93
Trd, 4318605.593, 70
Trd, 4318607.193, 79
Trd, 4318607.993, 74
Trd, 4318608.843, 94
Trd, 4318609.243, 103
Trd, 4318609.593, 74
Trd, 4318610.243, 140
Trd, 4318610.643, 97
Trd, 4318611.293, 90
Trd, 4318613.193, 136
Trd, 4318613.543, 112
Trd, 4318613.693, 87
Trd, 4318613.893, 90
Trd, 4318614.543, 138
Trd, 4318615.093, 83
Trd, 4318615.593, 126
Trd, 4318616.793, 60
Trd, 4318617.343, 60
Trd, 4318617.593, 61
Trd, 4318618.693, 77
Trd, 4318618.793, 74
Trd, 4318619.693, 60
Trd, 4318620.143, 99
Trd, 4318621.293, 86
Trd, 4318621.393, 84
Trd, 4318622.993, 85
Trd, 4318623.243, 92
Trd, 4318623.793, 80
Trd, 4318623.943, 79
Trd, 4318625.343, 60
Trd, 4318625.493, 60
Trd, 4318625.543, 66
Trd, 4318625.843, 66
Trd, 4318626.393, 61
Trd, 4318627.643, 72
Trd, 4318628.943, 95
Trd, 4318629.593, 96
Trd, 4318630.093, 121
Trd, 4318630.993, 93
Trd, 4318631.343, 116
Trd, 4318631.443, 115
Trd, 4318631.743, 119
Trd, 4318632.243, 61
Trd, 4318633.243, 137
Trd, 4318634.293, 89
Trd, 4318634.743, 91
Trd, 4318636.243, 68
Trd, 4318636.693, 67
Trd, 4318637.893, 63
Trd, 4318638.243, 75
Trd, 4318638.343, 84
Trd, 4318639.093, 140
Trd, 4318639.843, 66
Trd, 4318639.993, 62
Trd, 4318640.693, 60
Trd, 4318641.343, 124
Trd, 4318641.393, 73
Trd, 4318642.143, 131
Trd, 4318642.943, 80
Trd, 4318645.993, 62
Trd, 4318646.893, 60
Trd, 4318647.843, 66
Trd, 4318648.093, 80
Trd, 4318648.143, 99
Trd, 4318648.643, 99
Trd, 4318649.193, 68
Trd, 4318649.393, 76
Trd, 4318650.143, 107
Trd, 4318650.343, 98
Trd, 4318650.443, 97
Trd, 4318651.193, 65
Trd, 4318651.293, 67
Trd, 4318654.243, 78
Trd, 4318654.743, 133
Trd, 4318655.993, 131
Trd, 4318656.043, 130
Trd, 4318656.743, 121
Trd, 4318656.893, 118
Trd, 4318657.743, 135
Trd, 4318658.593, 139
Trd, 4318659.043, 118
Trd, 4318660.093, 136
Trd, 4318661.193, 87
Trd, 4318661.743, 129
Trd, 4318662.293, 120
Trd, 4318662.743, 94
Trd, 4318663.493, 115
Trd, 4318663.593, 106
Trd, 4318663.693, 84
Trd, 4318664.543, 136
Trd, 4318664.993, 83
Trd, 4318665.693, 140
Trd, 4318666.143, 71
Trd, 4318666.893, 75
Trd, 4318667.043, 70
Trd, 4318668.443, 124
Trd, 4318669.293, 133
Trd, 4318669.693, 123
Trd, 4318670.193, 89
Trd, 4318670.343, 66
Trd, 4318671.593, 64
Trd, 4318672.093, 63
Trd, 4318673.693, 62
Trd, 4318673.943, 62
Trd, 4318674.993, 63
Trd, 4318675.143, 75
Trd, 4318676.243, 80
Trd, 4318677.193, 103
Trd, 4318678.543, 67
Trd, 4318679.843, 63
Trd, 4318679.993, 75
Trd, 4318680.343, 62
Trd, 4318681.393, 73
Trd, 4318682.543, 63
Trd, 4318682.593, 87
Trd, 4318683.443, 93
Trd, 4318683.543, 93
Trd, 4318684.443, 132
Trd, 4318684.493, 125
Trd, 4318685.143, 95
Trd, 4318685.393, 84
Trd, 4318686.093, 92
Trd, 4318686.293, 72
Trd, 4318688.543, 83
Trd, 4318688.643, 91
Trd, 4318689.043, 75
Trd, 4318690.293, 76
Trd, 4318690.443, 110
Trd, 4318692.093, 98
Trd, 4318692.543, 93
Trd, 4318692.693, 108
Trd, 4318693.643, 132
Trd, 4318693.693, 114
Trd, 4318693.993, 138
Trd, 4318694.743, 133
Trd, 4318694.793, 131
Trd, 4318695.243, 83
Trd, 4318696.593, 82
Trd, 4318697.643, 104
Trd, 4318698.643, 60
Trd, 4318698.743, 67
Trd, 4318699.443, 83
Trd, 4318700.343, 132
Trd, 4318700.793, 120
Trd, 4318701.343, 97
Trd, 4318701.943, 95
Trd, 4318702.843, 129
Trd, 4318703.193, 79
Trd, 4318703.593, 129
Trd, 4318704.743, 138
Trd, 4318705.043, 138
Trd, 4318705.093, 115
Trd, 4318706.743, 101
Trd, 4318706.993, 87
Trd, 4318708.993, 99
Trd, 4318709.443, 85
Trd, 4318709.593, 84
Trd, 4318709.843, 96
Trd, 4318710.993, 130
Trd, 4318711.143, 73
Trd, 4318711.693, 72
Trd, 4318712.093, 64
Trd, 4318713.393, 140
Trd, 4318713.743, 132
Trd, 4318714.543, 65
Trd, 4318715.643, 93
Trd, 4318715.743, 92
Trd, 4318717.143, 132
Trd, 4318717.493, 116
Trd, 4318718.743, 63
Trd, 4318719.293, 60
Trd, 4318719.343, 64
Trd, 4318720.343, 132
Trd, 4318720.493, 123
Trd, 4318721.093, 118
Trd, 4318722.643, 122
Trd, 4318723.143, 114
Trd, 4318723.693, 92
Trd, 4318724.443, 91
Trd, 4318725.293, 86
Trd, 4318725.543, 69
Trd, 4318727.043, 140
Trd, 4318727.143, 126
Trd, 4318728.593, 140
Trd, 4318729.343, 140
Trd, 4318730.093, 136
Trd, 4318730.543, 135
Trd, 4318731.543, 115
Trd, 4318731.743, 68
Trd, 4318733.093, 128
Trd, 4318733.193, 120
Trd, 4318733.943, 114
Trd, 4318733.993, 113
Trd, 4318734.593, 138
Trd, 4318734.893, 78
Trd, 4318735.643, 100
Trd, 4318736.143, 74
Trd, 4318737.443, 89
Trd, 4318737.893, 79
Trd, 4318739.143, 140
Trd, 4318739.593, 140
Trd, 4318739.993, 140
Trd, 4318740.593, 138
Trd, 4318741.043, 124
Trd, 4318741.443, 63
Trd, 4318742.093, 87
Trd, 4318742.493, 79
Trd, 4318742.743, 76
Trd, 4318743.143, 86
Trd, 4318743.543, 92
Trd, 4318745.443, 85
Trd, 4318745.843, 92
Trd, 4318746.293, 80
Trd, 4318747.743, 63
Trd, 4318747.793, 73
Trd, 4318748.693, 69
Trd, 4318750.243, 88
Trd, 4318750.343, 67
Trd, 4318750.693, 106
Trd, 4318751.843, 68
Trd, 4318752.543, 140
Trd, 4318752.943, 71
Trd, 4318753.893, 132
Trd, 4318753.943, 131
Trd, 4318755.093, 126
Trd, 4318755.943, 91
Trd, 4318756.393, 89
Trd, 4318756.693, 81
Trd, 4318757.043, 91
Trd, 4318758.143, 135
Trd, 4318759.993, 95
Trd, 4318760.043, 94
Trd, 4318760.193, 92
Trd, 4318760.543, 87
Trd, 4318761.493, 120
Trd, 4318761.593, 80
Trd, 4318762.043, 111
Trd, 4318762.693, 63
Trd, 4318763.043, 80
Trd, 4318764.193, 66
Trd, 4318765.743, 61
Trd, 4318766.893, 74
Trd, 4318766.993, 85
Trd, 4318767.193, 115
Trd, 4318768.193, 61
Trd, 4318768.343, 66
Trd, 4318769.693, 140
Trd, 4318769.993, 140
Trd, 4318770.143, 134
Trd, 4318770.543, 113
Trd, 4318771.643, 77
Trd, 4318771.993, 68
Trd, 4318772.493, 68
Trd, 4318773.193, 140
Trd, 4318774.243, 75
Trd, 4318774.693, 85
Trd, 4318774.993, 95
Trd, 4318776.093, 62
Trd, 4318777.243, 62
Trd, 4318777.693, 65
Trd, 4318778.093, 63
Trd, 4318778.493, 63
Trd, 4318779.643, 90
Trd, 4318780.743, 113
Trd, 4318781.943, 122
Trd, 4318781.993, 106
Trd, 4318783.243, 67
Trd, 4318783.943, 139
Trd, 4318784.243, 129
Trd, 4318784.443, 78
Trd, 4318784.543, 78
Trd, 4318785.243, 114
Trd, 4318785.343, 71
Trd, 4318786.643, 110
Trd, 4318787.143, 73
Trd, 4318789.493, 88
Trd, 4318790.193, 86
Trd, 4318790.843, 104
Trd, 4318791.893, 114
Trd, 4318792.243, 125
Trd, 4318792.843, 98
Trd, 4318793.093, 129
Trd, 4318793.193, 96
Trd, 4318794.343, 61
Trd, 4318794.693, 63
Trd, 4318794.843, 78
Trd, 4318795.593, 77
Trd, 4318796.793, 72
Trd, 4318798.593, 107
Trd, 4318798.843, 85
Trd, 4318799.043, 134
Trd, 4318799.293, 86
Trd, 4318800.043, 110
Trd, 4318801.243, 127
Trd, 4318801.393, 126
Trd, 4318802.093, 140
Trd, 4318802.243, 112
Trd, 4318804.343, 100
Trd, 4318804.643, 84
Trd, 4318805.043, 83
Trd, 4318805.793, 98
Trd, 4318806.343, 98
Trd, 4318806.943, 93
Trd, 4318807.343, 65
Trd, 4318809.343, 60
Trd, 4318809.643, 65
Trd, 4318810.293, 72
Trd, 4318810.393, 90
Trd, 4318810.443, 65
Trd, 4318811.493, 91
Trd, 4318812.393, 63
Trd, 4318812.593, 62
Trd, 4318812.643, 76
Trd, 4318814.543, 75
Trd, 4318814.843, 70
Trd, 4318815.343, 79
Trd, 4318816.293, 81
Trd, 4318816.993, 70
Trd, 4318817.643, 66
Trd, 4318818.493, 91
Trd, 4318819.893, 96
Trd, 4318820.393, 79
Trd, 4318820.443, 72
Trd, 4318820.943, 128
Trd, 4318821.043, 125
Trd, 4318821.693, 99
Trd, 4318821.943, 60
Trd, 4318823.443, 60
Trd, 4318824.793, 61
Trd, 4318825.143, 107
Trd, 4318825.343, 64
Trd, 4318825.393, 119
Trd, 4318825.893, 60
Trd, 4318826.743, 80
Trd, 4318826.893, 105
Trd, 4318828.493, 60
Trd, 4318828.593, 61
Trd, 4318830.343, 69
Trd, 4318830.943, 79
Trd, 4318831.693, 71
Trd, 4318832.093, 70
Trd, 4318832.193, 67
Trd, 4318832.843, 74
Trd, 4318833.143, 88
Trd, 4318833.293, 106
Trd, 4318833.343, 132
Trd, 4318834.293, 67
Trd, 4318835.493, 105
Trd, 4318835.893, 64
Trd, 4318836.443, 60
Trd, 4318837.043, 67
Trd, 4318837.493, 80
Trd, 4318838.793, 77
Trd, 4318839.493, 94
Trd, 4318841.293, 134
Trd, 4318841.693, 135
Trd, 4318842.343, 122
Trd, 4318842.493, 110
Trd, 4318842.743, 81
Trd, 4318842.843, 74
Trd, 4318843.193, 95
Trd, 4318843.343, 102
Trd, 4318843.993, 114
Trd, 4318844.993, 137
Trd, 4318845.493, 66
Trd, 4318846.093, 65
Trd, 4318847.343, 83
Trd, 4318848.643, 60
Trd, 4318849.193, 63
Trd, 4318849.393, 67
Trd, 4318850.393, 68
Trd, 4318850.693, 92
Trd, 4318851.043, 102
Trd, 4318852.293, 95
Trd, 4318853.193, 98
Trd, 4318854.193, 74
Trd, 4318854.393, 78
Trd, 4318854.943, 111
Trd, 4318855.893, 87
Trd, 4318856.943, 60
Trd, 4318857.543, 62
Trd, 4318858.793, 60
Trd, 4318859.343, 82
Trd, 4318861.293, 67
Trd, 4318861.643, 72
Trd, 4318862.243, 61
Trd, 4318862.693, 79
Trd, 4318862.793, 92
Trd, 4318864.193, 65
Trd, 4318864.693, 65
Trd, 4318865.143, 62
Trd, 4318865.793, 67
Trd, 4318866.443, 140
Trd, 4318866.893, 139
Trd, 4318867.143, 136
Trd, 4318868.143, 85
Trd, 4318869.743, 109
Trd, 4318870.143, 108
Trd, 4318870.293, 86
Trd, 4318871.443, 139
Trd, 4318872.643, 130
Trd, 4318872.843, 129
Trd, 4318874.143, 79
Trd, 4318874.493, 105
Trd, 4318875.743, 137
Trd, 4318876.293, 121
Trd, 4318876.493, 113
Trd, 4318877.243, 104
Trd, 4318877.343, 103
Trd, 4318878.143, 135
Trd, 4318878.193, 109
Trd, 4318880.143, 73
Trd, 4318880.293, 93
Trd, 4318881.543, 83
Trd, 4318881.793, 75
Trd, 4318882.943, 105
Trd, 4318883.793, 121
Trd, 4318883.843, 128
Trd, 4318884.293, 120
Trd, 4318884.393, 68
Trd, 4318884.793, 85
Trd, 4318885.543, 126
Trd, 4318886.743, 114
Trd, 4318886.993, 121
Trd, 4318887.393, 121
Trd, 4318888.493, 97
Trd, 4318888.543, 95
Trd, 4318888.643, 90
Trd, 4318888.993, 134
Trd, 4318889.843, 65
Trd, 4318891.193, 106
Trd, 4318892.643, 104
Trd, 4318892.743, 103
Trd, 4318893.343, 108
Trd, 4318893.393, 85
Trd, 4318894.193, 101
Trd, 4318895.693, 140
Trd, 4318896.693, 140
Trd, 4318897.093, 129
Trd, 4318897.443, 114
Trd, 4318897.943, 93
Trd, 4318898.643, 140
Trd, 4318899.093, 118
Trd, 4318899.843, 60
Trd, 4318900.443, 63
Trd, 4318900.543, 110
Trd, 4318900.993, 131
Trd, 4318901.443, 115
Trd, 4318901.843, 73
Trd, 4318903.043, 67
Trd, 4318904.643, 95
Trd, 4318906.193, 77
Trd, 4318906.393, 77
Trd, 4318906.693, 139
Trd, 4318907.193, 120
Trd, 4318907.743, 136
Trd, 4318908.143, 93
Trd, 4318908.543, 108
Trd, 4318908.793, 107
Trd, 4318910.093, 108
Trd, 4318910.343, 125
Trd, 4318911.093, 110
Trd, 4318911.143, 109
Trd, 4318912.093, 77
Trd, 4318914.293, 138
Trd, 4318914.543, 132
Trd, 4318914.643, 123
Trd, 4318914.793, 82
Trd, 4318916.243, 74
Trd, 4318916.893, 136
Trd, 4318917.443, 99
Trd, 4318918.143, 91
Trd, 4318919.043, 80
Trd, 4318919.443, 102
Trd, 4318919.643, 121
Trd, 4318920.843, 133
Trd, 4318921.543, 109
Trd, 4318921.993, 131
Trd, 4318922.893, 65
Trd, 4318924.293, 140
Trd, 4318924.943, 120
Trd, 4318925.943, 81
Trd, 4318926.743, 95
Trd, 4318928.393, 93
Trd, 4318928.593, 92
Trd, 4318929.243, 103
Trd, 4318929.343, 102
Trd, 4318929.443, 66
Trd, 4318930.043, 62
Trd, 4318930.793, 70
Trd, 4318931.043, 139
Trd, 4318931.843, 69
Trd, 4318932.593, 78
Trd, 4318932.793, 115
Trd, 4318934.243, 104
Trd, 4318934.443, 84
Trd, 4318935.043, 108
Trd, 4318935.343, 140
Trd, 4318937.543, 64
Trd, 4318938.343, 75
Trd, 4318939.043, 100
Trd, 4318939.343, 65
Trd, 4318939.893, 121
Trd, 4318940.193, 62
Trd, 4318941.243, 127
Trd, 4318941.793, 62
Trd, 4318942.093, 107
Trd, 4318942.643, 69
Trd, 4318942.893, 68
Trd, 4318943.743, 64
Trd, 4318945.043, 67
Trd, 4318945.793, 137
Trd, 4318946.343, 79
Trd, 4318946.943, 120
Trd, 4318947.743, 61
Trd, 4318947.843, 121
Trd, 4318948.343, 107
Trd, 4318948.843, 61
Trd, 4318949.343, 65
Trd, 4318950.443, 61
Trd, 4318951.093, 60
Trd, 4318951.493, 74
Trd, 4318952.393, 70
Trd, 4318952.993, 74
Trd, 4318953.743, 65
Trd, 4318955.493, 138
Trd, 4318955.743, 136
Trd, 4318955.993, 133
Trd, 4318956.593, 126
Trd, 4318957.043, 82
Trd, 4318957.343, 80
Trd, 4318958.093, 60
Trd, 4318958.143, 68
Trd, 4318960.943, 63
Trd, 4318960.993, 110
Trd, 4318961.093, 62
Trd, 4318961.593, 110
Trd, 4318962.043, 62
Trd, 4318962.743, 125
Trd, 4318963.193, 124
Trd, 4318963.793, 84
Trd, 4318964.093, 140
Trd, 4318964.893, 69
Trd, 4318964.943, 64
Trd, 4318966.243, 73
Trd, 4318966.643, 81
Trd, 4318967.043, 60
Trd, 4318967.843, 105
Trd, 4318968.093, 111
Trd, 4318969.443, 61
Trd, 4318970.743, 65
Trd, 4318971.343, 74
Trd, 4318971.443, 78
Trd, 4318972.793, 136
Trd, 4318972.893, 137
Trd, 4318972.993, 134
Trd, 4318973.743, 80
Trd, 4318975.543, 116
Trd, 4318976.293, 80
Trd, 4318976.493, 76
Trd, 4318976.843, 66
Trd, 4318977.343, 68
Trd, 4318978.193, 64
Trd, 4318978.393, 70
Trd, 4318978.943, 60
Trd, 4318979.543, 121
Trd, 4318979.893, 63
Trd, 4318980.443, 136
Trd, 4318980.793, 140
Trd, 4318981.593, 99
Trd, 4318982.393, 71
Trd, 4318982.493, 65
Trd, 4318982.643, 79
Trd, 4318983.993, 118
Trd, 4318984.793, 117
Trd, 4318985.793, 63
Trd, 4318986.843, 117
Trd, 4318987.143, 113
Trd, 4318987.843, 128
Trd, 4318987.943, 127
Trd, 4318988.643, 121
Trd, 4318990.243, 125
Trd, 4318990.793, 140
Trd, 4318992.393, 134
Trd, 4318992.793, 124
Trd, 4318993.643, 114
Trd, 4318995.293, 117
Trd, 4318995.643, 132
Trd, 4318995.743, 106
Trd, 4318996.043, 133
Trd, 4318996.843, 67
Trd, 4318996.993, 73
Trd, 4318997.243, 78
Trd, 4318998.543, 72
Trd, 4319000.243, 126
Trd, 4319000.293, 125
Trd, 4319000.443, 115
Trd, 4319000.993, 140
Trd, 4319001.193, 140
Trd, 4319001.843, 62
Trd, 4319002.143, 78
Trd, 4319002.943, 117
Trd, 4319003.493, 130
Trd, 4319004.093, 100
Trd, 4319005.143, 124
Trd, 4319006.043, 92
Trd, 4319006.843, 139
Trd, 4319006.993, 103
Trd, 4319007.793, 63
Trd, 4319008.293, 139
Trd, 4319009.293, 91
Trd, 4319011.293, 138
Trd, 4319011.443, 137
Trd, 4319011.793, 132
Trd, 4319012.443, 135
Trd, 4319012.593, 120
Trd, 4319012.693, 103
Trd, 4319013.193, 102
Trd, 4319013.743, 129
Trd, 4319014.193, 123
Trd, 4319015.593, 101
Trd, 4319016.343, 136
Trd, 4319016.393, 99
Trd, 4319016.993, 134
Trd, 4319017.593, 96
Trd, 4319017.793, 95
Trd, 4319019.943, 134
Trd, 4319020.493, 140
Trd, 4319020.743, 122
Trd, 4319021.443, 125
Trd, 4319021.643, 77
Trd, 4319022.143, 70
Trd, 4319022.793, 68
Trd, 4319022.943, 102
Trd, 4319023.743, 77
Trd, 4319024.793, 69
Trd, 4319025.093, 116
Trd, 4319025.693, 84
Trd, 4319026.293, 60
Trd, 4319027.093, 70
Trd, 4319029.543, 66
Trd, 4319030.643, 62
Trd, 4319030.743, 74
Trd, 4319031.343, 78
Trd, 4319031.743, 83
Trd, 4319031.993, 88
Trd, 4319033.943, 61
Trd, 4319034.793, 63
Trd, 4319035.043, 79
Trd, 4319035.743, 65
Trd, 4319036.743, 104
Trd, 4319037.293, 63
Trd, 4319038.043, 90
Trd, 4319038.493, 75
Trd, 4319039.093, 89
Trd, 4319039.593, 108
Trd, 4319040.443, 68
Trd, 4319041.443, 106
Trd, 4319041.893, 127
Trd, 4319041.993, 118
Trd, 4319043.193, 75
Trd, 4319043.393, 73
Trd, 4319043.993, 74
Trd, 4319044.743, 100
Trd, 4319045.093, 120
Trd, 4319045.743, 119
Trd, 4319045.793, 74
Trd, 4319046.593, 71
Trd, 4319049.143, 60
Trd, 4319049.243, 63
Trd, 4319049.643, 123
Trd, 4319049.943, 94
Trd, 4319049.993, 80
Trd, 4319050.793, 127
Trd, 4319051.543, 115
Trd, 4319051.643, 110
Trd, 4319052.193, 100
Trd, 4319052.743, 71
Trd, 4319053.393, 80
Trd, 4319054.593, 124
Trd, 4319054.943, 139
Trd, 4319055.343, 136
Trd, 4319055.443, 98
Trd, 4319056.993, 96
Trd, 4319057.493, 112
Trd, 4319058.093, 91
Trd, 4319058.293, 77
Trd, 4319058.993, 87
Trd, 4319060.193, 64
Trd, 4319060.243, 86
Trd, 4319061.593, 112
Trd, 4319062.343, 94
Trd, 4319062.593, 73
Trd, 4319063.743, 61
Trd, 4319064.143, 62
Trd, 4319065.443, 108
Trd, 4319065.993, 138
Trd, 4319066.743, 65
Trd, 4319066.843, 105
Trd, 4319067.693, 96
Trd, 4319067.893, 104
Trd, 4319069.093, 67
Trd, 4319069.943, 84
Trd, 4319070.343, 64
Trd, 4319071.043, 70
Trd, 4319071.243, 68
Trd, 4319071.543, 95
Trd, 4319072.243, 80
Trd, 4319072.943, 130
Trd, 4319073.043, 72
Trd, 4319073.343, 119
Trd, 4319074.443, 63
Trd, 4319075.693, 87
Trd, 4319076.343, 89
Trd, 4319076.843, 79
Trd, 4319076.893, 76
Trd, 4319077.643, 62
Trd, 4319077.893, 85
Trd, 4319078.493, 84
Trd, 4319078.643, 137
Trd, 4319078.943, 90
Trd, 4319079.343, 98
Trd, 4319080.193, 140
Trd, 4319081.143, 65
Trd, 4319081.443, 95
Trd, 4319082.893, 61
Trd, 4319083.243, 80
Trd, 4319084.443, 81
Trd, 4319084.693, 81
Trd, 4319084.943, 140
Trd, 4319085.193, 84
Trd, 4319086.893, 87
Trd, 4319087.893, 120
Trd, 4319088.293, 119
Trd, 4319088.893, 86
Trd, 4319089.293, 62
Trd, 4319090.043, 67
Trd, 4319090.193, 100
Trd, 4319090.543, 115
Trd, 4319090.593, 129
Trd, 4319091.393, 60
Trd, 4319093.243, 104
Trd, 4319093.793, 66
Trd, 4319094.443, 140
Trd, 4319096.243, 105
Trd, 4319096.593, 124
Trd, 4319096.893, 104
Trd, 4319097.743, 103
Trd, 4319099.093, 60
Trd, 4319099.143, 62
Trd, 4319099.343, 76
Trd, 4319099.793, 111
Trd, 4319099.993, 120
Trd, 4319101.743, 114
Trd, 4319101.893, 99
Trd, 4319102.893, 93
Trd, 4319103.343, 91
Trd, 4319103.493, 75
Trd, 4319103.693, 100
Trd, 4319105.793, 96
Trd, 4319106.493, 135
Trd, 4319107.143, 60
Trd, 4319107.243, 99
Trd, 4319108.093, 140
Trd, 4319108.593, 140
Trd, 4319108.693, 140
Trd, 4319109.343, 102
Trd, 4319109.593, 74
Trd, 4319110.643, 69
Trd, 4319110.743, 116
Trd, 4319111.943, 89
Trd, 4319113.243, 108
Trd, 4319113.543, 62
Trd, 4319113.943, 129
Trd, 4319114.443, 99
Trd, 4319115.593, 87
Trd, 4319116.193, 99
Trd, 4319116.643, 76
Trd, 4319117.193, 94
Trd, 4319118.143, 63
Trd, 4319118.393, 62
Trd, 4319119.043, 71
Trd, 4319119.293, 75
Trd, 4319119.543, 92
Trd, 4319119.743, 75
Trd, 4319120.593, 92
Trd, 4319121.393, 131
Trd, 4319121.993, 82
Trd, 4319123.593, 71
Trd, 4319125.493, 122
Trd, 4319125.693, 121
Trd, 4319125.743, 106
Trd, 4319126.243, 125
Trd, 4319127.543, 129
Trd, 4319127.843, 129
Trd, 4319128.343, 106
Trd, 4319128.493, 120
Trd, 4319128.593, 106
Trd, 4319128.743, 93
Trd, 4319129.993, 91
Trd, 4319130.693, 85
Trd, 4319130.743, 91
Trd, 4319131.943, 139
Trd, 4319132.143, 74
Trd, 4319133.593, 114
Trd, 4319133.843, 91
Trd, 4319134.643, 87
Trd, 4319135.243, 87
Trd, 4319135.393, 96
Trd, 4319135.543, 76
Trd, 4319137.843, 64
Trd, 4319138.093, 81
Trd, 4319138.643, 88
Trd, 4319138.743, 91
Trd, 4319140.843, 103
Trd, 4319141.493, 97
Trd, 4319141.893, 96
Trd, 4319142.443, 139
Trd, 4319142.593, 112
Trd, 4319142.893, 78
Trd, 4319143.843, 133
Trd, 4319144.293, 138
Trd, 4319144.543, 114
Trd, 4319145.093, 78
Trd, 4319146.593, 136
Trd, 4319147.893, 140
Trd, 4319148.443, 140
Trd, 4319148.493, 114
Trd, 4319148.543, 102
Trd, 4319149.293, 95
Trd, 4319149.893, 71
Trd, 4319150.743, 131
Trd, 4319151.993, 107
Trd, 4319152.243, 104
Trd, 4319152.443, 95
Trd, 4319152.793, 94
Trd, 4319153.593, 117
Trd, 4319153.993, 110
Trd, 4319154.143, 137
Trd, 4319155.993, 140
Trd, 4319156.043, 138
Trd, 4319156.543, 124
Trd, 4319156.793, 97
Trd, 4319157.693, 110
Trd, 4319158.043, 94
Trd, 4319158.593, 74
Trd, 4319159.443, 92
Trd, 4319159.743, 73
Trd, 4319160.643, 62
Trd, 4319161.443, 138
Trd, 4319161.693, 137
Trd, 4319162.093, 95
Trd, 4319163.893, 112
Trd, 4319164.343, 138
Trd, 4319165.043, 124
Trd, 4319165.093, 101
Trd, 4319166.593, 77
Trd, 4319167.143, 93
Trd, 4319167.393, 94
Trd, 4319167.693, 70
Trd, 4319168.543, 69
Trd, 4319169.743, 65
Trd, 4319171.293, 69
Trd, 4319171.743, 88
Trd, 4319171.943, 110
Trd, 4319172.393, 66
Trd, 4319174.543, 88
Trd, 4319175.293, 89
Trd, 4319175.693, 87
Trd, 4319175.943, 87
Trd, 4319176.293, 86
Trd, 4319176.593, 139
Trd, 4319178.643, 100
Trd, 4319179.143, 123
Trd, 4319179.493, 114
Trd, 4319179.693, 92
Trd, 4319180.143, 87
Trd, 4319180.493, 97
Trd, 4319181.393, 103
Trd, 4319182.143, 75
Trd, 4319183.543, 97
Trd, 4319183.593, 96
Trd, 4319183.693, 95
Trd, 4319184.643, 67
Trd, 4319185.443, 63
Trd, 4319185.793, 94
Trd, 4319187.243, 103
Trd, 4319187.543, 99
Trd, 4319187.943, 65
Trd, 4319188.243, 68
Trd, 4319188.343, 94
Trd, 4319189.943, 71
Trd, 4319190.443, 70
Trd, 4319190.493, 77
Trd, 4319191.343, 135
Trd, 4319191.893, 111
Trd, 4319192.093, 89
Trd, 4319193.693, 89
Trd, 4319194.393, 120
Trd, 4319195.193, 87
Trd, 4319196.093, 85
Trd, 4319196.843, 127
Trd, 4319197.043, 106
Trd, 4319197.843, 66
Trd, 4319198.193, 113
Trd, 4319198.893, 65
Trd, 4319200.093, 68
Trd, 4319200.493, 97
Trd, 4319200.793, 65
Trd, 4319201.643, 89
Trd, 4319202.543, 115
Trd, 4319202.593, 123
Trd, 4319202.893, 107
Trd, 4319203.893, 110
Trd, 4319205.043, 131
Trd, 4319205.793, 120
Trd, 4319206.943, 104
Trd, 4319208.543, 140
Trd, 4319208.843, 140
Trd, 4319209.143, 124
Trd, 4319209.393, 109
Trd, 4319209.443, 73
Trd, 4319210.843, 121
Trd, 4319211.793, 140
Trd, 4319211.993, 129
Trd, 4319212.643, 113
Trd, 4319212.993, 101
Trd, 4319214.143, 98
Trd, 4319214.193, 111
Trd, 4319215.293, 87
Trd, 4319215.643, 137
Trd, 4319216.343, 70
Trd, 4319216.493, 80
Trd, 4319217.893, 86
Trd, 4319219.343, 95
Trd, 4319219.543, 110
Trd, 4319220.393, 133
Trd, 4319221.343, 139
Trd, 4319221.543, 105
Trd, 4319221.743, 76
Trd, 4319222.293, 75
Trd, 4319222.793, 72
Trd, 4319224.393, 139
Trd, 4319224.843, 119
Trd, 4319225.643, 83
Trd, 4319225.843, 83
Trd, 4319227.143, 140
Trd, 4319227.493, 105
Trd, 4319228.043, 91
Trd, 4319228.443, 68
Trd, 4319229.693, 60
Trd, 4319229.793, 107
Trd, 4319230.793, 131
Trd, 4319231.043, 89
Trd, 4319231.693, 118
Trd, 4319232.643, 77
Trd, 4319232.993, 78
Trd, 4319233.893, 73
Trd, 4319234.093, 72
Trd, 4319234.843, 103
Trd, 4319235.893, 140
Trd, 4319236.643, 108
Trd, 4319236.793, 72
Trd, 4319237.743, 93
Trd, 4319238.443, 126
Trd, 4319238.543, 125
Trd, 4319239.543, 98
Trd, 4319239.743, 92
Trd, 4319240.143, 69
Trd, 4319242.393, 63
Trd, 4319244.343, 62
Trd, 4319244.793, 86
Trd, 4319245.343, 94
Trd, 4319245.743, 96
Trd, 4319246.343, 102
Trd, 4319246.443, 102
Trd, 4319246.593, 98
Trd, 4319246.993, 97
Trd, 4319248.043, 107
Trd, 4319248.243, 129
Trd, 4319248.293, 106
Trd, 4319248.743, 63
Trd, 4319249.643, 116
Trd, 4319251.093, 140
Trd, 4319251.243, 140
Trd, 4319251.643, 135
Trd, 4319252.493, 106
Trd, 4319253.043, 114
Trd, 4319253.293, 134
Trd, 4319253.993, 86
Trd, 4319254.843, 86
Trd, 4319254.993, 82
Trd, 4319255.943, 83
Trd, 4319257.293, 129
Trd, 4319257.793, 93
Trd, 4319257.893, 78
Trd, 4319257.943, 137
Trd, 4319259.893, 139
Trd, 4319260.293, 136
Trd, 4319260.593, 125
Trd, 4319261.293, 124
Trd, 4319261.443, 103
Trd, 4319262.093, 122
Trd, 4319262.743, 119
Trd, 4319263.043, 139
Trd, 4319264.643, 84
Trd, 4319264.943, 88
Trd, 4319265.843, 90
Trd, 4319267.643, 68
Trd, 4319268.093, 66
Trd, 4319268.543, 86
Trd, 4319269.243, 69
Trd, 4319270.193, 138
Trd, 4319270.743, 111
Trd, 4319271.193, 111
Trd, 4319271.543, 89
Trd, 4319271.593, 86
Trd, 4319272.843, 139
Trd, 4319273.943, 130
Trd, 4319274.743, 124
Trd, 4319274.793, 123
Trd, 4319275.393, 113
Trd, 4319276.993, 64
Trd, 4319277.043, 129
Trd, 4319277.543, 62
Trd, 4319277.643, 67
Trd, 4319278.093, 73
Trd, 4319278.693, 113
Trd, 4319279.193, 80
Trd, 4319280.493, 64
Trd, 4319281.493, 73
Trd, 4319281.743, 74
Trd, 4319282.093, 70
Trd, 4319283.593, 74
Trd, 4319284.143, 76
Trd, 4319284.643, 88
Trd, 4319285.243, 77
Trd, 4319286.293, 106
Trd, 4319286.593, 97
Trd, 4319286.643, 63
Trd, 4319287.693, 130
Trd, 4319289.043, 140
Trd, 4319290.093, 126
Trd, 4319290.493, 126
Trd, 4319290.843, 120
Trd, 4319290.943, 76
Trd, 4319291.593, 98
Trd, 4319292.193, 78
Trd, 4319292.493, 76
Trd, 4319293.793, 91
Trd, 4319294.893, 119
Trd, 4319295.593, 120
Trd, 4319296.793, 138
Trd, 4319296.943, 137
Trd, 4319297.043, 117
Trd, 4319297.643, 98
Trd, 4319298.643, 102
Trd, 4319298.943, 96
Trd, 4319299.243, 94
Trd, 4319299.593, 117
Trd, 4319300.743, 99
Trd, 4319301.293, 100
Trd, 4319301.493, 92
Trd, 4319301.843, 140
Trd, 4319302.043, 72
Trd, 4319302.093, 72
Trd, 4319303.143, 62
Trd, 4319304.393, 91
Trd, 4319305.093, 104
Trd, 4319306.493, 102
Trd, 4319306.993, 93
Trd, 4319307.843, 68
Trd, 4319308.593, 72
Trd, 4319308.693, 68
Trd, 4319309.143, 123
Trd, 4319309.243, 128
Trd, 4319310.093, 111
Trd, 4319310.693, 95
Trd, 4319311.943, 61
Trd, 4319312.043, 66
Trd, 4319312.593, 80
Trd, 4319312.743, 96
Trd, 4319314.443, 65
Trd, 4319314.543, 97
Trd, 4319315.193, 62
Trd, 4319315.493, 67
Trd, 4319315.893, 77
Trd, 4319317.193, 82
Trd, 4319318.093, 125
Trd, 4319318.693, 125
Trd, 4319319.293, 127
Trd, 4319319.993, 100
Trd, 4319321.143, 112
Trd, 4319321.693, 126
Trd, 4319321.793, 101
Trd, 4319322.493, 140
Trd, 4319322.593, 119
Trd, 4319323.193, 104
Trd, 4319324.043, 99
Trd, 4319324.143, 107
Trd, 4319325.343, 123
Trd, 4319325.893, 133
Trd, 4319326.493, 131
Trd, 4319327.043, 116
Trd, 4319327.293, 122
Trd, 4319327.443, 93
Trd, 4319327.543, 133
Trd, 4319328.593, 109
Trd, 4319328.693, 76
Trd, 4319329.643, 101
Trd, 4319329.943, 103
Trd, 4319330.693, 96
Trd, 4319331.443, 86
Trd, 4319331.543, 97
Trd, 4319332.743, 124
Trd, 4319332.843, 122
Trd, 4319332.993, 118
Trd, 4319334.143, 107
Trd, 4319334.593, 110
Trd, 4319335.343, 104
Trd, 4319336.493, 113
Trd, 4319336.543, 112
Trd, 4319337.343, 120
Trd, 4319338.143, 140
Trd, 4319338.743, 139
Trd, 4319339.143, 132
Trd, 4319339.443, 112
Trd, 4319340.643, 94
Trd, 4319340.943, 60
Trd, 4319341.443, 85
Trd, 4319342.343, 64
Trd, 4319342.643, 93
Trd, 4319343.143, 107
Trd, 4319344.643, 86
Trd, 4319345.593, 102
Trd, 4319345.993, 107
Trd, 4319346.993, 61
Trd, 4319347.243, 61
Trd, 4319347.393, 61
Trd, 4319347.443, 92
Trd, 4319349.393, 140
Trd, 4319349.493, 140
Trd, 4319350.793, 132
Trd, 4319351.693, 139
Trd, 4319351.843, 124
Trd, 4319352.093, 116
Trd, 4319352.593, 120
Trd, 4319353.293, 66
Trd, 4319353.693, 61
Trd, 4319355.243, 94
Trd, 4319355.543, 99
Trd, 4319355.893, 61
Trd, 4319357.393, 64
Trd, 4319358.143, 68
Trd, 4319358.393, 76
Trd, 4319358.693, 77
Trd, 4319360.043, 121
Trd, 4319360.243, 85
Trd, 4319360.893, 81
Trd, 4319361.643, 67
Trd, 4319363.093, 140
Trd, 4319363.193, 140
Trd, 4319363.243, 140
Trd, 4319363.293, 139
Trd, 4319364.093, 123
Trd, 4319364.343, 110
Trd, 4319364.693, 100
Trd, 4319365.343, 77
Trd, 4319366.793, 92
Trd, 4319367.543, 91
Trd, 4319367.693, 88
Trd, 4319368.193, 63
Trd, 4319368.693, 84
Trd, 4319368.843, 82
Trd, 4319370.443, 140
Trd, 4319371.343, 140
Trd, 4319371.793, 107
Trd, 4319372.643, 107
Trd, 4319372.993, 106
Trd, 4319373.943, 140
Trd, 4319374.993, 104
Trd, 4319375.343, 137
Trd, 4319375.943, 84
Trd, 4319376.043, 113
Trd, 4319376.543, 75
Trd, 4319376.643, 66
Trd, 4319378.693, 64
Trd, 4319379.443, 140
Trd, 4319380.093, 139
Trd, 4319380.193, 138
Trd, 4319380.693, 119
Trd, 4319382.193, 132
Trd, 4319382.693, 133
Trd, 4319382.993, 96
Trd, 4319383.843, 140
Trd, 4319384.693, 140
Trd, 4319386.293, 137
Trd, 4319386.543, 120
Trd, 4319386.693, 119
Trd, 4319387.093, 134
Trd, 4319387.843, 128
Trd, 4319389.043, 70
Trd, 4319389.343, 76
Trd, 4319390.543, 108
Trd, 4319391.443, 89
Trd, 4319391.843, 73
Trd, 4319392.643, 81
Trd, 4319393.893, 61
Trd, 4319394.043, 64
Trd, 4319394.543, 98
Trd, 4319394.643, 63
Trd, 4319395.543, 82
Trd, 4319396.193, 70
Trd, 4319397.043, 71
Trd, 4319397.643, 81
Trd, 4319397.743, 100
Trd, 4319398.743, 60
Trd, 4319398.993, 74
Trd, 4319399.193, 80
Trd, 4319399.943, 94
Trd, 4319401.193, 64
Trd, 4319403.093, 66
Trd, 4319403.743, 75
Trd, 4319403.793, 66
Trd, 4319403.943, 93
Trd, 4319404.293, 77
Trd, 4319404.343, 115
Trd, 4319404.943, 97
Trd, 4319405.043, 103
Trd, 4319406.143, 82
Trd, 4319406.893, 140
Trd, 4319407.243, 140
Trd, 4319408.093, 130
Trd, 4319408.393, 115
Trd, 4319409.293, 118
Trd, 4319409.543, 89
Trd, 4319410.743, 108
Trd, 4319411.193, 139
Trd, 4319412.143, 76
Trd, 4319412.893, 94
Trd, 4319414.993, 115
Trd, 4319415.043, 96
Trd, 4319415.393, 135
Trd, 4319415.743, 110
Trd, 4319415.893, 95
Trd, 4319415.993, 86
Trd, 4319416.393, 87
Trd, 4319417.093, 113
Trd, 4319417.643, 73
Trd, 4319417.893, 103
Trd, 4319419.793, 138
Trd, 4319420.493, 139
Trd, 4319420.743, 134
Trd, 4319421.143, 133
Trd, 4319422.543, 139
Trd, 4319422.993, 120
Trd, 4319424.293, 140
Trd, 4319424.893, 140
Trd, 4319425.693, 132
Trd, 4319425.743, 129
Trd, 4319426.193, 65
Trd, 4319426.843, 137
Trd, 4319426.993, 83
Trd, 4319427.843, 73
Trd, 4319428.493, 114
Trd, 4319429.193, 69
Trd, 4319431.043, 68
Trd, 4319431.743, 60
Trd, 4319431.793, 78
Trd, 4319433.293, 65
Trd, 4319433.543, 64
Trd, 4319435.093, 62
Trd, 4319435.793, 62
Trd, 4319436.393, 76
Trd, 4319436.443, 80
Trd, 4319437.693, 81
Trd, 4319438.493, 74
Trd, 4319439.043, 105
Trd, 4319439.193, 108
Trd, 4319439.243, 62
Trd, 4319439.893, 88
Trd, 4319439.993, 95
Trd, 4319440.343, 120
Trd, 4319442.393, 132
Trd, 4319442.593, 131
Trd, 4319443.493, 140
Trd, 4319443.743, 75
Trd, 4319444.193, 73
Trd, 4319444.593, 84
Trd, 4319445.193, 134
Trd, 4319446.143, 89
Trd, 4319447.993, 78
Trd, 4319449.043, 138
Trd, 4319449.343, 121
Trd, 4319449.393, 95
Trd, 4319449.693, 69
Trd, 4319450.743, 102
Trd, 4319451.243, 87
Trd, 4319451.843, 83
Trd, 4319451.993, 69
Trd, 4319452.243, 76
Trd, 4319453.493, 121
Trd, 4319454.343, 75
Trd, 4319454.943, 83
Trd, 4319455.093, 75
Trd, 4319455.143, 84
Trd, 4319455.343, 73
Trd, 4319457.093, 76
Trd, 4319458.443, 119
Trd, 4319458.693, 76
Trd, 4319458.843, 85
Trd, 4319459.593, 118
Trd, 4319460.093, 78
Trd, 4319460.443, 76
Trd, 4319460.593, 75
Trd, 4319461.093, 62
Trd, 4319461.443, 122
Trd, 4319462.843, 140
Trd, 4319463.193, 107
Trd, 4319463.443, 85
Trd, 4319463.543, 123
Trd, 4319464.543, 110
Trd, 4319464.993, 110
Trd, 4319465.093, 108
Trd, 4319465.743, 67
Trd, 4319467.493, 88
Trd, 4319467.793, 95
Trd, 4319469.143, 119
Trd, 4319469.593, 81
Trd, 4319470.043, 97
Trd, 4319470.243, 74
Trd, 4319470.443, 73
Trd, 4319470.993, 61
Trd, 4319471.443, 78
Trd, 4319471.793, 92
Trd, 4319472.143, 123
Trd, 4319473.443, 107
Trd, 4319474.093, 133
Trd, 4319474.543, 138
Trd, 4319474.643, 137
Trd, 4319475.693, 63
Trd, 4319476.043, 88
Trd, 4319476.643, 121
Trd, 4319478.143, 115
Trd, 4319478.393, 89
Trd, 4319481.043, 63
Trd, 4319481.143, 78
Trd, 4319482.243, 88
Trd, 4319482.693, 134
Trd, 4319483.043, 81
Trd, 4319483.293, 84
Trd, 4319484.243, 60
Trd, 4319484.793, 67
Trd, 4319485.593, 64
Trd, 4319485.793, 80
Trd, 4319486.743, 85
Trd, 4319487.643, 85
Trd, 4319487.943, 140
Trd, 4319488.493, 121
Trd, 4319489.143, 109
Trd, 4319489.393, 119
Trd, 4319489.743, 114
Trd, 4319490.843, 140
Trd, 4319491.443, 129
Trd, 4319491.593, 110
Trd, 4319491.793, 99
Trd, 4319492.643, 117
Trd, 4319492.943, 139
Trd, 4319493.693, 88
Trd, 4319494.543, 101
Trd, 4319494.693, 91
Trd, 4319495.993, 137
Trd, 4319496.843, 133
Trd, 4319496.893, 126
Trd, 4319497.993, 121
Trd, 4319498.643, 61
Trd, 4319499.093, 99
Trd, 4319499.893, 139
Trd, 4319500.943, 80
Trd, 4319501.193, 95
Trd, 4319502.043, 106
Trd, 4319502.143, 90
Trd, 4319502.193, 117
Trd, 4319502.893, 62
Trd, 4319503.793, 99
Trd, 4319504.793, 113
Trd, 4319505.943, 114
Trd, 4319506.593, 114
Trd, 4319507.093, 117
Trd, 4319507.643, 95
Trd, 4319508.243, 79
Trd, 4319508.493, 133
Trd, 4319508.793, 111
Trd, 4319510.843, 135
Trd, 4319510.993, 140
Trd, 4319512.193, 124
Trd, 4319512.493, 114
Trd, 4319512.643, 108
Trd, 4319512.943, 84
Trd, 4319513.743, 111
Trd, 4319514.193, 111
Trd, 4319514.393, 99
Trd, 4319514.593, 140
Trd, 4319514.693, 77
Trd, 4319515.293, 83
Trd, 4319516.143, 103
Trd, 4319517.443, 140
Trd, 4319518.643, 69
Trd, 4319518.793, 78
Trd, 4319520.293, 111
Trd, 4319521.043, 128
Trd, 4319521.193, 127
Trd, 4319521.493, 129
Trd, 4319522.293, 120
Trd, 4319523.493, 126
Trd, 4319523.693, 99
Trd, 4319524.143, 89
Trd, 4319525.343, 109
Trd, 4319525.893, 88
Trd, 4319526.293, 63
Trd, 4319527.393, 139
Trd, 4319527.993, 87
Trd, 4319528.543, 89
Trd, 4319528.893, 114
Trd, 4319529.293, 117
Trd, 4319530.593, 139
Trd, 4319531.293, 125
Trd, 4319531.743, 123
Trd, 4319532.193, 129
Trd, 4319532.293, 92
Trd, 4319533.143, 98
Trd, 4319533.643, 85
Trd, 4319534.343, 79
Trd, 4319535.393, 81
Trd, 4319536.043, 89
Trd, 4319536.343, 76
Trd, 4319537.193, 109
Trd, 4319538.893, 93
Trd, 4319539.493, 93
Trd, 4319539.643, 91
Trd, 4319540.693, 67
Trd, 4319541.343, 70
Trd, 4319541.493, 71
Trd, 4319541.893, 138
Trd, 4319542.093, 64
Trd, 4319542.893, 60
Trd, 4319542.993, 108
Trd, 4319543.593, 113
Trd, 4319543.743, 107
Trd, 4319544.343, 66
Trd, 4319545.243, 90
Trd, 4319546.893, 60
Trd, 4319547.643, 63
Trd, 4319549.193, 85
Trd, 4319549.393, 91
Trd, 4319549.743, 81
Trd, 4319549.943, 82
Trd, 4319550.143, 100
Trd, 4319550.393, 73
Trd, 4319550.693, 74
Trd, 4319551.093, 72
Trd, 4319552.643, 137
Trd, 4319552.943, 107
Trd, 4319553.293, 118
Trd, 4319553.843, 140
Trd, 4319554.243, 140
Trd, 4319555.093, 80
Trd, 4319556.893, 62
Trd, 4319558.243, 67
Trd, 4319558.743, 94
Trd, 4319559.043, 93
Trd, 4319559.743, 85
Trd, 4319561.893, 139
Trd, 4319562.093, 139
Trd, 4319562.293, 139
Trd, 4319562.643, 123
Trd, 4319562.793, 106
Trd, 4319564.443, 103
Trd, 4319564.693, 102
Trd, 4319565.443, 86
Trd, 4319566.493, 70
Trd, 4319566.943, 87
Trd, 4319567.393, 108
Trd, 4319567.493, 69
Trd, 4319568.443, 139
Trd, 4319568.743, 119
Trd, 4319568.793, 114
Trd, 4319569.643, 127
Trd, 4319570.143, 121
Trd, 4319570.993, 100
Trd, 4319572.293, 92
Trd, 4319572.843, 62
Trd, 4319573.793, 109
Trd, 4319574.093, 122
Trd, 4319575.793, 67
Trd, 4319575.893, 78
Trd, 4319576.143, 104
Trd, 4319576.893, 64
Trd, 4319576.993, 62
Trd, 4319577.443, 72
Trd, 4319577.493, 110
Trd, 4319579.493, 124
Trd, 4319579.643, 86
Trd, 4319580.293, 131
Trd, 4319581.143, 140
Trd, 4319581.793, 114
Trd, 4319582.493, 124
Trd, 4319582.843, 122
Trd, 4319583.643, 109
Trd, 4319584.143, 119
Trd, 4319584.293, 87
Trd, 4319585.143, 101
Trd, 4319585.293, 123
Trd, 4319586.443, 101
Trd, 4319586.843, 85
Trd, 4319586.993, 115
Trd, 4319587.793, 105
Trd, 4319587.993, 117
Trd, 4319588.843, 137
Trd, 4319589.543, 106
Trd, 4319591.993, 60
Trd, 4319592.343, 61
Trd, 4319592.393, 62
Trd, 4319592.643, 84
Trd, 4319593.443, 87
Trd, 4319594.493, 116
Trd, 4319594.543, 115
Trd, 4319594.643, 114
Trd, 4319595.643, 60
Trd, 4319596.293, 63
Trd, 4319597.143, 95
Trd, 4319597.943, 80
Trd, 4319598.343, 75
Trd, 4319599.043, 60
Trd, 4319599.443, 72
Trd, 4319600.243, 73
Trd, 4319600.393, 128
Trd, 4319601.043, 121
Trd, 4319602.743, 78
Trd, 4319603.893, 94
Trd, 4319604.093, 81
Trd, 4319604.793, 129
Trd, 4319605.043, 94
Trd, 4319606.393, 94
Trd, 4319606.793, 135
Trd, 4319607.543, 76
Trd, 4319608.143, 83
Trd, 4319608.543, 75
Trd, 4319609.293, 84
Trd, 4319610.293, 95
Trd, 4319610.343, 103
Trd, 4319610.843, 94
Trd, 4319611.443, 91
Trd, 4319613.093, 110
Trd, 4319613.143, 77
Trd, 4319613.543, 74
Trd, 4319614.793, 78
Trd, 4319614.993, 69
Trd, 4319615.443, 60
Trd, 4319616.493, 93
Trd, 4319616.943, 92
Trd, 4319617.093, 91
Trd, 4319617.243, 102
Trd, 4319617.643, 126
Trd, 4319618.993, 70
Trd, 4319619.093, 121
Trd, 4319619.843, 124
Trd, 4319621.093, 137
Trd, 4319621.493, 112
Trd, 4319621.793, 111
Trd, 4319622.393, 128
Trd, 4319622.443, 105
Trd, 4319622.593, 87
Trd, 4319623.943, 70
Trd, 4319624.293, 105
Trd, 4319624.743, 88
Trd, 4319626.343, 90
Trd, 4319628.193, 125
Trd, 4319629.043, 128
Trd, 4319630.593, 137
Trd, 4319630.743, 136
Trd, 4319631.293, 87
Trd, 4319631.443, 82
Trd, 4319632.043, 70
Trd, 4319632.443, 74
Trd, 4319633.243, 66
Trd, 4319633.993, 70
Trd, 4319634.793, 107
Trd, 4319635.193, 98
Trd, 4319636.393, 61
Trd, 4319636.543, 64
Trd, 4319638.543, 70
Trd, 4319638.743, 79
Trd, 4319638.843, 96
Trd, 4319639.343, 85
Trd, 4319640.393, 99
Trd, 4319641.443, 102
Trd, 4319642.043, 101
Trd, 4319643.943, 137
Trd, 4319643.993, 136
Trd, 4319644.493, 108
Trd, 4319644.793, 115
Trd, 4319645.293, 75
Trd, 4319645.493, 72
Trd, 4319646.193, 77
Trd, 4319646.493, 113
Trd, 4319647.293, 79
Trd, 4319647.743, 105
Trd, 4319649.193, 62
Trd, 4319649.243, 73
Trd, 4319649.393, 95
Trd, 4319650.493, 64
Trd, 4319651.043, 62
Trd, 4319653.143, 72
Trd, 4319653.193, 78
Trd, 4319654.043, 73
Trd, 4319655.043, 76
Trd, 4319655.493, 112
Trd, 4319655.993, 118
Trd, 4319656.243, 95
Trd, 4319656.543, 122
Trd, 4319657.943, 128
Trd, 4319658.093, 117
Trd, 4319658.193, 116
Trd, 4319658.893, 85
Trd, 4319659.743, 129
Trd, 4319660.243, 115
Trd, 4319661.043, 109
Trd, 4319661.293, 87
Trd, 4319661.543, 129
Trd, 4319662.393, 85
Trd, 4319662.443, 124
Trd, 4319663.143, 84
Trd, 4319664.293, 139
Trd, 4319665.093, 71
Trd, 4319665.193, 87
Trd, 4319666.143, 85
Trd, 4319666.943, 73
Trd, 4319667.093, 72
Trd, 4319668.443, 81
Trd, 4319669.293, 107
Trd, 4319669.693, 105
Trd, 4319671.293, 108
Trd, 4319672.143, 103
Trd, 4319672.243, 70
Trd, 4319672.993, 87
Trd, 4319673.093, 85
Trd, 4319673.343, 110
Trd, 4319674.193, 71
Trd, 4319674.293, 73
Trd, 4319675.393, 90
Trd, 4319676.293, 102
Trd, 4319676.543, 80
Trd, 4319677.093, 63
Trd, 4319677.743, 139
Trd, 4319677.843, 101
Trd, 4319678.193, 115
Trd, 4319681.143, 60
Trd, 4319681.193, 71
Trd, 4319681.943, 132
Trd, 4319682.043, 115
Trd, 4319682.543, 122
Trd, 4319682.943, 62
Trd, 4319684.193, 120
Trd, 4319685.193, 68
Trd, 4319687.093, 124
Trd, 4319687.943, 121
Trd, 4319688.093, 72
Trd, 4319688.193, 61
Trd, 4319689.493, 109
Trd, 4319689.793, 85
Trd, 4319689.843, 84
Trd, 4319690.993, 126
Trd, 4319691.693, 140
Trd, 4319691.793, 139
Trd, 4319692.143, 119
Trd, 4319692.443, 107
Trd, 4319693.143, 110
Trd, 4319694.493, 60
Trd, 4319695.043, 67
Trd, 4319696.243, 93
Trd, 4319697.443, 127
Trd, 4319697.943, 126
Trd, 4319698.143, 110
Trd, 4319699.393, 76
Trd, 4319699.493, 130
Trd, 4319699.893, 112
Trd, 4319700.093, 81
Trd, 4319700.343, 80
Trd, 4319701.543, 116
Trd, 4319701.743, 115
Trd, 4319701.843, 120
Trd, 4319702.293, 91
Trd, 4319702.843, 120
Trd, 4319703.343, 130
Trd, 4319704.693, 82
Trd, 4319705.243, 60
Trd, 4319705.843, 92
Trd, 4319706.493, 62
Trd, 4319707.143, 67
Trd, 4319707.243, 67
Trd, 4319707.543, 95
Trd, 4319708.693, 68
Trd, 4319710.093, 67
Trd, 4319710.893, 70
Trd, 4319711.043, 84
Trd, 4319711.443, 66
Trd, 4319712.043, 69
Trd, 4319712.443, 87
Trd, 4319713.493, 87
Trd, 4319714.493, 66
Trd, 4319715.943, 64
Trd, 4319717.293, 77
Trd, 4319717.393, 100
Trd, 4319718.193, 66
Trd, 4319718.393, 115
Trd, 4319719.293, 140
Trd, 4319720.343, 106
Trd, 4319720.943, 140
Trd, 4319721.243, 140
Trd, 4319722.793, 69
Trd, 4319722.993, 114
Trd, 4319724.593, 128
Trd, 4319724.943, 127
Trd, 4319724.993, 125
Trd, 4319725.093, 115
Trd, 4319727.243, 123
Trd, 4319727.493, 122
Trd, 4319727.643, 99
Trd, 4319728.443, 76
Trd, 4319728.893, 86
Trd, 4319729.793, 96
Trd, 4319730.743, 62
Trd, 4319732.193, 69
Trd, 4319732.693, 73
Trd, 4319732.893, 73
Trd, 4319734.093, 60
Trd, 4319735.143, 63
Trd, 4319735.543, 68
Trd, 4319735.693, 81
Trd, 4319736.443, 60
Trd, 4319737.443, 60
Trd, 4319737.843, 80
Trd, 4319738.093, 62
Trd, 4319738.143, 100
Trd, 4319739.693, 61
Trd, 4319740.443, 103
Trd, 4319740.493, 102
Trd, 4319741.943, 122
Trd, 4319742.043, 84
Trd, 4319742.843, 86
Trd, 4319743.243, 107
Trd, 4319743.393, 130
Trd, 4319743.893, 62
Trd, 4319744.593, 65
Trd, 4319745.243, 96
Trd, 4319745.793, 110
Trd, 4319747.293, 60
Trd, 4319747.993, 123
Trd, 4319749.043, 128
Trd, 4319749.093, 126
Trd, 4319749.143, 125
Trd, 4319749.643, 69
Trd, 4319750.493, 132
Trd, 4319750.643, 139
Trd, 4319751.393, 91
Trd, 4319753.393, 104
Trd, 4319753.443, 92
Trd, 4319754.243, 89
Trd, 4319754.293, 85
Trd, 4319754.693, 83
Trd, 4319754.793, 68
Trd, 4319755.893, 112
Trd, 4319756.493, 122
Trd, 4319756.843, 111
Trd, 4319757.393, 125
Trd, 4319757.693, 73
Trd, 4319758.593, 69
Trd, 4319758.993, 77
Trd, 4319759.193, 99
Trd, 4319759.893, 139
Trd, 4319762.543, 140
Trd, 4319762.643, 140
Trd, 4319762.843, 140
Trd, 4319763.193, 123
Trd, 4319763.593, 118
Trd, 4319764.293, 99
Trd, 4319765.293, 126
Trd, 4319765.593, 95
Trd, 4319766.243, 109
Trd, 4319767.043, 96
Trd, 4319767.693, 137
Trd, 4319768.093, 116
Trd, 4319768.343, 81
Trd, 4319769.543, 105
Trd, 4319770.243, 70
Trd, 4319770.293, 73
Trd, 4319771.743, 61
Trd, 4319772.493, 63
Trd, 4319773.193, 64
Trd, 4319773.693, 98
Trd, 4319775.093, 91
Trd, 4319775.343, 103
Trd, 4319775.743, 87
Trd, 4319775.843, 103
Trd, 4319776.793, 113
Trd, 4319777.443, 135
Trd, 4319778.093, 140
Trd, 4319778.643, 123
Trd, 4319779.993, 134
Trd, 4319780.493, 94
Trd, 4319780.693, 93
Trd, 4319781.093, 93
Trd, 4319781.193, 102
Trd, 4319781.243, 77
Trd, 4319782.043, 62
Trd, 4319782.493, 140
Trd, 4319783.343, 119
Trd, 4319783.943, 122
Trd, 4319784.943, 117
Trd, 4319786.543, 106
Trd, 4319786.843, 105
Trd, 4319787.043, 132
Trd, 4319788.243, 117
Trd, 4319788.443, 139
Trd, 4319789.693, 83
Trd, 4319789.793, 82
Trd, 4319790.893, 101
Trd, 4319791.543, 120
Trd, 4319791.643, 72
Trd, 4319792.193, 104
Trd, 4319792.343, 95
Trd, 4319793.743, 109
Trd, 4319794.793, 81
Trd, 4319795.093, 124
Trd, 4319795.793, 140
Trd, 4319796.093, 130
Trd, 4319797.393, 110
Trd, 4319799.393, 123
Trd, 4319799.993, 139
Trd, 4319800.843, 61
Trd, 4319800.943, 76
Trd, 4319801.843, 66
Trd, 4319802.143, 109
Trd, 4319802.643, 78
Trd, 4319803.743, 68
Trd, 4319804.593, 62
Trd, 4319805.193, 65
Trd, 4319805.993, 67
Trd, 4319806.743, 86
Trd, 4319807.143, 68
Trd, 4319808.343, 93
Trd, 4319808.393, 99
Trd, 4319808.793, 107
Trd, 4319809.843, 117
Trd, 4319809.893, 116
Trd, 4319810.193, 126
Trd, 4319811.093, 139
Trd, 4319811.693, 89
Trd, 4319812.193, 140
Trd, 4319812.793, 89
Trd, 4319814.693, 75
Trd, 4319815.843, 108
Trd, 4319816.793, 140
Trd, 4319816.943, 138
Trd, 4319817.093, 104
Trd, 4319817.943, 123
Trd, 4319818.043, 96
Trd, 4319818.793, 95
Trd, 4319819.193, 95
Trd, 4319819.793, 107
Trd, 4319820.143, 76
Trd, 4319822.093, 138
Trd, 4319822.593, 139
Trd, 4319823.043, 117
Trd, 4319823.893, 122
Trd, 4319824.193, 114
Trd, 4319824.443, 137
Trd, 4319825.643, 103
Trd, 4319827.143, 98
Trd, 4319827.193, 116
Trd, 4319828.043, 129
Trd, 4319828.243, 97
Trd, 4319828.643, 92
Trd, 4319828.843, 80
Trd, 4319829.093, 62
Trd, 4319829.493, 91
Trd, 4319830.493, 79
Trd, 4319830.993, 63
Trd, 4319833.393, 119
Trd, 4319833.843, 118
Trd, 4319834.443, 109
Trd, 4319834.593, 130
Trd, 4319834.893, 139
Trd, 4319835.443, 95
Trd, 4319835.843, 69
Trd, 4319836.993, 131
Trd, 4319837.143, 130
Trd, 4319837.793, 128
Trd, 4319838.143, 120
Trd, 4319838.393, 111
Trd, 4319839.743, 114
Trd, 4319840.443, 114
Trd, 4319840.543, 117
Trd, 4319840.893, 114
Trd, 4319841.393, 107
Trd, 4319842.043, 140
Trd, 4319842.543, 139
Trd, 4319843.243, 91
Trd, 4319843.943, 139
Trd, 4319844.393, 139
Trd, 4319845.093, 129
Trd, 4319845.643, 76
Trd, 4319846.743, 65
Trd, 4319848.593, 85
Trd, 4319848.743, 114
Trd, 4319848.793, 101
Trd, 4319849.143, 93
Trd, 4319849.593, 98
Trd, 4319849.793, 79
Trd, 4319851.093, 129
Trd, 4319851.393, 112
Trd, 4319852.093, 99
Trd, 4319853.543, 68
Trd, 4319854.143, 125
Trd, 4319854.443, 108
Trd, 4319855.793, 140
Trd, 4319856.643, 138
Trd, 4319857.593, 65
Trd, 4319857.843, 65
Trd, 4319858.043, 102
Trd, 4319858.643, 140
Trd, 4319858.993, 133
Trd, 4319859.893, 139
Trd, 4319860.643, 108
Trd, 4319861.443, 136
Trd, 4319862.093, 88
Trd, 4319862.493, 79
Trd, 4319862.943, 82
Trd, 4319863.543, 82
Trd, 4319863.893, 108
Trd, 4319864.093, 134
Trd, 4319864.893, 70
Trd, 4319866.393, 116
Trd, 4319867.693, 134
Trd, 4319867.943, 130
Trd, 4319868.043, 112
Trd, 4319868.543, 120
Trd, 4319868.893, 138
Trd, 4319868.993, 96
Trd, 4319869.693, 94
Trd, 4319871.143, 72
Trd, 4319871.993, 104
Trd, 4319872.093, 70
Trd, 4319873.193, 73
Trd, 4319873.443, 92
Trd, 4319873.493, 94
Trd, 4319874.193, 128
Trd, 4319874.693, 73
Trd, 4319875.043, 128
Trd, 4319876.143, 75
Trd, 4319876.343, 60
Trd, 4319877.543, 60
Trd, 4319879.193, 71
Trd, 4319879.893, 63
Trd, 4319881.193, 67
Trd, 4319881.393, 97
Trd, 4319882.093, 115
Trd, 4319882.193, 111
Trd, 4319882.743, 87
Trd, 4319884.143, 95
Trd, 4319884.343, 78
Trd, 4319884.593, 63
Trd, 4319885.993, 140
Trd, 4319886.093, 71
Trd, 4319886.793, 94
Trd, 4319887.843, 79
Trd, 4319888.043, 71
Trd, 4319889.193, 101
Trd, 4319890.043, 106
Trd, 4319890.243, 64
Trd, 4319891.043, 90
Trd, 4319891.193, 89
Trd, 4319893.193, 116
Trd, 4319894.093, 120
Trd, 4319894.643, 137
Trd, 4319895.093, 72
Trd, 4319895.793, 87
Trd, 4319897.093, 63
Trd, 4319897.293, 70
Trd, 4319897.593, 76
Trd, 4319898.793, 65
Trd, 4319899.293, 75
Trd, 4319899.743, 121
Trd, 4319900.543, 73
Trd, 4319900.943, 70
Trd, 4319901.293, 69
Trd, 4319902.043, 80
Trd, 4319902.593, 100
Trd, 4319903.043, 103
Trd, 4319903.643, 140
Trd, 4319903.793, 109
Trd, 4319904.793, 103
Trd, 4319905.343, 115
Trd, 4319906.793, 124
Trd, 4319906.843, 123
Trd, 4319907.293, 139
Trd, 4319908.093, 132
Trd, 4319908.343, 81
Trd, 4319909.243, 85
Trd, 4319910.893, 79
Trd, 4319910.993, 140
Trd, 4319911.293, 73
Trd, 4319912.593, 109
Trd, 4319912.743, 98
Trd, 4319914.443, 63
Trd, 4319915.193, 84
Trd, 4319916.493, 64
Trd, 4319916.743, 77
Trd, 4319917.843, 91
Trd, 4319917.893, 88
Trd, 4319919.293, 115
Trd, 4319919.693, 129
Trd, 4319920.093, 103
Trd, 4319920.393, 99
Trd, 4319920.493, 64
Trd, 4319922.043, 61
Trd, 4319922.343, 68
Trd, 4319922.443, 69
Trd, 4319923.893, 64
Trd, 4319924.143, 110
Trd, 4319925.193, 88
Trd, 4319926.243, 138
Trd, 4319926.993, 124
Trd, 4319927.143, 123
Trd, 4319927.993, 122
Trd, 4319928.093, 122
Trd, 4319929.043, 106
Trd, 4319929.243, 95
Trd, 4319930.243, 140
Trd, 4319931.193, 107
Trd, 4319931.293, 72
Trd, 4319931.993, 82
Trd, 4319933.893, 66
Trd, 4319934.693, 61
Trd, 4319934.943, 66
Trd, 4319936.293, 69
Trd, 4319936.343, 69
Trd, 4319937.043, 65
Trd, 4319937.443, 62
Trd, 4319937.743, 63
Trd, 4319938.143, 93
Trd, 4319938.293, 62
Trd, 4319938.443, 70
Trd, 4319939.193, 134
Trd, 4319939.693, 114
Trd, 4319940.593, 62
Trd, 4319941.993, 140
Trd, 4319942.193, 113
Trd, 4319942.293, 110
Trd, 4319943.593, 125
Trd, 4319944.993, 61
Trd, 4319945.893, 68
Trd, 4319946.643, 68
Trd, 4319947.493, 71
Trd, 4319947.593, 101
Trd, 4319947.793, 65
Trd, 4319948.243, 63
Trd, 4319948.443, 61
Trd, 4319949.393, 105
Trd, 4319949.443, 103
Trd, 4319952.493, 140
Trd, 4319952.743, 140
Trd, 4319952.943, 101
Trd, 4319953.243, 137
Trd, 4319953.593, 85
Trd, 4319953.993, 87
Trd, 4319954.893, 60
Trd, 4319955.493, 66
Trd, 4319955.993, 72
Trd, 4319956.993, 65
Trd, 4319957.793, 61
Trd, 4319959.043, 62
Trd, 4319959.743, 90
Trd, 4319960.593, 72
Trd, 4319961.143, 95
Trd, 4319961.643, 113
Trd, 4319962.543, 66
Trd, 4319962.643, 134
Trd, 4319963.093, 98
Trd, 4319963.693, 124
Trd, 4319964.043, 92
Trd, 4319964.893, 140
Trd, 4319965.343, 140
Trd, 4319965.693, 140
Trd, 4319965.943, 140
Trd, 4319967.993, 120
Trd, 4319968.943, 98
Trd, 4319969.343, 140
Trd, 4319969.943, 108
Trd, 4319970.243, 97
Trd, 4319970.343, 109
Trd, 4319970.543, 61
Trd, 4319972.343, 106
Trd, 4319972.793, 132
Trd, 4319973.493, 121
Trd, 4319973.843, 106
Trd, 4319974.043, 74
Trd, 4319974.593, 75
Trd, 4319975.643, 62
Trd, 4319975.843, 68
Trd, 4319975.993, 76
Trd, 4319977.493, 88
Trd, 4319978.093, 77
Trd, 4319978.443, 74
Trd, 4319978.893, 62
Trd, 4319979.293, 60
Trd, 4319979.743, 60
Trd, 4319980.443, 115
Trd, 4319981.543, 65
Trd, 4319984.093, 61
Trd, 4319984.243, 62
Trd, 4319985.193, 64
Trd, 4319985.393, 65
Trd, 4319986.343, 69
Trd, 4319986.393, 75
Trd, 4319986.543, 85
Trd, 4319987.343, 76
Trd, 4319987.493, 83
Trd, 4319987.993, 122
Trd, 4319988.893, 115
Trd, 4319989.343, 71
Trd, 4319990.443, 84
Trd, 4319990.793, 77
Trd, 4319990.943, 74
Trd, 4319992.393, 66
Trd, 4319993.243, 140
Trd, 4319993.693, 115
Trd, 4319994.093, 132
Trd, 4319994.343, 67
Trd, 4319994.943, 137
Trd, 4319995.693, 113
Trd, 4319996.143, 112
Trd, 4319996.543, 87
Trd, 4319996.743, 80
Trd, 4319997.293, 71
Trd, 4319998.343, 98
Trd, 4319999.793, 118
Trd, 4319999.893, 76
