Trd, 4318108.493, 114
Trd, 4318110.143, 128
Trd, 4318110.993, 128
Trd, 4318111.193, 127
Trd, 4318111.993, 72
Trd, 4318112.393, 88
Trd, 4318112.993, 83
Trd, 4318114.693, 133
Trd, 4318116.193, 98
Trd, 4318116.993, 132
Trd, 4318117.193, 99
Trd, 4318118.693, 113
Trd, 4318118.843, 70
Trd, 4318119.193, 69
Trd, 4318121.043, 60
Trd, 4318121.843, 60
Trd, 4318123.643, 60
Trd, 4318124.643, 60
Trd, 4318124.893, 60
Trd, 4318124.943, 60
Trd, 4318124.993, 62
Trd, 4318125.743, 60
Trd, 4318126.143, 60
Trd, 4318126.943, 60
Trd, 4318127.393, 86
Trd, 4318128.393, 67
Trd, 4318128.693, 64
Trd, 4318129.093, 64
Trd, 4318129.943, 62
Trd, 4318131.043, 60
Trd, 4318132.943, 62
Trd, 4318133.193, 72
Trd, 4318134.093, 60
Trd, 4318134.243, 62
Trd, 4318134.593, 67
Trd, 4318134.993, 66
Trd, 4318135.543, 67
Trd, 4318136.743, 74
Trd, 4318136.943, 71
Trd, 4318137.243, 73
Trd, 4318137.293, 75
Trd, 4318137.543, 89
Trd, 4318137.793, 70
Trd, 4318140.393, 61
Trd, 4318141.843, 60
Trd, 4318142.393, 60
Trd, 4318143.093, 60
Trd, 4318144.093, 61
Trd, 4318144.493, 65
Trd, 4318146.743, 60
Trd, 4318146.793, 64
Trd, 4318147.193, 60
Trd, 4318147.893, 69
Trd, 4318148.093, 69
Trd, 4318148.643, 84
Trd, 4318149.393, 68
Trd, 4318150.693, 85
Trd, 4318151.443, 111
Trd, 4318152.643, 113
Trd, 4318153.393, 114
Trd, 4318154.493, 115
Trd, 4318155.193, 113
Trd, 4318155.443, 85
Trd, 4318156.043, 86
Trd, 4318158.493, 135
Trd, 4318158.843, 97
Trd, 4318159.443, 134
Trd, 4318159.643, 134
Trd, 4318159.793, 111
Trd, 4318160.593, 113
Trd, 4318160.743, 105
Trd, 4318161.293, 83
Trd, 4318161.593, 70
Trd, 4318161.743, 65
Trd, 4318162.243, 69
Trd, 4318163.093, 66
Trd, 4318164.943, 60
Trd, 4318165.393, 60
Trd, 4318166.243, 63
Trd, 4318167.093, 62
Trd, 4318167.993, 60
Trd, 4318168.193, 62
Trd, 4318168.343, 66
Trd, 4318169.293, 76
Trd, 4318169.743, 77
Trd, 4318170.643, 72
Trd, 4318172.043, 60
Trd, 4318174.093, 60
Trd, 4318174.293, 60
Trd, 4318174.343, 60
Trd, 4318174.493, 60
Trd, 4318174.693, 60
Trd, 4318174.943, 61
Trd, 4318175.793, 69
Trd, 4318176.943, 66
Trd, 4318177.943, 65
Trd, 4318178.143, 65
Trd, 4318178.343, 62
Trd, 4318178.643, 68
Trd, 4318181.293, 100
Trd, 4318181.793, 99
Trd, 4318182.093, 109
Trd, 4318183.243, 105
Trd, 4318183.293, 101
Trd, 4318183.493, 106
Trd, 4318184.143, 100
Trd, 4318184.893, 106
Trd, 4318184.943, 86
Trd, 4318185.343, 117
Trd, 4318186.493, 88
Trd, 4318186.843, 121
Trd, 4318188.093, 104
Trd, 4318188.693, 82
Trd, 4318189.543, 110
Trd, 4318191.143, 105
Trd, 4318192.543, 104
Trd, 4318192.893, 86
Trd, 4318194.693, 123
Trd, 4318196.393, 117
Trd, 4318197.193, 117
Trd, 4318197.943, 91
Trd, 4318198.693, 115
Trd, 4318199.243, 128
Trd, 4318199.693, 101
Trd, 4318200.143, 98
Trd, 4318200.293, 87
Trd, 4318200.443, 131
Trd, 4318201.143, 108
Trd, 4318202.493, 62
Trd, 4318203.093, 62
Trd, 4318203.693, 62
Trd, 4318203.893, 63
Trd, 4318204.243, 62
Trd, 4318205.393, 108
Trd, 4318206.893, 64
Trd, 4318207.093, 65
Trd, 4318207.493, 110
Trd, 4318208.843, 77
Trd, 4318209.043, 76
Trd, 4318209.443, 73
Trd, 4318209.593, 88
Trd, 4318211.043, 99
Trd, 4318211.893, 73
Trd, 4318212.293, 71
Trd, 4318213.843, 116
Trd, 4318214.493, 78
Trd, 4318215.493, 114
Trd, 4318215.743, 113
Trd, 4318216.293, 140
Trd, 4318217.943, 140
Trd, 4318219.593, 104
Trd, 4318219.943, 104
Trd, 4318220.543, 103
Trd, 4318220.743, 85
Trd, 4318220.843, 120
Trd, 4318223.043, 62
Trd, 4318223.443, 63
Trd, 4318223.893, 82
Trd, 4318224.443, 78
Trd, 4318225.643, 115
Trd, 4318225.693, 82
Trd, 4318225.743, 80
Trd, 4318226.743, 116
Trd, 4318227.443, 115
Trd, 4318227.743, 119
Trd, 4318229.993, 125
Trd, 4318231.093, 126
Trd, 4318231.243, 125
Trd, 4318231.543, 136
Trd, 4318232.593, 129
Trd, 4318233.393, 129
Trd, 4318233.443, 90
Trd, 4318233.493, 130
Trd, 4318235.193, 113
Trd, 4318235.843, 109
Trd, 4318236.693, 100
Trd, 4318237.193, 99
Trd, 4318237.493, 66
Trd, 4318237.943, 65
Trd, 4318238.243, 65
Trd, 4318238.393, 64
Trd, 4318240.243, 72
Trd, 4318241.193, 94
Trd, 4318241.793, 90
Trd, 4318243.593, 130
Trd, 4318244.193, 118
Trd, 4318245.743, 116
Trd, 4318248.043, 119
Trd, 4318248.093, 118
Trd, 4318248.243, 122
Trd, 4318248.593, 76
Trd, 4318249.293, 125
Trd, 4318249.393, 74
Trd, 4318249.943, 74
Trd, 4318251.593, 64
Trd, 4318251.943, 68
Trd, 4318253.443, 60
Trd, 4318254.043, 64
Trd, 4318254.643, 62
Trd, 4318255.293, 60
Trd, 4318256.293, 60
Trd, 4318256.543, 60
Trd, 4318257.143, 61
Trd, 4318258.043, 60
Trd, 4318258.293, 61
Trd, 4318260.343, 60
Trd, 4318260.493, 60
Trd, 4318261.193, 61
Trd, 4318261.793, 66
Trd, 4318261.843, 64
Trd, 4318262.743, 65
Trd, 4318263.893, 111
Trd, 4318264.093, 92
Trd, 4318265.693, 100
Trd, 4318266.043, 101
Trd, 4318266.493, 91
Trd, 4318267.043, 137
Trd, 4318267.093, 136
Trd, 4318267.293, 135
Trd, 4318268.493, 118
Trd, 4318269.093, 123
Trd, 4318272.343, 123
Trd, 4318273.093, 123
Trd, 4318273.543, 120
Trd, 4318273.793, 69
Trd, 4318274.293, 101
Trd, 4318275.443, 86
Trd, 4318275.543, 88
Trd, 4318275.943, 85
Trd, 4318276.093, 86
Trd, 4318276.343, 90
Trd, 4318276.893, 102
Trd, 4318278.743, 127
Trd, 4318280.443, 130
Trd, 4318280.743, 130
Trd, 4318280.843, 95
Trd, 4318281.093, 80
Trd, 4318282.143, 128
Trd, 4318282.293, 108
Trd, 4318282.843, 128
Trd, 4318283.293, 107
Trd, 4318283.943, 60
Trd, 4318284.043, 61
Trd, 4318286.893, 60
Trd, 4318287.043, 60
Trd, 4318287.293, 61
Trd, 4318287.743, 60
Trd, 4318288.393, 62
Trd, 4318289.243, 65
Trd, 4318289.693, 70
Trd, 4318290.143, 64
Trd, 4318291.743, 60
Trd, 4318292.593, 60
Trd, 4318292.743, 60
Trd, 4318294.143, 60
Trd, 4318294.593, 60
Trd, 4318294.743, 65
Trd, 4318295.843, 67
Trd, 4318296.743, 64
Trd, 4318297.293, 62
Trd, 4318297.693, 67
Trd, 4318298.143, 68
Trd, 4318299.443, 61
Trd, 4318299.793, 96
Trd, 4318301.043, 62
Trd, 4318301.893, 65
Trd, 4318302.143, 66
Trd, 4318302.443, 67
Trd, 4318303.143, 76
Trd, 4318303.843, 101
Trd, 4318303.943, 100
Trd, 4318305.343, 60
Trd, 4318305.593, 61
Trd, 4318306.593, 62
Trd, 4318306.693, 133
Trd, 4318307.293, 60
Trd, 4318309.843, 60
Trd, 4318310.143, 63
Trd, 4318310.493, 63
Trd, 4318310.693, 61
Trd, 4318311.393, 65
Trd, 4318312.443, 60
Trd, 4318312.743, 61
Trd, 4318313.643, 60
Trd, 4318314.293, 61
Trd, 4318314.693, 65
Trd, 4318316.543, 62
Trd, 4318317.493, 62
Trd, 4318317.793, 63
Trd, 4318319.293, 60
Trd, 4318321.243, 60
Trd, 4318321.543, 60
Trd, 4318322.343, 60
Trd, 4318322.743, 61
Trd, 4318323.493, 62
Trd, 4318323.693, 61
Trd, 4318324.343, 62
Trd, 4318324.993, 62
Trd, 4318325.493, 62
Trd, 4318325.643, 63
Trd, 4318325.693, 63
Trd, 4318326.193, 138
Trd, 4318327.293, 71
Trd, 4318328.893, 60
Trd, 4318329.443, 60
Trd, 4318329.843, 73
Trd, 4318330.343, 61
Trd, 4318331.343, 66
Trd, 4318332.593, 60
Trd, 4318333.443, 64
Trd, 4318333.543, 65
Trd, 4318334.143, 65
Trd, 4318335.493, 93
Trd, 4318335.943, 93
Trd, 4318336.143, 92
Trd, 4318336.793, 85
Trd, 4318336.843, 84
Trd, 4318338.343, 83
Trd, 4318338.443, 70
Trd, 4318339.143, 67
Trd, 4318340.293, 67
Trd, 4318341.193, 103
Trd, 4318341.243, 101
Trd, 4318342.293, 75
Trd, 4318342.443, 75
Trd, 4318342.643, 76
Trd, 4318343.343, 102
Trd, 4318343.843, 86
Trd, 4318346.543, 116
Trd, 4318346.643, 107
Trd, 4318347.993, 109
Trd, 4318348.493, 109
Trd, 4318348.793, 101
Trd, 4318348.893, 100
Trd, 4318350.343, 123
Trd, 4318350.693, 116
Trd, 4318351.993, 117
Trd, 4318352.243, 116
Trd, 4318353.043, 108
Trd, 4318353.293, 99
Trd, 4318353.693, 100
Trd, 4318356.543, 92
Trd, 4318357.143, 100
Trd, 4318357.293, 90
Trd, 4318357.693, 118
Trd, 4318357.743, 117
Trd, 4318358.393, 89
Trd, 4318359.143, 87
Trd, 4318359.493, 86
Trd, 4318360.293, 65
Trd, 4318360.643, 124
Trd, 4318361.043, 67
Trd, 4318362.293, 120
Trd, 4318362.393, 94
Trd, 4318362.543, 121
Trd, 4318363.743, 61
Trd, 4318365.243, 62
Trd, 4318365.493, 62
Trd, 4318367.643, 60
Trd, 4318369.143, 60
Trd, 4318369.543, 60
Trd, 4318369.893, 62
Trd, 4318370.193, 62
Trd, 4318370.893, 64
Trd, 4318371.643, 62
Trd, 4318372.743, 62
Trd, 4318373.443, 61
Trd, 4318373.693, 61
Trd, 4318375.493, 60
Trd, 4318376.293, 60
Trd, 4318376.343, 60
Trd, 4318376.393, 60
Trd, 4318376.493, 62
Trd, 4318377.893, 62
Trd, 4318378.093, 82
Trd, 4318378.793, 62
Trd, 4318380.543, 125
Trd, 4318381.743, 126
Trd, 4318382.843, 94
Trd, 4318384.543, 115
Trd, 4318385.193, 115
Trd, 4318386.243, 122
Trd, 4318386.543, 116
Trd, 4318386.693, 123
Trd, 4318387.593, 124
Trd, 4318387.693, 114
Trd, 4318388.443, 113
Trd, 4318388.743, 98
Trd, 4318389.443, 107
Trd, 4318390.043, 130
Trd, 4318390.993, 62
Trd, 4318393.043, 60
Trd, 4318394.243, 60
Trd, 4318394.793, 60
Trd, 4318394.893, 60
Trd, 4318394.943, 61
Trd, 4318395.043, 62
Trd, 4318397.343, 60
Trd, 4318397.493, 61
Trd, 4318397.993, 60
Trd, 4318398.743, 60
Trd, 4318399.693, 60
Trd, 4318399.993, 61
Trd, 4318400.243, 64
Trd, 4318400.593, 67
Trd, 4318401.143, 66
Trd, 4318401.443, 61
Trd, 4318401.893, 74
Trd, 4318402.593, 72
Trd, 4318404.493, 60
Trd, 4318404.543, 60
Trd, 4318406.043, 139
Trd, 4318407.093, 114
Trd, 4318408.043, 82
Trd, 4318409.093, 82
Trd, 4318409.593, 81
Trd, 4318409.793, 80
Trd, 4318411.843, 126
Trd, 4318413.343, 120
Trd, 4318413.643, 116
Trd, 4318414.443, 126
Trd, 4318414.743, 94
Trd, 4318415.143, 74
Trd, 4318416.043, 133
Trd, 4318416.243, 127
Trd, 4318416.393, 76
Trd, 4318417.943, 83
Trd, 4318418.893, 83
Trd, 4318419.693, 107
Trd, 4318420.193, 72
Trd, 4318422.343, 60
Trd, 4318422.543, 61
Trd, 4318422.793, 60
Trd, 4318423.443, 62
Trd, 4318423.943, 62
Trd, 4318424.693, 91
Trd, 4318424.943, 85
Trd, 4318425.293, 60
Trd, 4318426.543, 61
Trd, 4318428.443, 139
Trd, 4318428.943, 109
Trd, 4318429.393, 76
Trd, 4318429.693, 73
Trd, 4318431.143, 105
Trd, 4318431.593, 105
Trd, 4318431.643, 114
Trd, 4318432.143, 116
Trd, 4318432.743, 70
Trd, 4318434.593, 112
Trd, 4318435.043, 113
Trd, 4318435.543, 121
Trd, 4318436.043, 114
Trd, 4318437.843, 138
Trd, 4318438.093, 136
Trd, 4318439.893, 118
Trd, 4318440.293, 83
Trd, 4318440.943, 88
Trd, 4318443.343, 114
Trd, 4318443.543, 113
Trd, 4318443.693, 89
Trd, 4318444.843, 81
Trd, 4318445.293, 80
Trd, 4318445.693, 108
Trd, 4318446.093, 78
Trd, 4318446.443, 77
Trd, 4318447.143, 89
Trd, 4318448.593, 102
Trd, 4318449.793, 60
Trd, 4318450.543, 60
Trd, 4318452.943, 60
Trd, 4318453.743, 63
Trd, 4318453.793, 61
Trd, 4318454.193, 75
Trd, 4318455.093, 100
Trd, 4318455.293, 110
Trd, 4318455.343, 102
Trd, 4318456.193, 90
Trd, 4318456.443, 81
Trd, 4318459.043, 60
Trd, 4318459.093, 67
Trd, 4318459.993, 91
Trd, 4318460.443, 61
Trd, 4318460.793, 60
Trd, 4318461.843, 76
Trd, 4318461.943, 129
Trd, 4318463.243, 103
Trd, 4318464.293, 112
Trd, 4318465.343, 111
Trd, 4318465.643, 133
Trd, 4318465.893, 105
Trd, 4318465.993, 75
Trd, 4318467.843, 118
Trd, 4318468.743, 123
Trd, 4318468.943, 119
Trd, 4318469.393, 91
Trd, 4318470.593, 119
Trd, 4318471.243, 118
Trd, 4318471.993, 111
Trd, 4318474.143, 120
Trd, 4318474.743, 103
Trd, 4318474.843, 103
Trd, 4318475.093, 124
Trd, 4318475.543, 103
Trd, 4318476.593, 72
Trd, 4318476.793, 112
Trd, 4318477.593, 61
Trd, 4318477.693, 62
Trd, 4318479.193, 63
Trd, 4318479.893, 64
Trd, 4318480.693, 69
Trd, 4318481.693, 73
Trd, 4318482.093, 82
Trd, 4318483.843, 73
Trd, 4318483.893, 72
Trd, 4318484.543, 107
Trd, 4318484.943, 76
Trd, 4318485.743, 107
Trd, 4318485.843, 104
Trd, 4318487.443, 133
Trd, 4318489.743, 133
Trd, 4318489.993, 133
Trd, 4318490.643, 125
Trd, 4318491.193, 125
Trd, 4318491.593, 124
Trd, 4318492.693, 121
Trd, 4318493.093, 122
Trd, 4318493.543, 125
Trd, 4318493.793, 102
Trd, 4318493.993, 68
Trd, 4318494.493, 61
Trd, 4318496.843, 67
Trd, 4318497.493, 90
Trd, 4318498.093, 103
Trd, 4318499.443, 62
Trd, 4318500.443, 61
Trd, 4318500.993, 88
Trd, 4318501.543, 101
Trd, 4318501.793, 64
Trd, 4318504.493, 140
Trd, 4318504.693, 140
Trd, 4318504.943, 140
Trd, 4318506.043, 140
Trd, 4318506.593, 126
Trd, 4318507.093, 125
Trd, 4318507.443, 90
Trd, 4318508.443, 61
Trd, 4318508.493, 62
Trd, 4318509.243, 74
Trd, 4318509.543, 66
Trd, 4318510.643, 74
Trd, 4318510.793, 73
Trd, 4318511.293, 75
Trd, 4318511.693, 66
Trd, 4318513.043, 115
Trd, 4318513.193, 114
Trd, 4318514.343, 91
Trd, 4318514.443, 86
Trd, 4318515.143, 103
Trd, 4318516.193, 97
Trd, 4318517.343, 113
Trd, 4318518.193, 90
Trd, 4318519.493, 101
Trd, 4318519.543, 86
Trd, 4318519.943, 117
Trd, 4318521.593, 113
Trd, 4318521.993, 114
Trd, 4318522.043, 105
Trd, 4318522.593, 105
Trd, 4318523.393, 104
Trd, 4318523.443, 114
Trd, 4318523.693, 101
Trd, 4318525.693, 78
Trd, 4318525.843, 123
Trd, 4318525.943, 113
Trd, 4318526.993, 126
Trd, 4318527.393, 76
Trd, 4318528.843, 87
Trd, 4318529.593, 90
Trd, 4318529.693, 86
Trd, 4318531.893, 139
Trd, 4318532.943, 119
Trd, 4318533.543, 119
Trd, 4318533.743, 119
Trd, 4318534.043, 118
Trd, 4318535.343, 95
Trd, 4318536.093, 113
Trd, 4318539.593, 116
Trd, 4318539.693, 104
Trd, 4318540.393, 117
Trd, 4318540.543, 104
Trd, 4318540.893, 121
Trd, 4318541.593, 102
Trd, 4318541.843, 102
Trd, 4318543.043, 96
Trd, 4318544.143, 97
Trd, 4318545.743, 118
Trd, 4318545.943, 99
Trd, 4318546.143, 78
Trd, 4318547.593, 107
Trd, 4318547.993, 106
Trd, 4318548.293, 128
Trd, 4318548.643, 72
Trd, 4318551.193, 115
Trd, 4318551.393, 122
Trd, 4318551.443, 114
Trd, 4318552.743, 86
Trd, 4318552.793, 85
Trd, 4318553.693, 117
Trd, 4318553.793, 116
Trd, 4318554.493, 128
Trd, 4318555.343, 116
Trd, 4318556.243, 118
Trd, 4318557.593, 120
Trd, 4318558.243, 118
Trd, 4318558.693, 126
Trd, 4318558.893, 85
Trd, 4318559.743, 123
Trd, 4318559.893, 61
Trd, 4318563.093, 129
Trd, 4318564.493, 133
Trd, 4318564.843, 132
Trd, 4318565.443, 131
Trd, 4318565.593, 127
Trd, 4318566.093, 135
Trd, 4318566.893, 129
Trd, 4318568.543, 126
Trd, 4318569.543, 128
Trd, 4318570.093, 129
Trd, 4318570.943, 114
Trd, 4318571.843, 90
Trd, 4318572.093, 122
Trd, 4318573.093, 67
Trd, 4318573.743, 63
Trd, 4318573.843, 64
Trd, 4318573.893, 65
Trd, 4318576.193, 60
Trd, 4318576.843, 60
Trd, 4318577.143, 60
Trd, 4318578.093, 60
Trd, 4318578.593, 73
Trd, 4318578.793, 62
Trd, 4318580.093, 83
Trd, 4318580.793, 106
Trd, 4318581.193, 105
Trd, 4318581.443, 99
Trd, 4318583.093, 125
Trd, 4318584.693, 100
Trd, 4318587.893, 131
Trd, 4318587.943, 130
Trd, 4318588.043, 129
Trd, 4318588.193, 128
Trd, 4318588.343, 127
Trd, 4318589.893, 98
Trd, 4318589.993, 97
Trd, 4318590.393, 123
Trd, 4318591.443, 91
Trd, 4318591.943, 65
Trd, 4318592.043, 66
Trd, 4318592.393, 67
Trd, 4318592.843, 90
Trd, 4318593.093, 75
Trd, 4318594.143, 76
Trd, 4318594.943, 77
Trd, 4318595.093, 88
Trd, 4318595.943, 60
Trd, 4318596.293, 64
Trd, 4318596.393, 65
Trd, 4318596.643, 64
Trd, 4318598.843, 86
Trd, 4318599.043, 61
Trd, 4318599.393, 62
Trd, 4318599.693, 61
Trd, 4318599.843, 62
Trd, 4318600.843, 63
Trd, 4318601.793, 132
Trd, 4318602.893, 132
Trd, 4318603.743, 118
Trd, 4318603.793, 116
Trd, 4318606.793, 70
Trd, 4318608.293, 93
Trd, 4318608.543, 94
Trd, 4318608.943, 96
Trd, 4318609.193, 96
Trd, 4318609.443, 96
Trd, 4318609.843, 97
Trd, 4318609.943, 99
Trd, 4318610.793, 120
Trd, 4318610.843, 98
Trd, 4318612.093, 65
Trd, 4318613.643, 72
Trd, 4318614.093, 60
Trd, 4318614.893, 60
Trd, 4318614.943, 63
Trd, 4318615.143, 64
Trd, 4318615.693, 65
Trd, 4318617.243, 136
Trd, 4318618.743, 132
Trd, 4318619.993, 90
Trd, 4318621.393, 63
Trd, 4318622.143, 61
Trd, 4318622.943, 60
Trd, 4318623.293, 60
Trd, 4318624.393, 60
Trd, 4318624.843, 60
Trd, 4318625.343, 60
Trd, 4318626.893, 60
Trd, 4318626.943, 61
Trd, 4318627.293, 60
Trd, 4318628.293, 93
Trd, 4318628.843, 65
Trd, 4318629.643, 100
Trd, 4318629.693, 64
Trd, 4318630.593, 60
Trd, 4318631.143, 60
Trd, 4318631.393, 60
Trd, 4318633.693, 117
Trd, 4318634.043, 114
Trd, 4318634.143, 117
Trd, 4318635.093, 105
Trd, 4318635.943, 105
Trd, 4318636.443, 104
Trd, 4318637.093, 109
Trd, 4318637.243, 110
Trd, 4318637.693, 108
Trd, 4318639.043, 108
Trd, 4318639.843, 108
Trd, 4318640.093, 68
Trd, 4318640.643, 65
Trd, 4318640.893, 108
Trd, 4318643.443, 125
Trd, 4318643.793, 77
Trd, 4318645.243, 60
Trd, 4318645.693, 62
Trd, 4318645.993, 61
Trd, 4318646.093, 62
Trd, 4318646.443, 63
Trd, 4318647.643, 64
Trd, 4318647.793, 61
Trd, 4318648.393, 60
Trd, 4318649.043, 63
Trd, 4318650.593, 68
Trd, 4318651.093, 68
Trd, 4318651.793, 62
Trd, 4318652.493, 68
Trd, 4318653.493, 81
Trd, 4318654.143, 103
Trd, 4318655.193, 109
Trd, 4318655.543, 109
Trd, 4318657.143, 110
Trd, 4318657.293, 109
Trd, 4318658.493, 122
Trd, 4318658.543, 121
Trd, 4318658.893, 101
Trd, 4318659.343, 120
Trd, 4318660.593, 114
Trd, 4318662.293, 110
Trd, 4318662.443, 92
Trd, 4318662.843, 109
Trd, 4318662.943, 92
Trd, 4318663.443, 118
Trd, 4318664.693, 91
Trd, 4318665.193, 131
Trd, 4318665.293, 73
Trd, 4318666.043, 72
Trd, 4318667.743, 72
Trd, 4318669.693, 76
Trd, 4318670.293, 104
Trd, 4318670.693, 104
Trd, 4318671.493, 104
Trd, 4318673.443, 140
Trd, 4318675.993, 140
Trd, 4318676.443, 140
Trd, 4318678.493, 125
Trd, 4318679.643, 98
Trd, 4318679.993, 67
Trd, 4318680.643, 94
Trd, 4318681.643, 63
Trd, 4318681.943, 64
Trd, 4318682.093, 125
Trd, 4318682.493, 123
Trd, 4318682.943, 125
Trd, 4318684.193, 66
Trd, 4318684.743, 67
Trd, 4318685.793, 65
Trd, 4318686.393, 60
Trd, 4318686.843, 96
Trd, 4318687.193, 86
Trd, 4318688.593, 95
Trd, 4318689.293, 88
Trd, 4318692.343, 140
Trd, 4318693.143, 83
Trd, 4318693.993, 127
Trd, 4318694.043, 102
Trd, 4318694.493, 101
Trd, 4318695.043, 96
Trd, 4318695.393, 125
Trd, 4318696.143, 124
Trd, 4318696.343, 125
Trd, 4318696.643, 84
Trd, 4318697.793, 60
Trd, 4318698.493, 60
Trd, 4318698.543, 61
Trd, 4318700.093, 60
Trd, 4318700.543, 60
Trd, 4318700.793, 68
Trd, 4318701.893, 61
Trd, 4318702.943, 66
Trd, 4318704.293, 72
Trd, 4318704.343, 71
Trd, 4318704.543, 71
Trd, 4318705.343, 74
Trd, 4318706.443, 129
Trd, 4318707.393, 131
Trd, 4318707.893, 126
Trd, 4318708.493, 107
Trd, 4318709.093, 106
Trd, 4318710.393, 133
Trd, 4318711.193, 132
Trd, 4318711.993, 114
Trd, 4318712.593, 97
Trd, 4318713.093, 119
Trd, 4318713.343, 129
Trd, 4318713.393, 81
Trd, 4318713.743, 80
Trd, 4318714.193, 92
Trd, 4318714.793, 87
Trd, 4318715.693, 82
Trd, 4318716.943, 87
Trd, 4318717.243, 60
Trd, 4318717.893, 60
Trd, 4318718.443, 66
Trd, 4318718.543, 67
Trd, 4318720.043, 70
Trd, 4318721.993, 123
Trd, 4318722.493, 123
Trd, 4318722.993, 122
Trd, 4318724.093, 62
Trd, 4318724.593, 64
Trd, 4318724.943, 68
Trd, 4318725.443, 63
Trd, 4318728.543, 117
Trd, 4318729.643, 120
Trd, 4318729.743, 119
Trd, 4318730.693, 76
Trd, 4318730.993, 78
Trd, 4318731.143, 61
Trd, 4318732.793, 60
Trd, 4318733.243, 60
Trd, 4318733.593, 69
Trd, 4318735.293, 60
Trd, 4318735.443, 61
Trd, 4318736.593, 63
Trd, 4318736.993, 66
Trd, 4318737.093, 64
Trd, 4318737.593, 119
Trd, 4318738.143, 99
Trd, 4318738.343, 98
Trd, 4318738.793, 60
Trd, 4318740.843, 60
Trd, 4318740.893, 60
Trd, 4318741.393, 60
Trd, 4318743.543, 60
Trd, 4318743.743, 62
Trd, 4318744.243, 68
Trd, 4318744.643, 67
Trd, 4318744.893, 60
Trd, 4318746.193, 65
Trd, 4318747.193, 113
Trd, 4318747.393, 69
Trd, 4318748.143, 64
Trd, 4318750.193, 60
Trd, 4318750.443, 60
Trd, 4318750.493, 60
Trd, 4318750.643, 61
Trd, 4318751.993, 60
Trd, 4318752.593, 61
Trd, 4318753.293, 64
Trd, 4318754.543, 62
Trd, 4318754.893, 60
Trd, 4318755.493, 61
Trd, 4318756.493, 61
Trd, 4318756.843, 62
Trd, 4318757.043, 63
Trd, 4318757.393, 73
Trd, 4318757.843, 62
Trd, 4318759.493, 61
Trd, 4318760.743, 110
Trd, 4318764.043, 60
Trd, 4318764.393, 60
Trd, 4318765.143, 60
Trd, 4318765.443, 60
Trd, 4318765.493, 60
Trd, 4318765.793, 60
Trd, 4318766.243, 69
Trd, 4318767.743, 88
Trd, 4318768.943, 136
Trd, 4318769.143, 135
Trd, 4318769.193, 69
Trd, 4318770.143, 107
Trd, 4318771.593, 98
Trd, 4318771.993, 98
Trd, 4318772.293, 133
Trd, 4318772.643, 82
Trd, 4318774.893, 89
Trd, 4318775.793, 85
Trd, 4318775.893, 81
Trd, 4318776.543, 108
Trd, 4318777.243, 86
Trd, 4318777.343, 63
Trd, 4318779.143, 63
Trd, 4318779.343, 63
Trd, 4318779.543, 70
Trd, 4318780.343, 61
Trd, 4318780.643, 82
Trd, 4318781.543, 83
Trd, 4318783.593, 87
Trd, 4318783.993, 110
Trd, 4318784.243, 89
Trd, 4318784.643, 86
Trd, 4318785.493, 100
Trd, 4318786.043, 108
Trd, 4318786.993, 65
Trd, 4318787.243, 65
Trd, 4318787.543, 66
Trd, 4318789.493, 118
Trd, 4318789.993, 118
Trd, 4318790.143, 117
Trd, 4318790.193, 107
Trd, 4318790.543, 86
Trd, 4318791.593, 64
Trd, 4318792.243, 62
Trd, 4318793.493, 60
Trd, 4318793.743, 60
Trd, 4318794.293, 61
Trd, 4318794.343, 62
Trd, 4318794.493, 63
Trd, 4318795.693, 128
Trd, 4318795.943, 71
Trd, 4318796.193, 118
Trd, 4318797.693, 60
Trd, 4318798.093, 63
Trd, 4318798.143, 64
Trd, 4318799.193, 61
Trd, 4318799.643, 62
Trd, 4318800.943, 60
Trd, 4318802.693, 64
Trd, 4318803.193, 64
Trd, 4318803.443, 66
Trd, 4318804.793, 63
Trd, 4318804.843, 67
Trd, 4318807.193, 60
Trd, 4318807.893, 60
Trd, 4318808.543, 63
Trd, 4318809.093, 61
Trd, 4318809.693, 62
Trd, 4318809.743, 61
Trd, 4318810.043, 64
Trd, 4318812.143, 137
Trd, 4318812.493, 92
Trd, 4318812.743, 88
Trd, 4318814.593, 108
Trd, 4318816.143, 108
Trd, 4318816.193, 107
Trd, 4318816.693, 109
Trd, 4318817.243, 111
Trd, 4318818.293, 111
Trd, 4318818.443, 110
Trd, 4318818.793, 107
Trd, 4318818.943, 105
Trd, 4318820.143, 115
Trd, 4318820.643, 60
Trd, 4318821.893, 112
Trd, 4318821.993, 110
Trd, 4318822.843, 82
Trd, 4318824.593, 109
Trd, 4318825.743, 84
Trd, 4318825.993, 85
Trd, 4318827.093, 117
Trd, 4318827.543, 116
Trd, 4318828.393, 114
Trd, 4318828.493, 113
Trd, 4318829.393, 118
Trd, 4318830.093, 127
Trd, 4318831.093, 118
Trd, 4318831.493, 88
Trd, 4318832.343, 80
Trd, 4318833.143, 106
Trd, 4318833.993, 82
Trd, 4318835.443, 78
Trd, 4318836.093, 103
Trd, 4318836.793, 94
Trd, 4318837.343, 77
Trd, 4318838.043, 102
Trd, 4318838.393, 81
Trd, 4318838.893, 96
Trd, 4318839.443, 98
Trd, 4318839.893, 101
Trd, 4318841.793, 96
Trd, 4318842.443, 88
Trd, 4318842.593, 111
Trd, 4318842.793, 114
Trd, 4318844.243, 60
Trd, 4318844.443, 60
Trd, 4318844.493, 61
Trd, 4318845.343, 69
Trd, 4318845.893, 62
Trd, 4318845.993, 69
Trd, 4318846.743, 68
Trd, 4318849.943, 60
Trd, 4318850.043, 60
Trd, 4318850.193, 60
Trd, 4318850.393, 60
Trd, 4318851.143, 139
Trd, 4318851.993, 60
Trd, 4318852.993, 62
Trd, 4318854.243, 60
Trd, 4318854.893, 63
Trd, 4318855.293, 63
Trd, 4318855.443, 70
Trd, 4318856.543, 69
Trd, 4318856.993, 63
Trd, 4318858.293, 60
Trd, 4318859.043, 63
Trd, 4318859.443, 60
Trd, 4318860.543, 60
Trd, 4318860.843, 61
Trd, 4318860.943, 71
Trd, 4318862.093, 67
Trd, 4318863.143, 66
Trd, 4318863.393, 67
Trd, 4318863.693, 69
Trd, 4318863.943, 68
Trd, 4318864.093, 71
Trd, 4318866.243, 60
Trd, 4318866.393, 64
Trd, 4318867.093, 130
Trd, 4318869.093, 60
Trd, 4318869.943, 60
Trd, 4318870.043, 60
Trd, 4318870.393, 60
Trd, 4318870.943, 71
Trd, 4318871.593, 69
Trd, 4318871.793, 87
Trd, 4318873.593, 63
Trd, 4318874.793, 101
Trd, 4318875.493, 90
Trd, 4318876.543, 105
Trd, 4318877.493, 119
Trd, 4318878.093, 118
Trd, 4318878.493, 125
Trd, 4318880.493, 121
Trd, 4318880.543, 120
Trd, 4318881.043, 99
Trd, 4318881.093, 99
Trd, 4318883.043, 129
Trd, 4318884.143, 139
Trd, 4318884.243, 127
Trd, 4318884.993, 132
Trd, 4318885.643, 128
Trd, 4318886.093, 88
Trd, 4318887.543, 133
Trd, 4318888.643, 131
Trd, 4318888.743, 128
Trd, 4318888.893, 124
Trd, 4318889.693, 128
Trd, 4318891.393, 120
Trd, 4318891.593, 132
Trd, 4318892.543, 111
Trd, 4318892.893, 112
Trd, 4318893.393, 114
Trd, 4318894.143, 119
Trd, 4318894.993, 136
Trd, 4318895.293, 89
Trd, 4318896.043, 115
Trd, 4318896.943, 91
Trd, 4318897.343, 107
Trd, 4318898.893, 108
Trd, 4318900.193, 130
Trd, 4318900.893, 78
Trd, 4318901.693, 60
Trd, 4318901.743, 60
Trd, 4318902.593, 134
Trd, 4318903.693, 133
Trd, 4318903.893, 119
Trd, 4318905.543, 140
Trd, 4318906.693, 140
Trd, 4318906.743, 133
Trd, 4318906.943, 113
Trd, 4318906.993, 92
Trd, 4318907.893, 114
Trd, 4318908.743, 96
Trd, 4318911.093, 125
Trd, 4318911.993, 60
Trd, 4318912.693, 60
Trd, 4318912.943, 60
Trd, 4318913.393, 60
Trd, 4318913.943, 62
Trd, 4318914.893, 61
Trd, 4318915.393, 60
Trd, 4318915.843, 61
Trd, 4318915.943, 63
Trd, 4318916.143, 90
Trd, 4318917.093, 61
Trd, 4318919.193, 117
Trd, 4318919.593, 95
Trd, 4318919.693, 94
Trd, 4318920.043, 93
Trd, 4318920.343, 80
Trd, 4318921.443, 60
Trd, 4318922.093, 60
Trd, 4318923.143, 60
Trd, 4318924.593, 60
Trd, 4318925.293, 61
Trd, 4318926.293, 60
Trd, 4318927.043, 60
Trd, 4318927.393, 61
Trd, 4318927.793, 62
Trd, 4318928.943, 60
Trd, 4318930.393, 60
Trd, 4318930.593, 60
Trd, 4318930.743, 63
Trd, 4318930.843, 67
Trd, 4318931.543, 92
Trd, 4318931.993, 62
Trd, 4318933.293, 64
Trd, 4318935.043, 125
Trd, 4318935.693, 124
Trd, 4318936.693, 104
Trd, 4318936.843, 129
Trd, 4318936.943, 126
Trd, 4318937.643, 91
Trd, 4318938.343, 89
Trd, 4318939.443, 134
Trd, 4318939.993, 134
Trd, 4318940.943, 128
Trd, 4318943.093, 99
Trd, 4318943.343, 61
Trd, 4318943.493, 60
Trd, 4318944.943, 64
Trd, 4318945.743, 132
Trd, 4318946.043, 65
Trd, 4318946.243, 77
Trd, 4318946.743, 84
Trd, 4318949.043, 108
Trd, 4318949.943, 130
Trd, 4318949.993, 129
Trd, 4318950.843, 60
Trd, 4318951.193, 61
Trd, 4318951.243, 62
Trd, 4318951.593, 62
Trd, 4318952.293, 60
Trd, 4318952.893, 88
Trd, 4318953.743, 61
Trd, 4318955.243, 106
Trd, 4318955.593, 107
Trd, 4318956.893, 109
Trd, 4318957.843, 90
Trd, 4318958.243, 89
Trd, 4318958.743, 71
Trd, 4318960.843, 60
Trd, 4318961.193, 61
Trd, 4318961.293, 62
Trd, 4318961.343, 62
Trd, 4318963.243, 61
Trd, 4318963.493, 65
Trd, 4318964.043, 65
Trd, 4318964.243, 75
Trd, 4318965.893, 105
Trd, 4318966.293, 105
Trd, 4318966.393, 104
Trd, 4318966.993, 104
Trd, 4318967.143, 100
Trd, 4318967.843, 103
Trd, 4318967.893, 69
Trd, 4318969.393, 100
Trd, 4318970.043, 88
Trd, 4318970.793, 124
Trd, 4318970.993, 89
Trd, 4318971.593, 120
Trd, 4318972.793, 92
Trd, 4318973.443, 91
Trd, 4318974.993, 65
Trd, 4318975.043, 64
Trd, 4318975.593, 65
Trd, 4318975.643, 66
Trd, 4318977.143, 115
Trd, 4318978.743, 116
Trd, 4318979.693, 115
Trd, 4318979.943, 112
Trd, 4318980.293, 98
Trd, 4318981.193, 112
Trd, 4318981.893, 96
Trd, 4318982.493, 98
Trd, 4318982.843, 118
Trd, 4318983.493, 134
Trd, 4318984.343, 87
Trd, 4318984.743, 133
Trd, 4318985.493, 102
Trd, 4318985.693, 65
Trd, 4318987.743, 71
Trd, 4318988.843, 102
Trd, 4318990.393, 62
Trd, 4318990.493, 61
Trd, 4318990.743, 62
Trd, 4318990.893, 61
Trd, 4318991.243, 73
Trd, 4318991.643, 88
Trd, 4318992.193, 89
Trd, 4318993.043, 72
Trd, 4318993.993, 76
Trd, 4318994.793, 108
Trd, 4318995.043, 108
Trd, 4318996.443, 122
Trd, 4318996.593, 93
Trd, 4318997.593, 132
Trd, 4318998.193, 127
Trd, 4318998.243, 120
Trd, 4318998.843, 64
Trd, 4319000.093, 73
Trd, 4319001.043, 127
Trd, 4319002.643, 105
Trd, 4319003.593, 117
Trd, 4319003.943, 118
Trd, 4319004.193, 117
Trd, 4319004.543, 116
Trd, 4319004.793, 64
Trd, 4319005.043, 62
Trd, 4319005.993, 121
Trd, 4319007.193, 137
Trd, 4319007.643, 108
Trd, 4319008.943, 133
Trd, 4319009.393, 120
Trd, 4319010.043, 108
Trd, 4319010.893, 99
Trd, 4319014.093, 126
Trd, 4319014.893, 129
Trd, 4319016.243, 132
Trd, 4319016.293, 131
Trd, 4319016.543, 115
Trd, 4319018.043, 114
Trd, 4319018.493, 110
Trd, 4319019.593, 115
Trd, 4319020.643, 118
Trd, 4319021.343, 92
Trd, 4319022.143, 116
Trd, 4319023.593, 102
Trd, 4319023.643, 69
Trd, 4319024.993, 84
Trd, 4319025.443, 108
Trd, 4319025.493, 83
Trd, 4319027.043, 92
Trd, 4319027.293, 91
Trd, 4319027.593, 78
Trd, 4319029.093, 95
Trd, 4319029.343, 88
Trd, 4319030.243, 87
Trd, 4319031.043, 111
Trd, 4319032.743, 126
Trd, 4319033.443, 124
Trd, 4319033.643, 123
Trd, 4319034.643, 113
Trd, 4319035.393, 113
Trd, 4319036.143, 115
Trd, 4319037.793, 111
Trd, 4319037.943, 111
Trd, 4319039.893, 68
Trd, 4319041.543, 115
Trd, 4319041.943, 115
Trd, 4319042.093, 114
Trd, 4319042.793, 128
Trd, 4319042.893, 131
Trd, 4319044.343, 118
Trd, 4319044.443, 111
Trd, 4319046.143, 126
Trd, 4319047.243, 128
Trd, 4319048.593, 128
Trd, 4319048.943, 117
Trd, 4319049.743, 104
Trd, 4319050.843, 136
Trd, 4319053.043, 114
Trd, 4319053.143, 97
Trd, 4319053.193, 96
Trd, 4319054.443, 140
Trd, 4319054.693, 94
Trd, 4319054.993, 95
Trd, 4319055.643, 109
Trd, 4319058.393, 125
Trd, 4319059.343, 98
Trd, 4319059.943, 62
Trd, 4319060.543, 62
Trd, 4319060.643, 63
Trd, 4319060.693, 71
Trd, 4319061.243, 60
Trd, 4319062.693, 60
Trd, 4319063.943, 60
Trd, 4319065.143, 60
Trd, 4319065.743, 60
Trd, 4319066.893, 60
Trd, 4319067.693, 60
Trd, 4319067.993, 60
Trd, 4319069.543, 60
Trd, 4319069.893, 60
Trd, 4319070.043, 60
Trd, 4319070.093, 60
Trd, 4319070.993, 65
Trd, 4319072.343, 60
Trd, 4319072.443, 60
Trd, 4319072.793, 61
Trd, 4319073.693, 64
Trd, 4319073.893, 63
Trd, 4319075.493, 109
Trd, 4319075.543, 90
Trd, 4319077.743, 65
Trd, 4319078.593, 62
Trd, 4319078.943, 63
Trd, 4319080.793, 60
Trd, 4319081.593, 60
Trd, 4319082.143, 60
Trd, 4319082.393, 61
Trd, 4319082.543, 65
Trd, 4319082.843, 87
Trd, 4319084.593, 61
Trd, 4319084.793, 64
Trd, 4319085.493, 67
Trd, 4319087.443, 139
Trd, 4319088.443, 138
Trd, 4319088.493, 133
Trd, 4319089.393, 83
Trd, 4319089.793, 124
Trd, 4319090.643, 128
Trd, 4319092.293, 132
Trd, 4319092.893, 134
Trd, 4319093.193, 109
Trd, 4319093.893, 73
Trd, 4319096.293, 114
Trd, 4319096.443, 115
Trd, 4319097.343, 133
Trd, 4319097.443, 114
Trd, 4319100.643, 118
Trd, 4319101.893, 140
Trd, 4319101.993, 140
Trd, 4319102.743, 116
Trd, 4319102.843, 98
Trd, 4319103.293, 89
Trd, 4319103.393, 76
Trd, 4319103.693, 64
Trd, 4319105.893, 60
Trd, 4319106.993, 60
Trd, 4319108.243, 60
Trd, 4319108.643, 60
Trd, 4319109.343, 61
Trd, 4319109.893, 60
Trd, 4319110.393, 62
Trd, 4319110.643, 61
Trd, 4319111.143, 61
Trd, 4319111.543, 86
Trd, 4319113.093, 63
Trd, 4319113.643, 65
Trd, 4319113.693, 66
Trd, 4319114.393, 60
Trd, 4319114.543, 66
Trd, 4319114.743, 67
Trd, 4319114.843, 73
Trd, 4319115.993, 61
Trd, 4319116.343, 60
Trd, 4319117.243, 63
Trd, 4319118.643, 60
Trd, 4319118.843, 60
Trd, 4319119.143, 63
Trd, 4319119.393, 69
Trd, 4319119.743, 64
Trd, 4319119.943, 63
Trd, 4319123.193, 60
Trd, 4319123.493, 60
Trd, 4319124.043, 60
Trd, 4319124.793, 60
Trd, 4319125.043, 60
Trd, 4319126.193, 60
Trd, 4319126.293, 60
Trd, 4319126.543, 60
Trd, 4319126.943, 61
Trd, 4319127.743, 88
Trd, 4319127.943, 64
Trd, 4319127.993, 63
Trd, 4319130.193, 61
Trd, 4319131.593, 61
Trd, 4319132.443, 79
Trd, 4319133.293, 79
Trd, 4319133.593, 69
Trd, 4319134.293, 105
Trd, 4319134.993, 65
Trd, 4319135.443, 73
Trd, 4319135.943, 90
Trd, 4319136.293, 73
Trd, 4319136.593, 64
Trd, 4319137.093, 119
Trd, 4319137.593, 121
Trd, 4319138.543, 60
Trd, 4319138.793, 61
Trd, 4319140.143, 60
Trd, 4319140.243, 61
Trd, 4319140.293, 64
Trd, 4319141.043, 60
Trd, 4319142.643, 62
Trd, 4319142.893, 63
Trd, 4319142.993, 60
Trd, 4319144.093, 61
Trd, 4319146.293, 60
Trd, 4319146.693, 61
Trd, 4319146.743, 64
Trd, 4319147.843, 121
Trd, 4319148.543, 123
Trd, 4319149.643, 132
Trd, 4319149.893, 133
Trd, 4319150.143, 126
Trd, 4319151.043, 130
Trd, 4319151.943, 130
Trd, 4319152.343, 132
Trd, 4319152.493, 79
Trd, 4319153.243, 90
Trd, 4319154.193, 106
Trd, 4319154.293, 80
Trd, 4319154.593, 128
Trd, 4319154.893, 79
Trd, 4319155.243, 113
Trd, 4319155.593, 118
Trd, 4319157.043, 87
Trd, 4319157.643, 82
Trd, 4319158.143, 109
Trd, 4319160.293, 60
Trd, 4319162.343, 60
Trd, 4319162.643, 60
Trd, 4319163.743, 60
Trd, 4319164.243, 60
Trd, 4319164.993, 60
Trd, 4319165.693, 60
Trd, 4319165.893, 60
Trd, 4319166.443, 61
Trd, 4319167.193, 60
Trd, 4319167.593, 60
Trd, 4319168.093, 61
Trd, 4319168.393, 65
Trd, 4319169.043, 60
Trd, 4319170.593, 61
Trd, 4319172.543, 60
Trd, 4319173.493, 60
Trd, 4319173.743, 60
Trd, 4319174.193, 61
Trd, 4319174.343, 63
Trd, 4319175.043, 60
Trd, 4319175.143, 60
Trd, 4319175.443, 60
Trd, 4319175.793, 62
Trd, 4319177.243, 63
Trd, 4319177.443, 65
Trd, 4319177.993, 96
Trd, 4319178.193, 64
Trd, 4319178.643, 62
Trd, 4319179.643, 60
Trd, 4319180.293, 96
Trd, 4319180.443, 77
Trd, 4319181.543, 114
Trd, 4319182.443, 114
Trd, 4319184.143, 124
Trd, 4319184.493, 113
Trd, 4319184.993, 112
Trd, 4319186.093, 94
Trd, 4319186.193, 88
Trd, 4319186.543, 84
Trd, 4319186.593, 83
Trd, 4319187.993, 135
Trd, 4319188.593, 114
Trd, 4319188.643, 92
Trd, 4319191.243, 128
Trd, 4319192.843, 136
Trd, 4319192.993, 133
Trd, 4319194.643, 130
Trd, 4319194.743, 129
Trd, 4319195.043, 103
Trd, 4319195.093, 70
Trd, 4319195.443, 100
Trd, 4319197.143, 117
Trd, 4319197.793, 139
Trd, 4319198.393, 123
Trd, 4319199.393, 122
Trd, 4319200.793, 123
Trd, 4319200.993, 88
Trd, 4319201.393, 123
Trd, 4319202.393, 62
Trd, 4319203.143, 60
Trd, 4319204.443, 60
Trd, 4319204.893, 60
Trd, 4319205.693, 61
Trd, 4319205.793, 60
Trd, 4319205.943, 61
Trd, 4319207.343, 73
Trd, 4319208.993, 66
Trd, 4319209.743, 107
Trd, 4319210.893, 135
Trd, 4319210.993, 112
Trd, 4319212.743, 103
Trd, 4319213.443, 127
Trd, 4319213.693, 99
Trd, 4319215.293, 96
Trd, 4319215.743, 140
Trd, 4319216.043, 139
Trd, 4319216.143, 127
Trd, 4319216.393, 126
Trd, 4319217.643, 130
Trd, 4319218.143, 129
Trd, 4319219.543, 128
Trd, 4319220.043, 97
Trd, 4319220.243, 106
Trd, 4319221.743, 124
Trd, 4319222.093, 123
Trd, 4319222.993, 79
Trd, 4319223.293, 105
Trd, 4319223.993, 123
Trd, 4319224.093, 99
Trd, 4319224.943, 100
Trd, 4319225.893, 93
Trd, 4319225.993, 66
Trd, 4319227.043, 115
Trd, 4319227.143, 114
Trd, 4319228.243, 77
Trd, 4319228.743, 109
Trd, 4319229.493, 120
Trd, 4319230.343, 118
Trd, 4319232.443, 115
Trd, 4319232.643, 114
Trd, 4319233.343, 135
Trd, 4319233.793, 121
Trd, 4319235.243, 124
Trd, 4319235.843, 123
Trd, 4319236.343, 120
Trd, 4319238.543, 99
Trd, 4319238.643, 99
Trd, 4319239.693, 132
Trd, 4319239.893, 93
Trd, 4319240.793, 105
Trd, 4319240.893, 102
Trd, 4319240.993, 117
Trd, 4319241.443, 116
Trd, 4319242.393, 106
Trd, 4319243.943, 60
Trd, 4319244.193, 60
Trd, 4319245.143, 60
Trd, 4319246.443, 60
Trd, 4319247.243, 61
Trd, 4319247.743, 62
Trd, 4319248.593, 65
Trd, 4319248.693, 68
Trd, 4319248.843, 69
Trd, 4319250.043, 67
Trd, 4319250.243, 66
Trd, 4319250.393, 69
Trd, 4319251.093, 127
Trd, 4319252.093, 127
Trd, 4319252.793, 93
Trd, 4319253.393, 119
Trd, 4319254.993, 128
Trd, 4319255.143, 127
Trd, 4319256.593, 112
Trd, 4319256.893, 111
Trd, 4319258.693, 135
Trd, 4319259.793, 135
Trd, 4319260.343, 134
Trd, 4319260.493, 94
Trd, 4319260.543, 79
Trd, 4319261.293, 128
Trd, 4319262.493, 133
Trd, 4319263.343, 122
Trd, 4319264.143, 108
Trd, 4319265.793, 98
Trd, 4319265.943, 97
Trd, 4319266.143, 61
Trd, 4319267.793, 108
Trd, 4319269.443, 107
Trd, 4319269.543, 87
Trd, 4319269.643, 72
Trd, 4319270.443, 70
Trd, 4319270.793, 126
Trd, 4319271.693, 90
Trd, 4319272.143, 108
Trd, 4319272.993, 97
Trd, 4319273.093, 89
Trd, 4319273.543, 88
Trd, 4319275.593, 64
Trd, 4319276.493, 60
Trd, 4319276.893, 60
Trd, 4319277.593, 60
Trd, 4319278.243, 62
Trd, 4319279.193, 66
Trd, 4319279.343, 67
Trd, 4319279.593, 60
Trd, 4319281.243, 65
Trd, 4319281.993, 66
Trd, 4319283.143, 72
Trd, 4319283.843, 74
Trd, 4319285.043, 106
Trd, 4319285.393, 126
Trd, 4319286.793, 101
Trd, 4319286.893, 100
Trd, 4319287.193, 100
Trd, 4319288.843, 107
Trd, 4319288.993, 94
Trd, 4319289.143, 90
Trd, 4319289.293, 73
Trd, 4319290.543, 88
Trd, 4319291.543, 93
Trd, 4319293.193, 116
Trd, 4319293.493, 113
Trd, 4319294.193, 85
Trd, 4319294.493, 84
Trd, 4319295.643, 101
Trd, 4319295.993, 98
Trd, 4319296.343, 100
Trd, 4319296.693, 105
Trd, 4319297.743, 78
Trd, 4319298.893, 102
Trd, 4319300.093, 75
Trd, 4319300.793, 97
Trd, 4319300.993, 79
Trd, 4319301.343, 97
Trd, 4319301.593, 79
Trd, 4319302.043, 77
Trd, 4319303.193, 67
Trd, 4319303.643, 63
Trd, 4319303.743, 91
Trd, 4319304.943, 65
Trd, 4319305.293, 78
Trd, 4319305.493, 117
Trd, 4319305.693, 118
Trd, 4319306.443, 60
Trd, 4319307.543, 60
Trd, 4319307.843, 63
Trd, 4319309.343, 61
Trd, 4319309.943, 61
Trd, 4319310.893, 62
Trd, 4319311.193, 62
Trd, 4319311.743, 64
Trd, 4319313.443, 95
Trd, 4319314.643, 124
Trd, 4319315.743, 120
Trd, 4319316.043, 119
Trd, 4319316.343, 107
Trd, 4319317.043, 71
Trd, 4319317.793, 123
Trd, 4319317.943, 83
Trd, 4319319.743, 83
Trd, 4319320.143, 81
Trd, 4319320.243, 125
Trd, 4319322.093, 75
Trd, 4319322.643, 113
Trd, 4319322.793, 98
Trd, 4319324.243, 60
Trd, 4319325.993, 61
Trd, 4319326.293, 60
Trd, 4319326.643, 61
Trd, 4319327.343, 62
Trd, 4319327.593, 62
Trd, 4319328.293, 62
Trd, 4319328.793, 71
Trd, 4319329.443, 64
Trd, 4319329.693, 65
Trd, 4319330.243, 73
Trd, 4319331.243, 64
Trd, 4319332.743, 75
Trd, 4319333.293, 92
Trd, 4319334.993, 121
Trd, 4319335.293, 75
Trd, 4319335.343, 74
Trd, 4319337.493, 140
Trd, 4319337.693, 118
Trd, 4319338.143, 132
Trd, 4319338.843, 117
Trd, 4319339.143, 121
Trd, 4319340.593, 108
Trd, 4319340.893, 100
Trd, 4319341.793, 104
Trd, 4319343.093, 76
Trd, 4319343.143, 103
Trd, 4319343.793, 103
Trd, 4319343.843, 68
Trd, 4319345.743, 116
Trd, 4319346.493, 112
Trd, 4319346.793, 111
Trd, 4319347.143, 97
Trd, 4319348.143, 117
Trd, 4319348.693, 80
Trd, 4319349.393, 83
Trd, 4319350.043, 79
Trd, 4319350.393, 131
Trd, 4319350.543, 98
Trd, 4319352.143, 120
Trd, 4319353.493, 88
Trd, 4319353.793, 76
Trd, 4319354.193, 95
Trd, 4319355.243, 108
Trd, 4319355.493, 88
Trd, 4319355.843, 107
Trd, 4319356.643, 110
Trd, 4319357.193, 107
Trd, 4319358.193, 71
Trd, 4319358.893, 64
Trd, 4319359.393, 74
Trd, 4319359.943, 62
Trd, 4319361.043, 72
Trd, 4319362.243, 140
Trd, 4319362.893, 120
Trd, 4319363.093, 121
Trd, 4319364.243, 118
Trd, 4319364.793, 90
Trd, 4319365.993, 101
Trd, 4319366.793, 92
Trd, 4319366.943, 125
Trd, 4319367.693, 97
Trd, 4319368.193, 124
Trd, 4319368.643, 86
Trd, 4319369.193, 125
Trd, 4319370.543, 62
Trd, 4319370.893, 65
Trd, 4319371.993, 60
Trd, 4319372.193, 63
Trd, 4319373.343, 122
Trd, 4319373.493, 101
Trd, 4319373.843, 88
Trd, 4319374.893, 89
Trd, 4319376.243, 89
Trd, 4319377.993, 63
Trd, 4319378.593, 98
Trd, 4319379.193, 112
Trd, 4319379.893, 97
Trd, 4319380.943, 92
Trd, 4319380.993, 91
Trd, 4319381.043, 88
Trd, 4319381.393, 77
Trd, 4319381.643, 96
Trd, 4319382.543, 77
Trd, 4319385.093, 114
Trd, 4319386.093, 116
Trd, 4319387.193, 132
Trd, 4319387.393, 119
Trd, 4319388.093, 117
Trd, 4319388.343, 123
Trd, 4319389.693, 83
Trd, 4319390.293, 85
Trd, 4319390.343, 88
Trd, 4319390.493, 87
Trd, 4319390.593, 61
Trd, 4319393.043, 61
Trd, 4319393.093, 62
Trd, 4319393.393, 63
Trd, 4319393.943, 63
Trd, 4319394.493, 62
Trd, 4319396.093, 138
Trd, 4319397.243, 78
Trd, 4319397.293, 77
Trd, 4319398.343, 109
Trd, 4319399.743, 113
Trd, 4319400.293, 73
Trd, 4319402.193, 131
Trd, 4319402.843, 110
Trd, 4319403.043, 109
Trd, 4319403.443, 94
Trd, 4319404.043, 71
Trd, 4319406.193, 116
Trd, 4319406.793, 135
Trd, 4319406.993, 134
Trd, 4319407.543, 115
Trd, 4319407.693, 86
Trd, 4319408.343, 125
Trd, 4319409.293, 108
Trd, 4319409.893, 105
Trd, 4319410.593, 114
Trd, 4319411.343, 126
Trd, 4319411.393, 105
Trd, 4319411.593, 87
Trd, 4319412.043, 127
Trd, 4319412.893, 136
Trd, 4319413.543, 106
Trd, 4319416.243, 133
Trd, 4319416.293, 132
Trd, 4319416.743, 121
Trd, 4319417.743, 122
Trd, 4319419.293, 123
Trd, 4319419.743, 114
Trd, 4319420.893, 123
Trd, 4319420.993, 133
Trd, 4319421.043, 118
Trd, 4319424.493, 139
Trd, 4319424.893, 140
Trd, 4319425.993, 139
Trd, 4319426.393, 88
Trd, 4319427.393, 62
Trd, 4319428.093, 61
Trd, 4319428.393, 60
Trd, 4319428.443, 61
Trd, 4319428.993, 62
Trd, 4319429.693, 62
Trd, 4319430.643, 91
Trd, 4319431.843, 67
Trd, 4319431.993, 68
Trd, 4319432.343, 66
Trd, 4319432.443, 65
Trd, 4319433.093, 62
Trd, 4319435.193, 60
Trd, 4319435.893, 68
Trd, 4319436.543, 69
Trd, 4319437.343, 121
Trd, 4319437.793, 71
Trd, 4319438.393, 60
Trd, 4319438.893, 62
Trd, 4319440.243, 61
Trd, 4319440.893, 60
Trd, 4319441.093, 60
Trd, 4319441.193, 60
Trd, 4319442.243, 61
Trd, 4319442.593, 62
Trd, 4319443.293, 62
Trd, 4319443.343, 61
Trd, 4319443.493, 63
Trd, 4319443.593, 62
Trd, 4319444.993, 65
Trd, 4319446.393, 61
Trd, 4319446.643, 62
Trd, 4319449.493, 124
Trd, 4319449.793, 123
Trd, 4319450.093, 122
Trd, 4319450.143, 121
Trd, 4319450.993, 62
Trd, 4319451.643, 65
Trd, 4319452.143, 64
Trd, 4319452.343, 65
Trd, 4319452.443, 66
Trd, 4319452.493, 66
Trd, 4319453.193, 99
Trd, 4319454.693, 61
Trd, 4319455.393, 60
Trd, 4319455.993, 71
Trd, 4319456.743, 60
Trd, 4319457.593, 61
Trd, 4319459.593, 60
Trd, 4319459.693, 60
Trd, 4319460.443, 60
Trd, 4319461.743, 60
Trd, 4319463.093, 60
Trd, 4319463.793, 60
Trd, 4319465.243, 60
Trd, 4319465.393, 60
Trd, 4319466.243, 60
Trd, 4319466.493, 60
Trd, 4319466.643, 60
Trd, 4319467.793, 60
Trd, 4319467.893, 61
Trd, 4319468.293, 62
Trd, 4319469.743, 66
Trd, 4319470.693, 96
Trd, 4319470.843, 96
Trd, 4319471.193, 89
Trd, 4319471.243, 90
Trd, 4319472.793, 62
Trd, 4319473.043, 64
Trd, 4319473.543, 61
Trd, 4319475.543, 75
Trd, 4319475.993, 72
Trd, 4319476.893, 65
Trd, 4319478.393, 61
Trd, 4319478.643, 62
Trd, 4319479.743, 62
Trd, 4319480.493, 70
Trd, 4319480.643, 71
Trd, 4319481.243, 65
Trd, 4319481.643, 101
Trd, 4319481.793, 100
Trd, 4319483.393, 71
Trd, 4319484.943, 105
Trd, 4319485.843, 124
Trd, 4319485.993, 94
Trd, 4319486.693, 60
Trd, 4319487.243, 60
Trd, 4319487.893, 64
Trd, 4319488.343, 65
Trd, 4319488.693, 66
Trd, 4319488.893, 104
Trd, 4319489.543, 137
Trd, 4319489.793, 64
Trd, 4319492.043, 132
Trd, 4319493.343, 60
Trd, 4319493.943, 60
Trd, 4319494.193, 61
Trd, 4319494.993, 62
Trd, 4319496.043, 60
Trd, 4319497.043, 60
Trd, 4319497.643, 62
Trd, 4319498.193, 67
Trd, 4319498.643, 64
Trd, 4319498.993, 64
Trd, 4319500.393, 67
Trd, 4319502.743, 140
Trd, 4319503.193, 75
Trd, 4319503.793, 110
Trd, 4319503.843, 102
Trd, 4319504.843, 138
Trd, 4319504.943, 124
Trd, 4319506.593, 111
Trd, 4319507.793, 100
Trd, 4319507.893, 100
Trd, 4319507.993, 99
Trd, 4319508.443, 98
Trd, 4319510.143, 60
Trd, 4319510.243, 60
Trd, 4319511.043, 84
Trd, 4319511.093, 76
Trd, 4319511.243, 98
Trd, 4319511.993, 62
Trd, 4319513.693, 60
Trd, 4319514.443, 65
Trd, 4319514.593, 66
Trd, 4319515.343, 66
Trd, 4319515.743, 63
Trd, 4319516.193, 62
Trd, 4319516.443, 61
Trd, 4319516.943, 65
Trd, 4319517.893, 62
Trd, 4319518.443, 64
Trd, 4319518.743, 62
Trd, 4319519.943, 61
Trd, 4319521.643, 65
Trd, 4319522.743, 60
Trd, 4319522.843, 60
Trd, 4319523.393, 60
Trd, 4319523.493, 60
Trd, 4319523.843, 61
Trd, 4319524.243, 62
Trd, 4319526.593, 62
Trd, 4319526.743, 63
Trd, 4319527.243, 67
Trd, 4319528.093, 60
Trd, 4319530.493, 60
Trd, 4319530.893, 60
Trd, 4319531.843, 60
Trd, 4319531.943, 61
Trd, 4319532.193, 61
Trd, 4319533.643, 62
Trd, 4319533.743, 63
Trd, 4319534.493, 60
Trd, 4319534.693, 62
Trd, 4319535.143, 63
Trd, 4319535.193, 62
Trd, 4319535.443, 60
Trd, 4319536.693, 86
Trd, 4319537.743, 71
Trd, 4319537.893, 69
Trd, 4319539.143, 79
Trd, 4319539.343, 85
Trd, 4319539.893, 74
Trd, 4319540.643, 81
Trd, 4319541.193, 82
Trd, 4319541.493, 68
Trd, 4319542.243, 71
Trd, 4319543.643, 133
Trd, 4319544.493, 134
Trd, 4319544.643, 133
Trd, 4319545.743, 121
Trd, 4319547.093, 98
Trd, 4319547.493, 110
Trd, 4319547.643, 125
Trd, 4319549.293, 79
Trd, 4319549.743, 89
Trd, 4319550.693, 111
Trd, 4319551.143, 83
Trd, 4319551.793, 78
Trd, 4319553.093, 110
Trd, 4319554.593, 117
Trd, 4319555.143, 102
Trd, 4319555.343, 74
Trd, 4319556.043, 61
Trd, 4319557.143, 60
Trd, 4319558.043, 60
Trd, 4319558.293, 64
Trd, 4319559.143, 65
Trd, 4319559.393, 64
Trd, 4319560.043, 64
Trd, 4319560.193, 76
Trd, 4319560.943, 111
Trd, 4319562.043, 79
Trd, 4319563.693, 130
Trd, 4319564.793, 130
Trd, 4319565.343, 131
Trd, 4319566.493, 101
Trd, 4319567.343, 87
Trd, 4319569.043, 122
Trd, 4319570.693, 116
Trd, 4319570.843, 116
Trd, 4319571.093, 117
Trd, 4319571.443, 131
Trd, 4319572.143, 60
Trd, 4319572.193, 61
Trd, 4319574.143, 78
Trd, 4319574.843, 110
Trd, 4319576.643, 111
Trd, 4319576.743, 111
Trd, 4319577.443, 113
Trd, 4319578.143, 113
Trd, 4319578.843, 75
Trd, 4319579.143, 99
Trd, 4319579.493, 98
Trd, 4319579.943, 114
Trd, 4319580.243, 73
Trd, 4319581.343, 72
Trd, 4319581.443, 73
Trd, 4319583.243, 65
Trd, 4319584.143, 62
Trd, 4319586.493, 60
Trd, 4319586.543, 60
Trd, 4319586.893, 61
Trd, 4319586.993, 67
Trd, 4319587.443, 64
Trd, 4319587.743, 72
Trd, 4319588.143, 64
Trd, 4319589.243, 77
Trd, 4319589.893, 75
Trd, 4319590.393, 64
Trd, 4319590.943, 62
Trd, 4319591.893, 60
Trd, 4319592.493, 65
Trd, 4319593.943, 76
Trd, 4319595.493, 60
Trd, 4319595.843, 60
Trd, 4319596.193, 61
Trd, 4319596.493, 63
Trd, 4319596.643, 64
Trd, 4319596.693, 64
Trd, 4319597.243, 67
Trd, 4319598.193, 100
Trd, 4319598.243, 97
Trd, 4319599.643, 110
Trd, 4319599.943, 110
Trd, 4319602.593, 122
Trd, 4319602.643, 120
Trd, 4319603.243, 78
Trd, 4319603.743, 113
Trd, 4319604.543, 130
Trd, 4319605.493, 118
Trd, 4319605.993, 117
Trd, 4319606.593, 83
Trd, 4319607.243, 82
Trd, 4319607.743, 81
Trd, 4319609.043, 76
Trd, 4319610.043, 88
Trd, 4319611.743, 79
Trd, 4319611.793, 72
Trd, 4319612.943, 88
Trd, 4319613.193, 116
Trd, 4319614.943, 94
Trd, 4319615.043, 93
Trd, 4319615.193, 107
Trd, 4319615.793, 93
Trd, 4319616.043, 91
Trd, 4319616.243, 108
Trd, 4319616.543, 109
Trd, 4319618.043, 97
Trd, 4319619.543, 94
Trd, 4319620.443, 105
Trd, 4319620.993, 93
Trd, 4319623.393, 140
Trd, 4319623.443, 120
Trd, 4319624.143, 114
Trd, 4319624.243, 113
Trd, 4319625.243, 97
Trd, 4319625.343, 74
Trd, 4319627.393, 115
Trd, 4319627.793, 115
Trd, 4319628.293, 114
Trd, 4319628.743, 114
Trd, 4319629.793, 135
Trd, 4319631.493, 139
Trd, 4319631.793, 140
Trd, 4319632.493, 135
Trd, 4319633.643, 122
Trd, 4319634.143, 122
Trd, 4319634.393, 121
Trd, 4319635.043, 125
Trd, 4319636.193, 76
Trd, 4319636.543, 66
Trd, 4319637.143, 62
Trd, 4319637.443, 60
Trd, 4319638.393, 61
Trd, 4319639.643, 60
Trd, 4319639.993, 60
Trd, 4319641.693, 130
Trd, 4319641.893, 129
Trd, 4319642.493, 82
Trd, 4319643.643, 64
Trd, 4319643.943, 66
Trd, 4319644.443, 65
Trd, 4319645.393, 83
Trd, 4319646.143, 83
Trd, 4319646.393, 85
Trd, 4319646.493, 88
Trd, 4319646.593, 90
Trd, 4319647.593, 97
Trd, 4319647.643, 94
Trd, 4319648.543, 102
Trd, 4319650.143, 70
Trd, 4319651.393, 118
Trd, 4319651.443, 70
Trd, 4319652.593, 70
Trd, 4319653.593, 111
Trd, 4319653.843, 99
Trd, 4319654.093, 66
Trd, 4319654.143, 64
Trd, 4319654.543, 67
Trd, 4319655.393, 70
Trd, 4319655.843, 60
Trd, 4319657.293, 60
Trd, 4319657.643, 62
Trd, 4319657.893, 62
Trd, 4319658.293, 61
Trd, 4319659.543, 62
Trd, 4319661.393, 60
Trd, 4319662.143, 60
Trd, 4319662.343, 60
Trd, 4319662.693, 63
Trd, 4319663.743, 86
Trd, 4319664.043, 122
Trd, 4319664.543, 118
Trd, 4319665.393, 110
Trd, 4319665.443, 109
Trd, 4319666.143, 118
Trd, 4319666.793, 108
Trd, 4319667.543, 75
Trd, 4319668.943, 118
Trd, 4319670.243, 116
Trd, 4319670.393, 103
Trd, 4319670.843, 133
Trd, 4319671.943, 108
Trd, 4319672.243, 95
Trd, 4319673.693, 138
Trd, 4319673.893, 136
Trd, 4319674.043, 130
Trd, 4319674.293, 102
Trd, 4319674.593, 101
Trd, 4319676.143, 68
Trd, 4319676.693, 69
Trd, 4319676.793, 73
Trd, 4319677.643, 77
Trd, 4319677.743, 76
Trd, 4319679.193, 97
Trd, 4319679.493, 96
Trd, 4319679.543, 86
Trd, 4319681.843, 129
Trd, 4319682.593, 130
Trd, 4319682.793, 128
Trd, 4319683.243, 87
Trd, 4319684.543, 111
Trd, 4319684.693, 110
Trd, 4319684.843, 109
Trd, 4319685.443, 70
Trd, 4319685.493, 124
Trd, 4319685.843, 95
Trd, 4319687.143, 125
Trd, 4319689.293, 138
Trd, 4319690.093, 132
Trd, 4319690.543, 132
Trd, 4319691.193, 130
Trd, 4319691.743, 124
Trd, 4319691.993, 110
Trd, 4319692.893, 83
Trd, 4319694.893, 125
Trd, 4319695.243, 107
Trd, 4319695.543, 96
Trd, 4319695.943, 118
Trd, 4319697.443, 85
Trd, 4319698.243, 100
Trd, 4319698.393, 115
Trd, 4319698.793, 85
Trd, 4319698.943, 84
Trd, 4319699.643, 70
Trd, 4319700.943, 90
Trd, 4319701.943, 112
Trd, 4319702.143, 68
Trd, 4319702.443, 113
Trd, 4319704.093, 66
Trd, 4319704.443, 108
Trd, 4319705.293, 103
Trd, 4319705.743, 111
Trd, 4319705.893, 105
Trd, 4319705.943, 102
Trd, 4319707.143, 60
Trd, 4319707.493, 67
Trd, 4319707.843, 138
Trd, 4319709.693, 129
Trd, 4319709.793, 128
Trd, 4319710.193, 128
Trd, 4319711.043, 129
Trd, 4319711.443, 127
Trd, 4319711.643, 113
Trd, 4319713.993, 106
Trd, 4319714.593, 105
Trd, 4319715.043, 135
Trd, 4319715.093, 134
Trd, 4319716.243, 110
Trd, 4319717.143, 138
Trd, 4319717.743, 104
Trd, 4319718.893, 133
Trd, 4319720.143, 134
Trd, 4319720.343, 86
Trd, 4319721.643, 118
Trd, 4319723.343, 134
Trd, 4319724.293, 134
Trd, 4319724.443, 134
Trd, 4319725.293, 130
Trd, 4319725.393, 125
Trd, 4319725.993, 113
Trd, 4319726.143, 112
Trd, 4319726.743, 83
Trd, 4319727.693, 64
Trd, 4319728.293, 66
Trd, 4319728.443, 67
Trd, 4319730.943, 71
Trd, 4319731.493, 94
Trd, 4319731.643, 64
Trd, 4319733.543, 87
Trd, 4319735.143, 85
Trd, 4319736.893, 60
Trd, 4319737.493, 61
Trd, 4319737.993, 63
Trd, 4319738.293, 64
Trd, 4319738.443, 62
Trd, 4319738.593, 67
Trd, 4319739.043, 61
Trd, 4319739.093, 68
Trd, 4319740.143, 61
Trd, 4319741.593, 60
Trd, 4319743.393, 86
Trd, 4319743.693, 69
Trd, 4319744.543, 87
Trd, 4319744.693, 70
Trd, 4319744.743, 88
Trd, 4319744.993, 90
Trd, 4319745.793, 67
Trd, 4319745.943, 66
Trd, 4319746.493, 66
Trd, 4319748.393, 63
Trd, 4319749.893, 92
Trd, 4319750.243, 92
Trd, 4319750.293, 93
Trd, 4319751.043, 68
Trd, 4319751.593, 68
Trd, 4319752.343, 69
Trd, 4319753.043, 70
Trd, 4319753.193, 67
Trd, 4319753.543, 67
Trd, 4319756.743, 60
Trd, 4319756.843, 60
Trd, 4319757.043, 60
Trd, 4319757.693, 61
Trd, 4319758.893, 63
Trd, 4319759.993, 65
Trd, 4319760.393, 68
Trd, 4319760.843, 83
Trd, 4319761.643, 123
Trd, 4319762.443, 123
Trd, 4319762.793, 120
Trd, 4319763.143, 117
Trd, 4319763.543, 124
Trd, 4319764.693, 121
Trd, 4319765.443, 95
Trd, 4319765.793, 82
Trd, 4319765.893, 79
Trd, 4319767.443, 63
Trd, 4319768.293, 64
Trd, 4319768.593, 65
Trd, 4319769.293, 65
Trd, 4319769.993, 97
Trd, 4319770.843, 98
Trd, 4319771.493, 121
Trd, 4319771.643, 97
Trd, 4319772.693, 60
Trd, 4319773.243, 101
Trd, 4319774.243, 60
Trd, 4319774.893, 60
Trd, 4319775.343, 60
Trd, 4319776.693, 60
Trd, 4319778.343, 60
Trd, 4319779.093, 61
Trd, 4319779.243, 68
Trd, 4319780.043, 62
Trd, 4319780.493, 61
Trd, 4319781.443, 60
Trd, 4319781.793, 62
Trd, 4319782.293, 64
Trd, 4319783.593, 60
Trd, 4319783.693, 61
Trd, 4319783.893, 64
Trd, 4319784.693, 64
Trd, 4319785.343, 66
Trd, 4319786.543, 61
Trd, 4319787.893, 60
Trd, 4319788.043, 60
Trd, 4319788.343, 60
Trd, 4319789.593, 67
Trd, 4319789.893, 63
Trd, 4319790.743, 64
Trd, 4319791.543, 62
Trd, 4319792.943, 61
Trd, 4319793.893, 64
Trd, 4319795.093, 107
Trd, 4319795.243, 69
Trd, 4319796.643, 131
Trd, 4319796.743, 130
Trd, 4319797.093, 129
Trd, 4319797.893, 107
Trd, 4319798.993, 136
Trd, 4319799.093, 102
Trd, 4319801.743, 108
Trd, 4319802.543, 107
Trd, 4319804.143, 111
Trd, 4319805.493, 118
Trd, 4319806.393, 72
Trd, 4319806.443, 109
Trd, 4319806.793, 69
Trd, 4319807.143, 66
Trd, 4319807.893, 126
Trd, 4319808.093, 130
Trd, 4319809.893, 95
Trd, 4319810.343, 62
Trd, 4319810.593, 60
Trd, 4319810.993, 61
Trd, 4319811.593, 61
Trd, 4319811.893, 64
Trd, 4319812.943, 122
Trd, 4319813.193, 121
Trd, 4319814.343, 121
Trd, 4319815.143, 66
Trd, 4319816.543, 95
Trd, 4319816.893, 74
Trd, 4319817.493, 121
Trd, 4319817.543, 71
Trd, 4319818.643, 110
Trd, 4319818.743, 71
Trd, 4319820.593, 110
Trd, 4319820.743, 80
Trd, 4319821.043, 99
Trd, 4319822.793, 60
Trd, 4319823.593, 60
Trd, 4319824.393, 60
Trd, 4319825.993, 60
Trd, 4319826.843, 60
Trd, 4319827.043, 60
Trd, 4319827.093, 63
Trd, 4319827.793, 63
Trd, 4319828.043, 70
Trd, 4319828.893, 64
Trd, 4319829.643, 66
Trd, 4319829.843, 66
Trd, 4319830.793, 65
Trd, 4319831.043, 69
Trd, 4319831.743, 66
Trd, 4319832.193, 94
Trd, 4319832.493, 104
Trd, 4319834.993, 107
Trd, 4319835.293, 108
Trd, 4319835.393, 80
Trd, 4319836.693, 118
Trd, 4319837.293, 119
Trd, 4319838.793, 85
Trd, 4319838.943, 106
Trd, 4319840.193, 133
Trd, 4319840.393, 104
Trd, 4319841.393, 113
Trd, 4319841.843, 101
Trd, 4319843.393, 111
Trd, 4319844.593, 139
Trd, 4319844.893, 139
Trd, 4319845.293, 138
Trd, 4319847.893, 135
Trd, 4319848.243, 131
Trd, 4319848.893, 105
Trd, 4319850.643, 137
Trd, 4319851.793, 120
Trd, 4319852.643, 120
Trd, 4319853.193, 77
Trd, 4319853.343, 76
Trd, 4319856.293, 120
Trd, 4319856.993, 119
Trd, 4319857.443, 116
Trd, 4319857.543, 115
Trd, 4319857.593, 104
Trd, 4319858.843, 125
Trd, 4319859.193, 124
Trd, 4319861.993, 128
Trd, 4319862.443, 128
Trd, 4319862.543, 126
Trd, 4319862.643, 97
Trd, 4319863.143, 65
Trd, 4319863.443, 62
Trd, 4319864.193, 93
Trd, 4319864.543, 62
Trd, 4319865.293, 67
Trd, 4319867.993, 120
Trd, 4319868.043, 118
Trd, 4319868.893, 126
Trd, 4319869.443, 120
Trd, 4319870.493, 106
Trd, 4319872.043, 108
Trd, 4319872.543, 109
Trd, 4319872.793, 61
Trd, 4319873.443, 119
Trd, 4319874.393, 99
Trd, 4319874.693, 116
Trd, 4319874.893, 107
Trd, 4319875.843, 108
Trd, 4319876.043, 102
Trd, 4319877.693, 103
Trd, 4319878.143, 102
Trd, 4319879.543, 105
Trd, 4319879.743, 118
Trd, 4319881.343, 125
Trd, 4319883.293, 126
Trd, 4319884.093, 126
Trd, 4319884.243, 108
Trd, 4319884.543, 107
Trd, 4319885.093, 124
Trd, 4319885.593, 125
Trd, 4319888.593, 130
Trd, 4319889.043, 131
Trd, 4319889.443, 133
Trd, 4319890.593, 137
Trd, 4319891.743, 116
Trd, 4319891.893, 130
Trd, 4319892.493, 123
Trd, 4319893.093, 101
Trd, 4319893.543, 71
Trd, 4319893.943, 102
Trd, 4319894.493, 140
Trd, 4319896.943, 102
Trd, 4319898.393, 63
Trd, 4319899.043, 64
Trd, 4319899.293, 65
Trd, 4319899.843, 63
Trd, 4319901.093, 68
Trd, 4319901.143, 61
Trd, 4319901.293, 68
Trd, 4319901.843, 68
Trd, 4319902.343, 74
Trd, 4319902.693, 61
Trd, 4319903.243, 62
Trd, 4319903.543, 97
Trd, 4319904.193, 106
Trd, 4319905.243, 106
Trd, 4319906.993, 116
Trd, 4319907.493, 110
Trd, 4319909.143, 113
Trd, 4319909.193, 110
Trd, 4319909.243, 109
Trd, 4319910.043, 109
Trd, 4319910.193, 108
Trd, 4319910.343, 106
Trd, 4319911.843, 130
Trd, 4319911.993, 105
Trd, 4319912.043, 77
Trd, 4319912.643, 60
Trd, 4319913.993, 95
Trd, 4319914.443, 95
Trd, 4319914.893, 96
Trd, 4319914.943, 97
Trd, 4319915.143, 67
Trd, 4319915.993, 101
Trd, 4319917.393, 132
Trd, 4319918.043, 126
Trd, 4319918.093, 123
Trd, 4319919.293, 82
Trd, 4319919.343, 112
Trd, 4319920.293, 102
Trd, 4319920.543, 92
Trd, 4319922.643, 126
Trd, 4319923.043, 124
Trd, 4319923.943, 131
Trd, 4319924.393, 115
Trd, 4319924.443, 113
Trd, 4319925.393, 66
Trd, 4319926.243, 60
Trd, 4319926.443, 61
Trd, 4319926.793, 62
Trd, 4319927.543, 61
Trd, 4319927.693, 66
Trd, 4319928.493, 63
Trd, 4319928.593, 62
Trd, 4319930.443, 139
Trd, 4319930.593, 138
Trd, 4319933.543, 112
Trd, 4319934.093, 99
Trd, 4319934.193, 91
Trd, 4319934.643, 89
Trd, 4319934.843, 73
Trd, 4319934.943, 73
Trd, 4319935.943, 68
Trd, 4319937.543, 93
Trd, 4319938.993, 96
Trd, 4319940.693, 140
Trd, 4319940.843, 133
Trd, 4319942.493, 135
Trd, 4319942.793, 72
Trd, 4319943.293, 102
Trd, 4319943.893, 130
Trd, 4319944.043, 90
Trd, 4319944.443, 76
Trd, 4319945.893, 68
Trd, 4319946.593, 83
Trd, 4319947.643, 60
Trd, 4319949.293, 60
Trd, 4319949.393, 60
Trd, 4319949.993, 60
Trd, 4319950.293, 60
Trd, 4319952.093, 60
Trd, 4319953.293, 60
Trd, 4319953.693, 60
Trd, 4319955.243, 60
Trd, 4319955.443, 60
Trd, 4319955.643, 60
Trd, 4319955.943, 60
Trd, 4319956.193, 61
Trd, 4319956.293, 63
Trd, 4319956.593, 64
Trd, 4319958.043, 62
Trd, 4319958.193, 62
Trd, 4319959.293, 60
Trd, 4319960.693, 63
Trd, 4319961.343, 61
Trd, 4319962.393, 67
Trd, 4319963.293, 60
Trd, 4319963.593, 61
Trd, 4319964.043, 62
Trd, 4319964.193, 67
Trd, 4319965.393, 126
Trd, 4319967.343, 135
Trd, 4319967.593, 115
Trd, 4319968.793, 106
Trd, 4319969.693, 107
Trd, 4319970.093, 84
Trd, 4319970.293, 85
Trd, 4319971.893, 60
Trd, 4319971.993, 61
Trd, 4319973.593, 60
Trd, 4319975.193, 60
Trd, 4319976.193, 60
Trd, 4319976.243, 62
Trd, 4319976.693, 67
Trd, 4319977.593, 61
Trd, 4319978.543, 60
Trd, 4319979.093, 60
Trd, 4319980.143, 136
Trd, 4319980.393, 86
Trd, 4319981.043, 129
Trd, 4319981.593, 128
Trd, 4319982.293, 127
Trd, 4319982.643, 126
Trd, 4319983.643, 85
Trd, 4319983.693, 84
Trd, 4319984.993, 62
Trd, 4319985.593, 60
Trd, 4319985.993, 61
Trd, 4319987.093, 61
Trd, 4319987.243, 61
Trd, 4319987.593, 65
Trd, 4319988.443, 105
Trd, 4319989.643, 128
Trd, 4319990.143, 129
Trd, 4319990.393, 134
Trd, 4319993.193, 120
Trd, 4319993.243, 97
Trd, 4319993.493, 98
Trd, 4319993.543, 97
Trd, 4319993.693, 121
Trd, 4319993.943, 79
Trd, 4319995.793, 73
Trd, 4319995.893, 77
Trd, 4319997.243, 87
Trd, 4319998.493, 130
Trd, 4319998.743, 107
