Trd, 4318104.143, 101
Trd, 4318104.443, 110
Trd, 4318105.543, 102
Trd, 4318105.643, 101
Trd, 4318106.443, 60
Trd, 4318108.543, 60
Trd, 4318109.643, 69
Trd, 4318109.693, 63
Trd, 4318110.343, 63
Trd, 4318110.893, 74
Trd, 4318112.443, 69
Trd, 4318113.143, 71
Trd, 4318113.243, 69
Trd, 4318113.943, 60
Trd, 4318114.243, 102
Trd, 4318114.293, 87
Trd, 4318114.793, 74
Trd, 4318115.093, 140
Trd, 4318116.943, 62
Trd, 4318117.993, 62
Trd, 4318119.393, 140
Trd, 4318120.593, 140
Trd, 4318120.793, 108
Trd, 4318121.893, 105
Trd, 4318122.143, 105
Trd, 4318123.043, 117
Trd, 4318124.243, 140
Trd, 4318124.693, 140
Trd, 4318126.143, 122
Trd, 4318126.543, 103
Trd, 4318126.993, 140
Trd, 4318127.543, 140
Trd, 4318128.193, 140
Trd, 4318128.843, 137
Trd, 4318129.743, 72
Trd, 4318131.043, 80
Trd, 4318131.493, 90
Trd, 4318133.143, 80
Trd, 4318133.493, 106
Trd, 4318133.893, 118
Trd, 4318134.043, 110
Trd, 4318135.293, 72
Trd, 4318137.493, 64
Trd, 4318138.093, 134
Trd, 4318138.943, 140
Trd, 4318139.193, 64
Trd, 4318139.743, 68
Trd, 4318140.843, 83
Trd, 4318141.493, 138
Trd, 4318141.543, 71
Trd, 4318143.093, 61
Trd, 4318143.793, 60
Trd, 4318144.043, 61
Trd, 4318144.493, 61
Trd, 4318145.693, 140
Trd, 4318146.493, 140
Trd, 4318146.793, 140
Trd, 4318146.843, 140
Trd, 4318147.593, 60
Trd, 4318148.943, 126
Trd, 4318150.293, 140
Trd, 4318150.993, 140
Trd, 4318151.543, 140
Trd, 4318151.643, 140
Trd, 4318153.943, 140
Trd, 4318154.343, 140
Trd, 4318154.643, 140
Trd, 4318155.143, 140
Trd, 4318155.293, 140
Trd, 4318157.293, 122
Trd, 4318157.393, 118
Trd, 4318158.643, 140
Trd, 4318158.693, 103
Trd, 4318158.743, 86
Trd, 4318160.143, 68
Trd, 4318162.493, 60
Trd, 4318164.293, 60
Trd, 4318164.543, 60
Trd, 4318164.643, 60
Trd, 4318164.993, 61
Trd, 4318166.843, 61
Trd, 4318167.393, 61
Trd, 4318168.443, 138
Trd, 4318168.893, 137
Trd, 4318169.793, 140
Trd, 4318170.043, 139
Trd, 4318170.693, 103
Trd, 4318171.793, 126
Trd, 4318172.143, 125
Trd, 4318172.543, 109
Trd, 4318173.443, 123
Trd, 4318174.043, 140
Trd, 4318176.293, 140
Trd, 4318176.593, 140
Trd, 4318176.693, 140
Trd, 4318177.593, 140
Trd, 4318177.893, 139
Trd, 4318178.093, 80
Trd, 4318179.543, 81
Trd, 4318180.743, 116
Trd, 4318181.093, 69
Trd, 4318181.543, 66
Trd, 4318182.993, 61
Trd, 4318183.493, 63
Trd, 4318183.943, 140
Trd, 4318186.243, 140
Trd, 4318187.093, 140
Trd, 4318187.493, 140
Trd, 4318187.593, 140
Trd, 4318189.093, 140
Trd, 4318189.893, 126
Trd, 4318190.443, 103
Trd, 4318190.643, 85
Trd, 4318191.743, 85
Trd, 4318193.143, 113
Trd, 4318193.443, 78
Trd, 4318193.693, 79
Trd, 4318193.843, 78
Trd, 4318194.793, 61
Trd, 4318194.943, 120
Trd, 4318196.243, 140
Trd, 4318196.843, 137
Trd, 4318198.543, 102
Trd, 4318198.593, 101
Trd, 4318198.843, 140
Trd, 4318199.593, 140
Trd, 4318200.143, 103
Trd, 4318200.843, 105
Trd, 4318202.143, 103
Trd, 4318202.593, 139
Trd, 4318202.743, 110
Trd, 4318202.793, 82
Trd, 4318203.343, 138
Trd, 4318204.243, 95
Trd, 4318206.193, 115
Trd, 4318206.993, 124
Trd, 4318208.493, 132
Trd, 4318208.943, 121
Trd, 4318209.193, 122
Trd, 4318209.243, 121
Trd, 4318209.443, 121
Trd, 4318211.093, 61
Trd, 4318212.993, 89
Trd, 4318213.043, 76
Trd, 4318214.943, 60
Trd, 4318215.443, 60
Trd, 4318216.293, 60
Trd, 4318216.643, 68
Trd, 4318217.143, 73
Trd, 4318217.743, 89
Trd, 4318219.693, 91
Trd, 4318220.693, 132
Trd, 4318220.743, 131
Trd, 4318221.093, 139
Trd, 4318221.443, 104
Trd, 4318221.593, 88
Trd, 4318222.493, 88
Trd, 4318222.543, 83
Trd, 4318223.493, 76
Trd, 4318224.143, 61
Trd, 4318224.343, 62
Trd, 4318227.143, 140
Trd, 4318227.593, 140
Trd, 4318227.693, 139
Trd, 4318229.443, 140
Trd, 4318229.943, 140
Trd, 4318230.443, 139
Trd, 4318231.443, 131
Trd, 4318231.543, 130
Trd, 4318232.043, 111
Trd, 4318232.543, 132
Trd, 4318232.743, 87
Trd, 4318234.693, 78
Trd, 4318234.993, 71
Trd, 4318235.443, 86
Trd, 4318236.443, 140
Trd, 4318236.943, 140
Trd, 4318237.393, 140
Trd, 4318238.193, 136
Trd, 4318238.593, 122
Trd, 4318238.743, 120
Trd, 4318238.993, 115
Trd, 4318239.143, 95
Trd, 4318239.793, 128
Trd, 4318241.493, 140
Trd, 4318242.143, 140
Trd, 4318242.593, 140
Trd, 4318242.893, 140
Trd, 4318246.193, 140
Trd, 4318246.493, 140
Trd, 4318246.643, 140
Trd, 4318246.943, 140
Trd, 4318247.193, 140
Trd, 4318247.493, 116
Trd, 4318248.243, 114
Trd, 4318248.493, 88
Trd, 4318250.293, 128
Trd, 4318252.143, 138
Trd, 4318252.293, 129
Trd, 4318252.443, 116
Trd, 4318252.543, 116
Trd, 4318253.493, 109
Trd, 4318253.543, 108
Trd, 4318255.493, 140
Trd, 4318256.193, 140
Trd, 4318256.843, 140
Trd, 4318256.943, 140
Trd, 4318257.193, 140
Trd, 4318258.643, 131
Trd, 4318259.043, 140
Trd, 4318259.543, 125
Trd, 4318260.493, 88
Trd, 4318261.993, 64
Trd, 4318262.543, 62
Trd, 4318263.343, 60
Trd, 4318264.893, 62
Trd, 4318265.843, 140
Trd, 4318266.293, 140
Trd, 4318266.543, 140
Trd, 4318266.693, 140
Trd, 4318268.993, 140
Trd, 4318269.093, 140
Trd, 4318269.643, 140
Trd, 4318271.143, 100
Trd, 4318271.593, 106
Trd, 4318272.793, 109
Trd, 4318273.793, 105
Trd, 4318273.943, 117
Trd, 4318274.193, 82
Trd, 4318274.943, 102
Trd, 4318276.893, 65
Trd, 4318277.043, 67
Trd, 4318278.093, 91
Trd, 4318278.493, 140
Trd, 4318279.043, 140
Trd, 4318279.193, 140
Trd, 4318280.393, 140
Trd, 4318281.243, 140
Trd, 4318281.993, 140
Trd, 4318282.043, 140
Trd, 4318282.243, 134
Trd, 4318282.443, 133
Trd, 4318283.593, 118
Trd, 4318284.743, 119
Trd, 4318285.243, 61
Trd, 4318285.543, 138
Trd, 4318285.993, 116
Trd, 4318287.093, 67
Trd, 4318287.193, 91
Trd, 4318287.543, 80
Trd, 4318288.093, 66
Trd, 4318289.493, 86
Trd, 4318290.043, 61
Trd, 4318291.593, 131
Trd, 4318291.743, 83
Trd, 4318292.943, 85
Trd, 4318293.143, 84
Trd, 4318294.093, 138
Trd, 4318294.243, 97
Trd, 4318294.643, 106
Trd, 4318296.293, 140
Trd, 4318296.343, 138
Trd, 4318297.843, 140
Trd, 4318298.693, 140
Trd, 4318299.643, 140
Trd, 4318299.743, 101
Trd, 4318299.843, 65
Trd, 4318300.993, 103
Trd, 4318302.143, 64
Trd, 4318302.293, 65
Trd, 4318303.843, 92
Trd, 4318303.993, 122
Trd, 4318304.443, 124
Trd, 4318304.693, 90
Trd, 4318305.893, 126
Trd, 4318307.843, 75
Trd, 4318308.043, 98
Trd, 4318308.443, 106
Trd, 4318309.393, 97
Trd, 4318310.393, 96
Trd, 4318310.593, 95
Trd, 4318311.643, 63
Trd, 4318313.293, 140
Trd, 4318313.743, 83
Trd, 4318314.143, 82
Trd, 4318314.843, 119
Trd, 4318316.393, 138
Trd, 4318316.443, 136
Trd, 4318316.793, 140
Trd, 4318317.893, 134
Trd, 4318318.593, 134
Trd, 4318320.043, 135
Trd, 4318320.943, 136
Trd, 4318321.043, 138
Trd, 4318321.593, 139
Trd, 4318322.543, 138
Trd, 4318323.093, 106
Trd, 4318324.893, 140
Trd, 4318324.993, 140
Trd, 4318325.243, 140
Trd, 4318325.343, 104
Trd, 4318325.593, 126
Trd, 4318329.193, 82
Trd, 4318329.943, 92
Trd, 4318331.143, 73
Trd, 4318331.193, 72
Trd, 4318331.793, 100
Trd, 4318332.893, 140
Trd, 4318332.993, 137
Trd, 4318334.993, 77
Trd, 4318335.593, 128
Trd, 4318335.693, 84
Trd, 4318336.543, 140
Trd, 4318336.993, 140
Trd, 4318337.843, 139
Trd, 4318338.593, 111
Trd, 4318338.693, 110
Trd, 4318338.943, 81
Trd, 4318339.343, 74
Trd, 4318339.443, 114
Trd, 4318341.643, 123
Trd, 4318341.693, 122
Trd, 4318343.443, 97
Trd, 4318344.693, 72
Trd, 4318345.043, 140
Trd, 4318345.243, 69
Trd, 4318345.693, 130
Trd, 4318346.343, 74
Trd, 4318346.993, 75
Trd, 4318349.193, 140
Trd, 4318349.443, 140
Trd, 4318349.793, 140
Trd, 4318349.993, 93
Trd, 4318350.843, 140
Trd, 4318351.643, 140
Trd, 4318352.643, 140
Trd, 4318353.993, 140
Trd, 4318354.993, 95
Trd, 4318355.293, 140
Trd, 4318356.593, 115
Trd, 4318357.743, 124
Trd, 4318357.943, 123
Trd, 4318358.543, 100
Trd, 4318358.693, 101
Trd, 4318358.943, 89
Trd, 4318360.093, 88
Trd, 4318360.643, 87
Trd, 4318361.293, 107
Trd, 4318361.443, 79
Trd, 4318362.793, 72
Trd, 4318363.643, 139
Trd, 4318365.143, 140
Trd, 4318367.293, 79
Trd, 4318367.543, 106
Trd, 4318367.593, 124
Trd, 4318367.693, 106
Trd, 4318368.893, 137
Trd, 4318371.243, 108
Trd, 4318371.443, 110
Trd, 4318371.693, 139
Trd, 4318372.393, 107
Trd, 4318373.293, 140
Trd, 4318373.793, 139
Trd, 4318374.293, 107
Trd, 4318374.593, 78
Trd, 4318375.793, 68
Trd, 4318377.243, 139
Trd, 4318377.493, 115
Trd, 4318378.193, 95
Trd, 4318378.943, 96
Trd, 4318379.043, 93
Trd, 4318379.543, 93
Trd, 4318381.593, 109
Trd, 4318381.893, 77
Trd, 4318382.243, 60
Trd, 4318382.443, 60
Trd, 4318383.543, 140
Trd, 4318383.743, 140
Trd, 4318384.293, 72
Trd, 4318385.993, 84
Trd, 4318386.093, 83
Trd, 4318387.293, 140
Trd, 4318387.343, 140
Trd, 4318388.393, 60
Trd, 4318389.843, 63
Trd, 4318390.043, 64
Trd, 4318390.843, 64
Trd, 4318391.593, 138
Trd, 4318392.443, 69
Trd, 4318393.693, 138
Trd, 4318394.143, 137
Trd, 4318395.193, 119
Trd, 4318396.843, 140
Trd, 4318397.093, 140
Trd, 4318397.193, 138
Trd, 4318397.593, 110
Trd, 4318397.843, 109
Trd, 4318400.493, 63
Trd, 4318400.643, 134
Trd, 4318401.393, 73
Trd, 4318402.343, 140
Trd, 4318403.093, 140
Trd, 4318403.543, 140
Trd, 4318403.793, 140
Trd, 4318404.243, 140
Trd, 4318404.543, 111
Trd, 4318405.393, 111
Trd, 4318405.493, 110
Trd, 4318405.543, 91
Trd, 4318407.043, 64
Trd, 4318407.693, 66
Trd, 4318408.143, 140
Trd, 4318408.243, 139
Trd, 4318409.793, 125
Trd, 4318410.043, 125
Trd, 4318411.043, 99
Trd, 4318412.393, 127
Trd, 4318412.543, 139
Trd, 4318412.843, 139
Trd, 4318413.743, 138
Trd, 4318414.243, 128
Trd, 4318414.943, 140
Trd, 4318415.393, 127
Trd, 4318415.443, 84
Trd, 4318416.193, 139
Trd, 4318416.543, 132
Trd, 4318417.293, 133
Trd, 4318417.343, 132
Trd, 4318420.443, 140
Trd, 4318420.543, 140
Trd, 4318421.893, 140
Trd, 4318422.393, 140
Trd, 4318422.793, 121
Trd, 4318422.993, 120
Trd, 4318423.143, 92
Trd, 4318423.743, 61
Trd, 4318425.243, 60
Trd, 4318425.843, 62
Trd, 4318427.193, 86
Trd, 4318427.393, 62
Trd, 4318428.693, 140
Trd, 4318429.093, 138
Trd, 4318429.743, 140
Trd, 4318430.493, 140
Trd, 4318430.543, 140
Trd, 4318431.393, 85
Trd, 4318431.843, 84
Trd, 4318433.443, 118
Trd, 4318433.493, 117
Trd, 4318433.693, 116
Trd, 4318435.143, 140
Trd, 4318436.143, 140
Trd, 4318436.743, 116
Trd, 4318436.793, 107
Trd, 4318438.843, 103
Trd, 4318438.943, 116
Trd, 4318439.893, 138
Trd, 4318439.943, 96
Trd, 4318441.543, 140
Trd, 4318441.793, 140
Trd, 4318443.893, 140
Trd, 4318444.643, 140
Trd, 4318445.343, 140
Trd, 4318446.193, 140
Trd, 4318446.793, 140
Trd, 4318447.593, 140
Trd, 4318448.343, 108
Trd, 4318449.593, 87
Trd, 4318450.043, 98
Trd, 4318450.143, 88
Trd, 4318450.393, 87
Trd, 4318451.243, 118
Trd, 4318452.493, 140
Trd, 4318452.543, 94
Trd, 4318452.893, 139
Trd, 4318453.293, 94
Trd, 4318455.093, 65
Trd, 4318456.443, 74
Trd, 4318456.743, 73
Trd, 4318456.843, 83
Trd, 4318456.993, 70
Trd, 4318458.593, 92
Trd, 4318458.643, 91
Trd, 4318459.593, 84
Trd, 4318459.793, 80
Trd, 4318459.943, 80
Trd, 4318460.293, 85
Trd, 4318461.693, 89
Trd, 4318462.343, 108
Trd, 4318462.493, 109
Trd, 4318465.493, 137
Trd, 4318465.593, 135
Trd, 4318465.693, 98
Trd, 4318466.193, 60
Trd, 4318466.643, 60
Trd, 4318467.043, 62
Trd, 4318468.293, 62
Trd, 4318468.543, 127
Trd, 4318469.643, 93
Trd, 4318470.293, 63
Trd, 4318470.343, 107
Trd, 4318470.543, 62
Trd, 4318470.943, 61
Trd, 4318471.043, 132
Trd, 4318472.393, 91
Trd, 4318472.893, 61
Trd, 4318473.593, 140
Trd, 4318474.043, 140
Trd, 4318474.493, 140
Trd, 4318475.893, 140
Trd, 4318477.843, 140
Trd, 4318478.193, 140
Trd, 4318479.793, 138
Trd, 4318480.693, 130
Trd, 4318480.743, 128
Trd, 4318480.843, 128
Trd, 4318480.893, 131
Trd, 4318481.243, 133
Trd, 4318481.593, 103
Trd, 4318481.993, 132
Trd, 4318482.843, 107
Trd, 4318483.093, 105
Trd, 4318483.893, 119
Trd, 4318484.293, 86
Trd, 4318484.793, 86
Trd, 4318485.893, 87
Trd, 4318486.443, 87
Trd, 4318488.543, 140
Trd, 4318489.393, 134
Trd, 4318489.643, 133
Trd, 4318489.943, 132
Trd, 4318491.943, 140
Trd, 4318492.393, 140
Trd, 4318493.243, 140
Trd, 4318493.293, 139
Trd, 4318493.443, 91
Trd, 4318494.393, 90
Trd, 4318494.993, 137
Trd, 4318497.243, 140
Trd, 4318497.893, 140
Trd, 4318499.993, 140
Trd, 4318500.793, 140
Trd, 4318500.893, 140
Trd, 4318501.693, 140
Trd, 4318503.943, 140
Trd, 4318504.643, 140
Trd, 4318504.843, 140
Trd, 4318505.893, 140
Trd, 4318506.493, 140
Trd, 4318506.893, 138
Trd, 4318507.293, 103
Trd, 4318507.843, 129
Trd, 4318508.043, 132
Trd, 4318508.143, 89
Trd, 4318511.043, 62
Trd, 4318511.343, 66
Trd, 4318511.793, 65
Trd, 4318511.843, 77
Trd, 4318511.893, 64
Trd, 4318515.293, 140
Trd, 4318515.593, 140
Trd, 4318516.343, 140
Trd, 4318516.443, 140
Trd, 4318516.843, 140
Trd, 4318516.943, 99
Trd, 4318517.293, 116
Trd, 4318518.293, 101
Trd, 4318518.893, 133
Trd, 4318519.393, 117
Trd, 4318521.393, 140
Trd, 4318521.993, 140
Trd, 4318522.743, 138
Trd, 4318522.793, 119
Trd, 4318523.193, 109
Trd, 4318523.243, 108
Trd, 4318524.343, 62
Trd, 4318525.393, 140
Trd, 4318527.993, 140
Trd, 4318528.293, 140
Trd, 4318528.343, 140
Trd, 4318530.193, 140
Trd, 4318530.293, 140
Trd, 4318531.043, 140
Trd, 4318531.743, 140
Trd, 4318532.393, 139
Trd, 4318533.843, 130
Trd, 4318534.043, 122
Trd, 4318534.343, 121
Trd, 4318534.493, 79
Trd, 4318535.743, 140
Trd, 4318535.993, 140
Trd, 4318537.893, 134
Trd, 4318538.193, 129
Trd, 4318538.843, 130
Trd, 4318539.143, 128
Trd, 4318539.943, 108
Trd, 4318540.643, 96
Trd, 4318541.043, 139
Trd, 4318543.093, 140
Trd, 4318543.693, 140
Trd, 4318544.643, 140
Trd, 4318545.343, 140
Trd, 4318545.593, 140
Trd, 4318548.193, 119
Trd, 4318548.243, 117
Trd, 4318549.243, 103
Trd, 4318549.843, 63
Trd, 4318549.993, 137
Trd, 4318551.093, 64
Trd, 4318552.093, 140
Trd, 4318552.143, 140
Trd, 4318553.443, 140
Trd, 4318553.543, 140
Trd, 4318555.643, 118
Trd, 4318555.893, 117
Trd, 4318556.093, 79
Trd, 4318556.593, 130
Trd, 4318557.693, 69
Trd, 4318557.943, 70
Trd, 4318558.443, 71
Trd, 4318559.093, 73
Trd, 4318559.143, 74
Trd, 4318560.893, 61
Trd, 4318561.343, 65
Trd, 4318561.743, 77
Trd, 4318563.443, 70
Trd, 4318564.043, 72
Trd, 4318564.693, 140
Trd, 4318564.893, 140
Trd, 4318564.993, 140
Trd, 4318565.593, 63
Trd, 4318566.043, 63
Trd, 4318567.693, 64
Trd, 4318568.193, 62
Trd, 4318568.493, 68
Trd, 4318570.543, 64
Trd, 4318570.993, 65
Trd, 4318571.893, 93
Trd, 4318572.443, 91
Trd, 4318572.543, 94
Trd, 4318573.793, 125
Trd, 4318574.743, 62
Trd, 4318575.043, 65
Trd, 4318575.593, 140
Trd, 4318575.843, 121
Trd, 4318576.393, 79
Trd, 4318577.793, 88
Trd, 4318578.693, 104
Trd, 4318579.043, 102
Trd, 4318579.093, 90
Trd, 4318580.243, 63
Trd, 4318581.493, 63
Trd, 4318581.993, 65
Trd, 4318582.643, 73
Trd, 4318583.543, 140
Trd, 4318585.043, 80
Trd, 4318585.943, 138
Trd, 4318586.193, 140
Trd, 4318588.443, 102
Trd, 4318589.443, 94
Trd, 4318589.793, 94
Trd, 4318590.693, 98
Trd, 4318591.693, 104
Trd, 4318591.943, 103
Trd, 4318592.943, 105
Trd, 4318595.043, 121
Trd, 4318595.193, 116
Trd, 4318595.743, 122
Trd, 4318595.993, 138
Trd, 4318596.093, 86
Trd, 4318596.193, 85
Trd, 4318597.593, 119
Trd, 4318598.193, 119
Trd, 4318600.093, 140
Trd, 4318600.843, 140
Trd, 4318600.893, 134
Trd, 4318603.243, 137
Trd, 4318603.293, 121
Trd, 4318604.093, 101
Trd, 4318604.843, 105
Trd, 4318605.143, 79
Trd, 4318605.243, 102
Trd, 4318605.443, 78
Trd, 4318607.593, 140
Trd, 4318608.293, 140
Trd, 4318608.493, 139
Trd, 4318610.043, 140
Trd, 4318611.643, 140
Trd, 4318611.743, 138
Trd, 4318611.943, 91
Trd, 4318613.843, 126
Trd, 4318614.793, 125
Trd, 4318616.193, 138
Trd, 4318617.543, 140
Trd, 4318617.693, 65
Trd, 4318619.443, 107
Trd, 4318619.493, 106
Trd, 4318620.693, 118
Trd, 4318620.943, 104
Trd, 4318621.643, 106
Trd, 4318621.893, 117
Trd, 4318622.043, 104
Trd, 4318623.593, 139
Trd, 4318623.693, 138
Trd, 4318624.143, 65
Trd, 4318624.593, 62
Trd, 4318625.393, 80
Trd, 4318627.593, 60
Trd, 4318627.843, 61
Trd, 4318627.893, 75
Trd, 4318628.993, 84
Trd, 4318629.143, 74
Trd, 4318630.093, 62
Trd, 4318630.993, 138
Trd, 4318632.393, 107
Trd, 4318632.643, 106
Trd, 4318634.393, 114
Trd, 4318635.143, 140
Trd, 4318635.793, 140
Trd, 4318636.143, 105
Trd, 4318637.793, 86
Trd, 4318638.793, 140
Trd, 4318638.993, 140
Trd, 4318639.493, 140
Trd, 4318640.843, 140
Trd, 4318641.443, 140
Trd, 4318641.793, 140
Trd, 4318641.843, 140
Trd, 4318642.243, 139
Trd, 4318643.993, 101
Trd, 4318644.493, 75
Trd, 4318646.193, 140
Trd, 4318647.093, 81
Trd, 4318647.493, 78
Trd, 4318647.893, 86
Trd, 4318648.843, 136
Trd, 4318649.143, 79
Trd, 4318650.093, 69
Trd, 4318650.743, 64
Trd, 4318650.793, 66
Trd, 4318652.943, 140
Trd, 4318653.393, 140
Trd, 4318653.493, 139
Trd, 4318654.393, 92
Trd, 4318654.693, 91
Trd, 4318656.093, 114
Trd, 4318656.193, 112
Trd, 4318657.243, 139
Trd, 4318657.543, 114
Trd, 4318658.093, 99
Trd, 4318658.393, 80
Trd, 4318658.743, 136
Trd, 4318658.893, 75
Trd, 4318660.343, 111
Trd, 4318660.993, 122
Trd, 4318661.043, 112
Trd, 4318661.693, 72
Trd, 4318662.993, 71
Trd, 4318664.243, 137
Trd, 4318665.193, 105
Trd, 4318666.893, 76
Trd, 4318667.143, 75
Trd, 4318667.493, 77
Trd, 4318668.643, 88
Trd, 4318668.743, 85
Trd, 4318670.093, 93
Trd, 4318670.143, 74
Trd, 4318671.543, 65
Trd, 4318671.793, 117
Trd, 4318672.393, 90
Trd, 4318673.143, 111
Trd, 4318674.393, 130
Trd, 4318676.543, 118
Trd, 4318676.593, 117
Trd, 4318676.843, 140
Trd, 4318676.893, 140
Trd, 4318677.293, 69
Trd, 4318678.393, 83
Trd, 4318680.493, 79
Trd, 4318680.693, 79
Trd, 4318681.543, 130
Trd, 4318682.543, 82
Trd, 4318683.693, 74
Trd, 4318683.993, 102
Trd, 4318684.693, 104
Trd, 4318684.943, 103
Trd, 4318686.193, 108
Trd, 4318686.393, 100
Trd, 4318687.343, 98
Trd, 4318688.143, 140
Trd, 4318688.343, 119
Trd, 4318690.143, 100
Trd, 4318690.393, 80
Trd, 4318690.443, 78
Trd, 4318691.093, 74
Trd, 4318692.443, 64
Trd, 4318692.693, 91
Trd, 4318693.543, 61
Trd, 4318693.943, 60
Trd, 4318695.143, 103
Trd, 4318696.743, 87
Trd, 4318697.043, 86
Trd, 4318697.693, 140
Trd, 4318698.743, 140
Trd, 4318698.893, 140
Trd, 4318699.243, 139
Trd, 4318700.293, 62
Trd, 4318700.793, 79
Trd, 4318701.943, 85
Trd, 4318702.693, 135
Trd, 4318703.893, 60
Trd, 4318704.843, 66
Trd, 4318704.993, 65
Trd, 4318705.193, 101
Trd, 4318705.743, 140
Trd, 4318705.943, 89
Trd, 4318706.893, 67
Trd, 4318708.743, 140
Trd, 4318708.993, 140
Trd, 4318709.043, 140
Trd, 4318710.143, 140
Trd, 4318710.493, 129
Trd, 4318711.043, 140
Trd, 4318711.693, 140
Trd, 4318712.743, 94
Trd, 4318714.093, 61
Trd, 4318715.443, 61
Trd, 4318716.043, 71
Trd, 4318716.343, 61
Trd, 4318717.093, 62
Trd, 4318717.993, 140
Trd, 4318719.493, 140
Trd, 4318719.843, 140
Trd, 4318719.993, 140
Trd, 4318720.093, 140
Trd, 4318720.693, 140
Trd, 4318721.043, 140
Trd, 4318723.243, 140
Trd, 4318723.743, 139
Trd, 4318723.793, 135
Trd, 4318725.543, 119
Trd, 4318726.193, 123
Trd, 4318726.443, 122
Trd, 4318726.593, 121
Trd, 4318727.393, 139
Trd, 4318729.443, 100
Trd, 4318729.843, 100
Trd, 4318730.593, 116
Trd, 4318730.793, 115
Trd, 4318730.893, 117
Trd, 4318730.993, 114
Trd, 4318731.543, 97
Trd, 4318732.443, 140
Trd, 4318733.543, 118
Trd, 4318733.743, 117
Trd, 4318734.293, 62
Trd, 4318734.943, 122
Trd, 4318736.843, 126
Trd, 4318736.893, 85
Trd, 4318737.643, 78
Trd, 4318738.543, 60
Trd, 4318738.643, 61
Trd, 4318739.743, 63
Trd, 4318740.943, 60
Trd, 4318742.193, 66
Trd, 4318742.643, 65
Trd, 4318743.843, 65
Trd, 4318744.293, 66
Trd, 4318744.743, 107
Trd, 4318744.793, 106
Trd, 4318747.343, 140
Trd, 4318748.243, 140
Trd, 4318748.343, 140
Trd, 4318748.593, 140
Trd, 4318749.143, 140
Trd, 4318750.143, 138
Trd, 4318750.643, 139
Trd, 4318751.793, 127
Trd, 4318753.493, 100
Trd, 4318753.593, 99
Trd, 4318753.693, 98
Trd, 4318754.093, 105
Trd, 4318754.443, 74
Trd, 4318754.643, 79
Trd, 4318755.093, 73
Trd, 4318756.643, 140
Trd, 4318756.943, 140
Trd, 4318757.643, 139
Trd, 4318760.543, 140
Trd, 4318760.693, 140
Trd, 4318760.743, 140
Trd, 4318760.843, 138
Trd, 4318760.893, 102
Trd, 4318761.093, 136
Trd, 4318761.743, 83
Trd, 4318762.093, 81
Trd, 4318763.143, 92
Trd, 4318764.193, 68
Trd, 4318764.243, 69
Trd, 4318765.643, 140
Trd, 4318766.593, 140
Trd, 4318766.693, 140
Trd, 4318767.043, 140
Trd, 4318767.493, 140
Trd, 4318768.293, 127
Trd, 4318768.343, 126
Trd, 4318770.493, 140
Trd, 4318771.343, 139
Trd, 4318771.443, 137
Trd, 4318772.593, 123
Trd, 4318774.393, 106
Trd, 4318774.943, 140
Trd, 4318775.393, 140
Trd, 4318775.593, 137
Trd, 4318776.493, 106
Trd, 4318776.943, 134
Trd, 4318777.043, 103
Trd, 4318777.543, 139
Trd, 4318779.093, 113
Trd, 4318779.343, 75
Trd, 4318779.793, 68
Trd, 4318780.543, 81
Trd, 4318781.143, 101
Trd, 4318781.643, 86
Trd, 4318781.993, 65
Trd, 4318782.243, 62
Trd, 4318784.343, 64
Trd, 4318785.293, 65
Trd, 4318785.493, 115
Trd, 4318786.893, 62
Trd, 4318787.893, 62
Trd, 4318788.543, 63
Trd, 4318789.393, 61
Trd, 4318789.793, 62
Trd, 4318790.393, 71
Trd, 4318791.343, 88
Trd, 4318791.543, 69
Trd, 4318792.193, 122
Trd, 4318792.443, 69
Trd, 4318793.243, 98
Trd, 4318793.643, 63
Trd, 4318794.743, 62
Trd, 4318796.393, 87
Trd, 4318798.193, 75
Trd, 4318798.343, 74
Trd, 4318798.693, 84
Trd, 4318798.743, 94
Trd, 4318799.793, 85
Trd, 4318800.293, 140
Trd, 4318800.443, 88
Trd, 4318801.993, 140
Trd, 4318802.343, 140
Trd, 4318802.593, 140
Trd, 4318803.093, 89
Trd, 4318805.893, 96
Trd, 4318806.043, 74
Trd, 4318806.743, 140
Trd, 4318807.043, 139
Trd, 4318807.693, 138
Trd, 4318808.593, 140
Trd, 4318809.343, 140
Trd, 4318809.993, 73
Trd, 4318810.493, 72
Trd, 4318812.743, 119
Trd, 4318813.293, 136
Trd, 4318814.743, 137
Trd, 4318815.293, 138
Trd, 4318816.293, 140
Trd, 4318816.493, 140
Trd, 4318817.693, 140
Trd, 4318817.743, 95
Trd, 4318817.843, 94
Trd, 4318818.893, 140
Trd, 4318819.893, 73
Trd, 4318820.493, 80
Trd, 4318820.593, 77
Trd, 4318822.193, 74
Trd, 4318823.743, 62
Trd, 4318823.943, 64
Trd, 4318824.393, 78
Trd, 4318824.993, 63
Trd, 4318826.293, 62
Trd, 4318827.043, 65
Trd, 4318827.593, 82
Trd, 4318827.893, 70
Trd, 4318828.893, 63
Trd, 4318829.543, 60
Trd, 4318830.293, 72
Trd, 4318831.243, 81
Trd, 4318831.943, 140
Trd, 4318832.143, 93
Trd, 4318834.093, 140
Trd, 4318835.793, 140
Trd, 4318836.643, 140
Trd, 4318838.143, 140
Trd, 4318838.743, 140
Trd, 4318838.893, 140
Trd, 4318839.443, 138
Trd, 4318839.593, 137
Trd, 4318840.243, 140
Trd, 4318840.343, 140
Trd, 4318841.543, 140
Trd, 4318841.793, 139
Trd, 4318842.443, 140
Trd, 4318843.093, 72
Trd, 4318845.143, 82
Trd, 4318845.893, 94
Trd, 4318846.543, 62
Trd, 4318847.293, 64
Trd, 4318847.593, 90
Trd, 4318848.593, 118
Trd, 4318849.493, 82
Trd, 4318849.593, 83
Trd, 4318850.243, 140
Trd, 4318850.743, 140
Trd, 4318851.193, 135
Trd, 4318851.543, 134
Trd, 4318853.543, 117
Trd, 4318854.793, 103
Trd, 4318855.143, 100
Trd, 4318856.643, 125
Trd, 4318857.393, 140
Trd, 4318858.543, 140
Trd, 4318858.993, 140
Trd, 4318859.843, 140
Trd, 4318860.693, 138
Trd, 4318860.743, 111
Trd, 4318861.493, 67
Trd, 4318862.743, 140
Trd, 4318863.093, 140
Trd, 4318863.293, 91
Trd, 4318864.943, 95
Trd, 4318865.043, 107
Trd, 4318865.793, 140
Trd, 4318866.243, 139
Trd, 4318866.943, 138
Trd, 4318867.393, 138
Trd, 4318867.443, 137
Trd, 4318869.843, 140
Trd, 4318870.193, 140
Trd, 4318870.793, 140
Trd, 4318871.543, 85
Trd, 4318872.843, 69
Trd, 4318872.893, 68
Trd, 4318873.443, 79
Trd, 4318874.043, 65
Trd, 4318874.093, 121
Trd, 4318874.843, 86
Trd, 4318874.893, 85
Trd, 4318875.643, 118
Trd, 4318875.693, 66
Trd, 4318876.243, 136
Trd, 4318878.743, 122
Trd, 4318879.393, 73
Trd, 4318881.143, 61
Trd, 4318881.293, 102
Trd, 4318882.993, 65
Trd, 4318883.193, 66
Trd, 4318883.693, 93
Trd, 4318884.093, 98
Trd, 4318884.393, 98
Trd, 4318884.693, 90
Trd, 4318885.293, 78
Trd, 4318885.843, 82
Trd, 4318888.143, 60
Trd, 4318888.443, 62
Trd, 4318888.643, 67
Trd, 4318890.143, 117
Trd, 4318890.293, 94
Trd, 4318891.593, 127
Trd, 4318892.093, 102
Trd, 4318892.543, 102
Trd, 4318893.343, 121
Trd, 4318893.643, 117
Trd, 4318895.093, 96
Trd, 4318896.143, 140
Trd, 4318897.593, 140
Trd, 4318897.693, 140
Trd, 4318897.893, 140
Trd, 4318898.793, 140
Trd, 4318900.143, 140
Trd, 4318900.343, 140
Trd, 4318900.893, 140
Trd, 4318901.043, 140
Trd, 4318901.243, 119
Trd, 4318902.643, 119
Trd, 4318903.543, 65
Trd, 4318904.093, 66
Trd, 4318904.743, 60
Trd, 4318905.343, 64
Trd, 4318905.843, 63
Trd, 4318906.393, 67
Trd, 4318906.843, 69
Trd, 4318907.443, 64
Trd, 4318908.443, 119
Trd, 4318909.593, 140
Trd, 4318910.443, 121
Trd, 4318912.693, 123
Trd, 4318912.893, 123
Trd, 4318913.293, 123
Trd, 4318914.293, 110
Trd, 4318915.143, 63
Trd, 4318915.293, 65
Trd, 4318915.493, 61
Trd, 4318916.793, 71
Trd, 4318916.943, 74
Trd, 4318917.143, 80
Trd, 4318918.943, 140
Trd, 4318919.743, 66
Trd, 4318919.793, 88
Trd, 4318921.543, 77
Trd, 4318921.993, 101
Trd, 4318922.843, 103
Trd, 4318924.393, 140
Trd, 4318925.243, 140
Trd, 4318925.993, 140
Trd, 4318926.293, 140
Trd, 4318926.493, 140
Trd, 4318926.643, 98
Trd, 4318927.893, 140
Trd, 4318928.093, 136
Trd, 4318929.543, 140
Trd, 4318930.193, 120
Trd, 4318931.343, 140
Trd, 4318931.443, 119
Trd, 4318932.193, 93
Trd, 4318933.343, 96
Trd, 4318933.493, 95
Trd, 4318933.643, 113
Trd, 4318934.193, 95
Trd, 4318934.693, 95
Trd, 4318935.843, 138
Trd, 4318936.593, 103
Trd, 4318937.893, 140
Trd, 4318938.393, 79
Trd, 4318939.443, 139
Trd, 4318939.693, 71
Trd, 4318939.743, 70
Trd, 4318940.993, 109
Trd, 4318941.243, 108
Trd, 4318941.393, 106
Trd, 4318943.593, 126
Trd, 4318943.693, 125
Trd, 4318943.793, 67
Trd, 4318946.343, 140
Trd, 4318947.443, 140
Trd, 4318947.493, 139
Trd, 4318948.393, 62
Trd, 4318949.043, 65
Trd, 4318949.193, 66
Trd, 4318950.843, 137
Trd, 4318951.093, 136
Trd, 4318951.543, 100
Trd, 4318951.743, 99
Trd, 4318951.893, 92
Trd, 4318953.843, 140
Trd, 4318953.893, 139
Trd, 4318955.243, 113
Trd, 4318955.993, 139
Trd, 4318956.643, 120
Trd, 4318957.043, 119
Trd, 4318958.343, 111
Trd, 4318959.193, 83
Trd, 4318960.293, 140
Trd, 4318961.643, 140
Trd, 4318961.893, 140
Trd, 4318962.943, 140
Trd, 4318962.993, 140
Trd, 4318963.393, 140
Trd, 4318964.443, 140
Trd, 4318964.593, 140
Trd, 4318965.343, 110
Trd, 4318965.543, 108
Trd, 4318966.543, 138
Trd, 4318967.143, 140
Trd, 4318967.793, 140
Trd, 4318968.293, 82
Trd, 4318969.243, 116
Trd, 4318970.743, 63
Trd, 4318971.843, 69
Trd, 4318972.393, 139
Trd, 4318972.793, 75
Trd, 4318974.193, 140
Trd, 4318975.443, 140
Trd, 4318975.543, 95
Trd, 4318975.993, 97
Trd, 4318976.493, 95
Trd, 4318976.943, 94
Trd, 4318977.543, 89
Trd, 4318978.293, 139
Trd, 4318979.543, 102
Trd, 4318980.843, 120
Trd, 4318980.893, 123
Trd, 4318981.043, 119
Trd, 4318982.343, 122
Trd, 4318982.643, 74
Trd, 4318983.093, 99
Trd, 4318985.043, 138
Trd, 4318985.093, 97
Trd, 4318986.443, 103
Trd, 4318987.293, 106
Trd, 4318987.593, 107
Trd, 4318987.893, 93
Trd, 4318989.243, 119
Trd, 4318990.143, 140
Trd, 4318991.293, 140
Trd, 4318992.193, 140
Trd, 4318992.243, 138
Trd, 4318993.443, 135
Trd, 4318994.493, 137
Trd, 4318994.993, 137
Trd, 4318996.643, 140
Trd, 4318996.893, 140
Trd, 4318997.643, 139
Trd, 4318998.193, 119
Trd, 4318998.793, 118
Trd, 4318999.343, 100
Trd, 4319001.393, 92
Trd, 4319001.993, 139
Trd, 4319002.893, 60
Trd, 4319002.943, 61
Trd, 4319004.343, 72
Trd, 4319004.843, 76
Trd, 4319004.943, 104
Trd, 4319005.693, 67
Trd, 4319005.943, 77
Trd, 4319006.543, 123
Trd, 4319008.343, 140
Trd, 4319008.893, 140
Trd, 4319010.393, 140
Trd, 4319010.493, 140
Trd, 4319010.893, 140
Trd, 4319011.543, 139
Trd, 4319011.843, 87
Trd, 4319013.843, 140
Trd, 4319014.043, 140
Trd, 4319014.543, 140
Trd, 4319014.643, 140
Trd, 4319015.043, 140
Trd, 4319016.543, 132
Trd, 4319017.093, 113
Trd, 4319017.793, 76
Trd, 4319018.543, 130
Trd, 4319019.993, 139
Trd, 4319021.293, 138
Trd, 4319021.893, 136
Trd, 4319022.093, 133
Trd, 4319022.493, 92
Trd, 4319022.943, 92
Trd, 4319023.893, 116
Trd, 4319024.693, 92
Trd, 4319024.893, 137
Trd, 4319025.493, 140
Trd, 4319026.593, 107
Trd, 4319026.693, 109
Trd, 4319027.543, 140
Trd, 4319027.893, 140
Trd, 4319029.943, 61
Trd, 4319030.743, 74
Trd, 4319031.243, 132
Trd, 4319031.343, 120
Trd, 4319031.943, 77
Trd, 4319032.643, 121
Trd, 4319033.993, 101
Trd, 4319034.343, 98
Trd, 4319035.643, 124
Trd, 4319036.493, 140
Trd, 4319036.643, 85
Trd, 4319036.693, 82
Trd, 4319037.543, 67
Trd, 4319038.243, 61
Trd, 4319039.443, 83
Trd, 4319040.993, 130
Trd, 4319041.093, 91
Trd, 4319041.143, 90
Trd, 4319043.993, 140
Trd, 4319044.043, 140
Trd, 4319044.293, 140
Trd, 4319044.543, 138
Trd, 4319045.743, 88
Trd, 4319045.993, 90
Trd, 4319046.043, 82
Trd, 4319047.293, 95
Trd, 4319048.843, 68
Trd, 4319049.243, 60
Trd, 4319050.243, 140
Trd, 4319051.643, 104
Trd, 4319051.993, 108
Trd, 4319052.843, 105
Trd, 4319052.893, 104
Trd, 4319053.093, 103
Trd, 4319053.643, 114
Trd, 4319053.893, 113
Trd, 4319054.143, 79
Trd, 4319055.043, 104
Trd, 4319055.343, 140
Trd, 4319056.443, 140
Trd, 4319058.093, 140
Trd, 4319058.493, 111
Trd, 4319058.843, 94
Trd, 4319059.993, 64
Trd, 4319060.593, 66
Trd, 4319062.293, 76
Trd, 4319062.443, 75
Trd, 4319063.193, 99
Trd, 4319063.293, 78
Trd, 4319064.293, 77
Trd, 4319064.343, 101
Trd, 4319064.693, 105
Trd, 4319064.743, 76
Trd, 4319066.093, 74
Trd, 4319067.043, 82
Trd, 4319068.843, 61
Trd, 4319070.243, 60
Trd, 4319070.543, 62
Trd, 4319071.093, 128
Trd, 4319072.643, 84
Trd, 4319073.393, 140
Trd, 4319073.593, 140
Trd, 4319074.043, 139
Trd, 4319074.793, 140
Trd, 4319075.343, 140
Trd, 4319075.693, 92
Trd, 4319076.143, 110
Trd, 4319076.693, 72
Trd, 4319077.293, 74
Trd, 4319078.343, 140
Trd, 4319079.943, 140
Trd, 4319079.993, 140
Trd, 4319080.943, 140
Trd, 4319081.493, 97
Trd, 4319081.893, 64
Trd, 4319082.243, 73
Trd, 4319082.993, 89
Trd, 4319084.993, 113
Trd, 4319085.443, 109
Trd, 4319085.643, 100
Trd, 4319087.343, 140
Trd, 4319087.443, 139
Trd, 4319089.293, 116
Trd, 4319089.493, 115
Trd, 4319090.093, 134
Trd, 4319090.943, 135
Trd, 4319092.143, 139
Trd, 4319093.143, 140
Trd, 4319094.393, 140
Trd, 4319094.743, 140
Trd, 4319095.143, 140
Trd, 4319095.943, 140
Trd, 4319096.893, 140
Trd, 4319097.193, 139
Trd, 4319100.143, 140
Trd, 4319100.243, 132
Trd, 4319100.843, 109
Trd, 4319101.193, 135
Trd, 4319101.793, 100
Trd, 4319103.043, 115
Trd, 4319103.093, 105
Trd, 4319104.393, 111
Trd, 4319104.443, 101
Trd, 4319104.543, 85
Trd, 4319106.643, 140
Trd, 4319106.743, 140
Trd, 4319107.293, 66
Trd, 4319107.793, 80
Trd, 4319109.543, 139
Trd, 4319110.093, 128
Trd, 4319110.143, 95
Trd, 4319111.343, 63
Trd, 4319112.393, 66
Trd, 4319114.243, 60
Trd, 4319114.593, 60
Trd, 4319115.293, 60
Trd, 4319115.993, 84
Trd, 4319116.843, 60
Trd, 4319117.343, 61
Trd, 4319118.943, 62
Trd, 4319119.893, 61
Trd, 4319120.943, 63
Trd, 4319121.293, 61
Trd, 4319121.793, 65
Trd, 4319122.743, 64
Trd, 4319123.293, 63
Trd, 4319123.543, 66
Trd, 4319123.693, 62
Trd, 4319125.643, 122
Trd, 4319127.093, 126
Trd, 4319127.593, 101
Trd, 4319128.243, 100
Trd, 4319128.793, 66
Trd, 4319130.543, 140
Trd, 4319130.843, 120
Trd, 4319130.993, 120
Trd, 4319132.293, 62
Trd, 4319132.593, 63
Trd, 4319133.093, 61
Trd, 4319133.943, 63
Trd, 4319135.793, 65
Trd, 4319136.743, 65
Trd, 4319137.393, 66
Trd, 4319137.543, 67
Trd, 4319138.243, 110
Trd, 4319139.393, 138
Trd, 4319139.793, 95
Trd, 4319141.693, 140
Trd, 4319141.893, 140
Trd, 4319142.793, 117
Trd, 4319142.993, 113
Trd, 4319143.293, 93
Trd, 4319143.443, 92
Trd, 4319143.943, 127
Trd, 4319144.193, 123
Trd, 4319145.243, 77
Trd, 4319145.743, 139
Trd, 4319146.443, 100
Trd, 4319147.693, 71
Trd, 4319148.343, 96
Trd, 4319148.543, 115
Trd, 4319148.793, 69
Trd, 4319149.493, 89
Trd, 4319152.993, 62
Trd, 4319153.043, 61
Trd, 4319153.193, 62
Trd, 4319153.643, 63
Trd, 4319153.793, 136
Trd, 4319154.393, 63
Trd, 4319154.993, 62
Trd, 4319156.543, 140
Trd, 4319157.343, 140
Trd, 4319157.943, 140
Trd, 4319158.143, 109
Trd, 4319158.993, 106
Trd, 4319160.793, 140
Trd, 4319161.493, 139
Trd, 4319161.643, 110
Trd, 4319162.443, 106
Trd, 4319162.593, 103
Trd, 4319162.743, 101
Trd, 4319163.343, 69
Trd, 4319164.993, 136
Trd, 4319165.743, 79
Trd, 4319165.993, 114
Trd, 4319166.943, 75
Trd, 4319169.193, 91
Trd, 4319169.593, 90
Trd, 4319171.493, 140
Trd, 4319171.543, 139
Trd, 4319172.743, 140
Trd, 4319172.993, 140
Trd, 4319173.093, 140
Trd, 4319173.343, 139
Trd, 4319173.393, 111
Trd, 4319174.993, 103
Trd, 4319176.143, 138
Trd, 4319176.843, 140
Trd, 4319177.743, 128
Trd, 4319177.943, 128
Trd, 4319178.343, 128
Trd, 4319179.443, 75
Trd, 4319180.743, 60
Trd, 4319181.643, 60
Trd, 4319182.493, 60
Trd, 4319182.943, 138
Trd, 4319183.043, 102
Trd, 4319184.293, 93
Trd, 4319184.743, 95
Trd, 4319184.943, 139
Trd, 4319185.593, 138
Trd, 4319185.793, 136
Trd, 4319186.443, 137
Trd, 4319187.493, 140
Trd, 4319187.943, 140
Trd, 4319188.643, 140
Trd, 4319189.093, 139
Trd, 4319189.793, 116
Trd, 4319190.343, 63
Trd, 4319191.443, 116
Trd, 4319191.993, 140
Trd, 4319192.593, 140
Trd, 4319192.993, 131
Trd, 4319194.643, 133
Trd, 4319195.893, 140
Trd, 4319195.993, 140
Trd, 4319196.043, 133
Trd, 4319196.843, 118
Trd, 4319198.493, 140
Trd, 4319198.543, 109
Trd, 4319199.793, 140
Trd, 4319200.043, 140
Trd, 4319200.343, 103
Trd, 4319201.143, 89
Trd, 4319203.443, 140
Trd, 4319203.743, 139
Trd, 4319203.993, 116
Trd, 4319204.643, 105
Trd, 4319205.193, 135
Trd, 4319206.943, 112
Trd, 4319207.293, 111
Trd, 4319207.693, 98
Trd, 4319207.793, 96
Trd, 4319209.643, 140
Trd, 4319210.393, 140
Trd, 4319210.593, 140
Trd, 4319213.543, 140
Trd, 4319213.643, 140
Trd, 4319214.993, 140
Trd, 4319215.393, 140
Trd, 4319216.493, 140
Trd, 4319216.593, 140
Trd, 4319218.593, 91
Trd, 4319218.993, 111
Trd, 4319219.193, 140
Trd, 4319219.443, 140
Trd, 4319220.043, 119
Trd, 4319221.743, 110
Trd, 4319221.993, 110
Trd, 4319222.343, 106
Trd, 4319223.993, 140
Trd, 4319226.093, 140
Trd, 4319226.143, 140
Trd, 4319227.243, 140
Trd, 4319227.493, 140
Trd, 4319227.843, 140
Trd, 4319229.343, 97
Trd, 4319231.193, 140
Trd, 4319231.843, 140
Trd, 4319232.393, 140
Trd, 4319232.443, 103
Trd, 4319233.743, 140
Trd, 4319233.793, 99
Trd, 4319235.493, 63
Trd, 4319236.243, 67
Trd, 4319238.343, 61
Trd, 4319238.893, 61
Trd, 4319239.743, 61
Trd, 4319239.793, 63
Trd, 4319241.143, 63
Trd, 4319242.093, 90
Trd, 4319243.443, 97
Trd, 4319243.693, 63
Trd, 4319243.993, 138
Trd, 4319244.093, 63
Trd, 4319244.443, 71
Trd, 4319245.543, 133
Trd, 4319245.693, 131
Trd, 4319246.493, 63
Trd, 4319246.693, 62
Trd, 4319248.043, 140
Trd, 4319248.293, 139
Trd, 4319250.443, 140
Trd, 4319252.343, 140
Trd, 4319253.293, 140
Trd, 4319253.443, 140
Trd, 4319253.793, 140
Trd, 4319253.993, 118
Trd, 4319254.443, 116
Trd, 4319255.943, 140
Trd, 4319256.693, 139
Trd, 4319256.743, 106
Trd, 4319258.193, 80
Trd, 4319259.443, 62
Trd, 4319260.143, 64
Trd, 4319260.243, 75
Trd, 4319261.043, 87
Trd, 4319261.243, 63
Trd, 4319261.943, 88
Trd, 4319263.993, 60
Trd, 4319264.643, 60
Trd, 4319265.593, 62
Trd, 4319266.093, 61
Trd, 4319266.393, 60
Trd, 4319267.143, 64
Trd, 4319267.193, 67
Trd, 4319267.393, 83
Trd, 4319268.243, 70
Trd, 4319268.543, 92
Trd, 4319269.543, 140
Trd, 4319270.893, 140
Trd, 4319271.143, 140
Trd, 4319271.443, 140
Trd, 4319272.143, 140
Trd, 4319272.393, 140
Trd, 4319273.093, 140
Trd, 4319274.693, 140
Trd, 4319275.193, 140
Trd, 4319275.793, 140
Trd, 4319276.743, 65
Trd, 4319277.293, 139
Trd, 4319277.543, 137
Trd, 4319278.143, 140
Trd, 4319278.543, 115
Trd, 4319278.793, 114
Trd, 4319278.993, 104
Trd, 4319280.543, 93
Trd, 4319281.293, 91
Trd, 4319282.043, 102
Trd, 4319282.293, 93
Trd, 4319282.343, 87
Trd, 4319283.793, 60
Trd, 4319285.243, 63
Trd, 4319285.393, 65
Trd, 4319287.443, 60
Trd, 4319288.343, 62
Trd, 4319288.643, 62
Trd, 4319289.593, 61
Trd, 4319289.743, 70
Trd, 4319290.443, 114
Trd, 4319291.193, 113
Trd, 4319293.293, 140
Trd, 4319294.143, 140
Trd, 4319294.343, 140
Trd, 4319295.443, 140
Trd, 4319296.293, 95
Trd, 4319296.343, 94
Trd, 4319297.943, 140
Trd, 4319298.093, 139
Trd, 4319299.093, 85
Trd, 4319299.643, 69
Trd, 4319299.693, 110
Trd, 4319300.993, 89
Trd, 4319302.593, 63
Trd, 4319304.193, 140
Trd, 4319304.543, 140
Trd, 4319305.243, 140
Trd, 4319306.643, 140
Trd, 4319306.743, 140
Trd, 4319306.943, 139
Trd, 4319308.193, 100
Trd, 4319308.543, 95
Trd, 4319309.043, 81
Trd, 4319309.793, 70
Trd, 4319310.693, 61
Trd, 4319313.043, 140
Trd, 4319313.593, 140
Trd, 4319314.193, 140
Trd, 4319314.243, 140
Trd, 4319315.093, 137
Trd, 4319317.193, 140
Trd, 4319317.443, 140
Trd, 4319318.143, 100
Trd, 4319318.793, 140
Trd, 4319319.593, 140
Trd, 4319320.043, 140
Trd, 4319320.143, 140
Trd, 4319321.293, 121
Trd, 4319322.043, 135
Trd, 4319322.493, 114
Trd, 4319323.793, 129
Trd, 4319325.043, 127
Trd, 4319325.143, 95
Trd, 4319326.193, 81
Trd, 4319326.493, 89
Trd, 4319328.143, 139
Trd, 4319329.043, 140
Trd, 4319329.193, 140
Trd, 4319329.493, 140
Trd, 4319330.443, 64
Trd, 4319330.693, 66
Trd, 4319331.093, 67
Trd, 4319331.443, 107
Trd, 4319332.043, 137
Trd, 4319332.343, 137
Trd, 4319333.993, 135
Trd, 4319334.893, 140
Trd, 4319335.443, 125
Trd, 4319335.843, 126
Trd, 4319337.243, 129
Trd, 4319337.693, 138
Trd, 4319337.943, 127
Trd, 4319339.293, 128
Trd, 4319339.493, 83
Trd, 4319339.543, 79
Trd, 4319339.743, 76
Trd, 4319341.643, 140
Trd, 4319342.893, 140
Trd, 4319343.393, 140
Trd, 4319343.793, 140
Trd, 4319344.343, 140
Trd, 4319345.543, 140
Trd, 4319345.643, 92
Trd, 4319346.643, 110
Trd, 4319347.193, 64
Trd, 4319347.343, 65
Trd, 4319348.593, 61
Trd, 4319349.193, 93
Trd, 4319349.943, 138
Trd, 4319350.593, 139
Trd, 4319350.843, 140
Trd, 4319352.093, 140
Trd, 4319353.443, 140
Trd, 4319353.943, 119
Trd, 4319354.193, 119
Trd, 4319355.243, 140
Trd, 4319356.143, 140
Trd, 4319357.493, 140
Trd, 4319357.843, 140
Trd, 4319359.343, 140
Trd, 4319359.443, 140
Trd, 4319360.993, 122
Trd, 4319361.543, 101
Trd, 4319362.443, 140
Trd, 4319363.043, 140
Trd, 4319363.493, 140
Trd, 4319364.143, 138
Trd, 4319366.293, 140
Trd, 4319367.243, 140
Trd, 4319367.593, 140
Trd, 4319367.793, 140
Trd, 4319368.243, 97
Trd, 4319368.293, 91
Trd, 4319368.843, 118
Trd, 4319369.593, 63
Trd, 4319370.093, 68
Trd, 4319372.843, 140
Trd, 4319373.043, 140
Trd, 4319373.593, 140
Trd, 4319373.743, 140
Trd, 4319373.993, 91
Trd, 4319374.693, 69
Trd, 4319376.293, 68
Trd, 4319376.493, 138
Trd, 4319376.893, 67
Trd, 4319377.343, 123
Trd, 4319378.193, 140
Trd, 4319379.093, 64
Trd, 4319379.643, 139
Trd, 4319381.643, 101
Trd, 4319382.043, 100
Trd, 4319382.393, 102
Trd, 4319382.443, 100
Trd, 4319382.593, 77
Trd, 4319383.493, 78
Trd, 4319385.093, 62
Trd, 4319385.743, 61
Trd, 4319387.243, 62
Trd, 4319387.843, 62
Trd, 4319387.893, 68
Trd, 4319390.443, 130
Trd, 4319390.493, 129
Trd, 4319390.543, 128
Trd, 4319390.793, 128
Trd, 4319390.893, 127
Trd, 4319393.093, 140
Trd, 4319393.993, 139
Trd, 4319394.343, 139
Trd, 4319395.593, 140
Trd, 4319395.893, 140
Trd, 4319396.393, 122
Trd, 4319397.543, 139
Trd, 4319398.543, 136
Trd, 4319399.093, 140
Trd, 4319399.893, 140
Trd, 4319400.343, 140
Trd, 4319400.743, 140
Trd, 4319402.193, 140
Trd, 4319403.493, 140
Trd, 4319404.193, 140
Trd, 4319404.343, 140
Trd, 4319405.643, 140
Trd, 4319407.093, 140
Trd, 4319407.193, 140
Trd, 4319408.943, 140
Trd, 4319409.193, 140
Trd, 4319409.793, 133
Trd, 4319410.543, 138
Trd, 4319412.243, 122
Trd, 4319412.843, 119
Trd, 4319413.243, 118
Trd, 4319413.393, 89
Trd, 4319414.043, 105
Trd, 4319414.293, 78
Trd, 4319414.443, 67
Trd, 4319416.643, 60
Trd, 4319416.993, 62
Trd, 4319417.343, 63
Trd, 4319419.893, 60
Trd, 4319420.093, 60
Trd, 4319420.593, 62
Trd, 4319421.543, 83
Trd, 4319422.193, 61
Trd, 4319422.693, 99
Trd, 4319423.043, 67
Trd, 4319423.843, 140
Trd, 4319424.393, 130
Trd, 4319425.193, 132
Trd, 4319427.193, 140
Trd, 4319427.793, 140
Trd, 4319429.093, 140
Trd, 4319429.243, 140
Trd, 4319429.443, 140
Trd, 4319430.093, 140
Trd, 4319430.593, 115
Trd, 4319431.643, 140
Trd, 4319432.043, 120
Trd, 4319432.393, 140
Trd, 4319433.243, 140
Trd, 4319434.693, 77
Trd, 4319435.143, 61
Trd, 4319435.193, 81
Trd, 4319435.793, 62
Trd, 4319437.743, 140
Trd, 4319439.393, 140
Trd, 4319439.643, 140
Trd, 4319439.743, 140
Trd, 4319442.243, 140
Trd, 4319442.293, 140
Trd, 4319443.743, 140
Trd, 4319444.043, 140
Trd, 4319444.593, 140
Trd, 4319444.643, 140
Trd, 4319446.243, 82
Trd, 4319447.093, 138
Trd, 4319447.443, 113
Trd, 4319448.493, 127
Trd, 4319448.943, 112
Trd, 4319450.143, 113
Trd, 4319450.993, 86
Trd, 4319451.493, 140
Trd, 4319452.093, 140
Trd, 4319452.393, 139
Trd, 4319452.943, 83
Trd, 4319454.343, 104
Trd, 4319454.393, 83
Trd, 4319455.843, 122
Trd, 4319457.943, 138
Trd, 4319458.543, 140
Trd, 4319458.593, 127
Trd, 4319459.193, 127
Trd, 4319459.993, 130
Trd, 4319461.143, 131
Trd, 4319461.293, 131
Trd, 4319461.543, 140
Trd, 4319462.293, 140
Trd, 4319462.793, 140
Trd, 4319463.343, 140
Trd, 4319463.443, 76
Trd, 4319463.843, 75
Trd, 4319464.593, 61
Trd, 4319465.393, 116
Trd, 4319465.543, 65
Trd, 4319466.043, 122
Trd, 4319466.843, 140
Trd, 4319467.343, 86
Trd, 4319467.393, 85
Trd, 4319467.693, 79
Trd, 4319469.193, 95
Trd, 4319469.343, 93
Trd, 4319470.593, 119
Trd, 4319471.493, 108
Trd, 4319472.993, 80
Trd, 4319473.293, 80
Trd, 4319474.043, 62
Trd, 4319475.343, 119
Trd, 4319476.393, 139
Trd, 4319476.493, 91
Trd, 4319477.243, 139
Trd, 4319478.693, 123
Trd, 4319479.093, 118
Trd, 4319479.143, 117
Trd, 4319479.593, 75
Trd, 4319480.193, 119
Trd, 4319480.243, 75
Trd, 4319480.443, 72
Trd, 4319483.393, 138
Trd, 4319483.993, 125
Trd, 4319484.143, 124
Trd, 4319486.043, 140
Trd, 4319486.343, 138
Trd, 4319487.043, 138
Trd, 4319487.643, 138
Trd, 4319487.743, 140
Trd, 4319488.443, 104
Trd, 4319488.493, 101
Trd, 4319488.743, 108
Trd, 4319490.843, 112
Trd, 4319492.943, 140
Trd, 4319493.843, 140
Trd, 4319494.443, 140
Trd, 4319494.993, 137
Trd, 4319495.293, 114
Trd, 4319495.593, 140
Trd, 4319495.693, 139
Trd, 4319496.693, 116
Trd, 4319496.843, 105
Trd, 4319497.443, 86
Trd, 4319498.543, 69
Trd, 4319500.243, 100
Trd, 4319500.893, 114
Trd, 4319501.393, 104
Trd, 4319501.543, 102
Trd, 4319501.643, 85
Trd, 4319502.543, 136
Trd, 4319502.943, 125
Trd, 4319503.293, 132
Trd, 4319503.393, 131
Trd, 4319504.493, 102
Trd, 4319504.943, 83
Trd, 4319506.393, 70
Trd, 4319506.593, 62
Trd, 4319507.743, 60
Trd, 4319508.743, 67
Trd, 4319509.493, 82
Trd, 4319510.043, 66
Trd, 4319511.293, 60
Trd, 4319512.243, 62
Trd, 4319512.443, 63
Trd, 4319513.643, 88
Trd, 4319514.543, 140
Trd, 4319515.193, 120
Trd, 4319515.243, 119
Trd, 4319516.193, 139
Trd, 4319516.693, 118
Trd, 4319517.443, 135
Trd, 4319518.143, 118
Trd, 4319519.093, 119
Trd, 4319519.293, 105
Trd, 4319520.043, 105
Trd, 4319521.143, 107
Trd, 4319522.093, 109
Trd, 4319522.143, 94
Trd, 4319522.243, 115
Trd, 4319523.593, 140
Trd, 4319524.593, 140
Trd, 4319524.893, 111
Trd, 4319525.593, 110
Trd, 4319526.243, 100
Trd, 4319527.543, 138
Trd, 4319527.743, 137
Trd, 4319528.443, 96
Trd, 4319529.343, 125
Trd, 4319531.293, 140
Trd, 4319531.643, 140
Trd, 4319531.743, 140
Trd, 4319532.993, 123
Trd, 4319533.293, 140
Trd, 4319534.493, 77
Trd, 4319535.843, 71
Trd, 4319536.393, 70
Trd, 4319536.943, 74
Trd, 4319537.443, 62
Trd, 4319537.943, 60
Trd, 4319538.993, 70
Trd, 4319540.443, 140
Trd, 4319540.493, 140
Trd, 4319540.943, 70
Trd, 4319541.843, 67
Trd, 4319542.643, 74
Trd, 4319542.943, 76
Trd, 4319544.943, 71
Trd, 4319545.043, 69
Trd, 4319546.293, 95
Trd, 4319546.843, 138
Trd, 4319548.393, 140
Trd, 4319548.993, 140
Trd, 4319550.193, 140
Trd, 4319550.343, 140
Trd, 4319551.093, 139
Trd, 4319551.143, 138
Trd, 4319552.093, 140
Trd, 4319552.993, 106
Trd, 4319553.443, 73
Trd, 4319553.693, 69
Trd, 4319554.443, 140
Trd, 4319555.443, 70
Trd, 4319556.943, 140
Trd, 4319557.093, 140
Trd, 4319558.093, 113
Trd, 4319558.743, 113
Trd, 4319560.393, 118
Trd, 4319560.443, 116
Trd, 4319561.243, 125
Trd, 4319562.743, 140
Trd, 4319562.993, 106
Trd, 4319564.243, 138
Trd, 4319564.493, 129
Trd, 4319564.693, 82
Trd, 4319565.493, 68
Trd, 4319565.693, 105
Trd, 4319566.743, 140
Trd, 4319567.643, 140
Trd, 4319567.743, 140
Trd, 4319568.593, 120
Trd, 4319570.793, 130
Trd, 4319571.393, 122
Trd, 4319571.593, 121
Trd, 4319572.043, 98
Trd, 4319572.293, 81
Trd, 4319572.493, 136
Trd, 4319574.143, 81
Trd, 4319575.593, 114
Trd, 4319575.793, 113
Trd, 4319576.093, 100
Trd, 4319576.543, 119
Trd, 4319577.143, 89
Trd, 4319577.343, 88
Trd, 4319577.643, 120
Trd, 4319578.343, 132
Trd, 4319579.493, 139
Trd, 4319580.643, 133
Trd, 4319580.743, 131
Trd, 4319580.843, 86
Trd, 4319582.893, 140
Trd, 4319582.993, 137
Trd, 4319584.043, 133
Trd, 4319584.343, 132
Trd, 4319584.743, 101
Trd, 4319585.693, 138
Trd, 4319586.593, 109
Trd, 4319587.293, 113
Trd, 4319589.393, 140
Trd, 4319589.443, 140
Trd, 4319589.943, 140
Trd, 4319590.693, 140
Trd, 4319591.193, 98
Trd, 4319592.593, 140
Trd, 4319594.043, 140
Trd, 4319594.093, 139
Trd, 4319594.593, 130
Trd, 4319594.993, 101
Trd, 4319595.643, 92
Trd, 4319596.493, 140
Trd, 4319596.693, 137
Trd, 4319597.293, 79
Trd, 4319597.643, 78
Trd, 4319599.243, 139
Trd, 4319599.293, 94
Trd, 4319601.093, 97
Trd, 4319601.693, 87
Trd, 4319601.943, 99
Trd, 4319602.343, 86
Trd, 4319604.393, 91
Trd, 4319604.693, 139
Trd, 4319605.993, 74
Trd, 4319606.493, 73
Trd, 4319607.243, 78
Trd, 4319607.743, 140
Trd, 4319607.893, 87
Trd, 4319608.643, 74
Trd, 4319608.943, 91
Trd, 4319610.693, 93
Trd, 4319610.893, 76
Trd, 4319612.093, 103
Trd, 4319612.143, 102
Trd, 4319612.893, 75
Trd, 4319613.343, 139
Trd, 4319614.743, 132
Trd, 4319615.493, 133
Trd, 4319615.793, 132
Trd, 4319617.243, 140
Trd, 4319618.493, 140
Trd, 4319618.743, 140
Trd, 4319619.343, 98
Trd, 4319619.993, 97
Trd, 4319622.193, 140
Trd, 4319622.243, 140
Trd, 4319622.693, 140
Trd, 4319624.193, 137
Trd, 4319624.243, 114
Trd, 4319624.643, 102
Trd, 4319625.043, 102
Trd, 4319626.593, 139
Trd, 4319627.193, 132
Trd, 4319627.443, 130
Trd, 4319629.543, 130
Trd, 4319629.693, 112
Trd, 4319631.043, 85
Trd, 4319631.943, 90
Trd, 4319633.043, 140
Trd, 4319633.093, 139
Trd, 4319634.443, 105
Trd, 4319634.643, 104
Trd, 4319634.793, 85
Trd, 4319635.393, 117
Trd, 4319635.593, 116
Trd, 4319637.793, 140
Trd, 4319638.243, 140
Trd, 4319639.443, 140
Trd, 4319639.693, 139
Trd, 4319639.993, 139
Trd, 4319640.043, 101
Trd, 4319640.093, 100
Trd, 4319640.293, 73
Trd, 4319641.443, 61
Trd, 4319642.593, 139
Trd, 4319644.993, 140
Trd, 4319645.293, 140
Trd, 4319646.543, 140
Trd, 4319648.193, 140
Trd, 4319648.393, 140
Trd, 4319649.493, 140
Trd, 4319650.343, 140
Trd, 4319650.443, 140
Trd, 4319652.693, 140
Trd, 4319653.243, 138
Trd, 4319654.193, 135
Trd, 4319654.793, 138
Trd, 4319654.893, 136
Trd, 4319655.843, 138
Trd, 4319655.993, 137
Trd, 4319656.743, 118
Trd, 4319657.193, 88
Trd, 4319658.893, 86
Trd, 4319659.493, 86
Trd, 4319659.643, 106
Trd, 4319659.743, 85
Trd, 4319659.943, 95
Trd, 4319660.643, 135
Trd, 4319661.243, 140
Trd, 4319662.543, 140
Trd, 4319664.743, 127
Trd, 4319664.793, 126
Trd, 4319665.643, 127
Trd, 4319666.643, 140
Trd, 4319666.793, 132
Trd, 4319667.393, 140
Trd, 4319667.843, 140
Trd, 4319668.243, 126
Trd, 4319668.943, 116
Trd, 4319669.393, 116
Trd, 4319670.993, 140
Trd, 4319671.193, 140
Trd, 4319672.293, 69
Trd, 4319672.343, 75
Trd, 4319672.693, 63
Trd, 4319673.543, 61
Trd, 4319675.443, 60
Trd, 4319675.843, 72
Trd, 4319676.043, 62
Trd, 4319676.743, 86
Trd, 4319678.243, 140
Trd, 4319678.993, 140
Trd, 4319679.293, 140
Trd, 4319679.443, 140
Trd, 4319679.793, 140
Trd, 4319680.193, 107
Trd, 4319680.493, 64
Trd, 4319682.043, 81
Trd, 4319682.693, 139
Trd, 4319682.993, 104
Trd, 4319683.443, 102
Trd, 4319684.743, 113
Trd, 4319686.243, 105
Trd, 4319686.343, 97
Trd, 4319688.093, 84
Trd, 4319689.443, 60
Trd, 4319689.493, 61
Trd, 4319690.593, 60
Trd, 4319690.693, 60
Trd, 4319691.343, 62
Trd, 4319691.693, 63
Trd, 4319692.843, 67
Trd, 4319694.093, 135
Trd, 4319694.943, 92
Trd, 4319695.693, 93
Trd, 4319696.143, 102
Trd, 4319696.543, 128
Trd, 4319698.243, 140
Trd, 4319699.093, 129
Trd, 4319699.143, 128
Trd, 4319699.843, 140
Trd, 4319702.093, 61
Trd, 4319702.243, 64
Trd, 4319702.643, 60
Trd, 4319703.493, 66
Trd, 4319704.693, 80
Trd, 4319704.843, 65
Trd, 4319705.543, 67
Trd, 4319707.793, 140
Trd, 4319708.393, 140
Trd, 4319710.293, 140
Trd, 4319710.493, 140
Trd, 4319710.943, 140
Trd, 4319711.193, 140
Trd, 4319711.593, 140
Trd, 4319712.543, 110
Trd, 4319714.343, 113
Trd, 4319714.593, 124
Trd, 4319714.893, 111
Trd, 4319714.993, 135
Trd, 4319715.393, 103
Trd, 4319716.043, 104
Trd, 4319716.443, 131
Trd, 4319716.843, 91
Trd, 4319718.143, 94
Trd, 4319719.443, 94
Trd, 4319720.143, 140
Trd, 4319720.943, 110
Trd, 4319721.243, 109
Trd, 4319722.393, 103
Trd, 4319723.843, 109
Trd, 4319724.043, 109
Trd, 4319724.643, 88
Trd, 4319725.493, 140
Trd, 4319725.893, 139
Trd, 4319726.793, 90
Trd, 4319727.793, 106
Trd, 4319728.243, 90
Trd, 4319728.993, 67
Trd, 4319729.543, 140
Trd, 4319730.243, 124
Trd, 4319730.293, 85
Trd, 4319731.143, 70
Trd, 4319733.393, 138
Trd, 4319734.693, 111
Trd, 4319735.243, 116
Trd, 4319735.493, 113
Trd, 4319735.543, 129
Trd, 4319736.443, 120
Trd, 4319737.693, 111
Trd, 4319738.043, 135
Trd, 4319738.243, 111
Trd, 4319738.393, 111
Trd, 4319739.743, 140
Trd, 4319739.793, 140
Trd, 4319741.143, 114
Trd, 4319741.643, 140
Trd, 4319741.693, 112
Trd, 4319743.343, 100
Trd, 4319743.993, 63
Trd, 4319746.893, 140
Trd, 4319746.943, 140
Trd, 4319748.093, 140
Trd, 4319748.543, 140
Trd, 4319748.593, 140
Trd, 4319749.093, 140
Trd, 4319749.143, 136
Trd, 4319750.043, 93
Trd, 4319751.143, 139
Trd, 4319751.293, 138
Trd, 4319753.243, 140
Trd, 4319754.043, 140
Trd, 4319754.243, 140
Trd, 4319754.793, 121
Trd, 4319756.493, 105
Trd, 4319757.693, 106
Trd, 4319757.743, 107
Trd, 4319757.793, 105
Trd, 4319757.943, 108
Trd, 4319759.993, 123
Trd, 4319760.193, 82
Trd, 4319760.243, 76
Trd, 4319760.993, 139
Trd, 4319761.693, 140
Trd, 4319762.393, 140
Trd, 4319762.693, 140
Trd, 4319764.593, 140
Trd, 4319765.743, 140
Trd, 4319765.843, 140
Trd, 4319765.893, 140
Trd, 4319766.593, 140
Trd, 4319767.143, 104
Trd, 4319768.493, 139
Trd, 4319768.743, 116
Trd, 4319768.893, 115
Trd, 4319769.443, 87
Trd, 4319770.943, 75
Trd, 4319771.843, 82
Trd, 4319772.693, 96
Trd, 4319772.993, 95
Trd, 4319773.843, 140
Trd, 4319774.593, 140
Trd, 4319774.793, 140
Trd, 4319776.443, 140
Trd, 4319777.643, 140
Trd, 4319777.693, 140
Trd, 4319778.993, 140
Trd, 4319779.643, 140
Trd, 4319779.693, 139
Trd, 4319779.743, 108
Trd, 4319781.243, 116
Trd, 4319783.793, 140
Trd, 4319783.993, 139
Trd, 4319784.293, 137
Trd, 4319785.493, 132
Trd, 4319785.593, 131
Trd, 4319785.643, 86
Trd, 4319785.943, 75
Trd, 4319787.393, 140
Trd, 4319789.393, 140
Trd, 4319789.793, 140
Trd, 4319790.443, 139
Trd, 4319791.493, 140
Trd, 4319792.293, 139
Trd, 4319792.843, 140
Trd, 4319793.243, 140
Trd, 4319793.443, 140
Trd, 4319794.693, 135
Trd, 4319795.343, 88
Trd, 4319796.943, 140
Trd, 4319799.293, 124
Trd, 4319799.693, 120
Trd, 4319799.893, 82
Trd, 4319800.443, 83
Trd, 4319800.743, 137
Trd, 4319802.093, 92
Trd, 4319802.493, 114
Trd, 4319802.593, 82
Trd, 4319804.493, 106
Trd, 4319804.593, 110
Trd, 4319805.143, 105
Trd, 4319805.893, 119
Trd, 4319806.693, 96
Trd, 4319807.343, 95
Trd, 4319809.193, 140
Trd, 4319809.343, 139
Trd, 4319810.493, 123
Trd, 4319810.693, 116
Trd, 4319812.393, 140
Trd, 4319812.793, 138
Trd, 4319813.293, 111
Trd, 4319813.543, 65
Trd, 4319814.293, 62
Trd, 4319814.693, 134
Trd, 4319814.943, 133
Trd, 4319816.293, 73
Trd, 4319817.343, 117
Trd, 4319817.943, 91
Trd, 4319818.843, 96
Trd, 4319819.693, 110
Trd, 4319819.843, 97
Trd, 4319820.693, 126
Trd, 4319820.993, 134
Trd, 4319821.943, 128
Trd, 4319822.193, 117
Trd, 4319822.543, 131
Trd, 4319823.693, 82
Trd, 4319824.743, 140
Trd, 4319824.993, 140
Trd, 4319825.243, 122
Trd, 4319826.593, 123
Trd, 4319826.643, 89
Trd, 4319827.493, 95
Trd, 4319828.693, 140
Trd, 4319829.693, 140
Trd, 4319830.343, 140
Trd, 4319831.443, 140
Trd, 4319832.043, 140
Trd, 4319833.143, 140
Trd, 4319833.643, 139
Trd, 4319833.943, 117
Trd, 4319834.543, 109
Trd, 4319835.293, 110
Trd, 4319835.593, 88
Trd, 4319836.543, 91
Trd, 4319836.943, 140
Trd, 4319837.293, 84
Trd, 4319837.693, 138
Trd, 4319839.743, 60
Trd, 4319840.643, 76
Trd, 4319840.693, 65
Trd, 4319841.343, 140
Trd, 4319842.243, 139
Trd, 4319844.443, 140
Trd, 4319844.743, 107
Trd, 4319845.493, 106
Trd, 4319845.943, 87
Trd, 4319847.593, 82
Trd, 4319847.643, 81
Trd, 4319848.093, 128
Trd, 4319849.043, 117
Trd, 4319849.393, 130
Trd, 4319849.493, 114
Trd, 4319850.543, 111
Trd, 4319850.743, 104
Trd, 4319850.993, 103
Trd, 4319854.093, 140
Trd, 4319854.243, 140
Trd, 4319854.993, 140
Trd, 4319857.243, 140
Trd, 4319857.843, 140
Trd, 4319858.343, 140
Trd, 4319858.493, 140
Trd, 4319858.643, 140
Trd, 4319860.043, 140
Trd, 4319860.393, 140
Trd, 4319861.393, 99
Trd, 4319861.893, 139
Trd, 4319862.893, 99
Trd, 4319864.993, 140
Trd, 4319865.493, 140
Trd, 4319865.843, 137
Trd, 4319865.893, 111
Trd, 4319868.393, 124
Trd, 4319868.543, 134
Trd, 4319868.993, 124
Trd, 4319869.443, 136
Trd, 4319869.793, 125
Trd, 4319870.343, 124
Trd, 4319872.093, 110
Trd, 4319873.443, 108
Trd, 4319873.643, 119
Trd, 4319873.693, 91
Trd, 4319875.793, 139
Trd, 4319876.093, 124
Trd, 4319876.493, 124
Trd, 4319877.193, 101
Trd, 4319877.893, 87
Trd, 4319877.943, 85
Trd, 4319878.693, 140
Trd, 4319878.893, 140
Trd, 4319879.143, 139
Trd, 4319880.543, 97
Trd, 4319882.343, 140
Trd, 4319882.543, 139
Trd, 4319883.143, 136
Trd, 4319884.243, 115
Trd, 4319885.443, 139
Trd, 4319885.893, 138
Trd, 4319886.243, 137
Trd, 4319886.443, 80
Trd, 4319887.243, 104
Trd, 4319888.893, 60
Trd, 4319889.193, 60
Trd, 4319889.743, 61
Trd, 4319889.943, 61
Trd, 4319890.243, 95
Trd, 4319891.543, 65
Trd, 4319893.393, 69
Trd, 4319893.793, 135
Trd, 4319894.093, 101
Trd, 4319895.993, 140
Trd, 4319896.793, 140
Trd, 4319896.993, 122
Trd, 4319898.643, 140
Trd, 4319898.893, 119
Trd, 4319900.143, 122
Trd, 4319900.543, 121
Trd, 4319900.793, 140
Trd, 4319902.143, 80
Trd, 4319902.893, 63
Trd, 4319903.143, 87
Trd, 4319904.293, 140
Trd, 4319905.693, 103
Trd, 4319906.093, 105
Trd, 4319908.143, 140
Trd, 4319908.293, 140
Trd, 4319908.893, 140
Trd, 4319909.793, 140
Trd, 4319910.143, 90
Trd, 4319910.443, 63
Trd, 4319911.193, 84
Trd, 4319911.343, 79
Trd, 4319911.393, 104
Trd, 4319912.143, 120
Trd, 4319914.043, 108
Trd, 4319914.693, 62
Trd, 4319915.943, 61
Trd, 4319916.443, 60
Trd, 4319917.243, 60
Trd, 4319917.693, 60
Trd, 4319917.793, 62
Trd, 4319918.643, 99
Trd, 4319920.743, 123
Trd, 4319921.543, 112
Trd, 4319922.143, 114
Trd, 4319922.393, 139
Trd, 4319922.743, 117
Trd, 4319923.993, 138
Trd, 4319924.643, 86
Trd, 4319925.443, 122
Trd, 4319926.093, 100
Trd, 4319926.393, 64
Trd, 4319927.293, 119
Trd, 4319927.843, 140
Trd, 4319928.243, 137
Trd, 4319928.543, 136
Trd, 4319929.593, 135
Trd, 4319930.093, 119
Trd, 4319930.293, 99
Trd, 4319930.443, 97
Trd, 4319932.393, 61
Trd, 4319932.943, 69
Trd, 4319933.943, 60
Trd, 4319934.443, 140
Trd, 4319935.393, 140
Trd, 4319935.843, 140
Trd, 4319936.543, 140
Trd, 4319938.493, 140
Trd, 4319939.293, 140
Trd, 4319940.143, 140
Trd, 4319940.843, 140
Trd, 4319940.893, 140
Trd, 4319941.993, 139
Trd, 4319942.543, 101
Trd, 4319943.393, 139
Trd, 4319944.243, 140
Trd, 4319944.793, 140
Trd, 4319945.193, 101
Trd, 4319945.993, 64
Trd, 4319946.543, 140
Trd, 4319946.593, 113
Trd, 4319947.893, 140
Trd, 4319948.243, 139
Trd, 4319948.693, 72
Trd, 4319951.343, 78
Trd, 4319951.493, 76
Trd, 4319952.343, 104
Trd, 4319952.793, 137
Trd, 4319953.443, 140
Trd, 4319955.343, 113
Trd, 4319956.093, 121
Trd, 4319956.843, 122
Trd, 4319958.843, 140
Trd, 4319958.943, 140
Trd, 4319959.143, 140
Trd, 4319959.193, 108
Trd, 4319960.493, 65
Trd, 4319961.143, 140
Trd, 4319963.293, 140
Trd, 4319963.343, 134
Trd, 4319963.893, 140
Trd, 4319964.343, 104
Trd, 4319964.993, 64
Trd, 4319966.393, 138
Trd, 4319967.343, 140
Trd, 4319968.193, 140
Trd, 4319968.493, 140
Trd, 4319968.843, 139
Trd, 4319969.093, 68
Trd, 4319969.143, 69
Trd, 4319971.843, 140
Trd, 4319973.243, 140
Trd, 4319974.643, 140
Trd, 4319974.893, 140
Trd, 4319974.943, 140
Trd, 4319975.343, 140
Trd, 4319975.593, 139
Trd, 4319975.693, 107
Trd, 4319976.993, 80
Trd, 4319977.243, 85
Trd, 4319977.293, 79
Trd, 4319979.143, 140
Trd, 4319980.343, 95
Trd, 4319980.643, 94
Trd, 4319980.943, 88
Trd, 4319982.293, 82
Trd, 4319982.343, 129
Trd, 4319982.543, 119
Trd, 4319984.343, 120
Trd, 4319985.393, 104
Trd, 4319985.593, 102
Trd, 4319985.993, 102
Trd, 4319987.193, 95
Trd, 4319988.093, 93
Trd, 4319988.593, 103
Trd, 4319989.093, 93
Trd, 4319990.693, 60
Trd, 4319990.843, 60
Trd, 4319992.993, 61
Trd, 4319993.493, 61
Trd, 4319993.693, 62
Trd, 4319994.443, 63
Trd, 4319994.843, 61
Trd, 4319995.193, 66
Trd, 4319996.093, 68
Trd, 4319996.643, 65
Trd, 4319996.993, 63
Trd, 4319998.143, 62
Trd, 4319998.243, 62
