Trd, 4318077.993, 127
Trd, 4318079.343, 96
Trd, 4318079.543, 96
Trd, 4318082.093, 117
Trd, 4318082.193, 100
Trd, 4318083.043, 116
Trd, 4318083.743, 139
Trd, 4318085.243, 140
Trd, 4318086.193, 140
Trd, 4318087.143, 124
Trd, 4318088.893, 135
Trd, 4318089.893, 117
Trd, 4318089.943, 116
Trd, 4318090.493, 117
Trd, 4318090.843, 136
Trd, 4318090.993, 100
Trd, 4318091.693, 139
Trd, 4318092.993, 139
Trd, 4318093.043, 121
Trd, 4318093.243, 105
Trd, 4318094.443, 101
Trd, 4318095.143, 140
Trd, 4318095.443, 140
Trd, 4318096.393, 140
Trd, 4318096.543, 140
Trd, 4318096.643, 128
Trd, 4318097.643, 75
Trd, 4318098.793, 66
Trd, 4318101.493, 140
Trd, 4318102.293, 139
Trd, 4318103.243, 138
Trd, 4318103.993, 129
Trd, 4318104.343, 134
Trd, 4318104.543, 128
Trd, 4318104.943, 122
Trd, 4318105.743, 68
Trd, 4318106.293, 120
Trd, 4318106.893, 113
Trd, 4318108.443, 140
Trd, 4318109.893, 140
Trd, 4318110.143, 140
Trd, 4318111.043, 140
Trd, 4318111.443, 130
Trd, 4318112.543, 125
Trd, 4318114.043, 139
Trd, 4318114.843, 139
Trd, 4318116.343, 139
Trd, 4318116.693, 139
Trd, 4318117.143, 128
Trd, 4318117.893, 140
Trd, 4318119.143, 126
Trd, 4318120.043, 132
Trd, 4318120.493, 122
Trd, 4318120.543, 115
Trd, 4318120.693, 102
Trd, 4318121.293, 138
Trd, 4318122.393, 122
Trd, 4318122.693, 80
Trd, 4318124.843, 118
Trd, 4318126.993, 140
Trd, 4318127.193, 140
Trd, 4318127.543, 140
Trd, 4318127.893, 91
Trd, 4318129.193, 131
Trd, 4318129.543, 108
Trd, 4318130.943, 128
Trd, 4318130.993, 90
Trd, 4318132.243, 105
Trd, 4318132.743, 109
Trd, 4318133.243, 108
Trd, 4318134.893, 140
Trd, 4318135.643, 138
Trd, 4318137.443, 139
Trd, 4318137.543, 138
Trd, 4318138.093, 140
Trd, 4318139.193, 138
Trd, 4318139.743, 137
Trd, 4318140.943, 100
Trd, 4318142.543, 137
Trd, 4318142.643, 136
Trd, 4318142.793, 135
Trd, 4318143.693, 138
Trd, 4318144.643, 122
Trd, 4318145.393, 124
Trd, 4318145.893, 124
Trd, 4318146.843, 128
Trd, 4318146.893, 123
Trd, 4318147.043, 113
Trd, 4318147.343, 96
Trd, 4318149.193, 120
Trd, 4318149.343, 139
Trd, 4318149.443, 129
Trd, 4318150.693, 140
Trd, 4318151.893, 138
Trd, 4318154.393, 117
Trd, 4318156.393, 111
Trd, 4318157.593, 140
Trd, 4318158.493, 129
Trd, 4318158.743, 128
Trd, 4318159.143, 128
Trd, 4318159.643, 140
Trd, 4318159.893, 84
Trd, 4318160.443, 127
Trd, 4318160.593, 85
Trd, 4318162.043, 137
Trd, 4318162.393, 123
Trd, 4318164.643, 140
Trd, 4318164.893, 140
Trd, 4318165.143, 140
Trd, 4318166.893, 105
Trd, 4318167.493, 137
Trd, 4318167.793, 104
Trd, 4318168.793, 140
Trd, 4318169.243, 140
Trd, 4318170.543, 123
Trd, 4318171.593, 119
Trd, 4318172.543, 140
Trd, 4318172.943, 104
Trd, 4318173.243, 90
Trd, 4318174.043, 140
Trd, 4318175.043, 140
Trd, 4318175.493, 131
Trd, 4318178.743, 140
Trd, 4318178.893, 140
Trd, 4318178.993, 140
Trd, 4318179.143, 101
Trd, 4318180.093, 139
Trd, 4318182.593, 140
Trd, 4318183.293, 139
Trd, 4318183.693, 140
Trd, 4318185.143, 140
Trd, 4318185.293, 127
Trd, 4318185.393, 126
Trd, 4318186.793, 140
Trd, 4318187.543, 116
Trd, 4318188.293, 140
Trd, 4318189.043, 140
Trd, 4318189.393, 93
Trd, 4318190.093, 121
Trd, 4318192.193, 111
Trd, 4318192.543, 107
Trd, 4318193.193, 140
Trd, 4318193.543, 137
Trd, 4318195.593, 140
Trd, 4318196.993, 121
Trd, 4318197.343, 99
Trd, 4318198.143, 83
Trd, 4318199.043, 140
Trd, 4318200.143, 135
Trd, 4318200.393, 139
Trd, 4318200.943, 124
Trd, 4318201.593, 96
Trd, 4318202.793, 129
Trd, 4318202.943, 134
Trd, 4318205.243, 140
Trd, 4318205.493, 140
Trd, 4318205.593, 140
Trd, 4318207.193, 139
Trd, 4318208.643, 128
Trd, 4318208.793, 130
Trd, 4318209.443, 114
Trd, 4318209.993, 124
Trd, 4318212.493, 114
Trd, 4318212.843, 121
Trd, 4318212.893, 119
Trd, 4318213.043, 103
Trd, 4318213.543, 138
Trd, 4318213.993, 96
Trd, 4318214.893, 97
Trd, 4318215.243, 116
Trd, 4318215.993, 137
Trd, 4318218.443, 140
Trd, 4318218.543, 138
Trd, 4318219.143, 125
Trd, 4318219.893, 97
Trd, 4318221.043, 121
Trd, 4318221.443, 62
Trd, 4318221.593, 63
Trd, 4318223.143, 61
Trd, 4318223.493, 65
Trd, 4318225.143, 138
Trd, 4318226.293, 139
Trd, 4318227.043, 137
Trd, 4318227.093, 136
Trd, 4318227.493, 139
Trd, 4318227.993, 116
Trd, 4318228.743, 140
Trd, 4318229.493, 105
Trd, 4318231.043, 89
Trd, 4318231.893, 139
Trd, 4318232.893, 140
Trd, 4318235.493, 140
Trd, 4318236.243, 140
Trd, 4318236.543, 116
Trd, 4318236.643, 91
Trd, 4318236.793, 86
Trd, 4318237.193, 78
Trd, 4318237.443, 119
Trd, 4318240.093, 108
Trd, 4318240.193, 109
Trd, 4318240.243, 108
Trd, 4318243.343, 140
Trd, 4318243.843, 138
Trd, 4318243.993, 135
Trd, 4318245.393, 128
Trd, 4318246.293, 131
Trd, 4318246.343, 129
Trd, 4318247.043, 128
Trd, 4318247.143, 139
Trd, 4318247.993, 85
Trd, 4318249.693, 140
Trd, 4318251.293, 118
Trd, 4318251.493, 125
Trd, 4318251.943, 109
Trd, 4318252.093, 75
Trd, 4318253.193, 68
Trd, 4318254.143, 75
Trd, 4318255.793, 139
Trd, 4318256.643, 139
Trd, 4318256.893, 140
Trd, 4318257.443, 139
Trd, 4318257.793, 103
Trd, 4318260.043, 140
Trd, 4318261.993, 140
Trd, 4318262.693, 140
Trd, 4318263.743, 105
Trd, 4318264.743, 95
Trd, 4318265.643, 104
Trd, 4318265.943, 123
Trd, 4318267.343, 126
Trd, 4318269.043, 140
Trd, 4318270.393, 140
Trd, 4318270.593, 140
Trd, 4318270.793, 140
Trd, 4318272.643, 123
Trd, 4318272.793, 116
Trd, 4318273.493, 67
Trd, 4318274.193, 118
Trd, 4318275.043, 92
Trd, 4318275.693, 111
Trd, 4318276.693, 140
Trd, 4318276.743, 103
Trd, 4318277.143, 140
Trd, 4318279.293, 140
Trd, 4318279.793, 140
Trd, 4318281.293, 139
Trd, 4318282.293, 137
Trd, 4318284.593, 132
Trd, 4318285.243, 132
Trd, 4318287.193, 140
Trd, 4318287.293, 140
Trd, 4318287.493, 139
Trd, 4318287.993, 121
Trd, 4318288.743, 123
Trd, 4318289.193, 75
Trd, 4318289.893, 138
Trd, 4318290.443, 117
Trd, 4318291.743, 93
Trd, 4318291.943, 128
Trd, 4318293.043, 136
Trd, 4318293.543, 139
Trd, 4318294.443, 140
Trd, 4318296.743, 132
Trd, 4318298.243, 140
Trd, 4318298.643, 140
Trd, 4318299.893, 127
Trd, 4318300.043, 126
Trd, 4318300.793, 122
Trd, 4318302.693, 140
Trd, 4318303.193, 139
Trd, 4318303.993, 140
Trd, 4318304.893, 140
Trd, 4318306.393, 140
Trd, 4318306.643, 140
Trd, 4318306.843, 139
Trd, 4318307.143, 138
Trd, 4318307.893, 140
Trd, 4318308.093, 114
Trd, 4318309.293, 136
Trd, 4318310.693, 139
Trd, 4318310.893, 138
Trd, 4318312.243, 140
Trd, 4318312.643, 126
Trd, 4318313.093, 89
Trd, 4318313.493, 64
Trd, 4318314.793, 140
Trd, 4318315.643, 89
Trd, 4318317.043, 117
Trd, 4318317.443, 129
Trd, 4318318.193, 130
Trd, 4318319.193, 140
Trd, 4318320.293, 140
Trd, 4318320.593, 132
Trd, 4318321.943, 136
Trd, 4318322.743, 113
Trd, 4318322.893, 139
Trd, 4318323.643, 140
Trd, 4318323.893, 140
Trd, 4318324.543, 102
Trd, 4318325.993, 140
Trd, 4318326.043, 139
Trd, 4318326.743, 137
Trd, 4318327.743, 133
Trd, 4318328.093, 140
Trd, 4318328.193, 118
Trd, 4318329.243, 103
Trd, 4318330.343, 139
Trd, 4318332.193, 119
Trd, 4318332.643, 140
Trd, 4318333.543, 121
Trd, 4318335.193, 135
Trd, 4318335.843, 139
Trd, 4318335.893, 131
Trd, 4318336.543, 121
Trd, 4318336.843, 126
Trd, 4318337.543, 121
Trd, 4318338.643, 140
Trd, 4318339.343, 124
Trd, 4318339.843, 121
Trd, 4318340.343, 99
Trd, 4318341.543, 140
Trd, 4318341.793, 140
Trd, 4318342.243, 138
Trd, 4318343.093, 136
Trd, 4318343.893, 77
Trd, 4318346.793, 140
Trd, 4318347.143, 132
Trd, 4318347.243, 126
Trd, 4318347.693, 82
Trd, 4318348.143, 80
Trd, 4318348.543, 74
Trd, 4318349.493, 140
Trd, 4318349.943, 130
Trd, 4318350.543, 133
Trd, 4318350.893, 99
Trd, 4318351.693, 101
Trd, 4318353.543, 140
Trd, 4318354.943, 140
Trd, 4318355.193, 140
Trd, 4318355.893, 140
Trd, 4318356.743, 140
Trd, 4318357.043, 140
Trd, 4318358.543, 127
Trd, 4318359.543, 66
Trd, 4318359.593, 68
Trd, 4318359.643, 123
Trd, 4318361.493, 140
Trd, 4318362.993, 113
Trd, 4318363.443, 112
Trd, 4318363.543, 110
Trd, 4318364.593, 118
Trd, 4318365.343, 120
Trd, 4318365.393, 119
Trd, 4318365.543, 118
Trd, 4318366.743, 123
Trd, 4318369.593, 140
Trd, 4318369.843, 140
Trd, 4318370.943, 137
Trd, 4318370.993, 135
Trd, 4318371.343, 139
Trd, 4318371.843, 78
Trd, 4318372.743, 140
Trd, 4318373.743, 139
Trd, 4318374.543, 139
Trd, 4318375.843, 138
Trd, 4318377.043, 115
Trd, 4318377.543, 137
Trd, 4318377.593, 124
Trd, 4318378.343, 140
Trd, 4318380.093, 124
Trd, 4318381.343, 126
Trd, 4318381.693, 136
Trd, 4318381.893, 116
Trd, 4318382.243, 64
Trd, 4318383.443, 122
Trd, 4318384.393, 73
Trd, 4318384.543, 74
Trd, 4318386.593, 140
Trd, 4318386.993, 99
Trd, 4318387.543, 104
Trd, 4318389.493, 140
Trd, 4318389.743, 139
Trd, 4318390.293, 119
Trd, 4318391.293, 73
Trd, 4318392.093, 140
Trd, 4318392.243, 97
Trd, 4318393.393, 111
Trd, 4318393.843, 108
Trd, 4318394.993, 140
Trd, 4318396.393, 140
Trd, 4318397.493, 140
Trd, 4318399.343, 140
Trd, 4318399.493, 140
Trd, 4318399.743, 140
Trd, 4318400.843, 140
Trd, 4318400.893, 133
Trd, 4318401.093, 98
Trd, 4318401.293, 122
Trd, 4318402.243, 91
Trd, 4318403.643, 80
Trd, 4318403.943, 86
Trd, 4318405.193, 86
Trd, 4318405.543, 140
Trd, 4318407.643, 140
Trd, 4318408.043, 138
Trd, 4318408.493, 137
Trd, 4318409.043, 139
Trd, 4318409.343, 140
Trd, 4318409.593, 122
Trd, 4318410.493, 132
Trd, 4318411.943, 140
Trd, 4318411.993, 140
Trd, 4318412.343, 135
Trd, 4318412.793, 92
Trd, 4318414.343, 60
Trd, 4318414.393, 60
Trd, 4318415.243, 140
Trd, 4318415.993, 140
Trd, 4318416.543, 96
Trd, 4318417.693, 140
Trd, 4318417.793, 140
Trd, 4318418.743, 111
Trd, 4318419.293, 140
Trd, 4318419.793, 98
Trd, 4318421.393, 138
Trd, 4318421.693, 119
Trd, 4318422.793, 117
Trd, 4318423.943, 123
Trd, 4318424.543, 124
Trd, 4318424.993, 140
Trd, 4318427.193, 140
Trd, 4318427.293, 140
Trd, 4318427.343, 138
Trd, 4318428.643, 140
Trd, 4318428.743, 140
Trd, 4318430.393, 130
Trd, 4318431.993, 116
Trd, 4318433.693, 140
Trd, 4318433.743, 122
Trd, 4318434.793, 140
Trd, 4318435.743, 140
Trd, 4318436.443, 140
Trd, 4318436.843, 140
Trd, 4318437.393, 140
Trd, 4318439.593, 140
Trd, 4318440.143, 139
Trd, 4318440.243, 139
Trd, 4318440.893, 120
Trd, 4318441.643, 126
Trd, 4318442.143, 129
Trd, 4318442.493, 121
Trd, 4318443.593, 127
Trd, 4318445.193, 140
Trd, 4318447.743, 140
Trd, 4318448.843, 140
Trd, 4318449.693, 140
Trd, 4318449.793, 140
Trd, 4318450.543, 128
Trd, 4318452.043, 106
Trd, 4318452.343, 97
Trd, 4318452.743, 79
Trd, 4318453.243, 120
Trd, 4318453.393, 74
Trd, 4318454.493, 114
Trd, 4318454.943, 112
Trd, 4318455.443, 135
Trd, 4318456.143, 134
Trd, 4318456.493, 140
Trd, 4318456.993, 140
Trd, 4318458.143, 80
Trd, 4318459.543, 138
Trd, 4318460.443, 140
Trd, 4318461.393, 138
Trd, 4318461.543, 137
Trd, 4318463.793, 138
Trd, 4318463.993, 136
Trd, 4318464.543, 136
Trd, 4318465.193, 131
Trd, 4318465.693, 128
Trd, 4318466.943, 140
Trd, 4318467.143, 140
Trd, 4318467.893, 124
Trd, 4318467.943, 121
Trd, 4318468.093, 106
Trd, 4318470.093, 65
Trd, 4318470.493, 72
Trd, 4318470.743, 78
Trd, 4318472.343, 112
Trd, 4318473.493, 140
Trd, 4318474.043, 140
Trd, 4318474.743, 101
Trd, 4318474.893, 124
Trd, 4318475.893, 107
Trd, 4318478.093, 125
Trd, 4318478.443, 107
Trd, 4318478.643, 99
Trd, 4318479.143, 93
Trd, 4318482.693, 140
Trd, 4318483.043, 140
Trd, 4318483.543, 140
Trd, 4318485.143, 121
Trd, 4318485.793, 139
Trd, 4318485.893, 84
Trd, 4318485.993, 66
Trd, 4318486.543, 96
Trd, 4318487.693, 139
Trd, 4318487.793, 126
Trd, 4318488.193, 65
Trd, 4318489.343, 119
Trd, 4318490.443, 140
Trd, 4318492.043, 139
Trd, 4318493.093, 140
Trd, 4318494.993, 140
Trd, 4318495.643, 140
Trd, 4318495.693, 140
Trd, 4318496.443, 140
Trd, 4318496.643, 139
Trd, 4318496.993, 138
Trd, 4318498.293, 124
Trd, 4318498.793, 136
Trd, 4318500.093, 138
Trd, 4318500.443, 140
Trd, 4318501.143, 123
Trd, 4318502.293, 112
Trd, 4318502.543, 78
Trd, 4318503.243, 127
Trd, 4318504.493, 133
Trd, 4318505.493, 64
Trd, 4318505.793, 70
Trd, 4318506.043, 136
Trd, 4318506.943, 103
Trd, 4318507.343, 94
Trd, 4318509.093, 140
Trd, 4318509.193, 99
Trd, 4318509.893, 94
Trd, 4318511.393, 75
Trd, 4318511.843, 140
Trd, 4318512.193, 90
Trd, 4318512.593, 139
Trd, 4318514.393, 140
Trd, 4318515.043, 140
Trd, 4318515.643, 140
Trd, 4318517.443, 140
Trd, 4318517.843, 140
Trd, 4318518.243, 140
Trd, 4318518.743, 126
Trd, 4318519.543, 140
Trd, 4318519.793, 140
Trd, 4318522.593, 76
Trd, 4318523.293, 87
Trd, 4318523.543, 76
Trd, 4318523.693, 88
Trd, 4318525.143, 91
Trd, 4318525.493, 90
Trd, 4318526.193, 137
Trd, 4318526.543, 140
Trd, 4318527.043, 139
Trd, 4318528.343, 138
Trd, 4318529.343, 131
Trd, 4318529.543, 130
Trd, 4318529.893, 129
Trd, 4318531.043, 140
Trd, 4318532.193, 128
Trd, 4318532.443, 111
Trd, 4318533.693, 123
Trd, 4318534.343, 140
Trd, 4318534.693, 112
Trd, 4318534.943, 110
Trd, 4318536.393, 105
Trd, 4318536.793, 140
Trd, 4318537.593, 119
Trd, 4318538.293, 127
Trd, 4318540.443, 140
Trd, 4318541.043, 138
Trd, 4318541.093, 135
Trd, 4318542.093, 140
Trd, 4318542.143, 122
Trd, 4318543.243, 139
Trd, 4318545.143, 139
Trd, 4318545.643, 139
Trd, 4318547.393, 140
Trd, 4318547.843, 128
Trd, 4318548.093, 99
Trd, 4318548.793, 138
Trd, 4318548.843, 89
Trd, 4318548.993, 86
Trd, 4318549.293, 101
Trd, 4318550.493, 102
Trd, 4318552.193, 140
Trd, 4318552.993, 140
Trd, 4318553.093, 140
Trd, 4318553.943, 139
Trd, 4318554.543, 79
Trd, 4318555.293, 62
Trd, 4318555.993, 108
Trd, 4318557.243, 96
Trd, 4318558.243, 140
Trd, 4318559.093, 140
Trd, 4318559.193, 140
Trd, 4318560.943, 139
Trd, 4318561.243, 112
Trd, 4318562.193, 111
Trd, 4318563.893, 140
Trd, 4318564.543, 140
Trd, 4318565.943, 140
Trd, 4318565.993, 138
Trd, 4318566.193, 137
Trd, 4318566.843, 122
Trd, 4318567.043, 120
Trd, 4318567.993, 137
Trd, 4318570.943, 140
Trd, 4318571.243, 140
Trd, 4318571.293, 137
Trd, 4318571.393, 134
Trd, 4318571.493, 101
Trd, 4318572.043, 113
Trd, 4318574.243, 113
Trd, 4318574.693, 135
Trd, 4318575.343, 137
Trd, 4318576.143, 139
Trd, 4318577.393, 140
Trd, 4318577.743, 140
Trd, 4318578.393, 139
Trd, 4318578.943, 138
Trd, 4318579.793, 68
Trd, 4318581.193, 140
Trd, 4318581.293, 140
Trd, 4318582.093, 98
Trd, 4318582.543, 64
Trd, 4318583.443, 62
Trd, 4318583.793, 60
Trd, 4318584.043, 60
Trd, 4318585.693, 95
Trd, 4318585.993, 96
Trd, 4318586.293, 98
Trd, 4318586.393, 103
Trd, 4318586.993, 128
Trd, 4318587.243, 115
Trd, 4318589.693, 61
Trd, 4318589.743, 63
Trd, 4318591.743, 118
Trd, 4318592.243, 103
Trd, 4318593.243, 140
Trd, 4318593.793, 140
Trd, 4318594.243, 65
Trd, 4318594.443, 82
Trd, 4318594.843, 103
Trd, 4318596.393, 135
Trd, 4318596.593, 130
Trd, 4318597.193, 86
Trd, 4318597.593, 111
Trd, 4318598.793, 76
Trd, 4318599.993, 140
Trd, 4318600.043, 140
Trd, 4318600.993, 138
Trd, 4318601.443, 136
Trd, 4318602.943, 96
Trd, 4318603.043, 110
Trd, 4318603.943, 140
Trd, 4318605.143, 140
Trd, 4318605.243, 140
Trd, 4318605.843, 140
Trd, 4318606.093, 140
Trd, 4318606.343, 96
Trd, 4318608.143, 140
Trd, 4318608.243, 139
Trd, 4318608.393, 60
Trd, 4318609.843, 71
Trd, 4318611.193, 139
Trd, 4318612.793, 140
Trd, 4318613.643, 140
Trd, 4318613.693, 140
Trd, 4318614.043, 135
Trd, 4318614.843, 136
Trd, 4318615.243, 130
Trd, 4318616.543, 140
Trd, 4318616.843, 139
Trd, 4318617.993, 137
Trd, 4318618.693, 114
Trd, 4318619.043, 98
Trd, 4318620.393, 117
Trd, 4318621.293, 87
Trd, 4318621.393, 129
Trd, 4318621.443, 131
Trd, 4318621.543, 92
Trd, 4318623.293, 105
Trd, 4318624.593, 139
Trd, 4318624.893, 138
Trd, 4318625.843, 140
Trd, 4318627.293, 139
Trd, 4318627.493, 136
Trd, 4318627.843, 108
Trd, 4318628.143, 101
Trd, 4318628.743, 64
Trd, 4318630.893, 140
Trd, 4318631.093, 140
Trd, 4318631.893, 108
Trd, 4318632.493, 137
Trd, 4318633.793, 110
Trd, 4318634.543, 111
Trd, 4318634.593, 110
Trd, 4318634.843, 109
Trd, 4318635.643, 64
Trd, 4318635.993, 62
Trd, 4318636.393, 66
Trd, 4318636.943, 118
Trd, 4318638.493, 113
Trd, 4318639.043, 126
Trd, 4318640.393, 140
Trd, 4318641.443, 140
Trd, 4318641.943, 140
Trd, 4318642.643, 99
Trd, 4318643.293, 138
Trd, 4318643.393, 98
Trd, 4318643.743, 140
Trd, 4318646.093, 109
Trd, 4318647.793, 128
Trd, 4318649.343, 140
Trd, 4318649.443, 140
Trd, 4318649.593, 132
Trd, 4318649.693, 130
Trd, 4318651.093, 139
Trd, 4318651.793, 93
Trd, 4318652.343, 61
Trd, 4318652.493, 62
Trd, 4318653.343, 91
Trd, 4318656.143, 140
Trd, 4318656.243, 140
Trd, 4318656.443, 140
Trd, 4318658.543, 140
Trd, 4318659.893, 140
Trd, 4318660.093, 140
Trd, 4318661.643, 139
Trd, 4318663.093, 140
Trd, 4318663.543, 140
Trd, 4318663.743, 140
Trd, 4318664.243, 140
Trd, 4318664.693, 137
Trd, 4318665.393, 119
Trd, 4318666.093, 124
Trd, 4318668.493, 126
Trd, 4318668.943, 134
Trd, 4318669.143, 117
Trd, 4318669.393, 76
Trd, 4318669.993, 140
Trd, 4318670.093, 140
Trd, 4318670.543, 137
Trd, 4318671.943, 120
Trd, 4318671.993, 130
Trd, 4318672.243, 133
Trd, 4318672.593, 61
Trd, 4318675.493, 73
Trd, 4318675.993, 121
Trd, 4318676.443, 93
Trd, 4318678.093, 65
Trd, 4318678.193, 64
Trd, 4318679.243, 63
Trd, 4318679.443, 107
Trd, 4318679.793, 107
Trd, 4318680.793, 64
Trd, 4318682.393, 140
Trd, 4318682.943, 140
Trd, 4318683.593, 77
Trd, 4318684.493, 139
Trd, 4318685.943, 140
Trd, 4318686.193, 116
Trd, 4318686.293, 96
Trd, 4318687.543, 81
Trd, 4318687.893, 113
Trd, 4318689.343, 102
Trd, 4318689.793, 108
Trd, 4318690.343, 101
Trd, 4318691.293, 70
Trd, 4318692.343, 137
Trd, 4318692.543, 134
Trd, 4318694.393, 71
Trd, 4318694.443, 72
Trd, 4318694.943, 120
Trd, 4318695.593, 92
Trd, 4318696.993, 140
Trd, 4318697.243, 137
Trd, 4318699.243, 140
Trd, 4318699.543, 127
Trd, 4318701.443, 140
Trd, 4318702.443, 140
Trd, 4318703.843, 140
Trd, 4318704.243, 140
Trd, 4318705.043, 140
Trd, 4318705.293, 132
Trd, 4318705.893, 136
Trd, 4318706.993, 120
Trd, 4318709.393, 140
Trd, 4318710.293, 140
Trd, 4318711.443, 140
Trd, 4318711.543, 140
Trd, 4318712.243, 139
Trd, 4318712.693, 129
Trd, 4318714.043, 140
Trd, 4318714.343, 140
Trd, 4318716.493, 140
Trd, 4318719.193, 140
Trd, 4318719.693, 140
Trd, 4318720.393, 140
Trd, 4318720.593, 140
Trd, 4318720.693, 138
Trd, 4318721.343, 140
Trd, 4318721.793, 121
Trd, 4318722.093, 121
Trd, 4318722.843, 136
Trd, 4318723.893, 99
Trd, 4318724.093, 130
Trd, 4318725.093, 104
Trd, 4318725.293, 61
Trd, 4318726.243, 62
Trd, 4318728.443, 117
Trd, 4318729.443, 121
Trd, 4318729.593, 121
Trd, 4318729.693, 138
Trd, 4318730.093, 139
Trd, 4318730.943, 102
Trd, 4318731.193, 80
Trd, 4318732.043, 137
Trd, 4318732.943, 115
Trd, 4318734.093, 140
Trd, 4318735.543, 77
Trd, 4318736.993, 140
Trd, 4318737.593, 140
Trd, 4318737.793, 108
Trd, 4318739.443, 109
Trd, 4318739.693, 127
Trd, 4318739.993, 108
Trd, 4318740.393, 109
Trd, 4318742.143, 140
Trd, 4318743.243, 140
Trd, 4318744.093, 140
Trd, 4318744.993, 140
Trd, 4318745.493, 90
Trd, 4318746.343, 140
Trd, 4318747.193, 132
Trd, 4318747.993, 133
Trd, 4318749.593, 137
Trd, 4318749.743, 112
Trd, 4318750.493, 115
Trd, 4318751.943, 140
Trd, 4318752.293, 140
Trd, 4318752.593, 138
Trd, 4318753.643, 136
Trd, 4318755.943, 139
Trd, 4318756.043, 119
Trd, 4318756.943, 84
Trd, 4318757.193, 82
Trd, 4318757.543, 97
Trd, 4318758.643, 94
Trd, 4318759.593, 61
Trd, 4318759.993, 61
Trd, 4318760.143, 106
Trd, 4318761.493, 133
Trd, 4318762.843, 107
Trd, 4318762.943, 106
Trd, 4318763.393, 137
Trd, 4318763.893, 110
Trd, 4318764.343, 93
Trd, 4318765.043, 79
Trd, 4318765.993, 139
Trd, 4318767.793, 134
Trd, 4318767.943, 132
Trd, 4318769.943, 140
Trd, 4318770.143, 140
Trd, 4318770.893, 133
Trd, 4318771.043, 122
Trd, 4318771.343, 115
Trd, 4318774.143, 140
Trd, 4318774.543, 140
Trd, 4318775.243, 140
Trd, 4318775.743, 140
Trd, 4318776.593, 137
Trd, 4318776.643, 124
Trd, 4318777.393, 135
Trd, 4318779.593, 140
Trd, 4318780.343, 139
Trd, 4318780.393, 125
Trd, 4318782.443, 140
Trd, 4318782.643, 139
Trd, 4318783.443, 137
Trd, 4318784.443, 140
Trd, 4318784.993, 140
Trd, 4318785.293, 140
Trd, 4318786.243, 139
Trd, 4318786.443, 137
Trd, 4318786.893, 105
Trd, 4318787.243, 140
Trd, 4318789.443, 127
Trd, 4318789.693, 126
Trd, 4318790.143, 139
Trd, 4318790.693, 140
Trd, 4318790.893, 139
Trd, 4318792.443, 136
Trd, 4318792.743, 140
Trd, 4318793.343, 138
Trd, 4318793.493, 137
Trd, 4318793.893, 136
Trd, 4318796.143, 112
Trd, 4318797.093, 112
Trd, 4318797.793, 136
Trd, 4318798.143, 140
Trd, 4318799.393, 139
Trd, 4318799.993, 138
Trd, 4318800.143, 103
Trd, 4318800.493, 139
Trd, 4318803.143, 140
Trd, 4318804.443, 140
Trd, 4318805.643, 139
Trd, 4318805.843, 98
Trd, 4318807.193, 140
Trd, 4318808.643, 140
Trd, 4318808.693, 140
Trd, 4318809.493, 140
Trd, 4318809.593, 140
Trd, 4318809.843, 101
Trd, 4318810.893, 139
Trd, 4318811.443, 132
Trd, 4318813.443, 140
Trd, 4318814.643, 140
Trd, 4318814.843, 119
Trd, 4318816.793, 139
Trd, 4318817.443, 140
Trd, 4318818.393, 140
Trd, 4318818.643, 140
Trd, 4318820.443, 140
Trd, 4318821.793, 140
Trd, 4318821.893, 140
Trd, 4318822.493, 139
Trd, 4318825.043, 140
Trd, 4318825.143, 140
Trd, 4318826.743, 110
Trd, 4318826.993, 108
Trd, 4318827.193, 130
Trd, 4318828.043, 94
Trd, 4318828.093, 93
Trd, 4318828.493, 91
Trd, 4318829.443, 62
Trd, 4318829.843, 70
Trd, 4318831.693, 140
Trd, 4318832.593, 140
Trd, 4318833.343, 140
Trd, 4318833.443, 140
Trd, 4318834.943, 140
Trd, 4318835.143, 130
Trd, 4318835.243, 118
Trd, 4318835.293, 86
Trd, 4318835.593, 73
Trd, 4318836.693, 61
Trd, 4318838.193, 140
Trd, 4318838.643, 140
Trd, 4318839.593, 140
Trd, 4318840.193, 140
Trd, 4318840.743, 140
Trd, 4318841.043, 139
Trd, 4318841.993, 136
Trd, 4318842.543, 139
Trd, 4318844.493, 136
Trd, 4318844.793, 135
Trd, 4318845.843, 136
Trd, 4318846.543, 139
Trd, 4318847.943, 140
Trd, 4318847.993, 140
Trd, 4318848.693, 111
Trd, 4318849.143, 139
Trd, 4318850.543, 131
Trd, 4318851.043, 118
Trd, 4318851.543, 75
Trd, 4318851.793, 97
Trd, 4318851.893, 140
Trd, 4318853.693, 106
Trd, 4318854.693, 108
Trd, 4318857.343, 137
Trd, 4318857.793, 139
Trd, 4318857.893, 128
Trd, 4318858.593, 140
Trd, 4318859.093, 108
Trd, 4318859.643, 97
Trd, 4318860.143, 112
Trd, 4318860.393, 112
Trd, 4318860.893, 112
Trd, 4318862.143, 131
Trd, 4318864.093, 140
Trd, 4318864.143, 131
Trd, 4318864.793, 76
Trd, 4318865.893, 133
Trd, 4318866.193, 132
Trd, 4318866.743, 101
Trd, 4318867.993, 88
Trd, 4318868.243, 89
Trd, 4318868.993, 67
Trd, 4318870.093, 109
Trd, 4318871.493, 140
Trd, 4318873.293, 131
Trd, 4318873.743, 127
Trd, 4318875.243, 140
Trd, 4318875.443, 140
Trd, 4318877.293, 140
Trd, 4318877.443, 110
Trd, 4318879.093, 140
Trd, 4318880.493, 135
Trd, 4318881.543, 140
Trd, 4318881.893, 100
Trd, 4318885.043, 140
Trd, 4318885.293, 140
Trd, 4318886.043, 140
Trd, 4318886.143, 139
Trd, 4318886.643, 122
Trd, 4318887.243, 118
Trd, 4318889.043, 140
Trd, 4318889.093, 139
Trd, 4318890.143, 140
Trd, 4318891.893, 140
Trd, 4318892.693, 140
Trd, 4318892.743, 139
Trd, 4318894.243, 125
Trd, 4318894.343, 134
Trd, 4318894.543, 129
Trd, 4318894.593, 123
Trd, 4318895.143, 120
Trd, 4318897.593, 140
Trd, 4318898.193, 140
Trd, 4318898.593, 139
Trd, 4318898.893, 96
Trd, 4318899.343, 124
Trd, 4318900.393, 80
Trd, 4318901.343, 138
Trd, 4318902.293, 129
Trd, 4318902.443, 129
Trd, 4318902.743, 138
Trd, 4318903.643, 135
Trd, 4318904.243, 105
Trd, 4318904.693, 111
Trd, 4318905.443, 128
Trd, 4318905.693, 127
Trd, 4318905.743, 111
Trd, 4318907.593, 140
Trd, 4318908.743, 140
Trd, 4318910.343, 140
Trd, 4318910.393, 140
Trd, 4318910.743, 140
Trd, 4318912.843, 107
Trd, 4318914.343, 137
Trd, 4318914.643, 128
Trd, 4318915.493, 130
Trd, 4318915.543, 129
Trd, 4318916.193, 97
Trd, 4318916.943, 137
Trd, 4318917.543, 139
Trd, 4318918.593, 110
Trd, 4318919.593, 108
Trd, 4318919.943, 140
Trd, 4318920.093, 107
Trd, 4318920.543, 107
Trd, 4318921.543, 81
Trd, 4318922.693, 117
Trd, 4318923.593, 86
Trd, 4318924.743, 103
Trd, 4318924.843, 102
Trd, 4318927.343, 140
Trd, 4318927.393, 140
Trd, 4318927.993, 140
Trd, 4318928.793, 139
Trd, 4318930.293, 140
Trd, 4318931.193, 132
Trd, 4318931.693, 74
Trd, 4318932.243, 138
Trd, 4318932.293, 129
Trd, 4318933.243, 140
Trd, 4318933.543, 111
Trd, 4318933.893, 107
Trd, 4318935.993, 60
Trd, 4318936.443, 60
Trd, 4318936.793, 60
Trd, 4318938.893, 84
Trd, 4318939.193, 118
Trd, 4318939.893, 64
Trd, 4318940.693, 114
Trd, 4318941.593, 60
Trd, 4318942.143, 63
Trd, 4318942.293, 101
Trd, 4318942.593, 117
Trd, 4318944.543, 73
Trd, 4318946.043, 69
Trd, 4318946.343, 68
Trd, 4318947.493, 140
Trd, 4318947.543, 140
Trd, 4318947.993, 140
Trd, 4318948.493, 110
Trd, 4318949.243, 138
Trd, 4318950.943, 140
Trd, 4318951.443, 120
Trd, 4318951.693, 103
Trd, 4318952.193, 97
Trd, 4318953.093, 134
Trd, 4318953.393, 127
Trd, 4318954.293, 132
Trd, 4318954.343, 131
Trd, 4318956.693, 140
Trd, 4318957.043, 140
Trd, 4318957.243, 138
Trd, 4318957.343, 134
Trd, 4318958.193, 86
Trd, 4318958.493, 131
Trd, 4318958.843, 140
Trd, 4318959.643, 60
Trd, 4318960.943, 115
Trd, 4318961.843, 138
Trd, 4318962.393, 136
Trd, 4318964.093, 140
Trd, 4318965.093, 140
Trd, 4318965.243, 139
Trd, 4318965.693, 109
Trd, 4318966.493, 79
Trd, 4318966.543, 78
Trd, 4318967.743, 140
Trd, 4318968.443, 140
Trd, 4318968.493, 136
Trd, 4318969.043, 124
Trd, 4318970.343, 110
Trd, 4318971.343, 110
Trd, 4318971.593, 109
Trd, 4318972.643, 62
Trd, 4318973.493, 98
Trd, 4318974.443, 108
Trd, 4318975.193, 91
Trd, 4318975.343, 92
Trd, 4318975.643, 89
Trd, 4318975.943, 140
Trd, 4318977.143, 133
Trd, 4318977.393, 132
Trd, 4318977.993, 78
Trd, 4318978.493, 140
Trd, 4318979.193, 92
Trd, 4318980.943, 126
Trd, 4318981.593, 138
Trd, 4318982.443, 122
Trd, 4318983.393, 128
Trd, 4318985.243, 136
Trd, 4318986.043, 134
Trd, 4318986.693, 133
Trd, 4318987.193, 136
Trd, 4318987.643, 128
Trd, 4318990.393, 140
Trd, 4318990.643, 120
Trd, 4318991.893, 139
Trd, 4318992.643, 140
Trd, 4318993.493, 122
Trd, 4318993.543, 129
Trd, 4318994.093, 118
Trd, 4318995.093, 128
Trd, 4318995.193, 113
Trd, 4318995.343, 84
Trd, 4318996.393, 138
Trd, 4318996.643, 137
Trd, 4318997.543, 126
Trd, 4318998.143, 127
Trd, 4318998.693, 104
Trd, 4319000.493, 140
Trd, 4319000.843, 139
Trd, 4319002.193, 140
Trd, 4319002.293, 131
Trd, 4319002.343, 130
Trd, 4319004.843, 140
Trd, 4319005.043, 140
Trd, 4319005.293, 140
Trd, 4319006.493, 137
Trd, 4319007.193, 136
Trd, 4319007.843, 140
Trd, 4319008.593, 96
Trd, 4319009.643, 139
Trd, 4319011.293, 140
Trd, 4319011.343, 140
Trd, 4319011.393, 102
Trd, 4319011.493, 128
Trd, 4319013.843, 124
Trd, 4319014.743, 123
Trd, 4319015.043, 114
Trd, 4319015.193, 92
Trd, 4319015.293, 85
Trd, 4319016.343, 140
Trd, 4319016.543, 139
Trd, 4319017.543, 138
Trd, 4319019.293, 60
Trd, 4319019.843, 139
Trd, 4319020.593, 61
Trd, 4319021.043, 103
Trd, 4319021.543, 106
Trd, 4319022.593, 107
Trd, 4319022.643, 124
Trd, 4319025.343, 140
Trd, 4319026.143, 140
Trd, 4319026.293, 139
Trd, 4319026.693, 107
Trd, 4319027.043, 116
Trd, 4319028.893, 89
Trd, 4319031.343, 140
Trd, 4319031.693, 140
Trd, 4319032.093, 140
Trd, 4319032.293, 139
Trd, 4319032.443, 139
Trd, 4319034.293, 117
Trd, 4319034.593, 140
Trd, 4319035.293, 135
Trd, 4319035.693, 140
Trd, 4319035.943, 140
Trd, 4319036.493, 140
Trd, 4319037.693, 107
Trd, 4319039.543, 136
Trd, 4319040.193, 140
Trd, 4319040.843, 139
Trd, 4319041.243, 132
Trd, 4319042.443, 140
Trd, 4319042.743, 117
Trd, 4319044.143, 132
Trd, 4319044.243, 131
Trd, 4319044.743, 139
Trd, 4319045.793, 123
Trd, 4319045.893, 113
Trd, 4319046.993, 136
Trd, 4319047.593, 94
Trd, 4319047.643, 92
Trd, 4319048.593, 140
Trd, 4319049.393, 137
Trd, 4319049.543, 117
Trd, 4319050.893, 119
Trd, 4319053.593, 133
Trd, 4319054.543, 140
Trd, 4319054.743, 140
Trd, 4319055.043, 82
Trd, 4319055.543, 136
Trd, 4319055.893, 110
Trd, 4319056.593, 137
Trd, 4319057.643, 91
Trd, 4319058.693, 105
Trd, 4319060.593, 140
Trd, 4319060.793, 140
Trd, 4319061.143, 140
Trd, 4319061.893, 140
Trd, 4319062.343, 109
Trd, 4319063.693, 110
Trd, 4319065.043, 140
Trd, 4319065.743, 139
Trd, 4319066.943, 134
Trd, 4319067.143, 133
Trd, 4319067.693, 140
Trd, 4319067.743, 125
Trd, 4319068.543, 138
Trd, 4319068.793, 125
Trd, 4319070.843, 140
Trd, 4319072.443, 140
Trd, 4319072.793, 140
Trd, 4319072.993, 138
Trd, 4319073.193, 138
Trd, 4319073.943, 132
Trd, 4319075.243, 122
Trd, 4319075.793, 123
Trd, 4319077.243, 140
Trd, 4319077.543, 140
Trd, 4319077.843, 140
Trd, 4319078.293, 121
Trd, 4319078.793, 119
Trd, 4319081.043, 138
Trd, 4319082.243, 131
Trd, 4319082.843, 140
Trd, 4319083.193, 128
Trd, 4319083.543, 113
Trd, 4319084.943, 93
Trd, 4319085.093, 92
Trd, 4319085.343, 109
Trd, 4319086.393, 72
Trd, 4319086.893, 98
Trd, 4319087.793, 108
Trd, 4319089.343, 97
Trd, 4319089.443, 95
Trd, 4319091.343, 140
Trd, 4319091.893, 140
Trd, 4319092.193, 140
Trd, 4319093.493, 140
Trd, 4319093.643, 140
Trd, 4319093.793, 81
Trd, 4319095.193, 74
Trd, 4319097.043, 128
Trd, 4319097.093, 135
Trd, 4319097.443, 110
Trd, 4319098.243, 140
Trd, 4319098.793, 140
Trd, 4319099.293, 140
Trd, 4319100.643, 100
Trd, 4319101.243, 135
Trd, 4319101.593, 139
Trd, 4319103.093, 117
Trd, 4319103.343, 98
Trd, 4319103.693, 104
Trd, 4319104.393, 120
Trd, 4319107.093, 117
Trd, 4319107.693, 117
Trd, 4319107.893, 125
Trd, 4319107.993, 114
Trd, 4319108.393, 90
Trd, 4319109.093, 119
Trd, 4319109.743, 69
Trd, 4319109.893, 66
Trd, 4319110.143, 71
Trd, 4319110.793, 89
Trd, 4319111.993, 118
Trd, 4319112.943, 140
Trd, 4319114.193, 139
Trd, 4319114.343, 126
Trd, 4319115.843, 63
Trd, 4319117.093, 63
Trd, 4319117.443, 120
Trd, 4319118.643, 70
Trd, 4319119.693, 82
Trd, 4319120.093, 75
Trd, 4319120.593, 73
Trd, 4319120.843, 123
Trd, 4319120.993, 73
Trd, 4319121.193, 64
Trd, 4319122.193, 61
Trd, 4319122.243, 75
Trd, 4319122.993, 63
Trd, 4319124.093, 60
Trd, 4319124.293, 61
Trd, 4319124.693, 113
Trd, 4319126.593, 116
Trd, 4319128.293, 140
Trd, 4319128.643, 140
Trd, 4319130.593, 140
Trd, 4319130.893, 140
Trd, 4319131.393, 140
Trd, 4319132.743, 139
Trd, 4319133.293, 64
Trd, 4319133.793, 114
Trd, 4319135.193, 60
Trd, 4319135.443, 99
Trd, 4319136.093, 86
Trd, 4319136.743, 74
Trd, 4319137.993, 140
Trd, 4319138.893, 140
Trd, 4319140.993, 136
Trd, 4319141.493, 139
Trd, 4319142.093, 121
Trd, 4319143.243, 124
Trd, 4319143.943, 98
Trd, 4319144.643, 78
Trd, 4319146.143, 63
Trd, 4319147.043, 127
Trd, 4319147.343, 130
Trd, 4319147.543, 125
Trd, 4319149.643, 140
Trd, 4319152.243, 133
Trd, 4319153.193, 88
Trd, 4319153.693, 140
Trd, 4319154.793, 138
Trd, 4319155.093, 139
Trd, 4319155.393, 137
Trd, 4319155.643, 126
Trd, 4319158.193, 60
Trd, 4319158.743, 60
Trd, 4319158.893, 63
Trd, 4319159.093, 67
Trd, 4319160.493, 60
Trd, 4319160.743, 64
Trd, 4319161.943, 137
Trd, 4319162.993, 132
Trd, 4319163.093, 131
Trd, 4319163.393, 122
Trd, 4319163.943, 121
Trd, 4319164.043, 88
Trd, 4319164.493, 140
Trd, 4319167.293, 140
Trd, 4319167.393, 140
Trd, 4319168.243, 138
Trd, 4319168.693, 140
Trd, 4319169.143, 139
Trd, 4319169.893, 135
Trd, 4319170.243, 110
Trd, 4319170.743, 100
Trd, 4319171.243, 106
Trd, 4319171.343, 104
Trd, 4319171.743, 117
Trd, 4319172.293, 138
Trd, 4319175.893, 140
Trd, 4319176.293, 140
Trd, 4319176.743, 140
Trd, 4319177.743, 140
Trd, 4319179.743, 140
Trd, 4319180.293, 140
Trd, 4319180.743, 140
Trd, 4319181.193, 137
Trd, 4319183.093, 140
Trd, 4319183.393, 140
Trd, 4319183.443, 137
Trd, 4319184.593, 103
Trd, 4319184.943, 97
Trd, 4319185.243, 77
Trd, 4319185.693, 112
Trd, 4319187.243, 140
Trd, 4319189.693, 140
Trd, 4319189.993, 140
Trd, 4319190.343, 140
Trd, 4319190.693, 106
Trd, 4319190.793, 86
Trd, 4319191.793, 140
Trd, 4319192.243, 111
Trd, 4319192.543, 60
Trd, 4319192.843, 65
Trd, 4319195.043, 140
Trd, 4319195.093, 139
Trd, 4319196.993, 124
Trd, 4319197.343, 138
Trd, 4319198.143, 124
Trd, 4319199.643, 140
Trd, 4319200.043, 139
Trd, 4319200.493, 138
Trd, 4319200.793, 138
Trd, 4319203.793, 140
Trd, 4319203.943, 140
Trd, 4319203.993, 140
Trd, 4319205.043, 140
Trd, 4319205.343, 119
Trd, 4319205.643, 94
Trd, 4319206.793, 84
Trd, 4319207.443, 118
Trd, 4319208.343, 105
Trd, 4319208.493, 121
Trd, 4319209.243, 101
Trd, 4319209.493, 129
Trd, 4319209.693, 100
Trd, 4319211.393, 99
Trd, 4319212.193, 112
Trd, 4319212.293, 114
Trd, 4319212.743, 132
Trd, 4319212.793, 111
Trd, 4319214.443, 71
Trd, 4319215.693, 125
Trd, 4319215.793, 132
Trd, 4319216.393, 125
Trd, 4319217.893, 126
Trd, 4319218.943, 140
Trd, 4319220.543, 140
Trd, 4319221.193, 140
Trd, 4319221.593, 139
Trd, 4319222.493, 139
Trd, 4319223.343, 138
Trd, 4319224.743, 140
Trd, 4319225.043, 137
Trd, 4319227.043, 138
Trd, 4319227.593, 140
Trd, 4319227.993, 137
Trd, 4319228.593, 140
Trd, 4319229.643, 134
Trd, 4319231.493, 140
Trd, 4319231.593, 139
Trd, 4319232.843, 137
Trd, 4319233.443, 137
Trd, 4319235.193, 128
Trd, 4319235.343, 127
Trd, 4319235.543, 110
Trd, 4319235.843, 119
Trd, 4319236.293, 122
Trd, 4319237.043, 85
Trd, 4319238.693, 95
Trd, 4319239.593, 98
Trd, 4319240.293, 140
Trd, 4319241.943, 140
Trd, 4319241.993, 140
Trd, 4319242.143, 104
Trd, 4319242.693, 74
Trd, 4319243.643, 139
Trd, 4319245.543, 126
Trd, 4319245.843, 97
Trd, 4319247.593, 139
Trd, 4319248.093, 96
Trd, 4319248.643, 95
Trd, 4319249.143, 98
Trd, 4319250.193, 140
Trd, 4319250.993, 140
Trd, 4319251.243, 137
Trd, 4319253.593, 139
Trd, 4319253.643, 138
Trd, 4319253.743, 136
Trd, 4319253.993, 134
Trd, 4319254.143, 126
Trd, 4319255.693, 66
Trd, 4319256.143, 114
Trd, 4319256.543, 64
Trd, 4319258.893, 140
Trd, 4319259.193, 140
Trd, 4319259.543, 138
Trd, 4319262.043, 140
Trd, 4319262.943, 140
Trd, 4319263.093, 140
Trd, 4319263.293, 100
Trd, 4319263.793, 123
Trd, 4319264.293, 131
Trd, 4319264.543, 100
Trd, 4319264.593, 88
Trd, 4319266.293, 140
Trd, 4319266.443, 139
Trd, 4319267.493, 140
Trd, 4319269.343, 129
Trd, 4319269.493, 130
Trd, 4319270.243, 140
Trd, 4319271.143, 92
Trd, 4319271.643, 138
Trd, 4319272.443, 128
Trd, 4319274.693, 120
Trd, 4319274.743, 119
Trd, 4319274.993, 111
Trd, 4319275.093, 129
Trd, 4319275.893, 124
Trd, 4319276.543, 125
Trd, 4319277.393, 139
Trd, 4319279.493, 138
Trd, 4319279.593, 109
Trd, 4319280.143, 140
Trd, 4319280.543, 140
Trd, 4319280.893, 133
Trd, 4319282.093, 133
Trd, 4319282.693, 132
Trd, 4319284.593, 138
Trd, 4319284.643, 138
Trd, 4319285.043, 138
Trd, 4319285.593, 124
Trd, 4319286.093, 134
Trd, 4319286.593, 101
Trd, 4319288.543, 140
Trd, 4319288.793, 139
Trd, 4319289.493, 140
Trd, 4319289.793, 115
Trd, 4319290.393, 128
Trd, 4319290.993, 112
Trd, 4319293.043, 137
Trd, 4319294.393, 139
Trd, 4319294.693, 139
Trd, 4319295.043, 138
Trd, 4319296.293, 140
Trd, 4319296.643, 140
Trd, 4319297.193, 140
Trd, 4319297.443, 126
Trd, 4319299.243, 117
Trd, 4319300.343, 118
Trd, 4319300.393, 117
Trd, 4319301.543, 134
Trd, 4319301.643, 115
Trd, 4319301.843, 76
Trd, 4319301.993, 61
Trd, 4319302.493, 102
Trd, 4319304.093, 124
Trd, 4319304.843, 132
Trd, 4319306.593, 140
Trd, 4319306.893, 140
Trd, 4319306.943, 109
Trd, 4319307.343, 88
Trd, 4319308.843, 60
Trd, 4319309.143, 102
Trd, 4319309.893, 76
Trd, 4319310.643, 138
Trd, 4319311.093, 137
Trd, 4319312.043, 140
Trd, 4319312.193, 137
Trd, 4319313.443, 140
Trd, 4319314.643, 119
Trd, 4319315.943, 140
Trd, 4319316.793, 140
Trd, 4319317.443, 140
Trd, 4319318.093, 140
Trd, 4319318.143, 107
Trd, 4319318.693, 111
Trd, 4319318.993, 104
Trd, 4319319.293, 138
Trd, 4319319.893, 97
Trd, 4319320.243, 77
Trd, 4319321.593, 121
Trd, 4319321.643, 126
Trd, 4319322.743, 99
Trd, 4319323.343, 86
Trd, 4319324.393, 111
Trd, 4319324.943, 73
Trd, 4319325.193, 139
Trd, 4319325.793, 78
Trd, 4319327.843, 140
Trd, 4319328.043, 140
Trd, 4319328.993, 137
Trd, 4319329.243, 140
Trd, 4319330.043, 90
Trd, 4319330.943, 136
Trd, 4319331.193, 133
Trd, 4319332.143, 100
Trd, 4319332.343, 113
Trd, 4319332.593, 79
Trd, 4319332.743, 110
Trd, 4319335.693, 139
Trd, 4319336.293, 138
Trd, 4319336.493, 100
Trd, 4319336.643, 84
Trd, 4319338.243, 66
Trd, 4319338.343, 67
Trd, 4319339.243, 78
Trd, 4319339.343, 127
Trd, 4319339.793, 70
Trd, 4319340.443, 69
Trd, 4319340.943, 75
Trd, 4319343.293, 60
Trd, 4319343.843, 61
Trd, 4319344.693, 108
Trd, 4319345.243, 139
Trd, 4319345.343, 108
Trd, 4319346.993, 138
Trd, 4319347.893, 134
Trd, 4319349.793, 89
Trd, 4319349.843, 122
Trd, 4319351.843, 136
Trd, 4319352.043, 135
Trd, 4319352.943, 134
Trd, 4319353.093, 133
Trd, 4319354.693, 140
Trd, 4319354.943, 140
Trd, 4319355.393, 109
Trd, 4319356.043, 137
Trd, 4319356.693, 110
Trd, 4319357.543, 103
Trd, 4319359.193, 88
Trd, 4319359.593, 129
Trd, 4319359.893, 131
Trd, 4319361.193, 112
Trd, 4319362.743, 121
Trd, 4319363.893, 140
Trd, 4319364.643, 136
Trd, 4319365.843, 137
Trd, 4319366.493, 139
Trd, 4319367.343, 138
Trd, 4319367.943, 137
Trd, 4319368.193, 135
Trd, 4319369.143, 140
Trd, 4319370.043, 139
Trd, 4319370.443, 140
Trd, 4319371.393, 140
Trd, 4319371.993, 140
Trd, 4319373.193, 92
Trd, 4319373.443, 107
Trd, 4319373.693, 108
Trd, 4319374.293, 133
Trd, 4319375.393, 140
Trd, 4319376.443, 140
Trd, 4319376.743, 139
Trd, 4319377.293, 139
Trd, 4319379.443, 135
Trd, 4319379.893, 126
Trd, 4319381.493, 139
Trd, 4319381.543, 101
Trd, 4319382.493, 138
Trd, 4319382.793, 126
Trd, 4319384.143, 140
Trd, 4319384.293, 140
Trd, 4319385.193, 135
Trd, 4319385.743, 83
Trd, 4319386.793, 101
Trd, 4319387.193, 126
Trd, 4319387.393, 101
Trd, 4319387.493, 128
Trd, 4319388.443, 112
Trd, 4319388.493, 109
Trd, 4319390.143, 140
Trd, 4319390.343, 98
Trd, 4319391.543, 73
Trd, 4319391.943, 63
Trd, 4319393.143, 86
Trd, 4319395.143, 140
Trd, 4319396.193, 140
Trd, 4319397.443, 140
Trd, 4319398.243, 140
Trd, 4319398.343, 140
Trd, 4319398.743, 135
Trd, 4319400.143, 140
Trd, 4319400.643, 140
Trd, 4319402.593, 140
Trd, 4319402.693, 139
Trd, 4319403.343, 133
Trd, 4319404.743, 140
Trd, 4319405.893, 140
Trd, 4319405.993, 140
Trd, 4319406.943, 140
Trd, 4319407.843, 140
Trd, 4319408.093, 140
Trd, 4319408.543, 104
Trd, 4319408.993, 112
Trd, 4319409.793, 136
Trd, 4319410.843, 140
Trd, 4319411.493, 125
Trd, 4319411.593, 116
Trd, 4319412.043, 116
Trd, 4319412.643, 64
Trd, 4319414.093, 100
Trd, 4319414.393, 96
Trd, 4319414.643, 74
Trd, 4319414.793, 69
Trd, 4319414.843, 108
Trd, 4319415.393, 122
Trd, 4319416.643, 117
Trd, 4319416.743, 110
Trd, 4319420.743, 140
Trd, 4319420.793, 114
Trd, 4319421.693, 99
Trd, 4319421.893, 109
Trd, 4319422.793, 140
Trd, 4319423.393, 99
Trd, 4319423.593, 128
Trd, 4319424.243, 92
Trd, 4319424.993, 63
Trd, 4319425.243, 134
Trd, 4319427.643, 140
Trd, 4319428.443, 140
Trd, 4319428.693, 140
Trd, 4319429.043, 140
Trd, 4319430.493, 140
Trd, 4319431.343, 137
Trd, 4319431.543, 136
Trd, 4319432.893, 125
Trd, 4319433.443, 130
Trd, 4319434.693, 125
Trd, 4319434.743, 124
Trd, 4319435.393, 100
Trd, 4319435.443, 127
Trd, 4319436.543, 107
Trd, 4319437.093, 106
Trd, 4319437.243, 82
Trd, 4319439.043, 140
Trd, 4319440.043, 133
Trd, 4319440.793, 131
Trd, 4319441.543, 140
Trd, 4319442.793, 133
Trd, 4319443.543, 104
Trd, 4319443.643, 102
Trd, 4319445.743, 140
Trd, 4319445.793, 140
Trd, 4319445.843, 140
Trd, 4319446.993, 131
Trd, 4319447.193, 91
Trd, 4319450.093, 140
Trd, 4319450.843, 140
Trd, 4319451.243, 140
Trd, 4319452.293, 140
Trd, 4319452.793, 140
Trd, 4319453.893, 140
Trd, 4319454.493, 140
Trd, 4319454.943, 127
Trd, 4319455.893, 105
Trd, 4319456.193, 122
Trd, 4319458.243, 140
Trd, 4319458.343, 140
Trd, 4319458.743, 112
Trd, 4319459.493, 110
Trd, 4319459.543, 117
Trd, 4319460.143, 131
Trd, 4319461.043, 131
Trd, 4319462.693, 140
Trd, 4319462.793, 140
Trd, 4319464.143, 139
Trd, 4319465.043, 140
Trd, 4319465.743, 140
Trd, 4319465.893, 140
Trd, 4319466.593, 139
Trd, 4319467.543, 137
Trd, 4319468.143, 139
Trd, 4319469.143, 138
Trd, 4319470.543, 140
Trd, 4319471.393, 134
Trd, 4319473.043, 140
Trd, 4319474.343, 140
Trd, 4319474.843, 139
Trd, 4319475.443, 139
Trd, 4319475.543, 138
Trd, 4319475.693, 135
Trd, 4319476.143, 137
Trd, 4319477.743, 131
Trd, 4319479.243, 140
Trd, 4319479.493, 140
Trd, 4319479.993, 140
Trd, 4319480.293, 139
Trd, 4319480.543, 116
Trd, 4319481.393, 138
Trd, 4319482.993, 139
Trd, 4319484.643, 138
Trd, 4319485.443, 131
Trd, 4319485.793, 114
Trd, 4319485.943, 106
Trd, 4319486.093, 78
Trd, 4319487.643, 117
Trd, 4319488.993, 140
Trd, 4319489.843, 140
Trd, 4319490.143, 140
Trd, 4319491.543, 140
Trd, 4319491.643, 140
Trd, 4319492.143, 140
Trd, 4319492.993, 139
Trd, 4319493.293, 139
Trd, 4319495.243, 140
Trd, 4319496.043, 140
Trd, 4319497.193, 140
Trd, 4319497.693, 140
Trd, 4319497.943, 140
Trd, 4319498.743, 140
Trd, 4319499.943, 140
Trd, 4319500.243, 139
Trd, 4319500.693, 129
Trd, 4319502.843, 62
Trd, 4319503.193, 128
Trd, 4319504.043, 134
Trd, 4319504.343, 133
Trd, 4319504.393, 118
Trd, 4319504.643, 139
Trd, 4319505.543, 132
Trd, 4319506.443, 92
Trd, 4319506.543, 111
Trd, 4319507.993, 82
Trd, 4319508.093, 81
Trd, 4319509.193, 67
Trd, 4319509.843, 68
Trd, 4319510.193, 68
Trd, 4319510.493, 69
Trd, 4319510.843, 72
Trd, 4319512.493, 67
Trd, 4319512.693, 66
Trd, 4319513.443, 66
Trd, 4319513.843, 91
Trd, 4319513.893, 121
Trd, 4319516.093, 118
Trd, 4319516.293, 117
Trd, 4319517.443, 105
Trd, 4319517.843, 100
Trd, 4319519.243, 140
Trd, 4319519.743, 138
Trd, 4319520.193, 79
Trd, 4319521.693, 73
Trd, 4319522.693, 140
Trd, 4319523.543, 140
Trd, 4319524.843, 140
Trd, 4319525.593, 140
Trd, 4319526.293, 140
Trd, 4319527.443, 140
Trd, 4319528.093, 128
Trd, 4319528.243, 110
Trd, 4319529.343, 106
Trd, 4319529.393, 134
Trd, 4319529.443, 104
Trd, 4319530.643, 87
Trd, 4319531.493, 81
Trd, 4319533.193, 140
Trd, 4319533.743, 140
Trd, 4319534.693, 116
Trd, 4319534.843, 108
Trd, 4319535.093, 107
Trd, 4319535.743, 136
Trd, 4319535.993, 85
Trd, 4319536.943, 83
Trd, 4319537.393, 100
Trd, 4319537.793, 139
Trd, 4319538.943, 140
Trd, 4319539.593, 138
Trd, 4319540.793, 136
Trd, 4319541.593, 133
Trd, 4319541.943, 120
Trd, 4319542.693, 128
Trd, 4319543.143, 114
Trd, 4319544.293, 139
Trd, 4319544.893, 127
Trd, 4319545.293, 133
Trd, 4319547.793, 140
Trd, 4319547.843, 140
Trd, 4319548.943, 140
Trd, 4319549.593, 131
Trd, 4319550.243, 132
Trd, 4319551.793, 140
Trd, 4319551.943, 140
Trd, 4319552.293, 138
Trd, 4319553.193, 140
Trd, 4319554.593, 140
Trd, 4319555.543, 140
Trd, 4319555.693, 126
Trd, 4319555.843, 126
Trd, 4319557.043, 136
Trd, 4319558.193, 137
Trd, 4319559.693, 126
Trd, 4319560.193, 140
Trd, 4319560.843, 130
Trd, 4319562.293, 124
Trd, 4319562.343, 122
Trd, 4319563.043, 140
Trd, 4319563.293, 125
Trd, 4319563.693, 123
Trd, 4319564.593, 95
Trd, 4319565.743, 90
Trd, 4319566.243, 86
Trd, 4319566.443, 98
Trd, 4319566.793, 104
Trd, 4319567.393, 140
Trd, 4319567.993, 115
Trd, 4319569.643, 123
Trd, 4319570.693, 140
Trd, 4319571.193, 140
Trd, 4319571.393, 140
Trd, 4319572.343, 128
Trd, 4319572.793, 139
Trd, 4319573.043, 93
Trd, 4319573.693, 115
Trd, 4319573.743, 134
Trd, 4319574.443, 139
Trd, 4319575.093, 127
Trd, 4319575.843, 125
Trd, 4319576.743, 108
Trd, 4319576.893, 93
Trd, 4319578.643, 140
Trd, 4319579.593, 140
Trd, 4319580.593, 140
Trd, 4319580.943, 139
Trd, 4319582.643, 122
Trd, 4319583.393, 123
Trd, 4319584.043, 114
Trd, 4319585.743, 140
Trd, 4319586.243, 140
Trd, 4319586.643, 140
Trd, 4319587.243, 140
Trd, 4319588.893, 106
Trd, 4319589.793, 121
Trd, 4319591.143, 140
Trd, 4319591.793, 140
Trd, 4319592.743, 139
Trd, 4319594.293, 134
Trd, 4319594.443, 101
Trd, 4319594.893, 74
Trd, 4319594.943, 75
Trd, 4319596.243, 73
Trd, 4319596.893, 64
Trd, 4319598.943, 108
Trd, 4319599.293, 68
Trd, 4319600.893, 116
Trd, 4319601.543, 139
Trd, 4319602.443, 140
Trd, 4319603.543, 140
Trd, 4319604.043, 119
Trd, 4319604.843, 94
Trd, 4319606.043, 140
Trd, 4319606.243, 114
Trd, 4319607.393, 104
Trd, 4319607.843, 134
Trd, 4319607.943, 100
Trd, 4319609.243, 138
Trd, 4319609.343, 132
Trd, 4319610.793, 140
Trd, 4319612.093, 140
Trd, 4319613.093, 139
Trd, 4319613.393, 138
Trd, 4319615.393, 140
Trd, 4319616.643, 140
Trd, 4319616.793, 140
Trd, 4319616.943, 118
Trd, 4319617.193, 76
Trd, 4319617.293, 68
Trd, 4319619.293, 140
Trd, 4319620.693, 139
Trd, 4319621.343, 139
Trd, 4319621.743, 118
Trd, 4319621.893, 117
Trd, 4319622.043, 137
Trd, 4319622.243, 102
Trd, 4319622.593, 140
Trd, 4319625.043, 114
Trd, 4319625.593, 126
Trd, 4319626.243, 140
Trd, 4319626.943, 140
Trd, 4319627.293, 140
Trd, 4319627.643, 140
Trd, 4319627.693, 139
Trd, 4319629.793, 85
Trd, 4319630.043, 83
Trd, 4319631.743, 85
Trd, 4319631.943, 91
Trd, 4319632.293, 110
Trd, 4319632.793, 85
Trd, 4319633.843, 140
Trd, 4319633.943, 140
Trd, 4319635.143, 140
Trd, 4319637.343, 135
Trd, 4319637.443, 134
Trd, 4319638.993, 140
Trd, 4319639.193, 123
Trd, 4319639.293, 116
Trd, 4319639.643, 120
Trd, 4319640.593, 140
Trd, 4319641.343, 140
Trd, 4319641.893, 140
Trd, 4319642.243, 140
Trd, 4319644.143, 127
Trd, 4319644.843, 118
Trd, 4319645.843, 118
Trd, 4319646.043, 117
Trd, 4319646.343, 140
Trd, 4319647.793, 140
Trd, 4319648.093, 140
Trd, 4319648.593, 140
Trd, 4319648.643, 128
Trd, 4319649.893, 139
Trd, 4319650.543, 139
Trd, 4319651.443, 130
Trd, 4319651.493, 115
Trd, 4319652.143, 140
Trd, 4319652.343, 136
Trd, 4319652.443, 91
Trd, 4319653.543, 97
Trd, 4319655.343, 119
Trd, 4319655.393, 116
Trd, 4319656.593, 99
Trd, 4319657.693, 102
Trd, 4319658.293, 140
Trd, 4319658.343, 140
Trd, 4319658.893, 69
Trd, 4319659.843, 124
Trd, 4319660.393, 140
Trd, 4319660.943, 63
Trd, 4319661.843, 116
Trd, 4319662.643, 134
Trd, 4319663.693, 116
Trd, 4319663.893, 115
Trd, 4319664.193, 115
Trd, 4319665.043, 140
Trd, 4319665.493, 123
Trd, 4319666.343, 121
Trd, 4319667.593, 60
Trd, 4319668.393, 99
Trd, 4319669.093, 83
Trd, 4319670.243, 140
Trd, 4319670.793, 140
Trd, 4319672.193, 140
Trd, 4319672.593, 140
Trd, 4319674.193, 140
Trd, 4319675.743, 140
Trd, 4319676.693, 139
Trd, 4319676.793, 140
Trd, 4319678.243, 140
Trd, 4319678.543, 139
Trd, 4319679.293, 129
Trd, 4319680.943, 139
Trd, 4319682.143, 140
Trd, 4319682.193, 140
Trd, 4319682.493, 104
Trd, 4319682.893, 85
Trd, 4319684.393, 97
Trd, 4319684.793, 74
Trd, 4319685.243, 72
Trd, 4319685.993, 122
Trd, 4319687.243, 116
Trd, 4319687.543, 107
Trd, 4319688.243, 74
Trd, 4319688.843, 138
Trd, 4319689.543, 66
Trd, 4319690.943, 129
Trd, 4319691.993, 60
Trd, 4319692.743, 60
Trd, 4319694.793, 67
Trd, 4319695.093, 119
Trd, 4319695.743, 123
Trd, 4319695.843, 122
Trd, 4319695.993, 120
Trd, 4319696.493, 114
Trd, 4319696.993, 102
Trd, 4319698.593, 104
Trd, 4319698.893, 117
Trd, 4319699.343, 96
Trd, 4319699.743, 128
Trd, 4319700.493, 110
Trd, 4319700.793, 88
Trd, 4319701.943, 134
Trd, 4319703.443, 125
Trd, 4319703.743, 125
Trd, 4319704.443, 126
Trd, 4319704.693, 89
Trd, 4319705.543, 138
Trd, 4319707.593, 140
Trd, 4319707.743, 118
Trd, 4319708.093, 139
Trd, 4319709.243, 140
Trd, 4319710.593, 140
Trd, 4319711.593, 140
Trd, 4319713.093, 140
Trd, 4319713.843, 127
Trd, 4319715.443, 140
Trd, 4319715.743, 131
Trd, 4319716.643, 122
Trd, 4319716.743, 121
Trd, 4319717.243, 133
Trd, 4319717.443, 126
Trd, 4319717.743, 104
Trd, 4319718.193, 66
Trd, 4319719.643, 140
Trd, 4319720.493, 140
Trd, 4319722.593, 140
Trd, 4319722.793, 140
Trd, 4319722.893, 140
Trd, 4319723.243, 138
Trd, 4319724.443, 140
Trd, 4319724.943, 135
Trd, 4319726.593, 139
Trd, 4319727.843, 137
Trd, 4319728.293, 115
Trd, 4319728.393, 114
Trd, 4319729.043, 112
Trd, 4319729.543, 110
Trd, 4319732.043, 140
Trd, 4319732.843, 140
Trd, 4319733.893, 130
Trd, 4319734.943, 140
Trd, 4319735.093, 140
Trd, 4319735.343, 139
Trd, 4319735.743, 126
Trd, 4319736.443, 124
Trd, 4319736.793, 103
Trd, 4319737.893, 67
Trd, 4319738.093, 69
Trd, 4319738.193, 92
Trd, 4319739.393, 121
Trd, 4319740.443, 140
Trd, 4319740.943, 112
Trd, 4319741.593, 140
Trd, 4319741.743, 140
Trd, 4319742.343, 140
Trd, 4319742.943, 126
Trd, 4319742.993, 62
Trd, 4319744.243, 123
Trd, 4319745.093, 138
Trd, 4319745.793, 140
Trd, 4319746.043, 124
Trd, 4319746.193, 98
Trd, 4319748.193, 140
Trd, 4319749.643, 140
Trd, 4319751.593, 140
Trd, 4319751.743, 140
Trd, 4319752.043, 139
Trd, 4319753.093, 139
Trd, 4319753.243, 136
Trd, 4319754.543, 140
Trd, 4319754.593, 138
Trd, 4319755.343, 75
Trd, 4319755.793, 121
Trd, 4319757.393, 98
Trd, 4319757.893, 109
Trd, 4319757.993, 125
Trd, 4319758.193, 81
Trd, 4319758.443, 108
Trd, 4319759.743, 132
Trd, 4319760.743, 63
Trd, 4319761.643, 135
Trd, 4319762.343, 129
Trd, 4319764.293, 140
Trd, 4319764.343, 140
Trd, 4319764.943, 140
Trd, 4319765.493, 139
Trd, 4319766.043, 139
Trd, 4319766.943, 140
Trd, 4319767.643, 138
Trd, 4319771.143, 140
Trd, 4319772.593, 140
Trd, 4319773.943, 140
Trd, 4319773.993, 140
Trd, 4319774.043, 137
Trd, 4319774.543, 131
Trd, 4319776.543, 140
Trd, 4319776.993, 140
Trd, 4319777.093, 139
Trd, 4319777.393, 140
Trd, 4319779.093, 124
Trd, 4319780.943, 140
Trd, 4319782.543, 140
Trd, 4319782.843, 139
Trd, 4319783.343, 95
Trd, 4319783.893, 124
Trd, 4319785.443, 140
Trd, 4319785.693, 139
Trd, 4319786.093, 140
Trd, 4319787.843, 140
Trd, 4319789.593, 140
Trd, 4319789.893, 140
Trd, 4319790.493, 140
Trd, 4319790.543, 138
Trd, 4319793.143, 140
Trd, 4319793.293, 140
Trd, 4319793.493, 140
Trd, 4319793.893, 135
Trd, 4319798.393, 140
Trd, 4319799.043, 140
Trd, 4319799.093, 140
Trd, 4319799.893, 140
Trd, 4319800.193, 140
Trd, 4319801.243, 140
Trd, 4319801.693, 126
Trd, 4319802.693, 61
Trd, 4319803.193, 80
Trd, 4319804.493, 62
Trd, 4319804.843, 70
Trd, 4319805.343, 73
Trd, 4319805.593, 62
Trd, 4319807.093, 65
Trd, 4319807.493, 108
Trd, 4319808.493, 140
Trd, 4319809.143, 140
Trd, 4319809.193, 140
Trd, 4319809.943, 140
Trd, 4319810.443, 138
Trd, 4319812.993, 100
Trd, 4319814.043, 123
Trd, 4319815.243, 138
Trd, 4319816.443, 130
Trd, 4319816.643, 140
Trd, 4319817.043, 100
Trd, 4319817.593, 73
Trd, 4319818.343, 126
Trd, 4319818.693, 127
Trd, 4319818.893, 132
Trd, 4319819.293, 127
Trd, 4319819.743, 90
Trd, 4319821.543, 95
Trd, 4319821.843, 79
Trd, 4319822.793, 131
Trd, 4319823.243, 115
Trd, 4319823.743, 108
Trd, 4319825.193, 82
Trd, 4319825.843, 70
Trd, 4319826.643, 140
Trd, 4319827.543, 104
Trd, 4319827.693, 104
Trd, 4319828.793, 103
Trd, 4319829.193, 109
Trd, 4319830.193, 104
Trd, 4319830.243, 105
Trd, 4319830.743, 103
Trd, 4319832.293, 140
Trd, 4319832.643, 103
Trd, 4319834.443, 140
Trd, 4319836.343, 140
Trd, 4319836.393, 140
Trd, 4319836.543, 135
Trd, 4319837.593, 140
Trd, 4319837.893, 110
Trd, 4319839.743, 140
Trd, 4319840.043, 140
Trd, 4319840.843, 140
Trd, 4319841.243, 130
Trd, 4319841.843, 95
Trd, 4319842.993, 134
Trd, 4319843.293, 127
Trd, 4319844.743, 75
Trd, 4319844.943, 73
Trd, 4319845.893, 140
Trd, 4319846.493, 140
Trd, 4319847.643, 98
Trd, 4319848.443, 74
Trd, 4319848.793, 71
Trd, 4319849.493, 61
Trd, 4319849.643, 91
Trd, 4319852.043, 140
Trd, 4319852.943, 111
Trd, 4319853.293, 112
Trd, 4319854.543, 105
Trd, 4319855.593, 140
Trd, 4319855.693, 140
Trd, 4319856.143, 139
Trd, 4319858.893, 119
Trd, 4319859.493, 120
Trd, 4319859.843, 137
Trd, 4319861.143, 71
Trd, 4319862.793, 140
Trd, 4319863.043, 78
Trd, 4319864.843, 138
Trd, 4319865.043, 95
Trd, 4319865.093, 94
Trd, 4319866.393, 140
Trd, 4319867.193, 140
Trd, 4319868.043, 140
Trd, 4319868.293, 128
Trd, 4319869.043, 122
Trd, 4319870.293, 128
Trd, 4319870.343, 140
Trd, 4319870.893, 105
Trd, 4319872.243, 101
Trd, 4319872.393, 104
Trd, 4319872.593, 100
Trd, 4319873.443, 97
Trd, 4319874.643, 107
Trd, 4319875.793, 140
Trd, 4319876.743, 138
Trd, 4319877.143, 111
Trd, 4319877.743, 108
Trd, 4319877.793, 81
Trd, 4319879.693, 140
Trd, 4319881.093, 135
Trd, 4319882.143, 106
Trd, 4319882.293, 105
Trd, 4319882.493, 112
Trd, 4319883.693, 114
Trd, 4319883.893, 123
Trd, 4319885.893, 125
Trd, 4319887.443, 140
Trd, 4319888.293, 140
Trd, 4319888.743, 140
Trd, 4319889.193, 140
Trd, 4319889.443, 129
Trd, 4319892.243, 140
Trd, 4319893.093, 140
Trd, 4319893.343, 139
Trd, 4319894.093, 137
Trd, 4319895.543, 134
Trd, 4319895.893, 133
Trd, 4319896.443, 133
Trd, 4319896.643, 114
Trd, 4319897.543, 118
Trd, 4319897.843, 140
Trd, 4319898.293, 138
Trd, 4319899.093, 72
Trd, 4319900.343, 60
Trd, 4319901.043, 101
Trd, 4319902.143, 129
Trd, 4319902.493, 140
Trd, 4319904.693, 140
Trd, 4319904.993, 140
Trd, 4319905.293, 99
Trd, 4319905.893, 72
Trd, 4319906.243, 134
Trd, 4319907.543, 140
Trd, 4319907.593, 140
Trd, 4319907.743, 132
Trd, 4319907.943, 90
Trd, 4319909.293, 139
Trd, 4319910.693, 129
Trd, 4319911.193, 130
Trd, 4319911.743, 129
Trd, 4319911.943, 65
Trd, 4319913.793, 119
Trd, 4319913.893, 108
Trd, 4319914.343, 109
Trd, 4319915.243, 101
Trd, 4319915.543, 112
Trd, 4319916.043, 113
Trd, 4319917.093, 140
Trd, 4319917.343, 111
Trd, 4319919.193, 129
Trd, 4319919.793, 139
Trd, 4319923.343, 140
Trd, 4319923.543, 140
Trd, 4319923.693, 140
Trd, 4319923.793, 140
Trd, 4319924.643, 140
Trd, 4319926.293, 132
Trd, 4319926.443, 131
Trd, 4319926.893, 125
Trd, 4319927.193, 80
Trd, 4319927.893, 62
Trd, 4319928.343, 74
Trd, 4319929.643, 140
Trd, 4319930.243, 109
Trd, 4319930.593, 140
Trd, 4319930.843, 93
Trd, 4319931.193, 106
Trd, 4319932.293, 136
Trd, 4319932.393, 109
Trd, 4319933.093, 117
Trd, 4319933.743, 137
Trd, 4319934.843, 67
Trd, 4319935.393, 74
Trd, 4319936.593, 68
Trd, 4319936.843, 98
Trd, 4319937.793, 75
Trd, 4319939.493, 64
Trd, 4319940.393, 79
Trd, 4319940.443, 133
Trd, 4319941.893, 103
Trd, 4319942.193, 73
Trd, 4319942.943, 105
Trd, 4319943.193, 110
Trd, 4319943.343, 95
Trd, 4319943.493, 117
Trd, 4319944.043, 61
Trd, 4319945.993, 67
Trd, 4319946.493, 72
Trd, 4319947.343, 79
Trd, 4319947.593, 80
Trd, 4319948.193, 95
Trd, 4319948.643, 89
Trd, 4319948.743, 75
Trd, 4319951.343, 105
Trd, 4319951.443, 104
Trd, 4319952.193, 128
Trd, 4319953.643, 135
Trd, 4319954.243, 139
Trd, 4319954.843, 135
Trd, 4319955.143, 75
Trd, 4319955.693, 106
Trd, 4319956.993, 60
Trd, 4319957.843, 60
Trd, 4319959.243, 140
Trd, 4319959.643, 140
Trd, 4319960.843, 140
Trd, 4319960.943, 140
Trd, 4319961.943, 140
Trd, 4319962.843, 137
Trd, 4319963.093, 94
Trd, 4319963.643, 125
Trd, 4319964.443, 140
Trd, 4319964.743, 140
Trd, 4319965.093, 140
Trd, 4319966.693, 130
Trd, 4319967.043, 130
Trd, 4319969.043, 92
Trd, 4319969.143, 105
Trd, 4319969.293, 100
Trd, 4319970.343, 140
Trd, 4319970.443, 140
Trd, 4319971.043, 138
Trd, 4319971.593, 118
Trd, 4319971.943, 89
Trd, 4319973.043, 92
Trd, 4319973.593, 79
Trd, 4319973.893, 78
Trd, 4319974.293, 131
Trd, 4319975.143, 140
Trd, 4319976.393, 129
Trd, 4319976.693, 90
Trd, 4319978.993, 140
Trd, 4319979.143, 139
Trd, 4319980.193, 140
Trd, 4319980.643, 138
Trd, 4319981.593, 137
Trd, 4319981.943, 116
Trd, 4319982.493, 112
Trd, 4319983.443, 106
Trd, 4319984.293, 129
Trd, 4319985.193, 121
Trd, 4319985.493, 124
Trd, 4319986.093, 66
Trd, 4319986.443, 135
Trd, 4319987.743, 139
Trd, 4319988.043, 85
Trd, 4319989.143, 140
Trd, 4319989.593, 136
Trd, 4319989.643, 69
Trd, 4319990.843, 90
Trd, 4319992.343, 140
Trd, 4319992.943, 135
Trd, 4319994.043, 140
Trd, 4319994.993, 138
Trd, 4319995.793, 138
Trd, 4319995.993, 136
Trd, 4319997.043, 121
Trd, 4319997.643, 123
Trd, 4319997.793, 122
Trd, 4319998.093, 129
Trd, 4319999.393, 119
