Trd, 4318087.343, 140
Trd, 4318087.993, 137
Trd, 4318088.493, 136
Trd, 4318088.643, 102
Trd, 4318088.793, 100
Trd, 4318089.143, 100
Trd, 4318089.193, 90
Trd, 4318089.243, 85
Trd, 4318090.693, 114
Trd, 4318090.893, 104
Trd, 4318092.043, 137
Trd, 4318092.543, 105
Trd, 4318093.493, 130
Trd, 4318094.193, 110
Trd, 4318094.393, 86
Trd, 4318095.193, 84
Trd, 4318095.893, 124
Trd, 4318096.293, 97
Trd, 4318096.393, 126
Trd, 4318097.543, 140
Trd, 4318099.293, 132
Trd, 4318101.243, 138
Trd, 4318101.393, 138
Trd, 4318102.843, 117
Trd, 4318103.093, 110
Trd, 4318104.593, 125
Trd, 4318105.793, 101
Trd, 4318107.443, 117
Trd, 4318108.893, 138
Trd, 4318109.243, 140
Trd, 4318109.643, 107
Trd, 4318109.843, 118
Trd, 4318110.793, 118
Trd, 4318112.043, 140
Trd, 4318113.693, 112
Trd, 4318115.593, 101
Trd, 4318116.693, 131
Trd, 4318116.993, 116
Trd, 4318118.043, 136
Trd, 4318118.693, 125
Trd, 4318119.043, 138
Trd, 4318120.543, 94
Trd, 4318120.793, 105
Trd, 4318120.993, 83
Trd, 4318121.543, 76
Trd, 4318123.643, 96
Trd, 4318123.793, 98
Trd, 4318124.643, 121
Trd, 4318124.693, 115
Trd, 4318125.593, 102
Trd, 4318126.443, 140
Trd, 4318126.593, 113
Trd, 4318126.693, 82
Trd, 4318127.293, 103
Trd, 4318127.543, 120
Trd, 4318127.793, 101
Trd, 4318129.643, 106
Trd, 4318130.693, 120
Trd, 4318130.943, 93
Trd, 4318131.293, 117
Trd, 4318131.843, 137
Trd, 4318133.993, 140
Trd, 4318134.643, 106
Trd, 4318136.193, 138
Trd, 4318136.593, 100
Trd, 4318136.693, 92
Trd, 4318138.893, 109
Trd, 4318139.293, 99
Trd, 4318139.893, 120
Trd, 4318140.693, 100
Trd, 4318141.593, 109
Trd, 4318142.443, 127
Trd, 4318142.893, 139
Trd, 4318143.343, 129
Trd, 4318144.493, 127
Trd, 4318145.893, 122
Trd, 4318147.793, 132
Trd, 4318148.493, 114
Trd, 4318148.543, 109
Trd, 4318150.393, 140
Trd, 4318150.593, 139
Trd, 4318150.743, 115
Trd, 4318150.843, 105
Trd, 4318152.843, 122
Trd, 4318153.093, 111
Trd, 4318153.693, 140
Trd, 4318155.243, 94
Trd, 4318155.343, 83
Trd, 4318155.693, 94
Trd, 4318155.843, 103
Trd, 4318157.143, 140
Trd, 4318157.293, 115
Trd, 4318159.193, 107
Trd, 4318159.943, 99
Trd, 4318160.693, 89
Trd, 4318161.043, 107
Trd, 4318161.943, 129
Trd, 4318163.943, 112
Trd, 4318164.343, 109
Trd, 4318164.743, 118
Trd, 4318164.943, 115
Trd, 4318165.543, 111
Trd, 4318165.993, 98
Trd, 4318166.943, 128
Trd, 4318168.343, 103
Trd, 4318168.743, 112
Trd, 4318168.993, 140
Trd, 4318169.893, 140
Trd, 4318172.043, 103
Trd, 4318174.643, 140
Trd, 4318174.893, 139
Trd, 4318175.243, 112
Trd, 4318175.693, 140
Trd, 4318175.943, 108
Trd, 4318176.143, 100
Trd, 4318177.293, 140
Trd, 4318179.743, 137
Trd, 4318179.843, 113
Trd, 4318180.193, 104
Trd, 4318182.243, 104
Trd, 4318182.843, 126
Trd, 4318184.193, 106
Trd, 4318184.543, 140
Trd, 4318185.043, 112
Trd, 4318185.993, 122
Trd, 4318186.743, 96
Trd, 4318188.643, 117
Trd, 4318188.843, 105
Trd, 4318188.893, 89
Trd, 4318190.243, 95
Trd, 4318193.593, 139
Trd, 4318194.793, 140
Trd, 4318195.093, 114
Trd, 4318195.443, 110
Trd, 4318196.393, 139
Trd, 4318197.093, 65
Trd, 4318197.493, 79
Trd, 4318197.593, 104
Trd, 4318198.093, 106
Trd, 4318199.293, 74
Trd, 4318199.743, 76
Trd, 4318202.493, 72
Trd, 4318203.643, 91
Trd, 4318204.493, 91
Trd, 4318204.743, 103
Trd, 4318204.993, 77
Trd, 4318205.293, 139
Trd, 4318205.893, 139
Trd, 4318207.093, 140
Trd, 4318207.643, 139
Trd, 4318210.243, 97
Trd, 4318211.393, 139
Trd, 4318211.743, 113
Trd, 4318212.743, 101
Trd, 4318213.193, 121
Trd, 4318214.143, 88
Trd, 4318214.193, 71
Trd, 4318215.693, 82
Trd, 4318216.243, 137
Trd, 4318218.593, 112
Trd, 4318220.143, 134
Trd, 4318221.843, 126
Trd, 4318222.393, 124
Trd, 4318222.443, 105
Trd, 4318223.343, 140
Trd, 4318224.843, 137
Trd, 4318225.643, 125
Trd, 4318226.343, 124
Trd, 4318226.843, 116
Trd, 4318227.043, 112
Trd, 4318227.243, 97
Trd, 4318228.793, 114
Trd, 4318229.843, 139
Trd, 4318230.993, 85
Trd, 4318231.443, 85
Trd, 4318232.493, 140
Trd, 4318232.743, 109
Trd, 4318233.343, 110
Trd, 4318233.543, 101
Trd, 4318234.093, 95
Trd, 4318234.593, 87
Trd, 4318235.943, 140
Trd, 4318236.243, 124
Trd, 4318236.743, 116
Trd, 4318237.193, 107
Trd, 4318238.093, 93
Trd, 4318239.693, 100
Trd, 4318240.143, 121
Trd, 4318240.293, 94
Trd, 4318241.643, 139
Trd, 4318241.693, 138
Trd, 4318242.993, 139
Trd, 4318243.293, 115
Trd, 4318243.793, 119
Trd, 4318245.093, 98
Trd, 4318247.893, 137
Trd, 4318249.293, 112
Trd, 4318250.293, 138
Trd, 4318250.743, 119
Trd, 4318250.993, 93
Trd, 4318251.543, 130
Trd, 4318252.293, 112
Trd, 4318252.643, 128
Trd, 4318252.993, 92
Trd, 4318253.793, 97
Trd, 4318253.993, 75
Trd, 4318254.293, 102
Trd, 4318255.793, 113
Trd, 4318256.093, 71
Trd, 4318257.443, 80
Trd, 4318258.093, 68
Trd, 4318259.043, 98
Trd, 4318259.093, 110
Trd, 4318260.193, 136
Trd, 4318260.593, 66
Trd, 4318261.593, 128
Trd, 4318261.793, 107
Trd, 4318262.443, 129
Trd, 4318263.693, 140
Trd, 4318264.043, 85
Trd, 4318265.343, 115
Trd, 4318265.493, 80
Trd, 4318265.743, 70
Trd, 4318265.843, 79
Trd, 4318267.043, 139
Trd, 4318267.393, 107
Trd, 4318268.793, 104
Trd, 4318269.743, 125
Trd, 4318269.843, 115
Trd, 4318271.643, 125
Trd, 4318272.393, 124
Trd, 4318274.243, 106
Trd, 4318275.043, 101
Trd, 4318275.943, 133
Trd, 4318276.143, 129
Trd, 4318276.343, 105
Trd, 4318276.993, 140
Trd, 4318277.893, 139
Trd, 4318278.193, 121
Trd, 4318278.643, 126
Trd, 4318278.993, 91
Trd, 4318280.493, 99
Trd, 4318281.043, 110
Trd, 4318281.293, 98
Trd, 4318281.743, 74
Trd, 4318282.193, 106
Trd, 4318283.193, 111
Trd, 4318283.443, 110
Trd, 4318284.693, 115
Trd, 4318285.943, 77
Trd, 4318285.993, 78
Trd, 4318286.793, 140
Trd, 4318287.543, 110
Trd, 4318287.893, 101
Trd, 4318287.943, 85
Trd, 4318289.143, 82
Trd, 4318289.343, 84
Trd, 4318290.443, 119
Trd, 4318290.893, 93
Trd, 4318290.993, 109
Trd, 4318291.343, 68
Trd, 4318292.693, 134
Trd, 4318292.793, 89
Trd, 4318294.643, 108
Trd, 4318296.443, 117
Trd, 4318296.643, 80
Trd, 4318296.693, 135
Trd, 4318297.293, 140
Trd, 4318297.593, 116
Trd, 4318299.843, 139
Trd, 4318299.893, 139
Trd, 4318301.293, 131
Trd, 4318301.943, 129
Trd, 4318301.993, 112
Trd, 4318302.843, 111
Trd, 4318303.043, 106
Trd, 4318303.493, 105
Trd, 4318303.543, 97
Trd, 4318304.143, 80
Trd, 4318305.843, 137
Trd, 4318307.643, 139
Trd, 4318308.493, 140
Trd, 4318309.093, 139
Trd, 4318309.643, 120
Trd, 4318309.693, 117
Trd, 4318310.993, 116
Trd, 4318311.543, 95
Trd, 4318311.593, 88
Trd, 4318313.043, 140
Trd, 4318313.943, 75
Trd, 4318314.193, 64
Trd, 4318314.843, 75
Trd, 4318316.493, 113
Trd, 4318317.793, 95
Trd, 4318318.143, 82
Trd, 4318319.493, 139
Trd, 4318320.793, 123
Trd, 4318322.193, 125
Trd, 4318322.493, 109
Trd, 4318323.343, 97
Trd, 4318324.243, 100
Trd, 4318324.343, 94
Trd, 4318326.393, 117
Trd, 4318326.593, 112
Trd, 4318328.193, 111
Trd, 4318328.393, 130
Trd, 4318328.493, 105
Trd, 4318329.843, 102
Trd, 4318330.443, 84
Trd, 4318332.393, 140
Trd, 4318333.143, 137
Trd, 4318333.343, 106
Trd, 4318333.993, 129
Trd, 4318334.093, 102
Trd, 4318334.343, 120
Trd, 4318335.543, 102
Trd, 4318335.643, 88
Trd, 4318336.043, 139
Trd, 4318337.343, 88
Trd, 4318337.743, 88
Trd, 4318339.543, 121
Trd, 4318340.543, 131
Trd, 4318340.893, 109
Trd, 4318342.143, 140
Trd, 4318343.493, 115
Trd, 4318344.293, 102
Trd, 4318344.393, 101
Trd, 4318345.043, 75
Trd, 4318346.243, 105
Trd, 4318346.393, 102
Trd, 4318346.543, 78
Trd, 4318347.543, 139
Trd, 4318348.243, 131
Trd, 4318349.743, 140
Trd, 4318350.343, 138
Trd, 4318350.743, 140
Trd, 4318351.193, 92
Trd, 4318352.993, 103
Trd, 4318353.343, 118
Trd, 4318353.493, 132
Trd, 4318353.843, 93
Trd, 4318354.293, 79
Trd, 4318355.043, 75
Trd, 4318356.243, 68
Trd, 4318357.343, 66
Trd, 4318357.843, 90
Trd, 4318358.743, 109
Trd, 4318359.293, 100
Trd, 4318359.793, 74
Trd, 4318359.943, 109
Trd, 4318360.593, 118
Trd, 4318361.293, 97
Trd, 4318363.443, 107
Trd, 4318363.543, 104
Trd, 4318365.593, 85
Trd, 4318366.943, 106
Trd, 4318367.193, 89
Trd, 4318367.343, 79
Trd, 4318367.793, 83
Trd, 4318368.543, 137
Trd, 4318369.143, 140
Trd, 4318370.243, 71
Trd, 4318372.343, 113
Trd, 4318373.793, 138
Trd, 4318374.093, 97
Trd, 4318375.493, 102
Trd, 4318375.543, 99
Trd, 4318375.693, 130
Trd, 4318376.593, 103
Trd, 4318377.143, 101
Trd, 4318377.193, 78
Trd, 4318378.843, 138
Trd, 4318382.143, 140
Trd, 4318383.043, 100
Trd, 4318383.643, 132
Trd, 4318383.693, 104
Trd, 4318384.993, 89
Trd, 4318386.543, 139
Trd, 4318386.693, 140
Trd, 4318386.993, 125
Trd, 4318387.193, 109
Trd, 4318387.993, 98
Trd, 4318388.893, 86
Trd, 4318389.693, 88
Trd, 4318389.993, 107
Trd, 4318392.843, 88
Trd, 4318393.843, 138
Trd, 4318393.943, 125
Trd, 4318394.243, 117
Trd, 4318394.493, 86
Trd, 4318395.443, 132
Trd, 4318395.843, 117
Trd, 4318396.243, 86
Trd, 4318397.843, 75
Trd, 4318398.593, 102
Trd, 4318398.643, 92
Trd, 4318399.443, 140
Trd, 4318400.393, 121
Trd, 4318400.943, 111
Trd, 4318401.493, 107
Trd, 4318402.343, 84
Trd, 4318403.343, 137
Trd, 4318404.543, 139
Trd, 4318405.393, 137
Trd, 4318405.643, 119
Trd, 4318405.793, 113
Trd, 4318407.193, 102
Trd, 4318407.293, 101
Trd, 4318408.893, 122
Trd, 4318409.943, 117
Trd, 4318410.043, 140
Trd, 4318412.243, 139
Trd, 4318412.543, 116
Trd, 4318413.043, 140
Trd, 4318413.493, 103
Trd, 4318414.093, 99
Trd, 4318414.393, 94
Trd, 4318415.093, 90
Trd, 4318416.293, 91
Trd, 4318416.393, 101
Trd, 4318416.993, 87
Trd, 4318417.393, 108
Trd, 4318418.093, 130
Trd, 4318418.593, 137
Trd, 4318419.593, 129
Trd, 4318421.093, 132
Trd, 4318422.093, 115
Trd, 4318422.593, 107
Trd, 4318423.143, 84
Trd, 4318423.243, 114
Trd, 4318423.543, 140
Trd, 4318424.593, 90
Trd, 4318425.493, 136
Trd, 4318426.143, 126
Trd, 4318427.893, 127
Trd, 4318428.693, 117
Trd, 4318429.193, 104
Trd, 4318430.193, 94
Trd, 4318431.143, 115
Trd, 4318431.343, 131
Trd, 4318432.243, 93
Trd, 4318435.293, 124
Trd, 4318435.493, 131
Trd, 4318435.893, 125
Trd, 4318437.543, 137
Trd, 4318439.643, 104
Trd, 4318439.743, 89
Trd, 4318440.143, 96
Trd, 4318440.943, 140
Trd, 4318441.293, 119
Trd, 4318442.293, 96
Trd, 4318443.543, 140
Trd, 4318443.993, 112
Trd, 4318444.193, 98
Trd, 4318445.843, 72
Trd, 4318447.043, 139
Trd, 4318448.093, 131
Trd, 4318448.743, 140
Trd, 4318449.343, 61
Trd, 4318449.843, 131
Trd, 4318451.393, 91
Trd, 4318452.143, 113
Trd, 4318452.743, 103
Trd, 4318452.943, 80
Trd, 4318453.993, 70
Trd, 4318454.193, 72
Trd, 4318454.343, 140
Trd, 4318456.493, 139
Trd, 4318457.293, 84
Trd, 4318457.443, 82
Trd, 4318457.593, 80
Trd, 4318458.543, 97
Trd, 4318459.093, 78
Trd, 4318459.143, 107
Trd, 4318460.693, 107
Trd, 4318461.193, 90
Trd, 4318463.393, 83
Trd, 4318464.043, 140
Trd, 4318464.293, 112
Trd, 4318466.243, 140
Trd, 4318467.243, 119
Trd, 4318467.793, 126
Trd, 4318468.243, 103
Trd, 4318470.593, 130
Trd, 4318470.743, 132
Trd, 4318471.793, 139
Trd, 4318472.243, 109
Trd, 4318473.093, 118
Trd, 4318473.243, 103
Trd, 4318474.343, 114
Trd, 4318474.693, 135
Trd, 4318475.093, 100
Trd, 4318476.043, 82
Trd, 4318476.593, 91
Trd, 4318478.343, 83
Trd, 4318478.543, 78
Trd, 4318479.243, 140
Trd, 4318479.643, 137
Trd, 4318481.293, 84
Trd, 4318481.443, 110
Trd, 4318482.793, 134
Trd, 4318484.843, 120
Trd, 4318485.443, 130
Trd, 4318485.593, 104
Trd, 4318485.943, 97
Trd, 4318487.193, 124
Trd, 4318488.193, 127
Trd, 4318489.443, 128
Trd, 4318490.143, 103
Trd, 4318490.793, 69
Trd, 4318491.493, 140
Trd, 4318491.593, 116
Trd, 4318492.193, 117
Trd, 4318492.243, 102
Trd, 4318492.643, 84
Trd, 4318493.043, 100
Trd, 4318493.593, 126
Trd, 4318493.693, 92
Trd, 4318496.393, 97
Trd, 4318496.443, 95
Trd, 4318496.693, 111
Trd, 4318497.893, 83
Trd, 4318497.943, 81
Trd, 4318499.193, 111
Trd, 4318500.293, 136
Trd, 4318501.293, 96
Trd, 4318501.443, 86
Trd, 4318501.693, 79
Trd, 4318501.993, 79
Trd, 4318502.743, 103
Trd, 4318503.793, 120
Trd, 4318503.943, 116
Trd, 4318504.593, 139
Trd, 4318504.793, 94
Trd, 4318505.093, 62
Trd, 4318505.443, 119
Trd, 4318505.543, 60
Trd, 4318506.943, 137
Trd, 4318507.493, 121
Trd, 4318510.243, 102
Trd, 4318511.243, 139
Trd, 4318511.493, 138
Trd, 4318512.093, 140
Trd, 4318512.393, 104
Trd, 4318513.693, 138
Trd, 4318515.243, 117
Trd, 4318515.293, 129
Trd, 4318515.593, 96
Trd, 4318515.893, 95
Trd, 4318515.943, 77
Trd, 4318516.343, 87
Trd, 4318516.843, 107
Trd, 4318517.493, 100
Trd, 4318518.143, 97
Trd, 4318520.093, 140
Trd, 4318520.243, 122
Trd, 4318521.093, 99
Trd, 4318522.343, 73
Trd, 4318522.743, 97
Trd, 4318522.943, 138
Trd, 4318523.443, 92
Trd, 4318525.143, 85
Trd, 4318525.993, 105
Trd, 4318526.693, 90
Trd, 4318526.893, 85
Trd, 4318527.043, 68
Trd, 4318528.043, 132
Trd, 4318528.293, 102
Trd, 4318529.293, 118
Trd, 4318529.793, 107
Trd, 4318530.593, 139
Trd, 4318530.793, 128
Trd, 4318531.293, 97
Trd, 4318532.543, 140
Trd, 4318532.893, 138
Trd, 4318532.993, 111
Trd, 4318536.143, 113
Trd, 4318536.293, 93
Trd, 4318536.643, 86
Trd, 4318536.743, 104
Trd, 4318537.493, 123
Trd, 4318539.193, 126
Trd, 4318539.793, 104
Trd, 4318541.593, 140
Trd, 4318541.643, 128
Trd, 4318541.943, 104
Trd, 4318542.693, 117
Trd, 4318543.593, 139
Trd, 4318545.043, 140
Trd, 4318545.093, 138
Trd, 4318545.893, 99
Trd, 4318547.093, 62
Trd, 4318547.493, 117
Trd, 4318548.793, 75
Trd, 4318549.193, 127
Trd, 4318549.893, 74
Trd, 4318549.993, 84
Trd, 4318550.643, 140
Trd, 4318551.443, 106
Trd, 4318551.543, 134
Trd, 4318552.193, 114
Trd, 4318552.593, 100
Trd, 4318555.193, 140
Trd, 4318556.043, 140
Trd, 4318556.693, 123
Trd, 4318557.543, 99
Trd, 4318557.843, 83
Trd, 4318558.793, 85
Trd, 4318559.893, 127
Trd, 4318560.843, 104
Trd, 4318560.893, 129
Trd, 4318562.043, 100
Trd, 4318562.143, 83
Trd, 4318562.593, 84
Trd, 4318563.993, 92
Trd, 4318564.993, 123
Trd, 4318565.743, 139
Trd, 4318566.593, 108
Trd, 4318567.043, 105
Trd, 4318567.193, 98
Trd, 4318567.743, 93
Trd, 4318568.293, 128
Trd, 4318569.793, 124
Trd, 4318570.193, 85
Trd, 4318571.493, 88
Trd, 4318572.293, 106
Trd, 4318574.193, 104
Trd, 4318574.393, 90
Trd, 4318574.793, 127
Trd, 4318575.343, 92
Trd, 4318576.493, 106
Trd, 4318576.793, 77
Trd, 4318577.643, 70
Trd, 4318578.693, 92
Trd, 4318579.393, 103
Trd, 4318580.193, 139
Trd, 4318581.293, 100
Trd, 4318581.393, 87
Trd, 4318582.093, 87
Trd, 4318582.893, 123
Trd, 4318583.593, 109
Trd, 4318584.843, 134
Trd, 4318585.443, 117
Trd, 4318586.193, 135
Trd, 4318586.243, 99
Trd, 4318587.843, 101
Trd, 4318588.943, 137
Trd, 4318589.193, 134
Trd, 4318589.893, 105
Trd, 4318590.943, 84
Trd, 4318591.343, 126
Trd, 4318591.393, 105
Trd, 4318591.443, 74
Trd, 4318592.543, 68
Trd, 4318593.293, 88
Trd, 4318593.443, 131
Trd, 4318594.893, 140
Trd, 4318595.643, 140
Trd, 4318595.993, 112
Trd, 4318596.243, 95
Trd, 4318596.893, 123
Trd, 4318597.743, 107
Trd, 4318598.193, 139
Trd, 4318599.243, 100
Trd, 4318599.293, 130
Trd, 4318600.393, 134
Trd, 4318601.643, 102
Trd, 4318602.293, 74
Trd, 4318603.043, 87
Trd, 4318603.643, 129
Trd, 4318604.093, 114
Trd, 4318604.743, 92
Trd, 4318604.993, 103
Trd, 4318605.243, 119
Trd, 4318605.393, 86
Trd, 4318605.643, 81
Trd, 4318606.543, 71
Trd, 4318607.893, 133
Trd, 4318609.243, 96
Trd, 4318609.893, 91
Trd, 4318610.743, 102
Trd, 4318611.443, 91
Trd, 4318612.493, 106
Trd, 4318613.893, 97
Trd, 4318614.443, 94
Trd, 4318614.593, 131
Trd, 4318616.143, 80
Trd, 4318616.893, 66
Trd, 4318617.443, 88
Trd, 4318618.093, 100
Trd, 4318618.843, 99
Trd, 4318619.243, 60
Trd, 4318620.393, 63
Trd, 4318620.443, 103
Trd, 4318620.743, 74
Trd, 4318621.493, 62
Trd, 4318622.293, 77
Trd, 4318623.593, 139
Trd, 4318625.393, 101
Trd, 4318625.843, 108
Trd, 4318626.343, 107
Trd, 4318626.543, 97
Trd, 4318628.093, 138
Trd, 4318628.543, 120
Trd, 4318628.593, 102
Trd, 4318631.193, 138
Trd, 4318631.343, 135
Trd, 4318631.793, 114
Trd, 4318632.393, 133
Trd, 4318633.893, 105
Trd, 4318634.193, 98
Trd, 4318634.243, 90
Trd, 4318634.843, 82
Trd, 4318636.143, 90
Trd, 4318637.643, 103
Trd, 4318637.693, 125
Trd, 4318638.343, 96
Trd, 4318639.643, 136
Trd, 4318639.793, 117
Trd, 4318640.293, 115
Trd, 4318640.393, 120
Trd, 4318641.093, 110
Trd, 4318643.193, 69
Trd, 4318643.743, 64
Trd, 4318644.493, 76
Trd, 4318646.293, 77
Trd, 4318646.543, 72
Trd, 4318646.593, 71
Trd, 4318647.793, 140
Trd, 4318649.043, 114
Trd, 4318649.443, 75
Trd, 4318650.143, 140
Trd, 4318652.093, 122
Trd, 4318652.643, 139
Trd, 4318652.993, 118
Trd, 4318653.493, 122
Trd, 4318654.193, 100
Trd, 4318654.543, 83
Trd, 4318654.893, 66
Trd, 4318656.493, 139
Trd, 4318658.143, 138
Trd, 4318658.293, 111
Trd, 4318658.943, 125
Trd, 4318659.093, 96
Trd, 4318659.593, 101
Trd, 4318660.143, 140
Trd, 4318661.043, 139
Trd, 4318661.193, 122
Trd, 4318661.943, 133
Trd, 4318662.843, 126
Trd, 4318664.393, 122
Trd, 4318665.793, 140
Trd, 4318666.993, 137
Trd, 4318667.143, 124
Trd, 4318667.443, 112
Trd, 4318668.043, 140
Trd, 4318669.393, 91
Trd, 4318671.193, 120
Trd, 4318671.293, 103
Trd, 4318671.793, 126
Trd, 4318672.093, 99
Trd, 4318672.143, 136
Trd, 4318674.343, 138
Trd, 4318674.893, 106
Trd, 4318675.443, 94
Trd, 4318676.143, 98
Trd, 4318677.543, 140
Trd, 4318678.343, 112
Trd, 4318678.843, 124
Trd, 4318679.343, 96
Trd, 4318680.493, 140
Trd, 4318680.543, 128
Trd, 4318682.593, 139
Trd, 4318682.993, 129
Trd, 4318683.143, 106
Trd, 4318684.393, 90
Trd, 4318685.343, 105
Trd, 4318686.693, 135
Trd, 4318688.093, 139
Trd, 4318688.493, 134
Trd, 4318689.343, 139
Trd, 4318689.443, 135
Trd, 4318690.343, 140
Trd, 4318690.393, 124
Trd, 4318691.043, 95
Trd, 4318691.293, 104
Trd, 4318692.193, 95
Trd, 4318692.693, 76
Trd, 4318694.093, 109
Trd, 4318695.143, 140
Trd, 4318697.193, 96
Trd, 4318697.493, 102
Trd, 4318697.893, 88
Trd, 4318698.243, 98
Trd, 4318698.293, 75
Trd, 4318700.093, 76
Trd, 4318700.893, 62
Trd, 4318701.193, 102
Trd, 4318703.843, 91
Trd, 4318704.393, 108
Trd, 4318704.793, 96
Trd, 4318704.943, 75
Trd, 4318705.693, 123
Trd, 4318706.593, 102
Trd, 4318706.843, 93
Trd, 4318707.493, 60
Trd, 4318708.043, 88
Trd, 4318709.443, 116
Trd, 4318709.493, 122
Trd, 4318709.893, 111
Trd, 4318710.693, 123
Trd, 4318711.543, 138
Trd, 4318712.393, 119
Trd, 4318712.843, 139
Trd, 4318714.043, 99
Trd, 4318714.593, 82
Trd, 4318716.443, 101
Trd, 4318716.743, 140
Trd, 4318719.193, 91
Trd, 4318719.893, 75
Trd, 4318720.693, 92
Trd, 4318721.693, 106
Trd, 4318721.793, 106
Trd, 4318722.193, 78
Trd, 4318722.793, 66
Trd, 4318722.993, 68
Trd, 4318723.343, 130
Trd, 4318726.493, 76
Trd, 4318726.693, 96
Trd, 4318727.643, 139
Trd, 4318727.793, 125
Trd, 4318728.443, 97
Trd, 4318731.293, 140
Trd, 4318731.593, 138
Trd, 4318733.293, 139
Trd, 4318733.743, 115
Trd, 4318733.893, 114
Trd, 4318735.093, 140
Trd, 4318735.343, 125
Trd, 4318736.343, 123
Trd, 4318736.393, 123
Trd, 4318736.493, 103
Trd, 4318738.093, 82
Trd, 4318738.343, 93
Trd, 4318738.993, 140
Trd, 4318739.643, 140
Trd, 4318739.943, 111
Trd, 4318740.043, 109
Trd, 4318740.893, 137
Trd, 4318741.893, 111
Trd, 4318744.043, 99
Trd, 4318745.843, 111
Trd, 4318746.693, 92
Trd, 4318746.743, 112
Trd, 4318747.143, 92
Trd, 4318747.593, 105
Trd, 4318748.243, 108
Trd, 4318748.393, 90
Trd, 4318749.043, 87
Trd, 4318749.593, 114
Trd, 4318749.793, 88
Trd, 4318751.293, 140
Trd, 4318752.593, 116
Trd, 4318752.743, 112
Trd, 4318753.793, 77
Trd, 4318755.393, 140
Trd, 4318755.643, 112
Trd, 4318756.043, 101
Trd, 4318756.643, 96
Trd, 4318757.093, 94
Trd, 4318758.843, 103
Trd, 4318759.893, 114
Trd, 4318760.493, 100
Trd, 4318760.693, 89
Trd, 4318761.493, 86
Trd, 4318762.093, 93
Trd, 4318762.793, 120
Trd, 4318762.943, 121
Trd, 4318763.493, 117
Trd, 4318763.893, 116
Trd, 4318764.893, 140
Trd, 4318765.693, 100
Trd, 4318766.693, 91
Trd, 4318767.393, 138
Trd, 4318767.643, 109
Trd, 4318768.843, 86
Trd, 4318769.843, 67
Trd, 4318771.143, 77
Trd, 4318771.343, 91
Trd, 4318771.643, 61
Trd, 4318772.643, 137
Trd, 4318773.193, 114
Trd, 4318773.243, 88
Trd, 4318774.843, 98
Trd, 4318776.293, 84
Trd, 4318776.543, 115
Trd, 4318776.743, 95
Trd, 4318777.993, 105
Trd, 4318778.043, 105
Trd, 4318778.793, 94
Trd, 4318778.993, 76
Trd, 4318781.043, 124
Trd, 4318781.893, 95
Trd, 4318782.243, 140
Trd, 4318783.043, 125
Trd, 4318783.343, 110
Trd, 4318783.943, 111
Trd, 4318785.393, 115
Trd, 4318785.493, 103
Trd, 4318786.893, 139
Trd, 4318787.143, 137
Trd, 4318789.293, 103
Trd, 4318790.193, 140
Trd, 4318790.243, 90
Trd, 4318790.393, 117
Trd, 4318791.993, 140
Trd, 4318792.643, 106
Trd, 4318793.293, 132
Trd, 4318793.543, 99
Trd, 4318794.443, 105
Trd, 4318794.693, 107
Trd, 4318795.243, 137
Trd, 4318795.593, 95
Trd, 4318796.893, 124
Trd, 4318797.643, 118
Trd, 4318797.943, 90
Trd, 4318798.393, 123
Trd, 4318799.493, 79
Trd, 4318802.493, 136
Trd, 4318802.693, 123
Trd, 4318803.543, 140
Trd, 4318803.643, 102
Trd, 4318803.693, 84
Trd, 4318804.993, 110
Trd, 4318805.343, 97
Trd, 4318805.593, 63
Trd, 4318806.493, 117
Trd, 4318806.943, 61
Trd, 4318808.143, 60
Trd, 4318809.043, 79
Trd, 4318809.643, 91
Trd, 4318809.793, 80
Trd, 4318810.393, 140
Trd, 4318810.893, 87
Trd, 4318812.843, 102
Trd, 4318813.693, 137
Trd, 4318814.493, 89
Trd, 4318814.743, 103
Trd, 4318815.043, 105
Trd, 4318815.743, 81
Trd, 4318815.843, 80
Trd, 4318817.443, 90
Trd, 4318817.543, 94
Trd, 4318818.043, 88
Trd, 4318818.793, 139
Trd, 4318819.793, 83
Trd, 4318819.993, 93
Trd, 4318821.893, 139
Trd, 4318822.043, 120
Trd, 4318823.043, 138
Trd, 4318823.343, 115
Trd, 4318823.693, 128
Trd, 4318824.793, 137
Trd, 4318824.893, 121
Trd, 4318825.943, 128
Trd, 4318826.143, 140
Trd, 4318826.393, 84
Trd, 4318827.343, 66
Trd, 4318828.893, 133
Trd, 4318829.093, 126
Trd, 4318830.343, 81
Trd, 4318830.593, 74
Trd, 4318831.793, 89
Trd, 4318833.843, 140
Trd, 4318833.893, 102
Trd, 4318834.693, 114
Trd, 4318836.043, 102
Trd, 4318837.343, 128
Trd, 4318837.543, 101
Trd, 4318838.493, 91
Trd, 4318839.043, 111
Trd, 4318839.243, 130
Trd, 4318840.993, 140
Trd, 4318841.093, 121
Trd, 4318841.293, 94
Trd, 4318842.293, 133
Trd, 4318843.193, 137
Trd, 4318843.243, 131
Trd, 4318844.243, 101
Trd, 4318844.593, 110
Trd, 4318845.893, 99
Trd, 4318846.843, 99
Trd, 4318847.393, 107
Trd, 4318848.843, 91
Trd, 4318849.243, 96
Trd, 4318849.443, 87
Trd, 4318850.393, 86
Trd, 4318851.643, 105
Trd, 4318852.793, 132
Trd, 4318852.943, 126
Trd, 4318853.393, 140
Trd, 4318853.593, 134
Trd, 4318854.943, 96
Trd, 4318856.543, 109
Trd, 4318856.943, 112
Trd, 4318857.293, 140
Trd, 4318858.843, 90
Trd, 4318859.593, 76
Trd, 4318859.843, 125
Trd, 4318861.543, 140
Trd, 4318862.093, 117
Trd, 4318862.493, 124
Trd, 4318862.993, 100
Trd, 4318864.593, 114
Trd, 4318865.093, 128
Trd, 4318865.293, 105
Trd, 4318866.893, 109
Trd, 4318867.893, 140
Trd, 4318868.643, 139
Trd, 4318869.843, 140
Trd, 4318869.993, 114
Trd, 4318870.243, 114
Trd, 4318871.343, 110
Trd, 4318871.743, 137
Trd, 4318872.693, 139
Trd, 4318873.743, 83
Trd, 4318874.093, 139
Trd, 4318874.793, 140
Trd, 4318875.243, 121
Trd, 4318875.393, 99
Trd, 4318876.193, 139
Trd, 4318878.493, 113
Trd, 4318878.593, 112
Trd, 4318879.693, 121
Trd, 4318880.293, 127
Trd, 4318881.243, 88
Trd, 4318881.343, 88
Trd, 4318882.693, 122
Trd, 4318883.043, 116
Trd, 4318883.443, 90
Trd, 4318883.593, 126
Trd, 4318885.293, 84
Trd, 4318887.393, 130
Trd, 4318887.693, 139
Trd, 4318887.793, 109
Trd, 4318888.343, 96
Trd, 4318888.543, 107
Trd, 4318889.493, 75
Trd, 4318891.493, 127
Trd, 4318892.443, 115
Trd, 4318892.643, 106
Trd, 4318893.243, 117
Trd, 4318893.393, 116
Trd, 4318894.543, 87
Trd, 4318894.693, 140
Trd, 4318895.393, 139
Trd, 4318896.743, 129
Trd, 4318897.143, 97
Trd, 4318898.193, 90
Trd, 4318899.693, 89
Trd, 4318900.993, 117
Trd, 4318902.643, 138
Trd, 4318902.843, 114
Trd, 4318902.893, 77
Trd, 4318903.393, 108
Trd, 4318903.693, 97
Trd, 4318903.893, 68
Trd, 4318904.493, 140
Trd, 4318904.993, 139
Trd, 4318906.393, 103
Trd, 4318907.493, 79
Trd, 4318907.943, 108
Trd, 4318908.743, 102
Trd, 4318909.493, 116
Trd, 4318909.543, 105
Trd, 4318910.193, 140
Trd, 4318911.643, 127
Trd, 4318912.843, 140
Trd, 4318913.043, 89
Trd, 4318914.243, 97
Trd, 4318914.393, 84
Trd, 4318914.893, 109
Trd, 4318915.993, 140
Trd, 4318916.543, 134
Trd, 4318916.793, 122
Trd, 4318917.743, 102
Trd, 4318918.293, 98
Trd, 4318920.143, 121
Trd, 4318920.443, 106
Trd, 4318920.993, 102
Trd, 4318922.443, 140
Trd, 4318923.493, 137
Trd, 4318923.743, 101
Trd, 4318924.143, 101
Trd, 4318924.493, 80
Trd, 4318925.593, 82
Trd, 4318927.543, 134
Trd, 4318928.393, 123
Trd, 4318928.493, 114
Trd, 4318929.343, 98
Trd, 4318929.493, 87
Trd, 4318929.693, 138
Trd, 4318930.093, 81
Trd, 4318930.693, 140
Trd, 4318932.393, 119
Trd, 4318933.543, 114
Trd, 4318934.193, 127
Trd, 4318934.893, 122
Trd, 4318936.543, 86
Trd, 4318936.643, 95
Trd, 4318936.793, 120
Trd, 4318938.193, 71
Trd, 4318938.443, 65
Trd, 4318938.493, 134
Trd, 4318940.243, 114
Trd, 4318940.293, 107
Trd, 4318940.843, 94
Trd, 4318941.193, 137
Trd, 4318941.743, 115
Trd, 4318944.443, 104
Trd, 4318944.743, 82
Trd, 4318945.093, 80
Trd, 4318945.743, 100
Trd, 4318947.243, 140
Trd, 4318947.793, 139
Trd, 4318948.993, 127
Trd, 4318949.143, 119
Trd, 4318949.743, 109
Trd, 4318949.943, 90
Trd, 4318951.293, 63
Trd, 4318952.343, 85
Trd, 4318953.143, 95
Trd, 4318953.443, 126
Trd, 4318953.993, 106
Trd, 4318954.593, 140
Trd, 4318955.293, 105
Trd, 4318955.743, 133
Trd, 4318955.843, 100
Trd, 4318957.243, 140
Trd, 4318957.993, 139
Trd, 4318958.443, 139
Trd, 4318961.743, 140
Trd, 4318961.943, 140
Trd, 4318962.193, 139
Trd, 4318962.693, 122
Trd, 4318963.843, 103
Trd, 4318964.243, 83
Trd, 4318965.743, 96
Trd, 4318966.493, 124
Trd, 4318967.993, 138
Trd, 4318968.143, 118
Trd, 4318969.093, 109
Trd, 4318969.293, 120
Trd, 4318969.493, 107
Trd, 4318971.193, 86
Trd, 4318971.543, 115
Trd, 4318972.993, 115
Trd, 4318974.943, 139
Trd, 4318975.543, 129
Trd, 4318975.843, 105
Trd, 4318975.943, 130
Trd, 4318976.293, 106
Trd, 4318976.493, 99
Trd, 4318977.693, 92
Trd, 4318978.743, 121
Trd, 4318978.843, 109
Trd, 4318979.593, 140
Trd, 4318981.793, 116
Trd, 4318981.893, 126
Trd, 4318982.143, 100
Trd, 4318982.543, 88
Trd, 4318982.693, 87
Trd, 4318984.043, 60
Trd, 4318984.793, 99
Trd, 4318986.693, 111
Trd, 4318986.843, 98
Trd, 4318986.943, 86
Trd, 4318988.443, 84
Trd, 4318989.143, 75
Trd, 4318989.943, 81
Trd, 4318991.043, 140
Trd, 4318991.493, 124
Trd, 4318993.193, 121
Trd, 4318993.643, 122
Trd, 4318996.043, 100
Trd, 4318996.443, 99
Trd, 4318996.793, 120
Trd, 4318996.993, 68
Trd, 4318997.643, 95
Trd, 4318998.193, 138
Trd, 4318998.493, 124
Trd, 4318999.293, 138
Trd, 4319001.093, 115
Trd, 4319002.193, 114
Trd, 4319002.693, 114
Trd, 4319002.893, 105
Trd, 4319003.143, 87
Trd, 4319003.393, 114
Trd, 4319004.793, 140
Trd, 4319004.893, 140
Trd, 4319006.843, 96
Trd, 4319007.443, 92
Trd, 4319007.843, 98
Trd, 4319008.293, 80
Trd, 4319008.943, 106
Trd, 4319009.343, 125
Trd, 4319009.693, 134
Trd, 4319010.143, 85
Trd, 4319011.293, 81
Trd, 4319012.243, 92
Trd, 4319014.593, 88
Trd, 4319014.843, 86
Trd, 4319014.893, 88
Trd, 4319015.093, 74
Trd, 4319016.193, 79
Trd, 4319016.393, 76
Trd, 4319016.793, 109
Trd, 4319017.093, 140
Trd, 4319017.993, 108
Trd, 4319018.093, 84
Trd, 4319018.493, 137
Trd, 4319018.943, 118
Trd, 4319019.293, 140
Trd, 4319019.843, 97
Trd, 4319021.393, 118
Trd, 4319021.743, 106
Trd, 4319022.293, 139
Trd, 4319022.393, 96
Trd, 4319022.593, 112
Trd, 4319022.693, 80
Trd, 4319024.593, 102
Trd, 4319025.643, 63
Trd, 4319025.843, 118
Trd, 4319027.193, 79
Trd, 4319028.943, 79
Trd, 4319029.543, 80
Trd, 4319029.593, 100
Trd, 4319030.143, 69
Trd, 4319031.043, 140
Trd, 4319031.193, 130
Trd, 4319031.993, 138
Trd, 4319034.593, 139
Trd, 4319034.793, 126
Trd, 4319036.043, 107
Trd, 4319036.143, 106
Trd, 4319037.043, 84
Trd, 4319037.343, 83
Trd, 4319038.343, 82
Trd, 4319038.493, 127
Trd, 4319038.643, 97
Trd, 4319040.443, 80
Trd, 4319041.243, 75
Trd, 4319042.693, 128
Trd, 4319043.643, 129
Trd, 4319043.693, 107
Trd, 4319044.943, 77
Trd, 4319045.743, 113
Trd, 4319046.593, 98
Trd, 4319046.843, 113
Trd, 4319047.493, 90
Trd, 4319048.243, 95
Trd, 4319048.743, 88
Trd, 4319049.393, 136
Trd, 4319050.993, 123
Trd, 4319052.343, 115
Trd, 4319053.443, 140
Trd, 4319053.843, 122
Trd, 4319054.843, 129
Trd, 4319055.093, 93
Trd, 4319056.343, 137
Trd, 4319056.693, 93
Trd, 4319056.893, 105
Trd, 4319057.343, 140
Trd, 4319058.343, 122
Trd, 4319060.343, 87
Trd, 4319061.243, 109
Trd, 4319061.743, 121
Trd, 4319062.343, 118
Trd, 4319062.793, 139
Trd, 4319062.893, 97
Trd, 4319064.443, 140
Trd, 4319064.943, 138
Trd, 4319065.093, 114
Trd, 4319065.743, 116
Trd, 4319066.093, 118
Trd, 4319066.893, 112
Trd, 4319068.543, 140
Trd, 4319069.993, 99
Trd, 4319070.593, 94
Trd, 4319071.043, 73
Trd, 4319071.193, 76
Trd, 4319072.093, 102
Trd, 4319073.043, 139
Trd, 4319074.993, 126
Trd, 4319075.743, 140
Trd, 4319077.393, 111
Trd, 4319077.643, 128
Trd, 4319078.093, 95
Trd, 4319079.243, 120
Trd, 4319079.493, 66
Trd, 4319080.293, 137
Trd, 4319083.043, 135
Trd, 4319083.993, 140
Trd, 4319084.243, 136
Trd, 4319084.643, 97
Trd, 4319084.843, 94
Trd, 4319085.143, 78
Trd, 4319086.543, 77
Trd, 4319087.593, 126
Trd, 4319087.893, 110
Trd, 4319090.893, 107
Trd, 4319091.593, 90
Trd, 4319092.743, 104
Trd, 4319092.793, 83
Trd, 4319092.943, 106
Trd, 4319093.393, 107
Trd, 4319093.543, 103
Trd, 4319093.993, 134
Trd, 4319096.093, 118
Trd, 4319096.193, 83
Trd, 4319098.143, 125
Trd, 4319098.893, 140
Trd, 4319099.693, 81
Trd, 4319100.493, 139
Trd, 4319100.943, 112
Trd, 4319102.343, 100
Trd, 4319102.593, 120
Trd, 4319104.043, 114
Trd, 4319104.143, 108
Trd, 4319106.343, 90
Trd, 4319106.543, 120
Trd, 4319107.343, 135
Trd, 4319109.393, 138
Trd, 4319109.593, 124
Trd, 4319110.093, 133
Trd, 4319110.793, 120
Trd, 4319110.893, 97
Trd, 4319111.643, 140
Trd, 4319112.093, 95
Trd, 4319113.443, 114
Trd, 4319113.993, 63
Trd, 4319114.893, 82
Trd, 4319114.943, 92
Trd, 4319116.543, 119
Trd, 4319116.593, 122
Trd, 4319118.993, 98
Trd, 4319120.443, 74
Trd, 4319120.593, 91
Trd, 4319120.643, 139
Trd, 4319121.593, 63
Trd, 4319123.343, 139
Trd, 4319123.993, 126
Trd, 4319124.843, 114
Trd, 4319125.143, 126
Trd, 4319126.343, 71
Trd, 4319128.643, 64
Trd, 4319129.693, 105
Trd, 4319129.893, 65
Trd, 4319132.243, 66
Trd, 4319132.543, 90
Trd, 4319133.543, 138
Trd, 4319134.043, 102
Trd, 4319134.293, 97
Trd, 4319134.943, 120
Trd, 4319136.093, 78
Trd, 4319136.293, 95
Trd, 4319137.493, 112
Trd, 4319138.393, 93
Trd, 4319138.843, 97
Trd, 4319139.443, 117
Trd, 4319139.893, 121
Trd, 4319140.143, 108
Trd, 4319140.593, 105
Trd, 4319141.593, 61
Trd, 4319142.393, 91
Trd, 4319142.493, 87
Trd, 4319142.893, 106
Trd, 4319143.393, 107
Trd, 4319144.043, 105
Trd, 4319146.743, 136
Trd, 4319146.893, 126
Trd, 4319148.293, 108
Trd, 4319148.693, 100
Trd, 4319148.843, 87
Trd, 4319148.943, 129
Trd, 4319149.593, 60
Trd, 4319150.593, 140
Trd, 4319151.993, 131
Trd, 4319153.193, 140
Trd, 4319153.243, 101
Trd, 4319154.393, 120
Trd, 4319154.693, 101
Trd, 4319156.243, 94
Trd, 4319157.993, 106
Trd, 4319158.093, 135
Trd, 4319158.143, 97
Trd, 4319159.443, 104
Trd, 4319159.793, 100
Trd, 4319160.143, 117
Trd, 4319160.543, 94
Trd, 4319161.493, 84
Trd, 4319162.193, 79
Trd, 4319162.893, 80
Trd, 4319163.993, 139
Trd, 4319164.693, 117
Trd, 4319165.393, 140
Trd, 4319167.793, 123
Trd, 4319167.943, 118
Trd, 4319168.343, 100
Trd, 4319169.293, 139
Trd, 4319171.293, 138
Trd, 4319172.743, 138
Trd, 4319173.843, 126
Trd, 4319173.893, 122
Trd, 4319174.193, 127
Trd, 4319174.743, 129
Trd, 4319175.343, 138
Trd, 4319177.743, 116
Trd, 4319177.943, 96
Trd, 4319178.943, 140
Trd, 4319179.893, 109
Trd, 4319180.593, 139
Trd, 4319181.643, 104
Trd, 4319182.043, 101
Trd, 4319182.343, 93
Trd, 4319182.593, 95
Trd, 4319183.143, 105
Trd, 4319183.293, 99
Trd, 4319185.043, 139
Trd, 4319185.693, 92
Trd, 4319185.893, 81
Trd, 4319187.193, 86
Trd, 4319189.593, 138
Trd, 4319189.843, 110
Trd, 4319190.443, 139
Trd, 4319191.093, 101
Trd, 4319192.243, 140
Trd, 4319192.993, 98
Trd, 4319194.093, 102
Trd, 4319194.893, 114
Trd, 4319196.493, 99
Trd, 4319197.343, 123
Trd, 4319198.243, 101
Trd, 4319198.743, 97
Trd, 4319199.293, 96
Trd, 4319199.493, 91
Trd, 4319199.843, 132
Trd, 4319200.393, 107
Trd, 4319201.843, 138
Trd, 4319202.293, 86
Trd, 4319202.993, 140
Trd, 4319203.843, 139
Trd, 4319204.643, 116
Trd, 4319204.693, 113
Trd, 4319206.043, 105
Trd, 4319206.643, 125
Trd, 4319207.293, 94
Trd, 4319209.043, 140
Trd, 4319209.543, 134
Trd, 4319209.843, 118
Trd, 4319210.893, 85
Trd, 4319211.993, 110
Trd, 4319212.293, 106
Trd, 4319212.493, 90
Trd, 4319212.693, 93
Trd, 4319214.993, 140
Trd, 4319215.943, 125
Trd, 4319216.193, 131
Trd, 4319217.243, 109
Trd, 4319217.743, 139
Trd, 4319218.393, 123
Trd, 4319219.343, 115
Trd, 4319219.743, 102
Trd, 4319220.143, 135
Trd, 4319220.743, 116
Trd, 4319221.393, 83
Trd, 4319222.593, 71
Trd, 4319223.493, 135
Trd, 4319226.893, 138
Trd, 4319227.243, 124
Trd, 4319227.693, 136
Trd, 4319228.443, 134
Trd, 4319229.143, 139
Trd, 4319230.893, 129
Trd, 4319232.993, 113
Trd, 4319233.193, 95
Trd, 4319233.943, 100
Trd, 4319234.293, 117
Trd, 4319235.293, 139
Trd, 4319235.443, 79
Trd, 4319235.743, 68
Trd, 4319237.393, 60
Trd, 4319239.093, 80
Trd, 4319239.143, 76
Trd, 4319240.393, 140
Trd, 4319241.543, 135
Trd, 4319241.693, 132
Trd, 4319242.493, 140
Trd, 4319242.893, 139
Trd, 4319243.643, 132
Trd, 4319243.993, 103
Trd, 4319244.143, 100
Trd, 4319244.543, 103
Trd, 4319245.643, 96
Trd, 4319245.743, 118
Trd, 4319247.593, 139
Trd, 4319248.143, 92
Trd, 4319248.293, 68
Trd, 4319248.793, 104
Trd, 4319249.143, 68
Trd, 4319249.943, 139
Trd, 4319251.743, 79
Trd, 4319252.043, 88
Trd, 4319252.593, 117
Trd, 4319252.693, 103
Trd, 4319253.493, 96
Trd, 4319254.143, 117
Trd, 4319255.343, 126
Trd, 4319256.193, 117
Trd, 4319257.043, 138
Trd, 4319257.243, 98
Trd, 4319257.743, 90
Trd, 4319259.493, 137
Trd, 4319260.293, 121
Trd, 4319261.593, 139
Trd, 4319261.993, 118
Trd, 4319262.093, 98
Trd, 4319263.493, 122
Trd, 4319264.143, 103
Trd, 4319264.543, 114
Trd, 4319265.243, 98
Trd, 4319265.543, 90
Trd, 4319265.843, 60
Trd, 4319266.043, 69
Trd, 4319266.793, 96
Trd, 4319266.993, 140
Trd, 4319267.643, 82
Trd, 4319269.443, 138
Trd, 4319270.843, 131
Trd, 4319271.193, 123
Trd, 4319271.843, 117
Trd, 4319271.893, 94
Trd, 4319272.093, 91
Trd, 4319273.243, 140
Trd, 4319274.093, 103
Trd, 4319274.293, 96
Trd, 4319276.093, 107
Trd, 4319276.143, 139
Trd, 4319276.243, 95
Trd, 4319278.293, 130
Trd, 4319279.093, 87
Trd, 4319280.493, 78
Trd, 4319280.943, 73
Trd, 4319281.043, 63
Trd, 4319281.593, 63
Trd, 4319282.043, 81
Trd, 4319282.243, 63
Trd, 4319283.093, 81
Trd, 4319283.343, 78
Trd, 4319285.093, 140
Trd, 4319286.743, 129
Trd, 4319287.443, 91
Trd, 4319287.893, 110
Trd, 4319288.693, 124
Trd, 4319289.743, 91
Trd, 4319290.393, 109
Trd, 4319291.943, 82
Trd, 4319292.593, 114
Trd, 4319293.093, 139
Trd, 4319294.143, 108
Trd, 4319295.543, 107
Trd, 4319296.043, 89
Trd, 4319296.343, 91
Trd, 4319297.543, 116
Trd, 4319297.743, 64
Trd, 4319298.293, 79
Trd, 4319298.543, 60
Trd, 4319300.893, 68
Trd, 4319301.093, 79
Trd, 4319301.943, 66
Trd, 4319302.443, 109
Trd, 4319302.743, 87
Trd, 4319303.343, 71
Trd, 4319305.293, 130
Trd, 4319305.543, 110
Trd, 4319306.743, 140
Trd, 4319307.093, 115
Trd, 4319308.843, 104
Trd, 4319309.443, 135
Trd, 4319310.343, 139
Trd, 4319311.593, 140
Trd, 4319313.343, 101
Trd, 4319313.443, 99
Trd, 4319313.843, 140
Trd, 4319314.843, 114
Trd, 4319315.543, 111
Trd, 4319315.743, 96
Trd, 4319316.593, 86
Trd, 4319318.343, 117
Trd, 4319318.543, 106
Trd, 4319319.993, 140
Trd, 4319321.743, 139
Trd, 4319322.543, 128
Trd, 4319323.893, 117
Trd, 4319324.043, 90
Trd, 4319324.793, 137
Trd, 4319324.943, 111
Trd, 4319326.393, 112
Trd, 4319326.593, 103
Trd, 4319327.393, 140
Trd, 4319327.493, 138
Trd, 4319327.943, 94
Trd, 4319328.393, 114
Trd, 4319328.643, 105
Trd, 4319330.243, 86
Trd, 4319331.443, 99
Trd, 4319332.493, 118
Trd, 4319332.643, 140
Trd, 4319333.793, 139
Trd, 4319335.543, 139
Trd, 4319337.743, 125
Trd, 4319337.793, 102
Trd, 4319338.293, 90
Trd, 4319338.893, 103
Trd, 4319338.943, 84
Trd, 4319339.943, 75
Trd, 4319340.243, 105
Trd, 4319340.743, 138
Trd, 4319341.693, 114
Trd, 4319342.543, 133
Trd, 4319342.593, 95
Trd, 4319343.343, 82
Trd, 4319343.443, 138
Trd, 4319344.193, 86
Trd, 4319345.093, 62
Trd, 4319345.993, 107
Trd, 4319346.743, 139
Trd, 4319347.493, 121
Trd, 4319348.343, 97
Trd, 4319349.243, 95
Trd, 4319349.343, 85
Trd, 4319349.843, 69
Trd, 4319351.343, 107
Trd, 4319352.743, 137
Trd, 4319352.993, 131
Trd, 4319354.693, 140
Trd, 4319354.743, 134
Trd, 4319355.393, 102
Trd, 4319357.293, 139
Trd, 4319357.993, 132
Trd, 4319359.243, 105
Trd, 4319359.643, 104
Trd, 4319360.593, 101
Trd, 4319361.293, 100
Trd, 4319361.643, 115
Trd, 4319362.893, 140
Trd, 4319362.993, 139
Trd, 4319363.193, 128
Trd, 4319363.243, 121
Trd, 4319364.243, 91
Trd, 4319365.443, 110
Trd, 4319365.643, 140
Trd, 4319367.843, 124
Trd, 4319368.293, 105
Trd, 4319368.743, 92
Trd, 4319369.243, 122
Trd, 4319370.143, 102
Trd, 4319370.893, 94
Trd, 4319372.293, 105
Trd, 4319372.593, 137
Trd, 4319372.643, 117
Trd, 4319375.493, 111
Trd, 4319375.893, 111
Trd, 4319377.143, 126
Trd, 4319377.243, 105
Trd, 4319377.343, 93
Trd, 4319377.743, 94
Trd, 4319378.593, 138
Trd, 4319379.893, 109
Trd, 4319380.743, 139
Trd, 4319381.343, 102
Trd, 4319382.093, 69
Trd, 4319382.593, 75
Trd, 4319382.743, 60
Trd, 4319383.043, 84
Trd, 4319384.493, 91
Trd, 4319385.693, 140
Trd, 4319387.393, 105
Trd, 4319388.143, 104
Trd, 4319388.993, 74
Trd, 4319389.193, 84
Trd, 4319389.593, 104
Trd, 4319390.143, 131
Trd, 4319390.643, 75
Trd, 4319390.943, 114
Trd, 4319392.243, 139
Trd, 4319393.343, 139
Trd, 4319394.593, 97
Trd, 4319394.793, 66
Trd, 4319395.093, 139
Trd, 4319396.443, 81
Trd, 4319398.543, 88
Trd, 4319398.693, 136
Trd, 4319399.393, 111
Trd, 4319399.693, 106
Trd, 4319399.743, 118
Trd, 4319400.643, 140
Trd, 4319401.793, 91
Trd, 4319402.793, 82
Trd, 4319403.843, 139
Trd, 4319405.143, 129
Trd, 4319405.893, 114
Trd, 4319408.043, 139
Trd, 4319408.343, 135
Trd, 4319409.343, 116
Trd, 4319411.243, 136
Trd, 4319411.593, 96
Trd, 4319412.193, 105
Trd, 4319412.793, 104
Trd, 4319413.393, 97
Trd, 4319413.743, 128
Trd, 4319413.893, 105
Trd, 4319415.443, 140
Trd, 4319415.593, 140
Trd, 4319416.343, 136
Trd, 4319418.093, 103
Trd, 4319418.143, 97
Trd, 4319418.843, 138
Trd, 4319418.993, 91
Trd, 4319419.393, 113
Trd, 4319419.743, 87
Trd, 4319421.193, 137
Trd, 4319421.793, 140
Trd, 4319424.043, 123
Trd, 4319424.293, 135
Trd, 4319425.593, 114
Trd, 4319426.293, 110
Trd, 4319426.393, 78
Trd, 4319426.893, 140
Trd, 4319427.693, 80
Trd, 4319430.743, 140
Trd, 4319430.843, 111
Trd, 4319430.993, 102
Trd, 4319431.343, 85
Trd, 4319432.043, 139
Trd, 4319432.243, 118
Trd, 4319432.843, 124
Trd, 4319434.493, 95
Trd, 4319434.643, 92
Trd, 4319435.243, 140
Trd, 4319436.393, 97
Trd, 4319436.693, 107
Trd, 4319438.593, 108
Trd, 4319439.893, 115
Trd, 4319440.093, 116
Trd, 4319440.143, 112
Trd, 4319441.093, 114
Trd, 4319441.593, 62
Trd, 4319442.393, 80
Trd, 4319443.093, 94
Trd, 4319443.993, 92
Trd, 4319444.243, 119
Trd, 4319445.243, 102
Trd, 4319446.443, 77
Trd, 4319446.643, 105
Trd, 4319447.393, 140
Trd, 4319448.543, 110
Trd, 4319449.993, 131
Trd, 4319450.293, 140
Trd, 4319450.793, 105
Trd, 4319450.893, 85
Trd, 4319451.193, 74
Trd, 4319452.393, 101
Trd, 4319453.643, 64
Trd, 4319454.643, 95
Trd, 4319454.843, 94
Trd, 4319455.043, 82
Trd, 4319455.243, 139
Trd, 4319456.093, 104
Trd, 4319457.443, 108
Trd, 4319457.693, 108
Trd, 4319457.993, 80
Trd, 4319459.043, 140
Trd, 4319459.093, 98
Trd, 4319459.543, 93
Trd, 4319460.993, 68
Trd, 4319462.093, 140
Trd, 4319463.793, 103
Trd, 4319464.293, 95
Trd, 4319465.243, 118
Trd, 4319465.393, 127
Trd, 4319466.043, 137
Trd, 4319466.193, 128
Trd, 4319466.293, 127
Trd, 4319467.243, 114
Trd, 4319469.143, 105
Trd, 4319469.293, 101
Trd, 4319469.343, 127
Trd, 4319469.393, 90
Trd, 4319471.193, 114
Trd, 4319471.493, 90
Trd, 4319472.393, 140
Trd, 4319473.593, 116
Trd, 4319474.493, 95
Trd, 4319475.543, 137
Trd, 4319475.693, 103
Trd, 4319477.593, 140
Trd, 4319478.543, 121
Trd, 4319478.793, 108
Trd, 4319478.843, 93
Trd, 4319480.393, 102
Trd, 4319480.843, 82
Trd, 4319481.143, 108
Trd, 4319481.493, 79
Trd, 4319482.893, 140
Trd, 4319484.043, 138
Trd, 4319484.293, 106
Trd, 4319484.793, 102
Trd, 4319485.343, 85
Trd, 4319486.343, 81
Trd, 4319486.793, 126
Trd, 4319488.293, 138
Trd, 4319488.493, 85
Trd, 4319488.943, 102
Trd, 4319490.643, 69
Trd, 4319490.893, 108
Trd, 4319492.093, 114
Trd, 4319492.243, 127
Trd, 4319493.493, 130
Trd, 4319493.843, 91
Trd, 4319494.593, 110
Trd, 4319495.193, 138
Trd, 4319495.293, 96
Trd, 4319495.443, 140
Trd, 4319497.293, 100
Trd, 4319497.793, 92
Trd, 4319498.343, 138
Trd, 4319498.443, 103
Trd, 4319499.393, 139
Trd, 4319501.243, 117
Trd, 4319501.743, 109
Trd, 4319503.243, 108
Trd, 4319503.693, 129
Trd, 4319504.593, 101
Trd, 4319505.493, 101
Trd, 4319505.743, 130
Trd, 4319506.143, 104
Trd, 4319507.393, 75
Trd, 4319507.543, 97
Trd, 4319508.443, 77
Trd, 4319509.893, 100
Trd, 4319510.193, 94
Trd, 4319510.443, 68
Trd, 4319511.593, 123
Trd, 4319512.493, 140
Trd, 4319512.593, 107
Trd, 4319514.043, 126
Trd, 4319515.293, 89
Trd, 4319515.943, 63
Trd, 4319516.593, 74
Trd, 4319517.643, 109
Trd, 4319518.593, 126
Trd, 4319519.343, 99
Trd, 4319519.393, 96
Trd, 4319519.893, 76
Trd, 4319520.943, 139
Trd, 4319521.343, 140
Trd, 4319521.843, 120
Trd, 4319521.993, 140
Trd, 4319523.543, 139
Trd, 4319524.693, 135
Trd, 4319525.643, 87
Trd, 4319527.693, 125
Trd, 4319528.843, 117
Trd, 4319528.893, 105
Trd, 4319530.143, 104
Trd, 4319530.293, 97
Trd, 4319531.143, 140
Trd, 4319532.593, 139
Trd, 4319533.343, 101
Trd, 4319534.093, 136
Trd, 4319534.893, 139
Trd, 4319535.093, 104
Trd, 4319536.843, 116
Trd, 4319537.343, 140
Trd, 4319537.743, 137
Trd, 4319537.843, 93
Trd, 4319539.293, 132
Trd, 4319539.443, 100
Trd, 4319541.393, 123
Trd, 4319541.743, 88
Trd, 4319543.693, 86
Trd, 4319544.143, 65
Trd, 4319545.193, 89
Trd, 4319545.843, 135
Trd, 4319546.143, 139
Trd, 4319546.593, 106
Trd, 4319548.393, 139
Trd, 4319549.043, 114
Trd, 4319550.543, 100
Trd, 4319551.543, 140
Trd, 4319551.893, 128
Trd, 4319551.993, 100
Trd, 4319552.393, 108
Trd, 4319552.643, 98
Trd, 4319553.543, 107
Trd, 4319553.693, 100
Trd, 4319554.343, 129
Trd, 4319554.843, 129
Trd, 4319556.043, 139
Trd, 4319556.093, 118
Trd, 4319556.993, 129
Trd, 4319557.293, 128
Trd, 4319559.343, 118
Trd, 4319559.693, 96
Trd, 4319561.093, 139
Trd, 4319561.643, 114
Trd, 4319562.443, 96
Trd, 4319562.593, 93
Trd, 4319562.743, 100
Trd, 4319563.793, 125
Trd, 4319563.843, 115
Trd, 4319565.993, 100
Trd, 4319566.143, 96
Trd, 4319566.593, 129
Trd, 4319567.443, 140
Trd, 4319568.143, 110
Trd, 4319570.293, 140
Trd, 4319570.393, 127
Trd, 4319570.443, 127
Trd, 4319570.793, 104
Trd, 4319572.843, 132
Trd, 4319574.593, 137
Trd, 4319575.093, 124
Trd, 4319575.393, 106
Trd, 4319575.443, 140
Trd, 4319575.693, 98
Trd, 4319576.293, 90
Trd, 4319576.893, 138
Trd, 4319576.943, 114
Trd, 4319577.493, 109
Trd, 4319578.893, 140
Trd, 4319579.093, 140
Trd, 4319579.743, 111
Trd, 4319580.343, 109
Trd, 4319583.893, 140
Trd, 4319584.193, 114
Trd, 4319585.493, 102
Trd, 4319586.243, 129
Trd, 4319586.943, 117
Trd, 4319587.543, 95
Trd, 4319587.593, 91
Trd, 4319588.793, 86
Trd, 4319589.393, 109
Trd, 4319591.543, 116
Trd, 4319593.193, 124
Trd, 4319593.343, 104
Trd, 4319595.393, 140
Trd, 4319595.593, 139
Trd, 4319595.643, 129
Trd, 4319595.743, 123
Trd, 4319596.093, 111
Trd, 4319596.193, 103
Trd, 4319597.843, 133
Trd, 4319598.893, 80
Trd, 4319599.443, 136
Trd, 4319599.893, 103
Trd, 4319600.043, 74
Trd, 4319601.493, 137
Trd, 4319601.543, 104
Trd, 4319601.993, 99
Trd, 4319602.943, 105
Trd, 4319603.493, 84
Trd, 4319603.693, 100
Trd, 4319603.993, 86
Trd, 4319605.193, 139
Trd, 4319605.943, 96
Trd, 4319607.743, 84
Trd, 4319607.843, 122
Trd, 4319608.643, 92
Trd, 4319610.693, 133
Trd, 4319611.693, 138
Trd, 4319611.993, 125
Trd, 4319612.543, 119
Trd, 4319612.943, 98
Trd, 4319613.193, 91
Trd, 4319614.393, 111
Trd, 4319616.543, 140
Trd, 4319616.743, 118
Trd, 4319617.293, 140
Trd, 4319617.643, 104
Trd, 4319618.193, 117
Trd, 4319618.493, 102
Trd, 4319619.243, 99
Trd, 4319620.793, 97
Trd, 4319621.943, 121
Trd, 4319622.343, 119
Trd, 4319622.493, 101
Trd, 4319623.743, 116
Trd, 4319624.093, 103
Trd, 4319624.643, 140
Trd, 4319624.993, 140
Trd, 4319626.193, 99
Trd, 4319626.693, 105
Trd, 4319627.593, 108
Trd, 4319628.593, 108
Trd, 4319629.743, 84
Trd, 4319630.593, 140
Trd, 4319631.393, 124
Trd, 4319631.743, 92
Trd, 4319632.893, 129
Trd, 4319634.443, 121
Trd, 4319634.543, 108
Trd, 4319634.593, 86
Trd, 4319637.093, 102
Trd, 4319637.243, 69
Trd, 4319638.143, 101
Trd, 4319638.393, 96
Trd, 4319638.593, 140
Trd, 4319639.693, 121
Trd, 4319639.793, 73
Trd, 4319640.093, 94
Trd, 4319640.993, 102
Trd, 4319642.893, 139
Trd, 4319643.543, 140
Trd, 4319643.943, 110
Trd, 4319645.143, 139
Trd, 4319645.693, 135
Trd, 4319646.843, 94
Trd, 4319647.943, 73
Trd, 4319648.443, 97
Trd, 4319648.593, 97
Trd, 4319649.593, 104
Trd, 4319649.843, 85
Trd, 4319650.293, 124
Trd, 4319650.893, 97
Trd, 4319651.343, 95
Trd, 4319651.893, 85
Trd, 4319653.643, 140
Trd, 4319653.843, 118
Trd, 4319654.843, 134
Trd, 4319655.743, 91
Trd, 4319656.093, 76
Trd, 4319656.243, 80
Trd, 4319656.643, 125
Trd, 4319657.493, 69
Trd, 4319658.343, 105
Trd, 4319658.543, 96
Trd, 4319659.293, 99
Trd, 4319659.743, 116
Trd, 4319661.193, 121
Trd, 4319661.993, 77
Trd, 4319662.693, 82
Trd, 4319664.093, 107
Trd, 4319664.993, 140
Trd, 4319665.143, 107
Trd, 4319666.093, 97
Trd, 4319666.393, 85
Trd, 4319666.743, 85
Trd, 4319667.643, 99
Trd, 4319670.293, 140
Trd, 4319670.343, 131
Trd, 4319670.543, 114
Trd, 4319671.993, 89
Trd, 4319672.143, 102
Trd, 4319672.243, 95
Trd, 4319673.993, 130
Trd, 4319674.243, 131
Trd, 4319675.593, 140
Trd, 4319676.043, 105
Trd, 4319676.493, 139
Trd, 4319677.243, 116
Trd, 4319677.293, 100
Trd, 4319678.993, 99
Trd, 4319679.493, 106
Trd, 4319679.993, 103
Trd, 4319682.993, 116
Trd, 4319683.193, 90
Trd, 4319683.793, 133
Trd, 4319683.993, 138
Trd, 4319684.593, 100
Trd, 4319684.693, 96
Trd, 4319685.293, 85
Trd, 4319685.743, 133
Trd, 4319687.043, 108
Trd, 4319687.343, 103
Trd, 4319688.543, 134
Trd, 4319689.293, 107
Trd, 4319689.443, 94
Trd, 4319690.293, 99
Trd, 4319691.493, 69
Trd, 4319691.743, 94
Trd, 4319693.143, 123
Trd, 4319693.243, 119
Trd, 4319694.193, 91
Trd, 4319694.843, 140
Trd, 4319695.093, 140
Trd, 4319695.943, 89
Trd, 4319696.243, 67
Trd, 4319698.193, 90
Trd, 4319698.993, 112
Trd, 4319699.593, 110
Trd, 4319699.793, 104
Trd, 4319700.443, 97
Trd, 4319701.343, 95
Trd, 4319702.243, 94
Trd, 4319704.943, 136
Trd, 4319705.043, 136
Trd, 4319705.593, 140
Trd, 4319705.693, 109
Trd, 4319706.893, 91
Trd, 4319707.693, 140
Trd, 4319707.943, 130
Trd, 4319708.343, 139
Trd, 4319708.693, 102
Trd, 4319710.243, 124
Trd, 4319710.643, 123
Trd, 4319712.543, 72
Trd, 4319712.593, 100
Trd, 4319713.193, 79
Trd, 4319713.593, 67
Trd, 4319714.393, 63
Trd, 4319715.443, 86
Trd, 4319715.693, 134
Trd, 4319716.143, 140
Trd, 4319717.693, 98
Trd, 4319719.043, 91
Trd, 4319719.743, 69
Trd, 4319721.243, 140
Trd, 4319721.493, 140
Trd, 4319721.543, 106
Trd, 4319721.643, 69
Trd, 4319723.093, 102
Trd, 4319724.193, 89
Trd, 4319724.443, 109
Trd, 4319724.993, 109
Trd, 4319726.293, 118
Trd, 4319728.193, 140
Trd, 4319728.243, 139
Trd, 4319728.793, 96
Trd, 4319729.243, 92
Trd, 4319730.093, 136
Trd, 4319733.393, 140
Trd, 4319733.693, 115
Trd, 4319733.743, 113
Trd, 4319734.643, 103
Trd, 4319734.843, 101
Trd, 4319736.043, 140
Trd, 4319738.243, 111
Trd, 4319739.243, 101
Trd, 4319739.793, 125
Trd, 4319741.043, 82
Trd, 4319742.393, 128
Trd, 4319742.443, 130
Trd, 4319742.643, 100
Trd, 4319743.343, 127
Trd, 4319744.393, 93
Trd, 4319744.993, 105
Trd, 4319746.193, 102
Trd, 4319746.493, 75
Trd, 4319746.843, 125
Trd, 4319747.543, 139
Trd, 4319747.593, 107
Trd, 4319750.393, 137
Trd, 4319750.443, 111
Trd, 4319750.493, 109
Trd, 4319752.193, 89
Trd, 4319753.443, 85
Trd, 4319754.793, 118
Trd, 4319755.243, 97
Trd, 4319756.143, 139
Trd, 4319756.343, 140
Trd, 4319756.393, 115
Trd, 4319756.743, 112
Trd, 4319756.793, 108
Trd, 4319757.493, 112
Trd, 4319759.543, 109
Trd, 4319759.643, 102
Trd, 4319760.093, 103
Trd, 4319761.143, 72
Trd, 4319762.343, 61
Trd, 4319762.593, 77
Trd, 4319763.043, 123
Trd, 4319764.493, 103
Trd, 4319765.043, 108
Trd, 4319765.143, 99
Trd, 4319765.993, 137
Trd, 4319767.343, 95
Trd, 4319767.943, 107
Trd, 4319768.893, 86
Trd, 4319769.593, 112
Trd, 4319770.943, 139
Trd, 4319770.993, 102
Trd, 4319771.893, 140
Trd, 4319774.643, 78
Trd, 4319775.043, 112
Trd, 4319775.393, 103
Trd, 4319776.643, 75
Trd, 4319776.893, 74
Trd, 4319776.993, 92
Trd, 4319777.543, 68
Trd, 4319777.793, 111
Trd, 4319778.643, 62
Trd, 4319779.293, 135
Trd, 4319779.943, 140
Trd, 4319780.843, 140
Trd, 4319783.593, 116
Trd, 4319784.243, 140
Trd, 4319784.343, 115
Trd, 4319784.393, 114
Trd, 4319784.743, 140
Trd, 4319785.493, 105
Trd, 4319785.593, 103
Trd, 4319786.293, 111
Trd, 4319787.243, 123
Trd, 4319787.393, 140
Trd, 4319788.643, 140
Trd, 4319789.893, 135
Trd, 4319790.743, 107
Trd, 4319790.793, 94
Trd, 4319791.343, 139
Trd, 4319792.443, 108
Trd, 4319793.243, 104
Trd, 4319794.893, 140
Trd, 4319794.993, 118
Trd, 4319795.893, 139
Trd, 4319796.493, 140
Trd, 4319797.493, 111
Trd, 4319799.743, 131
Trd, 4319799.993, 116
Trd, 4319800.093, 110
Trd, 4319800.543, 92
Trd, 4319800.893, 136
Trd, 4319801.093, 81
Trd, 4319801.893, 140
Trd, 4319802.243, 93
Trd, 4319802.793, 140
Trd, 4319803.443, 99
Trd, 4319805.093, 140
Trd, 4319805.293, 97
Trd, 4319806.043, 62
Trd, 4319806.443, 112
Trd, 4319806.543, 74
Trd, 4319809.093, 132
Trd, 4319810.043, 139
Trd, 4319811.793, 103
Trd, 4319811.893, 97
Trd, 4319812.093, 97
Trd, 4319812.743, 110
Trd, 4319813.293, 137
Trd, 4319814.193, 90
Trd, 4319814.243, 79
Trd, 4319815.043, 139
Trd, 4319815.643, 78
Trd, 4319815.743, 68
Trd, 4319817.443, 107
Trd, 4319819.593, 140
Trd, 4319819.993, 101
Trd, 4319820.043, 98
Trd, 4319821.143, 140
Trd, 4319821.893, 114
Trd, 4319823.143, 100
Trd, 4319823.543, 116
Trd, 4319824.243, 76
Trd, 4319824.943, 95
Trd, 4319825.793, 140
Trd, 4319826.343, 140
Trd, 4319827.593, 108
Trd, 4319827.743, 92
Trd, 4319829.743, 139
Trd, 4319831.093, 124
Trd, 4319832.093, 99
Trd, 4319832.243, 106
Trd, 4319832.343, 101
Trd, 4319833.393, 139
Trd, 4319833.493, 131
Trd, 4319833.693, 114
Trd, 4319833.743, 107
Trd, 4319834.543, 126
Trd, 4319836.093, 138
Trd, 4319836.543, 95
Trd, 4319837.093, 80
Trd, 4319837.143, 103
Trd, 4319837.293, 77
Trd, 4319837.393, 68
Trd, 4319837.793, 139
Trd, 4319838.043, 133
Trd, 4319839.993, 83
Trd, 4319841.593, 100
Trd, 4319841.643, 116
Trd, 4319841.943, 97
Trd, 4319842.093, 84
Trd, 4319842.893, 125
Trd, 4319843.793, 139
Trd, 4319844.743, 116
Trd, 4319844.843, 85
Trd, 4319845.393, 83
Trd, 4319849.343, 113
Trd, 4319849.393, 101
Trd, 4319849.893, 97
Trd, 4319850.793, 119
Trd, 4319851.843, 119
Trd, 4319852.193, 110
Trd, 4319852.643, 138
Trd, 4319853.893, 124
Trd, 4319854.843, 112
Trd, 4319855.543, 103
Trd, 4319856.243, 137
Trd, 4319856.643, 115
Trd, 4319857.293, 138
Trd, 4319857.743, 85
Trd, 4319858.543, 86
Trd, 4319860.443, 86
Trd, 4319860.943, 81
Trd, 4319861.293, 139
Trd, 4319862.593, 138
Trd, 4319863.243, 117
Trd, 4319864.893, 107
Trd, 4319865.143, 102
Trd, 4319865.293, 91
Trd, 4319865.393, 134
Trd, 4319867.193, 136
Trd, 4319867.643, 124
Trd, 4319868.093, 114
Trd, 4319868.643, 131
Trd, 4319868.693, 85
Trd, 4319869.493, 109
Trd, 4319870.193, 105
Trd, 4319870.943, 140
Trd, 4319871.543, 108
Trd, 4319873.093, 98
Trd, 4319874.543, 104
Trd, 4319875.393, 116
Trd, 4319875.593, 108
Trd, 4319875.893, 96
Trd, 4319876.343, 131
Trd, 4319879.343, 109
Trd, 4319879.743, 109
Trd, 4319880.743, 109
Trd, 4319881.293, 136
Trd, 4319882.393, 91
Trd, 4319882.443, 94
Trd, 4319883.693, 113
Trd, 4319884.043, 100
Trd, 4319884.743, 87
Trd, 4319886.693, 123
Trd, 4319886.893, 121
Trd, 4319888.043, 139
Trd, 4319888.193, 114
Trd, 4319888.643, 140
Trd, 4319889.293, 139
Trd, 4319889.493, 135
Trd, 4319890.993, 88
Trd, 4319891.143, 137
Trd, 4319893.093, 95
Trd, 4319893.543, 90
Trd, 4319895.043, 94
Trd, 4319895.693, 109
Trd, 4319896.293, 75
Trd, 4319897.793, 87
Trd, 4319897.843, 84
Trd, 4319898.293, 97
Trd, 4319898.643, 96
Trd, 4319901.143, 140
Trd, 4319902.143, 78
Trd, 4319903.043, 72
Trd, 4319903.793, 134
Trd, 4319904.243, 96
Trd, 4319904.793, 121
Trd, 4319904.943, 118
Trd, 4319905.243, 111
Trd, 4319905.643, 139
Trd, 4319905.943, 115
Trd, 4319907.243, 140
Trd, 4319908.543, 120
Trd, 4319908.793, 118
Trd, 4319909.293, 93
Trd, 4319910.643, 139
Trd, 4319911.193, 122
Trd, 4319911.243, 103
Trd, 4319911.593, 105
Trd, 4319913.143, 104
Trd, 4319913.793, 140
Trd, 4319914.093, 128
Trd, 4319915.243, 101
Trd, 4319915.743, 96
Trd, 4319916.493, 140
Trd, 4319917.243, 122
Trd, 4319917.643, 116
Trd, 4319917.843, 130
Trd, 4319918.693, 78
Trd, 4319919.293, 116
Trd, 4319920.493, 135
Trd, 4319921.143, 122
Trd, 4319921.293, 90
Trd, 4319922.593, 140
Trd, 4319922.793, 115
Trd, 4319923.643, 94
Trd, 4319924.343, 68
Trd, 4319924.643, 109
Trd, 4319924.843, 61
Trd, 4319926.193, 98
Trd, 4319927.743, 92
Trd, 4319928.593, 120
Trd, 4319928.943, 112
Trd, 4319929.143, 101
Trd, 4319929.643, 130
Trd, 4319930.393, 138
Trd, 4319931.293, 117
Trd, 4319931.343, 108
Trd, 4319931.493, 98
Trd, 4319934.043, 93
Trd, 4319935.243, 112
Trd, 4319936.293, 93
Trd, 4319936.493, 120
Trd, 4319938.143, 94
Trd, 4319939.443, 75
Trd, 4319940.593, 92
Trd, 4319941.993, 82
Trd, 4319942.243, 97
Trd, 4319942.793, 105
Trd, 4319943.993, 140
Trd, 4319944.093, 114
Trd, 4319944.843, 111
Trd, 4319946.093, 121
Trd, 4319946.893, 100
Trd, 4319947.943, 140
Trd, 4319949.793, 138
Trd, 4319949.843, 129
Trd, 4319949.893, 110
Trd, 4319951.193, 140
Trd, 4319952.393, 123
Trd, 4319953.943, 140
Trd, 4319955.043, 126
Trd, 4319955.843, 140
Trd, 4319956.543, 105
Trd, 4319957.543, 111
Trd, 4319957.993, 102
Trd, 4319958.943, 100
Trd, 4319959.443, 117
Trd, 4319960.393, 139
Trd, 4319962.043, 95
Trd, 4319962.993, 103
Trd, 4319963.343, 89
Trd, 4319963.493, 114
Trd, 4319963.943, 119
Trd, 4319964.543, 85
Trd, 4319966.093, 105
Trd, 4319966.993, 127
Trd, 4319967.443, 112
Trd, 4319968.143, 79
Trd, 4319969.993, 102
Trd, 4319970.043, 92
Trd, 4319970.243, 125
Trd, 4319970.593, 96
Trd, 4319972.093, 104
Trd, 4319972.643, 93
Trd, 4319973.143, 91
Trd, 4319974.043, 140
Trd, 4319974.293, 78
Trd, 4319975.393, 123
Trd, 4319977.343, 140
Trd, 4319977.543, 107
Trd, 4319978.143, 104
Trd, 4319979.043, 103
Trd, 4319979.393, 99
Trd, 4319980.593, 140
Trd, 4319981.493, 108
Trd, 4319981.693, 108
Trd, 4319981.943, 97
Trd, 4319983.093, 68
Trd, 4319984.643, 140
Trd, 4319985.293, 126
Trd, 4319985.443, 118
Trd, 4319986.243, 107
Trd, 4319987.143, 140
Trd, 4319987.943, 101
Trd, 4319988.093, 100
Trd, 4319989.493, 92
Trd, 4319990.443, 140
Trd, 4319991.643, 133
Trd, 4319993.093, 137
Trd, 4319993.443, 134
Trd, 4319994.193, 109
Trd, 4319994.693, 100
Trd, 4319995.443, 103
Trd, 4319996.993, 116
Trd, 4319998.093, 101
Trd, 4319998.193, 100
Trd, 4319998.393, 103
Trd, 4319998.643, 93
Trd, 4319998.693, 121
