Trd, 4318116.543, 60
Trd, 4318117.343, 60
Trd, 4318117.493, 60
Trd, 4318117.593, 60
Trd, 4318118.093, 60
Trd, 4318118.143, 60
Trd, 4318118.493, 61
Trd, 4318118.743, 61
Trd, 4318119.143, 60
Trd, 4318120.543, 61
Trd, 4318121.043, 60
Trd, 4318121.993, 60
Trd, 4318122.393, 60
Trd, 4318122.543, 64
Trd, 4318123.943, 60
Trd, 4318124.243, 60
Trd, 4318124.593, 62
Trd, 4318124.843, 62
Trd, 4318125.693, 61
Trd, 4318125.943, 63
Trd, 4318126.293, 66
Trd, 4318127.343, 61
Trd, 4318127.493, 61
Trd, 4318127.593, 60
Trd, 4318130.043, 61
Trd, 4318130.143, 63
Trd, 4318131.593, 62
Trd, 4318131.643, 64
Trd, 4318131.993, 65
Trd, 4318132.993, 61
Trd, 4318133.543, 67
Trd, 4318134.643, 60
Trd, 4318134.843, 61
Trd, 4318135.343, 62
Trd, 4318136.393, 61
Trd, 4318137.393, 61
Trd, 4318137.843, 61
Trd, 4318139.193, 60
Trd, 4318140.643, 60
Trd, 4318141.393, 60
Trd, 4318141.493, 60
Trd, 4318141.643, 61
Trd, 4318141.993, 60
Trd, 4318142.293, 63
Trd, 4318142.693, 60
Trd, 4318143.793, 61
Trd, 4318143.843, 60
Trd, 4318144.143, 61
Trd, 4318144.243, 62
Trd, 4318145.343, 60
Trd, 4318146.343, 60
Trd, 4318146.393, 60
Trd, 4318147.093, 60
Trd, 4318147.343, 60
Trd, 4318148.443, 65
Trd, 4318149.193, 63
Trd, 4318151.743, 60
Trd, 4318152.143, 60
Trd, 4318153.243, 60
Trd, 4318153.593, 60
Trd, 4318153.793, 60
Trd, 4318154.343, 60
Trd, 4318155.043, 60
Trd, 4318155.443, 60
Trd, 4318156.743, 60
Trd, 4318158.343, 60
Trd, 4318158.543, 60
Trd, 4318158.843, 60
Trd, 4318159.493, 60
Trd, 4318160.243, 60
Trd, 4318160.443, 60
Trd, 4318160.843, 61
Trd, 4318161.043, 62
Trd, 4318162.043, 64
Trd, 4318162.143, 61
Trd, 4318163.943, 60
Trd, 4318164.843, 60
Trd, 4318165.443, 60
Trd, 4318165.543, 63
Trd, 4318166.093, 69
Trd, 4318166.693, 61
Trd, 4318167.193, 60
Trd, 4318168.093, 140
Trd, 4318168.843, 140
Trd, 4318169.293, 140
Trd, 4318169.993, 137
Trd, 4318170.343, 139
Trd, 4318170.393, 137
Trd, 4318172.093, 140
Trd, 4318172.193, 139
Trd, 4318172.993, 139
Trd, 4318173.943, 140
Trd, 4318175.743, 140
Trd, 4318176.343, 140
Trd, 4318177.843, 140
Trd, 4318178.793, 140
Trd, 4318179.443, 140
Trd, 4318179.993, 140
Trd, 4318180.593, 140
Trd, 4318181.893, 140
Trd, 4318182.793, 140
Trd, 4318182.893, 140
Trd, 4318182.993, 140
Trd, 4318183.743, 140
Trd, 4318184.743, 140
Trd, 4318185.743, 140
Trd, 4318186.643, 140
Trd, 4318187.043, 140
Trd, 4318189.343, 140
Trd, 4318189.443, 140
Trd, 4318189.693, 140
Trd, 4318190.443, 140
Trd, 4318190.643, 120
Trd, 4318191.243, 116
Trd, 4318191.643, 139
Trd, 4318191.793, 86
Trd, 4318192.993, 140
Trd, 4318193.693, 140
Trd, 4318196.993, 140
Trd, 4318197.293, 140
Trd, 4318197.493, 140
Trd, 4318197.793, 140
Trd, 4318198.293, 140
Trd, 4318200.843, 140
Trd, 4318200.893, 140
Trd, 4318201.893, 139
Trd, 4318202.493, 140
Trd, 4318203.693, 139
Trd, 4318204.943, 139
Trd, 4318205.493, 138
Trd, 4318206.293, 140
Trd, 4318206.843, 140
Trd, 4318207.393, 140
Trd, 4318208.393, 140
Trd, 4318209.943, 140
Trd, 4318210.393, 139
Trd, 4318211.643, 140
Trd, 4318212.593, 140
Trd, 4318212.893, 140
Trd, 4318213.693, 140
Trd, 4318214.893, 140
Trd, 4318215.993, 140
Trd, 4318216.193, 140
Trd, 4318216.793, 140
Trd, 4318218.043, 140
Trd, 4318218.443, 140
Trd, 4318219.343, 139
Trd, 4318220.243, 140
Trd, 4318220.893, 140
Trd, 4318222.043, 140
Trd, 4318222.293, 140
Trd, 4318222.743, 140
Trd, 4318223.393, 84
Trd, 4318225.243, 140
Trd, 4318226.693, 140
Trd, 4318227.043, 140
Trd, 4318227.443, 140
Trd, 4318227.793, 139
Trd, 4318229.093, 140
Trd, 4318230.393, 140
Trd, 4318230.793, 140
Trd, 4318231.593, 140
Trd, 4318231.993, 140
Trd, 4318232.543, 140
Trd, 4318233.743, 140
Trd, 4318233.943, 140
Trd, 4318235.493, 140
Trd, 4318235.793, 140
Trd, 4318235.893, 139
Trd, 4318236.093, 138
Trd, 4318236.443, 137
Trd, 4318236.593, 136
Trd, 4318236.693, 84
Trd, 4318239.593, 140
Trd, 4318240.443, 140
Trd, 4318240.493, 140
Trd, 4318240.993, 137
Trd, 4318241.093, 135
Trd, 4318241.643, 138
Trd, 4318242.393, 140
Trd, 4318242.643, 140
Trd, 4318243.493, 139
Trd, 4318244.143, 136
Trd, 4318244.243, 135
Trd, 4318245.793, 139
Trd, 4318246.993, 96
Trd, 4318247.243, 125
Trd, 4318248.243, 140
Trd, 4318249.443, 140
Trd, 4318249.943, 140
Trd, 4318251.393, 140
Trd, 4318252.443, 140
Trd, 4318252.693, 140
Trd, 4318253.243, 140
Trd, 4318253.593, 140
Trd, 4318254.293, 140
Trd, 4318255.243, 140
Trd, 4318255.543, 139
Trd, 4318257.393, 140
Trd, 4318258.193, 140
Trd, 4318258.743, 140
Trd, 4318258.893, 140
Trd, 4318259.393, 140
Trd, 4318261.143, 140
Trd, 4318262.193, 140
Trd, 4318263.243, 140
Trd, 4318263.543, 140
Trd, 4318263.693, 140
Trd, 4318264.643, 140
Trd, 4318265.993, 140
Trd, 4318266.493, 140
Trd, 4318267.093, 140
Trd, 4318268.643, 140
Trd, 4318268.843, 140
Trd, 4318269.193, 140
Trd, 4318271.093, 140
Trd, 4318272.343, 140
Trd, 4318272.943, 140
Trd, 4318273.393, 140
Trd, 4318274.093, 140
Trd, 4318274.593, 140
Trd, 4318275.343, 140
Trd, 4318276.243, 140
Trd, 4318277.893, 140
Trd, 4318278.493, 140
Trd, 4318279.293, 140
Trd, 4318279.993, 140
Trd, 4318280.443, 140
Trd, 4318281.543, 140
Trd, 4318281.793, 140
Trd, 4318282.093, 139
Trd, 4318282.693, 123
Trd, 4318283.143, 97
Trd, 4318283.493, 136
Trd, 4318283.943, 140
Trd, 4318285.743, 60
Trd, 4318285.993, 60
Trd, 4318286.093, 60
Trd, 4318286.943, 60
Trd, 4318287.443, 61
Trd, 4318288.793, 60
Trd, 4318289.443, 60
Trd, 4318289.643, 61
Trd, 4318290.043, 67
Trd, 4318290.543, 140
Trd, 4318290.643, 140
Trd, 4318291.093, 140
Trd, 4318292.643, 140
Trd, 4318293.993, 61
Trd, 4318294.293, 62
Trd, 4318294.743, 60
Trd, 4318295.693, 60
Trd, 4318295.893, 64
Trd, 4318296.693, 62
Trd, 4318297.643, 60
Trd, 4318298.643, 61
Trd, 4318298.743, 74
Trd, 4318299.343, 61
Trd, 4318300.943, 60
Trd, 4318301.643, 60
Trd, 4318301.743, 61
Trd, 4318302.143, 60
Trd, 4318303.243, 61
Trd, 4318304.543, 60
Trd, 4318304.943, 60
Trd, 4318305.043, 60
Trd, 4318305.943, 60
Trd, 4318305.993, 60
Trd, 4318306.143, 61
Trd, 4318307.093, 60
Trd, 4318308.193, 60
Trd, 4318308.443, 61
Trd, 4318309.343, 61
Trd, 4318309.893, 63
Trd, 4318309.943, 61
Trd, 4318310.743, 64
Trd, 4318311.343, 140
Trd, 4318311.543, 140
Trd, 4318312.443, 140
Trd, 4318314.293, 140
Trd, 4318314.543, 139
Trd, 4318316.193, 140
Trd, 4318316.643, 140
Trd, 4318317.143, 140
Trd, 4318317.443, 139
Trd, 4318317.543, 138
Trd, 4318317.743, 119
Trd, 4318319.293, 140
Trd, 4318320.643, 140
Trd, 4318320.993, 140
Trd, 4318321.043, 140
Trd, 4318322.193, 140
Trd, 4318322.243, 140
Trd, 4318322.593, 140
Trd, 4318323.393, 138
Trd, 4318323.743, 91
Trd, 4318325.443, 140
Trd, 4318325.943, 140
Trd, 4318325.993, 139
Trd, 4318327.043, 140
Trd, 4318327.443, 140
Trd, 4318329.293, 140
Trd, 4318331.393, 140
Trd, 4318331.493, 140
Trd, 4318331.943, 140
Trd, 4318332.443, 140
Trd, 4318332.743, 140
Trd, 4318333.193, 140
Trd, 4318334.443, 140
Trd, 4318334.543, 140
Trd, 4318335.343, 140
Trd, 4318335.643, 140
Trd, 4318335.993, 140
Trd, 4318336.393, 140
Trd, 4318337.193, 140
Trd, 4318339.243, 140
Trd, 4318339.843, 140
Trd, 4318340.143, 139
Trd, 4318340.843, 66
Trd, 4318341.993, 140
Trd, 4318342.893, 140
Trd, 4318343.893, 140
Trd, 4318344.143, 140
Trd, 4318344.443, 140
Trd, 4318346.493, 140
Trd, 4318347.693, 140
Trd, 4318347.793, 140
Trd, 4318347.893, 139
Trd, 4318350.793, 140
Trd, 4318350.893, 140
Trd, 4318350.943, 139
Trd, 4318351.643, 140
Trd, 4318351.893, 138
Trd, 4318352.293, 137
Trd, 4318353.043, 139
Trd, 4318354.343, 135
Trd, 4318354.643, 118
Trd, 4318356.243, 140
Trd, 4318357.693, 140
Trd, 4318357.843, 140
Trd, 4318358.193, 140
Trd, 4318358.893, 140
Trd, 4318359.093, 140
Trd, 4318359.143, 140
Trd, 4318360.543, 139
Trd, 4318360.893, 139
Trd, 4318361.043, 138
Trd, 4318361.893, 140
Trd, 4318362.193, 107
Trd, 4318362.493, 106
Trd, 4318364.043, 140
Trd, 4318364.493, 140
Trd, 4318364.693, 140
Trd, 4318364.793, 140
Trd, 4318365.443, 140
Trd, 4318367.493, 140
Trd, 4318367.893, 140
Trd, 4318367.943, 140
Trd, 4318368.143, 140
Trd, 4318368.593, 139
Trd, 4318370.793, 139
Trd, 4318370.993, 131
Trd, 4318371.443, 139
Trd, 4318372.993, 140
Trd, 4318373.893, 140
Trd, 4318374.343, 140
Trd, 4318374.893, 127
Trd, 4318374.943, 126
Trd, 4318375.093, 79
Trd, 4318375.393, 140
Trd, 4318376.643, 140
Trd, 4318377.693, 140
Trd, 4318378.643, 140
Trd, 4318379.543, 140
Trd, 4318379.993, 140
Trd, 4318382.493, 140
Trd, 4318383.493, 140
Trd, 4318383.993, 140
Trd, 4318384.393, 140
Trd, 4318384.843, 140
Trd, 4318385.293, 140
Trd, 4318385.693, 139
Trd, 4318387.093, 140
Trd, 4318387.193, 140
Trd, 4318387.493, 140
Trd, 4318387.943, 136
Trd, 4318388.443, 135
Trd, 4318389.543, 140
Trd, 4318391.693, 140
Trd, 4318391.793, 139
Trd, 4318392.193, 139
Trd, 4318393.043, 134
Trd, 4318394.293, 140
Trd, 4318395.093, 140
Trd, 4318397.143, 140
Trd, 4318397.493, 140
Trd, 4318397.543, 140
Trd, 4318397.993, 139
Trd, 4318398.743, 99
Trd, 4318399.593, 140
Trd, 4318400.043, 132
Trd, 4318402.643, 140
Trd, 4318402.843, 140
Trd, 4318403.143, 140
Trd, 4318403.543, 139
Trd, 4318404.343, 140
Trd, 4318405.093, 139
Trd, 4318405.693, 140
Trd, 4318406.093, 139
Trd, 4318407.043, 140
Trd, 4318409.343, 140
Trd, 4318409.793, 140
Trd, 4318409.943, 140
Trd, 4318410.193, 132
Trd, 4318410.393, 105
Trd, 4318410.943, 104
Trd, 4318411.943, 139
Trd, 4318412.143, 103
Trd, 4318412.743, 63
Trd, 4318413.793, 76
Trd, 4318415.393, 139
Trd, 4318416.443, 140
Trd, 4318416.693, 140
Trd, 4318416.993, 140
Trd, 4318417.343, 139
Trd, 4318417.593, 116
Trd, 4318418.693, 139
Trd, 4318420.043, 140
Trd, 4318420.193, 140
Trd, 4318420.443, 140
Trd, 4318421.693, 140
Trd, 4318422.543, 140
Trd, 4318423.493, 140
Trd, 4318424.943, 140
Trd, 4318425.593, 139
Trd, 4318425.743, 137
Trd, 4318428.293, 140
Trd, 4318428.443, 140
Trd, 4318428.493, 140
Trd, 4318429.293, 140
Trd, 4318429.743, 140
Trd, 4318430.393, 140
Trd, 4318430.443, 140
Trd, 4318432.043, 139
Trd, 4318433.043, 139
Trd, 4318434.443, 140
Trd, 4318434.843, 140
Trd, 4318435.243, 140
Trd, 4318435.493, 139
Trd, 4318436.743, 140
Trd, 4318437.893, 140
Trd, 4318438.693, 140
Trd, 4318439.893, 140
Trd, 4318441.393, 140
Trd, 4318441.743, 140
Trd, 4318441.843, 139
Trd, 4318442.593, 140
Trd, 4318443.993, 140
Trd, 4318444.043, 140
Trd, 4318444.343, 137
Trd, 4318445.993, 140
Trd, 4318446.093, 140
Trd, 4318446.243, 140
Trd, 4318448.243, 140
Trd, 4318448.793, 140
Trd, 4318449.943, 140
Trd, 4318450.493, 140
Trd, 4318450.543, 140
Trd, 4318451.093, 139
Trd, 4318452.443, 140
Trd, 4318452.643, 140
Trd, 4318453.343, 136
Trd, 4318453.543, 86
Trd, 4318454.593, 112
Trd, 4318455.193, 139
Trd, 4318456.993, 140
Trd, 4318458.343, 140
Trd, 4318458.393, 139
Trd, 4318458.543, 138
Trd, 4318458.693, 140
Trd, 4318459.493, 139
Trd, 4318459.793, 60
Trd, 4318460.543, 61
Trd, 4318462.043, 60
Trd, 4318462.243, 63
Trd, 4318462.443, 61
Trd, 4318462.643, 60
Trd, 4318463.193, 67
Trd, 4318464.643, 60
Trd, 4318465.243, 62
Trd, 4318465.843, 63
Trd, 4318465.893, 64
Trd, 4318466.143, 140
Trd, 4318467.043, 65
Trd, 4318468.843, 140
Trd, 4318469.543, 140
Trd, 4318469.693, 140
Trd, 4318470.793, 140
Trd, 4318471.543, 140
Trd, 4318472.443, 140
Trd, 4318473.043, 140
Trd, 4318473.393, 140
Trd, 4318474.393, 140
Trd, 4318474.893, 139
Trd, 4318475.393, 139
Trd, 4318476.193, 105
Trd, 4318477.293, 140
Trd, 4318478.093, 140
Trd, 4318478.193, 112
Trd, 4318480.143, 140
Trd, 4318480.493, 140
Trd, 4318480.643, 138
Trd, 4318480.843, 139
Trd, 4318482.093, 140
Trd, 4318482.943, 140
Trd, 4318484.743, 140
Trd, 4318485.843, 140
Trd, 4318486.393, 140
Trd, 4318486.843, 140
Trd, 4318486.893, 140
Trd, 4318487.543, 129
Trd, 4318488.093, 134
Trd, 4318489.093, 140
Trd, 4318489.443, 140
Trd, 4318490.493, 140
Trd, 4318490.593, 140
Trd, 4318492.443, 140
Trd, 4318492.993, 133
Trd, 4318493.543, 139
Trd, 4318495.293, 140
Trd, 4318495.393, 99
Trd, 4318496.093, 60
Trd, 4318496.743, 60
Trd, 4318497.743, 60
Trd, 4318498.693, 60
Trd, 4318498.843, 60
Trd, 4318499.393, 60
Trd, 4318499.793, 69
Trd, 4318500.193, 93
Trd, 4318500.543, 90
Trd, 4318502.043, 139
Trd, 4318502.793, 60
Trd, 4318503.043, 61
Trd, 4318503.743, 77
Trd, 4318504.193, 72
Trd, 4318504.993, 62
Trd, 4318505.943, 62
Trd, 4318506.043, 64
Trd, 4318506.493, 64
Trd, 4318506.643, 69
Trd, 4318508.343, 61
Trd, 4318508.393, 62
Trd, 4318509.193, 61
Trd, 4318509.293, 63
Trd, 4318511.793, 60
Trd, 4318512.543, 60
Trd, 4318513.043, 60
Trd, 4318514.243, 60
Trd, 4318514.443, 63
Trd, 4318514.743, 64
Trd, 4318514.943, 64
Trd, 4318515.193, 73
Trd, 4318515.493, 138
Trd, 4318517.143, 60
Trd, 4318517.993, 63
Trd, 4318518.993, 140
Trd, 4318519.243, 140
Trd, 4318519.793, 140
Trd, 4318519.943, 140
Trd, 4318520.643, 140
Trd, 4318521.143, 140
Trd, 4318521.293, 136
Trd, 4318522.093, 127
Trd, 4318522.693, 95
Trd, 4318524.493, 140
Trd, 4318524.743, 140
Trd, 4318525.693, 140
Trd, 4318525.893, 140
Trd, 4318526.543, 140
Trd, 4318527.043, 140
Trd, 4318528.243, 140
Trd, 4318528.293, 139
Trd, 4318529.093, 140
Trd, 4318532.193, 140
Trd, 4318533.043, 140
Trd, 4318533.893, 140
Trd, 4318533.993, 140
Trd, 4318534.343, 140
Trd, 4318535.893, 140
Trd, 4318536.893, 140
Trd, 4318537.743, 140
Trd, 4318538.043, 140
Trd, 4318538.793, 139
Trd, 4318538.993, 140
Trd, 4318540.593, 139
Trd, 4318541.043, 103
Trd, 4318541.393, 140
Trd, 4318542.643, 139
Trd, 4318543.343, 138
Trd, 4318543.893, 95
Trd, 4318545.193, 60
Trd, 4318545.293, 60
Trd, 4318545.543, 60
Trd, 4318545.943, 60
Trd, 4318546.343, 63
Trd, 4318547.493, 140
Trd, 4318548.393, 140
Trd, 4318548.593, 140
Trd, 4318549.893, 140
Trd, 4318550.993, 140
Trd, 4318551.643, 140
Trd, 4318551.743, 140
Trd, 4318552.543, 140
Trd, 4318553.393, 139
Trd, 4318554.793, 140
Trd, 4318555.293, 140
Trd, 4318555.893, 139
Trd, 4318557.043, 138
Trd, 4318557.193, 137
Trd, 4318558.743, 140
Trd, 4318559.393, 140
Trd, 4318559.443, 140
Trd, 4318561.443, 140
Trd, 4318562.093, 140
Trd, 4318562.543, 140
Trd, 4318562.893, 140
Trd, 4318563.943, 140
Trd, 4318564.593, 140
Trd, 4318565.643, 140
Trd, 4318566.893, 140
Trd, 4318567.243, 140
Trd, 4318567.543, 140
Trd, 4318568.943, 140
Trd, 4318570.543, 140
Trd, 4318570.793, 140
Trd, 4318572.093, 140
Trd, 4318572.293, 140
Trd, 4318572.743, 140
Trd, 4318572.843, 140
Trd, 4318573.443, 140
Trd, 4318574.893, 140
Trd, 4318575.443, 140
Trd, 4318576.693, 140
Trd, 4318576.743, 138
Trd, 4318577.493, 139
Trd, 4318578.743, 140
Trd, 4318578.793, 139
Trd, 4318579.693, 140
Trd, 4318581.493, 140
Trd, 4318581.943, 140
Trd, 4318582.793, 140
Trd, 4318583.693, 140
Trd, 4318583.893, 140
Trd, 4318584.543, 140
Trd, 4318585.393, 140
Trd, 4318585.743, 140
Trd, 4318586.893, 140
Trd, 4318587.493, 138
Trd, 4318587.693, 140
Trd, 4318589.193, 140
Trd, 4318589.493, 140
Trd, 4318589.993, 140
Trd, 4318591.243, 140
Trd, 4318593.093, 140
Trd, 4318593.243, 140
Trd, 4318594.743, 139
Trd, 4318595.043, 140
Trd, 4318595.093, 140
Trd, 4318595.543, 140
Trd, 4318596.343, 140
Trd, 4318597.143, 140
Trd, 4318597.793, 140
Trd, 4318599.293, 139
Trd, 4318599.543, 139
Trd, 4318599.943, 138
Trd, 4318600.293, 139
Trd, 4318600.793, 136
Trd, 4318600.993, 73
Trd, 4318602.043, 140
Trd, 4318602.593, 138
Trd, 4318602.943, 140
Trd, 4318603.043, 140
Trd, 4318603.543, 140
Trd, 4318603.843, 140
Trd, 4318604.243, 122
Trd, 4318604.893, 140
Trd, 4318606.143, 140
Trd, 4318606.943, 139
Trd, 4318607.193, 140
Trd, 4318608.143, 140
Trd, 4318608.343, 140
Trd, 4318609.393, 140
Trd, 4318609.893, 139
Trd, 4318611.643, 140
Trd, 4318611.793, 140
Trd, 4318611.893, 140
Trd, 4318612.443, 138
Trd, 4318614.543, 140
Trd, 4318614.793, 140
Trd, 4318614.843, 140
Trd, 4318616.193, 139
Trd, 4318617.193, 140
Trd, 4318618.593, 140
Trd, 4318618.893, 140
Trd, 4318619.393, 140
Trd, 4318619.843, 140
Trd, 4318620.293, 140
Trd, 4318621.893, 140
Trd, 4318622.393, 139
Trd, 4318622.793, 140
Trd, 4318623.493, 140
Trd, 4318623.943, 87
Trd, 4318625.243, 140
Trd, 4318625.843, 140
Trd, 4318626.843, 140
Trd, 4318627.493, 140
Trd, 4318628.193, 140
Trd, 4318628.593, 140
Trd, 4318629.993, 140
Trd, 4318630.593, 140
Trd, 4318631.443, 140
Trd, 4318631.943, 140
Trd, 4318633.143, 140
Trd, 4318633.393, 140
Trd, 4318633.993, 139
Trd, 4318634.693, 140
Trd, 4318635.243, 140
Trd, 4318635.493, 140
Trd, 4318637.193, 140
Trd, 4318638.093, 140
Trd, 4318638.493, 140
Trd, 4318639.293, 140
Trd, 4318639.393, 139
Trd, 4318640.743, 140
Trd, 4318641.193, 140
Trd, 4318641.943, 140
Trd, 4318642.143, 139
Trd, 4318644.043, 140
Trd, 4318644.793, 140
Trd, 4318645.343, 108
Trd, 4318646.193, 140
Trd, 4318646.343, 140
Trd, 4318646.593, 138
Trd, 4318646.743, 127
Trd, 4318648.093, 140
Trd, 4318650.443, 140
Trd, 4318650.893, 140
Trd, 4318651.293, 140
Trd, 4318651.493, 140
Trd, 4318651.593, 86
Trd, 4318652.543, 60
Trd, 4318653.743, 62
Trd, 4318653.793, 79
Trd, 4318654.143, 81
Trd, 4318654.293, 82
Trd, 4318654.843, 78
Trd, 4318656.943, 140
Trd, 4318657.243, 135
Trd, 4318658.043, 140
Trd, 4318658.243, 134
Trd, 4318660.943, 140
Trd, 4318661.193, 140
Trd, 4318661.993, 140
Trd, 4318662.193, 139
Trd, 4318662.643, 140
Trd, 4318663.693, 140
Trd, 4318665.043, 140
Trd, 4318666.343, 140
Trd, 4318666.843, 140
Trd, 4318667.743, 140
Trd, 4318668.193, 140
Trd, 4318668.993, 140
Trd, 4318670.443, 140
Trd, 4318670.643, 140
Trd, 4318671.293, 140
Trd, 4318671.643, 140
Trd, 4318672.293, 140
Trd, 4318673.243, 140
Trd, 4318675.343, 140
Trd, 4318675.443, 140
Trd, 4318676.643, 140
Trd, 4318677.743, 140
Trd, 4318677.793, 140
Trd, 4318679.143, 140
Trd, 4318679.193, 138
Trd, 4318679.693, 140
Trd, 4318680.043, 140
Trd, 4318681.543, 140
Trd, 4318682.043, 140
Trd, 4318683.543, 140
Trd, 4318684.643, 140
Trd, 4318684.693, 139
Trd, 4318685.493, 140
Trd, 4318685.993, 140
Trd, 4318686.443, 140
Trd, 4318686.893, 140
Trd, 4318688.743, 140
Trd, 4318688.943, 140
Trd, 4318689.343, 140
Trd, 4318689.843, 140
Trd, 4318690.643, 140
Trd, 4318691.693, 140
Trd, 4318692.543, 140
Trd, 4318693.243, 139
Trd, 4318695.093, 140
Trd, 4318695.593, 140
Trd, 4318696.543, 140
Trd, 4318697.843, 140
Trd, 4318697.943, 140
Trd, 4318698.843, 140
Trd, 4318699.243, 140
Trd, 4318699.943, 140
Trd, 4318700.043, 139
Trd, 4318700.893, 139
Trd, 4318702.443, 134
Trd, 4318702.643, 133
Trd, 4318703.793, 139
Trd, 4318703.993, 137
Trd, 4318704.493, 121
Trd, 4318704.993, 140
Trd, 4318707.293, 137
Trd, 4318707.743, 138
Trd, 4318707.843, 137
Trd, 4318710.493, 140
Trd, 4318711.543, 140
Trd, 4318711.693, 140
Trd, 4318711.743, 140
Trd, 4318711.943, 140
Trd, 4318713.343, 96
Trd, 4318714.693, 140
Trd, 4318715.093, 140
Trd, 4318715.393, 140
Trd, 4318715.993, 140
Trd, 4318717.043, 140
Trd, 4318718.343, 138
Trd, 4318719.043, 140
Trd, 4318719.743, 138
Trd, 4318720.643, 140
Trd, 4318721.243, 139
Trd, 4318721.793, 140
Trd, 4318722.093, 132
Trd, 4318722.793, 86
Trd, 4318723.493, 140
Trd, 4318723.943, 139
Trd, 4318725.493, 140
Trd, 4318725.793, 140
Trd, 4318726.443, 140
Trd, 4318727.343, 140
Trd, 4318728.743, 140
Trd, 4318729.793, 140
Trd, 4318730.093, 139
Trd, 4318730.493, 139
Trd, 4318731.243, 140
Trd, 4318732.543, 140
Trd, 4318733.193, 140
Trd, 4318734.043, 140
Trd, 4318734.243, 140
Trd, 4318734.293, 140
Trd, 4318736.843, 140
Trd, 4318737.743, 140
Trd, 4318738.093, 140
Trd, 4318738.343, 140
Trd, 4318739.343, 140
Trd, 4318739.393, 140
Trd, 4318739.943, 140
Trd, 4318741.343, 140
Trd, 4318741.943, 140
Trd, 4318742.243, 140
Trd, 4318743.543, 140
Trd, 4318745.943, 140
Trd, 4318746.143, 140
Trd, 4318746.443, 140
Trd, 4318747.443, 140
Trd, 4318747.743, 140
Trd, 4318748.743, 140
Trd, 4318750.343, 140
Trd, 4318751.093, 140
Trd, 4318751.193, 140
Trd, 4318751.793, 140
Trd, 4318752.543, 140
Trd, 4318752.793, 140
Trd, 4318753.193, 139
Trd, 4318754.493, 140
Trd, 4318754.543, 140
Trd, 4318755.593, 140
Trd, 4318757.143, 140
Trd, 4318757.443, 139
Trd, 4318757.743, 123
Trd, 4318759.343, 140
Trd, 4318760.343, 140
Trd, 4318760.543, 140
Trd, 4318760.593, 140
Trd, 4318761.243, 140
Trd, 4318761.393, 140
Trd, 4318761.493, 140
Trd, 4318763.993, 140
Trd, 4318764.543, 140
Trd, 4318764.593, 140
Trd, 4318764.643, 99
Trd, 4318765.293, 140
Trd, 4318766.143, 139
Trd, 4318766.743, 140
Trd, 4318767.443, 138
Trd, 4318767.593, 102
Trd, 4318770.793, 140
Trd, 4318771.443, 140
Trd, 4318771.793, 140
Trd, 4318772.593, 140
Trd, 4318773.293, 140
Trd, 4318775.293, 140
Trd, 4318775.393, 140
Trd, 4318776.293, 140
Trd, 4318777.643, 140
Trd, 4318779.043, 140
Trd, 4318779.243, 140
Trd, 4318780.243, 140
Trd, 4318781.643, 140
Trd, 4318781.893, 140
Trd, 4318783.393, 140
Trd, 4318783.493, 140
Trd, 4318784.243, 138
Trd, 4318785.293, 140
Trd, 4318786.593, 140
Trd, 4318787.193, 140
Trd, 4318787.243, 140
Trd, 4318787.493, 138
Trd, 4318788.843, 140
Trd, 4318789.693, 96
Trd, 4318790.143, 140
Trd, 4318790.793, 139
Trd, 4318791.943, 140
Trd, 4318792.893, 140
Trd, 4318793.743, 140
Trd, 4318793.943, 140
Trd, 4318794.493, 140
Trd, 4318795.093, 139
Trd, 4318795.593, 139
Trd, 4318795.893, 140
Trd, 4318796.793, 140
Trd, 4318797.343, 138
Trd, 4318798.043, 139
Trd, 4318800.043, 140
Trd, 4318800.193, 140
Trd, 4318801.043, 140
Trd, 4318801.443, 140
Trd, 4318802.593, 140
Trd, 4318803.493, 140
Trd, 4318804.143, 140
Trd, 4318804.493, 140
Trd, 4318804.643, 112
Trd, 4318804.993, 139
Trd, 4318807.143, 140
Trd, 4318807.493, 140
Trd, 4318808.093, 140
Trd, 4318808.793, 140
Trd, 4318810.843, 140
Trd, 4318810.993, 140
Trd, 4318811.093, 139
Trd, 4318811.393, 139
Trd, 4318813.093, 140
Trd, 4318813.243, 139
Trd, 4318813.493, 140
Trd, 4318814.793, 140
Trd, 4318815.893, 140
Trd, 4318816.043, 140
Trd, 4318818.093, 139
Trd, 4318819.093, 140
Trd, 4318819.693, 137
Trd, 4318820.393, 139
Trd, 4318820.743, 137
Trd, 4318821.993, 140
Trd, 4318822.643, 140
Trd, 4318822.943, 140
Trd, 4318823.843, 128
Trd, 4318824.793, 129
Trd, 4318825.793, 140
Trd, 4318825.843, 109
Trd, 4318826.043, 74
Trd, 4318826.293, 68
Trd, 4318828.343, 140
Trd, 4318829.043, 140
Trd, 4318830.443, 140
Trd, 4318831.793, 140
Trd, 4318831.943, 140
Trd, 4318832.643, 140
Trd, 4318833.043, 140
Trd, 4318833.843, 140
Trd, 4318834.343, 140
Trd, 4318834.643, 137
Trd, 4318835.193, 139
Trd, 4318835.543, 140
Trd, 4318835.693, 139
Trd, 4318836.443, 91
Trd, 4318836.993, 140
Trd, 4318838.293, 140
Trd, 4318839.793, 140
Trd, 4318840.343, 140
Trd, 4318840.693, 140
Trd, 4318840.943, 139
Trd, 4318841.143, 139
Trd, 4318841.543, 95
Trd, 4318842.393, 60
Trd, 4318842.543, 60
Trd, 4318844.093, 140
Trd, 4318845.043, 140
Trd, 4318846.493, 140
Trd, 4318846.793, 138
Trd, 4318847.293, 140
Trd, 4318848.193, 140
Trd, 4318848.293, 140
Trd, 4318848.343, 139
Trd, 4318851.493, 140
Trd, 4318851.893, 140
Trd, 4318851.943, 140
Trd, 4318852.543, 140
Trd, 4318853.593, 139
Trd, 4318854.343, 140
Trd, 4318855.493, 140
Trd, 4318856.893, 140
Trd, 4318856.993, 140
Trd, 4318858.043, 140
Trd, 4318858.343, 140
Trd, 4318858.893, 140
Trd, 4318859.443, 140
Trd, 4318860.093, 140
Trd, 4318860.143, 136
Trd, 4318861.343, 140
Trd, 4318861.543, 140
Trd, 4318863.343, 140
Trd, 4318863.393, 140
Trd, 4318863.843, 140
Trd, 4318864.893, 140
Trd, 4318866.093, 140
Trd, 4318866.843, 140
Trd, 4318867.193, 140
Trd, 4318867.593, 140
Trd, 4318867.743, 140
Trd, 4318870.743, 140
Trd, 4318871.593, 140
Trd, 4318871.693, 140
Trd, 4318871.893, 140
Trd, 4318872.043, 140
Trd, 4318872.943, 140
Trd, 4318874.743, 140
Trd, 4318874.843, 140
Trd, 4318875.593, 140
Trd, 4318876.743, 140
Trd, 4318877.593, 139
Trd, 4318878.843, 140
Trd, 4318879.243, 140
Trd, 4318880.843, 140
Trd, 4318880.993, 140
Trd, 4318881.293, 140
Trd, 4318882.043, 139
Trd, 4318882.943, 140
Trd, 4318883.693, 140
Trd, 4318883.743, 140
Trd, 4318884.193, 140
Trd, 4318885.243, 139
Trd, 4318885.843, 139
Trd, 4318886.293, 125
Trd, 4318887.393, 137
Trd, 4318887.643, 111
Trd, 4318888.643, 60
Trd, 4318889.793, 61
Trd, 4318889.843, 62
Trd, 4318891.543, 60
Trd, 4318893.293, 60
Trd, 4318893.593, 60
Trd, 4318894.093, 60
Trd, 4318894.343, 61
Trd, 4318894.643, 60
Trd, 4318895.243, 62
Trd, 4318895.743, 60
Trd, 4318896.593, 62
Trd, 4318896.843, 60
Trd, 4318896.993, 62
Trd, 4318898.643, 60
Trd, 4318899.243, 62
Trd, 4318899.493, 72
Trd, 4318899.593, 76
Trd, 4318901.093, 140
Trd, 4318901.593, 139
Trd, 4318901.993, 140
Trd, 4318902.543, 99
Trd, 4318903.943, 139
Trd, 4318904.293, 139
Trd, 4318905.793, 140
Trd, 4318907.043, 140
Trd, 4318907.443, 140
Trd, 4318907.543, 140
Trd, 4318907.793, 140
Trd, 4318908.243, 109
Trd, 4318909.243, 138
Trd, 4318910.693, 140
Trd, 4318910.843, 139
Trd, 4318911.693, 74
Trd, 4318911.893, 70
Trd, 4318912.893, 140
Trd, 4318912.943, 140
Trd, 4318914.443, 140
Trd, 4318914.993, 140
Trd, 4318915.943, 140
Trd, 4318916.193, 140
Trd, 4318917.343, 140
Trd, 4318917.993, 140
Trd, 4318918.243, 140
Trd, 4318919.043, 140
Trd, 4318919.343, 140
Trd, 4318921.093, 140
Trd, 4318921.793, 111
Trd, 4318921.893, 91
Trd, 4318923.743, 140
Trd, 4318924.043, 140
Trd, 4318924.493, 140
Trd, 4318925.043, 140
Trd, 4318925.493, 140
Trd, 4318927.943, 140
Trd, 4318928.243, 140
Trd, 4318929.193, 140
Trd, 4318929.743, 140
Trd, 4318930.643, 140
Trd, 4318931.893, 140
Trd, 4318932.043, 140
Trd, 4318933.443, 140
Trd, 4318933.843, 140
Trd, 4318934.293, 140
Trd, 4318934.843, 140
Trd, 4318936.143, 140
Trd, 4318936.993, 137
Trd, 4318937.243, 68
Trd, 4318938.043, 69
Trd, 4318939.693, 140
Trd, 4318940.393, 140
Trd, 4318941.293, 140
Trd, 4318941.443, 140
Trd, 4318941.593, 139
Trd, 4318942.993, 140
Trd, 4318943.043, 140
Trd, 4318943.843, 140
Trd, 4318944.193, 140
Trd, 4318945.893, 140
Trd, 4318946.193, 140
Trd, 4318948.143, 140
Trd, 4318948.943, 140
Trd, 4318948.993, 140
Trd, 4318949.393, 140
Trd, 4318949.743, 140
Trd, 4318950.443, 140
Trd, 4318951.193, 140
Trd, 4318952.643, 140
Trd, 4318953.293, 140
Trd, 4318954.493, 140
Trd, 4318954.643, 140
Trd, 4318954.793, 140
Trd, 4318956.243, 140
Trd, 4318956.293, 140
Trd, 4318956.943, 140
Trd, 4318957.693, 140
Trd, 4318957.743, 139
Trd, 4318958.693, 140
Trd, 4318960.343, 140
Trd, 4318960.543, 140
Trd, 4318961.143, 136
Trd, 4318962.793, 140
Trd, 4318962.943, 140
Trd, 4318963.643, 140
Trd, 4318963.793, 139
Trd, 4318965.043, 139
Trd, 4318965.143, 140
Trd, 4318966.543, 140
Trd, 4318966.743, 140
Trd, 4318968.443, 138
Trd, 4318968.493, 103
Trd, 4318969.693, 138
Trd, 4318969.843, 106
Trd, 4318971.343, 140
Trd, 4318972.443, 140
Trd, 4318972.493, 139
Trd, 4318973.793, 140
Trd, 4318974.893, 140
Trd, 4318976.093, 140
Trd, 4318976.193, 140
Trd, 4318976.343, 139
Trd, 4318977.043, 139
Trd, 4318978.143, 138
Trd, 4318978.693, 126
Trd, 4318978.993, 126
Trd, 4318979.843, 139
Trd, 4318980.093, 126
Trd, 4318981.043, 139
Trd, 4318981.693, 140
Trd, 4318982.093, 138
Trd, 4318983.493, 137
Trd, 4318983.943, 136
Trd, 4318984.243, 119
Trd, 4318984.593, 118
Trd, 4318985.043, 140
Trd, 4318988.693, 140
Trd, 4318990.043, 140
Trd, 4318990.093, 140
Trd, 4318990.193, 140
Trd, 4318990.643, 140
Trd, 4318990.843, 140
Trd, 4318991.793, 139
Trd, 4318992.093, 135
Trd, 4318992.393, 140
Trd, 4318994.493, 139
Trd, 4318994.693, 98
Trd, 4318996.143, 101
Trd, 4318996.793, 140
Trd, 4318997.193, 140
Trd, 4318997.743, 136
Trd, 4318998.443, 140
Trd, 4318999.643, 140
Trd, 4319000.893, 140
Trd, 4319001.693, 140
Trd, 4319002.243, 140
Trd, 4319002.993, 140
Trd, 4319004.443, 140
Trd, 4319004.793, 140
Trd, 4319004.993, 87
Trd, 4319006.143, 140
Trd, 4319006.193, 140
Trd, 4319006.593, 128
Trd, 4319007.393, 140
Trd, 4319007.943, 140
Trd, 4319009.243, 140
Trd, 4319010.043, 140
Trd, 4319010.093, 140
Trd, 4319011.343, 140
Trd, 4319012.293, 140
Trd, 4319012.343, 140
Trd, 4319013.543, 140
Trd, 4319013.643, 140
Trd, 4319013.943, 140
Trd, 4319015.093, 140
Trd, 4319015.793, 140
Trd, 4319016.843, 140
Trd, 4319017.143, 140
Trd, 4319017.293, 140
Trd, 4319018.043, 138
Trd, 4319018.643, 139
Trd, 4319018.993, 139
Trd, 4319019.293, 140
Trd, 4319020.093, 140
Trd, 4319021.943, 87
Trd, 4319022.293, 85
Trd, 4319023.343, 140
Trd, 4319024.643, 140
Trd, 4319025.193, 140
Trd, 4319025.743, 140
Trd, 4319026.393, 140
Trd, 4319026.593, 140
Trd, 4319027.493, 116
Trd, 4319027.593, 135
Trd, 4319028.393, 140
Trd, 4319029.193, 140
Trd, 4319031.693, 140
Trd, 4319032.443, 140
Trd, 4319033.593, 139
Trd, 4319034.443, 140
Trd, 4319035.043, 140
Trd, 4319035.243, 139
Trd, 4319036.143, 139
Trd, 4319036.593, 139
Trd, 4319037.193, 139
Trd, 4319038.193, 95
Trd, 4319039.043, 140
Trd, 4319039.843, 140
Trd, 4319040.393, 140
Trd, 4319040.493, 139
Trd, 4319041.743, 140
Trd, 4319041.843, 140
Trd, 4319043.543, 140
Trd, 4319044.443, 140
Trd, 4319044.493, 139
Trd, 4319044.693, 140
Trd, 4319045.143, 139
Trd, 4319046.093, 140
Trd, 4319046.543, 128
Trd, 4319048.043, 138
Trd, 4319049.593, 140
Trd, 4319049.893, 139
Trd, 4319050.993, 140
Trd, 4319051.893, 140
Trd, 4319052.093, 140
Trd, 4319052.243, 139
Trd, 4319052.693, 138
Trd, 4319053.293, 134
Trd, 4319054.043, 71
Trd, 4319054.893, 60
Trd, 4319055.143, 60
Trd, 4319055.993, 63
Trd, 4319056.193, 64
Trd, 4319056.993, 140
Trd, 4319057.493, 140
Trd, 4319058.393, 140
Trd, 4319059.643, 140
Trd, 4319060.093, 140
Trd, 4319060.443, 140
Trd, 4319060.793, 140
Trd, 4319062.743, 140
Trd, 4319064.093, 140
Trd, 4319064.343, 140
Trd, 4319064.893, 140
Trd, 4319065.943, 140
Trd, 4319066.893, 140
Trd, 4319068.193, 140
Trd, 4319068.693, 140
Trd, 4319069.343, 140
Trd, 4319069.543, 140
Trd, 4319070.093, 140
Trd, 4319071.293, 140
Trd, 4319072.193, 140
Trd, 4319074.493, 140
Trd, 4319074.593, 140
Trd, 4319075.293, 140
Trd, 4319076.243, 140
Trd, 4319076.993, 140
Trd, 4319077.043, 139
Trd, 4319079.643, 119
Trd, 4319080.043, 128
Trd, 4319080.393, 119
Trd, 4319081.193, 140
Trd, 4319081.343, 140
Trd, 4319081.793, 140
Trd, 4319082.093, 63
Trd, 4319083.343, 140
Trd, 4319084.293, 140
Trd, 4319084.693, 140
Trd, 4319086.143, 140
Trd, 4319086.193, 140
Trd, 4319086.293, 138
Trd, 4319086.743, 140
Trd, 4319088.293, 135
Trd, 4319088.543, 112
Trd, 4319089.193, 140
Trd, 4319090.343, 137
Trd, 4319092.093, 140
Trd, 4319092.293, 139
Trd, 4319093.393, 140
Trd, 4319093.593, 140
Trd, 4319095.143, 140
Trd, 4319095.393, 140
Trd, 4319096.693, 140
Trd, 4319096.793, 140
Trd, 4319097.643, 140
Trd, 4319099.193, 140
Trd, 4319099.593, 140
Trd, 4319101.343, 140
Trd, 4319101.393, 140
Trd, 4319102.393, 140
Trd, 4319102.493, 140
Trd, 4319102.893, 97
Trd, 4319103.143, 88
Trd, 4319104.093, 140
Trd, 4319104.443, 90
Trd, 4319106.243, 140
Trd, 4319106.393, 139
Trd, 4319107.943, 140
Trd, 4319107.993, 140
Trd, 4319109.243, 139
Trd, 4319109.993, 140
Trd, 4319110.343, 139
Trd, 4319110.893, 139
Trd, 4319112.243, 139
Trd, 4319112.643, 139
Trd, 4319113.043, 137
Trd, 4319114.393, 140
Trd, 4319114.693, 140
Trd, 4319116.043, 140
Trd, 4319116.843, 140
Trd, 4319117.043, 140
Trd, 4319117.693, 137
Trd, 4319118.543, 136
Trd, 4319120.293, 140
Trd, 4319120.943, 140
Trd, 4319121.643, 140
Trd, 4319121.893, 140
Trd, 4319123.493, 140
Trd, 4319123.993, 140
Trd, 4319124.493, 140
Trd, 4319125.293, 140
Trd, 4319126.493, 140
Trd, 4319127.143, 140
Trd, 4319127.793, 140
Trd, 4319128.143, 140
Trd, 4319129.243, 140
Trd, 4319129.493, 140
Trd, 4319131.243, 140
Trd, 4319131.943, 136
Trd, 4319132.143, 106
Trd, 4319132.793, 105
Trd, 4319133.293, 80
Trd, 4319133.543, 132
Trd, 4319133.593, 133
Trd, 4319135.293, 140
Trd, 4319135.593, 138
Trd, 4319135.693, 110
Trd, 4319137.193, 60
Trd, 4319137.393, 62
Trd, 4319138.093, 60
Trd, 4319138.393, 60
Trd, 4319138.993, 71
Trd, 4319139.193, 77
Trd, 4319139.993, 60
Trd, 4319142.143, 60
Trd, 4319143.193, 60
Trd, 4319143.543, 60
Trd, 4319144.193, 61
Trd, 4319144.493, 60
Trd, 4319144.743, 66
Trd, 4319145.293, 61
Trd, 4319146.443, 60
Trd, 4319146.893, 60
Trd, 4319147.543, 60
Trd, 4319148.143, 61
Trd, 4319148.343, 60
Trd, 4319148.593, 65
Trd, 4319148.793, 66
Trd, 4319150.543, 60
Trd, 4319151.793, 60
Trd, 4319151.943, 61
Trd, 4319152.793, 60
Trd, 4319152.943, 61
Trd, 4319153.193, 66
Trd, 4319155.393, 60
Trd, 4319156.143, 60
Trd, 4319156.243, 63
Trd, 4319157.743, 61
Trd, 4319158.243, 66
Trd, 4319158.993, 60
Trd, 4319160.043, 60
Trd, 4319160.543, 60
Trd, 4319161.043, 60
Trd, 4319161.643, 60
Trd, 4319161.843, 60
Trd, 4319162.243, 60
Trd, 4319162.293, 60
Trd, 4319163.343, 60
Trd, 4319165.743, 60
Trd, 4319166.393, 65
Trd, 4319166.493, 66
Trd, 4319166.693, 62
Trd, 4319166.943, 62
Trd, 4319167.643, 139
Trd, 4319167.943, 139
Trd, 4319168.243, 139
Trd, 4319169.243, 119
Trd, 4319170.043, 140
Trd, 4319171.143, 140
Trd, 4319171.593, 137
Trd, 4319171.993, 140
Trd, 4319172.343, 87
Trd, 4319173.093, 81
Trd, 4319174.243, 137
Trd, 4319174.993, 140
Trd, 4319176.193, 140
Trd, 4319176.443, 140
Trd, 4319176.493, 139
Trd, 4319178.693, 140
Trd, 4319179.443, 140
Trd, 4319179.693, 140
Trd, 4319180.843, 140
Trd, 4319180.993, 140
Trd, 4319183.043, 140
Trd, 4319183.093, 140
Trd, 4319183.593, 140
Trd, 4319184.043, 140
Trd, 4319184.893, 140
Trd, 4319185.143, 140
Trd, 4319186.093, 138
Trd, 4319187.143, 140
Trd, 4319188.393, 140
Trd, 4319189.543, 140
Trd, 4319189.793, 140
Trd, 4319190.493, 140
Trd, 4319191.343, 139
Trd, 4319191.793, 140
Trd, 4319192.143, 140
Trd, 4319192.343, 140
Trd, 4319194.243, 140
Trd, 4319194.293, 140
Trd, 4319196.043, 140
Trd, 4319197.593, 140
Trd, 4319197.793, 140
Trd, 4319198.693, 140
Trd, 4319199.193, 139
Trd, 4319200.443, 140
Trd, 4319200.743, 135
Trd, 4319200.793, 134
Trd, 4319200.943, 110
Trd, 4319202.443, 140
Trd, 4319203.193, 140
Trd, 4319203.343, 140
Trd, 4319204.443, 140
Trd, 4319204.793, 90
Trd, 4319205.393, 140
Trd, 4319205.793, 139
Trd, 4319207.593, 140
Trd, 4319207.693, 140
Trd, 4319207.843, 139
Trd, 4319209.243, 140
Trd, 4319211.043, 140
Trd, 4319211.293, 140
Trd, 4319213.093, 140
Trd, 4319213.393, 140
Trd, 4319213.843, 140
Trd, 4319213.993, 140
Trd, 4319214.643, 140
Trd, 4319216.393, 140
Trd, 4319216.743, 140
Trd, 4319217.593, 140
Trd, 4319217.693, 140
Trd, 4319217.893, 140
Trd, 4319218.293, 140
Trd, 4319220.043, 140
Trd, 4319221.093, 140
Trd, 4319221.393, 140
Trd, 4319221.693, 139
Trd, 4319222.393, 140
Trd, 4319224.093, 140
Trd, 4319224.793, 140
Trd, 4319224.943, 140
Trd, 4319225.293, 140
Trd, 4319226.393, 140
Trd, 4319227.493, 139
Trd, 4319227.793, 140
Trd, 4319228.493, 140
Trd, 4319228.743, 139
Trd, 4319229.093, 139
Trd, 4319230.843, 140
Trd, 4319231.393, 140
Trd, 4319231.543, 140
Trd, 4319232.643, 140
Trd, 4319233.643, 139
Trd, 4319235.043, 140
Trd, 4319235.543, 140
Trd, 4319236.393, 140
Trd, 4319236.943, 140
Trd, 4319237.143, 139
Trd, 4319237.243, 124
Trd, 4319238.043, 138
Trd, 4319238.243, 138
Trd, 4319238.343, 137
Trd, 4319238.543, 137
Trd, 4319239.943, 140
Trd, 4319240.393, 140
Trd, 4319240.743, 110
Trd, 4319241.993, 140
Trd, 4319242.943, 140
Trd, 4319243.193, 138
Trd, 4319244.343, 140
Trd, 4319244.643, 140
Trd, 4319245.743, 140
Trd, 4319246.293, 140
Trd, 4319247.243, 140
Trd, 4319248.443, 140
Trd, 4319248.643, 140
Trd, 4319249.543, 138
Trd, 4319249.843, 140
Trd, 4319250.243, 138
Trd, 4319250.493, 139
Trd, 4319251.193, 135
Trd, 4319251.793, 134
Trd, 4319252.093, 75
Trd, 4319254.343, 140
Trd, 4319254.393, 140
Trd, 4319255.093, 140
Trd, 4319255.993, 140
Trd, 4319257.093, 140
Trd, 4319258.093, 140
Trd, 4319258.893, 140
Trd, 4319259.943, 140
Trd, 4319260.743, 140
Trd, 4319260.843, 140
Trd, 4319261.393, 140
Trd, 4319261.693, 139
Trd, 4319263.443, 140
Trd, 4319263.493, 140
Trd, 4319264.643, 140
Trd, 4319265.693, 140
Trd, 4319266.193, 140
Trd, 4319266.393, 140
Trd, 4319267.643, 139
Trd, 4319268.993, 140
Trd, 4319270.043, 140
Trd, 4319270.243, 140
Trd, 4319270.493, 140
Trd, 4319271.193, 140
Trd, 4319271.693, 140
Trd, 4319272.843, 140
Trd, 4319273.243, 140
Trd, 4319274.643, 140
Trd, 4319275.343, 140
Trd, 4319275.693, 140
Trd, 4319276.793, 140
Trd, 4319278.093, 140
Trd, 4319279.193, 140
Trd, 4319280.443, 140
Trd, 4319280.493, 139
Trd, 4319280.843, 138
Trd, 4319281.993, 137
Trd, 4319282.343, 137
Trd, 4319282.943, 105
Trd, 4319283.443, 139
Trd, 4319285.493, 140
Trd, 4319285.893, 140
Trd, 4319286.943, 140
Trd, 4319287.543, 125
Trd, 4319287.843, 87
Trd, 4319289.493, 140
Trd, 4319289.993, 140
Trd, 4319290.143, 140
Trd, 4319290.943, 140
Trd, 4319291.143, 140
Trd, 4319292.343, 140
Trd, 4319292.593, 140
Trd, 4319293.043, 139
Trd, 4319294.993, 136
Trd, 4319295.743, 132
Trd, 4319296.443, 138
Trd, 4319296.793, 130
Trd, 4319296.993, 129
Trd, 4319298.493, 140
Trd, 4319300.193, 140
Trd, 4319300.293, 140
Trd, 4319301.493, 140
Trd, 4319301.693, 139
Trd, 4319302.443, 139
Trd, 4319302.843, 140
Trd, 4319302.993, 139
Trd, 4319303.243, 139
Trd, 4319303.743, 139
Trd, 4319303.993, 140
Trd, 4319304.743, 83
Trd, 4319305.943, 135
Trd, 4319308.193, 140
Trd, 4319308.293, 140
Trd, 4319308.793, 138
Trd, 4319310.743, 140
Trd, 4319311.093, 140
Trd, 4319311.293, 136
Trd, 4319311.743, 140
Trd, 4319312.193, 138
Trd, 4319312.393, 137
Trd, 4319312.493, 119
Trd, 4319314.193, 140
Trd, 4319315.343, 140
Trd, 4319315.643, 140
Trd, 4319316.443, 140
Trd, 4319316.893, 140
Trd, 4319317.493, 140
Trd, 4319318.143, 140
Trd, 4319318.693, 140
Trd, 4319318.893, 139
Trd, 4319320.193, 67
Trd, 4319321.093, 140
Trd, 4319321.793, 140
Trd, 4319322.493, 139
Trd, 4319322.743, 139
Trd, 4319323.993, 140
Trd, 4319324.093, 140
Trd, 4319324.593, 140
Trd, 4319326.193, 140
Trd, 4319326.843, 140
Trd, 4319327.193, 140
Trd, 4319327.443, 139
Trd, 4319327.543, 105
Trd, 4319329.193, 60
Trd, 4319329.493, 61
Trd, 4319329.793, 61
Trd, 4319330.043, 91
Trd, 4319331.293, 140
Trd, 4319332.143, 140
Trd, 4319334.843, 140
Trd, 4319335.193, 140
Trd, 4319335.643, 140
Trd, 4319335.743, 140
Trd, 4319335.893, 140
Trd, 4319338.693, 140
Trd, 4319338.993, 140
Trd, 4319339.143, 140
Trd, 4319340.493, 140
Trd, 4319340.743, 140
Trd, 4319340.893, 139
Trd, 4319342.443, 140
Trd, 4319342.793, 124
Trd, 4319343.643, 139
Trd, 4319344.343, 138
Trd, 4319344.693, 114
Trd, 4319345.693, 139
Trd, 4319346.193, 126
Trd, 4319347.293, 140
Trd, 4319347.993, 139
Trd, 4319348.093, 132
Trd, 4319350.143, 140
Trd, 4319351.493, 140
Trd, 4319351.993, 140
Trd, 4319352.093, 140
Trd, 4319352.143, 139
Trd, 4319352.843, 140
Trd, 4319353.043, 140
Trd, 4319353.943, 140
Trd, 4319354.293, 140
Trd, 4319355.043, 140
Trd, 4319356.243, 140
Trd, 4319357.293, 86
Trd, 4319357.893, 86
Trd, 4319358.393, 138
Trd, 4319360.993, 140
Trd, 4319361.443, 140
Trd, 4319361.643, 140
Trd, 4319362.243, 140
Trd, 4319362.343, 140
Trd, 4319364.643, 140
Trd, 4319364.893, 140
Trd, 4319365.443, 140
Trd, 4319366.293, 140
Trd, 4319366.893, 140
Trd, 4319367.443, 140
Trd, 4319368.743, 140
Trd, 4319368.893, 139
Trd, 4319369.093, 134
Trd, 4319369.593, 116
Trd, 4319369.693, 63
Trd, 4319370.243, 136
Trd, 4319372.743, 140
Trd, 4319372.893, 140
Trd, 4319372.993, 140
Trd, 4319374.593, 140
Trd, 4319375.543, 140
Trd, 4319376.543, 140
Trd, 4319377.243, 140
Trd, 4319377.743, 140
Trd, 4319377.793, 140
Trd, 4319378.743, 140
Trd, 4319379.593, 140
Trd, 4319379.943, 139
Trd, 4319380.093, 138
Trd, 4319382.843, 140
Trd, 4319383.143, 140
Trd, 4319383.893, 140
Trd, 4319384.643, 140
Trd, 4319384.993, 140
Trd, 4319386.593, 140
Trd, 4319386.993, 140
Trd, 4319387.593, 140
Trd, 4319388.343, 140
Trd, 4319388.843, 140
Trd, 4319389.043, 140
Trd, 4319389.843, 140
Trd, 4319389.943, 138
Trd, 4319391.443, 140
Trd, 4319392.443, 140
Trd, 4319393.593, 140
Trd, 4319394.043, 140
Trd, 4319394.843, 140
Trd, 4319395.643, 140
Trd, 4319396.243, 140
Trd, 4319397.443, 140
Trd, 4319397.993, 139
Trd, 4319399.043, 140
Trd, 4319399.943, 140
Trd, 4319400.543, 140
Trd, 4319401.543, 140
Trd, 4319401.693, 140
Trd, 4319402.593, 140
Trd, 4319403.243, 139
Trd, 4319403.443, 138
Trd, 4319403.543, 136
Trd, 4319403.743, 139
Trd, 4319403.843, 138
Trd, 4319404.993, 60
Trd, 4319405.293, 61
Trd, 4319406.293, 61
Trd, 4319406.393, 68
Trd, 4319407.693, 140
Trd, 4319407.793, 139
Trd, 4319410.043, 60
Trd, 4319410.093, 62
Trd, 4319410.343, 65
Trd, 4319411.193, 64
Trd, 4319411.543, 65
Trd, 4319413.193, 60
Trd, 4319413.593, 60
Trd, 4319413.893, 60
Trd, 4319414.243, 60
Trd, 4319414.893, 62
Trd, 4319415.293, 60
Trd, 4319416.043, 60
Trd, 4319416.393, 67
Trd, 4319416.993, 64
Trd, 4319418.943, 61
Trd, 4319419.043, 60
Trd, 4319419.643, 60
Trd, 4319420.343, 60
Trd, 4319420.693, 60
Trd, 4319420.793, 61
Trd, 4319422.593, 60
Trd, 4319423.643, 60
Trd, 4319424.393, 60
Trd, 4319424.693, 60
Trd, 4319426.193, 60
Trd, 4319426.593, 60
Trd, 4319427.793, 60
Trd, 4319427.893, 60
Trd, 4319428.493, 60
Trd, 4319429.343, 60
Trd, 4319429.393, 60
Trd, 4319429.943, 60
Trd, 4319430.643, 60
Trd, 4319432.893, 60
Trd, 4319433.243, 60
Trd, 4319433.293, 61
Trd, 4319433.543, 60
Trd, 4319433.743, 63
Trd, 4319434.293, 60
Trd, 4319434.643, 65
Trd, 4319435.193, 67
Trd, 4319435.893, 69
Trd, 4319436.043, 62
Trd, 4319436.943, 140
Trd, 4319437.743, 140
Trd, 4319438.043, 140
Trd, 4319438.493, 140
Trd, 4319439.593, 126
Trd, 4319440.443, 84
Trd, 4319441.043, 66
Trd, 4319441.393, 62
Trd, 4319442.693, 140
Trd, 4319443.643, 140
Trd, 4319444.543, 140
Trd, 4319444.593, 140
Trd, 4319444.893, 140
Trd, 4319445.393, 140
Trd, 4319447.343, 140
Trd, 4319448.443, 140
Trd, 4319449.243, 140
Trd, 4319449.293, 140
Trd, 4319449.693, 140
Trd, 4319449.793, 139
Trd, 4319450.443, 123
Trd, 4319450.593, 111
Trd, 4319451.443, 78
Trd, 4319451.943, 66
Trd, 4319452.543, 65
Trd, 4319454.043, 60
Trd, 4319454.143, 60
Trd, 4319455.043, 61
Trd, 4319456.493, 60
Trd, 4319456.943, 60
Trd, 4319457.543, 60
Trd, 4319457.793, 67
Trd, 4319457.893, 67
Trd, 4319459.593, 60
Trd, 4319461.443, 60
Trd, 4319463.143, 61
Trd, 4319463.493, 61
Trd, 4319463.543, 62
Trd, 4319463.643, 63
Trd, 4319464.243, 60
Trd, 4319464.693, 61
Trd, 4319465.443, 61
Trd, 4319465.793, 61
Trd, 4319466.843, 60
Trd, 4319468.093, 60
Trd, 4319468.493, 60
Trd, 4319471.093, 60
Trd, 4319472.593, 60
Trd, 4319473.193, 60
Trd, 4319473.343, 60
Trd, 4319473.943, 61
Trd, 4319475.643, 60
Trd, 4319476.193, 60
Trd, 4319476.243, 62
Trd, 4319476.443, 63
Trd, 4319476.693, 61
Trd, 4319476.893, 65
Trd, 4319477.143, 61
Trd, 4319477.593, 66
Trd, 4319479.043, 140
Trd, 4319479.093, 140
Trd, 4319479.593, 140
Trd, 4319479.893, 140
Trd, 4319480.843, 140
Trd, 4319481.593, 140
Trd, 4319482.993, 140
Trd, 4319483.093, 139
Trd, 4319483.943, 140
Trd, 4319484.393, 140
Trd, 4319485.193, 140
Trd, 4319487.093, 140
Trd, 4319487.543, 140
Trd, 4319488.043, 137
Trd, 4319489.043, 139
Trd, 4319489.893, 62
Trd, 4319490.393, 63
Trd, 4319490.593, 64
Trd, 4319490.893, 65
Trd, 4319491.393, 139
Trd, 4319491.743, 140
Trd, 4319492.493, 140
Trd, 4319494.293, 140
Trd, 4319494.793, 140
Trd, 4319495.443, 140
Trd, 4319495.643, 138
Trd, 4319495.793, 137
Trd, 4319498.643, 140
Trd, 4319498.743, 139
Trd, 4319498.943, 139
Trd, 4319499.043, 84
Trd, 4319499.643, 140
Trd, 4319500.693, 140
Trd, 4319502.743, 140
Trd, 4319502.893, 140
Trd, 4319503.443, 140
Trd, 4319505.043, 140
Trd, 4319505.693, 140
Trd, 4319505.993, 138
Trd, 4319506.293, 140
Trd, 4319506.643, 138
Trd, 4319507.143, 140
Trd, 4319507.843, 140
Trd, 4319508.493, 116
Trd, 4319509.593, 68
Trd, 4319510.143, 60
Trd, 4319510.293, 62
Trd, 4319510.443, 63
Trd, 4319510.893, 81
Trd, 4319511.993, 139
Trd, 4319512.193, 138
Trd, 4319512.543, 136
Trd, 4319512.743, 140
Trd, 4319515.343, 139
Trd, 4319516.593, 140
Trd, 4319516.993, 139
Trd, 4319517.593, 138
Trd, 4319518.743, 140
Trd, 4319519.193, 139
Trd, 4319519.593, 96
Trd, 4319520.293, 62
Trd, 4319520.693, 86
Trd, 4319521.243, 139
Trd, 4319521.643, 124
Trd, 4319522.543, 72
Trd, 4319523.893, 140
Trd, 4319525.443, 140
Trd, 4319525.493, 139
Trd, 4319525.843, 139
Trd, 4319526.943, 140
Trd, 4319528.543, 140
Trd, 4319528.843, 140
Trd, 4319529.593, 140
Trd, 4319529.843, 140
Trd, 4319530.593, 140
Trd, 4319531.643, 140
Trd, 4319532.343, 140
Trd, 4319532.593, 140
Trd, 4319532.893, 139
Trd, 4319533.243, 127
Trd, 4319533.893, 139
Trd, 4319535.093, 140
Trd, 4319535.143, 140
Trd, 4319536.443, 140
Trd, 4319537.493, 140
Trd, 4319537.793, 140
Trd, 4319538.293, 140
Trd, 4319539.043, 140
Trd, 4319540.243, 140
Trd, 4319540.843, 139
Trd, 4319541.893, 140
Trd, 4319542.543, 140
Trd, 4319543.643, 140
Trd, 4319543.943, 140
Trd, 4319544.093, 140
Trd, 4319545.493, 139
Trd, 4319547.793, 140
Trd, 4319548.093, 138
Trd, 4319549.493, 140
Trd, 4319550.343, 140
Trd, 4319550.643, 139
Trd, 4319551.343, 140
Trd, 4319551.943, 140
Trd, 4319552.143, 139
Trd, 4319552.693, 139
Trd, 4319553.343, 101
Trd, 4319553.943, 140
Trd, 4319555.343, 140
Trd, 4319556.493, 140
Trd, 4319556.793, 139
Trd, 4319559.343, 140
Trd, 4319560.243, 140
Trd, 4319560.543, 140
Trd, 4319560.943, 140
Trd, 4319561.793, 140
Trd, 4319562.093, 140
Trd, 4319562.493, 140
Trd, 4319563.393, 140
Trd, 4319564.743, 140
Trd, 4319565.043, 140
Trd, 4319565.493, 139
Trd, 4319566.493, 122
Trd, 4319566.993, 122
Trd, 4319567.493, 133
Trd, 4319568.443, 140
Trd, 4319569.693, 140
Trd, 4319570.493, 140
Trd, 4319570.643, 139
Trd, 4319570.793, 136
Trd, 4319571.743, 92
Trd, 4319573.193, 140
Trd, 4319573.243, 86
Trd, 4319573.493, 85
Trd, 4319574.493, 139
Trd, 4319575.093, 110
Trd, 4319577.343, 140
Trd, 4319578.193, 140
Trd, 4319578.643, 140
Trd, 4319579.093, 140
Trd, 4319579.393, 140
Trd, 4319579.443, 138
Trd, 4319580.443, 140
Trd, 4319581.843, 140
Trd, 4319583.893, 140
Trd, 4319583.943, 140
Trd, 4319584.693, 140
Trd, 4319585.243, 140
Trd, 4319585.343, 138
Trd, 4319587.043, 139
Trd, 4319587.593, 140
Trd, 4319587.843, 140
Trd, 4319588.793, 100
Trd, 4319589.143, 98
Trd, 4319589.643, 114
Trd, 4319590.943, 139
Trd, 4319591.643, 139
Trd, 4319592.143, 139
Trd, 4319592.943, 140
Trd, 4319593.693, 140
Trd, 4319595.143, 137
Trd, 4319596.593, 140
Trd, 4319597.043, 140
Trd, 4319597.143, 140
Trd, 4319597.693, 138
Trd, 4319597.793, 135
Trd, 4319599.343, 113
Trd, 4319600.093, 138
Trd, 4319601.943, 140
Trd, 4319601.993, 139
Trd, 4319602.043, 139
Trd, 4319602.643, 139
Trd, 4319604.343, 139
Trd, 4319605.043, 140
Trd, 4319605.443, 140
Trd, 4319607.843, 140
Trd, 4319608.043, 138
Trd, 4319608.193, 140
Trd, 4319608.643, 125
Trd, 4319608.743, 92
Trd, 4319609.843, 140
Trd, 4319611.993, 140
Trd, 4319612.243, 140
Trd, 4319612.843, 140
Trd, 4319613.343, 139
Trd, 4319614.593, 140
Trd, 4319615.493, 140
Trd, 4319616.493, 140
Trd, 4319618.143, 140
Trd, 4319618.193, 140
Trd, 4319618.693, 140
Trd, 4319618.843, 140
Trd, 4319619.593, 138
Trd, 4319620.143, 140
Trd, 4319620.643, 140
Trd, 4319620.893, 140
Trd, 4319621.293, 140
Trd, 4319623.543, 140
Trd, 4319624.093, 140
Trd, 4319624.793, 140
Trd, 4319625.143, 140
Trd, 4319626.343, 140
Trd, 4319626.843, 140
Trd, 4319628.343, 140
Trd, 4319628.743, 140
Trd, 4319629.243, 140
Trd, 4319629.493, 140
Trd, 4319630.993, 140
Trd, 4319631.243, 140
Trd, 4319631.593, 140
Trd, 4319632.243, 124
Trd, 4319633.993, 140
Trd, 4319634.043, 140
Trd, 4319635.993, 140
Trd, 4319636.393, 140
Trd, 4319637.343, 140
Trd, 4319637.593, 140
Trd, 4319637.693, 140
Trd, 4319637.893, 140
Trd, 4319639.093, 139
Trd, 4319639.243, 138
Trd, 4319639.843, 139
Trd, 4319640.243, 90
Trd, 4319640.443, 89
Trd, 4319641.093, 87
Trd, 4319641.293, 134
Trd, 4319641.693, 140
Trd, 4319643.393, 140
Trd, 4319645.043, 140
Trd, 4319646.793, 140
Trd, 4319646.893, 140
Trd, 4319647.193, 140
Trd, 4319647.693, 140
Trd, 4319649.643, 140
Trd, 4319650.943, 140
Trd, 4319651.643, 140
Trd, 4319651.893, 140
Trd, 4319652.543, 140
Trd, 4319652.843, 140
Trd, 4319653.793, 140
Trd, 4319654.343, 140
Trd, 4319655.893, 140
Trd, 4319656.293, 140
Trd, 4319657.493, 140
Trd, 4319657.693, 140
Trd, 4319659.193, 140
Trd, 4319659.793, 140
Trd, 4319659.993, 140
Trd, 4319660.493, 140
Trd, 4319662.543, 140
Trd, 4319662.893, 140
Trd, 4319664.243, 140
Trd, 4319664.743, 140
Trd, 4319665.943, 140
Trd, 4319666.043, 140
Trd, 4319667.393, 140
Trd, 4319667.593, 140
Trd, 4319668.193, 140
Trd, 4319669.393, 140
Trd, 4319669.643, 140
Trd, 4319671.243, 140
Trd, 4319671.893, 140
Trd, 4319672.593, 140
Trd, 4319673.143, 140
Trd, 4319673.493, 140
Trd, 4319673.593, 140
Trd, 4319674.943, 140
Trd, 4319675.643, 140
Trd, 4319675.893, 140
Trd, 4319678.143, 140
Trd, 4319679.143, 140
Trd, 4319680.193, 140
Trd, 4319680.743, 139
Trd, 4319682.093, 140
Trd, 4319682.243, 140
Trd, 4319682.293, 98
Trd, 4319682.993, 140
Trd, 4319683.393, 138
Trd, 4319684.893, 140
Trd, 4319686.443, 140
Trd, 4319687.393, 140
Trd, 4319687.643, 140
Trd, 4319688.443, 140
Trd, 4319688.643, 140
Trd, 4319689.743, 139
Trd, 4319689.893, 138
Trd, 4319690.543, 138
Trd, 4319691.693, 67
Trd, 4319691.993, 64
Trd, 4319692.393, 69
Trd, 4319693.243, 64
Trd, 4319694.093, 60
Trd, 4319694.693, 60
Trd, 4319694.743, 62
Trd, 4319694.993, 64
Trd, 4319695.793, 61
Trd, 4319696.493, 62
Trd, 4319696.593, 60
Trd, 4319698.343, 60
Trd, 4319698.393, 60
Trd, 4319698.693, 63
Trd, 4319699.743, 60
Trd, 4319701.643, 60
Trd, 4319702.043, 60
Trd, 4319702.293, 62
Trd, 4319703.493, 60
Trd, 4319703.793, 60
Trd, 4319706.193, 60
Trd, 4319706.243, 62
Trd, 4319706.443, 64
Trd, 4319707.343, 63
Trd, 4319708.293, 60
Trd, 4319710.593, 60
Trd, 4319710.793, 60
Trd, 4319710.943, 61
Trd, 4319711.643, 62
Trd, 4319712.443, 60
Trd, 4319713.393, 60
Trd, 4319713.443, 60
Trd, 4319714.643, 60
Trd, 4319716.143, 60
Trd, 4319716.593, 63
Trd, 4319716.693, 63
Trd, 4319716.893, 62
Trd, 4319717.843, 63
Trd, 4319717.993, 65
Trd, 4319718.293, 61
Trd, 4319718.443, 67
Trd, 4319719.143, 61
Trd, 4319719.843, 60
Trd, 4319721.843, 64
Trd, 4319723.043, 62
Trd, 4319723.143, 60
Trd, 4319723.643, 63
Trd, 4319723.793, 62
Trd, 4319724.043, 62
Trd, 4319724.193, 61
Trd, 4319725.143, 60
Trd, 4319725.343, 61
Trd, 4319725.743, 64
Trd, 4319726.193, 76
Trd, 4319726.393, 75
Trd, 4319727.943, 60
Trd, 4319728.243, 61
Trd, 4319728.693, 66
Trd, 4319729.343, 62
Trd, 4319730.293, 66
Trd, 4319731.043, 60
Trd, 4319732.043, 60
Trd, 4319732.693, 60
Trd, 4319733.643, 60
Trd, 4319734.093, 62
Trd, 4319734.243, 63
Trd, 4319735.093, 64
Trd, 4319735.743, 61
Trd, 4319735.843, 60
Trd, 4319736.693, 60
Trd, 4319736.843, 61
Trd, 4319737.243, 60
Trd, 4319738.843, 61
Trd, 4319739.143, 60
Trd, 4319740.093, 60
Trd, 4319740.443, 61
Trd, 4319740.693, 60
Trd, 4319741.693, 60
Trd, 4319741.743, 60
Trd, 4319743.143, 61
Trd, 4319744.143, 61
Trd, 4319744.193, 62
Trd, 4319745.193, 63
Trd, 4319746.393, 60
Trd, 4319746.643, 60
Trd, 4319746.743, 61
Trd, 4319746.793, 64
Trd, 4319747.243, 60
Trd, 4319748.493, 66
Trd, 4319750.393, 60
Trd, 4319750.793, 61
Trd, 4319750.943, 61
Trd, 4319751.993, 60
Trd, 4319752.193, 60
Trd, 4319752.993, 60
Trd, 4319753.193, 61
Trd, 4319754.143, 65
Trd, 4319755.343, 61
Trd, 4319755.993, 62
Trd, 4319757.593, 60
Trd, 4319758.443, 61
Trd, 4319758.893, 60
Trd, 4319759.393, 61
Trd, 4319759.743, 62
Trd, 4319759.793, 62
Trd, 4319760.493, 61
Trd, 4319760.543, 61
Trd, 4319760.843, 61
Trd, 4319761.993, 67
Trd, 4319762.693, 139
Trd, 4319763.543, 140
Trd, 4319764.593, 62
Trd, 4319764.643, 65
Trd, 4319765.543, 136
Trd, 4319766.393, 140
Trd, 4319767.543, 140
Trd, 4319767.643, 140
Trd, 4319769.493, 140
Trd, 4319770.043, 140
Trd, 4319770.543, 140
Trd, 4319770.943, 140
Trd, 4319771.543, 140
Trd, 4319774.043, 140
Trd, 4319774.943, 140
Trd, 4319775.243, 140
Trd, 4319775.593, 140
Trd, 4319776.893, 140
Trd, 4319777.593, 140
Trd, 4319778.293, 140
Trd, 4319778.393, 140
Trd, 4319779.993, 140
Trd, 4319780.243, 140
Trd, 4319780.793, 140
Trd, 4319781.593, 140
Trd, 4319782.443, 140
Trd, 4319783.643, 140
Trd, 4319783.843, 139
Trd, 4319784.743, 140
Trd, 4319786.293, 140
Trd, 4319786.843, 140
Trd, 4319786.993, 140
Trd, 4319788.043, 140
Trd, 4319789.393, 139
Trd, 4319789.443, 137
Trd, 4319790.643, 130
Trd, 4319791.293, 138
Trd, 4319792.743, 140
Trd, 4319792.943, 140
Trd, 4319793.343, 140
Trd, 4319794.293, 140
Trd, 4319795.093, 140
Trd, 4319795.243, 97
Trd, 4319797.143, 140
Trd, 4319797.843, 140
Trd, 4319798.093, 138
Trd, 4319800.143, 140
Trd, 4319800.543, 140
Trd, 4319801.043, 140
Trd, 4319801.093, 137
Trd, 4319803.593, 140
Trd, 4319803.643, 140
Trd, 4319804.143, 140
Trd, 4319804.193, 139
Trd, 4319804.643, 136
Trd, 4319804.793, 140
Trd, 4319804.943, 114
Trd, 4319806.093, 112
Trd, 4319806.243, 137
Trd, 4319806.893, 139
Trd, 4319807.993, 140
Trd, 4319808.393, 140
Trd, 4319808.943, 139
Trd, 4319809.443, 140
Trd, 4319810.393, 140
Trd, 4319810.443, 140
Trd, 4319811.943, 140
Trd, 4319812.493, 140
Trd, 4319813.243, 140
Trd, 4319814.243, 140
Trd, 4319815.693, 140
Trd, 4319815.843, 140
Trd, 4319816.243, 140
Trd, 4319817.293, 140
Trd, 4319818.543, 140
Trd, 4319818.743, 139
Trd, 4319818.893, 137
Trd, 4319819.143, 140
Trd, 4319819.893, 139
Trd, 4319820.143, 88
Trd, 4319821.393, 140
Trd, 4319822.693, 140
Trd, 4319822.843, 140
Trd, 4319823.743, 140
Trd, 4319824.193, 140
Trd, 4319825.543, 140
Trd, 4319825.893, 140
Trd, 4319826.843, 140
Trd, 4319828.093, 140
Trd, 4319828.693, 132
Trd, 4319828.843, 131
Trd, 4319829.443, 140
Trd, 4319830.843, 133
Trd, 4319831.643, 134
Trd, 4319833.043, 140
Trd, 4319833.293, 140
Trd, 4319833.543, 140
Trd, 4319835.443, 140
Trd, 4319836.593, 140
Trd, 4319836.943, 140
Trd, 4319837.143, 140
Trd, 4319837.343, 137
Trd, 4319838.043, 77
Trd, 4319838.693, 140
Trd, 4319839.043, 139
Trd, 4319840.793, 140
Trd, 4319840.843, 140
Trd, 4319841.193, 84
Trd, 4319841.743, 72
Trd, 4319842.593, 60
Trd, 4319842.893, 60
Trd, 4319843.543, 137
Trd, 4319843.743, 136
Trd, 4319845.043, 65
Trd, 4319845.143, 68
Trd, 4319846.243, 61
Trd, 4319848.043, 140
Trd, 4319848.243, 140
Trd, 4319848.293, 86
Trd, 4319849.293, 140
Trd, 4319850.243, 140
Trd, 4319850.393, 140
Trd, 4319851.743, 140
Trd, 4319852.893, 140
Trd, 4319853.043, 140
Trd, 4319853.643, 140
Trd, 4319855.293, 140
Trd, 4319855.393, 140
Trd, 4319856.343, 140
Trd, 4319856.743, 140
Trd, 4319857.543, 140
Trd, 4319858.943, 139
Trd, 4319860.243, 139
Trd, 4319861.293, 140
Trd, 4319861.543, 140
Trd, 4319861.843, 140
Trd, 4319862.243, 140
Trd, 4319863.143, 140
Trd, 4319864.143, 140
Trd, 4319865.793, 140
Trd, 4319865.843, 140
Trd, 4319866.043, 140
Trd, 4319866.543, 140
Trd, 4319866.843, 138
Trd, 4319866.993, 111
Trd, 4319868.243, 140
Trd, 4319870.393, 60
Trd, 4319870.793, 140
Trd, 4319871.293, 140
Trd, 4319872.343, 140
Trd, 4319873.493, 140
Trd, 4319873.693, 140
Trd, 4319873.793, 140
Trd, 4319873.993, 140
Trd, 4319875.743, 140
Trd, 4319875.943, 140
Trd, 4319876.343, 140
Trd, 4319877.693, 140
Trd, 4319880.293, 140
Trd, 4319880.843, 140
Trd, 4319881.993, 140
Trd, 4319882.443, 140
Trd, 4319882.943, 140
Trd, 4319883.093, 139
Trd, 4319884.193, 140
Trd, 4319884.593, 139
Trd, 4319884.743, 115
Trd, 4319885.393, 140
Trd, 4319886.893, 140
Trd, 4319887.043, 140
Trd, 4319887.143, 140
Trd, 4319887.493, 140
Trd, 4319887.843, 90
Trd, 4319888.743, 79
Trd, 4319889.293, 140
Trd, 4319889.893, 114
Trd, 4319891.143, 65
Trd, 4319891.293, 79
Trd, 4319891.343, 64
Trd, 4319891.593, 82
Trd, 4319892.743, 74
Trd, 4319893.693, 140
Trd, 4319893.843, 140
Trd, 4319894.793, 140
Trd, 4319894.893, 137
Trd, 4319896.393, 140
Trd, 4319898.043, 140
Trd, 4319898.093, 140
Trd, 4319899.243, 140
Trd, 4319899.693, 140
Trd, 4319900.293, 140
Trd, 4319900.393, 139
Trd, 4319901.793, 140
Trd, 4319902.993, 140
Trd, 4319903.743, 140
Trd, 4319904.443, 140
Trd, 4319905.543, 139
Trd, 4319905.893, 140
Trd, 4319907.693, 140
Trd, 4319908.043, 140
Trd, 4319908.393, 138
Trd, 4319909.293, 140
Trd, 4319910.443, 140
Trd, 4319910.943, 140
Trd, 4319911.943, 140
Trd, 4319912.393, 140
Trd, 4319912.743, 140
Trd, 4319913.043, 140
Trd, 4319914.243, 140
Trd, 4319914.543, 140
Trd, 4319915.943, 140
Trd, 4319916.093, 140
Trd, 4319918.443, 140
Trd, 4319919.093, 140
Trd, 4319919.193, 140
Trd, 4319920.393, 139
Trd, 4319921.193, 140
Trd, 4319921.343, 140
Trd, 4319922.443, 139
Trd, 4319922.843, 108
Trd, 4319923.793, 140
Trd, 4319924.293, 140
Trd, 4319924.493, 91
Trd, 4319924.693, 140
Trd, 4319925.293, 140
Trd, 4319927.493, 140
Trd, 4319927.643, 140
Trd, 4319928.343, 140
Trd, 4319928.593, 140
Trd, 4319929.243, 140
Trd, 4319929.743, 140
Trd, 4319930.893, 138
Trd, 4319932.043, 140
Trd, 4319932.593, 140
Trd, 4319933.393, 140
Trd, 4319933.993, 139
Trd, 4319934.543, 140
Trd, 4319936.393, 140
Trd, 4319936.493, 140
Trd, 4319937.243, 140
Trd, 4319938.043, 140
Trd, 4319938.893, 140
Trd, 4319939.543, 140
Trd, 4319939.643, 140
Trd, 4319939.893, 140
Trd, 4319940.393, 140
Trd, 4319940.793, 138
Trd, 4319941.543, 140
Trd, 4319942.443, 65
Trd, 4319942.893, 61
Trd, 4319944.143, 65
Trd, 4319945.793, 60
Trd, 4319946.593, 60
Trd, 4319946.893, 60
Trd, 4319948.143, 60
Trd, 4319948.193, 61
Trd, 4319948.893, 62
Trd, 4319949.643, 60
Trd, 4319950.193, 60
Trd, 4319950.493, 61
Trd, 4319952.243, 60
Trd, 4319952.593, 60
Trd, 4319953.043, 60
Trd, 4319954.093, 60
Trd, 4319955.943, 60
Trd, 4319956.443, 60
Trd, 4319956.793, 61
Trd, 4319957.343, 62
Trd, 4319959.193, 60
Trd, 4319959.293, 61
Trd, 4319959.443, 64
Trd, 4319960.043, 62
Trd, 4319961.243, 60
Trd, 4319961.943, 60
Trd, 4319962.493, 60
Trd, 4319962.843, 60
Trd, 4319964.893, 60
Trd, 4319964.943, 60
Trd, 4319965.093, 61
Trd, 4319965.993, 60
Trd, 4319966.543, 60
Trd, 4319966.743, 61
Trd, 4319966.893, 61
Trd, 4319967.593, 62
Trd, 4319969.293, 60
Trd, 4319969.793, 60
Trd, 4319970.243, 60
Trd, 4319970.343, 60
Trd, 4319971.543, 60
Trd, 4319972.343, 60
Trd, 4319972.393, 61
Trd, 4319972.643, 60
Trd, 4319973.043, 64
Trd, 4319974.843, 60
Trd, 4319975.143, 60
Trd, 4319977.393, 60
Trd, 4319977.493, 61
Trd, 4319978.493, 60
Trd, 4319978.593, 61
Trd, 4319978.643, 62
Trd, 4319978.993, 63
Trd, 4319979.543, 60
Trd, 4319979.693, 60
Trd, 4319980.143, 71
Trd, 4319980.243, 72
Trd, 4319980.743, 61
Trd, 4319981.793, 61
Trd, 4319982.193, 62
Trd, 4319982.443, 65
Trd, 4319982.693, 63
Trd, 4319982.893, 62
Trd, 4319983.943, 140
Trd, 4319985.143, 140
Trd, 4319985.893, 89
Trd, 4319986.493, 88
Trd, 4319986.943, 62
Trd, 4319988.193, 62
Trd, 4319989.343, 139
Trd, 4319989.793, 68
Trd, 4319990.443, 140
Trd, 4319990.943, 140
Trd, 4319992.193, 140
Trd, 4319992.443, 140
Trd, 4319993.393, 133
Trd, 4319993.893, 140
Trd, 4319993.943, 140
Trd, 4319995.543, 140
Trd, 4319997.243, 140
Trd, 4319997.393, 140
Trd, 4319997.893, 139
Trd, 4319998.543, 140
Trd, 4319999.393, 140
Trd, 4319999.693, 140
