Trd, 4318142.093, 87
Trd, 4318142.243, 131
Trd, 4318143.043, 72
Trd, 4318143.243, 74
Trd, 4318143.293, 68
Trd, 4318143.693, 65
Trd, 4318144.193, 125
Trd, 4318145.843, 139
Trd, 4318146.043, 138
Trd, 4318146.443, 117
Trd, 4318146.893, 90
Trd, 4318149.143, 140
Trd, 4318149.893, 140
Trd, 4318150.293, 122
Trd, 4318150.643, 136
Trd, 4318151.843, 119
Trd, 4318152.143, 113
Trd, 4318153.543, 140
Trd, 4318153.643, 140
Trd, 4318154.093, 138
Trd, 4318154.243, 80
Trd, 4318155.343, 78
Trd, 4318156.193, 73
Trd, 4318156.443, 115
Trd, 4318159.793, 61
Trd, 4318160.543, 64
Trd, 4318160.593, 106
Trd, 4318161.093, 65
Trd, 4318161.293, 64
Trd, 4318161.843, 66
Trd, 4318161.943, 78
Trd, 4318163.293, 84
Trd, 4318163.993, 68
Trd, 4318164.993, 71
Trd, 4318165.093, 116
Trd, 4318165.543, 67
Trd, 4318166.493, 103
Trd, 4318166.893, 84
Trd, 4318168.543, 68
Trd, 4318168.643, 67
Trd, 4318168.893, 68
Trd, 4318169.293, 96
Trd, 4318169.593, 84
Trd, 4318170.643, 79
Trd, 4318171.343, 113
Trd, 4318171.593, 104
Trd, 4318173.143, 69
Trd, 4318173.293, 134
Trd, 4318173.593, 65
Trd, 4318174.093, 101
Trd, 4318175.043, 91
Trd, 4318175.543, 103
Trd, 4318176.293, 90
Trd, 4318176.543, 107
Trd, 4318178.293, 109
Trd, 4318178.443, 95
Trd, 4318178.943, 83
Trd, 4318179.993, 78
Trd, 4318180.293, 76
Trd, 4318180.843, 104
Trd, 4318181.443, 113
Trd, 4318181.643, 116
Trd, 4318181.843, 106
Trd, 4318183.343, 63
Trd, 4318184.193, 92
Trd, 4318184.493, 92
Trd, 4318184.643, 84
Trd, 4318185.043, 71
Trd, 4318187.043, 70
Trd, 4318187.143, 61
Trd, 4318187.393, 83
Trd, 4318187.643, 81
Trd, 4318188.393, 94
Trd, 4318190.143, 69
Trd, 4318190.843, 67
Trd, 4318191.093, 72
Trd, 4318192.343, 67
Trd, 4318193.343, 138
Trd, 4318193.943, 116
Trd, 4318194.543, 97
Trd, 4318195.243, 95
Trd, 4318196.793, 103
Trd, 4318196.993, 101
Trd, 4318197.043, 88
Trd, 4318197.493, 81
Trd, 4318198.243, 83
Trd, 4318200.393, 76
Trd, 4318201.043, 75
Trd, 4318201.743, 86
Trd, 4318202.193, 81
Trd, 4318202.443, 119
Trd, 4318202.593, 83
Trd, 4318203.543, 78
Trd, 4318204.343, 137
Trd, 4318204.943, 136
Trd, 4318205.243, 111
Trd, 4318206.043, 128
Trd, 4318206.643, 138
Trd, 4318207.493, 92
Trd, 4318208.493, 114
Trd, 4318209.793, 105
Trd, 4318210.743, 104
Trd, 4318211.193, 121
Trd, 4318212.093, 119
Trd, 4318212.493, 111
Trd, 4318213.893, 92
Trd, 4318214.793, 94
Trd, 4318214.843, 96
Trd, 4318215.743, 134
Trd, 4318215.843, 112
Trd, 4318215.893, 93
Trd, 4318216.743, 122
Trd, 4318217.193, 106
Trd, 4318217.343, 105
Trd, 4318217.993, 85
Trd, 4318219.343, 129
Trd, 4318220.543, 120
Trd, 4318220.643, 109
Trd, 4318221.093, 110
Trd, 4318221.193, 108
Trd, 4318221.443, 96
Trd, 4318222.643, 69
Trd, 4318223.293, 90
Trd, 4318224.643, 89
Trd, 4318224.893, 88
Trd, 4318226.093, 80
Trd, 4318226.893, 88
Trd, 4318227.693, 139
Trd, 4318228.643, 103
Trd, 4318230.093, 140
Trd, 4318230.493, 140
Trd, 4318230.743, 109
Trd, 4318231.093, 124
Trd, 4318231.393, 96
Trd, 4318231.443, 88
Trd, 4318232.243, 73
Trd, 4318233.693, 104
Trd, 4318233.993, 80
Trd, 4318234.993, 129
Trd, 4318235.793, 133
Trd, 4318236.443, 132
Trd, 4318236.493, 124
Trd, 4318236.543, 82
Trd, 4318237.493, 97
Trd, 4318239.943, 77
Trd, 4318240.593, 71
Trd, 4318241.093, 121
Trd, 4318242.143, 109
Trd, 4318242.593, 102
Trd, 4318243.393, 63
Trd, 4318243.493, 98
Trd, 4318244.193, 109
Trd, 4318244.343, 73
Trd, 4318245.393, 100
Trd, 4318245.693, 99
Trd, 4318246.343, 122
Trd, 4318246.393, 84
Trd, 4318247.693, 85
Trd, 4318248.243, 87
Trd, 4318248.793, 104
Trd, 4318250.443, 132
Trd, 4318250.643, 114
Trd, 4318251.193, 134
Trd, 4318251.593, 122
Trd, 4318251.743, 108
Trd, 4318251.793, 134
Trd, 4318252.643, 105
Trd, 4318252.743, 96
Trd, 4318253.493, 139
Trd, 4318253.743, 132
Trd, 4318256.243, 140
Trd, 4318256.343, 119
Trd, 4318256.593, 95
Trd, 4318256.843, 138
Trd, 4318257.593, 116
Trd, 4318258.343, 120
Trd, 4318258.643, 123
Trd, 4318259.443, 100
Trd, 4318260.043, 122
Trd, 4318260.943, 93
Trd, 4318261.493, 104
Trd, 4318262.643, 133
Trd, 4318263.143, 138
Trd, 4318263.293, 130
Trd, 4318264.893, 102
Trd, 4318265.193, 126
Trd, 4318265.393, 96
Trd, 4318265.693, 119
Trd, 4318266.893, 65
Trd, 4318267.993, 71
Trd, 4318268.143, 74
Trd, 4318269.543, 137
Trd, 4318269.643, 84
Trd, 4318269.693, 80
Trd, 4318270.493, 61
Trd, 4318272.443, 97
Trd, 4318273.643, 111
Trd, 4318274.193, 127
Trd, 4318274.343, 108
Trd, 4318274.793, 100
Trd, 4318275.743, 108
Trd, 4318276.693, 87
Trd, 4318277.243, 97
Trd, 4318277.593, 86
Trd, 4318279.043, 90
Trd, 4318279.143, 109
Trd, 4318279.743, 135
Trd, 4318280.093, 88
Trd, 4318280.743, 107
Trd, 4318280.943, 87
Trd, 4318281.493, 63
Trd, 4318282.143, 81
Trd, 4318282.643, 109
Trd, 4318282.943, 66
Trd, 4318285.243, 81
Trd, 4318285.943, 67
Trd, 4318286.093, 100
Trd, 4318288.193, 118
Trd, 4318288.793, 111
Trd, 4318289.043, 111
Trd, 4318289.093, 97
Trd, 4318290.243, 92
Trd, 4318290.343, 87
Trd, 4318291.893, 132
Trd, 4318292.593, 140
Trd, 4318292.843, 132
Trd, 4318293.993, 125
Trd, 4318294.343, 119
Trd, 4318294.393, 112
Trd, 4318294.543, 117
Trd, 4318294.843, 105
Trd, 4318295.543, 104
Trd, 4318297.893, 137
Trd, 4318298.143, 135
Trd, 4318298.593, 129
Trd, 4318299.293, 100
Trd, 4318299.843, 99
Trd, 4318300.543, 136
Trd, 4318300.593, 135
Trd, 4318301.093, 113
Trd, 4318302.793, 119
Trd, 4318302.993, 113
Trd, 4318303.093, 112
Trd, 4318303.293, 96
Trd, 4318303.343, 114
Trd, 4318304.393, 85
Trd, 4318305.843, 139
Trd, 4318305.993, 110
Trd, 4318306.993, 93
Trd, 4318307.343, 91
Trd, 4318308.593, 126
Trd, 4318308.743, 118
Trd, 4318310.043, 126
Trd, 4318310.143, 99
Trd, 4318310.293, 140
Trd, 4318311.893, 87
Trd, 4318312.093, 85
Trd, 4318313.543, 136
Trd, 4318313.793, 73
Trd, 4318314.043, 76
Trd, 4318314.493, 114
Trd, 4318314.943, 84
Trd, 4318316.593, 137
Trd, 4318317.193, 116
Trd, 4318318.243, 114
Trd, 4318318.593, 113
Trd, 4318319.193, 133
Trd, 4318319.693, 76
Trd, 4318320.643, 72
Trd, 4318321.743, 92
Trd, 4318322.043, 72
Trd, 4318322.143, 87
Trd, 4318323.293, 102
Trd, 4318324.543, 89
Trd, 4318325.193, 137
Trd, 4318325.593, 88
Trd, 4318325.893, 91
Trd, 4318326.043, 82
Trd, 4318326.793, 88
Trd, 4318327.243, 106
Trd, 4318328.443, 86
Trd, 4318329.143, 103
Trd, 4318330.743, 136
Trd, 4318330.843, 134
Trd, 4318331.343, 116
Trd, 4318331.443, 113
Trd, 4318332.493, 117
Trd, 4318332.843, 120
Trd, 4318333.893, 62
Trd, 4318334.793, 94
Trd, 4318335.393, 72
Trd, 4318335.993, 99
Trd, 4318336.943, 103
Trd, 4318337.443, 76
Trd, 4318337.993, 70
Trd, 4318338.443, 70
Trd, 4318338.543, 72
Trd, 4318339.393, 99
Trd, 4318340.393, 100
Trd, 4318340.993, 104
Trd, 4318341.393, 128
Trd, 4318342.243, 96
Trd, 4318343.643, 120
Trd, 4318344.743, 140
Trd, 4318345.493, 140
Trd, 4318345.693, 130
Trd, 4318347.743, 130
Trd, 4318347.943, 129
Trd, 4318348.093, 101
Trd, 4318348.393, 68
Trd, 4318349.193, 105
Trd, 4318349.593, 140
Trd, 4318350.743, 116
Trd, 4318350.943, 116
Trd, 4318351.293, 111
Trd, 4318351.543, 138
Trd, 4318352.243, 131
Trd, 4318352.543, 80
Trd, 4318353.293, 130
Trd, 4318353.343, 129
Trd, 4318354.843, 122
Trd, 4318355.143, 100
Trd, 4318356.043, 71
Trd, 4318357.193, 74
Trd, 4318357.643, 126
Trd, 4318358.043, 118
Trd, 4318358.643, 101
Trd, 4318358.843, 119
Trd, 4318358.893, 103
Trd, 4318359.843, 97
Trd, 4318361.193, 94
Trd, 4318361.843, 89
Trd, 4318362.793, 129
Trd, 4318363.193, 88
Trd, 4318363.993, 134
Trd, 4318364.243, 97
Trd, 4318365.143, 134
Trd, 4318365.493, 118
Trd, 4318366.293, 130
Trd, 4318367.193, 113
Trd, 4318367.543, 110
Trd, 4318368.143, 109
Trd, 4318368.643, 86
Trd, 4318368.893, 132
Trd, 4318369.443, 82
Trd, 4318371.143, 63
Trd, 4318372.943, 62
Trd, 4318373.093, 93
Trd, 4318373.843, 77
Trd, 4318374.943, 90
Trd, 4318375.343, 91
Trd, 4318375.493, 91
Trd, 4318375.543, 82
Trd, 4318375.843, 107
Trd, 4318377.293, 119
Trd, 4318377.693, 110
Trd, 4318378.293, 107
Trd, 4318379.693, 121
Trd, 4318379.843, 120
Trd, 4318379.993, 90
Trd, 4318380.593, 134
Trd, 4318381.443, 102
Trd, 4318381.793, 101
Trd, 4318382.493, 77
Trd, 4318382.893, 140
Trd, 4318383.193, 74
Trd, 4318384.093, 139
Trd, 4318385.943, 82
Trd, 4318386.593, 79
Trd, 4318387.543, 136
Trd, 4318387.893, 135
Trd, 4318387.943, 133
Trd, 4318389.293, 112
Trd, 4318389.993, 129
Trd, 4318390.993, 118
Trd, 4318391.193, 99
Trd, 4318391.693, 140
Trd, 4318391.743, 93
Trd, 4318393.093, 111
Trd, 4318393.493, 95
Trd, 4318393.993, 94
Trd, 4318394.043, 134
Trd, 4318395.093, 104
Trd, 4318396.043, 125
Trd, 4318397.643, 122
Trd, 4318397.843, 103
Trd, 4318398.393, 134
Trd, 4318399.093, 139
Trd, 4318399.493, 109
Trd, 4318401.143, 114
Trd, 4318402.593, 98
Trd, 4318402.993, 91
Trd, 4318403.493, 103
Trd, 4318403.993, 84
Trd, 4318404.143, 103
Trd, 4318404.593, 96
Trd, 4318405.993, 60
Trd, 4318406.543, 140
Trd, 4318406.893, 97
Trd, 4318408.043, 61
Trd, 4318409.543, 62
Trd, 4318411.243, 98
Trd, 4318412.043, 94
Trd, 4318412.493, 97
Trd, 4318412.743, 88
Trd, 4318413.293, 84
Trd, 4318415.293, 80
Trd, 4318416.243, 112
Trd, 4318416.793, 140
Trd, 4318416.843, 140
Trd, 4318417.093, 112
Trd, 4318417.343, 95
Trd, 4318418.493, 72
Trd, 4318419.593, 135
Trd, 4318420.143, 85
Trd, 4318420.543, 96
Trd, 4318421.193, 140
Trd, 4318421.543, 90
Trd, 4318424.693, 63
Trd, 4318424.993, 66
Trd, 4318425.493, 68
Trd, 4318425.993, 99
Trd, 4318426.143, 65
Trd, 4318427.243, 66
Trd, 4318428.243, 84
Trd, 4318428.343, 77
Trd, 4318428.543, 74
Trd, 4318428.743, 105
Trd, 4318429.143, 80
Trd, 4318429.693, 73
Trd, 4318430.893, 72
Trd, 4318432.693, 61
Trd, 4318432.993, 61
Trd, 4318435.293, 62
Trd, 4318435.393, 74
Trd, 4318435.643, 119
Trd, 4318436.593, 76
Trd, 4318437.543, 64
Trd, 4318437.793, 62
Trd, 4318440.343, 92
Trd, 4318440.743, 104
Trd, 4318440.993, 81
Trd, 4318441.143, 73
Trd, 4318441.543, 76
Trd, 4318441.893, 74
Trd, 4318442.343, 113
Trd, 4318443.543, 138
Trd, 4318444.493, 137
Trd, 4318445.093, 136
Trd, 4318445.643, 127
Trd, 4318446.943, 114
Trd, 4318448.343, 129
Trd, 4318448.793, 108
Trd, 4318449.493, 109
Trd, 4318449.743, 121
Trd, 4318450.593, 105
Trd, 4318450.843, 138
Trd, 4318451.293, 104
Trd, 4318452.193, 93
Trd, 4318452.743, 87
Trd, 4318453.193, 119
Trd, 4318455.543, 92
Trd, 4318455.643, 75
Trd, 4318456.493, 105
Trd, 4318457.593, 107
Trd, 4318458.843, 107
Trd, 4318459.193, 136
Trd, 4318459.393, 138
Trd, 4318459.893, 107
Trd, 4318460.743, 130
Trd, 4318461.293, 94
Trd, 4318462.243, 81
Trd, 4318462.993, 80
Trd, 4318463.193, 79
Trd, 4318463.843, 91
Trd, 4318464.843, 106
Trd, 4318465.443, 112
Trd, 4318465.493, 96
Trd, 4318466.193, 109
Trd, 4318467.143, 61
Trd, 4318468.143, 60
Trd, 4318468.993, 100
Trd, 4318469.493, 105
Trd, 4318469.593, 99
Trd, 4318469.843, 82
Trd, 4318469.943, 67
Trd, 4318470.043, 79
Trd, 4318470.693, 68
Trd, 4318471.743, 60
Trd, 4318472.443, 116
Trd, 4318473.693, 64
Trd, 4318474.393, 74
Trd, 4318476.093, 132
Trd, 4318478.193, 103
Trd, 4318478.293, 76
Trd, 4318478.443, 72
Trd, 4318478.793, 74
Trd, 4318479.343, 74
Trd, 4318480.793, 126
Trd, 4318480.943, 134
Trd, 4318482.193, 123
Trd, 4318482.643, 139
Trd, 4318484.793, 138
Trd, 4318485.143, 137
Trd, 4318485.743, 127
Trd, 4318485.793, 123
Trd, 4318485.943, 131
Trd, 4318487.043, 91
Trd, 4318487.443, 84
Trd, 4318488.343, 114
Trd, 4318489.193, 120
Trd, 4318489.443, 109
Trd, 4318489.843, 84
Trd, 4318489.993, 132
Trd, 4318490.143, 110
Trd, 4318491.143, 83
Trd, 4318491.593, 71
Trd, 4318492.643, 77
Trd, 4318492.843, 82
Trd, 4318493.343, 77
Trd, 4318493.543, 92
Trd, 4318493.593, 94
Trd, 4318493.643, 65
Trd, 4318496.343, 63
Trd, 4318496.443, 67
Trd, 4318497.993, 63
Trd, 4318498.643, 80
Trd, 4318499.143, 102
Trd, 4318499.593, 82
Trd, 4318500.243, 82
Trd, 4318501.293, 71
Trd, 4318501.343, 67
Trd, 4318501.593, 66
Trd, 4318501.793, 65
Trd, 4318502.293, 94
Trd, 4318503.143, 124
Trd, 4318503.543, 104
Trd, 4318504.093, 102
Trd, 4318504.643, 96
Trd, 4318506.343, 124
Trd, 4318507.243, 81
Trd, 4318507.393, 78
Trd, 4318507.893, 66
Trd, 4318508.793, 95
Trd, 4318509.993, 98
Trd, 4318511.143, 66
Trd, 4318511.293, 76
Trd, 4318513.243, 76
Trd, 4318515.243, 140
Trd, 4318515.443, 131
Trd, 4318515.643, 119
Trd, 4318515.743, 114
Trd, 4318515.993, 136
Trd, 4318516.493, 113
Trd, 4318517.643, 128
Trd, 4318518.043, 139
Trd, 4318518.493, 134
Trd, 4318519.843, 112
Trd, 4318520.043, 104
Trd, 4318520.093, 125
Trd, 4318524.693, 62
Trd, 4318524.893, 63
Trd, 4318525.143, 63
Trd, 4318525.593, 74
Trd, 4318525.993, 86
Trd, 4318526.743, 85
Trd, 4318526.793, 84
Trd, 4318527.743, 94
Trd, 4318528.293, 109
Trd, 4318528.493, 87
Trd, 4318528.843, 71
Trd, 4318530.093, 74
Trd, 4318530.693, 96
Trd, 4318530.893, 111
Trd, 4318531.543, 106
Trd, 4318531.643, 88
Trd, 4318532.693, 98
Trd, 4318533.243, 140
Trd, 4318533.943, 88
Trd, 4318534.343, 83
Trd, 4318534.693, 83
Trd, 4318535.993, 101
Trd, 4318536.393, 96
Trd, 4318536.993, 105
Trd, 4318537.143, 95
Trd, 4318538.593, 90
Trd, 4318539.393, 87
Trd, 4318540.343, 137
Trd, 4318540.743, 117
Trd, 4318540.993, 100
Trd, 4318542.043, 123
Trd, 4318542.943, 82
Trd, 4318543.593, 114
Trd, 4318543.793, 60
Trd, 4318545.193, 92
Trd, 4318545.493, 133
Trd, 4318546.093, 83
Trd, 4318547.243, 67
Trd, 4318549.143, 62
Trd, 4318549.643, 86
Trd, 4318549.743, 85
Trd, 4318550.393, 125
Trd, 4318550.843, 129
Trd, 4318550.893, 120
Trd, 4318551.493, 116
Trd, 4318551.543, 112
Trd, 4318552.193, 112
Trd, 4318553.693, 135
Trd, 4318555.393, 129
Trd, 4318555.893, 121
Trd, 4318556.093, 139
Trd, 4318556.143, 129
Trd, 4318556.443, 60
Trd, 4318557.343, 73
Trd, 4318558.843, 101
Trd, 4318558.943, 75
Trd, 4318559.693, 136
Trd, 4318559.843, 106
Trd, 4318560.643, 109
Trd, 4318561.643, 73
Trd, 4318562.393, 62
Trd, 4318563.593, 101
Trd, 4318564.693, 107
Trd, 4318565.393, 91
Trd, 4318565.793, 89
Trd, 4318566.443, 85
Trd, 4318566.693, 88
Trd, 4318567.793, 123
Trd, 4318568.793, 124
Trd, 4318569.993, 126
Trd, 4318571.293, 131
Trd, 4318571.593, 127
Trd, 4318572.493, 137
Trd, 4318573.293, 127
Trd, 4318574.743, 125
Trd, 4318575.093, 115
Trd, 4318575.243, 105
Trd, 4318575.343, 98
Trd, 4318575.443, 81
Trd, 4318577.043, 66
Trd, 4318577.693, 75
Trd, 4318578.643, 79
Trd, 4318579.443, 61
Trd, 4318579.893, 68
Trd, 4318580.543, 62
Trd, 4318582.393, 92
Trd, 4318583.043, 117
Trd, 4318583.393, 78
Trd, 4318583.443, 116
Trd, 4318584.393, 103
Trd, 4318584.593, 71
Trd, 4318585.193, 71
Trd, 4318585.843, 101
Trd, 4318587.343, 92
Trd, 4318587.843, 102
Trd, 4318588.343, 96
Trd, 4318588.743, 106
Trd, 4318589.143, 106
Trd, 4318589.243, 93
Trd, 4318590.643, 89
Trd, 4318591.543, 99
Trd, 4318591.743, 101
Trd, 4318592.743, 139
Trd, 4318592.793, 109
Trd, 4318594.143, 127
Trd, 4318594.193, 125
Trd, 4318594.293, 117
Trd, 4318595.593, 113
Trd, 4318596.493, 89
Trd, 4318597.643, 92
Trd, 4318598.293, 96
Trd, 4318599.543, 122
Trd, 4318599.693, 121
Trd, 4318599.743, 90
Trd, 4318600.793, 129
Trd, 4318601.093, 131
Trd, 4318601.393, 111
Trd, 4318603.293, 120
Trd, 4318604.043, 108
Trd, 4318605.043, 100
Trd, 4318605.093, 94
Trd, 4318605.443, 93
Trd, 4318606.093, 124
Trd, 4318607.243, 107
Trd, 4318607.343, 99
Trd, 4318609.493, 120
Trd, 4318610.193, 121
Trd, 4318610.293, 103
Trd, 4318610.693, 100
Trd, 4318611.343, 98
Trd, 4318611.893, 123
Trd, 4318612.843, 122
Trd, 4318613.393, 134
Trd, 4318613.843, 116
Trd, 4318614.293, 113
Trd, 4318615.293, 63
Trd, 4318615.543, 64
Trd, 4318616.743, 113
Trd, 4318617.043, 60
Trd, 4318617.743, 80
Trd, 4318618.243, 79
Trd, 4318618.793, 77
Trd, 4318619.593, 103
Trd, 4318620.643, 125
Trd, 4318620.693, 96
Trd, 4318622.843, 123
Trd, 4318623.193, 106
Trd, 4318623.243, 104
Trd, 4318623.593, 127
Trd, 4318623.793, 92
Trd, 4318625.543, 86
Trd, 4318625.893, 103
Trd, 4318626.693, 79
Trd, 4318626.893, 72
Trd, 4318627.593, 120
Trd, 4318627.993, 113
Trd, 4318628.393, 106
Trd, 4318629.943, 140
Trd, 4318630.093, 140
Trd, 4318631.543, 110
Trd, 4318631.993, 62
Trd, 4318632.293, 67
Trd, 4318632.943, 66
Trd, 4318633.043, 80
Trd, 4318633.743, 134
Trd, 4318635.343, 127
Trd, 4318636.193, 135
Trd, 4318636.693, 134
Trd, 4318636.993, 114
Trd, 4318637.793, 95
Trd, 4318638.143, 102
Trd, 4318638.593, 105
Trd, 4318638.893, 103
Trd, 4318639.193, 87
Trd, 4318640.093, 91
Trd, 4318640.843, 74
Trd, 4318642.693, 79
Trd, 4318642.793, 83
Trd, 4318642.843, 91
Trd, 4318643.793, 73
Trd, 4318644.043, 93
Trd, 4318644.643, 98
Trd, 4318646.293, 106
Trd, 4318646.343, 108
Trd, 4318648.443, 74
Trd, 4318648.693, 106
Trd, 4318649.243, 89
Trd, 4318649.293, 91
Trd, 4318649.493, 108
Trd, 4318649.693, 85
Trd, 4318650.343, 74
Trd, 4318650.643, 132
Trd, 4318651.993, 65
Trd, 4318653.193, 67
Trd, 4318653.493, 82
Trd, 4318654.043, 61
Trd, 4318654.793, 81
Trd, 4318655.043, 92
Trd, 4318655.793, 92
Trd, 4318656.143, 75
Trd, 4318656.743, 139
Trd, 4318657.493, 63
Trd, 4318658.893, 72
Trd, 4318659.943, 140
Trd, 4318659.993, 139
Trd, 4318660.293, 130
Trd, 4318660.593, 139
Trd, 4318660.993, 114
Trd, 4318661.243, 94
Trd, 4318662.443, 134
Trd, 4318662.843, 101
Trd, 4318665.493, 134
Trd, 4318666.393, 107
Trd, 4318667.493, 101
Trd, 4318668.093, 88
Trd, 4318668.993, 85
Trd, 4318669.493, 96
Trd, 4318669.793, 89
Trd, 4318670.193, 97
Trd, 4318670.693, 91
Trd, 4318671.443, 139
Trd, 4318672.093, 105
Trd, 4318672.543, 104
Trd, 4318672.943, 121
Trd, 4318674.593, 83
Trd, 4318675.743, 62
Trd, 4318675.793, 61
Trd, 4318675.843, 66
Trd, 4318676.143, 86
Trd, 4318677.893, 60
Trd, 4318678.943, 139
Trd, 4318680.143, 110
Trd, 4318680.793, 104
Trd, 4318680.893, 103
Trd, 4318681.343, 87
Trd, 4318682.343, 66
Trd, 4318682.393, 94
Trd, 4318683.493, 60
Trd, 4318683.943, 110
Trd, 4318684.893, 69
Trd, 4318685.843, 71
Trd, 4318686.043, 72
Trd, 4318686.693, 61
Trd, 4318686.793, 75
Trd, 4318687.243, 90
Trd, 4318688.043, 67
Trd, 4318689.443, 92
Trd, 4318690.743, 107
Trd, 4318691.643, 110
Trd, 4318691.793, 109
Trd, 4318692.793, 92
Trd, 4318692.893, 90
Trd, 4318693.493, 66
Trd, 4318694.343, 136
Trd, 4318695.043, 83
Trd, 4318696.343, 66
Trd, 4318697.293, 137
Trd, 4318697.343, 123
Trd, 4318697.893, 119
Trd, 4318698.793, 103
Trd, 4318699.543, 106
Trd, 4318699.843, 95
Trd, 4318700.243, 95
Trd, 4318700.393, 94
Trd, 4318700.743, 139
Trd, 4318701.343, 129
Trd, 4318702.143, 94
Trd, 4318703.043, 87
Trd, 4318704.293, 70
Trd, 4318704.693, 77
Trd, 4318706.493, 73
Trd, 4318707.193, 115
Trd, 4318707.393, 114
Trd, 4318708.393, 121
Trd, 4318709.143, 96
Trd, 4318709.293, 93
Trd, 4318709.793, 103
Trd, 4318710.593, 125
Trd, 4318712.343, 140
Trd, 4318712.593, 136
Trd, 4318713.143, 106
Trd, 4318713.993, 87
Trd, 4318714.443, 79
Trd, 4318714.693, 99
Trd, 4318715.043, 99
Trd, 4318715.393, 79
Trd, 4318715.893, 64
Trd, 4318717.443, 123
Trd, 4318718.543, 110
Trd, 4318718.843, 97
Trd, 4318719.943, 120
Trd, 4318720.343, 98
Trd, 4318720.393, 96
Trd, 4318721.993, 136
Trd, 4318722.343, 135
Trd, 4318722.443, 132
Trd, 4318722.693, 105
Trd, 4318723.593, 112
Trd, 4318724.043, 95
Trd, 4318724.243, 86
Trd, 4318724.343, 84
Trd, 4318725.593, 94
Trd, 4318727.393, 83
Trd, 4318727.843, 131
Trd, 4318728.693, 106
Trd, 4318729.593, 131
Trd, 4318730.143, 131
Trd, 4318730.193, 124
Trd, 4318731.143, 89
Trd, 4318731.393, 67
Trd, 4318733.443, 72
Trd, 4318733.993, 92
Trd, 4318735.143, 61
Trd, 4318735.393, 98
Trd, 4318735.543, 69
Trd, 4318736.693, 85
Trd, 4318737.093, 140
Trd, 4318737.843, 124
Trd, 4318738.543, 93
Trd, 4318738.693, 82
Trd, 4318739.093, 109
Trd, 4318740.243, 61
Trd, 4318741.593, 96
Trd, 4318742.693, 121
Trd, 4318743.193, 95
Trd, 4318743.943, 102
Trd, 4318744.343, 89
Trd, 4318744.693, 125
Trd, 4318744.843, 91
Trd, 4318744.893, 87
Trd, 4318744.993, 140
Trd, 4318746.343, 79
Trd, 4318746.693, 130
Trd, 4318747.943, 132
Trd, 4318748.193, 132
Trd, 4318748.293, 131
Trd, 4318751.193, 124
Trd, 4318751.343, 88
Trd, 4318751.593, 88
Trd, 4318751.943, 100
Trd, 4318753.643, 84
Trd, 4318755.243, 126
Trd, 4318755.793, 115
Trd, 4318756.493, 112
Trd, 4318756.843, 108
Trd, 4318757.043, 124
Trd, 4318757.193, 127
Trd, 4318757.893, 122
Trd, 4318758.143, 97
Trd, 4318758.293, 96
Trd, 4318758.493, 91
Trd, 4318759.843, 131
Trd, 4318759.943, 127
Trd, 4318760.143, 124
Trd, 4318761.343, 70
Trd, 4318761.993, 73
Trd, 4318762.543, 66
Trd, 4318762.743, 87
Trd, 4318763.943, 77
Trd, 4318764.893, 82
Trd, 4318765.343, 74
Trd, 4318765.843, 82
Trd, 4318767.343, 96
Trd, 4318768.243, 121
Trd, 4318768.943, 135
Trd, 4318768.993, 75
Trd, 4318769.793, 105
Trd, 4318770.093, 97
Trd, 4318771.093, 132
Trd, 4318771.143, 131
Trd, 4318771.443, 72
Trd, 4318774.643, 60
Trd, 4318774.843, 62
Trd, 4318775.443, 97
Trd, 4318776.043, 77
Trd, 4318776.493, 66
Trd, 4318777.543, 60
Trd, 4318777.693, 73
Trd, 4318777.893, 110
Trd, 4318778.793, 64
Trd, 4318780.143, 60
Trd, 4318780.743, 91
Trd, 4318781.793, 98
Trd, 4318782.343, 93
Trd, 4318782.443, 92
Trd, 4318782.943, 101
Trd, 4318783.893, 138
Trd, 4318784.193, 134
Trd, 4318784.943, 94
Trd, 4318785.043, 102
Trd, 4318785.493, 129
Trd, 4318786.093, 94
Trd, 4318786.593, 92
Trd, 4318787.943, 128
Trd, 4318788.493, 107
Trd, 4318788.793, 106
Trd, 4318790.543, 130
Trd, 4318790.693, 128
Trd, 4318792.843, 139
Trd, 4318793.193, 138
Trd, 4318793.443, 112
Trd, 4318793.493, 109
Trd, 4318794.443, 94
Trd, 4318794.843, 129
Trd, 4318795.143, 109
Trd, 4318796.343, 103
Trd, 4318797.493, 79
Trd, 4318798.343, 110
Trd, 4318798.693, 130
Trd, 4318799.643, 137
Trd, 4318799.743, 136
Trd, 4318800.543, 128
Trd, 4318801.043, 118
Trd, 4318801.143, 114
Trd, 4318802.593, 65
Trd, 4318803.493, 69
Trd, 4318803.993, 80
Trd, 4318804.993, 93
Trd, 4318806.593, 64
Trd, 4318806.793, 65
Trd, 4318807.193, 84
Trd, 4318807.393, 90
Trd, 4318808.093, 129
Trd, 4318808.543, 113
Trd, 4318809.893, 112
Trd, 4318810.193, 97
Trd, 4318810.593, 92
Trd, 4318810.643, 102
Trd, 4318811.043, 129
Trd, 4318811.693, 95
Trd, 4318812.843, 94
Trd, 4318813.043, 76
Trd, 4318813.743, 75
Trd, 4318813.943, 73
Trd, 4318815.843, 129
Trd, 4318816.693, 135
Trd, 4318817.243, 139
Trd, 4318817.393, 128
Trd, 4318817.443, 109
Trd, 4318817.793, 81
Trd, 4318819.893, 131
Trd, 4318820.443, 130
Trd, 4318821.143, 125
Trd, 4318821.243, 121
Trd, 4318821.843, 73
Trd, 4318822.493, 60
Trd, 4318822.693, 67
Trd, 4318823.043, 62
Trd, 4318823.993, 109
Trd, 4318824.243, 128
Trd, 4318825.643, 88
Trd, 4318827.593, 100
Trd, 4318828.843, 98
Trd, 4318829.093, 114
Trd, 4318829.393, 137
Trd, 4318830.093, 98
Trd, 4318830.843, 97
Trd, 4318832.693, 138
Trd, 4318832.743, 136
Trd, 4318833.993, 118
Trd, 4318834.793, 102
Trd, 4318835.293, 96
Trd, 4318836.043, 105
Trd, 4318836.093, 99
Trd, 4318837.643, 89
Trd, 4318837.693, 81
Trd, 4318837.993, 70
Trd, 4318838.643, 69
Trd, 4318839.493, 65
Trd, 4318840.493, 121
Trd, 4318841.693, 64
Trd, 4318842.143, 121
Trd, 4318844.443, 73
Trd, 4318845.343, 67
Trd, 4318845.643, 90
Trd, 4318846.943, 61
Trd, 4318847.793, 78
Trd, 4318848.893, 61
Trd, 4318849.593, 108
Trd, 4318850.143, 100
Trd, 4318851.993, 94
Trd, 4318852.393, 89
Trd, 4318853.293, 81
Trd, 4318853.793, 72
Trd, 4318854.743, 128
Trd, 4318855.443, 93
Trd, 4318855.843, 128
Trd, 4318855.893, 90
Trd, 4318856.243, 81
Trd, 4318857.193, 70
Trd, 4318858.793, 102
Trd, 4318860.693, 66
Trd, 4318860.943, 83
Trd, 4318861.543, 127
Trd, 4318862.493, 139
Trd, 4318863.143, 125
Trd, 4318865.043, 122
Trd, 4318865.343, 120
Trd, 4318865.543, 120
Trd, 4318866.493, 120
Trd, 4318867.143, 119
Trd, 4318867.293, 101
Trd, 4318868.643, 133
Trd, 4318869.293, 123
Trd, 4318870.443, 128
Trd, 4318870.843, 138
Trd, 4318871.393, 140
Trd, 4318871.843, 125
Trd, 4318873.593, 124
Trd, 4318873.643, 116
Trd, 4318873.793, 104
Trd, 4318873.843, 99
Trd, 4318874.443, 66
Trd, 4318875.443, 140
Trd, 4318875.493, 128
Trd, 4318875.893, 109
Trd, 4318876.993, 67
Trd, 4318877.493, 108
Trd, 4318879.343, 95
Trd, 4318881.493, 105
Trd, 4318882.193, 128
Trd, 4318882.643, 118
Trd, 4318882.893, 113
Trd, 4318882.993, 103
Trd, 4318883.243, 95
Trd, 4318883.393, 94
Trd, 4318883.993, 140
Trd, 4318884.543, 128
Trd, 4318885.093, 62
Trd, 4318885.393, 93
Trd, 4318885.893, 93
Trd, 4318886.893, 124
Trd, 4318888.493, 96
Trd, 4318888.893, 100
Trd, 4318890.093, 132
Trd, 4318890.343, 85
Trd, 4318890.393, 84
Trd, 4318891.793, 135
Trd, 4318892.343, 136
Trd, 4318892.543, 103
Trd, 4318894.193, 79
Trd, 4318894.943, 87
Trd, 4318894.993, 124
Trd, 4318895.593, 68
Trd, 4318897.343, 115
Trd, 4318898.093, 115
Trd, 4318898.793, 128
Trd, 4318898.943, 105
Trd, 4318899.893, 82
Trd, 4318900.143, 78
Trd, 4318900.893, 80
Trd, 4318901.793, 93
Trd, 4318902.643, 81
Trd, 4318903.493, 116
Trd, 4318903.943, 133
Trd, 4318903.993, 108
Trd, 4318904.793, 102
Trd, 4318906.143, 128
Trd, 4318906.643, 122
Trd, 4318906.693, 119
Trd, 4318907.693, 96
Trd, 4318909.043, 122
Trd, 4318909.643, 117
Trd, 4318910.693, 117
Trd, 4318910.793, 116
Trd, 4318910.943, 113
Trd, 4318911.193, 116
Trd, 4318911.493, 120
Trd, 4318913.243, 65
Trd, 4318914.293, 84
Trd, 4318914.493, 81
Trd, 4318915.443, 125
Trd, 4318915.943, 115
Trd, 4318916.343, 63
Trd, 4318917.093, 96
Trd, 4318917.243, 104
Trd, 4318919.543, 116
Trd, 4318919.843, 88
Trd, 4318920.593, 122
Trd, 4318920.843, 114
Trd, 4318921.093, 86
Trd, 4318922.443, 104
Trd, 4318923.193, 139
Trd, 4318923.293, 85
Trd, 4318923.743, 82
Trd, 4318924.693, 93
Trd, 4318925.243, 91
Trd, 4318925.393, 107
Trd, 4318925.543, 87
Trd, 4318926.443, 85
Trd, 4318928.693, 67
Trd, 4318929.393, 61
Trd, 4318929.993, 98
Trd, 4318930.443, 63
Trd, 4318931.743, 76
Trd, 4318931.943, 111
Trd, 4318932.493, 83
Trd, 4318932.743, 82
Trd, 4318933.193, 90
Trd, 4318934.143, 81
Trd, 4318935.843, 116
Trd, 4318936.193, 133
Trd, 4318936.793, 128
Trd, 4318937.293, 94
Trd, 4318938.443, 73
Trd, 4318938.593, 75
Trd, 4318939.193, 63
Trd, 4318940.243, 120
Trd, 4318940.843, 115
Trd, 4318941.293, 101
Trd, 4318941.493, 96
Trd, 4318942.393, 107
Trd, 4318943.493, 109
Trd, 4318944.343, 114
Trd, 4318944.943, 125
Trd, 4318945.343, 130
Trd, 4318946.493, 123
Trd, 4318946.743, 109
Trd, 4318947.043, 100
Trd, 4318947.193, 90
Trd, 4318947.343, 80
Trd, 4318948.493, 92
Trd, 4318949.143, 88
Trd, 4318950.193, 74
Trd, 4318951.943, 114
Trd, 4318953.443, 132
Trd, 4318953.593, 124
Trd, 4318954.393, 116
Trd, 4318954.943, 135
Trd, 4318955.993, 115
Trd, 4318956.293, 117
Trd, 4318957.243, 118
Trd, 4318958.043, 124
Trd, 4318958.293, 105
Trd, 4318959.643, 128
Trd, 4318960.593, 84
Trd, 4318961.043, 124
Trd, 4318961.443, 109
Trd, 4318961.793, 104
Trd, 4318962.693, 90
Trd, 4318963.243, 83
Trd, 4318964.743, 85
Trd, 4318964.843, 103
Trd, 4318965.193, 82
Trd, 4318965.343, 106
Trd, 4318967.143, 127
Trd, 4318968.143, 122
Trd, 4318968.643, 121
Trd, 4318968.893, 123
Trd, 4318969.193, 113
Trd, 4318969.843, 97
Trd, 4318969.943, 92
Trd, 4318970.093, 102
Trd, 4318970.893, 101
Trd, 4318971.943, 109
Trd, 4318972.593, 101
Trd, 4318972.793, 99
Trd, 4318973.243, 98
Trd, 4318974.943, 60
Trd, 4318975.143, 62
Trd, 4318975.493, 85
Trd, 4318976.043, 64
Trd, 4318977.593, 107
Trd, 4318978.143, 97
Trd, 4318978.393, 103
Trd, 4318980.943, 125
Trd, 4318981.593, 135
Trd, 4318982.143, 140
Trd, 4318982.643, 123
Trd, 4318982.993, 123
Trd, 4318983.743, 102
Trd, 4318984.843, 116
Trd, 4318985.093, 84
Trd, 4318986.193, 117
Trd, 4318987.143, 125
Trd, 4318987.693, 111
Trd, 4318987.893, 107
Trd, 4318989.443, 133
Trd, 4318990.293, 132
Trd, 4318990.593, 112
Trd, 4318991.143, 130
Trd, 4318991.293, 129
Trd, 4318991.693, 111
Trd, 4318992.793, 99
Trd, 4318994.093, 139
Trd, 4318994.143, 137
Trd, 4318994.543, 119
Trd, 4318994.743, 83
Trd, 4318995.543, 75
Trd, 4318996.293, 69
Trd, 4318996.643, 131
Trd, 4318997.193, 78
Trd, 4318997.243, 104
Trd, 4318998.543, 68
Trd, 4318999.193, 110
Trd, 4318999.643, 61
Trd, 4319000.243, 68
Trd, 4319000.743, 69
Trd, 4319001.293, 75
Trd, 4319002.693, 130
Trd, 4319002.843, 129
Trd, 4319003.143, 92
Trd, 4319005.643, 66
Trd, 4319005.693, 63
Trd, 4319006.943, 140
Trd, 4319008.743, 126
Trd, 4319008.943, 85
Trd, 4319009.243, 76
Trd, 4319010.343, 76
Trd, 4319010.693, 91
Trd, 4319011.193, 74
Trd, 4319011.243, 95
Trd, 4319011.293, 73
Trd, 4319011.543, 100
Trd, 4319011.893, 77
Trd, 4319012.143, 67
Trd, 4319012.943, 76
Trd, 4319013.443, 65
Trd, 4319014.843, 68
Trd, 4319015.693, 138
Trd, 4319015.793, 65
Trd, 4319016.193, 93
Trd, 4319016.943, 67
Trd, 4319017.243, 64
Trd, 4319018.793, 114
Trd, 4319019.193, 113
Trd, 4319020.443, 134
Trd, 4319020.743, 112
Trd, 4319021.393, 140
Trd, 4319021.993, 116
Trd, 4319022.093, 115
Trd, 4319022.543, 112
Trd, 4319023.143, 108
Trd, 4319023.593, 105
Trd, 4319024.943, 95
Trd, 4319025.643, 64
Trd, 4319025.743, 68
Trd, 4319026.943, 134
Trd, 4319027.293, 133
Trd, 4319027.493, 96
Trd, 4319029.393, 77
Trd, 4319029.843, 82
Trd, 4319030.443, 70
Trd, 4319031.343, 63
Trd, 4319031.893, 120
Trd, 4319031.943, 61
Trd, 4319032.343, 137
Trd, 4319032.993, 82
Trd, 4319034.493, 79
Trd, 4319034.793, 109
Trd, 4319035.543, 65
Trd, 4319036.243, 63
Trd, 4319037.093, 60
Trd, 4319037.893, 112
Trd, 4319038.743, 95
Trd, 4319039.143, 97
Trd, 4319039.343, 96
Trd, 4319040.043, 134
Trd, 4319040.593, 128
Trd, 4319041.493, 82
Trd, 4319042.393, 83
Trd, 4319043.093, 84
Trd, 4319043.843, 74
Trd, 4319044.493, 60
Trd, 4319046.243, 62
Trd, 4319046.293, 63
Trd, 4319048.143, 61
Trd, 4319048.443, 117
Trd, 4319048.843, 128
Trd, 4319048.993, 124
Trd, 4319049.843, 126
Trd, 4319050.543, 140
Trd, 4319051.693, 124
Trd, 4319052.293, 104
Trd, 4319053.643, 98
Trd, 4319054.093, 98
Trd, 4319054.693, 78
Trd, 4319055.443, 115
Trd, 4319055.593, 108
Trd, 4319056.143, 82
Trd, 4319056.193, 81
Trd, 4319057.443, 61
Trd, 4319058.843, 69
Trd, 4319059.293, 119
Trd, 4319060.493, 118
Trd, 4319060.593, 115
Trd, 4319061.343, 138
Trd, 4319062.193, 123
Trd, 4319062.293, 111
Trd, 4319062.493, 92
Trd, 4319062.693, 114
Trd, 4319062.993, 91
Trd, 4319065.593, 78
Trd, 4319066.893, 71
Trd, 4319067.143, 61
Trd, 4319067.443, 135
Trd, 4319068.043, 113
Trd, 4319068.193, 79
Trd, 4319068.893, 77
Trd, 4319069.543, 77
Trd, 4319070.243, 71
Trd, 4319070.843, 113
Trd, 4319071.443, 64
Trd, 4319071.943, 70
Trd, 4319071.993, 70
Trd, 4319074.393, 80
Trd, 4319074.443, 84
Trd, 4319077.343, 137
Trd, 4319077.843, 128
Trd, 4319078.443, 115
Trd, 4319078.593, 114
Trd, 4319078.693, 109
Trd, 4319078.843, 102
Trd, 4319078.893, 101
Trd, 4319080.693, 85
Trd, 4319081.193, 134
Trd, 4319081.393, 112
Trd, 4319083.643, 139
Trd, 4319083.793, 138
Trd, 4319085.993, 139
Trd, 4319086.793, 103
Trd, 4319087.793, 115
Trd, 4319087.943, 116
Trd, 4319088.243, 114
Trd, 4319088.393, 95
Trd, 4319089.393, 63
Trd, 4319090.393, 79
Trd, 4319090.593, 86
Trd, 4319091.693, 94
Trd, 4319092.643, 86
Trd, 4319092.693, 84
Trd, 4319092.943, 94
Trd, 4319093.443, 113
Trd, 4319094.443, 81
Trd, 4319095.793, 75
Trd, 4319096.343, 78
Trd, 4319096.493, 79
Trd, 4319096.543, 77
Trd, 4319096.843, 97
Trd, 4319097.043, 86
Trd, 4319097.443, 77
Trd, 4319098.193, 139
Trd, 4319098.543, 137
Trd, 4319099.393, 107
Trd, 4319099.543, 74
Trd, 4319100.443, 73
Trd, 4319100.693, 80
Trd, 4319100.843, 95
Trd, 4319103.693, 112
Trd, 4319103.893, 96
Trd, 4319104.043, 100
Trd, 4319104.093, 66
Trd, 4319105.693, 75
Trd, 4319106.893, 117
Trd, 4319107.043, 111
Trd, 4319107.293, 123
Trd, 4319108.843, 71
Trd, 4319109.993, 87
Trd, 4319110.343, 79
Trd, 4319110.543, 75
Trd, 4319110.893, 67
Trd, 4319111.543, 67
Trd, 4319112.643, 138
Trd, 4319113.693, 91
Trd, 4319113.843, 89
Trd, 4319114.393, 84
Trd, 4319114.443, 76
Trd, 4319116.243, 69
Trd, 4319117.043, 117
Trd, 4319117.343, 89
Trd, 4319117.743, 84
Trd, 4319118.193, 82
Trd, 4319118.643, 89
Trd, 4319118.893, 121
Trd, 4319120.093, 67
Trd, 4319120.393, 98
Trd, 4319120.893, 103
Trd, 4319123.293, 84
Trd, 4319123.693, 77
Trd, 4319123.943, 66
Trd, 4319124.143, 108
Trd, 4319124.793, 135
Trd, 4319124.893, 126
Trd, 4319127.493, 80
Trd, 4319127.843, 74
Trd, 4319128.543, 87
Trd, 4319128.643, 113
Trd, 4319129.943, 140
Trd, 4319130.243, 135
Trd, 4319130.693, 134
Trd, 4319130.843, 125
Trd, 4319131.393, 87
Trd, 4319132.443, 60
Trd, 4319133.743, 60
Trd, 4319133.843, 60
Trd, 4319134.843, 87
Trd, 4319135.443, 106
Trd, 4319135.793, 138
Trd, 4319136.043, 120
Trd, 4319137.093, 110
Trd, 4319137.243, 109
Trd, 4319137.993, 114
Trd, 4319138.193, 135
Trd, 4319141.343, 140
Trd, 4319141.493, 136
Trd, 4319142.543, 117
Trd, 4319143.893, 129
Trd, 4319143.943, 128
Trd, 4319143.993, 122
Trd, 4319144.443, 114
Trd, 4319144.993, 113
Trd, 4319145.343, 112
Trd, 4319146.193, 80
Trd, 4319146.843, 108
Trd, 4319147.643, 119
Trd, 4319148.393, 131
Trd, 4319148.943, 115
Trd, 4319149.493, 140
Trd, 4319151.243, 119
Trd, 4319152.393, 133
Trd, 4319152.643, 130
Trd, 4319152.693, 129
Trd, 4319153.093, 123
Trd, 4319153.193, 124
Trd, 4319153.893, 83
Trd, 4319155.043, 140
Trd, 4319155.143, 137
Trd, 4319155.193, 134
Trd, 4319155.743, 102
Trd, 4319156.693, 90
Trd, 4319157.593, 61
Trd, 4319159.243, 120
Trd, 4319161.893, 121
Trd, 4319161.993, 111
Trd, 4319163.043, 105
Trd, 4319163.193, 112
Trd, 4319163.593, 98
Trd, 4319163.743, 95
Trd, 4319164.743, 139
Trd, 4319165.843, 94
Trd, 4319165.893, 78
Trd, 4319166.493, 133
Trd, 4319167.343, 92
Trd, 4319167.593, 88
Trd, 4319168.493, 78
Trd, 4319168.593, 64
Trd, 4319168.793, 65
Trd, 4319169.043, 121
Trd, 4319169.493, 121
Trd, 4319169.843, 114
Trd, 4319171.593, 99
Trd, 4319172.443, 80
Trd, 4319172.993, 131
Trd, 4319173.993, 103
Trd, 4319176.043, 105
Trd, 4319176.393, 103
Trd, 4319176.543, 99
Trd, 4319177.143, 93
Trd, 4319177.443, 95
Trd, 4319179.143, 98
Trd, 4319180.093, 124
Trd, 4319180.593, 98
Trd, 4319180.943, 77
Trd, 4319181.743, 72
Trd, 4319182.693, 134
Trd, 4319182.843, 103
Trd, 4319183.343, 70
Trd, 4319183.593, 112
Trd, 4319184.543, 69
Trd, 4319185.343, 88
Trd, 4319186.393, 72
Trd, 4319187.343, 76
Trd, 4319187.743, 73
Trd, 4319187.943, 73
Trd, 4319189.543, 115
Trd, 4319189.793, 107
Trd, 4319190.443, 132
Trd, 4319191.893, 111
Trd, 4319192.093, 92
Trd, 4319192.843, 97
Trd, 4319193.343, 125
Trd, 4319193.993, 132
Trd, 4319194.643, 127
Trd, 4319195.043, 125
Trd, 4319195.193, 118
Trd, 4319195.693, 112
Trd, 4319196.493, 136
Trd, 4319196.843, 135
Trd, 4319196.893, 94
Trd, 4319197.943, 115
Trd, 4319198.143, 62
Trd, 4319198.443, 133
Trd, 4319201.443, 137
Trd, 4319202.643, 119
Trd, 4319202.893, 130
Trd, 4319203.393, 118
Trd, 4319204.943, 125
Trd, 4319205.543, 105
Trd, 4319205.643, 123
Trd, 4319206.893, 133
Trd, 4319207.393, 124
Trd, 4319208.743, 122
Trd, 4319209.343, 84
Trd, 4319210.943, 135
Trd, 4319211.093, 85
Trd, 4319211.343, 131
Trd, 4319212.143, 106
Trd, 4319212.743, 107
Trd, 4319213.843, 85
Trd, 4319214.493, 110
Trd, 4319214.643, 84
Trd, 4319215.393, 125
Trd, 4319216.393, 62
Trd, 4319217.393, 89
Trd, 4319218.193, 105
Trd, 4319219.193, 64
Trd, 4319219.593, 137
Trd, 4319219.993, 131
Trd, 4319220.543, 98
Trd, 4319220.843, 86
Trd, 4319221.043, 62
Trd, 4319221.593, 75
Trd, 4319223.393, 103
Trd, 4319224.743, 130
Trd, 4319225.093, 111
Trd, 4319225.943, 130
Trd, 4319226.293, 128
Trd, 4319226.343, 135
Trd, 4319226.693, 126
Trd, 4319226.993, 134
Trd, 4319227.693, 119
Trd, 4319228.293, 114
Trd, 4319228.693, 110
Trd, 4319229.793, 100
Trd, 4319230.343, 106
Trd, 4319230.893, 99
Trd, 4319230.943, 79
Trd, 4319232.943, 130
Trd, 4319233.093, 123
Trd, 4319234.393, 106
Trd, 4319234.543, 89
Trd, 4319234.993, 88
Trd, 4319235.543, 87
Trd, 4319235.693, 75
Trd, 4319236.643, 123
Trd, 4319236.843, 66
Trd, 4319237.993, 90
Trd, 4319238.993, 78
Trd, 4319240.643, 140
Trd, 4319240.943, 139
Trd, 4319240.993, 138
Trd, 4319242.093, 91
Trd, 4319242.143, 90
Trd, 4319242.393, 85
Trd, 4319244.293, 123
Trd, 4319244.443, 115
Trd, 4319244.693, 110
Trd, 4319244.993, 102
Trd, 4319245.843, 132
Trd, 4319246.293, 134
Trd, 4319246.643, 98
Trd, 4319247.793, 120
Trd, 4319248.193, 99
Trd, 4319250.793, 117
Trd, 4319250.943, 100
Trd, 4319252.043, 111
Trd, 4319252.793, 114
Trd, 4319253.193, 113
Trd, 4319253.243, 107
Trd, 4319254.693, 132
Trd, 4319254.943, 121
Trd, 4319255.393, 115
Trd, 4319255.493, 94
Trd, 4319256.343, 92
Trd, 4319256.993, 140
Trd, 4319257.693, 61
Trd, 4319258.293, 79
Trd, 4319259.343, 67
Trd, 4319259.593, 70
Trd, 4319259.793, 85
Trd, 4319260.043, 102
Trd, 4319260.693, 66
Trd, 4319262.493, 77
Trd, 4319263.593, 134
Trd, 4319264.243, 82
Trd, 4319264.893, 78
Trd, 4319265.293, 80
Trd, 4319265.793, 96
Trd, 4319266.943, 138
Trd, 4319267.743, 122
Trd, 4319268.093, 123
Trd, 4319268.193, 122
Trd, 4319268.393, 97
Trd, 4319269.543, 62
Trd, 4319270.193, 70
Trd, 4319270.943, 60
Trd, 4319272.043, 101
Trd, 4319272.243, 83
Trd, 4319272.593, 72
Trd, 4319273.243, 95
Trd, 4319273.743, 62
Trd, 4319274.343, 67
Trd, 4319275.193, 91
Trd, 4319275.443, 73
Trd, 4319277.593, 79
Trd, 4319277.743, 93
Trd, 4319277.793, 75
Trd, 4319278.443, 97
Trd, 4319278.943, 63
Trd, 4319280.543, 64
Trd, 4319281.193, 67
Trd, 4319281.643, 70
Trd, 4319282.943, 75
Trd, 4319283.643, 118
Trd, 4319284.093, 97
Trd, 4319286.643, 133
Trd, 4319286.693, 132
Trd, 4319288.493, 139
Trd, 4319288.593, 113
Trd, 4319289.343, 119
Trd, 4319289.743, 101
Trd, 4319290.843, 121
Trd, 4319290.993, 121
Trd, 4319291.143, 119
Trd, 4319291.643, 99
Trd, 4319291.893, 120
Trd, 4319292.743, 107
Trd, 4319294.693, 67
Trd, 4319296.193, 90
Trd, 4319297.193, 112
Trd, 4319297.243, 111
Trd, 4319297.843, 106
Trd, 4319299.393, 100
Trd, 4319299.743, 88
Trd, 4319300.793, 74
Trd, 4319302.093, 96
Trd, 4319302.343, 112
Trd, 4319303.193, 140
Trd, 4319303.543, 122
Trd, 4319303.743, 93
Trd, 4319304.193, 89
Trd, 4319304.393, 74
Trd, 4319305.243, 81
Trd, 4319306.293, 84
Trd, 4319306.993, 85
Trd, 4319308.943, 68
Trd, 4319309.843, 76
Trd, 4319310.893, 92
Trd, 4319311.093, 101
Trd, 4319312.293, 84
Trd, 4319312.393, 78
Trd, 4319312.643, 77
Trd, 4319312.693, 106
Trd, 4319314.443, 127
Trd, 4319314.593, 137
Trd, 4319314.693, 118
Trd, 4319314.943, 106
Trd, 4319316.293, 100
Trd, 4319317.093, 86
Trd, 4319319.543, 125
Trd, 4319319.643, 122
Trd, 4319320.093, 117
Trd, 4319321.093, 120
Trd, 4319321.193, 98
Trd, 4319321.593, 130
Trd, 4319322.543, 110
Trd, 4319322.793, 94
Trd, 4319323.093, 99
Trd, 4319325.343, 113
Trd, 4319325.743, 112
Trd, 4319326.693, 76
Trd, 4319326.743, 106
Trd, 4319327.393, 95
Trd, 4319328.243, 89
Trd, 4319328.743, 135
Trd, 4319329.543, 130
Trd, 4319329.793, 103
Trd, 4319329.893, 84
Trd, 4319331.043, 86
Trd, 4319332.293, 131
Trd, 4319332.843, 89
Trd, 4319335.243, 116
Trd, 4319335.643, 135
Trd, 4319335.893, 115
Trd, 4319336.243, 108
Trd, 4319336.343, 96
Trd, 4319336.793, 96
Trd, 4319337.293, 127
Trd, 4319338.243, 133
Trd, 4319340.093, 136
Trd, 4319341.043, 130
Trd, 4319341.693, 115
Trd, 4319341.793, 118
Trd, 4319342.243, 112
Trd, 4319343.243, 133
Trd, 4319344.093, 126
Trd, 4319344.643, 121
Trd, 4319345.943, 126
Trd, 4319346.243, 109
Trd, 4319346.843, 100
Trd, 4319347.043, 139
Trd, 4319347.543, 134
Trd, 4319348.793, 136
Trd, 4319349.193, 133
Trd, 4319350.193, 139
Trd, 4319350.343, 138
Trd, 4319351.443, 116
Trd, 4319351.593, 113
Trd, 4319352.493, 134
Trd, 4319352.593, 123
Trd, 4319354.643, 131
Trd, 4319354.843, 130
Trd, 4319355.193, 109
Trd, 4319355.743, 108
Trd, 4319356.843, 128
Trd, 4319357.843, 131
Trd, 4319358.343, 138
Trd, 4319359.043, 106
Trd, 4319359.943, 138
Trd, 4319360.193, 111
Trd, 4319361.793, 110
Trd, 4319362.943, 118
Trd, 4319364.543, 120
Trd, 4319364.793, 128
Trd, 4319364.943, 120
Trd, 4319365.443, 102
Trd, 4319365.793, 131
Trd, 4319366.643, 140
Trd, 4319369.093, 126
Trd, 4319369.393, 140
Trd, 4319369.543, 130
Trd, 4319369.593, 118
Trd, 4319369.643, 112
Trd, 4319369.743, 107
Trd, 4319371.443, 129
Trd, 4319372.693, 127
Trd, 4319373.593, 139
Trd, 4319373.693, 140
Trd, 4319373.893, 123
Trd, 4319374.043, 116
Trd, 4319374.543, 97
Trd, 4319375.143, 121
Trd, 4319375.293, 120
Trd, 4319376.343, 70
Trd, 4319377.393, 121
Trd, 4319377.443, 120
Trd, 4319379.893, 105
Trd, 4319380.243, 90
Trd, 4319380.293, 89
Trd, 4319380.893, 130
Trd, 4319381.893, 108
Trd, 4319381.993, 95
Trd, 4319382.893, 131
Trd, 4319383.393, 125
Trd, 4319383.593, 126
Trd, 4319383.993, 125
Trd, 4319384.393, 125
Trd, 4319385.243, 117
Trd, 4319386.993, 138
Trd, 4319387.093, 106
Trd, 4319387.593, 96
Trd, 4319388.993, 121
Trd, 4319389.743, 134
Trd, 4319390.943, 132
Trd, 4319391.293, 134
Trd, 4319391.443, 132
Trd, 4319391.693, 131
Trd, 4319391.943, 104
Trd, 4319392.693, 109
Trd, 4319394.043, 107
Trd, 4319395.943, 135
Trd, 4319396.143, 133
Trd, 4319396.793, 126
Trd, 4319397.543, 71
Trd, 4319398.643, 134
Trd, 4319399.243, 122
Trd, 4319399.793, 96
Trd, 4319401.293, 67
Trd, 4319401.843, 65
Trd, 4319402.993, 136
Trd, 4319403.443, 138
Trd, 4319404.393, 137
Trd, 4319404.493, 136
Trd, 4319405.093, 121
Trd, 4319405.843, 133
Trd, 4319406.193, 116
Trd, 4319407.493, 106
Trd, 4319408.243, 88
Trd, 4319409.543, 140
Trd, 4319409.593, 132
Trd, 4319410.443, 126
Trd, 4319410.843, 119
Trd, 4319412.093, 131
Trd, 4319412.643, 138
Trd, 4319412.843, 135
Trd, 4319412.993, 128
Trd, 4319414.793, 117
Trd, 4319414.993, 107
Trd, 4319415.043, 100
Trd, 4319415.693, 115
Trd, 4319416.593, 115
Trd, 4319416.993, 100
Trd, 4319417.943, 108
Trd, 4319417.993, 107
Trd, 4319419.093, 96
Trd, 4319419.543, 124
Trd, 4319420.243, 88
Trd, 4319420.943, 92
Trd, 4319421.843, 135
Trd, 4319422.193, 69
Trd, 4319422.443, 79
Trd, 4319423.093, 110
Trd, 4319423.143, 88
Trd, 4319423.793, 64
Trd, 4319424.743, 138
Trd, 4319425.243, 65
Trd, 4319425.893, 65
Trd, 4319426.393, 60
Trd, 4319427.943, 88
Trd, 4319427.993, 71
Trd, 4319430.543, 61
Trd, 4319432.493, 64
Trd, 4319432.793, 66
Trd, 4319433.093, 114
Trd, 4319433.643, 96
Trd, 4319434.193, 80
Trd, 4319434.793, 71
Trd, 4319434.943, 69
Trd, 4319435.793, 74
Trd, 4319436.593, 93
Trd, 4319436.843, 71
Trd, 4319437.743, 128
Trd, 4319437.893, 94
Trd, 4319438.143, 90
Trd, 4319439.293, 140
Trd, 4319440.143, 89
Trd, 4319440.743, 103
Trd, 4319440.843, 92
Trd, 4319441.693, 88
Trd, 4319442.693, 136
Trd, 4319443.893, 140
Trd, 4319444.243, 139
Trd, 4319444.293, 130
Trd, 4319444.643, 111
Trd, 4319444.843, 65
Trd, 4319445.443, 84
Trd, 4319445.993, 63
Trd, 4319447.343, 80
Trd, 4319447.443, 102
Trd, 4319447.943, 78
Trd, 4319448.693, 109
Trd, 4319450.743, 113
Trd, 4319451.543, 135
Trd, 4319451.843, 123
Trd, 4319452.343, 111
Trd, 4319452.443, 97
Trd, 4319452.893, 60
Trd, 4319453.043, 68
Trd, 4319453.343, 117
Trd, 4319454.543, 61
Trd, 4319456.193, 117
Trd, 4319457.143, 140
Trd, 4319457.343, 136
Trd, 4319457.443, 130
Trd, 4319458.343, 114
Trd, 4319458.593, 85
Trd, 4319458.843, 127
Trd, 4319459.993, 90
Trd, 4319460.643, 69
Trd, 4319462.093, 80
Trd, 4319462.543, 81
Trd, 4319463.093, 87
Trd, 4319463.243, 67
Trd, 4319464.143, 72
Trd, 4319464.493, 64
Trd, 4319466.093, 122
Trd, 4319466.693, 116
Trd, 4319467.043, 109
Trd, 4319467.893, 64
Trd, 4319468.893, 69
Trd, 4319470.593, 60
Trd, 4319470.943, 119
Trd, 4319471.393, 132
Trd, 4319471.593, 107
Trd, 4319471.743, 106
Trd, 4319472.093, 106
Trd, 4319472.343, 99
Trd, 4319472.593, 77
Trd, 4319472.843, 122
Trd, 4319475.093, 117
Trd, 4319475.143, 87
Trd, 4319475.993, 65
Trd, 4319477.243, 65
Trd, 4319477.843, 77
Trd, 4319478.393, 95
Trd, 4319478.493, 97
Trd, 4319479.643, 84
Trd, 4319480.043, 65
Trd, 4319480.243, 63
Trd, 4319481.943, 79
Trd, 4319482.243, 70
Trd, 4319482.643, 102
Trd, 4319482.743, 128
Trd, 4319483.943, 81
Trd, 4319484.743, 80
Trd, 4319486.693, 139
Trd, 4319486.893, 129
Trd, 4319488.293, 127
Trd, 4319488.443, 112
Trd, 4319488.493, 111
Trd, 4319489.193, 110
Trd, 4319489.443, 93
Trd, 4319489.843, 90
Trd, 4319490.343, 116
Trd, 4319490.843, 100
Trd, 4319491.643, 63
Trd, 4319492.493, 93
Trd, 4319492.793, 100
Trd, 4319493.643, 77
Trd, 4319494.143, 77
Trd, 4319495.693, 67
Trd, 4319497.043, 113
Trd, 4319497.093, 109
Trd, 4319498.293, 139
Trd, 4319498.893, 101
Trd, 4319499.193, 81
Trd, 4319499.893, 94
Trd, 4319500.443, 74
Trd, 4319500.643, 97
Trd, 4319501.193, 61
Trd, 4319502.743, 112
Trd, 4319504.243, 124
Trd, 4319504.293, 123
Trd, 4319505.043, 108
Trd, 4319505.143, 97
Trd, 4319505.543, 116
Trd, 4319505.943, 86
Trd, 4319506.793, 130
Trd, 4319507.293, 132
Trd, 4319507.443, 115
Trd, 4319508.693, 117
Trd, 4319509.943, 91
Trd, 4319510.443, 113
Trd, 4319511.493, 89
Trd, 4319511.643, 132
Trd, 4319512.143, 95
Trd, 4319512.643, 135
Trd, 4319513.693, 126
Trd, 4319513.893, 129
Trd, 4319513.943, 121
Trd, 4319514.593, 104
Trd, 4319515.243, 82
Trd, 4319517.493, 137
Trd, 4319517.543, 114
Trd, 4319518.093, 92
Trd, 4319518.343, 92
Trd, 4319518.943, 117
Trd, 4319519.293, 110
Trd, 4319519.943, 102
Trd, 4319520.843, 81
Trd, 4319521.193, 74
Trd, 4319521.793, 68
Trd, 4319522.443, 123
Trd, 4319522.793, 122
Trd, 4319523.743, 133
Trd, 4319524.393, 115
Trd, 4319525.143, 116
Trd, 4319526.143, 104
Trd, 4319526.943, 100
Trd, 4319527.743, 123
Trd, 4319529.493, 113
Trd, 4319529.593, 112
Trd, 4319530.193, 137
Trd, 4319531.193, 119
Trd, 4319532.093, 117
Trd, 4319532.493, 95
Trd, 4319533.943, 105
Trd, 4319534.043, 103
Trd, 4319534.293, 92
Trd, 4319534.693, 79
Trd, 4319534.893, 131
Trd, 4319534.943, 78
Trd, 4319536.543, 140
Trd, 4319538.243, 140
Trd, 4319538.893, 130
Trd, 4319539.643, 140
Trd, 4319540.543, 118
Trd, 4319540.693, 76
Trd, 4319540.893, 75
Trd, 4319541.293, 136
Trd, 4319541.443, 135
Trd, 4319541.693, 106
Trd, 4319543.743, 129
Trd, 4319544.543, 121
Trd, 4319545.143, 109
Trd, 4319545.593, 92
Trd, 4319545.743, 82
Trd, 4319546.143, 132
Trd, 4319546.393, 124
Trd, 4319547.343, 126
Trd, 4319547.843, 123
Trd, 4319548.743, 89
Trd, 4319549.543, 104
Trd, 4319549.643, 103
Trd, 4319550.843, 112
Trd, 4319551.943, 134
Trd, 4319552.093, 126
Trd, 4319552.193, 97
Trd, 4319552.793, 101
Trd, 4319553.643, 118
Trd, 4319553.693, 102
Trd, 4319555.493, 111
Trd, 4319555.743, 93
Trd, 4319556.493, 66
Trd, 4319557.943, 135
Trd, 4319558.243, 64
Trd, 4319559.293, 92
Trd, 4319559.793, 66
Trd, 4319561.243, 125
Trd, 4319561.943, 95
Trd, 4319563.443, 100
Trd, 4319563.693, 97
Trd, 4319564.393, 100
Trd, 4319565.193, 99
Trd, 4319565.843, 98
Trd, 4319566.043, 108
Trd, 4319566.793, 112
Trd, 4319568.493, 118
Trd, 4319568.593, 121
Trd, 4319568.693, 79
Trd, 4319569.343, 73
Trd, 4319569.543, 74
Trd, 4319571.543, 63
Trd, 4319571.793, 65
Trd, 4319572.643, 69
Trd, 4319572.943, 66
Trd, 4319573.593, 133
Trd, 4319573.693, 114
Trd, 4319574.043, 108
Trd, 4319575.793, 79
Trd, 4319576.643, 99
Trd, 4319576.893, 120
Trd, 4319577.643, 98
Trd, 4319577.743, 96
Trd, 4319579.993, 125
Trd, 4319580.643, 114
Trd, 4319581.343, 125
Trd, 4319582.343, 124
Trd, 4319582.543, 116
Trd, 4319583.593, 111
Trd, 4319583.643, 92
Trd, 4319584.593, 121
Trd, 4319584.793, 85
Trd, 4319585.293, 90
Trd, 4319585.993, 133
Trd, 4319586.093, 120
Trd, 4319587.843, 71
Trd, 4319588.643, 74
Trd, 4319590.193, 72
Trd, 4319590.693, 89
Trd, 4319591.143, 91
Trd, 4319591.643, 80
Trd, 4319592.093, 65
Trd, 4319593.743, 72
Trd, 4319594.193, 64
Trd, 4319594.543, 74
Trd, 4319596.093, 67
Trd, 4319596.543, 60
Trd, 4319596.893, 69
Trd, 4319596.943, 90
Trd, 4319597.393, 66
Trd, 4319597.643, 123
Trd, 4319599.043, 67
Trd, 4319599.493, 88
Trd, 4319600.893, 128
Trd, 4319601.743, 119
Trd, 4319601.993, 110
Trd, 4319602.443, 84
Trd, 4319603.793, 95
Trd, 4319604.443, 91
Trd, 4319605.243, 107
Trd, 4319605.543, 102
Trd, 4319605.793, 87
Trd, 4319607.243, 119
Trd, 4319607.393, 120
Trd, 4319607.543, 112
Trd, 4319608.043, 105
Trd, 4319609.793, 69
Trd, 4319610.543, 87
Trd, 4319610.643, 71
Trd, 4319611.493, 80
Trd, 4319612.193, 136
Trd, 4319612.593, 94
Trd, 4319613.043, 72
Trd, 4319614.393, 132
Trd, 4319614.743, 131
Trd, 4319615.493, 95
Trd, 4319615.743, 96
Trd, 4319616.143, 62
Trd, 4319617.243, 65
Trd, 4319618.393, 110
Trd, 4319619.293, 130
Trd, 4319620.843, 136
Trd, 4319621.843, 114
Trd, 4319622.193, 113
Trd, 4319622.293, 113
Trd, 4319622.493, 117
Trd, 4319622.793, 108
Trd, 4319622.843, 104
Trd, 4319623.943, 62
Trd, 4319625.343, 70
Trd, 4319625.743, 76
Trd, 4319626.643, 76
Trd, 4319626.843, 75
Trd, 4319627.393, 82
Trd, 4319628.493, 88
Trd, 4319629.893, 61
Trd, 4319630.043, 66
Trd, 4319630.693, 68
Trd, 4319631.043, 97
Trd, 4319631.743, 66
Trd, 4319632.843, 63
Trd, 4319633.143, 70
Trd, 4319634.543, 73
Trd, 4319635.993, 61
Trd, 4319636.543, 97
Trd, 4319637.443, 91
Trd, 4319638.593, 74
Trd, 4319639.543, 81
Trd, 4319639.943, 85
Trd, 4319640.193, 133
Trd, 4319640.543, 118
Trd, 4319641.493, 136
Trd, 4319641.993, 126
Trd, 4319642.743, 125
Trd, 4319643.643, 99
Trd, 4319644.143, 139
Trd, 4319644.243, 98
Trd, 4319644.843, 117
Trd, 4319646.043, 103
Trd, 4319646.143, 93
Trd, 4319646.493, 92
Trd, 4319647.493, 70
Trd, 4319648.293, 73
Trd, 4319649.343, 64
Trd, 4319649.593, 75
Trd, 4319651.743, 80
Trd, 4319652.393, 63
Trd, 4319653.243, 71
Trd, 4319653.393, 74
Trd, 4319653.643, 67
Trd, 4319654.443, 73
Trd, 4319654.493, 77
Trd, 4319655.243, 66
Trd, 4319656.593, 131
Trd, 4319656.693, 106
Trd, 4319657.193, 78
Trd, 4319659.343, 75
Trd, 4319660.693, 79
Trd, 4319661.443, 95
Trd, 4319661.943, 78
Trd, 4319663.043, 60
Trd, 4319663.593, 68
Trd, 4319664.143, 69
Trd, 4319664.393, 125
Trd, 4319665.393, 93
Trd, 4319667.043, 107
Trd, 4319667.293, 70
Trd, 4319668.493, 60
Trd, 4319669.143, 68
Trd, 4319670.493, 69
Trd, 4319670.693, 78
Trd, 4319671.293, 83
Trd, 4319671.943, 66
Trd, 4319672.093, 76
Trd, 4319672.993, 85
Trd, 4319674.543, 97
Trd, 4319675.443, 132
Trd, 4319675.793, 107
Trd, 4319676.243, 127
Trd, 4319676.593, 61
Trd, 4319676.693, 82
Trd, 4319678.393, 65
Trd, 4319679.493, 67
Trd, 4319680.043, 63
Trd, 4319680.843, 122
Trd, 4319681.293, 131
Trd, 4319682.343, 108
Trd, 4319682.443, 89
Trd, 4319682.893, 85
Trd, 4319683.293, 76
Trd, 4319684.693, 140
Trd, 4319685.043, 134
Trd, 4319685.793, 132
Trd, 4319686.693, 122
Trd, 4319686.743, 99
Trd, 4319687.593, 105
Trd, 4319687.793, 119
Trd, 4319689.243, 71
Trd, 4319689.293, 72
Trd, 4319689.843, 96
Trd, 4319690.293, 139
Trd, 4319692.793, 125
Trd, 4319693.393, 113
Trd, 4319695.193, 129
Trd, 4319695.243, 110
Trd, 4319695.393, 107
Trd, 4319695.793, 103
Trd, 4319696.343, 101
Trd, 4319697.293, 93
Trd, 4319698.343, 135
Trd, 4319698.643, 136
Trd, 4319698.943, 132
Trd, 4319699.593, 131
Trd, 4319700.343, 77
Trd, 4319700.643, 78
Trd, 4319703.643, 128
Trd, 4319703.743, 123
Trd, 4319703.793, 111
Trd, 4319704.093, 102
Trd, 4319705.193, 128
Trd, 4319705.243, 106
Trd, 4319705.343, 102
Trd, 4319705.793, 66
Trd, 4319707.643, 69
Trd, 4319708.143, 96
Trd, 4319708.243, 96
Trd, 4319709.043, 99
Trd, 4319709.343, 112
Trd, 4319711.293, 140
Trd, 4319711.943, 140
Trd, 4319712.543, 132
Trd, 4319712.593, 130
Trd, 4319712.993, 117
Trd, 4319713.793, 137
Trd, 4319713.943, 126
Trd, 4319714.393, 70
Trd, 4319714.493, 67
Trd, 4319714.843, 115
Trd, 4319715.693, 89
Trd, 4319715.743, 84
Trd, 4319717.193, 62
Trd, 4319717.243, 62
Trd, 4319718.743, 140
Trd, 4319720.243, 140
Trd, 4319720.993, 122
Trd, 4319721.443, 112
Trd, 4319722.693, 111
Trd, 4319722.793, 102
Trd, 4319723.493, 131
Trd, 4319724.693, 127
Trd, 4319725.143, 130
Trd, 4319725.243, 129
Trd, 4319725.543, 122
Trd, 4319725.593, 116
Trd, 4319727.243, 64
Trd, 4319727.293, 63
Trd, 4319727.893, 76
Trd, 4319728.443, 111
Trd, 4319728.543, 104
Trd, 4319729.193, 62
Trd, 4319729.343, 70
Trd, 4319731.843, 80
Trd, 4319732.393, 67
Trd, 4319733.243, 66
Trd, 4319733.393, 97
Trd, 4319733.443, 60
Trd, 4319734.343, 94
Trd, 4319735.443, 70
Trd, 4319736.793, 129
Trd, 4319737.143, 102
Trd, 4319737.993, 76
Trd, 4319738.943, 121
Trd, 4319738.993, 91
Trd, 4319740.243, 89
Trd, 4319740.393, 89
Trd, 4319740.943, 86
Trd, 4319741.343, 96
Trd, 4319741.493, 119
Trd, 4319743.593, 72
Trd, 4319743.793, 95
Trd, 4319745.543, 106
Trd, 4319745.993, 103
Trd, 4319746.043, 101
Trd, 4319747.343, 119
Trd, 4319747.543, 98
Trd, 4319748.193, 97
Trd, 4319748.693, 120
Trd, 4319749.293, 102
Trd, 4319749.593, 112
Trd, 4319751.193, 68
Trd, 4319751.493, 107
Trd, 4319753.143, 63
Trd, 4319753.443, 117
Trd, 4319754.443, 104
Trd, 4319754.643, 99
Trd, 4319754.793, 95
Trd, 4319755.693, 82
Trd, 4319756.093, 104
Trd, 4319756.293, 102
Trd, 4319756.493, 83
Trd, 4319757.493, 80
Trd, 4319759.793, 65
Trd, 4319760.243, 62
Trd, 4319760.943, 63
Trd, 4319762.193, 62
Trd, 4319764.243, 98
Trd, 4319764.443, 64
Trd, 4319764.593, 102
Trd, 4319765.493, 98
Trd, 4319766.193, 87
Trd, 4319766.643, 86
Trd, 4319767.993, 138
Trd, 4319768.443, 107
Trd, 4319769.593, 108
Trd, 4319770.493, 106
Trd, 4319770.843, 108
Trd, 4319770.943, 104
Trd, 4319772.543, 107
Trd, 4319773.293, 134
Trd, 4319773.543, 125
Trd, 4319773.743, 100
Trd, 4319774.593, 93
Trd, 4319775.843, 105
Trd, 4319775.943, 124
Trd, 4319776.393, 97
Trd, 4319776.543, 88
Trd, 4319776.693, 82
Trd, 4319777.193, 81
Trd, 4319778.143, 138
Trd, 4319778.293, 117
Trd, 4319779.243, 76
Trd, 4319780.993, 74
Trd, 4319781.343, 74
Trd, 4319782.043, 88
Trd, 4319782.243, 84
Trd, 4319782.643, 84
Trd, 4319783.643, 122
Trd, 4319783.993, 94
Trd, 4319785.093, 104
Trd, 4319786.443, 122
Trd, 4319786.693, 78
Trd, 4319787.093, 117
Trd, 4319787.293, 82
Trd, 4319787.893, 101
Trd, 4319787.993, 78
Trd, 4319789.643, 66
Trd, 4319789.793, 69
Trd, 4319790.893, 136
Trd, 4319790.993, 130
Trd, 4319791.543, 124
Trd, 4319791.893, 113
Trd, 4319792.943, 99
Trd, 4319792.993, 98
Trd, 4319793.243, 76
Trd, 4319794.193, 139
Trd, 4319795.843, 120
Trd, 4319796.393, 117
Trd, 4319796.693, 136
Trd, 4319798.843, 117
Trd, 4319799.743, 97
Trd, 4319800.943, 140
Trd, 4319801.143, 125
Trd, 4319801.593, 108
Trd, 4319802.343, 135
Trd, 4319803.943, 106
Trd, 4319804.193, 100
Trd, 4319804.643, 118
Trd, 4319804.993, 96
Trd, 4319805.093, 111
Trd, 4319805.343, 81
Trd, 4319806.343, 82
Trd, 4319807.193, 116
Trd, 4319807.543, 130
Trd, 4319808.093, 78
Trd, 4319809.793, 68
Trd, 4319810.893, 60
Trd, 4319812.143, 69
Trd, 4319812.293, 73
Trd, 4319812.893, 97
Trd, 4319813.493, 99
Trd, 4319813.743, 88
Trd, 4319814.693, 68
Trd, 4319815.143, 112
Trd, 4319815.393, 99
Trd, 4319817.993, 90
Trd, 4319819.543, 108
Trd, 4319819.743, 107
Trd, 4319820.243, 89
Trd, 4319821.043, 136
Trd, 4319821.493, 132
Trd, 4319822.843, 129
Trd, 4319823.193, 111
Trd, 4319824.093, 119
Trd, 4319824.793, 111
Trd, 4319826.443, 123
Trd, 4319826.493, 122
Trd, 4319827.393, 108
Trd, 4319827.893, 99
Trd, 4319828.343, 136
Trd, 4319828.593, 95
Trd, 4319829.343, 96
Trd, 4319830.193, 133
Trd, 4319830.293, 133
Trd, 4319830.343, 117
Trd, 4319831.243, 133
Trd, 4319831.343, 124
Trd, 4319831.993, 99
Trd, 4319832.693, 94
Trd, 4319832.843, 97
Trd, 4319835.643, 132
Trd, 4319835.843, 139
Trd, 4319836.343, 124
Trd, 4319837.093, 105
Trd, 4319838.293, 129
Trd, 4319839.093, 126
Trd, 4319839.243, 136
Trd, 4319839.993, 134
Trd, 4319841.243, 127
Trd, 4319841.943, 132
Trd, 4319842.343, 129
Trd, 4319842.443, 124
Trd, 4319842.643, 99
Trd, 4319843.443, 96
Trd, 4319844.743, 111
Trd, 4319845.343, 110
Trd, 4319845.543, 104
Trd, 4319846.243, 78
Trd, 4319847.493, 114
Trd, 4319847.793, 104
Trd, 4319848.693, 117
Trd, 4319849.043, 99
Trd, 4319849.843, 139
Trd, 4319850.243, 139
Trd, 4319850.743, 137
Trd, 4319851.543, 79
Trd, 4319851.593, 65
Trd, 4319852.343, 61
Trd, 4319853.893, 138
Trd, 4319854.093, 137
Trd, 4319855.393, 113
Trd, 4319855.693, 107
Trd, 4319855.843, 98
Trd, 4319856.543, 91
Trd, 4319857.093, 121
Trd, 4319857.193, 119
Trd, 4319858.393, 106
Trd, 4319859.243, 118
Trd, 4319859.893, 77
Trd, 4319861.243, 82
Trd, 4319862.143, 122
Trd, 4319862.243, 104
Trd, 4319862.743, 92
Trd, 4319863.043, 91
Trd, 4319863.143, 89
Trd, 4319863.243, 86
Trd, 4319864.893, 101
Trd, 4319866.243, 109
Trd, 4319866.343, 108
Trd, 4319866.593, 106
Trd, 4319866.793, 97
Trd, 4319867.793, 75
Trd, 4319868.593, 80
Trd, 4319869.043, 67
Trd, 4319869.693, 103
Trd, 4319870.843, 104
Trd, 4319870.993, 96
Trd, 4319872.243, 63
Trd, 4319873.343, 60
Trd, 4319873.443, 70
Trd, 4319875.043, 70
Trd, 4319875.893, 90
Trd, 4319876.093, 76
Trd, 4319877.243, 113
Trd, 4319878.193, 127
Trd, 4319878.643, 111
Trd, 4319878.843, 107
Trd, 4319878.893, 102
Trd, 4319879.143, 93
Trd, 4319879.443, 94
Trd, 4319880.343, 125
Trd, 4319880.393, 122
Trd, 4319881.193, 102
Trd, 4319881.893, 100
Trd, 4319883.593, 87
Trd, 4319884.043, 77
Trd, 4319884.443, 109
Trd, 4319885.893, 91
Trd, 4319886.993, 115
Trd, 4319887.193, 104
Trd, 4319888.093, 126
Trd, 4319888.393, 124
Trd, 4319888.943, 120
Trd, 4319889.343, 93
Trd, 4319889.793, 136
Trd, 4319889.993, 133
Trd, 4319891.093, 131
Trd, 4319891.793, 106
Trd, 4319892.293, 77
Trd, 4319894.193, 94
Trd, 4319894.243, 109
Trd, 4319894.943, 75
Trd, 4319895.593, 80
Trd, 4319896.193, 121
Trd, 4319897.943, 105
Trd, 4319897.993, 85
Trd, 4319899.043, 123
Trd, 4319899.293, 102
Trd, 4319899.543, 98
Trd, 4319899.693, 98
Trd, 4319900.893, 73
Trd, 4319902.443, 76
Trd, 4319903.143, 62
Trd, 4319903.193, 101
Trd, 4319903.943, 67
Trd, 4319904.643, 98
Trd, 4319905.193, 78
Trd, 4319907.793, 97
Trd, 4319907.843, 96
Trd, 4319908.693, 118
Trd, 4319908.793, 63
Trd, 4319909.043, 131
Trd, 4319910.443, 93
Trd, 4319911.593, 72
Trd, 4319911.743, 69
Trd, 4319913.093, 127
Trd, 4319913.243, 119
Trd, 4319914.943, 126
Trd, 4319915.793, 137
Trd, 4319916.743, 137
Trd, 4319917.393, 127
Trd, 4319918.443, 62
Trd, 4319918.893, 78
Trd, 4319918.943, 79
Trd, 4319919.943, 93
Trd, 4319921.493, 72
Trd, 4319921.993, 72
Trd, 4319922.893, 72
Trd, 4319923.443, 68
Trd, 4319924.043, 135
Trd, 4319925.043, 129
Trd, 4319925.193, 113
Trd, 4319925.793, 115
Trd, 4319926.543, 133
Trd, 4319926.593, 125
Trd, 4319927.193, 138
Trd, 4319927.643, 129
Trd, 4319928.143, 122
Trd, 4319928.793, 105
Trd, 4319930.643, 105
Trd, 4319930.793, 104
Trd, 4319931.393, 90
Trd, 4319931.993, 100
Trd, 4319932.943, 137
Trd, 4319933.493, 133
Trd, 4319934.293, 140
Trd, 4319935.143, 105
Trd, 4319935.593, 136
Trd, 4319936.043, 109
Trd, 4319937.393, 63
Trd, 4319937.643, 64
Trd, 4319937.993, 98
Trd, 4319938.393, 90
Trd, 4319938.593, 132
Trd, 4319939.893, 85
Trd, 4319941.793, 135
Trd, 4319942.193, 112
Trd, 4319943.093, 111
Trd, 4319943.343, 104
Trd, 4319944.093, 60
Trd, 4319944.143, 131
Trd, 4319945.143, 105
Trd, 4319945.443, 88
Trd, 4319946.043, 102
Trd, 4319946.343, 92
Trd, 4319947.393, 91
Trd, 4319947.793, 86
Trd, 4319948.543, 85
Trd, 4319949.793, 139
Trd, 4319950.943, 135
Trd, 4319951.093, 133
Trd, 4319952.493, 129
Trd, 4319952.793, 128
Trd, 4319953.093, 120
Trd, 4319953.193, 116
Trd, 4319954.093, 113
Trd, 4319954.843, 107
Trd, 4319955.793, 90
Trd, 4319956.793, 134
Trd, 4319956.943, 125
Trd, 4319957.943, 98
Trd, 4319958.143, 92
Trd, 4319959.143, 90
Trd, 4319959.593, 80
Trd, 4319960.593, 98
Trd, 4319960.743, 113
Trd, 4319961.643, 103
Trd, 4319961.943, 92
Trd, 4319962.493, 68
Trd, 4319963.143, 70
Trd, 4319963.393, 91
Trd, 4319964.743, 69
Trd, 4319965.093, 89
Trd, 4319965.693, 110
Trd, 4319966.043, 138
Trd, 4319967.143, 80
Trd, 4319968.143, 107
Trd, 4319968.393, 80
Trd, 4319970.743, 135
Trd, 4319971.093, 132
Trd, 4319971.143, 124
Trd, 4319971.543, 121
Trd, 4319971.693, 138
Trd, 4319971.743, 91
Trd, 4319972.893, 68
Trd, 4319972.943, 78
Trd, 4319974.343, 67
Trd, 4319974.443, 115
Trd, 4319975.543, 100
Trd, 4319976.093, 109
Trd, 4319976.693, 95
Trd, 4319976.993, 90
Trd, 4319978.643, 75
Trd, 4319978.993, 131
Trd, 4319979.493, 87
Trd, 4319980.193, 96
Trd, 4319980.343, 85
Trd, 4319981.693, 79
Trd, 4319981.993, 61
Trd, 4319983.543, 91
Trd, 4319984.293, 74
Trd, 4319984.743, 93
Trd, 4319985.343, 90
Trd, 4319986.093, 64
Trd, 4319986.393, 61
Trd, 4319988.743, 135
Trd, 4319989.243, 134
Trd, 4319989.993, 126
Trd, 4319990.043, 110
Trd, 4319990.643, 123
Trd, 4319990.893, 116
Trd, 4319991.193, 102
Trd, 4319992.093, 132
Trd, 4319992.943, 137
Trd, 4319993.143, 116
Trd, 4319994.093, 140
Trd, 4319995.343, 66
Trd, 4319996.293, 71
Trd, 4319997.393, 84
Trd, 4319998.093, 72
Trd, 4319998.793, 78
Trd, 4319998.843, 68
