Trd, 4318093.393, 76
Trd, 4318094.493, 129
Trd, 4318094.643, 120
Trd, 4318095.543, 92
Trd, 4318096.643, 72
Trd, 4318097.243, 107
Trd, 4318097.543, 118
Trd, 4318098.693, 102
Trd, 4318099.343, 90
Trd, 4318099.943, 91
Trd, 4318101.193, 121
Trd, 4318101.393, 113
Trd, 4318102.743, 133
Trd, 4318103.793, 138
Trd, 4318103.893, 131
Trd, 4318104.293, 132
Trd, 4318104.543, 128
Trd, 4318105.143, 108
Trd, 4318105.993, 122
Trd, 4318106.343, 107
Trd, 4318107.193, 103
Trd, 4318107.793, 131
Trd, 4318108.243, 101
Trd, 4318108.993, 99
Trd, 4318110.093, 118
Trd, 4318111.193, 104
Trd, 4318111.543, 97
Trd, 4318112.643, 69
Trd, 4318113.993, 65
Trd, 4318115.743, 126
Trd, 4318116.043, 137
Trd, 4318116.393, 133
Trd, 4318117.143, 117
Trd, 4318117.193, 117
Trd, 4318117.293, 95
Trd, 4318118.243, 77
Trd, 4318119.093, 95
Trd, 4318119.193, 88
Trd, 4318119.943, 88
Trd, 4318120.893, 129
Trd, 4318121.343, 108
Trd, 4318122.143, 116
Trd, 4318122.643, 108
Trd, 4318124.493, 137
Trd, 4318125.793, 96
Trd, 4318126.143, 139
Trd, 4318126.243, 91
Trd, 4318126.593, 106
Trd, 4318126.693, 97
Trd, 4318127.893, 128
Trd, 4318129.143, 112
Trd, 4318129.643, 96
Trd, 4318129.793, 105
Trd, 4318131.493, 118
Trd, 4318131.793, 115
Trd, 4318131.893, 91
Trd, 4318132.043, 116
Trd, 4318134.393, 111
Trd, 4318135.193, 113
Trd, 4318135.993, 90
Trd, 4318137.543, 135
Trd, 4318138.693, 135
Trd, 4318140.043, 112
Trd, 4318140.143, 110
Trd, 4318140.293, 122
Trd, 4318140.543, 106
Trd, 4318141.743, 92
Trd, 4318142.043, 84
Trd, 4318142.743, 96
Trd, 4318143.493, 130
Trd, 4318143.693, 107
Trd, 4318144.443, 133
Trd, 4318144.843, 133
Trd, 4318145.743, 107
Trd, 4318146.793, 131
Trd, 4318146.993, 116
Trd, 4318149.793, 87
Trd, 4318150.593, 125
Trd, 4318151.093, 112
Trd, 4318152.343, 129
Trd, 4318153.593, 130
Trd, 4318154.043, 127
Trd, 4318154.143, 121
Trd, 4318155.943, 112
Trd, 4318156.843, 111
Trd, 4318157.493, 124
Trd, 4318158.643, 119
Trd, 4318158.743, 97
Trd, 4318158.793, 94
Trd, 4318159.743, 92
Trd, 4318159.943, 100
Trd, 4318161.493, 117
Trd, 4318161.643, 111
Trd, 4318162.643, 98
Trd, 4318163.093, 113
Trd, 4318163.543, 124
Trd, 4318164.543, 117
Trd, 4318165.093, 136
Trd, 4318167.843, 119
Trd, 4318167.943, 116
Trd, 4318168.393, 139
Trd, 4318168.643, 132
Trd, 4318170.193, 127
Trd, 4318170.493, 122
Trd, 4318171.793, 113
Trd, 4318171.943, 92
Trd, 4318172.793, 131
Trd, 4318172.843, 113
Trd, 4318174.593, 96
Trd, 4318174.693, 103
Trd, 4318174.743, 113
Trd, 4318176.693, 140
Trd, 4318177.393, 118
Trd, 4318177.443, 111
Trd, 4318178.893, 95
Trd, 4318179.093, 86
Trd, 4318180.043, 114
Trd, 4318180.543, 120
Trd, 4318182.793, 125
Trd, 4318182.993, 117
Trd, 4318183.443, 122
Trd, 4318184.743, 118
Trd, 4318184.943, 102
Trd, 4318185.293, 122
Trd, 4318185.743, 110
Trd, 4318186.593, 134
Trd, 4318187.043, 131
Trd, 4318187.943, 100
Trd, 4318188.093, 112
Trd, 4318189.143, 102
Trd, 4318189.743, 105
Trd, 4318190.843, 129
Trd, 4318191.693, 102
Trd, 4318193.293, 108
Trd, 4318194.093, 73
Trd, 4318194.593, 121
Trd, 4318194.743, 98
Trd, 4318195.393, 92
Trd, 4318195.893, 87
Trd, 4318196.643, 88
Trd, 4318197.343, 83
Trd, 4318197.693, 99
Trd, 4318198.393, 131
Trd, 4318199.143, 139
Trd, 4318200.543, 127
Trd, 4318201.093, 121
Trd, 4318202.093, 119
Trd, 4318202.743, 131
Trd, 4318202.993, 101
Trd, 4318204.343, 130
Trd, 4318205.393, 113
Trd, 4318207.093, 113
Trd, 4318207.743, 114
Trd, 4318209.143, 129
Trd, 4318209.493, 130
Trd, 4318210.343, 125
Trd, 4318210.443, 115
Trd, 4318211.443, 134
Trd, 4318212.993, 117
Trd, 4318213.443, 126
Trd, 4318213.593, 109
Trd, 4318214.143, 127
Trd, 4318215.543, 92
Trd, 4318215.793, 89
Trd, 4318216.793, 139
Trd, 4318217.893, 109
Trd, 4318220.043, 75
Trd, 4318220.593, 72
Trd, 4318221.743, 105
Trd, 4318222.043, 107
Trd, 4318222.843, 137
Trd, 4318223.793, 136
Trd, 4318223.993, 126
Trd, 4318224.643, 100
Trd, 4318225.243, 93
Trd, 4318225.943, 89
Trd, 4318225.993, 88
Trd, 4318227.743, 103
Trd, 4318228.243, 121
Trd, 4318229.893, 136
Trd, 4318230.743, 89
Trd, 4318230.843, 121
Trd, 4318231.043, 111
Trd, 4318231.543, 110
Trd, 4318231.843, 121
Trd, 4318233.893, 93
Trd, 4318234.043, 135
Trd, 4318234.193, 109
Trd, 4318234.243, 92
Trd, 4318236.043, 139
Trd, 4318236.443, 134
Trd, 4318238.193, 140
Trd, 4318238.493, 116
Trd, 4318239.493, 111
Trd, 4318239.893, 110
Trd, 4318240.593, 100
Trd, 4318241.043, 93
Trd, 4318241.593, 69
Trd, 4318242.293, 124
Trd, 4318243.093, 98
Trd, 4318244.043, 95
Trd, 4318244.193, 127
Trd, 4318244.843, 136
Trd, 4318245.643, 94
Trd, 4318247.593, 121
Trd, 4318247.893, 110
Trd, 4318248.093, 98
Trd, 4318248.343, 124
Trd, 4318248.393, 127
Trd, 4318248.993, 96
Trd, 4318249.293, 121
Trd, 4318249.593, 137
Trd, 4318251.043, 100
Trd, 4318252.493, 114
Trd, 4318254.843, 115
Trd, 4318255.243, 102
Trd, 4318256.493, 136
Trd, 4318257.193, 110
Trd, 4318257.943, 122
Trd, 4318258.693, 123
Trd, 4318259.143, 115
Trd, 4318260.493, 82
Trd, 4318261.693, 105
Trd, 4318262.393, 118
Trd, 4318262.493, 95
Trd, 4318263.593, 96
Trd, 4318263.943, 82
Trd, 4318265.543, 134
Trd, 4318266.643, 118
Trd, 4318267.393, 96
Trd, 4318267.893, 139
Trd, 4318268.493, 109
Trd, 4318269.643, 129
Trd, 4318270.193, 107
Trd, 4318270.593, 87
Trd, 4318271.793, 127
Trd, 4318272.043, 117
Trd, 4318272.443, 98
Trd, 4318273.193, 84
Trd, 4318273.993, 91
Trd, 4318275.393, 128
Trd, 4318276.343, 106
Trd, 4318276.793, 103
Trd, 4318276.893, 121
Trd, 4318277.843, 105
Trd, 4318278.493, 85
Trd, 4318278.843, 106
Trd, 4318279.993, 140
Trd, 4318280.943, 115
Trd, 4318282.143, 125
Trd, 4318282.293, 107
Trd, 4318282.543, 128
Trd, 4318283.343, 108
Trd, 4318283.743, 91
Trd, 4318284.543, 106
Trd, 4318284.693, 95
Trd, 4318287.193, 125
Trd, 4318287.293, 126
Trd, 4318287.743, 109
Trd, 4318288.393, 125
Trd, 4318288.993, 115
Trd, 4318289.443, 114
Trd, 4318292.243, 139
Trd, 4318293.443, 130
Trd, 4318293.943, 117
Trd, 4318294.593, 131
Trd, 4318296.143, 126
Trd, 4318296.343, 120
Trd, 4318297.293, 130
Trd, 4318297.793, 134
Trd, 4318298.293, 107
Trd, 4318298.893, 93
Trd, 4318299.793, 77
Trd, 4318300.143, 80
Trd, 4318300.543, 78
Trd, 4318301.393, 139
Trd, 4318301.743, 96
Trd, 4318303.093, 99
Trd, 4318303.843, 114
Trd, 4318304.743, 127
Trd, 4318304.993, 96
Trd, 4318305.893, 105
Trd, 4318306.493, 110
Trd, 4318307.293, 125
Trd, 4318308.093, 124
Trd, 4318309.293, 103
Trd, 4318309.693, 102
Trd, 4318310.443, 99
Trd, 4318311.243, 105
Trd, 4318311.443, 88
Trd, 4318312.793, 85
Trd, 4318314.393, 79
Trd, 4318314.743, 81
Trd, 4318314.843, 90
Trd, 4318315.093, 117
Trd, 4318315.693, 112
Trd, 4318317.093, 128
Trd, 4318319.443, 133
Trd, 4318319.543, 131
Trd, 4318320.493, 139
Trd, 4318320.793, 114
Trd, 4318322.993, 134
Trd, 4318323.043, 119
Trd, 4318323.643, 130
Trd, 4318323.943, 133
Trd, 4318324.093, 123
Trd, 4318324.443, 120
Trd, 4318325.743, 140
Trd, 4318327.293, 81
Trd, 4318327.843, 77
Trd, 4318328.143, 132
Trd, 4318329.143, 113
Trd, 4318329.493, 70
Trd, 4318330.343, 129
Trd, 4318331.493, 137
Trd, 4318333.543, 110
Trd, 4318333.693, 108
Trd, 4318333.943, 106
Trd, 4318336.093, 140
Trd, 4318336.243, 129
Trd, 4318336.743, 128
Trd, 4318337.543, 124
Trd, 4318338.843, 108
Trd, 4318339.843, 107
Trd, 4318339.893, 77
Trd, 4318339.993, 116
Trd, 4318341.793, 122
Trd, 4318342.143, 104
Trd, 4318342.693, 99
Trd, 4318343.243, 98
Trd, 4318344.943, 123
Trd, 4318345.993, 140
Trd, 4318346.143, 115
Trd, 4318348.043, 98
Trd, 4318348.643, 107
Trd, 4318348.793, 105
Trd, 4318350.043, 140
Trd, 4318350.343, 126
Trd, 4318350.893, 118
Trd, 4318351.993, 108
Trd, 4318353.893, 131
Trd, 4318354.743, 118
Trd, 4318356.593, 138
Trd, 4318356.693, 90
Trd, 4318357.743, 102
Trd, 4318359.093, 119
Trd, 4318359.193, 111
Trd, 4318360.843, 105
Trd, 4318361.043, 86
Trd, 4318362.643, 115
Trd, 4318362.993, 114
Trd, 4318364.093, 107
Trd, 4318364.193, 104
Trd, 4318365.143, 96
Trd, 4318365.343, 108
Trd, 4318366.543, 126
Trd, 4318367.193, 75
Trd, 4318368.293, 88
Trd, 4318368.343, 104
Trd, 4318368.993, 80
Trd, 4318369.443, 111
Trd, 4318370.043, 118
Trd, 4318371.743, 131
Trd, 4318372.243, 137
Trd, 4318372.793, 127
Trd, 4318373.893, 109
Trd, 4318375.293, 103
Trd, 4318376.143, 102
Trd, 4318376.443, 101
Trd, 4318376.543, 95
Trd, 4318377.043, 102
Trd, 4318377.493, 130
Trd, 4318378.693, 125
Trd, 4318379.593, 129
Trd, 4318379.993, 116
Trd, 4318380.143, 113
Trd, 4318381.643, 82
Trd, 4318382.393, 123
Trd, 4318382.843, 138
Trd, 4318383.843, 113
Trd, 4318384.643, 114
Trd, 4318385.393, 124
Trd, 4318386.293, 109
Trd, 4318387.243, 135
Trd, 4318387.293, 105
Trd, 4318387.593, 99
Trd, 4318387.943, 116
Trd, 4318388.143, 94
Trd, 4318390.343, 121
Trd, 4318390.643, 132
Trd, 4318391.393, 123
Trd, 4318392.643, 114
Trd, 4318392.893, 110
Trd, 4318393.793, 124
Trd, 4318395.143, 112
Trd, 4318396.493, 84
Trd, 4318396.793, 78
Trd, 4318397.243, 116
Trd, 4318397.543, 88
Trd, 4318397.743, 86
Trd, 4318398.343, 124
Trd, 4318399.993, 127
Trd, 4318400.393, 126
Trd, 4318400.643, 121
Trd, 4318400.943, 106
Trd, 4318401.993, 125
Trd, 4318403.643, 133
Trd, 4318403.693, 113
Trd, 4318404.193, 80
Trd, 4318404.543, 140
Trd, 4318404.893, 94
Trd, 4318405.443, 129
Trd, 4318406.193, 127
Trd, 4318406.993, 121
Trd, 4318407.343, 117
Trd, 4318409.943, 101
Trd, 4318410.143, 90
Trd, 4318410.343, 97
Trd, 4318412.343, 95
Trd, 4318414.393, 117
Trd, 4318414.443, 110
Trd, 4318415.093, 115
Trd, 4318415.493, 115
Trd, 4318415.543, 99
Trd, 4318416.193, 109
Trd, 4318417.793, 111
Trd, 4318419.043, 107
Trd, 4318419.793, 115
Trd, 4318419.993, 105
Trd, 4318420.443, 98
Trd, 4318421.643, 108
Trd, 4318422.243, 129
Trd, 4318422.293, 102
Trd, 4318422.343, 101
Trd, 4318423.243, 101
Trd, 4318423.443, 80
Trd, 4318424.793, 83
Trd, 4318425.293, 122
Trd, 4318426.943, 115
Trd, 4318428.443, 112
Trd, 4318428.493, 106
Trd, 4318429.593, 137
Trd, 4318429.893, 98
Trd, 4318430.743, 124
Trd, 4318431.893, 138
Trd, 4318432.093, 113
Trd, 4318432.643, 124
Trd, 4318433.543, 130
Trd, 4318433.593, 120
Trd, 4318434.493, 115
Trd, 4318435.593, 137
Trd, 4318436.493, 89
Trd, 4318437.193, 133
Trd, 4318437.843, 135
Trd, 4318438.593, 104
Trd, 4318439.293, 111
Trd, 4318439.693, 106
Trd, 4318441.393, 125
Trd, 4318441.793, 125
Trd, 4318442.143, 135
Trd, 4318442.593, 92
Trd, 4318445.093, 122
Trd, 4318445.693, 106
Trd, 4318446.243, 99
Trd, 4318446.493, 125
Trd, 4318447.143, 120
Trd, 4318448.493, 99
Trd, 4318448.793, 125
Trd, 4318449.993, 115
Trd, 4318450.743, 98
Trd, 4318452.193, 117
Trd, 4318452.443, 89
Trd, 4318452.893, 98
Trd, 4318453.543, 124
Trd, 4318453.643, 123
Trd, 4318455.143, 108
Trd, 4318456.793, 124
Trd, 4318457.643, 140
Trd, 4318458.293, 112
Trd, 4318458.393, 108
Trd, 4318458.493, 102
Trd, 4318459.543, 99
Trd, 4318460.893, 90
Trd, 4318460.993, 69
Trd, 4318461.493, 91
Trd, 4318462.593, 110
Trd, 4318462.643, 109
Trd, 4318463.693, 133
Trd, 4318465.143, 137
Trd, 4318465.193, 126
Trd, 4318466.193, 103
Trd, 4318466.593, 102
Trd, 4318467.143, 63
Trd, 4318468.343, 63
Trd, 4318468.493, 86
Trd, 4318469.693, 92
Trd, 4318471.343, 105
Trd, 4318473.093, 104
Trd, 4318473.143, 84
Trd, 4318474.343, 114
Trd, 4318474.843, 120
Trd, 4318474.893, 102
Trd, 4318475.743, 77
Trd, 4318477.643, 77
Trd, 4318477.743, 77
Trd, 4318479.343, 90
Trd, 4318479.693, 74
Trd, 4318480.043, 96
Trd, 4318480.543, 103
Trd, 4318481.643, 131
Trd, 4318482.493, 119
Trd, 4318482.643, 118
Trd, 4318483.743, 111
Trd, 4318484.693, 131
Trd, 4318485.693, 135
Trd, 4318486.143, 128
Trd, 4318486.243, 119
Trd, 4318487.093, 140
Trd, 4318487.793, 126
Trd, 4318487.943, 121
Trd, 4318488.243, 113
Trd, 4318489.493, 92
Trd, 4318491.843, 107
Trd, 4318492.943, 125
Trd, 4318494.393, 131
Trd, 4318494.593, 130
Trd, 4318496.193, 113
Trd, 4318496.393, 97
Trd, 4318496.593, 120
Trd, 4318498.843, 117
Trd, 4318499.143, 98
Trd, 4318500.093, 107
Trd, 4318500.243, 103
Trd, 4318501.743, 113
Trd, 4318501.793, 111
Trd, 4318502.243, 95
Trd, 4318502.543, 122
Trd, 4318503.543, 134
Trd, 4318505.193, 115
Trd, 4318505.643, 103
Trd, 4318505.743, 108
Trd, 4318508.693, 130
Trd, 4318508.993, 125
Trd, 4318509.343, 116
Trd, 4318509.543, 101
Trd, 4318509.593, 97
Trd, 4318510.243, 125
Trd, 4318511.043, 136
Trd, 4318511.793, 71
Trd, 4318514.243, 134
Trd, 4318514.743, 117
Trd, 4318515.543, 109
Trd, 4318515.993, 120
Trd, 4318516.243, 138
Trd, 4318516.793, 98
Trd, 4318517.293, 83
Trd, 4318518.943, 94
Trd, 4318518.993, 94
Trd, 4318519.793, 94
Trd, 4318520.743, 99
Trd, 4318520.943, 103
Trd, 4318521.843, 107
Trd, 4318522.393, 101
Trd, 4318522.443, 123
Trd, 4318524.343, 105
Trd, 4318524.443, 90
Trd, 4318524.793, 64
Trd, 4318526.293, 118
Trd, 4318526.743, 140
Trd, 4318526.943, 125
Trd, 4318527.593, 129
Trd, 4318528.843, 137
Trd, 4318529.193, 92
Trd, 4318529.343, 72
Trd, 4318529.993, 85
Trd, 4318531.993, 130
Trd, 4318533.993, 108
Trd, 4318535.093, 132
Trd, 4318535.793, 108
Trd, 4318537.343, 82
Trd, 4318537.743, 136
Trd, 4318538.993, 96
Trd, 4318539.093, 100
Trd, 4318539.293, 71
Trd, 4318539.543, 99
Trd, 4318540.193, 85
Trd, 4318542.093, 103
Trd, 4318542.343, 84
Trd, 4318543.293, 121
Trd, 4318544.743, 107
Trd, 4318544.943, 104
Trd, 4318545.243, 99
Trd, 4318545.793, 100
Trd, 4318546.093, 66
Trd, 4318546.643, 102
Trd, 4318547.343, 140
Trd, 4318547.993, 95
Trd, 4318549.343, 119
Trd, 4318549.843, 87
Trd, 4318551.043, 101
Trd, 4318551.793, 86
Trd, 4318552.243, 126
Trd, 4318552.443, 104
Trd, 4318552.743, 101
Trd, 4318554.143, 133
Trd, 4318554.543, 122
Trd, 4318554.943, 115
Trd, 4318555.243, 113
Trd, 4318555.393, 112
Trd, 4318556.593, 98
Trd, 4318557.293, 91
Trd, 4318558.743, 73
Trd, 4318559.743, 140
Trd, 4318560.343, 124
Trd, 4318561.093, 130
Trd, 4318562.793, 137
Trd, 4318564.093, 106
Trd, 4318564.643, 116
Trd, 4318565.043, 136
Trd, 4318567.493, 99
Trd, 4318568.343, 121
Trd, 4318568.393, 92
Trd, 4318569.693, 88
Trd, 4318570.993, 112
Trd, 4318571.893, 134
Trd, 4318572.893, 111
Trd, 4318573.693, 100
Trd, 4318574.793, 134
Trd, 4318575.593, 138
Trd, 4318576.093, 130
Trd, 4318576.343, 130
Trd, 4318576.393, 122
Trd, 4318578.243, 124
Trd, 4318580.943, 125
Trd, 4318581.243, 118
Trd, 4318581.393, 117
Trd, 4318582.943, 135
Trd, 4318584.593, 134
Trd, 4318585.143, 124
Trd, 4318585.543, 122
Trd, 4318585.693, 120
Trd, 4318586.293, 91
Trd, 4318586.793, 131
Trd, 4318586.943, 130
Trd, 4318588.393, 114
Trd, 4318588.993, 96
Trd, 4318589.043, 117
Trd, 4318591.243, 130
Trd, 4318592.093, 129
Trd, 4318592.193, 114
Trd, 4318593.193, 111
Trd, 4318593.793, 139
Trd, 4318595.843, 134
Trd, 4318596.743, 96
Trd, 4318597.543, 78
Trd, 4318597.593, 91
Trd, 4318597.893, 75
Trd, 4318598.393, 92
Trd, 4318599.093, 109
Trd, 4318599.993, 135
Trd, 4318600.543, 126
Trd, 4318601.193, 107
Trd, 4318602.443, 113
Trd, 4318603.243, 117
Trd, 4318604.243, 110
Trd, 4318604.993, 111
Trd, 4318605.543, 110
Trd, 4318605.893, 139
Trd, 4318607.543, 128
Trd, 4318608.393, 136
Trd, 4318609.543, 128
Trd, 4318610.643, 109
Trd, 4318610.743, 101
Trd, 4318611.893, 120
Trd, 4318612.043, 116
Trd, 4318612.293, 136
Trd, 4318612.693, 128
Trd, 4318613.093, 128
Trd, 4318613.843, 126
Trd, 4318614.393, 91
Trd, 4318616.893, 95
Trd, 4318616.943, 111
Trd, 4318617.093, 74
Trd, 4318617.593, 101
Trd, 4318619.143, 116
Trd, 4318619.343, 111
Trd, 4318619.443, 118
Trd, 4318621.693, 82
Trd, 4318622.843, 113
Trd, 4318623.143, 97
Trd, 4318623.943, 81
Trd, 4318624.493, 97
Trd, 4318626.443, 133
Trd, 4318626.893, 126
Trd, 4318628.043, 118
Trd, 4318628.193, 111
Trd, 4318628.493, 110
Trd, 4318629.593, 101
Trd, 4318629.793, 113
Trd, 4318631.543, 66
Trd, 4318632.143, 128
Trd, 4318632.993, 137
Trd, 4318633.093, 128
Trd, 4318633.793, 101
Trd, 4318634.243, 99
Trd, 4318635.043, 68
Trd, 4318636.693, 72
Trd, 4318636.743, 95
Trd, 4318637.793, 93
Trd, 4318639.193, 127
Trd, 4318639.893, 130
Trd, 4318640.243, 111
Trd, 4318640.543, 107
Trd, 4318640.593, 96
Trd, 4318641.593, 79
Trd, 4318643.443, 113
Trd, 4318643.493, 106
Trd, 4318644.393, 112
Trd, 4318644.493, 89
Trd, 4318644.893, 96
Trd, 4318645.593, 130
Trd, 4318646.743, 125
Trd, 4318648.593, 128
Trd, 4318648.993, 138
Trd, 4318650.143, 126
Trd, 4318650.193, 119
Trd, 4318650.543, 109
Trd, 4318650.793, 119
Trd, 4318651.593, 124
Trd, 4318652.043, 123
Trd, 4318653.393, 130
Trd, 4318653.443, 124
Trd, 4318654.293, 121
Trd, 4318654.443, 112
Trd, 4318655.943, 134
Trd, 4318657.043, 133
Trd, 4318659.293, 114
Trd, 4318659.743, 139
Trd, 4318661.243, 128
Trd, 4318662.293, 108
Trd, 4318662.543, 107
Trd, 4318663.793, 124
Trd, 4318664.443, 110
Trd, 4318666.793, 129
Trd, 4318667.093, 119
Trd, 4318667.393, 115
Trd, 4318667.843, 122
Trd, 4318667.893, 112
Trd, 4318668.743, 121
Trd, 4318669.243, 105
Trd, 4318670.293, 95
Trd, 4318670.493, 85
Trd, 4318670.993, 91
Trd, 4318672.393, 116
Trd, 4318672.693, 86
Trd, 4318674.643, 122
Trd, 4318674.793, 111
Trd, 4318675.343, 84
Trd, 4318675.493, 96
Trd, 4318675.843, 111
Trd, 4318676.393, 123
Trd, 4318677.143, 74
Trd, 4318679.643, 98
Trd, 4318680.443, 115
Trd, 4318680.593, 94
Trd, 4318681.393, 111
Trd, 4318682.143, 133
Trd, 4318683.643, 88
Trd, 4318683.693, 82
Trd, 4318684.993, 72
Trd, 4318685.743, 109
Trd, 4318686.243, 116
Trd, 4318687.343, 105
Trd, 4318688.393, 139
Trd, 4318688.943, 135
Trd, 4318689.593, 121
Trd, 4318690.093, 115
Trd, 4318690.393, 127
Trd, 4318692.393, 97
Trd, 4318692.643, 101
Trd, 4318692.893, 84
Trd, 4318694.493, 123
Trd, 4318695.043, 106
Trd, 4318695.643, 99
Trd, 4318696.093, 98
Trd, 4318696.643, 97
Trd, 4318696.843, 76
Trd, 4318697.643, 72
Trd, 4318698.193, 138
Trd, 4318698.543, 80
Trd, 4318698.993, 86
Trd, 4318699.343, 70
Trd, 4318700.643, 136
Trd, 4318702.193, 128
Trd, 4318704.093, 131
Trd, 4318705.343, 137
Trd, 4318705.543, 112
Trd, 4318705.743, 132
Trd, 4318705.793, 107
Trd, 4318706.493, 119
Trd, 4318706.543, 118
Trd, 4318706.943, 66
Trd, 4318708.343, 126
Trd, 4318708.843, 126
Trd, 4318709.093, 125
Trd, 4318710.493, 110
Trd, 4318711.743, 127
Trd, 4318711.993, 118
Trd, 4318712.043, 111
Trd, 4318713.743, 109
Trd, 4318715.543, 129
Trd, 4318715.643, 121
Trd, 4318716.143, 105
Trd, 4318716.593, 126
Trd, 4318718.743, 135
Trd, 4318719.243, 114
Trd, 4318720.643, 105
Trd, 4318720.743, 75
Trd, 4318721.543, 123
Trd, 4318721.693, 86
Trd, 4318722.193, 130
Trd, 4318722.443, 132
Trd, 4318724.293, 107
Trd, 4318725.193, 113
Trd, 4318725.293, 110
Trd, 4318725.693, 96
Trd, 4318726.193, 68
Trd, 4318727.293, 103
Trd, 4318728.793, 63
Trd, 4318728.943, 119
Trd, 4318729.843, 121
Trd, 4318730.893, 105
Trd, 4318732.393, 105
Trd, 4318732.643, 97
Trd, 4318733.393, 91
Trd, 4318733.543, 84
Trd, 4318733.943, 94
Trd, 4318733.993, 95
Trd, 4318734.593, 81
Trd, 4318735.093, 64
Trd, 4318735.943, 79
Trd, 4318736.093, 63
Trd, 4318736.493, 101
Trd, 4318738.943, 116
Trd, 4318739.193, 110
Trd, 4318740.093, 112
Trd, 4318740.393, 122
Trd, 4318740.493, 108
Trd, 4318740.893, 98
Trd, 4318741.193, 68
Trd, 4318743.993, 137
Trd, 4318744.493, 99
Trd, 4318745.043, 79
Trd, 4318745.743, 116
Trd, 4318746.943, 127
Trd, 4318747.343, 113
Trd, 4318747.643, 113
Trd, 4318748.143, 76
Trd, 4318750.243, 128
Trd, 4318751.093, 136
Trd, 4318752.093, 120
Trd, 4318753.143, 119
Trd, 4318753.493, 115
Trd, 4318754.243, 94
Trd, 4318754.643, 118
Trd, 4318755.043, 132
Trd, 4318755.993, 125
Trd, 4318756.293, 104
Trd, 4318756.843, 117
Trd, 4318757.493, 75
Trd, 4318758.743, 130
Trd, 4318759.393, 83
Trd, 4318760.743, 105
Trd, 4318760.993, 106
Trd, 4318762.243, 122
Trd, 4318762.293, 96
Trd, 4318763.493, 136
Trd, 4318763.693, 126
Trd, 4318764.393, 109
Trd, 4318764.443, 108
Trd, 4318764.793, 84
Trd, 4318765.193, 82
Trd, 4318766.843, 112
Trd, 4318767.093, 105
Trd, 4318767.643, 81
Trd, 4318768.393, 93
Trd, 4318769.043, 119
Trd, 4318769.443, 106
Trd, 4318769.593, 74
Trd, 4318770.743, 120
Trd, 4318772.093, 129
Trd, 4318774.643, 118
Trd, 4318774.893, 121
Trd, 4318775.043, 102
Trd, 4318775.093, 113
Trd, 4318775.743, 127
Trd, 4318776.293, 139
Trd, 4318777.493, 135
Trd, 4318778.793, 106
Trd, 4318779.443, 111
Trd, 4318780.943, 74
Trd, 4318781.643, 81
Trd, 4318781.693, 74
Trd, 4318782.993, 100
Trd, 4318783.343, 120
Trd, 4318783.743, 99
Trd, 4318783.893, 96
Trd, 4318785.293, 118
Trd, 4318785.693, 130
Trd, 4318786.143, 103
Trd, 4318786.793, 97
Trd, 4318789.493, 108
Trd, 4318789.943, 109
Trd, 4318790.293, 128
Trd, 4318790.743, 126
Trd, 4318790.793, 107
Trd, 4318791.243, 133
Trd, 4318792.143, 117
Trd, 4318792.593, 90
Trd, 4318793.493, 108
Trd, 4318796.193, 132
Trd, 4318796.893, 119
Trd, 4318797.193, 115
Trd, 4318797.293, 102
Trd, 4318797.843, 103
Trd, 4318797.993, 108
Trd, 4318798.193, 122
Trd, 4318799.943, 136
Trd, 4318800.493, 126
Trd, 4318800.693, 125
Trd, 4318802.293, 120
Trd, 4318803.093, 85
Trd, 4318803.443, 117
Trd, 4318804.143, 120
Trd, 4318804.743, 130
Trd, 4318804.793, 115
Trd, 4318805.393, 89
Trd, 4318806.193, 101
Trd, 4318807.543, 95
Trd, 4318808.093, 94
Trd, 4318808.293, 87
Trd, 4318809.293, 85
Trd, 4318809.743, 114
Trd, 4318810.093, 122
Trd, 4318811.393, 61
Trd, 4318812.193, 68
Trd, 4318812.643, 84
Trd, 4318813.293, 92
Trd, 4318814.343, 87
Trd, 4318814.893, 87
Trd, 4318815.393, 111
Trd, 4318817.143, 121
Trd, 4318817.593, 112
Trd, 4318818.043, 136
Trd, 4318818.843, 92
Trd, 4318818.893, 89
Trd, 4318821.143, 133
Trd, 4318821.543, 123
Trd, 4318821.643, 127
Trd, 4318821.793, 120
Trd, 4318821.843, 118
Trd, 4318823.393, 125
Trd, 4318825.693, 140
Trd, 4318825.893, 125
Trd, 4318826.193, 115
Trd, 4318826.493, 129
Trd, 4318826.843, 102
Trd, 4318828.093, 138
Trd, 4318828.343, 114
Trd, 4318828.993, 107
Trd, 4318829.993, 101
Trd, 4318830.593, 115
Trd, 4318831.443, 93
Trd, 4318831.643, 115
Trd, 4318833.143, 104
Trd, 4318833.943, 122
Trd, 4318834.493, 111
Trd, 4318834.743, 98
Trd, 4318835.243, 121
Trd, 4318836.143, 138
Trd, 4318836.543, 110
Trd, 4318837.093, 73
Trd, 4318837.743, 99
Trd, 4318838.093, 125
Trd, 4318838.443, 131
Trd, 4318839.693, 73
Trd, 4318841.343, 135
Trd, 4318841.893, 90
Trd, 4318842.243, 107
Trd, 4318842.443, 78
Trd, 4318843.993, 94
Trd, 4318844.293, 91
Trd, 4318844.593, 108
Trd, 4318846.043, 121
Trd, 4318846.243, 120
Trd, 4318846.543, 114
Trd, 4318847.343, 101
Trd, 4318848.743, 121
Trd, 4318848.793, 115
Trd, 4318849.993, 113
Trd, 4318850.243, 113
Trd, 4318851.443, 121
Trd, 4318852.393, 134
Trd, 4318852.593, 111
Trd, 4318853.993, 76
Trd, 4318855.043, 88
Trd, 4318856.493, 123
Trd, 4318857.593, 123
Trd, 4318857.893, 114
Trd, 4318858.493, 102
Trd, 4318858.543, 96
Trd, 4318859.243, 125
Trd, 4318859.693, 101
Trd, 4318859.793, 106
Trd, 4318859.943, 85
Trd, 4318861.793, 131
Trd, 4318862.293, 123
Trd, 4318864.143, 140
Trd, 4318864.243, 129
Trd, 4318865.143, 129
Trd, 4318865.893, 119
Trd, 4318866.693, 118
Trd, 4318866.793, 94
Trd, 4318867.993, 135
Trd, 4318869.143, 117
Trd, 4318869.543, 102
Trd, 4318870.093, 118
Trd, 4318871.493, 130
Trd, 4318872.393, 126
Trd, 4318872.643, 116
Trd, 4318872.843, 107
Trd, 4318872.943, 98
Trd, 4318874.743, 131
Trd, 4318875.543, 136
Trd, 4318875.993, 116
Trd, 4318876.343, 104
Trd, 4318877.243, 119
Trd, 4318878.443, 78
Trd, 4318879.543, 60
Trd, 4318879.693, 81
Trd, 4318880.543, 68
Trd, 4318881.893, 69
Trd, 4318882.393, 96
Trd, 4318883.043, 109
Trd, 4318884.243, 101
Trd, 4318884.493, 95
Trd, 4318886.193, 121
Trd, 4318886.243, 110
Trd, 4318886.293, 136
Trd, 4318887.093, 134
Trd, 4318887.793, 98
Trd, 4318887.843, 96
Trd, 4318890.543, 125
Trd, 4318890.793, 135
Trd, 4318891.093, 120
Trd, 4318891.293, 123
Trd, 4318892.343, 105
Trd, 4318892.493, 97
Trd, 4318893.643, 82
Trd, 4318894.243, 114
Trd, 4318895.293, 113
Trd, 4318895.493, 116
Trd, 4318896.193, 108
Trd, 4318897.093, 126
Trd, 4318898.493, 102
Trd, 4318898.743, 102
Trd, 4318899.293, 117
Trd, 4318900.243, 113
Trd, 4318900.643, 107
Trd, 4318901.293, 89
Trd, 4318902.493, 73
Trd, 4318902.943, 121
Trd, 4318903.993, 128
Trd, 4318904.143, 119
Trd, 4318905.243, 100
Trd, 4318905.493, 91
Trd, 4318907.793, 117
Trd, 4318908.443, 89
Trd, 4318908.643, 120
Trd, 4318909.293, 127
Trd, 4318909.593, 113
Trd, 4318912.043, 133
Trd, 4318912.443, 113
Trd, 4318913.143, 112
Trd, 4318913.543, 133
Trd, 4318914.693, 106
Trd, 4318915.343, 138
Trd, 4318915.643, 84
Trd, 4318916.193, 112
Trd, 4318917.143, 133
Trd, 4318917.943, 104
Trd, 4318919.693, 114
Trd, 4318920.193, 111
Trd, 4318921.293, 124
Trd, 4318921.393, 108
Trd, 4318922.093, 112
Trd, 4318922.893, 100
Trd, 4318923.243, 88
Trd, 4318923.643, 77
Trd, 4318923.843, 92
Trd, 4318924.693, 115
Trd, 4318926.243, 116
Trd, 4318926.343, 109
Trd, 4318926.743, 95
Trd, 4318927.493, 115
Trd, 4318928.643, 124
Trd, 4318928.743, 105
Trd, 4318929.143, 92
Trd, 4318929.243, 100
Trd, 4318930.743, 102
Trd, 4318933.043, 101
Trd, 4318933.743, 107
Trd, 4318934.443, 96
Trd, 4318934.743, 93
Trd, 4318934.893, 106
Trd, 4318935.793, 112
Trd, 4318936.743, 136
Trd, 4318936.993, 127
Trd, 4318937.643, 125
Trd, 4318938.193, 107
Trd, 4318939.093, 127
Trd, 4318939.393, 122
Trd, 4318940.043, 101
Trd, 4318940.243, 127
Trd, 4318940.743, 117
Trd, 4318941.993, 134
Trd, 4318942.643, 107
Trd, 4318943.143, 104
Trd, 4318943.643, 100
Trd, 4318944.043, 121
Trd, 4318944.293, 90
Trd, 4318945.293, 91
Trd, 4318946.043, 96
Trd, 4318946.993, 67
Trd, 4318947.093, 70
Trd, 4318947.193, 80
Trd, 4318947.643, 97
Trd, 4318949.893, 118
Trd, 4318950.093, 114
Trd, 4318950.643, 103
Trd, 4318951.343, 110
Trd, 4318951.693, 104
Trd, 4318954.693, 133
Trd, 4318954.943, 112
Trd, 4318955.393, 108
Trd, 4318955.443, 106
Trd, 4318955.943, 84
Trd, 4318956.593, 129
Trd, 4318956.993, 107
Trd, 4318957.893, 123
Trd, 4318958.243, 91
Trd, 4318959.743, 61
Trd, 4318960.443, 137
Trd, 4318963.543, 119
Trd, 4318964.143, 113
Trd, 4318965.293, 105
Trd, 4318965.443, 107
Trd, 4318965.843, 100
Trd, 4318966.193, 95
Trd, 4318966.743, 85
Trd, 4318967.143, 85
Trd, 4318967.343, 76
Trd, 4318969.043, 103
Trd, 4318969.243, 89
Trd, 4318969.743, 86
Trd, 4318970.443, 111
Trd, 4318971.443, 82
Trd, 4318971.843, 107
Trd, 4318973.743, 127
Trd, 4318974.343, 114
Trd, 4318974.693, 111
Trd, 4318975.693, 137
Trd, 4318975.893, 105
Trd, 4318976.243, 60
Trd, 4318977.043, 118
Trd, 4318977.543, 69
Trd, 4318978.793, 104
Trd, 4318979.993, 137
Trd, 4318980.793, 109
Trd, 4318980.993, 108
Trd, 4318981.393, 101
Trd, 4318982.143, 117
Trd, 4318982.593, 115
Trd, 4318983.343, 94
Trd, 4318983.493, 126
Trd, 4318984.193, 62
Trd, 4318984.943, 66
Trd, 4318986.093, 99
Trd, 4318986.593, 91
Trd, 4318987.643, 113
Trd, 4318987.843, 107
Trd, 4318988.993, 114
Trd, 4318990.343, 115
Trd, 4318991.143, 92
Trd, 4318991.593, 87
Trd, 4318991.793, 95
Trd, 4318992.543, 85
Trd, 4318993.243, 115
Trd, 4318993.543, 138
Trd, 4318994.043, 122
Trd, 4318994.993, 60
Trd, 4318995.493, 72
Trd, 4318997.693, 129
Trd, 4318998.143, 89
Trd, 4318999.093, 69
Trd, 4318999.643, 130
Trd, 4319001.193, 111
Trd, 4319001.393, 104
Trd, 4319002.143, 97
Trd, 4319002.743, 111
Trd, 4319003.393, 130
Trd, 4319004.293, 126
Trd, 4319004.893, 122
Trd, 4319006.593, 121
Trd, 4319007.843, 128
Trd, 4319008.343, 117
Trd, 4319008.443, 114
Trd, 4319009.043, 130
Trd, 4319010.143, 112
Trd, 4319010.493, 108
Trd, 4319012.143, 127
Trd, 4319012.343, 84
Trd, 4319013.093, 74
Trd, 4319013.243, 64
Trd, 4319013.643, 86
Trd, 4319014.543, 135
Trd, 4319015.093, 98
Trd, 4319015.843, 106
Trd, 4319017.243, 114
Trd, 4319017.293, 105
Trd, 4319017.393, 103
Trd, 4319017.743, 99
Trd, 4319021.693, 128
Trd, 4319021.743, 123
Trd, 4319022.443, 119
Trd, 4319023.093, 130
Trd, 4319023.343, 104
Trd, 4319023.493, 75
Trd, 4319023.643, 135
Trd, 4319025.593, 84
Trd, 4319025.793, 97
Trd, 4319025.993, 79
Trd, 4319026.443, 89
Trd, 4319026.693, 74
Trd, 4319029.143, 112
Trd, 4319030.943, 130
Trd, 4319031.243, 107
Trd, 4319031.393, 98
Trd, 4319031.643, 81
Trd, 4319031.693, 114
Trd, 4319031.993, 74
Trd, 4319032.393, 78
Trd, 4319034.443, 110
Trd, 4319034.593, 103
Trd, 4319035.443, 133
Trd, 4319036.043, 126
Trd, 4319036.693, 108
Trd, 4319036.893, 132
Trd, 4319038.293, 92
Trd, 4319039.843, 119
Trd, 4319040.593, 108
Trd, 4319041.643, 130
Trd, 4319041.993, 120
Trd, 4319042.543, 131
Trd, 4319043.393, 138
Trd, 4319043.793, 124
Trd, 4319044.943, 105
Trd, 4319045.393, 92
Trd, 4319045.943, 97
Trd, 4319046.293, 114
Trd, 4319047.443, 84
Trd, 4319048.093, 125
Trd, 4319049.393, 126
Trd, 4319049.893, 134
Trd, 4319050.893, 102
Trd, 4319051.293, 95
Trd, 4319051.893, 114
Trd, 4319052.443, 98
Trd, 4319053.943, 88
Trd, 4319054.293, 95
Trd, 4319055.293, 74
Trd, 4319055.443, 79
Trd, 4319056.893, 124
Trd, 4319057.243, 125
Trd, 4319057.443, 91
Trd, 4319057.543, 84
Trd, 4319057.693, 84
Trd, 4319059.143, 131
Trd, 4319059.243, 121
Trd, 4319059.593, 125
Trd, 4319060.143, 131
Trd, 4319060.293, 119
Trd, 4319061.243, 119
Trd, 4319062.743, 92
Trd, 4319063.843, 112
Trd, 4319064.043, 103
Trd, 4319064.493, 100
Trd, 4319066.543, 129
Trd, 4319066.743, 123
Trd, 4319067.093, 99
Trd, 4319067.243, 95
Trd, 4319069.293, 121
Trd, 4319069.343, 113
Trd, 4319070.643, 137
Trd, 4319070.893, 135
Trd, 4319071.243, 135
Trd, 4319072.743, 117
Trd, 4319072.793, 115
Trd, 4319074.893, 124
Trd, 4319076.243, 96
Trd, 4319076.493, 126
Trd, 4319078.043, 111
Trd, 4319078.293, 104
Trd, 4319078.893, 98
Trd, 4319079.943, 132
Trd, 4319081.193, 138
Trd, 4319081.543, 117
Trd, 4319081.793, 97
Trd, 4319082.093, 117
Trd, 4319082.893, 140
Trd, 4319085.243, 113
Trd, 4319086.193, 134
Trd, 4319086.443, 131
Trd, 4319086.593, 129
Trd, 4319086.893, 124
Trd, 4319087.093, 108
Trd, 4319088.243, 129
Trd, 4319089.293, 119
Trd, 4319089.443, 106
Trd, 4319090.943, 108
Trd, 4319092.493, 113
Trd, 4319092.993, 92
Trd, 4319094.693, 124
Trd, 4319094.843, 116
Trd, 4319095.693, 109
Trd, 4319096.143, 121
Trd, 4319096.743, 110
Trd, 4319097.093, 122
Trd, 4319097.393, 119
Trd, 4319097.693, 117
Trd, 4319098.243, 114
Trd, 4319099.693, 134
Trd, 4319099.843, 107
Trd, 4319101.993, 118
Trd, 4319102.443, 119
Trd, 4319102.543, 105
Trd, 4319103.193, 91
Trd, 4319104.093, 95
Trd, 4319105.493, 93
Trd, 4319105.643, 72
Trd, 4319106.343, 102
Trd, 4319107.143, 111
Trd, 4319107.243, 111
Trd, 4319107.643, 64
Trd, 4319107.943, 98
Trd, 4319108.793, 118
Trd, 4319109.643, 110
Trd, 4319110.293, 136
Trd, 4319110.993, 126
Trd, 4319112.293, 137
Trd, 4319112.443, 132
Trd, 4319112.693, 118
Trd, 4319113.643, 105
Trd, 4319113.893, 102
Trd, 4319114.543, 112
Trd, 4319115.543, 69
Trd, 4319115.693, 117
Trd, 4319116.393, 73
Trd, 4319116.743, 83
Trd, 4319118.393, 74
Trd, 4319119.043, 75
Trd, 4319119.393, 69
Trd, 4319119.793, 123
Trd, 4319119.993, 130
Trd, 4319122.693, 134
Trd, 4319123.593, 90
Trd, 4319125.043, 105
Trd, 4319125.593, 121
Trd, 4319126.443, 94
Trd, 4319126.843, 84
Trd, 4319128.043, 88
Trd, 4319128.393, 104
Trd, 4319130.343, 110
Trd, 4319131.443, 119
Trd, 4319131.593, 113
Trd, 4319131.793, 136
Trd, 4319132.093, 136
Trd, 4319134.743, 140
Trd, 4319135.543, 103
Trd, 4319135.843, 79
Trd, 4319137.243, 116
Trd, 4319137.543, 137
Trd, 4319138.793, 81
Trd, 4319139.093, 85
Trd, 4319139.293, 78
Trd, 4319141.793, 121
Trd, 4319142.143, 106
Trd, 4319142.743, 97
Trd, 4319144.243, 137
Trd, 4319144.443, 119
Trd, 4319145.443, 123
Trd, 4319145.843, 130
Trd, 4319146.643, 116
Trd, 4319147.843, 129
Trd, 4319148.993, 113
Trd, 4319150.493, 129
Trd, 4319151.243, 135
Trd, 4319152.193, 134
Trd, 4319152.243, 118
Trd, 4319154.043, 100
Trd, 4319154.743, 96
Trd, 4319155.293, 127
Trd, 4319156.693, 126
Trd, 4319156.943, 105
Trd, 4319157.793, 107
Trd, 4319157.943, 101
Trd, 4319158.293, 97
Trd, 4319159.043, 117
Trd, 4319160.443, 113
Trd, 4319160.693, 118
Trd, 4319161.243, 127
Trd, 4319161.493, 119
Trd, 4319162.543, 134
Trd, 4319163.843, 120
Trd, 4319164.043, 109
Trd, 4319165.393, 116
Trd, 4319165.793, 134
Trd, 4319166.493, 136
Trd, 4319166.893, 133
Trd, 4319167.593, 121
Trd, 4319168.993, 103
Trd, 4319169.293, 127
Trd, 4319169.393, 102
Trd, 4319169.493, 100
Trd, 4319171.493, 106
Trd, 4319172.143, 133
Trd, 4319172.493, 123
Trd, 4319173.393, 130
Trd, 4319174.243, 137
Trd, 4319176.293, 121
Trd, 4319176.393, 104
Trd, 4319176.593, 87
Trd, 4319176.693, 108
Trd, 4319177.493, 115
Trd, 4319177.593, 63
Trd, 4319179.893, 126
Trd, 4319180.493, 117
Trd, 4319180.893, 123
Trd, 4319184.193, 127
Trd, 4319184.293, 118
Trd, 4319185.043, 111
Trd, 4319185.343, 105
Trd, 4319186.343, 113
Trd, 4319187.093, 136
Trd, 4319187.743, 131
Trd, 4319189.243, 94
Trd, 4319189.343, 70
Trd, 4319190.593, 126
Trd, 4319191.243, 126
Trd, 4319192.293, 117
Trd, 4319193.143, 78
Trd, 4319193.343, 100
Trd, 4319195.143, 78
Trd, 4319195.593, 83
Trd, 4319195.643, 76
Trd, 4319195.993, 100
Trd, 4319198.243, 133
Trd, 4319198.893, 115
Trd, 4319199.193, 133
Trd, 4319200.693, 103
Trd, 4319200.743, 96
Trd, 4319203.193, 127
Trd, 4319203.943, 139
Trd, 4319204.293, 115
Trd, 4319204.793, 116
Trd, 4319205.843, 139
Trd, 4319206.043, 129
Trd, 4319206.493, 131
Trd, 4319208.293, 114
Trd, 4319209.443, 104
Trd, 4319209.793, 92
Trd, 4319210.193, 117
Trd, 4319210.593, 96
Trd, 4319213.043, 133
Trd, 4319213.293, 134
Trd, 4319213.493, 136
Trd, 4319213.893, 133
Trd, 4319214.543, 123
Trd, 4319215.293, 105
Trd, 4319215.943, 70
Trd, 4319216.143, 74
Trd, 4319216.293, 81
Trd, 4319217.643, 121
Trd, 4319217.743, 112
Trd, 4319220.293, 80
Trd, 4319220.593, 81
Trd, 4319220.943, 73
Trd, 4319221.093, 92
Trd, 4319222.343, 119
Trd, 4319222.593, 116
Trd, 4319222.943, 110
Trd, 4319223.143, 71
Trd, 4319224.643, 76
Trd, 4319225.743, 113
Trd, 4319226.843, 128
Trd, 4319227.343, 116
Trd, 4319227.743, 83
Trd, 4319227.993, 107
Trd, 4319228.693, 135
Trd, 4319229.993, 117
Trd, 4319230.343, 102
Trd, 4319230.993, 130
Trd, 4319231.343, 103
Trd, 4319232.093, 112
Trd, 4319232.393, 126
Trd, 4319232.743, 80
Trd, 4319233.643, 114
Trd, 4319235.493, 100
Trd, 4319236.193, 108
Trd, 4319238.243, 78
Trd, 4319239.243, 137
Trd, 4319239.943, 102
Trd, 4319240.143, 104
Trd, 4319240.293, 94
Trd, 4319240.793, 82
Trd, 4319241.493, 70
Trd, 4319242.343, 76
Trd, 4319242.643, 87
Trd, 4319243.293, 139
Trd, 4319245.543, 121
Trd, 4319245.843, 121
Trd, 4319245.893, 117
Trd, 4319246.893, 113
Trd, 4319247.143, 95
Trd, 4319248.043, 99
Trd, 4319248.943, 97
Trd, 4319249.343, 85
Trd, 4319249.443, 111
Trd, 4319250.443, 106
Trd, 4319250.943, 82
Trd, 4319251.043, 111
Trd, 4319252.843, 117
Trd, 4319255.143, 123
Trd, 4319255.693, 127
Trd, 4319256.193, 113
Trd, 4319256.493, 107
Trd, 4319257.493, 131
Trd, 4319258.193, 128
Trd, 4319258.843, 124
Trd, 4319260.343, 107
Trd, 4319260.443, 104
Trd, 4319260.643, 136
Trd, 4319262.943, 120
Trd, 4319263.543, 130
Trd, 4319263.793, 112
Trd, 4319264.593, 110
Trd, 4319265.143, 132
Trd, 4319265.993, 121
Trd, 4319266.943, 132
Trd, 4319268.643, 86
Trd, 4319268.743, 130
Trd, 4319270.343, 138
Trd, 4319270.643, 128
Trd, 4319271.093, 108
Trd, 4319272.293, 117
Trd, 4319272.793, 103
Trd, 4319273.143, 119
Trd, 4319273.293, 94
Trd, 4319274.643, 109
Trd, 4319274.793, 103
Trd, 4319275.193, 98
Trd, 4319278.143, 108
Trd, 4319279.193, 131
Trd, 4319279.893, 137
Trd, 4319279.943, 115
Trd, 4319280.093, 91
Trd, 4319281.593, 123
Trd, 4319282.243, 109
Trd, 4319283.493, 103
Trd, 4319283.593, 90
Trd, 4319284.043, 88
Trd, 4319284.393, 68
Trd, 4319285.393, 108
Trd, 4319285.743, 108
Trd, 4319288.043, 115
Trd, 4319288.093, 101
Trd, 4319288.493, 104
Trd, 4319289.343, 81
Trd, 4319290.343, 64
Trd, 4319291.293, 60
Trd, 4319291.343, 70
Trd, 4319291.393, 73
Trd, 4319291.893, 95
Trd, 4319293.843, 139
Trd, 4319294.693, 107
Trd, 4319295.893, 121
Trd, 4319296.743, 136
Trd, 4319297.393, 113
Trd, 4319297.893, 109
Trd, 4319298.393, 93
Trd, 4319298.743, 127
Trd, 4319299.043, 99
Trd, 4319300.293, 79
Trd, 4319300.443, 79
Trd, 4319300.693, 112
Trd, 4319301.193, 107
Trd, 4319302.443, 86
Trd, 4319302.943, 69
Trd, 4319303.943, 68
Trd, 4319304.593, 131
Trd, 4319306.393, 105
Trd, 4319306.643, 106
Trd, 4319307.293, 124
Trd, 4319308.543, 100
Trd, 4319308.793, 102
Trd, 4319309.393, 137
Trd, 4319309.693, 90
Trd, 4319311.043, 134
Trd, 4319311.443, 125
Trd, 4319312.293, 120
Trd, 4319313.143, 131
Trd, 4319314.093, 124
Trd, 4319314.793, 100
Trd, 4319315.493, 83
Trd, 4319316.443, 130
Trd, 4319317.343, 131
Trd, 4319317.693, 126
Trd, 4319317.893, 118
Trd, 4319318.193, 99
Trd, 4319319.293, 76
Trd, 4319319.443, 78
Trd, 4319319.843, 113
Trd, 4319321.143, 99
Trd, 4319322.843, 138
Trd, 4319323.843, 133
Trd, 4319324.343, 124
Trd, 4319325.343, 117
Trd, 4319326.343, 103
Trd, 4319326.793, 139
Trd, 4319327.343, 139
Trd, 4319328.293, 129
Trd, 4319328.793, 131
Trd, 4319329.043, 102
Trd, 4319329.493, 107
Trd, 4319330.443, 126
Trd, 4319330.593, 98
Trd, 4319331.493, 90
Trd, 4319332.443, 116
Trd, 4319332.693, 113
Trd, 4319333.293, 103
Trd, 4319333.493, 100
Trd, 4319334.193, 76
Trd, 4319336.043, 93
Trd, 4319337.443, 116
Trd, 4319337.493, 104
Trd, 4319337.693, 88
Trd, 4319338.943, 119
Trd, 4319339.943, 110
Trd, 4319340.993, 112
Trd, 4319341.193, 92
Trd, 4319341.893, 92
Trd, 4319342.343, 100
Trd, 4319342.943, 100
Trd, 4319343.943, 95
Trd, 4319344.143, 120
Trd, 4319345.443, 105
Trd, 4319346.143, 89
Trd, 4319346.293, 67
Trd, 4319346.343, 64
Trd, 4319348.093, 133
Trd, 4319348.693, 124
Trd, 4319348.843, 93
Trd, 4319349.443, 137
Trd, 4319350.293, 133
Trd, 4319351.393, 114
Trd, 4319351.643, 111
Trd, 4319351.843, 98
Trd, 4319352.293, 122
Trd, 4319353.143, 114
Trd, 4319353.493, 128
Trd, 4319354.593, 127
Trd, 4319354.643, 102
Trd, 4319355.743, 108
Trd, 4319355.793, 100
Trd, 4319356.893, 103
Trd, 4319360.143, 137
Trd, 4319360.193, 126
Trd, 4319360.643, 122
Trd, 4319361.243, 113
Trd, 4319361.343, 110
Trd, 4319362.243, 130
Trd, 4319362.593, 99
Trd, 4319364.143, 127
Trd, 4319364.343, 120
Trd, 4319365.043, 103
Trd, 4319366.093, 97
Trd, 4319366.193, 108
Trd, 4319366.643, 117
Trd, 4319367.293, 84
Trd, 4319367.543, 72
Trd, 4319370.193, 104
Trd, 4319370.293, 119
Trd, 4319371.193, 110
Trd, 4319371.993, 132
Trd, 4319372.543, 127
Trd, 4319372.593, 119
Trd, 4319374.193, 90
Trd, 4319376.143, 68
Trd, 4319376.193, 97
Trd, 4319377.643, 138
Trd, 4319377.793, 125
Trd, 4319377.843, 110
Trd, 4319379.493, 136
Trd, 4319380.743, 109
Trd, 4319380.793, 86
Trd, 4319381.643, 119
Trd, 4319383.643, 129
Trd, 4319384.143, 126
Trd, 4319384.193, 119
Trd, 4319385.593, 134
Trd, 4319387.243, 134
Trd, 4319388.843, 137
Trd, 4319388.893, 127
Trd, 4319389.043, 116
Trd, 4319389.343, 113
Trd, 4319390.093, 93
Trd, 4319391.793, 77
Trd, 4319392.093, 83
Trd, 4319392.343, 98
Trd, 4319392.693, 116
Trd, 4319393.043, 88
Trd, 4319394.793, 132
Trd, 4319396.743, 136
Trd, 4319396.843, 114
Trd, 4319397.893, 100
Trd, 4319398.393, 94
Trd, 4319398.593, 129
Trd, 4319399.943, 95
Trd, 4319400.143, 89
Trd, 4319403.193, 119
Trd, 4319403.893, 108
Trd, 4319403.993, 104
Trd, 4319404.343, 104
Trd, 4319404.943, 89
Trd, 4319405.093, 78
Trd, 4319406.793, 92
Trd, 4319407.193, 88
Trd, 4319407.793, 96
Trd, 4319408.493, 75
Trd, 4319409.593, 137
Trd, 4319410.143, 88
Trd, 4319411.243, 91
Trd, 4319413.193, 116
Trd, 4319413.593, 88
Trd, 4319414.143, 100
Trd, 4319414.893, 116
Trd, 4319415.093, 89
Trd, 4319416.193, 85
Trd, 4319417.243, 116
Trd, 4319418.093, 104
Trd, 4319418.493, 134
Trd, 4319419.343, 122
Trd, 4319420.193, 111
Trd, 4319421.043, 115
Trd, 4319421.493, 109
Trd, 4319422.143, 109
Trd, 4319422.493, 114
Trd, 4319424.343, 133
Trd, 4319424.493, 77
Trd, 4319425.693, 75
Trd, 4319426.043, 97
Trd, 4319427.993, 127
Trd, 4319428.293, 110
Trd, 4319428.493, 118
Trd, 4319429.093, 119
Trd, 4319430.143, 99
Trd, 4319430.543, 117
Trd, 4319431.093, 102
Trd, 4319431.793, 99
Trd, 4319431.893, 84
Trd, 4319434.493, 121
Trd, 4319434.843, 115
Trd, 4319435.843, 104
Trd, 4319436.243, 118
Trd, 4319437.993, 117
Trd, 4319438.393, 92
Trd, 4319438.593, 79
Trd, 4319441.393, 91
Trd, 4319442.593, 124
Trd, 4319442.693, 115
Trd, 4319442.943, 109
Trd, 4319443.093, 105
Trd, 4319443.443, 96
Trd, 4319444.193, 63
Trd, 4319445.043, 137
Trd, 4319445.293, 121
Trd, 4319445.643, 95
Trd, 4319445.893, 137
Trd, 4319447.143, 140
Trd, 4319447.243, 128
Trd, 4319447.693, 106
Trd, 4319449.143, 115
Trd, 4319452.693, 119
Trd, 4319452.843, 134
Trd, 4319453.443, 118
Trd, 4319453.493, 111
Trd, 4319453.993, 124
Trd, 4319454.293, 115
Trd, 4319456.743, 114
Trd, 4319457.693, 136
Trd, 4319459.143, 108
Trd, 4319460.293, 107
Trd, 4319460.493, 106
Trd, 4319461.793, 124
Trd, 4319462.543, 104
Trd, 4319462.593, 103
Trd, 4319462.943, 96
Trd, 4319462.993, 112
Trd, 4319463.543, 83
Trd, 4319463.643, 78
Trd, 4319463.993, 83
Trd, 4319464.943, 125
Trd, 4319466.843, 89
Trd, 4319467.943, 140
Trd, 4319469.493, 124
Trd, 4319469.893, 112
Trd, 4319470.043, 105
Trd, 4319470.743, 130
Trd, 4319472.043, 121
Trd, 4319472.493, 139
Trd, 4319472.643, 129
Trd, 4319473.443, 116
Trd, 4319475.793, 125
Trd, 4319476.143, 92
Trd, 4319476.843, 125
Trd, 4319477.293, 104
Trd, 4319478.043, 100
Trd, 4319479.293, 121
Trd, 4319480.843, 128
Trd, 4319481.793, 118
Trd, 4319482.093, 79
Trd, 4319482.593, 138
Trd, 4319483.543, 136
Trd, 4319483.843, 106
Trd, 4319484.293, 125
Trd, 4319486.493, 101
Trd, 4319486.543, 97
Trd, 4319487.593, 92
Trd, 4319488.293, 138
Trd, 4319489.193, 138
Trd, 4319489.443, 132
Trd, 4319489.993, 132
Trd, 4319491.643, 131
Trd, 4319493.343, 122
Trd, 4319494.743, 112
Trd, 4319495.043, 100
Trd, 4319495.093, 96
Trd, 4319496.193, 134
Trd, 4319496.243, 130
Trd, 4319496.993, 119
Trd, 4319497.443, 126
Trd, 4319497.993, 107
Trd, 4319498.593, 92
Trd, 4319499.643, 78
Trd, 4319501.343, 102
Trd, 4319501.643, 87
Trd, 4319503.893, 121
Trd, 4319504.543, 106
Trd, 4319505.443, 136
Trd, 4319507.493, 100
Trd, 4319507.593, 98
Trd, 4319507.693, 89
Trd, 4319508.043, 138
Trd, 4319508.593, 122
Trd, 4319508.893, 86
Trd, 4319509.093, 86
Trd, 4319510.693, 112
Trd, 4319511.243, 77
Trd, 4319512.143, 92
Trd, 4319512.893, 107
Trd, 4319513.943, 106
Trd, 4319514.193, 103
Trd, 4319514.993, 90
Trd, 4319515.293, 96
Trd, 4319515.593, 90
Trd, 4319517.843, 80
Trd, 4319517.993, 67
Trd, 4319518.543, 88
Trd, 4319518.943, 92
Trd, 4319519.743, 69
Trd, 4319519.943, 86
Trd, 4319521.693, 74
Trd, 4319522.043, 114
Trd, 4319522.743, 133
Trd, 4319524.743, 124
Trd, 4319524.843, 117
Trd, 4319525.093, 95
Trd, 4319525.493, 94
Trd, 4319526.443, 121
Trd, 4319527.243, 116
Trd, 4319528.493, 90
Trd, 4319529.443, 74
Trd, 4319530.543, 103
Trd, 4319530.693, 119
Trd, 4319531.593, 86
Trd, 4319533.293, 120
Trd, 4319534.143, 104
Trd, 4319535.193, 78
Trd, 4319535.293, 66
Trd, 4319535.443, 91
Trd, 4319535.893, 117
Trd, 4319537.993, 91
Trd, 4319538.443, 67
Trd, 4319538.643, 85
Trd, 4319538.843, 64
Trd, 4319540.093, 60
Trd, 4319540.843, 84
Trd, 4319541.343, 93
Trd, 4319542.543, 112
Trd, 4319543.943, 104
Trd, 4319546.193, 123
Trd, 4319546.643, 135
Trd, 4319546.743, 120
Trd, 4319547.093, 114
Trd, 4319547.543, 86
Trd, 4319548.143, 86
Trd, 4319548.543, 97
Trd, 4319549.243, 92
Trd, 4319550.193, 108
Trd, 4319550.893, 86
Trd, 4319551.243, 108
Trd, 4319552.493, 94
Trd, 4319553.193, 110
Trd, 4319553.293, 104
Trd, 4319553.743, 104
Trd, 4319554.193, 101
Trd, 4319554.343, 89
Trd, 4319556.093, 64
Trd, 4319556.243, 95
Trd, 4319556.343, 92
Trd, 4319557.043, 122
Trd, 4319558.893, 92
Trd, 4319559.393, 108
Trd, 4319559.943, 87
Trd, 4319561.193, 89
Trd, 4319561.343, 113
Trd, 4319561.943, 73
Trd, 4319561.993, 66
Trd, 4319563.143, 93
Trd, 4319563.893, 85
Trd, 4319565.793, 132
Trd, 4319566.493, 122
Trd, 4319568.193, 119
Trd, 4319568.293, 118
Trd, 4319568.493, 109
Trd, 4319569.043, 138
Trd, 4319569.193, 78
Trd, 4319569.643, 136
Trd, 4319570.693, 113
Trd, 4319571.543, 139
Trd, 4319572.343, 103
Trd, 4319573.143, 83
Trd, 4319573.743, 99
Trd, 4319574.093, 125
Trd, 4319574.343, 108
Trd, 4319574.693, 130
Trd, 4319575.643, 94
Trd, 4319575.793, 117
Trd, 4319577.493, 118
Trd, 4319577.993, 83
Trd, 4319580.293, 124
Trd, 4319580.443, 116
Trd, 4319581.693, 90
Trd, 4319581.843, 71
Trd, 4319582.093, 110
Trd, 4319582.393, 116
Trd, 4319583.543, 101
Trd, 4319584.993, 72
Trd, 4319585.043, 93
Trd, 4319586.743, 131
Trd, 4319587.443, 109
Trd, 4319587.893, 108
Trd, 4319588.693, 105
Trd, 4319589.443, 93
Trd, 4319589.643, 76
Trd, 4319589.993, 102
Trd, 4319590.643, 97
Trd, 4319592.443, 135
Trd, 4319593.193, 137
Trd, 4319593.493, 127
Trd, 4319594.443, 109
Trd, 4319594.793, 100
Trd, 4319595.393, 93
Trd, 4319595.843, 115
Trd, 4319597.243, 121
Trd, 4319599.293, 133
Trd, 4319600.343, 125
Trd, 4319600.543, 113
Trd, 4319600.743, 89
Trd, 4319601.343, 134
Trd, 4319602.443, 129
Trd, 4319603.093, 100
Trd, 4319605.993, 118
Trd, 4319606.593, 95
Trd, 4319607.743, 121
Trd, 4319607.843, 113
Trd, 4319608.093, 98
Trd, 4319608.343, 135
Trd, 4319608.643, 124
Trd, 4319608.793, 84
Trd, 4319609.943, 110
Trd, 4319611.093, 118
Trd, 4319611.793, 112
Trd, 4319612.493, 108
Trd, 4319613.693, 73
Trd, 4319613.993, 80
Trd, 4319614.493, 71
Trd, 4319615.493, 136
Trd, 4319616.193, 130
Trd, 4319616.493, 114
Trd, 4319616.643, 108
Trd, 4319617.243, 140
Trd, 4319619.243, 111
Trd, 4319620.043, 85
Trd, 4319621.743, 118
Trd, 4319622.493, 115
Trd, 4319623.293, 99
Trd, 4319623.743, 97
Trd, 4319625.343, 83
Trd, 4319626.493, 140
Trd, 4319626.793, 121
Trd, 4319626.843, 115
Trd, 4319627.443, 102
Trd, 4319628.393, 117
Trd, 4319628.443, 113
Trd, 4319628.593, 101
Trd, 4319629.743, 122
Trd, 4319630.443, 136
Trd, 4319631.643, 123
Trd, 4319632.643, 119
Trd, 4319632.693, 114
Trd, 4319633.293, 106
Trd, 4319633.343, 99
Trd, 4319634.993, 111
Trd, 4319635.093, 110
Trd, 4319635.743, 126
Trd, 4319637.243, 115
Trd, 4319637.443, 105
Trd, 4319638.743, 129
Trd, 4319638.893, 118
Trd, 4319639.243, 98
Trd, 4319639.543, 94
Trd, 4319642.543, 133
Trd, 4319643.643, 130
Trd, 4319644.343, 119
Trd, 4319644.443, 139
Trd, 4319644.543, 120
Trd, 4319644.743, 118
Trd, 4319644.893, 106
Trd, 4319644.943, 101
Trd, 4319646.193, 133
Trd, 4319646.243, 130
Trd, 4319646.693, 109
Trd, 4319647.293, 107
Trd, 4319648.943, 121
Trd, 4319649.193, 125
Trd, 4319649.543, 94
Trd, 4319650.243, 91
Trd, 4319650.343, 84
Trd, 4319650.943, 107
Trd, 4319651.843, 80
Trd, 4319652.193, 76
Trd, 4319652.393, 109
Trd, 4319653.493, 135
Trd, 4319654.293, 91
Trd, 4319654.693, 91
Trd, 4319656.343, 111
Trd, 4319656.493, 106
Trd, 4319656.793, 68
Trd, 4319657.743, 125
Trd, 4319658.843, 111
Trd, 4319659.043, 92
Trd, 4319659.393, 90
Trd, 4319660.043, 138
Trd, 4319661.193, 130
Trd, 4319661.393, 121
Trd, 4319662.043, 86
Trd, 4319662.793, 111
Trd, 4319663.143, 87
Trd, 4319665.593, 78
Trd, 4319665.693, 89
Trd, 4319666.743, 128
Trd, 4319668.193, 125
Trd, 4319668.343, 123
Trd, 4319668.493, 106
Trd, 4319669.143, 88
Trd, 4319671.343, 106
Trd, 4319672.793, 137
Trd, 4319673.793, 120
Trd, 4319674.693, 108
Trd, 4319674.943, 100
Trd, 4319675.543, 108
Trd, 4319676.043, 100
Trd, 4319676.843, 75
Trd, 4319677.643, 119
Trd, 4319678.393, 116
Trd, 4319679.593, 135
Trd, 4319680.193, 115
Trd, 4319680.443, 118
Trd, 4319681.093, 89
Trd, 4319681.243, 70
Trd, 4319681.643, 103
Trd, 4319682.443, 66
Trd, 4319683.593, 107
Trd, 4319685.093, 94
Trd, 4319685.543, 84
Trd, 4319686.993, 137
Trd, 4319687.043, 131
Trd, 4319688.443, 123
Trd, 4319688.793, 112
Trd, 4319691.093, 127
Trd, 4319691.893, 114
Trd, 4319692.993, 125
Trd, 4319694.193, 130
Trd, 4319694.243, 97
Trd, 4319694.293, 89
Trd, 4319695.093, 139
Trd, 4319695.393, 78
Trd, 4319695.643, 85
Trd, 4319695.993, 81
Trd, 4319696.843, 100
Trd, 4319698.493, 113
Trd, 4319699.093, 109
Trd, 4319700.193, 118
Trd, 4319701.043, 95
Trd, 4319701.993, 105
Trd, 4319702.743, 100
Trd, 4319702.843, 86
Trd, 4319703.043, 120
Trd, 4319704.593, 132
Trd, 4319705.243, 124
Trd, 4319706.293, 119
Trd, 4319707.343, 120
Trd, 4319708.543, 131
Trd, 4319709.793, 93
Trd, 4319709.893, 89
Trd, 4319710.293, 77
Trd, 4319710.943, 131
Trd, 4319711.493, 127
Trd, 4319713.743, 136
Trd, 4319713.993, 131
Trd, 4319714.143, 109
Trd, 4319714.543, 94
Trd, 4319716.743, 87
Trd, 4319717.243, 64
Trd, 4319717.643, 100
Trd, 4319717.943, 68
Trd, 4319718.993, 118
Trd, 4319719.393, 88
Trd, 4319719.643, 104
Trd, 4319720.593, 120
Trd, 4319721.943, 137
Trd, 4319722.043, 103
Trd, 4319722.543, 91
Trd, 4319724.143, 102
Trd, 4319724.593, 71
Trd, 4319725.443, 118
Trd, 4319725.543, 102
Trd, 4319727.043, 125
Trd, 4319727.293, 103
Trd, 4319728.593, 127
Trd, 4319730.843, 126
Trd, 4319731.093, 122
Trd, 4319732.043, 134
Trd, 4319732.093, 126
Trd, 4319732.543, 115
Trd, 4319732.593, 107
Trd, 4319733.343, 138
Trd, 4319736.843, 138
Trd, 4319737.543, 111
Trd, 4319738.193, 94
Trd, 4319738.943, 124
Trd, 4319739.693, 135
Trd, 4319741.043, 120
Trd, 4319741.143, 117
Trd, 4319742.593, 117
Trd, 4319744.093, 139
Trd, 4319744.493, 114
Trd, 4319744.593, 108
Trd, 4319745.443, 125
Trd, 4319747.043, 119
Trd, 4319747.493, 124
Trd, 4319747.893, 124
Trd, 4319748.393, 117
Trd, 4319749.243, 87
Trd, 4319750.093, 135
Trd, 4319750.793, 137
Trd, 4319751.393, 129
Trd, 4319751.693, 121
Trd, 4319752.393, 128
Trd, 4319753.393, 132
Trd, 4319753.943, 119
Trd, 4319754.393, 116
Trd, 4319754.993, 125
Trd, 4319756.493, 99
Trd, 4319757.393, 100
Trd, 4319758.993, 89
Trd, 4319759.693, 132
Trd, 4319761.343, 111
Trd, 4319762.543, 119
Trd, 4319762.743, 122
Trd, 4319762.943, 130
Trd, 4319763.193, 118
Trd, 4319764.493, 112
Trd, 4319764.793, 128
Trd, 4319765.543, 98
Trd, 4319766.493, 90
Trd, 4319767.393, 90
Trd, 4319767.893, 90
Trd, 4319769.293, 78
Trd, 4319769.943, 134
Trd, 4319770.493, 104
Trd, 4319770.943, 92
Trd, 4319772.493, 98
Trd, 4319773.193, 91
Trd, 4319773.743, 86
Trd, 4319774.293, 133
Trd, 4319774.643, 108
Trd, 4319775.443, 102
Trd, 4319776.243, 107
Trd, 4319777.993, 138
Trd, 4319778.543, 102
Trd, 4319778.643, 96
Trd, 4319780.093, 136
Trd, 4319782.843, 107
Trd, 4319783.893, 124
Trd, 4319784.693, 123
Trd, 4319784.993, 120
Trd, 4319785.243, 100
Trd, 4319786.543, 131
Trd, 4319786.843, 97
Trd, 4319787.243, 132
Trd, 4319787.693, 105
Trd, 4319788.143, 135
Trd, 4319788.643, 107
Trd, 4319789.793, 131
Trd, 4319789.993, 108
Trd, 4319791.343, 125
Trd, 4319791.493, 108
Trd, 4319792.093, 131
Trd, 4319792.943, 101
Trd, 4319793.343, 129
Trd, 4319793.993, 110
Trd, 4319794.693, 77
Trd, 4319797.043, 90
Trd, 4319797.443, 83
Trd, 4319797.593, 95
Trd, 4319798.143, 100
Trd, 4319798.943, 68
Trd, 4319799.543, 73
Trd, 4319800.993, 86
Trd, 4319802.143, 68
Trd, 4319803.243, 81
Trd, 4319804.343, 84
Trd, 4319804.643, 106
Trd, 4319804.743, 76
Trd, 4319805.543, 69
Trd, 4319806.393, 116
Trd, 4319806.943, 122
Trd, 4319807.693, 95
Trd, 4319808.443, 76
Trd, 4319808.693, 98
Trd, 4319810.593, 88
Trd, 4319811.143, 89
Trd, 4319811.893, 104
Trd, 4319812.243, 94
Trd, 4319813.243, 95
Trd, 4319813.443, 87
Trd, 4319813.693, 91
Trd, 4319813.743, 80
Trd, 4319813.793, 98
Trd, 4319815.993, 90
Trd, 4319816.793, 103
Trd, 4319817.093, 121
Trd, 4319817.393, 99
Trd, 4319817.643, 123
Trd, 4319817.843, 92
Trd, 4319818.793, 85
Trd, 4319819.443, 103
Trd, 4319821.443, 103
Trd, 4319823.743, 62
Trd, 4319823.843, 69
Trd, 4319824.343, 100
Trd, 4319826.693, 129
Trd, 4319827.693, 112
Trd, 4319828.393, 99
Trd, 4319828.493, 98
Trd, 4319829.643, 93
Trd, 4319829.843, 140
Trd, 4319830.443, 97
Trd, 4319832.293, 104
Trd, 4319832.393, 97
Trd, 4319833.043, 99
Trd, 4319833.543, 79
Trd, 4319834.743, 128
Trd, 4319834.993, 134
Trd, 4319836.543, 117
Trd, 4319837.243, 107
Trd, 4319838.043, 127
Trd, 4319838.193, 90
Trd, 4319838.493, 90
Trd, 4319841.143, 95
Trd, 4319841.893, 124
Trd, 4319841.943, 118
Trd, 4319842.293, 86
Trd, 4319843.143, 84
Trd, 4319843.493, 84
Trd, 4319843.643, 116
Trd, 4319843.743, 123
Trd, 4319845.593, 118
Trd, 4319845.993, 97
Trd, 4319846.443, 121
Trd, 4319848.343, 122
Trd, 4319848.593, 117
Trd, 4319850.643, 122
Trd, 4319851.243, 93
Trd, 4319851.743, 108
Trd, 4319851.943, 121
Trd, 4319853.293, 100
Trd, 4319854.393, 73
Trd, 4319854.643, 87
Trd, 4319855.393, 104
Trd, 4319855.993, 136
Trd, 4319856.143, 129
Trd, 4319857.343, 140
Trd, 4319858.043, 129
Trd, 4319858.143, 116
Trd, 4319858.293, 127
Trd, 4319860.593, 106
Trd, 4319860.893, 103
Trd, 4319861.243, 115
Trd, 4319861.843, 121
Trd, 4319862.043, 112
Trd, 4319863.093, 89
Trd, 4319863.993, 95
Trd, 4319865.093, 134
Trd, 4319865.443, 139
Trd, 4319866.293, 128
Trd, 4319866.443, 128
Trd, 4319866.843, 104
Trd, 4319867.193, 102
Trd, 4319868.143, 112
Trd, 4319870.843, 133
Trd, 4319870.893, 129
Trd, 4319872.543, 130
Trd, 4319872.593, 129
Trd, 4319874.343, 84
Trd, 4319875.093, 105
Trd, 4319876.243, 90
Trd, 4319876.393, 103
Trd, 4319876.893, 132
Trd, 4319877.643, 133
Trd, 4319878.693, 121
Trd, 4319879.993, 139
Trd, 4319880.693, 93
Trd, 4319880.993, 86
Trd, 4319882.143, 95
Trd, 4319882.793, 129
Trd, 4319882.993, 96
Trd, 4319885.743, 120
Trd, 4319886.293, 129
Trd, 4319887.893, 120
Trd, 4319888.343, 114
Trd, 4319888.393, 109
Trd, 4319888.793, 105
Trd, 4319889.343, 103
Trd, 4319890.493, 80
Trd, 4319891.743, 106
Trd, 4319891.793, 116
Trd, 4319892.993, 88
Trd, 4319893.643, 93
Trd, 4319893.843, 97
Trd, 4319894.093, 130
Trd, 4319895.843, 134
Trd, 4319896.443, 133
Trd, 4319896.793, 122
Trd, 4319897.843, 113
Trd, 4319897.993, 110
Trd, 4319898.793, 114
Trd, 4319899.543, 128
Trd, 4319900.943, 127
Trd, 4319901.343, 114
Trd, 4319902.443, 111
Trd, 4319902.793, 109
Trd, 4319904.743, 135
Trd, 4319904.843, 109
Trd, 4319906.143, 127
Trd, 4319906.243, 118
Trd, 4319906.593, 111
Trd, 4319907.443, 99
Trd, 4319910.443, 138
Trd, 4319911.793, 120
Trd, 4319912.993, 129
Trd, 4319913.093, 111
Trd, 4319913.243, 99
Trd, 4319913.443, 94
Trd, 4319914.443, 86
Trd, 4319914.593, 96
Trd, 4319915.693, 67
Trd, 4319917.793, 119
Trd, 4319918.043, 110
Trd, 4319918.793, 117
Trd, 4319919.893, 130
Trd, 4319920.193, 103
Trd, 4319920.593, 133
Trd, 4319921.393, 121
Trd, 4319921.443, 97
Trd, 4319921.893, 91
Trd, 4319924.943, 98
Trd, 4319925.643, 136
Trd, 4319926.793, 108
Trd, 4319927.243, 129
Trd, 4319928.043, 109
Trd, 4319928.293, 102
Trd, 4319928.343, 132
Trd, 4319928.943, 111
Trd, 4319929.543, 125
Trd, 4319930.443, 119
Trd, 4319933.243, 105
Trd, 4319933.593, 101
Trd, 4319933.943, 121
Trd, 4319934.443, 101
Trd, 4319934.743, 127
Trd, 4319935.893, 104
Trd, 4319936.593, 80
Trd, 4319937.693, 128
Trd, 4319938.543, 116
Trd, 4319939.093, 101
Trd, 4319939.293, 93
Trd, 4319940.193, 61
Trd, 4319940.393, 91
Trd, 4319940.743, 67
Trd, 4319940.843, 80
Trd, 4319942.143, 71
Trd, 4319942.793, 76
Trd, 4319944.143, 129
Trd, 4319944.643, 122
Trd, 4319944.993, 95
Trd, 4319946.893, 126
Trd, 4319947.693, 131
Trd, 4319947.993, 100
Trd, 4319948.043, 100
Trd, 4319948.693, 108
Trd, 4319949.143, 74
Trd, 4319950.693, 76
Trd, 4319951.393, 136
Trd, 4319952.393, 126
Trd, 4319953.593, 129
Trd, 4319954.693, 126
Trd, 4319956.043, 108
Trd, 4319956.493, 87
Trd, 4319956.943, 83
Trd, 4319957.693, 62
Trd, 4319958.493, 109
Trd, 4319958.643, 77
Trd, 4319960.843, 127
Trd, 4319961.693, 68
Trd, 4319961.793, 138
Trd, 4319963.993, 104
Trd, 4319964.443, 86
Trd, 4319965.093, 114
Trd, 4319965.443, 70
Trd, 4319966.043, 64
Trd, 4319966.093, 86
Trd, 4319967.643, 110
Trd, 4319968.143, 73
Trd, 4319968.393, 61
Trd, 4319970.043, 75
Trd, 4319970.093, 75
Trd, 4319971.293, 106
Trd, 4319972.143, 108
Trd, 4319972.343, 119
Trd, 4319972.893, 116
Trd, 4319974.093, 63
Trd, 4319974.493, 98
Trd, 4319974.993, 121
Trd, 4319976.143, 88
Trd, 4319976.243, 85
Trd, 4319976.693, 83
Trd, 4319978.593, 89
Trd, 4319978.993, 91
Trd, 4319979.293, 88
Trd, 4319979.443, 93
Trd, 4319980.343, 115
Trd, 4319981.043, 108
Trd, 4319982.143, 106
Trd, 4319982.693, 93
Trd, 4319983.343, 121
Trd, 4319983.693, 96
Trd, 4319984.593, 85
Trd, 4319984.743, 83
Trd, 4319985.293, 72
Trd, 4319985.443, 78
Trd, 4319985.543, 130
Trd, 4319986.243, 71
Trd, 4319986.993, 140
Trd, 4319988.093, 114
Trd, 4319989.443, 114
Trd, 4319990.393, 137
Trd, 4319991.243, 115
Trd, 4319991.293, 107
Trd, 4319991.693, 68
Trd, 4319992.843, 104
Trd, 4319993.343, 106
Trd, 4319994.993, 135
Trd, 4319995.043, 127
Trd, 4319995.993, 123
Trd, 4319996.543, 133
Trd, 4319997.093, 117
Trd, 4319997.993, 111
Trd, 4319998.393, 86
Trd, 4319998.993, 87
Trd, 4319999.693, 84
