Trd, 4318076.493, 125
Trd, 4318076.893, 106
Trd, 4318077.743, 84
Trd, 4318078.243, 70
Trd, 4318078.493, 89
Trd, 4318079.793, 109
Trd, 4318080.293, 117
Trd, 4318080.943, 101
Trd, 4318081.143, 111
Trd, 4318081.493, 104
Trd, 4318083.943, 124
Trd, 4318084.693, 132
Trd, 4318084.843, 123
Trd, 4318086.093, 111
Trd, 4318087.243, 126
Trd, 4318088.893, 97
Trd, 4318090.043, 140
Trd, 4318090.643, 128
Trd, 4318092.043, 135
Trd, 4318092.143, 127
Trd, 4318093.043, 106
Trd, 4318093.643, 106
Trd, 4318093.743, 135
Trd, 4318094.593, 107
Trd, 4318095.243, 114
Trd, 4318095.343, 85
Trd, 4318095.993, 82
Trd, 4318097.543, 63
Trd, 4318098.643, 117
Trd, 4318100.643, 128
Trd, 4318101.493, 103
Trd, 4318101.793, 100
Trd, 4318102.143, 90
Trd, 4318102.293, 78
Trd, 4318103.343, 71
Trd, 4318103.393, 76
Trd, 4318103.693, 89
Trd, 4318104.593, 140
Trd, 4318104.943, 125
Trd, 4318105.443, 113
Trd, 4318106.193, 90
Trd, 4318107.193, 118
Trd, 4318107.843, 106
Trd, 4318108.593, 127
Trd, 4318109.243, 126
Trd, 4318109.993, 104
Trd, 4318110.443, 133
Trd, 4318111.743, 122
Trd, 4318112.743, 133
Trd, 4318113.193, 94
Trd, 4318113.243, 82
Trd, 4318114.343, 137
Trd, 4318115.543, 81
Trd, 4318115.693, 124
Trd, 4318116.893, 115
Trd, 4318117.943, 88
Trd, 4318119.043, 113
Trd, 4318119.593, 101
Trd, 4318119.643, 120
Trd, 4318121.043, 116
Trd, 4318122.093, 100
Trd, 4318122.243, 110
Trd, 4318122.743, 96
Trd, 4318123.343, 104
Trd, 4318124.843, 117
Trd, 4318126.243, 89
Trd, 4318127.443, 131
Trd, 4318127.593, 121
Trd, 4318127.643, 100
Trd, 4318128.343, 126
Trd, 4318129.393, 131
Trd, 4318130.193, 118
Trd, 4318130.393, 136
Trd, 4318130.943, 130
Trd, 4318131.043, 100
Trd, 4318132.193, 105
Trd, 4318132.843, 108
Trd, 4318133.143, 106
Trd, 4318134.043, 97
Trd, 4318134.743, 85
Trd, 4318135.893, 109
Trd, 4318136.393, 125
Trd, 4318136.743, 99
Trd, 4318138.093, 131
Trd, 4318138.693, 109
Trd, 4318140.593, 113
Trd, 4318141.793, 118
Trd, 4318143.343, 111
Trd, 4318144.193, 115
Trd, 4318145.093, 105
Trd, 4318145.443, 107
Trd, 4318145.843, 128
Trd, 4318146.243, 70
Trd, 4318146.993, 113
Trd, 4318147.043, 97
Trd, 4318147.743, 116
Trd, 4318149.843, 128
Trd, 4318151.593, 135
Trd, 4318151.893, 129
Trd, 4318152.193, 119
Trd, 4318152.993, 110
Trd, 4318153.993, 121
Trd, 4318154.393, 114
Trd, 4318154.893, 93
Trd, 4318157.893, 60
Trd, 4318158.443, 94
Trd, 4318158.693, 136
Trd, 4318159.043, 69
Trd, 4318159.543, 124
Trd, 4318159.843, 101
Trd, 4318159.993, 122
Trd, 4318161.593, 95
Trd, 4318161.643, 112
Trd, 4318161.893, 63
Trd, 4318162.993, 108
Trd, 4318164.443, 135
Trd, 4318164.793, 108
Trd, 4318164.893, 90
Trd, 4318165.993, 88
Trd, 4318166.293, 103
Trd, 4318166.693, 90
Trd, 4318167.993, 83
Trd, 4318168.043, 95
Trd, 4318169.993, 132
Trd, 4318170.543, 124
Trd, 4318170.943, 137
Trd, 4318171.093, 117
Trd, 4318171.293, 138
Trd, 4318172.643, 116
Trd, 4318173.793, 98
Trd, 4318174.143, 98
Trd, 4318174.393, 122
Trd, 4318175.793, 76
Trd, 4318176.243, 67
Trd, 4318176.543, 82
Trd, 4318176.693, 62
Trd, 4318177.943, 108
Trd, 4318177.993, 104
Trd, 4318179.593, 135
Trd, 4318179.993, 120
Trd, 4318180.643, 85
Trd, 4318183.843, 112
Trd, 4318184.343, 132
Trd, 4318184.393, 103
Trd, 4318184.593, 115
Trd, 4318184.993, 112
Trd, 4318185.693, 128
Trd, 4318185.743, 109
Trd, 4318189.543, 121
Trd, 4318189.593, 102
Trd, 4318190.843, 137
Trd, 4318191.043, 115
Trd, 4318191.543, 115
Trd, 4318193.343, 119
Trd, 4318195.193, 107
Trd, 4318195.343, 103
Trd, 4318196.093, 139
Trd, 4318196.593, 136
Trd, 4318196.693, 130
Trd, 4318196.743, 96
Trd, 4318197.743, 129
Trd, 4318197.893, 76
Trd, 4318198.493, 109
Trd, 4318198.793, 137
Trd, 4318199.543, 70
Trd, 4318200.093, 83
Trd, 4318200.943, 84
Trd, 4318202.493, 134
Trd, 4318203.143, 130
Trd, 4318203.193, 109
Trd, 4318203.593, 100
Trd, 4318204.943, 139
Trd, 4318205.193, 134
Trd, 4318205.643, 116
Trd, 4318205.993, 101
Trd, 4318207.243, 86
Trd, 4318208.043, 126
Trd, 4318208.243, 85
Trd, 4318208.343, 72
Trd, 4318208.643, 103
Trd, 4318210.443, 117
Trd, 4318212.443, 130
Trd, 4318213.293, 137
Trd, 4318213.443, 131
Trd, 4318213.493, 131
Trd, 4318214.043, 78
Trd, 4318214.743, 132
Trd, 4318214.843, 106
Trd, 4318216.243, 130
Trd, 4318216.893, 95
Trd, 4318216.943, 109
Trd, 4318219.593, 101
Trd, 4318219.893, 110
Trd, 4318219.993, 91
Trd, 4318221.043, 120
Trd, 4318221.193, 104
Trd, 4318222.993, 137
Trd, 4318223.493, 136
Trd, 4318223.543, 117
Trd, 4318223.643, 111
Trd, 4318225.143, 106
Trd, 4318225.443, 108
Trd, 4318225.643, 76
Trd, 4318226.093, 116
Trd, 4318227.243, 140
Trd, 4318227.493, 89
Trd, 4318228.893, 135
Trd, 4318231.443, 140
Trd, 4318231.743, 109
Trd, 4318231.943, 103
Trd, 4318232.093, 96
Trd, 4318232.843, 123
Trd, 4318233.493, 122
Trd, 4318233.543, 97
Trd, 4318233.943, 140
Trd, 4318237.093, 138
Trd, 4318237.243, 120
Trd, 4318238.643, 129
Trd, 4318238.793, 106
Trd, 4318239.393, 106
Trd, 4318239.643, 134
Trd, 4318240.843, 117
Trd, 4318241.493, 113
Trd, 4318242.093, 110
Trd, 4318242.843, 133
Trd, 4318242.893, 105
Trd, 4318243.043, 79
Trd, 4318243.593, 129
Trd, 4318244.243, 93
Trd, 4318245.793, 124
Trd, 4318246.343, 133
Trd, 4318247.493, 123
Trd, 4318247.993, 126
Trd, 4318248.543, 123
Trd, 4318250.293, 121
Trd, 4318250.493, 111
Trd, 4318250.693, 90
Trd, 4318250.943, 140
Trd, 4318252.043, 110
Trd, 4318252.843, 76
Trd, 4318254.743, 106
Trd, 4318255.293, 111
Trd, 4318257.093, 127
Trd, 4318257.193, 123
Trd, 4318259.393, 127
Trd, 4318260.393, 111
Trd, 4318260.593, 101
Trd, 4318261.443, 139
Trd, 4318262.093, 122
Trd, 4318262.143, 116
Trd, 4318263.293, 108
Trd, 4318263.443, 111
Trd, 4318263.793, 85
Trd, 4318265.193, 88
Trd, 4318267.793, 128
Trd, 4318267.993, 111
Trd, 4318268.693, 109
Trd, 4318269.393, 116
Trd, 4318269.493, 136
Trd, 4318269.643, 108
Trd, 4318270.143, 80
Trd, 4318270.493, 71
Trd, 4318271.443, 69
Trd, 4318273.393, 93
Trd, 4318273.543, 94
Trd, 4318274.043, 112
Trd, 4318274.293, 89
Trd, 4318276.043, 122
Trd, 4318276.693, 82
Trd, 4318276.743, 126
Trd, 4318277.043, 78
Trd, 4318277.843, 123
Trd, 4318279.093, 87
Trd, 4318279.443, 96
Trd, 4318282.843, 136
Trd, 4318284.043, 125
Trd, 4318284.193, 128
Trd, 4318284.543, 121
Trd, 4318284.893, 120
Trd, 4318285.393, 67
Trd, 4318286.593, 71
Trd, 4318287.943, 110
Trd, 4318288.243, 120
Trd, 4318288.793, 100
Trd, 4318289.493, 92
Trd, 4318290.793, 115
Trd, 4318291.293, 105
Trd, 4318291.393, 94
Trd, 4318292.443, 136
Trd, 4318292.993, 133
Trd, 4318294.643, 122
Trd, 4318295.393, 138
Trd, 4318297.343, 97
Trd, 4318297.493, 92
Trd, 4318297.743, 86
Trd, 4318298.643, 135
Trd, 4318300.543, 128
Trd, 4318301.243, 126
Trd, 4318301.593, 118
Trd, 4318302.493, 103
Trd, 4318303.143, 130
Trd, 4318303.343, 117
Trd, 4318303.793, 139
Trd, 4318304.143, 131
Trd, 4318305.243, 140
Trd, 4318305.293, 131
Trd, 4318305.443, 140
Trd, 4318306.493, 118
Trd, 4318307.793, 95
Trd, 4318308.093, 90
Trd, 4318308.143, 83
Trd, 4318310.493, 118
Trd, 4318310.943, 98
Trd, 4318311.793, 128
Trd, 4318312.493, 116
Trd, 4318313.393, 97
Trd, 4318314.343, 113
Trd, 4318315.393, 121
Trd, 4318317.093, 120
Trd, 4318317.293, 115
Trd, 4318317.793, 111
Trd, 4318317.893, 127
Trd, 4318317.943, 87
Trd, 4318318.143, 84
Trd, 4318319.643, 127
Trd, 4318321.243, 134
Trd, 4318321.893, 132
Trd, 4318322.293, 111
Trd, 4318322.793, 120
Trd, 4318322.993, 109
Trd, 4318323.893, 135
Trd, 4318325.643, 130
Trd, 4318325.743, 108
Trd, 4318327.843, 133
Trd, 4318328.993, 99
Trd, 4318329.693, 120
Trd, 4318329.893, 124
Trd, 4318329.993, 122
Trd, 4318330.193, 119
Trd, 4318330.843, 114
Trd, 4318331.393, 90
Trd, 4318332.693, 62
Trd, 4318335.043, 137
Trd, 4318336.043, 125
Trd, 4318336.443, 140
Trd, 4318337.893, 126
Trd, 4318338.343, 129
Trd, 4318339.243, 107
Trd, 4318340.143, 117
Trd, 4318340.393, 137
Trd, 4318341.043, 102
Trd, 4318341.343, 101
Trd, 4318342.093, 124
Trd, 4318342.943, 115
Trd, 4318343.443, 105
Trd, 4318345.393, 120
Trd, 4318346.193, 116
Trd, 4318346.443, 121
Trd, 4318346.893, 118
Trd, 4318347.543, 92
Trd, 4318350.993, 136
Trd, 4318351.343, 120
Trd, 4318351.793, 134
Trd, 4318352.143, 122
Trd, 4318352.443, 122
Trd, 4318352.593, 137
Trd, 4318354.643, 123
Trd, 4318355.193, 100
Trd, 4318356.593, 100
Trd, 4318356.693, 88
Trd, 4318356.843, 83
Trd, 4318357.743, 90
Trd, 4318358.393, 76
Trd, 4318359.343, 116
Trd, 4318361.343, 128
Trd, 4318361.993, 134
Trd, 4318362.193, 134
Trd, 4318362.343, 124
Trd, 4318362.393, 104
Trd, 4318364.093, 118
Trd, 4318365.643, 129
Trd, 4318366.843, 124
Trd, 4318366.943, 101
Trd, 4318367.493, 119
Trd, 4318367.693, 137
Trd, 4318368.693, 123
Trd, 4318368.793, 83
Trd, 4318369.693, 119
Trd, 4318371.293, 98
Trd, 4318372.893, 109
Trd, 4318373.243, 107
Trd, 4318373.993, 132
Trd, 4318374.243, 115
Trd, 4318375.243, 114
Trd, 4318375.743, 133
Trd, 4318375.943, 134
Trd, 4318376.893, 118
Trd, 4318378.593, 125
Trd, 4318378.793, 111
Trd, 4318379.393, 104
Trd, 4318380.043, 127
Trd, 4318380.443, 105
Trd, 4318382.843, 133
Trd, 4318384.143, 120
Trd, 4318384.643, 99
Trd, 4318386.293, 136
Trd, 4318386.443, 138
Trd, 4318387.493, 137
Trd, 4318387.543, 131
Trd, 4318388.193, 114
Trd, 4318391.543, 137
Trd, 4318392.043, 120
Trd, 4318393.243, 132
Trd, 4318393.493, 118
Trd, 4318394.643, 118
Trd, 4318396.943, 127
Trd, 4318397.643, 114
Trd, 4318397.743, 107
Trd, 4318398.793, 120
Trd, 4318399.043, 113
Trd, 4318399.643, 135
Trd, 4318401.143, 124
Trd, 4318402.893, 135
Trd, 4318403.743, 132
Trd, 4318403.793, 121
Trd, 4318404.393, 84
Trd, 4318404.793, 115
Trd, 4318405.593, 125
Trd, 4318406.293, 125
Trd, 4318407.643, 120
Trd, 4318407.793, 92
Trd, 4318409.143, 110
Trd, 4318409.843, 85
Trd, 4318411.443, 108
Trd, 4318411.593, 105
Trd, 4318412.393, 94
Trd, 4318413.593, 114
Trd, 4318415.043, 121
Trd, 4318415.993, 113
Trd, 4318416.343, 108
Trd, 4318416.643, 99
Trd, 4318416.743, 119
Trd, 4318417.443, 114
Trd, 4318417.943, 90
Trd, 4318417.993, 89
Trd, 4318418.943, 108
Trd, 4318419.743, 102
Trd, 4318420.493, 103
Trd, 4318421.193, 105
Trd, 4318422.143, 99
Trd, 4318422.793, 132
Trd, 4318423.793, 130
Trd, 4318424.793, 140
Trd, 4318424.993, 116
Trd, 4318425.543, 95
Trd, 4318427.193, 136
Trd, 4318427.443, 130
Trd, 4318428.793, 132
Trd, 4318429.993, 130
Trd, 4318430.793, 139
Trd, 4318431.093, 122
Trd, 4318432.193, 119
Trd, 4318432.743, 85
Trd, 4318435.043, 120
Trd, 4318435.243, 121
Trd, 4318435.493, 120
Trd, 4318437.143, 131
Trd, 4318437.493, 126
Trd, 4318437.693, 137
Trd, 4318438.443, 131
Trd, 4318438.993, 135
Trd, 4318439.893, 110
Trd, 4318439.943, 105
Trd, 4318441.643, 104
Trd, 4318442.893, 118
Trd, 4318443.593, 110
Trd, 4318443.893, 84
Trd, 4318444.843, 90
Trd, 4318445.093, 86
Trd, 4318445.143, 115
Trd, 4318446.493, 94
Trd, 4318446.543, 102
Trd, 4318447.293, 102
Trd, 4318448.493, 90
Trd, 4318449.493, 94
Trd, 4318450.593, 122
Trd, 4318451.393, 117
Trd, 4318451.993, 102
Trd, 4318452.193, 103
Trd, 4318452.743, 94
Trd, 4318454.143, 125
Trd, 4318455.143, 116
Trd, 4318456.043, 91
Trd, 4318456.343, 116
Trd, 4318456.993, 95
Trd, 4318457.043, 83
Trd, 4318458.393, 111
Trd, 4318459.043, 95
Trd, 4318459.893, 137
Trd, 4318461.943, 135
Trd, 4318462.043, 106
Trd, 4318462.593, 108
Trd, 4318463.093, 129
Trd, 4318464.043, 117
Trd, 4318465.443, 126
Trd, 4318466.143, 115
Trd, 4318466.393, 128
Trd, 4318466.743, 114
Trd, 4318467.593, 110
Trd, 4318468.593, 132
Trd, 4318468.843, 108
Trd, 4318470.193, 134
Trd, 4318470.343, 133
Trd, 4318470.593, 111
Trd, 4318471.493, 99
Trd, 4318472.243, 90
Trd, 4318472.743, 119
Trd, 4318473.693, 131
Trd, 4318473.943, 93
Trd, 4318474.593, 75
Trd, 4318475.143, 69
Trd, 4318475.543, 60
Trd, 4318476.493, 66
Trd, 4318476.943, 94
Trd, 4318477.443, 137
Trd, 4318478.443, 127
Trd, 4318478.943, 106
Trd, 4318479.343, 96
Trd, 4318480.843, 103
Trd, 4318481.043, 124
Trd, 4318481.743, 110
Trd, 4318484.193, 129
Trd, 4318484.693, 131
Trd, 4318484.793, 108
Trd, 4318485.243, 106
Trd, 4318485.393, 112
Trd, 4318487.793, 133
Trd, 4318488.243, 122
Trd, 4318488.443, 111
Trd, 4318490.443, 140
Trd, 4318491.043, 134
Trd, 4318491.193, 131
Trd, 4318491.343, 112
Trd, 4318491.543, 118
Trd, 4318494.193, 128
Trd, 4318494.243, 119
Trd, 4318494.843, 130
Trd, 4318495.193, 109
Trd, 4318496.293, 131
Trd, 4318496.393, 125
Trd, 4318497.143, 106
Trd, 4318497.443, 134
Trd, 4318498.793, 129
Trd, 4318499.693, 122
Trd, 4318500.493, 140
Trd, 4318502.043, 106
Trd, 4318502.143, 118
Trd, 4318502.693, 123
Trd, 4318503.543, 140
Trd, 4318505.093, 111
Trd, 4318505.393, 126
Trd, 4318506.593, 99
Trd, 4318506.693, 126
Trd, 4318508.143, 112
Trd, 4318509.193, 94
Trd, 4318509.643, 131
Trd, 4318510.293, 131
Trd, 4318510.993, 99
Trd, 4318512.043, 140
Trd, 4318512.093, 123
Trd, 4318513.093, 129
Trd, 4318514.343, 129
Trd, 4318515.093, 138
Trd, 4318515.843, 119
Trd, 4318518.043, 97
Trd, 4318518.893, 140
Trd, 4318519.193, 111
Trd, 4318519.293, 104
Trd, 4318519.693, 103
Trd, 4318520.293, 92
Trd, 4318522.493, 131
Trd, 4318522.943, 94
Trd, 4318523.493, 139
Trd, 4318523.643, 137
Trd, 4318524.593, 121
Trd, 4318524.693, 118
Trd, 4318525.093, 105
Trd, 4318526.543, 98
Trd, 4318527.043, 136
Trd, 4318529.443, 134
Trd, 4318529.743, 132
Trd, 4318530.243, 122
Trd, 4318531.543, 130
Trd, 4318531.743, 95
Trd, 4318532.143, 97
Trd, 4318532.343, 88
Trd, 4318532.693, 116
Trd, 4318532.793, 134
Trd, 4318534.193, 132
Trd, 4318535.943, 106
Trd, 4318536.743, 115
Trd, 4318537.143, 104
Trd, 4318537.443, 102
Trd, 4318538.143, 129
Trd, 4318538.743, 100
Trd, 4318540.093, 118
Trd, 4318542.443, 107
Trd, 4318544.293, 106
Trd, 4318544.793, 102
Trd, 4318545.093, 111
Trd, 4318546.493, 111
Trd, 4318547.093, 118
Trd, 4318547.793, 133
Trd, 4318548.843, 138
Trd, 4318548.943, 124
Trd, 4318550.343, 122
Trd, 4318550.393, 122
Trd, 4318551.243, 136
Trd, 4318552.743, 138
Trd, 4318553.043, 102
Trd, 4318553.543, 89
Trd, 4318553.593, 111
Trd, 4318554.393, 140
Trd, 4318554.943, 115
Trd, 4318556.293, 135
Trd, 4318557.343, 98
Trd, 4318557.843, 117
Trd, 4318557.993, 101
Trd, 4318558.093, 94
Trd, 4318560.393, 119
Trd, 4318560.593, 134
Trd, 4318561.243, 92
Trd, 4318564.343, 131
Trd, 4318564.393, 121
Trd, 4318564.443, 111
Trd, 4318564.743, 104
Trd, 4318565.443, 139
Trd, 4318567.543, 138
Trd, 4318567.943, 114
Trd, 4318568.043, 114
Trd, 4318568.943, 130
Trd, 4318569.093, 119
Trd, 4318569.293, 111
Trd, 4318569.793, 86
Trd, 4318570.743, 86
Trd, 4318570.893, 80
Trd, 4318572.393, 132
Trd, 4318572.843, 139
Trd, 4318573.843, 110
Trd, 4318575.943, 119
Trd, 4318576.193, 138
Trd, 4318576.243, 99
Trd, 4318576.793, 94
Trd, 4318577.993, 92
Trd, 4318578.743, 111
Trd, 4318580.193, 133
Trd, 4318580.693, 132
Trd, 4318581.343, 137
Trd, 4318582.293, 108
Trd, 4318582.393, 107
Trd, 4318583.593, 107
Trd, 4318584.093, 100
Trd, 4318584.243, 96
Trd, 4318585.693, 136
Trd, 4318587.493, 140
Trd, 4318587.793, 124
Trd, 4318588.743, 138
Trd, 4318589.293, 108
Trd, 4318589.943, 131
Trd, 4318590.043, 99
Trd, 4318591.593, 135
Trd, 4318591.693, 119
Trd, 4318592.343, 116
Trd, 4318592.993, 138
Trd, 4318594.493, 111
Trd, 4318595.243, 115
Trd, 4318595.443, 101
Trd, 4318596.443, 137
Trd, 4318597.093, 138
Trd, 4318598.043, 131
Trd, 4318599.743, 95
Trd, 4318599.843, 73
Trd, 4318600.843, 121
Trd, 4318600.893, 107
Trd, 4318602.193, 97
Trd, 4318602.243, 105
Trd, 4318603.993, 114
Trd, 4318604.443, 119
Trd, 4318605.293, 94
Trd, 4318605.793, 65
Trd, 4318606.043, 92
Trd, 4318607.693, 130
Trd, 4318608.593, 77
Trd, 4318608.893, 77
Trd, 4318610.143, 80
Trd, 4318610.893, 86
Trd, 4318611.743, 139
Trd, 4318611.843, 110
Trd, 4318612.543, 140
Trd, 4318613.093, 101
Trd, 4318613.693, 111
Trd, 4318615.043, 117
Trd, 4318617.393, 114
Trd, 4318617.993, 139
Trd, 4318618.743, 103
Trd, 4318619.543, 113
Trd, 4318619.593, 100
Trd, 4318620.093, 120
Trd, 4318620.993, 101
Trd, 4318621.893, 126
Trd, 4318623.043, 96
Trd, 4318623.393, 99
Trd, 4318623.543, 94
Trd, 4318623.993, 81
Trd, 4318625.043, 134
Trd, 4318625.093, 115
Trd, 4318626.643, 70
Trd, 4318627.743, 137
Trd, 4318628.643, 99
Trd, 4318630.743, 127
Trd, 4318631.793, 99
Trd, 4318632.043, 116
Trd, 4318632.443, 118
Trd, 4318633.743, 130
Trd, 4318633.893, 104
Trd, 4318634.843, 129
Trd, 4318634.943, 120
Trd, 4318635.043, 118
Trd, 4318635.493, 138
Trd, 4318635.693, 117
Trd, 4318636.043, 80
Trd, 4318636.543, 70
Trd, 4318639.043, 113
Trd, 4318640.543, 119
Trd, 4318640.743, 123
Trd, 4318641.143, 116
Trd, 4318641.493, 110
Trd, 4318642.693, 110
Trd, 4318642.993, 80
Trd, 4318643.793, 84
Trd, 4318643.943, 96
Trd, 4318646.043, 131
Trd, 4318646.393, 101
Trd, 4318646.943, 89
Trd, 4318649.293, 110
Trd, 4318649.693, 113
Trd, 4318649.993, 125
Trd, 4318650.343, 137
Trd, 4318650.993, 95
Trd, 4318652.393, 138
Trd, 4318652.793, 113
Trd, 4318653.893, 108
Trd, 4318655.143, 87
Trd, 4318655.543, 73
Trd, 4318656.293, 133
Trd, 4318656.793, 123
Trd, 4318657.393, 118
Trd, 4318658.493, 81
Trd, 4318659.843, 119
Trd, 4318660.393, 103
Trd, 4318661.293, 87
Trd, 4318661.543, 98
Trd, 4318661.743, 95
Trd, 4318662.143, 97
Trd, 4318662.443, 67
Trd, 4318663.643, 123
Trd, 4318665.143, 121
Trd, 4318665.493, 119
Trd, 4318665.543, 118
Trd, 4318666.343, 98
Trd, 4318667.043, 74
Trd, 4318668.443, 77
Trd, 4318668.493, 73
Trd, 4318669.993, 128
Trd, 4318670.293, 109
Trd, 4318670.393, 107
Trd, 4318670.843, 95
Trd, 4318671.743, 138
Trd, 4318672.243, 79
Trd, 4318672.543, 82
Trd, 4318674.243, 113
Trd, 4318674.293, 110
Trd, 4318676.593, 113
Trd, 4318676.993, 110
Trd, 4318677.643, 114
Trd, 4318679.243, 112
Trd, 4318679.943, 100
Trd, 4318680.893, 133
Trd, 4318680.943, 127
Trd, 4318681.243, 124
Trd, 4318681.843, 114
Trd, 4318682.693, 135
Trd, 4318682.993, 104
Trd, 4318683.243, 76
Trd, 4318684.193, 61
Trd, 4318685.243, 137
Trd, 4318685.693, 107
Trd, 4318686.193, 97
Trd, 4318688.243, 129
Trd, 4318688.443, 129
Trd, 4318688.943, 111
Trd, 4318689.593, 122
Trd, 4318690.793, 85
Trd, 4318692.243, 123
Trd, 4318693.243, 131
Trd, 4318693.693, 129
Trd, 4318695.743, 130
Trd, 4318697.243, 121
Trd, 4318698.443, 120
Trd, 4318698.543, 121
Trd, 4318698.693, 113
Trd, 4318700.293, 114
Trd, 4318700.993, 61
Trd, 4318701.593, 140
Trd, 4318702.643, 68
Trd, 4318703.093, 125
Trd, 4318704.993, 103
Trd, 4318705.943, 138
Trd, 4318707.193, 98
Trd, 4318707.643, 95
Trd, 4318707.943, 110
Trd, 4318710.243, 118
Trd, 4318710.693, 99
Trd, 4318710.893, 96
Trd, 4318711.443, 118
Trd, 4318711.993, 131
Trd, 4318712.793, 137
Trd, 4318712.943, 136
Trd, 4318715.043, 130
Trd, 4318715.443, 114
Trd, 4318715.543, 104
Trd, 4318716.993, 139
Trd, 4318717.093, 102
Trd, 4318718.693, 107
Trd, 4318718.943, 110
Trd, 4318720.593, 106
Trd, 4318720.743, 101
Trd, 4318720.993, 91
Trd, 4318721.043, 114
Trd, 4318721.543, 131
Trd, 4318722.193, 100
Trd, 4318723.193, 106
Trd, 4318724.143, 113
Trd, 4318724.943, 126
Trd, 4318726.293, 122
Trd, 4318728.093, 92
Trd, 4318729.193, 88
Trd, 4318729.243, 80
Trd, 4318729.543, 114
Trd, 4318730.443, 122
Trd, 4318730.493, 117
Trd, 4318731.593, 95
Trd, 4318732.293, 120
Trd, 4318733.543, 92
Trd, 4318734.343, 94
Trd, 4318734.643, 104
Trd, 4318735.693, 93
Trd, 4318736.293, 80
Trd, 4318737.893, 100
Trd, 4318737.943, 95
Trd, 4318738.543, 71
Trd, 4318738.893, 75
Trd, 4318739.143, 83
Trd, 4318740.543, 128
Trd, 4318740.643, 115
Trd, 4318742.493, 109
Trd, 4318742.993, 96
Trd, 4318743.843, 117
Trd, 4318744.843, 123
Trd, 4318745.743, 107
Trd, 4318746.093, 140
Trd, 4318747.093, 99
Trd, 4318747.843, 104
Trd, 4318748.143, 91
Trd, 4318751.093, 122
Trd, 4318751.293, 123
Trd, 4318751.593, 87
Trd, 4318753.793, 101
Trd, 4318755.743, 137
Trd, 4318756.293, 124
Trd, 4318756.493, 102
Trd, 4318756.543, 98
Trd, 4318757.093, 87
Trd, 4318758.343, 94
Trd, 4318758.543, 76
Trd, 4318759.643, 119
Trd, 4318759.743, 106
Trd, 4318759.793, 86
Trd, 4318760.993, 94
Trd, 4318761.993, 120
Trd, 4318762.193, 80
Trd, 4318763.993, 122
Trd, 4318764.243, 111
Trd, 4318764.993, 139
Trd, 4318765.443, 101
Trd, 4318766.393, 86
Trd, 4318766.493, 79
Trd, 4318767.343, 129
Trd, 4318768.543, 138
Trd, 4318770.543, 123
Trd, 4318770.843, 125
Trd, 4318773.093, 122
Trd, 4318773.543, 139
Trd, 4318774.243, 121
Trd, 4318774.943, 129
Trd, 4318775.493, 123
Trd, 4318776.593, 126
Trd, 4318777.693, 112
Trd, 4318778.943, 135
Trd, 4318779.243, 133
Trd, 4318779.293, 107
Trd, 4318779.343, 102
Trd, 4318779.993, 99
Trd, 4318781.843, 114
Trd, 4318782.093, 77
Trd, 4318783.093, 104
Trd, 4318783.693, 93
Trd, 4318783.893, 91
Trd, 4318784.143, 87
Trd, 4318785.793, 104
Trd, 4318786.643, 136
Trd, 4318787.843, 120
Trd, 4318788.193, 88
Trd, 4318788.543, 99
Trd, 4318788.793, 102
Trd, 4318789.543, 106
Trd, 4318790.493, 136
Trd, 4318791.293, 116
Trd, 4318791.443, 78
Trd, 4318792.093, 131
Trd, 4318793.443, 113
Trd, 4318793.943, 78
Trd, 4318794.743, 73
Trd, 4318794.993, 102
Trd, 4318796.743, 134
Trd, 4318797.143, 134
Trd, 4318797.743, 137
Trd, 4318800.293, 139
Trd, 4318800.493, 116
Trd, 4318800.693, 112
Trd, 4318801.943, 131
Trd, 4318804.243, 112
Trd, 4318805.393, 88
Trd, 4318805.843, 114
Trd, 4318806.143, 136
Trd, 4318806.643, 99
Trd, 4318806.943, 132
Trd, 4318808.043, 138
Trd, 4318808.593, 137
Trd, 4318809.943, 76
Trd, 4318810.493, 87
Trd, 4318811.343, 116
Trd, 4318812.043, 60
Trd, 4318813.493, 110
Trd, 4318814.343, 105
Trd, 4318816.193, 131
Trd, 4318816.443, 109
Trd, 4318817.293, 122
Trd, 4318818.993, 137
Trd, 4318820.293, 119
Trd, 4318820.393, 108
Trd, 4318821.943, 87
Trd, 4318822.643, 110
Trd, 4318822.693, 70
Trd, 4318824.293, 137
Trd, 4318824.343, 118
Trd, 4318825.593, 134
Trd, 4318826.443, 130
Trd, 4318827.693, 138
Trd, 4318827.743, 105
Trd, 4318829.793, 131
Trd, 4318831.093, 139
Trd, 4318831.593, 135
Trd, 4318832.043, 126
Trd, 4318832.843, 123
Trd, 4318832.893, 113
Trd, 4318833.843, 115
Trd, 4318835.193, 130
Trd, 4318836.093, 125
Trd, 4318836.343, 99
Trd, 4318836.743, 112
Trd, 4318837.993, 131
Trd, 4318839.293, 115
Trd, 4318839.543, 114
Trd, 4318840.343, 122
Trd, 4318840.843, 107
Trd, 4318841.493, 89
Trd, 4318843.193, 131
Trd, 4318843.593, 115
Trd, 4318844.043, 90
Trd, 4318845.043, 96
Trd, 4318845.243, 73
Trd, 4318845.893, 65
Trd, 4318846.943, 124
Trd, 4318847.293, 90
Trd, 4318848.193, 106
Trd, 4318849.443, 91
Trd, 4318850.393, 121
Trd, 4318852.093, 140
Trd, 4318852.393, 125
Trd, 4318853.393, 127
Trd, 4318853.793, 106
Trd, 4318855.693, 124
Trd, 4318856.443, 132
Trd, 4318856.993, 106
Trd, 4318858.593, 113
Trd, 4318859.493, 124
Trd, 4318859.793, 123
Trd, 4318860.693, 112
Trd, 4318860.893, 109
Trd, 4318861.893, 136
Trd, 4318862.593, 109
Trd, 4318863.893, 129
Trd, 4318864.343, 137
Trd, 4318865.143, 112
Trd, 4318865.793, 93
Trd, 4318866.143, 133
Trd, 4318866.443, 108
Trd, 4318867.693, 94
Trd, 4318868.093, 98
Trd, 4318868.443, 115
Trd, 4318868.543, 124
Trd, 4318870.643, 112
Trd, 4318872.593, 87
Trd, 4318872.793, 102
Trd, 4318873.343, 127
Trd, 4318873.743, 138
Trd, 4318873.843, 105
Trd, 4318874.393, 89
Trd, 4318874.593, 80
Trd, 4318876.293, 127
Trd, 4318877.243, 97
Trd, 4318877.393, 103
Trd, 4318878.093, 66
Trd, 4318879.443, 88
Trd, 4318880.143, 131
Trd, 4318880.843, 137
Trd, 4318881.293, 118
Trd, 4318882.393, 139
Trd, 4318884.093, 129
Trd, 4318884.193, 125
Trd, 4318884.693, 102
Trd, 4318885.093, 98
Trd, 4318885.843, 127
Trd, 4318887.793, 136
Trd, 4318888.693, 108
Trd, 4318888.743, 107
Trd, 4318889.343, 112
Trd, 4318889.743, 106
Trd, 4318890.093, 86
Trd, 4318890.643, 80
Trd, 4318891.543, 78
Trd, 4318892.443, 111
Trd, 4318893.593, 128
Trd, 4318895.193, 138
Trd, 4318896.893, 112
Trd, 4318896.943, 110
Trd, 4318897.243, 137
Trd, 4318897.693, 94
Trd, 4318899.643, 110
Trd, 4318901.293, 140
Trd, 4318901.393, 104
Trd, 4318902.293, 118
Trd, 4318902.843, 103
Trd, 4318903.143, 95
Trd, 4318903.193, 90
Trd, 4318903.843, 124
Trd, 4318904.243, 102
Trd, 4318904.343, 104
Trd, 4318906.043, 116
Trd, 4318908.643, 137
Trd, 4318909.643, 134
Trd, 4318909.743, 132
Trd, 4318910.293, 111
Trd, 4318911.193, 96
Trd, 4318913.193, 139
Trd, 4318913.343, 121
Trd, 4318914.243, 138
Trd, 4318915.093, 115
Trd, 4318915.693, 79
Trd, 4318916.243, 140
Trd, 4318916.743, 107
Trd, 4318918.093, 127
Trd, 4318918.593, 119
Trd, 4318918.643, 110
Trd, 4318919.043, 121
Trd, 4318919.843, 98
Trd, 4318920.343, 128
Trd, 4318922.943, 124
Trd, 4318922.993, 113
Trd, 4318923.243, 109
Trd, 4318923.543, 64
Trd, 4318924.693, 108
Trd, 4318925.743, 97
Trd, 4318926.893, 125
Trd, 4318928.143, 97
Trd, 4318929.143, 131
Trd, 4318930.243, 107
Trd, 4318930.643, 92
Trd, 4318930.993, 114
Trd, 4318931.893, 97
Trd, 4318933.243, 137
Trd, 4318933.593, 136
Trd, 4318934.443, 130
Trd, 4318935.443, 135
Trd, 4318935.793, 111
Trd, 4318936.343, 94
Trd, 4318937.093, 86
Trd, 4318937.343, 92
Trd, 4318937.843, 65
Trd, 4318938.493, 78
Trd, 4318939.843, 117
Trd, 4318940.493, 132
Trd, 4318940.643, 135
Trd, 4318941.493, 90
Trd, 4318941.693, 109
Trd, 4318942.743, 114
Trd, 4318943.343, 84
Trd, 4318944.443, 128
Trd, 4318945.643, 104
Trd, 4318946.493, 102
Trd, 4318946.893, 63
Trd, 4318946.943, 81
Trd, 4318947.793, 105
Trd, 4318948.393, 110
Trd, 4318951.343, 126
Trd, 4318951.793, 127
Trd, 4318951.843, 115
Trd, 4318952.643, 99
Trd, 4318952.793, 89
Trd, 4318953.043, 73
Trd, 4318955.943, 140
Trd, 4318957.293, 122
Trd, 4318958.543, 121
Trd, 4318958.743, 110
Trd, 4318959.893, 140
Trd, 4318959.943, 115
Trd, 4318961.043, 131
Trd, 4318961.393, 111
Trd, 4318962.593, 112
Trd, 4318963.493, 104
Trd, 4318964.493, 112
Trd, 4318964.643, 96
Trd, 4318964.743, 91
Trd, 4318965.243, 88
Trd, 4318966.893, 95
Trd, 4318967.543, 138
Trd, 4318968.293, 114
Trd, 4318968.593, 108
Trd, 4318971.543, 130
Trd, 4318971.793, 119
Trd, 4318971.893, 115
Trd, 4318972.143, 106
Trd, 4318973.393, 137
Trd, 4318973.843, 122
Trd, 4318975.543, 135
Trd, 4318976.393, 131
Trd, 4318976.643, 128
Trd, 4318977.543, 125
Trd, 4318977.893, 132
Trd, 4318979.843, 122
Trd, 4318981.143, 136
Trd, 4318981.793, 127
Trd, 4318981.843, 117
Trd, 4318982.893, 128
Trd, 4318983.443, 131
Trd, 4318985.993, 116
Trd, 4318986.093, 131
Trd, 4318986.243, 105
Trd, 4318986.343, 88
Trd, 4318987.043, 96
Trd, 4318987.643, 121
Trd, 4318987.843, 105
Trd, 4318990.193, 127
Trd, 4318990.293, 136
Trd, 4318990.343, 82
Trd, 4318990.793, 65
Trd, 4318990.993, 77
Trd, 4318991.593, 63
Trd, 4318993.843, 132
Trd, 4318994.393, 106
Trd, 4318994.693, 131
Trd, 4318997.543, 137
Trd, 4318998.193, 117
Trd, 4318998.743, 127
Trd, 4318999.043, 111
Trd, 4319000.043, 113
Trd, 4319000.843, 84
Trd, 4319001.593, 87
Trd, 4319001.643, 134
Trd, 4319001.893, 79
Trd, 4319002.943, 83
Trd, 4319005.043, 102
Trd, 4319005.693, 119
Trd, 4319006.393, 131
Trd, 4319006.493, 122
Trd, 4319006.593, 111
Trd, 4319006.993, 107
Trd, 4319007.643, 101
Trd, 4319008.543, 91
Trd, 4319009.643, 114
Trd, 4319010.043, 107
Trd, 4319011.243, 130
Trd, 4319011.343, 113
Trd, 4319012.343, 117
Trd, 4319013.343, 131
Trd, 4319013.743, 119
Trd, 4319013.993, 111
Trd, 4319015.843, 129
Trd, 4319016.993, 114
Trd, 4319017.093, 99
Trd, 4319018.943, 114
Trd, 4319019.993, 134
Trd, 4319021.443, 129
Trd, 4319021.893, 111
Trd, 4319022.493, 103
Trd, 4319023.643, 112
Trd, 4319023.993, 104
Trd, 4319024.043, 90
Trd, 4319024.543, 73
Trd, 4319026.193, 139
Trd, 4319026.793, 132
Trd, 4319028.343, 111
Trd, 4319029.643, 104
Trd, 4319030.193, 129
Trd, 4319030.443, 109
Trd, 4319031.393, 114
Trd, 4319033.043, 132
Trd, 4319033.293, 91
Trd, 4319033.743, 109
Trd, 4319036.543, 117
Trd, 4319037.543, 133
Trd, 4319038.143, 132
Trd, 4319039.093, 99
Trd, 4319039.643, 94
Trd, 4319039.693, 83
Trd, 4319042.043, 131
Trd, 4319043.493, 135
Trd, 4319043.943, 131
Trd, 4319044.393, 123
Trd, 4319044.693, 106
Trd, 4319044.743, 117
Trd, 4319045.793, 134
Trd, 4319047.443, 94
Trd, 4319047.893, 123
Trd, 4319048.843, 91
Trd, 4319049.593, 96
Trd, 4319050.443, 111
Trd, 4319051.093, 87
Trd, 4319051.843, 93
Trd, 4319052.193, 97
Trd, 4319052.393, 110
Trd, 4319052.943, 140
Trd, 4319053.743, 118
Trd, 4319053.993, 94
Trd, 4319055.643, 116
Trd, 4319055.793, 110
Trd, 4319058.493, 136
Trd, 4319058.693, 113
Trd, 4319060.943, 136
Trd, 4319061.043, 118
Trd, 4319061.543, 115
Trd, 4319061.743, 109
Trd, 4319062.243, 109
Trd, 4319063.243, 130
Trd, 4319063.443, 126
Trd, 4319063.843, 105
Trd, 4319065.843, 133
Trd, 4319067.493, 121
Trd, 4319067.943, 102
Trd, 4319068.093, 134
Trd, 4319069.493, 131
Trd, 4319069.743, 81
Trd, 4319070.143, 132
Trd, 4319071.093, 128
Trd, 4319072.993, 97
Trd, 4319073.393, 114
Trd, 4319073.443, 91
Trd, 4319073.493, 63
Trd, 4319073.543, 140
Trd, 4319074.943, 68
Trd, 4319075.743, 104
Trd, 4319075.943, 105
Trd, 4319077.493, 140
Trd, 4319077.893, 113
Trd, 4319079.243, 108
Trd, 4319079.293, 96
Trd, 4319079.743, 122
Trd, 4319080.393, 127
Trd, 4319081.593, 129
Trd, 4319082.143, 129
Trd, 4319082.543, 122
Trd, 4319082.643, 118
Trd, 4319082.743, 87
Trd, 4319083.743, 96
Trd, 4319084.893, 120
Trd, 4319085.493, 127
Trd, 4319085.793, 140
Trd, 4319087.293, 70
Trd, 4319088.393, 140
Trd, 4319088.743, 118
Trd, 4319089.143, 112
Trd, 4319089.343, 112
Trd, 4319090.643, 125
Trd, 4319091.093, 130
Trd, 4319094.243, 138
Trd, 4319094.393, 135
Trd, 4319094.443, 129
Trd, 4319094.493, 126
Trd, 4319094.793, 110
Trd, 4319096.793, 138
Trd, 4319097.743, 136
Trd, 4319098.093, 96
Trd, 4319099.143, 78
Trd, 4319099.593, 118
Trd, 4319100.193, 111
Trd, 4319100.393, 78
Trd, 4319100.693, 75
Trd, 4319101.493, 105
Trd, 4319103.243, 134
Trd, 4319103.843, 125
Trd, 4319104.543, 85
Trd, 4319105.243, 124
Trd, 4319105.993, 81
Trd, 4319106.543, 131
Trd, 4319106.893, 114
Trd, 4319109.143, 101
Trd, 4319110.093, 136
Trd, 4319112.893, 99
Trd, 4319113.893, 111
Trd, 4319114.143, 110
Trd, 4319114.693, 99
Trd, 4319115.343, 114
Trd, 4319115.643, 109
Trd, 4319115.743, 106
Trd, 4319115.843, 89
Trd, 4319117.243, 96
Trd, 4319117.393, 63
Trd, 4319118.693, 107
Trd, 4319118.893, 96
Trd, 4319119.393, 93
Trd, 4319121.743, 122
Trd, 4319121.893, 84
Trd, 4319123.693, 135
Trd, 4319124.243, 126
Trd, 4319124.593, 105
Trd, 4319125.293, 91
Trd, 4319127.293, 125
Trd, 4319127.443, 108
Trd, 4319129.293, 101
Trd, 4319130.143, 139
Trd, 4319130.543, 137
Trd, 4319131.093, 109
Trd, 4319131.143, 109
Trd, 4319131.593, 130
Trd, 4319132.193, 96
Trd, 4319133.193, 88
Trd, 4319133.843, 89
Trd, 4319135.243, 134
Trd, 4319135.643, 119
Trd, 4319136.293, 133
Trd, 4319136.443, 126
Trd, 4319138.393, 129
Trd, 4319138.643, 133
Trd, 4319138.943, 113
Trd, 4319139.143, 98
Trd, 4319139.793, 140
Trd, 4319140.643, 135
Trd, 4319141.193, 105
Trd, 4319141.393, 87
Trd, 4319142.393, 140
Trd, 4319144.243, 133
Trd, 4319144.593, 127
Trd, 4319145.693, 133
Trd, 4319147.493, 135
Trd, 4319147.893, 129
Trd, 4319148.193, 116
Trd, 4319149.443, 94
Trd, 4319149.743, 93
Trd, 4319150.143, 110
Trd, 4319150.543, 89
Trd, 4319151.293, 62
Trd, 4319153.143, 96
Trd, 4319153.693, 127
Trd, 4319154.443, 95
Trd, 4319154.493, 94
Trd, 4319156.393, 119
Trd, 4319157.543, 125
Trd, 4319157.643, 108
Trd, 4319157.843, 104
Trd, 4319157.943, 94
Trd, 4319160.243, 106
Trd, 4319160.393, 90
Trd, 4319160.493, 88
Trd, 4319161.093, 63
Trd, 4319161.993, 137
Trd, 4319162.043, 109
Trd, 4319163.093, 134
Trd, 4319163.893, 129
Trd, 4319164.293, 108
Trd, 4319165.593, 123
Trd, 4319165.893, 108
Trd, 4319166.293, 101
Trd, 4319166.893, 119
Trd, 4319167.693, 125
Trd, 4319167.993, 123
Trd, 4319168.743, 137
Trd, 4319168.843, 124
Trd, 4319169.143, 78
Trd, 4319170.893, 112
Trd, 4319171.243, 138
Trd, 4319171.843, 118
Trd, 4319172.393, 133
Trd, 4319173.043, 130
Trd, 4319173.493, 121
Trd, 4319174.643, 107
Trd, 4319174.893, 134
Trd, 4319176.093, 98
Trd, 4319178.093, 104
Trd, 4319178.543, 134
Trd, 4319179.593, 117
Trd, 4319180.743, 101
Trd, 4319180.943, 104
Trd, 4319183.093, 120
Trd, 4319183.493, 102
Trd, 4319184.743, 135
Trd, 4319185.793, 87
Trd, 4319185.843, 82
Trd, 4319186.593, 110
Trd, 4319186.693, 105
Trd, 4319187.693, 130
Trd, 4319189.343, 126
Trd, 4319189.393, 124
Trd, 4319189.643, 139
Trd, 4319189.993, 109
Trd, 4319190.993, 121
Trd, 4319191.143, 124
Trd, 4319191.993, 105
Trd, 4319193.443, 129
Trd, 4319193.993, 101
Trd, 4319194.143, 98
Trd, 4319194.243, 91
Trd, 4319194.743, 101
Trd, 4319195.593, 101
Trd, 4319195.693, 96
Trd, 4319197.593, 136
Trd, 4319198.743, 99
Trd, 4319198.943, 90
Trd, 4319199.593, 84
Trd, 4319201.393, 123
Trd, 4319202.793, 131
Trd, 4319203.593, 111
Trd, 4319204.543, 101
Trd, 4319205.193, 120
Trd, 4319205.793, 88
Trd, 4319206.093, 112
Trd, 4319207.343, 101
Trd, 4319207.593, 90
Trd, 4319208.343, 103
Trd, 4319208.593, 104
Trd, 4319209.243, 70
Trd, 4319210.943, 126
Trd, 4319211.643, 111
Trd, 4319211.993, 106
Trd, 4319212.443, 100
Trd, 4319214.293, 125
Trd, 4319214.843, 118
Trd, 4319215.343, 103
Trd, 4319216.243, 125
Trd, 4319216.543, 83
Trd, 4319217.443, 137
Trd, 4319218.543, 106
Trd, 4319219.943, 118
Trd, 4319220.243, 114
Trd, 4319221.093, 105
Trd, 4319221.543, 97
Trd, 4319221.893, 84
Trd, 4319222.793, 106
Trd, 4319224.343, 106
Trd, 4319225.343, 113
Trd, 4319226.293, 137
Trd, 4319227.143, 130
Trd, 4319227.793, 130
Trd, 4319228.143, 116
Trd, 4319228.743, 103
Trd, 4319229.643, 137
Trd, 4319229.943, 138
Trd, 4319230.493, 137
Trd, 4319231.293, 118
Trd, 4319231.643, 105
Trd, 4319232.343, 106
Trd, 4319233.143, 136
Trd, 4319235.093, 125
Trd, 4319235.843, 121
Trd, 4319237.093, 124
Trd, 4319237.593, 119
Trd, 4319238.043, 106
Trd, 4319239.793, 130
Trd, 4319240.593, 139
Trd, 4319241.043, 108
Trd, 4319242.143, 117
Trd, 4319243.293, 132
Trd, 4319243.693, 119
Trd, 4319244.143, 110
Trd, 4319244.193, 108
Trd, 4319245.193, 140
Trd, 4319246.093, 85
Trd, 4319247.043, 111
Trd, 4319248.393, 107
Trd, 4319250.593, 123
Trd, 4319250.643, 124
Trd, 4319250.893, 139
Trd, 4319251.743, 116
Trd, 4319251.943, 100
Trd, 4319252.893, 71
Trd, 4319253.043, 119
Trd, 4319253.493, 132
Trd, 4319254.593, 128
Trd, 4319255.343, 140
Trd, 4319256.343, 75
Trd, 4319256.443, 76
Trd, 4319256.743, 100
Trd, 4319258.243, 100
Trd, 4319259.843, 105
Trd, 4319260.043, 85
Trd, 4319260.593, 88
Trd, 4319261.293, 108
Trd, 4319261.643, 89
Trd, 4319262.093, 115
Trd, 4319262.343, 81
Trd, 4319262.493, 110
Trd, 4319263.143, 110
Trd, 4319264.393, 77
Trd, 4319268.093, 106
Trd, 4319270.143, 125
Trd, 4319270.243, 113
Trd, 4319270.743, 98
Trd, 4319271.443, 113
Trd, 4319273.793, 116
Trd, 4319274.593, 137
Trd, 4319275.693, 132
Trd, 4319276.493, 115
Trd, 4319277.593, 128
Trd, 4319277.843, 127
Trd, 4319277.943, 116
Trd, 4319278.343, 123
Trd, 4319278.893, 102
Trd, 4319281.293, 109
Trd, 4319281.593, 137
Trd, 4319281.793, 135
Trd, 4319282.443, 122
Trd, 4319283.093, 122
Trd, 4319283.993, 100
Trd, 4319284.893, 80
Trd, 4319285.843, 134
Trd, 4319285.993, 111
Trd, 4319287.093, 90
Trd, 4319287.293, 102
Trd, 4319289.793, 123
Trd, 4319290.743, 81
Trd, 4319291.493, 111
Trd, 4319292.143, 132
Trd, 4319292.643, 128
Trd, 4319292.893, 110
Trd, 4319293.143, 106
Trd, 4319294.793, 111
Trd, 4319295.293, 117
Trd, 4319296.493, 125
Trd, 4319297.043, 108
Trd, 4319297.393, 113
Trd, 4319299.043, 136
Trd, 4319299.193, 103
Trd, 4319299.643, 122
Trd, 4319299.793, 102
Trd, 4319300.843, 131
Trd, 4319301.343, 113
Trd, 4319302.693, 133
Trd, 4319303.093, 125
Trd, 4319303.243, 102
Trd, 4319305.793, 112
Trd, 4319305.893, 132
Trd, 4319306.593, 136
Trd, 4319307.493, 97
Trd, 4319310.943, 132
Trd, 4319310.993, 124
Trd, 4319311.393, 98
Trd, 4319312.443, 120
Trd, 4319312.543, 98
Trd, 4319313.543, 106
Trd, 4319314.143, 90
Trd, 4319314.493, 100
Trd, 4319316.393, 139
Trd, 4319317.843, 106
Trd, 4319318.293, 139
Trd, 4319318.943, 136
Trd, 4319319.893, 129
Trd, 4319321.093, 139
Trd, 4319321.543, 107
Trd, 4319322.743, 133
Trd, 4319323.243, 121
Trd, 4319323.593, 107
Trd, 4319324.443, 126
Trd, 4319325.843, 127
Trd, 4319326.143, 118
Trd, 4319326.193, 91
Trd, 4319326.393, 82
Trd, 4319327.443, 102
Trd, 4319327.493, 78
Trd, 4319329.593, 71
Trd, 4319330.643, 139
Trd, 4319330.793, 114
Trd, 4319330.943, 107
Trd, 4319331.593, 124
Trd, 4319332.143, 128
Trd, 4319332.293, 112
Trd, 4319334.193, 96
Trd, 4319334.693, 86
Trd, 4319336.493, 104
Trd, 4319337.043, 124
Trd, 4319337.993, 102
Trd, 4319338.293, 87
Trd, 4319339.193, 99
Trd, 4319339.543, 112
Trd, 4319341.193, 128
Trd, 4319342.293, 126
Trd, 4319342.993, 120
Trd, 4319345.193, 140
Trd, 4319346.643, 136
Trd, 4319347.243, 138
Trd, 4319347.993, 131
Trd, 4319348.093, 119
Trd, 4319348.493, 115
Trd, 4319348.593, 108
Trd, 4319348.743, 107
Trd, 4319350.143, 131
Trd, 4319350.593, 110
Trd, 4319351.843, 108
Trd, 4319352.343, 105
Trd, 4319354.893, 95
Trd, 4319355.243, 127
Trd, 4319357.293, 103
Trd, 4319358.843, 106
Trd, 4319360.193, 134
Trd, 4319360.743, 131
Trd, 4319362.143, 118
Trd, 4319362.493, 117
Trd, 4319364.293, 128
Trd, 4319365.293, 114
Trd, 4319365.593, 103
Trd, 4319367.243, 103
Trd, 4319368.843, 135
Trd, 4319369.193, 137
Trd, 4319369.943, 133
Trd, 4319370.043, 119
Trd, 4319370.093, 127
Trd, 4319371.093, 133
Trd, 4319372.193, 113
Trd, 4319372.743, 133
Trd, 4319374.593, 134
Trd, 4319376.393, 125
Trd, 4319376.443, 119
Trd, 4319376.543, 102
Trd, 4319377.043, 136
Trd, 4319377.893, 98
Trd, 4319378.243, 87
Trd, 4319378.693, 116
Trd, 4319379.843, 96
Trd, 4319381.043, 122
Trd, 4319382.443, 138
Trd, 4319383.093, 112
Trd, 4319383.743, 136
Trd, 4319384.743, 91
Trd, 4319385.793, 68
Trd, 4319386.393, 106
Trd, 4319387.243, 127
Trd, 4319387.593, 98
Trd, 4319388.643, 134
Trd, 4319389.593, 123
Trd, 4319391.043, 136
Trd, 4319391.093, 133
Trd, 4319392.943, 99
Trd, 4319393.143, 91
Trd, 4319393.593, 138
Trd, 4319394.343, 130
Trd, 4319395.693, 136
Trd, 4319396.943, 129
Trd, 4319397.043, 119
Trd, 4319397.293, 107
Trd, 4319397.443, 92
Trd, 4319397.593, 91
Trd, 4319398.343, 86
Trd, 4319399.893, 126
Trd, 4319400.343, 131
Trd, 4319402.043, 125
Trd, 4319402.443, 103
Trd, 4319403.093, 113
Trd, 4319403.393, 131
Trd, 4319403.993, 111
Trd, 4319404.193, 98
Trd, 4319405.493, 93
Trd, 4319405.643, 99
Trd, 4319407.543, 63
Trd, 4319407.843, 90
Trd, 4319408.843, 90
Trd, 4319410.193, 71
Trd, 4319410.943, 134
Trd, 4319411.443, 137
Trd, 4319411.643, 122
Trd, 4319411.843, 114
Trd, 4319412.143, 65
Trd, 4319414.643, 138
Trd, 4319414.793, 138
Trd, 4319416.193, 115
Trd, 4319419.243, 139
Trd, 4319419.343, 122
Trd, 4319420.093, 132
Trd, 4319420.293, 129
Trd, 4319421.693, 126
Trd, 4319422.693, 110
Trd, 4319422.743, 109
Trd, 4319423.243, 96
Trd, 4319423.693, 139
Trd, 4319424.493, 139
Trd, 4319424.643, 113
Trd, 4319424.793, 116
Trd, 4319426.793, 86
Trd, 4319427.293, 89
Trd, 4319427.493, 108
Trd, 4319428.093, 72
Trd, 4319429.143, 117
Trd, 4319429.693, 117
Trd, 4319430.643, 93
Trd, 4319430.993, 84
Trd, 4319431.693, 114
Trd, 4319432.893, 140
Trd, 4319433.193, 127
Trd, 4319433.243, 123
Trd, 4319434.743, 93
Trd, 4319434.943, 90
Trd, 4319435.193, 107
Trd, 4319435.343, 65
Trd, 4319437.993, 131
Trd, 4319438.943, 134
Trd, 4319440.143, 135
Trd, 4319440.543, 134
Trd, 4319441.343, 114
Trd, 4319441.443, 109
Trd, 4319442.193, 129
Trd, 4319442.743, 107
Trd, 4319443.043, 95
Trd, 4319443.743, 140
Trd, 4319445.193, 113
Trd, 4319446.343, 123
Trd, 4319446.593, 126
Trd, 4319447.493, 106
Trd, 4319448.343, 121
Trd, 4319449.043, 97
Trd, 4319449.243, 94
Trd, 4319451.793, 109
Trd, 4319452.043, 102
Trd, 4319452.193, 89
Trd, 4319452.543, 63
Trd, 4319452.793, 69
Trd, 4319454.343, 116
Trd, 4319456.143, 130
Trd, 4319456.193, 108
Trd, 4319456.743, 122
Trd, 4319457.193, 101
Trd, 4319457.293, 89
Trd, 4319458.693, 121
Trd, 4319460.043, 139
Trd, 4319460.443, 113
Trd, 4319460.943, 131
Trd, 4319462.043, 108
Trd, 4319464.893, 135
Trd, 4319464.993, 135
Trd, 4319465.543, 112
Trd, 4319465.943, 111
Trd, 4319466.193, 100
Trd, 4319466.293, 93
Trd, 4319466.793, 109
Trd, 4319467.493, 78
Trd, 4319468.743, 75
Trd, 4319471.393, 134
Trd, 4319471.443, 104
Trd, 4319472.043, 70
Trd, 4319472.693, 90
Trd, 4319474.093, 117
Trd, 4319474.993, 137
Trd, 4319475.593, 125
Trd, 4319476.543, 120
Trd, 4319476.593, 114
Trd, 4319478.943, 127
Trd, 4319478.993, 84
Trd, 4319480.193, 134
Trd, 4319480.243, 128
Trd, 4319480.343, 117
Trd, 4319480.643, 116
Trd, 4319481.843, 131
Trd, 4319484.693, 134
Trd, 4319485.293, 133
Trd, 4319486.493, 131
Trd, 4319487.543, 117
Trd, 4319488.543, 114
Trd, 4319490.293, 136
Trd, 4319490.343, 130
Trd, 4319490.443, 119
Trd, 4319490.543, 94
Trd, 4319491.843, 66
Trd, 4319492.343, 85
Trd, 4319492.943, 101
Trd, 4319493.643, 105
Trd, 4319494.493, 98
Trd, 4319495.343, 97
Trd, 4319497.743, 105
Trd, 4319497.893, 94
Trd, 4319498.343, 79
Trd, 4319498.643, 101
Trd, 4319498.843, 78
Trd, 4319499.943, 103
Trd, 4319500.843, 113
Trd, 4319500.893, 91
Trd, 4319502.043, 75
Trd, 4319503.443, 122
Trd, 4319503.843, 115
Trd, 4319504.643, 98
Trd, 4319504.893, 94
Trd, 4319506.293, 126
Trd, 4319506.643, 110
Trd, 4319506.743, 133
Trd, 4319508.493, 131
Trd, 4319508.993, 127
Trd, 4319509.043, 103
Trd, 4319510.043, 125
Trd, 4319510.893, 115
Trd, 4319511.443, 131
Trd, 4319513.143, 130
Trd, 4319513.493, 110
Trd, 4319514.743, 122
Trd, 4319515.093, 118
Trd, 4319515.543, 105
Trd, 4319515.943, 104
Trd, 4319516.243, 84
Trd, 4319516.443, 75
Trd, 4319517.793, 118
Trd, 4319518.743, 138
Trd, 4319518.993, 137
Trd, 4319521.293, 122
Trd, 4319522.393, 130
Trd, 4319524.093, 127
Trd, 4319524.343, 136
Trd, 4319525.743, 138
Trd, 4319526.243, 128
Trd, 4319526.293, 106
Trd, 4319526.993, 93
Trd, 4319527.743, 112
Trd, 4319528.243, 65
Trd, 4319528.593, 105
Trd, 4319530.043, 88
Trd, 4319530.443, 138
Trd, 4319530.643, 84
Trd, 4319532.993, 112
Trd, 4319534.343, 83
Trd, 4319534.393, 76
Trd, 4319534.593, 118
Trd, 4319535.243, 74
Trd, 4319536.093, 72
Trd, 4319536.343, 78
Trd, 4319536.493, 118
Trd, 4319539.143, 105
Trd, 4319540.193, 129
Trd, 4319540.643, 89
Trd, 4319540.893, 72
Trd, 4319542.893, 116
Trd, 4319543.243, 115
Trd, 4319543.793, 136
Trd, 4319544.393, 102
Trd, 4319544.793, 105
Trd, 4319546.043, 139
Trd, 4319547.993, 119
Trd, 4319548.693, 137
Trd, 4319549.143, 137
Trd, 4319549.243, 130
Trd, 4319550.793, 120
Trd, 4319551.443, 139
Trd, 4319553.143, 136
Trd, 4319554.143, 123
Trd, 4319554.343, 113
Trd, 4319554.393, 110
Trd, 4319554.943, 110
Trd, 4319556.743, 113
Trd, 4319557.993, 133
Trd, 4319558.193, 111
Trd, 4319558.943, 138
Trd, 4319559.543, 108
Trd, 4319559.643, 102
Trd, 4319560.693, 134
Trd, 4319560.943, 123
Trd, 4319561.643, 126
Trd, 4319561.893, 103
Trd, 4319564.593, 130
Trd, 4319566.343, 125
Trd, 4319566.643, 124
Trd, 4319567.143, 122
Trd, 4319567.443, 118
Trd, 4319567.893, 95
Trd, 4319568.743, 103
Trd, 4319568.893, 125
Trd, 4319569.093, 85
Trd, 4319569.543, 74
Trd, 4319570.493, 120
Trd, 4319570.893, 120
Trd, 4319571.393, 123
Trd, 4319572.593, 111
Trd, 4319572.693, 113
Trd, 4319574.393, 100
Trd, 4319574.443, 87
Trd, 4319575.543, 61
Trd, 4319576.643, 89
Trd, 4319578.493, 126
Trd, 4319578.943, 128
Trd, 4319579.393, 112
Trd, 4319580.743, 96
Trd, 4319580.793, 74
Trd, 4319581.493, 65
Trd, 4319581.693, 102
Trd, 4319581.743, 61
Trd, 4319582.143, 82
Trd, 4319584.943, 120
Trd, 4319585.343, 133
Trd, 4319585.593, 109
Trd, 4319586.093, 92
Trd, 4319587.343, 92
Trd, 4319588.293, 97
Trd, 4319589.993, 124
Trd, 4319590.693, 134
Trd, 4319591.243, 111
Trd, 4319591.493, 89
Trd, 4319591.693, 125
Trd, 4319591.843, 94
Trd, 4319592.643, 128
Trd, 4319593.843, 120
Trd, 4319596.543, 102
Trd, 4319596.643, 100
Trd, 4319598.143, 115
Trd, 4319598.343, 128
Trd, 4319599.343, 134
Trd, 4319599.393, 94
Trd, 4319600.143, 134
Trd, 4319601.243, 116
Trd, 4319602.893, 105
Trd, 4319603.393, 113
Trd, 4319604.043, 105
Trd, 4319604.793, 82
Trd, 4319605.893, 112
Trd, 4319606.693, 111
Trd, 4319606.993, 102
Trd, 4319607.793, 100
Trd, 4319608.643, 98
Trd, 4319609.443, 114
Trd, 4319610.243, 114
Trd, 4319610.293, 107
Trd, 4319611.943, 125
Trd, 4319612.943, 133
Trd, 4319613.293, 105
Trd, 4319613.743, 103
Trd, 4319613.993, 89
Trd, 4319614.993, 103
Trd, 4319615.243, 101
Trd, 4319616.343, 120
Trd, 4319616.993, 140
Trd, 4319617.943, 140
Trd, 4319619.143, 137
Trd, 4319619.293, 119
Trd, 4319621.243, 96
Trd, 4319622.343, 135
Trd, 4319622.893, 100
Trd, 4319623.343, 134
Trd, 4319624.043, 113
Trd, 4319624.343, 113
Trd, 4319624.693, 123
Trd, 4319624.743, 130
Trd, 4319626.043, 94
Trd, 4319627.143, 97
Trd, 4319628.093, 93
Trd, 4319628.343, 95
Trd, 4319629.393, 128
Trd, 4319629.993, 88
Trd, 4319630.493, 126
Trd, 4319630.693, 97
Trd, 4319632.243, 122
Trd, 4319632.393, 94
Trd, 4319633.193, 92
Trd, 4319636.043, 74
Trd, 4319636.143, 83
Trd, 4319637.393, 122
Trd, 4319637.543, 71
Trd, 4319637.743, 111
Trd, 4319638.293, 106
Trd, 4319639.343, 64
Trd, 4319640.093, 101
Trd, 4319642.093, 112
Trd, 4319642.193, 95
Trd, 4319643.043, 85
Trd, 4319644.243, 94
Trd, 4319644.393, 82
Trd, 4319644.543, 130
Trd, 4319645.893, 126
Trd, 4319646.993, 122
Trd, 4319647.193, 113
Trd, 4319648.043, 139
Trd, 4319648.593, 119
Trd, 4319649.743, 111
Trd, 4319651.293, 89
Trd, 4319651.493, 134
Trd, 4319651.793, 125
Trd, 4319652.093, 104
Trd, 4319653.643, 116
Trd, 4319654.193, 125
Trd, 4319654.643, 113
Trd, 4319655.743, 129
Trd, 4319657.943, 128
Trd, 4319658.093, 110
Trd, 4319658.293, 104
Trd, 4319658.543, 100
Trd, 4319659.693, 128
Trd, 4319660.293, 103
Trd, 4319660.493, 125
Trd, 4319663.093, 125
Trd, 4319663.243, 104
Trd, 4319663.493, 93
Trd, 4319663.743, 107
Trd, 4319665.243, 133
Trd, 4319667.643, 108
Trd, 4319669.493, 138
Trd, 4319669.743, 122
Trd, 4319669.893, 113
Trd, 4319670.393, 130
Trd, 4319670.693, 113
Trd, 4319671.693, 121
Trd, 4319672.543, 82
Trd, 4319672.743, 86
Trd, 4319673.593, 116
Trd, 4319674.443, 108
Trd, 4319677.443, 83
Trd, 4319678.143, 119
Trd, 4319678.643, 96
Trd, 4319678.743, 71
Trd, 4319679.043, 117
Trd, 4319679.593, 138
Trd, 4319682.393, 113
Trd, 4319683.493, 93
Trd, 4319683.643, 86
Trd, 4319684.143, 71
Trd, 4319685.243, 122
Trd, 4319686.043, 131
Trd, 4319686.343, 128
Trd, 4319686.593, 104
Trd, 4319687.243, 101
Trd, 4319689.693, 102
Trd, 4319689.793, 96
Trd, 4319690.443, 127
Trd, 4319691.693, 136
Trd, 4319692.643, 127
Trd, 4319694.943, 137
Trd, 4319696.293, 128
Trd, 4319697.293, 106
Trd, 4319697.443, 118
Trd, 4319698.243, 124
Trd, 4319701.193, 137
Trd, 4319701.543, 127
Trd, 4319701.693, 115
Trd, 4319702.543, 136
Trd, 4319703.643, 137
Trd, 4319704.093, 136
Trd, 4319705.143, 118
Trd, 4319705.343, 100
Trd, 4319705.743, 128
Trd, 4319706.543, 116
Trd, 4319706.993, 105
Trd, 4319709.793, 100
Trd, 4319710.043, 109
Trd, 4319710.243, 86
Trd, 4319711.443, 70
Trd, 4319712.593, 101
Trd, 4319713.143, 127
Trd, 4319713.743, 111
Trd, 4319714.143, 112
Trd, 4319715.643, 131
Trd, 4319717.393, 128
Trd, 4319718.293, 108
Trd, 4319718.893, 102
Trd, 4319719.393, 112
Trd, 4319721.043, 115
Trd, 4319721.593, 113
Trd, 4319721.943, 104
Trd, 4319723.143, 117
Trd, 4319725.193, 109
Trd, 4319725.443, 90
Trd, 4319726.093, 82
Trd, 4319728.993, 136
Trd, 4319729.543, 120
Trd, 4319729.693, 117
Trd, 4319730.443, 114
Trd, 4319731.093, 101
Trd, 4319731.393, 120
Trd, 4319732.093, 124
Trd, 4319732.843, 138
Trd, 4319733.443, 119
Trd, 4319735.093, 125
Trd, 4319735.893, 118
Trd, 4319736.043, 139
Trd, 4319736.743, 124
Trd, 4319737.543, 139
Trd, 4319738.093, 122
Trd, 4319739.043, 128
Trd, 4319739.343, 104
Trd, 4319739.793, 89
Trd, 4319741.193, 125
Trd, 4319742.293, 135
Trd, 4319742.343, 119
Trd, 4319742.793, 109
Trd, 4319745.193, 133
Trd, 4319745.643, 121
Trd, 4319745.843, 129
Trd, 4319746.043, 118
Trd, 4319746.193, 117
Trd, 4319746.743, 109
Trd, 4319747.943, 116
Trd, 4319748.043, 100
Trd, 4319748.343, 68
Trd, 4319748.443, 72
Trd, 4319751.393, 139
Trd, 4319751.443, 115
Trd, 4319751.493, 105
Trd, 4319753.943, 121
Trd, 4319754.043, 104
Trd, 4319754.643, 82
Trd, 4319754.943, 107
Trd, 4319755.293, 102
Trd, 4319757.143, 122
Trd, 4319757.993, 125
Trd, 4319758.143, 140
Trd, 4319758.443, 96
Trd, 4319758.543, 103
Trd, 4319758.593, 75
Trd, 4319759.193, 123
Trd, 4319760.643, 103
Trd, 4319761.143, 126
Trd, 4319761.493, 113
Trd, 4319763.443, 109
Trd, 4319763.843, 108
Trd, 4319765.243, 135
Trd, 4319765.843, 120
Trd, 4319766.843, 106
Trd, 4319766.893, 125
Trd, 4319768.043, 107
Trd, 4319768.243, 97
Trd, 4319768.793, 123
Trd, 4319769.793, 129
Trd, 4319770.793, 132
Trd, 4319771.143, 114
Trd, 4319771.543, 108
Trd, 4319771.993, 105
Trd, 4319773.693, 120
Trd, 4319774.143, 118
Trd, 4319774.593, 134
Trd, 4319774.643, 98
Trd, 4319776.493, 125
Trd, 4319776.593, 120
Trd, 4319776.693, 106
Trd, 4319777.393, 93
Trd, 4319780.293, 126
Trd, 4319780.843, 126
Trd, 4319781.793, 107
Trd, 4319782.043, 87
Trd, 4319782.443, 81
Trd, 4319782.993, 129
Trd, 4319784.093, 88
Trd, 4319785.543, 120
Trd, 4319786.393, 99
Trd, 4319786.443, 93
Trd, 4319786.793, 77
Trd, 4319787.093, 139
Trd, 4319787.843, 130
Trd, 4319788.593, 97
Trd, 4319788.943, 101
Trd, 4319789.593, 85
Trd, 4319790.093, 86
Trd, 4319793.243, 138
Trd, 4319793.343, 138
Trd, 4319793.843, 101
Trd, 4319794.293, 122
Trd, 4319795.343, 121
Trd, 4319796.493, 99
Trd, 4319796.943, 94
Trd, 4319797.143, 87
Trd, 4319797.693, 117
Trd, 4319799.993, 128
Trd, 4319800.643, 103
Trd, 4319800.743, 101
Trd, 4319800.943, 93
Trd, 4319801.593, 131
Trd, 4319802.493, 137
Trd, 4319803.093, 131
Trd, 4319803.443, 127
Trd, 4319804.043, 130
Trd, 4319804.993, 124
Trd, 4319806.443, 130
Trd, 4319806.693, 125
Trd, 4319807.093, 126
Trd, 4319807.843, 82
Trd, 4319808.443, 133
Trd, 4319808.593, 114
Trd, 4319808.893, 91
Trd, 4319809.243, 133
Trd, 4319810.193, 101
Trd, 4319811.243, 98
Trd, 4319811.593, 103
Trd, 4319811.993, 127
Trd, 4319812.043, 84
Trd, 4319814.693, 129
Trd, 4319815.793, 117
Trd, 4319816.093, 114
Trd, 4319816.993, 136
Trd, 4319818.593, 107
Trd, 4319819.243, 131
Trd, 4319820.093, 102
Trd, 4319820.243, 101
Trd, 4319821.043, 117
Trd, 4319822.293, 92
Trd, 4319823.893, 86
Trd, 4319824.393, 71
Trd, 4319826.393, 128
Trd, 4319828.293, 127
Trd, 4319828.643, 140
Trd, 4319829.193, 117
Trd, 4319829.993, 108
Trd, 4319831.743, 134
Trd, 4319832.343, 128
Trd, 4319833.693, 130
Trd, 4319833.993, 124
Trd, 4319834.343, 117
Trd, 4319834.543, 93
Trd, 4319835.193, 116
Trd, 4319836.343, 119
Trd, 4319836.643, 110
Trd, 4319836.743, 92
Trd, 4319837.893, 87
Trd, 4319838.993, 136
Trd, 4319839.093, 138
Trd, 4319839.443, 132
Trd, 4319841.343, 127
Trd, 4319841.993, 103
Trd, 4319842.693, 137
Trd, 4319843.743, 133
Trd, 4319843.893, 131
Trd, 4319843.993, 126
Trd, 4319844.293, 95
Trd, 4319844.543, 102
Trd, 4319845.143, 131
Trd, 4319846.543, 123
Trd, 4319846.943, 109
Trd, 4319848.393, 123
Trd, 4319849.143, 109
Trd, 4319850.593, 122
Trd, 4319851.543, 124
Trd, 4319852.343, 132
Trd, 4319852.843, 126
Trd, 4319853.593, 125
Trd, 4319854.043, 121
Trd, 4319856.143, 120
Trd, 4319858.093, 123
Trd, 4319858.443, 115
Trd, 4319858.843, 134
Trd, 4319859.393, 122
Trd, 4319860.343, 131
Trd, 4319860.893, 87
Trd, 4319861.843, 135
Trd, 4319862.343, 134
Trd, 4319862.993, 132
Trd, 4319863.993, 127
Trd, 4319864.293, 113
Trd, 4319865.593, 123
Trd, 4319865.893, 122
Trd, 4319865.943, 101
Trd, 4319866.443, 119
Trd, 4319867.593, 128
Trd, 4319868.393, 106
Trd, 4319869.393, 97
Trd, 4319869.843, 94
Trd, 4319870.043, 88
Trd, 4319870.993, 106
Trd, 4319871.543, 115
Trd, 4319872.843, 128
Trd, 4319872.893, 112
Trd, 4319873.093, 114
Trd, 4319873.343, 65
Trd, 4319874.043, 120
Trd, 4319875.993, 90
Trd, 4319876.443, 88
Trd, 4319877.843, 102
Trd, 4319879.643, 126
Trd, 4319880.143, 118
Trd, 4319880.443, 100
Trd, 4319881.043, 85
Trd, 4319881.893, 137
Trd, 4319882.643, 90
Trd, 4319882.943, 137
Trd, 4319883.793, 138
Trd, 4319886.743, 122
Trd, 4319888.193, 121
Trd, 4319889.093, 125
Trd, 4319889.743, 135
Trd, 4319890.093, 122
Trd, 4319890.193, 116
Trd, 4319890.543, 111
Trd, 4319890.593, 100
Trd, 4319891.143, 93
Trd, 4319892.093, 140
Trd, 4319893.043, 114
Trd, 4319893.543, 128
Trd, 4319893.843, 101
Trd, 4319894.043, 95
Trd, 4319895.093, 128
Trd, 4319895.843, 79
Trd, 4319897.093, 120
Trd, 4319897.493, 134
Trd, 4319899.593, 121
Trd, 4319900.393, 136
Trd, 4319902.293, 126
Trd, 4319903.293, 129
Trd, 4319904.043, 134
Trd, 4319905.443, 134
Trd, 4319905.493, 114
Trd, 4319905.643, 105
Trd, 4319906.343, 126
Trd, 4319906.493, 100
Trd, 4319907.593, 80
Trd, 4319907.893, 90
Trd, 4319909.443, 139
Trd, 4319911.943, 140
Trd, 4319912.493, 104
Trd, 4319912.693, 93
Trd, 4319913.193, 89
Trd, 4319913.243, 106
Trd, 4319913.443, 112
Trd, 4319914.443, 98
Trd, 4319914.593, 136
Trd, 4319916.493, 132
Trd, 4319917.243, 127
Trd, 4319917.893, 117
Trd, 4319918.193, 104
Trd, 4319918.293, 99
Trd, 4319919.793, 102
Trd, 4319921.443, 103
Trd, 4319921.593, 72
Trd, 4319922.043, 106
Trd, 4319923.543, 126
Trd, 4319924.543, 89
Trd, 4319926.593, 140
Trd, 4319926.643, 123
Trd, 4319927.043, 115
Trd, 4319928.093, 102
Trd, 4319930.093, 89
Trd, 4319931.493, 135
Trd, 4319932.193, 138
Trd, 4319932.343, 115
Trd, 4319933.743, 121
Trd, 4319933.993, 73
Trd, 4319935.093, 125
Trd, 4319935.843, 102
Trd, 4319935.943, 100
Trd, 4319937.393, 97
Trd, 4319938.793, 100
Trd, 4319939.143, 127
Trd, 4319939.393, 137
Trd, 4319939.493, 117
Trd, 4319940.143, 106
Trd, 4319942.543, 140
Trd, 4319944.893, 139
Trd, 4319945.393, 126
Trd, 4319945.943, 121
Trd, 4319946.093, 121
Trd, 4319946.193, 110
Trd, 4319946.943, 134
Trd, 4319948.143, 93
Trd, 4319948.643, 97
Trd, 4319950.343, 114
Trd, 4319950.393, 118
Trd, 4319950.993, 113
Trd, 4319951.243, 113
Trd, 4319952.893, 139
Trd, 4319953.393, 116
Trd, 4319955.793, 137
Trd, 4319955.993, 121
Trd, 4319956.993, 112
Trd, 4319957.643, 116
Trd, 4319957.993, 79
Trd, 4319959.343, 133
Trd, 4319959.693, 129
Trd, 4319960.343, 94
Trd, 4319961.493, 137
Trd, 4319962.493, 124
Trd, 4319963.043, 135
Trd, 4319963.943, 94
Trd, 4319965.843, 117
Trd, 4319965.993, 126
Trd, 4319966.943, 139
Trd, 4319969.593, 108
Trd, 4319969.643, 107
Trd, 4319970.193, 124
Trd, 4319970.443, 118
Trd, 4319970.593, 108
Trd, 4319970.943, 133
Trd, 4319971.893, 116
Trd, 4319971.943, 107
Trd, 4319972.693, 93
Trd, 4319973.143, 125
Trd, 4319973.643, 85
Trd, 4319973.893, 123
Trd, 4319974.243, 82
Trd, 4319974.893, 93
Trd, 4319975.893, 95
Trd, 4319976.293, 137
Trd, 4319977.843, 123
Trd, 4319979.493, 125
Trd, 4319979.793, 118
Trd, 4319980.043, 86
Trd, 4319980.393, 106
Trd, 4319980.943, 113
Trd, 4319981.993, 99
Trd, 4319983.093, 134
Trd, 4319983.393, 92
Trd, 4319983.593, 76
Trd, 4319985.343, 122
Trd, 4319985.643, 95
Trd, 4319986.043, 89
Trd, 4319986.843, 104
Trd, 4319987.343, 86
Trd, 4319989.543, 126
Trd, 4319990.293, 134
Trd, 4319990.343, 83
Trd, 4319990.843, 90
Trd, 4319991.543, 129
Trd, 4319992.493, 83
Trd, 4319993.093, 69
Trd, 4319994.543, 128
Trd, 4319994.893, 89
Trd, 4319995.743, 117
Trd, 4319995.993, 104
Trd, 4319997.743, 110
