Trd, 4318135.543, 140
Trd, 4318135.593, 140
Trd, 4318136.093, 140
Trd, 4318136.243, 140
Trd, 4318136.343, 139
Trd, 4318136.993, 139
Trd, 4318137.693, 138
Trd, 4318138.093, 139
Trd, 4318138.343, 138
Trd, 4318139.193, 139
Trd, 4318139.543, 137
Trd, 4318140.343, 139
Trd, 4318141.143, 140
Trd, 4318141.193, 140
Trd, 4318142.143, 61
Trd, 4318144.843, 61
Trd, 4318144.943, 66
Trd, 4318145.793, 60
Trd, 4318147.993, 60
Trd, 4318148.193, 63
Trd, 4318148.343, 63
Trd, 4318149.043, 60
Trd, 4318149.943, 96
Trd, 4318150.393, 63
Trd, 4318151.293, 64
Trd, 4318151.393, 62
Trd, 4318151.693, 140
Trd, 4318152.143, 139
Trd, 4318153.143, 140
Trd, 4318153.343, 140
Trd, 4318153.393, 136
Trd, 4318155.343, 136
Trd, 4318155.793, 100
Trd, 4318156.843, 140
Trd, 4318157.843, 138
Trd, 4318158.043, 136
Trd, 4318158.093, 135
Trd, 4318158.643, 68
Trd, 4318158.943, 84
Trd, 4318159.943, 65
Trd, 4318159.993, 64
Trd, 4318160.443, 139
Trd, 4318160.993, 140
Trd, 4318162.343, 64
Trd, 4318162.543, 83
Trd, 4318162.593, 130
Trd, 4318164.243, 61
Trd, 4318167.393, 60
Trd, 4318167.443, 62
Trd, 4318168.793, 63
Trd, 4318169.293, 62
Trd, 4318169.893, 66
Trd, 4318170.193, 76
Trd, 4318170.243, 63
Trd, 4318170.643, 140
Trd, 4318170.843, 140
Trd, 4318171.843, 140
Trd, 4318172.093, 140
Trd, 4318172.693, 139
Trd, 4318172.793, 139
Trd, 4318174.193, 139
Trd, 4318174.693, 109
Trd, 4318177.093, 140
Trd, 4318177.443, 140
Trd, 4318177.843, 140
Trd, 4318178.943, 140
Trd, 4318179.643, 140
Trd, 4318179.793, 140
Trd, 4318180.093, 138
Trd, 4318180.393, 140
Trd, 4318180.643, 139
Trd, 4318181.093, 139
Trd, 4318182.693, 139
Trd, 4318182.943, 138
Trd, 4318182.993, 137
Trd, 4318184.393, 140
Trd, 4318184.843, 140
Trd, 4318185.093, 140
Trd, 4318185.493, 140
Trd, 4318185.943, 140
Trd, 4318186.343, 140
Trd, 4318186.693, 139
Trd, 4318187.293, 67
Trd, 4318188.343, 139
Trd, 4318189.293, 140
Trd, 4318190.343, 140
Trd, 4318190.543, 140
Trd, 4318191.593, 140
Trd, 4318192.093, 140
Trd, 4318192.193, 140
Trd, 4318192.793, 140
Trd, 4318193.143, 65
Trd, 4318193.943, 99
Trd, 4318193.993, 86
Trd, 4318194.543, 140
Trd, 4318195.693, 140
Trd, 4318195.843, 140
Trd, 4318196.043, 139
Trd, 4318197.893, 60
Trd, 4318198.243, 62
Trd, 4318199.043, 115
Trd, 4318199.193, 114
Trd, 4318200.793, 140
Trd, 4318201.143, 140
Trd, 4318201.643, 140
Trd, 4318201.693, 139
Trd, 4318202.593, 140
Trd, 4318202.743, 140
Trd, 4318203.193, 139
Trd, 4318204.643, 140
Trd, 4318204.993, 140
Trd, 4318205.493, 140
Trd, 4318205.593, 139
Trd, 4318206.893, 138
Trd, 4318207.393, 139
Trd, 4318207.443, 123
Trd, 4318207.793, 117
Trd, 4318209.043, 140
Trd, 4318209.743, 140
Trd, 4318209.793, 140
Trd, 4318211.393, 140
Trd, 4318212.643, 140
Trd, 4318213.493, 140
Trd, 4318213.643, 140
Trd, 4318214.493, 140
Trd, 4318215.043, 140
Trd, 4318215.443, 140
Trd, 4318215.543, 140
Trd, 4318216.543, 140
Trd, 4318216.943, 140
Trd, 4318216.993, 133
Trd, 4318217.993, 137
Trd, 4318219.693, 140
Trd, 4318220.243, 140
Trd, 4318220.343, 140
Trd, 4318221.043, 140
Trd, 4318221.143, 140
Trd, 4318221.193, 139
Trd, 4318222.143, 140
Trd, 4318222.693, 138
Trd, 4318223.593, 140
Trd, 4318224.593, 140
Trd, 4318224.643, 138
Trd, 4318225.193, 61
Trd, 4318226.243, 67
Trd, 4318226.443, 63
Trd, 4318227.543, 68
Trd, 4318228.543, 60
Trd, 4318228.993, 60
Trd, 4318229.743, 60
Trd, 4318231.393, 60
Trd, 4318231.843, 62
Trd, 4318232.993, 62
Trd, 4318233.493, 79
Trd, 4318233.893, 107
Trd, 4318235.593, 63
Trd, 4318237.793, 64
Trd, 4318237.893, 66
Trd, 4318237.943, 64
Trd, 4318238.843, 64
Trd, 4318239.193, 76
Trd, 4318239.493, 65
Trd, 4318239.893, 60
Trd, 4318240.493, 62
Trd, 4318241.593, 60
Trd, 4318243.043, 60
Trd, 4318243.843, 60
Trd, 4318245.143, 62
Trd, 4318248.343, 61
Trd, 4318248.393, 63
Trd, 4318248.843, 65
Trd, 4318249.543, 60
Trd, 4318250.143, 61
Trd, 4318250.593, 66
Trd, 4318250.893, 65
Trd, 4318251.443, 65
Trd, 4318252.893, 65
Trd, 4318253.243, 65
Trd, 4318253.743, 72
Trd, 4318254.493, 89
Trd, 4318254.943, 66
Trd, 4318255.493, 137
Trd, 4318256.843, 140
Trd, 4318257.743, 140
Trd, 4318257.893, 140
Trd, 4318259.093, 140
Trd, 4318259.593, 140
Trd, 4318259.693, 140
Trd, 4318259.743, 139
Trd, 4318260.643, 140
Trd, 4318260.743, 140
Trd, 4318261.543, 139
Trd, 4318261.693, 131
Trd, 4318262.743, 61
Trd, 4318265.643, 63
Trd, 4318265.893, 60
Trd, 4318266.393, 86
Trd, 4318266.993, 61
Trd, 4318267.693, 63
Trd, 4318268.593, 62
Trd, 4318268.943, 60
Trd, 4318269.193, 71
Trd, 4318270.443, 63
Trd, 4318270.693, 64
Trd, 4318271.093, 63
Trd, 4318271.293, 61
Trd, 4318271.693, 102
Trd, 4318271.943, 110
Trd, 4318272.843, 140
Trd, 4318273.043, 139
Trd, 4318274.143, 62
Trd, 4318277.443, 60
Trd, 4318277.743, 64
Trd, 4318278.593, 65
Trd, 4318279.543, 65
Trd, 4318280.543, 66
Trd, 4318280.743, 62
Trd, 4318281.193, 92
Trd, 4318281.593, 111
Trd, 4318281.743, 64
Trd, 4318282.193, 68
Trd, 4318282.643, 140
Trd, 4318283.143, 65
Trd, 4318283.993, 60
Trd, 4318284.443, 102
Trd, 4318286.593, 60
Trd, 4318286.693, 62
Trd, 4318287.093, 62
Trd, 4318287.893, 63
Trd, 4318289.243, 60
Trd, 4318290.443, 61
Trd, 4318291.743, 61
Trd, 4318291.943, 61
Trd, 4318291.993, 62
Trd, 4318292.343, 64
Trd, 4318292.793, 60
Trd, 4318293.343, 62
Trd, 4318293.543, 64
Trd, 4318294.343, 61
Trd, 4318294.993, 62
Trd, 4318295.243, 61
Trd, 4318296.393, 62
Trd, 4318297.093, 62
Trd, 4318297.193, 62
Trd, 4318297.693, 65
Trd, 4318297.993, 63
Trd, 4318299.093, 66
Trd, 4318299.343, 98
Trd, 4318299.443, 60
Trd, 4318300.493, 61
Trd, 4318301.743, 140
Trd, 4318301.893, 140
Trd, 4318302.793, 60
Trd, 4318303.493, 69
Trd, 4318305.393, 60
Trd, 4318305.543, 69
Trd, 4318307.343, 60
Trd, 4318307.993, 60
Trd, 4318309.093, 60
Trd, 4318309.443, 60
Trd, 4318310.093, 61
Trd, 4318310.593, 60
Trd, 4318310.843, 61
Trd, 4318310.943, 62
Trd, 4318311.843, 65
Trd, 4318312.143, 70
Trd, 4318312.743, 81
Trd, 4318312.843, 74
Trd, 4318314.243, 76
Trd, 4318314.293, 75
Trd, 4318314.693, 73
Trd, 4318316.343, 62
Trd, 4318316.843, 62
Trd, 4318316.993, 68
Trd, 4318318.243, 137
Trd, 4318318.393, 62
Trd, 4318319.893, 63
Trd, 4318320.443, 61
Trd, 4318323.943, 60
Trd, 4318324.043, 61
Trd, 4318324.343, 60
Trd, 4318324.493, 61
Trd, 4318326.843, 60
Trd, 4318326.943, 60
Trd, 4318326.993, 60
Trd, 4318327.693, 60
Trd, 4318328.593, 61
Trd, 4318328.793, 70
Trd, 4318329.143, 121
Trd, 4318330.393, 64
Trd, 4318330.443, 68
Trd, 4318330.743, 64
Trd, 4318331.543, 97
Trd, 4318331.593, 96
Trd, 4318333.593, 71
Trd, 4318333.893, 75
Trd, 4318334.143, 131
Trd, 4318334.243, 76
Trd, 4318334.793, 75
Trd, 4318335.943, 140
Trd, 4318336.793, 140
Trd, 4318336.993, 140
Trd, 4318338.593, 140
Trd, 4318338.643, 140
Trd, 4318339.293, 140
Trd, 4318341.443, 140
Trd, 4318343.143, 140
Trd, 4318343.343, 140
Trd, 4318343.443, 140
Trd, 4318343.493, 140
Trd, 4318344.043, 139
Trd, 4318344.843, 140
Trd, 4318345.693, 140
Trd, 4318346.243, 140
Trd, 4318346.543, 140
Trd, 4318346.743, 140
Trd, 4318347.043, 139
Trd, 4318347.243, 137
Trd, 4318348.093, 64
Trd, 4318349.193, 62
Trd, 4318350.443, 60
Trd, 4318351.643, 60
Trd, 4318352.043, 61
Trd, 4318352.943, 60
Trd, 4318355.093, 60
Trd, 4318355.543, 61
Trd, 4318356.043, 64
Trd, 4318356.593, 62
Trd, 4318357.293, 63
Trd, 4318357.593, 69
Trd, 4318357.693, 61
Trd, 4318357.793, 75
Trd, 4318358.443, 140
Trd, 4318360.693, 60
Trd, 4318360.743, 65
Trd, 4318361.893, 63
Trd, 4318362.143, 62
Trd, 4318362.243, 65
Trd, 4318363.693, 140
Trd, 4318363.893, 140
Trd, 4318364.093, 140
Trd, 4318364.843, 140
Trd, 4318365.543, 138
Trd, 4318366.393, 60
Trd, 4318366.843, 84
Trd, 4318367.393, 61
Trd, 4318367.943, 101
Trd, 4318368.043, 86
Trd, 4318369.043, 61
Trd, 4318373.843, 60
Trd, 4318373.993, 61
Trd, 4318374.043, 61
Trd, 4318374.093, 63
Trd, 4318374.893, 63
Trd, 4318375.443, 63
Trd, 4318375.693, 62
Trd, 4318376.693, 61
Trd, 4318377.793, 64
Trd, 4318377.843, 63
Trd, 4318378.093, 66
Trd, 4318378.593, 65
Trd, 4318380.193, 66
Trd, 4318380.343, 71
Trd, 4318381.993, 62
Trd, 4318382.593, 62
Trd, 4318382.693, 63
Trd, 4318384.093, 63
Trd, 4318384.693, 64
Trd, 4318386.793, 60
Trd, 4318386.993, 67
Trd, 4318387.193, 61
Trd, 4318387.493, 61
Trd, 4318387.593, 99
Trd, 4318388.393, 130
Trd, 4318389.043, 65
Trd, 4318389.293, 138
Trd, 4318389.993, 67
Trd, 4318390.543, 68
Trd, 4318390.743, 139
Trd, 4318390.943, 68
Trd, 4318392.693, 60
Trd, 4318393.043, 69
Trd, 4318393.543, 63
Trd, 4318397.443, 60
Trd, 4318397.593, 61
Trd, 4318398.693, 60
Trd, 4318399.043, 61
Trd, 4318399.443, 112
Trd, 4318399.693, 120
Trd, 4318399.843, 67
Trd, 4318400.243, 140
Trd, 4318400.793, 140
Trd, 4318400.843, 140
Trd, 4318401.193, 140
Trd, 4318401.693, 140
Trd, 4318401.893, 140
Trd, 4318403.043, 140
Trd, 4318403.143, 140
Trd, 4318403.193, 67
Trd, 4318404.693, 140
Trd, 4318406.043, 140
Trd, 4318406.193, 139
Trd, 4318407.493, 61
Trd, 4318407.693, 64
Trd, 4318408.443, 139
Trd, 4318410.193, 60
Trd, 4318411.443, 60
Trd, 4318411.993, 60
Trd, 4318412.093, 64
Trd, 4318413.743, 61
Trd, 4318414.143, 60
Trd, 4318414.893, 60
Trd, 4318416.543, 60
Trd, 4318416.643, 61
Trd, 4318416.793, 60
Trd, 4318417.893, 61
Trd, 4318418.193, 61
Trd, 4318418.243, 62
Trd, 4318418.893, 62
Trd, 4318419.593, 63
Trd, 4318419.643, 64
Trd, 4318419.743, 121
Trd, 4318422.393, 72
Trd, 4318423.543, 61
Trd, 4318424.243, 61
Trd, 4318424.743, 62
Trd, 4318425.343, 65
Trd, 4318425.843, 70
Trd, 4318426.443, 140
Trd, 4318426.743, 72
Trd, 4318426.893, 129
Trd, 4318427.043, 116
Trd, 4318427.093, 69
Trd, 4318428.243, 62
Trd, 4318429.993, 64
Trd, 4318432.043, 61
Trd, 4318432.393, 62
Trd, 4318432.593, 70
Trd, 4318434.293, 62
Trd, 4318436.093, 63
Trd, 4318436.243, 69
Trd, 4318437.043, 61
Trd, 4318437.293, 62
Trd, 4318437.443, 69
Trd, 4318438.843, 67
Trd, 4318438.893, 66
Trd, 4318438.993, 66
Trd, 4318439.193, 134
Trd, 4318439.393, 65
Trd, 4318440.343, 71
Trd, 4318441.493, 140
Trd, 4318441.743, 140
Trd, 4318443.043, 140
Trd, 4318443.193, 138
Trd, 4318443.393, 132
Trd, 4318443.743, 140
Trd, 4318444.443, 139
Trd, 4318446.343, 61
Trd, 4318447.393, 63
Trd, 4318448.493, 60
Trd, 4318449.393, 60
Trd, 4318450.043, 64
Trd, 4318450.843, 60
Trd, 4318452.093, 61
Trd, 4318452.143, 118
Trd, 4318452.643, 64
Trd, 4318453.293, 65
Trd, 4318453.443, 62
Trd, 4318453.793, 62
Trd, 4318454.293, 64
Trd, 4318455.143, 66
Trd, 4318455.643, 66
Trd, 4318456.343, 79
Trd, 4318456.843, 68
Trd, 4318456.893, 131
Trd, 4318457.893, 137
Trd, 4318458.943, 140
Trd, 4318459.543, 140
Trd, 4318459.593, 140
Trd, 4318460.043, 140
Trd, 4318460.643, 140
Trd, 4318461.193, 140
Trd, 4318461.993, 140
Trd, 4318462.043, 140
Trd, 4318462.793, 139
Trd, 4318462.843, 130
Trd, 4318464.193, 139
Trd, 4318464.343, 140
Trd, 4318465.393, 64
Trd, 4318466.843, 140
Trd, 4318467.443, 140
Trd, 4318468.693, 140
Trd, 4318469.193, 140
Trd, 4318470.093, 140
Trd, 4318470.443, 140
Trd, 4318470.693, 140
Trd, 4318470.893, 140
Trd, 4318471.043, 140
Trd, 4318471.093, 140
Trd, 4318472.943, 140
Trd, 4318473.243, 138
Trd, 4318473.943, 138
Trd, 4318474.343, 121
Trd, 4318475.393, 138
Trd, 4318477.393, 140
Trd, 4318477.843, 140
Trd, 4318477.893, 139
Trd, 4318478.043, 89
Trd, 4318478.893, 137
Trd, 4318479.093, 93
Trd, 4318479.543, 95
Trd, 4318480.293, 140
Trd, 4318480.693, 140
Trd, 4318481.443, 140
Trd, 4318481.793, 140
Trd, 4318482.493, 112
Trd, 4318482.843, 111
Trd, 4318484.593, 61
Trd, 4318484.993, 61
Trd, 4318485.093, 116
Trd, 4318486.193, 61
Trd, 4318487.143, 84
Trd, 4318487.843, 60
Trd, 4318488.343, 60
Trd, 4318489.993, 60
Trd, 4318490.143, 62
Trd, 4318493.093, 61
Trd, 4318493.543, 74
Trd, 4318493.993, 62
Trd, 4318494.793, 71
Trd, 4318495.543, 62
Trd, 4318495.743, 64
Trd, 4318496.293, 67
Trd, 4318496.343, 105
Trd, 4318498.093, 140
Trd, 4318498.343, 140
Trd, 4318498.943, 140
Trd, 4318499.043, 140
Trd, 4318499.293, 140
Trd, 4318499.443, 129
Trd, 4318501.143, 68
Trd, 4318501.243, 104
Trd, 4318503.293, 60
Trd, 4318504.043, 60
Trd, 4318505.193, 60
Trd, 4318505.843, 60
Trd, 4318507.393, 60
Trd, 4318508.393, 60
Trd, 4318508.793, 61
Trd, 4318509.743, 67
Trd, 4318509.793, 65
Trd, 4318509.843, 72
Trd, 4318509.893, 63
Trd, 4318510.193, 63
Trd, 4318510.893, 124
Trd, 4318511.343, 64
Trd, 4318512.343, 65
Trd, 4318513.243, 115
Trd, 4318513.543, 114
Trd, 4318513.893, 66
Trd, 4318514.293, 63
Trd, 4318515.093, 140
Trd, 4318515.843, 140
Trd, 4318517.193, 140
Trd, 4318517.493, 140
Trd, 4318517.893, 140
Trd, 4318517.993, 140
Trd, 4318520.043, 140
Trd, 4318520.243, 140
Trd, 4318520.593, 140
Trd, 4318520.693, 140
Trd, 4318521.543, 140
Trd, 4318521.643, 140
Trd, 4318521.843, 138
Trd, 4318521.893, 114
Trd, 4318524.193, 67
Trd, 4318524.643, 66
Trd, 4318525.593, 82
Trd, 4318525.893, 140
Trd, 4318526.693, 140
Trd, 4318527.443, 140
Trd, 4318528.393, 140
Trd, 4318529.193, 140
Trd, 4318529.293, 140
Trd, 4318529.543, 140
Trd, 4318530.193, 140
Trd, 4318530.793, 140
Trd, 4318530.943, 138
Trd, 4318531.143, 139
Trd, 4318532.793, 138
Trd, 4318533.243, 139
Trd, 4318534.193, 140
Trd, 4318534.393, 140
Trd, 4318534.543, 140
Trd, 4318536.293, 61
Trd, 4318536.593, 61
Trd, 4318536.893, 62
Trd, 4318536.943, 66
Trd, 4318537.243, 63
Trd, 4318538.193, 60
Trd, 4318540.343, 60
Trd, 4318540.493, 121
Trd, 4318541.393, 60
Trd, 4318542.493, 60
Trd, 4318542.643, 62
Trd, 4318543.993, 61
Trd, 4318545.193, 61
Trd, 4318546.693, 64
Trd, 4318547.043, 64
Trd, 4318547.643, 64
Trd, 4318547.693, 65
Trd, 4318548.093, 65
Trd, 4318548.193, 64
Trd, 4318550.343, 62
Trd, 4318550.543, 69
Trd, 4318551.043, 64
Trd, 4318551.843, 63
Trd, 4318551.893, 116
Trd, 4318553.043, 65
Trd, 4318556.093, 60
Trd, 4318556.443, 61
Trd, 4318556.693, 62
Trd, 4318556.893, 62
Trd, 4318557.543, 60
Trd, 4318558.143, 65
Trd, 4318558.993, 67
Trd, 4318559.743, 140
Trd, 4318559.893, 140
Trd, 4318560.093, 84
Trd, 4318560.443, 140
Trd, 4318562.043, 140
Trd, 4318562.293, 140
Trd, 4318562.443, 140
Trd, 4318562.743, 140
Trd, 4318564.643, 140
Trd, 4318564.843, 140
Trd, 4318565.493, 140
Trd, 4318566.693, 140
Trd, 4318566.743, 140
Trd, 4318567.243, 140
Trd, 4318567.393, 140
Trd, 4318567.693, 140
Trd, 4318567.893, 140
Trd, 4318568.993, 140
Trd, 4318569.793, 140
Trd, 4318570.543, 140
Trd, 4318570.943, 140
Trd, 4318571.293, 140
Trd, 4318571.693, 140
Trd, 4318572.143, 140
Trd, 4318572.793, 140
Trd, 4318574.043, 140
Trd, 4318574.943, 140
Trd, 4318575.093, 140
Trd, 4318575.393, 140
Trd, 4318575.743, 72
Trd, 4318576.593, 62
Trd, 4318578.793, 62
Trd, 4318579.293, 66
Trd, 4318580.043, 139
Trd, 4318580.543, 67
Trd, 4318581.393, 60
Trd, 4318582.993, 65
Trd, 4318583.493, 61
Trd, 4318584.843, 64
Trd, 4318585.293, 64
Trd, 4318585.793, 60
Trd, 4318586.593, 63
Trd, 4318586.793, 64
Trd, 4318588.193, 63
Trd, 4318588.743, 61
Trd, 4318588.943, 61
Trd, 4318589.193, 63
Trd, 4318589.943, 138
Trd, 4318590.543, 63
Trd, 4318591.343, 63
Trd, 4318592.493, 60
Trd, 4318593.693, 60
Trd, 4318594.943, 62
Trd, 4318597.593, 60
Trd, 4318598.093, 61
Trd, 4318598.643, 62
Trd, 4318599.093, 62
Trd, 4318599.593, 63
Trd, 4318599.693, 73
Trd, 4318600.693, 92
Trd, 4318601.093, 67
Trd, 4318601.643, 67
Trd, 4318601.693, 66
Trd, 4318603.043, 140
Trd, 4318603.243, 140
Trd, 4318604.643, 140
Trd, 4318604.793, 140
Trd, 4318606.043, 140
Trd, 4318607.193, 140
Trd, 4318607.243, 140
Trd, 4318607.343, 140
Trd, 4318607.843, 140
Trd, 4318608.143, 140
Trd, 4318608.193, 139
Trd, 4318608.243, 139
Trd, 4318609.893, 67
Trd, 4318611.743, 60
Trd, 4318612.343, 60
Trd, 4318612.893, 62
Trd, 4318613.893, 62
Trd, 4318614.593, 60
Trd, 4318616.343, 63
Trd, 4318616.843, 63
Trd, 4318617.293, 61
Trd, 4318618.193, 61
Trd, 4318619.043, 61
Trd, 4318619.093, 61
Trd, 4318619.293, 61
Trd, 4318619.993, 60
Trd, 4318620.343, 60
Trd, 4318620.693, 76
Trd, 4318621.643, 76
Trd, 4318622.193, 138
Trd, 4318622.243, 137
Trd, 4318622.493, 136
Trd, 4318623.443, 133
Trd, 4318624.243, 140
Trd, 4318625.493, 140
Trd, 4318626.043, 140
Trd, 4318626.993, 140
Trd, 4318628.543, 140
Trd, 4318628.743, 140
Trd, 4318629.043, 140
Trd, 4318629.743, 140
Trd, 4318630.843, 140
Trd, 4318631.293, 140
Trd, 4318631.343, 140
Trd, 4318631.693, 139
Trd, 4318632.843, 138
Trd, 4318633.893, 60
Trd, 4318634.293, 67
Trd, 4318634.543, 74
Trd, 4318634.793, 136
Trd, 4318636.893, 139
Trd, 4318636.993, 140
Trd, 4318637.793, 140
Trd, 4318637.843, 139
Trd, 4318638.243, 139
Trd, 4318638.943, 137
Trd, 4318639.043, 136
Trd, 4318641.243, 140
Trd, 4318641.343, 139
Trd, 4318642.393, 140
Trd, 4318642.543, 140
Trd, 4318643.693, 140
Trd, 4318643.943, 140
Trd, 4318644.393, 140
Trd, 4318644.493, 137
Trd, 4318644.943, 134
Trd, 4318645.443, 133
Trd, 4318645.493, 132
Trd, 4318646.443, 65
Trd, 4318647.793, 140
Trd, 4318647.943, 140
Trd, 4318650.043, 140
Trd, 4318650.093, 138
Trd, 4318651.243, 60
Trd, 4318651.343, 67
Trd, 4318652.393, 60
Trd, 4318653.893, 62
Trd, 4318653.943, 63
Trd, 4318654.443, 61
Trd, 4318654.993, 116
Trd, 4318656.443, 74
Trd, 4318656.593, 73
Trd, 4318658.643, 140
Trd, 4318658.843, 140
Trd, 4318658.893, 140
Trd, 4318659.393, 140
Trd, 4318660.093, 140
Trd, 4318660.243, 137
Trd, 4318660.693, 111
Trd, 4318661.643, 117
Trd, 4318662.193, 113
Trd, 4318662.943, 140
Trd, 4318663.743, 140
Trd, 4318664.593, 139
Trd, 4318665.743, 140
Trd, 4318666.393, 140
Trd, 4318666.593, 140
Trd, 4318666.943, 140
Trd, 4318667.793, 139
Trd, 4318668.343, 140
Trd, 4318668.493, 140
Trd, 4318669.793, 140
Trd, 4318669.993, 140
Trd, 4318670.043, 140
Trd, 4318670.993, 139
Trd, 4318671.193, 138
Trd, 4318671.893, 94
Trd, 4318673.893, 60
Trd, 4318674.193, 63
Trd, 4318675.843, 60
Trd, 4318675.993, 61
Trd, 4318676.843, 67
Trd, 4318677.443, 62
Trd, 4318679.093, 69
Trd, 4318680.243, 60
Trd, 4318681.593, 60
Trd, 4318682.093, 60
Trd, 4318682.243, 61
Trd, 4318682.693, 62
Trd, 4318683.743, 63
Trd, 4318683.843, 62
Trd, 4318683.993, 68
Trd, 4318684.743, 98
Trd, 4318684.993, 140
Trd, 4318686.793, 103
Trd, 4318687.193, 105
Trd, 4318687.793, 105
Trd, 4318689.243, 138
Trd, 4318689.393, 137
Trd, 4318689.543, 140
Trd, 4318689.693, 115
Trd, 4318689.993, 104
Trd, 4318690.543, 65
Trd, 4318691.893, 140
Trd, 4318692.743, 140
Trd, 4318693.243, 140
Trd, 4318693.443, 140
Trd, 4318695.293, 140
Trd, 4318695.343, 140
Trd, 4318696.243, 140
Trd, 4318696.293, 140
Trd, 4318696.893, 140
Trd, 4318696.993, 140
Trd, 4318697.293, 122
Trd, 4318698.443, 139
Trd, 4318700.043, 101
Trd, 4318700.343, 134
Trd, 4318700.643, 102
Trd, 4318700.943, 101
Trd, 4318703.143, 140
Trd, 4318703.343, 140
Trd, 4318704.143, 140
Trd, 4318704.193, 138
Trd, 4318705.593, 140
Trd, 4318705.743, 140
Trd, 4318705.943, 139
Trd, 4318706.943, 140
Trd, 4318707.343, 140
Trd, 4318707.743, 140
Trd, 4318707.943, 110
Trd, 4318709.193, 138
Trd, 4318710.143, 137
Trd, 4318710.243, 74
Trd, 4318712.343, 140
Trd, 4318712.693, 140
Trd, 4318713.293, 140
Trd, 4318713.643, 140
Trd, 4318714.243, 140
Trd, 4318714.443, 140
Trd, 4318715.443, 138
Trd, 4318717.293, 140
Trd, 4318717.543, 140
Trd, 4318718.243, 140
Trd, 4318718.693, 140
Trd, 4318719.193, 140
Trd, 4318719.743, 140
Trd, 4318720.643, 140
Trd, 4318720.843, 140
Trd, 4318721.393, 140
Trd, 4318721.593, 140
Trd, 4318722.493, 140
Trd, 4318722.543, 140
Trd, 4318722.843, 139
Trd, 4318724.443, 140
Trd, 4318725.343, 140
Trd, 4318725.593, 140
Trd, 4318725.643, 139
Trd, 4318725.743, 139
Trd, 4318726.043, 136
Trd, 4318726.893, 139
Trd, 4318727.693, 140
Trd, 4318728.693, 140
Trd, 4318729.393, 140
Trd, 4318729.543, 139
Trd, 4318730.693, 140
Trd, 4318731.743, 140
Trd, 4318732.593, 140
Trd, 4318732.993, 140
Trd, 4318733.293, 140
Trd, 4318733.343, 140
Trd, 4318733.393, 140
Trd, 4318734.843, 64
Trd, 4318735.243, 63
Trd, 4318736.293, 60
Trd, 4318736.343, 93
Trd, 4318739.043, 63
Trd, 4318739.693, 68
Trd, 4318739.993, 71
Trd, 4318741.093, 60
Trd, 4318742.043, 60
Trd, 4318742.593, 61
Trd, 4318742.693, 62
Trd, 4318743.093, 64
Trd, 4318743.393, 61
Trd, 4318745.193, 60
Trd, 4318746.293, 63
Trd, 4318746.443, 65
Trd, 4318747.293, 61
Trd, 4318748.243, 61
Trd, 4318748.793, 87
Trd, 4318751.143, 60
Trd, 4318751.193, 60
Trd, 4318751.393, 61
Trd, 4318752.243, 105
Trd, 4318752.743, 71
Trd, 4318752.793, 67
Trd, 4318753.143, 61
Trd, 4318753.943, 140
Trd, 4318755.143, 67
Trd, 4318755.193, 66
Trd, 4318756.193, 78
Trd, 4318756.293, 67
Trd, 4318757.543, 71
Trd, 4318757.893, 70
Trd, 4318758.043, 70
Trd, 4318758.743, 140
Trd, 4318759.243, 140
Trd, 4318759.643, 140
Trd, 4318759.843, 140
Trd, 4318760.443, 140
Trd, 4318761.893, 140
Trd, 4318762.143, 140
Trd, 4318762.293, 136
Trd, 4318762.643, 71
Trd, 4318764.143, 137
Trd, 4318764.543, 136
Trd, 4318764.893, 135
Trd, 4318765.343, 140
Trd, 4318765.893, 140
Trd, 4318766.193, 140
Trd, 4318767.343, 140
Trd, 4318767.643, 140
Trd, 4318767.893, 139
Trd, 4318769.143, 140
Trd, 4318769.343, 140
Trd, 4318769.643, 140
Trd, 4318770.493, 140
Trd, 4318771.793, 140
Trd, 4318773.043, 140
Trd, 4318773.693, 140
Trd, 4318774.493, 140
Trd, 4318775.193, 140
Trd, 4318775.393, 140
Trd, 4318775.493, 104
Trd, 4318776.443, 60
Trd, 4318776.693, 60
Trd, 4318777.543, 139
Trd, 4318777.593, 137
Trd, 4318778.943, 139
Trd, 4318779.043, 140
Trd, 4318779.893, 112
Trd, 4318780.193, 110
Trd, 4318780.993, 140
Trd, 4318782.043, 140
Trd, 4318782.393, 140
Trd, 4318784.793, 140
Trd, 4318784.893, 140
Trd, 4318785.243, 140
Trd, 4318786.293, 140
Trd, 4318786.443, 140
Trd, 4318786.943, 140
Trd, 4318787.443, 137
Trd, 4318788.193, 61
Trd, 4318788.393, 61
Trd, 4318789.493, 61
Trd, 4318790.643, 62
Trd, 4318792.543, 60
Trd, 4318792.643, 60
Trd, 4318793.443, 63
Trd, 4318793.643, 124
Trd, 4318795.943, 60
Trd, 4318796.193, 60
Trd, 4318796.993, 60
Trd, 4318797.843, 61
Trd, 4318798.043, 60
Trd, 4318798.093, 61
Trd, 4318799.543, 61
Trd, 4318802.493, 63
Trd, 4318802.943, 63
Trd, 4318805.743, 60
Trd, 4318806.343, 60
Trd, 4318806.593, 78
Trd, 4318806.893, 121
Trd, 4318807.293, 140
Trd, 4318807.793, 140
Trd, 4318807.993, 140
Trd, 4318808.193, 140
Trd, 4318809.143, 140
Trd, 4318809.293, 140
Trd, 4318809.793, 140
Trd, 4318811.843, 140
Trd, 4318812.093, 140
Trd, 4318812.993, 140
Trd, 4318813.743, 140
Trd, 4318813.893, 140
Trd, 4318814.943, 140
Trd, 4318815.443, 140
Trd, 4318815.593, 140
Trd, 4318815.943, 140
Trd, 4318816.543, 139
Trd, 4318817.193, 140
Trd, 4318817.643, 140
Trd, 4318817.693, 139
Trd, 4318817.743, 129
Trd, 4318819.293, 138
Trd, 4318819.443, 139
Trd, 4318821.143, 140
Trd, 4318821.893, 140
Trd, 4318822.593, 140
Trd, 4318823.543, 140
Trd, 4318823.793, 140
Trd, 4318824.443, 140
Trd, 4318824.643, 140
Trd, 4318825.143, 63
Trd, 4318825.443, 140
Trd, 4318827.543, 63
Trd, 4318827.643, 70
Trd, 4318829.243, 63
Trd, 4318830.143, 60
Trd, 4318831.043, 60
Trd, 4318831.693, 61
Trd, 4318831.943, 64
Trd, 4318832.843, 61
Trd, 4318833.043, 76
Trd, 4318833.693, 64
Trd, 4318833.743, 63
Trd, 4318834.193, 72
Trd, 4318834.243, 116
Trd, 4318836.293, 64
Trd, 4318837.943, 61
Trd, 4318838.643, 60
Trd, 4318839.993, 60
Trd, 4318842.693, 60
Trd, 4318842.793, 61
Trd, 4318843.843, 62
Trd, 4318844.043, 63
Trd, 4318844.293, 67
Trd, 4318844.943, 62
Trd, 4318845.293, 140
Trd, 4318846.393, 66
Trd, 4318846.943, 65
Trd, 4318847.693, 61
Trd, 4318847.893, 69
Trd, 4318848.293, 94
Trd, 4318850.043, 62
Trd, 4318851.443, 60
Trd, 4318852.993, 60
Trd, 4318853.493, 61
Trd, 4318854.493, 61
Trd, 4318855.493, 60
Trd, 4318855.543, 60
Trd, 4318855.693, 61
Trd, 4318855.943, 62
Trd, 4318856.093, 63
Trd, 4318857.043, 82
Trd, 4318857.793, 72
Trd, 4318858.193, 62
Trd, 4318858.443, 62
Trd, 4318859.193, 64
Trd, 4318859.893, 71
Trd, 4318860.443, 61
Trd, 4318860.843, 62
Trd, 4318861.393, 63
Trd, 4318862.443, 62
Trd, 4318862.493, 68
Trd, 4318862.593, 119
Trd, 4318865.143, 62
Trd, 4318865.343, 60
Trd, 4318865.393, 64
Trd, 4318866.643, 62
Trd, 4318867.343, 63
Trd, 4318869.493, 62
Trd, 4318872.193, 60
Trd, 4318872.693, 61
Trd, 4318873.343, 60
Trd, 4318873.393, 62
Trd, 4318873.643, 61
Trd, 4318874.043, 62
Trd, 4318874.443, 62
Trd, 4318874.743, 61
Trd, 4318875.843, 61
Trd, 4318876.143, 61
Trd, 4318876.493, 67
Trd, 4318877.493, 69
Trd, 4318877.893, 69
Trd, 4318878.543, 70
Trd, 4318878.693, 69
Trd, 4318879.393, 61
Trd, 4318879.943, 73
Trd, 4318880.243, 89
Trd, 4318882.193, 64
Trd, 4318882.693, 66
Trd, 4318882.793, 70
Trd, 4318884.943, 63
Trd, 4318885.843, 61
Trd, 4318887.293, 62
Trd, 4318887.393, 61
Trd, 4318887.693, 63
Trd, 4318887.943, 66
Trd, 4318888.243, 68
Trd, 4318889.693, 67
Trd, 4318889.793, 135
Trd, 4318890.043, 140
Trd, 4318890.743, 73
Trd, 4318891.243, 73
Trd, 4318891.593, 139
Trd, 4318892.393, 74
Trd, 4318894.143, 95
Trd, 4318894.493, 95
Trd, 4318894.543, 94
Trd, 4318894.593, 80
Trd, 4318895.393, 138
Trd, 4318896.193, 67
Trd, 4318897.843, 62
Trd, 4318899.393, 62
Trd, 4318899.443, 66
Trd, 4318901.693, 62
Trd, 4318902.343, 65
Trd, 4318902.643, 64
Trd, 4318903.243, 68
Trd, 4318903.693, 62
Trd, 4318904.043, 63
Trd, 4318905.293, 65
Trd, 4318905.493, 80
Trd, 4318906.093, 111
Trd, 4318906.543, 66
Trd, 4318907.843, 68
Trd, 4318907.993, 67
Trd, 4318908.143, 66
Trd, 4318908.293, 140
Trd, 4318909.793, 140
Trd, 4318910.243, 140
Trd, 4318911.593, 140
Trd, 4318912.043, 78
Trd, 4318913.193, 64
Trd, 4318913.693, 63
Trd, 4318915.143, 60
Trd, 4318915.393, 60
Trd, 4318916.993, 61
Trd, 4318918.293, 60
Trd, 4318918.343, 61
Trd, 4318921.143, 60
Trd, 4318921.793, 60
Trd, 4318922.243, 60
Trd, 4318922.293, 62
Trd, 4318923.093, 61
Trd, 4318923.593, 61
Trd, 4318924.243, 76
Trd, 4318925.043, 70
Trd, 4318925.943, 140
Trd, 4318926.043, 140
Trd, 4318926.543, 140
Trd, 4318926.593, 140
Trd, 4318926.843, 140
Trd, 4318927.443, 140
Trd, 4318928.743, 140
Trd, 4318928.943, 140
Trd, 4318931.093, 140
Trd, 4318931.443, 140
Trd, 4318931.493, 140
Trd, 4318932.343, 140
Trd, 4318932.643, 140
Trd, 4318933.343, 140
Trd, 4318933.743, 140
Trd, 4318934.243, 140
Trd, 4318934.943, 140
Trd, 4318935.343, 140
Trd, 4318935.393, 137
Trd, 4318936.243, 140
Trd, 4318937.643, 140
Trd, 4318937.693, 140
Trd, 4318938.543, 138
Trd, 4318939.143, 140
Trd, 4318939.943, 140
Trd, 4318940.043, 140
Trd, 4318940.393, 136
Trd, 4318941.193, 140
Trd, 4318941.343, 140
Trd, 4318941.843, 139
Trd, 4318942.593, 68
Trd, 4318944.893, 138
Trd, 4318945.043, 138
Trd, 4318945.543, 139
Trd, 4318945.693, 138
Trd, 4318945.893, 137
Trd, 4318946.243, 140
Trd, 4318946.543, 140
Trd, 4318947.893, 60
Trd, 4318948.843, 138
Trd, 4318949.143, 98
Trd, 4318949.193, 68
Trd, 4318950.943, 60
Trd, 4318951.643, 66
Trd, 4318954.443, 60
Trd, 4318955.493, 60
Trd, 4318955.993, 60
Trd, 4318956.593, 62
Trd, 4318956.693, 62
Trd, 4318957.793, 60
Trd, 4318958.543, 60
Trd, 4318958.593, 65
Trd, 4318959.693, 62
Trd, 4318960.193, 62
Trd, 4318960.343, 63
Trd, 4318961.143, 60
Trd, 4318961.393, 74
Trd, 4318961.593, 60
Trd, 4318962.993, 140
Trd, 4318963.493, 140
Trd, 4318963.793, 140
Trd, 4318963.843, 140
Trd, 4318965.243, 140
Trd, 4318965.643, 140
Trd, 4318966.843, 140
Trd, 4318967.243, 137
Trd, 4318967.393, 139
Trd, 4318967.843, 66
Trd, 4318969.693, 61
Trd, 4318969.793, 61
Trd, 4318970.243, 61
Trd, 4318971.443, 61
Trd, 4318974.293, 60
Trd, 4318974.843, 60
Trd, 4318975.193, 61
Trd, 4318976.243, 60
Trd, 4318976.893, 60
Trd, 4318977.093, 60
Trd, 4318977.693, 61
Trd, 4318977.893, 61
Trd, 4318978.343, 62
Trd, 4318978.443, 65
Trd, 4318979.443, 70
Trd, 4318979.943, 67
Trd, 4318980.343, 66
Trd, 4318980.643, 60
Trd, 4318981.493, 134
Trd, 4318982.643, 64
Trd, 4318982.893, 65
Trd, 4318984.243, 61
Trd, 4318984.593, 60
Trd, 4318985.593, 64
Trd, 4318986.793, 62
Trd, 4318987.693, 61
Trd, 4318989.843, 60
Trd, 4318990.393, 60
Trd, 4318991.193, 60
Trd, 4318991.593, 62
Trd, 4318992.393, 61
Trd, 4318992.543, 60
Trd, 4318993.843, 68
Trd, 4318993.993, 64
Trd, 4318994.943, 67
Trd, 4318994.993, 66
Trd, 4318995.993, 63
Trd, 4318997.293, 63
Trd, 4318997.493, 64
Trd, 4318997.793, 80
Trd, 4318998.193, 64
Trd, 4318999.243, 63
Trd, 4318999.743, 64
Trd, 4319000.343, 64
Trd, 4319000.943, 69
Trd, 4319001.543, 139
Trd, 4319001.593, 131
Trd, 4319002.593, 60
Trd, 4319003.643, 61
Trd, 4319004.493, 61
Trd, 4319005.843, 60
Trd, 4319007.493, 60
Trd, 4319008.943, 60
Trd, 4319009.493, 71
Trd, 4319010.843, 60
Trd, 4319011.793, 62
Trd, 4319012.193, 61
Trd, 4319012.243, 62
Trd, 4319012.343, 70
Trd, 4319013.293, 60
Trd, 4319013.593, 60
Trd, 4319013.893, 62
Trd, 4319014.243, 60
Trd, 4319015.493, 103
Trd, 4319015.843, 140
Trd, 4319016.393, 139
Trd, 4319017.243, 140
Trd, 4319017.693, 140
Trd, 4319018.093, 140
Trd, 4319018.543, 67
Trd, 4319019.593, 62
Trd, 4319020.293, 64
Trd, 4319020.393, 121
Trd, 4319021.743, 71
Trd, 4319021.993, 68
Trd, 4319022.143, 67
Trd, 4319024.243, 63
Trd, 4319025.793, 63
Trd, 4319025.993, 63
Trd, 4319026.143, 64
Trd, 4319026.193, 81
Trd, 4319027.093, 60
Trd, 4319027.893, 69
Trd, 4319029.193, 64
Trd, 4319029.493, 60
Trd, 4319029.693, 61
Trd, 4319031.343, 61
Trd, 4319032.743, 60
Trd, 4319032.793, 61
Trd, 4319032.943, 66
Trd, 4319034.093, 140
Trd, 4319034.643, 67
Trd, 4319035.193, 67
Trd, 4319035.393, 70
Trd, 4319035.793, 68
Trd, 4319036.443, 60
Trd, 4319037.543, 67
Trd, 4319037.793, 116
Trd, 4319038.193, 61
Trd, 4319040.543, 61
Trd, 4319041.393, 60
Trd, 4319041.893, 66
Trd, 4319044.243, 60
Trd, 4319044.293, 61
Trd, 4319044.543, 61
Trd, 4319044.843, 65
Trd, 4319045.443, 67
Trd, 4319045.493, 66
Trd, 4319045.743, 74
Trd, 4319049.493, 60
Trd, 4319051.143, 61
Trd, 4319051.493, 62
Trd, 4319051.593, 62
Trd, 4319054.643, 60
Trd, 4319055.443, 60
Trd, 4319056.243, 61
Trd, 4319056.493, 61
Trd, 4319056.593, 87
Trd, 4319057.143, 66
Trd, 4319057.793, 62
Trd, 4319057.993, 63
Trd, 4319058.543, 64
Trd, 4319059.093, 61
Trd, 4319059.443, 61
Trd, 4319060.043, 63
Trd, 4319060.143, 126
Trd, 4319062.093, 140
Trd, 4319062.393, 139
Trd, 4319062.743, 140
Trd, 4319062.793, 73
Trd, 4319063.943, 63
Trd, 4319064.043, 70
Trd, 4319066.193, 60
Trd, 4319066.943, 60
Trd, 4319068.093, 60
Trd, 4319069.943, 63
Trd, 4319070.543, 68
Trd, 4319071.443, 65
Trd, 4319071.493, 68
Trd, 4319071.643, 65
Trd, 4319071.693, 64
Trd, 4319072.243, 64
Trd, 4319073.093, 65
Trd, 4319073.193, 67
Trd, 4319073.693, 66
Trd, 4319073.993, 62
Trd, 4319075.143, 63
Trd, 4319076.893, 140
Trd, 4319077.043, 140
Trd, 4319077.893, 140
Trd, 4319078.343, 140
Trd, 4319078.943, 140
Trd, 4319079.593, 138
Trd, 4319080.393, 140
Trd, 4319080.743, 139
Trd, 4319080.893, 137
Trd, 4319081.743, 140
Trd, 4319082.443, 140
Trd, 4319084.393, 140
Trd, 4319084.443, 140
Trd, 4319086.043, 140
Trd, 4319086.543, 140
Trd, 4319086.593, 140
Trd, 4319086.893, 140
Trd, 4319087.643, 140
Trd, 4319087.843, 139
Trd, 4319088.343, 140
Trd, 4319088.443, 139
Trd, 4319088.593, 66
Trd, 4319090.343, 61
Trd, 4319091.443, 60
Trd, 4319092.243, 63
Trd, 4319093.843, 63
Trd, 4319094.943, 60
Trd, 4319094.993, 122
Trd, 4319095.943, 61
Trd, 4319097.593, 61
Trd, 4319098.993, 61
Trd, 4319099.993, 62
Trd, 4319100.743, 65
Trd, 4319100.993, 64
Trd, 4319101.943, 68
Trd, 4319102.043, 67
Trd, 4319102.293, 77
Trd, 4319103.193, 66
Trd, 4319103.293, 65
Trd, 4319103.743, 66
Trd, 4319104.143, 63
Trd, 4319104.943, 62
Trd, 4319105.543, 128
Trd, 4319106.943, 74
Trd, 4319107.043, 60
Trd, 4319111.243, 61
Trd, 4319112.793, 60
Trd, 4319112.843, 62
Trd, 4319113.343, 62
Trd, 4319113.543, 60
Trd, 4319113.943, 63
Trd, 4319114.193, 62
Trd, 4319114.893, 65
Trd, 4319114.993, 63
Trd, 4319116.193, 63
Trd, 4319116.243, 61
Trd, 4319116.443, 61
Trd, 4319116.893, 65
Trd, 4319118.593, 140
Trd, 4319118.943, 138
Trd, 4319119.893, 140
Trd, 4319120.143, 137
Trd, 4319120.393, 72
Trd, 4319121.493, 60
Trd, 4319122.843, 64
Trd, 4319123.043, 63
Trd, 4319125.093, 61
Trd, 4319125.143, 62
Trd, 4319128.193, 62
Trd, 4319128.593, 61
Trd, 4319129.543, 60
Trd, 4319129.943, 61
Trd, 4319130.893, 61
Trd, 4319131.243, 61
Trd, 4319131.993, 63
Trd, 4319132.343, 64
Trd, 4319132.443, 72
Trd, 4319132.743, 66
Trd, 4319132.793, 68
Trd, 4319133.193, 66
Trd, 4319134.243, 60
Trd, 4319135.143, 76
Trd, 4319136.643, 62
Trd, 4319137.043, 64
Trd, 4319138.743, 64
Trd, 4319139.293, 63
Trd, 4319140.343, 60
Trd, 4319142.193, 60
Trd, 4319142.493, 61
Trd, 4319143.793, 63
Trd, 4319144.143, 64
Trd, 4319144.293, 65
Trd, 4319144.993, 64
Trd, 4319145.243, 61
Trd, 4319145.343, 60
Trd, 4319145.793, 67
Trd, 4319147.043, 60
Trd, 4319147.143, 60
Trd, 4319147.343, 61
Trd, 4319148.493, 140
Trd, 4319149.593, 140
Trd, 4319150.193, 140
Trd, 4319150.343, 140
Trd, 4319150.693, 139
Trd, 4319150.793, 137
Trd, 4319151.693, 61
Trd, 4319153.243, 73
Trd, 4319153.693, 95
Trd, 4319154.643, 60
Trd, 4319155.593, 68
Trd, 4319156.893, 61
Trd, 4319157.743, 63
Trd, 4319158.993, 60
Trd, 4319159.493, 61
Trd, 4319159.643, 61
Trd, 4319159.843, 72
Trd, 4319161.243, 100
Trd, 4319161.643, 140
Trd, 4319162.643, 67
Trd, 4319162.943, 67
Trd, 4319162.993, 66
Trd, 4319164.293, 114
Trd, 4319164.493, 113
Trd, 4319166.143, 62
Trd, 4319166.693, 64
Trd, 4319167.493, 60
Trd, 4319168.293, 60
Trd, 4319169.893, 60
Trd, 4319169.993, 60
Trd, 4319171.193, 61
Trd, 4319172.643, 63
Trd, 4319172.893, 67
Trd, 4319173.343, 140
Trd, 4319173.843, 100
Trd, 4319174.443, 140
Trd, 4319174.493, 74
Trd, 4319174.643, 72
Trd, 4319176.493, 74
Trd, 4319176.943, 62
Trd, 4319177.393, 63
Trd, 4319177.843, 78
Trd, 4319178.843, 138
Trd, 4319179.193, 138
Trd, 4319179.293, 137
Trd, 4319180.993, 71
Trd, 4319182.293, 61
Trd, 4319182.793, 61
Trd, 4319182.943, 61
Trd, 4319184.193, 65
Trd, 4319187.293, 62
Trd, 4319187.993, 62
Trd, 4319188.243, 60
Trd, 4319188.343, 62
Trd, 4319188.443, 60
Trd, 4319188.793, 65
Trd, 4319189.193, 67
Trd, 4319189.943, 62
Trd, 4319190.793, 65
Trd, 4319191.793, 125
Trd, 4319191.943, 124
Trd, 4319192.243, 60
Trd, 4319193.393, 74
Trd, 4319193.693, 115
Trd, 4319194.643, 75
Trd, 4319195.043, 64
Trd, 4319196.143, 89
Trd, 4319198.043, 73
Trd, 4319198.743, 63
Trd, 4319199.593, 62
Trd, 4319200.143, 61
Trd, 4319200.343, 65
Trd, 4319200.893, 63
Trd, 4319201.893, 65
Trd, 4319202.143, 81
Trd, 4319203.643, 140
Trd, 4319203.843, 140
Trd, 4319204.143, 140
Trd, 4319204.693, 140
Trd, 4319204.943, 140
Trd, 4319205.043, 140
Trd, 4319206.293, 61
Trd, 4319206.893, 61
Trd, 4319206.943, 92
Trd, 4319207.243, 116
Trd, 4319208.343, 111
Trd, 4319208.793, 112
Trd, 4319208.843, 111
Trd, 4319208.943, 108
Trd, 4319210.043, 140
Trd, 4319210.393, 139
Trd, 4319210.493, 138
Trd, 4319211.093, 140
Trd, 4319211.143, 140
Trd, 4319212.243, 140
Trd, 4319214.043, 60
Trd, 4319214.943, 68
Trd, 4319215.593, 124
Trd, 4319215.693, 123
Trd, 4319215.843, 140
Trd, 4319217.643, 60
Trd, 4319217.893, 60
Trd, 4319218.593, 62
Trd, 4319220.793, 60
Trd, 4319221.193, 60
Trd, 4319222.543, 60
Trd, 4319223.043, 60
Trd, 4319223.393, 60
Trd, 4319224.243, 140
Trd, 4319224.543, 140
Trd, 4319226.243, 140
Trd, 4319226.643, 140
Trd, 4319226.743, 140
Trd, 4319227.293, 138
Trd, 4319227.943, 129
Trd, 4319229.293, 140
Trd, 4319230.043, 140
Trd, 4319230.093, 140
Trd, 4319230.443, 140
Trd, 4319230.693, 140
Trd, 4319231.493, 140
Trd, 4319232.193, 140
Trd, 4319232.643, 140
Trd, 4319232.843, 140
Trd, 4319233.293, 140
Trd, 4319233.793, 139
Trd, 4319234.543, 133
Trd, 4319235.143, 140
Trd, 4319235.793, 140
Trd, 4319237.343, 139
Trd, 4319237.693, 140
Trd, 4319238.893, 139
Trd, 4319239.793, 140
Trd, 4319239.893, 140
Trd, 4319239.993, 140
Trd, 4319240.343, 139
Trd, 4319241.443, 140
Trd, 4319241.843, 140
Trd, 4319242.643, 140
Trd, 4319242.893, 140
Trd, 4319243.193, 137
Trd, 4319243.843, 127
Trd, 4319244.343, 105
Trd, 4319244.743, 62
Trd, 4319244.993, 62
Trd, 4319246.543, 62
Trd, 4319246.593, 62
Trd, 4319249.193, 62
Trd, 4319249.243, 62
Trd, 4319249.693, 63
Trd, 4319252.193, 60
Trd, 4319253.443, 61
Trd, 4319253.793, 62
Trd, 4319253.943, 64
Trd, 4319254.443, 65
Trd, 4319255.243, 80
Trd, 4319255.393, 69
Trd, 4319255.893, 68
Trd, 4319255.993, 67
Trd, 4319256.193, 80
Trd, 4319257.593, 140
Trd, 4319258.093, 140
Trd, 4319258.443, 140
Trd, 4319258.543, 139
Trd, 4319258.893, 68
Trd, 4319259.543, 61
Trd, 4319260.643, 140
Trd, 4319262.043, 60
Trd, 4319263.443, 62
Trd, 4319264.293, 64
Trd, 4319264.493, 64
Trd, 4319264.693, 60
Trd, 4319265.543, 65
Trd, 4319267.843, 61
Trd, 4319267.943, 67
Trd, 4319268.443, 71
Trd, 4319269.293, 60
Trd, 4319269.393, 62
Trd, 4319270.443, 61
Trd, 4319271.693, 66
Trd, 4319271.743, 67
Trd, 4319272.293, 77
Trd, 4319272.493, 106
Trd, 4319272.743, 71
Trd, 4319273.843, 140
Trd, 4319273.993, 139
Trd, 4319274.443, 136
Trd, 4319274.893, 71
Trd, 4319276.893, 140
Trd, 4319278.443, 60
Trd, 4319279.243, 60
Trd, 4319279.543, 61
Trd, 4319279.743, 62
Trd, 4319281.743, 62
Trd, 4319283.793, 61
Trd, 4319284.393, 60
Trd, 4319284.693, 61
Trd, 4319284.843, 65
Trd, 4319285.343, 140
Trd, 4319285.993, 140
Trd, 4319286.043, 140
Trd, 4319286.593, 62
Trd, 4319287.693, 128
Trd, 4319290.343, 60
Trd, 4319290.393, 61
Trd, 4319292.243, 62
Trd, 4319292.543, 62
Trd, 4319292.843, 62
Trd, 4319295.593, 61
Trd, 4319295.843, 60
Trd, 4319296.593, 62
Trd, 4319296.893, 63
Trd, 4319298.793, 60
Trd, 4319298.993, 61
Trd, 4319300.643, 62
Trd, 4319300.943, 68
Trd, 4319301.793, 67
Trd, 4319303.393, 62
Trd, 4319304.793, 61
Trd, 4319305.043, 60
Trd, 4319305.393, 60
Trd, 4319305.593, 63
Trd, 4319306.243, 63
Trd, 4319306.393, 66
Trd, 4319306.593, 64
Trd, 4319306.943, 65
Trd, 4319307.243, 65
Trd, 4319307.543, 124
Trd, 4319308.893, 66
Trd, 4319309.293, 67
Trd, 4319310.393, 60
Trd, 4319310.593, 63
Trd, 4319312.243, 80
Trd, 4319313.143, 65
Trd, 4319314.093, 61
Trd, 4319315.743, 63
Trd, 4319316.643, 63
Trd, 4319316.943, 67
Trd, 4319317.143, 60
Trd, 4319318.343, 62
Trd, 4319318.993, 60
Trd, 4319319.443, 64
Trd, 4319320.043, 61
Trd, 4319320.393, 60
Trd, 4319320.493, 60
Trd, 4319322.143, 62
Trd, 4319323.143, 62
Trd, 4319323.693, 60
Trd, 4319324.493, 68
Trd, 4319325.293, 64
Trd, 4319326.743, 61
Trd, 4319328.093, 61
Trd, 4319328.343, 67
Trd, 4319330.343, 61
Trd, 4319330.693, 61
Trd, 4319330.893, 60
Trd, 4319331.243, 63
Trd, 4319332.943, 60
Trd, 4319333.493, 61
Trd, 4319335.193, 63
Trd, 4319335.393, 63
Trd, 4319335.443, 62
Trd, 4319335.793, 62
Trd, 4319336.293, 63
Trd, 4319336.893, 62
Trd, 4319337.743, 140
Trd, 4319338.643, 140
Trd, 4319338.893, 140
Trd, 4319338.943, 140
Trd, 4319339.043, 139
Trd, 4319339.343, 140
Trd, 4319339.993, 65
Trd, 4319341.443, 140
Trd, 4319341.643, 140
Trd, 4319341.743, 140
Trd, 4319343.493, 140
Trd, 4319343.543, 140
Trd, 4319343.943, 140
Trd, 4319344.243, 137
Trd, 4319345.343, 140
Trd, 4319345.943, 140
Trd, 4319346.993, 140
Trd, 4319348.243, 140
Trd, 4319348.743, 140
Trd, 4319348.843, 140
Trd, 4319349.393, 140
Trd, 4319349.443, 140
Trd, 4319350.093, 140
Trd, 4319351.443, 140
Trd, 4319352.593, 140
Trd, 4319352.643, 140
Trd, 4319352.793, 136
Trd, 4319353.393, 140
Trd, 4319353.743, 135
Trd, 4319354.193, 140
Trd, 4319356.393, 64
Trd, 4319356.643, 76
Trd, 4319358.493, 63
Trd, 4319360.193, 62
Trd, 4319360.393, 61
Trd, 4319361.593, 61
Trd, 4319361.893, 61
Trd, 4319362.843, 61
Trd, 4319363.343, 60
Trd, 4319364.793, 60
Trd, 4319365.343, 65
Trd, 4319365.393, 66
Trd, 4319366.643, 60
Trd, 4319367.143, 61
Trd, 4319369.693, 60
Trd, 4319369.843, 61
Trd, 4319370.193, 60
Trd, 4319370.943, 68
Trd, 4319372.593, 60
Trd, 4319373.093, 60
Trd, 4319373.143, 60
Trd, 4319373.643, 61
Trd, 4319373.793, 62
Trd, 4319374.093, 65
Trd, 4319375.093, 68
Trd, 4319375.343, 62
Trd, 4319375.443, 60
Trd, 4319377.943, 61
Trd, 4319378.693, 60
Trd, 4319378.743, 64
Trd, 4319381.243, 61
Trd, 4319381.493, 63
Trd, 4319381.643, 63
Trd, 4319383.393, 60
Trd, 4319383.493, 64
Trd, 4319384.993, 60
Trd, 4319387.493, 60
Trd, 4319387.893, 61
Trd, 4319388.093, 62
Trd, 4319388.443, 64
Trd, 4319389.043, 61
Trd, 4319389.293, 61
Trd, 4319389.643, 61
Trd, 4319389.793, 71
Trd, 4319390.543, 63
Trd, 4319390.693, 65
Trd, 4319392.043, 140
Trd, 4319392.793, 140
Trd, 4319393.843, 140
Trd, 4319394.193, 140
Trd, 4319394.343, 140
Trd, 4319395.343, 140
Trd, 4319396.243, 140
Trd, 4319396.893, 140
Trd, 4319397.443, 140
Trd, 4319398.393, 140
Trd, 4319398.443, 140
Trd, 4319398.993, 140
Trd, 4319399.343, 139
Trd, 4319400.993, 140
Trd, 4319401.093, 139
Trd, 4319402.293, 140
Trd, 4319402.593, 139
Trd, 4319402.843, 77
Trd, 4319403.343, 60
Trd, 4319405.693, 60
Trd, 4319406.293, 60
Trd, 4319406.943, 61
Trd, 4319408.443, 60
Trd, 4319409.393, 60
Trd, 4319410.093, 62
Trd, 4319410.343, 67
Trd, 4319410.593, 110
Trd, 4319411.443, 70
Trd, 4319411.643, 131
Trd, 4319412.093, 71
Trd, 4319412.143, 70
Trd, 4319412.893, 72
Trd, 4319413.743, 116
Trd, 4319413.893, 69
Trd, 4319415.343, 140
Trd, 4319415.543, 140
Trd, 4319416.443, 138
Trd, 4319417.093, 140
Trd, 4319418.193, 140
Trd, 4319418.343, 138
Trd, 4319420.443, 60
Trd, 4319421.143, 60
Trd, 4319423.893, 60
Trd, 4319424.043, 60
Trd, 4319424.193, 62
Trd, 4319425.643, 62
Trd, 4319425.943, 64
Trd, 4319426.593, 62
Trd, 4319427.093, 98
Trd, 4319427.293, 63
Trd, 4319427.793, 60
Trd, 4319427.893, 140
Trd, 4319429.143, 60
Trd, 4319430.443, 64
Trd, 4319431.793, 60
Trd, 4319433.743, 61
Trd, 4319435.043, 61
Trd, 4319435.443, 62
Trd, 4319436.143, 61
Trd, 4319437.243, 64
Trd, 4319437.743, 61
Trd, 4319438.843, 61
Trd, 4319439.693, 62
Trd, 4319439.993, 61
Trd, 4319440.243, 64
Trd, 4319440.493, 62
Trd, 4319441.193, 64
Trd, 4319441.793, 63
Trd, 4319441.993, 114
Trd, 4319442.793, 126
Trd, 4319443.043, 101
Trd, 4319443.343, 63
Trd, 4319443.743, 140
Trd, 4319445.993, 63
Trd, 4319446.743, 60
Trd, 4319447.143, 69
Trd, 4319447.893, 60
Trd, 4319449.043, 62
Trd, 4319449.693, 61
Trd, 4319451.343, 60
Trd, 4319452.643, 60
Trd, 4319453.193, 61
Trd, 4319453.443, 63
Trd, 4319453.593, 60
Trd, 4319454.793, 60
Trd, 4319454.843, 66
Trd, 4319455.443, 66
Trd, 4319457.043, 63
Trd, 4319458.093, 60
Trd, 4319458.493, 62
Trd, 4319458.993, 65
Trd, 4319460.043, 60
Trd, 4319461.043, 63
Trd, 4319461.093, 65
Trd, 4319463.843, 63
Trd, 4319464.143, 65
Trd, 4319464.593, 65
Trd, 4319464.843, 66
Trd, 4319464.943, 65
Trd, 4319464.993, 63
Trd, 4319465.393, 64
Trd, 4319466.293, 62
Trd, 4319466.943, 60
Trd, 4319467.993, 60
Trd, 4319468.643, 60
Trd, 4319471.843, 60
Trd, 4319472.793, 60
Trd, 4319472.993, 61
Trd, 4319474.243, 67
Trd, 4319474.593, 68
Trd, 4319475.593, 72
Trd, 4319476.043, 79
Trd, 4319476.293, 85
Trd, 4319476.393, 74
Trd, 4319476.543, 71
Trd, 4319476.743, 71
Trd, 4319477.843, 140
Trd, 4319477.943, 135
Trd, 4319478.593, 71
Trd, 4319480.443, 60
Trd, 4319480.743, 60
Trd, 4319481.543, 128
Trd, 4319482.593, 61
Trd, 4319483.693, 66
Trd, 4319483.893, 67
Trd, 4319484.943, 140
Trd, 4319484.993, 140
Trd, 4319485.093, 140
Trd, 4319485.193, 140
Trd, 4319485.543, 140
Trd, 4319485.693, 140
Trd, 4319486.993, 60
Trd, 4319487.543, 60
Trd, 4319488.893, 66
Trd, 4319489.043, 71
Trd, 4319490.743, 60
Trd, 4319493.943, 60
Trd, 4319494.193, 60
Trd, 4319494.343, 64
Trd, 4319494.993, 61
Trd, 4319495.243, 62
Trd, 4319495.443, 62
Trd, 4319496.243, 61
Trd, 4319496.293, 69
Trd, 4319497.393, 93
Trd, 4319497.493, 63
Trd, 4319498.193, 140
Trd, 4319499.093, 140
Trd, 4319499.193, 140
Trd, 4319499.993, 140
Trd, 4319500.293, 140
Trd, 4319501.643, 135
Trd, 4319501.943, 135
Trd, 4319502.943, 137
Trd, 4319503.243, 125
Trd, 4319503.443, 124
Trd, 4319503.743, 65
Trd, 4319505.843, 140
Trd, 4319506.043, 140
Trd, 4319506.643, 140
Trd, 4319506.943, 140
Trd, 4319508.843, 140
Trd, 4319508.993, 140
Trd, 4319509.193, 140
Trd, 4319510.293, 140
Trd, 4319510.393, 140
Trd, 4319510.793, 140
Trd, 4319511.543, 140
Trd, 4319513.343, 140
Trd, 4319513.543, 140
Trd, 4319513.593, 140
Trd, 4319514.293, 140
Trd, 4319514.393, 139
Trd, 4319514.743, 140
Trd, 4319515.443, 139
Trd, 4319516.143, 140
Trd, 4319516.693, 136
Trd, 4319517.343, 140
Trd, 4319518.393, 138
Trd, 4319518.743, 83
Trd, 4319518.993, 137
Trd, 4319519.643, 60
Trd, 4319521.443, 62
Trd, 4319523.843, 60
Trd, 4319524.843, 60
Trd, 4319525.293, 60
Trd, 4319525.343, 61
Trd, 4319525.993, 61
Trd, 4319527.993, 63
Trd, 4319528.293, 61
Trd, 4319528.343, 62
Trd, 4319529.043, 61
Trd, 4319529.393, 61
Trd, 4319529.693, 67
Trd, 4319530.493, 79
Trd, 4319531.343, 61
Trd, 4319531.943, 61
Trd, 4319532.393, 61
Trd, 4319534.243, 60
Trd, 4319535.243, 61
Trd, 4319536.093, 60
Trd, 4319536.243, 66
Trd, 4319538.493, 60
Trd, 4319540.243, 61
Trd, 4319540.893, 61
Trd, 4319541.793, 60
Trd, 4319541.943, 60
Trd, 4319543.143, 61
Trd, 4319543.193, 62
Trd, 4319543.643, 62
Trd, 4319543.793, 64
Trd, 4319544.143, 65
Trd, 4319545.093, 63
Trd, 4319545.793, 62
Trd, 4319546.093, 65
Trd, 4319546.943, 60
Trd, 4319547.893, 60
Trd, 4319549.093, 63
Trd, 4319550.543, 60
Trd, 4319552.593, 60
Trd, 4319553.293, 60
Trd, 4319554.043, 61
Trd, 4319555.243, 60
Trd, 4319556.043, 60
Trd, 4319556.143, 61
Trd, 4319556.593, 61
Trd, 4319556.843, 65
Trd, 4319557.093, 66
Trd, 4319557.443, 65
Trd, 4319559.393, 61
Trd, 4319560.143, 63
Trd, 4319560.193, 71
Trd, 4319560.243, 113
Trd, 4319562.693, 60
Trd, 4319563.493, 60
Trd, 4319564.893, 60
Trd, 4319565.643, 60
Trd, 4319567.093, 60
Trd, 4319567.143, 60
Trd, 4319567.493, 63
Trd, 4319567.743, 61
Trd, 4319567.993, 60
Trd, 4319568.193, 65
Trd, 4319569.743, 65
Trd, 4319571.093, 64
Trd, 4319571.743, 140
Trd, 4319572.043, 140
Trd, 4319572.143, 139
Trd, 4319573.493, 62
Trd, 4319575.843, 61
Trd, 4319576.593, 61
Trd, 4319576.993, 62
Trd, 4319577.143, 67
Trd, 4319577.593, 62
Trd, 4319579.093, 61
Trd, 4319579.593, 61
Trd, 4319579.793, 62
Trd, 4319580.293, 63
Trd, 4319580.593, 60
Trd, 4319580.793, 61
Trd, 4319581.693, 62
Trd, 4319582.043, 64
Trd, 4319582.343, 69
Trd, 4319583.343, 63
Trd, 4319584.143, 127
Trd, 4319585.343, 69
Trd, 4319585.693, 66
Trd, 4319586.993, 140
Trd, 4319587.293, 140
Trd, 4319587.743, 140
Trd, 4319587.793, 140
Trd, 4319587.843, 137
Trd, 4319587.993, 140
Trd, 4319589.943, 61
Trd, 4319591.743, 61
Trd, 4319592.493, 61
Trd, 4319592.943, 62
Trd, 4319594.193, 61
Trd, 4319594.643, 64
Trd, 4319595.593, 61
Trd, 4319596.043, 72
Trd, 4319596.893, 60
Trd, 4319597.243, 61
Trd, 4319598.743, 118
Trd, 4319599.043, 75
Trd, 4319599.243, 71
Trd, 4319600.093, 139
Trd, 4319601.093, 139
Trd, 4319601.293, 138
Trd, 4319601.993, 82
Trd, 4319602.993, 86
Trd, 4319603.093, 138
Trd, 4319603.143, 85
Trd, 4319603.393, 65
Trd, 4319603.593, 77
Trd, 4319604.043, 120
Trd, 4319604.593, 60
Trd, 4319605.543, 138
Trd, 4319606.993, 60
Trd, 4319607.143, 65
Trd, 4319608.943, 61
Trd, 4319610.143, 105
Trd, 4319610.693, 98
Trd, 4319611.693, 140
Trd, 4319611.743, 140
Trd, 4319612.193, 140
Trd, 4319612.893, 140
Trd, 4319613.143, 140
Trd, 4319613.393, 139
Trd, 4319615.093, 60
Trd, 4319615.743, 62
Trd, 4319616.643, 62
Trd, 4319617.043, 139
Trd, 4319618.543, 60
Trd, 4319618.843, 61
Trd, 4319619.543, 60
Trd, 4319620.693, 127
Trd, 4319621.443, 65
Trd, 4319621.693, 72
Trd, 4319622.093, 68
Trd, 4319622.243, 123
Trd, 4319622.643, 67
Trd, 4319622.843, 66
Trd, 4319625.743, 60
Trd, 4319626.493, 60
Trd, 4319626.543, 62
Trd, 4319627.643, 60
Trd, 4319628.043, 62
Trd, 4319628.693, 60
Trd, 4319630.043, 63
Trd, 4319632.043, 60
Trd, 4319632.943, 60
Trd, 4319633.293, 60
Trd, 4319633.593, 62
Trd, 4319633.843, 62
Trd, 4319634.093, 61
Trd, 4319634.943, 81
Trd, 4319635.043, 62
Trd, 4319635.343, 140
Trd, 4319635.593, 140
Trd, 4319636.343, 62
Trd, 4319637.493, 140
Trd, 4319638.093, 140
Trd, 4319638.143, 140
Trd, 4319638.393, 139
Trd, 4319638.693, 137
Trd, 4319640.093, 61
Trd, 4319641.293, 61
Trd, 4319642.343, 68
Trd, 4319644.043, 63
Trd, 4319644.393, 64
Trd, 4319645.593, 61
Trd, 4319646.043, 60
Trd, 4319647.193, 61
Trd, 4319649.293, 63
Trd, 4319649.593, 64
Trd, 4319649.843, 65
Trd, 4319650.343, 68
Trd, 4319650.493, 65
Trd, 4319650.743, 64
Trd, 4319651.243, 62
Trd, 4319652.043, 63
Trd, 4319652.493, 60
Trd, 4319654.943, 60
Trd, 4319654.993, 63
Trd, 4319655.893, 61
Trd, 4319656.793, 61
Trd, 4319656.843, 62
Trd, 4319656.993, 63
Trd, 4319658.743, 60
Trd, 4319660.093, 63
Trd, 4319660.143, 63
Trd, 4319661.093, 62
Trd, 4319661.343, 62
Trd, 4319661.393, 61
Trd, 4319662.293, 66
Trd, 4319662.693, 67
Trd, 4319663.093, 67
Trd, 4319663.143, 66
Trd, 4319664.493, 63
Trd, 4319664.743, 62
Trd, 4319665.343, 70
Trd, 4319667.643, 63
Trd, 4319668.243, 60
Trd, 4319669.393, 60
Trd, 4319670.643, 61
Trd, 4319671.393, 61
Trd, 4319672.843, 60
Trd, 4319672.943, 60
Trd, 4319673.493, 63
Trd, 4319673.843, 61
Trd, 4319673.893, 65
Trd, 4319674.093, 67
Trd, 4319674.243, 67
Trd, 4319674.443, 87
Trd, 4319675.593, 66
Trd, 4319675.643, 64
Trd, 4319675.993, 62
Trd, 4319676.393, 65
Trd, 4319678.443, 63
Trd, 4319680.093, 61
Trd, 4319682.793, 63
Trd, 4319682.843, 66
Trd, 4319683.793, 60
Trd, 4319684.143, 60
Trd, 4319684.443, 60
Trd, 4319686.093, 65
Trd, 4319686.143, 77
Trd, 4319687.493, 113
Trd, 4319688.143, 65
Trd, 4319688.243, 64
Trd, 4319688.593, 63
Trd, 4319689.293, 140
Trd, 4319689.693, 63
Trd, 4319689.943, 64
Trd, 4319690.293, 70
Trd, 4319691.493, 140
Trd, 4319691.543, 140
Trd, 4319691.593, 140
Trd, 4319692.143, 62
Trd, 4319692.243, 72
Trd, 4319694.043, 62
Trd, 4319695.193, 60
Trd, 4319698.143, 62
Trd, 4319698.893, 65
Trd, 4319699.043, 67
Trd, 4319699.293, 71
Trd, 4319699.743, 140
Trd, 4319699.843, 139
Trd, 4319700.043, 139
Trd, 4319700.093, 138
Trd, 4319702.343, 140
Trd, 4319702.493, 140
Trd, 4319702.543, 140
Trd, 4319702.793, 140
Trd, 4319703.743, 139
Trd, 4319704.493, 137
Trd, 4319705.143, 91
Trd, 4319705.393, 89
Trd, 4319705.443, 88
Trd, 4319707.443, 140
Trd, 4319707.943, 140
Trd, 4319708.143, 140
Trd, 4319708.743, 140
Trd, 4319709.293, 140
Trd, 4319709.843, 140
Trd, 4319710.443, 140
Trd, 4319710.893, 140
Trd, 4319711.393, 138
Trd, 4319711.593, 138
Trd, 4319711.893, 137
Trd, 4319713.893, 140
Trd, 4319714.193, 140
Trd, 4319714.643, 139
Trd, 4319714.793, 139
Trd, 4319715.693, 63
Trd, 4319717.093, 65
Trd, 4319718.693, 66
Trd, 4319718.943, 71
Trd, 4319719.693, 62
Trd, 4319719.993, 66
Trd, 4319721.693, 62
Trd, 4319722.443, 60
Trd, 4319723.493, 60
Trd, 4319725.093, 62
Trd, 4319725.193, 64
Trd, 4319727.493, 61
Trd, 4319727.693, 61
Trd, 4319727.893, 65
Trd, 4319728.243, 90
Trd, 4319728.943, 65
Trd, 4319729.293, 64
Trd, 4319729.343, 63
Trd, 4319729.893, 66
Trd, 4319730.793, 64
Trd, 4319730.993, 62
Trd, 4319731.793, 63
Trd, 4319732.043, 60
Trd, 4319732.993, 122
Trd, 4319733.793, 140
Trd, 4319733.843, 139
Trd, 4319736.093, 60
Trd, 4319737.243, 62
Trd, 4319738.293, 63
Trd, 4319738.793, 62
Trd, 4319739.193, 61
Trd, 4319739.693, 61
Trd, 4319740.293, 60
Trd, 4319740.643, 63
Trd, 4319740.943, 60
Trd, 4319742.043, 65
Trd, 4319742.393, 62
Trd, 4319743.843, 62
Trd, 4319744.293, 68
Trd, 4319744.593, 102
Trd, 4319745.493, 62
Trd, 4319746.393, 63
Trd, 4319746.993, 64
Trd, 4319747.493, 60
Trd, 4319748.843, 62
Trd, 4319749.443, 63
Trd, 4319750.743, 63
Trd, 4319750.943, 63
Trd, 4319751.593, 69
Trd, 4319751.743, 70
Trd, 4319751.793, 68
Trd, 4319752.443, 140
Trd, 4319752.843, 140
Trd, 4319754.043, 140
Trd, 4319754.193, 140
Trd, 4319754.643, 139
Trd, 4319755.843, 140
Trd, 4319756.193, 140
Trd, 4319756.343, 140
Trd, 4319756.693, 135
Trd, 4319757.143, 75
Trd, 4319758.493, 140
Trd, 4319758.793, 139
Trd, 4319760.143, 74
Trd, 4319760.793, 64
Trd, 4319761.443, 61
Trd, 4319762.543, 140
Trd, 4319762.693, 140
Trd, 4319763.293, 140
Trd, 4319763.693, 140
Trd, 4319764.043, 140
Trd, 4319764.293, 140
Trd, 4319765.393, 140
Trd, 4319765.493, 140
Trd, 4319766.393, 140
Trd, 4319767.643, 140
Trd, 4319769.193, 140
Trd, 4319769.893, 140
Trd, 4319770.493, 140
Trd, 4319770.593, 139
Trd, 4319770.893, 139
Trd, 4319771.043, 140
Trd, 4319771.193, 121
Trd, 4319771.343, 135
Trd, 4319772.893, 140
Trd, 4319773.093, 140
Trd, 4319773.943, 140
Trd, 4319774.143, 140
Trd, 4319774.543, 140
Trd, 4319775.393, 140
Trd, 4319775.443, 139
Trd, 4319776.843, 69
Trd, 4319777.143, 100
Trd, 4319779.043, 60
Trd, 4319779.193, 61
Trd, 4319780.343, 60
Trd, 4319780.693, 67
Trd, 4319783.243, 61
Trd, 4319784.293, 60
Trd, 4319784.693, 60
Trd, 4319785.843, 79
Trd, 4319786.043, 117
Trd, 4319786.793, 120
Trd, 4319786.843, 119
Trd, 4319787.043, 119
Trd, 4319787.093, 118
Trd, 4319787.993, 140
Trd, 4319788.393, 119
Trd, 4319788.643, 118
Trd, 4319788.843, 117
Trd, 4319789.693, 139
Trd, 4319790.743, 140
Trd, 4319791.643, 127
Trd, 4319791.693, 126
Trd, 4319793.343, 65
Trd, 4319794.093, 140
Trd, 4319794.593, 140
Trd, 4319795.793, 140
Trd, 4319795.843, 139
Trd, 4319795.993, 138
Trd, 4319796.393, 134
Trd, 4319797.193, 140
Trd, 4319798.943, 140
Trd, 4319799.143, 140
Trd, 4319799.793, 68
Trd, 4319800.093, 139
Trd, 4319800.243, 139
Trd, 4319800.343, 67
Trd, 4319801.643, 139
Trd, 4319802.593, 66
Trd, 4319803.393, 69
Trd, 4319804.893, 63
Trd, 4319806.693, 63
Trd, 4319807.843, 61
Trd, 4319808.093, 63
Trd, 4319808.493, 63
Trd, 4319809.193, 61
Trd, 4319809.893, 61
Trd, 4319810.793, 75
Trd, 4319811.643, 69
Trd, 4319811.743, 67
Trd, 4319812.143, 70
Trd, 4319812.493, 70
Trd, 4319813.343, 69
Trd, 4319814.643, 140
Trd, 4319815.293, 140
Trd, 4319815.893, 140
Trd, 4319816.243, 140
Trd, 4319816.293, 140
Trd, 4319816.493, 65
Trd, 4319818.143, 60
Trd, 4319818.293, 70
Trd, 4319818.643, 69
Trd, 4319819.893, 64
Trd, 4319821.443, 61
Trd, 4319822.593, 61
Trd, 4319822.893, 65
Trd, 4319823.343, 63
Trd, 4319825.993, 63
Trd, 4319826.593, 63
Trd, 4319827.393, 62
Trd, 4319827.493, 75
Trd, 4319828.293, 66
Trd, 4319829.343, 69
Trd, 4319829.393, 68
Trd, 4319829.643, 62
Trd, 4319830.243, 65
Trd, 4319830.993, 60
Trd, 4319831.993, 65
Trd, 4319832.943, 65
Trd, 4319834.343, 61
Trd, 4319835.843, 60
Trd, 4319836.243, 60
Trd, 4319837.143, 60
Trd, 4319837.243, 68
Trd, 4319837.593, 61
Trd, 4319837.943, 60
Trd, 4319838.343, 65
Trd, 4319838.793, 64
Trd, 4319838.893, 128
Trd, 4319839.493, 66
Trd, 4319839.543, 67
Trd, 4319840.593, 67
Trd, 4319840.743, 139
Trd, 4319840.843, 67
Trd, 4319842.343, 69
Trd, 4319844.493, 62
Trd, 4319844.743, 60
Trd, 4319846.643, 60
Trd, 4319847.393, 61
Trd, 4319848.493, 61
Trd, 4319848.693, 60
Trd, 4319849.743, 64
Trd, 4319850.043, 61
Trd, 4319850.943, 63
Trd, 4319851.493, 66
Trd, 4319851.593, 63
Trd, 4319852.493, 60
Trd, 4319852.843, 63
Trd, 4319853.543, 61
Trd, 4319853.693, 63
Trd, 4319854.393, 64
Trd, 4319854.543, 61
Trd, 4319855.343, 61
Trd, 4319856.093, 75
Trd, 4319856.293, 119
Trd, 4319856.393, 129
Trd, 4319857.743, 65
Trd, 4319859.643, 60
Trd, 4319862.293, 60
Trd, 4319862.943, 61
Trd, 4319863.143, 62
Trd, 4319863.443, 63
Trd, 4319863.643, 65
Trd, 4319863.743, 66
Trd, 4319864.443, 67
Trd, 4319865.143, 68
Trd, 4319865.543, 66
Trd, 4319866.393, 108
Trd, 4319867.493, 74
Trd, 4319867.593, 73
Trd, 4319867.743, 72
Trd, 4319868.343, 139
Trd, 4319869.443, 60
Trd, 4319871.043, 61
Trd, 4319871.743, 64
Trd, 4319872.143, 61
Trd, 4319873.343, 61
Trd, 4319874.093, 63
Trd, 4319875.043, 68
Trd, 4319876.443, 60
Trd, 4319877.143, 69
Trd, 4319878.993, 62
Trd, 4319879.243, 63
Trd, 4319879.843, 62
Trd, 4319879.943, 61
Trd, 4319880.343, 62
Trd, 4319881.293, 66
Trd, 4319881.743, 66
Trd, 4319881.793, 64
Trd, 4319882.793, 139
Trd, 4319883.043, 67
Trd, 4319884.493, 72
Trd, 4319884.793, 139
Trd, 4319884.993, 72
Trd, 4319885.643, 73
Trd, 4319885.693, 70
Trd, 4319886.593, 60
Trd, 4319886.643, 61
Trd, 4319888.243, 140
Trd, 4319888.693, 140
Trd, 4319889.143, 140
Trd, 4319889.643, 140
Trd, 4319890.043, 140
Trd, 4319890.743, 140
Trd, 4319891.243, 140
Trd, 4319893.093, 140
Trd, 4319893.143, 140
Trd, 4319893.543, 140
Trd, 4319893.593, 139
Trd, 4319894.143, 79
Trd, 4319894.343, 140
Trd, 4319895.443, 64
Trd, 4319896.743, 140
Trd, 4319896.893, 140
Trd, 4319897.643, 140
Trd, 4319897.743, 140
Trd, 4319897.993, 139
Trd, 4319899.493, 140
Trd, 4319899.743, 140
Trd, 4319899.843, 140
Trd, 4319900.393, 140
Trd, 4319901.743, 140
Trd, 4319902.193, 140
Trd, 4319902.993, 140
Trd, 4319903.293, 140
Trd, 4319904.243, 140
Trd, 4319904.643, 140
Trd, 4319905.293, 139
Trd, 4319905.393, 139
Trd, 4319906.543, 112
Trd, 4319907.493, 140
Trd, 4319907.593, 140
Trd, 4319907.993, 113
Trd, 4319909.543, 140
Trd, 4319909.743, 140
Trd, 4319909.893, 140
Trd, 4319910.143, 140
Trd, 4319910.393, 140
Trd, 4319912.943, 140
Trd, 4319913.143, 140
Trd, 4319913.793, 140
Trd, 4319914.393, 140
Trd, 4319914.843, 140
Trd, 4319914.893, 140
Trd, 4319915.443, 140
Trd, 4319915.943, 139
Trd, 4319916.293, 139
Trd, 4319917.393, 140
Trd, 4319917.643, 137
Trd, 4319917.693, 137
Trd, 4319918.393, 115
Trd, 4319920.043, 140
Trd, 4319920.493, 140
Trd, 4319920.693, 140
Trd, 4319921.643, 140
Trd, 4319923.343, 140
Trd, 4319923.943, 140
Trd, 4319924.243, 140
Trd, 4319924.293, 140
Trd, 4319924.543, 140
Trd, 4319924.593, 139
Trd, 4319925.993, 60
Trd, 4319926.943, 61
Trd, 4319927.743, 61
Trd, 4319929.193, 60
Trd, 4319930.743, 61
Trd, 4319931.193, 62
Trd, 4319931.593, 61
Trd, 4319932.143, 63
Trd, 4319933.643, 60
Trd, 4319934.043, 61
Trd, 4319934.893, 63
Trd, 4319935.343, 63
Trd, 4319935.643, 66
Trd, 4319936.793, 72
Trd, 4319937.293, 140
Trd, 4319937.593, 70
Trd, 4319937.893, 69
Trd, 4319938.493, 140
Trd, 4319938.643, 140
Trd, 4319939.493, 138
Trd, 4319940.593, 139
Trd, 4319940.743, 138
Trd, 4319941.143, 139
Trd, 4319941.643, 139
Trd, 4319943.043, 140
Trd, 4319943.443, 140
Trd, 4319943.493, 137
Trd, 4319944.643, 140
Trd, 4319944.793, 139
Trd, 4319944.843, 138
Trd, 4319945.743, 96
Trd, 4319945.793, 100
Trd, 4319946.743, 140
Trd, 4319947.693, 60
Trd, 4319948.443, 63
Trd, 4319948.743, 62
Trd, 4319950.193, 70
Trd, 4319950.243, 67
Trd, 4319951.393, 76
Trd, 4319951.443, 74
Trd, 4319951.493, 67
Trd, 4319952.793, 62
Trd, 4319953.043, 60
Trd, 4319955.293, 60
Trd, 4319955.543, 60
Trd, 4319956.293, 60
Trd, 4319956.643, 91
Trd, 4319959.593, 60
Trd, 4319960.093, 66
Trd, 4319961.043, 60
Trd, 4319961.243, 60
Trd, 4319961.393, 61
Trd, 4319962.143, 61
Trd, 4319963.743, 61
Trd, 4319964.243, 60
Trd, 4319964.543, 61
Trd, 4319965.443, 64
Trd, 4319966.193, 71
Trd, 4319967.293, 64
Trd, 4319968.043, 62
Trd, 4319969.543, 61
Trd, 4319970.893, 61
Trd, 4319971.543, 62
Trd, 4319971.693, 62
Trd, 4319971.793, 60
Trd, 4319972.043, 63
Trd, 4319972.393, 61
Trd, 4319972.943, 79
Trd, 4319973.193, 116
Trd, 4319974.593, 74
Trd, 4319974.743, 65
Trd, 4319976.043, 63
Trd, 4319978.143, 60
Trd, 4319979.543, 60
Trd, 4319979.793, 60
Trd, 4319980.193, 61
Trd, 4319981.493, 60
Trd, 4319984.343, 60
Trd, 4319984.593, 60
Trd, 4319984.843, 61
Trd, 4319985.093, 61
Trd, 4319985.393, 61
Trd, 4319985.943, 65
Trd, 4319986.243, 64
Trd, 4319987.043, 63
Trd, 4319987.243, 73
Trd, 4319987.793, 63
Trd, 4319987.943, 66
Trd, 4319988.493, 63
Trd, 4319989.243, 60
Trd, 4319990.043, 61
Trd, 4319990.993, 127
Trd, 4319991.443, 140
Trd, 4319991.893, 140
Trd, 4319992.543, 140
Trd, 4319993.343, 140
Trd, 4319993.793, 139
Trd, 4319994.643, 139
Trd, 4319996.093, 140
Trd, 4319996.393, 140
Trd, 4319996.943, 119
Trd, 4319998.443, 140
Trd, 4319998.493, 140
Trd, 4319999.143, 140
Trd, 4319999.293, 140
Trd, 4319999.593, 140
