Trd, 4318121.643, 109
Trd, 4318122.293, 81
Trd, 4318122.743, 92
Trd, 4318124.443, 73
Trd, 4318125.443, 74
Trd, 4318126.643, 72
Trd, 4318127.143, 82
Trd, 4318127.393, 104
Trd, 4318127.443, 77
Trd, 4318127.793, 100
Trd, 4318128.043, 71
Trd, 4318128.843, 61
Trd, 4318130.893, 65
Trd, 4318131.443, 91
Trd, 4318132.093, 60
Trd, 4318133.093, 92
Trd, 4318133.243, 101
Trd, 4318134.243, 63
Trd, 4318134.743, 69
Trd, 4318134.893, 62
Trd, 4318135.443, 91
Trd, 4318135.843, 120
Trd, 4318138.443, 79
Trd, 4318138.743, 74
Trd, 4318140.293, 88
Trd, 4318140.493, 100
Trd, 4318140.593, 85
Trd, 4318140.893, 78
Trd, 4318141.043, 103
Trd, 4318142.543, 117
Trd, 4318142.743, 117
Trd, 4318143.393, 119
Trd, 4318143.943, 87
Trd, 4318143.993, 80
Trd, 4318145.243, 63
Trd, 4318146.943, 81
Trd, 4318147.593, 79
Trd, 4318147.943, 80
Trd, 4318149.093, 102
Trd, 4318150.293, 82
Trd, 4318150.343, 79
Trd, 4318151.093, 79
Trd, 4318152.843, 72
Trd, 4318153.693, 118
Trd, 4318153.793, 116
Trd, 4318154.143, 113
Trd, 4318154.743, 100
Trd, 4318154.893, 108
Trd, 4318156.993, 120
Trd, 4318158.293, 129
Trd, 4318158.693, 131
Trd, 4318159.043, 106
Trd, 4318159.443, 97
Trd, 4318159.843, 89
Trd, 4318160.193, 88
Trd, 4318162.043, 77
Trd, 4318162.343, 103
Trd, 4318162.443, 126
Trd, 4318164.543, 71
Trd, 4318165.143, 71
Trd, 4318167.143, 99
Trd, 4318167.243, 98
Trd, 4318168.293, 94
Trd, 4318168.543, 100
Trd, 4318169.043, 89
Trd, 4318169.493, 78
Trd, 4318169.993, 105
Trd, 4318170.343, 96
Trd, 4318170.693, 101
Trd, 4318171.493, 84
Trd, 4318172.193, 84
Trd, 4318173.043, 110
Trd, 4318173.543, 103
Trd, 4318173.843, 96
Trd, 4318176.193, 98
Trd, 4318176.343, 97
Trd, 4318176.443, 85
Trd, 4318176.543, 80
Trd, 4318177.493, 110
Trd, 4318178.243, 129
Trd, 4318178.443, 108
Trd, 4318178.993, 118
Trd, 4318180.193, 76
Trd, 4318180.493, 102
Trd, 4318181.793, 93
Trd, 4318182.893, 73
Trd, 4318185.243, 125
Trd, 4318185.443, 124
Trd, 4318185.643, 72
Trd, 4318186.943, 101
Trd, 4318188.243, 107
Trd, 4318188.643, 109
Trd, 4318189.043, 97
Trd, 4318189.093, 89
Trd, 4318190.743, 106
Trd, 4318191.443, 90
Trd, 4318191.993, 110
Trd, 4318192.043, 79
Trd, 4318192.893, 67
Trd, 4318193.593, 74
Trd, 4318195.843, 104
Trd, 4318196.743, 106
Trd, 4318197.043, 103
Trd, 4318197.143, 87
Trd, 4318197.293, 90
Trd, 4318198.393, 112
Trd, 4318198.793, 111
Trd, 4318200.093, 113
Trd, 4318200.443, 112
Trd, 4318200.693, 100
Trd, 4318201.843, 119
Trd, 4318202.093, 101
Trd, 4318202.293, 100
Trd, 4318203.943, 112
Trd, 4318204.693, 74
Trd, 4318204.743, 88
Trd, 4318205.543, 81
Trd, 4318205.993, 90
Trd, 4318206.043, 90
Trd, 4318207.043, 113
Trd, 4318208.043, 80
Trd, 4318208.743, 80
Trd, 4318208.893, 90
Trd, 4318209.393, 79
Trd, 4318211.443, 105
Trd, 4318213.343, 126
Trd, 4318214.493, 91
Trd, 4318215.093, 114
Trd, 4318216.543, 115
Trd, 4318216.643, 113
Trd, 4318217.043, 116
Trd, 4318217.343, 96
Trd, 4318217.743, 78
Trd, 4318218.543, 115
Trd, 4318219.243, 80
Trd, 4318219.543, 111
Trd, 4318220.593, 130
Trd, 4318221.193, 120
Trd, 4318221.543, 119
Trd, 4318221.843, 105
Trd, 4318224.493, 117
Trd, 4318224.843, 115
Trd, 4318224.893, 105
Trd, 4318225.043, 94
Trd, 4318225.443, 124
Trd, 4318226.293, 121
Trd, 4318226.993, 109
Trd, 4318227.793, 101
Trd, 4318228.043, 89
Trd, 4318228.543, 74
Trd, 4318228.643, 73
Trd, 4318230.343, 81
Trd, 4318230.543, 101
Trd, 4318230.593, 80
Trd, 4318230.893, 79
Trd, 4318233.593, 66
Trd, 4318234.393, 73
Trd, 4318235.143, 60
Trd, 4318235.593, 65
Trd, 4318235.643, 73
Trd, 4318237.593, 63
Trd, 4318237.993, 111
Trd, 4318238.493, 85
Trd, 4318239.493, 134
Trd, 4318239.643, 133
Trd, 4318240.243, 87
Trd, 4318241.193, 85
Trd, 4318241.543, 119
Trd, 4318242.993, 84
Trd, 4318243.293, 70
Trd, 4318243.743, 70
Trd, 4318244.843, 85
Trd, 4318245.443, 98
Trd, 4318246.443, 106
Trd, 4318247.143, 115
Trd, 4318247.693, 75
Trd, 4318247.843, 66
Trd, 4318248.093, 124
Trd, 4318248.643, 125
Trd, 4318248.843, 100
Trd, 4318249.643, 69
Trd, 4318250.043, 68
Trd, 4318251.043, 60
Trd, 4318252.193, 106
Trd, 4318252.443, 66
Trd, 4318253.543, 71
Trd, 4318254.143, 108
Trd, 4318255.193, 87
Trd, 4318255.493, 77
Trd, 4318255.593, 92
Trd, 4318255.893, 74
Trd, 4318258.493, 92
Trd, 4318259.143, 90
Trd, 4318259.593, 62
Trd, 4318260.393, 67
Trd, 4318261.093, 74
Trd, 4318261.843, 74
Trd, 4318262.343, 87
Trd, 4318262.743, 72
Trd, 4318262.843, 64
Trd, 4318263.643, 99
Trd, 4318263.743, 90
Trd, 4318264.543, 78
Trd, 4318264.643, 74
Trd, 4318265.393, 76
Trd, 4318266.843, 71
Trd, 4318267.243, 81
Trd, 4318267.443, 107
Trd, 4318269.493, 111
Trd, 4318269.893, 68
Trd, 4318271.793, 100
Trd, 4318273.243, 109
Trd, 4318274.193, 107
Trd, 4318274.293, 93
Trd, 4318274.443, 92
Trd, 4318276.843, 80
Trd, 4318277.343, 79
Trd, 4318277.443, 80
Trd, 4318277.893, 100
Trd, 4318278.093, 85
Trd, 4318278.893, 108
Trd, 4318280.093, 69
Trd, 4318280.893, 62
Trd, 4318281.343, 63
Trd, 4318281.493, 64
Trd, 4318282.743, 61
Trd, 4318283.943, 86
Trd, 4318284.543, 70
Trd, 4318286.893, 61
Trd, 4318286.993, 70
Trd, 4318288.093, 66
Trd, 4318288.943, 94
Trd, 4318289.393, 101
Trd, 4318290.093, 67
Trd, 4318290.193, 76
Trd, 4318290.593, 66
Trd, 4318290.693, 69
Trd, 4318291.193, 89
Trd, 4318294.243, 60
Trd, 4318294.543, 60
Trd, 4318295.193, 62
Trd, 4318295.743, 68
Trd, 4318296.093, 71
Trd, 4318296.943, 104
Trd, 4318297.343, 104
Trd, 4318297.793, 102
Trd, 4318298.143, 73
Trd, 4318300.593, 65
Trd, 4318301.343, 75
Trd, 4318301.993, 106
Trd, 4318302.193, 111
Trd, 4318302.593, 104
Trd, 4318302.693, 118
Trd, 4318302.793, 103
Trd, 4318302.943, 87
Trd, 4318303.743, 76
Trd, 4318305.693, 108
Trd, 4318306.093, 110
Trd, 4318306.693, 92
Trd, 4318307.443, 99
Trd, 4318307.793, 96
Trd, 4318307.843, 91
Trd, 4318308.743, 74
Trd, 4318309.343, 98
Trd, 4318309.893, 103
Trd, 4318310.993, 106
Trd, 4318311.393, 68
Trd, 4318312.443, 67
Trd, 4318313.343, 71
Trd, 4318314.143, 106
Trd, 4318314.193, 94
Trd, 4318314.643, 102
Trd, 4318315.343, 126
Trd, 4318316.043, 108
Trd, 4318316.593, 105
Trd, 4318317.143, 99
Trd, 4318317.243, 82
Trd, 4318317.493, 85
Trd, 4318317.793, 88
Trd, 4318318.293, 86
Trd, 4318318.893, 124
Trd, 4318320.143, 113
Trd, 4318321.143, 137
Trd, 4318322.393, 113
Trd, 4318323.243, 114
Trd, 4318324.093, 122
Trd, 4318324.193, 115
Trd, 4318324.343, 109
Trd, 4318324.693, 106
Trd, 4318325.143, 96
Trd, 4318326.043, 104
Trd, 4318327.243, 94
Trd, 4318328.143, 116
Trd, 4318329.343, 108
Trd, 4318331.593, 119
Trd, 4318332.143, 92
Trd, 4318332.193, 84
Trd, 4318333.193, 84
Trd, 4318333.243, 83
Trd, 4318333.993, 85
Trd, 4318334.293, 63
Trd, 4318334.393, 89
Trd, 4318335.043, 84
Trd, 4318335.193, 118
Trd, 4318337.193, 92
Trd, 4318337.393, 62
Trd, 4318338.543, 88
Trd, 4318338.893, 76
Trd, 4318339.293, 60
Trd, 4318339.393, 76
Trd, 4318341.243, 88
Trd, 4318341.593, 118
Trd, 4318342.593, 100
Trd, 4318342.743, 90
Trd, 4318343.893, 85
Trd, 4318344.143, 102
Trd, 4318344.843, 84
Trd, 4318345.143, 83
Trd, 4318346.693, 103
Trd, 4318347.293, 64
Trd, 4318347.943, 98
Trd, 4318348.243, 64
Trd, 4318349.693, 73
Trd, 4318350.193, 69
Trd, 4318350.743, 61
Trd, 4318351.943, 100
Trd, 4318351.993, 101
Trd, 4318352.293, 132
Trd, 4318352.443, 91
Trd, 4318353.143, 90
Trd, 4318354.193, 80
Trd, 4318354.593, 91
Trd, 4318354.893, 91
Trd, 4318355.693, 127
Trd, 4318357.093, 82
Trd, 4318357.143, 78
Trd, 4318359.343, 84
Trd, 4318360.693, 80
Trd, 4318360.993, 82
Trd, 4318361.643, 79
Trd, 4318362.193, 87
Trd, 4318362.443, 82
Trd, 4318362.743, 88
Trd, 4318363.943, 111
Trd, 4318365.543, 95
Trd, 4318365.843, 109
Trd, 4318366.393, 90
Trd, 4318366.543, 68
Trd, 4318367.743, 100
Trd, 4318369.593, 105
Trd, 4318369.893, 110
Trd, 4318369.943, 96
Trd, 4318370.043, 73
Trd, 4318370.493, 67
Trd, 4318371.943, 129
Trd, 4318372.293, 99
Trd, 4318372.593, 87
Trd, 4318374.543, 122
Trd, 4318374.693, 121
Trd, 4318374.993, 113
Trd, 4318375.293, 99
Trd, 4318376.043, 96
Trd, 4318376.243, 85
Trd, 4318376.643, 76
Trd, 4318378.343, 64
Trd, 4318378.943, 79
Trd, 4318379.043, 77
Trd, 4318380.593, 101
Trd, 4318381.743, 91
Trd, 4318382.143, 91
Trd, 4318382.243, 136
Trd, 4318382.743, 111
Trd, 4318384.343, 120
Trd, 4318384.543, 109
Trd, 4318384.993, 104
Trd, 4318386.093, 103
Trd, 4318387.293, 93
Trd, 4318388.093, 120
Trd, 4318388.693, 112
Trd, 4318389.493, 105
Trd, 4318389.743, 89
Trd, 4318389.993, 80
Trd, 4318390.593, 101
Trd, 4318390.793, 112
Trd, 4318391.443, 109
Trd, 4318392.493, 109
Trd, 4318392.793, 97
Trd, 4318392.943, 86
Trd, 4318396.943, 122
Trd, 4318397.693, 102
Trd, 4318397.993, 99
Trd, 4318398.293, 98
Trd, 4318399.043, 97
Trd, 4318399.093, 87
Trd, 4318400.143, 99
Trd, 4318400.743, 117
Trd, 4318401.043, 79
Trd, 4318401.243, 125
Trd, 4318402.343, 124
Trd, 4318402.743, 79
Trd, 4318403.243, 95
Trd, 4318404.193, 90
Trd, 4318404.643, 79
Trd, 4318405.093, 69
Trd, 4318405.943, 74
Trd, 4318407.493, 88
Trd, 4318407.643, 75
Trd, 4318407.693, 72
Trd, 4318408.993, 119
Trd, 4318409.943, 130
Trd, 4318410.493, 118
Trd, 4318410.793, 100
Trd, 4318413.243, 76
Trd, 4318413.743, 78
Trd, 4318413.943, 71
Trd, 4318414.143, 94
Trd, 4318415.643, 72
Trd, 4318416.193, 71
Trd, 4318416.943, 66
Trd, 4318417.793, 64
Trd, 4318418.593, 65
Trd, 4318419.193, 74
Trd, 4318419.543, 82
Trd, 4318420.193, 130
Trd, 4318420.493, 109
Trd, 4318421.543, 70
Trd, 4318421.693, 76
Trd, 4318423.193, 94
Trd, 4318423.493, 83
Trd, 4318424.143, 121
Trd, 4318424.543, 97
Trd, 4318424.843, 106
Trd, 4318425.243, 101
Trd, 4318425.943, 100
Trd, 4318427.043, 110
Trd, 4318429.393, 114
Trd, 4318429.893, 97
Trd, 4318429.943, 96
Trd, 4318430.293, 119
Trd, 4318430.893, 131
Trd, 4318432.093, 133
Trd, 4318432.193, 128
Trd, 4318432.293, 92
Trd, 4318433.793, 96
Trd, 4318434.393, 97
Trd, 4318435.293, 77
Trd, 4318435.493, 107
Trd, 4318437.993, 90
Trd, 4318439.293, 81
Trd, 4318439.493, 112
Trd, 4318439.893, 64
Trd, 4318440.493, 63
Trd, 4318443.593, 69
Trd, 4318443.843, 104
Trd, 4318444.093, 88
Trd, 4318444.443, 120
Trd, 4318445.693, 80
Trd, 4318447.043, 105
Trd, 4318447.343, 113
Trd, 4318448.393, 75
Trd, 4318448.993, 97
Trd, 4318449.593, 106
Trd, 4318449.893, 107
Trd, 4318450.743, 87
Trd, 4318451.143, 127
Trd, 4318452.193, 116
Trd, 4318453.943, 104
Trd, 4318454.393, 119
Trd, 4318454.943, 112
Trd, 4318454.993, 111
Trd, 4318455.843, 108
Trd, 4318455.993, 110
Trd, 4318456.143, 86
Trd, 4318457.143, 93
Trd, 4318457.893, 80
Trd, 4318458.143, 74
Trd, 4318458.893, 110
Trd, 4318458.993, 101
Trd, 4318460.243, 124
Trd, 4318460.293, 123
Trd, 4318460.343, 96
Trd, 4318460.843, 111
Trd, 4318463.093, 134
Trd, 4318463.293, 99
Trd, 4318463.693, 130
Trd, 4318464.193, 137
Trd, 4318465.693, 120
Trd, 4318466.093, 119
Trd, 4318466.643, 106
Trd, 4318467.143, 95
Trd, 4318468.643, 65
Trd, 4318469.443, 98
Trd, 4318469.893, 100
Trd, 4318471.543, 83
Trd, 4318471.593, 76
Trd, 4318471.843, 83
Trd, 4318472.893, 106
Trd, 4318473.293, 98
Trd, 4318473.993, 136
Trd, 4318474.293, 133
Trd, 4318475.793, 127
Trd, 4318476.093, 109
Trd, 4318477.293, 116
Trd, 4318477.543, 95
Trd, 4318478.043, 111
Trd, 4318478.493, 114
Trd, 4318478.843, 112
Trd, 4318479.943, 127
Trd, 4318480.493, 101
Trd, 4318481.493, 102
Trd, 4318481.943, 95
Trd, 4318482.343, 118
Trd, 4318483.443, 78
Trd, 4318483.643, 78
Trd, 4318484.843, 91
Trd, 4318485.393, 91
Trd, 4318485.943, 87
Trd, 4318486.793, 125
Trd, 4318486.943, 114
Trd, 4318487.843, 127
Trd, 4318488.093, 127
Trd, 4318489.543, 68
Trd, 4318489.593, 67
Trd, 4318490.093, 76
Trd, 4318490.593, 128
Trd, 4318491.243, 94
Trd, 4318491.643, 63
Trd, 4318493.243, 127
Trd, 4318493.743, 115
Trd, 4318494.343, 127
Trd, 4318494.643, 81
Trd, 4318495.593, 112
Trd, 4318497.443, 105
Trd, 4318497.493, 100
Trd, 4318497.743, 115
Trd, 4318498.693, 105
Trd, 4318499.793, 105
Trd, 4318500.393, 87
Trd, 4318500.993, 98
Trd, 4318501.493, 110
Trd, 4318502.043, 103
Trd, 4318503.543, 107
Trd, 4318504.343, 120
Trd, 4318504.393, 104
Trd, 4318505.843, 115
Trd, 4318506.593, 92
Trd, 4318507.543, 127
Trd, 4318507.843, 116
Trd, 4318507.943, 110
Trd, 4318508.443, 63
Trd, 4318509.043, 107
Trd, 4318509.393, 109
Trd, 4318511.393, 61
Trd, 4318512.243, 62
Trd, 4318512.743, 60
Trd, 4318513.743, 62
Trd, 4318514.493, 71
Trd, 4318515.093, 72
Trd, 4318515.693, 81
Trd, 4318515.843, 92
Trd, 4318516.493, 66
Trd, 4318518.793, 102
Trd, 4318519.243, 61
Trd, 4318521.943, 96
Trd, 4318522.543, 101
Trd, 4318522.793, 88
Trd, 4318523.043, 117
Trd, 4318524.193, 105
Trd, 4318524.393, 85
Trd, 4318524.993, 75
Trd, 4318526.893, 96
Trd, 4318527.593, 100
Trd, 4318528.393, 69
Trd, 4318528.643, 135
Trd, 4318529.993, 124
Trd, 4318530.543, 100
Trd, 4318530.993, 102
Trd, 4318531.943, 122
Trd, 4318532.543, 103
Trd, 4318532.643, 102
Trd, 4318533.843, 95
Trd, 4318533.943, 86
Trd, 4318534.293, 93
Trd, 4318534.493, 93
Trd, 4318534.793, 92
Trd, 4318536.493, 98
Trd, 4318536.793, 82
Trd, 4318538.093, 72
Trd, 4318539.443, 69
Trd, 4318540.043, 78
Trd, 4318541.343, 68
Trd, 4318541.443, 105
Trd, 4318542.143, 128
Trd, 4318542.293, 109
Trd, 4318542.593, 99
Trd, 4318542.793, 96
Trd, 4318543.593, 95
Trd, 4318544.693, 74
Trd, 4318545.593, 78
Trd, 4318546.043, 73
Trd, 4318546.693, 76
Trd, 4318546.793, 84
Trd, 4318548.143, 76
Trd, 4318548.543, 99
Trd, 4318549.193, 76
Trd, 4318549.993, 71
Trd, 4318550.143, 69
Trd, 4318550.393, 62
Trd, 4318550.543, 77
Trd, 4318552.543, 98
Trd, 4318552.743, 82
Trd, 4318552.793, 79
Trd, 4318553.493, 61
Trd, 4318554.893, 60
Trd, 4318554.943, 76
Trd, 4318556.193, 92
Trd, 4318556.693, 93
Trd, 4318557.143, 79
Trd, 4318557.743, 71
Trd, 4318559.593, 60
Trd, 4318559.643, 76
Trd, 4318560.843, 88
Trd, 4318560.943, 93
Trd, 4318561.293, 92
Trd, 4318563.143, 89
Trd, 4318563.293, 91
Trd, 4318563.943, 85
Trd, 4318564.643, 87
Trd, 4318564.693, 81
Trd, 4318565.493, 89
Trd, 4318565.943, 102
Trd, 4318566.643, 92
Trd, 4318567.043, 115
Trd, 4318567.443, 90
Trd, 4318568.343, 83
Trd, 4318569.743, 78
Trd, 4318569.943, 67
Trd, 4318571.393, 91
Trd, 4318572.243, 124
Trd, 4318572.343, 107
Trd, 4318572.793, 92
Trd, 4318573.943, 85
Trd, 4318574.543, 111
Trd, 4318575.893, 88
Trd, 4318576.593, 65
Trd, 4318577.993, 67
Trd, 4318578.693, 107
Trd, 4318579.093, 73
Trd, 4318579.143, 72
Trd, 4318579.943, 65
Trd, 4318580.543, 74
Trd, 4318580.843, 73
Trd, 4318581.693, 97
Trd, 4318582.343, 98
Trd, 4318582.643, 66
Trd, 4318583.893, 102
Trd, 4318584.043, 116
Trd, 4318585.193, 117
Trd, 4318586.243, 86
Trd, 4318586.593, 85
Trd, 4318586.843, 62
Trd, 4318587.543, 72
Trd, 4318588.393, 101
Trd, 4318589.793, 124
Trd, 4318589.843, 112
Trd, 4318590.293, 116
Trd, 4318590.993, 74
Trd, 4318592.793, 77
Trd, 4318594.543, 60
Trd, 4318594.643, 60
Trd, 4318595.743, 82
Trd, 4318596.243, 76
Trd, 4318597.043, 61
Trd, 4318597.493, 101
Trd, 4318597.543, 89
Trd, 4318598.193, 64
Trd, 4318598.943, 66
Trd, 4318598.993, 74
Trd, 4318599.843, 76
Trd, 4318601.743, 64
Trd, 4318601.893, 99
Trd, 4318602.243, 108
Trd, 4318602.493, 108
Trd, 4318603.843, 79
Trd, 4318603.943, 77
Trd, 4318604.593, 80
Trd, 4318604.943, 72
Trd, 4318606.443, 60
Trd, 4318607.293, 66
Trd, 4318608.093, 101
Trd, 4318609.043, 93
Trd, 4318609.143, 85
Trd, 4318611.293, 93
Trd, 4318611.693, 93
Trd, 4318612.043, 120
Trd, 4318612.093, 92
Trd, 4318614.343, 94
Trd, 4318615.743, 126
Trd, 4318615.843, 85
Trd, 4318616.743, 79
Trd, 4318616.943, 80
Trd, 4318617.893, 92
Trd, 4318618.593, 62
Trd, 4318619.143, 65
Trd, 4318619.893, 69
Trd, 4318621.643, 119
Trd, 4318621.693, 107
Trd, 4318624.143, 116
Trd, 4318624.243, 114
Trd, 4318624.293, 112
Trd, 4318624.443, 102
Trd, 4318624.543, 90
Trd, 4318626.493, 61
Trd, 4318626.593, 71
Trd, 4318627.143, 106
Trd, 4318628.493, 109
Trd, 4318628.593, 94
Trd, 4318629.543, 99
Trd, 4318630.093, 89
Trd, 4318630.343, 102
Trd, 4318632.343, 63
Trd, 4318632.793, 60
Trd, 4318633.943, 79
Trd, 4318634.743, 72
Trd, 4318634.893, 81
Trd, 4318635.243, 63
Trd, 4318637.443, 71
Trd, 4318637.693, 64
Trd, 4318638.593, 64
Trd, 4318638.993, 92
Trd, 4318640.093, 66
Trd, 4318642.093, 74
Trd, 4318643.793, 65
Trd, 4318644.343, 61
Trd, 4318645.093, 67
Trd, 4318645.743, 75
Trd, 4318645.843, 69
Trd, 4318646.793, 65
Trd, 4318647.443, 60
Trd, 4318647.493, 75
Trd, 4318647.893, 79
Trd, 4318649.493, 82
Trd, 4318650.343, 60
Trd, 4318650.893, 72
Trd, 4318651.143, 124
Trd, 4318652.343, 125
Trd, 4318652.593, 103
Trd, 4318653.093, 109
Trd, 4318653.293, 114
Trd, 4318653.393, 80
Trd, 4318654.043, 107
Trd, 4318654.693, 94
Trd, 4318655.643, 134
Trd, 4318655.943, 133
Trd, 4318656.293, 89
Trd, 4318657.193, 78
Trd, 4318658.293, 66
Trd, 4318659.043, 62
Trd, 4318659.343, 105
Trd, 4318659.943, 87
Trd, 4318660.643, 86
Trd, 4318661.393, 105
Trd, 4318662.643, 100
Trd, 4318662.893, 99
Trd, 4318663.793, 98
Trd, 4318665.093, 103
Trd, 4318665.743, 82
Trd, 4318666.943, 80
Trd, 4318668.493, 121
Trd, 4318668.743, 101
Trd, 4318669.143, 101
Trd, 4318669.793, 132
Trd, 4318669.893, 100
Trd, 4318670.193, 78
Trd, 4318670.843, 73
Trd, 4318671.893, 71
Trd, 4318673.043, 119
Trd, 4318673.743, 60
Trd, 4318674.643, 63
Trd, 4318675.293, 63
Trd, 4318675.843, 63
Trd, 4318676.793, 69
Trd, 4318677.093, 69
Trd, 4318678.993, 63
Trd, 4318679.543, 74
Trd, 4318680.443, 80
Trd, 4318680.893, 68
Trd, 4318681.043, 92
Trd, 4318681.343, 95
Trd, 4318681.993, 67
Trd, 4318682.943, 92
Trd, 4318683.543, 109
Trd, 4318684.293, 93
Trd, 4318684.893, 82
Trd, 4318685.143, 76
Trd, 4318685.843, 80
Trd, 4318686.643, 95
Trd, 4318686.793, 82
Trd, 4318686.993, 94
Trd, 4318687.293, 80
Trd, 4318687.443, 75
Trd, 4318688.543, 105
Trd, 4318690.093, 104
Trd, 4318691.243, 105
Trd, 4318691.843, 80
Trd, 4318692.793, 118
Trd, 4318694.143, 116
Trd, 4318694.343, 118
Trd, 4318694.443, 115
Trd, 4318696.093, 78
Trd, 4318697.143, 79
Trd, 4318697.643, 90
Trd, 4318698.293, 70
Trd, 4318699.593, 85
Trd, 4318700.593, 75
Trd, 4318701.493, 64
Trd, 4318702.193, 109
Trd, 4318703.143, 115
Trd, 4318703.193, 88
Trd, 4318703.693, 91
Trd, 4318704.343, 91
Trd, 4318705.743, 124
Trd, 4318706.043, 118
Trd, 4318707.043, 95
Trd, 4318707.993, 94
Trd, 4318708.793, 87
Trd, 4318709.043, 84
Trd, 4318711.093, 101
Trd, 4318712.093, 108
Trd, 4318712.293, 91
Trd, 4318713.343, 102
Trd, 4318713.643, 100
Trd, 4318714.793, 92
Trd, 4318715.893, 102
Trd, 4318716.293, 100
Trd, 4318716.693, 94
Trd, 4318717.093, 90
Trd, 4318717.593, 89
Trd, 4318719.293, 124
Trd, 4318719.493, 116
Trd, 4318719.643, 94
Trd, 4318721.093, 82
Trd, 4318722.693, 79
Trd, 4318723.493, 63
Trd, 4318724.243, 64
Trd, 4318724.343, 80
Trd, 4318725.043, 127
Trd, 4318726.393, 111
Trd, 4318727.893, 85
Trd, 4318728.943, 75
Trd, 4318730.193, 117
Trd, 4318730.743, 130
Trd, 4318730.943, 117
Trd, 4318731.243, 112
Trd, 4318731.343, 98
Trd, 4318731.593, 92
Trd, 4318731.793, 80
Trd, 4318734.143, 126
Trd, 4318734.493, 124
Trd, 4318734.743, 88
Trd, 4318735.143, 120
Trd, 4318735.293, 104
Trd, 4318735.893, 87
Trd, 4318736.593, 119
Trd, 4318737.093, 80
Trd, 4318738.743, 127
Trd, 4318738.793, 118
Trd, 4318739.393, 109
Trd, 4318741.043, 107
Trd, 4318741.693, 96
Trd, 4318741.793, 87
Trd, 4318741.943, 65
Trd, 4318743.393, 69
Trd, 4318743.443, 76
Trd, 4318743.793, 65
Trd, 4318744.093, 84
Trd, 4318744.543, 81
Trd, 4318746.193, 128
Trd, 4318746.243, 104
Trd, 4318748.093, 69
Trd, 4318748.693, 72
Trd, 4318750.093, 102
Trd, 4318750.893, 79
Trd, 4318750.943, 96
Trd, 4318751.243, 82
Trd, 4318751.443, 73
Trd, 4318752.193, 60
Trd, 4318752.793, 65
Trd, 4318753.893, 128
Trd, 4318754.893, 88
Trd, 4318755.343, 79
Trd, 4318756.493, 88
Trd, 4318757.343, 135
Trd, 4318757.893, 79
Trd, 4318759.843, 87
Trd, 4318760.643, 81
Trd, 4318761.793, 78
Trd, 4318762.543, 89
Trd, 4318762.843, 88
Trd, 4318763.393, 86
Trd, 4318764.443, 136
Trd, 4318764.593, 115
Trd, 4318764.793, 68
Trd, 4318766.693, 65
Trd, 4318767.493, 119
Trd, 4318768.393, 67
Trd, 4318768.443, 61
Trd, 4318769.343, 90
Trd, 4318770.043, 122
Trd, 4318770.093, 115
Trd, 4318770.843, 86
Trd, 4318771.493, 117
Trd, 4318772.943, 68
Trd, 4318772.993, 85
Trd, 4318773.543, 63
Trd, 4318775.143, 62
Trd, 4318776.043, 65
Trd, 4318777.993, 86
Trd, 4318778.343, 67
Trd, 4318778.893, 82
Trd, 4318779.143, 69
Trd, 4318779.443, 66
Trd, 4318780.693, 62
Trd, 4318780.793, 78
Trd, 4318782.743, 97
Trd, 4318783.593, 93
Trd, 4318783.943, 80
Trd, 4318784.493, 60
Trd, 4318785.343, 61
Trd, 4318785.693, 66
Trd, 4318785.893, 96
Trd, 4318787.743, 68
Trd, 4318787.793, 63
Trd, 4318789.543, 67
Trd, 4318789.893, 88
Trd, 4318790.643, 110
Trd, 4318791.893, 101
Trd, 4318792.043, 99
Trd, 4318792.243, 116
Trd, 4318793.343, 89
Trd, 4318793.743, 102
Trd, 4318794.743, 85
Trd, 4318795.393, 104
Trd, 4318796.393, 88
Trd, 4318796.993, 132
Trd, 4318797.193, 123
Trd, 4318798.943, 88
Trd, 4318799.443, 81
Trd, 4318800.343, 91
Trd, 4318800.843, 83
Trd, 4318802.343, 129
Trd, 4318802.643, 109
Trd, 4318803.543, 123
Trd, 4318803.893, 115
Trd, 4318803.943, 113
Trd, 4318805.043, 125
Trd, 4318805.693, 104
Trd, 4318806.443, 108
Trd, 4318808.193, 101
Trd, 4318808.643, 84
Trd, 4318809.043, 67
Trd, 4318809.693, 69
Trd, 4318809.843, 80
Trd, 4318810.843, 87
Trd, 4318811.493, 97
Trd, 4318812.693, 76
Trd, 4318813.243, 71
Trd, 4318814.143, 60
Trd, 4318814.693, 101
Trd, 4318816.243, 123
Trd, 4318817.293, 125
Trd, 4318817.743, 120
Trd, 4318818.043, 104
Trd, 4318818.143, 111
Trd, 4318818.443, 104
Trd, 4318819.493, 91
Trd, 4318819.593, 89
Trd, 4318820.193, 76
Trd, 4318820.393, 93
Trd, 4318820.643, 67
Trd, 4318821.343, 90
Trd, 4318825.143, 95
Trd, 4318825.693, 104
Trd, 4318826.093, 96
Trd, 4318826.143, 108
Trd, 4318827.193, 92
Trd, 4318827.793, 120
Trd, 4318828.093, 96
Trd, 4318828.593, 81
Trd, 4318828.643, 80
Trd, 4318828.843, 78
Trd, 4318830.593, 122
Trd, 4318831.993, 127
Trd, 4318832.493, 127
Trd, 4318832.543, 104
Trd, 4318833.543, 122
Trd, 4318834.043, 93
Trd, 4318835.043, 91
Trd, 4318836.643, 81
Trd, 4318837.093, 114
Trd, 4318837.393, 102
Trd, 4318839.393, 101
Trd, 4318840.093, 104
Trd, 4318840.593, 96
Trd, 4318841.393, 103
Trd, 4318842.243, 110
Trd, 4318842.743, 109
Trd, 4318843.043, 123
Trd, 4318843.343, 107
Trd, 4318843.793, 95
Trd, 4318844.593, 71
Trd, 4318845.543, 81
Trd, 4318846.743, 64
Trd, 4318846.893, 65
Trd, 4318847.693, 83
Trd, 4318848.693, 72
Trd, 4318849.343, 60
Trd, 4318849.693, 62
Trd, 4318849.993, 92
Trd, 4318850.643, 100
Trd, 4318850.793, 98
Trd, 4318851.243, 73
Trd, 4318852.343, 60
Trd, 4318854.143, 110
Trd, 4318854.593, 100
Trd, 4318855.093, 100
Trd, 4318857.093, 100
Trd, 4318857.343, 92
Trd, 4318857.543, 91
Trd, 4318858.843, 101
Trd, 4318860.343, 87
Trd, 4318860.443, 89
Trd, 4318862.243, 60
Trd, 4318862.643, 104
Trd, 4318862.843, 95
Trd, 4318863.243, 75
Trd, 4318863.493, 74
Trd, 4318863.793, 62
Trd, 4318865.893, 85
Trd, 4318866.543, 87
Trd, 4318866.743, 86
Trd, 4318866.993, 82
Trd, 4318868.443, 105
Trd, 4318869.743, 94
Trd, 4318870.143, 94
Trd, 4318870.193, 92
Trd, 4318871.343, 103
Trd, 4318871.943, 100
Trd, 4318872.443, 117
Trd, 4318872.793, 119
Trd, 4318873.793, 89
Trd, 4318874.793, 83
Trd, 4318875.143, 89
Trd, 4318876.293, 62
Trd, 4318876.743, 75
Trd, 4318878.043, 119
Trd, 4318878.343, 118
Trd, 4318878.693, 115
Trd, 4318879.193, 88
Trd, 4318879.293, 88
Trd, 4318880.343, 97
Trd, 4318880.543, 92
Trd, 4318880.693, 76
Trd, 4318881.093, 116
Trd, 4318883.643, 128
Trd, 4318884.593, 95
Trd, 4318886.293, 109
Trd, 4318887.043, 109
Trd, 4318887.093, 108
Trd, 4318887.143, 100
Trd, 4318887.193, 97
Trd, 4318888.893, 80
Trd, 4318888.993, 77
Trd, 4318890.543, 114
Trd, 4318890.593, 113
Trd, 4318892.093, 115
Trd, 4318894.093, 137
Trd, 4318894.393, 73
Trd, 4318894.743, 101
Trd, 4318895.693, 90
Trd, 4318896.243, 96
Trd, 4318897.193, 116
Trd, 4318898.643, 113
Trd, 4318899.643, 103
Trd, 4318899.893, 94
Trd, 4318900.993, 100
Trd, 4318902.143, 97
Trd, 4318902.893, 96
Trd, 4318903.343, 118
Trd, 4318903.893, 135
Trd, 4318903.943, 89
Trd, 4318905.743, 60
Trd, 4318906.493, 78
Trd, 4318906.543, 92
Trd, 4318906.843, 77
Trd, 4318908.393, 110
Trd, 4318908.493, 109
Trd, 4318908.943, 99
Trd, 4318909.343, 98
Trd, 4318909.593, 88
Trd, 4318909.793, 91
Trd, 4318911.143, 80
Trd, 4318911.643, 68
Trd, 4318912.443, 109
Trd, 4318912.693, 85
Trd, 4318913.593, 74
Trd, 4318913.643, 69
Trd, 4318914.193, 72
Trd, 4318914.293, 70
Trd, 4318915.293, 88
Trd, 4318915.943, 98
Trd, 4318916.093, 62
Trd, 4318916.543, 78
Trd, 4318917.193, 109
Trd, 4318917.943, 94
Trd, 4318918.743, 93
Trd, 4318921.293, 104
Trd, 4318921.943, 101
Trd, 4318922.143, 100
Trd, 4318922.693, 83
Trd, 4318923.993, 116
Trd, 4318924.143, 99
Trd, 4318924.243, 91
Trd, 4318925.143, 87
Trd, 4318925.693, 114
Trd, 4318926.193, 122
Trd, 4318928.243, 124
Trd, 4318928.293, 123
Trd, 4318928.393, 113
Trd, 4318929.393, 71
Trd, 4318929.643, 74
Trd, 4318931.343, 114
Trd, 4318931.793, 100
Trd, 4318931.993, 94
Trd, 4318932.643, 126
Trd, 4318933.193, 127
Trd, 4318933.343, 114
Trd, 4318933.893, 101
Trd, 4318934.043, 80
Trd, 4318934.193, 79
Trd, 4318935.293, 121
Trd, 4318935.493, 118
Trd, 4318936.643, 89
Trd, 4318938.243, 112
Trd, 4318938.793, 92
Trd, 4318939.593, 83
Trd, 4318939.693, 77
Trd, 4318940.443, 95
Trd, 4318941.093, 118
Trd, 4318941.443, 76
Trd, 4318941.743, 69
Trd, 4318942.643, 74
Trd, 4318942.943, 92
Trd, 4318943.543, 60
Trd, 4318944.143, 67
Trd, 4318944.493, 62
Trd, 4318946.293, 87
Trd, 4318947.093, 62
Trd, 4318947.393, 66
Trd, 4318948.043, 66
Trd, 4318948.643, 129
Trd, 4318950.343, 63
Trd, 4318950.643, 61
Trd, 4318951.743, 63
Trd, 4318952.093, 77
Trd, 4318953.393, 87
Trd, 4318953.493, 86
Trd, 4318954.143, 126
Trd, 4318955.343, 66
Trd, 4318955.593, 69
Trd, 4318955.643, 122
Trd, 4318956.643, 101
Trd, 4318956.843, 99
Trd, 4318958.443, 128
Trd, 4318958.743, 75
Trd, 4318958.993, 92
Trd, 4318959.943, 126
Trd, 4318960.643, 128
Trd, 4318960.793, 119
Trd, 4318961.043, 104
Trd, 4318961.643, 76
Trd, 4318962.443, 64
Trd, 4318962.893, 65
Trd, 4318964.893, 85
Trd, 4318965.293, 63
Trd, 4318965.793, 130
Trd, 4318966.993, 107
Trd, 4318967.043, 106
Trd, 4318968.443, 75
Trd, 4318968.493, 81
Trd, 4318968.993, 75
Trd, 4318970.193, 104
Trd, 4318970.993, 69
Trd, 4318972.693, 62
Trd, 4318972.943, 62
Trd, 4318975.243, 123
Trd, 4318975.543, 121
Trd, 4318975.793, 115
Trd, 4318977.093, 124
Trd, 4318977.943, 114
Trd, 4318978.443, 82
Trd, 4318980.793, 82
Trd, 4318981.193, 80
Trd, 4318981.493, 110
Trd, 4318982.743, 98
Trd, 4318982.793, 97
Trd, 4318983.143, 96
Trd, 4318984.143, 119
Trd, 4318984.743, 86
Trd, 4318984.943, 80
Trd, 4318985.343, 72
Trd, 4318985.993, 106
Trd, 4318986.543, 79
Trd, 4318986.943, 75
Trd, 4318987.393, 96
Trd, 4318987.993, 87
Trd, 4318988.393, 81
Trd, 4318989.143, 101
Trd, 4318991.443, 74
Trd, 4318991.793, 74
Trd, 4318991.943, 72
Trd, 4318992.243, 98
Trd, 4318992.293, 99
Trd, 4318993.543, 97
Trd, 4318994.093, 98
Trd, 4318995.443, 124
Trd, 4318995.743, 133
Trd, 4318996.143, 117
Trd, 4318997.443, 94
Trd, 4318997.893, 109
Trd, 4318998.693, 100
Trd, 4318999.893, 85
Trd, 4319000.293, 79
Trd, 4319000.893, 91
Trd, 4319001.293, 77
Trd, 4319001.943, 92
Trd, 4319002.093, 83
Trd, 4319002.493, 82
Trd, 4319003.443, 82
Trd, 4319003.693, 85
Trd, 4319004.343, 116
Trd, 4319005.293, 74
Trd, 4319006.193, 61
Trd, 4319007.443, 123
Trd, 4319007.893, 108
Trd, 4319008.193, 99
Trd, 4319008.693, 102
Trd, 4319008.793, 80
Trd, 4319010.143, 83
Trd, 4319011.393, 109
Trd, 4319011.743, 107
Trd, 4319012.743, 94
Trd, 4319013.293, 78
Trd, 4319014.293, 125
Trd, 4319014.943, 101
Trd, 4319015.343, 88
Trd, 4319015.393, 87
Trd, 4319016.093, 80
Trd, 4319016.893, 76
Trd, 4319018.393, 61
Trd, 4319018.643, 68
Trd, 4319019.243, 65
Trd, 4319020.493, 106
Trd, 4319021.443, 106
Trd, 4319021.843, 99
Trd, 4319021.993, 98
Trd, 4319022.043, 96
Trd, 4319022.993, 71
Trd, 4319023.093, 70
Trd, 4319023.293, 97
Trd, 4319025.043, 126
Trd, 4319025.143, 105
Trd, 4319025.543, 87
Trd, 4319026.943, 119
Trd, 4319027.243, 111
Trd, 4319028.193, 71
Trd, 4319029.193, 96
Trd, 4319030.443, 88
Trd, 4319030.543, 87
Trd, 4319030.893, 61
Trd, 4319031.043, 119
Trd, 4319032.143, 108
Trd, 4319032.593, 108
Trd, 4319034.393, 118
Trd, 4319035.143, 123
Trd, 4319035.243, 117
Trd, 4319035.443, 97
Trd, 4319035.643, 90
Trd, 4319035.893, 96
Trd, 4319036.443, 100
Trd, 4319036.893, 123
Trd, 4319037.243, 84
Trd, 4319038.793, 103
Trd, 4319039.243, 98
Trd, 4319039.443, 99
Trd, 4319039.693, 91
Trd, 4319041.243, 96
Trd, 4319041.343, 91
Trd, 4319041.443, 91
Trd, 4319042.943, 78
Trd, 4319045.443, 119
Trd, 4319045.793, 80
Trd, 4319046.393, 78
Trd, 4319046.593, 91
Trd, 4319046.743, 95
Trd, 4319048.093, 65
Trd, 4319049.193, 63
Trd, 4319050.043, 119
Trd, 4319050.143, 90
Trd, 4319051.893, 73
Trd, 4319051.993, 97
Trd, 4319052.393, 60
Trd, 4319052.743, 82
Trd, 4319054.093, 103
Trd, 4319054.843, 107
Trd, 4319055.443, 86
Trd, 4319055.493, 80
Trd, 4319055.693, 109
Trd, 4319055.793, 70
Trd, 4319056.093, 90
Trd, 4319057.243, 87
Trd, 4319059.343, 101
Trd, 4319059.593, 123
Trd, 4319061.393, 119
Trd, 4319062.293, 109
Trd, 4319062.693, 125
Trd, 4319062.893, 102
Trd, 4319063.643, 69
Trd, 4319063.893, 76
Trd, 4319064.393, 104
Trd, 4319064.743, 62
Trd, 4319064.943, 61
Trd, 4319066.593, 74
Trd, 4319067.243, 115
Trd, 4319067.343, 85
Trd, 4319068.943, 96
Trd, 4319069.243, 65
Trd, 4319069.543, 94
Trd, 4319071.093, 89
Trd, 4319072.243, 101
Trd, 4319072.443, 108
Trd, 4319072.793, 98
Trd, 4319073.493, 115
Trd, 4319073.843, 118
Trd, 4319074.843, 105
Trd, 4319075.193, 104
Trd, 4319076.643, 93
Trd, 4319077.193, 73
Trd, 4319077.893, 87
Trd, 4319078.543, 80
Trd, 4319078.793, 69
Trd, 4319079.143, 70
Trd, 4319080.293, 78
Trd, 4319081.443, 61
Trd, 4319081.943, 65
Trd, 4319082.243, 73
Trd, 4319082.593, 67
Trd, 4319084.643, 74
Trd, 4319085.143, 76
Trd, 4319085.443, 85
Trd, 4319085.543, 67
Trd, 4319086.193, 65
Trd, 4319086.643, 62
Trd, 4319087.693, 62
Trd, 4319087.793, 70
Trd, 4319089.393, 87
Trd, 4319090.693, 90
Trd, 4319091.093, 81
Trd, 4319091.393, 80
Trd, 4319091.493, 104
Trd, 4319092.193, 79
Trd, 4319093.593, 109
Trd, 4319094.143, 64
Trd, 4319094.843, 60
Trd, 4319095.293, 82
Trd, 4319097.393, 66
Trd, 4319097.543, 75
Trd, 4319098.343, 79
Trd, 4319100.593, 78
Trd, 4319100.643, 95
Trd, 4319100.743, 74
Trd, 4319101.293, 73
Trd, 4319102.393, 71
Trd, 4319103.243, 82
Trd, 4319103.593, 114
Trd, 4319104.393, 79
Trd, 4319104.693, 72
Trd, 4319104.943, 97
Trd, 4319105.493, 97
Trd, 4319105.743, 69
Trd, 4319107.293, 86
Trd, 4319107.893, 113
Trd, 4319107.943, 97
Trd, 4319108.043, 73
Trd, 4319108.493, 73
Trd, 4319108.943, 102
Trd, 4319109.093, 69
Trd, 4319110.443, 66
Trd, 4319111.693, 67
Trd, 4319112.143, 61
Trd, 4319112.593, 78
Trd, 4319114.243, 71
Trd, 4319114.993, 68
Trd, 4319116.043, 67
Trd, 4319117.643, 85
Trd, 4319117.793, 82
Trd, 4319118.293, 101
Trd, 4319118.643, 88
Trd, 4319119.143, 80
Trd, 4319119.593, 77
Trd, 4319120.493, 77
Trd, 4319120.743, 104
Trd, 4319120.893, 63
Trd, 4319122.043, 93
Trd, 4319122.243, 80
Trd, 4319122.693, 91
Trd, 4319124.343, 74
Trd, 4319124.793, 61
Trd, 4319124.993, 67
Trd, 4319126.043, 76
Trd, 4319126.643, 60
Trd, 4319127.293, 78
Trd, 4319127.693, 105
Trd, 4319128.543, 105
Trd, 4319129.793, 110
Trd, 4319129.893, 108
Trd, 4319130.443, 94
Trd, 4319131.093, 91
Trd, 4319131.243, 86
Trd, 4319131.443, 108
Trd, 4319132.243, 82
Trd, 4319133.143, 79
Trd, 4319134.743, 63
Trd, 4319134.943, 62
Trd, 4319134.993, 63
Trd, 4319136.193, 77
Trd, 4319137.093, 66
Trd, 4319137.893, 67
Trd, 4319138.343, 75
Trd, 4319139.843, 105
Trd, 4319140.143, 104
Trd, 4319140.893, 111
Trd, 4319141.993, 125
Trd, 4319142.193, 125
Trd, 4319142.293, 124
Trd, 4319143.643, 96
Trd, 4319143.993, 88
Trd, 4319144.943, 96
Trd, 4319146.443, 81
Trd, 4319146.493, 84
Trd, 4319146.743, 76
Trd, 4319146.943, 77
Trd, 4319149.843, 103
Trd, 4319151.193, 104
Trd, 4319151.843, 109
Trd, 4319152.293, 104
Trd, 4319152.343, 110
Trd, 4319152.743, 113
Trd, 4319152.793, 103
Trd, 4319152.843, 122
Trd, 4319155.443, 79
Trd, 4319155.743, 99
Trd, 4319155.793, 79
Trd, 4319156.043, 78
Trd, 4319157.593, 70
Trd, 4319158.043, 72
Trd, 4319159.793, 80
Trd, 4319159.993, 98
Trd, 4319160.443, 99
Trd, 4319160.493, 81
Trd, 4319161.843, 76
Trd, 4319162.393, 133
Trd, 4319162.493, 111
Trd, 4319162.593, 93
Trd, 4319162.643, 74
Trd, 4319163.543, 68
Trd, 4319164.843, 60
Trd, 4319165.043, 82
Trd, 4319165.143, 93
Trd, 4319166.543, 70
Trd, 4319167.243, 61
Trd, 4319168.893, 77
Trd, 4319169.493, 71
Trd, 4319170.443, 109
Trd, 4319170.593, 108
Trd, 4319171.943, 96
Trd, 4319172.093, 96
Trd, 4319172.543, 81
Trd, 4319172.593, 80
Trd, 4319172.943, 77
Trd, 4319173.943, 80
Trd, 4319174.143, 123
Trd, 4319176.393, 104
Trd, 4319176.893, 83
Trd, 4319177.843, 112
Trd, 4319178.493, 95
Trd, 4319178.843, 130
Trd, 4319180.343, 128
Trd, 4319180.543, 127
Trd, 4319180.643, 125
Trd, 4319180.793, 119
Trd, 4319181.843, 76
Trd, 4319182.393, 74
Trd, 4319183.593, 88
Trd, 4319184.193, 80
Trd, 4319186.043, 63
Trd, 4319186.193, 64
Trd, 4319188.093, 108
Trd, 4319188.243, 111
Trd, 4319189.143, 63
Trd, 4319190.543, 91
Trd, 4319190.693, 101
Trd, 4319192.293, 97
Trd, 4319192.443, 96
Trd, 4319192.843, 90
Trd, 4319194.543, 109
Trd, 4319194.893, 110
Trd, 4319195.093, 108
Trd, 4319195.343, 101
Trd, 4319195.743, 100
Trd, 4319196.193, 84
Trd, 4319196.293, 71
Trd, 4319196.843, 72
Trd, 4319197.443, 130
Trd, 4319198.493, 65
Trd, 4319200.143, 61
Trd, 4319200.943, 110
Trd, 4319201.193, 77
Trd, 4319201.643, 119
Trd, 4319202.543, 98
Trd, 4319202.693, 97
Trd, 4319203.943, 86
Trd, 4319204.243, 112
Trd, 4319205.193, 134
Trd, 4319205.243, 110
Trd, 4319207.793, 121
Trd, 4319208.093, 101
Trd, 4319208.693, 110
Trd, 4319208.743, 100
Trd, 4319209.543, 114
Trd, 4319210.593, 114
Trd, 4319211.493, 78
Trd, 4319212.393, 129
Trd, 4319212.593, 110
Trd, 4319213.093, 102
Trd, 4319213.293, 96
Trd, 4319213.593, 102
Trd, 4319215.243, 117
Trd, 4319215.993, 109
Trd, 4319216.393, 92
Trd, 4319217.043, 119
Trd, 4319217.443, 112
Trd, 4319218.643, 70
Trd, 4319219.093, 91
Trd, 4319220.093, 111
Trd, 4319220.393, 110
Trd, 4319220.543, 103
Trd, 4319221.993, 101
Trd, 4319222.443, 89
Trd, 4319222.993, 118
Trd, 4319223.743, 78
Trd, 4319224.293, 101
Trd, 4319224.993, 79
Trd, 4319225.143, 73
Trd, 4319226.193, 95
Trd, 4319226.893, 97
Trd, 4319226.943, 66
Trd, 4319227.893, 107
Trd, 4319229.393, 95
Trd, 4319230.243, 96
Trd, 4319230.393, 94
Trd, 4319231.093, 112
Trd, 4319231.643, 105
Trd, 4319232.093, 105
Trd, 4319233.093, 89
Trd, 4319233.943, 80
Trd, 4319234.443, 120
Trd, 4319234.693, 77
Trd, 4319235.843, 124
Trd, 4319236.293, 117
Trd, 4319237.543, 118
Trd, 4319238.193, 131
Trd, 4319238.693, 130
Trd, 4319239.693, 113
Trd, 4319239.743, 80
Trd, 4319240.193, 83
Trd, 4319240.393, 75
Trd, 4319240.893, 74
Trd, 4319242.493, 67
Trd, 4319243.693, 65
Trd, 4319244.843, 91
Trd, 4319246.043, 123
Trd, 4319246.393, 131
Trd, 4319248.143, 68
Trd, 4319248.343, 97
Trd, 4319249.043, 93
Trd, 4319250.743, 98
Trd, 4319251.543, 101
Trd, 4319252.543, 97
Trd, 4319253.243, 88
Trd, 4319255.193, 113
Trd, 4319255.843, 114
Trd, 4319255.893, 113
Trd, 4319256.043, 110
Trd, 4319256.293, 119
Trd, 4319256.893, 117
Trd, 4319257.943, 78
Trd, 4319259.793, 85
Trd, 4319260.343, 76
Trd, 4319260.643, 77
Trd, 4319261.393, 89
Trd, 4319261.893, 80
Trd, 4319263.493, 129
Trd, 4319263.793, 128
Trd, 4319264.793, 114
Trd, 4319264.893, 92
Trd, 4319265.343, 105
Trd, 4319266.693, 83
Trd, 4319266.993, 82
Trd, 4319267.243, 94
Trd, 4319268.193, 115
Trd, 4319269.243, 112
Trd, 4319269.343, 108
Trd, 4319271.393, 111
Trd, 4319271.543, 118
Trd, 4319272.493, 112
Trd, 4319272.793, 111
Trd, 4319273.443, 107
Trd, 4319273.593, 104
Trd, 4319273.643, 83
Trd, 4319275.393, 113
Trd, 4319275.543, 103
Trd, 4319276.243, 94
Trd, 4319276.843, 85
Trd, 4319277.443, 62
Trd, 4319277.943, 74
Trd, 4319278.493, 75
Trd, 4319278.743, 73
Trd, 4319280.193, 99
Trd, 4319281.343, 113
Trd, 4319282.543, 82
Trd, 4319282.793, 80
Trd, 4319283.043, 94
Trd, 4319285.293, 98
Trd, 4319285.593, 64
Trd, 4319285.943, 77
Trd, 4319286.443, 111
Trd, 4319287.143, 73
Trd, 4319288.593, 114
Trd, 4319288.793, 73
Trd, 4319289.993, 61
Trd, 4319290.843, 92
Trd, 4319291.543, 84
Trd, 4319292.743, 75
Trd, 4319294.093, 74
Trd, 4319294.443, 66
Trd, 4319294.493, 98
Trd, 4319295.243, 90
Trd, 4319296.943, 96
Trd, 4319297.293, 92
Trd, 4319298.143, 112
Trd, 4319298.343, 101
Trd, 4319299.093, 111
Trd, 4319299.693, 111
Trd, 4319299.843, 111
Trd, 4319300.193, 115
Trd, 4319300.493, 95
Trd, 4319301.443, 76
Trd, 4319303.443, 80
Trd, 4319303.693, 85
Trd, 4319303.893, 78
Trd, 4319304.193, 93
Trd, 4319304.693, 98
Trd, 4319304.793, 71
Trd, 4319305.143, 71
Trd, 4319306.093, 101
Trd, 4319306.393, 74
Trd, 4319309.293, 110
Trd, 4319309.843, 121
Trd, 4319311.193, 95
Trd, 4319311.643, 94
Trd, 4319311.943, 92
Trd, 4319312.543, 100
Trd, 4319312.593, 95
Trd, 4319313.143, 76
Trd, 4319315.343, 63
Trd, 4319315.393, 70
Trd, 4319315.893, 100
Trd, 4319317.493, 75
Trd, 4319317.543, 69
Trd, 4319318.543, 60
Trd, 4319320.093, 107
Trd, 4319320.493, 80
Trd, 4319320.993, 77
Trd, 4319323.493, 81
Trd, 4319324.243, 113
Trd, 4319324.293, 93
Trd, 4319325.943, 92
Trd, 4319326.793, 97
Trd, 4319327.093, 77
Trd, 4319327.643, 71
Trd, 4319329.393, 112
Trd, 4319329.793, 86
Trd, 4319329.943, 99
Trd, 4319330.093, 112
Trd, 4319331.193, 109
Trd, 4319331.593, 119
Trd, 4319331.793, 93
Trd, 4319332.693, 91
Trd, 4319333.043, 91
Trd, 4319333.843, 111
Trd, 4319334.643, 106
Trd, 4319334.943, 75
Trd, 4319337.493, 67
Trd, 4319338.293, 88
Trd, 4319339.543, 72
Trd, 4319340.143, 74
Trd, 4319341.193, 81
Trd, 4319342.093, 122
Trd, 4319342.543, 121
Trd, 4319342.743, 119
Trd, 4319343.793, 112
Trd, 4319344.093, 88
Trd, 4319344.693, 82
Trd, 4319344.743, 104
Trd, 4319345.643, 74
Trd, 4319347.693, 84
Trd, 4319348.093, 72
Trd, 4319348.393, 66
Trd, 4319349.643, 103
Trd, 4319350.293, 109
Trd, 4319351.343, 108
Trd, 4319352.243, 99
Trd, 4319352.293, 98
Trd, 4319352.793, 90
Trd, 4319353.493, 76
Trd, 4319353.693, 81
Trd, 4319353.893, 65
Trd, 4319354.393, 83
Trd, 4319355.393, 124
Trd, 4319355.493, 101
Trd, 4319355.993, 99
Trd, 4319357.493, 85
Trd, 4319358.193, 97
Trd, 4319359.993, 86
Trd, 4319361.043, 85
Trd, 4319361.193, 76
Trd, 4319362.243, 73
Trd, 4319362.843, 84
Trd, 4319363.693, 125
Trd, 4319363.843, 109
Trd, 4319364.193, 102
Trd, 4319365.443, 74
Trd, 4319366.443, 73
Trd, 4319367.593, 64
Trd, 4319367.693, 85
Trd, 4319368.943, 104
Trd, 4319369.343, 110
Trd, 4319370.043, 87
Trd, 4319370.843, 110
Trd, 4319371.743, 88
Trd, 4319372.193, 103
Trd, 4319372.893, 76
Trd, 4319373.443, 114
Trd, 4319374.743, 102
Trd, 4319375.243, 92
Trd, 4319376.243, 72
Trd, 4319376.743, 73
Trd, 4319377.193, 85
Trd, 4319377.593, 133
Trd, 4319378.243, 88
Trd, 4319380.243, 73
Trd, 4319380.393, 68
Trd, 4319380.943, 97
Trd, 4319381.043, 95
Trd, 4319382.743, 82
Trd, 4319383.643, 81
Trd, 4319384.593, 116
Trd, 4319385.643, 101
Trd, 4319385.893, 90
Trd, 4319386.443, 93
Trd, 4319386.493, 83
Trd, 4319387.243, 97
Trd, 4319388.443, 85
Trd, 4319388.493, 73
Trd, 4319388.693, 85
Trd, 4319390.743, 115
Trd, 4319391.443, 113
Trd, 4319391.893, 114
Trd, 4319391.943, 78
Trd, 4319393.343, 94
Trd, 4319394.193, 107
Trd, 4319394.943, 112
Trd, 4319395.093, 77
Trd, 4319396.593, 66
Trd, 4319397.243, 67
Trd, 4319397.743, 118
Trd, 4319399.243, 108
Trd, 4319399.393, 107
Trd, 4319399.893, 76
Trd, 4319400.193, 66
Trd, 4319401.043, 62
Trd, 4319402.593, 75
Trd, 4319402.943, 72
Trd, 4319404.143, 108
Trd, 4319404.643, 78
Trd, 4319404.793, 82
Trd, 4319406.193, 67
Trd, 4319407.243, 75
Trd, 4319407.493, 90
Trd, 4319408.243, 98
Trd, 4319409.143, 80
Trd, 4319409.443, 77
Trd, 4319409.543, 107
Trd, 4319410.243, 65
Trd, 4319410.993, 83
Trd, 4319411.693, 91
Trd, 4319412.043, 103
Trd, 4319413.093, 115
Trd, 4319413.593, 95
Trd, 4319414.193, 109
Trd, 4319414.543, 96
Trd, 4319414.643, 114
Trd, 4319415.743, 88
Trd, 4319416.693, 90
Trd, 4319417.693, 115
Trd, 4319417.993, 67
Trd, 4319418.193, 62
Trd, 4319418.743, 111
Trd, 4319419.143, 89
Trd, 4319419.543, 70
Trd, 4319420.993, 80
Trd, 4319421.643, 63
Trd, 4319422.993, 84
Trd, 4319424.993, 109
Trd, 4319425.493, 106
Trd, 4319425.543, 105
Trd, 4319426.193, 98
Trd, 4319427.993, 123
Trd, 4319428.493, 130
Trd, 4319428.643, 121
Trd, 4319429.393, 98
Trd, 4319429.993, 99
Trd, 4319430.493, 67
Trd, 4319430.943, 75
Trd, 4319432.993, 68
Trd, 4319433.243, 66
Trd, 4319433.543, 77
Trd, 4319433.693, 77
Trd, 4319434.493, 83
Trd, 4319434.543, 99
Trd, 4319435.443, 93
Trd, 4319435.743, 104
Trd, 4319436.393, 89
Trd, 4319438.143, 81
Trd, 4319440.043, 83
Trd, 4319440.993, 81
Trd, 4319441.643, 123
Trd, 4319441.843, 78
Trd, 4319442.093, 92
Trd, 4319442.393, 61
Trd, 4319443.693, 66
Trd, 4319445.343, 90
Trd, 4319445.493, 101
Trd, 4319445.543, 89
Trd, 4319447.093, 68
Trd, 4319448.243, 112
Trd, 4319449.893, 134
Trd, 4319450.093, 116
Trd, 4319450.293, 91
Trd, 4319451.343, 135
Trd, 4319452.043, 120
Trd, 4319452.243, 116
Trd, 4319452.443, 104
Trd, 4319452.543, 78
Trd, 4319453.943, 106
Trd, 4319454.443, 107
Trd, 4319454.543, 106
Trd, 4319456.193, 79
Trd, 4319456.793, 80
Trd, 4319458.393, 79
Trd, 4319458.893, 94
Trd, 4319459.643, 110
Trd, 4319460.043, 99
Trd, 4319460.343, 91
Trd, 4319462.043, 97
Trd, 4319463.143, 115
Trd, 4319463.843, 114
Trd, 4319464.893, 86
Trd, 4319465.093, 67
Trd, 4319465.243, 93
Trd, 4319465.293, 62
Trd, 4319465.993, 78
Trd, 4319467.043, 92
Trd, 4319469.093, 60
Trd, 4319469.493, 65
Trd, 4319469.693, 100
Trd, 4319470.743, 100
Trd, 4319470.893, 86
Trd, 4319470.993, 86
Trd, 4319471.693, 115
Trd, 4319471.843, 102
Trd, 4319473.893, 84
Trd, 4319474.243, 87
Trd, 4319474.593, 82
Trd, 4319475.443, 112
Trd, 4319476.093, 81
Trd, 4319476.293, 66
Trd, 4319477.793, 102
Trd, 4319478.693, 72
Trd, 4319479.443, 74
Trd, 4319480.293, 68
Trd, 4319480.843, 67
Trd, 4319481.743, 101
Trd, 4319482.993, 70
Trd, 4319483.393, 63
Trd, 4319484.743, 71
Trd, 4319484.893, 70
Trd, 4319485.243, 80
Trd, 4319486.743, 120
Trd, 4319487.743, 71
Trd, 4319488.243, 111
Trd, 4319488.343, 110
Trd, 4319488.993, 73
Trd, 4319489.993, 87
Trd, 4319490.993, 116
Trd, 4319491.293, 92
Trd, 4319491.943, 124
Trd, 4319492.543, 125
Trd, 4319492.943, 124
Trd, 4319493.443, 119
Trd, 4319493.843, 106
Trd, 4319493.993, 97
Trd, 4319495.243, 131
Trd, 4319495.293, 93
Trd, 4319495.543, 91
Trd, 4319496.893, 87
Trd, 4319497.143, 74
Trd, 4319497.593, 74
Trd, 4319498.793, 81
Trd, 4319499.443, 69
Trd, 4319499.693, 76
Trd, 4319501.543, 94
Trd, 4319503.643, 92
Trd, 4319504.043, 115
Trd, 4319504.143, 114
Trd, 4319504.493, 90
Trd, 4319504.893, 78
Trd, 4319504.943, 78
Trd, 4319507.143, 73
Trd, 4319508.693, 74
Trd, 4319509.093, 74
Trd, 4319509.793, 94
Trd, 4319510.643, 100
Trd, 4319511.493, 63
Trd, 4319511.743, 72
Trd, 4319512.193, 60
Trd, 4319513.143, 60
Trd, 4319515.193, 60
Trd, 4319515.493, 77
Trd, 4319515.993, 69
Trd, 4319516.793, 70
Trd, 4319517.343, 75
Trd, 4319517.793, 101
Trd, 4319518.343, 100
Trd, 4319519.193, 98
Trd, 4319519.243, 97
Trd, 4319519.293, 83
Trd, 4319520.643, 89
Trd, 4319520.943, 73
Trd, 4319521.443, 88
Trd, 4319521.643, 74
Trd, 4319522.193, 92
Trd, 4319523.193, 73
Trd, 4319524.693, 70
Trd, 4319525.093, 72
Trd, 4319525.993, 78
Trd, 4319526.893, 75
Trd, 4319528.043, 101
Trd, 4319528.593, 101
Trd, 4319529.193, 119
Trd, 4319530.743, 116
Trd, 4319530.793, 99
Trd, 4319531.143, 98
Trd, 4319532.193, 84
Trd, 4319532.793, 115
Trd, 4319533.893, 135
Trd, 4319533.943, 134
Trd, 4319534.343, 78
Trd, 4319535.243, 96
Trd, 4319535.393, 116
Trd, 4319536.193, 71
Trd, 4319538.393, 116
Trd, 4319539.243, 99
Trd, 4319539.593, 88
Trd, 4319540.943, 95
Trd, 4319541.493, 111
Trd, 4319541.843, 80
Trd, 4319542.893, 93
Trd, 4319542.993, 73
Trd, 4319543.243, 103
Trd, 4319543.793, 116
Trd, 4319544.643, 73
Trd, 4319544.793, 71
Trd, 4319545.943, 119
Trd, 4319547.893, 79
Trd, 4319548.893, 105
Trd, 4319549.393, 95
Trd, 4319549.943, 92
Trd, 4319550.943, 101
Trd, 4319551.543, 68
Trd, 4319552.393, 94
Trd, 4319552.543, 111
Trd, 4319553.493, 67
Trd, 4319553.743, 103
Trd, 4319554.443, 80
Trd, 4319555.293, 84
Trd, 4319556.043, 135
Trd, 4319556.343, 92
Trd, 4319556.843, 126
Trd, 4319557.143, 75
Trd, 4319558.493, 133
Trd, 4319558.593, 117
Trd, 4319558.943, 108
Trd, 4319560.493, 120
Trd, 4319561.043, 78
Trd, 4319561.393, 74
Trd, 4319561.643, 64
Trd, 4319563.443, 107
Trd, 4319565.943, 87
Trd, 4319565.993, 86
Trd, 4319566.293, 93
Trd, 4319567.343, 102
Trd, 4319567.943, 78
Trd, 4319568.393, 109
Trd, 4319569.393, 106
Trd, 4319569.693, 96
Trd, 4319569.993, 95
Trd, 4319570.593, 108
Trd, 4319570.693, 101
Trd, 4319570.893, 83
Trd, 4319571.043, 83
Trd, 4319572.743, 99
Trd, 4319573.793, 115
Trd, 4319574.243, 65
Trd, 4319575.093, 124
Trd, 4319575.193, 123
Trd, 4319575.893, 120
Trd, 4319576.193, 90
Trd, 4319577.843, 98
Trd, 4319579.043, 114
Trd, 4319579.793, 133
Trd, 4319580.093, 110
Trd, 4319580.993, 109
Trd, 4319581.443, 111
Trd, 4319582.193, 97
Trd, 4319582.643, 86
Trd, 4319583.643, 127
Trd, 4319584.843, 126
Trd, 4319585.493, 109
Trd, 4319585.743, 109
Trd, 4319586.343, 108
Trd, 4319587.343, 132
Trd, 4319587.643, 126
Trd, 4319588.743, 83
Trd, 4319590.793, 84
Trd, 4319590.893, 104
Trd, 4319592.243, 101
Trd, 4319592.343, 106
Trd, 4319592.393, 100
Trd, 4319593.043, 98
Trd, 4319595.293, 80
Trd, 4319596.343, 69
Trd, 4319597.243, 70
Trd, 4319597.593, 70
Trd, 4319598.493, 102
Trd, 4319598.743, 97
Trd, 4319599.293, 125
Trd, 4319599.993, 100
Trd, 4319600.093, 98
Trd, 4319601.993, 115
Trd, 4319603.643, 117
Trd, 4319604.143, 128
Trd, 4319605.393, 119
Trd, 4319605.643, 118
Trd, 4319605.693, 114
Trd, 4319605.743, 101
Trd, 4319606.143, 88
Trd, 4319606.893, 65
Trd, 4319607.143, 96
Trd, 4319608.943, 104
Trd, 4319609.493, 87
Trd, 4319610.543, 109
Trd, 4319611.093, 81
Trd, 4319611.793, 76
Trd, 4319612.343, 80
Trd, 4319612.893, 61
Trd, 4319614.993, 89
Trd, 4319615.043, 86
Trd, 4319615.293, 94
Trd, 4319615.443, 96
Trd, 4319615.593, 83
Trd, 4319616.843, 98
Trd, 4319618.093, 125
Trd, 4319618.843, 129
Trd, 4319619.143, 89
Trd, 4319620.643, 60
Trd, 4319621.193, 60
Trd, 4319621.293, 66
Trd, 4319621.643, 60
Trd, 4319623.743, 77
Trd, 4319623.843, 71
Trd, 4319624.793, 103
Trd, 4319625.143, 102
Trd, 4319626.093, 129
Trd, 4319627.643, 106
Trd, 4319627.993, 104
Trd, 4319628.193, 95
Trd, 4319628.293, 74
Trd, 4319629.043, 108
Trd, 4319629.693, 74
Trd, 4319630.243, 86
Trd, 4319631.093, 99
Trd, 4319631.843, 84
Trd, 4319632.143, 67
Trd, 4319633.343, 101
Trd, 4319633.493, 98
Trd, 4319635.643, 117
Trd, 4319636.343, 100
Trd, 4319636.543, 99
Trd, 4319636.643, 73
Trd, 4319638.643, 60
Trd, 4319640.043, 95
Trd, 4319641.093, 94
Trd, 4319641.593, 102
Trd, 4319641.643, 83
Trd, 4319641.843, 77
Trd, 4319642.043, 80
Trd, 4319642.793, 84
Trd, 4319644.043, 64
Trd, 4319647.793, 65
Trd, 4319648.243, 69
Trd, 4319648.443, 85
Trd, 4319650.143, 76
Trd, 4319650.293, 104
Trd, 4319650.593, 101
Trd, 4319652.543, 125
Trd, 4319653.243, 111
Trd, 4319653.743, 80
Trd, 4319653.843, 120
Trd, 4319654.543, 87
Trd, 4319654.843, 66
Trd, 4319656.793, 78
Trd, 4319658.593, 81
Trd, 4319658.893, 80
Trd, 4319659.493, 70
Trd, 4319659.793, 85
Trd, 4319660.393, 78
Trd, 4319661.093, 89
Trd, 4319662.193, 106
Trd, 4319662.993, 78
Trd, 4319663.543, 103
Trd, 4319663.793, 86
Trd, 4319663.943, 77
Trd, 4319664.843, 94
Trd, 4319665.243, 89
Trd, 4319667.343, 132
Trd, 4319667.393, 131
Trd, 4319669.143, 60
Trd, 4319669.293, 68
Trd, 4319669.493, 90
Trd, 4319670.043, 109
Trd, 4319670.543, 63
Trd, 4319670.843, 67
Trd, 4319671.293, 73
Trd, 4319672.643, 127
Trd, 4319673.493, 126
Trd, 4319673.993, 103
Trd, 4319674.093, 102
Trd, 4319675.793, 80
Trd, 4319676.093, 67
Trd, 4319676.993, 62
Trd, 4319678.493, 77
Trd, 4319679.493, 86
Trd, 4319680.593, 96
Trd, 4319681.243, 68
Trd, 4319681.893, 71
Trd, 4319682.343, 79
Trd, 4319683.293, 61
Trd, 4319683.493, 78
Trd, 4319684.193, 118
Trd, 4319685.743, 116
Trd, 4319685.843, 115
Trd, 4319686.993, 102
Trd, 4319688.043, 98
Trd, 4319689.043, 95
Trd, 4319689.743, 98
Trd, 4319689.943, 84
Trd, 4319690.943, 90
Trd, 4319691.743, 115
Trd, 4319692.343, 73
Trd, 4319692.593, 68
Trd, 4319693.593, 87
Trd, 4319693.843, 122
Trd, 4319694.743, 73
Trd, 4319695.793, 72
Trd, 4319695.843, 81
Trd, 4319696.643, 107
Trd, 4319697.193, 110
Trd, 4319697.593, 93
Trd, 4319697.743, 84
Trd, 4319698.393, 75
Trd, 4319698.593, 95
Trd, 4319699.693, 103
Trd, 4319701.093, 118
Trd, 4319701.243, 85
Trd, 4319702.193, 104
Trd, 4319703.743, 99
Trd, 4319703.843, 98
Trd, 4319703.943, 88
Trd, 4319705.243, 74
Trd, 4319706.843, 64
Trd, 4319707.243, 86
Trd, 4319708.343, 95
Trd, 4319708.793, 65
Trd, 4319711.043, 94
Trd, 4319711.793, 93
Trd, 4319711.943, 89
Trd, 4319712.043, 83
Trd, 4319712.643, 67
Trd, 4319713.093, 66
Trd, 4319713.593, 128
Trd, 4319714.343, 96
Trd, 4319716.243, 87
Trd, 4319716.443, 95
Trd, 4319716.693, 95
Trd, 4319717.243, 84
Trd, 4319718.343, 85
Trd, 4319718.693, 75
Trd, 4319719.293, 64
Trd, 4319719.643, 86
Trd, 4319720.593, 65
Trd, 4319722.093, 96
Trd, 4319722.443, 115
Trd, 4319722.643, 96
Trd, 4319722.793, 95
Trd, 4319723.093, 85
Trd, 4319723.193, 82
Trd, 4319723.643, 118
Trd, 4319724.643, 127
Trd, 4319725.343, 96
Trd, 4319726.343, 104
Trd, 4319727.043, 72
Trd, 4319727.543, 97
Trd, 4319728.593, 115
Trd, 4319728.743, 103
Trd, 4319728.793, 78
Trd, 4319729.743, 119
Trd, 4319731.143, 103
Trd, 4319731.693, 122
Trd, 4319732.193, 93
Trd, 4319733.043, 81
Trd, 4319734.143, 97
Trd, 4319734.893, 79
Trd, 4319734.943, 105
Trd, 4319736.843, 94
Trd, 4319737.293, 93
Trd, 4319740.043, 139
Trd, 4319740.293, 105
Trd, 4319740.843, 126
Trd, 4319741.793, 107
Trd, 4319741.893, 115
Trd, 4319742.093, 98
Trd, 4319742.243, 73
Trd, 4319743.343, 113
Trd, 4319743.693, 111
Trd, 4319744.193, 98
Trd, 4319744.343, 97
Trd, 4319745.193, 75
Trd, 4319745.493, 80
Trd, 4319746.743, 87
Trd, 4319747.593, 100
Trd, 4319748.743, 101
Trd, 4319748.793, 100
Trd, 4319749.343, 83
Trd, 4319749.793, 138
Trd, 4319750.343, 92
Trd, 4319751.093, 108
Trd, 4319753.693, 124
Trd, 4319753.793, 123
Trd, 4319753.843, 110
Trd, 4319753.893, 92
Trd, 4319754.543, 114
Trd, 4319755.943, 119
Trd, 4319756.643, 118
Trd, 4319757.193, 105
Trd, 4319757.693, 102
Trd, 4319758.643, 113
Trd, 4319758.893, 96
Trd, 4319761.643, 97
Trd, 4319761.793, 80
Trd, 4319762.443, 96
Trd, 4319763.793, 83
Trd, 4319763.993, 86
Trd, 4319764.143, 81
Trd, 4319765.043, 90
Trd, 4319765.143, 122
Trd, 4319766.393, 82
Trd, 4319767.443, 68
Trd, 4319767.693, 73
Trd, 4319767.843, 74
Trd, 4319768.293, 91
Trd, 4319769.193, 63
Trd, 4319769.443, 67
Trd, 4319770.743, 62
Trd, 4319772.793, 65
Trd, 4319773.193, 72
Trd, 4319773.993, 82
Trd, 4319775.743, 66
Trd, 4319776.043, 64
Trd, 4319776.493, 66
Trd, 4319776.543, 71
Trd, 4319776.993, 67
Trd, 4319777.093, 84
Trd, 4319778.693, 67
Trd, 4319779.243, 86
Trd, 4319780.193, 90
Trd, 4319780.543, 89
Trd, 4319780.893, 130
Trd, 4319782.293, 119
Trd, 4319783.793, 100
Trd, 4319785.343, 98
Trd, 4319785.393, 96
Trd, 4319785.493, 77
Trd, 4319786.393, 87
Trd, 4319786.493, 81
Trd, 4319786.593, 80
Trd, 4319787.693, 114
Trd, 4319787.793, 85
Trd, 4319788.543, 82
Trd, 4319789.643, 79
Trd, 4319790.693, 86
Trd, 4319790.943, 72
Trd, 4319791.393, 82
Trd, 4319791.843, 75
Trd, 4319793.593, 123
Trd, 4319793.843, 121
Trd, 4319794.193, 120
Trd, 4319794.843, 108
Trd, 4319794.943, 108
Trd, 4319795.643, 92
Trd, 4319797.293, 62
Trd, 4319797.493, 79
Trd, 4319798.243, 83
Trd, 4319799.493, 91
Trd, 4319799.693, 90
Trd, 4319799.943, 96
Trd, 4319800.293, 77
Trd, 4319801.043, 117
Trd, 4319801.443, 119
Trd, 4319801.843, 118
Trd, 4319802.543, 96
Trd, 4319803.043, 76
Trd, 4319804.793, 70
Trd, 4319805.193, 100
Trd, 4319807.093, 105
Trd, 4319807.393, 104
Trd, 4319807.493, 100
Trd, 4319808.543, 83
Trd, 4319809.243, 85
Trd, 4319809.943, 89
Trd, 4319810.743, 63
Trd, 4319811.593, 114
Trd, 4319811.793, 111
Trd, 4319812.393, 110
Trd, 4319813.843, 123
Trd, 4319814.593, 102
Trd, 4319815.493, 94
Trd, 4319815.593, 106
Trd, 4319816.193, 84
Trd, 4319816.593, 72
Trd, 4319817.943, 118
Trd, 4319818.143, 116
Trd, 4319818.993, 104
Trd, 4319819.143, 95
Trd, 4319819.593, 83
Trd, 4319821.243, 139
Trd, 4319821.643, 84
Trd, 4319822.843, 90
Trd, 4319822.893, 94
Trd, 4319823.193, 91
Trd, 4319823.643, 86
Trd, 4319825.243, 106
Trd, 4319826.893, 117
Trd, 4319827.143, 90
Trd, 4319827.243, 101
Trd, 4319827.443, 114
Trd, 4319827.693, 86
Trd, 4319828.543, 94
Trd, 4319828.843, 89
Trd, 4319830.243, 80
Trd, 4319831.043, 122
Trd, 4319831.593, 85
Trd, 4319833.693, 72
Trd, 4319834.193, 92
Trd, 4319834.843, 92
Trd, 4319834.943, 91
Trd, 4319836.743, 95
Trd, 4319836.893, 107
Trd, 4319837.343, 81
Trd, 4319837.943, 76
Trd, 4319838.493, 68
Trd, 4319838.693, 63
Trd, 4319840.493, 83
Trd, 4319840.643, 82
Trd, 4319841.043, 98
Trd, 4319841.393, 105
Trd, 4319842.043, 95
Trd, 4319842.443, 79
Trd, 4319842.493, 77
Trd, 4319844.193, 71
Trd, 4319844.243, 64
Trd, 4319844.393, 62
Trd, 4319845.493, 74
Trd, 4319846.393, 84
Trd, 4319847.443, 65
Trd, 4319847.743, 83
Trd, 4319848.593, 83
Trd, 4319848.793, 66
Trd, 4319849.093, 87
Trd, 4319850.693, 84
Trd, 4319851.043, 83
Trd, 4319853.093, 103
Trd, 4319853.593, 102
Trd, 4319854.443, 88
Trd, 4319855.343, 66
Trd, 4319855.993, 70
Trd, 4319857.443, 84
Trd, 4319857.743, 103
Trd, 4319858.443, 113
Trd, 4319858.543, 112
Trd, 4319858.693, 94
Trd, 4319859.393, 81
Trd, 4319859.943, 85
Trd, 4319860.843, 87
Trd, 4319860.993, 81
Trd, 4319861.493, 111
Trd, 4319861.893, 94
Trd, 4319862.043, 120
Trd, 4319862.793, 63
Trd, 4319864.093, 60
Trd, 4319865.293, 60
Trd, 4319866.843, 65
Trd, 4319866.943, 96
Trd, 4319868.843, 67
Trd, 4319869.143, 87
Trd, 4319870.093, 97
Trd, 4319870.293, 76
Trd, 4319872.543, 104
Trd, 4319873.143, 112
Trd, 4319873.493, 104
Trd, 4319875.693, 130
Trd, 4319876.043, 111
Trd, 4319876.593, 99
Trd, 4319877.043, 111
Trd, 4319877.393, 110
Trd, 4319878.093, 82
Trd, 4319878.443, 88
Trd, 4319878.593, 120
Trd, 4319879.893, 61
Trd, 4319880.993, 60
Trd, 4319881.143, 75
Trd, 4319882.243, 82
Trd, 4319883.643, 102
Trd, 4319883.943, 71
Trd, 4319884.743, 69
Trd, 4319885.043, 73
Trd, 4319885.843, 96
Trd, 4319886.743, 128
Trd, 4319887.293, 95
Trd, 4319887.643, 67
Trd, 4319889.043, 63
Trd, 4319891.143, 126
Trd, 4319891.643, 115
Trd, 4319891.693, 109
Trd, 4319891.843, 108
Trd, 4319893.043, 69
Trd, 4319894.243, 113
Trd, 4319894.343, 101
Trd, 4319894.993, 100
Trd, 4319895.693, 119
Trd, 4319895.793, 61
Trd, 4319896.093, 113
Trd, 4319898.343, 66
Trd, 4319899.443, 88
Trd, 4319899.793, 103
Trd, 4319900.343, 89
Trd, 4319900.743, 87
Trd, 4319901.193, 61
Trd, 4319901.843, 62
Trd, 4319903.143, 84
Trd, 4319903.393, 75
Trd, 4319904.493, 84
Trd, 4319904.843, 76
Trd, 4319906.143, 69
Trd, 4319906.693, 61
Trd, 4319907.343, 69
Trd, 4319907.793, 67
Trd, 4319909.443, 60
Trd, 4319909.543, 75
Trd, 4319910.343, 116
Trd, 4319911.043, 108
Trd, 4319911.743, 71
Trd, 4319911.943, 60
Trd, 4319912.543, 91
Trd, 4319913.243, 63
Trd, 4319914.543, 62
Trd, 4319915.443, 118
Trd, 4319915.893, 118
Trd, 4319916.993, 82
Trd, 4319917.843, 112
Trd, 4319918.043, 81
Trd, 4319918.343, 116
Trd, 4319919.343, 80
Trd, 4319919.393, 79
Trd, 4319920.643, 70
Trd, 4319921.493, 101
Trd, 4319922.793, 114
Trd, 4319923.543, 113
Trd, 4319924.593, 108
Trd, 4319925.143, 93
Trd, 4319926.043, 124
Trd, 4319927.093, 113
Trd, 4319927.843, 88
Trd, 4319928.593, 132
Trd, 4319929.143, 106
Trd, 4319929.843, 119
Trd, 4319930.593, 85
Trd, 4319932.043, 84
Trd, 4319932.343, 84
Trd, 4319932.393, 66
Trd, 4319934.743, 112
Trd, 4319935.143, 110
Trd, 4319935.993, 122
Trd, 4319936.943, 109
Trd, 4319937.993, 130
Trd, 4319938.493, 121
Trd, 4319938.693, 120
Trd, 4319938.743, 103
Trd, 4319939.893, 81
Trd, 4319940.543, 91
Trd, 4319940.893, 70
Trd, 4319941.643, 86
Trd, 4319942.943, 66
Trd, 4319943.393, 67
Trd, 4319944.243, 74
Trd, 4319944.343, 73
Trd, 4319944.843, 89
Trd, 4319945.143, 68
Trd, 4319946.993, 98
Trd, 4319947.043, 73
Trd, 4319948.393, 85
Trd, 4319948.793, 131
Trd, 4319949.743, 129
Trd, 4319949.943, 128
Trd, 4319951.193, 100
Trd, 4319951.493, 108
Trd, 4319952.993, 100
Trd, 4319953.193, 118
Trd, 4319953.443, 91
Trd, 4319954.143, 62
Trd, 4319954.643, 61
Trd, 4319955.993, 125
Trd, 4319956.993, 121
Trd, 4319957.593, 120
Trd, 4319957.793, 99
Trd, 4319957.943, 68
Trd, 4319958.893, 100
Trd, 4319960.093, 94
Trd, 4319960.693, 125
Trd, 4319960.843, 119
Trd, 4319961.293, 109
Trd, 4319961.993, 105
Trd, 4319962.893, 97
Trd, 4319963.193, 85
Trd, 4319964.343, 98
Trd, 4319964.493, 95
Trd, 4319965.743, 89
Trd, 4319966.643, 94
Trd, 4319966.943, 64
Trd, 4319968.393, 72
Trd, 4319969.093, 105
Trd, 4319969.993, 88
Trd, 4319970.093, 85
Trd, 4319970.943, 110
Trd, 4319972.243, 113
Trd, 4319972.543, 97
Trd, 4319973.293, 78
Trd, 4319974.543, 86
Trd, 4319975.243, 71
Trd, 4319975.693, 114
Trd, 4319976.543, 134
Trd, 4319976.793, 83
Trd, 4319977.593, 70
Trd, 4319978.393, 72
Trd, 4319978.493, 67
Trd, 4319979.343, 73
Trd, 4319980.393, 70
Trd, 4319980.743, 77
Trd, 4319982.443, 86
Trd, 4319983.293, 95
Trd, 4319983.743, 109
Trd, 4319983.893, 97
Trd, 4319985.293, 99
Trd, 4319985.393, 77
Trd, 4319986.243, 69
Trd, 4319986.893, 69
Trd, 4319988.493, 70
Trd, 4319989.693, 60
Trd, 4319991.043, 96
Trd, 4319991.093, 80
Trd, 4319991.243, 69
Trd, 4319991.693, 112
Trd, 4319991.743, 82
Trd, 4319992.043, 71
Trd, 4319992.543, 63
Trd, 4319993.543, 90
Trd, 4319994.393, 96
Trd, 4319995.293, 109
Trd, 4319995.793, 132
Trd, 4319996.143, 123
Trd, 4319996.343, 93
Trd, 4319997.493, 61
Trd, 4319998.193, 61
