Trd, 4318170.643, 140
Trd, 4318171.243, 140
Trd, 4318171.793, 140
Trd, 4318172.393, 140
Trd, 4318172.693, 139
Trd, 4318173.143, 138
Trd, 4318174.193, 134
Trd, 4318174.693, 134
Trd, 4318175.293, 140
Trd, 4318175.693, 140
Trd, 4318176.293, 140
Trd, 4318177.143, 139
Trd, 4318177.443, 121
Trd, 4318177.793, 117
Trd, 4318178.093, 116
Trd, 4318178.943, 140
Trd, 4318179.643, 140
Trd, 4318180.093, 140
Trd, 4318180.693, 140
Trd, 4318182.443, 61
Trd, 4318182.493, 93
Trd, 4318182.993, 140
Trd, 4318183.193, 139
Trd, 4318184.943, 140
Trd, 4318185.393, 140
Trd, 4318185.593, 140
Trd, 4318185.743, 125
Trd, 4318185.793, 121
Trd, 4318187.193, 61
Trd, 4318187.743, 68
Trd, 4318188.993, 61
Trd, 4318189.693, 79
Trd, 4318189.993, 138
Trd, 4318190.493, 139
Trd, 4318190.993, 140
Trd, 4318191.093, 138
Trd, 4318191.443, 75
Trd, 4318191.693, 72
Trd, 4318193.043, 61
Trd, 4318193.893, 61
Trd, 4318194.643, 137
Trd, 4318195.193, 86
Trd, 4318197.493, 92
Trd, 4318198.143, 61
Trd, 4318198.243, 60
Trd, 4318198.593, 65
Trd, 4318198.743, 80
Trd, 4318199.193, 61
Trd, 4318199.893, 140
Trd, 4318200.243, 140
Trd, 4318202.393, 65
Trd, 4318202.593, 62
Trd, 4318203.093, 60
Trd, 4318203.443, 64
Trd, 4318204.493, 63
Trd, 4318205.493, 81
Trd, 4318205.993, 74
Trd, 4318206.443, 81
Trd, 4318207.193, 93
Trd, 4318207.293, 130
Trd, 4318207.543, 70
Trd, 4318208.993, 137
Trd, 4318209.593, 140
Trd, 4318210.743, 140
Trd, 4318210.793, 110
Trd, 4318211.193, 89
Trd, 4318212.893, 86
Trd, 4318213.093, 85
Trd, 4318213.193, 101
Trd, 4318214.243, 64
Trd, 4318214.393, 68
Trd, 4318215.443, 67
Trd, 4318216.193, 67
Trd, 4318216.793, 69
Trd, 4318217.343, 86
Trd, 4318217.743, 77
Trd, 4318218.543, 70
Trd, 4318218.643, 134
Trd, 4318220.143, 139
Trd, 4318220.843, 140
Trd, 4318220.893, 140
Trd, 4318220.943, 140
Trd, 4318222.243, 140
Trd, 4318223.543, 140
Trd, 4318223.593, 139
Trd, 4318223.993, 121
Trd, 4318224.343, 60
Trd, 4318224.593, 130
Trd, 4318226.493, 73
Trd, 4318227.443, 66
Trd, 4318227.643, 140
Trd, 4318227.943, 140
Trd, 4318228.843, 88
Trd, 4318229.143, 67
Trd, 4318229.193, 94
Trd, 4318229.593, 67
Trd, 4318231.693, 65
Trd, 4318231.893, 65
Trd, 4318232.843, 68
Trd, 4318233.043, 93
Trd, 4318233.443, 69
Trd, 4318234.393, 140
Trd, 4318234.693, 140
Trd, 4318234.793, 116
Trd, 4318235.193, 61
Trd, 4318237.393, 140
Trd, 4318237.943, 64
Trd, 4318239.443, 60
Trd, 4318240.643, 60
Trd, 4318242.243, 62
Trd, 4318242.543, 65
Trd, 4318242.643, 67
Trd, 4318243.743, 60
Trd, 4318243.943, 60
Trd, 4318245.243, 62
Trd, 4318245.593, 67
Trd, 4318245.743, 63
Trd, 4318246.093, 62
Trd, 4318247.093, 64
Trd, 4318247.893, 140
Trd, 4318248.343, 140
Trd, 4318248.643, 140
Trd, 4318248.693, 140
Trd, 4318249.543, 128
Trd, 4318250.393, 140
Trd, 4318250.843, 139
Trd, 4318250.893, 121
Trd, 4318252.443, 140
Trd, 4318253.443, 139
Trd, 4318254.043, 117
Trd, 4318254.193, 96
Trd, 4318254.543, 67
Trd, 4318255.693, 63
Trd, 4318256.443, 140
Trd, 4318257.243, 89
Trd, 4318258.493, 65
Trd, 4318258.893, 60
Trd, 4318260.093, 62
Trd, 4318260.393, 83
Trd, 4318260.543, 99
Trd, 4318261.493, 140
Trd, 4318263.093, 62
Trd, 4318263.543, 61
Trd, 4318265.043, 138
Trd, 4318265.743, 139
Trd, 4318265.893, 139
Trd, 4318266.593, 121
Trd, 4318266.693, 119
Trd, 4318267.143, 139
Trd, 4318268.293, 140
Trd, 4318268.543, 140
Trd, 4318269.143, 140
Trd, 4318269.343, 119
Trd, 4318270.343, 82
Trd, 4318270.443, 81
Trd, 4318270.493, 76
Trd, 4318272.143, 61
Trd, 4318272.593, 63
Trd, 4318273.343, 138
Trd, 4318273.693, 107
Trd, 4318273.793, 117
Trd, 4318273.943, 106
Trd, 4318274.543, 137
Trd, 4318274.693, 136
Trd, 4318275.543, 139
Trd, 4318276.193, 67
Trd, 4318277.543, 64
Trd, 4318277.943, 75
Trd, 4318278.843, 104
Trd, 4318279.743, 63
Trd, 4318280.743, 140
Trd, 4318280.943, 140
Trd, 4318281.193, 140
Trd, 4318281.943, 140
Trd, 4318282.093, 140
Trd, 4318282.343, 138
Trd, 4318283.143, 126
Trd, 4318284.193, 140
Trd, 4318284.443, 140
Trd, 4318284.743, 139
Trd, 4318284.843, 124
Trd, 4318285.443, 138
Trd, 4318285.843, 136
Trd, 4318286.143, 140
Trd, 4318287.543, 139
Trd, 4318287.793, 138
Trd, 4318288.993, 60
Trd, 4318290.093, 69
Trd, 4318290.343, 112
Trd, 4318291.443, 73
Trd, 4318291.693, 139
Trd, 4318292.143, 139
Trd, 4318292.743, 77
Trd, 4318293.143, 140
Trd, 4318293.693, 83
Trd, 4318294.493, 92
Trd, 4318294.793, 125
Trd, 4318295.193, 127
Trd, 4318296.193, 139
Trd, 4318296.693, 138
Trd, 4318297.043, 140
Trd, 4318297.793, 138
Trd, 4318297.993, 120
Trd, 4318298.993, 62
Trd, 4318299.593, 60
Trd, 4318300.393, 63
Trd, 4318301.193, 76
Trd, 4318301.293, 81
Trd, 4318303.493, 61
Trd, 4318304.193, 63
Trd, 4318305.293, 63
Trd, 4318305.843, 69
Trd, 4318307.043, 61
Trd, 4318307.443, 69
Trd, 4318309.493, 105
Trd, 4318309.693, 74
Trd, 4318309.843, 106
Trd, 4318311.093, 80
Trd, 4318311.143, 76
Trd, 4318311.993, 123
Trd, 4318312.393, 140
Trd, 4318312.743, 81
Trd, 4318312.893, 72
Trd, 4318312.943, 101
Trd, 4318314.643, 139
Trd, 4318314.943, 136
Trd, 4318315.043, 133
Trd, 4318316.343, 134
Trd, 4318317.093, 93
Trd, 4318318.443, 140
Trd, 4318318.493, 139
Trd, 4318319.093, 140
Trd, 4318320.093, 140
Trd, 4318320.993, 140
Trd, 4318321.393, 139
Trd, 4318321.743, 138
Trd, 4318321.893, 138
Trd, 4318324.043, 139
Trd, 4318324.443, 140
Trd, 4318325.793, 140
Trd, 4318326.043, 140
Trd, 4318326.243, 138
Trd, 4318326.943, 140
Trd, 4318327.393, 139
Trd, 4318328.243, 140
Trd, 4318329.543, 140
Trd, 4318329.643, 140
Trd, 4318329.843, 115
Trd, 4318330.943, 140
Trd, 4318331.693, 140
Trd, 4318331.993, 140
Trd, 4318333.543, 140
Trd, 4318333.643, 139
Trd, 4318333.993, 138
Trd, 4318334.943, 65
Trd, 4318335.043, 65
Trd, 4318336.093, 86
Trd, 4318337.143, 139
Trd, 4318338.543, 140
Trd, 4318338.693, 140
Trd, 4318339.093, 140
Trd, 4318339.443, 140
Trd, 4318340.343, 139
Trd, 4318340.693, 122
Trd, 4318340.893, 121
Trd, 4318341.543, 75
Trd, 4318341.843, 125
Trd, 4318342.193, 64
Trd, 4318343.543, 140
Trd, 4318344.243, 140
Trd, 4318344.993, 140
Trd, 4318345.493, 140
Trd, 4318345.943, 140
Trd, 4318348.043, 140
Trd, 4318348.343, 140
Trd, 4318348.543, 140
Trd, 4318348.943, 140
Trd, 4318348.993, 135
Trd, 4318349.793, 60
Trd, 4318350.443, 69
Trd, 4318350.643, 61
Trd, 4318351.193, 60
Trd, 4318352.093, 66
Trd, 4318352.343, 140
Trd, 4318355.643, 128
Trd, 4318356.293, 140
Trd, 4318356.393, 139
Trd, 4318357.093, 140
Trd, 4318357.743, 138
Trd, 4318357.843, 140
Trd, 4318358.143, 130
Trd, 4318359.943, 140
Trd, 4318360.093, 140
Trd, 4318360.943, 131
Trd, 4318361.643, 131
Trd, 4318361.793, 130
Trd, 4318362.693, 139
Trd, 4318363.793, 139
Trd, 4318364.343, 115
Trd, 4318364.793, 140
Trd, 4318365.343, 140
Trd, 4318367.793, 61
Trd, 4318368.343, 68
Trd, 4318369.293, 82
Trd, 4318369.943, 81
Trd, 4318370.293, 104
Trd, 4318371.193, 125
Trd, 4318371.243, 83
Trd, 4318371.593, 140
Trd, 4318373.693, 60
Trd, 4318373.743, 61
Trd, 4318374.593, 65
Trd, 4318374.793, 61
Trd, 4318374.993, 137
Trd, 4318377.043, 62
Trd, 4318377.443, 67
Trd, 4318379.443, 64
Trd, 4318379.793, 61
Trd, 4318379.843, 63
Trd, 4318380.643, 64
Trd, 4318381.043, 138
Trd, 4318381.293, 83
Trd, 4318382.143, 63
Trd, 4318382.493, 60
Trd, 4318383.543, 61
Trd, 4318385.093, 60
Trd, 4318385.343, 61
Trd, 4318385.893, 94
Trd, 4318386.493, 84
Trd, 4318387.043, 140
Trd, 4318387.343, 65
Trd, 4318387.843, 109
Trd, 4318388.993, 62
Trd, 4318389.193, 80
Trd, 4318389.993, 60
Trd, 4318391.093, 63
Trd, 4318392.193, 61
Trd, 4318392.393, 64
Trd, 4318393.693, 60
Trd, 4318394.393, 61
Trd, 4318394.793, 72
Trd, 4318395.243, 138
Trd, 4318396.693, 62
Trd, 4318396.743, 68
Trd, 4318398.043, 140
Trd, 4318398.193, 136
Trd, 4318398.493, 136
Trd, 4318398.543, 135
Trd, 4318399.043, 67
Trd, 4318399.693, 60
Trd, 4318400.093, 140
Trd, 4318400.443, 140
Trd, 4318401.343, 67
Trd, 4318401.943, 139
Trd, 4318402.693, 120
Trd, 4318403.293, 140
Trd, 4318404.143, 139
Trd, 4318404.793, 140
Trd, 4318404.843, 123
Trd, 4318406.143, 122
Trd, 4318406.943, 140
Trd, 4318407.093, 121
Trd, 4318407.843, 139
Trd, 4318407.893, 139
Trd, 4318408.443, 140
Trd, 4318409.343, 139
Trd, 4318410.593, 99
Trd, 4318411.093, 114
Trd, 4318411.193, 98
Trd, 4318411.443, 134
Trd, 4318411.643, 133
Trd, 4318412.793, 140
Trd, 4318413.443, 138
Trd, 4318413.843, 61
Trd, 4318414.443, 138
Trd, 4318414.843, 60
Trd, 4318417.543, 60
Trd, 4318417.743, 63
Trd, 4318418.193, 66
Trd, 4318418.643, 75
Trd, 4318419.493, 68
Trd, 4318420.393, 60
Trd, 4318422.743, 140
Trd, 4318423.143, 71
Trd, 4318423.293, 70
Trd, 4318423.493, 101
Trd, 4318423.693, 66
Trd, 4318424.343, 61
Trd, 4318424.993, 140
Trd, 4318426.143, 60
Trd, 4318426.243, 63
Trd, 4318427.593, 60
Trd, 4318428.193, 63
Trd, 4318428.593, 104
Trd, 4318429.743, 62
Trd, 4318431.293, 60
Trd, 4318431.843, 61
Trd, 4318432.043, 64
Trd, 4318434.193, 60
Trd, 4318434.793, 62
Trd, 4318434.843, 65
Trd, 4318436.043, 63
Trd, 4318436.343, 61
Trd, 4318436.443, 72
Trd, 4318437.443, 99
Trd, 4318438.193, 72
Trd, 4318438.293, 139
Trd, 4318438.843, 68
Trd, 4318439.343, 60
Trd, 4318439.843, 133
Trd, 4318440.443, 138
Trd, 4318440.743, 84
Trd, 4318441.793, 65
Trd, 4318442.493, 140
Trd, 4318443.443, 140
Trd, 4318443.643, 140
Trd, 4318443.793, 131
Trd, 4318444.043, 114
Trd, 4318444.643, 139
Trd, 4318446.543, 65
Trd, 4318447.043, 61
Trd, 4318447.343, 66
Trd, 4318447.543, 102
Trd, 4318449.093, 139
Trd, 4318449.243, 139
Trd, 4318449.443, 138
Trd, 4318450.093, 62
Trd, 4318450.943, 62
Trd, 4318451.643, 96
Trd, 4318451.843, 128
Trd, 4318453.443, 65
Trd, 4318453.493, 77
Trd, 4318453.793, 60
Trd, 4318454.493, 63
Trd, 4318455.643, 140
Trd, 4318455.693, 139
Trd, 4318455.943, 60
Trd, 4318456.843, 60
Trd, 4318457.293, 62
Trd, 4318457.943, 69
Trd, 4318458.443, 140
Trd, 4318458.943, 140
Trd, 4318459.243, 140
Trd, 4318459.943, 139
Trd, 4318462.393, 66
Trd, 4318463.443, 140
Trd, 4318463.743, 138
Trd, 4318464.743, 128
Trd, 4318465.543, 140
Trd, 4318465.693, 118
Trd, 4318466.093, 72
Trd, 4318467.943, 140
Trd, 4318467.993, 140
Trd, 4318468.143, 140
Trd, 4318468.393, 121
Trd, 4318469.143, 97
Trd, 4318469.693, 89
Trd, 4318469.743, 87
Trd, 4318469.843, 106
Trd, 4318471.143, 109
Trd, 4318471.243, 103
Trd, 4318471.393, 102
Trd, 4318472.193, 140
Trd, 4318472.993, 84
Trd, 4318473.643, 62
Trd, 4318474.543, 61
Trd, 4318475.693, 62
Trd, 4318477.143, 61
Trd, 4318479.293, 74
Trd, 4318479.543, 72
Trd, 4318479.743, 64
Trd, 4318480.243, 108
Trd, 4318480.743, 140
Trd, 4318480.793, 71
Trd, 4318481.793, 140
Trd, 4318482.243, 140
Trd, 4318482.943, 139
Trd, 4318484.293, 80
Trd, 4318484.543, 79
Trd, 4318484.843, 71
Trd, 4318485.043, 60
Trd, 4318486.393, 60
Trd, 4318486.643, 60
Trd, 4318486.693, 63
Trd, 4318487.793, 61
Trd, 4318488.093, 101
Trd, 4318490.143, 62
Trd, 4318490.443, 64
Trd, 4318490.693, 68
Trd, 4318491.993, 63
Trd, 4318492.793, 62
Trd, 4318493.193, 60
Trd, 4318493.593, 140
Trd, 4318494.043, 140
Trd, 4318494.293, 140
Trd, 4318494.793, 140
Trd, 4318494.843, 140
Trd, 4318496.143, 139
Trd, 4318496.193, 139
Trd, 4318498.093, 140
Trd, 4318498.143, 140
Trd, 4318498.343, 139
Trd, 4318499.943, 63
Trd, 4318500.393, 61
Trd, 4318500.943, 140
Trd, 4318501.143, 139
Trd, 4318502.843, 60
Trd, 4318503.143, 79
Trd, 4318503.643, 138
Trd, 4318504.343, 140
Trd, 4318504.693, 137
Trd, 4318504.993, 123
Trd, 4318505.443, 140
Trd, 4318506.193, 137
Trd, 4318506.343, 123
Trd, 4318507.493, 140
Trd, 4318507.743, 140
Trd, 4318508.093, 140
Trd, 4318508.543, 140
Trd, 4318509.193, 112
Trd, 4318509.393, 111
Trd, 4318509.493, 140
Trd, 4318510.893, 83
Trd, 4318512.093, 62
Trd, 4318512.493, 64
Trd, 4318513.593, 61
Trd, 4318514.393, 66
Trd, 4318514.793, 70
Trd, 4318514.993, 64
Trd, 4318516.493, 140
Trd, 4318516.543, 140
Trd, 4318518.343, 140
Trd, 4318518.593, 140
Trd, 4318519.093, 140
Trd, 4318519.543, 110
Trd, 4318519.843, 112
Trd, 4318520.043, 136
Trd, 4318521.443, 140
Trd, 4318522.143, 140
Trd, 4318522.793, 140
Trd, 4318522.993, 140
Trd, 4318523.193, 140
Trd, 4318523.293, 138
Trd, 4318525.593, 139
Trd, 4318525.643, 119
Trd, 4318526.143, 139
Trd, 4318526.193, 118
Trd, 4318526.593, 113
Trd, 4318527.293, 140
Trd, 4318527.443, 137
Trd, 4318528.043, 139
Trd, 4318530.493, 140
Trd, 4318530.693, 140
Trd, 4318531.693, 140
Trd, 4318532.893, 140
Trd, 4318532.993, 140
Trd, 4318533.093, 140
Trd, 4318533.193, 140
Trd, 4318533.793, 140
Trd, 4318534.143, 140
Trd, 4318534.843, 140
Trd, 4318535.693, 139
Trd, 4318536.793, 97
Trd, 4318537.093, 87
Trd, 4318537.443, 137
Trd, 4318537.943, 105
Trd, 4318538.343, 138
Trd, 4318538.993, 137
Trd, 4318541.293, 73
Trd, 4318541.493, 67
Trd, 4318541.643, 77
Trd, 4318542.293, 140
Trd, 4318542.393, 123
Trd, 4318543.793, 140
Trd, 4318544.643, 140
Trd, 4318545.493, 140
Trd, 4318545.893, 140
Trd, 4318546.043, 140
Trd, 4318547.593, 140
Trd, 4318547.793, 140
Trd, 4318548.793, 140
Trd, 4318549.643, 140
Trd, 4318550.143, 140
Trd, 4318550.443, 140
Trd, 4318550.843, 138
Trd, 4318550.943, 121
Trd, 4318551.593, 106
Trd, 4318551.993, 140
Trd, 4318553.193, 66
Trd, 4318555.293, 60
Trd, 4318555.643, 61
Trd, 4318555.793, 63
Trd, 4318557.093, 63
Trd, 4318557.193, 65
Trd, 4318557.543, 65
Trd, 4318558.993, 60
Trd, 4318559.543, 60
Trd, 4318559.793, 130
Trd, 4318560.843, 67
Trd, 4318560.993, 115
Trd, 4318562.243, 61
Trd, 4318564.193, 64
Trd, 4318564.543, 63
Trd, 4318564.893, 66
Trd, 4318565.743, 65
Trd, 4318565.943, 101
Trd, 4318566.343, 140
Trd, 4318567.393, 140
Trd, 4318567.443, 122
Trd, 4318568.043, 121
Trd, 4318568.293, 140
Trd, 4318569.643, 139
Trd, 4318570.143, 82
Trd, 4318570.393, 139
Trd, 4318571.393, 60
Trd, 4318571.943, 60
Trd, 4318572.593, 60
Trd, 4318572.993, 62
Trd, 4318573.543, 74
Trd, 4318573.943, 139
Trd, 4318575.043, 140
Trd, 4318575.743, 140
Trd, 4318575.893, 139
Trd, 4318575.993, 138
Trd, 4318576.343, 122
Trd, 4318577.493, 112
Trd, 4318577.643, 111
Trd, 4318578.493, 69
Trd, 4318579.293, 61
Trd, 4318580.843, 66
Trd, 4318581.043, 76
Trd, 4318581.493, 86
Trd, 4318582.743, 62
Trd, 4318584.743, 68
Trd, 4318584.843, 68
Trd, 4318586.043, 61
Trd, 4318586.293, 64
Trd, 4318586.793, 63
Trd, 4318587.293, 68
Trd, 4318587.993, 61
Trd, 4318588.493, 60
Trd, 4318588.543, 114
Trd, 4318589.343, 123
Trd, 4318589.793, 66
Trd, 4318590.443, 63
Trd, 4318591.843, 63
Trd, 4318591.993, 137
Trd, 4318593.243, 65
Trd, 4318594.443, 63
Trd, 4318595.393, 80
Trd, 4318596.143, 61
Trd, 4318596.393, 64
Trd, 4318596.993, 131
Trd, 4318597.543, 66
Trd, 4318598.093, 103
Trd, 4318598.393, 61
Trd, 4318598.643, 61
Trd, 4318599.343, 140
Trd, 4318600.143, 140
Trd, 4318600.243, 139
Trd, 4318601.593, 138
Trd, 4318602.293, 108
Trd, 4318602.893, 140
Trd, 4318603.643, 140
Trd, 4318603.843, 124
Trd, 4318603.993, 123
Trd, 4318604.093, 135
Trd, 4318604.143, 102
Trd, 4318605.443, 139
Trd, 4318606.393, 140
Trd, 4318606.543, 140
Trd, 4318607.193, 140
Trd, 4318607.393, 138
Trd, 4318608.393, 140
Trd, 4318608.893, 140
Trd, 4318609.743, 140
Trd, 4318610.993, 140
Trd, 4318611.093, 139
Trd, 4318611.743, 140
Trd, 4318611.793, 140
Trd, 4318612.393, 62
Trd, 4318613.293, 124
Trd, 4318613.443, 140
Trd, 4318614.443, 123
Trd, 4318616.143, 140
Trd, 4318616.243, 140
Trd, 4318617.643, 140
Trd, 4318617.743, 140
Trd, 4318618.243, 140
Trd, 4318618.443, 140
Trd, 4318618.893, 140
Trd, 4318619.893, 74
Trd, 4318621.193, 140
Trd, 4318621.243, 140
Trd, 4318621.443, 139
Trd, 4318621.643, 137
Trd, 4318622.793, 140
Trd, 4318622.943, 137
Trd, 4318624.993, 140
Trd, 4318626.243, 140
Trd, 4318627.493, 140
Trd, 4318627.843, 140
Trd, 4318628.143, 140
Trd, 4318628.343, 139
Trd, 4318629.193, 139
Trd, 4318629.243, 126
Trd, 4318629.943, 140
Trd, 4318629.993, 107
Trd, 4318630.443, 139
Trd, 4318631.043, 138
Trd, 4318631.743, 83
Trd, 4318633.843, 60
Trd, 4318634.343, 108
Trd, 4318634.693, 108
Trd, 4318635.043, 102
Trd, 4318636.743, 62
Trd, 4318636.943, 63
Trd, 4318637.293, 60
Trd, 4318637.393, 64
Trd, 4318637.843, 80
Trd, 4318638.843, 61
Trd, 4318639.043, 65
Trd, 4318640.243, 67
Trd, 4318641.293, 140
Trd, 4318641.643, 69
Trd, 4318641.743, 66
Trd, 4318642.093, 63
Trd, 4318642.493, 139
Trd, 4318642.793, 140
Trd, 4318643.943, 103
Trd, 4318644.693, 65
Trd, 4318645.943, 140
Trd, 4318646.093, 140
Trd, 4318646.693, 140
Trd, 4318646.993, 140
Trd, 4318647.343, 139
Trd, 4318648.143, 140
Trd, 4318648.193, 137
Trd, 4318648.893, 140
Trd, 4318649.093, 81
Trd, 4318649.693, 140
Trd, 4318650.793, 139
Trd, 4318650.843, 121
Trd, 4318652.193, 140
Trd, 4318652.743, 140
Trd, 4318652.843, 140
Trd, 4318654.343, 140
Trd, 4318654.643, 140
Trd, 4318654.843, 140
Trd, 4318655.293, 123
Trd, 4318655.743, 139
Trd, 4318657.143, 140
Trd, 4318657.943, 140
Trd, 4318658.043, 140
Trd, 4318658.943, 140
Trd, 4318659.193, 140
Trd, 4318659.593, 124
Trd, 4318659.643, 122
Trd, 4318660.793, 140
Trd, 4318661.543, 139
Trd, 4318662.793, 140
Trd, 4318663.143, 139
Trd, 4318663.643, 110
Trd, 4318664.043, 91
Trd, 4318665.193, 140
Trd, 4318665.243, 140
Trd, 4318665.643, 140
Trd, 4318666.193, 140
Trd, 4318666.393, 137
Trd, 4318668.893, 140
Trd, 4318669.143, 139
Trd, 4318669.393, 140
Trd, 4318669.543, 139
Trd, 4318670.893, 139
Trd, 4318670.943, 136
Trd, 4318672.193, 61
Trd, 4318672.493, 139
Trd, 4318672.693, 140
Trd, 4318672.893, 96
Trd, 4318673.893, 140
Trd, 4318674.443, 123
Trd, 4318674.793, 98
Trd, 4318675.243, 60
Trd, 4318676.793, 140
Trd, 4318676.943, 139
Trd, 4318678.293, 61
Trd, 4318678.393, 68
Trd, 4318679.543, 106
Trd, 4318679.743, 101
Trd, 4318679.793, 65
Trd, 4318680.443, 140
Trd, 4318681.943, 139
Trd, 4318682.343, 119
Trd, 4318682.643, 139
Trd, 4318683.943, 140
Trd, 4318684.143, 138
Trd, 4318684.193, 109
Trd, 4318684.643, 72
Trd, 4318685.043, 67
Trd, 4318685.593, 70
Trd, 4318685.743, 66
Trd, 4318687.543, 66
Trd, 4318688.343, 68
Trd, 4318688.643, 73
Trd, 4318689.193, 115
Trd, 4318689.393, 66
Trd, 4318689.993, 65
Trd, 4318690.093, 64
Trd, 4318690.393, 76
Trd, 4318691.143, 138
Trd, 4318692.043, 137
Trd, 4318692.243, 138
Trd, 4318692.793, 124
Trd, 4318692.843, 110
Trd, 4318694.093, 139
Trd, 4318694.843, 60
Trd, 4318695.193, 61
Trd, 4318696.443, 60
Trd, 4318697.693, 63
Trd, 4318698.143, 119
Trd, 4318698.293, 118
Trd, 4318699.243, 140
Trd, 4318699.393, 140
Trd, 4318699.493, 140
Trd, 4318700.793, 140
Trd, 4318701.193, 140
Trd, 4318702.193, 64
Trd, 4318703.193, 62
Trd, 4318703.793, 140
Trd, 4318704.593, 140
Trd, 4318704.993, 140
Trd, 4318705.293, 140
Trd, 4318706.993, 69
Trd, 4318707.743, 60
Trd, 4318707.893, 62
Trd, 4318708.843, 61
Trd, 4318709.143, 60
Trd, 4318709.443, 61
Trd, 4318710.643, 61
Trd, 4318711.093, 61
Trd, 4318712.843, 74
Trd, 4318713.493, 62
Trd, 4318713.793, 62
Trd, 4318714.093, 102
Trd, 4318715.143, 65
Trd, 4318715.793, 140
Trd, 4318716.143, 63
Trd, 4318717.093, 64
Trd, 4318719.343, 60
Trd, 4318719.643, 60
Trd, 4318719.793, 64
Trd, 4318720.243, 114
Trd, 4318720.743, 65
Trd, 4318721.643, 60
Trd, 4318721.943, 64
Trd, 4318722.793, 140
Trd, 4318723.643, 131
Trd, 4318723.893, 60
Trd, 4318724.193, 73
Trd, 4318724.543, 61
Trd, 4318725.493, 65
Trd, 4318727.043, 73
Trd, 4318728.943, 60
Trd, 4318729.643, 81
Trd, 4318729.693, 80
Trd, 4318730.093, 139
Trd, 4318730.493, 140
Trd, 4318730.893, 140
Trd, 4318731.493, 75
Trd, 4318732.143, 116
Trd, 4318733.343, 60
Trd, 4318733.593, 70
Trd, 4318734.293, 60
Trd, 4318734.793, 66
Trd, 4318735.793, 102
Trd, 4318736.493, 138
Trd, 4318737.793, 63
Trd, 4318738.293, 140
Trd, 4318738.793, 77
Trd, 4318740.043, 61
Trd, 4318740.543, 64
Trd, 4318740.693, 66
Trd, 4318741.793, 140
Trd, 4318741.993, 140
Trd, 4318742.143, 140
Trd, 4318743.993, 140
Trd, 4318744.043, 140
Trd, 4318744.643, 140
Trd, 4318744.693, 139
Trd, 4318745.893, 140
Trd, 4318746.043, 136
Trd, 4318746.693, 124
Trd, 4318747.093, 138
Trd, 4318747.343, 140
Trd, 4318748.943, 76
Trd, 4318749.893, 138
Trd, 4318750.543, 138
Trd, 4318750.593, 137
Trd, 4318750.843, 75
Trd, 4318751.693, 140
Trd, 4318752.843, 140
Trd, 4318753.593, 140
Trd, 4318753.893, 140
Trd, 4318754.793, 140
Trd, 4318755.343, 140
Trd, 4318755.593, 140
Trd, 4318756.093, 139
Trd, 4318756.493, 136
Trd, 4318758.543, 140
Trd, 4318758.743, 140
Trd, 4318758.993, 139
Trd, 4318759.093, 138
Trd, 4318759.193, 123
Trd, 4318759.243, 122
Trd, 4318759.543, 137
Trd, 4318760.393, 86
Trd, 4318761.793, 139
Trd, 4318762.343, 75
Trd, 4318762.543, 140
Trd, 4318763.843, 140
Trd, 4318764.343, 80
Trd, 4318765.093, 137
Trd, 4318765.193, 134
Trd, 4318765.693, 116
Trd, 4318766.343, 140
Trd, 4318767.193, 140
Trd, 4318767.243, 139
Trd, 4318768.243, 140
Trd, 4318769.493, 62
Trd, 4318769.743, 63
Trd, 4318770.743, 63
Trd, 4318771.443, 140
Trd, 4318771.493, 140
Trd, 4318772.043, 94
Trd, 4318773.843, 61
Trd, 4318774.643, 60
Trd, 4318775.043, 63
Trd, 4318775.743, 73
Trd, 4318776.643, 140
Trd, 4318776.693, 140
Trd, 4318776.993, 76
Trd, 4318777.943, 131
Trd, 4318778.493, 64
Trd, 4318779.193, 64
Trd, 4318781.593, 60
Trd, 4318781.693, 61
Trd, 4318781.743, 61
Trd, 4318782.893, 62
Trd, 4318782.943, 90
Trd, 4318783.793, 138
Trd, 4318784.243, 82
Trd, 4318784.893, 140
Trd, 4318784.993, 78
Trd, 4318786.693, 139
Trd, 4318786.793, 139
Trd, 4318786.843, 137
Trd, 4318788.443, 62
Trd, 4318788.793, 65
Trd, 4318789.143, 60
Trd, 4318790.343, 71
Trd, 4318790.943, 60
Trd, 4318792.143, 60
Trd, 4318792.393, 68
Trd, 4318792.893, 60
Trd, 4318793.043, 60
Trd, 4318794.743, 65
Trd, 4318796.493, 64
Trd, 4318796.793, 60
Trd, 4318797.243, 67
Trd, 4318797.793, 94
Trd, 4318798.593, 66
Trd, 4318798.893, 64
Trd, 4318798.993, 61
Trd, 4318799.643, 87
Trd, 4318801.493, 60
Trd, 4318801.843, 65
Trd, 4318802.293, 63
Trd, 4318803.893, 64
Trd, 4318804.293, 94
Trd, 4318804.593, 66
Trd, 4318805.393, 68
Trd, 4318806.093, 140
Trd, 4318806.693, 140
Trd, 4318806.943, 140
Trd, 4318808.243, 140
Trd, 4318809.593, 140
Trd, 4318809.793, 140
Trd, 4318809.943, 140
Trd, 4318810.243, 140
Trd, 4318810.793, 128
Trd, 4318812.543, 62
Trd, 4318812.993, 60
Trd, 4318813.543, 61
Trd, 4318813.593, 73
Trd, 4318813.893, 100
Trd, 4318815.293, 60
Trd, 4318815.793, 60
Trd, 4318817.243, 68
Trd, 4318817.443, 116
Trd, 4318818.143, 136
Trd, 4318818.543, 60
Trd, 4318819.393, 60
Trd, 4318820.493, 65
Trd, 4318820.593, 68
Trd, 4318820.893, 138
Trd, 4318821.643, 140
Trd, 4318822.693, 64
Trd, 4318824.943, 61
Trd, 4318824.993, 68
Trd, 4318825.593, 68
Trd, 4318825.793, 61
Trd, 4318826.193, 71
Trd, 4318827.443, 60
Trd, 4318829.293, 61
Trd, 4318829.593, 62
Trd, 4318829.843, 63
Trd, 4318830.243, 63
Trd, 4318831.093, 60
Trd, 4318831.943, 62
Trd, 4318832.643, 64
Trd, 4318834.043, 61
Trd, 4318835.193, 63
Trd, 4318835.243, 62
Trd, 4318835.593, 65
Trd, 4318836.543, 112
Trd, 4318836.993, 134
Trd, 4318837.343, 102
Trd, 4318837.393, 74
Trd, 4318838.893, 139
Trd, 4318839.943, 60
Trd, 4318840.843, 60
Trd, 4318841.443, 66
Trd, 4318841.543, 85
Trd, 4318842.743, 60
Trd, 4318843.543, 60
Trd, 4318844.543, 140
Trd, 4318845.693, 140
Trd, 4318845.893, 140
Trd, 4318846.243, 140
Trd, 4318846.893, 140
Trd, 4318847.093, 140
Trd, 4318847.643, 137
Trd, 4318847.843, 122
Trd, 4318848.993, 73
Trd, 4318849.393, 66
Trd, 4318850.693, 60
Trd, 4318851.093, 61
Trd, 4318851.493, 61
Trd, 4318851.843, 61
Trd, 4318852.393, 61
Trd, 4318854.643, 62
Trd, 4318855.143, 64
Trd, 4318856.143, 78
Trd, 4318857.293, 64
Trd, 4318858.043, 60
Trd, 4318858.243, 104
Trd, 4318858.593, 64
Trd, 4318859.143, 84
Trd, 4318859.393, 66
Trd, 4318860.393, 139
Trd, 4318860.493, 139
Trd, 4318861.293, 70
Trd, 4318861.893, 77
Trd, 4318862.143, 75
Trd, 4318862.243, 90
Trd, 4318862.643, 104
Trd, 4318863.693, 140
Trd, 4318864.093, 135
Trd, 4318864.793, 120
Trd, 4318864.893, 118
Trd, 4318865.493, 83
Trd, 4318866.693, 62
Trd, 4318867.693, 101
Trd, 4318868.543, 60
Trd, 4318868.993, 62
Trd, 4318870.043, 66
Trd, 4318870.593, 64
Trd, 4318871.793, 60
Trd, 4318871.993, 139
Trd, 4318872.893, 82
Trd, 4318873.143, 60
Trd, 4318873.743, 63
Trd, 4318874.593, 71
Trd, 4318874.893, 80
Trd, 4318877.293, 65
Trd, 4318877.643, 66
Trd, 4318877.743, 89
Trd, 4318878.093, 63
Trd, 4318878.943, 62
Trd, 4318879.393, 140
Trd, 4318880.243, 140
Trd, 4318880.743, 140
Trd, 4318880.893, 140
Trd, 4318881.193, 140
Trd, 4318881.243, 138
Trd, 4318881.493, 70
Trd, 4318882.143, 63
Trd, 4318882.443, 86
Trd, 4318883.693, 140
Trd, 4318883.743, 139
Trd, 4318884.093, 122
Trd, 4318885.493, 60
Trd, 4318885.993, 64
Trd, 4318886.893, 65
Trd, 4318888.793, 61
Trd, 4318888.843, 64
Trd, 4318889.493, 60
Trd, 4318889.643, 62
Trd, 4318890.493, 63
Trd, 4318891.143, 63
Trd, 4318891.343, 65
Trd, 4318891.393, 100
Trd, 4318892.193, 61
Trd, 4318892.793, 61
Trd, 4318893.343, 140
Trd, 4318894.293, 62
Trd, 4318895.093, 137
Trd, 4318895.143, 119
Trd, 4318896.443, 139
Trd, 4318896.743, 139
Trd, 4318897.743, 61
Trd, 4318898.593, 93
Trd, 4318899.093, 66
Trd, 4318900.093, 62
Trd, 4318900.743, 61
Trd, 4318903.043, 63
Trd, 4318903.093, 73
Trd, 4318903.543, 139
Trd, 4318905.693, 63
Trd, 4318906.043, 64
Trd, 4318906.543, 64
Trd, 4318906.643, 64
Trd, 4318906.693, 66
Trd, 4318906.993, 136
Trd, 4318907.943, 115
Trd, 4318907.993, 65
Trd, 4318908.693, 67
Trd, 4318908.793, 66
Trd, 4318909.893, 61
Trd, 4318910.793, 60
Trd, 4318912.443, 63
Trd, 4318912.793, 76
Trd, 4318913.343, 140
Trd, 4318913.793, 70
Trd, 4318914.293, 63
Trd, 4318915.593, 61
Trd, 4318915.793, 62
Trd, 4318916.443, 62
Trd, 4318916.893, 63
Trd, 4318917.593, 63
Trd, 4318917.843, 66
Trd, 4318918.393, 140
Trd, 4318918.743, 140
Trd, 4318918.943, 140
Trd, 4318919.943, 140
Trd, 4318921.293, 140
Trd, 4318921.343, 140
Trd, 4318922.393, 61
Trd, 4318923.643, 60
Trd, 4318923.693, 65
Trd, 4318924.593, 138
Trd, 4318926.343, 63
Trd, 4318926.543, 68
Trd, 4318927.743, 60
Trd, 4318927.843, 61
Trd, 4318928.193, 64
Trd, 4318928.443, 126
Trd, 4318929.443, 75
Trd, 4318929.943, 89
Trd, 4318930.093, 140
Trd, 4318931.143, 67
Trd, 4318931.793, 100
Trd, 4318932.443, 72
Trd, 4318932.843, 70
Trd, 4318932.893, 70
Trd, 4318933.293, 86
Trd, 4318934.293, 62
Trd, 4318934.543, 68
Trd, 4318935.493, 139
Trd, 4318937.093, 61
Trd, 4318937.493, 61
Trd, 4318937.643, 65
Trd, 4318939.793, 140
Trd, 4318939.893, 140
Trd, 4318940.243, 140
Trd, 4318940.793, 140
Trd, 4318941.093, 138
Trd, 4318941.343, 140
Trd, 4318941.793, 140
Trd, 4318943.343, 140
Trd, 4318943.993, 139
Trd, 4318944.193, 139
Trd, 4318944.443, 139
Trd, 4318945.643, 140
Trd, 4318945.743, 140
Trd, 4318946.343, 140
Trd, 4318947.743, 140
Trd, 4318948.093, 140
Trd, 4318948.193, 140
Trd, 4318949.593, 110
Trd, 4318950.343, 61
Trd, 4318950.693, 140
Trd, 4318951.593, 136
Trd, 4318952.193, 107
Trd, 4318952.843, 92
Trd, 4318954.143, 140
Trd, 4318955.593, 140
Trd, 4318956.143, 140
Trd, 4318956.193, 140
Trd, 4318956.393, 140
Trd, 4318956.843, 140
Trd, 4318958.643, 140
Trd, 4318958.843, 140
Trd, 4318958.893, 139
Trd, 4318959.543, 140
Trd, 4318960.043, 123
Trd, 4318960.393, 124
Trd, 4318961.243, 139
Trd, 4318961.743, 139
Trd, 4318961.843, 123
Trd, 4318963.293, 140
Trd, 4318963.543, 139
Trd, 4318963.943, 127
Trd, 4318965.143, 61
Trd, 4318966.143, 61
Trd, 4318967.093, 63
Trd, 4318967.293, 113
Trd, 4318968.693, 62
Trd, 4318968.843, 68
Trd, 4318969.093, 63
Trd, 4318969.243, 62
Trd, 4318970.143, 140
Trd, 4318970.943, 140
Trd, 4318971.643, 140
Trd, 4318971.793, 139
Trd, 4318972.843, 139
Trd, 4318973.793, 140
Trd, 4318973.993, 138
Trd, 4318975.093, 140
Trd, 4318975.693, 140
Trd, 4318976.243, 139
Trd, 4318976.293, 112
Trd, 4318977.143, 140
Trd, 4318978.843, 140
Trd, 4318979.193, 140
Trd, 4318979.293, 140
Trd, 4318980.093, 140
Trd, 4318980.443, 123
Trd, 4318980.893, 63
Trd, 4318981.543, 63
Trd, 4318982.093, 66
Trd, 4318983.193, 61
Trd, 4318984.143, 71
Trd, 4318984.343, 75
Trd, 4318985.943, 62
Trd, 4318986.143, 66
Trd, 4318986.543, 68
Trd, 4318987.443, 71
Trd, 4318987.993, 64
Trd, 4318988.693, 88
Trd, 4318989.143, 140
Trd, 4318990.443, 140
Trd, 4318990.593, 140
Trd, 4318990.893, 138
Trd, 4318991.343, 140
Trd, 4318992.143, 139
Trd, 4318992.643, 140
Trd, 4318993.343, 140
Trd, 4318994.593, 140
Trd, 4318994.893, 140
Trd, 4318996.243, 140
Trd, 4318996.843, 140
Trd, 4318996.943, 140
Trd, 4318997.643, 140
Trd, 4318999.243, 140
Trd, 4318999.393, 140
Trd, 4318999.493, 140
Trd, 4319000.093, 140
Trd, 4319000.243, 139
Trd, 4319000.693, 61
Trd, 4319002.643, 68
Trd, 4319002.993, 126
Trd, 4319003.593, 113
Trd, 4319004.243, 105
Trd, 4319005.493, 140
Trd, 4319005.743, 138
Trd, 4319005.943, 108
Trd, 4319006.143, 105
Trd, 4319006.993, 139
Trd, 4319007.843, 140
Trd, 4319008.893, 140
Trd, 4319009.743, 140
Trd, 4319009.843, 140
Trd, 4319009.893, 135
Trd, 4319010.893, 140
Trd, 4319011.193, 109
Trd, 4319011.443, 66
Trd, 4319012.343, 127
Trd, 4319012.693, 98
Trd, 4319013.643, 140
Trd, 4319014.193, 139
Trd, 4319014.793, 137
Trd, 4319016.243, 140
Trd, 4319016.593, 140
Trd, 4319016.693, 140
Trd, 4319016.793, 137
Trd, 4319017.193, 127
Trd, 4319019.443, 61
Trd, 4319019.943, 64
Trd, 4319020.393, 69
Trd, 4319022.193, 61
Trd, 4319022.693, 63
Trd, 4319022.843, 68
Trd, 4319022.893, 69
Trd, 4319024.243, 60
Trd, 4319024.593, 63
Trd, 4319025.293, 67
Trd, 4319025.893, 74
Trd, 4319026.293, 60
Trd, 4319026.393, 106
Trd, 4319026.743, 63
Trd, 4319027.543, 140
Trd, 4319027.593, 140
Trd, 4319029.143, 62
Trd, 4319030.093, 61
Trd, 4319030.843, 61
Trd, 4319031.893, 62
Trd, 4319032.343, 138
Trd, 4319032.993, 60
Trd, 4319033.793, 69
Trd, 4319034.643, 85
Trd, 4319035.043, 140
Trd, 4319035.143, 139
Trd, 4319035.793, 140
Trd, 4319036.043, 139
Trd, 4319037.243, 140
Trd, 4319037.793, 140
Trd, 4319038.743, 140
Trd, 4319039.693, 140
Trd, 4319041.293, 140
Trd, 4319041.693, 140
Trd, 4319041.743, 140
Trd, 4319042.543, 140
Trd, 4319042.743, 140
Trd, 4319043.193, 140
Trd, 4319043.243, 140
Trd, 4319043.993, 140
Trd, 4319044.393, 135
Trd, 4319044.593, 125
Trd, 4319045.043, 139
Trd, 4319045.943, 140
Trd, 4319046.243, 140
Trd, 4319047.043, 140
Trd, 4319047.743, 140
Trd, 4319048.093, 140
Trd, 4319048.943, 140
Trd, 4319049.593, 139
Trd, 4319050.143, 123
Trd, 4319051.043, 60
Trd, 4319051.793, 64
Trd, 4319052.293, 115
Trd, 4319052.693, 137
Trd, 4319053.143, 96
Trd, 4319053.993, 63
Trd, 4319054.543, 61
Trd, 4319055.343, 79
Trd, 4319055.743, 78
Trd, 4319055.993, 62
Trd, 4319056.093, 136
Trd, 4319056.893, 70
Trd, 4319057.443, 140
Trd, 4319058.243, 140
Trd, 4319058.343, 140
Trd, 4319061.193, 62
Trd, 4319061.993, 61
Trd, 4319062.443, 60
Trd, 4319062.593, 65
Trd, 4319063.593, 65
Trd, 4319063.743, 62
Trd, 4319064.193, 71
Trd, 4319064.593, 65
Trd, 4319064.693, 84
Trd, 4319064.993, 64
Trd, 4319066.893, 140
Trd, 4319067.343, 140
Trd, 4319067.843, 140
Trd, 4319068.043, 137
Trd, 4319068.393, 140
Trd, 4319069.593, 109
Trd, 4319069.893, 110
Trd, 4319070.743, 125
Trd, 4319072.593, 60
Trd, 4319073.443, 66
Trd, 4319074.243, 61
Trd, 4319074.643, 66
Trd, 4319074.893, 93
Trd, 4319075.793, 63
Trd, 4319076.343, 140
Trd, 4319076.893, 140
Trd, 4319077.093, 125
Trd, 4319077.293, 126
Trd, 4319077.693, 139
Trd, 4319078.893, 140
Trd, 4319079.093, 110
Trd, 4319080.493, 61
Trd, 4319081.193, 64
Trd, 4319081.793, 64
Trd, 4319082.043, 62
Trd, 4319083.243, 60
Trd, 4319083.843, 63
Trd, 4319084.593, 62
Trd, 4319085.143, 62
Trd, 4319085.243, 62
Trd, 4319086.043, 61
Trd, 4319086.343, 60
Trd, 4319088.493, 62
Trd, 4319088.943, 61
Trd, 4319089.043, 139
Trd, 4319089.293, 64
Trd, 4319089.543, 63
Trd, 4319090.543, 140
Trd, 4319090.893, 140
Trd, 4319091.843, 140
Trd, 4319092.543, 140
Trd, 4319092.693, 140
Trd, 4319093.043, 139
Trd, 4319093.343, 139
Trd, 4319093.793, 123
Trd, 4319093.893, 121
Trd, 4319096.793, 140
Trd, 4319096.893, 140
Trd, 4319097.393, 139
Trd, 4319097.643, 139
Trd, 4319097.693, 133
Trd, 4319098.993, 140
Trd, 4319099.393, 125
Trd, 4319100.143, 140
Trd, 4319100.543, 61
Trd, 4319102.693, 137
Trd, 4319103.293, 140
Trd, 4319104.243, 140
Trd, 4319104.443, 139
Trd, 4319105.093, 140
Trd, 4319105.443, 140
Trd, 4319106.143, 139
Trd, 4319106.993, 140
Trd, 4319108.193, 140
Trd, 4319108.343, 140
Trd, 4319108.643, 139
Trd, 4319108.693, 139
Trd, 4319109.093, 111
Trd, 4319109.543, 138
Trd, 4319110.643, 140
Trd, 4319110.843, 138
Trd, 4319111.593, 91
Trd, 4319112.093, 60
Trd, 4319113.093, 140
Trd, 4319113.593, 140
Trd, 4319114.443, 140
Trd, 4319114.543, 139
Trd, 4319114.643, 139
Trd, 4319114.943, 139
Trd, 4319115.593, 140
Trd, 4319116.193, 138
Trd, 4319116.843, 140
Trd, 4319117.293, 81
Trd, 4319118.943, 61
Trd, 4319120.793, 62
Trd, 4319121.093, 96
Trd, 4319122.143, 93
Trd, 4319122.743, 140
Trd, 4319123.793, 140
Trd, 4319124.293, 137
Trd, 4319124.643, 139
Trd, 4319124.743, 119
Trd, 4319125.643, 64
Trd, 4319126.143, 62
Trd, 4319126.243, 118
Trd, 4319126.943, 68
Trd, 4319128.693, 67
Trd, 4319130.193, 62
Trd, 4319130.493, 62
Trd, 4319130.743, 71
Trd, 4319133.493, 62
Trd, 4319133.743, 62
Trd, 4319134.143, 63
Trd, 4319135.643, 62
Trd, 4319136.043, 64
Trd, 4319136.343, 62
Trd, 4319136.493, 62
Trd, 4319136.893, 64
Trd, 4319137.143, 113
Trd, 4319137.543, 60
Trd, 4319138.293, 77
Trd, 4319141.393, 63
Trd, 4319141.643, 67
Trd, 4319141.893, 85
Trd, 4319142.693, 139
Trd, 4319142.993, 71
Trd, 4319144.443, 65
Trd, 4319145.393, 101
Trd, 4319145.643, 65
Trd, 4319146.443, 111
Trd, 4319146.893, 127
Trd, 4319147.643, 103
Trd, 4319148.343, 120
Trd, 4319149.643, 140
Trd, 4319149.893, 140
Trd, 4319150.043, 140
Trd, 4319150.243, 140
Trd, 4319150.343, 130
Trd, 4319150.543, 117
Trd, 4319151.043, 134
Trd, 4319152.443, 76
Trd, 4319154.243, 140
Trd, 4319154.293, 140
Trd, 4319155.193, 140
Trd, 4319155.543, 140
Trd, 4319156.143, 140
Trd, 4319156.743, 140
Trd, 4319157.543, 140
Trd, 4319157.893, 140
Trd, 4319158.293, 123
Trd, 4319158.443, 140
Trd, 4319159.493, 140
Trd, 4319159.793, 95
Trd, 4319159.893, 94
Trd, 4319160.743, 140
Trd, 4319163.343, 140
Trd, 4319163.543, 140
Trd, 4319163.593, 140
Trd, 4319163.943, 139
Trd, 4319164.343, 139
Trd, 4319165.493, 140
Trd, 4319165.743, 134
Trd, 4319166.143, 138
Trd, 4319166.293, 107
Trd, 4319166.943, 69
Trd, 4319167.843, 68
Trd, 4319168.343, 65
Trd, 4319169.943, 140
Trd, 4319170.393, 140
Trd, 4319171.043, 64
Trd, 4319171.243, 73
Trd, 4319172.493, 139
Trd, 4319173.193, 72
Trd, 4319173.293, 140
Trd, 4319174.243, 71
Trd, 4319175.143, 61
Trd, 4319176.593, 65
Trd, 4319177.093, 63
Trd, 4319177.893, 65
Trd, 4319177.943, 71
Trd, 4319178.493, 66
Trd, 4319178.843, 64
Trd, 4319179.343, 133
Trd, 4319180.293, 140
Trd, 4319181.843, 140
Trd, 4319181.993, 140
Trd, 4319182.393, 139
Trd, 4319183.143, 139
Trd, 4319183.343, 122
Trd, 4319184.443, 140
Trd, 4319184.793, 140
Trd, 4319185.443, 136
Trd, 4319186.843, 140
Trd, 4319188.043, 140
Trd, 4319188.093, 140
Trd, 4319188.143, 140
Trd, 4319188.643, 121
Trd, 4319189.343, 106
Trd, 4319189.993, 61
Trd, 4319190.793, 60
Trd, 4319191.493, 61
Trd, 4319192.843, 65
Trd, 4319193.843, 61
Trd, 4319195.543, 69
Trd, 4319195.943, 60
Trd, 4319196.493, 61
Trd, 4319197.543, 60
Trd, 4319197.943, 65
Trd, 4319198.093, 65
Trd, 4319198.543, 69
Trd, 4319199.743, 63
Trd, 4319201.393, 62
Trd, 4319201.593, 64
Trd, 4319202.893, 92
Trd, 4319203.443, 136
Trd, 4319203.893, 70
Trd, 4319203.943, 68
Trd, 4319204.243, 140
Trd, 4319204.293, 67
Trd, 4319205.043, 140
Trd, 4319205.893, 140
Trd, 4319206.593, 136
Trd, 4319207.293, 71
Trd, 4319207.893, 62
Trd, 4319208.743, 67
Trd, 4319209.093, 140
Trd, 4319209.893, 140
Trd, 4319210.493, 140
Trd, 4319210.743, 140
Trd, 4319212.043, 140
Trd, 4319212.643, 140
Trd, 4319212.693, 137
Trd, 4319215.093, 64
Trd, 4319215.443, 60
Trd, 4319216.793, 63
Trd, 4319216.993, 65
Trd, 4319217.493, 87
Trd, 4319217.693, 69
Trd, 4319218.643, 80
Trd, 4319219.643, 63
Trd, 4319220.243, 60
Trd, 4319220.543, 68
Trd, 4319221.993, 61
Trd, 4319223.293, 61
Trd, 4319223.593, 100
Trd, 4319223.943, 140
Trd, 4319223.993, 139
Trd, 4319225.043, 62
Trd, 4319225.743, 60
Trd, 4319225.943, 63
Trd, 4319227.493, 60
Trd, 4319228.093, 61
Trd, 4319228.843, 62
Trd, 4319229.193, 65
Trd, 4319229.293, 84
Trd, 4319229.593, 100
Trd, 4319230.443, 91
Trd, 4319232.043, 140
Trd, 4319232.543, 140
Trd, 4319232.993, 140
Trd, 4319233.593, 140
Trd, 4319233.993, 139
Trd, 4319234.343, 140
Trd, 4319235.543, 140
Trd, 4319236.343, 140
Trd, 4319236.443, 140
Trd, 4319236.743, 140
Trd, 4319237.343, 140
Trd, 4319237.843, 140
Trd, 4319238.343, 140
Trd, 4319238.993, 139
Trd, 4319240.393, 64
Trd, 4319240.693, 126
Trd, 4319241.043, 119
Trd, 4319242.243, 63
Trd, 4319242.443, 122
Trd, 4319243.093, 81
Trd, 4319243.693, 63
Trd, 4319244.043, 140
Trd, 4319244.793, 116
Trd, 4319245.643, 132
Trd, 4319247.193, 111
Trd, 4319247.293, 110
Trd, 4319247.993, 108
Trd, 4319248.393, 125
Trd, 4319248.893, 107
Trd, 4319248.993, 100
Trd, 4319249.693, 140
Trd, 4319250.143, 138
Trd, 4319250.643, 60
Trd, 4319252.243, 140
Trd, 4319252.443, 138
Trd, 4319252.793, 139
Trd, 4319253.443, 136
Trd, 4319253.543, 135
Trd, 4319253.743, 122
Trd, 4319254.393, 101
Trd, 4319254.543, 69
Trd, 4319255.343, 140
Trd, 4319255.393, 140
Trd, 4319256.643, 60
Trd, 4319256.893, 60
Trd, 4319257.743, 61
Trd, 4319258.343, 101
Trd, 4319259.693, 60
Trd, 4319260.443, 60
Trd, 4319260.493, 69
Trd, 4319261.543, 66
Trd, 4319262.443, 60
Trd, 4319262.643, 63
Trd, 4319263.843, 61
Trd, 4319263.893, 61
Trd, 4319264.643, 65
Trd, 4319265.093, 61
Trd, 4319265.893, 67
Trd, 4319266.093, 80
Trd, 4319266.343, 64
Trd, 4319266.893, 65
Trd, 4319267.893, 140
Trd, 4319268.493, 140
Trd, 4319268.593, 140
Trd, 4319269.343, 140
Trd, 4319269.643, 140
Trd, 4319269.693, 140
Trd, 4319272.293, 140
Trd, 4319272.543, 140
Trd, 4319273.543, 140
Trd, 4319274.343, 140
Trd, 4319274.493, 111
Trd, 4319274.943, 140
Trd, 4319275.143, 121
Trd, 4319277.293, 67
Trd, 4319277.543, 63
Trd, 4319279.093, 69
Trd, 4319280.143, 60
Trd, 4319280.693, 65
Trd, 4319281.093, 65
Trd, 4319281.643, 60
Trd, 4319283.143, 140
Trd, 4319284.893, 140
Trd, 4319285.143, 140
Trd, 4319285.243, 140
Trd, 4319285.493, 140
Trd, 4319286.443, 140
Trd, 4319286.793, 125
Trd, 4319287.293, 138
Trd, 4319287.593, 124
Trd, 4319289.893, 139
Trd, 4319289.993, 140
Trd, 4319290.143, 138
Trd, 4319291.093, 138
Trd, 4319291.193, 140
Trd, 4319292.343, 140
Trd, 4319292.993, 140
Trd, 4319293.293, 140
Trd, 4319294.043, 62
Trd, 4319294.793, 61
Trd, 4319295.043, 61
Trd, 4319295.193, 64
Trd, 4319295.343, 67
Trd, 4319296.343, 68
Trd, 4319296.693, 62
Trd, 4319298.343, 61
Trd, 4319299.143, 61
Trd, 4319299.593, 63
Trd, 4319300.593, 60
Trd, 4319300.893, 87
Trd, 4319301.943, 61
Trd, 4319302.343, 93
Trd, 4319303.143, 60
Trd, 4319304.793, 63
Trd, 4319305.093, 65
Trd, 4319305.593, 67
Trd, 4319305.643, 65
Trd, 4319305.793, 140
Trd, 4319306.243, 68
Trd, 4319307.343, 140
Trd, 4319307.593, 122
Trd, 4319307.643, 109
Trd, 4319308.193, 70
Trd, 4319308.893, 140
Trd, 4319308.993, 140
Trd, 4319309.193, 77
Trd, 4319309.543, 118
Trd, 4319310.593, 69
Trd, 4319311.793, 108
Trd, 4319312.043, 63
Trd, 4319312.893, 60
Trd, 4319313.393, 61
Trd, 4319313.693, 75
Trd, 4319314.193, 69
Trd, 4319316.993, 63
Trd, 4319317.543, 60
Trd, 4319317.643, 62
Trd, 4319317.943, 64
Trd, 4319318.843, 81
Trd, 4319320.193, 96
Trd, 4319320.293, 72
Trd, 4319320.393, 72
Trd, 4319322.043, 140
Trd, 4319322.243, 139
Trd, 4319322.393, 139
Trd, 4319322.893, 136
Trd, 4319323.643, 140
Trd, 4319323.893, 107
Trd, 4319324.593, 140
Trd, 4319325.393, 140
Trd, 4319326.243, 140
Trd, 4319326.443, 140
Trd, 4319327.693, 140
Trd, 4319327.943, 140
Trd, 4319328.743, 127
Trd, 4319329.093, 127
Trd, 4319330.493, 140
Trd, 4319330.743, 136
Trd, 4319331.243, 127
Trd, 4319332.143, 140
Trd, 4319332.443, 140
Trd, 4319333.193, 140
Trd, 4319333.493, 140
Trd, 4319333.793, 137
Trd, 4319333.893, 120
Trd, 4319335.693, 60
Trd, 4319336.043, 61
Trd, 4319337.743, 61
Trd, 4319337.993, 66
Trd, 4319338.193, 68
Trd, 4319338.793, 62
Trd, 4319339.593, 61
Trd, 4319339.743, 132
Trd, 4319340.343, 61
Trd, 4319341.293, 61
Trd, 4319341.943, 82
Trd, 4319342.143, 111
Trd, 4319342.693, 60
Trd, 4319342.893, 139
Trd, 4319343.793, 140
Trd, 4319344.243, 140
Trd, 4319345.243, 74
Trd, 4319346.493, 140
Trd, 4319347.893, 140
Trd, 4319348.543, 140
Trd, 4319348.743, 140
Trd, 4319349.143, 122
Trd, 4319349.593, 140
Trd, 4319350.043, 108
Trd, 4319350.943, 124
Trd, 4319351.393, 110
Trd, 4319352.243, 60
Trd, 4319354.343, 63
Trd, 4319354.393, 67
Trd, 4319354.593, 62
Trd, 4319354.743, 60
Trd, 4319356.093, 140
Trd, 4319356.543, 62
Trd, 4319356.793, 140
Trd, 4319357.693, 66
Trd, 4319358.343, 90
Trd, 4319359.593, 140
Trd, 4319360.093, 139
Trd, 4319360.143, 123
Trd, 4319360.543, 61
Trd, 4319360.943, 63
Trd, 4319362.443, 140
Trd, 4319364.893, 61
Trd, 4319365.143, 63
Trd, 4319366.093, 66
Trd, 4319367.093, 70
Trd, 4319367.243, 78
Trd, 4319367.343, 67
Trd, 4319368.243, 140
Trd, 4319368.493, 140
Trd, 4319368.543, 140
Trd, 4319368.893, 90
Trd, 4319369.443, 67
Trd, 4319369.893, 69
Trd, 4319370.243, 139
Trd, 4319372.343, 63
Trd, 4319373.193, 60
Trd, 4319373.793, 60
Trd, 4319374.243, 77
Trd, 4319375.143, 61
Trd, 4319375.293, 78
Trd, 4319376.193, 63
Trd, 4319376.543, 65
Trd, 4319376.893, 62
Trd, 4319377.193, 64
Trd, 4319378.343, 63
Trd, 4319378.393, 95
Trd, 4319380.243, 65
Trd, 4319380.443, 65
Trd, 4319381.293, 62
Trd, 4319382.693, 60
Trd, 4319383.593, 64
Trd, 4319383.643, 64
Trd, 4319384.293, 112
Trd, 4319385.293, 137
Trd, 4319386.943, 140
Trd, 4319387.143, 140
Trd, 4319387.343, 140
Trd, 4319387.793, 117
Trd, 4319387.893, 104
Trd, 4319388.593, 63
Trd, 4319389.693, 140
Trd, 4319390.693, 140
Trd, 4319390.893, 138
Trd, 4319392.143, 139
Trd, 4319392.693, 127
Trd, 4319392.743, 126
Trd, 4319392.793, 110
Trd, 4319393.693, 140
Trd, 4319393.993, 139
Trd, 4319394.243, 140
Trd, 4319396.643, 140
Trd, 4319397.043, 140
Trd, 4319397.193, 140
Trd, 4319397.643, 140
Trd, 4319397.693, 139
Trd, 4319397.893, 63
Trd, 4319399.643, 140
Trd, 4319400.293, 140
Trd, 4319401.543, 139
Trd, 4319402.343, 139
Trd, 4319402.693, 138
Trd, 4319403.393, 140
Trd, 4319403.493, 114
Trd, 4319404.243, 140
Trd, 4319404.893, 140
Trd, 4319405.043, 140
Trd, 4319405.843, 140
Trd, 4319407.193, 139
Trd, 4319407.793, 139
Trd, 4319408.293, 140
Trd, 4319408.393, 138
Trd, 4319408.793, 140
Trd, 4319409.143, 140
Trd, 4319410.043, 138
Trd, 4319411.743, 140
Trd, 4319411.993, 140
Trd, 4319412.343, 140
Trd, 4319413.393, 140
Trd, 4319413.943, 140
Trd, 4319413.993, 140
Trd, 4319414.243, 140
Trd, 4319414.493, 140
Trd, 4319415.793, 122
Trd, 4319416.243, 61
Trd, 4319417.393, 61
Trd, 4319417.843, 112
Trd, 4319418.593, 139
Trd, 4319418.793, 112
Trd, 4319419.093, 111
Trd, 4319419.443, 98
Trd, 4319419.843, 140
Trd, 4319420.543, 140
Trd, 4319421.343, 139
Trd, 4319421.743, 137
Trd, 4319422.943, 139
Trd, 4319423.043, 124
Trd, 4319423.693, 139
Trd, 4319425.143, 139
Trd, 4319425.393, 117
Trd, 4319425.743, 140
Trd, 4319427.043, 140
Trd, 4319427.093, 140
Trd, 4319427.743, 140
Trd, 4319428.043, 140
Trd, 4319428.993, 136
Trd, 4319429.243, 114
Trd, 4319429.793, 113
Trd, 4319431.443, 140
Trd, 4319431.543, 140
Trd, 4319431.643, 139
Trd, 4319431.893, 66
Trd, 4319432.643, 74
Trd, 4319434.493, 140
Trd, 4319435.743, 63
Trd, 4319436.493, 61
Trd, 4319436.743, 60
Trd, 4319437.393, 66
Trd, 4319438.143, 64
Trd, 4319438.593, 140
Trd, 4319440.243, 70
Trd, 4319441.193, 88
Trd, 4319441.443, 127
Trd, 4319441.643, 70
Trd, 4319442.893, 139
Trd, 4319443.043, 123
Trd, 4319443.643, 139
Trd, 4319444.243, 140
Trd, 4319444.443, 139
Trd, 4319444.493, 137
Trd, 4319446.443, 62
Trd, 4319446.493, 121
Trd, 4319447.243, 140
Trd, 4319448.143, 140
Trd, 4319448.493, 140
Trd, 4319449.143, 140
Trd, 4319449.843, 140
Trd, 4319450.143, 140
Trd, 4319450.493, 127
Trd, 4319451.443, 67
Trd, 4319451.993, 62
Trd, 4319452.543, 134
Trd, 4319452.743, 120
Trd, 4319453.543, 84
Trd, 4319454.743, 140
Trd, 4319455.443, 140
Trd, 4319455.943, 139
Trd, 4319456.093, 138
Trd, 4319456.593, 121
Trd, 4319456.843, 137
Trd, 4319457.693, 63
Trd, 4319457.943, 66
Trd, 4319459.243, 61
Trd, 4319460.343, 65
Trd, 4319460.993, 68
Trd, 4319461.343, 67
Trd, 4319461.593, 128
Trd, 4319462.193, 138
Trd, 4319462.393, 137
Trd, 4319463.143, 73
Trd, 4319463.393, 66
Trd, 4319464.543, 60
Trd, 4319465.943, 60
Trd, 4319466.993, 61
Trd, 4319467.293, 61
Trd, 4319467.943, 118
Trd, 4319468.343, 140
Trd, 4319468.643, 97
Trd, 4319469.343, 60
Trd, 4319469.743, 104
Trd, 4319470.543, 60
Trd, 4319471.143, 62
Trd, 4319471.493, 132
Trd, 4319473.193, 64
Trd, 4319473.693, 64
Trd, 4319474.293, 63
Trd, 4319474.893, 140
Trd, 4319475.543, 140
Trd, 4319475.593, 138
Trd, 4319476.043, 109
Trd, 4319476.343, 140
Trd, 4319476.443, 134
Trd, 4319477.543, 107
Trd, 4319477.893, 70
Trd, 4319479.693, 63
Trd, 4319479.793, 62
Trd, 4319480.193, 63
Trd, 4319481.043, 140
Trd, 4319481.093, 140
Trd, 4319481.443, 140
Trd, 4319481.543, 122
Trd, 4319482.943, 140
Trd, 4319485.243, 140
Trd, 4319485.593, 140
Trd, 4319486.243, 139
Trd, 4319487.493, 140
Trd, 4319487.593, 140
Trd, 4319488.093, 139
Trd, 4319488.593, 139
Trd, 4319489.543, 140
Trd, 4319489.693, 140
Trd, 4319490.243, 108
Trd, 4319490.293, 106
Trd, 4319490.543, 97
Trd, 4319490.743, 135
Trd, 4319490.993, 70
Trd, 4319491.193, 140
Trd, 4319491.943, 61
Trd, 4319492.943, 60
Trd, 4319494.343, 60
Trd, 4319495.193, 60
Trd, 4319496.043, 62
Trd, 4319496.443, 63
Trd, 4319497.643, 74
Trd, 4319498.193, 61
Trd, 4319499.393, 64
Trd, 4319499.593, 62
Trd, 4319500.643, 64
Trd, 4319500.743, 62
Trd, 4319500.993, 74
Trd, 4319502.143, 140
Trd, 4319504.143, 60
Trd, 4319504.593, 63
Trd, 4319505.393, 61
Trd, 4319506.243, 60
Trd, 4319506.793, 61
Trd, 4319507.743, 64
Trd, 4319507.943, 65
Trd, 4319508.043, 130
Trd, 4319509.093, 66
Trd, 4319509.293, 63
Trd, 4319509.393, 73
Trd, 4319510.143, 63
Trd, 4319511.343, 60
Trd, 4319513.393, 60
Trd, 4319513.693, 63
Trd, 4319514.843, 60
Trd, 4319515.093, 61
Trd, 4319515.143, 66
Trd, 4319516.243, 64
Trd, 4319517.843, 62
Trd, 4319518.043, 60
Trd, 4319518.293, 60
Trd, 4319518.793, 63
Trd, 4319519.293, 91
Trd, 4319519.793, 73
Trd, 4319519.843, 72
Trd, 4319520.393, 70
Trd, 4319520.893, 133
Trd, 4319521.493, 140
Trd, 4319522.343, 63
Trd, 4319522.743, 140
Trd, 4319523.843, 67
Trd, 4319524.943, 140
Trd, 4319525.293, 140
Trd, 4319525.393, 140
Trd, 4319526.293, 140
Trd, 4319526.443, 139
Trd, 4319526.693, 108
Trd, 4319528.293, 61
Trd, 4319528.443, 70
Trd, 4319529.093, 61
Trd, 4319529.993, 60
Trd, 4319530.693, 137
Trd, 4319531.393, 63
Trd, 4319531.993, 140
Trd, 4319533.293, 60
Trd, 4319534.793, 63
Trd, 4319535.643, 61
Trd, 4319536.093, 61
Trd, 4319536.443, 61
Trd, 4319537.293, 60
Trd, 4319537.493, 60
Trd, 4319537.993, 61
Trd, 4319538.493, 60
Trd, 4319539.243, 68
Trd, 4319539.593, 67
Trd, 4319540.243, 62
Trd, 4319540.793, 66
Trd, 4319542.693, 60
Trd, 4319543.393, 60
Trd, 4319543.693, 60
Trd, 4319544.793, 61
Trd, 4319545.343, 62
Trd, 4319546.293, 61
Trd, 4319546.393, 61
Trd, 4319546.593, 64
Trd, 4319547.393, 64
Trd, 4319547.443, 62
Trd, 4319547.493, 71
Trd, 4319548.943, 140
Trd, 4319549.343, 140
Trd, 4319549.993, 140
Trd, 4319550.393, 140
Trd, 4319550.743, 140
Trd, 4319551.193, 136
Trd, 4319552.293, 137
Trd, 4319552.893, 105
Trd, 4319555.743, 62
Trd, 4319556.043, 62
Trd, 4319556.243, 61
Trd, 4319556.343, 65
Trd, 4319556.443, 66
Trd, 4319556.693, 71
Trd, 4319557.393, 140
Trd, 4319558.793, 140
Trd, 4319558.943, 140
Trd, 4319560.193, 140
Trd, 4319560.743, 139
Trd, 4319561.643, 140
Trd, 4319561.893, 121
Trd, 4319562.343, 138
Trd, 4319562.393, 107
Trd, 4319562.893, 140
Trd, 4319563.843, 140
Trd, 4319564.793, 140
Trd, 4319566.043, 140
Trd, 4319566.093, 140
Trd, 4319566.643, 140
Trd, 4319567.243, 140
Trd, 4319567.593, 138
Trd, 4319568.143, 140
Trd, 4319568.793, 140
Trd, 4319569.143, 121
Trd, 4319569.493, 139
Trd, 4319570.743, 139
Trd, 4319570.843, 138
Trd, 4319572.093, 140
Trd, 4319572.943, 140
Trd, 4319573.143, 140
Trd, 4319574.143, 140
Trd, 4319575.293, 138
Trd, 4319576.143, 139
Trd, 4319576.343, 140
Trd, 4319576.743, 140
Trd, 4319577.293, 139
Trd, 4319577.393, 139
Trd, 4319578.093, 140
Trd, 4319579.043, 140
Trd, 4319579.593, 140
Trd, 4319580.043, 140
Trd, 4319580.593, 138
Trd, 4319580.643, 125
Trd, 4319581.943, 140
Trd, 4319582.843, 140
Trd, 4319584.043, 140
Trd, 4319584.393, 140
Trd, 4319585.543, 136
Trd, 4319586.093, 140
Trd, 4319586.343, 140
Trd, 4319587.343, 138
Trd, 4319587.393, 125
Trd, 4319587.693, 139
Trd, 4319588.893, 140
Trd, 4319589.093, 138
Trd, 4319590.043, 68
Trd, 4319590.893, 61
Trd, 4319591.543, 64
Trd, 4319592.043, 138
Trd, 4319592.893, 136
Trd, 4319593.393, 63
Trd, 4319593.793, 60
Trd, 4319594.543, 64
Trd, 4319595.293, 65
Trd, 4319596.293, 74
Trd, 4319596.943, 60
Trd, 4319597.043, 68
Trd, 4319598.043, 140
Trd, 4319598.443, 115
Trd, 4319598.743, 114
Trd, 4319599.193, 137
Trd, 4319600.693, 61
Trd, 4319600.793, 67
Trd, 4319601.793, 60
Trd, 4319602.043, 63
Trd, 4319602.643, 75
Trd, 4319603.143, 79
Trd, 4319604.693, 90
Trd, 4319604.793, 91
Trd, 4319606.143, 122
Trd, 4319606.293, 122
Trd, 4319607.893, 126
Trd, 4319608.243, 140
Trd, 4319608.543, 125
Trd, 4319609.043, 121
Trd, 4319609.543, 138
Trd, 4319609.743, 137
Trd, 4319609.843, 100
Trd, 4319609.943, 140
Trd, 4319610.893, 70
Trd, 4319611.943, 137
Trd, 4319612.493, 66
Trd, 4319613.193, 61
Trd, 4319614.443, 140
Trd, 4319615.243, 140
Trd, 4319615.843, 140
Trd, 4319616.143, 140
Trd, 4319616.393, 140
Trd, 4319617.943, 140
Trd, 4319618.193, 138
Trd, 4319618.243, 136
Trd, 4319618.443, 140
Trd, 4319619.093, 122
Trd, 4319620.693, 62
Trd, 4319621.493, 61
Trd, 4319622.193, 69
Trd, 4319622.593, 70
Trd, 4319622.743, 61
Trd, 4319623.243, 140
Trd, 4319623.643, 86
Trd, 4319624.543, 61
Trd, 4319625.043, 60
Trd, 4319626.043, 139
Trd, 4319626.193, 138
Trd, 4319627.043, 61
Trd, 4319627.993, 61
Trd, 4319628.193, 110
Trd, 4319629.093, 60
Trd, 4319630.943, 62
Trd, 4319631.593, 63
Trd, 4319631.843, 63
Trd, 4319632.243, 65
Trd, 4319632.693, 84
Trd, 4319632.893, 140
Trd, 4319633.593, 140
Trd, 4319634.043, 63
Trd, 4319635.443, 66
Trd, 4319636.393, 61
Trd, 4319637.093, 60
Trd, 4319637.793, 60
Trd, 4319638.893, 139
Trd, 4319639.193, 139
Trd, 4319639.443, 138
Trd, 4319639.643, 128
Trd, 4319641.443, 140
Trd, 4319642.043, 140
Trd, 4319642.543, 140
Trd, 4319642.843, 140
Trd, 4319643.443, 140
Trd, 4319644.343, 140
Trd, 4319645.043, 140
Trd, 4319645.593, 140
Trd, 4319646.243, 140
Trd, 4319646.793, 140
Trd, 4319647.293, 140
Trd, 4319647.343, 140
Trd, 4319647.743, 137
Trd, 4319647.843, 125
Trd, 4319648.943, 139
Trd, 4319649.793, 64
Trd, 4319650.893, 64
Trd, 4319652.343, 65
Trd, 4319652.893, 60
Trd, 4319653.793, 128
Trd, 4319654.793, 60
Trd, 4319656.693, 60
Trd, 4319658.893, 62
Trd, 4319659.293, 62
Trd, 4319659.393, 62
Trd, 4319659.993, 60
Trd, 4319660.243, 65
Trd, 4319660.743, 72
Trd, 4319661.293, 66
Trd, 4319661.443, 61
Trd, 4319662.843, 140
Trd, 4319663.393, 96
Trd, 4319664.593, 60
Trd, 4319664.893, 60
Trd, 4319665.393, 63
Trd, 4319667.193, 60
Trd, 4319667.593, 70
Trd, 4319668.943, 68
Trd, 4319669.443, 71
Trd, 4319669.543, 72
Trd, 4319669.793, 71
Trd, 4319672.793, 60
Trd, 4319673.293, 61
Trd, 4319673.643, 62
Trd, 4319673.743, 63
Trd, 4319674.193, 64
Trd, 4319674.743, 64
Trd, 4319675.293, 140
Trd, 4319675.693, 137
Trd, 4319677.293, 60
Trd, 4319677.643, 62
Trd, 4319678.043, 64
Trd, 4319679.893, 61
Trd, 4319682.143, 60
Trd, 4319683.593, 60
Trd, 4319683.893, 62
Trd, 4319684.343, 61
Trd, 4319685.093, 64
Trd, 4319685.643, 60
Trd, 4319685.743, 62
Trd, 4319685.893, 62
Trd, 4319686.593, 140
Trd, 4319687.243, 99
Trd, 4319687.543, 61
Trd, 4319687.793, 65
Trd, 4319688.293, 140
Trd, 4319689.493, 73
Trd, 4319689.543, 70
Trd, 4319689.993, 140
Trd, 4319690.343, 140
Trd, 4319690.643, 67
Trd, 4319690.993, 139
Trd, 4319691.393, 136
Trd, 4319691.593, 138
Trd, 4319691.893, 65
Trd, 4319693.543, 60
Trd, 4319694.593, 61
Trd, 4319694.893, 72
Trd, 4319695.493, 79
Trd, 4319697.043, 62
Trd, 4319698.043, 61
Trd, 4319698.193, 64
Trd, 4319699.193, 75
Trd, 4319701.993, 61
Trd, 4319702.193, 62
Trd, 4319702.693, 62
Trd, 4319703.393, 65
Trd, 4319703.493, 66
Trd, 4319703.693, 91
Trd, 4319704.193, 108
Trd, 4319704.243, 65
Trd, 4319704.843, 67
Trd, 4319705.293, 64
Trd, 4319705.993, 140
Trd, 4319706.343, 140
Trd, 4319706.943, 140
Trd, 4319708.943, 140
Trd, 4319709.193, 140
Trd, 4319709.693, 139
Trd, 4319709.843, 139
Trd, 4319710.293, 116
Trd, 4319710.593, 89
Trd, 4319712.093, 60
Trd, 4319712.443, 70
Trd, 4319714.143, 140
Trd, 4319714.293, 140
Trd, 4319714.593, 126
Trd, 4319714.993, 132
Trd, 4319715.293, 65
Trd, 4319715.593, 99
Trd, 4319716.643, 123
Trd, 4319718.193, 60
Trd, 4319718.443, 60
Trd, 4319718.543, 63
Trd, 4319719.793, 60
Trd, 4319720.743, 61
Trd, 4319721.293, 98
Trd, 4319721.693, 69
Trd, 4319722.743, 140
Trd, 4319722.843, 122
Trd, 4319722.893, 121
Trd, 4319723.043, 63
Trd, 4319724.243, 62
Trd, 4319725.143, 60
Trd, 4319725.243, 66
Trd, 4319725.543, 71
Trd, 4319725.893, 62
Trd, 4319726.943, 60
Trd, 4319729.043, 64
Trd, 4319729.193, 62
Trd, 4319730.743, 60
Trd, 4319731.193, 61
Trd, 4319731.843, 67
Trd, 4319732.493, 67
Trd, 4319733.243, 137
Trd, 4319733.743, 131
Trd, 4319734.043, 131
Trd, 4319734.543, 140
Trd, 4319735.093, 140
Trd, 4319735.243, 112
Trd, 4319736.043, 132
Trd, 4319736.593, 140
Trd, 4319738.043, 140
Trd, 4319738.593, 140
Trd, 4319739.543, 140
Trd, 4319740.143, 140
Trd, 4319740.343, 140
Trd, 4319740.393, 139
Trd, 4319742.143, 139
Trd, 4319742.243, 113
Trd, 4319742.593, 104
Trd, 4319743.343, 101
Trd, 4319743.943, 92
Trd, 4319744.043, 86
Trd, 4319745.293, 65
Trd, 4319745.643, 140
Trd, 4319747.643, 61
Trd, 4319747.943, 62
Trd, 4319748.143, 71
Trd, 4319749.043, 102
Trd, 4319749.643, 62
Trd, 4319749.893, 65
Trd, 4319750.593, 84
Trd, 4319751.043, 137
Trd, 4319751.293, 136
Trd, 4319751.443, 119
Trd, 4319752.843, 67
Trd, 4319752.943, 70
Trd, 4319753.343, 139
Trd, 4319753.693, 140
Trd, 4319754.943, 140
Trd, 4319755.643, 140
Trd, 4319756.443, 140
Trd, 4319757.443, 140
Trd, 4319757.893, 139
Trd, 4319758.343, 137
Trd, 4319758.693, 127
Trd, 4319758.793, 111
Trd, 4319759.493, 63
Trd, 4319760.343, 63
Trd, 4319760.943, 131
Trd, 4319762.743, 61
Trd, 4319762.793, 69
Trd, 4319763.543, 135
Trd, 4319763.643, 134
Trd, 4319764.243, 139
Trd, 4319764.843, 131
Trd, 4319766.843, 139
Trd, 4319767.093, 138
Trd, 4319767.593, 139
Trd, 4319769.243, 61
Trd, 4319769.793, 140
Trd, 4319770.393, 126
Trd, 4319770.543, 125
Trd, 4319771.593, 108
Trd, 4319772.093, 76
Trd, 4319773.193, 139
Trd, 4319773.243, 123
Trd, 4319773.693, 107
Trd, 4319773.743, 106
Trd, 4319773.893, 137
Trd, 4319774.593, 140
Trd, 4319775.543, 110
Trd, 4319776.243, 140
Trd, 4319777.643, 138
Trd, 4319778.143, 111
Trd, 4319778.943, 140
Trd, 4319779.143, 140
Trd, 4319779.493, 139
Trd, 4319780.893, 140
Trd, 4319781.143, 140
Trd, 4319782.293, 140
Trd, 4319782.343, 122
Trd, 4319782.743, 119
Trd, 4319783.443, 107
Trd, 4319783.893, 120
Trd, 4319785.243, 140
Trd, 4319785.393, 140
Trd, 4319785.593, 123
Trd, 4319786.693, 140
Trd, 4319787.043, 139
Trd, 4319787.293, 122
Trd, 4319787.793, 120
Trd, 4319788.193, 116
Trd, 4319789.143, 140
Trd, 4319789.643, 140
Trd, 4319789.793, 139
Trd, 4319791.043, 140
Trd, 4319791.093, 138
Trd, 4319792.093, 140
Trd, 4319792.643, 140
Trd, 4319793.043, 140
Trd, 4319793.743, 140
Trd, 4319793.843, 135
Trd, 4319794.743, 97
Trd, 4319795.893, 62
Trd, 4319797.393, 60
Trd, 4319797.843, 63
Trd, 4319798.093, 67
Trd, 4319798.443, 64
Trd, 4319799.843, 140
Trd, 4319799.893, 140
Trd, 4319800.243, 139
Trd, 4319800.793, 135
Trd, 4319800.843, 134
Trd, 4319801.343, 121
Trd, 4319802.843, 140
Trd, 4319802.893, 138
Trd, 4319803.893, 131
Trd, 4319804.593, 139
Trd, 4319805.393, 79
Trd, 4319805.593, 63
Trd, 4319807.093, 64
Trd, 4319807.643, 65
Trd, 4319808.843, 66
Trd, 4319809.193, 66
Trd, 4319809.293, 99
Trd, 4319809.593, 67
Trd, 4319809.793, 66
Trd, 4319810.493, 66
Trd, 4319811.243, 60
Trd, 4319812.043, 60
Trd, 4319812.093, 69
Trd, 4319813.243, 137
Trd, 4319814.093, 79
Trd, 4319815.643, 63
Trd, 4319816.993, 62
Trd, 4319818.193, 61
Trd, 4319818.393, 63
Trd, 4319819.343, 64
Trd, 4319820.093, 63
Trd, 4319820.743, 139
Trd, 4319820.843, 138
Trd, 4319821.143, 139
Trd, 4319821.543, 65
Trd, 4319822.343, 62
Trd, 4319822.543, 68
Trd, 4319822.743, 139
Trd, 4319822.993, 140
Trd, 4319824.393, 126
Trd, 4319825.493, 137
Trd, 4319826.993, 140
Trd, 4319827.293, 140
Trd, 4319827.593, 133
Trd, 4319827.893, 127
Trd, 4319829.593, 61
Trd, 4319829.893, 62
Trd, 4319830.343, 67
Trd, 4319831.043, 61
Trd, 4319832.343, 61
Trd, 4319832.443, 61
Trd, 4319832.493, 94
Trd, 4319833.093, 63
Trd, 4319833.643, 61
Trd, 4319835.593, 60
Trd, 4319835.693, 62
Trd, 4319836.693, 140
Trd, 4319836.793, 139
Trd, 4319837.943, 139
Trd, 4319838.643, 106
Trd, 4319838.693, 104
Trd, 4319839.343, 140
Trd, 4319839.843, 140
Trd, 4319840.393, 140
Trd, 4319841.293, 140
Trd, 4319841.593, 140
Trd, 4319841.743, 140
Trd, 4319841.943, 121
Trd, 4319842.793, 138
Trd, 4319843.843, 66
Trd, 4319844.293, 75
Trd, 4319845.693, 140
Trd, 4319845.793, 139
Trd, 4319845.843, 64
Trd, 4319846.943, 134
Trd, 4319847.543, 139
Trd, 4319847.993, 60
Trd, 4319848.993, 140
Trd, 4319849.293, 140
Trd, 4319849.593, 140
Trd, 4319850.993, 140
Trd, 4319851.343, 140
Trd, 4319851.593, 139
Trd, 4319851.993, 96
Trd, 4319854.293, 140
Trd, 4319855.043, 140
Trd, 4319855.393, 140
Trd, 4319856.143, 140
Trd, 4319856.793, 140
Trd, 4319857.093, 140
Trd, 4319857.693, 140
Trd, 4319858.493, 140
Trd, 4319858.943, 140
Trd, 4319859.493, 139
Trd, 4319859.893, 140
Trd, 4319860.243, 140
Trd, 4319861.093, 140
Trd, 4319862.643, 113
Trd, 4319863.393, 87
Trd, 4319864.543, 61
Trd, 4319865.443, 62
Trd, 4319865.693, 61
Trd, 4319865.943, 60
Trd, 4319866.643, 64
Trd, 4319866.793, 76
Trd, 4319867.643, 60
Trd, 4319868.193, 61
Trd, 4319868.493, 133
Trd, 4319868.993, 140
Trd, 4319869.643, 116
Trd, 4319871.543, 140
Trd, 4319871.993, 140
Trd, 4319872.093, 140
Trd, 4319872.693, 61
Trd, 4319872.993, 60
Trd, 4319874.343, 60
Trd, 4319875.443, 63
Trd, 4319875.993, 63
Trd, 4319876.543, 61
Trd, 4319877.493, 62
Trd, 4319878.093, 64
Trd, 4319878.493, 69
Trd, 4319879.243, 62
Trd, 4319880.293, 61
Trd, 4319880.493, 70
Trd, 4319880.643, 60
Trd, 4319881.093, 71
Trd, 4319882.293, 65
Trd, 4319882.693, 140
Trd, 4319882.943, 62
Trd, 4319883.193, 67
Trd, 4319884.893, 66
Trd, 4319885.443, 134
Trd, 4319885.743, 129
Trd, 4319885.993, 98
Trd, 4319887.293, 62
Trd, 4319888.093, 63
Trd, 4319888.543, 63
Trd, 4319888.843, 61
Trd, 4319890.593, 60
Trd, 4319892.243, 64
Trd, 4319892.293, 78
Trd, 4319892.643, 68
Trd, 4319893.443, 68
Trd, 4319893.493, 61
Trd, 4319893.543, 136
Trd, 4319893.743, 69
Trd, 4319894.643, 140
Trd, 4319895.293, 61
Trd, 4319897.143, 62
Trd, 4319897.993, 60
Trd, 4319898.543, 61
Trd, 4319898.693, 67
Trd, 4319899.543, 60
Trd, 4319900.093, 60
Trd, 4319901.393, 60
Trd, 4319902.543, 62
Trd, 4319903.143, 60
Trd, 4319904.193, 69
Trd, 4319904.593, 72
Trd, 4319905.243, 66
Trd, 4319906.093, 63
Trd, 4319906.193, 84
Trd, 4319906.893, 79
Trd, 4319907.343, 61
Trd, 4319907.693, 63
Trd, 4319908.093, 65
Trd, 4319910.643, 63
Trd, 4319911.293, 61
Trd, 4319911.793, 61
Trd, 4319912.293, 69
Trd, 4319912.743, 69
Trd, 4319913.893, 140
Trd, 4319914.143, 121
Trd, 4319914.643, 99
Trd, 4319915.543, 140
Trd, 4319915.743, 140
Trd, 4319915.893, 140
Trd, 4319915.993, 135
Trd, 4319917.643, 140
Trd, 4319918.143, 138
Trd, 4319919.293, 62
Trd, 4319919.893, 62
Trd, 4319920.143, 140
Trd, 4319920.193, 140
Trd, 4319921.343, 67
Trd, 4319922.643, 62
Trd, 4319922.743, 62
Trd, 4319923.943, 61
Trd, 4319924.143, 60
Trd, 4319925.943, 62
Trd, 4319926.343, 66
Trd, 4319926.493, 67
Trd, 4319928.643, 70
Trd, 4319929.743, 89
Trd, 4319929.993, 67
Trd, 4319931.693, 60
Trd, 4319931.993, 61
Trd, 4319932.093, 71
Trd, 4319933.393, 140
Trd, 4319934.143, 139
Trd, 4319934.593, 140
Trd, 4319934.743, 140
Trd, 4319935.043, 140
Trd, 4319935.793, 122
Trd, 4319935.943, 107
Trd, 4319936.593, 136
Trd, 4319937.543, 140
Trd, 4319938.393, 140
Trd, 4319939.043, 140
Trd, 4319939.243, 140
Trd, 4319939.693, 128
Trd, 4319941.093, 140
Trd, 4319941.143, 140
Trd, 4319941.343, 139
Trd, 4319942.393, 110
Trd, 4319942.493, 109
Trd, 4319942.993, 65
Trd, 4319943.493, 140
Trd, 4319944.893, 140
Trd, 4319945.093, 138
Trd, 4319945.543, 128
Trd, 4319945.693, 119
Trd, 4319947.143, 139
Trd, 4319947.793, 61
Trd, 4319948.893, 140
Trd, 4319949.043, 117
Trd, 4319949.343, 117
Trd, 4319949.693, 117
Trd, 4319949.843, 140
Trd, 4319950.593, 109
Trd, 4319951.243, 140
Trd, 4319952.093, 139
Trd, 4319953.093, 139
Trd, 4319953.343, 140
Trd, 4319954.093, 123
Trd, 4319954.693, 139
Trd, 4319954.993, 140
Trd, 4319956.593, 117
Trd, 4319956.993, 118
Trd, 4319957.893, 140
Trd, 4319959.043, 139
Trd, 4319959.393, 94
Trd, 4319959.593, 93
Trd, 4319960.543, 140
Trd, 4319960.993, 140
Trd, 4319961.093, 140
Trd, 4319961.593, 140
Trd, 4319961.793, 140
Trd, 4319962.993, 140
Trd, 4319963.343, 136
Trd, 4319964.043, 140
Trd, 4319965.493, 140
Trd, 4319966.693, 140
Trd, 4319966.993, 138
Trd, 4319967.243, 108
Trd, 4319967.443, 80
Trd, 4319968.293, 140
Trd, 4319969.743, 140
Trd, 4319969.893, 140
Trd, 4319969.993, 139
Trd, 4319970.193, 140
Trd, 4319970.493, 139
Trd, 4319970.793, 125
Trd, 4319972.593, 139
Trd, 4319972.643, 138
Trd, 4319974.293, 140
Trd, 4319974.743, 140
Trd, 4319975.343, 140
Trd, 4319975.593, 140
Trd, 4319976.793, 140
Trd, 4319977.243, 140
Trd, 4319977.743, 140
Trd, 4319978.393, 140
Trd, 4319978.693, 139
Trd, 4319979.693, 140
Trd, 4319979.743, 140
Trd, 4319981.293, 140
Trd, 4319981.793, 140
Trd, 4319982.093, 125
Trd, 4319982.443, 139
Trd, 4319982.643, 64
Trd, 4319983.443, 138
Trd, 4319984.243, 132
Trd, 4319984.343, 116
Trd, 4319985.043, 140
Trd, 4319985.343, 130
Trd, 4319986.493, 62
Trd, 4319987.543, 60
Trd, 4319988.493, 107
Trd, 4319988.593, 75
Trd, 4319988.643, 72
Trd, 4319989.193, 86
Trd, 4319990.593, 140
Trd, 4319990.643, 140
Trd, 4319990.693, 140
Trd, 4319991.493, 140
Trd, 4319991.993, 140
Trd, 4319992.693, 139
Trd, 4319994.543, 140
Trd, 4319995.043, 140
Trd, 4319995.193, 140
Trd, 4319995.943, 140
Trd, 4319996.443, 139
Trd, 4319997.393, 138
Trd, 4319997.743, 139
Trd, 4319998.343, 137
Trd, 4319999.143, 140
Trd, 4319999.393, 140
Trd, 4319999.543, 119
