Trd, 4318108.443, 111
Trd, 4318108.543, 127
Trd, 4318109.593, 67
Trd, 4318110.643, 113
Trd, 4318111.793, 136
Trd, 4318111.893, 135
Trd, 4318112.593, 139
Trd, 4318113.743, 139
Trd, 4318113.793, 104
Trd, 4318114.143, 98
Trd, 4318114.993, 92
Trd, 4318116.293, 66
Trd, 4318116.743, 130
Trd, 4318117.243, 106
Trd, 4318120.243, 138
Trd, 4318121.093, 129
Trd, 4318121.293, 129
Trd, 4318121.643, 120
Trd, 4318122.493, 118
Trd, 4318122.743, 77
Trd, 4318123.843, 131
Trd, 4318124.293, 71
Trd, 4318124.543, 127
Trd, 4318125.243, 98
Trd, 4318126.393, 135
Trd, 4318127.693, 129
Trd, 4318127.943, 128
Trd, 4318128.443, 113
Trd, 4318129.543, 140
Trd, 4318129.593, 140
Trd, 4318130.593, 140
Trd, 4318131.343, 112
Trd, 4318131.493, 97
Trd, 4318132.443, 117
Trd, 4318132.943, 137
Trd, 4318133.443, 116
Trd, 4318133.693, 60
Trd, 4318134.043, 63
Trd, 4318134.793, 61
Trd, 4318135.343, 62
Trd, 4318135.443, 109
Trd, 4318136.443, 118
Trd, 4318136.693, 114
Trd, 4318138.793, 140
Trd, 4318139.493, 131
Trd, 4318141.093, 77
Trd, 4318141.793, 122
Trd, 4318141.893, 91
Trd, 4318142.443, 101
Trd, 4318143.293, 115
Trd, 4318143.743, 79
Trd, 4318145.093, 86
Trd, 4318145.243, 99
Trd, 4318145.443, 94
Trd, 4318146.793, 66
Trd, 4318147.393, 95
Trd, 4318147.643, 87
Trd, 4318147.993, 92
Trd, 4318149.993, 134
Trd, 4318150.393, 129
Trd, 4318151.943, 115
Trd, 4318152.443, 140
Trd, 4318153.193, 123
Trd, 4318154.343, 104
Trd, 4318155.293, 129
Trd, 4318155.393, 97
Trd, 4318156.443, 116
Trd, 4318156.693, 86
Trd, 4318157.193, 139
Trd, 4318157.943, 138
Trd, 4318158.093, 105
Trd, 4318159.943, 124
Trd, 4318159.993, 123
Trd, 4318160.093, 119
Trd, 4318160.693, 125
Trd, 4318161.393, 120
Trd, 4318161.993, 130
Trd, 4318163.443, 125
Trd, 4318163.693, 99
Trd, 4318164.343, 74
Trd, 4318164.643, 64
Trd, 4318165.293, 63
Trd, 4318166.693, 100
Trd, 4318166.993, 61
Trd, 4318168.143, 133
Trd, 4318169.193, 112
Trd, 4318169.293, 119
Trd, 4318170.343, 132
Trd, 4318171.193, 76
Trd, 4318172.093, 121
Trd, 4318172.393, 125
Trd, 4318172.943, 106
Trd, 4318174.043, 82
Trd, 4318174.143, 94
Trd, 4318174.743, 60
Trd, 4318176.293, 138
Trd, 4318177.543, 99
Trd, 4318178.693, 98
Trd, 4318178.743, 71
Trd, 4318178.993, 86
Trd, 4318179.193, 69
Trd, 4318180.943, 140
Trd, 4318181.093, 132
Trd, 4318184.093, 140
Trd, 4318184.743, 132
Trd, 4318185.493, 125
Trd, 4318185.743, 124
Trd, 4318186.843, 124
Trd, 4318187.293, 117
Trd, 4318187.393, 130
Trd, 4318188.593, 120
Trd, 4318189.593, 109
Trd, 4318191.443, 107
Trd, 4318191.743, 88
Trd, 4318192.243, 81
Trd, 4318192.593, 113
Trd, 4318194.143, 140
Trd, 4318194.243, 109
Trd, 4318194.493, 106
Trd, 4318194.593, 104
Trd, 4318195.943, 134
Trd, 4318196.393, 128
Trd, 4318196.943, 132
Trd, 4318197.843, 130
Trd, 4318198.793, 138
Trd, 4318199.093, 67
Trd, 4318199.443, 116
Trd, 4318199.893, 91
Trd, 4318200.443, 78
Trd, 4318202.643, 124
Trd, 4318202.793, 111
Trd, 4318202.943, 105
Trd, 4318203.193, 72
Trd, 4318203.693, 138
Trd, 4318204.593, 138
Trd, 4318205.143, 136
Trd, 4318205.393, 97
Trd, 4318207.143, 114
Trd, 4318207.443, 109
Trd, 4318208.393, 70
Trd, 4318208.643, 81
Trd, 4318209.093, 68
Trd, 4318209.743, 62
Trd, 4318209.943, 140
Trd, 4318213.393, 123
Trd, 4318213.543, 135
Trd, 4318214.643, 121
Trd, 4318215.793, 140
Trd, 4318215.893, 127
Trd, 4318215.943, 97
Trd, 4318216.543, 89
Trd, 4318217.443, 86
Trd, 4318218.943, 64
Trd, 4318219.293, 86
Trd, 4318219.793, 63
Trd, 4318221.893, 78
Trd, 4318222.643, 75
Trd, 4318223.093, 77
Trd, 4318223.343, 65
Trd, 4318224.593, 87
Trd, 4318225.393, 124
Trd, 4318225.893, 105
Trd, 4318226.343, 93
Trd, 4318226.593, 109
Trd, 4318227.443, 118
Trd, 4318228.393, 128
Trd, 4318230.943, 126
Trd, 4318231.243, 140
Trd, 4318231.543, 138
Trd, 4318232.043, 76
Trd, 4318233.093, 121
Trd, 4318233.343, 111
Trd, 4318233.643, 130
Trd, 4318234.693, 61
Trd, 4318236.093, 60
Trd, 4318236.493, 60
Trd, 4318237.143, 62
Trd, 4318237.643, 71
Trd, 4318237.893, 93
Trd, 4318239.043, 66
Trd, 4318239.993, 85
Trd, 4318241.543, 66
Trd, 4318243.493, 129
Trd, 4318243.693, 122
Trd, 4318243.893, 94
Trd, 4318245.443, 116
Trd, 4318246.143, 140
Trd, 4318246.693, 140
Trd, 4318246.893, 81
Trd, 4318247.193, 113
Trd, 4318247.343, 75
Trd, 4318248.193, 112
Trd, 4318249.393, 103
Trd, 4318249.593, 78
Trd, 4318251.443, 98
Trd, 4318252.543, 140
Trd, 4318253.343, 140
Trd, 4318253.843, 93
Trd, 4318254.843, 78
Trd, 4318254.943, 122
Trd, 4318255.743, 123
Trd, 4318256.843, 139
Trd, 4318257.693, 99
Trd, 4318257.743, 96
Trd, 4318257.893, 92
Trd, 4318259.393, 132
Trd, 4318259.993, 105
Trd, 4318260.893, 95
Trd, 4318261.343, 62
Trd, 4318262.343, 122
Trd, 4318262.843, 128
Trd, 4318263.943, 107
Trd, 4318264.693, 116
Trd, 4318264.743, 108
Trd, 4318265.993, 90
Trd, 4318266.493, 124
Trd, 4318267.243, 140
Trd, 4318267.893, 138
Trd, 4318268.843, 138
Trd, 4318269.243, 136
Trd, 4318270.293, 135
Trd, 4318271.693, 140
Trd, 4318272.493, 132
Trd, 4318272.893, 138
Trd, 4318273.793, 125
Trd, 4318273.843, 125
Trd, 4318274.793, 127
Trd, 4318275.243, 110
Trd, 4318275.493, 86
Trd, 4318277.943, 84
Trd, 4318278.493, 136
Trd, 4318278.643, 112
Trd, 4318279.143, 110
Trd, 4318279.493, 121
Trd, 4318280.043, 103
Trd, 4318280.393, 137
Trd, 4318281.143, 118
Trd, 4318282.243, 65
Trd, 4318282.943, 86
Trd, 4318284.243, 112
Trd, 4318284.593, 114
Trd, 4318285.243, 92
Trd, 4318286.343, 61
Trd, 4318286.543, 125
Trd, 4318288.343, 128
Trd, 4318289.093, 77
Trd, 4318289.293, 76
Trd, 4318291.393, 140
Trd, 4318291.693, 139
Trd, 4318291.843, 103
Trd, 4318292.043, 101
Trd, 4318293.593, 135
Trd, 4318293.743, 133
Trd, 4318294.743, 135
Trd, 4318295.393, 119
Trd, 4318295.893, 96
Trd, 4318296.293, 96
Trd, 4318297.643, 121
Trd, 4318297.743, 110
Trd, 4318298.543, 129
Trd, 4318299.593, 140
Trd, 4318299.993, 138
Trd, 4318300.193, 118
Trd, 4318300.543, 103
Trd, 4318302.893, 82
Trd, 4318303.043, 105
Trd, 4318305.443, 135
Trd, 4318305.693, 131
Trd, 4318305.943, 92
Trd, 4318306.643, 140
Trd, 4318306.843, 117
Trd, 4318309.193, 102
Trd, 4318309.293, 126
Trd, 4318310.893, 128
Trd, 4318311.493, 105
Trd, 4318311.893, 109
Trd, 4318312.143, 66
Trd, 4318312.643, 137
Trd, 4318313.793, 121
Trd, 4318316.143, 133
Trd, 4318316.993, 123
Trd, 4318317.593, 107
Trd, 4318317.793, 92
Trd, 4318317.943, 85
Trd, 4318318.793, 126
Trd, 4318318.943, 79
Trd, 4318319.043, 140
Trd, 4318320.193, 60
Trd, 4318320.443, 70
Trd, 4318321.093, 85
Trd, 4318322.693, 92
Trd, 4318323.193, 93
Trd, 4318323.993, 139
Trd, 4318324.793, 132
Trd, 4318326.293, 82
Trd, 4318326.843, 77
Trd, 4318327.743, 125
Trd, 4318328.493, 139
Trd, 4318328.843, 115
Trd, 4318330.043, 96
Trd, 4318331.143, 123
Trd, 4318331.343, 90
Trd, 4318332.693, 130
Trd, 4318332.793, 61
Trd, 4318332.993, 85
Trd, 4318334.443, 67
Trd, 4318334.543, 93
Trd, 4318335.693, 132
Trd, 4318336.243, 96
Trd, 4318336.393, 89
Trd, 4318337.293, 64
Trd, 4318338.643, 126
Trd, 4318340.493, 139
Trd, 4318340.593, 139
Trd, 4318341.393, 123
Trd, 4318342.693, 132
Trd, 4318342.793, 118
Trd, 4318343.343, 97
Trd, 4318343.593, 64
Trd, 4318344.243, 75
Trd, 4318345.293, 117
Trd, 4318345.393, 116
Trd, 4318345.793, 128
Trd, 4318346.243, 107
Trd, 4318346.793, 135
Trd, 4318346.993, 96
Trd, 4318348.843, 62
Trd, 4318348.993, 113
Trd, 4318349.193, 103
Trd, 4318350.243, 116
Trd, 4318352.393, 87
Trd, 4318352.693, 113
Trd, 4318353.243, 69
Trd, 4318353.593, 91
Trd, 4318354.293, 119
Trd, 4318354.843, 64
Trd, 4318355.293, 127
Trd, 4318355.343, 115
Trd, 4318355.993, 91
Trd, 4318358.643, 125
Trd, 4318360.493, 93
Trd, 4318361.293, 76
Trd, 4318362.093, 100
Trd, 4318362.343, 88
Trd, 4318362.493, 68
Trd, 4318363.443, 136
Trd, 4318363.993, 127
Trd, 4318364.643, 118
Trd, 4318365.393, 89
Trd, 4318366.893, 111
Trd, 4318367.043, 110
Trd, 4318368.893, 140
Trd, 4318369.393, 125
Trd, 4318369.443, 113
Trd, 4318370.493, 111
Trd, 4318371.043, 105
Trd, 4318371.593, 95
Trd, 4318371.943, 137
Trd, 4318372.443, 135
Trd, 4318373.343, 93
Trd, 4318373.543, 117
Trd, 4318374.393, 109
Trd, 4318375.443, 115
Trd, 4318376.343, 90
Trd, 4318377.243, 121
Trd, 4318378.143, 87
Trd, 4318378.393, 109
Trd, 4318379.393, 70
Trd, 4318379.493, 83
Trd, 4318380.043, 104
Trd, 4318380.843, 129
Trd, 4318382.143, 107
Trd, 4318382.243, 134
Trd, 4318383.493, 140
Trd, 4318383.793, 129
Trd, 4318385.543, 124
Trd, 4318385.693, 126
Trd, 4318385.993, 123
Trd, 4318386.343, 110
Trd, 4318387.743, 140
Trd, 4318389.493, 86
Trd, 4318390.093, 98
Trd, 4318390.143, 98
Trd, 4318390.843, 69
Trd, 4318391.693, 139
Trd, 4318392.343, 135
Trd, 4318393.943, 135
Trd, 4318394.393, 122
Trd, 4318395.193, 99
Trd, 4318396.043, 117
Trd, 4318396.293, 139
Trd, 4318397.293, 97
Trd, 4318399.093, 136
Trd, 4318399.193, 118
Trd, 4318400.543, 109
Trd, 4318401.593, 104
Trd, 4318402.193, 122
Trd, 4318402.293, 109
Trd, 4318403.093, 76
Trd, 4318403.343, 95
Trd, 4318406.193, 140
Trd, 4318406.993, 128
Trd, 4318407.543, 123
Trd, 4318408.143, 119
Trd, 4318408.393, 131
Trd, 4318408.893, 131
Trd, 4318408.943, 107
Trd, 4318411.293, 140
Trd, 4318411.543, 123
Trd, 4318411.743, 94
Trd, 4318412.743, 96
Trd, 4318415.193, 138
Trd, 4318415.243, 106
Trd, 4318415.943, 106
Trd, 4318416.243, 103
Trd, 4318417.343, 103
Trd, 4318419.793, 122
Trd, 4318420.093, 127
Trd, 4318420.643, 131
Trd, 4318421.793, 140
Trd, 4318422.093, 140
Trd, 4318422.943, 124
Trd, 4318423.693, 137
Trd, 4318423.793, 111
Trd, 4318425.193, 140
Trd, 4318425.443, 115
Trd, 4318425.493, 93
Trd, 4318427.343, 121
Trd, 4318427.543, 90
Trd, 4318428.643, 138
Trd, 4318429.393, 126
Trd, 4318429.493, 102
Trd, 4318429.743, 101
Trd, 4318430.793, 60
Trd, 4318431.043, 122
Trd, 4318432.893, 103
Trd, 4318432.993, 101
Trd, 4318434.593, 90
Trd, 4318434.743, 140
Trd, 4318435.043, 132
Trd, 4318436.293, 140
Trd, 4318438.143, 112
Trd, 4318438.243, 105
Trd, 4318438.743, 83
Trd, 4318440.043, 120
Trd, 4318440.443, 115
Trd, 4318440.543, 95
Trd, 4318441.393, 140
Trd, 4318441.593, 138
Trd, 4318441.693, 107
Trd, 4318441.893, 100
Trd, 4318442.843, 122
Trd, 4318444.243, 126
Trd, 4318445.443, 139
Trd, 4318445.643, 120
Trd, 4318446.943, 140
Trd, 4318447.043, 139
Trd, 4318447.443, 115
Trd, 4318450.993, 97
Trd, 4318451.593, 131
Trd, 4318451.793, 113
Trd, 4318452.843, 121
Trd, 4318453.843, 104
Trd, 4318454.043, 102
Trd, 4318454.543, 140
Trd, 4318454.793, 108
Trd, 4318456.643, 109
Trd, 4318457.193, 120
Trd, 4318457.593, 121
Trd, 4318458.143, 63
Trd, 4318460.043, 140
Trd, 4318461.593, 90
Trd, 4318461.793, 70
Trd, 4318462.193, 84
Trd, 4318462.543, 89
Trd, 4318462.943, 130
Trd, 4318463.893, 93
Trd, 4318464.943, 71
Trd, 4318466.443, 134
Trd, 4318467.793, 118
Trd, 4318468.443, 109
Trd, 4318468.943, 140
Trd, 4318468.993, 115
Trd, 4318469.593, 86
Trd, 4318469.893, 66
Trd, 4318472.443, 110
Trd, 4318473.443, 127
Trd, 4318474.143, 107
Trd, 4318474.193, 98
Trd, 4318474.243, 84
Trd, 4318474.343, 72
Trd, 4318474.743, 75
Trd, 4318476.243, 135
Trd, 4318476.393, 108
Trd, 4318476.843, 85
Trd, 4318477.943, 132
Trd, 4318479.793, 134
Trd, 4318480.393, 130
Trd, 4318481.943, 115
Trd, 4318482.093, 109
Trd, 4318482.693, 138
Trd, 4318483.093, 136
Trd, 4318483.593, 95
Trd, 4318483.743, 84
Trd, 4318485.143, 62
Trd, 4318485.943, 61
Trd, 4318487.193, 62
Trd, 4318489.143, 140
Trd, 4318489.693, 105
Trd, 4318489.843, 98
Trd, 4318490.143, 89
Trd, 4318490.943, 81
Trd, 4318491.493, 80
Trd, 4318491.593, 88
Trd, 4318491.943, 94
Trd, 4318492.493, 84
Trd, 4318493.143, 73
Trd, 4318494.893, 138
Trd, 4318495.643, 125
Trd, 4318496.493, 114
Trd, 4318498.243, 91
Trd, 4318498.593, 104
Trd, 4318499.293, 117
Trd, 4318499.443, 127
Trd, 4318500.243, 126
Trd, 4318500.493, 75
Trd, 4318501.543, 107
Trd, 4318502.043, 139
Trd, 4318504.693, 98
Trd, 4318506.443, 100
Trd, 4318506.693, 98
Trd, 4318507.243, 124
Trd, 4318508.243, 136
Trd, 4318508.693, 140
Trd, 4318509.043, 135
Trd, 4318509.593, 101
Trd, 4318510.843, 126
Trd, 4318510.943, 102
Trd, 4318511.243, 98
Trd, 4318513.043, 139
Trd, 4318513.793, 120
Trd, 4318515.143, 106
Trd, 4318515.993, 94
Trd, 4318516.493, 86
Trd, 4318516.693, 101
Trd, 4318516.943, 86
Trd, 4318517.443, 85
Trd, 4318518.543, 128
Trd, 4318519.343, 140
Trd, 4318520.093, 122
Trd, 4318521.143, 75
Trd, 4318522.243, 66
Trd, 4318522.393, 87
Trd, 4318523.193, 112
Trd, 4318524.493, 135
Trd, 4318524.693, 112
Trd, 4318525.793, 102
Trd, 4318526.943, 68
Trd, 4318529.543, 140
Trd, 4318529.843, 104
Trd, 4318530.443, 140
Trd, 4318530.793, 93
Trd, 4318531.243, 119
Trd, 4318531.293, 115
Trd, 4318532.343, 89
Trd, 4318532.593, 79
Trd, 4318533.743, 60
Trd, 4318533.993, 82
Trd, 4318534.343, 61
Trd, 4318534.543, 67
Trd, 4318536.743, 105
Trd, 4318536.893, 121
Trd, 4318537.793, 123
Trd, 4318538.393, 63
Trd, 4318538.893, 64
Trd, 4318538.993, 69
Trd, 4318539.193, 105
Trd, 4318540.143, 96
Trd, 4318540.443, 84
Trd, 4318540.743, 108
Trd, 4318540.893, 103
Trd, 4318541.893, 60
Trd, 4318542.843, 123
Trd, 4318542.893, 122
Trd, 4318544.293, 108
Trd, 4318544.743, 112
Trd, 4318544.993, 87
Trd, 4318546.143, 101
Trd, 4318546.643, 135
Trd, 4318546.793, 132
Trd, 4318548.243, 114
Trd, 4318548.293, 113
Trd, 4318549.293, 89
Trd, 4318550.043, 140
Trd, 4318550.343, 65
Trd, 4318551.293, 77
Trd, 4318552.093, 98
Trd, 4318552.843, 130
Trd, 4318554.193, 108
Trd, 4318554.493, 91
Trd, 4318554.593, 91
Trd, 4318555.643, 79
Trd, 4318556.493, 70
Trd, 4318557.343, 90
Trd, 4318557.543, 133
Trd, 4318558.443, 70
Trd, 4318558.843, 66
Trd, 4318561.593, 113
Trd, 4318562.643, 139
Trd, 4318563.243, 103
Trd, 4318563.693, 91
Trd, 4318564.143, 124
Trd, 4318564.193, 114
Trd, 4318564.793, 101
Trd, 4318565.793, 133
Trd, 4318567.943, 134
Trd, 4318568.343, 120
Trd, 4318569.693, 122
Trd, 4318571.243, 140
Trd, 4318571.293, 140
Trd, 4318571.643, 115
Trd, 4318571.893, 127
Trd, 4318572.293, 98
Trd, 4318573.293, 93
Trd, 4318573.793, 92
Trd, 4318574.893, 140
Trd, 4318575.593, 127
Trd, 4318575.693, 85
Trd, 4318576.943, 105
Trd, 4318578.393, 90
Trd, 4318579.893, 88
Trd, 4318580.393, 93
Trd, 4318580.843, 95
Trd, 4318581.643, 105
Trd, 4318582.743, 137
Trd, 4318583.043, 137
Trd, 4318583.093, 136
Trd, 4318584.243, 131
Trd, 4318585.493, 112
Trd, 4318586.543, 140
Trd, 4318587.193, 134
Trd, 4318587.293, 133
Trd, 4318588.943, 136
Trd, 4318589.093, 120
Trd, 4318589.193, 91
Trd, 4318589.893, 89
Trd, 4318590.293, 114
Trd, 4318592.093, 65
Trd, 4318592.793, 84
Trd, 4318594.793, 124
Trd, 4318595.793, 111
Trd, 4318596.993, 139
Trd, 4318598.543, 103
Trd, 4318598.593, 87
Trd, 4318598.943, 68
Trd, 4318599.793, 124
Trd, 4318600.843, 115
Trd, 4318601.543, 110
Trd, 4318602.493, 101
Trd, 4318603.193, 105
Trd, 4318603.543, 140
Trd, 4318604.543, 133
Trd, 4318605.393, 122
Trd, 4318605.593, 138
Trd, 4318606.093, 97
Trd, 4318606.443, 85
Trd, 4318608.143, 130
Trd, 4318608.293, 78
Trd, 4318609.043, 133
Trd, 4318609.293, 97
Trd, 4318609.543, 138
Trd, 4318610.493, 124
Trd, 4318611.843, 109
Trd, 4318612.543, 140
Trd, 4318612.793, 131
Trd, 4318613.543, 124
Trd, 4318615.143, 115
Trd, 4318615.243, 111
Trd, 4318615.693, 104
Trd, 4318616.093, 104
Trd, 4318617.043, 97
Trd, 4318617.393, 77
Trd, 4318617.943, 117
Trd, 4318618.993, 120
Trd, 4318620.543, 112
Trd, 4318620.743, 106
Trd, 4318621.893, 130
Trd, 4318621.943, 126
Trd, 4318622.843, 132
Trd, 4318623.543, 135
Trd, 4318625.493, 104
Trd, 4318625.743, 88
Trd, 4318626.243, 88
Trd, 4318626.443, 73
Trd, 4318626.793, 91
Trd, 4318627.343, 137
Trd, 4318628.143, 117
Trd, 4318628.943, 120
Trd, 4318630.243, 106
Trd, 4318630.293, 72
Trd, 4318631.843, 140
Trd, 4318632.043, 110
Trd, 4318633.343, 107
Trd, 4318633.493, 106
Trd, 4318633.593, 93
Trd, 4318634.793, 140
Trd, 4318635.993, 140
Trd, 4318637.843, 114
Trd, 4318638.843, 114
Trd, 4318638.993, 92
Trd, 4318639.393, 69
Trd, 4318639.593, 80
Trd, 4318640.043, 74
Trd, 4318640.143, 129
Trd, 4318640.543, 105
Trd, 4318641.743, 84
Trd, 4318642.293, 114
Trd, 4318642.693, 134
Trd, 4318642.993, 133
Trd, 4318643.143, 139
Trd, 4318644.293, 109
Trd, 4318648.593, 124
Trd, 4318649.143, 140
Trd, 4318649.243, 139
Trd, 4318649.393, 128
Trd, 4318649.443, 83
Trd, 4318650.393, 124
Trd, 4318650.743, 100
Trd, 4318651.993, 92
Trd, 4318652.893, 68
Trd, 4318653.393, 79
Trd, 4318653.643, 129
Trd, 4318654.293, 140
Trd, 4318656.043, 116
Trd, 4318656.143, 111
Trd, 4318657.393, 84
Trd, 4318658.093, 133
Trd, 4318658.593, 96
Trd, 4318659.843, 137
Trd, 4318660.193, 119
Trd, 4318660.343, 116
Trd, 4318660.843, 97
Trd, 4318661.343, 83
Trd, 4318661.993, 82
Trd, 4318662.893, 102
Trd, 4318663.593, 120
Trd, 4318665.293, 81
Trd, 4318667.943, 140
Trd, 4318668.143, 138
Trd, 4318668.343, 128
Trd, 4318668.393, 114
Trd, 4318668.543, 103
Trd, 4318669.393, 126
Trd, 4318670.143, 106
Trd, 4318670.743, 89
Trd, 4318672.343, 69
Trd, 4318673.093, 139
Trd, 4318673.243, 121
Trd, 4318673.893, 81
Trd, 4318674.393, 83
Trd, 4318674.693, 121
Trd, 4318674.943, 130
Trd, 4318676.593, 128
Trd, 4318677.893, 140
Trd, 4318679.593, 114
Trd, 4318679.943, 91
Trd, 4318680.143, 88
Trd, 4318680.243, 82
Trd, 4318680.643, 64
Trd, 4318681.593, 140
Trd, 4318681.843, 132
Trd, 4318682.443, 103
Trd, 4318682.493, 101
Trd, 4318683.043, 139
Trd, 4318683.943, 100
Trd, 4318686.443, 133
Trd, 4318687.193, 129
Trd, 4318687.443, 111
Trd, 4318687.743, 138
Trd, 4318688.643, 91
Trd, 4318688.693, 76
Trd, 4318689.493, 75
Trd, 4318689.993, 100
Trd, 4318691.243, 126
Trd, 4318691.343, 95
Trd, 4318692.443, 110
Trd, 4318693.143, 140
Trd, 4318693.643, 127
Trd, 4318694.043, 140
Trd, 4318694.843, 88
Trd, 4318695.593, 101
Trd, 4318696.143, 126
Trd, 4318696.793, 126
Trd, 4318696.993, 125
Trd, 4318697.443, 121
Trd, 4318697.593, 101
Trd, 4318699.993, 111
Trd, 4318701.393, 137
Trd, 4318701.493, 137
Trd, 4318701.793, 138
Trd, 4318702.443, 113
Trd, 4318703.943, 115
Trd, 4318704.593, 104
Trd, 4318705.043, 135
Trd, 4318705.493, 136
Trd, 4318705.593, 124
Trd, 4318706.193, 140
Trd, 4318707.743, 97
Trd, 4318708.193, 99
Trd, 4318709.093, 80
Trd, 4318709.743, 100
Trd, 4318710.893, 79
Trd, 4318712.293, 101
Trd, 4318712.843, 107
Trd, 4318712.993, 120
Trd, 4318713.843, 131
Trd, 4318713.993, 118
Trd, 4318714.343, 127
Trd, 4318714.843, 126
Trd, 4318715.793, 134
Trd, 4318717.343, 108
Trd, 4318717.843, 103
Trd, 4318718.393, 101
Trd, 4318719.743, 135
Trd, 4318719.793, 130
Trd, 4318720.243, 113
Trd, 4318720.793, 85
Trd, 4318722.143, 101
Trd, 4318723.143, 136
Trd, 4318723.343, 135
Trd, 4318723.643, 135
Trd, 4318724.293, 139
Trd, 4318725.293, 140
Trd, 4318726.043, 101
Trd, 4318726.293, 100
Trd, 4318726.443, 94
Trd, 4318727.593, 140
Trd, 4318730.143, 140
Trd, 4318730.193, 136
Trd, 4318730.543, 97
Trd, 4318730.643, 81
Trd, 4318731.043, 124
Trd, 4318731.843, 120
Trd, 4318733.143, 118
Trd, 4318733.493, 107
Trd, 4318733.793, 119
Trd, 4318734.393, 105
Trd, 4318735.593, 123
Trd, 4318736.893, 140
Trd, 4318737.693, 122
Trd, 4318738.093, 138
Trd, 4318738.693, 127
Trd, 4318739.443, 131
Trd, 4318740.693, 132
Trd, 4318741.793, 133
Trd, 4318743.243, 140
Trd, 4318743.643, 127
Trd, 4318744.293, 123
Trd, 4318745.243, 140
Trd, 4318746.393, 126
Trd, 4318746.643, 118
Trd, 4318747.143, 126
Trd, 4318747.243, 119
Trd, 4318748.693, 116
Trd, 4318749.943, 78
Trd, 4318750.793, 78
Trd, 4318751.143, 65
Trd, 4318751.493, 76
Trd, 4318752.643, 125
Trd, 4318754.643, 65
Trd, 4318755.243, 92
Trd, 4318755.693, 115
Trd, 4318755.843, 82
Trd, 4318755.943, 125
Trd, 4318757.493, 135
Trd, 4318757.993, 80
Trd, 4318758.443, 69
Trd, 4318759.643, 64
Trd, 4318760.393, 65
Trd, 4318760.693, 104
Trd, 4318761.643, 104
Trd, 4318762.093, 83
Trd, 4318764.393, 121
Trd, 4318764.743, 111
Trd, 4318765.343, 140
Trd, 4318765.693, 119
Trd, 4318765.993, 89
Trd, 4318768.143, 74
Trd, 4318769.043, 117
Trd, 4318769.143, 107
Trd, 4318770.493, 92
Trd, 4318770.843, 114
Trd, 4318770.993, 138
Trd, 4318771.693, 133
Trd, 4318772.293, 110
Trd, 4318772.693, 125
Trd, 4318773.543, 130
Trd, 4318775.443, 118
Trd, 4318776.293, 139
Trd, 4318776.643, 125
Trd, 4318777.593, 124
Trd, 4318777.843, 121
Trd, 4318778.343, 140
Trd, 4318778.493, 102
Trd, 4318779.793, 114
Trd, 4318779.893, 106
Trd, 4318781.143, 113
Trd, 4318781.693, 129
Trd, 4318781.993, 112
Trd, 4318782.143, 87
Trd, 4318783.293, 135
Trd, 4318783.643, 65
Trd, 4318785.743, 138
Trd, 4318786.243, 135
Trd, 4318787.143, 129
Trd, 4318787.193, 107
Trd, 4318787.793, 138
Trd, 4318789.693, 117
Trd, 4318789.993, 140
Trd, 4318790.343, 113
Trd, 4318792.643, 128
Trd, 4318793.693, 131
Trd, 4318794.343, 126
Trd, 4318796.193, 138
Trd, 4318796.893, 129
Trd, 4318797.443, 94
Trd, 4318797.943, 97
Trd, 4318798.193, 127
Trd, 4318798.243, 95
Trd, 4318799.743, 134
Trd, 4318800.993, 125
Trd, 4318801.943, 130
Trd, 4318802.793, 139
Trd, 4318803.093, 118
Trd, 4318803.493, 140
Trd, 4318804.643, 128
Trd, 4318805.743, 120
Trd, 4318805.943, 117
Trd, 4318806.293, 106
Trd, 4318807.643, 139
Trd, 4318808.443, 120
Trd, 4318808.593, 102
Trd, 4318808.993, 138
Trd, 4318810.893, 128
Trd, 4318811.443, 103
Trd, 4318811.793, 90
Trd, 4318812.193, 129
Trd, 4318812.993, 128
Trd, 4318813.193, 110
Trd, 4318813.243, 88
Trd, 4318814.743, 124
Trd, 4318815.443, 131
Trd, 4318815.643, 139
Trd, 4318816.043, 139
Trd, 4318816.093, 97
Trd, 4318817.693, 123
Trd, 4318818.443, 101
Trd, 4318818.743, 108
Trd, 4318818.893, 100
Trd, 4318819.993, 110
Trd, 4318820.243, 114
Trd, 4318821.893, 99
Trd, 4318824.693, 140
Trd, 4318824.843, 140
Trd, 4318825.643, 134
Trd, 4318826.243, 123
Trd, 4318826.743, 110
Trd, 4318828.693, 111
Trd, 4318829.493, 133
Trd, 4318830.593, 138
Trd, 4318831.493, 123
Trd, 4318831.843, 101
Trd, 4318832.193, 76
Trd, 4318833.793, 124
Trd, 4318834.143, 133
Trd, 4318834.293, 123
Trd, 4318834.693, 74
Trd, 4318834.793, 62
Trd, 4318835.743, 86
Trd, 4318836.993, 107
Trd, 4318837.193, 92
Trd, 4318838.393, 105
Trd, 4318838.593, 69
Trd, 4318841.143, 114
Trd, 4318841.543, 117
Trd, 4318842.093, 139
Trd, 4318842.393, 112
Trd, 4318843.293, 125
Trd, 4318843.993, 91
Trd, 4318844.143, 83
Trd, 4318844.393, 94
Trd, 4318845.993, 131
Trd, 4318846.243, 130
Trd, 4318847.543, 110
Trd, 4318847.693, 112
Trd, 4318848.293, 108
Trd, 4318848.443, 129
Trd, 4318848.743, 129
Trd, 4318849.243, 139
Trd, 4318849.493, 131
Trd, 4318850.243, 63
Trd, 4318850.793, 60
Trd, 4318851.343, 113
Trd, 4318852.543, 87
Trd, 4318853.893, 91
Trd, 4318854.693, 113
Trd, 4318855.093, 119
Trd, 4318855.193, 100
Trd, 4318856.493, 117
Trd, 4318856.643, 111
Trd, 4318857.193, 78
Trd, 4318858.043, 112
Trd, 4318858.193, 99
Trd, 4318859.193, 75
Trd, 4318859.943, 63
Trd, 4318861.193, 106
Trd, 4318862.243, 111
Trd, 4318862.543, 91
Trd, 4318862.793, 121
Trd, 4318863.643, 137
Trd, 4318865.493, 140
Trd, 4318866.343, 140
Trd, 4318868.393, 133
Trd, 4318868.593, 132
Trd, 4318868.843, 126
Trd, 4318868.993, 106
Trd, 4318869.443, 108
Trd, 4318871.243, 123
Trd, 4318871.293, 117
Trd, 4318871.993, 68
Trd, 4318872.343, 80
Trd, 4318872.393, 78
Trd, 4318872.943, 62
Trd, 4318873.443, 69
Trd, 4318873.793, 60
Trd, 4318875.143, 60
Trd, 4318875.693, 83
Trd, 4318876.193, 73
Trd, 4318877.393, 62
Trd, 4318877.543, 67
Trd, 4318878.243, 94
Trd, 4318878.343, 93
Trd, 4318879.543, 113
Trd, 4318880.493, 123
Trd, 4318880.593, 97
Trd, 4318882.393, 61
Trd, 4318882.443, 63
Trd, 4318882.493, 122
Trd, 4318883.893, 114
Trd, 4318884.043, 102
Trd, 4318884.343, 80
Trd, 4318887.093, 112
Trd, 4318887.243, 72
Trd, 4318887.393, 116
Trd, 4318888.643, 72
Trd, 4318888.743, 64
Trd, 4318889.493, 117
Trd, 4318889.593, 132
Trd, 4318891.993, 61
Trd, 4318892.093, 67
Trd, 4318892.243, 85
Trd, 4318892.593, 103
Trd, 4318893.593, 114
Trd, 4318895.143, 126
Trd, 4318895.293, 114
Trd, 4318896.093, 106
Trd, 4318896.193, 96
Trd, 4318898.543, 140
Trd, 4318898.793, 137
Trd, 4318898.843, 125
Trd, 4318899.343, 138
Trd, 4318900.943, 140
Trd, 4318901.893, 139
Trd, 4318902.643, 124
Trd, 4318904.443, 121
Trd, 4318905.043, 137
Trd, 4318905.143, 93
Trd, 4318905.393, 87
Trd, 4318906.493, 96
Trd, 4318907.193, 90
Trd, 4318907.693, 140
Trd, 4318908.043, 98
Trd, 4318910.393, 119
Trd, 4318910.443, 118
Trd, 4318910.843, 115
Trd, 4318912.143, 107
Trd, 4318912.393, 106
Trd, 4318914.143, 140
Trd, 4318915.093, 140
Trd, 4318915.943, 136
Trd, 4318916.143, 135
Trd, 4318916.593, 119
Trd, 4318917.843, 110
Trd, 4318918.143, 116
Trd, 4318918.743, 109
Trd, 4318919.643, 106
Trd, 4318920.843, 139
Trd, 4318921.543, 122
Trd, 4318921.893, 107
Trd, 4318921.943, 93
Trd, 4318923.443, 101
Trd, 4318923.893, 117
Trd, 4318924.393, 107
Trd, 4318925.343, 84
Trd, 4318926.843, 140
Trd, 4318927.743, 70
Trd, 4318928.443, 63
Trd, 4318928.643, 66
Trd, 4318928.793, 79
Trd, 4318928.893, 103
Trd, 4318929.893, 139
Trd, 4318929.993, 113
Trd, 4318930.793, 116
Trd, 4318930.843, 98
Trd, 4318933.493, 140
Trd, 4318934.043, 90
Trd, 4318934.343, 75
Trd, 4318934.593, 103
Trd, 4318934.943, 92
Trd, 4318935.143, 99
Trd, 4318935.543, 127
Trd, 4318935.793, 73
Trd, 4318936.693, 75
Trd, 4318937.643, 62
Trd, 4318937.743, 69
Trd, 4318938.993, 139
Trd, 4318939.343, 68
Trd, 4318940.193, 60
Trd, 4318940.293, 69
Trd, 4318940.643, 86
Trd, 4318941.293, 106
Trd, 4318942.443, 63
Trd, 4318943.043, 99
Trd, 4318943.093, 73
Trd, 4318943.843, 100
Trd, 4318944.693, 140
Trd, 4318945.593, 135
Trd, 4318945.843, 134
Trd, 4318946.393, 82
Trd, 4318947.243, 79
Trd, 4318947.493, 108
Trd, 4318948.193, 83
Trd, 4318949.493, 140
Trd, 4318949.643, 91
Trd, 4318950.043, 140
Trd, 4318951.093, 114
Trd, 4318951.293, 109
Trd, 4318952.243, 115
Trd, 4318952.693, 100
Trd, 4318953.493, 115
Trd, 4318953.643, 92
Trd, 4318955.043, 71
Trd, 4318956.543, 130
Trd, 4318957.093, 102
Trd, 4318957.993, 71
Trd, 4318958.393, 67
Trd, 4318958.693, 62
Trd, 4318959.543, 125
Trd, 4318960.893, 98
Trd, 4318961.543, 124
Trd, 4318962.993, 108
Trd, 4318963.143, 120
Trd, 4318963.243, 82
Trd, 4318964.593, 136
Trd, 4318965.443, 89
Trd, 4318965.743, 60
Trd, 4318967.093, 62
Trd, 4318967.443, 71
Trd, 4318968.093, 97
Trd, 4318968.343, 63
Trd, 4318968.443, 69
Trd, 4318968.743, 62
Trd, 4318969.643, 65
Trd, 4318970.443, 69
Trd, 4318971.593, 127
Trd, 4318972.093, 76
Trd, 4318974.593, 122
Trd, 4318974.893, 140
Trd, 4318975.543, 113
Trd, 4318975.743, 94
Trd, 4318976.643, 60
Trd, 4318977.393, 136
Trd, 4318977.493, 95
Trd, 4318979.043, 61
Trd, 4318979.093, 66
Trd, 4318979.943, 109
Trd, 4318980.743, 122
Trd, 4318981.043, 94
Trd, 4318982.593, 61
Trd, 4318983.043, 105
Trd, 4318983.143, 104
Trd, 4318985.043, 121
Trd, 4318985.293, 124
Trd, 4318985.543, 115
Trd, 4318986.943, 95
Trd, 4318987.093, 106
Trd, 4318987.693, 126
Trd, 4318987.893, 89
Trd, 4318988.143, 74
Trd, 4318989.343, 123
Trd, 4318989.993, 120
Trd, 4318990.293, 110
Trd, 4318992.393, 140
Trd, 4318992.593, 139
Trd, 4318994.543, 131
Trd, 4318994.793, 96
Trd, 4318995.943, 137
Trd, 4318996.143, 72
Trd, 4318996.793, 83
Trd, 4318997.443, 121
Trd, 4318999.093, 81
Trd, 4318999.143, 80
Trd, 4318999.593, 136
Trd, 4318999.643, 118
Trd, 4319000.193, 68
Trd, 4319001.293, 95
Trd, 4319001.493, 78
Trd, 4319002.593, 95
Trd, 4319003.993, 76
Trd, 4319004.843, 77
Trd, 4319005.393, 63
Trd, 4319006.343, 118
Trd, 4319006.843, 113
Trd, 4319007.543, 117
Trd, 4319007.593, 110
Trd, 4319009.193, 140
Trd, 4319009.543, 140
Trd, 4319009.743, 106
Trd, 4319010.793, 131
Trd, 4319011.343, 99
Trd, 4319011.493, 118
Trd, 4319011.793, 112
Trd, 4319012.493, 74
Trd, 4319013.093, 100
Trd, 4319014.243, 101
Trd, 4319014.743, 66
Trd, 4319015.193, 126
Trd, 4319016.443, 119
Trd, 4319018.143, 133
Trd, 4319018.493, 131
Trd, 4319018.943, 99
Trd, 4319019.243, 82
Trd, 4319019.993, 94
Trd, 4319020.293, 65
Trd, 4319021.443, 140
Trd, 4319022.043, 117
Trd, 4319022.493, 137
Trd, 4319022.643, 111
Trd, 4319023.043, 110
Trd, 4319023.893, 107
Trd, 4319024.893, 114
Trd, 4319025.143, 105
Trd, 4319025.943, 100
Trd, 4319026.193, 135
Trd, 4319026.493, 95
Trd, 4319027.693, 90
Trd, 4319028.393, 70
Trd, 4319028.993, 113
Trd, 4319030.143, 89
Trd, 4319030.793, 94
Trd, 4319031.693, 96
Trd, 4319032.343, 133
Trd, 4319033.993, 139
Trd, 4319034.243, 105
Trd, 4319034.493, 81
Trd, 4319036.293, 127
Trd, 4319036.643, 131
Trd, 4319037.343, 113
Trd, 4319037.543, 112
Trd, 4319037.743, 103
Trd, 4319039.193, 111
Trd, 4319039.543, 108
Trd, 4319040.243, 98
Trd, 4319041.543, 124
Trd, 4319042.043, 129
Trd, 4319042.593, 82
Trd, 4319044.093, 119
Trd, 4319045.043, 76
Trd, 4319045.393, 118
Trd, 4319046.043, 74
Trd, 4319047.143, 131
Trd, 4319047.393, 139
Trd, 4319047.893, 119
Trd, 4319048.093, 110
Trd, 4319048.943, 98
Trd, 4319049.043, 94
Trd, 4319049.743, 91
Trd, 4319050.593, 123
Trd, 4319050.693, 114
Trd, 4319052.493, 117
Trd, 4319053.243, 133
Trd, 4319053.643, 138
Trd, 4319054.593, 86
Trd, 4319054.793, 99
Trd, 4319055.243, 76
Trd, 4319058.293, 140
Trd, 4319058.693, 139
Trd, 4319058.943, 112
Trd, 4319059.093, 137
Trd, 4319061.243, 138
Trd, 4319061.593, 109
Trd, 4319061.793, 140
Trd, 4319062.593, 104
Trd, 4319062.843, 107
Trd, 4319063.293, 73
Trd, 4319064.193, 113
Trd, 4319064.493, 126
Trd, 4319066.093, 139
Trd, 4319066.793, 136
Trd, 4319067.293, 139
Trd, 4319068.093, 127
Trd, 4319068.743, 120
Trd, 4319069.193, 99
Trd, 4319069.493, 121
Trd, 4319071.243, 136
Trd, 4319071.393, 106
Trd, 4319072.493, 101
Trd, 4319072.643, 87
Trd, 4319072.743, 76
Trd, 4319073.793, 82
Trd, 4319074.043, 131
Trd, 4319074.193, 99
Trd, 4319074.993, 137
Trd, 4319075.743, 62
Trd, 4319077.343, 112
Trd, 4319077.643, 91
Trd, 4319078.043, 90
Trd, 4319078.243, 104
Trd, 4319078.593, 65
Trd, 4319079.393, 92
Trd, 4319080.743, 130
Trd, 4319081.293, 103
Trd, 4319081.793, 86
Trd, 4319082.593, 63
Trd, 4319084.693, 140
Trd, 4319085.343, 139
Trd, 4319085.393, 97
Trd, 4319086.493, 114
Trd, 4319086.893, 139
Trd, 4319088.993, 138
Trd, 4319089.593, 121
Trd, 4319090.893, 113
Trd, 4319090.993, 82
Trd, 4319091.093, 96
Trd, 4319092.193, 99
Trd, 4319093.143, 138
Trd, 4319093.693, 98
Trd, 4319094.393, 67
Trd, 4319095.343, 108
Trd, 4319096.343, 93
Trd, 4319097.543, 96
Trd, 4319098.043, 91
Trd, 4319098.193, 90
Trd, 4319100.293, 76
Trd, 4319100.943, 71
Trd, 4319101.093, 128
Trd, 4319102.593, 78
Trd, 4319103.293, 139
Trd, 4319103.493, 122
Trd, 4319103.743, 68
Trd, 4319105.243, 138
Trd, 4319105.893, 132
Trd, 4319107.943, 128
Trd, 4319108.293, 125
Trd, 4319109.343, 140
Trd, 4319109.993, 140
Trd, 4319110.393, 100
Trd, 4319111.043, 124
Trd, 4319111.393, 119
Trd, 4319112.043, 70
Trd, 4319113.243, 89
Trd, 4319114.543, 71
Trd, 4319115.493, 105
Trd, 4319115.993, 100
Trd, 4319116.943, 138
Trd, 4319117.143, 112
Trd, 4319117.793, 112
Trd, 4319117.943, 126
Trd, 4319118.693, 138
Trd, 4319118.993, 70
Trd, 4319119.593, 122
Trd, 4319120.143, 112
Trd, 4319120.493, 118
Trd, 4319120.943, 130
Trd, 4319121.393, 73
Trd, 4319123.693, 74
Trd, 4319124.993, 137
Trd, 4319125.493, 119
Trd, 4319126.893, 119
Trd, 4319128.243, 116
Trd, 4319128.643, 114
Trd, 4319128.693, 121
Trd, 4319128.893, 103
Trd, 4319128.943, 102
Trd, 4319129.643, 68
Trd, 4319130.693, 98
Trd, 4319131.343, 102
Trd, 4319132.243, 133
Trd, 4319134.043, 135
Trd, 4319134.143, 134
Trd, 4319134.743, 128
Trd, 4319135.693, 138
Trd, 4319135.743, 122
Trd, 4319136.543, 137
Trd, 4319136.943, 108
Trd, 4319137.093, 101
Trd, 4319138.043, 99
Trd, 4319138.693, 138
Trd, 4319138.943, 129
Trd, 4319140.243, 129
Trd, 4319141.793, 139
Trd, 4319142.243, 119
Trd, 4319142.493, 98
Trd, 4319142.993, 89
Trd, 4319144.293, 130
Trd, 4319145.143, 82
Trd, 4319145.543, 129
Trd, 4319146.093, 69
Trd, 4319146.793, 60
Trd, 4319147.143, 74
Trd, 4319147.293, 75
Trd, 4319147.693, 132
Trd, 4319148.143, 130
Trd, 4319151.443, 133
Trd, 4319152.493, 125
Trd, 4319153.443, 108
Trd, 4319153.793, 140
Trd, 4319153.843, 121
Trd, 4319154.193, 129
Trd, 4319155.243, 129
Trd, 4319156.643, 131
Trd, 4319157.243, 109
Trd, 4319157.393, 86
Trd, 4319157.793, 119
Trd, 4319159.293, 136
Trd, 4319159.693, 126
Trd, 4319160.043, 127
Trd, 4319160.793, 96
Trd, 4319161.243, 107
Trd, 4319161.993, 139
Trd, 4319164.443, 96
Trd, 4319165.043, 86
Trd, 4319165.193, 67
Trd, 4319165.793, 73
Trd, 4319166.143, 70
Trd, 4319166.943, 94
Trd, 4319167.043, 92
Trd, 4319167.993, 63
Trd, 4319168.943, 66
Trd, 4319169.143, 64
Trd, 4319170.093, 86
Trd, 4319170.243, 95
Trd, 4319170.693, 104
Trd, 4319171.343, 103
Trd, 4319171.893, 78
Trd, 4319174.793, 140
Trd, 4319175.343, 139
Trd, 4319175.443, 135
Trd, 4319176.093, 96
Trd, 4319176.643, 77
Trd, 4319176.943, 123
Trd, 4319177.093, 71
Trd, 4319177.243, 81
Trd, 4319177.793, 79
Trd, 4319178.943, 90
Trd, 4319179.443, 81
Trd, 4319179.943, 63
Trd, 4319181.493, 96
Trd, 4319181.893, 93
Trd, 4319182.343, 91
Trd, 4319182.593, 82
Trd, 4319183.243, 85
Trd, 4319184.793, 67
Trd, 4319185.293, 72
Trd, 4319186.193, 66
Trd, 4319186.543, 121
Trd, 4319186.693, 132
Trd, 4319187.543, 121
Trd, 4319189.293, 140
Trd, 4319190.293, 139
Trd, 4319190.593, 118
Trd, 4319192.943, 138
Trd, 4319193.393, 137
Trd, 4319193.943, 135
Trd, 4319194.243, 127
Trd, 4319194.693, 101
Trd, 4319194.743, 89
Trd, 4319195.943, 103
Trd, 4319197.493, 119
Trd, 4319197.543, 104
Trd, 4319198.443, 124
Trd, 4319199.093, 140
Trd, 4319199.893, 139
Trd, 4319200.743, 119
Trd, 4319201.093, 137
Trd, 4319202.293, 137
Trd, 4319203.143, 88
Trd, 4319203.793, 125
Trd, 4319203.843, 112
Trd, 4319204.443, 120
Trd, 4319206.993, 114
Trd, 4319207.693, 140
Trd, 4319207.793, 133
Trd, 4319209.093, 83
Trd, 4319210.043, 137
Trd, 4319210.543, 136
Trd, 4319210.843, 117
Trd, 4319211.593, 124
Trd, 4319212.093, 70
Trd, 4319212.443, 134
Trd, 4319213.043, 93
Trd, 4319214.343, 61
Trd, 4319215.843, 60
Trd, 4319216.593, 66
Trd, 4319216.743, 89
Trd, 4319217.193, 62
Trd, 4319217.693, 98
Trd, 4319218.443, 75
Trd, 4319219.093, 99
Trd, 4319219.793, 138
Trd, 4319220.243, 86
Trd, 4319220.443, 84
Trd, 4319221.093, 139
Trd, 4319221.643, 119
Trd, 4319222.643, 62
Trd, 4319223.043, 66
Trd, 4319223.193, 71
Trd, 4319223.943, 75
Trd, 4319224.643, 135
Trd, 4319225.893, 107
Trd, 4319228.243, 139
Trd, 4319228.493, 124
Trd, 4319229.193, 135
Trd, 4319230.143, 129
Trd, 4319230.293, 132
Trd, 4319230.343, 114
Trd, 4319231.293, 112
Trd, 4319232.093, 109
Trd, 4319232.443, 107
Trd, 4319232.593, 106
Trd, 4319232.793, 74
Trd, 4319233.893, 140
Trd, 4319234.093, 120
Trd, 4319234.943, 84
Trd, 4319235.943, 109
Trd, 4319236.693, 113
Trd, 4319237.443, 110
Trd, 4319238.443, 139
Trd, 4319239.093, 90
Trd, 4319239.743, 85
Trd, 4319240.893, 112
Trd, 4319241.443, 125
Trd, 4319242.193, 115
Trd, 4319242.493, 90
Trd, 4319243.193, 110
Trd, 4319246.243, 140
Trd, 4319246.393, 139
Trd, 4319246.643, 108
Trd, 4319247.443, 123
Trd, 4319248.043, 81
Trd, 4319248.643, 104
Trd, 4319250.593, 140
Trd, 4319250.693, 134
Trd, 4319251.143, 80
Trd, 4319251.743, 102
Trd, 4319252.443, 80
Trd, 4319253.793, 122
Trd, 4319253.993, 68
Trd, 4319254.443, 68
Trd, 4319254.793, 90
Trd, 4319256.093, 134
Trd, 4319256.793, 90
Trd, 4319256.893, 84
Trd, 4319258.493, 126
Trd, 4319258.893, 108
Trd, 4319259.493, 96
Trd, 4319260.393, 104
Trd, 4319261.193, 123
Trd, 4319261.493, 63
Trd, 4319262.943, 132
Trd, 4319263.493, 127
Trd, 4319264.393, 139
Trd, 4319266.093, 138
Trd, 4319266.793, 112
Trd, 4319267.243, 138
Trd, 4319267.793, 137
Trd, 4319267.843, 98
Trd, 4319267.893, 91
Trd, 4319268.743, 110
Trd, 4319268.793, 83
Trd, 4319269.093, 60
Trd, 4319269.793, 104
Trd, 4319270.543, 109
Trd, 4319272.043, 111
Trd, 4319272.793, 109
Trd, 4319272.843, 95
Trd, 4319273.943, 62
Trd, 4319274.893, 64
Trd, 4319275.193, 93
Trd, 4319277.193, 102
Trd, 4319277.943, 120
Trd, 4319278.843, 105
Trd, 4319278.943, 98
Trd, 4319279.343, 91
Trd, 4319279.493, 70
Trd, 4319281.343, 67
Trd, 4319281.943, 60
Trd, 4319282.093, 60
Trd, 4319283.143, 72
Trd, 4319283.493, 138
Trd, 4319285.993, 140
Trd, 4319286.243, 122
Trd, 4319287.443, 135
Trd, 4319287.693, 123
Trd, 4319287.843, 122
Trd, 4319288.243, 96
Trd, 4319289.693, 139
Trd, 4319289.893, 115
Trd, 4319290.193, 103
Trd, 4319290.293, 78
Trd, 4319291.143, 63
Trd, 4319292.393, 107
Trd, 4319294.193, 62
Trd, 4319294.743, 74
Trd, 4319295.793, 62
Trd, 4319296.243, 64
Trd, 4319296.343, 118
Trd, 4319297.293, 124
Trd, 4319298.743, 76
Trd, 4319299.893, 64
Trd, 4319300.043, 64
Trd, 4319301.743, 64
Trd, 4319302.043, 111
Trd, 4319302.193, 126
Trd, 4319303.943, 62
Trd, 4319304.493, 81
Trd, 4319304.843, 66
Trd, 4319305.143, 89
Trd, 4319305.393, 86
Trd, 4319307.743, 111
Trd, 4319308.043, 124
Trd, 4319308.993, 82
Trd, 4319309.443, 72
Trd, 4319309.843, 116
Trd, 4319311.343, 118
Trd, 4319311.443, 117
Trd, 4319311.543, 125
Trd, 4319313.193, 140
Trd, 4319313.543, 127
Trd, 4319314.093, 88
Trd, 4319315.143, 140
Trd, 4319317.343, 98
Trd, 4319317.643, 123
Trd, 4319318.843, 109
Trd, 4319318.993, 128
Trd, 4319319.143, 75
Trd, 4319320.143, 123
Trd, 4319320.343, 87
Trd, 4319320.643, 88
Trd, 4319322.043, 140
Trd, 4319322.543, 140
Trd, 4319324.143, 81
Trd, 4319325.793, 132
Trd, 4319326.143, 108
Trd, 4319327.043, 140
Trd, 4319327.993, 83
Trd, 4319329.093, 137
Trd, 4319330.243, 104
Trd, 4319330.393, 125
Trd, 4319330.543, 103
Trd, 4319330.793, 102
Trd, 4319331.993, 128
Trd, 4319332.243, 100
Trd, 4319332.743, 100
Trd, 4319334.643, 131
Trd, 4319335.143, 138
Trd, 4319335.393, 134
Trd, 4319335.843, 133
Trd, 4319335.943, 111
Trd, 4319337.043, 122
Trd, 4319338.093, 100
Trd, 4319338.643, 77
Trd, 4319338.943, 105
Trd, 4319339.743, 122
Trd, 4319340.543, 79
Trd, 4319341.493, 140
Trd, 4319341.993, 140
Trd, 4319342.393, 80
Trd, 4319342.693, 60
Trd, 4319344.493, 78
Trd, 4319345.043, 132
Trd, 4319345.193, 128
Trd, 4319345.643, 116
Trd, 4319346.543, 139
Trd, 4319347.593, 71
Trd, 4319347.993, 60
Trd, 4319348.093, 127
Trd, 4319348.343, 107
Trd, 4319348.943, 101
Trd, 4319350.093, 63
Trd, 4319351.543, 136
Trd, 4319351.943, 130
Trd, 4319353.043, 112
Trd, 4319354.543, 92
Trd, 4319355.143, 140
Trd, 4319355.543, 140
Trd, 4319356.193, 110
Trd, 4319356.243, 98
Trd, 4319358.243, 107
Trd, 4319358.793, 117
Trd, 4319360.193, 133
Trd, 4319360.893, 139
Trd, 4319360.943, 137
Trd, 4319361.693, 136
Trd, 4319361.793, 132
Trd, 4319362.993, 108
Trd, 4319363.243, 82
Trd, 4319364.443, 137
Trd, 4319365.043, 139
Trd, 4319365.893, 89
Trd, 4319366.843, 62
Trd, 4319367.643, 111
Trd, 4319368.693, 101
Trd, 4319370.243, 92
Trd, 4319370.493, 112
Trd, 4319371.093, 136
Trd, 4319371.843, 140
Trd, 4319372.343, 123
Trd, 4319373.843, 116
Trd, 4319374.143, 102
Trd, 4319374.193, 99
Trd, 4319374.243, 92
Trd, 4319375.093, 78
Trd, 4319375.343, 139
Trd, 4319377.043, 109
Trd, 4319377.493, 133
Trd, 4319379.293, 139
Trd, 4319379.643, 129
Trd, 4319379.693, 122
Trd, 4319380.643, 98
Trd, 4319382.993, 111
Trd, 4319383.343, 117
Trd, 4319383.393, 74
Trd, 4319383.843, 104
Trd, 4319384.193, 139
Trd, 4319384.943, 140
Trd, 4319388.293, 140
Trd, 4319388.943, 138
Trd, 4319389.293, 119
Trd, 4319389.443, 103
Trd, 4319390.693, 70
Trd, 4319391.493, 116
Trd, 4319391.593, 106
Trd, 4319392.393, 90
Trd, 4319392.643, 131
Trd, 4319393.743, 60
Trd, 4319394.293, 60
Trd, 4319395.343, 140
Trd, 4319396.443, 90
Trd, 4319397.893, 82
Trd, 4319398.343, 94
Trd, 4319399.443, 102
Trd, 4319399.743, 74
Trd, 4319400.093, 67
Trd, 4319400.393, 63
Trd, 4319401.293, 74
Trd, 4319402.293, 126
Trd, 4319403.043, 132
Trd, 4319404.343, 110
Trd, 4319405.143, 100
Trd, 4319405.893, 140
Trd, 4319406.693, 81
Trd, 4319407.493, 135
Trd, 4319409.343, 136
Trd, 4319409.593, 133
Trd, 4319410.743, 136
Trd, 4319410.893, 136
Trd, 4319410.943, 128
Trd, 4319411.193, 122
Trd, 4319411.993, 69
Trd, 4319412.843, 101
Trd, 4319413.243, 121
Trd, 4319414.993, 60
Trd, 4319415.043, 124
Trd, 4319416.793, 61
Trd, 4319417.693, 72
Trd, 4319417.743, 90
Trd, 4319419.443, 75
Trd, 4319419.593, 81
Trd, 4319420.343, 63
Trd, 4319420.693, 77
Trd, 4319421.193, 68
Trd, 4319421.793, 66
Trd, 4319422.743, 67
Trd, 4319423.843, 138
Trd, 4319424.343, 113
Trd, 4319424.393, 118
Trd, 4319424.893, 109
Trd, 4319425.293, 138
Trd, 4319428.093, 140
Trd, 4319428.143, 139
Trd, 4319428.243, 123
Trd, 4319428.543, 119
Trd, 4319429.393, 116
Trd, 4319429.543, 111
Trd, 4319429.643, 122
Trd, 4319430.193, 117
Trd, 4319430.343, 88
Trd, 4319430.893, 116
Trd, 4319431.493, 79
Trd, 4319432.443, 139
Trd, 4319432.743, 118
Trd, 4319432.943, 112
Trd, 4319433.393, 121
Trd, 4319433.843, 105
Trd, 4319435.943, 130
Trd, 4319437.393, 116
Trd, 4319437.493, 93
Trd, 4319438.343, 134
Trd, 4319438.443, 131
Trd, 4319438.893, 98
Trd, 4319439.543, 140
Trd, 4319440.743, 114
Trd, 4319441.443, 132
Trd, 4319442.943, 88
Trd, 4319443.793, 75
Trd, 4319444.243, 102
Trd, 4319444.743, 124
Trd, 4319444.943, 81
Trd, 4319445.593, 118
Trd, 4319446.793, 112
Trd, 4319447.093, 74
Trd, 4319447.243, 139
Trd, 4319449.693, 60
Trd, 4319452.043, 123
Trd, 4319452.143, 122
Trd, 4319452.443, 70
Trd, 4319452.593, 72
Trd, 4319454.143, 140
Trd, 4319454.943, 94
Trd, 4319455.543, 108
Trd, 4319455.893, 110
Trd, 4319456.393, 94
Trd, 4319456.793, 60
Trd, 4319457.643, 123
Trd, 4319458.343, 61
Trd, 4319458.443, 97
Trd, 4319459.493, 69
Trd, 4319460.693, 107
Trd, 4319460.793, 120
Trd, 4319461.643, 74
Trd, 4319462.543, 69
Trd, 4319463.093, 85
Trd, 4319463.293, 115
Trd, 4319463.993, 94
Trd, 4319465.493, 113
Trd, 4319465.793, 136
Trd, 4319467.243, 135
Trd, 4319467.493, 133
Trd, 4319468.043, 118
Trd, 4319468.443, 125
Trd, 4319468.943, 104
Trd, 4319469.093, 129
Trd, 4319470.893, 117
Trd, 4319471.193, 81
Trd, 4319471.943, 67
Trd, 4319472.293, 64
Trd, 4319472.943, 82
Trd, 4319475.293, 140
Trd, 4319476.693, 140
Trd, 4319477.043, 129
Trd, 4319477.193, 116
Trd, 4319477.443, 120
Trd, 4319478.493, 113
Trd, 4319479.043, 78
Trd, 4319479.193, 73
Trd, 4319480.193, 91
Trd, 4319480.493, 62
Trd, 4319480.593, 63
Trd, 4319482.793, 61
Trd, 4319483.293, 63
Trd, 4319483.993, 66
Trd, 4319484.543, 60
Trd, 4319485.193, 69
Trd, 4319485.843, 108
Trd, 4319486.393, 84
Trd, 4319486.593, 67
Trd, 4319487.193, 68
Trd, 4319488.643, 111
Trd, 4319488.743, 110
Trd, 4319489.593, 125
Trd, 4319490.593, 140
Trd, 4319490.843, 96
Trd, 4319492.743, 134
Trd, 4319493.293, 128
Trd, 4319494.343, 77
Trd, 4319494.493, 114
Trd, 4319494.693, 114
Trd, 4319495.243, 108
Trd, 4319495.643, 121
Trd, 4319497.343, 87
Trd, 4319497.543, 67
Trd, 4319497.843, 92
Trd, 4319498.693, 72
Trd, 4319498.793, 95
Trd, 4319499.943, 127
Trd, 4319500.643, 123
Trd, 4319501.093, 105
Trd, 4319501.593, 119
Trd, 4319502.193, 114
Trd, 4319502.493, 107
Trd, 4319502.643, 86
Trd, 4319504.793, 139
Trd, 4319505.843, 138
Trd, 4319506.193, 132
Trd, 4319506.943, 121
Trd, 4319507.693, 121
Trd, 4319507.743, 103
Trd, 4319508.093, 83
Trd, 4319508.143, 80
Trd, 4319509.443, 70
Trd, 4319509.943, 111
Trd, 4319510.593, 66
Trd, 4319510.893, 116
Trd, 4319511.543, 139
Trd, 4319512.043, 96
Trd, 4319514.093, 137
Trd, 4319514.593, 140
Trd, 4319515.093, 132
Trd, 4319517.143, 93
Trd, 4319517.293, 91
Trd, 4319518.343, 82
Trd, 4319518.443, 88
Trd, 4319519.693, 101
Trd, 4319519.843, 102
Trd, 4319520.243, 96
Trd, 4319520.343, 110
Trd, 4319522.543, 96
Trd, 4319522.893, 73
Trd, 4319522.943, 116
Trd, 4319523.843, 137
Trd, 4319524.093, 133
Trd, 4319525.293, 109
Trd, 4319526.293, 136
Trd, 4319527.193, 132
Trd, 4319528.493, 117
Trd, 4319528.893, 126
Trd, 4319529.043, 85
Trd, 4319530.243, 130
Trd, 4319530.443, 104
Trd, 4319531.293, 114
Trd, 4319532.843, 122
Trd, 4319533.943, 130
Trd, 4319534.443, 138
Trd, 4319535.143, 76
Trd, 4319535.293, 75
Trd, 4319536.343, 109
Trd, 4319536.693, 101
Trd, 4319537.693, 87
Trd, 4319538.593, 90
Trd, 4319538.743, 122
Trd, 4319539.593, 65
Trd, 4319540.393, 62
Trd, 4319540.943, 114
Trd, 4319541.343, 140
Trd, 4319541.743, 61
Trd, 4319543.093, 130
Trd, 4319544.043, 92
Trd, 4319544.943, 72
Trd, 4319545.643, 113
Trd, 4319546.793, 96
Trd, 4319547.143, 100
Trd, 4319547.693, 108
Trd, 4319548.293, 98
Trd, 4319548.893, 102
Trd, 4319550.343, 139
Trd, 4319551.743, 131
Trd, 4319551.793, 109
Trd, 4319552.043, 83
Trd, 4319552.993, 134
Trd, 4319553.143, 129
Trd, 4319555.493, 122
Trd, 4319556.543, 120
Trd, 4319557.593, 140
Trd, 4319558.493, 119
Trd, 4319558.793, 104
Trd, 4319559.943, 103
Trd, 4319560.743, 121
Trd, 4319561.043, 139
Trd, 4319562.393, 139
Trd, 4319563.143, 127
Trd, 4319563.293, 126
Trd, 4319564.093, 138
Trd, 4319565.893, 136
Trd, 4319566.093, 127
Trd, 4319566.193, 110
Trd, 4319566.343, 97
Trd, 4319568.393, 77
Trd, 4319570.993, 114
Trd, 4319571.043, 137
Trd, 4319571.343, 84
Trd, 4319572.093, 118
Trd, 4319572.743, 109
Trd, 4319572.993, 121
Trd, 4319573.743, 92
Trd, 4319574.443, 71
Trd, 4319574.643, 78
Trd, 4319575.193, 61
Trd, 4319577.643, 115
Trd, 4319577.743, 114
Trd, 4319577.893, 98
Trd, 4319578.293, 109
Trd, 4319578.493, 80
Trd, 4319579.593, 137
Trd, 4319580.393, 132
Trd, 4319581.593, 135
Trd, 4319582.543, 106
Trd, 4319582.693, 134
Trd, 4319583.193, 137
Trd, 4319584.493, 136
Trd, 4319585.993, 139
Trd, 4319586.493, 113
Trd, 4319586.593, 112
Trd, 4319587.543, 125
Trd, 4319587.693, 67
Trd, 4319588.893, 131
Trd, 4319589.643, 133
Trd, 4319590.543, 132
Trd, 4319591.793, 128
Trd, 4319591.843, 122
Trd, 4319592.543, 83
Trd, 4319593.843, 137
Trd, 4319595.443, 120
Trd, 4319595.643, 128
Trd, 4319595.993, 136
Trd, 4319597.143, 96
Trd, 4319597.593, 89
Trd, 4319598.493, 102
Trd, 4319598.743, 135
Trd, 4319598.993, 99
Trd, 4319599.243, 62
Trd, 4319599.543, 65
Trd, 4319600.543, 93
Trd, 4319601.843, 97
Trd, 4319602.143, 78
Trd, 4319602.843, 111
Trd, 4319603.643, 140
Trd, 4319603.943, 103
Trd, 4319604.543, 119
Trd, 4319606.043, 105
Trd, 4319606.393, 104
Trd, 4319606.893, 105
Trd, 4319606.993, 89
Trd, 4319608.043, 102
Trd, 4319609.093, 134
Trd, 4319609.493, 140
Trd, 4319610.343, 111
Trd, 4319610.943, 139
Trd, 4319612.643, 106
Trd, 4319612.843, 100
Trd, 4319612.943, 107
Trd, 4319613.593, 72
Trd, 4319614.243, 63
Trd, 4319615.043, 140
Trd, 4319615.093, 118
Trd, 4319617.043, 69
Trd, 4319618.743, 95
Trd, 4319619.643, 96
Trd, 4319619.843, 96
Trd, 4319619.943, 93
Trd, 4319619.993, 134
Trd, 4319620.643, 79
Trd, 4319620.793, 77
Trd, 4319621.343, 137
Trd, 4319623.343, 108
Trd, 4319624.293, 113
Trd, 4319625.393, 64
Trd, 4319625.543, 66
Trd, 4319626.393, 93
Trd, 4319627.043, 112
Trd, 4319628.043, 140
Trd, 4319629.793, 129
Trd, 4319630.043, 125
Trd, 4319631.193, 140
Trd, 4319631.393, 124
Trd, 4319631.793, 111
Trd, 4319633.343, 69
Trd, 4319634.493, 91
Trd, 4319634.593, 75
Trd, 4319635.943, 140
Trd, 4319636.693, 123
Trd, 4319637.243, 137
Trd, 4319637.293, 62
Trd, 4319638.493, 116
Trd, 4319638.793, 137
Trd, 4319638.943, 131
Trd, 4319639.643, 95
Trd, 4319641.043, 140
Trd, 4319641.193, 127
Trd, 4319642.293, 84
Trd, 4319643.193, 69
Trd, 4319643.843, 110
Trd, 4319644.243, 63
Trd, 4319645.843, 62
Trd, 4319646.443, 62
Trd, 4319647.343, 94
Trd, 4319647.593, 61
Trd, 4319648.893, 86
Trd, 4319649.993, 108
Trd, 4319650.993, 92
Trd, 4319652.143, 108
Trd, 4319653.293, 98
Trd, 4319653.893, 140
Trd, 4319654.243, 93
Trd, 4319654.443, 69
Trd, 4319654.993, 140
Trd, 4319656.393, 111
Trd, 4319657.343, 117
Trd, 4319658.043, 117
Trd, 4319658.343, 113
Trd, 4319658.743, 134
Trd, 4319660.243, 123
Trd, 4319661.243, 87
Trd, 4319662.043, 125
Trd, 4319663.293, 140
Trd, 4319663.693, 96
Trd, 4319663.843, 92
Trd, 4319664.943, 81
Trd, 4319665.643, 78
Trd, 4319666.593, 99
Trd, 4319666.793, 98
Trd, 4319666.893, 65
Trd, 4319667.443, 107
Trd, 4319667.693, 98
Trd, 4319667.893, 124
Trd, 4319668.493, 115
Trd, 4319669.393, 93
Trd, 4319670.593, 95
Trd, 4319670.943, 103
Trd, 4319672.393, 60
Trd, 4319672.843, 112
Trd, 4319673.643, 70
Trd, 4319674.443, 127
Trd, 4319674.593, 130
Trd, 4319675.143, 131
Trd, 4319675.943, 71
Trd, 4319676.293, 103
Trd, 4319677.843, 131
Trd, 4319678.593, 139
Trd, 4319679.143, 124
Trd, 4319680.093, 127
Trd, 4319680.793, 139
Trd, 4319681.743, 79
Trd, 4319682.543, 70
Trd, 4319683.343, 135
Trd, 4319684.343, 124
Trd, 4319684.593, 122
Trd, 4319685.343, 117
Trd, 4319686.443, 127
Trd, 4319687.343, 110
Trd, 4319688.093, 140
Trd, 4319688.193, 106
Trd, 4319688.993, 114
Trd, 4319689.243, 106
Trd, 4319689.943, 108
Trd, 4319690.193, 89
Trd, 4319691.593, 106
Trd, 4319692.043, 74
Trd, 4319692.393, 136
Trd, 4319694.143, 128
Trd, 4319694.293, 115
Trd, 4319695.743, 99
Trd, 4319696.093, 90
Trd, 4319696.393, 89
Trd, 4319696.743, 73
Trd, 4319698.193, 117
Trd, 4319698.493, 120
Trd, 4319699.643, 98
Trd, 4319699.743, 76
Trd, 4319699.993, 130
Trd, 4319700.543, 121
Trd, 4319702.243, 63
Trd, 4319703.093, 76
Trd, 4319703.993, 140
Trd, 4319704.793, 140
Trd, 4319704.943, 116
Trd, 4319704.993, 104
Trd, 4319705.143, 102
Trd, 4319706.043, 103
Trd, 4319706.643, 66
Trd, 4319708.143, 140
Trd, 4319708.193, 124
Trd, 4319709.443, 104
Trd, 4319709.543, 70
Trd, 4319709.993, 106
Trd, 4319710.743, 126
Trd, 4319711.843, 106
Trd, 4319712.193, 111
Trd, 4319713.643, 105
Trd, 4319713.793, 132
Trd, 4319714.643, 104
Trd, 4319714.743, 85
Trd, 4319715.393, 60
Trd, 4319715.793, 134
Trd, 4319718.043, 140
Trd, 4319718.343, 133
Trd, 4319718.893, 61
Trd, 4319719.243, 103
Trd, 4319719.993, 81
Trd, 4319720.293, 140
Trd, 4319721.443, 93
Trd, 4319723.243, 140
Trd, 4319723.743, 140
Trd, 4319724.443, 131
Trd, 4319725.593, 77
Trd, 4319726.243, 111
Trd, 4319727.643, 112
Trd, 4319728.843, 79
Trd, 4319729.443, 109
Trd, 4319729.793, 84
Trd, 4319730.293, 116
Trd, 4319732.093, 140
Trd, 4319732.693, 133
Trd, 4319733.093, 124
Trd, 4319733.243, 122
Trd, 4319733.493, 63
Trd, 4319735.093, 65
Trd, 4319736.743, 65
Trd, 4319737.743, 88
Trd, 4319739.343, 140
Trd, 4319739.393, 91
Trd, 4319739.893, 71
Trd, 4319743.243, 139
Trd, 4319743.643, 137
Trd, 4319744.243, 140
Trd, 4319744.893, 133
Trd, 4319745.343, 134
Trd, 4319745.793, 132
Trd, 4319745.993, 140
Trd, 4319747.893, 130
Trd, 4319748.893, 112
Trd, 4319750.043, 89
Trd, 4319750.243, 108
Trd, 4319750.343, 110
Trd, 4319752.243, 68
Trd, 4319753.093, 61
Trd, 4319753.793, 60
Trd, 4319754.893, 134
Trd, 4319755.343, 129
Trd, 4319755.493, 135
Trd, 4319755.943, 125
Trd, 4319757.543, 119
Trd, 4319758.643, 103
Trd, 4319758.993, 85
Trd, 4319759.093, 81
Trd, 4319759.543, 81
Trd, 4319759.943, 97
Trd, 4319760.793, 138
Trd, 4319761.343, 137
Trd, 4319762.943, 90
Trd, 4319763.443, 95
Trd, 4319763.593, 111
Trd, 4319763.693, 95
Trd, 4319764.393, 134
Trd, 4319764.543, 131
Trd, 4319765.943, 124
Trd, 4319766.293, 128
Trd, 4319767.993, 103
Trd, 4319770.043, 140
Trd, 4319770.293, 138
Trd, 4319770.443, 138
Trd, 4319771.293, 107
Trd, 4319771.443, 107
Trd, 4319771.543, 85
Trd, 4319772.293, 96
Trd, 4319772.443, 115
Trd, 4319774.643, 93
Trd, 4319774.743, 110
Trd, 4319775.143, 83
Trd, 4319775.193, 127
Trd, 4319775.443, 71
Trd, 4319775.893, 64
Trd, 4319776.893, 118
Trd, 4319777.593, 140
Trd, 4319779.343, 132
Trd, 4319780.443, 138
Trd, 4319780.643, 137
Trd, 4319780.743, 121
Trd, 4319781.093, 77
Trd, 4319782.143, 87
Trd, 4319782.193, 61
Trd, 4319782.493, 60
Trd, 4319782.843, 68
Trd, 4319784.943, 109
Trd, 4319786.843, 129
Trd, 4319787.443, 102
Trd, 4319788.243, 134
Trd, 4319788.493, 137
Trd, 4319788.793, 100
Trd, 4319788.943, 131
Trd, 4319789.793, 140
Trd, 4319789.843, 128
Trd, 4319789.943, 97
Trd, 4319793.443, 92
Trd, 4319793.993, 81
Trd, 4319794.343, 107
Trd, 4319794.493, 75
Trd, 4319795.143, 89
Trd, 4319795.343, 76
Trd, 4319798.293, 140
Trd, 4319798.343, 140
Trd, 4319799.093, 116
Trd, 4319799.293, 117
Trd, 4319800.543, 103
Trd, 4319801.143, 108
Trd, 4319801.443, 106
Trd, 4319801.543, 99
Trd, 4319802.793, 135
Trd, 4319804.043, 107
Trd, 4319805.243, 132
Trd, 4319805.343, 131
Trd, 4319805.843, 111
Trd, 4319807.043, 140
Trd, 4319807.543, 134
Trd, 4319807.693, 132
Trd, 4319808.793, 129
Trd, 4319809.843, 140
Trd, 4319810.393, 86
Trd, 4319810.593, 73
Trd, 4319812.143, 64
Trd, 4319812.943, 140
Trd, 4319813.793, 139
Trd, 4319814.093, 125
Trd, 4319814.943, 98
Trd, 4319815.443, 111
Trd, 4319816.293, 118
Trd, 4319816.493, 88
Trd, 4319817.093, 74
Trd, 4319818.093, 118
Trd, 4319818.393, 110
Trd, 4319818.943, 84
Trd, 4319819.293, 125
Trd, 4319820.493, 63
Trd, 4319821.793, 138
Trd, 4319822.193, 113
Trd, 4319822.543, 91
Trd, 4319823.043, 62
Trd, 4319823.193, 63
Trd, 4319823.993, 89
Trd, 4319824.593, 107
Trd, 4319826.693, 123
Trd, 4319826.743, 122
Trd, 4319827.943, 120
Trd, 4319828.493, 96
Trd, 4319828.793, 87
Trd, 4319829.793, 77
Trd, 4319830.543, 79
Trd, 4319832.643, 140
Trd, 4319832.893, 138
Trd, 4319833.143, 128
Trd, 4319833.593, 94
Trd, 4319835.043, 97
Trd, 4319835.143, 119
Trd, 4319835.293, 117
Trd, 4319835.443, 86
Trd, 4319836.943, 66
Trd, 4319838.193, 135
Trd, 4319838.843, 95
Trd, 4319839.093, 122
Trd, 4319839.293, 140
Trd, 4319839.893, 95
Trd, 4319840.243, 105
Trd, 4319841.593, 65
Trd, 4319842.893, 121
Trd, 4319843.643, 120
Trd, 4319843.743, 71
Trd, 4319844.393, 122
Trd, 4319844.993, 137
Trd, 4319846.793, 136
Trd, 4319847.993, 139
Trd, 4319848.093, 134
Trd, 4319848.843, 83
Trd, 4319849.493, 126
Trd, 4319850.193, 84
Trd, 4319853.693, 140
Trd, 4319853.943, 123
Trd, 4319854.193, 85
Trd, 4319854.843, 62
Trd, 4319856.943, 140
Trd, 4319857.093, 110
Trd, 4319858.693, 139
Trd, 4319858.843, 131
Trd, 4319860.243, 140
Trd, 4319860.643, 140
Trd, 4319861.093, 103
Trd, 4319861.393, 122
Trd, 4319861.843, 82
Trd, 4319863.043, 93
Trd, 4319863.193, 120
Trd, 4319865.093, 138
Trd, 4319865.293, 137
Trd, 4319866.193, 85
Trd, 4319867.993, 119
Trd, 4319869.093, 116
Trd, 4319870.093, 130
Trd, 4319870.493, 100
Trd, 4319870.643, 130
Trd, 4319870.793, 94
Trd, 4319873.043, 93
Trd, 4319873.093, 100
Trd, 4319873.393, 84
Trd, 4319874.643, 140
Trd, 4319875.393, 97
Trd, 4319875.843, 95
Trd, 4319876.543, 114
Trd, 4319877.943, 124
Trd, 4319878.293, 138
Trd, 4319878.593, 121
Trd, 4319879.743, 124
Trd, 4319880.443, 138
Trd, 4319880.693, 132
Trd, 4319881.943, 73
Trd, 4319882.443, 96
Trd, 4319883.293, 62
Trd, 4319883.493, 134
Trd, 4319884.593, 113
Trd, 4319885.493, 104
Trd, 4319885.893, 140
Trd, 4319886.593, 93
Trd, 4319887.943, 91
Trd, 4319888.543, 90
Trd, 4319889.843, 119
Trd, 4319891.243, 127
Trd, 4319891.393, 114
Trd, 4319891.993, 139
Trd, 4319892.693, 140
Trd, 4319893.693, 139
Trd, 4319894.043, 119
Trd, 4319894.343, 104
Trd, 4319894.993, 128
Trd, 4319895.243, 68
Trd, 4319895.543, 112
Trd, 4319896.843, 101
Trd, 4319898.443, 115
Trd, 4319898.993, 126
Trd, 4319899.243, 106
Trd, 4319899.893, 95
Trd, 4319899.943, 120
Trd, 4319901.043, 139
Trd, 4319902.193, 126
Trd, 4319902.993, 139
Trd, 4319903.193, 117
Trd, 4319903.343, 116
Trd, 4319905.143, 128
Trd, 4319905.443, 101
Trd, 4319906.293, 134
Trd, 4319906.743, 120
Trd, 4319908.093, 92
Trd, 4319908.793, 69
Trd, 4319909.093, 63
Trd, 4319910.593, 93
Trd, 4319910.693, 86
Trd, 4319911.043, 71
Trd, 4319911.743, 140
Trd, 4319912.843, 140
Trd, 4319913.093, 139
Trd, 4319914.943, 139
Trd, 4319916.543, 113
Trd, 4319916.693, 106
Trd, 4319917.593, 115
Trd, 4319918.493, 80
Trd, 4319918.943, 69
Trd, 4319919.043, 85
Trd, 4319919.493, 95
Trd, 4319919.693, 97
Trd, 4319919.893, 86
Trd, 4319920.593, 114
Trd, 4319921.193, 101
Trd, 4319921.543, 110
Trd, 4319921.793, 92
Trd, 4319923.043, 113
Trd, 4319923.643, 109
Trd, 4319923.693, 100
Trd, 4319924.343, 135
Trd, 4319926.143, 139
Trd, 4319926.393, 119
Trd, 4319927.143, 131
Trd, 4319928.443, 140
Trd, 4319928.593, 132
Trd, 4319929.393, 89
Trd, 4319930.643, 67
Trd, 4319931.643, 135
Trd, 4319932.393, 115
Trd, 4319932.643, 85
Trd, 4319934.643, 140
Trd, 4319935.743, 138
Trd, 4319936.543, 134
Trd, 4319937.043, 140
Trd, 4319937.093, 114
Trd, 4319939.843, 136
Trd, 4319940.493, 135
Trd, 4319940.593, 128
Trd, 4319940.793, 116
Trd, 4319944.343, 140
Trd, 4319944.843, 139
Trd, 4319945.193, 139
Trd, 4319946.343, 132
Trd, 4319947.143, 138
Trd, 4319947.893, 113
Trd, 4319948.143, 134
Trd, 4319948.993, 139
Trd, 4319949.143, 131
Trd, 4319951.293, 113
Trd, 4319951.443, 112
Trd, 4319951.843, 96
Trd, 4319952.743, 71
Trd, 4319952.893, 120
Trd, 4319953.693, 103
Trd, 4319954.343, 124
Trd, 4319955.443, 125
Trd, 4319956.143, 122
Trd, 4319957.193, 140
Trd, 4319958.293, 65
Trd, 4319960.293, 136
Trd, 4319961.543, 129
Trd, 4319963.093, 137
Trd, 4319963.593, 136
Trd, 4319964.493, 114
Trd, 4319964.893, 105
Trd, 4319965.143, 104
Trd, 4319966.843, 68
Trd, 4319967.293, 84
Trd, 4319968.393, 140
Trd, 4319969.493, 138
Trd, 4319969.943, 113
Trd, 4319971.093, 140
Trd, 4319971.493, 139
Trd, 4319971.593, 129
Trd, 4319971.993, 69
Trd, 4319974.243, 139
Trd, 4319974.393, 137
Trd, 4319974.693, 136
Trd, 4319974.843, 129
Trd, 4319975.193, 98
Trd, 4319975.593, 125
Trd, 4319976.343, 72
Trd, 4319977.843, 61
Trd, 4319977.993, 69
Trd, 4319979.643, 60
Trd, 4319979.993, 92
Trd, 4319980.293, 110
Trd, 4319980.893, 126
Trd, 4319980.943, 109
Trd, 4319981.493, 95
Trd, 4319983.393, 72
Trd, 4319983.543, 96
Trd, 4319983.793, 103
Trd, 4319984.793, 137
Trd, 4319985.243, 121
Trd, 4319985.293, 105
Trd, 4319986.593, 120
Trd, 4319987.543, 127
Trd, 4319987.993, 133
Trd, 4319988.093, 132
Trd, 4319988.193, 121
Trd, 4319989.093, 106
Trd, 4319989.593, 121
Trd, 4319991.443, 111
Trd, 4319991.993, 96
Trd, 4319992.793, 135
Trd, 4319993.193, 130
Trd, 4319993.643, 78
Trd, 4319994.593, 140
Trd, 4319995.493, 117
Trd, 4319995.993, 129
Trd, 4319997.143, 139
Trd, 4319997.443, 121
Trd, 4319997.593, 104
Trd, 4319999.243, 112
Trd, 4319999.793, 140
Trd, 4319999.993, 139
