Trd, 4318181.943, 60
Trd, 4318182.143, 67
Trd, 4318184.093, 120
Trd, 4318184.643, 137
Trd, 4318184.693, 119
Trd, 4318184.743, 102
Trd, 4318185.193, 140
Trd, 4318185.793, 117
Trd, 4318186.093, 64
Trd, 4318187.643, 136
Trd, 4318187.843, 108
Trd, 4318187.943, 102
Trd, 4318188.243, 62
Trd, 4318188.993, 71
Trd, 4318189.693, 139
Trd, 4318190.143, 138
Trd, 4318191.143, 140
Trd, 4318191.843, 136
Trd, 4318192.043, 134
Trd, 4318192.993, 139
Trd, 4318194.193, 109
Trd, 4318194.293, 95
Trd, 4318194.543, 76
Trd, 4318195.443, 102
Trd, 4318195.593, 61
Trd, 4318196.793, 140
Trd, 4318198.443, 139
Trd, 4318199.043, 122
Trd, 4318199.243, 119
Trd, 4318199.293, 114
Trd, 4318199.943, 136
Trd, 4318200.443, 128
Trd, 4318200.593, 87
Trd, 4318201.393, 76
Trd, 4318201.943, 105
Trd, 4318202.993, 62
Trd, 4318203.343, 63
Trd, 4318203.693, 66
Trd, 4318204.293, 77
Trd, 4318205.943, 62
Trd, 4318206.443, 71
Trd, 4318207.043, 87
Trd, 4318207.943, 96
Trd, 4318208.293, 60
Trd, 4318208.443, 64
Trd, 4318208.543, 77
Trd, 4318209.143, 62
Trd, 4318210.343, 64
Trd, 4318210.793, 65
Trd, 4318210.943, 83
Trd, 4318212.193, 86
Trd, 4318212.893, 85
Trd, 4318212.943, 96
Trd, 4318213.143, 102
Trd, 4318213.393, 84
Trd, 4318213.943, 63
Trd, 4318215.293, 140
Trd, 4318215.643, 133
Trd, 4318216.243, 132
Trd, 4318216.443, 140
Trd, 4318216.643, 99
Trd, 4318217.493, 98
Trd, 4318218.343, 69
Trd, 4318219.743, 70
Trd, 4318219.793, 69
Trd, 4318220.393, 60
Trd, 4318220.643, 63
Trd, 4318221.193, 140
Trd, 4318222.443, 140
Trd, 4318222.843, 137
Trd, 4318223.093, 131
Trd, 4318224.093, 99
Trd, 4318225.093, 95
Trd, 4318225.543, 79
Trd, 4318226.043, 115
Trd, 4318226.393, 79
Trd, 4318226.893, 100
Trd, 4318228.093, 136
Trd, 4318229.043, 78
Trd, 4318229.343, 73
Trd, 4318230.243, 139
Trd, 4318230.293, 70
Trd, 4318230.493, 64
Trd, 4318232.343, 95
Trd, 4318233.343, 140
Trd, 4318233.393, 138
Trd, 4318233.543, 108
Trd, 4318234.793, 61
Trd, 4318235.893, 66
Trd, 4318237.343, 63
Trd, 4318237.643, 61
Trd, 4318238.493, 68
Trd, 4318238.693, 106
Trd, 4318239.393, 65
Trd, 4318239.543, 101
Trd, 4318240.543, 67
Trd, 4318241.393, 68
Trd, 4318241.593, 137
Trd, 4318241.693, 64
Trd, 4318242.993, 60
Trd, 4318243.193, 60
Trd, 4318243.343, 88
Trd, 4318244.493, 74
Trd, 4318245.293, 102
Trd, 4318245.493, 122
Trd, 4318245.743, 69
Trd, 4318247.193, 60
Trd, 4318248.493, 60
Trd, 4318249.143, 61
Trd, 4318249.793, 63
Trd, 4318250.543, 61
Trd, 4318251.943, 61
Trd, 4318252.193, 60
Trd, 4318252.743, 60
Trd, 4318253.393, 62
Trd, 4318253.943, 61
Trd, 4318254.643, 62
Trd, 4318255.193, 72
Trd, 4318255.743, 70
Trd, 4318256.343, 73
Trd, 4318257.193, 101
Trd, 4318257.793, 63
Trd, 4318257.993, 62
Trd, 4318258.393, 102
Trd, 4318258.593, 128
Trd, 4318259.543, 92
Trd, 4318259.693, 112
Trd, 4318260.693, 125
Trd, 4318260.793, 114
Trd, 4318261.493, 66
Trd, 4318263.193, 63
Trd, 4318263.993, 77
Trd, 4318264.343, 115
Trd, 4318264.943, 67
Trd, 4318265.243, 62
Trd, 4318265.843, 140
Trd, 4318266.243, 140
Trd, 4318266.393, 139
Trd, 4318267.543, 140
Trd, 4318267.843, 105
Trd, 4318268.243, 89
Trd, 4318268.843, 123
Trd, 4318269.593, 73
Trd, 4318270.543, 74
Trd, 4318271.093, 94
Trd, 4318272.343, 106
Trd, 4318272.393, 105
Trd, 4318272.543, 131
Trd, 4318274.343, 62
Trd, 4318274.643, 62
Trd, 4318275.243, 62
Trd, 4318276.193, 60
Trd, 4318277.543, 60
Trd, 4318279.493, 60
Trd, 4318280.443, 60
Trd, 4318280.793, 60
Trd, 4318281.293, 60
Trd, 4318281.643, 60
Trd, 4318282.093, 61
Trd, 4318282.243, 62
Trd, 4318282.793, 104
Trd, 4318284.143, 61
Trd, 4318284.443, 62
Trd, 4318285.543, 62
Trd, 4318285.593, 63
Trd, 4318286.093, 65
Trd, 4318286.943, 61
Trd, 4318288.093, 61
Trd, 4318288.143, 65
Trd, 4318288.543, 64
Trd, 4318289.043, 60
Trd, 4318289.393, 73
Trd, 4318290.893, 73
Trd, 4318292.043, 64
Trd, 4318293.243, 64
Trd, 4318293.693, 72
Trd, 4318294.743, 60
Trd, 4318295.343, 60
Trd, 4318295.393, 60
Trd, 4318296.643, 65
Trd, 4318297.493, 60
Trd, 4318297.793, 60
Trd, 4318298.643, 65
Trd, 4318298.943, 77
Trd, 4318300.543, 61
Trd, 4318300.693, 127
Trd, 4318301.443, 60
Trd, 4318301.593, 70
Trd, 4318301.793, 61
Trd, 4318302.843, 60
Trd, 4318303.193, 63
Trd, 4318303.493, 62
Trd, 4318303.543, 62
Trd, 4318304.893, 60
Trd, 4318305.193, 61
Trd, 4318305.343, 63
Trd, 4318306.743, 105
Trd, 4318306.893, 102
Trd, 4318307.943, 69
Trd, 4318308.193, 73
Trd, 4318309.193, 62
Trd, 4318309.493, 76
Trd, 4318309.543, 77
Trd, 4318311.143, 138
Trd, 4318312.443, 62
Trd, 4318313.343, 60
Trd, 4318313.493, 62
Trd, 4318313.843, 66
Trd, 4318314.343, 106
Trd, 4318314.593, 104
Trd, 4318314.943, 65
Trd, 4318315.943, 103
Trd, 4318316.693, 140
Trd, 4318316.843, 139
Trd, 4318317.043, 63
Trd, 4318317.943, 61
Trd, 4318318.043, 62
Trd, 4318318.493, 85
Trd, 4318318.793, 140
Trd, 4318319.493, 105
Trd, 4318320.743, 118
Trd, 4318321.743, 140
Trd, 4318324.143, 140
Trd, 4318324.343, 140
Trd, 4318324.693, 140
Trd, 4318325.143, 104
Trd, 4318325.843, 62
Trd, 4318326.443, 60
Trd, 4318326.643, 62
Trd, 4318328.293, 61
Trd, 4318328.393, 101
Trd, 4318328.893, 78
Trd, 4318329.793, 139
Trd, 4318330.043, 140
Trd, 4318330.193, 69
Trd, 4318330.343, 67
Trd, 4318330.593, 69
Trd, 4318331.443, 116
Trd, 4318332.393, 72
Trd, 4318333.393, 139
Trd, 4318333.793, 138
Trd, 4318333.943, 129
Trd, 4318334.443, 86
Trd, 4318334.743, 96
Trd, 4318336.693, 129
Trd, 4318336.843, 83
Trd, 4318338.093, 103
Trd, 4318338.193, 108
Trd, 4318338.593, 91
Trd, 4318339.443, 85
Trd, 4318339.893, 140
Trd, 4318340.243, 140
Trd, 4318340.443, 105
Trd, 4318341.143, 140
Trd, 4318341.293, 102
Trd, 4318341.943, 101
Trd, 4318344.043, 133
Trd, 4318344.343, 86
Trd, 4318344.593, 83
Trd, 4318345.693, 107
Trd, 4318345.943, 66
Trd, 4318346.043, 108
Trd, 4318347.743, 140
Trd, 4318347.993, 140
Trd, 4318348.343, 123
Trd, 4318349.043, 93
Trd, 4318349.293, 138
Trd, 4318349.343, 82
Trd, 4318350.393, 90
Trd, 4318350.893, 91
Trd, 4318350.993, 68
Trd, 4318353.443, 67
Trd, 4318353.693, 68
Trd, 4318353.843, 81
Trd, 4318354.143, 92
Trd, 4318355.343, 136
Trd, 4318356.143, 125
Trd, 4318357.243, 139
Trd, 4318357.493, 120
Trd, 4318357.593, 106
Trd, 4318357.843, 115
Trd, 4318357.943, 71
Trd, 4318359.293, 67
Trd, 4318359.443, 68
Trd, 4318360.693, 60
Trd, 4318361.893, 60
Trd, 4318362.193, 60
Trd, 4318362.493, 61
Trd, 4318363.093, 79
Trd, 4318363.743, 68
Trd, 4318364.193, 69
Trd, 4318365.193, 61
Trd, 4318365.893, 62
Trd, 4318366.043, 137
Trd, 4318366.543, 65
Trd, 4318366.993, 91
Trd, 4318368.243, 68
Trd, 4318368.593, 117
Trd, 4318369.593, 95
Trd, 4318369.693, 75
Trd, 4318369.793, 69
Trd, 4318369.993, 68
Trd, 4318370.293, 97
Trd, 4318370.943, 60
Trd, 4318373.293, 61
Trd, 4318374.643, 60
Trd, 4318374.693, 63
Trd, 4318375.393, 60
Trd, 4318376.043, 61
Trd, 4318376.393, 61
Trd, 4318377.043, 60
Trd, 4318377.993, 61
Trd, 4318378.643, 60
Trd, 4318378.743, 60
Trd, 4318379.293, 61
Trd, 4318380.143, 66
Trd, 4318380.893, 71
Trd, 4318381.743, 60
Trd, 4318383.493, 60
Trd, 4318383.593, 60
Trd, 4318383.743, 63
Trd, 4318384.193, 114
Trd, 4318384.643, 82
Trd, 4318385.143, 118
Trd, 4318386.293, 89
Trd, 4318386.693, 66
Trd, 4318386.843, 87
Trd, 4318387.093, 138
Trd, 4318387.943, 86
Trd, 4318388.043, 84
Trd, 4318388.443, 130
Trd, 4318389.593, 140
Trd, 4318390.243, 86
Trd, 4318390.743, 95
Trd, 4318390.843, 85
Trd, 4318391.143, 63
Trd, 4318392.593, 63
Trd, 4318392.843, 60
Trd, 4318393.643, 73
Trd, 4318395.093, 140
Trd, 4318395.143, 139
Trd, 4318395.193, 116
Trd, 4318395.693, 64
Trd, 4318396.393, 83
Trd, 4318396.693, 87
Trd, 4318397.743, 140
Trd, 4318398.093, 140
Trd, 4318398.243, 110
Trd, 4318399.293, 94
Trd, 4318400.243, 62
Trd, 4318400.393, 63
Trd, 4318401.293, 60
Trd, 4318401.793, 64
Trd, 4318402.943, 60
Trd, 4318403.193, 60
Trd, 4318403.393, 60
Trd, 4318403.943, 135
Trd, 4318404.343, 76
Trd, 4318405.793, 69
Trd, 4318406.843, 60
Trd, 4318407.943, 67
Trd, 4318407.993, 68
Trd, 4318408.543, 66
Trd, 4318408.693, 86
Trd, 4318411.093, 64
Trd, 4318412.093, 63
Trd, 4318412.293, 65
Trd, 4318413.193, 64
Trd, 4318413.343, 60
Trd, 4318413.693, 86
Trd, 4318413.943, 104
Trd, 4318414.093, 65
Trd, 4318414.343, 60
Trd, 4318415.593, 63
Trd, 4318415.993, 85
Trd, 4318416.393, 99
Trd, 4318416.893, 108
Trd, 4318416.943, 107
Trd, 4318418.593, 88
Trd, 4318419.443, 68
Trd, 4318420.693, 140
Trd, 4318420.993, 140
Trd, 4318421.143, 140
Trd, 4318421.243, 140
Trd, 4318421.543, 75
Trd, 4318422.243, 95
Trd, 4318424.443, 137
Trd, 4318424.893, 89
Trd, 4318425.293, 139
Trd, 4318425.693, 102
Trd, 4318426.193, 76
Trd, 4318426.393, 74
Trd, 4318427.693, 69
Trd, 4318428.543, 100
Trd, 4318428.643, 103
Trd, 4318429.593, 119
Trd, 4318430.343, 120
Trd, 4318430.393, 119
Trd, 4318431.143, 86
Trd, 4318431.493, 109
Trd, 4318431.543, 126
Trd, 4318432.393, 62
Trd, 4318432.643, 62
Trd, 4318433.643, 68
Trd, 4318434.543, 63
Trd, 4318434.893, 139
Trd, 4318436.243, 140
Trd, 4318436.343, 139
Trd, 4318436.993, 136
Trd, 4318437.893, 135
Trd, 4318438.193, 121
Trd, 4318438.293, 120
Trd, 4318439.643, 66
Trd, 4318439.793, 67
Trd, 4318440.293, 68
Trd, 4318441.743, 94
Trd, 4318442.643, 60
Trd, 4318442.743, 86
Trd, 4318443.043, 60
Trd, 4318444.143, 67
Trd, 4318444.443, 68
Trd, 4318444.493, 74
Trd, 4318444.693, 64
Trd, 4318444.743, 62
Trd, 4318445.793, 139
Trd, 4318446.393, 72
Trd, 4318447.243, 100
Trd, 4318448.443, 62
Trd, 4318448.843, 62
Trd, 4318448.893, 115
Trd, 4318449.593, 121
Trd, 4318449.643, 120
Trd, 4318450.443, 139
Trd, 4318451.493, 135
Trd, 4318451.593, 135
Trd, 4318451.743, 109
Trd, 4318452.443, 79
Trd, 4318454.093, 136
Trd, 4318454.643, 140
Trd, 4318455.393, 140
Trd, 4318455.693, 126
Trd, 4318456.343, 127
Trd, 4318456.593, 125
Trd, 4318457.193, 139
Trd, 4318457.443, 123
Trd, 4318458.543, 86
Trd, 4318458.893, 64
Trd, 4318459.493, 61
Trd, 4318459.993, 64
Trd, 4318460.693, 140
Trd, 4318461.993, 140
Trd, 4318462.043, 102
Trd, 4318462.193, 82
Trd, 4318463.293, 67
Trd, 4318463.443, 68
Trd, 4318464.343, 61
Trd, 4318464.593, 67
Trd, 4318465.543, 69
Trd, 4318465.843, 80
Trd, 4318466.843, 140
Trd, 4318467.143, 140
Trd, 4318467.393, 82
Trd, 4318467.993, 63
Trd, 4318468.593, 95
Trd, 4318469.093, 139
Trd, 4318469.643, 140
Trd, 4318470.743, 140
Trd, 4318470.943, 129
Trd, 4318471.043, 129
Trd, 4318473.493, 139
Trd, 4318473.693, 139
Trd, 4318474.043, 62
Trd, 4318474.543, 61
Trd, 4318474.743, 66
Trd, 4318475.743, 69
Trd, 4318476.243, 60
Trd, 4318476.493, 66
Trd, 4318476.993, 62
Trd, 4318477.593, 63
Trd, 4318478.693, 60
Trd, 4318479.243, 62
Trd, 4318480.143, 62
Trd, 4318481.093, 124
Trd, 4318481.193, 123
Trd, 4318482.243, 60
Trd, 4318482.293, 62
Trd, 4318483.093, 63
Trd, 4318484.143, 66
Trd, 4318485.793, 60
Trd, 4318485.843, 62
Trd, 4318486.193, 67
Trd, 4318487.043, 64
Trd, 4318487.643, 73
Trd, 4318488.243, 95
Trd, 4318488.493, 137
Trd, 4318489.593, 131
Trd, 4318490.843, 139
Trd, 4318491.243, 135
Trd, 4318491.543, 110
Trd, 4318492.093, 89
Trd, 4318492.143, 127
Trd, 4318492.843, 129
Trd, 4318494.093, 140
Trd, 4318494.193, 140
Trd, 4318494.643, 122
Trd, 4318496.043, 125
Trd, 4318496.893, 76
Trd, 4318496.993, 75
Trd, 4318497.143, 74
Trd, 4318497.193, 99
Trd, 4318498.743, 140
Trd, 4318499.493, 64
Trd, 4318500.243, 61
Trd, 4318500.493, 62
Trd, 4318501.693, 139
Trd, 4318501.993, 138
Trd, 4318502.243, 133
Trd, 4318502.643, 140
Trd, 4318502.993, 119
Trd, 4318503.093, 103
Trd, 4318503.743, 84
Trd, 4318504.893, 66
Trd, 4318505.543, 130
Trd, 4318505.593, 96
Trd, 4318506.343, 66
Trd, 4318509.143, 140
Trd, 4318509.443, 140
Trd, 4318509.843, 129
Trd, 4318510.493, 111
Trd, 4318511.243, 112
Trd, 4318511.693, 114
Trd, 4318511.843, 96
Trd, 4318512.393, 99
Trd, 4318513.693, 140
Trd, 4318514.593, 138
Trd, 4318515.293, 135
Trd, 4318515.993, 133
Trd, 4318516.243, 112
Trd, 4318516.293, 134
Trd, 4318516.893, 109
Trd, 4318517.393, 83
Trd, 4318517.443, 78
Trd, 4318518.043, 60
Trd, 4318518.093, 64
Trd, 4318519.243, 65
Trd, 4318520.643, 61
Trd, 4318520.843, 63
Trd, 4318521.143, 74
Trd, 4318521.593, 78
Trd, 4318521.893, 70
Trd, 4318523.343, 60
Trd, 4318524.243, 61
Trd, 4318524.393, 60
Trd, 4318525.393, 60
Trd, 4318526.293, 60
Trd, 4318526.493, 69
Trd, 4318527.243, 62
Trd, 4318528.443, 60
Trd, 4318528.593, 115
Trd, 4318529.393, 121
Trd, 4318530.293, 60
Trd, 4318530.543, 61
Trd, 4318531.343, 94
Trd, 4318531.993, 76
Trd, 4318532.043, 75
Trd, 4318532.543, 99
Trd, 4318533.493, 60
Trd, 4318534.043, 60
Trd, 4318534.343, 64
Trd, 4318534.943, 81
Trd, 4318536.293, 103
Trd, 4318537.093, 61
Trd, 4318538.843, 61
Trd, 4318539.293, 60
Trd, 4318539.893, 63
Trd, 4318540.143, 61
Trd, 4318541.093, 61
Trd, 4318541.593, 61
Trd, 4318541.893, 60
Trd, 4318541.943, 61
Trd, 4318542.143, 68
Trd, 4318542.793, 107
Trd, 4318544.143, 140
Trd, 4318544.493, 100
Trd, 4318544.743, 72
Trd, 4318545.293, 126
Trd, 4318546.243, 138
Trd, 4318546.943, 93
Trd, 4318549.493, 61
Trd, 4318550.243, 60
Trd, 4318550.293, 61
Trd, 4318550.943, 67
Trd, 4318551.143, 109
Trd, 4318551.243, 104
Trd, 4318551.743, 106
Trd, 4318552.643, 73
Trd, 4318553.243, 65
Trd, 4318555.093, 83
Trd, 4318555.443, 138
Trd, 4318556.043, 139
Trd, 4318556.893, 140
Trd, 4318557.743, 140
Trd, 4318558.243, 136
Trd, 4318559.043, 136
Trd, 4318559.093, 108
Trd, 4318560.243, 89
Trd, 4318560.843, 99
Trd, 4318561.093, 62
Trd, 4318561.593, 63
Trd, 4318562.343, 70
Trd, 4318563.993, 62
Trd, 4318564.643, 60
Trd, 4318564.993, 61
Trd, 4318565.643, 62
Trd, 4318566.793, 62
Trd, 4318567.443, 63
Trd, 4318567.843, 61
Trd, 4318567.893, 62
Trd, 4318568.093, 63
Trd, 4318568.593, 66
Trd, 4318569.793, 67
Trd, 4318570.593, 62
Trd, 4318572.543, 60
Trd, 4318573.493, 60
Trd, 4318573.643, 62
Trd, 4318573.893, 60
Trd, 4318575.193, 60
Trd, 4318577.043, 61
Trd, 4318577.193, 62
Trd, 4318577.293, 64
Trd, 4318578.093, 139
Trd, 4318578.893, 60
Trd, 4318580.193, 61
Trd, 4318580.793, 60
Trd, 4318581.093, 65
Trd, 4318581.493, 71
Trd, 4318582.543, 61
Trd, 4318583.143, 60
Trd, 4318583.493, 66
Trd, 4318584.543, 60
Trd, 4318585.143, 62
Trd, 4318585.593, 64
Trd, 4318587.043, 60
Trd, 4318587.443, 61
Trd, 4318587.943, 60
Trd, 4318588.543, 65
Trd, 4318589.843, 61
Trd, 4318590.143, 60
Trd, 4318591.143, 60
Trd, 4318591.693, 65
Trd, 4318591.893, 62
Trd, 4318592.543, 65
Trd, 4318593.593, 68
Trd, 4318594.543, 61
Trd, 4318594.843, 60
Trd, 4318595.443, 72
Trd, 4318596.043, 67
Trd, 4318596.993, 140
Trd, 4318597.143, 82
Trd, 4318598.943, 140
Trd, 4318599.193, 117
Trd, 4318600.093, 90
Trd, 4318600.443, 94
Trd, 4318600.493, 80
Trd, 4318600.793, 92
Trd, 4318601.893, 61
Trd, 4318602.143, 107
Trd, 4318604.143, 62
Trd, 4318604.443, 64
Trd, 4318605.293, 65
Trd, 4318605.793, 64
Trd, 4318606.193, 65
Trd, 4318606.693, 140
Trd, 4318607.493, 140
Trd, 4318607.543, 140
Trd, 4318607.993, 133
Trd, 4318608.143, 81
Trd, 4318609.193, 67
Trd, 4318609.293, 97
Trd, 4318609.343, 99
Trd, 4318610.143, 69
Trd, 4318610.443, 130
Trd, 4318612.643, 136
Trd, 4318612.743, 135
Trd, 4318613.393, 140
Trd, 4318614.093, 139
Trd, 4318614.443, 83
Trd, 4318614.643, 95
Trd, 4318616.993, 139
Trd, 4318617.443, 139
Trd, 4318617.943, 129
Trd, 4318618.143, 111
Trd, 4318618.993, 138
Trd, 4318619.143, 71
Trd, 4318620.043, 140
Trd, 4318620.943, 139
Trd, 4318621.343, 117
Trd, 4318621.793, 102
Trd, 4318623.043, 101
Trd, 4318623.243, 72
Trd, 4318623.493, 91
Trd, 4318623.693, 93
Trd, 4318624.393, 136
Trd, 4318624.493, 135
Trd, 4318625.893, 127
Trd, 4318626.343, 65
Trd, 4318627.393, 140
Trd, 4318628.093, 61
Trd, 4318628.443, 61
Trd, 4318629.243, 60
Trd, 4318630.043, 62
Trd, 4318631.393, 62
Trd, 4318631.793, 63
Trd, 4318632.493, 67
Trd, 4318633.593, 63
Trd, 4318634.393, 64
Trd, 4318634.543, 65
Trd, 4318635.443, 63
Trd, 4318636.643, 60
Trd, 4318636.693, 60
Trd, 4318637.293, 61
Trd, 4318638.993, 63
Trd, 4318639.943, 61
Trd, 4318640.093, 67
Trd, 4318640.443, 71
Trd, 4318641.043, 67
Trd, 4318642.243, 60
Trd, 4318642.593, 62
Trd, 4318642.993, 64
Trd, 4318643.093, 79
Trd, 4318643.843, 64
Trd, 4318645.793, 61
Trd, 4318645.843, 63
Trd, 4318646.643, 63
Trd, 4318647.093, 60
Trd, 4318647.693, 63
Trd, 4318648.193, 62
Trd, 4318648.243, 65
Trd, 4318649.243, 65
Trd, 4318649.893, 61
Trd, 4318651.543, 60
Trd, 4318652.143, 60
Trd, 4318652.543, 60
Trd, 4318652.793, 62
Trd, 4318653.493, 65
Trd, 4318654.543, 69
Trd, 4318654.643, 67
Trd, 4318655.043, 65
Trd, 4318656.193, 62
Trd, 4318656.493, 65
Trd, 4318657.493, 65
Trd, 4318657.693, 72
Trd, 4318659.243, 72
Trd, 4318659.343, 94
Trd, 4318659.793, 66
Trd, 4318659.893, 65
Trd, 4318660.843, 102
Trd, 4318661.593, 98
Trd, 4318661.693, 97
Trd, 4318661.893, 135
Trd, 4318663.743, 62
Trd, 4318663.893, 64
Trd, 4318664.243, 130
Trd, 4318665.793, 63
Trd, 4318666.093, 64
Trd, 4318666.993, 63
Trd, 4318667.093, 62
Trd, 4318667.343, 67
Trd, 4318667.493, 68
Trd, 4318669.543, 87
Trd, 4318669.693, 74
Trd, 4318669.893, 62
Trd, 4318670.243, 120
Trd, 4318670.893, 63
Trd, 4318672.893, 139
Trd, 4318673.043, 138
Trd, 4318673.343, 132
Trd, 4318673.493, 131
Trd, 4318673.643, 131
Trd, 4318674.393, 92
Trd, 4318675.393, 70
Trd, 4318677.143, 61
Trd, 4318677.843, 65
Trd, 4318677.893, 62
Trd, 4318678.243, 68
Trd, 4318678.393, 69
Trd, 4318679.193, 84
Trd, 4318679.843, 69
Trd, 4318680.443, 94
Trd, 4318681.243, 122
Trd, 4318681.343, 115
Trd, 4318681.843, 67
Trd, 4318682.493, 67
Trd, 4318683.693, 61
Trd, 4318684.393, 61
Trd, 4318684.443, 62
Trd, 4318686.243, 67
Trd, 4318687.643, 61
Trd, 4318687.893, 62
Trd, 4318688.293, 67
Trd, 4318689.743, 60
Trd, 4318689.893, 60
Trd, 4318689.993, 63
Trd, 4318690.743, 61
Trd, 4318691.593, 63
Trd, 4318691.893, 61
Trd, 4318693.543, 79
Trd, 4318693.693, 86
Trd, 4318694.493, 78
Trd, 4318695.493, 139
Trd, 4318695.593, 69
Trd, 4318696.193, 70
Trd, 4318697.143, 77
Trd, 4318697.543, 70
Trd, 4318698.393, 60
Trd, 4318699.743, 64
Trd, 4318700.543, 60
Trd, 4318700.593, 62
Trd, 4318700.943, 61
Trd, 4318700.993, 62
Trd, 4318701.493, 61
Trd, 4318702.443, 62
Trd, 4318702.643, 72
Trd, 4318702.893, 96
Trd, 4318702.993, 127
Trd, 4318704.443, 63
Trd, 4318704.893, 67
Trd, 4318705.543, 71
Trd, 4318706.643, 61
Trd, 4318707.543, 60
Trd, 4318707.993, 62
Trd, 4318708.493, 67
Trd, 4318708.893, 63
Trd, 4318709.243, 60
Trd, 4318709.943, 62
Trd, 4318710.143, 63
Trd, 4318711.043, 69
Trd, 4318711.893, 66
Trd, 4318712.143, 63
Trd, 4318712.393, 62
Trd, 4318713.143, 95
Trd, 4318714.043, 96
Trd, 4318714.493, 62
Trd, 4318715.143, 140
Trd, 4318715.393, 81
Trd, 4318716.793, 138
Trd, 4318717.293, 63
Trd, 4318717.393, 69
Trd, 4318718.193, 69
Trd, 4318718.493, 80
Trd, 4318718.843, 93
Trd, 4318719.643, 139
Trd, 4318720.343, 81
Trd, 4318720.593, 140
Trd, 4318721.393, 107
Trd, 4318721.993, 138
Trd, 4318722.643, 100
Trd, 4318722.693, 99
Trd, 4318724.293, 125
Trd, 4318724.693, 117
Trd, 4318725.293, 140
Trd, 4318725.993, 139
Trd, 4318727.593, 140
Trd, 4318728.843, 139
Trd, 4318729.343, 140
Trd, 4318730.043, 138
Trd, 4318730.543, 127
Trd, 4318730.893, 119
Trd, 4318731.393, 84
Trd, 4318732.443, 119
Trd, 4318732.943, 97
Trd, 4318733.543, 139
Trd, 4318734.043, 130
Trd, 4318734.943, 137
Trd, 4318735.293, 133
Trd, 4318736.143, 138
Trd, 4318736.993, 139
Trd, 4318737.093, 136
Trd, 4318737.593, 120
Trd, 4318738.543, 124
Trd, 4318738.593, 119
Trd, 4318739.743, 60
Trd, 4318740.143, 60
Trd, 4318740.193, 62
Trd, 4318740.693, 63
Trd, 4318741.243, 137
Trd, 4318741.543, 128
Trd, 4318743.043, 64
Trd, 4318743.793, 136
Trd, 4318744.593, 95
Trd, 4318744.643, 93
Trd, 4318745.543, 96
Trd, 4318745.693, 105
Trd, 4318745.943, 67
Trd, 4318747.943, 61
Trd, 4318748.643, 102
Trd, 4318748.943, 137
Trd, 4318749.693, 140
Trd, 4318750.243, 140
Trd, 4318750.293, 139
Trd, 4318751.393, 133
Trd, 4318751.643, 100
Trd, 4318752.343, 92
Trd, 4318752.643, 104
Trd, 4318754.443, 139
Trd, 4318756.043, 110
Trd, 4318756.093, 108
Trd, 4318756.143, 89
Trd, 4318756.893, 64
Trd, 4318757.243, 119
Trd, 4318757.493, 61
Trd, 4318757.893, 62
Trd, 4318758.243, 99
Trd, 4318759.243, 114
Trd, 4318759.843, 112
Trd, 4318760.793, 62
Trd, 4318760.993, 67
Trd, 4318761.293, 62
Trd, 4318762.043, 69
Trd, 4318762.893, 98
Trd, 4318763.043, 85
Trd, 4318763.243, 139
Trd, 4318764.043, 68
Trd, 4318764.143, 70
Trd, 4318764.693, 64
Trd, 4318766.493, 60
Trd, 4318767.493, 60
Trd, 4318767.543, 62
Trd, 4318768.293, 68
Trd, 4318768.643, 81
Trd, 4318768.743, 76
Trd, 4318769.693, 64
Trd, 4318770.543, 113
Trd, 4318771.543, 72
Trd, 4318772.393, 60
Trd, 4318773.293, 61
Trd, 4318774.443, 60
Trd, 4318774.643, 61
Trd, 4318775.343, 64
Trd, 4318776.243, 140
Trd, 4318776.793, 62
Trd, 4318778.643, 96
Trd, 4318779.193, 99
Trd, 4318779.593, 95
Trd, 4318780.393, 101
Trd, 4318781.093, 140
Trd, 4318781.143, 101
Trd, 4318781.193, 87
Trd, 4318782.143, 136
Trd, 4318782.993, 64
Trd, 4318783.243, 60
Trd, 4318783.993, 61
Trd, 4318784.093, 64
Trd, 4318785.243, 84
Trd, 4318786.693, 61
Trd, 4318786.793, 63
Trd, 4318786.993, 75
Trd, 4318788.893, 60
Trd, 4318789.143, 62
Trd, 4318789.593, 60
Trd, 4318790.143, 62
Trd, 4318790.193, 64
Trd, 4318790.343, 61
Trd, 4318790.693, 140
Trd, 4318792.543, 61
Trd, 4318792.843, 60
Trd, 4318793.093, 95
Trd, 4318793.393, 88
Trd, 4318794.493, 74
Trd, 4318794.843, 125
Trd, 4318795.193, 79
Trd, 4318795.543, 74
Trd, 4318796.043, 140
Trd, 4318799.193, 139
Trd, 4318799.343, 121
Trd, 4318799.843, 88
Trd, 4318800.343, 74
Trd, 4318800.593, 65
Trd, 4318800.993, 131
Trd, 4318801.043, 130
Trd, 4318801.793, 60
Trd, 4318802.293, 60
Trd, 4318803.293, 60
Trd, 4318803.743, 60
Trd, 4318804.493, 106
Trd, 4318805.143, 105
Trd, 4318805.993, 140
Trd, 4318806.193, 140
Trd, 4318808.293, 140
Trd, 4318808.893, 106
Trd, 4318809.843, 105
Trd, 4318810.193, 102
Trd, 4318810.243, 111
Trd, 4318810.393, 71
Trd, 4318810.493, 62
Trd, 4318811.393, 100
Trd, 4318813.043, 61
Trd, 4318813.743, 62
Trd, 4318813.793, 65
Trd, 4318814.443, 60
Trd, 4318816.193, 63
Trd, 4318816.293, 65
Trd, 4318816.943, 64
Trd, 4318817.843, 62
Trd, 4318817.943, 66
Trd, 4318819.343, 113
Trd, 4318819.443, 112
Trd, 4318819.493, 111
Trd, 4318820.293, 115
Trd, 4318820.743, 104
Trd, 4318821.693, 139
Trd, 4318821.893, 76
Trd, 4318823.893, 110
Trd, 4318824.043, 108
Trd, 4318824.193, 129
Trd, 4318824.893, 137
Trd, 4318825.643, 129
Trd, 4318826.443, 96
Trd, 4318827.593, 105
Trd, 4318828.043, 140
Trd, 4318828.143, 70
Trd, 4318829.093, 140
Trd, 4318829.393, 120
Trd, 4318830.043, 102
Trd, 4318830.193, 87
Trd, 4318830.393, 108
Trd, 4318831.193, 72
Trd, 4318831.693, 122
Trd, 4318832.093, 129
Trd, 4318832.593, 83
Trd, 4318833.143, 82
Trd, 4318833.443, 60
Trd, 4318835.093, 95
Trd, 4318835.643, 60
Trd, 4318836.593, 140
Trd, 4318836.843, 109
Trd, 4318837.393, 101
Trd, 4318837.693, 72
Trd, 4318838.543, 83
Trd, 4318839.193, 85
Trd, 4318840.093, 140
Trd, 4318841.243, 140
Trd, 4318841.343, 140
Trd, 4318842.443, 140
Trd, 4318842.593, 126
Trd, 4318843.293, 110
Trd, 4318844.093, 66
Trd, 4318844.793, 69
Trd, 4318845.193, 91
Trd, 4318846.043, 63
Trd, 4318846.643, 140
Trd, 4318846.893, 140
Trd, 4318847.143, 140
Trd, 4318847.493, 67
Trd, 4318848.493, 94
Trd, 4318848.943, 140
Trd, 4318849.593, 78
Trd, 4318850.143, 64
Trd, 4318851.243, 60
Trd, 4318851.843, 60
Trd, 4318852.293, 62
Trd, 4318853.643, 62
Trd, 4318854.693, 126
Trd, 4318854.893, 102
Trd, 4318855.143, 130
Trd, 4318855.843, 96
Trd, 4318855.993, 94
Trd, 4318857.293, 138
Trd, 4318857.393, 137
Trd, 4318858.793, 104
Trd, 4318859.393, 86
Trd, 4318859.793, 104
Trd, 4318860.093, 116
Trd, 4318860.393, 118
Trd, 4318861.193, 85
Trd, 4318861.393, 66
Trd, 4318861.543, 105
Trd, 4318863.493, 63
Trd, 4318863.593, 64
Trd, 4318863.993, 61
Trd, 4318864.693, 76
Trd, 4318866.093, 67
Trd, 4318866.293, 68
Trd, 4318866.643, 60
Trd, 4318866.793, 65
Trd, 4318867.343, 105
Trd, 4318867.593, 101
Trd, 4318869.143, 79
Trd, 4318870.293, 61
Trd, 4318870.543, 110
Trd, 4318871.243, 60
Trd, 4318871.793, 63
Trd, 4318872.193, 60
Trd, 4318872.343, 64
Trd, 4318872.543, 138
Trd, 4318874.093, 60
Trd, 4318874.293, 62
Trd, 4318875.193, 63
Trd, 4318875.593, 81
Trd, 4318876.193, 109
Trd, 4318877.393, 107
Trd, 4318879.043, 102
Trd, 4318879.143, 100
Trd, 4318879.243, 89
Trd, 4318880.343, 112
Trd, 4318880.643, 111
Trd, 4318881.343, 60
Trd, 4318881.743, 89
Trd, 4318882.193, 67
Trd, 4318883.443, 61
Trd, 4318884.843, 140
Trd, 4318884.993, 139
Trd, 4318885.393, 108
Trd, 4318885.493, 104
Trd, 4318885.593, 103
Trd, 4318886.643, 140
Trd, 4318886.993, 139
Trd, 4318888.843, 60
Trd, 4318889.243, 62
Trd, 4318889.943, 83
Trd, 4318890.293, 81
Trd, 4318890.543, 67
Trd, 4318891.043, 68
Trd, 4318891.643, 101
Trd, 4318893.243, 75
Trd, 4318893.943, 73
Trd, 4318894.543, 123
Trd, 4318895.743, 62
Trd, 4318895.943, 64
Trd, 4318897.693, 62
Trd, 4318897.843, 64
Trd, 4318898.143, 60
Trd, 4318898.643, 60
Trd, 4318899.493, 64
Trd, 4318900.143, 72
Trd, 4318900.893, 112
Trd, 4318901.093, 89
Trd, 4318902.643, 103
Trd, 4318902.893, 127
Trd, 4318903.693, 98
Trd, 4318904.043, 85
Trd, 4318904.243, 140
Trd, 4318904.343, 99
Trd, 4318904.593, 121
Trd, 4318905.943, 140
Trd, 4318906.993, 61
Trd, 4318907.943, 60
Trd, 4318908.343, 60
Trd, 4318908.493, 65
Trd, 4318908.643, 70
Trd, 4318909.093, 83
Trd, 4318910.743, 61
Trd, 4318910.943, 62
Trd, 4318912.143, 60
Trd, 4318913.343, 60
Trd, 4318913.443, 60
Trd, 4318913.593, 61
Trd, 4318914.643, 60
Trd, 4318914.843, 60
Trd, 4318915.043, 64
Trd, 4318916.543, 66
Trd, 4318917.443, 60
Trd, 4318918.593, 62
Trd, 4318920.193, 65
Trd, 4318920.843, 63
Trd, 4318920.993, 64
Trd, 4318921.293, 63
Trd, 4318921.943, 62
Trd, 4318922.693, 62
Trd, 4318923.293, 60
Trd, 4318923.943, 93
Trd, 4318924.193, 64
Trd, 4318924.543, 60
Trd, 4318925.743, 66
Trd, 4318926.593, 65
Trd, 4318926.943, 66
Trd, 4318928.693, 65
Trd, 4318928.893, 67
Trd, 4318929.193, 60
Trd, 4318929.293, 67
Trd, 4318930.093, 67
Trd, 4318931.243, 68
Trd, 4318931.993, 122
Trd, 4318932.243, 96
Trd, 4318932.593, 95
Trd, 4318933.543, 80
Trd, 4318934.443, 60
Trd, 4318934.743, 61
Trd, 4318934.893, 61
Trd, 4318935.093, 77
Trd, 4318936.293, 62
Trd, 4318937.843, 60
Trd, 4318938.293, 63
Trd, 4318938.693, 64
Trd, 4318939.243, 63
Trd, 4318939.393, 69
Trd, 4318939.743, 102
Trd, 4318939.793, 95
Trd, 4318940.443, 108
Trd, 4318940.693, 106
Trd, 4318942.443, 60
Trd, 4318942.593, 60
Trd, 4318943.343, 60
Trd, 4318944.443, 61
Trd, 4318944.493, 64
Trd, 4318946.793, 140
Trd, 4318946.893, 121
Trd, 4318947.543, 98
Trd, 4318947.693, 84
Trd, 4318948.193, 66
Trd, 4318948.643, 63
Trd, 4318948.843, 61
Trd, 4318948.943, 137
Trd, 4318949.393, 63
Trd, 4318950.343, 64
Trd, 4318951.643, 62
Trd, 4318952.143, 68
Trd, 4318952.293, 99
Trd, 4318954.443, 120
Trd, 4318954.793, 117
Trd, 4318954.993, 67
Trd, 4318955.543, 61
Trd, 4318957.693, 113
Trd, 4318958.243, 140
Trd, 4318958.943, 140
Trd, 4318959.243, 138
Trd, 4318959.643, 126
Trd, 4318959.693, 98
Trd, 4318959.893, 82
Trd, 4318960.593, 121
Trd, 4318960.893, 64
Trd, 4318961.093, 63
Trd, 4318962.043, 113
Trd, 4318962.643, 80
Trd, 4318962.943, 71
Trd, 4318963.493, 72
Trd, 4318965.143, 140
Trd, 4318965.743, 140
Trd, 4318966.293, 138
Trd, 4318967.143, 124
Trd, 4318967.193, 104
Trd, 4318968.193, 103
Trd, 4318968.393, 95
Trd, 4318969.593, 81
Trd, 4318969.943, 87
Trd, 4318970.743, 106
Trd, 4318971.293, 130
Trd, 4318971.393, 129
Trd, 4318972.043, 94
Trd, 4318972.643, 140
Trd, 4318973.343, 65
Trd, 4318973.843, 118
Trd, 4318974.993, 89
Trd, 4318975.993, 138
Trd, 4318976.693, 137
Trd, 4318976.893, 129
Trd, 4318977.243, 61
Trd, 4318978.043, 82
Trd, 4318978.293, 139
Trd, 4318979.193, 95
Trd, 4318981.243, 120
Trd, 4318981.343, 108
Trd, 4318981.543, 96
Trd, 4318981.843, 60
Trd, 4318983.293, 60
Trd, 4318984.493, 98
Trd, 4318984.593, 99
Trd, 4318985.393, 85
Trd, 4318986.043, 140
Trd, 4318986.193, 138
Trd, 4318986.293, 94
Trd, 4318986.493, 79
Trd, 4318987.243, 103
Trd, 4318988.293, 69
Trd, 4318988.993, 108
Trd, 4318989.993, 62
Trd, 4318990.443, 60
Trd, 4318990.693, 102
Trd, 4318991.893, 67
Trd, 4318992.543, 68
Trd, 4318992.593, 130
Trd, 4318992.793, 67
Trd, 4318993.593, 97
Trd, 4318993.843, 104
Trd, 4318994.593, 62
Trd, 4318995.093, 66
Trd, 4318995.443, 62
Trd, 4318995.893, 69
Trd, 4318996.293, 76
Trd, 4318996.793, 140
Trd, 4318997.243, 129
Trd, 4318998.543, 97
Trd, 4318999.193, 93
Trd, 4318999.993, 120
Trd, 4319001.143, 140
Trd, 4319002.143, 60
Trd, 4319002.593, 60
Trd, 4319002.643, 65
Trd, 4319004.143, 60
Trd, 4319004.193, 63
Trd, 4319005.093, 62
Trd, 4319006.143, 61
Trd, 4319006.293, 71
Trd, 4319007.043, 74
Trd, 4319007.993, 61
Trd, 4319009.093, 61
Trd, 4319011.043, 60
Trd, 4319011.443, 60
Trd, 4319012.243, 60
Trd, 4319012.743, 60
Trd, 4319013.393, 61
Trd, 4319013.943, 61
Trd, 4319013.993, 62
Trd, 4319014.943, 60
Trd, 4319015.893, 60
Trd, 4319016.993, 61
Trd, 4319017.393, 63
Trd, 4319017.943, 63
Trd, 4319018.893, 71
Trd, 4319019.293, 70
Trd, 4319019.493, 77
Trd, 4319019.643, 76
Trd, 4319020.043, 60
Trd, 4319021.293, 140
Trd, 4319022.493, 119
Trd, 4319023.443, 123
Trd, 4319023.543, 122
Trd, 4319023.693, 111
Trd, 4319023.943, 129
Trd, 4319024.093, 92
Trd, 4319025.543, 61
Trd, 4319025.793, 74
Trd, 4319026.693, 60
Trd, 4319026.843, 80
Trd, 4319027.943, 60
Trd, 4319028.193, 61
Trd, 4319028.943, 63
Trd, 4319030.493, 123
Trd, 4319030.743, 133
Trd, 4319032.393, 92
Trd, 4319032.443, 101
Trd, 4319032.593, 95
Trd, 4319033.493, 140
Trd, 4319034.193, 140
Trd, 4319034.443, 127
Trd, 4319034.643, 81
Trd, 4319036.043, 137
Trd, 4319036.093, 131
Trd, 4319036.393, 105
Trd, 4319037.193, 93
Trd, 4319037.293, 60
Trd, 4319038.943, 62
Trd, 4319039.393, 63
Trd, 4319040.193, 68
Trd, 4319040.293, 63
Trd, 4319040.943, 110
Trd, 4319042.043, 63
Trd, 4319042.193, 60
Trd, 4319042.593, 86
Trd, 4319043.093, 112
Trd, 4319043.343, 87
Trd, 4319043.843, 64
Trd, 4319044.043, 65
Trd, 4319045.093, 63
Trd, 4319045.343, 94
Trd, 4319045.793, 140
Trd, 4319045.893, 112
Trd, 4319046.593, 136
Trd, 4319047.943, 140
Trd, 4319048.043, 103
Trd, 4319049.293, 60
Trd, 4319049.593, 61
Trd, 4319049.793, 81
Trd, 4319050.143, 67
Trd, 4319051.193, 74
Trd, 4319054.093, 60
Trd, 4319054.643, 61
Trd, 4319054.793, 60
Trd, 4319054.843, 62
Trd, 4319055.043, 66
Trd, 4319055.693, 72
Trd, 4319056.193, 140
Trd, 4319056.543, 61
Trd, 4319056.693, 60
Trd, 4319058.193, 68
Trd, 4319059.293, 67
Trd, 4319060.943, 60
Trd, 4319061.393, 61
Trd, 4319061.793, 63
Trd, 4319062.743, 63
Trd, 4319063.793, 60
Trd, 4319064.543, 67
Trd, 4319064.743, 87
Trd, 4319065.093, 61
Trd, 4319065.693, 85
Trd, 4319066.593, 139
Trd, 4319066.693, 138
Trd, 4319067.493, 65
Trd, 4319068.443, 62
Trd, 4319069.393, 61
Trd, 4319070.193, 60
Trd, 4319070.943, 61
Trd, 4319071.393, 60
Trd, 4319072.493, 60
Trd, 4319072.693, 61
Trd, 4319073.343, 73
Trd, 4319073.593, 103
Trd, 4319074.893, 138
Trd, 4319075.743, 129
Trd, 4319075.893, 88
Trd, 4319076.343, 77
Trd, 4319076.743, 109
Trd, 4319078.543, 140
Trd, 4319078.993, 140
Trd, 4319079.243, 125
Trd, 4319079.693, 130
Trd, 4319079.843, 93
Trd, 4319080.243, 140
Trd, 4319080.693, 61
Trd, 4319081.343, 60
Trd, 4319082.443, 72
Trd, 4319082.893, 94
Trd, 4319083.093, 118
Trd, 4319083.543, 107
Trd, 4319083.593, 78
Trd, 4319084.643, 64
Trd, 4319085.243, 126
Trd, 4319085.743, 89
Trd, 4319086.293, 74
Trd, 4319087.643, 98
Trd, 4319088.493, 62
Trd, 4319088.793, 61
Trd, 4319089.343, 60
Trd, 4319089.943, 77
Trd, 4319091.593, 139
Trd, 4319091.893, 92
Trd, 4319092.193, 64
Trd, 4319092.943, 61
Trd, 4319092.993, 67
Trd, 4319093.343, 72
Trd, 4319094.393, 60
Trd, 4319094.693, 62
Trd, 4319095.443, 60
Trd, 4319096.193, 60
Trd, 4319096.843, 61
Trd, 4319097.643, 63
Trd, 4319097.993, 71
Trd, 4319098.343, 63
Trd, 4319100.493, 60
Trd, 4319100.543, 60
Trd, 4319101.243, 61
Trd, 4319101.543, 114
Trd, 4319102.393, 119
Trd, 4319103.143, 128
Trd, 4319103.293, 119
Trd, 4319103.793, 61
Trd, 4319104.193, 60
Trd, 4319104.393, 86
Trd, 4319104.493, 74
Trd, 4319105.493, 82
Trd, 4319107.193, 140
Trd, 4319107.493, 140
Trd, 4319108.043, 70
Trd, 4319108.793, 61
Trd, 4319110.593, 61
Trd, 4319111.093, 61
Trd, 4319111.143, 62
Trd, 4319111.893, 60
Trd, 4319113.093, 60
Trd, 4319113.493, 61
Trd, 4319114.093, 61
Trd, 4319115.243, 61
Trd, 4319115.493, 64
Trd, 4319115.943, 63
Trd, 4319116.293, 110
Trd, 4319117.293, 112
Trd, 4319117.693, 72
Trd, 4319117.793, 62
Trd, 4319118.393, 139
Trd, 4319118.993, 87
Trd, 4319119.943, 78
Trd, 4319120.993, 73
Trd, 4319121.143, 86
Trd, 4319121.543, 71
Trd, 4319122.093, 93
Trd, 4319122.443, 139
Trd, 4319122.793, 68
Trd, 4319123.043, 87
Trd, 4319123.243, 66
Trd, 4319123.993, 75
Trd, 4319124.743, 134
Trd, 4319124.943, 87
Trd, 4319126.343, 64
Trd, 4319126.543, 140
Trd, 4319127.443, 130
Trd, 4319128.193, 137
Trd, 4319128.543, 109
Trd, 4319130.193, 140
Trd, 4319130.543, 140
Trd, 4319131.143, 140
Trd, 4319131.293, 139
Trd, 4319131.343, 131
Trd, 4319133.143, 117
Trd, 4319133.193, 116
Trd, 4319133.393, 106
Trd, 4319133.543, 95
Trd, 4319133.893, 99
Trd, 4319135.593, 140
Trd, 4319136.243, 140
Trd, 4319136.993, 124
Trd, 4319137.093, 121
Trd, 4319137.193, 101
Trd, 4319137.993, 90
Trd, 4319138.293, 93
Trd, 4319138.993, 69
Trd, 4319141.793, 140
Trd, 4319141.943, 140
Trd, 4319142.093, 137
Trd, 4319142.143, 125
Trd, 4319142.443, 110
Trd, 4319142.593, 99
Trd, 4319142.943, 65
Trd, 4319143.343, 120
Trd, 4319144.943, 60
Trd, 4319145.293, 61
Trd, 4319146.043, 138
Trd, 4319146.643, 61
Trd, 4319147.043, 75
Trd, 4319147.643, 60
Trd, 4319148.393, 123
Trd, 4319148.793, 121
Trd, 4319149.943, 138
Trd, 4319150.893, 134
Trd, 4319151.093, 120
Trd, 4319151.393, 63
Trd, 4319152.243, 97
Trd, 4319152.543, 72
Trd, 4319153.693, 124
Trd, 4319153.793, 123
Trd, 4319154.493, 71
Trd, 4319154.793, 138
Trd, 4319155.543, 94
Trd, 4319157.043, 140
Trd, 4319157.143, 112
Trd, 4319157.893, 61
Trd, 4319158.243, 124
Trd, 4319159.293, 102
Trd, 4319160.793, 137
Trd, 4319161.443, 138
Trd, 4319162.243, 110
Trd, 4319162.643, 138
Trd, 4319163.343, 97
Trd, 4319163.943, 97
Trd, 4319164.393, 77
Trd, 4319164.643, 79
Trd, 4319165.893, 60
Trd, 4319166.493, 61
Trd, 4319166.543, 61
Trd, 4319167.343, 138
Trd, 4319167.993, 97
Trd, 4319168.943, 121
Trd, 4319169.343, 99
Trd, 4319169.693, 98
Trd, 4319169.793, 90
Trd, 4319170.693, 106
Trd, 4319170.893, 134
Trd, 4319172.493, 133
Trd, 4319173.243, 60
Trd, 4319173.343, 61
Trd, 4319174.293, 63
Trd, 4319174.893, 105
Trd, 4319175.293, 104
Trd, 4319175.743, 105
Trd, 4319176.893, 60
Trd, 4319176.993, 71
Trd, 4319178.143, 137
Trd, 4319178.743, 140
Trd, 4319179.793, 97
Trd, 4319180.593, 70
Trd, 4319180.843, 66
Trd, 4319181.793, 61
Trd, 4319183.543, 63
Trd, 4319183.693, 63
Trd, 4319184.343, 60
Trd, 4319184.493, 83
Trd, 4319185.293, 86
Trd, 4319187.193, 61
Trd, 4319187.493, 60
Trd, 4319187.643, 60
Trd, 4319187.693, 62
Trd, 4319188.343, 60
Trd, 4319188.493, 65
Trd, 4319188.593, 81
Trd, 4319189.943, 61
Trd, 4319190.143, 65
Trd, 4319190.193, 137
Trd, 4319190.643, 113
Trd, 4319192.543, 63
Trd, 4319192.943, 61
Trd, 4319193.443, 61
Trd, 4319193.943, 61
Trd, 4319195.243, 60
Trd, 4319195.293, 60
Trd, 4319196.343, 62
Trd, 4319196.593, 64
Trd, 4319196.993, 62
Trd, 4319197.543, 61
Trd, 4319197.693, 62
Trd, 4319198.143, 62
Trd, 4319198.343, 114
Trd, 4319200.693, 61
Trd, 4319200.743, 61
Trd, 4319201.343, 60
Trd, 4319201.493, 70
Trd, 4319202.743, 134
Trd, 4319202.993, 132
Trd, 4319203.193, 131
Trd, 4319203.843, 140
Trd, 4319204.343, 135
Trd, 4319204.393, 134
Trd, 4319204.893, 105
Trd, 4319206.643, 111
Trd, 4319206.693, 104
Trd, 4319207.243, 140
Trd, 4319208.493, 62
Trd, 4319210.193, 60
Trd, 4319210.493, 60
Trd, 4319210.593, 61
Trd, 4319211.243, 70
Trd, 4319211.843, 61
Trd, 4319212.443, 63
Trd, 4319212.843, 68
Trd, 4319213.193, 63
Trd, 4319213.443, 74
Trd, 4319213.943, 66
Trd, 4319214.343, 87
Trd, 4319215.693, 67
Trd, 4319216.843, 71
Trd, 4319217.543, 63
Trd, 4319217.793, 93
Trd, 4319217.893, 128
Trd, 4319218.893, 61
Trd, 4319219.543, 63
Trd, 4319219.943, 60
Trd, 4319220.443, 65
Trd, 4319221.693, 82
Trd, 4319222.743, 111
Trd, 4319222.843, 78
Trd, 4319223.443, 140
Trd, 4319224.243, 135
Trd, 4319224.543, 116
Trd, 4319224.743, 115
Trd, 4319226.093, 73
Trd, 4319226.693, 113
Trd, 4319226.843, 127
Trd, 4319227.143, 102
Trd, 4319227.193, 66
Trd, 4319227.443, 61
Trd, 4319228.343, 140
Trd, 4319229.443, 86
Trd, 4319229.843, 69
Trd, 4319230.443, 111
Trd, 4319232.343, 67
Trd, 4319232.893, 68
Trd, 4319233.343, 91
Trd, 4319233.393, 92
Trd, 4319234.243, 60
Trd, 4319234.843, 64
Trd, 4319235.293, 67
Trd, 4319236.043, 70
Trd, 4319237.093, 121
Trd, 4319237.793, 119
Trd, 4319238.193, 61
Trd, 4319238.893, 90
Trd, 4319239.143, 61
Trd, 4319239.543, 116
Trd, 4319240.793, 121
Trd, 4319241.693, 60
Trd, 4319242.293, 61
Trd, 4319242.393, 65
Trd, 4319243.093, 67
Trd, 4319243.743, 60
Trd, 4319244.293, 114
Trd, 4319244.743, 140
Trd, 4319244.943, 111
Trd, 4319246.143, 78
Trd, 4319246.993, 64
Trd, 4319247.643, 62
Trd, 4319248.393, 60
Trd, 4319248.643, 61
Trd, 4319249.643, 63
Trd, 4319249.743, 64
Trd, 4319250.343, 60
Trd, 4319250.443, 68
Trd, 4319252.743, 64
Trd, 4319252.893, 75
Trd, 4319253.343, 90
Trd, 4319253.443, 73
Trd, 4319253.593, 140
Trd, 4319255.393, 120
Trd, 4319255.543, 120
Trd, 4319256.343, 140
Trd, 4319257.843, 61
Trd, 4319258.293, 61
Trd, 4319258.793, 62
Trd, 4319258.943, 63
Trd, 4319259.393, 60
Trd, 4319259.693, 114
Trd, 4319261.093, 61
Trd, 4319261.393, 60
Trd, 4319261.443, 61
Trd, 4319262.393, 60
Trd, 4319263.043, 90
Trd, 4319265.543, 62
Trd, 4319265.643, 64
Trd, 4319266.193, 65
Trd, 4319266.893, 68
Trd, 4319267.293, 128
Trd, 4319268.393, 65
Trd, 4319269.143, 61
Trd, 4319269.943, 60
Trd, 4319269.993, 65
Trd, 4319270.543, 66
Trd, 4319271.693, 60
Trd, 4319272.243, 62
Trd, 4319272.343, 88
Trd, 4319272.393, 78
Trd, 4319272.843, 94
Trd, 4319274.093, 112
Trd, 4319274.443, 89
Trd, 4319275.143, 68
Trd, 4319275.243, 60
Trd, 4319275.293, 61
Trd, 4319276.193, 61
Trd, 4319276.443, 65
Trd, 4319276.893, 68
Trd, 4319277.893, 88
Trd, 4319278.893, 118
Trd, 4319279.343, 102
Trd, 4319279.493, 101
Trd, 4319279.643, 98
Trd, 4319280.143, 140
Trd, 4319281.393, 140
Trd, 4319281.943, 139
Trd, 4319282.793, 138
Trd, 4319283.793, 92
Trd, 4319284.193, 129
Trd, 4319284.743, 100
Trd, 4319284.943, 120
Trd, 4319285.543, 99
Trd, 4319286.993, 140
Trd, 4319287.293, 118
Trd, 4319287.843, 98
Trd, 4319288.393, 84
Trd, 4319289.743, 79
Trd, 4319289.993, 96
Trd, 4319290.393, 130
Trd, 4319290.493, 96
Trd, 4319290.693, 139
Trd, 4319292.693, 60
Trd, 4319293.443, 80
Trd, 4319293.493, 63
Trd, 4319294.143, 140
Trd, 4319294.393, 114
Trd, 4319295.443, 107
Trd, 4319296.093, 101
Trd, 4319297.793, 61
Trd, 4319298.593, 63
Trd, 4319299.043, 60
Trd, 4319299.493, 61
Trd, 4319299.793, 140
Trd, 4319299.893, 139
Trd, 4319301.293, 140
Trd, 4319302.543, 140
Trd, 4319302.643, 140
Trd, 4319303.243, 129
Trd, 4319303.293, 108
Trd, 4319303.493, 106
Trd, 4319304.193, 111
Trd, 4319304.893, 100
Trd, 4319305.543, 71
Trd, 4319306.193, 134
Trd, 4319306.943, 100
Trd, 4319308.343, 140
Trd, 4319308.793, 140
Trd, 4319309.493, 140
Trd, 4319310.043, 112
Trd, 4319310.693, 140
Trd, 4319311.593, 119
Trd, 4319312.243, 138
Trd, 4319312.293, 74
Trd, 4319312.693, 113
Trd, 4319313.443, 62
Trd, 4319313.843, 63
Trd, 4319315.343, 100
Trd, 4319315.543, 99
Trd, 4319316.143, 88
Trd, 4319316.843, 117
Trd, 4319317.293, 92
Trd, 4319317.443, 98
Trd, 4319317.793, 113
Trd, 4319318.243, 112
Trd, 4319318.693, 140
Trd, 4319320.793, 60
Trd, 4319321.293, 66
Trd, 4319321.943, 77
Trd, 4319322.743, 72
Trd, 4319322.993, 62
Trd, 4319323.743, 61
Trd, 4319324.193, 61
Trd, 4319324.843, 62
Trd, 4319324.893, 60
Trd, 4319325.543, 63
Trd, 4319326.143, 69
Trd, 4319326.993, 77
Trd, 4319327.493, 67
Trd, 4319327.693, 60
Trd, 4319328.193, 87
Trd, 4319329.443, 63
Trd, 4319329.493, 71
Trd, 4319329.993, 63
Trd, 4319330.443, 107
Trd, 4319330.743, 138
Trd, 4319331.893, 119
Trd, 4319332.493, 77
Trd, 4319333.743, 60
Trd, 4319333.893, 62
Trd, 4319335.393, 60
Trd, 4319335.593, 60
Trd, 4319335.893, 61
Trd, 4319337.093, 70
Trd, 4319337.493, 60
Trd, 4319337.843, 60
Trd, 4319338.143, 73
Trd, 4319338.443, 71
Trd, 4319339.443, 67
Trd, 4319341.093, 61
Trd, 4319342.143, 61
Trd, 4319343.193, 62
Trd, 4319344.143, 64
Trd, 4319344.443, 60
Trd, 4319344.693, 60
Trd, 4319346.693, 62
Trd, 4319347.293, 60
Trd, 4319347.343, 63
Trd, 4319347.693, 95
Trd, 4319348.093, 134
Trd, 4319348.143, 81
Trd, 4319348.743, 61
Trd, 4319349.293, 111
Trd, 4319349.543, 97
Trd, 4319350.993, 65
Trd, 4319351.043, 66
Trd, 4319351.193, 71
Trd, 4319352.443, 64
Trd, 4319352.793, 140
Trd, 4319353.143, 63
Trd, 4319354.293, 136
Trd, 4319354.343, 105
Trd, 4319354.493, 82
Trd, 4319355.643, 76
Trd, 4319355.793, 78
Trd, 4319356.243, 137
Trd, 4319356.593, 130
Trd, 4319357.743, 65
Trd, 4319360.293, 62
Trd, 4319360.443, 60
Trd, 4319360.693, 64
Trd, 4319360.893, 67
Trd, 4319361.143, 61
Trd, 4319361.943, 70
Trd, 4319362.243, 88
Trd, 4319362.993, 138
Trd, 4319363.793, 140
Trd, 4319365.343, 125
Trd, 4319365.943, 61
Trd, 4319366.893, 117
Trd, 4319367.443, 140
Trd, 4319367.943, 63
Trd, 4319368.343, 86
Trd, 4319369.193, 66
Trd, 4319369.343, 65
Trd, 4319369.543, 69
Trd, 4319369.743, 73
Trd, 4319370.193, 66
Trd, 4319371.143, 139
Trd, 4319371.693, 130
Trd, 4319373.343, 82
Trd, 4319373.793, 71
Trd, 4319373.943, 69
Trd, 4319374.743, 140
Trd, 4319375.043, 140
Trd, 4319375.893, 114
Trd, 4319376.543, 126
Trd, 4319376.643, 113
Trd, 4319376.843, 112
Trd, 4319377.843, 132
Trd, 4319378.043, 130
Trd, 4319379.043, 66
Trd, 4319379.943, 130
Trd, 4319380.143, 65
Trd, 4319380.893, 73
Trd, 4319381.543, 60
Trd, 4319382.393, 60
Trd, 4319382.493, 62
Trd, 4319383.043, 61
Trd, 4319383.293, 63
Trd, 4319383.693, 113
Trd, 4319384.993, 85
Trd, 4319385.243, 87
Trd, 4319386.143, 60
Trd, 4319387.643, 106
Trd, 4319387.743, 104
Trd, 4319388.243, 100
Trd, 4319388.993, 89
Trd, 4319389.043, 85
Trd, 4319389.293, 74
Trd, 4319390.093, 92
Trd, 4319391.443, 60
Trd, 4319391.543, 61
Trd, 4319391.643, 110
Trd, 4319392.293, 60
Trd, 4319392.643, 66
Trd, 4319394.193, 61
Trd, 4319394.643, 64
Trd, 4319395.293, 62
Trd, 4319396.093, 63
Trd, 4319396.443, 62
Trd, 4319396.643, 85
Trd, 4319397.943, 68
Trd, 4319398.543, 61
Trd, 4319398.943, 67
Trd, 4319399.593, 64
Trd, 4319399.793, 62
Trd, 4319400.143, 135
Trd, 4319400.393, 139
Trd, 4319401.393, 123
Trd, 4319401.593, 60
Trd, 4319403.193, 60
Trd, 4319404.593, 60
Trd, 4319404.743, 65
Trd, 4319404.993, 62
Trd, 4319405.243, 68
Trd, 4319405.793, 64
Trd, 4319406.143, 66
Trd, 4319407.993, 67
Trd, 4319408.543, 62
Trd, 4319408.793, 62
Trd, 4319409.643, 89
Trd, 4319410.893, 71
Trd, 4319411.343, 70
Trd, 4319412.943, 60
Trd, 4319412.993, 64
Trd, 4319413.293, 67
Trd, 4319414.543, 71
Trd, 4319416.043, 112
Trd, 4319416.243, 111
Trd, 4319416.393, 99
Trd, 4319417.293, 140
Trd, 4319418.043, 125
Trd, 4319418.393, 140
Trd, 4319419.993, 140
Trd, 4319420.043, 140
Trd, 4319420.593, 121
Trd, 4319421.093, 86
Trd, 4319421.543, 100
Trd, 4319422.143, 84
Trd, 4319422.293, 70
Trd, 4319423.143, 89
Trd, 4319423.543, 140
Trd, 4319424.843, 63
Trd, 4319424.893, 94
Trd, 4319426.243, 67
Trd, 4319426.893, 140
Trd, 4319426.943, 139
Trd, 4319427.193, 130
Trd, 4319427.893, 67
Trd, 4319428.043, 68
Trd, 4319428.293, 64
Trd, 4319429.793, 113
Trd, 4319429.993, 88
Trd, 4319430.143, 87
Trd, 4319430.993, 115
Trd, 4319431.343, 132
Trd, 4319431.543, 128
Trd, 4319432.493, 94
Trd, 4319433.193, 90
Trd, 4319434.293, 64
Trd, 4319436.243, 71
Trd, 4319437.293, 63
Trd, 4319437.693, 61
Trd, 4319437.843, 105
Trd, 4319438.493, 60
Trd, 4319438.543, 96
Trd, 4319439.943, 61
Trd, 4319440.193, 75
Trd, 4319440.743, 60
Trd, 4319441.343, 123
Trd, 4319442.743, 107
Trd, 4319442.993, 116
Trd, 4319444.543, 137
Trd, 4319444.743, 140
Trd, 4319445.193, 104
Trd, 4319445.343, 103
Trd, 4319445.493, 71
Trd, 4319446.293, 84
Trd, 4319446.843, 68
Trd, 4319447.143, 69
Trd, 4319447.593, 63
Trd, 4319448.043, 61
Trd, 4319448.243, 63
Trd, 4319449.743, 129
Trd, 4319450.493, 60
Trd, 4319451.593, 60
Trd, 4319451.943, 63
Trd, 4319453.093, 61
Trd, 4319453.843, 60
Trd, 4319454.343, 62
Trd, 4319455.293, 62
Trd, 4319455.343, 63
Trd, 4319456.793, 60
Trd, 4319457.743, 60
Trd, 4319458.193, 60
Trd, 4319458.493, 67
Trd, 4319458.593, 67
Trd, 4319458.643, 79
Trd, 4319460.243, 61
Trd, 4319460.343, 117
Trd, 4319462.243, 61
Trd, 4319462.343, 64
Trd, 4319463.343, 68
Trd, 4319463.443, 68
Trd, 4319463.693, 81
Trd, 4319464.043, 120
Trd, 4319464.743, 63
Trd, 4319465.593, 104
Trd, 4319466.043, 63
Trd, 4319466.693, 62
Trd, 4319467.143, 120
Trd, 4319467.393, 130
Trd, 4319467.743, 112
Trd, 4319469.043, 64
Trd, 4319469.443, 82
Trd, 4319470.193, 65
Trd, 4319470.493, 63
Trd, 4319471.243, 62
Trd, 4319472.293, 62
Trd, 4319473.493, 131
Trd, 4319473.543, 130
Trd, 4319474.493, 140
Trd, 4319474.943, 72
Trd, 4319475.043, 112
Trd, 4319475.093, 69
Trd, 4319475.643, 63
Trd, 4319477.593, 71
Trd, 4319478.043, 60
Trd, 4319479.493, 61
Trd, 4319479.893, 61
Trd, 4319480.093, 62
Trd, 4319480.343, 67
Trd, 4319480.743, 67
Trd, 4319482.093, 90
Trd, 4319482.293, 123
Trd, 4319483.043, 60
Trd, 4319485.193, 60
Trd, 4319485.443, 60
Trd, 4319486.393, 61
Trd, 4319486.993, 61
Trd, 4319487.943, 60
Trd, 4319489.043, 60
Trd, 4319489.593, 61
Trd, 4319489.843, 64
Trd, 4319490.293, 65
Trd, 4319491.543, 60
Trd, 4319492.593, 61
Trd, 4319492.993, 60
Trd, 4319494.293, 63
Trd, 4319494.643, 60
Trd, 4319496.893, 61
Trd, 4319497.543, 64
Trd, 4319497.993, 66
Trd, 4319498.243, 92
Trd, 4319499.143, 63
Trd, 4319499.643, 107
Trd, 4319500.793, 61
Trd, 4319500.893, 62
Trd, 4319501.293, 62
Trd, 4319501.493, 122
Trd, 4319502.893, 140
Trd, 4319503.143, 140
Trd, 4319503.843, 139
Trd, 4319503.893, 138
Trd, 4319504.543, 119
Trd, 4319505.543, 61
Trd, 4319505.893, 62
Trd, 4319506.693, 86
Trd, 4319508.343, 64
Trd, 4319508.843, 62
Trd, 4319509.693, 66
Trd, 4319509.793, 68
Trd, 4319509.893, 79
Trd, 4319510.593, 64
Trd, 4319511.443, 70
Trd, 4319511.743, 68
Trd, 4319511.843, 71
Trd, 4319512.743, 60
Trd, 4319513.393, 78
Trd, 4319513.443, 77
Trd, 4319513.693, 134
Trd, 4319513.893, 78
Trd, 4319514.293, 82
Trd, 4319515.043, 74
Trd, 4319516.193, 62
Trd, 4319516.843, 60
Trd, 4319517.543, 61
Trd, 4319517.793, 60
Trd, 4319518.743, 76
Trd, 4319519.493, 95
Trd, 4319520.043, 137
Trd, 4319520.243, 139
Trd, 4319521.093, 67
Trd, 4319522.193, 60
Trd, 4319522.593, 62
Trd, 4319523.593, 63
Trd, 4319524.093, 61
Trd, 4319524.893, 61
Trd, 4319525.793, 98
Trd, 4319526.643, 83
Trd, 4319526.993, 124
Trd, 4319527.393, 78
Trd, 4319528.543, 100
Trd, 4319529.193, 85
Trd, 4319529.693, 139
Trd, 4319530.193, 78
Trd, 4319531.593, 65
Trd, 4319531.743, 64
Trd, 4319532.143, 61
Trd, 4319533.643, 60
Trd, 4319533.843, 60
Trd, 4319535.143, 69
Trd, 4319535.393, 113
Trd, 4319535.593, 68
Trd, 4319535.743, 60
Trd, 4319536.443, 64
Trd, 4319537.543, 63
Trd, 4319539.043, 61
Trd, 4319539.243, 62
Trd, 4319539.343, 63
Trd, 4319539.593, 60
Trd, 4319540.693, 61
Trd, 4319540.893, 62
Trd, 4319541.443, 64
Trd, 4319542.043, 61
Trd, 4319542.443, 68
Trd, 4319543.543, 76
Trd, 4319543.743, 93
Trd, 4319544.893, 96
Trd, 4319545.693, 61
Trd, 4319545.943, 62
Trd, 4319547.643, 66
Trd, 4319548.743, 61
Trd, 4319548.893, 65
Trd, 4319549.543, 74
Trd, 4319549.993, 75
Trd, 4319550.343, 61
Trd, 4319551.343, 103
Trd, 4319551.493, 72
Trd, 4319552.193, 67
Trd, 4319552.843, 94
Trd, 4319553.243, 93
Trd, 4319553.943, 94
Trd, 4319554.043, 74
Trd, 4319554.593, 60
Trd, 4319554.643, 60
Trd, 4319554.693, 60
Trd, 4319555.893, 61
Trd, 4319556.593, 137
Trd, 4319557.193, 120
Trd, 4319558.393, 88
Trd, 4319559.193, 110
Trd, 4319559.493, 75
Trd, 4319560.343, 62
Trd, 4319560.443, 61
Trd, 4319560.943, 60
Trd, 4319561.193, 63
Trd, 4319563.093, 60
Trd, 4319563.893, 60
Trd, 4319563.943, 72
Trd, 4319565.693, 60
Trd, 4319565.743, 60
Trd, 4319566.243, 61
Trd, 4319566.743, 61
Trd, 4319566.943, 65
Trd, 4319567.743, 69
Trd, 4319568.543, 140
Trd, 4319568.693, 139
Trd, 4319569.593, 125
Trd, 4319570.243, 62
Trd, 4319570.643, 62
Trd, 4319571.393, 60
Trd, 4319571.843, 62
Trd, 4319573.043, 61
Trd, 4319573.093, 67
Trd, 4319573.793, 60
Trd, 4319575.243, 67
Trd, 4319575.543, 70
Trd, 4319575.843, 71
Trd, 4319576.643, 60
Trd, 4319577.343, 138
Trd, 4319577.843, 67
Trd, 4319578.093, 81
Trd, 4319578.743, 113
Trd, 4319579.543, 66
Trd, 4319580.293, 139
Trd, 4319580.393, 138
Trd, 4319581.293, 112
Trd, 4319582.293, 100
Trd, 4319583.243, 85
Trd, 4319583.393, 82
Trd, 4319583.743, 140
Trd, 4319584.893, 95
Trd, 4319585.393, 138
Trd, 4319586.243, 103
Trd, 4319586.643, 62
Trd, 4319587.593, 71
Trd, 4319587.843, 72
Trd, 4319588.093, 77
Trd, 4319588.893, 129
Trd, 4319589.343, 139
Trd, 4319590.093, 131
Trd, 4319590.193, 130
Trd, 4319591.243, 101
Trd, 4319591.293, 97
Trd, 4319591.643, 95
Trd, 4319593.193, 140
Trd, 4319593.743, 93
Trd, 4319593.943, 68
Trd, 4319594.643, 127
Trd, 4319594.693, 106
Trd, 4319595.743, 115
Trd, 4319596.343, 140
Trd, 4319597.443, 139
Trd, 4319599.893, 140
Trd, 4319600.343, 140
Trd, 4319600.543, 139
Trd, 4319600.893, 81
Trd, 4319601.443, 60
Trd, 4319601.893, 62
Trd, 4319602.043, 96
Trd, 4319602.943, 106
Trd, 4319603.043, 108
Trd, 4319604.543, 71
Trd, 4319604.643, 68
Trd, 4319605.593, 62
Trd, 4319606.443, 91
Trd, 4319607.593, 63
Trd, 4319608.093, 78
Trd, 4319609.293, 60
Trd, 4319609.493, 69
Trd, 4319609.893, 66
Trd, 4319610.643, 136
Trd, 4319611.243, 133
Trd, 4319611.993, 133
Trd, 4319613.043, 140
Trd, 4319613.343, 96
Trd, 4319614.343, 64
Trd, 4319615.443, 72
Trd, 4319616.243, 65
Trd, 4319616.343, 73
Trd, 4319617.243, 65
Trd, 4319617.393, 64
Trd, 4319617.793, 85
Trd, 4319618.093, 91
Trd, 4319618.893, 60
Trd, 4319619.743, 67
Trd, 4319620.293, 103
Trd, 4319621.243, 138
Trd, 4319621.443, 109
Trd, 4319622.143, 89
Trd, 4319622.443, 88
Trd, 4319623.293, 60
Trd, 4319624.343, 60
Trd, 4319626.193, 61
Trd, 4319626.643, 61
Trd, 4319627.343, 62
Trd, 4319627.393, 67
Trd, 4319627.593, 60
Trd, 4319628.893, 102
Trd, 4319629.093, 102
Trd, 4319629.643, 61
Trd, 4319630.543, 102
Trd, 4319630.693, 101
Trd, 4319632.293, 85
Trd, 4319632.393, 86
Trd, 4319632.443, 69
Trd, 4319633.493, 140
Trd, 4319633.893, 109
Trd, 4319634.843, 64
Trd, 4319634.943, 67
Trd, 4319635.843, 114
Trd, 4319636.493, 61
Trd, 4319636.993, 63
Trd, 4319637.093, 61
Trd, 4319637.793, 74
Trd, 4319638.193, 107
Trd, 4319639.493, 64
Trd, 4319640.593, 60
Trd, 4319640.643, 63
Trd, 4319641.743, 61
Trd, 4319641.843, 78
Trd, 4319642.143, 97
Trd, 4319642.343, 112
Trd, 4319642.493, 96
Trd, 4319643.593, 61
Trd, 4319643.843, 62
Trd, 4319644.243, 140
Trd, 4319644.643, 140
Trd, 4319645.943, 140
Trd, 4319646.043, 136
Trd, 4319646.593, 106
Trd, 4319647.343, 140
Trd, 4319648.543, 74
Trd, 4319649.243, 63
Trd, 4319650.143, 111
Trd, 4319650.493, 98
Trd, 4319650.893, 91
Trd, 4319651.593, 65
Trd, 4319651.893, 117
Trd, 4319652.443, 111
Trd, 4319653.793, 140
Trd, 4319653.943, 140
Trd, 4319654.093, 140
Trd, 4319654.993, 61
Trd, 4319655.193, 118
Trd, 4319656.543, 61
Trd, 4319656.643, 89
Trd, 4319657.993, 60
Trd, 4319658.893, 60
Trd, 4319659.243, 60
Trd, 4319659.493, 65
Trd, 4319659.993, 61
Trd, 4319660.593, 63
Trd, 4319661.943, 60
Trd, 4319661.993, 61
Trd, 4319662.193, 61
Trd, 4319663.393, 70
Trd, 4319663.943, 68
Trd, 4319665.743, 60
Trd, 4319665.943, 72
Trd, 4319666.693, 62
Trd, 4319667.493, 60
Trd, 4319668.293, 60
Trd, 4319668.943, 60
Trd, 4319669.243, 61
Trd, 4319669.993, 63
Trd, 4319670.343, 79
Trd, 4319671.143, 61
Trd, 4319671.243, 103
Trd, 4319671.493, 64
Trd, 4319672.593, 60
Trd, 4319673.393, 60
Trd, 4319674.343, 63
Trd, 4319675.093, 132
Trd, 4319675.843, 138
Trd, 4319676.743, 140
Trd, 4319676.993, 139
Trd, 4319677.243, 131
Trd, 4319677.893, 62
Trd, 4319678.343, 60
Trd, 4319679.143, 64
Trd, 4319679.343, 132
Trd, 4319680.443, 76
Trd, 4319680.743, 97
Trd, 4319682.793, 61
Trd, 4319683.493, 60
Trd, 4319683.543, 60
Trd, 4319683.943, 60
Trd, 4319684.143, 60
Trd, 4319684.693, 63
Trd, 4319684.943, 69
Trd, 4319685.293, 60
Trd, 4319685.643, 60
Trd, 4319687.393, 60
Trd, 4319687.493, 61
Trd, 4319687.693, 62
Trd, 4319688.043, 72
Trd, 4319688.693, 81
Trd, 4319689.193, 89
Trd, 4319693.093, 60
Trd, 4319693.193, 60
Trd, 4319693.243, 64
Trd, 4319693.743, 75
Trd, 4319694.393, 61
Trd, 4319695.243, 60
Trd, 4319696.493, 60
Trd, 4319697.243, 62
Trd, 4319698.093, 62
Trd, 4319698.593, 62
Trd, 4319698.843, 63
Trd, 4319700.543, 61
Trd, 4319701.093, 61
Trd, 4319701.293, 60
Trd, 4319701.843, 61
Trd, 4319701.943, 68
Trd, 4319702.443, 61
Trd, 4319702.593, 68
Trd, 4319702.893, 64
Trd, 4319702.943, 85
Trd, 4319703.843, 76
Trd, 4319706.193, 60
Trd, 4319707.693, 60
Trd, 4319707.843, 61
Trd, 4319708.093, 61
Trd, 4319708.693, 64
Trd, 4319709.193, 62
Trd, 4319709.793, 63
Trd, 4319710.493, 60
Trd, 4319711.843, 61
Trd, 4319712.143, 61
Trd, 4319712.743, 60
Trd, 4319713.043, 62
Trd, 4319713.993, 63
Trd, 4319714.293, 76
Trd, 4319714.593, 84
Trd, 4319715.393, 62
Trd, 4319716.293, 63
Trd, 4319717.343, 64
Trd, 4319718.643, 65
Trd, 4319720.493, 60
Trd, 4319721.143, 62
Trd, 4319721.343, 61
Trd, 4319721.493, 65
Trd, 4319721.693, 60
Trd, 4319721.943, 61
Trd, 4319722.793, 64
Trd, 4319723.343, 65
Trd, 4319725.043, 60
Trd, 4319725.393, 60
Trd, 4319725.943, 66
Trd, 4319726.743, 65
Trd, 4319727.243, 100
Trd, 4319728.193, 66
Trd, 4319729.293, 105
Trd, 4319729.443, 104
Trd, 4319730.743, 63
Trd, 4319731.243, 62
Trd, 4319731.693, 102
Trd, 4319731.843, 76
Trd, 4319733.993, 64
Trd, 4319734.343, 94
Trd, 4319734.943, 140
Trd, 4319735.493, 102
Trd, 4319735.993, 61
Trd, 4319736.343, 140
Trd, 4319737.143, 85
Trd, 4319737.393, 99
Trd, 4319737.593, 72
Trd, 4319737.843, 101
Trd, 4319739.793, 63
Trd, 4319740.843, 61
Trd, 4319740.893, 64
Trd, 4319741.593, 66
Trd, 4319742.593, 64
Trd, 4319742.993, 66
Trd, 4319743.343, 75
Trd, 4319744.043, 103
Trd, 4319744.393, 131
Trd, 4319744.843, 120
Trd, 4319746.693, 60
Trd, 4319747.893, 60
Trd, 4319747.993, 60
Trd, 4319749.493, 65
Trd, 4319749.593, 68
Trd, 4319750.043, 62
Trd, 4319750.243, 60
Trd, 4319750.543, 60
Trd, 4319750.593, 79
Trd, 4319750.943, 64
Trd, 4319751.493, 91
Trd, 4319753.593, 140
Trd, 4319753.843, 140
Trd, 4319753.893, 136
Trd, 4319754.493, 136
Trd, 4319754.843, 120
Trd, 4319755.293, 107
Trd, 4319756.293, 79
Trd, 4319756.643, 98
Trd, 4319757.893, 98
Trd, 4319758.343, 71
Trd, 4319759.043, 72
Trd, 4319760.493, 138
Trd, 4319760.593, 92
Trd, 4319761.093, 127
Trd, 4319761.493, 62
Trd, 4319762.593, 103
Trd, 4319762.793, 91
Trd, 4319763.043, 140
Trd, 4319763.893, 140
Trd, 4319764.493, 140
Trd, 4319765.043, 137
Trd, 4319766.393, 117
Trd, 4319767.093, 140
Trd, 4319768.193, 140
Trd, 4319769.293, 140
Trd, 4319769.493, 140
Trd, 4319770.093, 136
Trd, 4319770.943, 129
Trd, 4319772.443, 93
Trd, 4319773.243, 89
Trd, 4319774.193, 138
Trd, 4319774.493, 122
Trd, 4319775.343, 65
Trd, 4319775.693, 63
Trd, 4319777.093, 140
Trd, 4319777.143, 140
Trd, 4319777.943, 134
Trd, 4319778.793, 133
Trd, 4319778.993, 118
Trd, 4319779.243, 99
Trd, 4319780.143, 99
Trd, 4319780.593, 66
Trd, 4319780.893, 111
Trd, 4319781.343, 140
Trd, 4319781.393, 140
Trd, 4319781.993, 63
Trd, 4319782.693, 110
Trd, 4319783.993, 60
Trd, 4319784.143, 64
Trd, 4319784.793, 140
Trd, 4319785.393, 87
Trd, 4319785.543, 86
Trd, 4319785.993, 68
Trd, 4319787.043, 140
Trd, 4319787.993, 118
Trd, 4319788.493, 127
Trd, 4319788.893, 63
Trd, 4319789.393, 139
Trd, 4319790.093, 62
Trd, 4319790.643, 67
Trd, 4319791.443, 60
Trd, 4319791.943, 66
Trd, 4319792.143, 67
Trd, 4319793.093, 111
Trd, 4319794.193, 61
Trd, 4319794.393, 70
Trd, 4319796.093, 64
Trd, 4319796.393, 62
Trd, 4319796.493, 63
Trd, 4319796.843, 60
Trd, 4319798.443, 61
Trd, 4319799.993, 60
Trd, 4319800.643, 60
Trd, 4319800.693, 63
Trd, 4319801.693, 61
Trd, 4319802.143, 65
Trd, 4319802.543, 75
Trd, 4319803.393, 60
Trd, 4319804.593, 63
Trd, 4319805.093, 66
Trd, 4319806.093, 67
Trd, 4319806.343, 78
Trd, 4319806.493, 65
Trd, 4319807.043, 66
Trd, 4319807.293, 126
Trd, 4319807.393, 61
Trd, 4319809.543, 63
Trd, 4319810.643, 71
Trd, 4319810.743, 70
Trd, 4319810.993, 139
Trd, 4319811.293, 102
Trd, 4319811.893, 69
Trd, 4319811.993, 93
Trd, 4319812.443, 64
Trd, 4319813.293, 133
Trd, 4319814.393, 140
Trd, 4319814.493, 139
Trd, 4319814.743, 136
Trd, 4319815.743, 106
Trd, 4319816.193, 68
Trd, 4319817.293, 69
Trd, 4319817.943, 140
Trd, 4319818.543, 115
Trd, 4319819.943, 140
Trd, 4319820.093, 140
Trd, 4319820.743, 69
Trd, 4319821.493, 62
Trd, 4319822.143, 62
Trd, 4319822.393, 80
Trd, 4319823.193, 85
Trd, 4319823.643, 129
Trd, 4319824.243, 75
Trd, 4319825.543, 62
Trd, 4319825.693, 65
Trd, 4319826.943, 107
Trd, 4319827.343, 92
Trd, 4319828.243, 140
Trd, 4319828.593, 140
Trd, 4319828.643, 139
Trd, 4319829.493, 60
Trd, 4319831.593, 139
Trd, 4319831.893, 97
Trd, 4319832.093, 61
Trd, 4319832.443, 79
Trd, 4319832.693, 61
Trd, 4319832.993, 64
Trd, 4319834.343, 138
Trd, 4319834.593, 137
Trd, 4319834.743, 119
Trd, 4319835.043, 118
Trd, 4319835.293, 62
Trd, 4319836.393, 115
Trd, 4319836.643, 121
Trd, 4319836.893, 140
Trd, 4319837.893, 140
Trd, 4319838.993, 139
Trd, 4319839.943, 99
Trd, 4319840.543, 98
Trd, 4319840.693, 72
Trd, 4319840.893, 72
Trd, 4319841.443, 73
Trd, 4319842.593, 61
Trd, 4319842.843, 60
Trd, 4319843.443, 77
Trd, 4319844.143, 133
Trd, 4319844.493, 108
Trd, 4319845.493, 60
Trd, 4319845.693, 90
Trd, 4319846.043, 60
Trd, 4319846.743, 61
Trd, 4319847.893, 61
Trd, 4319849.643, 60
Trd, 4319850.293, 60
Trd, 4319850.543, 70
Trd, 4319850.993, 65
Trd, 4319851.643, 62
Trd, 4319851.743, 63
Trd, 4319853.743, 63
Trd, 4319853.843, 69
Trd, 4319854.093, 61
Trd, 4319855.393, 131
Trd, 4319855.843, 127
Trd, 4319855.993, 88
Trd, 4319856.943, 61
Trd, 4319857.893, 121
Trd, 4319858.443, 61
Trd, 4319860.243, 62
Trd, 4319861.493, 60
Trd, 4319861.943, 62
Trd, 4319862.143, 61
Trd, 4319862.193, 67
Trd, 4319863.993, 62
Trd, 4319864.043, 66
Trd, 4319865.143, 72
Trd, 4319865.393, 72
Trd, 4319866.543, 61
Trd, 4319866.693, 73
Trd, 4319866.993, 72
Trd, 4319867.543, 75
Trd, 4319868.293, 61
Trd, 4319868.693, 93
Trd, 4319869.643, 62
Trd, 4319870.043, 127
Trd, 4319871.593, 60
Trd, 4319872.493, 62
Trd, 4319873.743, 61
Trd, 4319873.843, 64
Trd, 4319874.343, 66
Trd, 4319875.043, 72
Trd, 4319875.443, 60
Trd, 4319876.493, 63
Trd, 4319877.543, 61
Trd, 4319878.143, 60
Trd, 4319878.843, 60
Trd, 4319879.093, 61
Trd, 4319879.493, 63
Trd, 4319880.843, 63
Trd, 4319880.893, 85
Trd, 4319881.693, 86
Trd, 4319882.343, 62
Trd, 4319882.843, 62
Trd, 4319883.443, 61
Trd, 4319883.493, 78
Trd, 4319883.793, 62
Trd, 4319884.143, 63
Trd, 4319884.743, 123
Trd, 4319884.793, 111
Trd, 4319886.443, 61
Trd, 4319886.693, 66
Trd, 4319887.093, 72
Trd, 4319887.693, 65
Trd, 4319889.743, 99
Trd, 4319889.993, 89
Trd, 4319890.193, 85
Trd, 4319890.293, 110
Trd, 4319890.993, 76
Trd, 4319891.343, 139
Trd, 4319891.943, 122
Trd, 4319892.543, 89
Trd, 4319893.793, 60
Trd, 4319894.243, 64
Trd, 4319894.393, 66
Trd, 4319895.993, 62
Trd, 4319897.243, 105
Trd, 4319897.593, 90
Trd, 4319897.843, 116
Trd, 4319898.443, 80
Trd, 4319899.243, 118
Trd, 4319899.293, 117
Trd, 4319901.343, 63
Trd, 4319901.793, 63
Trd, 4319902.843, 60
Trd, 4319903.043, 65
Trd, 4319903.593, 60
Trd, 4319904.343, 64
Trd, 4319904.793, 60
Trd, 4319905.043, 78
Trd, 4319905.443, 97
Trd, 4319905.893, 67
Trd, 4319906.593, 123
Trd, 4319907.593, 64
Trd, 4319908.743, 61
Trd, 4319909.293, 61
Trd, 4319909.543, 60
Trd, 4319910.593, 139
Trd, 4319910.743, 96
Trd, 4319912.443, 103
Trd, 4319913.043, 107
Trd, 4319913.193, 95
Trd, 4319913.393, 82
Trd, 4319914.293, 69
Trd, 4319914.343, 68
Trd, 4319914.443, 71
Trd, 4319915.943, 129
Trd, 4319916.043, 116
Trd, 4319917.743, 140
Trd, 4319918.093, 140
Trd, 4319918.143, 116
Trd, 4319918.993, 133
Trd, 4319919.343, 120
Trd, 4319919.543, 89
Trd, 4319919.693, 86
Trd, 4319919.893, 102
Trd, 4319920.543, 80
Trd, 4319921.743, 78
Trd, 4319922.343, 67
Trd, 4319922.743, 68
Trd, 4319923.143, 70
Trd, 4319923.343, 136
Trd, 4319925.093, 60
Trd, 4319926.093, 61
Trd, 4319927.043, 62
Trd, 4319927.393, 62
Trd, 4319927.443, 66
Trd, 4319928.143, 89
Trd, 4319928.293, 62
Trd, 4319929.893, 92
Trd, 4319930.093, 103
Trd, 4319930.993, 63
Trd, 4319931.443, 66
Trd, 4319933.243, 60
Trd, 4319934.243, 61
Trd, 4319934.743, 62
Trd, 4319936.743, 60
Trd, 4319937.043, 61
Trd, 4319937.143, 62
Trd, 4319938.143, 63
Trd, 4319938.243, 65
Trd, 4319938.843, 60
Trd, 4319939.193, 82
Trd, 4319939.843, 82
Trd, 4319941.143, 63
Trd, 4319941.293, 63
Trd, 4319942.443, 114
Trd, 4319942.693, 84
Trd, 4319943.243, 113
Trd, 4319943.693, 83
Trd, 4319945.443, 60
Trd, 4319946.643, 60
Trd, 4319946.693, 60
Trd, 4319947.043, 60
Trd, 4319947.193, 61
Trd, 4319947.893, 60
Trd, 4319948.593, 60
Trd, 4319949.043, 60
Trd, 4319949.843, 120
Trd, 4319951.193, 60
Trd, 4319951.893, 60
Trd, 4319952.793, 60
Trd, 4319952.893, 60
Trd, 4319954.293, 63
Trd, 4319954.643, 64
Trd, 4319954.693, 65
Trd, 4319955.543, 122
Trd, 4319955.943, 66
Trd, 4319956.593, 65
Trd, 4319957.843, 65
Trd, 4319958.393, 67
Trd, 4319958.743, 61
Trd, 4319958.793, 64
Trd, 4319959.493, 68
Trd, 4319960.193, 63
Trd, 4319960.843, 64
Trd, 4319961.843, 67
Trd, 4319962.043, 69
Trd, 4319962.593, 62
Trd, 4319963.243, 97
Trd, 4319963.493, 63
Trd, 4319963.893, 71
Trd, 4319964.593, 64
Trd, 4319966.393, 60
Trd, 4319966.493, 61
Trd, 4319968.143, 61
Trd, 4319968.193, 62
Trd, 4319968.993, 61
Trd, 4319969.543, 76
Trd, 4319970.543, 67
Trd, 4319970.893, 68
Trd, 4319971.293, 62
Trd, 4319971.393, 63
Trd, 4319972.743, 62
Trd, 4319972.843, 88
Trd, 4319973.243, 91
Trd, 4319973.843, 139
Trd, 4319974.143, 140
Trd, 4319974.893, 132
Trd, 4319975.043, 102
Trd, 4319975.143, 89
Trd, 4319975.993, 61
Trd, 4319976.293, 67
Trd, 4319976.693, 60
Trd, 4319977.843, 135
Trd, 4319979.043, 128
Trd, 4319979.493, 72
Trd, 4319979.893, 68
Trd, 4319980.543, 140
Trd, 4319981.693, 139
Trd, 4319981.893, 100
Trd, 4319982.143, 61
Trd, 4319982.543, 73
Trd, 4319983.143, 68
Trd, 4319984.243, 68
Trd, 4319984.443, 81
Trd, 4319985.843, 61
Trd, 4319986.093, 65
Trd, 4319986.943, 66
Trd, 4319987.793, 61
Trd, 4319988.593, 62
Trd, 4319988.993, 60
Trd, 4319989.893, 62
Trd, 4319990.543, 60
Trd, 4319990.793, 63
Trd, 4319991.293, 63
Trd, 4319991.593, 113
Trd, 4319992.693, 112
Trd, 4319993.943, 102
Trd, 4319994.193, 69
Trd, 4319994.943, 75
Trd, 4319995.293, 135
Trd, 4319995.693, 117
Trd, 4319996.493, 60
Trd, 4319996.843, 93
Trd, 4319996.893, 88
Trd, 4319997.743, 65
Trd, 4319998.393, 63
Trd, 4319998.443, 70
Trd, 4319999.343, 71
