Trd, 4318075.843, 118
Trd, 4318075.993, 117
Trd, 4318076.893, 136
Trd, 4318077.393, 117
Trd, 4318078.243, 104
Trd, 4318078.393, 129
Trd, 4318078.843, 88
Trd, 4318079.043, 98
Trd, 4318080.343, 120
Trd, 4318080.893, 140
Trd, 4318082.943, 71
Trd, 4318084.293, 107
Trd, 4318084.593, 131
Trd, 4318085.293, 115
Trd, 4318085.393, 97
Trd, 4318086.293, 122
Trd, 4318086.343, 66
Trd, 4318086.843, 73
Trd, 4318087.243, 131
Trd, 4318087.543, 136
Trd, 4318088.793, 84
Trd, 4318090.243, 118
Trd, 4318091.043, 103
Trd, 4318091.193, 70
Trd, 4318091.543, 108
Trd, 4318092.043, 96
Trd, 4318093.543, 96
Trd, 4318093.843, 76
Trd, 4318094.193, 92
Trd, 4318094.843, 66
Trd, 4318095.093, 124
Trd, 4318096.443, 116
Trd, 4318097.243, 123
Trd, 4318098.043, 122
Trd, 4318098.393, 99
Trd, 4318100.143, 111
Trd, 4318100.543, 82
Trd, 4318100.943, 103
Trd, 4318101.293, 139
Trd, 4318102.693, 96
Trd, 4318103.093, 115
Trd, 4318103.843, 101
Trd, 4318105.093, 94
Trd, 4318105.193, 83
Trd, 4318105.593, 96
Trd, 4318106.243, 137
Trd, 4318107.043, 122
Trd, 4318108.293, 124
Trd, 4318109.293, 90
Trd, 4318110.943, 133
Trd, 4318111.793, 118
Trd, 4318112.543, 122
Trd, 4318112.893, 126
Trd, 4318113.693, 115
Trd, 4318115.143, 127
Trd, 4318115.443, 111
Trd, 4318116.543, 139
Trd, 4318116.843, 98
Trd, 4318119.943, 138
Trd, 4318120.593, 105
Trd, 4318121.643, 136
Trd, 4318122.243, 125
Trd, 4318123.143, 118
Trd, 4318123.843, 107
Trd, 4318124.743, 123
Trd, 4318124.943, 121
Trd, 4318125.843, 103
Trd, 4318126.143, 102
Trd, 4318126.393, 65
Trd, 4318128.543, 131
Trd, 4318128.893, 131
Trd, 4318129.043, 140
Trd, 4318130.143, 133
Trd, 4318130.193, 117
Trd, 4318130.843, 120
Trd, 4318130.943, 111
Trd, 4318132.193, 94
Trd, 4318134.893, 139
Trd, 4318135.193, 111
Trd, 4318136.393, 123
Trd, 4318136.493, 127
Trd, 4318136.893, 110
Trd, 4318137.043, 107
Trd, 4318139.393, 119
Trd, 4318139.593, 116
Trd, 4318139.643, 98
Trd, 4318140.093, 121
Trd, 4318140.943, 110
Trd, 4318141.743, 122
Trd, 4318142.143, 89
Trd, 4318143.693, 93
Trd, 4318145.043, 134
Trd, 4318145.093, 83
Trd, 4318145.543, 95
Trd, 4318146.493, 97
Trd, 4318147.993, 83
Trd, 4318148.943, 112
Trd, 4318149.143, 113
Trd, 4318150.493, 111
Trd, 4318153.443, 137
Trd, 4318153.993, 108
Trd, 4318154.343, 81
Trd, 4318154.393, 80
Trd, 4318154.593, 83
Trd, 4318155.843, 112
Trd, 4318156.643, 119
Trd, 4318157.143, 123
Trd, 4318157.543, 92
Trd, 4318160.393, 127
Trd, 4318161.843, 98
Trd, 4318162.093, 80
Trd, 4318163.043, 89
Trd, 4318163.143, 70
Trd, 4318164.143, 114
Trd, 4318164.493, 109
Trd, 4318165.043, 89
Trd, 4318166.043, 128
Trd, 4318167.243, 116
Trd, 4318167.493, 122
Trd, 4318168.493, 106
Trd, 4318169.143, 101
Trd, 4318169.993, 125
Trd, 4318170.443, 128
Trd, 4318170.643, 120
Trd, 4318171.243, 140
Trd, 4318172.093, 99
Trd, 4318172.993, 110
Trd, 4318173.943, 112
Trd, 4318174.743, 134
Trd, 4318175.493, 111
Trd, 4318175.693, 107
Trd, 4318175.943, 90
Trd, 4318176.843, 72
Trd, 4318178.243, 140
Trd, 4318178.393, 127
Trd, 4318179.593, 98
Trd, 4318180.843, 123
Trd, 4318181.743, 134
Trd, 4318183.543, 114
Trd, 4318184.293, 100
Trd, 4318185.293, 133
Trd, 4318186.193, 114
Trd, 4318187.493, 139
Trd, 4318188.193, 106
Trd, 4318189.093, 115
Trd, 4318189.543, 103
Trd, 4318189.843, 81
Trd, 4318190.143, 112
Trd, 4318190.843, 100
Trd, 4318190.893, 97
Trd, 4318191.993, 97
Trd, 4318193.743, 120
Trd, 4318194.543, 135
Trd, 4318195.343, 125
Trd, 4318195.843, 123
Trd, 4318196.743, 80
Trd, 4318196.943, 84
Trd, 4318197.543, 71
Trd, 4318198.843, 139
Trd, 4318199.343, 137
Trd, 4318199.443, 116
Trd, 4318200.343, 111
Trd, 4318201.543, 140
Trd, 4318201.643, 138
Trd, 4318203.293, 117
Trd, 4318204.143, 94
Trd, 4318204.343, 94
Trd, 4318205.643, 85
Trd, 4318207.043, 126
Trd, 4318208.993, 117
Trd, 4318209.243, 136
Trd, 4318209.743, 92
Trd, 4318210.643, 118
Trd, 4318212.593, 103
Trd, 4318213.443, 101
Trd, 4318213.943, 126
Trd, 4318213.993, 96
Trd, 4318214.743, 121
Trd, 4318214.993, 83
Trd, 4318218.243, 137
Trd, 4318218.643, 135
Trd, 4318219.143, 123
Trd, 4318220.293, 115
Trd, 4318220.393, 114
Trd, 4318220.793, 133
Trd, 4318221.693, 132
Trd, 4318222.093, 129
Trd, 4318223.543, 90
Trd, 4318224.593, 118
Trd, 4318224.793, 99
Trd, 4318226.093, 69
Trd, 4318226.993, 94
Trd, 4318227.443, 99
Trd, 4318227.693, 136
Trd, 4318228.193, 129
Trd, 4318229.093, 115
Trd, 4318230.593, 126
Trd, 4318231.093, 121
Trd, 4318231.443, 89
Trd, 4318233.193, 101
Trd, 4318233.293, 95
Trd, 4318233.343, 86
Trd, 4318234.293, 90
Trd, 4318235.793, 123
Trd, 4318237.043, 113
Trd, 4318237.093, 99
Trd, 4318237.593, 95
Trd, 4318237.743, 88
Trd, 4318238.943, 115
Trd, 4318239.593, 101
Trd, 4318242.043, 69
Trd, 4318244.293, 125
Trd, 4318244.993, 100
Trd, 4318245.593, 84
Trd, 4318245.693, 72
Trd, 4318246.293, 119
Trd, 4318247.043, 98
Trd, 4318247.393, 94
Trd, 4318247.543, 99
Trd, 4318248.693, 110
Trd, 4318248.793, 104
Trd, 4318248.993, 126
Trd, 4318249.793, 121
Trd, 4318252.193, 75
Trd, 4318252.593, 67
Trd, 4318253.043, 86
Trd, 4318253.743, 85
Trd, 4318254.693, 76
Trd, 4318256.593, 135
Trd, 4318258.043, 113
Trd, 4318259.243, 105
Trd, 4318259.293, 99
Trd, 4318259.393, 96
Trd, 4318259.593, 94
Trd, 4318259.993, 98
Trd, 4318260.643, 94
Trd, 4318260.943, 125
Trd, 4318260.993, 123
Trd, 4318263.043, 111
Trd, 4318264.293, 107
Trd, 4318264.543, 118
Trd, 4318264.693, 102
Trd, 4318265.743, 136
Trd, 4318266.743, 136
Trd, 4318267.243, 123
Trd, 4318268.793, 117
Trd, 4318269.243, 113
Trd, 4318269.443, 95
Trd, 4318272.243, 140
Trd, 4318274.093, 124
Trd, 4318274.343, 119
Trd, 4318275.943, 127
Trd, 4318276.443, 116
Trd, 4318276.643, 115
Trd, 4318278.243, 118
Trd, 4318278.693, 115
Trd, 4318278.993, 113
Trd, 4318279.093, 129
Trd, 4318279.743, 108
Trd, 4318280.543, 92
Trd, 4318281.393, 123
Trd, 4318282.043, 82
Trd, 4318282.543, 62
Trd, 4318283.143, 79
Trd, 4318283.543, 91
Trd, 4318284.493, 97
Trd, 4318285.243, 109
Trd, 4318287.793, 122
Trd, 4318289.193, 109
Trd, 4318289.443, 98
Trd, 4318290.593, 133
Trd, 4318290.843, 118
Trd, 4318292.093, 123
Trd, 4318293.743, 107
Trd, 4318294.193, 94
Trd, 4318294.993, 130
Trd, 4318296.143, 127
Trd, 4318296.843, 108
Trd, 4318297.843, 107
Trd, 4318297.993, 96
Trd, 4318299.143, 109
Trd, 4318299.243, 104
Trd, 4318299.543, 105
Trd, 4318299.643, 92
Trd, 4318300.243, 125
Trd, 4318301.393, 107
Trd, 4318301.943, 131
Trd, 4318302.243, 131
Trd, 4318305.443, 114
Trd, 4318306.393, 131
Trd, 4318306.643, 124
Trd, 4318307.043, 103
Trd, 4318308.343, 94
Trd, 4318309.443, 102
Trd, 4318309.643, 86
Trd, 4318309.843, 103
Trd, 4318310.693, 75
Trd, 4318311.843, 128
Trd, 4318312.443, 94
Trd, 4318312.843, 140
Trd, 4318314.743, 100
Trd, 4318315.743, 129
Trd, 4318316.243, 129
Trd, 4318317.243, 86
Trd, 4318317.993, 102
Trd, 4318319.143, 98
Trd, 4318319.393, 136
Trd, 4318319.643, 125
Trd, 4318320.793, 69
Trd, 4318321.093, 120
Trd, 4318321.743, 75
Trd, 4318324.993, 112
Trd, 4318325.193, 111
Trd, 4318325.643, 124
Trd, 4318326.043, 94
Trd, 4318326.193, 80
Trd, 4318326.643, 90
Trd, 4318326.943, 61
Trd, 4318327.293, 106
Trd, 4318328.793, 89
Trd, 4318329.393, 137
Trd, 4318330.143, 113
Trd, 4318331.343, 106
Trd, 4318331.393, 81
Trd, 4318331.793, 80
Trd, 4318334.193, 123
Trd, 4318334.843, 114
Trd, 4318335.693, 118
Trd, 4318336.493, 89
Trd, 4318337.093, 129
Trd, 4318337.493, 113
Trd, 4318337.793, 94
Trd, 4318337.993, 93
Trd, 4318340.043, 101
Trd, 4318341.793, 116
Trd, 4318341.893, 121
Trd, 4318342.293, 89
Trd, 4318344.093, 128
Trd, 4318345.193, 122
Trd, 4318346.293, 89
Trd, 4318347.643, 131
Trd, 4318347.843, 119
Trd, 4318350.193, 117
Trd, 4318350.693, 101
Trd, 4318350.743, 97
Trd, 4318352.143, 129
Trd, 4318352.443, 89
Trd, 4318353.793, 112
Trd, 4318355.743, 122
Trd, 4318356.493, 123
Trd, 4318357.043, 115
Trd, 4318357.843, 105
Trd, 4318358.793, 112
Trd, 4318359.643, 101
Trd, 4318361.043, 93
Trd, 4318361.293, 113
Trd, 4318362.043, 91
Trd, 4318362.543, 112
Trd, 4318363.693, 129
Trd, 4318363.793, 123
Trd, 4318364.093, 102
Trd, 4318364.193, 84
Trd, 4318365.393, 81
Trd, 4318366.143, 130
Trd, 4318368.043, 136
Trd, 4318368.243, 110
Trd, 4318370.643, 120
Trd, 4318371.743, 138
Trd, 4318372.293, 119
Trd, 4318372.693, 117
Trd, 4318372.893, 135
Trd, 4318373.393, 91
Trd, 4318373.893, 87
Trd, 4318374.293, 132
Trd, 4318374.893, 74
Trd, 4318375.093, 68
Trd, 4318376.293, 140
Trd, 4318377.043, 116
Trd, 4318378.343, 106
Trd, 4318378.643, 84
Trd, 4318379.243, 105
Trd, 4318380.843, 123
Trd, 4318381.143, 76
Trd, 4318381.893, 127
Trd, 4318382.143, 103
Trd, 4318382.993, 129
Trd, 4318383.793, 135
Trd, 4318383.993, 105
Trd, 4318384.543, 66
Trd, 4318385.843, 137
Trd, 4318385.943, 122
Trd, 4318386.843, 105
Trd, 4318387.793, 100
Trd, 4318389.443, 81
Trd, 4318389.993, 62
Trd, 4318390.943, 107
Trd, 4318391.643, 122
Trd, 4318392.693, 103
Trd, 4318394.143, 110
Trd, 4318394.843, 119
Trd, 4318395.693, 123
Trd, 4318397.593, 127
Trd, 4318397.643, 119
Trd, 4318398.343, 87
Trd, 4318401.493, 104
Trd, 4318402.093, 114
Trd, 4318403.593, 90
Trd, 4318403.693, 108
Trd, 4318404.143, 74
Trd, 4318404.993, 108
Trd, 4318405.693, 73
Trd, 4318406.143, 93
Trd, 4318408.293, 109
Trd, 4318409.093, 131
Trd, 4318409.993, 99
Trd, 4318410.193, 96
Trd, 4318410.343, 94
Trd, 4318410.693, 85
Trd, 4318411.193, 104
Trd, 4318411.943, 96
Trd, 4318413.493, 110
Trd, 4318414.743, 112
Trd, 4318415.243, 126
Trd, 4318416.943, 108
Trd, 4318418.843, 119
Trd, 4318420.043, 137
Trd, 4318420.143, 135
Trd, 4318420.493, 122
Trd, 4318421.193, 107
Trd, 4318421.393, 97
Trd, 4318422.093, 110
Trd, 4318424.943, 102
Trd, 4318425.843, 85
Trd, 4318426.543, 113
Trd, 4318427.543, 123
Trd, 4318428.243, 130
Trd, 4318429.093, 126
Trd, 4318429.543, 100
Trd, 4318429.793, 109
Trd, 4318430.543, 132
Trd, 4318430.693, 70
Trd, 4318431.393, 80
Trd, 4318432.043, 117
Trd, 4318432.393, 93
Trd, 4318433.593, 77
Trd, 4318433.743, 139
Trd, 4318434.193, 88
Trd, 4318435.193, 124
Trd, 4318437.443, 124
Trd, 4318438.343, 123
Trd, 4318438.393, 108
Trd, 4318439.393, 131
Trd, 4318439.493, 112
Trd, 4318439.893, 108
Trd, 4318441.893, 115
Trd, 4318442.193, 125
Trd, 4318442.343, 118
Trd, 4318442.743, 101
Trd, 4318443.293, 103
Trd, 4318444.193, 113
Trd, 4318445.243, 118
Trd, 4318445.443, 93
Trd, 4318445.943, 73
Trd, 4318446.443, 80
Trd, 4318447.193, 85
Trd, 4318447.743, 114
Trd, 4318449.443, 129
Trd, 4318449.543, 129
Trd, 4318449.743, 114
Trd, 4318449.843, 91
Trd, 4318452.543, 103
Trd, 4318453.593, 100
Trd, 4318453.743, 117
Trd, 4318454.343, 119
Trd, 4318455.093, 102
Trd, 4318455.643, 107
Trd, 4318456.193, 105
Trd, 4318458.343, 124
Trd, 4318458.693, 138
Trd, 4318459.643, 93
Trd, 4318459.843, 109
Trd, 4318461.043, 113
Trd, 4318462.293, 129
Trd, 4318462.543, 93
Trd, 4318462.693, 120
Trd, 4318463.493, 137
Trd, 4318463.543, 117
Trd, 4318463.993, 116
Trd, 4318465.793, 85
Trd, 4318466.693, 83
Trd, 4318467.293, 98
Trd, 4318468.693, 96
Trd, 4318469.043, 95
Trd, 4318469.443, 94
Trd, 4318470.193, 115
Trd, 4318470.343, 90
Trd, 4318471.293, 126
Trd, 4318471.493, 107
Trd, 4318473.893, 129
Trd, 4318474.293, 84
Trd, 4318474.893, 102
Trd, 4318476.093, 85
Trd, 4318476.193, 91
Trd, 4318476.593, 129
Trd, 4318478.043, 72
Trd, 4318479.893, 119
Trd, 4318480.093, 131
Trd, 4318480.143, 113
Trd, 4318481.693, 108
Trd, 4318484.543, 134
Trd, 4318484.743, 112
Trd, 4318485.043, 133
Trd, 4318485.243, 131
Trd, 4318485.893, 111
Trd, 4318486.293, 132
Trd, 4318487.243, 98
Trd, 4318487.393, 92
Trd, 4318488.843, 110
Trd, 4318489.743, 88
Trd, 4318490.793, 131
Trd, 4318492.193, 121
Trd, 4318492.543, 120
Trd, 4318493.093, 121
Trd, 4318494.093, 130
Trd, 4318495.693, 107
Trd, 4318496.493, 96
Trd, 4318497.643, 117
Trd, 4318497.793, 101
Trd, 4318498.743, 94
Trd, 4318498.843, 95
Trd, 4318499.493, 100
Trd, 4318500.193, 108
Trd, 4318500.293, 90
Trd, 4318501.043, 108
Trd, 4318502.193, 117
Trd, 4318504.043, 119
Trd, 4318504.193, 93
Trd, 4318504.743, 120
Trd, 4318505.193, 82
Trd, 4318505.243, 77
Trd, 4318507.043, 123
Trd, 4318507.943, 104
Trd, 4318508.393, 100
Trd, 4318509.243, 136
Trd, 4318509.643, 112
Trd, 4318511.693, 129
Trd, 4318512.043, 96
Trd, 4318514.343, 126
Trd, 4318515.843, 83
Trd, 4318516.043, 76
Trd, 4318516.293, 138
Trd, 4318517.293, 100
Trd, 4318518.893, 108
Trd, 4318519.493, 99
Trd, 4318520.143, 103
Trd, 4318520.393, 123
Trd, 4318520.643, 80
Trd, 4318520.993, 83
Trd, 4318523.293, 114
Trd, 4318524.243, 105
Trd, 4318524.743, 115
Trd, 4318525.143, 138
Trd, 4318526.743, 113
Trd, 4318527.293, 84
Trd, 4318527.843, 107
Trd, 4318527.993, 106
Trd, 4318528.093, 111
Trd, 4318528.843, 129
Trd, 4318529.943, 108
Trd, 4318530.543, 130
Trd, 4318530.843, 110
Trd, 4318530.993, 90
Trd, 4318531.443, 120
Trd, 4318531.593, 121
Trd, 4318532.393, 92
Trd, 4318532.643, 97
Trd, 4318532.743, 112
Trd, 4318535.243, 95
Trd, 4318535.293, 94
Trd, 4318537.093, 133
Trd, 4318538.293, 111
Trd, 4318540.243, 112
Trd, 4318540.593, 108
Trd, 4318541.843, 105
Trd, 4318543.643, 128
Trd, 4318544.193, 120
Trd, 4318544.243, 114
Trd, 4318544.393, 109
Trd, 4318545.143, 126
Trd, 4318545.443, 94
Trd, 4318546.793, 129
Trd, 4318548.443, 126
Trd, 4318549.143, 140
Trd, 4318549.443, 121
Trd, 4318549.593, 115
Trd, 4318551.843, 134
Trd, 4318554.393, 137
Trd, 4318556.293, 122
Trd, 4318556.693, 108
Trd, 4318556.843, 130
Trd, 4318557.193, 121
Trd, 4318557.593, 79
Trd, 4318558.293, 124
Trd, 4318559.293, 117
Trd, 4318560.743, 73
Trd, 4318561.843, 121
Trd, 4318562.193, 106
Trd, 4318563.043, 138
Trd, 4318564.193, 98
Trd, 4318564.593, 81
Trd, 4318565.143, 140
Trd, 4318566.293, 121
Trd, 4318567.793, 130
Trd, 4318568.393, 125
Trd, 4318569.393, 90
Trd, 4318572.643, 135
Trd, 4318572.793, 131
Trd, 4318573.193, 119
Trd, 4318573.793, 111
Trd, 4318574.243, 135
Trd, 4318574.843, 128
Trd, 4318575.143, 95
Trd, 4318575.693, 89
Trd, 4318576.993, 123
Trd, 4318577.593, 114
Trd, 4318578.643, 113
Trd, 4318579.493, 136
Trd, 4318579.943, 112
Trd, 4318580.943, 129
Trd, 4318581.193, 107
Trd, 4318581.643, 121
Trd, 4318582.993, 132
Trd, 4318583.093, 129
Trd, 4318584.293, 122
Trd, 4318584.793, 111
Trd, 4318585.543, 91
Trd, 4318585.693, 84
Trd, 4318586.943, 123
Trd, 4318587.993, 115
Trd, 4318588.143, 105
Trd, 4318589.043, 102
Trd, 4318589.443, 124
Trd, 4318589.943, 113
Trd, 4318591.143, 99
Trd, 4318592.193, 99
Trd, 4318592.643, 83
Trd, 4318592.993, 93
Trd, 4318593.293, 99
Trd, 4318595.543, 109
Trd, 4318595.843, 117
Trd, 4318596.443, 97
Trd, 4318597.093, 106
Trd, 4318597.643, 94
Trd, 4318600.143, 137
Trd, 4318600.443, 136
Trd, 4318600.693, 126
Trd, 4318600.993, 104
Trd, 4318603.593, 83
Trd, 4318605.243, 129
Trd, 4318605.293, 122
Trd, 4318606.193, 112
Trd, 4318606.593, 127
Trd, 4318607.043, 109
Trd, 4318607.093, 106
Trd, 4318607.843, 93
Trd, 4318609.693, 111
Trd, 4318610.643, 82
Trd, 4318611.743, 116
Trd, 4318613.043, 122
Trd, 4318613.343, 116
Trd, 4318613.993, 94
Trd, 4318614.743, 91
Trd, 4318615.093, 71
Trd, 4318616.393, 134
Trd, 4318616.793, 104
Trd, 4318618.493, 94
Trd, 4318619.443, 115
Trd, 4318619.793, 108
Trd, 4318620.043, 96
Trd, 4318620.693, 97
Trd, 4318621.843, 135
Trd, 4318621.893, 111
Trd, 4318622.493, 93
Trd, 4318623.143, 109
Trd, 4318625.893, 113
Trd, 4318626.343, 99
Trd, 4318626.593, 96
Trd, 4318627.443, 117
Trd, 4318628.043, 135
Trd, 4318628.893, 83
Trd, 4318629.193, 81
Trd, 4318630.343, 112
Trd, 4318631.043, 75
Trd, 4318631.343, 96
Trd, 4318631.893, 134
Trd, 4318631.943, 125
Trd, 4318632.343, 113
Trd, 4318632.843, 95
Trd, 4318634.143, 127
Trd, 4318635.293, 119
Trd, 4318635.443, 99
Trd, 4318637.543, 90
Trd, 4318638.443, 100
Trd, 4318638.743, 99
Trd, 4318640.793, 121
Trd, 4318641.343, 118
Trd, 4318641.943, 135
Trd, 4318642.093, 86
Trd, 4318642.343, 122
Trd, 4318642.493, 81
Trd, 4318642.793, 111
Trd, 4318643.743, 131
Trd, 4318645.893, 124
Trd, 4318646.243, 122
Trd, 4318647.093, 120
Trd, 4318647.193, 119
Trd, 4318647.243, 99
Trd, 4318647.343, 98
Trd, 4318649.293, 81
Trd, 4318651.993, 133
Trd, 4318652.593, 134
Trd, 4318653.393, 133
Trd, 4318653.543, 127
Trd, 4318654.193, 108
Trd, 4318654.393, 110
Trd, 4318654.793, 98
Trd, 4318654.893, 92
Trd, 4318655.243, 76
Trd, 4318656.793, 73
Trd, 4318657.793, 78
Trd, 4318658.493, 131
Trd, 4318658.943, 66
Trd, 4318659.793, 62
Trd, 4318660.693, 71
Trd, 4318660.943, 83
Trd, 4318663.193, 132
Trd, 4318663.393, 109
Trd, 4318663.743, 104
Trd, 4318664.343, 98
Trd, 4318665.043, 94
Trd, 4318665.743, 120
Trd, 4318666.293, 109
Trd, 4318668.343, 126
Trd, 4318668.493, 105
Trd, 4318669.043, 105
Trd, 4318670.393, 103
Trd, 4318670.543, 88
Trd, 4318672.443, 110
Trd, 4318672.743, 123
Trd, 4318674.443, 138
Trd, 4318674.943, 88
Trd, 4318676.043, 87
Trd, 4318677.143, 102
Trd, 4318677.493, 116
Trd, 4318677.793, 128
Trd, 4318678.093, 105
Trd, 4318679.143, 140
Trd, 4318679.593, 139
Trd, 4318681.093, 135
Trd, 4318681.393, 118
Trd, 4318682.193, 115
Trd, 4318682.943, 120
Trd, 4318682.993, 82
Trd, 4318683.843, 99
Trd, 4318684.743, 70
Trd, 4318686.543, 111
Trd, 4318686.993, 98
Trd, 4318687.593, 63
Trd, 4318687.793, 77
Trd, 4318689.093, 93
Trd, 4318690.293, 134
Trd, 4318690.443, 119
Trd, 4318690.493, 112
Trd, 4318691.943, 136
Trd, 4318692.193, 85
Trd, 4318693.243, 72
Trd, 4318694.143, 106
Trd, 4318694.293, 113
Trd, 4318694.993, 90
Trd, 4318695.393, 91
Trd, 4318695.443, 86
Trd, 4318696.343, 84
Trd, 4318696.993, 96
Trd, 4318697.343, 97
Trd, 4318697.893, 120
Trd, 4318699.293, 124
Trd, 4318700.943, 114
Trd, 4318701.343, 102
Trd, 4318702.943, 133
Trd, 4318703.993, 123
Trd, 4318704.143, 115
Trd, 4318704.293, 91
Trd, 4318704.393, 76
Trd, 4318707.093, 123
Trd, 4318708.293, 129
Trd, 4318709.593, 130
Trd, 4318709.643, 127
Trd, 4318711.243, 123
Trd, 4318711.393, 132
Trd, 4318712.493, 129
Trd, 4318712.693, 108
Trd, 4318712.793, 128
Trd, 4318713.993, 83
Trd, 4318714.243, 101
Trd, 4318714.593, 105
Trd, 4318715.593, 96
Trd, 4318717.343, 114
Trd, 4318717.543, 137
Trd, 4318718.693, 136
Trd, 4318719.543, 125
Trd, 4318719.693, 122
Trd, 4318719.743, 103
Trd, 4318720.793, 133
Trd, 4318720.943, 120
Trd, 4318721.493, 133
Trd, 4318723.143, 84
Trd, 4318723.593, 92
Trd, 4318724.493, 117
Trd, 4318725.593, 101
Trd, 4318726.043, 125
Trd, 4318727.543, 104
Trd, 4318727.943, 73
Trd, 4318728.193, 105
Trd, 4318728.293, 131
Trd, 4318729.643, 98
Trd, 4318729.693, 104
Trd, 4318731.093, 99
Trd, 4318731.593, 102
Trd, 4318731.793, 84
Trd, 4318733.243, 72
Trd, 4318735.293, 133
Trd, 4318736.543, 113
Trd, 4318736.693, 89
Trd, 4318736.843, 60
Trd, 4318737.393, 130
Trd, 4318737.843, 138
Trd, 4318739.693, 91
Trd, 4318740.293, 100
Trd, 4318740.393, 83
Trd, 4318740.643, 100
Trd, 4318741.443, 115
Trd, 4318743.793, 133
Trd, 4318744.293, 123
Trd, 4318744.793, 90
Trd, 4318744.943, 124
Trd, 4318745.293, 108
Trd, 4318745.843, 91
Trd, 4318746.493, 74
Trd, 4318747.493, 100
Trd, 4318748.893, 140
Trd, 4318749.043, 116
Trd, 4318751.093, 125
Trd, 4318751.143, 122
Trd, 4318751.593, 119
Trd, 4318753.043, 112
Trd, 4318753.443, 118
Trd, 4318753.743, 96
Trd, 4318756.193, 115
Trd, 4318756.593, 101
Trd, 4318758.043, 128
Trd, 4318758.543, 122
Trd, 4318758.893, 116
Trd, 4318759.243, 119
Trd, 4318760.193, 127
Trd, 4318761.293, 129
Trd, 4318761.693, 112
Trd, 4318761.943, 83
Trd, 4318762.393, 130
Trd, 4318763.943, 88
Trd, 4318766.243, 119
Trd, 4318766.293, 83
Trd, 4318767.193, 79
Trd, 4318768.743, 70
Trd, 4318769.093, 128
Trd, 4318770.043, 103
Trd, 4318770.993, 136
Trd, 4318771.093, 126
Trd, 4318771.643, 103
Trd, 4318772.393, 130
Trd, 4318773.193, 101
Trd, 4318773.293, 68
Trd, 4318775.193, 114
Trd, 4318775.993, 105
Trd, 4318776.693, 102
Trd, 4318776.893, 101
Trd, 4318777.743, 121
Trd, 4318778.143, 119
Trd, 4318779.493, 115
Trd, 4318781.293, 102
Trd, 4318782.493, 133
Trd, 4318783.193, 121
Trd, 4318783.843, 132
Trd, 4318785.993, 125
Trd, 4318786.243, 131
Trd, 4318787.293, 121
Trd, 4318787.993, 137
Trd, 4318788.193, 116
Trd, 4318788.293, 104
Trd, 4318788.993, 120
Trd, 4318790.093, 122
Trd, 4318790.193, 103
Trd, 4318790.793, 78
Trd, 4318792.443, 137
Trd, 4318792.543, 134
Trd, 4318793.093, 129
Trd, 4318794.043, 111
Trd, 4318794.093, 96
Trd, 4318794.993, 133
Trd, 4318796.143, 99
Trd, 4318796.693, 89
Trd, 4318796.943, 111
Trd, 4318797.743, 64
Trd, 4318799.093, 67
Trd, 4318800.243, 120
Trd, 4318801.443, 106
Trd, 4318803.043, 119
Trd, 4318803.243, 86
Trd, 4318803.693, 87
Trd, 4318804.443, 130
Trd, 4318804.893, 135
Trd, 4318806.443, 136
Trd, 4318806.543, 128
Trd, 4318807.043, 137
Trd, 4318807.893, 119
Trd, 4318807.993, 110
Trd, 4318808.643, 102
Trd, 4318810.293, 136
Trd, 4318811.643, 100
Trd, 4318812.293, 116
Trd, 4318812.793, 91
Trd, 4318813.243, 119
Trd, 4318815.593, 84
Trd, 4318816.193, 100
Trd, 4318819.643, 140
Trd, 4318820.443, 123
Trd, 4318820.743, 111
Trd, 4318821.393, 121
Trd, 4318822.443, 116
Trd, 4318823.243, 111
Trd, 4318823.543, 121
Trd, 4318823.693, 87
Trd, 4318826.143, 135
Trd, 4318827.393, 128
Trd, 4318827.443, 118
Trd, 4318827.593, 112
Trd, 4318828.043, 115
Trd, 4318828.843, 108
Trd, 4318829.243, 99
Trd, 4318829.593, 88
Trd, 4318829.943, 119
Trd, 4318830.793, 85
Trd, 4318832.093, 128
Trd, 4318832.893, 129
Trd, 4318833.343, 134
Trd, 4318834.893, 116
Trd, 4318835.243, 107
Trd, 4318836.343, 136
Trd, 4318836.993, 102
Trd, 4318837.293, 86
Trd, 4318838.193, 137
Trd, 4318838.843, 95
Trd, 4318839.743, 95
Trd, 4318840.143, 74
Trd, 4318841.143, 139
Trd, 4318842.493, 124
Trd, 4318843.193, 127
Trd, 4318843.943, 123
Trd, 4318844.893, 85
Trd, 4318845.593, 133
Trd, 4318845.843, 82
Trd, 4318846.743, 93
Trd, 4318847.543, 92
Trd, 4318848.293, 83
Trd, 4318849.043, 83
Trd, 4318849.293, 67
Trd, 4318849.543, 90
Trd, 4318849.793, 97
Trd, 4318850.943, 80
Trd, 4318851.893, 70
Trd, 4318852.343, 99
Trd, 4318852.943, 85
Trd, 4318853.293, 108
Trd, 4318855.893, 99
Trd, 4318856.393, 137
Trd, 4318857.243, 140
Trd, 4318857.693, 99
Trd, 4318858.193, 118
Trd, 4318858.943, 104
Trd, 4318859.293, 95
Trd, 4318860.293, 121
Trd, 4318861.593, 138
Trd, 4318862.293, 105
Trd, 4318862.693, 113
Trd, 4318863.343, 102
Trd, 4318863.543, 98
Trd, 4318863.643, 95
Trd, 4318864.593, 113
Trd, 4318866.493, 112
Trd, 4318867.293, 92
Trd, 4318867.743, 71
Trd, 4318867.793, 114
Trd, 4318868.843, 136
Trd, 4318869.543, 126
Trd, 4318870.343, 137
Trd, 4318870.793, 121
Trd, 4318871.643, 132
Trd, 4318872.243, 109
Trd, 4318874.693, 112
Trd, 4318875.193, 100
Trd, 4318876.743, 125
Trd, 4318876.793, 110
Trd, 4318877.193, 99
Trd, 4318877.593, 114
Trd, 4318877.643, 97
Trd, 4318878.993, 107
Trd, 4318879.093, 131
Trd, 4318879.193, 89
Trd, 4318879.393, 75
Trd, 4318881.793, 92
Trd, 4318882.143, 89
Trd, 4318882.793, 90
Trd, 4318883.043, 110
Trd, 4318883.143, 87
Trd, 4318883.893, 118
Trd, 4318884.643, 107
Trd, 4318885.393, 87
Trd, 4318888.743, 135
Trd, 4318889.493, 93
Trd, 4318889.893, 119
Trd, 4318890.043, 92
Trd, 4318891.193, 103
Trd, 4318891.593, 136
Trd, 4318891.643, 111
Trd, 4318892.043, 89
Trd, 4318892.843, 123
Trd, 4318894.593, 95
Trd, 4318895.143, 72
Trd, 4318895.593, 89
Trd, 4318895.993, 100
Trd, 4318896.293, 107
Trd, 4318897.493, 109
Trd, 4318898.093, 110
Trd, 4318898.343, 116
Trd, 4318899.043, 77
Trd, 4318899.693, 113
Trd, 4318900.493, 77
Trd, 4318901.493, 110
Trd, 4318902.643, 126
Trd, 4318903.343, 117
Trd, 4318903.743, 117
Trd, 4318903.793, 106
Trd, 4318903.843, 96
Trd, 4318904.443, 131
Trd, 4318905.643, 110
Trd, 4318906.543, 109
Trd, 4318906.743, 91
Trd, 4318907.193, 90
Trd, 4318910.043, 114
Trd, 4318910.493, 106
Trd, 4318910.743, 134
Trd, 4318911.343, 123
Trd, 4318911.843, 131
Trd, 4318912.193, 90
Trd, 4318914.043, 96
Trd, 4318914.743, 109
Trd, 4318915.143, 119
Trd, 4318916.543, 118
Trd, 4318917.293, 107
Trd, 4318918.293, 86
Trd, 4318919.443, 140
Trd, 4318919.993, 136
Trd, 4318921.293, 116
Trd, 4318922.193, 139
Trd, 4318922.893, 118
Trd, 4318922.943, 102
Trd, 4318923.293, 64
Trd, 4318923.843, 106
Trd, 4318924.243, 134
Trd, 4318926.143, 86
Trd, 4318928.043, 103
Trd, 4318929.043, 113
Trd, 4318929.393, 100
Trd, 4318930.043, 125
Trd, 4318930.943, 100
Trd, 4318931.693, 115
Trd, 4318932.293, 116
Trd, 4318932.643, 104
Trd, 4318933.593, 123
Trd, 4318933.993, 119
Trd, 4318934.143, 79
Trd, 4318934.843, 116
Trd, 4318936.093, 74
Trd, 4318936.593, 118
Trd, 4318937.193, 134
Trd, 4318938.643, 111
Trd, 4318939.093, 124
Trd, 4318939.693, 75
Trd, 4318940.243, 100
Trd, 4318940.743, 136
Trd, 4318941.193, 120
Trd, 4318941.293, 99
Trd, 4318941.793, 114
Trd, 4318942.043, 123
Trd, 4318942.543, 111
Trd, 4318943.043, 127
Trd, 4318943.593, 66
Trd, 4318944.393, 127
Trd, 4318945.893, 136
Trd, 4318946.193, 109
Trd, 4318946.743, 74
Trd, 4318947.793, 127
Trd, 4318948.093, 110
Trd, 4318949.693, 107
Trd, 4318950.043, 122
Trd, 4318951.543, 112
Trd, 4318951.993, 92
Trd, 4318952.343, 90
Trd, 4318955.443, 138
Trd, 4318955.593, 123
Trd, 4318956.193, 129
Trd, 4318956.793, 116
Trd, 4318957.993, 103
Trd, 4318959.143, 134
Trd, 4318960.093, 124
Trd, 4318961.843, 76
Trd, 4318962.043, 75
Trd, 4318962.843, 110
Trd, 4318963.543, 103
Trd, 4318963.643, 98
Trd, 4318963.743, 92
Trd, 4318964.593, 120
Trd, 4318965.643, 137
Trd, 4318965.693, 112
Trd, 4318966.393, 97
Trd, 4318967.193, 80
Trd, 4318968.043, 92
Trd, 4318968.093, 131
Trd, 4318969.143, 72
Trd, 4318970.743, 106
Trd, 4318971.743, 131
Trd, 4318972.143, 131
Trd, 4318972.193, 111
Trd, 4318973.393, 88
Trd, 4318975.343, 109
Trd, 4318975.943, 116
Trd, 4318976.393, 123
Trd, 4318978.693, 111
Trd, 4318979.293, 119
Trd, 4318979.393, 92
Trd, 4318980.193, 92
Trd, 4318980.693, 124
Trd, 4318982.743, 116
Trd, 4318982.843, 121
Trd, 4318984.043, 140
Trd, 4318984.593, 100
Trd, 4318986.143, 106
Trd, 4318986.743, 96
Trd, 4318987.693, 133
Trd, 4318987.993, 113
Trd, 4318988.543, 133
Trd, 4318989.043, 114
Trd, 4318990.743, 120
Trd, 4318991.543, 134
Trd, 4318991.943, 109
Trd, 4318993.643, 128
Trd, 4318994.793, 104
Trd, 4318995.393, 102
Trd, 4318995.693, 113
Trd, 4318995.793, 101
Trd, 4318997.243, 130
Trd, 4318998.393, 119
Trd, 4318999.593, 125
Trd, 4319000.643, 130
Trd, 4319001.493, 93
Trd, 4319001.943, 125
Trd, 4319002.643, 71
Trd, 4319004.743, 116
Trd, 4319005.593, 137
Trd, 4319007.643, 120
Trd, 4319009.043, 129
Trd, 4319009.593, 117
Trd, 4319010.893, 116
Trd, 4319010.943, 101
Trd, 4319010.993, 98
Trd, 4319012.893, 118
Trd, 4319014.243, 137
Trd, 4319014.543, 103
Trd, 4319014.693, 97
Trd, 4319016.143, 130
Trd, 4319016.293, 118
Trd, 4319017.093, 114
Trd, 4319017.943, 87
Trd, 4319018.143, 86
Trd, 4319018.943, 83
Trd, 4319019.743, 134
Trd, 4319020.193, 132
Trd, 4319022.293, 122
Trd, 4319023.443, 115
Trd, 4319024.193, 117
Trd, 4319024.893, 131
Trd, 4319024.993, 93
Trd, 4319025.093, 83
Trd, 4319025.693, 118
Trd, 4319027.693, 107
Trd, 4319030.093, 132
Trd, 4319030.643, 130
Trd, 4319031.043, 114
Trd, 4319032.293, 122
Trd, 4319032.893, 95
Trd, 4319033.643, 131
Trd, 4319034.543, 114
Trd, 4319034.993, 74
Trd, 4319035.343, 85
Trd, 4319036.593, 111
Trd, 4319036.743, 110
Trd, 4319037.143, 124
Trd, 4319037.943, 103
Trd, 4319038.543, 114
Trd, 4319038.643, 103
Trd, 4319039.293, 87
Trd, 4319040.093, 136
Trd, 4319040.693, 86
Trd, 4319041.543, 110
Trd, 4319041.993, 98
Trd, 4319043.443, 89
Trd, 4319044.843, 139
Trd, 4319044.943, 118
Trd, 4319045.693, 100
Trd, 4319045.843, 98
Trd, 4319046.993, 108
Trd, 4319047.893, 100
Trd, 4319048.593, 92
Trd, 4319048.693, 126
Trd, 4319049.943, 140
Trd, 4319049.993, 129
Trd, 4319051.193, 125
Trd, 4319051.443, 117
Trd, 4319051.993, 108
Trd, 4319052.493, 101
Trd, 4319052.993, 94
Trd, 4319055.143, 102
Trd, 4319055.543, 99
Trd, 4319056.043, 94
Trd, 4319056.293, 96
Trd, 4319056.343, 79
Trd, 4319057.393, 119
Trd, 4319058.543, 93
Trd, 4319059.143, 88
Trd, 4319059.593, 70
Trd, 4319060.943, 96
Trd, 4319061.343, 106
Trd, 4319061.493, 110
Trd, 4319062.043, 125
Trd, 4319063.793, 132
Trd, 4319063.843, 112
Trd, 4319064.843, 80
Trd, 4319065.193, 76
Trd, 4319065.993, 88
Trd, 4319066.093, 104
Trd, 4319066.343, 123
Trd, 4319067.793, 97
Trd, 4319068.693, 94
Trd, 4319070.593, 97
Trd, 4319070.643, 124
Trd, 4319070.843, 85
Trd, 4319072.343, 101
Trd, 4319073.393, 98
Trd, 4319073.743, 97
Trd, 4319073.993, 99
Trd, 4319077.093, 89
Trd, 4319077.243, 104
Trd, 4319077.593, 113
Trd, 4319077.693, 118
Trd, 4319077.843, 69
Trd, 4319078.493, 66
Trd, 4319078.743, 86
Trd, 4319079.793, 104
Trd, 4319080.393, 95
Trd, 4319081.443, 108
Trd, 4319081.693, 90
Trd, 4319082.293, 127
Trd, 4319083.843, 94
Trd, 4319084.393, 138
Trd, 4319085.343, 140
Trd, 4319086.893, 85
Trd, 4319087.693, 104
Trd, 4319087.943, 99
Trd, 4319088.293, 139
Trd, 4319089.443, 139
Trd, 4319089.693, 130
Trd, 4319090.343, 131
Trd, 4319091.543, 120
Trd, 4319093.193, 104
Trd, 4319093.543, 69
Trd, 4319094.343, 62
Trd, 4319094.793, 63
Trd, 4319095.293, 75
Trd, 4319096.343, 122
Trd, 4319096.743, 101
Trd, 4319098.443, 128
Trd, 4319098.743, 111
Trd, 4319099.793, 129
Trd, 4319100.493, 111
Trd, 4319101.243, 106
Trd, 4319101.793, 93
Trd, 4319103.343, 125
Trd, 4319103.593, 123
Trd, 4319104.893, 127
Trd, 4319105.093, 83
Trd, 4319105.643, 69
Trd, 4319106.493, 132
Trd, 4319106.693, 111
Trd, 4319107.893, 133
Trd, 4319108.193, 98
Trd, 4319111.393, 136
Trd, 4319111.743, 121
Trd, 4319111.793, 112
Trd, 4319112.043, 116
Trd, 4319113.593, 131
Trd, 4319114.743, 123
Trd, 4319115.293, 136
Trd, 4319115.393, 113
Trd, 4319117.143, 137
Trd, 4319117.243, 129
Trd, 4319118.443, 127
Trd, 4319119.043, 124
Trd, 4319119.393, 124
Trd, 4319121.243, 137
Trd, 4319121.343, 115
Trd, 4319121.943, 112
Trd, 4319123.443, 131
Trd, 4319123.693, 106
Trd, 4319124.243, 131
Trd, 4319125.293, 140
Trd, 4319125.943, 126
Trd, 4319126.343, 127
Trd, 4319126.643, 116
Trd, 4319127.593, 119
Trd, 4319128.993, 120
Trd, 4319129.193, 113
Trd, 4319130.443, 111
Trd, 4319132.043, 127
Trd, 4319132.993, 137
Trd, 4319133.343, 110
Trd, 4319133.393, 96
Trd, 4319134.193, 102
Trd, 4319136.693, 114
Trd, 4319137.243, 110
Trd, 4319137.993, 105
Trd, 4319139.943, 115
Trd, 4319140.793, 116
Trd, 4319141.343, 129
Trd, 4319141.743, 102
Trd, 4319143.593, 110
Trd, 4319143.693, 103
Trd, 4319145.393, 111
Trd, 4319145.593, 119
Trd, 4319146.643, 83
Trd, 4319147.043, 92
Trd, 4319148.093, 106
Trd, 4319149.393, 137
Trd, 4319149.593, 106
Trd, 4319151.343, 117
Trd, 4319151.643, 104
Trd, 4319151.743, 109
Trd, 4319151.943, 139
Trd, 4319152.593, 117
Trd, 4319154.793, 138
Trd, 4319156.443, 125
Trd, 4319157.543, 131
Trd, 4319159.043, 109
Trd, 4319159.243, 105
Trd, 4319160.743, 119
Trd, 4319160.893, 104
Trd, 4319161.143, 133
Trd, 4319161.443, 87
Trd, 4319161.943, 112
Trd, 4319162.493, 127
Trd, 4319163.193, 79
Trd, 4319163.993, 82
Trd, 4319164.093, 80
Trd, 4319164.893, 72
Trd, 4319165.443, 98
Trd, 4319167.393, 126
Trd, 4319168.593, 100
Trd, 4319169.093, 105
Trd, 4319171.543, 120
Trd, 4319171.793, 84
Trd, 4319172.593, 79
Trd, 4319173.543, 125
Trd, 4319173.843, 109
Trd, 4319174.643, 98
Trd, 4319175.243, 131
Trd, 4319175.893, 74
Trd, 4319177.393, 111
Trd, 4319177.493, 97
Trd, 4319178.393, 67
Trd, 4319178.543, 94
Trd, 4319179.093, 81
Trd, 4319180.043, 112
Trd, 4319181.193, 77
Trd, 4319182.093, 134
Trd, 4319182.393, 117
Trd, 4319184.193, 136
Trd, 4319184.743, 102
Trd, 4319185.043, 127
Trd, 4319185.343, 104
Trd, 4319186.393, 122
Trd, 4319187.943, 138
Trd, 4319187.993, 130
Trd, 4319189.443, 122
Trd, 4319189.743, 110
Trd, 4319190.743, 134
Trd, 4319191.443, 134
Trd, 4319192.243, 127
Trd, 4319193.293, 126
Trd, 4319194.093, 127
Trd, 4319194.243, 121
Trd, 4319195.143, 126
Trd, 4319195.843, 114
Trd, 4319195.943, 110
Trd, 4319196.193, 88
Trd, 4319198.543, 111
Trd, 4319199.593, 105
Trd, 4319199.893, 97
Trd, 4319200.543, 130
Trd, 4319200.693, 138
Trd, 4319200.893, 125
Trd, 4319201.343, 117
Trd, 4319201.993, 122
Trd, 4319203.093, 122
Trd, 4319203.343, 111
Trd, 4319203.943, 95
Trd, 4319204.493, 90
Trd, 4319205.743, 133
Trd, 4319206.693, 80
Trd, 4319207.043, 114
Trd, 4319208.293, 126
Trd, 4319208.393, 110
Trd, 4319209.143, 122
Trd, 4319209.893, 140
Trd, 4319211.143, 130
Trd, 4319211.593, 105
Trd, 4319212.643, 99
Trd, 4319212.743, 101
Trd, 4319213.093, 111
Trd, 4319213.793, 99
Trd, 4319215.593, 92
Trd, 4319216.293, 74
Trd, 4319216.893, 85
Trd, 4319217.443, 69
Trd, 4319217.793, 128
Trd, 4319217.993, 84
Trd, 4319218.743, 87
Trd, 4319219.993, 66
Trd, 4319220.343, 64
Trd, 4319220.593, 67
Trd, 4319222.043, 104
Trd, 4319222.643, 84
Trd, 4319224.043, 131
Trd, 4319224.143, 93
Trd, 4319225.443, 74
Trd, 4319226.093, 69
Trd, 4319226.793, 71
Trd, 4319228.343, 80
Trd, 4319228.943, 132
Trd, 4319229.093, 119
Trd, 4319229.793, 120
Trd, 4319232.493, 130
Trd, 4319234.093, 127
Trd, 4319234.443, 130
Trd, 4319235.143, 138
Trd, 4319235.193, 111
Trd, 4319235.543, 100
Trd, 4319235.793, 90
Trd, 4319237.343, 91
Trd, 4319237.393, 101
Trd, 4319238.493, 64
Trd, 4319238.843, 65
Trd, 4319239.393, 75
Trd, 4319240.443, 124
Trd, 4319241.743, 140
Trd, 4319241.843, 127
Trd, 4319242.593, 132
Trd, 4319242.693, 126
Trd, 4319244.593, 123
Trd, 4319244.643, 113
Trd, 4319245.193, 92
Trd, 4319245.443, 93
Trd, 4319246.393, 70
Trd, 4319247.843, 78
Trd, 4319248.343, 98
Trd, 4319248.443, 97
Trd, 4319249.293, 109
Trd, 4319250.193, 74
Trd, 4319250.243, 71
Trd, 4319251.543, 117
Trd, 4319252.143, 108
Trd, 4319252.743, 128
Trd, 4319253.143, 99
Trd, 4319255.093, 63
Trd, 4319255.843, 119
Trd, 4319257.193, 103
Trd, 4319257.543, 94
Trd, 4319259.193, 120
Trd, 4319259.293, 110
Trd, 4319259.943, 137
Trd, 4319261.093, 128
Trd, 4319262.693, 121
Trd, 4319263.693, 125
Trd, 4319263.943, 123
Trd, 4319264.543, 131
Trd, 4319265.193, 131
Trd, 4319265.343, 125
Trd, 4319267.243, 128
Trd, 4319267.493, 129
Trd, 4319267.893, 111
Trd, 4319269.593, 105
Trd, 4319270.193, 98
Trd, 4319270.893, 108
Trd, 4319271.243, 72
Trd, 4319272.643, 78
Trd, 4319273.693, 88
Trd, 4319274.943, 138
Trd, 4319275.243, 83
Trd, 4319275.493, 66
Trd, 4319277.643, 113
Trd, 4319277.943, 97
Trd, 4319278.093, 88
Trd, 4319278.943, 128
Trd, 4319279.743, 118
Trd, 4319280.043, 89
Trd, 4319281.243, 140
Trd, 4319281.993, 137
Trd, 4319283.643, 137
Trd, 4319285.043, 130
Trd, 4319285.843, 139
Trd, 4319286.293, 128
Trd, 4319286.343, 126
Trd, 4319288.693, 139
Trd, 4319288.743, 113
Trd, 4319289.593, 107
Trd, 4319291.093, 107
Trd, 4319291.593, 117
Trd, 4319293.643, 105
Trd, 4319294.843, 126
Trd, 4319294.993, 122
Trd, 4319296.693, 118
Trd, 4319296.893, 107
Trd, 4319297.043, 78
Trd, 4319297.443, 130
Trd, 4319298.243, 95
Trd, 4319298.643, 107
Trd, 4319300.693, 104
Trd, 4319301.243, 100
Trd, 4319301.893, 117
Trd, 4319302.043, 90
Trd, 4319302.343, 95
Trd, 4319302.443, 89
Trd, 4319303.193, 98
Trd, 4319304.443, 70
Trd, 4319305.543, 85
Trd, 4319305.593, 78
Trd, 4319306.093, 102
Trd, 4319306.343, 140
Trd, 4319307.843, 132
Trd, 4319308.893, 122
Trd, 4319309.743, 77
Trd, 4319310.243, 76
Trd, 4319312.593, 101
Trd, 4319313.293, 124
Trd, 4319314.643, 102
Trd, 4319315.343, 99
Trd, 4319315.593, 123
Trd, 4319317.443, 122
Trd, 4319318.193, 96
Trd, 4319319.043, 140
Trd, 4319319.243, 75
Trd, 4319320.043, 89
Trd, 4319320.693, 140
Trd, 4319321.843, 102
Trd, 4319323.393, 72
Trd, 4319324.293, 133
Trd, 4319325.243, 100
Trd, 4319326.043, 133
Trd, 4319327.143, 115
Trd, 4319327.343, 102
Trd, 4319328.443, 110
Trd, 4319328.693, 90
Trd, 4319329.143, 116
Trd, 4319329.393, 72
Trd, 4319329.793, 85
Trd, 4319332.593, 112
Trd, 4319332.893, 132
Trd, 4319334.043, 106
Trd, 4319334.143, 99
Trd, 4319334.893, 135
Trd, 4319336.343, 103
Trd, 4319336.393, 97
Trd, 4319338.643, 117
Trd, 4319339.743, 116
Trd, 4319340.893, 136
Trd, 4319340.943, 107
Trd, 4319341.093, 84
Trd, 4319342.393, 128
Trd, 4319342.843, 128
Trd, 4319343.943, 126
Trd, 4319344.793, 111
Trd, 4319344.993, 110
Trd, 4319345.643, 137
Trd, 4319347.243, 79
Trd, 4319347.743, 85
Trd, 4319348.493, 114
Trd, 4319348.843, 111
Trd, 4319349.143, 97
Trd, 4319349.793, 125
Trd, 4319350.643, 124
Trd, 4319352.143, 119
Trd, 4319353.293, 96
Trd, 4319354.293, 119
Trd, 4319354.393, 122
Trd, 4319355.643, 121
Trd, 4319356.643, 113
Trd, 4319357.093, 93
Trd, 4319357.693, 131
Trd, 4319358.093, 121
Trd, 4319358.643, 136
Trd, 4319358.993, 112
Trd, 4319359.043, 103
Trd, 4319359.893, 129
Trd, 4319361.993, 96
Trd, 4319362.593, 112
Trd, 4319362.843, 116
Trd, 4319363.293, 84
Trd, 4319363.543, 98
Trd, 4319363.843, 81
Trd, 4319364.343, 69
Trd, 4319365.343, 70
Trd, 4319367.293, 115
Trd, 4319367.593, 115
Trd, 4319368.793, 123
Trd, 4319369.043, 117
Trd, 4319369.143, 120
Trd, 4319370.393, 111
Trd, 4319370.643, 108
Trd, 4319370.743, 92
Trd, 4319372.593, 95
Trd, 4319372.693, 92
Trd, 4319373.293, 93
Trd, 4319373.393, 74
Trd, 4319374.443, 110
Trd, 4319375.443, 119
Trd, 4319376.393, 103
Trd, 4319376.793, 75
Trd, 4319377.843, 126
Trd, 4319378.793, 124
Trd, 4319379.143, 132
Trd, 4319380.143, 98
Trd, 4319380.343, 107
Trd, 4319381.093, 82
Trd, 4319383.293, 94
Trd, 4319383.493, 117
Trd, 4319383.993, 72
Trd, 4319384.143, 71
Trd, 4319385.493, 100
Trd, 4319386.043, 105
Trd, 4319386.593, 130
Trd, 4319387.393, 127
Trd, 4319387.993, 96
Trd, 4319388.643, 122
Trd, 4319391.243, 112
Trd, 4319391.643, 128
Trd, 4319391.793, 107
Trd, 4319392.243, 82
Trd, 4319393.143, 134
Trd, 4319394.593, 115
Trd, 4319394.643, 97
Trd, 4319397.243, 116
Trd, 4319397.693, 131
Trd, 4319398.143, 113
Trd, 4319398.543, 95
Trd, 4319399.043, 103
Trd, 4319399.793, 107
Trd, 4319400.043, 75
Trd, 4319401.993, 135
Trd, 4319402.243, 99
Trd, 4319402.493, 72
Trd, 4319403.943, 87
Trd, 4319404.443, 114
Trd, 4319405.143, 85
Trd, 4319406.593, 127
Trd, 4319407.543, 101
Trd, 4319407.693, 107
Trd, 4319408.093, 138
Trd, 4319409.093, 119
Trd, 4319409.543, 118
Trd, 4319410.893, 116
Trd, 4319411.543, 110
Trd, 4319412.943, 130
Trd, 4319413.243, 106
Trd, 4319413.843, 113
Trd, 4319414.143, 137
Trd, 4319415.093, 97
Trd, 4319415.893, 62
Trd, 4319416.343, 77
Trd, 4319416.493, 90
Trd, 4319418.093, 123
Trd, 4319419.043, 97
Trd, 4319419.393, 103
Trd, 4319419.993, 102
Trd, 4319420.693, 127
Trd, 4319421.393, 129
Trd, 4319422.043, 81
Trd, 4319422.593, 87
Trd, 4319424.143, 90
Trd, 4319424.843, 78
Trd, 4319425.693, 103
Trd, 4319426.243, 104
Trd, 4319426.543, 125
Trd, 4319427.593, 116
Trd, 4319427.693, 103
Trd, 4319428.143, 134
Trd, 4319428.793, 134
Trd, 4319429.343, 82
Trd, 4319431.093, 102
Trd, 4319432.543, 113
Trd, 4319433.693, 97
Trd, 4319433.893, 116
Trd, 4319434.343, 128
Trd, 4319434.943, 79
Trd, 4319435.043, 96
Trd, 4319435.143, 108
Trd, 4319435.843, 86
Trd, 4319436.343, 117
Trd, 4319439.243, 96
Trd, 4319439.443, 114
Trd, 4319439.893, 108
Trd, 4319440.343, 105
Trd, 4319440.393, 84
Trd, 4319440.543, 76
Trd, 4319441.943, 117
Trd, 4319442.493, 129
Trd, 4319443.493, 69
Trd, 4319443.643, 85
Trd, 4319445.193, 101
Trd, 4319446.043, 134
Trd, 4319446.393, 82
Trd, 4319446.943, 62
Trd, 4319447.693, 113
Trd, 4319448.643, 105
Trd, 4319449.143, 107
Trd, 4319449.493, 124
Trd, 4319450.793, 131
Trd, 4319451.743, 117
Trd, 4319452.593, 108
Trd, 4319452.743, 100
Trd, 4319452.893, 100
Trd, 4319453.293, 95
Trd, 4319454.393, 120
Trd, 4319454.543, 122
Trd, 4319456.793, 131
Trd, 4319457.743, 111
Trd, 4319457.993, 103
Trd, 4319459.193, 106
Trd, 4319459.643, 103
Trd, 4319459.743, 92
Trd, 4319460.043, 92
Trd, 4319460.493, 90
Trd, 4319461.993, 89
Trd, 4319462.393, 128
Trd, 4319462.743, 112
Trd, 4319463.643, 137
Trd, 4319465.493, 125
Trd, 4319466.143, 103
Trd, 4319467.743, 97
Trd, 4319467.793, 94
Trd, 4319468.343, 76
Trd, 4319468.793, 131
Trd, 4319469.093, 104
Trd, 4319470.143, 129
Trd, 4319471.243, 131
Trd, 4319471.293, 112
Trd, 4319471.543, 130
Trd, 4319472.743, 125
Trd, 4319473.143, 118
Trd, 4319473.643, 70
Trd, 4319475.093, 111
Trd, 4319475.493, 122
Trd, 4319476.443, 89
Trd, 4319476.743, 93
Trd, 4319476.943, 94
Trd, 4319477.643, 128
Trd, 4319478.243, 104
Trd, 4319478.943, 118
Trd, 4319479.743, 122
Trd, 4319481.443, 131
Trd, 4319482.543, 129
Trd, 4319484.143, 129
Trd, 4319486.343, 124
Trd, 4319487.193, 129
Trd, 4319487.943, 124
Trd, 4319488.343, 122
Trd, 4319488.793, 103
Trd, 4319489.243, 92
Trd, 4319489.293, 82
Trd, 4319489.693, 100
Trd, 4319489.793, 114
Trd, 4319490.393, 100
Trd, 4319491.043, 78
Trd, 4319493.243, 121
Trd, 4319494.243, 76
Trd, 4319495.243, 98
Trd, 4319496.393, 99
Trd, 4319496.793, 95
Trd, 4319497.643, 132
Trd, 4319498.143, 92
Trd, 4319500.693, 133
Trd, 4319501.193, 128
Trd, 4319501.993, 100
Trd, 4319502.093, 105
Trd, 4319502.643, 129
Trd, 4319504.143, 121
Trd, 4319505.443, 105
Trd, 4319506.393, 134
Trd, 4319506.793, 113
Trd, 4319506.843, 98
Trd, 4319509.093, 108
Trd, 4319509.743, 117
Trd, 4319510.443, 113
Trd, 4319510.493, 106
Trd, 4319511.643, 93
Trd, 4319512.243, 95
Trd, 4319512.593, 89
Trd, 4319513.093, 112
Trd, 4319513.143, 111
Trd, 4319515.043, 138
Trd, 4319515.593, 108
Trd, 4319516.343, 97
Trd, 4319518.743, 102
Trd, 4319519.393, 98
Trd, 4319519.893, 78
Trd, 4319520.293, 119
Trd, 4319520.943, 137
Trd, 4319522.143, 133
Trd, 4319522.343, 88
Trd, 4319522.943, 113
Trd, 4319523.993, 124
Trd, 4319524.493, 75
Trd, 4319525.143, 106
Trd, 4319526.393, 122
Trd, 4319526.643, 118
Trd, 4319528.093, 95
Trd, 4319529.743, 86
Trd, 4319529.793, 78
Trd, 4319530.643, 118
Trd, 4319531.343, 133
Trd, 4319531.593, 98
Trd, 4319532.793, 114
Trd, 4319533.243, 132
Trd, 4319533.743, 125
Trd, 4319533.793, 98
Trd, 4319534.493, 116
Trd, 4319535.043, 86
Trd, 4319535.593, 72
Trd, 4319536.743, 132
Trd, 4319537.693, 133
Trd, 4319537.743, 133
Trd, 4319538.943, 116
Trd, 4319539.793, 128
Trd, 4319540.093, 105
Trd, 4319540.893, 84
Trd, 4319541.443, 103
Trd, 4319543.143, 91
Trd, 4319544.643, 113
Trd, 4319545.643, 105
Trd, 4319545.743, 125
Trd, 4319546.193, 100
Trd, 4319546.743, 94
Trd, 4319547.843, 95
Trd, 4319549.043, 84
Trd, 4319549.843, 127
Trd, 4319550.593, 105
Trd, 4319550.843, 133
Trd, 4319551.093, 121
Trd, 4319551.343, 110
Trd, 4319552.343, 89
Trd, 4319553.593, 113
Trd, 4319554.143, 75
Trd, 4319554.793, 116
Trd, 4319555.943, 109
Trd, 4319556.243, 113
Trd, 4319557.893, 133
Trd, 4319558.393, 114
Trd, 4319560.493, 113
Trd, 4319561.293, 130
Trd, 4319561.443, 124
Trd, 4319561.693, 105
Trd, 4319562.343, 85
Trd, 4319562.993, 88
Trd, 4319565.443, 132
Trd, 4319567.043, 123
Trd, 4319567.343, 116
Trd, 4319567.693, 140
Trd, 4319567.743, 101
Trd, 4319569.893, 135
Trd, 4319570.143, 126
Trd, 4319570.543, 136
Trd, 4319571.293, 109
Trd, 4319572.043, 127
Trd, 4319572.543, 130
Trd, 4319573.643, 114
Trd, 4319573.893, 102
Trd, 4319575.143, 109
Trd, 4319576.293, 120
Trd, 4319577.443, 98
Trd, 4319579.093, 116
Trd, 4319579.793, 108
Trd, 4319580.343, 124
Trd, 4319580.593, 105
Trd, 4319581.593, 121
Trd, 4319582.493, 132
Trd, 4319582.843, 114
Trd, 4319583.443, 112
Trd, 4319584.943, 93
Trd, 4319585.243, 86
Trd, 4319586.343, 92
Trd, 4319586.543, 93
Trd, 4319587.593, 89
Trd, 4319588.293, 67
Trd, 4319589.493, 95
Trd, 4319590.243, 119
Trd, 4319590.543, 85
Trd, 4319591.743, 121
Trd, 4319592.243, 115
Trd, 4319592.393, 97
Trd, 4319593.743, 135
Trd, 4319594.443, 106
Trd, 4319594.743, 122
Trd, 4319595.293, 96
Trd, 4319595.943, 94
Trd, 4319597.593, 138
Trd, 4319599.843, 127
Trd, 4319600.643, 120
Trd, 4319600.843, 131
Trd, 4319601.093, 112
Trd, 4319601.543, 92
Trd, 4319603.193, 119
Trd, 4319603.393, 140
Trd, 4319604.193, 115
Trd, 4319604.643, 106
Trd, 4319605.193, 113
Trd, 4319605.493, 119
Trd, 4319605.643, 132
Trd, 4319608.043, 118
Trd, 4319609.143, 140
Trd, 4319610.743, 121
Trd, 4319610.843, 117
Trd, 4319610.893, 116
Trd, 4319611.093, 120
Trd, 4319613.393, 123
Trd, 4319613.543, 103
Trd, 4319614.593, 110
Trd, 4319614.643, 104
Trd, 4319616.593, 136
Trd, 4319616.693, 113
Trd, 4319617.143, 90
Trd, 4319618.343, 132
Trd, 4319619.493, 114
Trd, 4319621.343, 130
Trd, 4319622.543, 129
Trd, 4319622.893, 126
Trd, 4319623.543, 132
Trd, 4319624.143, 140
Trd, 4319624.493, 135
Trd, 4319624.893, 123
Trd, 4319627.443, 116
Trd, 4319629.293, 111
Trd, 4319629.943, 100
Trd, 4319630.043, 77
Trd, 4319630.643, 90
Trd, 4319630.943, 124
Trd, 4319631.643, 111
Trd, 4319631.693, 108
Trd, 4319633.593, 138
Trd, 4319634.193, 136
Trd, 4319634.293, 113
Trd, 4319637.293, 139
Trd, 4319637.343, 127
Trd, 4319639.443, 133
Trd, 4319640.493, 124
Trd, 4319641.593, 139
Trd, 4319642.093, 120
Trd, 4319642.443, 136
Trd, 4319642.743, 137
Trd, 4319643.293, 130
Trd, 4319643.793, 128
Trd, 4319644.093, 133
Trd, 4319644.493, 105
Trd, 4319644.593, 99
Trd, 4319645.543, 86
Trd, 4319647.293, 97
Trd, 4319647.443, 106
Trd, 4319648.343, 101
Trd, 4319649.493, 84
Trd, 4319649.893, 81
Trd, 4319650.343, 73
Trd, 4319651.193, 125
Trd, 4319651.843, 87
Trd, 4319653.493, 91
Trd, 4319653.743, 99
Trd, 4319654.643, 105
Trd, 4319655.143, 100
Trd, 4319655.993, 139
Trd, 4319657.393, 117
Trd, 4319658.393, 129
Trd, 4319659.193, 129
Trd, 4319659.643, 127
Trd, 4319660.443, 114
Trd, 4319660.543, 115
Trd, 4319660.893, 108
Trd, 4319661.893, 99
Trd, 4319663.293, 119
Trd, 4319664.343, 110
Trd, 4319664.943, 95
Trd, 4319665.243, 135
Trd, 4319666.643, 103
Trd, 4319666.993, 75
Trd, 4319669.143, 111
Trd, 4319669.943, 116
Trd, 4319670.393, 98
Trd, 4319670.893, 103
Trd, 4319672.443, 114
Trd, 4319672.743, 121
Trd, 4319673.043, 116
Trd, 4319673.093, 104
Trd, 4319675.943, 126
Trd, 4319676.093, 117
Trd, 4319676.843, 100
Trd, 4319677.143, 113
Trd, 4319677.793, 109
Trd, 4319677.893, 94
Trd, 4319678.143, 85
Trd, 4319679.043, 106
Trd, 4319679.193, 92
Trd, 4319679.793, 97
Trd, 4319679.993, 73
Trd, 4319680.443, 99
Trd, 4319680.993, 121
Trd, 4319682.543, 126
Trd, 4319683.293, 115
Trd, 4319684.143, 105
Trd, 4319684.893, 100
Trd, 4319686.043, 103
Trd, 4319687.043, 106
Trd, 4319687.093, 119
Trd, 4319688.743, 110
Trd, 4319690.193, 109
Trd, 4319690.943, 123
Trd, 4319691.743, 104
Trd, 4319693.493, 127
Trd, 4319694.443, 125
Trd, 4319694.593, 139
Trd, 4319694.643, 115
Trd, 4319695.193, 122
Trd, 4319695.643, 82
Trd, 4319696.493, 129
Trd, 4319697.743, 103
Trd, 4319698.893, 91
Trd, 4319699.593, 92
Trd, 4319700.043, 95
Trd, 4319701.043, 132
Trd, 4319701.643, 99
Trd, 4319702.193, 89
Trd, 4319702.293, 115
Trd, 4319702.443, 85
Trd, 4319703.543, 69
Trd, 4319704.693, 106
Trd, 4319706.243, 86
Trd, 4319707.893, 100
Trd, 4319707.943, 90
Trd, 4319708.293, 109
Trd, 4319708.843, 126
Trd, 4319709.993, 123
Trd, 4319710.493, 99
Trd, 4319710.993, 128
Trd, 4319712.393, 131
Trd, 4319713.043, 111
Trd, 4319713.843, 92
Trd, 4319715.693, 118
Trd, 4319716.043, 130
Trd, 4319717.793, 115
Trd, 4319718.393, 124
Trd, 4319718.493, 102
Trd, 4319719.293, 108
Trd, 4319721.143, 134
Trd, 4319721.543, 91
Trd, 4319721.943, 124
Trd, 4319723.793, 132
Trd, 4319724.643, 109
Trd, 4319724.793, 102
Trd, 4319725.143, 111
Trd, 4319726.443, 112
Trd, 4319727.093, 99
Trd, 4319728.743, 124
Trd, 4319729.843, 119
Trd, 4319730.493, 123
Trd, 4319731.593, 117
Trd, 4319732.093, 96
Trd, 4319733.343, 93
Trd, 4319734.343, 118
Trd, 4319734.943, 121
Trd, 4319735.393, 93
Trd, 4319736.043, 137
Trd, 4319736.993, 97
Trd, 4319737.293, 89
Trd, 4319738.693, 127
Trd, 4319739.543, 126
Trd, 4319740.493, 96
Trd, 4319741.043, 113
Trd, 4319741.893, 103
Trd, 4319742.543, 106
Trd, 4319743.393, 100
Trd, 4319744.393, 94
Trd, 4319745.343, 103
Trd, 4319745.493, 118
Trd, 4319747.593, 102
Trd, 4319748.343, 129
Trd, 4319749.643, 123
Trd, 4319749.843, 121
Trd, 4319750.243, 117
Trd, 4319750.793, 114
Trd, 4319751.593, 107
Trd, 4319752.493, 136
Trd, 4319753.493, 75
Trd, 4319753.843, 80
Trd, 4319753.943, 101
Trd, 4319754.393, 114
Trd, 4319755.993, 110
Trd, 4319757.943, 112
Trd, 4319758.893, 134
Trd, 4319759.793, 126
Trd, 4319760.143, 123
Trd, 4319760.493, 119
Trd, 4319760.593, 112
Trd, 4319761.493, 128
Trd, 4319762.193, 115
Trd, 4319762.693, 102
Trd, 4319763.793, 132
Trd, 4319763.893, 112
Trd, 4319764.193, 97
Trd, 4319764.593, 100
Trd, 4319766.193, 83
Trd, 4319767.393, 92
Trd, 4319769.543, 104
Trd, 4319769.843, 91
Trd, 4319770.343, 103
Trd, 4319771.093, 78
Trd, 4319771.643, 130
Trd, 4319771.893, 111
Trd, 4319772.593, 112
Trd, 4319772.993, 115
Trd, 4319773.443, 132
Trd, 4319774.893, 113
Trd, 4319775.093, 92
Trd, 4319775.143, 91
Trd, 4319775.243, 126
Trd, 4319777.293, 95
Trd, 4319777.793, 116
Trd, 4319778.243, 104
Trd, 4319778.443, 110
Trd, 4319779.543, 139
Trd, 4319780.343, 86
Trd, 4319780.593, 70
Trd, 4319780.743, 115
Trd, 4319781.093, 76
Trd, 4319783.043, 94
Trd, 4319783.493, 86
Trd, 4319785.293, 84
Trd, 4319785.993, 87
Trd, 4319786.293, 93
Trd, 4319787.043, 95
Trd, 4319787.343, 114
Trd, 4319787.493, 108
Trd, 4319787.893, 87
Trd, 4319788.993, 138
Trd, 4319789.393, 107
Trd, 4319789.943, 101
Trd, 4319790.943, 118
Trd, 4319791.493, 96
Trd, 4319792.193, 119
Trd, 4319792.543, 119
Trd, 4319793.443, 81
Trd, 4319794.943, 114
Trd, 4319795.443, 118
Trd, 4319796.643, 103
Trd, 4319796.693, 94
Trd, 4319797.243, 119
Trd, 4319797.843, 116
Trd, 4319798.843, 81
Trd, 4319799.143, 84
Trd, 4319800.043, 108
Trd, 4319802.193, 113
Trd, 4319802.843, 128
Trd, 4319802.943, 110
Trd, 4319803.093, 105
Trd, 4319804.443, 138
Trd, 4319804.993, 126
Trd, 4319805.243, 124
Trd, 4319805.593, 135
Trd, 4319806.643, 128
Trd, 4319808.043, 135
Trd, 4319809.343, 122
Trd, 4319809.893, 114
Trd, 4319810.093, 81
Trd, 4319810.793, 127
Trd, 4319810.993, 61
Trd, 4319811.493, 84
Trd, 4319811.843, 122
Trd, 4319813.243, 104
Trd, 4319813.743, 125
Trd, 4319815.543, 122
Trd, 4319816.193, 90
Trd, 4319818.493, 135
Trd, 4319819.593, 123
Trd, 4319819.643, 115
Trd, 4319820.043, 133
Trd, 4319823.743, 121
Trd, 4319824.193, 137
Trd, 4319824.843, 133
Trd, 4319826.393, 108
Trd, 4319826.443, 93
Trd, 4319826.593, 77
Trd, 4319827.143, 74
Trd, 4319828.343, 136
Trd, 4319829.343, 110
Trd, 4319831.093, 135
Trd, 4319831.243, 97
Trd, 4319831.343, 87
Trd, 4319831.743, 120
Trd, 4319833.493, 124
Trd, 4319834.193, 139
Trd, 4319834.443, 123
Trd, 4319835.193, 68
Trd, 4319836.393, 120
Trd, 4319837.243, 133
Trd, 4319837.293, 120
Trd, 4319838.893, 106
Trd, 4319840.043, 127
Trd, 4319840.793, 122
Trd, 4319841.443, 80
Trd, 4319842.093, 108
Trd, 4319842.493, 94
Trd, 4319842.893, 92
Trd, 4319843.343, 97
Trd, 4319843.993, 118
Trd, 4319844.393, 105
Trd, 4319845.093, 138
Trd, 4319846.543, 117
Trd, 4319846.643, 112
Trd, 4319847.693, 96
Trd, 4319848.193, 127
Trd, 4319850.543, 126
Trd, 4319851.043, 120
Trd, 4319851.893, 136
Trd, 4319851.993, 112
Trd, 4319854.593, 110
Trd, 4319854.693, 103
Trd, 4319855.243, 92
Trd, 4319855.543, 71
Trd, 4319856.093, 99
Trd, 4319856.693, 122
Trd, 4319856.793, 118
Trd, 4319856.843, 112
Trd, 4319858.493, 125
Trd, 4319860.093, 101
Trd, 4319860.143, 105
Trd, 4319861.693, 137
Trd, 4319863.043, 104
Trd, 4319864.143, 136
Trd, 4319864.693, 136
Trd, 4319864.743, 119
Trd, 4319864.993, 118
Trd, 4319865.793, 117
Trd, 4319866.493, 112
Trd, 4319868.193, 127
Trd, 4319869.093, 115
Trd, 4319869.693, 99
Trd, 4319870.043, 84
Trd, 4319871.393, 111
Trd, 4319871.943, 121
Trd, 4319872.443, 111
Trd, 4319872.693, 134
Trd, 4319873.343, 87
Trd, 4319874.743, 138
Trd, 4319875.843, 129
Trd, 4319876.843, 114
Trd, 4319877.343, 134
Trd, 4319877.443, 118
Trd, 4319878.693, 123
Trd, 4319879.043, 91
Trd, 4319880.043, 121
Trd, 4319880.443, 106
Trd, 4319880.543, 88
Trd, 4319880.793, 100
Trd, 4319883.143, 130
Trd, 4319883.243, 128
Trd, 4319883.793, 140
Trd, 4319884.093, 118
Trd, 4319885.493, 125
Trd, 4319885.893, 102
Trd, 4319886.043, 118
Trd, 4319886.093, 97
Trd, 4319887.743, 110
Trd, 4319888.943, 75
Trd, 4319889.693, 100
Trd, 4319890.993, 70
Trd, 4319891.493, 102
Trd, 4319892.543, 88
Trd, 4319892.643, 68
Trd, 4319893.293, 97
Trd, 4319893.593, 103
Trd, 4319896.593, 123
Trd, 4319896.993, 125
Trd, 4319898.043, 134
Trd, 4319899.393, 116
Trd, 4319901.193, 138
Trd, 4319901.593, 116
Trd, 4319902.493, 103
Trd, 4319903.443, 140
Trd, 4319903.493, 136
Trd, 4319904.893, 139
Trd, 4319905.093, 120
Trd, 4319906.093, 111
Trd, 4319906.193, 105
Trd, 4319906.943, 134
Trd, 4319907.643, 108
Trd, 4319907.943, 110
Trd, 4319908.793, 107
Trd, 4319909.093, 119
Trd, 4319909.693, 98
Trd, 4319910.543, 132
Trd, 4319911.893, 112
Trd, 4319912.393, 126
Trd, 4319913.993, 79
Trd, 4319914.393, 101
Trd, 4319914.943, 127
Trd, 4319915.343, 66
Trd, 4319917.893, 85
Trd, 4319918.543, 95
Trd, 4319918.593, 99
Trd, 4319918.743, 101
Trd, 4319919.793, 105
Trd, 4319921.243, 92
Trd, 4319922.343, 97
Trd, 4319922.843, 78
Trd, 4319923.343, 105
Trd, 4319923.943, 96
Trd, 4319924.343, 87
Trd, 4319925.593, 123
Trd, 4319925.793, 126
Trd, 4319927.193, 121
Trd, 4319927.593, 126
Trd, 4319929.743, 131
Trd, 4319930.143, 111
Trd, 4319930.493, 133
Trd, 4319930.843, 114
Trd, 4319933.343, 120
Trd, 4319933.393, 116
Trd, 4319933.493, 123
Trd, 4319933.893, 110
Trd, 4319933.943, 92
Trd, 4319934.293, 137
Trd, 4319934.543, 108
Trd, 4319934.993, 78
Trd, 4319935.593, 98
Trd, 4319936.793, 103
Trd, 4319936.843, 96
Trd, 4319936.893, 95
Trd, 4319938.343, 138
Trd, 4319939.793, 125
Trd, 4319940.143, 123
Trd, 4319940.393, 86
Trd, 4319941.543, 113
Trd, 4319941.793, 114
Trd, 4319942.593, 107
Trd, 4319944.043, 139
Trd, 4319944.493, 117
Trd, 4319945.093, 139
Trd, 4319947.193, 108
Trd, 4319947.993, 140
Trd, 4319948.043, 123
Trd, 4319948.743, 113
Trd, 4319948.793, 104
Trd, 4319949.593, 118
Trd, 4319951.093, 133
Trd, 4319951.593, 131
Trd, 4319951.993, 129
Trd, 4319952.993, 119
Trd, 4319955.643, 87
Trd, 4319956.843, 96
Trd, 4319957.743, 136
Trd, 4319958.443, 140
Trd, 4319958.993, 138
Trd, 4319960.693, 89
Trd, 4319961.243, 102
Trd, 4319962.193, 101
Trd, 4319963.843, 128
Trd, 4319963.943, 111
Trd, 4319964.493, 129
Trd, 4319965.143, 116
Trd, 4319966.843, 101
Trd, 4319967.343, 105
Trd, 4319967.993, 136
Trd, 4319969.393, 98
Trd, 4319969.793, 98
Trd, 4319969.943, 92
Trd, 4319970.743, 81
Trd, 4319971.493, 133
Trd, 4319971.793, 131
Trd, 4319971.843, 111
Trd, 4319972.493, 107
Trd, 4319974.143, 123
Trd, 4319975.943, 134
Trd, 4319976.643, 106
Trd, 4319976.943, 133
Trd, 4319977.243, 100
Trd, 4319978.043, 127
Trd, 4319978.093, 117
Trd, 4319978.443, 133
Trd, 4319978.593, 111
Trd, 4319981.093, 110
Trd, 4319982.343, 116
Trd, 4319984.343, 136
Trd, 4319984.543, 127
Trd, 4319985.093, 106
Trd, 4319986.293, 122
Trd, 4319986.693, 138
Trd, 4319987.293, 95
Trd, 4319987.643, 87
Trd, 4319988.393, 99
Trd, 4319989.793, 95
Trd, 4319990.093, 120
Trd, 4319990.993, 122
Trd, 4319991.843, 132
Trd, 4319992.943, 129
Trd, 4319993.443, 119
Trd, 4319993.743, 137
Trd, 4319994.093, 122
Trd, 4319994.543, 107
Trd, 4319994.943, 100
Trd, 4319995.743, 113
Trd, 4319998.643, 117
Trd, 4319999.293, 127
Trd, 4319999.393, 124
Trd, 4319999.493, 118
