Trd, 4318126.393, 80
Trd, 4318127.243, 139
Trd, 4318127.843, 122
Trd, 4318128.243, 102
Trd, 4318128.293, 101
Trd, 4318129.143, 96
Trd, 4318131.493, 139
Trd, 4318131.743, 107
Trd, 4318132.343, 106
Trd, 4318132.793, 93
Trd, 4318133.543, 84
Trd, 4318133.843, 103
Trd, 4318134.543, 85
Trd, 4318134.793, 86
Trd, 4318135.293, 75
Trd, 4318135.943, 80
Trd, 4318138.243, 132
Trd, 4318138.643, 113
Trd, 4318138.993, 112
Trd, 4318139.193, 99
Trd, 4318139.443, 96
Trd, 4318140.243, 112
Trd, 4318140.593, 91
Trd, 4318140.943, 99
Trd, 4318141.543, 108
Trd, 4318141.843, 90
Trd, 4318142.243, 114
Trd, 4318143.393, 126
Trd, 4318144.943, 135
Trd, 4318145.843, 132
Trd, 4318146.443, 128
Trd, 4318147.693, 105
Trd, 4318148.593, 77
Trd, 4318148.743, 107
Trd, 4318149.293, 115
Trd, 4318150.343, 113
Trd, 4318150.593, 112
Trd, 4318150.843, 88
Trd, 4318151.493, 97
Trd, 4318151.743, 133
Trd, 4318153.243, 94
Trd, 4318153.443, 110
Trd, 4318153.893, 85
Trd, 4318154.443, 88
Trd, 4318154.543, 96
Trd, 4318155.343, 105
Trd, 4318156.843, 140
Trd, 4318156.943, 139
Trd, 4318158.043, 88
Trd, 4318158.693, 82
Trd, 4318159.493, 110
Trd, 4318159.993, 118
Trd, 4318160.293, 104
Trd, 4318160.343, 87
Trd, 4318160.693, 140
Trd, 4318160.943, 134
Trd, 4318162.293, 108
Trd, 4318163.743, 121
Trd, 4318164.043, 111
Trd, 4318164.843, 119
Trd, 4318165.593, 90
Trd, 4318167.193, 139
Trd, 4318167.243, 136
Trd, 4318167.393, 106
Trd, 4318167.593, 120
Trd, 4318168.243, 96
Trd, 4318170.143, 140
Trd, 4318170.343, 140
Trd, 4318170.493, 116
Trd, 4318172.243, 97
Trd, 4318172.443, 96
Trd, 4318173.343, 99
Trd, 4318173.693, 122
Trd, 4318174.643, 89
Trd, 4318174.893, 79
Trd, 4318176.293, 135
Trd, 4318176.443, 117
Trd, 4318177.043, 103
Trd, 4318177.143, 86
Trd, 4318178.293, 97
Trd, 4318178.993, 77
Trd, 4318179.993, 94
Trd, 4318181.893, 60
Trd, 4318182.043, 67
Trd, 4318182.093, 72
Trd, 4318182.293, 117
Trd, 4318182.393, 62
Trd, 4318183.943, 82
Trd, 4318184.993, 63
Trd, 4318185.143, 91
Trd, 4318186.143, 80
Trd, 4318186.443, 83
Trd, 4318187.493, 85
Trd, 4318188.543, 88
Trd, 4318188.843, 102
Trd, 4318189.593, 90
Trd, 4318189.743, 79
Trd, 4318190.343, 70
Trd, 4318190.993, 75
Trd, 4318192.093, 70
Trd, 4318192.543, 84
Trd, 4318193.093, 90
Trd, 4318193.343, 66
Trd, 4318194.793, 72
Trd, 4318195.393, 87
Trd, 4318196.193, 65
Trd, 4318196.393, 72
Trd, 4318197.293, 97
Trd, 4318198.143, 85
Trd, 4318198.743, 95
Trd, 4318198.943, 91
Trd, 4318199.943, 92
Trd, 4318201.093, 112
Trd, 4318202.193, 105
Trd, 4318204.993, 124
Trd, 4318205.343, 122
Trd, 4318205.543, 95
Trd, 4318205.793, 109
Trd, 4318206.393, 106
Trd, 4318207.793, 112
Trd, 4318208.543, 93
Trd, 4318209.243, 91
Trd, 4318209.343, 101
Trd, 4318210.743, 126
Trd, 4318211.093, 96
Trd, 4318212.043, 91
Trd, 4318212.243, 127
Trd, 4318213.043, 81
Trd, 4318214.293, 71
Trd, 4318215.193, 105
Trd, 4318215.843, 70
Trd, 4318216.093, 93
Trd, 4318216.793, 98
Trd, 4318217.693, 83
Trd, 4318218.693, 99
Trd, 4318219.593, 135
Trd, 4318220.793, 119
Trd, 4318220.893, 122
Trd, 4318221.693, 96
Trd, 4318222.043, 94
Trd, 4318222.693, 134
Trd, 4318222.993, 129
Trd, 4318224.093, 101
Trd, 4318225.143, 81
Trd, 4318225.343, 75
Trd, 4318225.543, 84
Trd, 4318226.993, 126
Trd, 4318227.543, 115
Trd, 4318228.743, 137
Trd, 4318229.143, 117
Trd, 4318230.143, 93
Trd, 4318231.893, 88
Trd, 4318232.143, 83
Trd, 4318232.543, 79
Trd, 4318232.993, 68
Trd, 4318233.043, 79
Trd, 4318233.293, 93
Trd, 4318233.693, 60
Trd, 4318234.493, 123
Trd, 4318234.843, 113
Trd, 4318235.043, 87
Trd, 4318235.343, 85
Trd, 4318235.743, 68
Trd, 4318237.693, 131
Trd, 4318237.843, 139
Trd, 4318238.393, 96
Trd, 4318241.193, 121
Trd, 4318241.693, 120
Trd, 4318241.843, 119
Trd, 4318242.693, 98
Trd, 4318243.343, 111
Trd, 4318243.493, 103
Trd, 4318244.893, 87
Trd, 4318245.343, 108
Trd, 4318246.143, 103
Trd, 4318246.693, 92
Trd, 4318247.393, 97
Trd, 4318247.793, 129
Trd, 4318247.893, 92
Trd, 4318248.593, 91
Trd, 4318250.743, 92
Trd, 4318250.893, 75
Trd, 4318251.093, 87
Trd, 4318251.693, 123
Trd, 4318251.793, 113
Trd, 4318252.093, 125
Trd, 4318252.393, 140
Trd, 4318252.643, 107
Trd, 4318253.943, 139
Trd, 4318254.943, 87
Trd, 4318256.743, 81
Trd, 4318257.343, 90
Trd, 4318258.793, 101
Trd, 4318259.293, 92
Trd, 4318259.543, 103
Trd, 4318260.743, 87
Trd, 4318261.293, 116
Trd, 4318261.943, 117
Trd, 4318262.093, 112
Trd, 4318262.343, 105
Trd, 4318263.043, 66
Trd, 4318263.093, 83
Trd, 4318263.543, 69
Trd, 4318266.043, 89
Trd, 4318266.593, 103
Trd, 4318266.893, 94
Trd, 4318267.343, 139
Trd, 4318269.293, 110
Trd, 4318270.093, 111
Trd, 4318270.543, 108
Trd, 4318271.543, 116
Trd, 4318271.893, 139
Trd, 4318272.393, 104
Trd, 4318273.393, 92
Trd, 4318273.493, 83
Trd, 4318273.593, 95
Trd, 4318275.143, 118
Trd, 4318275.993, 112
Trd, 4318276.643, 138
Trd, 4318276.743, 115
Trd, 4318277.043, 102
Trd, 4318277.543, 99
Trd, 4318278.543, 139
Trd, 4318279.143, 117
Trd, 4318279.493, 113
Trd, 4318280.043, 112
Trd, 4318280.143, 88
Trd, 4318280.793, 91
Trd, 4318280.893, 88
Trd, 4318282.393, 86
Trd, 4318283.693, 85
Trd, 4318285.093, 109
Trd, 4318285.193, 119
Trd, 4318285.843, 128
Trd, 4318286.693, 124
Trd, 4318286.843, 99
Trd, 4318287.043, 102
Trd, 4318287.193, 89
Trd, 4318288.093, 92
Trd, 4318288.493, 87
Trd, 4318290.393, 86
Trd, 4318290.643, 95
Trd, 4318291.593, 129
Trd, 4318291.893, 128
Trd, 4318292.093, 104
Trd, 4318292.293, 140
Trd, 4318294.843, 119
Trd, 4318295.493, 112
Trd, 4318296.293, 102
Trd, 4318296.543, 139
Trd, 4318297.193, 107
Trd, 4318297.743, 90
Trd, 4318298.343, 93
Trd, 4318298.843, 91
Trd, 4318299.893, 104
Trd, 4318300.293, 107
Trd, 4318301.743, 107
Trd, 4318301.843, 106
Trd, 4318303.093, 140
Trd, 4318303.743, 127
Trd, 4318303.843, 123
Trd, 4318305.893, 140
Trd, 4318306.193, 127
Trd, 4318306.343, 82
Trd, 4318307.643, 68
Trd, 4318309.093, 64
Trd, 4318309.143, 91
Trd, 4318310.593, 68
Trd, 4318310.943, 73
Trd, 4318311.743, 69
Trd, 4318311.943, 70
Trd, 4318312.093, 67
Trd, 4318312.693, 66
Trd, 4318313.593, 81
Trd, 4318313.793, 76
Trd, 4318314.443, 70
Trd, 4318315.193, 140
Trd, 4318316.393, 109
Trd, 4318316.693, 102
Trd, 4318316.843, 101
Trd, 4318317.893, 140
Trd, 4318318.143, 106
Trd, 4318318.993, 104
Trd, 4318320.093, 102
Trd, 4318320.543, 99
Trd, 4318320.943, 88
Trd, 4318321.793, 64
Trd, 4318321.993, 98
Trd, 4318325.293, 124
Trd, 4318326.043, 125
Trd, 4318326.093, 138
Trd, 4318326.643, 117
Trd, 4318326.693, 105
Trd, 4318327.743, 91
Trd, 4318328.393, 90
Trd, 4318329.993, 117
Trd, 4318330.393, 136
Trd, 4318331.443, 127
Trd, 4318331.593, 108
Trd, 4318332.193, 88
Trd, 4318333.743, 109
Trd, 4318335.093, 78
Trd, 4318335.843, 69
Trd, 4318335.943, 98
Trd, 4318336.443, 140
Trd, 4318337.143, 140
Trd, 4318337.593, 120
Trd, 4318338.893, 74
Trd, 4318339.543, 102
Trd, 4318340.043, 69
Trd, 4318340.643, 82
Trd, 4318341.593, 134
Trd, 4318342.343, 93
Trd, 4318342.943, 96
Trd, 4318342.993, 80
Trd, 4318344.043, 79
Trd, 4318345.443, 137
Trd, 4318346.343, 140
Trd, 4318347.293, 113
Trd, 4318347.493, 104
Trd, 4318347.693, 118
Trd, 4318347.943, 135
Trd, 4318348.493, 100
Trd, 4318348.843, 93
Trd, 4318349.543, 113
Trd, 4318349.843, 112
Trd, 4318350.593, 124
Trd, 4318350.743, 101
Trd, 4318350.793, 87
Trd, 4318351.093, 140
Trd, 4318352.043, 140
Trd, 4318354.043, 120
Trd, 4318355.093, 140
Trd, 4318355.243, 123
Trd, 4318355.543, 130
Trd, 4318355.893, 122
Trd, 4318356.243, 100
Trd, 4318358.793, 125
Trd, 4318358.993, 118
Trd, 4318359.143, 92
Trd, 4318359.193, 74
Trd, 4318360.343, 67
Trd, 4318360.593, 117
Trd, 4318361.443, 62
Trd, 4318362.843, 90
Trd, 4318364.143, 84
Trd, 4318365.043, 102
Trd, 4318366.193, 88
Trd, 4318366.443, 124
Trd, 4318366.893, 86
Trd, 4318367.743, 97
Trd, 4318368.493, 69
Trd, 4318369.093, 79
Trd, 4318369.993, 91
Trd, 4318370.643, 91
Trd, 4318371.193, 83
Trd, 4318371.843, 75
Trd, 4318373.043, 96
Trd, 4318373.943, 138
Trd, 4318374.843, 123
Trd, 4318375.543, 137
Trd, 4318375.793, 86
Trd, 4318376.643, 103
Trd, 4318377.743, 66
Trd, 4318377.843, 69
Trd, 4318378.793, 114
Trd, 4318379.643, 92
Trd, 4318380.393, 104
Trd, 4318381.543, 95
Trd, 4318382.393, 95
Trd, 4318382.593, 68
Trd, 4318383.143, 134
Trd, 4318383.293, 92
Trd, 4318383.743, 140
Trd, 4318384.743, 127
Trd, 4318385.193, 122
Trd, 4318387.243, 77
Trd, 4318387.393, 72
Trd, 4318388.393, 120
Trd, 4318388.543, 108
Trd, 4318388.993, 122
Trd, 4318389.243, 105
Trd, 4318389.593, 97
Trd, 4318390.143, 100
Trd, 4318390.443, 79
Trd, 4318391.343, 134
Trd, 4318392.043, 139
Trd, 4318392.543, 115
Trd, 4318394.343, 112
Trd, 4318394.743, 109
Trd, 4318394.943, 119
Trd, 4318396.643, 94
Trd, 4318396.793, 85
Trd, 4318397.993, 75
Trd, 4318398.143, 67
Trd, 4318399.093, 138
Trd, 4318399.143, 97
Trd, 4318399.493, 87
Trd, 4318399.543, 84
Trd, 4318401.943, 139
Trd, 4318402.493, 101
Trd, 4318403.243, 95
Trd, 4318403.793, 104
Trd, 4318405.243, 104
Trd, 4318405.843, 122
Trd, 4318406.143, 104
Trd, 4318406.993, 115
Trd, 4318407.043, 92
Trd, 4318408.543, 131
Trd, 4318408.743, 101
Trd, 4318410.243, 103
Trd, 4318410.643, 121
Trd, 4318411.043, 96
Trd, 4318411.393, 93
Trd, 4318412.143, 108
Trd, 4318412.743, 115
Trd, 4318413.193, 88
Trd, 4318414.793, 73
Trd, 4318415.643, 79
Trd, 4318417.293, 71
Trd, 4318417.493, 71
Trd, 4318417.993, 78
Trd, 4318418.493, 70
Trd, 4318419.843, 140
Trd, 4318420.493, 127
Trd, 4318420.593, 100
Trd, 4318421.193, 85
Trd, 4318421.243, 71
Trd, 4318421.943, 136
Trd, 4318422.543, 98
Trd, 4318423.493, 138
Trd, 4318423.943, 132
Trd, 4318424.743, 96
Trd, 4318426.243, 97
Trd, 4318427.443, 138
Trd, 4318428.293, 116
Trd, 4318428.493, 124
Trd, 4318428.593, 128
Trd, 4318428.743, 94
Trd, 4318428.943, 82
Trd, 4318429.293, 79
Trd, 4318432.043, 123
Trd, 4318432.093, 87
Trd, 4318433.393, 123
Trd, 4318433.693, 90
Trd, 4318434.693, 85
Trd, 4318436.343, 75
Trd, 4318436.643, 65
Trd, 4318437.643, 140
Trd, 4318439.693, 122
Trd, 4318439.893, 102
Trd, 4318440.193, 102
Trd, 4318441.793, 119
Trd, 4318442.093, 120
Trd, 4318442.143, 117
Trd, 4318442.243, 133
Trd, 4318443.193, 97
Trd, 4318444.593, 122
Trd, 4318445.543, 116
Trd, 4318446.393, 120
Trd, 4318446.693, 89
Trd, 4318447.143, 77
Trd, 4318447.743, 81
Trd, 4318448.293, 132
Trd, 4318448.493, 127
Trd, 4318448.843, 121
Trd, 4318449.093, 82
Trd, 4318450.593, 119
Trd, 4318451.443, 105
Trd, 4318451.493, 87
Trd, 4318453.393, 98
Trd, 4318453.593, 71
Trd, 4318454.143, 103
Trd, 4318455.193, 121
Trd, 4318456.543, 77
Trd, 4318456.593, 105
Trd, 4318457.093, 74
Trd, 4318457.493, 62
Trd, 4318458.193, 134
Trd, 4318458.743, 129
Trd, 4318459.743, 65
Trd, 4318460.643, 81
Trd, 4318461.143, 88
Trd, 4318461.443, 79
Trd, 4318462.343, 117
Trd, 4318462.543, 129
Trd, 4318463.193, 98
Trd, 4318464.143, 79
Trd, 4318465.543, 66
Trd, 4318466.193, 85
Trd, 4318466.593, 81
Trd, 4318467.393, 84
Trd, 4318467.593, 72
Trd, 4318468.893, 115
Trd, 4318469.393, 126
Trd, 4318470.493, 104
Trd, 4318470.543, 118
Trd, 4318470.843, 104
Trd, 4318471.093, 92
Trd, 4318471.593, 95
Trd, 4318472.093, 101
Trd, 4318472.293, 66
Trd, 4318474.293, 84
Trd, 4318474.993, 97
Trd, 4318475.743, 102
Trd, 4318476.643, 92
Trd, 4318476.743, 92
Trd, 4318477.893, 99
Trd, 4318479.943, 93
Trd, 4318479.993, 90
Trd, 4318480.343, 125
Trd, 4318481.443, 98
Trd, 4318481.643, 83
Trd, 4318483.343, 106
Trd, 4318483.493, 97
Trd, 4318484.443, 90
Trd, 4318484.493, 106
Trd, 4318484.643, 137
Trd, 4318485.043, 121
Trd, 4318485.393, 71
Trd, 4318485.643, 69
Trd, 4318486.543, 93
Trd, 4318488.693, 135
Trd, 4318489.093, 90
Trd, 4318489.193, 85
Trd, 4318489.943, 84
Trd, 4318490.393, 91
Trd, 4318490.793, 93
Trd, 4318491.543, 101
Trd, 4318492.943, 124
Trd, 4318493.643, 118
Trd, 4318495.743, 127
Trd, 4318496.043, 113
Trd, 4318496.193, 109
Trd, 4318497.743, 91
Trd, 4318497.843, 90
Trd, 4318497.943, 98
Trd, 4318498.393, 89
Trd, 4318499.643, 96
Trd, 4318500.243, 116
Trd, 4318500.393, 85
Trd, 4318501.393, 91
Trd, 4318501.943, 78
Trd, 4318502.393, 115
Trd, 4318503.043, 100
Trd, 4318503.443, 129
Trd, 4318504.643, 130
Trd, 4318504.943, 91
Trd, 4318505.043, 112
Trd, 4318505.943, 89
Trd, 4318507.143, 140
Trd, 4318508.343, 125
Trd, 4318509.793, 125
Trd, 4318510.093, 120
Trd, 4318511.493, 126
Trd, 4318511.743, 119
Trd, 4318512.543, 112
Trd, 4318512.743, 124
Trd, 4318513.593, 101
Trd, 4318513.893, 83
Trd, 4318514.393, 93
Trd, 4318514.793, 139
Trd, 4318515.543, 128
Trd, 4318515.943, 118
Trd, 4318516.993, 131
Trd, 4318517.343, 137
Trd, 4318517.743, 102
Trd, 4318518.393, 119
Trd, 4318519.593, 70
Trd, 4318520.343, 92
Trd, 4318520.843, 106
Trd, 4318520.893, 93
Trd, 4318521.443, 90
Trd, 4318522.293, 78
Trd, 4318522.893, 117
Trd, 4318523.743, 135
Trd, 4318525.293, 125
Trd, 4318525.493, 123
Trd, 4318525.543, 115
Trd, 4318526.443, 101
Trd, 4318527.543, 137
Trd, 4318528.043, 99
Trd, 4318530.443, 83
Trd, 4318531.093, 140
Trd, 4318531.993, 98
Trd, 4318532.193, 139
Trd, 4318533.443, 128
Trd, 4318534.093, 113
Trd, 4318534.943, 126
Trd, 4318536.593, 115
Trd, 4318536.843, 104
Trd, 4318537.743, 120
Trd, 4318537.893, 111
Trd, 4318538.043, 104
Trd, 4318539.593, 83
Trd, 4318539.643, 80
Trd, 4318540.093, 98
Trd, 4318540.493, 88
Trd, 4318541.493, 73
Trd, 4318542.443, 140
Trd, 4318544.443, 140
Trd, 4318546.043, 101
Trd, 4318546.293, 100
Trd, 4318546.743, 122
Trd, 4318547.193, 111
Trd, 4318547.343, 103
Trd, 4318547.443, 99
Trd, 4318548.093, 138
Trd, 4318549.043, 117
Trd, 4318549.193, 77
Trd, 4318550.893, 88
Trd, 4318551.343, 99
Trd, 4318552.043, 91
Trd, 4318552.543, 74
Trd, 4318552.993, 73
Trd, 4318553.393, 67
Trd, 4318553.593, 91
Trd, 4318555.343, 71
Trd, 4318555.943, 102
Trd, 4318556.543, 91
Trd, 4318558.193, 137
Trd, 4318558.643, 135
Trd, 4318560.093, 122
Trd, 4318560.193, 137
Trd, 4318560.793, 112
Trd, 4318561.443, 99
Trd, 4318561.643, 96
Trd, 4318562.243, 94
Trd, 4318562.643, 83
Trd, 4318564.493, 64
Trd, 4318564.593, 77
Trd, 4318565.293, 80
Trd, 4318566.093, 128
Trd, 4318566.143, 97
Trd, 4318566.893, 102
Trd, 4318568.643, 119
Trd, 4318569.043, 106
Trd, 4318569.293, 90
Trd, 4318571.743, 89
Trd, 4318572.493, 140
Trd, 4318572.843, 134
Trd, 4318573.593, 94
Trd, 4318573.843, 104
Trd, 4318574.643, 140
Trd, 4318575.543, 74
Trd, 4318576.593, 104
Trd, 4318577.643, 107
Trd, 4318578.093, 140
Trd, 4318578.293, 83
Trd, 4318579.343, 75
Trd, 4318579.693, 88
Trd, 4318580.443, 84
Trd, 4318581.443, 96
Trd, 4318581.593, 96
Trd, 4318582.493, 135
Trd, 4318583.793, 119
Trd, 4318584.443, 105
Trd, 4318585.593, 136
Trd, 4318585.643, 114
Trd, 4318585.793, 109
Trd, 4318586.493, 119
Trd, 4318586.843, 89
Trd, 4318587.793, 89
Trd, 4318588.743, 140
Trd, 4318588.843, 118
Trd, 4318588.993, 117
Trd, 4318590.793, 95
Trd, 4318591.143, 122
Trd, 4318591.693, 85
Trd, 4318592.493, 123
Trd, 4318593.743, 104
Trd, 4318595.693, 116
Trd, 4318595.743, 134
Trd, 4318596.143, 116
Trd, 4318596.293, 100
Trd, 4318596.743, 98
Trd, 4318597.243, 91
Trd, 4318598.093, 114
Trd, 4318599.243, 105
Trd, 4318600.493, 93
Trd, 4318600.893, 108
Trd, 4318602.593, 90
Trd, 4318602.993, 76
Trd, 4318603.443, 76
Trd, 4318603.543, 86
Trd, 4318603.893, 104
Trd, 4318605.443, 102
Trd, 4318606.443, 101
Trd, 4318606.643, 90
Trd, 4318606.893, 127
Trd, 4318607.043, 120
Trd, 4318607.343, 72
Trd, 4318608.693, 89
Trd, 4318609.943, 139
Trd, 4318610.493, 121
Trd, 4318610.593, 116
Trd, 4318610.943, 109
Trd, 4318611.743, 139
Trd, 4318612.043, 106
Trd, 4318612.943, 78
Trd, 4318614.443, 81
Trd, 4318614.543, 125
Trd, 4318615.443, 103
Trd, 4318615.693, 101
Trd, 4318616.593, 85
Trd, 4318616.943, 100
Trd, 4318617.943, 103
Trd, 4318618.243, 100
Trd, 4318618.393, 98
Trd, 4318619.393, 99
Trd, 4318619.443, 109
Trd, 4318620.393, 98
Trd, 4318622.393, 88
Trd, 4318622.893, 140
Trd, 4318624.193, 87
Trd, 4318624.593, 83
Trd, 4318624.893, 107
Trd, 4318625.793, 108
Trd, 4318626.093, 128
Trd, 4318626.343, 104
Trd, 4318627.093, 86
Trd, 4318627.693, 117
Trd, 4318628.243, 90
Trd, 4318629.643, 91
Trd, 4318630.493, 116
Trd, 4318630.843, 107
Trd, 4318630.893, 66
Trd, 4318632.643, 128
Trd, 4318633.043, 114
Trd, 4318633.743, 114
Trd, 4318633.793, 98
Trd, 4318634.143, 89
Trd, 4318634.393, 76
Trd, 4318635.343, 76
Trd, 4318636.793, 140
Trd, 4318637.943, 78
Trd, 4318638.743, 81
Trd, 4318638.793, 85
Trd, 4318639.093, 79
Trd, 4318639.793, 106
Trd, 4318640.193, 112
Trd, 4318640.743, 139
Trd, 4318642.743, 135
Trd, 4318642.843, 88
Trd, 4318642.893, 87
Trd, 4318644.393, 83
Trd, 4318645.193, 84
Trd, 4318645.693, 99
Trd, 4318645.993, 136
Trd, 4318646.893, 130
Trd, 4318647.143, 129
Trd, 4318647.693, 104
Trd, 4318647.993, 110
Trd, 4318648.943, 128
Trd, 4318649.143, 112
Trd, 4318650.643, 135
Trd, 4318651.093, 105
Trd, 4318651.843, 140
Trd, 4318652.543, 85
Trd, 4318655.643, 113
Trd, 4318656.243, 101
Trd, 4318657.093, 121
Trd, 4318657.243, 88
Trd, 4318657.543, 99
Trd, 4318657.743, 85
Trd, 4318658.493, 112
Trd, 4318661.743, 79
Trd, 4318662.293, 77
Trd, 4318662.593, 76
Trd, 4318662.643, 68
Trd, 4318663.043, 99
Trd, 4318663.493, 112
Trd, 4318663.593, 140
Trd, 4318665.493, 60
Trd, 4318666.543, 83
Trd, 4318667.043, 93
Trd, 4318668.793, 137
Trd, 4318669.543, 118
Trd, 4318669.843, 107
Trd, 4318670.593, 135
Trd, 4318671.343, 123
Trd, 4318671.793, 121
Trd, 4318672.393, 108
Trd, 4318672.793, 108
Trd, 4318673.193, 106
Trd, 4318673.243, 96
Trd, 4318674.493, 117
Trd, 4318674.593, 87
Trd, 4318676.093, 73
Trd, 4318676.793, 74
Trd, 4318678.843, 63
Trd, 4318678.893, 82
Trd, 4318679.893, 84
Trd, 4318679.993, 95
Trd, 4318681.143, 138
Trd, 4318681.643, 136
Trd, 4318681.693, 123
Trd, 4318682.893, 103
Trd, 4318685.693, 110
Trd, 4318686.943, 135
Trd, 4318687.593, 115
Trd, 4318687.693, 114
Trd, 4318688.393, 114
Trd, 4318688.793, 104
Trd, 4318690.393, 139
Trd, 4318690.543, 124
Trd, 4318690.843, 96
Trd, 4318690.943, 92
Trd, 4318692.793, 140
Trd, 4318693.343, 138
Trd, 4318693.593, 110
Trd, 4318693.643, 108
Trd, 4318693.743, 103
Trd, 4318693.843, 103
Trd, 4318694.243, 108
Trd, 4318696.893, 112
Trd, 4318697.043, 88
Trd, 4318698.843, 84
Trd, 4318699.043, 95
Trd, 4318699.393, 84
Trd, 4318700.293, 75
Trd, 4318700.443, 84
Trd, 4318700.893, 76
Trd, 4318700.993, 99
Trd, 4318702.043, 83
Trd, 4318703.943, 81
Trd, 4318704.993, 68
Trd, 4318705.143, 66
Trd, 4318705.243, 81
Trd, 4318706.193, 89
Trd, 4318707.393, 82
Trd, 4318708.943, 121
Trd, 4318709.443, 126
Trd, 4318710.143, 109
Trd, 4318711.293, 100
Trd, 4318711.943, 98
Trd, 4318712.493, 119
Trd, 4318712.793, 98
Trd, 4318713.643, 110
Trd, 4318714.093, 96
Trd, 4318714.243, 92
Trd, 4318714.343, 81
Trd, 4318715.693, 65
Trd, 4318717.043, 139
Trd, 4318717.593, 129
Trd, 4318718.793, 129
Trd, 4318719.793, 113
Trd, 4318720.143, 102
Trd, 4318720.443, 122
Trd, 4318721.193, 107
Trd, 4318721.993, 108
Trd, 4318722.193, 104
Trd, 4318722.443, 87
Trd, 4318723.393, 140
Trd, 4318723.893, 119
Trd, 4318724.843, 92
Trd, 4318725.493, 91
Trd, 4318726.693, 101
Trd, 4318728.693, 88
Trd, 4318729.393, 84
Trd, 4318729.443, 76
Trd, 4318729.643, 101
Trd, 4318729.743, 105
Trd, 4318731.243, 96
Trd, 4318731.843, 111
Trd, 4318732.193, 85
Trd, 4318733.243, 109
Trd, 4318733.293, 84
Trd, 4318733.593, 80
Trd, 4318733.993, 114
Trd, 4318735.343, 140
Trd, 4318735.743, 140
Trd, 4318736.443, 138
Trd, 4318736.593, 121
Trd, 4318736.993, 105
Trd, 4318737.593, 98
Trd, 4318738.193, 140
Trd, 4318738.893, 118
Trd, 4318739.293, 138
Trd, 4318739.893, 95
Trd, 4318739.943, 94
Trd, 4318739.993, 102
Trd, 4318741.793, 69
Trd, 4318742.643, 117
Trd, 4318743.143, 104
Trd, 4318743.593, 94
Trd, 4318745.193, 126
Trd, 4318746.343, 97
Trd, 4318746.993, 112
Trd, 4318747.693, 124
Trd, 4318747.843, 86
Trd, 4318749.093, 120
Trd, 4318749.643, 118
Trd, 4318750.243, 126
Trd, 4318750.343, 87
Trd, 4318751.893, 129
Trd, 4318752.343, 94
Trd, 4318753.443, 82
Trd, 4318753.743, 140
Trd, 4318756.393, 69
Trd, 4318756.693, 81
Trd, 4318757.643, 112
Trd, 4318758.293, 106
Trd, 4318759.443, 119
Trd, 4318760.193, 107
Trd, 4318761.343, 108
Trd, 4318761.993, 112
Trd, 4318762.143, 132
Trd, 4318763.293, 99
Trd, 4318763.943, 96
Trd, 4318764.193, 87
Trd, 4318764.243, 82
Trd, 4318765.493, 140
Trd, 4318766.243, 140
Trd, 4318766.393, 127
Trd, 4318766.893, 115
Trd, 4318768.443, 60
Trd, 4318770.893, 78
Trd, 4318770.943, 95
Trd, 4318771.143, 72
Trd, 4318771.743, 70
Trd, 4318773.093, 73
Trd, 4318773.193, 69
Trd, 4318773.293, 80
Trd, 4318774.243, 140
Trd, 4318774.393, 109
Trd, 4318775.543, 91
Trd, 4318775.893, 138
Trd, 4318777.093, 76
Trd, 4318777.743, 69
Trd, 4318778.893, 96
Trd, 4318778.943, 102
Trd, 4318779.043, 92
Trd, 4318779.193, 77
Trd, 4318779.793, 81
Trd, 4318779.943, 105
Trd, 4318781.793, 104
Trd, 4318782.043, 73
Trd, 4318783.293, 82
Trd, 4318784.193, 84
Trd, 4318784.793, 99
Trd, 4318784.943, 87
Trd, 4318785.343, 137
Trd, 4318785.393, 108
Trd, 4318785.943, 111
Trd, 4318787.743, 102
Trd, 4318788.393, 107
Trd, 4318789.093, 93
Trd, 4318789.743, 92
Trd, 4318789.843, 69
Trd, 4318790.443, 90
Trd, 4318791.343, 82
Trd, 4318792.693, 107
Trd, 4318793.043, 92
Trd, 4318793.793, 125
Trd, 4318793.843, 124
Trd, 4318794.543, 80
Trd, 4318794.893, 92
Trd, 4318796.843, 72
Trd, 4318797.543, 109
Trd, 4318798.993, 135
Trd, 4318800.193, 132
Trd, 4318800.843, 124
Trd, 4318801.143, 95
Trd, 4318802.293, 97
Trd, 4318802.593, 120
Trd, 4318803.393, 111
Trd, 4318803.993, 108
Trd, 4318804.043, 95
Trd, 4318804.543, 89
Trd, 4318805.793, 133
Trd, 4318806.043, 76
Trd, 4318806.643, 111
Trd, 4318807.143, 74
Trd, 4318807.243, 70
Trd, 4318808.293, 112
Trd, 4318809.243, 140
Trd, 4318809.793, 138
Trd, 4318810.593, 114
Trd, 4318811.543, 139
Trd, 4318812.093, 106
Trd, 4318812.493, 95
Trd, 4318813.943, 101
Trd, 4318814.643, 96
Trd, 4318816.943, 106
Trd, 4318817.143, 107
Trd, 4318817.293, 121
Trd, 4318817.843, 106
Trd, 4318818.343, 87
Trd, 4318818.843, 107
Trd, 4318819.843, 120
Trd, 4318821.393, 139
Trd, 4318821.493, 123
Trd, 4318821.893, 115
Trd, 4318822.193, 115
Trd, 4318822.643, 91
Trd, 4318823.193, 121
Trd, 4318824.643, 132
Trd, 4318824.743, 104
Trd, 4318824.893, 84
Trd, 4318825.743, 109
Trd, 4318826.193, 105
Trd, 4318826.493, 95
Trd, 4318826.593, 94
Trd, 4318827.043, 106
Trd, 4318827.643, 134
Trd, 4318828.293, 109
Trd, 4318828.943, 116
Trd, 4318829.593, 140
Trd, 4318829.843, 121
Trd, 4318830.943, 97
Trd, 4318832.343, 130
Trd, 4318833.843, 81
Trd, 4318834.543, 97
Trd, 4318834.693, 76
Trd, 4318835.393, 88
Trd, 4318835.493, 87
Trd, 4318837.193, 98
Trd, 4318837.293, 77
Trd, 4318837.943, 96
Trd, 4318839.743, 117
Trd, 4318839.843, 95
Trd, 4318840.293, 81
Trd, 4318841.093, 74
Trd, 4318841.743, 94
Trd, 4318842.393, 115
Trd, 4318843.193, 113
Trd, 4318843.843, 100
Trd, 4318844.243, 91
Trd, 4318845.693, 97
Trd, 4318845.993, 106
Trd, 4318846.643, 140
Trd, 4318846.743, 106
Trd, 4318847.243, 100
Trd, 4318847.393, 99
Trd, 4318849.093, 125
Trd, 4318849.643, 119
Trd, 4318849.793, 99
Trd, 4318850.443, 97
Trd, 4318850.693, 81
Trd, 4318850.743, 74
Trd, 4318852.193, 140
Trd, 4318852.843, 94
Trd, 4318852.943, 88
Trd, 4318853.543, 94
Trd, 4318853.993, 86
Trd, 4318854.143, 80
Trd, 4318857.293, 103
Trd, 4318857.893, 113
Trd, 4318858.443, 118
Trd, 4318858.843, 96
Trd, 4318859.243, 109
Trd, 4318860.493, 91
Trd, 4318860.593, 103
Trd, 4318861.643, 86
Trd, 4318862.443, 88
Trd, 4318863.293, 94
Trd, 4318863.993, 64
Trd, 4318865.343, 120
Trd, 4318865.493, 119
Trd, 4318865.743, 120
Trd, 4318866.643, 91
Trd, 4318867.443, 90
Trd, 4318868.243, 117
Trd, 4318868.543, 101
Trd, 4318868.593, 100
Trd, 4318872.193, 133
Trd, 4318872.443, 133
Trd, 4318872.893, 131
Trd, 4318873.193, 112
Trd, 4318873.393, 135
Trd, 4318873.643, 139
Trd, 4318874.093, 90
Trd, 4318875.843, 140
Trd, 4318876.393, 140
Trd, 4318876.593, 102
Trd, 4318877.643, 101
Trd, 4318877.993, 113
Trd, 4318878.193, 110
Trd, 4318878.293, 85
Trd, 4318879.343, 122
Trd, 4318879.693, 95
Trd, 4318880.193, 80
Trd, 4318882.593, 70
Trd, 4318882.693, 64
Trd, 4318883.293, 139
Trd, 4318883.993, 85
Trd, 4318884.543, 107
Trd, 4318884.693, 90
Trd, 4318886.743, 60
Trd, 4318887.193, 63
Trd, 4318887.743, 87
Trd, 4318888.093, 86
Trd, 4318888.393, 82
Trd, 4318888.743, 131
Trd, 4318889.693, 140
Trd, 4318889.943, 93
Trd, 4318890.593, 125
Trd, 4318891.143, 111
Trd, 4318891.443, 102
Trd, 4318892.643, 96
Trd, 4318893.293, 82
Trd, 4318894.093, 112
Trd, 4318895.843, 95
Trd, 4318897.143, 66
Trd, 4318897.243, 75
Trd, 4318897.743, 65
Trd, 4318898.143, 82
Trd, 4318898.393, 87
Trd, 4318899.143, 74
Trd, 4318900.843, 90
Trd, 4318901.643, 94
Trd, 4318901.993, 78
Trd, 4318902.643, 70
Trd, 4318903.143, 84
Trd, 4318905.543, 92
Trd, 4318905.843, 101
Trd, 4318906.093, 107
Trd, 4318907.793, 78
Trd, 4318908.093, 76
Trd, 4318908.843, 95
Trd, 4318909.143, 101
Trd, 4318909.193, 96
Trd, 4318909.293, 68
Trd, 4318911.043, 90
Trd, 4318911.093, 106
Trd, 4318911.343, 90
Trd, 4318911.993, 129
Trd, 4318912.843, 67
Trd, 4318913.443, 86
Trd, 4318913.593, 118
Trd, 4318914.543, 70
Trd, 4318915.743, 102
Trd, 4318915.943, 102
Trd, 4318917.343, 128
Trd, 4318918.093, 140
Trd, 4318918.193, 106
Trd, 4318918.493, 101
Trd, 4318919.793, 108
Trd, 4318919.843, 98
Trd, 4318922.093, 99
Trd, 4318922.243, 101
Trd, 4318922.293, 92
Trd, 4318922.893, 136
Trd, 4318922.943, 85
Trd, 4318924.293, 125
Trd, 4318925.043, 83
Trd, 4318925.443, 77
Trd, 4318926.943, 86
Trd, 4318927.893, 82
Trd, 4318927.993, 99
Trd, 4318928.693, 81
Trd, 4318928.843, 86
Trd, 4318930.093, 116
Trd, 4318930.143, 110
Trd, 4318930.343, 66
Trd, 4318930.993, 66
Trd, 4318931.793, 84
Trd, 4318932.543, 107
Trd, 4318932.893, 107
Trd, 4318933.643, 102
Trd, 4318934.893, 85
Trd, 4318935.743, 139
Trd, 4318936.793, 133
Trd, 4318936.943, 132
Trd, 4318937.843, 94
Trd, 4318939.143, 85
Trd, 4318939.643, 82
Trd, 4318941.043, 85
Trd, 4318941.943, 95
Trd, 4318942.443, 117
Trd, 4318942.893, 106
Trd, 4318943.793, 106
Trd, 4318944.593, 107
Trd, 4318944.743, 105
Trd, 4318944.893, 135
Trd, 4318944.993, 100
Trd, 4318945.093, 81
Trd, 4318947.193, 126
Trd, 4318947.693, 115
Trd, 4318949.393, 138
Trd, 4318949.543, 104
Trd, 4318949.643, 93
Trd, 4318950.293, 106
Trd, 4318951.243, 122
Trd, 4318951.943, 109
Trd, 4318952.043, 89
Trd, 4318952.593, 140
Trd, 4318954.093, 125
Trd, 4318954.543, 113
Trd, 4318954.993, 91
Trd, 4318955.193, 91
Trd, 4318955.243, 90
Trd, 4318955.643, 94
Trd, 4318955.943, 132
Trd, 4318957.743, 69
Trd, 4318958.593, 116
Trd, 4318960.443, 86
Trd, 4318960.493, 85
Trd, 4318961.843, 84
Trd, 4318961.993, 79
Trd, 4318963.193, 91
Trd, 4318963.543, 84
Trd, 4318964.993, 67
Trd, 4318965.643, 108
Trd, 4318966.443, 83
Trd, 4318967.843, 81
Trd, 4318968.543, 115
Trd, 4318968.693, 140
Trd, 4318968.893, 84
Trd, 4318969.543, 139
Trd, 4318969.793, 111
Trd, 4318970.143, 108
Trd, 4318971.643, 96
Trd, 4318972.593, 132
Trd, 4318972.993, 91
Trd, 4318973.993, 110
Trd, 4318974.843, 102
Trd, 4318975.793, 98
Trd, 4318976.443, 76
Trd, 4318977.893, 133
Trd, 4318978.293, 120
Trd, 4318978.493, 106
Trd, 4318979.393, 109
Trd, 4318979.443, 136
Trd, 4318980.393, 84
Trd, 4318980.593, 69
Trd, 4318980.943, 111
Trd, 4318982.143, 87
Trd, 4318983.143, 98
Trd, 4318983.643, 97
Trd, 4318983.893, 113
Trd, 4318984.643, 97
Trd, 4318984.893, 96
Trd, 4318984.993, 91
Trd, 4318985.143, 91
Trd, 4318987.093, 83
Trd, 4318987.193, 134
Trd, 4318988.143, 138
Trd, 4318988.293, 96
Trd, 4318989.243, 94
Trd, 4318989.293, 84
Trd, 4318990.343, 136
Trd, 4318991.443, 130
Trd, 4318992.143, 107
Trd, 4318992.643, 111
Trd, 4318994.443, 89
Trd, 4318994.543, 101
Trd, 4318995.693, 99
Trd, 4318995.893, 86
Trd, 4318997.093, 124
Trd, 4318997.193, 93
Trd, 4318997.743, 78
Trd, 4318998.293, 109
Trd, 4318998.493, 91
Trd, 4319000.543, 131
Trd, 4319000.593, 67
Trd, 4319001.543, 118
Trd, 4319002.093, 117
Trd, 4319004.443, 92
Trd, 4319004.643, 97
Trd, 4319004.793, 123
Trd, 4319005.993, 94
Trd, 4319006.143, 89
Trd, 4319007.093, 111
Trd, 4319007.343, 74
Trd, 4319009.593, 98
Trd, 4319009.643, 103
Trd, 4319010.393, 124
Trd, 4319010.493, 88
Trd, 4319012.693, 74
Trd, 4319013.193, 140
Trd, 4319014.743, 138
Trd, 4319014.793, 123
Trd, 4319015.193, 112
Trd, 4319015.593, 96
Trd, 4319015.843, 89
Trd, 4319015.993, 81
Trd, 4319017.543, 103
Trd, 4319018.343, 134
Trd, 4319019.093, 89
Trd, 4319019.343, 140
Trd, 4319020.393, 135
Trd, 4319021.793, 132
Trd, 4319023.243, 123
Trd, 4319023.493, 91
Trd, 4319023.793, 123
Trd, 4319024.293, 87
Trd, 4319025.293, 102
Trd, 4319025.343, 108
Trd, 4319026.193, 87
Trd, 4319026.993, 102
Trd, 4319029.243, 102
Trd, 4319029.543, 112
Trd, 4319029.643, 80
Trd, 4319031.043, 108
Trd, 4319031.143, 115
Trd, 4319031.693, 120
Trd, 4319033.193, 112
Trd, 4319033.443, 136
Trd, 4319033.493, 78
Trd, 4319034.943, 117
Trd, 4319035.693, 113
Trd, 4319035.843, 80
Trd, 4319036.693, 63
Trd, 4319036.743, 110
Trd, 4319037.343, 71
Trd, 4319038.493, 68
Trd, 4319039.993, 68
Trd, 4319040.843, 72
Trd, 4319041.593, 106
Trd, 4319041.993, 128
Trd, 4319043.143, 91
Trd, 4319043.243, 103
Trd, 4319043.893, 91
Trd, 4319043.993, 100
Trd, 4319045.493, 132
Trd, 4319046.043, 129
Trd, 4319047.443, 107
Trd, 4319049.143, 140
Trd, 4319049.743, 123
Trd, 4319049.943, 119
Trd, 4319051.643, 107
Trd, 4319051.743, 79
Trd, 4319052.343, 95
Trd, 4319052.943, 79
Trd, 4319053.243, 114
Trd, 4319054.043, 74
Trd, 4319055.393, 140
Trd, 4319055.893, 113
Trd, 4319056.743, 65
Trd, 4319057.443, 140
Trd, 4319057.793, 89
Trd, 4319058.093, 91
Trd, 4319058.243, 99
Trd, 4319059.893, 98
Trd, 4319060.993, 101
Trd, 4319061.093, 92
Trd, 4319061.543, 88
Trd, 4319062.143, 78
Trd, 4319064.493, 140
Trd, 4319065.043, 137
Trd, 4319065.343, 110
Trd, 4319066.793, 112
Trd, 4319067.193, 108
Trd, 4319068.493, 100
Trd, 4319069.943, 115
Trd, 4319070.193, 121
Trd, 4319070.693, 128
Trd, 4319070.843, 98
Trd, 4319071.293, 110
Trd, 4319071.493, 96
Trd, 4319072.093, 96
Trd, 4319073.343, 92
Trd, 4319073.693, 83
Trd, 4319073.993, 81
Trd, 4319074.193, 78
Trd, 4319076.693, 120
Trd, 4319077.193, 139
Trd, 4319077.843, 95
Trd, 4319078.543, 85
Trd, 4319078.743, 130
Trd, 4319078.943, 109
Trd, 4319079.743, 78
Trd, 4319080.343, 111
Trd, 4319080.493, 76
Trd, 4319080.893, 104
Trd, 4319081.443, 73
Trd, 4319082.193, 87
Trd, 4319082.643, 108
Trd, 4319083.493, 67
Trd, 4319084.093, 62
Trd, 4319085.193, 85
Trd, 4319085.393, 60
Trd, 4319087.043, 127
Trd, 4319087.693, 101
Trd, 4319088.093, 97
Trd, 4319088.993, 119
Trd, 4319089.743, 123
Trd, 4319090.893, 98
Trd, 4319090.993, 96
Trd, 4319092.243, 115
Trd, 4319092.643, 78
Trd, 4319092.993, 78
Trd, 4319093.743, 140
Trd, 4319093.843, 122
Trd, 4319094.243, 111
Trd, 4319095.193, 140
Trd, 4319096.343, 111
Trd, 4319097.143, 106
Trd, 4319097.793, 103
Trd, 4319098.993, 124
Trd, 4319100.243, 114
Trd, 4319100.343, 110
Trd, 4319100.393, 133
Trd, 4319101.193, 84
Trd, 4319101.393, 109
Trd, 4319101.593, 79
Trd, 4319102.243, 123
Trd, 4319102.593, 114
Trd, 4319103.443, 131
Trd, 4319103.643, 128
Trd, 4319104.593, 118
Trd, 4319106.143, 115
Trd, 4319106.493, 85
Trd, 4319108.043, 109
Trd, 4319108.493, 106
Trd, 4319108.943, 105
Trd, 4319109.293, 95
Trd, 4319110.693, 117
Trd, 4319111.443, 129
Trd, 4319111.593, 106
Trd, 4319111.743, 91
Trd, 4319111.943, 88
Trd, 4319112.193, 97
Trd, 4319114.293, 87
Trd, 4319114.793, 95
Trd, 4319116.193, 112
Trd, 4319116.643, 129
Trd, 4319116.843, 110
Trd, 4319117.493, 72
Trd, 4319117.743, 83
Trd, 4319119.343, 62
Trd, 4319119.493, 78
Trd, 4319119.843, 82
Trd, 4319122.043, 81
Trd, 4319122.143, 71
Trd, 4319122.443, 92
Trd, 4319123.843, 66
Trd, 4319124.443, 88
Trd, 4319124.593, 79
Trd, 4319124.993, 67
Trd, 4319125.293, 68
Trd, 4319126.943, 62
Trd, 4319128.193, 119
Trd, 4319128.443, 100
Trd, 4319128.893, 95
Trd, 4319129.943, 113
Trd, 4319130.493, 101
Trd, 4319130.993, 101
Trd, 4319132.143, 88
Trd, 4319133.593, 109
Trd, 4319133.893, 84
Trd, 4319134.143, 122
Trd, 4319135.193, 81
Trd, 4319136.043, 70
Trd, 4319136.393, 80
Trd, 4319136.843, 98
Trd, 4319137.643, 100
Trd, 4319138.043, 81
Trd, 4319139.393, 140
Trd, 4319139.793, 85
Trd, 4319140.093, 100
Trd, 4319141.243, 90
Trd, 4319141.843, 78
Trd, 4319142.893, 75
Trd, 4319143.293, 77
Trd, 4319143.493, 80
Trd, 4319145.543, 103
Trd, 4319145.643, 93
Trd, 4319146.593, 109
Trd, 4319146.843, 106
Trd, 4319147.793, 86
Trd, 4319150.293, 82
Trd, 4319150.493, 81
Trd, 4319151.393, 92
Trd, 4319151.493, 79
Trd, 4319152.493, 108
Trd, 4319153.343, 112
Trd, 4319153.393, 98
Trd, 4319153.593, 96
Trd, 4319153.943, 135
Trd, 4319156.543, 117
Trd, 4319156.943, 103
Trd, 4319158.193, 140
Trd, 4319158.393, 138
Trd, 4319158.493, 107
Trd, 4319158.893, 106
Trd, 4319160.993, 104
Trd, 4319162.043, 124
Trd, 4319162.143, 100
Trd, 4319162.243, 98
Trd, 4319162.693, 139
Trd, 4319163.493, 110
Trd, 4319164.193, 109
Trd, 4319164.293, 79
Trd, 4319164.393, 72
Trd, 4319165.193, 110
Trd, 4319166.293, 132
Trd, 4319168.893, 124
Trd, 4319168.993, 132
Trd, 4319169.443, 99
Trd, 4319170.543, 132
Trd, 4319171.643, 120
Trd, 4319172.293, 123
Trd, 4319172.843, 110
Trd, 4319173.243, 104
Trd, 4319174.743, 104
Trd, 4319174.893, 103
Trd, 4319175.193, 84
Trd, 4319175.593, 99
Trd, 4319175.893, 83
Trd, 4319176.943, 86
Trd, 4319177.293, 113
Trd, 4319177.843, 69
Trd, 4319178.193, 71
Trd, 4319179.743, 71
Trd, 4319180.193, 109
Trd, 4319180.343, 88
Trd, 4319180.643, 87
Trd, 4319183.443, 113
Trd, 4319183.643, 104
Trd, 4319184.293, 103
Trd, 4319184.793, 92
Trd, 4319186.093, 109
Trd, 4319186.693, 90
Trd, 4319187.843, 82
Trd, 4319189.693, 69
Trd, 4319189.793, 90
Trd, 4319189.843, 95
Trd, 4319192.193, 91
Trd, 4319193.193, 120
Trd, 4319193.843, 69
Trd, 4319194.293, 95
Trd, 4319194.643, 122
Trd, 4319195.193, 98
Trd, 4319195.893, 94
Trd, 4319196.393, 71
Trd, 4319197.893, 68
Trd, 4319198.843, 108
Trd, 4319199.343, 107
Trd, 4319199.743, 87
Trd, 4319199.993, 138
Trd, 4319200.243, 110
Trd, 4319200.493, 62
Trd, 4319201.543, 82
Trd, 4319202.643, 102
Trd, 4319203.943, 86
Trd, 4319204.193, 72
Trd, 4319204.593, 70
Trd, 4319205.693, 139
Trd, 4319206.193, 140
Trd, 4319206.743, 132
Trd, 4319206.793, 116
Trd, 4319207.743, 109
Trd, 4319210.093, 140
Trd, 4319210.493, 111
Trd, 4319210.843, 108
Trd, 4319212.943, 132
Trd, 4319213.043, 105
Trd, 4319213.893, 140
Trd, 4319214.443, 140
Trd, 4319214.743, 107
Trd, 4319215.693, 140
Trd, 4319217.343, 125
Trd, 4319217.593, 104
Trd, 4319219.043, 107
Trd, 4319219.743, 101
Trd, 4319220.193, 113
Trd, 4319220.243, 88
Trd, 4319221.643, 138
Trd, 4319222.093, 99
Trd, 4319222.243, 88
Trd, 4319223.493, 68
Trd, 4319223.593, 71
Trd, 4319224.743, 74
Trd, 4319225.193, 64
Trd, 4319225.393, 72
Trd, 4319226.943, 81
Trd, 4319227.843, 100
Trd, 4319228.743, 85
Trd, 4319229.093, 73
Trd, 4319230.593, 82
Trd, 4319231.493, 110
Trd, 4319231.943, 121
Trd, 4319232.143, 110
Trd, 4319232.993, 104
Trd, 4319233.643, 96
Trd, 4319234.243, 85
Trd, 4319234.293, 80
Trd, 4319235.443, 63
Trd, 4319236.493, 69
Trd, 4319238.793, 96
Trd, 4319239.393, 87
Trd, 4319240.193, 79
Trd, 4319240.693, 76
Trd, 4319241.193, 112
Trd, 4319241.743, 104
Trd, 4319243.393, 118
Trd, 4319245.343, 127
Trd, 4319246.793, 111
Trd, 4319247.393, 101
Trd, 4319247.493, 117
Trd, 4319248.043, 116
Trd, 4319249.993, 138
Trd, 4319250.893, 123
Trd, 4319251.043, 120
Trd, 4319251.543, 98
Trd, 4319252.593, 90
Trd, 4319252.893, 87
Trd, 4319253.493, 76
Trd, 4319254.193, 108
Trd, 4319254.243, 128
Trd, 4319255.443, 135
Trd, 4319255.643, 108
Trd, 4319256.293, 107
Trd, 4319256.393, 96
Trd, 4319256.643, 116
Trd, 4319259.543, 109
Trd, 4319260.643, 140
Trd, 4319260.843, 115
Trd, 4319261.143, 111
Trd, 4319261.443, 95
Trd, 4319263.593, 118
Trd, 4319263.843, 117
Trd, 4319263.943, 112
Trd, 4319265.593, 122
Trd, 4319267.143, 125
Trd, 4319267.343, 135
Trd, 4319267.493, 94
Trd, 4319267.943, 131
Trd, 4319268.593, 87
Trd, 4319269.443, 88
Trd, 4319269.543, 87
Trd, 4319270.543, 86
Trd, 4319272.093, 94
Trd, 4319272.743, 95
Trd, 4319272.943, 104
Trd, 4319273.543, 113
Trd, 4319273.893, 83
Trd, 4319275.643, 99
Trd, 4319275.893, 91
Trd, 4319276.593, 133
Trd, 4319276.743, 82
Trd, 4319277.443, 62
Trd, 4319279.743, 99
Trd, 4319280.343, 85
Trd, 4319280.593, 83
Trd, 4319280.793, 118
Trd, 4319282.193, 117
Trd, 4319283.093, 99
Trd, 4319283.743, 119
Trd, 4319283.793, 122
Trd, 4319284.243, 120
Trd, 4319284.993, 87
Trd, 4319286.543, 91
Trd, 4319287.093, 106
Trd, 4319287.693, 104
Trd, 4319288.793, 71
Trd, 4319289.743, 139
Trd, 4319291.943, 112
Trd, 4319292.043, 99
Trd, 4319292.193, 128
Trd, 4319292.893, 86
Trd, 4319293.043, 82
Trd, 4319293.693, 139
Trd, 4319294.993, 131
Trd, 4319295.093, 127
Trd, 4319295.143, 109
Trd, 4319295.943, 136
Trd, 4319296.543, 90
Trd, 4319298.093, 77
Trd, 4319298.293, 137
Trd, 4319299.393, 97
Trd, 4319300.893, 90
Trd, 4319301.243, 116
Trd, 4319301.493, 110
Trd, 4319303.293, 116
Trd, 4319304.193, 127
Trd, 4319304.443, 112
Trd, 4319304.743, 108
Trd, 4319305.493, 139
Trd, 4319305.693, 128
Trd, 4319306.243, 79
Trd, 4319307.293, 102
Trd, 4319308.243, 93
Trd, 4319308.843, 90
Trd, 4319309.093, 97
Trd, 4319310.243, 92
Trd, 4319311.293, 121
Trd, 4319311.393, 120
Trd, 4319312.293, 139
Trd, 4319312.793, 109
Trd, 4319312.993, 95
Trd, 4319314.593, 94
Trd, 4319314.993, 92
Trd, 4319315.243, 92
Trd, 4319315.443, 64
Trd, 4319316.143, 130
Trd, 4319316.593, 104
Trd, 4319317.493, 71
Trd, 4319320.093, 137
Trd, 4319321.243, 138
Trd, 4319321.393, 132
Trd, 4319322.193, 130
Trd, 4319323.143, 114
Trd, 4319323.193, 111
Trd, 4319325.843, 136
Trd, 4319326.093, 126
Trd, 4319326.743, 130
Trd, 4319327.193, 124
Trd, 4319327.393, 119
Trd, 4319327.893, 118
Trd, 4319328.143, 130
Trd, 4319328.993, 101
Trd, 4319330.193, 135
Trd, 4319330.393, 91
Trd, 4319330.543, 90
Trd, 4319331.143, 140
Trd, 4319332.293, 104
Trd, 4319332.593, 82
Trd, 4319333.393, 108
Trd, 4319334.143, 88
Trd, 4319334.793, 81
Trd, 4319335.693, 139
Trd, 4319337.693, 129
Trd, 4319337.793, 139
Trd, 4319337.993, 130
Trd, 4319338.293, 127
Trd, 4319338.743, 101
Trd, 4319340.893, 86
Trd, 4319341.143, 82
Trd, 4319341.293, 99
Trd, 4319342.743, 84
Trd, 4319343.193, 79
Trd, 4319343.393, 137
Trd, 4319344.593, 62
Trd, 4319345.393, 64
Trd, 4319346.343, 92
Trd, 4319346.793, 101
Trd, 4319346.993, 67
Trd, 4319348.343, 75
Trd, 4319348.643, 69
Trd, 4319349.393, 80
Trd, 4319350.693, 64
Trd, 4319351.393, 66
Trd, 4319351.743, 93
Trd, 4319351.993, 96
Trd, 4319352.843, 116
Trd, 4319353.143, 116
Trd, 4319354.293, 123
Trd, 4319355.493, 77
Trd, 4319356.193, 72
Trd, 4319356.443, 77
Trd, 4319356.743, 64
Trd, 4319357.393, 89
Trd, 4319357.743, 111
Trd, 4319359.893, 140
Trd, 4319360.093, 125
Trd, 4319360.393, 114
Trd, 4319361.593, 127
Trd, 4319362.043, 119
Trd, 4319362.643, 71
Trd, 4319362.993, 136
Trd, 4319363.393, 118
Trd, 4319364.193, 95
Trd, 4319364.493, 103
Trd, 4319364.793, 140
Trd, 4319365.893, 93
Trd, 4319366.743, 92
Trd, 4319367.843, 93
Trd, 4319367.943, 87
Trd, 4319368.693, 78
Trd, 4319369.643, 91
Trd, 4319370.193, 119
Trd, 4319371.043, 111
Trd, 4319371.143, 103
Trd, 4319372.093, 96
Trd, 4319374.643, 140
Trd, 4319375.493, 113
Trd, 4319375.993, 120
Trd, 4319376.543, 98
Trd, 4319376.993, 102
Trd, 4319377.093, 102
Trd, 4319378.293, 98
Trd, 4319378.493, 101
Trd, 4319378.843, 129
Trd, 4319380.743, 107
Trd, 4319382.093, 67
Trd, 4319382.143, 97
Trd, 4319382.193, 105
Trd, 4319383.443, 133
Trd, 4319384.743, 77
Trd, 4319384.793, 75
Trd, 4319385.693, 65
Trd, 4319385.893, 80
Trd, 4319387.893, 134
Trd, 4319388.493, 133
Trd, 4319388.843, 112
Trd, 4319389.193, 109
Trd, 4319390.443, 139
Trd, 4319392.493, 122
Trd, 4319392.793, 131
Trd, 4319393.143, 116
Trd, 4319394.093, 98
Trd, 4319394.843, 87
Trd, 4319395.743, 113
Trd, 4319396.043, 121
Trd, 4319397.043, 124
Trd, 4319397.593, 120
Trd, 4319397.693, 103
Trd, 4319398.643, 109
Trd, 4319398.893, 122
Trd, 4319400.393, 101
Trd, 4319400.843, 73
Trd, 4319400.893, 74
Trd, 4319400.943, 67
Trd, 4319402.693, 116
Trd, 4319403.343, 120
Trd, 4319403.893, 123
Trd, 4319404.693, 85
Trd, 4319404.943, 102
Trd, 4319405.343, 127
Trd, 4319405.643, 128
Trd, 4319405.793, 112
Trd, 4319406.393, 111
Trd, 4319406.493, 95
Trd, 4319409.493, 86
Trd, 4319409.543, 93
Trd, 4319409.643, 102
Trd, 4319410.493, 108
Trd, 4319411.743, 100
Trd, 4319413.643, 77
Trd, 4319413.943, 90
Trd, 4319413.993, 75
Trd, 4319414.393, 96
Trd, 4319414.843, 66
Trd, 4319417.293, 119
Trd, 4319417.993, 123
Trd, 4319418.043, 122
Trd, 4319418.593, 91
Trd, 4319418.943, 86
Trd, 4319419.543, 82
Trd, 4319420.493, 80
Trd, 4319421.143, 98
Trd, 4319421.493, 104
Trd, 4319422.643, 110
Trd, 4319423.043, 90
Trd, 4319423.093, 72
Trd, 4319423.993, 68
Trd, 4319424.293, 74
Trd, 4319424.593, 68
Trd, 4319426.193, 73
Trd, 4319426.593, 72
Trd, 4319427.543, 134
Trd, 4319428.043, 86
Trd, 4319428.643, 76
Trd, 4319429.393, 125
Trd, 4319431.143, 92
Trd, 4319431.893, 117
Trd, 4319432.193, 88
Trd, 4319433.093, 93
Trd, 4319434.493, 96
Trd, 4319434.793, 110
Trd, 4319436.143, 138
Trd, 4319436.493, 110
Trd, 4319436.943, 100
Trd, 4319437.643, 114
Trd, 4319438.493, 103
Trd, 4319438.693, 102
Trd, 4319439.293, 85
Trd, 4319439.793, 90
Trd, 4319440.593, 83
Trd, 4319441.193, 124
Trd, 4319443.243, 123
Trd, 4319443.793, 101
Trd, 4319443.993, 106
Trd, 4319444.593, 90
Trd, 4319444.643, 94
Trd, 4319446.543, 120
Trd, 4319446.893, 134
Trd, 4319447.643, 66
Trd, 4319448.843, 120
Trd, 4319449.293, 140
Trd, 4319449.793, 106
Trd, 4319450.043, 93
Trd, 4319450.493, 83
Trd, 4319451.943, 112
Trd, 4319452.193, 111
Trd, 4319452.293, 108
Trd, 4319452.443, 70
Trd, 4319453.193, 80
Trd, 4319453.343, 70
Trd, 4319455.143, 92
Trd, 4319456.043, 90
Trd, 4319456.293, 83
Trd, 4319456.443, 104
Trd, 4319458.243, 109
Trd, 4319458.293, 108
Trd, 4319458.843, 100
Trd, 4319459.493, 95
Trd, 4319459.843, 94
Trd, 4319459.893, 85
Trd, 4319461.643, 127
Trd, 4319462.043, 101
Trd, 4319463.593, 119
Trd, 4319464.393, 121
Trd, 4319464.493, 110
Trd, 4319465.443, 114
Trd, 4319465.643, 138
Trd, 4319466.593, 95
Trd, 4319467.943, 138
Trd, 4319467.993, 127
Trd, 4319468.993, 130
Trd, 4319470.393, 92
Trd, 4319470.693, 133
Trd, 4319470.943, 91
Trd, 4319471.093, 81
Trd, 4319471.143, 68
Trd, 4319471.643, 110
Trd, 4319471.943, 88
Trd, 4319473.643, 92
Trd, 4319474.343, 93
Trd, 4319474.543, 69
Trd, 4319475.893, 139
Trd, 4319476.443, 106
Trd, 4319476.493, 105
Trd, 4319476.643, 75
Trd, 4319476.993, 102
Trd, 4319478.093, 129
Trd, 4319479.793, 127
Trd, 4319480.543, 81
Trd, 4319480.593, 91
Trd, 4319481.743, 107
Trd, 4319481.993, 86
Trd, 4319482.893, 73
Trd, 4319483.243, 105
Trd, 4319485.543, 87
Trd, 4319486.043, 109
Trd, 4319487.193, 123
Trd, 4319487.543, 109
Trd, 4319487.943, 127
Trd, 4319488.443, 119
Trd, 4319489.093, 114
Trd, 4319489.143, 112
Trd, 4319489.893, 122
Trd, 4319490.093, 103
Trd, 4319490.543, 99
Trd, 4319490.943, 108
Trd, 4319491.293, 98
Trd, 4319491.693, 114
Trd, 4319492.343, 134
Trd, 4319493.893, 62
Trd, 4319494.693, 81
Trd, 4319495.093, 90
Trd, 4319496.393, 106
Trd, 4319496.793, 122
Trd, 4319496.843, 93
Trd, 4319497.643, 78
Trd, 4319498.043, 68
Trd, 4319498.843, 114
Trd, 4319499.093, 85
Trd, 4319499.743, 106
Trd, 4319499.893, 79
Trd, 4319501.743, 81
Trd, 4319502.643, 137
Trd, 4319502.743, 111
Trd, 4319503.893, 91
Trd, 4319504.093, 103
Trd, 4319504.693, 140
Trd, 4319505.143, 101
Trd, 4319506.543, 104
Trd, 4319507.243, 88
Trd, 4319507.443, 112
Trd, 4319507.843, 73
Trd, 4319508.093, 86
Trd, 4319509.793, 117
Trd, 4319510.293, 124
Trd, 4319510.643, 95
Trd, 4319510.943, 96
Trd, 4319511.293, 140
Trd, 4319512.543, 125
Trd, 4319513.143, 77
Trd, 4319514.543, 140
Trd, 4319515.193, 100
Trd, 4319515.593, 121
Trd, 4319517.143, 125
Trd, 4319517.793, 140
Trd, 4319519.093, 111
Trd, 4319519.893, 102
Trd, 4319520.143, 112
Trd, 4319520.993, 83
Trd, 4319521.543, 93
Trd, 4319522.493, 101
Trd, 4319522.893, 140
Trd, 4319522.943, 139
Trd, 4319523.243, 110
Trd, 4319524.593, 109
Trd, 4319524.993, 98
Trd, 4319525.143, 91
Trd, 4319526.193, 107
Trd, 4319527.943, 123
Trd, 4319528.143, 100
Trd, 4319528.793, 81
Trd, 4319528.943, 79
Trd, 4319529.343, 88
Trd, 4319530.243, 86
Trd, 4319531.443, 93
Trd, 4319531.943, 109
Trd, 4319532.293, 108
Trd, 4319533.593, 93
Trd, 4319534.643, 125
Trd, 4319535.743, 94
Trd, 4319535.793, 92
Trd, 4319536.993, 78
Trd, 4319538.293, 78
Trd, 4319538.693, 97
Trd, 4319539.143, 87
Trd, 4319539.343, 101
Trd, 4319540.293, 86
Trd, 4319540.743, 100
Trd, 4319541.793, 95
Trd, 4319542.843, 98
Trd, 4319543.343, 118
Trd, 4319543.593, 85
Trd, 4319544.293, 136
Trd, 4319546.143, 140
Trd, 4319546.843, 140
Trd, 4319546.893, 131
Trd, 4319547.993, 102
Trd, 4319549.093, 90
Trd, 4319549.343, 107
Trd, 4319550.493, 124
Trd, 4319551.043, 115
Trd, 4319553.143, 121
Trd, 4319554.543, 98
Trd, 4319554.943, 98
Trd, 4319555.493, 118
Trd, 4319556.293, 118
Trd, 4319556.343, 117
Trd, 4319557.193, 110
Trd, 4319557.293, 96
Trd, 4319557.593, 80
Trd, 4319559.343, 123
Trd, 4319559.443, 122
Trd, 4319559.843, 118
Trd, 4319560.143, 126
Trd, 4319562.593, 118
Trd, 4319562.843, 84
Trd, 4319562.993, 77
Trd, 4319563.243, 86
Trd, 4319563.893, 61
Trd, 4319563.993, 98
Trd, 4319564.293, 82
Trd, 4319564.543, 81
Trd, 4319567.293, 72
Trd, 4319569.793, 80
Trd, 4319570.793, 74
Trd, 4319570.943, 81
Trd, 4319572.143, 78
Trd, 4319573.093, 76
Trd, 4319573.193, 75
Trd, 4319573.243, 77
Trd, 4319574.893, 107
Trd, 4319575.243, 92
Trd, 4319575.843, 76
Trd, 4319576.593, 73
Trd, 4319577.243, 93
Trd, 4319579.193, 140
Trd, 4319580.793, 136
Trd, 4319581.093, 109
Trd, 4319581.693, 103
Trd, 4319582.193, 127
Trd, 4319583.193, 98
Trd, 4319583.243, 78
Trd, 4319583.693, 90
Trd, 4319585.093, 82
Trd, 4319585.243, 90
Trd, 4319585.293, 102
Trd, 4319585.793, 100
Trd, 4319586.043, 81
Trd, 4319588.143, 87
Trd, 4319588.643, 87
Trd, 4319589.843, 99
Trd, 4319590.543, 66
Trd, 4319590.943, 139
Trd, 4319591.693, 115
Trd, 4319592.493, 114
Trd, 4319592.843, 92
Trd, 4319592.993, 132
Trd, 4319593.193, 72
Trd, 4319594.043, 89
Trd, 4319594.193, 88
Trd, 4319595.993, 122
Trd, 4319596.093, 102
Trd, 4319597.093, 118
Trd, 4319598.043, 120
Trd, 4319599.943, 90
Trd, 4319600.143, 79
Trd, 4319600.193, 96
Trd, 4319600.343, 112
Trd, 4319601.143, 109
Trd, 4319603.093, 120
Trd, 4319604.743, 65
Trd, 4319604.893, 67
Trd, 4319604.943, 72
Trd, 4319605.693, 116
Trd, 4319606.443, 101
Trd, 4319606.593, 76
Trd, 4319609.043, 85
Trd, 4319609.293, 117
Trd, 4319609.743, 114
Trd, 4319609.793, 70
Trd, 4319610.643, 84
Trd, 4319612.043, 85
Trd, 4319612.193, 136
Trd, 4319612.743, 84
Trd, 4319613.093, 89
Trd, 4319613.393, 103
Trd, 4319614.943, 92
Trd, 4319615.393, 81
Trd, 4319615.693, 77
Trd, 4319617.443, 125
Trd, 4319617.543, 124
Trd, 4319617.693, 122
Trd, 4319617.993, 101
Trd, 4319619.093, 122
Trd, 4319619.843, 137
Trd, 4319620.493, 60
Trd, 4319621.693, 119
Trd, 4319621.743, 98
Trd, 4319622.143, 127
Trd, 4319622.743, 128
Trd, 4319624.193, 93
Trd, 4319626.193, 102
Trd, 4319626.393, 116
Trd, 4319627.543, 111
Trd, 4319627.843, 101
Trd, 4319628.393, 140
Trd, 4319628.593, 113
Trd, 4319629.743, 98
Trd, 4319630.843, 113
Trd, 4319631.293, 92
Trd, 4319633.493, 139
Trd, 4319633.693, 112
Trd, 4319633.843, 139
Trd, 4319634.043, 99
Trd, 4319634.643, 100
Trd, 4319634.693, 108
Trd, 4319637.293, 113
Trd, 4319638.393, 112
Trd, 4319638.743, 116
Trd, 4319638.843, 107
Trd, 4319639.143, 95
Trd, 4319639.593, 102
Trd, 4319640.193, 94
Trd, 4319640.293, 140
Trd, 4319640.743, 89
Trd, 4319640.993, 87
Trd, 4319641.693, 107
Trd, 4319641.793, 104
Trd, 4319642.343, 84
Trd, 4319642.843, 69
Trd, 4319643.193, 89
Trd, 4319643.893, 82
Trd, 4319644.543, 69
Trd, 4319646.243, 63
Trd, 4319647.143, 63
Trd, 4319647.543, 140
Trd, 4319647.593, 131
Trd, 4319648.193, 76
Trd, 4319648.793, 84
Trd, 4319649.643, 80
Trd, 4319650.693, 110
Trd, 4319651.743, 86
Trd, 4319652.393, 82
Trd, 4319652.793, 79
Trd, 4319653.643, 83
Trd, 4319653.693, 101
Trd, 4319654.743, 122
Trd, 4319655.093, 112
Trd, 4319655.443, 111
Trd, 4319655.543, 102
Trd, 4319656.843, 102
Trd, 4319657.343, 129
Trd, 4319657.693, 64
Trd, 4319659.093, 115
Trd, 4319659.443, 126
Trd, 4319660.943, 139
Trd, 4319662.293, 117
Trd, 4319662.593, 114
Trd, 4319663.093, 112
Trd, 4319663.493, 93
Trd, 4319664.243, 90
Trd, 4319666.293, 89
Trd, 4319667.493, 140
Trd, 4319667.693, 140
Trd, 4319668.243, 114
Trd, 4319669.043, 89
Trd, 4319670.343, 112
Trd, 4319670.943, 110
Trd, 4319671.543, 82
Trd, 4319671.993, 132
Trd, 4319672.643, 100
Trd, 4319674.393, 91
Trd, 4319674.593, 110
Trd, 4319674.643, 111
Trd, 4319675.943, 80
Trd, 4319678.243, 96
Trd, 4319679.093, 86
Trd, 4319679.343, 115
Trd, 4319679.543, 127
Trd, 4319680.293, 97
Trd, 4319682.043, 127
Trd, 4319683.443, 100
Trd, 4319684.043, 123
Trd, 4319684.593, 91
Trd, 4319684.893, 77
Trd, 4319684.943, 76
Trd, 4319686.243, 106
Trd, 4319686.843, 89
Trd, 4319687.443, 88
Trd, 4319687.893, 111
Trd, 4319688.043, 86
Trd, 4319689.243, 98
Trd, 4319689.293, 96
Trd, 4319689.943, 102
Trd, 4319690.343, 140
Trd, 4319690.993, 92
Trd, 4319693.243, 88
Trd, 4319693.393, 83
Trd, 4319694.093, 62
Trd, 4319694.343, 67
Trd, 4319694.643, 95
Trd, 4319696.243, 112
Trd, 4319697.543, 121
Trd, 4319698.593, 110
Trd, 4319699.143, 103
Trd, 4319699.343, 90
Trd, 4319699.693, 129
Trd, 4319699.793, 118
Trd, 4319700.793, 108
Trd, 4319700.843, 123
Trd, 4319702.293, 114
Trd, 4319704.493, 110
Trd, 4319704.943, 105
Trd, 4319705.993, 79
Trd, 4319706.093, 78
Trd, 4319706.843, 82
Trd, 4319707.693, 135
Trd, 4319708.093, 100
Trd, 4319708.493, 124
Trd, 4319709.493, 73
Trd, 4319710.693, 84
Trd, 4319712.393, 120
Trd, 4319712.443, 107
Trd, 4319712.643, 127
Trd, 4319713.293, 135
Trd, 4319713.693, 84
Trd, 4319714.743, 66
Trd, 4319715.243, 83
Trd, 4319715.493, 85
Trd, 4319715.843, 102
Trd, 4319717.743, 139
Trd, 4319717.943, 111
Trd, 4319718.393, 120
Trd, 4319718.543, 103
Trd, 4319719.043, 109
Trd, 4319720.043, 101
Trd, 4319721.043, 109
Trd, 4319721.293, 108
Trd, 4319722.793, 105
Trd, 4319723.593, 87
Trd, 4319724.493, 63
Trd, 4319724.793, 75
Trd, 4319724.843, 79
Trd, 4319726.443, 67
Trd, 4319726.543, 81
Trd, 4319727.443, 77
Trd, 4319728.093, 115
Trd, 4319728.793, 105
Trd, 4319728.843, 104
Trd, 4319730.093, 117
Trd, 4319730.743, 109
Trd, 4319732.243, 94
Trd, 4319733.393, 81
Trd, 4319734.243, 81
Trd, 4319734.693, 102
Trd, 4319735.093, 133
Trd, 4319735.843, 113
Trd, 4319736.193, 114
Trd, 4319736.543, 138
Trd, 4319737.193, 140
Trd, 4319737.293, 80
Trd, 4319739.893, 139
Trd, 4319740.293, 84
Trd, 4319740.893, 90
Trd, 4319741.643, 102
Trd, 4319742.393, 129
Trd, 4319743.243, 134
Trd, 4319743.343, 133
Trd, 4319743.743, 132
Trd, 4319744.343, 109
Trd, 4319745.493, 108
Trd, 4319746.043, 78
Trd, 4319747.743, 134
Trd, 4319748.543, 102
Trd, 4319749.293, 135
Trd, 4319749.643, 128
Trd, 4319749.793, 116
Trd, 4319749.993, 115
Trd, 4319751.693, 136
Trd, 4319751.793, 119
Trd, 4319752.493, 106
Trd, 4319752.893, 136
Trd, 4319753.793, 95
Trd, 4319754.393, 118
Trd, 4319754.593, 92
Trd, 4319754.793, 96
Trd, 4319755.693, 93
Trd, 4319756.193, 104
Trd, 4319757.093, 88
Trd, 4319759.193, 138
Trd, 4319759.843, 92
Trd, 4319760.443, 89
Trd, 4319761.443, 128
Trd, 4319762.393, 140
Trd, 4319762.443, 105
Trd, 4319763.093, 98
Trd, 4319763.843, 119
Trd, 4319763.943, 86
Trd, 4319765.243, 79
Trd, 4319766.893, 107
Trd, 4319767.193, 106
Trd, 4319767.393, 100
Trd, 4319768.093, 100
Trd, 4319769.543, 60
Trd, 4319771.093, 62
Trd, 4319771.793, 66
Trd, 4319772.043, 63
Trd, 4319772.743, 78
Trd, 4319772.793, 89
Trd, 4319773.743, 113
Trd, 4319774.143, 79
Trd, 4319776.493, 62
Trd, 4319777.093, 75
Trd, 4319778.543, 73
Trd, 4319778.943, 69
Trd, 4319778.993, 120
Trd, 4319780.293, 139
Trd, 4319780.543, 92
Trd, 4319781.093, 100
Trd, 4319782.643, 85
Trd, 4319782.793, 131
Trd, 4319783.193, 69
Trd, 4319783.943, 78
Trd, 4319785.743, 73
Trd, 4319785.893, 71
Trd, 4319787.093, 69
Trd, 4319788.293, 138
Trd, 4319788.393, 107
Trd, 4319788.893, 99
Trd, 4319789.443, 134
Trd, 4319791.393, 99
Trd, 4319791.643, 108
Trd, 4319792.043, 95
Trd, 4319792.693, 124
Trd, 4319793.243, 129
Trd, 4319793.393, 90
Trd, 4319794.593, 88
Trd, 4319795.093, 115
Trd, 4319795.693, 125
Trd, 4319796.343, 127
Trd, 4319796.843, 84
Trd, 4319796.993, 126
Trd, 4319797.143, 83
Trd, 4319797.343, 91
Trd, 4319798.243, 106
Trd, 4319798.743, 90
Trd, 4319799.493, 89
Trd, 4319799.943, 89
Trd, 4319800.343, 78
Trd, 4319800.693, 76
Trd, 4319801.443, 119
Trd, 4319802.693, 88
Trd, 4319805.143, 68
Trd, 4319805.393, 100
Trd, 4319805.893, 69
Trd, 4319806.993, 111
Trd, 4319807.093, 100
Trd, 4319807.643, 140
Trd, 4319808.943, 108
Trd, 4319809.793, 103
Trd, 4319810.093, 100
Trd, 4319810.143, 82
Trd, 4319810.943, 75
Trd, 4319811.343, 81
Trd, 4319812.143, 102
Trd, 4319812.743, 83
Trd, 4319814.443, 109
Trd, 4319815.393, 108
Trd, 4319815.943, 119
Trd, 4319816.493, 102
Trd, 4319817.443, 124
Trd, 4319818.093, 93
Trd, 4319818.393, 103
Trd, 4319818.443, 83
Trd, 4319820.043, 140
Trd, 4319820.393, 130
Trd, 4319820.893, 79
Trd, 4319820.993, 103
Trd, 4319821.843, 73
Trd, 4319822.593, 94
Trd, 4319823.143, 114
Trd, 4319825.193, 77
Trd, 4319825.393, 64
Trd, 4319826.193, 82
Trd, 4319827.993, 138
Trd, 4319828.443, 96
Trd, 4319829.043, 79
Trd, 4319830.193, 67
Trd, 4319830.743, 62
Trd, 4319831.243, 96
Trd, 4319832.393, 69
Trd, 4319833.493, 65
Trd, 4319834.943, 64
Trd, 4319835.193, 78
Trd, 4319835.543, 82
Trd, 4319836.243, 89
Trd, 4319837.093, 139
Trd, 4319837.393, 113
Trd, 4319837.993, 112
Trd, 4319838.493, 85
Trd, 4319838.543, 82
Trd, 4319838.693, 109
Trd, 4319839.293, 82
Trd, 4319840.643, 103
Trd, 4319840.743, 95
Trd, 4319841.643, 79
Trd, 4319842.143, 81
Trd, 4319842.843, 115
Trd, 4319844.593, 131
Trd, 4319845.543, 139
Trd, 4319846.043, 105
Trd, 4319846.193, 135
Trd, 4319846.343, 101
Trd, 4319846.693, 98
Trd, 4319848.243, 93
Trd, 4319849.243, 77
Trd, 4319849.343, 76
Trd, 4319850.143, 90
Trd, 4319851.293, 114
Trd, 4319851.693, 129
Trd, 4319851.793, 80
Trd, 4319852.493, 85
Trd, 4319854.293, 132
Trd, 4319854.593, 105
Trd, 4319856.343, 121
Trd, 4319856.543, 120
Trd, 4319856.743, 96
Trd, 4319857.393, 115
Trd, 4319858.393, 106
Trd, 4319858.643, 83
Trd, 4319859.243, 62
Trd, 4319859.493, 126
Trd, 4319860.043, 114
Trd, 4319860.693, 82
Trd, 4319861.743, 85
Trd, 4319862.593, 95
Trd, 4319863.593, 120
Trd, 4319864.793, 86
Trd, 4319864.843, 85
Trd, 4319865.893, 101
Trd, 4319866.293, 125
Trd, 4319866.743, 91
Trd, 4319867.093, 119
Trd, 4319868.593, 127
Trd, 4319870.193, 90
Trd, 4319871.143, 102
Trd, 4319871.193, 80
Trd, 4319871.343, 138
Trd, 4319871.793, 75
Trd, 4319872.193, 136
Trd, 4319873.643, 79
Trd, 4319873.993, 104
Trd, 4319875.043, 98
Trd, 4319876.193, 112
Trd, 4319876.293, 97
Trd, 4319877.393, 140
Trd, 4319877.693, 100
Trd, 4319878.093, 76
Trd, 4319878.743, 69
Trd, 4319880.343, 75
Trd, 4319880.543, 64
Trd, 4319881.043, 91
Trd, 4319881.743, 65
Trd, 4319882.643, 82
Trd, 4319882.893, 89
Trd, 4319884.243, 131
Trd, 4319884.993, 137
Trd, 4319885.243, 124
Trd, 4319886.443, 76
Trd, 4319886.743, 73
Trd, 4319888.543, 98
Trd, 4319889.343, 84
Trd, 4319889.593, 109
Trd, 4319889.843, 99
Trd, 4319890.293, 108
Trd, 4319890.693, 85
Trd, 4319890.743, 78
Trd, 4319891.193, 62
Trd, 4319891.443, 71
Trd, 4319891.993, 138
Trd, 4319892.643, 125
Trd, 4319894.893, 61
Trd, 4319895.493, 98
Trd, 4319896.993, 140
Trd, 4319897.293, 140
Trd, 4319897.843, 139
Trd, 4319898.493, 98
Trd, 4319899.293, 111
Trd, 4319899.543, 105
Trd, 4319900.693, 85
Trd, 4319901.443, 106
Trd, 4319901.993, 75
Trd, 4319902.443, 137
Trd, 4319903.143, 139
Trd, 4319903.543, 139
Trd, 4319903.593, 136
Trd, 4319903.643, 129
Trd, 4319904.693, 81
Trd, 4319904.993, 80
Trd, 4319906.043, 61
Trd, 4319906.693, 73
Trd, 4319908.343, 126
Trd, 4319909.193, 83
Trd, 4319910.343, 127
Trd, 4319910.793, 86
Trd, 4319911.493, 120
Trd, 4319912.293, 117
Trd, 4319912.943, 120
Trd, 4319913.493, 105
Trd, 4319913.593, 105
Trd, 4319914.043, 91
Trd, 4319916.743, 82
Trd, 4319918.243, 103
Trd, 4319918.543, 72
Trd, 4319918.843, 100
Trd, 4319919.643, 118
Trd, 4319919.843, 115
Trd, 4319921.093, 124
Trd, 4319921.993, 123
Trd, 4319922.493, 112
Trd, 4319922.743, 96
Trd, 4319923.243, 103
Trd, 4319923.793, 91
Trd, 4319924.193, 101
Trd, 4319924.293, 84
Trd, 4319924.893, 84
Trd, 4319925.593, 83
Trd, 4319927.143, 139
Trd, 4319927.193, 113
Trd, 4319927.443, 68
Trd, 4319929.793, 139
Trd, 4319930.443, 104
Trd, 4319930.843, 73
Trd, 4319930.993, 76
Trd, 4319932.043, 86
Trd, 4319932.793, 65
Trd, 4319933.693, 72
Trd, 4319935.143, 77
Trd, 4319936.093, 74
Trd, 4319936.293, 73
Trd, 4319937.443, 124
Trd, 4319937.593, 132
Trd, 4319939.393, 140
Trd, 4319940.043, 115
Trd, 4319940.143, 94
Trd, 4319941.793, 97
Trd, 4319941.993, 138
Trd, 4319942.393, 93
Trd, 4319943.893, 133
Trd, 4319943.993, 131
Trd, 4319944.993, 118
Trd, 4319946.043, 113
Trd, 4319948.043, 78
Trd, 4319948.893, 124
Trd, 4319949.043, 131
Trd, 4319949.343, 101
Trd, 4319950.093, 76
Trd, 4319951.743, 69
Trd, 4319953.243, 69
Trd, 4319953.643, 107
Trd, 4319954.743, 79
Trd, 4319955.643, 94
Trd, 4319957.093, 131
Trd, 4319958.243, 131
Trd, 4319958.293, 128
Trd, 4319958.343, 117
Trd, 4319959.243, 140
Trd, 4319959.593, 136
Trd, 4319960.143, 130
Trd, 4319961.393, 138
Trd, 4319961.943, 93
Trd, 4319962.243, 96
Trd, 4319962.893, 65
Trd, 4319963.093, 90
Trd, 4319964.893, 62
Trd, 4319965.093, 133
Trd, 4319965.293, 85
Trd, 4319967.193, 61
Trd, 4319967.893, 95
Trd, 4319968.293, 80
Trd, 4319968.493, 67
Trd, 4319968.743, 84
Trd, 4319969.893, 74
Trd, 4319970.293, 114
Trd, 4319971.243, 95
Trd, 4319973.043, 89
Trd, 4319973.293, 97
Trd, 4319973.643, 77
Trd, 4319974.143, 75
Trd, 4319975.493, 88
Trd, 4319975.943, 76
Trd, 4319977.093, 138
Trd, 4319977.143, 133
Trd, 4319977.943, 126
Trd, 4319978.143, 118
Trd, 4319978.593, 123
Trd, 4319979.093, 121
Trd, 4319979.343, 117
Trd, 4319979.643, 140
Trd, 4319980.243, 89
Trd, 4319980.643, 72
Trd, 4319981.743, 89
Trd, 4319983.143, 81
Trd, 4319985.193, 98
Trd, 4319985.243, 116
Trd, 4319985.343, 94
Trd, 4319985.693, 83
Trd, 4319986.243, 83
Trd, 4319986.843, 116
Trd, 4319986.943, 80
Trd, 4319988.293, 139
Trd, 4319988.543, 126
Trd, 4319990.343, 115
Trd, 4319990.793, 135
Trd, 4319991.243, 116
Trd, 4319992.243, 126
Trd, 4319993.043, 127
Trd, 4319994.443, 135
Trd, 4319995.343, 111
Trd, 4319995.793, 101
Trd, 4319997.143, 138
Trd, 4319997.443, 131
Trd, 4319997.593, 125
Trd, 4319998.143, 119
Trd, 4319998.393, 105
Trd, 4319999.593, 113
