Trd, 4318114.643, 140
Trd, 4318114.693, 140
Trd, 4318114.743, 139
Trd, 4318114.843, 138
Trd, 4318115.343, 140
Trd, 4318115.993, 140
Trd, 4318116.493, 139
Trd, 4318116.743, 81
Trd, 4318117.743, 140
Trd, 4318117.993, 140
Trd, 4318119.593, 140
Trd, 4318121.843, 140
Trd, 4318121.993, 140
Trd, 4318122.293, 140
Trd, 4318122.593, 140
Trd, 4318123.793, 140
Trd, 4318124.143, 140
Trd, 4318124.693, 140
Trd, 4318125.043, 138
Trd, 4318126.493, 139
Trd, 4318126.993, 140
Trd, 4318127.893, 138
Trd, 4318128.043, 138
Trd, 4318128.993, 139
Trd, 4318129.493, 140
Trd, 4318130.343, 140
Trd, 4318131.543, 137
Trd, 4318132.493, 64
Trd, 4318133.293, 140
Trd, 4318135.243, 140
Trd, 4318135.893, 140
Trd, 4318136.193, 140
Trd, 4318136.643, 139
Trd, 4318137.243, 140
Trd, 4318137.293, 118
Trd, 4318137.943, 140
Trd, 4318139.443, 140
Trd, 4318140.143, 140
Trd, 4318141.393, 140
Trd, 4318141.943, 140
Trd, 4318142.143, 140
Trd, 4318142.393, 140
Trd, 4318144.193, 140
Trd, 4318144.393, 140
Trd, 4318144.993, 140
Trd, 4318145.343, 140
Trd, 4318146.393, 140
Trd, 4318147.343, 140
Trd, 4318147.893, 140
Trd, 4318149.193, 140
Trd, 4318149.593, 140
Trd, 4318150.593, 140
Trd, 4318150.993, 140
Trd, 4318151.843, 140
Trd, 4318152.093, 140
Trd, 4318153.843, 140
Trd, 4318153.993, 139
Trd, 4318154.443, 120
Trd, 4318154.593, 139
Trd, 4318156.193, 140
Trd, 4318156.943, 139
Trd, 4318158.293, 140
Trd, 4318158.793, 140
Trd, 4318159.143, 140
Trd, 4318160.493, 140
Trd, 4318162.493, 140
Trd, 4318162.693, 140
Trd, 4318162.893, 140
Trd, 4318163.393, 140
Trd, 4318164.043, 140
Trd, 4318164.643, 140
Trd, 4318164.793, 140
Trd, 4318164.893, 140
Trd, 4318165.793, 138
Trd, 4318167.193, 139
Trd, 4318167.543, 118
Trd, 4318168.543, 140
Trd, 4318168.793, 140
Trd, 4318171.293, 140
Trd, 4318172.493, 140
Trd, 4318172.843, 140
Trd, 4318173.243, 140
Trd, 4318174.293, 140
Trd, 4318175.143, 140
Trd, 4318175.493, 140
Trd, 4318175.843, 140
Trd, 4318177.143, 140
Trd, 4318178.093, 140
Trd, 4318179.343, 140
Trd, 4318179.793, 140
Trd, 4318180.343, 140
Trd, 4318181.043, 140
Trd, 4318181.343, 135
Trd, 4318182.693, 140
Trd, 4318182.793, 140
Trd, 4318183.393, 140
Trd, 4318184.143, 140
Trd, 4318185.243, 140
Trd, 4318185.343, 140
Trd, 4318186.593, 140
Trd, 4318187.543, 140
Trd, 4318188.193, 140
Trd, 4318188.293, 140
Trd, 4318189.143, 138
Trd, 4318189.343, 134
Trd, 4318190.843, 140
Trd, 4318191.893, 140
Trd, 4318192.593, 139
Trd, 4318192.693, 116
Trd, 4318193.893, 140
Trd, 4318194.743, 140
Trd, 4318195.043, 140
Trd, 4318196.293, 140
Trd, 4318197.743, 140
Trd, 4318198.643, 140
Trd, 4318198.943, 140
Trd, 4318198.993, 140
Trd, 4318200.193, 140
Trd, 4318201.893, 140
Trd, 4318202.093, 140
Trd, 4318202.993, 140
Trd, 4318203.893, 140
Trd, 4318204.893, 140
Trd, 4318205.943, 140
Trd, 4318206.293, 140
Trd, 4318207.043, 140
Trd, 4318207.993, 140
Trd, 4318208.193, 140
Trd, 4318208.643, 140
Trd, 4318208.693, 139
Trd, 4318208.893, 140
Trd, 4318210.243, 140
Trd, 4318210.693, 140
Trd, 4318211.743, 140
Trd, 4318211.943, 140
Trd, 4318213.243, 140
Trd, 4318213.393, 140
Trd, 4318214.193, 140
Trd, 4318214.443, 140
Trd, 4318214.743, 136
Trd, 4318215.693, 140
Trd, 4318216.443, 61
Trd, 4318216.743, 62
Trd, 4318216.993, 62
Trd, 4318217.343, 71
Trd, 4318218.643, 60
Trd, 4318218.843, 61
Trd, 4318219.293, 62
Trd, 4318220.893, 138
Trd, 4318222.293, 63
Trd, 4318222.743, 64
Trd, 4318223.193, 128
Trd, 4318224.543, 60
Trd, 4318224.793, 61
Trd, 4318225.143, 139
Trd, 4318225.843, 140
Trd, 4318225.943, 140
Trd, 4318227.393, 139
Trd, 4318228.243, 140
Trd, 4318229.493, 140
Trd, 4318230.093, 140
Trd, 4318230.193, 140
Trd, 4318232.643, 140
Trd, 4318232.793, 140
Trd, 4318232.843, 138
Trd, 4318233.293, 140
Trd, 4318233.343, 140
Trd, 4318234.693, 62
Trd, 4318234.893, 64
Trd, 4318236.143, 140
Trd, 4318236.243, 140
Trd, 4318236.293, 140
Trd, 4318236.393, 140
Trd, 4318237.343, 140
Trd, 4318238.243, 140
Trd, 4318239.093, 140
Trd, 4318239.593, 139
Trd, 4318241.493, 140
Trd, 4318242.843, 140
Trd, 4318243.193, 140
Trd, 4318243.793, 140
Trd, 4318244.043, 139
Trd, 4318246.143, 140
Trd, 4318246.593, 140
Trd, 4318246.743, 140
Trd, 4318247.143, 140
Trd, 4318247.743, 140
Trd, 4318249.493, 140
Trd, 4318250.093, 139
Trd, 4318250.193, 139
Trd, 4318250.593, 140
Trd, 4318252.093, 140
Trd, 4318253.143, 140
Trd, 4318253.443, 140
Trd, 4318254.143, 140
Trd, 4318254.293, 140
Trd, 4318255.893, 140
Trd, 4318256.543, 140
Trd, 4318257.143, 140
Trd, 4318257.643, 140
Trd, 4318259.293, 140
Trd, 4318259.493, 140
Trd, 4318261.393, 140
Trd, 4318261.643, 140
Trd, 4318261.693, 140
Trd, 4318262.343, 140
Trd, 4318262.643, 138
Trd, 4318264.243, 140
Trd, 4318266.293, 140
Trd, 4318266.443, 140
Trd, 4318266.943, 140
Trd, 4318267.343, 140
Trd, 4318267.443, 140
Trd, 4318267.593, 139
Trd, 4318268.593, 140
Trd, 4318269.693, 140
Trd, 4318271.243, 140
Trd, 4318272.293, 140
Trd, 4318272.743, 140
Trd, 4318273.243, 140
Trd, 4318273.593, 140
Trd, 4318273.993, 140
Trd, 4318275.193, 140
Trd, 4318276.793, 140
Trd, 4318277.293, 140
Trd, 4318277.793, 140
Trd, 4318278.243, 140
Trd, 4318278.593, 140
Trd, 4318279.193, 139
Trd, 4318280.393, 140
Trd, 4318281.193, 140
Trd, 4318281.493, 140
Trd, 4318282.343, 140
Trd, 4318282.893, 140
Trd, 4318284.193, 140
Trd, 4318285.043, 140
Trd, 4318286.193, 140
Trd, 4318286.243, 140
Trd, 4318286.443, 140
Trd, 4318287.593, 140
Trd, 4318288.143, 140
Trd, 4318289.393, 140
Trd, 4318289.543, 140
Trd, 4318291.143, 140
Trd, 4318291.693, 140
Trd, 4318292.043, 140
Trd, 4318292.393, 140
Trd, 4318292.443, 140
Trd, 4318294.693, 140
Trd, 4318295.493, 140
Trd, 4318296.343, 140
Trd, 4318297.043, 140
Trd, 4318297.193, 140
Trd, 4318297.393, 140
Trd, 4318298.593, 140
Trd, 4318298.643, 140
Trd, 4318298.743, 139
Trd, 4318299.643, 140
Trd, 4318300.843, 140
Trd, 4318301.093, 121
Trd, 4318301.293, 115
Trd, 4318302.493, 140
Trd, 4318302.693, 140
Trd, 4318303.593, 78
Trd, 4318304.493, 62
Trd, 4318304.943, 61
Trd, 4318306.693, 140
Trd, 4318308.143, 140
Trd, 4318308.393, 140
Trd, 4318308.843, 140
Trd, 4318309.243, 140
Trd, 4318310.743, 140
Trd, 4318311.043, 140
Trd, 4318311.843, 140
Trd, 4318312.693, 140
Trd, 4318313.543, 140
Trd, 4318313.943, 140
Trd, 4318315.843, 140
Trd, 4318316.343, 140
Trd, 4318317.193, 140
Trd, 4318317.543, 140
Trd, 4318319.843, 140
Trd, 4318320.843, 140
Trd, 4318321.343, 140
Trd, 4318321.593, 140
Trd, 4318321.793, 140
Trd, 4318322.593, 140
Trd, 4318323.743, 140
Trd, 4318324.493, 140
Trd, 4318325.493, 140
Trd, 4318325.993, 140
Trd, 4318326.343, 140
Trd, 4318326.393, 138
Trd, 4318326.493, 136
Trd, 4318328.243, 140
Trd, 4318328.493, 140
Trd, 4318328.593, 140
Trd, 4318329.493, 140
Trd, 4318330.293, 140
Trd, 4318330.393, 132
Trd, 4318331.343, 66
Trd, 4318331.543, 140
Trd, 4318332.293, 67
Trd, 4318333.093, 66
Trd, 4318333.293, 140
Trd, 4318334.593, 140
Trd, 4318335.043, 140
Trd, 4318335.143, 136
Trd, 4318336.093, 70
Trd, 4318337.293, 140
Trd, 4318337.893, 140
Trd, 4318338.143, 140
Trd, 4318338.343, 140
Trd, 4318339.543, 140
Trd, 4318340.643, 140
Trd, 4318342.043, 140
Trd, 4318342.793, 140
Trd, 4318343.393, 140
Trd, 4318345.193, 140
Trd, 4318345.293, 140
Trd, 4318345.543, 140
Trd, 4318348.043, 140
Trd, 4318350.193, 140
Trd, 4318351.043, 140
Trd, 4318351.143, 139
Trd, 4318352.093, 140
Trd, 4318352.143, 140
Trd, 4318352.293, 140
Trd, 4318353.393, 140
Trd, 4318354.793, 140
Trd, 4318355.643, 140
Trd, 4318357.593, 140
Trd, 4318357.793, 140
Trd, 4318357.993, 140
Trd, 4318358.543, 140
Trd, 4318359.793, 140
Trd, 4318360.293, 140
Trd, 4318360.943, 140
Trd, 4318361.193, 140
Trd, 4318361.393, 140
Trd, 4318362.893, 140
Trd, 4318363.093, 140
Trd, 4318363.193, 140
Trd, 4318363.343, 140
Trd, 4318363.443, 139
Trd, 4318365.193, 140
Trd, 4318366.593, 140
Trd, 4318366.793, 140
Trd, 4318367.193, 140
Trd, 4318367.743, 140
Trd, 4318368.493, 139
Trd, 4318368.843, 139
Trd, 4318369.343, 139
Trd, 4318369.493, 138
Trd, 4318370.293, 140
Trd, 4318372.393, 140
Trd, 4318373.243, 140
Trd, 4318373.443, 140
Trd, 4318374.043, 140
Trd, 4318374.943, 140
Trd, 4318375.593, 140
Trd, 4318375.943, 140
Trd, 4318378.143, 140
Trd, 4318378.643, 140
Trd, 4318379.393, 140
Trd, 4318379.543, 140
Trd, 4318381.143, 140
Trd, 4318381.843, 140
Trd, 4318382.243, 140
Trd, 4318382.293, 140
Trd, 4318383.043, 140
Trd, 4318384.143, 140
Trd, 4318384.443, 140
Trd, 4318385.143, 139
Trd, 4318386.293, 140
Trd, 4318386.543, 140
Trd, 4318386.793, 140
Trd, 4318387.243, 138
Trd, 4318387.493, 136
Trd, 4318388.093, 138
Trd, 4318390.743, 140
Trd, 4318392.293, 140
Trd, 4318392.643, 140
Trd, 4318392.793, 140
Trd, 4318393.243, 140
Trd, 4318394.993, 140
Trd, 4318395.243, 140
Trd, 4318396.743, 140
Trd, 4318397.343, 140
Trd, 4318397.943, 140
Trd, 4318398.743, 140
Trd, 4318399.093, 140
Trd, 4318400.993, 140
Trd, 4318401.493, 140
Trd, 4318402.193, 140
Trd, 4318402.243, 137
Trd, 4318403.693, 140
Trd, 4318404.193, 140
Trd, 4318405.993, 140
Trd, 4318406.293, 140
Trd, 4318407.793, 140
Trd, 4318408.043, 140
Trd, 4318408.593, 140
Trd, 4318408.843, 140
Trd, 4318409.093, 140
Trd, 4318409.793, 140
Trd, 4318410.443, 140
Trd, 4318411.193, 140
Trd, 4318411.393, 140
Trd, 4318411.893, 140
Trd, 4318412.893, 140
Trd, 4318413.643, 140
Trd, 4318414.043, 140
Trd, 4318414.893, 140
Trd, 4318414.943, 140
Trd, 4318415.093, 140
Trd, 4318415.443, 140
Trd, 4318416.143, 140
Trd, 4318416.793, 136
Trd, 4318419.143, 140
Trd, 4318421.143, 140
Trd, 4318421.743, 140
Trd, 4318422.143, 140
Trd, 4318422.343, 140
Trd, 4318422.743, 140
Trd, 4318423.093, 139
Trd, 4318423.893, 140
Trd, 4318424.643, 140
Trd, 4318425.793, 140
Trd, 4318426.643, 140
Trd, 4318427.743, 140
Trd, 4318428.093, 140
Trd, 4318428.793, 140
Trd, 4318429.743, 140
Trd, 4318429.793, 140
Trd, 4318429.843, 140
Trd, 4318430.693, 140
Trd, 4318431.843, 140
Trd, 4318433.643, 140
Trd, 4318434.343, 140
Trd, 4318434.893, 140
Trd, 4318435.893, 140
Trd, 4318436.193, 140
Trd, 4318436.293, 140
Trd, 4318437.043, 140
Trd, 4318437.843, 140
Trd, 4318439.343, 140
Trd, 4318440.193, 140
Trd, 4318440.393, 140
Trd, 4318443.343, 140
Trd, 4318443.393, 140
Trd, 4318443.793, 140
Trd, 4318443.943, 140
Trd, 4318444.443, 140
Trd, 4318444.493, 140
Trd, 4318445.943, 65
Trd, 4318446.943, 60
Trd, 4318447.193, 60
Trd, 4318448.643, 140
Trd, 4318449.393, 140
Trd, 4318450.443, 140
Trd, 4318451.043, 140
Trd, 4318451.893, 140
Trd, 4318452.043, 139
Trd, 4318452.093, 137
Trd, 4318452.893, 140
Trd, 4318453.343, 124
Trd, 4318454.943, 140
Trd, 4318455.743, 140
Trd, 4318456.643, 140
Trd, 4318457.543, 140
Trd, 4318457.593, 140
Trd, 4318458.543, 140
Trd, 4318459.893, 140
Trd, 4318460.143, 140
Trd, 4318460.493, 140
Trd, 4318461.343, 140
Trd, 4318461.543, 138
Trd, 4318462.543, 140
Trd, 4318463.043, 140
Trd, 4318465.043, 140
Trd, 4318465.593, 140
Trd, 4318466.893, 140
Trd, 4318468.493, 140
Trd, 4318468.593, 139
Trd, 4318470.243, 140
Trd, 4318470.643, 140
Trd, 4318470.943, 140
Trd, 4318471.693, 140
Trd, 4318472.243, 140
Trd, 4318473.343, 140
Trd, 4318474.593, 140
Trd, 4318474.643, 140
Trd, 4318475.493, 140
Trd, 4318475.693, 140
Trd, 4318475.743, 140
Trd, 4318476.393, 140
Trd, 4318478.293, 140
Trd, 4318479.093, 140
Trd, 4318479.243, 140
Trd, 4318480.043, 140
Trd, 4318480.343, 140
Trd, 4318480.493, 140
Trd, 4318481.793, 140
Trd, 4318482.393, 140
Trd, 4318483.793, 140
Trd, 4318484.643, 140
Trd, 4318484.743, 140
Trd, 4318485.343, 140
Trd, 4318485.943, 140
Trd, 4318486.843, 140
Trd, 4318488.193, 140
Trd, 4318488.893, 140
Trd, 4318489.643, 140
Trd, 4318491.693, 140
Trd, 4318492.143, 140
Trd, 4318492.593, 140
Trd, 4318492.793, 140
Trd, 4318493.293, 140
Trd, 4318493.593, 138
Trd, 4318496.293, 140
Trd, 4318496.643, 140
Trd, 4318497.093, 140
Trd, 4318498.043, 140
Trd, 4318498.243, 140
Trd, 4318499.043, 140
Trd, 4318500.643, 140
Trd, 4318501.293, 140
Trd, 4318501.543, 140
Trd, 4318502.393, 140
Trd, 4318502.443, 140
Trd, 4318503.393, 140
Trd, 4318504.343, 140
Trd, 4318504.893, 140
Trd, 4318505.743, 140
Trd, 4318505.843, 140
Trd, 4318506.393, 140
Trd, 4318506.793, 139
Trd, 4318507.143, 137
Trd, 4318507.343, 140
Trd, 4318508.843, 140
Trd, 4318508.943, 140
Trd, 4318510.343, 140
Trd, 4318511.443, 140
Trd, 4318512.693, 140
Trd, 4318513.843, 140
Trd, 4318514.693, 140
Trd, 4318515.193, 140
Trd, 4318515.543, 140
Trd, 4318516.293, 140
Trd, 4318516.343, 140
Trd, 4318516.443, 139
Trd, 4318519.243, 140
Trd, 4318519.593, 140
Trd, 4318519.643, 140
Trd, 4318520.643, 140
Trd, 4318521.943, 140
Trd, 4318522.593, 140
Trd, 4318523.093, 140
Trd, 4318523.593, 140
Trd, 4318524.693, 140
Trd, 4318524.793, 140
Trd, 4318524.943, 138
Trd, 4318525.893, 138
Trd, 4318526.643, 140
Trd, 4318528.293, 140
Trd, 4318529.243, 140
Trd, 4318530.543, 140
Trd, 4318530.993, 140
Trd, 4318531.643, 140
Trd, 4318531.843, 140
Trd, 4318532.693, 140
Trd, 4318532.893, 140
Trd, 4318534.093, 140
Trd, 4318534.793, 140
Trd, 4318534.993, 140
Trd, 4318535.293, 139
Trd, 4318535.493, 107
Trd, 4318537.243, 140
Trd, 4318538.393, 140
Trd, 4318539.093, 140
Trd, 4318539.143, 140
Trd, 4318539.693, 140
Trd, 4318540.643, 140
Trd, 4318541.243, 140
Trd, 4318542.243, 140
Trd, 4318544.443, 140
Trd, 4318544.693, 140
Trd, 4318545.293, 140
Trd, 4318545.743, 140
Trd, 4318546.193, 140
Trd, 4318547.143, 140
Trd, 4318547.693, 140
Trd, 4318547.943, 140
Trd, 4318549.043, 140
Trd, 4318549.293, 140
Trd, 4318549.693, 140
Trd, 4318550.643, 140
Trd, 4318551.093, 140
Trd, 4318552.093, 140
Trd, 4318552.443, 140
Trd, 4318553.393, 140
Trd, 4318553.493, 140
Trd, 4318554.443, 140
Trd, 4318555.843, 140
Trd, 4318556.593, 140
Trd, 4318557.043, 140
Trd, 4318557.643, 140
Trd, 4318559.493, 140
Trd, 4318560.443, 140
Trd, 4318560.843, 140
Trd, 4318561.043, 140
Trd, 4318561.243, 139
Trd, 4318561.443, 139
Trd, 4318562.193, 114
Trd, 4318562.343, 113
Trd, 4318564.443, 140
Trd, 4318565.593, 140
Trd, 4318565.943, 140
Trd, 4318566.693, 140
Trd, 4318566.743, 140
Trd, 4318567.393, 140
Trd, 4318567.493, 140
Trd, 4318567.643, 140
Trd, 4318568.443, 140
Trd, 4318569.243, 140
Trd, 4318570.443, 140
Trd, 4318570.993, 140
Trd, 4318571.543, 140
Trd, 4318571.943, 140
Trd, 4318573.693, 140
Trd, 4318575.193, 140
Trd, 4318575.393, 140
Trd, 4318576.993, 140
Trd, 4318577.193, 140
Trd, 4318578.493, 140
Trd, 4318579.093, 140
Trd, 4318579.243, 139
Trd, 4318579.943, 139
Trd, 4318580.393, 140
Trd, 4318580.493, 139
Trd, 4318581.293, 138
Trd, 4318581.943, 130
Trd, 4318582.043, 117
Trd, 4318582.593, 140
Trd, 4318583.143, 138
Trd, 4318585.193, 140
Trd, 4318585.943, 140
Trd, 4318586.843, 140
Trd, 4318587.043, 140
Trd, 4318587.343, 140
Trd, 4318588.593, 140
Trd, 4318588.693, 140
Trd, 4318589.893, 140
Trd, 4318591.043, 140
Trd, 4318591.193, 140
Trd, 4318591.543, 140
Trd, 4318591.793, 140
Trd, 4318592.243, 140
Trd, 4318596.393, 140
Trd, 4318596.443, 140
Trd, 4318597.093, 140
Trd, 4318597.193, 139
Trd, 4318597.943, 140
Trd, 4318597.993, 140
Trd, 4318599.893, 140
Trd, 4318600.043, 140
Trd, 4318600.093, 140
Trd, 4318600.643, 140
Trd, 4318601.043, 140
Trd, 4318602.843, 140
Trd, 4318604.043, 140
Trd, 4318604.743, 140
Trd, 4318604.843, 140
Trd, 4318605.793, 140
Trd, 4318606.243, 140
Trd, 4318606.493, 140
Trd, 4318607.443, 140
Trd, 4318608.993, 140
Trd, 4318609.693, 140
Trd, 4318610.343, 140
Trd, 4318611.193, 140
Trd, 4318612.343, 140
Trd, 4318613.693, 140
Trd, 4318613.743, 140
Trd, 4318614.993, 140
Trd, 4318615.493, 140
Trd, 4318615.793, 140
Trd, 4318616.943, 140
Trd, 4318617.343, 140
Trd, 4318617.443, 140
Trd, 4318618.143, 140
Trd, 4318618.543, 140
Trd, 4318620.243, 140
Trd, 4318620.393, 140
Trd, 4318620.493, 138
Trd, 4318620.743, 135
Trd, 4318620.793, 139
Trd, 4318622.543, 140
Trd, 4318622.593, 139
Trd, 4318623.043, 140
Trd, 4318623.193, 139
Trd, 4318624.343, 140
Trd, 4318626.143, 140
Trd, 4318626.843, 140
Trd, 4318628.543, 140
Trd, 4318628.793, 140
Trd, 4318629.543, 140
Trd, 4318630.443, 140
Trd, 4318631.393, 140
Trd, 4318631.993, 140
Trd, 4318632.543, 140
Trd, 4318633.043, 140
Trd, 4318633.193, 140
Trd, 4318634.093, 140
Trd, 4318635.343, 140
Trd, 4318635.543, 140
Trd, 4318635.743, 140
Trd, 4318636.043, 140
Trd, 4318637.743, 140
Trd, 4318638.193, 140
Trd, 4318639.193, 140
Trd, 4318639.793, 140
Trd, 4318639.843, 140
Trd, 4318640.493, 139
Trd, 4318641.593, 140
Trd, 4318643.093, 140
Trd, 4318643.743, 140
Trd, 4318644.043, 140
Trd, 4318644.243, 140
Trd, 4318645.693, 140
Trd, 4318647.343, 140
Trd, 4318648.143, 140
Trd, 4318649.043, 140
Trd, 4318650.043, 140
Trd, 4318650.893, 140
Trd, 4318650.993, 140
Trd, 4318651.893, 140
Trd, 4318652.093, 140
Trd, 4318654.093, 140
Trd, 4318654.193, 140
Trd, 4318654.293, 140
Trd, 4318655.393, 140
Trd, 4318655.693, 140
Trd, 4318655.843, 140
Trd, 4318656.643, 140
Trd, 4318657.043, 140
Trd, 4318658.093, 140
Trd, 4318659.043, 140
Trd, 4318659.143, 140
Trd, 4318660.193, 140
Trd, 4318660.943, 140
Trd, 4318662.393, 140
Trd, 4318663.243, 140
Trd, 4318663.293, 140
Trd, 4318663.343, 140
Trd, 4318664.343, 140
Trd, 4318665.093, 140
Trd, 4318666.193, 140
Trd, 4318666.743, 140
Trd, 4318666.943, 140
Trd, 4318667.143, 140
Trd, 4318668.243, 140
Trd, 4318668.693, 140
Trd, 4318669.843, 140
Trd, 4318670.993, 140
Trd, 4318672.593, 137
Trd, 4318672.843, 138
Trd, 4318673.993, 140
Trd, 4318674.643, 140
Trd, 4318676.143, 140
Trd, 4318676.343, 140
Trd, 4318676.743, 140
Trd, 4318677.743, 140
Trd, 4318677.793, 140
Trd, 4318678.693, 140
Trd, 4318679.443, 140
Trd, 4318679.693, 139
Trd, 4318681.093, 140
Trd, 4318681.593, 140
Trd, 4318682.493, 140
Trd, 4318682.943, 138
Trd, 4318684.993, 140
Trd, 4318685.193, 140
Trd, 4318686.743, 138
Trd, 4318687.993, 140
Trd, 4318688.893, 140
Trd, 4318689.193, 140
Trd, 4318689.893, 140
Trd, 4318691.843, 140
Trd, 4318692.193, 140
Trd, 4318692.643, 138
Trd, 4318692.793, 140
Trd, 4318693.893, 139
Trd, 4318694.143, 139
Trd, 4318694.643, 138
Trd, 4318694.993, 140
Trd, 4318695.543, 139
Trd, 4318696.743, 140
Trd, 4318697.193, 140
Trd, 4318697.593, 140
Trd, 4318699.193, 140
Trd, 4318699.943, 140
Trd, 4318700.193, 140
Trd, 4318700.393, 139
Trd, 4318701.143, 140
Trd, 4318701.443, 140
Trd, 4318701.643, 139
Trd, 4318703.543, 140
Trd, 4318704.493, 140
Trd, 4318705.293, 140
Trd, 4318705.343, 140
Trd, 4318705.443, 140
Trd, 4318705.793, 140
Trd, 4318706.743, 140
Trd, 4318707.743, 140
Trd, 4318708.993, 140
Trd, 4318710.143, 140
Trd, 4318710.643, 140
Trd, 4318710.993, 140
Trd, 4318712.293, 140
Trd, 4318714.243, 140
Trd, 4318714.393, 140
Trd, 4318714.443, 140
Trd, 4318715.493, 140
Trd, 4318716.443, 140
Trd, 4318716.693, 140
Trd, 4318717.543, 139
Trd, 4318718.143, 139
Trd, 4318718.393, 140
Trd, 4318719.893, 140
Trd, 4318720.143, 140
Trd, 4318720.593, 140
Trd, 4318721.293, 140
Trd, 4318721.643, 140
Trd, 4318723.493, 140
Trd, 4318724.293, 140
Trd, 4318724.793, 140
Trd, 4318725.143, 140
Trd, 4318725.493, 140
Trd, 4318727.043, 140
Trd, 4318727.843, 140
Trd, 4318728.243, 140
Trd, 4318728.643, 140
Trd, 4318729.143, 140
Trd, 4318729.843, 139
Trd, 4318730.543, 140
Trd, 4318730.643, 139
Trd, 4318730.993, 63
Trd, 4318732.843, 140
Trd, 4318733.193, 140
Trd, 4318733.293, 139
Trd, 4318734.043, 140
Trd, 4318736.843, 140
Trd, 4318739.193, 140
Trd, 4318739.793, 140
Trd, 4318739.993, 140
Trd, 4318740.293, 140
Trd, 4318740.993, 140
Trd, 4318741.093, 140
Trd, 4318741.343, 140
Trd, 4318743.193, 140
Trd, 4318745.343, 140
Trd, 4318745.493, 140
Trd, 4318745.943, 140
Trd, 4318746.293, 140
Trd, 4318746.393, 140
Trd, 4318746.893, 140
Trd, 4318746.943, 140
Trd, 4318747.393, 139
Trd, 4318749.043, 140
Trd, 4318749.243, 140
Trd, 4318749.293, 140
Trd, 4318750.393, 140
Trd, 4318751.193, 140
Trd, 4318752.193, 140
Trd, 4318752.443, 140
Trd, 4318753.443, 140
Trd, 4318755.193, 140
Trd, 4318755.543, 140
Trd, 4318756.543, 140
Trd, 4318756.843, 140
Trd, 4318758.093, 140
Trd, 4318758.243, 139
Trd, 4318759.293, 140
Trd, 4318760.493, 140
Trd, 4318760.693, 140
Trd, 4318761.243, 139
Trd, 4318761.443, 139
Trd, 4318763.393, 140
Trd, 4318764.143, 140
Trd, 4318764.943, 140
Trd, 4318765.543, 140
Trd, 4318765.993, 140
Trd, 4318766.143, 140
Trd, 4318766.993, 140
Trd, 4318767.243, 140
Trd, 4318767.843, 140
Trd, 4318768.543, 140
Trd, 4318768.943, 140
Trd, 4318769.893, 140
Trd, 4318770.093, 139
Trd, 4318770.543, 140
Trd, 4318770.843, 140
Trd, 4318771.343, 140
Trd, 4318771.443, 140
Trd, 4318773.343, 140
Trd, 4318774.743, 140
Trd, 4318775.293, 140
Trd, 4318775.743, 140
Trd, 4318776.143, 139
Trd, 4318776.393, 139
Trd, 4318776.793, 140
Trd, 4318778.043, 140
Trd, 4318780.143, 140
Trd, 4318781.243, 140
Trd, 4318781.693, 140
Trd, 4318781.893, 140
Trd, 4318782.543, 140
Trd, 4318782.793, 140
Trd, 4318784.043, 140
Trd, 4318785.143, 140
Trd, 4318786.243, 140
Trd, 4318786.843, 140
Trd, 4318787.543, 140
Trd, 4318788.243, 140
Trd, 4318788.343, 139
Trd, 4318788.893, 139
Trd, 4318789.843, 140
Trd, 4318789.943, 140
Trd, 4318791.093, 140
Trd, 4318791.293, 136
Trd, 4318792.243, 140
Trd, 4318793.693, 140
Trd, 4318795.693, 140
Trd, 4318796.193, 140
Trd, 4318796.243, 140
Trd, 4318796.993, 140
Trd, 4318797.743, 140
Trd, 4318797.993, 140
Trd, 4318799.143, 140
Trd, 4318799.193, 139
Trd, 4318799.343, 140
Trd, 4318799.793, 62
Trd, 4318799.843, 109
Trd, 4318801.143, 134
Trd, 4318802.343, 140
Trd, 4318802.743, 140
Trd, 4318802.843, 140
Trd, 4318802.993, 140
Trd, 4318804.193, 61
Trd, 4318805.443, 139
Trd, 4318806.343, 140
Trd, 4318807.643, 140
Trd, 4318808.043, 140
Trd, 4318808.293, 140
Trd, 4318808.893, 140
Trd, 4318809.593, 140
Trd, 4318810.993, 139
Trd, 4318811.493, 140
Trd, 4318811.793, 138
Trd, 4318812.643, 140
Trd, 4318814.093, 140
Trd, 4318814.243, 140
Trd, 4318814.743, 139
Trd, 4318816.143, 140
Trd, 4318816.893, 140
Trd, 4318817.443, 140
Trd, 4318818.593, 140
Trd, 4318818.643, 140
Trd, 4318819.643, 139
Trd, 4318820.843, 140
Trd, 4318820.993, 140
Trd, 4318821.043, 140
Trd, 4318822.793, 140
Trd, 4318824.793, 140
Trd, 4318824.843, 140
Trd, 4318824.993, 140
Trd, 4318826.093, 140
Trd, 4318827.843, 140
Trd, 4318828.243, 140
Trd, 4318828.593, 140
Trd, 4318828.843, 140
Trd, 4318829.743, 140
Trd, 4318830.743, 140
Trd, 4318830.893, 140
Trd, 4318831.193, 140
Trd, 4318831.743, 140
Trd, 4318833.193, 140
Trd, 4318833.893, 140
Trd, 4318834.143, 140
Trd, 4318834.293, 140
Trd, 4318835.743, 140
Trd, 4318835.943, 140
Trd, 4318836.493, 140
Trd, 4318837.043, 140
Trd, 4318837.543, 140
Trd, 4318839.343, 140
Trd, 4318841.243, 140
Trd, 4318841.293, 140
Trd, 4318841.443, 140
Trd, 4318841.493, 140
Trd, 4318841.743, 140
Trd, 4318842.343, 139
Trd, 4318842.943, 140
Trd, 4318843.293, 140
Trd, 4318844.343, 98
Trd, 4318844.843, 127
Trd, 4318845.543, 140
Trd, 4318847.043, 140
Trd, 4318847.093, 140
Trd, 4318847.143, 140
Trd, 4318849.843, 140
Trd, 4318850.893, 140
Trd, 4318851.043, 140
Trd, 4318852.543, 140
Trd, 4318852.693, 140
Trd, 4318852.943, 140
Trd, 4318853.393, 140
Trd, 4318853.993, 140
Trd, 4318854.843, 140
Trd, 4318855.293, 140
Trd, 4318856.343, 140
Trd, 4318856.643, 139
Trd, 4318856.843, 140
Trd, 4318858.343, 140
Trd, 4318858.743, 140
Trd, 4318858.993, 140
Trd, 4318859.293, 139
Trd, 4318860.343, 140
Trd, 4318860.443, 135
Trd, 4318860.493, 134
Trd, 4318860.893, 140
Trd, 4318862.593, 140
Trd, 4318862.793, 140
Trd, 4318863.693, 140
Trd, 4318864.343, 140
Trd, 4318865.293, 139
Trd, 4318865.943, 140
Trd, 4318866.893, 140
Trd, 4318867.243, 139
Trd, 4318868.093, 139
Trd, 4318870.193, 140
Trd, 4318870.243, 140
Trd, 4318870.393, 140
Trd, 4318871.193, 140
Trd, 4318872.093, 140
Trd, 4318872.193, 139
Trd, 4318873.343, 140
Trd, 4318874.093, 140
Trd, 4318874.443, 140
Trd, 4318874.893, 140
Trd, 4318875.993, 138
Trd, 4318876.443, 140
Trd, 4318877.143, 131
Trd, 4318879.843, 140
Trd, 4318880.143, 140
Trd, 4318881.893, 140
Trd, 4318882.243, 140
Trd, 4318882.493, 140
Trd, 4318884.593, 140
Trd, 4318885.143, 140
Trd, 4318885.243, 139
Trd, 4318885.543, 140
Trd, 4318886.943, 140
Trd, 4318888.393, 140
Trd, 4318889.693, 140
Trd, 4318890.293, 140
Trd, 4318890.443, 140
Trd, 4318892.993, 140
Trd, 4318893.643, 140
Trd, 4318894.293, 140
Trd, 4318894.393, 140
Trd, 4318894.793, 140
Trd, 4318895.893, 140
Trd, 4318896.093, 140
Trd, 4318896.643, 139
Trd, 4318896.893, 140
Trd, 4318898.343, 140
Trd, 4318898.443, 140
Trd, 4318899.743, 140
Trd, 4318901.443, 140
Trd, 4318902.193, 140
Trd, 4318902.693, 140
Trd, 4318902.893, 140
Trd, 4318903.043, 140
Trd, 4318903.693, 140
Trd, 4318903.943, 140
Trd, 4318904.543, 139
Trd, 4318906.293, 140
Trd, 4318907.143, 140
Trd, 4318908.443, 140
Trd, 4318908.943, 140
Trd, 4318909.293, 140
Trd, 4318909.793, 140
Trd, 4318909.943, 140
Trd, 4318911.193, 140
Trd, 4318911.893, 140
Trd, 4318913.793, 140
Trd, 4318914.843, 140
Trd, 4318916.293, 140
Trd, 4318916.643, 139
Trd, 4318917.443, 140
Trd, 4318917.943, 140
Trd, 4318919.143, 140
Trd, 4318919.243, 140
Trd, 4318919.443, 140
Trd, 4318920.443, 140
Trd, 4318921.193, 140
Trd, 4318922.943, 140
Trd, 4318923.043, 140
Trd, 4318924.143, 140
Trd, 4318924.393, 140
Trd, 4318926.293, 140
Trd, 4318929.243, 140
Trd, 4318929.893, 140
Trd, 4318930.093, 140
Trd, 4318930.293, 140
Trd, 4318930.393, 140
Trd, 4318930.793, 140
Trd, 4318932.093, 140
Trd, 4318932.743, 139
Trd, 4318933.243, 139
Trd, 4318934.093, 140
Trd, 4318934.693, 140
Trd, 4318935.793, 140
Trd, 4318937.093, 140
Trd, 4318937.293, 139
Trd, 4318938.143, 140
Trd, 4318938.943, 140
Trd, 4318939.343, 140
Trd, 4318939.443, 140
Trd, 4318939.643, 138
Trd, 4318939.993, 140
Trd, 4318942.393, 140
Trd, 4318942.443, 140
Trd, 4318942.643, 140
Trd, 4318944.243, 140
Trd, 4318944.343, 140
Trd, 4318944.443, 140
Trd, 4318945.443, 140
Trd, 4318946.243, 140
Trd, 4318946.693, 140
Trd, 4318947.093, 140
Trd, 4318947.443, 139
Trd, 4318948.543, 140
Trd, 4318948.843, 137
Trd, 4318949.293, 140
Trd, 4318950.243, 75
Trd, 4318951.293, 140
Trd, 4318951.893, 140
Trd, 4318952.043, 140
Trd, 4318952.143, 139
Trd, 4318954.143, 140
Trd, 4318954.893, 140
Trd, 4318955.443, 140
Trd, 4318956.393, 140
Trd, 4318956.843, 140
Trd, 4318957.443, 140
Trd, 4318957.843, 139
Trd, 4318958.843, 140
Trd, 4318959.293, 139
Trd, 4318960.343, 140
Trd, 4318961.593, 140
Trd, 4318962.243, 140
Trd, 4318964.043, 140
Trd, 4318964.343, 140
Trd, 4318966.243, 140
Trd, 4318966.993, 140
Trd, 4318967.293, 140
Trd, 4318967.493, 139
Trd, 4318967.843, 139
Trd, 4318968.193, 140
Trd, 4318969.293, 140
Trd, 4318970.343, 140
Trd, 4318970.443, 140
Trd, 4318971.043, 140
Trd, 4318971.493, 140
Trd, 4318973.043, 139
Trd, 4318973.593, 140
Trd, 4318974.393, 138
Trd, 4318974.843, 135
Trd, 4318975.093, 134
Trd, 4318976.193, 140
Trd, 4318976.993, 140
Trd, 4318977.543, 140
Trd, 4318978.593, 140
Trd, 4318979.643, 140
Trd, 4318980.543, 140
Trd, 4318982.793, 140
Trd, 4318982.993, 140
Trd, 4318983.043, 140
Trd, 4318983.243, 140
Trd, 4318984.893, 140
Trd, 4318984.943, 140
Trd, 4318985.893, 140
Trd, 4318986.293, 140
Trd, 4318986.543, 140
Trd, 4318987.193, 139
Trd, 4318988.393, 139
Trd, 4318988.843, 139
Trd, 4318988.993, 139
Trd, 4318989.393, 139
Trd, 4318989.943, 140
Trd, 4318991.493, 140
Trd, 4318992.293, 140
Trd, 4318992.343, 140
Trd, 4318993.593, 140
Trd, 4318994.293, 140
Trd, 4318995.243, 140
Trd, 4318997.193, 140
Trd, 4318998.793, 140
Trd, 4319000.343, 140
Trd, 4319001.043, 140
Trd, 4319001.643, 140
Trd, 4319002.243, 140
Trd, 4319002.493, 140
Trd, 4319002.543, 140
Trd, 4319005.043, 140
Trd, 4319005.193, 140
Trd, 4319005.493, 140
Trd, 4319005.993, 139
Trd, 4319007.943, 140
Trd, 4319008.193, 140
Trd, 4319008.343, 140
Trd, 4319008.393, 140
Trd, 4319008.543, 140
Trd, 4319008.993, 140
Trd, 4319009.743, 140
Trd, 4319011.193, 140
Trd, 4319012.393, 140
Trd, 4319012.443, 138
Trd, 4319012.643, 138
Trd, 4319014.593, 140
Trd, 4319014.693, 139
Trd, 4319014.943, 139
Trd, 4319016.143, 140
Trd, 4319016.443, 139
Trd, 4319018.093, 140
Trd, 4319018.893, 140
Trd, 4319019.343, 140
Trd, 4319020.593, 140
Trd, 4319020.993, 140
Trd, 4319021.143, 140
Trd, 4319021.343, 140
Trd, 4319021.743, 140
Trd, 4319022.643, 140
Trd, 4319022.943, 138
Trd, 4319023.643, 140
Trd, 4319024.093, 140
Trd, 4319024.243, 140
Trd, 4319028.893, 140
Trd, 4319029.593, 140
Trd, 4319030.043, 140
Trd, 4319030.193, 139
Trd, 4319031.793, 140
Trd, 4319031.993, 140
Trd, 4319032.493, 138
Trd, 4319033.543, 140
Trd, 4319034.093, 140
Trd, 4319034.693, 140
Trd, 4319034.793, 139
Trd, 4319035.843, 61
Trd, 4319036.043, 62
Trd, 4319036.493, 73
Trd, 4319036.693, 138
Trd, 4319037.593, 140
Trd, 4319038.093, 139
Trd, 4319039.943, 140
Trd, 4319040.643, 140
Trd, 4319040.743, 140
Trd, 4319041.443, 140
Trd, 4319042.393, 140
Trd, 4319042.643, 139
Trd, 4319043.493, 140
Trd, 4319044.243, 140
Trd, 4319044.443, 140
Trd, 4319046.043, 140
Trd, 4319046.693, 140
Trd, 4319048.243, 140
Trd, 4319048.943, 140
Trd, 4319050.143, 140
Trd, 4319050.493, 140
Trd, 4319052.293, 140
Trd, 4319052.443, 140
Trd, 4319053.593, 140
Trd, 4319053.693, 140
Trd, 4319054.543, 140
Trd, 4319055.343, 140
Trd, 4319056.843, 140
Trd, 4319056.943, 140
Trd, 4319058.643, 140
Trd, 4319059.093, 140
Trd, 4319060.343, 139
Trd, 4319060.543, 133
Trd, 4319060.893, 138
Trd, 4319061.893, 140
Trd, 4319063.093, 140
Trd, 4319063.393, 140
Trd, 4319065.843, 140
Trd, 4319066.043, 140
Trd, 4319066.693, 140
Trd, 4319066.743, 140
Trd, 4319067.593, 140
Trd, 4319068.043, 140
Trd, 4319068.943, 139
Trd, 4319068.993, 137
Trd, 4319069.293, 137
Trd, 4319069.643, 136
Trd, 4319070.893, 140
Trd, 4319071.293, 140
Trd, 4319072.393, 140
Trd, 4319072.843, 138
Trd, 4319073.293, 138
Trd, 4319073.693, 140
Trd, 4319074.393, 61
Trd, 4319074.693, 140
Trd, 4319076.193, 140
Trd, 4319076.793, 140
Trd, 4319077.243, 140
Trd, 4319078.643, 140
Trd, 4319079.393, 140
Trd, 4319080.443, 140
Trd, 4319080.993, 140
Trd, 4319081.643, 140
Trd, 4319082.493, 140
Trd, 4319082.743, 140
Trd, 4319083.543, 140
Trd, 4319084.293, 140
Trd, 4319084.443, 140
Trd, 4319085.493, 140
Trd, 4319086.343, 140
Trd, 4319087.643, 140
Trd, 4319087.693, 140
Trd, 4319089.043, 140
Trd, 4319089.343, 140
Trd, 4319089.793, 140
Trd, 4319091.143, 140
Trd, 4319091.293, 140
Trd, 4319091.743, 140
Trd, 4319092.243, 140
Trd, 4319092.643, 139
Trd, 4319092.943, 139
Trd, 4319093.843, 137
Trd, 4319094.443, 140
Trd, 4319096.393, 140
Trd, 4319096.643, 140
Trd, 4319096.993, 140
Trd, 4319097.393, 140
Trd, 4319098.343, 140
Trd, 4319099.093, 140
Trd, 4319099.443, 140
Trd, 4319099.693, 137
Trd, 4319100.193, 101
Trd, 4319101.243, 140
Trd, 4319102.193, 140
Trd, 4319103.393, 140
Trd, 4319104.593, 140
Trd, 4319104.943, 140
Trd, 4319105.693, 140
Trd, 4319105.893, 140
Trd, 4319106.043, 140
Trd, 4319108.493, 140
Trd, 4319108.743, 140
Trd, 4319109.043, 139
Trd, 4319109.493, 139
Trd, 4319110.843, 140
Trd, 4319111.943, 140
Trd, 4319112.243, 140
Trd, 4319113.193, 140
Trd, 4319113.443, 140
Trd, 4319113.593, 140
Trd, 4319114.543, 139
Trd, 4319115.193, 140
Trd, 4319115.593, 140
Trd, 4319115.993, 139
Trd, 4319117.443, 140
Trd, 4319117.543, 140
Trd, 4319119.193, 140
Trd, 4319119.543, 139
Trd, 4319120.143, 140
Trd, 4319121.393, 140
Trd, 4319122.343, 140
Trd, 4319123.493, 140
Trd, 4319123.793, 140
Trd, 4319125.043, 140
Trd, 4319125.693, 140
Trd, 4319126.043, 140
Trd, 4319127.093, 140
Trd, 4319127.393, 140
Trd, 4319127.893, 140
Trd, 4319128.543, 140
Trd, 4319129.993, 140
Trd, 4319130.993, 140
Trd, 4319131.493, 140
Trd, 4319131.793, 140
Trd, 4319131.893, 139
Trd, 4319132.593, 139
Trd, 4319133.493, 140
Trd, 4319133.643, 140
Trd, 4319134.093, 140
Trd, 4319135.793, 140
Trd, 4319136.143, 140
Trd, 4319136.443, 139
Trd, 4319136.943, 139
Trd, 4319137.443, 140
Trd, 4319138.293, 137
Trd, 4319138.443, 136
Trd, 4319139.043, 140
Trd, 4319140.793, 140
Trd, 4319140.993, 139
Trd, 4319142.043, 140
Trd, 4319143.093, 139
Trd, 4319144.293, 140
Trd, 4319144.743, 140
Trd, 4319144.993, 140
Trd, 4319146.043, 140
Trd, 4319146.743, 140
Trd, 4319147.093, 140
Trd, 4319147.243, 139
Trd, 4319147.793, 136
Trd, 4319148.443, 123
Trd, 4319149.093, 140
Trd, 4319150.193, 140
Trd, 4319151.793, 140
Trd, 4319152.943, 140
Trd, 4319153.593, 140
Trd, 4319154.293, 140
Trd, 4319154.693, 140
Trd, 4319154.743, 140
Trd, 4319155.593, 140
Trd, 4319155.943, 139
Trd, 4319156.043, 138
Trd, 4319158.093, 140
Trd, 4319158.943, 140
Trd, 4319159.843, 140
Trd, 4319159.893, 140
Trd, 4319161.343, 140
Trd, 4319161.393, 140
Trd, 4319162.093, 140
Trd, 4319163.343, 140
Trd, 4319163.943, 140
Trd, 4319164.643, 140
Trd, 4319164.843, 140
Trd, 4319166.143, 140
Trd, 4319166.543, 140
Trd, 4319166.943, 140
Trd, 4319167.443, 140
Trd, 4319169.443, 140
Trd, 4319169.493, 140
Trd, 4319170.943, 140
Trd, 4319171.193, 140
Trd, 4319171.493, 139
Trd, 4319171.993, 140
Trd, 4319172.143, 139
Trd, 4319172.993, 140
Trd, 4319174.793, 140
Trd, 4319175.043, 140
Trd, 4319177.493, 140
Trd, 4319177.593, 140
Trd, 4319179.243, 140
Trd, 4319179.343, 140
Trd, 4319179.493, 140
Trd, 4319180.543, 140
Trd, 4319182.793, 140
Trd, 4319183.993, 140
Trd, 4319184.093, 140
Trd, 4319184.243, 140
Trd, 4319184.743, 140
Trd, 4319184.793, 139
Trd, 4319185.993, 140
Trd, 4319186.743, 140
Trd, 4319187.493, 140
Trd, 4319187.993, 140
Trd, 4319188.493, 140
Trd, 4319189.193, 140
Trd, 4319189.893, 140
Trd, 4319190.543, 140
Trd, 4319191.043, 140
Trd, 4319192.743, 140
Trd, 4319193.693, 140
Trd, 4319194.043, 140
Trd, 4319194.093, 140
Trd, 4319194.143, 140
Trd, 4319195.043, 140
Trd, 4319195.743, 99
Trd, 4319196.643, 140
Trd, 4319197.043, 140
Trd, 4319198.993, 140
Trd, 4319200.493, 140
Trd, 4319200.593, 140
Trd, 4319201.193, 140
Trd, 4319201.343, 140
Trd, 4319201.393, 139
Trd, 4319203.343, 140
Trd, 4319204.793, 140
Trd, 4319205.143, 140
Trd, 4319206.043, 140
Trd, 4319206.843, 140
Trd, 4319206.993, 140
Trd, 4319207.243, 140
Trd, 4319207.393, 140
Trd, 4319207.493, 139
Trd, 4319209.293, 60
Trd, 4319209.493, 137
Trd, 4319210.343, 135
Trd, 4319210.793, 73
Trd, 4319211.943, 60
Trd, 4319212.243, 65
Trd, 4319213.543, 61
Trd, 4319214.393, 63
Trd, 4319215.143, 63
Trd, 4319216.243, 64
Trd, 4319218.693, 60
Trd, 4319219.443, 63
Trd, 4319219.893, 63
Trd, 4319220.143, 75
Trd, 4319220.543, 68
Trd, 4319221.493, 140
Trd, 4319221.743, 140
Trd, 4319221.943, 140
Trd, 4319222.593, 140
Trd, 4319222.743, 139
Trd, 4319224.043, 140
Trd, 4319224.943, 140
Trd, 4319225.343, 140
Trd, 4319226.093, 139
Trd, 4319227.493, 140
Trd, 4319227.793, 139
Trd, 4319228.443, 140
Trd, 4319228.793, 138
Trd, 4319229.743, 140
Trd, 4319229.993, 140
Trd, 4319230.793, 139
Trd, 4319231.243, 139
Trd, 4319231.943, 140
Trd, 4319232.443, 139
Trd, 4319232.743, 139
Trd, 4319234.393, 140
Trd, 4319235.643, 140
Trd, 4319236.293, 140
Trd, 4319236.993, 140
Trd, 4319238.643, 140
Trd, 4319238.793, 140
Trd, 4319239.243, 140
Trd, 4319240.593, 140
Trd, 4319241.593, 140
Trd, 4319241.843, 140
Trd, 4319244.443, 140
Trd, 4319244.593, 140
Trd, 4319245.393, 140
Trd, 4319245.643, 140
Trd, 4319248.143, 140
Trd, 4319248.393, 140
Trd, 4319248.643, 140
Trd, 4319249.193, 139
Trd, 4319250.043, 140
Trd, 4319250.393, 140
Trd, 4319250.843, 140
Trd, 4319251.843, 140
Trd, 4319252.443, 140
Trd, 4319253.243, 140
Trd, 4319253.443, 140
Trd, 4319253.793, 140
Trd, 4319255.343, 60
Trd, 4319255.643, 60
Trd, 4319255.893, 64
Trd, 4319257.293, 114
Trd, 4319257.443, 88
Trd, 4319257.943, 140
Trd, 4319258.043, 135
Trd, 4319259.143, 140
Trd, 4319260.093, 140
Trd, 4319261.693, 140
Trd, 4319261.843, 140
Trd, 4319262.193, 140
Trd, 4319263.093, 140
Trd, 4319263.393, 140
Trd, 4319263.593, 139
Trd, 4319263.993, 139
Trd, 4319264.593, 139
Trd, 4319265.593, 139
Trd, 4319267.793, 140
Trd, 4319268.293, 140
Trd, 4319268.343, 140
Trd, 4319268.793, 138
Trd, 4319269.893, 140
Trd, 4319269.943, 140
Trd, 4319271.243, 140
Trd, 4319271.643, 139
Trd, 4319272.443, 138
Trd, 4319273.143, 140
Trd, 4319273.943, 140
Trd, 4319274.993, 140
Trd, 4319275.943, 140
Trd, 4319275.993, 140
Trd, 4319276.343, 140
Trd, 4319276.793, 140
Trd, 4319278.293, 140
Trd, 4319278.643, 139
Trd, 4319278.793, 134
Trd, 4319280.793, 140
Trd, 4319280.993, 138
Trd, 4319281.793, 140
Trd, 4319282.843, 140
Trd, 4319283.093, 140
Trd, 4319285.143, 140
Trd, 4319285.243, 140
Trd, 4319285.393, 140
Trd, 4319287.293, 140
Trd, 4319287.643, 140
Trd, 4319287.693, 140
Trd, 4319288.043, 140
Trd, 4319288.543, 140
Trd, 4319288.743, 140
Trd, 4319289.693, 140
Trd, 4319290.943, 140
Trd, 4319292.143, 140
Trd, 4319292.243, 140
Trd, 4319293.243, 140
Trd, 4319293.343, 140
Trd, 4319294.493, 140
Trd, 4319296.143, 140
Trd, 4319297.793, 140
Trd, 4319298.193, 140
Trd, 4319298.443, 140
Trd, 4319299.843, 140
Trd, 4319300.343, 140
Trd, 4319302.293, 140
Trd, 4319303.243, 140
Trd, 4319303.293, 140
Trd, 4319303.343, 140
Trd, 4319303.743, 140
Trd, 4319304.543, 140
Trd, 4319304.593, 140
Trd, 4319305.043, 140
Trd, 4319305.543, 137
Trd, 4319305.693, 71
Trd, 4319308.243, 140
Trd, 4319308.643, 140
Trd, 4319310.943, 140
Trd, 4319311.343, 140
Trd, 4319311.543, 140
Trd, 4319312.043, 140
Trd, 4319312.093, 139
Trd, 4319312.693, 140
Trd, 4319313.693, 139
Trd, 4319314.893, 140
Trd, 4319315.493, 139
Trd, 4319316.393, 140
Trd, 4319316.743, 140
Trd, 4319317.693, 140
Trd, 4319317.843, 140
Trd, 4319318.243, 140
Trd, 4319319.443, 139
Trd, 4319320.293, 140
Trd, 4319321.443, 140
Trd, 4319321.493, 140
Trd, 4319322.443, 140
Trd, 4319322.843, 140
Trd, 4319323.593, 139
Trd, 4319323.843, 138
Trd, 4319324.493, 140
Trd, 4319325.543, 118
Trd, 4319326.293, 140
Trd, 4319326.343, 138
Trd, 4319326.793, 132
Trd, 4319327.043, 133
Trd, 4319327.343, 87
Trd, 4319328.493, 140
Trd, 4319329.943, 140
Trd, 4319331.593, 140
Trd, 4319332.143, 140
Trd, 4319333.193, 140
Trd, 4319333.643, 140
Trd, 4319334.243, 140
Trd, 4319334.443, 140
Trd, 4319335.393, 140
Trd, 4319335.493, 140
Trd, 4319335.693, 140
Trd, 4319335.793, 140
Trd, 4319338.843, 140
Trd, 4319340.193, 140
Trd, 4319340.593, 140
Trd, 4319341.143, 140
Trd, 4319342.543, 140
Trd, 4319343.543, 140
Trd, 4319344.393, 140
Trd, 4319345.393, 140
Trd, 4319345.443, 140
Trd, 4319345.593, 131
Trd, 4319345.693, 130
Trd, 4319346.843, 60
Trd, 4319347.593, 61
Trd, 4319347.693, 61
Trd, 4319348.743, 65
Trd, 4319349.293, 64
Trd, 4319349.393, 106
Trd, 4319351.093, 139
Trd, 4319351.693, 140
Trd, 4319351.943, 140
Trd, 4319352.793, 138
Trd, 4319353.843, 138
Trd, 4319354.293, 137
Trd, 4319354.993, 140
Trd, 4319357.343, 140
Trd, 4319358.043, 140
Trd, 4319358.443, 140
Trd, 4319358.793, 140
Trd, 4319359.043, 140
Trd, 4319361.393, 140
Trd, 4319362.593, 140
Trd, 4319363.043, 140
Trd, 4319363.443, 140
Trd, 4319363.693, 140
Trd, 4319364.093, 140
Trd, 4319364.843, 139
Trd, 4319365.043, 65
Trd, 4319366.543, 140
Trd, 4319367.843, 140
Trd, 4319368.393, 140
Trd, 4319368.443, 140
Trd, 4319369.293, 138
Trd, 4319369.943, 140
Trd, 4319370.443, 138
Trd, 4319370.493, 137
Trd, 4319371.243, 136
Trd, 4319371.443, 102
Trd, 4319373.593, 140
Trd, 4319373.793, 140
Trd, 4319374.043, 139
Trd, 4319374.143, 139
Trd, 4319375.043, 140
Trd, 4319375.143, 140
Trd, 4319375.743, 140
Trd, 4319377.643, 140
Trd, 4319377.993, 140
Trd, 4319378.893, 140
Trd, 4319379.143, 140
Trd, 4319379.243, 139
Trd, 4319380.293, 140
Trd, 4319380.493, 140
Trd, 4319381.943, 140
Trd, 4319382.593, 140
Trd, 4319382.843, 140
Trd, 4319382.993, 117
Trd, 4319383.993, 140
Trd, 4319384.193, 61
Trd, 4319384.743, 139
Trd, 4319385.493, 140
Trd, 4319385.993, 139
Trd, 4319387.893, 140
Trd, 4319387.993, 139
Trd, 4319388.593, 89
Trd, 4319389.293, 60
Trd, 4319389.393, 60
Trd, 4319390.393, 62
Trd, 4319391.343, 65
Trd, 4319392.443, 67
Trd, 4319393.543, 140
Trd, 4319394.793, 140
Trd, 4319395.493, 140
Trd, 4319396.593, 140
Trd, 4319396.743, 140
Trd, 4319396.943, 139
Trd, 4319398.843, 140
Trd, 4319399.993, 140
Trd, 4319400.093, 139
Trd, 4319400.343, 140
Trd, 4319400.543, 139
Trd, 4319400.893, 139
Trd, 4319401.693, 140
Trd, 4319403.543, 140
Trd, 4319403.743, 140
Trd, 4319404.293, 140
Trd, 4319404.543, 140
Trd, 4319404.993, 140
Trd, 4319406.043, 140
Trd, 4319406.643, 140
Trd, 4319407.093, 140
Trd, 4319408.493, 140
Trd, 4319409.143, 140
Trd, 4319409.493, 140
Trd, 4319410.443, 140
Trd, 4319410.693, 140
Trd, 4319410.993, 140
Trd, 4319411.493, 139
Trd, 4319412.793, 140
Trd, 4319413.643, 140
Trd, 4319414.143, 140
Trd, 4319414.743, 140
Trd, 4319416.243, 140
Trd, 4319416.593, 140
Trd, 4319417.243, 140
Trd, 4319417.643, 140
Trd, 4319418.193, 140
Trd, 4319418.593, 136
Trd, 4319419.543, 140
Trd, 4319420.343, 140
Trd, 4319421.893, 140
Trd, 4319422.293, 140
Trd, 4319422.943, 140
Trd, 4319422.993, 140
Trd, 4319424.143, 140
Trd, 4319424.293, 140
Trd, 4319424.593, 140
Trd, 4319425.593, 140
Trd, 4319426.943, 140
Trd, 4319428.193, 140
Trd, 4319428.293, 140
Trd, 4319429.093, 140
Trd, 4319429.693, 140
Trd, 4319430.443, 140
Trd, 4319430.993, 73
Trd, 4319431.393, 135
Trd, 4319431.893, 139
Trd, 4319433.143, 140
Trd, 4319433.543, 140
Trd, 4319435.393, 139
Trd, 4319435.443, 139
Trd, 4319435.643, 137
Trd, 4319438.443, 140
Trd, 4319438.493, 140
Trd, 4319439.793, 140
Trd, 4319441.643, 140
Trd, 4319442.043, 140
Trd, 4319442.143, 140
Trd, 4319442.643, 140
Trd, 4319442.743, 140
Trd, 4319443.943, 140
Trd, 4319444.293, 139
Trd, 4319445.143, 140
Trd, 4319445.343, 140
Trd, 4319446.193, 140
Trd, 4319446.743, 140
Trd, 4319447.243, 140
Trd, 4319448.093, 137
Trd, 4319448.143, 135
Trd, 4319449.743, 140
Trd, 4319450.843, 140
Trd, 4319451.093, 140
Trd, 4319451.643, 140
Trd, 4319452.243, 140
Trd, 4319452.393, 140
Trd, 4319453.443, 140
Trd, 4319453.793, 140
Trd, 4319454.893, 140
Trd, 4319455.443, 138
Trd, 4319457.893, 140
Trd, 4319457.943, 139
Trd, 4319458.443, 140
Trd, 4319458.593, 140
Trd, 4319459.493, 138
Trd, 4319460.343, 139
Trd, 4319461.093, 140
Trd, 4319462.143, 140
Trd, 4319463.293, 140
Trd, 4319463.443, 140
Trd, 4319464.093, 140
Trd, 4319464.443, 139
Trd, 4319464.493, 139
Trd, 4319466.543, 138
Trd, 4319466.893, 140
Trd, 4319467.093, 140
Trd, 4319467.693, 140
Trd, 4319467.893, 140
Trd, 4319468.043, 137
Trd, 4319470.743, 140
Trd, 4319472.393, 140
Trd, 4319472.543, 140
Trd, 4319474.243, 140
Trd, 4319474.593, 140
Trd, 4319475.193, 140
Trd, 4319475.243, 139
Trd, 4319475.943, 139
Trd, 4319476.843, 100
Trd, 4319477.093, 134
Trd, 4319477.343, 100
Trd, 4319478.443, 139
Trd, 4319478.743, 134
Trd, 4319479.993, 138
Trd, 4319480.893, 60
Trd, 4319481.093, 139
Trd, 4319482.293, 140
Trd, 4319482.493, 139
Trd, 4319483.393, 140
Trd, 4319484.943, 140
Trd, 4319485.393, 140
Trd, 4319486.343, 140
Trd, 4319487.043, 140
Trd, 4319487.443, 140
Trd, 4319487.893, 140
Trd, 4319488.143, 140
Trd, 4319488.793, 140
Trd, 4319489.643, 140
Trd, 4319490.793, 140
Trd, 4319491.043, 140
Trd, 4319491.493, 140
Trd, 4319492.143, 140
Trd, 4319492.593, 140
Trd, 4319492.743, 140
Trd, 4319493.893, 140
Trd, 4319494.193, 140
Trd, 4319494.593, 140
Trd, 4319495.893, 140
Trd, 4319496.093, 140
Trd, 4319496.643, 140
Trd, 4319498.293, 139
Trd, 4319499.143, 140
Trd, 4319499.293, 140
Trd, 4319500.093, 140
Trd, 4319500.743, 140
Trd, 4319501.993, 140
Trd, 4319502.843, 140
Trd, 4319503.593, 140
Trd, 4319503.693, 140
Trd, 4319504.493, 140
Trd, 4319505.143, 140
Trd, 4319505.443, 140
Trd, 4319506.193, 140
Trd, 4319506.593, 140
Trd, 4319506.893, 139
Trd, 4319507.893, 140
Trd, 4319508.143, 140
Trd, 4319509.443, 140
Trd, 4319509.893, 140
Trd, 4319511.493, 140
Trd, 4319511.543, 140
Trd, 4319511.893, 140
Trd, 4319512.093, 140
Trd, 4319512.493, 138
Trd, 4319513.243, 140
Trd, 4319514.093, 110
Trd, 4319514.793, 140
Trd, 4319516.493, 140
Trd, 4319516.943, 140
Trd, 4319517.693, 140
Trd, 4319517.943, 140
Trd, 4319518.893, 140
Trd, 4319519.143, 140
Trd, 4319520.643, 140
Trd, 4319521.043, 137
Trd, 4319521.243, 136
Trd, 4319522.093, 140
Trd, 4319522.243, 140
Trd, 4319523.893, 140
Trd, 4319523.993, 140
Trd, 4319524.743, 134
Trd, 4319525.693, 60
Trd, 4319526.443, 139
Trd, 4319526.593, 138
Trd, 4319526.893, 138
Trd, 4319527.393, 140
Trd, 4319527.493, 138
Trd, 4319529.743, 60
Trd, 4319530.493, 75
Trd, 4319531.043, 62
Trd, 4319531.293, 139
Trd, 4319531.593, 65
Trd, 4319532.243, 64
Trd, 4319533.243, 140
Trd, 4319533.293, 140
Trd, 4319533.843, 140
Trd, 4319534.543, 140
Trd, 4319534.893, 140
Trd, 4319536.493, 140
Trd, 4319536.693, 140
Trd, 4319536.793, 139
Trd, 4319537.293, 138
Trd, 4319537.993, 139
Trd, 4319538.493, 137
Trd, 4319538.993, 139
Trd, 4319540.893, 140
Trd, 4319541.043, 140
Trd, 4319541.293, 139
Trd, 4319541.893, 138
Trd, 4319543.843, 140
Trd, 4319545.393, 140
Trd, 4319545.643, 140
Trd, 4319545.793, 140
Trd, 4319546.643, 140
Trd, 4319547.593, 140
Trd, 4319548.243, 140
Trd, 4319548.343, 140
Trd, 4319549.493, 140
Trd, 4319549.843, 140
Trd, 4319550.243, 139
Trd, 4319552.443, 140
Trd, 4319552.543, 140
Trd, 4319553.043, 140
Trd, 4319554.843, 140
Trd, 4319556.043, 140
Trd, 4319556.893, 140
Trd, 4319556.943, 140
Trd, 4319557.693, 140
Trd, 4319558.443, 140
Trd, 4319560.093, 140
Trd, 4319560.243, 140
Trd, 4319560.443, 140
Trd, 4319560.543, 140
Trd, 4319561.293, 140
Trd, 4319561.393, 140
Trd, 4319563.093, 140
Trd, 4319563.343, 137
Trd, 4319563.443, 135
Trd, 4319564.893, 140
Trd, 4319565.193, 138
Trd, 4319565.293, 137
Trd, 4319565.993, 124
Trd, 4319567.293, 140
Trd, 4319567.443, 137
Trd, 4319567.943, 140
Trd, 4319568.843, 140
Trd, 4319569.643, 140
Trd, 4319570.243, 140
Trd, 4319572.293, 140
Trd, 4319572.693, 140
Trd, 4319573.193, 140
Trd, 4319573.393, 140
Trd, 4319573.493, 139
Trd, 4319576.193, 140
Trd, 4319576.493, 140
Trd, 4319576.993, 140
Trd, 4319577.143, 140
Trd, 4319577.593, 139
Trd, 4319578.293, 140
Trd, 4319579.143, 140
Trd, 4319579.343, 139
Trd, 4319580.893, 140
Trd, 4319581.393, 140
Trd, 4319582.543, 140
Trd, 4319582.943, 140
Trd, 4319583.393, 140
Trd, 4319585.293, 140
Trd, 4319585.343, 139
Trd, 4319586.343, 62
Trd, 4319586.693, 61
Trd, 4319588.143, 140
Trd, 4319589.043, 140
Trd, 4319589.643, 140
Trd, 4319590.393, 140
Trd, 4319590.943, 140
Trd, 4319591.443, 140
Trd, 4319591.493, 140
Trd, 4319593.643, 140
Trd, 4319593.693, 140
Trd, 4319594.043, 140
Trd, 4319594.293, 139
Trd, 4319595.793, 140
Trd, 4319597.143, 140
Trd, 4319597.343, 140
Trd, 4319598.443, 140
Trd, 4319598.943, 140
Trd, 4319599.143, 140
Trd, 4319600.043, 138
Trd, 4319600.543, 139
Trd, 4319601.693, 139
Trd, 4319602.693, 140
Trd, 4319604.393, 140
Trd, 4319605.093, 140
Trd, 4319605.893, 139
Trd, 4319605.993, 139
Trd, 4319606.593, 140
Trd, 4319606.943, 139
Trd, 4319608.943, 140
Trd, 4319609.293, 140
Trd, 4319609.943, 140
Trd, 4319610.693, 140
Trd, 4319610.743, 139
Trd, 4319611.193, 140
Trd, 4319612.043, 140
Trd, 4319612.493, 140
Trd, 4319613.243, 140
Trd, 4319613.493, 140
Trd, 4319614.743, 140
Trd, 4319615.893, 140
Trd, 4319617.593, 140
Trd, 4319617.743, 140
Trd, 4319617.843, 140
Trd, 4319618.943, 140
Trd, 4319619.343, 140
Trd, 4319619.693, 140
Trd, 4319620.543, 140
Trd, 4319621.593, 140
Trd, 4319622.243, 140
Trd, 4319622.343, 140
Trd, 4319624.243, 140
Trd, 4319624.543, 140
Trd, 4319625.843, 140
Trd, 4319626.393, 140
Trd, 4319627.143, 140
Trd, 4319627.193, 140
Trd, 4319627.243, 140
Trd, 4319627.993, 140
Trd, 4319628.993, 140
Trd, 4319630.343, 140
Trd, 4319632.143, 140
Trd, 4319632.843, 140
Trd, 4319634.093, 140
Trd, 4319634.343, 140
Trd, 4319634.993, 139
Trd, 4319635.293, 140
Trd, 4319635.843, 140
Trd, 4319636.043, 140
Trd, 4319637.593, 140
Trd, 4319638.993, 140
Trd, 4319639.493, 140
Trd, 4319639.893, 139
Trd, 4319640.043, 135
Trd, 4319642.243, 140
Trd, 4319642.493, 140
Trd, 4319642.643, 140
Trd, 4319643.793, 138
Trd, 4319644.393, 139
Trd, 4319644.543, 138
Trd, 4319645.593, 140
Trd, 4319647.293, 140
Trd, 4319648.893, 140
Trd, 4319650.143, 140
Trd, 4319650.193, 140
Trd, 4319651.143, 140
Trd, 4319651.293, 139
Trd, 4319652.943, 140
Trd, 4319653.793, 140
Trd, 4319653.943, 140
Trd, 4319654.143, 140
Trd, 4319654.943, 140
Trd, 4319656.393, 140
Trd, 4319656.893, 140
Trd, 4319657.393, 140
Trd, 4319659.193, 140
Trd, 4319659.643, 140
Trd, 4319660.293, 140
Trd, 4319661.143, 140
Trd, 4319661.493, 140
Trd, 4319661.693, 140
Trd, 4319661.793, 137
Trd, 4319662.193, 140
Trd, 4319662.343, 140
Trd, 4319664.843, 140
Trd, 4319665.243, 140
Trd, 4319665.843, 140
Trd, 4319666.243, 140
Trd, 4319667.093, 140
Trd, 4319667.243, 140
Trd, 4319668.843, 139
Trd, 4319669.243, 140
Trd, 4319670.393, 140
Trd, 4319670.693, 140
Trd, 4319671.993, 140
Trd, 4319672.043, 140
Trd, 4319674.043, 140
Trd, 4319674.293, 140
Trd, 4319674.693, 140
Trd, 4319674.743, 140
Trd, 4319675.043, 139
Trd, 4319675.693, 139
Trd, 4319675.993, 139
Trd, 4319676.793, 138
Trd, 4319678.443, 140
Trd, 4319679.943, 140
Trd, 4319680.143, 140
Trd, 4319680.343, 140
Trd, 4319680.793, 140
Trd, 4319681.993, 140
Trd, 4319682.043, 139
Trd, 4319683.493, 140
Trd, 4319684.543, 140
Trd, 4319684.743, 140
Trd, 4319686.393, 140
Trd, 4319687.193, 140
Trd, 4319688.243, 140
Trd, 4319688.743, 140
Trd, 4319689.993, 140
Trd, 4319690.093, 139
Trd, 4319690.193, 139
Trd, 4319690.893, 140
Trd, 4319691.043, 140
Trd, 4319691.993, 140
Trd, 4319694.393, 140
Trd, 4319694.893, 140
Trd, 4319696.593, 140
Trd, 4319697.693, 140
Trd, 4319697.993, 140
Trd, 4319698.093, 140
Trd, 4319698.443, 140
Trd, 4319699.893, 140
Trd, 4319700.093, 140
Trd, 4319700.593, 140
Trd, 4319700.743, 140
Trd, 4319700.993, 140
Trd, 4319702.143, 140
Trd, 4319702.343, 140
Trd, 4319702.893, 140
Trd, 4319704.393, 140
Trd, 4319704.993, 140
Trd, 4319705.943, 140
Trd, 4319706.293, 140
Trd, 4319706.793, 140
Trd, 4319707.093, 140
Trd, 4319708.293, 140
Trd, 4319709.243, 140
Trd, 4319709.343, 140
Trd, 4319709.393, 137
Trd, 4319710.543, 83
Trd, 4319711.293, 140
Trd, 4319712.243, 140
Trd, 4319713.443, 140
Trd, 4319715.043, 140
Trd, 4319715.443, 140
Trd, 4319715.593, 140
Trd, 4319716.393, 140
Trd, 4319717.293, 139
Trd, 4319718.293, 140
Trd, 4319718.443, 140
Trd, 4319720.043, 140
Trd, 4319720.693, 140
Trd, 4319721.993, 140
Trd, 4319722.093, 140
Trd, 4319722.193, 140
Trd, 4319723.493, 140
Trd, 4319723.643, 140
Trd, 4319724.993, 140
Trd, 4319726.493, 140
Trd, 4319728.293, 140
Trd, 4319728.443, 140
Trd, 4319729.093, 140
Trd, 4319729.193, 140
Trd, 4319729.243, 140
Trd, 4319730.993, 140
Trd, 4319731.043, 140
Trd, 4319731.543, 140
Trd, 4319732.593, 140
Trd, 4319732.893, 140
Trd, 4319732.993, 140
Trd, 4319734.793, 140
Trd, 4319735.343, 140
Trd, 4319736.843, 140
Trd, 4319737.743, 140
Trd, 4319737.993, 140
Trd, 4319738.493, 140
Trd, 4319739.193, 140
Trd, 4319740.343, 140
Trd, 4319740.693, 140
Trd, 4319741.743, 140
Trd, 4319742.043, 138
Trd, 4319742.193, 135
Trd, 4319742.943, 61
Trd, 4319743.643, 64
Trd, 4319745.193, 61
Trd, 4319745.343, 64
Trd, 4319746.043, 67
Trd, 4319746.243, 122
Trd, 4319747.043, 140
Trd, 4319747.093, 140
Trd, 4319748.593, 140
Trd, 4319749.293, 140
Trd, 4319750.143, 140
Trd, 4319751.093, 140
Trd, 4319751.743, 139
Trd, 4319751.993, 139
Trd, 4319752.443, 140
Trd, 4319752.993, 61
Trd, 4319754.343, 140
Trd, 4319756.293, 140
Trd, 4319756.593, 140
Trd, 4319757.093, 140
Trd, 4319760.043, 140
Trd, 4319760.793, 140
Trd, 4319761.143, 140
Trd, 4319761.443, 140
Trd, 4319761.643, 140
Trd, 4319762.493, 140
Trd, 4319762.793, 140
Trd, 4319765.093, 140
Trd, 4319765.143, 140
Trd, 4319765.293, 140
Trd, 4319765.693, 140
Trd, 4319766.543, 140
Trd, 4319766.793, 140
Trd, 4319767.493, 140
Trd, 4319768.343, 140
Trd, 4319768.643, 140
Trd, 4319769.943, 140
Trd, 4319770.393, 140
Trd, 4319770.793, 140
Trd, 4319771.193, 140
Trd, 4319772.243, 140
Trd, 4319772.393, 140
Trd, 4319774.443, 140
Trd, 4319775.893, 140
Trd, 4319775.993, 140
Trd, 4319776.343, 140
Trd, 4319776.793, 140
Trd, 4319778.143, 139
Trd, 4319778.543, 138
Trd, 4319780.693, 140
Trd, 4319781.543, 140
Trd, 4319781.743, 137
Trd, 4319782.593, 140
Trd, 4319782.693, 140
Trd, 4319783.593, 140
Trd, 4319785.493, 140
Trd, 4319786.443, 140
Trd, 4319786.543, 140
Trd, 4319786.843, 140
Trd, 4319786.993, 137
Trd, 4319787.143, 131
Trd, 4319787.693, 65
Trd, 4319788.093, 64
Trd, 4319789.893, 65
Trd, 4319789.943, 66
Trd, 4319790.593, 139
Trd, 4319791.793, 140
Trd, 4319791.893, 140
Trd, 4319792.343, 140
Trd, 4319792.943, 140
Trd, 4319794.143, 140
Trd, 4319795.243, 140
Trd, 4319795.393, 139
Trd, 4319795.893, 139
Trd, 4319797.243, 140
Trd, 4319797.443, 139
Trd, 4319798.693, 137
Trd, 4319799.243, 140
Trd, 4319799.893, 140
Trd, 4319800.093, 139
Trd, 4319801.043, 60
Trd, 4319802.493, 111
Trd, 4319805.343, 140
Trd, 4319805.393, 140
Trd, 4319805.743, 140
Trd, 4319805.943, 139
Trd, 4319805.993, 139
Trd, 4319806.243, 139
Trd, 4319808.393, 140
Trd, 4319809.343, 140
Trd, 4319809.643, 140
Trd, 4319809.793, 140
Trd, 4319809.843, 135
Trd, 4319810.343, 140
Trd, 4319810.843, 120
Trd, 4319812.093, 140
Trd, 4319814.243, 140
Trd, 4319815.293, 140
Trd, 4319815.893, 140
Trd, 4319816.793, 140
Trd, 4319817.143, 140
Trd, 4319817.193, 140
Trd, 4319817.693, 140
Trd, 4319818.443, 140
Trd, 4319818.493, 140
Trd, 4319819.093, 140
Trd, 4319819.893, 134
Trd, 4319820.743, 77
Trd, 4319822.643, 140
Trd, 4319823.293, 140
Trd, 4319825.693, 140
Trd, 4319825.893, 140
Trd, 4319825.993, 140
Trd, 4319826.143, 140
Trd, 4319826.943, 140
Trd, 4319827.043, 140
Trd, 4319827.943, 140
Trd, 4319828.743, 140
Trd, 4319829.443, 140
Trd, 4319829.593, 140
Trd, 4319830.243, 140
Trd, 4319831.843, 140
Trd, 4319831.893, 140
Trd, 4319832.593, 140
Trd, 4319832.793, 140
Trd, 4319835.593, 140
Trd, 4319835.693, 140
Trd, 4319836.393, 140
Trd, 4319837.093, 140
Trd, 4319837.543, 140
Trd, 4319837.843, 139
Trd, 4319838.843, 140
Trd, 4319839.093, 140
Trd, 4319839.943, 125
Trd, 4319840.693, 63
Trd, 4319841.043, 64
Trd, 4319841.243, 65
Trd, 4319842.193, 62
Trd, 4319842.393, 63
Trd, 4319843.143, 63
Trd, 4319843.593, 60
Trd, 4319844.793, 61
Trd, 4319846.193, 60
Trd, 4319846.793, 61
Trd, 4319847.993, 65
Trd, 4319848.593, 63
Trd, 4319848.693, 66
Trd, 4319849.393, 66
Trd, 4319849.643, 99
Trd, 4319850.943, 94
Trd, 4319851.193, 93
Trd, 4319851.293, 140
Trd, 4319852.143, 63
Trd, 4319852.843, 62
Trd, 4319853.293, 64
Trd, 4319853.943, 62
Trd, 4319854.643, 63
Trd, 4319854.743, 129
Trd, 4319855.343, 140
Trd, 4319856.143, 140
Trd, 4319857.143, 140
Trd, 4319857.943, 140
Trd, 4319858.693, 140
Trd, 4319858.843, 140
Trd, 4319860.393, 140
Trd, 4319861.143, 140
Trd, 4319861.493, 140
Trd, 4319861.643, 140
Trd, 4319862.893, 140
Trd, 4319863.443, 140
Trd, 4319864.493, 140
Trd, 4319865.493, 140
Trd, 4319866.093, 140
Trd, 4319867.043, 140
Trd, 4319867.343, 139
Trd, 4319867.493, 139
Trd, 4319868.343, 140
Trd, 4319869.643, 140
Trd, 4319869.893, 139
Trd, 4319871.293, 140
Trd, 4319872.993, 140
Trd, 4319873.293, 140
Trd, 4319874.193, 140
Trd, 4319874.443, 140
Trd, 4319874.593, 140
Trd, 4319875.343, 140
Trd, 4319875.843, 140
Trd, 4319876.143, 140
Trd, 4319878.543, 140
Trd, 4319878.693, 140
Trd, 4319878.943, 140
Trd, 4319878.993, 135
Trd, 4319880.093, 140
Trd, 4319880.993, 140
Trd, 4319883.293, 140
Trd, 4319883.443, 140
Trd, 4319884.093, 140
Trd, 4319884.443, 140
Trd, 4319884.743, 140
Trd, 4319884.943, 140
Trd, 4319885.293, 140
Trd, 4319886.493, 140
Trd, 4319886.543, 139
Trd, 4319888.343, 140
Trd, 4319889.193, 140
Trd, 4319889.443, 140
Trd, 4319889.693, 140
Trd, 4319890.143, 140
Trd, 4319891.693, 140
Trd, 4319892.243, 140
Trd, 4319892.343, 140
Trd, 4319893.843, 140
Trd, 4319895.493, 139
Trd, 4319895.693, 139
Trd, 4319896.043, 140
Trd, 4319896.093, 138
Trd, 4319898.293, 140
Trd, 4319898.643, 140
Trd, 4319898.693, 140
Trd, 4319900.593, 140
Trd, 4319900.743, 140
Trd, 4319901.343, 140
Trd, 4319902.093, 140
Trd, 4319903.543, 140
Trd, 4319904.093, 140
Trd, 4319904.893, 140
Trd, 4319905.393, 140
Trd, 4319906.493, 140
Trd, 4319907.443, 140
Trd, 4319908.143, 140
Trd, 4319908.293, 140
Trd, 4319908.893, 140
Trd, 4319909.493, 140
Trd, 4319910.893, 140
Trd, 4319911.093, 138
Trd, 4319911.293, 131
Trd, 4319912.243, 139
Trd, 4319913.393, 138
Trd, 4319913.743, 140
Trd, 4319913.993, 113
Trd, 4319914.693, 140
Trd, 4319915.993, 60
Trd, 4319916.343, 60
Trd, 4319916.443, 61
Trd, 4319917.993, 140
Trd, 4319918.993, 140
Trd, 4319921.193, 140
Trd, 4319922.443, 140
Trd, 4319922.493, 140
Trd, 4319922.943, 140
Trd, 4319923.493, 140
Trd, 4319924.243, 140
Trd, 4319924.343, 140
Trd, 4319924.943, 139
Trd, 4319926.793, 140
Trd, 4319926.843, 140
Trd, 4319927.743, 140
Trd, 4319927.843, 140
Trd, 4319928.493, 140
Trd, 4319928.843, 139
Trd, 4319929.543, 139
Trd, 4319930.393, 108
Trd, 4319931.193, 140
Trd, 4319932.093, 136
Trd, 4319932.143, 135
Trd, 4319933.643, 140
Trd, 4319933.743, 140
Trd, 4319934.243, 140
Trd, 4319935.343, 140
Trd, 4319935.393, 138
Trd, 4319936.093, 140
Trd, 4319938.743, 140
Trd, 4319938.993, 140
Trd, 4319939.293, 140
Trd, 4319939.743, 140
Trd, 4319941.343, 140
Trd, 4319941.643, 140
Trd, 4319942.043, 140
Trd, 4319943.093, 140
Trd, 4319943.593, 140
Trd, 4319944.693, 140
Trd, 4319945.243, 140
Trd, 4319945.393, 140
Trd, 4319945.593, 140
Trd, 4319946.093, 140
Trd, 4319946.543, 140
Trd, 4319948.093, 138
Trd, 4319948.343, 138
Trd, 4319949.243, 140
Trd, 4319949.293, 137
Trd, 4319950.543, 140
Trd, 4319951.193, 138
Trd, 4319951.793, 139
Trd, 4319952.943, 140
Trd, 4319953.893, 140
Trd, 4319955.043, 140
Trd, 4319955.543, 140
Trd, 4319955.693, 140
Trd, 4319957.043, 140
Trd, 4319957.743, 140
Trd, 4319958.043, 140
Trd, 4319958.193, 140
Trd, 4319958.893, 140
Trd, 4319960.493, 140
Trd, 4319961.093, 140
Trd, 4319962.143, 140
Trd, 4319962.193, 140
Trd, 4319962.793, 139
Trd, 4319963.893, 140
Trd, 4319964.393, 140
Trd, 4319964.543, 140
Trd, 4319964.643, 140
Trd, 4319965.643, 139
Trd, 4319966.643, 140
Trd, 4319967.843, 140
Trd, 4319968.093, 140
Trd, 4319968.293, 139
Trd, 4319968.643, 140
Trd, 4319969.293, 61
Trd, 4319969.643, 61
Trd, 4319970.443, 140
Trd, 4319971.793, 140
Trd, 4319972.393, 140
Trd, 4319973.143, 140
Trd, 4319974.943, 140
Trd, 4319975.843, 140
Trd, 4319976.043, 140
Trd, 4319977.193, 140
Trd, 4319977.543, 140
Trd, 4319978.793, 140
Trd, 4319979.043, 140
Trd, 4319979.593, 140
Trd, 4319980.943, 140
Trd, 4319981.843, 140
Trd, 4319982.343, 140
Trd, 4319983.193, 140
Trd, 4319983.243, 137
Trd, 4319983.293, 83
Trd, 4319984.343, 140
Trd, 4319985.293, 140
Trd, 4319988.243, 140
Trd, 4319988.393, 140
Trd, 4319988.443, 140
Trd, 4319989.693, 140
Trd, 4319989.743, 140
Trd, 4319989.893, 140
Trd, 4319990.493, 140
Trd, 4319992.093, 140
Trd, 4319992.143, 140
Trd, 4319992.243, 140
Trd, 4319992.543, 138
Trd, 4319994.093, 140
Trd, 4319995.393, 140
Trd, 4319995.593, 140
Trd, 4319996.943, 140
Trd, 4319997.393, 140
Trd, 4319997.843, 140
Trd, 4319999.193, 140
