Trd, 4318015.843, 135
Trd, 4318018.393, 94
Trd, 4318019.593, 103
Trd, 4318020.293, 98
Trd, 4318020.593, 113
Trd, 4318020.993, 88
Trd, 4318021.793, 127
Trd, 4318023.393, 137
Trd, 4318023.743, 126
Trd, 4318023.943, 113
Trd, 4318024.493, 131
Trd, 4318025.643, 123
Trd, 4318026.643, 101
Trd, 4318027.243, 105
Trd, 4318027.793, 131
Trd, 4318027.893, 113
Trd, 4318029.293, 124
Trd, 4318029.543, 108
Trd, 4318029.893, 91
Trd, 4318031.243, 102
Trd, 4318031.443, 78
Trd, 4318033.043, 138
Trd, 4318033.793, 73
Trd, 4318035.893, 82
Trd, 4318036.593, 101
Trd, 4318036.643, 82
Trd, 4318037.193, 72
Trd, 4318038.593, 88
Trd, 4318039.843, 111
Trd, 4318041.043, 114
Trd, 4318042.593, 134
Trd, 4318043.693, 108
Trd, 4318045.943, 134
Trd, 4318046.643, 129
Trd, 4318047.693, 124
Trd, 4318048.043, 124
Trd, 4318048.593, 99
Trd, 4318048.743, 93
Trd, 4318049.293, 111
Trd, 4318050.893, 140
Trd, 4318051.593, 122
Trd, 4318052.393, 117
Trd, 4318053.593, 129
Trd, 4318053.693, 115
Trd, 4318053.843, 106
Trd, 4318054.743, 118
Trd, 4318055.643, 128
Trd, 4318057.343, 131
Trd, 4318057.693, 120
Trd, 4318058.543, 115
Trd, 4318058.943, 118
Trd, 4318060.193, 134
Trd, 4318060.543, 131
Trd, 4318063.543, 137
Trd, 4318063.693, 131
Trd, 4318064.093, 122
Trd, 4318065.093, 132
Trd, 4318067.893, 110
Trd, 4318067.993, 94
Trd, 4318068.293, 94
Trd, 4318068.843, 113
Trd, 4318069.343, 137
Trd, 4318070.143, 113
Trd, 4318070.743, 110
Trd, 4318071.243, 120
Trd, 4318072.043, 126
Trd, 4318072.493, 102
Trd, 4318073.493, 109
Trd, 4318074.893, 139
Trd, 4318076.143, 109
Trd, 4318076.993, 130
Trd, 4318077.743, 91
Trd, 4318078.243, 122
Trd, 4318079.343, 110
Trd, 4318079.843, 96
Trd, 4318079.943, 64
Trd, 4318080.543, 109
Trd, 4318081.493, 64
Trd, 4318082.293, 118
Trd, 4318083.593, 109
Trd, 4318084.793, 109
Trd, 4318085.293, 77
Trd, 4318085.543, 92
Trd, 4318086.293, 112
Trd, 4318087.493, 98
Trd, 4318087.993, 93
Trd, 4318088.293, 140
Trd, 4318088.843, 125
Trd, 4318089.643, 140
Trd, 4318089.993, 121
Trd, 4318090.243, 107
Trd, 4318091.543, 136
Trd, 4318094.143, 138
Trd, 4318094.693, 120
Trd, 4318095.693, 112
Trd, 4318096.193, 105
Trd, 4318096.743, 129
Trd, 4318098.443, 113
Trd, 4318099.293, 133
Trd, 4318099.693, 127
Trd, 4318101.993, 122
Trd, 4318102.293, 117
Trd, 4318102.943, 132
Trd, 4318103.343, 127
Trd, 4318105.093, 122
Trd, 4318105.143, 110
Trd, 4318105.643, 96
Trd, 4318105.693, 123
Trd, 4318106.093, 119
Trd, 4318107.093, 114
Trd, 4318110.943, 130
Trd, 4318111.343, 135
Trd, 4318112.043, 140
Trd, 4318112.943, 119
Trd, 4318113.443, 100
Trd, 4318115.893, 123
Trd, 4318116.743, 135
Trd, 4318117.243, 113
Trd, 4318118.093, 136
Trd, 4318119.243, 126
Trd, 4318119.743, 103
Trd, 4318120.043, 102
Trd, 4318122.843, 115
Trd, 4318123.193, 93
Trd, 4318123.593, 76
Trd, 4318124.043, 116
Trd, 4318124.893, 103
Trd, 4318125.993, 108
Trd, 4318127.293, 103
Trd, 4318127.543, 119
Trd, 4318127.893, 89
Trd, 4318128.443, 84
Trd, 4318128.993, 104
Trd, 4318129.593, 121
Trd, 4318130.943, 69
Trd, 4318132.793, 107
Trd, 4318133.543, 138
Trd, 4318133.743, 103
Trd, 4318134.593, 132
Trd, 4318134.693, 126
Trd, 4318135.793, 90
Trd, 4318136.143, 114
Trd, 4318137.393, 122
Trd, 4318137.693, 82
Trd, 4318137.893, 87
Trd, 4318139.343, 116
Trd, 4318139.943, 99
Trd, 4318141.093, 131
Trd, 4318141.243, 116
Trd, 4318142.193, 114
Trd, 4318143.543, 130
Trd, 4318143.693, 112
Trd, 4318143.993, 98
Trd, 4318146.743, 123
Trd, 4318147.843, 100
Trd, 4318148.593, 89
Trd, 4318150.293, 95
Trd, 4318152.443, 134
Trd, 4318152.793, 110
Trd, 4318153.443, 113
Trd, 4318153.543, 88
Trd, 4318153.893, 84
Trd, 4318154.243, 75
Trd, 4318155.693, 92
Trd, 4318156.193, 100
Trd, 4318156.693, 124
Trd, 4318157.443, 134
Trd, 4318158.293, 116
Trd, 4318159.143, 108
Trd, 4318161.343, 102
Trd, 4318164.243, 128
Trd, 4318165.293, 126
Trd, 4318167.093, 119
Trd, 4318168.543, 139
Trd, 4318170.443, 120
Trd, 4318171.843, 108
Trd, 4318172.193, 105
Trd, 4318172.293, 112
Trd, 4318174.843, 118
Trd, 4318175.593, 91
Trd, 4318175.943, 98
Trd, 4318176.143, 109
Trd, 4318176.793, 96
Trd, 4318177.143, 130
Trd, 4318177.743, 136
Trd, 4318178.743, 134
Trd, 4318178.893, 132
Trd, 4318179.743, 105
Trd, 4318180.593, 126
Trd, 4318181.543, 125
Trd, 4318183.243, 78
Trd, 4318184.093, 106
Trd, 4318184.343, 111
Trd, 4318185.993, 125
Trd, 4318186.443, 135
Trd, 4318190.143, 136
Trd, 4318190.493, 127
Trd, 4318191.243, 119
Trd, 4318191.793, 105
Trd, 4318193.393, 96
Trd, 4318194.643, 119
Trd, 4318196.093, 118
Trd, 4318196.693, 140
Trd, 4318197.493, 121
Trd, 4318198.193, 103
Trd, 4318198.393, 119
Trd, 4318199.243, 116
Trd, 4318199.843, 126
Trd, 4318200.343, 106
Trd, 4318200.593, 110
Trd, 4318201.343, 119
Trd, 4318201.943, 90
Trd, 4318202.443, 75
Trd, 4318203.843, 124
Trd, 4318204.093, 120
Trd, 4318204.893, 134
Trd, 4318205.043, 117
Trd, 4318205.893, 115
Trd, 4318206.243, 119
Trd, 4318206.593, 117
Trd, 4318207.243, 98
Trd, 4318207.893, 117
Trd, 4318210.343, 131
Trd, 4318212.193, 135
Trd, 4318213.293, 127
Trd, 4318214.243, 92
Trd, 4318214.443, 121
Trd, 4318214.643, 75
Trd, 4318215.993, 121
Trd, 4318217.293, 123
Trd, 4318217.993, 127
Trd, 4318219.943, 109
Trd, 4318220.593, 116
Trd, 4318220.943, 121
Trd, 4318221.093, 139
Trd, 4318221.543, 96
Trd, 4318221.993, 93
Trd, 4318223.193, 109
Trd, 4318223.493, 138
Trd, 4318224.693, 140
Trd, 4318228.643, 118
Trd, 4318230.043, 106
Trd, 4318230.193, 126
Trd, 4318230.993, 91
Trd, 4318231.493, 99
Trd, 4318231.743, 109
Trd, 4318231.793, 128
Trd, 4318232.593, 89
Trd, 4318234.043, 131
Trd, 4318235.393, 121
Trd, 4318235.843, 129
Trd, 4318235.893, 80
Trd, 4318237.943, 131
Trd, 4318239.293, 114
Trd, 4318242.143, 140
Trd, 4318242.193, 139
Trd, 4318242.643, 123
Trd, 4318242.743, 128
Trd, 4318243.793, 88
Trd, 4318244.093, 93
Trd, 4318245.743, 84
Trd, 4318246.093, 137
Trd, 4318246.443, 108
Trd, 4318247.943, 103
Trd, 4318248.943, 135
Trd, 4318249.293, 133
Trd, 4318249.893, 125
Trd, 4318250.893, 82
Trd, 4318252.443, 89
Trd, 4318254.043, 86
Trd, 4318254.393, 132
Trd, 4318255.043, 104
Trd, 4318255.343, 106
Trd, 4318256.593, 115
Trd, 4318257.193, 132
Trd, 4318257.643, 114
Trd, 4318257.893, 102
Trd, 4318258.293, 93
Trd, 4318259.293, 86
Trd, 4318259.793, 98
Trd, 4318261.293, 101
Trd, 4318261.643, 116
Trd, 4318262.893, 92
Trd, 4318264.193, 112
Trd, 4318265.993, 138
Trd, 4318266.093, 110
Trd, 4318266.743, 130
Trd, 4318266.943, 100
Trd, 4318267.993, 98
Trd, 4318268.743, 62
Trd, 4318269.643, 75
Trd, 4318270.093, 104
Trd, 4318273.193, 126
Trd, 4318273.543, 121
Trd, 4318274.193, 121
Trd, 4318275.393, 137
Trd, 4318275.843, 126
Trd, 4318275.943, 115
Trd, 4318276.643, 106
Trd, 4318276.893, 92
Trd, 4318277.293, 95
Trd, 4318277.543, 87
Trd, 4318278.443, 136
Trd, 4318278.993, 90
Trd, 4318279.093, 98
Trd, 4318281.493, 131
Trd, 4318281.743, 125
Trd, 4318282.193, 119
Trd, 4318283.243, 78
Trd, 4318284.493, 123
Trd, 4318285.393, 133
Trd, 4318285.743, 115
Trd, 4318287.593, 134
Trd, 4318289.093, 126
Trd, 4318289.493, 97
Trd, 4318289.643, 92
Trd, 4318293.343, 121
Trd, 4318293.793, 86
Trd, 4318294.543, 136
Trd, 4318294.743, 120
Trd, 4318295.993, 128
Trd, 4318297.843, 126
Trd, 4318298.393, 140
Trd, 4318300.543, 114
Trd, 4318300.593, 110
Trd, 4318300.843, 118
Trd, 4318301.193, 106
Trd, 4318301.743, 79
Trd, 4318302.793, 90
Trd, 4318302.893, 112
Trd, 4318303.743, 135
Trd, 4318305.443, 140
Trd, 4318306.493, 121
Trd, 4318306.843, 102
Trd, 4318309.243, 135
Trd, 4318313.793, 133
Trd, 4318314.493, 98
Trd, 4318314.743, 104
Trd, 4318315.243, 105
Trd, 4318315.893, 108
Trd, 4318316.243, 128
Trd, 4318318.143, 108
Trd, 4318318.893, 92
Trd, 4318319.793, 118
Trd, 4318321.143, 138
Trd, 4318323.093, 136
Trd, 4318324.043, 130
Trd, 4318324.293, 124
Trd, 4318325.293, 134
Trd, 4318326.393, 119
Trd, 4318327.643, 100
Trd, 4318327.993, 96
Trd, 4318328.393, 97
Trd, 4318329.393, 112
Trd, 4318329.993, 103
Trd, 4318330.143, 86
Trd, 4318330.593, 123
Trd, 4318331.493, 128
Trd, 4318331.843, 77
Trd, 4318332.493, 88
Trd, 4318334.443, 133
Trd, 4318334.743, 114
Trd, 4318335.843, 100
Trd, 4318336.843, 124
Trd, 4318336.943, 126
Trd, 4318336.993, 129
Trd, 4318338.293, 70
Trd, 4318339.093, 99
Trd, 4318340.143, 67
Trd, 4318340.443, 114
Trd, 4318342.093, 85
Trd, 4318342.693, 99
Trd, 4318344.693, 110
Trd, 4318344.793, 107
Trd, 4318345.593, 74
Trd, 4318347.493, 128
Trd, 4318347.743, 119
Trd, 4318350.343, 137
Trd, 4318350.993, 106
Trd, 4318351.193, 103
Trd, 4318351.793, 128
Trd, 4318352.293, 93
Trd, 4318353.243, 118
Trd, 4318354.793, 130
Trd, 4318355.493, 114
Trd, 4318356.593, 97
Trd, 4318357.193, 92
Trd, 4318357.393, 132
Trd, 4318357.843, 138
Trd, 4318358.343, 104
Trd, 4318360.443, 70
Trd, 4318360.943, 99
Trd, 4318360.993, 93
Trd, 4318361.343, 70
Trd, 4318362.793, 73
Trd, 4318362.993, 101
Trd, 4318363.693, 131
Trd, 4318364.993, 108
Trd, 4318365.093, 111
Trd, 4318366.193, 85
Trd, 4318366.793, 102
Trd, 4318368.543, 113
Trd, 4318368.693, 88
Trd, 4318368.893, 78
Trd, 4318370.243, 126
Trd, 4318370.493, 132
Trd, 4318372.043, 107
Trd, 4318372.443, 103
Trd, 4318373.793, 139
Trd, 4318373.993, 122
Trd, 4318374.693, 115
Trd, 4318377.043, 131
Trd, 4318377.643, 96
Trd, 4318379.143, 140
Trd, 4318379.743, 132
Trd, 4318381.493, 128
Trd, 4318383.293, 125
Trd, 4318384.093, 121
Trd, 4318384.943, 124
Trd, 4318385.593, 119
Trd, 4318386.043, 106
Trd, 4318387.043, 112
Trd, 4318388.043, 111
Trd, 4318389.493, 140
Trd, 4318389.693, 106
Trd, 4318391.093, 134
Trd, 4318391.593, 137
Trd, 4318392.543, 116
Trd, 4318392.943, 127
Trd, 4318393.793, 126
Trd, 4318396.093, 92
Trd, 4318396.943, 100
Trd, 4318397.293, 90
Trd, 4318397.543, 84
Trd, 4318398.343, 89
Trd, 4318398.943, 103
Trd, 4318399.343, 112
Trd, 4318399.493, 134
Trd, 4318400.193, 92
Trd, 4318400.493, 132
Trd, 4318401.743, 134
Trd, 4318402.143, 118
Trd, 4318402.293, 102
Trd, 4318403.443, 131
Trd, 4318403.743, 94
Trd, 4318405.343, 135
Trd, 4318407.643, 135
Trd, 4318408.143, 97
Trd, 4318408.343, 103
Trd, 4318412.093, 136
Trd, 4318412.243, 118
Trd, 4318412.443, 117
Trd, 4318412.543, 90
Trd, 4318413.143, 97
Trd, 4318413.693, 131
Trd, 4318414.843, 125
Trd, 4318415.143, 89
Trd, 4318416.193, 78
Trd, 4318416.593, 93
Trd, 4318417.493, 70
Trd, 4318419.393, 128
Trd, 4318420.593, 111
Trd, 4318421.343, 96
Trd, 4318421.993, 102
Trd, 4318422.293, 103
Trd, 4318423.543, 80
Trd, 4318424.393, 110
Trd, 4318424.693, 137
Trd, 4318424.793, 77
Trd, 4318426.093, 118
Trd, 4318426.243, 84
Trd, 4318427.393, 105
Trd, 4318430.593, 114
Trd, 4318431.893, 140
Trd, 4318432.393, 134
Trd, 4318432.793, 112
Trd, 4318433.593, 139
Trd, 4318433.993, 101
Trd, 4318436.143, 118
Trd, 4318437.693, 133
Trd, 4318438.393, 125
Trd, 4318439.193, 138
Trd, 4318439.843, 135
Trd, 4318440.943, 120
Trd, 4318441.793, 98
Trd, 4318441.893, 96
Trd, 4318442.693, 108
Trd, 4318443.443, 134
Trd, 4318444.493, 123
Trd, 4318445.493, 113
Trd, 4318448.393, 140
Trd, 4318449.893, 137
Trd, 4318450.943, 120
Trd, 4318451.943, 127
Trd, 4318452.843, 108
Trd, 4318454.393, 140
Trd, 4318455.093, 125
Trd, 4318455.143, 121
Trd, 4318455.493, 91
Trd, 4318458.343, 133
Trd, 4318458.893, 140
Trd, 4318458.943, 120
Trd, 4318459.843, 118
Trd, 4318461.593, 135
Trd, 4318461.693, 98
Trd, 4318462.193, 87
Trd, 4318462.843, 94
Trd, 4318463.093, 100
Trd, 4318463.993, 99
Trd, 4318465.593, 118
Trd, 4318466.443, 119
Trd, 4318466.593, 109
Trd, 4318468.093, 139
Trd, 4318470.593, 135
Trd, 4318471.093, 134
Trd, 4318471.793, 133
Trd, 4318472.693, 99
Trd, 4318472.793, 88
Trd, 4318473.393, 132
Trd, 4318474.693, 118
Trd, 4318475.143, 128
Trd, 4318476.193, 131
Trd, 4318476.893, 132
Trd, 4318477.393, 116
Trd, 4318479.493, 107
Trd, 4318480.143, 120
Trd, 4318480.243, 136
Trd, 4318481.343, 129
Trd, 4318481.543, 124
Trd, 4318482.143, 122
Trd, 4318482.393, 111
Trd, 4318484.093, 138
Trd, 4318484.543, 126
Trd, 4318485.643, 127
Trd, 4318486.343, 111
Trd, 4318486.943, 121
Trd, 4318487.743, 107
Trd, 4318487.793, 138
Trd, 4318488.593, 96
Trd, 4318489.443, 82
Trd, 4318489.943, 114
Trd, 4318491.743, 119
Trd, 4318492.343, 128
Trd, 4318492.443, 132
Trd, 4318495.093, 125
Trd, 4318496.743, 120
Trd, 4318497.093, 127
Trd, 4318498.193, 125
Trd, 4318499.693, 132
Trd, 4318500.043, 131
Trd, 4318500.543, 120
Trd, 4318501.543, 103
Trd, 4318501.643, 80
Trd, 4318503.493, 134
Trd, 4318503.543, 122
Trd, 4318504.393, 130
Trd, 4318504.793, 123
Trd, 4318507.243, 119
Trd, 4318507.393, 92
Trd, 4318508.043, 101
Trd, 4318509.243, 87
Trd, 4318509.743, 123
Trd, 4318512.193, 130
Trd, 4318512.693, 127
Trd, 4318512.893, 134
Trd, 4318513.093, 105
Trd, 4318513.193, 104
Trd, 4318513.243, 100
Trd, 4318513.543, 124
Trd, 4318515.543, 99
Trd, 4318516.993, 120
Trd, 4318517.493, 111
Trd, 4318519.493, 140
Trd, 4318520.343, 126
Trd, 4318521.293, 119
Trd, 4318521.593, 101
Trd, 4318522.293, 102
Trd, 4318524.193, 118
Trd, 4318524.243, 116
Trd, 4318525.393, 117
Trd, 4318525.593, 98
Trd, 4318525.693, 132
Trd, 4318525.843, 119
Trd, 4318528.093, 132
Trd, 4318528.693, 95
Trd, 4318529.493, 104
Trd, 4318530.193, 111
Trd, 4318530.993, 102
Trd, 4318531.643, 115
Trd, 4318534.043, 126
Trd, 4318534.743, 115
Trd, 4318535.793, 125
Trd, 4318536.643, 113
Trd, 4318536.693, 106
Trd, 4318537.493, 122
Trd, 4318538.193, 130
Trd, 4318539.143, 105
Trd, 4318539.693, 138
Trd, 4318539.793, 72
Trd, 4318540.543, 106
Trd, 4318540.943, 73
Trd, 4318543.693, 93
Trd, 4318544.943, 120
Trd, 4318545.393, 138
Trd, 4318545.493, 126
Trd, 4318545.893, 118
Trd, 4318546.593, 91
Trd, 4318547.143, 96
Trd, 4318548.993, 136
Trd, 4318549.643, 126
Trd, 4318551.693, 138
Trd, 4318553.043, 104
Trd, 4318553.443, 124
Trd, 4318554.143, 138
Trd, 4318555.293, 92
Trd, 4318555.343, 101
Trd, 4318556.043, 91
Trd, 4318556.343, 64
Trd, 4318557.393, 119
Trd, 4318558.243, 104
Trd, 4318560.243, 108
Trd, 4318560.643, 107
Trd, 4318561.693, 132
Trd, 4318562.243, 135
Trd, 4318562.393, 116
Trd, 4318563.893, 135
Trd, 4318565.043, 97
Trd, 4318565.343, 116
Trd, 4318566.843, 97
Trd, 4318567.743, 127
Trd, 4318568.143, 120
Trd, 4318569.393, 116
Trd, 4318570.543, 126
Trd, 4318571.193, 140
Trd, 4318571.493, 121
Trd, 4318572.393, 91
Trd, 4318572.793, 132
Trd, 4318573.293, 108
Trd, 4318576.243, 124
Trd, 4318576.943, 122
Trd, 4318577.343, 117
Trd, 4318577.493, 73
Trd, 4318578.693, 114
Trd, 4318579.493, 130
Trd, 4318581.543, 118
Trd, 4318582.143, 117
Trd, 4318582.793, 96
Trd, 4318583.543, 116
Trd, 4318584.993, 104
Trd, 4318585.043, 93
Trd, 4318585.493, 61
Trd, 4318586.093, 108
Trd, 4318586.743, 120
Trd, 4318587.943, 128
Trd, 4318589.793, 120
Trd, 4318590.893, 125
Trd, 4318592.993, 134
Trd, 4318593.493, 136
Trd, 4318593.693, 133
Trd, 4318595.793, 135
Trd, 4318595.993, 125
Trd, 4318596.493, 138
Trd, 4318599.843, 129
Trd, 4318600.893, 122
Trd, 4318601.443, 117
Trd, 4318601.793, 99
Trd, 4318602.643, 131
Trd, 4318603.293, 137
Trd, 4318603.393, 131
Trd, 4318604.843, 102
Trd, 4318605.893, 106
Trd, 4318606.093, 95
Trd, 4318606.643, 118
Trd, 4318607.643, 91
Trd, 4318607.793, 100
Trd, 4318609.243, 99
Trd, 4318611.193, 130
Trd, 4318611.393, 105
Trd, 4318611.993, 91
Trd, 4318612.093, 86
Trd, 4318613.893, 106
Trd, 4318615.843, 119
Trd, 4318616.093, 140
Trd, 4318616.543, 102
Trd, 4318616.643, 93
Trd, 4318617.743, 115
Trd, 4318619.093, 123
Trd, 4318619.643, 104
Trd, 4318620.343, 85
Trd, 4318622.393, 139
Trd, 4318622.493, 139
Trd, 4318624.443, 99
Trd, 4318625.493, 134
Trd, 4318625.943, 121
Trd, 4318626.043, 99
Trd, 4318626.793, 125
Trd, 4318626.843, 133
Trd, 4318627.993, 91
Trd, 4318629.043, 113
Trd, 4318629.693, 84
Trd, 4318630.443, 111
Trd, 4318631.043, 137
Trd, 4318631.543, 100
Trd, 4318632.893, 140
Trd, 4318632.943, 118
Trd, 4318633.643, 135
Trd, 4318633.993, 132
Trd, 4318636.943, 134
Trd, 4318636.993, 114
Trd, 4318637.693, 130
Trd, 4318637.743, 124
Trd, 4318638.143, 135
Trd, 4318638.793, 133
Trd, 4318639.543, 118
Trd, 4318641.743, 139
Trd, 4318641.893, 133
Trd, 4318642.243, 123
Trd, 4318642.443, 106
Trd, 4318643.843, 130
Trd, 4318644.043, 99
Trd, 4318644.143, 98
Trd, 4318644.243, 88
Trd, 4318645.943, 135
Trd, 4318648.593, 133
Trd, 4318649.743, 118
Trd, 4318650.043, 106
Trd, 4318651.593, 107
Trd, 4318651.843, 79
Trd, 4318653.093, 115
Trd, 4318653.543, 115
Trd, 4318654.643, 101
Trd, 4318655.893, 130
Trd, 4318655.993, 118
Trd, 4318657.143, 106
Trd, 4318658.043, 114
Trd, 4318658.593, 102
Trd, 4318659.043, 101
Trd, 4318660.643, 140
Trd, 4318661.343, 115
Trd, 4318661.993, 134
Trd, 4318663.293, 98
Trd, 4318663.543, 89
Trd, 4318665.143, 136
Trd, 4318666.043, 140
Trd, 4318668.043, 130
Trd, 4318668.493, 120
Trd, 4318669.843, 137
Trd, 4318670.193, 103
Trd, 4318670.393, 103
Trd, 4318673.443, 98
Trd, 4318674.043, 128
Trd, 4318674.243, 110
Trd, 4318674.393, 94
Trd, 4318674.943, 95
Trd, 4318675.493, 111
Trd, 4318676.143, 92
Trd, 4318676.243, 135
Trd, 4318676.793, 94
Trd, 4318677.843, 91
Trd, 4318678.293, 98
Trd, 4318679.343, 116
Trd, 4318680.643, 126
Trd, 4318681.893, 117
Trd, 4318683.143, 133
Trd, 4318683.193, 138
Trd, 4318685.593, 123
Trd, 4318686.393, 135
Trd, 4318687.293, 127
Trd, 4318688.093, 138
Trd, 4318688.193, 125
Trd, 4318688.993, 94
Trd, 4318689.493, 124
Trd, 4318689.693, 138
Trd, 4318691.093, 121
Trd, 4318692.493, 101
Trd, 4318692.593, 96
Trd, 4318694.043, 120
Trd, 4318695.043, 127
Trd, 4318695.593, 120
Trd, 4318696.043, 107
Trd, 4318696.993, 139
Trd, 4318697.143, 107
Trd, 4318697.893, 133
Trd, 4318700.293, 115
Trd, 4318700.943, 123
Trd, 4318701.143, 118
Trd, 4318702.843, 111
Trd, 4318704.043, 138
Trd, 4318704.693, 119
Trd, 4318705.143, 95
Trd, 4318706.693, 106
Trd, 4318706.743, 111
Trd, 4318707.293, 91
Trd, 4318707.593, 105
Trd, 4318708.993, 134
Trd, 4318710.443, 131
Trd, 4318710.493, 133
Trd, 4318712.243, 111
Trd, 4318712.643, 101
Trd, 4318714.243, 113
Trd, 4318714.943, 128
Trd, 4318715.343, 100
Trd, 4318717.243, 108
Trd, 4318717.743, 101
Trd, 4318718.343, 84
Trd, 4318719.643, 132
Trd, 4318720.993, 128
Trd, 4318722.593, 119
Trd, 4318723.743, 137
Trd, 4318726.293, 124
Trd, 4318726.493, 133
Trd, 4318727.593, 134
Trd, 4318729.443, 135
Trd, 4318729.493, 100
Trd, 4318729.643, 97
Trd, 4318731.193, 140
Trd, 4318731.393, 126
Trd, 4318731.793, 109
Trd, 4318732.543, 103
Trd, 4318734.193, 97
Trd, 4318734.793, 110
Trd, 4318734.943, 135
Trd, 4318735.243, 88
Trd, 4318735.743, 138
Trd, 4318736.643, 116
Trd, 4318738.193, 105
Trd, 4318738.793, 84
Trd, 4318740.593, 94
Trd, 4318741.293, 129
Trd, 4318742.193, 127
Trd, 4318743.893, 118
Trd, 4318744.193, 111
Trd, 4318744.743, 100
Trd, 4318745.243, 133
Trd, 4318745.693, 128
Trd, 4318746.343, 118
Trd, 4318746.593, 110
Trd, 4318747.843, 135
Trd, 4318749.243, 134
Trd, 4318749.593, 133
Trd, 4318750.893, 139
Trd, 4318750.943, 122
Trd, 4318751.993, 124
Trd, 4318752.643, 91
Trd, 4318752.943, 93
Trd, 4318755.393, 88
Trd, 4318757.093, 108
Trd, 4318757.343, 105
Trd, 4318758.043, 137
Trd, 4318758.843, 126
Trd, 4318759.393, 113
Trd, 4318760.093, 121
Trd, 4318763.293, 99
Trd, 4318766.043, 140
Trd, 4318766.093, 140
Trd, 4318766.443, 118
Trd, 4318767.843, 115
Trd, 4318768.093, 119
Trd, 4318768.293, 85
Trd, 4318770.793, 126
Trd, 4318771.443, 108
Trd, 4318772.943, 140
Trd, 4318774.093, 131
Trd, 4318774.593, 131
Trd, 4318774.693, 125
Trd, 4318774.843, 112
Trd, 4318775.193, 128
Trd, 4318777.393, 108
Trd, 4318778.243, 131
Trd, 4318778.443, 120
Trd, 4318778.743, 137
Trd, 4318780.143, 79
Trd, 4318782.093, 140
Trd, 4318783.793, 135
Trd, 4318784.043, 132
Trd, 4318785.343, 138
Trd, 4318786.093, 123
Trd, 4318790.443, 133
Trd, 4318790.993, 113
Trd, 4318791.193, 115
Trd, 4318791.943, 103
Trd, 4318792.343, 115
Trd, 4318793.343, 127
Trd, 4318793.843, 129
Trd, 4318794.343, 82
Trd, 4318794.893, 118
Trd, 4318796.493, 137
Trd, 4318798.243, 130
Trd, 4318798.793, 122
Trd, 4318800.093, 122
Trd, 4318800.443, 117
Trd, 4318802.593, 117
Trd, 4318804.143, 129
Trd, 4318804.343, 118
Trd, 4318805.193, 135
Trd, 4318805.343, 139
Trd, 4318807.093, 127
Trd, 4318808.143, 124
Trd, 4318808.343, 114
Trd, 4318809.043, 95
Trd, 4318809.593, 138
Trd, 4318812.843, 96
Trd, 4318813.243, 93
Trd, 4318813.843, 83
Trd, 4318814.193, 140
Trd, 4318814.793, 97
Trd, 4318816.143, 110
Trd, 4318816.393, 99
Trd, 4318816.993, 113
Trd, 4318817.893, 135
Trd, 4318818.193, 116
Trd, 4318819.393, 99
Trd, 4318820.843, 96
Trd, 4318821.143, 87
Trd, 4318822.993, 126
Trd, 4318823.243, 102
Trd, 4318823.893, 123
Trd, 4318825.843, 130
Trd, 4318827.093, 127
Trd, 4318827.393, 108
Trd, 4318828.793, 86
Trd, 4318829.293, 105
Trd, 4318829.843, 86
Trd, 4318830.343, 77
Trd, 4318832.593, 99
Trd, 4318833.193, 139
Trd, 4318834.243, 124
Trd, 4318835.343, 125
Trd, 4318836.743, 140
Trd, 4318836.893, 136
Trd, 4318837.143, 88
Trd, 4318837.693, 126
Trd, 4318837.743, 90
Trd, 4318838.693, 84
Trd, 4318840.443, 83
Trd, 4318841.593, 140
Trd, 4318842.093, 138
Trd, 4318843.293, 137
Trd, 4318843.543, 119
Trd, 4318843.943, 132
Trd, 4318843.993, 113
Trd, 4318846.093, 127
Trd, 4318847.143, 124
Trd, 4318847.593, 117
Trd, 4318848.243, 124
Trd, 4318848.743, 116
Trd, 4318849.743, 114
Trd, 4318849.943, 89
Trd, 4318851.693, 128
Trd, 4318851.743, 128
Trd, 4318852.443, 114
Trd, 4318852.693, 97
Trd, 4318852.743, 87
Trd, 4318854.943, 137
Trd, 4318855.243, 106
Trd, 4318855.893, 133
Trd, 4318857.743, 71
Trd, 4318858.043, 103
Trd, 4318858.393, 73
Trd, 4318860.543, 131
Trd, 4318860.793, 118
Trd, 4318861.293, 112
Trd, 4318862.843, 122
Trd, 4318863.693, 133
Trd, 4318864.593, 136
Trd, 4318865.343, 124
Trd, 4318867.093, 129
Trd, 4318867.143, 107
Trd, 4318867.193, 84
Trd, 4318869.393, 129
Trd, 4318870.743, 134
Trd, 4318871.893, 123
Trd, 4318873.843, 139
Trd, 4318874.543, 117
Trd, 4318875.043, 98
Trd, 4318875.893, 111
Trd, 4318875.993, 92
Trd, 4318878.393, 125
Trd, 4318879.543, 119
Trd, 4318880.043, 131
Trd, 4318881.393, 140
Trd, 4318881.843, 138
Trd, 4318884.443, 126
Trd, 4318884.693, 126
Trd, 4318884.943, 104
Trd, 4318885.343, 137
Trd, 4318887.393, 121
Trd, 4318887.493, 111
Trd, 4318888.543, 135
Trd, 4318889.143, 137
Trd, 4318889.343, 118
Trd, 4318890.893, 137
Trd, 4318891.843, 140
Trd, 4318892.343, 122
Trd, 4318892.943, 101
Trd, 4318893.893, 125
Trd, 4318893.943, 115
Trd, 4318894.943, 106
Trd, 4318895.843, 120
Trd, 4318897.043, 118
Trd, 4318897.443, 112
Trd, 4318897.543, 104
Trd, 4318899.343, 123
Trd, 4318900.693, 124
Trd, 4318900.793, 122
Trd, 4318902.593, 132
Trd, 4318902.843, 125
Trd, 4318903.193, 119
Trd, 4318904.393, 113
Trd, 4318907.043, 107
Trd, 4318907.493, 106
Trd, 4318907.893, 126
Trd, 4318909.393, 139
Trd, 4318910.293, 118
Trd, 4318911.243, 108
Trd, 4318912.343, 60
Trd, 4318913.343, 119
Trd, 4318913.943, 140
Trd, 4318914.593, 133
Trd, 4318916.893, 134
Trd, 4318917.343, 121
Trd, 4318918.393, 115
Trd, 4318919.493, 111
Trd, 4318919.793, 114
Trd, 4318920.393, 122
Trd, 4318920.843, 127
Trd, 4318922.193, 100
Trd, 4318922.743, 82
Trd, 4318924.043, 106
Trd, 4318924.843, 119
Trd, 4318925.493, 110
Trd, 4318926.793, 81
Trd, 4318927.743, 65
Trd, 4318929.143, 129
Trd, 4318929.443, 127
Trd, 4318931.293, 69
Trd, 4318931.643, 90
Trd, 4318933.043, 138
Trd, 4318933.093, 130
Trd, 4318933.343, 124
Trd, 4318933.593, 100
Trd, 4318933.843, 98
Trd, 4318934.293, 97
Trd, 4318935.743, 140
Trd, 4318936.443, 135
Trd, 4318938.643, 139
Trd, 4318938.693, 123
Trd, 4318940.043, 126
Trd, 4318940.493, 105
Trd, 4318940.543, 73
Trd, 4318941.693, 112
Trd, 4318942.293, 117
Trd, 4318944.543, 128
Trd, 4318945.393, 135
Trd, 4318946.693, 109
Trd, 4318948.443, 121
Trd, 4318948.993, 113
Trd, 4318949.043, 112
Trd, 4318949.293, 110
Trd, 4318949.343, 109
Trd, 4318950.193, 99
Trd, 4318950.343, 96
Trd, 4318951.643, 137
Trd, 4318951.893, 104
Trd, 4318952.493, 140
Trd, 4318954.593, 98
Trd, 4318954.893, 137
Trd, 4318956.143, 138
Trd, 4318957.993, 105
Trd, 4318958.643, 122
Trd, 4318960.343, 139
Trd, 4318960.693, 140
Trd, 4318960.793, 135
Trd, 4318961.493, 119
Trd, 4318962.593, 126
Trd, 4318963.643, 100
Trd, 4318965.593, 113
Trd, 4318967.693, 115
Trd, 4318968.443, 137
Trd, 4318969.343, 130
Trd, 4318969.893, 131
Trd, 4318969.943, 127
Trd, 4318970.393, 123
Trd, 4318972.543, 140
Trd, 4318972.893, 86
Trd, 4318973.943, 91
Trd, 4318974.393, 100
Trd, 4318975.543, 108
Trd, 4318976.493, 76
Trd, 4318976.893, 110
Trd, 4318978.743, 136
Trd, 4318979.793, 127
Trd, 4318981.393, 138
Trd, 4318982.393, 95
Trd, 4318982.793, 91
Trd, 4318984.443, 138
Trd, 4318984.793, 117
Trd, 4318984.843, 111
Trd, 4318986.343, 99
Trd, 4318986.543, 122
Trd, 4318987.193, 78
Trd, 4318987.643, 87
Trd, 4318990.393, 137
Trd, 4318990.443, 137
Trd, 4318991.993, 115
Trd, 4318992.293, 137
Trd, 4318994.143, 118
Trd, 4318994.443, 108
Trd, 4318994.793, 105
Trd, 4318995.543, 126
Trd, 4318996.443, 132
Trd, 4318996.593, 115
Trd, 4318997.493, 138
Trd, 4318997.843, 91
Trd, 4318998.593, 132
Trd, 4318998.993, 115
Trd, 4319001.493, 132
Trd, 4319001.693, 131
Trd, 4319004.643, 133
Trd, 4319005.593, 111
Trd, 4319005.943, 133
Trd, 4319006.643, 139
Trd, 4319007.543, 132
Trd, 4319008.293, 119
Trd, 4319008.743, 110
Trd, 4319009.043, 111
Trd, 4319010.393, 81
Trd, 4319010.793, 133
Trd, 4319013.793, 104
Trd, 4319014.893, 105
Trd, 4319015.193, 129
Trd, 4319015.843, 124
Trd, 4319017.143, 122
Trd, 4319017.893, 125
Trd, 4319019.393, 137
Trd, 4319019.643, 120
Trd, 4319020.193, 112
Trd, 4319020.343, 117
Trd, 4319023.593, 110
Trd, 4319023.693, 89
Trd, 4319024.543, 136
Trd, 4319026.593, 121
Trd, 4319026.993, 130
Trd, 4319028.043, 121
Trd, 4319028.493, 134
Trd, 4319028.743, 125
Trd, 4319029.543, 119
Trd, 4319029.643, 129
Trd, 4319030.343, 104
Trd, 4319031.143, 94
Trd, 4319031.793, 84
Trd, 4319032.343, 87
Trd, 4319034.943, 111
Trd, 4319035.143, 106
Trd, 4319037.243, 132
Trd, 4319037.493, 137
Trd, 4319038.193, 121
Trd, 4319039.293, 90
Trd, 4319040.743, 127
Trd, 4319042.343, 135
Trd, 4319042.493, 129
Trd, 4319042.543, 125
Trd, 4319043.143, 133
Trd, 4319043.493, 96
Trd, 4319044.043, 81
Trd, 4319046.143, 116
Trd, 4319046.843, 130
Trd, 4319047.043, 107
Trd, 4319047.393, 74
Trd, 4319049.043, 121
Trd, 4319049.193, 122
Trd, 4319050.043, 120
Trd, 4319050.593, 136
Trd, 4319051.043, 104
Trd, 4319052.543, 140
Trd, 4319053.193, 103
Trd, 4319053.243, 98
Trd, 4319055.993, 129
Trd, 4319056.593, 137
Trd, 4319058.143, 125
Trd, 4319058.243, 101
Trd, 4319058.893, 90
Trd, 4319059.543, 131
Trd, 4319060.843, 122
Trd, 4319061.893, 123
Trd, 4319062.193, 125
Trd, 4319062.643, 100
Trd, 4319063.743, 139
Trd, 4319063.793, 135
Trd, 4319065.593, 127
Trd, 4319065.993, 83
Trd, 4319067.093, 134
Trd, 4319069.093, 133
Trd, 4319069.393, 115
Trd, 4319070.643, 131
Trd, 4319070.793, 116
Trd, 4319071.093, 122
Trd, 4319071.693, 131
Trd, 4319072.593, 72
Trd, 4319074.643, 120
Trd, 4319076.443, 94
Trd, 4319076.643, 118
Trd, 4319077.043, 103
Trd, 4319079.193, 140
Trd, 4319079.393, 135
Trd, 4319079.443, 115
Trd, 4319080.093, 138
Trd, 4319081.893, 132
Trd, 4319082.193, 118
Trd, 4319082.793, 133
Trd, 4319082.943, 133
Trd, 4319085.893, 136
Trd, 4319086.193, 131
Trd, 4319086.393, 119
Trd, 4319087.943, 119
Trd, 4319088.043, 93
Trd, 4319088.093, 71
Trd, 4319088.643, 124
Trd, 4319088.993, 137
Trd, 4319092.043, 138
Trd, 4319092.243, 131
Trd, 4319093.793, 139
Trd, 4319093.843, 127
Trd, 4319095.293, 115
Trd, 4319096.943, 130
Trd, 4319097.243, 107
Trd, 4319098.543, 123
Trd, 4319098.593, 130
Trd, 4319101.093, 132
Trd, 4319101.893, 131
Trd, 4319102.993, 131
Trd, 4319103.293, 134
Trd, 4319104.643, 122
Trd, 4319105.743, 138
Trd, 4319105.993, 124
Trd, 4319106.693, 115
Trd, 4319106.793, 108
Trd, 4319107.093, 105
Trd, 4319107.393, 101
Trd, 4319107.643, 104
Trd, 4319109.993, 126
Trd, 4319112.443, 136
Trd, 4319114.743, 120
Trd, 4319114.943, 117
Trd, 4319115.093, 123
Trd, 4319116.143, 125
Trd, 4319116.293, 139
Trd, 4319117.943, 108
Trd, 4319118.443, 131
Trd, 4319119.243, 109
Trd, 4319121.743, 140
Trd, 4319122.193, 119
Trd, 4319123.293, 139
Trd, 4319123.593, 112
Trd, 4319124.543, 108
Trd, 4319124.743, 112
Trd, 4319125.393, 133
Trd, 4319125.743, 106
Trd, 4319126.893, 97
Trd, 4319127.493, 119
Trd, 4319128.343, 139
Trd, 4319128.493, 101
Trd, 4319128.743, 61
Trd, 4319130.693, 109
Trd, 4319130.843, 91
Trd, 4319132.043, 105
Trd, 4319133.343, 124
Trd, 4319134.193, 136
Trd, 4319134.993, 115
Trd, 4319135.943, 139
Trd, 4319136.143, 122
Trd, 4319136.243, 94
Trd, 4319136.643, 90
Trd, 4319137.993, 105
Trd, 4319138.593, 75
Trd, 4319139.343, 130
Trd, 4319139.943, 102
Trd, 4319140.343, 66
Trd, 4319141.293, 65
Trd, 4319143.593, 139
Trd, 4319144.493, 117
Trd, 4319144.943, 115
Trd, 4319145.093, 90
Trd, 4319149.143, 140
Trd, 4319149.293, 117
Trd, 4319150.093, 98
Trd, 4319151.443, 91
Trd, 4319152.293, 126
Trd, 4319152.493, 97
Trd, 4319153.493, 139
Trd, 4319153.643, 125
Trd, 4319153.793, 126
Trd, 4319154.093, 120
Trd, 4319156.343, 137
Trd, 4319156.393, 122
Trd, 4319157.643, 98
Trd, 4319158.793, 122
Trd, 4319159.393, 117
Trd, 4319159.943, 134
Trd, 4319162.993, 131
Trd, 4319163.043, 125
Trd, 4319164.493, 132
Trd, 4319164.943, 125
Trd, 4319165.443, 119
Trd, 4319166.943, 138
Trd, 4319168.393, 133
Trd, 4319169.793, 119
Trd, 4319169.893, 107
Trd, 4319171.643, 140
Trd, 4319172.293, 119
Trd, 4319172.393, 134
Trd, 4319174.293, 106
Trd, 4319174.643, 124
Trd, 4319174.893, 105
Trd, 4319176.393, 118
Trd, 4319177.093, 123
Trd, 4319178.343, 128
Trd, 4319178.893, 92
Trd, 4319180.943, 111
Trd, 4319181.093, 125
Trd, 4319183.643, 139
Trd, 4319184.693, 135
Trd, 4319185.293, 134
Trd, 4319185.893, 128
Trd, 4319185.993, 125
Trd, 4319188.043, 125
Trd, 4319188.843, 96
Trd, 4319188.893, 87
Trd, 4319190.443, 123
Trd, 4319191.293, 97
Trd, 4319191.793, 65
Trd, 4319191.943, 106
Trd, 4319192.793, 84
Trd, 4319193.843, 129
Trd, 4319194.593, 97
Trd, 4319195.893, 137
Trd, 4319197.893, 139
Trd, 4319198.293, 122
Trd, 4319198.343, 118
Trd, 4319198.493, 110
Trd, 4319200.893, 123
Trd, 4319202.543, 130
Trd, 4319202.693, 113
Trd, 4319202.843, 103
Trd, 4319205.043, 140
Trd, 4319205.543, 132
Trd, 4319206.293, 132
Trd, 4319206.493, 118
Trd, 4319209.243, 140
Trd, 4319210.443, 124
Trd, 4319210.543, 122
Trd, 4319211.593, 139
Trd, 4319212.493, 128
Trd, 4319213.543, 128
Trd, 4319214.043, 121
Trd, 4319215.043, 105
Trd, 4319215.443, 115
Trd, 4319216.193, 133
Trd, 4319216.243, 107
Trd, 4319217.543, 113
Trd, 4319218.843, 81
Trd, 4319221.243, 98
Trd, 4319221.393, 113
Trd, 4319221.493, 135
Trd, 4319222.293, 98
Trd, 4319222.843, 123
Trd, 4319223.343, 77
Trd, 4319223.643, 110
Trd, 4319224.693, 90
Trd, 4319225.693, 90
Trd, 4319227.193, 114
Trd, 4319227.393, 109
Trd, 4319228.993, 138
Trd, 4319229.943, 114
Trd, 4319233.343, 129
Trd, 4319233.493, 118
Trd, 4319233.893, 116
Trd, 4319235.243, 133
Trd, 4319235.343, 133
Trd, 4319235.593, 137
Trd, 4319237.093, 135
Trd, 4319237.293, 102
Trd, 4319238.743, 129
Trd, 4319240.093, 133
Trd, 4319240.643, 115
Trd, 4319241.793, 127
Trd, 4319243.043, 138
Trd, 4319244.693, 119
Trd, 4319244.843, 109
Trd, 4319244.993, 107
Trd, 4319245.243, 98
Trd, 4319245.393, 118
Trd, 4319246.093, 116
Trd, 4319246.393, 120
Trd, 4319247.393, 110
Trd, 4319247.793, 106
Trd, 4319247.943, 98
Trd, 4319248.393, 71
Trd, 4319248.493, 82
Trd, 4319250.643, 110
Trd, 4319252.443, 93
Trd, 4319253.993, 132
Trd, 4319254.143, 83
Trd, 4319254.593, 107
Trd, 4319255.143, 74
Trd, 4319255.693, 67
Trd, 4319257.793, 130
Trd, 4319258.343, 128
Trd, 4319258.643, 127
Trd, 4319260.293, 138
Trd, 4319260.493, 134
Trd, 4319260.543, 125
Trd, 4319261.993, 131
Trd, 4319262.093, 125
Trd, 4319263.493, 124
Trd, 4319264.043, 132
Trd, 4319265.243, 131
Trd, 4319266.793, 123
Trd, 4319267.493, 104
Trd, 4319267.743, 125
Trd, 4319268.293, 105
Trd, 4319269.343, 108
Trd, 4319269.943, 120
Trd, 4319270.893, 122
Trd, 4319272.843, 137
Trd, 4319273.643, 74
Trd, 4319274.343, 100
Trd, 4319275.393, 115
Trd, 4319275.893, 95
Trd, 4319275.993, 98
Trd, 4319276.293, 140
Trd, 4319277.893, 109
Trd, 4319277.943, 109
Trd, 4319278.243, 124
Trd, 4319279.493, 119
Trd, 4319280.993, 108
Trd, 4319282.043, 92
Trd, 4319283.943, 127
Trd, 4319285.643, 122
Trd, 4319287.243, 107
Trd, 4319287.293, 104
Trd, 4319287.643, 137
Trd, 4319287.943, 82
Trd, 4319288.543, 100
Trd, 4319289.593, 135
Trd, 4319291.243, 105
Trd, 4319291.993, 131
Trd, 4319292.343, 108
Trd, 4319293.693, 90
Trd, 4319293.843, 103
Trd, 4319295.243, 122
Trd, 4319295.843, 133
Trd, 4319296.593, 134
Trd, 4319296.743, 88
Trd, 4319297.643, 88
Trd, 4319298.293, 118
Trd, 4319299.743, 115
Trd, 4319301.443, 129
Trd, 4319302.393, 132
Trd, 4319302.543, 117
Trd, 4319303.793, 89
Trd, 4319306.043, 122
Trd, 4319306.193, 114
Trd, 4319306.293, 112
Trd, 4319308.143, 96
Trd, 4319308.743, 93
Trd, 4319309.393, 114
Trd, 4319310.143, 89
Trd, 4319311.343, 69
Trd, 4319312.293, 99
Trd, 4319314.443, 133
Trd, 4319316.743, 139
Trd, 4319316.893, 135
Trd, 4319317.243, 88
Trd, 4319317.443, 128
Trd, 4319318.543, 120
Trd, 4319320.343, 131
Trd, 4319320.693, 132
Trd, 4319324.343, 132
Trd, 4319325.143, 113
Trd, 4319325.243, 108
Trd, 4319325.293, 78
Trd, 4319327.193, 122
Trd, 4319329.293, 140
Trd, 4319330.243, 99
Trd, 4319331.343, 123
Trd, 4319331.743, 96
Trd, 4319332.743, 135
Trd, 4319333.093, 117
Trd, 4319333.743, 105
Trd, 4319334.793, 126
Trd, 4319336.543, 135
Trd, 4319338.443, 140
Trd, 4319339.143, 128
Trd, 4319339.943, 129
Trd, 4319340.293, 136
Trd, 4319341.643, 125
Trd, 4319341.843, 114
Trd, 4319343.593, 106
Trd, 4319344.893, 96
Trd, 4319345.093, 83
Trd, 4319345.193, 88
Trd, 4319347.243, 100
Trd, 4319348.093, 102
Trd, 4319350.293, 95
Trd, 4319351.343, 132
Trd, 4319353.643, 129
Trd, 4319354.143, 123
Trd, 4319354.543, 74
Trd, 4319354.993, 87
Trd, 4319355.443, 97
Trd, 4319355.793, 85
Trd, 4319356.193, 74
Trd, 4319357.593, 124
Trd, 4319358.043, 104
Trd, 4319358.293, 91
Trd, 4319359.693, 63
Trd, 4319360.193, 81
Trd, 4319362.243, 136
Trd, 4319362.693, 118
Trd, 4319363.443, 122
Trd, 4319363.543, 101
Trd, 4319364.243, 81
Trd, 4319364.493, 76
Trd, 4319364.843, 77
Trd, 4319365.993, 72
Trd, 4319366.393, 91
Trd, 4319367.093, 90
Trd, 4319367.893, 125
Trd, 4319368.243, 124
Trd, 4319368.293, 68
Trd, 4319371.693, 121
Trd, 4319372.343, 127
Trd, 4319372.693, 138
Trd, 4319372.943, 125
Trd, 4319375.343, 125
Trd, 4319375.443, 120
Trd, 4319376.043, 129
Trd, 4319376.893, 134
Trd, 4319381.493, 123
Trd, 4319381.543, 118
Trd, 4319382.043, 133
Trd, 4319382.393, 112
Trd, 4319383.693, 130
Trd, 4319385.243, 124
Trd, 4319385.893, 140
Trd, 4319386.543, 106
Trd, 4319386.593, 105
Trd, 4319388.893, 125
Trd, 4319390.093, 111
Trd, 4319390.693, 130
Trd, 4319390.743, 121
Trd, 4319392.993, 132
Trd, 4319394.043, 126
Trd, 4319394.743, 127
Trd, 4319395.543, 121
Trd, 4319396.593, 133
Trd, 4319397.293, 134
Trd, 4319397.693, 130
Trd, 4319398.593, 132
Trd, 4319398.993, 83
Trd, 4319400.893, 104
Trd, 4319401.243, 116
Trd, 4319401.943, 132
Trd, 4319402.093, 112
Trd, 4319402.193, 116
Trd, 4319403.543, 115
Trd, 4319405.593, 93
Trd, 4319408.393, 140
Trd, 4319409.343, 138
Trd, 4319409.393, 134
Trd, 4319410.093, 125
Trd, 4319410.193, 117
Trd, 4319410.543, 100
Trd, 4319412.843, 126
Trd, 4319414.893, 140
Trd, 4319415.293, 115
Trd, 4319416.243, 126
Trd, 4319418.143, 114
Trd, 4319418.543, 113
Trd, 4319421.493, 132
Trd, 4319421.843, 123
Trd, 4319422.943, 138
Trd, 4319424.193, 132
Trd, 4319425.043, 122
Trd, 4319426.693, 109
Trd, 4319427.793, 138
Trd, 4319428.493, 130
Trd, 4319429.443, 128
Trd, 4319429.493, 112
Trd, 4319431.493, 133
Trd, 4319432.243, 132
Trd, 4319432.593, 115
Trd, 4319432.743, 113
Trd, 4319433.143, 126
Trd, 4319435.393, 136
Trd, 4319435.543, 118
Trd, 4319435.693, 117
Trd, 4319436.593, 138
Trd, 4319438.443, 93
Trd, 4319439.143, 104
Trd, 4319439.343, 134
Trd, 4319440.043, 123
Trd, 4319441.143, 107
Trd, 4319441.393, 136
Trd, 4319442.043, 117
Trd, 4319442.193, 71
Trd, 4319443.493, 63
Trd, 4319443.643, 89
Trd, 4319444.893, 94
Trd, 4319445.343, 60
Trd, 4319447.893, 132
Trd, 4319449.693, 138
Trd, 4319451.093, 139
Trd, 4319451.193, 134
Trd, 4319452.343, 130
Trd, 4319454.743, 135
Trd, 4319455.093, 116
Trd, 4319455.343, 134
Trd, 4319455.593, 95
Trd, 4319456.593, 138
Trd, 4319456.643, 131
Trd, 4319457.993, 119
Trd, 4319459.343, 113
Trd, 4319459.893, 122
Trd, 4319460.993, 97
Trd, 4319461.793, 121
Trd, 4319462.243, 119
Trd, 4319462.443, 112
Trd, 4319462.493, 103
Trd, 4319463.493, 122
Trd, 4319465.543, 78
Trd, 4319467.143, 132
Trd, 4319468.393, 140
Trd, 4319468.893, 132
Trd, 4319469.293, 120
Trd, 4319469.443, 93
Trd, 4319470.343, 139
Trd, 4319471.793, 133
Trd, 4319473.643, 130
Trd, 4319474.143, 127
Trd, 4319474.393, 112
Trd, 4319474.493, 107
Trd, 4319476.043, 113
Trd, 4319479.893, 134
Trd, 4319480.243, 131
Trd, 4319480.993, 122
Trd, 4319481.743, 115
Trd, 4319483.693, 131
Trd, 4319483.793, 113
Trd, 4319484.293, 108
Trd, 4319484.693, 116
Trd, 4319486.543, 134
Trd, 4319487.193, 118
Trd, 4319488.393, 138
Trd, 4319489.693, 132
Trd, 4319489.893, 123
Trd, 4319491.593, 134
Trd, 4319491.743, 98
Trd, 4319492.793, 103
Trd, 4319493.643, 124
Trd, 4319493.943, 92
Trd, 4319495.143, 134
Trd, 4319496.443, 113
Trd, 4319496.543, 104
Trd, 4319497.243, 130
Trd, 4319499.843, 133
Trd, 4319501.493, 121
Trd, 4319502.593, 102
Trd, 4319504.193, 129
Trd, 4319505.293, 135
Trd, 4319506.993, 116
Trd, 4319507.243, 111
Trd, 4319507.593, 85
Trd, 4319508.543, 95
Trd, 4319510.243, 127
Trd, 4319511.693, 140
Trd, 4319512.093, 138
Trd, 4319512.293, 137
Trd, 4319515.193, 139
Trd, 4319515.293, 131
Trd, 4319516.293, 126
Trd, 4319516.893, 103
Trd, 4319518.243, 93
Trd, 4319518.393, 117
Trd, 4319522.193, 109
Trd, 4319522.743, 117
Trd, 4319523.043, 118
Trd, 4319523.843, 125
Trd, 4319523.893, 123
Trd, 4319524.093, 113
Trd, 4319524.893, 66
Trd, 4319525.993, 127
Trd, 4319526.443, 77
Trd, 4319528.193, 135
Trd, 4319528.443, 137
Trd, 4319529.693, 110
Trd, 4319529.843, 97
Trd, 4319529.893, 87
Trd, 4319530.893, 107
Trd, 4319531.893, 119
Trd, 4319533.343, 138
Trd, 4319534.893, 117
Trd, 4319535.343, 117
Trd, 4319535.493, 93
Trd, 4319535.693, 82
Trd, 4319536.043, 138
Trd, 4319538.893, 89
Trd, 4319539.343, 122
Trd, 4319539.543, 100
Trd, 4319539.943, 84
Trd, 4319540.493, 97
Trd, 4319542.793, 120
Trd, 4319543.243, 111
Trd, 4319544.343, 128
Trd, 4319545.393, 129
Trd, 4319545.543, 113
Trd, 4319545.643, 133
Trd, 4319546.893, 129
Trd, 4319547.843, 111
Trd, 4319549.643, 106
Trd, 4319550.193, 140
Trd, 4319551.393, 122
Trd, 4319551.793, 124
Trd, 4319552.293, 132
Trd, 4319552.743, 83
Trd, 4319554.093, 105
Trd, 4319554.743, 110
Trd, 4319555.293, 93
Trd, 4319556.393, 135
Trd, 4319558.293, 133
Trd, 4319558.343, 130
Trd, 4319558.393, 125
Trd, 4319558.693, 132
Trd, 4319559.693, 131
Trd, 4319561.093, 134
Trd, 4319562.793, 107
Trd, 4319564.243, 106
Trd, 4319565.743, 117
Trd, 4319566.293, 127
Trd, 4319567.343, 112
Trd, 4319568.043, 128
Trd, 4319569.493, 140
Trd, 4319569.793, 139
Trd, 4319569.893, 126
Trd, 4319570.593, 115
Trd, 4319570.743, 113
Trd, 4319574.293, 136
Trd, 4319576.643, 123
Trd, 4319577.293, 130
Trd, 4319578.843, 136
Trd, 4319580.543, 106
Trd, 4319580.593, 90
Trd, 4319580.793, 81
Trd, 4319581.093, 88
Trd, 4319582.893, 91
Trd, 4319583.293, 137
Trd, 4319583.893, 108
Trd, 4319584.293, 89
Trd, 4319584.843, 135
Trd, 4319585.493, 97
Trd, 4319587.293, 126
Trd, 4319588.043, 126
Trd, 4319588.343, 115
Trd, 4319589.343, 86
Trd, 4319591.693, 134
Trd, 4319592.193, 133
Trd, 4319592.593, 132
Trd, 4319593.143, 134
Trd, 4319595.293, 131
Trd, 4319595.743, 124
Trd, 4319595.943, 133
Trd, 4319596.043, 92
Trd, 4319599.093, 117
Trd, 4319599.593, 96
Trd, 4319600.443, 82
Trd, 4319601.743, 99
Trd, 4319603.043, 134
Trd, 4319603.243, 105
Trd, 4319604.093, 96
Trd, 4319604.643, 94
Trd, 4319604.693, 137
Trd, 4319606.193, 139
Trd, 4319607.343, 135
Trd, 4319607.543, 133
Trd, 4319609.143, 118
Trd, 4319610.143, 110
Trd, 4319610.743, 123
Trd, 4319612.443, 140
Trd, 4319613.043, 88
Trd, 4319613.643, 87
Trd, 4319615.393, 108
Trd, 4319615.443, 118
Trd, 4319615.643, 106
Trd, 4319616.093, 129
Trd, 4319617.443, 133
Trd, 4319618.343, 113
Trd, 4319618.443, 97
Trd, 4319619.943, 116
Trd, 4319620.943, 110
Trd, 4319620.993, 85
Trd, 4319621.843, 90
Trd, 4319622.093, 91
Trd, 4319624.243, 127
Trd, 4319624.643, 76
Trd, 4319625.643, 139
Trd, 4319627.043, 114
Trd, 4319627.243, 111
Trd, 4319627.643, 106
Trd, 4319627.793, 103
Trd, 4319629.093, 108
Trd, 4319630.943, 137
Trd, 4319631.193, 127
Trd, 4319631.693, 129
Trd, 4319632.093, 109
Trd, 4319632.243, 108
Trd, 4319632.643, 125
Trd, 4319633.593, 106
Trd, 4319635.143, 104
Trd, 4319635.393, 95
Trd, 4319635.593, 90
Trd, 4319636.543, 137
Trd, 4319637.143, 137
Trd, 4319637.343, 108
Trd, 4319638.043, 76
Trd, 4319638.443, 74
Trd, 4319638.593, 71
Trd, 4319642.743, 140
Trd, 4319642.893, 119
Trd, 4319643.443, 109
Trd, 4319643.693, 134
Trd, 4319644.293, 129
Trd, 4319645.693, 90
Trd, 4319646.393, 119
Trd, 4319647.543, 108
Trd, 4319648.093, 95
Trd, 4319648.293, 140
Trd, 4319649.643, 80
Trd, 4319650.993, 140
Trd, 4319652.243, 137
Trd, 4319653.493, 133
Trd, 4319654.143, 138
Trd, 4319654.743, 113
Trd, 4319655.293, 97
Trd, 4319656.643, 99
Trd, 4319656.893, 115
Trd, 4319658.243, 93
Trd, 4319660.443, 131
Trd, 4319661.493, 138
Trd, 4319661.793, 125
Trd, 4319663.193, 137
Trd, 4319665.493, 139
Trd, 4319666.943, 134
Trd, 4319667.343, 132
Trd, 4319668.543, 125
Trd, 4319668.643, 116
Trd, 4319669.243, 139
Trd, 4319670.393, 140
Trd, 4319672.643, 131
Trd, 4319674.293, 125
Trd, 4319674.743, 113
Trd, 4319675.243, 94
Trd, 4319677.843, 135
Trd, 4319678.143, 134
Trd, 4319678.643, 89
Trd, 4319678.743, 87
Trd, 4319678.843, 84
Trd, 4319679.343, 89
Trd, 4319679.643, 89
Trd, 4319680.143, 88
Trd, 4319681.743, 132
Trd, 4319681.843, 126
Trd, 4319682.243, 108
Trd, 4319682.443, 103
Trd, 4319683.743, 118
Trd, 4319683.793, 133
Trd, 4319684.543, 138
Trd, 4319684.943, 111
Trd, 4319686.093, 138
Trd, 4319687.843, 129
Trd, 4319688.893, 140
Trd, 4319689.743, 110
Trd, 4319691.643, 126
Trd, 4319694.443, 132
Trd, 4319694.843, 122
Trd, 4319698.043, 135
Trd, 4319698.093, 102
Trd, 4319699.043, 85
Trd, 4319699.393, 113
Trd, 4319699.843, 134
Trd, 4319700.993, 89
Trd, 4319701.093, 108
Trd, 4319701.643, 99
Trd, 4319702.443, 134
Trd, 4319703.643, 93
Trd, 4319703.693, 90
Trd, 4319705.743, 139
Trd, 4319706.843, 132
Trd, 4319707.043, 123
Trd, 4319708.193, 132
Trd, 4319709.193, 110
Trd, 4319709.843, 112
Trd, 4319710.493, 97
Trd, 4319711.243, 107
Trd, 4319712.443, 116
Trd, 4319712.793, 122
Trd, 4319713.843, 119
Trd, 4319714.193, 115
Trd, 4319715.393, 134
Trd, 4319715.793, 128
Trd, 4319716.593, 110
Trd, 4319718.543, 138
Trd, 4319719.243, 87
Trd, 4319719.393, 128
Trd, 4319720.143, 95
Trd, 4319720.693, 108
Trd, 4319721.543, 112
Trd, 4319723.043, 120
Trd, 4319723.443, 99
Trd, 4319723.643, 127
Trd, 4319725.393, 131
Trd, 4319728.043, 115
Trd, 4319728.243, 91
Trd, 4319729.393, 135
Trd, 4319730.843, 100
Trd, 4319733.243, 131
Trd, 4319733.493, 114
Trd, 4319733.943, 115
Trd, 4319734.393, 105
Trd, 4319734.993, 137
Trd, 4319736.943, 125
Trd, 4319737.543, 97
Trd, 4319740.393, 132
Trd, 4319740.493, 128
Trd, 4319741.593, 127
Trd, 4319742.093, 113
Trd, 4319742.243, 101
Trd, 4319742.943, 97
Trd, 4319744.243, 119
Trd, 4319745.293, 103
Trd, 4319745.893, 99
Trd, 4319746.093, 64
Trd, 4319746.243, 103
Trd, 4319747.793, 61
Trd, 4319747.893, 79
Trd, 4319748.343, 104
Trd, 4319749.093, 98
Trd, 4319749.843, 135
Trd, 4319750.743, 117
Trd, 4319752.143, 76
Trd, 4319753.193, 90
Trd, 4319753.793, 136
Trd, 4319754.393, 112
Trd, 4319755.343, 90
Trd, 4319756.293, 120
Trd, 4319757.543, 122
Trd, 4319758.443, 133
Trd, 4319758.543, 119
Trd, 4319758.693, 117
Trd, 4319758.943, 83
Trd, 4319759.343, 80
Trd, 4319761.643, 114
Trd, 4319763.043, 140
Trd, 4319763.443, 128
Trd, 4319766.843, 110
Trd, 4319767.143, 96
Trd, 4319767.793, 126
Trd, 4319769.043, 135
Trd, 4319769.443, 129
Trd, 4319770.043, 105
Trd, 4319770.643, 102
Trd, 4319771.593, 126
Trd, 4319772.693, 126
Trd, 4319774.143, 136
Trd, 4319774.643, 138
Trd, 4319776.543, 139
Trd, 4319778.543, 138
Trd, 4319779.743, 137
Trd, 4319781.943, 122
Trd, 4319782.943, 123
Trd, 4319783.493, 112
Trd, 4319783.993, 121
Trd, 4319785.043, 102
Trd, 4319785.243, 107
Trd, 4319785.393, 88
Trd, 4319787.593, 96
Trd, 4319788.193, 100
Trd, 4319788.393, 117
Trd, 4319788.443, 110
Trd, 4319788.793, 102
Trd, 4319790.643, 137
Trd, 4319790.943, 129
Trd, 4319791.543, 108
Trd, 4319793.793, 108
Trd, 4319794.293, 91
Trd, 4319795.293, 88
Trd, 4319795.593, 108
Trd, 4319796.193, 76
Trd, 4319797.243, 136
Trd, 4319798.393, 105
Trd, 4319798.943, 90
Trd, 4319801.593, 118
Trd, 4319802.093, 125
Trd, 4319802.193, 127
Trd, 4319802.593, 85
Trd, 4319803.493, 129
Trd, 4319804.443, 79
Trd, 4319804.593, 76
Trd, 4319804.693, 87
Trd, 4319805.493, 110
Trd, 4319805.843, 121
Trd, 4319806.493, 132
Trd, 4319807.943, 97
Trd, 4319809.493, 136
Trd, 4319810.243, 108
Trd, 4319810.843, 122
Trd, 4319812.293, 99
Trd, 4319813.343, 103
Trd, 4319813.543, 136
Trd, 4319815.043, 131
Trd, 4319817.493, 108
Trd, 4319817.743, 108
Trd, 4319818.793, 136
Trd, 4319819.443, 118
Trd, 4319819.793, 135
Trd, 4319820.143, 122
Trd, 4319820.443, 116
Trd, 4319821.143, 119
Trd, 4319822.093, 82
Trd, 4319822.193, 70
Trd, 4319824.243, 103
Trd, 4319827.243, 133
Trd, 4319827.643, 117
Trd, 4319827.693, 101
Trd, 4319829.293, 140
Trd, 4319829.943, 87
Trd, 4319831.243, 116
Trd, 4319831.443, 131
Trd, 4319833.343, 104
Trd, 4319833.443, 132
Trd, 4319833.643, 113
Trd, 4319833.843, 109
Trd, 4319835.443, 110
Trd, 4319836.043, 134
Trd, 4319836.093, 114
Trd, 4319836.493, 84
Trd, 4319838.693, 132
Trd, 4319839.443, 120
Trd, 4319841.293, 120
Trd, 4319842.293, 108
Trd, 4319842.993, 129
Trd, 4319843.643, 78
Trd, 4319843.793, 72
Trd, 4319844.093, 115
Trd, 4319845.743, 121
Trd, 4319845.893, 130
Trd, 4319848.343, 108
Trd, 4319848.743, 125
Trd, 4319849.143, 139
Trd, 4319849.343, 94
Trd, 4319850.193, 99
Trd, 4319851.593, 132
Trd, 4319851.993, 123
Trd, 4319852.393, 105
Trd, 4319852.893, 76
Trd, 4319853.293, 100
Trd, 4319856.443, 128
Trd, 4319857.093, 135
Trd, 4319860.643, 131
Trd, 4319861.643, 115
Trd, 4319861.943, 118
Trd, 4319862.643, 104
Trd, 4319863.693, 89
Trd, 4319864.143, 110
Trd, 4319864.843, 138
Trd, 4319865.093, 100
Trd, 4319866.093, 92
Trd, 4319867.443, 109
Trd, 4319869.643, 116
Trd, 4319870.943, 99
Trd, 4319871.343, 113
Trd, 4319871.843, 122
Trd, 4319873.243, 104
Trd, 4319875.393, 78
Trd, 4319875.843, 118
Trd, 4319877.443, 135
Trd, 4319878.193, 110
Trd, 4319878.343, 96
Trd, 4319878.393, 135
Trd, 4319879.093, 116
Trd, 4319880.343, 132
Trd, 4319882.543, 140
Trd, 4319882.593, 119
Trd, 4319883.343, 109
Trd, 4319884.443, 103
Trd, 4319884.993, 74
Trd, 4319885.243, 69
Trd, 4319885.993, 93
Trd, 4319888.093, 77
Trd, 4319888.443, 73
Trd, 4319889.793, 131
Trd, 4319890.243, 128
Trd, 4319890.643, 127
Trd, 4319891.193, 101
Trd, 4319892.193, 137
Trd, 4319893.843, 105
Trd, 4319895.543, 124
Trd, 4319896.943, 139
Trd, 4319897.243, 130
Trd, 4319897.443, 129
Trd, 4319898.243, 131
Trd, 4319899.593, 108
Trd, 4319900.543, 103
Trd, 4319901.443, 110
Trd, 4319901.843, 118
Trd, 4319902.443, 132
Trd, 4319902.993, 104
Trd, 4319904.693, 99
Trd, 4319905.743, 71
Trd, 4319906.293, 130
Trd, 4319906.693, 112
Trd, 4319908.093, 106
Trd, 4319909.093, 118
Trd, 4319909.143, 130
Trd, 4319909.443, 128
Trd, 4319909.643, 107
Trd, 4319912.543, 105
Trd, 4319912.643, 100
Trd, 4319914.543, 124
Trd, 4319915.743, 128
Trd, 4319917.743, 129
Trd, 4319918.043, 135
Trd, 4319918.193, 116
Trd, 4319920.393, 137
Trd, 4319920.993, 133
Trd, 4319921.243, 132
Trd, 4319921.393, 131
Trd, 4319922.293, 123
Trd, 4319922.443, 114
Trd, 4319923.743, 129
Trd, 4319926.093, 140
Trd, 4319926.143, 139
Trd, 4319927.393, 126
Trd, 4319927.893, 117
Trd, 4319929.093, 126
Trd, 4319931.293, 128
Trd, 4319931.343, 108
Trd, 4319932.543, 132
Trd, 4319933.343, 121
Trd, 4319933.493, 138
Trd, 4319933.643, 114
Trd, 4319935.793, 130
Trd, 4319937.743, 121
Trd, 4319938.093, 111
Trd, 4319939.693, 123
Trd, 4319940.443, 132
Trd, 4319940.743, 93
Trd, 4319942.943, 98
Trd, 4319943.343, 76
Trd, 4319943.393, 112
Trd, 4319944.093, 131
Trd, 4319944.493, 135
Trd, 4319944.693, 106
Trd, 4319945.643, 102
Trd, 4319947.393, 101
Trd, 4319948.993, 94
Trd, 4319949.393, 124
Trd, 4319950.343, 134
Trd, 4319951.493, 131
Trd, 4319953.493, 111
Trd, 4319953.643, 120
Trd, 4319956.543, 138
Trd, 4319958.893, 122
Trd, 4319959.993, 118
Trd, 4319961.243, 108
Trd, 4319961.293, 93
Trd, 4319961.593, 125
Trd, 4319962.493, 133
Trd, 4319962.893, 137
Trd, 4319963.393, 124
Trd, 4319963.743, 120
Trd, 4319965.843, 138
Trd, 4319966.643, 130
Trd, 4319966.943, 113
Trd, 4319967.743, 131
Trd, 4319968.193, 125
Trd, 4319970.393, 107
Trd, 4319970.693, 95
Trd, 4319970.743, 82
Trd, 4319971.043, 110
Trd, 4319971.743, 108
Trd, 4319972.543, 139
Trd, 4319974.843, 139
Trd, 4319976.193, 133
Trd, 4319976.393, 105
Trd, 4319977.343, 117
Trd, 4319978.143, 108
Trd, 4319978.543, 127
Trd, 4319979.743, 100
Trd, 4319980.043, 130
Trd, 4319982.593, 99
Trd, 4319983.193, 130
Trd, 4319983.593, 124
Trd, 4319983.843, 95
Trd, 4319984.143, 97
Trd, 4319984.543, 120
Trd, 4319985.593, 129
Trd, 4319986.943, 125
Trd, 4319987.143, 120
Trd, 4319989.593, 130
Trd, 4319989.943, 117
Trd, 4319990.293, 122
Trd, 4319992.593, 134
Trd, 4319994.893, 129
Trd, 4319995.093, 106
Trd, 4319995.393, 132
Trd, 4319996.543, 131
Trd, 4319997.043, 136
Trd, 4319998.243, 126
Trd, 4319999.343, 109
