Trd, 4318077.943, 139
Trd, 4318078.893, 140
Trd, 4318079.793, 139
Trd, 4318081.693, 140
Trd, 4318081.943, 140
Trd, 4318082.093, 137
Trd, 4318083.343, 140
Trd, 4318084.093, 139
Trd, 4318084.593, 139
Trd, 4318085.743, 140
Trd, 4318086.093, 140
Trd, 4318087.093, 140
Trd, 4318087.193, 140
Trd, 4318087.843, 130
Trd, 4318088.893, 140
Trd, 4318090.343, 140
Trd, 4318090.843, 139
Trd, 4318092.043, 140
Trd, 4318093.143, 111
Trd, 4318093.243, 106
Trd, 4318093.343, 135
Trd, 4318093.743, 140
Trd, 4318095.343, 140
Trd, 4318096.493, 139
Trd, 4318096.593, 136
Trd, 4318097.143, 127
Trd, 4318098.293, 117
Trd, 4318098.343, 104
Trd, 4318099.193, 109
Trd, 4318100.193, 139
Trd, 4318101.893, 140
Trd, 4318102.693, 140
Trd, 4318103.043, 140
Trd, 4318103.493, 140
Trd, 4318104.043, 140
Trd, 4318105.293, 139
Trd, 4318106.593, 140
Trd, 4318107.643, 139
Trd, 4318107.693, 94
Trd, 4318109.443, 140
Trd, 4318110.043, 140
Trd, 4318110.443, 140
Trd, 4318110.843, 140
Trd, 4318111.293, 140
Trd, 4318112.843, 140
Trd, 4318114.993, 140
Trd, 4318116.093, 140
Trd, 4318116.343, 140
Trd, 4318116.693, 140
Trd, 4318117.493, 140
Trd, 4318118.343, 140
Trd, 4318120.243, 140
Trd, 4318121.293, 140
Trd, 4318121.993, 140
Trd, 4318122.843, 140
Trd, 4318123.893, 140
Trd, 4318124.043, 139
Trd, 4318126.843, 140
Trd, 4318128.693, 140
Trd, 4318129.243, 140
Trd, 4318129.293, 140
Trd, 4318130.043, 140
Trd, 4318130.793, 140
Trd, 4318132.343, 140
Trd, 4318132.693, 140
Trd, 4318133.593, 137
Trd, 4318134.393, 139
Trd, 4318134.843, 140
Trd, 4318135.143, 140
Trd, 4318135.543, 113
Trd, 4318137.193, 140
Trd, 4318138.543, 140
Trd, 4318138.643, 140
Trd, 4318138.743, 134
Trd, 4318138.993, 126
Trd, 4318139.843, 140
Trd, 4318141.243, 140
Trd, 4318141.693, 102
Trd, 4318142.143, 140
Trd, 4318142.243, 140
Trd, 4318142.693, 133
Trd, 4318143.043, 99
Trd, 4318144.643, 95
Trd, 4318144.793, 93
Trd, 4318145.693, 140
Trd, 4318146.643, 140
Trd, 4318147.443, 139
Trd, 4318147.993, 115
Trd, 4318148.793, 140
Trd, 4318149.643, 140
Trd, 4318149.893, 140
Trd, 4318150.493, 140
Trd, 4318151.193, 139
Trd, 4318152.193, 140
Trd, 4318152.743, 98
Trd, 4318152.893, 86
Trd, 4318153.593, 79
Trd, 4318154.693, 117
Trd, 4318155.043, 106
Trd, 4318156.093, 140
Trd, 4318156.293, 111
Trd, 4318157.493, 131
Trd, 4318158.843, 140
Trd, 4318158.893, 140
Trd, 4318160.593, 140
Trd, 4318160.793, 139
Trd, 4318161.443, 101
Trd, 4318163.343, 140
Trd, 4318163.993, 140
Trd, 4318165.343, 140
Trd, 4318165.593, 140
Trd, 4318166.243, 140
Trd, 4318167.843, 140
Trd, 4318168.643, 140
Trd, 4318169.293, 140
Trd, 4318170.043, 139
Trd, 4318171.493, 140
Trd, 4318171.743, 140
Trd, 4318173.393, 140
Trd, 4318173.643, 140
Trd, 4318174.243, 138
Trd, 4318175.143, 140
Trd, 4318175.393, 140
Trd, 4318176.543, 138
Trd, 4318177.293, 140
Trd, 4318178.043, 116
Trd, 4318180.443, 140
Trd, 4318180.743, 140
Trd, 4318181.093, 140
Trd, 4318181.793, 90
Trd, 4318181.843, 83
Trd, 4318184.243, 140
Trd, 4318184.643, 140
Trd, 4318184.993, 139
Trd, 4318185.243, 137
Trd, 4318185.843, 140
Trd, 4318186.193, 140
Trd, 4318188.393, 140
Trd, 4318189.093, 121
Trd, 4318189.393, 139
Trd, 4318190.593, 140
Trd, 4318190.743, 120
Trd, 4318190.893, 110
Trd, 4318191.793, 129
Trd, 4318193.243, 140
Trd, 4318193.293, 122
Trd, 4318194.043, 118
Trd, 4318194.093, 111
Trd, 4318194.893, 82
Trd, 4318195.993, 136
Trd, 4318196.393, 121
Trd, 4318197.343, 140
Trd, 4318197.793, 140
Trd, 4318198.543, 140
Trd, 4318199.343, 139
Trd, 4318199.693, 103
Trd, 4318200.343, 102
Trd, 4318202.493, 103
Trd, 4318202.543, 135
Trd, 4318203.243, 107
Trd, 4318203.643, 140
Trd, 4318203.793, 109
Trd, 4318203.943, 140
Trd, 4318206.243, 63
Trd, 4318206.693, 65
Trd, 4318207.743, 140
Trd, 4318207.843, 138
Trd, 4318208.093, 137
Trd, 4318208.143, 109
Trd, 4318209.393, 138
Trd, 4318210.543, 117
Trd, 4318210.893, 135
Trd, 4318212.293, 138
Trd, 4318212.393, 98
Trd, 4318213.293, 111
Trd, 4318214.793, 99
Trd, 4318215.443, 140
Trd, 4318215.993, 139
Trd, 4318216.393, 100
Trd, 4318216.943, 140
Trd, 4318217.043, 137
Trd, 4318217.593, 133
Trd, 4318218.193, 99
Trd, 4318219.193, 139
Trd, 4318220.243, 139
Trd, 4318221.193, 139
Trd, 4318223.043, 140
Trd, 4318223.693, 138
Trd, 4318223.793, 136
Trd, 4318224.843, 140
Trd, 4318225.743, 140
Trd, 4318226.193, 125
Trd, 4318226.343, 110
Trd, 4318226.843, 92
Trd, 4318227.193, 140
Trd, 4318227.993, 127
Trd, 4318228.343, 124
Trd, 4318228.993, 139
Trd, 4318230.543, 140
Trd, 4318232.443, 137
Trd, 4318232.543, 137
Trd, 4318232.643, 130
Trd, 4318233.543, 140
Trd, 4318234.593, 140
Trd, 4318234.693, 140
Trd, 4318235.543, 117
Trd, 4318236.943, 140
Trd, 4318238.443, 140
Trd, 4318239.293, 140
Trd, 4318239.493, 137
Trd, 4318240.493, 136
Trd, 4318241.093, 137
Trd, 4318241.443, 116
Trd, 4318241.893, 105
Trd, 4318242.543, 140
Trd, 4318244.843, 140
Trd, 4318246.443, 140
Trd, 4318247.493, 140
Trd, 4318248.643, 140
Trd, 4318249.743, 140
Trd, 4318250.593, 140
Trd, 4318251.143, 140
Trd, 4318252.043, 140
Trd, 4318252.943, 140
Trd, 4318252.993, 140
Trd, 4318255.293, 140
Trd, 4318255.693, 140
Trd, 4318256.393, 140
Trd, 4318256.693, 140
Trd, 4318256.743, 139
Trd, 4318256.843, 137
Trd, 4318257.643, 72
Trd, 4318259.093, 140
Trd, 4318259.743, 103
Trd, 4318260.043, 77
Trd, 4318261.293, 114
Trd, 4318262.243, 140
Trd, 4318262.793, 140
Trd, 4318263.493, 139
Trd, 4318263.843, 135
Trd, 4318265.243, 136
Trd, 4318265.643, 139
Trd, 4318266.493, 121
Trd, 4318266.793, 139
Trd, 4318267.343, 126
Trd, 4318267.743, 140
Trd, 4318268.543, 139
Trd, 4318270.343, 138
Trd, 4318272.693, 110
Trd, 4318272.993, 109
Trd, 4318273.593, 128
Trd, 4318273.693, 84
Trd, 4318273.743, 139
Trd, 4318274.693, 137
Trd, 4318276.193, 140
Trd, 4318276.943, 140
Trd, 4318277.493, 120
Trd, 4318277.693, 121
Trd, 4318278.193, 140
Trd, 4318279.143, 140
Trd, 4318279.743, 140
Trd, 4318280.593, 140
Trd, 4318280.793, 140
Trd, 4318281.793, 140
Trd, 4318281.943, 139
Trd, 4318283.443, 130
Trd, 4318283.493, 129
Trd, 4318284.943, 139
Trd, 4318285.493, 120
Trd, 4318285.693, 137
Trd, 4318286.543, 122
Trd, 4318286.993, 138
Trd, 4318289.343, 140
Trd, 4318289.893, 140
Trd, 4318290.443, 139
Trd, 4318291.843, 140
Trd, 4318292.143, 139
Trd, 4318292.293, 138
Trd, 4318292.343, 129
Trd, 4318294.543, 140
Trd, 4318295.093, 140
Trd, 4318295.193, 139
Trd, 4318296.143, 140
Trd, 4318296.343, 140
Trd, 4318296.393, 121
Trd, 4318297.993, 136
Trd, 4318299.143, 140
Trd, 4318299.643, 140
Trd, 4318299.993, 114
Trd, 4318300.443, 95
Trd, 4318301.043, 108
Trd, 4318301.393, 136
Trd, 4318302.443, 140
Trd, 4318302.943, 140
Trd, 4318304.093, 137
Trd, 4318305.093, 136
Trd, 4318305.243, 125
Trd, 4318306.043, 140
Trd, 4318306.993, 140
Trd, 4318308.293, 140
Trd, 4318308.793, 140
Trd, 4318310.343, 140
Trd, 4318311.043, 140
Trd, 4318311.293, 140
Trd, 4318312.193, 140
Trd, 4318312.743, 140
Trd, 4318313.993, 140
Trd, 4318315.593, 140
Trd, 4318315.793, 140
Trd, 4318316.393, 137
Trd, 4318317.243, 137
Trd, 4318317.443, 136
Trd, 4318318.143, 140
Trd, 4318318.443, 121
Trd, 4318318.543, 102
Trd, 4318320.093, 140
Trd, 4318320.843, 139
Trd, 4318321.393, 140
Trd, 4318322.043, 139
Trd, 4318323.793, 140
Trd, 4318325.493, 140
Trd, 4318326.793, 140
Trd, 4318327.643, 140
Trd, 4318327.843, 137
Trd, 4318328.093, 119
Trd, 4318330.193, 140
Trd, 4318330.243, 140
Trd, 4318330.343, 138
Trd, 4318330.693, 102
Trd, 4318331.993, 111
Trd, 4318333.393, 123
Trd, 4318334.193, 140
Trd, 4318334.843, 140
Trd, 4318338.493, 140
Trd, 4318338.543, 140
Trd, 4318339.043, 140
Trd, 4318339.243, 140
Trd, 4318340.493, 110
Trd, 4318340.943, 132
Trd, 4318341.043, 94
Trd, 4318341.093, 79
Trd, 4318341.393, 136
Trd, 4318342.243, 79
Trd, 4318342.293, 80
Trd, 4318342.893, 65
Trd, 4318343.093, 97
Trd, 4318344.143, 96
Trd, 4318344.243, 80
Trd, 4318345.493, 140
Trd, 4318345.893, 127
Trd, 4318347.093, 122
Trd, 4318347.743, 62
Trd, 4318348.293, 62
Trd, 4318349.143, 140
Trd, 4318350.693, 139
Trd, 4318351.193, 139
Trd, 4318352.593, 118
Trd, 4318352.843, 134
Trd, 4318353.093, 135
Trd, 4318353.543, 115
Trd, 4318354.943, 139
Trd, 4318355.493, 139
Trd, 4318356.643, 137
Trd, 4318356.793, 136
Trd, 4318358.643, 140
Trd, 4318360.243, 140
Trd, 4318360.493, 140
Trd, 4318362.443, 136
Trd, 4318362.693, 140
Trd, 4318362.893, 109
Trd, 4318363.493, 97
Trd, 4318364.193, 140
Trd, 4318364.593, 131
Trd, 4318365.943, 78
Trd, 4318366.393, 132
Trd, 4318366.593, 71
Trd, 4318367.443, 112
Trd, 4318367.593, 73
Trd, 4318368.593, 83
Trd, 4318370.393, 140
Trd, 4318371.343, 139
Trd, 4318371.593, 115
Trd, 4318372.043, 102
Trd, 4318373.893, 140
Trd, 4318374.793, 140
Trd, 4318375.593, 138
Trd, 4318376.043, 103
Trd, 4318376.393, 120
Trd, 4318376.543, 102
Trd, 4318378.993, 140
Trd, 4318379.343, 140
Trd, 4318379.893, 140
Trd, 4318382.343, 140
Trd, 4318382.693, 139
Trd, 4318382.893, 140
Trd, 4318383.343, 140
Trd, 4318383.543, 139
Trd, 4318383.643, 105
Trd, 4318385.543, 140
Trd, 4318385.693, 139
Trd, 4318386.043, 108
Trd, 4318387.693, 119
Trd, 4318388.393, 131
Trd, 4318389.943, 139
Trd, 4318390.043, 138
Trd, 4318390.943, 139
Trd, 4318392.093, 138
Trd, 4318392.393, 137
Trd, 4318392.893, 140
Trd, 4318393.043, 139
Trd, 4318393.293, 138
Trd, 4318393.493, 98
Trd, 4318395.893, 139
Trd, 4318396.643, 138
Trd, 4318396.843, 139
Trd, 4318396.993, 119
Trd, 4318397.493, 103
Trd, 4318398.243, 94
Trd, 4318398.393, 83
Trd, 4318400.093, 139
Trd, 4318401.293, 139
Trd, 4318402.043, 136
Trd, 4318402.693, 139
Trd, 4318402.843, 103
Trd, 4318402.893, 93
Trd, 4318406.143, 140
Trd, 4318407.343, 140
Trd, 4318408.543, 140
Trd, 4318409.493, 140
Trd, 4318409.793, 140
Trd, 4318409.993, 139
Trd, 4318411.543, 139
Trd, 4318412.093, 137
Trd, 4318412.343, 137
Trd, 4318414.393, 140
Trd, 4318415.643, 140
Trd, 4318415.793, 140
Trd, 4318416.293, 140
Trd, 4318417.393, 138
Trd, 4318418.943, 134
Trd, 4318419.243, 128
Trd, 4318419.393, 115
Trd, 4318419.893, 119
Trd, 4318421.043, 140
Trd, 4318422.243, 109
Trd, 4318422.993, 138
Trd, 4318423.893, 137
Trd, 4318424.493, 131
Trd, 4318425.143, 133
Trd, 4318426.593, 132
Trd, 4318428.343, 140
Trd, 4318428.693, 139
Trd, 4318429.293, 140
Trd, 4318429.443, 139
Trd, 4318430.193, 140
Trd, 4318430.343, 139
Trd, 4318431.343, 117
Trd, 4318433.093, 140
Trd, 4318434.293, 139
Trd, 4318434.543, 138
Trd, 4318434.793, 130
Trd, 4318435.443, 140
Trd, 4318436.493, 107
Trd, 4318437.243, 140
Trd, 4318437.893, 78
Trd, 4318439.593, 140
Trd, 4318440.193, 140
Trd, 4318440.943, 140
Trd, 4318441.193, 133
Trd, 4318441.343, 110
Trd, 4318441.993, 138
Trd, 4318444.843, 140
Trd, 4318445.293, 140
Trd, 4318445.743, 139
Trd, 4318445.893, 139
Trd, 4318446.293, 139
Trd, 4318446.743, 136
Trd, 4318447.243, 140
Trd, 4318448.343, 140
Trd, 4318449.843, 140
Trd, 4318450.093, 136
Trd, 4318451.093, 128
Trd, 4318453.493, 140
Trd, 4318453.543, 138
Trd, 4318454.393, 140
Trd, 4318454.643, 119
Trd, 4318454.693, 118
Trd, 4318455.193, 113
Trd, 4318456.543, 138
Trd, 4318456.693, 106
Trd, 4318459.943, 140
Trd, 4318460.643, 140
Trd, 4318460.893, 138
Trd, 4318460.943, 138
Trd, 4318461.143, 97
Trd, 4318462.143, 138
Trd, 4318462.543, 119
Trd, 4318463.693, 135
Trd, 4318463.843, 134
Trd, 4318464.243, 139
Trd, 4318464.593, 121
Trd, 4318465.043, 140
Trd, 4318466.243, 140
Trd, 4318467.243, 137
Trd, 4318467.943, 140
Trd, 4318470.293, 140
Trd, 4318470.743, 139
Trd, 4318471.293, 140
Trd, 4318471.693, 140
Trd, 4318472.793, 140
Trd, 4318473.243, 108
Trd, 4318473.793, 111
Trd, 4318474.593, 61
Trd, 4318474.743, 119
Trd, 4318475.093, 135
Trd, 4318475.893, 63
Trd, 4318477.543, 92
Trd, 4318478.543, 60
Trd, 4318478.593, 67
Trd, 4318479.043, 70
Trd, 4318480.743, 83
Trd, 4318480.843, 106
Trd, 4318481.093, 95
Trd, 4318482.093, 101
Trd, 4318482.293, 140
Trd, 4318482.443, 61
Trd, 4318482.743, 133
Trd, 4318483.243, 60
Trd, 4318485.193, 140
Trd, 4318486.543, 140
Trd, 4318488.543, 140
Trd, 4318488.693, 138
Trd, 4318488.743, 104
Trd, 4318489.443, 139
Trd, 4318489.943, 125
Trd, 4318491.193, 140
Trd, 4318491.843, 116
Trd, 4318492.843, 140
Trd, 4318493.793, 127
Trd, 4318494.043, 140
Trd, 4318494.643, 140
Trd, 4318495.043, 140
Trd, 4318497.443, 140
Trd, 4318497.693, 140
Trd, 4318499.393, 139
Trd, 4318501.093, 140
Trd, 4318501.393, 108
Trd, 4318501.943, 138
Trd, 4318502.493, 140
Trd, 4318502.793, 126
Trd, 4318503.643, 126
Trd, 4318504.943, 140
Trd, 4318505.443, 138
Trd, 4318505.893, 92
Trd, 4318507.243, 94
Trd, 4318507.343, 72
Trd, 4318507.543, 137
Trd, 4318509.693, 136
Trd, 4318509.793, 134
Trd, 4318509.893, 138
Trd, 4318511.493, 140
Trd, 4318512.643, 140
Trd, 4318513.693, 140
Trd, 4318514.093, 136
Trd, 4318514.543, 136
Trd, 4318515.643, 139
Trd, 4318516.343, 105
Trd, 4318518.193, 140
Trd, 4318518.943, 140
Trd, 4318519.743, 138
Trd, 4318520.693, 140
Trd, 4318521.343, 140
Trd, 4318522.593, 138
Trd, 4318523.393, 139
Trd, 4318523.943, 139
Trd, 4318524.093, 138
Trd, 4318525.143, 140
Trd, 4318526.143, 121
Trd, 4318526.843, 140
Trd, 4318527.393, 140
Trd, 4318527.593, 140
Trd, 4318527.643, 120
Trd, 4318527.793, 106
Trd, 4318528.543, 140
Trd, 4318529.043, 103
Trd, 4318530.643, 139
Trd, 4318533.093, 139
Trd, 4318533.793, 138
Trd, 4318535.293, 140
Trd, 4318535.543, 139
Trd, 4318535.993, 110
Trd, 4318536.893, 115
Trd, 4318538.993, 140
Trd, 4318539.193, 138
Trd, 4318539.643, 106
Trd, 4318540.893, 105
Trd, 4318541.343, 84
Trd, 4318541.593, 108
Trd, 4318542.543, 139
Trd, 4318543.893, 131
Trd, 4318544.243, 130
Trd, 4318544.493, 111
Trd, 4318544.693, 139
Trd, 4318546.843, 140
Trd, 4318547.143, 140
Trd, 4318548.343, 140
Trd, 4318549.143, 140
Trd, 4318550.393, 139
Trd, 4318550.893, 139
Trd, 4318552.143, 140
Trd, 4318552.193, 140
Trd, 4318553.043, 140
Trd, 4318553.443, 105
Trd, 4318553.793, 98
Trd, 4318555.593, 111
Trd, 4318556.343, 140
Trd, 4318557.293, 102
Trd, 4318558.143, 139
Trd, 4318559.593, 140
Trd, 4318559.943, 140
Trd, 4318559.993, 140
Trd, 4318560.543, 134
Trd, 4318561.193, 140
Trd, 4318561.443, 140
Trd, 4318561.843, 139
Trd, 4318564.343, 138
Trd, 4318565.093, 140
Trd, 4318566.143, 113
Trd, 4318566.343, 90
Trd, 4318566.643, 77
Trd, 4318567.793, 140
Trd, 4318568.243, 113
Trd, 4318569.093, 70
Trd, 4318570.543, 139
Trd, 4318572.443, 139
Trd, 4318572.893, 139
Trd, 4318573.843, 140
Trd, 4318574.743, 140
Trd, 4318574.993, 138
Trd, 4318575.193, 136
Trd, 4318575.643, 122
Trd, 4318576.093, 128
Trd, 4318577.193, 129
Trd, 4318577.843, 129
Trd, 4318577.993, 92
Trd, 4318579.593, 88
Trd, 4318581.043, 75
Trd, 4318581.393, 115
Trd, 4318581.793, 126
Trd, 4318582.243, 63
Trd, 4318583.693, 60
Trd, 4318584.043, 60
Trd, 4318584.093, 65
Trd, 4318584.993, 65
Trd, 4318586.143, 71
Trd, 4318586.443, 62
Trd, 4318586.893, 104
Trd, 4318587.493, 136
Trd, 4318589.443, 140
Trd, 4318590.243, 140
Trd, 4318590.393, 140
Trd, 4318591.193, 140
Trd, 4318592.443, 140
Trd, 4318593.343, 139
Trd, 4318594.043, 140
Trd, 4318594.893, 140
Trd, 4318597.643, 139
Trd, 4318598.643, 140
Trd, 4318599.343, 140
Trd, 4318599.393, 140
Trd, 4318599.893, 140
Trd, 4318602.743, 140
Trd, 4318603.643, 140
Trd, 4318604.443, 140
Trd, 4318604.893, 137
Trd, 4318604.943, 132
Trd, 4318605.593, 107
Trd, 4318606.693, 105
Trd, 4318607.743, 105
Trd, 4318608.043, 106
Trd, 4318608.093, 98
Trd, 4318610.293, 119
Trd, 4318611.343, 128
Trd, 4318611.493, 111
Trd, 4318612.493, 140
Trd, 4318614.143, 140
Trd, 4318614.493, 140
Trd, 4318614.693, 130
Trd, 4318615.243, 134
Trd, 4318615.893, 139
Trd, 4318616.793, 140
Trd, 4318616.843, 110
Trd, 4318617.543, 61
Trd, 4318617.793, 63
Trd, 4318619.193, 60
Trd, 4318620.843, 73
Trd, 4318621.243, 72
Trd, 4318622.093, 76
Trd, 4318622.343, 88
Trd, 4318622.743, 78
Trd, 4318622.843, 93
Trd, 4318625.343, 140
Trd, 4318625.943, 140
Trd, 4318626.193, 140
Trd, 4318626.393, 107
Trd, 4318627.693, 140
Trd, 4318628.793, 140
Trd, 4318628.893, 140
Trd, 4318629.043, 140
Trd, 4318629.693, 115
Trd, 4318630.893, 140
Trd, 4318631.593, 124
Trd, 4318632.093, 134
Trd, 4318632.493, 127
Trd, 4318635.193, 140
Trd, 4318635.893, 138
Trd, 4318636.043, 97
Trd, 4318637.293, 140
Trd, 4318638.543, 140
Trd, 4318639.693, 140
Trd, 4318640.393, 140
Trd, 4318640.543, 139
Trd, 4318641.693, 139
Trd, 4318642.293, 139
Trd, 4318643.043, 140
Trd, 4318644.193, 140
Trd, 4318644.693, 118
Trd, 4318645.743, 115
Trd, 4318646.193, 131
Trd, 4318646.543, 123
Trd, 4318648.393, 140
Trd, 4318648.993, 140
Trd, 4318649.043, 140
Trd, 4318649.193, 140
Trd, 4318652.443, 96
Trd, 4318653.543, 140
Trd, 4318653.593, 140
Trd, 4318653.643, 105
Trd, 4318654.643, 140
Trd, 4318654.943, 123
Trd, 4318656.343, 140
Trd, 4318657.093, 140
Trd, 4318658.743, 140
Trd, 4318659.293, 140
Trd, 4318659.343, 140
Trd, 4318660.943, 140
Trd, 4318661.243, 139
Trd, 4318662.243, 140
Trd, 4318662.393, 97
Trd, 4318664.343, 140
Trd, 4318665.243, 140
Trd, 4318665.343, 139
Trd, 4318665.943, 139
Trd, 4318667.343, 140
Trd, 4318668.743, 140
Trd, 4318669.843, 140
Trd, 4318671.693, 140
Trd, 4318672.793, 140
Trd, 4318674.093, 140
Trd, 4318674.293, 140
Trd, 4318675.293, 140
Trd, 4318676.393, 140
Trd, 4318676.593, 140
Trd, 4318676.843, 138
Trd, 4318677.543, 104
Trd, 4318677.793, 132
Trd, 4318678.043, 74
Trd, 4318678.843, 67
Trd, 4318680.093, 137
Trd, 4318680.743, 62
Trd, 4318680.993, 88
Trd, 4318684.243, 140
Trd, 4318684.343, 140
Trd, 4318685.093, 139
Trd, 4318685.593, 128
Trd, 4318686.343, 139
Trd, 4318686.493, 138
Trd, 4318687.143, 137
Trd, 4318687.343, 117
Trd, 4318688.543, 88
Trd, 4318688.793, 64
Trd, 4318689.343, 140
Trd, 4318689.793, 140
Trd, 4318691.143, 114
Trd, 4318691.543, 137
Trd, 4318691.693, 135
Trd, 4318693.543, 119
Trd, 4318695.293, 140
Trd, 4318695.543, 140
Trd, 4318695.943, 140
Trd, 4318696.893, 129
Trd, 4318697.043, 128
Trd, 4318697.293, 126
Trd, 4318698.893, 140
Trd, 4318699.443, 140
Trd, 4318700.843, 140
Trd, 4318700.943, 139
Trd, 4318701.443, 140
Trd, 4318702.143, 140
Trd, 4318702.693, 111
Trd, 4318703.193, 77
Trd, 4318703.843, 139
Trd, 4318705.993, 110
Trd, 4318706.843, 122
Trd, 4318708.343, 140
Trd, 4318708.943, 139
Trd, 4318709.293, 139
Trd, 4318710.693, 124
Trd, 4318710.943, 94
Trd, 4318711.793, 87
Trd, 4318712.943, 117
Trd, 4318713.193, 113
Trd, 4318713.293, 129
Trd, 4318713.343, 83
Trd, 4318715.293, 140
Trd, 4318716.543, 136
Trd, 4318718.643, 135
Trd, 4318719.093, 76
Trd, 4318719.593, 140
Trd, 4318722.293, 140
Trd, 4318722.493, 140
Trd, 4318722.593, 140
Trd, 4318722.743, 139
Trd, 4318723.243, 136
Trd, 4318724.443, 123
Trd, 4318725.093, 140
Trd, 4318725.643, 121
Trd, 4318727.243, 140
Trd, 4318728.293, 140
Trd, 4318728.543, 140
Trd, 4318728.643, 139
Trd, 4318729.643, 137
Trd, 4318730.043, 117
Trd, 4318731.093, 140
Trd, 4318731.143, 139
Trd, 4318731.443, 137
Trd, 4318731.493, 79
Trd, 4318733.393, 76
Trd, 4318734.293, 136
Trd, 4318734.543, 105
Trd, 4318735.793, 134
Trd, 4318736.143, 139
Trd, 4318736.393, 138
Trd, 4318738.543, 140
Trd, 4318739.393, 137
Trd, 4318739.893, 126
Trd, 4318740.293, 127
Trd, 4318740.893, 99
Trd, 4318742.143, 140
Trd, 4318742.893, 139
Trd, 4318743.243, 139
Trd, 4318743.643, 139
Trd, 4318743.843, 137
Trd, 4318744.043, 137
Trd, 4318744.543, 138
Trd, 4318744.993, 118
Trd, 4318746.493, 86
Trd, 4318748.693, 140
Trd, 4318749.243, 140
Trd, 4318749.643, 140
Trd, 4318749.943, 140
Trd, 4318750.243, 128
Trd, 4318750.693, 121
Trd, 4318751.143, 89
Trd, 4318751.993, 140
Trd, 4318752.093, 103
Trd, 4318752.843, 102
Trd, 4318754.393, 80
Trd, 4318755.743, 139
Trd, 4318756.093, 140
Trd, 4318757.143, 140
Trd, 4318757.493, 140
Trd, 4318758.293, 140
Trd, 4318759.343, 140
Trd, 4318759.493, 137
Trd, 4318760.543, 139
Trd, 4318761.443, 140
Trd, 4318761.693, 139
Trd, 4318762.593, 140
Trd, 4318763.493, 128
Trd, 4318764.493, 140
Trd, 4318764.843, 140
Trd, 4318765.843, 127
Trd, 4318765.893, 101
Trd, 4318766.343, 122
Trd, 4318768.643, 140
Trd, 4318768.743, 140
Trd, 4318770.443, 140
Trd, 4318770.643, 140
Trd, 4318770.943, 140
Trd, 4318772.243, 139
Trd, 4318772.743, 132
Trd, 4318773.543, 139
Trd, 4318774.393, 71
Trd, 4318774.743, 139
Trd, 4318775.343, 139
Trd, 4318776.343, 131
Trd, 4318776.893, 139
Trd, 4318777.643, 136
Trd, 4318777.743, 132
Trd, 4318777.843, 96
Trd, 4318779.693, 140
Trd, 4318780.643, 139
Trd, 4318781.293, 140
Trd, 4318781.893, 102
Trd, 4318782.343, 101
Trd, 4318784.093, 140
Trd, 4318785.693, 140
Trd, 4318786.143, 138
Trd, 4318787.593, 123
Trd, 4318789.193, 140
Trd, 4318789.293, 140
Trd, 4318789.643, 117
Trd, 4318789.943, 108
Trd, 4318790.643, 129
Trd, 4318791.493, 140
Trd, 4318792.493, 140
Trd, 4318793.893, 140
Trd, 4318794.193, 138
Trd, 4318794.743, 140
Trd, 4318794.793, 140
Trd, 4318795.843, 137
Trd, 4318796.343, 139
Trd, 4318796.843, 139
Trd, 4318798.693, 130
Trd, 4318798.993, 140
Trd, 4318800.093, 140
Trd, 4318800.243, 140
Trd, 4318800.343, 139
Trd, 4318802.793, 137
Trd, 4318802.993, 101
Trd, 4318805.143, 140
Trd, 4318805.443, 140
Trd, 4318806.093, 140
Trd, 4318807.593, 140
Trd, 4318807.893, 140
Trd, 4318808.093, 137
Trd, 4318808.893, 138
Trd, 4318809.293, 119
Trd, 4318811.043, 140
Trd, 4318811.743, 140
Trd, 4318812.593, 140
Trd, 4318813.093, 140
Trd, 4318815.143, 140
Trd, 4318816.293, 140
Trd, 4318816.343, 139
Trd, 4318816.493, 140
Trd, 4318817.893, 135
Trd, 4318818.193, 131
Trd, 4318818.493, 116
Trd, 4318819.493, 139
Trd, 4318819.893, 136
Trd, 4318821.393, 120
Trd, 4318822.093, 113
Trd, 4318822.793, 140
Trd, 4318823.743, 94
Trd, 4318824.443, 140
Trd, 4318825.143, 140
Trd, 4318825.643, 139
Trd, 4318828.093, 138
Trd, 4318828.243, 136
Trd, 4318828.443, 138
Trd, 4318828.643, 135
Trd, 4318829.543, 139
Trd, 4318829.593, 130
Trd, 4318829.793, 87
Trd, 4318830.893, 102
Trd, 4318832.093, 106
Trd, 4318833.893, 133
Trd, 4318834.343, 99
Trd, 4318835.043, 100
Trd, 4318835.593, 98
Trd, 4318836.143, 96
Trd, 4318836.843, 107
Trd, 4318836.993, 110
Trd, 4318837.443, 111
Trd, 4318837.743, 120
Trd, 4318840.093, 140
Trd, 4318841.293, 140
Trd, 4318841.393, 139
Trd, 4318841.893, 139
Trd, 4318843.143, 140
Trd, 4318843.293, 127
Trd, 4318843.693, 130
Trd, 4318843.843, 103
Trd, 4318844.443, 80
Trd, 4318844.793, 63
Trd, 4318845.743, 60
Trd, 4318847.093, 80
Trd, 4318848.343, 62
Trd, 4318848.393, 69
Trd, 4318850.343, 140
Trd, 4318850.593, 140
Trd, 4318850.993, 140
Trd, 4318851.643, 140
Trd, 4318852.093, 139
Trd, 4318852.143, 125
Trd, 4318852.393, 114
Trd, 4318853.193, 140
Trd, 4318854.893, 138
Trd, 4318855.493, 100
Trd, 4318856.393, 133
Trd, 4318857.293, 116
Trd, 4318857.343, 101
Trd, 4318858.093, 140
Trd, 4318858.743, 140
Trd, 4318859.443, 140
Trd, 4318859.593, 139
Trd, 4318860.443, 140
Trd, 4318860.493, 104
Trd, 4318861.743, 140
Trd, 4318862.243, 65
Trd, 4318862.543, 137
Trd, 4318863.793, 104
Trd, 4318865.793, 140
Trd, 4318867.093, 140
Trd, 4318867.543, 140
Trd, 4318867.793, 140
Trd, 4318868.243, 140
Trd, 4318869.093, 140
Trd, 4318869.493, 140
Trd, 4318870.443, 140
Trd, 4318872.793, 140
Trd, 4318873.143, 140
Trd, 4318873.643, 107
Trd, 4318874.343, 140
Trd, 4318874.393, 139
Trd, 4318875.993, 138
Trd, 4318876.193, 98
Trd, 4318877.193, 89
Trd, 4318877.343, 129
Trd, 4318877.743, 100
Trd, 4318878.143, 139
Trd, 4318879.693, 140
Trd, 4318880.393, 66
Trd, 4318882.293, 86
Trd, 4318882.393, 85
Trd, 4318882.693, 88
Trd, 4318882.943, 102
Trd, 4318884.043, 126
Trd, 4318884.293, 137
Trd, 4318885.593, 139
Trd, 4318886.643, 136
Trd, 4318886.943, 116
Trd, 4318887.093, 100
Trd, 4318888.243, 131
Trd, 4318889.843, 140
Trd, 4318890.543, 140
Trd, 4318890.693, 140
Trd, 4318890.893, 140
Trd, 4318892.043, 136
Trd, 4318892.493, 139
Trd, 4318893.343, 125
Trd, 4318893.743, 94
Trd, 4318894.443, 62
Trd, 4318895.443, 138
Trd, 4318896.243, 120
Trd, 4318896.543, 138
Trd, 4318898.193, 139
Trd, 4318898.493, 139
Trd, 4318899.393, 102
Trd, 4318900.043, 73
Trd, 4318903.643, 140
Trd, 4318904.093, 140
Trd, 4318904.393, 140
Trd, 4318904.493, 140
Trd, 4318904.943, 140
Trd, 4318906.393, 140
Trd, 4318907.643, 140
Trd, 4318907.843, 139
Trd, 4318909.143, 140
Trd, 4318909.593, 136
Trd, 4318909.893, 121
Trd, 4318911.993, 140
Trd, 4318912.193, 140
Trd, 4318912.443, 110
Trd, 4318912.743, 140
Trd, 4318913.293, 109
Trd, 4318913.543, 92
Trd, 4318914.943, 102
Trd, 4318914.993, 101
Trd, 4318916.093, 118
Trd, 4318916.843, 140
Trd, 4318917.593, 139
Trd, 4318918.043, 104
Trd, 4318919.593, 140
Trd, 4318920.193, 140
Trd, 4318922.093, 140
Trd, 4318922.443, 140
Trd, 4318922.643, 140
Trd, 4318922.893, 111
Trd, 4318925.493, 139
Trd, 4318925.943, 109
Trd, 4318926.543, 140
Trd, 4318926.843, 140
Trd, 4318927.443, 140
Trd, 4318928.343, 87
Trd, 4318928.993, 133
Trd, 4318930.243, 140
Trd, 4318931.543, 138
Trd, 4318932.393, 128
Trd, 4318933.543, 65
Trd, 4318933.593, 73
Trd, 4318934.043, 70
Trd, 4318934.893, 121
Trd, 4318935.793, 140
Trd, 4318936.493, 140
Trd, 4318936.843, 140
Trd, 4318938.493, 140
Trd, 4318939.543, 140
Trd, 4318939.993, 140
Trd, 4318940.493, 128
Trd, 4318941.493, 115
Trd, 4318941.593, 98
Trd, 4318942.143, 133
Trd, 4318943.393, 140
Trd, 4318945.943, 140
Trd, 4318946.843, 140
Trd, 4318947.943, 140
Trd, 4318948.243, 140
Trd, 4318948.793, 139
Trd, 4318949.443, 140
Trd, 4318949.643, 139
Trd, 4318951.443, 117
Trd, 4318951.843, 138
Trd, 4318952.893, 76
Trd, 4318953.393, 61
Trd, 4318953.993, 137
Trd, 4318955.043, 140
Trd, 4318955.693, 140
Trd, 4318956.293, 138
Trd, 4318957.393, 140
Trd, 4318957.793, 140
Trd, 4318958.843, 140
Trd, 4318958.943, 139
Trd, 4318958.993, 139
Trd, 4318961.043, 140
Trd, 4318963.243, 140
Trd, 4318963.343, 140
Trd, 4318963.693, 139
Trd, 4318964.643, 133
Trd, 4318965.793, 104
Trd, 4318966.543, 140
Trd, 4318966.693, 139
Trd, 4318967.343, 124
Trd, 4318968.043, 93
Trd, 4318968.193, 77
Trd, 4318968.693, 106
Trd, 4318970.643, 140
Trd, 4318971.943, 140
Trd, 4318973.543, 139
Trd, 4318974.243, 140
Trd, 4318975.293, 140
Trd, 4318975.743, 140
Trd, 4318976.293, 140
Trd, 4318977.443, 140
Trd, 4318977.993, 140
Trd, 4318978.093, 118
Trd, 4318978.893, 107
Trd, 4318979.443, 87
Trd, 4318979.643, 140
Trd, 4318981.543, 140
Trd, 4318981.593, 140
Trd, 4318982.343, 97
Trd, 4318982.693, 124
Trd, 4318983.093, 94
Trd, 4318983.493, 76
Trd, 4318984.343, 139
Trd, 4318985.993, 140
Trd, 4318986.943, 140
Trd, 4318987.143, 139
Trd, 4318987.393, 139
Trd, 4318988.493, 138
Trd, 4318988.793, 81
Trd, 4318990.993, 139
Trd, 4318991.243, 107
Trd, 4318992.543, 139
Trd, 4318992.943, 102
Trd, 4318993.193, 95
Trd, 4318994.343, 140
Trd, 4318995.343, 120
Trd, 4318997.043, 139
Trd, 4318997.493, 139
Trd, 4318997.993, 113
Trd, 4318998.193, 136
Trd, 4318998.793, 140
Trd, 4318999.143, 136
Trd, 4319000.293, 106
Trd, 4319000.543, 126
Trd, 4319001.543, 70
Trd, 4319002.393, 125
Trd, 4319002.593, 139
Trd, 4319003.593, 107
Trd, 4319005.493, 140
Trd, 4319007.243, 140
Trd, 4319007.293, 140
Trd, 4319007.493, 140
Trd, 4319008.143, 137
Trd, 4319008.893, 140
Trd, 4319009.193, 113
Trd, 4319009.743, 134
Trd, 4319010.293, 107
Trd, 4319011.043, 140
Trd, 4319012.143, 139
Trd, 4319012.343, 140
Trd, 4319014.243, 118
Trd, 4319015.993, 140
Trd, 4319016.043, 140
Trd, 4319016.193, 135
Trd, 4319017.443, 140
Trd, 4319018.243, 140
Trd, 4319019.943, 140
Trd, 4319020.593, 140
Trd, 4319020.793, 140
Trd, 4319021.043, 116
Trd, 4319022.143, 140
Trd, 4319022.893, 140
Trd, 4319023.093, 140
Trd, 4319024.343, 139
Trd, 4319024.443, 122
Trd, 4319024.543, 102
Trd, 4319025.493, 89
Trd, 4319025.993, 140
Trd, 4319026.893, 139
Trd, 4319028.693, 140
Trd, 4319029.093, 120
Trd, 4319030.393, 140
Trd, 4319030.593, 89
Trd, 4319030.793, 140
Trd, 4319031.693, 139
Trd, 4319032.943, 113
Trd, 4319033.293, 114
Trd, 4319033.993, 139
Trd, 4319035.893, 140
Trd, 4319035.993, 140
Trd, 4319037.543, 140
Trd, 4319038.293, 140
Trd, 4319038.443, 140
Trd, 4319038.643, 140
Trd, 4319040.443, 139
Trd, 4319041.193, 132
Trd, 4319041.343, 116
Trd, 4319043.293, 140
Trd, 4319043.443, 140
Trd, 4319044.193, 140
Trd, 4319045.143, 139
Trd, 4319045.493, 138
Trd, 4319046.443, 140
Trd, 4319047.793, 140
Trd, 4319048.343, 123
Trd, 4319049.893, 140
Trd, 4319050.693, 140
Trd, 4319052.293, 140
Trd, 4319052.343, 140
Trd, 4319052.943, 140
Trd, 4319054.693, 140
Trd, 4319055.143, 136
Trd, 4319055.543, 120
Trd, 4319055.793, 106
Trd, 4319056.343, 139
Trd, 4319056.943, 140
Trd, 4319058.143, 140
Trd, 4319059.143, 140
Trd, 4319059.943, 140
Trd, 4319060.343, 139
Trd, 4319060.543, 138
Trd, 4319061.693, 140
Trd, 4319061.993, 140
Trd, 4319062.393, 107
Trd, 4319063.443, 138
Trd, 4319064.093, 140
Trd, 4319065.543, 138
Trd, 4319065.893, 121
Trd, 4319067.443, 140
Trd, 4319067.893, 140
Trd, 4319068.293, 139
Trd, 4319068.393, 136
Trd, 4319070.943, 140
Trd, 4319071.193, 140
Trd, 4319071.643, 140
Trd, 4319072.193, 140
Trd, 4319072.443, 138
Trd, 4319075.143, 137
Trd, 4319075.393, 131
Trd, 4319076.343, 140
Trd, 4319076.843, 120
Trd, 4319078.043, 140
Trd, 4319079.443, 140
Trd, 4319079.643, 140
Trd, 4319080.143, 139
Trd, 4319080.893, 114
Trd, 4319082.693, 139
Trd, 4319083.843, 140
Trd, 4319083.893, 140
Trd, 4319084.643, 139
Trd, 4319085.443, 137
Trd, 4319086.343, 111
Trd, 4319087.193, 97
Trd, 4319087.343, 64
Trd, 4319089.243, 140
Trd, 4319089.643, 140
Trd, 4319090.343, 139
Trd, 4319090.493, 139
Trd, 4319090.793, 126
Trd, 4319090.893, 124
Trd, 4319092.343, 139
Trd, 4319092.793, 102
Trd, 4319092.993, 91
Trd, 4319093.793, 138
Trd, 4319095.343, 125
Trd, 4319096.093, 140
Trd, 4319097.593, 140
Trd, 4319097.893, 140
Trd, 4319097.943, 140
Trd, 4319098.193, 139
Trd, 4319098.543, 83
Trd, 4319099.443, 140
Trd, 4319100.593, 137
Trd, 4319100.943, 113
Trd, 4319101.343, 103
Trd, 4319101.843, 92
Trd, 4319102.543, 64
Trd, 4319106.243, 140
Trd, 4319106.293, 140
Trd, 4319106.693, 140
Trd, 4319107.893, 140
Trd, 4319108.993, 139
Trd, 4319109.293, 138
Trd, 4319109.343, 129
Trd, 4319109.743, 133
Trd, 4319111.293, 140
Trd, 4319111.793, 140
Trd, 4319113.043, 138
Trd, 4319113.693, 139
Trd, 4319113.793, 136
Trd, 4319116.193, 140
Trd, 4319116.343, 139
Trd, 4319116.543, 138
Trd, 4319117.543, 140
Trd, 4319118.743, 140
Trd, 4319118.843, 140
Trd, 4319119.193, 138
Trd, 4319119.643, 137
Trd, 4319120.693, 121
Trd, 4319121.493, 84
Trd, 4319123.843, 140
Trd, 4319124.293, 140
Trd, 4319124.893, 139
Trd, 4319126.943, 140
Trd, 4319128.043, 140
Trd, 4319128.243, 140
Trd, 4319128.643, 140
Trd, 4319128.893, 139
Trd, 4319130.893, 138
Trd, 4319131.043, 133
Trd, 4319132.043, 113
Trd, 4319132.743, 102
Trd, 4319133.293, 140
Trd, 4319134.843, 140
Trd, 4319135.393, 139
Trd, 4319136.093, 139
Trd, 4319136.943, 139
Trd, 4319137.643, 138
Trd, 4319137.793, 139
Trd, 4319138.343, 115
Trd, 4319139.593, 107
Trd, 4319139.893, 127
Trd, 4319140.243, 77
Trd, 4319141.543, 140
Trd, 4319141.743, 140
Trd, 4319143.143, 140
Trd, 4319144.093, 140
Trd, 4319144.293, 138
Trd, 4319144.493, 109
Trd, 4319145.093, 106
Trd, 4319145.293, 93
Trd, 4319146.793, 110
Trd, 4319147.343, 75
Trd, 4319149.193, 138
Trd, 4319150.093, 140
Trd, 4319150.643, 140
Trd, 4319151.843, 140
Trd, 4319153.293, 140
Trd, 4319154.143, 136
Trd, 4319154.193, 135
Trd, 4319154.693, 137
Trd, 4319155.243, 123
Trd, 4319156.293, 140
Trd, 4319156.843, 68
Trd, 4319157.993, 63
Trd, 4319158.943, 109
Trd, 4319158.993, 80
Trd, 4319159.093, 74
Trd, 4319159.743, 71
Trd, 4319161.393, 140
Trd, 4319162.743, 140
Trd, 4319163.143, 140
Trd, 4319163.243, 138
Trd, 4319163.593, 124
Trd, 4319163.693, 120
Trd, 4319166.793, 140
Trd, 4319167.593, 140
Trd, 4319167.993, 140
Trd, 4319168.393, 140
Trd, 4319169.043, 140
Trd, 4319169.243, 140
Trd, 4319170.293, 140
Trd, 4319171.693, 140
Trd, 4319172.793, 140
Trd, 4319173.043, 140
Trd, 4319173.993, 140
Trd, 4319174.443, 98
Trd, 4319175.093, 89
Trd, 4319175.693, 137
Trd, 4319176.043, 135
Trd, 4319176.693, 66
Trd, 4319176.843, 65
Trd, 4319179.793, 140
Trd, 4319179.943, 140
Trd, 4319180.993, 140
Trd, 4319181.893, 140
Trd, 4319182.393, 140
Trd, 4319184.043, 140
Trd, 4319184.093, 108
Trd, 4319184.843, 140
Trd, 4319185.893, 140
Trd, 4319186.793, 140
Trd, 4319187.093, 140
Trd, 4319187.893, 140
Trd, 4319188.293, 140
Trd, 4319188.543, 113
Trd, 4319188.943, 112
Trd, 4319190.693, 140
Trd, 4319191.393, 99
Trd, 4319193.043, 140
Trd, 4319193.293, 140
Trd, 4319193.393, 140
Trd, 4319194.393, 140
Trd, 4319194.543, 140
Trd, 4319195.993, 138
Trd, 4319196.843, 140
Trd, 4319197.743, 140
Trd, 4319198.693, 140
Trd, 4319199.293, 140
Trd, 4319199.693, 140
Trd, 4319200.543, 140
Trd, 4319200.893, 122
Trd, 4319202.193, 74
Trd, 4319202.543, 64
Trd, 4319203.343, 140
Trd, 4319204.793, 137
Trd, 4319204.893, 105
Trd, 4319206.193, 139
Trd, 4319206.443, 120
Trd, 4319206.943, 97
Trd, 4319208.043, 81
Trd, 4319208.343, 106
Trd, 4319209.093, 109
Trd, 4319209.293, 135
Trd, 4319209.943, 127
Trd, 4319210.093, 81
Trd, 4319212.343, 62
Trd, 4319212.943, 135
Trd, 4319213.693, 134
Trd, 4319214.143, 140
Trd, 4319214.693, 140
Trd, 4319215.543, 139
Trd, 4319216.143, 140
Trd, 4319216.293, 140
Trd, 4319216.643, 117
Trd, 4319216.793, 100
Trd, 4319218.293, 140
Trd, 4319220.293, 140
Trd, 4319220.743, 140
Trd, 4319220.893, 139
Trd, 4319221.493, 130
Trd, 4319221.693, 123
Trd, 4319223.143, 140
Trd, 4319224.343, 140
Trd, 4319226.443, 140
Trd, 4319226.693, 140
Trd, 4319226.793, 103
Trd, 4319228.643, 137
Trd, 4319228.693, 140
Trd, 4319228.943, 136
Trd, 4319229.193, 110
Trd, 4319231.643, 140
Trd, 4319232.243, 132
Trd, 4319232.393, 106
Trd, 4319234.343, 137
Trd, 4319234.593, 140
Trd, 4319235.993, 140
Trd, 4319238.593, 140
Trd, 4319239.243, 140
Trd, 4319239.793, 140
Trd, 4319240.543, 140
Trd, 4319241.643, 140
Trd, 4319242.243, 140
Trd, 4319242.493, 140
Trd, 4319242.893, 140
Trd, 4319245.993, 140
Trd, 4319248.043, 140
Trd, 4319248.293, 140
Trd, 4319249.793, 140
Trd, 4319249.843, 140
Trd, 4319250.143, 140
Trd, 4319251.243, 140
Trd, 4319254.093, 140
Trd, 4319255.093, 139
Trd, 4319255.493, 138
Trd, 4319255.543, 137
Trd, 4319255.593, 100
Trd, 4319258.993, 140
Trd, 4319259.093, 140
Trd, 4319259.993, 139
Trd, 4319260.093, 140
Trd, 4319260.593, 138
Trd, 4319261.143, 121
Trd, 4319262.093, 140
Trd, 4319262.543, 107
Trd, 4319262.643, 91
Trd, 4319263.793, 140
Trd, 4319266.043, 140
Trd, 4319266.943, 140
Trd, 4319267.443, 140
Trd, 4319267.993, 132
Trd, 4319269.243, 100
Trd, 4319270.393, 140
Trd, 4319270.443, 140
Trd, 4319270.793, 140
Trd, 4319271.693, 140
Trd, 4319273.943, 140
Trd, 4319274.393, 140
Trd, 4319275.343, 140
Trd, 4319276.293, 139
Trd, 4319276.343, 139
Trd, 4319277.093, 117
Trd, 4319278.293, 130
Trd, 4319278.443, 119
Trd, 4319278.693, 134
Trd, 4319280.343, 140
Trd, 4319280.993, 138
Trd, 4319281.443, 137
Trd, 4319282.043, 70
Trd, 4319283.043, 87
Trd, 4319284.293, 139
Trd, 4319284.843, 139
Trd, 4319285.993, 120
Trd, 4319286.043, 122
Trd, 4319286.493, 95
Trd, 4319286.693, 93
Trd, 4319287.943, 89
Trd, 4319288.543, 96
Trd, 4319289.093, 139
Trd, 4319289.893, 140
Trd, 4319290.393, 98
Trd, 4319291.943, 139
Trd, 4319292.693, 115
Trd, 4319293.193, 113
Trd, 4319293.243, 120
Trd, 4319293.293, 112
Trd, 4319293.943, 140
Trd, 4319294.943, 140
Trd, 4319295.093, 99
Trd, 4319295.343, 85
Trd, 4319296.193, 114
Trd, 4319296.293, 115
Trd, 4319297.643, 66
Trd, 4319298.343, 140
Trd, 4319300.193, 140
Trd, 4319301.493, 140
Trd, 4319301.793, 140
Trd, 4319302.093, 140
Trd, 4319303.693, 139
Trd, 4319304.643, 140
Trd, 4319304.743, 138
Trd, 4319305.943, 114
Trd, 4319306.143, 138
Trd, 4319307.093, 121
Trd, 4319307.143, 136
Trd, 4319307.593, 115
Trd, 4319309.593, 104
Trd, 4319309.693, 102
Trd, 4319309.993, 140
Trd, 4319310.643, 74
Trd, 4319311.243, 115
Trd, 4319312.043, 72
Trd, 4319312.193, 66
Trd, 4319312.593, 126
Trd, 4319314.693, 138
Trd, 4319316.243, 140
Trd, 4319316.543, 140
Trd, 4319316.843, 140
Trd, 4319317.743, 140
Trd, 4319318.743, 101
Trd, 4319319.693, 140
Trd, 4319319.993, 140
Trd, 4319320.843, 140
Trd, 4319322.193, 140
Trd, 4319322.293, 138
Trd, 4319322.593, 133
Trd, 4319323.543, 117
Trd, 4319324.843, 140
Trd, 4319325.943, 140
Trd, 4319327.143, 139
Trd, 4319328.143, 138
Trd, 4319328.193, 96
Trd, 4319328.693, 135
Trd, 4319328.943, 94
Trd, 4319328.993, 82
Trd, 4319329.643, 140
Trd, 4319331.293, 140
Trd, 4319331.593, 140
Trd, 4319332.343, 139
Trd, 4319332.793, 129
Trd, 4319333.893, 139
Trd, 4319335.593, 140
Trd, 4319335.643, 140
Trd, 4319335.793, 138
Trd, 4319336.643, 139
Trd, 4319336.793, 139
Trd, 4319336.943, 80
Trd, 4319338.093, 140
Trd, 4319339.743, 140
Trd, 4319340.343, 140
Trd, 4319340.393, 140
Trd, 4319340.943, 140
Trd, 4319341.643, 139
Trd, 4319342.343, 138
Trd, 4319342.743, 110
Trd, 4319343.943, 140
Trd, 4319344.193, 140
Trd, 4319344.443, 108
Trd, 4319345.643, 140
Trd, 4319347.193, 117
Trd, 4319348.443, 140
Trd, 4319348.693, 139
Trd, 4319348.843, 140
Trd, 4319351.243, 140
Trd, 4319352.943, 140
Trd, 4319353.143, 140
Trd, 4319353.193, 140
Trd, 4319353.693, 140
Trd, 4319355.393, 140
Trd, 4319356.743, 113
Trd, 4319357.143, 107
Trd, 4319357.393, 102
Trd, 4319358.393, 140
Trd, 4319358.643, 140
Trd, 4319358.793, 139
Trd, 4319360.393, 140
Trd, 4319361.293, 140
Trd, 4319361.543, 93
Trd, 4319363.943, 140
Trd, 4319365.143, 140
Trd, 4319365.493, 137
Trd, 4319365.743, 134
Trd, 4319366.793, 139
Trd, 4319367.293, 140
Trd, 4319368.543, 118
Trd, 4319369.443, 140
Trd, 4319370.093, 140
Trd, 4319370.743, 140
Trd, 4319371.543, 139
Trd, 4319372.393, 140
Trd, 4319374.193, 140
Trd, 4319375.143, 140
Trd, 4319375.593, 139
Trd, 4319376.093, 140
Trd, 4319376.193, 140
Trd, 4319377.443, 140
Trd, 4319378.993, 91
Trd, 4319379.143, 115
Trd, 4319379.343, 140
Trd, 4319380.893, 116
Trd, 4319381.843, 136
Trd, 4319382.893, 140
Trd, 4319383.543, 137
Trd, 4319384.693, 140
Trd, 4319384.743, 140
Trd, 4319385.043, 140
Trd, 4319385.343, 138
Trd, 4319387.243, 139
Trd, 4319388.193, 139
Trd, 4319388.243, 139
Trd, 4319389.543, 140
Trd, 4319389.793, 140
Trd, 4319390.443, 139
Trd, 4319390.793, 128
Trd, 4319390.943, 110
Trd, 4319392.043, 140
Trd, 4319393.743, 139
Trd, 4319394.443, 140
Trd, 4319394.993, 140
Trd, 4319395.043, 140
Trd, 4319396.243, 139
Trd, 4319398.043, 140
Trd, 4319398.493, 140
Trd, 4319398.743, 140
Trd, 4319399.693, 140
Trd, 4319401.393, 140
Trd, 4319401.643, 115
Trd, 4319402.093, 60
Trd, 4319402.843, 60
Trd, 4319403.043, 67
Trd, 4319403.593, 60
Trd, 4319404.543, 140
Trd, 4319406.343, 135
Trd, 4319407.943, 140
Trd, 4319407.993, 140
Trd, 4319408.543, 139
Trd, 4319408.843, 138
Trd, 4319410.643, 139
Trd, 4319411.243, 140
Trd, 4319411.493, 140
Trd, 4319411.943, 140
Trd, 4319412.243, 140
Trd, 4319413.143, 138
Trd, 4319413.293, 104
Trd, 4319415.143, 69
Trd, 4319416.593, 133
Trd, 4319417.093, 134
Trd, 4319417.693, 109
Trd, 4319417.843, 107
Trd, 4319418.293, 129
Trd, 4319418.743, 140
Trd, 4319419.043, 139
Trd, 4319420.343, 138
Trd, 4319420.693, 136
Trd, 4319422.293, 100
Trd, 4319422.443, 139
Trd, 4319422.693, 86
Trd, 4319423.693, 126
Trd, 4319424.243, 109
Trd, 4319424.993, 109
Trd, 4319427.193, 140
Trd, 4319429.293, 140
Trd, 4319429.393, 140
Trd, 4319429.543, 140
Trd, 4319430.243, 140
Trd, 4319432.093, 140
Trd, 4319432.643, 140
Trd, 4319433.343, 140
Trd, 4319433.543, 133
Trd, 4319434.193, 140
Trd, 4319436.093, 139
Trd, 4319436.143, 136
Trd, 4319437.843, 135
Trd, 4319438.093, 134
Trd, 4319438.843, 99
Trd, 4319439.193, 97
Trd, 4319439.943, 108
Trd, 4319440.093, 101
Trd, 4319440.843, 100
Trd, 4319442.843, 140
Trd, 4319442.893, 137
Trd, 4319443.143, 133
Trd, 4319443.543, 100
Trd, 4319443.993, 89
Trd, 4319445.943, 138
Trd, 4319447.793, 140
Trd, 4319448.493, 140
Trd, 4319449.043, 140
Trd, 4319449.343, 118
Trd, 4319451.793, 140
Trd, 4319451.943, 139
Trd, 4319452.043, 139
Trd, 4319452.943, 140
Trd, 4319453.443, 140
Trd, 4319453.493, 140
Trd, 4319453.993, 111
Trd, 4319454.893, 137
Trd, 4319455.893, 140
Trd, 4319456.243, 140
Trd, 4319457.143, 140
Trd, 4319458.543, 140
Trd, 4319459.343, 139
Trd, 4319460.643, 139
Trd, 4319460.893, 139
Trd, 4319461.243, 122
Trd, 4319461.393, 139
Trd, 4319461.793, 108
Trd, 4319462.893, 140
Trd, 4319463.093, 101
Trd, 4319463.893, 99
Trd, 4319464.693, 89
Trd, 4319465.093, 139
Trd, 4319466.043, 140
Trd, 4319467.093, 140
Trd, 4319468.293, 132
Trd, 4319469.643, 139
Trd, 4319469.893, 138
Trd, 4319470.193, 132
Trd, 4319470.343, 95
Trd, 4319471.193, 140
Trd, 4319473.293, 140
Trd, 4319473.343, 140
Trd, 4319473.943, 133
Trd, 4319475.243, 104
Trd, 4319475.293, 82
Trd, 4319475.693, 137
Trd, 4319476.093, 137
Trd, 4319477.043, 138
Trd, 4319477.893, 139
Trd, 4319478.343, 131
Trd, 4319478.793, 130
Trd, 4319479.043, 105
Trd, 4319481.543, 140
Trd, 4319483.993, 140
Trd, 4319484.293, 140
Trd, 4319484.393, 140
Trd, 4319485.043, 140
Trd, 4319485.493, 140
Trd, 4319486.243, 140
Trd, 4319487.743, 140
Trd, 4319487.843, 139
Trd, 4319488.993, 138
Trd, 4319489.493, 137
Trd, 4319490.693, 135
Trd, 4319491.393, 140
Trd, 4319491.693, 139
Trd, 4319493.093, 140
Trd, 4319493.143, 139
Trd, 4319494.343, 140
Trd, 4319496.443, 140
Trd, 4319497.693, 140
Trd, 4319498.043, 140
Trd, 4319498.193, 139
Trd, 4319498.243, 138
Trd, 4319498.493, 136
Trd, 4319499.243, 140
Trd, 4319500.093, 130
Trd, 4319500.343, 115
Trd, 4319500.743, 105
Trd, 4319501.543, 88
Trd, 4319502.243, 62
Trd, 4319503.193, 76
Trd, 4319503.493, 71
Trd, 4319504.243, 60
Trd, 4319505.443, 118
Trd, 4319506.293, 68
Trd, 4319507.043, 63
Trd, 4319508.193, 83
Trd, 4319508.443, 69
Trd, 4319508.743, 114
Trd, 4319508.943, 70
Trd, 4319510.643, 140
Trd, 4319510.893, 140
Trd, 4319511.593, 139
Trd, 4319514.143, 140
Trd, 4319515.143, 140
Trd, 4319515.193, 140
Trd, 4319515.743, 140
Trd, 4319516.843, 140
Trd, 4319516.893, 140
Trd, 4319518.893, 140
Trd, 4319520.143, 140
Trd, 4319520.893, 140
Trd, 4319521.043, 140
Trd, 4319522.143, 140
Trd, 4319522.893, 140
Trd, 4319523.143, 140
Trd, 4319523.493, 121
Trd, 4319524.443, 139
Trd, 4319525.393, 140
Trd, 4319526.193, 140
Trd, 4319527.043, 140
Trd, 4319527.993, 140
Trd, 4319528.393, 139
Trd, 4319528.593, 140
Trd, 4319529.443, 139
Trd, 4319529.543, 110
Trd, 4319529.993, 107
Trd, 4319530.393, 135
Trd, 4319531.043, 139
Trd, 4319532.093, 78
Trd, 4319532.143, 102
Trd, 4319533.093, 132
Trd, 4319533.293, 124
Trd, 4319535.043, 62
Trd, 4319535.843, 66
Trd, 4319536.593, 140
Trd, 4319536.993, 139
Trd, 4319539.493, 140
Trd, 4319539.593, 140
Trd, 4319540.243, 140
Trd, 4319540.493, 140
Trd, 4319541.443, 140
Trd, 4319542.443, 140
Trd, 4319542.843, 114
Trd, 4319543.093, 113
Trd, 4319544.643, 140
Trd, 4319545.743, 139
Trd, 4319547.043, 139
Trd, 4319547.643, 140
Trd, 4319547.893, 124
Trd, 4319548.143, 129
Trd, 4319548.793, 139
Trd, 4319549.743, 137
Trd, 4319551.643, 120
Trd, 4319552.843, 140
Trd, 4319553.693, 140
Trd, 4319554.493, 140
Trd, 4319554.693, 136
Trd, 4319555.593, 111
Trd, 4319556.193, 107
Trd, 4319558.443, 140
Trd, 4319558.893, 140
Trd, 4319559.093, 137
Trd, 4319559.393, 133
Trd, 4319562.143, 134
Trd, 4319562.243, 76
Trd, 4319563.143, 140
Trd, 4319563.193, 140
Trd, 4319564.193, 140
Trd, 4319564.293, 139
Trd, 4319565.993, 139
Trd, 4319567.393, 140
Trd, 4319568.293, 117
Trd, 4319570.143, 140
Trd, 4319571.243, 140
Trd, 4319571.493, 125
Trd, 4319571.893, 130
Trd, 4319573.693, 140
Trd, 4319574.043, 140
Trd, 4319574.293, 140
Trd, 4319574.743, 137
Trd, 4319574.793, 111
Trd, 4319575.443, 140
Trd, 4319576.593, 136
Trd, 4319577.943, 140
Trd, 4319578.243, 140
Trd, 4319578.443, 107
Trd, 4319579.293, 115
Trd, 4319579.993, 140
Trd, 4319581.943, 140
Trd, 4319582.193, 140
Trd, 4319582.893, 140
Trd, 4319583.493, 140
Trd, 4319584.643, 140
Trd, 4319584.693, 127
Trd, 4319585.143, 98
Trd, 4319585.993, 140
Trd, 4319586.443, 140
Trd, 4319586.643, 140
Trd, 4319588.343, 140
Trd, 4319588.593, 140
Trd, 4319589.043, 140
Trd, 4319590.543, 140
Trd, 4319591.243, 140
Trd, 4319591.493, 140
Trd, 4319592.143, 139
Trd, 4319594.043, 140
Trd, 4319594.493, 135
Trd, 4319594.843, 105
Trd, 4319595.043, 101
Trd, 4319596.943, 65
Trd, 4319598.643, 140
Trd, 4319599.143, 140
Trd, 4319601.193, 140
Trd, 4319601.793, 140
Trd, 4319601.993, 140
Trd, 4319602.993, 140
Trd, 4319603.243, 140
Trd, 4319605.093, 139
Trd, 4319608.193, 140
Trd, 4319609.093, 140
Trd, 4319609.343, 140
Trd, 4319609.843, 139
Trd, 4319611.193, 140
Trd, 4319611.393, 140
Trd, 4319612.843, 116
Trd, 4319613.493, 139
Trd, 4319614.393, 116
Trd, 4319614.743, 81
Trd, 4319614.993, 91
Trd, 4319615.943, 137
Trd, 4319616.693, 80
Trd, 4319618.693, 138
Trd, 4319619.593, 137
Trd, 4319619.793, 114
Trd, 4319620.043, 93
Trd, 4319620.193, 81
Trd, 4319622.543, 140
Trd, 4319622.843, 140
Trd, 4319624.493, 140
Trd, 4319624.593, 140
Trd, 4319624.993, 140
Trd, 4319625.393, 139
Trd, 4319626.443, 140
Trd, 4319626.493, 136
Trd, 4319626.743, 108
Trd, 4319627.543, 139
Trd, 4319629.293, 131
Trd, 4319629.943, 89
Trd, 4319632.543, 140
Trd, 4319633.693, 140
Trd, 4319633.893, 140
Trd, 4319633.943, 140
Trd, 4319634.043, 140
Trd, 4319635.343, 140
Trd, 4319635.493, 140
Trd, 4319635.743, 140
Trd, 4319636.643, 139
Trd, 4319637.043, 119
Trd, 4319637.893, 138
Trd, 4319639.793, 140
Trd, 4319640.293, 137
Trd, 4319641.093, 140
Trd, 4319641.193, 139
Trd, 4319642.493, 129
Trd, 4319643.643, 140
Trd, 4319643.693, 128
Trd, 4319645.143, 140
Trd, 4319645.443, 124
Trd, 4319645.693, 138
Trd, 4319647.093, 93
Trd, 4319648.843, 139
Trd, 4319649.543, 139
Trd, 4319649.743, 138
Trd, 4319650.493, 121
Trd, 4319651.593, 140
Trd, 4319651.993, 121
Trd, 4319652.593, 119
Trd, 4319654.443, 140
Trd, 4319654.543, 140
Trd, 4319655.093, 139
Trd, 4319655.293, 139
Trd, 4319656.943, 140
Trd, 4319658.193, 140
Trd, 4319658.693, 140
Trd, 4319659.343, 140
Trd, 4319659.843, 131
Trd, 4319660.693, 98
Trd, 4319663.243, 140
Trd, 4319663.293, 140
Trd, 4319664.593, 139
Trd, 4319664.793, 139
Trd, 4319666.243, 140
Trd, 4319666.293, 136
Trd, 4319666.693, 129
Trd, 4319667.193, 100
Trd, 4319668.043, 135
Trd, 4319669.093, 140
Trd, 4319669.343, 93
Trd, 4319669.793, 119
Trd, 4319670.343, 97
Trd, 4319670.843, 95
Trd, 4319671.843, 140
Trd, 4319673.343, 70
Trd, 4319674.043, 131
Trd, 4319674.443, 133
Trd, 4319674.593, 140
Trd, 4319674.893, 108
Trd, 4319675.393, 140
Trd, 4319675.943, 107
Trd, 4319677.443, 140
Trd, 4319677.493, 140
Trd, 4319678.193, 117
Trd, 4319680.343, 140
Trd, 4319681.743, 140
Trd, 4319682.393, 140
Trd, 4319684.293, 140
Trd, 4319684.743, 140
Trd, 4319685.293, 137
Trd, 4319685.393, 136
Trd, 4319686.393, 140
Trd, 4319688.043, 140
Trd, 4319689.143, 140
Trd, 4319689.943, 139
Trd, 4319691.593, 138
Trd, 4319692.843, 134
Trd, 4319693.193, 100
Trd, 4319694.343, 140
Trd, 4319694.643, 140
Trd, 4319694.743, 140
Trd, 4319695.793, 140
Trd, 4319696.893, 140
Trd, 4319696.943, 140
Trd, 4319698.043, 140
Trd, 4319699.643, 140
Trd, 4319699.843, 140
Trd, 4319700.343, 137
Trd, 4319700.593, 102
Trd, 4319701.893, 140
Trd, 4319701.993, 138
Trd, 4319704.343, 140
Trd, 4319704.493, 140
Trd, 4319704.993, 140
Trd, 4319705.493, 138
Trd, 4319706.993, 140
Trd, 4319707.393, 140
Trd, 4319708.743, 140
Trd, 4319709.243, 140
Trd, 4319710.043, 140
Trd, 4319710.643, 140
Trd, 4319711.543, 140
Trd, 4319712.743, 139
Trd, 4319714.443, 140
Trd, 4319714.843, 140
Trd, 4319714.993, 123
Trd, 4319716.093, 140
Trd, 4319717.793, 138
Trd, 4319718.043, 138
Trd, 4319719.093, 124
Trd, 4319719.243, 122
Trd, 4319720.993, 137
Trd, 4319721.343, 140
Trd, 4319722.593, 120
Trd, 4319723.193, 117
Trd, 4319723.343, 108
Trd, 4319723.943, 64
Trd, 4319724.643, 140
Trd, 4319726.093, 139
Trd, 4319726.543, 138
Trd, 4319728.043, 140
Trd, 4319728.443, 140
Trd, 4319728.493, 138
Trd, 4319729.643, 140
Trd, 4319730.493, 140
Trd, 4319731.643, 140
Trd, 4319731.943, 139
Trd, 4319732.343, 105
Trd, 4319733.143, 138
Trd, 4319733.693, 138
Trd, 4319733.743, 97
Trd, 4319734.693, 125
Trd, 4319737.393, 140
Trd, 4319737.793, 116
Trd, 4319738.843, 140
Trd, 4319739.143, 140
Trd, 4319741.393, 140
Trd, 4319741.793, 140
Trd, 4319742.343, 140
Trd, 4319743.993, 129
Trd, 4319744.443, 115
Trd, 4319744.543, 112
Trd, 4319744.943, 101
Trd, 4319745.043, 102
Trd, 4319745.443, 65
Trd, 4319746.593, 140
Trd, 4319748.393, 140
Trd, 4319749.293, 140
Trd, 4319749.593, 140
Trd, 4319749.943, 140
Trd, 4319750.393, 140
Trd, 4319750.593, 131
Trd, 4319751.193, 140
Trd, 4319751.393, 127
Trd, 4319751.793, 105
Trd, 4319753.543, 140
Trd, 4319753.643, 138
Trd, 4319754.043, 140
Trd, 4319755.143, 140
Trd, 4319755.993, 129
Trd, 4319756.243, 125
Trd, 4319757.393, 120
Trd, 4319759.193, 140
Trd, 4319759.243, 140
Trd, 4319759.943, 140
Trd, 4319760.393, 138
Trd, 4319760.643, 108
Trd, 4319760.843, 107
Trd, 4319761.693, 137
Trd, 4319762.893, 110
Trd, 4319764.043, 140
Trd, 4319764.793, 140
Trd, 4319765.093, 140
Trd, 4319765.893, 139
Trd, 4319766.193, 105
Trd, 4319766.343, 98
Trd, 4319766.593, 106
Trd, 4319767.593, 140
Trd, 4319767.893, 140
Trd, 4319768.093, 139
Trd, 4319769.443, 140
Trd, 4319769.943, 93
Trd, 4319771.093, 140
Trd, 4319773.343, 140
Trd, 4319774.693, 137
Trd, 4319774.743, 136
Trd, 4319774.843, 103
Trd, 4319776.393, 99
Trd, 4319776.543, 140
Trd, 4319776.993, 138
Trd, 4319777.043, 137
Trd, 4319778.143, 101
Trd, 4319779.193, 140
Trd, 4319780.193, 140
Trd, 4319781.843, 140
Trd, 4319782.443, 139
Trd, 4319782.743, 126
Trd, 4319785.493, 140
Trd, 4319786.193, 140
Trd, 4319786.543, 140
Trd, 4319788.993, 140
Trd, 4319789.943, 140
Trd, 4319790.693, 140
Trd, 4319792.093, 140
Trd, 4319792.743, 140
Trd, 4319793.043, 140
Trd, 4319793.593, 139
Trd, 4319793.743, 129
Trd, 4319793.943, 122
Trd, 4319795.043, 120
Trd, 4319795.993, 119
Trd, 4319796.293, 106
Trd, 4319796.643, 138
Trd, 4319797.293, 62
Trd, 4319798.143, 60
Trd, 4319798.943, 63
Trd, 4319799.093, 100
Trd, 4319799.243, 130
Trd, 4319799.793, 71
Trd, 4319800.243, 67
Trd, 4319800.893, 140
Trd, 4319801.043, 121
Trd, 4319802.393, 65
Trd, 4319802.693, 104
Trd, 4319803.593, 61
Trd, 4319804.643, 112
Trd, 4319806.393, 140
Trd, 4319806.493, 138
Trd, 4319806.843, 139
Trd, 4319808.643, 140
Trd, 4319808.743, 139
Trd, 4319808.943, 99
Trd, 4319810.143, 140
Trd, 4319810.743, 93
Trd, 4319812.193, 140
Trd, 4319812.593, 139
Trd, 4319813.443, 106
Trd, 4319814.193, 139
Trd, 4319814.443, 84
Trd, 4319816.393, 140
Trd, 4319816.443, 112
Trd, 4319817.093, 140
Trd, 4319818.293, 139
Trd, 4319818.593, 139
Trd, 4319819.243, 139
Trd, 4319819.493, 136
Trd, 4319820.193, 93
Trd, 4319820.743, 135
Trd, 4319821.343, 113
Trd, 4319822.243, 85
Trd, 4319823.043, 139
Trd, 4319824.243, 140
Trd, 4319824.843, 138
Trd, 4319825.043, 140
Trd, 4319825.293, 137
Trd, 4319829.193, 140
Trd, 4319829.843, 140
Trd, 4319831.193, 140
Trd, 4319831.593, 140
Trd, 4319832.393, 140
Trd, 4319833.843, 140
Trd, 4319834.793, 140
Trd, 4319835.043, 140
Trd, 4319835.743, 139
Trd, 4319836.143, 140
Trd, 4319837.693, 140
Trd, 4319839.043, 140
Trd, 4319840.393, 139
Trd, 4319840.493, 138
Trd, 4319840.743, 123
Trd, 4319842.043, 138
Trd, 4319842.993, 140
Trd, 4319844.343, 140
Trd, 4319845.443, 139
Trd, 4319845.543, 139
Trd, 4319846.843, 139
Trd, 4319847.643, 98
Trd, 4319847.693, 90
Trd, 4319848.293, 85
Trd, 4319850.143, 138
Trd, 4319851.393, 140
Trd, 4319852.493, 140
Trd, 4319852.993, 139
Trd, 4319853.293, 140
Trd, 4319853.943, 140
Trd, 4319854.993, 118
Trd, 4319855.193, 116
Trd, 4319856.243, 99
Trd, 4319856.593, 78
Trd, 4319858.393, 140
Trd, 4319858.443, 112
Trd, 4319859.193, 140
Trd, 4319859.243, 137
Trd, 4319859.443, 122
Trd, 4319860.643, 103
Trd, 4319862.043, 60
Trd, 4319862.393, 61
Trd, 4319863.643, 67
Trd, 4319866.193, 140
Trd, 4319866.243, 140
Trd, 4319866.443, 138
Trd, 4319866.893, 140
Trd, 4319867.393, 135
Trd, 4319868.493, 115
Trd, 4319870.693, 140
Trd, 4319871.193, 139
Trd, 4319871.993, 132
Trd, 4319872.243, 124
Trd, 4319873.443, 140
Trd, 4319874.243, 140
Trd, 4319874.693, 140
Trd, 4319876.293, 140
Trd, 4319877.843, 139
Trd, 4319878.693, 140
Trd, 4319879.093, 140
Trd, 4319879.943, 140
Trd, 4319880.493, 140
Trd, 4319881.793, 140
Trd, 4319882.243, 139
Trd, 4319884.393, 140
Trd, 4319884.543, 96
Trd, 4319885.243, 140
Trd, 4319885.393, 138
Trd, 4319885.493, 121
Trd, 4319887.643, 140
Trd, 4319887.793, 138
Trd, 4319888.043, 130
Trd, 4319889.593, 99
Trd, 4319890.093, 86
Trd, 4319890.893, 140
Trd, 4319891.043, 137
Trd, 4319891.893, 114
Trd, 4319893.143, 140
Trd, 4319893.293, 140
Trd, 4319894.543, 139
Trd, 4319894.593, 104
Trd, 4319894.693, 99
Trd, 4319895.343, 70
Trd, 4319896.843, 104
Trd, 4319897.043, 126
Trd, 4319898.193, 117
Trd, 4319898.843, 116
Trd, 4319899.993, 115
Trd, 4319900.893, 107
Trd, 4319902.293, 139
Trd, 4319902.443, 138
Trd, 4319902.493, 126
Trd, 4319902.943, 140
Trd, 4319904.043, 139
Trd, 4319904.743, 138
Trd, 4319906.743, 140
Trd, 4319907.143, 140
Trd, 4319908.343, 140
Trd, 4319909.143, 139
Trd, 4319909.593, 139
Trd, 4319911.393, 140
Trd, 4319912.393, 140
Trd, 4319912.493, 139
Trd, 4319913.243, 138
Trd, 4319913.993, 140
Trd, 4319914.143, 140
Trd, 4319914.243, 127
Trd, 4319914.843, 106
Trd, 4319916.143, 79
Trd, 4319916.493, 80
Trd, 4319916.993, 88
Trd, 4319917.093, 70
Trd, 4319917.293, 127
Trd, 4319918.793, 140
Trd, 4319920.393, 140
Trd, 4319921.543, 140
Trd, 4319923.543, 140
Trd, 4319923.843, 140
Trd, 4319923.893, 140
Trd, 4319925.043, 140
Trd, 4319925.343, 140
Trd, 4319928.093, 140
Trd, 4319928.293, 140
Trd, 4319929.093, 140
Trd, 4319929.693, 140
Trd, 4319929.793, 140
Trd, 4319930.793, 140
Trd, 4319931.243, 140
Trd, 4319933.693, 139
Trd, 4319934.193, 140
Trd, 4319935.393, 140
Trd, 4319935.993, 140
Trd, 4319936.393, 113
Trd, 4319936.543, 95
Trd, 4319937.093, 73
Trd, 4319937.793, 67
Trd, 4319937.843, 68
Trd, 4319940.143, 140
Trd, 4319940.593, 140
Trd, 4319941.593, 140
Trd, 4319943.543, 140
Trd, 4319944.393, 140
Trd, 4319945.993, 140
Trd, 4319946.543, 140
Trd, 4319946.843, 140
Trd, 4319947.393, 140
Trd, 4319949.693, 140
Trd, 4319950.143, 140
Trd, 4319950.943, 140
Trd, 4319951.343, 138
Trd, 4319951.693, 137
Trd, 4319951.943, 124
Trd, 4319952.243, 85
Trd, 4319953.243, 101
Trd, 4319955.993, 140
Trd, 4319956.243, 133
Trd, 4319956.793, 114
Trd, 4319959.343, 140
Trd, 4319959.693, 140
Trd, 4319960.543, 140
Trd, 4319960.893, 139
Trd, 4319962.443, 139
Trd, 4319962.793, 137
Trd, 4319962.893, 121
Trd, 4319963.143, 126
Trd, 4319963.293, 140
Trd, 4319963.343, 101
Trd, 4319965.793, 140
Trd, 4319967.143, 140
Trd, 4319968.443, 140
Trd, 4319968.543, 140
Trd, 4319969.943, 140
Trd, 4319969.993, 140
Trd, 4319970.193, 139
Trd, 4319972.193, 139
Trd, 4319973.143, 140
Trd, 4319973.243, 140
Trd, 4319973.593, 139
Trd, 4319975.543, 140
Trd, 4319976.043, 139
Trd, 4319976.143, 92
Trd, 4319977.943, 116
Trd, 4319978.543, 119
Trd, 4319978.843, 140
Trd, 4319979.443, 140
Trd, 4319980.643, 140
Trd, 4319980.843, 138
Trd, 4319981.343, 116
Trd, 4319982.343, 97
Trd, 4319982.943, 140
Trd, 4319983.143, 114
Trd, 4319984.543, 140
Trd, 4319985.493, 140
Trd, 4319986.443, 140
Trd, 4319986.593, 140
Trd, 4319987.243, 136
Trd, 4319987.343, 105
Trd, 4319988.493, 140
Trd, 4319988.943, 140
Trd, 4319989.343, 140
Trd, 4319989.393, 139
Trd, 4319991.193, 121
Trd, 4319991.343, 99
Trd, 4319992.293, 92
Trd, 4319993.643, 140
Trd, 4319993.843, 140
Trd, 4319995.243, 140
Trd, 4319996.493, 139
Trd, 4319996.693, 139
Trd, 4319997.993, 140
Trd, 4319998.243, 140
Trd, 4319999.293, 92
