Trd, 4318097.043, 118
Trd, 4318097.393, 131
Trd, 4318098.193, 84
Trd, 4318098.343, 113
Trd, 4318099.043, 136
Trd, 4318099.093, 73
Trd, 4318100.143, 63
Trd, 4318101.143, 131
Trd, 4318101.943, 132
Trd, 4318102.443, 124
Trd, 4318103.193, 128
Trd, 4318103.243, 86
Trd, 4318104.143, 98
Trd, 4318105.043, 135
Trd, 4318105.543, 123
Trd, 4318105.893, 116
Trd, 4318107.493, 76
Trd, 4318108.143, 127
Trd, 4318108.643, 95
Trd, 4318112.043, 109
Trd, 4318112.443, 109
Trd, 4318112.593, 107
Trd, 4318112.643, 98
Trd, 4318112.843, 94
Trd, 4318113.893, 78
Trd, 4318114.543, 136
Trd, 4318116.343, 121
Trd, 4318116.743, 111
Trd, 4318117.343, 109
Trd, 4318117.493, 84
Trd, 4318118.343, 139
Trd, 4318120.693, 121
Trd, 4318120.793, 118
Trd, 4318121.293, 137
Trd, 4318122.043, 88
Trd, 4318122.843, 78
Trd, 4318123.043, 75
Trd, 4318123.093, 85
Trd, 4318124.443, 128
Trd, 4318125.893, 117
Trd, 4318126.193, 129
Trd, 4318127.093, 114
Trd, 4318127.193, 102
Trd, 4318127.443, 108
Trd, 4318128.793, 124
Trd, 4318130.793, 122
Trd, 4318131.493, 133
Trd, 4318132.093, 97
Trd, 4318132.643, 127
Trd, 4318132.993, 123
Trd, 4318133.443, 85
Trd, 4318133.643, 95
Trd, 4318134.093, 117
Trd, 4318134.643, 115
Trd, 4318135.293, 87
Trd, 4318135.643, 61
Trd, 4318137.943, 85
Trd, 4318138.693, 84
Trd, 4318139.643, 130
Trd, 4318140.893, 130
Trd, 4318141.743, 67
Trd, 4318142.193, 95
Trd, 4318143.293, 104
Trd, 4318143.443, 83
Trd, 4318144.293, 73
Trd, 4318145.393, 93
Trd, 4318146.443, 127
Trd, 4318146.693, 106
Trd, 4318148.943, 136
Trd, 4318149.093, 127
Trd, 4318149.743, 124
Trd, 4318150.793, 101
Trd, 4318151.043, 76
Trd, 4318151.343, 69
Trd, 4318151.893, 123
Trd, 4318152.943, 86
Trd, 4318154.043, 113
Trd, 4318154.943, 130
Trd, 4318155.043, 122
Trd, 4318156.243, 102
Trd, 4318158.193, 134
Trd, 4318158.843, 107
Trd, 4318159.043, 94
Trd, 4318159.893, 92
Trd, 4318160.093, 90
Trd, 4318161.043, 108
Trd, 4318161.343, 132
Trd, 4318161.643, 116
Trd, 4318162.493, 139
Trd, 4318162.993, 135
Trd, 4318163.393, 121
Trd, 4318164.343, 136
Trd, 4318165.143, 114
Trd, 4318166.293, 112
Trd, 4318166.493, 103
Trd, 4318166.843, 61
Trd, 4318166.893, 68
Trd, 4318168.943, 132
Trd, 4318169.293, 128
Trd, 4318169.793, 135
Trd, 4318169.943, 103
Trd, 4318170.293, 74
Trd, 4318171.293, 61
Trd, 4318171.993, 118
Trd, 4318172.843, 99
Trd, 4318174.043, 73
Trd, 4318175.143, 84
Trd, 4318175.393, 100
Trd, 4318176.543, 90
Trd, 4318177.443, 91
Trd, 4318178.043, 122
Trd, 4318178.293, 90
Trd, 4318178.643, 97
Trd, 4318179.043, 131
Trd, 4318179.493, 118
Trd, 4318180.993, 91
Trd, 4318181.243, 80
Trd, 4318183.943, 85
Trd, 4318184.093, 122
Trd, 4318185.093, 128
Trd, 4318185.243, 120
Trd, 4318185.643, 105
Trd, 4318186.793, 66
Trd, 4318186.893, 89
Trd, 4318188.993, 131
Trd, 4318189.243, 117
Trd, 4318190.043, 127
Trd, 4318190.243, 87
Trd, 4318190.343, 133
Trd, 4318190.843, 121
Trd, 4318194.843, 137
Trd, 4318195.193, 133
Trd, 4318195.593, 118
Trd, 4318195.743, 104
Trd, 4318196.393, 100
Trd, 4318197.143, 119
Trd, 4318197.493, 116
Trd, 4318198.543, 111
Trd, 4318198.643, 109
Trd, 4318199.143, 113
Trd, 4318199.643, 107
Trd, 4318200.793, 134
Trd, 4318201.443, 95
Trd, 4318201.893, 86
Trd, 4318202.593, 99
Trd, 4318202.693, 87
Trd, 4318204.093, 136
Trd, 4318204.543, 71
Trd, 4318205.643, 139
Trd, 4318205.993, 98
Trd, 4318206.443, 93
Trd, 4318206.893, 86
Trd, 4318208.093, 122
Trd, 4318208.593, 98
Trd, 4318210.143, 129
Trd, 4318211.193, 122
Trd, 4318211.543, 127
Trd, 4318212.293, 129
Trd, 4318212.643, 136
Trd, 4318213.143, 98
Trd, 4318214.543, 129
Trd, 4318216.043, 137
Trd, 4318216.243, 133
Trd, 4318216.393, 124
Trd, 4318217.193, 78
Trd, 4318218.093, 103
Trd, 4318218.393, 84
Trd, 4318218.493, 110
Trd, 4318218.943, 101
Trd, 4318219.493, 61
Trd, 4318220.643, 96
Trd, 4318221.343, 137
Trd, 4318221.693, 125
Trd, 4318223.093, 119
Trd, 4318224.693, 133
Trd, 4318224.743, 119
Trd, 4318225.993, 117
Trd, 4318226.143, 90
Trd, 4318227.043, 107
Trd, 4318228.693, 120
Trd, 4318229.993, 119
Trd, 4318231.493, 135
Trd, 4318232.293, 131
Trd, 4318233.193, 138
Trd, 4318233.993, 133
Trd, 4318234.193, 130
Trd, 4318234.443, 126
Trd, 4318235.293, 123
Trd, 4318235.393, 105
Trd, 4318237.243, 122
Trd, 4318237.543, 105
Trd, 4318238.193, 61
Trd, 4318238.443, 93
Trd, 4318238.993, 61
Trd, 4318239.893, 119
Trd, 4318240.493, 89
Trd, 4318241.793, 128
Trd, 4318244.143, 133
Trd, 4318244.293, 130
Trd, 4318244.993, 121
Trd, 4318245.693, 138
Trd, 4318246.243, 134
Trd, 4318246.493, 108
Trd, 4318246.893, 106
Trd, 4318247.493, 97
Trd, 4318248.893, 107
Trd, 4318249.093, 123
Trd, 4318251.793, 135
Trd, 4318252.693, 102
Trd, 4318253.293, 136
Trd, 4318254.743, 125
Trd, 4318255.893, 139
Trd, 4318256.143, 135
Trd, 4318256.193, 133
Trd, 4318256.693, 100
Trd, 4318258.043, 104
Trd, 4318258.743, 88
Trd, 4318258.893, 82
Trd, 4318259.243, 98
Trd, 4318259.293, 106
Trd, 4318260.193, 91
Trd, 4318261.793, 119
Trd, 4318261.993, 99
Trd, 4318262.543, 84
Trd, 4318263.493, 76
Trd, 4318263.943, 124
Trd, 4318264.643, 122
Trd, 4318265.443, 110
Trd, 4318266.143, 106
Trd, 4318266.593, 88
Trd, 4318268.093, 60
Trd, 4318268.543, 99
Trd, 4318268.593, 110
Trd, 4318269.443, 90
Trd, 4318269.743, 80
Trd, 4318270.643, 131
Trd, 4318271.843, 134
Trd, 4318272.243, 107
Trd, 4318272.643, 100
Trd, 4318274.593, 129
Trd, 4318275.793, 127
Trd, 4318275.843, 123
Trd, 4318276.693, 135
Trd, 4318276.893, 102
Trd, 4318277.143, 91
Trd, 4318278.043, 131
Trd, 4318278.193, 127
Trd, 4318278.793, 126
Trd, 4318279.343, 101
Trd, 4318280.193, 140
Trd, 4318281.193, 115
Trd, 4318282.543, 130
Trd, 4318282.643, 124
Trd, 4318284.043, 119
Trd, 4318284.193, 93
Trd, 4318285.043, 78
Trd, 4318286.193, 73
Trd, 4318287.143, 133
Trd, 4318287.593, 92
Trd, 4318288.493, 74
Trd, 4318289.893, 96
Trd, 4318290.743, 126
Trd, 4318291.093, 119
Trd, 4318291.893, 98
Trd, 4318292.143, 93
Trd, 4318292.443, 106
Trd, 4318294.843, 83
Trd, 4318294.893, 89
Trd, 4318295.393, 115
Trd, 4318295.793, 83
Trd, 4318296.093, 131
Trd, 4318297.893, 125
Trd, 4318298.443, 112
Trd, 4318298.693, 109
Trd, 4318300.243, 76
Trd, 4318300.893, 94
Trd, 4318301.043, 98
Trd, 4318301.643, 126
Trd, 4318302.793, 133
Trd, 4318303.143, 137
Trd, 4318305.043, 91
Trd, 4318305.143, 90
Trd, 4318305.743, 110
Trd, 4318306.643, 126
Trd, 4318307.843, 85
Trd, 4318308.393, 136
Trd, 4318308.693, 130
Trd, 4318308.993, 132
Trd, 4318309.243, 66
Trd, 4318310.443, 74
Trd, 4318310.893, 80
Trd, 4318311.343, 97
Trd, 4318311.543, 72
Trd, 4318313.793, 134
Trd, 4318314.793, 121
Trd, 4318315.143, 103
Trd, 4318315.243, 77
Trd, 4318315.343, 77
Trd, 4318316.043, 76
Trd, 4318318.943, 103
Trd, 4318319.393, 83
Trd, 4318319.693, 125
Trd, 4318321.793, 109
Trd, 4318322.293, 104
Trd, 4318322.693, 82
Trd, 4318322.893, 97
Trd, 4318323.943, 122
Trd, 4318324.143, 116
Trd, 4318324.443, 111
Trd, 4318324.943, 90
Trd, 4318325.243, 96
Trd, 4318326.593, 107
Trd, 4318326.693, 85
Trd, 4318327.393, 118
Trd, 4318330.093, 103
Trd, 4318330.243, 100
Trd, 4318330.393, 127
Trd, 4318330.593, 68
Trd, 4318330.693, 64
Trd, 4318330.993, 93
Trd, 4318331.143, 131
Trd, 4318332.393, 94
Trd, 4318333.693, 109
Trd, 4318334.643, 127
Trd, 4318334.793, 130
Trd, 4318335.593, 100
Trd, 4318336.893, 109
Trd, 4318337.043, 92
Trd, 4318338.093, 132
Trd, 4318338.343, 130
Trd, 4318339.193, 123
Trd, 4318339.643, 120
Trd, 4318340.993, 90
Trd, 4318342.993, 118
Trd, 4318343.743, 123
Trd, 4318345.343, 136
Trd, 4318345.693, 130
Trd, 4318345.843, 113
Trd, 4318346.693, 113
Trd, 4318347.793, 117
Trd, 4318348.143, 129
Trd, 4318349.343, 102
Trd, 4318349.643, 81
Trd, 4318349.943, 114
Trd, 4318350.793, 127
Trd, 4318351.043, 99
Trd, 4318351.793, 98
Trd, 4318353.143, 84
Trd, 4318353.393, 131
Trd, 4318353.843, 132
Trd, 4318353.943, 128
Trd, 4318354.193, 116
Trd, 4318356.343, 103
Trd, 4318356.743, 137
Trd, 4318357.743, 106
Trd, 4318359.743, 120
Trd, 4318360.243, 118
Trd, 4318361.493, 118
Trd, 4318361.543, 128
Trd, 4318361.643, 115
Trd, 4318362.993, 129
Trd, 4318363.593, 120
Trd, 4318363.843, 102
Trd, 4318364.593, 90
Trd, 4318365.143, 138
Trd, 4318365.793, 88
Trd, 4318367.143, 132
Trd, 4318367.593, 135
Trd, 4318368.493, 140
Trd, 4318368.593, 135
Trd, 4318368.643, 105
Trd, 4318369.243, 90
Trd, 4318370.193, 119
Trd, 4318370.543, 105
Trd, 4318371.843, 108
Trd, 4318372.543, 120
Trd, 4318373.893, 136
Trd, 4318374.343, 115
Trd, 4318375.393, 118
Trd, 4318375.993, 99
Trd, 4318376.443, 126
Trd, 4318377.093, 125
Trd, 4318377.893, 135
Trd, 4318378.443, 124
Trd, 4318378.793, 97
Trd, 4318379.093, 96
Trd, 4318380.843, 94
Trd, 4318381.943, 132
Trd, 4318382.193, 128
Trd, 4318382.343, 103
Trd, 4318383.043, 140
Trd, 4318383.493, 139
Trd, 4318384.693, 140
Trd, 4318385.493, 136
Trd, 4318385.543, 120
Trd, 4318386.293, 116
Trd, 4318387.143, 114
Trd, 4318388.993, 129
Trd, 4318389.093, 125
Trd, 4318389.293, 124
Trd, 4318389.893, 104
Trd, 4318390.243, 99
Trd, 4318390.893, 96
Trd, 4318391.093, 84
Trd, 4318391.393, 123
Trd, 4318392.493, 96
Trd, 4318394.643, 131
Trd, 4318395.193, 125
Trd, 4318395.593, 127
Trd, 4318396.843, 72
Trd, 4318397.043, 108
Trd, 4318397.493, 123
Trd, 4318398.593, 102
Trd, 4318398.643, 93
Trd, 4318398.743, 91
Trd, 4318401.243, 116
Trd, 4318401.343, 90
Trd, 4318401.393, 90
Trd, 4318402.393, 79
Trd, 4318402.543, 131
Trd, 4318404.293, 129
Trd, 4318405.143, 129
Trd, 4318405.643, 79
Trd, 4318406.843, 64
Trd, 4318409.143, 99
Trd, 4318409.793, 105
Trd, 4318410.043, 84
Trd, 4318410.343, 128
Trd, 4318411.243, 121
Trd, 4318411.343, 105
Trd, 4318411.493, 98
Trd, 4318411.643, 93
Trd, 4318412.293, 74
Trd, 4318413.693, 98
Trd, 4318414.843, 95
Trd, 4318414.893, 105
Trd, 4318416.293, 75
Trd, 4318417.093, 125
Trd, 4318417.343, 118
Trd, 4318419.893, 136
Trd, 4318420.093, 113
Trd, 4318420.443, 103
Trd, 4318420.493, 100
Trd, 4318421.093, 126
Trd, 4318422.243, 61
Trd, 4318423.393, 127
Trd, 4318423.843, 92
Trd, 4318424.893, 103
Trd, 4318425.393, 132
Trd, 4318425.793, 129
Trd, 4318426.643, 128
Trd, 4318427.993, 100
Trd, 4318428.393, 121
Trd, 4318428.893, 76
Trd, 4318429.043, 68
Trd, 4318430.693, 123
Trd, 4318431.743, 116
Trd, 4318432.243, 123
Trd, 4318432.943, 106
Trd, 4318433.943, 107
Trd, 4318433.993, 100
Trd, 4318435.193, 128
Trd, 4318436.243, 132
Trd, 4318436.393, 117
Trd, 4318436.893, 140
Trd, 4318437.443, 116
Trd, 4318437.793, 96
Trd, 4318438.193, 71
Trd, 4318438.343, 66
Trd, 4318439.243, 83
Trd, 4318440.543, 138
Trd, 4318440.943, 131
Trd, 4318442.093, 65
Trd, 4318443.743, 89
Trd, 4318444.243, 104
Trd, 4318444.443, 101
Trd, 4318445.843, 127
Trd, 4318446.693, 123
Trd, 4318447.543, 121
Trd, 4318448.993, 119
Trd, 4318449.643, 125
Trd, 4318450.893, 127
Trd, 4318450.943, 108
Trd, 4318451.243, 107
Trd, 4318451.743, 109
Trd, 4318451.893, 94
Trd, 4318453.043, 139
Trd, 4318453.293, 135
Trd, 4318453.843, 117
Trd, 4318454.093, 110
Trd, 4318455.793, 115
Trd, 4318456.543, 97
Trd, 4318457.293, 69
Trd, 4318457.843, 132
Trd, 4318459.193, 111
Trd, 4318460.643, 112
Trd, 4318461.793, 99
Trd, 4318462.343, 83
Trd, 4318462.593, 87
Trd, 4318462.843, 113
Trd, 4318463.793, 83
Trd, 4318464.693, 101
Trd, 4318465.043, 135
Trd, 4318465.193, 103
Trd, 4318466.393, 63
Trd, 4318467.393, 122
Trd, 4318467.643, 119
Trd, 4318467.893, 117
Trd, 4318468.093, 92
Trd, 4318469.193, 118
Trd, 4318469.743, 106
Trd, 4318472.493, 125
Trd, 4318473.043, 132
Trd, 4318473.293, 130
Trd, 4318474.893, 106
Trd, 4318476.043, 139
Trd, 4318477.293, 136
Trd, 4318477.393, 130
Trd, 4318479.293, 130
Trd, 4318479.943, 126
Trd, 4318480.143, 120
Trd, 4318480.843, 105
Trd, 4318481.443, 97
Trd, 4318482.643, 131
Trd, 4318483.943, 133
Trd, 4318485.593, 133
Trd, 4318486.293, 129
Trd, 4318487.643, 130
Trd, 4318487.743, 133
Trd, 4318488.493, 132
Trd, 4318488.693, 110
Trd, 4318488.943, 96
Trd, 4318488.993, 88
Trd, 4318489.643, 124
Trd, 4318489.743, 74
Trd, 4318492.193, 66
Trd, 4318495.543, 85
Trd, 4318496.343, 136
Trd, 4318496.493, 128
Trd, 4318497.143, 102
Trd, 4318497.543, 106
Trd, 4318499.243, 110
Trd, 4318500.493, 130
Trd, 4318500.543, 122
Trd, 4318501.593, 131
Trd, 4318502.893, 132
Trd, 4318503.193, 128
Trd, 4318503.343, 103
Trd, 4318504.643, 117
Trd, 4318505.243, 136
Trd, 4318505.643, 126
Trd, 4318506.243, 137
Trd, 4318507.843, 139
Trd, 4318507.893, 108
Trd, 4318509.093, 130
Trd, 4318509.643, 137
Trd, 4318509.743, 137
Trd, 4318510.543, 74
Trd, 4318511.743, 97
Trd, 4318512.743, 111
Trd, 4318513.693, 82
Trd, 4318515.193, 117
Trd, 4318516.643, 97
Trd, 4318517.043, 131
Trd, 4318517.693, 122
Trd, 4318518.443, 94
Trd, 4318518.743, 77
Trd, 4318519.143, 95
Trd, 4318519.243, 133
Trd, 4318521.193, 75
Trd, 4318521.643, 106
Trd, 4318521.743, 105
Trd, 4318522.843, 117
Trd, 4318522.893, 98
Trd, 4318523.193, 110
Trd, 4318525.093, 123
Trd, 4318525.943, 89
Trd, 4318527.043, 84
Trd, 4318527.643, 98
Trd, 4318527.743, 72
Trd, 4318528.443, 68
Trd, 4318528.693, 69
Trd, 4318529.193, 107
Trd, 4318529.593, 114
Trd, 4318529.793, 81
Trd, 4318530.893, 139
Trd, 4318531.093, 84
Trd, 4318532.393, 78
Trd, 4318532.843, 60
Trd, 4318533.543, 106
Trd, 4318533.893, 83
Trd, 4318534.643, 78
Trd, 4318535.443, 65
Trd, 4318537.443, 90
Trd, 4318537.593, 89
Trd, 4318538.443, 137
Trd, 4318539.143, 68
Trd, 4318539.793, 87
Trd, 4318539.943, 133
Trd, 4318541.693, 64
Trd, 4318542.693, 92
Trd, 4318542.793, 103
Trd, 4318543.443, 68
Trd, 4318543.943, 65
Trd, 4318544.743, 75
Trd, 4318545.293, 89
Trd, 4318546.693, 123
Trd, 4318547.193, 121
Trd, 4318547.343, 114
Trd, 4318548.393, 91
Trd, 4318549.343, 108
Trd, 4318549.993, 76
Trd, 4318550.343, 75
Trd, 4318551.143, 99
Trd, 4318552.843, 83
Trd, 4318553.543, 119
Trd, 4318553.843, 98
Trd, 4318554.043, 107
Trd, 4318554.843, 96
Trd, 4318555.843, 132
Trd, 4318556.293, 94
Trd, 4318558.343, 124
Trd, 4318558.843, 113
Trd, 4318559.193, 107
Trd, 4318559.293, 101
Trd, 4318561.493, 125
Trd, 4318561.693, 113
Trd, 4318562.693, 99
Trd, 4318563.593, 116
Trd, 4318563.943, 98
Trd, 4318564.443, 81
Trd, 4318565.493, 96
Trd, 4318565.643, 130
Trd, 4318565.993, 86
Trd, 4318567.643, 119
Trd, 4318567.843, 128
Trd, 4318568.193, 106
Trd, 4318569.593, 109
Trd, 4318570.093, 111
Trd, 4318570.843, 102
Trd, 4318571.543, 101
Trd, 4318571.943, 114
Trd, 4318572.243, 118
Trd, 4318572.493, 102
Trd, 4318572.943, 97
Trd, 4318573.493, 62
Trd, 4318573.993, 124
Trd, 4318575.593, 137
Trd, 4318576.143, 135
Trd, 4318577.043, 116
Trd, 4318578.043, 130
Trd, 4318578.443, 126
Trd, 4318579.643, 121
Trd, 4318579.793, 114
Trd, 4318580.393, 92
Trd, 4318581.593, 130
Trd, 4318581.743, 109
Trd, 4318583.243, 130
Trd, 4318584.043, 128
Trd, 4318584.393, 118
Trd, 4318584.893, 112
Trd, 4318585.093, 109
Trd, 4318586.993, 90
Trd, 4318587.143, 135
Trd, 4318587.943, 64
Trd, 4318588.593, 122
Trd, 4318589.193, 109
Trd, 4318590.043, 116
Trd, 4318590.393, 109
Trd, 4318592.093, 101
Trd, 4318592.793, 123
Trd, 4318593.993, 121
Trd, 4318595.893, 134
Trd, 4318597.993, 136
Trd, 4318598.043, 132
Trd, 4318598.143, 122
Trd, 4318598.893, 125
Trd, 4318599.493, 115
Trd, 4318599.543, 105
Trd, 4318600.343, 67
Trd, 4318602.443, 132
Trd, 4318602.693, 115
Trd, 4318603.393, 112
Trd, 4318605.093, 137
Trd, 4318606.193, 137
Trd, 4318606.243, 137
Trd, 4318606.293, 124
Trd, 4318607.093, 115
Trd, 4318607.493, 103
Trd, 4318607.743, 125
Trd, 4318608.243, 115
Trd, 4318608.393, 107
Trd, 4318610.193, 140
Trd, 4318610.943, 108
Trd, 4318613.693, 132
Trd, 4318614.143, 128
Trd, 4318614.843, 123
Trd, 4318615.843, 109
Trd, 4318617.393, 126
Trd, 4318618.193, 136
Trd, 4318619.043, 102
Trd, 4318619.243, 91
Trd, 4318619.793, 132
Trd, 4318620.893, 129
Trd, 4318621.143, 114
Trd, 4318622.243, 123
Trd, 4318622.793, 117
Trd, 4318623.443, 130
Trd, 4318623.843, 122
Trd, 4318624.443, 135
Trd, 4318626.493, 113
Trd, 4318626.893, 135
Trd, 4318626.943, 96
Trd, 4318627.293, 114
Trd, 4318628.693, 119
Trd, 4318630.143, 139
Trd, 4318631.093, 118
Trd, 4318631.143, 115
Trd, 4318631.893, 134
Trd, 4318632.793, 114
Trd, 4318633.393, 84
Trd, 4318633.743, 99
Trd, 4318635.343, 90
Trd, 4318636.393, 84
Trd, 4318637.493, 95
Trd, 4318637.993, 86
Trd, 4318638.393, 82
Trd, 4318639.193, 73
Trd, 4318639.343, 70
Trd, 4318640.943, 79
Trd, 4318641.043, 109
Trd, 4318641.393, 74
Trd, 4318641.643, 67
Trd, 4318642.243, 138
Trd, 4318643.593, 138
Trd, 4318644.093, 134
Trd, 4318645.043, 87
Trd, 4318645.193, 102
Trd, 4318647.743, 121
Trd, 4318647.993, 116
Trd, 4318648.743, 121
Trd, 4318650.293, 123
Trd, 4318651.743, 132
Trd, 4318652.193, 101
Trd, 4318652.593, 117
Trd, 4318652.693, 90
Trd, 4318653.543, 86
Trd, 4318654.143, 104
Trd, 4318655.893, 104
Trd, 4318656.743, 137
Trd, 4318657.243, 131
Trd, 4318658.343, 136
Trd, 4318659.443, 130
Trd, 4318661.143, 92
Trd, 4318661.393, 126
Trd, 4318661.893, 117
Trd, 4318662.343, 121
Trd, 4318663.493, 113
Trd, 4318663.843, 78
Trd, 4318664.043, 115
Trd, 4318664.493, 89
Trd, 4318664.843, 85
Trd, 4318665.443, 123
Trd, 4318665.643, 139
Trd, 4318666.143, 131
Trd, 4318668.043, 112
Trd, 4318668.793, 128
Trd, 4318669.893, 96
Trd, 4318670.143, 92
Trd, 4318670.343, 124
Trd, 4318671.343, 92
Trd, 4318672.043, 80
Trd, 4318673.493, 88
Trd, 4318673.793, 129
Trd, 4318674.393, 128
Trd, 4318675.193, 135
Trd, 4318676.693, 139
Trd, 4318679.043, 127
Trd, 4318679.193, 137
Trd, 4318679.893, 112
Trd, 4318681.293, 132
Trd, 4318681.793, 119
Trd, 4318683.593, 114
Trd, 4318683.943, 109
Trd, 4318684.093, 102
Trd, 4318684.193, 71
Trd, 4318686.143, 103
Trd, 4318686.593, 80
Trd, 4318686.893, 106
Trd, 4318687.793, 138
Trd, 4318688.493, 96
Trd, 4318688.593, 137
Trd, 4318689.293, 79
Trd, 4318690.793, 131
Trd, 4318691.193, 120
Trd, 4318691.293, 89
Trd, 4318691.393, 87
Trd, 4318691.793, 75
Trd, 4318692.393, 101
Trd, 4318692.693, 105
Trd, 4318693.743, 130
Trd, 4318694.093, 97
Trd, 4318695.143, 120
Trd, 4318695.193, 105
Trd, 4318695.993, 126
Trd, 4318697.543, 100
Trd, 4318698.043, 97
Trd, 4318698.443, 71
Trd, 4318699.893, 111
Trd, 4318701.193, 105
Trd, 4318701.593, 102
Trd, 4318702.993, 88
Trd, 4318703.143, 91
Trd, 4318703.293, 76
Trd, 4318704.693, 128
Trd, 4318704.943, 104
Trd, 4318705.443, 107
Trd, 4318705.993, 127
Trd, 4318707.593, 138
Trd, 4318707.943, 138
Trd, 4318708.143, 134
Trd, 4318708.293, 120
Trd, 4318710.943, 130
Trd, 4318711.193, 120
Trd, 4318711.993, 83
Trd, 4318713.893, 67
Trd, 4318714.143, 84
Trd, 4318715.893, 132
Trd, 4318717.943, 118
Trd, 4318718.043, 116
Trd, 4318718.693, 101
Trd, 4318718.843, 122
Trd, 4318720.643, 107
Trd, 4318720.793, 71
Trd, 4318721.493, 136
Trd, 4318721.593, 63
Trd, 4318723.043, 105
Trd, 4318723.593, 119
Trd, 4318723.643, 117
Trd, 4318724.443, 137
Trd, 4318724.493, 126
Trd, 4318725.243, 82
Trd, 4318726.843, 90
Trd, 4318726.893, 95
Trd, 4318730.393, 137
Trd, 4318731.043, 135
Trd, 4318731.543, 131
Trd, 4318731.993, 136
Trd, 4318732.343, 132
Trd, 4318732.393, 128
Trd, 4318732.743, 126
Trd, 4318732.793, 96
Trd, 4318733.293, 66
Trd, 4318733.943, 111
Trd, 4318735.143, 100
Trd, 4318735.543, 89
Trd, 4318735.593, 86
Trd, 4318737.593, 129
Trd, 4318737.993, 87
Trd, 4318738.293, 119
Trd, 4318738.343, 129
Trd, 4318740.193, 123
Trd, 4318740.693, 121
Trd, 4318740.843, 117
Trd, 4318741.043, 116
Trd, 4318741.893, 62
Trd, 4318742.093, 71
Trd, 4318742.793, 105
Trd, 4318744.793, 66
Trd, 4318745.143, 113
Trd, 4318746.593, 118
Trd, 4318747.593, 115
Trd, 4318749.143, 136
Trd, 4318750.643, 127
Trd, 4318751.243, 89
Trd, 4318751.293, 128
Trd, 4318751.443, 93
Trd, 4318751.493, 83
Trd, 4318752.793, 86
Trd, 4318752.843, 133
Trd, 4318753.543, 101
Trd, 4318754.643, 96
Trd, 4318755.443, 72
Trd, 4318755.993, 115
Trd, 4318756.343, 84
Trd, 4318757.943, 90
Trd, 4318759.993, 118
Trd, 4318760.193, 131
Trd, 4318760.443, 127
Trd, 4318760.593, 86
Trd, 4318760.793, 81
Trd, 4318762.593, 81
Trd, 4318764.143, 139
Trd, 4318764.743, 133
Trd, 4318765.343, 129
Trd, 4318765.443, 122
Trd, 4318766.093, 106
Trd, 4318769.343, 88
Trd, 4318769.393, 82
Trd, 4318770.293, 101
Trd, 4318770.893, 108
Trd, 4318771.093, 112
Trd, 4318771.743, 138
Trd, 4318771.793, 136
Trd, 4318772.093, 130
Trd, 4318773.193, 139
Trd, 4318773.443, 100
Trd, 4318773.493, 91
Trd, 4318775.293, 121
Trd, 4318775.393, 120
Trd, 4318775.593, 117
Trd, 4318776.443, 80
Trd, 4318777.043, 90
Trd, 4318777.143, 94
Trd, 4318777.543, 84
Trd, 4318777.743, 72
Trd, 4318777.843, 77
Trd, 4318779.593, 129
Trd, 4318779.693, 96
Trd, 4318779.793, 69
Trd, 4318781.643, 110
Trd, 4318782.243, 66
Trd, 4318783.143, 121
Trd, 4318785.393, 110
Trd, 4318785.643, 113
Trd, 4318786.643, 109
Trd, 4318786.793, 106
Trd, 4318786.893, 116
Trd, 4318787.643, 123
Trd, 4318789.293, 128
Trd, 4318789.593, 119
Trd, 4318790.093, 116
Trd, 4318790.693, 105
Trd, 4318790.943, 101
Trd, 4318791.293, 139
Trd, 4318791.643, 136
Trd, 4318792.843, 129
Trd, 4318793.093, 128
Trd, 4318793.743, 125
Trd, 4318794.993, 107
Trd, 4318796.393, 106
Trd, 4318796.693, 88
Trd, 4318797.243, 70
Trd, 4318797.643, 96
Trd, 4318798.693, 132
Trd, 4318800.493, 135
Trd, 4318800.693, 126
Trd, 4318800.943, 123
Trd, 4318802.893, 122
Trd, 4318803.193, 115
Trd, 4318803.793, 119
Trd, 4318804.143, 101
Trd, 4318805.093, 125
Trd, 4318805.443, 90
Trd, 4318805.643, 122
Trd, 4318806.693, 133
Trd, 4318807.043, 86
Trd, 4318807.893, 119
Trd, 4318808.043, 108
Trd, 4318810.193, 131
Trd, 4318810.543, 129
Trd, 4318812.443, 114
Trd, 4318813.493, 136
Trd, 4318814.193, 129
Trd, 4318814.293, 113
Trd, 4318814.743, 94
Trd, 4318816.093, 112
Trd, 4318816.593, 102
Trd, 4318816.693, 80
Trd, 4318818.743, 111
Trd, 4318819.043, 73
Trd, 4318819.793, 123
Trd, 4318820.093, 115
Trd, 4318820.393, 112
Trd, 4318821.743, 63
Trd, 4318822.593, 68
Trd, 4318822.643, 84
Trd, 4318823.443, 84
Trd, 4318823.693, 74
Trd, 4318824.593, 102
Trd, 4318825.743, 106
Trd, 4318826.443, 119
Trd, 4318826.643, 73
Trd, 4318827.043, 89
Trd, 4318828.443, 117
Trd, 4318828.593, 92
Trd, 4318829.343, 85
Trd, 4318830.093, 114
Trd, 4318830.443, 111
Trd, 4318833.143, 124
Trd, 4318833.543, 78
Trd, 4318833.793, 123
Trd, 4318834.243, 98
Trd, 4318835.043, 77
Trd, 4318835.443, 84
Trd, 4318835.743, 107
Trd, 4318836.293, 68
Trd, 4318837.343, 107
Trd, 4318840.743, 120
Trd, 4318840.943, 95
Trd, 4318841.243, 100
Trd, 4318841.543, 110
Trd, 4318841.993, 139
Trd, 4318842.893, 79
Trd, 4318844.143, 81
Trd, 4318844.443, 82
Trd, 4318845.393, 118
Trd, 4318846.843, 99
Trd, 4318847.593, 86
Trd, 4318847.793, 92
Trd, 4318848.243, 105
Trd, 4318849.243, 107
Trd, 4318850.093, 135
Trd, 4318850.293, 99
Trd, 4318852.093, 127
Trd, 4318853.643, 125
Trd, 4318853.693, 121
Trd, 4318854.793, 123
Trd, 4318855.093, 132
Trd, 4318856.843, 119
Trd, 4318857.093, 110
Trd, 4318857.193, 85
Trd, 4318857.993, 91
Trd, 4318859.193, 114
Trd, 4318860.143, 135
Trd, 4318860.443, 140
Trd, 4318861.143, 116
Trd, 4318862.593, 116
Trd, 4318864.043, 128
Trd, 4318864.843, 112
Trd, 4318864.943, 111
Trd, 4318865.643, 109
Trd, 4318866.443, 92
Trd, 4318867.043, 127
Trd, 4318869.443, 98
Trd, 4318869.743, 95
Trd, 4318869.793, 68
Trd, 4318871.443, 122
Trd, 4318871.793, 81
Trd, 4318872.043, 111
Trd, 4318872.293, 80
Trd, 4318873.193, 68
Trd, 4318873.793, 116
Trd, 4318875.293, 93
Trd, 4318875.593, 90
Trd, 4318875.993, 114
Trd, 4318877.643, 109
Trd, 4318878.393, 131
Trd, 4318878.693, 127
Trd, 4318878.843, 124
Trd, 4318879.293, 139
Trd, 4318879.743, 121
Trd, 4318880.193, 110
Trd, 4318880.893, 97
Trd, 4318881.293, 93
Trd, 4318882.143, 99
Trd, 4318884.343, 124
Trd, 4318884.943, 116
Trd, 4318885.443, 84
Trd, 4318885.943, 96
Trd, 4318887.943, 124
Trd, 4318889.343, 113
Trd, 4318889.393, 103
Trd, 4318890.693, 138
Trd, 4318891.043, 95
Trd, 4318891.493, 111
Trd, 4318891.743, 101
Trd, 4318892.343, 95
Trd, 4318893.393, 99
Trd, 4318894.893, 115
Trd, 4318895.593, 135
Trd, 4318898.543, 140
Trd, 4318898.693, 135
Trd, 4318899.193, 133
Trd, 4318899.593, 122
Trd, 4318900.393, 138
Trd, 4318902.043, 111
Trd, 4318902.643, 106
Trd, 4318904.493, 110
Trd, 4318904.843, 104
Trd, 4318906.543, 113
Trd, 4318906.943, 105
Trd, 4318907.543, 136
Trd, 4318908.343, 138
Trd, 4318908.693, 104
Trd, 4318909.393, 89
Trd, 4318909.893, 121
Trd, 4318910.943, 118
Trd, 4318911.193, 99
Trd, 4318911.293, 86
Trd, 4318911.843, 85
Trd, 4318913.393, 130
Trd, 4318913.943, 114
Trd, 4318914.843, 99
Trd, 4318915.093, 128
Trd, 4318916.443, 133
Trd, 4318916.543, 117
Trd, 4318917.143, 124
Trd, 4318917.343, 100
Trd, 4318918.393, 107
Trd, 4318918.943, 95
Trd, 4318919.343, 85
Trd, 4318920.393, 140
Trd, 4318920.593, 67
Trd, 4318922.143, 121
Trd, 4318923.493, 133
Trd, 4318924.043, 134
Trd, 4318924.793, 128
Trd, 4318925.643, 121
Trd, 4318925.843, 115
Trd, 4318925.943, 110
Trd, 4318927.243, 114
Trd, 4318927.493, 107
Trd, 4318928.093, 91
Trd, 4318929.293, 128
Trd, 4318929.893, 111
Trd, 4318930.843, 127
Trd, 4318931.743, 119
Trd, 4318932.593, 129
Trd, 4318933.593, 120
Trd, 4318933.693, 88
Trd, 4318934.093, 82
Trd, 4318935.343, 130
Trd, 4318936.143, 103
Trd, 4318937.143, 136
Trd, 4318937.193, 133
Trd, 4318938.093, 132
Trd, 4318938.243, 107
Trd, 4318939.093, 124
Trd, 4318940.493, 114
Trd, 4318941.143, 81
Trd, 4318941.993, 92
Trd, 4318942.143, 100
Trd, 4318942.693, 121
Trd, 4318944.193, 118
Trd, 4318944.743, 116
Trd, 4318945.093, 88
Trd, 4318945.993, 71
Trd, 4318946.593, 70
Trd, 4318947.193, 98
Trd, 4318948.693, 102
Trd, 4318948.893, 124
Trd, 4318949.693, 130
Trd, 4318950.843, 121
Trd, 4318951.043, 117
Trd, 4318952.243, 118
Trd, 4318952.593, 102
Trd, 4318953.443, 84
Trd, 4318953.793, 109
Trd, 4318955.143, 101
Trd, 4318955.243, 98
Trd, 4318957.193, 79
Trd, 4318957.793, 72
Trd, 4318958.143, 80
Trd, 4318959.943, 134
Trd, 4318960.293, 94
Trd, 4318961.693, 123
Trd, 4318962.893, 118
Trd, 4318962.943, 95
Trd, 4318963.193, 95
Trd, 4318964.593, 134
Trd, 4318966.143, 138
Trd, 4318967.443, 138
Trd, 4318967.543, 124
Trd, 4318967.743, 122
Trd, 4318968.543, 121
Trd, 4318969.443, 135
Trd, 4318969.643, 73
Trd, 4318971.543, 132
Trd, 4318972.043, 128
Trd, 4318972.693, 118
Trd, 4318973.093, 106
Trd, 4318974.043, 124
Trd, 4318974.643, 103
Trd, 4318975.393, 140
Trd, 4318975.493, 103
Trd, 4318975.793, 118
Trd, 4318976.443, 77
Trd, 4318977.093, 101
Trd, 4318979.543, 123
Trd, 4318980.643, 135
Trd, 4318980.793, 129
Trd, 4318981.043, 116
Trd, 4318981.693, 117
Trd, 4318982.343, 135
Trd, 4318982.593, 120
Trd, 4318982.793, 94
Trd, 4318982.993, 90
Trd, 4318983.593, 71
Trd, 4318985.093, 127
Trd, 4318985.393, 112
Trd, 4318985.693, 76
Trd, 4318985.893, 64
Trd, 4318987.243, 86
Trd, 4318988.293, 130
Trd, 4318988.793, 122
Trd, 4318989.493, 104
Trd, 4318989.943, 100
Trd, 4318991.093, 128
Trd, 4318991.743, 67
Trd, 4318992.393, 62
Trd, 4318992.993, 65
Trd, 4318993.343, 67
Trd, 4318994.643, 102
Trd, 4318997.143, 125
Trd, 4318997.493, 136
Trd, 4318998.543, 122
Trd, 4318998.943, 120
Trd, 4318999.043, 92
Trd, 4319000.043, 103
Trd, 4319000.993, 123
Trd, 4319003.143, 140
Trd, 4319003.893, 133
Trd, 4319003.993, 113
Trd, 4319004.793, 87
Trd, 4319005.143, 71
Trd, 4319006.843, 140
Trd, 4319007.643, 139
Trd, 4319008.343, 128
Trd, 4319008.843, 113
Trd, 4319009.493, 112
Trd, 4319010.343, 138
Trd, 4319010.543, 110
Trd, 4319011.493, 127
Trd, 4319012.243, 134
Trd, 4319015.293, 136
Trd, 4319016.193, 119
Trd, 4319016.543, 116
Trd, 4319017.043, 135
Trd, 4319017.593, 129
Trd, 4319018.743, 113
Trd, 4319019.293, 78
Trd, 4319019.693, 99
Trd, 4319019.743, 94
Trd, 4319021.193, 96
Trd, 4319021.593, 107
Trd, 4319023.293, 115
Trd, 4319024.243, 123
Trd, 4319024.393, 123
Trd, 4319024.443, 110
Trd, 4319025.793, 106
Trd, 4319025.943, 97
Trd, 4319026.343, 80
Trd, 4319026.893, 131
Trd, 4319027.493, 74
Trd, 4319029.043, 118
Trd, 4319029.143, 87
Trd, 4319030.143, 102
Trd, 4319030.243, 75
Trd, 4319030.893, 102
Trd, 4319031.593, 100
Trd, 4319033.193, 119
Trd, 4319033.543, 88
Trd, 4319033.593, 90
Trd, 4319034.093, 123
Trd, 4319034.743, 133
Trd, 4319035.093, 121
Trd, 4319036.493, 122
Trd, 4319037.093, 121
Trd, 4319038.393, 131
Trd, 4319038.693, 129
Trd, 4319039.893, 123
Trd, 4319042.093, 119
Trd, 4319042.343, 116
Trd, 4319043.943, 136
Trd, 4319045.243, 104
Trd, 4319046.443, 104
Trd, 4319046.893, 113
Trd, 4319047.143, 130
Trd, 4319047.893, 119
Trd, 4319048.443, 110
Trd, 4319050.193, 110
Trd, 4319050.693, 102
Trd, 4319050.843, 74
Trd, 4319054.793, 128
Trd, 4319054.993, 113
Trd, 4319055.493, 132
Trd, 4319055.543, 102
Trd, 4319056.143, 89
Trd, 4319056.793, 83
Trd, 4319057.893, 136
Trd, 4319058.543, 115
Trd, 4319060.543, 140
Trd, 4319061.343, 131
Trd, 4319062.593, 113
Trd, 4319062.943, 129
Trd, 4319063.743, 130
Trd, 4319064.193, 126
Trd, 4319065.443, 104
Trd, 4319065.543, 93
Trd, 4319065.693, 77
Trd, 4319067.193, 133
Trd, 4319067.593, 128
Trd, 4319068.293, 96
Trd, 4319070.093, 127
Trd, 4319070.393, 123
Trd, 4319070.893, 125
Trd, 4319072.343, 112
Trd, 4319073.043, 135
Trd, 4319073.993, 102
Trd, 4319074.393, 114
Trd, 4319074.793, 125
Trd, 4319075.893, 113
Trd, 4319077.393, 107
Trd, 4319077.543, 89
Trd, 4319078.393, 116
Trd, 4319078.443, 80
Trd, 4319078.693, 77
Trd, 4319079.593, 127
Trd, 4319080.043, 119
Trd, 4319082.493, 103
Trd, 4319083.593, 126
Trd, 4319083.893, 76
Trd, 4319085.893, 123
Trd, 4319087.593, 133
Trd, 4319087.993, 131
Trd, 4319088.343, 131
Trd, 4319088.443, 122
Trd, 4319089.293, 129
Trd, 4319089.593, 124
Trd, 4319090.393, 87
Trd, 4319090.743, 91
Trd, 4319091.343, 126
Trd, 4319092.393, 122
Trd, 4319092.793, 107
Trd, 4319093.693, 130
Trd, 4319093.793, 100
Trd, 4319094.043, 129
Trd, 4319095.043, 111
Trd, 4319095.643, 140
Trd, 4319096.943, 90
Trd, 4319097.893, 78
Trd, 4319098.093, 97
Trd, 4319098.843, 77
Trd, 4319100.793, 117
Trd, 4319100.893, 113
Trd, 4319101.193, 110
Trd, 4319101.393, 114
Trd, 4319101.793, 136
Trd, 4319102.943, 125
Trd, 4319104.293, 117
Trd, 4319104.343, 112
Trd, 4319104.393, 125
Trd, 4319105.593, 105
Trd, 4319106.943, 132
Trd, 4319107.693, 128
Trd, 4319108.093, 104
Trd, 4319108.993, 106
Trd, 4319110.893, 127
Trd, 4319110.943, 114
Trd, 4319111.343, 124
Trd, 4319111.843, 111
Trd, 4319112.343, 107
Trd, 4319113.593, 96
Trd, 4319116.043, 120
Trd, 4319116.593, 87
Trd, 4319116.893, 90
Trd, 4319117.743, 82
Trd, 4319118.943, 102
Trd, 4319119.293, 97
Trd, 4319119.643, 128
Trd, 4319120.543, 108
Trd, 4319120.793, 119
Trd, 4319123.543, 127
Trd, 4319123.593, 123
Trd, 4319125.093, 99
Trd, 4319126.643, 114
Trd, 4319127.493, 121
Trd, 4319127.893, 109
Trd, 4319128.093, 107
Trd, 4319128.193, 93
Trd, 4319129.443, 128
Trd, 4319130.093, 120
Trd, 4319130.193, 111
Trd, 4319131.543, 98
Trd, 4319131.793, 86
Trd, 4319132.943, 131
Trd, 4319133.193, 105
Trd, 4319136.193, 109
Trd, 4319136.343, 94
Trd, 4319136.393, 91
Trd, 4319137.093, 70
Trd, 4319137.743, 98
Trd, 4319139.343, 134
Trd, 4319140.993, 135
Trd, 4319141.793, 131
Trd, 4319142.293, 120
Trd, 4319142.493, 117
Trd, 4319144.393, 130
Trd, 4319145.093, 129
Trd, 4319145.543, 120
Trd, 4319145.693, 119
Trd, 4319146.393, 107
Trd, 4319146.543, 98
Trd, 4319147.293, 115
Trd, 4319148.843, 130
Trd, 4319149.693, 81
Trd, 4319151.293, 121
Trd, 4319151.493, 116
Trd, 4319151.743, 126
Trd, 4319152.643, 130
Trd, 4319153.443, 139
Trd, 4319154.343, 135
Trd, 4319154.893, 82
Trd, 4319155.243, 125
Trd, 4319156.393, 79
Trd, 4319157.093, 98
Trd, 4319157.643, 65
Trd, 4319158.193, 72
Trd, 4319158.493, 75
Trd, 4319158.693, 72
Trd, 4319160.043, 95
Trd, 4319160.093, 96
Trd, 4319160.293, 68
Trd, 4319160.793, 98
Trd, 4319161.493, 95
Trd, 4319163.043, 87
Trd, 4319163.943, 91
Trd, 4319164.293, 93
Trd, 4319164.743, 66
Trd, 4319164.943, 77
Trd, 4319165.193, 65
Trd, 4319166.643, 114
Trd, 4319167.743, 133
Trd, 4319169.093, 134
Trd, 4319169.193, 119
Trd, 4319169.243, 107
Trd, 4319169.493, 115
Trd, 4319170.693, 107
Trd, 4319171.093, 91
Trd, 4319171.143, 96
Trd, 4319171.293, 80
Trd, 4319171.993, 68
Trd, 4319172.093, 90
Trd, 4319173.693, 137
Trd, 4319174.493, 122
Trd, 4319174.693, 72
Trd, 4319175.493, 104
Trd, 4319176.093, 112
Trd, 4319177.443, 121
Trd, 4319177.493, 79
Trd, 4319178.243, 130
Trd, 4319179.193, 123
Trd, 4319179.943, 95
Trd, 4319181.643, 128
Trd, 4319181.793, 123
Trd, 4319182.093, 92
Trd, 4319182.693, 133
Trd, 4319183.643, 117
Trd, 4319183.843, 101
Trd, 4319184.543, 128
Trd, 4319184.893, 101
Trd, 4319186.293, 113
Trd, 4319187.193, 113
Trd, 4319188.343, 85
Trd, 4319188.743, 85
Trd, 4319190.443, 108
Trd, 4319190.493, 101
Trd, 4319190.793, 106
Trd, 4319191.293, 132
Trd, 4319192.093, 99
Trd, 4319195.293, 140
Trd, 4319195.393, 107
Trd, 4319195.593, 80
Trd, 4319196.743, 137
Trd, 4319197.093, 110
Trd, 4319198.093, 68
Trd, 4319198.443, 115
Trd, 4319199.543, 64
Trd, 4319199.743, 77
Trd, 4319200.543, 93
Trd, 4319201.143, 131
Trd, 4319204.143, 66
Trd, 4319204.543, 91
Trd, 4319204.643, 80
Trd, 4319205.293, 77
Trd, 4319205.543, 76
Trd, 4319206.593, 98
Trd, 4319206.993, 120
Trd, 4319207.943, 136
Trd, 4319208.043, 115
Trd, 4319208.343, 110
Trd, 4319208.443, 106
Trd, 4319209.043, 89
Trd, 4319209.943, 122
Trd, 4319210.043, 119
Trd, 4319211.143, 98
Trd, 4319211.243, 116
Trd, 4319212.143, 135
Trd, 4319212.543, 106
Trd, 4319214.193, 86
Trd, 4319215.343, 108
Trd, 4319215.893, 111
Trd, 4319216.693, 97
Trd, 4319216.793, 81
Trd, 4319217.493, 90
Trd, 4319218.993, 127
Trd, 4319219.643, 118
Trd, 4319219.843, 91
Trd, 4319220.193, 97
Trd, 4319220.893, 120
Trd, 4319222.643, 94
Trd, 4319222.893, 94
Trd, 4319223.293, 137
Trd, 4319225.193, 128
Trd, 4319225.593, 124
Trd, 4319226.193, 98
Trd, 4319226.493, 80
Trd, 4319226.643, 80
Trd, 4319227.143, 118
Trd, 4319227.993, 119
Trd, 4319228.193, 115
Trd, 4319228.643, 138
Trd, 4319229.493, 134
Trd, 4319229.943, 110
Trd, 4319230.293, 109
Trd, 4319230.493, 106
Trd, 4319231.643, 140
Trd, 4319232.793, 140
Trd, 4319234.643, 113
Trd, 4319234.993, 129
Trd, 4319235.493, 125
Trd, 4319235.543, 91
Trd, 4319235.793, 132
Trd, 4319237.743, 118
Trd, 4319238.593, 76
Trd, 4319238.993, 93
Trd, 4319239.443, 77
Trd, 4319240.243, 122
Trd, 4319241.043, 130
Trd, 4319241.343, 133
Trd, 4319242.543, 107
Trd, 4319242.593, 113
Trd, 4319242.993, 133
Trd, 4319243.943, 135
Trd, 4319244.393, 139
Trd, 4319245.343, 137
Trd, 4319245.443, 109
Trd, 4319248.543, 114
Trd, 4319248.993, 88
Trd, 4319250.043, 93
Trd, 4319250.443, 128
Trd, 4319251.543, 130
Trd, 4319251.893, 102
Trd, 4319253.643, 116
Trd, 4319253.943, 112
Trd, 4319255.543, 130
Trd, 4319255.593, 100
Trd, 4319255.743, 78
Trd, 4319256.193, 117
Trd, 4319257.143, 126
Trd, 4319257.293, 125
Trd, 4319257.643, 122
Trd, 4319259.693, 118
Trd, 4319260.043, 131
Trd, 4319260.443, 130
Trd, 4319260.493, 100
Trd, 4319260.743, 128
Trd, 4319261.093, 137
Trd, 4319261.943, 136
Trd, 4319262.693, 107
Trd, 4319264.243, 117
Trd, 4319264.343, 115
Trd, 4319265.943, 122
Trd, 4319266.293, 98
Trd, 4319266.343, 91
Trd, 4319268.343, 96
Trd, 4319268.993, 111
Trd, 4319269.693, 100
Trd, 4319269.843, 100
Trd, 4319269.943, 93
Trd, 4319270.093, 90
Trd, 4319271.043, 137
Trd, 4319271.343, 77
Trd, 4319274.643, 134
Trd, 4319274.743, 120
Trd, 4319275.043, 95
Trd, 4319275.643, 110
Trd, 4319276.243, 115
Trd, 4319276.843, 97
Trd, 4319277.643, 97
Trd, 4319277.843, 102
Trd, 4319279.043, 106
Trd, 4319280.093, 92
Trd, 4319280.443, 93
Trd, 4319280.843, 123
Trd, 4319281.343, 93
Trd, 4319281.793, 105
Trd, 4319283.393, 95
Trd, 4319283.843, 93
Trd, 4319284.093, 125
Trd, 4319284.293, 138
Trd, 4319284.493, 132
Trd, 4319285.993, 87
Trd, 4319286.093, 89
Trd, 4319286.443, 71
Trd, 4319287.193, 121
Trd, 4319288.693, 128
Trd, 4319289.193, 117
Trd, 4319289.843, 68
Trd, 4319290.043, 78
Trd, 4319290.193, 95
Trd, 4319292.293, 128
Trd, 4319292.443, 114
Trd, 4319292.493, 111
Trd, 4319292.843, 131
Trd, 4319292.993, 98
Trd, 4319294.093, 128
Trd, 4319294.343, 121
Trd, 4319296.143, 82
Trd, 4319296.343, 102
Trd, 4319296.993, 129
Trd, 4319297.893, 111
Trd, 4319299.843, 126
Trd, 4319302.043, 139
Trd, 4319302.393, 125
Trd, 4319302.493, 115
Trd, 4319302.693, 104
Trd, 4319303.043, 137
Trd, 4319304.193, 75
Trd, 4319305.843, 137
Trd, 4319306.393, 130
Trd, 4319306.793, 125
Trd, 4319307.093, 97
Trd, 4319307.493, 96
Trd, 4319308.293, 98
Trd, 4319308.643, 115
Trd, 4319310.893, 95
Trd, 4319311.243, 102
Trd, 4319311.643, 113
Trd, 4319312.743, 90
Trd, 4319312.993, 94
Trd, 4319315.243, 140
Trd, 4319315.443, 138
Trd, 4319315.543, 125
Trd, 4319318.043, 136
Trd, 4319318.293, 116
Trd, 4319319.043, 79
Trd, 4319319.093, 79
Trd, 4319319.543, 95
Trd, 4319321.693, 118
Trd, 4319322.093, 139
Trd, 4319324.193, 127
Trd, 4319324.293, 112
Trd, 4319324.693, 124
Trd, 4319325.543, 94
Trd, 4319326.343, 133
Trd, 4319326.493, 108
Trd, 4319327.843, 98
Trd, 4319327.943, 108
Trd, 4319330.043, 83
Trd, 4319330.143, 66
Trd, 4319330.243, 97
Trd, 4319331.993, 132
Trd, 4319332.493, 129
Trd, 4319332.593, 126
Trd, 4319333.093, 134
Trd, 4319333.543, 121
Trd, 4319334.193, 140
Trd, 4319334.443, 125
Trd, 4319336.193, 129
Trd, 4319337.493, 133
Trd, 4319338.643, 120
Trd, 4319338.693, 113
Trd, 4319339.293, 111
Trd, 4319341.243, 120
Trd, 4319341.443, 111
Trd, 4319341.743, 137
Trd, 4319342.843, 122
Trd, 4319343.243, 119
Trd, 4319343.393, 112
Trd, 4319345.743, 122
Trd, 4319346.743, 85
Trd, 4319347.243, 128
Trd, 4319347.693, 110
Trd, 4319348.193, 117
Trd, 4319348.893, 90
Trd, 4319349.243, 99
Trd, 4319349.543, 92
Trd, 4319349.843, 70
Trd, 4319350.543, 66
Trd, 4319350.593, 84
Trd, 4319351.393, 122
Trd, 4319352.793, 61
Trd, 4319354.043, 61
Trd, 4319355.343, 118
Trd, 4319356.143, 140
Trd, 4319356.243, 135
Trd, 4319356.443, 90
Trd, 4319358.243, 114
Trd, 4319358.293, 119
Trd, 4319359.293, 130
Trd, 4319361.243, 92
Trd, 4319362.043, 135
Trd, 4319363.093, 89
Trd, 4319363.243, 120
Trd, 4319363.443, 99
Trd, 4319363.793, 123
Trd, 4319365.143, 129
Trd, 4319366.093, 101
Trd, 4319366.143, 101
Trd, 4319366.743, 88
Trd, 4319367.193, 128
Trd, 4319369.443, 86
Trd, 4319369.893, 134
Trd, 4319370.293, 82
Trd, 4319370.443, 87
Trd, 4319370.543, 113
Trd, 4319373.043, 135
Trd, 4319373.243, 84
Trd, 4319374.793, 123
Trd, 4319374.893, 119
Trd, 4319374.993, 88
Trd, 4319375.943, 94
Trd, 4319375.993, 84
Trd, 4319377.143, 77
Trd, 4319377.293, 87
Trd, 4319378.393, 100
Trd, 4319379.043, 140
Trd, 4319379.743, 139
Trd, 4319381.043, 125
Trd, 4319381.593, 114
Trd, 4319384.143, 113
Trd, 4319384.243, 111
Trd, 4319384.393, 110
Trd, 4319385.793, 129
Trd, 4319387.243, 120
Trd, 4319387.293, 107
Trd, 4319387.393, 106
Trd, 4319389.143, 120
Trd, 4319389.793, 92
Trd, 4319390.393, 92
Trd, 4319391.043, 136
Trd, 4319391.093, 91
Trd, 4319391.293, 97
Trd, 4319392.543, 124
Trd, 4319393.193, 126
Trd, 4319395.243, 111
Trd, 4319395.543, 110
Trd, 4319396.343, 132
Trd, 4319396.743, 132
Trd, 4319397.193, 134
Trd, 4319398.243, 124
Trd, 4319398.393, 111
Trd, 4319398.793, 103
Trd, 4319399.743, 127
Trd, 4319400.693, 108
Trd, 4319401.493, 105
Trd, 4319403.743, 106
Trd, 4319403.793, 98
Trd, 4319404.493, 136
Trd, 4319404.543, 122
Trd, 4319405.043, 124
Trd, 4319405.293, 91
Trd, 4319405.693, 85
Trd, 4319406.193, 104
Trd, 4319408.093, 140
Trd, 4319408.693, 138
Trd, 4319409.743, 109
Trd, 4319410.193, 98
Trd, 4319411.193, 137
Trd, 4319412.043, 101
Trd, 4319412.243, 113
Trd, 4319413.043, 126
Trd, 4319413.943, 105
Trd, 4319414.993, 138
Trd, 4319415.193, 118
Trd, 4319416.093, 127
Trd, 4319416.443, 91
Trd, 4319418.943, 136
Trd, 4319418.993, 126
Trd, 4319419.943, 131
Trd, 4319420.143, 123
Trd, 4319422.143, 113
Trd, 4319423.043, 135
Trd, 4319423.393, 127
Trd, 4319424.543, 118
Trd, 4319424.593, 115
Trd, 4319425.593, 73
Trd, 4319426.393, 83
Trd, 4319427.043, 116
Trd, 4319427.643, 129
Trd, 4319428.093, 125
Trd, 4319428.193, 117
Trd, 4319428.643, 114
Trd, 4319428.793, 112
Trd, 4319429.643, 104
Trd, 4319431.593, 114
Trd, 4319432.293, 138
Trd, 4319434.493, 135
Trd, 4319434.593, 131
Trd, 4319435.193, 123
Trd, 4319435.293, 122
Trd, 4319436.143, 134
Trd, 4319436.593, 120
Trd, 4319436.743, 99
Trd, 4319438.143, 123
Trd, 4319439.893, 102
Trd, 4319440.443, 91
Trd, 4319441.343, 135
Trd, 4319441.693, 131
Trd, 4319443.043, 118
Trd, 4319443.293, 139
Trd, 4319443.543, 136
Trd, 4319444.993, 121
Trd, 4319446.793, 99
Trd, 4319447.543, 129
Trd, 4319448.393, 121
Trd, 4319448.643, 133
Trd, 4319449.843, 117
Trd, 4319450.093, 88
Trd, 4319450.643, 127
Trd, 4319451.843, 113
Trd, 4319452.793, 121
Trd, 4319454.493, 129
Trd, 4319454.543, 125
Trd, 4319455.743, 112
Trd, 4319456.143, 109
Trd, 4319456.293, 101
Trd, 4319456.893, 75
Trd, 4319457.293, 68
Trd, 4319458.093, 90
Trd, 4319459.243, 119
Trd, 4319459.493, 110
Trd, 4319461.043, 105
Trd, 4319461.193, 105
Trd, 4319462.043, 131
Trd, 4319462.843, 116
Trd, 4319463.743, 132
Trd, 4319464.643, 134
Trd, 4319465.143, 116
Trd, 4319465.293, 113
Trd, 4319466.543, 110
Trd, 4319468.343, 124
Trd, 4319468.693, 109
Trd, 4319469.293, 122
Trd, 4319470.043, 120
Trd, 4319470.293, 121
Trd, 4319471.543, 116
Trd, 4319472.743, 134
Trd, 4319475.143, 112
Trd, 4319476.493, 124
Trd, 4319476.893, 120
Trd, 4319477.293, 135
Trd, 4319478.143, 110
Trd, 4319478.643, 116
Trd, 4319479.293, 76
Trd, 4319482.143, 105
Trd, 4319482.243, 93
Trd, 4319483.393, 138
Trd, 4319483.643, 135
Trd, 4319484.393, 131
Trd, 4319485.143, 75
Trd, 4319485.793, 92
Trd, 4319487.093, 114
Trd, 4319487.693, 111
Trd, 4319487.993, 97
Trd, 4319488.843, 75
Trd, 4319488.943, 76
Trd, 4319489.443, 93
Trd, 4319490.493, 133
Trd, 4319490.793, 107
Trd, 4319490.893, 104
Trd, 4319491.043, 75
Trd, 4319491.593, 72
Trd, 4319492.343, 83
Trd, 4319494.143, 119
Trd, 4319494.693, 116
Trd, 4319495.543, 114
Trd, 4319496.393, 109
Trd, 4319496.793, 81
Trd, 4319496.993, 79
Trd, 4319497.793, 91
Trd, 4319497.843, 96
Trd, 4319498.893, 140
Trd, 4319499.343, 109
Trd, 4319499.943, 129
Trd, 4319500.143, 95
Trd, 4319501.193, 111
Trd, 4319501.493, 124
Trd, 4319502.193, 134
Trd, 4319502.293, 116
Trd, 4319502.643, 97
Trd, 4319503.493, 89
Trd, 4319504.293, 118
Trd, 4319504.543, 66
Trd, 4319505.093, 97
Trd, 4319505.543, 79
Trd, 4319507.443, 125
Trd, 4319507.493, 121
Trd, 4319507.943, 117
Trd, 4319509.893, 121
Trd, 4319510.393, 118
Trd, 4319511.143, 111
Trd, 4319512.393, 123
Trd, 4319513.193, 96
Trd, 4319513.393, 88
Trd, 4319513.693, 134
Trd, 4319513.893, 108
Trd, 4319514.943, 73
Trd, 4319517.143, 134
Trd, 4319517.843, 126
Trd, 4319518.793, 130
Trd, 4319519.393, 138
Trd, 4319519.593, 129
Trd, 4319520.243, 97
Trd, 4319520.693, 136
Trd, 4319522.243, 131
Trd, 4319523.143, 133
Trd, 4319523.843, 130
Trd, 4319524.093, 110
Trd, 4319525.093, 137
Trd, 4319525.593, 140
Trd, 4319525.993, 106
Trd, 4319527.243, 104
Trd, 4319528.393, 137
Trd, 4319529.243, 132
Trd, 4319529.493, 99
Trd, 4319529.643, 84
Trd, 4319531.093, 137
Trd, 4319531.393, 139
Trd, 4319532.043, 118
Trd, 4319532.593, 84
Trd, 4319532.843, 135
Trd, 4319533.993, 127
Trd, 4319535.543, 139
Trd, 4319535.643, 127
Trd, 4319536.543, 111
Trd, 4319536.893, 139
Trd, 4319537.443, 125
Trd, 4319538.593, 78
Trd, 4319540.393, 77
Trd, 4319541.193, 122
Trd, 4319542.493, 110
Trd, 4319542.943, 97
Trd, 4319544.193, 91
Trd, 4319544.493, 126
Trd, 4319545.143, 138
Trd, 4319545.693, 139
Trd, 4319545.893, 88
Trd, 4319546.943, 126
Trd, 4319547.643, 111
Trd, 4319548.943, 128
Trd, 4319550.193, 114
Trd, 4319550.693, 109
Trd, 4319550.943, 120
Trd, 4319552.343, 132
Trd, 4319552.993, 72
Trd, 4319553.893, 61
Trd, 4319555.043, 122
Trd, 4319556.793, 78
Trd, 4319557.043, 133
Trd, 4319557.493, 69
Trd, 4319558.493, 85
Trd, 4319558.893, 67
Trd, 4319559.793, 60
Trd, 4319560.643, 61
Trd, 4319560.793, 87
Trd, 4319561.043, 104
Trd, 4319562.193, 126
Trd, 4319564.043, 88
Trd, 4319564.693, 100
Trd, 4319564.743, 77
Trd, 4319565.293, 100
Trd, 4319566.393, 111
Trd, 4319567.643, 102
Trd, 4319568.543, 107
Trd, 4319569.593, 116
Trd, 4319569.943, 109
Trd, 4319570.793, 133
Trd, 4319570.943, 104
Trd, 4319571.543, 104
Trd, 4319571.793, 96
Trd, 4319572.693, 69
Trd, 4319573.443, 72
Trd, 4319574.493, 60
Trd, 4319576.243, 105
Trd, 4319576.543, 78
Trd, 4319577.043, 72
Trd, 4319577.193, 96
Trd, 4319578.043, 131
Trd, 4319578.893, 106
Trd, 4319579.993, 84
Trd, 4319580.693, 78
Trd, 4319581.443, 114
Trd, 4319581.543, 110
Trd, 4319581.643, 68
Trd, 4319581.843, 87
Trd, 4319582.143, 140
Trd, 4319583.293, 131
Trd, 4319584.443, 136
Trd, 4319584.593, 126
Trd, 4319585.243, 73
Trd, 4319585.393, 78
Trd, 4319587.493, 88
Trd, 4319587.643, 68
Trd, 4319588.143, 98
Trd, 4319588.693, 140
Trd, 4319591.193, 72
Trd, 4319591.643, 100
Trd, 4319591.843, 112
Trd, 4319593.843, 125
Trd, 4319594.393, 131
Trd, 4319594.593, 121
Trd, 4319595.243, 106
Trd, 4319596.593, 113
Trd, 4319596.743, 121
Trd, 4319596.893, 118
Trd, 4319599.343, 85
Trd, 4319599.443, 88
Trd, 4319599.893, 94
Trd, 4319600.993, 89
Trd, 4319601.543, 108
Trd, 4319602.793, 132
Trd, 4319603.193, 123
Trd, 4319603.943, 104
Trd, 4319604.343, 97
Trd, 4319605.343, 94
Trd, 4319607.943, 138
Trd, 4319608.093, 108
Trd, 4319608.893, 120
Trd, 4319609.243, 133
Trd, 4319609.543, 110
Trd, 4319610.293, 90
Trd, 4319611.293, 89
Trd, 4319611.493, 89
Trd, 4319612.543, 136
Trd, 4319612.993, 121
Trd, 4319614.143, 130
Trd, 4319614.843, 127
Trd, 4319615.943, 128
Trd, 4319615.993, 108
Trd, 4319616.093, 86
Trd, 4319617.543, 119
Trd, 4319618.193, 122
Trd, 4319618.593, 140
Trd, 4319618.693, 116
Trd, 4319620.043, 113
Trd, 4319620.793, 125
Trd, 4319622.393, 77
Trd, 4319622.743, 110
Trd, 4319623.043, 117
Trd, 4319623.393, 121
Trd, 4319624.193, 102
Trd, 4319624.943, 102
Trd, 4319626.043, 134
Trd, 4319626.243, 105
Trd, 4319626.993, 122
Trd, 4319628.643, 96
Trd, 4319630.643, 128
Trd, 4319631.443, 94
Trd, 4319631.643, 89
Trd, 4319632.593, 96
Trd, 4319632.743, 128
Trd, 4319634.743, 93
Trd, 4319635.043, 92
Trd, 4319635.643, 124
Trd, 4319636.193, 78
Trd, 4319636.593, 105
Trd, 4319637.343, 83
Trd, 4319638.443, 101
Trd, 4319639.043, 117
Trd, 4319642.443, 128
Trd, 4319642.793, 125
Trd, 4319643.993, 131
Trd, 4319644.393, 128
Trd, 4319644.543, 91
Trd, 4319645.143, 93
Trd, 4319645.443, 86
Trd, 4319645.693, 130
Trd, 4319646.843, 88
Trd, 4319648.193, 124
Trd, 4319648.243, 102
Trd, 4319649.243, 103
Trd, 4319649.443, 105
Trd, 4319649.943, 119
Trd, 4319651.393, 123
Trd, 4319652.643, 119
Trd, 4319653.143, 93
Trd, 4319653.293, 121
Trd, 4319654.443, 89
Trd, 4319655.043, 114
Trd, 4319655.493, 128
Trd, 4319655.993, 140
Trd, 4319658.443, 128
Trd, 4319658.743, 122
Trd, 4319659.043, 119
Trd, 4319659.143, 112
Trd, 4319659.393, 90
Trd, 4319661.193, 140
Trd, 4319663.743, 133
Trd, 4319664.393, 105
Trd, 4319664.593, 122
Trd, 4319665.043, 131
Trd, 4319665.093, 84
Trd, 4319666.243, 110
Trd, 4319666.793, 98
Trd, 4319667.693, 140
Trd, 4319669.843, 137
Trd, 4319670.193, 133
Trd, 4319671.193, 97
Trd, 4319672.043, 139
Trd, 4319672.293, 120
Trd, 4319672.543, 116
Trd, 4319672.843, 114
Trd, 4319672.943, 100
Trd, 4319674.543, 126
Trd, 4319674.743, 114
Trd, 4319676.043, 96
Trd, 4319676.343, 100
Trd, 4319676.693, 89
Trd, 4319678.143, 119
Trd, 4319678.643, 116
Trd, 4319679.643, 131
Trd, 4319680.093, 134
Trd, 4319680.143, 119
Trd, 4319682.143, 124
Trd, 4319682.793, 91
Trd, 4319683.343, 104
Trd, 4319683.943, 115
Trd, 4319684.743, 94
Trd, 4319685.793, 103
Trd, 4319686.043, 130
Trd, 4319686.893, 81
Trd, 4319687.093, 123
Trd, 4319689.693, 136
Trd, 4319690.243, 132
Trd, 4319690.893, 117
Trd, 4319691.043, 137
Trd, 4319691.843, 91
Trd, 4319692.993, 131
Trd, 4319693.293, 90
Trd, 4319693.743, 98
Trd, 4319695.293, 127
Trd, 4319695.493, 121
Trd, 4319695.843, 133
Trd, 4319696.593, 139
Trd, 4319697.193, 125
Trd, 4319697.593, 126
Trd, 4319698.343, 120
Trd, 4319698.643, 138
Trd, 4319700.543, 115
Trd, 4319700.743, 110
Trd, 4319702.943, 116
Trd, 4319703.343, 113
Trd, 4319703.893, 124
Trd, 4319704.793, 107
Trd, 4319704.943, 76
Trd, 4319705.893, 135
Trd, 4319706.593, 124
Trd, 4319707.093, 100
Trd, 4319707.543, 115
Trd, 4319709.393, 123
Trd, 4319709.593, 93
Trd, 4319710.843, 94
Trd, 4319711.593, 131
Trd, 4319712.243, 123
Trd, 4319712.943, 112
Trd, 4319713.743, 138
Trd, 4319713.843, 135
Trd, 4319714.543, 109
Trd, 4319715.943, 104
Trd, 4319715.993, 103
Trd, 4319716.593, 136
Trd, 4319716.693, 87
Trd, 4319716.943, 133
Trd, 4319719.543, 116
Trd, 4319720.243, 111
Trd, 4319720.993, 107
Trd, 4319721.693, 71
Trd, 4319723.343, 107
Trd, 4319725.593, 96
Trd, 4319726.043, 108
Trd, 4319726.843, 120
Trd, 4319729.293, 114
Trd, 4319729.793, 123
Trd, 4319730.043, 125
Trd, 4319730.193, 110
Trd, 4319730.693, 131
Trd, 4319730.793, 108
Trd, 4319731.243, 132
Trd, 4319731.843, 113
Trd, 4319732.493, 108
Trd, 4319732.593, 98
Trd, 4319734.093, 129
Trd, 4319735.443, 139
Trd, 4319736.743, 131
Trd, 4319736.843, 123
Trd, 4319737.043, 109
Trd, 4319737.393, 121
Trd, 4319737.893, 129
Trd, 4319738.293, 96
Trd, 4319739.293, 78
Trd, 4319739.893, 77
Trd, 4319740.843, 131
Trd, 4319741.093, 92
Trd, 4319742.793, 93
Trd, 4319743.143, 78
Trd, 4319744.743, 103
Trd, 4319746.743, 126
Trd, 4319747.593, 105
Trd, 4319749.043, 122
Trd, 4319749.293, 93
Trd, 4319749.743, 84
Trd, 4319751.243, 111
Trd, 4319752.343, 81
Trd, 4319753.043, 100
Trd, 4319753.293, 111
Trd, 4319753.843, 131
Trd, 4319753.893, 88
Trd, 4319754.143, 67
Trd, 4319755.043, 87
Trd, 4319755.793, 139
Trd, 4319757.093, 71
Trd, 4319757.343, 95
Trd, 4319757.793, 104
Trd, 4319758.443, 70
Trd, 4319758.993, 61
Trd, 4319759.743, 117
Trd, 4319759.893, 127
Trd, 4319761.093, 138
Trd, 4319761.143, 128
Trd, 4319761.343, 109
Trd, 4319762.893, 99
Trd, 4319763.693, 70
Trd, 4319764.193, 72
Trd, 4319764.643, 93
Trd, 4319765.393, 137
Trd, 4319765.793, 131
Trd, 4319766.143, 73
Trd, 4319768.843, 101
Trd, 4319769.493, 99
Trd, 4319769.543, 74
Trd, 4319770.743, 140
Trd, 4319772.293, 135
Trd, 4319773.093, 137
Trd, 4319773.543, 71
Trd, 4319773.593, 88
Trd, 4319774.893, 114
Trd, 4319775.143, 138
Trd, 4319775.743, 128
Trd, 4319778.043, 126
Trd, 4319780.343, 139
Trd, 4319780.843, 133
Trd, 4319781.793, 133
Trd, 4319782.793, 114
Trd, 4319782.843, 88
Trd, 4319783.343, 140
Trd, 4319783.593, 135
Trd, 4319784.343, 122
Trd, 4319785.393, 104
Trd, 4319786.143, 130
Trd, 4319787.343, 112
Trd, 4319788.043, 101
Trd, 4319788.093, 93
Trd, 4319788.143, 113
Trd, 4319789.243, 78
Trd, 4319789.343, 82
Trd, 4319792.243, 107
Trd, 4319792.943, 76
Trd, 4319793.443, 98
Trd, 4319794.293, 82
Trd, 4319795.093, 136
Trd, 4319795.593, 135
Trd, 4319795.893, 106
Trd, 4319796.793, 96
Trd, 4319797.143, 93
Trd, 4319797.193, 123
Trd, 4319797.393, 128
Trd, 4319798.293, 135
Trd, 4319799.193, 121
Trd, 4319801.393, 125
Trd, 4319801.693, 134
Trd, 4319802.793, 129
Trd, 4319802.893, 118
Trd, 4319802.943, 115
Trd, 4319803.393, 123
Trd, 4319803.993, 108
Trd, 4319804.843, 119
Trd, 4319805.593, 85
Trd, 4319806.693, 89
Trd, 4319806.943, 124
Trd, 4319807.743, 126
Trd, 4319808.393, 88
Trd, 4319808.543, 100
Trd, 4319809.043, 68
Trd, 4319809.143, 120
Trd, 4319809.443, 117
Trd, 4319810.243, 113
Trd, 4319812.643, 136
Trd, 4319814.143, 125
Trd, 4319815.343, 115
Trd, 4319815.543, 105
Trd, 4319815.593, 103
Trd, 4319815.643, 102
Trd, 4319818.343, 118
Trd, 4319818.943, 119
Trd, 4319819.493, 111
Trd, 4319820.493, 122
Trd, 4319821.043, 111
Trd, 4319821.643, 135
Trd, 4319822.043, 82
Trd, 4319822.143, 85
Trd, 4319823.893, 135
Trd, 4319824.543, 126
Trd, 4319824.993, 123
Trd, 4319826.493, 130
Trd, 4319827.293, 94
Trd, 4319827.793, 107
Trd, 4319827.943, 110
Trd, 4319828.243, 118
Trd, 4319828.443, 102
Trd, 4319831.193, 120
Trd, 4319832.593, 140
Trd, 4319833.043, 111
Trd, 4319833.443, 108
Trd, 4319833.743, 107
Trd, 4319834.293, 106
Trd, 4319836.393, 122
Trd, 4319837.343, 132
Trd, 4319838.043, 140
Trd, 4319838.493, 113
Trd, 4319839.743, 101
Trd, 4319840.043, 94
Trd, 4319840.943, 97
Trd, 4319841.493, 135
Trd, 4319842.043, 106
Trd, 4319842.093, 138
Trd, 4319842.993, 128
Trd, 4319843.093, 104
Trd, 4319843.593, 96
Trd, 4319843.743, 67
Trd, 4319844.643, 95
Trd, 4319845.443, 125
Trd, 4319845.493, 84
Trd, 4319846.993, 126
Trd, 4319848.293, 133
Trd, 4319848.893, 123
Trd, 4319849.193, 109
Trd, 4319850.693, 127
Trd, 4319851.543, 98
Trd, 4319851.643, 124
Trd, 4319851.943, 134
Trd, 4319852.443, 113
Trd, 4319853.043, 118
Trd, 4319854.543, 106
Trd, 4319856.143, 101
Trd, 4319856.643, 127
Trd, 4319857.843, 131
Trd, 4319857.893, 127
Trd, 4319858.743, 125
Trd, 4319859.693, 122
Trd, 4319861.643, 124
Trd, 4319863.043, 136
Trd, 4319864.493, 125
Trd, 4319864.593, 125
Trd, 4319865.593, 112
Trd, 4319866.293, 66
Trd, 4319866.843, 61
Trd, 4319867.043, 66
Trd, 4319867.643, 80
Trd, 4319869.443, 91
Trd, 4319870.743, 104
Trd, 4319870.893, 86
Trd, 4319870.943, 115
Trd, 4319871.043, 80
Trd, 4319872.143, 125
Trd, 4319872.393, 84
Trd, 4319872.743, 97
Trd, 4319873.143, 83
Trd, 4319875.243, 116
Trd, 4319876.043, 130
Trd, 4319876.393, 113
Trd, 4319877.293, 127
Trd, 4319877.493, 112
Trd, 4319877.543, 109
Trd, 4319878.193, 110
Trd, 4319878.593, 117
Trd, 4319878.993, 111
Trd, 4319879.143, 106
Trd, 4319880.643, 125
Trd, 4319880.843, 121
Trd, 4319880.993, 69
Trd, 4319881.293, 130
Trd, 4319882.393, 125
Trd, 4319883.493, 118
Trd, 4319883.943, 138
Trd, 4319885.043, 89
Trd, 4319888.343, 139
Trd, 4319888.393, 132
Trd, 4319888.793, 134
Trd, 4319889.393, 128
Trd, 4319889.793, 94
Trd, 4319890.293, 87
Trd, 4319890.893, 105
Trd, 4319891.293, 72
Trd, 4319891.443, 96
Trd, 4319892.293, 118
Trd, 4319894.143, 113
Trd, 4319894.243, 117
Trd, 4319894.943, 119
Trd, 4319895.043, 94
Trd, 4319895.293, 77
Trd, 4319897.543, 127
Trd, 4319898.343, 131
Trd, 4319899.293, 128
Trd, 4319899.343, 125
Trd, 4319900.893, 116
Trd, 4319901.993, 139
Trd, 4319902.243, 135
Trd, 4319902.943, 125
Trd, 4319903.243, 98
Trd, 4319905.743, 95
Trd, 4319905.793, 114
Trd, 4319906.143, 113
Trd, 4319906.693, 137
Trd, 4319907.743, 129
Trd, 4319907.793, 126
Trd, 4319908.293, 130
Trd, 4319908.943, 72
Trd, 4319909.343, 60
Trd, 4319910.543, 109
Trd, 4319910.693, 102
Trd, 4319911.443, 137
Trd, 4319912.143, 99
Trd, 4319913.543, 122
Trd, 4319913.943, 90
Trd, 4319915.043, 111
Trd, 4319915.593, 90
Trd, 4319916.143, 116
Trd, 4319917.043, 111
Trd, 4319917.093, 95
Trd, 4319917.393, 94
Trd, 4319917.493, 118
Trd, 4319919.843, 94
Trd, 4319919.893, 79
Trd, 4319920.643, 96
Trd, 4319923.793, 107
Trd, 4319923.843, 122
Trd, 4319924.393, 130
Trd, 4319925.243, 69
Trd, 4319926.743, 137
Trd, 4319928.543, 122
Trd, 4319928.893, 120
Trd, 4319928.943, 111
Trd, 4319929.143, 105
Trd, 4319929.343, 107
Trd, 4319930.343, 112
Trd, 4319930.843, 122
Trd, 4319931.393, 63
Trd, 4319932.943, 76
Trd, 4319932.993, 118
Trd, 4319933.993, 104
Trd, 4319934.493, 129
Trd, 4319934.943, 121
Trd, 4319934.993, 121
Trd, 4319935.443, 116
Trd, 4319935.943, 137
Trd, 4319937.293, 123
Trd, 4319937.393, 112
Trd, 4319940.893, 136
Trd, 4319941.293, 116
Trd, 4319942.993, 74
Trd, 4319944.043, 110
Trd, 4319944.643, 95
Trd, 4319945.393, 119
Trd, 4319945.693, 82
Trd, 4319946.993, 108
Trd, 4319948.393, 134
Trd, 4319948.443, 122
Trd, 4319948.493, 117
Trd, 4319948.693, 94
Trd, 4319950.043, 131
Trd, 4319950.193, 114
Trd, 4319950.543, 92
Trd, 4319952.593, 133
Trd, 4319953.743, 100
Trd, 4319955.043, 105
Trd, 4319955.593, 100
Trd, 4319956.343, 116
Trd, 4319956.593, 94
Trd, 4319956.843, 117
Trd, 4319957.743, 138
Trd, 4319959.143, 133
Trd, 4319960.293, 137
Trd, 4319960.893, 133
Trd, 4319962.143, 103
Trd, 4319962.393, 90
Trd, 4319963.143, 65
Trd, 4319964.393, 134
Trd, 4319965.943, 133
Trd, 4319966.143, 128
Trd, 4319967.243, 112
Trd, 4319968.793, 136
Trd, 4319968.893, 132
Trd, 4319970.243, 139
Trd, 4319970.293, 127
Trd, 4319971.193, 132
Trd, 4319972.893, 139
Trd, 4319973.093, 105
Trd, 4319974.193, 113
Trd, 4319974.493, 139
Trd, 4319974.743, 94
Trd, 4319975.143, 90
Trd, 4319976.093, 112
Trd, 4319976.493, 114
Trd, 4319976.693, 89
Trd, 4319977.443, 63
Trd, 4319979.543, 114
Trd, 4319979.743, 111
Trd, 4319980.443, 101
Trd, 4319982.093, 108
Trd, 4319982.393, 103
Trd, 4319982.693, 79
Trd, 4319983.393, 63
Trd, 4319983.843, 62
Trd, 4319983.993, 110
Trd, 4319984.643, 100
Trd, 4319985.043, 128
Trd, 4319985.393, 135
Trd, 4319986.293, 101
Trd, 4319986.993, 120
Trd, 4319988.393, 97
Trd, 4319988.943, 80
Trd, 4319989.043, 71
Trd, 4319990.043, 87
Trd, 4319990.743, 124
Trd, 4319991.143, 90
Trd, 4319991.993, 100
Trd, 4319994.993, 117
Trd, 4319995.693, 114
Trd, 4319995.893, 91
Trd, 4319996.343, 88
Trd, 4319996.743, 105
Trd, 4319997.843, 131
Trd, 4319998.443, 125
Trd, 4319998.793, 111
