Trd, 4318081.243, 138
Trd, 4318082.193, 140
Trd, 4318082.443, 140
Trd, 4318083.843, 140
Trd, 4318083.993, 140
Trd, 4318084.043, 137
Trd, 4318084.393, 123
Trd, 4318086.293, 60
Trd, 4318086.593, 65
Trd, 4318087.693, 60
Trd, 4318088.043, 140
Trd, 4318088.743, 140
Trd, 4318091.193, 140
Trd, 4318092.043, 140
Trd, 4318092.143, 140
Trd, 4318092.743, 140
Trd, 4318093.393, 140
Trd, 4318093.793, 140
Trd, 4318097.693, 140
Trd, 4318098.193, 140
Trd, 4318098.243, 140
Trd, 4318098.393, 140
Trd, 4318098.843, 140
Trd, 4318100.143, 140
Trd, 4318100.793, 140
Trd, 4318100.993, 140
Trd, 4318101.543, 140
Trd, 4318101.843, 138
Trd, 4318102.243, 138
Trd, 4318103.043, 140
Trd, 4318105.043, 140
Trd, 4318106.043, 140
Trd, 4318106.793, 140
Trd, 4318107.343, 140
Trd, 4318109.243, 140
Trd, 4318109.793, 140
Trd, 4318110.143, 140
Trd, 4318110.793, 140
Trd, 4318111.143, 140
Trd, 4318111.243, 140
Trd, 4318114.143, 140
Trd, 4318114.443, 140
Trd, 4318114.543, 140
Trd, 4318114.743, 139
Trd, 4318115.093, 140
Trd, 4318115.443, 140
Trd, 4318115.693, 140
Trd, 4318116.643, 140
Trd, 4318117.393, 134
Trd, 4318118.693, 138
Trd, 4318118.893, 140
Trd, 4318119.993, 140
Trd, 4318120.243, 140
Trd, 4318122.843, 140
Trd, 4318123.193, 140
Trd, 4318126.343, 140
Trd, 4318126.843, 140
Trd, 4318127.443, 140
Trd, 4318128.193, 140
Trd, 4318128.643, 140
Trd, 4318129.893, 140
Trd, 4318129.993, 139
Trd, 4318132.293, 140
Trd, 4318133.343, 140
Trd, 4318133.943, 140
Trd, 4318134.293, 140
Trd, 4318134.893, 140
Trd, 4318135.143, 139
Trd, 4318135.493, 139
Trd, 4318137.043, 140
Trd, 4318138.343, 140
Trd, 4318138.393, 138
Trd, 4318138.893, 137
Trd, 4318139.243, 140
Trd, 4318140.643, 140
Trd, 4318141.043, 140
Trd, 4318143.543, 140
Trd, 4318143.943, 140
Trd, 4318144.043, 140
Trd, 4318145.343, 140
Trd, 4318145.593, 140
Trd, 4318146.343, 140
Trd, 4318147.243, 140
Trd, 4318147.393, 140
Trd, 4318149.593, 140
Trd, 4318150.243, 140
Trd, 4318150.393, 140
Trd, 4318150.543, 140
Trd, 4318151.043, 140
Trd, 4318151.093, 139
Trd, 4318151.193, 110
Trd, 4318151.843, 140
Trd, 4318153.493, 91
Trd, 4318154.643, 88
Trd, 4318154.993, 89
Trd, 4318156.593, 60
Trd, 4318157.443, 60
Trd, 4318157.643, 69
Trd, 4318158.443, 81
Trd, 4318159.243, 90
Trd, 4318161.293, 86
Trd, 4318161.393, 78
Trd, 4318162.693, 79
Trd, 4318163.193, 74
Trd, 4318163.443, 80
Trd, 4318164.343, 61
Trd, 4318164.893, 61
Trd, 4318165.543, 63
Trd, 4318165.943, 61
Trd, 4318166.393, 61
Trd, 4318166.743, 64
Trd, 4318168.143, 140
Trd, 4318168.443, 140
Trd, 4318170.093, 140
Trd, 4318171.393, 140
Trd, 4318172.243, 140
Trd, 4318172.793, 140
Trd, 4318173.593, 140
Trd, 4318174.943, 140
Trd, 4318175.143, 140
Trd, 4318175.243, 140
Trd, 4318177.543, 140
Trd, 4318177.943, 140
Trd, 4318178.643, 140
Trd, 4318179.393, 140
Trd, 4318180.443, 140
Trd, 4318180.743, 140
Trd, 4318181.193, 140
Trd, 4318181.793, 140
Trd, 4318182.393, 140
Trd, 4318183.293, 140
Trd, 4318183.893, 139
Trd, 4318184.793, 140
Trd, 4318185.743, 140
Trd, 4318185.793, 140
Trd, 4318186.593, 140
Trd, 4318188.193, 140
Trd, 4318188.643, 140
Trd, 4318188.743, 140
Trd, 4318192.993, 140
Trd, 4318193.593, 140
Trd, 4318193.793, 140
Trd, 4318194.343, 140
Trd, 4318194.543, 139
Trd, 4318194.743, 140
Trd, 4318195.093, 140
Trd, 4318195.693, 140
Trd, 4318195.893, 140
Trd, 4318196.793, 140
Trd, 4318198.993, 140
Trd, 4318200.593, 140
Trd, 4318200.793, 140
Trd, 4318202.593, 140
Trd, 4318203.243, 140
Trd, 4318203.893, 140
Trd, 4318203.993, 140
Trd, 4318204.443, 140
Trd, 4318205.043, 140
Trd, 4318206.743, 140
Trd, 4318207.743, 140
Trd, 4318207.793, 140
Trd, 4318208.043, 140
Trd, 4318209.743, 140
Trd, 4318210.193, 140
Trd, 4318211.393, 140
Trd, 4318212.393, 140
Trd, 4318212.743, 140
Trd, 4318212.993, 140
Trd, 4318213.193, 139
Trd, 4318214.493, 140
Trd, 4318215.843, 140
Trd, 4318215.993, 140
Trd, 4318217.843, 140
Trd, 4318217.893, 140
Trd, 4318218.143, 140
Trd, 4318218.843, 140
Trd, 4318219.593, 140
Trd, 4318220.743, 140
Trd, 4318221.693, 140
Trd, 4318222.793, 140
Trd, 4318223.793, 140
Trd, 4318224.093, 140
Trd, 4318224.293, 140
Trd, 4318224.943, 139
Trd, 4318226.143, 140
Trd, 4318226.393, 140
Trd, 4318226.943, 140
Trd, 4318227.093, 139
Trd, 4318228.493, 140
Trd, 4318228.643, 140
Trd, 4318228.793, 140
Trd, 4318229.493, 140
Trd, 4318229.743, 140
Trd, 4318230.493, 139
Trd, 4318232.693, 140
Trd, 4318233.293, 139
Trd, 4318233.543, 138
Trd, 4318234.393, 102
Trd, 4318234.693, 103
Trd, 4318235.143, 105
Trd, 4318235.643, 102
Trd, 4318235.743, 130
Trd, 4318236.043, 73
Trd, 4318237.093, 60
Trd, 4318237.843, 118
Trd, 4318238.993, 73
Trd, 4318239.443, 115
Trd, 4318240.493, 79
Trd, 4318240.593, 72
Trd, 4318240.793, 110
Trd, 4318242.543, 140
Trd, 4318244.143, 140
Trd, 4318245.143, 140
Trd, 4318246.393, 140
Trd, 4318246.443, 140
Trd, 4318246.493, 140
Trd, 4318247.543, 140
Trd, 4318248.593, 140
Trd, 4318249.293, 140
Trd, 4318250.193, 140
Trd, 4318250.393, 140
Trd, 4318251.443, 140
Trd, 4318252.143, 140
Trd, 4318252.293, 138
Trd, 4318252.743, 138
Trd, 4318253.143, 140
Trd, 4318253.643, 136
Trd, 4318255.093, 66
Trd, 4318256.343, 140
Trd, 4318257.543, 140
Trd, 4318257.743, 140
Trd, 4318260.043, 140
Trd, 4318261.093, 140
Trd, 4318261.343, 140
Trd, 4318261.493, 140
Trd, 4318262.193, 140
Trd, 4318265.443, 140
Trd, 4318265.493, 140
Trd, 4318266.393, 140
Trd, 4318267.093, 140
Trd, 4318267.243, 140
Trd, 4318267.493, 140
Trd, 4318267.643, 140
Trd, 4318268.943, 140
Trd, 4318269.243, 140
Trd, 4318269.293, 140
Trd, 4318269.893, 140
Trd, 4318269.993, 139
Trd, 4318272.293, 140
Trd, 4318273.293, 140
Trd, 4318274.143, 140
Trd, 4318274.643, 140
Trd, 4318274.893, 140
Trd, 4318275.193, 140
Trd, 4318275.443, 139
Trd, 4318275.593, 137
Trd, 4318276.643, 140
Trd, 4318279.243, 140
Trd, 4318279.293, 140
Trd, 4318280.093, 140
Trd, 4318281.743, 140
Trd, 4318281.793, 140
Trd, 4318282.793, 140
Trd, 4318283.693, 140
Trd, 4318285.293, 140
Trd, 4318286.993, 140
Trd, 4318287.343, 140
Trd, 4318288.493, 140
Trd, 4318288.643, 140
Trd, 4318289.443, 140
Trd, 4318290.143, 140
Trd, 4318290.193, 140
Trd, 4318291.693, 140
Trd, 4318292.643, 140
Trd, 4318293.593, 140
Trd, 4318293.743, 140
Trd, 4318293.893, 139
Trd, 4318294.343, 140
Trd, 4318294.543, 139
Trd, 4318296.293, 140
Trd, 4318296.493, 140
Trd, 4318297.243, 140
Trd, 4318297.893, 104
Trd, 4318299.343, 140
Trd, 4318300.193, 140
Trd, 4318300.293, 140
Trd, 4318300.643, 140
Trd, 4318303.493, 140
Trd, 4318304.043, 140
Trd, 4318305.543, 140
Trd, 4318305.793, 140
Trd, 4318305.893, 140
Trd, 4318306.443, 140
Trd, 4318306.493, 139
Trd, 4318307.443, 140
Trd, 4318307.743, 140
Trd, 4318308.193, 140
Trd, 4318308.243, 139
Trd, 4318309.843, 140
Trd, 4318310.243, 140
Trd, 4318310.793, 140
Trd, 4318312.243, 140
Trd, 4318312.543, 140
Trd, 4318313.293, 140
Trd, 4318314.543, 140
Trd, 4318316.493, 140
Trd, 4318317.293, 140
Trd, 4318317.793, 140
Trd, 4318317.893, 140
Trd, 4318318.343, 140
Trd, 4318319.893, 140
Trd, 4318320.643, 140
Trd, 4318321.643, 140
Trd, 4318321.793, 140
Trd, 4318322.393, 140
Trd, 4318324.743, 140
Trd, 4318325.943, 140
Trd, 4318327.743, 140
Trd, 4318328.793, 140
Trd, 4318329.043, 140
Trd, 4318329.543, 140
Trd, 4318330.043, 140
Trd, 4318331.393, 140
Trd, 4318332.443, 140
Trd, 4318332.993, 140
Trd, 4318333.243, 140
Trd, 4318334.743, 140
Trd, 4318336.493, 140
Trd, 4318337.043, 140
Trd, 4318337.643, 140
Trd, 4318338.043, 140
Trd, 4318338.243, 140
Trd, 4318339.143, 140
Trd, 4318339.393, 140
Trd, 4318339.843, 140
Trd, 4318340.643, 140
Trd, 4318341.093, 140
Trd, 4318341.893, 140
Trd, 4318341.993, 140
Trd, 4318342.443, 140
Trd, 4318344.493, 140
Trd, 4318345.393, 140
Trd, 4318346.143, 140
Trd, 4318346.393, 140
Trd, 4318347.043, 140
Trd, 4318347.343, 140
Trd, 4318348.043, 140
Trd, 4318350.393, 140
Trd, 4318350.843, 140
Trd, 4318352.693, 140
Trd, 4318352.993, 140
Trd, 4318353.643, 140
Trd, 4318354.093, 140
Trd, 4318354.393, 140
Trd, 4318354.743, 140
Trd, 4318355.093, 139
Trd, 4318356.293, 140
Trd, 4318356.993, 140
Trd, 4318357.993, 140
Trd, 4318358.343, 140
Trd, 4318358.943, 140
Trd, 4318359.643, 140
Trd, 4318361.293, 140
Trd, 4318362.393, 140
Trd, 4318362.593, 140
Trd, 4318363.793, 140
Trd, 4318366.743, 140
Trd, 4318367.143, 140
Trd, 4318367.343, 140
Trd, 4318368.593, 140
Trd, 4318368.743, 140
Trd, 4318369.393, 140
Trd, 4318369.743, 140
Trd, 4318369.793, 139
Trd, 4318370.943, 139
Trd, 4318372.843, 140
Trd, 4318373.443, 140
Trd, 4318373.693, 140
Trd, 4318373.743, 140
Trd, 4318373.943, 140
Trd, 4318374.243, 139
Trd, 4318375.793, 86
Trd, 4318376.093, 84
Trd, 4318376.893, 123
Trd, 4318377.093, 90
Trd, 4318377.693, 140
Trd, 4318380.843, 140
Trd, 4318382.643, 140
Trd, 4318383.443, 140
Trd, 4318384.243, 140
Trd, 4318384.393, 140
Trd, 4318384.943, 140
Trd, 4318386.393, 140
Trd, 4318387.293, 140
Trd, 4318387.393, 140
Trd, 4318388.693, 140
Trd, 4318390.593, 140
Trd, 4318390.893, 140
Trd, 4318391.043, 140
Trd, 4318391.443, 140
Trd, 4318391.843, 140
Trd, 4318392.593, 140
Trd, 4318393.943, 140
Trd, 4318395.193, 140
Trd, 4318395.393, 140
Trd, 4318395.643, 140
Trd, 4318395.693, 140
Trd, 4318396.543, 140
Trd, 4318397.143, 140
Trd, 4318399.043, 140
Trd, 4318399.793, 140
Trd, 4318401.043, 140
Trd, 4318402.743, 140
Trd, 4318402.893, 140
Trd, 4318402.993, 140
Trd, 4318404.243, 140
Trd, 4318406.143, 140
Trd, 4318406.443, 140
Trd, 4318407.493, 140
Trd, 4318409.093, 140
Trd, 4318409.193, 140
Trd, 4318409.343, 140
Trd, 4318409.393, 140
Trd, 4318409.543, 140
Trd, 4318409.943, 140
Trd, 4318410.593, 140
Trd, 4318412.043, 140
Trd, 4318412.393, 140
Trd, 4318412.793, 140
Trd, 4318414.343, 140
Trd, 4318414.443, 140
Trd, 4318414.893, 140
Trd, 4318415.843, 139
Trd, 4318416.193, 137
Trd, 4318417.793, 139
Trd, 4318420.393, 140
Trd, 4318420.793, 140
Trd, 4318420.843, 140
Trd, 4318422.393, 140
Trd, 4318422.943, 140
Trd, 4318425.693, 140
Trd, 4318427.193, 140
Trd, 4318427.643, 140
Trd, 4318428.143, 140
Trd, 4318428.993, 140
Trd, 4318429.693, 140
Trd, 4318433.193, 140
Trd, 4318433.993, 140
Trd, 4318434.243, 140
Trd, 4318434.493, 140
Trd, 4318434.943, 140
Trd, 4318435.143, 139
Trd, 4318435.943, 140
Trd, 4318436.143, 140
Trd, 4318436.993, 140
Trd, 4318437.543, 140
Trd, 4318439.343, 140
Trd, 4318439.693, 140
Trd, 4318440.793, 140
Trd, 4318440.943, 140
Trd, 4318442.143, 140
Trd, 4318442.193, 140
Trd, 4318443.393, 140
Trd, 4318445.793, 140
Trd, 4318445.943, 140
Trd, 4318446.243, 140
Trd, 4318446.643, 140
Trd, 4318447.143, 140
Trd, 4318450.193, 140
Trd, 4318450.793, 140
Trd, 4318450.943, 140
Trd, 4318451.443, 140
Trd, 4318451.493, 140
Trd, 4318451.843, 140
Trd, 4318451.893, 139
Trd, 4318452.893, 85
Trd, 4318452.943, 84
Trd, 4318454.543, 140
Trd, 4318457.843, 140
Trd, 4318458.743, 140
Trd, 4318459.043, 140
Trd, 4318459.243, 140
Trd, 4318460.893, 140
Trd, 4318461.293, 140
Trd, 4318462.143, 140
Trd, 4318463.193, 140
Trd, 4318463.393, 140
Trd, 4318464.193, 140
Trd, 4318464.493, 140
Trd, 4318467.593, 140
Trd, 4318467.893, 140
Trd, 4318468.943, 140
Trd, 4318469.393, 140
Trd, 4318470.043, 140
Trd, 4318470.343, 140
Trd, 4318471.893, 140
Trd, 4318472.043, 140
Trd, 4318473.143, 140
Trd, 4318473.543, 140
Trd, 4318474.043, 140
Trd, 4318474.193, 139
Trd, 4318475.543, 70
Trd, 4318475.793, 72
Trd, 4318476.243, 63
Trd, 4318476.793, 140
Trd, 4318477.943, 140
Trd, 4318478.393, 140
Trd, 4318478.643, 140
Trd, 4318478.993, 101
Trd, 4318479.293, 134
Trd, 4318481.243, 140
Trd, 4318482.593, 140
Trd, 4318482.893, 140
Trd, 4318483.043, 140
Trd, 4318483.793, 126
Trd, 4318485.543, 98
Trd, 4318485.893, 78
Trd, 4318486.743, 91
Trd, 4318487.293, 65
Trd, 4318487.393, 65
Trd, 4318488.043, 64
Trd, 4318488.093, 67
Trd, 4318488.893, 70
Trd, 4318489.893, 140
Trd, 4318490.893, 140
Trd, 4318490.993, 140
Trd, 4318491.743, 140
Trd, 4318493.043, 140
Trd, 4318494.043, 140
Trd, 4318495.943, 140
Trd, 4318496.543, 140
Trd, 4318497.743, 140
Trd, 4318498.343, 140
Trd, 4318499.643, 140
Trd, 4318500.543, 140
Trd, 4318501.393, 140
Trd, 4318502.393, 140
Trd, 4318502.693, 140
Trd, 4318502.793, 140
Trd, 4318504.293, 140
Trd, 4318504.493, 140
Trd, 4318505.793, 140
Trd, 4318505.893, 140
Trd, 4318506.743, 140
Trd, 4318507.243, 140
Trd, 4318507.443, 140
Trd, 4318507.593, 139
Trd, 4318507.693, 98
Trd, 4318509.793, 140
Trd, 4318510.243, 140
Trd, 4318510.993, 140
Trd, 4318512.343, 140
Trd, 4318512.393, 140
Trd, 4318513.693, 140
Trd, 4318514.943, 140
Trd, 4318516.593, 140
Trd, 4318516.843, 140
Trd, 4318517.643, 140
Trd, 4318518.143, 140
Trd, 4318518.193, 140
Trd, 4318518.443, 140
Trd, 4318520.243, 140
Trd, 4318521.793, 140
Trd, 4318522.093, 140
Trd, 4318522.743, 140
Trd, 4318523.143, 140
Trd, 4318523.293, 140
Trd, 4318524.043, 140
Trd, 4318526.093, 140
Trd, 4318526.493, 140
Trd, 4318526.843, 140
Trd, 4318527.643, 140
Trd, 4318527.843, 140
Trd, 4318529.793, 140
Trd, 4318529.893, 140
Trd, 4318531.343, 140
Trd, 4318532.343, 140
Trd, 4318532.843, 140
Trd, 4318533.793, 140
Trd, 4318535.443, 140
Trd, 4318535.743, 140
Trd, 4318538.943, 140
Trd, 4318539.843, 140
Trd, 4318539.893, 140
Trd, 4318540.393, 140
Trd, 4318540.743, 140
Trd, 4318541.793, 139
Trd, 4318542.293, 138
Trd, 4318543.543, 140
Trd, 4318544.243, 139
Trd, 4318544.343, 139
Trd, 4318545.293, 140
Trd, 4318545.593, 114
Trd, 4318547.543, 60
Trd, 4318547.893, 60
Trd, 4318548.093, 60
Trd, 4318548.243, 64
Trd, 4318548.543, 70
Trd, 4318548.943, 94
Trd, 4318551.543, 67
Trd, 4318552.093, 68
Trd, 4318552.593, 60
Trd, 4318553.243, 61
Trd, 4318554.193, 93
Trd, 4318555.243, 140
Trd, 4318555.293, 139
Trd, 4318555.343, 64
Trd, 4318556.493, 61
Trd, 4318556.943, 60
Trd, 4318557.043, 60
Trd, 4318558.593, 60
Trd, 4318559.643, 140
Trd, 4318560.043, 140
Trd, 4318560.093, 140
Trd, 4318561.043, 140
Trd, 4318562.493, 140
Trd, 4318563.093, 140
Trd, 4318563.343, 140
Trd, 4318563.443, 140
Trd, 4318566.693, 140
Trd, 4318567.843, 140
Trd, 4318567.993, 140
Trd, 4318568.043, 140
Trd, 4318569.993, 140
Trd, 4318570.143, 140
Trd, 4318571.393, 140
Trd, 4318571.543, 140
Trd, 4318573.343, 140
Trd, 4318574.743, 140
Trd, 4318574.943, 140
Trd, 4318575.093, 140
Trd, 4318575.493, 140
Trd, 4318577.043, 140
Trd, 4318577.093, 140
Trd, 4318577.543, 140
Trd, 4318579.343, 140
Trd, 4318579.393, 140
Trd, 4318580.143, 140
Trd, 4318580.543, 140
Trd, 4318581.443, 140
Trd, 4318582.643, 140
Trd, 4318584.693, 140
Trd, 4318585.793, 140
Trd, 4318586.543, 140
Trd, 4318587.743, 140
Trd, 4318588.043, 140
Trd, 4318589.043, 140
Trd, 4318589.743, 140
Trd, 4318589.843, 140
Trd, 4318590.393, 140
Trd, 4318590.493, 140
Trd, 4318591.043, 140
Trd, 4318592.443, 140
Trd, 4318594.543, 140
Trd, 4318594.943, 140
Trd, 4318595.393, 140
Trd, 4318596.243, 140
Trd, 4318597.593, 140
Trd, 4318598.143, 140
Trd, 4318598.593, 140
Trd, 4318598.693, 140
Trd, 4318599.293, 140
Trd, 4318599.493, 139
Trd, 4318601.093, 140
Trd, 4318601.593, 140
Trd, 4318601.793, 140
Trd, 4318602.043, 139
Trd, 4318604.793, 140
Trd, 4318605.993, 140
Trd, 4318608.143, 140
Trd, 4318608.243, 140
Trd, 4318608.543, 140
Trd, 4318609.193, 140
Trd, 4318609.743, 139
Trd, 4318611.393, 140
Trd, 4318613.893, 140
Trd, 4318613.943, 140
Trd, 4318614.593, 140
Trd, 4318615.193, 140
Trd, 4318615.743, 140
Trd, 4318616.043, 140
Trd, 4318616.493, 140
Trd, 4318619.543, 140
Trd, 4318619.643, 140
Trd, 4318620.493, 140
Trd, 4318621.943, 140
Trd, 4318623.993, 140
Trd, 4318625.393, 140
Trd, 4318626.343, 140
Trd, 4318626.393, 140
Trd, 4318627.293, 140
Trd, 4318627.393, 140
Trd, 4318628.043, 140
Trd, 4318628.693, 140
Trd, 4318629.493, 140
Trd, 4318630.293, 140
Trd, 4318632.293, 140
Trd, 4318632.993, 140
Trd, 4318633.093, 140
Trd, 4318634.093, 140
Trd, 4318634.143, 140
Trd, 4318634.343, 140
Trd, 4318635.093, 140
Trd, 4318635.593, 139
Trd, 4318637.243, 140
Trd, 4318638.793, 140
Trd, 4318640.543, 140
Trd, 4318640.993, 140
Trd, 4318641.493, 140
Trd, 4318642.043, 140
Trd, 4318642.443, 140
Trd, 4318642.893, 140
Trd, 4318643.393, 140
Trd, 4318643.543, 140
Trd, 4318643.593, 139
Trd, 4318644.593, 111
Trd, 4318646.493, 61
Trd, 4318646.593, 116
Trd, 4318647.443, 67
Trd, 4318649.293, 139
Trd, 4318650.593, 140
Trd, 4318650.843, 140
Trd, 4318652.943, 140
Trd, 4318653.543, 140
Trd, 4318653.693, 140
Trd, 4318653.893, 140
Trd, 4318654.243, 139
Trd, 4318654.443, 137
Trd, 4318655.893, 140
Trd, 4318656.643, 140
Trd, 4318657.693, 140
Trd, 4318658.143, 140
Trd, 4318658.693, 140
Trd, 4318658.843, 140
Trd, 4318658.993, 139
Trd, 4318659.893, 140
Trd, 4318659.993, 137
Trd, 4318660.743, 140
Trd, 4318662.443, 140
Trd, 4318662.643, 140
Trd, 4318664.293, 140
Trd, 4318666.443, 140
Trd, 4318666.543, 140
Trd, 4318667.093, 140
Trd, 4318667.443, 140
Trd, 4318667.543, 140
Trd, 4318668.243, 138
Trd, 4318670.493, 140
Trd, 4318671.743, 140
Trd, 4318672.293, 140
Trd, 4318673.243, 140
Trd, 4318673.393, 140
Trd, 4318673.893, 140
Trd, 4318674.193, 140
Trd, 4318675.243, 140
Trd, 4318675.693, 140
Trd, 4318677.393, 140
Trd, 4318677.843, 140
Trd, 4318678.243, 140
Trd, 4318678.993, 140
Trd, 4318680.293, 140
Trd, 4318680.643, 140
Trd, 4318682.093, 140
Trd, 4318683.693, 140
Trd, 4318684.093, 140
Trd, 4318684.193, 140
Trd, 4318684.993, 140
Trd, 4318685.793, 140
Trd, 4318685.843, 140
Trd, 4318686.593, 140
Trd, 4318688.743, 140
Trd, 4318689.393, 140
Trd, 4318689.443, 140
Trd, 4318689.743, 140
Trd, 4318691.043, 140
Trd, 4318691.493, 140
Trd, 4318691.693, 140
Trd, 4318693.793, 140
Trd, 4318693.943, 140
Trd, 4318694.643, 140
Trd, 4318695.043, 140
Trd, 4318695.193, 140
Trd, 4318695.393, 140
Trd, 4318696.193, 139
Trd, 4318696.543, 140
Trd, 4318697.843, 140
Trd, 4318699.143, 140
Trd, 4318699.593, 140
Trd, 4318699.893, 140
Trd, 4318700.893, 140
Trd, 4318701.243, 140
Trd, 4318702.093, 140
Trd, 4318702.343, 140
Trd, 4318702.593, 140
Trd, 4318703.143, 140
Trd, 4318703.843, 140
Trd, 4318704.193, 140
Trd, 4318704.293, 140
Trd, 4318704.393, 140
Trd, 4318705.043, 140
Trd, 4318705.793, 139
Trd, 4318706.643, 139
Trd, 4318707.093, 140
Trd, 4318707.693, 139
Trd, 4318709.093, 140
Trd, 4318709.443, 140
Trd, 4318709.793, 138
Trd, 4318709.843, 138
Trd, 4318711.693, 63
Trd, 4318712.443, 140
Trd, 4318714.943, 140
Trd, 4318715.193, 140
Trd, 4318715.493, 140
Trd, 4318716.843, 140
Trd, 4318718.043, 140
Trd, 4318718.493, 140
Trd, 4318718.643, 140
Trd, 4318718.693, 140
Trd, 4318718.993, 114
Trd, 4318719.393, 112
Trd, 4318721.843, 140
Trd, 4318721.893, 140
Trd, 4318722.743, 140
Trd, 4318724.343, 140
Trd, 4318726.043, 140
Trd, 4318726.843, 140
Trd, 4318728.643, 140
Trd, 4318728.893, 140
Trd, 4318729.293, 140
Trd, 4318730.893, 140
Trd, 4318732.043, 140
Trd, 4318732.193, 140
Trd, 4318733.093, 140
Trd, 4318733.593, 140
Trd, 4318733.843, 140
Trd, 4318734.493, 140
Trd, 4318734.693, 140
Trd, 4318736.293, 140
Trd, 4318736.493, 140
Trd, 4318736.643, 119
Trd, 4318736.793, 138
Trd, 4318737.993, 140
Trd, 4318738.343, 140
Trd, 4318740.443, 140
Trd, 4318742.643, 140
Trd, 4318744.293, 140
Trd, 4318744.343, 140
Trd, 4318744.943, 140
Trd, 4318745.193, 140
Trd, 4318745.543, 140
Trd, 4318747.343, 140
Trd, 4318749.943, 140
Trd, 4318750.043, 140
Trd, 4318751.493, 140
Trd, 4318752.493, 140
Trd, 4318752.593, 140
Trd, 4318753.643, 140
Trd, 4318754.193, 140
Trd, 4318754.293, 140
Trd, 4318754.443, 140
Trd, 4318754.793, 137
Trd, 4318754.993, 138
Trd, 4318755.293, 139
Trd, 4318755.993, 138
Trd, 4318758.493, 140
Trd, 4318758.943, 140
Trd, 4318760.643, 140
Trd, 4318761.543, 140
Trd, 4318763.243, 140
Trd, 4318763.693, 140
Trd, 4318765.443, 140
Trd, 4318765.543, 140
Trd, 4318765.793, 140
Trd, 4318766.493, 140
Trd, 4318766.893, 140
Trd, 4318767.043, 140
Trd, 4318767.243, 140
Trd, 4318767.793, 140
Trd, 4318769.443, 140
Trd, 4318770.093, 140
Trd, 4318770.793, 140
Trd, 4318771.043, 140
Trd, 4318771.643, 140
Trd, 4318773.293, 140
Trd, 4318774.343, 140
Trd, 4318774.943, 140
Trd, 4318775.043, 140
Trd, 4318775.193, 140
Trd, 4318776.643, 140
Trd, 4318777.093, 140
Trd, 4318777.543, 140
Trd, 4318778.843, 140
Trd, 4318780.143, 140
Trd, 4318781.043, 140
Trd, 4318781.893, 140
Trd, 4318782.093, 140
Trd, 4318784.093, 140
Trd, 4318784.143, 140
Trd, 4318784.493, 140
Trd, 4318785.043, 140
Trd, 4318785.143, 140
Trd, 4318785.193, 140
Trd, 4318786.193, 139
Trd, 4318787.093, 111
Trd, 4318787.243, 72
Trd, 4318788.143, 60
Trd, 4318788.543, 60
Trd, 4318788.643, 65
Trd, 4318789.543, 140
Trd, 4318791.743, 72
Trd, 4318792.243, 101
Trd, 4318792.393, 101
Trd, 4318792.593, 96
Trd, 4318793.643, 66
Trd, 4318794.393, 108
Trd, 4318794.593, 71
Trd, 4318795.543, 85
Trd, 4318795.893, 125
Trd, 4318796.943, 73
Trd, 4318798.293, 140
Trd, 4318798.543, 140
Trd, 4318799.893, 140
Trd, 4318800.193, 140
Trd, 4318801.293, 105
Trd, 4318801.393, 106
Trd, 4318802.243, 105
Trd, 4318802.293, 106
Trd, 4318802.843, 65
Trd, 4318802.993, 108
Trd, 4318803.493, 109
Trd, 4318805.543, 67
Trd, 4318806.143, 109
Trd, 4318806.543, 78
Trd, 4318808.193, 60
Trd, 4318808.793, 60
Trd, 4318809.943, 85
Trd, 4318810.693, 72
Trd, 4318811.493, 64
Trd, 4318812.243, 65
Trd, 4318812.593, 67
Trd, 4318813.143, 123
Trd, 4318814.343, 140
Trd, 4318815.193, 140
Trd, 4318815.543, 140
Trd, 4318815.743, 140
Trd, 4318817.593, 140
Trd, 4318819.293, 140
Trd, 4318820.093, 140
Trd, 4318821.943, 140
Trd, 4318823.493, 140
Trd, 4318824.193, 140
Trd, 4318824.643, 140
Trd, 4318824.943, 139
Trd, 4318825.143, 121
Trd, 4318826.043, 140
Trd, 4318826.393, 140
Trd, 4318826.543, 140
Trd, 4318826.793, 67
Trd, 4318827.293, 138
Trd, 4318828.943, 139
Trd, 4318829.243, 138
Trd, 4318830.243, 113
Trd, 4318830.443, 108
Trd, 4318830.893, 66
Trd, 4318831.643, 63
Trd, 4318832.443, 112
Trd, 4318834.293, 65
Trd, 4318834.393, 65
Trd, 4318835.143, 63
Trd, 4318836.143, 78
Trd, 4318836.593, 77
Trd, 4318836.693, 76
Trd, 4318837.343, 74
Trd, 4318838.193, 77
Trd, 4318838.843, 75
Trd, 4318839.743, 61
Trd, 4318839.943, 103
Trd, 4318839.993, 134
Trd, 4318842.243, 131
Trd, 4318843.343, 60
Trd, 4318844.043, 61
Trd, 4318844.093, 62
Trd, 4318844.593, 60
Trd, 4318844.893, 109
Trd, 4318845.593, 62
Trd, 4318845.843, 91
Trd, 4318846.593, 140
Trd, 4318846.693, 140
Trd, 4318847.243, 140
Trd, 4318847.693, 136
Trd, 4318848.893, 140
Trd, 4318848.943, 140
Trd, 4318849.443, 140
Trd, 4318850.843, 140
Trd, 4318852.043, 140
Trd, 4318852.093, 140
Trd, 4318853.643, 140
Trd, 4318854.493, 140
Trd, 4318854.893, 140
Trd, 4318855.243, 140
Trd, 4318856.993, 140
Trd, 4318857.693, 140
Trd, 4318858.043, 140
Trd, 4318858.343, 140
Trd, 4318858.393, 139
Trd, 4318859.943, 140
Trd, 4318860.143, 140
Trd, 4318861.493, 140
Trd, 4318861.593, 140
Trd, 4318862.993, 140
Trd, 4318863.993, 140
Trd, 4318864.693, 138
Trd, 4318864.943, 136
Trd, 4318865.843, 136
Trd, 4318866.193, 134
Trd, 4318866.543, 135
Trd, 4318867.343, 140
Trd, 4318868.343, 124
Trd, 4318869.393, 60
Trd, 4318869.593, 60
Trd, 4318870.943, 60
Trd, 4318871.093, 61
Trd, 4318872.843, 60
Trd, 4318874.043, 60
Trd, 4318875.693, 60
Trd, 4318875.743, 60
Trd, 4318875.943, 61
Trd, 4318876.143, 96
Trd, 4318876.493, 62
Trd, 4318877.493, 73
Trd, 4318878.693, 136
Trd, 4318879.343, 71
Trd, 4318879.443, 72
Trd, 4318879.843, 61
Trd, 4318880.843, 62
Trd, 4318881.393, 60
Trd, 4318881.443, 68
Trd, 4318882.543, 140
Trd, 4318883.293, 140
Trd, 4318885.243, 139
Trd, 4318885.343, 138
Trd, 4318886.993, 140
Trd, 4318887.093, 140
Trd, 4318887.993, 140
Trd, 4318888.893, 140
Trd, 4318888.993, 134
Trd, 4318889.443, 134
Trd, 4318889.643, 136
Trd, 4318890.493, 136
Trd, 4318891.443, 62
Trd, 4318891.943, 135
Trd, 4318894.243, 62
Trd, 4318895.043, 62
Trd, 4318895.343, 63
Trd, 4318895.643, 61
Trd, 4318896.693, 126
Trd, 4318897.893, 140
Trd, 4318899.293, 140
Trd, 4318899.593, 140
Trd, 4318901.193, 140
Trd, 4318901.743, 140
Trd, 4318901.993, 140
Trd, 4318902.093, 139
Trd, 4318902.693, 139
Trd, 4318903.143, 111
Trd, 4318906.093, 140
Trd, 4318907.093, 140
Trd, 4318907.143, 140
Trd, 4318908.093, 140
Trd, 4318908.393, 140
Trd, 4318909.543, 140
Trd, 4318910.943, 140
Trd, 4318911.943, 140
Trd, 4318912.193, 140
Trd, 4318912.293, 140
Trd, 4318913.093, 140
Trd, 4318913.243, 139
Trd, 4318913.443, 139
Trd, 4318914.693, 140
Trd, 4318915.093, 140
Trd, 4318915.793, 140
Trd, 4318916.793, 140
Trd, 4318917.393, 140
Trd, 4318917.743, 140
Trd, 4318917.893, 140
Trd, 4318920.793, 140
Trd, 4318922.043, 140
Trd, 4318922.843, 140
Trd, 4318923.293, 140
Trd, 4318924.343, 140
Trd, 4318924.543, 140
Trd, 4318924.693, 140
Trd, 4318925.193, 139
Trd, 4318925.593, 140
Trd, 4318926.243, 139
Trd, 4318928.093, 140
Trd, 4318928.443, 140
Trd, 4318929.243, 140
Trd, 4318929.393, 139
Trd, 4318929.843, 139
Trd, 4318931.443, 139
Trd, 4318932.343, 140
Trd, 4318933.443, 140
Trd, 4318933.843, 140
Trd, 4318935.593, 140
Trd, 4318936.143, 140
Trd, 4318937.343, 140
Trd, 4318938.193, 140
Trd, 4318938.993, 140
Trd, 4318939.393, 140
Trd, 4318939.643, 140
Trd, 4318939.793, 140
Trd, 4318940.493, 84
Trd, 4318941.643, 140
Trd, 4318941.843, 140
Trd, 4318942.593, 140
Trd, 4318942.843, 109
Trd, 4318945.443, 140
Trd, 4318945.643, 140
Trd, 4318946.243, 140
Trd, 4318946.593, 140
Trd, 4318946.893, 140
Trd, 4318947.343, 139
Trd, 4318947.993, 140
Trd, 4318948.193, 140
Trd, 4318949.143, 140
Trd, 4318949.393, 140
Trd, 4318950.093, 140
Trd, 4318950.693, 140
Trd, 4318950.843, 139
Trd, 4318952.343, 140
Trd, 4318954.093, 140
Trd, 4318954.143, 140
Trd, 4318955.293, 140
Trd, 4318955.393, 140
Trd, 4318955.643, 139
Trd, 4318956.993, 60
Trd, 4318958.393, 60
Trd, 4318958.693, 62
Trd, 4318958.743, 72
Trd, 4318959.943, 75
Trd, 4318960.143, 104
Trd, 4318961.193, 64
Trd, 4318962.393, 115
Trd, 4318962.493, 94
Trd, 4318962.643, 116
Trd, 4318963.793, 105
Trd, 4318963.993, 69
Trd, 4318964.093, 68
Trd, 4318966.493, 140
Trd, 4318966.793, 140
Trd, 4318967.043, 140
Trd, 4318968.793, 140
Trd, 4318969.493, 140
Trd, 4318970.843, 140
Trd, 4318970.893, 140
Trd, 4318972.143, 140
Trd, 4318972.293, 140
Trd, 4318972.393, 140
Trd, 4318972.843, 140
Trd, 4318973.343, 140
Trd, 4318973.443, 139
Trd, 4318973.593, 140
Trd, 4318975.843, 60
Trd, 4318978.293, 60
Trd, 4318978.343, 60
Trd, 4318979.393, 61
Trd, 4318980.043, 61
Trd, 4318981.143, 140
Trd, 4318981.343, 140
Trd, 4318982.493, 140
Trd, 4318983.443, 140
Trd, 4318983.543, 140
Trd, 4318984.643, 140
Trd, 4318986.043, 140
Trd, 4318986.093, 140
Trd, 4318986.493, 140
Trd, 4318986.943, 140
Trd, 4318988.093, 139
Trd, 4318988.343, 139
Trd, 4318989.243, 140
Trd, 4318989.343, 140
Trd, 4318989.643, 140
Trd, 4318992.143, 140
Trd, 4318992.393, 140
Trd, 4318993.693, 140
Trd, 4318993.743, 140
Trd, 4318994.043, 140
Trd, 4318995.643, 140
Trd, 4318996.543, 140
Trd, 4318996.643, 140
Trd, 4318998.093, 140
Trd, 4318998.143, 140
Trd, 4318998.243, 140
Trd, 4318998.693, 139
Trd, 4319000.543, 140
Trd, 4319001.393, 140
Trd, 4319001.693, 140
Trd, 4319002.543, 140
Trd, 4319004.243, 140
Trd, 4319004.643, 140
Trd, 4319004.693, 139
Trd, 4319005.743, 140
Trd, 4319005.793, 140
Trd, 4319006.143, 139
Trd, 4319008.493, 139
Trd, 4319009.093, 140
Trd, 4319009.793, 140
Trd, 4319010.043, 140
Trd, 4319010.343, 140
Trd, 4319010.543, 139
Trd, 4319010.593, 138
Trd, 4319011.043, 103
Trd, 4319011.993, 138
Trd, 4319012.743, 139
Trd, 4319013.693, 139
Trd, 4319014.693, 140
Trd, 4319016.993, 140
Trd, 4319017.743, 140
Trd, 4319017.943, 140
Trd, 4319018.243, 140
Trd, 4319021.043, 140
Trd, 4319021.393, 140
Trd, 4319021.593, 140
Trd, 4319023.543, 140
Trd, 4319023.843, 140
Trd, 4319025.193, 140
Trd, 4319026.843, 140
Trd, 4319027.093, 140
Trd, 4319027.793, 140
Trd, 4319028.243, 140
Trd, 4319028.293, 140
Trd, 4319029.943, 140
Trd, 4319030.793, 140
Trd, 4319030.843, 140
Trd, 4319031.543, 140
Trd, 4319032.043, 140
Trd, 4319033.593, 140
Trd, 4319034.243, 140
Trd, 4319034.743, 140
Trd, 4319035.943, 140
Trd, 4319036.543, 140
Trd, 4319038.443, 140
Trd, 4319038.943, 140
Trd, 4319039.343, 140
Trd, 4319041.543, 140
Trd, 4319041.893, 140
Trd, 4319041.943, 140
Trd, 4319043.143, 140
Trd, 4319043.193, 140
Trd, 4319043.593, 140
Trd, 4319043.943, 140
Trd, 4319044.943, 140
Trd, 4319045.343, 140
Trd, 4319045.693, 140
Trd, 4319047.743, 140
Trd, 4319049.193, 140
Trd, 4319049.243, 139
Trd, 4319051.193, 140
Trd, 4319051.293, 140
Trd, 4319051.693, 140
Trd, 4319052.043, 140
Trd, 4319053.843, 140
Trd, 4319054.543, 140
Trd, 4319055.093, 140
Trd, 4319055.793, 139
Trd, 4319057.043, 140
Trd, 4319057.743, 140
Trd, 4319057.993, 140
Trd, 4319058.743, 140
Trd, 4319058.843, 140
Trd, 4319059.643, 140
Trd, 4319061.393, 140
Trd, 4319062.243, 140
Trd, 4319062.643, 140
Trd, 4319062.743, 140
Trd, 4319062.843, 140
Trd, 4319063.243, 140
Trd, 4319065.043, 140
Trd, 4319065.593, 140
Trd, 4319066.543, 140
Trd, 4319067.943, 140
Trd, 4319068.593, 140
Trd, 4319068.893, 140
Trd, 4319071.143, 140
Trd, 4319071.493, 140
Trd, 4319072.143, 140
Trd, 4319073.743, 140
Trd, 4319073.793, 140
Trd, 4319074.743, 140
Trd, 4319074.793, 140
Trd, 4319076.643, 140
Trd, 4319077.043, 140
Trd, 4319077.293, 140
Trd, 4319078.443, 140
Trd, 4319078.493, 140
Trd, 4319079.543, 140
Trd, 4319079.793, 140
Trd, 4319081.193, 140
Trd, 4319081.793, 140
Trd, 4319083.193, 140
Trd, 4319083.243, 140
Trd, 4319084.793, 140
Trd, 4319085.043, 140
Trd, 4319085.893, 140
Trd, 4319088.343, 140
Trd, 4319088.443, 140
Trd, 4319088.743, 140
Trd, 4319089.293, 140
Trd, 4319089.943, 140
Trd, 4319090.043, 140
Trd, 4319091.243, 140
Trd, 4319091.343, 99
Trd, 4319091.793, 139
Trd, 4319093.343, 140
Trd, 4319093.543, 140
Trd, 4319093.893, 140
Trd, 4319095.093, 140
Trd, 4319096.493, 140
Trd, 4319098.493, 140
Trd, 4319098.793, 140
Trd, 4319098.893, 140
Trd, 4319099.093, 140
Trd, 4319099.193, 138
Trd, 4319100.093, 64
Trd, 4319101.093, 138
Trd, 4319102.043, 60
Trd, 4319103.143, 60
Trd, 4319103.593, 60
Trd, 4319103.643, 61
Trd, 4319103.993, 60
Trd, 4319105.693, 65
Trd, 4319106.843, 60
Trd, 4319107.043, 64
Trd, 4319107.943, 63
Trd, 4319109.193, 60
Trd, 4319109.443, 60
Trd, 4319109.693, 61
Trd, 4319109.743, 84
Trd, 4319110.543, 61
Trd, 4319112.543, 60
Trd, 4319112.693, 103
Trd, 4319112.843, 104
Trd, 4319116.343, 60
Trd, 4319116.743, 60
Trd, 4319118.193, 60
Trd, 4319118.543, 70
Trd, 4319118.793, 102
Trd, 4319119.993, 99
Trd, 4319121.893, 140
Trd, 4319121.943, 140
Trd, 4319123.993, 140
Trd, 4319124.293, 140
Trd, 4319124.993, 140
Trd, 4319125.643, 140
Trd, 4319126.443, 140
Trd, 4319126.743, 140
Trd, 4319127.693, 140
Trd, 4319128.043, 140
Trd, 4319131.243, 140
Trd, 4319131.393, 140
Trd, 4319132.143, 140
Trd, 4319132.943, 140
Trd, 4319133.243, 140
Trd, 4319133.393, 140
Trd, 4319133.543, 140
Trd, 4319136.543, 140
Trd, 4319137.143, 140
Trd, 4319137.443, 140
Trd, 4319137.543, 139
Trd, 4319138.493, 140
Trd, 4319138.593, 140
Trd, 4319139.743, 139
Trd, 4319139.993, 140
Trd, 4319142.043, 140
Trd, 4319142.793, 140
Trd, 4319144.193, 140
Trd, 4319144.343, 140
Trd, 4319144.393, 137
Trd, 4319145.793, 140
Trd, 4319146.493, 140
Trd, 4319146.993, 140
Trd, 4319147.493, 140
Trd, 4319147.893, 140
Trd, 4319148.643, 140
Trd, 4319149.093, 140
Trd, 4319151.093, 140
Trd, 4319151.193, 140
Trd, 4319152.443, 140
Trd, 4319152.493, 140
Trd, 4319152.943, 140
Trd, 4319153.043, 139
Trd, 4319154.843, 140
Trd, 4319156.893, 140
Trd, 4319157.693, 140
Trd, 4319158.243, 140
Trd, 4319158.793, 140
Trd, 4319159.943, 140
Trd, 4319160.893, 140
Trd, 4319160.993, 140
Trd, 4319162.693, 140
Trd, 4319162.893, 140
Trd, 4319163.293, 140
Trd, 4319163.593, 140
Trd, 4319164.243, 140
Trd, 4319165.693, 140
Trd, 4319166.493, 140
Trd, 4319166.593, 140
Trd, 4319168.993, 140
Trd, 4319169.043, 140
Trd, 4319169.093, 140
Trd, 4319170.293, 140
Trd, 4319170.843, 140
Trd, 4319171.343, 140
Trd, 4319171.393, 140
Trd, 4319171.443, 140
Trd, 4319172.093, 140
Trd, 4319173.193, 140
Trd, 4319174.693, 140
Trd, 4319174.743, 139
Trd, 4319177.943, 140
Trd, 4319180.943, 140
Trd, 4319181.343, 140
Trd, 4319181.393, 140
Trd, 4319181.493, 140
Trd, 4319181.893, 140
Trd, 4319182.593, 140
Trd, 4319184.393, 140
Trd, 4319184.443, 140
Trd, 4319185.393, 140
Trd, 4319185.593, 140
Trd, 4319185.693, 140
Trd, 4319185.893, 140
Trd, 4319186.693, 140
Trd, 4319188.093, 140
Trd, 4319188.693, 140
Trd, 4319189.143, 140
Trd, 4319189.543, 140
Trd, 4319189.643, 140
Trd, 4319191.643, 140
Trd, 4319192.993, 140
Trd, 4319194.393, 140
Trd, 4319194.843, 140
Trd, 4319194.893, 140
Trd, 4319195.543, 140
Trd, 4319195.643, 140
Trd, 4319196.993, 140
Trd, 4319197.143, 139
Trd, 4319197.943, 140
Trd, 4319198.243, 140
Trd, 4319198.443, 140
Trd, 4319199.293, 140
Trd, 4319199.343, 140
Trd, 4319199.843, 138
Trd, 4319201.443, 140
Trd, 4319201.943, 140
Trd, 4319203.843, 140
Trd, 4319205.793, 140
Trd, 4319205.943, 140
Trd, 4319206.243, 140
Trd, 4319206.593, 140
Trd, 4319206.743, 140
Trd, 4319207.043, 98
Trd, 4319207.943, 60
Trd, 4319208.393, 60
Trd, 4319208.943, 76
Trd, 4319210.493, 74
Trd, 4319210.843, 77
Trd, 4319211.343, 82
Trd, 4319213.443, 60
Trd, 4319214.043, 60
Trd, 4319214.543, 60
Trd, 4319214.693, 61
Trd, 4319215.193, 60
Trd, 4319215.643, 78
Trd, 4319216.543, 129
Trd, 4319217.693, 140
Trd, 4319218.193, 140
Trd, 4319219.643, 140
Trd, 4319220.193, 140
Trd, 4319220.593, 140
Trd, 4319220.943, 140
Trd, 4319220.993, 140
Trd, 4319221.493, 140
Trd, 4319222.143, 140
Trd, 4319222.243, 139
Trd, 4319222.493, 140
Trd, 4319222.693, 98
Trd, 4319223.143, 138
Trd, 4319225.143, 140
Trd, 4319225.793, 140
Trd, 4319226.343, 140
Trd, 4319227.943, 140
Trd, 4319228.943, 140
Trd, 4319229.043, 140
Trd, 4319230.793, 140
Trd, 4319231.393, 140
Trd, 4319232.843, 140
Trd, 4319232.943, 140
Trd, 4319235.293, 140
Trd, 4319235.393, 140
Trd, 4319236.693, 140
Trd, 4319237.343, 140
Trd, 4319237.893, 140
Trd, 4319238.393, 140
Trd, 4319238.593, 140
Trd, 4319239.243, 137
Trd, 4319239.393, 117
Trd, 4319239.993, 118
Trd, 4319240.593, 140
Trd, 4319241.793, 140
Trd, 4319243.343, 140
Trd, 4319244.893, 140
Trd, 4319245.993, 140
Trd, 4319247.343, 140
Trd, 4319248.193, 140
Trd, 4319248.493, 140
Trd, 4319248.593, 140
Trd, 4319250.343, 140
Trd, 4319250.393, 140
Trd, 4319250.593, 140
Trd, 4319250.943, 140
Trd, 4319251.943, 140
Trd, 4319252.193, 140
Trd, 4319254.193, 140
Trd, 4319254.443, 140
Trd, 4319255.143, 140
Trd, 4319256.293, 140
Trd, 4319257.743, 140
Trd, 4319259.343, 140
Trd, 4319259.943, 140
Trd, 4319260.043, 140
Trd, 4319260.593, 140
Trd, 4319260.793, 140
Trd, 4319261.343, 140
Trd, 4319261.893, 140
Trd, 4319262.943, 140
Trd, 4319264.243, 140
Trd, 4319264.643, 140
Trd, 4319264.743, 140
Trd, 4319264.893, 140
Trd, 4319265.993, 140
Trd, 4319267.093, 140
Trd, 4319268.143, 140
Trd, 4319268.843, 140
Trd, 4319269.693, 140
Trd, 4319269.743, 139
Trd, 4319270.293, 138
Trd, 4319271.743, 140
Trd, 4319273.143, 140
Trd, 4319274.293, 140
Trd, 4319274.693, 140
Trd, 4319275.043, 140
Trd, 4319277.393, 140
Trd, 4319277.943, 140
Trd, 4319279.193, 140
Trd, 4319280.693, 140
Trd, 4319281.743, 140
Trd, 4319282.043, 140
Trd, 4319284.593, 140
Trd, 4319285.093, 140
Trd, 4319285.243, 140
Trd, 4319285.343, 140
Trd, 4319285.993, 140
Trd, 4319286.143, 140
Trd, 4319286.793, 63
Trd, 4319287.443, 60
Trd, 4319288.493, 101
Trd, 4319291.893, 140
Trd, 4319292.193, 140
Trd, 4319292.443, 140
Trd, 4319294.443, 140
Trd, 4319294.493, 140
Trd, 4319294.843, 139
Trd, 4319295.393, 140
Trd, 4319297.493, 140
Trd, 4319298.293, 140
Trd, 4319298.993, 140
Trd, 4319299.043, 140
Trd, 4319300.743, 140
Trd, 4319301.543, 140
Trd, 4319301.993, 140
Trd, 4319302.843, 140
Trd, 4319302.993, 140
Trd, 4319304.143, 140
Trd, 4319304.643, 140
Trd, 4319304.843, 140
Trd, 4319305.593, 140
Trd, 4319305.843, 140
Trd, 4319306.443, 140
Trd, 4319306.693, 140
Trd, 4319308.143, 140
Trd, 4319310.043, 140
Trd, 4319310.193, 140
Trd, 4319311.943, 140
Trd, 4319312.893, 140
Trd, 4319313.143, 140
Trd, 4319315.693, 140
Trd, 4319316.293, 140
Trd, 4319316.593, 140
Trd, 4319316.843, 139
Trd, 4319316.993, 140
Trd, 4319317.243, 140
Trd, 4319317.643, 140
Trd, 4319317.993, 112
Trd, 4319319.393, 140
Trd, 4319320.043, 140
Trd, 4319320.493, 140
Trd, 4319321.193, 93
Trd, 4319321.543, 80
Trd, 4319322.643, 138
Trd, 4319323.343, 127
Trd, 4319323.393, 128
Trd, 4319323.693, 93
Trd, 4319323.943, 131
Trd, 4319323.993, 91
Trd, 4319325.993, 140
Trd, 4319326.193, 139
Trd, 4319327.243, 101
Trd, 4319328.243, 90
Trd, 4319329.943, 140
Trd, 4319330.293, 140
Trd, 4319330.343, 140
Trd, 4319330.793, 75
Trd, 4319330.893, 74
Trd, 4319334.143, 140
Trd, 4319334.793, 140
Trd, 4319335.043, 140
Trd, 4319335.543, 140
Trd, 4319336.693, 140
Trd, 4319338.943, 140
Trd, 4319339.193, 140
Trd, 4319339.543, 140
Trd, 4319340.043, 140
Trd, 4319340.293, 140
Trd, 4319340.393, 140
Trd, 4319340.793, 140
Trd, 4319341.593, 139
Trd, 4319341.993, 138
Trd, 4319343.043, 137
Trd, 4319343.343, 117
Trd, 4319344.393, 119
Trd, 4319345.593, 140
Trd, 4319347.993, 140
Trd, 4319348.093, 140
Trd, 4319348.643, 140
Trd, 4319349.293, 140
Trd, 4319350.343, 140
Trd, 4319352.343, 140
Trd, 4319352.993, 140
Trd, 4319353.193, 140
Trd, 4319353.443, 140
Trd, 4319354.893, 140
Trd, 4319356.043, 140
Trd, 4319357.843, 140
Trd, 4319357.993, 140
Trd, 4319358.243, 140
Trd, 4319358.343, 140
Trd, 4319359.543, 140
Trd, 4319360.193, 140
Trd, 4319361.643, 140
Trd, 4319362.793, 140
Trd, 4319363.593, 140
Trd, 4319364.493, 140
Trd, 4319364.543, 140
Trd, 4319365.093, 140
Trd, 4319367.293, 140
Trd, 4319367.793, 140
Trd, 4319368.993, 140
Trd, 4319369.743, 140
Trd, 4319369.893, 140
Trd, 4319370.093, 140
Trd, 4319370.893, 140
Trd, 4319371.893, 140
Trd, 4319372.843, 140
Trd, 4319373.143, 140
Trd, 4319373.193, 140
Trd, 4319374.243, 140
Trd, 4319374.443, 140
Trd, 4319375.993, 140
Trd, 4319376.043, 140
Trd, 4319376.443, 136
Trd, 4319377.293, 108
Trd, 4319379.243, 140
Trd, 4319379.793, 140
Trd, 4319380.393, 140
Trd, 4319380.593, 140
Trd, 4319380.843, 140
Trd, 4319381.393, 140
Trd, 4319382.693, 140
Trd, 4319383.043, 139
Trd, 4319383.193, 137
Trd, 4319383.493, 140
Trd, 4319384.043, 114
Trd, 4319384.493, 86
Trd, 4319384.893, 85
Trd, 4319386.693, 60
Trd, 4319387.643, 60
Trd, 4319387.693, 63
Trd, 4319388.443, 63
Trd, 4319388.993, 66
Trd, 4319390.243, 66
Trd, 4319391.293, 60
Trd, 4319391.393, 67
Trd, 4319392.843, 65
Trd, 4319393.793, 62
Trd, 4319394.343, 60
Trd, 4319394.593, 61
Trd, 4319396.143, 88
Trd, 4319396.443, 134
Trd, 4319396.893, 71
Trd, 4319397.743, 72
Trd, 4319398.043, 106
Trd, 4319399.443, 140
Trd, 4319399.543, 140
Trd, 4319400.143, 140
Trd, 4319401.743, 140
Trd, 4319402.293, 140
Trd, 4319402.693, 140
Trd, 4319403.043, 140
Trd, 4319404.043, 140
Trd, 4319404.093, 138
Trd, 4319404.593, 136
Trd, 4319404.793, 120
Trd, 4319405.093, 119
Trd, 4319407.093, 139
Trd, 4319407.493, 137
Trd, 4319408.043, 140
Trd, 4319408.793, 140
Trd, 4319409.193, 140
Trd, 4319409.643, 140
Trd, 4319410.143, 140
Trd, 4319410.893, 140
Trd, 4319412.293, 140
Trd, 4319414.243, 140
Trd, 4319414.943, 140
Trd, 4319415.143, 140
Trd, 4319415.193, 140
Trd, 4319417.293, 140
Trd, 4319417.643, 140
Trd, 4319418.943, 140
Trd, 4319419.243, 140
Trd, 4319420.093, 140
Trd, 4319420.493, 140
Trd, 4319421.493, 140
Trd, 4319421.543, 140
Trd, 4319423.043, 140
Trd, 4319423.143, 140
Trd, 4319423.243, 140
Trd, 4319424.343, 140
Trd, 4319425.643, 140
Trd, 4319426.243, 140
Trd, 4319426.493, 140
Trd, 4319426.693, 140
Trd, 4319427.993, 140
Trd, 4319429.543, 140
Trd, 4319430.443, 140
Trd, 4319431.293, 140
Trd, 4319432.093, 140
Trd, 4319432.693, 140
Trd, 4319433.743, 140
Trd, 4319434.893, 140
Trd, 4319435.193, 140
Trd, 4319435.543, 140
Trd, 4319438.093, 140
Trd, 4319439.793, 140
Trd, 4319439.843, 140
Trd, 4319440.043, 140
Trd, 4319442.443, 140
Trd, 4319443.943, 140
Trd, 4319444.043, 140
Trd, 4319445.643, 140
Trd, 4319446.293, 140
Trd, 4319446.493, 140
Trd, 4319447.693, 140
Trd, 4319448.343, 140
Trd, 4319448.943, 140
Trd, 4319449.843, 140
Trd, 4319450.343, 140
Trd, 4319450.543, 140
Trd, 4319451.393, 140
Trd, 4319451.643, 140
Trd, 4319452.643, 138
Trd, 4319452.743, 137
Trd, 4319454.143, 140
Trd, 4319456.343, 140
Trd, 4319456.693, 140
Trd, 4319457.193, 140
Trd, 4319459.393, 140
Trd, 4319459.643, 140
Trd, 4319460.793, 140
Trd, 4319460.993, 140
Trd, 4319464.093, 140
Trd, 4319464.193, 140
Trd, 4319464.343, 140
Trd, 4319465.993, 140
Trd, 4319466.793, 140
Trd, 4319468.243, 140
Trd, 4319468.293, 140
Trd, 4319468.493, 140
Trd, 4319468.943, 140
Trd, 4319469.943, 140
Trd, 4319470.343, 140
Trd, 4319471.043, 140
Trd, 4319471.193, 140
Trd, 4319471.893, 140
Trd, 4319474.643, 140
Trd, 4319475.443, 140
Trd, 4319477.393, 140
Trd, 4319478.043, 140
Trd, 4319478.093, 140
Trd, 4319478.643, 140
Trd, 4319480.043, 140
Trd, 4319480.393, 140
Trd, 4319481.743, 140
Trd, 4319482.143, 140
Trd, 4319482.193, 140
Trd, 4319482.493, 140
Trd, 4319483.293, 140
Trd, 4319483.843, 140
Trd, 4319484.243, 140
Trd, 4319484.593, 140
Trd, 4319486.493, 140
Trd, 4319486.643, 140
Trd, 4319489.343, 140
Trd, 4319489.493, 140
Trd, 4319490.093, 140
Trd, 4319490.593, 140
Trd, 4319491.593, 140
Trd, 4319491.693, 140
Trd, 4319491.843, 140
Trd, 4319492.543, 140
Trd, 4319492.693, 140
Trd, 4319493.893, 140
Trd, 4319494.943, 140
Trd, 4319496.243, 140
Trd, 4319496.493, 140
Trd, 4319497.643, 140
Trd, 4319498.143, 140
Trd, 4319499.443, 140
Trd, 4319500.393, 140
Trd, 4319501.443, 140
Trd, 4319502.993, 140
Trd, 4319503.093, 140
Trd, 4319503.143, 140
Trd, 4319503.243, 136
Trd, 4319504.243, 140
Trd, 4319504.443, 139
Trd, 4319504.693, 139
Trd, 4319505.343, 140
Trd, 4319506.143, 140
Trd, 4319507.143, 140
Trd, 4319508.143, 90
Trd, 4319508.193, 107
Trd, 4319508.293, 87
Trd, 4319510.593, 60
Trd, 4319510.693, 60
Trd, 4319511.043, 60
Trd, 4319511.843, 73
Trd, 4319513.143, 63
Trd, 4319515.493, 60
Trd, 4319515.893, 60
Trd, 4319515.943, 60
Trd, 4319516.843, 62
Trd, 4319517.393, 88
Trd, 4319518.043, 89
Trd, 4319519.193, 74
Trd, 4319519.343, 92
Trd, 4319519.643, 138
Trd, 4319520.193, 75
Trd, 4319520.743, 74
Trd, 4319522.543, 139
Trd, 4319524.593, 140
Trd, 4319525.793, 140
Trd, 4319527.193, 140
Trd, 4319527.793, 140
Trd, 4319528.743, 140
Trd, 4319529.043, 140
Trd, 4319531.743, 140
Trd, 4319532.193, 140
Trd, 4319533.493, 140
Trd, 4319533.743, 140
Trd, 4319533.793, 140
Trd, 4319533.993, 139
Trd, 4319534.093, 139
Trd, 4319535.593, 140
Trd, 4319535.693, 140
Trd, 4319535.943, 139
Trd, 4319536.943, 115
Trd, 4319538.193, 140
Trd, 4319538.243, 115
Trd, 4319538.293, 102
Trd, 4319540.943, 140
Trd, 4319541.093, 140
Trd, 4319541.543, 140
Trd, 4319541.993, 140
Trd, 4319543.193, 140
Trd, 4319543.593, 140
Trd, 4319544.543, 139
Trd, 4319544.793, 138
Trd, 4319545.493, 140
Trd, 4319546.393, 140
Trd, 4319546.643, 140
Trd, 4319547.843, 140
Trd, 4319549.343, 140
Trd, 4319549.593, 140
Trd, 4319550.193, 140
Trd, 4319552.243, 140
Trd, 4319552.693, 140
Trd, 4319555.793, 140
Trd, 4319555.993, 140
Trd, 4319556.293, 140
Trd, 4319556.493, 140
Trd, 4319557.643, 140
Trd, 4319558.143, 140
Trd, 4319558.793, 140
Trd, 4319559.043, 140
Trd, 4319560.393, 140
Trd, 4319562.043, 140
Trd, 4319562.243, 140
Trd, 4319564.043, 140
Trd, 4319564.243, 140
Trd, 4319565.243, 140
Trd, 4319565.443, 140
Trd, 4319565.493, 140
Trd, 4319566.593, 140
Trd, 4319567.543, 140
Trd, 4319568.093, 140
Trd, 4319568.643, 140
Trd, 4319568.793, 140
Trd, 4319570.543, 140
Trd, 4319572.643, 140
Trd, 4319573.343, 140
Trd, 4319573.493, 140
Trd, 4319573.993, 140
Trd, 4319574.143, 140
Trd, 4319574.843, 140
Trd, 4319574.943, 140
Trd, 4319577.243, 140
Trd, 4319577.593, 140
Trd, 4319578.443, 140
Trd, 4319578.793, 140
Trd, 4319579.393, 140
Trd, 4319579.943, 140
Trd, 4319580.893, 140
Trd, 4319581.293, 140
Trd, 4319581.743, 139
Trd, 4319581.993, 129
Trd, 4319583.693, 79
Trd, 4319584.393, 124
Trd, 4319585.743, 60
Trd, 4319586.393, 61
Trd, 4319586.493, 61
Trd, 4319586.993, 61
Trd, 4319587.843, 65
Trd, 4319588.193, 138
Trd, 4319589.643, 140
Trd, 4319590.043, 140
Trd, 4319590.593, 140
Trd, 4319590.643, 140
Trd, 4319590.843, 139
Trd, 4319592.443, 66
Trd, 4319592.543, 67
Trd, 4319592.693, 75
Trd, 4319593.943, 76
Trd, 4319595.243, 60
Trd, 4319595.943, 62
Trd, 4319596.443, 62
Trd, 4319597.493, 140
Trd, 4319597.643, 140
Trd, 4319598.243, 138
Trd, 4319599.093, 139
Trd, 4319601.143, 140
Trd, 4319601.493, 140
Trd, 4319602.093, 140
Trd, 4319602.393, 140
Trd, 4319602.943, 140
Trd, 4319603.843, 140
Trd, 4319603.943, 140
Trd, 4319606.393, 140
Trd, 4319606.843, 140
Trd, 4319607.443, 140
Trd, 4319607.743, 140
Trd, 4319607.893, 140
Trd, 4319608.393, 138
Trd, 4319610.093, 140
Trd, 4319611.393, 140
Trd, 4319612.343, 140
Trd, 4319612.543, 140
Trd, 4319612.793, 140
Trd, 4319613.793, 140
Trd, 4319614.293, 138
Trd, 4319614.643, 137
Trd, 4319615.943, 140
Trd, 4319617.443, 140
Trd, 4319617.943, 140
Trd, 4319618.743, 140
Trd, 4319618.993, 140
Trd, 4319619.743, 140
Trd, 4319619.893, 140
Trd, 4319620.643, 140
Trd, 4319622.593, 140
Trd, 4319623.493, 140
Trd, 4319624.393, 140
Trd, 4319625.193, 140
Trd, 4319627.793, 140
Trd, 4319628.293, 140
Trd, 4319629.243, 140
Trd, 4319629.793, 140
Trd, 4319630.043, 140
Trd, 4319630.443, 140
Trd, 4319630.743, 137
Trd, 4319630.943, 104
Trd, 4319633.443, 140
Trd, 4319634.043, 140
Trd, 4319635.343, 140
Trd, 4319636.843, 140
Trd, 4319637.893, 140
Trd, 4319638.343, 140
Trd, 4319638.393, 140
Trd, 4319639.093, 140
Trd, 4319639.243, 140
Trd, 4319639.793, 140
Trd, 4319641.943, 140
Trd, 4319642.043, 140
Trd, 4319642.943, 140
Trd, 4319644.393, 140
Trd, 4319644.843, 140
Trd, 4319644.893, 140
Trd, 4319646.443, 140
Trd, 4319646.743, 140
Trd, 4319647.143, 140
Trd, 4319647.743, 140
Trd, 4319649.193, 140
Trd, 4319650.543, 140
Trd, 4319651.243, 140
Trd, 4319652.243, 140
Trd, 4319652.543, 140
Trd, 4319653.293, 140
Trd, 4319654.693, 140
Trd, 4319655.143, 140
Trd, 4319655.593, 140
Trd, 4319655.743, 140
Trd, 4319657.843, 140
Trd, 4319658.043, 140
Trd, 4319658.493, 140
Trd, 4319658.743, 140
Trd, 4319658.893, 139
Trd, 4319659.093, 140
Trd, 4319660.393, 140
Trd, 4319660.893, 140
Trd, 4319661.043, 140
Trd, 4319663.693, 140
Trd, 4319664.343, 140
Trd, 4319667.243, 140
Trd, 4319667.643, 140
Trd, 4319667.993, 140
Trd, 4319668.743, 140
Trd, 4319670.543, 140
Trd, 4319672.093, 140
Trd, 4319672.393, 140
Trd, 4319672.443, 140
Trd, 4319672.643, 140
Trd, 4319672.693, 140
Trd, 4319673.043, 140
Trd, 4319673.593, 99
Trd, 4319674.493, 61
Trd, 4319674.993, 140
Trd, 4319675.643, 77
Trd, 4319676.543, 140
Trd, 4319677.693, 140
Trd, 4319679.493, 140
Trd, 4319679.893, 140
Trd, 4319681.693, 140
Trd, 4319681.993, 140
Trd, 4319683.293, 140
Trd, 4319683.643, 140
Trd, 4319683.793, 140
Trd, 4319684.393, 140
Trd, 4319684.893, 140
Trd, 4319686.943, 140
Trd, 4319686.993, 140
Trd, 4319687.943, 140
Trd, 4319688.443, 140
Trd, 4319688.493, 140
Trd, 4319689.643, 140
Trd, 4319689.993, 140
Trd, 4319690.043, 140
Trd, 4319690.443, 140
Trd, 4319691.993, 140
Trd, 4319693.143, 140
Trd, 4319693.293, 140
Trd, 4319694.843, 140
Trd, 4319695.293, 140
Trd, 4319695.943, 140
Trd, 4319696.743, 140
Trd, 4319697.343, 140
Trd, 4319698.643, 140
Trd, 4319699.893, 140
Trd, 4319700.793, 140
Trd, 4319702.893, 140
Trd, 4319703.293, 140
Trd, 4319703.393, 140
Trd, 4319703.693, 140
Trd, 4319704.243, 140
Trd, 4319705.993, 140
Trd, 4319706.043, 140
Trd, 4319706.343, 140
Trd, 4319706.693, 140
Trd, 4319708.993, 140
Trd, 4319709.743, 140
Trd, 4319711.343, 140
Trd, 4319712.193, 140
Trd, 4319713.943, 140
Trd, 4319714.493, 140
Trd, 4319714.843, 140
Trd, 4319716.743, 140
Trd, 4319717.243, 140
Trd, 4319717.343, 140
Trd, 4319718.393, 140
Trd, 4319718.593, 140
Trd, 4319718.743, 139
Trd, 4319719.143, 139
Trd, 4319721.043, 140
Trd, 4319721.343, 138
Trd, 4319722.293, 135
Trd, 4319723.643, 140
Trd, 4319726.293, 140
Trd, 4319726.443, 140
Trd, 4319726.843, 140
Trd, 4319727.043, 140
Trd, 4319727.693, 140
Trd, 4319729.793, 140
Trd, 4319730.543, 140
Trd, 4319730.843, 140
Trd, 4319731.793, 140
Trd, 4319732.093, 140
Trd, 4319732.243, 140
Trd, 4319734.143, 140
Trd, 4319734.443, 140
Trd, 4319734.693, 140
Trd, 4319734.743, 138
Trd, 4319735.143, 140
Trd, 4319735.593, 140
Trd, 4319735.743, 140
Trd, 4319736.493, 136
Trd, 4319737.193, 104
Trd, 4319737.393, 132
Trd, 4319738.943, 112
Trd, 4319740.243, 140
Trd, 4319741.293, 140
Trd, 4319741.643, 140
Trd, 4319743.343, 140
Trd, 4319743.643, 138
Trd, 4319745.543, 140
Trd, 4319745.843, 140
Trd, 4319746.993, 140
Trd, 4319747.093, 140
Trd, 4319750.243, 140
Trd, 4319750.793, 140
Trd, 4319751.443, 140
Trd, 4319752.043, 140
Trd, 4319752.493, 140
Trd, 4319754.443, 140
Trd, 4319754.493, 140
Trd, 4319755.193, 140
Trd, 4319755.993, 140
Trd, 4319756.843, 140
Trd, 4319758.243, 140
Trd, 4319759.793, 140
Trd, 4319759.993, 140
Trd, 4319760.243, 140
Trd, 4319760.293, 140
Trd, 4319760.693, 140
Trd, 4319761.943, 140
Trd, 4319762.493, 140
Trd, 4319762.693, 140
Trd, 4319762.793, 140
Trd, 4319763.593, 140
Trd, 4319764.243, 140
Trd, 4319765.993, 140
Trd, 4319766.293, 140
Trd, 4319766.443, 140
Trd, 4319766.793, 140
Trd, 4319768.993, 140
Trd, 4319769.643, 140
Trd, 4319770.493, 140
Trd, 4319770.843, 140
Trd, 4319773.193, 140
Trd, 4319775.093, 140
Trd, 4319776.443, 140
Trd, 4319777.043, 140
Trd, 4319777.393, 140
Trd, 4319779.243, 140
Trd, 4319779.593, 140
Trd, 4319779.643, 140
Trd, 4319779.693, 140
Trd, 4319779.743, 140
Trd, 4319780.643, 140
Trd, 4319781.143, 140
Trd, 4319781.243, 135
Trd, 4319783.093, 140
Trd, 4319783.293, 138
Trd, 4319786.493, 140
Trd, 4319786.843, 140
Trd, 4319786.993, 140
Trd, 4319788.593, 140
Trd, 4319789.093, 140
Trd, 4319789.393, 140
Trd, 4319789.993, 140
Trd, 4319790.193, 140
Trd, 4319790.643, 140
Trd, 4319790.993, 140
Trd, 4319791.743, 140
Trd, 4319794.293, 140
Trd, 4319794.343, 140
Trd, 4319795.443, 140
Trd, 4319796.043, 140
Trd, 4319796.593, 140
Trd, 4319798.443, 140
Trd, 4319798.593, 140
Trd, 4319798.793, 140
Trd, 4319800.943, 140
Trd, 4319800.993, 140
Trd, 4319801.743, 140
Trd, 4319801.893, 140
Trd, 4319801.993, 140
Trd, 4319802.693, 139
Trd, 4319803.493, 125
Trd, 4319803.943, 138
Trd, 4319803.993, 128
Trd, 4319804.393, 127
Trd, 4319806.243, 140
Trd, 4319806.743, 139
Trd, 4319807.393, 140
Trd, 4319808.043, 140
Trd, 4319809.093, 138
Trd, 4319809.443, 83
Trd, 4319810.743, 140
Trd, 4319812.443, 140
Trd, 4319812.743, 139
Trd, 4319812.893, 138
Trd, 4319814.043, 140
Trd, 4319814.293, 140
Trd, 4319815.743, 60
Trd, 4319815.843, 125
Trd, 4319817.593, 139
Trd, 4319818.393, 71
Trd, 4319819.093, 138
Trd, 4319819.893, 60
Trd, 4319819.943, 140
Trd, 4319820.293, 140
Trd, 4319820.343, 140
Trd, 4319821.943, 60
Trd, 4319822.043, 62
Trd, 4319824.193, 140
Trd, 4319824.793, 140
Trd, 4319826.793, 140
Trd, 4319826.943, 140
Trd, 4319827.493, 140
Trd, 4319827.843, 140
Trd, 4319829.593, 140
Trd, 4319830.343, 140
Trd, 4319831.143, 140
Trd, 4319832.443, 140
Trd, 4319832.843, 140
Trd, 4319834.243, 140
Trd, 4319834.893, 140
Trd, 4319835.993, 140
Trd, 4319836.743, 140
Trd, 4319836.893, 140
Trd, 4319837.043, 140
Trd, 4319837.293, 140
Trd, 4319838.593, 140
Trd, 4319839.643, 140
Trd, 4319841.093, 140
Trd, 4319842.443, 140
Trd, 4319843.693, 140
Trd, 4319843.843, 140
Trd, 4319843.943, 140
Trd, 4319845.493, 140
Trd, 4319846.293, 140
Trd, 4319846.543, 140
Trd, 4319846.743, 140
Trd, 4319847.193, 140
Trd, 4319847.393, 140
Trd, 4319847.693, 140
Trd, 4319850.993, 140
Trd, 4319851.543, 140
Trd, 4319852.993, 140
Trd, 4319853.043, 140
Trd, 4319853.393, 139
Trd, 4319854.393, 140
Trd, 4319854.543, 140
Trd, 4319855.393, 140
Trd, 4319855.943, 140
Trd, 4319857.143, 140
Trd, 4319858.043, 140
Trd, 4319858.343, 140
Trd, 4319860.243, 140
Trd, 4319860.543, 140
Trd, 4319860.993, 140
Trd, 4319863.443, 140
Trd, 4319864.443, 140
Trd, 4319865.643, 140
Trd, 4319865.843, 140
Trd, 4319866.243, 140
Trd, 4319867.143, 140
Trd, 4319868.193, 140
Trd, 4319868.293, 140
Trd, 4319868.743, 140
Trd, 4319869.993, 140
Trd, 4319870.243, 140
Trd, 4319870.643, 140
Trd, 4319871.243, 140
Trd, 4319873.293, 140
Trd, 4319875.393, 140
Trd, 4319875.893, 140
Trd, 4319876.443, 140
Trd, 4319878.293, 140
Trd, 4319879.443, 140
Trd, 4319879.843, 140
Trd, 4319880.543, 140
Trd, 4319880.643, 140
Trd, 4319880.743, 140
Trd, 4319882.293, 140
Trd, 4319882.393, 140
Trd, 4319886.243, 140
Trd, 4319887.193, 140
Trd, 4319887.543, 140
Trd, 4319888.093, 140
Trd, 4319888.193, 140
Trd, 4319888.543, 140
Trd, 4319890.193, 140
Trd, 4319890.993, 140
Trd, 4319891.943, 140
Trd, 4319892.843, 140
Trd, 4319894.093, 140
Trd, 4319894.193, 140
Trd, 4319894.293, 140
Trd, 4319894.643, 140
Trd, 4319894.693, 140
Trd, 4319895.543, 140
Trd, 4319896.993, 140
Trd, 4319897.493, 139
Trd, 4319897.643, 122
Trd, 4319898.443, 140
Trd, 4319899.093, 124
Trd, 4319900.193, 140
Trd, 4319900.243, 140
Trd, 4319900.343, 140
Trd, 4319901.293, 140
Trd, 4319903.493, 140
Trd, 4319903.543, 140
Trd, 4319904.893, 140
Trd, 4319905.543, 140
Trd, 4319906.193, 140
Trd, 4319907.093, 140
Trd, 4319907.293, 140
Trd, 4319907.343, 140
Trd, 4319908.143, 140
Trd, 4319908.493, 140
Trd, 4319910.143, 140
Trd, 4319910.943, 140
Trd, 4319911.943, 140
Trd, 4319912.743, 140
Trd, 4319914.293, 140
Trd, 4319916.343, 140
Trd, 4319916.493, 140
Trd, 4319916.743, 140
Trd, 4319916.893, 140
Trd, 4319918.293, 140
Trd, 4319918.343, 140
Trd, 4319918.643, 139
Trd, 4319919.543, 140
Trd, 4319920.293, 140
Trd, 4319920.393, 140
Trd, 4319920.693, 140
Trd, 4319921.543, 140
Trd, 4319921.843, 140
Trd, 4319923.693, 140
Trd, 4319925.293, 140
Trd, 4319925.643, 140
Trd, 4319925.893, 140
Trd, 4319927.993, 140
Trd, 4319928.343, 140
Trd, 4319928.393, 140
Trd, 4319928.693, 140
Trd, 4319929.043, 140
Trd, 4319931.043, 140
Trd, 4319931.693, 140
Trd, 4319932.443, 139
Trd, 4319932.643, 139
Trd, 4319933.043, 138
Trd, 4319933.443, 139
Trd, 4319936.243, 140
Trd, 4319936.643, 140
Trd, 4319936.993, 140
Trd, 4319937.393, 140
Trd, 4319937.843, 140
Trd, 4319937.943, 140
Trd, 4319938.193, 140
Trd, 4319939.293, 140
Trd, 4319941.743, 140
Trd, 4319943.093, 140
Trd, 4319944.443, 140
Trd, 4319944.593, 140
Trd, 4319945.743, 140
Trd, 4319946.193, 140
Trd, 4319946.393, 140
Trd, 4319946.543, 140
Trd, 4319949.543, 140
Trd, 4319950.093, 140
Trd, 4319951.493, 140
Trd, 4319951.843, 140
Trd, 4319952.643, 140
Trd, 4319952.693, 140
Trd, 4319953.793, 140
Trd, 4319955.443, 140
Trd, 4319958.393, 140
Trd, 4319958.693, 140
Trd, 4319958.843, 140
Trd, 4319959.193, 140
Trd, 4319959.443, 140
Trd, 4319959.893, 140
Trd, 4319960.593, 140
Trd, 4319961.093, 140
Trd, 4319961.893, 140
Trd, 4319962.243, 140
Trd, 4319962.393, 140
Trd, 4319964.643, 140
Trd, 4319964.993, 140
Trd, 4319965.193, 140
Trd, 4319965.493, 140
Trd, 4319966.743, 140
Trd, 4319966.993, 139
Trd, 4319967.793, 140
Trd, 4319968.443, 140
Trd, 4319970.293, 140
Trd, 4319970.393, 140
Trd, 4319970.593, 140
Trd, 4319970.793, 140
Trd, 4319972.093, 140
Trd, 4319972.643, 140
Trd, 4319972.893, 137
Trd, 4319974.093, 140
Trd, 4319974.293, 112
Trd, 4319974.593, 101
Trd, 4319977.493, 140
Trd, 4319977.893, 140
Trd, 4319978.193, 140
Trd, 4319981.443, 140
Trd, 4319981.643, 140
Trd, 4319981.693, 140
Trd, 4319982.193, 140
Trd, 4319982.743, 140
Trd, 4319983.843, 140
Trd, 4319983.893, 140
Trd, 4319984.193, 140
Trd, 4319984.743, 140
Trd, 4319985.793, 140
Trd, 4319986.093, 140
Trd, 4319986.343, 140
Trd, 4319986.793, 140
Trd, 4319988.043, 61
Trd, 4319988.243, 109
Trd, 4319988.443, 69
Trd, 4319990.493, 140
Trd, 4319991.343, 140
Trd, 4319992.093, 140
Trd, 4319992.243, 140
Trd, 4319992.493, 140
Trd, 4319992.993, 139
Trd, 4319993.943, 71
Trd, 4319996.043, 116
Trd, 4319996.343, 140
Trd, 4319998.793, 140
