Trd, 4318169.743, 99
Trd, 4318170.893, 64
Trd, 4318171.293, 65
Trd, 4318172.593, 60
Trd, 4318172.793, 63
Trd, 4318172.943, 75
Trd, 4318173.393, 115
Trd, 4318173.693, 73
Trd, 4318174.443, 85
Trd, 4318174.543, 75
Trd, 4318176.043, 87
Trd, 4318176.093, 102
Trd, 4318176.543, 61
Trd, 4318177.143, 61
Trd, 4318177.443, 78
Trd, 4318178.493, 61
Trd, 4318178.993, 76
Trd, 4318179.793, 64
Trd, 4318180.243, 69
Trd, 4318180.543, 117
Trd, 4318181.793, 63
Trd, 4318181.893, 68
Trd, 4318182.693, 68
Trd, 4318183.043, 97
Trd, 4318183.793, 104
Trd, 4318184.643, 60
Trd, 4318186.793, 72
Trd, 4318186.893, 77
Trd, 4318187.643, 60
Trd, 4318188.793, 113
Trd, 4318188.993, 125
Trd, 4318189.243, 74
Trd, 4318190.193, 66
Trd, 4318190.643, 137
Trd, 4318191.393, 109
Trd, 4318192.043, 139
Trd, 4318192.943, 81
Trd, 4318193.843, 79
Trd, 4318195.143, 131
Trd, 4318195.843, 104
Trd, 4318195.993, 101
Trd, 4318197.143, 119
Trd, 4318198.143, 132
Trd, 4318198.243, 112
Trd, 4318198.893, 107
Trd, 4318199.743, 117
Trd, 4318200.243, 101
Trd, 4318201.093, 110
Trd, 4318201.143, 109
Trd, 4318201.293, 94
Trd, 4318201.793, 72
Trd, 4318202.143, 67
Trd, 4318203.093, 118
Trd, 4318203.443, 103
Trd, 4318203.743, 123
Trd, 4318203.793, 106
Trd, 4318203.893, 64
Trd, 4318205.243, 134
Trd, 4318205.993, 121
Trd, 4318206.893, 66
Trd, 4318207.093, 101
Trd, 4318207.843, 90
Trd, 4318208.793, 109
Trd, 4318209.793, 140
Trd, 4318210.343, 114
Trd, 4318211.043, 109
Trd, 4318211.493, 138
Trd, 4318213.943, 123
Trd, 4318214.193, 96
Trd, 4318214.443, 104
Trd, 4318215.593, 115
Trd, 4318215.993, 75
Trd, 4318216.143, 92
Trd, 4318217.793, 61
Trd, 4318218.743, 66
Trd, 4318218.843, 69
Trd, 4318220.293, 127
Trd, 4318220.643, 100
Trd, 4318220.693, 88
Trd, 4318221.093, 87
Trd, 4318221.893, 60
Trd, 4318222.493, 122
Trd, 4318223.893, 93
Trd, 4318224.043, 72
Trd, 4318224.393, 60
Trd, 4318225.493, 60
Trd, 4318225.693, 61
Trd, 4318226.143, 124
Trd, 4318227.193, 61
Trd, 4318227.593, 77
Trd, 4318228.543, 103
Trd, 4318229.293, 127
Trd, 4318229.343, 113
Trd, 4318229.893, 69
Trd, 4318230.543, 103
Trd, 4318231.043, 60
Trd, 4318232.193, 128
Trd, 4318232.243, 100
Trd, 4318233.043, 128
Trd, 4318234.543, 62
Trd, 4318234.593, 78
Trd, 4318235.093, 80
Trd, 4318235.843, 69
Trd, 4318236.243, 114
Trd, 4318236.343, 69
Trd, 4318237.343, 60
Trd, 4318237.943, 72
Trd, 4318239.093, 135
Trd, 4318239.393, 88
Trd, 4318241.043, 139
Trd, 4318241.093, 115
Trd, 4318241.243, 91
Trd, 4318242.093, 124
Trd, 4318242.643, 123
Trd, 4318243.393, 92
Trd, 4318244.593, 60
Trd, 4318245.343, 99
Trd, 4318245.993, 100
Trd, 4318246.093, 68
Trd, 4318246.343, 122
Trd, 4318247.393, 83
Trd, 4318247.443, 81
Trd, 4318248.693, 132
Trd, 4318248.893, 129
Trd, 4318249.193, 119
Trd, 4318249.243, 137
Trd, 4318249.943, 94
Trd, 4318250.893, 67
Trd, 4318251.793, 81
Trd, 4318252.093, 135
Trd, 4318252.493, 61
Trd, 4318253.393, 71
Trd, 4318254.093, 64
Trd, 4318254.393, 138
Trd, 4318254.893, 138
Trd, 4318255.093, 87
Trd, 4318256.593, 82
Trd, 4318257.243, 66
Trd, 4318257.693, 130
Trd, 4318258.643, 139
Trd, 4318258.993, 132
Trd, 4318259.143, 106
Trd, 4318259.793, 133
Trd, 4318260.943, 85
Trd, 4318261.643, 134
Trd, 4318262.143, 84
Trd, 4318262.243, 62
Trd, 4318262.493, 129
Trd, 4318263.293, 98
Trd, 4318263.393, 86
Trd, 4318264.243, 70
Trd, 4318265.493, 112
Trd, 4318266.493, 82
Trd, 4318266.543, 94
Trd, 4318266.743, 123
Trd, 4318269.593, 121
Trd, 4318269.693, 104
Trd, 4318269.743, 98
Trd, 4318270.643, 80
Trd, 4318270.693, 77
Trd, 4318271.643, 63
Trd, 4318273.093, 71
Trd, 4318273.643, 64
Trd, 4318273.993, 60
Trd, 4318274.243, 61
Trd, 4318274.393, 96
Trd, 4318276.043, 127
Trd, 4318276.493, 96
Trd, 4318276.993, 104
Trd, 4318277.443, 137
Trd, 4318277.693, 117
Trd, 4318278.543, 125
Trd, 4318278.643, 105
Trd, 4318279.693, 70
Trd, 4318281.693, 125
Trd, 4318282.143, 112
Trd, 4318283.093, 109
Trd, 4318283.893, 99
Trd, 4318284.943, 108
Trd, 4318285.943, 114
Trd, 4318286.293, 133
Trd, 4318286.643, 107
Trd, 4318287.943, 129
Trd, 4318288.343, 118
Trd, 4318288.543, 99
Trd, 4318288.593, 81
Trd, 4318288.693, 70
Trd, 4318289.143, 78
Trd, 4318291.193, 140
Trd, 4318291.793, 136
Trd, 4318291.843, 113
Trd, 4318292.043, 99
Trd, 4318293.793, 135
Trd, 4318294.743, 125
Trd, 4318295.993, 123
Trd, 4318296.093, 110
Trd, 4318297.293, 107
Trd, 4318297.393, 80
Trd, 4318297.443, 65
Trd, 4318298.393, 60
Trd, 4318298.893, 113
Trd, 4318298.943, 77
Trd, 4318300.043, 76
Trd, 4318300.793, 96
Trd, 4318301.193, 71
Trd, 4318301.993, 134
Trd, 4318302.793, 116
Trd, 4318303.843, 61
Trd, 4318304.393, 70
Trd, 4318304.943, 114
Trd, 4318306.443, 60
Trd, 4318306.543, 61
Trd, 4318307.493, 130
Trd, 4318307.543, 113
Trd, 4318307.793, 128
Trd, 4318308.493, 112
Trd, 4318309.943, 72
Trd, 4318311.893, 60
Trd, 4318312.043, 62
Trd, 4318312.643, 63
Trd, 4318312.943, 64
Trd, 4318313.043, 96
Trd, 4318313.843, 125
Trd, 4318314.043, 97
Trd, 4318314.193, 67
Trd, 4318315.443, 109
Trd, 4318316.243, 119
Trd, 4318316.893, 128
Trd, 4318316.993, 125
Trd, 4318317.943, 65
Trd, 4318318.393, 132
Trd, 4318318.493, 97
Trd, 4318319.893, 109
Trd, 4318320.443, 132
Trd, 4318320.743, 126
Trd, 4318321.043, 74
Trd, 4318321.543, 76
Trd, 4318321.993, 78
Trd, 4318322.743, 94
Trd, 4318323.493, 97
Trd, 4318325.893, 61
Trd, 4318326.393, 67
Trd, 4318326.993, 89
Trd, 4318327.393, 84
Trd, 4318328.293, 102
Trd, 4318328.443, 87
Trd, 4318328.793, 84
Trd, 4318330.443, 100
Trd, 4318330.543, 100
Trd, 4318330.643, 87
Trd, 4318330.693, 85
Trd, 4318331.343, 133
Trd, 4318331.893, 110
Trd, 4318333.043, 106
Trd, 4318333.193, 102
Trd, 4318334.293, 106
Trd, 4318334.443, 121
Trd, 4318335.293, 86
Trd, 4318336.743, 134
Trd, 4318336.793, 118
Trd, 4318336.943, 113
Trd, 4318337.443, 140
Trd, 4318337.643, 133
Trd, 4318338.743, 73
Trd, 4318339.343, 125
Trd, 4318339.493, 71
Trd, 4318340.843, 83
Trd, 4318341.693, 89
Trd, 4318342.343, 121
Trd, 4318342.843, 133
Trd, 4318343.343, 110
Trd, 4318343.843, 84
Trd, 4318344.193, 74
Trd, 4318345.143, 113
Trd, 4318345.543, 75
Trd, 4318346.043, 120
Trd, 4318346.193, 67
Trd, 4318347.143, 126
Trd, 4318347.543, 124
Trd, 4318348.543, 125
Trd, 4318349.393, 123
Trd, 4318350.643, 113
Trd, 4318351.093, 93
Trd, 4318351.143, 90
Trd, 4318352.043, 133
Trd, 4318352.843, 134
Trd, 4318352.993, 113
Trd, 4318354.143, 137
Trd, 4318354.543, 136
Trd, 4318354.943, 121
Trd, 4318355.793, 90
Trd, 4318356.293, 60
Trd, 4318356.843, 61
Trd, 4318357.093, 119
Trd, 4318357.593, 93
Trd, 4318358.393, 97
Trd, 4318358.543, 99
Trd, 4318360.993, 94
Trd, 4318361.793, 104
Trd, 4318362.443, 130
Trd, 4318362.493, 106
Trd, 4318362.993, 109
Trd, 4318363.093, 120
Trd, 4318363.543, 128
Trd, 4318364.043, 136
Trd, 4318364.593, 90
Trd, 4318365.543, 68
Trd, 4318366.843, 106
Trd, 4318367.543, 114
Trd, 4318368.143, 117
Trd, 4318368.593, 96
Trd, 4318368.643, 89
Trd, 4318368.943, 138
Trd, 4318369.693, 116
Trd, 4318369.993, 75
Trd, 4318370.993, 115
Trd, 4318371.393, 104
Trd, 4318372.243, 89
Trd, 4318372.943, 65
Trd, 4318373.493, 114
Trd, 4318374.643, 103
Trd, 4318375.093, 102
Trd, 4318376.493, 116
Trd, 4318376.693, 102
Trd, 4318377.593, 133
Trd, 4318378.543, 93
Trd, 4318378.893, 73
Trd, 4318379.843, 106
Trd, 4318381.343, 87
Trd, 4318382.193, 93
Trd, 4318383.293, 132
Trd, 4318383.843, 131
Trd, 4318385.093, 119
Trd, 4318385.443, 133
Trd, 4318386.443, 120
Trd, 4318387.493, 121
Trd, 4318388.443, 106
Trd, 4318388.843, 95
Trd, 4318389.493, 93
Trd, 4318389.843, 86
Trd, 4318390.893, 64
Trd, 4318391.043, 61
Trd, 4318391.293, 88
Trd, 4318392.243, 67
Trd, 4318392.693, 70
Trd, 4318393.943, 61
Trd, 4318394.893, 89
Trd, 4318395.793, 60
Trd, 4318395.943, 61
Trd, 4318397.043, 90
Trd, 4318398.043, 82
Trd, 4318398.243, 73
Trd, 4318399.693, 103
Trd, 4318400.243, 92
Trd, 4318400.743, 88
Trd, 4318401.793, 66
Trd, 4318401.943, 86
Trd, 4318402.943, 109
Trd, 4318403.043, 94
Trd, 4318403.793, 137
Trd, 4318403.993, 69
Trd, 4318404.043, 75
Trd, 4318404.643, 119
Trd, 4318405.743, 64
Trd, 4318406.443, 128
Trd, 4318406.743, 129
Trd, 4318408.043, 60
Trd, 4318408.893, 67
Trd, 4318409.493, 63
Trd, 4318411.043, 100
Trd, 4318411.643, 65
Trd, 4318412.443, 66
Trd, 4318412.693, 73
Trd, 4318413.293, 75
Trd, 4318414.243, 63
Trd, 4318415.343, 134
Trd, 4318416.343, 138
Trd, 4318417.193, 122
Trd, 4318418.093, 96
Trd, 4318418.943, 137
Trd, 4318419.093, 130
Trd, 4318419.543, 122
Trd, 4318420.243, 73
Trd, 4318420.593, 90
Trd, 4318421.043, 135
Trd, 4318421.443, 140
Trd, 4318422.693, 97
Trd, 4318422.943, 134
Trd, 4318423.743, 87
Trd, 4318424.693, 104
Trd, 4318425.343, 82
Trd, 4318425.943, 137
Trd, 4318426.293, 107
Trd, 4318428.543, 140
Trd, 4318428.943, 139
Trd, 4318429.093, 119
Trd, 4318430.493, 131
Trd, 4318430.543, 127
Trd, 4318430.743, 111
Trd, 4318431.743, 115
Trd, 4318432.043, 88
Trd, 4318433.393, 132
Trd, 4318434.193, 126
Trd, 4318435.643, 114
Trd, 4318436.293, 137
Trd, 4318436.493, 136
Trd, 4318436.543, 106
Trd, 4318438.343, 69
Trd, 4318438.693, 70
Trd, 4318438.743, 91
Trd, 4318439.443, 129
Trd, 4318442.293, 126
Trd, 4318442.793, 115
Trd, 4318443.393, 112
Trd, 4318443.993, 101
Trd, 4318444.043, 91
Trd, 4318444.093, 87
Trd, 4318444.243, 83
Trd, 4318445.143, 132
Trd, 4318445.693, 111
Trd, 4318447.043, 71
Trd, 4318447.443, 112
Trd, 4318448.043, 140
Trd, 4318448.943, 137
Trd, 4318449.193, 140
Trd, 4318449.243, 122
Trd, 4318449.343, 109
Trd, 4318449.493, 102
Trd, 4318452.843, 61
Trd, 4318453.143, 81
Trd, 4318454.143, 136
Trd, 4318454.493, 127
Trd, 4318455.293, 108
Trd, 4318455.343, 107
Trd, 4318457.093, 62
Trd, 4318457.643, 74
Trd, 4318458.143, 104
Trd, 4318460.143, 114
Trd, 4318460.943, 135
Trd, 4318461.493, 137
Trd, 4318461.843, 117
Trd, 4318461.993, 115
Trd, 4318462.143, 113
Trd, 4318462.293, 95
Trd, 4318462.343, 84
Trd, 4318462.993, 70
Trd, 4318463.993, 121
Trd, 4318464.343, 102
Trd, 4318465.393, 64
Trd, 4318465.643, 115
Trd, 4318465.993, 68
Trd, 4318467.143, 93
Trd, 4318468.543, 135
Trd, 4318468.843, 131
Trd, 4318469.393, 105
Trd, 4318469.443, 85
Trd, 4318469.543, 83
Trd, 4318471.043, 130
Trd, 4318471.343, 114
Trd, 4318471.393, 108
Trd, 4318472.093, 84
Trd, 4318472.643, 100
Trd, 4318472.843, 79
Trd, 4318473.143, 74
Trd, 4318473.843, 78
Trd, 4318474.343, 64
Trd, 4318475.543, 140
Trd, 4318476.143, 137
Trd, 4318476.243, 131
Trd, 4318476.543, 100
Trd, 4318479.343, 128
Trd, 4318480.093, 133
Trd, 4318481.143, 128
Trd, 4318481.843, 131
Trd, 4318482.093, 129
Trd, 4318482.293, 129
Trd, 4318482.493, 111
Trd, 4318483.043, 136
Trd, 4318484.993, 139
Trd, 4318485.393, 90
Trd, 4318485.793, 60
Trd, 4318485.843, 60
Trd, 4318486.593, 127
Trd, 4318487.343, 87
Trd, 4318487.443, 77
Trd, 4318488.593, 120
Trd, 4318490.093, 135
Trd, 4318490.393, 134
Trd, 4318492.643, 130
Trd, 4318492.993, 103
Trd, 4318494.443, 122
Trd, 4318494.643, 85
Trd, 4318495.193, 84
Trd, 4318496.243, 137
Trd, 4318497.443, 134
Trd, 4318497.593, 109
Trd, 4318499.493, 99
Trd, 4318500.543, 63
Trd, 4318500.993, 89
Trd, 4318501.793, 71
Trd, 4318501.893, 71
Trd, 4318503.343, 92
Trd, 4318503.593, 65
Trd, 4318504.543, 73
Trd, 4318504.743, 107
Trd, 4318505.843, 94
Trd, 4318506.543, 125
Trd, 4318506.693, 89
Trd, 4318507.643, 61
Trd, 4318507.843, 137
Trd, 4318508.093, 75
Trd, 4318509.443, 60
Trd, 4318510.093, 74
Trd, 4318510.543, 76
Trd, 4318511.743, 61
Trd, 4318512.393, 101
Trd, 4318512.743, 129
Trd, 4318513.693, 124
Trd, 4318514.743, 105
Trd, 4318515.443, 126
Trd, 4318516.193, 93
Trd, 4318516.593, 96
Trd, 4318516.893, 92
Trd, 4318517.093, 79
Trd, 4318517.643, 140
Trd, 4318518.993, 82
Trd, 4318519.443, 92
Trd, 4318519.793, 135
Trd, 4318521.493, 128
Trd, 4318521.793, 126
Trd, 4318522.343, 100
Trd, 4318522.593, 98
Trd, 4318523.293, 100
Trd, 4318524.093, 132
Trd, 4318524.143, 129
Trd, 4318525.193, 132
Trd, 4318525.543, 124
Trd, 4318526.043, 130
Trd, 4318526.993, 122
Trd, 4318527.693, 109
Trd, 4318528.643, 138
Trd, 4318529.193, 133
Trd, 4318529.393, 103
Trd, 4318529.543, 127
Trd, 4318529.993, 93
Trd, 4318532.043, 138
Trd, 4318532.393, 96
Trd, 4318532.743, 90
Trd, 4318533.643, 84
Trd, 4318533.793, 78
Trd, 4318534.393, 120
Trd, 4318534.993, 132
Trd, 4318535.193, 108
Trd, 4318535.443, 101
Trd, 4318536.143, 130
Trd, 4318536.643, 104
Trd, 4318536.993, 87
Trd, 4318537.193, 73
Trd, 4318537.593, 83
Trd, 4318538.293, 92
Trd, 4318539.293, 74
Trd, 4318539.743, 134
Trd, 4318540.393, 84
Trd, 4318541.743, 129
Trd, 4318542.593, 78
Trd, 4318543.793, 94
Trd, 4318544.343, 93
Trd, 4318544.443, 103
Trd, 4318544.493, 77
Trd, 4318545.693, 125
Trd, 4318546.243, 78
Trd, 4318546.693, 71
Trd, 4318547.793, 78
Trd, 4318548.193, 76
Trd, 4318548.943, 64
Trd, 4318550.393, 66
Trd, 4318550.743, 98
Trd, 4318551.543, 101
Trd, 4318551.743, 105
Trd, 4318552.243, 134
Trd, 4318553.793, 125
Trd, 4318554.043, 123
Trd, 4318555.243, 102
Trd, 4318555.343, 92
Trd, 4318555.843, 88
Trd, 4318556.493, 106
Trd, 4318557.543, 89
Trd, 4318558.443, 137
Trd, 4318560.243, 125
Trd, 4318560.993, 85
Trd, 4318561.693, 124
Trd, 4318561.743, 109
Trd, 4318562.843, 122
Trd, 4318563.293, 138
Trd, 4318563.843, 105
Trd, 4318564.093, 82
Trd, 4318564.743, 110
Trd, 4318565.593, 60
Trd, 4318567.043, 65
Trd, 4318567.393, 88
Trd, 4318568.443, 61
Trd, 4318569.593, 83
Trd, 4318569.893, 76
Trd, 4318569.943, 85
Trd, 4318570.893, 61
Trd, 4318571.543, 82
Trd, 4318571.893, 108
Trd, 4318572.393, 84
Trd, 4318572.943, 65
Trd, 4318574.293, 122
Trd, 4318574.693, 117
Trd, 4318576.093, 140
Trd, 4318576.243, 90
Trd, 4318577.593, 63
Trd, 4318577.843, 65
Trd, 4318577.893, 103
Trd, 4318578.543, 90
Trd, 4318578.993, 61
Trd, 4318579.343, 135
Trd, 4318580.093, 79
Trd, 4318580.343, 71
Trd, 4318581.593, 60
Trd, 4318582.243, 93
Trd, 4318582.643, 117
Trd, 4318582.693, 86
Trd, 4318583.443, 108
Trd, 4318584.543, 113
Trd, 4318585.393, 102
Trd, 4318585.743, 83
Trd, 4318586.243, 123
Trd, 4318586.443, 111
Trd, 4318586.993, 124
Trd, 4318587.343, 134
Trd, 4318588.043, 66
Trd, 4318590.043, 81
Trd, 4318590.593, 126
Trd, 4318590.743, 127
Trd, 4318591.393, 64
Trd, 4318592.293, 94
Trd, 4318593.443, 94
Trd, 4318594.143, 98
Trd, 4318594.643, 71
Trd, 4318594.893, 68
Trd, 4318596.493, 128
Trd, 4318596.693, 104
Trd, 4318597.993, 68
Trd, 4318598.493, 63
Trd, 4318599.243, 86
Trd, 4318599.793, 69
Trd, 4318599.993, 74
Trd, 4318600.593, 82
Trd, 4318602.243, 92
Trd, 4318602.793, 112
Trd, 4318603.293, 114
Trd, 4318603.593, 135
Trd, 4318604.143, 75
Trd, 4318604.343, 74
Trd, 4318604.543, 82
Trd, 4318605.443, 63
Trd, 4318605.593, 76
Trd, 4318606.243, 137
Trd, 4318607.893, 112
Trd, 4318608.193, 137
Trd, 4318609.193, 93
Trd, 4318611.093, 130
Trd, 4318611.493, 118
Trd, 4318611.793, 126
Trd, 4318612.893, 134
Trd, 4318613.293, 115
Trd, 4318613.343, 97
Trd, 4318614.343, 91
Trd, 4318614.693, 122
Trd, 4318616.243, 121
Trd, 4318616.343, 119
Trd, 4318617.093, 109
Trd, 4318617.693, 140
Trd, 4318618.543, 128
Trd, 4318619.193, 127
Trd, 4318620.193, 107
Trd, 4318620.593, 122
Trd, 4318621.593, 134
Trd, 4318621.893, 105
Trd, 4318622.593, 136
Trd, 4318623.593, 131
Trd, 4318623.743, 121
Trd, 4318624.443, 85
Trd, 4318625.543, 94
Trd, 4318626.293, 120
Trd, 4318627.293, 140
Trd, 4318627.743, 130
Trd, 4318627.993, 127
Trd, 4318628.143, 136
Trd, 4318628.493, 68
Trd, 4318629.243, 80
Trd, 4318629.793, 87
Trd, 4318630.293, 122
Trd, 4318631.543, 125
Trd, 4318633.393, 120
Trd, 4318633.593, 104
Trd, 4318633.793, 101
Trd, 4318634.343, 101
Trd, 4318634.493, 100
Trd, 4318635.243, 123
Trd, 4318635.343, 104
Trd, 4318636.593, 97
Trd, 4318637.843, 137
Trd, 4318637.993, 119
Trd, 4318638.343, 117
Trd, 4318639.043, 91
Trd, 4318639.293, 93
Trd, 4318639.993, 76
Trd, 4318640.693, 113
Trd, 4318641.293, 87
Trd, 4318642.593, 128
Trd, 4318642.693, 113
Trd, 4318643.343, 90
Trd, 4318643.993, 89
Trd, 4318644.043, 94
Trd, 4318644.443, 116
Trd, 4318645.493, 78
Trd, 4318646.193, 120
Trd, 4318646.393, 110
Trd, 4318648.193, 140
Trd, 4318648.893, 96
Trd, 4318649.343, 129
Trd, 4318649.993, 107
Trd, 4318650.593, 137
Trd, 4318650.943, 79
Trd, 4318651.793, 68
Trd, 4318652.343, 66
Trd, 4318652.493, 100
Trd, 4318653.143, 65
Trd, 4318653.243, 69
Trd, 4318653.593, 111
Trd, 4318654.643, 81
Trd, 4318655.593, 66
Trd, 4318656.743, 63
Trd, 4318657.193, 66
Trd, 4318658.643, 140
Trd, 4318658.793, 115
Trd, 4318658.943, 106
Trd, 4318659.493, 99
Trd, 4318660.843, 140
Trd, 4318660.993, 128
Trd, 4318661.193, 117
Trd, 4318661.393, 98
Trd, 4318661.793, 90
Trd, 4318661.843, 83
Trd, 4318663.393, 72
Trd, 4318663.693, 92
Trd, 4318664.193, 60
Trd, 4318664.593, 61
Trd, 4318664.793, 63
Trd, 4318665.643, 60
Trd, 4318667.693, 107
Trd, 4318668.193, 102
Trd, 4318668.643, 114
Trd, 4318669.593, 84
Trd, 4318669.893, 124
Trd, 4318670.443, 134
Trd, 4318670.543, 124
Trd, 4318670.743, 107
Trd, 4318671.593, 140
Trd, 4318671.793, 133
Trd, 4318673.693, 83
Trd, 4318675.193, 63
Trd, 4318675.443, 68
Trd, 4318675.493, 82
Trd, 4318676.343, 91
Trd, 4318676.593, 111
Trd, 4318677.293, 139
Trd, 4318677.643, 90
Trd, 4318678.343, 91
Trd, 4318679.943, 83
Trd, 4318680.643, 131
Trd, 4318681.443, 135
Trd, 4318682.093, 114
Trd, 4318682.943, 73
Trd, 4318683.143, 68
Trd, 4318684.143, 105
Trd, 4318684.493, 138
Trd, 4318684.893, 90
Trd, 4318685.243, 76
Trd, 4318686.343, 114
Trd, 4318686.493, 96
Trd, 4318686.793, 95
Trd, 4318687.043, 120
Trd, 4318688.143, 110
Trd, 4318688.643, 103
Trd, 4318689.793, 95
Trd, 4318689.943, 74
Trd, 4318691.143, 88
Trd, 4318691.443, 140
Trd, 4318691.743, 119
Trd, 4318694.043, 103
Trd, 4318694.293, 102
Trd, 4318694.743, 125
Trd, 4318694.843, 88
Trd, 4318695.143, 68
Trd, 4318696.243, 95
Trd, 4318696.543, 87
Trd, 4318696.993, 119
Trd, 4318697.643, 104
Trd, 4318699.943, 137
Trd, 4318700.243, 139
Trd, 4318700.543, 118
Trd, 4318701.093, 138
Trd, 4318701.443, 101
Trd, 4318703.193, 131
Trd, 4318703.293, 116
Trd, 4318703.643, 119
Trd, 4318703.793, 102
Trd, 4318705.643, 88
Trd, 4318705.743, 139
Trd, 4318706.093, 76
Trd, 4318706.793, 124
Trd, 4318707.093, 130
Trd, 4318708.593, 109
Trd, 4318709.093, 115
Trd, 4318709.893, 134
Trd, 4318711.043, 133
Trd, 4318711.343, 115
Trd, 4318712.143, 138
Trd, 4318712.393, 133
Trd, 4318713.093, 109
Trd, 4318713.643, 89
Trd, 4318714.743, 140
Trd, 4318714.843, 117
Trd, 4318715.293, 87
Trd, 4318715.443, 136
Trd, 4318716.893, 94
Trd, 4318717.743, 108
Trd, 4318718.093, 108
Trd, 4318718.593, 118
Trd, 4318719.443, 90
Trd, 4318720.393, 60
Trd, 4318720.543, 60
Trd, 4318720.643, 83
Trd, 4318722.043, 68
Trd, 4318723.243, 134
Trd, 4318723.443, 127
Trd, 4318723.693, 107
Trd, 4318723.993, 62
Trd, 4318725.443, 129
Trd, 4318725.543, 87
Trd, 4318726.393, 99
Trd, 4318726.893, 95
Trd, 4318727.293, 76
Trd, 4318727.493, 87
Trd, 4318727.943, 91
Trd, 4318729.393, 134
Trd, 4318729.893, 89
Trd, 4318730.593, 82
Trd, 4318731.043, 79
Trd, 4318731.743, 129
Trd, 4318731.843, 112
Trd, 4318731.993, 102
Trd, 4318732.243, 68
Trd, 4318733.843, 62
Trd, 4318734.443, 68
Trd, 4318734.743, 62
Trd, 4318736.043, 67
Trd, 4318736.843, 60
Trd, 4318737.243, 98
Trd, 4318737.793, 73
Trd, 4318738.843, 113
Trd, 4318739.893, 123
Trd, 4318740.543, 66
Trd, 4318741.043, 125
Trd, 4318742.343, 120
Trd, 4318742.493, 113
Trd, 4318743.293, 106
Trd, 4318743.693, 132
Trd, 4318744.393, 73
Trd, 4318745.043, 63
Trd, 4318745.143, 71
Trd, 4318745.593, 60
Trd, 4318745.793, 94
Trd, 4318746.443, 62
Trd, 4318748.743, 60
Trd, 4318748.943, 61
Trd, 4318749.343, 63
Trd, 4318750.243, 95
Trd, 4318750.293, 87
Trd, 4318750.943, 78
Trd, 4318751.443, 86
Trd, 4318751.543, 73
Trd, 4318753.243, 124
Trd, 4318754.243, 113
Trd, 4318754.593, 105
Trd, 4318754.793, 91
Trd, 4318755.793, 120
Trd, 4318756.093, 116
Trd, 4318756.243, 97
Trd, 4318756.793, 83
Trd, 4318756.943, 108
Trd, 4318757.493, 100
Trd, 4318758.093, 96
Trd, 4318759.443, 63
Trd, 4318760.143, 64
Trd, 4318761.093, 76
Trd, 4318761.543, 96
Trd, 4318761.643, 88
Trd, 4318761.843, 80
Trd, 4318762.243, 119
Trd, 4318764.143, 140
Trd, 4318764.193, 82
Trd, 4318765.393, 63
Trd, 4318765.593, 78
Trd, 4318766.543, 112
Trd, 4318767.093, 98
Trd, 4318768.793, 114
Trd, 4318769.193, 104
Trd, 4318769.793, 113
Trd, 4318770.143, 101
Trd, 4318770.343, 120
Trd, 4318771.443, 68
Trd, 4318772.043, 135
Trd, 4318772.743, 138
Trd, 4318772.843, 111
Trd, 4318773.843, 136
Trd, 4318775.193, 117
Trd, 4318775.743, 119
Trd, 4318777.043, 123
Trd, 4318777.843, 137
Trd, 4318777.993, 120
Trd, 4318778.693, 133
Trd, 4318778.793, 83
Trd, 4318779.843, 111
Trd, 4318779.943, 96
Trd, 4318780.843, 131
Trd, 4318780.943, 114
Trd, 4318781.343, 87
Trd, 4318782.393, 102
Trd, 4318783.893, 134
Trd, 4318784.143, 113
Trd, 4318784.193, 107
Trd, 4318784.793, 139
Trd, 4318785.393, 90
Trd, 4318785.943, 118
Trd, 4318786.543, 89
Trd, 4318787.243, 139
Trd, 4318787.443, 132
Trd, 4318788.593, 139
Trd, 4318788.643, 120
Trd, 4318789.593, 98
Trd, 4318790.593, 88
Trd, 4318790.793, 66
Trd, 4318791.993, 140
Trd, 4318792.493, 78
Trd, 4318793.193, 99
Trd, 4318793.843, 97
Trd, 4318794.393, 106
Trd, 4318795.443, 136
Trd, 4318795.693, 132
Trd, 4318796.193, 111
Trd, 4318796.993, 108
Trd, 4318798.593, 131
Trd, 4318798.643, 115
Trd, 4318799.493, 136
Trd, 4318800.293, 92
Trd, 4318801.793, 127
Trd, 4318802.043, 113
Trd, 4318802.543, 128
Trd, 4318802.693, 80
Trd, 4318803.043, 107
Trd, 4318803.743, 61
Trd, 4318804.093, 107
Trd, 4318806.043, 65
Trd, 4318806.493, 65
Trd, 4318807.943, 68
Trd, 4318808.643, 61
Trd, 4318809.993, 64
Trd, 4318810.043, 65
Trd, 4318810.293, 84
Trd, 4318811.793, 64
Trd, 4318812.143, 70
Trd, 4318812.243, 64
Trd, 4318812.543, 135
Trd, 4318813.893, 120
Trd, 4318814.443, 138
Trd, 4318814.993, 72
Trd, 4318816.893, 128
Trd, 4318817.943, 111
Trd, 4318817.993, 109
Trd, 4318818.143, 105
Trd, 4318818.443, 101
Trd, 4318820.143, 99
Trd, 4318821.343, 108
Trd, 4318821.893, 130
Trd, 4318822.493, 140
Trd, 4318822.543, 110
Trd, 4318823.043, 101
Trd, 4318823.243, 93
Trd, 4318823.693, 75
Trd, 4318824.143, 126
Trd, 4318825.443, 68
Trd, 4318827.043, 100
Trd, 4318827.743, 68
Trd, 4318827.843, 86
Trd, 4318828.193, 113
Trd, 4318828.743, 94
Trd, 4318828.793, 92
Trd, 4318829.343, 128
Trd, 4318829.943, 71
Trd, 4318830.743, 127
Trd, 4318831.793, 133
Trd, 4318832.793, 101
Trd, 4318833.993, 109
Trd, 4318834.693, 103
Trd, 4318835.193, 106
Trd, 4318835.693, 106
Trd, 4318837.093, 126
Trd, 4318837.243, 122
Trd, 4318837.893, 104
Trd, 4318838.643, 122
Trd, 4318838.793, 113
Trd, 4318839.393, 111
Trd, 4318839.893, 106
Trd, 4318840.043, 99
Trd, 4318840.993, 111
Trd, 4318841.043, 81
Trd, 4318841.593, 60
Trd, 4318842.793, 117
Trd, 4318844.393, 96
Trd, 4318844.643, 91
Trd, 4318845.843, 99
Trd, 4318846.093, 110
Trd, 4318846.743, 135
Trd, 4318847.243, 91
Trd, 4318848.293, 107
Trd, 4318848.443, 77
Trd, 4318848.843, 61
Trd, 4318848.893, 90
Trd, 4318851.193, 126
Trd, 4318851.743, 112
Trd, 4318851.793, 110
Trd, 4318852.443, 133
Trd, 4318853.043, 136
Trd, 4318853.593, 103
Trd, 4318855.493, 128
Trd, 4318856.293, 136
Trd, 4318856.593, 117
Trd, 4318857.093, 108
Trd, 4318857.193, 125
Trd, 4318857.593, 117
Trd, 4318858.543, 96
Trd, 4318858.643, 138
Trd, 4318859.493, 66
Trd, 4318860.243, 86
Trd, 4318860.343, 70
Trd, 4318860.893, 115
Trd, 4318861.443, 63
Trd, 4318861.743, 70
Trd, 4318862.343, 113
Trd, 4318862.893, 106
Trd, 4318863.143, 63
Trd, 4318864.143, 97
Trd, 4318864.593, 127
Trd, 4318865.943, 136
Trd, 4318866.043, 125
Trd, 4318867.693, 98
Trd, 4318867.843, 92
Trd, 4318868.793, 134
Trd, 4318869.393, 126
Trd, 4318870.743, 140
Trd, 4318870.993, 120
Trd, 4318871.843, 130
Trd, 4318871.893, 103
Trd, 4318872.593, 117
Trd, 4318872.993, 82
Trd, 4318873.393, 84
Trd, 4318874.693, 74
Trd, 4318875.893, 136
Trd, 4318876.193, 113
Trd, 4318876.393, 84
Trd, 4318878.393, 135
Trd, 4318878.543, 135
Trd, 4318879.743, 95
Trd, 4318879.893, 112
Trd, 4318880.143, 118
Trd, 4318880.393, 97
Trd, 4318881.693, 137
Trd, 4318882.093, 129
Trd, 4318883.793, 124
Trd, 4318884.543, 115
Trd, 4318884.943, 132
Trd, 4318885.393, 89
Trd, 4318885.543, 80
Trd, 4318886.293, 73
Trd, 4318888.043, 112
Trd, 4318888.693, 139
Trd, 4318889.593, 112
Trd, 4318890.693, 140
Trd, 4318890.743, 139
Trd, 4318890.793, 134
Trd, 4318891.093, 98
Trd, 4318892.043, 115
Trd, 4318892.293, 86
Trd, 4318892.693, 122
Trd, 4318893.643, 63
Trd, 4318894.793, 91
Trd, 4318895.093, 61
Trd, 4318895.693, 130
Trd, 4318896.293, 113
Trd, 4318896.943, 123
Trd, 4318898.743, 123
Trd, 4318898.893, 122
Trd, 4318898.943, 114
Trd, 4318899.043, 103
Trd, 4318899.443, 115
Trd, 4318900.093, 83
Trd, 4318900.793, 124
Trd, 4318901.843, 71
Trd, 4318902.143, 68
Trd, 4318902.793, 66
Trd, 4318903.593, 85
Trd, 4318903.643, 98
Trd, 4318903.943, 82
Trd, 4318904.393, 111
Trd, 4318904.443, 70
Trd, 4318904.843, 122
Trd, 4318907.143, 126
Trd, 4318907.893, 91
Trd, 4318908.343, 78
Trd, 4318908.843, 66
Trd, 4318910.743, 61
Trd, 4318910.843, 70
Trd, 4318912.493, 136
Trd, 4318912.593, 127
Trd, 4318912.993, 137
Trd, 4318913.993, 133
Trd, 4318914.193, 105
Trd, 4318914.243, 94
Trd, 4318914.843, 106
Trd, 4318914.893, 96
Trd, 4318917.043, 127
Trd, 4318917.193, 108
Trd, 4318917.543, 102
Trd, 4318917.593, 98
Trd, 4318918.593, 69
Trd, 4318918.693, 87
Trd, 4318919.493, 73
Trd, 4318920.643, 60
Trd, 4318921.093, 67
Trd, 4318922.443, 78
Trd, 4318922.893, 124
Trd, 4318923.193, 63
Trd, 4318923.543, 62
Trd, 4318923.643, 79
Trd, 4318924.243, 63
Trd, 4318925.293, 75
Trd, 4318925.893, 120
Trd, 4318925.993, 104
Trd, 4318926.943, 81
Trd, 4318928.093, 113
Trd, 4318928.893, 134
Trd, 4318929.593, 104
Trd, 4318929.793, 97
Trd, 4318930.343, 115
Trd, 4318930.943, 109
Trd, 4318931.643, 106
Trd, 4318931.793, 87
Trd, 4318933.243, 139
Trd, 4318933.693, 88
Trd, 4318933.993, 84
Trd, 4318934.693, 129
Trd, 4318935.093, 129
Trd, 4318935.193, 107
Trd, 4318935.743, 102
Trd, 4318936.593, 122
Trd, 4318937.393, 129
Trd, 4318937.643, 103
Trd, 4318937.893, 97
Trd, 4318938.843, 137
Trd, 4318939.443, 129
Trd, 4318939.993, 71
Trd, 4318940.143, 67
Trd, 4318942.543, 134
Trd, 4318943.043, 113
Trd, 4318943.693, 137
Trd, 4318943.793, 112
Trd, 4318944.293, 132
Trd, 4318944.843, 121
Trd, 4318945.293, 76
Trd, 4318945.693, 124
Trd, 4318946.143, 60
Trd, 4318946.493, 133
Trd, 4318948.043, 75
Trd, 4318949.093, 68
Trd, 4318949.843, 65
Trd, 4318950.893, 63
Trd, 4318951.043, 73
Trd, 4318951.293, 117
Trd, 4318951.993, 84
Trd, 4318953.493, 133
Trd, 4318953.693, 110
Trd, 4318954.843, 113
Trd, 4318955.093, 94
Trd, 4318955.593, 138
Trd, 4318956.393, 62
Trd, 4318957.193, 139
Trd, 4318958.493, 85
Trd, 4318958.793, 86
Trd, 4318959.843, 123
Trd, 4318960.443, 139
Trd, 4318960.643, 124
Trd, 4318960.693, 87
Trd, 4318960.993, 64
Trd, 4318962.993, 61
Trd, 4318963.243, 65
Trd, 4318964.593, 61
Trd, 4318964.993, 76
Trd, 4318966.443, 91
Trd, 4318967.143, 62
Trd, 4318967.293, 62
Trd, 4318967.593, 86
Trd, 4318969.093, 60
Trd, 4318969.543, 64
Trd, 4318969.593, 87
Trd, 4318970.243, 136
Trd, 4318970.343, 115
Trd, 4318970.593, 95
Trd, 4318973.443, 135
Trd, 4318974.393, 127
Trd, 4318975.643, 115
Trd, 4318975.843, 102
Trd, 4318976.393, 122
Trd, 4318976.643, 108
Trd, 4318976.693, 97
Trd, 4318977.093, 112
Trd, 4318977.343, 110
Trd, 4318978.093, 128
Trd, 4318978.593, 65
Trd, 4318980.293, 133
Trd, 4318980.393, 85
Trd, 4318980.493, 78
Trd, 4318980.593, 75
Trd, 4318981.843, 134
Trd, 4318982.043, 103
Trd, 4318982.743, 114
Trd, 4318983.343, 103
Trd, 4318984.693, 93
Trd, 4318984.943, 93
Trd, 4318985.993, 128
Trd, 4318986.143, 108
Trd, 4318986.743, 113
Trd, 4318987.593, 126
Trd, 4318988.443, 114
Trd, 4318989.193, 123
Trd, 4318989.393, 78
Trd, 4318989.543, 77
Trd, 4318989.943, 99
Trd, 4318990.743, 126
Trd, 4318991.743, 90
Trd, 4318993.143, 108
Trd, 4318994.293, 108
Trd, 4318994.393, 91
Trd, 4318994.793, 129
Trd, 4318994.843, 84
Trd, 4318995.643, 126
Trd, 4318995.943, 109
Trd, 4318996.643, 83
Trd, 4318997.343, 77
Trd, 4318998.543, 86
Trd, 4318998.943, 104
Trd, 4319000.793, 127
Trd, 4319000.993, 104
Trd, 4319001.643, 98
Trd, 4319002.493, 67
Trd, 4319002.793, 65
Trd, 4319003.743, 68
Trd, 4319004.543, 61
Trd, 4319004.693, 69
Trd, 4319004.843, 82
Trd, 4319005.293, 64
Trd, 4319006.843, 81
Trd, 4319007.293, 75
Trd, 4319007.693, 72
Trd, 4319009.543, 60
Trd, 4319009.693, 62
Trd, 4319010.193, 67
Trd, 4319011.643, 68
Trd, 4319012.293, 79
Trd, 4319012.343, 79
Trd, 4319012.793, 62
Trd, 4319012.893, 133
Trd, 4319013.393, 80
Trd, 4319014.193, 63
Trd, 4319015.393, 61
Trd, 4319016.143, 82
Trd, 4319016.443, 129
Trd, 4319017.043, 120
Trd, 4319017.893, 121
Trd, 4319018.443, 127
Trd, 4319020.493, 60
Trd, 4319020.743, 60
Trd, 4319020.893, 82
Trd, 4319021.443, 87
Trd, 4319022.093, 96
Trd, 4319023.143, 126
Trd, 4319023.443, 62
Trd, 4319023.593, 93
Trd, 4319024.643, 65
Trd, 4319024.993, 105
Trd, 4319026.493, 121
Trd, 4319026.693, 102
Trd, 4319026.843, 84
Trd, 4319027.693, 71
Trd, 4319028.093, 88
Trd, 4319028.893, 80
Trd, 4319030.193, 73
Trd, 4319030.993, 73
Trd, 4319031.093, 92
Trd, 4319033.093, 125
Trd, 4319033.793, 115
Trd, 4319033.843, 104
Trd, 4319034.093, 99
Trd, 4319034.943, 111
Trd, 4319035.093, 95
Trd, 4319036.343, 97
Trd, 4319036.393, 96
Trd, 4319036.943, 93
Trd, 4319037.493, 93
Trd, 4319037.543, 85
Trd, 4319039.393, 62
Trd, 4319039.543, 66
Trd, 4319040.343, 76
Trd, 4319040.743, 76
Trd, 4319041.443, 109
Trd, 4319042.043, 90
Trd, 4319042.793, 83
Trd, 4319042.943, 75
Trd, 4319044.043, 129
Trd, 4319044.743, 66
Trd, 4319044.843, 95
Trd, 4319045.743, 115
Trd, 4319046.343, 66
Trd, 4319048.143, 60
Trd, 4319048.393, 60
Trd, 4319048.993, 102
Trd, 4319049.843, 94
Trd, 4319049.943, 109
Trd, 4319051.143, 118
Trd, 4319051.743, 137
Trd, 4319052.043, 119
Trd, 4319052.493, 100
Trd, 4319053.743, 61
Trd, 4319053.793, 79
Trd, 4319055.643, 104
Trd, 4319055.993, 99
Trd, 4319056.543, 88
Trd, 4319056.943, 133
Trd, 4319057.043, 120
Trd, 4319057.793, 62
Trd, 4319058.493, 69
Trd, 4319058.643, 60
Trd, 4319059.343, 111
Trd, 4319059.993, 102
Trd, 4319061.043, 80
Trd, 4319061.243, 118
Trd, 4319061.843, 77
Trd, 4319062.293, 83
Trd, 4319062.993, 130
Trd, 4319063.543, 124
Trd, 4319064.093, 115
Trd, 4319064.493, 100
Trd, 4319066.643, 104
Trd, 4319067.443, 99
Trd, 4319067.643, 121
Trd, 4319068.193, 121
Trd, 4319069.143, 104
Trd, 4319069.643, 91
Trd, 4319069.943, 87
Trd, 4319070.193, 137
Trd, 4319070.943, 92
Trd, 4319071.293, 81
Trd, 4319072.593, 134
Trd, 4319073.543, 135
Trd, 4319074.043, 77
Trd, 4319074.193, 73
Trd, 4319074.493, 70
Trd, 4319075.943, 76
Trd, 4319076.143, 119
Trd, 4319076.843, 66
Trd, 4319078.443, 136
Trd, 4319079.593, 127
Trd, 4319079.943, 129
Trd, 4319080.543, 106
Trd, 4319080.893, 99
Trd, 4319081.243, 87
Trd, 4319081.593, 75
Trd, 4319081.743, 132
Trd, 4319082.843, 94
Trd, 4319082.893, 86
Trd, 4319083.893, 118
Trd, 4319084.893, 75
Trd, 4319085.393, 72
Trd, 4319086.243, 66
Trd, 4319086.643, 126
Trd, 4319086.743, 107
Trd, 4319087.343, 135
Trd, 4319087.693, 140
Trd, 4319089.893, 133
Trd, 4319089.943, 118
Trd, 4319090.193, 110
Trd, 4319090.343, 99
Trd, 4319091.093, 70
Trd, 4319091.943, 60
Trd, 4319092.493, 105
Trd, 4319092.843, 68
Trd, 4319094.143, 133
Trd, 4319094.443, 134
Trd, 4319095.043, 139
Trd, 4319095.343, 124
Trd, 4319095.593, 113
Trd, 4319095.993, 92
Trd, 4319097.993, 129
Trd, 4319098.643, 126
Trd, 4319098.993, 97
Trd, 4319100.143, 73
Trd, 4319100.243, 61
Trd, 4319100.843, 113
Trd, 4319101.343, 73
Trd, 4319101.893, 127
Trd, 4319102.943, 93
Trd, 4319103.043, 115
Trd, 4319103.293, 66
Trd, 4319103.643, 133
Trd, 4319104.543, 106
Trd, 4319105.293, 125
Trd, 4319105.643, 101
Trd, 4319106.243, 64
Trd, 4319107.243, 68
Trd, 4319109.343, 137
Trd, 4319109.643, 131
Trd, 4319110.143, 119
Trd, 4319110.243, 131
Trd, 4319110.793, 110
Trd, 4319110.943, 108
Trd, 4319111.943, 110
Trd, 4319112.943, 83
Trd, 4319113.193, 64
Trd, 4319113.643, 112
Trd, 4319113.893, 71
Trd, 4319114.143, 97
Trd, 4319114.843, 133
Trd, 4319116.043, 138
Trd, 4319117.893, 138
Trd, 4319117.993, 91
Trd, 4319118.843, 91
Trd, 4319119.843, 73
Trd, 4319120.293, 63
Trd, 4319120.643, 64
Trd, 4319120.793, 98
Trd, 4319121.843, 62
Trd, 4319123.293, 81
Trd, 4319123.443, 97
Trd, 4319123.793, 77
Trd, 4319124.743, 61
Trd, 4319124.893, 61
Trd, 4319125.643, 62
Trd, 4319125.743, 99
Trd, 4319126.393, 128
Trd, 4319127.043, 112
Trd, 4319127.943, 123
Trd, 4319129.093, 111
Trd, 4319129.793, 104
Trd, 4319130.393, 116
Trd, 4319132.293, 89
Trd, 4319132.843, 108
Trd, 4319134.093, 83
Trd, 4319134.143, 97
Trd, 4319134.643, 89
Trd, 4319134.893, 137
Trd, 4319135.243, 119
Trd, 4319135.943, 78
Trd, 4319136.493, 63
Trd, 4319137.893, 74
Trd, 4319138.543, 60
Trd, 4319138.693, 76
Trd, 4319139.893, 64
Trd, 4319140.443, 118
Trd, 4319140.593, 103
Trd, 4319140.693, 95
Trd, 4319142.543, 79
Trd, 4319143.743, 124
Trd, 4319143.943, 90
Trd, 4319144.943, 74
Trd, 4319146.443, 136
Trd, 4319146.493, 108
Trd, 4319146.543, 95
Trd, 4319147.193, 131
Trd, 4319148.393, 133
Trd, 4319148.943, 118
Trd, 4319149.143, 114
Trd, 4319150.293, 60
Trd, 4319150.893, 61
Trd, 4319151.143, 71
Trd, 4319152.493, 94
Trd, 4319152.643, 91
Trd, 4319152.993, 108
Trd, 4319155.593, 124
Trd, 4319155.793, 120
Trd, 4319155.843, 97
Trd, 4319156.843, 64
Trd, 4319157.043, 88
Trd, 4319157.243, 61
Trd, 4319157.343, 96
Trd, 4319158.193, 64
Trd, 4319160.043, 72
Trd, 4319160.593, 100
Trd, 4319160.943, 115
Trd, 4319163.043, 129
Trd, 4319163.243, 110
Trd, 4319163.443, 98
Trd, 4319163.643, 71
Trd, 4319164.343, 60
Trd, 4319165.443, 115
Trd, 4319165.893, 75
Trd, 4319166.293, 106
Trd, 4319167.043, 102
Trd, 4319167.793, 83
Trd, 4319168.793, 80
Trd, 4319169.693, 133
Trd, 4319170.143, 61
Trd, 4319171.493, 61
Trd, 4319172.193, 66
Trd, 4319172.393, 138
Trd, 4319173.443, 130
Trd, 4319174.243, 91
Trd, 4319174.293, 90
Trd, 4319175.943, 63
Trd, 4319176.693, 65
Trd, 4319177.093, 66
Trd, 4319177.443, 114
Trd, 4319177.743, 106
Trd, 4319178.593, 93
Trd, 4319179.743, 83
Trd, 4319180.543, 89
Trd, 4319181.143, 74
Trd, 4319181.643, 103
Trd, 4319182.093, 107
Trd, 4319182.143, 69
Trd, 4319182.693, 133
Trd, 4319183.643, 139
Trd, 4319183.793, 122
Trd, 4319184.443, 134
Trd, 4319184.593, 89
Trd, 4319186.293, 90
Trd, 4319186.993, 73
Trd, 4319187.843, 67
Trd, 4319188.693, 139
Trd, 4319189.443, 125
Trd, 4319189.593, 110
Trd, 4319189.893, 98
Trd, 4319190.343, 131
Trd, 4319190.743, 140
Trd, 4319190.943, 95
Trd, 4319191.993, 140
Trd, 4319192.743, 107
Trd, 4319193.843, 138
Trd, 4319194.343, 117
Trd, 4319194.843, 115
Trd, 4319195.443, 129
Trd, 4319196.893, 115
Trd, 4319197.243, 96
Trd, 4319198.593, 95
Trd, 4319199.043, 77
Trd, 4319199.643, 105
Trd, 4319199.943, 75
Trd, 4319201.793, 119
Trd, 4319202.443, 120
Trd, 4319202.793, 108
Trd, 4319203.093, 135
Trd, 4319203.693, 116
Trd, 4319204.193, 96
Trd, 4319205.193, 110
Trd, 4319205.943, 106
Trd, 4319206.443, 103
Trd, 4319207.743, 120
Trd, 4319208.743, 121
Trd, 4319209.443, 139
Trd, 4319209.493, 105
Trd, 4319210.243, 134
Trd, 4319210.393, 87
Trd, 4319210.543, 82
Trd, 4319211.193, 72
Trd, 4319211.343, 70
Trd, 4319211.693, 89
Trd, 4319212.193, 120
Trd, 4319213.243, 121
Trd, 4319213.593, 84
Trd, 4319214.543, 120
Trd, 4319214.643, 119
Trd, 4319216.043, 140
Trd, 4319216.243, 129
Trd, 4319216.893, 109
Trd, 4319219.793, 139
Trd, 4319220.043, 129
Trd, 4319220.293, 110
Trd, 4319220.393, 109
Trd, 4319221.393, 132
Trd, 4319222.543, 126
Trd, 4319223.593, 117
Trd, 4319223.893, 106
Trd, 4319224.193, 123
Trd, 4319224.493, 101
Trd, 4319225.293, 118
Trd, 4319225.743, 126
Trd, 4319225.843, 118
Trd, 4319226.043, 106
Trd, 4319227.093, 138
Trd, 4319228.493, 61
Trd, 4319228.643, 65
Trd, 4319229.193, 77
Trd, 4319229.843, 137
Trd, 4319231.093, 64
Trd, 4319231.143, 85
Trd, 4319231.393, 65
Trd, 4319232.293, 125
Trd, 4319232.843, 62
Trd, 4319234.543, 60
Trd, 4319234.793, 63
Trd, 4319235.093, 60
Trd, 4319235.443, 95
Trd, 4319236.343, 130
Trd, 4319236.493, 86
Trd, 4319238.193, 74
Trd, 4319238.443, 129
Trd, 4319239.943, 131
Trd, 4319240.143, 95
Trd, 4319240.893, 91
Trd, 4319241.643, 61
Trd, 4319241.843, 62
Trd, 4319242.393, 73
Trd, 4319243.743, 62
Trd, 4319244.143, 61
Trd, 4319245.643, 92
Trd, 4319245.893, 102
Trd, 4319246.043, 92
Trd, 4319246.093, 120
Trd, 4319247.143, 76
Trd, 4319247.193, 70
Trd, 4319247.643, 79
Trd, 4319250.293, 84
Trd, 4319250.393, 68
Trd, 4319250.493, 86
Trd, 4319251.293, 65
Trd, 4319251.593, 65
Trd, 4319252.593, 77
Trd, 4319252.693, 60
Trd, 4319253.043, 60
Trd, 4319253.293, 78
Trd, 4319253.793, 75
Trd, 4319254.443, 77
Trd, 4319255.093, 132
Trd, 4319255.543, 95
Trd, 4319257.843, 132
Trd, 4319257.943, 124
Trd, 4319258.593, 87
Trd, 4319260.193, 81
Trd, 4319260.693, 131
Trd, 4319261.093, 130
Trd, 4319261.193, 113
Trd, 4319261.293, 107
Trd, 4319262.393, 119
Trd, 4319262.743, 114
Trd, 4319263.643, 127
Trd, 4319263.693, 104
Trd, 4319263.843, 74
Trd, 4319264.993, 68
Trd, 4319265.243, 84
Trd, 4319265.693, 125
Trd, 4319267.843, 114
Trd, 4319268.843, 117
Trd, 4319269.243, 104
Trd, 4319269.343, 97
Trd, 4319271.093, 136
Trd, 4319271.543, 109
Trd, 4319272.043, 106
Trd, 4319272.093, 103
Trd, 4319272.793, 97
Trd, 4319273.543, 138
Trd, 4319274.443, 140
Trd, 4319274.543, 124
Trd, 4319275.043, 139
Trd, 4319276.393, 115
Trd, 4319276.743, 111
Trd, 4319277.193, 117
Trd, 4319277.743, 131
Trd, 4319277.843, 123
Trd, 4319278.043, 107
Trd, 4319278.643, 103
Trd, 4319279.293, 107
Trd, 4319280.893, 128
Trd, 4319281.593, 125
Trd, 4319281.643, 105
Trd, 4319282.143, 84
Trd, 4319282.593, 102
Trd, 4319282.643, 75
Trd, 4319283.443, 81
Trd, 4319284.093, 70
Trd, 4319284.293, 68
Trd, 4319285.343, 106
Trd, 4319285.893, 140
Trd, 4319286.193, 116
Trd, 4319286.543, 112
Trd, 4319286.743, 90
Trd, 4319288.193, 61
Trd, 4319288.443, 62
Trd, 4319289.893, 103
Trd, 4319290.243, 112
Trd, 4319290.293, 97
Trd, 4319290.693, 93
Trd, 4319291.343, 69
Trd, 4319291.793, 80
Trd, 4319292.743, 136
Trd, 4319293.443, 131
Trd, 4319294.043, 112
Trd, 4319294.243, 94
Trd, 4319295.443, 139
Trd, 4319295.843, 127
Trd, 4319296.043, 104
Trd, 4319297.243, 98
Trd, 4319298.043, 113
Trd, 4319298.193, 127
Trd, 4319298.693, 129
Trd, 4319299.943, 137
Trd, 4319300.743, 112
Trd, 4319301.143, 91
Trd, 4319302.143, 65
Trd, 4319303.293, 125
Trd, 4319304.343, 128
Trd, 4319304.443, 72
Trd, 4319306.293, 110
Trd, 4319306.543, 110
Trd, 4319306.693, 96
Trd, 4319307.593, 60
Trd, 4319308.443, 63
Trd, 4319308.693, 84
Trd, 4319309.593, 124
Trd, 4319310.743, 133
Trd, 4319310.993, 129
Trd, 4319311.743, 118
Trd, 4319311.993, 106
Trd, 4319313.443, 139
Trd, 4319313.543, 132
Trd, 4319314.843, 131
Trd, 4319315.593, 126
Trd, 4319316.143, 117
Trd, 4319317.293, 124
Trd, 4319317.543, 77
Trd, 4319318.793, 140
Trd, 4319318.943, 83
Trd, 4319319.343, 112
Trd, 4319319.893, 87
Trd, 4319320.343, 69
Trd, 4319320.643, 70
Trd, 4319321.793, 63
Trd, 4319321.943, 71
Trd, 4319322.293, 99
Trd, 4319323.193, 124
Trd, 4319323.493, 108
Trd, 4319323.993, 88
Trd, 4319324.843, 90
Trd, 4319324.943, 128
Trd, 4319325.693, 135
Trd, 4319326.193, 108
Trd, 4319326.793, 122
Trd, 4319327.743, 107
Trd, 4319327.993, 101
Trd, 4319328.293, 89
Trd, 4319328.743, 116
Trd, 4319329.443, 107
Trd, 4319330.843, 76
Trd, 4319331.093, 140
Trd, 4319332.343, 62
Trd, 4319332.393, 66
Trd, 4319332.443, 94
Trd, 4319332.743, 107
Trd, 4319333.593, 140
Trd, 4319334.093, 118
Trd, 4319334.493, 99
Trd, 4319334.693, 124
Trd, 4319336.293, 110
Trd, 4319336.693, 83
Trd, 4319337.243, 99
Trd, 4319338.093, 75
Trd, 4319339.293, 132
Trd, 4319340.293, 138
Trd, 4319340.643, 113
Trd, 4319340.693, 92
Trd, 4319341.143, 102
Trd, 4319341.443, 67
Trd, 4319341.693, 65
Trd, 4319342.693, 92
Trd, 4319343.643, 62
Trd, 4319344.193, 62
Trd, 4319345.543, 69
Trd, 4319345.993, 80
Trd, 4319346.943, 61
Trd, 4319347.143, 78
Trd, 4319347.493, 80
Trd, 4319348.293, 63
Trd, 4319348.893, 90
Trd, 4319349.743, 61
Trd, 4319350.143, 97
Trd, 4319351.943, 62
Trd, 4319352.093, 67
Trd, 4319352.943, 63
Trd, 4319353.593, 74
Trd, 4319353.943, 60
Trd, 4319354.693, 126
Trd, 4319355.243, 109
Trd, 4319357.443, 62
Trd, 4319357.843, 60
Trd, 4319358.443, 63
Trd, 4319358.893, 65
Trd, 4319359.643, 60
Trd, 4319360.193, 60
Trd, 4319360.393, 71
Trd, 4319360.793, 70
Trd, 4319361.143, 85
Trd, 4319361.593, 61
Trd, 4319362.093, 60
Trd, 4319362.343, 65
Trd, 4319364.243, 60
Trd, 4319365.943, 75
Trd, 4319366.043, 66
Trd, 4319366.393, 115
Trd, 4319366.443, 108
Trd, 4319366.893, 122
Trd, 4319367.143, 101
Trd, 4319367.443, 85
Trd, 4319368.143, 123
Trd, 4319368.843, 92
Trd, 4319370.193, 64
Trd, 4319370.843, 66
Trd, 4319371.693, 63
Trd, 4319371.993, 76
Trd, 4319372.643, 66
Trd, 4319372.743, 81
Trd, 4319373.193, 61
Trd, 4319373.793, 105
Trd, 4319373.943, 79
Trd, 4319375.193, 122
Trd, 4319375.993, 124
Trd, 4319376.143, 105
Trd, 4319376.943, 140
Trd, 4319377.393, 87
Trd, 4319378.293, 69
Trd, 4319379.693, 69
Trd, 4319379.943, 64
Trd, 4319380.293, 65
Trd, 4319380.893, 100
Trd, 4319381.093, 62
Trd, 4319382.193, 70
Trd, 4319384.043, 61
Trd, 4319384.343, 66
Trd, 4319384.793, 77
Trd, 4319385.843, 136
Trd, 4319386.293, 126
Trd, 4319386.843, 115
Trd, 4319387.143, 106
Trd, 4319387.493, 86
Trd, 4319387.893, 91
Trd, 4319387.943, 81
Trd, 4319389.893, 61
Trd, 4319390.143, 116
Trd, 4319390.993, 62
Trd, 4319392.093, 125
Trd, 4319392.443, 115
Trd, 4319393.243, 119
Trd, 4319394.293, 136
Trd, 4319395.343, 67
Trd, 4319395.943, 115
Trd, 4319396.793, 64
Trd, 4319397.443, 72
Trd, 4319398.693, 67
Trd, 4319398.743, 86
Trd, 4319399.443, 70
Trd, 4319399.593, 71
Trd, 4319400.493, 82
Trd, 4319401.193, 105
Trd, 4319402.243, 65
Trd, 4319402.393, 67
Trd, 4319402.443, 74
Trd, 4319403.243, 113
Trd, 4319403.843, 136
Trd, 4319404.243, 61
Trd, 4319405.143, 129
Trd, 4319405.843, 77
Trd, 4319405.993, 69
Trd, 4319406.343, 68
Trd, 4319407.493, 63
Trd, 4319407.743, 92
Trd, 4319408.693, 96
Trd, 4319409.593, 102
Trd, 4319409.943, 79
Trd, 4319410.093, 77
Trd, 4319411.193, 73
Trd, 4319412.343, 83
Trd, 4319413.043, 87
Trd, 4319413.843, 80
Trd, 4319413.893, 80
Trd, 4319413.993, 97
Trd, 4319415.143, 140
Trd, 4319416.843, 136
Trd, 4319417.343, 83
Trd, 4319417.993, 140
Trd, 4319418.393, 102
Trd, 4319418.943, 138
Trd, 4319419.493, 115
Trd, 4319420.643, 103
Trd, 4319420.793, 79
Trd, 4319421.293, 130
Trd, 4319422.143, 85
Trd, 4319422.243, 78
Trd, 4319422.343, 62
Trd, 4319423.793, 99
Trd, 4319423.993, 90
Trd, 4319425.043, 119
Trd, 4319425.543, 89
Trd, 4319426.843, 133
Trd, 4319427.143, 94
Trd, 4319427.543, 133
Trd, 4319427.993, 129
Trd, 4319429.243, 124
Trd, 4319429.643, 126
Trd, 4319430.293, 127
Trd, 4319431.493, 134
Trd, 4319432.193, 113
Trd, 4319432.393, 93
Trd, 4319433.293, 127
Trd, 4319434.143, 133
Trd, 4319434.743, 133
Trd, 4319435.743, 119
Trd, 4319436.793, 136
Trd, 4319437.093, 119
Trd, 4319437.943, 104
Trd, 4319438.043, 75
Trd, 4319438.743, 105
Trd, 4319439.393, 67
Trd, 4319439.843, 100
Trd, 4319440.593, 69
Trd, 4319440.743, 72
Trd, 4319440.893, 93
Trd, 4319441.993, 140
Trd, 4319442.493, 88
Trd, 4319443.043, 121
Trd, 4319444.843, 72
Trd, 4319445.443, 84
Trd, 4319446.043, 80
Trd, 4319446.393, 95
Trd, 4319446.693, 75
Trd, 4319449.193, 136
Trd, 4319450.043, 126
Trd, 4319451.493, 120
Trd, 4319451.593, 117
Trd, 4319451.743, 81
Trd, 4319451.993, 129
Trd, 4319452.693, 140
Trd, 4319453.593, 117
Trd, 4319453.793, 101
Trd, 4319454.093, 98
Trd, 4319455.143, 103
Trd, 4319455.993, 129
Trd, 4319456.443, 103
Trd, 4319457.443, 128
Trd, 4319458.043, 129
Trd, 4319458.143, 100
Trd, 4319458.693, 134
Trd, 4319458.993, 83
Trd, 4319460.793, 64
Trd, 4319461.693, 63
Trd, 4319461.843, 66
Trd, 4319462.543, 71
Trd, 4319462.893, 62
Trd, 4319464.093, 62
Trd, 4319464.293, 126
Trd, 4319465.343, 103
Trd, 4319466.093, 130
Trd, 4319466.143, 126
Trd, 4319466.793, 102
Trd, 4319468.243, 119
Trd, 4319468.293, 103
Trd, 4319469.243, 121
Trd, 4319470.343, 140
Trd, 4319471.193, 136
Trd, 4319471.493, 127
Trd, 4319471.893, 112
Trd, 4319472.393, 93
Trd, 4319472.793, 105
Trd, 4319472.843, 85
Trd, 4319474.493, 63
Trd, 4319474.843, 91
Trd, 4319475.093, 134
Trd, 4319476.693, 67
Trd, 4319477.293, 64
Trd, 4319477.893, 64
Trd, 4319478.093, 67
Trd, 4319478.143, 93
Trd, 4319479.143, 72
Trd, 4319479.543, 96
Trd, 4319481.143, 66
Trd, 4319482.693, 116
Trd, 4319482.993, 101
Trd, 4319483.043, 95
Trd, 4319483.393, 127
Trd, 4319484.693, 64
Trd, 4319484.743, 66
Trd, 4319484.993, 68
Trd, 4319485.693, 71
Trd, 4319486.893, 64
Trd, 4319487.343, 84
Trd, 4319487.993, 132
Trd, 4319489.093, 126
Trd, 4319489.293, 118
Trd, 4319489.943, 114
Trd, 4319490.793, 104
Trd, 4319491.243, 100
Trd, 4319492.193, 91
Trd, 4319492.493, 84
Trd, 4319492.843, 87
Trd, 4319493.743, 96
Trd, 4319493.843, 138
Trd, 4319494.943, 86
Trd, 4319495.293, 105
Trd, 4319495.543, 71
Trd, 4319495.893, 60
Trd, 4319497.493, 99
Trd, 4319498.593, 119
Trd, 4319498.793, 104
Trd, 4319499.093, 96
Trd, 4319499.893, 91
Trd, 4319500.293, 132
Trd, 4319501.543, 138
Trd, 4319501.643, 115
Trd, 4319502.343, 124
Trd, 4319502.493, 123
Trd, 4319502.743, 62
Trd, 4319503.393, 68
Trd, 4319504.593, 66
Trd, 4319505.443, 60
Trd, 4319506.343, 74
Trd, 4319506.693, 68
Trd, 4319507.293, 111
Trd, 4319507.493, 90
Trd, 4319508.193, 63
Trd, 4319508.543, 122
Trd, 4319509.643, 84
Trd, 4319509.843, 81
Trd, 4319511.343, 130
Trd, 4319511.693, 118
Trd, 4319512.593, 78
Trd, 4319512.793, 122
Trd, 4319513.493, 69
Trd, 4319513.843, 67
Trd, 4319514.743, 126
Trd, 4319515.043, 114
Trd, 4319515.993, 83
Trd, 4319516.193, 79
Trd, 4319516.493, 92
Trd, 4319517.293, 74
Trd, 4319517.943, 123
Trd, 4319519.093, 64
Trd, 4319520.093, 131
Trd, 4319520.343, 93
Trd, 4319521.043, 105
Trd, 4319521.343, 111
Trd, 4319521.543, 95
Trd, 4319522.343, 115
Trd, 4319523.643, 119
Trd, 4319524.493, 116
Trd, 4319524.643, 85
Trd, 4319525.143, 140
Trd, 4319525.543, 132
Trd, 4319526.943, 115
Trd, 4319527.443, 108
Trd, 4319527.543, 90
Trd, 4319527.993, 99
Trd, 4319529.143, 102
Trd, 4319529.193, 98
Trd, 4319530.643, 128
Trd, 4319531.543, 135
Trd, 4319531.793, 126
Trd, 4319532.343, 135
Trd, 4319533.293, 124
Trd, 4319533.743, 124
Trd, 4319534.043, 115
Trd, 4319534.993, 104
Trd, 4319535.043, 127
Trd, 4319535.293, 90
Trd, 4319536.443, 83
Trd, 4319536.543, 99
Trd, 4319537.643, 117
Trd, 4319537.943, 83
Trd, 4319538.293, 119
Trd, 4319539.243, 110
Trd, 4319540.493, 136
Trd, 4319540.743, 116
Trd, 4319541.043, 140
Trd, 4319541.293, 89
Trd, 4319542.193, 103
Trd, 4319542.543, 101
Trd, 4319543.093, 94
Trd, 4319544.143, 63
Trd, 4319544.843, 70
Trd, 4319545.193, 106
Trd, 4319545.443, 95
Trd, 4319546.343, 131
Trd, 4319546.593, 106
Trd, 4319547.343, 124
Trd, 4319548.893, 112
Trd, 4319549.393, 105
Trd, 4319549.693, 138
Trd, 4319549.893, 77
Trd, 4319551.193, 84
Trd, 4319551.543, 82
Trd, 4319551.643, 62
Trd, 4319553.393, 128
Trd, 4319554.743, 63
Trd, 4319554.943, 67
Trd, 4319555.343, 84
Trd, 4319555.493, 69
Trd, 4319556.043, 65
Trd, 4319556.893, 138
Trd, 4319557.993, 134
Trd, 4319558.443, 135
Trd, 4319558.893, 124
Trd, 4319559.743, 139
Trd, 4319560.143, 128
Trd, 4319561.193, 139
Trd, 4319561.493, 139
Trd, 4319562.643, 102
Trd, 4319563.493, 88
Trd, 4319563.893, 127
Trd, 4319564.393, 134
Trd, 4319565.793, 82
Trd, 4319567.093, 140
Trd, 4319567.143, 127
Trd, 4319567.993, 119
Trd, 4319568.193, 112
Trd, 4319569.093, 90
Trd, 4319569.593, 88
Trd, 4319569.843, 103
Trd, 4319570.393, 61
Trd, 4319571.343, 68
Trd, 4319571.643, 67
Trd, 4319572.343, 65
Trd, 4319572.693, 87
Trd, 4319573.943, 60
Trd, 4319574.693, 80
Trd, 4319576.343, 65
Trd, 4319576.593, 77
Trd, 4319577.343, 80
Trd, 4319578.193, 97
Trd, 4319578.643, 62
Trd, 4319578.943, 64
Trd, 4319579.543, 69
Trd, 4319581.193, 137
Trd, 4319581.493, 125
Trd, 4319582.193, 130
Trd, 4319582.343, 128
Trd, 4319582.493, 109
Trd, 4319582.543, 100
Trd, 4319583.493, 138
Trd, 4319585.543, 70
Trd, 4319586.193, 64
Trd, 4319586.843, 61
Trd, 4319586.943, 67
Trd, 4319587.593, 63
Trd, 4319587.693, 70
Trd, 4319588.743, 93
Trd, 4319589.193, 105
Trd, 4319589.243, 110
Trd, 4319590.743, 137
Trd, 4319590.943, 118
Trd, 4319591.043, 113
Trd, 4319591.893, 139
Trd, 4319592.193, 126
Trd, 4319593.293, 123
Trd, 4319593.393, 114
Trd, 4319594.093, 83
Trd, 4319594.443, 80
Trd, 4319595.643, 115
Trd, 4319595.893, 98
Trd, 4319596.343, 128
Trd, 4319596.943, 139
Trd, 4319600.043, 133
Trd, 4319600.343, 131
Trd, 4319601.043, 130
Trd, 4319601.093, 109
Trd, 4319601.843, 60
Trd, 4319602.343, 130
Trd, 4319603.293, 137
Trd, 4319604.193, 115
Trd, 4319604.493, 115
Trd, 4319605.143, 133
Trd, 4319606.143, 98
Trd, 4319606.343, 91
Trd, 4319606.843, 89
Trd, 4319607.193, 61
Trd, 4319607.443, 80
Trd, 4319608.643, 132
Trd, 4319609.543, 127
Trd, 4319610.943, 100
Trd, 4319611.293, 110
Trd, 4319612.043, 97
Trd, 4319613.493, 130
Trd, 4319613.543, 99
Trd, 4319613.693, 83
Trd, 4319614.143, 95
Trd, 4319615.543, 98
Trd, 4319615.593, 96
Trd, 4319615.993, 77
Trd, 4319616.393, 85
Trd, 4319617.143, 129
Trd, 4319617.343, 76
Trd, 4319617.793, 124
Trd, 4319618.793, 135
Trd, 4319620.643, 131
Trd, 4319620.793, 120
Trd, 4319621.443, 103
Trd, 4319621.893, 94
Trd, 4319622.543, 98
Trd, 4319623.093, 95
Trd, 4319623.243, 109
Trd, 4319623.693, 84
Trd, 4319625.143, 108
Trd, 4319625.243, 107
Trd, 4319626.193, 136
Trd, 4319626.343, 117
Trd, 4319626.943, 68
Trd, 4319627.893, 79
Trd, 4319628.343, 77
Trd, 4319628.543, 90
Trd, 4319629.743, 92
Trd, 4319629.993, 106
Trd, 4319630.293, 64
Trd, 4319632.243, 83
Trd, 4319632.443, 88
Trd, 4319632.943, 93
Trd, 4319633.593, 67
Trd, 4319634.093, 132
Trd, 4319634.393, 62
Trd, 4319634.793, 61
Trd, 4319635.993, 67
Trd, 4319637.093, 65
Trd, 4319637.193, 66
Trd, 4319637.443, 98
Trd, 4319637.693, 114
Trd, 4319638.643, 124
Trd, 4319639.393, 84
Trd, 4319640.143, 63
Trd, 4319641.393, 85
Trd, 4319642.093, 63
Trd, 4319642.743, 74
Trd, 4319643.343, 77
Trd, 4319643.893, 100
Trd, 4319644.493, 108
Trd, 4319644.793, 113
Trd, 4319644.943, 103
Trd, 4319647.093, 138
Trd, 4319647.943, 74
Trd, 4319648.593, 83
Trd, 4319648.843, 72
Trd, 4319649.193, 71
Trd, 4319649.693, 92
Trd, 4319650.643, 125
Trd, 4319651.443, 128
Trd, 4319652.443, 122
Trd, 4319652.843, 130
Trd, 4319653.393, 84
Trd, 4319653.593, 89
Trd, 4319653.693, 79
Trd, 4319653.793, 138
Trd, 4319655.193, 118
Trd, 4319655.293, 105
Trd, 4319655.543, 99
Trd, 4319655.743, 126
Trd, 4319657.243, 124
Trd, 4319657.293, 116
Trd, 4319657.443, 79
Trd, 4319660.043, 127
Trd, 4319660.093, 111
Trd, 4319662.143, 136
Trd, 4319662.393, 112
Trd, 4319662.693, 116
Trd, 4319662.743, 108
Trd, 4319663.143, 91
Trd, 4319663.243, 86
Trd, 4319663.893, 86
Trd, 4319664.043, 65
Trd, 4319665.293, 60
Trd, 4319665.993, 140
Trd, 4319666.643, 93
Trd, 4319667.243, 109
Trd, 4319667.343, 117
Trd, 4319668.493, 95
Trd, 4319668.993, 82
Trd, 4319669.443, 128
Trd, 4319671.743, 62
Trd, 4319672.293, 60
Trd, 4319672.743, 63
Trd, 4319673.543, 68
Trd, 4319674.393, 65
Trd, 4319675.343, 76
Trd, 4319675.893, 98
Trd, 4319676.093, 62
Trd, 4319677.043, 118
Trd, 4319678.393, 132
Trd, 4319678.693, 134
Trd, 4319678.743, 127
Trd, 4319678.893, 122
Trd, 4319679.393, 113
Trd, 4319679.993, 108
Trd, 4319680.093, 96
Trd, 4319681.793, 73
Trd, 4319683.043, 61
Trd, 4319683.143, 68
Trd, 4319683.343, 87
Trd, 4319684.343, 108
Trd, 4319684.443, 61
Trd, 4319684.943, 127
Trd, 4319687.543, 114
Trd, 4319687.693, 111
Trd, 4319688.293, 100
Trd, 4319688.393, 87
Trd, 4319689.193, 128
Trd, 4319689.393, 136
Trd, 4319689.443, 75
Trd, 4319689.993, 109
Trd, 4319691.743, 62
Trd, 4319692.393, 60
Trd, 4319692.793, 73
Trd, 4319693.343, 115
Trd, 4319694.443, 117
Trd, 4319695.493, 103
Trd, 4319695.643, 92
Trd, 4319696.093, 90
Trd, 4319697.043, 116
Trd, 4319697.193, 95
Trd, 4319698.143, 82
Trd, 4319698.693, 119
Trd, 4319699.243, 79
Trd, 4319699.743, 133
Trd, 4319700.293, 101
Trd, 4319700.643, 121
Trd, 4319701.893, 70
Trd, 4319702.593, 66
Trd, 4319702.793, 60
Trd, 4319703.593, 97
Trd, 4319703.943, 84
Trd, 4319703.993, 82
Trd, 4319704.493, 83
Trd, 4319705.943, 134
Trd, 4319706.293, 93
Trd, 4319706.393, 110
Trd, 4319706.493, 91
Trd, 4319706.993, 116
Trd, 4319707.743, 66
Trd, 4319708.143, 134
Trd, 4319708.743, 105
Trd, 4319710.293, 132
Trd, 4319710.443, 65
Trd, 4319711.093, 137
Trd, 4319712.193, 137
Trd, 4319712.793, 133
Trd, 4319712.843, 119
Trd, 4319712.993, 94
Trd, 4319714.143, 71
Trd, 4319714.593, 101
Trd, 4319715.793, 95
Trd, 4319716.543, 108
Trd, 4319716.593, 71
Trd, 4319716.693, 65
Trd, 4319716.993, 139
Trd, 4319717.793, 118
Trd, 4319718.943, 85
Trd, 4319719.793, 61
Trd, 4319720.343, 85
Trd, 4319721.193, 73
Trd, 4319721.343, 91
Trd, 4319722.343, 63
Trd, 4319722.793, 123
Trd, 4319723.243, 129
Trd, 4319723.493, 115
Trd, 4319725.093, 127
Trd, 4319725.143, 114
Trd, 4319725.643, 132
Trd, 4319726.793, 117
Trd, 4319727.143, 98
Trd, 4319728.243, 89
Trd, 4319728.443, 102
Trd, 4319728.893, 101
Trd, 4319729.393, 81
Trd, 4319731.193, 122
Trd, 4319731.343, 123
Trd, 4319731.393, 116
Trd, 4319732.643, 115
Trd, 4319732.993, 112
Trd, 4319733.143, 99
Trd, 4319733.443, 119
Trd, 4319735.043, 124
Trd, 4319735.693, 86
Trd, 4319736.043, 75
Trd, 4319736.543, 62
Trd, 4319737.443, 129
Trd, 4319738.043, 78
Trd, 4319738.693, 137
Trd, 4319739.443, 111
Trd, 4319739.693, 105
Trd, 4319741.193, 101
Trd, 4319741.493, 88
Trd, 4319742.293, 113
Trd, 4319742.643, 135
Trd, 4319744.393, 95
Trd, 4319744.443, 93
Trd, 4319745.043, 116
Trd, 4319745.843, 78
Trd, 4319746.243, 131
Trd, 4319747.143, 114
Trd, 4319747.543, 112
Trd, 4319749.193, 137
Trd, 4319749.593, 135
Trd, 4319749.843, 121
Trd, 4319750.293, 108
Trd, 4319750.493, 92
Trd, 4319751.493, 87
Trd, 4319753.593, 112
Trd, 4319753.693, 101
Trd, 4319754.843, 138
Trd, 4319755.243, 117
Trd, 4319755.643, 139
Trd, 4319756.543, 120
Trd, 4319757.043, 96
Trd, 4319757.493, 116
Trd, 4319757.943, 97
Trd, 4319758.093, 74
Trd, 4319759.293, 101
Trd, 4319760.493, 135
Trd, 4319761.193, 119
Trd, 4319761.743, 66
Trd, 4319762.143, 64
Trd, 4319762.643, 80
Trd, 4319763.643, 73
Trd, 4319764.093, 70
Trd, 4319765.643, 106
Trd, 4319766.093, 132
Trd, 4319767.143, 127
Trd, 4319768.043, 119
Trd, 4319769.493, 104
Trd, 4319769.993, 121
Trd, 4319770.143, 136
Trd, 4319771.443, 119
Trd, 4319771.543, 119
Trd, 4319772.793, 131
Trd, 4319773.443, 127
Trd, 4319773.643, 119
Trd, 4319774.993, 122
Trd, 4319775.043, 106
Trd, 4319776.093, 138
Trd, 4319776.193, 114
Trd, 4319777.093, 137
Trd, 4319777.343, 99
Trd, 4319777.543, 94
Trd, 4319778.493, 138
Trd, 4319778.643, 133
Trd, 4319779.443, 101
Trd, 4319779.943, 118
Trd, 4319780.093, 75
Trd, 4319780.643, 114
Trd, 4319781.593, 128
Trd, 4319782.043, 87
Trd, 4319782.643, 75
Trd, 4319782.743, 91
Trd, 4319783.643, 98
Trd, 4319785.593, 115
Trd, 4319786.043, 80
Trd, 4319786.243, 75
Trd, 4319786.893, 134
Trd, 4319786.993, 112
Trd, 4319787.593, 114
Trd, 4319788.893, 113
Trd, 4319789.293, 102
Trd, 4319789.643, 67
Trd, 4319790.093, 139
Trd, 4319790.593, 94
Trd, 4319790.943, 110
Trd, 4319791.843, 131
Trd, 4319792.793, 71
Trd, 4319793.693, 124
Trd, 4319794.643, 111
Trd, 4319794.843, 94
Trd, 4319795.543, 95
Trd, 4319796.393, 85
Trd, 4319796.793, 72
Trd, 4319797.143, 61
Trd, 4319797.443, 112
Trd, 4319797.943, 60
Trd, 4319798.343, 62
Trd, 4319799.093, 69
Trd, 4319800.743, 122
Trd, 4319801.493, 121
Trd, 4319801.593, 80
Trd, 4319801.943, 97
Trd, 4319802.293, 136
Trd, 4319802.643, 85
Trd, 4319803.843, 67
Trd, 4319804.693, 60
Trd, 4319805.293, 67
Trd, 4319805.993, 80
Trd, 4319806.393, 114
Trd, 4319806.593, 70
Trd, 4319806.893, 133
Trd, 4319808.393, 65
Trd, 4319808.893, 140
Trd, 4319809.793, 130
Trd, 4319810.943, 116
Trd, 4319811.243, 73
Trd, 4319811.443, 91
Trd, 4319811.893, 86
Trd, 4319813.793, 126
Trd, 4319814.443, 135
Trd, 4319814.493, 112
Trd, 4319814.993, 112
Trd, 4319815.093, 88
Trd, 4319815.993, 131
Trd, 4319816.043, 97
Trd, 4319816.793, 137
Trd, 4319817.943, 116
Trd, 4319818.893, 113
Trd, 4319819.043, 112
Trd, 4319820.143, 88
Trd, 4319820.343, 85
Trd, 4319821.293, 66
Trd, 4319822.093, 131
Trd, 4319822.493, 64
Trd, 4319822.743, 63
Trd, 4319823.543, 60
Trd, 4319824.443, 115
Trd, 4319825.593, 99
Trd, 4319826.293, 136
Trd, 4319827.493, 91
Trd, 4319827.593, 102
Trd, 4319828.993, 86
Trd, 4319829.393, 133
Trd, 4319830.093, 91
Trd, 4319830.393, 134
Trd, 4319830.743, 92
Trd, 4319830.943, 81
Trd, 4319831.443, 138
Trd, 4319833.693, 99
Trd, 4319833.793, 87
Trd, 4319834.343, 109
Trd, 4319835.343, 63
Trd, 4319835.893, 92
Trd, 4319837.393, 122
Trd, 4319837.593, 118
Trd, 4319838.193, 93
Trd, 4319838.643, 139
Trd, 4319839.643, 76
Trd, 4319840.293, 77
Trd, 4319840.643, 104
Trd, 4319840.793, 105
Trd, 4319841.393, 95
Trd, 4319841.893, 129
Trd, 4319841.943, 86
Trd, 4319842.443, 101
Trd, 4319844.343, 140
Trd, 4319844.893, 69
Trd, 4319845.093, 61
Trd, 4319846.393, 105
Trd, 4319847.393, 77
Trd, 4319847.643, 79
Trd, 4319848.943, 115
Trd, 4319849.643, 70
Trd, 4319850.543, 93
Trd, 4319851.343, 108
Trd, 4319852.243, 106
Trd, 4319852.443, 130
Trd, 4319852.643, 102
Trd, 4319853.093, 104
Trd, 4319853.243, 89
Trd, 4319853.393, 86
Trd, 4319854.443, 139
Trd, 4319855.593, 93
Trd, 4319857.493, 135
Trd, 4319857.743, 128
Trd, 4319857.843, 114
Trd, 4319857.993, 108
Trd, 4319858.343, 105
Trd, 4319858.493, 102
Trd, 4319859.643, 114
Trd, 4319859.793, 66
Trd, 4319860.043, 133
Trd, 4319860.393, 134
Trd, 4319861.543, 100
Trd, 4319863.993, 130
Trd, 4319864.543, 72
Trd, 4319864.943, 105
Trd, 4319865.593, 69
Trd, 4319865.893, 64
Trd, 4319866.393, 63
Trd, 4319866.793, 65
Trd, 4319867.443, 125
Trd, 4319868.043, 64
Trd, 4319870.193, 140
Trd, 4319870.293, 139
Trd, 4319870.743, 118
Trd, 4319871.043, 117
Trd, 4319871.593, 86
Trd, 4319872.493, 108
Trd, 4319873.093, 73
Trd, 4319873.693, 87
Trd, 4319874.993, 123
Trd, 4319875.493, 118
Trd, 4319875.593, 118
Trd, 4319875.943, 85
Trd, 4319876.093, 122
Trd, 4319877.493, 62
Trd, 4319877.593, 67
Trd, 4319878.143, 115
Trd, 4319878.743, 91
Trd, 4319879.493, 73
Trd, 4319879.843, 62
Trd, 4319880.243, 69
Trd, 4319882.343, 61
Trd, 4319882.593, 64
Trd, 4319882.893, 60
Trd, 4319884.343, 61
Trd, 4319884.393, 69
Trd, 4319885.643, 122
Trd, 4319886.393, 114
Trd, 4319886.743, 85
Trd, 4319887.393, 93
Trd, 4319887.543, 61
Trd, 4319889.393, 61
Trd, 4319889.593, 80
Trd, 4319889.943, 84
Trd, 4319891.043, 81
Trd, 4319891.793, 70
Trd, 4319891.843, 74
Trd, 4319892.293, 69
Trd, 4319892.793, 73
Trd, 4319893.293, 69
Trd, 4319894.543, 70
Trd, 4319894.793, 73
Trd, 4319895.593, 126
Trd, 4319895.743, 128
Trd, 4319896.093, 106
Trd, 4319897.343, 116
Trd, 4319897.593, 130
Trd, 4319897.993, 108
Trd, 4319899.043, 82
Trd, 4319900.093, 80
Trd, 4319900.493, 67
Trd, 4319901.843, 130
Trd, 4319902.243, 136
Trd, 4319902.643, 120
Trd, 4319902.693, 109
Trd, 4319903.043, 89
Trd, 4319904.143, 84
Trd, 4319904.293, 62
Trd, 4319904.693, 117
Trd, 4319905.243, 62
Trd, 4319906.593, 74
Trd, 4319907.493, 109
Trd, 4319908.693, 110
Trd, 4319909.243, 104
Trd, 4319910.243, 114
Trd, 4319910.293, 87
Trd, 4319910.593, 123
Trd, 4319911.193, 87
Trd, 4319912.443, 138
Trd, 4319912.543, 94
Trd, 4319912.743, 79
Trd, 4319913.743, 132
Trd, 4319913.843, 111
Trd, 4319914.393, 93
Trd, 4319917.193, 98
Trd, 4319917.443, 92
Trd, 4319917.593, 76
Trd, 4319917.743, 121
Trd, 4319918.643, 121
Trd, 4319919.193, 135
Trd, 4319919.643, 131
Trd, 4319919.743, 96
Trd, 4319920.793, 97
Trd, 4319921.743, 103
Trd, 4319921.793, 92
Trd, 4319922.943, 104
Trd, 4319923.093, 87
Trd, 4319923.793, 63
Trd, 4319923.993, 128
Trd, 4319924.793, 76
Trd, 4319925.343, 63
Trd, 4319926.143, 130
Trd, 4319926.693, 104
Trd, 4319927.793, 138
Trd, 4319928.193, 127
Trd, 4319930.043, 125
Trd, 4319930.243, 108
Trd, 4319930.343, 107
Trd, 4319931.643, 140
Trd, 4319932.093, 140
Trd, 4319933.643, 121
Trd, 4319934.343, 139
Trd, 4319935.043, 118
Trd, 4319935.093, 113
Trd, 4319936.043, 112
Trd, 4319936.143, 82
Trd, 4319937.093, 114
Trd, 4319937.943, 114
Trd, 4319938.043, 98
Trd, 4319939.593, 130
Trd, 4319939.943, 135
Trd, 4319940.943, 128
Trd, 4319941.043, 99
Trd, 4319941.993, 139
Trd, 4319942.143, 124
Trd, 4319942.593, 97
Trd, 4319943.643, 71
Trd, 4319944.093, 89
Trd, 4319944.193, 94
Trd, 4319945.293, 135
Trd, 4319946.093, 121
Trd, 4319946.693, 115
Trd, 4319946.893, 126
Trd, 4319946.943, 62
Trd, 4319947.443, 62
Trd, 4319948.893, 60
Trd, 4319949.643, 102
Trd, 4319950.243, 78
Trd, 4319950.293, 111
Trd, 4319950.893, 65
Trd, 4319951.693, 98
Trd, 4319952.493, 82
Trd, 4319953.643, 133
Trd, 4319954.543, 104
Trd, 4319954.743, 88
Trd, 4319955.443, 79
Trd, 4319955.493, 83
Trd, 4319956.093, 73
Trd, 4319956.743, 118
Trd, 4319957.143, 69
Trd, 4319957.693, 64
Trd, 4319958.293, 83
Trd, 4319959.993, 123
Trd, 4319960.293, 102
Trd, 4319960.593, 98
Trd, 4319961.793, 124
Trd, 4319961.843, 114
Trd, 4319961.893, 90
Trd, 4319962.343, 101
Trd, 4319962.743, 105
Trd, 4319963.293, 74
Trd, 4319964.393, 128
Trd, 4319966.893, 113
Trd, 4319967.093, 101
Trd, 4319967.293, 88
Trd, 4319967.843, 84
Trd, 4319968.593, 120
Trd, 4319968.693, 102
Trd, 4319969.043, 135
Trd, 4319969.293, 72
Trd, 4319970.193, 123
Trd, 4319971.093, 63
Trd, 4319972.193, 68
Trd, 4319973.343, 63
Trd, 4319973.593, 77
Trd, 4319974.243, 60
Trd, 4319975.093, 81
Trd, 4319975.193, 61
Trd, 4319976.493, 62
Trd, 4319976.843, 76
Trd, 4319977.343, 101
Trd, 4319978.743, 72
Trd, 4319979.043, 60
Trd, 4319979.343, 101
Trd, 4319980.593, 131
Trd, 4319980.743, 113
Trd, 4319981.343, 139
Trd, 4319982.293, 139
Trd, 4319982.943, 126
Trd, 4319983.593, 94
Trd, 4319984.543, 122
Trd, 4319985.743, 136
Trd, 4319986.243, 119
Trd, 4319986.293, 94
Trd, 4319986.793, 113
Trd, 4319987.193, 120
Trd, 4319987.243, 90
Trd, 4319988.793, 60
Trd, 4319989.493, 98
Trd, 4319989.843, 124
Trd, 4319990.493, 128
Trd, 4319990.993, 83
Trd, 4319991.693, 60
Trd, 4319992.393, 66
Trd, 4319993.993, 134
Trd, 4319994.193, 133
Trd, 4319994.643, 116
Trd, 4319994.893, 112
Trd, 4319995.393, 90
Trd, 4319998.043, 101
Trd, 4319998.343, 123
Trd, 4319998.743, 106
Trd, 4319998.893, 73
Trd, 4319999.243, 88
Trd, 4319999.593, 139
Trd, 4319999.693, 103
Trd, 4319999.743, 63
