Trd, 4318136.393, 140
Trd, 4318136.893, 140
Trd, 4318138.043, 140
Trd, 4318138.343, 140
Trd, 4318138.943, 140
Trd, 4318139.143, 129
Trd, 4318140.543, 140
Trd, 4318142.793, 140
Trd, 4318143.243, 140
Trd, 4318143.493, 140
Trd, 4318144.293, 139
Trd, 4318144.843, 140
Trd, 4318145.443, 138
Trd, 4318145.693, 137
Trd, 4318147.143, 109
Trd, 4318147.543, 111
Trd, 4318148.293, 140
Trd, 4318148.343, 139
Trd, 4318148.843, 140
Trd, 4318149.743, 140
Trd, 4318150.343, 140
Trd, 4318150.643, 140
Trd, 4318150.743, 140
Trd, 4318151.543, 140
Trd, 4318152.293, 81
Trd, 4318153.293, 74
Trd, 4318153.493, 95
Trd, 4318153.593, 98
Trd, 4318155.993, 139
Trd, 4318156.193, 140
Trd, 4318156.543, 140
Trd, 4318157.143, 139
Trd, 4318157.793, 134
Trd, 4318158.193, 96
Trd, 4318158.243, 78
Trd, 4318159.243, 139
Trd, 4318159.293, 135
Trd, 4318161.143, 139
Trd, 4318161.943, 140
Trd, 4318162.043, 139
Trd, 4318162.243, 138
Trd, 4318162.643, 139
Trd, 4318162.993, 136
Trd, 4318163.993, 140
Trd, 4318164.093, 139
Trd, 4318165.593, 140
Trd, 4318166.793, 140
Trd, 4318167.043, 139
Trd, 4318167.493, 138
Trd, 4318167.993, 139
Trd, 4318168.543, 140
Trd, 4318169.193, 140
Trd, 4318169.243, 121
Trd, 4318170.193, 140
Trd, 4318171.343, 140
Trd, 4318172.243, 140
Trd, 4318173.143, 140
Trd, 4318173.843, 140
Trd, 4318174.243, 140
Trd, 4318174.843, 140
Trd, 4318174.893, 140
Trd, 4318175.293, 139
Trd, 4318175.843, 140
Trd, 4318176.943, 140
Trd, 4318178.593, 140
Trd, 4318180.043, 140
Trd, 4318180.093, 140
Trd, 4318180.743, 140
Trd, 4318181.843, 140
Trd, 4318182.493, 139
Trd, 4318184.393, 140
Trd, 4318184.543, 139
Trd, 4318184.993, 139
Trd, 4318185.193, 139
Trd, 4318185.643, 140
Trd, 4318186.093, 140
Trd, 4318186.293, 128
Trd, 4318187.443, 140
Trd, 4318187.893, 139
Trd, 4318188.943, 140
Trd, 4318189.193, 139
Trd, 4318189.293, 64
Trd, 4318190.793, 140
Trd, 4318191.093, 137
Trd, 4318191.643, 106
Trd, 4318192.143, 108
Trd, 4318193.093, 140
Trd, 4318194.493, 140
Trd, 4318195.193, 140
Trd, 4318195.293, 140
Trd, 4318195.693, 140
Trd, 4318196.093, 138
Trd, 4318196.493, 140
Trd, 4318197.243, 135
Trd, 4318199.293, 140
Trd, 4318199.543, 139
Trd, 4318200.743, 140
Trd, 4318200.993, 140
Trd, 4318202.443, 139
Trd, 4318202.593, 140
Trd, 4318202.893, 140
Trd, 4318203.393, 139
Trd, 4318203.743, 140
Trd, 4318206.143, 139
Trd, 4318206.293, 139
Trd, 4318207.843, 140
Trd, 4318208.393, 140
Trd, 4318208.543, 139
Trd, 4318209.143, 135
Trd, 4318209.593, 140
Trd, 4318209.993, 140
Trd, 4318210.043, 113
Trd, 4318211.543, 119
Trd, 4318211.893, 137
Trd, 4318212.093, 62
Trd, 4318212.843, 138
Trd, 4318213.343, 138
Trd, 4318213.643, 101
Trd, 4318215.793, 140
Trd, 4318215.993, 140
Trd, 4318217.243, 140
Trd, 4318218.043, 140
Trd, 4318219.243, 140
Trd, 4318219.743, 140
Trd, 4318220.443, 140
Trd, 4318220.593, 140
Trd, 4318222.493, 140
Trd, 4318223.143, 140
Trd, 4318223.593, 140
Trd, 4318225.393, 139
Trd, 4318225.843, 140
Trd, 4318226.193, 140
Trd, 4318227.143, 140
Trd, 4318227.493, 140
Trd, 4318227.743, 140
Trd, 4318228.043, 138
Trd, 4318229.943, 140
Trd, 4318230.043, 140
Trd, 4318230.343, 138
Trd, 4318230.493, 131
Trd, 4318231.093, 95
Trd, 4318231.393, 137
Trd, 4318232.093, 61
Trd, 4318234.143, 60
Trd, 4318234.193, 60
Trd, 4318235.593, 60
Trd, 4318235.943, 62
Trd, 4318236.293, 64
Trd, 4318236.343, 73
Trd, 4318236.593, 61
Trd, 4318237.793, 140
Trd, 4318238.343, 102
Trd, 4318238.543, 140
Trd, 4318239.443, 61
Trd, 4318239.793, 70
Trd, 4318240.593, 60
Trd, 4318241.093, 60
Trd, 4318241.293, 96
Trd, 4318242.043, 89
Trd, 4318242.443, 140
Trd, 4318243.943, 140
Trd, 4318244.193, 140
Trd, 4318244.593, 140
Trd, 4318244.993, 61
Trd, 4318247.493, 140
Trd, 4318247.543, 140
Trd, 4318247.793, 140
Trd, 4318250.643, 140
Trd, 4318250.793, 140
Trd, 4318252.443, 140
Trd, 4318253.193, 140
Trd, 4318253.643, 140
Trd, 4318253.943, 140
Trd, 4318254.443, 139
Trd, 4318254.793, 138
Trd, 4318255.193, 139
Trd, 4318256.043, 140
Trd, 4318256.493, 139
Trd, 4318256.543, 138
Trd, 4318256.693, 138
Trd, 4318257.143, 140
Trd, 4318258.743, 140
Trd, 4318259.243, 140
Trd, 4318259.693, 140
Trd, 4318261.943, 140
Trd, 4318262.543, 140
Trd, 4318264.443, 140
Trd, 4318264.493, 140
Trd, 4318264.543, 139
Trd, 4318264.993, 139
Trd, 4318265.443, 138
Trd, 4318266.343, 136
Trd, 4318267.143, 134
Trd, 4318269.243, 140
Trd, 4318269.743, 140
Trd, 4318269.893, 140
Trd, 4318270.293, 139
Trd, 4318271.043, 138
Trd, 4318273.043, 140
Trd, 4318273.243, 140
Trd, 4318273.943, 140
Trd, 4318274.343, 140
Trd, 4318275.343, 140
Trd, 4318276.093, 140
Trd, 4318278.193, 140
Trd, 4318278.643, 140
Trd, 4318279.043, 140
Trd, 4318279.493, 139
Trd, 4318279.793, 140
Trd, 4318281.293, 140
Trd, 4318281.393, 140
Trd, 4318281.743, 139
Trd, 4318282.843, 140
Trd, 4318282.993, 140
Trd, 4318283.393, 138
Trd, 4318284.693, 140
Trd, 4318285.293, 139
Trd, 4318286.543, 138
Trd, 4318287.343, 139
Trd, 4318288.093, 140
Trd, 4318289.143, 139
Trd, 4318289.193, 139
Trd, 4318290.293, 140
Trd, 4318291.643, 140
Trd, 4318291.993, 140
Trd, 4318292.393, 140
Trd, 4318292.493, 137
Trd, 4318292.593, 126
Trd, 4318293.843, 115
Trd, 4318294.243, 137
Trd, 4318294.543, 80
Trd, 4318295.293, 124
Trd, 4318295.793, 139
Trd, 4318298.343, 140
Trd, 4318298.843, 140
Trd, 4318300.093, 140
Trd, 4318300.543, 140
Trd, 4318302.843, 140
Trd, 4318303.543, 140
Trd, 4318304.193, 139
Trd, 4318304.343, 137
Trd, 4318304.843, 132
Trd, 4318305.043, 139
Trd, 4318305.193, 110
Trd, 4318305.543, 74
Trd, 4318307.493, 140
Trd, 4318307.593, 140
Trd, 4318309.343, 140
Trd, 4318309.593, 140
Trd, 4318310.443, 140
Trd, 4318311.343, 139
Trd, 4318312.043, 140
Trd, 4318312.943, 140
Trd, 4318313.443, 140
Trd, 4318313.943, 140
Trd, 4318315.693, 140
Trd, 4318315.743, 140
Trd, 4318317.093, 140
Trd, 4318317.493, 140
Trd, 4318318.993, 138
Trd, 4318319.093, 137
Trd, 4318319.743, 135
Trd, 4318319.843, 137
Trd, 4318320.543, 84
Trd, 4318320.893, 75
Trd, 4318321.343, 137
Trd, 4318322.743, 140
Trd, 4318322.993, 140
Trd, 4318323.243, 140
Trd, 4318323.693, 139
Trd, 4318325.043, 140
Trd, 4318326.543, 139
Trd, 4318326.593, 139
Trd, 4318327.893, 140
Trd, 4318328.093, 140
Trd, 4318328.993, 140
Trd, 4318329.843, 140
Trd, 4318330.193, 138
Trd, 4318330.643, 137
Trd, 4318332.443, 140
Trd, 4318333.043, 140
Trd, 4318334.193, 140
Trd, 4318334.343, 140
Trd, 4318334.393, 138
Trd, 4318334.743, 125
Trd, 4318335.893, 122
Trd, 4318336.143, 123
Trd, 4318336.193, 124
Trd, 4318336.393, 71
Trd, 4318337.793, 140
Trd, 4318340.443, 140
Trd, 4318340.643, 140
Trd, 4318341.243, 140
Trd, 4318341.293, 140
Trd, 4318342.343, 140
Trd, 4318342.743, 140
Trd, 4318343.143, 140
Trd, 4318344.393, 140
Trd, 4318345.193, 140
Trd, 4318346.393, 140
Trd, 4318346.493, 140
Trd, 4318347.643, 140
Trd, 4318348.343, 140
Trd, 4318350.693, 140
Trd, 4318350.843, 140
Trd, 4318352.193, 140
Trd, 4318352.243, 140
Trd, 4318352.443, 138
Trd, 4318353.943, 140
Trd, 4318354.043, 138
Trd, 4318354.293, 140
Trd, 4318354.743, 139
Trd, 4318354.943, 135
Trd, 4318355.143, 69
Trd, 4318355.743, 62
Trd, 4318356.993, 140
Trd, 4318357.543, 140
Trd, 4318359.443, 139
Trd, 4318360.843, 140
Trd, 4318361.243, 140
Trd, 4318362.393, 140
Trd, 4318362.793, 139
Trd, 4318362.943, 140
Trd, 4318363.443, 140
Trd, 4318363.843, 140
Trd, 4318365.093, 126
Trd, 4318365.693, 137
Trd, 4318366.193, 96
Trd, 4318366.293, 95
Trd, 4318367.193, 140
Trd, 4318367.793, 139
Trd, 4318369.543, 139
Trd, 4318369.893, 140
Trd, 4318370.943, 137
Trd, 4318371.793, 138
Trd, 4318372.143, 140
Trd, 4318373.893, 140
Trd, 4318374.043, 138
Trd, 4318374.443, 138
Trd, 4318374.493, 137
Trd, 4318374.693, 91
Trd, 4318375.893, 140
Trd, 4318376.893, 139
Trd, 4318377.693, 140
Trd, 4318378.093, 140
Trd, 4318378.343, 139
Trd, 4318379.693, 140
Trd, 4318380.493, 140
Trd, 4318380.543, 140
Trd, 4318381.093, 140
Trd, 4318381.243, 139
Trd, 4318381.393, 115
Trd, 4318381.843, 76
Trd, 4318382.693, 140
Trd, 4318383.693, 133
Trd, 4318384.043, 135
Trd, 4318385.543, 140
Trd, 4318385.943, 140
Trd, 4318386.043, 140
Trd, 4318386.693, 76
Trd, 4318387.493, 140
Trd, 4318387.993, 139
Trd, 4318388.043, 100
Trd, 4318388.993, 140
Trd, 4318389.343, 140
Trd, 4318391.493, 140
Trd, 4318391.693, 140
Trd, 4318392.043, 139
Trd, 4318394.493, 140
Trd, 4318394.943, 140
Trd, 4318394.993, 140
Trd, 4318395.193, 140
Trd, 4318396.843, 138
Trd, 4318397.243, 126
Trd, 4318397.643, 124
Trd, 4318398.143, 132
Trd, 4318398.793, 123
Trd, 4318399.743, 140
Trd, 4318399.843, 140
Trd, 4318400.143, 140
Trd, 4318402.193, 140
Trd, 4318402.443, 140
Trd, 4318404.393, 140
Trd, 4318405.093, 140
Trd, 4318405.193, 140
Trd, 4318407.893, 140
Trd, 4318407.993, 140
Trd, 4318408.443, 139
Trd, 4318408.593, 138
Trd, 4318408.843, 140
Trd, 4318408.943, 138
Trd, 4318411.043, 140
Trd, 4318411.443, 140
Trd, 4318411.743, 140
Trd, 4318411.843, 139
Trd, 4318412.943, 136
Trd, 4318413.593, 140
Trd, 4318414.193, 124
Trd, 4318414.693, 136
Trd, 4318415.793, 140
Trd, 4318416.243, 140
Trd, 4318416.393, 140
Trd, 4318417.943, 140
Trd, 4318418.743, 140
Trd, 4318419.143, 140
Trd, 4318419.593, 140
Trd, 4318420.843, 140
Trd, 4318422.093, 140
Trd, 4318423.243, 140
Trd, 4318423.443, 140
Trd, 4318423.643, 138
Trd, 4318424.243, 140
Trd, 4318425.093, 140
Trd, 4318425.793, 139
Trd, 4318427.243, 140
Trd, 4318427.493, 139
Trd, 4318428.193, 140
Trd, 4318430.743, 140
Trd, 4318431.443, 140
Trd, 4318432.043, 139
Trd, 4318432.093, 138
Trd, 4318432.693, 128
Trd, 4318433.143, 94
Trd, 4318435.043, 140
Trd, 4318435.243, 140
Trd, 4318435.443, 140
Trd, 4318436.543, 140
Trd, 4318436.693, 139
Trd, 4318437.493, 139
Trd, 4318439.393, 140
Trd, 4318440.093, 140
Trd, 4318440.643, 140
Trd, 4318440.843, 140
Trd, 4318441.493, 139
Trd, 4318442.193, 140
Trd, 4318443.993, 140
Trd, 4318444.143, 140
Trd, 4318444.843, 140
Trd, 4318445.043, 138
Trd, 4318445.093, 127
Trd, 4318446.493, 131
Trd, 4318446.543, 80
Trd, 4318447.743, 140
Trd, 4318447.943, 138
Trd, 4318448.443, 139
Trd, 4318448.593, 74
Trd, 4318448.993, 140
Trd, 4318450.393, 140
Trd, 4318451.343, 140
Trd, 4318451.743, 140
Trd, 4318452.543, 140
Trd, 4318452.993, 140
Trd, 4318453.043, 139
Trd, 4318454.743, 137
Trd, 4318455.743, 140
Trd, 4318457.093, 140
Trd, 4318458.693, 140
Trd, 4318458.893, 140
Trd, 4318459.493, 139
Trd, 4318459.843, 112
Trd, 4318461.793, 140
Trd, 4318461.943, 140
Trd, 4318462.193, 139
Trd, 4318462.743, 139
Trd, 4318462.943, 140
Trd, 4318463.643, 111
Trd, 4318464.943, 140
Trd, 4318466.143, 140
Trd, 4318466.643, 139
Trd, 4318466.893, 140
Trd, 4318467.743, 71
Trd, 4318468.793, 140
Trd, 4318469.043, 140
Trd, 4318470.143, 140
Trd, 4318470.343, 140
Trd, 4318472.243, 139
Trd, 4318473.343, 140
Trd, 4318473.593, 138
Trd, 4318474.443, 140
Trd, 4318474.893, 140
Trd, 4318475.343, 140
Trd, 4318475.543, 138
Trd, 4318475.843, 82
Trd, 4318477.993, 139
Trd, 4318478.043, 138
Trd, 4318478.343, 119
Trd, 4318479.993, 139
Trd, 4318480.693, 140
Trd, 4318480.793, 132
Trd, 4318481.093, 120
Trd, 4318481.743, 63
Trd, 4318482.843, 60
Trd, 4318482.943, 60
Trd, 4318483.293, 65
Trd, 4318484.143, 64
Trd, 4318484.193, 116
Trd, 4318485.743, 138
Trd, 4318486.543, 63
Trd, 4318486.593, 65
Trd, 4318487.393, 60
Trd, 4318487.843, 60
Trd, 4318488.193, 61
Trd, 4318488.243, 63
Trd, 4318488.443, 62
Trd, 4318490.343, 140
Trd, 4318490.643, 139
Trd, 4318491.443, 140
Trd, 4318492.143, 140
Trd, 4318492.543, 140
Trd, 4318493.993, 140
Trd, 4318494.543, 139
Trd, 4318494.693, 128
Trd, 4318497.043, 140
Trd, 4318497.493, 140
Trd, 4318497.943, 139
Trd, 4318499.993, 139
Trd, 4318500.043, 138
Trd, 4318501.093, 140
Trd, 4318501.743, 139
Trd, 4318501.843, 129
Trd, 4318503.193, 140
Trd, 4318503.393, 139
Trd, 4318504.543, 139
Trd, 4318504.993, 138
Trd, 4318505.193, 137
Trd, 4318506.043, 130
Trd, 4318506.243, 140
Trd, 4318507.293, 140
Trd, 4318507.493, 137
Trd, 4318507.893, 140
Trd, 4318508.093, 140
Trd, 4318509.143, 140
Trd, 4318509.843, 140
Trd, 4318509.993, 136
Trd, 4318511.493, 140
Trd, 4318511.543, 137
Trd, 4318513.743, 140
Trd, 4318514.293, 140
Trd, 4318514.343, 139
Trd, 4318514.943, 140
Trd, 4318515.743, 139
Trd, 4318516.043, 140
Trd, 4318516.293, 140
Trd, 4318517.243, 140
Trd, 4318517.493, 138
Trd, 4318517.693, 137
Trd, 4318517.893, 92
Trd, 4318518.593, 139
Trd, 4318521.193, 140
Trd, 4318522.043, 139
Trd, 4318522.143, 125
Trd, 4318522.293, 125
Trd, 4318523.543, 140
Trd, 4318523.743, 140
Trd, 4318524.343, 140
Trd, 4318524.793, 140
Trd, 4318525.393, 139
Trd, 4318525.593, 140
Trd, 4318525.743, 140
Trd, 4318526.843, 60
Trd, 4318527.593, 60
Trd, 4318528.093, 61
Trd, 4318528.143, 62
Trd, 4318528.643, 140
Trd, 4318528.893, 139
Trd, 4318530.543, 60
Trd, 4318530.943, 60
Trd, 4318531.943, 71
Trd, 4318532.293, 138
Trd, 4318533.393, 140
Trd, 4318533.593, 139
Trd, 4318535.243, 140
Trd, 4318535.793, 131
Trd, 4318535.843, 112
Trd, 4318537.793, 140
Trd, 4318537.893, 140
Trd, 4318538.193, 71
Trd, 4318539.793, 140
Trd, 4318541.043, 140
Trd, 4318542.943, 140
Trd, 4318543.093, 140
Trd, 4318543.343, 140
Trd, 4318543.793, 140
Trd, 4318544.543, 139
Trd, 4318545.243, 139
Trd, 4318545.893, 140
Trd, 4318546.443, 140
Trd, 4318547.443, 139
Trd, 4318547.743, 139
Trd, 4318547.793, 138
Trd, 4318548.093, 130
Trd, 4318548.793, 138
Trd, 4318548.943, 138
Trd, 4318550.693, 139
Trd, 4318551.843, 126
Trd, 4318552.693, 139
Trd, 4318553.593, 140
Trd, 4318553.643, 140
Trd, 4318553.993, 140
Trd, 4318555.893, 140
Trd, 4318556.443, 140
Trd, 4318556.493, 137
Trd, 4318557.343, 140
Trd, 4318558.393, 130
Trd, 4318559.143, 139
Trd, 4318559.893, 138
Trd, 4318559.943, 137
Trd, 4318560.093, 136
Trd, 4318560.293, 79
Trd, 4318561.493, 140
Trd, 4318562.543, 140
Trd, 4318563.343, 140
Trd, 4318564.093, 140
Trd, 4318564.493, 140
Trd, 4318565.193, 140
Trd, 4318565.743, 139
Trd, 4318566.593, 131
Trd, 4318567.743, 140
Trd, 4318567.943, 140
Trd, 4318568.943, 139
Trd, 4318570.443, 140
Trd, 4318571.443, 140
Trd, 4318571.993, 140
Trd, 4318572.693, 140
Trd, 4318572.743, 140
Trd, 4318573.843, 140
Trd, 4318575.193, 140
Trd, 4318575.393, 140
Trd, 4318575.693, 113
Trd, 4318576.593, 140
Trd, 4318576.693, 136
Trd, 4318577.543, 139
Trd, 4318578.493, 139
Trd, 4318578.943, 138
Trd, 4318579.293, 140
Trd, 4318579.693, 137
Trd, 4318580.193, 136
Trd, 4318581.043, 140
Trd, 4318581.593, 140
Trd, 4318583.643, 140
Trd, 4318583.943, 140
Trd, 4318584.343, 129
Trd, 4318585.493, 140
Trd, 4318585.543, 122
Trd, 4318585.843, 140
Trd, 4318586.443, 140
Trd, 4318588.043, 137
Trd, 4318588.643, 140
Trd, 4318588.693, 139
Trd, 4318589.343, 140
Trd, 4318591.343, 140
Trd, 4318592.243, 140
Trd, 4318593.043, 140
Trd, 4318593.793, 140
Trd, 4318594.143, 140
Trd, 4318594.193, 139
Trd, 4318594.743, 136
Trd, 4318595.593, 91
Trd, 4318596.843, 135
Trd, 4318597.493, 140
Trd, 4318599.443, 140
Trd, 4318599.893, 140
Trd, 4318599.943, 140
Trd, 4318600.093, 139
Trd, 4318600.643, 136
Trd, 4318600.993, 70
Trd, 4318602.293, 139
Trd, 4318602.393, 127
Trd, 4318603.343, 140
Trd, 4318603.893, 140
Trd, 4318604.693, 138
Trd, 4318605.143, 138
Trd, 4318605.743, 140
Trd, 4318606.993, 139
Trd, 4318607.043, 117
Trd, 4318607.193, 74
Trd, 4318608.443, 138
Trd, 4318609.193, 140
Trd, 4318609.343, 140
Trd, 4318609.993, 89
Trd, 4318611.693, 131
Trd, 4318611.793, 140
Trd, 4318611.993, 123
Trd, 4318614.493, 140
Trd, 4318615.243, 140
Trd, 4318615.693, 140
Trd, 4318615.893, 139
Trd, 4318616.493, 139
Trd, 4318617.443, 139
Trd, 4318617.893, 140
Trd, 4318618.643, 140
Trd, 4318619.743, 131
Trd, 4318620.693, 139
Trd, 4318620.893, 129
Trd, 4318621.443, 122
Trd, 4318622.743, 139
Trd, 4318624.093, 140
Trd, 4318624.393, 137
Trd, 4318624.693, 122
Trd, 4318625.343, 103
Trd, 4318625.643, 140
Trd, 4318625.843, 70
Trd, 4318626.793, 140
Trd, 4318628.393, 140
Trd, 4318629.443, 140
Trd, 4318630.043, 140
Trd, 4318630.593, 140
Trd, 4318630.993, 140
Trd, 4318631.643, 139
Trd, 4318632.043, 140
Trd, 4318634.493, 140
Trd, 4318635.043, 140
Trd, 4318635.393, 140
Trd, 4318636.143, 136
Trd, 4318636.643, 136
Trd, 4318637.293, 140
Trd, 4318638.543, 140
Trd, 4318639.293, 140
Trd, 4318639.643, 140
Trd, 4318640.043, 139
Trd, 4318640.493, 139
Trd, 4318642.243, 140
Trd, 4318642.793, 140
Trd, 4318643.043, 140
Trd, 4318643.893, 139
Trd, 4318644.443, 138
Trd, 4318645.993, 140
Trd, 4318646.393, 140
Trd, 4318646.643, 139
Trd, 4318646.693, 128
Trd, 4318647.793, 140
Trd, 4318649.043, 140
Trd, 4318649.193, 140
Trd, 4318649.293, 139
Trd, 4318651.793, 140
Trd, 4318651.893, 140
Trd, 4318652.443, 139
Trd, 4318652.743, 138
Trd, 4318652.893, 135
Trd, 4318653.743, 140
Trd, 4318654.943, 140
Trd, 4318656.643, 140
Trd, 4318656.943, 139
Trd, 4318657.093, 138
Trd, 4318657.793, 140
Trd, 4318658.543, 137
Trd, 4318660.643, 140
Trd, 4318662.293, 140
Trd, 4318662.493, 137
Trd, 4318662.693, 138
Trd, 4318663.293, 92
Trd, 4318664.643, 140
Trd, 4318665.043, 140
Trd, 4318665.193, 129
Trd, 4318666.893, 140
Trd, 4318667.093, 140
Trd, 4318667.493, 140
Trd, 4318669.193, 140
Trd, 4318670.293, 140
Trd, 4318670.593, 140
Trd, 4318671.643, 140
Trd, 4318672.493, 140
Trd, 4318672.543, 139
Trd, 4318672.943, 139
Trd, 4318673.243, 138
Trd, 4318673.593, 138
Trd, 4318673.693, 140
Trd, 4318673.743, 99
Trd, 4318674.593, 139
Trd, 4318675.543, 139
Trd, 4318676.243, 140
Trd, 4318677.143, 139
Trd, 4318677.993, 139
Trd, 4318679.393, 140
Trd, 4318679.493, 140
Trd, 4318679.993, 139
Trd, 4318680.143, 139
Trd, 4318681.643, 140
Trd, 4318682.293, 139
Trd, 4318682.893, 139
Trd, 4318683.193, 138
Trd, 4318683.443, 136
Trd, 4318683.943, 137
Trd, 4318685.193, 133
Trd, 4318686.143, 139
Trd, 4318686.293, 137
Trd, 4318687.193, 140
Trd, 4318687.643, 139
Trd, 4318688.343, 62
Trd, 4318688.493, 67
Trd, 4318690.143, 140
Trd, 4318691.293, 140
Trd, 4318693.443, 140
Trd, 4318694.143, 140
Trd, 4318694.693, 140
Trd, 4318694.993, 140
Trd, 4318695.593, 140
Trd, 4318696.593, 140
Trd, 4318697.393, 140
Trd, 4318697.993, 140
Trd, 4318698.243, 136
Trd, 4318699.593, 140
Trd, 4318700.143, 137
Trd, 4318700.743, 137
Trd, 4318701.143, 140
Trd, 4318702.093, 140
Trd, 4318702.643, 140
Trd, 4318703.043, 138
Trd, 4318703.843, 139
Trd, 4318704.943, 134
Trd, 4318706.393, 63
Trd, 4318706.493, 64
Trd, 4318706.693, 64
Trd, 4318706.943, 80
Trd, 4318707.193, 66
Trd, 4318707.393, 61
Trd, 4318708.093, 138
Trd, 4318708.543, 135
Trd, 4318710.143, 60
Trd, 4318711.093, 60
Trd, 4318711.243, 68
Trd, 4318711.343, 94
Trd, 4318712.143, 140
Trd, 4318712.493, 126
Trd, 4318715.093, 140
Trd, 4318715.193, 140
Trd, 4318715.293, 140
Trd, 4318715.343, 140
Trd, 4318716.493, 140
Trd, 4318716.843, 138
Trd, 4318717.293, 128
Trd, 4318717.443, 139
Trd, 4318717.693, 138
Trd, 4318718.743, 68
Trd, 4318719.093, 61
Trd, 4318719.193, 63
Trd, 4318720.993, 139
Trd, 4318721.593, 140
Trd, 4318722.543, 140
Trd, 4318723.243, 140
Trd, 4318723.493, 140
Trd, 4318723.943, 138
Trd, 4318725.693, 123
Trd, 4318726.993, 140
Trd, 4318727.093, 139
Trd, 4318727.293, 97
Trd, 4318727.343, 80
Trd, 4318728.993, 140
Trd, 4318729.243, 139
Trd, 4318729.643, 119
Trd, 4318729.743, 121
Trd, 4318729.793, 122
Trd, 4318732.293, 139
Trd, 4318732.693, 140
Trd, 4318732.793, 139
Trd, 4318733.193, 140
Trd, 4318733.943, 124
Trd, 4318734.993, 140
Trd, 4318735.443, 140
Trd, 4318735.993, 138
Trd, 4318736.093, 112
Trd, 4318739.593, 140
Trd, 4318740.093, 140
Trd, 4318740.893, 140
Trd, 4318741.143, 139
Trd, 4318741.993, 140
Trd, 4318742.493, 140
Trd, 4318742.593, 139
Trd, 4318742.643, 138
Trd, 4318742.743, 136
Trd, 4318743.843, 140
Trd, 4318743.943, 140
Trd, 4318744.693, 136
Trd, 4318746.293, 139
Trd, 4318748.093, 140
Trd, 4318748.643, 140
Trd, 4318749.043, 140
Trd, 4318749.593, 140
Trd, 4318750.993, 140
Trd, 4318751.593, 140
Trd, 4318751.643, 139
Trd, 4318752.143, 140
Trd, 4318752.693, 117
Trd, 4318754.343, 140
Trd, 4318754.543, 140
Trd, 4318755.293, 140
Trd, 4318755.543, 135
Trd, 4318756.543, 140
Trd, 4318756.693, 140
Trd, 4318757.593, 130
Trd, 4318758.743, 140
Trd, 4318759.143, 140
Trd, 4318760.193, 140
Trd, 4318760.543, 140
Trd, 4318761.193, 138
Trd, 4318761.793, 140
Trd, 4318761.943, 137
Trd, 4318762.043, 136
Trd, 4318762.793, 133
Trd, 4318765.443, 140
Trd, 4318765.493, 140
Trd, 4318765.643, 140
Trd, 4318766.793, 140
Trd, 4318767.393, 140
Trd, 4318768.293, 140
Trd, 4318768.593, 140
Trd, 4318769.493, 140
Trd, 4318770.243, 140
Trd, 4318770.743, 140
Trd, 4318770.843, 140
Trd, 4318772.593, 140
Trd, 4318772.993, 140
Trd, 4318773.893, 67
Trd, 4318774.793, 74
Trd, 4318775.093, 67
Trd, 4318775.593, 126
Trd, 4318776.993, 140
Trd, 4318777.393, 140
Trd, 4318777.843, 140
Trd, 4318779.093, 140
Trd, 4318779.493, 139
Trd, 4318780.343, 140
Trd, 4318780.943, 129
Trd, 4318781.043, 128
Trd, 4318781.943, 69
Trd, 4318782.943, 133
Trd, 4318783.043, 135
Trd, 4318783.393, 139
Trd, 4318784.093, 136
Trd, 4318784.193, 138
Trd, 4318785.093, 63
Trd, 4318785.593, 66
Trd, 4318786.793, 140
Trd, 4318787.543, 140
Trd, 4318787.593, 140
Trd, 4318788.143, 140
Trd, 4318788.493, 140
Trd, 4318789.843, 138
Trd, 4318790.843, 140
Trd, 4318791.493, 140
Trd, 4318793.693, 139
Trd, 4318793.793, 69
Trd, 4318794.343, 64
Trd, 4318795.293, 140
Trd, 4318796.143, 140
Trd, 4318796.543, 140
Trd, 4318796.993, 140
Trd, 4318797.143, 130
Trd, 4318797.193, 120
Trd, 4318798.543, 140
Trd, 4318799.043, 61
Trd, 4318799.643, 134
Trd, 4318800.993, 140
Trd, 4318801.093, 137
Trd, 4318802.293, 140
Trd, 4318803.043, 140
Trd, 4318803.343, 140
Trd, 4318804.293, 139
Trd, 4318804.943, 140
Trd, 4318805.493, 138
Trd, 4318806.093, 140
Trd, 4318807.343, 140
Trd, 4318808.193, 140
Trd, 4318808.893, 135
Trd, 4318809.893, 136
Trd, 4318810.043, 133
Trd, 4318810.593, 140
Trd, 4318811.343, 140
Trd, 4318811.943, 139
Trd, 4318813.043, 140
Trd, 4318813.093, 140
Trd, 4318814.043, 140
Trd, 4318815.493, 140
Trd, 4318816.393, 140
Trd, 4318816.693, 140
Trd, 4318816.843, 130
Trd, 4318818.143, 65
Trd, 4318818.543, 63
Trd, 4318818.993, 107
Trd, 4318819.443, 72
Trd, 4318819.793, 64
Trd, 4318820.893, 140
Trd, 4318821.043, 113
Trd, 4318821.093, 110
Trd, 4318822.093, 139
Trd, 4318823.243, 139
Trd, 4318823.443, 138
Trd, 4318824.643, 140
Trd, 4318825.093, 140
Trd, 4318825.843, 140
Trd, 4318826.343, 140
Trd, 4318827.093, 140
Trd, 4318827.643, 140
Trd, 4318828.843, 140
Trd, 4318829.243, 134
Trd, 4318829.493, 140
Trd, 4318830.693, 140
Trd, 4318831.293, 138
Trd, 4318832.893, 140
Trd, 4318834.793, 140
Trd, 4318834.893, 140
Trd, 4318835.043, 139
Trd, 4318837.493, 140
Trd, 4318837.693, 138
Trd, 4318837.793, 138
Trd, 4318839.043, 140
Trd, 4318839.293, 139
Trd, 4318839.743, 64
Trd, 4318840.993, 140
Trd, 4318841.843, 140
Trd, 4318843.043, 139
Trd, 4318843.543, 139
Trd, 4318843.993, 140
Trd, 4318844.393, 134
Trd, 4318844.893, 117
Trd, 4318845.943, 140
Trd, 4318846.643, 140
Trd, 4318846.943, 140
Trd, 4318847.643, 128
Trd, 4318848.193, 139
Trd, 4318848.743, 139
Trd, 4318849.193, 139
Trd, 4318851.343, 140
Trd, 4318851.593, 139
Trd, 4318851.693, 139
Trd, 4318852.343, 83
Trd, 4318852.493, 140
Trd, 4318852.743, 78
Trd, 4318854.743, 140
Trd, 4318856.343, 140
Trd, 4318856.393, 140
Trd, 4318856.993, 140
Trd, 4318857.643, 140
Trd, 4318857.693, 130
Trd, 4318857.893, 126
Trd, 4318858.593, 140
Trd, 4318858.743, 140
Trd, 4318858.993, 140
Trd, 4318859.143, 139
Trd, 4318859.893, 106
Trd, 4318860.693, 61
Trd, 4318861.793, 60
Trd, 4318862.543, 140
Trd, 4318862.743, 139
Trd, 4318863.343, 134
Trd, 4318863.493, 124
Trd, 4318863.743, 136
Trd, 4318865.593, 140
Trd, 4318865.893, 140
Trd, 4318865.993, 140
Trd, 4318866.593, 140
Trd, 4318868.093, 140
Trd, 4318868.743, 140
Trd, 4318870.093, 140
Trd, 4318870.993, 140
Trd, 4318871.493, 140
Trd, 4318872.143, 140
Trd, 4318872.543, 140
Trd, 4318872.893, 139
Trd, 4318873.443, 120
Trd, 4318873.693, 139
Trd, 4318874.793, 136
Trd, 4318874.893, 136
Trd, 4318875.593, 131
Trd, 4318875.843, 97
Trd, 4318877.243, 140
Trd, 4318878.543, 139
Trd, 4318878.693, 140
Trd, 4318879.093, 140
Trd, 4318879.643, 139
Trd, 4318880.843, 136
Trd, 4318881.043, 140
Trd, 4318882.993, 140
Trd, 4318884.243, 140
Trd, 4318884.493, 140
Trd, 4318884.593, 140
Trd, 4318884.693, 140
Trd, 4318885.043, 132
Trd, 4318885.743, 134
Trd, 4318885.943, 136
Trd, 4318886.643, 140
Trd, 4318887.693, 138
Trd, 4318887.993, 140
Trd, 4318888.743, 137
Trd, 4318889.443, 139
Trd, 4318890.543, 140
Trd, 4318891.493, 133
Trd, 4318891.793, 139
Trd, 4318892.293, 140
Trd, 4318893.443, 135
Trd, 4318893.893, 102
Trd, 4318894.193, 78
Trd, 4318894.293, 60
Trd, 4318895.193, 140
Trd, 4318895.593, 140
Trd, 4318896.043, 139
Trd, 4318897.243, 83
Trd, 4318898.743, 65
Trd, 4318899.193, 67
Trd, 4318899.793, 62
Trd, 4318900.343, 60
Trd, 4318900.543, 60
Trd, 4318900.593, 60
Trd, 4318901.543, 61
Trd, 4318902.393, 139
Trd, 4318903.893, 140
Trd, 4318904.693, 139
Trd, 4318905.493, 140
Trd, 4318907.193, 140
Trd, 4318907.243, 139
Trd, 4318907.443, 137
Trd, 4318908.293, 139
Trd, 4318908.393, 139
Trd, 4318909.543, 116
Trd, 4318910.843, 140
Trd, 4318911.243, 138
Trd, 4318911.393, 127
Trd, 4318911.543, 115
Trd, 4318912.143, 140
Trd, 4318913.243, 139
Trd, 4318913.543, 138
Trd, 4318914.743, 140
Trd, 4318915.343, 139
Trd, 4318916.093, 140
Trd, 4318916.143, 128
Trd, 4318916.943, 136
Trd, 4318917.493, 113
Trd, 4318917.993, 64
Trd, 4318918.043, 137
Trd, 4318918.793, 139
Trd, 4318919.643, 80
Trd, 4318920.443, 64
Trd, 4318922.143, 131
Trd, 4318923.293, 140
Trd, 4318923.843, 140
Trd, 4318925.643, 140
Trd, 4318926.193, 140
Trd, 4318927.393, 139
Trd, 4318927.443, 139
Trd, 4318927.493, 136
Trd, 4318928.143, 137
Trd, 4318929.143, 140
Trd, 4318929.343, 139
Trd, 4318929.743, 140
Trd, 4318930.643, 108
Trd, 4318931.443, 61
Trd, 4318932.143, 140
Trd, 4318932.443, 66
Trd, 4318932.643, 67
Trd, 4318934.693, 139
Trd, 4318935.843, 140
Trd, 4318936.193, 140
Trd, 4318938.193, 140
Trd, 4318939.593, 140
Trd, 4318939.693, 139
Trd, 4318939.793, 139
Trd, 4318940.693, 139
Trd, 4318940.993, 140
Trd, 4318941.543, 139
Trd, 4318941.793, 110
Trd, 4318942.243, 140
Trd, 4318942.743, 140
Trd, 4318942.843, 140
Trd, 4318943.793, 140
Trd, 4318944.793, 140
Trd, 4318945.343, 140
Trd, 4318946.393, 140
Trd, 4318946.693, 133
Trd, 4318947.543, 139
Trd, 4318948.893, 140
Trd, 4318949.243, 140
Trd, 4318949.693, 140
Trd, 4318950.243, 140
Trd, 4318951.043, 140
Trd, 4318951.193, 139
Trd, 4318951.793, 140
Trd, 4318952.293, 140
Trd, 4318953.843, 140
Trd, 4318954.443, 140
Trd, 4318954.893, 140
Trd, 4318955.543, 140
Trd, 4318956.043, 140
Trd, 4318956.593, 122
Trd, 4318957.293, 137
Trd, 4318958.643, 113
Trd, 4318958.893, 140
Trd, 4318960.543, 140
Trd, 4318960.943, 140
Trd, 4318962.093, 140
Trd, 4318963.543, 140
Trd, 4318963.943, 140
Trd, 4318964.193, 138
Trd, 4318964.993, 140
Trd, 4318965.243, 140
Trd, 4318966.493, 140
Trd, 4318967.243, 140
Trd, 4318968.993, 140
Trd, 4318969.143, 140
Trd, 4318970.043, 139
Trd, 4318971.043, 140
Trd, 4318971.143, 136
Trd, 4318971.743, 140
Trd, 4318972.643, 140
Trd, 4318972.943, 139
Trd, 4318973.643, 140
Trd, 4318974.093, 140
Trd, 4318975.193, 139
Trd, 4318975.443, 129
Trd, 4318975.493, 103
Trd, 4318977.093, 140
Trd, 4318977.393, 140
Trd, 4318977.843, 140
Trd, 4318978.843, 140
Trd, 4318978.993, 140
Trd, 4318979.093, 140
Trd, 4318980.193, 140
Trd, 4318981.193, 139
Trd, 4318982.493, 140
Trd, 4318983.793, 140
Trd, 4318985.293, 140
Trd, 4318985.343, 138
Trd, 4318985.543, 140
Trd, 4318985.743, 135
Trd, 4318986.193, 73
Trd, 4318987.193, 138
Trd, 4318987.443, 120
Trd, 4318988.043, 102
Trd, 4318989.593, 140
Trd, 4318989.793, 140
Trd, 4318990.593, 60
Trd, 4318990.943, 61
Trd, 4318993.293, 140
Trd, 4318993.893, 140
Trd, 4318994.093, 140
Trd, 4318994.743, 140
Trd, 4318996.193, 140
Trd, 4318996.293, 140
Trd, 4318997.493, 140
Trd, 4318997.693, 139
Trd, 4318997.993, 139
Trd, 4318998.643, 140
Trd, 4318999.393, 138
Trd, 4318999.543, 140
Trd, 4318999.593, 116
Trd, 4319000.043, 140
Trd, 4319000.643, 140
Trd, 4319001.143, 139
Trd, 4319001.493, 110
Trd, 4319001.843, 136
Trd, 4319003.193, 139
Trd, 4319004.943, 140
Trd, 4319005.543, 139
Trd, 4319005.743, 139
Trd, 4319006.093, 140
Trd, 4319006.243, 122
Trd, 4319006.293, 67
Trd, 4319007.193, 116
Trd, 4319007.343, 97
Trd, 4319008.943, 140
Trd, 4319009.793, 140
Trd, 4319011.493, 140
Trd, 4319012.143, 140
Trd, 4319012.543, 139
Trd, 4319014.343, 140
Trd, 4319014.943, 140
Trd, 4319014.993, 140
Trd, 4319015.243, 140
Trd, 4319016.493, 140
Trd, 4319016.543, 139
Trd, 4319016.693, 138
Trd, 4319017.943, 125
Trd, 4319018.193, 124
Trd, 4319019.343, 85
Trd, 4319020.143, 139
Trd, 4319020.693, 61
Trd, 4319021.393, 103
Trd, 4319022.543, 140
Trd, 4319023.743, 140
Trd, 4319024.193, 140
Trd, 4319025.093, 140
Trd, 4319025.693, 140
Trd, 4319026.793, 139
Trd, 4319027.743, 140
Trd, 4319028.693, 140
Trd, 4319028.843, 140
Trd, 4319031.343, 140
Trd, 4319031.793, 140
Trd, 4319032.743, 140
Trd, 4319034.043, 140
Trd, 4319034.243, 140
Trd, 4319034.493, 139
Trd, 4319034.793, 137
Trd, 4319035.293, 140
Trd, 4319035.543, 137
Trd, 4319035.643, 137
Trd, 4319036.543, 132
Trd, 4319037.793, 140
Trd, 4319038.343, 140
Trd, 4319038.393, 140
Trd, 4319039.043, 140
Trd, 4319039.593, 139
Trd, 4319040.643, 129
Trd, 4319041.943, 120
Trd, 4319042.743, 140
Trd, 4319043.993, 139
Trd, 4319045.093, 140
Trd, 4319045.393, 140
Trd, 4319045.593, 138
Trd, 4319046.343, 136
Trd, 4319046.443, 110
Trd, 4319046.893, 140
Trd, 4319047.493, 71
Trd, 4319048.393, 140
Trd, 4319049.993, 140
Trd, 4319050.143, 140
Trd, 4319051.193, 139
Trd, 4319051.893, 139
Trd, 4319052.393, 139
Trd, 4319052.693, 137
Trd, 4319052.743, 140
Trd, 4319054.443, 140
Trd, 4319054.643, 138
Trd, 4319055.293, 140
Trd, 4319055.893, 138
Trd, 4319056.093, 65
Trd, 4319057.643, 139
Trd, 4319057.743, 138
Trd, 4319058.593, 139
Trd, 4319059.143, 137
Trd, 4319060.443, 140
Trd, 4319061.643, 140
Trd, 4319061.993, 140
Trd, 4319062.193, 139
Trd, 4319062.243, 126
Trd, 4319063.243, 140
Trd, 4319065.293, 140
Trd, 4319065.493, 140
Trd, 4319066.343, 140
Trd, 4319066.643, 114
Trd, 4319067.193, 139
Trd, 4319067.293, 138
Trd, 4319068.093, 140
Trd, 4319069.093, 140
Trd, 4319069.893, 140
Trd, 4319070.743, 140
Trd, 4319071.393, 140
Trd, 4319071.693, 140
Trd, 4319073.093, 140
Trd, 4319074.793, 140
Trd, 4319075.543, 140
Trd, 4319075.793, 140
Trd, 4319076.643, 140
Trd, 4319077.293, 139
Trd, 4319077.593, 138
Trd, 4319079.093, 140
Trd, 4319079.943, 140
Trd, 4319080.043, 123
Trd, 4319080.243, 139
Trd, 4319080.743, 138
Trd, 4319081.843, 87
Trd, 4319081.993, 137
Trd, 4319083.993, 140
Trd, 4319084.743, 140
Trd, 4319086.143, 140
Trd, 4319086.393, 140
Trd, 4319086.593, 140
Trd, 4319087.743, 140
Trd, 4319089.493, 140
Trd, 4319090.643, 140
Trd, 4319090.793, 140
Trd, 4319091.143, 140
Trd, 4319092.043, 139
Trd, 4319092.743, 139
Trd, 4319093.693, 140
Trd, 4319093.893, 139
Trd, 4319094.593, 140
Trd, 4319094.693, 139
Trd, 4319095.343, 129
Trd, 4319095.743, 140
Trd, 4319096.693, 64
Trd, 4319097.393, 140
Trd, 4319098.943, 140
Trd, 4319099.243, 140
Trd, 4319100.093, 137
Trd, 4319101.093, 140
Trd, 4319101.493, 139
Trd, 4319102.093, 125
Trd, 4319103.493, 140
Trd, 4319103.643, 139
Trd, 4319103.993, 136
Trd, 4319106.043, 140
Trd, 4319106.243, 140
Trd, 4319107.693, 140
Trd, 4319108.093, 140
Trd, 4319110.193, 140
Trd, 4319110.243, 140
Trd, 4319110.543, 137
Trd, 4319110.693, 112
Trd, 4319110.943, 119
Trd, 4319111.143, 138
Trd, 4319111.443, 71
Trd, 4319112.743, 139
Trd, 4319113.793, 140
Trd, 4319113.843, 140
Trd, 4319114.043, 140
Trd, 4319114.393, 118
Trd, 4319114.643, 129
Trd, 4319117.143, 140
Trd, 4319117.843, 140
Trd, 4319118.193, 138
Trd, 4319118.343, 136
Trd, 4319118.593, 134
Trd, 4319119.893, 140
Trd, 4319120.893, 65
Trd, 4319122.393, 140
Trd, 4319122.593, 139
Trd, 4319123.043, 140
Trd, 4319123.693, 138
Trd, 4319124.443, 137
Trd, 4319125.143, 120
Trd, 4319125.743, 139
Trd, 4319126.193, 140
Trd, 4319126.593, 135
Trd, 4319126.793, 134
Trd, 4319128.743, 140
Trd, 4319129.493, 134
Trd, 4319131.293, 140
Trd, 4319131.793, 140
Trd, 4319131.893, 139
Trd, 4319131.993, 140
Trd, 4319132.743, 140
Trd, 4319133.243, 118
Trd, 4319133.743, 140
Trd, 4319134.143, 134
Trd, 4319134.943, 140
Trd, 4319135.193, 140
Trd, 4319135.893, 140
Trd, 4319136.293, 140
Trd, 4319136.493, 96
Trd, 4319136.993, 92
Trd, 4319137.343, 106
Trd, 4319139.443, 139
Trd, 4319139.743, 140
Trd, 4319140.443, 140
Trd, 4319141.393, 137
Trd, 4319142.093, 140
Trd, 4319143.843, 140
Trd, 4319144.143, 140
Trd, 4319144.693, 140
Trd, 4319144.893, 139
Trd, 4319145.293, 132
Trd, 4319145.443, 136
Trd, 4319146.693, 140
Trd, 4319147.293, 140
Trd, 4319147.943, 140
Trd, 4319149.443, 139
Trd, 4319149.643, 139
Trd, 4319150.393, 110
Trd, 4319150.893, 115
Trd, 4319152.243, 140
Trd, 4319152.493, 138
Trd, 4319152.943, 140
Trd, 4319153.093, 139
Trd, 4319153.193, 107
Trd, 4319154.993, 140
Trd, 4319155.243, 139
Trd, 4319155.393, 139
Trd, 4319155.593, 140
Trd, 4319156.043, 140
Trd, 4319156.493, 129
Trd, 4319157.493, 130
Trd, 4319159.193, 140
Trd, 4319159.593, 139
Trd, 4319161.493, 140
Trd, 4319161.693, 140
Trd, 4319161.743, 139
Trd, 4319162.443, 139
Trd, 4319163.393, 140
Trd, 4319163.993, 139
Trd, 4319164.743, 140
Trd, 4319165.543, 140
Trd, 4319165.593, 140
Trd, 4319167.743, 140
Trd, 4319167.893, 140
Trd, 4319168.693, 139
Trd, 4319169.343, 140
Trd, 4319169.493, 140
Trd, 4319170.043, 140
Trd, 4319170.093, 133
Trd, 4319171.243, 139
Trd, 4319172.393, 140
Trd, 4319172.893, 140
Trd, 4319173.843, 140
Trd, 4319174.093, 139
Trd, 4319174.343, 117
Trd, 4319174.543, 139
Trd, 4319175.543, 139
Trd, 4319176.193, 139
Trd, 4319176.243, 138
Trd, 4319176.693, 140
Trd, 4319177.493, 139
Trd, 4319177.793, 116
Trd, 4319178.893, 140
Trd, 4319178.943, 140
Trd, 4319179.743, 140
Trd, 4319180.243, 140
Trd, 4319180.543, 140
Trd, 4319181.493, 108
Trd, 4319182.243, 140
Trd, 4319182.443, 139
Trd, 4319183.693, 140
Trd, 4319184.643, 140
Trd, 4319184.793, 136
Trd, 4319185.643, 140
Trd, 4319185.843, 139
Trd, 4319186.393, 137
Trd, 4319187.493, 139
Trd, 4319187.793, 140
Trd, 4319188.393, 139
Trd, 4319189.143, 139
Trd, 4319189.993, 103
Trd, 4319190.893, 135
Trd, 4319191.393, 136
Trd, 4319192.143, 139
Trd, 4319192.493, 74
Trd, 4319193.293, 140
Trd, 4319193.793, 139
Trd, 4319194.243, 139
Trd, 4319194.993, 139
Trd, 4319195.343, 138
Trd, 4319195.793, 111
Trd, 4319196.543, 140
Trd, 4319197.293, 62
Trd, 4319198.793, 62
Trd, 4319199.343, 140
Trd, 4319200.143, 139
Trd, 4319200.893, 140
Trd, 4319202.043, 140
Trd, 4319202.993, 140
Trd, 4319204.493, 140
Trd, 4319205.393, 140
Trd, 4319206.093, 140
Trd, 4319206.193, 140
Trd, 4319206.293, 139
Trd, 4319206.393, 138
Trd, 4319206.493, 134
Trd, 4319207.243, 134
Trd, 4319207.393, 108
Trd, 4319208.693, 140
Trd, 4319209.793, 140
Trd, 4319210.243, 140
Trd, 4319211.543, 140
Trd, 4319211.943, 140
Trd, 4319213.593, 140
Trd, 4319214.093, 139
Trd, 4319214.493, 140
Trd, 4319215.143, 139
Trd, 4319215.393, 139
Trd, 4319215.743, 132
Trd, 4319216.643, 67
Trd, 4319217.393, 140
Trd, 4319220.093, 140
Trd, 4319220.193, 140
Trd, 4319221.093, 140
Trd, 4319222.193, 85
Trd, 4319222.993, 140
Trd, 4319223.043, 139
Trd, 4319224.243, 140
Trd, 4319224.493, 135
Trd, 4319224.893, 140
Trd, 4319225.543, 140
Trd, 4319225.693, 91
Trd, 4319226.593, 138
Trd, 4319227.493, 138
Trd, 4319229.693, 140
Trd, 4319229.993, 140
Trd, 4319230.443, 139
Trd, 4319230.543, 139
Trd, 4319230.893, 138
Trd, 4319231.793, 101
Trd, 4319231.993, 122
Trd, 4319233.043, 140
Trd, 4319234.293, 140
Trd, 4319234.393, 140
Trd, 4319234.443, 139
Trd, 4319236.043, 140
Trd, 4319236.443, 140
Trd, 4319236.643, 138
Trd, 4319238.543, 138
Trd, 4319239.093, 140
Trd, 4319239.693, 140
Trd, 4319240.593, 139
Trd, 4319242.093, 140
Trd, 4319242.343, 140
Trd, 4319242.743, 140
Trd, 4319243.043, 138
Trd, 4319244.543, 140
Trd, 4319244.643, 140
Trd, 4319245.093, 125
Trd, 4319245.543, 136
Trd, 4319246.793, 139
Trd, 4319247.593, 138
Trd, 4319248.343, 140
Trd, 4319248.443, 128
Trd, 4319249.993, 140
Trd, 4319250.543, 140
Trd, 4319251.343, 136
Trd, 4319251.943, 108
Trd, 4319252.943, 139
Trd, 4319254.643, 140
Trd, 4319255.193, 140
Trd, 4319255.443, 138
Trd, 4319255.793, 140
Trd, 4319256.293, 140
Trd, 4319257.143, 137
Trd, 4319257.593, 106
Trd, 4319257.993, 104
Trd, 4319260.593, 140
Trd, 4319260.993, 140
Trd, 4319261.293, 140
Trd, 4319261.493, 140
Trd, 4319262.193, 139
Trd, 4319262.293, 140
Trd, 4319262.893, 140
Trd, 4319263.543, 129
Trd, 4319263.693, 130
Trd, 4319263.943, 125
Trd, 4319264.893, 140
Trd, 4319267.043, 140
Trd, 4319267.543, 139
Trd, 4319270.193, 140
Trd, 4319270.493, 140
Trd, 4319270.943, 140
Trd, 4319271.543, 138
Trd, 4319272.093, 140
Trd, 4319273.193, 138
Trd, 4319275.193, 140
Trd, 4319275.243, 139
Trd, 4319275.293, 114
Trd, 4319276.793, 140
Trd, 4319277.043, 140
Trd, 4319277.643, 140
Trd, 4319278.643, 140
Trd, 4319278.793, 140
Trd, 4319280.193, 140
Trd, 4319280.393, 140
Trd, 4319280.543, 140
Trd, 4319281.093, 140
Trd, 4319282.043, 140
Trd, 4319282.693, 140
Trd, 4319282.943, 140
Trd, 4319283.893, 140
Trd, 4319283.993, 138
Trd, 4319285.193, 140
Trd, 4319286.343, 140
Trd, 4319286.643, 140
Trd, 4319287.093, 140
Trd, 4319288.043, 140
Trd, 4319288.243, 139
Trd, 4319288.843, 138
Trd, 4319289.093, 103
Trd, 4319289.493, 140
Trd, 4319290.743, 140
Trd, 4319291.543, 105
Trd, 4319292.693, 138
Trd, 4319293.343, 137
Trd, 4319293.393, 110
Trd, 4319293.793, 92
Trd, 4319294.343, 140
Trd, 4319295.343, 140
Trd, 4319296.193, 140
Trd, 4319297.843, 140
Trd, 4319298.293, 140
Trd, 4319299.743, 140
Trd, 4319300.743, 138
Trd, 4319300.993, 140
Trd, 4319302.243, 140
Trd, 4319302.893, 140
Trd, 4319302.943, 139
Trd, 4319303.143, 136
Trd, 4319303.593, 140
Trd, 4319303.843, 139
Trd, 4319303.943, 77
Trd, 4319304.643, 64
Trd, 4319305.843, 140
Trd, 4319305.943, 140
Trd, 4319306.193, 140
Trd, 4319309.693, 140
Trd, 4319311.443, 140
Trd, 4319311.793, 140
Trd, 4319312.093, 140
Trd, 4319312.193, 140
Trd, 4319312.493, 140
Trd, 4319313.493, 140
Trd, 4319313.793, 140
Trd, 4319314.943, 138
Trd, 4319314.993, 69
Trd, 4319315.143, 93
Trd, 4319315.293, 94
Trd, 4319316.493, 60
Trd, 4319316.543, 63
Trd, 4319316.993, 70
Trd, 4319317.793, 88
Trd, 4319319.393, 140
Trd, 4319320.143, 140
Trd, 4319321.943, 140
Trd, 4319323.743, 140
Trd, 4319324.043, 140
Trd, 4319325.443, 140
Trd, 4319325.493, 140
Trd, 4319326.443, 139
Trd, 4319326.843, 138
Trd, 4319327.693, 139
Trd, 4319328.643, 139
Trd, 4319328.893, 137
Trd, 4319329.293, 116
Trd, 4319329.843, 138
Trd, 4319330.543, 139
Trd, 4319331.993, 140
Trd, 4319333.343, 140
Trd, 4319333.543, 140
Trd, 4319333.593, 140
Trd, 4319335.043, 140
Trd, 4319335.293, 140
Trd, 4319335.443, 140
Trd, 4319336.793, 140
Trd, 4319337.243, 140
Trd, 4319338.193, 140
Trd, 4319338.693, 139
Trd, 4319339.343, 129
Trd, 4319339.993, 140
Trd, 4319340.793, 138
Trd, 4319341.043, 137
Trd, 4319341.543, 140
Trd, 4319341.693, 83
Trd, 4319342.843, 139
Trd, 4319343.243, 130
Trd, 4319343.443, 125
Trd, 4319344.293, 62
Trd, 4319344.493, 67
Trd, 4319345.593, 63
Trd, 4319346.393, 60
Trd, 4319346.743, 61
Trd, 4319347.143, 62
Trd, 4319350.093, 140
Trd, 4319350.643, 140
Trd, 4319351.293, 140
Trd, 4319351.793, 139
Trd, 4319351.893, 122
Trd, 4319352.493, 139
Trd, 4319352.543, 138
Trd, 4319353.393, 140
Trd, 4319354.643, 140
Trd, 4319355.043, 140
Trd, 4319355.643, 140
Trd, 4319357.043, 140
Trd, 4319357.243, 140
Trd, 4319358.043, 140
Trd, 4319359.493, 140
Trd, 4319359.593, 140
Trd, 4319360.443, 140
Trd, 4319361.193, 140
Trd, 4319361.443, 140
Trd, 4319361.893, 140
Trd, 4319362.443, 140
Trd, 4319362.493, 139
Trd, 4319364.493, 140
Trd, 4319365.043, 140
Trd, 4319366.093, 140
Trd, 4319366.493, 138
Trd, 4319366.743, 137
Trd, 4319368.293, 139
Trd, 4319368.393, 128
Trd, 4319369.093, 140
Trd, 4319369.643, 130
Trd, 4319369.693, 129
Trd, 4319371.593, 140
Trd, 4319371.993, 140
Trd, 4319372.243, 139
Trd, 4319372.293, 126
Trd, 4319373.693, 139
Trd, 4319373.793, 137
Trd, 4319376.393, 140
Trd, 4319376.943, 140
Trd, 4319377.093, 139
Trd, 4319378.243, 140
Trd, 4319378.593, 140
Trd, 4319379.243, 140
Trd, 4319380.293, 138
Trd, 4319380.893, 136
Trd, 4319381.293, 140
Trd, 4319382.443, 139
Trd, 4319383.043, 140
Trd, 4319383.393, 139
Trd, 4319383.893, 137
Trd, 4319385.343, 140
Trd, 4319385.743, 140
Trd, 4319386.093, 137
Trd, 4319386.993, 140
Trd, 4319387.843, 140
Trd, 4319388.293, 140
Trd, 4319389.493, 139
Trd, 4319389.943, 139
Trd, 4319390.093, 138
Trd, 4319392.493, 139
Trd, 4319392.593, 138
Trd, 4319394.193, 140
Trd, 4319394.243, 139
Trd, 4319395.393, 140
Trd, 4319396.993, 140
Trd, 4319397.143, 140
Trd, 4319397.343, 138
Trd, 4319398.543, 139
Trd, 4319399.143, 104
Trd, 4319400.643, 140
Trd, 4319401.743, 140
Trd, 4319402.443, 140
Trd, 4319402.743, 140
Trd, 4319403.343, 139
Trd, 4319405.443, 140
Trd, 4319405.693, 140
Trd, 4319406.693, 140
Trd, 4319407.043, 140
Trd, 4319407.343, 139
Trd, 4319407.493, 135
Trd, 4319408.643, 140
Trd, 4319409.193, 140
Trd, 4319411.343, 138
Trd, 4319411.543, 140
Trd, 4319413.043, 140
Trd, 4319413.143, 140
Trd, 4319413.293, 140
Trd, 4319414.043, 140
Trd, 4319414.593, 139
Trd, 4319415.143, 139
Trd, 4319415.693, 137
Trd, 4319416.643, 140
Trd, 4319416.943, 140
Trd, 4319417.143, 138
Trd, 4319418.093, 139
Trd, 4319418.543, 67
Trd, 4319419.193, 140
Trd, 4319420.293, 140
Trd, 4319420.593, 119
Trd, 4319421.793, 139
Trd, 4319422.543, 140
Trd, 4319423.093, 140
Trd, 4319423.193, 83
Trd, 4319424.343, 84
Trd, 4319425.443, 140
Trd, 4319425.543, 140
Trd, 4319426.993, 140
Trd, 4319427.643, 138
Trd, 4319427.793, 137
Trd, 4319429.393, 140
Trd, 4319429.493, 140
Trd, 4319430.443, 140
Trd, 4319431.193, 140
Trd, 4319431.243, 140
Trd, 4319432.543, 140
Trd, 4319433.343, 140
Trd, 4319434.843, 140
Trd, 4319435.343, 140
Trd, 4319436.343, 139
Trd, 4319436.593, 140
Trd, 4319436.643, 137
Trd, 4319436.993, 139
Trd, 4319437.243, 140
Trd, 4319437.743, 140
Trd, 4319438.343, 140
Trd, 4319438.393, 121
Trd, 4319439.693, 74
Trd, 4319439.893, 98
Trd, 4319440.643, 120
Trd, 4319440.793, 122
Trd, 4319442.443, 126
Trd, 4319442.893, 132
Trd, 4319443.393, 88
Trd, 4319444.043, 140
Trd, 4319444.443, 84
Trd, 4319446.743, 140
Trd, 4319446.793, 140
Trd, 4319447.693, 140
Trd, 4319447.743, 140
Trd, 4319449.243, 139
Trd, 4319449.443, 140
Trd, 4319449.943, 140
Trd, 4319450.193, 137
Trd, 4319451.043, 138
Trd, 4319451.593, 140
Trd, 4319451.693, 120
Trd, 4319452.993, 139
Trd, 4319453.693, 139
Trd, 4319453.893, 138
Trd, 4319454.493, 134
Trd, 4319456.793, 140
Trd, 4319456.943, 139
Trd, 4319457.793, 135
Trd, 4319458.043, 124
Trd, 4319458.243, 123
Trd, 4319459.943, 140
Trd, 4319460.143, 138
Trd, 4319460.543, 139
Trd, 4319461.143, 140
Trd, 4319461.743, 127
Trd, 4319461.993, 73
Trd, 4319462.493, 140
Trd, 4319463.643, 140
Trd, 4319464.743, 140
Trd, 4319465.693, 140
Trd, 4319465.943, 140
Trd, 4319466.243, 140
Trd, 4319466.843, 140
Trd, 4319467.043, 140
Trd, 4319468.243, 140
Trd, 4319468.993, 139
Trd, 4319469.793, 139
Trd, 4319470.693, 140
Trd, 4319471.843, 140
Trd, 4319472.643, 140
Trd, 4319472.793, 138
Trd, 4319472.843, 116
Trd, 4319473.093, 111
Trd, 4319473.993, 92
Trd, 4319475.393, 140
Trd, 4319475.593, 137
Trd, 4319476.293, 138
Trd, 4319477.743, 140
Trd, 4319479.393, 140
Trd, 4319480.343, 140
Trd, 4319480.743, 139
Trd, 4319481.093, 140
Trd, 4319482.143, 140
Trd, 4319482.743, 140
Trd, 4319483.493, 140
Trd, 4319483.593, 140
Trd, 4319484.143, 138
Trd, 4319484.593, 136
Trd, 4319484.843, 140
Trd, 4319485.393, 140
Trd, 4319485.593, 98
Trd, 4319486.393, 140
Trd, 4319488.543, 140
Trd, 4319489.893, 140
Trd, 4319490.593, 140
Trd, 4319491.043, 140
Trd, 4319491.093, 140
Trd, 4319491.843, 139
Trd, 4319492.443, 138
Trd, 4319492.593, 139
Trd, 4319492.793, 119
Trd, 4319493.093, 132
Trd, 4319493.543, 140
Trd, 4319494.193, 67
Trd, 4319496.243, 139
Trd, 4319496.393, 119
Trd, 4319497.393, 67
Trd, 4319499.743, 138
Trd, 4319500.843, 140
Trd, 4319501.193, 140
Trd, 4319501.593, 140
Trd, 4319502.243, 139
Trd, 4319502.493, 138
Trd, 4319502.793, 136
Trd, 4319503.193, 139
Trd, 4319503.393, 133
Trd, 4319505.143, 132
Trd, 4319505.743, 137
Trd, 4319506.193, 136
Trd, 4319506.543, 139
Trd, 4319506.993, 96
Trd, 4319507.793, 104
Trd, 4319508.143, 139
Trd, 4319508.443, 140
Trd, 4319508.993, 62
Trd, 4319509.693, 79
Trd, 4319511.043, 140
Trd, 4319513.193, 140
Trd, 4319513.343, 137
Trd, 4319513.643, 132
Trd, 4319514.493, 135
Trd, 4319515.243, 138
Trd, 4319515.393, 114
Trd, 4319516.043, 138
Trd, 4319516.393, 112
Trd, 4319517.993, 140
Trd, 4319518.793, 140
Trd, 4319518.843, 139
Trd, 4319519.193, 140
Trd, 4319520.043, 140
Trd, 4319520.143, 140
Trd, 4319520.243, 137
Trd, 4319520.593, 96
Trd, 4319522.143, 140
Trd, 4319522.343, 140
Trd, 4319524.143, 140
Trd, 4319525.343, 140
Trd, 4319525.593, 140
Trd, 4319526.593, 139
Trd, 4319526.843, 138
Trd, 4319527.843, 138
Trd, 4319527.993, 88
Trd, 4319528.643, 61
Trd, 4319529.943, 140
Trd, 4319531.243, 140
Trd, 4319531.543, 140
Trd, 4319531.793, 139
Trd, 4319532.793, 140
Trd, 4319532.943, 139
Trd, 4319533.393, 140
Trd, 4319534.043, 140
Trd, 4319535.843, 140
Trd, 4319535.993, 140
Trd, 4319536.393, 140
Trd, 4319536.993, 121
Trd, 4319537.643, 71
Trd, 4319538.743, 65
Trd, 4319538.943, 117
Trd, 4319539.293, 101
Trd, 4319539.443, 62
Trd, 4319540.943, 139
Trd, 4319541.043, 138
Trd, 4319541.643, 139
Trd, 4319543.143, 140
Trd, 4319543.443, 140
Trd, 4319544.193, 140
Trd, 4319544.393, 140
Trd, 4319544.993, 140
Trd, 4319545.443, 137
Trd, 4319546.293, 116
Trd, 4319546.393, 103
Trd, 4319548.143, 140
Trd, 4319548.643, 140
Trd, 4319550.193, 140
Trd, 4319552.093, 140
Trd, 4319552.243, 140
Trd, 4319552.493, 139
Trd, 4319552.543, 137
Trd, 4319553.493, 139
Trd, 4319553.893, 131
Trd, 4319554.793, 139
Trd, 4319555.193, 132
Trd, 4319556.693, 140
Trd, 4319557.593, 140
Trd, 4319558.743, 140
Trd, 4319560.043, 139
Trd, 4319560.393, 140
Trd, 4319560.493, 139
Trd, 4319560.593, 137
Trd, 4319562.093, 137
Trd, 4319562.493, 140
Trd, 4319562.793, 137
Trd, 4319563.543, 140
Trd, 4319564.743, 139
Trd, 4319564.793, 125
Trd, 4319565.493, 140
Trd, 4319566.393, 63
Trd, 4319566.943, 140
Trd, 4319567.893, 140
Trd, 4319568.643, 139
Trd, 4319569.443, 139
Trd, 4319569.993, 140
Trd, 4319570.043, 119
Trd, 4319571.043, 138
Trd, 4319571.393, 140
Trd, 4319572.093, 140
Trd, 4319573.243, 140
Trd, 4319573.293, 140
Trd, 4319574.643, 138
Trd, 4319574.693, 138
Trd, 4319575.643, 140
Trd, 4319576.243, 140
Trd, 4319576.993, 124
Trd, 4319577.293, 138
Trd, 4319577.643, 137
Trd, 4319577.843, 132
Trd, 4319579.243, 139
Trd, 4319579.993, 140
Trd, 4319580.793, 139
Trd, 4319580.843, 139
Trd, 4319581.843, 140
Trd, 4319582.643, 119
Trd, 4319582.693, 80
Trd, 4319583.743, 140
Trd, 4319585.293, 117
Trd, 4319586.743, 140
Trd, 4319587.293, 140
Trd, 4319587.343, 140
Trd, 4319587.393, 140
Trd, 4319587.893, 138
Trd, 4319589.843, 140
Trd, 4319590.543, 139
Trd, 4319590.843, 125
Trd, 4319591.193, 125
Trd, 4319591.443, 139
Trd, 4319591.543, 100
Trd, 4319594.643, 140
Trd, 4319594.793, 140
Trd, 4319596.593, 140
Trd, 4319596.893, 140
Trd, 4319596.993, 140
Trd, 4319597.293, 140
Trd, 4319598.793, 140
Trd, 4319599.493, 140
Trd, 4319600.943, 138
Trd, 4319601.043, 80
Trd, 4319601.393, 136
Trd, 4319601.993, 140
Trd, 4319602.243, 90
Trd, 4319602.843, 63
Trd, 4319604.693, 140
Trd, 4319604.993, 140
Trd, 4319605.143, 74
Trd, 4319605.443, 60
Trd, 4319605.693, 68
Trd, 4319605.743, 135
Trd, 4319607.443, 98
Trd, 4319607.743, 135
Trd, 4319608.293, 116
Trd, 4319610.443, 140
Trd, 4319610.693, 139
Trd, 4319611.893, 140
Trd, 4319612.243, 140
Trd, 4319614.193, 140
Trd, 4319614.343, 140
Trd, 4319614.443, 133
Trd, 4319615.293, 140
Trd, 4319615.443, 140
Trd, 4319616.243, 140
Trd, 4319616.493, 139
Trd, 4319616.693, 138
Trd, 4319618.543, 140
Trd, 4319618.593, 139
Trd, 4319618.893, 126
Trd, 4319620.293, 92
Trd, 4319621.643, 140
Trd, 4319622.293, 139
Trd, 4319622.443, 138
Trd, 4319623.093, 138
Trd, 4319623.243, 130
Trd, 4319624.293, 140
Trd, 4319624.393, 139
Trd, 4319624.593, 139
Trd, 4319625.893, 140
Trd, 4319625.943, 140
Trd, 4319627.793, 140
Trd, 4319628.993, 140
Trd, 4319629.893, 140
Trd, 4319630.243, 138
Trd, 4319630.393, 138
Trd, 4319630.993, 123
Trd, 4319632.543, 140
Trd, 4319634.543, 140
Trd, 4319634.643, 139
Trd, 4319634.993, 139
Trd, 4319635.143, 137
Trd, 4319635.493, 140
Trd, 4319636.043, 132
Trd, 4319637.843, 140
Trd, 4319638.293, 139
Trd, 4319639.143, 139
Trd, 4319639.943, 140
Trd, 4319640.093, 138
Trd, 4319641.143, 111
Trd, 4319641.443, 75
Trd, 4319642.393, 140
Trd, 4319643.943, 140
Trd, 4319645.093, 140
Trd, 4319645.193, 140
Trd, 4319645.243, 138
Trd, 4319645.343, 127
Trd, 4319646.343, 140
Trd, 4319647.243, 140
Trd, 4319649.943, 140
Trd, 4319650.893, 140
Trd, 4319651.193, 140
Trd, 4319651.493, 139
Trd, 4319651.693, 139
Trd, 4319652.343, 140
Trd, 4319653.343, 140
Trd, 4319653.693, 140
Trd, 4319654.993, 140
Trd, 4319657.493, 140
Trd, 4319657.743, 140
Trd, 4319657.843, 140
Trd, 4319658.343, 140
Trd, 4319658.793, 140
Trd, 4319659.743, 140
Trd, 4319661.293, 139
Trd, 4319661.443, 140
Trd, 4319661.493, 138
Trd, 4319661.693, 120
Trd, 4319663.193, 99
Trd, 4319665.143, 140
Trd, 4319665.343, 139
Trd, 4319665.543, 140
Trd, 4319666.443, 136
Trd, 4319666.693, 133
Trd, 4319667.093, 137
Trd, 4319667.193, 138
Trd, 4319667.343, 106
Trd, 4319668.043, 61
Trd, 4319669.693, 140
Trd, 4319670.443, 139
Trd, 4319671.643, 140
Trd, 4319671.893, 104
Trd, 4319672.143, 140
Trd, 4319673.143, 140
Trd, 4319674.793, 139
Trd, 4319675.393, 140
Trd, 4319675.543, 139
Trd, 4319676.093, 138
Trd, 4319677.443, 140
Trd, 4319677.793, 140
Trd, 4319678.643, 140
Trd, 4319679.593, 140
Trd, 4319679.843, 129
Trd, 4319682.243, 140
Trd, 4319682.393, 140
Trd, 4319683.243, 140
Trd, 4319683.293, 139
Trd, 4319684.593, 139
Trd, 4319685.393, 140
Trd, 4319686.493, 140
Trd, 4319686.743, 139
Trd, 4319687.243, 139
Trd, 4319687.893, 140
Trd, 4319689.393, 140
Trd, 4319690.293, 140
Trd, 4319691.243, 139
Trd, 4319692.193, 140
Trd, 4319692.993, 140
Trd, 4319694.143, 140
Trd, 4319696.043, 140
Trd, 4319696.093, 140
Trd, 4319696.743, 140
Trd, 4319697.143, 140
Trd, 4319698.643, 140
Trd, 4319699.243, 139
Trd, 4319699.443, 138
Trd, 4319700.293, 140
Trd, 4319700.543, 137
Trd, 4319700.843, 135
Trd, 4319701.193, 126
Trd, 4319702.893, 138
Trd, 4319703.743, 140
Trd, 4319703.893, 140
Trd, 4319704.293, 140
Trd, 4319704.443, 139
Trd, 4319705.193, 140
Trd, 4319705.493, 105
Trd, 4319706.693, 138
Trd, 4319706.743, 139
Trd, 4319707.043, 133
Trd, 4319707.543, 60
Trd, 4319708.293, 60
Trd, 4319709.543, 61
Trd, 4319709.643, 61
Trd, 4319709.893, 88
Trd, 4319710.193, 123
Trd, 4319710.493, 140
Trd, 4319711.793, 97
Trd, 4319711.943, 79
Trd, 4319712.793, 61
Trd, 4319713.443, 140
Trd, 4319714.243, 140
Trd, 4319714.593, 140
Trd, 4319715.143, 140
Trd, 4319716.243, 139
Trd, 4319716.543, 139
Trd, 4319716.743, 138
Trd, 4319717.993, 140
Trd, 4319718.543, 67
Trd, 4319718.593, 68
Trd, 4319720.193, 140
Trd, 4319721.893, 140
Trd, 4319722.843, 140
Trd, 4319722.943, 140
Trd, 4319723.093, 139
Trd, 4319723.193, 66
Trd, 4319725.843, 140
Trd, 4319726.693, 140
Trd, 4319727.243, 140
Trd, 4319727.393, 133
Trd, 4319728.693, 140
Trd, 4319730.093, 140
Trd, 4319730.443, 140
Trd, 4319730.743, 137
Trd, 4319730.943, 123
Trd, 4319732.093, 140
Trd, 4319732.793, 139
Trd, 4319734.443, 137
Trd, 4319734.643, 65
Trd, 4319735.843, 140
Trd, 4319735.943, 140
Trd, 4319736.643, 140
Trd, 4319737.593, 140
Trd, 4319739.843, 140
Trd, 4319740.393, 140
Trd, 4319740.443, 140
Trd, 4319740.643, 139
Trd, 4319740.943, 130
Trd, 4319743.943, 140
Trd, 4319744.293, 140
Trd, 4319744.543, 139
Trd, 4319744.793, 138
Trd, 4319745.093, 140
Trd, 4319745.193, 138
Trd, 4319745.493, 119
Trd, 4319746.343, 140
Trd, 4319747.493, 140
Trd, 4319747.893, 139
Trd, 4319749.193, 140
Trd, 4319749.293, 140
Trd, 4319750.443, 140
Trd, 4319750.793, 140
Trd, 4319751.093, 138
Trd, 4319751.893, 120
Trd, 4319754.393, 140
Trd, 4319754.443, 112
Trd, 4319754.743, 140
Trd, 4319755.593, 140
Trd, 4319755.893, 140
Trd, 4319756.643, 140
Trd, 4319757.743, 140
Trd, 4319758.243, 139
Trd, 4319759.093, 116
Trd, 4319759.343, 138
Trd, 4319759.843, 138
Trd, 4319760.043, 139
Trd, 4319760.643, 139
Trd, 4319761.043, 79
Trd, 4319761.143, 78
Trd, 4319761.493, 69
Trd, 4319762.093, 62
Trd, 4319763.193, 140
Trd, 4319764.093, 140
Trd, 4319764.343, 140
Trd, 4319764.943, 140
Trd, 4319767.143, 140
Trd, 4319767.343, 140
Trd, 4319767.843, 140
Trd, 4319769.143, 140
Trd, 4319770.143, 139
Trd, 4319770.943, 140
Trd, 4319770.993, 139
Trd, 4319772.093, 140
Trd, 4319772.943, 140
Trd, 4319773.493, 140
Trd, 4319774.593, 140
Trd, 4319774.693, 140
Trd, 4319776.543, 140
Trd, 4319776.793, 92
Trd, 4319778.743, 140
Trd, 4319778.893, 139
Trd, 4319779.193, 138
Trd, 4319779.343, 106
Trd, 4319779.543, 140
Trd, 4319780.543, 134
Trd, 4319780.893, 120
Trd, 4319781.143, 114
Trd, 4319781.593, 77
Trd, 4319783.343, 140
Trd, 4319783.993, 140
Trd, 4319784.493, 140
Trd, 4319786.243, 140
Trd, 4319786.293, 140
Trd, 4319786.843, 140
Trd, 4319787.093, 137
Trd, 4319788.993, 140
Trd, 4319790.393, 140
Trd, 4319790.943, 139
Trd, 4319791.143, 138
Trd, 4319791.993, 140
Trd, 4319792.143, 138
Trd, 4319793.493, 139
Trd, 4319793.893, 113
Trd, 4319794.343, 60
Trd, 4319795.093, 136
Trd, 4319795.643, 71
Trd, 4319796.193, 127
Trd, 4319796.943, 140
Trd, 4319797.193, 108
Trd, 4319797.893, 125
Trd, 4319798.893, 139
Trd, 4319799.993, 140
Trd, 4319801.093, 139
Trd, 4319801.293, 139
Trd, 4319801.993, 140
Trd, 4319802.743, 140
Trd, 4319802.993, 140
Trd, 4319803.793, 139
Trd, 4319804.293, 139
Trd, 4319804.593, 83
Trd, 4319805.043, 134
Trd, 4319805.293, 139
Trd, 4319805.443, 61
Trd, 4319806.643, 135
Trd, 4319806.743, 134
Trd, 4319808.343, 67
Trd, 4319808.593, 68
Trd, 4319809.793, 87
Trd, 4319810.443, 88
Trd, 4319810.793, 131
Trd, 4319811.043, 139
Trd, 4319811.293, 130
Trd, 4319812.343, 140
Trd, 4319812.743, 139
Trd, 4319812.893, 139
Trd, 4319814.093, 63
Trd, 4319815.543, 63
Trd, 4319815.993, 63
Trd, 4319816.093, 65
Trd, 4319816.243, 90
Trd, 4319816.593, 62
Trd, 4319816.743, 86
Trd, 4319817.693, 75
Trd, 4319818.543, 60
Trd, 4319819.193, 129
Trd, 4319819.443, 130
Trd, 4319819.743, 72
Trd, 4319820.493, 60
Trd, 4319821.493, 128
Trd, 4319822.343, 60
Trd, 4319822.493, 60
Trd, 4319823.293, 140
Trd, 4319823.543, 139
Trd, 4319823.993, 61
Trd, 4319824.193, 60
Trd, 4319825.543, 60
Trd, 4319826.393, 60
Trd, 4319826.443, 61
Trd, 4319826.543, 62
Trd, 4319827.643, 66
Trd, 4319828.843, 140
Trd, 4319829.043, 140
Trd, 4319829.143, 140
Trd, 4319829.743, 139
Trd, 4319832.143, 140
Trd, 4319832.293, 136
Trd, 4319832.643, 107
Trd, 4319833.343, 140
Trd, 4319835.343, 140
Trd, 4319835.693, 140
Trd, 4319836.043, 139
Trd, 4319836.893, 140
Trd, 4319837.143, 134
Trd, 4319839.093, 140
Trd, 4319839.293, 108
Trd, 4319840.743, 140
Trd, 4319841.393, 140
Trd, 4319841.443, 140
Trd, 4319842.193, 108
Trd, 4319843.293, 140
Trd, 4319843.343, 140
Trd, 4319844.043, 140
Trd, 4319844.243, 139
Trd, 4319844.993, 121
Trd, 4319846.093, 140
Trd, 4319846.193, 138
Trd, 4319846.493, 138
Trd, 4319846.643, 137
Trd, 4319847.993, 140
Trd, 4319848.643, 140
Trd, 4319849.693, 138
Trd, 4319850.443, 139
Trd, 4319852.543, 140
Trd, 4319853.143, 139
Trd, 4319854.543, 138
Trd, 4319855.293, 140
Trd, 4319855.943, 114
Trd, 4319856.493, 140
Trd, 4319856.893, 140
Trd, 4319857.193, 140
Trd, 4319857.793, 140
Trd, 4319858.093, 140
Trd, 4319858.243, 139
Trd, 4319858.643, 135
Trd, 4319858.993, 127
Trd, 4319859.093, 140
Trd, 4319859.143, 138
Trd, 4319860.143, 140
Trd, 4319862.543, 140
Trd, 4319862.843, 140
Trd, 4319863.243, 135
Trd, 4319863.743, 139
Trd, 4319865.193, 137
Trd, 4319865.493, 137
Trd, 4319866.093, 139
Trd, 4319866.943, 140
Trd, 4319867.593, 136
Trd, 4319868.193, 122
Trd, 4319869.593, 140
Trd, 4319869.893, 140
Trd, 4319870.293, 140
Trd, 4319871.243, 140
Trd, 4319871.993, 132
Trd, 4319872.443, 137
Trd, 4319873.993, 140
Trd, 4319875.193, 140
Trd, 4319876.343, 140
Trd, 4319877.543, 140
Trd, 4319877.893, 140
Trd, 4319878.143, 140
Trd, 4319878.343, 140
Trd, 4319878.543, 140
Trd, 4319879.893, 140
Trd, 4319880.293, 140
Trd, 4319880.343, 140
Trd, 4319881.793, 140
Trd, 4319882.443, 140
Trd, 4319882.993, 140
Trd, 4319883.293, 139
Trd, 4319883.343, 120
Trd, 4319883.693, 140
Trd, 4319884.393, 140
Trd, 4319884.643, 135
Trd, 4319885.943, 140
Trd, 4319886.743, 129
Trd, 4319887.293, 134
Trd, 4319887.593, 129
Trd, 4319888.043, 92
Trd, 4319888.993, 140
Trd, 4319889.193, 140
Trd, 4319889.643, 121
Trd, 4319890.143, 123
Trd, 4319890.593, 66
Trd, 4319890.943, 76
Trd, 4319891.943, 68
Trd, 4319892.693, 69
Trd, 4319893.993, 140
Trd, 4319895.193, 140
Trd, 4319895.293, 140
Trd, 4319896.143, 98
Trd, 4319897.143, 138
Trd, 4319897.843, 136
Trd, 4319898.943, 140
Trd, 4319899.993, 140
Trd, 4319900.193, 106
Trd, 4319901.093, 139
Trd, 4319901.643, 138
Trd, 4319902.543, 139
Trd, 4319904.143, 139
Trd, 4319904.443, 139
Trd, 4319904.493, 79
Trd, 4319905.443, 140
Trd, 4319906.293, 140
Trd, 4319908.543, 140
Trd, 4319909.093, 140
Trd, 4319909.243, 140
Trd, 4319910.243, 138
Trd, 4319910.293, 108
Trd, 4319910.593, 140
Trd, 4319911.393, 140
Trd, 4319911.443, 138
Trd, 4319912.093, 123
Trd, 4319912.493, 132
Trd, 4319913.293, 140
Trd, 4319914.343, 140
Trd, 4319914.693, 140
Trd, 4319915.593, 140
Trd, 4319916.793, 140
Trd, 4319917.293, 130
Trd, 4319917.443, 69
Trd, 4319918.043, 140
Trd, 4319918.793, 139
Trd, 4319920.593, 140
Trd, 4319920.643, 140
Trd, 4319920.693, 140
Trd, 4319921.193, 139
Trd, 4319921.493, 130
Trd, 4319922.393, 139
Trd, 4319922.493, 138
Trd, 4319922.593, 139
Trd, 4319924.693, 140
Trd, 4319925.293, 140
Trd, 4319925.693, 138
Trd, 4319927.243, 140
Trd, 4319927.493, 140
Trd, 4319927.993, 139
Trd, 4319928.693, 140
Trd, 4319929.593, 135
Trd, 4319929.893, 112
Trd, 4319929.943, 103
Trd, 4319931.043, 140
Trd, 4319931.543, 139
Trd, 4319932.643, 140
Trd, 4319932.893, 140
Trd, 4319933.643, 139
Trd, 4319933.743, 125
Trd, 4319934.593, 139
Trd, 4319935.543, 140
Trd, 4319935.993, 140
Trd, 4319936.643, 139
Trd, 4319937.493, 140
Trd, 4319938.793, 140
Trd, 4319939.193, 139
Trd, 4319939.843, 135
Trd, 4319940.043, 126
Trd, 4319941.793, 139
Trd, 4319942.143, 122
Trd, 4319942.893, 140
Trd, 4319943.393, 130
Trd, 4319944.743, 140
Trd, 4319945.193, 140
Trd, 4319945.243, 140
Trd, 4319945.743, 139
Trd, 4319946.393, 139
Trd, 4319947.343, 139
Trd, 4319947.743, 64
Trd, 4319948.293, 60
Trd, 4319948.843, 68
Trd, 4319948.893, 69
Trd, 4319949.793, 140
Trd, 4319950.393, 140
Trd, 4319950.943, 137
Trd, 4319951.693, 140
Trd, 4319953.243, 140
Trd, 4319953.493, 140
Trd, 4319953.693, 140
Trd, 4319955.193, 140
Trd, 4319956.193, 140
Trd, 4319957.393, 140
Trd, 4319957.543, 140
Trd, 4319958.143, 140
Trd, 4319958.943, 140
Trd, 4319959.443, 140
Trd, 4319960.093, 140
Trd, 4319962.193, 140
Trd, 4319962.493, 139
Trd, 4319962.693, 137
Trd, 4319964.143, 140
Trd, 4319964.593, 140
Trd, 4319964.943, 140
Trd, 4319965.893, 140
Trd, 4319966.593, 139
Trd, 4319966.993, 140
Trd, 4319967.593, 121
Trd, 4319968.043, 140
Trd, 4319968.743, 79
Trd, 4319968.943, 78
Trd, 4319969.293, 140
Trd, 4319969.843, 65
Trd, 4319971.093, 140
Trd, 4319971.143, 92
Trd, 4319971.743, 140
Trd, 4319972.493, 62
Trd, 4319972.943, 139
Trd, 4319973.743, 138
Trd, 4319974.393, 60
Trd, 4319975.043, 60
Trd, 4319975.243, 60
Trd, 4319975.393, 62
Trd, 4319976.443, 69
Trd, 4319977.093, 68
Trd, 4319977.543, 61
Trd, 4319978.343, 105
Trd, 4319978.543, 106
Trd, 4319980.293, 60
Trd, 4319980.693, 60
Trd, 4319981.143, 60
Trd, 4319981.193, 67
Trd, 4319982.693, 139
Trd, 4319982.743, 139
Trd, 4319983.993, 140
Trd, 4319984.543, 140
Trd, 4319984.993, 140
Trd, 4319986.993, 140
Trd, 4319987.443, 140
Trd, 4319987.593, 140
Trd, 4319987.793, 140
Trd, 4319988.093, 115
Trd, 4319989.243, 126
Trd, 4319990.293, 138
Trd, 4319992.093, 140
Trd, 4319992.193, 140
Trd, 4319992.693, 138
Trd, 4319993.943, 139
Trd, 4319994.143, 137
Trd, 4319994.393, 137
Trd, 4319995.143, 135
Trd, 4319996.643, 140
Trd, 4319996.843, 138
Trd, 4319997.043, 140
Trd, 4319997.893, 130
Trd, 4319998.343, 63
Trd, 4319999.493, 140
