Trd, 4318173.043, 109
Trd, 4318173.693, 111
Trd, 4318174.393, 140
Trd, 4318174.993, 129
Trd, 4318175.593, 67
Trd, 4318177.093, 140
Trd, 4318177.643, 131
Trd, 4318178.743, 140
Trd, 4318178.993, 128
Trd, 4318179.143, 138
Trd, 4318179.943, 117
Trd, 4318180.443, 75
Trd, 4318180.693, 63
Trd, 4318180.993, 72
Trd, 4318182.143, 140
Trd, 4318182.743, 140
Trd, 4318182.843, 138
Trd, 4318183.343, 125
Trd, 4318183.393, 94
Trd, 4318184.693, 60
Trd, 4318184.843, 81
Trd, 4318185.143, 140
Trd, 4318186.643, 66
Trd, 4318186.993, 61
Trd, 4318188.193, 140
Trd, 4318189.293, 138
Trd, 4318189.793, 130
Trd, 4318191.093, 105
Trd, 4318191.443, 112
Trd, 4318191.593, 100
Trd, 4318193.343, 103
Trd, 4318193.793, 87
Trd, 4318193.893, 124
Trd, 4318194.293, 140
Trd, 4318195.143, 140
Trd, 4318195.193, 126
Trd, 4318196.643, 125
Trd, 4318196.793, 119
Trd, 4318196.893, 79
Trd, 4318197.593, 95
Trd, 4318199.143, 140
Trd, 4318199.593, 137
Trd, 4318200.643, 122
Trd, 4318200.743, 121
Trd, 4318200.943, 115
Trd, 4318201.243, 114
Trd, 4318202.943, 118
Trd, 4318203.043, 100
Trd, 4318203.493, 138
Trd, 4318203.693, 139
Trd, 4318203.993, 92
Trd, 4318204.443, 122
Trd, 4318205.993, 140
Trd, 4318206.093, 140
Trd, 4318206.643, 140
Trd, 4318207.893, 139
Trd, 4318208.043, 137
Trd, 4318208.743, 122
Trd, 4318209.393, 112
Trd, 4318210.343, 140
Trd, 4318210.493, 124
Trd, 4318211.093, 94
Trd, 4318211.343, 82
Trd, 4318211.593, 66
Trd, 4318212.693, 115
Trd, 4318214.893, 140
Trd, 4318215.243, 139
Trd, 4318215.993, 139
Trd, 4318216.493, 140
Trd, 4318216.843, 129
Trd, 4318218.543, 140
Trd, 4318219.493, 138
Trd, 4318219.943, 136
Trd, 4318219.993, 127
Trd, 4318221.593, 135
Trd, 4318222.543, 140
Trd, 4318223.393, 140
Trd, 4318223.643, 140
Trd, 4318223.793, 139
Trd, 4318224.193, 132
Trd, 4318224.693, 125
Trd, 4318224.943, 104
Trd, 4318225.093, 60
Trd, 4318226.543, 61
Trd, 4318226.843, 85
Trd, 4318227.743, 140
Trd, 4318227.793, 139
Trd, 4318228.043, 140
Trd, 4318228.293, 90
Trd, 4318228.743, 60
Trd, 4318229.243, 138
Trd, 4318230.043, 62
Trd, 4318231.343, 77
Trd, 4318232.393, 140
Trd, 4318233.093, 135
Trd, 4318233.493, 110
Trd, 4318233.893, 73
Trd, 4318234.093, 138
Trd, 4318235.443, 104
Trd, 4318235.743, 98
Trd, 4318235.843, 118
Trd, 4318236.593, 87
Trd, 4318239.243, 139
Trd, 4318240.093, 140
Trd, 4318240.343, 137
Trd, 4318240.893, 140
Trd, 4318241.443, 126
Trd, 4318241.643, 118
Trd, 4318242.443, 66
Trd, 4318242.543, 64
Trd, 4318242.993, 77
Trd, 4318243.393, 127
Trd, 4318244.743, 139
Trd, 4318245.393, 128
Trd, 4318245.943, 139
Trd, 4318247.443, 60
Trd, 4318247.643, 63
Trd, 4318249.343, 140
Trd, 4318249.693, 140
Trd, 4318250.493, 139
Trd, 4318250.593, 117
Trd, 4318251.893, 140
Trd, 4318252.443, 140
Trd, 4318252.843, 128
Trd, 4318253.143, 114
Trd, 4318255.193, 140
Trd, 4318256.493, 140
Trd, 4318256.543, 139
Trd, 4318257.143, 105
Trd, 4318257.393, 93
Trd, 4318257.493, 88
Trd, 4318257.593, 123
Trd, 4318258.243, 105
Trd, 4318258.943, 140
Trd, 4318259.293, 99
Trd, 4318260.393, 60
Trd, 4318261.043, 60
Trd, 4318261.193, 68
Trd, 4318261.743, 83
Trd, 4318262.143, 139
Trd, 4318264.593, 61
Trd, 4318264.843, 61
Trd, 4318264.993, 63
Trd, 4318265.243, 83
Trd, 4318265.593, 129
Trd, 4318265.793, 81
Trd, 4318266.643, 83
Trd, 4318266.993, 103
Trd, 4318267.743, 98
Trd, 4318268.793, 140
Trd, 4318269.093, 129
Trd, 4318269.143, 116
Trd, 4318270.993, 67
Trd, 4318271.143, 70
Trd, 4318271.393, 79
Trd, 4318271.843, 89
Trd, 4318272.843, 64
Trd, 4318273.793, 62
Trd, 4318274.443, 62
Trd, 4318274.593, 78
Trd, 4318275.393, 61
Trd, 4318275.893, 121
Trd, 4318276.243, 122
Trd, 4318277.043, 64
Trd, 4318277.193, 132
Trd, 4318278.143, 116
Trd, 4318278.693, 84
Trd, 4318278.743, 67
Trd, 4318280.643, 139
Trd, 4318280.743, 130
Trd, 4318280.943, 106
Trd, 4318282.793, 140
Trd, 4318283.143, 131
Trd, 4318283.593, 140
Trd, 4318283.643, 120
Trd, 4318284.243, 128
Trd, 4318284.693, 79
Trd, 4318285.143, 78
Trd, 4318286.093, 80
Trd, 4318287.493, 84
Trd, 4318287.793, 117
Trd, 4318289.593, 140
Trd, 4318289.943, 138
Trd, 4318290.843, 139
Trd, 4318291.343, 119
Trd, 4318292.043, 115
Trd, 4318292.543, 129
Trd, 4318293.693, 140
Trd, 4318293.843, 139
Trd, 4318294.493, 135
Trd, 4318294.993, 125
Trd, 4318295.493, 61
Trd, 4318296.193, 66
Trd, 4318296.793, 64
Trd, 4318297.393, 61
Trd, 4318298.743, 62
Trd, 4318299.893, 68
Trd, 4318300.943, 62
Trd, 4318301.293, 62
Trd, 4318301.793, 82
Trd, 4318301.943, 101
Trd, 4318302.493, 140
Trd, 4318302.743, 131
Trd, 4318303.193, 97
Trd, 4318304.193, 119
Trd, 4318304.293, 89
Trd, 4318305.043, 62
Trd, 4318306.393, 132
Trd, 4318306.593, 115
Trd, 4318307.193, 138
Trd, 4318308.543, 140
Trd, 4318308.693, 138
Trd, 4318309.543, 140
Trd, 4318310.143, 139
Trd, 4318310.393, 130
Trd, 4318311.393, 136
Trd, 4318312.693, 140
Trd, 4318313.243, 140
Trd, 4318313.693, 126
Trd, 4318313.793, 125
Trd, 4318314.443, 140
Trd, 4318314.643, 127
Trd, 4318315.293, 140
Trd, 4318315.543, 139
Trd, 4318316.543, 135
Trd, 4318317.443, 113
Trd, 4318319.043, 140
Trd, 4318319.943, 140
Trd, 4318320.593, 138
Trd, 4318321.393, 128
Trd, 4318321.793, 120
Trd, 4318322.443, 84
Trd, 4318322.593, 123
Trd, 4318323.343, 140
Trd, 4318323.443, 129
Trd, 4318324.443, 104
Trd, 4318325.543, 139
Trd, 4318326.143, 126
Trd, 4318326.343, 108
Trd, 4318327.293, 140
Trd, 4318328.193, 138
Trd, 4318329.193, 140
Trd, 4318329.443, 126
Trd, 4318330.343, 137
Trd, 4318331.493, 129
Trd, 4318331.743, 116
Trd, 4318331.943, 133
Trd, 4318331.993, 98
Trd, 4318332.393, 139
Trd, 4318333.493, 109
Trd, 4318333.593, 123
Trd, 4318334.493, 139
Trd, 4318335.593, 124
Trd, 4318335.793, 139
Trd, 4318335.943, 122
Trd, 4318336.393, 106
Trd, 4318337.593, 130
Trd, 4318338.093, 140
Trd, 4318338.243, 140
Trd, 4318338.593, 120
Trd, 4318340.443, 139
Trd, 4318341.193, 133
Trd, 4318341.593, 128
Trd, 4318342.693, 140
Trd, 4318343.243, 125
Trd, 4318343.593, 140
Trd, 4318343.793, 69
Trd, 4318343.943, 131
Trd, 4318344.593, 61
Trd, 4318345.893, 62
Trd, 4318346.043, 63
Trd, 4318346.243, 62
Trd, 4318347.143, 140
Trd, 4318347.443, 138
Trd, 4318347.793, 60
Trd, 4318350.993, 60
Trd, 4318351.193, 60
Trd, 4318351.593, 61
Trd, 4318351.643, 60
Trd, 4318352.943, 140
Trd, 4318353.093, 109
Trd, 4318353.643, 95
Trd, 4318354.793, 137
Trd, 4318355.293, 89
Trd, 4318355.993, 138
Trd, 4318356.043, 123
Trd, 4318356.543, 110
Trd, 4318357.043, 122
Trd, 4318358.493, 121
Trd, 4318358.793, 109
Trd, 4318358.993, 105
Trd, 4318359.343, 140
Trd, 4318360.243, 113
Trd, 4318361.443, 81
Trd, 4318362.043, 77
Trd, 4318362.493, 117
Trd, 4318363.193, 140
Trd, 4318363.893, 140
Trd, 4318363.943, 137
Trd, 4318364.193, 116
Trd, 4318365.193, 102
Trd, 4318365.843, 140
Trd, 4318366.393, 82
Trd, 4318366.893, 128
Trd, 4318368.443, 119
Trd, 4318368.943, 122
Trd, 4318369.143, 121
Trd, 4318369.543, 103
Trd, 4318369.693, 70
Trd, 4318370.593, 140
Trd, 4318371.693, 131
Trd, 4318372.093, 122
Trd, 4318372.343, 117
Trd, 4318372.743, 112
Trd, 4318374.143, 139
Trd, 4318374.743, 116
Trd, 4318375.293, 140
Trd, 4318375.493, 131
Trd, 4318376.943, 65
Trd, 4318377.693, 64
Trd, 4318378.393, 62
Trd, 4318379.543, 62
Trd, 4318379.943, 124
Trd, 4318380.893, 89
Trd, 4318381.293, 140
Trd, 4318381.643, 86
Trd, 4318382.143, 81
Trd, 4318382.593, 79
Trd, 4318383.443, 140
Trd, 4318385.293, 128
Trd, 4318386.393, 140
Trd, 4318387.243, 139
Trd, 4318387.293, 128
Trd, 4318387.393, 125
Trd, 4318387.443, 121
Trd, 4318387.943, 70
Trd, 4318388.593, 140
Trd, 4318389.843, 131
Trd, 4318390.093, 105
Trd, 4318391.193, 61
Trd, 4318391.793, 139
Trd, 4318391.943, 125
Trd, 4318392.393, 69
Trd, 4318393.093, 140
Trd, 4318393.893, 127
Trd, 4318394.443, 140
Trd, 4318394.693, 72
Trd, 4318394.843, 85
Trd, 4318395.693, 64
Trd, 4318396.643, 136
Trd, 4318398.293, 140
Trd, 4318398.493, 139
Trd, 4318399.193, 116
Trd, 4318399.743, 129
Trd, 4318399.893, 106
Trd, 4318401.343, 140
Trd, 4318402.543, 140
Trd, 4318402.893, 138
Trd, 4318403.943, 120
Trd, 4318403.993, 119
Trd, 4318404.743, 124
Trd, 4318405.893, 109
Trd, 4318406.343, 119
Trd, 4318406.693, 99
Trd, 4318407.493, 140
Trd, 4318408.193, 115
Trd, 4318408.693, 119
Trd, 4318409.293, 117
Trd, 4318410.843, 139
Trd, 4318411.193, 140
Trd, 4318411.643, 140
Trd, 4318412.293, 130
Trd, 4318412.343, 125
Trd, 4318413.493, 115
Trd, 4318413.793, 139
Trd, 4318414.843, 128
Trd, 4318415.043, 120
Trd, 4318415.593, 133
Trd, 4318416.193, 140
Trd, 4318416.593, 134
Trd, 4318416.643, 132
Trd, 4318417.943, 60
Trd, 4318418.543, 80
Trd, 4318419.743, 124
Trd, 4318419.893, 96
Trd, 4318419.993, 88
Trd, 4318420.193, 75
Trd, 4318420.493, 70
Trd, 4318422.443, 126
Trd, 4318422.543, 118
Trd, 4318423.243, 61
Trd, 4318423.643, 140
Trd, 4318425.193, 138
Trd, 4318425.443, 140
Trd, 4318425.893, 121
Trd, 4318426.543, 117
Trd, 4318426.793, 113
Trd, 4318427.543, 140
Trd, 4318427.593, 98
Trd, 4318428.393, 138
Trd, 4318428.843, 139
Trd, 4318430.643, 121
Trd, 4318431.243, 115
Trd, 4318431.343, 109
Trd, 4318432.943, 139
Trd, 4318433.393, 138
Trd, 4318433.993, 131
Trd, 4318434.643, 127
Trd, 4318434.893, 140
Trd, 4318435.143, 138
Trd, 4318435.443, 102
Trd, 4318435.993, 140
Trd, 4318436.493, 115
Trd, 4318436.593, 82
Trd, 4318436.943, 132
Trd, 4318437.893, 140
Trd, 4318438.843, 67
Trd, 4318439.743, 61
Trd, 4318440.443, 140
Trd, 4318440.793, 140
Trd, 4318442.593, 139
Trd, 4318443.443, 129
Trd, 4318443.693, 119
Trd, 4318443.993, 136
Trd, 4318444.393, 106
Trd, 4318444.693, 105
Trd, 4318445.493, 81
Trd, 4318447.243, 65
Trd, 4318447.993, 102
Trd, 4318448.443, 140
Trd, 4318448.693, 86
Trd, 4318449.143, 109
Trd, 4318449.443, 139
Trd, 4318449.743, 136
Trd, 4318450.293, 135
Trd, 4318452.393, 90
Trd, 4318452.843, 111
Trd, 4318454.543, 61
Trd, 4318454.693, 64
Trd, 4318454.843, 102
Trd, 4318455.293, 70
Trd, 4318455.743, 140
Trd, 4318456.393, 82
Trd, 4318457.593, 84
Trd, 4318457.743, 77
Trd, 4318457.843, 75
Trd, 4318458.593, 140
Trd, 4318459.893, 128
Trd, 4318459.943, 118
Trd, 4318461.193, 140
Trd, 4318461.543, 135
Trd, 4318462.243, 117
Trd, 4318462.543, 97
Trd, 4318463.393, 60
Trd, 4318464.893, 140
Trd, 4318465.143, 108
Trd, 4318465.393, 106
Trd, 4318465.593, 136
Trd, 4318466.793, 140
Trd, 4318467.043, 139
Trd, 4318467.843, 101
Trd, 4318467.993, 95
Trd, 4318468.093, 81
Trd, 4318470.293, 137
Trd, 4318470.393, 128
Trd, 4318471.593, 120
Trd, 4318472.793, 140
Trd, 4318473.643, 139
Trd, 4318474.393, 115
Trd, 4318474.443, 108
Trd, 4318475.043, 129
Trd, 4318475.993, 129
Trd, 4318476.043, 106
Trd, 4318476.143, 99
Trd, 4318477.193, 139
Trd, 4318477.343, 138
Trd, 4318479.093, 140
Trd, 4318479.393, 82
Trd, 4318479.443, 80
Trd, 4318480.293, 120
Trd, 4318480.393, 112
Trd, 4318481.593, 139
Trd, 4318482.093, 130
Trd, 4318483.343, 138
Trd, 4318483.593, 74
Trd, 4318485.343, 63
Trd, 4318485.993, 61
Trd, 4318486.143, 72
Trd, 4318486.893, 127
Trd, 4318487.693, 104
Trd, 4318488.443, 134
Trd, 4318488.943, 140
Trd, 4318489.843, 140
Trd, 4318491.543, 123
Trd, 4318492.093, 83
Trd, 4318492.143, 72
Trd, 4318492.893, 70
Trd, 4318493.493, 102
Trd, 4318493.693, 90
Trd, 4318494.193, 64
Trd, 4318494.943, 138
Trd, 4318495.193, 108
Trd, 4318496.243, 140
Trd, 4318496.743, 139
Trd, 4318496.943, 126
Trd, 4318498.443, 66
Trd, 4318498.643, 100
Trd, 4318499.343, 64
Trd, 4318499.393, 61
Trd, 4318499.743, 84
Trd, 4318499.893, 64
Trd, 4318500.743, 89
Trd, 4318502.643, 139
Trd, 4318503.193, 140
Trd, 4318504.043, 115
Trd, 4318504.593, 130
Trd, 4318504.643, 102
Trd, 4318505.293, 116
Trd, 4318506.143, 64
Trd, 4318506.943, 67
Trd, 4318509.493, 119
Trd, 4318509.993, 140
Trd, 4318510.043, 130
Trd, 4318510.793, 134
Trd, 4318511.093, 140
Trd, 4318511.143, 124
Trd, 4318511.343, 123
Trd, 4318511.943, 138
Trd, 4318512.243, 112
Trd, 4318512.793, 89
Trd, 4318512.943, 61
Trd, 4318513.843, 136
Trd, 4318514.793, 65
Trd, 4318515.943, 61
Trd, 4318516.393, 68
Trd, 4318517.043, 69
Trd, 4318517.693, 140
Trd, 4318518.393, 112
Trd, 4318518.693, 140
Trd, 4318519.443, 65
Trd, 4318519.943, 76
Trd, 4318521.643, 74
Trd, 4318521.893, 101
Trd, 4318521.993, 140
Trd, 4318523.043, 60
Trd, 4318524.693, 60
Trd, 4318524.743, 62
Trd, 4318525.043, 65
Trd, 4318525.943, 139
Trd, 4318526.193, 139
Trd, 4318528.443, 131
Trd, 4318528.493, 126
Trd, 4318528.993, 139
Trd, 4318529.293, 140
Trd, 4318530.843, 137
Trd, 4318530.943, 130
Trd, 4318531.743, 60
Trd, 4318531.993, 70
Trd, 4318532.343, 60
Trd, 4318533.643, 100
Trd, 4318534.193, 138
Trd, 4318534.243, 100
Trd, 4318535.543, 129
Trd, 4318536.243, 140
Trd, 4318537.043, 112
Trd, 4318537.443, 140
Trd, 4318537.543, 89
Trd, 4318538.493, 128
Trd, 4318538.643, 130
Trd, 4318539.093, 140
Trd, 4318539.643, 97
Trd, 4318541.743, 140
Trd, 4318542.293, 139
Trd, 4318542.343, 105
Trd, 4318542.743, 119
Trd, 4318543.993, 135
Trd, 4318544.043, 127
Trd, 4318544.343, 122
Trd, 4318544.793, 134
Trd, 4318544.893, 63
Trd, 4318545.843, 139
Trd, 4318546.393, 139
Trd, 4318546.943, 140
Trd, 4318547.643, 130
Trd, 4318547.743, 129
Trd, 4318548.343, 109
Trd, 4318549.443, 123
Trd, 4318549.993, 99
Trd, 4318550.393, 90
Trd, 4318551.393, 139
Trd, 4318551.693, 140
Trd, 4318552.243, 81
Trd, 4318552.993, 102
Trd, 4318553.743, 66
Trd, 4318554.593, 61
Trd, 4318555.693, 63
Trd, 4318556.343, 95
Trd, 4318556.393, 95
Trd, 4318557.093, 124
Trd, 4318557.193, 73
Trd, 4318557.993, 138
Trd, 4318559.243, 139
Trd, 4318559.993, 61
Trd, 4318560.143, 67
Trd, 4318561.143, 130
Trd, 4318561.243, 129
Trd, 4318562.043, 127
Trd, 4318562.193, 114
Trd, 4318562.943, 104
Trd, 4318563.793, 62
Trd, 4318564.843, 64
Trd, 4318565.643, 97
Trd, 4318565.743, 85
Trd, 4318566.293, 63
Trd, 4318566.393, 66
Trd, 4318567.443, 61
Trd, 4318568.243, 140
Trd, 4318568.493, 61
Trd, 4318569.393, 61
Trd, 4318569.543, 63
Trd, 4318570.493, 140
Trd, 4318570.843, 67
Trd, 4318571.343, 139
Trd, 4318572.893, 76
Trd, 4318573.093, 108
Trd, 4318573.343, 109
Trd, 4318573.793, 107
Trd, 4318574.293, 90
Trd, 4318576.493, 61
Trd, 4318576.793, 60
Trd, 4318578.093, 61
Trd, 4318578.943, 76
Trd, 4318579.343, 107
Trd, 4318579.693, 123
Trd, 4318580.493, 105
Trd, 4318581.143, 97
Trd, 4318581.243, 108
Trd, 4318581.693, 126
Trd, 4318581.793, 123
Trd, 4318581.843, 93
Trd, 4318582.443, 139
Trd, 4318582.943, 134
Trd, 4318583.743, 137
Trd, 4318585.293, 140
Trd, 4318585.443, 131
Trd, 4318586.993, 137
Trd, 4318587.243, 139
Trd, 4318588.243, 140
Trd, 4318588.793, 140
Trd, 4318589.643, 139
Trd, 4318590.493, 140
Trd, 4318591.043, 116
Trd, 4318591.893, 122
Trd, 4318592.193, 136
Trd, 4318592.543, 114
Trd, 4318593.293, 140
Trd, 4318593.793, 126
Trd, 4318595.293, 140
Trd, 4318595.443, 135
Trd, 4318595.593, 131
Trd, 4318595.693, 130
Trd, 4318595.893, 128
Trd, 4318597.543, 129
Trd, 4318598.343, 109
Trd, 4318599.293, 140
Trd, 4318599.543, 103
Trd, 4318600.243, 137
Trd, 4318601.343, 125
Trd, 4318601.393, 89
Trd, 4318603.193, 95
Trd, 4318604.693, 140
Trd, 4318606.393, 140
Trd, 4318607.043, 140
Trd, 4318607.643, 129
Trd, 4318608.143, 116
Trd, 4318608.593, 114
Trd, 4318608.943, 125
Trd, 4318608.993, 117
Trd, 4318609.643, 139
Trd, 4318610.043, 122
Trd, 4318610.093, 132
Trd, 4318611.893, 140
Trd, 4318613.393, 140
Trd, 4318613.693, 103
Trd, 4318614.893, 140
Trd, 4318615.243, 117
Trd, 4318615.993, 112
Trd, 4318616.693, 129
Trd, 4318618.293, 96
Trd, 4318618.693, 139
Trd, 4318619.193, 88
Trd, 4318619.393, 86
Trd, 4318619.943, 140
Trd, 4318620.493, 137
Trd, 4318620.543, 134
Trd, 4318620.893, 128
Trd, 4318621.643, 139
Trd, 4318621.793, 120
Trd, 4318622.093, 95
Trd, 4318622.593, 66
Trd, 4318623.143, 96
Trd, 4318624.793, 140
Trd, 4318625.193, 64
Trd, 4318626.343, 74
Trd, 4318626.793, 62
Trd, 4318627.543, 80
Trd, 4318628.893, 97
Trd, 4318630.693, 140
Trd, 4318630.793, 140
Trd, 4318631.143, 140
Trd, 4318631.593, 125
Trd, 4318632.143, 113
Trd, 4318632.293, 106
Trd, 4318633.243, 140
Trd, 4318633.293, 117
Trd, 4318633.793, 99
Trd, 4318633.893, 125
Trd, 4318634.293, 123
Trd, 4318635.093, 79
Trd, 4318636.543, 140
Trd, 4318636.943, 133
Trd, 4318637.893, 122
Trd, 4318638.143, 105
Trd, 4318638.893, 139
Trd, 4318640.143, 105
Trd, 4318640.693, 95
Trd, 4318641.143, 61
Trd, 4318641.643, 67
Trd, 4318642.493, 62
Trd, 4318642.543, 63
Trd, 4318642.743, 95
Trd, 4318643.643, 62
Trd, 4318645.543, 140
Trd, 4318645.593, 140
Trd, 4318646.043, 138
Trd, 4318646.843, 121
Trd, 4318647.293, 71
Trd, 4318647.543, 65
Trd, 4318647.593, 60
Trd, 4318649.143, 100
Trd, 4318649.293, 94
Trd, 4318649.893, 94
Trd, 4318650.443, 125
Trd, 4318650.793, 92
Trd, 4318650.843, 110
Trd, 4318651.393, 64
Trd, 4318654.093, 69
Trd, 4318654.193, 78
Trd, 4318654.243, 67
Trd, 4318654.393, 78
Trd, 4318654.893, 140
Trd, 4318655.843, 110
Trd, 4318657.243, 132
Trd, 4318657.543, 81
Trd, 4318658.143, 97
Trd, 4318658.643, 139
Trd, 4318659.543, 88
Trd, 4318659.793, 113
Trd, 4318659.843, 85
Trd, 4318660.893, 140
Trd, 4318661.593, 136
Trd, 4318661.643, 125
Trd, 4318661.893, 89
Trd, 4318663.043, 140
Trd, 4318663.143, 139
Trd, 4318664.443, 140
Trd, 4318664.693, 140
Trd, 4318665.543, 127
Trd, 4318666.743, 140
Trd, 4318666.893, 139
Trd, 4318667.093, 130
Trd, 4318667.393, 93
Trd, 4318668.393, 138
Trd, 4318668.993, 129
Trd, 4318669.143, 126
Trd, 4318669.793, 116
Trd, 4318670.243, 119
Trd, 4318670.693, 111
Trd, 4318671.393, 96
Trd, 4318672.293, 63
Trd, 4318674.043, 71
Trd, 4318674.143, 72
Trd, 4318674.543, 69
Trd, 4318674.943, 93
Trd, 4318676.243, 137
Trd, 4318676.793, 140
Trd, 4318676.943, 136
Trd, 4318678.543, 140
Trd, 4318679.143, 126
Trd, 4318679.443, 111
Trd, 4318679.843, 137
Trd, 4318680.343, 128
Trd, 4318680.693, 120
Trd, 4318680.793, 109
Trd, 4318681.293, 89
Trd, 4318682.343, 140
Trd, 4318683.243, 140
Trd, 4318683.293, 137
Trd, 4318683.343, 133
Trd, 4318683.893, 124
Trd, 4318685.643, 87
Trd, 4318685.893, 140
Trd, 4318686.593, 134
Trd, 4318686.843, 87
Trd, 4318687.543, 119
Trd, 4318688.343, 139
Trd, 4318688.893, 136
Trd, 4318689.893, 126
Trd, 4318691.443, 135
Trd, 4318692.543, 100
Trd, 4318693.493, 140
Trd, 4318693.543, 139
Trd, 4318694.393, 140
Trd, 4318694.543, 133
Trd, 4318695.043, 139
Trd, 4318695.143, 130
Trd, 4318695.943, 115
Trd, 4318696.893, 140
Trd, 4318697.043, 137
Trd, 4318697.893, 101
Trd, 4318698.493, 140
Trd, 4318699.093, 130
Trd, 4318699.143, 92
Trd, 4318699.543, 85
Trd, 4318700.993, 67
Trd, 4318701.293, 63
Trd, 4318702.043, 60
Trd, 4318702.343, 62
Trd, 4318703.043, 91
Trd, 4318703.693, 63
Trd, 4318704.343, 137
Trd, 4318705.343, 137
Trd, 4318706.043, 131
Trd, 4318706.243, 132
Trd, 4318706.393, 119
Trd, 4318707.093, 98
Trd, 4318708.343, 81
Trd, 4318708.893, 91
Trd, 4318709.593, 140
Trd, 4318710.093, 61
Trd, 4318711.193, 140
Trd, 4318711.493, 140
Trd, 4318712.643, 140
Trd, 4318712.893, 95
Trd, 4318713.443, 67
Trd, 4318714.393, 138
Trd, 4318715.743, 140
Trd, 4318716.093, 140
Trd, 4318716.343, 125
Trd, 4318717.243, 138
Trd, 4318717.393, 134
Trd, 4318717.593, 117
Trd, 4318718.643, 140
Trd, 4318719.043, 138
Trd, 4318719.643, 118
Trd, 4318720.093, 70
Trd, 4318720.893, 79
Trd, 4318721.093, 140
Trd, 4318721.993, 132
Trd, 4318722.693, 109
Trd, 4318722.943, 102
Trd, 4318724.843, 139
Trd, 4318725.293, 138
Trd, 4318725.443, 135
Trd, 4318725.843, 127
Trd, 4318726.693, 130
Trd, 4318727.543, 140
Trd, 4318728.143, 140
Trd, 4318729.793, 140
Trd, 4318730.043, 130
Trd, 4318730.393, 138
Trd, 4318730.543, 117
Trd, 4318731.143, 107
Trd, 4318733.143, 107
Trd, 4318733.493, 132
Trd, 4318734.293, 140
Trd, 4318734.593, 140
Trd, 4318734.693, 130
Trd, 4318735.693, 139
Trd, 4318736.143, 133
Trd, 4318737.043, 110
Trd, 4318737.093, 84
Trd, 4318738.343, 61
Trd, 4318739.593, 62
Trd, 4318740.193, 77
Trd, 4318741.593, 140
Trd, 4318741.643, 140
Trd, 4318741.993, 140
Trd, 4318742.543, 140
Trd, 4318742.893, 140
Trd, 4318744.193, 140
Trd, 4318744.393, 94
Trd, 4318745.343, 138
Trd, 4318745.393, 129
Trd, 4318745.943, 125
Trd, 4318746.593, 129
Trd, 4318747.143, 122
Trd, 4318747.793, 139
Trd, 4318749.193, 140
Trd, 4318750.493, 137
Trd, 4318750.943, 128
Trd, 4318751.043, 126
Trd, 4318751.343, 136
Trd, 4318751.643, 140
Trd, 4318753.493, 138
Trd, 4318754.693, 140
Trd, 4318755.143, 140
Trd, 4318755.193, 139
Trd, 4318755.593, 74
Trd, 4318755.693, 100
Trd, 4318756.493, 139
Trd, 4318757.093, 137
Trd, 4318757.493, 123
Trd, 4318757.543, 112
Trd, 4318757.943, 69
Trd, 4318759.343, 71
Trd, 4318761.443, 68
Trd, 4318761.543, 84
Trd, 4318762.093, 60
Trd, 4318762.943, 65
Trd, 4318763.793, 60
Trd, 4318763.943, 81
Trd, 4318764.193, 132
Trd, 4318764.743, 70
Trd, 4318765.643, 62
Trd, 4318765.693, 67
Trd, 4318765.893, 77
Trd, 4318767.943, 139
Trd, 4318768.093, 138
Trd, 4318768.393, 120
Trd, 4318768.493, 83
Trd, 4318769.593, 135
Trd, 4318770.143, 86
Trd, 4318770.593, 96
Trd, 4318770.793, 74
Trd, 4318771.393, 139
Trd, 4318773.793, 140
Trd, 4318774.443, 140
Trd, 4318775.043, 137
Trd, 4318775.543, 128
Trd, 4318776.043, 123
Trd, 4318776.293, 137
Trd, 4318776.593, 67
Trd, 4318776.943, 113
Trd, 4318777.743, 62
Trd, 4318777.993, 64
Trd, 4318778.693, 65
Trd, 4318779.493, 139
Trd, 4318779.843, 64
Trd, 4318780.093, 90
Trd, 4318781.043, 72
Trd, 4318781.743, 71
Trd, 4318783.543, 61
Trd, 4318785.693, 61
Trd, 4318785.843, 62
Trd, 4318785.943, 64
Trd, 4318785.993, 115
Trd, 4318786.293, 62
Trd, 4318788.393, 139
Trd, 4318789.393, 140
Trd, 4318789.643, 140
Trd, 4318789.693, 139
Trd, 4318790.743, 130
Trd, 4318791.093, 110
Trd, 4318791.143, 93
Trd, 4318792.293, 60
Trd, 4318793.293, 140
Trd, 4318793.443, 139
Trd, 4318794.143, 135
Trd, 4318794.193, 123
Trd, 4318795.693, 96
Trd, 4318795.793, 121
Trd, 4318795.993, 94
Trd, 4318796.143, 110
Trd, 4318797.693, 140
Trd, 4318798.493, 138
Trd, 4318798.543, 95
Trd, 4318799.643, 139
Trd, 4318799.993, 94
Trd, 4318800.793, 106
Trd, 4318801.043, 103
Trd, 4318801.693, 137
Trd, 4318802.243, 139
Trd, 4318802.743, 140
Trd, 4318803.093, 119
Trd, 4318803.243, 117
Trd, 4318804.593, 62
Trd, 4318805.943, 62
Trd, 4318806.293, 136
Trd, 4318806.443, 138
Trd, 4318807.193, 121
Trd, 4318807.693, 111
Trd, 4318807.843, 81
Trd, 4318810.193, 111
Trd, 4318810.543, 128
Trd, 4318811.643, 140
Trd, 4318811.793, 140
Trd, 4318811.943, 130
Trd, 4318812.543, 140
Trd, 4318813.093, 139
Trd, 4318813.943, 140
Trd, 4318814.293, 140
Trd, 4318814.793, 139
Trd, 4318814.893, 137
Trd, 4318815.743, 117
Trd, 4318816.593, 60
Trd, 4318817.343, 128
Trd, 4318817.843, 62
Trd, 4318818.293, 76
Trd, 4318820.743, 140
Trd, 4318821.593, 140
Trd, 4318821.743, 140
Trd, 4318821.843, 139
Trd, 4318822.643, 126
Trd, 4318822.893, 133
Trd, 4318823.593, 129
Trd, 4318823.843, 114
Trd, 4318824.043, 94
Trd, 4318824.793, 70
Trd, 4318825.143, 70
Trd, 4318826.093, 60
Trd, 4318826.743, 65
Trd, 4318827.143, 74
Trd, 4318828.093, 62
Trd, 4318828.243, 70
Trd, 4318828.743, 106
Trd, 4318829.543, 96
Trd, 4318831.193, 61
Trd, 4318832.043, 64
Trd, 4318833.143, 66
Trd, 4318833.643, 63
Trd, 4318835.093, 62
Trd, 4318835.593, 64
Trd, 4318835.643, 66
Trd, 4318836.593, 61
Trd, 4318837.293, 60
Trd, 4318838.343, 61
Trd, 4318838.943, 62
Trd, 4318839.043, 92
Trd, 4318839.843, 61
Trd, 4318841.293, 61
Trd, 4318841.743, 60
Trd, 4318841.793, 64
Trd, 4318843.193, 66
Trd, 4318843.343, 72
Trd, 4318844.043, 60
Trd, 4318844.993, 69
Trd, 4318845.593, 132
Trd, 4318845.793, 139
Trd, 4318845.943, 128
Trd, 4318846.743, 140
Trd, 4318849.493, 140
Trd, 4318849.593, 137
Trd, 4318849.793, 128
Trd, 4318851.093, 115
Trd, 4318851.243, 110
Trd, 4318851.993, 140
Trd, 4318852.843, 140
Trd, 4318853.093, 134
Trd, 4318853.743, 139
Trd, 4318854.043, 127
Trd, 4318854.143, 67
Trd, 4318856.093, 139
Trd, 4318856.243, 124
Trd, 4318856.443, 107
Trd, 4318857.393, 96
Trd, 4318857.943, 92
Trd, 4318858.893, 139
Trd, 4318859.643, 140
Trd, 4318860.593, 140
Trd, 4318861.243, 138
Trd, 4318861.993, 138
Trd, 4318862.243, 126
Trd, 4318862.743, 114
Trd, 4318863.343, 128
Trd, 4318863.443, 83
Trd, 4318863.993, 82
Trd, 4318864.243, 140
Trd, 4318864.493, 118
Trd, 4318864.993, 68
Trd, 4318866.393, 68
Trd, 4318866.943, 122
Trd, 4318867.393, 63
Trd, 4318868.343, 66
Trd, 4318869.493, 71
Trd, 4318869.693, 139
Trd, 4318870.343, 128
Trd, 4318870.743, 105
Trd, 4318871.743, 122
Trd, 4318872.693, 140
Trd, 4318873.043, 140
Trd, 4318873.243, 130
Trd, 4318875.093, 140
Trd, 4318875.593, 136
Trd, 4318877.143, 139
Trd, 4318877.543, 140
Trd, 4318877.693, 130
Trd, 4318877.743, 125
Trd, 4318877.993, 140
Trd, 4318878.193, 137
Trd, 4318878.443, 136
Trd, 4318878.743, 140
Trd, 4318879.493, 61
Trd, 4318879.943, 61
Trd, 4318882.193, 66
Trd, 4318882.393, 108
Trd, 4318883.243, 60
Trd, 4318883.843, 64
Trd, 4318885.493, 73
Trd, 4318886.143, 76
Trd, 4318886.593, 103
Trd, 4318887.343, 73
Trd, 4318887.543, 69
Trd, 4318887.743, 61
Trd, 4318888.593, 137
Trd, 4318888.943, 95
Trd, 4318889.143, 94
Trd, 4318890.293, 94
Trd, 4318890.493, 139
Trd, 4318891.193, 86
Trd, 4318891.993, 138
Trd, 4318892.143, 74
Trd, 4318892.893, 68
Trd, 4318894.743, 106
Trd, 4318895.293, 129
Trd, 4318896.143, 122
Trd, 4318896.593, 119
Trd, 4318897.143, 106
Trd, 4318897.493, 99
Trd, 4318898.043, 139
Trd, 4318898.943, 89
Trd, 4318899.143, 60
Trd, 4318899.243, 96
Trd, 4318902.043, 140
Trd, 4318902.743, 140
Trd, 4318902.943, 139
Trd, 4318903.243, 125
Trd, 4318903.643, 138
Trd, 4318904.043, 126
Trd, 4318905.643, 140
Trd, 4318905.943, 140
Trd, 4318905.993, 122
Trd, 4318906.943, 123
Trd, 4318907.043, 122
Trd, 4318907.643, 140
Trd, 4318907.893, 126
Trd, 4318908.493, 117
Trd, 4318908.543, 85
Trd, 4318909.793, 139
Trd, 4318910.193, 138
Trd, 4318910.893, 137
Trd, 4318911.593, 133
Trd, 4318911.993, 132
Trd, 4318912.543, 140
Trd, 4318912.993, 140
Trd, 4318913.743, 63
Trd, 4318914.543, 68
Trd, 4318915.093, 65
Trd, 4318916.293, 140
Trd, 4318917.243, 140
Trd, 4318918.443, 130
Trd, 4318918.593, 127
Trd, 4318919.043, 117
Trd, 4318919.443, 127
Trd, 4318919.993, 139
Trd, 4318920.293, 127
Trd, 4318920.693, 129
Trd, 4318922.893, 60
Trd, 4318923.293, 131
Trd, 4318923.743, 110
Trd, 4318924.243, 140
Trd, 4318924.343, 94
Trd, 4318925.243, 62
Trd, 4318925.543, 61
Trd, 4318925.993, 74
Trd, 4318926.543, 65
Trd, 4318927.343, 65
Trd, 4318927.993, 115
Trd, 4318931.243, 63
Trd, 4318931.493, 66
Trd, 4318931.893, 119
Trd, 4318932.243, 78
Trd, 4318932.393, 101
Trd, 4318932.693, 99
Trd, 4318933.393, 64
Trd, 4318933.993, 61
Trd, 4318934.643, 64
Trd, 4318936.393, 79
Trd, 4318936.493, 136
Trd, 4318936.693, 64
Trd, 4318937.643, 68
Trd, 4318939.243, 103
Trd, 4318939.643, 114
Trd, 4318939.743, 84
Trd, 4318939.993, 74
Trd, 4318941.493, 136
Trd, 4318941.993, 140
Trd, 4318942.693, 140
Trd, 4318944.193, 138
Trd, 4318944.293, 130
Trd, 4318944.993, 140
Trd, 4318946.143, 137
Trd, 4318946.543, 140
Trd, 4318947.943, 139
Trd, 4318948.293, 136
Trd, 4318948.493, 131
Trd, 4318948.693, 126
Trd, 4318949.593, 140
Trd, 4318950.443, 117
Trd, 4318950.543, 139
Trd, 4318951.993, 112
Trd, 4318952.293, 105
Trd, 4318952.793, 138
Trd, 4318953.293, 90
Trd, 4318954.143, 140
Trd, 4318954.643, 118
Trd, 4318955.843, 140
Trd, 4318956.043, 139
Trd, 4318956.593, 139
Trd, 4318957.443, 140
Trd, 4318957.643, 131
Trd, 4318958.193, 140
Trd, 4318959.543, 98
Trd, 4318959.643, 95
Trd, 4318961.443, 124
Trd, 4318961.993, 140
Trd, 4318962.093, 101
Trd, 4318962.593, 60
Trd, 4318964.193, 61
Trd, 4318964.493, 90
Trd, 4318964.993, 93
Trd, 4318965.143, 140
Trd, 4318965.243, 91
Trd, 4318966.643, 64
Trd, 4318968.143, 75
Trd, 4318968.793, 60
Trd, 4318970.093, 62
Trd, 4318970.893, 63
Trd, 4318971.393, 64
Trd, 4318971.743, 140
Trd, 4318973.443, 104
Trd, 4318973.793, 140
Trd, 4318973.943, 102
Trd, 4318974.693, 92
Trd, 4318974.993, 137
Trd, 4318976.043, 108
Trd, 4318976.493, 115
Trd, 4318976.693, 98
Trd, 4318978.043, 95
Trd, 4318978.943, 140
Trd, 4318979.043, 139
Trd, 4318980.043, 139
Trd, 4318980.093, 100
Trd, 4318980.843, 119
Trd, 4318981.543, 87
Trd, 4318982.343, 86
Trd, 4318982.493, 139
Trd, 4318983.393, 140
Trd, 4318983.893, 121
Trd, 4318985.043, 62
Trd, 4318985.643, 72
Trd, 4318986.843, 64
Trd, 4318987.343, 61
Trd, 4318987.693, 97
Trd, 4318988.343, 61
Trd, 4318988.593, 135
Trd, 4318989.293, 100
Trd, 4318989.793, 126
Trd, 4318990.243, 109
Trd, 4318991.193, 92
Trd, 4318991.743, 62
Trd, 4318993.293, 63
Trd, 4318993.393, 63
Trd, 4318995.093, 70
Trd, 4318995.593, 61
Trd, 4318995.993, 91
Trd, 4318996.343, 66
Trd, 4318997.193, 109
Trd, 4318998.243, 87
Trd, 4318999.043, 89
Trd, 4318999.743, 120
Trd, 4319000.293, 80
Trd, 4319000.643, 138
Trd, 4319001.343, 137
Trd, 4319001.993, 140
Trd, 4319002.093, 125
Trd, 4319002.343, 83
Trd, 4319004.443, 140
Trd, 4319004.943, 140
Trd, 4319005.643, 140
Trd, 4319006.043, 137
Trd, 4319006.993, 123
Trd, 4319007.193, 117
Trd, 4319007.793, 76
Trd, 4319008.143, 119
Trd, 4319008.893, 110
Trd, 4319009.043, 75
Trd, 4319009.643, 126
Trd, 4319010.343, 60
Trd, 4319011.093, 60
Trd, 4319011.843, 123
Trd, 4319012.343, 136
Trd, 4319012.593, 128
Trd, 4319013.543, 65
Trd, 4319014.143, 61
Trd, 4319014.293, 94
Trd, 4319015.843, 64
Trd, 4319016.443, 138
Trd, 4319016.843, 140
Trd, 4319017.543, 132
Trd, 4319018.393, 75
Trd, 4319019.543, 63
Trd, 4319020.793, 62
Trd, 4319021.343, 124
Trd, 4319021.443, 116
Trd, 4319022.343, 60
Trd, 4319022.393, 88
Trd, 4319023.143, 140
Trd, 4319023.593, 139
Trd, 4319024.893, 139
Trd, 4319025.593, 109
Trd, 4319026.343, 91
Trd, 4319026.393, 74
Trd, 4319027.593, 140
Trd, 4319027.693, 130
Trd, 4319028.893, 92
Trd, 4319029.843, 135
Trd, 4319030.443, 69
Trd, 4319030.493, 109
Trd, 4319030.843, 61
Trd, 4319031.493, 111
Trd, 4319032.543, 110
Trd, 4319032.843, 109
Trd, 4319034.143, 139
Trd, 4319035.793, 86
Trd, 4319036.093, 87
Trd, 4319036.393, 86
Trd, 4319036.793, 67
Trd, 4319037.193, 128
Trd, 4319037.893, 140
Trd, 4319038.643, 60
Trd, 4319039.643, 62
Trd, 4319039.793, 65
Trd, 4319040.643, 64
Trd, 4319041.743, 96
Trd, 4319042.143, 80
Trd, 4319042.793, 74
Trd, 4319043.543, 107
Trd, 4319044.793, 103
Trd, 4319045.193, 102
Trd, 4319045.793, 104
Trd, 4319046.193, 81
Trd, 4319046.943, 83
Trd, 4319047.093, 74
Trd, 4319047.993, 140
Trd, 4319048.093, 120
Trd, 4319048.243, 138
Trd, 4319049.293, 70
Trd, 4319051.243, 129
Trd, 4319051.743, 137
Trd, 4319051.993, 112
Trd, 4319052.093, 116
Trd, 4319052.343, 85
Trd, 4319053.243, 64
Trd, 4319053.743, 82
Trd, 4319054.293, 60
Trd, 4319055.293, 140
Trd, 4319055.693, 140
Trd, 4319056.693, 139
Trd, 4319056.793, 130
Trd, 4319056.943, 140
Trd, 4319057.543, 139
Trd, 4319058.293, 140
Trd, 4319059.393, 140
Trd, 4319059.493, 140
Trd, 4319059.543, 140
Trd, 4319059.593, 130
Trd, 4319061.343, 129
Trd, 4319061.793, 135
Trd, 4319061.893, 116
Trd, 4319063.393, 139
Trd, 4319063.743, 97
Trd, 4319063.943, 87
Trd, 4319064.843, 84
Trd, 4319066.393, 125
Trd, 4319066.493, 109
Trd, 4319066.793, 104
Trd, 4319067.143, 140
Trd, 4319068.243, 138
Trd, 4319068.343, 129
Trd, 4319069.243, 106
Trd, 4319070.043, 139
Trd, 4319070.193, 110
Trd, 4319070.793, 101
Trd, 4319071.393, 139
Trd, 4319071.593, 125
Trd, 4319072.843, 140
Trd, 4319074.193, 140
Trd, 4319074.393, 125
Trd, 4319074.993, 138
Trd, 4319075.493, 111
Trd, 4319076.443, 138
Trd, 4319076.843, 67
Trd, 4319077.343, 70
Trd, 4319078.143, 60
Trd, 4319078.393, 117
Trd, 4319078.543, 62
Trd, 4319079.043, 136
Trd, 4319079.393, 90
Trd, 4319081.693, 60
Trd, 4319081.943, 94
Trd, 4319083.293, 61
Trd, 4319083.493, 63
Trd, 4319084.493, 64
Trd, 4319085.093, 140
Trd, 4319085.643, 136
Trd, 4319086.043, 98
Trd, 4319086.543, 95
Trd, 4319086.643, 92
Trd, 4319086.743, 140
Trd, 4319087.193, 108
Trd, 4319088.893, 126
Trd, 4319089.493, 107
Trd, 4319090.243, 139
Trd, 4319090.293, 139
Trd, 4319090.493, 130
Trd, 4319090.843, 68
Trd, 4319093.093, 64
Trd, 4319093.493, 116
Trd, 4319093.543, 63
Trd, 4319093.993, 108
Trd, 4319095.043, 140
Trd, 4319096.443, 140
Trd, 4319097.143, 140
Trd, 4319097.393, 139
Trd, 4319097.643, 135
Trd, 4319097.743, 130
Trd, 4319097.943, 94
Trd, 4319098.743, 136
Trd, 4319101.493, 139
Trd, 4319102.193, 140
Trd, 4319102.593, 140
Trd, 4319103.843, 140
Trd, 4319103.993, 130
Trd, 4319104.493, 140
Trd, 4319105.193, 127
Trd, 4319105.343, 115
Trd, 4319105.993, 140
Trd, 4319106.243, 111
Trd, 4319107.043, 130
Trd, 4319107.293, 133
Trd, 4319108.243, 93
Trd, 4319109.243, 60
Trd, 4319110.193, 140
Trd, 4319110.693, 61
Trd, 4319111.643, 88
Trd, 4319113.493, 61
Trd, 4319113.693, 60
Trd, 4319114.043, 62
Trd, 4319115.893, 63
Trd, 4319118.393, 64
Trd, 4319118.543, 66
Trd, 4319118.743, 68
Trd, 4319119.143, 95
Trd, 4319119.443, 134
Trd, 4319119.743, 140
Trd, 4319119.943, 127
Trd, 4319120.593, 140
Trd, 4319120.743, 139
Trd, 4319121.343, 126
Trd, 4319121.543, 135
Trd, 4319122.093, 106
Trd, 4319124.793, 140
Trd, 4319125.093, 139
Trd, 4319126.343, 112
Trd, 4319126.493, 130
Trd, 4319126.593, 106
Trd, 4319127.093, 67
Trd, 4319128.593, 140
Trd, 4319128.693, 140
Trd, 4319129.143, 140
Trd, 4319129.693, 125
Trd, 4319130.343, 60
Trd, 4319131.793, 135
Trd, 4319132.093, 126
Trd, 4319132.743, 114
Trd, 4319133.043, 121
Trd, 4319133.543, 137
Trd, 4319134.043, 125
Trd, 4319134.993, 107
Trd, 4319135.843, 133
Trd, 4319136.293, 106
Trd, 4319137.643, 140
Trd, 4319138.543, 135
Trd, 4319138.743, 127
Trd, 4319139.343, 128
Trd, 4319140.193, 140
Trd, 4319140.693, 140
Trd, 4319141.143, 116
Trd, 4319141.443, 138
Trd, 4319141.743, 135
Trd, 4319142.793, 124
Trd, 4319142.993, 119
Trd, 4319143.393, 61
Trd, 4319144.893, 140
Trd, 4319144.993, 139
Trd, 4319145.793, 140
Trd, 4319145.893, 134
Trd, 4319146.093, 128
Trd, 4319147.793, 140
Trd, 4319148.093, 140
Trd, 4319148.243, 139
Trd, 4319148.743, 134
Trd, 4319149.293, 112
Trd, 4319149.793, 60
Trd, 4319150.093, 60
Trd, 4319151.393, 140
Trd, 4319153.543, 140
Trd, 4319153.743, 140
Trd, 4319154.043, 122
Trd, 4319154.193, 116
Trd, 4319154.393, 65
Trd, 4319155.043, 65
Trd, 4319155.693, 140
Trd, 4319155.943, 137
Trd, 4319156.243, 131
Trd, 4319156.943, 102
Trd, 4319157.143, 140
Trd, 4319158.993, 128
Trd, 4319159.043, 116
Trd, 4319160.143, 140
Trd, 4319161.393, 129
Trd, 4319162.343, 139
Trd, 4319163.093, 140
Trd, 4319163.993, 140
Trd, 4319164.293, 122
Trd, 4319164.643, 118
Trd, 4319164.743, 117
Trd, 4319166.243, 139
Trd, 4319167.593, 138
Trd, 4319167.643, 130
Trd, 4319167.893, 140
Trd, 4319168.043, 129
Trd, 4319168.943, 139
Trd, 4319169.293, 139
Trd, 4319170.293, 139
Trd, 4319170.493, 125
Trd, 4319170.543, 99
Trd, 4319170.943, 138
Trd, 4319171.493, 139
Trd, 4319172.493, 105
Trd, 4319173.643, 138
Trd, 4319174.293, 118
Trd, 4319174.493, 110
Trd, 4319175.143, 96
Trd, 4319175.693, 140
Trd, 4319175.793, 83
Trd, 4319177.393, 61
Trd, 4319177.743, 64
Trd, 4319178.843, 90
Trd, 4319179.843, 84
Trd, 4319180.843, 140
Trd, 4319181.143, 140
Trd, 4319182.293, 136
Trd, 4319183.543, 140
Trd, 4319183.793, 134
Trd, 4319183.943, 138
Trd, 4319184.093, 133
Trd, 4319184.343, 132
Trd, 4319185.443, 134
Trd, 4319185.693, 140
Trd, 4319186.743, 136
Trd, 4319187.643, 137
Trd, 4319187.893, 121
Trd, 4319187.943, 116
Trd, 4319189.293, 63
Trd, 4319189.993, 71
Trd, 4319190.543, 88
Trd, 4319191.843, 62
Trd, 4319192.093, 140
Trd, 4319192.443, 140
Trd, 4319192.693, 65
Trd, 4319194.093, 63
Trd, 4319195.293, 138
Trd, 4319195.693, 140
Trd, 4319196.243, 138
Trd, 4319197.693, 100
Trd, 4319197.893, 140
Trd, 4319198.343, 140
Trd, 4319198.493, 92
Trd, 4319199.043, 135
Trd, 4319199.543, 140
Trd, 4319199.793, 83
Trd, 4319201.193, 62
Trd, 4319201.743, 140
Trd, 4319202.543, 140
Trd, 4319202.643, 139
Trd, 4319203.993, 138
Trd, 4319204.193, 71
Trd, 4319205.293, 140
Trd, 4319206.993, 140
Trd, 4319207.143, 138
Trd, 4319207.243, 130
Trd, 4319207.293, 125
Trd, 4319207.893, 119
Trd, 4319207.993, 88
Trd, 4319208.493, 139
Trd, 4319210.193, 140
Trd, 4319210.843, 140
Trd, 4319210.943, 139
Trd, 4319211.193, 116
Trd, 4319211.693, 139
Trd, 4319213.143, 140
Trd, 4319213.893, 86
Trd, 4319214.143, 140
Trd, 4319214.893, 133
Trd, 4319215.043, 139
Trd, 4319215.443, 118
Trd, 4319216.393, 114
Trd, 4319216.893, 120
Trd, 4319217.493, 111
Trd, 4319217.843, 80
Trd, 4319219.343, 65
Trd, 4319219.643, 81
Trd, 4319220.093, 126
Trd, 4319220.693, 127
Trd, 4319220.793, 113
Trd, 4319221.393, 77
Trd, 4319221.893, 140
Trd, 4319222.543, 119
Trd, 4319224.693, 63
Trd, 4319225.243, 67
Trd, 4319226.693, 60
Trd, 4319227.993, 61
Trd, 4319228.193, 67
Trd, 4319228.543, 68
Trd, 4319228.693, 68
Trd, 4319229.893, 61
Trd, 4319231.293, 69
Trd, 4319231.543, 68
Trd, 4319232.493, 87
Trd, 4319234.743, 140
Trd, 4319234.943, 139
Trd, 4319235.543, 140
Trd, 4319235.693, 130
Trd, 4319235.893, 126
Trd, 4319236.593, 70
Trd, 4319237.343, 71
Trd, 4319237.743, 138
Trd, 4319238.293, 60
Trd, 4319239.093, 139
Trd, 4319239.343, 133
Trd, 4319239.643, 127
Trd, 4319239.743, 125
Trd, 4319240.543, 62
Trd, 4319241.893, 73
Trd, 4319242.793, 62
Trd, 4319243.593, 62
Trd, 4319244.793, 66
Trd, 4319245.143, 82
Trd, 4319246.093, 60
Trd, 4319246.193, 139
Trd, 4319247.693, 62
Trd, 4319248.393, 115
Trd, 4319249.093, 88
Trd, 4319249.643, 95
Trd, 4319249.743, 89
Trd, 4319250.043, 137
Trd, 4319250.793, 61
Trd, 4319251.193, 63
Trd, 4319251.943, 140
Trd, 4319252.543, 124
Trd, 4319252.843, 75
Trd, 4319253.743, 72
Trd, 4319255.293, 140
Trd, 4319255.643, 139
Trd, 4319255.993, 130
Trd, 4319257.343, 138
Trd, 4319258.193, 136
Trd, 4319258.693, 111
Trd, 4319258.743, 94
Trd, 4319259.193, 138
Trd, 4319260.243, 135
Trd, 4319260.893, 140
Trd, 4319262.343, 140
Trd, 4319262.743, 140
Trd, 4319263.443, 139
Trd, 4319263.793, 140
Trd, 4319263.993, 131
Trd, 4319264.093, 121
Trd, 4319265.293, 133
Trd, 4319266.193, 104
Trd, 4319266.543, 103
Trd, 4319266.593, 95
Trd, 4319266.893, 137
Trd, 4319268.343, 140
Trd, 4319268.593, 139
Trd, 4319268.893, 139
Trd, 4319270.093, 125
Trd, 4319270.443, 117
Trd, 4319270.993, 63
Trd, 4319272.093, 69
Trd, 4319272.143, 72
Trd, 4319272.343, 63
Trd, 4319274.093, 62
Trd, 4319274.643, 113
Trd, 4319275.743, 60
Trd, 4319276.793, 61
Trd, 4319276.893, 61
Trd, 4319277.793, 75
Trd, 4319278.543, 140
Trd, 4319279.893, 74
Trd, 4319281.093, 122
Trd, 4319281.143, 69
Trd, 4319282.243, 140
Trd, 4319282.393, 139
Trd, 4319283.793, 129
Trd, 4319283.893, 122
Trd, 4319284.643, 140
Trd, 4319284.843, 137
Trd, 4319285.593, 129
Trd, 4319285.993, 83
Trd, 4319286.643, 139
Trd, 4319286.743, 136
Trd, 4319287.093, 132
Trd, 4319288.193, 96
Trd, 4319288.743, 140
Trd, 4319289.343, 129
Trd, 4319289.443, 127
Trd, 4319290.693, 139
Trd, 4319291.393, 139
Trd, 4319291.843, 139
Trd, 4319292.043, 129
Trd, 4319294.293, 140
Trd, 4319294.493, 102
Trd, 4319294.593, 101
Trd, 4319295.143, 116
Trd, 4319296.143, 140
Trd, 4319296.193, 140
Trd, 4319296.543, 138
Trd, 4319297.193, 140
Trd, 4319297.743, 136
Trd, 4319298.543, 99
Trd, 4319299.143, 77
Trd, 4319300.143, 129
Trd, 4319300.493, 125
Trd, 4319300.543, 123
Trd, 4319301.993, 140
Trd, 4319302.143, 135
Trd, 4319302.793, 122
Trd, 4319303.693, 116
Trd, 4319303.943, 72
Trd, 4319304.893, 79
Trd, 4319305.743, 137
Trd, 4319306.693, 139
Trd, 4319306.843, 137
Trd, 4319307.243, 131
Trd, 4319307.493, 109
Trd, 4319308.143, 99
Trd, 4319309.343, 60
Trd, 4319309.993, 67
Trd, 4319310.593, 109
Trd, 4319311.643, 140
Trd, 4319312.493, 140
Trd, 4319312.543, 140
Trd, 4319312.893, 139
Trd, 4319313.793, 139
Trd, 4319315.343, 140
Trd, 4319316.143, 140
Trd, 4319316.193, 135
Trd, 4319317.143, 140
Trd, 4319317.843, 140
Trd, 4319318.093, 139
Trd, 4319320.543, 122
Trd, 4319320.643, 114
Trd, 4319321.043, 117
Trd, 4319321.293, 93
Trd, 4319321.943, 84
Trd, 4319322.443, 93
Trd, 4319323.493, 60
Trd, 4319324.193, 60
Trd, 4319325.043, 62
Trd, 4319327.043, 60
Trd, 4319327.943, 61
Trd, 4319328.343, 64
Trd, 4319328.693, 61
Trd, 4319328.943, 67
Trd, 4319329.893, 115
Trd, 4319330.993, 113
Trd, 4319331.743, 139
Trd, 4319331.893, 131
Trd, 4319332.593, 140
Trd, 4319333.543, 137
Trd, 4319333.843, 120
Trd, 4319334.093, 119
Trd, 4319335.343, 139
Trd, 4319335.893, 139
Trd, 4319336.343, 139
Trd, 4319337.193, 140
Trd, 4319337.243, 125
Trd, 4319338.643, 60
Trd, 4319338.893, 64
Trd, 4319339.393, 64
Trd, 4319339.593, 68
Trd, 4319340.093, 68
Trd, 4319340.893, 140
Trd, 4319341.093, 67
Trd, 4319342.543, 139
Trd, 4319342.593, 123
Trd, 4319343.393, 61
Trd, 4319343.443, 72
Trd, 4319345.193, 140
Trd, 4319345.543, 140
Trd, 4319345.943, 138
Trd, 4319346.493, 127
Trd, 4319346.843, 112
Trd, 4319348.043, 139
Trd, 4319348.843, 98
Trd, 4319348.993, 104
Trd, 4319349.143, 62
Trd, 4319350.643, 140
Trd, 4319351.493, 117
Trd, 4319352.493, 124
Trd, 4319352.593, 116
Trd, 4319352.743, 110
Trd, 4319353.693, 140
Trd, 4319353.993, 138
Trd, 4319355.543, 103
Trd, 4319355.943, 131
Trd, 4319356.743, 103
Trd, 4319356.943, 102
Trd, 4319356.993, 97
Trd, 4319357.393, 135
Trd, 4319357.543, 118
Trd, 4319357.893, 140
Trd, 4319358.343, 129
Trd, 4319359.093, 128
Trd, 4319359.643, 140
Trd, 4319360.493, 68
Trd, 4319361.643, 61
Trd, 4319362.643, 66
Trd, 4319363.743, 65
Trd, 4319364.993, 139
Trd, 4319365.043, 125
Trd, 4319365.643, 136
Trd, 4319366.093, 101
Trd, 4319366.543, 84
Trd, 4319367.343, 66
Trd, 4319367.593, 69
Trd, 4319367.743, 94
Trd, 4319367.793, 66
Trd, 4319369.293, 60
Trd, 4319369.843, 61
Trd, 4319370.743, 140
Trd, 4319371.443, 140
Trd, 4319372.443, 139
Trd, 4319372.493, 138
Trd, 4319373.893, 120
Trd, 4319374.093, 133
Trd, 4319374.443, 116
Trd, 4319374.893, 137
Trd, 4319376.493, 140
Trd, 4319376.593, 138
Trd, 4319376.693, 138
Trd, 4319377.143, 137
Trd, 4319379.243, 140
Trd, 4319379.293, 103
Trd, 4319380.243, 135
Trd, 4319380.593, 127
Trd, 4319381.443, 69
Trd, 4319382.993, 61
Trd, 4319383.443, 60
Trd, 4319384.193, 62
Trd, 4319384.443, 63
Trd, 4319385.193, 60
Trd, 4319385.493, 69
Trd, 4319386.243, 63
Trd, 4319386.943, 61
Trd, 4319388.443, 65
Trd, 4319388.993, 69
Trd, 4319389.393, 65
Trd, 4319389.793, 65
Trd, 4319390.193, 60
Trd, 4319390.243, 64
Trd, 4319390.743, 72
Trd, 4319391.093, 74
Trd, 4319391.843, 77
Trd, 4319392.243, 112
Trd, 4319394.143, 61
Trd, 4319394.193, 65
Trd, 4319394.243, 93
Trd, 4319395.293, 61
Trd, 4319396.293, 61
Trd, 4319397.843, 61
Trd, 4319398.443, 77
Trd, 4319398.943, 98
Trd, 4319399.243, 63
Trd, 4319399.443, 64
Trd, 4319400.743, 137
Trd, 4319401.393, 135
Trd, 4319401.593, 124
Trd, 4319401.993, 71
Trd, 4319403.193, 79
Trd, 4319403.893, 140
Trd, 4319404.493, 140
Trd, 4319405.493, 140
Trd, 4319406.343, 140
Trd, 4319406.693, 140
Trd, 4319406.793, 135
Trd, 4319407.593, 140
Trd, 4319407.943, 121
Trd, 4319408.793, 133
Trd, 4319409.093, 108
Trd, 4319412.043, 140
Trd, 4319412.093, 139
Trd, 4319412.593, 127
Trd, 4319412.943, 122
Trd, 4319413.093, 93
Trd, 4319413.593, 86
Trd, 4319413.793, 85
Trd, 4319414.543, 138
Trd, 4319414.643, 132
Trd, 4319415.693, 139
Trd, 4319416.243, 129
Trd, 4319417.093, 91
Trd, 4319418.443, 86
Trd, 4319418.493, 85
Trd, 4319419.793, 140
Trd, 4319419.993, 140
Trd, 4319420.043, 125
Trd, 4319420.193, 111
Trd, 4319420.443, 138
Trd, 4319421.643, 122
Trd, 4319421.743, 76
Trd, 4319422.393, 139
Trd, 4319423.293, 134
Trd, 4319425.093, 138
Trd, 4319425.193, 124
Trd, 4319425.343, 122
Trd, 4319426.243, 74
Trd, 4319426.293, 95
Trd, 4319426.643, 99
Trd, 4319427.443, 139
Trd, 4319428.243, 136
Trd, 4319429.293, 128
Trd, 4319430.193, 95
Trd, 4319430.643, 66
Trd, 4319431.443, 140
Trd, 4319431.743, 137
Trd, 4319433.293, 140
Trd, 4319433.593, 137
Trd, 4319433.943, 117
Trd, 4319434.343, 140
Trd, 4319434.843, 99
Trd, 4319435.343, 140
Trd, 4319435.893, 135
Trd, 4319436.043, 111
Trd, 4319437.343, 140
Trd, 4319437.393, 125
Trd, 4319438.793, 77
Trd, 4319438.943, 134
Trd, 4319439.993, 111
Trd, 4319440.143, 79
Trd, 4319440.293, 88
Trd, 4319440.443, 125
Trd, 4319442.493, 61
Trd, 4319443.043, 65
Trd, 4319443.493, 60
Trd, 4319443.693, 80
Trd, 4319444.143, 139
Trd, 4319444.493, 138
Trd, 4319445.293, 140
Trd, 4319446.093, 126
Trd, 4319446.893, 139
Trd, 4319447.993, 65
Trd, 4319448.193, 74
Trd, 4319448.543, 61
Trd, 4319449.293, 101
Trd, 4319449.843, 66
Trd, 4319449.893, 65
Trd, 4319450.393, 140
Trd, 4319451.193, 60
Trd, 4319452.943, 139
Trd, 4319453.743, 112
Trd, 4319454.493, 113
Trd, 4319455.443, 139
Trd, 4319456.443, 138
Trd, 4319456.693, 124
Trd, 4319456.893, 134
Trd, 4319456.993, 111
Trd, 4319457.143, 108
Trd, 4319458.043, 139
Trd, 4319459.693, 128
Trd, 4319459.743, 103
Trd, 4319459.893, 77
Trd, 4319460.593, 139
Trd, 4319460.643, 139
Trd, 4319461.993, 130
Trd, 4319462.343, 115
Trd, 4319463.243, 140
Trd, 4319463.543, 140
Trd, 4319464.393, 140
Trd, 4319464.643, 140
Trd, 4319465.243, 135
Trd, 4319465.343, 105
Trd, 4319466.043, 137
Trd, 4319466.343, 140
Trd, 4319466.893, 129
Trd, 4319467.543, 121
Trd, 4319468.193, 140
Trd, 4319468.393, 110
Trd, 4319469.193, 64
Trd, 4319471.743, 140
Trd, 4319472.993, 140
Trd, 4319473.243, 138
Trd, 4319473.343, 137
Trd, 4319473.543, 130
Trd, 4319474.793, 139
Trd, 4319475.143, 130
Trd, 4319475.743, 65
Trd, 4319475.893, 140
Trd, 4319476.393, 101
Trd, 4319476.793, 125
Trd, 4319477.943, 107
Trd, 4319478.493, 139
Trd, 4319478.593, 124
Trd, 4319480.943, 139
Trd, 4319480.993, 130
Trd, 4319481.143, 140
Trd, 4319481.343, 140
Trd, 4319481.493, 127
Trd, 4319483.193, 139
Trd, 4319483.793, 106
Trd, 4319485.443, 139
Trd, 4319485.993, 116
Trd, 4319486.393, 101
Trd, 4319486.843, 140
Trd, 4319487.293, 111
Trd, 4319487.493, 107
Trd, 4319487.593, 105
Trd, 4319488.493, 98
Trd, 4319489.993, 140
Trd, 4319490.493, 140
Trd, 4319490.893, 140
Trd, 4319492.043, 140
Trd, 4319492.193, 134
Trd, 4319492.243, 130
Trd, 4319495.043, 140
Trd, 4319495.393, 140
Trd, 4319496.693, 135
Trd, 4319497.043, 112
Trd, 4319497.293, 103
Trd, 4319498.043, 136
Trd, 4319498.693, 124
Trd, 4319499.743, 139
Trd, 4319500.843, 140
Trd, 4319500.943, 125
Trd, 4319501.493, 140
Trd, 4319501.743, 119
Trd, 4319502.193, 103
Trd, 4319502.243, 102
Trd, 4319502.793, 140
Trd, 4319504.343, 109
Trd, 4319504.443, 100
Trd, 4319504.743, 94
Trd, 4319504.793, 91
Trd, 4319505.593, 135
Trd, 4319506.143, 140
Trd, 4319507.193, 140
Trd, 4319507.793, 119
Trd, 4319507.993, 123
Trd, 4319508.743, 99
Trd, 4319509.643, 100
Trd, 4319510.593, 140
Trd, 4319511.043, 104
Trd, 4319511.643, 140
Trd, 4319512.393, 126
Trd, 4319513.493, 138
Trd, 4319513.743, 126
Trd, 4319514.493, 98
Trd, 4319515.293, 123
Trd, 4319516.693, 140
Trd, 4319517.043, 140
Trd, 4319517.143, 140
Trd, 4319517.793, 130
Trd, 4319518.193, 130
Trd, 4319518.943, 140
Trd, 4319519.743, 130
Trd, 4319521.093, 140
Trd, 4319522.693, 140
Trd, 4319523.393, 140
Trd, 4319523.693, 122
Trd, 4319524.293, 102
Trd, 4319525.493, 140
Trd, 4319525.743, 130
Trd, 4319525.943, 121
Trd, 4319526.793, 140
Trd, 4319527.543, 140
Trd, 4319527.943, 125
Trd, 4319528.493, 110
Trd, 4319529.443, 65
Trd, 4319530.343, 69
Trd, 4319531.293, 128
Trd, 4319531.743, 127
Trd, 4319532.193, 134
Trd, 4319532.793, 70
Trd, 4319533.293, 131
Trd, 4319533.443, 109
Trd, 4319533.643, 69
Trd, 4319534.993, 140
Trd, 4319535.593, 138
Trd, 4319536.043, 132
Trd, 4319536.393, 127
Trd, 4319536.693, 125
Trd, 4319537.493, 136
Trd, 4319537.743, 109
Trd, 4319539.493, 140
Trd, 4319539.693, 119
Trd, 4319540.093, 119
Trd, 4319540.143, 114
Trd, 4319541.743, 140
Trd, 4319542.093, 140
Trd, 4319543.043, 140
Trd, 4319543.843, 125
Trd, 4319543.993, 114
Trd, 4319544.643, 109
Trd, 4319545.943, 140
Trd, 4319546.343, 140
Trd, 4319546.743, 138
Trd, 4319547.343, 140
Trd, 4319547.993, 137
Trd, 4319548.993, 139
Trd, 4319549.193, 130
Trd, 4319550.643, 124
Trd, 4319550.993, 110
Trd, 4319551.793, 106
Trd, 4319551.993, 113
Trd, 4319552.793, 93
Trd, 4319553.243, 65
Trd, 4319553.743, 140
Trd, 4319554.043, 140
Trd, 4319555.293, 140
Trd, 4319555.643, 137
Trd, 4319555.843, 130
Trd, 4319555.893, 111
Trd, 4319556.443, 60
Trd, 4319558.243, 107
Trd, 4319558.393, 104
Trd, 4319558.993, 127
Trd, 4319559.093, 140
Trd, 4319559.243, 115
Trd, 4319560.093, 98
Trd, 4319560.193, 92
Trd, 4319561.543, 67
Trd, 4319562.193, 139
Trd, 4319563.043, 137
Trd, 4319564.293, 140
Trd, 4319564.443, 140
Trd, 4319566.893, 140
Trd, 4319566.943, 140
Trd, 4319567.343, 136
Trd, 4319567.493, 130
Trd, 4319567.893, 124
Trd, 4319568.143, 95
Trd, 4319568.843, 138
Trd, 4319571.193, 140
Trd, 4319571.393, 140
Trd, 4319571.743, 129
Trd, 4319571.893, 128
Trd, 4319572.743, 140
Trd, 4319573.043, 125
Trd, 4319573.693, 140
Trd, 4319574.343, 139
Trd, 4319574.893, 138
Trd, 4319574.943, 125
Trd, 4319577.393, 125
Trd, 4319577.743, 129
Trd, 4319577.843, 85
Trd, 4319578.393, 84
Trd, 4319578.493, 79
Trd, 4319579.843, 101
Trd, 4319580.893, 133
Trd, 4319581.543, 136
Trd, 4319581.893, 140
Trd, 4319582.243, 139
Trd, 4319582.443, 127
Trd, 4319582.593, 129
Trd, 4319582.843, 113
Trd, 4319583.693, 84
Trd, 4319584.693, 139
Trd, 4319585.393, 124
Trd, 4319586.393, 140
Trd, 4319586.943, 139
Trd, 4319587.243, 130
Trd, 4319587.893, 118
Trd, 4319589.043, 63
Trd, 4319589.593, 65
Trd, 4319589.793, 85
Trd, 4319590.393, 61
Trd, 4319590.843, 75
Trd, 4319591.743, 61
Trd, 4319592.493, 64
Trd, 4319592.693, 62
Trd, 4319593.093, 81
Trd, 4319594.443, 64
Trd, 4319595.043, 119
Trd, 4319595.593, 60
Trd, 4319596.593, 61
Trd, 4319597.243, 65
Trd, 4319598.393, 62
Trd, 4319599.093, 63
Trd, 4319599.943, 61
Trd, 4319600.043, 104
Trd, 4319601.143, 82
Trd, 4319601.193, 89
Trd, 4319602.293, 138
Trd, 4319602.393, 139
Trd, 4319603.093, 138
Trd, 4319603.643, 124
Trd, 4319603.793, 118
Trd, 4319603.893, 78
Trd, 4319604.893, 136
Trd, 4319605.193, 139
Trd, 4319606.443, 61
Trd, 4319607.793, 62
Trd, 4319608.243, 66
Trd, 4319608.393, 105
Trd, 4319608.643, 60
Trd, 4319609.643, 66
Trd, 4319610.543, 72
Trd, 4319610.893, 120
Trd, 4319611.843, 125
Trd, 4319612.143, 124
Trd, 4319613.243, 60
Trd, 4319613.393, 62
Trd, 4319613.493, 67
Trd, 4319614.243, 68
Trd, 4319614.543, 125
Trd, 4319615.893, 139
Trd, 4319616.093, 123
Trd, 4319616.293, 116
Trd, 4319616.693, 106
Trd, 4319617.243, 74
Trd, 4319617.293, 127
Trd, 4319618.593, 85
Trd, 4319618.843, 122
Trd, 4319620.443, 61
Trd, 4319620.493, 76
Trd, 4319621.143, 138
Trd, 4319621.793, 122
Trd, 4319622.343, 112
Trd, 4319622.793, 104
Trd, 4319623.443, 98
Trd, 4319623.793, 85
Trd, 4319625.743, 60
Trd, 4319626.243, 71
Trd, 4319626.793, 78
Trd, 4319627.293, 66
Trd, 4319627.743, 62
Trd, 4319629.793, 67
Trd, 4319630.093, 74
Trd, 4319630.993, 140
Trd, 4319631.793, 140
Trd, 4319631.893, 140
Trd, 4319632.193, 130
Trd, 4319632.693, 139
Trd, 4319633.943, 126
Trd, 4319634.093, 114
Trd, 4319634.293, 97
Trd, 4319634.943, 95
Trd, 4319636.093, 60
Trd, 4319637.143, 137
Trd, 4319637.443, 116
Trd, 4319638.793, 114
Trd, 4319639.143, 134
Trd, 4319639.693, 103
Trd, 4319641.143, 138
Trd, 4319641.243, 130
Trd, 4319641.343, 128
Trd, 4319641.693, 134
Trd, 4319643.443, 139
Trd, 4319643.593, 140
Trd, 4319644.493, 140
Trd, 4319644.643, 131
Trd, 4319644.743, 109
Trd, 4319645.843, 78
Trd, 4319646.593, 80
Trd, 4319647.243, 67
Trd, 4319647.393, 71
Trd, 4319648.093, 136
Trd, 4319648.143, 66
Trd, 4319648.943, 121
Trd, 4319649.593, 138
Trd, 4319649.793, 125
Trd, 4319650.043, 70
Trd, 4319651.493, 72
Trd, 4319652.743, 127
Trd, 4319652.993, 105
Trd, 4319653.143, 60
Trd, 4319653.443, 137
Trd, 4319654.393, 62
Trd, 4319655.843, 82
Trd, 4319656.993, 61
Trd, 4319657.143, 64
Trd, 4319657.893, 60
Trd, 4319658.293, 83
Trd, 4319659.593, 60
Trd, 4319661.043, 140
Trd, 4319661.593, 140
Trd, 4319662.693, 140
Trd, 4319662.893, 140
Trd, 4319663.493, 139
Trd, 4319663.593, 125
Trd, 4319663.643, 123
Trd, 4319663.793, 139
Trd, 4319664.443, 124
Trd, 4319665.593, 138
Trd, 4319666.193, 129
Trd, 4319666.343, 71
Trd, 4319666.493, 67
Trd, 4319666.943, 76
Trd, 4319668.643, 140
Trd, 4319669.443, 140
Trd, 4319669.493, 130
Trd, 4319670.143, 113
Trd, 4319670.343, 89
Trd, 4319671.243, 140
Trd, 4319671.893, 124
Trd, 4319673.143, 138
Trd, 4319673.893, 106
Trd, 4319674.043, 100
Trd, 4319674.893, 140
Trd, 4319675.193, 140
Trd, 4319676.993, 125
Trd, 4319677.043, 118
Trd, 4319677.443, 101
Trd, 4319678.243, 119
Trd, 4319678.343, 116
Trd, 4319679.043, 140
Trd, 4319679.793, 140
Trd, 4319680.493, 140
Trd, 4319680.993, 102
Trd, 4319681.643, 88
Trd, 4319682.493, 66
Trd, 4319682.943, 64
Trd, 4319684.993, 140
Trd, 4319685.143, 138
Trd, 4319685.393, 125
Trd, 4319686.043, 87
Trd, 4319686.793, 85
Trd, 4319688.043, 138
Trd, 4319689.043, 120
Trd, 4319689.743, 126
Trd, 4319690.593, 140
Trd, 4319690.743, 140
Trd, 4319691.043, 140
Trd, 4319692.043, 139
Trd, 4319693.343, 140
Trd, 4319694.443, 139
Trd, 4319694.843, 140
Trd, 4319695.993, 135
Trd, 4319696.193, 121
Trd, 4319696.393, 114
Trd, 4319696.943, 113
Trd, 4319697.793, 76
Trd, 4319699.043, 109
Trd, 4319699.393, 140
Trd, 4319700.143, 139
Trd, 4319700.493, 130
Trd, 4319700.693, 121
Trd, 4319701.243, 72
Trd, 4319702.193, 124
Trd, 4319702.793, 139
Trd, 4319703.643, 140
Trd, 4319703.943, 139
Trd, 4319706.193, 139
Trd, 4319706.243, 139
Trd, 4319706.343, 136
Trd, 4319707.143, 140
Trd, 4319708.243, 135
Trd, 4319708.393, 88
Trd, 4319709.493, 74
Trd, 4319710.093, 140
Trd, 4319710.393, 122
Trd, 4319710.543, 133
Trd, 4319711.293, 140
Trd, 4319711.893, 107
Trd, 4319711.943, 65
Trd, 4319712.493, 60
Trd, 4319712.843, 99
Trd, 4319714.843, 98
Trd, 4319715.093, 97
Trd, 4319715.143, 90
Trd, 4319715.893, 65
Trd, 4319717.393, 139
Trd, 4319717.443, 135
Trd, 4319717.643, 139
Trd, 4319718.343, 130
Trd, 4319718.443, 112
Trd, 4319718.743, 88
Trd, 4319719.693, 67
Trd, 4319720.993, 65
Trd, 4319721.493, 139
Trd, 4319722.043, 60
Trd, 4319722.593, 112
Trd, 4319724.193, 61
Trd, 4319724.743, 121
Trd, 4319725.643, 140
Trd, 4319726.293, 140
Trd, 4319726.343, 140
Trd, 4319726.493, 130
Trd, 4319727.243, 140
Trd, 4319727.593, 140
Trd, 4319728.493, 115
Trd, 4319729.293, 67
Trd, 4319730.493, 69
Trd, 4319731.343, 62
Trd, 4319732.593, 85
Trd, 4319732.743, 92
Trd, 4319733.093, 65
Trd, 4319733.343, 140
Trd, 4319734.643, 126
Trd, 4319734.993, 138
Trd, 4319735.543, 104
Trd, 4319735.993, 90
Trd, 4319737.043, 138
Trd, 4319737.243, 129
Trd, 4319737.543, 140
Trd, 4319740.043, 140
Trd, 4319740.543, 140
Trd, 4319740.893, 140
Trd, 4319741.293, 140
Trd, 4319741.393, 138
Trd, 4319742.493, 129
Trd, 4319742.643, 118
Trd, 4319743.593, 115
Trd, 4319744.293, 140
Trd, 4319744.443, 139
Trd, 4319745.843, 125
Trd, 4319746.093, 138
Trd, 4319747.743, 125
Trd, 4319747.993, 123
Trd, 4319748.643, 140
Trd, 4319750.743, 139
Trd, 4319750.843, 139
Trd, 4319752.193, 139
Trd, 4319752.943, 139
Trd, 4319752.993, 137
Trd, 4319753.293, 140
Trd, 4319753.793, 133
Trd, 4319754.093, 129
Trd, 4319754.243, 128
Trd, 4319755.093, 120
Trd, 4319756.343, 140
Trd, 4319756.493, 80
Trd, 4319757.693, 140
Trd, 4319759.193, 140
Trd, 4319759.893, 124
Trd, 4319760.143, 115
Trd, 4319760.843, 134
Trd, 4319760.993, 126
Trd, 4319761.543, 114
Trd, 4319762.643, 118
Trd, 4319762.743, 111
Trd, 4319763.143, 108
Trd, 4319764.693, 140
Trd, 4319765.193, 140
Trd, 4319766.293, 140
Trd, 4319766.393, 139
Trd, 4319766.543, 138
Trd, 4319766.593, 129
Trd, 4319766.943, 140
Trd, 4319768.193, 127
Trd, 4319768.393, 118
Trd, 4319769.443, 113
Trd, 4319769.893, 128
Trd, 4319770.043, 93
Trd, 4319771.293, 140
Trd, 4319771.843, 61
Trd, 4319772.043, 81
Trd, 4319772.493, 116
Trd, 4319774.193, 137
Trd, 4319774.343, 136
Trd, 4319774.643, 105
Trd, 4319774.843, 140
Trd, 4319775.343, 112
Trd, 4319775.493, 63
Trd, 4319776.793, 139
Trd, 4319777.193, 140
Trd, 4319777.893, 130
Trd, 4319778.443, 72
Trd, 4319779.193, 61
Trd, 4319779.893, 65
Trd, 4319780.643, 140
Trd, 4319780.993, 139
Trd, 4319781.593, 136
Trd, 4319781.893, 130
Trd, 4319782.143, 113
Trd, 4319783.893, 139
Trd, 4319784.193, 138
Trd, 4319784.343, 129
Trd, 4319785.193, 140
Trd, 4319787.543, 140
Trd, 4319787.743, 130
Trd, 4319787.793, 100
Trd, 4319788.043, 101
Trd, 4319788.693, 128
Trd, 4319788.893, 138
Trd, 4319789.543, 105
Trd, 4319789.943, 63
Trd, 4319790.443, 74
Trd, 4319791.543, 81
Trd, 4319792.093, 140
Trd, 4319792.393, 74
Trd, 4319793.193, 139
Trd, 4319793.943, 98
Trd, 4319795.443, 114
Trd, 4319795.493, 107
Trd, 4319796.543, 140
Trd, 4319797.743, 140
Trd, 4319798.343, 140
Trd, 4319798.393, 140
Trd, 4319798.493, 139
Trd, 4319798.693, 123
Trd, 4319800.493, 139
Trd, 4319801.143, 138
Trd, 4319802.043, 138
Trd, 4319802.743, 124
Trd, 4319802.893, 139
Trd, 4319803.343, 93
Trd, 4319804.343, 60
Trd, 4319804.693, 64
Trd, 4319804.943, 95
Trd, 4319805.293, 140
Trd, 4319805.443, 131
Trd, 4319806.743, 60
Trd, 4319806.993, 83
Trd, 4319808.343, 140
Trd, 4319808.643, 139
Trd, 4319808.993, 126
Trd, 4319810.193, 107
Trd, 4319810.943, 104
Trd, 4319811.143, 97
Trd, 4319811.843, 140
Trd, 4319814.193, 140
Trd, 4319814.293, 140
Trd, 4319814.493, 140
Trd, 4319814.943, 139
Trd, 4319816.393, 129
Trd, 4319816.593, 123
Trd, 4319816.643, 120
Trd, 4319817.493, 140
Trd, 4319818.293, 140
Trd, 4319819.043, 113
Trd, 4319819.493, 113
Trd, 4319819.893, 139
Trd, 4319820.943, 132
Trd, 4319821.393, 117
Trd, 4319821.643, 107
Trd, 4319822.593, 62
Trd, 4319823.343, 66
Trd, 4319823.593, 84
Trd, 4319824.393, 138
Trd, 4319824.743, 100
Trd, 4319825.343, 64
Trd, 4319826.493, 137
Trd, 4319828.343, 136
Trd, 4319829.193, 132
Trd, 4319829.693, 115
Trd, 4319830.243, 126
Trd, 4319830.443, 140
Trd, 4319831.943, 140
Trd, 4319832.593, 139
Trd, 4319832.893, 138
Trd, 4319833.243, 124
Trd, 4319834.543, 139
Trd, 4319834.893, 133
Trd, 4319834.993, 130
Trd, 4319835.693, 104
Trd, 4319836.143, 140
Trd, 4319837.043, 94
Trd, 4319837.293, 140
Trd, 4319837.543, 130
Trd, 4319837.643, 106
Trd, 4319838.593, 61
Trd, 4319838.993, 106
Trd, 4319840.793, 62
Trd, 4319840.893, 77
Trd, 4319842.343, 64
Trd, 4319842.493, 134
Trd, 4319842.743, 73
Trd, 4319843.393, 68
Trd, 4319843.893, 65
Trd, 4319844.243, 66
Trd, 4319844.693, 71
Trd, 4319845.293, 106
Trd, 4319846.243, 123
Trd, 4319846.543, 97
Trd, 4319846.693, 90
Trd, 4319846.993, 63
Trd, 4319848.393, 138
Trd, 4319849.393, 139
Trd, 4319849.793, 62
Trd, 4319849.893, 97
Trd, 4319851.793, 61
Trd, 4319852.343, 65
Trd, 4319853.043, 65
Trd, 4319854.393, 138
Trd, 4319855.243, 140
Trd, 4319855.293, 140
Trd, 4319856.043, 140
Trd, 4319856.293, 121
Trd, 4319857.043, 112
Trd, 4319857.743, 136
Trd, 4319857.793, 106
Trd, 4319859.493, 123
Trd, 4319859.543, 122
Trd, 4319860.943, 118
Trd, 4319861.193, 114
Trd, 4319861.443, 98
Trd, 4319862.493, 140
Trd, 4319862.693, 138
Trd, 4319863.443, 140
Trd, 4319863.543, 140
Trd, 4319864.743, 140
Trd, 4319865.493, 108
Trd, 4319865.693, 76
Trd, 4319866.343, 62
Trd, 4319866.793, 72
Trd, 4319867.593, 117
Trd, 4319868.243, 60
Trd, 4319868.493, 72
Trd, 4319868.543, 135
Trd, 4319869.743, 69
Trd, 4319870.193, 65
Trd, 4319871.643, 97
Trd, 4319873.093, 69
Trd, 4319873.793, 140
Trd, 4319875.293, 68
Trd, 4319876.743, 138
Trd, 4319877.293, 140
Trd, 4319877.643, 140
Trd, 4319878.343, 137
Trd, 4319878.643, 135
Trd, 4319879.493, 130
Trd, 4319879.743, 126
Trd, 4319880.143, 87
Trd, 4319880.493, 139
Trd, 4319881.743, 139
Trd, 4319881.793, 131
Trd, 4319881.843, 126
Trd, 4319882.093, 72
Trd, 4319882.793, 60
Trd, 4319883.943, 87
Trd, 4319884.543, 63
Trd, 4319884.643, 137
Trd, 4319884.993, 61
Trd, 4319886.543, 140
Trd, 4319886.843, 137
Trd, 4319887.693, 140
Trd, 4319888.093, 140
Trd, 4319888.243, 130
Trd, 4319889.443, 126
Trd, 4319889.643, 125
Trd, 4319889.843, 111
Trd, 4319890.943, 139
Trd, 4319890.993, 130
Trd, 4319892.293, 138
Trd, 4319893.343, 134
Trd, 4319893.993, 137
Trd, 4319894.143, 128
Trd, 4319894.293, 119
Trd, 4319894.793, 76
Trd, 4319895.543, 139
Trd, 4319895.843, 128
Trd, 4319896.243, 86
Trd, 4319898.743, 61
Trd, 4319898.943, 62
Trd, 4319899.393, 60
Trd, 4319899.843, 62
Trd, 4319901.193, 109
Trd, 4319901.843, 133
Trd, 4319902.693, 140
Trd, 4319903.193, 137
Trd, 4319903.843, 117
Trd, 4319904.993, 103
Trd, 4319905.243, 106
Trd, 4319906.143, 80
Trd, 4319907.143, 80
Trd, 4319908.243, 140
Trd, 4319908.743, 140
Trd, 4319909.243, 88
Trd, 4319910.243, 140
Trd, 4319910.293, 131
Trd, 4319910.793, 127
Trd, 4319911.993, 140
Trd, 4319912.493, 120
Trd, 4319912.593, 108
Trd, 4319913.093, 75
Trd, 4319914.043, 138
Trd, 4319915.143, 125
Trd, 4319915.343, 65
Trd, 4319917.043, 86
Trd, 4319917.093, 81
Trd, 4319918.393, 62
Trd, 4319918.893, 65
Trd, 4319919.343, 140
Trd, 4319919.743, 140
Trd, 4319920.243, 140
Trd, 4319920.293, 140
Trd, 4319921.293, 137
Trd, 4319921.543, 79
Trd, 4319922.793, 116
Trd, 4319924.643, 75
Trd, 4319925.693, 61
Trd, 4319926.593, 62
Trd, 4319926.893, 66
Trd, 4319927.093, 84
Trd, 4319927.993, 136
Trd, 4319928.093, 135
Trd, 4319929.093, 140
Trd, 4319929.743, 139
Trd, 4319930.493, 127
Trd, 4319931.193, 122
Trd, 4319931.893, 140
Trd, 4319932.243, 134
Trd, 4319932.393, 114
Trd, 4319932.793, 129
Trd, 4319933.293, 140
Trd, 4319933.593, 138
Trd, 4319934.693, 136
Trd, 4319936.243, 66
Trd, 4319936.493, 72
Trd, 4319936.893, 67
Trd, 4319937.943, 140
Trd, 4319937.993, 137
Trd, 4319938.043, 127
Trd, 4319940.093, 111
Trd, 4319941.343, 60
Trd, 4319941.893, 73
Trd, 4319942.693, 60
Trd, 4319943.243, 67
Trd, 4319943.343, 101
Trd, 4319943.493, 64
Trd, 4319944.693, 140
Trd, 4319945.793, 63
Trd, 4319946.093, 110
Trd, 4319946.243, 63
Trd, 4319947.443, 62
Trd, 4319947.543, 74
Trd, 4319947.793, 134
Trd, 4319948.793, 66
Trd, 4319950.093, 60
Trd, 4319951.143, 67
Trd, 4319951.193, 67
Trd, 4319951.893, 120
Trd, 4319951.943, 126
Trd, 4319952.593, 115
Trd, 4319952.893, 140
Trd, 4319954.593, 133
Trd, 4319954.993, 125
Trd, 4319955.143, 116
Trd, 4319956.393, 71
Trd, 4319956.993, 61
Trd, 4319957.143, 62
Trd, 4319957.743, 75
Trd, 4319958.143, 65
Trd, 4319958.543, 66
Trd, 4319959.443, 140
Trd, 4319959.543, 139
Trd, 4319960.193, 130
Trd, 4319960.393, 132
Trd, 4319961.043, 93
Trd, 4319962.493, 134
Trd, 4319962.843, 69
Trd, 4319964.093, 140
Trd, 4319964.443, 140
Trd, 4319964.693, 136
Trd, 4319965.043, 61
Trd, 4319965.643, 60
Trd, 4319966.343, 62
Trd, 4319966.443, 65
Trd, 4319966.943, 67
Trd, 4319967.343, 61
Trd, 4319968.393, 127
Trd, 4319969.043, 114
Trd, 4319970.343, 107
Trd, 4319970.693, 122
Trd, 4319971.693, 63
Trd, 4319973.293, 69
Trd, 4319973.643, 125
Trd, 4319974.193, 113
Trd, 4319974.393, 84
Trd, 4319974.893, 140
Trd, 4319975.193, 74
Trd, 4319976.693, 72
Trd, 4319976.793, 70
Trd, 4319976.893, 68
Trd, 4319977.993, 60
Trd, 4319978.243, 61
Trd, 4319979.093, 138
Trd, 4319980.093, 140
Trd, 4319980.793, 140
Trd, 4319980.843, 136
Trd, 4319981.693, 92
Trd, 4319983.193, 140
Trd, 4319983.293, 139
Trd, 4319984.043, 140
Trd, 4319984.243, 127
Trd, 4319985.343, 139
Trd, 4319986.243, 140
Trd, 4319987.393, 140
Trd, 4319987.643, 139
Trd, 4319987.743, 138
Trd, 4319988.243, 97
Trd, 4319988.943, 123
Trd, 4319989.743, 101
Trd, 4319990.643, 70
Trd, 4319991.693, 61
Trd, 4319991.893, 66
Trd, 4319992.393, 113
Trd, 4319992.843, 92
Trd, 4319994.693, 63
Trd, 4319994.893, 78
Trd, 4319995.943, 140
Trd, 4319996.193, 140
Trd, 4319996.993, 132
Trd, 4319997.493, 120
Trd, 4319997.893, 128
Trd, 4319999.143, 60
Trd, 4319999.543, 60
Trd, 4319999.843, 60
