Trd, 4318063.093, 77
Trd, 4318063.443, 98
Trd, 4318064.193, 84
Trd, 4318064.943, 117
Trd, 4318065.543, 100
Trd, 4318065.893, 86
Trd, 4318066.643, 119
Trd, 4318067.793, 123
Trd, 4318069.593, 139
Trd, 4318069.793, 135
Trd, 4318070.493, 137
Trd, 4318071.993, 112
Trd, 4318072.093, 111
Trd, 4318072.643, 127
Trd, 4318072.743, 126
Trd, 4318073.593, 115
Trd, 4318074.943, 130
Trd, 4318075.143, 140
Trd, 4318078.043, 130
Trd, 4318079.493, 117
Trd, 4318080.143, 135
Trd, 4318080.893, 137
Trd, 4318081.293, 136
Trd, 4318081.493, 108
Trd, 4318081.593, 122
Trd, 4318082.243, 118
Trd, 4318082.543, 128
Trd, 4318083.543, 116
Trd, 4318083.793, 111
Trd, 4318084.993, 131
Trd, 4318085.043, 75
Trd, 4318086.493, 103
Trd, 4318086.793, 110
Trd, 4318086.993, 124
Trd, 4318087.793, 125
Trd, 4318089.543, 138
Trd, 4318089.743, 136
Trd, 4318089.893, 121
Trd, 4318090.343, 101
Trd, 4318091.593, 124
Trd, 4318095.643, 140
Trd, 4318095.793, 138
Trd, 4318096.343, 120
Trd, 4318097.043, 100
Trd, 4318099.543, 136
Trd, 4318100.193, 140
Trd, 4318101.543, 139
Trd, 4318101.693, 131
Trd, 4318103.893, 132
Trd, 4318105.343, 139
Trd, 4318105.793, 135
Trd, 4318106.893, 116
Trd, 4318107.493, 122
Trd, 4318107.543, 111
Trd, 4318107.993, 113
Trd, 4318108.693, 99
Trd, 4318108.743, 88
Trd, 4318109.143, 132
Trd, 4318109.593, 78
Trd, 4318110.943, 128
Trd, 4318111.393, 133
Trd, 4318112.743, 136
Trd, 4318113.143, 132
Trd, 4318113.443, 131
Trd, 4318115.793, 126
Trd, 4318115.843, 117
Trd, 4318117.943, 130
Trd, 4318118.543, 100
Trd, 4318118.743, 97
Trd, 4318119.293, 98
Trd, 4318119.393, 93
Trd, 4318122.043, 134
Trd, 4318123.043, 122
Trd, 4318123.543, 136
Trd, 4318123.643, 134
Trd, 4318125.393, 137
Trd, 4318127.243, 139
Trd, 4318127.393, 134
Trd, 4318128.593, 139
Trd, 4318129.593, 139
Trd, 4318129.743, 112
Trd, 4318130.343, 92
Trd, 4318130.393, 65
Trd, 4318132.393, 139
Trd, 4318133.493, 134
Trd, 4318134.093, 122
Trd, 4318134.893, 139
Trd, 4318136.893, 118
Trd, 4318138.443, 129
Trd, 4318139.193, 131
Trd, 4318139.593, 111
Trd, 4318140.443, 121
Trd, 4318140.843, 135
Trd, 4318141.693, 120
Trd, 4318142.893, 131
Trd, 4318143.293, 126
Trd, 4318143.543, 89
Trd, 4318144.843, 121
Trd, 4318145.593, 91
Trd, 4318147.293, 136
Trd, 4318147.543, 135
Trd, 4318148.493, 132
Trd, 4318149.243, 131
Trd, 4318149.693, 103
Trd, 4318149.793, 106
Trd, 4318149.893, 117
Trd, 4318151.143, 130
Trd, 4318153.393, 134
Trd, 4318154.393, 130
Trd, 4318154.993, 133
Trd, 4318155.643, 121
Trd, 4318156.043, 136
Trd, 4318156.893, 138
Trd, 4318157.243, 138
Trd, 4318157.843, 121
Trd, 4318157.993, 104
Trd, 4318159.943, 139
Trd, 4318160.743, 135
Trd, 4318161.943, 136
Trd, 4318162.843, 105
Trd, 4318163.843, 90
Trd, 4318164.393, 90
Trd, 4318167.043, 135
Trd, 4318167.243, 134
Trd, 4318167.543, 140
Trd, 4318168.743, 122
Trd, 4318169.643, 114
Trd, 4318171.143, 138
Trd, 4318172.843, 134
Trd, 4318173.543, 119
Trd, 4318174.293, 111
Trd, 4318174.643, 95
Trd, 4318174.943, 123
Trd, 4318176.443, 121
Trd, 4318177.443, 118
Trd, 4318178.793, 136
Trd, 4318179.393, 114
Trd, 4318180.093, 118
Trd, 4318180.793, 112
Trd, 4318181.143, 120
Trd, 4318181.643, 121
Trd, 4318181.693, 99
Trd, 4318183.743, 75
Trd, 4318183.843, 74
Trd, 4318185.043, 138
Trd, 4318185.443, 137
Trd, 4318185.493, 99
Trd, 4318185.743, 110
Trd, 4318185.843, 67
Trd, 4318186.543, 109
Trd, 4318186.793, 134
Trd, 4318187.193, 115
Trd, 4318190.193, 127
Trd, 4318190.243, 125
Trd, 4318190.493, 131
Trd, 4318191.443, 131
Trd, 4318192.743, 132
Trd, 4318193.343, 124
Trd, 4318194.343, 123
Trd, 4318195.443, 135
Trd, 4318196.493, 119
Trd, 4318196.693, 123
Trd, 4318198.143, 120
Trd, 4318199.693, 137
Trd, 4318199.893, 107
Trd, 4318200.143, 111
Trd, 4318200.393, 108
Trd, 4318200.793, 103
Trd, 4318201.593, 140
Trd, 4318202.043, 130
Trd, 4318202.543, 139
Trd, 4318203.543, 120
Trd, 4318204.493, 116
Trd, 4318205.493, 129
Trd, 4318207.743, 126
Trd, 4318207.943, 129
Trd, 4318208.793, 131
Trd, 4318208.943, 124
Trd, 4318209.143, 96
Trd, 4318209.243, 96
Trd, 4318209.843, 102
Trd, 4318210.443, 70
Trd, 4318211.793, 134
Trd, 4318212.293, 123
Trd, 4318212.743, 116
Trd, 4318213.543, 104
Trd, 4318215.393, 86
Trd, 4318215.743, 100
Trd, 4318217.693, 135
Trd, 4318217.843, 109
Trd, 4318218.593, 130
Trd, 4318219.893, 131
Trd, 4318220.493, 109
Trd, 4318220.943, 108
Trd, 4318221.243, 128
Trd, 4318221.393, 116
Trd, 4318222.393, 96
Trd, 4318223.093, 130
Trd, 4318223.243, 105
Trd, 4318223.693, 72
Trd, 4318224.243, 84
Trd, 4318225.043, 140
Trd, 4318226.043, 128
Trd, 4318226.693, 112
Trd, 4318227.593, 133
Trd, 4318229.243, 123
Trd, 4318229.443, 119
Trd, 4318229.943, 114
Trd, 4318230.143, 137
Trd, 4318231.393, 137
Trd, 4318231.493, 132
Trd, 4318231.643, 139
Trd, 4318232.093, 119
Trd, 4318232.343, 113
Trd, 4318234.043, 98
Trd, 4318235.243, 122
Trd, 4318235.293, 128
Trd, 4318236.443, 131
Trd, 4318237.893, 112
Trd, 4318237.993, 110
Trd, 4318239.593, 114
Trd, 4318240.243, 137
Trd, 4318244.843, 136
Trd, 4318245.943, 125
Trd, 4318246.043, 100
Trd, 4318247.043, 132
Trd, 4318249.143, 135
Trd, 4318249.193, 134
Trd, 4318250.043, 93
Trd, 4318251.243, 137
Trd, 4318251.893, 108
Trd, 4318253.443, 121
Trd, 4318254.343, 136
Trd, 4318254.593, 130
Trd, 4318255.793, 127
Trd, 4318256.593, 117
Trd, 4318257.743, 139
Trd, 4318258.493, 127
Trd, 4318258.793, 122
Trd, 4318259.293, 133
Trd, 4318260.643, 130
Trd, 4318261.643, 130
Trd, 4318261.743, 125
Trd, 4318261.893, 123
Trd, 4318262.143, 112
Trd, 4318262.593, 113
Trd, 4318264.443, 134
Trd, 4318266.243, 91
Trd, 4318267.043, 137
Trd, 4318267.543, 136
Trd, 4318268.043, 134
Trd, 4318268.093, 67
Trd, 4318268.293, 68
Trd, 4318269.443, 84
Trd, 4318269.693, 130
Trd, 4318269.893, 99
Trd, 4318272.043, 124
Trd, 4318272.893, 92
Trd, 4318274.943, 137
Trd, 4318275.243, 137
Trd, 4318275.393, 113
Trd, 4318275.743, 97
Trd, 4318277.343, 129
Trd, 4318278.293, 138
Trd, 4318278.543, 104
Trd, 4318281.443, 140
Trd, 4318281.593, 124
Trd, 4318281.943, 116
Trd, 4318282.693, 120
Trd, 4318284.443, 132
Trd, 4318287.093, 113
Trd, 4318287.743, 134
Trd, 4318288.443, 132
Trd, 4318288.893, 124
Trd, 4318289.543, 114
Trd, 4318289.643, 117
Trd, 4318289.693, 106
Trd, 4318291.493, 124
Trd, 4318292.393, 132
Trd, 4318292.593, 121
Trd, 4318293.193, 134
Trd, 4318294.943, 129
Trd, 4318295.393, 114
Trd, 4318296.143, 134
Trd, 4318297.793, 115
Trd, 4318297.893, 103
Trd, 4318298.743, 136
Trd, 4318299.643, 137
Trd, 4318299.693, 137
Trd, 4318302.193, 135
Trd, 4318302.993, 123
Trd, 4318304.343, 139
Trd, 4318305.243, 140
Trd, 4318305.993, 132
Trd, 4318307.543, 128
Trd, 4318307.843, 119
Trd, 4318308.543, 117
Trd, 4318309.893, 126
Trd, 4318310.843, 119
Trd, 4318311.393, 125
Trd, 4318313.593, 139
Trd, 4318313.743, 132
Trd, 4318314.193, 132
Trd, 4318315.893, 140
Trd, 4318317.043, 129
Trd, 4318317.443, 126
Trd, 4318318.143, 102
Trd, 4318318.643, 129
Trd, 4318319.893, 101
Trd, 4318319.943, 116
Trd, 4318320.743, 140
Trd, 4318322.393, 139
Trd, 4318322.543, 132
Trd, 4318322.993, 124
Trd, 4318323.543, 117
Trd, 4318323.743, 100
Trd, 4318326.243, 140
Trd, 4318326.943, 140
Trd, 4318327.593, 131
Trd, 4318329.443, 133
Trd, 4318329.693, 121
Trd, 4318329.743, 119
Trd, 4318332.193, 137
Trd, 4318333.043, 136
Trd, 4318333.693, 138
Trd, 4318333.793, 138
Trd, 4318334.693, 135
Trd, 4318335.293, 129
Trd, 4318335.493, 116
Trd, 4318335.993, 140
Trd, 4318336.243, 114
Trd, 4318336.993, 82
Trd, 4318337.693, 110
Trd, 4318339.143, 136
Trd, 4318340.643, 135
Trd, 4318340.793, 127
Trd, 4318340.943, 125
Trd, 4318341.793, 130
Trd, 4318343.843, 133
Trd, 4318344.943, 134
Trd, 4318345.143, 130
Trd, 4318346.393, 138
Trd, 4318346.593, 109
Trd, 4318348.393, 116
Trd, 4318349.193, 101
Trd, 4318349.943, 123
Trd, 4318351.443, 126
Trd, 4318351.643, 126
Trd, 4318352.043, 101
Trd, 4318353.893, 84
Trd, 4318354.343, 87
Trd, 4318354.693, 71
Trd, 4318355.343, 78
Trd, 4318355.743, 132
Trd, 4318356.193, 86
Trd, 4318356.493, 116
Trd, 4318356.993, 118
Trd, 4318358.593, 109
Trd, 4318358.843, 93
Trd, 4318363.093, 140
Trd, 4318364.093, 137
Trd, 4318364.393, 135
Trd, 4318364.943, 131
Trd, 4318365.243, 134
Trd, 4318365.443, 120
Trd, 4318365.693, 117
Trd, 4318366.143, 140
Trd, 4318367.393, 113
Trd, 4318367.893, 123
Trd, 4318369.093, 125
Trd, 4318369.543, 135
Trd, 4318370.493, 137
Trd, 4318371.943, 136
Trd, 4318372.293, 127
Trd, 4318372.343, 104
Trd, 4318372.643, 134
Trd, 4318374.493, 102
Trd, 4318374.693, 105
Trd, 4318375.293, 116
Trd, 4318375.743, 101
Trd, 4318375.943, 133
Trd, 4318377.343, 126
Trd, 4318379.493, 140
Trd, 4318379.693, 113
Trd, 4318380.793, 114
Trd, 4318381.593, 127
Trd, 4318382.443, 133
Trd, 4318383.343, 91
Trd, 4318383.993, 128
Trd, 4318384.043, 110
Trd, 4318384.393, 104
Trd, 4318385.543, 96
Trd, 4318386.493, 133
Trd, 4318388.143, 108
Trd, 4318388.793, 121
Trd, 4318389.243, 138
Trd, 4318390.143, 138
Trd, 4318391.243, 137
Trd, 4318392.743, 131
Trd, 4318392.793, 124
Trd, 4318392.943, 117
Trd, 4318393.493, 124
Trd, 4318394.693, 97
Trd, 4318395.243, 97
Trd, 4318395.943, 136
Trd, 4318396.693, 134
Trd, 4318396.743, 91
Trd, 4318397.493, 81
Trd, 4318398.593, 116
Trd, 4318398.743, 85
Trd, 4318399.643, 121
Trd, 4318400.093, 136
Trd, 4318400.543, 140
Trd, 4318400.643, 112
Trd, 4318402.193, 139
Trd, 4318402.243, 134
Trd, 4318402.643, 135
Trd, 4318403.693, 112
Trd, 4318403.843, 123
Trd, 4318404.393, 126
Trd, 4318405.393, 105
Trd, 4318406.293, 72
Trd, 4318407.443, 89
Trd, 4318407.593, 81
Trd, 4318408.343, 138
Trd, 4318408.893, 135
Trd, 4318409.343, 136
Trd, 4318409.393, 129
Trd, 4318411.293, 98
Trd, 4318413.343, 126
Trd, 4318413.443, 109
Trd, 4318413.843, 95
Trd, 4318415.193, 129
Trd, 4318416.843, 139
Trd, 4318417.043, 136
Trd, 4318417.843, 138
Trd, 4318418.493, 129
Trd, 4318418.593, 128
Trd, 4318419.193, 95
Trd, 4318419.743, 134
Trd, 4318419.893, 138
Trd, 4318419.943, 120
Trd, 4318420.743, 136
Trd, 4318421.143, 129
Trd, 4318422.843, 134
Trd, 4318423.693, 140
Trd, 4318426.093, 134
Trd, 4318426.193, 132
Trd, 4318427.443, 139
Trd, 4318427.543, 106
Trd, 4318428.543, 84
Trd, 4318428.993, 132
Trd, 4318429.993, 130
Trd, 4318430.993, 119
Trd, 4318431.043, 74
Trd, 4318432.193, 126
Trd, 4318432.343, 123
Trd, 4318433.493, 135
Trd, 4318433.993, 132
Trd, 4318435.593, 128
Trd, 4318436.543, 136
Trd, 4318436.843, 134
Trd, 4318437.043, 137
Trd, 4318437.093, 133
Trd, 4318437.493, 119
Trd, 4318440.093, 99
Trd, 4318440.593, 114
Trd, 4318441.193, 115
Trd, 4318443.193, 137
Trd, 4318443.543, 123
Trd, 4318444.393, 110
Trd, 4318444.693, 115
Trd, 4318445.043, 130
Trd, 4318448.293, 135
Trd, 4318448.593, 133
Trd, 4318449.093, 133
Trd, 4318449.743, 123
Trd, 4318450.193, 119
Trd, 4318450.293, 127
Trd, 4318451.393, 118
Trd, 4318451.493, 91
Trd, 4318451.693, 90
Trd, 4318452.393, 135
Trd, 4318453.693, 128
Trd, 4318455.093, 118
Trd, 4318455.293, 92
Trd, 4318455.793, 99
Trd, 4318456.343, 138
Trd, 4318456.943, 119
Trd, 4318457.343, 110
Trd, 4318458.293, 110
Trd, 4318458.443, 116
Trd, 4318459.943, 106
Trd, 4318461.493, 140
Trd, 4318461.543, 126
Trd, 4318461.843, 99
Trd, 4318462.943, 140
Trd, 4318463.993, 139
Trd, 4318464.893, 128
Trd, 4318466.093, 105
Trd, 4318466.393, 138
Trd, 4318467.893, 134
Trd, 4318467.943, 133
Trd, 4318469.543, 119
Trd, 4318470.043, 109
Trd, 4318470.493, 114
Trd, 4318471.343, 117
Trd, 4318471.493, 110
Trd, 4318473.843, 120
Trd, 4318474.643, 123
Trd, 4318476.393, 118
Trd, 4318477.243, 119
Trd, 4318477.543, 117
Trd, 4318478.093, 134
Trd, 4318479.493, 117
Trd, 4318480.593, 118
Trd, 4318481.543, 137
Trd, 4318482.243, 128
Trd, 4318482.943, 133
Trd, 4318484.293, 140
Trd, 4318485.393, 119
Trd, 4318486.093, 90
Trd, 4318486.643, 114
Trd, 4318487.243, 108
Trd, 4318488.443, 84
Trd, 4318489.243, 77
Trd, 4318489.693, 127
Trd, 4318490.493, 137
Trd, 4318490.543, 133
Trd, 4318491.443, 92
Trd, 4318491.543, 129
Trd, 4318492.693, 120
Trd, 4318492.793, 105
Trd, 4318495.043, 137
Trd, 4318495.643, 100
Trd, 4318495.743, 100
Trd, 4318496.293, 133
Trd, 4318497.093, 134
Trd, 4318497.393, 122
Trd, 4318498.343, 122
Trd, 4318499.593, 107
Trd, 4318499.693, 107
Trd, 4318500.193, 85
Trd, 4318500.543, 85
Trd, 4318500.793, 66
Trd, 4318501.643, 96
Trd, 4318502.943, 136
Trd, 4318503.293, 128
Trd, 4318503.793, 97
Trd, 4318504.743, 131
Trd, 4318505.043, 121
Trd, 4318506.043, 122
Trd, 4318507.993, 112
Trd, 4318510.643, 136
Trd, 4318510.843, 136
Trd, 4318512.043, 125
Trd, 4318513.393, 136
Trd, 4318514.143, 124
Trd, 4318515.043, 122
Trd, 4318516.593, 129
Trd, 4318519.393, 140
Trd, 4318520.893, 129
Trd, 4318520.943, 128
Trd, 4318522.593, 128
Trd, 4318522.793, 133
Trd, 4318523.643, 101
Trd, 4318524.343, 111
Trd, 4318524.643, 130
Trd, 4318526.243, 137
Trd, 4318526.343, 137
Trd, 4318527.993, 123
Trd, 4318528.643, 137
Trd, 4318530.543, 139
Trd, 4318530.793, 123
Trd, 4318532.393, 131
Trd, 4318533.193, 115
Trd, 4318533.343, 93
Trd, 4318534.243, 125
Trd, 4318534.493, 114
Trd, 4318535.943, 98
Trd, 4318536.293, 92
Trd, 4318536.493, 91
Trd, 4318537.593, 86
Trd, 4318537.893, 102
Trd, 4318538.943, 125
Trd, 4318539.143, 112
Trd, 4318539.843, 140
Trd, 4318540.593, 116
Trd, 4318540.793, 118
Trd, 4318541.543, 97
Trd, 4318543.293, 126
Trd, 4318543.343, 119
Trd, 4318543.443, 105
Trd, 4318544.293, 105
Trd, 4318544.593, 98
Trd, 4318544.893, 98
Trd, 4318546.093, 65
Trd, 4318546.643, 122
Trd, 4318546.693, 85
Trd, 4318547.343, 75
Trd, 4318549.543, 117
Trd, 4318551.293, 112
Trd, 4318551.793, 121
Trd, 4318552.743, 138
Trd, 4318552.993, 131
Trd, 4318553.193, 122
Trd, 4318553.793, 134
Trd, 4318556.793, 133
Trd, 4318557.293, 135
Trd, 4318557.943, 132
Trd, 4318558.993, 137
Trd, 4318560.393, 130
Trd, 4318561.093, 119
Trd, 4318561.193, 103
Trd, 4318561.693, 90
Trd, 4318562.193, 110
Trd, 4318562.543, 137
Trd, 4318562.943, 134
Trd, 4318563.143, 126
Trd, 4318563.593, 98
Trd, 4318566.143, 110
Trd, 4318566.293, 101
Trd, 4318566.693, 123
Trd, 4318567.093, 106
Trd, 4318567.193, 83
Trd, 4318567.343, 101
Trd, 4318567.743, 134
Trd, 4318568.743, 109
Trd, 4318570.693, 130
Trd, 4318571.593, 140
Trd, 4318572.393, 117
Trd, 4318573.193, 120
Trd, 4318573.893, 129
Trd, 4318574.193, 102
Trd, 4318574.693, 134
Trd, 4318574.743, 120
Trd, 4318576.843, 135
Trd, 4318577.793, 135
Trd, 4318578.343, 110
Trd, 4318579.643, 135
Trd, 4318580.693, 137
Trd, 4318582.143, 134
Trd, 4318583.193, 139
Trd, 4318584.493, 112
Trd, 4318584.643, 108
Trd, 4318584.693, 74
Trd, 4318586.543, 136
Trd, 4318586.943, 98
Trd, 4318587.443, 109
Trd, 4318587.493, 94
Trd, 4318587.943, 95
Trd, 4318589.143, 140
Trd, 4318590.493, 125
Trd, 4318591.943, 125
Trd, 4318592.093, 96
Trd, 4318592.443, 134
Trd, 4318593.243, 107
Trd, 4318593.543, 60
Trd, 4318594.393, 139
Trd, 4318595.893, 140
Trd, 4318596.693, 136
Trd, 4318596.793, 124
Trd, 4318596.843, 103
Trd, 4318597.193, 80
Trd, 4318598.293, 127
Trd, 4318598.693, 130
Trd, 4318599.343, 121
Trd, 4318599.443, 112
Trd, 4318600.993, 68
Trd, 4318601.643, 101
Trd, 4318602.543, 102
Trd, 4318604.043, 139
Trd, 4318604.393, 133
Trd, 4318605.093, 130
Trd, 4318606.243, 124
Trd, 4318606.343, 126
Trd, 4318606.693, 113
Trd, 4318607.343, 123
Trd, 4318607.893, 108
Trd, 4318609.693, 131
Trd, 4318609.943, 124
Trd, 4318611.193, 105
Trd, 4318611.743, 135
Trd, 4318614.143, 130
Trd, 4318616.193, 120
Trd, 4318617.493, 115
Trd, 4318617.693, 125
Trd, 4318619.043, 102
Trd, 4318619.393, 121
Trd, 4318619.943, 79
Trd, 4318620.443, 100
Trd, 4318620.793, 140
Trd, 4318622.143, 124
Trd, 4318623.143, 129
Trd, 4318624.393, 124
Trd, 4318624.493, 119
Trd, 4318625.743, 84
Trd, 4318627.593, 138
Trd, 4318628.193, 140
Trd, 4318628.293, 118
Trd, 4318628.493, 103
Trd, 4318631.043, 137
Trd, 4318631.293, 124
Trd, 4318632.443, 132
Trd, 4318633.593, 136
Trd, 4318633.643, 116
Trd, 4318635.493, 140
Trd, 4318636.493, 138
Trd, 4318637.143, 136
Trd, 4318637.343, 133
Trd, 4318638.793, 140
Trd, 4318639.043, 134
Trd, 4318641.493, 108
Trd, 4318642.043, 126
Trd, 4318642.843, 134
Trd, 4318643.343, 98
Trd, 4318643.943, 77
Trd, 4318643.993, 65
Trd, 4318645.093, 111
Trd, 4318646.443, 105
Trd, 4318646.743, 138
Trd, 4318647.143, 138
Trd, 4318649.143, 139
Trd, 4318649.593, 130
Trd, 4318649.843, 127
Trd, 4318650.393, 138
Trd, 4318651.193, 137
Trd, 4318651.943, 136
Trd, 4318652.293, 98
Trd, 4318654.093, 118
Trd, 4318655.143, 114
Trd, 4318655.493, 90
Trd, 4318655.643, 117
Trd, 4318655.743, 90
Trd, 4318657.043, 124
Trd, 4318657.493, 103
Trd, 4318658.393, 133
Trd, 4318658.543, 113
Trd, 4318659.843, 139
Trd, 4318660.493, 134
Trd, 4318661.343, 125
Trd, 4318662.493, 120
Trd, 4318663.843, 128
Trd, 4318664.043, 106
Trd, 4318664.343, 123
Trd, 4318665.643, 140
Trd, 4318666.943, 130
Trd, 4318668.143, 131
Trd, 4318668.443, 126
Trd, 4318668.893, 107
Trd, 4318668.943, 93
Trd, 4318669.993, 139
Trd, 4318671.043, 95
Trd, 4318673.493, 138
Trd, 4318673.993, 133
Trd, 4318674.043, 132
Trd, 4318674.693, 136
Trd, 4318676.143, 129
Trd, 4318676.543, 134
Trd, 4318677.193, 117
Trd, 4318679.893, 128
Trd, 4318680.693, 130
Trd, 4318681.243, 96
Trd, 4318681.743, 109
Trd, 4318682.843, 130
Trd, 4318683.393, 134
Trd, 4318683.693, 131
Trd, 4318685.443, 96
Trd, 4318685.543, 93
Trd, 4318685.593, 85
Trd, 4318688.093, 132
Trd, 4318688.743, 127
Trd, 4318689.793, 118
Trd, 4318691.343, 136
Trd, 4318692.793, 127
Trd, 4318693.493, 96
Trd, 4318693.993, 133
Trd, 4318694.243, 103
Trd, 4318694.693, 103
Trd, 4318694.843, 134
Trd, 4318696.243, 107
Trd, 4318696.693, 91
Trd, 4318697.043, 124
Trd, 4318697.093, 115
Trd, 4318699.043, 125
Trd, 4318699.293, 124
Trd, 4318699.343, 94
Trd, 4318702.643, 126
Trd, 4318703.543, 138
Trd, 4318703.993, 121
Trd, 4318704.593, 133
Trd, 4318705.093, 98
Trd, 4318705.993, 137
Trd, 4318706.193, 129
Trd, 4318707.143, 111
Trd, 4318707.593, 97
Trd, 4318708.693, 70
Trd, 4318709.743, 86
Trd, 4318710.093, 115
Trd, 4318710.643, 130
Trd, 4318711.243, 128
Trd, 4318711.743, 72
Trd, 4318712.343, 65
Trd, 4318713.393, 90
Trd, 4318714.643, 138
Trd, 4318716.143, 139
Trd, 4318716.293, 139
Trd, 4318716.943, 138
Trd, 4318718.143, 135
Trd, 4318718.293, 130
Trd, 4318718.443, 97
Trd, 4318719.693, 138
Trd, 4318720.493, 124
Trd, 4318720.593, 118
Trd, 4318720.943, 137
Trd, 4318722.743, 97
Trd, 4318724.293, 117
Trd, 4318724.793, 96
Trd, 4318725.143, 98
Trd, 4318725.493, 116
Trd, 4318727.693, 137
Trd, 4318729.193, 138
Trd, 4318729.593, 135
Trd, 4318729.843, 126
Trd, 4318731.043, 135
Trd, 4318731.493, 130
Trd, 4318732.393, 114
Trd, 4318735.043, 138
Trd, 4318736.543, 140
Trd, 4318737.243, 122
Trd, 4318737.293, 128
Trd, 4318737.843, 124
Trd, 4318738.243, 132
Trd, 4318739.893, 134
Trd, 4318740.543, 130
Trd, 4318740.693, 106
Trd, 4318741.143, 98
Trd, 4318741.693, 90
Trd, 4318742.843, 119
Trd, 4318743.043, 109
Trd, 4318744.343, 129
Trd, 4318744.493, 138
Trd, 4318746.843, 138
Trd, 4318747.143, 126
Trd, 4318747.743, 101
Trd, 4318749.243, 135
Trd, 4318750.243, 133
Trd, 4318751.193, 117
Trd, 4318752.293, 140
Trd, 4318752.743, 112
Trd, 4318753.843, 129
Trd, 4318755.743, 121
Trd, 4318756.193, 111
Trd, 4318756.243, 133
Trd, 4318756.393, 111
Trd, 4318756.743, 106
Trd, 4318757.593, 104
Trd, 4318758.143, 105
Trd, 4318758.893, 108
Trd, 4318759.843, 134
Trd, 4318760.793, 125
Trd, 4318761.693, 97
Trd, 4318762.393, 134
Trd, 4318762.493, 86
Trd, 4318762.743, 83
Trd, 4318763.293, 132
Trd, 4318763.493, 137
Trd, 4318764.143, 64
Trd, 4318766.843, 115
Trd, 4318767.343, 113
Trd, 4318768.393, 138
Trd, 4318769.143, 101
Trd, 4318769.443, 135
Trd, 4318769.943, 92
Trd, 4318770.043, 108
Trd, 4318772.993, 112
Trd, 4318773.393, 71
Trd, 4318773.793, 96
Trd, 4318774.293, 135
Trd, 4318775.293, 107
Trd, 4318776.193, 138
Trd, 4318776.493, 138
Trd, 4318777.543, 138
Trd, 4318778.243, 140
Trd, 4318778.743, 110
Trd, 4318779.693, 120
Trd, 4318779.993, 71
Trd, 4318781.093, 119
Trd, 4318781.493, 92
Trd, 4318782.143, 126
Trd, 4318782.343, 129
Trd, 4318782.643, 131
Trd, 4318784.143, 133
Trd, 4318784.693, 128
Trd, 4318785.193, 121
Trd, 4318786.193, 138
Trd, 4318786.643, 131
Trd, 4318788.093, 128
Trd, 4318788.593, 124
Trd, 4318788.743, 119
Trd, 4318790.543, 124
Trd, 4318791.493, 126
Trd, 4318792.393, 134
Trd, 4318793.043, 121
Trd, 4318794.143, 111
Trd, 4318794.243, 110
Trd, 4318795.093, 115
Trd, 4318796.593, 133
Trd, 4318796.993, 98
Trd, 4318797.793, 131
Trd, 4318797.893, 115
Trd, 4318798.043, 124
Trd, 4318799.143, 125
Trd, 4318800.093, 126
Trd, 4318801.743, 106
Trd, 4318802.343, 138
Trd, 4318803.443, 133
Trd, 4318805.193, 136
Trd, 4318805.993, 137
Trd, 4318806.143, 136
Trd, 4318806.893, 116
Trd, 4318808.643, 119
Trd, 4318808.693, 131
Trd, 4318809.493, 111
Trd, 4318809.593, 97
Trd, 4318809.943, 139
Trd, 4318810.893, 102
Trd, 4318811.893, 136
Trd, 4318812.193, 91
Trd, 4318814.193, 127
Trd, 4318815.843, 140
Trd, 4318815.993, 124
Trd, 4318817.093, 132
Trd, 4318818.843, 137
Trd, 4318819.443, 129
Trd, 4318820.043, 140
Trd, 4318821.843, 135
Trd, 4318822.043, 111
Trd, 4318822.243, 126
Trd, 4318822.893, 93
Trd, 4318824.443, 112
Trd, 4318824.693, 113
Trd, 4318824.843, 91
Trd, 4318825.593, 114
Trd, 4318827.093, 138
Trd, 4318827.343, 136
Trd, 4318827.793, 130
Trd, 4318829.443, 132
Trd, 4318829.693, 123
Trd, 4318829.943, 99
Trd, 4318830.743, 134
Trd, 4318832.143, 107
Trd, 4318832.393, 91
Trd, 4318833.043, 123
Trd, 4318833.393, 108
Trd, 4318833.493, 90
Trd, 4318833.893, 88
Trd, 4318835.843, 131
Trd, 4318837.093, 129
Trd, 4318837.293, 116
Trd, 4318838.593, 132
Trd, 4318838.893, 127
Trd, 4318840.393, 135
Trd, 4318842.093, 140
Trd, 4318845.243, 129
Trd, 4318846.493, 139
Trd, 4318846.543, 132
Trd, 4318847.793, 118
Trd, 4318848.343, 115
Trd, 4318848.793, 113
Trd, 4318848.843, 75
Trd, 4318849.143, 118
Trd, 4318849.843, 95
Trd, 4318851.893, 130
Trd, 4318851.993, 127
Trd, 4318852.293, 127
Trd, 4318853.243, 131
Trd, 4318854.143, 121
Trd, 4318855.943, 132
Trd, 4318855.993, 96
Trd, 4318856.443, 139
Trd, 4318856.793, 114
Trd, 4318857.393, 110
Trd, 4318859.393, 107
Trd, 4318860.243, 120
Trd, 4318860.943, 140
Trd, 4318862.493, 137
Trd, 4318862.593, 125
Trd, 4318863.693, 137
Trd, 4318863.743, 137
Trd, 4318864.743, 114
Trd, 4318864.943, 126
Trd, 4318866.043, 138
Trd, 4318866.093, 106
Trd, 4318867.243, 129
Trd, 4318868.043, 114
Trd, 4318868.743, 105
Trd, 4318868.943, 90
Trd, 4318869.593, 119
Trd, 4318870.143, 64
Trd, 4318871.293, 123
Trd, 4318872.443, 135
Trd, 4318872.843, 134
Trd, 4318873.643, 140
Trd, 4318873.743, 109
Trd, 4318876.143, 132
Trd, 4318876.643, 123
Trd, 4318876.693, 103
Trd, 4318877.143, 103
Trd, 4318877.993, 135
Trd, 4318879.343, 125
Trd, 4318879.693, 100
Trd, 4318880.293, 129
Trd, 4318881.493, 121
Trd, 4318881.843, 110
Trd, 4318882.143, 66
Trd, 4318883.143, 125
Trd, 4318884.793, 139
Trd, 4318884.993, 140
Trd, 4318885.393, 114
Trd, 4318885.843, 136
Trd, 4318885.993, 100
Trd, 4318887.743, 129
Trd, 4318888.193, 114
Trd, 4318889.393, 126
Trd, 4318889.743, 140
Trd, 4318891.243, 128
Trd, 4318891.893, 115
Trd, 4318892.943, 118
Trd, 4318894.593, 122
Trd, 4318896.443, 131
Trd, 4318897.943, 131
Trd, 4318898.793, 125
Trd, 4318899.093, 138
Trd, 4318899.943, 123
Trd, 4318900.293, 116
Trd, 4318900.543, 121
Trd, 4318900.593, 114
Trd, 4318901.143, 121
Trd, 4318901.443, 115
Trd, 4318901.993, 94
Trd, 4318903.543, 104
Trd, 4318905.243, 139
Trd, 4318906.043, 87
Trd, 4318907.243, 108
Trd, 4318907.943, 136
Trd, 4318908.543, 128
Trd, 4318910.543, 103
Trd, 4318911.043, 134
Trd, 4318912.693, 119
Trd, 4318913.093, 109
Trd, 4318914.843, 137
Trd, 4318915.643, 126
Trd, 4318915.993, 98
Trd, 4318917.243, 75
Trd, 4318917.343, 94
Trd, 4318918.293, 111
Trd, 4318918.393, 106
Trd, 4318919.243, 120
Trd, 4318919.943, 139
Trd, 4318921.093, 105
Trd, 4318921.493, 89
Trd, 4318924.443, 140
Trd, 4318925.143, 138
Trd, 4318925.343, 130
Trd, 4318925.693, 132
Trd, 4318926.443, 118
Trd, 4318928.393, 136
Trd, 4318928.843, 134
Trd, 4318928.943, 111
Trd, 4318930.543, 140
Trd, 4318931.243, 137
Trd, 4318931.993, 117
Trd, 4318933.093, 87
Trd, 4318933.443, 74
Trd, 4318933.793, 90
Trd, 4318934.493, 74
Trd, 4318934.993, 114
Trd, 4318937.193, 135
Trd, 4318937.443, 131
Trd, 4318938.093, 98
Trd, 4318938.243, 112
Trd, 4318938.843, 130
Trd, 4318939.643, 129
Trd, 4318941.493, 109
Trd, 4318942.193, 112
Trd, 4318942.293, 122
Trd, 4318943.693, 121
Trd, 4318944.793, 129
Trd, 4318945.693, 126
Trd, 4318946.443, 96
Trd, 4318947.043, 113
Trd, 4318947.293, 124
Trd, 4318948.793, 135
Trd, 4318949.393, 125
Trd, 4318949.693, 139
Trd, 4318950.093, 122
Trd, 4318950.443, 108
Trd, 4318950.743, 135
Trd, 4318951.543, 89
Trd, 4318952.943, 93
Trd, 4318953.793, 84
Trd, 4318954.393, 118
Trd, 4318955.993, 121
Trd, 4318957.643, 134
Trd, 4318957.943, 133
Trd, 4318958.743, 109
Trd, 4318959.293, 78
Trd, 4318959.443, 65
Trd, 4318961.543, 125
Trd, 4318962.393, 136
Trd, 4318963.093, 121
Trd, 4318963.543, 131
Trd, 4318964.593, 100
Trd, 4318964.843, 120
Trd, 4318966.093, 123
Trd, 4318966.543, 99
Trd, 4318967.193, 88
Trd, 4318967.743, 97
Trd, 4318968.293, 99
Trd, 4318971.143, 121
Trd, 4318972.143, 90
Trd, 4318972.293, 106
Trd, 4318972.743, 113
Trd, 4318973.593, 116
Trd, 4318973.893, 136
Trd, 4318975.143, 106
Trd, 4318976.243, 138
Trd, 4318976.493, 138
Trd, 4318976.743, 136
Trd, 4318978.493, 97
Trd, 4318979.443, 133
Trd, 4318979.693, 116
Trd, 4318980.243, 135
Trd, 4318980.593, 131
Trd, 4318980.643, 123
Trd, 4318984.243, 131
Trd, 4318984.493, 137
Trd, 4318985.443, 124
Trd, 4318985.543, 130
Trd, 4318986.243, 102
Trd, 4318987.043, 127
Trd, 4318987.693, 128
Trd, 4318987.793, 123
Trd, 4318988.443, 104
Trd, 4318989.193, 118
Trd, 4318990.993, 128
Trd, 4318991.543, 123
Trd, 4318991.643, 96
Trd, 4318992.143, 114
Trd, 4318992.943, 137
Trd, 4318994.093, 97
Trd, 4318994.543, 90
Trd, 4318997.993, 139
Trd, 4318998.093, 139
Trd, 4318998.243, 126
Trd, 4318999.843, 140
Trd, 4319000.293, 136
Trd, 4319000.643, 134
Trd, 4319001.493, 136
Trd, 4319002.243, 114
Trd, 4319003.043, 133
Trd, 4319003.793, 128
Trd, 4319005.393, 80
Trd, 4319005.443, 116
Trd, 4319005.893, 120
Trd, 4319006.093, 112
Trd, 4319006.243, 126
Trd, 4319006.943, 104
Trd, 4319008.943, 135
Trd, 4319009.443, 100
Trd, 4319010.293, 133
Trd, 4319010.543, 134
Trd, 4319011.343, 139
Trd, 4319012.893, 101
Trd, 4319013.143, 135
Trd, 4319013.993, 97
Trd, 4319015.043, 127
Trd, 4319015.243, 139
Trd, 4319017.043, 130
Trd, 4319017.293, 136
Trd, 4319017.593, 126
Trd, 4319019.493, 135
Trd, 4319019.643, 105
Trd, 4319021.093, 139
Trd, 4319021.643, 136
Trd, 4319023.943, 137
Trd, 4319024.993, 137
Trd, 4319026.793, 136
Trd, 4319027.493, 124
Trd, 4319027.993, 138
Trd, 4319028.193, 117
Trd, 4319028.643, 109
Trd, 4319029.843, 139
Trd, 4319030.993, 134
Trd, 4319031.043, 138
Trd, 4319031.693, 133
Trd, 4319031.993, 130
Trd, 4319032.693, 112
Trd, 4319033.593, 115
Trd, 4319034.893, 135
Trd, 4319034.943, 118
Trd, 4319035.793, 109
Trd, 4319036.193, 118
Trd, 4319038.843, 129
Trd, 4319039.943, 109
Trd, 4319040.643, 130
Trd, 4319042.043, 127
Trd, 4319042.243, 124
Trd, 4319042.543, 138
Trd, 4319044.793, 140
Trd, 4319046.493, 114
Trd, 4319046.593, 108
Trd, 4319047.293, 113
Trd, 4319047.443, 107
Trd, 4319047.693, 97
Trd, 4319048.043, 101
Trd, 4319049.643, 93
Trd, 4319049.793, 119
Trd, 4319050.593, 95
Trd, 4319051.893, 122
Trd, 4319053.493, 105
Trd, 4319053.593, 104
Trd, 4319053.893, 96
Trd, 4319054.593, 114
Trd, 4319054.993, 112
Trd, 4319055.393, 140
Trd, 4319055.543, 112
Trd, 4319056.243, 83
Trd, 4319056.643, 133
Trd, 4319058.493, 140
Trd, 4319060.093, 136
Trd, 4319060.243, 133
Trd, 4319061.993, 138
Trd, 4319062.293, 131
Trd, 4319062.643, 125
Trd, 4319063.643, 135
Trd, 4319064.043, 127
Trd, 4319064.493, 101
Trd, 4319066.093, 130
Trd, 4319066.443, 129
Trd, 4319067.643, 137
Trd, 4319069.193, 133
Trd, 4319069.643, 79
Trd, 4319070.443, 140
Trd, 4319070.693, 136
Trd, 4319072.393, 138
Trd, 4319073.643, 128
Trd, 4319074.393, 132
Trd, 4319074.993, 128
Trd, 4319075.593, 87
Trd, 4319076.993, 106
Trd, 4319077.143, 122
Trd, 4319077.443, 88
Trd, 4319078.243, 126
Trd, 4319078.693, 123
Trd, 4319079.543, 138
Trd, 4319080.543, 140
Trd, 4319081.343, 139
Trd, 4319081.943, 118
Trd, 4319082.093, 129
Trd, 4319082.843, 122
Trd, 4319083.293, 129
Trd, 4319084.043, 108
Trd, 4319085.693, 117
Trd, 4319086.943, 120
Trd, 4319087.993, 113
Trd, 4319088.393, 133
Trd, 4319089.143, 140
Trd, 4319090.243, 135
Trd, 4319090.843, 132
Trd, 4319092.543, 112
Trd, 4319093.993, 134
Trd, 4319094.043, 99
Trd, 4319094.443, 135
Trd, 4319095.093, 79
Trd, 4319095.893, 101
Trd, 4319096.843, 139
Trd, 4319097.093, 128
Trd, 4319098.243, 106
Trd, 4319098.443, 97
Trd, 4319098.643, 105
Trd, 4319098.843, 94
Trd, 4319099.643, 131
Trd, 4319100.243, 85
Trd, 4319100.993, 136
Trd, 4319103.043, 133
Trd, 4319103.843, 133
Trd, 4319104.243, 129
Trd, 4319105.593, 137
Trd, 4319106.343, 138
Trd, 4319107.043, 135
Trd, 4319107.543, 126
Trd, 4319107.993, 128
Trd, 4319108.843, 99
Trd, 4319108.893, 95
Trd, 4319109.043, 71
Trd, 4319110.443, 129
Trd, 4319111.143, 117
Trd, 4319111.993, 139
Trd, 4319112.543, 126
Trd, 4319113.543, 108
Trd, 4319115.443, 137
Trd, 4319118.093, 138
Trd, 4319118.193, 131
Trd, 4319118.543, 128
Trd, 4319120.193, 117
Trd, 4319120.593, 133
Trd, 4319120.793, 117
Trd, 4319122.493, 111
Trd, 4319123.393, 131
Trd, 4319123.743, 135
Trd, 4319124.243, 127
Trd, 4319124.393, 126
Trd, 4319124.943, 102
Trd, 4319127.593, 139
Trd, 4319127.693, 136
Trd, 4319128.093, 134
Trd, 4319128.643, 125
Trd, 4319128.943, 122
Trd, 4319129.093, 102
Trd, 4319129.743, 97
Trd, 4319130.643, 88
Trd, 4319131.093, 120
Trd, 4319131.293, 108
Trd, 4319132.143, 86
Trd, 4319133.143, 136
Trd, 4319133.343, 134
Trd, 4319135.443, 135
Trd, 4319135.943, 125
Trd, 4319136.243, 107
Trd, 4319137.243, 132
Trd, 4319138.543, 127
Trd, 4319139.543, 139
Trd, 4319139.593, 136
Trd, 4319139.843, 135
Trd, 4319139.893, 118
Trd, 4319139.943, 114
Trd, 4319141.293, 134
Trd, 4319143.743, 138
Trd, 4319143.793, 93
Trd, 4319143.843, 91
Trd, 4319144.543, 137
Trd, 4319146.043, 131
Trd, 4319146.243, 114
Trd, 4319146.693, 131
Trd, 4319147.043, 100
Trd, 4319149.443, 135
Trd, 4319151.893, 130
Trd, 4319152.043, 126
Trd, 4319152.843, 108
Trd, 4319153.293, 122
Trd, 4319154.193, 136
Trd, 4319155.293, 140
Trd, 4319155.993, 119
Trd, 4319156.143, 137
Trd, 4319156.643, 117
Trd, 4319158.493, 125
Trd, 4319159.693, 125
Trd, 4319159.793, 84
Trd, 4319160.693, 72
Trd, 4319161.643, 122
Trd, 4319161.893, 121
Trd, 4319163.743, 137
Trd, 4319163.943, 129
Trd, 4319165.243, 120
Trd, 4319165.393, 101
Trd, 4319165.693, 97
Trd, 4319166.793, 121
Trd, 4319167.693, 123
Trd, 4319170.993, 134
Trd, 4319172.843, 136
Trd, 4319174.193, 133
Trd, 4319174.243, 128
Trd, 4319174.743, 117
Trd, 4319175.693, 134
Trd, 4319175.793, 106
Trd, 4319176.193, 139
Trd, 4319176.493, 135
Trd, 4319178.193, 112
Trd, 4319178.493, 102
Trd, 4319178.593, 90
Trd, 4319179.743, 123
Trd, 4319179.993, 120
Trd, 4319181.443, 87
Trd, 4319182.243, 94
Trd, 4319182.443, 73
Trd, 4319183.643, 118
Trd, 4319184.693, 139
Trd, 4319184.943, 120
Trd, 4319186.843, 124
Trd, 4319186.893, 100
Trd, 4319187.743, 95
Trd, 4319187.993, 133
Trd, 4319188.543, 107
Trd, 4319188.843, 107
Trd, 4319190.193, 97
Trd, 4319190.693, 131
Trd, 4319191.543, 140
Trd, 4319192.093, 125
Trd, 4319192.293, 109
Trd, 4319192.743, 128
Trd, 4319193.393, 82
Trd, 4319194.193, 126
Trd, 4319194.893, 121
Trd, 4319195.643, 105
Trd, 4319197.243, 131
Trd, 4319198.543, 138
Trd, 4319199.793, 129
Trd, 4319200.293, 134
Trd, 4319200.393, 118
Trd, 4319200.493, 128
Trd, 4319201.493, 128
Trd, 4319201.543, 121
Trd, 4319202.343, 136
Trd, 4319202.943, 117
Trd, 4319203.343, 110
Trd, 4319204.893, 115
Trd, 4319205.043, 112
Trd, 4319205.793, 133
Trd, 4319206.943, 83
Trd, 4319209.093, 131
Trd, 4319211.443, 138
Trd, 4319211.493, 135
Trd, 4319213.893, 137
Trd, 4319214.493, 137
Trd, 4319215.443, 124
Trd, 4319215.943, 96
Trd, 4319217.443, 140
Trd, 4319217.693, 109
Trd, 4319217.793, 135
Trd, 4319218.993, 135
Trd, 4319222.093, 92
Trd, 4319222.393, 107
Trd, 4319223.593, 122
Trd, 4319224.293, 122
Trd, 4319225.043, 136
Trd, 4319225.393, 127
Trd, 4319226.443, 135
Trd, 4319226.793, 134
Trd, 4319227.193, 129
Trd, 4319228.343, 138
Trd, 4319228.843, 127
Trd, 4319229.193, 127
Trd, 4319231.243, 139
Trd, 4319231.843, 137
Trd, 4319232.193, 128
Trd, 4319232.843, 115
Trd, 4319235.193, 121
Trd, 4319235.343, 116
Trd, 4319235.443, 114
Trd, 4319236.543, 94
Trd, 4319238.043, 138
Trd, 4319238.893, 135
Trd, 4319239.743, 137
Trd, 4319240.593, 138
Trd, 4319240.893, 89
Trd, 4319241.243, 134
Trd, 4319241.593, 83
Trd, 4319241.843, 106
Trd, 4319242.093, 76
Trd, 4319242.543, 126
Trd, 4319242.943, 135
Trd, 4319243.893, 99
Trd, 4319244.643, 107
Trd, 4319244.993, 92
Trd, 4319246.243, 95
Trd, 4319246.443, 107
Trd, 4319248.093, 139
Trd, 4319248.393, 139
Trd, 4319249.143, 116
Trd, 4319249.343, 132
Trd, 4319250.093, 104
Trd, 4319250.343, 82
Trd, 4319251.493, 79
Trd, 4319252.943, 134
Trd, 4319254.643, 116
Trd, 4319254.993, 110
Trd, 4319255.393, 140
Trd, 4319255.593, 139
Trd, 4319256.643, 127
Trd, 4319257.093, 120
Trd, 4319257.643, 91
Trd, 4319259.443, 137
Trd, 4319259.893, 95
Trd, 4319259.943, 119
Trd, 4319260.243, 79
Trd, 4319261.393, 60
Trd, 4319261.843, 139
Trd, 4319262.443, 86
Trd, 4319263.143, 117
Trd, 4319263.493, 85
Trd, 4319264.593, 119
Trd, 4319265.043, 82
Trd, 4319265.493, 127
Trd, 4319265.893, 123
Trd, 4319266.793, 125
Trd, 4319267.843, 99
Trd, 4319268.343, 110
Trd, 4319269.043, 132
Trd, 4319269.293, 109
Trd, 4319270.643, 138
Trd, 4319271.193, 139
Trd, 4319271.493, 130
Trd, 4319272.343, 139
Trd, 4319274.143, 92
Trd, 4319275.893, 139
Trd, 4319276.443, 132
Trd, 4319277.093, 129
Trd, 4319277.193, 107
Trd, 4319278.093, 127
Trd, 4319279.343, 122
Trd, 4319279.693, 131
Trd, 4319280.493, 140
Trd, 4319281.393, 120
Trd, 4319281.793, 119
Trd, 4319283.193, 138
Trd, 4319283.293, 126
Trd, 4319284.443, 110
Trd, 4319284.743, 94
Trd, 4319286.343, 114
Trd, 4319286.393, 112
Trd, 4319287.643, 135
Trd, 4319287.843, 134
Trd, 4319289.643, 124
Trd, 4319290.493, 121
Trd, 4319291.543, 121
Trd, 4319292.193, 138
Trd, 4319292.893, 122
Trd, 4319293.093, 125
Trd, 4319294.093, 120
Trd, 4319294.593, 121
Trd, 4319296.143, 137
Trd, 4319296.643, 108
Trd, 4319297.493, 116
Trd, 4319297.993, 115
Trd, 4319299.843, 136
Trd, 4319301.543, 135
Trd, 4319302.593, 123
Trd, 4319302.693, 104
Trd, 4319302.943, 100
Trd, 4319303.043, 116
Trd, 4319303.993, 110
Trd, 4319304.243, 112
Trd, 4319304.743, 106
Trd, 4319305.443, 112
Trd, 4319306.593, 108
Trd, 4319307.943, 106
Trd, 4319308.643, 138
Trd, 4319308.743, 123
Trd, 4319309.193, 102
Trd, 4319310.293, 132
Trd, 4319310.643, 135
Trd, 4319312.093, 136
Trd, 4319312.843, 136
Trd, 4319314.343, 122
Trd, 4319315.193, 99
Trd, 4319316.593, 137
Trd, 4319318.393, 134
Trd, 4319318.543, 130
Trd, 4319319.543, 127
Trd, 4319319.743, 113
Trd, 4319320.143, 107
Trd, 4319320.543, 131
Trd, 4319321.693, 103
Trd, 4319322.193, 123
Trd, 4319322.893, 125
Trd, 4319323.443, 76
Trd, 4319324.443, 92
Trd, 4319325.343, 68
Trd, 4319327.393, 138
Trd, 4319327.743, 133
Trd, 4319327.793, 122
Trd, 4319327.843, 115
Trd, 4319328.393, 99
Trd, 4319330.793, 131
Trd, 4319330.993, 136
Trd, 4319332.293, 131
Trd, 4319332.743, 130
Trd, 4319333.343, 114
Trd, 4319334.443, 95
Trd, 4319335.243, 113
Trd, 4319337.843, 134
Trd, 4319338.243, 139
Trd, 4319339.093, 129
Trd, 4319339.343, 114
Trd, 4319339.543, 93
Trd, 4319341.293, 139
Trd, 4319341.643, 125
Trd, 4319342.993, 124
Trd, 4319344.143, 136
Trd, 4319344.643, 131
Trd, 4319345.293, 137
Trd, 4319345.493, 126
Trd, 4319345.593, 110
Trd, 4319346.743, 127
Trd, 4319347.093, 124
Trd, 4319348.193, 109
Trd, 4319349.993, 107
Trd, 4319351.143, 86
Trd, 4319352.093, 129
Trd, 4319352.443, 129
Trd, 4319353.443, 116
Trd, 4319354.243, 99
Trd, 4319354.593, 100
Trd, 4319355.543, 135
Trd, 4319356.243, 82
Trd, 4319357.143, 127
Trd, 4319357.893, 134
Trd, 4319358.093, 128
Trd, 4319359.243, 121
Trd, 4319359.643, 118
Trd, 4319359.693, 127
Trd, 4319360.543, 128
Trd, 4319361.793, 132
Trd, 4319362.893, 136
Trd, 4319363.143, 122
Trd, 4319363.693, 128
Trd, 4319364.193, 88
Trd, 4319365.593, 127
Trd, 4319366.693, 122
Trd, 4319366.893, 131
Trd, 4319368.493, 130
Trd, 4319369.343, 136
Trd, 4319369.393, 136
Trd, 4319370.243, 120
Trd, 4319370.793, 119
Trd, 4319371.693, 99
Trd, 4319372.943, 134
Trd, 4319373.043, 115
Trd, 4319373.893, 140
Trd, 4319374.243, 125
Trd, 4319375.093, 82
Trd, 4319376.143, 116
Trd, 4319377.543, 133
Trd, 4319378.243, 136
Trd, 4319379.543, 133
Trd, 4319380.643, 133
Trd, 4319381.043, 101
Trd, 4319381.943, 139
Trd, 4319383.693, 106
Trd, 4319383.793, 112
Trd, 4319384.993, 118
Trd, 4319385.293, 122
Trd, 4319385.493, 116
Trd, 4319386.843, 103
Trd, 4319388.593, 131
Trd, 4319388.693, 119
Trd, 4319389.793, 103
Trd, 4319389.993, 89
Trd, 4319390.693, 114
Trd, 4319390.893, 121
Trd, 4319391.093, 130
Trd, 4319393.143, 97
Trd, 4319393.993, 137
Trd, 4319394.493, 120
Trd, 4319395.393, 116
Trd, 4319395.593, 117
Trd, 4319396.393, 80
Trd, 4319396.993, 102
Trd, 4319397.693, 95
Trd, 4319397.743, 107
Trd, 4319400.043, 138
Trd, 4319400.193, 137
Trd, 4319401.393, 140
Trd, 4319402.243, 138
Trd, 4319404.443, 114
Trd, 4319405.193, 105
Trd, 4319405.243, 115
Trd, 4319406.443, 140
Trd, 4319408.293, 133
Trd, 4319409.193, 133
Trd, 4319409.893, 138
Trd, 4319410.893, 136
Trd, 4319410.943, 121
Trd, 4319411.193, 103
Trd, 4319411.393, 114
Trd, 4319411.843, 97
Trd, 4319412.393, 133
Trd, 4319414.143, 139
Trd, 4319414.343, 121
Trd, 4319416.193, 135
Trd, 4319416.243, 114
Trd, 4319416.893, 137
Trd, 4319418.343, 134
Trd, 4319419.143, 137
Trd, 4319419.243, 127
Trd, 4319420.793, 127
Trd, 4319423.493, 134
Trd, 4319423.843, 123
Trd, 4319425.143, 124
Trd, 4319426.743, 131
Trd, 4319427.093, 135
Trd, 4319427.443, 122
Trd, 4319427.943, 102
Trd, 4319428.343, 71
Trd, 4319429.593, 82
Trd, 4319430.993, 104
Trd, 4319431.043, 108
Trd, 4319433.043, 132
Trd, 4319433.893, 129
Trd, 4319435.143, 91
Trd, 4319435.793, 112
Trd, 4319436.093, 105
Trd, 4319437.793, 127
Trd, 4319438.893, 131
Trd, 4319439.743, 137
Trd, 4319439.943, 129
Trd, 4319440.793, 119
Trd, 4319442.293, 119
Trd, 4319443.593, 139
Trd, 4319444.293, 136
Trd, 4319444.543, 133
Trd, 4319444.993, 133
Trd, 4319445.543, 123
Trd, 4319446.443, 108
Trd, 4319447.693, 96
Trd, 4319447.743, 98
Trd, 4319447.993, 69
Trd, 4319448.143, 103
Trd, 4319448.493, 112
Trd, 4319449.043, 78
Trd, 4319449.543, 89
Trd, 4319449.743, 101
Trd, 4319450.793, 140
Trd, 4319451.393, 124
Trd, 4319452.043, 84
Trd, 4319452.943, 108
Trd, 4319453.243, 63
Trd, 4319454.393, 131
Trd, 4319456.193, 120
Trd, 4319457.293, 129
Trd, 4319457.393, 91
Trd, 4319458.393, 125
Trd, 4319458.793, 123
Trd, 4319458.893, 129
Trd, 4319460.343, 75
Trd, 4319461.943, 105
Trd, 4319461.993, 88
Trd, 4319462.643, 84
Trd, 4319463.393, 108
Trd, 4319465.243, 139
Trd, 4319465.543, 134
Trd, 4319466.893, 128
Trd, 4319467.093, 112
Trd, 4319467.293, 95
Trd, 4319467.393, 90
Trd, 4319468.643, 118
Trd, 4319469.443, 105
Trd, 4319469.693, 65
Trd, 4319470.043, 88
Trd, 4319471.643, 128
Trd, 4319472.193, 139
Trd, 4319473.493, 103
Trd, 4319473.693, 101
Trd, 4319474.743, 111
Trd, 4319474.843, 126
Trd, 4319475.093, 75
Trd, 4319475.343, 98
Trd, 4319476.593, 139
Trd, 4319476.793, 130
Trd, 4319478.443, 93
Trd, 4319478.593, 87
Trd, 4319478.943, 130
Trd, 4319480.643, 122
Trd, 4319481.493, 134
Trd, 4319481.593, 123
Trd, 4319482.043, 125
Trd, 4319482.143, 92
Trd, 4319484.543, 138
Trd, 4319485.093, 100
Trd, 4319485.393, 88
Trd, 4319486.043, 118
Trd, 4319486.643, 137
Trd, 4319488.343, 116
Trd, 4319489.293, 112
Trd, 4319489.593, 123
Trd, 4319489.643, 126
Trd, 4319490.293, 115
Trd, 4319491.643, 87
Trd, 4319491.693, 103
Trd, 4319492.093, 131
Trd, 4319493.743, 91
Trd, 4319494.493, 100
Trd, 4319495.243, 137
Trd, 4319497.093, 129
Trd, 4319497.143, 115
Trd, 4319498.143, 110
Trd, 4319498.993, 130
Trd, 4319499.143, 135
Trd, 4319499.893, 119
Trd, 4319500.193, 121
Trd, 4319501.943, 127
Trd, 4319503.393, 139
Trd, 4319503.643, 96
Trd, 4319505.243, 121
Trd, 4319505.393, 110
Trd, 4319505.493, 135
Trd, 4319506.693, 136
Trd, 4319506.793, 123
Trd, 4319507.143, 86
Trd, 4319508.843, 115
Trd, 4319509.543, 121
Trd, 4319509.993, 139
Trd, 4319510.643, 138
Trd, 4319511.293, 137
Trd, 4319511.943, 127
Trd, 4319512.343, 108
Trd, 4319513.893, 118
Trd, 4319514.743, 132
Trd, 4319515.343, 109
Trd, 4319515.593, 139
Trd, 4319516.943, 130
Trd, 4319518.243, 129
Trd, 4319518.543, 123
Trd, 4319519.793, 107
Trd, 4319520.243, 107
Trd, 4319520.893, 119
Trd, 4319521.593, 138
Trd, 4319521.893, 108
Trd, 4319522.843, 98
Trd, 4319523.793, 73
Trd, 4319524.193, 108
Trd, 4319524.643, 138
Trd, 4319524.793, 132
Trd, 4319526.143, 105
Trd, 4319526.943, 138
Trd, 4319527.193, 109
Trd, 4319527.643, 134
Trd, 4319528.843, 136
Trd, 4319529.043, 128
Trd, 4319531.293, 130
Trd, 4319532.193, 136
Trd, 4319532.943, 110
Trd, 4319534.593, 130
Trd, 4319535.543, 123
Trd, 4319536.443, 121
Trd, 4319536.643, 115
Trd, 4319537.293, 134
Trd, 4319537.793, 117
Trd, 4319537.843, 105
Trd, 4319538.243, 99
Trd, 4319538.743, 129
Trd, 4319539.143, 99
Trd, 4319539.793, 71
Trd, 4319541.293, 138
Trd, 4319542.243, 124
Trd, 4319544.193, 125
Trd, 4319544.543, 96
Trd, 4319544.593, 120
Trd, 4319545.893, 101
Trd, 4319546.193, 96
Trd, 4319547.193, 134
Trd, 4319547.443, 137
Trd, 4319548.593, 120
Trd, 4319549.593, 131
Trd, 4319551.193, 139
Trd, 4319551.343, 139
Trd, 4319552.593, 139
Trd, 4319552.893, 128
Trd, 4319553.443, 112
Trd, 4319554.543, 90
Trd, 4319555.543, 123
Trd, 4319556.343, 87
Trd, 4319556.543, 113
Trd, 4319557.593, 134
Trd, 4319558.793, 117
Trd, 4319558.843, 115
Trd, 4319559.843, 136
Trd, 4319560.543, 117
Trd, 4319560.643, 92
Trd, 4319561.243, 133
Trd, 4319561.293, 86
Trd, 4319562.893, 132
Trd, 4319563.193, 129
Trd, 4319564.243, 133
Trd, 4319565.593, 124
Trd, 4319565.943, 120
Trd, 4319566.093, 123
Trd, 4319569.393, 136
Trd, 4319570.143, 137
Trd, 4319570.193, 135
Trd, 4319571.043, 136
Trd, 4319573.343, 123
Trd, 4319574.093, 112
Trd, 4319574.243, 128
Trd, 4319575.043, 124
Trd, 4319576.393, 135
Trd, 4319577.143, 119
Trd, 4319578.343, 96
Trd, 4319580.043, 139
Trd, 4319581.093, 131
Trd, 4319581.543, 136
Trd, 4319582.193, 125
Trd, 4319583.043, 119
Trd, 4319583.443, 134
Trd, 4319583.893, 123
Trd, 4319584.493, 112
Trd, 4319586.643, 119
Trd, 4319587.843, 134
Trd, 4319587.993, 104
Trd, 4319589.843, 96
Trd, 4319590.193, 104
Trd, 4319592.243, 113
Trd, 4319592.293, 115
Trd, 4319593.343, 126
Trd, 4319593.543, 140
Trd, 4319594.043, 123
Trd, 4319595.643, 126
Trd, 4319596.243, 118
Trd, 4319596.793, 124
Trd, 4319597.343, 140
Trd, 4319597.543, 85
Trd, 4319599.743, 136
Trd, 4319601.243, 114
Trd, 4319601.443, 110
Trd, 4319601.543, 96
Trd, 4319602.643, 138
Trd, 4319604.043, 132
Trd, 4319604.443, 128
Trd, 4319606.243, 135
Trd, 4319606.693, 115
Trd, 4319607.043, 125
Trd, 4319609.943, 138
Trd, 4319610.343, 130
Trd, 4319610.743, 120
Trd, 4319611.043, 109
Trd, 4319611.493, 99
Trd, 4319611.593, 82
Trd, 4319611.943, 120
Trd, 4319614.843, 136
Trd, 4319614.893, 136
Trd, 4319615.693, 83
Trd, 4319616.043, 75
Trd, 4319616.093, 63
Trd, 4319618.543, 124
Trd, 4319619.143, 118
Trd, 4319620.593, 133
Trd, 4319621.693, 135
Trd, 4319621.993, 126
Trd, 4319624.343, 139
Trd, 4319624.593, 136
Trd, 4319625.843, 138
Trd, 4319626.443, 116
Trd, 4319628.543, 138
Trd, 4319628.743, 132
Trd, 4319628.793, 107
Trd, 4319629.193, 138
Trd, 4319629.643, 118
Trd, 4319630.593, 137
Trd, 4319631.643, 105
Trd, 4319633.193, 118
Trd, 4319634.593, 139
Trd, 4319634.693, 131
Trd, 4319634.893, 139
Trd, 4319634.943, 129
Trd, 4319634.993, 120
Trd, 4319635.893, 139
Trd, 4319636.293, 121
Trd, 4319636.993, 117
Trd, 4319639.393, 116
Trd, 4319640.743, 117
Trd, 4319640.943, 121
Trd, 4319641.793, 133
Trd, 4319642.793, 129
Trd, 4319643.293, 126
Trd, 4319643.493, 114
Trd, 4319643.543, 113
Trd, 4319643.743, 99
Trd, 4319645.693, 137
Trd, 4319646.243, 131
Trd, 4319646.543, 103
Trd, 4319648.043, 125
Trd, 4319648.593, 109
Trd, 4319649.793, 86
Trd, 4319649.843, 83
Trd, 4319650.093, 88
Trd, 4319651.393, 137
Trd, 4319652.143, 123
Trd, 4319652.193, 99
Trd, 4319654.143, 138
Trd, 4319654.443, 128
Trd, 4319654.643, 121
Trd, 4319656.943, 138
Trd, 4319657.493, 113
Trd, 4319658.193, 108
Trd, 4319660.343, 132
Trd, 4319660.393, 130
Trd, 4319661.093, 136
Trd, 4319661.593, 126
Trd, 4319662.343, 120
Trd, 4319662.743, 92
Trd, 4319662.993, 113
Trd, 4319663.943, 130
Trd, 4319665.593, 120
Trd, 4319667.743, 132
Trd, 4319668.093, 129
Trd, 4319669.193, 138
Trd, 4319669.243, 131
Trd, 4319670.693, 136
Trd, 4319670.743, 122
Trd, 4319671.393, 99
Trd, 4319672.193, 131
Trd, 4319674.243, 133
Trd, 4319674.993, 119
Trd, 4319676.493, 138
Trd, 4319676.693, 119
Trd, 4319676.993, 130
Trd, 4319677.093, 119
Trd, 4319677.843, 127
Trd, 4319678.943, 108
Trd, 4319679.193, 123
Trd, 4319680.893, 108
Trd, 4319681.243, 74
Trd, 4319681.493, 132
Trd, 4319681.943, 109
Trd, 4319682.293, 130
Trd, 4319682.443, 92
Trd, 4319683.143, 115
Trd, 4319683.943, 121
Trd, 4319684.793, 129
Trd, 4319685.793, 135
Trd, 4319686.143, 107
Trd, 4319687.893, 131
Trd, 4319687.993, 127
Trd, 4319688.943, 135
Trd, 4319689.793, 123
Trd, 4319691.843, 139
Trd, 4319693.943, 140
Trd, 4319694.593, 119
Trd, 4319694.843, 106
Trd, 4319696.593, 137
Trd, 4319696.693, 131
Trd, 4319697.143, 103
Trd, 4319697.293, 126
Trd, 4319697.393, 137
Trd, 4319698.293, 77
Trd, 4319698.343, 72
Trd, 4319699.093, 137
Trd, 4319699.343, 128
Trd, 4319701.843, 131
Trd, 4319701.993, 109
Trd, 4319703.493, 103
Trd, 4319704.393, 135
Trd, 4319704.593, 116
Trd, 4319705.243, 117
Trd, 4319705.293, 112
Trd, 4319706.493, 136
Trd, 4319707.543, 140
Trd, 4319708.143, 137
Trd, 4319708.443, 127
Trd, 4319708.743, 102
Trd, 4319708.993, 93
Trd, 4319709.293, 113
Trd, 4319710.293, 122
Trd, 4319711.843, 139
Trd, 4319712.493, 140
Trd, 4319713.793, 137
Trd, 4319714.093, 102
Trd, 4319714.443, 111
Trd, 4319714.643, 101
Trd, 4319715.943, 133
Trd, 4319716.943, 140
Trd, 4319718.893, 139
Trd, 4319720.993, 129
Trd, 4319721.343, 89
Trd, 4319721.593, 91
Trd, 4319721.693, 101
Trd, 4319722.143, 140
Trd, 4319722.643, 124
Trd, 4319724.343, 118
Trd, 4319724.843, 127
Trd, 4319725.093, 116
Trd, 4319725.143, 100
Trd, 4319726.393, 140
Trd, 4319727.543, 121
Trd, 4319727.793, 114
Trd, 4319728.293, 133
Trd, 4319728.643, 121
Trd, 4319730.443, 130
Trd, 4319730.543, 117
Trd, 4319730.843, 137
Trd, 4319731.193, 98
Trd, 4319731.943, 84
Trd, 4319732.143, 90
Trd, 4319732.893, 135
Trd, 4319734.543, 121
Trd, 4319734.893, 102
Trd, 4319735.343, 114
Trd, 4319736.193, 99
Trd, 4319736.743, 107
Trd, 4319737.643, 110
Trd, 4319737.793, 135
Trd, 4319738.443, 127
Trd, 4319739.443, 118
Trd, 4319740.393, 125
Trd, 4319743.293, 138
Trd, 4319743.693, 128
Trd, 4319744.093, 107
Trd, 4319744.693, 105
Trd, 4319745.293, 105
Trd, 4319745.693, 95
Trd, 4319746.743, 133
Trd, 4319747.193, 137
Trd, 4319750.543, 139
Trd, 4319752.493, 137
Trd, 4319752.693, 134
Trd, 4319752.743, 126
Trd, 4319755.493, 122
Trd, 4319756.193, 131
Trd, 4319756.893, 121
Trd, 4319756.993, 122
Trd, 4319757.393, 114
Trd, 4319758.343, 100
Trd, 4319760.493, 139
Trd, 4319762.143, 113
Trd, 4319762.193, 125
Trd, 4319762.493, 110
Trd, 4319762.743, 110
Trd, 4319763.493, 86
Trd, 4319765.143, 120
Trd, 4319765.893, 88
Trd, 4319766.193, 114
Trd, 4319767.493, 131
Trd, 4319768.493, 139
Trd, 4319768.693, 131
Trd, 4319768.743, 104
Trd, 4319770.493, 138
Trd, 4319772.093, 135
Trd, 4319773.393, 133
Trd, 4319774.493, 136
Trd, 4319774.843, 123
Trd, 4319775.543, 105
Trd, 4319777.443, 72
Trd, 4319777.543, 103
Trd, 4319778.343, 70
Trd, 4319778.543, 80
Trd, 4319780.543, 111
Trd, 4319780.793, 99
Trd, 4319780.993, 125
Trd, 4319781.743, 131
Trd, 4319782.343, 122
Trd, 4319782.993, 101
Trd, 4319784.143, 116
Trd, 4319785.893, 137
Trd, 4319786.043, 124
Trd, 4319787.343, 136
Trd, 4319788.193, 138
Trd, 4319788.393, 130
Trd, 4319789.143, 118
Trd, 4319789.193, 114
Trd, 4319789.793, 119
Trd, 4319792.693, 137
Trd, 4319793.343, 140
Trd, 4319794.043, 135
Trd, 4319794.293, 119
Trd, 4319795.043, 77
Trd, 4319795.593, 130
Trd, 4319796.493, 103
Trd, 4319798.443, 134
Trd, 4319798.643, 130
Trd, 4319798.993, 139
Trd, 4319800.543, 125
Trd, 4319800.893, 137
Trd, 4319801.343, 106
Trd, 4319802.443, 121
Trd, 4319804.393, 132
Trd, 4319806.093, 134
Trd, 4319807.043, 130
Trd, 4319807.393, 130
Trd, 4319807.793, 115
Trd, 4319809.593, 134
Trd, 4319811.093, 139
Trd, 4319811.743, 128
Trd, 4319812.193, 138
Trd, 4319812.243, 137
Trd, 4319813.043, 140
Trd, 4319813.393, 125
Trd, 4319813.693, 88
Trd, 4319815.393, 122
Trd, 4319815.743, 85
Trd, 4319816.743, 92
Trd, 4319816.993, 117
Trd, 4319817.943, 111
Trd, 4319820.093, 136
Trd, 4319820.343, 129
Trd, 4319820.993, 132
Trd, 4319822.043, 112
Trd, 4319822.793, 125
Trd, 4319824.043, 139
Trd, 4319824.843, 139
Trd, 4319825.693, 137
Trd, 4319825.893, 111
Trd, 4319827.443, 138
Trd, 4319830.193, 140
Trd, 4319830.593, 139
Trd, 4319831.543, 128
Trd, 4319832.093, 130
Trd, 4319832.193, 120
Trd, 4319833.143, 135
Trd, 4319833.393, 129
Trd, 4319833.893, 130
Trd, 4319833.943, 100
Trd, 4319834.493, 112
Trd, 4319834.643, 94
Trd, 4319836.443, 75
Trd, 4319836.543, 88
Trd, 4319837.843, 136
Trd, 4319838.843, 133
Trd, 4319838.993, 130
Trd, 4319840.293, 138
Trd, 4319841.293, 126
Trd, 4319841.493, 128
Trd, 4319841.943, 126
Trd, 4319843.093, 119
Trd, 4319843.993, 122
Trd, 4319845.193, 137
Trd, 4319846.943, 140
Trd, 4319847.293, 140
Trd, 4319849.243, 136
Trd, 4319850.043, 135
Trd, 4319851.043, 127
Trd, 4319852.293, 119
Trd, 4319853.143, 139
Trd, 4319855.243, 136
Trd, 4319856.443, 136
Trd, 4319856.493, 129
Trd, 4319856.643, 126
Trd, 4319856.993, 119
Trd, 4319857.893, 102
Trd, 4319859.243, 138
Trd, 4319859.443, 101
Trd, 4319860.843, 139
Trd, 4319861.143, 114
Trd, 4319862.243, 122
Trd, 4319863.043, 127
Trd, 4319863.143, 119
Trd, 4319863.793, 130
Trd, 4319863.993, 104
Trd, 4319865.243, 121
Trd, 4319866.393, 139
Trd, 4319867.193, 114
Trd, 4319868.793, 138
Trd, 4319869.143, 119
Trd, 4319869.493, 92
Trd, 4319869.943, 129
Trd, 4319870.743, 139
Trd, 4319871.743, 137
Trd, 4319874.743, 134
Trd, 4319874.993, 105
Trd, 4319875.343, 125
Trd, 4319876.293, 126
Trd, 4319876.593, 119
Trd, 4319878.193, 139
Trd, 4319878.793, 135
Trd, 4319879.593, 134
Trd, 4319880.643, 133
Trd, 4319881.093, 110
Trd, 4319881.593, 99
Trd, 4319881.893, 90
Trd, 4319882.393, 135
Trd, 4319882.693, 72
Trd, 4319885.793, 121
Trd, 4319886.243, 134
Trd, 4319886.643, 129
Trd, 4319886.843, 115
Trd, 4319888.093, 127
Trd, 4319890.243, 138
Trd, 4319890.293, 136
Trd, 4319890.943, 139
Trd, 4319892.243, 133
Trd, 4319892.693, 127
Trd, 4319893.393, 118
Trd, 4319893.643, 123
Trd, 4319895.093, 137
Trd, 4319896.493, 133
Trd, 4319896.743, 133
Trd, 4319896.993, 124
Trd, 4319898.293, 102
Trd, 4319899.093, 118
Trd, 4319900.643, 136
Trd, 4319901.243, 137
Trd, 4319901.343, 116
Trd, 4319903.393, 106
Trd, 4319905.393, 116
Trd, 4319906.943, 101
Trd, 4319907.293, 96
Trd, 4319907.443, 86
Trd, 4319907.643, 120
Trd, 4319907.993, 135
Trd, 4319909.193, 134
Trd, 4319910.393, 113
Trd, 4319911.793, 127
Trd, 4319912.193, 107
Trd, 4319912.243, 94
Trd, 4319912.543, 121
Trd, 4319913.993, 136
Trd, 4319915.393, 138
Trd, 4319915.893, 123
Trd, 4319916.143, 122
Trd, 4319916.293, 100
Trd, 4319916.993, 100
Trd, 4319918.193, 84
Trd, 4319918.243, 92
Trd, 4319918.843, 79
Trd, 4319919.843, 135
Trd, 4319919.893, 132
Trd, 4319921.893, 133
Trd, 4319923.493, 134
Trd, 4319923.643, 121
Trd, 4319923.793, 114
Trd, 4319925.243, 133
Trd, 4319925.443, 128
Trd, 4319926.493, 121
Trd, 4319926.693, 108
Trd, 4319930.043, 134
Trd, 4319930.193, 133
Trd, 4319930.243, 129
Trd, 4319930.343, 117
Trd, 4319932.043, 123
Trd, 4319932.493, 112
Trd, 4319933.293, 133
Trd, 4319934.643, 134
Trd, 4319935.493, 128
Trd, 4319936.393, 132
Trd, 4319938.043, 133
Trd, 4319938.543, 131
Trd, 4319939.393, 135
Trd, 4319939.543, 118
Trd, 4319939.643, 101
Trd, 4319940.393, 119
Trd, 4319941.343, 72
Trd, 4319942.093, 74
Trd, 4319942.143, 76
Trd, 4319943.743, 88
Trd, 4319943.943, 110
Trd, 4319944.393, 134
Trd, 4319945.493, 104
Trd, 4319946.943, 137
Trd, 4319947.093, 130
Trd, 4319948.043, 120
Trd, 4319948.693, 91
Trd, 4319950.543, 132
Trd, 4319951.143, 133
Trd, 4319951.943, 104
Trd, 4319952.843, 134
Trd, 4319952.993, 129
Trd, 4319954.543, 134
Trd, 4319955.443, 120
Trd, 4319955.493, 120
Trd, 4319956.643, 140
Trd, 4319957.993, 107
Trd, 4319958.293, 122
Trd, 4319959.793, 114
Trd, 4319960.043, 99
Trd, 4319960.193, 94
Trd, 4319960.493, 71
Trd, 4319961.743, 80
Trd, 4319962.093, 113
Trd, 4319962.893, 131
Trd, 4319963.743, 121
Trd, 4319964.893, 135
Trd, 4319965.143, 118
Trd, 4319965.493, 121
Trd, 4319966.843, 80
Trd, 4319967.593, 79
Trd, 4319969.593, 93
Trd, 4319969.843, 71
Trd, 4319970.293, 70
Trd, 4319970.493, 73
Trd, 4319970.993, 105
Trd, 4319972.293, 139
Trd, 4319973.243, 130
Trd, 4319974.743, 134
Trd, 4319977.393, 140
Trd, 4319977.643, 93
Trd, 4319977.793, 139
Trd, 4319979.343, 137
Trd, 4319979.643, 123
Trd, 4319981.543, 138
Trd, 4319981.893, 135
Trd, 4319982.493, 118
Trd, 4319982.993, 115
Trd, 4319983.443, 128
Trd, 4319983.993, 128
Trd, 4319984.693, 137
Trd, 4319986.693, 136
Trd, 4319988.243, 104
Trd, 4319988.693, 133
Trd, 4319988.893, 127
Trd, 4319989.993, 107
Trd, 4319990.093, 117
Trd, 4319991.243, 104
Trd, 4319991.543, 74
Trd, 4319991.643, 101
Trd, 4319992.093, 91
Trd, 4319993.393, 93
Trd, 4319994.693, 100
Trd, 4319995.493, 110
Trd, 4319995.543, 122
Trd, 4319995.893, 119
Trd, 4319998.643, 107
