Trd, 4318126.143, 67
Trd, 4318126.793, 66
Trd, 4318128.093, 98
Trd, 4318128.393, 98
Trd, 4318128.593, 126
Trd, 4318129.493, 140
Trd, 4318130.693, 138
Trd, 4318131.143, 97
Trd, 4318132.293, 95
Trd, 4318132.393, 84
Trd, 4318134.493, 140
Trd, 4318134.593, 140
Trd, 4318134.943, 140
Trd, 4318135.893, 140
Trd, 4318136.193, 140
Trd, 4318137.743, 140
Trd, 4318137.943, 140
Trd, 4318138.443, 140
Trd, 4318139.493, 140
Trd, 4318142.043, 140
Trd, 4318142.193, 140
Trd, 4318143.093, 140
Trd, 4318144.543, 140
Trd, 4318144.743, 140
Trd, 4318144.993, 139
Trd, 4318145.093, 99
Trd, 4318145.743, 100
Trd, 4318145.943, 95
Trd, 4318146.893, 140
Trd, 4318146.943, 70
Trd, 4318148.193, 60
Trd, 4318149.093, 61
Trd, 4318149.493, 60
Trd, 4318149.943, 102
Trd, 4318151.793, 61
Trd, 4318151.943, 83
Trd, 4318152.193, 97
Trd, 4318153.993, 60
Trd, 4318154.993, 62
Trd, 4318155.043, 71
Trd, 4318156.093, 67
Trd, 4318157.593, 63
Trd, 4318158.293, 63
Trd, 4318158.793, 63
Trd, 4318158.893, 62
Trd, 4318160.543, 71
Trd, 4318161.493, 62
Trd, 4318161.693, 66
Trd, 4318161.843, 102
Trd, 4318163.093, 78
Trd, 4318163.643, 76
Trd, 4318164.443, 60
Trd, 4318164.493, 60
Trd, 4318164.893, 62
Trd, 4318165.043, 117
Trd, 4318165.443, 137
Trd, 4318167.593, 140
Trd, 4318168.643, 139
Trd, 4318169.043, 140
Trd, 4318169.143, 140
Trd, 4318169.543, 139
Trd, 4318170.393, 140
Trd, 4318170.743, 139
Trd, 4318171.343, 135
Trd, 4318172.193, 114
Trd, 4318172.743, 124
Trd, 4318173.193, 122
Trd, 4318173.543, 140
Trd, 4318174.543, 140
Trd, 4318174.943, 140
Trd, 4318177.043, 140
Trd, 4318177.243, 140
Trd, 4318177.693, 140
Trd, 4318178.593, 134
Trd, 4318180.093, 139
Trd, 4318180.843, 140
Trd, 4318182.043, 140
Trd, 4318182.193, 140
Trd, 4318182.643, 140
Trd, 4318182.943, 139
Trd, 4318183.143, 138
Trd, 4318183.993, 140
Trd, 4318184.443, 79
Trd, 4318185.943, 60
Trd, 4318186.093, 60
Trd, 4318187.943, 60
Trd, 4318188.443, 60
Trd, 4318189.893, 60
Trd, 4318190.493, 61
Trd, 4318190.643, 64
Trd, 4318191.293, 70
Trd, 4318192.493, 61
Trd, 4318193.193, 66
Trd, 4318193.243, 106
Trd, 4318194.093, 69
Trd, 4318194.393, 64
Trd, 4318194.843, 109
Trd, 4318195.293, 70
Trd, 4318196.043, 139
Trd, 4318196.293, 86
Trd, 4318197.543, 62
Trd, 4318197.793, 64
Trd, 4318197.943, 130
Trd, 4318198.343, 65
Trd, 4318199.893, 63
Trd, 4318200.343, 84
Trd, 4318201.093, 140
Trd, 4318202.043, 140
Trd, 4318202.093, 140
Trd, 4318202.593, 138
Trd, 4318203.943, 140
Trd, 4318205.093, 140
Trd, 4318205.643, 140
Trd, 4318205.893, 140
Trd, 4318206.743, 140
Trd, 4318207.393, 140
Trd, 4318208.093, 139
Trd, 4318208.293, 138
Trd, 4318209.993, 140
Trd, 4318210.543, 139
Trd, 4318211.293, 139
Trd, 4318211.393, 110
Trd, 4318211.643, 104
Trd, 4318211.693, 81
Trd, 4318212.443, 136
Trd, 4318212.793, 140
Trd, 4318215.043, 90
Trd, 4318215.393, 91
Trd, 4318215.993, 140
Trd, 4318216.493, 138
Trd, 4318218.793, 140
Trd, 4318219.393, 140
Trd, 4318219.493, 140
Trd, 4318219.793, 140
Trd, 4318220.043, 140
Trd, 4318220.893, 140
Trd, 4318221.393, 139
Trd, 4318222.393, 140
Trd, 4318222.743, 140
Trd, 4318222.943, 140
Trd, 4318223.643, 140
Trd, 4318224.693, 138
Trd, 4318225.193, 84
Trd, 4318226.043, 123
Trd, 4318227.793, 61
Trd, 4318227.943, 65
Trd, 4318229.093, 60
Trd, 4318229.593, 129
Trd, 4318229.943, 83
Trd, 4318230.743, 140
Trd, 4318230.893, 140
Trd, 4318231.743, 140
Trd, 4318232.843, 140
Trd, 4318233.393, 140
Trd, 4318233.693, 140
Trd, 4318235.643, 140
Trd, 4318235.893, 140
Trd, 4318236.543, 140
Trd, 4318238.293, 140
Trd, 4318239.143, 140
Trd, 4318239.193, 140
Trd, 4318239.593, 140
Trd, 4318239.893, 139
Trd, 4318240.593, 140
Trd, 4318240.993, 138
Trd, 4318241.093, 131
Trd, 4318241.443, 107
Trd, 4318242.293, 140
Trd, 4318242.593, 139
Trd, 4318244.043, 97
Trd, 4318245.043, 140
Trd, 4318246.143, 134
Trd, 4318246.943, 135
Trd, 4318246.993, 133
Trd, 4318247.343, 97
Trd, 4318247.493, 95
Trd, 4318248.793, 139
Trd, 4318249.693, 136
Trd, 4318250.393, 135
Trd, 4318250.843, 137
Trd, 4318251.293, 140
Trd, 4318253.043, 140
Trd, 4318253.643, 140
Trd, 4318254.193, 140
Trd, 4318254.543, 138
Trd, 4318254.843, 139
Trd, 4318255.293, 133
Trd, 4318256.393, 125
Trd, 4318257.193, 138
Trd, 4318257.543, 140
Trd, 4318258.943, 140
Trd, 4318259.443, 140
Trd, 4318259.643, 140
Trd, 4318261.193, 140
Trd, 4318261.343, 140
Trd, 4318261.593, 138
Trd, 4318262.143, 68
Trd, 4318262.943, 140
Trd, 4318263.893, 140
Trd, 4318265.143, 140
Trd, 4318266.293, 140
Trd, 4318266.993, 140
Trd, 4318267.193, 140
Trd, 4318267.293, 131
Trd, 4318268.443, 140
Trd, 4318268.893, 139
Trd, 4318269.493, 140
Trd, 4318269.993, 140
Trd, 4318270.943, 140
Trd, 4318272.043, 140
Trd, 4318272.293, 140
Trd, 4318272.443, 140
Trd, 4318273.143, 138
Trd, 4318275.043, 139
Trd, 4318276.043, 140
Trd, 4318276.193, 139
Trd, 4318276.343, 138
Trd, 4318277.843, 110
Trd, 4318277.893, 109
Trd, 4318279.193, 139
Trd, 4318279.243, 139
Trd, 4318279.543, 81
Trd, 4318279.943, 85
Trd, 4318280.993, 140
Trd, 4318281.743, 140
Trd, 4318282.943, 140
Trd, 4318284.093, 140
Trd, 4318285.493, 140
Trd, 4318285.693, 140
Trd, 4318286.893, 140
Trd, 4318287.093, 140
Trd, 4318287.693, 140
Trd, 4318289.443, 140
Trd, 4318289.643, 139
Trd, 4318290.143, 139
Trd, 4318291.093, 140
Trd, 4318291.293, 140
Trd, 4318291.643, 140
Trd, 4318292.443, 140
Trd, 4318292.993, 139
Trd, 4318293.493, 130
Trd, 4318293.843, 140
Trd, 4318293.943, 93
Trd, 4318294.543, 67
Trd, 4318296.493, 140
Trd, 4318296.843, 140
Trd, 4318297.793, 140
Trd, 4318298.093, 138
Trd, 4318299.043, 140
Trd, 4318299.143, 139
Trd, 4318299.543, 140
Trd, 4318300.493, 61
Trd, 4318302.443, 140
Trd, 4318302.643, 140
Trd, 4318303.943, 140
Trd, 4318304.193, 140
Trd, 4318304.643, 140
Trd, 4318305.893, 140
Trd, 4318306.043, 140
Trd, 4318306.193, 140
Trd, 4318307.493, 140
Trd, 4318307.943, 140
Trd, 4318308.393, 100
Trd, 4318309.443, 139
Trd, 4318310.143, 84
Trd, 4318310.343, 139
Trd, 4318311.443, 138
Trd, 4318313.093, 71
Trd, 4318313.493, 71
Trd, 4318315.243, 139
Trd, 4318315.843, 71
Trd, 4318315.993, 70
Trd, 4318316.843, 140
Trd, 4318317.443, 137
Trd, 4318319.143, 140
Trd, 4318319.443, 140
Trd, 4318319.643, 107
Trd, 4318320.193, 107
Trd, 4318320.993, 140
Trd, 4318321.643, 140
Trd, 4318323.343, 140
Trd, 4318324.043, 140
Trd, 4318324.393, 140
Trd, 4318325.543, 140
Trd, 4318326.243, 140
Trd, 4318326.843, 140
Trd, 4318327.343, 140
Trd, 4318328.193, 140
Trd, 4318328.243, 140
Trd, 4318329.493, 140
Trd, 4318329.743, 140
Trd, 4318330.243, 134
Trd, 4318331.093, 138
Trd, 4318331.793, 67
Trd, 4318331.993, 63
Trd, 4318333.343, 136
Trd, 4318334.893, 140
Trd, 4318335.743, 140
Trd, 4318335.793, 140
Trd, 4318336.493, 139
Trd, 4318336.893, 138
Trd, 4318337.343, 140
Trd, 4318337.493, 140
Trd, 4318337.943, 101
Trd, 4318339.493, 139
Trd, 4318340.093, 138
Trd, 4318340.493, 107
Trd, 4318341.793, 140
Trd, 4318342.293, 116
Trd, 4318342.893, 64
Trd, 4318343.243, 95
Trd, 4318344.443, 96
Trd, 4318344.643, 139
Trd, 4318344.993, 93
Trd, 4318345.293, 92
Trd, 4318345.693, 106
Trd, 4318347.193, 140
Trd, 4318348.393, 140
Trd, 4318348.593, 140
Trd, 4318350.243, 140
Trd, 4318351.893, 140
Trd, 4318352.193, 140
Trd, 4318352.393, 140
Trd, 4318353.293, 140
Trd, 4318353.343, 140
Trd, 4318353.943, 139
Trd, 4318354.493, 140
Trd, 4318354.843, 138
Trd, 4318355.393, 138
Trd, 4318356.493, 89
Trd, 4318356.643, 88
Trd, 4318357.643, 140
Trd, 4318357.993, 140
Trd, 4318359.693, 140
Trd, 4318359.843, 139
Trd, 4318359.993, 119
Trd, 4318360.793, 140
Trd, 4318362.943, 140
Trd, 4318363.193, 139
Trd, 4318363.393, 138
Trd, 4318364.343, 139
Trd, 4318364.393, 133
Trd, 4318364.943, 140
Trd, 4318365.343, 140
Trd, 4318367.193, 140
Trd, 4318367.243, 139
Trd, 4318367.943, 140
Trd, 4318369.093, 140
Trd, 4318369.293, 140
Trd, 4318370.493, 140
Trd, 4318371.243, 140
Trd, 4318371.693, 140
Trd, 4318372.593, 140
Trd, 4318373.293, 140
Trd, 4318373.743, 139
Trd, 4318374.793, 140
Trd, 4318375.843, 140
Trd, 4318376.743, 140
Trd, 4318377.293, 140
Trd, 4318378.693, 140
Trd, 4318378.893, 140
Trd, 4318379.743, 140
Trd, 4318379.893, 139
Trd, 4318380.293, 140
Trd, 4318380.793, 140
Trd, 4318382.193, 138
Trd, 4318382.643, 137
Trd, 4318384.443, 140
Trd, 4318384.593, 140
Trd, 4318384.993, 140
Trd, 4318385.793, 140
Trd, 4318386.043, 140
Trd, 4318386.693, 125
Trd, 4318387.943, 140
Trd, 4318388.943, 140
Trd, 4318389.443, 140
Trd, 4318389.793, 140
Trd, 4318391.193, 139
Trd, 4318392.293, 140
Trd, 4318392.493, 140
Trd, 4318392.643, 140
Trd, 4318394.193, 140
Trd, 4318394.793, 140
Trd, 4318396.343, 140
Trd, 4318397.193, 140
Trd, 4318397.843, 140
Trd, 4318398.093, 140
Trd, 4318398.843, 140
Trd, 4318398.893, 132
Trd, 4318399.043, 125
Trd, 4318400.193, 140
Trd, 4318400.843, 140
Trd, 4318401.043, 140
Trd, 4318401.693, 129
Trd, 4318401.743, 126
Trd, 4318401.843, 111
Trd, 4318404.593, 140
Trd, 4318405.343, 140
Trd, 4318405.993, 140
Trd, 4318406.243, 140
Trd, 4318406.693, 140
Trd, 4318407.343, 139
Trd, 4318409.143, 140
Trd, 4318409.243, 140
Trd, 4318409.793, 136
Trd, 4318410.293, 136
Trd, 4318410.393, 134
Trd, 4318412.093, 140
Trd, 4318413.943, 140
Trd, 4318414.443, 140
Trd, 4318414.793, 140
Trd, 4318415.743, 140
Trd, 4318415.993, 140
Trd, 4318417.093, 140
Trd, 4318417.443, 140
Trd, 4318418.493, 140
Trd, 4318418.793, 140
Trd, 4318419.643, 140
Trd, 4318419.693, 139
Trd, 4318420.493, 105
Trd, 4318421.143, 140
Trd, 4318421.993, 140
Trd, 4318422.043, 140
Trd, 4318422.693, 138
Trd, 4318423.843, 140
Trd, 4318424.343, 140
Trd, 4318424.543, 140
Trd, 4318424.793, 140
Trd, 4318425.143, 83
Trd, 4318427.693, 140
Trd, 4318428.243, 86
Trd, 4318429.093, 136
Trd, 4318429.143, 136
Trd, 4318429.943, 135
Trd, 4318431.493, 140
Trd, 4318431.943, 140
Trd, 4318432.243, 140
Trd, 4318434.243, 140
Trd, 4318435.143, 140
Trd, 4318436.443, 140
Trd, 4318436.543, 140
Trd, 4318436.893, 140
Trd, 4318437.993, 140
Trd, 4318438.493, 140
Trd, 4318439.093, 138
Trd, 4318439.443, 139
Trd, 4318439.993, 140
Trd, 4318440.543, 140
Trd, 4318441.243, 116
Trd, 4318443.543, 140
Trd, 4318443.993, 140
Trd, 4318444.243, 140
Trd, 4318445.143, 139
Trd, 4318445.393, 137
Trd, 4318445.893, 136
Trd, 4318447.293, 140
Trd, 4318447.693, 139
Trd, 4318447.943, 135
Trd, 4318448.543, 106
Trd, 4318448.643, 98
Trd, 4318448.893, 140
Trd, 4318449.493, 140
Trd, 4318450.993, 140
Trd, 4318452.543, 138
Trd, 4318454.243, 140
Trd, 4318454.543, 140
Trd, 4318455.443, 140
Trd, 4318455.593, 140
Trd, 4318455.693, 140
Trd, 4318456.843, 139
Trd, 4318457.293, 134
Trd, 4318457.893, 125
Trd, 4318460.243, 140
Trd, 4318460.393, 140
Trd, 4318460.793, 140
Trd, 4318461.293, 140
Trd, 4318461.643, 140
Trd, 4318462.293, 139
Trd, 4318463.393, 84
Trd, 4318464.543, 140
Trd, 4318464.643, 140
Trd, 4318464.843, 140
Trd, 4318465.393, 140
Trd, 4318465.493, 136
Trd, 4318466.643, 132
Trd, 4318467.843, 139
Trd, 4318468.693, 140
Trd, 4318468.793, 140
Trd, 4318468.893, 139
Trd, 4318469.993, 68
Trd, 4318470.643, 60
Trd, 4318471.743, 60
Trd, 4318472.693, 61
Trd, 4318473.243, 61
Trd, 4318473.543, 63
Trd, 4318474.543, 74
Trd, 4318474.893, 111
Trd, 4318475.443, 83
Trd, 4318476.293, 140
Trd, 4318478.243, 62
Trd, 4318478.943, 80
Trd, 4318480.743, 62
Trd, 4318480.843, 96
Trd, 4318481.243, 62
Trd, 4318481.843, 110
Trd, 4318481.943, 64
Trd, 4318482.243, 128
Trd, 4318484.343, 61
Trd, 4318484.443, 65
Trd, 4318485.193, 61
Trd, 4318486.393, 60
Trd, 4318486.493, 66
Trd, 4318487.993, 60
Trd, 4318489.043, 62
Trd, 4318489.243, 67
Trd, 4318490.893, 67
Trd, 4318491.493, 67
Trd, 4318492.093, 68
Trd, 4318492.793, 66
Trd, 4318492.843, 65
Trd, 4318493.043, 99
Trd, 4318493.243, 110
Trd, 4318494.893, 62
Trd, 4318495.443, 64
Trd, 4318496.143, 82
Trd, 4318496.593, 82
Trd, 4318497.693, 68
Trd, 4318498.643, 70
Trd, 4318499.393, 140
Trd, 4318499.743, 140
Trd, 4318499.793, 140
Trd, 4318501.993, 140
Trd, 4318502.143, 140
Trd, 4318502.543, 140
Trd, 4318503.043, 140
Trd, 4318503.693, 140
Trd, 4318504.993, 140
Trd, 4318505.243, 140
Trd, 4318505.593, 140
Trd, 4318506.043, 140
Trd, 4318506.493, 102
Trd, 4318508.793, 140
Trd, 4318509.043, 139
Trd, 4318509.293, 139
Trd, 4318511.443, 140
Trd, 4318511.693, 140
Trd, 4318511.743, 140
Trd, 4318511.843, 137
Trd, 4318512.543, 130
Trd, 4318514.193, 140
Trd, 4318514.743, 140
Trd, 4318514.843, 140
Trd, 4318515.493, 139
Trd, 4318515.543, 135
Trd, 4318518.093, 140
Trd, 4318518.343, 140
Trd, 4318519.043, 140
Trd, 4318519.393, 138
Trd, 4318520.043, 137
Trd, 4318520.343, 135
Trd, 4318522.393, 140
Trd, 4318522.943, 140
Trd, 4318523.193, 140
Trd, 4318523.743, 140
Trd, 4318524.093, 140
Trd, 4318525.093, 140
Trd, 4318525.593, 140
Trd, 4318526.143, 139
Trd, 4318528.243, 140
Trd, 4318529.893, 140
Trd, 4318529.943, 140
Trd, 4318530.493, 138
Trd, 4318531.143, 138
Trd, 4318531.343, 117
Trd, 4318531.643, 75
Trd, 4318532.793, 138
Trd, 4318534.993, 140
Trd, 4318535.193, 140
Trd, 4318535.293, 140
Trd, 4318535.793, 140
Trd, 4318536.593, 140
Trd, 4318537.493, 140
Trd, 4318537.993, 140
Trd, 4318538.293, 140
Trd, 4318538.693, 140
Trd, 4318539.843, 140
Trd, 4318540.543, 140
Trd, 4318540.793, 140
Trd, 4318541.093, 139
Trd, 4318541.193, 124
Trd, 4318542.943, 140
Trd, 4318543.143, 140
Trd, 4318544.243, 121
Trd, 4318544.943, 120
Trd, 4318545.543, 140
Trd, 4318546.543, 140
Trd, 4318547.593, 140
Trd, 4318548.043, 138
Trd, 4318548.193, 120
Trd, 4318549.243, 140
Trd, 4318549.993, 140
Trd, 4318550.643, 140
Trd, 4318551.043, 140
Trd, 4318551.243, 140
Trd, 4318551.293, 140
Trd, 4318552.443, 140
Trd, 4318553.843, 103
Trd, 4318554.393, 140
Trd, 4318555.593, 140
Trd, 4318555.843, 132
Trd, 4318556.493, 140
Trd, 4318556.643, 78
Trd, 4318556.693, 76
Trd, 4318558.143, 139
Trd, 4318558.643, 67
Trd, 4318559.743, 69
Trd, 4318561.793, 68
Trd, 4318561.893, 63
Trd, 4318562.043, 60
Trd, 4318562.743, 64
Trd, 4318562.793, 63
Trd, 4318565.593, 140
Trd, 4318565.893, 140
Trd, 4318566.343, 140
Trd, 4318566.393, 140
Trd, 4318566.493, 139
Trd, 4318567.443, 81
Trd, 4318567.843, 69
Trd, 4318569.643, 140
Trd, 4318569.693, 139
Trd, 4318569.993, 110
Trd, 4318570.743, 70
Trd, 4318571.793, 138
Trd, 4318572.293, 134
Trd, 4318572.993, 133
Trd, 4318573.193, 132
Trd, 4318574.943, 91
Trd, 4318576.443, 60
Trd, 4318577.143, 88
Trd, 4318577.293, 78
Trd, 4318577.443, 77
Trd, 4318578.793, 140
Trd, 4318579.393, 82
Trd, 4318579.943, 140
Trd, 4318580.093, 72
Trd, 4318580.443, 84
Trd, 4318581.193, 135
Trd, 4318581.243, 83
Trd, 4318581.493, 69
Trd, 4318583.743, 140
Trd, 4318584.043, 140
Trd, 4318584.543, 139
Trd, 4318584.793, 138
Trd, 4318585.293, 139
Trd, 4318586.193, 140
Trd, 4318587.043, 140
Trd, 4318588.793, 140
Trd, 4318589.593, 140
Trd, 4318590.343, 135
Trd, 4318590.843, 134
Trd, 4318591.343, 101
Trd, 4318592.193, 139
Trd, 4318592.293, 134
Trd, 4318592.993, 133
Trd, 4318594.493, 140
Trd, 4318595.793, 136
Trd, 4318595.943, 133
Trd, 4318596.843, 140
Trd, 4318596.993, 140
Trd, 4318599.643, 140
Trd, 4318599.793, 140
Trd, 4318600.493, 140
Trd, 4318601.443, 140
Trd, 4318601.643, 140
Trd, 4318602.293, 140
Trd, 4318602.793, 139
Trd, 4318604.593, 140
Trd, 4318605.243, 140
Trd, 4318605.743, 139
Trd, 4318606.693, 140
Trd, 4318607.193, 139
Trd, 4318608.493, 139
Trd, 4318608.893, 137
Trd, 4318609.693, 140
Trd, 4318610.393, 140
Trd, 4318610.993, 140
Trd, 4318612.243, 140
Trd, 4318612.993, 136
Trd, 4318613.043, 135
Trd, 4318614.093, 139
Trd, 4318614.143, 139
Trd, 4318614.693, 123
Trd, 4318614.943, 117
Trd, 4318616.493, 140
Trd, 4318618.243, 140
Trd, 4318618.793, 140
Trd, 4318619.643, 140
Trd, 4318620.943, 140
Trd, 4318622.193, 140
Trd, 4318622.343, 140
Trd, 4318622.393, 140
Trd, 4318622.643, 140
Trd, 4318623.093, 140
Trd, 4318623.193, 140
Trd, 4318623.993, 138
Trd, 4318624.343, 101
Trd, 4318625.993, 140
Trd, 4318626.393, 140
Trd, 4318626.593, 140
Trd, 4318628.643, 140
Trd, 4318628.743, 140
Trd, 4318628.893, 140
Trd, 4318629.393, 140
Trd, 4318629.843, 139
Trd, 4318630.893, 140
Trd, 4318631.043, 139
Trd, 4318631.543, 131
Trd, 4318631.943, 130
Trd, 4318632.243, 61
Trd, 4318633.043, 71
Trd, 4318633.743, 85
Trd, 4318634.893, 137
Trd, 4318636.043, 62
Trd, 4318636.743, 63
Trd, 4318637.643, 65
Trd, 4318638.193, 63
Trd, 4318638.493, 70
Trd, 4318638.943, 102
Trd, 4318639.743, 62
Trd, 4318641.993, 140
Trd, 4318642.093, 140
Trd, 4318642.143, 140
Trd, 4318642.943, 140
Trd, 4318643.043, 140
Trd, 4318644.043, 140
Trd, 4318644.393, 140
Trd, 4318644.443, 122
Trd, 4318644.893, 115
Trd, 4318646.393, 139
Trd, 4318647.543, 139
Trd, 4318647.843, 139
Trd, 4318648.843, 140
Trd, 4318649.743, 140
Trd, 4318649.843, 139
Trd, 4318650.493, 140
Trd, 4318651.843, 138
Trd, 4318652.243, 133
Trd, 4318652.393, 132
Trd, 4318653.843, 140
Trd, 4318654.093, 140
Trd, 4318655.293, 140
Trd, 4318655.843, 140
Trd, 4318656.093, 140
Trd, 4318656.893, 109
Trd, 4318657.743, 108
Trd, 4318657.893, 97
Trd, 4318658.443, 72
Trd, 4318660.093, 140
Trd, 4318660.743, 139
Trd, 4318661.243, 140
Trd, 4318662.693, 140
Trd, 4318663.443, 140
Trd, 4318663.693, 140
Trd, 4318664.393, 140
Trd, 4318665.243, 140
Trd, 4318665.693, 137
Trd, 4318665.793, 127
Trd, 4318665.843, 98
Trd, 4318668.143, 67
Trd, 4318668.243, 117
Trd, 4318669.243, 61
Trd, 4318670.043, 140
Trd, 4318670.243, 140
Trd, 4318670.543, 140
Trd, 4318672.493, 62
Trd, 4318673.143, 140
Trd, 4318674.243, 60
Trd, 4318674.593, 60
Trd, 4318675.043, 64
Trd, 4318675.893, 66
Trd, 4318676.593, 63
Trd, 4318677.343, 67
Trd, 4318678.243, 67
Trd, 4318678.293, 73
Trd, 4318681.093, 60
Trd, 4318682.593, 62
Trd, 4318682.743, 66
Trd, 4318683.443, 112
Trd, 4318683.743, 104
Trd, 4318683.793, 103
Trd, 4318684.643, 106
Trd, 4318685.143, 106
Trd, 4318685.343, 105
Trd, 4318686.443, 99
Trd, 4318687.693, 139
Trd, 4318688.493, 140
Trd, 4318688.893, 140
Trd, 4318689.093, 140
Trd, 4318689.643, 140
Trd, 4318690.243, 138
Trd, 4318692.443, 140
Trd, 4318692.743, 140
Trd, 4318692.943, 140
Trd, 4318692.993, 140
Trd, 4318694.093, 140
Trd, 4318695.293, 140
Trd, 4318696.443, 140
Trd, 4318696.743, 140
Trd, 4318697.243, 140
Trd, 4318697.743, 140
Trd, 4318699.643, 139
Trd, 4318700.693, 140
Trd, 4318700.893, 140
Trd, 4318701.543, 140
Trd, 4318701.793, 134
Trd, 4318701.893, 102
Trd, 4318703.843, 80
Trd, 4318703.993, 79
Trd, 4318704.443, 61
Trd, 4318705.343, 60
Trd, 4318705.893, 135
Trd, 4318709.043, 60
Trd, 4318709.643, 62
Trd, 4318710.393, 62
Trd, 4318710.443, 64
Trd, 4318711.193, 66
Trd, 4318711.293, 68
Trd, 4318712.893, 140
Trd, 4318713.543, 140
Trd, 4318714.443, 140
Trd, 4318714.593, 140
Trd, 4318715.143, 140
Trd, 4318716.193, 140
Trd, 4318716.393, 140
Trd, 4318716.593, 140
Trd, 4318717.043, 140
Trd, 4318717.293, 139
Trd, 4318717.693, 104
Trd, 4318719.193, 62
Trd, 4318720.143, 62
Trd, 4318720.393, 135
Trd, 4318721.743, 62
Trd, 4318723.193, 65
Trd, 4318723.343, 64
Trd, 4318723.643, 137
Trd, 4318725.143, 65
Trd, 4318725.543, 139
Trd, 4318727.043, 140
Trd, 4318728.043, 140
Trd, 4318728.343, 139
Trd, 4318729.293, 140
Trd, 4318730.093, 140
Trd, 4318730.543, 139
Trd, 4318731.243, 140
Trd, 4318731.643, 132
Trd, 4318733.293, 140
Trd, 4318733.793, 140
Trd, 4318734.443, 140
Trd, 4318734.793, 140
Trd, 4318736.643, 140
Trd, 4318736.943, 139
Trd, 4318737.393, 105
Trd, 4318738.943, 140
Trd, 4318739.793, 140
Trd, 4318740.043, 140
Trd, 4318740.393, 140
Trd, 4318740.893, 140
Trd, 4318741.143, 140
Trd, 4318742.543, 140
Trd, 4318742.743, 140
Trd, 4318743.793, 140
Trd, 4318743.993, 140
Trd, 4318744.993, 140
Trd, 4318745.643, 140
Trd, 4318746.443, 140
Trd, 4318746.793, 139
Trd, 4318747.293, 99
Trd, 4318748.043, 60
Trd, 4318748.793, 64
Trd, 4318749.443, 61
Trd, 4318750.243, 71
Trd, 4318751.093, 60
Trd, 4318751.843, 68
Trd, 4318752.393, 68
Trd, 4318752.743, 67
Trd, 4318753.443, 60
Trd, 4318754.693, 140
Trd, 4318754.993, 140
Trd, 4318755.643, 140
Trd, 4318755.993, 140
Trd, 4318756.043, 140
Trd, 4318757.543, 139
Trd, 4318758.693, 140
Trd, 4318759.693, 140
Trd, 4318760.293, 140
Trd, 4318760.793, 137
Trd, 4318760.943, 136
Trd, 4318762.143, 139
Trd, 4318762.243, 136
Trd, 4318762.543, 101
Trd, 4318763.243, 140
Trd, 4318764.743, 137
Trd, 4318766.193, 140
Trd, 4318766.443, 140
Trd, 4318766.493, 140
Trd, 4318768.243, 127
Trd, 4318768.793, 125
Trd, 4318769.493, 137
Trd, 4318770.293, 132
Trd, 4318770.743, 140
Trd, 4318770.793, 137
Trd, 4318770.943, 90
Trd, 4318772.493, 61
Trd, 4318774.293, 61
Trd, 4318775.193, 61
Trd, 4318776.243, 62
Trd, 4318776.643, 87
Trd, 4318778.193, 61
Trd, 4318778.643, 63
Trd, 4318779.693, 60
Trd, 4318780.693, 61
Trd, 4318782.043, 61
Trd, 4318783.193, 86
Trd, 4318784.143, 70
Trd, 4318784.243, 69
Trd, 4318784.543, 74
Trd, 4318785.393, 68
Trd, 4318785.443, 97
Trd, 4318786.393, 60
Trd, 4318786.793, 73
Trd, 4318787.643, 92
Trd, 4318787.793, 101
Trd, 4318788.243, 78
Trd, 4318788.443, 76
Trd, 4318790.143, 140
Trd, 4318791.093, 140
Trd, 4318792.093, 140
Trd, 4318792.243, 140
Trd, 4318792.843, 137
Trd, 4318792.993, 136
Trd, 4318793.343, 101
Trd, 4318793.393, 68
Trd, 4318795.343, 140
Trd, 4318795.593, 140
Trd, 4318796.243, 140
Trd, 4318797.243, 140
Trd, 4318798.593, 140
Trd, 4318798.693, 139
Trd, 4318799.043, 114
Trd, 4318800.443, 140
Trd, 4318801.543, 140
Trd, 4318802.293, 140
Trd, 4318802.693, 140
Trd, 4318802.943, 140
Trd, 4318803.093, 139
Trd, 4318804.293, 137
Trd, 4318804.993, 123
Trd, 4318805.243, 122
Trd, 4318806.043, 140
Trd, 4318806.743, 133
Trd, 4318807.043, 140
Trd, 4318808.293, 140
Trd, 4318808.493, 101
Trd, 4318809.843, 91
Trd, 4318809.893, 128
Trd, 4318809.993, 90
Trd, 4318810.043, 86
Trd, 4318810.743, 140
Trd, 4318813.043, 140
Trd, 4318813.393, 140
Trd, 4318814.143, 140
Trd, 4318815.293, 140
Trd, 4318816.643, 140
Trd, 4318816.843, 140
Trd, 4318817.543, 140
Trd, 4318818.693, 140
Trd, 4318818.793, 139
Trd, 4318818.943, 139
Trd, 4318819.493, 87
Trd, 4318819.543, 87
Trd, 4318820.693, 61
Trd, 4318821.693, 63
Trd, 4318822.443, 60
Trd, 4318822.493, 135
Trd, 4318824.293, 140
Trd, 4318824.993, 140
Trd, 4318825.393, 140
Trd, 4318825.543, 140
Trd, 4318826.293, 134
Trd, 4318827.593, 140
Trd, 4318827.743, 140
Trd, 4318828.693, 140
Trd, 4318829.943, 140
Trd, 4318830.643, 140
Trd, 4318830.743, 140
Trd, 4318831.593, 140
Trd, 4318833.293, 140
Trd, 4318833.793, 140
Trd, 4318833.943, 140
Trd, 4318834.043, 140
Trd, 4318836.293, 140
Trd, 4318836.593, 140
Trd, 4318837.043, 140
Trd, 4318837.693, 140
Trd, 4318838.843, 140
Trd, 4318839.093, 140
Trd, 4318839.493, 140
Trd, 4318840.543, 140
Trd, 4318841.043, 140
Trd, 4318841.543, 140
Trd, 4318842.693, 140
Trd, 4318842.843, 140
Trd, 4318844.093, 140
Trd, 4318844.493, 140
Trd, 4318844.893, 139
Trd, 4318845.693, 110
Trd, 4318845.993, 138
Trd, 4318847.193, 140
Trd, 4318848.093, 140
Trd, 4318848.693, 140
Trd, 4318849.193, 140
Trd, 4318850.193, 140
Trd, 4318850.643, 140
Trd, 4318850.693, 140
Trd, 4318851.643, 140
Trd, 4318851.993, 140
Trd, 4318852.543, 138
Trd, 4318853.743, 140
Trd, 4318854.593, 140
Trd, 4318855.593, 140
Trd, 4318855.693, 139
Trd, 4318855.743, 135
Trd, 4318857.643, 62
Trd, 4318859.343, 65
Trd, 4318860.693, 74
Trd, 4318860.993, 77
Trd, 4318861.093, 83
Trd, 4318862.993, 63
Trd, 4318863.343, 86
Trd, 4318863.543, 70
Trd, 4318864.093, 136
Trd, 4318864.493, 132
Trd, 4318865.093, 116
Trd, 4318865.643, 117
Trd, 4318866.093, 117
Trd, 4318866.143, 116
Trd, 4318866.343, 140
Trd, 4318866.593, 138
Trd, 4318866.993, 92
Trd, 4318867.793, 139
Trd, 4318867.993, 138
Trd, 4318869.443, 140
Trd, 4318869.893, 91
Trd, 4318870.543, 87
Trd, 4318871.293, 89
Trd, 4318872.043, 139
Trd, 4318872.693, 124
Trd, 4318873.193, 139
Trd, 4318874.193, 140
Trd, 4318875.143, 138
Trd, 4318875.543, 124
Trd, 4318875.993, 138
Trd, 4318876.243, 137
Trd, 4318876.943, 122
Trd, 4318877.493, 121
Trd, 4318878.793, 72
Trd, 4318879.443, 60
Trd, 4318880.093, 71
Trd, 4318881.743, 69
Trd, 4318882.043, 70
Trd, 4318882.443, 70
Trd, 4318882.893, 69
Trd, 4318883.693, 76
Trd, 4318883.943, 94
Trd, 4318884.343, 123
Trd, 4318885.543, 140
Trd, 4318886.043, 140
Trd, 4318886.893, 140
Trd, 4318887.493, 140
Trd, 4318888.043, 140
Trd, 4318888.143, 140
Trd, 4318888.643, 139
Trd, 4318889.343, 140
Trd, 4318890.193, 140
Trd, 4318890.743, 129
Trd, 4318891.143, 140
Trd, 4318891.893, 140
Trd, 4318893.093, 140
Trd, 4318893.193, 140
Trd, 4318894.243, 140
Trd, 4318894.843, 140
Trd, 4318895.293, 110
Trd, 4318896.543, 129
Trd, 4318897.043, 140
Trd, 4318897.643, 140
Trd, 4318897.743, 140
Trd, 4318897.993, 129
Trd, 4318900.593, 140
Trd, 4318900.743, 139
Trd, 4318900.943, 139
Trd, 4318901.343, 139
Trd, 4318902.193, 138
Trd, 4318902.743, 138
Trd, 4318904.193, 60
Trd, 4318904.543, 62
Trd, 4318904.993, 63
Trd, 4318905.493, 124
Trd, 4318906.793, 140
Trd, 4318907.743, 140
Trd, 4318908.593, 140
Trd, 4318908.643, 139
Trd, 4318909.293, 140
Trd, 4318909.443, 138
Trd, 4318910.943, 60
Trd, 4318912.193, 61
Trd, 4318912.443, 60
Trd, 4318912.743, 61
Trd, 4318912.793, 66
Trd, 4318913.093, 100
Trd, 4318915.793, 140
Trd, 4318916.443, 140
Trd, 4318916.893, 140
Trd, 4318917.693, 140
Trd, 4318918.243, 139
Trd, 4318919.443, 101
Trd, 4318919.743, 98
Trd, 4318920.243, 78
Trd, 4318920.443, 139
Trd, 4318921.243, 140
Trd, 4318922.293, 140
Trd, 4318924.143, 140
Trd, 4318924.193, 140
Trd, 4318924.393, 140
Trd, 4318924.643, 140
Trd, 4318925.543, 139
Trd, 4318926.243, 140
Trd, 4318926.443, 140
Trd, 4318927.343, 140
Trd, 4318928.543, 140
Trd, 4318929.793, 140
Trd, 4318929.893, 140
Trd, 4318931.443, 140
Trd, 4318932.093, 140
Trd, 4318932.193, 140
Trd, 4318932.943, 139
Trd, 4318933.193, 137
Trd, 4318933.343, 105
Trd, 4318934.693, 135
Trd, 4318936.343, 139
Trd, 4318936.493, 137
Trd, 4318936.993, 140
Trd, 4318938.343, 140
Trd, 4318939.143, 140
Trd, 4318939.493, 140
Trd, 4318940.243, 140
Trd, 4318940.993, 140
Trd, 4318941.393, 139
Trd, 4318942.043, 139
Trd, 4318942.743, 140
Trd, 4318942.893, 140
Trd, 4318943.343, 140
Trd, 4318944.593, 140
Trd, 4318945.293, 140
Trd, 4318946.643, 140
Trd, 4318949.043, 140
Trd, 4318949.343, 140
Trd, 4318949.543, 140
Trd, 4318949.743, 137
Trd, 4318949.943, 139
Trd, 4318951.793, 140
Trd, 4318952.043, 138
Trd, 4318952.993, 140
Trd, 4318953.743, 140
Trd, 4318953.793, 96
Trd, 4318954.343, 140
Trd, 4318955.043, 138
Trd, 4318956.093, 99
Trd, 4318956.643, 129
Trd, 4318956.793, 128
Trd, 4318958.143, 140
Trd, 4318958.693, 140
Trd, 4318958.743, 140
Trd, 4318959.293, 140
Trd, 4318960.893, 140
Trd, 4318961.193, 140
Trd, 4318962.493, 140
Trd, 4318963.543, 140
Trd, 4318963.743, 140
Trd, 4318965.043, 140
Trd, 4318965.393, 140
Trd, 4318965.543, 140
Trd, 4318967.543, 140
Trd, 4318968.143, 140
Trd, 4318968.343, 140
Trd, 4318969.093, 140
Trd, 4318969.143, 140
Trd, 4318969.343, 140
Trd, 4318970.643, 140
Trd, 4318971.343, 138
Trd, 4318971.743, 135
Trd, 4318972.143, 134
Trd, 4318972.493, 72
Trd, 4318973.443, 63
Trd, 4318975.293, 61
Trd, 4318975.843, 67
Trd, 4318976.143, 101
Trd, 4318976.443, 118
Trd, 4318977.193, 140
Trd, 4318978.293, 140
Trd, 4318978.743, 140
Trd, 4318979.143, 140
Trd, 4318980.593, 132
Trd, 4318981.293, 135
Trd, 4318981.543, 136
Trd, 4318982.043, 104
Trd, 4318982.793, 138
Trd, 4318983.393, 106
Trd, 4318983.993, 107
Trd, 4318985.793, 140
Trd, 4318986.243, 140
Trd, 4318986.843, 140
Trd, 4318987.843, 140
Trd, 4318988.093, 140
Trd, 4318988.143, 139
Trd, 4318989.393, 92
Trd, 4318990.643, 99
Trd, 4318990.943, 87
Trd, 4318991.893, 127
Trd, 4318992.993, 129
Trd, 4318993.043, 128
Trd, 4318995.293, 140
Trd, 4318995.593, 140
Trd, 4318996.293, 140
Trd, 4318996.793, 140
Trd, 4318997.543, 140
Trd, 4318997.993, 140
Trd, 4318998.093, 140
Trd, 4318999.043, 140
Trd, 4318999.293, 140
Trd, 4319001.043, 140
Trd, 4319002.143, 140
Trd, 4319003.393, 140
Trd, 4319003.893, 140
Trd, 4319004.043, 140
Trd, 4319004.393, 138
Trd, 4319004.793, 140
Trd, 4319005.543, 139
Trd, 4319006.193, 140
Trd, 4319006.893, 113
Trd, 4319007.493, 113
Trd, 4319008.843, 140
Trd, 4319009.193, 140
Trd, 4319009.293, 140
Trd, 4319011.043, 137
Trd, 4319011.243, 136
Trd, 4319011.343, 140
Trd, 4319012.243, 68
Trd, 4319012.643, 66
Trd, 4319013.143, 91
Trd, 4319013.743, 140
Trd, 4319014.593, 71
Trd, 4319014.793, 69
Trd, 4319015.143, 135
Trd, 4319016.643, 128
Trd, 4319017.993, 125
Trd, 4319018.193, 140
Trd, 4319018.593, 116
Trd, 4319019.193, 117
Trd, 4319019.943, 82
Trd, 4319020.043, 138
Trd, 4319021.843, 95
Trd, 4319023.843, 62
Trd, 4319024.893, 74
Trd, 4319025.893, 66
Trd, 4319026.043, 79
Trd, 4319026.593, 115
Trd, 4319027.043, 88
Trd, 4319027.193, 90
Trd, 4319028.493, 70
Trd, 4319028.793, 65
Trd, 4319030.893, 90
Trd, 4319031.193, 85
Trd, 4319031.493, 78
Trd, 4319031.643, 111
Trd, 4319031.993, 78
Trd, 4319033.043, 74
Trd, 4319033.943, 66
Trd, 4319033.993, 114
Trd, 4319034.293, 134
Trd, 4319034.993, 64
Trd, 4319035.793, 73
Trd, 4319036.243, 62
Trd, 4319037.243, 140
Trd, 4319037.393, 140
Trd, 4319037.593, 140
Trd, 4319038.493, 140
Trd, 4319039.043, 140
Trd, 4319039.443, 133
Trd, 4319040.543, 133
Trd, 4319041.143, 134
Trd, 4319041.343, 131
Trd, 4319044.193, 140
Trd, 4319044.343, 140
Trd, 4319044.593, 140
Trd, 4319044.893, 140
Trd, 4319045.593, 140
Trd, 4319045.743, 139
Trd, 4319046.043, 130
Trd, 4319047.843, 63
Trd, 4319049.293, 67
Trd, 4319049.793, 61
Trd, 4319050.193, 68
Trd, 4319051.043, 67
Trd, 4319051.393, 67
Trd, 4319052.343, 64
Trd, 4319052.693, 109
Trd, 4319052.743, 125
Trd, 4319052.943, 108
Trd, 4319053.343, 89
Trd, 4319054.343, 140
Trd, 4319054.693, 140
Trd, 4319054.893, 139
Trd, 4319056.593, 75
Trd, 4319056.843, 140
Trd, 4319058.193, 140
Trd, 4319058.393, 139
Trd, 4319059.193, 140
Trd, 4319060.793, 140
Trd, 4319062.993, 140
Trd, 4319063.243, 140
Trd, 4319063.743, 140
Trd, 4319064.293, 140
Trd, 4319065.043, 140
Trd, 4319065.593, 140
Trd, 4319065.743, 140
Trd, 4319066.593, 140
Trd, 4319067.293, 140
Trd, 4319067.343, 137
Trd, 4319069.093, 140
Trd, 4319069.193, 140
Trd, 4319069.843, 132
Trd, 4319070.693, 140
Trd, 4319071.093, 140
Trd, 4319072.143, 139
Trd, 4319072.793, 140
Trd, 4319073.543, 140
Trd, 4319073.843, 140
Trd, 4319075.443, 62
Trd, 4319076.193, 76
Trd, 4319076.993, 80
Trd, 4319077.393, 82
Trd, 4319077.593, 82
Trd, 4319078.643, 140
Trd, 4319078.943, 137
Trd, 4319079.393, 140
Trd, 4319079.643, 139
Trd, 4319079.993, 139
Trd, 4319081.143, 138
Trd, 4319081.693, 139
Trd, 4319083.393, 140
Trd, 4319083.943, 140
Trd, 4319084.193, 139
Trd, 4319085.093, 140
Trd, 4319085.793, 140
Trd, 4319086.393, 140
Trd, 4319086.543, 126
Trd, 4319087.893, 138
Trd, 4319088.843, 140
Trd, 4319089.043, 140
Trd, 4319089.243, 118
Trd, 4319090.193, 112
Trd, 4319090.843, 112
Trd, 4319091.893, 70
Trd, 4319092.243, 76
Trd, 4319092.293, 69
Trd, 4319092.893, 112
Trd, 4319094.093, 140
Trd, 4319094.793, 137
Trd, 4319095.693, 132
Trd, 4319096.243, 135
Trd, 4319096.493, 134
Trd, 4319096.993, 124
Trd, 4319097.993, 139
Trd, 4319098.193, 114
Trd, 4319098.343, 113
Trd, 4319099.443, 140
Trd, 4319100.543, 138
Trd, 4319100.943, 139
Trd, 4319102.893, 139
Trd, 4319103.993, 140
Trd, 4319104.743, 140
Trd, 4319105.893, 140
Trd, 4319106.643, 140
Trd, 4319107.093, 140
Trd, 4319107.843, 140
Trd, 4319107.943, 139
Trd, 4319108.943, 140
Trd, 4319109.243, 120
Trd, 4319109.343, 96
Trd, 4319110.543, 83
Trd, 4319110.843, 140
Trd, 4319111.443, 138
Trd, 4319114.193, 140
Trd, 4319114.543, 140
Trd, 4319115.243, 140
Trd, 4319115.943, 138
Trd, 4319116.793, 140
Trd, 4319117.593, 138
Trd, 4319117.793, 137
Trd, 4319118.243, 140
Trd, 4319119.293, 138
Trd, 4319122.143, 140
Trd, 4319123.093, 140
Trd, 4319123.143, 140
Trd, 4319123.543, 140
Trd, 4319123.943, 140
Trd, 4319124.293, 140
Trd, 4319124.393, 140
Trd, 4319125.043, 140
Trd, 4319125.243, 139
Trd, 4319126.293, 139
Trd, 4319127.093, 139
Trd, 4319128.993, 140
Trd, 4319129.293, 138
Trd, 4319130.243, 139
Trd, 4319130.843, 140
Trd, 4319132.343, 140
Trd, 4319132.493, 139
Trd, 4319133.043, 140
Trd, 4319134.393, 134
Trd, 4319135.093, 140
Trd, 4319135.193, 139
Trd, 4319135.293, 103
Trd, 4319137.093, 140
Trd, 4319137.593, 140
Trd, 4319137.743, 140
Trd, 4319137.893, 140
Trd, 4319138.943, 140
Trd, 4319139.443, 138
Trd, 4319139.493, 116
Trd, 4319139.893, 140
Trd, 4319140.843, 137
Trd, 4319141.593, 137
Trd, 4319142.393, 116
Trd, 4319143.443, 127
Trd, 4319143.843, 119
Trd, 4319144.343, 120
Trd, 4319146.093, 140
Trd, 4319146.243, 140
Trd, 4319146.493, 140
Trd, 4319146.643, 123
Trd, 4319147.243, 138
Trd, 4319147.693, 120
Trd, 4319149.093, 136
Trd, 4319149.693, 140
Trd, 4319152.343, 140
Trd, 4319152.943, 140
Trd, 4319153.493, 140
Trd, 4319153.893, 140
Trd, 4319154.093, 140
Trd, 4319154.343, 139
Trd, 4319154.643, 140
Trd, 4319155.193, 139
Trd, 4319157.043, 135
Trd, 4319157.093, 131
Trd, 4319157.843, 66
Trd, 4319158.243, 66
Trd, 4319159.893, 74
Trd, 4319160.043, 73
Trd, 4319160.593, 72
Trd, 4319161.793, 78
Trd, 4319162.043, 76
Trd, 4319163.293, 63
Trd, 4319163.343, 72
Trd, 4319163.793, 111
Trd, 4319163.893, 100
Trd, 4319164.343, 140
Trd, 4319164.593, 63
Trd, 4319165.493, 74
Trd, 4319166.643, 66
Trd, 4319167.643, 61
Trd, 4319167.793, 117
Trd, 4319169.543, 60
Trd, 4319170.093, 60
Trd, 4319170.793, 60
Trd, 4319171.043, 65
Trd, 4319172.743, 102
Trd, 4319173.793, 63
Trd, 4319174.443, 135
Trd, 4319174.693, 72
Trd, 4319174.893, 97
Trd, 4319174.993, 62
Trd, 4319175.693, 126
Trd, 4319176.493, 61
Trd, 4319177.543, 63
Trd, 4319178.693, 60
Trd, 4319179.043, 92
Trd, 4319180.793, 140
Trd, 4319180.843, 140
Trd, 4319181.293, 140
Trd, 4319181.343, 140
Trd, 4319181.393, 139
Trd, 4319183.393, 120
Trd, 4319183.743, 100
Trd, 4319183.893, 99
Trd, 4319185.043, 140
Trd, 4319185.343, 122
Trd, 4319187.143, 134
Trd, 4319187.243, 140
Trd, 4319188.343, 140
Trd, 4319189.143, 139
Trd, 4319189.643, 138
Trd, 4319189.843, 99
Trd, 4319190.593, 101
Trd, 4319191.393, 140
Trd, 4319191.693, 103
Trd, 4319192.243, 98
Trd, 4319193.343, 140
Trd, 4319193.843, 140
Trd, 4319194.243, 140
Trd, 4319194.693, 140
Trd, 4319195.193, 122
Trd, 4319196.043, 133
Trd, 4319196.493, 104
Trd, 4319196.943, 140
Trd, 4319197.293, 140
Trd, 4319197.893, 139
Trd, 4319200.393, 70
Trd, 4319201.143, 62
Trd, 4319201.943, 62
Trd, 4319202.093, 75
Trd, 4319202.293, 114
Trd, 4319203.443, 83
Trd, 4319203.843, 130
Trd, 4319204.293, 136
Trd, 4319204.343, 135
Trd, 4319204.943, 139
Trd, 4319205.643, 108
Trd, 4319206.643, 140
Trd, 4319207.843, 140
Trd, 4319208.593, 140
Trd, 4319209.243, 140
Trd, 4319209.293, 140
Trd, 4319210.893, 140
Trd, 4319211.443, 140
Trd, 4319212.093, 140
Trd, 4319212.793, 140
Trd, 4319213.143, 140
Trd, 4319213.593, 140
Trd, 4319214.843, 137
Trd, 4319215.443, 139
Trd, 4319216.193, 139
Trd, 4319216.643, 139
Trd, 4319216.843, 138
Trd, 4319216.943, 134
Trd, 4319217.193, 98
Trd, 4319218.193, 62
Trd, 4319218.693, 78
Trd, 4319221.943, 60
Trd, 4319222.343, 64
Trd, 4319222.593, 60
Trd, 4319223.043, 101
Trd, 4319224.893, 70
Trd, 4319224.943, 75
Trd, 4319224.993, 109
Trd, 4319225.043, 68
Trd, 4319225.443, 64
Trd, 4319226.943, 75
Trd, 4319227.843, 140
Trd, 4319228.893, 140
Trd, 4319228.993, 140
Trd, 4319230.693, 140
Trd, 4319231.093, 139
Trd, 4319232.093, 140
Trd, 4319232.243, 139
Trd, 4319232.443, 88
Trd, 4319234.593, 61
Trd, 4319235.643, 61
Trd, 4319235.943, 64
Trd, 4319236.193, 73
Trd, 4319238.543, 72
Trd, 4319239.193, 140
Trd, 4319239.293, 139
Trd, 4319239.393, 117
Trd, 4319240.143, 107
Trd, 4319241.043, 90
Trd, 4319241.693, 114
Trd, 4319241.893, 85
Trd, 4319242.193, 125
Trd, 4319243.143, 61
Trd, 4319244.943, 62
Trd, 4319245.843, 61
Trd, 4319246.093, 65
Trd, 4319246.843, 74
Trd, 4319247.643, 140
Trd, 4319248.293, 140
Trd, 4319248.793, 140
Trd, 4319249.043, 140
Trd, 4319249.143, 140
Trd, 4319249.393, 75
Trd, 4319251.143, 139
Trd, 4319251.243, 98
Trd, 4319251.793, 127
Trd, 4319252.493, 140
Trd, 4319252.993, 135
Trd, 4319253.543, 136
Trd, 4319253.593, 135
Trd, 4319255.193, 64
Trd, 4319255.943, 62
Trd, 4319256.693, 64
Trd, 4319256.743, 81
Trd, 4319258.743, 140
Trd, 4319259.343, 140
Trd, 4319260.543, 140
Trd, 4319260.993, 140
Trd, 4319261.443, 140
Trd, 4319261.493, 140
Trd, 4319262.393, 140
Trd, 4319263.093, 140
Trd, 4319263.443, 131
Trd, 4319263.493, 98
Trd, 4319263.543, 89
Trd, 4319266.293, 61
Trd, 4319266.943, 88
Trd, 4319267.493, 87
Trd, 4319267.793, 111
Trd, 4319267.893, 86
Trd, 4319268.493, 139
Trd, 4319269.743, 111
Trd, 4319269.793, 110
Trd, 4319269.993, 73
Trd, 4319271.593, 140
Trd, 4319272.943, 140
Trd, 4319273.243, 140
Trd, 4319273.493, 139
Trd, 4319273.893, 137
Trd, 4319274.193, 139
Trd, 4319274.643, 109
Trd, 4319275.193, 140
Trd, 4319277.193, 140
Trd, 4319278.393, 140
Trd, 4319279.043, 140
Trd, 4319279.743, 140
Trd, 4319279.843, 134
Trd, 4319280.793, 89
Trd, 4319281.843, 140
Trd, 4319282.243, 140
Trd, 4319282.993, 140
Trd, 4319283.343, 112
Trd, 4319283.693, 96
Trd, 4319285.743, 140
Trd, 4319286.093, 139
Trd, 4319287.043, 140
Trd, 4319287.143, 140
Trd, 4319287.843, 137
Trd, 4319287.943, 138
Trd, 4319288.343, 138
Trd, 4319289.593, 139
Trd, 4319290.493, 139
Trd, 4319291.393, 139
Trd, 4319292.943, 140
Trd, 4319293.193, 140
Trd, 4319293.343, 139
Trd, 4319294.143, 139
Trd, 4319295.893, 138
Trd, 4319296.543, 140
Trd, 4319297.043, 140
Trd, 4319297.143, 140
Trd, 4319297.643, 140
Trd, 4319298.293, 140
Trd, 4319298.543, 140
Trd, 4319300.043, 140
Trd, 4319300.543, 140
Trd, 4319301.543, 140
Trd, 4319302.993, 140
Trd, 4319303.043, 140
Trd, 4319303.493, 140
Trd, 4319305.893, 140
Trd, 4319307.393, 140
Trd, 4319307.743, 140
Trd, 4319307.793, 140
Trd, 4319308.193, 126
Trd, 4319309.043, 139
Trd, 4319309.843, 140
Trd, 4319310.693, 140
Trd, 4319311.143, 131
Trd, 4319311.793, 110
Trd, 4319313.443, 140
Trd, 4319313.493, 135
Trd, 4319315.093, 140
Trd, 4319315.343, 140
Trd, 4319316.643, 140
Trd, 4319317.193, 140
Trd, 4319317.643, 140
Trd, 4319318.593, 140
Trd, 4319319.043, 140
Trd, 4319319.743, 139
Trd, 4319320.593, 140
Trd, 4319320.943, 138
Trd, 4319321.093, 132
Trd, 4319322.643, 140
Trd, 4319323.243, 140
Trd, 4319323.993, 140
Trd, 4319325.393, 138
Trd, 4319326.343, 140
Trd, 4319326.493, 140
Trd, 4319326.743, 140
Trd, 4319327.343, 140
Trd, 4319328.293, 139
Trd, 4319328.943, 104
Trd, 4319329.443, 140
Trd, 4319329.493, 140
Trd, 4319329.893, 100
Trd, 4319330.593, 139
Trd, 4319331.743, 139
Trd, 4319332.593, 139
Trd, 4319333.093, 140
Trd, 4319333.893, 140
Trd, 4319334.993, 140
Trd, 4319335.693, 140
Trd, 4319335.943, 140
Trd, 4319336.593, 140
Trd, 4319336.693, 140
Trd, 4319337.693, 140
Trd, 4319338.393, 137
Trd, 4319338.893, 126
Trd, 4319339.043, 110
Trd, 4319340.643, 140
Trd, 4319341.143, 140
Trd, 4319342.443, 140
Trd, 4319343.093, 140
Trd, 4319343.743, 140
Trd, 4319344.943, 140
Trd, 4319346.393, 140
Trd, 4319346.693, 140
Trd, 4319347.043, 140
Trd, 4319347.293, 137
Trd, 4319347.893, 137
Trd, 4319348.493, 140
Trd, 4319349.643, 140
Trd, 4319350.043, 140
Trd, 4319351.693, 140
Trd, 4319351.743, 140
Trd, 4319352.393, 136
Trd, 4319352.493, 100
Trd, 4319353.343, 140
Trd, 4319354.443, 140
Trd, 4319355.843, 140
Trd, 4319356.043, 140
Trd, 4319357.343, 140
Trd, 4319358.393, 139
Trd, 4319358.843, 140
Trd, 4319359.293, 140
Trd, 4319360.343, 138
Trd, 4319360.543, 118
Trd, 4319360.843, 81
Trd, 4319361.393, 140
Trd, 4319363.043, 140
Trd, 4319363.243, 140
Trd, 4319363.343, 140
Trd, 4319364.543, 140
Trd, 4319364.693, 138
Trd, 4319364.843, 136
Trd, 4319366.093, 140
Trd, 4319366.193, 139
Trd, 4319367.293, 139
Trd, 4319368.043, 113
Trd, 4319369.093, 107
Trd, 4319371.043, 111
Trd, 4319371.543, 140
Trd, 4319371.943, 111
Trd, 4319372.493, 139
Trd, 4319373.893, 96
Trd, 4319374.343, 138
Trd, 4319374.393, 95
Trd, 4319375.043, 140
Trd, 4319376.393, 139
Trd, 4319377.543, 140
Trd, 4319377.793, 140
Trd, 4319378.643, 140
Trd, 4319379.193, 139
Trd, 4319379.993, 140
Trd, 4319380.043, 140
Trd, 4319381.493, 140
Trd, 4319382.293, 140
Trd, 4319383.443, 140
Trd, 4319383.593, 139
Trd, 4319384.093, 140
Trd, 4319384.993, 108
Trd, 4319386.543, 140
Trd, 4319386.943, 140
Trd, 4319387.443, 140
Trd, 4319387.843, 139
Trd, 4319387.893, 137
Trd, 4319388.193, 116
Trd, 4319388.443, 104
Trd, 4319388.843, 71
Trd, 4319390.093, 97
Trd, 4319390.243, 114
Trd, 4319391.343, 140
Trd, 4319392.593, 140
Trd, 4319392.643, 140
Trd, 4319394.243, 140
Trd, 4319394.543, 140
Trd, 4319394.693, 140
Trd, 4319397.493, 140
Trd, 4319397.793, 140
Trd, 4319398.843, 140
Trd, 4319398.943, 140
Trd, 4319399.943, 140
Trd, 4319400.493, 138
Trd, 4319401.643, 140
Trd, 4319402.893, 140
Trd, 4319403.793, 139
Trd, 4319403.993, 138
Trd, 4319404.393, 138
Trd, 4319404.593, 117
Trd, 4319405.693, 138
Trd, 4319406.243, 139
Trd, 4319407.143, 138
Trd, 4319407.743, 96
Trd, 4319408.693, 77
Trd, 4319409.193, 73
Trd, 4319410.043, 82
Trd, 4319411.093, 96
Trd, 4319411.943, 63
Trd, 4319412.693, 62
Trd, 4319413.543, 62
Trd, 4319414.643, 60
Trd, 4319415.043, 74
Trd, 4319417.343, 129
Trd, 4319417.893, 124
Trd, 4319418.493, 140
Trd, 4319419.043, 140
Trd, 4319419.293, 140
Trd, 4319419.543, 140
Trd, 4319420.443, 140
Trd, 4319421.293, 82
Trd, 4319421.743, 62
Trd, 4319423.293, 140
Trd, 4319423.593, 140
Trd, 4319423.743, 140
Trd, 4319424.143, 140
Trd, 4319424.943, 140
Trd, 4319425.593, 140
Trd, 4319425.843, 140
Trd, 4319426.693, 140
Trd, 4319429.043, 140
Trd, 4319429.143, 140
Trd, 4319429.293, 138
Trd, 4319430.593, 134
Trd, 4319430.643, 132
Trd, 4319431.593, 140
Trd, 4319432.593, 120
Trd, 4319433.243, 140
Trd, 4319433.543, 139
Trd, 4319434.543, 140
Trd, 4319435.243, 140
Trd, 4319436.093, 140
Trd, 4319436.443, 140
Trd, 4319437.093, 140
Trd, 4319438.993, 140
Trd, 4319439.643, 140
Trd, 4319439.893, 140
Trd, 4319440.493, 140
Trd, 4319441.743, 140
Trd, 4319443.043, 140
Trd, 4319443.243, 139
Trd, 4319444.543, 137
Trd, 4319444.643, 137
Trd, 4319445.143, 138
Trd, 4319445.843, 124
Trd, 4319446.493, 102
Trd, 4319447.043, 136
Trd, 4319447.143, 99
Trd, 4319447.793, 137
Trd, 4319449.293, 140
Trd, 4319449.393, 140
Trd, 4319449.743, 128
Trd, 4319449.843, 74
Trd, 4319450.643, 134
Trd, 4319451.243, 69
Trd, 4319452.293, 91
Trd, 4319452.443, 89
Trd, 4319452.593, 87
Trd, 4319454.493, 140
Trd, 4319455.343, 140
Trd, 4319455.643, 140
Trd, 4319455.893, 112
Trd, 4319456.743, 61
Trd, 4319458.193, 60
Trd, 4319459.893, 65
Trd, 4319460.093, 139
Trd, 4319461.243, 62
Trd, 4319462.193, 63
Trd, 4319462.393, 99
Trd, 4319462.593, 96
Trd, 4319462.943, 96
Trd, 4319463.693, 86
Trd, 4319464.393, 73
Trd, 4319464.993, 140
Trd, 4319466.643, 62
Trd, 4319466.743, 68
Trd, 4319466.893, 103
Trd, 4319466.993, 60
Trd, 4319468.043, 140
Trd, 4319468.143, 140
Trd, 4319469.643, 140
Trd, 4319470.143, 140
Trd, 4319470.293, 139
Trd, 4319470.443, 134
Trd, 4319470.493, 99
Trd, 4319471.493, 87
Trd, 4319471.543, 71
Trd, 4319474.843, 63
Trd, 4319475.193, 135
Trd, 4319475.593, 140
Trd, 4319476.043, 64
Trd, 4319476.243, 138
Trd, 4319477.843, 140
Trd, 4319478.393, 93
Trd, 4319478.443, 92
Trd, 4319478.543, 78
Trd, 4319479.543, 139
Trd, 4319481.743, 140
Trd, 4319481.893, 140
Trd, 4319482.143, 140
Trd, 4319483.243, 140
Trd, 4319483.293, 139
Trd, 4319483.593, 139
Trd, 4319483.993, 97
Trd, 4319485.243, 74
Trd, 4319485.793, 128
Trd, 4319486.543, 135
Trd, 4319486.693, 134
Trd, 4319487.193, 68
Trd, 4319488.743, 95
Trd, 4319490.643, 61
Trd, 4319491.243, 61
Trd, 4319491.393, 97
Trd, 4319492.843, 63
Trd, 4319493.393, 61
Trd, 4319494.043, 62
Trd, 4319494.193, 103
Trd, 4319495.143, 140
Trd, 4319495.243, 140
Trd, 4319496.193, 140
Trd, 4319497.543, 140
Trd, 4319497.743, 140
Trd, 4319498.093, 139
Trd, 4319498.143, 138
Trd, 4319499.743, 140
Trd, 4319499.793, 140
Trd, 4319499.893, 140
Trd, 4319502.243, 140
Trd, 4319502.543, 140
Trd, 4319502.943, 139
Trd, 4319503.193, 139
Trd, 4319503.793, 139
Trd, 4319504.493, 140
Trd, 4319506.243, 140
Trd, 4319506.743, 140
Trd, 4319507.343, 140
Trd, 4319508.093, 140
Trd, 4319508.593, 140
Trd, 4319509.643, 140
Trd, 4319509.743, 132
Trd, 4319510.243, 107
Trd, 4319510.843, 120
Trd, 4319513.243, 140
Trd, 4319513.843, 140
Trd, 4319514.693, 140
Trd, 4319515.443, 140
Trd, 4319516.143, 140
Trd, 4319516.393, 140
Trd, 4319516.593, 140
Trd, 4319516.693, 135
Trd, 4319517.743, 138
Trd, 4319518.793, 140
Trd, 4319519.343, 140
Trd, 4319520.143, 140
Trd, 4319520.193, 139
Trd, 4319521.343, 134
Trd, 4319521.893, 120
Trd, 4319522.193, 89
Trd, 4319523.343, 138
Trd, 4319524.693, 62
Trd, 4319526.743, 60
Trd, 4319526.893, 63
Trd, 4319527.443, 67
Trd, 4319528.493, 89
Trd, 4319529.193, 140
Trd, 4319529.893, 140
Trd, 4319530.043, 140
Trd, 4319530.243, 140
Trd, 4319530.293, 140
Trd, 4319530.593, 138
Trd, 4319531.543, 139
Trd, 4319532.343, 136
Trd, 4319533.143, 137
Trd, 4319533.543, 127
Trd, 4319533.693, 101
Trd, 4319534.693, 140
Trd, 4319534.993, 91
Trd, 4319536.093, 60
Trd, 4319536.743, 140
Trd, 4319537.443, 140
Trd, 4319537.693, 140
Trd, 4319538.393, 140
Trd, 4319538.793, 140
Trd, 4319540.593, 140
Trd, 4319540.693, 140
Trd, 4319541.443, 140
Trd, 4319541.593, 140
Trd, 4319541.743, 133
Trd, 4319542.243, 102
Trd, 4319542.843, 92
Trd, 4319543.993, 140
Trd, 4319544.093, 137
Trd, 4319544.693, 88
Trd, 4319546.193, 140
Trd, 4319546.893, 140
Trd, 4319548.293, 62
Trd, 4319549.493, 63
Trd, 4319550.193, 60
Trd, 4319550.743, 61
Trd, 4319551.093, 62
Trd, 4319551.443, 63
Trd, 4319552.693, 140
Trd, 4319553.943, 140
Trd, 4319554.343, 140
Trd, 4319556.043, 140
Trd, 4319556.093, 140
Trd, 4319557.293, 140
Trd, 4319558.043, 140
Trd, 4319558.393, 140
Trd, 4319558.443, 140
Trd, 4319558.493, 132
Trd, 4319559.843, 107
Trd, 4319560.693, 140
Trd, 4319560.843, 102
Trd, 4319562.043, 140
Trd, 4319563.993, 140
Trd, 4319565.293, 140
Trd, 4319565.793, 140
Trd, 4319566.193, 140
Trd, 4319566.743, 140
Trd, 4319566.943, 139
Trd, 4319566.993, 139
Trd, 4319567.343, 98
Trd, 4319569.243, 137
Trd, 4319569.693, 140
Trd, 4319570.093, 135
Trd, 4319571.443, 140
Trd, 4319572.093, 125
Trd, 4319572.243, 123
Trd, 4319572.393, 116
Trd, 4319573.893, 140
Trd, 4319575.243, 133
Trd, 4319576.093, 140
Trd, 4319576.443, 140
Trd, 4319576.543, 140
Trd, 4319577.243, 140
Trd, 4319577.493, 139
Trd, 4319577.543, 137
Trd, 4319577.993, 124
Trd, 4319579.593, 137
Trd, 4319580.043, 140
Trd, 4319580.693, 140
Trd, 4319581.043, 140
Trd, 4319581.393, 139
Trd, 4319581.443, 136
Trd, 4319582.343, 139
Trd, 4319584.643, 139
Trd, 4319585.293, 136
Trd, 4319585.443, 135
Trd, 4319585.793, 140
Trd, 4319587.043, 139
Trd, 4319588.893, 138
Trd, 4319588.993, 101
Trd, 4319589.293, 100
Trd, 4319589.943, 60
Trd, 4319590.643, 140
Trd, 4319592.343, 140
Trd, 4319593.293, 140
Trd, 4319593.393, 139
Trd, 4319593.743, 131
Trd, 4319593.843, 125
Trd, 4319594.793, 140
Trd, 4319595.893, 103
Trd, 4319596.243, 92
Trd, 4319598.693, 140
Trd, 4319598.893, 139
Trd, 4319599.093, 140
Trd, 4319600.293, 138
Trd, 4319600.943, 105
Trd, 4319601.743, 111
Trd, 4319601.843, 110
Trd, 4319601.893, 104
Trd, 4319602.743, 140
Trd, 4319603.293, 140
Trd, 4319604.193, 140
Trd, 4319604.493, 140
Trd, 4319607.543, 60
Trd, 4319607.993, 60
Trd, 4319608.143, 60
Trd, 4319608.493, 61
Trd, 4319609.643, 64
Trd, 4319609.793, 64
Trd, 4319611.143, 64
Trd, 4319611.943, 66
Trd, 4319612.143, 72
Trd, 4319612.593, 99
Trd, 4319612.893, 137
Trd, 4319613.043, 65
Trd, 4319613.643, 135
Trd, 4319614.543, 69
Trd, 4319616.043, 60
Trd, 4319616.693, 60
Trd, 4319616.743, 101
Trd, 4319617.993, 60
Trd, 4319618.593, 70
Trd, 4319619.893, 65
Trd, 4319621.143, 60
Trd, 4319621.593, 66
Trd, 4319622.293, 60
Trd, 4319623.093, 128
Trd, 4319623.793, 68
Trd, 4319624.593, 69
Trd, 4319625.093, 61
Trd, 4319626.243, 62
Trd, 4319626.493, 77
Trd, 4319626.893, 81
Trd, 4319628.343, 117
Trd, 4319628.743, 101
Trd, 4319628.893, 63
Trd, 4319628.993, 64
Trd, 4319630.893, 140
Trd, 4319631.193, 140
Trd, 4319632.693, 140
Trd, 4319632.893, 140
Trd, 4319633.143, 140
Trd, 4319633.243, 137
Trd, 4319633.643, 112
Trd, 4319633.993, 127
Trd, 4319634.393, 140
Trd, 4319635.043, 139
Trd, 4319636.143, 140
Trd, 4319636.843, 140
Trd, 4319637.693, 139
Trd, 4319638.593, 127
Trd, 4319640.393, 60
Trd, 4319640.793, 65
Trd, 4319641.493, 60
Trd, 4319642.593, 65
Trd, 4319643.143, 67
Trd, 4319643.543, 67
Trd, 4319644.093, 67
Trd, 4319644.443, 102
Trd, 4319645.493, 80
Trd, 4319645.743, 81
Trd, 4319645.893, 82
Trd, 4319647.143, 85
Trd, 4319647.843, 96
Trd, 4319647.893, 95
Trd, 4319648.243, 139
Trd, 4319648.993, 139
Trd, 4319649.593, 140
Trd, 4319650.593, 65
Trd, 4319651.143, 101
Trd, 4319653.043, 70
Trd, 4319653.693, 98
Trd, 4319653.743, 118
Trd, 4319654.193, 97
Trd, 4319654.493, 95
Trd, 4319655.443, 139
Trd, 4319656.393, 80
Trd, 4319656.993, 60
Trd, 4319658.343, 116
Trd, 4319658.993, 60
Trd, 4319660.443, 60
Trd, 4319660.593, 61
Trd, 4319662.093, 86
Trd, 4319662.143, 85
Trd, 4319662.443, 100
Trd, 4319662.693, 140
Trd, 4319663.843, 140
Trd, 4319663.943, 140
Trd, 4319664.093, 140
Trd, 4319664.643, 139
Trd, 4319665.743, 62
Trd, 4319666.993, 64
Trd, 4319667.043, 64
Trd, 4319668.493, 66
Trd, 4319669.393, 60
Trd, 4319669.843, 63
Trd, 4319669.993, 79
Trd, 4319670.993, 140
Trd, 4319672.193, 100
Trd, 4319672.393, 99
Trd, 4319673.443, 137
Trd, 4319673.493, 135
Trd, 4319673.993, 90
Trd, 4319674.243, 117
Trd, 4319674.443, 63
Trd, 4319674.843, 137
Trd, 4319676.043, 87
Trd, 4319676.293, 62
Trd, 4319676.593, 71
Trd, 4319677.893, 62
Trd, 4319680.943, 140
Trd, 4319681.043, 140
Trd, 4319682.143, 140
Trd, 4319682.843, 140
Trd, 4319683.343, 138
Trd, 4319683.393, 133
Trd, 4319683.443, 96
Trd, 4319686.593, 140
Trd, 4319686.743, 140
Trd, 4319687.043, 97
Trd, 4319687.493, 63
Trd, 4319687.993, 140
Trd, 4319688.693, 139
Trd, 4319689.443, 138
Trd, 4319690.143, 140
Trd, 4319690.193, 140
Trd, 4319690.693, 139
Trd, 4319691.343, 140
Trd, 4319691.743, 139
Trd, 4319693.593, 140
Trd, 4319693.793, 138
Trd, 4319693.843, 123
Trd, 4319694.643, 118
Trd, 4319694.993, 108
Trd, 4319695.793, 119
Trd, 4319696.843, 140
Trd, 4319696.893, 140
Trd, 4319698.193, 140
Trd, 4319698.643, 140
Trd, 4319699.443, 140
Trd, 4319699.543, 140
Trd, 4319700.693, 140
Trd, 4319701.393, 139
Trd, 4319702.293, 139
Trd, 4319702.643, 140
Trd, 4319703.293, 139
Trd, 4319704.543, 139
Trd, 4319704.893, 139
Trd, 4319705.493, 138
Trd, 4319705.743, 136
Trd, 4319706.993, 106
Trd, 4319707.893, 105
Trd, 4319708.993, 63
Trd, 4319709.443, 140
Trd, 4319710.543, 65
Trd, 4319711.593, 72
Trd, 4319711.643, 66
Trd, 4319712.493, 63
Trd, 4319713.243, 63
Trd, 4319713.393, 62
Trd, 4319714.243, 140
Trd, 4319715.393, 140
Trd, 4319715.743, 140
Trd, 4319715.993, 140
Trd, 4319716.243, 140
Trd, 4319717.043, 140
Trd, 4319717.343, 140
Trd, 4319718.943, 140
Trd, 4319720.393, 140
Trd, 4319721.743, 140
Trd, 4319722.293, 140
Trd, 4319722.693, 140
Trd, 4319723.743, 140
Trd, 4319724.793, 140
Trd, 4319725.293, 140
Trd, 4319725.643, 140
Trd, 4319725.743, 140
Trd, 4319726.943, 140
Trd, 4319727.593, 107
Trd, 4319728.193, 140
Trd, 4319729.643, 138
Trd, 4319730.093, 140
Trd, 4319730.343, 140
Trd, 4319731.743, 138
Trd, 4319732.793, 140
Trd, 4319733.843, 140
Trd, 4319733.993, 140
Trd, 4319734.293, 140
Trd, 4319735.243, 140
Trd, 4319736.193, 122
Trd, 4319737.393, 140
Trd, 4319737.743, 140
Trd, 4319738.493, 139
Trd, 4319739.043, 139
Trd, 4319740.393, 140
Trd, 4319741.193, 140
Trd, 4319741.443, 140
Trd, 4319742.393, 139
Trd, 4319742.943, 140
Trd, 4319743.543, 62
Trd, 4319745.493, 65
Trd, 4319745.843, 61
Trd, 4319746.243, 61
Trd, 4319746.493, 81
Trd, 4319748.743, 140
Trd, 4319748.793, 140
Trd, 4319748.843, 140
Trd, 4319749.393, 140
Trd, 4319749.443, 140
Trd, 4319749.843, 140
Trd, 4319752.343, 140
Trd, 4319752.793, 139
Trd, 4319752.993, 133
Trd, 4319753.393, 138
Trd, 4319754.343, 140
Trd, 4319754.993, 139
Trd, 4319756.593, 139
Trd, 4319756.643, 138
Trd, 4319757.043, 93
Trd, 4319758.093, 140
Trd, 4319760.093, 61
Trd, 4319760.393, 109
Trd, 4319760.443, 63
Trd, 4319760.943, 106
Trd, 4319761.643, 106
Trd, 4319762.293, 137
Trd, 4319762.893, 139
Trd, 4319762.993, 134
Trd, 4319764.193, 67
Trd, 4319767.593, 61
Trd, 4319767.843, 63
Trd, 4319769.193, 69
Trd, 4319769.643, 71
Trd, 4319770.343, 66
Trd, 4319770.993, 79
Trd, 4319771.443, 64
Trd, 4319771.743, 84
Trd, 4319772.093, 64
Trd, 4319772.543, 64
Trd, 4319773.343, 140
Trd, 4319775.093, 140
Trd, 4319775.593, 140
Trd, 4319776.043, 140
Trd, 4319777.093, 140
Trd, 4319777.443, 140
Trd, 4319779.093, 60
Trd, 4319779.843, 64
Trd, 4319780.043, 69
Trd, 4319781.293, 63
Trd, 4319781.943, 75
Trd, 4319782.043, 103
Trd, 4319782.243, 62
Trd, 4319783.443, 120
Trd, 4319783.643, 96
Trd, 4319784.243, 140
Trd, 4319784.543, 139
Trd, 4319784.743, 91
Trd, 4319785.093, 88
Trd, 4319785.143, 64
Trd, 4319789.393, 65
Trd, 4319789.643, 61
Trd, 4319789.743, 64
Trd, 4319790.443, 79
Trd, 4319791.493, 64
Trd, 4319792.493, 85
Trd, 4319792.793, 62
Trd, 4319792.943, 106
Trd, 4319793.393, 62
Trd, 4319794.243, 64
Trd, 4319795.293, 136
Trd, 4319795.743, 98
Trd, 4319796.343, 139
Trd, 4319796.543, 99
Trd, 4319797.043, 139
Trd, 4319798.043, 138
Trd, 4319798.443, 69
Trd, 4319799.943, 61
Trd, 4319800.993, 63
Trd, 4319801.293, 75
Trd, 4319801.693, 91
Trd, 4319801.993, 88
Trd, 4319802.893, 103
Trd, 4319803.543, 67
Trd, 4319804.193, 62
Trd, 4319806.343, 61
Trd, 4319806.943, 65
Trd, 4319807.343, 66
Trd, 4319807.593, 67
Trd, 4319808.043, 65
Trd, 4319809.143, 66
Trd, 4319809.293, 62
Trd, 4319809.393, 61
Trd, 4319810.893, 63
Trd, 4319811.793, 68
Trd, 4319812.793, 67
Trd, 4319813.593, 133
Trd, 4319814.143, 81
Trd, 4319815.043, 69
Trd, 4319816.743, 140
Trd, 4319816.993, 140
Trd, 4319817.393, 140
Trd, 4319817.793, 140
Trd, 4319818.093, 140
Trd, 4319818.293, 140
Trd, 4319818.593, 140
Trd, 4319819.793, 93
Trd, 4319820.593, 138
Trd, 4319821.043, 125
Trd, 4319821.543, 127
Trd, 4319822.093, 140
Trd, 4319822.693, 127
Trd, 4319822.793, 114
Trd, 4319822.943, 98
Trd, 4319824.493, 60
Trd, 4319826.443, 67
Trd, 4319827.043, 102
Trd, 4319827.143, 132
Trd, 4319827.493, 63
Trd, 4319828.293, 64
Trd, 4319828.743, 63
Trd, 4319829.743, 60
Trd, 4319831.343, 67
Trd, 4319831.943, 63
Trd, 4319832.193, 61
Trd, 4319832.443, 86
Trd, 4319832.893, 87
Trd, 4319833.693, 61
Trd, 4319834.793, 118
Trd, 4319836.443, 140
Trd, 4319836.793, 139
Trd, 4319837.193, 119
Trd, 4319837.693, 140
Trd, 4319839.093, 140
Trd, 4319839.293, 140
Trd, 4319839.793, 140
Trd, 4319839.943, 140
Trd, 4319840.443, 139
Trd, 4319842.193, 139
Trd, 4319842.993, 140
Trd, 4319843.543, 140
Trd, 4319843.943, 140
Trd, 4319845.243, 123
Trd, 4319846.793, 140
Trd, 4319847.193, 140
Trd, 4319847.543, 140
Trd, 4319847.843, 140
Trd, 4319848.843, 140
Trd, 4319849.193, 140
Trd, 4319850.393, 140
Trd, 4319850.643, 116
Trd, 4319850.943, 115
Trd, 4319851.593, 115
Trd, 4319852.843, 140
Trd, 4319853.043, 140
Trd, 4319853.443, 120
Trd, 4319853.743, 119
Trd, 4319854.193, 129
Trd, 4319856.493, 140
Trd, 4319856.593, 140
Trd, 4319856.793, 140
Trd, 4319857.043, 140
Trd, 4319858.343, 140
Trd, 4319859.543, 140
Trd, 4319859.893, 139
Trd, 4319860.993, 140
Trd, 4319861.393, 140
Trd, 4319862.843, 140
Trd, 4319862.943, 140
Trd, 4319865.093, 140
Trd, 4319865.493, 140
Trd, 4319865.943, 140
Trd, 4319867.093, 140
Trd, 4319867.493, 140
Trd, 4319867.993, 140
Trd, 4319869.493, 140
Trd, 4319869.643, 140
Trd, 4319870.493, 140
Trd, 4319871.193, 140
Trd, 4319871.393, 137
Trd, 4319872.493, 140
Trd, 4319873.043, 140
Trd, 4319874.493, 140
Trd, 4319875.393, 140
Trd, 4319877.093, 140
Trd, 4319877.143, 140
Trd, 4319877.543, 140
Trd, 4319877.943, 140
Trd, 4319878.293, 140
Trd, 4319878.343, 139
Trd, 4319880.293, 140
Trd, 4319880.693, 139
Trd, 4319881.343, 139
Trd, 4319882.143, 140
Trd, 4319882.393, 138
Trd, 4319882.943, 139
Trd, 4319883.693, 140
Trd, 4319884.593, 140
Trd, 4319885.243, 139
Trd, 4319885.643, 122
Trd, 4319886.443, 67
Trd, 4319888.043, 139
Trd, 4319889.293, 140
Trd, 4319889.943, 140
Trd, 4319890.743, 140
Trd, 4319891.643, 140
Trd, 4319892.843, 140
Trd, 4319892.893, 140
Trd, 4319894.643, 140
Trd, 4319894.743, 140
Trd, 4319894.943, 140
Trd, 4319895.293, 139
Trd, 4319895.793, 104
Trd, 4319895.943, 82
Trd, 4319896.943, 140
Trd, 4319900.143, 140
Trd, 4319900.343, 140
Trd, 4319900.993, 140
Trd, 4319901.143, 140
Trd, 4319901.893, 140
Trd, 4319903.943, 140
Trd, 4319904.243, 140
Trd, 4319904.593, 140
Trd, 4319904.993, 140
Trd, 4319905.743, 140
Trd, 4319906.493, 140
Trd, 4319907.093, 104
Trd, 4319908.243, 137
Trd, 4319909.193, 140
Trd, 4319909.293, 140
Trd, 4319910.593, 140
Trd, 4319911.393, 139
Trd, 4319911.643, 109
Trd, 4319912.493, 61
Trd, 4319913.243, 64
Trd, 4319915.543, 105
Trd, 4319916.443, 63
Trd, 4319916.743, 61
Trd, 4319917.193, 63
Trd, 4319919.493, 62
Trd, 4319919.593, 70
Trd, 4319920.093, 65
Trd, 4319920.593, 135
Trd, 4319921.343, 139
Trd, 4319921.943, 136
Trd, 4319922.143, 136
Trd, 4319923.993, 140
Trd, 4319924.393, 140
Trd, 4319924.843, 140
Trd, 4319925.093, 140
Trd, 4319925.643, 75
Trd, 4319926.643, 101
Trd, 4319926.793, 89
Trd, 4319928.443, 140
Trd, 4319929.193, 70
Trd, 4319929.393, 79
Trd, 4319930.443, 83
Trd, 4319931.693, 128
Trd, 4319933.193, 140
Trd, 4319933.393, 140
Trd, 4319933.643, 140
Trd, 4319934.793, 140
Trd, 4319935.693, 140
Trd, 4319936.493, 140
Trd, 4319937.093, 138
Trd, 4319937.943, 137
Trd, 4319938.393, 112
Trd, 4319939.743, 140
Trd, 4319941.993, 140
Trd, 4319942.393, 140
Trd, 4319942.443, 140
Trd, 4319943.043, 140
Trd, 4319943.843, 140
Trd, 4319944.943, 140
Trd, 4319945.443, 140
Trd, 4319945.843, 140
Trd, 4319946.643, 140
Trd, 4319947.943, 140
Trd, 4319949.643, 140
Trd, 4319949.693, 140
Trd, 4319949.893, 140
Trd, 4319950.143, 140
Trd, 4319950.793, 139
Trd, 4319951.693, 139
Trd, 4319951.893, 139
Trd, 4319952.743, 140
Trd, 4319953.443, 140
Trd, 4319954.893, 75
Trd, 4319955.393, 139
Trd, 4319956.393, 139
Trd, 4319957.243, 140
Trd, 4319957.293, 140
Trd, 4319958.343, 140
Trd, 4319959.043, 140
Trd, 4319959.643, 139
Trd, 4319960.243, 117
Trd, 4319961.543, 140
Trd, 4319961.793, 140
Trd, 4319961.943, 140
Trd, 4319964.293, 140
Trd, 4319964.393, 140
Trd, 4319965.293, 140
Trd, 4319965.593, 140
Trd, 4319965.643, 139
Trd, 4319967.043, 139
Trd, 4319967.443, 125
Trd, 4319967.493, 124
Trd, 4319967.643, 111
Trd, 4319967.743, 88
Trd, 4319970.043, 140
Trd, 4319971.093, 140
Trd, 4319971.693, 140
Trd, 4319972.293, 140
Trd, 4319972.693, 140
Trd, 4319973.293, 140
Trd, 4319973.943, 140
Trd, 4319974.993, 140
Trd, 4319975.093, 139
Trd, 4319975.993, 140
Trd, 4319977.743, 140
Trd, 4319979.543, 140
Trd, 4319980.243, 140
Trd, 4319980.343, 140
Trd, 4319981.043, 140
Trd, 4319981.693, 81
Trd, 4319982.493, 137
Trd, 4319982.843, 138
Trd, 4319983.643, 139
Trd, 4319984.043, 117
Trd, 4319984.293, 116
Trd, 4319986.143, 140
Trd, 4319986.343, 108
Trd, 4319987.893, 140
Trd, 4319988.043, 140
Trd, 4319989.593, 139
Trd, 4319990.893, 130
Trd, 4319991.243, 113
Trd, 4319991.643, 140
Trd, 4319991.693, 140
Trd, 4319991.893, 140
Trd, 4319994.893, 140
Trd, 4319995.893, 140
Trd, 4319996.093, 140
Trd, 4319996.293, 140
Trd, 4319996.593, 140
Trd, 4319997.243, 140
Trd, 4319997.393, 140
Trd, 4319997.543, 136
Trd, 4319999.393, 140
Trd, 4319999.593, 140
Trd, 4319999.743, 140
