Trd, 4318134.543, 140
Trd, 4318134.743, 140
Trd, 4318134.993, 140
Trd, 4318135.143, 140
Trd, 4318135.843, 140
Trd, 4318136.743, 139
Trd, 4318137.043, 140
Trd, 4318137.843, 139
Trd, 4318139.793, 140
Trd, 4318140.043, 133
Trd, 4318141.843, 126
Trd, 4318142.143, 128
Trd, 4318142.393, 126
Trd, 4318143.593, 140
Trd, 4318143.693, 140
Trd, 4318144.093, 125
Trd, 4318145.693, 61
Trd, 4318145.893, 63
Trd, 4318147.693, 140
Trd, 4318147.743, 140
Trd, 4318147.793, 140
Trd, 4318149.043, 139
Trd, 4318149.843, 140
Trd, 4318150.943, 140
Trd, 4318151.293, 140
Trd, 4318151.943, 140
Trd, 4318152.493, 140
Trd, 4318152.743, 140
Trd, 4318152.843, 140
Trd, 4318153.043, 140
Trd, 4318155.043, 140
Trd, 4318155.693, 139
Trd, 4318156.493, 140
Trd, 4318156.843, 140
Trd, 4318157.493, 140
Trd, 4318158.643, 140
Trd, 4318159.343, 140
Trd, 4318159.443, 140
Trd, 4318160.793, 140
Trd, 4318160.943, 140
Trd, 4318161.293, 140
Trd, 4318163.343, 140
Trd, 4318163.543, 140
Trd, 4318164.293, 140
Trd, 4318164.593, 140
Trd, 4318165.043, 140
Trd, 4318166.093, 140
Trd, 4318166.443, 140
Trd, 4318166.693, 115
Trd, 4318168.143, 140
Trd, 4318168.343, 140
Trd, 4318168.443, 140
Trd, 4318168.893, 137
Trd, 4318169.793, 114
Trd, 4318169.843, 113
Trd, 4318170.693, 140
Trd, 4318171.743, 140
Trd, 4318172.243, 140
Trd, 4318172.743, 139
Trd, 4318172.943, 138
Trd, 4318173.443, 138
Trd, 4318174.743, 140
Trd, 4318175.193, 140
Trd, 4318175.293, 139
Trd, 4318176.893, 139
Trd, 4318177.093, 126
Trd, 4318177.843, 127
Trd, 4318178.093, 140
Trd, 4318178.543, 127
Trd, 4318179.343, 104
Trd, 4318180.493, 139
Trd, 4318183.043, 140
Trd, 4318183.143, 140
Trd, 4318183.193, 140
Trd, 4318184.093, 140
Trd, 4318184.193, 138
Trd, 4318184.493, 138
Trd, 4318184.893, 70
Trd, 4318185.693, 130
Trd, 4318186.343, 70
Trd, 4318187.193, 69
Trd, 4318189.043, 140
Trd, 4318189.343, 140
Trd, 4318189.493, 140
Trd, 4318190.243, 63
Trd, 4318190.743, 116
Trd, 4318190.843, 140
Trd, 4318192.243, 67
Trd, 4318193.743, 68
Trd, 4318194.043, 65
Trd, 4318194.143, 134
Trd, 4318195.243, 139
Trd, 4318195.793, 140
Trd, 4318195.943, 138
Trd, 4318197.043, 140
Trd, 4318198.293, 120
Trd, 4318199.043, 121
Trd, 4318199.543, 122
Trd, 4318199.643, 120
Trd, 4318200.293, 140
Trd, 4318201.093, 139
Trd, 4318201.893, 132
Trd, 4318203.243, 140
Trd, 4318203.643, 140
Trd, 4318204.243, 140
Trd, 4318205.693, 140
Trd, 4318207.343, 140
Trd, 4318207.693, 140
Trd, 4318207.993, 140
Trd, 4318208.143, 140
Trd, 4318209.793, 140
Trd, 4318210.293, 140
Trd, 4318210.393, 140
Trd, 4318210.643, 140
Trd, 4318211.593, 140
Trd, 4318212.743, 140
Trd, 4318213.893, 140
Trd, 4318213.943, 140
Trd, 4318213.993, 139
Trd, 4318214.443, 139
Trd, 4318215.543, 122
Trd, 4318215.993, 61
Trd, 4318216.093, 113
Trd, 4318216.993, 66
Trd, 4318217.343, 82
Trd, 4318218.193, 68
Trd, 4318219.543, 60
Trd, 4318220.343, 64
Trd, 4318221.043, 65
Trd, 4318221.093, 67
Trd, 4318221.843, 62
Trd, 4318223.243, 60
Trd, 4318223.993, 69
Trd, 4318226.393, 60
Trd, 4318226.643, 63
Trd, 4318227.043, 63
Trd, 4318228.593, 67
Trd, 4318228.943, 140
Trd, 4318229.093, 140
Trd, 4318229.243, 139
Trd, 4318229.793, 88
Trd, 4318231.043, 98
Trd, 4318231.493, 99
Trd, 4318232.243, 140
Trd, 4318233.293, 137
Trd, 4318233.593, 137
Trd, 4318233.643, 78
Trd, 4318234.093, 76
Trd, 4318235.693, 60
Trd, 4318236.893, 119
Trd, 4318237.043, 119
Trd, 4318237.993, 140
Trd, 4318239.843, 140
Trd, 4318239.993, 140
Trd, 4318240.393, 140
Trd, 4318240.993, 140
Trd, 4318241.993, 138
Trd, 4318242.543, 140
Trd, 4318242.793, 140
Trd, 4318244.343, 140
Trd, 4318244.793, 138
Trd, 4318245.643, 140
Trd, 4318245.993, 102
Trd, 4318246.843, 140
Trd, 4318247.193, 91
Trd, 4318247.493, 86
Trd, 4318247.793, 139
Trd, 4318249.193, 127
Trd, 4318249.343, 126
Trd, 4318250.293, 61
Trd, 4318250.493, 64
Trd, 4318251.693, 62
Trd, 4318252.593, 134
Trd, 4318253.293, 106
Trd, 4318254.243, 106
Trd, 4318254.343, 105
Trd, 4318254.643, 140
Trd, 4318255.343, 69
Trd, 4318255.643, 140
Trd, 4318256.393, 140
Trd, 4318257.243, 139
Trd, 4318257.643, 140
Trd, 4318258.793, 65
Trd, 4318258.943, 137
Trd, 4318260.143, 140
Trd, 4318260.693, 96
Trd, 4318261.543, 123
Trd, 4318261.593, 97
Trd, 4318261.993, 63
Trd, 4318262.243, 126
Trd, 4318263.643, 140
Trd, 4318263.993, 139
Trd, 4318265.543, 140
Trd, 4318266.543, 140
Trd, 4318267.643, 140
Trd, 4318268.343, 140
Trd, 4318268.543, 140
Trd, 4318269.243, 140
Trd, 4318269.393, 140
Trd, 4318271.943, 140
Trd, 4318272.293, 140
Trd, 4318274.093, 140
Trd, 4318274.343, 140
Trd, 4318274.493, 140
Trd, 4318275.293, 140
Trd, 4318275.593, 140
Trd, 4318276.243, 139
Trd, 4318277.443, 140
Trd, 4318277.743, 140
Trd, 4318277.843, 140
Trd, 4318279.243, 140
Trd, 4318279.343, 140
Trd, 4318279.393, 137
Trd, 4318280.693, 140
Trd, 4318281.093, 126
Trd, 4318282.343, 139
Trd, 4318283.543, 140
Trd, 4318283.793, 139
Trd, 4318284.343, 140
Trd, 4318284.543, 140
Trd, 4318285.493, 140
Trd, 4318285.743, 140
Trd, 4318286.743, 140
Trd, 4318286.993, 97
Trd, 4318288.543, 72
Trd, 4318289.493, 140
Trd, 4318290.793, 140
Trd, 4318291.643, 140
Trd, 4318291.943, 140
Trd, 4318292.193, 140
Trd, 4318292.293, 140
Trd, 4318294.543, 140
Trd, 4318295.993, 140
Trd, 4318296.393, 140
Trd, 4318296.543, 140
Trd, 4318299.043, 140
Trd, 4318300.843, 140
Trd, 4318300.893, 140
Trd, 4318301.143, 140
Trd, 4318301.743, 140
Trd, 4318301.943, 140
Trd, 4318302.743, 140
Trd, 4318303.243, 140
Trd, 4318303.393, 94
Trd, 4318304.393, 61
Trd, 4318304.443, 71
Trd, 4318304.693, 139
Trd, 4318305.993, 140
Trd, 4318308.643, 140
Trd, 4318308.893, 140
Trd, 4318309.043, 140
Trd, 4318310.893, 140
Trd, 4318311.443, 140
Trd, 4318311.593, 140
Trd, 4318311.893, 140
Trd, 4318312.543, 138
Trd, 4318312.793, 91
Trd, 4318314.643, 140
Trd, 4318314.843, 139
Trd, 4318315.643, 140
Trd, 4318316.393, 140
Trd, 4318317.143, 140
Trd, 4318318.043, 140
Trd, 4318318.593, 140
Trd, 4318318.693, 140
Trd, 4318319.543, 140
Trd, 4318320.143, 91
Trd, 4318320.443, 90
Trd, 4318321.093, 61
Trd, 4318322.243, 122
Trd, 4318323.343, 60
Trd, 4318324.143, 63
Trd, 4318325.343, 140
Trd, 4318326.193, 140
Trd, 4318326.343, 140
Trd, 4318326.493, 140
Trd, 4318327.093, 140
Trd, 4318327.993, 140
Trd, 4318328.243, 140
Trd, 4318329.543, 140
Trd, 4318329.843, 140
Trd, 4318330.943, 140
Trd, 4318331.943, 140
Trd, 4318332.693, 140
Trd, 4318333.193, 140
Trd, 4318334.793, 140
Trd, 4318335.493, 140
Trd, 4318335.693, 140
Trd, 4318335.743, 140
Trd, 4318335.893, 140
Trd, 4318336.393, 140
Trd, 4318337.093, 140
Trd, 4318339.543, 137
Trd, 4318340.393, 111
Trd, 4318340.543, 130
Trd, 4318341.493, 140
Trd, 4318343.493, 140
Trd, 4318343.543, 140
Trd, 4318343.693, 139
Trd, 4318345.943, 140
Trd, 4318347.043, 140
Trd, 4318347.493, 140
Trd, 4318348.343, 140
Trd, 4318349.043, 140
Trd, 4318349.143, 139
Trd, 4318350.343, 139
Trd, 4318350.393, 134
Trd, 4318350.443, 104
Trd, 4318352.043, 62
Trd, 4318353.243, 67
Trd, 4318353.543, 116
Trd, 4318355.293, 60
Trd, 4318355.843, 61
Trd, 4318355.943, 66
Trd, 4318357.743, 62
Trd, 4318357.993, 64
Trd, 4318358.093, 64
Trd, 4318358.743, 66
Trd, 4318360.043, 126
Trd, 4318360.093, 124
Trd, 4318360.543, 68
Trd, 4318360.743, 107
Trd, 4318361.993, 127
Trd, 4318363.193, 60
Trd, 4318364.593, 140
Trd, 4318364.943, 140
Trd, 4318365.093, 140
Trd, 4318366.093, 140
Trd, 4318366.393, 140
Trd, 4318366.493, 140
Trd, 4318367.643, 121
Trd, 4318367.843, 118
Trd, 4318368.393, 61
Trd, 4318369.943, 140
Trd, 4318371.493, 140
Trd, 4318371.993, 140
Trd, 4318372.143, 140
Trd, 4318373.043, 140
Trd, 4318373.993, 140
Trd, 4318374.543, 140
Trd, 4318374.743, 140
Trd, 4318376.993, 140
Trd, 4318377.043, 140
Trd, 4318377.543, 140
Trd, 4318378.293, 140
Trd, 4318378.743, 140
Trd, 4318380.693, 140
Trd, 4318380.743, 140
Trd, 4318382.193, 140
Trd, 4318383.293, 140
Trd, 4318383.793, 140
Trd, 4318384.293, 140
Trd, 4318384.393, 140
Trd, 4318384.743, 139
Trd, 4318384.943, 134
Trd, 4318385.343, 109
Trd, 4318387.343, 60
Trd, 4318387.943, 61
Trd, 4318388.193, 68
Trd, 4318389.943, 137
Trd, 4318390.893, 139
Trd, 4318390.993, 138
Trd, 4318391.793, 68
Trd, 4318392.193, 60
Trd, 4318393.293, 61
Trd, 4318395.343, 140
Trd, 4318395.643, 139
Trd, 4318396.343, 140
Trd, 4318397.393, 140
Trd, 4318398.243, 140
Trd, 4318398.593, 140
Trd, 4318398.643, 140
Trd, 4318400.193, 140
Trd, 4318401.393, 140
Trd, 4318401.543, 140
Trd, 4318401.743, 139
Trd, 4318402.343, 140
Trd, 4318402.843, 138
Trd, 4318403.893, 140
Trd, 4318404.643, 140
Trd, 4318405.743, 140
Trd, 4318405.893, 140
Trd, 4318406.243, 139
Trd, 4318407.193, 137
Trd, 4318408.493, 140
Trd, 4318408.993, 137
Trd, 4318409.293, 135
Trd, 4318410.293, 140
Trd, 4318411.543, 140
Trd, 4318412.143, 140
Trd, 4318412.293, 140
Trd, 4318412.793, 139
Trd, 4318413.643, 140
Trd, 4318413.793, 138
Trd, 4318415.793, 140
Trd, 4318415.943, 140
Trd, 4318416.493, 140
Trd, 4318416.793, 140
Trd, 4318417.343, 140
Trd, 4318418.243, 140
Trd, 4318419.343, 140
Trd, 4318419.593, 138
Trd, 4318420.143, 125
Trd, 4318420.493, 139
Trd, 4318421.543, 140
Trd, 4318422.943, 140
Trd, 4318423.293, 140
Trd, 4318423.593, 140
Trd, 4318423.993, 140
Trd, 4318424.793, 140
Trd, 4318424.943, 140
Trd, 4318425.993, 140
Trd, 4318427.043, 138
Trd, 4318427.993, 137
Trd, 4318428.393, 140
Trd, 4318428.643, 60
Trd, 4318429.093, 140
Trd, 4318429.143, 140
Trd, 4318429.643, 140
Trd, 4318430.693, 140
Trd, 4318431.943, 140
Trd, 4318432.993, 140
Trd, 4318433.293, 140
Trd, 4318433.643, 140
Trd, 4318434.243, 139
Trd, 4318435.093, 140
Trd, 4318435.243, 140
Trd, 4318436.443, 138
Trd, 4318437.593, 140
Trd, 4318438.093, 140
Trd, 4318438.293, 140
Trd, 4318440.093, 140
Trd, 4318440.393, 140
Trd, 4318440.543, 140
Trd, 4318440.993, 140
Trd, 4318441.243, 140
Trd, 4318442.093, 139
Trd, 4318442.793, 88
Trd, 4318443.093, 83
Trd, 4318444.593, 139
Trd, 4318445.043, 105
Trd, 4318445.643, 140
Trd, 4318445.693, 140
Trd, 4318445.843, 135
Trd, 4318446.793, 120
Trd, 4318446.993, 138
Trd, 4318447.743, 133
Trd, 4318449.143, 140
Trd, 4318449.743, 140
Trd, 4318450.743, 140
Trd, 4318450.993, 140
Trd, 4318451.293, 140
Trd, 4318451.443, 138
Trd, 4318453.343, 139
Trd, 4318454.293, 140
Trd, 4318455.093, 140
Trd, 4318455.193, 137
Trd, 4318455.243, 136
Trd, 4318456.343, 140
Trd, 4318457.943, 140
Trd, 4318458.193, 118
Trd, 4318458.343, 60
Trd, 4318459.443, 62
Trd, 4318461.143, 140
Trd, 4318461.843, 140
Trd, 4318462.343, 140
Trd, 4318462.543, 137
Trd, 4318462.843, 137
Trd, 4318463.993, 132
Trd, 4318464.693, 140
Trd, 4318465.393, 140
Trd, 4318465.793, 140
Trd, 4318466.293, 140
Trd, 4318467.443, 140
Trd, 4318467.893, 140
Trd, 4318468.143, 140
Trd, 4318468.243, 86
Trd, 4318469.693, 64
Trd, 4318470.093, 117
Trd, 4318471.743, 60
Trd, 4318472.393, 60
Trd, 4318472.943, 62
Trd, 4318474.243, 140
Trd, 4318474.993, 140
Trd, 4318475.093, 140
Trd, 4318476.243, 140
Trd, 4318477.043, 140
Trd, 4318477.693, 140
Trd, 4318478.143, 140
Trd, 4318478.843, 140
Trd, 4318479.043, 140
Trd, 4318479.943, 140
Trd, 4318481.093, 140
Trd, 4318482.093, 140
Trd, 4318482.793, 140
Trd, 4318482.893, 140
Trd, 4318483.343, 140
Trd, 4318483.543, 140
Trd, 4318483.693, 140
Trd, 4318484.343, 140
Trd, 4318484.743, 140
Trd, 4318485.193, 109
Trd, 4318485.893, 139
Trd, 4318486.743, 139
Trd, 4318488.343, 140
Trd, 4318489.443, 137
Trd, 4318490.043, 140
Trd, 4318491.093, 140
Trd, 4318491.193, 140
Trd, 4318491.293, 139
Trd, 4318492.143, 125
Trd, 4318493.293, 140
Trd, 4318493.443, 140
Trd, 4318493.493, 118
Trd, 4318494.143, 140
Trd, 4318495.043, 138
Trd, 4318495.243, 138
Trd, 4318495.743, 139
Trd, 4318496.593, 140
Trd, 4318496.643, 140
Trd, 4318497.893, 75
Trd, 4318498.443, 140
Trd, 4318499.343, 136
Trd, 4318499.443, 137
Trd, 4318500.143, 137
Trd, 4318500.693, 140
Trd, 4318502.043, 140
Trd, 4318503.993, 140
Trd, 4318504.543, 140
Trd, 4318504.593, 140
Trd, 4318505.243, 140
Trd, 4318505.493, 140
Trd, 4318506.143, 140
Trd, 4318506.193, 140
Trd, 4318506.293, 140
Trd, 4318508.043, 139
Trd, 4318508.193, 66
Trd, 4318508.543, 101
Trd, 4318509.743, 140
Trd, 4318510.543, 139
Trd, 4318511.143, 140
Trd, 4318511.743, 139
Trd, 4318513.343, 140
Trd, 4318513.443, 140
Trd, 4318514.943, 140
Trd, 4318515.493, 140
Trd, 4318515.843, 140
Trd, 4318515.993, 140
Trd, 4318516.493, 138
Trd, 4318516.993, 140
Trd, 4318517.143, 140
Trd, 4318518.243, 138
Trd, 4318518.293, 134
Trd, 4318519.193, 140
Trd, 4318519.693, 60
Trd, 4318520.093, 138
Trd, 4318520.693, 140
Trd, 4318521.743, 140
Trd, 4318522.143, 137
Trd, 4318522.943, 90
Trd, 4318523.243, 73
Trd, 4318525.043, 140
Trd, 4318525.493, 140
Trd, 4318526.143, 140
Trd, 4318526.743, 140
Trd, 4318526.893, 140
Trd, 4318527.543, 140
Trd, 4318528.393, 139
Trd, 4318529.093, 140
Trd, 4318529.843, 140
Trd, 4318530.693, 140
Trd, 4318532.493, 140
Trd, 4318533.593, 140
Trd, 4318533.843, 140
Trd, 4318533.993, 140
Trd, 4318534.293, 138
Trd, 4318534.443, 71
Trd, 4318535.243, 136
Trd, 4318535.493, 129
Trd, 4318535.543, 124
Trd, 4318536.093, 62
Trd, 4318537.593, 140
Trd, 4318537.893, 140
Trd, 4318537.943, 139
Trd, 4318538.493, 62
Trd, 4318539.793, 64
Trd, 4318540.143, 140
Trd, 4318541.043, 64
Trd, 4318541.093, 94
Trd, 4318541.943, 140
Trd, 4318542.743, 140
Trd, 4318542.893, 139
Trd, 4318544.193, 140
Trd, 4318544.343, 77
Trd, 4318545.793, 140
Trd, 4318546.793, 140
Trd, 4318547.243, 140
Trd, 4318547.543, 94
Trd, 4318548.193, 61
Trd, 4318548.393, 140
Trd, 4318551.143, 66
Trd, 4318551.343, 67
Trd, 4318552.043, 111
Trd, 4318553.493, 60
Trd, 4318554.193, 62
Trd, 4318554.293, 62
Trd, 4318556.293, 60
Trd, 4318556.693, 60
Trd, 4318556.743, 79
Trd, 4318557.343, 62
Trd, 4318558.643, 69
Trd, 4318558.843, 70
Trd, 4318559.143, 72
Trd, 4318559.543, 136
Trd, 4318560.093, 75
Trd, 4318560.443, 114
Trd, 4318561.593, 76
Trd, 4318562.343, 139
Trd, 4318563.643, 140
Trd, 4318564.293, 140
Trd, 4318565.093, 140
Trd, 4318566.093, 140
Trd, 4318566.143, 140
Trd, 4318566.993, 140
Trd, 4318567.493, 140
Trd, 4318569.293, 140
Trd, 4318569.593, 140
Trd, 4318570.143, 140
Trd, 4318570.743, 140
Trd, 4318570.793, 140
Trd, 4318570.943, 78
Trd, 4318571.943, 60
Trd, 4318572.043, 75
Trd, 4318573.343, 127
Trd, 4318573.793, 71
Trd, 4318575.893, 63
Trd, 4318576.793, 62
Trd, 4318577.993, 60
Trd, 4318578.693, 62
Trd, 4318579.193, 96
Trd, 4318581.143, 61
Trd, 4318581.843, 140
Trd, 4318582.343, 140
Trd, 4318582.493, 140
Trd, 4318583.493, 140
Trd, 4318583.993, 140
Trd, 4318584.243, 140
Trd, 4318585.893, 140
Trd, 4318585.943, 140
Trd, 4318586.393, 140
Trd, 4318586.643, 139
Trd, 4318586.893, 138
Trd, 4318586.993, 117
Trd, 4318587.243, 62
Trd, 4318588.993, 67
Trd, 4318590.443, 140
Trd, 4318592.543, 140
Trd, 4318592.593, 140
Trd, 4318592.743, 140
Trd, 4318592.893, 139
Trd, 4318593.593, 136
Trd, 4318593.743, 65
Trd, 4318594.393, 62
Trd, 4318594.743, 74
Trd, 4318596.043, 61
Trd, 4318596.093, 108
Trd, 4318596.443, 60
Trd, 4318598.093, 139
Trd, 4318598.543, 112
Trd, 4318598.593, 111
Trd, 4318600.443, 61
Trd, 4318600.893, 71
Trd, 4318601.193, 121
Trd, 4318601.743, 88
Trd, 4318602.893, 62
Trd, 4318603.743, 70
Trd, 4318604.443, 103
Trd, 4318605.193, 140
Trd, 4318606.793, 140
Trd, 4318607.743, 140
Trd, 4318607.993, 140
Trd, 4318608.293, 140
Trd, 4318609.493, 140
Trd, 4318609.593, 140
Trd, 4318610.293, 140
Trd, 4318610.343, 140
Trd, 4318611.793, 138
Trd, 4318612.193, 76
Trd, 4318613.243, 79
Trd, 4318613.343, 66
Trd, 4318614.843, 69
Trd, 4318615.343, 61
Trd, 4318617.543, 62
Trd, 4318617.793, 67
Trd, 4318618.293, 140
Trd, 4318618.593, 67
Trd, 4318619.593, 60
Trd, 4318620.093, 66
Trd, 4318620.193, 65
Trd, 4318620.743, 63
Trd, 4318621.643, 98
Trd, 4318623.993, 140
Trd, 4318625.193, 140
Trd, 4318625.393, 140
Trd, 4318625.693, 140
Trd, 4318625.893, 140
Trd, 4318626.243, 140
Trd, 4318626.693, 140
Trd, 4318627.643, 137
Trd, 4318629.743, 60
Trd, 4318629.893, 61
Trd, 4318630.443, 71
Trd, 4318630.893, 140
Trd, 4318631.143, 140
Trd, 4318631.693, 140
Trd, 4318631.943, 140
Trd, 4318632.743, 140
Trd, 4318633.843, 140
Trd, 4318634.643, 140
Trd, 4318635.443, 140
Trd, 4318636.193, 140
Trd, 4318637.893, 140
Trd, 4318638.343, 140
Trd, 4318638.693, 140
Trd, 4318638.743, 140
Trd, 4318639.543, 90
Trd, 4318640.443, 140
Trd, 4318640.793, 139
Trd, 4318640.893, 134
Trd, 4318642.293, 140
Trd, 4318643.943, 140
Trd, 4318644.193, 140
Trd, 4318645.043, 140
Trd, 4318645.243, 140
Trd, 4318645.993, 140
Trd, 4318646.393, 140
Trd, 4318647.093, 140
Trd, 4318647.193, 140
Trd, 4318648.443, 140
Trd, 4318649.143, 140
Trd, 4318650.343, 140
Trd, 4318651.143, 140
Trd, 4318651.743, 138
Trd, 4318652.993, 139
Trd, 4318653.693, 139
Trd, 4318654.443, 140
Trd, 4318655.143, 140
Trd, 4318655.343, 140
Trd, 4318655.793, 140
Trd, 4318656.443, 140
Trd, 4318658.443, 140
Trd, 4318658.593, 140
Trd, 4318658.793, 139
Trd, 4318660.793, 140
Trd, 4318660.993, 140
Trd, 4318661.093, 140
Trd, 4318662.193, 140
Trd, 4318662.443, 131
Trd, 4318664.693, 140
Trd, 4318664.743, 140
Trd, 4318664.843, 140
Trd, 4318665.343, 140
Trd, 4318665.393, 140
Trd, 4318666.243, 140
Trd, 4318666.943, 140
Trd, 4318668.443, 140
Trd, 4318668.493, 140
Trd, 4318668.543, 138
Trd, 4318669.393, 60
Trd, 4318669.893, 90
Trd, 4318670.143, 90
Trd, 4318670.193, 129
Trd, 4318670.643, 140
Trd, 4318672.243, 140
Trd, 4318673.343, 140
Trd, 4318673.493, 140
Trd, 4318675.293, 140
Trd, 4318675.493, 140
Trd, 4318675.893, 140
Trd, 4318676.543, 140
Trd, 4318676.993, 139
Trd, 4318677.043, 136
Trd, 4318677.693, 137
Trd, 4318679.343, 140
Trd, 4318680.143, 140
Trd, 4318680.893, 140
Trd, 4318681.143, 140
Trd, 4318681.543, 136
Trd, 4318681.893, 97
Trd, 4318682.493, 76
Trd, 4318683.143, 75
Trd, 4318683.743, 63
Trd, 4318684.943, 60
Trd, 4318685.493, 128
Trd, 4318685.843, 136
Trd, 4318686.793, 60
Trd, 4318687.893, 69
Trd, 4318688.243, 64
Trd, 4318688.393, 132
Trd, 4318689.743, 62
Trd, 4318691.993, 61
Trd, 4318692.493, 62
Trd, 4318692.743, 65
Trd, 4318693.793, 65
Trd, 4318694.543, 67
Trd, 4318695.393, 140
Trd, 4318695.843, 140
Trd, 4318696.293, 69
Trd, 4318696.993, 65
Trd, 4318697.043, 63
Trd, 4318697.893, 60
Trd, 4318698.543, 61
Trd, 4318698.993, 140
Trd, 4318700.343, 140
Trd, 4318700.793, 140
Trd, 4318700.843, 140
Trd, 4318702.193, 140
Trd, 4318703.243, 140
Trd, 4318703.543, 140
Trd, 4318703.643, 140
Trd, 4318705.643, 140
Trd, 4318705.943, 140
Trd, 4318706.043, 135
Trd, 4318707.143, 140
Trd, 4318707.693, 140
Trd, 4318707.843, 139
Trd, 4318708.393, 140
Trd, 4318710.543, 140
Trd, 4318710.593, 140
Trd, 4318710.793, 140
Trd, 4318711.193, 140
Trd, 4318711.793, 140
Trd, 4318711.893, 140
Trd, 4318712.343, 140
Trd, 4318712.593, 140
Trd, 4318715.093, 140
Trd, 4318715.493, 140
Trd, 4318716.293, 140
Trd, 4318716.443, 140
Trd, 4318717.093, 140
Trd, 4318718.943, 140
Trd, 4318719.143, 140
Trd, 4318719.743, 140
Trd, 4318719.843, 140
Trd, 4318720.143, 138
Trd, 4318720.243, 138
Trd, 4318720.693, 139
Trd, 4318722.443, 107
Trd, 4318723.093, 137
Trd, 4318723.243, 136
Trd, 4318723.343, 114
Trd, 4318723.643, 80
Trd, 4318725.693, 140
Trd, 4318726.443, 140
Trd, 4318726.493, 139
Trd, 4318728.043, 60
Trd, 4318728.293, 60
Trd, 4318729.843, 76
Trd, 4318730.543, 60
Trd, 4318731.493, 60
Trd, 4318732.093, 70
Trd, 4318732.593, 140
Trd, 4318732.993, 105
Trd, 4318734.043, 124
Trd, 4318734.743, 137
Trd, 4318734.993, 137
Trd, 4318735.493, 116
Trd, 4318736.243, 140
Trd, 4318738.593, 140
Trd, 4318739.043, 140
Trd, 4318739.493, 140
Trd, 4318739.743, 140
Trd, 4318739.893, 139
Trd, 4318741.393, 140
Trd, 4318741.793, 139
Trd, 4318742.193, 138
Trd, 4318743.093, 138
Trd, 4318744.643, 88
Trd, 4318745.093, 83
Trd, 4318745.393, 140
Trd, 4318746.493, 91
Trd, 4318746.893, 140
Trd, 4318748.643, 140
Trd, 4318751.143, 140
Trd, 4318751.193, 140
Trd, 4318751.343, 140
Trd, 4318751.393, 140
Trd, 4318751.793, 135
Trd, 4318753.243, 140
Trd, 4318753.393, 140
Trd, 4318754.993, 140
Trd, 4318755.093, 140
Trd, 4318756.043, 140
Trd, 4318757.793, 140
Trd, 4318758.493, 140
Trd, 4318759.293, 140
Trd, 4318759.543, 140
Trd, 4318760.093, 140
Trd, 4318760.893, 140
Trd, 4318761.643, 140
Trd, 4318761.693, 136
Trd, 4318762.443, 140
Trd, 4318762.793, 140
Trd, 4318763.143, 138
Trd, 4318763.743, 138
Trd, 4318763.843, 134
Trd, 4318764.593, 60
Trd, 4318766.643, 140
Trd, 4318767.143, 140
Trd, 4318768.243, 140
Trd, 4318769.393, 140
Trd, 4318769.793, 140
Trd, 4318770.693, 140
Trd, 4318771.593, 140
Trd, 4318771.793, 140
Trd, 4318771.993, 140
Trd, 4318774.143, 140
Trd, 4318774.393, 140
Trd, 4318775.343, 140
Trd, 4318775.643, 140
Trd, 4318776.443, 139
Trd, 4318777.193, 140
Trd, 4318777.543, 140
Trd, 4318777.643, 139
Trd, 4318778.143, 80
Trd, 4318780.143, 140
Trd, 4318780.243, 140
Trd, 4318781.343, 140
Trd, 4318781.593, 140
Trd, 4318782.343, 140
Trd, 4318782.893, 140
Trd, 4318783.343, 95
Trd, 4318784.643, 139
Trd, 4318785.293, 69
Trd, 4318785.793, 68
Trd, 4318787.093, 140
Trd, 4318787.643, 140
Trd, 4318787.743, 140
Trd, 4318788.593, 140
Trd, 4318789.393, 140
Trd, 4318789.893, 140
Trd, 4318790.793, 140
Trd, 4318791.093, 140
Trd, 4318791.493, 139
Trd, 4318791.843, 139
Trd, 4318792.943, 114
Trd, 4318793.743, 138
Trd, 4318794.643, 60
Trd, 4318795.193, 62
Trd, 4318795.893, 106
Trd, 4318796.693, 64
Trd, 4318798.293, 140
Trd, 4318798.443, 140
Trd, 4318798.993, 140
Trd, 4318799.193, 140
Trd, 4318799.243, 140
Trd, 4318800.493, 140
Trd, 4318800.543, 136
Trd, 4318801.343, 139
Trd, 4318801.393, 136
Trd, 4318801.993, 64
Trd, 4318802.093, 139
Trd, 4318804.143, 67
Trd, 4318804.193, 74
Trd, 4318805.293, 64
Trd, 4318805.793, 61
Trd, 4318806.293, 61
Trd, 4318807.193, 60
Trd, 4318807.593, 123
Trd, 4318807.743, 113
Trd, 4318808.343, 113
Trd, 4318810.643, 63
Trd, 4318811.843, 64
Trd, 4318812.593, 62
Trd, 4318813.643, 60
Trd, 4318813.693, 60
Trd, 4318815.193, 60
Trd, 4318815.393, 61
Trd, 4318816.743, 63
Trd, 4318818.543, 124
Trd, 4318818.893, 100
Trd, 4318819.143, 108
Trd, 4318820.743, 137
Trd, 4318821.293, 139
Trd, 4318821.443, 138
Trd, 4318822.243, 140
Trd, 4318823.293, 140
Trd, 4318823.893, 140
Trd, 4318824.343, 140
Trd, 4318825.093, 140
Trd, 4318825.593, 140
Trd, 4318826.343, 140
Trd, 4318827.543, 140
Trd, 4318827.743, 140
Trd, 4318828.043, 140
Trd, 4318828.793, 140
Trd, 4318828.943, 140
Trd, 4318829.243, 140
Trd, 4318829.943, 140
Trd, 4318830.793, 140
Trd, 4318831.993, 140
Trd, 4318832.793, 140
Trd, 4318834.443, 140
Trd, 4318834.943, 140
Trd, 4318835.543, 140
Trd, 4318837.343, 140
Trd, 4318837.793, 140
Trd, 4318838.343, 140
Trd, 4318838.693, 140
Trd, 4318838.793, 133
Trd, 4318839.193, 140
Trd, 4318840.143, 140
Trd, 4318840.493, 138
Trd, 4318841.143, 140
Trd, 4318844.143, 140
Trd, 4318844.743, 140
Trd, 4318844.993, 140
Trd, 4318845.443, 140
Trd, 4318845.593, 138
Trd, 4318846.243, 73
Trd, 4318847.193, 128
Trd, 4318847.393, 140
Trd, 4318848.043, 139
Trd, 4318848.793, 127
Trd, 4318849.643, 140
Trd, 4318850.693, 140
Trd, 4318851.593, 140
Trd, 4318851.793, 140
Trd, 4318851.893, 140
Trd, 4318854.043, 140
Trd, 4318854.143, 140
Trd, 4318854.543, 140
Trd, 4318854.693, 140
Trd, 4318855.143, 140
Trd, 4318855.343, 93
Trd, 4318856.243, 139
Trd, 4318857.243, 140
Trd, 4318858.343, 139
Trd, 4318858.993, 140
Trd, 4318859.243, 138
Trd, 4318859.593, 137
Trd, 4318862.143, 140
Trd, 4318863.243, 140
Trd, 4318863.593, 140
Trd, 4318865.793, 140
Trd, 4318865.893, 138
Trd, 4318867.393, 140
Trd, 4318867.643, 140
Trd, 4318868.043, 140
Trd, 4318868.293, 140
Trd, 4318868.793, 140
Trd, 4318869.293, 140
Trd, 4318869.893, 139
Trd, 4318870.093, 139
Trd, 4318870.293, 129
Trd, 4318870.843, 60
Trd, 4318872.443, 97
Trd, 4318872.893, 136
Trd, 4318873.793, 61
Trd, 4318874.343, 65
Trd, 4318874.993, 65
Trd, 4318875.193, 64
Trd, 4318875.493, 62
Trd, 4318876.943, 61
Trd, 4318876.993, 62
Trd, 4318877.193, 110
Trd, 4318877.943, 66
Trd, 4318877.993, 66
Trd, 4318878.993, 60
Trd, 4318879.693, 119
Trd, 4318880.493, 140
Trd, 4318882.093, 140
Trd, 4318882.893, 90
Trd, 4318883.193, 138
Trd, 4318883.743, 140
Trd, 4318884.143, 118
Trd, 4318884.943, 140
Trd, 4318885.243, 140
Trd, 4318885.343, 126
Trd, 4318885.693, 117
Trd, 4318886.643, 140
Trd, 4318887.143, 140
Trd, 4318887.993, 140
Trd, 4318889.693, 140
Trd, 4318889.993, 140
Trd, 4318891.393, 140
Trd, 4318891.693, 115
Trd, 4318891.893, 114
Trd, 4318892.443, 140
Trd, 4318892.943, 140
Trd, 4318893.593, 139
Trd, 4318896.393, 140
Trd, 4318897.543, 140
Trd, 4318898.093, 140
Trd, 4318898.443, 140
Trd, 4318898.493, 140
Trd, 4318898.993, 140
Trd, 4318900.143, 140
Trd, 4318900.893, 138
Trd, 4318901.843, 140
Trd, 4318903.093, 140
Trd, 4318904.493, 140
Trd, 4318904.843, 140
Trd, 4318905.743, 140
Trd, 4318906.093, 139
Trd, 4318906.743, 139
Trd, 4318907.543, 139
Trd, 4318907.793, 139
Trd, 4318910.143, 140
Trd, 4318910.293, 140
Trd, 4318910.543, 140
Trd, 4318910.693, 138
Trd, 4318911.093, 92
Trd, 4318911.743, 111
Trd, 4318911.893, 110
Trd, 4318912.143, 110
Trd, 4318912.443, 109
Trd, 4318913.093, 77
Trd, 4318916.093, 140
Trd, 4318916.243, 140
Trd, 4318916.693, 140
Trd, 4318917.693, 140
Trd, 4318917.843, 140
Trd, 4318918.193, 140
Trd, 4318919.043, 140
Trd, 4318919.693, 140
Trd, 4318919.743, 140
Trd, 4318921.843, 140
Trd, 4318922.193, 140
Trd, 4318922.343, 140
Trd, 4318923.993, 140
Trd, 4318924.343, 140
Trd, 4318924.893, 140
Trd, 4318925.443, 140
Trd, 4318926.393, 139
Trd, 4318926.693, 138
Trd, 4318927.093, 134
Trd, 4318927.693, 140
Trd, 4318929.343, 140
Trd, 4318929.443, 140
Trd, 4318929.543, 138
Trd, 4318931.443, 135
Trd, 4318931.693, 140
Trd, 4318931.743, 140
Trd, 4318932.493, 139
Trd, 4318932.893, 139
Trd, 4318934.093, 140
Trd, 4318934.793, 139
Trd, 4318935.493, 139
Trd, 4318935.593, 80
Trd, 4318936.843, 140
Trd, 4318937.193, 140
Trd, 4318937.393, 140
Trd, 4318937.693, 139
Trd, 4318939.443, 140
Trd, 4318939.943, 140
Trd, 4318940.493, 140
Trd, 4318940.743, 140
Trd, 4318940.993, 140
Trd, 4318942.443, 140
Trd, 4318943.193, 140
Trd, 4318943.543, 140
Trd, 4318943.643, 140
Trd, 4318943.843, 115
Trd, 4318945.643, 62
Trd, 4318946.393, 138
Trd, 4318947.693, 140
Trd, 4318947.743, 140
Trd, 4318947.893, 139
Trd, 4318948.293, 123
Trd, 4318949.343, 61
Trd, 4318950.393, 61
Trd, 4318951.193, 68
Trd, 4318952.143, 61
Trd, 4318953.543, 60
Trd, 4318954.693, 60
Trd, 4318954.743, 60
Trd, 4318955.193, 61
Trd, 4318955.443, 130
Trd, 4318956.243, 61
Trd, 4318957.443, 69
Trd, 4318957.993, 140
Trd, 4318958.893, 140
Trd, 4318959.643, 140
Trd, 4318959.893, 139
Trd, 4318960.943, 140
Trd, 4318961.643, 140
Trd, 4318963.543, 140
Trd, 4318965.343, 140
Trd, 4318965.543, 140
Trd, 4318965.643, 140
Trd, 4318966.093, 140
Trd, 4318967.443, 140
Trd, 4318967.943, 140
Trd, 4318968.243, 140
Trd, 4318968.943, 140
Trd, 4318970.743, 140
Trd, 4318972.593, 140
Trd, 4318973.543, 140
Trd, 4318973.743, 140
Trd, 4318973.893, 140
Trd, 4318974.093, 140
Trd, 4318975.043, 140
Trd, 4318975.293, 140
Trd, 4318976.393, 140
Trd, 4318976.643, 138
Trd, 4318977.793, 139
Trd, 4318979.693, 140
Trd, 4318980.193, 140
Trd, 4318980.643, 140
Trd, 4318980.793, 139
Trd, 4318981.543, 63
Trd, 4318982.493, 140
Trd, 4318984.093, 140
Trd, 4318984.343, 140
Trd, 4318985.293, 140
Trd, 4318985.643, 140
Trd, 4318985.843, 140
Trd, 4318985.893, 80
Trd, 4318986.743, 140
Trd, 4318987.643, 140
Trd, 4318988.393, 140
Trd, 4318988.743, 138
Trd, 4318988.843, 136
Trd, 4318989.793, 140
Trd, 4318990.243, 140
Trd, 4318991.143, 140
Trd, 4318991.293, 140
Trd, 4318993.493, 140
Trd, 4318994.943, 140
Trd, 4318996.043, 140
Trd, 4318996.093, 140
Trd, 4318996.393, 140
Trd, 4318996.643, 140
Trd, 4318998.043, 140
Trd, 4318998.443, 139
Trd, 4318998.693, 140
Trd, 4318998.893, 120
Trd, 4318999.293, 102
Trd, 4319000.193, 140
Trd, 4319001.243, 140
Trd, 4319001.343, 140
Trd, 4319002.493, 140
Trd, 4319003.243, 140
Trd, 4319003.693, 140
Trd, 4319004.493, 140
Trd, 4319005.393, 139
Trd, 4319005.793, 139
Trd, 4319006.193, 140
Trd, 4319006.443, 114
Trd, 4319007.043, 136
Trd, 4319007.643, 111
Trd, 4319009.243, 137
Trd, 4319010.793, 140
Trd, 4319010.943, 140
Trd, 4319011.193, 140
Trd, 4319011.343, 140
Trd, 4319012.193, 140
Trd, 4319013.393, 140
Trd, 4319014.493, 140
Trd, 4319015.543, 140
Trd, 4319015.643, 140
Trd, 4319015.693, 140
Trd, 4319015.843, 140
Trd, 4319016.193, 61
Trd, 4319017.393, 139
Trd, 4319017.493, 92
Trd, 4319017.943, 140
Trd, 4319020.343, 140
Trd, 4319021.143, 140
Trd, 4319021.193, 140
Trd, 4319022.143, 140
Trd, 4319023.743, 140
Trd, 4319023.843, 140
Trd, 4319023.943, 140
Trd, 4319023.993, 139
Trd, 4319024.243, 139
Trd, 4319026.893, 140
Trd, 4319027.043, 140
Trd, 4319027.193, 140
Trd, 4319027.343, 140
Trd, 4319028.993, 140
Trd, 4319029.593, 140
Trd, 4319030.443, 140
Trd, 4319030.743, 140
Trd, 4319031.393, 139
Trd, 4319032.293, 139
Trd, 4319033.143, 140
Trd, 4319034.093, 62
Trd, 4319034.443, 62
Trd, 4319034.743, 135
Trd, 4319035.793, 92
Trd, 4319036.643, 72
Trd, 4319037.343, 62
Trd, 4319039.543, 67
Trd, 4319039.843, 61
Trd, 4319039.943, 69
Trd, 4319041.943, 64
Trd, 4319042.493, 61
Trd, 4319042.893, 64
Trd, 4319042.993, 67
Trd, 4319043.293, 126
Trd, 4319043.493, 64
Trd, 4319043.843, 62
Trd, 4319045.193, 140
Trd, 4319045.243, 140
Trd, 4319047.193, 140
Trd, 4319047.293, 140
Trd, 4319048.043, 140
Trd, 4319049.093, 140
Trd, 4319049.543, 140
Trd, 4319050.093, 137
Trd, 4319051.343, 140
Trd, 4319051.543, 140
Trd, 4319051.593, 136
Trd, 4319051.943, 96
Trd, 4319052.293, 139
Trd, 4319052.693, 139
Trd, 4319053.093, 138
Trd, 4319056.293, 139
Trd, 4319056.393, 139
Trd, 4319057.143, 140
Trd, 4319057.693, 140
Trd, 4319058.393, 137
Trd, 4319059.043, 140
Trd, 4319060.293, 140
Trd, 4319060.343, 140
Trd, 4319060.893, 140
Trd, 4319061.043, 140
Trd, 4319062.243, 140
Trd, 4319062.543, 62
Trd, 4319063.193, 68
Trd, 4319064.743, 139
Trd, 4319064.843, 139
Trd, 4319065.943, 140
Trd, 4319066.293, 92
Trd, 4319067.193, 122
Trd, 4319067.643, 97
Trd, 4319067.893, 140
Trd, 4319068.393, 139
Trd, 4319068.443, 137
Trd, 4319068.893, 72
Trd, 4319070.393, 123
Trd, 4319071.293, 140
Trd, 4319071.543, 139
Trd, 4319071.643, 106
Trd, 4319072.843, 78
Trd, 4319074.543, 138
Trd, 4319075.193, 140
Trd, 4319075.343, 140
Trd, 4319076.293, 140
Trd, 4319076.593, 140
Trd, 4319077.493, 140
Trd, 4319077.743, 138
Trd, 4319080.543, 140
Trd, 4319080.693, 140
Trd, 4319081.443, 140
Trd, 4319081.543, 65
Trd, 4319082.043, 65
Trd, 4319082.443, 89
Trd, 4319082.943, 64
Trd, 4319085.093, 140
Trd, 4319085.443, 140
Trd, 4319086.593, 140
Trd, 4319086.793, 139
Trd, 4319086.843, 128
Trd, 4319088.493, 65
Trd, 4319089.643, 139
Trd, 4319091.093, 111
Trd, 4319091.593, 131
Trd, 4319091.893, 133
Trd, 4319092.293, 114
Trd, 4319092.493, 112
Trd, 4319092.593, 110
Trd, 4319093.443, 140
Trd, 4319093.543, 139
Trd, 4319094.443, 140
Trd, 4319095.443, 140
Trd, 4319095.843, 140
Trd, 4319096.043, 139
Trd, 4319096.293, 138
Trd, 4319096.843, 76
Trd, 4319099.393, 140
Trd, 4319099.443, 140
Trd, 4319099.693, 140
Trd, 4319100.293, 140
Trd, 4319101.543, 140
Trd, 4319102.343, 140
Trd, 4319103.143, 140
Trd, 4319103.693, 140
Trd, 4319104.143, 139
Trd, 4319104.643, 112
Trd, 4319105.643, 139
Trd, 4319106.343, 139
Trd, 4319107.343, 104
Trd, 4319108.443, 140
Trd, 4319108.493, 140
Trd, 4319108.943, 140
Trd, 4319109.293, 140
Trd, 4319109.593, 140
Trd, 4319109.843, 138
Trd, 4319110.043, 99
Trd, 4319110.693, 60
Trd, 4319111.743, 138
Trd, 4319113.293, 63
Trd, 4319114.193, 140
Trd, 4319114.243, 140
Trd, 4319114.643, 140
Trd, 4319114.743, 138
Trd, 4319116.043, 69
Trd, 4319116.343, 106
Trd, 4319116.943, 140
Trd, 4319117.993, 140
Trd, 4319118.243, 140
Trd, 4319118.843, 140
Trd, 4319119.893, 140
Trd, 4319121.043, 140
Trd, 4319121.393, 140
Trd, 4319122.343, 139
Trd, 4319123.143, 140
Trd, 4319123.393, 140
Trd, 4319124.043, 138
Trd, 4319125.993, 140
Trd, 4319126.443, 140
Trd, 4319126.643, 140
Trd, 4319126.943, 140
Trd, 4319127.293, 114
Trd, 4319127.843, 139
Trd, 4319129.543, 140
Trd, 4319130.943, 134
Trd, 4319131.043, 119
Trd, 4319131.643, 119
Trd, 4319132.293, 125
Trd, 4319132.543, 126
Trd, 4319133.593, 137
Trd, 4319133.993, 75
Trd, 4319134.543, 71
Trd, 4319135.243, 60
Trd, 4319136.093, 140
Trd, 4319136.693, 138
Trd, 4319137.193, 138
Trd, 4319137.243, 76
Trd, 4319137.693, 140
Trd, 4319138.743, 139
Trd, 4319139.343, 63
Trd, 4319141.043, 64
Trd, 4319142.443, 64
Trd, 4319143.893, 72
Trd, 4319143.993, 105
Trd, 4319144.393, 60
Trd, 4319144.693, 69
Trd, 4319144.843, 80
Trd, 4319145.143, 140
Trd, 4319145.843, 60
Trd, 4319146.393, 62
Trd, 4319147.093, 63
Trd, 4319147.143, 76
Trd, 4319147.543, 62
Trd, 4319149.643, 69
Trd, 4319150.343, 140
Trd, 4319150.493, 140
Trd, 4319152.493, 140
Trd, 4319153.493, 140
Trd, 4319153.993, 140
Trd, 4319155.143, 140
Trd, 4319155.893, 140
Trd, 4319156.043, 140
Trd, 4319156.093, 139
Trd, 4319157.193, 140
Trd, 4319157.543, 140
Trd, 4319157.643, 139
Trd, 4319159.843, 140
Trd, 4319160.343, 140
Trd, 4319161.943, 140
Trd, 4319162.093, 140
Trd, 4319162.943, 140
Trd, 4319163.493, 138
Trd, 4319163.793, 140
Trd, 4319164.293, 139
Trd, 4319165.143, 138
Trd, 4319166.793, 140
Trd, 4319168.643, 140
Trd, 4319169.043, 139
Trd, 4319169.693, 140
Trd, 4319169.743, 140
Trd, 4319170.493, 139
Trd, 4319171.593, 140
Trd, 4319171.993, 140
Trd, 4319172.043, 139
Trd, 4319172.893, 139
Trd, 4319173.493, 140
Trd, 4319174.743, 140
Trd, 4319174.893, 140
Trd, 4319175.143, 140
Trd, 4319175.793, 140
Trd, 4319175.943, 139
Trd, 4319176.643, 139
Trd, 4319177.643, 140
Trd, 4319178.093, 139
Trd, 4319179.543, 140
Trd, 4319179.993, 138
Trd, 4319180.993, 140
Trd, 4319181.243, 140
Trd, 4319181.393, 138
Trd, 4319183.393, 140
Trd, 4319184.743, 140
Trd, 4319185.043, 140
Trd, 4319185.493, 140
Trd, 4319186.443, 140
Trd, 4319186.693, 140
Trd, 4319187.593, 127
Trd, 4319189.493, 140
Trd, 4319189.793, 140
Trd, 4319189.943, 140
Trd, 4319190.793, 140
Trd, 4319192.143, 140
Trd, 4319192.193, 140
Trd, 4319192.593, 140
Trd, 4319193.293, 62
Trd, 4319193.693, 65
Trd, 4319194.143, 97
Trd, 4319195.093, 60
Trd, 4319196.443, 140
Trd, 4319197.043, 140
Trd, 4319197.743, 140
Trd, 4319197.943, 140
Trd, 4319198.043, 140
Trd, 4319198.193, 140
Trd, 4319198.643, 140
Trd, 4319199.393, 92
Trd, 4319199.843, 92
Trd, 4319199.993, 92
Trd, 4319200.893, 139
Trd, 4319202.643, 140
Trd, 4319202.743, 140
Trd, 4319203.793, 139
Trd, 4319204.093, 140
Trd, 4319204.843, 140
Trd, 4319205.093, 140
Trd, 4319206.493, 136
Trd, 4319206.793, 136
Trd, 4319207.843, 82
Trd, 4319208.143, 112
Trd, 4319208.543, 69
Trd, 4319209.593, 62
Trd, 4319209.693, 67
Trd, 4319211.443, 140
Trd, 4319211.643, 140
Trd, 4319211.793, 140
Trd, 4319212.193, 140
Trd, 4319212.543, 138
Trd, 4319213.593, 123
Trd, 4319213.993, 80
Trd, 4319214.993, 140
Trd, 4319216.343, 140
Trd, 4319216.793, 140
Trd, 4319216.993, 140
Trd, 4319218.543, 140
Trd, 4319218.743, 139
Trd, 4319220.093, 140
Trd, 4319220.243, 140
Trd, 4319220.793, 140
Trd, 4319221.443, 134
Trd, 4319221.893, 104
Trd, 4319223.443, 140
Trd, 4319224.693, 140
Trd, 4319224.793, 140
Trd, 4319225.043, 140
Trd, 4319225.093, 140
Trd, 4319225.543, 138
Trd, 4319226.843, 140
Trd, 4319226.893, 139
Trd, 4319227.143, 138
Trd, 4319227.343, 140
Trd, 4319228.443, 140
Trd, 4319228.743, 139
Trd, 4319230.393, 140
Trd, 4319230.543, 140
Trd, 4319232.493, 140
Trd, 4319232.893, 140
Trd, 4319233.043, 140
Trd, 4319233.243, 140
Trd, 4319233.443, 140
Trd, 4319233.493, 139
Trd, 4319236.043, 140
Trd, 4319236.643, 140
Trd, 4319238.843, 140
Trd, 4319239.493, 140
Trd, 4319240.393, 140
Trd, 4319240.493, 140
Trd, 4319241.993, 140
Trd, 4319242.143, 140
Trd, 4319242.393, 140
Trd, 4319243.393, 140
Trd, 4319243.443, 140
Trd, 4319243.643, 140
Trd, 4319244.493, 139
Trd, 4319244.543, 138
Trd, 4319246.043, 140
Trd, 4319246.093, 140
Trd, 4319247.193, 140
Trd, 4319247.893, 137
Trd, 4319248.893, 139
Trd, 4319249.293, 137
Trd, 4319249.493, 137
Trd, 4319249.693, 119
Trd, 4319250.993, 139
Trd, 4319251.143, 140
Trd, 4319251.493, 138
Trd, 4319254.593, 140
Trd, 4319254.843, 140
Trd, 4319254.893, 140
Trd, 4319254.943, 140
Trd, 4319255.193, 139
Trd, 4319255.243, 138
Trd, 4319255.693, 137
Trd, 4319256.343, 66
Trd, 4319256.643, 77
Trd, 4319257.093, 60
Trd, 4319259.693, 60
Trd, 4319260.893, 61
Trd, 4319261.793, 60
Trd, 4319261.943, 62
Trd, 4319262.293, 60
Trd, 4319263.093, 73
Trd, 4319263.893, 64
Trd, 4319265.293, 93
Trd, 4319265.743, 94
Trd, 4319266.043, 120
Trd, 4319266.293, 93
Trd, 4319266.593, 139
Trd, 4319269.193, 140
Trd, 4319269.493, 140
Trd, 4319269.993, 140
Trd, 4319270.343, 140
Trd, 4319271.843, 140
Trd, 4319272.293, 140
Trd, 4319274.393, 140
Trd, 4319274.793, 140
Trd, 4319275.993, 140
Trd, 4319276.093, 140
Trd, 4319276.643, 140
Trd, 4319276.743, 140
Trd, 4319277.243, 140
Trd, 4319278.243, 140
Trd, 4319280.093, 140
Trd, 4319280.393, 140
Trd, 4319280.693, 140
Trd, 4319280.793, 140
Trd, 4319280.943, 137
Trd, 4319282.093, 140
Trd, 4319282.493, 140
Trd, 4319283.793, 139
Trd, 4319284.443, 140
Trd, 4319285.043, 140
Trd, 4319285.093, 140
Trd, 4319286.393, 140
Trd, 4319286.743, 140
Trd, 4319287.843, 140
Trd, 4319288.243, 140
Trd, 4319288.843, 140
Trd, 4319289.243, 140
Trd, 4319289.443, 140
Trd, 4319289.793, 140
Trd, 4319289.943, 140
Trd, 4319290.543, 61
Trd, 4319292.893, 133
Trd, 4319293.843, 138
Trd, 4319294.743, 140
Trd, 4319295.743, 140
Trd, 4319295.793, 140
Trd, 4319296.093, 138
Trd, 4319297.443, 140
Trd, 4319298.793, 140
Trd, 4319298.943, 140
Trd, 4319299.593, 140
Trd, 4319301.393, 140
Trd, 4319301.793, 140
Trd, 4319301.843, 140
Trd, 4319301.893, 140
Trd, 4319302.093, 140
Trd, 4319304.443, 140
Trd, 4319304.993, 140
Trd, 4319305.993, 140
Trd, 4319306.443, 140
Trd, 4319307.243, 140
Trd, 4319307.293, 140
Trd, 4319308.793, 140
Trd, 4319309.343, 140
Trd, 4319310.343, 140
Trd, 4319310.543, 139
Trd, 4319310.693, 138
Trd, 4319312.493, 66
Trd, 4319312.593, 70
Trd, 4319314.543, 60
Trd, 4319314.593, 61
Trd, 4319314.943, 63
Trd, 4319315.993, 140
Trd, 4319316.343, 140
Trd, 4319317.593, 140
Trd, 4319317.643, 140
Trd, 4319318.193, 140
Trd, 4319320.893, 140
Trd, 4319320.943, 140
Trd, 4319321.043, 138
Trd, 4319322.843, 140
Trd, 4319323.293, 140
Trd, 4319323.443, 140
Trd, 4319324.743, 140
Trd, 4319324.793, 140
Trd, 4319325.043, 140
Trd, 4319326.643, 140
Trd, 4319328.293, 140
Trd, 4319328.743, 140
Trd, 4319328.843, 139
Trd, 4319329.043, 137
Trd, 4319329.443, 74
Trd, 4319329.593, 72
Trd, 4319330.893, 140
Trd, 4319331.043, 139
Trd, 4319331.443, 93
Trd, 4319332.743, 64
Trd, 4319332.993, 126
Trd, 4319333.143, 63
Trd, 4319335.443, 61
Trd, 4319336.193, 80
Trd, 4319336.343, 90
Trd, 4319337.143, 140
Trd, 4319337.443, 140
Trd, 4319337.543, 139
Trd, 4319338.043, 140
Trd, 4319339.793, 140
Trd, 4319339.843, 140
Trd, 4319340.343, 140
Trd, 4319340.793, 140
Trd, 4319340.893, 140
Trd, 4319342.593, 140
Trd, 4319342.643, 135
Trd, 4319343.493, 140
Trd, 4319344.943, 140
Trd, 4319345.193, 140
Trd, 4319345.393, 140
Trd, 4319345.793, 137
Trd, 4319345.843, 137
Trd, 4319346.493, 60
Trd, 4319347.793, 140
Trd, 4319349.043, 140
Trd, 4319350.043, 140
Trd, 4319350.693, 140
Trd, 4319350.843, 140
Trd, 4319350.893, 140
Trd, 4319351.793, 140
Trd, 4319352.193, 140
Trd, 4319353.293, 140
Trd, 4319354.593, 139
Trd, 4319355.243, 140
Trd, 4319355.843, 140
Trd, 4319356.143, 140
Trd, 4319357.693, 140
Trd, 4319358.143, 140
Trd, 4319358.643, 140
Trd, 4319359.893, 140
Trd, 4319360.043, 140
Trd, 4319360.143, 138
Trd, 4319360.643, 137
Trd, 4319361.493, 138
Trd, 4319363.693, 139
Trd, 4319364.243, 131
Trd, 4319365.793, 140
Trd, 4319365.893, 140
Trd, 4319366.443, 60
Trd, 4319368.343, 140
Trd, 4319368.443, 140
Trd, 4319368.643, 140
Trd, 4319368.743, 139
Trd, 4319369.193, 140
Trd, 4319369.843, 139
Trd, 4319370.343, 140
Trd, 4319371.343, 140
Trd, 4319371.443, 140
Trd, 4319372.593, 139
Trd, 4319373.343, 116
Trd, 4319373.493, 140
Trd, 4319373.693, 70
Trd, 4319374.443, 74
Trd, 4319375.343, 99
Trd, 4319375.443, 113
Trd, 4319376.993, 60
Trd, 4319377.093, 70
Trd, 4319378.293, 68
Trd, 4319378.393, 67
Trd, 4319378.493, 63
Trd, 4319378.593, 98
Trd, 4319379.193, 126
Trd, 4319379.843, 62
Trd, 4319381.193, 140
Trd, 4319382.293, 140
Trd, 4319382.793, 140
Trd, 4319383.243, 140
Trd, 4319384.193, 140
Trd, 4319384.243, 140
Trd, 4319384.843, 140
Trd, 4319385.943, 139
Trd, 4319387.193, 140
Trd, 4319387.843, 136
Trd, 4319388.443, 137
Trd, 4319389.793, 140
Trd, 4319390.093, 140
Trd, 4319390.243, 140
Trd, 4319391.743, 139
Trd, 4319391.843, 136
Trd, 4319392.543, 140
Trd, 4319392.743, 139
Trd, 4319394.093, 60
Trd, 4319395.043, 140
Trd, 4319396.093, 140
Trd, 4319396.143, 140
Trd, 4319397.643, 140
Trd, 4319398.043, 140
Trd, 4319398.393, 140
Trd, 4319398.743, 140
Trd, 4319399.493, 140
Trd, 4319399.643, 139
Trd, 4319399.693, 136
Trd, 4319401.293, 67
Trd, 4319401.893, 61
Trd, 4319402.243, 69
Trd, 4319402.343, 60
Trd, 4319404.493, 140
Trd, 4319406.193, 140
Trd, 4319406.393, 140
Trd, 4319406.593, 140
Trd, 4319407.343, 140
Trd, 4319408.343, 140
Trd, 4319408.693, 140
Trd, 4319408.843, 140
Trd, 4319409.893, 140
Trd, 4319409.993, 138
Trd, 4319410.143, 138
Trd, 4319410.243, 137
Trd, 4319412.093, 140
Trd, 4319413.643, 140
Trd, 4319414.993, 140
Trd, 4319415.493, 140
Trd, 4319415.793, 140
Trd, 4319415.893, 140
Trd, 4319417.043, 140
Trd, 4319417.393, 139
Trd, 4319418.093, 140
Trd, 4319418.843, 140
Trd, 4319419.243, 140
Trd, 4319420.143, 140
Trd, 4319420.243, 138
Trd, 4319420.743, 60
Trd, 4319421.943, 137
Trd, 4319422.093, 137
Trd, 4319422.693, 63
Trd, 4319424.443, 140
Trd, 4319424.543, 140
Trd, 4319425.693, 140
Trd, 4319426.193, 140
Trd, 4319426.993, 140
Trd, 4319427.693, 140
Trd, 4319428.193, 140
Trd, 4319429.193, 139
Trd, 4319429.743, 140
Trd, 4319430.693, 140
Trd, 4319431.193, 140
Trd, 4319433.143, 140
Trd, 4319433.743, 140
Trd, 4319433.993, 140
Trd, 4319434.643, 140
Trd, 4319434.793, 139
Trd, 4319436.343, 140
Trd, 4319436.443, 140
Trd, 4319436.743, 140
Trd, 4319438.593, 140
Trd, 4319439.643, 140
Trd, 4319440.093, 140
Trd, 4319440.693, 140
Trd, 4319441.543, 140
Trd, 4319441.893, 137
Trd, 4319442.143, 137
Trd, 4319443.493, 140
Trd, 4319444.743, 140
Trd, 4319445.293, 140
Trd, 4319446.143, 140
Trd, 4319446.393, 140
Trd, 4319447.343, 140
Trd, 4319448.093, 140
Trd, 4319449.393, 140
Trd, 4319449.843, 140
Trd, 4319450.343, 136
Trd, 4319451.593, 140
Trd, 4319453.093, 140
Trd, 4319453.393, 140
Trd, 4319453.693, 140
Trd, 4319454.643, 140
Trd, 4319454.743, 139
Trd, 4319454.943, 139
Trd, 4319456.593, 140
Trd, 4319457.043, 140
Trd, 4319457.693, 140
Trd, 4319458.743, 140
Trd, 4319458.893, 140
Trd, 4319459.243, 140
Trd, 4319459.393, 118
Trd, 4319460.343, 66
Trd, 4319461.193, 119
Trd, 4319461.493, 61
Trd, 4319461.893, 60
Trd, 4319462.393, 140
Trd, 4319463.293, 140
Trd, 4319463.393, 140
Trd, 4319463.893, 140
Trd, 4319464.543, 140
Trd, 4319464.743, 140
Trd, 4319465.393, 98
Trd, 4319465.543, 72
Trd, 4319466.793, 118
Trd, 4319467.543, 62
Trd, 4319467.893, 64
Trd, 4319469.193, 65
Trd, 4319470.743, 140
Trd, 4319472.093, 140
Trd, 4319472.293, 140
Trd, 4319472.793, 140
Trd, 4319472.843, 140
Trd, 4319473.243, 140
Trd, 4319473.743, 140
Trd, 4319473.893, 140
Trd, 4319474.993, 140
Trd, 4319475.343, 140
Trd, 4319475.543, 140
Trd, 4319475.893, 136
Trd, 4319475.993, 135
Trd, 4319477.093, 60
Trd, 4319477.693, 137
Trd, 4319477.843, 62
Trd, 4319479.093, 139
Trd, 4319480.193, 112
Trd, 4319480.993, 140
Trd, 4319482.343, 102
Trd, 4319482.443, 100
Trd, 4319483.043, 99
Trd, 4319483.293, 118
Trd, 4319483.393, 87
Trd, 4319483.443, 127
Trd, 4319485.943, 140
Trd, 4319486.143, 140
Trd, 4319486.693, 132
Trd, 4319487.493, 122
Trd, 4319487.993, 121
Trd, 4319488.343, 77
Trd, 4319489.393, 61
Trd, 4319490.993, 60
Trd, 4319492.743, 138
Trd, 4319493.893, 65
Trd, 4319494.093, 63
Trd, 4319494.593, 114
Trd, 4319496.293, 140
Trd, 4319496.443, 139
Trd, 4319497.393, 61
Trd, 4319497.793, 61
Trd, 4319497.943, 66
Trd, 4319499.493, 62
Trd, 4319499.893, 138
Trd, 4319501.043, 140
Trd, 4319501.143, 140
Trd, 4319501.843, 140
Trd, 4319503.093, 140
Trd, 4319503.243, 140
Trd, 4319504.393, 140
Trd, 4319504.593, 140
Trd, 4319505.543, 140
Trd, 4319505.893, 140
Trd, 4319505.993, 139
Trd, 4319507.443, 140
Trd, 4319508.193, 140
Trd, 4319509.693, 140
Trd, 4319509.743, 140
Trd, 4319509.993, 139
Trd, 4319511.093, 140
Trd, 4319511.293, 140
Trd, 4319511.843, 140
Trd, 4319512.193, 140
Trd, 4319512.993, 140
Trd, 4319513.793, 140
Trd, 4319514.593, 140
Trd, 4319515.293, 138
Trd, 4319516.243, 140
Trd, 4319517.793, 140
Trd, 4319518.793, 140
Trd, 4319519.893, 140
Trd, 4319520.443, 140
Trd, 4319520.543, 140
Trd, 4319520.993, 140
Trd, 4319521.093, 140
Trd, 4319522.543, 140
Trd, 4319522.943, 139
Trd, 4319523.593, 140
Trd, 4319524.643, 140
Trd, 4319524.943, 140
Trd, 4319525.193, 140
Trd, 4319525.493, 136
Trd, 4319526.143, 93
Trd, 4319528.143, 140
Trd, 4319528.693, 140
Trd, 4319529.043, 140
Trd, 4319529.143, 139
Trd, 4319529.893, 140
Trd, 4319530.643, 139
Trd, 4319531.193, 140
Trd, 4319532.343, 139
Trd, 4319532.843, 139
Trd, 4319533.243, 140
Trd, 4319534.493, 140
Trd, 4319534.643, 140
Trd, 4319535.993, 140
Trd, 4319536.243, 140
Trd, 4319536.693, 140
Trd, 4319536.793, 140
Trd, 4319537.343, 140
Trd, 4319537.543, 140
Trd, 4319538.143, 140
Trd, 4319538.643, 140
Trd, 4319540.193, 138
Trd, 4319541.193, 140
Trd, 4319542.443, 140
Trd, 4319543.093, 140
Trd, 4319543.193, 140
Trd, 4319544.093, 139
Trd, 4319544.243, 140
Trd, 4319546.293, 140
Trd, 4319546.843, 140
Trd, 4319547.043, 140
Trd, 4319548.043, 140
Trd, 4319548.893, 140
Trd, 4319549.193, 137
Trd, 4319549.343, 130
Trd, 4319549.993, 92
Trd, 4319551.693, 140
Trd, 4319552.193, 140
Trd, 4319552.493, 140
Trd, 4319552.743, 140
Trd, 4319553.343, 135
Trd, 4319553.693, 140
Trd, 4319553.993, 60
Trd, 4319555.143, 140
Trd, 4319556.443, 139
Trd, 4319556.843, 140
Trd, 4319556.943, 140
Trd, 4319557.043, 95
Trd, 4319557.393, 136
Trd, 4319559.693, 63
Trd, 4319561.393, 140
Trd, 4319561.893, 140
Trd, 4319562.393, 140
Trd, 4319562.893, 139
Trd, 4319563.043, 140
Trd, 4319563.543, 139
Trd, 4319563.643, 139
Trd, 4319563.943, 77
Trd, 4319564.743, 60
Trd, 4319566.593, 61
Trd, 4319566.943, 67
Trd, 4319567.293, 67
Trd, 4319568.293, 128
Trd, 4319569.193, 61
Trd, 4319569.393, 64
Trd, 4319570.893, 60
Trd, 4319571.293, 63
Trd, 4319572.143, 123
Trd, 4319573.243, 60
Trd, 4319573.893, 60
Trd, 4319574.143, 61
Trd, 4319574.793, 65
Trd, 4319574.843, 64
Trd, 4319575.293, 60
Trd, 4319575.943, 60
Trd, 4319576.243, 140
Trd, 4319578.543, 66
Trd, 4319580.143, 140
Trd, 4319581.193, 140
Trd, 4319581.743, 140
Trd, 4319582.193, 140
Trd, 4319582.493, 140
Trd, 4319582.793, 140
Trd, 4319583.043, 137
Trd, 4319583.393, 109
Trd, 4319583.893, 90
Trd, 4319584.543, 140
Trd, 4319584.693, 139
Trd, 4319585.493, 140
Trd, 4319585.743, 140
Trd, 4319586.693, 140
Trd, 4319587.793, 140
Trd, 4319588.893, 140
Trd, 4319589.193, 139
Trd, 4319589.543, 140
Trd, 4319590.243, 138
Trd, 4319590.643, 136
Trd, 4319591.643, 139
Trd, 4319592.443, 94
Trd, 4319593.893, 112
Trd, 4319594.443, 138
Trd, 4319595.343, 140
Trd, 4319595.443, 138
Trd, 4319596.143, 119
Trd, 4319597.293, 140
Trd, 4319597.543, 139
Trd, 4319597.793, 139
Trd, 4319598.343, 125
Trd, 4319599.393, 82
Trd, 4319600.343, 72
Trd, 4319600.543, 90
Trd, 4319600.593, 68
Trd, 4319601.943, 140
Trd, 4319601.993, 139
Trd, 4319603.693, 140
Trd, 4319604.493, 140
Trd, 4319604.993, 140
Trd, 4319605.443, 140
Trd, 4319606.493, 140
Trd, 4319607.043, 140
Trd, 4319608.293, 140
Trd, 4319610.393, 140
Trd, 4319610.643, 140
Trd, 4319610.993, 140
Trd, 4319611.143, 136
Trd, 4319611.343, 121
Trd, 4319611.643, 120
Trd, 4319613.293, 67
Trd, 4319613.643, 132
Trd, 4319614.793, 76
Trd, 4319614.993, 139
Trd, 4319615.393, 75
Trd, 4319616.693, 60
Trd, 4319616.793, 64
Trd, 4319617.843, 140
Trd, 4319618.093, 140
Trd, 4319618.993, 88
Trd, 4319619.693, 139
Trd, 4319619.993, 86
Trd, 4319621.143, 139
Trd, 4319621.893, 140
Trd, 4319622.893, 75
Trd, 4319623.493, 82
Trd, 4319623.693, 94
Trd, 4319624.093, 83
Trd, 4319625.393, 140
Trd, 4319625.993, 140
Trd, 4319627.093, 138
Trd, 4319628.193, 140
Trd, 4319628.243, 138
Trd, 4319628.643, 125
Trd, 4319629.643, 61
Trd, 4319630.443, 140
Trd, 4319630.493, 136
Trd, 4319632.043, 66
Trd, 4319633.143, 68
Trd, 4319634.443, 60
Trd, 4319635.693, 60
Trd, 4319636.343, 140
Trd, 4319636.693, 61
Trd, 4319637.093, 91
Trd, 4319637.493, 64
Trd, 4319637.643, 63
Trd, 4319638.243, 64
Trd, 4319638.743, 136
Trd, 4319638.993, 137
Trd, 4319640.443, 138
Trd, 4319640.993, 98
Trd, 4319641.993, 140
Trd, 4319642.293, 140
Trd, 4319642.643, 140
Trd, 4319643.243, 140
Trd, 4319643.843, 140
Trd, 4319643.993, 75
Trd, 4319644.193, 67
Trd, 4319645.693, 140
Trd, 4319645.893, 120
Trd, 4319646.243, 138
Trd, 4319647.093, 123
Trd, 4319647.193, 122
Trd, 4319648.343, 140
Trd, 4319649.793, 140
Trd, 4319651.293, 140
Trd, 4319652.243, 140
Trd, 4319652.343, 140
Trd, 4319653.393, 140
Trd, 4319653.593, 140
Trd, 4319653.843, 140
Trd, 4319654.643, 140
Trd, 4319655.693, 140
Trd, 4319655.743, 139
Trd, 4319655.943, 101
Trd, 4319658.043, 140
Trd, 4319658.193, 140
Trd, 4319659.243, 61
Trd, 4319660.293, 60
Trd, 4319660.943, 62
Trd, 4319661.293, 64
Trd, 4319661.593, 63
Trd, 4319661.793, 62
Trd, 4319662.293, 62
Trd, 4319662.893, 60
Trd, 4319664.543, 108
Trd, 4319664.793, 139
Trd, 4319664.843, 137
Trd, 4319666.443, 140
Trd, 4319666.993, 140
Trd, 4319667.593, 140
Trd, 4319668.393, 140
Trd, 4319668.693, 140
Trd, 4319669.093, 140
Trd, 4319670.693, 140
Trd, 4319671.143, 140
Trd, 4319672.493, 140
Trd, 4319672.593, 140
Trd, 4319673.343, 140
Trd, 4319674.343, 140
Trd, 4319674.393, 139
Trd, 4319675.293, 131
Trd, 4319675.893, 96
Trd, 4319675.993, 95
Trd, 4319677.443, 140
Trd, 4319679.043, 140
Trd, 4319679.193, 140
Trd, 4319679.493, 140
Trd, 4319679.943, 140
Trd, 4319681.093, 140
Trd, 4319681.243, 140
Trd, 4319681.443, 139
Trd, 4319683.093, 138
Trd, 4319684.543, 140
Trd, 4319684.693, 140
Trd, 4319684.793, 140
Trd, 4319684.843, 140
Trd, 4319686.593, 140
Trd, 4319687.093, 138
Trd, 4319687.143, 137
Trd, 4319687.993, 107
Trd, 4319688.643, 129
Trd, 4319689.043, 107
Trd, 4319689.343, 62
Trd, 4319691.093, 140
Trd, 4319691.693, 140
Trd, 4319692.443, 140
Trd, 4319693.493, 140
Trd, 4319694.443, 140
Trd, 4319694.793, 140
Trd, 4319695.593, 140
Trd, 4319696.093, 140
Trd, 4319696.943, 140
Trd, 4319697.043, 140
Trd, 4319697.293, 140
Trd, 4319697.343, 140
Trd, 4319697.393, 140
Trd, 4319698.043, 129
Trd, 4319698.243, 138
Trd, 4319699.543, 128
Trd, 4319700.193, 140
Trd, 4319700.843, 139
Trd, 4319701.043, 65
Trd, 4319701.543, 64
Trd, 4319702.793, 61
Trd, 4319704.293, 62
Trd, 4319704.943, 96
Trd, 4319705.343, 65
Trd, 4319705.793, 76
Trd, 4319706.793, 68
Trd, 4319707.093, 140
Trd, 4319708.243, 140
Trd, 4319708.743, 140
Trd, 4319708.793, 140
Trd, 4319710.193, 140
Trd, 4319710.643, 91
Trd, 4319710.743, 138
Trd, 4319711.293, 95
Trd, 4319712.143, 76
Trd, 4319713.793, 62
Trd, 4319714.193, 137
Trd, 4319714.443, 136
Trd, 4319715.493, 140
Trd, 4319716.243, 140
Trd, 4319717.093, 140
Trd, 4319718.293, 140
Trd, 4319718.643, 140
Trd, 4319719.093, 140
Trd, 4319719.143, 140
Trd, 4319721.543, 60
Trd, 4319721.843, 60
Trd, 4319722.493, 61
Trd, 4319722.743, 61
Trd, 4319724.993, 140
Trd, 4319725.193, 140
Trd, 4319725.293, 140
Trd, 4319725.693, 140
Trd, 4319725.743, 139
Trd, 4319726.893, 130
Trd, 4319727.043, 65
Trd, 4319729.193, 92
Trd, 4319729.593, 140
Trd, 4319730.243, 140
Trd, 4319731.293, 140
Trd, 4319732.193, 140
Trd, 4319732.943, 140
Trd, 4319733.493, 140
Trd, 4319733.943, 140
Trd, 4319734.843, 140
Trd, 4319735.443, 140
Trd, 4319735.693, 140
Trd, 4319736.293, 139
Trd, 4319736.943, 137
Trd, 4319738.043, 119
Trd, 4319739.293, 61
Trd, 4319740.043, 62
Trd, 4319740.493, 66
Trd, 4319741.343, 62
Trd, 4319742.793, 140
Trd, 4319743.793, 140
Trd, 4319744.543, 140
Trd, 4319745.643, 140
Trd, 4319745.793, 140
Trd, 4319746.293, 140
Trd, 4319747.543, 140
Trd, 4319747.793, 140
Trd, 4319747.843, 140
Trd, 4319748.293, 139
Trd, 4319748.393, 139
Trd, 4319749.543, 139
Trd, 4319749.793, 121
Trd, 4319750.693, 140
Trd, 4319750.993, 85
Trd, 4319753.043, 140
Trd, 4319753.143, 140
Trd, 4319753.943, 140
Trd, 4319754.143, 138
Trd, 4319754.293, 138
Trd, 4319754.943, 128
Trd, 4319757.443, 140
Trd, 4319759.093, 140
Trd, 4319759.143, 140
Trd, 4319759.793, 140
Trd, 4319760.743, 140
Trd, 4319760.943, 140
Trd, 4319761.843, 140
Trd, 4319761.893, 133
Trd, 4319763.043, 140
Trd, 4319763.193, 140
Trd, 4319764.093, 140
Trd, 4319764.543, 140
Trd, 4319764.593, 138
Trd, 4319765.293, 84
Trd, 4319765.843, 140
Trd, 4319766.793, 140
Trd, 4319767.143, 140
Trd, 4319769.043, 140
Trd, 4319769.593, 140
Trd, 4319769.693, 140
Trd, 4319770.793, 140
Trd, 4319771.043, 140
Trd, 4319771.393, 140
Trd, 4319772.543, 139
Trd, 4319772.893, 140
Trd, 4319774.593, 140
Trd, 4319774.943, 139
Trd, 4319775.343, 140
Trd, 4319775.493, 107
Trd, 4319775.843, 139
Trd, 4319776.093, 111
Trd, 4319776.843, 62
Trd, 4319777.943, 60
Trd, 4319778.543, 64
Trd, 4319779.693, 63
Trd, 4319781.893, 140
Trd, 4319781.943, 140
Trd, 4319782.593, 140
Trd, 4319783.093, 140
Trd, 4319783.243, 140
Trd, 4319783.493, 140
Trd, 4319783.993, 139
Trd, 4319784.193, 138
Trd, 4319785.343, 139
Trd, 4319785.743, 111
Trd, 4319786.743, 100
Trd, 4319787.193, 97
Trd, 4319788.493, 140
Trd, 4319788.543, 140
Trd, 4319789.693, 140
Trd, 4319790.793, 140
Trd, 4319791.393, 140
Trd, 4319793.093, 140
Trd, 4319793.793, 140
Trd, 4319794.443, 140
Trd, 4319794.543, 140
Trd, 4319795.243, 139
Trd, 4319795.793, 140
Trd, 4319795.893, 137
Trd, 4319795.993, 117
Trd, 4319796.393, 136
Trd, 4319797.143, 140
Trd, 4319797.893, 140
Trd, 4319798.843, 140
Trd, 4319799.293, 105
Trd, 4319800.443, 140
Trd, 4319800.743, 140
Trd, 4319801.843, 140
Trd, 4319802.493, 140
Trd, 4319803.043, 140
Trd, 4319803.493, 140
Trd, 4319805.343, 140
Trd, 4319805.493, 140
Trd, 4319805.593, 140
Trd, 4319805.843, 140
Trd, 4319806.843, 140
Trd, 4319807.343, 140
Trd, 4319808.143, 140
Trd, 4319808.293, 140
Trd, 4319809.543, 63
Trd, 4319809.593, 64
Trd, 4319810.193, 67
Trd, 4319810.243, 100
Trd, 4319810.843, 62
Trd, 4319811.743, 138
Trd, 4319812.943, 62
Trd, 4319814.093, 64
Trd, 4319814.793, 140
Trd, 4319815.443, 61
Trd, 4319815.743, 138
Trd, 4319818.043, 61
Trd, 4319818.193, 60
Trd, 4319819.093, 140
Trd, 4319820.043, 140
Trd, 4319821.143, 140
Trd, 4319821.443, 140
Trd, 4319821.893, 140
Trd, 4319821.943, 140
Trd, 4319822.393, 135
Trd, 4319824.093, 140
Trd, 4319825.343, 140
Trd, 4319825.543, 140
Trd, 4319827.043, 140
Trd, 4319827.943, 140
Trd, 4319828.043, 140
Trd, 4319828.293, 140
Trd, 4319829.293, 140
Trd, 4319830.493, 140
Trd, 4319831.843, 140
Trd, 4319832.143, 140
Trd, 4319832.843, 140
Trd, 4319833.743, 139
Trd, 4319833.993, 134
Trd, 4319835.293, 140
Trd, 4319835.343, 140
Trd, 4319836.143, 140
Trd, 4319836.993, 140
Trd, 4319837.743, 139
Trd, 4319838.193, 74
Trd, 4319838.493, 62
Trd, 4319839.593, 82
Trd, 4319840.593, 140
Trd, 4319841.093, 113
Trd, 4319842.243, 86
Trd, 4319843.143, 73
Trd, 4319843.543, 72
Trd, 4319844.043, 71
Trd, 4319845.693, 60
Trd, 4319845.893, 64
Trd, 4319846.043, 61
Trd, 4319847.193, 77
Trd, 4319847.893, 109
Trd, 4319848.343, 86
Trd, 4319849.493, 65
Trd, 4319850.893, 140
Trd, 4319851.293, 140
Trd, 4319851.443, 140
Trd, 4319851.693, 140
Trd, 4319853.643, 140
Trd, 4319853.843, 140
Trd, 4319855.043, 140
Trd, 4319855.493, 140
Trd, 4319855.543, 136
Trd, 4319856.843, 140
Trd, 4319857.693, 140
Trd, 4319857.793, 140
Trd, 4319858.093, 61
Trd, 4319859.293, 137
Trd, 4319860.343, 136
Trd, 4319861.443, 139
Trd, 4319862.143, 140
Trd, 4319862.343, 140
Trd, 4319863.493, 140
Trd, 4319863.943, 140
Trd, 4319864.743, 140
Trd, 4319865.643, 140
Trd, 4319866.543, 140
Trd, 4319867.143, 140
Trd, 4319867.493, 140
Trd, 4319869.243, 140
Trd, 4319869.843, 140
Trd, 4319870.743, 138
Trd, 4319871.443, 140
Trd, 4319872.393, 140
Trd, 4319872.593, 140
Trd, 4319872.943, 99
Trd, 4319873.493, 140
Trd, 4319873.843, 139
Trd, 4319874.793, 62
Trd, 4319877.093, 62
Trd, 4319877.193, 124
Trd, 4319879.093, 60
Trd, 4319880.693, 60
Trd, 4319880.943, 64
Trd, 4319881.743, 60
Trd, 4319883.943, 68
Trd, 4319884.293, 67
Trd, 4319884.643, 61
Trd, 4319885.343, 140
Trd, 4319885.493, 124
Trd, 4319885.843, 124
Trd, 4319886.343, 62
Trd, 4319886.493, 65
Trd, 4319887.293, 139
Trd, 4319887.743, 138
Trd, 4319889.193, 137
Trd, 4319889.343, 136
Trd, 4319889.493, 135
Trd, 4319889.843, 107
Trd, 4319890.243, 140
Trd, 4319890.793, 124
Trd, 4319891.693, 140
Trd, 4319893.243, 140
Trd, 4319893.593, 140
Trd, 4319894.493, 140
Trd, 4319894.893, 140
Trd, 4319895.393, 140
Trd, 4319896.043, 140
Trd, 4319896.093, 140
Trd, 4319896.393, 139
Trd, 4319899.043, 140
Trd, 4319899.093, 140
Trd, 4319899.543, 140
Trd, 4319899.743, 115
Trd, 4319899.993, 114
Trd, 4319902.193, 140
Trd, 4319902.843, 140
Trd, 4319903.493, 140
Trd, 4319903.743, 140
Trd, 4319904.393, 140
Trd, 4319905.143, 140
Trd, 4319905.943, 140
Trd, 4319906.043, 140
Trd, 4319906.843, 139
Trd, 4319907.543, 140
Trd, 4319907.943, 140
Trd, 4319909.043, 140
Trd, 4319910.193, 140
Trd, 4319910.443, 140
Trd, 4319911.743, 140
Trd, 4319912.043, 140
Trd, 4319912.743, 140
Trd, 4319913.843, 140
Trd, 4319914.793, 140
Trd, 4319915.493, 140
Trd, 4319916.243, 140
Trd, 4319918.093, 140
Trd, 4319918.343, 140
Trd, 4319919.543, 140
Trd, 4319920.093, 140
Trd, 4319920.343, 140
Trd, 4319920.443, 140
Trd, 4319920.593, 140
Trd, 4319922.893, 137
Trd, 4319923.543, 131
Trd, 4319923.693, 130
Trd, 4319924.643, 140
Trd, 4319925.193, 140
Trd, 4319926.443, 140
Trd, 4319926.643, 139
Trd, 4319926.793, 139
Trd, 4319927.943, 111
Trd, 4319928.893, 81
Trd, 4319929.843, 140
Trd, 4319929.943, 140
Trd, 4319930.043, 118
Trd, 4319930.693, 138
Trd, 4319931.143, 134
Trd, 4319932.543, 140
Trd, 4319933.243, 106
Trd, 4319934.043, 106
Trd, 4319934.143, 105
Trd, 4319934.193, 104
Trd, 4319935.493, 60
Trd, 4319935.893, 60
Trd, 4319937.193, 62
Trd, 4319937.743, 62
Trd, 4319940.443, 140
Trd, 4319940.593, 140
Trd, 4319940.843, 140
Trd, 4319941.993, 139
Trd, 4319942.343, 140
Trd, 4319942.493, 138
Trd, 4319943.193, 139
Trd, 4319943.243, 138
Trd, 4319943.493, 139
Trd, 4319946.243, 140
Trd, 4319946.443, 140
Trd, 4319947.993, 140
Trd, 4319948.293, 140
Trd, 4319949.493, 140
Trd, 4319949.543, 140
Trd, 4319949.693, 139
Trd, 4319950.443, 61
Trd, 4319951.043, 92
Trd, 4319951.943, 64
Trd, 4319952.643, 69
Trd, 4319952.843, 136
Trd, 4319954.393, 62
Trd, 4319955.493, 61
Trd, 4319955.993, 60
Trd, 4319956.793, 64
Trd, 4319957.293, 140
Trd, 4319958.593, 66
Trd, 4319958.643, 92
Trd, 4319959.143, 68
Trd, 4319960.093, 71
Trd, 4319960.293, 140
Trd, 4319961.593, 64
Trd, 4319963.193, 62
Trd, 4319963.643, 60
Trd, 4319964.593, 65
Trd, 4319965.243, 140
Trd, 4319966.443, 140
Trd, 4319966.643, 140
Trd, 4319966.693, 140
Trd, 4319967.143, 139
Trd, 4319967.193, 139
Trd, 4319967.543, 138
Trd, 4319968.593, 140
Trd, 4319968.743, 140
Trd, 4319970.443, 140
Trd, 4319971.793, 140
Trd, 4319972.393, 140
Trd, 4319972.693, 140
Trd, 4319972.943, 139
Trd, 4319974.193, 137
Trd, 4319975.443, 122
Trd, 4319975.593, 121
Trd, 4319976.593, 124
Trd, 4319977.493, 140
Trd, 4319977.893, 140
Trd, 4319978.143, 140
Trd, 4319978.593, 119
Trd, 4319978.893, 122
Trd, 4319980.643, 140
Trd, 4319980.693, 140
Trd, 4319980.843, 140
Trd, 4319982.793, 140
Trd, 4319983.043, 139
Trd, 4319983.943, 140
Trd, 4319984.993, 140
Trd, 4319985.943, 140
Trd, 4319986.093, 134
Trd, 4319986.343, 104
Trd, 4319986.743, 137
Trd, 4319987.093, 89
Trd, 4319987.293, 104
Trd, 4319987.643, 60
Trd, 4319988.343, 62
Trd, 4319990.243, 89
Trd, 4319991.643, 72
Trd, 4319992.693, 64
Trd, 4319994.293, 130
Trd, 4319994.743, 140
Trd, 4319994.793, 139
Trd, 4319995.893, 133
Trd, 4319996.143, 132
Trd, 4319996.243, 139
Trd, 4319997.593, 140
Trd, 4319997.743, 140
Trd, 4319998.343, 140
