Trd, 4318152.293, 140
Trd, 4318153.043, 140
Trd, 4318153.643, 120
Trd, 4318154.343, 124
Trd, 4318154.393, 121
Trd, 4318154.493, 115
Trd, 4318154.743, 102
Trd, 4318155.343, 97
Trd, 4318156.193, 90
Trd, 4318156.393, 85
Trd, 4318156.593, 139
Trd, 4318157.193, 93
Trd, 4318158.143, 65
Trd, 4318160.543, 140
Trd, 4318160.943, 140
Trd, 4318161.743, 139
Trd, 4318162.143, 132
Trd, 4318162.193, 108
Trd, 4318162.693, 80
Trd, 4318162.993, 72
Trd, 4318163.493, 62
Trd, 4318165.143, 65
Trd, 4318165.993, 68
Trd, 4318166.393, 61
Trd, 4318166.843, 64
Trd, 4318167.293, 75
Trd, 4318167.543, 60
Trd, 4318168.693, 67
Trd, 4318169.293, 66
Trd, 4318169.593, 74
Trd, 4318170.693, 70
Trd, 4318171.093, 68
Trd, 4318171.443, 110
Trd, 4318171.593, 90
Trd, 4318173.593, 90
Trd, 4318173.693, 88
Trd, 4318174.443, 140
Trd, 4318174.893, 137
Trd, 4318175.543, 114
Trd, 4318175.743, 103
Trd, 4318176.293, 116
Trd, 4318177.793, 93
Trd, 4318177.943, 93
Trd, 4318177.993, 90
Trd, 4318178.293, 140
Trd, 4318179.493, 71
Trd, 4318183.193, 60
Trd, 4318183.843, 61
Trd, 4318184.043, 63
Trd, 4318184.193, 65
Trd, 4318184.443, 65
Trd, 4318186.443, 66
Trd, 4318187.143, 70
Trd, 4318188.093, 74
Trd, 4318188.193, 63
Trd, 4318189.193, 140
Trd, 4318189.243, 140
Trd, 4318189.643, 130
Trd, 4318189.843, 129
Trd, 4318190.043, 102
Trd, 4318191.143, 95
Trd, 4318192.293, 66
Trd, 4318193.093, 80
Trd, 4318193.943, 65
Trd, 4318194.243, 70
Trd, 4318194.793, 80
Trd, 4318194.843, 114
Trd, 4318194.943, 74
Trd, 4318196.993, 60
Trd, 4318197.143, 61
Trd, 4318197.643, 64
Trd, 4318197.843, 99
Trd, 4318198.543, 107
Trd, 4318198.743, 87
Trd, 4318201.043, 87
Trd, 4318202.443, 102
Trd, 4318203.193, 91
Trd, 4318203.843, 73
Trd, 4318204.193, 80
Trd, 4318205.943, 63
Trd, 4318206.493, 66
Trd, 4318206.793, 64
Trd, 4318207.643, 62
Trd, 4318208.393, 61
Trd, 4318208.893, 62
Trd, 4318209.093, 65
Trd, 4318209.893, 67
Trd, 4318210.443, 61
Trd, 4318212.693, 88
Trd, 4318213.043, 136
Trd, 4318213.143, 87
Trd, 4318213.293, 82
Trd, 4318214.043, 89
Trd, 4318215.393, 96
Trd, 4318216.593, 93
Trd, 4318217.093, 92
Trd, 4318218.443, 140
Trd, 4318218.893, 97
Trd, 4318218.943, 97
Trd, 4318219.193, 83
Trd, 4318219.743, 111
Trd, 4318220.943, 60
Trd, 4318222.043, 98
Trd, 4318222.093, 96
Trd, 4318222.343, 90
Trd, 4318223.143, 89
Trd, 4318223.343, 86
Trd, 4318224.393, 68
Trd, 4318225.393, 102
Trd, 4318225.443, 88
Trd, 4318225.743, 79
Trd, 4318227.443, 74
Trd, 4318227.493, 74
Trd, 4318227.593, 66
Trd, 4318228.743, 92
Trd, 4318229.593, 96
Trd, 4318230.393, 90
Trd, 4318230.593, 90
Trd, 4318231.093, 140
Trd, 4318231.143, 115
Trd, 4318232.243, 63
Trd, 4318232.443, 111
Trd, 4318232.993, 70
Trd, 4318234.643, 68
Trd, 4318235.893, 80
Trd, 4318237.143, 80
Trd, 4318237.393, 85
Trd, 4318237.843, 100
Trd, 4318238.193, 102
Trd, 4318238.443, 79
Trd, 4318238.543, 91
Trd, 4318240.243, 140
Trd, 4318240.393, 129
Trd, 4318240.993, 128
Trd, 4318241.143, 124
Trd, 4318241.443, 116
Trd, 4318241.893, 121
Trd, 4318243.593, 138
Trd, 4318243.993, 134
Trd, 4318244.193, 133
Trd, 4318244.593, 121
Trd, 4318244.843, 102
Trd, 4318246.193, 60
Trd, 4318247.643, 72
Trd, 4318249.043, 139
Trd, 4318249.093, 138
Trd, 4318249.893, 138
Trd, 4318250.243, 120
Trd, 4318250.343, 128
Trd, 4318252.243, 133
Trd, 4318253.043, 132
Trd, 4318254.143, 123
Trd, 4318254.343, 114
Trd, 4318254.943, 113
Trd, 4318255.043, 109
Trd, 4318255.643, 138
Trd, 4318255.943, 113
Trd, 4318256.593, 109
Trd, 4318256.643, 109
Trd, 4318256.993, 140
Trd, 4318257.093, 105
Trd, 4318257.843, 119
Trd, 4318259.643, 61
Trd, 4318260.893, 67
Trd, 4318261.393, 89
Trd, 4318262.343, 66
Trd, 4318262.893, 63
Trd, 4318263.643, 81
Trd, 4318264.243, 60
Trd, 4318265.093, 81
Trd, 4318266.293, 122
Trd, 4318266.693, 111
Trd, 4318267.193, 113
Trd, 4318267.243, 110
Trd, 4318268.543, 104
Trd, 4318269.143, 89
Trd, 4318269.393, 82
Trd, 4318270.643, 77
Trd, 4318271.143, 90
Trd, 4318271.293, 71
Trd, 4318272.543, 137
Trd, 4318273.393, 135
Trd, 4318273.643, 131
Trd, 4318274.193, 126
Trd, 4318275.093, 138
Trd, 4318275.143, 133
Trd, 4318276.393, 109
Trd, 4318277.143, 104
Trd, 4318277.243, 95
Trd, 4318277.593, 125
Trd, 4318277.693, 94
Trd, 4318278.493, 71
Trd, 4318279.193, 140
Trd, 4318279.743, 67
Trd, 4318279.993, 118
Trd, 4318280.893, 129
Trd, 4318281.343, 118
Trd, 4318282.943, 112
Trd, 4318283.443, 111
Trd, 4318283.843, 110
Trd, 4318284.793, 123
Trd, 4318285.043, 107
Trd, 4318285.243, 103
Trd, 4318286.543, 94
Trd, 4318286.793, 89
Trd, 4318287.043, 83
Trd, 4318287.543, 83
Trd, 4318288.493, 137
Trd, 4318289.943, 121
Trd, 4318290.143, 120
Trd, 4318290.293, 118
Trd, 4318291.793, 110
Trd, 4318292.193, 109
Trd, 4318292.893, 104
Trd, 4318293.943, 90
Trd, 4318294.843, 89
Trd, 4318295.293, 136
Trd, 4318296.143, 116
Trd, 4318296.793, 113
Trd, 4318297.093, 105
Trd, 4318297.943, 85
Trd, 4318298.343, 93
Trd, 4318299.343, 134
Trd, 4318299.893, 106
Trd, 4318301.193, 135
Trd, 4318301.293, 130
Trd, 4318301.943, 130
Trd, 4318303.093, 132
Trd, 4318303.343, 130
Trd, 4318304.043, 103
Trd, 4318304.943, 140
Trd, 4318305.943, 117
Trd, 4318306.293, 127
Trd, 4318306.493, 116
Trd, 4318307.493, 123
Trd, 4318307.793, 109
Trd, 4318308.843, 85
Trd, 4318308.993, 137
Trd, 4318310.543, 125
Trd, 4318311.893, 120
Trd, 4318312.143, 115
Trd, 4318312.343, 129
Trd, 4318312.593, 114
Trd, 4318312.843, 111
Trd, 4318313.193, 126
Trd, 4318314.093, 112
Trd, 4318314.643, 104
Trd, 4318315.143, 90
Trd, 4318315.793, 140
Trd, 4318316.693, 85
Trd, 4318318.643, 83
Trd, 4318320.143, 112
Trd, 4318320.193, 101
Trd, 4318320.543, 109
Trd, 4318320.943, 94
Trd, 4318321.993, 60
Trd, 4318322.743, 70
Trd, 4318323.343, 74
Trd, 4318323.743, 103
Trd, 4318324.143, 104
Trd, 4318324.343, 102
Trd, 4318324.643, 77
Trd, 4318326.543, 66
Trd, 4318326.693, 82
Trd, 4318327.293, 110
Trd, 4318327.743, 130
Trd, 4318328.643, 104
Trd, 4318328.693, 103
Trd, 4318330.043, 98
Trd, 4318331.843, 106
Trd, 4318331.893, 105
Trd, 4318331.993, 101
Trd, 4318332.043, 98
Trd, 4318333.543, 132
Trd, 4318334.593, 104
Trd, 4318334.793, 100
Trd, 4318335.343, 79
Trd, 4318335.443, 83
Trd, 4318335.543, 112
Trd, 4318335.893, 106
Trd, 4318336.493, 61
Trd, 4318337.093, 65
Trd, 4318339.343, 94
Trd, 4318339.693, 63
Trd, 4318340.393, 64
Trd, 4318340.493, 123
Trd, 4318341.993, 60
Trd, 4318342.643, 63
Trd, 4318342.943, 68
Trd, 4318345.443, 84
Trd, 4318345.743, 98
Trd, 4318346.093, 81
Trd, 4318346.293, 76
Trd, 4318347.143, 140
Trd, 4318347.493, 72
Trd, 4318348.293, 84
Trd, 4318349.193, 70
Trd, 4318349.593, 91
Trd, 4318349.943, 75
Trd, 4318350.393, 69
Trd, 4318350.993, 67
Trd, 4318351.593, 140
Trd, 4318351.993, 140
Trd, 4318352.393, 118
Trd, 4318352.743, 113
Trd, 4318352.943, 111
Trd, 4318356.143, 60
Trd, 4318356.943, 63
Trd, 4318357.143, 66
Trd, 4318357.593, 61
Trd, 4318357.993, 74
Trd, 4318358.743, 61
Trd, 4318359.193, 60
Trd, 4318360.993, 67
Trd, 4318361.493, 100
Trd, 4318362.343, 69
Trd, 4318362.543, 96
Trd, 4318362.643, 68
Trd, 4318363.743, 97
Trd, 4318364.243, 98
Trd, 4318364.793, 96
Trd, 4318365.093, 116
Trd, 4318365.243, 94
Trd, 4318366.793, 139
Trd, 4318367.043, 134
Trd, 4318367.143, 124
Trd, 4318367.743, 61
Trd, 4318368.743, 79
Trd, 4318369.243, 111
Trd, 4318369.643, 70
Trd, 4318370.593, 67
Trd, 4318371.343, 66
Trd, 4318371.793, 122
Trd, 4318373.343, 74
Trd, 4318373.743, 74
Trd, 4318374.793, 126
Trd, 4318374.993, 117
Trd, 4318375.443, 96
Trd, 4318376.993, 133
Trd, 4318377.793, 114
Trd, 4318377.943, 109
Trd, 4318378.443, 94
Trd, 4318378.693, 84
Trd, 4318379.593, 83
Trd, 4318379.743, 81
Trd, 4318380.193, 102
Trd, 4318380.593, 122
Trd, 4318380.993, 140
Trd, 4318382.343, 80
Trd, 4318382.443, 97
Trd, 4318383.943, 78
Trd, 4318384.093, 77
Trd, 4318384.793, 86
Trd, 4318387.243, 80
Trd, 4318387.993, 77
Trd, 4318388.093, 74
Trd, 4318388.243, 67
Trd, 4318388.443, 67
Trd, 4318388.593, 82
Trd, 4318389.693, 60
Trd, 4318390.293, 132
Trd, 4318392.243, 63
Trd, 4318392.343, 70
Trd, 4318393.743, 66
Trd, 4318394.243, 67
Trd, 4318394.393, 61
Trd, 4318395.043, 85
Trd, 4318397.843, 63
Trd, 4318398.293, 60
Trd, 4318399.193, 61
Trd, 4318399.443, 60
Trd, 4318399.643, 63
Trd, 4318400.143, 67
Trd, 4318400.693, 95
Trd, 4318401.493, 140
Trd, 4318401.693, 122
Trd, 4318401.793, 112
Trd, 4318403.793, 80
Trd, 4318404.693, 61
Trd, 4318406.293, 68
Trd, 4318407.143, 67
Trd, 4318407.443, 63
Trd, 4318407.793, 66
Trd, 4318408.393, 65
Trd, 4318408.793, 104
Trd, 4318409.793, 126
Trd, 4318410.543, 60
Trd, 4318411.693, 92
Trd, 4318412.593, 87
Trd, 4318412.743, 87
Trd, 4318412.793, 84
Trd, 4318413.143, 118
Trd, 4318414.843, 128
Trd, 4318414.943, 123
Trd, 4318416.093, 61
Trd, 4318416.393, 92
Trd, 4318417.793, 66
Trd, 4318417.893, 131
Trd, 4318418.893, 89
Trd, 4318419.043, 76
Trd, 4318419.393, 77
Trd, 4318420.043, 88
Trd, 4318420.243, 75
Trd, 4318421.893, 85
Trd, 4318421.943, 123
Trd, 4318423.293, 82
Trd, 4318423.643, 74
Trd, 4318423.743, 69
Trd, 4318424.743, 78
Trd, 4318424.893, 64
Trd, 4318425.793, 64
Trd, 4318427.443, 64
Trd, 4318427.943, 108
Trd, 4318428.693, 115
Trd, 4318428.793, 91
Trd, 4318428.843, 88
Trd, 4318429.793, 82
Trd, 4318430.193, 74
Trd, 4318431.193, 78
Trd, 4318431.343, 97
Trd, 4318431.443, 74
Trd, 4318431.843, 140
Trd, 4318433.093, 86
Trd, 4318434.593, 101
Trd, 4318434.643, 100
Trd, 4318435.093, 96
Trd, 4318436.043, 136
Trd, 4318436.793, 129
Trd, 4318436.943, 119
Trd, 4318437.443, 101
Trd, 4318439.093, 140
Trd, 4318439.593, 126
Trd, 4318439.743, 125
Trd, 4318440.443, 102
Trd, 4318440.493, 99
Trd, 4318441.793, 103
Trd, 4318442.193, 123
Trd, 4318442.793, 120
Trd, 4318443.093, 102
Trd, 4318444.743, 74
Trd, 4318445.143, 134
Trd, 4318445.193, 129
Trd, 4318445.243, 104
Trd, 4318446.443, 61
Trd, 4318448.143, 62
Trd, 4318448.393, 62
Trd, 4318449.093, 72
Trd, 4318450.743, 139
Trd, 4318451.093, 140
Trd, 4318451.593, 138
Trd, 4318451.943, 128
Trd, 4318453.543, 105
Trd, 4318453.893, 140
Trd, 4318454.193, 76
Trd, 4318454.443, 74
Trd, 4318455.443, 115
Trd, 4318455.593, 106
Trd, 4318456.693, 75
Trd, 4318458.893, 108
Trd, 4318459.093, 75
Trd, 4318459.243, 72
Trd, 4318459.343, 71
Trd, 4318460.093, 135
Trd, 4318460.743, 137
Trd, 4318462.093, 60
Trd, 4318463.343, 76
Trd, 4318463.643, 71
Trd, 4318464.093, 77
Trd, 4318464.143, 68
Trd, 4318464.793, 73
Trd, 4318464.943, 72
Trd, 4318465.943, 139
Trd, 4318466.143, 134
Trd, 4318467.493, 140
Trd, 4318469.743, 140
Trd, 4318469.843, 140
Trd, 4318470.143, 134
Trd, 4318470.293, 128
Trd, 4318470.593, 123
Trd, 4318471.293, 74
Trd, 4318471.643, 73
Trd, 4318472.293, 118
Trd, 4318473.443, 61
Trd, 4318473.643, 67
Trd, 4318474.743, 60
Trd, 4318474.993, 74
Trd, 4318475.343, 107
Trd, 4318475.843, 91
Trd, 4318477.493, 93
Trd, 4318478.593, 113
Trd, 4318478.793, 91
Trd, 4318479.043, 91
Trd, 4318479.093, 88
Trd, 4318480.343, 105
Trd, 4318480.443, 98
Trd, 4318482.793, 65
Trd, 4318483.293, 64
Trd, 4318483.693, 63
Trd, 4318484.043, 72
Trd, 4318485.493, 72
Trd, 4318486.343, 74
Trd, 4318486.393, 69
Trd, 4318486.793, 83
Trd, 4318488.543, 86
Trd, 4318488.743, 63
Trd, 4318489.743, 72
Trd, 4318489.993, 77
Trd, 4318490.893, 72
Trd, 4318491.193, 77
Trd, 4318491.443, 74
Trd, 4318491.893, 79
Trd, 4318492.093, 78
Trd, 4318493.293, 139
Trd, 4318494.293, 124
Trd, 4318494.643, 118
Trd, 4318495.643, 114
Trd, 4318496.193, 129
Trd, 4318496.943, 106
Trd, 4318498.193, 136
Trd, 4318498.793, 117
Trd, 4318499.193, 140
Trd, 4318499.293, 116
Trd, 4318500.143, 120
Trd, 4318500.443, 116
Trd, 4318502.243, 114
Trd, 4318502.293, 112
Trd, 4318503.793, 102
Trd, 4318504.143, 98
Trd, 4318504.543, 97
Trd, 4318505.793, 140
Trd, 4318506.443, 121
Trd, 4318506.793, 122
Trd, 4318506.943, 118
Trd, 4318507.293, 139
Trd, 4318508.693, 129
Trd, 4318508.843, 119
Trd, 4318509.043, 82
Trd, 4318509.893, 63
Trd, 4318512.693, 85
Trd, 4318512.993, 87
Trd, 4318513.493, 74
Trd, 4318514.093, 83
Trd, 4318514.693, 75
Trd, 4318515.243, 72
Trd, 4318515.893, 71
Trd, 4318516.243, 84
Trd, 4318517.543, 66
Trd, 4318517.643, 67
Trd, 4318518.043, 64
Trd, 4318519.393, 109
Trd, 4318519.543, 105
Trd, 4318519.893, 86
Trd, 4318520.593, 65
Trd, 4318521.643, 131
Trd, 4318521.893, 132
Trd, 4318521.943, 131
Trd, 4318522.443, 103
Trd, 4318523.093, 140
Trd, 4318523.893, 128
Trd, 4318524.443, 61
Trd, 4318524.943, 61
Trd, 4318525.393, 140
Trd, 4318525.743, 140
Trd, 4318527.243, 122
Trd, 4318528.943, 140
Trd, 4318529.293, 137
Trd, 4318529.393, 134
Trd, 4318529.493, 127
Trd, 4318529.743, 120
Trd, 4318531.443, 125
Trd, 4318531.593, 116
Trd, 4318532.293, 119
Trd, 4318532.693, 106
Trd, 4318533.393, 98
Trd, 4318534.043, 115
Trd, 4318534.743, 92
Trd, 4318534.993, 91
Trd, 4318535.693, 95
Trd, 4318537.393, 140
Trd, 4318537.543, 140
Trd, 4318537.743, 112
Trd, 4318537.943, 98
Trd, 4318538.093, 97
Trd, 4318540.043, 140
Trd, 4318540.193, 139
Trd, 4318540.493, 128
Trd, 4318541.393, 109
Trd, 4318541.993, 104
Trd, 4318542.593, 137
Trd, 4318543.293, 125
Trd, 4318543.743, 124
Trd, 4318544.143, 108
Trd, 4318544.543, 119
Trd, 4318545.043, 88
Trd, 4318545.843, 105
Trd, 4318547.493, 90
Trd, 4318547.893, 89
Trd, 4318548.143, 89
Trd, 4318549.643, 129
Trd, 4318549.743, 115
Trd, 4318550.193, 107
Trd, 4318550.593, 106
Trd, 4318550.993, 117
Trd, 4318551.093, 97
Trd, 4318551.243, 109
Trd, 4318551.993, 76
Trd, 4318553.243, 97
Trd, 4318554.043, 62
Trd, 4318554.443, 60
Trd, 4318555.243, 62
Trd, 4318557.343, 77
Trd, 4318557.493, 66
Trd, 4318558.643, 98
Trd, 4318559.193, 95
Trd, 4318559.693, 94
Trd, 4318560.793, 102
Trd, 4318561.293, 95
Trd, 4318561.793, 76
Trd, 4318563.843, 61
Trd, 4318564.993, 60
Trd, 4318566.393, 61
Trd, 4318567.593, 60
Trd, 4318567.693, 60
Trd, 4318569.443, 64
Trd, 4318569.893, 64
Trd, 4318570.493, 63
Trd, 4318571.093, 63
Trd, 4318571.343, 71
Trd, 4318572.543, 73
Trd, 4318573.343, 88
Trd, 4318573.593, 81
Trd, 4318573.643, 119
Trd, 4318574.943, 110
Trd, 4318574.993, 96
Trd, 4318576.093, 94
Trd, 4318576.343, 93
Trd, 4318576.893, 130
Trd, 4318577.443, 131
Trd, 4318578.293, 129
Trd, 4318578.843, 114
Trd, 4318580.043, 115
Trd, 4318580.143, 112
Trd, 4318580.393, 110
Trd, 4318580.493, 110
Trd, 4318580.593, 99
Trd, 4318582.643, 72
Trd, 4318585.193, 134
Trd, 4318585.243, 92
Trd, 4318585.443, 71
Trd, 4318585.593, 70
Trd, 4318586.493, 63
Trd, 4318587.843, 65
Trd, 4318588.143, 63
Trd, 4318589.043, 60
Trd, 4318589.993, 91
Trd, 4318590.393, 129
Trd, 4318591.443, 122
Trd, 4318591.743, 113
Trd, 4318592.893, 125
Trd, 4318592.943, 104
Trd, 4318593.243, 103
Trd, 4318594.193, 104
Trd, 4318594.693, 98
Trd, 4318595.593, 101
Trd, 4318595.793, 83
Trd, 4318597.293, 62
Trd, 4318597.993, 62
Trd, 4318598.293, 61
Trd, 4318599.643, 83
Trd, 4318599.893, 72
Trd, 4318600.993, 62
Trd, 4318601.343, 113
Trd, 4318601.593, 105
Trd, 4318601.943, 83
Trd, 4318603.193, 64
Trd, 4318603.493, 119
Trd, 4318604.293, 77
Trd, 4318605.843, 63
Trd, 4318606.843, 61
Trd, 4318607.543, 67
Trd, 4318607.943, 88
Trd, 4318608.043, 66
Trd, 4318610.293, 67
Trd, 4318610.493, 65
Trd, 4318611.043, 66
Trd, 4318611.643, 122
Trd, 4318611.793, 114
Trd, 4318613.443, 60
Trd, 4318614.893, 62
Trd, 4318615.293, 86
Trd, 4318615.393, 117
Trd, 4318616.393, 72
Trd, 4318616.693, 137
Trd, 4318616.993, 127
Trd, 4318617.193, 110
Trd, 4318617.743, 125
Trd, 4318618.243, 107
Trd, 4318618.843, 108
Trd, 4318618.893, 93
Trd, 4318621.193, 61
Trd, 4318621.443, 101
Trd, 4318622.143, 63
Trd, 4318622.943, 63
Trd, 4318623.843, 92
Trd, 4318624.193, 65
Trd, 4318624.593, 137
Trd, 4318625.743, 129
Trd, 4318626.143, 90
Trd, 4318626.393, 74
Trd, 4318627.493, 108
Trd, 4318627.893, 86
Trd, 4318628.143, 73
Trd, 4318628.193, 72
Trd, 4318630.293, 60
Trd, 4318630.643, 73
Trd, 4318631.343, 66
Trd, 4318631.443, 104
Trd, 4318633.593, 63
Trd, 4318633.893, 65
Trd, 4318634.343, 66
Trd, 4318634.843, 64
Trd, 4318634.893, 80
Trd, 4318635.093, 63
Trd, 4318635.843, 64
Trd, 4318636.793, 72
Trd, 4318637.143, 81
Trd, 4318637.893, 82
Trd, 4318638.143, 80
Trd, 4318639.593, 76
Trd, 4318640.243, 79
Trd, 4318641.043, 76
Trd, 4318641.493, 74
Trd, 4318641.993, 69
Trd, 4318642.443, 72
Trd, 4318644.193, 85
Trd, 4318644.843, 123
Trd, 4318645.443, 106
Trd, 4318645.743, 94
Trd, 4318645.893, 93
Trd, 4318648.493, 81
Trd, 4318649.043, 73
Trd, 4318649.143, 71
Trd, 4318649.393, 112
Trd, 4318649.443, 68
Trd, 4318649.893, 64
Trd, 4318650.693, 62
Trd, 4318651.043, 140
Trd, 4318652.393, 125
Trd, 4318652.893, 121
Trd, 4318652.993, 106
Trd, 4318653.293, 83
Trd, 4318654.393, 118
Trd, 4318654.593, 74
Trd, 4318655.943, 112
Trd, 4318656.243, 93
Trd, 4318657.443, 135
Trd, 4318657.993, 60
Trd, 4318658.243, 69
Trd, 4318659.493, 61
Trd, 4318660.393, 66
Trd, 4318660.693, 100
Trd, 4318663.693, 61
Trd, 4318663.993, 61
Trd, 4318664.093, 62
Trd, 4318665.193, 60
Trd, 4318665.343, 64
Trd, 4318665.543, 73
Trd, 4318665.843, 63
Trd, 4318665.993, 74
Trd, 4318666.793, 69
Trd, 4318667.243, 63
Trd, 4318668.143, 77
Trd, 4318668.893, 78
Trd, 4318669.293, 117
Trd, 4318670.543, 117
Trd, 4318671.043, 110
Trd, 4318671.343, 110
Trd, 4318672.143, 139
Trd, 4318673.193, 105
Trd, 4318673.393, 101
Trd, 4318673.643, 97
Trd, 4318674.693, 105
Trd, 4318674.993, 140
Trd, 4318675.193, 104
Trd, 4318675.543, 103
Trd, 4318676.243, 97
Trd, 4318676.893, 96
Trd, 4318679.093, 139
Trd, 4318679.493, 138
Trd, 4318680.043, 122
Trd, 4318681.143, 135
Trd, 4318681.643, 134
Trd, 4318681.843, 133
Trd, 4318681.893, 125
Trd, 4318682.343, 118
Trd, 4318682.543, 109
Trd, 4318682.693, 109
Trd, 4318683.343, 104
Trd, 4318684.593, 101
Trd, 4318685.043, 74
Trd, 4318685.793, 63
Trd, 4318686.693, 76
Trd, 4318687.493, 62
Trd, 4318688.443, 139
Trd, 4318689.093, 139
Trd, 4318689.593, 138
Trd, 4318689.743, 122
Trd, 4318690.343, 92
Trd, 4318691.343, 90
Trd, 4318691.693, 139
Trd, 4318692.443, 85
Trd, 4318693.043, 108
Trd, 4318693.793, 86
Trd, 4318694.193, 101
Trd, 4318694.243, 82
Trd, 4318695.143, 67
Trd, 4318696.343, 61
Trd, 4318696.943, 61
Trd, 4318697.643, 68
Trd, 4318697.793, 76
Trd, 4318700.593, 72
Trd, 4318701.043, 64
Trd, 4318701.693, 72
Trd, 4318701.843, 66
Trd, 4318703.043, 95
Trd, 4318704.593, 93
Trd, 4318704.743, 76
Trd, 4318704.993, 72
Trd, 4318705.143, 70
Trd, 4318705.543, 100
Trd, 4318706.893, 67
Trd, 4318707.043, 108
Trd, 4318707.743, 64
Trd, 4318707.893, 73
Trd, 4318709.393, 119
Trd, 4318709.943, 115
Trd, 4318710.243, 93
Trd, 4318711.793, 60
Trd, 4318712.793, 60
Trd, 4318713.343, 68
Trd, 4318714.443, 82
Trd, 4318714.793, 140
Trd, 4318715.393, 140
Trd, 4318715.493, 128
Trd, 4318715.643, 121
Trd, 4318715.943, 114
Trd, 4318717.043, 125
Trd, 4318717.893, 65
Trd, 4318718.193, 68
Trd, 4318719.593, 60
Trd, 4318719.743, 60
Trd, 4318721.643, 61
Trd, 4318722.293, 61
Trd, 4318723.143, 74
Trd, 4318723.743, 74
Trd, 4318724.193, 73
Trd, 4318724.443, 72
Trd, 4318724.493, 71
Trd, 4318724.543, 70
Trd, 4318726.193, 74
Trd, 4318727.643, 65
Trd, 4318729.743, 74
Trd, 4318730.243, 63
Trd, 4318730.293, 62
Trd, 4318730.543, 69
Trd, 4318730.793, 118
Trd, 4318731.593, 96
Trd, 4318731.743, 89
Trd, 4318732.393, 63
Trd, 4318732.593, 64
Trd, 4318733.443, 66
Trd, 4318733.693, 66
Trd, 4318733.793, 64
Trd, 4318735.193, 65
Trd, 4318736.843, 65
Trd, 4318736.993, 126
Trd, 4318737.443, 71
Trd, 4318738.593, 76
Trd, 4318738.993, 86
Trd, 4318739.443, 101
Trd, 4318739.643, 96
Trd, 4318740.043, 69
Trd, 4318740.143, 68
Trd, 4318742.093, 83
Trd, 4318742.143, 78
Trd, 4318743.393, 63
Trd, 4318744.543, 83
Trd, 4318745.243, 99
Trd, 4318745.793, 62
Trd, 4318746.243, 134
Trd, 4318746.493, 139
Trd, 4318747.143, 111
Trd, 4318747.193, 109
Trd, 4318749.193, 60
Trd, 4318749.443, 68
Trd, 4318750.393, 63
Trd, 4318751.143, 115
Trd, 4318751.193, 114
Trd, 4318753.343, 115
Trd, 4318753.493, 114
Trd, 4318753.543, 98
Trd, 4318753.593, 125
Trd, 4318754.243, 73
Trd, 4318755.643, 64
Trd, 4318755.743, 92
Trd, 4318756.443, 61
Trd, 4318756.743, 65
Trd, 4318756.793, 66
Trd, 4318757.793, 139
Trd, 4318758.793, 83
Trd, 4318758.843, 68
Trd, 4318760.443, 63
Trd, 4318760.843, 65
Trd, 4318762.493, 97
Trd, 4318762.893, 67
Trd, 4318763.243, 98
Trd, 4318763.593, 68
Trd, 4318763.693, 110
Trd, 4318765.193, 82
Trd, 4318767.493, 140
Trd, 4318767.543, 134
Trd, 4318767.643, 128
Trd, 4318768.043, 110
Trd, 4318768.493, 109
Trd, 4318768.643, 95
Trd, 4318770.543, 95
Trd, 4318771.293, 92
Trd, 4318772.193, 107
Trd, 4318772.293, 84
Trd, 4318773.693, 140
Trd, 4318774.093, 103
Trd, 4318774.643, 102
Trd, 4318774.693, 96
Trd, 4318776.743, 104
Trd, 4318777.143, 108
Trd, 4318778.343, 101
Trd, 4318778.693, 96
Trd, 4318778.893, 87
Trd, 4318779.243, 134
Trd, 4318779.643, 83
Trd, 4318780.243, 61
Trd, 4318780.343, 82
Trd, 4318782.243, 61
Trd, 4318782.393, 66
Trd, 4318783.193, 60
Trd, 4318785.643, 62
Trd, 4318785.993, 76
Trd, 4318786.293, 87
Trd, 4318787.143, 65
Trd, 4318787.393, 62
Trd, 4318789.093, 72
Trd, 4318789.293, 75
Trd, 4318789.593, 62
Trd, 4318789.693, 62
Trd, 4318790.393, 62
Trd, 4318792.493, 70
Trd, 4318793.193, 63
Trd, 4318793.343, 70
Trd, 4318793.793, 62
Trd, 4318794.793, 62
Trd, 4318794.893, 62
Trd, 4318795.243, 66
Trd, 4318795.843, 78
Trd, 4318795.943, 81
Trd, 4318796.793, 65
Trd, 4318797.843, 65
Trd, 4318798.343, 73
Trd, 4318798.393, 93
Trd, 4318799.293, 60
Trd, 4318800.543, 63
Trd, 4318803.793, 60
Trd, 4318805.043, 65
Trd, 4318805.143, 76
Trd, 4318805.493, 70
Trd, 4318805.643, 61
Trd, 4318806.693, 98
Trd, 4318807.543, 94
Trd, 4318808.443, 139
Trd, 4318808.543, 134
Trd, 4318809.343, 128
Trd, 4318809.443, 127
Trd, 4318810.443, 97
Trd, 4318810.843, 80
Trd, 4318810.993, 79
Trd, 4318812.043, 62
Trd, 4318813.093, 107
Trd, 4318814.893, 68
Trd, 4318815.493, 76
Trd, 4318816.393, 66
Trd, 4318816.793, 61
Trd, 4318817.843, 86
Trd, 4318818.643, 82
Trd, 4318818.693, 116
Trd, 4318819.493, 80
Trd, 4318819.643, 79
Trd, 4318819.843, 78
Trd, 4318819.943, 72
Trd, 4318821.293, 140
Trd, 4318822.143, 139
Trd, 4318822.643, 134
Trd, 4318823.643, 110
Trd, 4318824.893, 129
Trd, 4318826.643, 137
Trd, 4318826.693, 130
Trd, 4318826.843, 125
Trd, 4318826.993, 113
Trd, 4318827.493, 108
Trd, 4318828.193, 103
Trd, 4318828.543, 100
Trd, 4318830.143, 140
Trd, 4318830.243, 140
Trd, 4318830.793, 135
Trd, 4318831.143, 118
Trd, 4318831.343, 117
Trd, 4318831.793, 74
Trd, 4318833.593, 95
Trd, 4318835.193, 64
Trd, 4318835.293, 62
Trd, 4318835.643, 78
Trd, 4318836.643, 96
Trd, 4318836.793, 92
Trd, 4318837.043, 91
Trd, 4318837.993, 83
Trd, 4318839.193, 102
Trd, 4318839.243, 90
Trd, 4318840.043, 90
Trd, 4318840.693, 118
Trd, 4318840.793, 90
Trd, 4318841.193, 88
Trd, 4318842.293, 131
Trd, 4318843.943, 91
Trd, 4318844.093, 83
Trd, 4318845.093, 92
Trd, 4318845.193, 82
Trd, 4318845.893, 111
Trd, 4318846.793, 94
Trd, 4318847.343, 89
Trd, 4318847.793, 105
Trd, 4318848.293, 88
Trd, 4318848.343, 86
Trd, 4318848.743, 81
Trd, 4318849.393, 84
Trd, 4318850.343, 82
Trd, 4318851.143, 133
Trd, 4318852.443, 140
Trd, 4318852.643, 128
Trd, 4318854.293, 138
Trd, 4318854.493, 117
Trd, 4318854.793, 108
Trd, 4318855.443, 85
Trd, 4318856.593, 85
Trd, 4318857.043, 108
Trd, 4318857.293, 88
Trd, 4318857.493, 87
Trd, 4318858.193, 81
Trd, 4318858.393, 91
Trd, 4318859.243, 140
Trd, 4318859.443, 139
Trd, 4318860.393, 129
Trd, 4318861.243, 124
Trd, 4318862.143, 93
Trd, 4318863.043, 114
Trd, 4318863.343, 87
Trd, 4318863.393, 82
Trd, 4318864.943, 105
Trd, 4318864.993, 136
Trd, 4318865.843, 101
Trd, 4318865.993, 99
Trd, 4318867.093, 100
Trd, 4318867.393, 98
Trd, 4318868.043, 129
Trd, 4318869.193, 64
Trd, 4318869.343, 69
Trd, 4318872.143, 61
Trd, 4318872.443, 62
Trd, 4318872.843, 62
Trd, 4318873.093, 62
Trd, 4318874.243, 65
Trd, 4318874.343, 61
Trd, 4318874.693, 61
Trd, 4318875.093, 108
Trd, 4318876.643, 69
Trd, 4318877.343, 61
Trd, 4318878.043, 62
Trd, 4318878.843, 88
Trd, 4318879.143, 87
Trd, 4318879.893, 86
Trd, 4318880.743, 96
Trd, 4318880.793, 91
Trd, 4318881.143, 78
Trd, 4318883.593, 140
Trd, 4318883.693, 137
Trd, 4318883.843, 137
Trd, 4318884.443, 136
Trd, 4318884.643, 131
Trd, 4318884.993, 117
Trd, 4318885.943, 116
Trd, 4318887.043, 108
Trd, 4318887.993, 140
Trd, 4318888.993, 137
Trd, 4318889.293, 121
Trd, 4318889.943, 120
Trd, 4318890.543, 117
Trd, 4318890.993, 94
Trd, 4318891.693, 140
Trd, 4318892.543, 70
Trd, 4318893.143, 86
Trd, 4318893.493, 118
Trd, 4318894.293, 107
Trd, 4318894.343, 90
Trd, 4318895.693, 96
Trd, 4318895.793, 95
Trd, 4318896.293, 111
Trd, 4318896.543, 95
Trd, 4318897.293, 97
Trd, 4318898.093, 121
Trd, 4318898.243, 117
Trd, 4318900.193, 103
Trd, 4318900.743, 92
Trd, 4318901.693, 103
Trd, 4318901.793, 102
Trd, 4318901.993, 95
Trd, 4318904.043, 140
Trd, 4318904.093, 140
Trd, 4318905.193, 138
Trd, 4318905.293, 129
Trd, 4318905.393, 128
Trd, 4318906.243, 118
Trd, 4318906.443, 113
Trd, 4318906.693, 111
Trd, 4318906.993, 140
Trd, 4318907.893, 62
Trd, 4318909.643, 65
Trd, 4318911.043, 90
Trd, 4318911.643, 96
Trd, 4318911.943, 88
Trd, 4318912.493, 89
Trd, 4318913.143, 86
Trd, 4318913.193, 77
Trd, 4318914.543, 106
Trd, 4318914.843, 87
Trd, 4318915.993, 83
Trd, 4318917.143, 117
Trd, 4318917.443, 113
Trd, 4318918.093, 112
Trd, 4318918.243, 90
Trd, 4318919.243, 79
Trd, 4318919.843, 86
Trd, 4318921.193, 83
Trd, 4318921.293, 84
Trd, 4318921.593, 140
Trd, 4318922.093, 82
Trd, 4318923.043, 129
Trd, 4318923.843, 127
Trd, 4318924.193, 125
Trd, 4318925.743, 66
Trd, 4318927.543, 87
Trd, 4318927.893, 79
Trd, 4318928.193, 78
Trd, 4318928.293, 77
Trd, 4318928.643, 87
Trd, 4318928.943, 77
Trd, 4318929.543, 120
Trd, 4318929.743, 119
Trd, 4318930.543, 104
Trd, 4318930.793, 97
Trd, 4318931.693, 93
Trd, 4318933.743, 101
Trd, 4318934.093, 63
Trd, 4318934.993, 88
Trd, 4318935.493, 81
Trd, 4318935.843, 100
Trd, 4318936.543, 98
Trd, 4318937.643, 60
Trd, 4318938.193, 60
Trd, 4318938.843, 74
Trd, 4318939.843, 67
Trd, 4318939.943, 67
Trd, 4318941.993, 69
Trd, 4318942.443, 62
Trd, 4318943.243, 65
Trd, 4318944.343, 60
Trd, 4318945.143, 60
Trd, 4318946.393, 62
Trd, 4318946.493, 61
Trd, 4318947.043, 114
Trd, 4318947.893, 64
Trd, 4318948.243, 74
Trd, 4318949.043, 69
Trd, 4318949.293, 75
Trd, 4318949.593, 66
Trd, 4318950.343, 97
Trd, 4318950.593, 79
Trd, 4318950.993, 73
Trd, 4318951.243, 67
Trd, 4318953.543, 65
Trd, 4318954.193, 61
Trd, 4318954.643, 62
Trd, 4318956.093, 108
Trd, 4318956.193, 107
Trd, 4318956.393, 138
Trd, 4318956.693, 104
Trd, 4318957.143, 99
Trd, 4318957.543, 90
Trd, 4318958.343, 111
Trd, 4318958.593, 110
Trd, 4318958.893, 106
Trd, 4318959.093, 89
Trd, 4318959.443, 80
Trd, 4318960.393, 108
Trd, 4318960.643, 80
Trd, 4318961.843, 61
Trd, 4318963.243, 68
Trd, 4318964.593, 74
Trd, 4318965.793, 79
Trd, 4318966.643, 105
Trd, 4318966.793, 76
Trd, 4318967.193, 80
Trd, 4318967.643, 106
Trd, 4318968.043, 78
Trd, 4318968.243, 77
Trd, 4318968.493, 71
Trd, 4318969.343, 77
Trd, 4318970.593, 96
Trd, 4318972.143, 68
Trd, 4318972.193, 66
Trd, 4318973.943, 140
Trd, 4318974.493, 135
Trd, 4318974.693, 130
Trd, 4318974.743, 118
Trd, 4318975.243, 114
Trd, 4318976.643, 106
Trd, 4318976.893, 102
Trd, 4318976.993, 101
Trd, 4318977.593, 140
Trd, 4318978.893, 104
Trd, 4318979.043, 99
Trd, 4318979.493, 95
Trd, 4318979.543, 91
Trd, 4318981.493, 140
Trd, 4318982.493, 139
Trd, 4318982.643, 129
Trd, 4318982.993, 117
Trd, 4318984.043, 112
Trd, 4318984.943, 140
Trd, 4318985.643, 130
Trd, 4318985.893, 127
Trd, 4318986.343, 123
Trd, 4318986.393, 109
Trd, 4318988.943, 60
Trd, 4318989.093, 62
Trd, 4318989.493, 60
Trd, 4318991.393, 65
Trd, 4318992.293, 66
Trd, 4318992.493, 65
Trd, 4318992.993, 64
Trd, 4318993.593, 107
Trd, 4318993.743, 60
Trd, 4318995.193, 61
Trd, 4318996.293, 62
Trd, 4318996.393, 86
Trd, 4318997.093, 62
Trd, 4318997.143, 73
Trd, 4318997.743, 138
Trd, 4318998.843, 63
Trd, 4319000.043, 67
Trd, 4319000.143, 66
Trd, 4319000.243, 87
Trd, 4319000.893, 88
Trd, 4319001.193, 68
Trd, 4319002.893, 86
Trd, 4319003.193, 77
Trd, 4319003.993, 62
Trd, 4319004.993, 93
Trd, 4319006.043, 80
Trd, 4319006.093, 105
Trd, 4319006.143, 78
Trd, 4319006.493, 81
Trd, 4319007.393, 79
Trd, 4319008.193, 70
Trd, 4319008.893, 73
Trd, 4319009.093, 71
Trd, 4319010.493, 140
Trd, 4319010.743, 128
Trd, 4319011.143, 119
Trd, 4319012.193, 111
Trd, 4319012.943, 111
Trd, 4319013.143, 110
Trd, 4319013.743, 69
Trd, 4319014.043, 70
Trd, 4319014.343, 97
Trd, 4319017.793, 138
Trd, 4319017.893, 104
Trd, 4319018.043, 103
Trd, 4319018.293, 95
Trd, 4319018.793, 81
Trd, 4319019.193, 78
Trd, 4319020.643, 60
Trd, 4319020.993, 63
Trd, 4319022.443, 60
Trd, 4319023.143, 77
Trd, 4319023.643, 90
Trd, 4319025.193, 68
Trd, 4319025.943, 73
Trd, 4319026.443, 61
Trd, 4319026.493, 110
Trd, 4319026.793, 116
Trd, 4319028.343, 114
Trd, 4319028.393, 112
Trd, 4319028.893, 138
Trd, 4319029.793, 61
Trd, 4319032.593, 71
Trd, 4319032.743, 68
Trd, 4319032.893, 68
Trd, 4319033.293, 65
Trd, 4319034.343, 82
Trd, 4319035.943, 62
Trd, 4319036.343, 62
Trd, 4319036.543, 62
Trd, 4319037.193, 111
Trd, 4319037.643, 109
Trd, 4319038.843, 85
Trd, 4319038.943, 84
Trd, 4319038.993, 82
Trd, 4319039.393, 131
Trd, 4319039.793, 140
Trd, 4319039.843, 120
Trd, 4319041.893, 64
Trd, 4319042.493, 108
Trd, 4319042.593, 106
Trd, 4319045.043, 60
Trd, 4319045.543, 66
Trd, 4319046.043, 61
Trd, 4319046.943, 66
Trd, 4319047.043, 70
Trd, 4319048.493, 63
Trd, 4319049.193, 60
Trd, 4319050.143, 80
Trd, 4319050.393, 62
Trd, 4319051.393, 64
Trd, 4319052.293, 65
Trd, 4319052.443, 66
Trd, 4319052.943, 85
Trd, 4319053.293, 73
Trd, 4319054.393, 82
Trd, 4319055.343, 81
Trd, 4319055.393, 102
Trd, 4319055.443, 78
Trd, 4319056.343, 89
Trd, 4319057.193, 132
Trd, 4319058.343, 140
Trd, 4319058.643, 132
Trd, 4319058.793, 130
Trd, 4319059.243, 89
Trd, 4319059.643, 62
Trd, 4319061.293, 140
Trd, 4319062.193, 118
Trd, 4319063.043, 138
Trd, 4319063.243, 128
Trd, 4319066.093, 61
Trd, 4319066.593, 60
Trd, 4319066.693, 66
Trd, 4319067.793, 61
Trd, 4319068.543, 138
Trd, 4319068.993, 130
Trd, 4319069.043, 129
Trd, 4319069.793, 118
Trd, 4319071.293, 89
Trd, 4319071.393, 86
Trd, 4319071.843, 91
Trd, 4319072.293, 79
Trd, 4319072.693, 78
Trd, 4319073.843, 74
Trd, 4319074.643, 75
Trd, 4319074.693, 67
Trd, 4319074.743, 81
Trd, 4319075.543, 107
Trd, 4319076.893, 73
Trd, 4319076.993, 106
Trd, 4319077.543, 62
Trd, 4319077.943, 64
Trd, 4319079.043, 60
Trd, 4319080.943, 67
Trd, 4319081.193, 70
Trd, 4319081.693, 64
Trd, 4319081.943, 78
Trd, 4319082.593, 130
Trd, 4319082.743, 121
Trd, 4319083.243, 120
Trd, 4319083.693, 63
Trd, 4319084.893, 63
Trd, 4319085.843, 65
Trd, 4319087.093, 65
Trd, 4319087.443, 66
Trd, 4319087.943, 66
Trd, 4319088.243, 70
Trd, 4319088.593, 60
Trd, 4319089.743, 97
Trd, 4319089.843, 97
Trd, 4319090.143, 112
Trd, 4319090.893, 140
Trd, 4319091.293, 120
Trd, 4319093.293, 60
Trd, 4319094.993, 68
Trd, 4319095.793, 79
Trd, 4319097.393, 70
Trd, 4319098.243, 61
Trd, 4319098.393, 69
Trd, 4319100.193, 64
Trd, 4319101.293, 62
Trd, 4319101.743, 61
Trd, 4319101.993, 68
Trd, 4319102.793, 66
Trd, 4319103.043, 63
Trd, 4319103.893, 64
Trd, 4319104.643, 62
Trd, 4319105.043, 65
Trd, 4319105.243, 108
Trd, 4319106.043, 62
Trd, 4319106.993, 112
Trd, 4319107.243, 68
Trd, 4319107.593, 102
Trd, 4319108.243, 75
Trd, 4319108.493, 74
Trd, 4319109.943, 63
Trd, 4319110.843, 66
Trd, 4319111.793, 67
Trd, 4319111.843, 93
Trd, 4319112.243, 81
Trd, 4319113.143, 74
Trd, 4319113.293, 71
Trd, 4319114.143, 107
Trd, 4319114.493, 106
Trd, 4319114.943, 105
Trd, 4319115.943, 92
Trd, 4319117.743, 105
Trd, 4319118.243, 79
Trd, 4319119.243, 71
Trd, 4319119.743, 76
Trd, 4319119.843, 78
Trd, 4319120.293, 100
Trd, 4319121.043, 77
Trd, 4319121.793, 140
Trd, 4319121.943, 94
Trd, 4319123.493, 78
Trd, 4319124.043, 90
Trd, 4319125.143, 102
Trd, 4319126.693, 103
Trd, 4319126.743, 102
Trd, 4319126.993, 100
Trd, 4319127.843, 96
Trd, 4319128.393, 85
Trd, 4319128.593, 64
Trd, 4319129.343, 70
Trd, 4319130.593, 81
Trd, 4319130.743, 81
Trd, 4319132.093, 91
Trd, 4319132.443, 134
Trd, 4319132.893, 129
Trd, 4319133.593, 101
Trd, 4319133.743, 87
Trd, 4319134.643, 90
Trd, 4319134.743, 81
Trd, 4319135.793, 60
Trd, 4319136.743, 62
Trd, 4319137.793, 70
Trd, 4319139.343, 76
Trd, 4319139.843, 65
Trd, 4319140.243, 64
Trd, 4319141.343, 62
Trd, 4319141.493, 71
Trd, 4319142.693, 74
Trd, 4319143.243, 96
Trd, 4319144.543, 74
Trd, 4319144.593, 93
Trd, 4319145.043, 101
Trd, 4319145.343, 74
Trd, 4319145.743, 62
Trd, 4319146.543, 63
Trd, 4319146.643, 69
Trd, 4319147.793, 104
Trd, 4319149.293, 81
Trd, 4319149.693, 66
Trd, 4319150.993, 60
Trd, 4319151.243, 105
Trd, 4319152.393, 64
Trd, 4319152.993, 97
Trd, 4319153.193, 66
Trd, 4319154.443, 65
Trd, 4319154.793, 63
Trd, 4319155.043, 64
Trd, 4319155.193, 106
Trd, 4319155.543, 82
Trd, 4319157.443, 73
Trd, 4319158.543, 61
Trd, 4319159.643, 61
Trd, 4319159.793, 91
Trd, 4319160.193, 62
Trd, 4319162.393, 67
Trd, 4319162.543, 66
Trd, 4319162.943, 61
Trd, 4319164.543, 70
Trd, 4319165.393, 68
Trd, 4319165.893, 68
Trd, 4319166.393, 73
Trd, 4319167.543, 60
Trd, 4319168.243, 66
Trd, 4319168.493, 62
Trd, 4319169.393, 67
Trd, 4319170.693, 67
Trd, 4319170.993, 65
Trd, 4319171.093, 64
Trd, 4319171.193, 75
Trd, 4319171.443, 89
Trd, 4319171.693, 119
Trd, 4319171.793, 66
Trd, 4319175.093, 60
Trd, 4319175.743, 66
Trd, 4319176.143, 64
Trd, 4319176.393, 67
Trd, 4319176.743, 71
Trd, 4319177.293, 92
Trd, 4319177.943, 98
Trd, 4319178.443, 102
Trd, 4319180.093, 86
Trd, 4319180.243, 80
Trd, 4319181.793, 70
Trd, 4319182.243, 78
Trd, 4319183.543, 89
Trd, 4319183.693, 107
Trd, 4319183.743, 85
Trd, 4319183.843, 128
Trd, 4319184.793, 60
Trd, 4319185.393, 77
Trd, 4319187.893, 60
Trd, 4319187.993, 61
Trd, 4319188.443, 62
Trd, 4319188.493, 62
Trd, 4319189.493, 85
Trd, 4319189.643, 80
Trd, 4319190.293, 76
Trd, 4319191.043, 71
Trd, 4319191.143, 70
Trd, 4319192.043, 140
Trd, 4319192.143, 128
Trd, 4319193.793, 138
Trd, 4319194.193, 131
Trd, 4319194.393, 71
Trd, 4319194.743, 70
Trd, 4319195.243, 69
Trd, 4319196.093, 64
Trd, 4319196.793, 139
Trd, 4319197.243, 140
Trd, 4319199.043, 111
Trd, 4319199.193, 106
Trd, 4319199.893, 99
Trd, 4319200.193, 96
Trd, 4319200.443, 69
Trd, 4319201.093, 76
Trd, 4319201.893, 86
Trd, 4319202.093, 116
Trd, 4319202.493, 68
Trd, 4319203.693, 85
Trd, 4319203.843, 88
Trd, 4319205.443, 66
Trd, 4319205.843, 90
Trd, 4319206.843, 62
Trd, 4319207.443, 69
Trd, 4319208.593, 127
Trd, 4319208.893, 125
Trd, 4319209.143, 123
Trd, 4319209.543, 118
Trd, 4319209.943, 100
Trd, 4319210.143, 97
Trd, 4319211.643, 78
Trd, 4319212.743, 60
Trd, 4319213.643, 60
Trd, 4319214.243, 61
Trd, 4319214.493, 82
Trd, 4319215.293, 116
Trd, 4319215.943, 64
Trd, 4319216.493, 61
Trd, 4319217.293, 67
Trd, 4319218.643, 140
Trd, 4319219.493, 139
Trd, 4319219.543, 133
Trd, 4319219.893, 124
Trd, 4319219.943, 118
Trd, 4319220.143, 74
Trd, 4319222.593, 92
Trd, 4319222.693, 82
Trd, 4319222.743, 81
Trd, 4319223.493, 106
Trd, 4319223.543, 80
Trd, 4319224.843, 89
Trd, 4319225.343, 84
Trd, 4319226.243, 76
Trd, 4319226.593, 77
Trd, 4319227.893, 74
Trd, 4319227.993, 69
Trd, 4319228.193, 66
Trd, 4319229.193, 109
Trd, 4319229.693, 84
Trd, 4319229.893, 70
Trd, 4319231.193, 91
Trd, 4319231.743, 77
Trd, 4319231.943, 93
Trd, 4319233.193, 81
Trd, 4319233.643, 86
Trd, 4319234.193, 81
Trd, 4319235.543, 83
Trd, 4319237.593, 105
Trd, 4319238.093, 100
Trd, 4319238.243, 120
Trd, 4319239.043, 137
Trd, 4319239.293, 100
Trd, 4319239.593, 99
Trd, 4319240.493, 89
Trd, 4319240.743, 86
Trd, 4319241.993, 120
Trd, 4319242.043, 105
Trd, 4319242.193, 94
Trd, 4319242.793, 72
Trd, 4319243.993, 128
Trd, 4319244.343, 100
Trd, 4319245.643, 134
Trd, 4319246.043, 109
Trd, 4319246.693, 106
Trd, 4319247.243, 103
Trd, 4319247.643, 100
Trd, 4319248.993, 137
Trd, 4319249.193, 89
Trd, 4319249.693, 139
Trd, 4319250.043, 87
Trd, 4319250.693, 140
Trd, 4319250.843, 131
Trd, 4319252.843, 75
Trd, 4319252.893, 69
Trd, 4319253.493, 61
Trd, 4319254.093, 140
Trd, 4319254.443, 98
Trd, 4319255.093, 75
Trd, 4319255.993, 103
Trd, 4319256.743, 98
Trd, 4319257.093, 101
Trd, 4319257.693, 107
Trd, 4319258.043, 98
Trd, 4319259.243, 139
Trd, 4319259.393, 125
Trd, 4319260.943, 94
Trd, 4319260.993, 93
Trd, 4319261.693, 97
Trd, 4319263.243, 81
Trd, 4319263.343, 109
Trd, 4319263.843, 93
Trd, 4319265.093, 92
Trd, 4319265.743, 89
Trd, 4319265.893, 82
Trd, 4319266.043, 81
Trd, 4319266.843, 140
Trd, 4319268.343, 137
Trd, 4319268.793, 133
Trd, 4319269.043, 140
Trd, 4319269.643, 135
Trd, 4319270.543, 133
Trd, 4319270.893, 124
Trd, 4319271.093, 120
Trd, 4319271.143, 104
Trd, 4319272.543, 132
Trd, 4319272.593, 124
Trd, 4319272.893, 117
Trd, 4319273.793, 121
Trd, 4319274.193, 114
Trd, 4319274.493, 119
Trd, 4319275.293, 61
Trd, 4319275.943, 60
Trd, 4319277.693, 63
Trd, 4319280.243, 60
Trd, 4319280.793, 60
Trd, 4319280.843, 64
Trd, 4319282.043, 69
Trd, 4319282.593, 63
Trd, 4319282.793, 62
Trd, 4319283.443, 72
Trd, 4319283.893, 65
Trd, 4319284.043, 74
Trd, 4319284.143, 77
Trd, 4319284.443, 81
Trd, 4319285.843, 66
Trd, 4319286.593, 66
Trd, 4319287.193, 61
Trd, 4319287.943, 60
Trd, 4319288.693, 62
Trd, 4319288.993, 62
Trd, 4319290.843, 64
Trd, 4319290.943, 69
Trd, 4319292.193, 74
Trd, 4319292.243, 87
Trd, 4319292.793, 65
Trd, 4319293.293, 87
Trd, 4319294.193, 140
Trd, 4319294.393, 101
Trd, 4319296.093, 97
Trd, 4319296.493, 92
Trd, 4319296.843, 86
Trd, 4319296.993, 99
Trd, 4319297.343, 84
Trd, 4319298.243, 136
Trd, 4319298.693, 105
Trd, 4319300.243, 140
Trd, 4319301.243, 125
Trd, 4319301.343, 119
Trd, 4319302.093, 112
Trd, 4319302.293, 111
Trd, 4319302.393, 112
Trd, 4319302.793, 113
Trd, 4319303.793, 131
Trd, 4319304.843, 107
Trd, 4319305.043, 84
Trd, 4319306.243, 139
Trd, 4319306.293, 127
Trd, 4319306.443, 116
Trd, 4319307.593, 115
Trd, 4319308.943, 120
Trd, 4319309.293, 115
Trd, 4319309.793, 110
Trd, 4319310.343, 106
Trd, 4319311.093, 131
Trd, 4319311.393, 139
Trd, 4319312.543, 98
Trd, 4319313.893, 81
Trd, 4319314.093, 80
Trd, 4319314.793, 70
Trd, 4319315.143, 125
Trd, 4319316.043, 98
Trd, 4319316.393, 95
Trd, 4319316.993, 100
Trd, 4319318.343, 140
Trd, 4319319.243, 90
Trd, 4319319.993, 80
Trd, 4319320.143, 79
Trd, 4319320.393, 77
Trd, 4319321.343, 78
Trd, 4319321.443, 114
Trd, 4319322.243, 62
Trd, 4319322.793, 67
Trd, 4319323.393, 66
Trd, 4319323.893, 140
Trd, 4319325.343, 139
Trd, 4319325.793, 93
Trd, 4319325.893, 78
Trd, 4319326.393, 70
Trd, 4319327.543, 91
Trd, 4319327.793, 89
Trd, 4319329.543, 87
Trd, 4319330.143, 84
Trd, 4319330.293, 81
Trd, 4319330.643, 83
Trd, 4319331.493, 131
Trd, 4319331.643, 102
Trd, 4319332.193, 92
Trd, 4319333.043, 85
Trd, 4319333.793, 85
Trd, 4319334.493, 88
Trd, 4319334.743, 139
Trd, 4319335.743, 82
Trd, 4319337.193, 87
Trd, 4319337.443, 84
Trd, 4319337.793, 99
Trd, 4319340.043, 97
Trd, 4319340.543, 107
Trd, 4319340.693, 118
Trd, 4319340.743, 104
Trd, 4319341.943, 96
Trd, 4319342.093, 95
Trd, 4319342.543, 62
Trd, 4319345.043, 60
Trd, 4319346.043, 67
Trd, 4319346.243, 61
Trd, 4319346.743, 73
Trd, 4319347.293, 66
Trd, 4319348.043, 69
Trd, 4319348.243, 79
Trd, 4319349.143, 68
Trd, 4319349.243, 66
Trd, 4319350.643, 61
Trd, 4319351.743, 60
Trd, 4319351.843, 61
Trd, 4319354.143, 68
Trd, 4319354.793, 65
Trd, 4319355.543, 63
Trd, 4319355.693, 77
Trd, 4319357.343, 61
Trd, 4319357.393, 62
Trd, 4319358.793, 68
Trd, 4319359.143, 70
Trd, 4319359.193, 77
Trd, 4319360.843, 60
Trd, 4319361.843, 62
Trd, 4319363.443, 60
Trd, 4319364.043, 62
Trd, 4319364.443, 69
Trd, 4319364.743, 61
Trd, 4319364.943, 64
Trd, 4319365.593, 71
Trd, 4319369.243, 60
Trd, 4319369.593, 60
Trd, 4319370.093, 61
Trd, 4319370.393, 61
Trd, 4319370.643, 61
Trd, 4319370.793, 64
Trd, 4319371.043, 90
Trd, 4319371.493, 70
Trd, 4319371.893, 95
Trd, 4319372.043, 70
Trd, 4319374.493, 75
Trd, 4319374.643, 72
Trd, 4319375.793, 102
Trd, 4319376.143, 102
Trd, 4319377.093, 99
Trd, 4319377.393, 137
Trd, 4319378.593, 105
Trd, 4319379.743, 116
Trd, 4319380.093, 135
Trd, 4319380.493, 114
Trd, 4319381.093, 98
Trd, 4319381.593, 133
Trd, 4319382.993, 140
Trd, 4319384.743, 139
Trd, 4319384.843, 135
Trd, 4319384.943, 134
Trd, 4319385.593, 127
Trd, 4319387.443, 112
Trd, 4319388.343, 140
Trd, 4319388.593, 134
Trd, 4319388.643, 132
Trd, 4319388.793, 115
Trd, 4319388.943, 94
Trd, 4319389.043, 81
Trd, 4319389.943, 72
Trd, 4319391.793, 140
Trd, 4319391.993, 139
Trd, 4319392.193, 134
Trd, 4319392.943, 92
Trd, 4319393.843, 87
Trd, 4319393.993, 66
Trd, 4319394.093, 83
Trd, 4319396.193, 101
Trd, 4319396.393, 85
Trd, 4319396.893, 84
Trd, 4319397.143, 79
Trd, 4319397.443, 103
Trd, 4319398.743, 117
Trd, 4319398.993, 103
Trd, 4319399.543, 96
Trd, 4319400.293, 90
Trd, 4319401.493, 118
Trd, 4319402.143, 139
Trd, 4319402.243, 111
Trd, 4319402.343, 108
Trd, 4319403.943, 90
Trd, 4319405.093, 90
Trd, 4319405.493, 84
Trd, 4319406.093, 86
Trd, 4319406.743, 62
Trd, 4319406.993, 66
Trd, 4319407.193, 81
Trd, 4319408.143, 115
Trd, 4319408.493, 74
Trd, 4319408.843, 74
Trd, 4319409.643, 83
Trd, 4319409.693, 82
Trd, 4319412.343, 60
Trd, 4319413.143, 66
Trd, 4319413.243, 102
Trd, 4319414.443, 63
Trd, 4319415.193, 60
Trd, 4319415.393, 60
Trd, 4319416.293, 65
Trd, 4319417.893, 133
Trd, 4319418.743, 107
Trd, 4319418.993, 107
Trd, 4319419.943, 116
Trd, 4319420.693, 67
Trd, 4319420.843, 76
Trd, 4319421.293, 128
Trd, 4319421.393, 86
Trd, 4319422.043, 86
Trd, 4319423.043, 140
Trd, 4319423.393, 134
Trd, 4319424.443, 123
Trd, 4319424.993, 115
Trd, 4319425.193, 108
Trd, 4319425.343, 107
Trd, 4319425.593, 140
Trd, 4319426.493, 90
Trd, 4319426.993, 91
Trd, 4319427.243, 109
Trd, 4319428.393, 81
Trd, 4319428.843, 101
Trd, 4319428.943, 94
Trd, 4319429.593, 84
Trd, 4319431.093, 91
Trd, 4319431.843, 89
Trd, 4319432.843, 82
Trd, 4319433.193, 81
Trd, 4319433.343, 77
Trd, 4319433.943, 140
Trd, 4319434.393, 62
Trd, 4319434.943, 65
Trd, 4319435.743, 62
Trd, 4319436.543, 71
Trd, 4319437.693, 79
Trd, 4319437.843, 88
Trd, 4319439.193, 104
Trd, 4319439.443, 101
Trd, 4319439.643, 100
Trd, 4319440.243, 85
Trd, 4319441.493, 90
Trd, 4319442.193, 90
Trd, 4319443.343, 81
Trd, 4319443.493, 80
Trd, 4319443.793, 73
Trd, 4319444.293, 62
Trd, 4319444.993, 96
Trd, 4319445.543, 62
Trd, 4319445.643, 68
Trd, 4319446.343, 76
Trd, 4319446.943, 92
Trd, 4319447.243, 86
Trd, 4319447.843, 85
Trd, 4319448.043, 84
Trd, 4319449.393, 101
Trd, 4319450.043, 78
Trd, 4319450.793, 117
Trd, 4319451.193, 99
Trd, 4319453.093, 73
Trd, 4319453.293, 63
Trd, 4319454.343, 92
Trd, 4319454.943, 138
Trd, 4319455.093, 102
Trd, 4319455.343, 99
Trd, 4319457.293, 103
Trd, 4319457.393, 102
Trd, 4319457.593, 99
Trd, 4319457.843, 132
Trd, 4319458.543, 66
Trd, 4319459.693, 70
Trd, 4319461.093, 68
Trd, 4319461.693, 99
Trd, 4319463.093, 61
Trd, 4319463.293, 64
Trd, 4319463.343, 69
Trd, 4319464.943, 65
Trd, 4319467.143, 60
Trd, 4319468.043, 60
Trd, 4319468.143, 61
Trd, 4319468.493, 63
Trd, 4319470.143, 60
Trd, 4319471.193, 92
Trd, 4319471.593, 103
Trd, 4319472.293, 72
Trd, 4319473.143, 68
Trd, 4319473.693, 93
Trd, 4319473.943, 71
Trd, 4319474.193, 70
Trd, 4319474.943, 67
Trd, 4319475.893, 126
Trd, 4319476.943, 69
Trd, 4319477.493, 71
Trd, 4319478.143, 74
Trd, 4319478.693, 69
Trd, 4319479.543, 134
Trd, 4319480.243, 129
Trd, 4319482.293, 140
Trd, 4319482.693, 140
Trd, 4319482.743, 140
Trd, 4319483.293, 134
Trd, 4319483.393, 128
Trd, 4319484.793, 132
Trd, 4319485.493, 122
Trd, 4319486.593, 113
Trd, 4319486.743, 111
Trd, 4319487.793, 78
Trd, 4319488.643, 95
Trd, 4319489.443, 78
Trd, 4319489.643, 72
Trd, 4319490.643, 69
Trd, 4319490.893, 67
Trd, 4319491.043, 68
Trd, 4319491.543, 65
Trd, 4319492.943, 83
Trd, 4319493.193, 75
Trd, 4319495.593, 61
Trd, 4319496.243, 68
Trd, 4319496.543, 70
Trd, 4319496.693, 75
Trd, 4319497.093, 67
Trd, 4319497.443, 94
Trd, 4319499.843, 67
Trd, 4319500.393, 83
Trd, 4319500.693, 96
Trd, 4319500.793, 83
Trd, 4319501.343, 83
Trd, 4319501.443, 82
Trd, 4319501.593, 89
Trd, 4319502.543, 82
Trd, 4319503.193, 100
Trd, 4319503.343, 94
Trd, 4319504.743, 60
Trd, 4319505.343, 66
Trd, 4319505.993, 67
Trd, 4319506.943, 72
Trd, 4319507.343, 75
Trd, 4319507.643, 70
Trd, 4319508.243, 77
Trd, 4319508.693, 78
Trd, 4319509.943, 60
Trd, 4319511.293, 123
Trd, 4319511.543, 120
Trd, 4319511.693, 119
Trd, 4319512.893, 76
Trd, 4319513.743, 84
Trd, 4319515.543, 67
Trd, 4319516.243, 76
Trd, 4319516.593, 83
Trd, 4319516.843, 102
Trd, 4319517.143, 68
Trd, 4319519.893, 140
Trd, 4319519.993, 140
Trd, 4319520.143, 140
Trd, 4319520.743, 135
Trd, 4319521.143, 122
Trd, 4319521.393, 114
Trd, 4319521.993, 106
Trd, 4319522.843, 140
Trd, 4319523.393, 67
Trd, 4319523.593, 77
Trd, 4319525.143, 63
Trd, 4319526.243, 125
Trd, 4319526.943, 86
Trd, 4319526.993, 82
Trd, 4319527.043, 73
Trd, 4319527.293, 71
Trd, 4319528.643, 76
Trd, 4319529.943, 85
Trd, 4319530.093, 68
Trd, 4319530.243, 60
Trd, 4319532.143, 67
Trd, 4319532.893, 140
Trd, 4319532.943, 136
Trd, 4319533.143, 134
Trd, 4319534.443, 62
Trd, 4319535.493, 67
Trd, 4319535.993, 139
Trd, 4319536.393, 126
Trd, 4319536.443, 109
Trd, 4319537.393, 66
Trd, 4319538.443, 113
Trd, 4319538.543, 87
Trd, 4319539.343, 87
Trd, 4319539.543, 93
Trd, 4319540.293, 87
Trd, 4319540.443, 84
Trd, 4319541.893, 60
Trd, 4319545.343, 61
Trd, 4319545.743, 62
Trd, 4319546.793, 61
Trd, 4319546.993, 61
Trd, 4319547.343, 76
Trd, 4319548.793, 66
Trd, 4319549.443, 88
Trd, 4319549.943, 74
Trd, 4319549.993, 102
Trd, 4319550.893, 64
Trd, 4319550.993, 69
Trd, 4319551.543, 70
Trd, 4319552.043, 72
Trd, 4319552.443, 86
Trd, 4319554.243, 119
Trd, 4319554.493, 80
Trd, 4319554.543, 69
Trd, 4319555.793, 104
Trd, 4319556.193, 139
Trd, 4319556.343, 131
Trd, 4319557.093, 112
Trd, 4319557.693, 111
Trd, 4319557.743, 116
Trd, 4319558.443, 111
Trd, 4319559.493, 140
Trd, 4319559.543, 134
Trd, 4319560.543, 100
Trd, 4319561.293, 98
Trd, 4319561.543, 97
Trd, 4319562.793, 108
Trd, 4319563.143, 95
Trd, 4319564.593, 103
Trd, 4319564.893, 102
Trd, 4319566.243, 92
Trd, 4319566.593, 91
Trd, 4319567.693, 140
Trd, 4319568.643, 135
Trd, 4319568.843, 108
Trd, 4319569.143, 101
Trd, 4319569.343, 100
Trd, 4319571.143, 97
Trd, 4319571.293, 94
Trd, 4319571.493, 102
Trd, 4319571.593, 78
Trd, 4319572.293, 99
Trd, 4319573.493, 84
Trd, 4319574.643, 63
Trd, 4319574.843, 63
Trd, 4319577.393, 61
Trd, 4319577.593, 64
Trd, 4319578.893, 78
Trd, 4319579.043, 107
Trd, 4319579.243, 106
Trd, 4319580.493, 65
Trd, 4319580.993, 62
Trd, 4319581.743, 62
Trd, 4319583.193, 61
Trd, 4319584.093, 60
Trd, 4319584.293, 60
Trd, 4319584.843, 62
Trd, 4319585.043, 74
Trd, 4319585.493, 60
Trd, 4319586.093, 115
Trd, 4319586.893, 62
Trd, 4319587.193, 68
Trd, 4319587.543, 79
Trd, 4319587.793, 77
Trd, 4319588.843, 61
Trd, 4319588.993, 87
Trd, 4319590.143, 125
Trd, 4319590.443, 65
Trd, 4319590.793, 66
Trd, 4319592.393, 137
Trd, 4319592.643, 127
Trd, 4319592.843, 115
Trd, 4319593.543, 91
Trd, 4319594.193, 140
Trd, 4319594.993, 140
Trd, 4319596.143, 140
Trd, 4319596.243, 96
Trd, 4319596.943, 102
Trd, 4319597.843, 87
Trd, 4319598.193, 86
Trd, 4319598.293, 84
Trd, 4319600.093, 62
Trd, 4319600.193, 67
Trd, 4319600.743, 60
Trd, 4319601.743, 60
Trd, 4319601.943, 61
Trd, 4319601.993, 68
Trd, 4319602.593, 70
Trd, 4319603.593, 83
Trd, 4319605.643, 74
Trd, 4319606.343, 95
Trd, 4319607.043, 134
Trd, 4319607.093, 129
Trd, 4319607.293, 78
Trd, 4319607.743, 70
Trd, 4319608.893, 91
Trd, 4319609.393, 88
Trd, 4319610.343, 92
Trd, 4319610.393, 88
Trd, 4319611.393, 84
Trd, 4319612.443, 104
Trd, 4319613.043, 99
Trd, 4319613.993, 140
Trd, 4319614.243, 140
Trd, 4319614.993, 140
Trd, 4319615.543, 140
Trd, 4319617.043, 139
Trd, 4319617.143, 129
Trd, 4319617.193, 122
Trd, 4319617.293, 114
Trd, 4319617.993, 123
Trd, 4319618.593, 117
Trd, 4319619.443, 117
Trd, 4319619.743, 97
Trd, 4319620.343, 140
Trd, 4319621.293, 74
Trd, 4319622.693, 74
Trd, 4319622.843, 76
Trd, 4319623.193, 86
Trd, 4319623.943, 117
Trd, 4319624.193, 75
Trd, 4319625.193, 85
Trd, 4319625.243, 74
Trd, 4319627.743, 100
Trd, 4319627.943, 75
Trd, 4319627.993, 74
Trd, 4319628.393, 78
Trd, 4319628.743, 74
Trd, 4319628.893, 113
Trd, 4319629.743, 74
Trd, 4319630.443, 73
Trd, 4319631.293, 139
Trd, 4319631.693, 74
Trd, 4319632.193, 135
Trd, 4319633.543, 97
Trd, 4319633.693, 94
Trd, 4319634.743, 81
Trd, 4319634.843, 77
Trd, 4319635.943, 87
Trd, 4319635.993, 84
Trd, 4319636.243, 82
Trd, 4319636.693, 88
Trd, 4319638.043, 132
Trd, 4319638.893, 65
Trd, 4319639.193, 80
Trd, 4319639.793, 71
Trd, 4319641.343, 63
Trd, 4319642.093, 64
Trd, 4319642.493, 61
Trd, 4319642.993, 62
Trd, 4319644.043, 67
Trd, 4319644.993, 66
Trd, 4319647.943, 61
Trd, 4319647.993, 62
Trd, 4319648.443, 65
Trd, 4319648.543, 73
Trd, 4319650.743, 61
Trd, 4319650.993, 72
Trd, 4319651.493, 62
Trd, 4319652.143, 70
Trd, 4319653.143, 69
Trd, 4319653.443, 61
Trd, 4319654.293, 71
Trd, 4319654.893, 78
Trd, 4319655.093, 75
Trd, 4319656.043, 68
Trd, 4319656.593, 82
Trd, 4319657.743, 84
Trd, 4319657.943, 75
Trd, 4319658.543, 119
Trd, 4319659.593, 83
Trd, 4319660.393, 84
Trd, 4319660.443, 81
Trd, 4319661.193, 80
Trd, 4319661.243, 78
Trd, 4319661.443, 78
Trd, 4319662.743, 96
Trd, 4319662.793, 76
Trd, 4319664.643, 107
Trd, 4319664.893, 106
Trd, 4319665.143, 105
Trd, 4319666.193, 101
Trd, 4319666.693, 106
Trd, 4319667.543, 100
Trd, 4319668.493, 106
Trd, 4319668.893, 98
Trd, 4319668.993, 96
Trd, 4319669.793, 96
Trd, 4319670.493, 111
Trd, 4319670.893, 93
Trd, 4319671.243, 99
Trd, 4319671.593, 86
Trd, 4319673.093, 83
Trd, 4319675.993, 122
Trd, 4319676.443, 104
Trd, 4319676.493, 102
Trd, 4319676.943, 89
Trd, 4319677.193, 93
Trd, 4319677.643, 84
Trd, 4319678.643, 62
Trd, 4319679.443, 60
Trd, 4319679.793, 134
Trd, 4319680.443, 140
Trd, 4319681.643, 119
Trd, 4319682.243, 97
Trd, 4319682.293, 96
Trd, 4319683.693, 91
Trd, 4319684.843, 94
Trd, 4319685.043, 94
Trd, 4319686.293, 138
Trd, 4319687.343, 107
Trd, 4319687.843, 100
Trd, 4319688.643, 95
Trd, 4319689.343, 89
Trd, 4319689.643, 109
Trd, 4319690.393, 91
Trd, 4319690.843, 86
Trd, 4319691.543, 107
Trd, 4319691.843, 83
Trd, 4319692.643, 82
Trd, 4319692.843, 63
Trd, 4319693.443, 130
Trd, 4319694.543, 61
Trd, 4319694.993, 61
Trd, 4319695.743, 66
Trd, 4319696.243, 62
Trd, 4319696.343, 61
Trd, 4319696.893, 94
Trd, 4319699.143, 76
Trd, 4319699.243, 71
Trd, 4319699.843, 132
Trd, 4319699.943, 131
Trd, 4319700.343, 70
Trd, 4319701.543, 69
Trd, 4319702.093, 117
Trd, 4319703.243, 69
Trd, 4319704.193, 62
Trd, 4319704.593, 67
Trd, 4319705.143, 77
Trd, 4319705.243, 61
Trd, 4319706.243, 99
Trd, 4319706.643, 74
Trd, 4319707.243, 79
Trd, 4319707.493, 92
Trd, 4319707.893, 87
Trd, 4319708.193, 83
Trd, 4319708.393, 116
Trd, 4319708.743, 80
Trd, 4319710.943, 80
Trd, 4319711.443, 94
Trd, 4319712.043, 75
Trd, 4319712.443, 124
Trd, 4319713.243, 136
Trd, 4319714.243, 75
Trd, 4319714.643, 73
Trd, 4319714.943, 121
Trd, 4319715.543, 72
Trd, 4319715.893, 91
Trd, 4319716.293, 68
Trd, 4319716.743, 62
Trd, 4319718.693, 73
Trd, 4319719.243, 83
Trd, 4319719.793, 72
Trd, 4319720.343, 72
Trd, 4319721.993, 97
Trd, 4319722.493, 139
Trd, 4319723.693, 121
Trd, 4319723.743, 120
Trd, 4319723.843, 119
Trd, 4319724.543, 131
Trd, 4319725.393, 130
Trd, 4319726.843, 88
Trd, 4319726.993, 76
Trd, 4319727.093, 98
Trd, 4319728.543, 110
Trd, 4319729.193, 70
Trd, 4319729.593, 78
Trd, 4319730.443, 79
Trd, 4319731.593, 71
Trd, 4319732.093, 60
Trd, 4319732.243, 60
Trd, 4319734.443, 62
Trd, 4319734.793, 63
Trd, 4319735.193, 61
Trd, 4319735.293, 63
Trd, 4319736.143, 61
Trd, 4319736.743, 76
Trd, 4319738.093, 61
Trd, 4319738.593, 83
Trd, 4319739.643, 77
Trd, 4319740.793, 61
Trd, 4319741.593, 74
Trd, 4319741.993, 76
Trd, 4319742.443, 140
Trd, 4319743.393, 121
Trd, 4319743.593, 121
Trd, 4319744.193, 95
Trd, 4319744.443, 93
Trd, 4319745.743, 135
Trd, 4319746.943, 119
Trd, 4319747.993, 105
Trd, 4319748.643, 140
Trd, 4319748.993, 98
Trd, 4319749.593, 70
Trd, 4319750.493, 70
Trd, 4319751.143, 62
Trd, 4319751.443, 67
Trd, 4319752.193, 64
Trd, 4319752.943, 60
Trd, 4319753.493, 60
Trd, 4319754.993, 75
Trd, 4319755.193, 62
Trd, 4319755.243, 98
Trd, 4319755.593, 60
Trd, 4319756.643, 79
Trd, 4319757.443, 73
Trd, 4319757.893, 80
Trd, 4319758.893, 119
Trd, 4319758.943, 81
Trd, 4319759.193, 111
Trd, 4319759.943, 72
Trd, 4319760.143, 67
Trd, 4319760.793, 72
Trd, 4319764.143, 60
Trd, 4319764.643, 60
Trd, 4319764.893, 61
Trd, 4319765.443, 67
Trd, 4319766.343, 71
Trd, 4319766.693, 67
Trd, 4319766.843, 77
Trd, 4319767.643, 73
Trd, 4319768.143, 139
Trd, 4319768.393, 138
Trd, 4319769.043, 64
Trd, 4319769.443, 67
Trd, 4319771.293, 112
Trd, 4319772.343, 113
Trd, 4319772.493, 98
Trd, 4319772.543, 96
Trd, 4319773.143, 108
Trd, 4319773.743, 125
Trd, 4319774.143, 114
Trd, 4319774.193, 102
Trd, 4319774.243, 98
Trd, 4319776.593, 61
Trd, 4319777.143, 77
Trd, 4319778.643, 60
Trd, 4319779.593, 118
Trd, 4319780.493, 90
Trd, 4319780.593, 87
Trd, 4319781.543, 91
Trd, 4319781.943, 80
Trd, 4319782.143, 79
Trd, 4319782.343, 75
Trd, 4319782.593, 74
Trd, 4319783.493, 109
Trd, 4319783.693, 108
Trd, 4319784.543, 63
Trd, 4319786.443, 66
Trd, 4319787.793, 64
Trd, 4319787.893, 64
Trd, 4319789.143, 63
Trd, 4319789.293, 66
Trd, 4319789.443, 61
Trd, 4319789.843, 68
Trd, 4319790.443, 61
Trd, 4319790.793, 63
Trd, 4319791.493, 101
Trd, 4319793.093, 140
Trd, 4319793.193, 139
Trd, 4319793.593, 62
Trd, 4319794.843, 122
Trd, 4319794.893, 110
Trd, 4319795.143, 115
Trd, 4319796.293, 102
Trd, 4319797.093, 101
Trd, 4319797.193, 99
Trd, 4319798.143, 106
Trd, 4319798.843, 103
Trd, 4319801.043, 111
Trd, 4319801.243, 115
Trd, 4319801.543, 112
Trd, 4319801.993, 107
Trd, 4319802.343, 101
Trd, 4319802.893, 96
Trd, 4319803.743, 63
Trd, 4319804.693, 63
Trd, 4319805.393, 85
Trd, 4319805.443, 84
Trd, 4319805.593, 92
Trd, 4319806.743, 119
Trd, 4319807.743, 139
Trd, 4319809.143, 110
Trd, 4319809.393, 117
Trd, 4319810.293, 111
Trd, 4319810.343, 108
Trd, 4319810.843, 115
Trd, 4319811.343, 108
Trd, 4319812.593, 95
Trd, 4319812.943, 82
Trd, 4319814.293, 69
Trd, 4319814.993, 109
Trd, 4319815.693, 66
Trd, 4319816.293, 70
Trd, 4319818.293, 85
Trd, 4319818.643, 92
Trd, 4319818.793, 85
Trd, 4319819.543, 75
Trd, 4319819.693, 74
Trd, 4319820.893, 77
Trd, 4319821.693, 80
Trd, 4319822.043, 100
Trd, 4319822.243, 79
Trd, 4319822.393, 85
Trd, 4319823.043, 102
Trd, 4319823.443, 105
Trd, 4319824.693, 103
Trd, 4319825.643, 140
Trd, 4319826.843, 139
Trd, 4319826.943, 128
Trd, 4319827.393, 127
Trd, 4319828.143, 118
Trd, 4319828.543, 118
Trd, 4319828.693, 117
Trd, 4319829.443, 114
Trd, 4319829.843, 137
Trd, 4319831.243, 95
Trd, 4319831.743, 128
Trd, 4319832.743, 96
Trd, 4319833.593, 80
Trd, 4319834.743, 65
Trd, 4319835.393, 111
Trd, 4319836.393, 125
Trd, 4319836.843, 123
Trd, 4319837.193, 118
Trd, 4319837.543, 137
Trd, 4319838.543, 118
Trd, 4319838.843, 110
Trd, 4319839.143, 81
Trd, 4319839.443, 76
Trd, 4319839.993, 138
Trd, 4319840.493, 120
Trd, 4319840.893, 91
Trd, 4319841.843, 91
Trd, 4319842.543, 130
Trd, 4319842.693, 139
Trd, 4319843.493, 109
Trd, 4319844.043, 108
Trd, 4319844.593, 104
Trd, 4319845.093, 101
Trd, 4319845.293, 100
Trd, 4319845.693, 99
Trd, 4319846.693, 140
Trd, 4319846.993, 114
Trd, 4319848.293, 127
Trd, 4319848.643, 140
Trd, 4319848.943, 123
Trd, 4319848.993, 115
Trd, 4319850.293, 75
Trd, 4319850.693, 76
Trd, 4319851.243, 76
Trd, 4319851.643, 74
Trd, 4319852.543, 78
Trd, 4319853.943, 114
Trd, 4319854.143, 99
Trd, 4319854.393, 67
Trd, 4319854.443, 65
Trd, 4319857.043, 64
Trd, 4319858.343, 68
Trd, 4319858.993, 72
Trd, 4319859.393, 78
Trd, 4319859.443, 67
Trd, 4319860.043, 78
Trd, 4319860.943, 140
Trd, 4319861.043, 140
Trd, 4319861.793, 128
Trd, 4319863.393, 105
Trd, 4319865.143, 137
Trd, 4319865.443, 137
Trd, 4319865.893, 118
Trd, 4319866.193, 137
Trd, 4319866.243, 117
Trd, 4319866.443, 105
Trd, 4319867.743, 61
Trd, 4319868.043, 61
Trd, 4319870.943, 63
Trd, 4319870.993, 63
Trd, 4319871.093, 79
Trd, 4319872.793, 71
Trd, 4319873.493, 60
Trd, 4319874.443, 61
Trd, 4319875.493, 60
Trd, 4319876.193, 66
Trd, 4319877.393, 60
Trd, 4319877.493, 60
Trd, 4319878.543, 61
Trd, 4319878.893, 64
Trd, 4319879.093, 62
Trd, 4319880.443, 112
Trd, 4319880.593, 80
Trd, 4319880.943, 76
Trd, 4319881.343, 74
Trd, 4319881.543, 72
Trd, 4319882.393, 60
Trd, 4319883.493, 73
Trd, 4319883.793, 66
Trd, 4319885.443, 69
Trd, 4319885.593, 64
Trd, 4319886.243, 108
Trd, 4319887.493, 79
Trd, 4319888.793, 66
Trd, 4319889.043, 63
Trd, 4319889.143, 61
Trd, 4319889.443, 73
Trd, 4319890.243, 86
Trd, 4319890.543, 97
Trd, 4319892.143, 84
Trd, 4319892.643, 83
Trd, 4319892.793, 79
Trd, 4319893.243, 73
Trd, 4319893.343, 70
Trd, 4319893.593, 64
Trd, 4319895.693, 123
Trd, 4319895.993, 104
Trd, 4319897.393, 123
Trd, 4319897.643, 103
Trd, 4319897.843, 94
Trd, 4319897.893, 92
Trd, 4319898.293, 93
Trd, 4319898.943, 74
Trd, 4319898.993, 65
Trd, 4319900.343, 140
Trd, 4319900.893, 140
Trd, 4319901.093, 140
Trd, 4319901.393, 125
Trd, 4319901.693, 120
Trd, 4319902.093, 65
Trd, 4319904.043, 60
Trd, 4319904.743, 65
Trd, 4319904.893, 99
Trd, 4319905.593, 73
Trd, 4319906.293, 75
Trd, 4319906.943, 73
Trd, 4319907.443, 62
Trd, 4319908.143, 64
Trd, 4319908.893, 82
Trd, 4319909.093, 79
Trd, 4319909.793, 136
Trd, 4319910.393, 127
Trd, 4319910.493, 126
Trd, 4319911.343, 121
Trd, 4319911.543, 119
Trd, 4319912.043, 113
Trd, 4319912.643, 138
Trd, 4319912.843, 86
Trd, 4319913.893, 140
Trd, 4319914.793, 94
Trd, 4319915.543, 91
Trd, 4319916.593, 91
Trd, 4319917.043, 131
Trd, 4319918.043, 140
Trd, 4319918.143, 124
Trd, 4319918.943, 123
Trd, 4319918.993, 110
Trd, 4319920.393, 86
Trd, 4319921.093, 82
Trd, 4319922.593, 133
Trd, 4319923.193, 137
Trd, 4319923.343, 108
Trd, 4319923.793, 139
Trd, 4319924.593, 105
Trd, 4319924.643, 92
Trd, 4319927.793, 60
Trd, 4319927.893, 63
Trd, 4319928.393, 64
Trd, 4319928.843, 62
Trd, 4319929.293, 84
Trd, 4319929.443, 85
Trd, 4319929.893, 62
Trd, 4319930.943, 93
Trd, 4319931.693, 65
Trd, 4319932.343, 61
Trd, 4319932.643, 63
Trd, 4319933.293, 65
Trd, 4319935.743, 90
Trd, 4319935.893, 88
Trd, 4319936.343, 92
Trd, 4319936.743, 84
Trd, 4319937.043, 81
Trd, 4319937.143, 100
Trd, 4319938.143, 85
Trd, 4319938.593, 82
Trd, 4319938.793, 65
Trd, 4319940.043, 63
Trd, 4319941.293, 61
Trd, 4319942.543, 63
Trd, 4319942.843, 67
Trd, 4319943.493, 130
Trd, 4319944.593, 123
Trd, 4319944.743, 122
Trd, 4319945.543, 107
Trd, 4319945.843, 106
Trd, 4319945.893, 100
Trd, 4319946.793, 98
Trd, 4319946.843, 92
Trd, 4319947.543, 140
Trd, 4319948.043, 140
Trd, 4319948.893, 137
Trd, 4319949.993, 61
Trd, 4319951.793, 72
Trd, 4319951.943, 67
Trd, 4319951.993, 73
Trd, 4319952.993, 140
Trd, 4319953.193, 140
Trd, 4319954.843, 123
Trd, 4319956.493, 122
Trd, 4319957.143, 140
Trd, 4319957.393, 128
Trd, 4319957.643, 110
Trd, 4319958.093, 105
Trd, 4319958.593, 65
Trd, 4319959.493, 120
Trd, 4319959.693, 111
Trd, 4319959.943, 89
Trd, 4319961.243, 62
Trd, 4319961.393, 69
Trd, 4319963.043, 63
Trd, 4319963.393, 67
Trd, 4319963.943, 62
Trd, 4319964.093, 67
Trd, 4319965.293, 74
Trd, 4319965.943, 62
Trd, 4319968.443, 66
Trd, 4319968.893, 67
Trd, 4319969.343, 66
Trd, 4319969.593, 64
Trd, 4319970.443, 67
Trd, 4319970.693, 61
Trd, 4319970.793, 119
Trd, 4319972.043, 98
Trd, 4319973.193, 140
Trd, 4319974.043, 130
Trd, 4319974.893, 123
Trd, 4319975.193, 114
Trd, 4319975.493, 111
Trd, 4319975.793, 109
Trd, 4319975.943, 97
Trd, 4319976.043, 88
Trd, 4319977.343, 89
Trd, 4319978.093, 126
Trd, 4319979.343, 121
Trd, 4319980.393, 140
Trd, 4319980.693, 132
Trd, 4319980.793, 122
Trd, 4319982.043, 132
Trd, 4319982.793, 127
Trd, 4319982.843, 117
Trd, 4319982.943, 116
Trd, 4319984.293, 116
Trd, 4319984.743, 118
Trd, 4319985.093, 112
Trd, 4319985.143, 120
Trd, 4319985.693, 105
Trd, 4319986.593, 108
Trd, 4319986.943, 104
Trd, 4319987.143, 100
Trd, 4319987.393, 105
Trd, 4319987.593, 96
Trd, 4319988.293, 139
Trd, 4319988.743, 127
Trd, 4319988.843, 125
Trd, 4319992.993, 60
Trd, 4319993.493, 60
Trd, 4319993.693, 68
Trd, 4319993.893, 79
Trd, 4319994.393, 63
Trd, 4319994.743, 84
Trd, 4319995.643, 82
Trd, 4319996.093, 68
Trd, 4319996.493, 85
Trd, 4319997.743, 73
Trd, 4319997.843, 93
Trd, 4319998.743, 120
Trd, 4319999.193, 70
Trd, 4319999.593, 73
