Trd, 4318078.493, 133
Trd, 4318078.743, 119
Trd, 4318078.943, 133
Trd, 4318079.543, 93
Trd, 4318081.793, 106
Trd, 4318082.693, 121
Trd, 4318085.093, 135
Trd, 4318085.693, 131
Trd, 4318085.943, 120
Trd, 4318086.493, 98
Trd, 4318087.093, 91
Trd, 4318087.443, 103
Trd, 4318087.693, 88
Trd, 4318090.293, 132
Trd, 4318091.393, 93
Trd, 4318091.793, 85
Trd, 4318091.993, 103
Trd, 4318092.493, 140
Trd, 4318092.793, 140
Trd, 4318094.593, 131
Trd, 4318095.093, 106
Trd, 4318095.543, 106
Trd, 4318097.493, 115
Trd, 4318098.643, 105
Trd, 4318098.943, 134
Trd, 4318099.093, 95
Trd, 4318099.293, 102
Trd, 4318100.093, 88
Trd, 4318100.443, 67
Trd, 4318100.643, 77
Trd, 4318101.293, 76
Trd, 4318102.693, 123
Trd, 4318103.193, 71
Trd, 4318103.543, 74
Trd, 4318103.793, 92
Trd, 4318106.343, 83
Trd, 4318108.093, 139
Trd, 4318108.543, 139
Trd, 4318108.943, 122
Trd, 4318110.493, 134
Trd, 4318110.893, 134
Trd, 4318112.343, 136
Trd, 4318112.643, 91
Trd, 4318112.993, 117
Trd, 4318114.293, 116
Trd, 4318116.143, 129
Trd, 4318116.693, 127
Trd, 4318116.793, 104
Trd, 4318117.493, 102
Trd, 4318118.393, 106
Trd, 4318118.593, 136
Trd, 4318118.793, 128
Trd, 4318120.543, 117
Trd, 4318121.343, 113
Trd, 4318121.443, 112
Trd, 4318123.293, 99
Trd, 4318124.343, 107
Trd, 4318124.593, 98
Trd, 4318124.943, 118
Trd, 4318125.643, 108
Trd, 4318127.393, 129
Trd, 4318127.693, 136
Trd, 4318128.143, 120
Trd, 4318128.793, 140
Trd, 4318128.993, 110
Trd, 4318130.093, 108
Trd, 4318131.143, 116
Trd, 4318132.743, 139
Trd, 4318133.393, 128
Trd, 4318134.193, 139
Trd, 4318134.443, 101
Trd, 4318136.743, 128
Trd, 4318137.643, 115
Trd, 4318139.593, 129
Trd, 4318139.843, 115
Trd, 4318140.593, 122
Trd, 4318140.693, 98
Trd, 4318142.043, 137
Trd, 4318143.193, 109
Trd, 4318143.293, 109
Trd, 4318143.393, 108
Trd, 4318145.493, 98
Trd, 4318145.593, 107
Trd, 4318146.993, 115
Trd, 4318147.343, 113
Trd, 4318147.793, 120
Trd, 4318148.443, 75
Trd, 4318149.443, 103
Trd, 4318149.593, 114
Trd, 4318149.843, 124
Trd, 4318150.793, 122
Trd, 4318151.693, 93
Trd, 4318152.243, 95
Trd, 4318152.693, 88
Trd, 4318153.093, 127
Trd, 4318154.293, 139
Trd, 4318154.443, 82
Trd, 4318154.643, 125
Trd, 4318155.093, 105
Trd, 4318157.193, 128
Trd, 4318157.893, 114
Trd, 4318158.193, 139
Trd, 4318158.793, 132
Trd, 4318159.193, 115
Trd, 4318160.593, 134
Trd, 4318161.393, 108
Trd, 4318161.543, 102
Trd, 4318161.893, 96
Trd, 4318162.443, 122
Trd, 4318162.993, 99
Trd, 4318163.443, 98
Trd, 4318164.793, 112
Trd, 4318165.943, 140
Trd, 4318166.443, 140
Trd, 4318166.743, 132
Trd, 4318166.993, 134
Trd, 4318168.193, 122
Trd, 4318168.293, 108
Trd, 4318170.193, 139
Trd, 4318171.943, 129
Trd, 4318173.643, 140
Trd, 4318175.243, 128
Trd, 4318175.443, 112
Trd, 4318175.943, 104
Trd, 4318177.243, 138
Trd, 4318178.893, 102
Trd, 4318179.193, 87
Trd, 4318179.793, 122
Trd, 4318179.943, 72
Trd, 4318181.143, 97
Trd, 4318182.543, 119
Trd, 4318182.743, 117
Trd, 4318182.993, 109
Trd, 4318184.393, 138
Trd, 4318184.843, 107
Trd, 4318185.893, 116
Trd, 4318187.993, 134
Trd, 4318188.443, 87
Trd, 4318188.693, 119
Trd, 4318190.293, 97
Trd, 4318190.493, 93
Trd, 4318190.843, 79
Trd, 4318192.343, 140
Trd, 4318193.293, 134
Trd, 4318193.493, 124
Trd, 4318194.693, 135
Trd, 4318194.843, 108
Trd, 4318196.443, 106
Trd, 4318197.343, 81
Trd, 4318198.243, 129
Trd, 4318198.743, 101
Trd, 4318199.193, 138
Trd, 4318201.393, 109
Trd, 4318202.043, 119
Trd, 4318202.993, 128
Trd, 4318203.243, 101
Trd, 4318203.893, 133
Trd, 4318204.243, 132
Trd, 4318205.093, 131
Trd, 4318205.143, 122
Trd, 4318205.593, 139
Trd, 4318206.493, 112
Trd, 4318207.243, 136
Trd, 4318208.393, 125
Trd, 4318208.493, 111
Trd, 4318208.843, 110
Trd, 4318209.093, 73
Trd, 4318210.343, 100
Trd, 4318210.393, 77
Trd, 4318213.793, 138
Trd, 4318213.993, 136
Trd, 4318214.193, 116
Trd, 4318214.293, 112
Trd, 4318214.943, 100
Trd, 4318215.593, 115
Trd, 4318215.893, 93
Trd, 4318216.893, 136
Trd, 4318218.193, 139
Trd, 4318218.543, 132
Trd, 4318220.743, 139
Trd, 4318221.343, 135
Trd, 4318222.293, 127
Trd, 4318223.543, 83
Trd, 4318223.593, 99
Trd, 4318223.743, 114
Trd, 4318224.893, 86
Trd, 4318226.493, 94
Trd, 4318226.693, 138
Trd, 4318227.143, 99
Trd, 4318228.693, 136
Trd, 4318228.993, 92
Trd, 4318229.193, 119
Trd, 4318229.593, 139
Trd, 4318230.643, 139
Trd, 4318230.893, 119
Trd, 4318232.143, 122
Trd, 4318233.043, 119
Trd, 4318233.093, 110
Trd, 4318234.393, 137
Trd, 4318234.493, 136
Trd, 4318236.143, 117
Trd, 4318236.343, 126
Trd, 4318237.993, 125
Trd, 4318239.343, 114
Trd, 4318239.793, 84
Trd, 4318240.243, 80
Trd, 4318240.543, 126
Trd, 4318241.843, 106
Trd, 4318242.593, 90
Trd, 4318242.693, 113
Trd, 4318243.693, 139
Trd, 4318243.743, 97
Trd, 4318244.393, 64
Trd, 4318245.493, 123
Trd, 4318245.643, 62
Trd, 4318246.693, 123
Trd, 4318246.943, 122
Trd, 4318247.443, 140
Trd, 4318247.793, 108
Trd, 4318249.193, 137
Trd, 4318249.743, 139
Trd, 4318249.793, 122
Trd, 4318249.843, 121
Trd, 4318250.493, 81
Trd, 4318251.793, 77
Trd, 4318252.693, 138
Trd, 4318254.143, 140
Trd, 4318254.293, 110
Trd, 4318254.443, 106
Trd, 4318256.443, 128
Trd, 4318256.743, 134
Trd, 4318257.643, 134
Trd, 4318258.993, 119
Trd, 4318260.143, 136
Trd, 4318261.043, 139
Trd, 4318262.093, 139
Trd, 4318262.643, 128
Trd, 4318265.093, 127
Trd, 4318265.443, 96
Trd, 4318266.293, 111
Trd, 4318267.993, 117
Trd, 4318268.093, 104
Trd, 4318268.593, 108
Trd, 4318269.693, 111
Trd, 4318270.743, 107
Trd, 4318270.943, 103
Trd, 4318271.443, 129
Trd, 4318274.593, 136
Trd, 4318274.693, 135
Trd, 4318275.493, 136
Trd, 4318275.543, 126
Trd, 4318275.993, 133
Trd, 4318276.593, 109
Trd, 4318277.493, 140
Trd, 4318277.543, 138
Trd, 4318278.593, 93
Trd, 4318279.643, 134
Trd, 4318280.543, 125
Trd, 4318281.093, 126
Trd, 4318281.443, 107
Trd, 4318282.193, 136
Trd, 4318282.693, 78
Trd, 4318284.493, 70
Trd, 4318285.243, 70
Trd, 4318286.693, 69
Trd, 4318287.393, 72
Trd, 4318287.993, 115
Trd, 4318288.143, 89
Trd, 4318288.443, 77
Trd, 4318290.343, 138
Trd, 4318290.943, 115
Trd, 4318291.743, 138
Trd, 4318291.843, 95
Trd, 4318292.843, 137
Trd, 4318292.993, 70
Trd, 4318293.493, 134
Trd, 4318294.343, 135
Trd, 4318295.643, 121
Trd, 4318298.393, 124
Trd, 4318298.793, 113
Trd, 4318299.343, 119
Trd, 4318300.443, 129
Trd, 4318300.543, 108
Trd, 4318301.543, 102
Trd, 4318301.793, 119
Trd, 4318302.043, 94
Trd, 4318305.043, 138
Trd, 4318305.143, 128
Trd, 4318305.343, 106
Trd, 4318305.743, 114
Trd, 4318306.743, 134
Trd, 4318308.343, 130
Trd, 4318308.943, 130
Trd, 4318309.893, 122
Trd, 4318310.193, 118
Trd, 4318310.543, 117
Trd, 4318311.543, 68
Trd, 4318312.493, 105
Trd, 4318313.793, 84
Trd, 4318314.143, 87
Trd, 4318314.843, 134
Trd, 4318315.743, 104
Trd, 4318316.393, 85
Trd, 4318316.693, 130
Trd, 4318318.243, 132
Trd, 4318321.443, 100
Trd, 4318321.593, 84
Trd, 4318322.043, 136
Trd, 4318322.893, 128
Trd, 4318323.043, 140
Trd, 4318323.593, 101
Trd, 4318323.793, 100
Trd, 4318325.743, 134
Trd, 4318326.543, 86
Trd, 4318326.643, 77
Trd, 4318326.943, 136
Trd, 4318327.343, 135
Trd, 4318328.243, 99
Trd, 4318331.993, 126
Trd, 4318332.243, 140
Trd, 4318332.593, 125
Trd, 4318332.643, 124
Trd, 4318332.993, 126
Trd, 4318334.143, 136
Trd, 4318334.493, 134
Trd, 4318335.093, 118
Trd, 4318335.593, 118
Trd, 4318335.893, 114
Trd, 4318336.843, 140
Trd, 4318337.043, 115
Trd, 4318337.693, 91
Trd, 4318337.993, 65
Trd, 4318338.343, 124
Trd, 4318339.343, 89
Trd, 4318340.693, 129
Trd, 4318341.293, 131
Trd, 4318342.043, 121
Trd, 4318342.493, 117
Trd, 4318343.893, 80
Trd, 4318343.943, 69
Trd, 4318344.693, 98
Trd, 4318345.993, 136
Trd, 4318346.393, 98
Trd, 4318348.093, 123
Trd, 4318348.143, 122
Trd, 4318349.393, 100
Trd, 4318349.743, 124
Trd, 4318350.093, 117
Trd, 4318351.443, 103
Trd, 4318352.143, 106
Trd, 4318352.893, 128
Trd, 4318353.993, 130
Trd, 4318355.193, 140
Trd, 4318355.793, 140
Trd, 4318356.243, 136
Trd, 4318358.143, 136
Trd, 4318358.993, 122
Trd, 4318360.243, 126
Trd, 4318360.293, 119
Trd, 4318360.393, 106
Trd, 4318360.993, 118
Trd, 4318361.643, 112
Trd, 4318362.743, 127
Trd, 4318363.043, 84
Trd, 4318363.643, 107
Trd, 4318363.993, 81
Trd, 4318364.443, 75
Trd, 4318365.793, 135
Trd, 4318367.593, 125
Trd, 4318369.393, 133
Trd, 4318369.543, 126
Trd, 4318370.443, 138
Trd, 4318370.593, 139
Trd, 4318371.093, 137
Trd, 4318372.793, 138
Trd, 4318372.943, 134
Trd, 4318373.643, 138
Trd, 4318374.143, 123
Trd, 4318374.593, 134
Trd, 4318375.393, 122
Trd, 4318376.443, 104
Trd, 4318377.543, 138
Trd, 4318377.843, 127
Trd, 4318378.593, 123
Trd, 4318378.943, 116
Trd, 4318379.043, 115
Trd, 4318380.093, 134
Trd, 4318380.893, 124
Trd, 4318381.693, 114
Trd, 4318382.243, 132
Trd, 4318383.343, 137
Trd, 4318383.393, 111
Trd, 4318384.743, 77
Trd, 4318385.343, 105
Trd, 4318386.093, 74
Trd, 4318387.193, 77
Trd, 4318387.693, 130
Trd, 4318388.943, 126
Trd, 4318389.043, 110
Trd, 4318389.493, 102
Trd, 4318390.293, 140
Trd, 4318390.343, 132
Trd, 4318391.793, 101
Trd, 4318392.343, 135
Trd, 4318392.643, 135
Trd, 4318393.993, 128
Trd, 4318395.343, 117
Trd, 4318395.693, 113
Trd, 4318397.193, 136
Trd, 4318398.593, 116
Trd, 4318399.643, 140
Trd, 4318399.843, 135
Trd, 4318399.993, 99
Trd, 4318400.343, 102
Trd, 4318402.993, 114
Trd, 4318404.743, 104
Trd, 4318405.593, 125
Trd, 4318405.793, 123
Trd, 4318406.943, 120
Trd, 4318407.943, 123
Trd, 4318408.293, 139
Trd, 4318408.993, 110
Trd, 4318409.443, 93
Trd, 4318411.193, 92
Trd, 4318411.393, 92
Trd, 4318412.593, 97
Trd, 4318412.893, 140
Trd, 4318413.793, 99
Trd, 4318415.293, 126
Trd, 4318416.543, 89
Trd, 4318417.743, 125
Trd, 4318417.993, 121
Trd, 4318418.243, 139
Trd, 4318418.693, 140
Trd, 4318419.943, 138
Trd, 4318420.043, 137
Trd, 4318420.893, 120
Trd, 4318420.993, 108
Trd, 4318421.993, 91
Trd, 4318422.393, 88
Trd, 4318423.343, 106
Trd, 4318423.643, 79
Trd, 4318424.793, 139
Trd, 4318425.843, 131
Trd, 4318426.243, 136
Trd, 4318427.043, 83
Trd, 4318427.443, 84
Trd, 4318429.393, 137
Trd, 4318430.193, 128
Trd, 4318431.443, 101
Trd, 4318432.043, 101
Trd, 4318432.093, 134
Trd, 4318433.943, 109
Trd, 4318435.693, 136
Trd, 4318436.193, 129
Trd, 4318437.143, 131
Trd, 4318437.793, 135
Trd, 4318438.393, 99
Trd, 4318439.493, 126
Trd, 4318439.843, 117
Trd, 4318440.343, 117
Trd, 4318440.643, 131
Trd, 4318440.943, 112
Trd, 4318442.143, 116
Trd, 4318443.193, 71
Trd, 4318444.643, 138
Trd, 4318445.343, 119
Trd, 4318446.593, 133
Trd, 4318446.793, 125
Trd, 4318448.193, 95
Trd, 4318448.643, 127
Trd, 4318449.843, 128
Trd, 4318450.743, 124
Trd, 4318450.893, 115
Trd, 4318451.243, 108
Trd, 4318452.293, 134
Trd, 4318452.593, 123
Trd, 4318453.593, 139
Trd, 4318453.693, 138
Trd, 4318453.743, 123
Trd, 4318453.943, 102
Trd, 4318455.393, 138
Trd, 4318456.793, 92
Trd, 4318456.893, 137
Trd, 4318458.093, 91
Trd, 4318459.493, 115
Trd, 4318460.393, 129
Trd, 4318461.393, 128
Trd, 4318462.393, 94
Trd, 4318463.243, 114
Trd, 4318464.293, 127
Trd, 4318464.793, 105
Trd, 4318465.193, 103
Trd, 4318466.343, 117
Trd, 4318468.293, 131
Trd, 4318469.143, 111
Trd, 4318469.343, 104
Trd, 4318470.543, 140
Trd, 4318470.793, 108
Trd, 4318471.293, 140
Trd, 4318471.793, 68
Trd, 4318472.393, 84
Trd, 4318473.343, 81
Trd, 4318473.393, 129
Trd, 4318473.793, 111
Trd, 4318474.093, 105
Trd, 4318475.093, 70
Trd, 4318475.393, 96
Trd, 4318475.593, 83
Trd, 4318477.843, 88
Trd, 4318478.193, 117
Trd, 4318478.393, 98
Trd, 4318479.593, 139
Trd, 4318479.743, 137
Trd, 4318480.793, 126
Trd, 4318481.193, 70
Trd, 4318482.143, 70
Trd, 4318482.693, 65
Trd, 4318482.993, 74
Trd, 4318484.493, 115
Trd, 4318484.643, 112
Trd, 4318485.643, 125
Trd, 4318486.043, 120
Trd, 4318486.293, 108
Trd, 4318486.793, 101
Trd, 4318489.043, 115
Trd, 4318489.193, 102
Trd, 4318490.543, 106
Trd, 4318491.493, 136
Trd, 4318493.343, 120
Trd, 4318493.443, 119
Trd, 4318493.693, 140
Trd, 4318493.793, 110
Trd, 4318494.293, 104
Trd, 4318494.843, 71
Trd, 4318495.843, 99
Trd, 4318495.993, 93
Trd, 4318497.843, 117
Trd, 4318497.893, 112
Trd, 4318499.143, 100
Trd, 4318499.493, 138
Trd, 4318500.743, 91
Trd, 4318501.143, 138
Trd, 4318503.443, 131
Trd, 4318504.443, 135
Trd, 4318504.693, 115
Trd, 4318504.943, 113
Trd, 4318505.093, 139
Trd, 4318505.393, 68
Trd, 4318505.643, 89
Trd, 4318507.443, 101
Trd, 4318510.643, 120
Trd, 4318511.043, 138
Trd, 4318511.393, 115
Trd, 4318511.943, 109
Trd, 4318512.243, 111
Trd, 4318512.543, 107
Trd, 4318513.743, 138
Trd, 4318514.393, 124
Trd, 4318516.243, 103
Trd, 4318516.343, 98
Trd, 4318516.593, 107
Trd, 4318516.843, 140
Trd, 4318518.243, 140
Trd, 4318519.143, 138
Trd, 4318519.693, 140
Trd, 4318520.743, 132
Trd, 4318521.393, 94
Trd, 4318523.343, 71
Trd, 4318523.443, 113
Trd, 4318523.943, 78
Trd, 4318524.143, 108
Trd, 4318525.843, 139
Trd, 4318526.643, 86
Trd, 4318527.093, 74
Trd, 4318527.743, 125
Trd, 4318527.943, 137
Trd, 4318528.493, 129
Trd, 4318528.543, 94
Trd, 4318530.543, 111
Trd, 4318531.243, 100
Trd, 4318532.143, 108
Trd, 4318532.693, 125
Trd, 4318532.993, 116
Trd, 4318533.593, 127
Trd, 4318534.193, 108
Trd, 4318534.793, 80
Trd, 4318537.043, 121
Trd, 4318537.543, 119
Trd, 4318538.443, 89
Trd, 4318538.643, 89
Trd, 4318538.693, 132
Trd, 4318541.393, 118
Trd, 4318541.793, 95
Trd, 4318542.393, 133
Trd, 4318542.593, 131
Trd, 4318542.843, 127
Trd, 4318543.293, 114
Trd, 4318543.843, 122
Trd, 4318545.043, 139
Trd, 4318545.093, 136
Trd, 4318545.693, 76
Trd, 4318547.093, 118
Trd, 4318547.293, 113
Trd, 4318547.693, 102
Trd, 4318547.843, 101
Trd, 4318548.243, 120
Trd, 4318548.793, 138
Trd, 4318550.343, 82
Trd, 4318551.443, 110
Trd, 4318551.993, 130
Trd, 4318552.693, 113
Trd, 4318552.743, 112
Trd, 4318554.193, 135
Trd, 4318554.643, 134
Trd, 4318555.143, 128
Trd, 4318555.793, 106
Trd, 4318556.193, 89
Trd, 4318556.493, 98
Trd, 4318556.593, 100
Trd, 4318557.743, 103
Trd, 4318558.793, 124
Trd, 4318560.593, 122
Trd, 4318561.043, 121
Trd, 4318562.493, 98
Trd, 4318564.043, 123
Trd, 4318566.143, 128
Trd, 4318566.943, 129
Trd, 4318567.243, 128
Trd, 4318567.593, 127
Trd, 4318568.243, 125
Trd, 4318569.293, 121
Trd, 4318571.243, 98
Trd, 4318571.493, 93
Trd, 4318572.643, 115
Trd, 4318572.743, 121
Trd, 4318574.343, 104
Trd, 4318575.093, 123
Trd, 4318575.443, 92
Trd, 4318575.793, 79
Trd, 4318575.993, 123
Trd, 4318578.243, 128
Trd, 4318579.743, 127
Trd, 4318580.393, 103
Trd, 4318580.993, 101
Trd, 4318581.343, 104
Trd, 4318582.143, 140
Trd, 4318582.593, 139
Trd, 4318582.993, 132
Trd, 4318583.793, 99
Trd, 4318584.143, 133
Trd, 4318584.643, 83
Trd, 4318585.443, 121
Trd, 4318585.693, 79
Trd, 4318586.093, 63
Trd, 4318586.593, 91
Trd, 4318587.343, 140
Trd, 4318587.743, 134
Trd, 4318589.343, 139
Trd, 4318590.043, 92
Trd, 4318590.443, 86
Trd, 4318591.043, 70
Trd, 4318591.493, 79
Trd, 4318591.743, 79
Trd, 4318593.193, 119
Trd, 4318594.343, 123
Trd, 4318594.393, 122
Trd, 4318595.093, 136
Trd, 4318595.643, 122
Trd, 4318597.443, 131
Trd, 4318598.193, 140
Trd, 4318598.293, 117
Trd, 4318598.443, 114
Trd, 4318599.243, 104
Trd, 4318601.493, 128
Trd, 4318602.293, 131
Trd, 4318602.343, 106
Trd, 4318602.493, 132
Trd, 4318602.543, 79
Trd, 4318605.443, 123
Trd, 4318605.693, 133
Trd, 4318605.893, 121
Trd, 4318605.943, 106
Trd, 4318606.743, 81
Trd, 4318608.043, 101
Trd, 4318608.193, 92
Trd, 4318609.843, 138
Trd, 4318611.193, 86
Trd, 4318611.443, 72
Trd, 4318612.593, 104
Trd, 4318613.193, 126
Trd, 4318614.493, 128
Trd, 4318614.743, 127
Trd, 4318617.543, 133
Trd, 4318618.843, 138
Trd, 4318618.993, 125
Trd, 4318621.193, 138
Trd, 4318621.343, 113
Trd, 4318623.143, 127
Trd, 4318623.393, 140
Trd, 4318623.643, 107
Trd, 4318624.643, 101
Trd, 4318625.593, 92
Trd, 4318626.343, 137
Trd, 4318627.343, 103
Trd, 4318627.543, 112
Trd, 4318627.793, 116
Trd, 4318630.093, 133
Trd, 4318631.493, 79
Trd, 4318632.293, 119
Trd, 4318633.943, 132
Trd, 4318634.593, 113
Trd, 4318634.993, 105
Trd, 4318636.443, 109
Trd, 4318636.493, 106
Trd, 4318638.143, 125
Trd, 4318639.043, 139
Trd, 4318639.943, 109
Trd, 4318641.543, 138
Trd, 4318642.893, 115
Trd, 4318643.293, 125
Trd, 4318643.543, 93
Trd, 4318644.443, 89
Trd, 4318644.793, 116
Trd, 4318645.293, 106
Trd, 4318646.593, 137
Trd, 4318647.993, 87
Trd, 4318649.143, 126
Trd, 4318650.993, 126
Trd, 4318651.143, 117
Trd, 4318651.243, 116
Trd, 4318652.193, 112
Trd, 4318654.693, 99
Trd, 4318654.943, 122
Trd, 4318655.043, 110
Trd, 4318655.193, 139
Trd, 4318655.543, 109
Trd, 4318656.843, 128
Trd, 4318656.993, 120
Trd, 4318657.493, 70
Trd, 4318657.993, 83
Trd, 4318658.343, 95
Trd, 4318659.093, 139
Trd, 4318659.793, 126
Trd, 4318660.593, 113
Trd, 4318663.143, 137
Trd, 4318664.743, 139
Trd, 4318665.293, 133
Trd, 4318665.443, 131
Trd, 4318665.993, 140
Trd, 4318667.093, 121
Trd, 4318667.643, 112
Trd, 4318668.093, 138
Trd, 4318668.393, 129
Trd, 4318668.993, 100
Trd, 4318669.893, 119
Trd, 4318671.443, 123
Trd, 4318672.393, 116
Trd, 4318672.493, 115
Trd, 4318672.643, 90
Trd, 4318673.693, 111
Trd, 4318674.693, 116
Trd, 4318675.793, 75
Trd, 4318676.293, 140
Trd, 4318677.243, 103
Trd, 4318678.543, 122
Trd, 4318679.593, 97
Trd, 4318680.643, 136
Trd, 4318681.343, 119
Trd, 4318681.543, 81
Trd, 4318681.743, 131
Trd, 4318682.193, 121
Trd, 4318682.793, 105
Trd, 4318683.093, 135
Trd, 4318683.893, 135
Trd, 4318684.993, 136
Trd, 4318685.643, 108
Trd, 4318685.943, 103
Trd, 4318686.643, 127
Trd, 4318688.043, 139
Trd, 4318688.543, 136
Trd, 4318688.843, 120
Trd, 4318689.593, 74
Trd, 4318691.143, 104
Trd, 4318691.343, 96
Trd, 4318691.493, 72
Trd, 4318692.493, 140
Trd, 4318693.443, 132
Trd, 4318694.143, 138
Trd, 4318694.393, 122
Trd, 4318695.743, 118
Trd, 4318696.993, 119
Trd, 4318697.743, 89
Trd, 4318698.493, 130
Trd, 4318699.893, 103
Trd, 4318700.393, 106
Trd, 4318700.943, 123
Trd, 4318701.693, 126
Trd, 4318701.943, 95
Trd, 4318703.893, 135
Trd, 4318704.193, 131
Trd, 4318704.393, 130
Trd, 4318704.593, 134
Trd, 4318705.943, 104
Trd, 4318706.743, 136
Trd, 4318706.993, 108
Trd, 4318708.393, 129
Trd, 4318709.643, 101
Trd, 4318710.243, 107
Trd, 4318710.343, 132
Trd, 4318710.593, 102
Trd, 4318711.143, 137
Trd, 4318711.543, 122
Trd, 4318712.043, 113
Trd, 4318713.293, 117
Trd, 4318713.393, 117
Trd, 4318714.893, 135
Trd, 4318715.043, 111
Trd, 4318716.293, 127
Trd, 4318717.743, 139
Trd, 4318718.793, 137
Trd, 4318718.943, 125
Trd, 4318719.393, 122
Trd, 4318721.543, 111
Trd, 4318721.793, 99
Trd, 4318722.543, 93
Trd, 4318723.043, 136
Trd, 4318723.993, 133
Trd, 4318724.893, 124
Trd, 4318725.443, 134
Trd, 4318726.093, 134
Trd, 4318726.793, 140
Trd, 4318727.443, 140
Trd, 4318728.343, 113
Trd, 4318729.843, 125
Trd, 4318730.693, 109
Trd, 4318730.793, 99
Trd, 4318732.893, 78
Trd, 4318732.943, 84
Trd, 4318733.143, 132
Trd, 4318733.693, 116
Trd, 4318735.343, 105
Trd, 4318735.593, 117
Trd, 4318737.143, 65
Trd, 4318738.443, 72
Trd, 4318738.593, 80
Trd, 4318740.193, 118
Trd, 4318741.943, 114
Trd, 4318742.343, 130
Trd, 4318742.793, 133
Trd, 4318742.993, 106
Trd, 4318745.143, 110
Trd, 4318745.493, 106
Trd, 4318746.593, 136
Trd, 4318746.693, 110
Trd, 4318747.193, 84
Trd, 4318747.393, 128
Trd, 4318749.643, 110
Trd, 4318749.843, 111
Trd, 4318750.143, 99
Trd, 4318751.943, 116
Trd, 4318752.143, 121
Trd, 4318753.493, 140
Trd, 4318753.543, 137
Trd, 4318755.293, 119
Trd, 4318756.243, 93
Trd, 4318756.443, 134
Trd, 4318758.793, 127
Trd, 4318759.243, 127
Trd, 4318760.393, 135
Trd, 4318760.643, 109
Trd, 4318760.943, 105
Trd, 4318761.893, 105
Trd, 4318762.193, 124
Trd, 4318763.193, 87
Trd, 4318765.043, 116
Trd, 4318765.643, 116
Trd, 4318766.793, 116
Trd, 4318767.443, 112
Trd, 4318767.593, 99
Trd, 4318768.293, 90
Trd, 4318768.893, 60
Trd, 4318769.693, 89
Trd, 4318769.993, 112
Trd, 4318770.693, 128
Trd, 4318771.393, 130
Trd, 4318771.693, 109
Trd, 4318771.943, 108
Trd, 4318772.593, 111
Trd, 4318773.243, 77
Trd, 4318773.993, 119
Trd, 4318774.793, 139
Trd, 4318774.843, 91
Trd, 4318776.443, 104
Trd, 4318777.193, 96
Trd, 4318777.793, 139
Trd, 4318779.243, 96
Trd, 4318780.243, 127
Trd, 4318781.093, 127
Trd, 4318781.493, 97
Trd, 4318781.893, 90
Trd, 4318782.393, 82
Trd, 4318783.193, 129
Trd, 4318784.843, 127
Trd, 4318785.543, 108
Trd, 4318786.193, 122
Trd, 4318787.343, 107
Trd, 4318788.243, 139
Trd, 4318788.693, 116
Trd, 4318790.243, 87
Trd, 4318792.393, 130
Trd, 4318792.443, 129
Trd, 4318792.943, 136
Trd, 4318795.043, 131
Trd, 4318795.243, 118
Trd, 4318795.993, 113
Trd, 4318796.243, 89
Trd, 4318797.593, 87
Trd, 4318798.493, 91
Trd, 4318798.593, 119
Trd, 4318799.493, 119
Trd, 4318801.393, 111
Trd, 4318801.593, 118
Trd, 4318801.993, 98
Trd, 4318802.043, 95
Trd, 4318802.093, 87
Trd, 4318803.343, 111
Trd, 4318803.543, 119
Trd, 4318804.093, 120
Trd, 4318806.093, 91
Trd, 4318806.743, 128
Trd, 4318807.043, 113
Trd, 4318807.143, 112
Trd, 4318808.143, 107
Trd, 4318808.743, 83
Trd, 4318809.843, 76
Trd, 4318810.593, 104
Trd, 4318811.243, 133
Trd, 4318811.943, 102
Trd, 4318812.743, 113
Trd, 4318814.043, 126
Trd, 4318814.893, 139
Trd, 4318815.493, 109
Trd, 4318816.693, 89
Trd, 4318816.743, 103
Trd, 4318817.993, 105
Trd, 4318818.843, 137
Trd, 4318820.343, 133
Trd, 4318821.193, 124
Trd, 4318821.243, 105
Trd, 4318823.193, 127
Trd, 4318824.193, 132
Trd, 4318824.493, 124
Trd, 4318824.693, 116
Trd, 4318825.443, 125
Trd, 4318825.543, 103
Trd, 4318825.743, 106
Trd, 4318826.093, 106
Trd, 4318826.643, 104
Trd, 4318828.943, 135
Trd, 4318829.143, 110
Trd, 4318829.793, 125
Trd, 4318830.243, 134
Trd, 4318830.943, 134
Trd, 4318831.993, 107
Trd, 4318833.443, 107
Trd, 4318834.343, 126
Trd, 4318835.493, 123
Trd, 4318835.593, 120
Trd, 4318836.393, 95
Trd, 4318837.293, 140
Trd, 4318838.493, 137
Trd, 4318838.793, 123
Trd, 4318840.543, 133
Trd, 4318841.393, 116
Trd, 4318841.693, 121
Trd, 4318843.243, 116
Trd, 4318843.543, 129
Trd, 4318844.493, 135
Trd, 4318845.393, 137
Trd, 4318845.843, 130
Trd, 4318846.043, 88
Trd, 4318846.193, 135
Trd, 4318846.793, 83
Trd, 4318846.993, 90
Trd, 4318847.843, 127
Trd, 4318850.143, 89
Trd, 4318850.243, 75
Trd, 4318852.593, 138
Trd, 4318853.643, 118
Trd, 4318853.893, 116
Trd, 4318854.943, 131
Trd, 4318854.993, 116
Trd, 4318855.743, 104
Trd, 4318856.493, 132
Trd, 4318856.893, 65
Trd, 4318857.443, 98
Trd, 4318858.493, 127
Trd, 4318862.143, 139
Trd, 4318862.343, 119
Trd, 4318862.893, 120
Trd, 4318863.843, 127
Trd, 4318864.793, 106
Trd, 4318865.193, 87
Trd, 4318867.093, 134
Trd, 4318867.593, 93
Trd, 4318868.593, 120
Trd, 4318868.693, 102
Trd, 4318869.343, 103
Trd, 4318869.493, 105
Trd, 4318870.393, 133
Trd, 4318870.693, 101
Trd, 4318871.343, 83
Trd, 4318872.393, 115
Trd, 4318873.793, 118
Trd, 4318874.643, 133
Trd, 4318875.193, 111
Trd, 4318876.493, 114
Trd, 4318877.243, 106
Trd, 4318877.893, 109
Trd, 4318877.993, 107
Trd, 4318879.243, 83
Trd, 4318880.643, 134
Trd, 4318881.443, 125
Trd, 4318881.743, 120
Trd, 4318881.793, 111
Trd, 4318882.393, 140
Trd, 4318882.643, 99
Trd, 4318883.793, 129
Trd, 4318885.093, 138
Trd, 4318885.493, 131
Trd, 4318886.793, 93
Trd, 4318887.243, 91
Trd, 4318888.393, 93
Trd, 4318889.343, 110
Trd, 4318889.443, 138
Trd, 4318889.493, 89
Trd, 4318889.543, 88
Trd, 4318890.293, 84
Trd, 4318890.493, 104
Trd, 4318890.943, 124
Trd, 4318893.243, 126
Trd, 4318893.343, 123
Trd, 4318894.743, 123
Trd, 4318894.993, 138
Trd, 4318895.093, 110
Trd, 4318895.393, 103
Trd, 4318895.893, 134
Trd, 4318898.593, 101
Trd, 4318898.643, 86
Trd, 4318899.793, 113
Trd, 4318901.543, 99
Trd, 4318901.843, 135
Trd, 4318902.193, 99
Trd, 4318903.193, 128
Trd, 4318904.593, 129
Trd, 4318904.793, 106
Trd, 4318906.093, 130
Trd, 4318907.143, 138
Trd, 4318907.743, 114
Trd, 4318908.443, 133
Trd, 4318909.943, 121
Trd, 4318910.243, 127
Trd, 4318911.543, 129
Trd, 4318912.043, 135
Trd, 4318913.143, 135
Trd, 4318913.393, 122
Trd, 4318914.043, 106
Trd, 4318915.193, 122
Trd, 4318915.893, 86
Trd, 4318916.193, 107
Trd, 4318916.593, 85
Trd, 4318917.643, 132
Trd, 4318918.243, 113
Trd, 4318919.543, 107
Trd, 4318920.293, 99
Trd, 4318920.593, 95
Trd, 4318922.093, 109
Trd, 4318922.693, 134
Trd, 4318923.893, 140
Trd, 4318924.193, 120
Trd, 4318924.293, 115
Trd, 4318924.393, 99
Trd, 4318927.143, 140
Trd, 4318927.493, 138
Trd, 4318928.593, 110
Trd, 4318929.543, 138
Trd, 4318930.343, 140
Trd, 4318932.193, 123
Trd, 4318933.243, 126
Trd, 4318933.493, 129
Trd, 4318935.843, 138
Trd, 4318936.643, 137
Trd, 4318936.743, 100
Trd, 4318937.393, 93
Trd, 4318937.943, 95
Trd, 4318939.693, 137
Trd, 4318940.643, 135
Trd, 4318940.793, 127
Trd, 4318941.693, 110
Trd, 4318942.093, 73
Trd, 4318942.593, 75
Trd, 4318943.093, 80
Trd, 4318943.743, 140
Trd, 4318944.493, 85
Trd, 4318944.793, 82
Trd, 4318946.543, 100
Trd, 4318946.843, 84
Trd, 4318946.993, 123
Trd, 4318947.693, 129
Trd, 4318948.343, 101
Trd, 4318949.293, 91
Trd, 4318949.343, 117
Trd, 4318949.493, 139
Trd, 4318949.843, 107
Trd, 4318950.743, 134
Trd, 4318950.943, 112
Trd, 4318951.743, 87
Trd, 4318953.693, 107
Trd, 4318954.393, 118
Trd, 4318954.843, 98
Trd, 4318955.443, 102
Trd, 4318956.193, 138
Trd, 4318956.443, 107
Trd, 4318957.243, 123
Trd, 4318957.943, 117
Trd, 4318958.343, 110
Trd, 4318959.293, 109
Trd, 4318959.693, 106
Trd, 4318960.493, 121
Trd, 4318960.743, 120
Trd, 4318960.843, 110
Trd, 4318960.943, 98
Trd, 4318963.193, 77
Trd, 4318964.243, 138
Trd, 4318964.943, 121
Trd, 4318965.393, 124
Trd, 4318965.593, 123
Trd, 4318966.443, 116
Trd, 4318967.693, 138
Trd, 4318968.693, 137
Trd, 4318969.543, 140
Trd, 4318969.593, 116
Trd, 4318969.893, 102
Trd, 4318969.943, 116
Trd, 4318970.043, 91
Trd, 4318971.893, 88
Trd, 4318972.643, 139
Trd, 4318973.693, 101
Trd, 4318973.793, 83
Trd, 4318974.143, 105
Trd, 4318975.693, 105
Trd, 4318976.243, 100
Trd, 4318977.443, 131
Trd, 4318978.293, 101
Trd, 4318978.443, 91
Trd, 4318979.093, 116
Trd, 4318979.243, 136
Trd, 4318979.443, 111
Trd, 4318980.343, 137
Trd, 4318980.593, 105
Trd, 4318982.543, 140
Trd, 4318983.693, 139
Trd, 4318984.893, 133
Trd, 4318985.093, 98
Trd, 4318985.693, 97
Trd, 4318985.893, 116
Trd, 4318987.593, 130
Trd, 4318987.793, 131
Trd, 4318988.143, 92
Trd, 4318989.293, 127
Trd, 4318991.293, 137
Trd, 4318991.893, 92
Trd, 4318994.793, 140
Trd, 4318994.843, 135
Trd, 4318995.293, 132
Trd, 4318995.543, 119
Trd, 4318997.543, 138
Trd, 4318999.543, 129
Trd, 4318999.943, 114
Trd, 4319000.243, 117
Trd, 4319000.393, 100
Trd, 4319001.393, 140
Trd, 4319002.093, 94
Trd, 4319003.843, 131
Trd, 4319004.393, 116
Trd, 4319005.393, 138
Trd, 4319006.543, 136
Trd, 4319006.943, 126
Trd, 4319007.593, 140
Trd, 4319009.493, 139
Trd, 4319010.543, 136
Trd, 4319011.243, 138
Trd, 4319011.293, 137
Trd, 4319012.743, 140
Trd, 4319013.093, 109
Trd, 4319014.043, 132
Trd, 4319014.643, 110
Trd, 4319015.143, 85
Trd, 4319015.593, 84
Trd, 4319016.393, 88
Trd, 4319017.543, 120
Trd, 4319017.743, 130
Trd, 4319017.993, 137
Trd, 4319019.343, 136
Trd, 4319019.543, 104
Trd, 4319019.643, 78
Trd, 4319020.343, 137
Trd, 4319022.293, 124
Trd, 4319022.693, 121
Trd, 4319022.743, 111
Trd, 4319024.093, 106
Trd, 4319025.043, 81
Trd, 4319025.493, 95
Trd, 4319026.593, 115
Trd, 4319027.843, 114
Trd, 4319028.143, 134
Trd, 4319028.843, 114
Trd, 4319030.093, 94
Trd, 4319030.543, 94
Trd, 4319030.693, 107
Trd, 4319032.093, 98
Trd, 4319032.343, 94
Trd, 4319032.893, 116
Trd, 4319034.093, 122
Trd, 4319034.243, 123
Trd, 4319036.393, 126
Trd, 4319038.093, 111
Trd, 4319039.243, 103
Trd, 4319040.143, 137
Trd, 4319040.193, 126
Trd, 4319040.743, 106
Trd, 4319041.743, 106
Trd, 4319042.043, 83
Trd, 4319042.593, 84
Trd, 4319043.943, 138
Trd, 4319044.443, 117
Trd, 4319044.793, 116
Trd, 4319046.243, 92
Trd, 4319046.593, 89
Trd, 4319047.043, 133
Trd, 4319047.393, 118
Trd, 4319049.893, 133
Trd, 4319049.993, 134
Trd, 4319050.743, 126
Trd, 4319051.743, 118
Trd, 4319051.993, 120
Trd, 4319052.193, 133
Trd, 4319053.243, 136
Trd, 4319053.593, 136
Trd, 4319055.443, 140
Trd, 4319055.843, 70
Trd, 4319057.493, 136
Trd, 4319059.793, 132
Trd, 4319060.043, 125
Trd, 4319060.743, 114
Trd, 4319061.293, 122
Trd, 4319061.443, 92
Trd, 4319062.043, 124
Trd, 4319062.443, 137
Trd, 4319062.993, 83
Trd, 4319064.343, 62
Trd, 4319065.543, 137
Trd, 4319066.193, 135
Trd, 4319067.093, 139
Trd, 4319067.643, 117
Trd, 4319069.293, 91
Trd, 4319070.543, 140
Trd, 4319070.693, 140
Trd, 4319071.793, 114
Trd, 4319073.043, 125
Trd, 4319074.443, 133
Trd, 4319075.043, 115
Trd, 4319075.443, 136
Trd, 4319077.043, 130
Trd, 4319077.743, 118
Trd, 4319077.993, 101
Trd, 4319078.493, 118
Trd, 4319078.843, 120
Trd, 4319080.343, 137
Trd, 4319081.893, 130
Trd, 4319083.893, 139
Trd, 4319084.443, 139
Trd, 4319084.843, 134
Trd, 4319087.693, 121
Trd, 4319087.843, 123
Trd, 4319088.643, 103
Trd, 4319088.943, 127
Trd, 4319089.393, 105
Trd, 4319089.693, 109
Trd, 4319090.443, 103
Trd, 4319091.343, 94
Trd, 4319091.693, 77
Trd, 4319092.643, 66
Trd, 4319093.643, 91
Trd, 4319094.143, 133
Trd, 4319095.843, 137
Trd, 4319096.393, 95
Trd, 4319096.543, 97
Trd, 4319097.593, 128
Trd, 4319098.243, 116
Trd, 4319099.493, 122
Trd, 4319100.143, 97
Trd, 4319100.893, 103
Trd, 4319101.443, 123
Trd, 4319102.393, 121
Trd, 4319103.093, 120
Trd, 4319103.393, 120
Trd, 4319103.693, 140
Trd, 4319104.243, 99
Trd, 4319104.343, 97
Trd, 4319104.693, 138
Trd, 4319105.493, 139
Trd, 4319105.743, 138
Trd, 4319106.943, 108
Trd, 4319107.993, 110
Trd, 4319109.493, 97
Trd, 4319110.243, 76
Trd, 4319110.293, 78
Trd, 4319110.693, 94
Trd, 4319111.343, 136
Trd, 4319113.043, 138
Trd, 4319113.493, 137
Trd, 4319114.343, 137
Trd, 4319114.593, 136
Trd, 4319115.843, 127
Trd, 4319115.943, 110
Trd, 4319116.043, 110
Trd, 4319116.493, 137
Trd, 4319118.443, 137
Trd, 4319118.643, 107
Trd, 4319119.343, 131
Trd, 4319120.143, 114
Trd, 4319120.593, 130
Trd, 4319120.643, 112
Trd, 4319120.943, 127
Trd, 4319121.743, 113
Trd, 4319123.793, 139
Trd, 4319124.143, 138
Trd, 4319124.843, 93
Trd, 4319124.893, 92
Trd, 4319125.193, 93
Trd, 4319125.943, 94
Trd, 4319127.393, 115
Trd, 4319127.693, 96
Trd, 4319127.743, 85
Trd, 4319129.243, 108
Trd, 4319129.293, 71
Trd, 4319129.443, 116
Trd, 4319130.893, 67
Trd, 4319132.043, 81
Trd, 4319132.693, 72
Trd, 4319133.593, 97
Trd, 4319134.593, 137
Trd, 4319135.843, 123
Trd, 4319137.143, 140
Trd, 4319137.793, 115
Trd, 4319137.843, 99
Trd, 4319138.493, 63
Trd, 4319138.843, 138
Trd, 4319139.443, 78
Trd, 4319140.743, 122
Trd, 4319140.943, 111
Trd, 4319141.243, 127
Trd, 4319141.543, 127
Trd, 4319142.393, 84
Trd, 4319142.843, 91
Trd, 4319143.393, 124
Trd, 4319144.093, 134
Trd, 4319147.693, 128
Trd, 4319148.493, 117
Trd, 4319148.593, 112
Trd, 4319149.543, 108
Trd, 4319150.343, 124
Trd, 4319150.993, 108
Trd, 4319151.693, 117
Trd, 4319153.543, 123
Trd, 4319154.643, 139
Trd, 4319155.043, 115
Trd, 4319155.293, 106
Trd, 4319155.543, 90
Trd, 4319155.693, 92
Trd, 4319155.893, 62
Trd, 4319157.543, 119
Trd, 4319158.543, 114
Trd, 4319158.743, 108
Trd, 4319158.893, 124
Trd, 4319159.543, 116
Trd, 4319160.443, 127
Trd, 4319161.143, 120
Trd, 4319162.243, 138
Trd, 4319163.993, 93
Trd, 4319164.493, 139
Trd, 4319164.543, 136
Trd, 4319165.143, 140
Trd, 4319165.393, 139
Trd, 4319166.793, 97
Trd, 4319167.193, 98
Trd, 4319167.243, 106
Trd, 4319168.043, 102
Trd, 4319168.593, 122
Trd, 4319169.093, 99
Trd, 4319171.543, 109
Trd, 4319172.543, 93
Trd, 4319172.643, 91
Trd, 4319173.843, 88
Trd, 4319174.293, 95
Trd, 4319174.443, 125
Trd, 4319175.743, 96
Trd, 4319176.293, 111
Trd, 4319176.543, 82
Trd, 4319177.593, 105
Trd, 4319178.093, 136
Trd, 4319178.443, 140
Trd, 4319179.043, 138
Trd, 4319179.793, 74
Trd, 4319181.643, 118
Trd, 4319181.993, 95
Trd, 4319182.243, 91
Trd, 4319183.093, 96
Trd, 4319183.743, 136
Trd, 4319184.043, 130
Trd, 4319185.693, 138
Trd, 4319185.743, 114
Trd, 4319187.793, 140
Trd, 4319188.043, 120
Trd, 4319188.143, 109
Trd, 4319188.743, 107
Trd, 4319189.143, 114
Trd, 4319189.443, 96
Trd, 4319190.093, 129
Trd, 4319190.543, 111
Trd, 4319192.743, 139
Trd, 4319193.693, 119
Trd, 4319195.193, 109
Trd, 4319196.393, 106
Trd, 4319197.293, 112
Trd, 4319198.443, 137
Trd, 4319198.693, 131
Trd, 4319198.943, 117
Trd, 4319200.643, 112
Trd, 4319201.243, 123
Trd, 4319201.743, 101
Trd, 4319202.693, 125
Trd, 4319204.493, 140
Trd, 4319204.693, 102
Trd, 4319205.293, 133
Trd, 4319206.243, 137
Trd, 4319206.793, 112
Trd, 4319207.193, 116
Trd, 4319207.543, 91
Trd, 4319208.143, 92
Trd, 4319208.793, 138
Trd, 4319208.893, 131
Trd, 4319209.393, 138
Trd, 4319209.543, 136
Trd, 4319210.793, 96
Trd, 4319210.843, 112
Trd, 4319211.243, 92
Trd, 4319213.493, 107
Trd, 4319213.843, 98
Trd, 4319213.993, 89
Trd, 4319215.543, 139
Trd, 4319215.643, 130
Trd, 4319216.793, 136
Trd, 4319217.443, 121
Trd, 4319218.493, 140
Trd, 4319218.793, 124
Trd, 4319219.193, 93
Trd, 4319219.693, 112
Trd, 4319221.643, 113
Trd, 4319222.343, 120
Trd, 4319222.993, 118
Trd, 4319223.443, 116
Trd, 4319224.193, 134
Trd, 4319224.543, 109
Trd, 4319225.393, 95
Trd, 4319225.893, 95
Trd, 4319227.143, 110
Trd, 4319228.843, 129
Trd, 4319229.493, 113
Trd, 4319230.993, 124
Trd, 4319231.343, 69
Trd, 4319232.043, 91
Trd, 4319232.643, 115
Trd, 4319232.993, 113
Trd, 4319233.893, 133
Trd, 4319233.993, 113
Trd, 4319234.543, 104
Trd, 4319235.593, 121
Trd, 4319236.993, 108
Trd, 4319237.143, 120
Trd, 4319238.143, 136
Trd, 4319239.243, 123
Trd, 4319239.893, 99
Trd, 4319240.343, 106
Trd, 4319241.943, 140
Trd, 4319243.093, 127
Trd, 4319243.843, 113
Trd, 4319244.443, 114
Trd, 4319245.093, 114
Trd, 4319245.293, 113
Trd, 4319247.043, 118
Trd, 4319247.393, 133
Trd, 4319247.843, 140
Trd, 4319249.493, 101
Trd, 4319250.043, 127
Trd, 4319250.193, 103
Trd, 4319251.443, 136
Trd, 4319252.193, 110
Trd, 4319252.943, 121
Trd, 4319253.243, 94
Trd, 4319253.843, 122
Trd, 4319253.943, 114
Trd, 4319254.893, 124
Trd, 4319256.243, 98
Trd, 4319256.443, 99
Trd, 4319256.793, 97
Trd, 4319257.343, 105
Trd, 4319258.643, 67
Trd, 4319260.043, 125
Trd, 4319261.193, 74
Trd, 4319261.493, 66
Trd, 4319262.243, 120
Trd, 4319262.993, 140
Trd, 4319263.543, 132
Trd, 4319263.743, 87
Trd, 4319265.143, 88
Trd, 4319265.693, 108
Trd, 4319267.693, 131
Trd, 4319268.093, 133
Trd, 4319268.243, 130
Trd, 4319268.443, 126
Trd, 4319268.743, 119
Trd, 4319269.693, 92
Trd, 4319270.143, 103
Trd, 4319271.543, 140
Trd, 4319271.993, 117
Trd, 4319272.643, 114
Trd, 4319272.693, 93
Trd, 4319274.693, 114
Trd, 4319275.193, 83
Trd, 4319275.493, 62
Trd, 4319277.043, 112
Trd, 4319277.793, 127
Trd, 4319278.143, 95
Trd, 4319279.793, 139
Trd, 4319280.793, 138
Trd, 4319280.893, 127
Trd, 4319281.993, 129
Trd, 4319282.943, 98
Trd, 4319284.143, 133
Trd, 4319285.143, 119
Trd, 4319285.543, 119
Trd, 4319286.693, 136
Trd, 4319287.093, 123
Trd, 4319287.193, 116
Trd, 4319288.993, 124
Trd, 4319290.843, 136
Trd, 4319290.893, 135
Trd, 4319291.593, 136
Trd, 4319292.443, 115
Trd, 4319293.193, 111
Trd, 4319293.293, 104
Trd, 4319294.093, 133
Trd, 4319294.943, 130
Trd, 4319295.493, 130
Trd, 4319295.893, 95
Trd, 4319296.143, 92
Trd, 4319297.143, 118
Trd, 4319297.443, 106
Trd, 4319297.843, 106
Trd, 4319297.893, 105
Trd, 4319300.543, 123
Trd, 4319300.843, 136
Trd, 4319301.193, 122
Trd, 4319301.743, 139
Trd, 4319302.043, 101
Trd, 4319302.793, 137
Trd, 4319303.193, 106
Trd, 4319304.393, 118
Trd, 4319305.043, 111
Trd, 4319305.143, 108
Trd, 4319305.193, 82
Trd, 4319306.743, 86
Trd, 4319307.693, 72
Trd, 4319307.793, 140
Trd, 4319309.043, 99
Trd, 4319309.643, 124
Trd, 4319311.443, 115
Trd, 4319312.193, 89
Trd, 4319313.943, 139
Trd, 4319315.143, 113
Trd, 4319315.193, 117
Trd, 4319316.593, 104
Trd, 4319317.143, 122
Trd, 4319317.343, 114
Trd, 4319318.243, 114
Trd, 4319318.593, 123
Trd, 4319318.943, 139
Trd, 4319319.643, 134
Trd, 4319319.693, 113
Trd, 4319320.693, 75
Trd, 4319321.393, 70
Trd, 4319321.543, 75
Trd, 4319323.393, 129
Trd, 4319325.193, 136
Trd, 4319325.243, 126
Trd, 4319325.393, 120
Trd, 4319326.393, 113
Trd, 4319328.043, 139
Trd, 4319329.343, 114
Trd, 4319329.693, 116
Trd, 4319330.593, 128
Trd, 4319332.493, 140
Trd, 4319332.943, 122
Trd, 4319333.193, 117
Trd, 4319334.443, 140
Trd, 4319335.693, 126
Trd, 4319336.593, 128
Trd, 4319336.693, 105
Trd, 4319336.893, 112
Trd, 4319337.543, 118
Trd, 4319337.593, 125
Trd, 4319338.943, 131
Trd, 4319340.893, 89
Trd, 4319341.543, 85
Trd, 4319342.043, 102
Trd, 4319343.243, 91
Trd, 4319344.443, 140
Trd, 4319344.993, 137
Trd, 4319345.193, 108
Trd, 4319345.743, 80
Trd, 4319345.793, 97
Trd, 4319348.543, 138
Trd, 4319348.793, 123
Trd, 4319349.243, 119
Trd, 4319349.643, 94
Trd, 4319349.743, 73
Trd, 4319350.043, 68
Trd, 4319352.143, 93
Trd, 4319352.643, 77
Trd, 4319353.643, 117
Trd, 4319354.643, 90
Trd, 4319356.243, 137
Trd, 4319356.793, 118
Trd, 4319357.843, 116
Trd, 4319358.993, 136
Trd, 4319359.543, 109
Trd, 4319360.693, 135
Trd, 4319360.793, 67
Trd, 4319361.093, 75
Trd, 4319361.843, 133
Trd, 4319361.993, 110
Trd, 4319365.243, 137
Trd, 4319365.593, 137
Trd, 4319366.993, 111
Trd, 4319367.643, 110
Trd, 4319367.843, 118
Trd, 4319368.043, 113
Trd, 4319368.243, 91
Trd, 4319369.643, 87
Trd, 4319369.843, 80
Trd, 4319371.493, 109
Trd, 4319372.643, 133
Trd, 4319372.843, 112
Trd, 4319373.143, 134
Trd, 4319373.293, 92
Trd, 4319374.243, 139
Trd, 4319374.393, 116
Trd, 4319375.043, 128
Trd, 4319376.793, 137
Trd, 4319376.893, 106
Trd, 4319377.193, 101
Trd, 4319377.793, 126
Trd, 4319378.393, 137
Trd, 4319381.593, 126
Trd, 4319382.543, 127
Trd, 4319383.343, 136
Trd, 4319383.443, 135
Trd, 4319384.543, 130
Trd, 4319385.393, 124
Trd, 4319386.343, 78
Trd, 4319387.193, 125
Trd, 4319388.843, 139
Trd, 4319389.293, 135
Trd, 4319390.143, 99
Trd, 4319390.893, 134
Trd, 4319390.943, 122
Trd, 4319392.043, 116
Trd, 4319393.443, 113
Trd, 4319394.393, 137
Trd, 4319394.893, 134
Trd, 4319395.793, 117
Trd, 4319397.043, 123
Trd, 4319397.343, 111
Trd, 4319397.493, 94
Trd, 4319398.793, 88
Trd, 4319399.943, 60
Trd, 4319401.343, 109
Trd, 4319401.543, 95
Trd, 4319401.843, 90
Trd, 4319401.943, 115
Trd, 4319404.043, 137
Trd, 4319404.643, 139
Trd, 4319405.043, 123
Trd, 4319405.143, 121
Trd, 4319405.993, 92
Trd, 4319406.593, 81
Trd, 4319407.043, 68
Trd, 4319407.543, 116
Trd, 4319407.893, 77
Trd, 4319411.893, 130
Trd, 4319412.043, 112
Trd, 4319412.493, 139
Trd, 4319412.543, 123
Trd, 4319412.843, 116
Trd, 4319413.393, 106
Trd, 4319413.693, 85
Trd, 4319414.193, 72
Trd, 4319415.343, 82
Trd, 4319416.143, 77
Trd, 4319416.443, 88
Trd, 4319417.943, 72
Trd, 4319418.593, 106
Trd, 4319419.393, 138
Trd, 4319420.143, 126
Trd, 4319420.543, 125
Trd, 4319420.793, 115
Trd, 4319422.243, 97
Trd, 4319422.743, 111
Trd, 4319423.243, 96
Trd, 4319424.243, 139
Trd, 4319424.543, 129
Trd, 4319425.993, 135
Trd, 4319426.193, 94
Trd, 4319426.693, 136
Trd, 4319427.643, 88
Trd, 4319428.143, 118
Trd, 4319428.843, 102
Trd, 4319430.743, 127
Trd, 4319431.843, 122
Trd, 4319431.993, 120
Trd, 4319432.293, 98
Trd, 4319432.793, 107
Trd, 4319433.243, 90
Trd, 4319433.443, 105
Trd, 4319434.293, 86
Trd, 4319435.143, 92
Trd, 4319435.393, 64
Trd, 4319436.543, 127
Trd, 4319437.643, 140
Trd, 4319438.093, 138
Trd, 4319438.443, 123
Trd, 4319438.543, 112
Trd, 4319439.243, 134
Trd, 4319440.943, 107
Trd, 4319441.293, 100
Trd, 4319442.143, 92
Trd, 4319442.543, 91
Trd, 4319442.593, 119
Trd, 4319442.693, 90
Trd, 4319444.143, 113
Trd, 4319445.293, 100
Trd, 4319445.493, 122
Trd, 4319446.293, 139
Trd, 4319447.393, 78
Trd, 4319447.593, 90
Trd, 4319448.443, 108
Trd, 4319448.743, 121
Trd, 4319450.143, 87
Trd, 4319450.243, 97
Trd, 4319450.943, 94
Trd, 4319451.343, 81
Trd, 4319452.793, 140
Trd, 4319453.843, 94
Trd, 4319454.543, 119
Trd, 4319454.843, 88
Trd, 4319455.793, 138
Trd, 4319457.193, 139
Trd, 4319457.443, 134
Trd, 4319458.443, 131
Trd, 4319458.493, 116
Trd, 4319460.443, 140
Trd, 4319462.093, 109
Trd, 4319462.693, 128
Trd, 4319463.243, 119
Trd, 4319463.943, 85
Trd, 4319464.393, 112
Trd, 4319465.793, 119
Trd, 4319467.043, 74
Trd, 4319467.343, 90
Trd, 4319468.293, 120
Trd, 4319468.743, 114
Trd, 4319468.893, 99
Trd, 4319470.543, 113
Trd, 4319472.193, 132
Trd, 4319472.243, 98
Trd, 4319473.943, 123
Trd, 4319475.593, 131
Trd, 4319475.843, 113
Trd, 4319475.993, 124
Trd, 4319477.043, 78
Trd, 4319478.243, 131
Trd, 4319479.343, 130
Trd, 4319480.593, 138
Trd, 4319481.493, 120
Trd, 4319482.293, 133
Trd, 4319483.243, 99
Trd, 4319483.543, 113
Trd, 4319485.393, 140
Trd, 4319485.443, 140
Trd, 4319486.543, 138
Trd, 4319486.843, 138
Trd, 4319486.943, 119
Trd, 4319487.393, 115
Trd, 4319487.543, 87
Trd, 4319488.943, 115
Trd, 4319489.293, 127
Trd, 4319490.543, 136
Trd, 4319491.643, 136
Trd, 4319492.843, 139
Trd, 4319493.143, 137
Trd, 4319494.443, 107
Trd, 4319494.693, 102
Trd, 4319495.843, 116
Trd, 4319497.043, 132
Trd, 4319497.843, 105
Trd, 4319497.993, 73
Trd, 4319498.843, 123
Trd, 4319500.593, 134
Trd, 4319501.543, 94
Trd, 4319502.843, 140
Trd, 4319504.643, 126
Trd, 4319504.943, 125
Trd, 4319505.093, 120
Trd, 4319505.693, 107
Trd, 4319507.243, 139
Trd, 4319507.743, 134
Trd, 4319507.793, 120
Trd, 4319509.343, 116
Trd, 4319510.293, 125
Trd, 4319510.443, 134
Trd, 4319513.043, 124
Trd, 4319513.493, 139
Trd, 4319513.893, 124
Trd, 4319514.443, 123
Trd, 4319514.593, 119
Trd, 4319514.943, 80
Trd, 4319515.243, 131
Trd, 4319517.993, 119
Trd, 4319519.043, 139
Trd, 4319519.693, 124
Trd, 4319520.243, 109
Trd, 4319521.493, 103
Trd, 4319521.643, 105
Trd, 4319521.843, 84
Trd, 4319522.643, 109
Trd, 4319522.743, 101
Trd, 4319524.343, 105
Trd, 4319525.493, 134
Trd, 4319526.893, 133
Trd, 4319527.393, 93
Trd, 4319528.943, 64
Trd, 4319529.793, 126
Trd, 4319530.043, 117
Trd, 4319530.843, 139
Trd, 4319532.043, 118
Trd, 4319532.793, 117
Trd, 4319534.543, 101
Trd, 4319534.993, 129
Trd, 4319535.593, 138
Trd, 4319536.793, 111
Trd, 4319538.793, 132
Trd, 4319540.543, 137
Trd, 4319540.693, 137
Trd, 4319542.693, 126
Trd, 4319543.493, 108
Trd, 4319544.843, 132
Trd, 4319544.893, 116
Trd, 4319546.343, 131
Trd, 4319546.593, 122
Trd, 4319546.843, 117
Trd, 4319547.093, 111
Trd, 4319547.143, 97
Trd, 4319547.493, 90
Trd, 4319547.793, 120
Trd, 4319549.093, 90
Trd, 4319550.093, 83
Trd, 4319551.993, 126
Trd, 4319552.343, 133
Trd, 4319552.643, 91
Trd, 4319552.743, 136
Trd, 4319555.243, 138
Trd, 4319555.293, 136
Trd, 4319555.943, 129
Trd, 4319555.993, 96
Trd, 4319556.393, 89
Trd, 4319556.443, 88
Trd, 4319557.443, 120
Trd, 4319557.843, 97
Trd, 4319558.543, 111
Trd, 4319559.743, 139
Trd, 4319559.793, 138
Trd, 4319561.543, 108
Trd, 4319561.743, 108
Trd, 4319563.543, 138
Trd, 4319563.993, 127
Trd, 4319565.143, 122
Trd, 4319566.243, 120
Trd, 4319566.543, 107
Trd, 4319567.293, 94
Trd, 4319568.043, 80
Trd, 4319568.493, 107
Trd, 4319568.793, 137
Trd, 4319569.143, 129
Trd, 4319569.693, 91
Trd, 4319571.143, 132
Trd, 4319571.643, 121
Trd, 4319571.793, 120
Trd, 4319571.993, 87
Trd, 4319572.493, 119
Trd, 4319572.943, 115
Trd, 4319573.393, 108
Trd, 4319574.643, 137
Trd, 4319576.793, 100
Trd, 4319576.993, 99
Trd, 4319577.643, 129
Trd, 4319578.593, 139
Trd, 4319578.893, 133
Trd, 4319579.243, 138
Trd, 4319581.643, 137
Trd, 4319581.843, 123
Trd, 4319583.593, 130
Trd, 4319583.893, 128
Trd, 4319584.443, 113
Trd, 4319585.143, 137
Trd, 4319585.843, 107
Trd, 4319586.193, 119
Trd, 4319586.443, 95
Trd, 4319588.243, 113
Trd, 4319588.443, 96
Trd, 4319590.143, 118
Trd, 4319590.443, 111
Trd, 4319590.543, 102
Trd, 4319593.093, 120
Trd, 4319594.143, 125
Trd, 4319594.443, 82
Trd, 4319595.293, 109
Trd, 4319596.593, 79
Trd, 4319597.243, 130
Trd, 4319598.343, 130
Trd, 4319598.843, 106
Trd, 4319599.143, 123
Trd, 4319600.043, 139
Trd, 4319600.193, 130
Trd, 4319600.593, 125
Trd, 4319602.593, 122
Trd, 4319603.293, 137
Trd, 4319603.993, 120
Trd, 4319604.943, 110
Trd, 4319605.193, 102
Trd, 4319605.843, 140
Trd, 4319606.793, 129
Trd, 4319609.093, 140
Trd, 4319609.493, 107
Trd, 4319609.793, 127
Trd, 4319611.243, 102
Trd, 4319614.243, 120
Trd, 4319614.643, 110
Trd, 4319615.193, 121
Trd, 4319616.193, 120
Trd, 4319618.243, 112
Trd, 4319618.493, 105
Trd, 4319618.743, 123
Trd, 4319618.993, 83
Trd, 4319620.493, 116
Trd, 4319621.393, 75
Trd, 4319621.743, 102
Trd, 4319622.043, 97
Trd, 4319623.043, 102
Trd, 4319623.143, 72
Trd, 4319623.193, 68
Trd, 4319623.843, 69
Trd, 4319624.393, 96
Trd, 4319624.793, 126
Trd, 4319625.693, 131
Trd, 4319626.893, 66
Trd, 4319627.493, 61
Trd, 4319628.193, 63
Trd, 4319629.593, 133
Trd, 4319630.943, 116
Trd, 4319632.493, 108
Trd, 4319632.693, 78
Trd, 4319632.943, 78
Trd, 4319633.793, 110
Trd, 4319634.143, 78
Trd, 4319635.043, 61
Trd, 4319635.543, 75
Trd, 4319635.693, 119
Trd, 4319636.993, 104
Trd, 4319638.193, 111
Trd, 4319638.543, 110
Trd, 4319639.493, 123
Trd, 4319641.943, 131
Trd, 4319642.043, 123
Trd, 4319642.193, 106
Trd, 4319643.193, 136
Trd, 4319643.593, 101
Trd, 4319644.093, 132
Trd, 4319645.393, 135
Trd, 4319645.493, 111
Trd, 4319645.643, 119
Trd, 4319645.693, 111
Trd, 4319647.893, 108
Trd, 4319648.893, 135
Trd, 4319648.993, 138
Trd, 4319650.243, 104
Trd, 4319650.943, 132
Trd, 4319651.043, 131
Trd, 4319651.543, 126
Trd, 4319651.893, 109
Trd, 4319652.893, 116
Trd, 4319653.443, 78
Trd, 4319654.393, 100
Trd, 4319654.643, 109
Trd, 4319654.893, 123
Trd, 4319655.593, 114
Trd, 4319655.943, 96
Trd, 4319658.443, 121
Trd, 4319658.493, 116
Trd, 4319660.043, 119
Trd, 4319660.693, 140
Trd, 4319660.893, 138
Trd, 4319661.293, 110
Trd, 4319663.143, 79
Trd, 4319663.693, 79
Trd, 4319664.093, 83
Trd, 4319665.293, 90
Trd, 4319665.793, 122
Trd, 4319666.343, 73
Trd, 4319666.443, 128
Trd, 4319667.443, 140
Trd, 4319668.993, 100
Trd, 4319669.143, 113
Trd, 4319669.343, 84
Trd, 4319670.743, 105
Trd, 4319671.793, 119
Trd, 4319672.243, 70
Trd, 4319672.593, 82
Trd, 4319672.793, 132
Trd, 4319673.293, 79
Trd, 4319673.893, 115
Trd, 4319673.993, 108
Trd, 4319674.393, 104
Trd, 4319674.543, 115
Trd, 4319676.393, 139
Trd, 4319677.343, 78
Trd, 4319677.893, 76
Trd, 4319677.993, 124
Trd, 4319681.393, 102
Trd, 4319681.443, 97
Trd, 4319681.693, 99
Trd, 4319681.843, 106
Trd, 4319682.693, 118
Trd, 4319683.493, 111
Trd, 4319684.093, 140
Trd, 4319685.043, 124
Trd, 4319685.643, 103
Trd, 4319686.743, 136
Trd, 4319687.243, 130
Trd, 4319687.793, 110
Trd, 4319688.393, 94
Trd, 4319689.343, 120
Trd, 4319689.543, 99
Trd, 4319691.543, 140
Trd, 4319692.293, 109
Trd, 4319692.443, 132
Trd, 4319692.493, 87
Trd, 4319692.893, 75
Trd, 4319693.643, 109
Trd, 4319693.993, 138
Trd, 4319694.693, 98
Trd, 4319695.093, 122
Trd, 4319695.343, 102
Trd, 4319696.093, 120
Trd, 4319696.893, 81
Trd, 4319697.543, 111
Trd, 4319698.693, 99
Trd, 4319699.593, 97
Trd, 4319700.243, 113
Trd, 4319701.093, 118
Trd, 4319702.543, 105
Trd, 4319702.793, 101
Trd, 4319703.193, 109
Trd, 4319703.643, 94
Trd, 4319705.193, 126
Trd, 4319705.343, 134
Trd, 4319705.893, 92
Trd, 4319707.193, 131
Trd, 4319708.843, 114
Trd, 4319709.643, 103
Trd, 4319709.693, 97
Trd, 4319710.343, 138
Trd, 4319711.293, 128
Trd, 4319711.393, 126
Trd, 4319711.643, 131
Trd, 4319712.493, 130
Trd, 4319712.993, 133
Trd, 4319713.593, 135
Trd, 4319715.443, 138
Trd, 4319715.543, 130
Trd, 4319715.743, 140
Trd, 4319716.393, 139
Trd, 4319717.643, 140
Trd, 4319718.143, 138
Trd, 4319719.643, 137
Trd, 4319719.893, 128
Trd, 4319720.443, 120
Trd, 4319721.393, 108
Trd, 4319721.893, 113
Trd, 4319722.793, 140
Trd, 4319723.043, 140
Trd, 4319723.243, 117
Trd, 4319723.543, 100
Trd, 4319723.943, 118
Trd, 4319724.793, 61
Trd, 4319726.793, 94
Trd, 4319726.843, 80
Trd, 4319727.093, 134
Trd, 4319727.793, 140
Trd, 4319728.343, 97
Trd, 4319728.693, 139
Trd, 4319732.143, 140
Trd, 4319733.743, 138
Trd, 4319734.643, 111
Trd, 4319734.743, 74
Trd, 4319734.843, 98
Trd, 4319736.693, 134
Trd, 4319737.093, 94
Trd, 4319737.143, 74
Trd, 4319739.543, 135
Trd, 4319739.693, 111
Trd, 4319740.093, 101
Trd, 4319742.343, 88
Trd, 4319743.443, 122
Trd, 4319743.643, 104
Trd, 4319745.043, 140
Trd, 4319745.593, 117
Trd, 4319745.893, 96
Trd, 4319746.343, 103
Trd, 4319746.993, 137
Trd, 4319747.643, 90
Trd, 4319748.493, 88
Trd, 4319749.443, 140
Trd, 4319750.593, 140
Trd, 4319751.543, 138
Trd, 4319752.693, 135
Trd, 4319753.293, 138
Trd, 4319755.193, 138
Trd, 4319755.293, 117
Trd, 4319756.043, 132
Trd, 4319756.143, 138
Trd, 4319757.743, 136
Trd, 4319758.643, 109
Trd, 4319759.143, 127
Trd, 4319761.043, 125
Trd, 4319761.593, 82
Trd, 4319762.643, 80
Trd, 4319762.743, 100
Trd, 4319763.693, 111
Trd, 4319764.693, 81
Trd, 4319764.793, 139
Trd, 4319765.943, 101
Trd, 4319767.043, 63
Trd, 4319768.593, 111
Trd, 4319768.693, 109
Trd, 4319768.993, 119
Trd, 4319769.993, 98
Trd, 4319770.093, 103
Trd, 4319771.243, 122
Trd, 4319771.393, 87
Trd, 4319773.643, 135
Trd, 4319774.493, 140
Trd, 4319775.193, 136
Trd, 4319775.393, 118
Trd, 4319776.043, 105
Trd, 4319776.243, 97
Trd, 4319776.843, 65
Trd, 4319777.793, 100
Trd, 4319779.093, 139
Trd, 4319779.193, 133
Trd, 4319779.243, 113
Trd, 4319779.443, 92
Trd, 4319781.143, 140
Trd, 4319782.493, 134
Trd, 4319783.393, 129
Trd, 4319785.043, 88
Trd, 4319785.743, 104
Trd, 4319786.093, 108
Trd, 4319786.493, 121
Trd, 4319786.993, 128
Trd, 4319788.843, 138
Trd, 4319789.593, 102
Trd, 4319790.643, 102
Trd, 4319791.093, 96
Trd, 4319793.493, 140
Trd, 4319793.643, 116
Trd, 4319794.193, 72
Trd, 4319794.293, 91
Trd, 4319794.993, 140
Trd, 4319796.043, 140
Trd, 4319797.143, 132
Trd, 4319798.743, 109
Trd, 4319800.143, 125
Trd, 4319800.843, 116
Trd, 4319801.943, 132
Trd, 4319802.643, 114
Trd, 4319803.043, 140
Trd, 4319804.593, 117
Trd, 4319804.993, 120
Trd, 4319805.393, 112
Trd, 4319806.293, 136
Trd, 4319807.493, 96
Trd, 4319807.843, 105
Trd, 4319808.893, 123
Trd, 4319810.143, 113
Trd, 4319810.293, 98
Trd, 4319811.493, 126
Trd, 4319812.093, 95
Trd, 4319812.293, 140
Trd, 4319813.193, 117
Trd, 4319814.943, 118
Trd, 4319815.443, 115
Trd, 4319815.643, 122
Trd, 4319818.043, 105
Trd, 4319818.193, 110
Trd, 4319819.493, 136
Trd, 4319820.593, 110
Trd, 4319821.043, 107
Trd, 4319821.493, 121
Trd, 4319823.493, 137
Trd, 4319823.593, 133
Trd, 4319825.443, 136
Trd, 4319826.643, 125
Trd, 4319826.843, 113
Trd, 4319827.193, 137
Trd, 4319827.493, 129
Trd, 4319827.993, 134
Trd, 4319828.393, 139
Trd, 4319829.893, 124
Trd, 4319832.393, 133
Trd, 4319832.493, 90
Trd, 4319832.993, 125
Trd, 4319833.043, 112
Trd, 4319833.093, 102
Trd, 4319833.893, 114
Trd, 4319834.793, 79
Trd, 4319835.043, 97
Trd, 4319835.643, 94
Trd, 4319836.843, 68
Trd, 4319836.893, 72
Trd, 4319837.693, 62
Trd, 4319838.743, 133
Trd, 4319841.293, 140
Trd, 4319841.843, 140
Trd, 4319841.893, 140
Trd, 4319842.043, 119
Trd, 4319842.643, 106
Trd, 4319843.743, 99
Trd, 4319844.793, 115
Trd, 4319845.393, 139
Trd, 4319846.143, 112
Trd, 4319846.693, 111
Trd, 4319847.493, 85
Trd, 4319847.693, 84
Trd, 4319847.893, 96
Trd, 4319848.193, 80
Trd, 4319848.443, 97
Trd, 4319850.243, 113
Trd, 4319850.393, 131
Trd, 4319850.893, 112
Trd, 4319851.793, 111
Trd, 4319853.643, 137
Trd, 4319853.843, 125
Trd, 4319854.443, 137
Trd, 4319855.543, 114
Trd, 4319857.043, 110
Trd, 4319858.293, 140
Trd, 4319859.393, 106
Trd, 4319859.593, 64
Trd, 4319859.893, 123
Trd, 4319860.293, 81
Trd, 4319861.093, 113
Trd, 4319861.843, 80
Trd, 4319864.193, 139
Trd, 4319866.293, 119
Trd, 4319867.543, 140
Trd, 4319867.743, 99
Trd, 4319869.093, 132
Trd, 4319870.093, 108
Trd, 4319870.643, 134
Trd, 4319870.743, 116
Trd, 4319871.393, 93
Trd, 4319873.093, 113
Trd, 4319873.443, 101
Trd, 4319874.393, 89
Trd, 4319875.543, 97
Trd, 4319876.043, 138
Trd, 4319876.343, 134
Trd, 4319876.993, 87
Trd, 4319877.643, 140
Trd, 4319877.943, 119
Trd, 4319879.693, 124
Trd, 4319880.643, 107
Trd, 4319880.793, 96
Trd, 4319882.443, 129
Trd, 4319882.543, 117
Trd, 4319883.643, 138
Trd, 4319885.243, 126
Trd, 4319886.793, 140
Trd, 4319887.293, 140
Trd, 4319888.043, 98
Trd, 4319888.543, 124
Trd, 4319888.893, 136
Trd, 4319888.943, 92
Trd, 4319890.043, 114
Trd, 4319892.093, 89
Trd, 4319892.893, 99
Trd, 4319893.143, 84
Trd, 4319893.793, 75
Trd, 4319895.343, 128
Trd, 4319895.943, 122
Trd, 4319897.043, 136
Trd, 4319897.193, 122
Trd, 4319899.543, 132
Trd, 4319900.193, 128
Trd, 4319900.243, 118
Trd, 4319901.293, 135
Trd, 4319903.343, 117
Trd, 4319903.793, 125
Trd, 4319904.193, 92
Trd, 4319905.493, 129
Trd, 4319905.643, 93
Trd, 4319906.443, 131
Trd, 4319906.643, 139
Trd, 4319906.693, 99
Trd, 4319907.843, 73
Trd, 4319909.143, 68
Trd, 4319909.243, 129
Trd, 4319910.793, 111
Trd, 4319912.893, 122
Trd, 4319913.743, 136
Trd, 4319914.493, 134
Trd, 4319914.843, 117
Trd, 4319914.943, 114
Trd, 4319916.693, 112
Trd, 4319916.993, 109
Trd, 4319917.943, 137
Trd, 4319918.343, 104
Trd, 4319919.343, 89
Trd, 4319920.143, 93
Trd, 4319920.793, 114
Trd, 4319920.893, 125
Trd, 4319922.143, 137
Trd, 4319925.443, 140
Trd, 4319925.893, 133
Trd, 4319926.443, 139
Trd, 4319926.543, 134
Trd, 4319927.293, 120
Trd, 4319927.693, 118
Trd, 4319928.593, 111
Trd, 4319929.593, 61
Trd, 4319929.693, 97
Trd, 4319930.793, 139
Trd, 4319931.043, 124
Trd, 4319932.243, 124
Trd, 4319933.893, 113
Trd, 4319934.293, 113
Trd, 4319935.593, 140
Trd, 4319936.043, 127
Trd, 4319936.993, 120
Trd, 4319937.193, 114
Trd, 4319938.293, 125
Trd, 4319939.243, 102
Trd, 4319939.593, 98
Trd, 4319940.793, 128
Trd, 4319941.893, 130
Trd, 4319942.343, 126
Trd, 4319942.793, 129
Trd, 4319943.793, 139
Trd, 4319945.193, 134
Trd, 4319946.293, 124
Trd, 4319946.693, 132
Trd, 4319946.993, 138
Trd, 4319947.593, 137
Trd, 4319948.843, 115
Trd, 4319948.893, 102
Trd, 4319949.393, 119
Trd, 4319949.943, 94
Trd, 4319950.593, 121
Trd, 4319950.693, 92
Trd, 4319953.643, 137
Trd, 4319955.843, 140
Trd, 4319958.593, 128
Trd, 4319958.693, 125
Trd, 4319958.843, 138
Trd, 4319959.393, 107
Trd, 4319960.043, 93
Trd, 4319960.193, 83
Trd, 4319960.943, 115
Trd, 4319961.993, 73
Trd, 4319962.543, 99
Trd, 4319963.193, 100
Trd, 4319963.693, 120
Trd, 4319964.693, 80
Trd, 4319965.393, 88
Trd, 4319966.143, 83
Trd, 4319966.393, 132
Trd, 4319968.393, 110
Trd, 4319968.793, 101
Trd, 4319971.343, 136
Trd, 4319971.393, 127
Trd, 4319971.793, 125
Trd, 4319972.143, 112
Trd, 4319974.443, 125
Trd, 4319974.843, 137
Trd, 4319974.893, 136
Trd, 4319975.193, 107
Trd, 4319976.393, 122
Trd, 4319976.643, 130
Trd, 4319976.743, 129
Trd, 4319977.443, 69
Trd, 4319978.943, 139
Trd, 4319979.143, 102
Trd, 4319979.293, 105
Trd, 4319980.943, 132
Trd, 4319982.043, 127
Trd, 4319982.893, 121
Trd, 4319983.493, 101
Trd, 4319983.643, 100
Trd, 4319985.193, 104
Trd, 4319985.743, 140
Trd, 4319985.843, 120
Trd, 4319986.643, 97
Trd, 4319987.093, 94
Trd, 4319989.243, 69
Trd, 4319989.493, 66
Trd, 4319989.743, 85
Trd, 4319990.143, 77
Trd, 4319990.443, 67
Trd, 4319990.743, 80
Trd, 4319992.093, 95
Trd, 4319992.493, 73
Trd, 4319992.543, 80
Trd, 4319993.193, 84
Trd, 4319994.143, 76
Trd, 4319994.443, 110
Trd, 4319995.193, 107
Trd, 4319996.593, 107
Trd, 4319998.893, 111
Trd, 4319999.043, 125
Trd, 4319999.143, 119
Trd, 4319999.193, 108
Trd, 4319999.393, 103
