Trd, 4318137.693, 60
Trd, 4318138.193, 69
Trd, 4318139.393, 63
Trd, 4318139.493, 62
Trd, 4318139.993, 68
Trd, 4318141.243, 73
Trd, 4318142.043, 64
Trd, 4318142.443, 64
Trd, 4318143.043, 63
Trd, 4318144.993, 60
Trd, 4318145.943, 60
Trd, 4318147.343, 87
Trd, 4318147.693, 66
Trd, 4318148.793, 85
Trd, 4318148.943, 69
Trd, 4318149.643, 73
Trd, 4318149.793, 94
Trd, 4318149.993, 73
Trd, 4318151.043, 72
Trd, 4318151.193, 75
Trd, 4318151.893, 63
Trd, 4318152.793, 71
Trd, 4318154.393, 63
Trd, 4318155.843, 63
Trd, 4318156.243, 63
Trd, 4318157.043, 77
Trd, 4318157.343, 96
Trd, 4318157.743, 74
Trd, 4318158.493, 138
Trd, 4318158.543, 65
Trd, 4318159.743, 70
Trd, 4318160.543, 67
Trd, 4318161.743, 85
Trd, 4318162.143, 83
Trd, 4318162.593, 69
Trd, 4318164.143, 74
Trd, 4318164.243, 73
Trd, 4318164.793, 80
Trd, 4318164.843, 72
Trd, 4318165.293, 73
Trd, 4318165.693, 71
Trd, 4318166.893, 97
Trd, 4318167.493, 69
Trd, 4318168.943, 103
Trd, 4318169.743, 138
Trd, 4318169.893, 136
Trd, 4318170.343, 131
Trd, 4318171.893, 81
Trd, 4318172.243, 93
Trd, 4318173.193, 79
Trd, 4318173.343, 134
Trd, 4318175.143, 100
Trd, 4318175.443, 99
Trd, 4318175.893, 134
Trd, 4318177.243, 104
Trd, 4318177.493, 111
Trd, 4318178.343, 140
Trd, 4318178.493, 122
Trd, 4318180.043, 60
Trd, 4318180.443, 60
Trd, 4318183.093, 60
Trd, 4318184.643, 64
Trd, 4318184.843, 69
Trd, 4318185.193, 66
Trd, 4318185.693, 64
Trd, 4318186.343, 67
Trd, 4318187.393, 60
Trd, 4318188.393, 60
Trd, 4318188.693, 62
Trd, 4318189.593, 65
Trd, 4318190.193, 66
Trd, 4318190.593, 73
Trd, 4318191.943, 140
Trd, 4318192.793, 140
Trd, 4318192.843, 140
Trd, 4318193.493, 139
Trd, 4318193.693, 137
Trd, 4318194.093, 137
Trd, 4318194.743, 137
Trd, 4318194.843, 104
Trd, 4318195.093, 108
Trd, 4318196.543, 101
Trd, 4318197.193, 95
Trd, 4318197.493, 94
Trd, 4318198.143, 108
Trd, 4318199.043, 132
Trd, 4318199.943, 132
Trd, 4318199.993, 131
Trd, 4318200.243, 123
Trd, 4318200.593, 71
Trd, 4318200.893, 71
Trd, 4318201.193, 69
Trd, 4318202.193, 83
Trd, 4318202.793, 131
Trd, 4318202.943, 124
Trd, 4318204.343, 75
Trd, 4318204.493, 87
Trd, 4318205.343, 77
Trd, 4318205.843, 63
Trd, 4318208.543, 60
Trd, 4318209.093, 61
Trd, 4318209.393, 64
Trd, 4318210.393, 66
Trd, 4318210.743, 83
Trd, 4318211.243, 65
Trd, 4318211.643, 69
Trd, 4318211.943, 68
Trd, 4318212.643, 104
Trd, 4318212.693, 100
Trd, 4318213.993, 138
Trd, 4318214.243, 138
Trd, 4318215.343, 139
Trd, 4318215.643, 137
Trd, 4318215.693, 135
Trd, 4318216.243, 92
Trd, 4318216.993, 84
Trd, 4318218.143, 100
Trd, 4318219.093, 105
Trd, 4318219.593, 98
Trd, 4318219.893, 75
Trd, 4318221.693, 62
Trd, 4318222.093, 89
Trd, 4318224.043, 64
Trd, 4318224.593, 65
Trd, 4318225.643, 75
Trd, 4318226.843, 69
Trd, 4318227.093, 72
Trd, 4318227.293, 71
Trd, 4318228.693, 90
Trd, 4318228.943, 103
Trd, 4318228.993, 87
Trd, 4318229.743, 87
Trd, 4318230.443, 110
Trd, 4318230.793, 85
Trd, 4318230.893, 80
Trd, 4318231.143, 79
Trd, 4318233.043, 63
Trd, 4318233.643, 60
Trd, 4318235.393, 68
Trd, 4318236.293, 66
Trd, 4318236.643, 104
Trd, 4318236.893, 139
Trd, 4318237.543, 69
Trd, 4318237.743, 68
Trd, 4318239.193, 61
Trd, 4318239.343, 63
Trd, 4318239.793, 76
Trd, 4318240.593, 61
Trd, 4318240.943, 61
Trd, 4318241.693, 90
Trd, 4318242.543, 140
Trd, 4318242.643, 124
Trd, 4318243.043, 105
Trd, 4318243.443, 69
Trd, 4318243.943, 94
Trd, 4318244.293, 73
Trd, 4318245.593, 92
Trd, 4318245.743, 91
Trd, 4318245.793, 90
Trd, 4318246.393, 76
Trd, 4318247.643, 89
Trd, 4318247.843, 113
Trd, 4318247.943, 89
Trd, 4318249.993, 83
Trd, 4318250.043, 74
Trd, 4318250.193, 110
Trd, 4318251.443, 137
Trd, 4318251.493, 136
Trd, 4318253.393, 104
Trd, 4318253.643, 103
Trd, 4318254.193, 119
Trd, 4318254.243, 104
Trd, 4318255.443, 140
Trd, 4318255.793, 140
Trd, 4318256.593, 140
Trd, 4318257.393, 138
Trd, 4318257.443, 137
Trd, 4318257.643, 109
Trd, 4318258.293, 137
Trd, 4318259.593, 103
Trd, 4318259.893, 103
Trd, 4318260.743, 103
Trd, 4318261.093, 102
Trd, 4318261.843, 113
Trd, 4318262.143, 101
Trd, 4318262.793, 99
Trd, 4318263.193, 99
Trd, 4318263.743, 88
Trd, 4318263.793, 67
Trd, 4318264.943, 134
Trd, 4318265.093, 133
Trd, 4318265.393, 113
Trd, 4318267.243, 60
Trd, 4318268.893, 60
Trd, 4318268.943, 67
Trd, 4318269.793, 69
Trd, 4318271.543, 61
Trd, 4318271.843, 69
Trd, 4318273.843, 60
Trd, 4318274.793, 63
Trd, 4318275.493, 72
Trd, 4318276.143, 80
Trd, 4318276.393, 67
Trd, 4318276.493, 67
Trd, 4318277.393, 71
Trd, 4318278.743, 74
Trd, 4318279.043, 86
Trd, 4318280.243, 93
Trd, 4318280.693, 125
Trd, 4318280.893, 92
Trd, 4318281.293, 95
Trd, 4318283.243, 100
Trd, 4318283.693, 99
Trd, 4318284.743, 80
Trd, 4318285.193, 78
Trd, 4318285.443, 110
Trd, 4318286.243, 140
Trd, 4318286.593, 69
Trd, 4318287.593, 67
Trd, 4318287.693, 63
Trd, 4318288.143, 92
Trd, 4318288.243, 67
Trd, 4318288.693, 66
Trd, 4318289.093, 63
Trd, 4318291.343, 64
Trd, 4318292.293, 64
Trd, 4318293.293, 64
Trd, 4318294.143, 60
Trd, 4318294.443, 61
Trd, 4318295.243, 60
Trd, 4318296.593, 69
Trd, 4318297.493, 68
Trd, 4318298.393, 77
Trd, 4318298.593, 73
Trd, 4318298.843, 79
Trd, 4318300.293, 75
Trd, 4318301.443, 83
Trd, 4318301.543, 75
Trd, 4318302.643, 76
Trd, 4318302.943, 96
Trd, 4318303.493, 139
Trd, 4318303.793, 112
Trd, 4318303.843, 111
Trd, 4318303.943, 75
Trd, 4318304.493, 86
Trd, 4318304.693, 73
Trd, 4318305.543, 76
Trd, 4318306.243, 67
Trd, 4318308.493, 68
Trd, 4318308.693, 67
Trd, 4318309.893, 92
Trd, 4318311.593, 61
Trd, 4318311.693, 62
Trd, 4318313.493, 63
Trd, 4318314.443, 78
Trd, 4318314.743, 62
Trd, 4318315.593, 60
Trd, 4318316.243, 66
Trd, 4318318.843, 83
Trd, 4318319.193, 85
Trd, 4318321.043, 67
Trd, 4318322.343, 64
Trd, 4318322.693, 62
Trd, 4318323.043, 63
Trd, 4318323.593, 66
Trd, 4318325.393, 60
Trd, 4318326.843, 86
Trd, 4318326.893, 63
Trd, 4318327.893, 69
Trd, 4318328.143, 63
Trd, 4318328.393, 63
Trd, 4318328.443, 98
Trd, 4318331.143, 65
Trd, 4318331.743, 62
Trd, 4318332.043, 62
Trd, 4318332.293, 64
Trd, 4318333.193, 70
Trd, 4318333.593, 71
Trd, 4318334.193, 79
Trd, 4318334.543, 79
Trd, 4318335.443, 87
Trd, 4318335.543, 73
Trd, 4318335.793, 136
Trd, 4318336.593, 140
Trd, 4318337.343, 140
Trd, 4318337.743, 140
Trd, 4318337.993, 136
Trd, 4318339.843, 79
Trd, 4318340.693, 64
Trd, 4318340.993, 66
Trd, 4318341.743, 60
Trd, 4318341.843, 111
Trd, 4318344.493, 68
Trd, 4318344.593, 61
Trd, 4318345.293, 140
Trd, 4318345.693, 104
Trd, 4318346.043, 89
Trd, 4318346.193, 87
Trd, 4318347.843, 72
Trd, 4318348.743, 62
Trd, 4318348.793, 87
Trd, 4318350.143, 60
Trd, 4318351.343, 62
Trd, 4318352.493, 61
Trd, 4318353.093, 66
Trd, 4318353.793, 63
Trd, 4318354.443, 69
Trd, 4318354.493, 67
Trd, 4318356.093, 137
Trd, 4318356.243, 136
Trd, 4318356.743, 134
Trd, 4318356.793, 133
Trd, 4318357.143, 69
Trd, 4318357.643, 68
Trd, 4318358.843, 140
Trd, 4318358.993, 139
Trd, 4318359.143, 139
Trd, 4318359.643, 137
Trd, 4318360.943, 139
Trd, 4318362.043, 139
Trd, 4318363.193, 137
Trd, 4318363.693, 135
Trd, 4318363.893, 134
Trd, 4318364.393, 139
Trd, 4318364.693, 132
Trd, 4318365.793, 136
Trd, 4318366.193, 134
Trd, 4318367.493, 104
Trd, 4318367.693, 74
Trd, 4318367.743, 71
Trd, 4318369.993, 60
Trd, 4318370.493, 63
Trd, 4318371.443, 67
Trd, 4318374.693, 65
Trd, 4318375.243, 61
Trd, 4318375.843, 61
Trd, 4318376.243, 63
Trd, 4318376.793, 90
Trd, 4318378.543, 66
Trd, 4318378.893, 64
Trd, 4318379.193, 67
Trd, 4318379.793, 67
Trd, 4318380.643, 73
Trd, 4318381.143, 82
Trd, 4318381.543, 66
Trd, 4318382.343, 67
Trd, 4318382.543, 62
Trd, 4318383.343, 81
Trd, 4318384.393, 70
Trd, 4318384.643, 69
Trd, 4318384.743, 66
Trd, 4318385.143, 67
Trd, 4318386.793, 108
Trd, 4318387.243, 79
Trd, 4318387.293, 90
Trd, 4318387.993, 88
Trd, 4318388.143, 78
Trd, 4318388.193, 76
Trd, 4318389.093, 63
Trd, 4318391.293, 66
Trd, 4318391.593, 84
Trd, 4318391.743, 93
Trd, 4318393.593, 138
Trd, 4318394.443, 140
Trd, 4318394.593, 139
Trd, 4318394.743, 137
Trd, 4318395.093, 133
Trd, 4318395.243, 110
Trd, 4318396.143, 64
Trd, 4318396.843, 65
Trd, 4318397.143, 103
Trd, 4318399.693, 61
Trd, 4318400.493, 63
Trd, 4318401.443, 67
Trd, 4318402.743, 73
Trd, 4318402.893, 75
Trd, 4318403.043, 69
Trd, 4318404.243, 64
Trd, 4318404.843, 138
Trd, 4318404.893, 136
Trd, 4318405.093, 137
Trd, 4318405.493, 82
Trd, 4318406.443, 92
Trd, 4318408.793, 66
Trd, 4318409.293, 61
Trd, 4318410.393, 61
Trd, 4318410.893, 61
Trd, 4318411.143, 64
Trd, 4318411.593, 79
Trd, 4318411.743, 64
Trd, 4318412.043, 86
Trd, 4318412.093, 60
Trd, 4318413.693, 135
Trd, 4318413.793, 134
Trd, 4318414.143, 139
Trd, 4318415.393, 140
Trd, 4318415.893, 135
Trd, 4318416.493, 60
Trd, 4318418.343, 65
Trd, 4318418.893, 69
Trd, 4318419.793, 60
Trd, 4318421.243, 60
Trd, 4318421.343, 62
Trd, 4318421.893, 60
Trd, 4318422.993, 63
Trd, 4318423.643, 70
Trd, 4318424.143, 81
Trd, 4318424.793, 67
Trd, 4318425.793, 72
Trd, 4318426.793, 76
Trd, 4318427.243, 75
Trd, 4318427.293, 74
Trd, 4318427.443, 105
Trd, 4318428.793, 140
Trd, 4318429.093, 115
Trd, 4318429.593, 114
Trd, 4318430.093, 128
Trd, 4318430.743, 116
Trd, 4318431.143, 115
Trd, 4318432.593, 118
Trd, 4318433.443, 137
Trd, 4318433.643, 116
Trd, 4318433.943, 121
Trd, 4318434.493, 136
Trd, 4318434.543, 127
Trd, 4318434.743, 113
Trd, 4318435.643, 106
Trd, 4318438.093, 64
Trd, 4318438.443, 60
Trd, 4318440.193, 66
Trd, 4318440.643, 68
Trd, 4318441.793, 84
Trd, 4318441.993, 70
Trd, 4318442.193, 72
Trd, 4318442.493, 69
Trd, 4318442.993, 66
Trd, 4318444.343, 62
Trd, 4318444.743, 67
Trd, 4318444.993, 77
Trd, 4318445.793, 80
Trd, 4318446.643, 76
Trd, 4318446.893, 77
Trd, 4318447.593, 76
Trd, 4318449.193, 133
Trd, 4318449.543, 139
Trd, 4318450.493, 132
Trd, 4318450.993, 127
Trd, 4318451.193, 127
Trd, 4318451.643, 92
Trd, 4318452.143, 61
Trd, 4318453.543, 61
Trd, 4318454.043, 104
Trd, 4318454.943, 61
Trd, 4318455.693, 110
Trd, 4318455.893, 62
Trd, 4318456.193, 139
Trd, 4318457.843, 72
Trd, 4318457.993, 108
Trd, 4318458.093, 71
Trd, 4318458.193, 70
Trd, 4318458.893, 90
Trd, 4318459.993, 82
Trd, 4318460.693, 81
Trd, 4318460.743, 80
Trd, 4318460.843, 79
Trd, 4318461.193, 107
Trd, 4318463.043, 62
Trd, 4318463.193, 74
Trd, 4318464.093, 67
Trd, 4318465.493, 70
Trd, 4318466.243, 81
Trd, 4318466.543, 75
Trd, 4318467.043, 83
Trd, 4318467.593, 77
Trd, 4318468.493, 77
Trd, 4318469.243, 84
Trd, 4318469.543, 78
Trd, 4318469.593, 76
Trd, 4318471.743, 79
Trd, 4318472.093, 96
Trd, 4318472.943, 78
Trd, 4318473.443, 77
Trd, 4318474.443, 81
Trd, 4318474.993, 140
Trd, 4318475.343, 138
Trd, 4318475.943, 123
Trd, 4318476.143, 121
Trd, 4318477.143, 102
Trd, 4318477.893, 103
Trd, 4318478.093, 101
Trd, 4318478.593, 88
Trd, 4318480.043, 73
Trd, 4318480.893, 83
Trd, 4318481.093, 60
Trd, 4318481.643, 101
Trd, 4318482.243, 70
Trd, 4318482.693, 75
Trd, 4318483.143, 61
Trd, 4318483.593, 61
Trd, 4318484.493, 67
Trd, 4318485.293, 69
Trd, 4318485.593, 66
Trd, 4318486.743, 65
Trd, 4318487.243, 68
Trd, 4318489.593, 60
Trd, 4318490.593, 60
Trd, 4318490.943, 61
Trd, 4318490.993, 74
Trd, 4318492.993, 79
Trd, 4318493.093, 79
Trd, 4318493.543, 79
Trd, 4318493.793, 97
Trd, 4318494.443, 81
Trd, 4318495.343, 82
Trd, 4318495.543, 82
Trd, 4318496.493, 94
Trd, 4318497.093, 135
Trd, 4318497.343, 112
Trd, 4318497.993, 102
Trd, 4318499.043, 96
Trd, 4318499.143, 108
Trd, 4318500.893, 64
Trd, 4318501.443, 61
Trd, 4318502.993, 77
Trd, 4318503.443, 69
Trd, 4318505.343, 61
Trd, 4318505.643, 66
Trd, 4318506.643, 71
Trd, 4318507.293, 72
Trd, 4318507.493, 73
Trd, 4318507.643, 72
Trd, 4318508.043, 71
Trd, 4318508.593, 109
Trd, 4318509.293, 87
Trd, 4318509.593, 92
Trd, 4318510.343, 75
Trd, 4318511.043, 75
Trd, 4318511.593, 103
Trd, 4318512.443, 65
Trd, 4318512.493, 61
Trd, 4318514.093, 65
Trd, 4318514.943, 63
Trd, 4318515.443, 62
Trd, 4318515.693, 133
Trd, 4318516.293, 72
Trd, 4318517.293, 73
Trd, 4318517.843, 140
Trd, 4318518.143, 140
Trd, 4318518.243, 139
Trd, 4318518.293, 137
Trd, 4318518.343, 103
Trd, 4318520.543, 86
Trd, 4318520.743, 85
Trd, 4318521.543, 75
Trd, 4318521.793, 74
Trd, 4318522.643, 72
Trd, 4318522.943, 99
Trd, 4318524.493, 62
Trd, 4318525.743, 61
Trd, 4318527.143, 63
Trd, 4318527.443, 62
Trd, 4318527.693, 62
Trd, 4318528.843, 64
Trd, 4318529.393, 64
Trd, 4318529.943, 87
Trd, 4318531.293, 62
Trd, 4318531.643, 62
Trd, 4318533.543, 71
Trd, 4318533.993, 78
Trd, 4318534.893, 81
Trd, 4318535.043, 91
Trd, 4318535.243, 79
Trd, 4318535.793, 80
Trd, 4318537.093, 86
Trd, 4318537.243, 82
Trd, 4318537.293, 81
Trd, 4318538.893, 61
Trd, 4318538.943, 62
Trd, 4318539.143, 65
Trd, 4318541.193, 60
Trd, 4318543.193, 61
Trd, 4318545.193, 63
Trd, 4318546.293, 67
Trd, 4318546.343, 73
Trd, 4318546.493, 67
Trd, 4318546.593, 66
Trd, 4318546.943, 65
Trd, 4318548.143, 85
Trd, 4318548.643, 79
Trd, 4318548.693, 78
Trd, 4318549.343, 140
Trd, 4318549.743, 137
Trd, 4318549.793, 137
Trd, 4318550.193, 113
Trd, 4318550.693, 66
Trd, 4318553.543, 63
Trd, 4318554.093, 64
Trd, 4318555.093, 67
Trd, 4318555.293, 70
Trd, 4318555.693, 65
Trd, 4318556.693, 65
Trd, 4318557.293, 67
Trd, 4318558.843, 65
Trd, 4318559.493, 60
Trd, 4318559.643, 60
Trd, 4318560.793, 65
Trd, 4318561.343, 63
Trd, 4318562.543, 76
Trd, 4318563.443, 76
Trd, 4318564.243, 81
Trd, 4318565.793, 81
Trd, 4318566.193, 82
Trd, 4318566.343, 84
Trd, 4318566.493, 83
Trd, 4318567.043, 99
Trd, 4318567.543, 99
Trd, 4318567.943, 79
Trd, 4318568.243, 74
Trd, 4318570.293, 61
Trd, 4318573.193, 65
Trd, 4318573.293, 86
Trd, 4318573.543, 81
Trd, 4318573.793, 66
Trd, 4318573.943, 111
Trd, 4318573.993, 65
Trd, 4318574.493, 71
Trd, 4318574.843, 64
Trd, 4318576.043, 84
Trd, 4318576.093, 83
Trd, 4318576.293, 72
Trd, 4318577.743, 60
Trd, 4318578.793, 78
Trd, 4318579.243, 138
Trd, 4318579.493, 137
Trd, 4318580.193, 137
Trd, 4318580.843, 133
Trd, 4318581.093, 128
Trd, 4318582.343, 67
Trd, 4318583.893, 61
Trd, 4318585.643, 80
Trd, 4318586.043, 75
Trd, 4318586.693, 139
Trd, 4318586.743, 100
Trd, 4318587.293, 76
Trd, 4318587.793, 85
Trd, 4318588.143, 77
Trd, 4318588.593, 95
Trd, 4318589.443, 95
Trd, 4318591.243, 133
Trd, 4318591.693, 134
Trd, 4318591.793, 133
Trd, 4318592.843, 137
Trd, 4318592.993, 135
Trd, 4318593.443, 139
Trd, 4318594.643, 100
Trd, 4318594.843, 93
Trd, 4318595.093, 80
Trd, 4318596.043, 110
Trd, 4318596.693, 140
Trd, 4318596.943, 140
Trd, 4318597.993, 140
Trd, 4318598.593, 140
Trd, 4318598.893, 137
Trd, 4318598.943, 114
Trd, 4318600.293, 76
Trd, 4318600.693, 66
Trd, 4318600.943, 65
Trd, 4318601.343, 100
Trd, 4318603.493, 78
Trd, 4318605.093, 77
Trd, 4318605.493, 76
Trd, 4318605.643, 76
Trd, 4318606.043, 75
Trd, 4318606.993, 68
Trd, 4318607.593, 73
Trd, 4318607.843, 81
Trd, 4318607.893, 67
Trd, 4318608.543, 140
Trd, 4318608.893, 135
Trd, 4318609.743, 64
Trd, 4318610.793, 92
Trd, 4318611.043, 93
Trd, 4318611.543, 64
Trd, 4318613.293, 67
Trd, 4318613.393, 67
Trd, 4318613.543, 69
Trd, 4318613.693, 87
Trd, 4318613.743, 66
Trd, 4318615.443, 60
Trd, 4318615.943, 62
Trd, 4318616.843, 81
Trd, 4318617.293, 63
Trd, 4318617.543, 101
Trd, 4318618.843, 68
Trd, 4318618.943, 92
Trd, 4318619.593, 136
Trd, 4318620.493, 76
Trd, 4318621.343, 75
Trd, 4318622.593, 65
Trd, 4318622.743, 65
Trd, 4318623.093, 70
Trd, 4318623.843, 123
Trd, 4318624.443, 103
Trd, 4318624.493, 67
Trd, 4318624.693, 66
Trd, 4318626.593, 80
Trd, 4318626.793, 70
Trd, 4318628.093, 61
Trd, 4318628.643, 63
Trd, 4318630.543, 60
Trd, 4318631.293, 61
Trd, 4318632.043, 61
Trd, 4318632.393, 63
Trd, 4318632.993, 68
Trd, 4318633.243, 69
Trd, 4318633.693, 60
Trd, 4318634.993, 73
Trd, 4318635.543, 64
Trd, 4318636.093, 94
Trd, 4318636.243, 62
Trd, 4318636.393, 104
Trd, 4318637.843, 66
Trd, 4318638.143, 65
Trd, 4318639.343, 84
Trd, 4318640.043, 64
Trd, 4318640.193, 81
Trd, 4318640.993, 93
Trd, 4318641.793, 62
Trd, 4318643.243, 60
Trd, 4318643.943, 61
Trd, 4318646.793, 61
Trd, 4318647.293, 60
Trd, 4318647.993, 62
Trd, 4318649.093, 101
Trd, 4318649.343, 101
Trd, 4318650.193, 73
Trd, 4318650.443, 82
Trd, 4318650.793, 73
Trd, 4318650.993, 68
Trd, 4318652.393, 84
Trd, 4318652.593, 71
Trd, 4318652.793, 70
Trd, 4318652.993, 68
Trd, 4318653.943, 65
Trd, 4318654.293, 63
Trd, 4318654.443, 64
Trd, 4318655.193, 140
Trd, 4318655.493, 63
Trd, 4318655.643, 62
Trd, 4318657.193, 71
Trd, 4318659.293, 67
Trd, 4318659.993, 62
Trd, 4318660.343, 64
Trd, 4318660.693, 72
Trd, 4318661.793, 74
Trd, 4318661.843, 101
Trd, 4318662.643, 71
Trd, 4318663.043, 77
Trd, 4318663.343, 84
Trd, 4318664.143, 83
Trd, 4318664.393, 71
Trd, 4318665.343, 138
Trd, 4318667.643, 63
Trd, 4318667.893, 75
Trd, 4318669.643, 60
Trd, 4318670.043, 61
Trd, 4318671.143, 61
Trd, 4318671.843, 63
Trd, 4318673.293, 90
Trd, 4318673.393, 74
Trd, 4318673.943, 101
Trd, 4318675.093, 78
Trd, 4318675.743, 76
Trd, 4318676.643, 73
Trd, 4318679.193, 62
Trd, 4318680.893, 71
Trd, 4318681.343, 66
Trd, 4318682.793, 64
Trd, 4318683.293, 86
Trd, 4318683.693, 76
Trd, 4318683.743, 74
Trd, 4318684.693, 61
Trd, 4318685.493, 71
Trd, 4318685.743, 86
Trd, 4318686.943, 63
Trd, 4318686.993, 61
Trd, 4318688.343, 60
Trd, 4318688.643, 60
Trd, 4318690.243, 65
Trd, 4318692.643, 65
Trd, 4318693.243, 64
Trd, 4318694.043, 70
Trd, 4318694.693, 78
Trd, 4318695.043, 71
Trd, 4318695.443, 70
Trd, 4318695.893, 60
Trd, 4318696.143, 89
Trd, 4318698.693, 81
Trd, 4318698.743, 80
Trd, 4318698.943, 87
Trd, 4318698.993, 88
Trd, 4318699.743, 104
Trd, 4318700.243, 104
Trd, 4318700.593, 103
Trd, 4318701.443, 140
Trd, 4318701.893, 85
Trd, 4318702.693, 87
Trd, 4318702.943, 85
Trd, 4318703.043, 84
Trd, 4318704.143, 89
Trd, 4318704.393, 83
Trd, 4318704.943, 75
Trd, 4318705.493, 91
Trd, 4318706.743, 112
Trd, 4318706.793, 79
Trd, 4318708.293, 80
Trd, 4318708.443, 79
Trd, 4318708.543, 79
Trd, 4318708.893, 62
Trd, 4318710.243, 99
Trd, 4318711.193, 80
Trd, 4318711.793, 71
Trd, 4318712.893, 90
Trd, 4318713.393, 111
Trd, 4318713.693, 90
Trd, 4318714.243, 90
Trd, 4318715.543, 122
Trd, 4318716.193, 138
Trd, 4318716.243, 135
Trd, 4318717.693, 140
Trd, 4318718.093, 140
Trd, 4318718.243, 140
Trd, 4318718.443, 138
Trd, 4318720.393, 138
Trd, 4318720.593, 136
Trd, 4318720.643, 135
Trd, 4318722.093, 121
Trd, 4318722.243, 104
Trd, 4318722.343, 113
Trd, 4318722.843, 101
Trd, 4318724.143, 100
Trd, 4318724.993, 100
Trd, 4318725.293, 101
Trd, 4318725.493, 99
Trd, 4318725.993, 98
Trd, 4318726.743, 62
Trd, 4318728.043, 114
Trd, 4318728.243, 100
Trd, 4318728.293, 99
Trd, 4318729.743, 103
Trd, 4318729.943, 103
Trd, 4318730.893, 100
Trd, 4318730.993, 76
Trd, 4318731.193, 123
Trd, 4318731.343, 76
Trd, 4318731.893, 140
Trd, 4318733.443, 106
Trd, 4318733.493, 105
Trd, 4318734.843, 60
Trd, 4318736.243, 65
Trd, 4318737.293, 60
Trd, 4318737.593, 61
Trd, 4318738.893, 78
Trd, 4318740.743, 75
Trd, 4318740.893, 73
Trd, 4318740.993, 93
Trd, 4318741.443, 67
Trd, 4318741.493, 73
Trd, 4318741.893, 67
Trd, 4318742.643, 90
Trd, 4318743.143, 68
Trd, 4318743.593, 70
Trd, 4318745.193, 92
Trd, 4318745.493, 117
Trd, 4318745.743, 91
Trd, 4318746.093, 69
Trd, 4318747.193, 69
Trd, 4318747.543, 99
Trd, 4318750.193, 75
Trd, 4318750.393, 74
Trd, 4318750.443, 74
Trd, 4318750.643, 68
Trd, 4318751.293, 81
Trd, 4318752.893, 88
Trd, 4318753.143, 75
Trd, 4318753.943, 106
Trd, 4318756.493, 102
Trd, 4318756.643, 99
Trd, 4318756.793, 84
Trd, 4318757.593, 101
Trd, 4318758.343, 103
Trd, 4318758.893, 113
Trd, 4318759.043, 82
Trd, 4318759.393, 131
Trd, 4318760.443, 116
Trd, 4318761.343, 84
Trd, 4318761.793, 84
Trd, 4318762.343, 140
Trd, 4318763.293, 140
Trd, 4318764.243, 140
Trd, 4318764.443, 140
Trd, 4318765.543, 140
Trd, 4318765.593, 137
Trd, 4318765.993, 137
Trd, 4318766.043, 107
Trd, 4318767.093, 140
Trd, 4318767.543, 139
Trd, 4318767.843, 60
Trd, 4318769.343, 76
Trd, 4318769.393, 90
Trd, 4318769.793, 75
Trd, 4318771.743, 69
Trd, 4318772.093, 69
Trd, 4318772.393, 68
Trd, 4318772.693, 84
Trd, 4318773.343, 66
Trd, 4318774.143, 140
Trd, 4318774.843, 139
Trd, 4318775.243, 136
Trd, 4318777.193, 136
Trd, 4318777.443, 135
Trd, 4318777.543, 134
Trd, 4318777.643, 130
Trd, 4318778.043, 101
Trd, 4318780.143, 60
Trd, 4318782.993, 63
Trd, 4318783.393, 63
Trd, 4318783.593, 73
Trd, 4318783.993, 61
Trd, 4318784.843, 117
Trd, 4318785.093, 61
Trd, 4318785.593, 84
Trd, 4318785.693, 82
Trd, 4318785.793, 63
Trd, 4318787.043, 69
Trd, 4318788.993, 78
Trd, 4318789.243, 99
Trd, 4318789.843, 72
Trd, 4318789.943, 71
Trd, 4318790.443, 69
Trd, 4318791.543, 65
Trd, 4318791.593, 77
Trd, 4318793.243, 61
Trd, 4318793.443, 62
Trd, 4318793.993, 60
Trd, 4318794.793, 62
Trd, 4318794.893, 61
Trd, 4318795.993, 63
Trd, 4318796.743, 85
Trd, 4318796.793, 65
Trd, 4318796.943, 63
Trd, 4318798.093, 106
Trd, 4318798.443, 77
Trd, 4318799.193, 69
Trd, 4318799.343, 69
Trd, 4318799.843, 140
Trd, 4318801.043, 81
Trd, 4318801.543, 81
Trd, 4318801.643, 77
Trd, 4318803.243, 123
Trd, 4318804.043, 76
Trd, 4318804.143, 73
Trd, 4318805.293, 62
Trd, 4318805.743, 64
Trd, 4318806.893, 64
Trd, 4318807.743, 65
Trd, 4318808.043, 64
Trd, 4318808.593, 103
Trd, 4318808.993, 91
Trd, 4318809.243, 64
Trd, 4318810.793, 71
Trd, 4318810.943, 82
Trd, 4318812.343, 68
Trd, 4318813.093, 63
Trd, 4318813.993, 60
Trd, 4318814.493, 76
Trd, 4318815.293, 73
Trd, 4318815.943, 73
Trd, 4318816.243, 101
Trd, 4318816.993, 103
Trd, 4318817.043, 95
Trd, 4318818.543, 94
Trd, 4318819.043, 140
Trd, 4318819.293, 93
Trd, 4318819.693, 74
Trd, 4318820.393, 76
Trd, 4318821.743, 115
Trd, 4318823.043, 90
Trd, 4318823.543, 90
Trd, 4318824.693, 130
Trd, 4318826.143, 95
Trd, 4318826.443, 138
Trd, 4318827.493, 128
Trd, 4318827.593, 124
Trd, 4318828.393, 73
Trd, 4318828.643, 91
Trd, 4318829.193, 60
Trd, 4318829.543, 60
Trd, 4318830.593, 66
Trd, 4318831.543, 62
Trd, 4318832.143, 67
Trd, 4318832.193, 66
Trd, 4318832.293, 65
Trd, 4318833.893, 60
Trd, 4318834.293, 60
Trd, 4318834.843, 63
Trd, 4318836.293, 60
Trd, 4318837.693, 68
Trd, 4318837.893, 69
Trd, 4318838.693, 72
Trd, 4318839.493, 75
Trd, 4318839.993, 76
Trd, 4318840.743, 96
Trd, 4318841.093, 90
Trd, 4318841.693, 79
Trd, 4318842.893, 67
Trd, 4318842.993, 63
Trd, 4318843.443, 90
Trd, 4318845.693, 63
Trd, 4318847.093, 64
Trd, 4318847.493, 64
Trd, 4318847.793, 78
Trd, 4318849.543, 62
Trd, 4318850.343, 64
Trd, 4318850.593, 72
Trd, 4318850.743, 133
Trd, 4318851.043, 63
Trd, 4318852.893, 69
Trd, 4318853.593, 84
Trd, 4318853.993, 85
Trd, 4318854.843, 78
Trd, 4318855.093, 140
Trd, 4318855.643, 139
Trd, 4318855.943, 133
Trd, 4318856.793, 69
Trd, 4318857.143, 67
Trd, 4318861.593, 63
Trd, 4318861.743, 73
Trd, 4318862.693, 63
Trd, 4318863.193, 66
Trd, 4318863.643, 61
Trd, 4318863.893, 76
Trd, 4318865.193, 87
Trd, 4318865.493, 66
Trd, 4318865.793, 64
Trd, 4318866.743, 67
Trd, 4318867.093, 65
Trd, 4318868.093, 86
Trd, 4318868.243, 67
Trd, 4318869.143, 60
Trd, 4318869.393, 63
Trd, 4318870.543, 61
Trd, 4318871.093, 61
Trd, 4318871.243, 125
Trd, 4318871.643, 103
Trd, 4318872.393, 114
Trd, 4318875.993, 60
Trd, 4318876.843, 64
Trd, 4318878.693, 65
Trd, 4318878.793, 60
Trd, 4318879.693, 76
Trd, 4318879.943, 68
Trd, 4318880.293, 66
Trd, 4318881.093, 68
Trd, 4318881.743, 79
Trd, 4318882.143, 77
Trd, 4318882.643, 77
Trd, 4318883.293, 72
Trd, 4318883.443, 61
Trd, 4318884.193, 91
Trd, 4318884.593, 94
Trd, 4318886.193, 72
Trd, 4318886.493, 75
Trd, 4318886.843, 95
Trd, 4318887.793, 61
Trd, 4318888.893, 64
Trd, 4318890.443, 140
Trd, 4318890.543, 140
Trd, 4318890.943, 140
Trd, 4318891.293, 137
Trd, 4318891.793, 86
Trd, 4318892.143, 86
Trd, 4318892.393, 80
Trd, 4318892.843, 72
Trd, 4318893.893, 84
Trd, 4318893.943, 86
Trd, 4318894.593, 80
Trd, 4318895.943, 74
Trd, 4318896.593, 72
Trd, 4318899.143, 62
Trd, 4318899.643, 61
Trd, 4318901.593, 60
Trd, 4318901.893, 61
Trd, 4318903.293, 64
Trd, 4318904.143, 68
Trd, 4318904.243, 67
Trd, 4318904.643, 80
Trd, 4318905.043, 62
Trd, 4318906.243, 138
Trd, 4318906.693, 136
Trd, 4318906.843, 99
Trd, 4318907.043, 98
Trd, 4318907.843, 140
Trd, 4318908.543, 70
Trd, 4318908.943, 99
Trd, 4318909.793, 85
Trd, 4318910.143, 86
Trd, 4318912.693, 94
Trd, 4318913.293, 94
Trd, 4318914.293, 140
Trd, 4318914.343, 139
Trd, 4318914.393, 138
Trd, 4318914.593, 137
Trd, 4318914.943, 98
Trd, 4318915.743, 73
Trd, 4318917.843, 64
Trd, 4318918.443, 67
Trd, 4318919.693, 61
Trd, 4318920.093, 63
Trd, 4318920.243, 65
Trd, 4318920.743, 65
Trd, 4318920.993, 95
Trd, 4318921.243, 63
Trd, 4318921.993, 70
Trd, 4318923.793, 104
Trd, 4318924.443, 66
Trd, 4318925.493, 66
Trd, 4318925.593, 70
Trd, 4318925.893, 71
Trd, 4318926.693, 60
Trd, 4318927.393, 63
Trd, 4318928.443, 85
Trd, 4318928.693, 65
Trd, 4318929.693, 71
Trd, 4318930.043, 70
Trd, 4318932.543, 61
Trd, 4318933.893, 62
Trd, 4318933.993, 70
Trd, 4318934.893, 80
Trd, 4318934.943, 96
Trd, 4318935.843, 80
Trd, 4318936.093, 83
Trd, 4318936.543, 84
Trd, 4318937.743, 84
Trd, 4318937.993, 83
Trd, 4318938.393, 107
Trd, 4318938.643, 86
Trd, 4318939.793, 97
Trd, 4318939.943, 84
Trd, 4318940.643, 80
Trd, 4318942.593, 105
Trd, 4318943.893, 106
Trd, 4318944.143, 105
Trd, 4318944.243, 86
Trd, 4318945.193, 140
Trd, 4318945.393, 139
Trd, 4318945.743, 137
Trd, 4318945.943, 135
Trd, 4318946.093, 113
Trd, 4318946.643, 91
Trd, 4318947.193, 96
Trd, 4318947.343, 82
Trd, 4318948.693, 63
Trd, 4318950.743, 63
Trd, 4318951.643, 69
Trd, 4318952.543, 75
Trd, 4318952.693, 88
Trd, 4318954.193, 136
Trd, 4318954.293, 76
Trd, 4318954.593, 103
Trd, 4318956.443, 87
Trd, 4318956.493, 86
Trd, 4318956.643, 77
Trd, 4318957.243, 77
Trd, 4318958.543, 75
Trd, 4318958.593, 79
Trd, 4318958.993, 83
Trd, 4318959.543, 112
Trd, 4318959.793, 64
Trd, 4318961.493, 61
Trd, 4318962.793, 61
Trd, 4318964.443, 60
Trd, 4318965.443, 81
Trd, 4318966.543, 63
Trd, 4318966.693, 92
Trd, 4318967.543, 65
Trd, 4318967.793, 64
Trd, 4318968.393, 65
Trd, 4318968.493, 63
Trd, 4318969.593, 67
Trd, 4318969.843, 87
Trd, 4318970.143, 88
Trd, 4318970.393, 87
Trd, 4318971.343, 134
Trd, 4318971.493, 133
Trd, 4318973.543, 97
Trd, 4318973.693, 65
Trd, 4318974.443, 140
Trd, 4318975.043, 139
Trd, 4318975.443, 140
Trd, 4318975.643, 137
Trd, 4318979.493, 60
Trd, 4318980.093, 61
Trd, 4318980.743, 86
Trd, 4318980.793, 95
Trd, 4318980.893, 85
Trd, 4318982.293, 82
Trd, 4318983.943, 127
Trd, 4318984.093, 126
Trd, 4318984.543, 125
Trd, 4318984.643, 123
Trd, 4318984.693, 98
Trd, 4318985.043, 79
Trd, 4318985.893, 140
Trd, 4318987.993, 140
Trd, 4318988.043, 111
Trd, 4318988.393, 110
Trd, 4318989.393, 77
Trd, 4318990.243, 137
Trd, 4318990.793, 104
Trd, 4318992.843, 85
Trd, 4318993.043, 80
Trd, 4318993.243, 85
Trd, 4318993.393, 74
Trd, 4318994.143, 136
Trd, 4318994.893, 114
Trd, 4318995.393, 113
Trd, 4318996.493, 68
Trd, 4318996.943, 64
Trd, 4318997.093, 65
Trd, 4318997.243, 65
Trd, 4318998.243, 90
Trd, 4318998.443, 109
Trd, 4318999.143, 71
Trd, 4318999.393, 69
Trd, 4319000.243, 61
Trd, 4319001.893, 108
Trd, 4319003.593, 66
Trd, 4319004.343, 68
Trd, 4319004.793, 66
Trd, 4319005.143, 65
Trd, 4319005.593, 64
Trd, 4319006.143, 67
Trd, 4319006.493, 74
Trd, 4319007.743, 72
Trd, 4319008.143, 73
Trd, 4319009.093, 140
Trd, 4319009.543, 138
Trd, 4319009.843, 138
Trd, 4319009.993, 137
Trd, 4319010.243, 136
Trd, 4319010.393, 135
Trd, 4319011.893, 116
Trd, 4319012.093, 115
Trd, 4319012.543, 114
Trd, 4319012.593, 84
Trd, 4319013.743, 61
Trd, 4319014.043, 89
Trd, 4319015.543, 61
Trd, 4319016.743, 61
Trd, 4319017.193, 67
Trd, 4319019.443, 61
Trd, 4319020.293, 71
Trd, 4319020.693, 72
Trd, 4319021.243, 71
Trd, 4319021.343, 71
Trd, 4319022.043, 82
Trd, 4319022.393, 80
Trd, 4319023.543, 90
Trd, 4319024.543, 62
Trd, 4319025.893, 76
Trd, 4319026.893, 94
Trd, 4319027.243, 120
Trd, 4319027.843, 138
Trd, 4319028.193, 88
Trd, 4319028.493, 87
Trd, 4319030.243, 140
Trd, 4319030.643, 140
Trd, 4319030.793, 140
Trd, 4319031.593, 130
Trd, 4319032.493, 101
Trd, 4319032.943, 88
Trd, 4319033.043, 80
Trd, 4319033.293, 72
Trd, 4319037.893, 60
Trd, 4319037.943, 68
Trd, 4319038.393, 74
Trd, 4319038.543, 74
Trd, 4319038.743, 73
Trd, 4319038.843, 72
Trd, 4319039.543, 100
Trd, 4319041.243, 62
Trd, 4319041.393, 62
Trd, 4319042.293, 60
Trd, 4319043.843, 78
Trd, 4319044.493, 96
Trd, 4319044.793, 93
Trd, 4319045.243, 77
Trd, 4319045.893, 62
Trd, 4319045.993, 64
Trd, 4319046.593, 63
Trd, 4319046.993, 64
Trd, 4319047.743, 110
Trd, 4319048.043, 84
Trd, 4319050.443, 73
Trd, 4319050.543, 68
Trd, 4319051.743, 60
Trd, 4319051.793, 69
Trd, 4319052.143, 61
Trd, 4319052.243, 70
Trd, 4319053.493, 68
Trd, 4319054.243, 76
Trd, 4319054.493, 75
Trd, 4319054.793, 75
Trd, 4319055.643, 137
Trd, 4319056.493, 86
Trd, 4319057.343, 97
Trd, 4319057.493, 108
Trd, 4319058.193, 111
Trd, 4319058.643, 97
Trd, 4319059.343, 96
Trd, 4319060.593, 98
Trd, 4319060.693, 95
Trd, 4319060.743, 95
Trd, 4319061.243, 120
Trd, 4319061.543, 93
Trd, 4319062.743, 90
Trd, 4319064.243, 95
Trd, 4319065.243, 140
Trd, 4319065.543, 138
Trd, 4319065.693, 135
Trd, 4319066.143, 103
Trd, 4319066.493, 104
Trd, 4319067.743, 102
Trd, 4319068.393, 69
Trd, 4319069.293, 69
Trd, 4319069.493, 68
Trd, 4319070.243, 63
Trd, 4319070.993, 74
Trd, 4319071.143, 80
Trd, 4319071.193, 82
Trd, 4319072.493, 63
Trd, 4319073.043, 72
Trd, 4319075.293, 64
Trd, 4319076.793, 66
Trd, 4319077.443, 72
Trd, 4319077.693, 65
Trd, 4319078.293, 80
Trd, 4319078.443, 91
Trd, 4319078.693, 114
Trd, 4319078.843, 69
Trd, 4319080.343, 73
Trd, 4319080.393, 70
Trd, 4319080.493, 68
Trd, 4319082.143, 139
Trd, 4319082.643, 79
Trd, 4319083.343, 87
Trd, 4319083.793, 80
Trd, 4319083.943, 135
Trd, 4319083.993, 80
Trd, 4319084.543, 105
Trd, 4319085.193, 60
Trd, 4319085.993, 61
Trd, 4319087.393, 60
Trd, 4319088.893, 69
Trd, 4319089.393, 68
Trd, 4319089.593, 138
Trd, 4319089.943, 80
Trd, 4319090.643, 102
Trd, 4319090.993, 94
Trd, 4319092.043, 115
Trd, 4319093.993, 140
Trd, 4319094.193, 140
Trd, 4319094.643, 137
Trd, 4319094.693, 137
Trd, 4319095.193, 122
Trd, 4319095.443, 105
Trd, 4319095.643, 103
Trd, 4319097.293, 140
Trd, 4319097.893, 140
Trd, 4319098.143, 140
Trd, 4319098.693, 140
Trd, 4319099.893, 139
Trd, 4319100.193, 138
Trd, 4319100.393, 136
Trd, 4319100.943, 100
Trd, 4319101.093, 82
Trd, 4319101.743, 87
Trd, 4319102.993, 111
Trd, 4319104.393, 111
Trd, 4319104.493, 110
Trd, 4319104.593, 97
Trd, 4319105.393, 138
Trd, 4319106.293, 137
Trd, 4319106.643, 135
Trd, 4319106.943, 111
Trd, 4319106.993, 103
Trd, 4319109.143, 76
Trd, 4319109.193, 93
Trd, 4319109.943, 62
Trd, 4319111.593, 93
Trd, 4319113.143, 61
Trd, 4319113.243, 60
Trd, 4319113.493, 62
Trd, 4319113.643, 61
Trd, 4319115.043, 68
Trd, 4319115.343, 82
Trd, 4319116.043, 73
Trd, 4319116.193, 122
Trd, 4319116.343, 73
Trd, 4319117.143, 72
Trd, 4319119.393, 60
Trd, 4319119.943, 66
Trd, 4319122.893, 61
Trd, 4319123.093, 60
Trd, 4319124.243, 67
Trd, 4319124.443, 65
Trd, 4319124.893, 67
Trd, 4319125.093, 65
Trd, 4319125.243, 120
Trd, 4319125.643, 87
Trd, 4319125.743, 65
Trd, 4319126.193, 94
Trd, 4319126.793, 73
Trd, 4319129.343, 85
Trd, 4319129.493, 110
Trd, 4319130.193, 139
Trd, 4319130.693, 80
Trd, 4319130.793, 79
Trd, 4319131.043, 79
Trd, 4319132.743, 77
Trd, 4319133.343, 73
Trd, 4319133.893, 75
Trd, 4319135.193, 63
Trd, 4319135.543, 64
Trd, 4319136.793, 99
Trd, 4319137.093, 66
Trd, 4319137.843, 71
Trd, 4319138.843, 70
Trd, 4319139.193, 70
Trd, 4319139.993, 99
Trd, 4319140.243, 86
Trd, 4319141.043, 112
Trd, 4319142.093, 77
Trd, 4319143.243, 79
Trd, 4319143.743, 78
Trd, 4319144.543, 124
Trd, 4319145.593, 79
Trd, 4319145.843, 79
Trd, 4319146.093, 79
Trd, 4319146.493, 98
Trd, 4319147.043, 80
Trd, 4319147.843, 103
Trd, 4319148.143, 78
Trd, 4319149.393, 71
Trd, 4319151.343, 72
Trd, 4319152.143, 74
Trd, 4319153.143, 99
Trd, 4319153.293, 94
Trd, 4319153.543, 93
Trd, 4319154.943, 97
Trd, 4319155.243, 97
Trd, 4319155.593, 94
Trd, 4319156.093, 65
Trd, 4319156.143, 69
Trd, 4319156.493, 83
Trd, 4319158.793, 140
Trd, 4319158.893, 140
Trd, 4319159.193, 140
Trd, 4319159.543, 139
Trd, 4319159.843, 106
Trd, 4319160.393, 63
Trd, 4319160.893, 88
Trd, 4319164.043, 140
Trd, 4319164.193, 139
Trd, 4319164.343, 136
Trd, 4319164.393, 83
Trd, 4319167.143, 68
Trd, 4319168.493, 61
Trd, 4319169.043, 83
Trd, 4319169.693, 86
Trd, 4319170.393, 69
Trd, 4319170.643, 77
Trd, 4319170.993, 63
Trd, 4319171.343, 73
Trd, 4319171.393, 70
Trd, 4319173.143, 70
Trd, 4319173.243, 65
Trd, 4319173.793, 65
Trd, 4319174.143, 81
Trd, 4319174.493, 64
Trd, 4319175.293, 81
Trd, 4319175.993, 70
Trd, 4319176.543, 69
Trd, 4319176.643, 69
Trd, 4319178.593, 140
Trd, 4319178.693, 140
Trd, 4319178.843, 137
Trd, 4319179.493, 133
Trd, 4319179.543, 104
Trd, 4319180.593, 81
Trd, 4319181.443, 81
Trd, 4319182.793, 100
Trd, 4319183.893, 140
Trd, 4319184.143, 97
Trd, 4319184.493, 96
Trd, 4319184.693, 126
Trd, 4319184.993, 134
Trd, 4319185.743, 140
Trd, 4319186.043, 111
Trd, 4319186.243, 109
Trd, 4319186.543, 93
Trd, 4319187.693, 97
Trd, 4319187.993, 97
Trd, 4319188.393, 72
Trd, 4319190.093, 77
Trd, 4319190.843, 85
Trd, 4319192.543, 60
Trd, 4319192.993, 61
Trd, 4319193.243, 121
Trd, 4319193.643, 60
Trd, 4319195.643, 62
Trd, 4319197.043, 63
Trd, 4319197.493, 63
Trd, 4319198.943, 69
Trd, 4319199.193, 68
Trd, 4319199.743, 128
Trd, 4319199.893, 88
Trd, 4319200.443, 138
Trd, 4319200.543, 137
Trd, 4319201.793, 102
Trd, 4319202.243, 112
Trd, 4319202.693, 113
Trd, 4319202.893, 111
Trd, 4319205.343, 110
Trd, 4319205.593, 109
Trd, 4319205.693, 108
Trd, 4319206.393, 135
Trd, 4319206.843, 140
Trd, 4319207.693, 105
Trd, 4319207.893, 104
Trd, 4319208.143, 103
Trd, 4319208.693, 86
Trd, 4319209.293, 104
Trd, 4319209.943, 102
Trd, 4319210.193, 120
Trd, 4319212.593, 95
Trd, 4319213.343, 67
Trd, 4319213.493, 63
Trd, 4319214.193, 66
Trd, 4319214.543, 87
Trd, 4319215.693, 67
Trd, 4319216.293, 66
Trd, 4319216.693, 70
Trd, 4319216.943, 66
Trd, 4319217.343, 66
Trd, 4319217.593, 140
Trd, 4319218.993, 109
Trd, 4319219.743, 109
Trd, 4319219.843, 108
Trd, 4319220.293, 127
Trd, 4319220.743, 96
Trd, 4319220.843, 88
Trd, 4319222.043, 87
Trd, 4319222.293, 86
Trd, 4319223.293, 139
Trd, 4319223.493, 139
Trd, 4319224.543, 138
Trd, 4319224.893, 140
Trd, 4319225.093, 76
Trd, 4319225.843, 89
Trd, 4319227.543, 138
Trd, 4319227.943, 107
Trd, 4319228.243, 85
Trd, 4319231.043, 60
Trd, 4319232.493, 62
Trd, 4319233.093, 61
Trd, 4319233.443, 62
Trd, 4319233.843, 61
Trd, 4319234.193, 66
Trd, 4319236.493, 75
Trd, 4319236.743, 72
Trd, 4319237.043, 71
Trd, 4319237.143, 74
Trd, 4319238.993, 70
Trd, 4319239.693, 70
Trd, 4319239.793, 76
Trd, 4319239.893, 69
Trd, 4319241.143, 78
Trd, 4319242.643, 76
Trd, 4319242.943, 72
Trd, 4319243.893, 75
Trd, 4319244.393, 71
Trd, 4319244.493, 96
Trd, 4319244.643, 136
Trd, 4319245.443, 114
Trd, 4319246.343, 67
Trd, 4319247.393, 60
Trd, 4319247.693, 60
Trd, 4319249.143, 70
Trd, 4319249.393, 63
Trd, 4319250.093, 107
Trd, 4319250.293, 106
Trd, 4319250.793, 106
Trd, 4319251.043, 105
Trd, 4319253.243, 140
Trd, 4319253.793, 139
Trd, 4319254.343, 136
Trd, 4319255.193, 135
Trd, 4319255.293, 134
Trd, 4319255.643, 103
Trd, 4319256.043, 115
Trd, 4319257.193, 98
Trd, 4319257.793, 101
Trd, 4319258.143, 99
Trd, 4319258.493, 137
Trd, 4319258.943, 96
Trd, 4319259.843, 114
Trd, 4319259.893, 139
Trd, 4319260.143, 114
Trd, 4319260.643, 111
Trd, 4319261.593, 69
Trd, 4319262.343, 103
Trd, 4319263.643, 83
Trd, 4319263.943, 76
Trd, 4319264.743, 72
Trd, 4319265.093, 69
Trd, 4319266.643, 60
Trd, 4319267.843, 61
Trd, 4319269.393, 60
Trd, 4319269.743, 61
Trd, 4319269.993, 67
Trd, 4319270.493, 94
Trd, 4319271.643, 100
Trd, 4319273.643, 110
Trd, 4319273.793, 109
Trd, 4319273.893, 109
Trd, 4319274.843, 138
Trd, 4319275.193, 137
Trd, 4319275.743, 136
Trd, 4319275.893, 136
Trd, 4319276.243, 132
Trd, 4319276.893, 103
Trd, 4319277.443, 86
Trd, 4319278.243, 80
Trd, 4319278.643, 120
Trd, 4319279.443, 84
Trd, 4319280.793, 85
Trd, 4319280.893, 93
Trd, 4319281.093, 100
Trd, 4319282.343, 139
Trd, 4319282.793, 137
Trd, 4319283.893, 93
Trd, 4319284.043, 91
Trd, 4319284.493, 85
Trd, 4319286.193, 135
Trd, 4319286.993, 139
Trd, 4319287.043, 95
Trd, 4319287.343, 96
Trd, 4319287.443, 95
Trd, 4319289.093, 120
Trd, 4319289.443, 117
Trd, 4319291.193, 84
Trd, 4319291.693, 116
Trd, 4319292.193, 85
Trd, 4319292.343, 83
Trd, 4319292.393, 64
Trd, 4319293.443, 140
Trd, 4319294.143, 75
Trd, 4319294.443, 73
Trd, 4319294.843, 74
Trd, 4319295.543, 140
Trd, 4319298.243, 62
Trd, 4319298.493, 85
Trd, 4319299.243, 92
Trd, 4319299.843, 60
Trd, 4319300.343, 60
Trd, 4319300.543, 67
Trd, 4319302.343, 64
Trd, 4319302.443, 64
Trd, 4319302.593, 67
Trd, 4319303.143, 91
Trd, 4319303.343, 64
Trd, 4319304.093, 62
Trd, 4319304.293, 64
Trd, 4319307.743, 74
Trd, 4319307.893, 73
Trd, 4319307.943, 108
Trd, 4319308.793, 90
Trd, 4319308.943, 89
Trd, 4319309.843, 88
Trd, 4319310.243, 87
Trd, 4319310.743, 93
Trd, 4319311.193, 89
Trd, 4319312.443, 74
Trd, 4319313.093, 79
Trd, 4319313.393, 77
Trd, 4319313.493, 86
Trd, 4319314.593, 66
Trd, 4319314.943, 66
Trd, 4319315.193, 135
Trd, 4319315.843, 65
Trd, 4319317.243, 64
Trd, 4319317.443, 91
Trd, 4319318.543, 85
Trd, 4319318.693, 84
Trd, 4319319.143, 64
Trd, 4319320.943, 83
Trd, 4319321.143, 83
Trd, 4319321.243, 91
Trd, 4319323.393, 62
Trd, 4319324.993, 60
Trd, 4319325.943, 61
Trd, 4319326.443, 71
Trd, 4319328.193, 71
Trd, 4319328.893, 68
Trd, 4319329.243, 83
Trd, 4319329.843, 64
Trd, 4319330.743, 66
Trd, 4319331.393, 103
Trd, 4319332.093, 67
Trd, 4319332.443, 64
Trd, 4319332.793, 66
Trd, 4319333.443, 80
Trd, 4319334.193, 115
Trd, 4319335.693, 61
Trd, 4319336.293, 60
Trd, 4319338.843, 67
Trd, 4319339.843, 62
Trd, 4319341.243, 77
Trd, 4319341.393, 68
Trd, 4319341.943, 79
Trd, 4319342.243, 75
Trd, 4319343.193, 72
Trd, 4319343.643, 77
Trd, 4319343.893, 66
Trd, 4319344.093, 117
Trd, 4319344.293, 65
Trd, 4319345.343, 62
Trd, 4319346.443, 84
Trd, 4319349.093, 60
Trd, 4319351.243, 70
Trd, 4319351.643, 72
Trd, 4319351.693, 70
Trd, 4319352.993, 72
Trd, 4319353.243, 97
Trd, 4319353.293, 72
Trd, 4319353.643, 69
Trd, 4319354.443, 72
Trd, 4319354.993, 74
Trd, 4319355.043, 85
Trd, 4319355.193, 73
Trd, 4319355.393, 78
Trd, 4319356.443, 126
Trd, 4319357.293, 74
Trd, 4319358.493, 85
Trd, 4319358.643, 85
Trd, 4319358.693, 74
Trd, 4319359.793, 60
Trd, 4319360.243, 89
Trd, 4319361.343, 137
Trd, 4319362.793, 79
Trd, 4319363.143, 76
Trd, 4319363.993, 92
Trd, 4319365.343, 92
Trd, 4319366.893, 97
Trd, 4319367.293, 97
Trd, 4319367.793, 97
Trd, 4319368.393, 95
Trd, 4319368.643, 86
Trd, 4319369.193, 117
Trd, 4319369.393, 76
Trd, 4319370.543, 86
Trd, 4319371.093, 140
Trd, 4319371.943, 85
Trd, 4319372.193, 87
Trd, 4319372.243, 83
Trd, 4319373.543, 85
Trd, 4319373.643, 83
Trd, 4319373.993, 121
Trd, 4319374.643, 82
Trd, 4319376.093, 140
Trd, 4319376.243, 138
Trd, 4319376.443, 137
Trd, 4319378.443, 63
Trd, 4319379.143, 139
Trd, 4319379.743, 126
Trd, 4319380.493, 125
Trd, 4319381.093, 122
Trd, 4319381.743, 106
Trd, 4319382.793, 139
Trd, 4319383.293, 123
Trd, 4319383.793, 122
Trd, 4319383.843, 120
Trd, 4319384.543, 91
Trd, 4319385.593, 113
Trd, 4319385.743, 91
Trd, 4319386.193, 64
Trd, 4319387.293, 60
Trd, 4319389.043, 64
Trd, 4319389.643, 60
Trd, 4319390.393, 61
Trd, 4319391.843, 100
Trd, 4319392.193, 65
Trd, 4319392.593, 64
Trd, 4319393.443, 65
Trd, 4319394.293, 65
Trd, 4319395.243, 74
Trd, 4319395.593, 76
Trd, 4319395.643, 93
Trd, 4319396.593, 75
Trd, 4319397.643, 100
Trd, 4319398.143, 92
Trd, 4319398.793, 122
Trd, 4319398.993, 84
Trd, 4319399.443, 73
Trd, 4319400.393, 74
Trd, 4319400.743, 72
Trd, 4319400.993, 84
Trd, 4319401.093, 68
Trd, 4319404.043, 85
Trd, 4319404.493, 77
Trd, 4319405.193, 108
Trd, 4319405.293, 112
Trd, 4319406.243, 124
Trd, 4319406.343, 123
Trd, 4319406.593, 119
Trd, 4319407.093, 106
Trd, 4319408.543, 113
Trd, 4319408.793, 111
Trd, 4319409.143, 114
Trd, 4319409.193, 113
Trd, 4319409.443, 93
Trd, 4319409.643, 89
Trd, 4319410.093, 67
Trd, 4319411.343, 120
Trd, 4319412.943, 122
Trd, 4319413.043, 121
Trd, 4319413.493, 137
Trd, 4319413.693, 119
Trd, 4319414.893, 140
Trd, 4319415.643, 114
Trd, 4319415.793, 113
Trd, 4319416.543, 110
Trd, 4319417.493, 77
Trd, 4319417.593, 75
Trd, 4319417.943, 75
Trd, 4319419.293, 67
Trd, 4319420.993, 61
Trd, 4319421.143, 61
Trd, 4319422.293, 60
Trd, 4319422.693, 65
Trd, 4319423.043, 62
Trd, 4319423.743, 66
Trd, 4319424.193, 66
Trd, 4319424.443, 70
Trd, 4319424.793, 65
Trd, 4319425.043, 98
Trd, 4319426.043, 70
Trd, 4319428.143, 63
Trd, 4319429.693, 61
Trd, 4319429.743, 108
Trd, 4319430.893, 82
Trd, 4319431.093, 81
Trd, 4319431.493, 108
Trd, 4319431.693, 111
Trd, 4319432.043, 83
Trd, 4319433.443, 82
Trd, 4319433.943, 94
Trd, 4319433.993, 74
Trd, 4319436.343, 66
Trd, 4319436.443, 65
Trd, 4319437.093, 61
Trd, 4319437.193, 65
Trd, 4319437.593, 98
Trd, 4319438.843, 61
Trd, 4319439.443, 140
Trd, 4319439.993, 85
Trd, 4319440.493, 103
Trd, 4319440.943, 139
Trd, 4319441.493, 91
Trd, 4319442.343, 93
Trd, 4319442.843, 89
Trd, 4319443.743, 140
Trd, 4319444.293, 130
Trd, 4319444.643, 117
Trd, 4319445.743, 93
Trd, 4319446.493, 69
Trd, 4319447.293, 87
Trd, 4319448.043, 137
Trd, 4319448.743, 131
Trd, 4319449.243, 130
Trd, 4319450.643, 140
Trd, 4319450.843, 140
Trd, 4319451.543, 139
Trd, 4319451.593, 137
Trd, 4319451.843, 131
Trd, 4319452.593, 93
Trd, 4319453.193, 92
Trd, 4319453.693, 140
Trd, 4319454.543, 137
Trd, 4319455.443, 132
Trd, 4319455.593, 99
Trd, 4319456.993, 60
Trd, 4319457.793, 63
Trd, 4319458.093, 61
Trd, 4319458.393, 79
Trd, 4319459.393, 72
Trd, 4319461.893, 73
Trd, 4319462.143, 77
Trd, 4319462.493, 74
Trd, 4319462.743, 80
Trd, 4319463.043, 73
Trd, 4319463.593, 72
Trd, 4319464.693, 62
Trd, 4319465.293, 63
Trd, 4319465.393, 140
Trd, 4319466.643, 90
Trd, 4319467.693, 66
Trd, 4319468.343, 66
Trd, 4319470.043, 78
Trd, 4319470.443, 81
Trd, 4319471.293, 70
Trd, 4319471.943, 63
Trd, 4319474.793, 61
Trd, 4319474.943, 87
Trd, 4319475.243, 110
Trd, 4319475.343, 87
Trd, 4319475.793, 64
Trd, 4319475.993, 68
Trd, 4319477.693, 62
Trd, 4319477.943, 65
Trd, 4319478.743, 63
Trd, 4319479.293, 63
Trd, 4319479.693, 85
Trd, 4319480.693, 65
Trd, 4319481.543, 64
Trd, 4319482.643, 121
Trd, 4319483.443, 69
Trd, 4319484.193, 62
Trd, 4319484.293, 76
Trd, 4319485.193, 60
Trd, 4319486.343, 140
Trd, 4319486.443, 140
Trd, 4319487.243, 137
Trd, 4319488.893, 140
Trd, 4319489.493, 138
Trd, 4319489.643, 137
Trd, 4319489.943, 130
Trd, 4319490.343, 116
Trd, 4319490.593, 96
Trd, 4319492.543, 71
Trd, 4319492.843, 87
Trd, 4319493.193, 87
Trd, 4319493.843, 103
Trd, 4319493.893, 101
Trd, 4319494.443, 131
Trd, 4319494.543, 90
Trd, 4319495.693, 112
Trd, 4319496.193, 86
Trd, 4319497.843, 64
Trd, 4319498.543, 81
Trd, 4319499.143, 96
Trd, 4319500.093, 95
Trd, 4319500.343, 95
Trd, 4319500.943, 94
Trd, 4319500.993, 93
Trd, 4319501.393, 87
Trd, 4319501.843, 76
Trd, 4319502.393, 88
Trd, 4319503.293, 76
Trd, 4319503.493, 79
Trd, 4319504.193, 77
Trd, 4319505.143, 92
Trd, 4319505.193, 79
Trd, 4319506.993, 86
Trd, 4319508.343, 87
Trd, 4319508.593, 86
Trd, 4319508.993, 120
Trd, 4319509.243, 68
Trd, 4319510.093, 138
Trd, 4319510.793, 108
Trd, 4319511.093, 140
Trd, 4319511.243, 139
Trd, 4319511.943, 107
Trd, 4319512.543, 100
Trd, 4319513.193, 76
Trd, 4319513.793, 140
Trd, 4319514.393, 140
Trd, 4319515.643, 140
Trd, 4319516.143, 140
Trd, 4319516.593, 139
Trd, 4319517.393, 138
Trd, 4319517.943, 137
Trd, 4319518.593, 133
Trd, 4319518.793, 107
Trd, 4319520.093, 74
Trd, 4319520.143, 108
Trd, 4319520.243, 132
Trd, 4319521.243, 139
Trd, 4319521.393, 138
Trd, 4319521.743, 107
Trd, 4319522.843, 82
Trd, 4319523.293, 138
Trd, 4319524.543, 104
Trd, 4319525.143, 85
Trd, 4319525.743, 95
Trd, 4319526.043, 84
Trd, 4319526.543, 84
Trd, 4319527.793, 84
Trd, 4319529.293, 83
Trd, 4319529.393, 82
Trd, 4319530.093, 65
Trd, 4319530.143, 66
Trd, 4319530.443, 119
Trd, 4319531.943, 74
Trd, 4319532.793, 68
Trd, 4319534.243, 65
Trd, 4319534.343, 76
Trd, 4319534.393, 64
Trd, 4319535.843, 64
Trd, 4319536.043, 65
Trd, 4319537.493, 102
Trd, 4319537.943, 90
Trd, 4319538.493, 92
Trd, 4319538.993, 91
Trd, 4319539.093, 90
Trd, 4319539.693, 140
Trd, 4319541.093, 139
Trd, 4319541.293, 139
Trd, 4319541.543, 138
Trd, 4319541.693, 136
Trd, 4319541.943, 135
Trd, 4319542.143, 111
Trd, 4319542.543, 93
Trd, 4319542.943, 111
Trd, 4319543.843, 96
Trd, 4319544.493, 140
Trd, 4319545.193, 140
Trd, 4319547.093, 140
Trd, 4319547.793, 140
Trd, 4319547.893, 140
Trd, 4319548.393, 121
Trd, 4319548.443, 120
Trd, 4319549.543, 61
Trd, 4319549.893, 77
Trd, 4319551.243, 63
Trd, 4319552.743, 61
Trd, 4319554.193, 62
Trd, 4319554.693, 76
Trd, 4319555.293, 140
Trd, 4319556.493, 65
Trd, 4319559.343, 63
Trd, 4319560.643, 60
Trd, 4319560.793, 69
Trd, 4319561.143, 76
Trd, 4319561.443, 71
Trd, 4319561.843, 70
Trd, 4319562.093, 68
Trd, 4319562.143, 67
Trd, 4319563.293, 77
Trd, 4319563.643, 67
Trd, 4319563.943, 66
Trd, 4319565.043, 84
Trd, 4319565.143, 70
Trd, 4319566.793, 79
Trd, 4319567.143, 74
Trd, 4319567.643, 80
Trd, 4319568.643, 84
Trd, 4319568.793, 83
Trd, 4319569.743, 139
Trd, 4319570.393, 62
Trd, 4319570.843, 61
Trd, 4319571.193, 61
Trd, 4319573.443, 62
Trd, 4319574.393, 64
Trd, 4319574.793, 62
Trd, 4319575.493, 62
Trd, 4319575.543, 73
Trd, 4319575.743, 91
Trd, 4319577.343, 92
Trd, 4319578.893, 76
Trd, 4319580.093, 75
Trd, 4319580.743, 85
Trd, 4319581.393, 77
Trd, 4319582.443, 81
Trd, 4319582.493, 80
Trd, 4319582.643, 105
Trd, 4319582.993, 82
Trd, 4319583.243, 80
Trd, 4319583.543, 91
Trd, 4319584.243, 79
Trd, 4319584.493, 69
Trd, 4319585.493, 62
Trd, 4319586.043, 66
Trd, 4319587.043, 65
Trd, 4319587.443, 60
Trd, 4319587.693, 62
Trd, 4319588.493, 62
Trd, 4319589.643, 62
Trd, 4319591.293, 60
Trd, 4319591.993, 95
Trd, 4319592.543, 61
Trd, 4319593.043, 61
Trd, 4319593.493, 62
Trd, 4319594.743, 64
Trd, 4319595.743, 63
Trd, 4319595.993, 64
Trd, 4319597.193, 61
Trd, 4319597.493, 62
Trd, 4319599.393, 66
Trd, 4319599.443, 65
Trd, 4319599.693, 65
Trd, 4319599.843, 87
Trd, 4319600.543, 77
Trd, 4319600.843, 76
Trd, 4319601.693, 83
Trd, 4319601.843, 81
Trd, 4319602.843, 75
Trd, 4319602.893, 78
Trd, 4319603.043, 66
Trd, 4319603.843, 62
Trd, 4319604.843, 140
Trd, 4319606.743, 62
Trd, 4319607.893, 64
Trd, 4319607.993, 91
Trd, 4319609.893, 60
Trd, 4319610.093, 63
Trd, 4319611.193, 64
Trd, 4319611.293, 70
Trd, 4319611.893, 68
Trd, 4319612.143, 66
Trd, 4319613.143, 74
Trd, 4319614.393, 75
Trd, 4319614.643, 73
Trd, 4319615.243, 75
Trd, 4319616.193, 138
Trd, 4319616.293, 136
Trd, 4319616.443, 102
Trd, 4319617.093, 94
Trd, 4319618.043, 93
Trd, 4319618.343, 92
Trd, 4319619.043, 91
Trd, 4319619.843, 138
Trd, 4319619.893, 134
Trd, 4319620.293, 75
Trd, 4319621.443, 62
Trd, 4319622.093, 61
Trd, 4319624.343, 67
Trd, 4319626.443, 61
Trd, 4319627.443, 62
Trd, 4319627.793, 61
Trd, 4319628.293, 64
Trd, 4319629.243, 60
Trd, 4319629.493, 64
Trd, 4319631.093, 138
Trd, 4319631.443, 71
Trd, 4319631.543, 70
Trd, 4319631.643, 68
Trd, 4319632.093, 73
Trd, 4319632.493, 122
Trd, 4319634.043, 60
Trd, 4319634.493, 70
Trd, 4319636.843, 60
Trd, 4319636.943, 63
Trd, 4319637.193, 63
Trd, 4319637.493, 61
Trd, 4319637.693, 74
Trd, 4319638.993, 65
Trd, 4319639.993, 62
Trd, 4319640.843, 67
Trd, 4319641.343, 138
Trd, 4319641.993, 140
Trd, 4319642.143, 140
Trd, 4319642.893, 140
Trd, 4319643.243, 107
Trd, 4319643.593, 107
Trd, 4319643.643, 107
Trd, 4319644.243, 139
Trd, 4319644.293, 128
Trd, 4319644.593, 99
Trd, 4319648.293, 61
Trd, 4319648.543, 68
Trd, 4319648.943, 87
Trd, 4319649.293, 68
Trd, 4319651.143, 63
Trd, 4319651.743, 85
Trd, 4319652.843, 99
Trd, 4319653.093, 86
Trd, 4319653.243, 85
Trd, 4319653.793, 83
Trd, 4319654.293, 88
Trd, 4319654.693, 83
Trd, 4319655.443, 84
Trd, 4319655.593, 136
Trd, 4319656.193, 104
Trd, 4319656.743, 113
Trd, 4319657.093, 104
Trd, 4319657.843, 139
Trd, 4319658.093, 99
Trd, 4319659.193, 99
Trd, 4319659.343, 91
Trd, 4319660.843, 80
Trd, 4319661.043, 114
Trd, 4319661.793, 76
Trd, 4319662.743, 140
Trd, 4319663.293, 138
Trd, 4319663.593, 137
Trd, 4319663.843, 136
Trd, 4319664.143, 132
Trd, 4319664.843, 132
Trd, 4319665.593, 136
Trd, 4319665.743, 126
Trd, 4319667.043, 102
Trd, 4319667.893, 125
Trd, 4319668.093, 101
Trd, 4319668.193, 100
Trd, 4319669.343, 125
Trd, 4319669.493, 100
Trd, 4319670.393, 134
Trd, 4319671.143, 140
Trd, 4319671.693, 140
Trd, 4319672.043, 137
Trd, 4319672.993, 60
Trd, 4319673.443, 75
Trd, 4319674.093, 66
Trd, 4319675.593, 87
Trd, 4319675.743, 86
Trd, 4319676.693, 92
Trd, 4319677.093, 87
Trd, 4319677.743, 100
Trd, 4319677.793, 87
Trd, 4319678.443, 86
Trd, 4319678.893, 69
Trd, 4319679.293, 68
Trd, 4319680.743, 111
Trd, 4319681.193, 78
Trd, 4319681.943, 114
Trd, 4319682.743, 114
Trd, 4319682.943, 112
Trd, 4319683.743, 131
Trd, 4319683.943, 129
Trd, 4319684.143, 137
Trd, 4319684.943, 86
Trd, 4319685.243, 139
Trd, 4319686.593, 80
Trd, 4319687.643, 84
Trd, 4319687.893, 83
Trd, 4319687.943, 81
Trd, 4319688.443, 66
Trd, 4319688.843, 66
Trd, 4319689.343, 81
Trd, 4319692.843, 62
Trd, 4319693.543, 121
Trd, 4319693.993, 139
Trd, 4319694.093, 137
Trd, 4319694.193, 104
Trd, 4319694.443, 90
Trd, 4319695.143, 90
Trd, 4319696.293, 104
Trd, 4319696.543, 103
Trd, 4319696.993, 138
Trd, 4319697.493, 137
Trd, 4319697.693, 135
Trd, 4319698.543, 102
Trd, 4319698.793, 102
Trd, 4319698.843, 88
Trd, 4319698.943, 99
Trd, 4319699.943, 73
Trd, 4319701.243, 60
Trd, 4319703.693, 63
Trd, 4319703.743, 65
Trd, 4319704.343, 60
Trd, 4319705.593, 66
Trd, 4319705.693, 66
Trd, 4319706.693, 76
Trd, 4319706.843, 68
Trd, 4319706.943, 64
Trd, 4319708.043, 67
Trd, 4319710.443, 67
Trd, 4319712.393, 63
Trd, 4319712.693, 62
Trd, 4319713.193, 64
Trd, 4319713.243, 65
Trd, 4319713.643, 65
Trd, 4319714.393, 70
Trd, 4319715.343, 80
Trd, 4319716.393, 79
Trd, 4319716.743, 95
Trd, 4319716.793, 79
Trd, 4319717.493, 81
Trd, 4319717.993, 135
Trd, 4319718.193, 79
Trd, 4319720.293, 61
Trd, 4319721.243, 92
Trd, 4319722.443, 61
Trd, 4319722.693, 100
Trd, 4319723.443, 73
Trd, 4319723.793, 65
Trd, 4319725.293, 68
Trd, 4319725.493, 94
Trd, 4319726.543, 76
Trd, 4319727.443, 72
Trd, 4319727.893, 70
Trd, 4319728.593, 71
Trd, 4319729.043, 69
Trd, 4319729.943, 64
Trd, 4319730.043, 63
Trd, 4319730.093, 74
Trd, 4319731.593, 60
Trd, 4319733.293, 60
Trd, 4319733.543, 62
Trd, 4319734.593, 87
Trd, 4319734.943, 71
Trd, 4319735.693, 72
Trd, 4319735.843, 105
Trd, 4319736.943, 72
Trd, 4319737.143, 71
Trd, 4319737.643, 67
Trd, 4319738.593, 80
Trd, 4319741.143, 62
Trd, 4319741.343, 67
Trd, 4319742.443, 64
Trd, 4319744.443, 62
Trd, 4319744.893, 83
Trd, 4319745.643, 60
Trd, 4319746.343, 68
Trd, 4319747.393, 90
Trd, 4319747.793, 96
Trd, 4319748.243, 93
Trd, 4319748.793, 140
Trd, 4319749.343, 107
Trd, 4319749.643, 99
Trd, 4319750.593, 94
Trd, 4319751.093, 94
Trd, 4319751.643, 95
Trd, 4319752.393, 100
Trd, 4319752.543, 132
Trd, 4319752.993, 94
Trd, 4319753.193, 93
Trd, 4319755.093, 60
Trd, 4319755.793, 73
Trd, 4319756.193, 78
Trd, 4319757.193, 62
Trd, 4319757.793, 84
Trd, 4319758.993, 85
Trd, 4319760.043, 70
Trd, 4319760.393, 71
Trd, 4319761.143, 102
Trd, 4319761.343, 72
Trd, 4319761.943, 140
Trd, 4319762.293, 133
Trd, 4319762.693, 72
Trd, 4319764.593, 140
Trd, 4319764.743, 137
Trd, 4319766.393, 128
Trd, 4319766.593, 128
Trd, 4319767.243, 126
Trd, 4319768.343, 128
Trd, 4319769.443, 128
Trd, 4319769.493, 124
Trd, 4319769.793, 103
Trd, 4319770.093, 67
Trd, 4319770.393, 60
Trd, 4319770.793, 64
Trd, 4319772.043, 61
Trd, 4319773.943, 60
Trd, 4319774.093, 60
Trd, 4319774.343, 64
Trd, 4319775.443, 87
Trd, 4319776.543, 90
Trd, 4319776.943, 139
Trd, 4319777.843, 75
Trd, 4319777.943, 73
Trd, 4319778.393, 76
Trd, 4319778.993, 80
Trd, 4319780.443, 137
Trd, 4319780.693, 136
Trd, 4319780.793, 135
Trd, 4319781.093, 134
Trd, 4319781.193, 133
Trd, 4319781.793, 101
Trd, 4319782.493, 138
Trd, 4319783.343, 123
Trd, 4319783.543, 104
Trd, 4319785.043, 64
Trd, 4319786.193, 64
Trd, 4319788.143, 61
Trd, 4319788.593, 69
Trd, 4319789.443, 79
Trd, 4319790.493, 60
Trd, 4319792.143, 74
Trd, 4319792.543, 63
Trd, 4319792.843, 64
Trd, 4319793.043, 65
Trd, 4319793.743, 64
Trd, 4319794.493, 66
Trd, 4319795.043, 70
Trd, 4319795.593, 140
Trd, 4319796.543, 137
Trd, 4319796.593, 136
Trd, 4319797.243, 123
Trd, 4319797.593, 93
Trd, 4319798.243, 64
Trd, 4319799.593, 71
Trd, 4319801.393, 64
Trd, 4319801.693, 60
Trd, 4319801.843, 101
Trd, 4319802.593, 64
Trd, 4319802.743, 84
Trd, 4319803.743, 63
Trd, 4319804.993, 66
Trd, 4319806.593, 63
Trd, 4319807.193, 64
Trd, 4319808.143, 64
Trd, 4319808.293, 73
Trd, 4319808.343, 76
Trd, 4319809.643, 67
Trd, 4319810.543, 66
Trd, 4319810.693, 67
Trd, 4319811.093, 64
Trd, 4319812.093, 61
Trd, 4319812.993, 60
Trd, 4319815.593, 61
Trd, 4319816.193, 60
Trd, 4319816.743, 61
Trd, 4319817.493, 61
Trd, 4319817.543, 61
Trd, 4319818.893, 67
Trd, 4319819.043, 67
Trd, 4319819.393, 67
Trd, 4319820.143, 87
Trd, 4319820.243, 72
Trd, 4319820.493, 69
Trd, 4319821.493, 83
Trd, 4319822.093, 69
Trd, 4319822.243, 73
Trd, 4319823.743, 64
Trd, 4319824.343, 97
Trd, 4319824.743, 119
Trd, 4319825.143, 104
Trd, 4319825.393, 96
Trd, 4319825.443, 95
Trd, 4319826.143, 68
Trd, 4319829.243, 60
Trd, 4319829.443, 61
Trd, 4319830.043, 84
Trd, 4319830.293, 63
Trd, 4319830.493, 81
Trd, 4319831.293, 66
Trd, 4319831.743, 62
Trd, 4319832.343, 86
Trd, 4319832.643, 70
Trd, 4319833.643, 88
Trd, 4319833.843, 71
Trd, 4319835.343, 139
Trd, 4319837.043, 63
Trd, 4319837.093, 66
Trd, 4319837.643, 65
Trd, 4319839.493, 87
Trd, 4319839.843, 85
Trd, 4319839.993, 108
Trd, 4319840.243, 87
Trd, 4319840.793, 100
Trd, 4319841.143, 83
Trd, 4319841.443, 82
Trd, 4319841.993, 140
Trd, 4319844.043, 60
Trd, 4319845.943, 64
Trd, 4319846.493, 60
Trd, 4319846.843, 60
Trd, 4319847.493, 62
Trd, 4319847.843, 70
Trd, 4319848.193, 65
Trd, 4319848.693, 72
Trd, 4319848.843, 63
Trd, 4319849.393, 139
Trd, 4319849.893, 63
Trd, 4319852.243, 71
Trd, 4319852.693, 71
Trd, 4319852.743, 70
Trd, 4319852.993, 81
Trd, 4319853.743, 77
Trd, 4319854.343, 71
Trd, 4319854.843, 117
Trd, 4319855.993, 72
Trd, 4319856.043, 72
Trd, 4319856.543, 71
Trd, 4319856.693, 65
Trd, 4319858.293, 70
Trd, 4319859.843, 83
Trd, 4319860.793, 72
Trd, 4319860.893, 70
Trd, 4319860.993, 68
Trd, 4319861.093, 89
Trd, 4319861.493, 72
Trd, 4319862.343, 82
Trd, 4319864.293, 98
Trd, 4319864.793, 119
Trd, 4319865.293, 101
Trd, 4319865.893, 99
Trd, 4319865.993, 98
Trd, 4319866.893, 140
Trd, 4319867.093, 76
Trd, 4319867.943, 75
Trd, 4319868.893, 88
Trd, 4319869.993, 92
Trd, 4319870.043, 89
Trd, 4319870.443, 76
Trd, 4319870.943, 71
Trd, 4319874.243, 63
Trd, 4319874.443, 78
Trd, 4319875.943, 65
Trd, 4319876.793, 63
Trd, 4319876.993, 105
Trd, 4319877.593, 64
Trd, 4319877.743, 84
Trd, 4319878.143, 65
Trd, 4319878.443, 132
Trd, 4319878.593, 101
Trd, 4319879.293, 101
Trd, 4319880.943, 105
Trd, 4319881.943, 104
Trd, 4319882.343, 140
Trd, 4319882.693, 140
Trd, 4319883.343, 134
Trd, 4319883.393, 124
Trd, 4319883.943, 88
Trd, 4319885.393, 84
Trd, 4319885.993, 111
Trd, 4319886.193, 96
Trd, 4319886.543, 92
Trd, 4319886.793, 70
Trd, 4319887.243, 121
Trd, 4319888.643, 72
Trd, 4319890.443, 96
Trd, 4319890.843, 103
Trd, 4319891.643, 136
Trd, 4319892.293, 100
Trd, 4319892.993, 98
Trd, 4319893.193, 96
Trd, 4319894.343, 84
Trd, 4319894.793, 69
Trd, 4319895.043, 65
Trd, 4319895.143, 69
Trd, 4319896.443, 72
Trd, 4319896.693, 69
Trd, 4319897.043, 78
Trd, 4319898.143, 75
Trd, 4319899.093, 88
Trd, 4319899.143, 87
Trd, 4319900.343, 123
Trd, 4319901.693, 85
Trd, 4319902.793, 61
Trd, 4319903.293, 62
Trd, 4319904.243, 83
Trd, 4319904.593, 75
Trd, 4319904.793, 81
Trd, 4319904.893, 81
Trd, 4319907.143, 63
Trd, 4319908.393, 63
Trd, 4319909.093, 69
Trd, 4319909.293, 63
Trd, 4319909.843, 78
Trd, 4319911.193, 68
Trd, 4319911.493, 65
Trd, 4319911.893, 89
Trd, 4319912.793, 85
Trd, 4319913.693, 108
Trd, 4319914.443, 63
Trd, 4319914.643, 136
Trd, 4319916.643, 65
Trd, 4319916.843, 111
Trd, 4319917.243, 73
Trd, 4319919.393, 82
Trd, 4319919.643, 66
Trd, 4319920.093, 67
Trd, 4319920.893, 80
Trd, 4319921.243, 72
Trd, 4319922.293, 78
Trd, 4319923.093, 78
Trd, 4319923.143, 77
Trd, 4319923.443, 76
Trd, 4319923.743, 79
Trd, 4319924.193, 130
Trd, 4319924.543, 70
Trd, 4319926.243, 104
Trd, 4319926.843, 61
Trd, 4319927.693, 90
Trd, 4319927.943, 71
Trd, 4319929.443, 74
Trd, 4319929.543, 71
Trd, 4319929.593, 71
Trd, 4319929.793, 139
Trd, 4319930.343, 63
Trd, 4319930.943, 103
Trd, 4319931.693, 127
Trd, 4319931.893, 125
Trd, 4319932.893, 61
Trd, 4319934.043, 71
Trd, 4319936.443, 69
Trd, 4319936.693, 70
Trd, 4319937.093, 68
Trd, 4319937.443, 85
Trd, 4319938.293, 135
Trd, 4319938.593, 131
Trd, 4319939.293, 94
Trd, 4319939.493, 85
Trd, 4319939.993, 74
Trd, 4319940.093, 78
Trd, 4319940.693, 76
Trd, 4319941.193, 100
Trd, 4319941.343, 72
Trd, 4319943.193, 82
Trd, 4319944.143, 82
Trd, 4319944.493, 79
Trd, 4319944.643, 87
Trd, 4319944.693, 78
Trd, 4319945.343, 70
Trd, 4319945.743, 96
Trd, 4319947.343, 62
Trd, 4319947.793, 70
Trd, 4319949.243, 69
Trd, 4319949.493, 69
Trd, 4319950.093, 71
Trd, 4319950.393, 68
Trd, 4319950.643, 88
Trd, 4319951.093, 91
Trd, 4319951.493, 89
Trd, 4319952.243, 88
Trd, 4319952.293, 88
Trd, 4319953.893, 78
Trd, 4319954.293, 77
Trd, 4319954.943, 67
Trd, 4319955.093, 71
Trd, 4319955.493, 71
Trd, 4319956.293, 140
Trd, 4319957.343, 85
Trd, 4319958.843, 130
Trd, 4319959.943, 60
Trd, 4319960.343, 60
Trd, 4319962.593, 71
Trd, 4319962.693, 77
Trd, 4319962.743, 70
Trd, 4319963.293, 114
Trd, 4319963.843, 94
Trd, 4319963.993, 93
Trd, 4319964.593, 94
Trd, 4319965.143, 140
Trd, 4319965.593, 134
Trd, 4319966.143, 91
Trd, 4319968.243, 67
Trd, 4319969.043, 93
Trd, 4319969.243, 71
Trd, 4319970.843, 70
Trd, 4319971.343, 70
Trd, 4319971.693, 76
Trd, 4319972.643, 123
Trd, 4319972.793, 86
Trd, 4319972.893, 75
Trd, 4319972.943, 70
Trd, 4319975.293, 62
Trd, 4319977.693, 60
Trd, 4319978.693, 61
Trd, 4319979.043, 74
Trd, 4319979.143, 79
Trd, 4319979.493, 63
Trd, 4319979.593, 64
Trd, 4319980.143, 65
Trd, 4319980.843, 64
Trd, 4319982.393, 60
Trd, 4319983.093, 71
Trd, 4319983.443, 67
Trd, 4319983.493, 61
Trd, 4319984.893, 81
Trd, 4319985.193, 92
Trd, 4319985.243, 68
Trd, 4319985.943, 62
Trd, 4319987.693, 69
Trd, 4319989.243, 62
Trd, 4319989.443, 71
Trd, 4319991.843, 62
Trd, 4319992.193, 63
Trd, 4319992.643, 64
Trd, 4319992.893, 65
Trd, 4319993.193, 64
Trd, 4319993.543, 86
Trd, 4319993.843, 66
Trd, 4319995.293, 97
Trd, 4319996.293, 136
Trd, 4319997.593, 95
Trd, 4319997.693, 94
Trd, 4319997.993, 84
Trd, 4319998.493, 83
Trd, 4319999.643, 97
Trd, 4319999.693, 80
