Trd, 4318132.193, 61
Trd, 4318132.243, 63
Trd, 4318132.543, 61
Trd, 4318133.993, 65
Trd, 4318136.843, 74
Trd, 4318136.993, 101
Trd, 4318137.143, 71
Trd, 4318137.343, 69
Trd, 4318139.343, 62
Trd, 4318140.993, 61
Trd, 4318141.743, 62
Trd, 4318142.093, 62
Trd, 4318142.493, 63
Trd, 4318142.543, 61
Trd, 4318143.093, 74
Trd, 4318143.343, 139
Trd, 4318144.643, 65
Trd, 4318145.893, 140
Trd, 4318146.143, 140
Trd, 4318147.393, 106
Trd, 4318148.743, 140
Trd, 4318148.843, 140
Trd, 4318149.243, 140
Trd, 4318150.343, 140
Trd, 4318150.743, 140
Trd, 4318150.793, 140
Trd, 4318151.643, 60
Trd, 4318151.893, 60
Trd, 4318152.993, 140
Trd, 4318154.393, 140
Trd, 4318154.643, 140
Trd, 4318155.093, 140
Trd, 4318155.543, 140
Trd, 4318156.293, 140
Trd, 4318156.543, 140
Trd, 4318157.093, 140
Trd, 4318158.443, 140
Trd, 4318158.993, 140
Trd, 4318159.593, 140
Trd, 4318159.743, 140
Trd, 4318159.943, 85
Trd, 4318161.243, 140
Trd, 4318161.593, 127
Trd, 4318161.793, 111
Trd, 4318162.943, 110
Trd, 4318163.693, 111
Trd, 4318164.293, 109
Trd, 4318166.193, 95
Trd, 4318166.443, 94
Trd, 4318166.543, 100
Trd, 4318166.993, 126
Trd, 4318167.643, 93
Trd, 4318168.093, 134
Trd, 4318168.993, 96
Trd, 4318169.843, 122
Trd, 4318170.143, 97
Trd, 4318170.843, 140
Trd, 4318171.793, 140
Trd, 4318173.193, 140
Trd, 4318174.193, 140
Trd, 4318174.593, 140
Trd, 4318175.093, 140
Trd, 4318175.443, 140
Trd, 4318175.493, 140
Trd, 4318176.243, 140
Trd, 4318177.293, 140
Trd, 4318177.843, 129
Trd, 4318178.193, 108
Trd, 4318178.293, 107
Trd, 4318179.193, 118
Trd, 4318179.443, 118
Trd, 4318179.793, 119
Trd, 4318180.843, 139
Trd, 4318181.893, 60
Trd, 4318182.743, 64
Trd, 4318183.643, 140
Trd, 4318183.793, 140
Trd, 4318184.393, 140
Trd, 4318185.843, 140
Trd, 4318185.943, 140
Trd, 4318186.093, 140
Trd, 4318186.143, 140
Trd, 4318187.343, 60
Trd, 4318187.693, 61
Trd, 4318189.343, 62
Trd, 4318191.193, 61
Trd, 4318191.393, 64
Trd, 4318191.943, 67
Trd, 4318191.993, 66
Trd, 4318192.443, 67
Trd, 4318192.843, 66
Trd, 4318193.343, 67
Trd, 4318193.893, 70
Trd, 4318194.743, 68
Trd, 4318195.343, 79
Trd, 4318196.393, 140
Trd, 4318196.793, 74
Trd, 4318197.593, 77
Trd, 4318198.043, 77
Trd, 4318199.543, 72
Trd, 4318200.243, 138
Trd, 4318200.343, 77
Trd, 4318201.493, 88
Trd, 4318201.693, 73
Trd, 4318203.093, 62
Trd, 4318204.093, 67
Trd, 4318204.493, 66
Trd, 4318205.443, 69
Trd, 4318205.593, 92
Trd, 4318206.143, 122
Trd, 4318206.443, 99
Trd, 4318208.543, 107
Trd, 4318208.643, 106
Trd, 4318209.443, 108
Trd, 4318209.593, 107
Trd, 4318210.093, 108
Trd, 4318210.193, 121
Trd, 4318210.943, 136
Trd, 4318211.293, 88
Trd, 4318213.393, 108
Trd, 4318213.543, 93
Trd, 4318214.143, 96
Trd, 4318214.493, 135
Trd, 4318215.343, 128
Trd, 4318215.393, 99
Trd, 4318215.993, 100
Trd, 4318217.193, 139
Trd, 4318217.943, 140
Trd, 4318220.443, 140
Trd, 4318220.493, 139
Trd, 4318220.693, 139
Trd, 4318220.893, 139
Trd, 4318221.093, 138
Trd, 4318221.243, 136
Trd, 4318221.643, 135
Trd, 4318222.943, 140
Trd, 4318223.093, 135
Trd, 4318223.793, 66
Trd, 4318225.643, 60
Trd, 4318225.893, 60
Trd, 4318226.593, 60
Trd, 4318228.993, 61
Trd, 4318229.043, 64
Trd, 4318229.343, 63
Trd, 4318229.593, 62
Trd, 4318229.943, 97
Trd, 4318230.843, 95
Trd, 4318233.593, 60
Trd, 4318233.893, 60
Trd, 4318234.393, 60
Trd, 4318234.693, 61
Trd, 4318235.443, 61
Trd, 4318235.843, 60
Trd, 4318236.293, 70
Trd, 4318238.443, 64
Trd, 4318238.593, 75
Trd, 4318239.243, 68
Trd, 4318239.443, 66
Trd, 4318239.643, 115
Trd, 4318239.743, 65
Trd, 4318241.643, 60
Trd, 4318243.293, 60
Trd, 4318243.393, 61
Trd, 4318244.293, 70
Trd, 4318245.493, 61
Trd, 4318246.693, 61
Trd, 4318247.043, 62
Trd, 4318247.293, 61
Trd, 4318247.393, 60
Trd, 4318247.543, 60
Trd, 4318248.693, 140
Trd, 4318250.143, 68
Trd, 4318250.493, 71
Trd, 4318250.693, 67
Trd, 4318251.243, 69
Trd, 4318252.393, 114
Trd, 4318252.543, 74
Trd, 4318253.343, 74
Trd, 4318253.593, 73
Trd, 4318255.643, 66
Trd, 4318255.743, 67
Trd, 4318256.793, 140
Trd, 4318256.943, 140
Trd, 4318258.043, 140
Trd, 4318258.193, 140
Trd, 4318258.393, 138
Trd, 4318259.593, 140
Trd, 4318259.793, 140
Trd, 4318261.093, 87
Trd, 4318261.543, 125
Trd, 4318262.143, 140
Trd, 4318262.343, 138
Trd, 4318263.293, 113
Trd, 4318263.993, 83
Trd, 4318265.543, 140
Trd, 4318265.943, 140
Trd, 4318266.343, 140
Trd, 4318267.143, 86
Trd, 4318267.293, 85
Trd, 4318267.593, 82
Trd, 4318268.093, 79
Trd, 4318269.593, 60
Trd, 4318270.093, 61
Trd, 4318270.343, 61
Trd, 4318270.543, 62
Trd, 4318271.143, 62
Trd, 4318271.743, 64
Trd, 4318271.993, 67
Trd, 4318273.093, 73
Trd, 4318273.893, 140
Trd, 4318275.143, 81
Trd, 4318275.193, 80
Trd, 4318276.093, 140
Trd, 4318276.893, 84
Trd, 4318276.993, 83
Trd, 4318279.043, 91
Trd, 4318279.243, 114
Trd, 4318279.943, 102
Trd, 4318279.993, 92
Trd, 4318280.193, 91
Trd, 4318280.693, 93
Trd, 4318281.443, 94
Trd, 4318281.843, 102
Trd, 4318282.993, 116
Trd, 4318283.243, 102
Trd, 4318283.793, 102
Trd, 4318284.793, 140
Trd, 4318285.393, 136
Trd, 4318286.393, 139
Trd, 4318286.843, 138
Trd, 4318287.043, 136
Trd, 4318287.143, 92
Trd, 4318288.893, 140
Trd, 4318288.943, 140
Trd, 4318289.843, 140
Trd, 4318289.893, 104
Trd, 4318290.193, 74
Trd, 4318290.943, 75
Trd, 4318292.493, 63
Trd, 4318292.643, 64
Trd, 4318293.643, 60
Trd, 4318294.543, 65
Trd, 4318295.243, 111
Trd, 4318296.293, 136
Trd, 4318296.393, 134
Trd, 4318296.793, 98
Trd, 4318297.793, 71
Trd, 4318298.843, 139
Trd, 4318299.593, 110
Trd, 4318300.043, 109
Trd, 4318300.093, 89
Trd, 4318301.193, 65
Trd, 4318302.943, 60
Trd, 4318303.893, 63
Trd, 4318306.343, 62
Trd, 4318306.393, 63
Trd, 4318306.493, 60
Trd, 4318307.193, 60
Trd, 4318308.043, 60
Trd, 4318308.393, 63
Trd, 4318308.843, 61
Trd, 4318309.993, 82
Trd, 4318310.343, 76
Trd, 4318310.893, 104
Trd, 4318313.193, 60
Trd, 4318313.593, 60
Trd, 4318314.093, 60
Trd, 4318315.843, 65
Trd, 4318317.143, 61
Trd, 4318320.143, 60
Trd, 4318320.193, 60
Trd, 4318320.793, 60
Trd, 4318321.093, 61
Trd, 4318321.143, 60
Trd, 4318321.843, 65
Trd, 4318322.143, 63
Trd, 4318322.543, 69
Trd, 4318324.093, 63
Trd, 4318325.543, 60
Trd, 4318329.193, 62
Trd, 4318329.493, 60
Trd, 4318330.843, 61
Trd, 4318332.543, 61
Trd, 4318333.393, 62
Trd, 4318334.193, 63
Trd, 4318334.593, 67
Trd, 4318335.243, 67
Trd, 4318335.693, 118
Trd, 4318335.943, 68
Trd, 4318335.993, 67
Trd, 4318337.543, 67
Trd, 4318338.493, 62
Trd, 4318339.943, 63
Trd, 4318339.993, 62
Trd, 4318340.143, 64
Trd, 4318340.443, 61
Trd, 4318340.693, 60
Trd, 4318341.093, 66
Trd, 4318342.593, 60
Trd, 4318344.943, 68
Trd, 4318346.643, 61
Trd, 4318346.693, 62
Trd, 4318346.993, 60
Trd, 4318349.393, 60
Trd, 4318350.143, 62
Trd, 4318351.043, 61
Trd, 4318351.743, 68
Trd, 4318351.943, 69
Trd, 4318352.893, 61
Trd, 4318353.443, 61
Trd, 4318353.493, 119
Trd, 4318353.543, 60
Trd, 4318354.093, 64
Trd, 4318354.893, 60
Trd, 4318354.943, 63
Trd, 4318356.593, 62
Trd, 4318356.943, 63
Trd, 4318360.543, 62
Trd, 4318361.393, 60
Trd, 4318362.043, 62
Trd, 4318362.493, 64
Trd, 4318362.593, 69
Trd, 4318363.343, 100
Trd, 4318363.693, 100
Trd, 4318363.843, 101
Trd, 4318364.693, 104
Trd, 4318364.743, 103
Trd, 4318366.343, 122
Trd, 4318366.493, 121
Trd, 4318366.543, 102
Trd, 4318368.343, 140
Trd, 4318368.843, 140
Trd, 4318369.143, 140
Trd, 4318369.593, 140
Trd, 4318369.943, 140
Trd, 4318370.643, 140
Trd, 4318370.943, 140
Trd, 4318371.793, 140
Trd, 4318372.293, 140
Trd, 4318372.793, 140
Trd, 4318373.593, 140
Trd, 4318374.193, 140
Trd, 4318375.743, 140
Trd, 4318376.393, 86
Trd, 4318377.593, 92
Trd, 4318377.993, 139
Trd, 4318378.293, 110
Trd, 4318378.793, 137
Trd, 4318380.093, 132
Trd, 4318380.393, 132
Trd, 4318380.743, 131
Trd, 4318381.193, 139
Trd, 4318382.293, 135
Trd, 4318383.243, 140
Trd, 4318383.443, 134
Trd, 4318383.643, 133
Trd, 4318384.793, 140
Trd, 4318385.243, 140
Trd, 4318386.143, 140
Trd, 4318386.893, 140
Trd, 4318387.843, 140
Trd, 4318388.143, 140
Trd, 4318389.193, 140
Trd, 4318389.743, 140
Trd, 4318389.893, 117
Trd, 4318390.443, 129
Trd, 4318390.893, 72
Trd, 4318392.193, 140
Trd, 4318392.593, 140
Trd, 4318392.793, 139
Trd, 4318393.243, 139
Trd, 4318393.443, 139
Trd, 4318394.843, 125
Trd, 4318395.193, 124
Trd, 4318396.543, 140
Trd, 4318397.493, 140
Trd, 4318397.943, 140
Trd, 4318399.043, 140
Trd, 4318399.193, 140
Trd, 4318399.343, 140
Trd, 4318400.643, 140
Trd, 4318401.793, 140
Trd, 4318401.943, 140
Trd, 4318402.143, 129
Trd, 4318403.193, 89
Trd, 4318403.743, 85
Trd, 4318404.493, 70
Trd, 4318406.443, 140
Trd, 4318406.643, 140
Trd, 4318407.543, 140
Trd, 4318407.893, 140
Trd, 4318408.093, 140
Trd, 4318408.243, 140
Trd, 4318408.443, 140
Trd, 4318409.843, 131
Trd, 4318410.843, 132
Trd, 4318411.893, 135
Trd, 4318412.443, 137
Trd, 4318412.793, 138
Trd, 4318413.843, 133
Trd, 4318415.043, 79
Trd, 4318415.543, 140
Trd, 4318415.693, 93
Trd, 4318416.343, 97
Trd, 4318416.893, 97
Trd, 4318417.643, 99
Trd, 4318418.343, 95
Trd, 4318418.493, 101
Trd, 4318419.343, 138
Trd, 4318419.443, 135
Trd, 4318421.343, 140
Trd, 4318421.693, 140
Trd, 4318422.493, 140
Trd, 4318422.743, 140
Trd, 4318423.893, 140
Trd, 4318424.443, 140
Trd, 4318424.793, 140
Trd, 4318425.393, 140
Trd, 4318426.693, 137
Trd, 4318427.243, 63
Trd, 4318428.093, 60
Trd, 4318429.843, 62
Trd, 4318430.343, 61
Trd, 4318431.143, 62
Trd, 4318432.943, 60
Trd, 4318433.093, 61
Trd, 4318433.393, 64
Trd, 4318433.843, 65
Trd, 4318433.943, 63
Trd, 4318435.343, 61
Trd, 4318435.593, 62
Trd, 4318435.893, 140
Trd, 4318436.343, 137
Trd, 4318436.593, 68
Trd, 4318440.143, 61
Trd, 4318440.243, 61
Trd, 4318440.443, 61
Trd, 4318440.543, 61
Trd, 4318440.893, 62
Trd, 4318441.393, 69
Trd, 4318442.043, 70
Trd, 4318442.693, 75
Trd, 4318442.993, 73
Trd, 4318444.293, 73
Trd, 4318444.543, 60
Trd, 4318446.343, 65
Trd, 4318446.593, 64
Trd, 4318446.643, 70
Trd, 4318447.543, 64
Trd, 4318448.193, 64
Trd, 4318448.393, 68
Trd, 4318450.993, 60
Trd, 4318451.443, 60
Trd, 4318452.043, 60
Trd, 4318455.243, 60
Trd, 4318456.293, 63
Trd, 4318456.343, 62
Trd, 4318456.593, 65
Trd, 4318456.843, 63
Trd, 4318456.893, 66
Trd, 4318458.143, 74
Trd, 4318458.193, 73
Trd, 4318458.243, 71
Trd, 4318458.843, 140
Trd, 4318460.043, 60
Trd, 4318460.593, 60
Trd, 4318462.093, 60
Trd, 4318462.843, 64
Trd, 4318463.293, 66
Trd, 4318467.393, 61
Trd, 4318467.593, 61
Trd, 4318468.493, 63
Trd, 4318468.543, 62
Trd, 4318468.743, 65
Trd, 4318470.043, 74
Trd, 4318470.543, 68
Trd, 4318470.843, 67
Trd, 4318471.043, 66
Trd, 4318472.043, 62
Trd, 4318472.543, 62
Trd, 4318473.943, 63
Trd, 4318474.643, 60
Trd, 4318475.543, 65
Trd, 4318477.393, 60
Trd, 4318477.443, 61
Trd, 4318477.843, 62
Trd, 4318478.293, 64
Trd, 4318479.393, 140
Trd, 4318479.493, 140
Trd, 4318479.943, 139
Trd, 4318481.043, 140
Trd, 4318481.843, 140
Trd, 4318482.393, 92
Trd, 4318483.093, 138
Trd, 4318484.443, 60
Trd, 4318484.643, 63
Trd, 4318485.743, 64
Trd, 4318485.843, 68
Trd, 4318486.243, 65
Trd, 4318486.293, 64
Trd, 4318487.593, 69
Trd, 4318487.893, 82
Trd, 4318488.693, 75
Trd, 4318488.993, 75
Trd, 4318489.793, 76
Trd, 4318490.043, 73
Trd, 4318490.943, 72
Trd, 4318491.493, 73
Trd, 4318491.943, 71
Trd, 4318492.743, 134
Trd, 4318493.593, 64
Trd, 4318494.493, 62
Trd, 4318494.543, 68
Trd, 4318494.693, 79
Trd, 4318496.993, 60
Trd, 4318497.893, 61
Trd, 4318499.243, 65
Trd, 4318499.393, 115
Trd, 4318499.643, 65
Trd, 4318500.043, 62
Trd, 4318500.843, 65
Trd, 4318502.143, 71
Trd, 4318502.943, 126
Trd, 4318503.093, 70
Trd, 4318503.443, 70
Trd, 4318504.193, 70
Trd, 4318504.793, 65
Trd, 4318505.443, 73
Trd, 4318509.293, 60
Trd, 4318509.643, 60
Trd, 4318509.893, 65
Trd, 4318510.293, 62
Trd, 4318510.443, 69
Trd, 4318510.893, 62
Trd, 4318510.943, 71
Trd, 4318512.343, 68
Trd, 4318512.793, 72
Trd, 4318513.193, 129
Trd, 4318514.443, 75
Trd, 4318514.493, 71
Trd, 4318514.743, 70
Trd, 4318515.343, 95
Trd, 4318516.593, 140
Trd, 4318516.843, 140
Trd, 4318517.593, 140
Trd, 4318517.993, 138
Trd, 4318518.643, 112
Trd, 4318520.043, 140
Trd, 4318520.743, 140
Trd, 4318522.443, 140
Trd, 4318522.493, 140
Trd, 4318523.193, 140
Trd, 4318524.243, 140
Trd, 4318524.993, 140
Trd, 4318525.893, 140
Trd, 4318526.893, 140
Trd, 4318527.043, 140
Trd, 4318527.743, 140
Trd, 4318528.593, 140
Trd, 4318528.643, 140
Trd, 4318530.743, 140
Trd, 4318530.893, 140
Trd, 4318530.943, 140
Trd, 4318531.193, 140
Trd, 4318531.343, 140
Trd, 4318531.893, 140
Trd, 4318532.693, 140
Trd, 4318534.343, 140
Trd, 4318534.793, 124
Trd, 4318536.243, 139
Trd, 4318536.843, 128
Trd, 4318536.993, 127
Trd, 4318537.643, 118
Trd, 4318537.893, 107
Trd, 4318538.293, 108
Trd, 4318538.543, 109
Trd, 4318539.593, 112
Trd, 4318539.743, 111
Trd, 4318540.193, 111
Trd, 4318540.243, 110
Trd, 4318541.843, 140
Trd, 4318542.343, 65
Trd, 4318543.793, 74
Trd, 4318544.143, 96
Trd, 4318544.293, 121
Trd, 4318545.943, 91
Trd, 4318546.543, 92
Trd, 4318547.143, 139
Trd, 4318547.193, 95
Trd, 4318547.793, 96
Trd, 4318548.043, 138
Trd, 4318548.093, 136
Trd, 4318548.243, 82
Trd, 4318549.943, 140
Trd, 4318550.043, 138
Trd, 4318550.143, 85
Trd, 4318550.543, 86
Trd, 4318551.793, 140
Trd, 4318552.093, 140
Trd, 4318552.843, 139
Trd, 4318553.043, 134
Trd, 4318554.593, 83
Trd, 4318555.043, 135
Trd, 4318555.443, 137
Trd, 4318555.993, 97
Trd, 4318560.593, 62
Trd, 4318560.693, 61
Trd, 4318560.743, 62
Trd, 4318560.993, 61
Trd, 4318561.443, 63
Trd, 4318562.243, 64
Trd, 4318562.543, 63
Trd, 4318562.643, 87
Trd, 4318563.993, 66
Trd, 4318564.493, 66
Trd, 4318565.943, 88
Trd, 4318566.093, 87
Trd, 4318566.243, 93
Trd, 4318566.793, 86
Trd, 4318567.193, 89
Trd, 4318567.893, 61
Trd, 4318569.243, 63
Trd, 4318570.193, 64
Trd, 4318570.493, 65
Trd, 4318570.643, 99
Trd, 4318570.743, 64
Trd, 4318570.993, 65
Trd, 4318571.593, 64
Trd, 4318572.993, 96
Trd, 4318573.443, 68
Trd, 4318574.543, 124
Trd, 4318574.943, 123
Trd, 4318575.493, 123
Trd, 4318576.493, 123
Trd, 4318576.593, 122
Trd, 4318577.743, 140
Trd, 4318577.993, 140
Trd, 4318578.743, 140
Trd, 4318578.843, 140
Trd, 4318579.043, 121
Trd, 4318580.543, 60
Trd, 4318581.193, 60
Trd, 4318581.993, 60
Trd, 4318584.293, 60
Trd, 4318585.143, 60
Trd, 4318585.643, 60
Trd, 4318587.643, 60
Trd, 4318587.743, 61
Trd, 4318587.943, 62
Trd, 4318588.243, 61
Trd, 4318588.543, 62
Trd, 4318588.643, 67
Trd, 4318591.643, 60
Trd, 4318592.093, 64
Trd, 4318592.643, 60
Trd, 4318592.893, 63
Trd, 4318593.243, 63
Trd, 4318593.543, 75
Trd, 4318593.693, 66
Trd, 4318593.943, 131
Trd, 4318594.743, 67
Trd, 4318595.443, 71
Trd, 4318596.493, 83
Trd, 4318596.743, 116
Trd, 4318599.243, 60
Trd, 4318601.093, 60
Trd, 4318601.843, 60
Trd, 4318601.893, 61
Trd, 4318602.593, 63
Trd, 4318604.243, 71
Trd, 4318604.293, 64
Trd, 4318604.643, 105
Trd, 4318604.793, 66
Trd, 4318605.443, 71
Trd, 4318606.193, 68
Trd, 4318607.943, 61
Trd, 4318609.843, 61
Trd, 4318610.443, 62
Trd, 4318611.143, 62
Trd, 4318611.393, 61
Trd, 4318611.843, 67
Trd, 4318612.093, 61
Trd, 4318612.243, 62
Trd, 4318613.393, 76
Trd, 4318614.493, 68
Trd, 4318614.643, 69
Trd, 4318614.943, 69
Trd, 4318615.143, 69
Trd, 4318615.993, 64
Trd, 4318618.543, 140
Trd, 4318618.743, 140
Trd, 4318619.643, 140
Trd, 4318619.893, 140
Trd, 4318620.643, 140
Trd, 4318620.943, 140
Trd, 4318621.443, 140
Trd, 4318621.843, 140
Trd, 4318622.493, 129
Trd, 4318622.893, 130
Trd, 4318623.593, 140
Trd, 4318624.093, 140
Trd, 4318624.393, 82
Trd, 4318624.993, 140
Trd, 4318625.843, 96
Trd, 4318626.343, 60
Trd, 4318626.793, 91
Trd, 4318628.793, 62
Trd, 4318629.793, 63
Trd, 4318631.093, 100
Trd, 4318631.593, 126
Trd, 4318632.943, 61
Trd, 4318634.893, 68
Trd, 4318635.243, 69
Trd, 4318635.493, 68
Trd, 4318635.843, 68
Trd, 4318636.043, 94
Trd, 4318637.643, 140
Trd, 4318637.993, 140
Trd, 4318638.943, 140
Trd, 4318639.243, 140
Trd, 4318639.843, 140
Trd, 4318639.943, 140
Trd, 4318640.543, 140
Trd, 4318641.493, 140
Trd, 4318641.943, 140
Trd, 4318642.493, 140
Trd, 4318642.693, 62
Trd, 4318643.393, 62
Trd, 4318646.593, 60
Trd, 4318648.993, 60
Trd, 4318649.193, 60
Trd, 4318649.293, 60
Trd, 4318649.543, 63
Trd, 4318649.793, 66
Trd, 4318650.193, 62
Trd, 4318650.743, 62
Trd, 4318651.093, 63
Trd, 4318651.793, 68
Trd, 4318651.893, 67
Trd, 4318652.093, 135
Trd, 4318653.293, 62
Trd, 4318653.943, 69
Trd, 4318654.893, 63
Trd, 4318657.043, 60
Trd, 4318657.243, 60
Trd, 4318657.493, 62
Trd, 4318657.893, 64
Trd, 4318658.493, 62
Trd, 4318659.043, 62
Trd, 4318660.793, 77
Trd, 4318660.943, 77
Trd, 4318661.093, 111
Trd, 4318661.243, 77
Trd, 4318661.693, 73
Trd, 4318662.193, 69
Trd, 4318662.843, 63
Trd, 4318663.393, 86
Trd, 4318664.593, 132
Trd, 4318664.793, 132
Trd, 4318666.443, 140
Trd, 4318667.193, 140
Trd, 4318667.293, 137
Trd, 4318668.043, 138
Trd, 4318668.243, 137
Trd, 4318668.843, 140
Trd, 4318669.043, 133
Trd, 4318670.543, 60
Trd, 4318673.393, 60
Trd, 4318673.493, 60
Trd, 4318674.193, 60
Trd, 4318674.293, 61
Trd, 4318675.093, 64
Trd, 4318675.843, 69
Trd, 4318676.093, 68
Trd, 4318677.093, 71
Trd, 4318677.293, 79
Trd, 4318677.943, 71
Trd, 4318678.193, 60
Trd, 4318678.343, 60
Trd, 4318678.593, 60
Trd, 4318682.693, 60
Trd, 4318683.743, 65
Trd, 4318685.093, 60
Trd, 4318685.243, 60
Trd, 4318685.443, 65
Trd, 4318687.593, 60
Trd, 4318688.143, 60
Trd, 4318688.443, 60
Trd, 4318688.893, 62
Trd, 4318689.143, 119
Trd, 4318689.693, 61
Trd, 4318690.543, 60
Trd, 4318690.693, 62
Trd, 4318691.993, 66
Trd, 4318692.343, 66
Trd, 4318692.443, 66
Trd, 4318692.993, 101
Trd, 4318693.193, 100
Trd, 4318693.593, 87
Trd, 4318695.093, 118
Trd, 4318695.843, 85
Trd, 4318697.393, 140
Trd, 4318697.593, 140
Trd, 4318698.593, 140
Trd, 4318698.743, 140
Trd, 4318699.443, 140
Trd, 4318699.893, 140
Trd, 4318701.493, 140
Trd, 4318701.643, 140
Trd, 4318702.743, 140
Trd, 4318702.843, 140
Trd, 4318703.093, 140
Trd, 4318703.343, 140
Trd, 4318703.443, 139
Trd, 4318703.893, 139
Trd, 4318705.043, 97
Trd, 4318707.293, 140
Trd, 4318707.493, 140
Trd, 4318707.643, 138
Trd, 4318707.893, 136
Trd, 4318709.143, 139
Trd, 4318709.543, 137
Trd, 4318709.593, 136
Trd, 4318710.093, 133
Trd, 4318711.693, 75
Trd, 4318712.843, 60
Trd, 4318713.443, 60
Trd, 4318715.043, 61
Trd, 4318715.743, 62
Trd, 4318716.093, 72
Trd, 4318716.693, 65
Trd, 4318717.143, 67
Trd, 4318717.443, 65
Trd, 4318717.893, 65
Trd, 4318719.193, 140
Trd, 4318719.693, 140
Trd, 4318720.493, 140
Trd, 4318720.843, 140
Trd, 4318720.893, 140
Trd, 4318721.593, 140
Trd, 4318722.743, 68
Trd, 4318722.793, 82
Trd, 4318723.143, 94
Trd, 4318723.743, 93
Trd, 4318723.893, 92
Trd, 4318726.193, 88
Trd, 4318727.543, 67
Trd, 4318729.043, 64
Trd, 4318730.793, 60
Trd, 4318731.093, 61
Trd, 4318731.243, 60
Trd, 4318731.593, 61
Trd, 4318731.893, 62
Trd, 4318732.093, 61
Trd, 4318732.393, 68
Trd, 4318733.493, 63
Trd, 4318734.493, 60
Trd, 4318735.043, 60
Trd, 4318735.443, 60
Trd, 4318736.193, 63
Trd, 4318736.893, 64
Trd, 4318737.043, 62
Trd, 4318738.193, 65
Trd, 4318738.793, 103
Trd, 4318739.093, 74
Trd, 4318739.243, 73
Trd, 4318739.543, 74
Trd, 4318739.843, 73
Trd, 4318741.443, 75
Trd, 4318742.893, 140
Trd, 4318744.293, 140
Trd, 4318744.943, 140
Trd, 4318745.893, 140
Trd, 4318746.193, 140
Trd, 4318746.393, 140
Trd, 4318747.493, 140
Trd, 4318747.693, 140
Trd, 4318748.043, 140
Trd, 4318748.193, 140
Trd, 4318749.793, 140
Trd, 4318750.943, 140
Trd, 4318750.993, 140
Trd, 4318751.093, 140
Trd, 4318751.343, 83
Trd, 4318752.243, 140
Trd, 4318752.793, 140
Trd, 4318753.243, 140
Trd, 4318754.293, 139
Trd, 4318755.893, 67
Trd, 4318756.043, 62
Trd, 4318756.393, 62
Trd, 4318756.743, 65
Trd, 4318756.843, 78
Trd, 4318757.193, 66
Trd, 4318757.893, 116
Trd, 4318758.543, 63
Trd, 4318758.943, 62
Trd, 4318759.693, 107
Trd, 4318760.893, 66
Trd, 4318761.543, 80
Trd, 4318762.143, 139
Trd, 4318762.793, 61
Trd, 4318763.543, 61
Trd, 4318764.643, 63
Trd, 4318766.143, 61
Trd, 4318766.343, 61
Trd, 4318766.943, 62
Trd, 4318768.393, 62
Trd, 4318768.693, 63
Trd, 4318768.843, 62
Trd, 4318769.143, 122
Trd, 4318770.693, 140
Trd, 4318770.843, 140
Trd, 4318771.143, 140
Trd, 4318771.443, 140
Trd, 4318771.643, 139
Trd, 4318772.143, 94
Trd, 4318772.193, 92
Trd, 4318773.543, 136
Trd, 4318773.843, 136
Trd, 4318774.993, 140
Trd, 4318775.443, 139
Trd, 4318775.693, 139
Trd, 4318777.093, 140
Trd, 4318777.843, 75
Trd, 4318779.193, 62
Trd, 4318779.993, 64
Trd, 4318782.693, 60
Trd, 4318783.243, 60
Trd, 4318785.143, 61
Trd, 4318785.293, 62
Trd, 4318785.343, 65
Trd, 4318785.693, 107
Trd, 4318785.993, 67
Trd, 4318787.043, 74
Trd, 4318789.643, 140
Trd, 4318789.843, 140
Trd, 4318789.893, 140
Trd, 4318790.443, 67
Trd, 4318791.393, 65
Trd, 4318791.843, 140
Trd, 4318791.993, 140
Trd, 4318792.993, 140
Trd, 4318793.593, 140
Trd, 4318793.843, 140
Trd, 4318794.193, 140
Trd, 4318794.343, 140
Trd, 4318796.043, 140
Trd, 4318796.443, 139
Trd, 4318796.493, 130
Trd, 4318797.143, 134
Trd, 4318797.793, 60
Trd, 4318799.693, 60
Trd, 4318800.893, 60
Trd, 4318803.493, 60
Trd, 4318803.743, 60
Trd, 4318803.893, 60
Trd, 4318804.043, 60
Trd, 4318804.643, 60
Trd, 4318805.693, 63
Trd, 4318805.993, 60
Trd, 4318806.143, 77
Trd, 4318808.793, 60
Trd, 4318810.343, 63
Trd, 4318810.893, 62
Trd, 4318810.943, 63
Trd, 4318811.243, 61
Trd, 4318811.593, 63
Trd, 4318812.143, 62
Trd, 4318813.493, 63
Trd, 4318814.443, 63
Trd, 4318816.293, 60
Trd, 4318818.643, 60
Trd, 4318819.943, 64
Trd, 4318820.093, 116
Trd, 4318820.343, 67
Trd, 4318821.043, 140
Trd, 4318821.293, 140
Trd, 4318821.793, 140
Trd, 4318822.143, 67
Trd, 4318823.443, 114
Trd, 4318823.493, 83
Trd, 4318823.843, 78
Trd, 4318824.693, 81
Trd, 4318825.893, 96
Trd, 4318826.193, 86
Trd, 4318826.943, 140
Trd, 4318827.243, 85
Trd, 4318828.443, 84
Trd, 4318828.493, 71
Trd, 4318831.643, 60
Trd, 4318832.293, 60
Trd, 4318832.893, 64
Trd, 4318833.143, 66
Trd, 4318833.243, 67
Trd, 4318833.543, 72
Trd, 4318835.543, 60
Trd, 4318835.693, 61
Trd, 4318835.843, 140
Trd, 4318836.243, 63
Trd, 4318837.443, 66
Trd, 4318837.893, 95
Trd, 4318839.043, 61
Trd, 4318841.343, 60
Trd, 4318841.743, 60
Trd, 4318843.493, 61
Trd, 4318846.343, 60
Trd, 4318846.443, 61
Trd, 4318846.543, 61
Trd, 4318846.643, 63
Trd, 4318846.843, 62
Trd, 4318847.093, 77
Trd, 4318847.943, 140
Trd, 4318848.043, 140
Trd, 4318849.643, 60
Trd, 4318850.793, 88
Trd, 4318851.293, 140
Trd, 4318851.743, 86
Trd, 4318852.693, 62
Trd, 4318853.643, 62
Trd, 4318854.193, 67
Trd, 4318854.593, 65
Trd, 4318854.743, 66
Trd, 4318854.793, 63
Trd, 4318856.493, 133
Trd, 4318856.693, 110
Trd, 4318857.893, 140
Trd, 4318858.593, 123
Trd, 4318858.693, 122
Trd, 4318859.493, 125
Trd, 4318859.593, 121
Trd, 4318860.593, 109
Trd, 4318861.243, 91
Trd, 4318862.743, 61
Trd, 4318863.143, 61
Trd, 4318863.293, 62
Trd, 4318863.493, 63
Trd, 4318863.643, 64
Trd, 4318864.593, 62
Trd, 4318866.393, 110
Trd, 4318866.543, 71
Trd, 4318867.493, 76
Trd, 4318868.293, 77
Trd, 4318868.443, 76
Trd, 4318869.143, 76
Trd, 4318870.893, 60
Trd, 4318871.193, 60
Trd, 4318871.493, 67
Trd, 4318871.993, 73
Trd, 4318875.193, 60
Trd, 4318875.293, 60
Trd, 4318876.293, 60
Trd, 4318878.393, 61
Trd, 4318878.643, 61
Trd, 4318878.793, 60
Trd, 4318879.643, 66
Trd, 4318879.943, 64
Trd, 4318880.793, 129
Trd, 4318881.043, 68
Trd, 4318881.593, 68
Trd, 4318882.493, 115
Trd, 4318882.593, 97
Trd, 4318883.393, 95
Trd, 4318884.493, 96
Trd, 4318884.543, 95
Trd, 4318886.493, 140
Trd, 4318887.293, 140
Trd, 4318887.543, 140
Trd, 4318887.593, 138
Trd, 4318887.843, 102
Trd, 4318888.143, 128
Trd, 4318889.593, 140
Trd, 4318889.793, 140
Trd, 4318889.943, 137
Trd, 4318890.743, 60
Trd, 4318892.543, 60
Trd, 4318892.743, 60
Trd, 4318893.793, 60
Trd, 4318894.493, 60
Trd, 4318894.593, 64
Trd, 4318895.193, 65
Trd, 4318895.393, 64
Trd, 4318896.943, 68
Trd, 4318897.193, 68
Trd, 4318897.393, 67
Trd, 4318897.543, 65
Trd, 4318897.693, 117
Trd, 4318899.243, 63
Trd, 4318901.693, 60
Trd, 4318902.393, 61
Trd, 4318903.343, 66
Trd, 4318903.643, 67
Trd, 4318903.843, 69
Trd, 4318903.943, 67
Trd, 4318904.143, 67
Trd, 4318904.743, 113
Trd, 4318905.093, 61
Trd, 4318907.143, 60
Trd, 4318908.043, 61
Trd, 4318908.693, 64
Trd, 4318908.993, 64
Trd, 4318909.093, 86
Trd, 4318909.843, 88
Trd, 4318910.743, 71
Trd, 4318911.493, 67
Trd, 4318911.943, 67
Trd, 4318912.443, 66
Trd, 4318912.743, 94
Trd, 4318913.093, 95
Trd, 4318913.493, 114
Trd, 4318914.293, 139
Trd, 4318914.593, 65
Trd, 4318916.643, 73
Trd, 4318917.543, 60
Trd, 4318918.343, 61
Trd, 4318919.493, 66
Trd, 4318920.343, 62
Trd, 4318920.443, 62
Trd, 4318920.593, 62
Trd, 4318921.893, 88
Trd, 4318922.243, 91
Trd, 4318922.693, 89
Trd, 4318923.293, 139
Trd, 4318924.643, 140
Trd, 4318925.393, 140
Trd, 4318925.493, 140
Trd, 4318925.743, 140
Trd, 4318926.043, 140
Trd, 4318926.893, 90
Trd, 4318928.193, 139
Trd, 4318928.893, 128
Trd, 4318929.493, 131
Trd, 4318930.393, 132
Trd, 4318930.493, 131
Trd, 4318930.893, 131
Trd, 4318931.393, 140
Trd, 4318932.793, 140
Trd, 4318933.543, 140
Trd, 4318933.693, 140
Trd, 4318935.093, 77
Trd, 4318935.593, 60
Trd, 4318936.093, 60
Trd, 4318939.343, 60
Trd, 4318939.643, 60
Trd, 4318941.843, 60
Trd, 4318942.443, 61
Trd, 4318942.743, 62
Trd, 4318943.343, 62
Trd, 4318943.693, 62
Trd, 4318943.993, 63
Trd, 4318944.543, 65
Trd, 4318944.993, 63
Trd, 4318945.143, 70
Trd, 4318946.093, 140
Trd, 4318946.243, 140
Trd, 4318947.643, 136
Trd, 4318947.743, 140
Trd, 4318948.193, 137
Trd, 4318948.643, 137
Trd, 4318949.043, 62
Trd, 4318949.543, 64
Trd, 4318950.093, 66
Trd, 4318951.343, 78
Trd, 4318952.143, 78
Trd, 4318952.943, 82
Trd, 4318953.293, 81
Trd, 4318953.793, 79
Trd, 4318954.593, 61
Trd, 4318955.443, 86
Trd, 4318956.143, 140
Trd, 4318958.993, 60
Trd, 4318959.743, 60
Trd, 4318960.843, 61
Trd, 4318961.193, 62
Trd, 4318961.243, 69
Trd, 4318962.493, 60
Trd, 4318962.793, 60
Trd, 4318963.843, 64
Trd, 4318964.193, 62
Trd, 4318964.443, 62
Trd, 4318964.943, 61
Trd, 4318965.293, 62
Trd, 4318965.543, 76
Trd, 4318967.093, 60
Trd, 4318969.043, 61
Trd, 4318970.193, 60
Trd, 4318971.393, 60
Trd, 4318971.843, 66
Trd, 4318972.443, 61
Trd, 4318972.743, 60
Trd, 4318973.693, 66
Trd, 4318974.643, 99
Trd, 4318974.943, 65
Trd, 4318975.693, 64
Trd, 4318975.843, 64
Trd, 4318976.493, 63
Trd, 4318977.843, 90
Trd, 4318978.043, 89
Trd, 4318978.543, 87
Trd, 4318978.943, 71
Trd, 4318980.793, 65
Trd, 4318981.193, 68
Trd, 4318983.943, 60
Trd, 4318984.143, 60
Trd, 4318985.443, 60
Trd, 4318986.193, 63
Trd, 4318986.743, 60
Trd, 4318987.693, 60
Trd, 4318988.793, 60
Trd, 4318989.043, 60
Trd, 4318989.243, 60
Trd, 4318990.143, 64
Trd, 4318990.993, 61
Trd, 4318991.143, 69
Trd, 4318991.843, 86
Trd, 4318992.343, 61
Trd, 4318992.843, 138
Trd, 4318993.443, 60
Trd, 4318994.743, 60
Trd, 4318999.593, 60
Trd, 4318999.643, 60
Trd, 4318999.793, 62
Trd, 4319000.043, 61
Trd, 4319000.143, 66
Trd, 4319001.193, 62
Trd, 4319001.343, 115
Trd, 4319002.393, 60
Trd, 4319002.593, 140
Trd, 4319002.743, 60
Trd, 4319002.893, 137
Trd, 4319003.993, 64
Trd, 4319004.493, 74
Trd, 4319004.693, 75
Trd, 4319005.343, 71
Trd, 4319006.243, 75
Trd, 4319007.093, 76
Trd, 4319008.093, 90
Trd, 4319009.443, 140
Trd, 4319009.593, 140
Trd, 4319009.643, 140
Trd, 4319010.343, 112
Trd, 4319011.093, 135
Trd, 4319011.293, 134
Trd, 4319012.143, 132
Trd, 4319013.643, 60
Trd, 4319013.993, 60
Trd, 4319014.843, 66
Trd, 4319016.643, 61
Trd, 4319018.893, 60
Trd, 4319019.143, 61
Trd, 4319019.293, 61
Trd, 4319019.743, 60
Trd, 4319019.893, 62
Trd, 4319020.293, 60
Trd, 4319020.843, 62
Trd, 4319020.993, 61
Trd, 4319021.343, 65
Trd, 4319022.293, 137
Trd, 4319022.993, 139
Trd, 4319023.043, 138
Trd, 4319024.893, 70
Trd, 4319024.943, 94
Trd, 4319025.143, 69
Trd, 4319026.793, 62
Trd, 4319027.893, 140
Trd, 4319027.993, 140
Trd, 4319029.793, 60
Trd, 4319030.393, 60
Trd, 4319031.043, 61
Trd, 4319031.743, 60
Trd, 4319032.143, 62
Trd, 4319032.443, 63
Trd, 4319032.893, 119
Trd, 4319033.043, 64
Trd, 4319033.843, 70
Trd, 4319034.043, 69
Trd, 4319034.293, 98
Trd, 4319034.793, 66
Trd, 4319035.893, 63
Trd, 4319036.393, 61
Trd, 4319038.593, 68
Trd, 4319040.693, 60
Trd, 4319041.193, 60
Trd, 4319041.843, 61
Trd, 4319042.093, 61
Trd, 4319042.143, 66
Trd, 4319042.793, 62
Trd, 4319043.393, 65
Trd, 4319043.643, 140
Trd, 4319043.843, 137
Trd, 4319043.993, 137
Trd, 4319044.893, 140
Trd, 4319045.243, 140
Trd, 4319045.593, 140
Trd, 4319045.793, 89
Trd, 4319048.043, 140
Trd, 4319048.343, 140
Trd, 4319048.643, 140
Trd, 4319049.443, 85
Trd, 4319049.793, 87
Trd, 4319051.693, 121
Trd, 4319051.843, 93
Trd, 4319052.093, 93
Trd, 4319052.343, 139
Trd, 4319053.443, 140
Trd, 4319053.493, 140
Trd, 4319054.893, 96
Trd, 4319054.993, 91
Trd, 4319055.643, 93
Trd, 4319056.643, 140
Trd, 4319057.993, 140
Trd, 4319058.343, 140
Trd, 4319059.893, 140
Trd, 4319060.393, 140
Trd, 4319060.443, 140
Trd, 4319060.743, 139
Trd, 4319061.093, 75
Trd, 4319063.593, 60
Trd, 4319063.693, 60
Trd, 4319064.043, 61
Trd, 4319064.843, 60
Trd, 4319066.593, 60
Trd, 4319066.893, 61
Trd, 4319067.893, 67
Trd, 4319068.193, 66
Trd, 4319068.643, 68
Trd, 4319068.793, 66
Trd, 4319069.393, 68
Trd, 4319069.593, 68
Trd, 4319069.743, 68
Trd, 4319071.393, 140
Trd, 4319071.743, 140
Trd, 4319073.043, 140
Trd, 4319073.943, 140
Trd, 4319074.243, 69
Trd, 4319074.993, 60
Trd, 4319075.193, 79
Trd, 4319076.443, 140
Trd, 4319077.343, 140
Trd, 4319077.793, 140
Trd, 4319077.893, 140
Trd, 4319078.993, 140
Trd, 4319080.443, 140
Trd, 4319080.943, 140
Trd, 4319081.393, 140
Trd, 4319081.443, 140
Trd, 4319081.943, 140
Trd, 4319082.193, 139
Trd, 4319084.243, 140
Trd, 4319084.393, 140
Trd, 4319085.243, 140
Trd, 4319086.393, 140
Trd, 4319087.543, 140
Trd, 4319087.743, 140
Trd, 4319087.843, 140
Trd, 4319088.293, 140
Trd, 4319088.993, 92
Trd, 4319090.043, 93
Trd, 4319090.443, 104
Trd, 4319090.943, 140
Trd, 4319091.043, 139
Trd, 4319091.093, 95
Trd, 4319091.543, 98
Trd, 4319091.843, 97
Trd, 4319092.993, 140
Trd, 4319093.493, 140
Trd, 4319093.593, 140
Trd, 4319094.343, 67
Trd, 4319095.593, 140
Trd, 4319096.993, 140
Trd, 4319097.043, 140
Trd, 4319097.393, 139
Trd, 4319097.743, 137
Trd, 4319097.943, 110
Trd, 4319098.343, 61
Trd, 4319099.093, 67
Trd, 4319100.143, 66
Trd, 4319100.543, 72
Trd, 4319101.993, 62
Trd, 4319103.693, 62
Trd, 4319106.243, 60
Trd, 4319106.643, 60
Trd, 4319106.893, 62
Trd, 4319106.943, 61
Trd, 4319107.143, 61
Trd, 4319108.493, 62
Trd, 4319108.693, 62
Trd, 4319108.743, 64
Trd, 4319109.393, 65
Trd, 4319110.043, 67
Trd, 4319111.193, 140
Trd, 4319111.493, 140
Trd, 4319112.193, 140
Trd, 4319112.793, 140
Trd, 4319112.843, 140
Trd, 4319113.693, 140
Trd, 4319114.243, 140
Trd, 4319115.943, 60
Trd, 4319117.343, 60
Trd, 4319117.643, 61
Trd, 4319117.893, 62
Trd, 4319117.993, 91
Trd, 4319118.993, 99
Trd, 4319119.293, 136
Trd, 4319119.443, 92
Trd, 4319119.593, 65
Trd, 4319121.343, 68
Trd, 4319121.843, 71
Trd, 4319121.893, 70
Trd, 4319122.443, 69
Trd, 4319123.143, 78
Trd, 4319123.443, 72
Trd, 4319123.893, 103
Trd, 4319125.693, 140
Trd, 4319125.743, 140
Trd, 4319126.293, 74
Trd, 4319127.043, 131
Trd, 4319127.243, 75
Trd, 4319128.693, 61
Trd, 4319128.743, 62
Trd, 4319129.093, 62
Trd, 4319129.943, 66
Trd, 4319129.993, 63
Trd, 4319130.093, 93
Trd, 4319131.493, 67
Trd, 4319131.593, 66
Trd, 4319131.993, 67
Trd, 4319132.543, 140
Trd, 4319132.893, 140
Trd, 4319132.943, 140
Trd, 4319133.143, 140
Trd, 4319134.893, 67
Trd, 4319135.093, 140
Trd, 4319135.643, 63
Trd, 4319136.743, 65
Trd, 4319137.843, 66
Trd, 4319138.043, 67
Trd, 4319138.243, 65
Trd, 4319138.543, 124
Trd, 4319140.043, 140
Trd, 4319140.093, 140
Trd, 4319140.593, 83
Trd, 4319142.093, 140
Trd, 4319143.043, 140
Trd, 4319143.093, 140
Trd, 4319143.343, 140
Trd, 4319143.743, 140
Trd, 4319144.793, 140
Trd, 4319145.393, 140
Trd, 4319145.793, 140
Trd, 4319145.943, 140
Trd, 4319146.793, 140
Trd, 4319146.893, 140
Trd, 4319147.243, 114
Trd, 4319148.393, 140
Trd, 4319149.593, 140
Trd, 4319150.193, 140
Trd, 4319150.443, 140
Trd, 4319150.543, 140
Trd, 4319151.993, 140
Trd, 4319153.393, 140
Trd, 4319153.543, 140
Trd, 4319153.743, 140
Trd, 4319153.943, 140
Trd, 4319154.393, 140
Trd, 4319154.643, 140
Trd, 4319155.793, 140
Trd, 4319156.293, 140
Trd, 4319157.693, 140
Trd, 4319158.293, 140
Trd, 4319158.493, 140
Trd, 4319158.793, 140
Trd, 4319159.393, 140
Trd, 4319159.793, 140
Trd, 4319160.843, 140
Trd, 4319161.043, 106
Trd, 4319161.643, 139
Trd, 4319161.893, 114
Trd, 4319163.143, 114
Trd, 4319163.943, 69
Trd, 4319164.443, 140
Trd, 4319164.593, 140
Trd, 4319164.993, 140
Trd, 4319166.243, 75
Trd, 4319166.343, 74
Trd, 4319166.543, 80
Trd, 4319168.243, 99
Trd, 4319168.593, 99
Trd, 4319168.893, 95
Trd, 4319169.193, 64
Trd, 4319170.893, 60
Trd, 4319171.843, 60
Trd, 4319172.443, 60
Trd, 4319172.493, 63
Trd, 4319172.843, 65
Trd, 4319173.193, 63
Trd, 4319174.443, 66
Trd, 4319174.943, 74
Trd, 4319174.993, 77
Trd, 4319175.543, 133
Trd, 4319176.193, 140
Trd, 4319176.543, 73
Trd, 4319178.393, 140
Trd, 4319178.543, 102
Trd, 4319179.893, 100
Trd, 4319180.243, 63
Trd, 4319180.693, 60
Trd, 4319182.443, 60
Trd, 4319183.543, 64
Trd, 4319186.943, 64
Trd, 4319188.943, 62
Trd, 4319189.293, 66
Trd, 4319189.943, 65
Trd, 4319190.043, 64
Trd, 4319190.093, 69
Trd, 4319191.543, 73
Trd, 4319191.643, 92
Trd, 4319191.943, 140
Trd, 4319192.343, 140
Trd, 4319192.693, 140
Trd, 4319193.343, 140
Trd, 4319193.643, 140
Trd, 4319194.343, 140
Trd, 4319195.443, 140
Trd, 4319195.493, 85
Trd, 4319195.793, 114
Trd, 4319196.893, 140
Trd, 4319196.943, 140
Trd, 4319197.343, 140
Trd, 4319198.143, 140
Trd, 4319198.543, 140
Trd, 4319199.393, 80
Trd, 4319199.843, 139
Trd, 4319201.143, 140
Trd, 4319201.943, 140
Trd, 4319202.943, 140
Trd, 4319203.843, 125
Trd, 4319203.893, 124
Trd, 4319205.743, 60
Trd, 4319206.443, 61
Trd, 4319206.743, 62
Trd, 4319208.193, 60
Trd, 4319208.443, 61
Trd, 4319208.543, 62
Trd, 4319208.893, 63
Trd, 4319208.993, 60
Trd, 4319209.393, 67
Trd, 4319210.593, 66
Trd, 4319211.093, 68
Trd, 4319211.193, 65
Trd, 4319212.143, 140
Trd, 4319212.943, 140
Trd, 4319213.293, 139
Trd, 4319213.743, 140
Trd, 4319214.843, 140
Trd, 4319214.893, 140
Trd, 4319215.893, 140
Trd, 4319215.993, 139
Trd, 4319216.493, 137
Trd, 4319218.843, 139
Trd, 4319219.143, 132
Trd, 4319219.643, 133
Trd, 4319219.843, 135
Trd, 4319220.243, 138
Trd, 4319221.093, 140
Trd, 4319221.643, 136
Trd, 4319221.793, 135
Trd, 4319222.093, 136
Trd, 4319223.043, 135
Trd, 4319223.243, 107
Trd, 4319223.743, 60
Trd, 4319225.593, 61
Trd, 4319226.993, 61
Trd, 4319227.493, 60
Trd, 4319227.593, 66
Trd, 4319228.093, 66
Trd, 4319228.443, 65
Trd, 4319228.593, 64
Trd, 4319229.043, 63
Trd, 4319230.393, 62
Trd, 4319231.343, 64
Trd, 4319231.993, 69
Trd, 4319232.643, 139
Trd, 4319233.093, 140
Trd, 4319233.343, 140
Trd, 4319234.643, 140
Trd, 4319235.343, 140
Trd, 4319235.543, 140
Trd, 4319236.393, 140
Trd, 4319236.593, 140
Trd, 4319237.043, 140
Trd, 4319237.243, 140
Trd, 4319237.993, 139
Trd, 4319238.393, 139
Trd, 4319239.543, 139
Trd, 4319240.643, 140
Trd, 4319240.993, 108
Trd, 4319241.493, 140
Trd, 4319242.043, 60
Trd, 4319243.993, 60
Trd, 4319244.193, 60
Trd, 4319244.293, 62
Trd, 4319244.643, 62
Trd, 4319245.643, 60
Trd, 4319247.393, 100
Trd, 4319247.643, 72
Trd, 4319247.693, 71
Trd, 4319248.743, 140
Trd, 4319248.793, 133
Trd, 4319249.243, 140
Trd, 4319249.493, 140
Trd, 4319250.493, 133
Trd, 4319251.093, 133
Trd, 4319251.193, 132
Trd, 4319253.393, 131
Trd, 4319253.593, 129
Trd, 4319254.693, 62
Trd, 4319255.393, 61
Trd, 4319257.643, 60
Trd, 4319258.343, 65
Trd, 4319259.893, 62
Trd, 4319260.293, 61
Trd, 4319261.343, 60
Trd, 4319261.493, 60
Trd, 4319261.693, 61
Trd, 4319261.793, 64
Trd, 4319262.793, 60
Trd, 4319263.443, 63
Trd, 4319264.143, 67
Trd, 4319264.793, 70
Trd, 4319265.243, 72
Trd, 4319265.493, 71
Trd, 4319265.543, 70
Trd, 4319265.593, 99
Trd, 4319266.143, 69
Trd, 4319266.743, 140
Trd, 4319268.043, 60
Trd, 4319268.993, 66
Trd, 4319271.143, 65
Trd, 4319271.793, 60
Trd, 4319271.993, 61
Trd, 4319272.093, 60
Trd, 4319272.143, 77
Trd, 4319273.193, 67
Trd, 4319273.443, 130
Trd, 4319273.593, 63
Trd, 4319273.993, 62
Trd, 4319274.393, 77
Trd, 4319275.043, 60
Trd, 4319277.093, 61
Trd, 4319277.743, 62
Trd, 4319278.693, 105
Trd, 4319278.943, 104
Trd, 4319281.193, 60
Trd, 4319282.143, 60
Trd, 4319283.693, 61
Trd, 4319283.943, 63
Trd, 4319283.993, 60
Trd, 4319284.693, 66
Trd, 4319285.043, 60
Trd, 4319285.443, 67
Trd, 4319286.243, 61
Trd, 4319286.393, 67
Trd, 4319287.093, 63
Trd, 4319288.343, 66
Trd, 4319289.043, 68
Trd, 4319289.293, 69
Trd, 4319289.493, 67
Trd, 4319289.693, 70
Trd, 4319291.443, 119
Trd, 4319291.643, 71
Trd, 4319292.143, 70
Trd, 4319292.243, 71
Trd, 4319292.743, 70
Trd, 4319292.993, 71
Trd, 4319293.743, 72
Trd, 4319294.943, 72
Trd, 4319295.193, 103
Trd, 4319295.343, 72
Trd, 4319296.143, 76
Trd, 4319297.443, 80
Trd, 4319297.893, 78
Trd, 4319298.093, 118
Trd, 4319298.843, 63
Trd, 4319299.593, 66
Trd, 4319299.943, 88
Trd, 4319301.693, 60
Trd, 4319301.743, 61
Trd, 4319302.493, 66
Trd, 4319303.143, 63
Trd, 4319303.293, 68
Trd, 4319303.643, 67
Trd, 4319303.693, 66
Trd, 4319304.543, 122
Trd, 4319305.043, 61
Trd, 4319305.443, 72
Trd, 4319305.693, 94
Trd, 4319306.993, 78
Trd, 4319308.243, 140
Trd, 4319308.493, 140
Trd, 4319308.593, 138
Trd, 4319310.043, 97
Trd, 4319311.443, 103
Trd, 4319311.943, 119
Trd, 4319312.143, 104
Trd, 4319312.493, 103
Trd, 4319312.793, 121
Trd, 4319313.743, 125
Trd, 4319314.093, 125
Trd, 4319314.393, 102
Trd, 4319314.693, 102
Trd, 4319314.843, 68
Trd, 4319315.493, 139
Trd, 4319316.643, 140
Trd, 4319316.693, 140
Trd, 4319317.043, 140
Trd, 4319319.843, 60
Trd, 4319320.293, 62
Trd, 4319320.493, 63
Trd, 4319320.893, 64
Trd, 4319321.293, 64
Trd, 4319321.593, 62
Trd, 4319322.843, 60
Trd, 4319324.443, 62
Trd, 4319327.443, 60
Trd, 4319327.493, 62
Trd, 4319328.043, 60
Trd, 4319328.593, 61
Trd, 4319328.743, 61
Trd, 4319328.793, 68
Trd, 4319330.093, 70
Trd, 4319330.343, 63
Trd, 4319331.493, 75
Trd, 4319332.093, 71
Trd, 4319332.443, 125
Trd, 4319333.843, 61
Trd, 4319335.443, 65
Trd, 4319335.793, 71
Trd, 4319338.293, 60
Trd, 4319338.693, 60
Trd, 4319338.843, 61
Trd, 4319339.043, 61
Trd, 4319339.343, 62
Trd, 4319339.843, 62
Trd, 4319340.343, 62
Trd, 4319340.393, 104
Trd, 4319341.193, 138
Trd, 4319341.393, 65
Trd, 4319343.093, 61
Trd, 4319343.293, 70
Trd, 4319346.193, 63
Trd, 4319347.143, 62
Trd, 4319347.793, 61
Trd, 4319350.243, 60
Trd, 4319350.343, 61
Trd, 4319350.493, 61
Trd, 4319350.943, 69
Trd, 4319351.193, 61
Trd, 4319351.243, 107
Trd, 4319352.143, 65
Trd, 4319353.543, 77
Trd, 4319353.693, 109
Trd, 4319353.893, 76
Trd, 4319357.243, 60
Trd, 4319357.293, 62
Trd, 4319359.493, 60
Trd, 4319359.793, 64
Trd, 4319361.943, 60
Trd, 4319362.093, 61
Trd, 4319362.243, 61
Trd, 4319362.843, 61
Trd, 4319362.943, 62
Trd, 4319363.693, 60
Trd, 4319364.393, 63
Trd, 4319365.293, 63
Trd, 4319366.643, 140
Trd, 4319367.343, 140
Trd, 4319367.743, 140
Trd, 4319367.793, 140
Trd, 4319368.543, 140
Trd, 4319368.593, 140
Trd, 4319368.643, 137
Trd, 4319368.893, 135
Trd, 4319369.743, 74
Trd, 4319371.293, 140
Trd, 4319371.993, 140
Trd, 4319372.793, 140
Trd, 4319373.593, 140
Trd, 4319375.193, 140
Trd, 4319375.643, 140
Trd, 4319375.943, 140
Trd, 4319376.643, 140
Trd, 4319376.893, 140
Trd, 4319377.393, 140
Trd, 4319377.843, 140
Trd, 4319378.343, 120
Trd, 4319379.343, 126
Trd, 4319379.543, 125
Trd, 4319379.993, 66
Trd, 4319381.343, 140
Trd, 4319382.293, 140
Trd, 4319382.493, 140
Trd, 4319383.043, 140
Trd, 4319383.393, 139
Trd, 4319384.043, 140
Trd, 4319384.093, 140
Trd, 4319384.843, 140
Trd, 4319384.943, 129
Trd, 4319387.743, 61
Trd, 4319387.993, 62
Trd, 4319388.643, 66
Trd, 4319390.393, 64
Trd, 4319391.643, 60
Trd, 4319391.893, 60
Trd, 4319392.593, 71
Trd, 4319392.843, 114
Trd, 4319392.993, 71
Trd, 4319393.143, 74
Trd, 4319393.693, 72
Trd, 4319393.793, 71
Trd, 4319394.593, 134
Trd, 4319395.143, 65
Trd, 4319395.943, 64
Trd, 4319397.593, 140
Trd, 4319398.393, 140
Trd, 4319399.043, 140
Trd, 4319399.093, 140
Trd, 4319399.443, 140
Trd, 4319399.493, 139
Trd, 4319400.493, 60
Trd, 4319402.893, 63
Trd, 4319403.793, 62
Trd, 4319405.543, 61
Trd, 4319405.693, 62
Trd, 4319407.093, 60
Trd, 4319407.193, 62
Trd, 4319407.393, 62
Trd, 4319407.993, 66
Trd, 4319408.443, 65
Trd, 4319408.893, 67
Trd, 4319409.043, 67
Trd, 4319409.093, 96
Trd, 4319410.443, 63
Trd, 4319410.793, 71
Trd, 4319411.143, 129
Trd, 4319412.143, 61
Trd, 4319412.393, 62
Trd, 4319413.593, 67
Trd, 4319414.443, 73
Trd, 4319414.943, 73
Trd, 4319416.443, 129
Trd, 4319417.043, 105
Trd, 4319417.693, 117
Trd, 4319418.243, 139
Trd, 4319418.693, 117
Trd, 4319419.443, 139
Trd, 4319419.593, 137
Trd, 4319420.443, 138
Trd, 4319420.693, 137
Trd, 4319420.893, 79
Trd, 4319421.993, 140
Trd, 4319422.043, 91
Trd, 4319425.443, 60
Trd, 4319425.993, 60
Trd, 4319426.543, 61
Trd, 4319426.693, 64
Trd, 4319428.093, 62
Trd, 4319428.893, 66
Trd, 4319429.693, 68
Trd, 4319429.993, 127
Trd, 4319430.543, 97
Trd, 4319431.593, 117
Trd, 4319432.193, 140
Trd, 4319432.393, 107
Trd, 4319432.493, 107
Trd, 4319432.693, 107
Trd, 4319432.943, 107
Trd, 4319433.043, 96
Trd, 4319433.743, 61
Trd, 4319434.793, 111
Trd, 4319436.243, 63
Trd, 4319436.543, 63
Trd, 4319437.943, 60
Trd, 4319438.193, 62
Trd, 4319438.993, 140
Trd, 4319439.443, 64
Trd, 4319439.593, 63
Trd, 4319441.893, 140
Trd, 4319442.043, 140
Trd, 4319442.693, 140
Trd, 4319442.843, 140
Trd, 4319443.793, 140
Trd, 4319445.343, 140
Trd, 4319445.643, 134
Trd, 4319446.693, 140
Trd, 4319447.193, 140
Trd, 4319448.143, 140
Trd, 4319448.893, 140
Trd, 4319449.093, 140
Trd, 4319449.493, 140
Trd, 4319450.543, 140
Trd, 4319450.743, 140
Trd, 4319451.743, 105
Trd, 4319452.243, 105
Trd, 4319453.943, 140
Trd, 4319454.343, 140
Trd, 4319455.943, 140
Trd, 4319455.993, 140
Trd, 4319456.293, 140
Trd, 4319456.543, 140
Trd, 4319457.643, 140
Trd, 4319458.093, 139
Trd, 4319458.443, 138
Trd, 4319458.693, 116
Trd, 4319459.743, 134
Trd, 4319459.793, 115
Trd, 4319460.143, 62
Trd, 4319460.593, 63
Trd, 4319460.893, 112
Trd, 4319463.893, 60
Trd, 4319464.043, 60
Trd, 4319464.243, 60
Trd, 4319464.693, 63
Trd, 4319465.193, 65
Trd, 4319465.643, 63
Trd, 4319465.793, 63
Trd, 4319465.843, 73
Trd, 4319465.943, 67
Trd, 4319467.593, 66
Trd, 4319468.043, 68
Trd, 4319468.343, 140
Trd, 4319469.493, 66
Trd, 4319469.593, 75
Trd, 4319471.543, 132
Trd, 4319471.593, 131
Trd, 4319471.993, 130
Trd, 4319472.043, 76
Trd, 4319472.293, 140
Trd, 4319474.093, 65
Trd, 4319475.443, 73
Trd, 4319475.893, 72
Trd, 4319477.543, 85
Trd, 4319477.643, 129
Trd, 4319477.993, 82
Trd, 4319478.743, 83
Trd, 4319479.093, 84
Trd, 4319479.943, 82
Trd, 4319480.393, 140
Trd, 4319480.743, 119
Trd, 4319482.343, 91
Trd, 4319482.593, 90
Trd, 4319482.793, 89
Trd, 4319483.543, 60
Trd, 4319483.993, 116
Trd, 4319484.693, 116
Trd, 4319486.793, 140
Trd, 4319487.493, 140
Trd, 4319487.793, 140
Trd, 4319489.143, 140
Trd, 4319489.243, 140
Trd, 4319489.393, 140
Trd, 4319490.943, 140
Trd, 4319491.293, 139
Trd, 4319492.543, 140
Trd, 4319492.643, 136
Trd, 4319493.643, 140
Trd, 4319493.793, 140
Trd, 4319495.293, 71
Trd, 4319495.693, 74
Trd, 4319495.793, 70
Trd, 4319496.343, 78
Trd, 4319496.693, 70
Trd, 4319496.843, 67
Trd, 4319498.743, 60
Trd, 4319498.943, 64
Trd, 4319501.743, 60
Trd, 4319502.193, 61
Trd, 4319502.443, 60
Trd, 4319503.043, 61
Trd, 4319503.543, 64
Trd, 4319504.093, 88
Trd, 4319504.343, 66
Trd, 4319504.893, 67
Trd, 4319505.043, 80
Trd, 4319505.543, 70
Trd, 4319505.893, 69
Trd, 4319506.393, 71
Trd, 4319506.843, 72
Trd, 4319507.343, 64
Trd, 4319508.943, 61
Trd, 4319509.343, 69
Trd, 4319510.693, 99
Trd, 4319511.493, 139
Trd, 4319512.393, 138
Trd, 4319512.643, 111
Trd, 4319512.893, 110
Trd, 4319514.393, 138
Trd, 4319515.093, 139
Trd, 4319515.343, 138
Trd, 4319515.493, 137
Trd, 4319516.293, 140
Trd, 4319516.393, 112
Trd, 4319516.443, 84
Trd, 4319517.693, 140
Trd, 4319518.893, 140
Trd, 4319520.843, 140
Trd, 4319520.993, 140
Trd, 4319521.093, 140
Trd, 4319521.293, 140
Trd, 4319521.643, 140
Trd, 4319522.143, 140
Trd, 4319522.293, 140
Trd, 4319522.543, 140
Trd, 4319523.193, 133
Trd, 4319524.243, 82
Trd, 4319525.443, 140
Trd, 4319526.093, 140
Trd, 4319526.843, 133
Trd, 4319526.943, 131
Trd, 4319527.443, 139
Trd, 4319528.393, 139
Trd, 4319528.693, 124
Trd, 4319528.993, 64
Trd, 4319530.093, 62
Trd, 4319530.893, 60
Trd, 4319531.593, 66
Trd, 4319533.243, 60
Trd, 4319533.493, 61
Trd, 4319534.143, 60
Trd, 4319536.793, 61
Trd, 4319536.993, 63
Trd, 4319537.093, 63
Trd, 4319537.793, 65
Trd, 4319537.893, 64
Trd, 4319538.293, 63
Trd, 4319539.543, 60
Trd, 4319539.743, 74
Trd, 4319540.543, 61
Trd, 4319541.393, 66
Trd, 4319541.993, 64
Trd, 4319544.593, 60
Trd, 4319544.993, 60
Trd, 4319545.293, 63
Trd, 4319546.293, 60
Trd, 4319548.493, 60
Trd, 4319549.393, 60
Trd, 4319549.443, 60
Trd, 4319550.093, 62
Trd, 4319550.193, 64
Trd, 4319550.593, 68
Trd, 4319551.493, 69
Trd, 4319551.943, 69
Trd, 4319552.043, 68
Trd, 4319553.343, 76
Trd, 4319553.743, 74
Trd, 4319556.093, 67
Trd, 4319557.843, 60
Trd, 4319557.893, 61
Trd, 4319558.593, 69
Trd, 4319559.193, 71
Trd, 4319560.943, 60
Trd, 4319561.393, 62
Trd, 4319561.443, 61
Trd, 4319561.843, 62
Trd, 4319563.943, 63
Trd, 4319564.443, 68
Trd, 4319566.493, 62
Trd, 4319568.193, 60
Trd, 4319568.743, 60
Trd, 4319568.993, 60
Trd, 4319569.643, 62
Trd, 4319570.343, 61
Trd, 4319570.893, 61
Trd, 4319572.293, 66
Trd, 4319572.493, 74
Trd, 4319572.693, 68
Trd, 4319574.143, 134
Trd, 4319574.593, 140
Trd, 4319574.643, 68
Trd, 4319575.793, 69
Trd, 4319577.143, 60
Trd, 4319579.893, 61
Trd, 4319580.493, 60
Trd, 4319580.743, 62
Trd, 4319582.643, 60
Trd, 4319582.693, 62
Trd, 4319582.743, 63
Trd, 4319583.693, 68
Trd, 4319583.893, 140
Trd, 4319583.993, 67
Trd, 4319584.943, 77
Trd, 4319585.443, 84
Trd, 4319586.243, 77
Trd, 4319586.643, 140
Trd, 4319586.693, 140
Trd, 4319587.793, 80
Trd, 4319589.143, 140
Trd, 4319589.843, 140
Trd, 4319590.393, 67
Trd, 4319590.743, 127
Trd, 4319591.543, 94
Trd, 4319591.643, 92
Trd, 4319592.593, 127
Trd, 4319593.543, 140
Trd, 4319594.243, 140
Trd, 4319594.343, 140
Trd, 4319594.443, 139
Trd, 4319594.893, 110
Trd, 4319595.843, 61
Trd, 4319597.893, 83
Trd, 4319598.043, 74
Trd, 4319598.193, 73
Trd, 4319599.193, 69
Trd, 4319599.893, 68
Trd, 4319600.743, 69
Trd, 4319601.043, 67
Trd, 4319601.693, 64
Trd, 4319603.893, 60
Trd, 4319604.243, 61
Trd, 4319604.693, 60
Trd, 4319604.943, 69
Trd, 4319605.293, 83
Trd, 4319605.443, 62
Trd, 4319606.143, 63
Trd, 4319606.493, 62
Trd, 4319607.793, 85
Trd, 4319608.043, 63
Trd, 4319608.893, 140
Trd, 4319609.243, 140
Trd, 4319609.343, 139
Trd, 4319609.393, 64
Trd, 4319610.493, 63
Trd, 4319611.543, 69
Trd, 4319613.543, 72
Trd, 4319614.143, 73
Trd, 4319614.893, 60
Trd, 4319616.943, 60
Trd, 4319617.343, 60
Trd, 4319617.743, 62
Trd, 4319618.943, 62
Trd, 4319619.443, 62
Trd, 4319619.693, 63
Trd, 4319620.193, 62
Trd, 4319620.693, 139
Trd, 4319623.843, 62
Trd, 4319624.793, 61
Trd, 4319624.943, 62
Trd, 4319625.243, 85
Trd, 4319625.793, 63
Trd, 4319626.643, 74
Trd, 4319627.443, 73
Trd, 4319628.443, 72
Trd, 4319628.793, 73
Trd, 4319629.943, 78
Trd, 4319630.143, 87
Trd, 4319630.943, 79
Trd, 4319631.043, 77
Trd, 4319631.493, 77
Trd, 4319632.293, 140
Trd, 4319633.443, 140
Trd, 4319633.793, 140
Trd, 4319634.343, 140
Trd, 4319634.943, 140
Trd, 4319635.443, 140
Trd, 4319636.643, 140
Trd, 4319636.893, 140
Trd, 4319638.243, 140
Trd, 4319638.443, 140
Trd, 4319638.843, 140
Trd, 4319638.893, 140
Trd, 4319639.643, 140
Trd, 4319641.493, 139
Trd, 4319641.643, 138
Trd, 4319642.043, 107
Trd, 4319643.443, 140
Trd, 4319643.543, 127
Trd, 4319644.543, 128
Trd, 4319645.093, 128
Trd, 4319645.193, 127
Trd, 4319645.893, 107
Trd, 4319647.343, 60
Trd, 4319647.993, 63
Trd, 4319648.243, 65
Trd, 4319648.643, 63
Trd, 4319649.493, 63
Trd, 4319649.993, 62
Trd, 4319650.243, 60
Trd, 4319651.443, 69
Trd, 4319652.193, 68
Trd, 4319652.443, 67
Trd, 4319652.943, 68
Trd, 4319653.843, 62
Trd, 4319656.593, 60
Trd, 4319657.393, 60
Trd, 4319657.843, 60
Trd, 4319659.543, 60
Trd, 4319660.793, 61
Trd, 4319663.793, 60
Trd, 4319663.893, 61
Trd, 4319664.243, 61
Trd, 4319664.343, 61
Trd, 4319664.693, 62
Trd, 4319665.393, 61
Trd, 4319666.143, 61
Trd, 4319666.293, 61
Trd, 4319666.343, 68
Trd, 4319667.793, 67
Trd, 4319668.143, 85
Trd, 4319669.943, 61
Trd, 4319670.343, 61
Trd, 4319670.593, 60
Trd, 4319671.693, 62
Trd, 4319671.843, 62
Trd, 4319672.393, 63
Trd, 4319672.493, 64
Trd, 4319673.443, 66
Trd, 4319674.043, 85
Trd, 4319674.743, 65
Trd, 4319676.343, 61
Trd, 4319677.643, 69
Trd, 4319678.043, 105
Trd, 4319679.793, 60
Trd, 4319682.743, 60
Trd, 4319683.493, 60
Trd, 4319683.793, 61
Trd, 4319683.943, 62
Trd, 4319684.143, 65
Trd, 4319685.143, 71
Trd, 4319685.493, 64
Trd, 4319686.043, 135
Trd, 4319686.143, 133
Trd, 4319686.993, 128
Trd, 4319687.493, 140
Trd, 4319687.993, 127
Trd, 4319688.443, 96
Trd, 4319692.143, 60
Trd, 4319694.443, 60
Trd, 4319695.543, 60
Trd, 4319695.593, 60
Trd, 4319695.743, 63
Trd, 4319695.793, 63
Trd, 4319696.593, 61
Trd, 4319696.643, 63
Trd, 4319697.443, 62
Trd, 4319698.193, 68
Trd, 4319698.343, 66
Trd, 4319699.243, 127
Trd, 4319699.693, 127
Trd, 4319699.793, 125
Trd, 4319699.993, 110
Trd, 4319702.643, 61
Trd, 4319703.193, 61
Trd, 4319703.893, 66
Trd, 4319704.443, 66
Trd, 4319706.343, 65
Trd, 4319707.043, 62
Trd, 4319708.243, 67
Trd, 4319709.643, 64
Trd, 4319710.043, 66
Trd, 4319710.593, 64
Trd, 4319711.143, 64
Trd, 4319711.493, 63
Trd, 4319712.243, 64
Trd, 4319712.893, 69
Trd, 4319713.293, 64
Trd, 4319713.643, 60
Trd, 4319716.093, 62
Trd, 4319716.543, 60
Trd, 4319717.793, 60
Trd, 4319718.443, 60
Trd, 4319718.743, 62
Trd, 4319720.043, 62
Trd, 4319720.343, 62
Trd, 4319721.043, 66
Trd, 4319721.343, 68
Trd, 4319721.493, 89
Trd, 4319722.343, 69
Trd, 4319722.693, 115
Trd, 4319723.443, 72
Trd, 4319724.243, 134
Trd, 4319724.393, 74
Trd, 4319724.943, 85
Trd, 4319725.093, 84
Trd, 4319725.993, 101
Trd, 4319727.343, 140
Trd, 4319727.993, 140
Trd, 4319728.243, 140
Trd, 4319728.743, 140
Trd, 4319729.343, 140
Trd, 4319730.393, 140
Trd, 4319730.493, 140
Trd, 4319730.793, 140
Trd, 4319731.793, 116
Trd, 4319732.443, 60
Trd, 4319733.393, 70
Trd, 4319735.493, 62
Trd, 4319738.343, 60
Trd, 4319738.793, 61
Trd, 4319738.843, 62
Trd, 4319739.393, 61
Trd, 4319740.093, 70
Trd, 4319740.693, 70
Trd, 4319740.943, 69
Trd, 4319741.443, 140
Trd, 4319741.543, 140
Trd, 4319742.693, 140
Trd, 4319743.043, 140
Trd, 4319743.143, 140
Trd, 4319744.093, 140
Trd, 4319744.543, 138
Trd, 4319744.793, 140
Trd, 4319745.343, 136
Trd, 4319745.593, 135
Trd, 4319747.743, 136
Trd, 4319748.243, 136
Trd, 4319748.593, 135
Trd, 4319748.793, 134
Trd, 4319748.843, 63
Trd, 4319749.443, 140
Trd, 4319750.093, 140
Trd, 4319750.543, 140
Trd, 4319750.943, 94
Trd, 4319751.743, 139
Trd, 4319752.143, 70
Trd, 4319752.993, 125
Trd, 4319753.543, 69
Trd, 4319753.993, 76
Trd, 4319757.693, 60
Trd, 4319758.893, 60
Trd, 4319759.893, 60
Trd, 4319760.943, 60
Trd, 4319761.443, 60
Trd, 4319761.543, 61
Trd, 4319762.293, 63
Trd, 4319762.443, 63
Trd, 4319763.043, 63
Trd, 4319763.293, 65
Trd, 4319763.693, 63
Trd, 4319764.543, 65
Trd, 4319764.743, 114
Trd, 4319765.343, 112
Trd, 4319766.043, 69
Trd, 4319766.393, 72
Trd, 4319767.643, 70
Trd, 4319768.493, 140
Trd, 4319769.693, 140
Trd, 4319769.843, 140
Trd, 4319770.143, 140
Trd, 4319770.643, 140
Trd, 4319770.693, 140
Trd, 4319771.243, 140
Trd, 4319772.793, 140
Trd, 4319774.143, 140
Trd, 4319774.243, 140
Trd, 4319774.843, 60
Trd, 4319774.993, 61
Trd, 4319775.393, 61
Trd, 4319775.943, 62
Trd, 4319776.093, 92
Trd, 4319777.593, 64
Trd, 4319777.993, 65
Trd, 4319778.843, 140
Trd, 4319778.993, 140
Trd, 4319779.193, 140
Trd, 4319780.593, 140
Trd, 4319780.693, 140
Trd, 4319781.193, 140
Trd, 4319781.293, 140
Trd, 4319781.993, 140
Trd, 4319782.893, 140
Trd, 4319784.643, 127
Trd, 4319785.343, 128
Trd, 4319785.693, 138
Trd, 4319786.593, 140
Trd, 4319786.643, 137
Trd, 4319786.893, 127
Trd, 4319787.193, 122
Trd, 4319789.493, 60
Trd, 4319790.493, 61
Trd, 4319790.893, 69
Trd, 4319791.943, 73
Trd, 4319792.743, 64
Trd, 4319792.793, 65
Trd, 4319793.293, 67
Trd, 4319793.743, 68
Trd, 4319793.943, 64
Trd, 4319795.893, 60
Trd, 4319795.993, 65
Trd, 4319798.293, 104
Trd, 4319798.643, 104
Trd, 4319799.143, 103
Trd, 4319799.543, 108
Trd, 4319799.743, 103
Trd, 4319800.293, 85
Trd, 4319801.593, 64
Trd, 4319801.893, 65
Trd, 4319802.143, 137
Trd, 4319803.243, 98
Trd, 4319803.543, 97
Trd, 4319803.893, 140
Trd, 4319805.243, 100
Trd, 4319807.093, 96
Trd, 4319807.193, 103
Trd, 4319807.643, 131
Trd, 4319807.793, 131
Trd, 4319810.193, 60
Trd, 4319811.893, 61
Trd, 4319812.243, 61
Trd, 4319812.943, 62
Trd, 4319814.543, 60
Trd, 4319815.143, 60
Trd, 4319815.243, 60
Trd, 4319815.443, 61
Trd, 4319815.493, 61
Trd, 4319816.893, 62
Trd, 4319816.943, 61
Trd, 4319817.093, 72
Trd, 4319817.543, 112
Trd, 4319818.793, 63
Trd, 4319820.793, 60
Trd, 4319822.393, 63
Trd, 4319822.893, 60
Trd, 4319822.943, 60
Trd, 4319823.543, 61
Trd, 4319825.743, 60
Trd, 4319826.543, 64
Trd, 4319826.693, 63
Trd, 4319827.693, 62
Trd, 4319828.293, 63
Trd, 4319828.493, 63
Trd, 4319828.843, 61
Trd, 4319829.493, 62
Trd, 4319829.893, 61
Trd, 4319830.443, 63
Trd, 4319831.243, 128
Trd, 4319832.393, 140
Trd, 4319832.643, 140
Trd, 4319833.143, 140
Trd, 4319833.543, 140
Trd, 4319834.143, 121
Trd, 4319835.493, 131
Trd, 4319835.943, 140
Trd, 4319836.093, 140
Trd, 4319837.093, 139
Trd, 4319839.043, 140
Trd, 4319839.293, 140
Trd, 4319840.693, 140
Trd, 4319840.993, 140
Trd, 4319841.343, 140
Trd, 4319842.043, 140
Trd, 4319842.143, 140
Trd, 4319842.543, 140
Trd, 4319843.193, 140
Trd, 4319843.593, 140
Trd, 4319844.493, 140
Trd, 4319847.243, 140
Trd, 4319847.593, 140
Trd, 4319847.643, 140
Trd, 4319847.693, 140
Trd, 4319848.743, 138
Trd, 4319849.193, 112
Trd, 4319851.243, 140
Trd, 4319852.193, 140
Trd, 4319852.293, 140
Trd, 4319852.693, 140
Trd, 4319852.743, 140
Trd, 4319852.993, 140
Trd, 4319853.443, 87
Trd, 4319853.543, 60
Trd, 4319855.393, 92
Trd, 4319855.943, 93
Trd, 4319856.493, 140
Trd, 4319857.093, 93
Trd, 4319857.293, 93
Trd, 4319857.393, 90
Trd, 4319859.243, 104
Trd, 4319861.043, 140
Trd, 4319861.943, 140
Trd, 4319861.993, 140
Trd, 4319862.493, 140
Trd, 4319863.043, 138
Trd, 4319864.943, 140
Trd, 4319864.993, 140
Trd, 4319865.343, 140
Trd, 4319865.943, 140
Trd, 4319866.243, 133
Trd, 4319866.343, 65
Trd, 4319866.443, 64
Trd, 4319867.993, 70
Trd, 4319868.093, 73
Trd, 4319869.693, 60
Trd, 4319869.993, 60
Trd, 4319870.343, 62
Trd, 4319870.643, 87
Trd, 4319871.493, 66
Trd, 4319871.893, 63
Trd, 4319872.393, 65
Trd, 4319873.243, 68
Trd, 4319874.143, 120
Trd, 4319874.843, 140
Trd, 4319875.293, 140
Trd, 4319875.743, 126
Trd, 4319876.493, 140
Trd, 4319877.643, 140
Trd, 4319878.293, 140
Trd, 4319879.593, 140
Trd, 4319880.243, 140
Trd, 4319880.643, 140
Trd, 4319880.743, 140
Trd, 4319882.143, 140
Trd, 4319882.393, 140
Trd, 4319883.043, 118
Trd, 4319883.993, 103
Trd, 4319884.493, 137
Trd, 4319885.543, 139
Trd, 4319886.093, 140
Trd, 4319886.443, 140
Trd, 4319887.393, 139
Trd, 4319887.943, 112
Trd, 4319888.493, 111
Trd, 4319889.193, 78
Trd, 4319889.243, 79
Trd, 4319891.693, 63
Trd, 4319891.843, 62
Trd, 4319892.293, 65
Trd, 4319893.093, 135
Trd, 4319893.393, 69
Trd, 4319893.543, 68
Trd, 4319893.993, 65
Trd, 4319894.193, 64
Trd, 4319894.993, 61
Trd, 4319895.593, 62
Trd, 4319896.093, 140
Trd, 4319896.193, 140
Trd, 4319896.893, 60
Trd, 4319897.443, 64
Trd, 4319899.093, 62
Trd, 4319902.043, 61
Trd, 4319903.193, 61
Trd, 4319903.893, 61
Trd, 4319904.143, 64
Trd, 4319904.693, 64
Trd, 4319905.043, 70
Trd, 4319905.193, 63
Trd, 4319905.293, 62
Trd, 4319906.893, 61
Trd, 4319907.793, 61
Trd, 4319909.643, 60
Trd, 4319911.093, 60
Trd, 4319912.593, 60
Trd, 4319914.343, 60
Trd, 4319914.843, 61
Trd, 4319916.443, 60
Trd, 4319916.643, 61
Trd, 4319916.743, 61
Trd, 4319916.893, 64
Trd, 4319917.443, 66
Trd, 4319918.543, 67
Trd, 4319918.893, 67
Trd, 4319919.193, 66
Trd, 4319919.593, 69
Trd, 4319919.693, 68
Trd, 4319920.193, 92
Trd, 4319921.093, 61
Trd, 4319922.093, 62
Trd, 4319925.943, 60
Trd, 4319925.993, 61
Trd, 4319926.593, 60
Trd, 4319926.743, 75
Trd, 4319926.943, 63
Trd, 4319927.443, 66
Trd, 4319928.493, 140
Trd, 4319928.943, 140
Trd, 4319929.093, 140
Trd, 4319929.293, 140
Trd, 4319929.443, 138
Trd, 4319929.693, 105
Trd, 4319930.343, 60
Trd, 4319932.093, 61
Trd, 4319932.193, 65
Trd, 4319934.043, 60
Trd, 4319935.043, 60
Trd, 4319935.693, 61
Trd, 4319935.943, 64
Trd, 4319936.393, 63
Trd, 4319937.743, 67
Trd, 4319938.343, 140
Trd, 4319938.693, 140
Trd, 4319938.893, 140
Trd, 4319940.243, 140
Trd, 4319940.593, 140
Trd, 4319941.193, 140
Trd, 4319941.843, 140
Trd, 4319941.943, 140
Trd, 4319942.043, 138
Trd, 4319942.843, 114
Trd, 4319943.943, 60
Trd, 4319944.593, 61
Trd, 4319947.593, 60
Trd, 4319949.793, 60
Trd, 4319950.343, 60
Trd, 4319950.543, 60
Trd, 4319950.693, 60
Trd, 4319951.393, 60
Trd, 4319952.743, 62
Trd, 4319953.893, 65
Trd, 4319953.993, 64
Trd, 4319954.593, 66
Trd, 4319954.643, 84
Trd, 4319954.693, 62
Trd, 4319955.093, 62
Trd, 4319956.943, 64
Trd, 4319957.093, 107
Trd, 4319958.043, 67
Trd, 4319958.593, 66
Trd, 4319958.743, 104
Trd, 4319959.943, 95
Trd, 4319960.843, 139
Trd, 4319961.993, 140
Trd, 4319962.343, 140
Trd, 4319962.693, 140
Trd, 4319963.043, 140
Trd, 4319963.193, 138
Trd, 4319964.393, 62
Trd, 4319964.643, 101
Trd, 4319964.843, 120
Trd, 4319966.343, 140
Trd, 4319966.593, 140
Trd, 4319967.393, 140
Trd, 4319968.993, 64
Trd, 4319969.143, 65
Trd, 4319969.393, 63
Trd, 4319970.143, 60
Trd, 4319970.593, 61
Trd, 4319970.843, 63
Trd, 4319975.043, 60
Trd, 4319976.643, 60
Trd, 4319976.793, 62
Trd, 4319976.943, 60
Trd, 4319977.093, 63
Trd, 4319977.443, 64
Trd, 4319977.643, 63
Trd, 4319978.593, 64
Trd, 4319981.443, 60
Trd, 4319981.843, 60
Trd, 4319982.793, 61
Trd, 4319983.393, 63
Trd, 4319983.543, 61
Trd, 4319983.893, 64
Trd, 4319984.343, 85
Trd, 4319985.343, 66
Trd, 4319985.443, 69
Trd, 4319986.643, 106
Trd, 4319987.393, 73
Trd, 4319988.393, 101
Trd, 4319989.293, 74
Trd, 4319990.043, 140
Trd, 4319990.343, 140
Trd, 4319991.643, 140
Trd, 4319992.593, 140
Trd, 4319993.693, 140
Trd, 4319993.793, 140
Trd, 4319994.143, 140
Trd, 4319994.643, 140
Trd, 4319994.843, 140
Trd, 4319995.543, 140
Trd, 4319995.893, 140
Trd, 4319997.093, 140
Trd, 4319997.243, 135
Trd, 4319998.443, 140
Trd, 4319998.793, 140
Trd, 4319998.893, 139
Trd, 4319999.193, 60
Trd, 4319999.793, 63
