Trd, 4318113.943, 140
Trd, 4318114.143, 133
Trd, 4318114.393, 132
Trd, 4318115.693, 100
Trd, 4318117.093, 100
Trd, 4318117.543, 138
Trd, 4318119.343, 140
Trd, 4318119.493, 140
Trd, 4318120.743, 140
Trd, 4318120.943, 140
Trd, 4318122.643, 140
Trd, 4318122.843, 139
Trd, 4318124.493, 140
Trd, 4318124.793, 140
Trd, 4318124.843, 140
Trd, 4318126.043, 140
Trd, 4318126.493, 140
Trd, 4318126.593, 140
Trd, 4318126.693, 140
Trd, 4318127.793, 140
Trd, 4318128.143, 140
Trd, 4318128.593, 140
Trd, 4318129.143, 120
Trd, 4318130.143, 102
Trd, 4318131.243, 99
Trd, 4318131.793, 96
Trd, 4318131.943, 84
Trd, 4318132.393, 140
Trd, 4318134.243, 140
Trd, 4318135.593, 140
Trd, 4318135.643, 140
Trd, 4318135.693, 140
Trd, 4318135.943, 140
Trd, 4318137.093, 140
Trd, 4318137.393, 140
Trd, 4318138.343, 140
Trd, 4318139.293, 139
Trd, 4318139.493, 135
Trd, 4318141.193, 138
Trd, 4318141.443, 138
Trd, 4318141.993, 139
Trd, 4318143.443, 140
Trd, 4318143.743, 140
Trd, 4318143.793, 138
Trd, 4318144.643, 104
Trd, 4318145.393, 140
Trd, 4318145.493, 140
Trd, 4318146.143, 140
Trd, 4318147.993, 140
Trd, 4318148.443, 140
Trd, 4318148.493, 140
Trd, 4318148.843, 140
Trd, 4318149.243, 139
Trd, 4318150.693, 139
Trd, 4318150.893, 106
Trd, 4318151.393, 93
Trd, 4318152.243, 111
Trd, 4318152.443, 94
Trd, 4318153.593, 92
Trd, 4318153.843, 90
Trd, 4318154.243, 111
Trd, 4318155.643, 140
Trd, 4318157.393, 140
Trd, 4318158.043, 140
Trd, 4318158.093, 140
Trd, 4318158.993, 137
Trd, 4318159.043, 113
Trd, 4318159.843, 140
Trd, 4318160.243, 138
Trd, 4318162.043, 140
Trd, 4318163.243, 140
Trd, 4318163.493, 139
Trd, 4318164.493, 90
Trd, 4318164.693, 89
Trd, 4318165.643, 118
Trd, 4318166.443, 125
Trd, 4318166.593, 93
Trd, 4318166.793, 127
Trd, 4318167.493, 95
Trd, 4318168.343, 117
Trd, 4318169.243, 140
Trd, 4318170.893, 129
Trd, 4318171.093, 119
Trd, 4318171.593, 133
Trd, 4318171.943, 132
Trd, 4318172.093, 115
Trd, 4318172.643, 139
Trd, 4318174.093, 115
Trd, 4318174.643, 140
Trd, 4318176.143, 140
Trd, 4318177.493, 140
Trd, 4318178.643, 140
Trd, 4318179.043, 140
Trd, 4318180.593, 140
Trd, 4318180.693, 140
Trd, 4318181.743, 140
Trd, 4318181.843, 140
Trd, 4318183.093, 140
Trd, 4318183.293, 140
Trd, 4318183.343, 138
Trd, 4318184.693, 140
Trd, 4318185.843, 140
Trd, 4318187.393, 140
Trd, 4318187.443, 140
Trd, 4318187.793, 140
Trd, 4318187.993, 110
Trd, 4318189.693, 119
Trd, 4318191.993, 140
Trd, 4318192.693, 140
Trd, 4318192.893, 140
Trd, 4318193.443, 140
Trd, 4318193.643, 140
Trd, 4318194.243, 140
Trd, 4318194.743, 140
Trd, 4318195.093, 140
Trd, 4318195.243, 139
Trd, 4318197.143, 69
Trd, 4318197.793, 66
Trd, 4318198.193, 60
Trd, 4318199.593, 109
Trd, 4318200.493, 109
Trd, 4318201.143, 140
Trd, 4318202.543, 140
Trd, 4318202.893, 140
Trd, 4318203.643, 140
Trd, 4318204.243, 128
Trd, 4318204.593, 140
Trd, 4318204.993, 140
Trd, 4318205.343, 107
Trd, 4318205.743, 139
Trd, 4318208.493, 140
Trd, 4318208.643, 117
Trd, 4318208.693, 89
Trd, 4318209.943, 60
Trd, 4318210.393, 60
Trd, 4318212.793, 60
Trd, 4318213.043, 60
Trd, 4318213.143, 60
Trd, 4318213.243, 61
Trd, 4318213.843, 60
Trd, 4318213.943, 60
Trd, 4318214.143, 60
Trd, 4318214.693, 61
Trd, 4318215.343, 62
Trd, 4318216.393, 62
Trd, 4318217.343, 60
Trd, 4318217.743, 60
Trd, 4318220.393, 60
Trd, 4318220.843, 60
Trd, 4318221.293, 63
Trd, 4318221.343, 62
Trd, 4318221.543, 60
Trd, 4318221.843, 77
Trd, 4318223.043, 140
Trd, 4318223.643, 140
Trd, 4318223.843, 140
Trd, 4318224.143, 140
Trd, 4318224.793, 138
Trd, 4318226.443, 113
Trd, 4318227.593, 139
Trd, 4318228.893, 140
Trd, 4318229.043, 140
Trd, 4318229.893, 140
Trd, 4318230.293, 140
Trd, 4318230.893, 140
Trd, 4318231.943, 140
Trd, 4318232.843, 139
Trd, 4318233.593, 109
Trd, 4318234.193, 110
Trd, 4318234.243, 105
Trd, 4318235.143, 85
Trd, 4318236.493, 76
Trd, 4318238.043, 140
Trd, 4318239.643, 140
Trd, 4318239.943, 140
Trd, 4318240.043, 140
Trd, 4318240.143, 140
Trd, 4318240.293, 139
Trd, 4318241.043, 123
Trd, 4318242.143, 140
Trd, 4318242.343, 99
Trd, 4318243.193, 78
Trd, 4318243.893, 72
Trd, 4318245.043, 140
Trd, 4318246.043, 140
Trd, 4318246.393, 140
Trd, 4318248.243, 140
Trd, 4318248.293, 140
Trd, 4318249.543, 140
Trd, 4318250.143, 137
Trd, 4318251.343, 140
Trd, 4318251.743, 138
Trd, 4318252.093, 107
Trd, 4318252.993, 106
Trd, 4318253.043, 104
Trd, 4318254.143, 139
Trd, 4318254.593, 80
Trd, 4318257.643, 60
Trd, 4318257.993, 60
Trd, 4318258.193, 60
Trd, 4318259.193, 60
Trd, 4318259.543, 60
Trd, 4318259.743, 61
Trd, 4318260.493, 62
Trd, 4318261.743, 60
Trd, 4318262.193, 61
Trd, 4318262.643, 63
Trd, 4318262.893, 61
Trd, 4318264.543, 65
Trd, 4318264.843, 138
Trd, 4318265.343, 97
Trd, 4318265.843, 67
Trd, 4318266.243, 60
Trd, 4318267.793, 63
Trd, 4318268.293, 64
Trd, 4318268.793, 131
Trd, 4318269.743, 71
Trd, 4318270.043, 71
Trd, 4318270.393, 69
Trd, 4318270.793, 71
Trd, 4318270.843, 67
Trd, 4318271.143, 72
Trd, 4318271.393, 63
Trd, 4318272.743, 60
Trd, 4318273.493, 65
Trd, 4318273.893, 139
Trd, 4318274.543, 140
Trd, 4318276.593, 112
Trd, 4318276.693, 109
Trd, 4318277.693, 140
Trd, 4318278.643, 119
Trd, 4318279.343, 95
Trd, 4318281.893, 140
Trd, 4318281.993, 140
Trd, 4318282.543, 140
Trd, 4318282.693, 140
Trd, 4318283.093, 122
Trd, 4318284.793, 139
Trd, 4318285.293, 140
Trd, 4318285.443, 124
Trd, 4318285.643, 116
Trd, 4318287.443, 140
Trd, 4318287.543, 112
Trd, 4318287.843, 139
Trd, 4318289.093, 104
Trd, 4318290.693, 61
Trd, 4318290.743, 62
Trd, 4318291.793, 61
Trd, 4318292.243, 62
Trd, 4318292.493, 62
Trd, 4318292.993, 63
Trd, 4318293.693, 66
Trd, 4318294.243, 140
Trd, 4318294.743, 139
Trd, 4318295.443, 110
Trd, 4318295.593, 110
Trd, 4318297.493, 140
Trd, 4318298.643, 140
Trd, 4318298.893, 140
Trd, 4318300.093, 140
Trd, 4318300.243, 140
Trd, 4318301.193, 140
Trd, 4318302.043, 140
Trd, 4318303.343, 140
Trd, 4318304.443, 115
Trd, 4318306.043, 140
Trd, 4318307.293, 140
Trd, 4318307.393, 140
Trd, 4318307.643, 140
Trd, 4318307.993, 139
Trd, 4318308.043, 138
Trd, 4318308.493, 137
Trd, 4318308.943, 113
Trd, 4318311.993, 140
Trd, 4318312.693, 140
Trd, 4318313.093, 140
Trd, 4318313.593, 140
Trd, 4318313.643, 140
Trd, 4318314.793, 117
Trd, 4318315.193, 115
Trd, 4318315.293, 140
Trd, 4318315.993, 114
Trd, 4318318.293, 140
Trd, 4318318.343, 140
Trd, 4318318.893, 140
Trd, 4318319.643, 140
Trd, 4318320.443, 140
Trd, 4318322.693, 140
Trd, 4318324.693, 140
Trd, 4318325.543, 140
Trd, 4318326.293, 140
Trd, 4318327.493, 140
Trd, 4318328.043, 140
Trd, 4318328.293, 140
Trd, 4318328.993, 140
Trd, 4318329.343, 140
Trd, 4318329.643, 108
Trd, 4318330.643, 140
Trd, 4318332.543, 140
Trd, 4318332.693, 140
Trd, 4318333.493, 140
Trd, 4318333.943, 113
Trd, 4318334.843, 113
Trd, 4318334.993, 112
Trd, 4318335.293, 91
Trd, 4318336.543, 111
Trd, 4318337.693, 100
Trd, 4318337.843, 96
Trd, 4318338.243, 94
Trd, 4318338.993, 122
Trd, 4318339.143, 123
Trd, 4318339.343, 118
Trd, 4318341.793, 73
Trd, 4318341.893, 68
Trd, 4318342.093, 66
Trd, 4318343.893, 60
Trd, 4318345.593, 60
Trd, 4318345.643, 60
Trd, 4318346.393, 60
Trd, 4318346.543, 60
Trd, 4318346.593, 61
Trd, 4318346.743, 61
Trd, 4318347.743, 62
Trd, 4318349.243, 60
Trd, 4318349.693, 62
Trd, 4318350.093, 61
Trd, 4318352.343, 60
Trd, 4318353.393, 60
Trd, 4318353.843, 60
Trd, 4318353.943, 60
Trd, 4318355.093, 63
Trd, 4318356.043, 61
Trd, 4318356.093, 63
Trd, 4318357.093, 70
Trd, 4318357.893, 60
Trd, 4318358.293, 60
Trd, 4318359.543, 60
Trd, 4318359.843, 60
Trd, 4318360.593, 60
Trd, 4318360.993, 62
Trd, 4318361.393, 61
Trd, 4318362.143, 60
Trd, 4318364.243, 60
Trd, 4318366.043, 60
Trd, 4318366.143, 60
Trd, 4318366.493, 60
Trd, 4318367.993, 60
Trd, 4318368.143, 61
Trd, 4318368.593, 60
Trd, 4318368.693, 60
Trd, 4318368.843, 62
Trd, 4318369.643, 139
Trd, 4318369.993, 60
Trd, 4318372.193, 60
Trd, 4318372.643, 60
Trd, 4318373.943, 60
Trd, 4318374.843, 60
Trd, 4318375.493, 60
Trd, 4318375.843, 60
Trd, 4318375.893, 60
Trd, 4318376.493, 60
Trd, 4318376.693, 60
Trd, 4318377.793, 62
Trd, 4318378.043, 63
Trd, 4318378.143, 66
Trd, 4318378.743, 66
Trd, 4318378.943, 65
Trd, 4318379.043, 64
Trd, 4318382.043, 60
Trd, 4318382.443, 60
Trd, 4318383.493, 60
Trd, 4318383.993, 61
Trd, 4318384.143, 71
Trd, 4318384.593, 60
Trd, 4318384.943, 62
Trd, 4318385.243, 60
Trd, 4318385.893, 71
Trd, 4318386.143, 71
Trd, 4318386.193, 70
Trd, 4318387.143, 140
Trd, 4318388.293, 140
Trd, 4318389.293, 80
Trd, 4318389.643, 98
Trd, 4318391.943, 60
Trd, 4318392.243, 60
Trd, 4318392.593, 60
Trd, 4318393.143, 60
Trd, 4318393.443, 60
Trd, 4318393.743, 60
Trd, 4318394.443, 61
Trd, 4318394.843, 140
Trd, 4318395.893, 140
Trd, 4318397.893, 140
Trd, 4318398.843, 140
Trd, 4318399.143, 140
Trd, 4318399.443, 74
Trd, 4318400.043, 78
Trd, 4318402.293, 134
Trd, 4318402.343, 136
Trd, 4318403.143, 123
Trd, 4318403.243, 120
Trd, 4318403.293, 131
Trd, 4318403.393, 112
Trd, 4318405.043, 60
Trd, 4318405.743, 60
Trd, 4318406.643, 61
Trd, 4318408.993, 60
Trd, 4318410.543, 60
Trd, 4318410.643, 62
Trd, 4318411.443, 62
Trd, 4318411.543, 61
Trd, 4318412.693, 60
Trd, 4318412.743, 63
Trd, 4318413.093, 62
Trd, 4318413.393, 65
Trd, 4318413.693, 140
Trd, 4318413.843, 140
Trd, 4318415.543, 63
Trd, 4318416.043, 140
Trd, 4318416.093, 101
Trd, 4318416.793, 140
Trd, 4318418.943, 140
Trd, 4318419.943, 140
Trd, 4318420.393, 140
Trd, 4318420.693, 139
Trd, 4318422.293, 124
Trd, 4318423.743, 140
Trd, 4318424.393, 140
Trd, 4318424.693, 140
Trd, 4318425.193, 139
Trd, 4318426.493, 140
Trd, 4318426.543, 65
Trd, 4318427.443, 60
Trd, 4318428.093, 60
Trd, 4318428.143, 62
Trd, 4318428.643, 60
Trd, 4318429.643, 68
Trd, 4318431.193, 60
Trd, 4318431.943, 60
Trd, 4318431.993, 60
Trd, 4318432.143, 60
Trd, 4318432.443, 60
Trd, 4318433.393, 62
Trd, 4318434.693, 60
Trd, 4318435.193, 60
Trd, 4318435.943, 63
Trd, 4318437.493, 62
Trd, 4318437.693, 62
Trd, 4318437.743, 63
Trd, 4318437.843, 75
Trd, 4318439.293, 72
Trd, 4318439.443, 74
Trd, 4318440.993, 80
Trd, 4318441.043, 75
Trd, 4318441.943, 139
Trd, 4318442.643, 77
Trd, 4318443.343, 66
Trd, 4318443.793, 71
Trd, 4318444.343, 85
Trd, 4318444.893, 140
Trd, 4318446.143, 124
Trd, 4318448.743, 125
Trd, 4318449.243, 139
Trd, 4318449.293, 124
Trd, 4318449.493, 135
Trd, 4318450.493, 140
Trd, 4318450.693, 99
Trd, 4318450.993, 99
Trd, 4318452.293, 139
Trd, 4318452.743, 61
Trd, 4318453.693, 140
Trd, 4318454.343, 140
Trd, 4318455.493, 60
Trd, 4318456.343, 62
Trd, 4318456.843, 63
Trd, 4318457.843, 60
Trd, 4318458.743, 60
Trd, 4318459.193, 60
Trd, 4318459.943, 63
Trd, 4318460.443, 63
Trd, 4318460.693, 62
Trd, 4318461.193, 62
Trd, 4318461.993, 60
Trd, 4318462.293, 60
Trd, 4318462.443, 64
Trd, 4318464.043, 63
Trd, 4318464.443, 62
Trd, 4318465.743, 64
Trd, 4318466.643, 69
Trd, 4318467.143, 65
Trd, 4318467.593, 64
Trd, 4318468.243, 62
Trd, 4318469.743, 140
Trd, 4318471.443, 140
Trd, 4318471.793, 140
Trd, 4318472.593, 140
Trd, 4318472.693, 139
Trd, 4318472.943, 140
Trd, 4318473.693, 140
Trd, 4318474.293, 140
Trd, 4318474.543, 110
Trd, 4318475.643, 140
Trd, 4318476.693, 140
Trd, 4318478.443, 125
Trd, 4318478.843, 127
Trd, 4318479.793, 140
Trd, 4318480.343, 140
Trd, 4318480.643, 138
Trd, 4318480.943, 129
Trd, 4318481.243, 111
Trd, 4318483.043, 140
Trd, 4318484.243, 140
Trd, 4318484.593, 140
Trd, 4318485.093, 126
Trd, 4318485.543, 126
Trd, 4318486.243, 124
Trd, 4318486.893, 139
Trd, 4318488.193, 107
Trd, 4318489.093, 140
Trd, 4318490.943, 140
Trd, 4318491.193, 140
Trd, 4318491.893, 140
Trd, 4318492.743, 140
Trd, 4318492.893, 140
Trd, 4318493.643, 114
Trd, 4318494.443, 66
Trd, 4318494.843, 68
Trd, 4318496.143, 140
Trd, 4318498.493, 140
Trd, 4318498.893, 140
Trd, 4318499.493, 140
Trd, 4318499.543, 139
Trd, 4318499.693, 107
Trd, 4318500.493, 139
Trd, 4318502.543, 140
Trd, 4318502.693, 140
Trd, 4318503.243, 140
Trd, 4318504.493, 140
Trd, 4318504.543, 140
Trd, 4318506.993, 140
Trd, 4318507.443, 140
Trd, 4318507.943, 140
Trd, 4318508.293, 140
Trd, 4318508.893, 140
Trd, 4318509.193, 140
Trd, 4318510.043, 140
Trd, 4318510.243, 140
Trd, 4318510.393, 139
Trd, 4318513.693, 140
Trd, 4318514.093, 140
Trd, 4318514.143, 140
Trd, 4318514.643, 140
Trd, 4318515.093, 140
Trd, 4318515.743, 139
Trd, 4318516.043, 138
Trd, 4318516.293, 140
Trd, 4318516.593, 127
Trd, 4318517.093, 90
Trd, 4318518.243, 140
Trd, 4318519.143, 140
Trd, 4318520.193, 139
Trd, 4318520.993, 140
Trd, 4318521.443, 140
Trd, 4318521.793, 140
Trd, 4318523.943, 140
Trd, 4318524.443, 136
Trd, 4318524.493, 110
Trd, 4318525.093, 109
Trd, 4318527.093, 140
Trd, 4318527.693, 140
Trd, 4318529.543, 140
Trd, 4318529.743, 140
Trd, 4318530.143, 140
Trd, 4318530.343, 140
Trd, 4318531.643, 140
Trd, 4318532.793, 140
Trd, 4318533.143, 140
Trd, 4318534.993, 140
Trd, 4318535.593, 140
Trd, 4318536.043, 140
Trd, 4318536.143, 140
Trd, 4318536.943, 140
Trd, 4318537.843, 140
Trd, 4318538.943, 140
Trd, 4318539.993, 140
Trd, 4318540.043, 140
Trd, 4318540.093, 139
Trd, 4318541.293, 139
Trd, 4318541.393, 85
Trd, 4318542.943, 140
Trd, 4318543.093, 140
Trd, 4318543.443, 130
Trd, 4318544.393, 113
Trd, 4318544.793, 111
Trd, 4318545.743, 138
Trd, 4318547.343, 140
Trd, 4318547.393, 140
Trd, 4318548.093, 139
Trd, 4318548.243, 108
Trd, 4318549.243, 138
Trd, 4318550.293, 140
Trd, 4318550.993, 139
Trd, 4318551.743, 79
Trd, 4318553.593, 64
Trd, 4318554.493, 140
Trd, 4318555.193, 140
Trd, 4318555.843, 139
Trd, 4318558.443, 140
Trd, 4318558.843, 140
Trd, 4318560.293, 140
Trd, 4318561.493, 140
Trd, 4318562.593, 140
Trd, 4318562.843, 140
Trd, 4318563.343, 140
Trd, 4318564.543, 140
Trd, 4318564.993, 140
Trd, 4318565.543, 129
Trd, 4318565.593, 111
Trd, 4318566.343, 132
Trd, 4318566.393, 133
Trd, 4318567.493, 62
Trd, 4318568.893, 62
Trd, 4318570.143, 60
Trd, 4318571.143, 60
Trd, 4318571.193, 62
Trd, 4318571.793, 60
Trd, 4318571.893, 61
Trd, 4318574.043, 63
Trd, 4318574.343, 64
Trd, 4318574.943, 64
Trd, 4318575.143, 66
Trd, 4318575.243, 63
Trd, 4318575.393, 62
Trd, 4318576.143, 139
Trd, 4318577.443, 62
Trd, 4318577.843, 139
Trd, 4318578.793, 66
Trd, 4318579.693, 68
Trd, 4318580.693, 60
Trd, 4318581.293, 60
Trd, 4318581.743, 60
Trd, 4318581.943, 61
Trd, 4318584.593, 60
Trd, 4318585.643, 60
Trd, 4318585.793, 60
Trd, 4318585.943, 62
Trd, 4318586.143, 62
Trd, 4318586.243, 60
Trd, 4318587.543, 63
Trd, 4318588.143, 139
Trd, 4318588.893, 140
Trd, 4318589.893, 140
Trd, 4318590.843, 140
Trd, 4318591.143, 140
Trd, 4318592.293, 140
Trd, 4318592.843, 120
Trd, 4318593.393, 139
Trd, 4318594.043, 120
Trd, 4318594.393, 118
Trd, 4318594.443, 112
Trd, 4318595.393, 140
Trd, 4318595.793, 140
Trd, 4318596.743, 124
Trd, 4318597.293, 124
Trd, 4318598.293, 129
Trd, 4318599.093, 116
Trd, 4318599.243, 126
Trd, 4318600.043, 115
Trd, 4318600.093, 114
Trd, 4318602.143, 60
Trd, 4318602.593, 60
Trd, 4318602.843, 60
Trd, 4318603.543, 64
Trd, 4318603.593, 71
Trd, 4318604.593, 65
Trd, 4318605.143, 65
Trd, 4318605.593, 66
Trd, 4318605.693, 67
Trd, 4318607.943, 138
Trd, 4318609.343, 106
Trd, 4318609.493, 69
Trd, 4318610.343, 65
Trd, 4318610.943, 67
Trd, 4318610.993, 68
Trd, 4318611.693, 61
Trd, 4318612.643, 61
Trd, 4318613.443, 63
Trd, 4318615.043, 63
Trd, 4318615.093, 63
Trd, 4318615.393, 63
Trd, 4318615.643, 65
Trd, 4318616.793, 140
Trd, 4318616.893, 140
Trd, 4318618.593, 67
Trd, 4318619.293, 69
Trd, 4318619.743, 80
Trd, 4318620.493, 105
Trd, 4318620.943, 74
Trd, 4318621.193, 73
Trd, 4318621.443, 62
Trd, 4318623.643, 60
Trd, 4318624.643, 60
Trd, 4318626.243, 65
Trd, 4318626.393, 60
Trd, 4318627.943, 140
Trd, 4318628.143, 140
Trd, 4318628.393, 140
Trd, 4318629.443, 140
Trd, 4318629.743, 140
Trd, 4318630.543, 140
Trd, 4318630.893, 140
Trd, 4318632.743, 140
Trd, 4318633.543, 140
Trd, 4318634.443, 140
Trd, 4318635.893, 140
Trd, 4318637.743, 140
Trd, 4318637.843, 140
Trd, 4318637.993, 140
Trd, 4318638.443, 140
Trd, 4318638.493, 140
Trd, 4318639.193, 125
Trd, 4318639.393, 74
Trd, 4318640.843, 60
Trd, 4318641.643, 61
Trd, 4318643.043, 60
Trd, 4318643.343, 60
Trd, 4318644.143, 60
Trd, 4318645.343, 60
Trd, 4318646.143, 60
Trd, 4318646.543, 63
Trd, 4318647.193, 63
Trd, 4318647.343, 62
Trd, 4318647.493, 66
Trd, 4318647.593, 70
Trd, 4318648.843, 140
Trd, 4318649.943, 140
Trd, 4318650.243, 140
Trd, 4318650.543, 140
Trd, 4318651.043, 140
Trd, 4318651.543, 139
Trd, 4318651.643, 121
Trd, 4318652.843, 137
Trd, 4318653.543, 140
Trd, 4318653.743, 104
Trd, 4318654.993, 92
Trd, 4318655.843, 108
Trd, 4318656.293, 94
Trd, 4318656.593, 131
Trd, 4318657.393, 60
Trd, 4318658.243, 61
Trd, 4318659.543, 60
Trd, 4318659.993, 61
Trd, 4318660.243, 67
Trd, 4318660.443, 65
Trd, 4318660.843, 61
Trd, 4318662.043, 61
Trd, 4318663.443, 70
Trd, 4318663.593, 68
Trd, 4318664.193, 140
Trd, 4318664.893, 140
Trd, 4318666.143, 69
Trd, 4318667.393, 140
Trd, 4318668.193, 140
Trd, 4318668.343, 140
Trd, 4318669.143, 140
Trd, 4318671.243, 140
Trd, 4318671.393, 140
Trd, 4318672.843, 140
Trd, 4318673.593, 140
Trd, 4318673.843, 139
Trd, 4318675.093, 140
Trd, 4318675.543, 140
Trd, 4318676.143, 140
Trd, 4318676.343, 140
Trd, 4318678.043, 135
Trd, 4318678.543, 140
Trd, 4318679.243, 140
Trd, 4318679.793, 139
Trd, 4318680.393, 109
Trd, 4318680.493, 108
Trd, 4318680.543, 139
Trd, 4318680.893, 70
Trd, 4318682.643, 68
Trd, 4318685.493, 60
Trd, 4318685.893, 60
Trd, 4318685.993, 60
Trd, 4318686.743, 60
Trd, 4318686.843, 61
Trd, 4318687.893, 60
Trd, 4318688.293, 62
Trd, 4318688.343, 61
Trd, 4318689.143, 62
Trd, 4318689.393, 61
Trd, 4318689.443, 63
Trd, 4318690.293, 61
Trd, 4318690.793, 61
Trd, 4318692.493, 60
Trd, 4318693.293, 62
Trd, 4318694.643, 60
Trd, 4318695.143, 60
Trd, 4318695.343, 64
Trd, 4318695.893, 60
Trd, 4318696.143, 62
Trd, 4318696.743, 61
Trd, 4318697.793, 61
Trd, 4318698.693, 62
Trd, 4318699.243, 60
Trd, 4318699.543, 60
Trd, 4318700.493, 61
Trd, 4318700.793, 60
Trd, 4318701.043, 60
Trd, 4318701.843, 65
Trd, 4318702.893, 60
Trd, 4318703.143, 60
Trd, 4318703.693, 75
Trd, 4318705.543, 60
Trd, 4318706.243, 61
Trd, 4318706.943, 61
Trd, 4318707.543, 60
Trd, 4318708.243, 62
Trd, 4318709.143, 139
Trd, 4318710.243, 140
Trd, 4318710.693, 140
Trd, 4318710.743, 139
Trd, 4318712.143, 60
Trd, 4318712.743, 60
Trd, 4318713.593, 60
Trd, 4318713.743, 70
Trd, 4318714.193, 70
Trd, 4318715.593, 60
Trd, 4318716.093, 60
Trd, 4318716.243, 60
Trd, 4318716.993, 60
Trd, 4318717.343, 60
Trd, 4318717.693, 61
Trd, 4318718.543, 60
Trd, 4318719.093, 63
Trd, 4318719.993, 65
Trd, 4318720.593, 61
Trd, 4318720.743, 65
Trd, 4318721.593, 140
Trd, 4318722.493, 140
Trd, 4318723.043, 140
Trd, 4318723.793, 140
Trd, 4318724.243, 139
Trd, 4318724.843, 139
Trd, 4318726.093, 140
Trd, 4318726.543, 140
Trd, 4318727.143, 140
Trd, 4318728.193, 140
Trd, 4318728.693, 139
Trd, 4318729.443, 139
Trd, 4318729.893, 139
Trd, 4318730.493, 100
Trd, 4318730.843, 140
Trd, 4318731.093, 133
Trd, 4318732.693, 139
Trd, 4318732.893, 102
Trd, 4318733.043, 101
Trd, 4318733.243, 94
Trd, 4318733.643, 74
Trd, 4318733.993, 140
Trd, 4318734.643, 89
Trd, 4318736.943, 140
Trd, 4318737.093, 139
Trd, 4318738.043, 100
Trd, 4318739.043, 101
Trd, 4318739.443, 98
Trd, 4318740.093, 91
Trd, 4318740.293, 111
Trd, 4318740.443, 61
Trd, 4318740.993, 61
Trd, 4318741.043, 62
Trd, 4318742.743, 61
Trd, 4318743.343, 61
Trd, 4318744.093, 62
Trd, 4318745.593, 60
Trd, 4318745.843, 61
Trd, 4318746.243, 61
Trd, 4318746.543, 62
Trd, 4318746.593, 63
Trd, 4318747.843, 63
Trd, 4318747.893, 67
Trd, 4318748.943, 65
Trd, 4318750.543, 60
Trd, 4318751.643, 60
Trd, 4318751.693, 60
Trd, 4318751.843, 60
Trd, 4318753.093, 60
Trd, 4318755.643, 60
Trd, 4318755.993, 60
Trd, 4318756.193, 60
Trd, 4318756.543, 60
Trd, 4318756.793, 60
Trd, 4318757.093, 62
Trd, 4318757.293, 62
Trd, 4318757.443, 64
Trd, 4318757.643, 65
Trd, 4318758.443, 63
Trd, 4318758.943, 66
Trd, 4318759.643, 119
Trd, 4318759.743, 66
Trd, 4318760.543, 69
Trd, 4318761.293, 96
Trd, 4318761.543, 65
Trd, 4318763.293, 68
Trd, 4318763.493, 65
Trd, 4318763.893, 66
Trd, 4318764.343, 68
Trd, 4318766.693, 60
Trd, 4318766.943, 61
Trd, 4318768.543, 61
Trd, 4318768.593, 65
Trd, 4318769.093, 60
Trd, 4318770.293, 65
Trd, 4318771.443, 63
Trd, 4318772.243, 140
Trd, 4318772.993, 140
Trd, 4318773.443, 140
Trd, 4318773.693, 140
Trd, 4318774.043, 140
Trd, 4318774.443, 109
Trd, 4318775.093, 67
Trd, 4318775.293, 61
Trd, 4318776.793, 60
Trd, 4318777.293, 60
Trd, 4318778.693, 61
Trd, 4318781.243, 60
Trd, 4318781.393, 60
Trd, 4318781.493, 60
Trd, 4318781.643, 62
Trd, 4318781.893, 68
Trd, 4318782.443, 63
Trd, 4318783.093, 81
Trd, 4318783.843, 140
Trd, 4318783.993, 140
Trd, 4318784.443, 124
Trd, 4318785.843, 139
Trd, 4318785.893, 138
Trd, 4318786.993, 137
Trd, 4318788.743, 139
Trd, 4318789.643, 140
Trd, 4318790.543, 140
Trd, 4318790.693, 140
Trd, 4318791.793, 140
Trd, 4318792.043, 140
Trd, 4318792.543, 140
Trd, 4318793.543, 140
Trd, 4318793.693, 140
Trd, 4318794.093, 140
Trd, 4318795.243, 115
Trd, 4318796.393, 96
Trd, 4318796.543, 130
Trd, 4318796.643, 100
Trd, 4318797.143, 130
Trd, 4318797.293, 86
Trd, 4318797.543, 60
Trd, 4318797.943, 78
Trd, 4318798.693, 65
Trd, 4318799.193, 82
Trd, 4318800.693, 64
Trd, 4318803.843, 60
Trd, 4318804.293, 60
Trd, 4318804.393, 62
Trd, 4318804.493, 64
Trd, 4318804.543, 65
Trd, 4318805.843, 61
Trd, 4318805.943, 61
Trd, 4318806.493, 60
Trd, 4318807.593, 63
Trd, 4318808.893, 62
Trd, 4318809.543, 61
Trd, 4318809.693, 64
Trd, 4318809.893, 61
Trd, 4318810.593, 65
Trd, 4318811.243, 66
Trd, 4318811.893, 90
Trd, 4318812.393, 64
Trd, 4318812.793, 139
Trd, 4318814.093, 140
Trd, 4318814.843, 91
Trd, 4318816.043, 114
Trd, 4318816.743, 115
Trd, 4318816.793, 114
Trd, 4318817.643, 116
Trd, 4318817.693, 127
Trd, 4318819.343, 77
Trd, 4318819.743, 75
Trd, 4318819.943, 121
Trd, 4318820.493, 112
Trd, 4318821.543, 120
Trd, 4318821.643, 89
Trd, 4318822.043, 60
Trd, 4318822.693, 64
Trd, 4318824.343, 60
Trd, 4318826.143, 60
Trd, 4318827.543, 60
Trd, 4318827.893, 60
Trd, 4318828.043, 60
Trd, 4318828.393, 61
Trd, 4318829.493, 61
Trd, 4318829.993, 61
Trd, 4318830.343, 62
Trd, 4318830.843, 63
Trd, 4318831.993, 60
Trd, 4318832.943, 64
Trd, 4318833.443, 61
Trd, 4318833.493, 60
Trd, 4318833.843, 62
Trd, 4318834.993, 62
Trd, 4318836.543, 63
Trd, 4318836.593, 64
Trd, 4318836.643, 62
Trd, 4318838.093, 60
Trd, 4318838.193, 63
Trd, 4318839.643, 61
Trd, 4318839.993, 68
Trd, 4318841.293, 61
Trd, 4318841.643, 61
Trd, 4318841.693, 64
Trd, 4318841.843, 65
Trd, 4318842.693, 66
Trd, 4318844.143, 104
Trd, 4318844.243, 103
Trd, 4318845.793, 140
Trd, 4318846.493, 140
Trd, 4318846.743, 140
Trd, 4318847.743, 140
Trd, 4318848.493, 140
Trd, 4318850.043, 140
Trd, 4318850.643, 140
Trd, 4318850.693, 110
Trd, 4318852.893, 140
Trd, 4318853.393, 140
Trd, 4318854.243, 140
Trd, 4318854.343, 140
Trd, 4318855.043, 140
Trd, 4318855.243, 95
Trd, 4318856.543, 140
Trd, 4318858.943, 140
Trd, 4318860.443, 140
Trd, 4318860.543, 140
Trd, 4318861.993, 140
Trd, 4318862.793, 140
Trd, 4318863.343, 109
Trd, 4318864.743, 140
Trd, 4318865.393, 140
Trd, 4318865.543, 140
Trd, 4318865.643, 140
Trd, 4318866.143, 139
Trd, 4318866.493, 106
Trd, 4318867.093, 99
Trd, 4318867.593, 97
Trd, 4318868.043, 134
Trd, 4318868.493, 89
Trd, 4318869.243, 109
Trd, 4318869.893, 136
Trd, 4318870.243, 109
Trd, 4318870.543, 108
Trd, 4318870.993, 78
Trd, 4318872.443, 140
Trd, 4318872.493, 140
Trd, 4318872.543, 140
Trd, 4318873.243, 60
Trd, 4318874.193, 60
Trd, 4318875.343, 60
Trd, 4318875.793, 62
Trd, 4318877.193, 61
Trd, 4318878.143, 62
Trd, 4318878.193, 62
Trd, 4318878.693, 60
Trd, 4318878.943, 62
Trd, 4318879.493, 63
Trd, 4318879.543, 64
Trd, 4318879.693, 60
Trd, 4318879.943, 61
Trd, 4318880.043, 63
Trd, 4318884.143, 60
Trd, 4318884.393, 61
Trd, 4318884.543, 62
Trd, 4318885.793, 64
Trd, 4318886.593, 66
Trd, 4318887.743, 60
Trd, 4318888.543, 60
Trd, 4318889.193, 61
Trd, 4318889.243, 63
Trd, 4318891.043, 60
Trd, 4318892.043, 60
Trd, 4318892.093, 60
Trd, 4318892.243, 61
Trd, 4318892.393, 61
Trd, 4318892.843, 62
Trd, 4318894.393, 61
Trd, 4318894.443, 63
Trd, 4318895.293, 60
Trd, 4318896.493, 63
Trd, 4318897.143, 61
Trd, 4318897.793, 61
Trd, 4318897.943, 62
Trd, 4318898.343, 60
Trd, 4318898.693, 61
Trd, 4318899.343, 66
Trd, 4318899.743, 109
Trd, 4318901.343, 140
Trd, 4318901.643, 140
Trd, 4318901.743, 140
Trd, 4318902.343, 138
Trd, 4318902.743, 101
Trd, 4318904.893, 60
Trd, 4318904.943, 62
Trd, 4318905.443, 60
Trd, 4318906.343, 60
Trd, 4318907.843, 60
Trd, 4318908.443, 60
Trd, 4318908.493, 60
Trd, 4318909.093, 61
Trd, 4318909.493, 63
Trd, 4318909.843, 61
Trd, 4318910.143, 61
Trd, 4318911.493, 60
Trd, 4318912.343, 60
Trd, 4318912.443, 62
Trd, 4318912.693, 67
Trd, 4318913.193, 65
Trd, 4318914.193, 61
Trd, 4318915.043, 71
Trd, 4318915.543, 69
Trd, 4318916.143, 65
Trd, 4318917.743, 140
Trd, 4318918.443, 140
Trd, 4318919.443, 136
Trd, 4318919.643, 135
Trd, 4318919.943, 134
Trd, 4318920.193, 78
Trd, 4318921.093, 103
Trd, 4318923.493, 60
Trd, 4318924.393, 60
Trd, 4318925.193, 60
Trd, 4318925.443, 61
Trd, 4318926.843, 60
Trd, 4318926.993, 60
Trd, 4318927.493, 62
Trd, 4318927.593, 62
Trd, 4318927.643, 66
Trd, 4318928.043, 64
Trd, 4318929.243, 140
Trd, 4318930.043, 140
Trd, 4318930.443, 140
Trd, 4318931.543, 140
Trd, 4318932.743, 140
Trd, 4318932.843, 140
Trd, 4318933.493, 139
Trd, 4318933.993, 137
Trd, 4318934.843, 104
Trd, 4318934.893, 97
Trd, 4318936.993, 140
Trd, 4318938.293, 140
Trd, 4318938.493, 140
Trd, 4318938.793, 140
Trd, 4318940.193, 140
Trd, 4318940.293, 139
Trd, 4318941.143, 140
Trd, 4318941.843, 137
Trd, 4318942.693, 136
Trd, 4318943.293, 103
Trd, 4318946.043, 140
Trd, 4318948.243, 140
Trd, 4318948.793, 140
Trd, 4318948.893, 140
Trd, 4318949.593, 140
Trd, 4318950.293, 140
Trd, 4318950.943, 140
Trd, 4318951.293, 140
Trd, 4318952.693, 136
Trd, 4318952.943, 133
Trd, 4318953.093, 133
Trd, 4318953.243, 129
Trd, 4318953.493, 134
Trd, 4318954.393, 126
Trd, 4318954.943, 87
Trd, 4318955.143, 82
Trd, 4318955.843, 134
Trd, 4318957.243, 62
Trd, 4318957.643, 92
Trd, 4318959.043, 140
Trd, 4318959.343, 140
Trd, 4318959.493, 140
Trd, 4318960.493, 140
Trd, 4318962.843, 140
Trd, 4318963.343, 140
Trd, 4318963.593, 138
Trd, 4318964.743, 140
Trd, 4318965.843, 140
Trd, 4318967.293, 140
Trd, 4318967.393, 140
Trd, 4318968.043, 136
Trd, 4318969.943, 64
Trd, 4318970.143, 67
Trd, 4318970.243, 68
Trd, 4318972.493, 140
Trd, 4318973.793, 140
Trd, 4318973.843, 140
Trd, 4318974.443, 140
Trd, 4318974.493, 140
Trd, 4318974.643, 140
Trd, 4318976.093, 140
Trd, 4318976.393, 140
Trd, 4318977.943, 66
Trd, 4318978.293, 68
Trd, 4318978.743, 67
Trd, 4318979.143, 60
Trd, 4318979.843, 60
Trd, 4318980.093, 60
Trd, 4318980.393, 60
Trd, 4318980.493, 61
Trd, 4318981.743, 140
Trd, 4318981.943, 140
Trd, 4318982.843, 140
Trd, 4318983.443, 140
Trd, 4318984.693, 140
Trd, 4318984.743, 140
Trd, 4318987.443, 140
Trd, 4318989.043, 140
Trd, 4318989.343, 140
Trd, 4318989.693, 140
Trd, 4318990.943, 140
Trd, 4318991.393, 140
Trd, 4318992.243, 140
Trd, 4318993.293, 140
Trd, 4318994.093, 140
Trd, 4318994.793, 139
Trd, 4318994.943, 84
Trd, 4318996.093, 103
Trd, 4318997.143, 140
Trd, 4318997.193, 140
Trd, 4318998.543, 140
Trd, 4318998.743, 140
Trd, 4319000.543, 140
Trd, 4319001.543, 138
Trd, 4319002.993, 140
Trd, 4319003.593, 140
Trd, 4319004.593, 135
Trd, 4319006.193, 139
Trd, 4319006.493, 138
Trd, 4319006.843, 139
Trd, 4319007.543, 139
Trd, 4319008.393, 140
Trd, 4319008.843, 115
Trd, 4319009.043, 113
Trd, 4319009.593, 138
Trd, 4319010.543, 140
Trd, 4319012.843, 140
Trd, 4319013.143, 139
Trd, 4319014.293, 109
Trd, 4319014.643, 140
Trd, 4319014.843, 101
Trd, 4319015.793, 93
Trd, 4319015.843, 96
Trd, 4319016.043, 92
Trd, 4319017.093, 76
Trd, 4319018.343, 139
Trd, 4319019.443, 139
Trd, 4319020.743, 140
Trd, 4319020.943, 140
Trd, 4319021.343, 139
Trd, 4319022.543, 140
Trd, 4319022.993, 140
Trd, 4319023.643, 140
Trd, 4319023.743, 139
Trd, 4319025.143, 91
Trd, 4319026.493, 140
Trd, 4319026.993, 140
Trd, 4319028.143, 137
Trd, 4319028.743, 138
Trd, 4319029.143, 104
Trd, 4319029.643, 140
Trd, 4319030.293, 140
Trd, 4319032.443, 140
Trd, 4319032.893, 140
Trd, 4319033.893, 140
Trd, 4319034.543, 140
Trd, 4319035.793, 140
Trd, 4319036.093, 140
Trd, 4319037.093, 140
Trd, 4319037.543, 140
Trd, 4319037.943, 140
Trd, 4319038.443, 137
Trd, 4319038.493, 67
Trd, 4319039.493, 67
Trd, 4319039.843, 71
Trd, 4319040.593, 61
Trd, 4319042.443, 62
Trd, 4319042.543, 79
Trd, 4319043.493, 140
Trd, 4319043.743, 140
Trd, 4319043.993, 140
Trd, 4319045.943, 140
Trd, 4319046.143, 140
Trd, 4319046.743, 140
Trd, 4319046.793, 140
Trd, 4319048.293, 140
Trd, 4319048.893, 140
Trd, 4319049.193, 140
Trd, 4319050.793, 140
Trd, 4319051.243, 139
Trd, 4319051.993, 140
Trd, 4319052.993, 140
Trd, 4319053.443, 140
Trd, 4319054.693, 140
Trd, 4319055.143, 140
Trd, 4319055.793, 140
Trd, 4319056.693, 140
Trd, 4319056.893, 140
Trd, 4319058.393, 138
Trd, 4319059.143, 140
Trd, 4319059.693, 139
Trd, 4319059.893, 102
Trd, 4319061.693, 122
Trd, 4319062.743, 105
Trd, 4319064.443, 111
Trd, 4319064.843, 95
Trd, 4319065.643, 113
Trd, 4319065.893, 112
Trd, 4319066.043, 111
Trd, 4319067.093, 140
Trd, 4319068.443, 140
Trd, 4319068.493, 106
Trd, 4319068.993, 140
Trd, 4319069.193, 66
Trd, 4319071.243, 140
Trd, 4319071.943, 140
Trd, 4319072.193, 140
Trd, 4319072.793, 134
Trd, 4319074.593, 140
Trd, 4319074.843, 112
Trd, 4319075.643, 102
Trd, 4319076.693, 140
Trd, 4319076.843, 140
Trd, 4319076.993, 140
Trd, 4319078.343, 140
Trd, 4319078.593, 139
Trd, 4319079.943, 137
Trd, 4319080.043, 121
Trd, 4319080.693, 68
Trd, 4319082.093, 62
Trd, 4319082.643, 140
Trd, 4319082.793, 140
Trd, 4319084.293, 134
Trd, 4319084.693, 96
Trd, 4319085.143, 98
Trd, 4319085.343, 97
Trd, 4319085.693, 133
Trd, 4319087.243, 140
Trd, 4319089.343, 60
Trd, 4319089.643, 60
Trd, 4319089.893, 62
Trd, 4319092.393, 60
Trd, 4319092.443, 60
Trd, 4319092.943, 60
Trd, 4319093.543, 61
Trd, 4319094.443, 60
Trd, 4319095.293, 60
Trd, 4319095.493, 60
Trd, 4319095.793, 60
Trd, 4319096.093, 61
Trd, 4319096.443, 71
Trd, 4319096.943, 60
Trd, 4319098.493, 139
Trd, 4319100.293, 106
Trd, 4319100.443, 138
Trd, 4319101.193, 119
Trd, 4319101.543, 119
Trd, 4319103.643, 139
Trd, 4319104.343, 140
Trd, 4319105.093, 140
Trd, 4319106.693, 140
Trd, 4319107.243, 140
Trd, 4319107.993, 140
Trd, 4319108.093, 137
Trd, 4319109.093, 110
Trd, 4319109.543, 105
Trd, 4319110.843, 140
Trd, 4319112.893, 140
Trd, 4319112.943, 140
Trd, 4319113.093, 140
Trd, 4319113.743, 140
Trd, 4319114.843, 140
Trd, 4319114.993, 140
Trd, 4319116.093, 139
Trd, 4319117.443, 125
Trd, 4319117.493, 122
Trd, 4319118.343, 139
Trd, 4319119.993, 140
Trd, 4319120.543, 140
Trd, 4319120.593, 140
Trd, 4319121.543, 140
Trd, 4319121.593, 140
Trd, 4319123.793, 60
Trd, 4319124.193, 60
Trd, 4319124.293, 60
Trd, 4319125.243, 65
Trd, 4319125.693, 140
Trd, 4319127.493, 140
Trd, 4319128.343, 140
Trd, 4319128.393, 140
Trd, 4319128.743, 140
Trd, 4319129.193, 140
Trd, 4319130.243, 86
Trd, 4319131.093, 63
Trd, 4319133.393, 140
Trd, 4319133.593, 140
Trd, 4319133.943, 140
Trd, 4319134.593, 140
Trd, 4319135.893, 140
Trd, 4319136.493, 140
Trd, 4319137.393, 140
Trd, 4319137.693, 140
Trd, 4319138.693, 96
Trd, 4319139.143, 103
Trd, 4319141.293, 140
Trd, 4319142.843, 62
Trd, 4319142.943, 63
Trd, 4319143.243, 62
Trd, 4319143.643, 66
Trd, 4319144.443, 61
Trd, 4319144.793, 60
Trd, 4319146.043, 60
Trd, 4319146.193, 60
Trd, 4319147.243, 60
Trd, 4319147.943, 60
Trd, 4319148.093, 65
Trd, 4319148.543, 62
Trd, 4319149.193, 61
Trd, 4319149.343, 60
Trd, 4319149.593, 60
Trd, 4319150.443, 63
Trd, 4319152.143, 60
Trd, 4319152.793, 60
Trd, 4319152.993, 60
Trd, 4319154.543, 60
Trd, 4319157.093, 60
Trd, 4319157.493, 60
Trd, 4319157.793, 61
Trd, 4319158.043, 62
Trd, 4319158.593, 62
Trd, 4319158.943, 63
Trd, 4319159.043, 61
Trd, 4319159.843, 66
Trd, 4319160.693, 60
Trd, 4319161.843, 60
Trd, 4319161.893, 63
Trd, 4319163.143, 60
Trd, 4319163.293, 60
Trd, 4319164.343, 60
Trd, 4319164.643, 60
Trd, 4319165.593, 60
Trd, 4319165.643, 60
Trd, 4319166.593, 61
Trd, 4319167.943, 60
Trd, 4319168.493, 61
Trd, 4319169.093, 63
Trd, 4319169.193, 63
Trd, 4319169.343, 67
Trd, 4319171.193, 62
Trd, 4319171.343, 62
Trd, 4319171.993, 65
Trd, 4319172.343, 61
Trd, 4319172.793, 61
Trd, 4319172.843, 62
Trd, 4319174.393, 61
Trd, 4319174.543, 61
Trd, 4319175.293, 60
Trd, 4319176.893, 60
Trd, 4319177.093, 61
Trd, 4319178.243, 60
Trd, 4319178.593, 60
Trd, 4319179.893, 61
Trd, 4319180.093, 62
Trd, 4319180.193, 61
Trd, 4319180.343, 65
Trd, 4319180.843, 60
Trd, 4319181.243, 60
Trd, 4319182.293, 63
Trd, 4319183.093, 62
Trd, 4319185.393, 60
Trd, 4319185.993, 60
Trd, 4319186.443, 60
Trd, 4319186.593, 61
Trd, 4319186.743, 63
Trd, 4319187.393, 62
Trd, 4319188.093, 60
Trd, 4319188.693, 63
Trd, 4319189.293, 61
Trd, 4319192.293, 60
Trd, 4319194.593, 60
Trd, 4319194.743, 60
Trd, 4319194.993, 60
Trd, 4319195.343, 60
Trd, 4319196.143, 60
Trd, 4319196.293, 64
Trd, 4319196.943, 62
Trd, 4319198.443, 140
Trd, 4319198.493, 140
Trd, 4319198.743, 139
Trd, 4319199.193, 115
Trd, 4319200.193, 62
Trd, 4319200.543, 109
Trd, 4319201.493, 66
Trd, 4319201.843, 66
Trd, 4319203.543, 140
Trd, 4319203.643, 140
Trd, 4319204.543, 140
Trd, 4319205.993, 140
Trd, 4319206.093, 140
Trd, 4319206.543, 140
Trd, 4319208.393, 140
Trd, 4319208.793, 140
Trd, 4319209.443, 140
Trd, 4319211.693, 140
Trd, 4319212.343, 138
Trd, 4319213.793, 140
Trd, 4319214.793, 140
Trd, 4319215.193, 140
Trd, 4319215.443, 139
Trd, 4319218.093, 140
Trd, 4319219.093, 140
Trd, 4319219.243, 140
Trd, 4319219.343, 140
Trd, 4319220.343, 140
Trd, 4319220.943, 140
Trd, 4319221.793, 140
Trd, 4319223.043, 140
Trd, 4319223.193, 140
Trd, 4319223.293, 140
Trd, 4319224.293, 139
Trd, 4319224.943, 138
Trd, 4319226.093, 121
Trd, 4319226.143, 120
Trd, 4319227.443, 140
Trd, 4319227.743, 140
Trd, 4319228.893, 140
Trd, 4319229.943, 140
Trd, 4319230.443, 140
Trd, 4319230.893, 140
Trd, 4319231.293, 112
Trd, 4319231.493, 73
Trd, 4319231.793, 140
Trd, 4319232.093, 61
Trd, 4319234.093, 60
Trd, 4319234.993, 60
Trd, 4319235.293, 60
Trd, 4319235.443, 61
Trd, 4319235.743, 60
Trd, 4319235.843, 60
Trd, 4319235.943, 61
Trd, 4319236.693, 140
Trd, 4319237.393, 140
Trd, 4319237.493, 140
Trd, 4319238.093, 71
Trd, 4319239.793, 63
Trd, 4319239.993, 64
Trd, 4319240.943, 90
Trd, 4319241.193, 78
Trd, 4319242.093, 81
Trd, 4319243.293, 83
Trd, 4319244.493, 140
Trd, 4319244.543, 140
Trd, 4319244.893, 137
Trd, 4319246.243, 140
Trd, 4319246.743, 140
Trd, 4319246.993, 140
Trd, 4319248.043, 119
Trd, 4319248.093, 117
Trd, 4319248.343, 140
Trd, 4319249.243, 140
Trd, 4319250.443, 140
Trd, 4319252.093, 140
Trd, 4319252.443, 140
Trd, 4319252.793, 138
Trd, 4319252.893, 137
Trd, 4319253.243, 137
Trd, 4319253.843, 107
Trd, 4319256.443, 140
Trd, 4319257.593, 140
Trd, 4319257.693, 140
Trd, 4319258.593, 140
Trd, 4319259.743, 140
Trd, 4319260.443, 140
Trd, 4319262.093, 138
Trd, 4319263.043, 140
Trd, 4319263.143, 140
Trd, 4319263.793, 140
Trd, 4319264.543, 140
Trd, 4319264.693, 140
Trd, 4319265.043, 140
Trd, 4319265.243, 138
Trd, 4319268.143, 140
Trd, 4319268.743, 135
Trd, 4319268.843, 115
Trd, 4319269.443, 70
Trd, 4319269.543, 71
Trd, 4319269.593, 73
Trd, 4319270.943, 103
Trd, 4319271.943, 94
Trd, 4319272.093, 92
Trd, 4319272.743, 139
Trd, 4319273.143, 134
Trd, 4319273.993, 126
Trd, 4319274.793, 140
Trd, 4319275.593, 112
Trd, 4319275.793, 110
Trd, 4319276.243, 94
Trd, 4319277.393, 133
Trd, 4319278.043, 91
Trd, 4319278.993, 140
Trd, 4319279.843, 140
Trd, 4319279.943, 140
Trd, 4319280.593, 113
Trd, 4319281.543, 140
Trd, 4319281.793, 140
Trd, 4319281.993, 91
Trd, 4319282.543, 90
Trd, 4319283.593, 139
Trd, 4319283.993, 138
Trd, 4319284.143, 63
Trd, 4319287.043, 92
Trd, 4319287.143, 133
Trd, 4319287.493, 118
Trd, 4319287.543, 71
Trd, 4319287.993, 70
Trd, 4319289.593, 140
Trd, 4319289.843, 140
Trd, 4319290.393, 140
Trd, 4319290.443, 132
Trd, 4319294.043, 120
Trd, 4319294.343, 113
Trd, 4319296.143, 140
Trd, 4319296.393, 140
Trd, 4319297.543, 140
Trd, 4319297.743, 90
Trd, 4319297.843, 139
Trd, 4319299.293, 140
Trd, 4319299.843, 140
Trd, 4319300.593, 137
Trd, 4319302.193, 140
Trd, 4319302.893, 140
Trd, 4319302.943, 140
Trd, 4319303.143, 116
Trd, 4319303.693, 105
Trd, 4319304.193, 140
Trd, 4319305.393, 139
Trd, 4319306.393, 136
Trd, 4319306.543, 133
Trd, 4319306.993, 104
Trd, 4319309.293, 140
Trd, 4319309.693, 122
Trd, 4319309.793, 121
Trd, 4319310.043, 129
Trd, 4319310.993, 119
Trd, 4319313.193, 140
Trd, 4319313.393, 140
Trd, 4319313.743, 140
Trd, 4319314.043, 118
Trd, 4319316.243, 140
Trd, 4319317.343, 140
Trd, 4319317.593, 140
Trd, 4319319.193, 140
Trd, 4319319.693, 140
Trd, 4319319.843, 139
Trd, 4319321.243, 140
Trd, 4319322.743, 140
Trd, 4319323.043, 140
Trd, 4319323.443, 140
Trd, 4319324.093, 140
Trd, 4319325.043, 140
Trd, 4319325.293, 140
Trd, 4319326.043, 121
Trd, 4319326.243, 87
Trd, 4319327.243, 119
Trd, 4319327.843, 111
Trd, 4319328.543, 112
Trd, 4319329.193, 113
Trd, 4319329.993, 63
Trd, 4319330.643, 111
Trd, 4319331.293, 140
Trd, 4319331.393, 137
Trd, 4319333.193, 140
Trd, 4319334.843, 138
Trd, 4319335.943, 139
Trd, 4319336.643, 116
Trd, 4319337.143, 140
Trd, 4319337.743, 140
Trd, 4319338.193, 140
Trd, 4319338.743, 140
Trd, 4319338.793, 140
Trd, 4319340.693, 114
Trd, 4319341.143, 138
Trd, 4319341.343, 114
Trd, 4319342.593, 140
Trd, 4319342.843, 140
Trd, 4319343.493, 115
Trd, 4319343.993, 94
Trd, 4319346.493, 99
Trd, 4319346.893, 61
Trd, 4319347.193, 62
Trd, 4319347.893, 60
Trd, 4319348.693, 61
Trd, 4319348.893, 62
Trd, 4319349.393, 140
Trd, 4319349.793, 140
Trd, 4319349.993, 140
Trd, 4319351.943, 61
Trd, 4319352.143, 64
Trd, 4319352.893, 65
Trd, 4319353.943, 140
Trd, 4319354.193, 140
Trd, 4319354.943, 136
Trd, 4319356.543, 140
Trd, 4319356.643, 139
Trd, 4319357.193, 85
Trd, 4319358.143, 108
Trd, 4319359.143, 140
Trd, 4319359.693, 139
Trd, 4319359.843, 139
Trd, 4319360.343, 139
Trd, 4319360.443, 138
Trd, 4319361.043, 96
Trd, 4319361.443, 105
Trd, 4319363.043, 110
Trd, 4319363.243, 109
Trd, 4319364.293, 97
Trd, 4319364.743, 97
Trd, 4319364.793, 135
Trd, 4319365.393, 103
Trd, 4319365.843, 135
Trd, 4319366.493, 140
Trd, 4319367.293, 140
Trd, 4319367.693, 140
Trd, 4319368.993, 140
Trd, 4319369.593, 140
Trd, 4319369.693, 71
Trd, 4319371.243, 74
Trd, 4319371.693, 73
Trd, 4319371.793, 106
Trd, 4319371.993, 72
Trd, 4319373.343, 60
Trd, 4319374.493, 60
Trd, 4319375.393, 60
Trd, 4319375.893, 60
Trd, 4319376.293, 60
Trd, 4319376.893, 63
Trd, 4319377.493, 60
Trd, 4319378.043, 61
Trd, 4319378.843, 60
Trd, 4319379.393, 62
Trd, 4319379.693, 63
Trd, 4319379.843, 63
Trd, 4319380.243, 64
Trd, 4319380.343, 64
Trd, 4319380.643, 62
Trd, 4319381.693, 61
Trd, 4319381.793, 63
Trd, 4319385.593, 60
Trd, 4319386.493, 60
Trd, 4319387.893, 60
Trd, 4319388.693, 60
Trd, 4319389.093, 65
Trd, 4319389.643, 60
Trd, 4319389.793, 72
Trd, 4319390.193, 116
Trd, 4319391.193, 100
Trd, 4319391.593, 140
Trd, 4319391.843, 81
Trd, 4319392.093, 80
Trd, 4319393.943, 60
Trd, 4319394.193, 60
Trd, 4319394.743, 63
Trd, 4319396.643, 60
Trd, 4319396.743, 60
Trd, 4319397.143, 60
Trd, 4319399.593, 60
Trd, 4319399.893, 60
Trd, 4319400.143, 60
Trd, 4319400.193, 60
Trd, 4319400.343, 62
Trd, 4319400.843, 62
Trd, 4319400.943, 63
Trd, 4319402.043, 121
Trd, 4319402.843, 73
Trd, 4319403.493, 92
Trd, 4319403.693, 67
Trd, 4319404.643, 114
Trd, 4319404.943, 94
Trd, 4319407.393, 140
Trd, 4319407.843, 140
Trd, 4319408.193, 140
Trd, 4319408.943, 140
Trd, 4319409.743, 140
Trd, 4319410.293, 140
Trd, 4319411.393, 140
Trd, 4319411.793, 140
Trd, 4319412.943, 140
Trd, 4319413.743, 140
Trd, 4319414.293, 140
Trd, 4319416.393, 140
Trd, 4319416.543, 140
Trd, 4319417.893, 140
Trd, 4319418.093, 140
Trd, 4319418.443, 140
Trd, 4319419.193, 140
Trd, 4319419.743, 110
Trd, 4319420.843, 140
Trd, 4319421.743, 140
Trd, 4319422.143, 114
Trd, 4319424.943, 60
Trd, 4319426.893, 60
Trd, 4319426.993, 60
Trd, 4319427.493, 60
Trd, 4319427.643, 60
Trd, 4319428.543, 60
Trd, 4319429.593, 61
Trd, 4319429.993, 60
Trd, 4319430.443, 60
Trd, 4319430.543, 60
Trd, 4319430.793, 60
Trd, 4319431.793, 63
Trd, 4319431.893, 68
Trd, 4319433.493, 60
Trd, 4319433.593, 60
Trd, 4319434.443, 63
Trd, 4319435.143, 62
Trd, 4319435.443, 61
Trd, 4319435.793, 72
Trd, 4319436.843, 70
Trd, 4319436.993, 71
Trd, 4319437.293, 62
Trd, 4319437.843, 65
Trd, 4319438.493, 66
Trd, 4319438.793, 126
Trd, 4319439.093, 66
Trd, 4319440.793, 140
Trd, 4319442.193, 140
Trd, 4319442.393, 140
Trd, 4319442.943, 140
Trd, 4319443.193, 140
Trd, 4319443.643, 117
Trd, 4319446.443, 140
Trd, 4319446.543, 140
Trd, 4319446.993, 110
Trd, 4319447.693, 69
Trd, 4319448.143, 140
Trd, 4319449.293, 139
Trd, 4319451.493, 140
Trd, 4319451.843, 140
Trd, 4319452.093, 140
Trd, 4319452.993, 139
Trd, 4319453.143, 140
Trd, 4319454.143, 119
Trd, 4319454.343, 118
Trd, 4319454.443, 74
Trd, 4319455.993, 99
Trd, 4319456.043, 134
Trd, 4319456.293, 98
Trd, 4319456.743, 136
Trd, 4319457.043, 73
Trd, 4319457.643, 69
Trd, 4319458.143, 134
Trd, 4319459.343, 140
Trd, 4319459.393, 70
Trd, 4319459.943, 138
Trd, 4319461.043, 140
Trd, 4319461.243, 140
Trd, 4319463.893, 140
Trd, 4319464.193, 140
Trd, 4319465.643, 140
Trd, 4319466.093, 140
Trd, 4319466.243, 140
Trd, 4319467.343, 140
Trd, 4319467.693, 140
Trd, 4319467.793, 140
Trd, 4319469.793, 140
Trd, 4319470.143, 140
Trd, 4319470.493, 140
Trd, 4319472.243, 69
Trd, 4319472.443, 67
Trd, 4319472.843, 60
Trd, 4319472.943, 68
Trd, 4319474.343, 61
Trd, 4319474.543, 61
Trd, 4319474.793, 60
Trd, 4319476.093, 60
Trd, 4319477.543, 60
Trd, 4319478.143, 61
Trd, 4319478.443, 62
Trd, 4319479.193, 62
Trd, 4319479.293, 60
Trd, 4319479.893, 63
Trd, 4319481.093, 111
Trd, 4319482.093, 74
Trd, 4319482.393, 60
Trd, 4319483.043, 104
Trd, 4319483.093, 105
Trd, 4319484.243, 60
Trd, 4319485.093, 63
Trd, 4319485.243, 62
Trd, 4319487.343, 60
Trd, 4319487.693, 60
Trd, 4319488.043, 60
Trd, 4319488.143, 60
Trd, 4319489.093, 60
Trd, 4319491.093, 60
Trd, 4319491.143, 64
Trd, 4319491.593, 65
Trd, 4319492.293, 63
Trd, 4319492.643, 60
Trd, 4319493.693, 61
Trd, 4319494.443, 64
Trd, 4319495.393, 60
Trd, 4319495.543, 60
Trd, 4319495.793, 139
Trd, 4319496.243, 139
Trd, 4319496.343, 140
Trd, 4319497.143, 140
Trd, 4319497.543, 140
Trd, 4319498.293, 60
Trd, 4319498.793, 61
Trd, 4319500.393, 67
Trd, 4319500.443, 61
Trd, 4319501.543, 60
Trd, 4319501.593, 60
Trd, 4319503.043, 60
Trd, 4319503.393, 61
Trd, 4319503.643, 75
Trd, 4319504.243, 63
Trd, 4319504.893, 60
Trd, 4319505.593, 60
Trd, 4319505.843, 60
Trd, 4319506.043, 62
Trd, 4319506.243, 64
Trd, 4319506.993, 60
Trd, 4319508.193, 60
Trd, 4319509.393, 60
Trd, 4319510.093, 60
Trd, 4319510.443, 61
Trd, 4319511.143, 61
Trd, 4319511.243, 62
Trd, 4319511.893, 61
Trd, 4319512.593, 60
Trd, 4319513.443, 60
Trd, 4319513.743, 60
Trd, 4319514.443, 60
Trd, 4319515.793, 60
Trd, 4319516.993, 60
Trd, 4319517.193, 60
Trd, 4319517.593, 60
Trd, 4319517.843, 62
Trd, 4319518.693, 60
Trd, 4319519.093, 61
Trd, 4319519.793, 62
Trd, 4319519.943, 61
Trd, 4319520.393, 66
Trd, 4319521.393, 139
Trd, 4319521.693, 138
Trd, 4319523.293, 134
Trd, 4319523.643, 88
Trd, 4319524.193, 88
Trd, 4319524.793, 85
Trd, 4319525.243, 131
Trd, 4319526.543, 61
Trd, 4319528.143, 60
Trd, 4319528.293, 61
Trd, 4319528.743, 64
Trd, 4319531.193, 60
Trd, 4319531.593, 61
Trd, 4319531.843, 60
Trd, 4319532.293, 61
Trd, 4319532.593, 71
Trd, 4319534.243, 72
Trd, 4319534.943, 61
Trd, 4319535.443, 60
Trd, 4319536.143, 60
Trd, 4319536.543, 62
Trd, 4319536.793, 65
Trd, 4319537.693, 65
Trd, 4319538.243, 95
Trd, 4319539.043, 71
Trd, 4319539.693, 70
Trd, 4319540.843, 64
Trd, 4319542.143, 60
Trd, 4319542.793, 62
Trd, 4319543.093, 60
Trd, 4319543.843, 68
Trd, 4319544.193, 60
Trd, 4319547.443, 60
Trd, 4319547.643, 60
Trd, 4319548.243, 60
Trd, 4319548.743, 62
Trd, 4319548.993, 62
Trd, 4319549.843, 62
Trd, 4319550.043, 62
Trd, 4319550.293, 62
Trd, 4319550.443, 61
Trd, 4319551.243, 138
Trd, 4319552.393, 137
Trd, 4319552.893, 72
Trd, 4319553.293, 71
Trd, 4319554.993, 60
Trd, 4319556.343, 60
Trd, 4319557.543, 60
Trd, 4319557.693, 60
Trd, 4319559.993, 60
Trd, 4319561.843, 60
Trd, 4319561.893, 60
Trd, 4319562.293, 60
Trd, 4319562.443, 60
Trd, 4319562.793, 67
Trd, 4319562.893, 73
Trd, 4319564.043, 60
Trd, 4319564.993, 61
Trd, 4319565.643, 61
Trd, 4319567.093, 69
Trd, 4319567.243, 75
Trd, 4319567.493, 138
Trd, 4319568.993, 140
Trd, 4319569.243, 140
Trd, 4319569.693, 140
Trd, 4319570.643, 83
Trd, 4319571.943, 65
Trd, 4319573.193, 140
Trd, 4319573.593, 140
Trd, 4319574.893, 140
Trd, 4319576.043, 140
Trd, 4319577.293, 140
Trd, 4319579.493, 140
Trd, 4319580.393, 140
Trd, 4319580.593, 140
Trd, 4319580.893, 140
Trd, 4319581.443, 139
Trd, 4319581.793, 118
Trd, 4319582.743, 116
Trd, 4319583.643, 103
Trd, 4319584.593, 102
Trd, 4319584.793, 139
Trd, 4319585.543, 140
Trd, 4319585.843, 140
Trd, 4319585.943, 139
Trd, 4319587.493, 108
Trd, 4319587.993, 100
Trd, 4319589.143, 140
Trd, 4319589.793, 61
Trd, 4319591.943, 60
Trd, 4319592.143, 61
Trd, 4319592.193, 61
Trd, 4319594.693, 60
Trd, 4319594.793, 64
Trd, 4319594.993, 67
Trd, 4319595.293, 61
Trd, 4319596.443, 63
Trd, 4319597.393, 62
Trd, 4319597.593, 63
Trd, 4319598.993, 63
Trd, 4319599.593, 63
Trd, 4319600.493, 63
Trd, 4319601.293, 63
Trd, 4319601.343, 65
Trd, 4319602.243, 61
Trd, 4319602.543, 61
Trd, 4319602.743, 65
Trd, 4319604.043, 140
Trd, 4319604.493, 138
Trd, 4319605.193, 138
Trd, 4319605.743, 76
Trd, 4319606.793, 140
Trd, 4319607.543, 140
Trd, 4319608.043, 140
Trd, 4319609.493, 140
Trd, 4319610.293, 80
Trd, 4319610.893, 139
Trd, 4319610.993, 139
Trd, 4319611.893, 80
Trd, 4319612.793, 89
Trd, 4319612.843, 88
Trd, 4319613.043, 80
Trd, 4319613.543, 104
Trd, 4319614.393, 103
Trd, 4319615.343, 62
Trd, 4319615.543, 86
Trd, 4319616.443, 63
Trd, 4319617.843, 60
Trd, 4319618.043, 61
Trd, 4319618.443, 60
Trd, 4319618.743, 60
Trd, 4319619.093, 60
Trd, 4319619.643, 60
Trd, 4319619.843, 61
Trd, 4319620.343, 61
Trd, 4319622.293, 61
Trd, 4319622.643, 62
Trd, 4319623.393, 63
Trd, 4319623.593, 63
Trd, 4319625.743, 60
Trd, 4319625.793, 60
Trd, 4319625.943, 65
Trd, 4319626.193, 115
Trd, 4319628.243, 60
Trd, 4319628.943, 60
Trd, 4319629.093, 60
Trd, 4319629.343, 60
Trd, 4319629.493, 60
Trd, 4319630.743, 64
Trd, 4319631.343, 61
Trd, 4319632.743, 64
Trd, 4319633.593, 60
Trd, 4319634.193, 61
Trd, 4319634.543, 62
Trd, 4319634.893, 63
Trd, 4319634.993, 60
Trd, 4319636.443, 61
Trd, 4319637.993, 61
Trd, 4319638.693, 60
Trd, 4319640.093, 60
Trd, 4319640.843, 60
Trd, 4319641.443, 61
Trd, 4319642.293, 61
Trd, 4319642.443, 61
Trd, 4319642.643, 61
Trd, 4319643.443, 74
Trd, 4319644.693, 140
Trd, 4319644.843, 140
Trd, 4319645.193, 140
Trd, 4319645.893, 140
Trd, 4319647.343, 140
Trd, 4319648.143, 140
Trd, 4319648.343, 138
Trd, 4319648.743, 140
Trd, 4319650.943, 140
Trd, 4319651.093, 140
Trd, 4319652.143, 140
Trd, 4319652.743, 140
Trd, 4319653.043, 138
Trd, 4319654.093, 138
Trd, 4319654.543, 113
Trd, 4319655.893, 139
Trd, 4319656.543, 140
Trd, 4319656.693, 140
Trd, 4319657.893, 140
Trd, 4319657.943, 140
Trd, 4319660.643, 140
Trd, 4319662.193, 140
Trd, 4319662.243, 140
Trd, 4319663.693, 138
Trd, 4319663.793, 138
Trd, 4319664.243, 137
Trd, 4319664.693, 104
Trd, 4319665.293, 92
Trd, 4319665.693, 63
Trd, 4319666.143, 138
Trd, 4319666.643, 112
Trd, 4319668.043, 140
Trd, 4319668.493, 140
Trd, 4319670.543, 64
Trd, 4319670.843, 64
Trd, 4319671.443, 62
Trd, 4319672.243, 139
Trd, 4319673.993, 60
Trd, 4319674.243, 60
Trd, 4319674.343, 60
Trd, 4319674.393, 61
Trd, 4319675.193, 60
Trd, 4319676.043, 61
Trd, 4319676.193, 62
Trd, 4319676.493, 60
Trd, 4319677.743, 140
Trd, 4319678.093, 140
Trd, 4319678.243, 110
Trd, 4319678.793, 109
Trd, 4319680.243, 140
Trd, 4319680.543, 140
Trd, 4319681.193, 138
Trd, 4319683.593, 140
Trd, 4319683.943, 139
Trd, 4319684.393, 133
Trd, 4319685.593, 106
Trd, 4319686.243, 103
Trd, 4319687.093, 140
Trd, 4319687.193, 139
Trd, 4319688.143, 140
Trd, 4319688.443, 140
Trd, 4319688.943, 139
Trd, 4319689.943, 116
Trd, 4319690.493, 89
Trd, 4319692.293, 140
Trd, 4319693.493, 140
Trd, 4319693.693, 140
Trd, 4319693.743, 140
Trd, 4319694.643, 138
Trd, 4319695.693, 123
Trd, 4319696.893, 129
Trd, 4319697.093, 138
Trd, 4319698.043, 128
Trd, 4319698.493, 127
Trd, 4319698.643, 109
Trd, 4319701.293, 140
Trd, 4319701.443, 140
Trd, 4319702.243, 140
Trd, 4319703.593, 140
Trd, 4319703.793, 140
Trd, 4319704.293, 140
Trd, 4319704.343, 139
Trd, 4319706.193, 140
Trd, 4319706.343, 139
Trd, 4319708.193, 140
Trd, 4319709.243, 140
Trd, 4319709.793, 140
Trd, 4319709.843, 140
Trd, 4319710.193, 140
Trd, 4319710.743, 140
Trd, 4319712.793, 140
Trd, 4319712.843, 113
Trd, 4319713.593, 140
Trd, 4319713.643, 108
Trd, 4319713.943, 140
Trd, 4319715.343, 102
Trd, 4319715.843, 103
Trd, 4319716.593, 139
Trd, 4319717.143, 96
Trd, 4319718.543, 98
Trd, 4319719.193, 135
Trd, 4319720.193, 139
Trd, 4319722.043, 139
Trd, 4319722.193, 139
Trd, 4319723.043, 139
Trd, 4319723.593, 139
Trd, 4319723.743, 137
Trd, 4319724.793, 103
Trd, 4319724.943, 103
Trd, 4319726.543, 128
Trd, 4319727.043, 104
Trd, 4319727.543, 96
Trd, 4319727.643, 95
Trd, 4319728.393, 63
Trd, 4319729.643, 60
Trd, 4319730.243, 60
Trd, 4319730.393, 60
Trd, 4319732.093, 60
Trd, 4319733.193, 62
Trd, 4319733.643, 61
Trd, 4319733.793, 63
Trd, 4319734.093, 63
Trd, 4319735.693, 140
Trd, 4319736.043, 140
Trd, 4319736.293, 140
Trd, 4319736.493, 139
Trd, 4319737.093, 138
Trd, 4319737.393, 138
Trd, 4319739.593, 140
Trd, 4319740.193, 140
Trd, 4319740.393, 139
Trd, 4319740.543, 111
Trd, 4319742.243, 140
Trd, 4319742.293, 140
Trd, 4319743.043, 123
Trd, 4319743.193, 122
Trd, 4319743.743, 113
Trd, 4319744.043, 112
Trd, 4319746.143, 140
Trd, 4319747.043, 139
Trd, 4319748.543, 107
Trd, 4319749.043, 69
Trd, 4319749.493, 106
Trd, 4319749.543, 75
Trd, 4319750.243, 77
Trd, 4319750.593, 87
Trd, 4319751.243, 104
Trd, 4319752.043, 92
Trd, 4319752.243, 91
Trd, 4319752.593, 91
Trd, 4319752.643, 69
Trd, 4319753.443, 100
Trd, 4319755.393, 60
Trd, 4319756.793, 60
Trd, 4319758.093, 60
Trd, 4319758.243, 60
Trd, 4319758.693, 65
Trd, 4319759.793, 140
Trd, 4319763.143, 60
Trd, 4319763.343, 60
Trd, 4319763.643, 60
Trd, 4319764.143, 60
Trd, 4319764.893, 64
Trd, 4319765.143, 70
Trd, 4319766.043, 61
Trd, 4319766.993, 60
Trd, 4319767.243, 60
Trd, 4319767.743, 60
Trd, 4319769.943, 60
Trd, 4319770.293, 60
Trd, 4319772.143, 60
Trd, 4319772.343, 60
Trd, 4319773.843, 60
Trd, 4319774.043, 60
Trd, 4319775.843, 60
Trd, 4319776.043, 60
Trd, 4319776.643, 60
Trd, 4319777.193, 60
Trd, 4319777.693, 61
Trd, 4319778.243, 60
Trd, 4319778.893, 60
Trd, 4319779.493, 60
Trd, 4319783.993, 60
Trd, 4319785.443, 60
Trd, 4319785.643, 61
Trd, 4319785.743, 60
Trd, 4319785.843, 60
Trd, 4319786.143, 60
Trd, 4319786.493, 63
Trd, 4319786.793, 62
Trd, 4319787.643, 61
Trd, 4319788.043, 63
Trd, 4319789.093, 65
Trd, 4319789.193, 83
Trd, 4319789.643, 140
Trd, 4319792.893, 140
Trd, 4319793.343, 140
Trd, 4319794.843, 140
Trd, 4319794.943, 138
Trd, 4319795.843, 140
Trd, 4319795.893, 140
Trd, 4319796.493, 137
Trd, 4319797.343, 140
Trd, 4319797.793, 116
Trd, 4319797.943, 102
Trd, 4319798.343, 118
Trd, 4319798.893, 98
Trd, 4319799.043, 97
Trd, 4319799.993, 78
Trd, 4319801.743, 140
Trd, 4319801.793, 140
Trd, 4319802.843, 140
Trd, 4319803.693, 140
Trd, 4319804.243, 140
Trd, 4319804.343, 136
Trd, 4319805.793, 140
Trd, 4319806.893, 138
Trd, 4319807.043, 138
Trd, 4319807.743, 127
Trd, 4319808.343, 140
Trd, 4319809.343, 140
Trd, 4319809.843, 108
Trd, 4319810.093, 140
Trd, 4319811.043, 63
Trd, 4319811.893, 140
Trd, 4319812.993, 140
Trd, 4319814.193, 140
Trd, 4319814.393, 140
Trd, 4319816.743, 140
Trd, 4319816.943, 140
Trd, 4319818.043, 140
Trd, 4319818.293, 139
Trd, 4319819.393, 140
Trd, 4319820.343, 118
Trd, 4319820.643, 117
Trd, 4319821.543, 127
Trd, 4319823.143, 140
Trd, 4319824.543, 139
Trd, 4319824.593, 138
Trd, 4319825.443, 123
Trd, 4319825.893, 123
Trd, 4319826.243, 122
Trd, 4319826.893, 89
Trd, 4319827.843, 64
Trd, 4319828.793, 140
Trd, 4319830.993, 98
Trd, 4319831.343, 94
Trd, 4319832.193, 138
Trd, 4319832.543, 140
Trd, 4319832.993, 140
Trd, 4319833.243, 140
Trd, 4319833.693, 138
Trd, 4319835.093, 137
Trd, 4319835.343, 135
Trd, 4319835.593, 137
Trd, 4319836.443, 136
Trd, 4319836.943, 135
Trd, 4319837.293, 127
Trd, 4319838.393, 112
Trd, 4319838.443, 108
Trd, 4319839.593, 134
Trd, 4319840.093, 140
Trd, 4319840.943, 109
Trd, 4319842.193, 118
Trd, 4319842.393, 117
Trd, 4319842.993, 121
Trd, 4319843.693, 110
Trd, 4319843.893, 138
Trd, 4319844.093, 79
Trd, 4319847.493, 140
Trd, 4319848.093, 140
Trd, 4319848.293, 140
Trd, 4319848.393, 140
Trd, 4319849.943, 140
Trd, 4319850.243, 140
Trd, 4319850.993, 140
Trd, 4319851.093, 140
Trd, 4319852.443, 140
Trd, 4319852.793, 140
Trd, 4319852.843, 140
Trd, 4319853.443, 140
Trd, 4319853.643, 139
Trd, 4319854.393, 140
Trd, 4319854.443, 138
Trd, 4319855.293, 140
Trd, 4319855.843, 93
Trd, 4319859.043, 60
Trd, 4319860.743, 60
Trd, 4319861.143, 60
Trd, 4319861.243, 61
Trd, 4319861.293, 60
Trd, 4319861.893, 60
Trd, 4319861.943, 61
Trd, 4319861.993, 62
Trd, 4319862.493, 61
Trd, 4319863.093, 62
Trd, 4319864.243, 68
Trd, 4319864.893, 139
Trd, 4319865.843, 63
Trd, 4319866.493, 67
Trd, 4319866.943, 63
Trd, 4319867.593, 67
Trd, 4319867.943, 68
Trd, 4319868.793, 62
Trd, 4319870.593, 61
Trd, 4319871.643, 60
Trd, 4319871.793, 60
Trd, 4319872.543, 60
Trd, 4319872.643, 60
Trd, 4319872.843, 60
Trd, 4319873.043, 62
Trd, 4319874.543, 60
Trd, 4319874.793, 61
Trd, 4319874.843, 62
Trd, 4319875.443, 72
Trd, 4319876.643, 79
Trd, 4319876.693, 78
Trd, 4319878.543, 140
Trd, 4319879.093, 140
Trd, 4319879.893, 140
Trd, 4319879.943, 140
Trd, 4319880.643, 60
Trd, 4319881.243, 61
Trd, 4319883.343, 60
Trd, 4319885.143, 60
Trd, 4319885.243, 60
Trd, 4319885.493, 61
Trd, 4319886.343, 60
Trd, 4319886.693, 62
Trd, 4319887.143, 62
Trd, 4319887.243, 63
Trd, 4319887.293, 61
Trd, 4319889.793, 63
Trd, 4319891.543, 60
Trd, 4319892.343, 60
Trd, 4319892.393, 60
Trd, 4319892.443, 60
Trd, 4319892.543, 60
Trd, 4319893.693, 60
Trd, 4319893.743, 62
Trd, 4319895.143, 60
Trd, 4319896.143, 60
Trd, 4319896.543, 61
Trd, 4319896.693, 62
Trd, 4319897.893, 64
Trd, 4319897.943, 65
Trd, 4319898.293, 67
Trd, 4319898.593, 65
Trd, 4319899.543, 60
Trd, 4319900.243, 60
Trd, 4319900.943, 64
Trd, 4319901.293, 68
Trd, 4319901.843, 61
Trd, 4319901.893, 64
Trd, 4319902.543, 70
Trd, 4319903.193, 63
Trd, 4319903.643, 63
Trd, 4319903.743, 62
Trd, 4319904.443, 140
Trd, 4319906.443, 140
Trd, 4319906.543, 139
Trd, 4319908.543, 140
Trd, 4319910.043, 140
Trd, 4319910.193, 140
Trd, 4319910.243, 137
Trd, 4319911.093, 140
Trd, 4319911.893, 139
Trd, 4319913.293, 140
Trd, 4319913.443, 140
Trd, 4319913.693, 139
Trd, 4319914.293, 117
Trd, 4319915.243, 118
Trd, 4319915.293, 109
Trd, 4319915.693, 139
Trd, 4319918.543, 140
Trd, 4319919.193, 140
Trd, 4319920.143, 140
Trd, 4319921.443, 140
Trd, 4319922.093, 140
Trd, 4319922.443, 140
Trd, 4319922.693, 138
Trd, 4319923.493, 140
Trd, 4319924.143, 137
Trd, 4319924.193, 135
Trd, 4319924.393, 113
Trd, 4319925.893, 140
Trd, 4319927.743, 140
Trd, 4319927.993, 140
Trd, 4319928.643, 140
Trd, 4319929.343, 139
Trd, 4319931.093, 139
Trd, 4319931.243, 139
Trd, 4319931.693, 140
Trd, 4319932.993, 140
Trd, 4319933.643, 140
Trd, 4319935.443, 140
Trd, 4319936.143, 140
Trd, 4319936.793, 140
Trd, 4319938.043, 140
Trd, 4319938.743, 140
Trd, 4319938.893, 140
Trd, 4319939.043, 140
Trd, 4319939.993, 140
Trd, 4319940.193, 140
Trd, 4319940.493, 140
Trd, 4319940.993, 137
Trd, 4319942.043, 133
Trd, 4319942.443, 86
Trd, 4319942.943, 90
Trd, 4319943.593, 67
Trd, 4319945.693, 61
Trd, 4319945.843, 60
Trd, 4319946.243, 73
Trd, 4319947.843, 140
Trd, 4319948.193, 140
Trd, 4319948.493, 140
Trd, 4319949.043, 140
Trd, 4319950.443, 140
Trd, 4319950.693, 140
Trd, 4319953.393, 138
Trd, 4319953.943, 140
Trd, 4319954.093, 139
Trd, 4319954.443, 114
Trd, 4319954.543, 113
Trd, 4319955.693, 140
Trd, 4319958.043, 139
Trd, 4319959.193, 140
Trd, 4319960.093, 140
Trd, 4319960.193, 140
Trd, 4319961.193, 140
Trd, 4319961.993, 101
Trd, 4319963.093, 140
Trd, 4319963.593, 86
Trd, 4319964.093, 139
Trd, 4319964.793, 118
Trd, 4319965.143, 119
Trd, 4319965.593, 119
Trd, 4319967.193, 119
Trd, 4319967.493, 94
Trd, 4319968.143, 137
Trd, 4319970.143, 140
Trd, 4319971.893, 140
Trd, 4319972.143, 140
Trd, 4319972.443, 140
Trd, 4319972.543, 140
Trd, 4319973.393, 100
Trd, 4319973.993, 65
Trd, 4319975.143, 140
Trd, 4319975.743, 140
Trd, 4319976.093, 140
Trd, 4319976.343, 140
Trd, 4319977.743, 139
Trd, 4319978.043, 139
Trd, 4319978.993, 139
Trd, 4319979.193, 138
Trd, 4319980.143, 140
Trd, 4319980.493, 140
Trd, 4319981.093, 140
Trd, 4319982.843, 128
Trd, 4319983.493, 91
Trd, 4319985.143, 140
Trd, 4319987.043, 140
Trd, 4319988.293, 140
Trd, 4319988.643, 140
Trd, 4319988.993, 140
Trd, 4319989.943, 140
Trd, 4319989.993, 140
Trd, 4319990.793, 140
Trd, 4319990.993, 112
Trd, 4319991.293, 83
Trd, 4319992.243, 140
Trd, 4319993.593, 140
Trd, 4319995.193, 140
Trd, 4319996.043, 140
Trd, 4319996.893, 140
Trd, 4319997.743, 140
Trd, 4319999.493, 140
