Trd, 4318064.393, 70
Trd, 4318067.443, 102
Trd, 4318067.593, 98
Trd, 4318068.143, 110
Trd, 4318068.793, 124
Trd, 4318069.243, 116
Trd, 4318071.643, 102
Trd, 4318072.393, 122
Trd, 4318072.493, 89
Trd, 4318072.793, 89
Trd, 4318074.393, 85
Trd, 4318074.743, 104
Trd, 4318075.443, 98
Trd, 4318076.493, 112
Trd, 4318077.893, 92
Trd, 4318078.543, 123
Trd, 4318078.743, 128
Trd, 4318078.943, 134
Trd, 4318079.643, 103
Trd, 4318080.293, 103
Trd, 4318080.393, 85
Trd, 4318081.043, 109
Trd, 4318082.293, 108
Trd, 4318085.393, 140
Trd, 4318085.493, 114
Trd, 4318085.743, 92
Trd, 4318086.343, 101
Trd, 4318088.793, 116
Trd, 4318089.293, 139
Trd, 4318091.643, 124
Trd, 4318091.893, 114
Trd, 4318092.393, 110
Trd, 4318093.293, 129
Trd, 4318093.643, 99
Trd, 4318094.493, 96
Trd, 4318095.993, 82
Trd, 4318097.443, 127
Trd, 4318097.593, 121
Trd, 4318098.943, 121
Trd, 4318099.093, 94
Trd, 4318099.943, 122
Trd, 4318101.743, 134
Trd, 4318102.143, 132
Trd, 4318102.393, 115
Trd, 4318103.793, 140
Trd, 4318104.343, 138
Trd, 4318104.643, 138
Trd, 4318105.743, 126
Trd, 4318106.293, 81
Trd, 4318107.593, 125
Trd, 4318107.843, 111
Trd, 4318109.443, 132
Trd, 4318109.743, 131
Trd, 4318111.493, 112
Trd, 4318112.193, 104
Trd, 4318112.443, 106
Trd, 4318114.393, 118
Trd, 4318114.593, 114
Trd, 4318115.093, 109
Trd, 4318115.743, 117
Trd, 4318116.093, 91
Trd, 4318117.443, 137
Trd, 4318117.643, 92
Trd, 4318118.793, 123
Trd, 4318120.043, 94
Trd, 4318120.293, 116
Trd, 4318120.943, 125
Trd, 4318121.443, 110
Trd, 4318122.293, 128
Trd, 4318123.043, 114
Trd, 4318123.543, 128
Trd, 4318125.293, 98
Trd, 4318125.643, 131
Trd, 4318126.293, 104
Trd, 4318127.593, 138
Trd, 4318128.093, 117
Trd, 4318128.443, 99
Trd, 4318129.143, 130
Trd, 4318129.693, 118
Trd, 4318130.143, 114
Trd, 4318130.643, 116
Trd, 4318133.143, 107
Trd, 4318133.643, 106
Trd, 4318134.143, 69
Trd, 4318134.593, 81
Trd, 4318136.743, 135
Trd, 4318137.293, 129
Trd, 4318137.743, 124
Trd, 4318140.943, 111
Trd, 4318141.493, 138
Trd, 4318141.793, 136
Trd, 4318142.093, 134
Trd, 4318143.543, 98
Trd, 4318143.693, 84
Trd, 4318144.493, 93
Trd, 4318145.793, 107
Trd, 4318146.143, 97
Trd, 4318147.593, 132
Trd, 4318148.043, 117
Trd, 4318148.743, 114
Trd, 4318149.893, 118
Trd, 4318151.193, 121
Trd, 4318151.643, 127
Trd, 4318151.743, 122
Trd, 4318152.643, 113
Trd, 4318153.643, 131
Trd, 4318153.893, 100
Trd, 4318154.043, 89
Trd, 4318154.293, 101
Trd, 4318154.443, 100
Trd, 4318155.343, 97
Trd, 4318156.693, 102
Trd, 4318158.243, 97
Trd, 4318159.043, 77
Trd, 4318159.243, 120
Trd, 4318160.443, 92
Trd, 4318162.293, 113
Trd, 4318162.643, 108
Trd, 4318163.143, 91
Trd, 4318163.793, 105
Trd, 4318167.243, 126
Trd, 4318167.693, 86
Trd, 4318168.143, 118
Trd, 4318168.343, 110
Trd, 4318168.543, 119
Trd, 4318168.693, 97
Trd, 4318169.393, 133
Trd, 4318171.093, 103
Trd, 4318171.293, 122
Trd, 4318171.793, 120
Trd, 4318172.593, 80
Trd, 4318173.793, 131
Trd, 4318174.443, 112
Trd, 4318175.793, 124
Trd, 4318176.543, 103
Trd, 4318177.693, 129
Trd, 4318177.793, 91
Trd, 4318179.493, 96
Trd, 4318179.993, 129
Trd, 4318182.243, 124
Trd, 4318183.293, 81
Trd, 4318184.193, 108
Trd, 4318185.043, 116
Trd, 4318185.643, 107
Trd, 4318186.193, 92
Trd, 4318186.793, 129
Trd, 4318187.043, 126
Trd, 4318187.943, 118
Trd, 4318188.943, 114
Trd, 4318189.093, 115
Trd, 4318189.443, 111
Trd, 4318191.693, 116
Trd, 4318192.643, 121
Trd, 4318193.143, 112
Trd, 4318194.393, 108
Trd, 4318195.043, 130
Trd, 4318197.043, 136
Trd, 4318197.343, 117
Trd, 4318197.793, 138
Trd, 4318199.243, 130
Trd, 4318199.443, 118
Trd, 4318203.093, 114
Trd, 4318203.443, 132
Trd, 4318204.793, 120
Trd, 4318205.443, 132
Trd, 4318206.193, 128
Trd, 4318206.493, 89
Trd, 4318207.343, 130
Trd, 4318208.443, 103
Trd, 4318208.893, 89
Trd, 4318209.343, 60
Trd, 4318211.393, 89
Trd, 4318211.993, 91
Trd, 4318214.143, 124
Trd, 4318214.393, 101
Trd, 4318215.143, 129
Trd, 4318215.893, 107
Trd, 4318216.493, 99
Trd, 4318216.943, 91
Trd, 4318217.643, 108
Trd, 4318220.543, 128
Trd, 4318221.143, 103
Trd, 4318221.543, 103
Trd, 4318222.793, 135
Trd, 4318223.143, 111
Trd, 4318223.393, 120
Trd, 4318223.593, 110
Trd, 4318223.893, 108
Trd, 4318224.043, 81
Trd, 4318225.143, 126
Trd, 4318226.893, 112
Trd, 4318227.743, 132
Trd, 4318227.943, 124
Trd, 4318228.293, 101
Trd, 4318228.643, 106
Trd, 4318229.043, 98
Trd, 4318231.193, 98
Trd, 4318231.693, 71
Trd, 4318232.593, 75
Trd, 4318233.293, 116
Trd, 4318233.993, 73
Trd, 4318234.693, 64
Trd, 4318236.993, 122
Trd, 4318237.843, 98
Trd, 4318238.143, 91
Trd, 4318239.393, 133
Trd, 4318239.443, 129
Trd, 4318240.943, 107
Trd, 4318241.343, 94
Trd, 4318241.443, 73
Trd, 4318241.593, 106
Trd, 4318242.893, 82
Trd, 4318243.143, 84
Trd, 4318244.593, 128
Trd, 4318245.143, 130
Trd, 4318246.043, 135
Trd, 4318247.743, 122
Trd, 4318248.243, 117
Trd, 4318248.343, 112
Trd, 4318248.693, 104
Trd, 4318249.243, 133
Trd, 4318249.593, 127
Trd, 4318250.943, 92
Trd, 4318252.843, 102
Trd, 4318253.043, 94
Trd, 4318254.143, 95
Trd, 4318255.193, 110
Trd, 4318255.243, 100
Trd, 4318256.093, 134
Trd, 4318257.093, 116
Trd, 4318257.693, 120
Trd, 4318258.543, 108
Trd, 4318259.943, 115
Trd, 4318260.543, 105
Trd, 4318261.493, 125
Trd, 4318261.743, 118
Trd, 4318262.493, 101
Trd, 4318262.643, 125
Trd, 4318263.293, 94
Trd, 4318265.843, 92
Trd, 4318266.543, 137
Trd, 4318267.743, 104
Trd, 4318267.843, 135
Trd, 4318269.293, 107
Trd, 4318270.493, 83
Trd, 4318271.293, 77
Trd, 4318271.343, 135
Trd, 4318272.393, 121
Trd, 4318273.843, 110
Trd, 4318274.693, 98
Trd, 4318276.093, 100
Trd, 4318276.393, 103
Trd, 4318276.793, 106
Trd, 4318276.893, 102
Trd, 4318277.493, 113
Trd, 4318278.243, 108
Trd, 4318279.243, 122
Trd, 4318280.943, 129
Trd, 4318281.093, 128
Trd, 4318282.093, 97
Trd, 4318282.193, 102
Trd, 4318284.643, 126
Trd, 4318284.693, 123
Trd, 4318286.943, 122
Trd, 4318286.993, 123
Trd, 4318288.043, 121
Trd, 4318288.943, 114
Trd, 4318288.993, 111
Trd, 4318289.243, 137
Trd, 4318289.293, 134
Trd, 4318289.643, 86
Trd, 4318291.393, 92
Trd, 4318291.443, 91
Trd, 4318292.343, 109
Trd, 4318292.593, 132
Trd, 4318293.893, 120
Trd, 4318294.643, 134
Trd, 4318294.893, 116
Trd, 4318296.643, 122
Trd, 4318296.693, 122
Trd, 4318297.993, 113
Trd, 4318298.043, 115
Trd, 4318298.693, 99
Trd, 4318298.843, 98
Trd, 4318299.193, 96
Trd, 4318299.393, 107
Trd, 4318300.093, 85
Trd, 4318300.593, 124
Trd, 4318301.943, 112
Trd, 4318303.143, 67
Trd, 4318304.193, 125
Trd, 4318304.793, 92
Trd, 4318305.643, 127
Trd, 4318306.043, 126
Trd, 4318306.343, 109
Trd, 4318306.993, 97
Trd, 4318307.293, 116
Trd, 4318307.943, 130
Trd, 4318308.693, 137
Trd, 4318309.293, 113
Trd, 4318310.443, 92
Trd, 4318311.443, 131
Trd, 4318312.043, 133
Trd, 4318313.243, 131
Trd, 4318313.293, 123
Trd, 4318314.093, 113
Trd, 4318314.943, 109
Trd, 4318315.893, 127
Trd, 4318316.343, 101
Trd, 4318316.943, 81
Trd, 4318317.243, 101
Trd, 4318318.743, 91
Trd, 4318319.343, 134
Trd, 4318320.193, 88
Trd, 4318320.443, 115
Trd, 4318321.293, 126
Trd, 4318321.343, 99
Trd, 4318322.143, 103
Trd, 4318324.493, 137
Trd, 4318325.793, 70
Trd, 4318326.043, 77
Trd, 4318326.293, 79
Trd, 4318327.093, 72
Trd, 4318327.643, 68
Trd, 4318327.793, 80
Trd, 4318329.243, 107
Trd, 4318330.243, 113
Trd, 4318330.643, 96
Trd, 4318331.593, 90
Trd, 4318332.043, 89
Trd, 4318332.243, 77
Trd, 4318333.093, 128
Trd, 4318333.643, 127
Trd, 4318334.693, 140
Trd, 4318335.343, 124
Trd, 4318335.943, 94
Trd, 4318336.643, 114
Trd, 4318336.693, 71
Trd, 4318337.893, 133
Trd, 4318338.093, 127
Trd, 4318338.843, 138
Trd, 4318341.393, 98
Trd, 4318341.643, 129
Trd, 4318342.143, 73
Trd, 4318342.493, 137
Trd, 4318343.193, 118
Trd, 4318343.343, 91
Trd, 4318343.893, 109
Trd, 4318345.343, 91
Trd, 4318346.343, 119
Trd, 4318347.893, 79
Trd, 4318349.843, 113
Trd, 4318350.793, 108
Trd, 4318350.943, 111
Trd, 4318351.143, 99
Trd, 4318351.843, 133
Trd, 4318354.043, 118
Trd, 4318354.443, 116
Trd, 4318355.493, 108
Trd, 4318355.793, 117
Trd, 4318355.993, 131
Trd, 4318356.043, 129
Trd, 4318357.793, 131
Trd, 4318358.043, 127
Trd, 4318358.343, 122
Trd, 4318359.893, 85
Trd, 4318360.843, 70
Trd, 4318361.093, 126
Trd, 4318361.493, 125
Trd, 4318361.593, 109
Trd, 4318362.843, 65
Trd, 4318366.293, 100
Trd, 4318366.593, 128
Trd, 4318366.743, 97
Trd, 4318367.043, 86
Trd, 4318367.243, 107
Trd, 4318369.493, 95
Trd, 4318370.593, 127
Trd, 4318370.793, 116
Trd, 4318371.293, 136
Trd, 4318372.143, 94
Trd, 4318373.143, 111
Trd, 4318373.193, 129
Trd, 4318373.293, 98
Trd, 4318376.743, 134
Trd, 4318378.393, 127
Trd, 4318379.593, 106
Trd, 4318380.093, 120
Trd, 4318380.643, 83
Trd, 4318380.993, 115
Trd, 4318381.043, 110
Trd, 4318381.843, 63
Trd, 4318382.343, 82
Trd, 4318383.993, 127
Trd, 4318384.743, 111
Trd, 4318384.943, 97
Trd, 4318385.393, 118
Trd, 4318385.543, 97
Trd, 4318386.643, 132
Trd, 4318388.193, 120
Trd, 4318389.593, 109
Trd, 4318389.743, 94
Trd, 4318390.193, 108
Trd, 4318391.443, 98
Trd, 4318394.443, 140
Trd, 4318394.943, 99
Trd, 4318396.693, 118
Trd, 4318396.743, 107
Trd, 4318398.693, 108
Trd, 4318399.243, 73
Trd, 4318399.443, 71
Trd, 4318403.343, 138
Trd, 4318403.743, 101
Trd, 4318404.393, 76
Trd, 4318404.593, 136
Trd, 4318404.643, 106
Trd, 4318405.043, 124
Trd, 4318405.843, 129
Trd, 4318408.093, 92
Trd, 4318408.243, 106
Trd, 4318408.693, 73
Trd, 4318409.143, 71
Trd, 4318410.693, 69
Trd, 4318412.243, 109
Trd, 4318413.443, 117
Trd, 4318414.643, 132
Trd, 4318416.893, 103
Trd, 4318417.143, 119
Trd, 4318417.343, 98
Trd, 4318418.343, 95
Trd, 4318418.543, 129
Trd, 4318419.243, 95
Trd, 4318419.843, 87
Trd, 4318420.193, 104
Trd, 4318421.793, 135
Trd, 4318422.493, 103
Trd, 4318423.793, 129
Trd, 4318424.443, 123
Trd, 4318426.093, 106
Trd, 4318426.343, 119
Trd, 4318426.593, 102
Trd, 4318427.143, 87
Trd, 4318427.643, 104
Trd, 4318428.293, 93
Trd, 4318429.793, 130
Trd, 4318430.743, 103
Trd, 4318431.543, 115
Trd, 4318432.193, 117
Trd, 4318433.793, 97
Trd, 4318434.393, 112
Trd, 4318434.543, 97
Trd, 4318435.143, 98
Trd, 4318437.143, 128
Trd, 4318437.793, 108
Trd, 4318439.193, 109
Trd, 4318439.943, 112
Trd, 4318440.143, 118
Trd, 4318442.543, 134
Trd, 4318443.393, 109
Trd, 4318443.893, 117
Trd, 4318443.993, 107
Trd, 4318444.193, 114
Trd, 4318445.243, 127
Trd, 4318446.143, 107
Trd, 4318447.343, 117
Trd, 4318448.293, 108
Trd, 4318448.843, 135
Trd, 4318449.343, 129
Trd, 4318449.593, 123
Trd, 4318449.843, 87
Trd, 4318450.993, 93
Trd, 4318452.543, 138
Trd, 4318453.693, 109
Trd, 4318454.093, 94
Trd, 4318454.143, 88
Trd, 4318454.343, 81
Trd, 4318456.843, 79
Trd, 4318456.943, 115
Trd, 4318457.843, 79
Trd, 4318459.093, 114
Trd, 4318460.193, 130
Trd, 4318460.343, 108
Trd, 4318460.993, 97
Trd, 4318461.343, 121
Trd, 4318461.393, 92
Trd, 4318462.743, 87
Trd, 4318462.893, 93
Trd, 4318464.243, 114
Trd, 4318465.693, 98
Trd, 4318465.893, 117
Trd, 4318467.843, 127
Trd, 4318468.143, 119
Trd, 4318468.793, 116
Trd, 4318469.443, 129
Trd, 4318470.243, 105
Trd, 4318471.393, 86
Trd, 4318472.243, 102
Trd, 4318473.493, 138
Trd, 4318474.943, 117
Trd, 4318477.543, 119
Trd, 4318477.793, 109
Trd, 4318477.843, 98
Trd, 4318478.443, 89
Trd, 4318479.593, 113
Trd, 4318480.793, 108
Trd, 4318480.843, 104
Trd, 4318481.143, 101
Trd, 4318482.643, 84
Trd, 4318483.293, 108
Trd, 4318484.543, 129
Trd, 4318485.043, 140
Trd, 4318485.743, 121
Trd, 4318486.243, 117
Trd, 4318486.693, 111
Trd, 4318486.893, 87
Trd, 4318487.543, 134
Trd, 4318487.843, 125
Trd, 4318488.093, 118
Trd, 4318491.143, 134
Trd, 4318492.443, 130
Trd, 4318493.693, 139
Trd, 4318494.393, 118
Trd, 4318494.893, 112
Trd, 4318494.943, 110
Trd, 4318495.493, 97
Trd, 4318497.043, 109
Trd, 4318498.943, 124
Trd, 4318499.693, 115
Trd, 4318499.743, 122
Trd, 4318501.043, 121
Trd, 4318501.643, 123
Trd, 4318502.193, 83
Trd, 4318504.943, 113
Trd, 4318505.343, 110
Trd, 4318505.543, 103
Trd, 4318506.393, 120
Trd, 4318506.843, 120
Trd, 4318507.093, 139
Trd, 4318507.443, 127
Trd, 4318508.193, 112
Trd, 4318509.943, 124
Trd, 4318510.593, 133
Trd, 4318510.893, 97
Trd, 4318511.543, 89
Trd, 4318511.943, 100
Trd, 4318513.543, 138
Trd, 4318513.993, 107
Trd, 4318514.143, 125
Trd, 4318515.093, 101
Trd, 4318515.143, 99
Trd, 4318515.393, 102
Trd, 4318517.693, 107
Trd, 4318518.143, 114
Trd, 4318519.043, 90
Trd, 4318521.743, 138
Trd, 4318522.093, 105
Trd, 4318523.193, 111
Trd, 4318524.243, 105
Trd, 4318526.143, 128
Trd, 4318526.243, 136
Trd, 4318526.493, 107
Trd, 4318528.943, 89
Trd, 4318529.393, 95
Trd, 4318529.843, 140
Trd, 4318530.743, 122
Trd, 4318532.843, 108
Trd, 4318533.793, 131
Trd, 4318534.393, 118
Trd, 4318535.043, 128
Trd, 4318535.393, 124
Trd, 4318535.443, 107
Trd, 4318536.343, 132
Trd, 4318536.743, 107
Trd, 4318536.943, 74
Trd, 4318537.793, 136
Trd, 4318538.093, 99
Trd, 4318541.443, 94
Trd, 4318541.643, 88
Trd, 4318541.843, 95
Trd, 4318542.193, 70
Trd, 4318543.493, 86
Trd, 4318544.693, 116
Trd, 4318544.843, 123
Trd, 4318545.743, 122
Trd, 4318546.343, 99
Trd, 4318547.443, 116
Trd, 4318547.493, 116
Trd, 4318548.143, 110
Trd, 4318549.793, 79
Trd, 4318550.293, 134
Trd, 4318550.593, 125
Trd, 4318552.793, 121
Trd, 4318553.293, 88
Trd, 4318554.593, 93
Trd, 4318555.193, 68
Trd, 4318555.243, 76
Trd, 4318555.843, 99
Trd, 4318556.393, 100
Trd, 4318556.593, 121
Trd, 4318557.143, 129
Trd, 4318557.943, 117
Trd, 4318559.043, 110
Trd, 4318559.643, 120
Trd, 4318559.843, 85
Trd, 4318561.443, 76
Trd, 4318563.393, 134
Trd, 4318563.543, 99
Trd, 4318564.043, 121
Trd, 4318564.243, 98
Trd, 4318564.893, 82
Trd, 4318565.593, 87
Trd, 4318567.943, 76
Trd, 4318568.293, 84
Trd, 4318568.793, 93
Trd, 4318568.843, 95
Trd, 4318569.443, 96
Trd, 4318571.443, 102
Trd, 4318571.543, 94
Trd, 4318572.443, 111
Trd, 4318572.643, 112
Trd, 4318573.293, 135
Trd, 4318573.643, 120
Trd, 4318576.093, 124
Trd, 4318576.393, 137
Trd, 4318576.793, 125
Trd, 4318578.393, 137
Trd, 4318579.693, 129
Trd, 4318579.793, 128
Trd, 4318581.293, 130
Trd, 4318582.243, 105
Trd, 4318582.543, 87
Trd, 4318583.943, 107
Trd, 4318584.793, 90
Trd, 4318585.193, 115
Trd, 4318585.243, 113
Trd, 4318585.493, 104
Trd, 4318585.693, 75
Trd, 4318587.843, 126
Trd, 4318587.943, 122
Trd, 4318588.493, 134
Trd, 4318589.193, 110
Trd, 4318589.293, 90
Trd, 4318590.943, 121
Trd, 4318591.043, 86
Trd, 4318592.643, 130
Trd, 4318593.043, 117
Trd, 4318594.643, 99
Trd, 4318594.843, 138
Trd, 4318595.743, 83
Trd, 4318596.493, 105
Trd, 4318597.343, 95
Trd, 4318597.493, 116
Trd, 4318597.643, 131
Trd, 4318598.093, 100
Trd, 4318599.343, 115
Trd, 4318601.043, 116
Trd, 4318601.843, 113
Trd, 4318603.393, 123
Trd, 4318604.593, 127
Trd, 4318604.943, 125
Trd, 4318605.093, 88
Trd, 4318605.543, 110
Trd, 4318606.743, 124
Trd, 4318607.393, 134
Trd, 4318607.693, 127
Trd, 4318608.293, 140
Trd, 4318612.143, 116
Trd, 4318612.193, 126
Trd, 4318612.393, 110
Trd, 4318613.343, 138
Trd, 4318614.643, 127
Trd, 4318614.743, 122
Trd, 4318615.143, 133
Trd, 4318615.543, 125
Trd, 4318615.893, 130
Trd, 4318617.043, 132
Trd, 4318618.143, 133
Trd, 4318618.843, 122
Trd, 4318619.943, 129
Trd, 4318620.243, 107
Trd, 4318620.843, 111
Trd, 4318621.043, 91
Trd, 4318622.843, 129
Trd, 4318623.493, 134
Trd, 4318624.143, 80
Trd, 4318624.693, 67
Trd, 4318625.093, 109
Trd, 4318626.443, 122
Trd, 4318626.993, 115
Trd, 4318627.443, 101
Trd, 4318627.993, 92
Trd, 4318629.393, 110
Trd, 4318629.743, 119
Trd, 4318630.143, 60
Trd, 4318630.443, 66
Trd, 4318631.543, 72
Trd, 4318635.493, 119
Trd, 4318635.693, 104
Trd, 4318636.593, 124
Trd, 4318637.843, 112
Trd, 4318638.193, 108
Trd, 4318639.293, 134
Trd, 4318640.693, 128
Trd, 4318641.893, 70
Trd, 4318642.143, 68
Trd, 4318643.293, 121
Trd, 4318643.393, 122
Trd, 4318643.993, 81
Trd, 4318644.243, 64
Trd, 4318646.243, 133
Trd, 4318646.643, 119
Trd, 4318647.893, 87
Trd, 4318648.493, 95
Trd, 4318649.043, 100
Trd, 4318649.743, 128
Trd, 4318651.043, 126
Trd, 4318651.643, 124
Trd, 4318652.093, 108
Trd, 4318653.693, 112
Trd, 4318654.543, 139
Trd, 4318654.943, 133
Trd, 4318655.393, 120
Trd, 4318655.943, 117
Trd, 4318656.843, 118
Trd, 4318657.093, 87
Trd, 4318658.293, 108
Trd, 4318658.643, 122
Trd, 4318659.943, 75
Trd, 4318660.243, 77
Trd, 4318661.193, 121
Trd, 4318665.343, 123
Trd, 4318666.443, 95
Trd, 4318666.893, 75
Trd, 4318667.543, 137
Trd, 4318667.643, 77
Trd, 4318668.293, 140
Trd, 4318668.443, 122
Trd, 4318670.293, 111
Trd, 4318671.793, 128
Trd, 4318672.093, 125
Trd, 4318672.843, 103
Trd, 4318673.143, 101
Trd, 4318673.543, 68
Trd, 4318674.043, 120
Trd, 4318674.593, 139
Trd, 4318674.693, 126
Trd, 4318675.143, 123
Trd, 4318676.243, 106
Trd, 4318678.293, 120
Trd, 4318679.193, 85
Trd, 4318680.043, 75
Trd, 4318680.293, 86
Trd, 4318680.693, 126
Trd, 4318680.943, 131
Trd, 4318681.343, 87
Trd, 4318682.243, 120
Trd, 4318683.143, 124
Trd, 4318683.993, 136
Trd, 4318684.843, 95
Trd, 4318687.193, 124
Trd, 4318687.493, 138
Trd, 4318687.893, 116
Trd, 4318688.543, 107
Trd, 4318688.893, 94
Trd, 4318689.593, 60
Trd, 4318690.143, 123
Trd, 4318690.293, 81
Trd, 4318691.393, 140
Trd, 4318692.243, 133
Trd, 4318692.893, 87
Trd, 4318693.093, 127
Trd, 4318693.993, 108
Trd, 4318694.043, 107
Trd, 4318694.943, 93
Trd, 4318696.943, 112
Trd, 4318699.943, 99
Trd, 4318700.293, 123
Trd, 4318702.643, 111
Trd, 4318703.093, 102
Trd, 4318704.343, 99
Trd, 4318705.243, 93
Trd, 4318707.043, 91
Trd, 4318707.293, 80
Trd, 4318708.193, 97
Trd, 4318710.143, 120
Trd, 4318711.143, 123
Trd, 4318712.493, 114
Trd, 4318713.793, 138
Trd, 4318714.243, 130
Trd, 4318714.293, 122
Trd, 4318714.543, 70
Trd, 4318715.443, 89
Trd, 4318715.843, 131
Trd, 4318716.043, 125
Trd, 4318716.093, 85
Trd, 4318718.493, 116
Trd, 4318719.043, 121
Trd, 4318719.643, 138
Trd, 4318720.243, 130
Trd, 4318721.793, 103
Trd, 4318722.843, 104
Trd, 4318725.943, 119
Trd, 4318726.393, 111
Trd, 4318727.143, 93
Trd, 4318727.793, 78
Trd, 4318728.393, 76
Trd, 4318728.693, 84
Trd, 4318728.893, 98
Trd, 4318729.593, 72
Trd, 4318729.993, 72
Trd, 4318732.443, 74
Trd, 4318732.593, 74
Trd, 4318732.843, 114
Trd, 4318733.493, 76
Trd, 4318734.243, 103
Trd, 4318737.043, 136
Trd, 4318737.193, 129
Trd, 4318738.793, 126
Trd, 4318739.593, 116
Trd, 4318739.943, 108
Trd, 4318741.293, 128
Trd, 4318741.543, 120
Trd, 4318741.593, 104
Trd, 4318741.843, 89
Trd, 4318742.893, 107
Trd, 4318743.743, 95
Trd, 4318745.143, 85
Trd, 4318746.493, 83
Trd, 4318746.743, 139
Trd, 4318746.893, 84
Trd, 4318748.893, 119
Trd, 4318750.093, 97
Trd, 4318750.643, 95
Trd, 4318750.843, 91
Trd, 4318751.293, 118
Trd, 4318751.693, 93
Trd, 4318751.743, 102
Trd, 4318752.343, 117
Trd, 4318754.093, 86
Trd, 4318754.693, 97
Trd, 4318755.193, 89
Trd, 4318756.243, 132
Trd, 4318756.793, 114
Trd, 4318757.243, 71
Trd, 4318758.293, 126
Trd, 4318758.643, 136
Trd, 4318760.743, 107
Trd, 4318761.093, 99
Trd, 4318762.043, 130
Trd, 4318762.643, 128
Trd, 4318763.543, 125
Trd, 4318764.193, 124
Trd, 4318765.793, 87
Trd, 4318766.543, 91
Trd, 4318767.643, 132
Trd, 4318769.493, 124
Trd, 4318769.743, 116
Trd, 4318770.193, 81
Trd, 4318771.943, 123
Trd, 4318772.543, 136
Trd, 4318773.793, 121
Trd, 4318774.443, 113
Trd, 4318775.193, 130
Trd, 4318775.293, 110
Trd, 4318775.743, 98
Trd, 4318778.643, 117
Trd, 4318779.643, 117
Trd, 4318779.893, 132
Trd, 4318781.293, 129
Trd, 4318782.793, 124
Trd, 4318783.143, 101
Trd, 4318783.793, 132
Trd, 4318784.143, 123
Trd, 4318784.743, 109
Trd, 4318785.293, 130
Trd, 4318785.443, 128
Trd, 4318786.443, 100
Trd, 4318786.493, 80
Trd, 4318787.993, 122
Trd, 4318788.143, 78
Trd, 4318788.543, 136
Trd, 4318789.293, 96
Trd, 4318790.743, 120
Trd, 4318791.093, 128
Trd, 4318792.143, 108
Trd, 4318792.343, 119
Trd, 4318795.693, 120
Trd, 4318796.143, 119
Trd, 4318796.943, 105
Trd, 4318797.293, 86
Trd, 4318797.543, 98
Trd, 4318797.943, 99
Trd, 4318799.643, 114
Trd, 4318800.193, 111
Trd, 4318800.543, 121
Trd, 4318800.793, 93
Trd, 4318800.993, 98
Trd, 4318801.593, 122
Trd, 4318803.343, 118
Trd, 4318803.543, 100
Trd, 4318804.893, 88
Trd, 4318805.193, 92
Trd, 4318805.843, 79
Trd, 4318807.743, 120
Trd, 4318808.543, 125
Trd, 4318808.643, 90
Trd, 4318809.293, 110
Trd, 4318810.093, 106
Trd, 4318810.243, 114
Trd, 4318810.793, 88
Trd, 4318811.293, 73
Trd, 4318812.493, 118
Trd, 4318812.693, 95
Trd, 4318813.143, 137
Trd, 4318814.043, 90
Trd, 4318814.543, 71
Trd, 4318815.543, 111
Trd, 4318816.343, 86
Trd, 4318816.693, 60
Trd, 4318817.743, 79
Trd, 4318818.043, 91
Trd, 4318818.743, 101
Trd, 4318819.093, 110
Trd, 4318819.393, 92
Trd, 4318820.493, 117
Trd, 4318821.293, 132
Trd, 4318822.793, 137
Trd, 4318823.943, 120
Trd, 4318824.893, 67
Trd, 4318825.293, 77
Trd, 4318826.443, 124
Trd, 4318826.793, 136
Trd, 4318827.543, 104
Trd, 4318827.593, 111
Trd, 4318828.043, 116
Trd, 4318828.093, 123
Trd, 4318829.893, 80
Trd, 4318830.993, 102
Trd, 4318831.993, 86
Trd, 4318832.743, 103
Trd, 4318833.243, 109
Trd, 4318833.893, 95
Trd, 4318834.643, 117
Trd, 4318835.143, 97
Trd, 4318835.743, 87
Trd, 4318835.843, 98
Trd, 4318837.343, 124
Trd, 4318838.343, 130
Trd, 4318838.443, 130
Trd, 4318839.243, 135
Trd, 4318840.243, 120
Trd, 4318840.493, 92
Trd, 4318841.943, 100
Trd, 4318842.093, 131
Trd, 4318843.293, 114
Trd, 4318843.893, 124
Trd, 4318844.693, 102
Trd, 4318845.193, 84
Trd, 4318845.943, 87
Trd, 4318847.343, 127
Trd, 4318847.443, 99
Trd, 4318848.193, 98
Trd, 4318848.343, 124
Trd, 4318849.093, 73
Trd, 4318851.193, 86
Trd, 4318852.843, 130
Trd, 4318852.893, 123
Trd, 4318853.793, 117
Trd, 4318854.043, 113
Trd, 4318855.043, 97
Trd, 4318856.343, 100
Trd, 4318856.643, 90
Trd, 4318856.843, 123
Trd, 4318857.643, 94
Trd, 4318859.043, 130
Trd, 4318860.143, 135
Trd, 4318860.243, 109
Trd, 4318860.843, 95
Trd, 4318861.443, 140
Trd, 4318861.793, 100
Trd, 4318864.393, 138
Trd, 4318864.693, 104
Trd, 4318867.143, 90
Trd, 4318867.693, 122
Trd, 4318868.843, 123
Trd, 4318869.143, 114
Trd, 4318869.843, 106
Trd, 4318870.093, 90
Trd, 4318871.843, 121
Trd, 4318872.243, 114
Trd, 4318873.143, 135
Trd, 4318874.893, 136
Trd, 4318874.993, 118
Trd, 4318876.393, 106
Trd, 4318876.943, 129
Trd, 4318877.643, 132
Trd, 4318878.243, 119
Trd, 4318878.343, 91
Trd, 4318878.443, 88
Trd, 4318878.743, 84
Trd, 4318879.643, 131
Trd, 4318880.193, 121
Trd, 4318881.893, 127
Trd, 4318882.593, 125
Trd, 4318883.293, 135
Trd, 4318883.743, 131
Trd, 4318883.893, 123
Trd, 4318884.543, 136
Trd, 4318884.843, 101
Trd, 4318885.093, 111
Trd, 4318885.943, 103
Trd, 4318888.993, 124
Trd, 4318890.493, 108
Trd, 4318890.943, 134
Trd, 4318891.893, 134
Trd, 4318893.243, 73
Trd, 4318893.843, 67
Trd, 4318895.743, 105
Trd, 4318896.093, 103
Trd, 4318897.693, 115
Trd, 4318897.893, 133
Trd, 4318899.093, 99
Trd, 4318899.993, 110
Trd, 4318900.393, 71
Trd, 4318900.893, 106
Trd, 4318901.043, 112
Trd, 4318902.443, 136
Trd, 4318903.043, 104
Trd, 4318904.293, 107
Trd, 4318904.443, 90
Trd, 4318904.893, 89
Trd, 4318905.543, 138
Trd, 4318906.693, 130
Trd, 4318906.793, 73
Trd, 4318909.343, 114
Trd, 4318909.693, 82
Trd, 4318912.243, 113
Trd, 4318912.743, 111
Trd, 4318914.193, 124
Trd, 4318915.143, 119
Trd, 4318915.593, 131
Trd, 4318916.793, 129
Trd, 4318917.293, 72
Trd, 4318918.043, 137
Trd, 4318918.543, 77
Trd, 4318918.743, 86
Trd, 4318919.893, 140
Trd, 4318920.293, 116
Trd, 4318922.093, 133
Trd, 4318922.643, 132
Trd, 4318922.793, 122
Trd, 4318923.143, 79
Trd, 4318923.893, 127
Trd, 4318925.193, 101
Trd, 4318925.493, 84
Trd, 4318926.493, 108
Trd, 4318926.593, 103
Trd, 4318928.043, 91
Trd, 4318928.993, 109
Trd, 4318929.743, 90
Trd, 4318930.543, 82
Trd, 4318930.843, 93
Trd, 4318933.093, 109
Trd, 4318933.793, 110
Trd, 4318934.043, 106
Trd, 4318936.543, 96
Trd, 4318936.593, 95
Trd, 4318938.493, 131
Trd, 4318939.343, 109
Trd, 4318939.693, 97
Trd, 4318940.093, 101
Trd, 4318940.793, 86
Trd, 4318941.493, 107
Trd, 4318942.443, 136
Trd, 4318943.093, 134
Trd, 4318943.943, 98
Trd, 4318944.243, 115
Trd, 4318944.543, 101
Trd, 4318946.243, 89
Trd, 4318946.393, 104
Trd, 4318948.793, 103
Trd, 4318948.893, 95
Trd, 4318950.743, 101
Trd, 4318950.843, 113
Trd, 4318951.193, 86
Trd, 4318951.343, 75
Trd, 4318951.443, 96
Trd, 4318951.793, 69
Trd, 4318952.393, 68
Trd, 4318952.893, 110
Trd, 4318953.293, 106
Trd, 4318953.693, 66
Trd, 4318954.543, 135
Trd, 4318955.093, 131
Trd, 4318955.943, 113
Trd, 4318957.743, 100
Trd, 4318958.043, 94
Trd, 4318958.293, 97
Trd, 4318960.243, 90
Trd, 4318960.793, 112
Trd, 4318961.343, 140
Trd, 4318961.643, 72
Trd, 4318962.193, 100
Trd, 4318962.893, 90
Trd, 4318963.543, 129
Trd, 4318964.543, 140
Trd, 4318965.893, 117
Trd, 4318966.043, 115
Trd, 4318966.543, 85
Trd, 4318967.943, 76
Trd, 4318969.443, 100
Trd, 4318969.793, 119
Trd, 4318969.993, 117
Trd, 4318970.293, 80
Trd, 4318970.443, 68
Trd, 4318971.093, 89
Trd, 4318972.043, 107
Trd, 4318973.543, 122
Trd, 4318973.693, 70
Trd, 4318973.893, 132
Trd, 4318974.843, 74
Trd, 4318975.793, 115
Trd, 4318976.243, 128
Trd, 4318976.893, 105
Trd, 4318977.393, 90
Trd, 4318978.993, 89
Trd, 4318979.443, 83
Trd, 4318979.943, 63
Trd, 4318980.043, 65
Trd, 4318980.793, 89
Trd, 4318981.543, 98
Trd, 4318982.693, 72
Trd, 4318983.193, 123
Trd, 4318984.443, 121
Trd, 4318985.343, 139
Trd, 4318985.443, 131
Trd, 4318985.843, 121
Trd, 4318987.193, 130
Trd, 4318987.693, 105
Trd, 4318989.343, 123
Trd, 4318989.943, 121
Trd, 4318993.393, 131
Trd, 4318993.643, 136
Trd, 4318994.393, 121
Trd, 4318994.743, 122
Trd, 4318995.793, 100
Trd, 4318995.993, 130
Trd, 4318997.043, 111
Trd, 4318997.593, 106
Trd, 4318998.443, 92
Trd, 4318998.643, 88
Trd, 4318999.193, 84
Trd, 4319000.643, 132
Trd, 4319001.143, 120
Trd, 4319001.543, 68
Trd, 4319002.243, 99
Trd, 4319003.893, 131
Trd, 4319005.093, 108
Trd, 4319006.143, 105
Trd, 4319006.243, 108
Trd, 4319007.493, 114
Trd, 4319007.593, 101
Trd, 4319008.593, 109
Trd, 4319008.793, 89
Trd, 4319009.243, 117
Trd, 4319010.493, 104
Trd, 4319012.043, 132
Trd, 4319012.143, 122
Trd, 4319012.293, 98
Trd, 4319013.843, 123
Trd, 4319014.493, 117
Trd, 4319015.343, 140
Trd, 4319015.793, 119
Trd, 4319017.243, 136
Trd, 4319017.893, 119
Trd, 4319018.143, 103
Trd, 4319018.443, 93
Trd, 4319018.993, 80
Trd, 4319019.843, 60
Trd, 4319023.193, 123
Trd, 4319023.393, 91
Trd, 4319023.943, 87
Trd, 4319024.943, 116
Trd, 4319025.593, 83
Trd, 4319025.693, 96
Trd, 4319026.743, 121
Trd, 4319027.443, 111
Trd, 4319028.193, 99
Trd, 4319028.993, 134
Trd, 4319029.193, 132
Trd, 4319030.243, 125
Trd, 4319030.443, 132
Trd, 4319031.443, 111
Trd, 4319031.793, 109
Trd, 4319032.343, 130
Trd, 4319032.893, 107
Trd, 4319034.343, 102
Trd, 4319035.293, 122
Trd, 4319035.793, 91
Trd, 4319037.243, 108
Trd, 4319037.393, 117
Trd, 4319037.793, 111
Trd, 4319038.443, 87
Trd, 4319039.243, 132
Trd, 4319039.943, 97
Trd, 4319041.543, 62
Trd, 4319042.143, 115
Trd, 4319042.993, 113
Trd, 4319043.493, 117
Trd, 4319044.943, 135
Trd, 4319045.043, 134
Trd, 4319045.393, 139
Trd, 4319046.143, 140
Trd, 4319046.243, 109
Trd, 4319046.793, 110
Trd, 4319047.393, 96
Trd, 4319047.543, 96
Trd, 4319048.693, 84
Trd, 4319050.293, 66
Trd, 4319050.943, 102
Trd, 4319051.143, 78
Trd, 4319054.093, 131
Trd, 4319054.893, 113
Trd, 4319055.893, 99
Trd, 4319056.343, 90
Trd, 4319058.043, 121
Trd, 4319058.343, 104
Trd, 4319059.143, 125
Trd, 4319059.943, 116
Trd, 4319061.543, 108
Trd, 4319061.843, 85
Trd, 4319063.243, 112
Trd, 4319064.043, 140
Trd, 4319064.643, 121
Trd, 4319065.093, 74
Trd, 4319066.643, 127
Trd, 4319067.043, 79
Trd, 4319067.593, 102
Trd, 4319068.643, 79
Trd, 4319068.843, 80
Trd, 4319069.793, 92
Trd, 4319071.493, 132
Trd, 4319072.193, 115
Trd, 4319074.193, 118
Trd, 4319074.443, 129
Trd, 4319074.743, 114
Trd, 4319075.943, 132
Trd, 4319076.143, 120
Trd, 4319076.893, 130
Trd, 4319077.193, 103
Trd, 4319077.293, 80
Trd, 4319077.893, 130
Trd, 4319078.893, 82
Trd, 4319080.443, 124
Trd, 4319081.693, 131
Trd, 4319081.743, 130
Trd, 4319081.943, 87
Trd, 4319082.243, 64
Trd, 4319082.693, 78
Trd, 4319082.943, 92
Trd, 4319085.743, 126
Trd, 4319086.293, 113
Trd, 4319087.393, 137
Trd, 4319088.143, 122
Trd, 4319088.893, 110
Trd, 4319089.043, 105
Trd, 4319089.593, 90
Trd, 4319090.143, 86
Trd, 4319090.893, 87
Trd, 4319091.943, 135
Trd, 4319092.293, 132
Trd, 4319092.993, 120
Trd, 4319093.293, 124
Trd, 4319093.343, 86
Trd, 4319094.493, 65
Trd, 4319095.643, 126
Trd, 4319095.793, 114
Trd, 4319096.643, 101
Trd, 4319098.193, 106
Trd, 4319098.793, 101
Trd, 4319099.343, 79
Trd, 4319099.643, 91
Trd, 4319100.193, 106
Trd, 4319103.193, 132
Trd, 4319103.593, 122
Trd, 4319103.893, 120
Trd, 4319103.943, 96
Trd, 4319104.593, 92
Trd, 4319105.993, 112
Trd, 4319107.043, 82
Trd, 4319108.943, 100
Trd, 4319109.443, 90
Trd, 4319110.993, 120
Trd, 4319112.593, 109
Trd, 4319113.093, 97
Trd, 4319113.343, 133
Trd, 4319114.643, 77
Trd, 4319115.693, 120
Trd, 4319115.993, 100
Trd, 4319117.493, 87
Trd, 4319118.243, 131
Trd, 4319118.643, 107
Trd, 4319119.843, 95
Trd, 4319120.743, 97
Trd, 4319120.993, 99
Trd, 4319121.293, 81
Trd, 4319123.043, 88
Trd, 4319123.493, 81
Trd, 4319124.043, 106
Trd, 4319124.143, 76
Trd, 4319124.643, 79
Trd, 4319125.443, 106
Trd, 4319125.593, 116
Trd, 4319126.343, 98
Trd, 4319126.843, 114
Trd, 4319127.943, 107
Trd, 4319128.193, 108
Trd, 4319129.843, 106
Trd, 4319130.543, 115
Trd, 4319131.343, 119
Trd, 4319131.393, 111
Trd, 4319133.193, 107
Trd, 4319133.293, 127
Trd, 4319133.893, 117
Trd, 4319135.293, 134
Trd, 4319135.543, 124
Trd, 4319135.693, 104
Trd, 4319138.093, 83
Trd, 4319139.393, 136
Trd, 4319140.293, 107
Trd, 4319141.943, 112
Trd, 4319141.993, 105
Trd, 4319142.493, 91
Trd, 4319143.693, 109
Trd, 4319143.793, 103
Trd, 4319145.093, 132
Trd, 4319145.243, 118
Trd, 4319145.493, 102
Trd, 4319146.343, 97
Trd, 4319147.293, 112
Trd, 4319149.193, 109
Trd, 4319149.793, 108
Trd, 4319151.043, 71
Trd, 4319151.293, 83
Trd, 4319152.243, 89
Trd, 4319154.093, 113
Trd, 4319154.143, 116
Trd, 4319154.293, 89
Trd, 4319154.843, 85
Trd, 4319155.993, 91
Trd, 4319156.743, 92
Trd, 4319157.543, 95
Trd, 4319158.443, 93
Trd, 4319158.643, 99
Trd, 4319159.643, 100
Trd, 4319160.793, 115
Trd, 4319160.943, 96
Trd, 4319161.693, 82
Trd, 4319162.843, 102
Trd, 4319164.693, 88
Trd, 4319165.543, 111
Trd, 4319165.893, 93
Trd, 4319166.193, 100
Trd, 4319166.593, 103
Trd, 4319168.543, 115
Trd, 4319168.643, 109
Trd, 4319169.243, 128
Trd, 4319170.243, 74
Trd, 4319170.593, 122
Trd, 4319171.593, 107
Trd, 4319171.993, 138
Trd, 4319172.693, 119
Trd, 4319175.893, 133
Trd, 4319176.343, 118
Trd, 4319177.693, 113
Trd, 4319177.993, 127
Trd, 4319178.293, 102
Trd, 4319178.893, 122
Trd, 4319179.343, 118
Trd, 4319181.693, 122
Trd, 4319181.843, 124
Trd, 4319183.043, 133
Trd, 4319183.143, 124
Trd, 4319184.443, 110
Trd, 4319184.843, 127
Trd, 4319185.793, 115
Trd, 4319187.093, 100
Trd, 4319187.293, 94
Trd, 4319188.843, 118
Trd, 4319189.743, 133
Trd, 4319189.893, 108
Trd, 4319190.893, 119
Trd, 4319191.393, 109
Trd, 4319191.693, 117
Trd, 4319191.993, 97
Trd, 4319193.393, 121
Trd, 4319193.543, 80
Trd, 4319193.593, 78
Trd, 4319194.893, 96
Trd, 4319197.493, 115
Trd, 4319197.593, 128
Trd, 4319197.693, 122
Trd, 4319198.093, 105
Trd, 4319199.543, 116
Trd, 4319199.793, 129
Trd, 4319202.293, 76
Trd, 4319202.593, 73
Trd, 4319203.293, 105
Trd, 4319203.343, 92
Trd, 4319203.993, 140
Trd, 4319204.043, 115
Trd, 4319204.943, 111
Trd, 4319205.643, 137
Trd, 4319207.093, 133
Trd, 4319208.243, 123
Trd, 4319208.893, 94
Trd, 4319209.793, 120
Trd, 4319210.093, 86
Trd, 4319210.893, 140
Trd, 4319211.793, 134
Trd, 4319212.543, 130
Trd, 4319213.843, 104
Trd, 4319214.893, 118
Trd, 4319215.443, 128
Trd, 4319216.543, 98
Trd, 4319217.093, 134
Trd, 4319217.393, 110
Trd, 4319218.793, 106
Trd, 4319219.643, 117
Trd, 4319220.193, 92
Trd, 4319221.193, 117
Trd, 4319221.393, 121
Trd, 4319221.893, 90
Trd, 4319222.093, 87
Trd, 4319224.043, 67
Trd, 4319224.143, 77
Trd, 4319225.593, 140
Trd, 4319225.693, 132
Trd, 4319226.343, 90
Trd, 4319226.893, 79
Trd, 4319228.843, 99
Trd, 4319229.243, 128
Trd, 4319229.443, 100
Trd, 4319229.643, 97
Trd, 4319229.893, 97
Trd, 4319230.943, 132
Trd, 4319232.143, 109
Trd, 4319232.443, 91
Trd, 4319233.093, 100
Trd, 4319233.393, 79
Trd, 4319234.743, 131
Trd, 4319234.993, 93
Trd, 4319237.593, 139
Trd, 4319239.393, 113
Trd, 4319239.543, 108
Trd, 4319241.743, 139
Trd, 4319242.343, 115
Trd, 4319242.743, 114
Trd, 4319243.543, 101
Trd, 4319244.343, 91
Trd, 4319244.643, 88
Trd, 4319245.043, 134
Trd, 4319245.443, 129
Trd, 4319246.093, 106
Trd, 4319246.993, 90
Trd, 4319247.793, 123
Trd, 4319248.343, 89
Trd, 4319248.793, 97
Trd, 4319249.343, 121
Trd, 4319251.293, 122
Trd, 4319251.443, 133
Trd, 4319251.643, 87
Trd, 4319252.943, 125
Trd, 4319253.593, 118
Trd, 4319253.843, 140
Trd, 4319254.093, 108
Trd, 4319255.093, 115
Trd, 4319255.643, 116
Trd, 4319256.443, 130
Trd, 4319257.443, 131
Trd, 4319257.493, 104
Trd, 4319257.693, 123
Trd, 4319260.593, 131
Trd, 4319260.693, 116
Trd, 4319262.143, 88
Trd, 4319263.293, 126
Trd, 4319263.443, 133
Trd, 4319264.893, 100
Trd, 4319265.293, 75
Trd, 4319266.593, 139
Trd, 4319267.993, 138
Trd, 4319269.043, 138
Trd, 4319269.843, 126
Trd, 4319269.993, 97
Trd, 4319271.643, 130
Trd, 4319271.843, 126
Trd, 4319272.443, 121
Trd, 4319272.993, 109
Trd, 4319273.343, 105
Trd, 4319274.593, 123
Trd, 4319275.743, 123
Trd, 4319277.493, 123
Trd, 4319277.743, 117
Trd, 4319277.893, 109
Trd, 4319279.493, 81
Trd, 4319279.693, 124
Trd, 4319280.443, 121
Trd, 4319280.743, 108
Trd, 4319281.343, 65
Trd, 4319282.643, 109
Trd, 4319283.393, 89
Trd, 4319284.093, 95
Trd, 4319284.493, 79
Trd, 4319286.293, 116
Trd, 4319286.493, 94
Trd, 4319287.043, 127
Trd, 4319288.093, 130
Trd, 4319288.943, 91
Trd, 4319289.543, 126
Trd, 4319290.793, 119
Trd, 4319291.743, 127
Trd, 4319291.893, 108
Trd, 4319292.043, 83
Trd, 4319292.193, 109
Trd, 4319292.993, 126
Trd, 4319293.993, 117
Trd, 4319294.693, 136
Trd, 4319296.493, 125
Trd, 4319297.043, 124
Trd, 4319297.493, 86
Trd, 4319297.793, 128
Trd, 4319299.893, 111
Trd, 4319300.193, 94
Trd, 4319300.293, 91
Trd, 4319302.393, 135
Trd, 4319303.193, 138
Trd, 4319303.293, 123
Trd, 4319303.943, 93
Trd, 4319303.993, 109
Trd, 4319305.093, 113
Trd, 4319305.143, 107
Trd, 4319305.293, 118
Trd, 4319305.793, 118
Trd, 4319305.893, 128
Trd, 4319308.043, 133
Trd, 4319311.293, 128
Trd, 4319311.543, 139
Trd, 4319311.643, 117
Trd, 4319311.843, 113
Trd, 4319312.343, 88
Trd, 4319312.543, 80
Trd, 4319313.343, 105
Trd, 4319314.993, 140
Trd, 4319316.043, 109
Trd, 4319317.143, 127
Trd, 4319317.293, 123
Trd, 4319317.743, 119
Trd, 4319318.693, 101
Trd, 4319318.893, 89
Trd, 4319320.493, 119
Trd, 4319320.693, 78
Trd, 4319321.093, 85
Trd, 4319321.643, 77
Trd, 4319324.043, 124
Trd, 4319324.343, 113
Trd, 4319324.493, 110
Trd, 4319324.543, 102
Trd, 4319324.643, 110
Trd, 4319325.693, 135
Trd, 4319327.393, 108
Trd, 4319327.893, 103
Trd, 4319330.193, 102
Trd, 4319330.993, 112
Trd, 4319331.043, 118
Trd, 4319331.443, 124
Trd, 4319332.293, 99
Trd, 4319332.893, 105
Trd, 4319333.543, 109
Trd, 4319334.743, 135
Trd, 4319335.543, 100
Trd, 4319336.443, 120
Trd, 4319337.143, 100
Trd, 4319337.693, 115
Trd, 4319337.843, 111
Trd, 4319338.493, 133
Trd, 4319339.493, 124
Trd, 4319340.643, 133
Trd, 4319341.093, 113
Trd, 4319342.193, 107
Trd, 4319342.443, 139
Trd, 4319343.493, 120
Trd, 4319344.993, 114
Trd, 4319346.043, 91
Trd, 4319346.343, 127
Trd, 4319346.393, 91
Trd, 4319348.243, 85
Trd, 4319348.493, 76
Trd, 4319348.893, 139
Trd, 4319348.993, 121
Trd, 4319349.543, 115
Trd, 4319350.343, 102
Trd, 4319351.043, 99
Trd, 4319351.293, 110
Trd, 4319353.543, 117
Trd, 4319354.543, 88
Trd, 4319355.243, 120
Trd, 4319356.193, 87
Trd, 4319356.893, 134
Trd, 4319358.593, 130
Trd, 4319358.743, 108
Trd, 4319358.843, 86
Trd, 4319359.293, 121
Trd, 4319359.643, 131
Trd, 4319360.443, 84
Trd, 4319362.443, 127
Trd, 4319364.093, 118
Trd, 4319364.243, 117
Trd, 4319365.493, 127
Trd, 4319366.593, 136
Trd, 4319366.743, 102
Trd, 4319367.093, 106
Trd, 4319367.593, 135
Trd, 4319367.793, 93
Trd, 4319369.143, 131
Trd, 4319369.643, 116
Trd, 4319370.893, 94
Trd, 4319371.543, 109
Trd, 4319372.643, 114
Trd, 4319373.893, 114
Trd, 4319374.743, 99
Trd, 4319375.643, 122
Trd, 4319377.493, 138
Trd, 4319377.643, 121
Trd, 4319378.293, 108
Trd, 4319378.593, 77
Trd, 4319379.543, 97
Trd, 4319380.493, 105
Trd, 4319382.993, 133
Trd, 4319383.443, 128
Trd, 4319384.243, 137
Trd, 4319385.443, 129
Trd, 4319386.393, 131
Trd, 4319386.593, 127
Trd, 4319386.993, 122
Trd, 4319389.593, 107
Trd, 4319391.343, 115
Trd, 4319392.743, 83
Trd, 4319393.043, 128
Trd, 4319393.293, 78
Trd, 4319394.843, 109
Trd, 4319395.943, 108
Trd, 4319396.193, 90
Trd, 4319396.693, 99
Trd, 4319397.243, 106
Trd, 4319398.143, 112
Trd, 4319398.393, 100
Trd, 4319398.643, 85
Trd, 4319399.643, 111
Trd, 4319400.793, 118
Trd, 4319401.743, 120
Trd, 4319401.793, 105
Trd, 4319402.043, 113
Trd, 4319402.643, 131
Trd, 4319403.543, 99
Trd, 4319404.993, 102
Trd, 4319405.543, 106
Trd, 4319406.593, 111
Trd, 4319407.643, 73
Trd, 4319408.093, 108
Trd, 4319409.493, 118
Trd, 4319410.193, 128
Trd, 4319410.243, 110
Trd, 4319411.193, 129
Trd, 4319412.493, 113
Trd, 4319412.893, 105
Trd, 4319414.393, 127
Trd, 4319415.043, 139
Trd, 4319416.693, 98
Trd, 4319417.543, 91
Trd, 4319418.593, 92
Trd, 4319418.843, 118
Trd, 4319419.793, 102
Trd, 4319419.893, 97
Trd, 4319420.043, 128
Trd, 4319421.293, 113
Trd, 4319421.893, 139
Trd, 4319422.143, 132
Trd, 4319422.343, 114
Trd, 4319422.743, 82
Trd, 4319423.493, 95
Trd, 4319423.843, 98
Trd, 4319426.693, 93
Trd, 4319427.443, 127
Trd, 4319428.193, 105
Trd, 4319430.193, 118
Trd, 4319430.643, 135
Trd, 4319431.493, 115
Trd, 4319432.343, 85
Trd, 4319433.193, 133
Trd, 4319433.293, 111
Trd, 4319433.693, 84
Trd, 4319435.593, 83
Trd, 4319436.193, 85
Trd, 4319436.493, 107
Trd, 4319437.243, 129
Trd, 4319438.943, 138
Trd, 4319439.793, 107
Trd, 4319440.143, 121
Trd, 4319440.843, 98
Trd, 4319441.893, 88
Trd, 4319442.193, 133
Trd, 4319442.893, 140
Trd, 4319444.543, 138
Trd, 4319447.393, 119
Trd, 4319447.693, 138
Trd, 4319448.593, 123
Trd, 4319448.843, 105
Trd, 4319449.443, 99
Trd, 4319449.543, 83
Trd, 4319449.993, 79
Trd, 4319450.593, 63
Trd, 4319451.993, 95
Trd, 4319452.893, 76
Trd, 4319453.343, 91
Trd, 4319453.943, 96
Trd, 4319455.593, 75
Trd, 4319456.543, 108
Trd, 4319456.843, 87
Trd, 4319456.993, 107
Trd, 4319457.943, 133
Trd, 4319458.043, 104
Trd, 4319458.443, 72
Trd, 4319459.993, 75
Trd, 4319461.243, 107
Trd, 4319461.793, 118
Trd, 4319462.593, 134
Trd, 4319463.293, 97
Trd, 4319463.843, 83
Trd, 4319464.943, 133
Trd, 4319464.993, 113
Trd, 4319465.443, 103
Trd, 4319466.493, 100
Trd, 4319467.043, 118
Trd, 4319467.193, 87
Trd, 4319468.793, 135
Trd, 4319469.893, 126
Trd, 4319471.593, 114
Trd, 4319471.843, 118
Trd, 4319472.843, 97
Trd, 4319473.393, 127
Trd, 4319475.843, 73
Trd, 4319476.193, 99
Trd, 4319476.293, 81
Trd, 4319477.193, 121
Trd, 4319478.493, 114
Trd, 4319478.743, 108
Trd, 4319479.343, 129
Trd, 4319479.943, 111
Trd, 4319480.043, 101
Trd, 4319480.443, 126
Trd, 4319481.543, 133
Trd, 4319481.943, 66
Trd, 4319482.743, 136
Trd, 4319483.893, 102
Trd, 4319484.693, 101
Trd, 4319485.943, 97
Trd, 4319487.393, 108
Trd, 4319488.243, 103
Trd, 4319489.593, 130
Trd, 4319490.043, 116
Trd, 4319490.943, 127
Trd, 4319491.043, 112
Trd, 4319491.943, 127
Trd, 4319491.993, 129
Trd, 4319492.493, 114
Trd, 4319493.493, 83
Trd, 4319493.793, 64
Trd, 4319494.243, 97
Trd, 4319494.893, 70
Trd, 4319495.193, 90
Trd, 4319497.543, 105
Trd, 4319498.293, 123
Trd, 4319499.343, 124
Trd, 4319500.043, 75
Trd, 4319500.543, 83
Trd, 4319500.643, 77
Trd, 4319501.693, 85
Trd, 4319503.643, 89
Trd, 4319503.843, 70
Trd, 4319504.143, 92
Trd, 4319505.143, 71
Trd, 4319506.193, 79
Trd, 4319506.343, 121
Trd, 4319506.993, 100
Trd, 4319508.843, 91
Trd, 4319509.993, 121
Trd, 4319511.243, 114
Trd, 4319511.843, 109
Trd, 4319511.893, 118
Trd, 4319512.693, 90
Trd, 4319512.893, 84
Trd, 4319514.343, 111
Trd, 4319514.843, 109
Trd, 4319515.443, 136
Trd, 4319517.343, 133
Trd, 4319517.943, 123
Trd, 4319519.193, 131
Trd, 4319519.893, 124
Trd, 4319521.243, 112
Trd, 4319521.643, 95
Trd, 4319521.893, 124
Trd, 4319522.193, 97
Trd, 4319522.743, 117
Trd, 4319523.543, 107
Trd, 4319524.143, 116
Trd, 4319524.943, 106
Trd, 4319526.143, 110
Trd, 4319526.893, 104
Trd, 4319527.343, 112
Trd, 4319529.443, 128
Trd, 4319529.543, 98
Trd, 4319530.143, 100
Trd, 4319531.293, 88
Trd, 4319532.493, 77
Trd, 4319533.343, 113
Trd, 4319534.993, 133
Trd, 4319535.043, 129
Trd, 4319535.793, 111
Trd, 4319536.193, 133
Trd, 4319536.543, 134
Trd, 4319538.493, 105
Trd, 4319538.843, 117
Trd, 4319539.543, 97
Trd, 4319539.943, 109
Trd, 4319540.343, 127
Trd, 4319541.093, 117
Trd, 4319541.493, 134
Trd, 4319542.293, 98
Trd, 4319542.893, 134
Trd, 4319544.093, 77
Trd, 4319544.693, 75
Trd, 4319546.593, 93
Trd, 4319547.593, 101
Trd, 4319548.393, 102
Trd, 4319548.543, 103
Trd, 4319548.793, 113
Trd, 4319550.493, 103
Trd, 4319550.743, 93
Trd, 4319551.393, 77
Trd, 4319551.443, 124
Trd, 4319551.643, 125
Trd, 4319552.593, 85
Trd, 4319554.293, 120
Trd, 4319555.693, 106
Trd, 4319555.743, 104
Trd, 4319556.743, 112
Trd, 4319557.343, 131
Trd, 4319557.643, 102
Trd, 4319557.943, 108
Trd, 4319558.293, 99
Trd, 4319560.593, 117
Trd, 4319561.893, 98
Trd, 4319562.543, 117
Trd, 4319563.243, 137
Trd, 4319564.443, 127
Trd, 4319565.593, 136
Trd, 4319566.093, 136
Trd, 4319566.293, 101
Trd, 4319567.443, 89
Trd, 4319567.993, 88
Trd, 4319568.493, 80
Trd, 4319568.643, 105
Trd, 4319569.643, 61
Trd, 4319570.593, 136
Trd, 4319572.493, 134
Trd, 4319573.343, 137
Trd, 4319574.293, 137
Trd, 4319574.343, 96
Trd, 4319575.393, 128
Trd, 4319576.043, 125
Trd, 4319577.293, 115
Trd, 4319577.593, 112
Trd, 4319578.043, 108
Trd, 4319579.343, 98
Trd, 4319579.893, 105
Trd, 4319579.993, 95
Trd, 4319580.643, 118
Trd, 4319582.593, 118
Trd, 4319583.543, 118
Trd, 4319584.943, 99
Trd, 4319586.143, 134
Trd, 4319586.943, 126
Trd, 4319587.243, 74
Trd, 4319587.593, 104
Trd, 4319588.243, 80
Trd, 4319589.693, 135
Trd, 4319590.093, 120
Trd, 4319590.643, 115
Trd, 4319591.243, 96
Trd, 4319591.693, 109
Trd, 4319592.343, 106
Trd, 4319593.543, 136
Trd, 4319594.393, 115
Trd, 4319595.043, 115
Trd, 4319595.193, 109
Trd, 4319596.343, 111
Trd, 4319596.593, 92
Trd, 4319598.043, 131
Trd, 4319598.343, 101
Trd, 4319598.793, 105
Trd, 4319599.093, 112
Trd, 4319599.393, 70
Trd, 4319600.643, 85
Trd, 4319601.043, 67
Trd, 4319602.043, 81
Trd, 4319603.343, 76
Trd, 4319604.843, 134
Trd, 4319605.493, 138
Trd, 4319605.743, 112
Trd, 4319607.343, 107
Trd, 4319607.593, 82
Trd, 4319608.143, 81
Trd, 4319610.793, 112
Trd, 4319611.543, 103
Trd, 4319611.793, 121
Trd, 4319611.843, 83
Trd, 4319613.243, 131
Trd, 4319614.693, 124
Trd, 4319614.743, 110
Trd, 4319615.393, 85
Trd, 4319618.243, 124
Trd, 4319618.993, 112
Trd, 4319619.743, 136
Trd, 4319620.393, 128
Trd, 4319621.443, 126
Trd, 4319622.193, 139
Trd, 4319622.443, 120
Trd, 4319623.743, 117
Trd, 4319623.943, 115
Trd, 4319624.543, 126
Trd, 4319625.543, 109
Trd, 4319625.743, 104
Trd, 4319626.343, 138
Trd, 4319626.843, 138
Trd, 4319626.943, 116
Trd, 4319628.643, 93
Trd, 4319630.693, 128
Trd, 4319631.043, 125
Trd, 4319631.193, 82
Trd, 4319632.543, 118
Trd, 4319632.643, 86
Trd, 4319633.993, 83
Trd, 4319634.243, 98
Trd, 4319634.443, 81
Trd, 4319635.093, 129
Trd, 4319636.693, 105
Trd, 4319637.343, 132
Trd, 4319637.843, 95
Trd, 4319639.443, 94
Trd, 4319640.643, 104
Trd, 4319642.293, 106
Trd, 4319643.143, 98
Trd, 4319643.843, 93
Trd, 4319643.943, 103
Trd, 4319645.143, 111
Trd, 4319645.943, 112
Trd, 4319647.543, 131
Trd, 4319647.693, 85
Trd, 4319648.243, 85
Trd, 4319650.893, 126
Trd, 4319651.243, 121
Trd, 4319651.993, 129
Trd, 4319654.493, 87
Trd, 4319654.743, 99
Trd, 4319655.243, 106
Trd, 4319656.493, 132
Trd, 4319656.993, 137
Trd, 4319657.493, 128
Trd, 4319657.693, 100
Trd, 4319658.443, 95
Trd, 4319659.343, 90
Trd, 4319660.443, 80
Trd, 4319660.843, 101
Trd, 4319661.343, 130
Trd, 4319662.493, 122
Trd, 4319664.543, 115
Trd, 4319664.693, 114
Trd, 4319665.093, 113
Trd, 4319665.543, 109
Trd, 4319665.593, 101
Trd, 4319667.293, 106
Trd, 4319669.043, 116
Trd, 4319669.843, 117
Trd, 4319670.493, 128
Trd, 4319672.593, 119
Trd, 4319672.993, 138
Trd, 4319673.193, 122
Trd, 4319673.893, 132
Trd, 4319674.593, 132
Trd, 4319675.093, 116
Trd, 4319675.993, 79
Trd, 4319676.793, 94
Trd, 4319677.043, 101
Trd, 4319677.743, 89
Trd, 4319677.893, 126
Trd, 4319678.643, 130
Trd, 4319678.693, 108
Trd, 4319679.893, 131
Trd, 4319681.293, 65
Trd, 4319681.443, 94
Trd, 4319683.243, 75
Trd, 4319683.993, 117
Trd, 4319684.793, 115
Trd, 4319684.993, 119
Trd, 4319685.643, 94
Trd, 4319686.393, 82
Trd, 4319687.593, 128
Trd, 4319688.693, 121
Trd, 4319689.593, 122
Trd, 4319689.643, 97
Trd, 4319690.193, 136
Trd, 4319690.593, 91
Trd, 4319692.543, 122
Trd, 4319692.793, 104
Trd, 4319693.193, 140
Trd, 4319693.743, 129
Trd, 4319694.743, 126
Trd, 4319695.493, 120
Trd, 4319696.943, 119
Trd, 4319697.293, 103
Trd, 4319697.443, 96
Trd, 4319698.543, 104
Trd, 4319700.043, 96
Trd, 4319700.443, 87
Trd, 4319700.643, 107
Trd, 4319702.993, 83
Trd, 4319703.043, 90
Trd, 4319703.143, 98
Trd, 4319703.393, 99
Trd, 4319703.693, 60
Trd, 4319704.243, 97
Trd, 4319705.793, 135
Trd, 4319706.743, 137
Trd, 4319707.393, 127
Trd, 4319707.543, 114
Trd, 4319707.993, 105
Trd, 4319708.593, 124
Trd, 4319708.893, 78
Trd, 4319711.193, 118
Trd, 4319713.193, 135
Trd, 4319714.193, 111
Trd, 4319714.293, 132
Trd, 4319714.743, 102
Trd, 4319714.993, 134
Trd, 4319715.493, 120
Trd, 4319716.393, 126
Trd, 4319717.793, 131
Trd, 4319718.443, 134
Trd, 4319719.043, 71
Trd, 4319719.893, 131
Trd, 4319720.343, 110
Trd, 4319720.593, 128
Trd, 4319722.293, 122
Trd, 4319723.343, 117
Trd, 4319723.943, 105
Trd, 4319724.143, 104
Trd, 4319724.693, 101
Trd, 4319725.293, 134
Trd, 4319725.393, 120
Trd, 4319726.993, 136
Trd, 4319727.343, 112
Trd, 4319728.093, 118
Trd, 4319728.193, 103
Trd, 4319728.843, 114
Trd, 4319729.843, 126
Trd, 4319730.643, 99
Trd, 4319731.793, 136
Trd, 4319733.193, 86
Trd, 4319733.343, 78
Trd, 4319733.893, 115
Trd, 4319735.143, 89
Trd, 4319735.743, 96
Trd, 4319736.343, 84
Trd, 4319737.143, 84
Trd, 4319738.693, 131
Trd, 4319739.293, 132
Trd, 4319739.343, 117
Trd, 4319741.143, 135
Trd, 4319741.893, 121
Trd, 4319742.093, 122
Trd, 4319742.793, 109
Trd, 4319743.643, 112
Trd, 4319744.093, 109
Trd, 4319744.243, 137
Trd, 4319744.843, 87
Trd, 4319746.443, 119
Trd, 4319746.543, 100
Trd, 4319747.093, 120
Trd, 4319747.843, 126
Trd, 4319748.993, 125
Trd, 4319749.793, 128
Trd, 4319751.143, 132
Trd, 4319751.193, 128
Trd, 4319751.293, 127
Trd, 4319752.443, 112
Trd, 4319754.143, 132
Trd, 4319755.493, 127
Trd, 4319755.793, 125
Trd, 4319756.043, 112
Trd, 4319756.143, 111
Trd, 4319757.243, 71
Trd, 4319759.343, 113
Trd, 4319760.293, 115
Trd, 4319760.843, 134
Trd, 4319760.993, 103
Trd, 4319761.893, 103
Trd, 4319761.993, 97
Trd, 4319762.893, 108
Trd, 4319764.293, 117
Trd, 4319764.343, 114
Trd, 4319766.143, 66
Trd, 4319767.593, 114
Trd, 4319767.843, 131
Trd, 4319768.593, 72
Trd, 4319769.093, 79
Trd, 4319769.293, 87
Trd, 4319770.493, 79
Trd, 4319770.943, 82
Trd, 4319771.543, 130
Trd, 4319773.593, 128
Trd, 4319773.643, 108
Trd, 4319774.293, 89
Trd, 4319777.143, 120
Trd, 4319778.143, 109
Trd, 4319778.293, 102
Trd, 4319779.393, 128
Trd, 4319779.443, 86
Trd, 4319780.093, 110
Trd, 4319782.843, 129
Trd, 4319783.193, 101
Trd, 4319784.593, 123
Trd, 4319785.043, 89
Trd, 4319785.293, 120
Trd, 4319786.093, 138
Trd, 4319786.243, 139
Trd, 4319786.293, 116
Trd, 4319788.993, 140
Trd, 4319789.293, 135
Trd, 4319790.093, 119
Trd, 4319790.493, 121
Trd, 4319791.243, 122
Trd, 4319792.793, 127
Trd, 4319793.293, 98
Trd, 4319793.593, 115
Trd, 4319794.993, 124
Trd, 4319795.943, 129
Trd, 4319796.043, 98
Trd, 4319796.393, 119
Trd, 4319797.443, 133
Trd, 4319797.593, 127
Trd, 4319798.793, 133
Trd, 4319800.543, 130
Trd, 4319801.393, 133
Trd, 4319801.593, 80
Trd, 4319801.793, 74
Trd, 4319802.443, 110
Trd, 4319803.393, 79
Trd, 4319804.493, 107
Trd, 4319804.593, 83
Trd, 4319804.643, 114
Trd, 4319804.943, 117
Trd, 4319805.693, 127
Trd, 4319805.993, 116
Trd, 4319806.743, 75
Trd, 4319807.243, 138
Trd, 4319807.993, 135
Trd, 4319808.943, 96
Trd, 4319810.493, 136
Trd, 4319810.943, 129
Trd, 4319811.393, 87
Trd, 4319812.243, 124
Trd, 4319813.043, 106
Trd, 4319814.043, 100
Trd, 4319815.193, 109
Trd, 4319815.293, 109
Trd, 4319816.143, 103
Trd, 4319816.493, 120
Trd, 4319818.843, 122
Trd, 4319819.493, 120
Trd, 4319819.643, 119
Trd, 4319819.943, 128
Trd, 4319820.993, 111
Trd, 4319821.743, 95
Trd, 4319822.493, 140
Trd, 4319825.243, 127
Trd, 4319826.693, 123
Trd, 4319827.293, 121
Trd, 4319828.993, 119
Trd, 4319829.893, 106
Trd, 4319831.093, 102
Trd, 4319832.193, 100
Trd, 4319835.543, 132
Trd, 4319836.143, 107
Trd, 4319836.193, 103
Trd, 4319836.793, 108
Trd, 4319836.993, 120
Trd, 4319837.593, 77
Trd, 4319838.193, 86
Trd, 4319839.293, 87
Trd, 4319839.643, 101
Trd, 4319840.143, 124
Trd, 4319842.093, 109
Trd, 4319842.993, 116
Trd, 4319843.493, 119
Trd, 4319843.643, 109
Trd, 4319843.993, 84
Trd, 4319844.593, 134
Trd, 4319845.843, 101
Trd, 4319846.243, 129
Trd, 4319847.193, 128
Trd, 4319848.243, 94
Trd, 4319849.393, 102
Trd, 4319850.643, 120
Trd, 4319851.593, 126
Trd, 4319851.893, 115
Trd, 4319852.443, 116
Trd, 4319855.193, 109
Trd, 4319855.243, 87
Trd, 4319855.693, 131
Trd, 4319856.593, 130
Trd, 4319857.943, 108
Trd, 4319858.343, 124
Trd, 4319859.943, 103
Trd, 4319859.993, 98
Trd, 4319861.593, 123
Trd, 4319861.893, 112
Trd, 4319862.493, 116
Trd, 4319863.143, 129
Trd, 4319863.393, 99
Trd, 4319864.393, 97
Trd, 4319865.193, 92
Trd, 4319865.393, 89
Trd, 4319866.543, 111
Trd, 4319866.643, 109
Trd, 4319868.843, 110
Trd, 4319870.143, 68
Trd, 4319870.943, 126
Trd, 4319871.793, 112
Trd, 4319872.743, 140
Trd, 4319873.293, 129
Trd, 4319873.393, 109
Trd, 4319874.143, 127
Trd, 4319875.393, 123
Trd, 4319875.493, 118
Trd, 4319876.043, 107
Trd, 4319876.543, 101
Trd, 4319877.593, 138
Trd, 4319878.943, 94
Trd, 4319880.093, 122
Trd, 4319880.293, 99
Trd, 4319881.143, 100
Trd, 4319882.343, 134
Trd, 4319882.443, 132
Trd, 4319882.593, 112
Trd, 4319883.393, 124
Trd, 4319883.893, 112
Trd, 4319884.943, 112
Trd, 4319886.343, 123
Trd, 4319886.443, 110
Trd, 4319887.493, 95
Trd, 4319887.743, 127
Trd, 4319888.093, 108
Trd, 4319888.393, 108
Trd, 4319890.793, 116
Trd, 4319890.893, 105
Trd, 4319891.343, 110
Trd, 4319891.743, 138
Trd, 4319893.193, 122
Trd, 4319893.493, 110
Trd, 4319894.343, 81
Trd, 4319895.143, 93
Trd, 4319898.543, 123
Trd, 4319898.893, 127
Trd, 4319899.593, 128
Trd, 4319901.743, 122
Trd, 4319903.043, 116
Trd, 4319903.093, 115
Trd, 4319903.193, 103
Trd, 4319903.593, 102
Trd, 4319905.793, 127
Trd, 4319908.343, 136
Trd, 4319908.793, 135
Trd, 4319909.443, 95
Trd, 4319909.543, 134
Trd, 4319911.343, 134
Trd, 4319912.093, 122
Trd, 4319913.293, 111
Trd, 4319913.443, 109
Trd, 4319913.793, 99
Trd, 4319915.393, 98
Trd, 4319915.743, 87
Trd, 4319916.343, 130
Trd, 4319916.393, 128
Trd, 4319918.893, 106
Trd, 4319919.993, 132
Trd, 4319920.043, 100
Trd, 4319920.493, 109
Trd, 4319921.893, 139
Trd, 4319922.293, 118
Trd, 4319922.593, 119
Trd, 4319924.393, 139
Trd, 4319924.843, 94
Trd, 4319925.043, 108
Trd, 4319925.093, 76
Trd, 4319926.043, 131
Trd, 4319927.293, 61
Trd, 4319928.593, 81
Trd, 4319929.093, 113
Trd, 4319931.493, 114
Trd, 4319932.343, 111
Trd, 4319932.893, 128
Trd, 4319933.593, 89
Trd, 4319934.043, 99
Trd, 4319934.543, 88
Trd, 4319937.293, 82
Trd, 4319937.643, 130
Trd, 4319938.393, 137
Trd, 4319938.493, 134
Trd, 4319939.693, 106
Trd, 4319941.193, 116
Trd, 4319941.643, 95
Trd, 4319941.793, 135
Trd, 4319942.793, 88
Trd, 4319944.193, 90
Trd, 4319944.943, 100
Trd, 4319945.693, 92
Trd, 4319948.593, 124
Trd, 4319948.943, 89
Trd, 4319949.743, 76
Trd, 4319949.893, 66
Trd, 4319949.993, 128
Trd, 4319951.943, 112
Trd, 4319952.193, 95
Trd, 4319952.943, 137
Trd, 4319953.543, 134
Trd, 4319953.693, 97
Trd, 4319955.393, 90
Trd, 4319956.993, 107
Trd, 4319958.093, 110
Trd, 4319958.693, 121
Trd, 4319960.343, 95
Trd, 4319960.443, 98
Trd, 4319960.643, 129
Trd, 4319961.343, 131
Trd, 4319961.793, 104
Trd, 4319963.793, 115
Trd, 4319963.943, 88
Trd, 4319964.393, 117
Trd, 4319965.443, 115
Trd, 4319965.743, 112
Trd, 4319966.243, 111
Trd, 4319967.393, 131
Trd, 4319967.493, 90
Trd, 4319969.043, 88
Trd, 4319970.443, 137
Trd, 4319970.793, 89
Trd, 4319970.943, 88
Trd, 4319972.643, 119
Trd, 4319972.693, 121
Trd, 4319972.893, 84
Trd, 4319973.093, 87
Trd, 4319975.343, 122
Trd, 4319975.793, 129
Trd, 4319976.193, 93
Trd, 4319976.343, 86
Trd, 4319976.793, 103
Trd, 4319977.343, 83
Trd, 4319978.943, 101
Trd, 4319979.343, 88
Trd, 4319979.993, 82
Trd, 4319980.943, 106
Trd, 4319983.243, 89
Trd, 4319983.293, 87
Trd, 4319985.493, 106
Trd, 4319985.743, 100
Trd, 4319986.143, 110
Trd, 4319986.493, 62
Trd, 4319987.093, 106
Trd, 4319987.943, 130
Trd, 4319987.993, 125
Trd, 4319989.593, 136
Trd, 4319989.643, 113
Trd, 4319989.793, 140
Trd, 4319990.643, 99
Trd, 4319990.943, 80
Trd, 4319991.943, 111
Trd, 4319994.393, 127
Trd, 4319994.943, 119
Trd, 4319995.643, 85
Trd, 4319995.993, 103
Trd, 4319996.443, 119
Trd, 4319996.743, 108
Trd, 4319997.743, 116
Trd, 4319998.493, 120
Trd, 4319999.543, 138
Trd, 4319999.943, 127
