Trd, 4318086.243, 98
Trd, 4318086.643, 102
Trd, 4318087.493, 132
Trd, 4318087.593, 106
Trd, 4318088.543, 126
Trd, 4318091.543, 122
Trd, 4318091.943, 97
Trd, 4318093.293, 125
Trd, 4318093.743, 123
Trd, 4318094.043, 115
Trd, 4318094.993, 94
Trd, 4318095.443, 108
Trd, 4318095.893, 140
Trd, 4318096.443, 106
Trd, 4318096.843, 110
Trd, 4318097.993, 90
Trd, 4318098.193, 85
Trd, 4318098.243, 101
Trd, 4318099.093, 82
Trd, 4318100.293, 102
Trd, 4318100.793, 92
Trd, 4318101.393, 98
Trd, 4318102.593, 139
Trd, 4318103.443, 127
Trd, 4318104.693, 94
Trd, 4318105.543, 111
Trd, 4318105.893, 96
Trd, 4318106.893, 116
Trd, 4318107.343, 107
Trd, 4318107.443, 95
Trd, 4318109.493, 82
Trd, 4318110.593, 100
Trd, 4318111.043, 68
Trd, 4318113.893, 125
Trd, 4318114.493, 92
Trd, 4318114.543, 92
Trd, 4318114.793, 121
Trd, 4318117.143, 97
Trd, 4318117.293, 118
Trd, 4318117.343, 91
Trd, 4318118.043, 95
Trd, 4318118.443, 88
Trd, 4318119.543, 94
Trd, 4318119.993, 72
Trd, 4318121.293, 91
Trd, 4318121.793, 96
Trd, 4318123.393, 137
Trd, 4318124.793, 116
Trd, 4318125.143, 110
Trd, 4318125.743, 107
Trd, 4318126.393, 132
Trd, 4318127.793, 82
Trd, 4318128.893, 80
Trd, 4318129.293, 64
Trd, 4318129.943, 101
Trd, 4318130.443, 101
Trd, 4318130.693, 89
Trd, 4318130.843, 68
Trd, 4318131.793, 77
Trd, 4318132.243, 84
Trd, 4318132.443, 102
Trd, 4318132.493, 76
Trd, 4318133.693, 73
Trd, 4318136.193, 61
Trd, 4318136.743, 69
Trd, 4318137.043, 130
Trd, 4318138.343, 99
Trd, 4318139.143, 96
Trd, 4318140.893, 96
Trd, 4318141.193, 80
Trd, 4318141.493, 104
Trd, 4318142.743, 94
Trd, 4318143.443, 90
Trd, 4318144.093, 103
Trd, 4318144.143, 102
Trd, 4318144.193, 92
Trd, 4318144.543, 92
Trd, 4318146.793, 69
Trd, 4318148.243, 93
Trd, 4318148.543, 97
Trd, 4318148.593, 115
Trd, 4318150.393, 114
Trd, 4318150.993, 122
Trd, 4318151.043, 98
Trd, 4318152.693, 97
Trd, 4318152.793, 96
Trd, 4318153.543, 78
Trd, 4318154.343, 112
Trd, 4318155.593, 89
Trd, 4318156.393, 132
Trd, 4318156.793, 130
Trd, 4318157.393, 110
Trd, 4318157.743, 107
Trd, 4318158.693, 102
Trd, 4318158.793, 83
Trd, 4318159.843, 106
Trd, 4318160.343, 103
Trd, 4318161.143, 101
Trd, 4318165.093, 83
Trd, 4318166.043, 105
Trd, 4318166.243, 104
Trd, 4318166.943, 97
Trd, 4318167.593, 121
Trd, 4318168.243, 100
Trd, 4318168.943, 83
Trd, 4318169.643, 102
Trd, 4318169.743, 81
Trd, 4318169.843, 65
Trd, 4318170.243, 92
Trd, 4318171.993, 95
Trd, 4318173.293, 94
Trd, 4318173.643, 82
Trd, 4318174.393, 75
Trd, 4318175.543, 114
Trd, 4318176.393, 74
Trd, 4318176.993, 93
Trd, 4318177.243, 82
Trd, 4318178.693, 103
Trd, 4318179.093, 112
Trd, 4318181.543, 116
Trd, 4318181.593, 103
Trd, 4318181.793, 109
Trd, 4318182.043, 90
Trd, 4318182.443, 84
Trd, 4318182.943, 99
Trd, 4318185.093, 75
Trd, 4318185.443, 64
Trd, 4318186.343, 67
Trd, 4318187.143, 65
Trd, 4318187.393, 72
Trd, 4318188.743, 84
Trd, 4318189.443, 110
Trd, 4318191.243, 89
Trd, 4318191.543, 93
Trd, 4318191.843, 106
Trd, 4318192.893, 90
Trd, 4318192.993, 88
Trd, 4318193.243, 72
Trd, 4318195.443, 111
Trd, 4318195.743, 110
Trd, 4318196.593, 85
Trd, 4318198.093, 135
Trd, 4318198.743, 111
Trd, 4318199.143, 132
Trd, 4318199.693, 110
Trd, 4318200.243, 107
Trd, 4318201.343, 93
Trd, 4318202.043, 127
Trd, 4318202.243, 80
Trd, 4318203.693, 120
Trd, 4318204.293, 80
Trd, 4318204.943, 95
Trd, 4318205.593, 88
Trd, 4318205.943, 114
Trd, 4318206.343, 117
Trd, 4318207.493, 70
Trd, 4318207.793, 63
Trd, 4318208.543, 67
Trd, 4318209.393, 103
Trd, 4318210.643, 100
Trd, 4318211.543, 93
Trd, 4318211.643, 110
Trd, 4318211.843, 92
Trd, 4318212.643, 92
Trd, 4318212.693, 88
Trd, 4318212.943, 102
Trd, 4318213.093, 89
Trd, 4318215.093, 111
Trd, 4318217.043, 81
Trd, 4318218.593, 81
Trd, 4318219.443, 82
Trd, 4318219.543, 74
Trd, 4318219.843, 74
Trd, 4318220.393, 81
Trd, 4318221.043, 109
Trd, 4318221.193, 104
Trd, 4318222.143, 94
Trd, 4318222.343, 100
Trd, 4318222.843, 88
Trd, 4318223.243, 80
Trd, 4318223.393, 107
Trd, 4318225.593, 64
Trd, 4318225.743, 83
Trd, 4318226.393, 84
Trd, 4318227.693, 93
Trd, 4318228.393, 111
Trd, 4318228.693, 109
Trd, 4318228.743, 95
Trd, 4318229.543, 113
Trd, 4318230.793, 102
Trd, 4318231.343, 100
Trd, 4318231.643, 92
Trd, 4318233.143, 114
Trd, 4318233.593, 76
Trd, 4318234.793, 87
Trd, 4318235.043, 91
Trd, 4318235.793, 96
Trd, 4318236.193, 96
Trd, 4318237.843, 106
Trd, 4318238.043, 93
Trd, 4318239.143, 125
Trd, 4318239.743, 93
Trd, 4318239.993, 92
Trd, 4318240.043, 90
Trd, 4318240.993, 116
Trd, 4318244.593, 89
Trd, 4318245.193, 88
Trd, 4318246.143, 91
Trd, 4318246.693, 80
Trd, 4318247.043, 112
Trd, 4318247.893, 112
Trd, 4318248.993, 96
Trd, 4318249.493, 105
Trd, 4318249.543, 71
Trd, 4318251.043, 116
Trd, 4318252.443, 99
Trd, 4318252.993, 95
Trd, 4318253.893, 84
Trd, 4318254.693, 134
Trd, 4318254.793, 120
Trd, 4318255.193, 107
Trd, 4318255.743, 69
Trd, 4318257.193, 63
Trd, 4318257.643, 71
Trd, 4318259.443, 112
Trd, 4318259.943, 115
Trd, 4318260.493, 77
Trd, 4318260.843, 77
Trd, 4318261.343, 84
Trd, 4318262.493, 77
Trd, 4318263.043, 106
Trd, 4318263.993, 96
Trd, 4318264.443, 115
Trd, 4318264.793, 112
Trd, 4318265.043, 91
Trd, 4318267.743, 84
Trd, 4318270.293, 127
Trd, 4318270.743, 116
Trd, 4318271.343, 102
Trd, 4318273.743, 134
Trd, 4318274.343, 104
Trd, 4318274.393, 96
Trd, 4318275.993, 89
Trd, 4318276.343, 101
Trd, 4318277.343, 110
Trd, 4318277.493, 109
Trd, 4318277.693, 113
Trd, 4318277.893, 106
Trd, 4318278.093, 96
Trd, 4318279.393, 120
Trd, 4318279.443, 120
Trd, 4318282.243, 126
Trd, 4318282.793, 123
Trd, 4318284.543, 112
Trd, 4318285.043, 110
Trd, 4318286.893, 95
Trd, 4318287.343, 93
Trd, 4318287.893, 87
Trd, 4318288.143, 113
Trd, 4318288.393, 94
Trd, 4318290.293, 134
Trd, 4318290.743, 87
Trd, 4318291.193, 65
Trd, 4318291.743, 106
Trd, 4318291.793, 64
Trd, 4318291.993, 79
Trd, 4318293.943, 66
Trd, 4318294.343, 78
Trd, 4318295.443, 119
Trd, 4318296.443, 81
Trd, 4318296.593, 80
Trd, 4318297.343, 82
Trd, 4318298.043, 100
Trd, 4318298.593, 114
Trd, 4318299.243, 96
Trd, 4318300.343, 112
Trd, 4318300.443, 103
Trd, 4318301.743, 91
Trd, 4318301.843, 117
Trd, 4318303.143, 103
Trd, 4318304.043, 99
Trd, 4318306.443, 118
Trd, 4318307.593, 112
Trd, 4318307.743, 94
Trd, 4318307.993, 101
Trd, 4318308.593, 94
Trd, 4318308.793, 74
Trd, 4318310.993, 103
Trd, 4318311.143, 102
Trd, 4318311.793, 88
Trd, 4318313.843, 86
Trd, 4318315.343, 130
Trd, 4318316.743, 106
Trd, 4318317.543, 101
Trd, 4318319.143, 137
Trd, 4318320.593, 103
Trd, 4318321.143, 103
Trd, 4318321.243, 102
Trd, 4318321.693, 99
Trd, 4318321.743, 82
Trd, 4318322.043, 124
Trd, 4318323.843, 127
Trd, 4318323.893, 61
Trd, 4318324.493, 77
Trd, 4318324.643, 68
Trd, 4318325.143, 76
Trd, 4318326.443, 99
Trd, 4318328.143, 137
Trd, 4318328.193, 127
Trd, 4318328.643, 117
Trd, 4318329.693, 115
Trd, 4318329.843, 95
Trd, 4318330.693, 108
Trd, 4318331.993, 111
Trd, 4318333.593, 71
Trd, 4318333.843, 95
Trd, 4318336.443, 99
Trd, 4318337.993, 95
Trd, 4318338.343, 75
Trd, 4318338.443, 68
Trd, 4318339.443, 128
Trd, 4318339.493, 116
Trd, 4318339.643, 90
Trd, 4318340.093, 87
Trd, 4318340.743, 93
Trd, 4318342.143, 127
Trd, 4318342.493, 110
Trd, 4318343.643, 111
Trd, 4318344.043, 92
Trd, 4318346.093, 84
Trd, 4318346.843, 76
Trd, 4318346.993, 94
Trd, 4318347.343, 96
Trd, 4318348.293, 94
Trd, 4318348.493, 92
Trd, 4318349.243, 129
Trd, 4318349.593, 86
Trd, 4318350.543, 97
Trd, 4318353.043, 107
Trd, 4318353.343, 118
Trd, 4318353.743, 86
Trd, 4318354.693, 74
Trd, 4318355.493, 66
Trd, 4318355.843, 75
Trd, 4318356.243, 80
Trd, 4318356.343, 77
Trd, 4318357.193, 115
Trd, 4318357.643, 115
Trd, 4318357.993, 107
Trd, 4318358.693, 98
Trd, 4318360.193, 104
Trd, 4318360.843, 92
Trd, 4318360.893, 89
Trd, 4318362.243, 83
Trd, 4318362.843, 109
Trd, 4318362.893, 107
Trd, 4318363.093, 96
Trd, 4318363.993, 125
Trd, 4318364.593, 83
Trd, 4318366.793, 119
Trd, 4318367.343, 107
Trd, 4318367.793, 80
Trd, 4318368.243, 81
Trd, 4318368.893, 85
Trd, 4318368.993, 65
Trd, 4318369.993, 98
Trd, 4318370.943, 95
Trd, 4318371.393, 93
Trd, 4318372.743, 128
Trd, 4318373.293, 132
Trd, 4318373.893, 111
Trd, 4318374.493, 109
Trd, 4318374.543, 103
Trd, 4318376.993, 73
Trd, 4318377.143, 76
Trd, 4318377.493, 76
Trd, 4318377.693, 81
Trd, 4318378.093, 81
Trd, 4318379.843, 90
Trd, 4318380.093, 116
Trd, 4318380.893, 109
Trd, 4318381.843, 111
Trd, 4318381.993, 96
Trd, 4318382.743, 114
Trd, 4318383.593, 107
Trd, 4318383.643, 90
Trd, 4318384.443, 104
Trd, 4318386.543, 118
Trd, 4318386.843, 110
Trd, 4318388.293, 125
Trd, 4318389.543, 136
Trd, 4318389.643, 133
Trd, 4318390.243, 128
Trd, 4318391.543, 110
Trd, 4318391.893, 102
Trd, 4318393.543, 123
Trd, 4318393.793, 113
Trd, 4318393.893, 106
Trd, 4318394.293, 99
Trd, 4318394.843, 98
Trd, 4318395.493, 97
Trd, 4318396.143, 93
Trd, 4318397.493, 97
Trd, 4318398.143, 108
Trd, 4318398.893, 104
Trd, 4318400.293, 106
Trd, 4318402.393, 90
Trd, 4318403.043, 87
Trd, 4318403.493, 103
Trd, 4318404.943, 102
Trd, 4318405.193, 112
Trd, 4318405.943, 124
Trd, 4318407.843, 101
Trd, 4318408.443, 94
Trd, 4318409.243, 92
Trd, 4318410.293, 79
Trd, 4318410.893, 134
Trd, 4318410.943, 108
Trd, 4318411.443, 96
Trd, 4318411.743, 94
Trd, 4318412.193, 132
Trd, 4318413.293, 83
Trd, 4318413.743, 75
Trd, 4318415.893, 96
Trd, 4318416.893, 103
Trd, 4318417.143, 86
Trd, 4318417.693, 84
Trd, 4318417.743, 84
Trd, 4318417.993, 82
Trd, 4318418.643, 105
Trd, 4318418.743, 99
Trd, 4318420.193, 117
Trd, 4318420.343, 110
Trd, 4318420.993, 117
Trd, 4318421.343, 87
Trd, 4318421.643, 75
Trd, 4318422.993, 72
Trd, 4318423.343, 90
Trd, 4318423.543, 68
Trd, 4318425.043, 95
Trd, 4318426.193, 121
Trd, 4318426.593, 84
Trd, 4318426.993, 87
Trd, 4318427.843, 78
Trd, 4318428.393, 108
Trd, 4318429.393, 95
Trd, 4318429.993, 95
Trd, 4318430.943, 96
Trd, 4318431.143, 90
Trd, 4318431.393, 100
Trd, 4318432.693, 82
Trd, 4318433.393, 134
Trd, 4318433.793, 127
Trd, 4318434.993, 107
Trd, 4318435.793, 94
Trd, 4318436.393, 103
Trd, 4318437.493, 99
Trd, 4318438.143, 98
Trd, 4318438.593, 93
Trd, 4318440.343, 109
Trd, 4318440.693, 92
Trd, 4318441.143, 124
Trd, 4318441.743, 112
Trd, 4318442.543, 85
Trd, 4318444.243, 82
Trd, 4318444.543, 82
Trd, 4318444.593, 81
Trd, 4318446.643, 109
Trd, 4318447.393, 107
Trd, 4318447.493, 104
Trd, 4318447.893, 91
Trd, 4318447.943, 87
Trd, 4318448.093, 87
Trd, 4318451.093, 70
Trd, 4318451.443, 96
Trd, 4318452.643, 94
Trd, 4318453.843, 125
Trd, 4318454.193, 123
Trd, 4318454.593, 108
Trd, 4318454.943, 105
Trd, 4318455.343, 117
Trd, 4318456.443, 115
Trd, 4318457.343, 137
Trd, 4318457.493, 101
Trd, 4318458.493, 129
Trd, 4318458.743, 109
Trd, 4318460.393, 99
Trd, 4318461.693, 120
Trd, 4318462.493, 130
Trd, 4318463.343, 124
Trd, 4318463.693, 96
Trd, 4318463.993, 85
Trd, 4318465.343, 81
Trd, 4318466.643, 110
Trd, 4318466.793, 108
Trd, 4318467.093, 99
Trd, 4318468.793, 102
Trd, 4318469.443, 133
Trd, 4318469.593, 117
Trd, 4318470.343, 116
Trd, 4318471.693, 125
Trd, 4318472.893, 86
Trd, 4318473.343, 78
Trd, 4318473.693, 80
Trd, 4318474.143, 91
Trd, 4318474.593, 79
Trd, 4318475.593, 103
Trd, 4318476.893, 62
Trd, 4318478.793, 91
Trd, 4318479.343, 85
Trd, 4318479.693, 68
Trd, 4318479.993, 91
Trd, 4318480.043, 78
Trd, 4318480.943, 137
Trd, 4318481.943, 128
Trd, 4318483.493, 88
Trd, 4318483.593, 80
Trd, 4318484.943, 107
Trd, 4318485.143, 111
Trd, 4318485.643, 79
Trd, 4318487.793, 71
Trd, 4318489.043, 94
Trd, 4318489.193, 96
Trd, 4318489.943, 70
Trd, 4318490.143, 65
Trd, 4318490.243, 77
Trd, 4318491.143, 80
Trd, 4318492.043, 66
Trd, 4318492.743, 123
Trd, 4318493.193, 133
Trd, 4318494.543, 126
Trd, 4318494.693, 123
Trd, 4318496.143, 109
Trd, 4318496.743, 106
Trd, 4318497.343, 93
Trd, 4318499.543, 111
Trd, 4318499.693, 75
Trd, 4318500.393, 61
Trd, 4318501.543, 122
Trd, 4318501.793, 124
Trd, 4318502.193, 106
Trd, 4318503.043, 123
Trd, 4318505.793, 131
Trd, 4318506.293, 99
Trd, 4318506.693, 98
Trd, 4318507.343, 89
Trd, 4318507.643, 92
Trd, 4318508.043, 83
Trd, 4318509.143, 80
Trd, 4318509.693, 80
Trd, 4318509.893, 83
Trd, 4318509.943, 69
Trd, 4318511.643, 114
Trd, 4318512.443, 125
Trd, 4318512.793, 107
Trd, 4318513.543, 83
Trd, 4318513.793, 94
Trd, 4318514.343, 109
Trd, 4318514.793, 111
Trd, 4318517.293, 123
Trd, 4318517.443, 106
Trd, 4318519.493, 114
Trd, 4318520.093, 124
Trd, 4318520.143, 124
Trd, 4318520.393, 121
Trd, 4318520.843, 112
Trd, 4318521.443, 97
Trd, 4318521.793, 109
Trd, 4318521.893, 81
Trd, 4318522.843, 68
Trd, 4318523.793, 64
Trd, 4318524.943, 78
Trd, 4318526.043, 129
Trd, 4318526.643, 90
Trd, 4318527.343, 74
Trd, 4318527.793, 67
Trd, 4318529.543, 77
Trd, 4318529.693, 70
Trd, 4318531.343, 89
Trd, 4318533.193, 124
Trd, 4318534.543, 113
Trd, 4318534.843, 92
Trd, 4318535.543, 94
Trd, 4318536.543, 117
Trd, 4318536.943, 114
Trd, 4318538.193, 100
Trd, 4318538.893, 106
Trd, 4318539.543, 101
Trd, 4318539.743, 80
Trd, 4318540.443, 116
Trd, 4318541.543, 72
Trd, 4318541.993, 100
Trd, 4318542.143, 80
Trd, 4318543.143, 92
Trd, 4318544.343, 107
Trd, 4318544.943, 98
Trd, 4318544.993, 95
Trd, 4318546.043, 134
Trd, 4318547.343, 95
Trd, 4318547.393, 91
Trd, 4318548.093, 114
Trd, 4318548.843, 121
Trd, 4318549.343, 134
Trd, 4318549.643, 109
Trd, 4318549.843, 98
Trd, 4318551.293, 83
Trd, 4318551.343, 82
Trd, 4318551.543, 80
Trd, 4318553.193, 85
Trd, 4318553.893, 101
Trd, 4318555.293, 85
Trd, 4318555.893, 73
Trd, 4318556.443, 71
Trd, 4318558.993, 109
Trd, 4318559.593, 128
Trd, 4318560.493, 98
Trd, 4318560.543, 82
Trd, 4318560.843, 134
Trd, 4318561.293, 116
Trd, 4318564.093, 120
Trd, 4318564.993, 112
Trd, 4318565.843, 105
Trd, 4318566.893, 121
Trd, 4318567.593, 129
Trd, 4318567.943, 77
Trd, 4318568.643, 89
Trd, 4318568.693, 114
Trd, 4318569.693, 95
Trd, 4318570.093, 82
Trd, 4318570.593, 135
Trd, 4318572.493, 128
Trd, 4318573.243, 119
Trd, 4318573.493, 116
Trd, 4318574.543, 74
Trd, 4318574.993, 62
Trd, 4318576.793, 103
Trd, 4318577.093, 133
Trd, 4318578.493, 114
Trd, 4318579.093, 92
Trd, 4318579.243, 89
Trd, 4318579.293, 112
Trd, 4318580.143, 119
Trd, 4318581.643, 96
Trd, 4318582.243, 120
Trd, 4318583.493, 90
Trd, 4318583.943, 123
Trd, 4318584.043, 84
Trd, 4318586.193, 101
Trd, 4318586.743, 99
Trd, 4318587.143, 98
Trd, 4318587.343, 93
Trd, 4318588.193, 109
Trd, 4318589.593, 130
Trd, 4318590.493, 94
Trd, 4318591.693, 121
Trd, 4318592.343, 129
Trd, 4318592.593, 95
Trd, 4318592.793, 83
Trd, 4318593.493, 89
Trd, 4318594.343, 115
Trd, 4318594.593, 112
Trd, 4318595.393, 98
Trd, 4318595.543, 86
Trd, 4318597.193, 99
Trd, 4318597.693, 120
Trd, 4318598.793, 85
Trd, 4318600.143, 87
Trd, 4318600.893, 138
Trd, 4318601.493, 104
Trd, 4318602.243, 115
Trd, 4318602.693, 131
Trd, 4318603.443, 111
Trd, 4318603.793, 101
Trd, 4318603.843, 110
Trd, 4318604.693, 86
Trd, 4318605.043, 82
Trd, 4318605.993, 96
Trd, 4318606.643, 102
Trd, 4318606.893, 96
Trd, 4318607.543, 136
Trd, 4318608.143, 104
Trd, 4318608.593, 85
Trd, 4318610.293, 85
Trd, 4318610.393, 83
Trd, 4318610.693, 71
Trd, 4318612.093, 90
Trd, 4318613.193, 88
Trd, 4318613.293, 85
Trd, 4318613.843, 104
Trd, 4318614.043, 105
Trd, 4318614.693, 116
Trd, 4318615.243, 87
Trd, 4318616.393, 109
Trd, 4318617.843, 95
Trd, 4318618.743, 94
Trd, 4318620.093, 103
Trd, 4318620.493, 106
Trd, 4318621.743, 88
Trd, 4318622.493, 83
Trd, 4318622.693, 66
Trd, 4318623.143, 75
Trd, 4318624.143, 89
Trd, 4318626.193, 129
Trd, 4318626.593, 102
Trd, 4318627.893, 102
Trd, 4318628.643, 98
Trd, 4318628.793, 116
Trd, 4318629.493, 83
Trd, 4318629.843, 89
Trd, 4318630.143, 96
Trd, 4318630.743, 107
Trd, 4318630.793, 85
Trd, 4318632.693, 76
Trd, 4318633.343, 77
Trd, 4318634.343, 93
Trd, 4318634.893, 111
Trd, 4318636.093, 64
Trd, 4318636.543, 61
Trd, 4318636.943, 68
Trd, 4318639.343, 82
Trd, 4318639.593, 81
Trd, 4318640.843, 91
Trd, 4318641.043, 93
Trd, 4318641.193, 77
Trd, 4318641.793, 83
Trd, 4318642.843, 120
Trd, 4318643.493, 111
Trd, 4318644.793, 134
Trd, 4318645.093, 131
Trd, 4318646.193, 68
Trd, 4318646.493, 68
Trd, 4318646.693, 94
Trd, 4318648.093, 117
Trd, 4318649.043, 130
Trd, 4318649.493, 124
Trd, 4318649.743, 121
Trd, 4318650.443, 103
Trd, 4318650.993, 121
Trd, 4318652.243, 105
Trd, 4318654.993, 119
Trd, 4318656.793, 120
Trd, 4318657.643, 122
Trd, 4318658.043, 120
Trd, 4318658.193, 108
Trd, 4318659.443, 107
Trd, 4318659.943, 82
Trd, 4318661.343, 94
Trd, 4318661.793, 92
Trd, 4318662.443, 90
Trd, 4318662.493, 109
Trd, 4318663.443, 86
Trd, 4318663.843, 86
Trd, 4318664.193, 97
Trd, 4318664.693, 90
Trd, 4318665.443, 81
Trd, 4318666.843, 112
Trd, 4318668.193, 94
Trd, 4318668.293, 101
Trd, 4318669.643, 92
Trd, 4318671.043, 112
Trd, 4318671.893, 113
Trd, 4318672.143, 108
Trd, 4318672.893, 99
Trd, 4318673.843, 109
Trd, 4318674.143, 106
Trd, 4318674.993, 68
Trd, 4318675.643, 110
Trd, 4318677.093, 62
Trd, 4318677.143, 91
Trd, 4318678.243, 118
Trd, 4318678.543, 74
Trd, 4318682.193, 128
Trd, 4318682.443, 112
Trd, 4318682.493, 91
Trd, 4318682.693, 70
Trd, 4318682.843, 67
Trd, 4318682.993, 101
Trd, 4318683.743, 86
Trd, 4318684.643, 129
Trd, 4318685.143, 114
Trd, 4318685.593, 130
Trd, 4318686.293, 92
Trd, 4318687.193, 79
Trd, 4318688.793, 77
Trd, 4318689.393, 88
Trd, 4318689.543, 120
Trd, 4318690.293, 77
Trd, 4318690.893, 87
Trd, 4318691.043, 98
Trd, 4318691.743, 72
Trd, 4318693.343, 74
Trd, 4318693.943, 68
Trd, 4318695.043, 79
Trd, 4318696.243, 82
Trd, 4318696.693, 98
Trd, 4318697.093, 92
Trd, 4318697.243, 86
Trd, 4318697.943, 76
Trd, 4318699.343, 86
Trd, 4318700.493, 82
Trd, 4318701.643, 88
Trd, 4318703.293, 112
Trd, 4318703.593, 77
Trd, 4318704.193, 128
Trd, 4318704.243, 112
Trd, 4318704.843, 90
Trd, 4318705.843, 98
Trd, 4318706.743, 109
Trd, 4318708.593, 116
Trd, 4318708.693, 107
Trd, 4318708.793, 89
Trd, 4318709.693, 90
Trd, 4318710.593, 120
Trd, 4318713.343, 120
Trd, 4318714.443, 112
Trd, 4318714.493, 129
Trd, 4318714.693, 111
Trd, 4318714.743, 92
Trd, 4318714.993, 119
Trd, 4318715.443, 78
Trd, 4318716.193, 77
Trd, 4318717.493, 129
Trd, 4318717.843, 128
Trd, 4318717.993, 136
Trd, 4318718.343, 117
Trd, 4318719.343, 111
Trd, 4318719.593, 74
Trd, 4318720.693, 94
Trd, 4318721.593, 101
Trd, 4318722.693, 90
Trd, 4318722.893, 79
Trd, 4318723.443, 99
Trd, 4318724.943, 110
Trd, 4318725.743, 102
Trd, 4318726.443, 92
Trd, 4318727.443, 104
Trd, 4318729.143, 88
Trd, 4318729.793, 79
Trd, 4318729.993, 92
Trd, 4318730.493, 117
Trd, 4318730.643, 104
Trd, 4318731.343, 101
Trd, 4318733.093, 96
Trd, 4318733.643, 118
Trd, 4318733.943, 86
Trd, 4318734.743, 136
Trd, 4318736.143, 116
Trd, 4318736.493, 121
Trd, 4318736.843, 108
Trd, 4318737.443, 124
Trd, 4318737.793, 92
Trd, 4318738.293, 120
Trd, 4318739.343, 74
Trd, 4318740.943, 81
Trd, 4318741.493, 111
Trd, 4318741.543, 98
Trd, 4318741.793, 66
Trd, 4318742.193, 74
Trd, 4318744.243, 75
Trd, 4318745.493, 86
Trd, 4318746.243, 93
Trd, 4318746.943, 88
Trd, 4318748.243, 121
Trd, 4318748.443, 104
Trd, 4318750.143, 96
Trd, 4318751.593, 61
Trd, 4318752.643, 90
Trd, 4318752.693, 95
Trd, 4318754.193, 97
Trd, 4318754.593, 89
Trd, 4318755.143, 116
Trd, 4318755.193, 82
Trd, 4318756.293, 81
Trd, 4318756.393, 80
Trd, 4318757.743, 102
Trd, 4318758.243, 108
Trd, 4318758.443, 66
Trd, 4318760.293, 69
Trd, 4318760.343, 67
Trd, 4318761.693, 108
Trd, 4318762.693, 128
Trd, 4318763.393, 91
Trd, 4318764.443, 133
Trd, 4318764.743, 122
Trd, 4318765.993, 110
Trd, 4318766.793, 108
Trd, 4318767.693, 102
Trd, 4318768.543, 77
Trd, 4318769.193, 74
Trd, 4318769.943, 72
Trd, 4318769.993, 107
Trd, 4318770.793, 140
Trd, 4318770.943, 127
Trd, 4318772.493, 71
Trd, 4318772.593, 106
Trd, 4318773.943, 106
Trd, 4318774.843, 78
Trd, 4318777.043, 86
Trd, 4318777.843, 86
Trd, 4318777.893, 74
Trd, 4318778.393, 76
Trd, 4318779.393, 68
Trd, 4318780.343, 75
Trd, 4318782.043, 80
Trd, 4318782.293, 81
Trd, 4318782.943, 78
Trd, 4318783.493, 76
Trd, 4318783.893, 68
Trd, 4318784.543, 70
Trd, 4318784.793, 91
Trd, 4318784.943, 99
Trd, 4318788.143, 98
Trd, 4318788.943, 104
Trd, 4318789.843, 97
Trd, 4318790.093, 105
Trd, 4318790.593, 86
Trd, 4318791.743, 77
Trd, 4318792.793, 72
Trd, 4318793.893, 82
Trd, 4318794.143, 103
Trd, 4318794.943, 74
Trd, 4318795.443, 124
Trd, 4318796.893, 88
Trd, 4318797.143, 115
Trd, 4318797.393, 92
Trd, 4318797.593, 68
Trd, 4318798.743, 136
Trd, 4318800.793, 135
Trd, 4318801.093, 98
Trd, 4318801.143, 87
Trd, 4318801.293, 70
Trd, 4318801.643, 108
Trd, 4318801.693, 104
Trd, 4318803.543, 131
Trd, 4318803.693, 78
Trd, 4318804.293, 78
Trd, 4318804.843, 111
Trd, 4318805.443, 96
Trd, 4318806.293, 105
Trd, 4318807.843, 105
Trd, 4318808.093, 104
Trd, 4318810.843, 103
Trd, 4318811.543, 96
Trd, 4318811.943, 95
Trd, 4318812.193, 93
Trd, 4318812.493, 127
Trd, 4318812.893, 125
Trd, 4318813.143, 78
Trd, 4318814.693, 107
Trd, 4318815.843, 89
Trd, 4318816.093, 102
Trd, 4318816.293, 106
Trd, 4318817.193, 75
Trd, 4318818.393, 78
Trd, 4318818.743, 125
Trd, 4318819.243, 110
Trd, 4318819.343, 110
Trd, 4318820.193, 89
Trd, 4318822.593, 105
Trd, 4318822.643, 103
Trd, 4318824.543, 123
Trd, 4318824.693, 97
Trd, 4318824.893, 90
Trd, 4318825.043, 102
Trd, 4318825.193, 106
Trd, 4318825.893, 82
Trd, 4318827.393, 84
Trd, 4318828.143, 90
Trd, 4318828.593, 80
Trd, 4318829.243, 77
Trd, 4318829.743, 74
Trd, 4318829.993, 109
Trd, 4318831.493, 68
Trd, 4318832.343, 114
Trd, 4318832.693, 96
Trd, 4318836.043, 75
Trd, 4318836.343, 60
Trd, 4318836.493, 61
Trd, 4318836.843, 103
Trd, 4318837.693, 122
Trd, 4318838.343, 92
Trd, 4318838.493, 74
Trd, 4318839.543, 67
Trd, 4318839.943, 71
Trd, 4318840.993, 77
Trd, 4318841.643, 109
Trd, 4318842.043, 134
Trd, 4318842.643, 80
Trd, 4318842.993, 77
Trd, 4318844.993, 61
Trd, 4318846.493, 86
Trd, 4318846.943, 80
Trd, 4318847.593, 122
Trd, 4318847.743, 96
Trd, 4318849.793, 75
Trd, 4318850.393, 75
Trd, 4318850.443, 70
Trd, 4318851.793, 115
Trd, 4318852.393, 109
Trd, 4318852.993, 90
Trd, 4318853.893, 102
Trd, 4318855.343, 92
Trd, 4318856.193, 88
Trd, 4318856.693, 107
Trd, 4318857.143, 89
Trd, 4318857.693, 87
Trd, 4318858.343, 99
Trd, 4318858.393, 68
Trd, 4318859.443, 119
Trd, 4318861.243, 118
Trd, 4318861.893, 136
Trd, 4318862.343, 94
Trd, 4318862.693, 101
Trd, 4318863.143, 88
Trd, 4318863.443, 97
Trd, 4318866.043, 91
Trd, 4318867.743, 99
Trd, 4318867.993, 95
Trd, 4318868.093, 95
Trd, 4318869.193, 112
Trd, 4318869.593, 112
Trd, 4318869.893, 106
Trd, 4318872.043, 96
Trd, 4318872.793, 120
Trd, 4318873.643, 94
Trd, 4318873.693, 89
Trd, 4318874.493, 82
Trd, 4318874.893, 99
Trd, 4318875.643, 112
Trd, 4318876.543, 126
Trd, 4318877.443, 104
Trd, 4318878.243, 118
Trd, 4318878.343, 120
Trd, 4318878.643, 102
Trd, 4318879.543, 81
Trd, 4318881.293, 116
Trd, 4318881.393, 86
Trd, 4318882.243, 70
Trd, 4318882.743, 107
Trd, 4318882.943, 126
Trd, 4318884.093, 69
Trd, 4318885.143, 103
Trd, 4318885.843, 113
Trd, 4318885.893, 101
Trd, 4318887.743, 87
Trd, 4318888.043, 80
Trd, 4318888.843, 114
Trd, 4318889.793, 111
Trd, 4318890.443, 105
Trd, 4318891.543, 128
Trd, 4318893.593, 65
Trd, 4318894.193, 92
Trd, 4318895.243, 102
Trd, 4318895.343, 76
Trd, 4318896.793, 109
Trd, 4318897.443, 80
Trd, 4318897.543, 72
Trd, 4318897.693, 63
Trd, 4318897.793, 93
Trd, 4318898.743, 94
Trd, 4318900.143, 87
Trd, 4318900.593, 95
Trd, 4318900.943, 109
Trd, 4318902.093, 125
Trd, 4318902.193, 121
Trd, 4318902.693, 92
Trd, 4318904.193, 95
Trd, 4318904.243, 83
Trd, 4318905.393, 96
Trd, 4318906.693, 128
Trd, 4318906.743, 127
Trd, 4318908.193, 109
Trd, 4318908.693, 108
Trd, 4318909.743, 119
Trd, 4318911.243, 110
Trd, 4318911.293, 97
Trd, 4318913.143, 82
Trd, 4318913.543, 94
Trd, 4318914.543, 123
Trd, 4318914.893, 107
Trd, 4318914.993, 100
Trd, 4318915.443, 117
Trd, 4318915.743, 102
Trd, 4318916.943, 84
Trd, 4318917.393, 80
Trd, 4318917.493, 121
Trd, 4318918.943, 78
Trd, 4318919.643, 120
Trd, 4318920.193, 117
Trd, 4318920.693, 113
Trd, 4318921.093, 130
Trd, 4318921.193, 111
Trd, 4318921.793, 103
Trd, 4318922.593, 128
Trd, 4318924.393, 105
Trd, 4318925.643, 95
Trd, 4318925.943, 81
Trd, 4318926.843, 69
Trd, 4318928.693, 82
Trd, 4318928.843, 67
Trd, 4318930.493, 136
Trd, 4318930.543, 118
Trd, 4318930.743, 109
Trd, 4318932.443, 115
Trd, 4318933.393, 100
Trd, 4318933.443, 98
Trd, 4318933.643, 91
Trd, 4318934.593, 64
Trd, 4318935.193, 114
Trd, 4318935.293, 111
Trd, 4318935.743, 95
Trd, 4318936.043, 138
Trd, 4318936.893, 86
Trd, 4318937.443, 121
Trd, 4318938.243, 128
Trd, 4318938.543, 117
Trd, 4318939.043, 69
Trd, 4318939.643, 115
Trd, 4318939.743, 79
Trd, 4318941.543, 86
Trd, 4318942.743, 81
Trd, 4318942.993, 94
Trd, 4318943.893, 97
Trd, 4318944.593, 88
Trd, 4318946.793, 97
Trd, 4318947.443, 122
Trd, 4318947.693, 92
Trd, 4318950.943, 124
Trd, 4318951.193, 104
Trd, 4318952.143, 111
Trd, 4318953.093, 109
Trd, 4318953.593, 99
Trd, 4318953.643, 74
Trd, 4318954.493, 69
Trd, 4318955.193, 87
Trd, 4318955.743, 82
Trd, 4318955.893, 116
Trd, 4318956.643, 77
Trd, 4318958.193, 95
Trd, 4318958.643, 111
Trd, 4318959.543, 116
Trd, 4318960.093, 81
Trd, 4318960.993, 67
Trd, 4318961.343, 89
Trd, 4318963.143, 95
Trd, 4318963.793, 92
Trd, 4318965.393, 108
Trd, 4318966.143, 114
Trd, 4318968.493, 108
Trd, 4318968.743, 102
Trd, 4318969.093, 98
Trd, 4318969.593, 104
Trd, 4318969.743, 93
Trd, 4318970.293, 92
Trd, 4318971.593, 83
Trd, 4318972.043, 125
Trd, 4318972.743, 99
Trd, 4318974.443, 86
Trd, 4318974.643, 109
Trd, 4318974.993, 93
Trd, 4318977.893, 97
Trd, 4318978.243, 123
Trd, 4318978.443, 111
Trd, 4318979.643, 98
Trd, 4318980.143, 63
Trd, 4318981.493, 122
Trd, 4318982.043, 106
Trd, 4318982.293, 79
Trd, 4318983.043, 91
Trd, 4318984.043, 95
Trd, 4318984.743, 83
Trd, 4318984.943, 82
Trd, 4318985.343, 66
Trd, 4318987.493, 117
Trd, 4318988.543, 118
Trd, 4318989.343, 133
Trd, 4318989.593, 98
Trd, 4318990.893, 79
Trd, 4318991.293, 87
Trd, 4318991.393, 87
Trd, 4318992.193, 96
Trd, 4318992.543, 81
Trd, 4318993.343, 111
Trd, 4318994.693, 61
Trd, 4318995.743, 77
Trd, 4318997.143, 90
Trd, 4318997.193, 127
Trd, 4318997.793, 135
Trd, 4318998.743, 114
Trd, 4318999.143, 112
Trd, 4318999.293, 110
Trd, 4319000.643, 124
Trd, 4319000.993, 104
Trd, 4319001.343, 111
Trd, 4319001.693, 101
Trd, 4319005.443, 119
Trd, 4319006.293, 117
Trd, 4319006.593, 108
Trd, 4319006.693, 98
Trd, 4319008.143, 108
Trd, 4319008.343, 102
Trd, 4319008.443, 95
Trd, 4319009.593, 78
Trd, 4319010.993, 97
Trd, 4319011.943, 66
Trd, 4319013.193, 120
Trd, 4319014.243, 104
Trd, 4319014.343, 102
Trd, 4319014.693, 118
Trd, 4319015.393, 111
Trd, 4319015.643, 86
Trd, 4319016.443, 88
Trd, 4319017.743, 62
Trd, 4319018.693, 92
Trd, 4319019.243, 70
Trd, 4319021.793, 63
Trd, 4319022.443, 87
Trd, 4319023.493, 72
Trd, 4319024.593, 115
Trd, 4319024.843, 100
Trd, 4319026.043, 77
Trd, 4319026.943, 82
Trd, 4319027.243, 95
Trd, 4319027.593, 106
Trd, 4319027.643, 104
Trd, 4319029.143, 93
Trd, 4319030.793, 139
Trd, 4319032.243, 128
Trd, 4319032.443, 116
Trd, 4319032.843, 111
Trd, 4319033.493, 127
Trd, 4319034.243, 112
Trd, 4319034.643, 115
Trd, 4319034.893, 84
Trd, 4319035.793, 105
Trd, 4319037.693, 103
Trd, 4319038.293, 95
Trd, 4319039.343, 116
Trd, 4319039.443, 101
Trd, 4319040.593, 97
Trd, 4319040.693, 94
Trd, 4319042.243, 111
Trd, 4319042.343, 117
Trd, 4319042.793, 81
Trd, 4319043.443, 98
Trd, 4319045.043, 93
Trd, 4319045.643, 105
Trd, 4319046.193, 106
Trd, 4319046.843, 128
Trd, 4319047.143, 132
Trd, 4319048.343, 123
Trd, 4319048.493, 121
Trd, 4319048.843, 116
Trd, 4319049.643, 113
Trd, 4319049.993, 98
Trd, 4319050.993, 92
Trd, 4319052.593, 111
Trd, 4319053.193, 119
Trd, 4319054.043, 103
Trd, 4319054.643, 119
Trd, 4319055.093, 98
Trd, 4319056.593, 109
Trd, 4319057.893, 101
Trd, 4319060.393, 99
Trd, 4319060.843, 117
Trd, 4319060.993, 107
Trd, 4319061.293, 95
Trd, 4319061.993, 91
Trd, 4319062.943, 118
Trd, 4319063.193, 115
Trd, 4319063.943, 82
Trd, 4319064.593, 123
Trd, 4319065.643, 115
Trd, 4319066.193, 110
Trd, 4319067.293, 112
Trd, 4319068.693, 92
Trd, 4319068.843, 85
Trd, 4319069.393, 91
Trd, 4319070.143, 127
Trd, 4319070.643, 77
Trd, 4319070.893, 88
Trd, 4319071.393, 100
Trd, 4319073.093, 114
Trd, 4319073.643, 104
Trd, 4319074.943, 135
Trd, 4319075.343, 129
Trd, 4319075.493, 88
Trd, 4319075.993, 85
Trd, 4319076.543, 119
Trd, 4319078.493, 93
Trd, 4319079.243, 92
Trd, 4319079.343, 113
Trd, 4319079.843, 90
Trd, 4319080.893, 86
Trd, 4319082.093, 80
Trd, 4319083.193, 98
Trd, 4319083.243, 96
Trd, 4319083.643, 86
Trd, 4319084.243, 110
Trd, 4319085.343, 124
Trd, 4319086.043, 84
Trd, 4319087.443, 121
Trd, 4319088.743, 108
Trd, 4319089.443, 132
Trd, 4319089.893, 117
Trd, 4319090.043, 118
Trd, 4319090.843, 105
Trd, 4319091.243, 104
Trd, 4319091.443, 125
Trd, 4319092.643, 78
Trd, 4319092.893, 82
Trd, 4319093.093, 117
Trd, 4319094.643, 91
Trd, 4319095.293, 64
Trd, 4319097.043, 93
Trd, 4319097.593, 117
Trd, 4319098.143, 101
Trd, 4319101.193, 133
Trd, 4319101.343, 122
Trd, 4319101.993, 120
Trd, 4319102.243, 109
Trd, 4319103.693, 128
Trd, 4319104.593, 96
Trd, 4319104.693, 93
Trd, 4319106.043, 121
Trd, 4319106.093, 89
Trd, 4319106.243, 60
Trd, 4319108.243, 60
Trd, 4319108.393, 88
Trd, 4319109.793, 138
Trd, 4319111.043, 134
Trd, 4319111.243, 122
Trd, 4319111.943, 108
Trd, 4319112.343, 74
Trd, 4319113.243, 73
Trd, 4319113.443, 76
Trd, 4319114.943, 61
Trd, 4319116.093, 103
Trd, 4319117.293, 127
Trd, 4319117.443, 94
Trd, 4319118.643, 111
Trd, 4319118.743, 106
Trd, 4319119.093, 100
Trd, 4319119.493, 116
Trd, 4319120.293, 103
Trd, 4319120.893, 83
Trd, 4319121.893, 82
Trd, 4319122.243, 68
Trd, 4319122.843, 66
Trd, 4319122.993, 86
Trd, 4319124.993, 117
Trd, 4319125.943, 139
Trd, 4319126.093, 120
Trd, 4319126.243, 126
Trd, 4319126.793, 85
Trd, 4319127.543, 85
Trd, 4319127.993, 84
Trd, 4319128.843, 64
Trd, 4319130.193, 62
Trd, 4319131.193, 61
Trd, 4319133.093, 126
Trd, 4319133.293, 123
Trd, 4319133.793, 134
Trd, 4319134.343, 131
Trd, 4319135.043, 114
Trd, 4319136.193, 117
Trd, 4319136.493, 116
Trd, 4319137.093, 104
Trd, 4319137.893, 103
Trd, 4319139.493, 127
Trd, 4319140.843, 127
Trd, 4319141.793, 100
Trd, 4319141.843, 105
Trd, 4319142.143, 101
Trd, 4319142.643, 94
Trd, 4319143.843, 70
Trd, 4319145.043, 79
Trd, 4319146.193, 63
Trd, 4319147.143, 113
Trd, 4319147.493, 109
Trd, 4319147.793, 96
Trd, 4319149.343, 90
Trd, 4319149.393, 134
Trd, 4319150.043, 98
Trd, 4319150.993, 86
Trd, 4319151.893, 72
Trd, 4319153.243, 93
Trd, 4319154.393, 114
Trd, 4319155.793, 88
Trd, 4319156.643, 84
Trd, 4319157.443, 116
Trd, 4319158.443, 126
Trd, 4319159.043, 101
Trd, 4319159.743, 91
Trd, 4319161.243, 126
Trd, 4319161.343, 112
Trd, 4319161.843, 116
Trd, 4319161.943, 123
Trd, 4319163.343, 128
Trd, 4319163.393, 125
Trd, 4319164.143, 104
Trd, 4319164.343, 119
Trd, 4319164.643, 108
Trd, 4319164.993, 110
Trd, 4319165.343, 133
Trd, 4319167.543, 111
Trd, 4319167.893, 106
Trd, 4319170.343, 110
Trd, 4319170.843, 108
Trd, 4319170.943, 103
Trd, 4319171.043, 97
Trd, 4319172.393, 132
Trd, 4319172.593, 129
Trd, 4319173.293, 114
Trd, 4319174.093, 75
Trd, 4319175.443, 70
Trd, 4319175.643, 98
Trd, 4319176.343, 77
Trd, 4319178.493, 114
Trd, 4319178.993, 76
Trd, 4319179.243, 67
Trd, 4319179.493, 96
Trd, 4319180.443, 107
Trd, 4319181.793, 74
Trd, 4319182.043, 86
Trd, 4319182.393, 87
Trd, 4319183.843, 100
Trd, 4319184.243, 118
Trd, 4319184.793, 100
Trd, 4319184.893, 90
Trd, 4319185.393, 108
Trd, 4319186.943, 115
Trd, 4319189.193, 102
Trd, 4319189.593, 100
Trd, 4319190.393, 92
Trd, 4319191.443, 126
Trd, 4319191.543, 121
Trd, 4319193.293, 96
Trd, 4319193.793, 102
Trd, 4319194.793, 130
Trd, 4319195.393, 105
Trd, 4319196.143, 113
Trd, 4319196.193, 94
Trd, 4319196.793, 101
Trd, 4319197.893, 86
Trd, 4319198.943, 87
Trd, 4319199.793, 70
Trd, 4319201.943, 105
Trd, 4319202.043, 91
Trd, 4319202.843, 116
Trd, 4319203.143, 111
Trd, 4319203.493, 123
Trd, 4319203.543, 71
Trd, 4319203.843, 70
Trd, 4319204.393, 122
Trd, 4319206.093, 71
Trd, 4319207.443, 82
Trd, 4319207.743, 87
Trd, 4319208.893, 74
Trd, 4319209.593, 109
Trd, 4319210.093, 128
Trd, 4319210.693, 124
Trd, 4319211.293, 131
Trd, 4319211.643, 104
Trd, 4319212.193, 100
Trd, 4319212.993, 103
Trd, 4319213.693, 99
Trd, 4319213.943, 115
Trd, 4319214.143, 83
Trd, 4319214.493, 99
Trd, 4319214.993, 81
Trd, 4319216.193, 82
Trd, 4319217.843, 116
Trd, 4319218.193, 93
Trd, 4319218.443, 74
Trd, 4319218.893, 91
Trd, 4319219.143, 100
Trd, 4319219.693, 66
Trd, 4319221.493, 92
Trd, 4319221.793, 115
Trd, 4319221.843, 70
Trd, 4319224.193, 116
Trd, 4319224.343, 78
Trd, 4319224.493, 131
Trd, 4319224.593, 77
Trd, 4319224.993, 64
Trd, 4319226.293, 102
Trd, 4319226.543, 87
Trd, 4319228.193, 109
Trd, 4319228.543, 95
Trd, 4319229.543, 104
Trd, 4319230.593, 91
Trd, 4319231.693, 140
Trd, 4319232.393, 113
Trd, 4319233.493, 110
Trd, 4319234.143, 106
Trd, 4319234.743, 64
Trd, 4319235.243, 72
Trd, 4319236.543, 121
Trd, 4319236.643, 80
Trd, 4319237.343, 85
Trd, 4319238.193, 116
Trd, 4319238.743, 72
Trd, 4319239.443, 77
Trd, 4319240.343, 71
Trd, 4319240.693, 123
Trd, 4319241.893, 108
Trd, 4319243.893, 108
Trd, 4319244.943, 64
Trd, 4319246.143, 81
Trd, 4319246.793, 64
Trd, 4319247.193, 106
Trd, 4319247.243, 104
Trd, 4319247.943, 109
Trd, 4319248.343, 116
Trd, 4319248.543, 101
Trd, 4319251.043, 67
Trd, 4319251.093, 72
Trd, 4319251.893, 78
Trd, 4319253.143, 102
Trd, 4319253.393, 89
Trd, 4319254.743, 105
Trd, 4319255.343, 114
Trd, 4319256.043, 73
Trd, 4319256.593, 83
Trd, 4319257.543, 95
Trd, 4319258.143, 101
Trd, 4319259.093, 87
Trd, 4319260.143, 104
Trd, 4319260.293, 82
Trd, 4319260.993, 127
Trd, 4319261.943, 84
Trd, 4319262.143, 83
Trd, 4319262.693, 77
Trd, 4319263.493, 96
Trd, 4319264.043, 75
Trd, 4319267.143, 78
Trd, 4319267.443, 78
Trd, 4319268.543, 132
Trd, 4319268.893, 129
Trd, 4319269.843, 100
Trd, 4319270.243, 100
Trd, 4319270.543, 105
Trd, 4319271.643, 80
Trd, 4319273.593, 105
Trd, 4319274.643, 98
Trd, 4319274.843, 96
Trd, 4319275.593, 86
Trd, 4319276.343, 71
Trd, 4319277.293, 95
Trd, 4319277.843, 123
Trd, 4319281.143, 113
Trd, 4319281.393, 108
Trd, 4319281.793, 70
Trd, 4319283.443, 114
Trd, 4319283.493, 77
Trd, 4319283.993, 136
Trd, 4319284.943, 66
Trd, 4319286.043, 107
Trd, 4319286.193, 98
Trd, 4319286.743, 112
Trd, 4319287.693, 123
Trd, 4319289.243, 112
Trd, 4319289.593, 85
Trd, 4319289.693, 87
Trd, 4319290.093, 102
Trd, 4319291.043, 128
Trd, 4319291.493, 112
Trd, 4319291.893, 97
Trd, 4319292.093, 93
Trd, 4319293.193, 107
Trd, 4319293.493, 71
Trd, 4319295.543, 69
Trd, 4319296.643, 118
Trd, 4319297.393, 116
Trd, 4319297.543, 112
Trd, 4319298.793, 100
Trd, 4319298.943, 73
Trd, 4319299.493, 135
Trd, 4319301.243, 98
Trd, 4319301.943, 85
Trd, 4319302.193, 104
Trd, 4319303.393, 108
Trd, 4319305.193, 105
Trd, 4319305.343, 103
Trd, 4319305.543, 117
Trd, 4319305.693, 91
Trd, 4319307.143, 91
Trd, 4319308.543, 101
Trd, 4319309.793, 84
Trd, 4319310.993, 93
Trd, 4319311.393, 87
Trd, 4319312.143, 64
Trd, 4319313.343, 138
Trd, 4319313.843, 68
Trd, 4319314.243, 87
Trd, 4319315.843, 80
Trd, 4319316.743, 93
Trd, 4319317.093, 89
Trd, 4319317.493, 87
Trd, 4319317.693, 83
Trd, 4319318.943, 102
Trd, 4319319.493, 117
Trd, 4319320.193, 98
Trd, 4319320.743, 66
Trd, 4319321.293, 102
Trd, 4319321.493, 62
Trd, 4319323.093, 84
Trd, 4319323.293, 69
Trd, 4319324.043, 93
Trd, 4319325.343, 71
Trd, 4319326.443, 105
Trd, 4319326.793, 93
Trd, 4319328.893, 100
Trd, 4319329.193, 124
Trd, 4319329.243, 99
Trd, 4319329.643, 109
Trd, 4319330.143, 100
Trd, 4319331.343, 97
Trd, 4319332.093, 97
Trd, 4319332.993, 99
Trd, 4319334.343, 94
Trd, 4319334.643, 121
Trd, 4319337.693, 114
Trd, 4319338.243, 110
Trd, 4319339.643, 131
Trd, 4319339.993, 130
Trd, 4319341.393, 125
Trd, 4319342.743, 126
Trd, 4319343.343, 98
Trd, 4319343.643, 125
Trd, 4319345.393, 139
Trd, 4319345.593, 121
Trd, 4319345.993, 133
Trd, 4319346.343, 96
Trd, 4319348.293, 93
Trd, 4319348.493, 94
Trd, 4319349.893, 83
Trd, 4319350.143, 67
Trd, 4319350.193, 103
Trd, 4319350.443, 65
Trd, 4319351.293, 92
Trd, 4319353.693, 102
Trd, 4319353.793, 100
Trd, 4319354.243, 91
Trd, 4319355.193, 118
Trd, 4319355.543, 102
Trd, 4319356.093, 84
Trd, 4319357.643, 94
Trd, 4319358.643, 118
Trd, 4319359.593, 116
Trd, 4319360.543, 105
Trd, 4319360.643, 93
Trd, 4319360.793, 80
Trd, 4319361.143, 115
Trd, 4319361.193, 66
Trd, 4319362.193, 88
Trd, 4319363.293, 62
Trd, 4319365.443, 77
Trd, 4319365.643, 74
Trd, 4319366.093, 73
Trd, 4319366.593, 130
Trd, 4319367.543, 86
Trd, 4319368.543, 82
Trd, 4319368.793, 88
Trd, 4319369.443, 98
Trd, 4319370.843, 110
Trd, 4319372.793, 104
Trd, 4319373.793, 128
Trd, 4319373.893, 85
Trd, 4319374.143, 78
Trd, 4319374.393, 78
Trd, 4319375.743, 89
Trd, 4319376.343, 66
Trd, 4319377.593, 126
Trd, 4319377.643, 120
Trd, 4319378.293, 103
Trd, 4319380.893, 107
Trd, 4319380.993, 91
Trd, 4319381.543, 85
Trd, 4319383.343, 107
Trd, 4319383.943, 107
Trd, 4319384.393, 103
Trd, 4319385.193, 94
Trd, 4319385.593, 60
Trd, 4319386.193, 112
Trd, 4319388.293, 80
Trd, 4319389.043, 98
Trd, 4319389.293, 86
Trd, 4319389.393, 98
Trd, 4319390.243, 81
Trd, 4319391.143, 68
Trd, 4319391.493, 108
Trd, 4319392.393, 106
Trd, 4319393.243, 65
Trd, 4319394.343, 131
Trd, 4319395.393, 90
Trd, 4319395.443, 82
Trd, 4319395.843, 76
Trd, 4319396.043, 96
Trd, 4319396.393, 62
Trd, 4319397.093, 65
Trd, 4319397.893, 103
Trd, 4319397.943, 94
Trd, 4319398.343, 87
Trd, 4319399.193, 71
Trd, 4319400.043, 69
Trd, 4319401.093, 73
Trd, 4319401.693, 85
Trd, 4319402.943, 124
Trd, 4319403.293, 118
Trd, 4319404.493, 124
Trd, 4319404.793, 111
Trd, 4319405.243, 105
Trd, 4319405.593, 104
Trd, 4319406.193, 128
Trd, 4319407.143, 125
Trd, 4319407.693, 102
Trd, 4319408.743, 125
Trd, 4319409.293, 104
Trd, 4319409.993, 109
Trd, 4319410.893, 106
Trd, 4319411.643, 113
Trd, 4319412.593, 122
Trd, 4319412.793, 129
Trd, 4319413.543, 77
Trd, 4319413.843, 82
Trd, 4319414.093, 93
Trd, 4319414.293, 67
Trd, 4319415.143, 70
Trd, 4319415.993, 93
Trd, 4319417.543, 106
Trd, 4319417.843, 134
Trd, 4319418.093, 107
Trd, 4319420.643, 111
Trd, 4319420.943, 109
Trd, 4319421.243, 115
Trd, 4319422.343, 108
Trd, 4319423.093, 99
Trd, 4319423.193, 102
Trd, 4319424.443, 98
Trd, 4319426.193, 81
Trd, 4319426.343, 84
Trd, 4319427.343, 102
Trd, 4319427.693, 119
Trd, 4319427.843, 80
Trd, 4319428.593, 111
Trd, 4319428.793, 101
Trd, 4319431.643, 105
Trd, 4319432.593, 118
Trd, 4319432.843, 131
Trd, 4319433.493, 114
Trd, 4319434.543, 100
Trd, 4319435.693, 105
Trd, 4319435.843, 102
Trd, 4319436.043, 121
Trd, 4319436.193, 99
Trd, 4319437.143, 82
Trd, 4319438.093, 60
Trd, 4319438.843, 63
Trd, 4319439.743, 66
Trd, 4319440.093, 117
Trd, 4319440.593, 85
Trd, 4319440.843, 82
Trd, 4319441.293, 72
Trd, 4319442.243, 132
Trd, 4319442.393, 109
Trd, 4319443.443, 117
Trd, 4319443.593, 108
Trd, 4319444.843, 74
Trd, 4319445.093, 96
Trd, 4319446.243, 78
Trd, 4319446.993, 77
Trd, 4319448.993, 107
Trd, 4319449.093, 106
Trd, 4319451.243, 100
Trd, 4319451.443, 94
Trd, 4319451.693, 88
Trd, 4319453.493, 94
Trd, 4319453.843, 90
Trd, 4319454.543, 83
Trd, 4319454.693, 105
Trd, 4319454.793, 82
Trd, 4319455.493, 129
Trd, 4319455.993, 75
Trd, 4319456.993, 62
Trd, 4319458.493, 67
Trd, 4319459.293, 95
Trd, 4319459.393, 102
Trd, 4319459.693, 75
Trd, 4319460.993, 65
Trd, 4319462.393, 72
Trd, 4319462.643, 103
Trd, 4319464.093, 100
Trd, 4319464.943, 98
Trd, 4319465.143, 97
Trd, 4319465.643, 100
Trd, 4319466.093, 133
Trd, 4319467.093, 111
Trd, 4319467.893, 95
Trd, 4319468.143, 114
Trd, 4319468.393, 88
Trd, 4319468.643, 87
Trd, 4319469.643, 64
Trd, 4319470.493, 123
Trd, 4319471.343, 67
Trd, 4319473.743, 122
Trd, 4319474.743, 108
Trd, 4319475.143, 113
Trd, 4319475.543, 126
Trd, 4319475.893, 105
Trd, 4319475.943, 95
Trd, 4319475.993, 83
Trd, 4319478.243, 98
Trd, 4319478.593, 91
Trd, 4319479.493, 78
Trd, 4319479.693, 86
Trd, 4319479.793, 95
Trd, 4319480.093, 108
Trd, 4319480.893, 125
Trd, 4319482.043, 78
Trd, 4319483.893, 93
Trd, 4319483.993, 92
Trd, 4319484.243, 76
Trd, 4319485.443, 106
Trd, 4319485.743, 137
Trd, 4319486.893, 125
Trd, 4319487.843, 106
Trd, 4319488.743, 97
Trd, 4319489.143, 93
Trd, 4319489.293, 79
Trd, 4319489.793, 94
Trd, 4319490.143, 117
Trd, 4319491.243, 82
Trd, 4319492.043, 77
Trd, 4319492.243, 80
Trd, 4319495.443, 71
Trd, 4319496.193, 128
Trd, 4319496.593, 127
Trd, 4319497.093, 139
Trd, 4319498.093, 86
Trd, 4319499.743, 115
Trd, 4319500.743, 104
Trd, 4319501.543, 108
Trd, 4319501.593, 107
Trd, 4319502.143, 110
Trd, 4319503.143, 91
Trd, 4319503.293, 93
Trd, 4319504.243, 103
Trd, 4319504.443, 103
Trd, 4319505.743, 124
Trd, 4319506.893, 119
Trd, 4319507.143, 89
Trd, 4319507.593, 99
Trd, 4319508.693, 63
Trd, 4319509.943, 75
Trd, 4319510.943, 71
Trd, 4319510.993, 76
Trd, 4319513.143, 82
Trd, 4319513.743, 60
Trd, 4319514.093, 84
Trd, 4319514.793, 67
Trd, 4319515.743, 60
Trd, 4319517.793, 113
Trd, 4319518.993, 114
Trd, 4319519.543, 90
Trd, 4319519.593, 88
Trd, 4319519.993, 98
Trd, 4319521.843, 106
Trd, 4319521.993, 98
Trd, 4319523.243, 93
Trd, 4319523.643, 93
Trd, 4319524.143, 87
Trd, 4319524.693, 95
Trd, 4319524.743, 90
Trd, 4319525.493, 85
Trd, 4319525.593, 71
Trd, 4319525.693, 70
Trd, 4319527.193, 133
Trd, 4319527.243, 115
Trd, 4319529.893, 72
Trd, 4319530.043, 84
Trd, 4319531.193, 86
Trd, 4319531.743, 107
Trd, 4319531.793, 81
Trd, 4319531.993, 139
Trd, 4319532.093, 113
Trd, 4319532.343, 71
Trd, 4319534.043, 71
Trd, 4319534.543, 113
Trd, 4319534.893, 107
Trd, 4319535.693, 104
Trd, 4319536.293, 126
Trd, 4319536.943, 96
Trd, 4319537.193, 94
Trd, 4319538.293, 91
Trd, 4319539.293, 106
Trd, 4319539.543, 79
Trd, 4319540.093, 73
Trd, 4319540.593, 125
Trd, 4319540.843, 114
Trd, 4319540.893, 105
Trd, 4319541.643, 79
Trd, 4319542.543, 100
Trd, 4319545.193, 94
Trd, 4319545.293, 100
Trd, 4319545.443, 91
Trd, 4319545.743, 122
Trd, 4319546.093, 80
Trd, 4319546.643, 92
Trd, 4319547.643, 60
Trd, 4319547.843, 62
Trd, 4319548.143, 67
Trd, 4319549.893, 79
Trd, 4319549.993, 73
Trd, 4319550.443, 71
Trd, 4319550.593, 87
Trd, 4319550.793, 105
Trd, 4319551.643, 106
Trd, 4319553.293, 73
Trd, 4319554.843, 117
Trd, 4319554.893, 101
Trd, 4319556.743, 102
Trd, 4319557.743, 117
Trd, 4319560.093, 112
Trd, 4319560.243, 106
Trd, 4319560.293, 100
Trd, 4319560.443, 92
Trd, 4319561.293, 101
Trd, 4319561.493, 101
Trd, 4319562.493, 72
Trd, 4319563.543, 98
Trd, 4319564.743, 67
Trd, 4319565.893, 95
Trd, 4319566.143, 78
Trd, 4319567.743, 94
Trd, 4319568.493, 110
Trd, 4319569.443, 82
Trd, 4319570.243, 81
Trd, 4319571.043, 114
Trd, 4319571.743, 94
Trd, 4319572.493, 92
Trd, 4319573.543, 85
Trd, 4319575.643, 129
Trd, 4319576.193, 112
Trd, 4319576.593, 118
Trd, 4319577.043, 128
Trd, 4319577.143, 101
Trd, 4319578.343, 96
Trd, 4319578.393, 95
Trd, 4319578.493, 95
Trd, 4319579.343, 67
Trd, 4319580.743, 79
Trd, 4319581.393, 68
Trd, 4319581.643, 105
Trd, 4319581.943, 103
Trd, 4319582.443, 102
Trd, 4319583.843, 102
Trd, 4319584.343, 87
Trd, 4319585.643, 125
Trd, 4319585.793, 109
Trd, 4319586.193, 98
Trd, 4319586.493, 86
Trd, 4319587.443, 95
Trd, 4319588.643, 134
Trd, 4319589.593, 135
Trd, 4319589.793, 117
Trd, 4319589.893, 114
Trd, 4319590.043, 90
Trd, 4319591.343, 100
Trd, 4319591.843, 116
Trd, 4319592.343, 110
Trd, 4319594.293, 105
Trd, 4319594.343, 93
Trd, 4319595.993, 118
Trd, 4319597.093, 104
Trd, 4319597.193, 103
Trd, 4319597.343, 76
Trd, 4319597.993, 88
Trd, 4319599.643, 126
Trd, 4319601.243, 79
Trd, 4319601.343, 108
Trd, 4319602.243, 63
Trd, 4319604.043, 84
Trd, 4319604.393, 91
Trd, 4319604.993, 106
Trd, 4319606.193, 98
Trd, 4319606.793, 85
Trd, 4319607.343, 127
Trd, 4319608.093, 111
Trd, 4319608.993, 97
Trd, 4319609.343, 84
Trd, 4319609.893, 81
Trd, 4319611.093, 81
Trd, 4319611.143, 80
Trd, 4319612.693, 67
Trd, 4319613.393, 81
Trd, 4319614.243, 116
Trd, 4319614.593, 134
Trd, 4319615.993, 91
Trd, 4319616.793, 95
Trd, 4319617.643, 107
Trd, 4319618.943, 98
Trd, 4319619.193, 94
Trd, 4319619.693, 91
Trd, 4319620.043, 87
Trd, 4319621.243, 91
Trd, 4319621.943, 80
Trd, 4319622.043, 67
Trd, 4319622.093, 88
Trd, 4319625.293, 107
Trd, 4319625.543, 97
Trd, 4319626.393, 100
Trd, 4319626.543, 91
Trd, 4319627.193, 137
Trd, 4319628.543, 95
Trd, 4319628.943, 87
Trd, 4319629.343, 81
Trd, 4319629.743, 65
Trd, 4319630.843, 65
Trd, 4319632.493, 106
Trd, 4319633.493, 100
Trd, 4319635.293, 136
Trd, 4319635.343, 130
Trd, 4319636.093, 108
Trd, 4319636.743, 97
Trd, 4319636.893, 104
Trd, 4319637.293, 132
Trd, 4319637.343, 93
Trd, 4319637.943, 92
Trd, 4319638.793, 87
Trd, 4319640.293, 105
Trd, 4319640.543, 99
Trd, 4319641.043, 77
Trd, 4319642.693, 109
Trd, 4319643.393, 111
Trd, 4319644.443, 129
Trd, 4319645.093, 97
Trd, 4319646.443, 91
Trd, 4319646.593, 103
Trd, 4319648.343, 92
Trd, 4319648.493, 85
Trd, 4319649.093, 136
Trd, 4319651.943, 99
Trd, 4319651.993, 92
Trd, 4319652.343, 130
Trd, 4319652.793, 92
Trd, 4319653.793, 117
Trd, 4319654.043, 125
Trd, 4319654.693, 111
Trd, 4319654.793, 109
Trd, 4319655.043, 123
Trd, 4319656.493, 112
Trd, 4319658.143, 106
Trd, 4319658.543, 105
Trd, 4319658.593, 103
Trd, 4319660.393, 100
Trd, 4319661.343, 135
Trd, 4319663.043, 102
Trd, 4319664.293, 127
Trd, 4319665.993, 115
Trd, 4319666.093, 88
Trd, 4319666.793, 74
Trd, 4319666.993, 61
Trd, 4319668.643, 119
Trd, 4319668.943, 117
Trd, 4319668.993, 104
Trd, 4319670.393, 76
Trd, 4319670.643, 80
Trd, 4319671.093, 63
Trd, 4319673.043, 97
Trd, 4319673.743, 97
Trd, 4319673.843, 89
Trd, 4319674.693, 88
Trd, 4319675.143, 76
Trd, 4319676.443, 76
Trd, 4319677.693, 95
Trd, 4319677.993, 102
Trd, 4319681.093, 104
Trd, 4319681.793, 103
Trd, 4319682.043, 113
Trd, 4319682.443, 91
Trd, 4319682.543, 62
Trd, 4319683.343, 117
Trd, 4319683.643, 122
Trd, 4319684.993, 71
Trd, 4319686.343, 95
Trd, 4319686.743, 89
Trd, 4319688.243, 115
Trd, 4319688.843, 118
Trd, 4319689.143, 130
Trd, 4319689.543, 117
Trd, 4319690.093, 113
Trd, 4319691.593, 92
Trd, 4319691.643, 87
Trd, 4319692.593, 100
Trd, 4319694.293, 111
Trd, 4319695.143, 104
Trd, 4319696.293, 112
Trd, 4319697.093, 138
Trd, 4319697.243, 137
Trd, 4319697.343, 102
Trd, 4319697.993, 101
Trd, 4319698.143, 101
Trd, 4319700.143, 85
Trd, 4319700.693, 121
Trd, 4319702.043, 127
Trd, 4319702.793, 129
Trd, 4319703.743, 115
Trd, 4319704.043, 109
Trd, 4319704.393, 103
Trd, 4319705.243, 73
Trd, 4319705.743, 73
Trd, 4319706.093, 106
Trd, 4319707.193, 77
Trd, 4319707.793, 114
Trd, 4319708.543, 101
Trd, 4319709.593, 133
Trd, 4319709.743, 119
Trd, 4319710.443, 76
Trd, 4319711.593, 117
Trd, 4319712.193, 85
Trd, 4319712.493, 130
Trd, 4319713.843, 76
Trd, 4319714.543, 79
Trd, 4319714.943, 92
Trd, 4319716.193, 60
Trd, 4319717.043, 82
Trd, 4319717.593, 72
Trd, 4319718.643, 66
Trd, 4319720.493, 73
Trd, 4319721.443, 107
Trd, 4319722.443, 98
Trd, 4319723.143, 78
Trd, 4319723.193, 86
Trd, 4319723.643, 89
Trd, 4319723.993, 87
Trd, 4319724.943, 115
Trd, 4319725.693, 110
Trd, 4319726.993, 137
Trd, 4319727.693, 91
Trd, 4319727.793, 96
Trd, 4319728.243, 115
Trd, 4319730.243, 111
Trd, 4319730.943, 110
Trd, 4319731.243, 107
Trd, 4319731.893, 93
Trd, 4319732.343, 114
Trd, 4319733.443, 105
Trd, 4319733.893, 101
Trd, 4319735.293, 91
Trd, 4319735.393, 76
Trd, 4319736.143, 119
Trd, 4319736.193, 124
Trd, 4319737.093, 93
Trd, 4319738.893, 90
Trd, 4319740.243, 75
Trd, 4319740.343, 71
Trd, 4319741.593, 112
Trd, 4319741.693, 114
Trd, 4319741.943, 99
Trd, 4319743.043, 81
Trd, 4319743.843, 98
Trd, 4319745.343, 73
Trd, 4319745.393, 76
Trd, 4319746.293, 74
Trd, 4319748.143, 93
Trd, 4319748.243, 97
Trd, 4319748.793, 99
Trd, 4319748.993, 91
Trd, 4319749.793, 79
Trd, 4319750.743, 106
Trd, 4319752.693, 85
Trd, 4319752.993, 75
Trd, 4319753.793, 84
Trd, 4319754.643, 72
Trd, 4319755.743, 130
Trd, 4319756.543, 118
Trd, 4319756.643, 109
Trd, 4319757.343, 120
Trd, 4319758.843, 111
Trd, 4319758.943, 99
Trd, 4319759.393, 91
Trd, 4319760.443, 95
Trd, 4319760.993, 69
Trd, 4319762.993, 120
Trd, 4319763.043, 119
Trd, 4319764.243, 105
Trd, 4319765.193, 112
Trd, 4319765.393, 98
Trd, 4319765.493, 97
Trd, 4319765.743, 89
Trd, 4319769.693, 109
Trd, 4319769.943, 108
Trd, 4319770.343, 140
Trd, 4319771.093, 90
Trd, 4319771.593, 83
Trd, 4319772.293, 119
Trd, 4319773.043, 99
Trd, 4319775.193, 119
Trd, 4319775.893, 118
Trd, 4319776.193, 98
Trd, 4319776.493, 98
Trd, 4319776.843, 82
Trd, 4319777.643, 114
Trd, 4319777.943, 125
Trd, 4319779.643, 108
Trd, 4319779.893, 105
Trd, 4319780.093, 110
Trd, 4319781.943, 129
Trd, 4319784.443, 123
Trd, 4319784.643, 124
Trd, 4319784.893, 121
Trd, 4319785.743, 128
Trd, 4319786.143, 118
Trd, 4319786.293, 97
Trd, 4319787.693, 120
Trd, 4319787.993, 100
Trd, 4319788.193, 72
Trd, 4319788.493, 70
Trd, 4319789.443, 107
Trd, 4319790.293, 101
Trd, 4319790.793, 68
Trd, 4319791.443, 115
Trd, 4319792.743, 78
Trd, 4319794.293, 91
Trd, 4319794.793, 91
Trd, 4319796.243, 111
Trd, 4319796.643, 131
Trd, 4319796.743, 101
Trd, 4319799.093, 115
Trd, 4319799.293, 101
Trd, 4319800.493, 95
Trd, 4319800.893, 91
Trd, 4319802.543, 105
Trd, 4319803.543, 115
Trd, 4319804.443, 130
Trd, 4319805.843, 129
Trd, 4319806.293, 98
Trd, 4319807.343, 94
Trd, 4319807.443, 78
Trd, 4319807.743, 75
Trd, 4319809.143, 115
Trd, 4319809.593, 104
Trd, 4319810.443, 109
Trd, 4319811.143, 95
Trd, 4319811.243, 88
Trd, 4319812.793, 93
Trd, 4319814.343, 118
Trd, 4319815.893, 101
Trd, 4319815.943, 119
Trd, 4319815.993, 100
Trd, 4319816.543, 77
Trd, 4319817.043, 84
Trd, 4319817.493, 74
Trd, 4319818.193, 87
Trd, 4319819.293, 140
Trd, 4319819.993, 71
Trd, 4319820.143, 112
Trd, 4319822.343, 106
Trd, 4319822.393, 86
Trd, 4319823.793, 136
Trd, 4319825.643, 105
Trd, 4319826.043, 88
Trd, 4319827.193, 129
Trd, 4319827.343, 88
Trd, 4319827.493, 102
Trd, 4319827.743, 86
Trd, 4319827.943, 110
Trd, 4319829.193, 80
Trd, 4319830.543, 69
Trd, 4319830.593, 76
Trd, 4319832.443, 87
Trd, 4319832.693, 124
Trd, 4319834.343, 97
Trd, 4319834.443, 106
Trd, 4319834.593, 122
Trd, 4319835.243, 90
Trd, 4319836.343, 85
Trd, 4319837.143, 66
Trd, 4319837.443, 95
Trd, 4319838.493, 118
Trd, 4319839.143, 117
Trd, 4319840.043, 109
Trd, 4319840.343, 101
Trd, 4319843.093, 116
Trd, 4319843.943, 94
Trd, 4319845.193, 107
Trd, 4319845.743, 91
Trd, 4319846.643, 110
Trd, 4319847.193, 91
Trd, 4319848.443, 121
Trd, 4319849.243, 94
Trd, 4319850.293, 76
Trd, 4319851.043, 60
Trd, 4319852.093, 64
Trd, 4319852.993, 72
Trd, 4319853.293, 69
Trd, 4319853.443, 85
Trd, 4319854.493, 128
Trd, 4319854.743, 115
Trd, 4319855.993, 118
Trd, 4319856.993, 110
Trd, 4319857.593, 98
Trd, 4319857.943, 94
Trd, 4319857.993, 91
Trd, 4319858.393, 66
Trd, 4319859.843, 77
Trd, 4319861.493, 112
Trd, 4319861.693, 100
Trd, 4319862.643, 136
Trd, 4319863.043, 133
Trd, 4319863.093, 107
Trd, 4319863.143, 101
Trd, 4319863.243, 101
Trd, 4319864.893, 135
Trd, 4319865.043, 127
Trd, 4319866.893, 116
Trd, 4319867.493, 111
Trd, 4319867.643, 106
Trd, 4319868.643, 111
Trd, 4319869.693, 112
Trd, 4319870.693, 110
Trd, 4319870.943, 110
Trd, 4319874.943, 137
Trd, 4319875.543, 99
Trd, 4319875.843, 84
Trd, 4319876.693, 132
Trd, 4319876.843, 112
Trd, 4319877.043, 99
Trd, 4319877.643, 118
Trd, 4319878.093, 94
Trd, 4319879.543, 125
Trd, 4319879.893, 113
Trd, 4319880.393, 81
Trd, 4319881.043, 114
Trd, 4319881.593, 104
Trd, 4319881.893, 100
Trd, 4319882.343, 105
Trd, 4319882.793, 80
Trd, 4319883.993, 60
Trd, 4319885.493, 100
Trd, 4319886.343, 95
Trd, 4319887.293, 94
Trd, 4319887.993, 105
Trd, 4319888.243, 108
Trd, 4319888.393, 106
Trd, 4319889.343, 90
Trd, 4319890.143, 88
Trd, 4319890.743, 84
Trd, 4319890.993, 77
Trd, 4319891.343, 76
Trd, 4319892.043, 100
Trd, 4319892.693, 69
Trd, 4319893.843, 114
Trd, 4319894.843, 75
Trd, 4319895.243, 74
Trd, 4319896.043, 63
Trd, 4319897.093, 89
Trd, 4319897.443, 97
Trd, 4319897.793, 85
Trd, 4319900.493, 124
Trd, 4319900.843, 119
Trd, 4319901.343, 126
Trd, 4319902.043, 123
Trd, 4319902.243, 99
Trd, 4319903.243, 101
Trd, 4319904.093, 102
Trd, 4319905.443, 117
Trd, 4319905.693, 114
Trd, 4319906.393, 99
Trd, 4319906.993, 98
Trd, 4319907.043, 112
Trd, 4319907.893, 106
Trd, 4319908.093, 94
Trd, 4319908.693, 104
Trd, 4319910.343, 91
Trd, 4319912.143, 112
Trd, 4319912.593, 108
Trd, 4319913.543, 101
Trd, 4319913.743, 94
Trd, 4319914.693, 91
Trd, 4319914.793, 124
Trd, 4319916.143, 104
Trd, 4319917.793, 92
Trd, 4319917.943, 86
Trd, 4319918.393, 86
Trd, 4319919.543, 104
Trd, 4319919.743, 130
Trd, 4319921.393, 132
Trd, 4319921.693, 118
Trd, 4319922.343, 109
Trd, 4319922.393, 90
Trd, 4319923.493, 118
Trd, 4319924.193, 69
Trd, 4319925.093, 128
Trd, 4319925.993, 81
Trd, 4319926.193, 78
Trd, 4319926.943, 131
Trd, 4319928.193, 129
Trd, 4319928.393, 132
Trd, 4319928.443, 109
Trd, 4319929.243, 94
Trd, 4319930.193, 90
Trd, 4319931.643, 132
Trd, 4319931.993, 114
Trd, 4319932.543, 130
Trd, 4319933.893, 113
Trd, 4319935.193, 120
Trd, 4319935.893, 118
Trd, 4319936.993, 89
Trd, 4319937.693, 123
Trd, 4319938.393, 120
Trd, 4319940.543, 91
Trd, 4319940.593, 106
Trd, 4319941.243, 81
Trd, 4319941.443, 72
Trd, 4319943.143, 81
Trd, 4319944.943, 87
Trd, 4319945.693, 90
Trd, 4319947.043, 104
Trd, 4319947.293, 132
Trd, 4319948.593, 91
Trd, 4319951.443, 112
Trd, 4319951.943, 124
Trd, 4319952.093, 104
Trd, 4319952.143, 103
Trd, 4319954.043, 103
Trd, 4319954.743, 110
Trd, 4319954.793, 99
Trd, 4319956.493, 101
Trd, 4319956.893, 98
Trd, 4319956.993, 91
Trd, 4319957.943, 74
Trd, 4319959.393, 114
Trd, 4319959.493, 92
Trd, 4319959.693, 90
Trd, 4319959.893, 82
Trd, 4319960.143, 76
Trd, 4319961.243, 69
Trd, 4319962.143, 111
Trd, 4319963.193, 94
Trd, 4319964.093, 84
Trd, 4319964.393, 84
Trd, 4319964.543, 122
Trd, 4319964.893, 60
Trd, 4319966.993, 108
Trd, 4319967.143, 95
Trd, 4319968.543, 103
Trd, 4319968.643, 95
Trd, 4319969.793, 128
Trd, 4319969.893, 100
Trd, 4319970.343, 81
Trd, 4319970.543, 96
Trd, 4319971.293, 85
Trd, 4319971.793, 128
Trd, 4319971.943, 77
Trd, 4319972.893, 119
Trd, 4319973.593, 114
Trd, 4319974.943, 120
Trd, 4319975.543, 107
Trd, 4319977.493, 114
Trd, 4319977.843, 109
Trd, 4319978.393, 122
Trd, 4319978.793, 121
Trd, 4319979.443, 119
Trd, 4319981.543, 92
Trd, 4319981.893, 70
Trd, 4319984.293, 80
Trd, 4319984.643, 66
Trd, 4319984.943, 74
Trd, 4319985.743, 104
Trd, 4319988.293, 91
Trd, 4319989.393, 95
Trd, 4319991.093, 95
Trd, 4319991.143, 88
Trd, 4319992.443, 122
Trd, 4319992.493, 119
Trd, 4319993.893, 96
Trd, 4319994.043, 85
Trd, 4319994.393, 116
Trd, 4319994.693, 105
Trd, 4319995.193, 75
Trd, 4319995.343, 70
Trd, 4319996.593, 128
Trd, 4319997.093, 110
Trd, 4319997.943, 97
Trd, 4319998.193, 93
Trd, 4319999.743, 127
Trd, 4319999.993, 103
