Trd, 4318139.743, 140
Trd, 4318140.843, 140
Trd, 4318140.993, 140
Trd, 4318141.443, 140
Trd, 4318142.043, 140
Trd, 4318142.293, 140
Trd, 4318143.393, 140
Trd, 4318143.843, 140
Trd, 4318144.743, 140
Trd, 4318145.093, 140
Trd, 4318146.043, 140
Trd, 4318146.293, 140
Trd, 4318147.643, 140
Trd, 4318147.693, 140
Trd, 4318148.843, 140
Trd, 4318148.893, 140
Trd, 4318149.893, 140
Trd, 4318150.843, 140
Trd, 4318151.193, 140
Trd, 4318151.593, 140
Trd, 4318152.693, 140
Trd, 4318152.743, 140
Trd, 4318154.293, 140
Trd, 4318154.793, 139
Trd, 4318155.743, 140
Trd, 4318157.743, 140
Trd, 4318158.043, 140
Trd, 4318158.343, 140
Trd, 4318159.293, 140
Trd, 4318159.343, 140
Trd, 4318160.993, 140
Trd, 4318161.143, 138
Trd, 4318162.343, 140
Trd, 4318162.793, 140
Trd, 4318163.093, 140
Trd, 4318164.443, 140
Trd, 4318164.893, 140
Trd, 4318165.043, 140
Trd, 4318165.993, 140
Trd, 4318168.543, 140
Trd, 4318168.793, 140
Trd, 4318169.043, 140
Trd, 4318170.043, 140
Trd, 4318170.143, 140
Trd, 4318170.743, 140
Trd, 4318171.043, 140
Trd, 4318171.193, 140
Trd, 4318171.643, 62
Trd, 4318172.493, 63
Trd, 4318173.043, 66
Trd, 4318174.043, 136
Trd, 4318174.543, 61
Trd, 4318176.893, 140
Trd, 4318177.393, 140
Trd, 4318177.693, 140
Trd, 4318178.343, 140
Trd, 4318178.593, 140
Trd, 4318178.793, 140
Trd, 4318179.343, 140
Trd, 4318180.093, 140
Trd, 4318181.293, 140
Trd, 4318182.993, 140
Trd, 4318183.543, 140
Trd, 4318183.843, 140
Trd, 4318184.143, 140
Trd, 4318184.243, 140
Trd, 4318184.643, 140
Trd, 4318184.893, 140
Trd, 4318185.043, 140
Trd, 4318185.793, 140
Trd, 4318186.743, 140
Trd, 4318188.193, 140
Trd, 4318188.943, 140
Trd, 4318189.193, 140
Trd, 4318190.043, 140
Trd, 4318190.143, 138
Trd, 4318191.793, 140
Trd, 4318192.193, 129
Trd, 4318192.593, 140
Trd, 4318192.943, 140
Trd, 4318193.543, 140
Trd, 4318195.393, 140
Trd, 4318196.443, 140
Trd, 4318196.693, 140
Trd, 4318196.793, 138
Trd, 4318197.443, 139
Trd, 4318198.043, 138
Trd, 4318198.143, 140
Trd, 4318199.793, 140
Trd, 4318200.193, 140
Trd, 4318200.243, 140
Trd, 4318200.843, 140
Trd, 4318202.993, 140
Trd, 4318203.743, 140
Trd, 4318203.893, 140
Trd, 4318203.943, 139
Trd, 4318204.243, 139
Trd, 4318204.643, 140
Trd, 4318205.443, 140
Trd, 4318205.643, 140
Trd, 4318207.193, 140
Trd, 4318207.793, 139
Trd, 4318209.693, 140
Trd, 4318210.043, 140
Trd, 4318210.243, 140
Trd, 4318211.693, 140
Trd, 4318211.993, 140
Trd, 4318213.093, 140
Trd, 4318214.243, 140
Trd, 4318214.343, 140
Trd, 4318214.993, 140
Trd, 4318216.193, 140
Trd, 4318216.543, 140
Trd, 4318216.793, 140
Trd, 4318218.293, 140
Trd, 4318219.243, 140
Trd, 4318220.593, 140
Trd, 4318221.043, 140
Trd, 4318221.843, 140
Trd, 4318222.143, 140
Trd, 4318222.593, 140
Trd, 4318222.993, 140
Trd, 4318224.193, 140
Trd, 4318224.743, 140
Trd, 4318224.893, 140
Trd, 4318224.943, 140
Trd, 4318225.993, 140
Trd, 4318226.443, 140
Trd, 4318226.643, 129
Trd, 4318227.343, 60
Trd, 4318228.043, 140
Trd, 4318229.843, 140
Trd, 4318230.193, 140
Trd, 4318230.493, 140
Trd, 4318230.843, 140
Trd, 4318231.043, 139
Trd, 4318232.093, 60
Trd, 4318232.543, 62
Trd, 4318234.143, 60
Trd, 4318235.543, 60
Trd, 4318235.593, 60
Trd, 4318236.943, 62
Trd, 4318237.393, 60
Trd, 4318237.493, 72
Trd, 4318238.643, 60
Trd, 4318241.143, 60
Trd, 4318241.693, 62
Trd, 4318242.293, 61
Trd, 4318242.943, 61
Trd, 4318243.143, 60
Trd, 4318243.443, 61
Trd, 4318244.693, 60
Trd, 4318245.243, 61
Trd, 4318245.343, 61
Trd, 4318246.093, 61
Trd, 4318246.343, 62
Trd, 4318247.393, 60
Trd, 4318247.543, 62
Trd, 4318247.993, 60
Trd, 4318248.743, 60
Trd, 4318249.243, 60
Trd, 4318250.793, 60
Trd, 4318251.243, 63
Trd, 4318251.843, 66
Trd, 4318253.943, 60
Trd, 4318254.343, 63
Trd, 4318254.493, 63
Trd, 4318256.043, 60
Trd, 4318256.943, 60
Trd, 4318257.193, 60
Trd, 4318257.293, 64
Trd, 4318257.893, 61
Trd, 4318259.043, 82
Trd, 4318259.193, 68
Trd, 4318259.543, 69
Trd, 4318260.343, 69
Trd, 4318260.693, 69
Trd, 4318261.293, 140
Trd, 4318261.893, 140
Trd, 4318261.943, 140
Trd, 4318264.593, 140
Trd, 4318264.843, 140
Trd, 4318265.893, 140
Trd, 4318266.093, 140
Trd, 4318266.543, 140
Trd, 4318266.993, 140
Trd, 4318267.043, 140
Trd, 4318268.393, 139
Trd, 4318268.493, 138
Trd, 4318269.143, 87
Trd, 4318270.243, 140
Trd, 4318270.293, 140
Trd, 4318271.393, 140
Trd, 4318271.643, 140
Trd, 4318271.693, 139
Trd, 4318271.793, 137
Trd, 4318272.693, 139
Trd, 4318273.443, 140
Trd, 4318274.243, 139
Trd, 4318274.893, 139
Trd, 4318274.943, 138
Trd, 4318275.693, 104
Trd, 4318276.043, 103
Trd, 4318276.143, 102
Trd, 4318276.793, 62
Trd, 4318277.693, 60
Trd, 4318280.143, 60
Trd, 4318280.593, 60
Trd, 4318281.293, 60
Trd, 4318281.593, 60
Trd, 4318282.443, 68
Trd, 4318282.993, 60
Trd, 4318284.393, 101
Trd, 4318284.643, 140
Trd, 4318285.243, 140
Trd, 4318285.393, 140
Trd, 4318285.743, 140
Trd, 4318286.543, 140
Trd, 4318287.393, 105
Trd, 4318287.843, 140
Trd, 4318289.543, 60
Trd, 4318290.593, 60
Trd, 4318291.143, 60
Trd, 4318292.493, 60
Trd, 4318293.443, 60
Trd, 4318293.493, 62
Trd, 4318294.343, 60
Trd, 4318294.593, 61
Trd, 4318296.143, 61
Trd, 4318296.843, 62
Trd, 4318297.493, 60
Trd, 4318297.843, 63
Trd, 4318298.993, 65
Trd, 4318299.643, 66
Trd, 4318299.843, 64
Trd, 4318300.243, 67
Trd, 4318300.293, 73
Trd, 4318300.593, 140
Trd, 4318300.943, 88
Trd, 4318302.593, 75
Trd, 4318302.893, 74
Trd, 4318305.943, 140
Trd, 4318306.193, 140
Trd, 4318306.443, 140
Trd, 4318306.543, 140
Trd, 4318307.143, 140
Trd, 4318307.343, 140
Trd, 4318307.593, 140
Trd, 4318307.893, 137
Trd, 4318308.143, 133
Trd, 4318309.093, 60
Trd, 4318309.393, 60
Trd, 4318311.993, 60
Trd, 4318312.493, 64
Trd, 4318312.593, 67
Trd, 4318313.143, 128
Trd, 4318314.093, 63
Trd, 4318315.793, 139
Trd, 4318316.693, 60
Trd, 4318318.293, 60
Trd, 4318318.743, 60
Trd, 4318319.043, 62
Trd, 4318319.193, 63
Trd, 4318319.443, 62
Trd, 4318319.643, 63
Trd, 4318322.243, 60
Trd, 4318322.493, 60
Trd, 4318322.593, 61
Trd, 4318323.393, 63
Trd, 4318324.293, 64
Trd, 4318324.943, 65
Trd, 4318326.543, 60
Trd, 4318327.043, 60
Trd, 4318327.743, 65
Trd, 4318327.893, 68
Trd, 4318329.443, 60
Trd, 4318330.443, 61
Trd, 4318330.643, 62
Trd, 4318330.943, 61
Trd, 4318331.043, 62
Trd, 4318332.393, 62
Trd, 4318332.493, 62
Trd, 4318333.443, 62
Trd, 4318334.543, 65
Trd, 4318335.343, 63
Trd, 4318336.193, 64
Trd, 4318336.393, 63
Trd, 4318336.893, 62
Trd, 4318337.193, 64
Trd, 4318338.443, 60
Trd, 4318338.593, 61
Trd, 4318339.493, 67
Trd, 4318340.143, 61
Trd, 4318340.943, 62
Trd, 4318343.543, 61
Trd, 4318343.693, 64
Trd, 4318344.443, 67
Trd, 4318345.393, 60
Trd, 4318346.393, 60
Trd, 4318347.693, 60
Trd, 4318347.943, 61
Trd, 4318348.193, 60
Trd, 4318349.443, 68
Trd, 4318349.593, 68
Trd, 4318349.643, 127
Trd, 4318350.993, 140
Trd, 4318352.243, 140
Trd, 4318352.393, 140
Trd, 4318353.193, 61
Trd, 4318353.943, 62
Trd, 4318354.743, 70
Trd, 4318355.793, 64
Trd, 4318356.443, 60
Trd, 4318356.643, 62
Trd, 4318357.293, 63
Trd, 4318358.293, 62
Trd, 4318359.393, 61
Trd, 4318360.593, 60
Trd, 4318361.593, 61
Trd, 4318362.093, 61
Trd, 4318362.343, 70
Trd, 4318363.543, 140
Trd, 4318363.843, 140
Trd, 4318363.893, 140
Trd, 4318364.193, 139
Trd, 4318364.443, 92
Trd, 4318365.843, 61
Trd, 4318366.943, 60
Trd, 4318368.493, 60
Trd, 4318369.043, 60
Trd, 4318369.343, 60
Trd, 4318369.793, 63
Trd, 4318370.343, 60
Trd, 4318370.793, 60
Trd, 4318371.793, 61
Trd, 4318374.493, 61
Trd, 4318374.743, 61
Trd, 4318375.393, 140
Trd, 4318375.693, 140
Trd, 4318375.743, 140
Trd, 4318376.443, 140
Trd, 4318377.393, 138
Trd, 4318377.743, 140
Trd, 4318378.143, 140
Trd, 4318380.343, 140
Trd, 4318381.293, 140
Trd, 4318382.093, 140
Trd, 4318382.843, 140
Trd, 4318383.343, 140
Trd, 4318383.543, 140
Trd, 4318383.643, 139
Trd, 4318384.543, 140
Trd, 4318385.493, 140
Trd, 4318385.893, 140
Trd, 4318387.143, 140
Trd, 4318388.143, 140
Trd, 4318389.293, 140
Trd, 4318389.343, 140
Trd, 4318389.543, 140
Trd, 4318389.943, 140
Trd, 4318390.343, 140
Trd, 4318390.843, 140
Trd, 4318392.443, 138
Trd, 4318392.793, 125
Trd, 4318393.093, 133
Trd, 4318393.243, 96
Trd, 4318394.343, 140
Trd, 4318394.543, 140
Trd, 4318395.743, 140
Trd, 4318396.243, 140
Trd, 4318396.743, 140
Trd, 4318398.043, 140
Trd, 4318398.693, 140
Trd, 4318400.193, 140
Trd, 4318400.943, 140
Trd, 4318401.993, 140
Trd, 4318402.593, 140
Trd, 4318403.043, 140
Trd, 4318403.943, 140
Trd, 4318404.943, 140
Trd, 4318405.193, 140
Trd, 4318405.293, 140
Trd, 4318406.143, 140
Trd, 4318406.543, 140
Trd, 4318406.993, 140
Trd, 4318407.143, 140
Trd, 4318407.443, 136
Trd, 4318407.793, 135
Trd, 4318409.193, 138
Trd, 4318410.643, 140
Trd, 4318410.943, 140
Trd, 4318411.493, 140
Trd, 4318411.543, 140
Trd, 4318412.343, 140
Trd, 4318414.143, 140
Trd, 4318414.693, 140
Trd, 4318414.743, 140
Trd, 4318416.143, 140
Trd, 4318416.193, 140
Trd, 4318416.643, 139
Trd, 4318416.793, 139
Trd, 4318417.293, 140
Trd, 4318417.643, 139
Trd, 4318418.193, 139
Trd, 4318419.243, 140
Trd, 4318419.493, 140
Trd, 4318420.593, 140
Trd, 4318421.393, 140
Trd, 4318422.043, 130
Trd, 4318422.793, 139
Trd, 4318423.293, 138
Trd, 4318424.043, 64
Trd, 4318424.593, 71
Trd, 4318425.043, 139
Trd, 4318425.793, 93
Trd, 4318426.943, 140
Trd, 4318427.143, 140
Trd, 4318428.193, 140
Trd, 4318428.893, 140
Trd, 4318431.093, 140
Trd, 4318431.993, 140
Trd, 4318432.543, 140
Trd, 4318432.993, 140
Trd, 4318433.093, 140
Trd, 4318433.343, 140
Trd, 4318433.743, 139
Trd, 4318434.843, 96
Trd, 4318435.593, 82
Trd, 4318436.743, 140
Trd, 4318437.843, 140
Trd, 4318437.893, 139
Trd, 4318437.943, 138
Trd, 4318438.743, 140
Trd, 4318438.793, 140
Trd, 4318440.043, 140
Trd, 4318441.193, 140
Trd, 4318441.343, 140
Trd, 4318442.243, 140
Trd, 4318442.893, 140
Trd, 4318443.143, 140
Trd, 4318443.793, 140
Trd, 4318445.943, 140
Trd, 4318446.293, 140
Trd, 4318446.843, 140
Trd, 4318447.743, 140
Trd, 4318448.393, 140
Trd, 4318448.643, 140
Trd, 4318448.843, 140
Trd, 4318450.443, 138
Trd, 4318450.593, 136
Trd, 4318451.193, 140
Trd, 4318452.593, 140
Trd, 4318452.693, 140
Trd, 4318453.293, 140
Trd, 4318453.793, 140
Trd, 4318454.543, 140
Trd, 4318454.943, 140
Trd, 4318455.543, 140
Trd, 4318455.593, 139
Trd, 4318456.643, 140
Trd, 4318456.743, 137
Trd, 4318456.843, 83
Trd, 4318457.243, 75
Trd, 4318458.293, 140
Trd, 4318459.043, 140
Trd, 4318459.593, 139
Trd, 4318460.943, 140
Trd, 4318462.793, 140
Trd, 4318462.993, 140
Trd, 4318463.243, 140
Trd, 4318463.543, 140
Trd, 4318463.693, 140
Trd, 4318465.093, 140
Trd, 4318465.743, 140
Trd, 4318466.243, 138
Trd, 4318466.743, 136
Trd, 4318466.943, 133
Trd, 4318467.643, 137
Trd, 4318467.893, 135
Trd, 4318467.943, 132
Trd, 4318469.693, 140
Trd, 4318469.793, 123
Trd, 4318469.843, 122
Trd, 4318470.643, 140
Trd, 4318470.743, 139
Trd, 4318471.093, 138
Trd, 4318474.743, 140
Trd, 4318474.793, 140
Trd, 4318475.393, 140
Trd, 4318475.943, 140
Trd, 4318476.143, 140
Trd, 4318476.543, 140
Trd, 4318476.643, 140
Trd, 4318478.243, 131
Trd, 4318478.543, 140
Trd, 4318478.793, 140
Trd, 4318479.243, 140
Trd, 4318479.593, 140
Trd, 4318480.193, 140
Trd, 4318480.443, 139
Trd, 4318480.643, 138
Trd, 4318481.043, 138
Trd, 4318482.443, 140
Trd, 4318483.343, 139
Trd, 4318483.793, 137
Trd, 4318484.493, 125
Trd, 4318484.643, 128
Trd, 4318485.043, 92
Trd, 4318485.393, 81
Trd, 4318485.843, 71
Trd, 4318486.093, 140
Trd, 4318487.193, 140
Trd, 4318487.793, 140
Trd, 4318488.343, 140
Trd, 4318489.093, 140
Trd, 4318490.643, 140
Trd, 4318491.293, 140
Trd, 4318491.493, 140
Trd, 4318491.943, 140
Trd, 4318492.493, 140
Trd, 4318492.593, 140
Trd, 4318492.843, 140
Trd, 4318493.493, 137
Trd, 4318495.093, 140
Trd, 4318496.143, 140
Trd, 4318496.943, 140
Trd, 4318497.643, 140
Trd, 4318497.793, 140
Trd, 4318499.243, 140
Trd, 4318499.543, 140
Trd, 4318500.043, 140
Trd, 4318500.643, 140
Trd, 4318500.793, 140
Trd, 4318502.793, 140
Trd, 4318503.193, 140
Trd, 4318503.893, 140
Trd, 4318504.643, 140
Trd, 4318505.143, 140
Trd, 4318505.843, 139
Trd, 4318506.843, 140
Trd, 4318507.043, 140
Trd, 4318509.143, 140
Trd, 4318510.143, 140
Trd, 4318510.243, 140
Trd, 4318510.443, 140
Trd, 4318510.593, 140
Trd, 4318512.693, 140
Trd, 4318514.043, 140
Trd, 4318514.793, 140
Trd, 4318515.443, 140
Trd, 4318515.693, 139
Trd, 4318516.193, 74
Trd, 4318516.543, 140
Trd, 4318517.643, 140
Trd, 4318517.743, 140
Trd, 4318518.493, 140
Trd, 4318518.543, 139
Trd, 4318519.993, 60
Trd, 4318521.143, 140
Trd, 4318521.593, 140
Trd, 4318521.893, 140
Trd, 4318522.143, 140
Trd, 4318522.793, 109
Trd, 4318524.243, 65
Trd, 4318524.643, 60
Trd, 4318524.743, 60
Trd, 4318525.493, 60
Trd, 4318525.843, 62
Trd, 4318526.943, 61
Trd, 4318527.243, 64
Trd, 4318528.443, 61
Trd, 4318528.943, 65
Trd, 4318529.093, 101
Trd, 4318530.493, 60
Trd, 4318532.893, 61
Trd, 4318533.193, 61
Trd, 4318533.293, 60
Trd, 4318533.493, 62
Trd, 4318533.543, 111
Trd, 4318534.543, 61
Trd, 4318534.693, 60
Trd, 4318534.993, 75
Trd, 4318535.793, 67
Trd, 4318536.393, 63
Trd, 4318537.193, 107
Trd, 4318539.493, 60
Trd, 4318539.543, 61
Trd, 4318540.143, 72
Trd, 4318541.393, 74
Trd, 4318541.693, 68
Trd, 4318542.693, 62
Trd, 4318543.143, 63
Trd, 4318544.893, 60
Trd, 4318545.443, 60
Trd, 4318546.343, 60
Trd, 4318547.193, 60
Trd, 4318547.443, 60
Trd, 4318547.643, 65
Trd, 4318548.493, 61
Trd, 4318548.843, 60
Trd, 4318549.443, 64
Trd, 4318549.493, 61
Trd, 4318550.043, 62
Trd, 4318550.593, 62
Trd, 4318552.193, 64
Trd, 4318552.293, 68
Trd, 4318552.943, 68
Trd, 4318553.943, 63
Trd, 4318554.893, 63
Trd, 4318555.543, 67
Trd, 4318556.593, 61
Trd, 4318557.293, 62
Trd, 4318559.243, 60
Trd, 4318560.193, 60
Trd, 4318560.593, 60
Trd, 4318561.493, 60
Trd, 4318561.743, 60
Trd, 4318561.793, 62
Trd, 4318562.493, 64
Trd, 4318562.993, 140
Trd, 4318563.093, 140
Trd, 4318563.843, 140
Trd, 4318564.143, 140
Trd, 4318564.493, 62
Trd, 4318564.843, 60
Trd, 4318567.193, 60
Trd, 4318567.793, 62
Trd, 4318568.293, 61
Trd, 4318568.443, 63
Trd, 4318568.693, 68
Trd, 4318569.543, 70
Trd, 4318572.993, 60
Trd, 4318573.443, 61
Trd, 4318573.793, 62
Trd, 4318574.343, 61
Trd, 4318575.393, 60
Trd, 4318575.793, 60
Trd, 4318575.893, 61
Trd, 4318576.693, 60
Trd, 4318577.343, 60
Trd, 4318577.843, 62
Trd, 4318577.943, 62
Trd, 4318578.193, 61
Trd, 4318579.293, 140
Trd, 4318580.393, 140
Trd, 4318580.643, 139
Trd, 4318582.893, 60
Trd, 4318582.943, 60
Trd, 4318583.593, 61
Trd, 4318583.643, 62
Trd, 4318584.093, 61
Trd, 4318584.943, 61
Trd, 4318588.093, 63
Trd, 4318588.143, 64
Trd, 4318588.293, 66
Trd, 4318588.543, 63
Trd, 4318588.943, 64
Trd, 4318590.493, 134
Trd, 4318590.943, 140
Trd, 4318591.093, 88
Trd, 4318591.193, 87
Trd, 4318591.743, 66
Trd, 4318592.343, 140
Trd, 4318594.543, 140
Trd, 4318595.543, 140
Trd, 4318595.593, 140
Trd, 4318595.843, 140
Trd, 4318596.343, 138
Trd, 4318596.743, 137
Trd, 4318597.943, 140
Trd, 4318598.043, 138
Trd, 4318598.293, 64
Trd, 4318598.793, 140
Trd, 4318600.343, 61
Trd, 4318600.493, 63
Trd, 4318601.443, 60
Trd, 4318602.743, 60
Trd, 4318603.293, 60
Trd, 4318603.593, 61
Trd, 4318603.943, 61
Trd, 4318605.543, 62
Trd, 4318606.543, 60
Trd, 4318607.493, 61
Trd, 4318607.843, 61
Trd, 4318609.643, 60
Trd, 4318610.393, 60
Trd, 4318610.443, 61
Trd, 4318610.943, 65
Trd, 4318611.043, 67
Trd, 4318611.543, 64
Trd, 4318612.043, 64
Trd, 4318612.093, 61
Trd, 4318612.693, 62
Trd, 4318613.493, 61
Trd, 4318614.243, 62
Trd, 4318615.793, 60
Trd, 4318616.193, 61
Trd, 4318616.343, 66
Trd, 4318618.643, 61
Trd, 4318619.443, 61
Trd, 4318619.493, 61
Trd, 4318620.343, 60
Trd, 4318620.393, 62
Trd, 4318621.643, 64
Trd, 4318621.693, 66
Trd, 4318624.193, 61
Trd, 4318624.443, 60
Trd, 4318625.543, 60
Trd, 4318625.743, 61
Trd, 4318626.093, 62
Trd, 4318626.543, 61
Trd, 4318626.643, 70
Trd, 4318627.193, 61
Trd, 4318629.793, 60
Trd, 4318630.243, 60
Trd, 4318630.393, 60
Trd, 4318630.743, 60
Trd, 4318631.593, 63
Trd, 4318631.693, 95
Trd, 4318632.893, 140
Trd, 4318633.393, 140
Trd, 4318633.693, 140
Trd, 4318634.143, 140
Trd, 4318634.843, 140
Trd, 4318634.993, 139
Trd, 4318635.093, 139
Trd, 4318636.293, 64
Trd, 4318638.393, 62
Trd, 4318638.743, 64
Trd, 4318639.293, 60
Trd, 4318639.343, 60
Trd, 4318639.493, 60
Trd, 4318640.293, 65
Trd, 4318640.393, 62
Trd, 4318640.943, 60
Trd, 4318641.743, 60
Trd, 4318641.793, 60
Trd, 4318644.093, 60
Trd, 4318644.593, 61
Trd, 4318644.643, 64
Trd, 4318644.793, 72
Trd, 4318645.643, 140
Trd, 4318645.993, 140
Trd, 4318647.243, 62
Trd, 4318647.943, 60
Trd, 4318649.093, 60
Trd, 4318649.743, 60
Trd, 4318650.343, 60
Trd, 4318650.693, 67
Trd, 4318651.243, 67
Trd, 4318651.643, 140
Trd, 4318651.893, 140
Trd, 4318653.743, 140
Trd, 4318654.393, 140
Trd, 4318655.393, 140
Trd, 4318656.093, 140
Trd, 4318656.793, 140
Trd, 4318656.843, 140
Trd, 4318657.293, 140
Trd, 4318657.393, 138
Trd, 4318658.493, 140
Trd, 4318659.393, 140
Trd, 4318660.593, 140
Trd, 4318660.743, 140
Trd, 4318660.943, 140
Trd, 4318661.143, 140
Trd, 4318662.243, 140
Trd, 4318662.393, 140
Trd, 4318662.493, 140
Trd, 4318662.743, 138
Trd, 4318663.193, 140
Trd, 4318664.843, 60
Trd, 4318665.293, 61
Trd, 4318665.793, 62
Trd, 4318666.843, 60
Trd, 4318667.543, 60
Trd, 4318668.343, 60
Trd, 4318669.543, 60
Trd, 4318670.143, 60
Trd, 4318671.243, 64
Trd, 4318671.293, 69
Trd, 4318672.693, 61
Trd, 4318673.143, 67
Trd, 4318674.293, 140
Trd, 4318674.593, 140
Trd, 4318674.693, 140
Trd, 4318674.843, 140
Trd, 4318674.893, 140
Trd, 4318675.843, 139
Trd, 4318677.093, 140
Trd, 4318677.943, 140
Trd, 4318679.643, 139
Trd, 4318679.793, 140
Trd, 4318680.143, 140
Trd, 4318680.493, 140
Trd, 4318681.893, 140
Trd, 4318682.693, 140
Trd, 4318684.493, 140
Trd, 4318685.543, 140
Trd, 4318685.993, 140
Trd, 4318687.043, 140
Trd, 4318687.543, 140
Trd, 4318687.643, 140
Trd, 4318688.043, 140
Trd, 4318688.393, 140
Trd, 4318688.993, 140
Trd, 4318689.993, 140
Trd, 4318690.143, 139
Trd, 4318690.293, 140
Trd, 4318691.543, 140
Trd, 4318691.893, 139
Trd, 4318693.493, 60
Trd, 4318695.693, 60
Trd, 4318695.993, 60
Trd, 4318696.693, 61
Trd, 4318697.393, 60
Trd, 4318697.893, 61
Trd, 4318698.093, 62
Trd, 4318698.793, 60
Trd, 4318699.443, 60
Trd, 4318700.743, 60
Trd, 4318702.743, 60
Trd, 4318702.993, 61
Trd, 4318703.093, 61
Trd, 4318703.793, 61
Trd, 4318703.893, 62
Trd, 4318704.243, 62
Trd, 4318704.843, 67
Trd, 4318706.193, 140
Trd, 4318706.593, 139
Trd, 4318707.493, 74
Trd, 4318708.843, 140
Trd, 4318708.893, 140
Trd, 4318710.293, 140
Trd, 4318710.393, 140
Trd, 4318710.643, 140
Trd, 4318711.493, 138
Trd, 4318712.993, 140
Trd, 4318713.343, 140
Trd, 4318713.843, 140
Trd, 4318713.993, 140
Trd, 4318714.243, 140
Trd, 4318715.393, 140
Trd, 4318717.943, 140
Trd, 4318718.543, 140
Trd, 4318718.643, 140
Trd, 4318718.943, 140
Trd, 4318719.993, 140
Trd, 4318720.143, 140
Trd, 4318720.943, 140
Trd, 4318721.293, 140
Trd, 4318722.343, 139
Trd, 4318724.043, 140
Trd, 4318724.543, 140
Trd, 4318724.743, 140
Trd, 4318725.093, 140
Trd, 4318725.543, 138
Trd, 4318726.393, 139
Trd, 4318727.143, 140
Trd, 4318727.943, 140
Trd, 4318728.393, 140
Trd, 4318729.193, 139
Trd, 4318730.143, 140
Trd, 4318731.693, 140
Trd, 4318732.243, 140
Trd, 4318733.243, 140
Trd, 4318733.743, 140
Trd, 4318733.793, 140
Trd, 4318734.393, 138
Trd, 4318734.693, 139
Trd, 4318734.893, 138
Trd, 4318736.443, 140
Trd, 4318736.793, 140
Trd, 4318736.993, 140
Trd, 4318737.193, 140
Trd, 4318738.743, 140
Trd, 4318739.143, 124
Trd, 4318741.393, 140
Trd, 4318742.293, 140
Trd, 4318742.343, 140
Trd, 4318742.943, 140
Trd, 4318744.743, 140
Trd, 4318744.943, 140
Trd, 4318746.443, 140
Trd, 4318746.743, 140
Trd, 4318746.793, 140
Trd, 4318747.493, 140
Trd, 4318749.493, 140
Trd, 4318749.893, 140
Trd, 4318750.593, 140
Trd, 4318751.143, 140
Trd, 4318751.793, 140
Trd, 4318751.943, 140
Trd, 4318752.043, 140
Trd, 4318752.943, 140
Trd, 4318753.443, 140
Trd, 4318753.743, 140
Trd, 4318755.193, 140
Trd, 4318755.643, 140
Trd, 4318755.743, 140
Trd, 4318756.193, 65
Trd, 4318758.043, 140
Trd, 4318759.693, 140
Trd, 4318761.143, 140
Trd, 4318761.493, 140
Trd, 4318761.593, 140
Trd, 4318761.693, 140
Trd, 4318762.193, 140
Trd, 4318763.993, 140
Trd, 4318764.093, 140
Trd, 4318764.393, 140
Trd, 4318764.693, 140
Trd, 4318764.843, 140
Trd, 4318764.993, 140
Trd, 4318765.843, 140
Trd, 4318766.343, 139
Trd, 4318766.943, 140
Trd, 4318767.843, 140
Trd, 4318768.543, 140
Trd, 4318769.243, 140
Trd, 4318769.893, 140
Trd, 4318770.393, 140
Trd, 4318771.543, 140
Trd, 4318772.243, 140
Trd, 4318774.193, 140
Trd, 4318775.293, 140
Trd, 4318775.443, 140
Trd, 4318775.593, 140
Trd, 4318776.143, 140
Trd, 4318777.143, 140
Trd, 4318778.543, 140
Trd, 4318778.693, 140
Trd, 4318779.393, 140
Trd, 4318781.293, 140
Trd, 4318781.343, 140
Trd, 4318781.493, 140
Trd, 4318781.743, 140
Trd, 4318781.843, 140
Trd, 4318783.343, 140
Trd, 4318783.743, 140
Trd, 4318784.693, 140
Trd, 4318784.743, 140
Trd, 4318784.943, 139
Trd, 4318785.493, 140
Trd, 4318785.943, 97
Trd, 4318787.293, 140
Trd, 4318788.743, 140
Trd, 4318789.093, 140
Trd, 4318790.443, 140
Trd, 4318790.693, 140
Trd, 4318790.943, 140
Trd, 4318791.893, 140
Trd, 4318794.343, 140
Trd, 4318794.393, 140
Trd, 4318794.493, 140
Trd, 4318794.793, 140
Trd, 4318795.793, 140
Trd, 4318797.293, 140
Trd, 4318797.693, 140
Trd, 4318797.843, 140
Trd, 4318798.043, 101
Trd, 4318799.743, 140
Trd, 4318800.743, 140
Trd, 4318800.893, 140
Trd, 4318801.593, 140
Trd, 4318801.643, 140
Trd, 4318801.843, 140
Trd, 4318802.693, 140
Trd, 4318802.843, 140
Trd, 4318803.943, 139
Trd, 4318803.993, 138
Trd, 4318805.793, 140
Trd, 4318806.343, 140
Trd, 4318806.493, 140
Trd, 4318807.993, 140
Trd, 4318809.943, 140
Trd, 4318810.193, 140
Trd, 4318810.693, 140
Trd, 4318811.043, 140
Trd, 4318812.393, 140
Trd, 4318812.693, 140
Trd, 4318812.893, 140
Trd, 4318813.643, 140
Trd, 4318813.943, 140
Trd, 4318815.243, 140
Trd, 4318816.243, 140
Trd, 4318817.093, 140
Trd, 4318817.343, 140
Trd, 4318818.443, 140
Trd, 4318819.193, 140
Trd, 4318819.493, 140
Trd, 4318820.393, 140
Trd, 4318820.793, 140
Trd, 4318821.143, 140
Trd, 4318821.493, 140
Trd, 4318822.243, 140
Trd, 4318823.743, 140
Trd, 4318825.093, 140
Trd, 4318825.243, 140
Trd, 4318825.543, 140
Trd, 4318825.643, 140
Trd, 4318826.743, 140
Trd, 4318828.243, 140
Trd, 4318828.843, 140
Trd, 4318829.493, 140
Trd, 4318830.993, 140
Trd, 4318832.043, 140
Trd, 4318832.493, 140
Trd, 4318833.243, 140
Trd, 4318833.293, 140
Trd, 4318835.143, 140
Trd, 4318835.543, 140
Trd, 4318835.993, 140
Trd, 4318836.943, 140
Trd, 4318836.993, 139
Trd, 4318838.243, 140
Trd, 4318839.943, 140
Trd, 4318840.943, 140
Trd, 4318841.643, 140
Trd, 4318842.543, 140
Trd, 4318842.793, 140
Trd, 4318843.643, 140
Trd, 4318844.143, 140
Trd, 4318844.343, 140
Trd, 4318845.293, 140
Trd, 4318846.493, 140
Trd, 4318846.543, 140
Trd, 4318846.843, 140
Trd, 4318847.543, 140
Trd, 4318848.893, 140
Trd, 4318851.143, 140
Trd, 4318851.343, 140
Trd, 4318851.543, 140
Trd, 4318852.043, 138
Trd, 4318852.143, 138
Trd, 4318853.743, 140
Trd, 4318853.943, 140
Trd, 4318854.343, 140
Trd, 4318855.993, 140
Trd, 4318857.443, 140
Trd, 4318857.843, 140
Trd, 4318860.493, 140
Trd, 4318860.593, 140
Trd, 4318860.993, 140
Trd, 4318861.993, 140
Trd, 4318862.193, 140
Trd, 4318862.443, 140
Trd, 4318862.893, 140
Trd, 4318862.943, 140
Trd, 4318864.043, 60
Trd, 4318864.143, 61
Trd, 4318865.343, 60
Trd, 4318867.293, 60
Trd, 4318868.243, 60
Trd, 4318868.293, 60
Trd, 4318870.193, 60
Trd, 4318870.993, 60
Trd, 4318871.743, 60
Trd, 4318872.443, 60
Trd, 4318872.543, 60
Trd, 4318872.993, 62
Trd, 4318873.243, 64
Trd, 4318873.343, 64
Trd, 4318873.443, 63
Trd, 4318873.543, 107
Trd, 4318874.743, 140
Trd, 4318874.943, 140
Trd, 4318876.393, 69
Trd, 4318876.943, 140
Trd, 4318877.093, 140
Trd, 4318878.143, 140
Trd, 4318879.093, 140
Trd, 4318879.193, 140
Trd, 4318879.443, 140
Trd, 4318879.693, 88
Trd, 4318881.243, 139
Trd, 4318882.193, 140
Trd, 4318882.243, 140
Trd, 4318882.693, 140
Trd, 4318883.543, 140
Trd, 4318884.943, 140
Trd, 4318884.993, 140
Trd, 4318886.693, 140
Trd, 4318887.093, 140
Trd, 4318887.443, 140
Trd, 4318888.493, 140
Trd, 4318889.793, 140
Trd, 4318889.893, 140
Trd, 4318891.193, 140
Trd, 4318891.243, 140
Trd, 4318891.693, 140
Trd, 4318892.593, 140
Trd, 4318893.493, 140
Trd, 4318894.293, 140
Trd, 4318894.493, 140
Trd, 4318897.193, 140
Trd, 4318897.243, 140
Trd, 4318897.493, 140
Trd, 4318897.693, 140
Trd, 4318897.793, 140
Trd, 4318900.493, 140
Trd, 4318900.843, 140
Trd, 4318900.893, 140
Trd, 4318901.243, 140
Trd, 4318901.393, 139
Trd, 4318902.193, 140
Trd, 4318902.593, 140
Trd, 4318903.143, 140
Trd, 4318903.593, 140
Trd, 4318904.343, 140
Trd, 4318904.643, 140
Trd, 4318905.793, 138
Trd, 4318906.793, 139
Trd, 4318907.693, 140
Trd, 4318909.993, 140
Trd, 4318910.043, 140
Trd, 4318910.143, 140
Trd, 4318910.393, 140
Trd, 4318912.343, 140
Trd, 4318912.793, 140
Trd, 4318914.043, 140
Trd, 4318914.093, 140
Trd, 4318914.793, 140
Trd, 4318914.893, 140
Trd, 4318914.993, 139
Trd, 4318915.743, 140
Trd, 4318917.093, 140
Trd, 4318917.943, 140
Trd, 4318918.293, 140
Trd, 4318919.393, 140
Trd, 4318920.593, 140
Trd, 4318921.043, 138
Trd, 4318921.943, 140
Trd, 4318921.993, 140
Trd, 4318922.243, 133
Trd, 4318923.093, 94
Trd, 4318924.193, 137
Trd, 4318925.043, 137
Trd, 4318925.543, 136
Trd, 4318925.593, 67
Trd, 4318926.593, 137
Trd, 4318927.893, 60
Trd, 4318928.993, 140
Trd, 4318929.343, 140
Trd, 4318929.393, 139
Trd, 4318930.143, 140
Trd, 4318930.293, 140
Trd, 4318930.743, 140
Trd, 4318933.693, 140
Trd, 4318933.793, 140
Trd, 4318934.143, 140
Trd, 4318934.243, 140
Trd, 4318934.343, 140
Trd, 4318935.043, 140
Trd, 4318936.343, 60
Trd, 4318936.593, 64
Trd, 4318937.543, 140
Trd, 4318938.043, 140
Trd, 4318938.543, 139
Trd, 4318939.343, 140
Trd, 4318939.443, 140
Trd, 4318942.093, 140
Trd, 4318942.793, 140
Trd, 4318943.043, 140
Trd, 4318943.743, 140
Trd, 4318944.143, 137
Trd, 4318944.193, 137
Trd, 4318945.243, 62
Trd, 4318946.143, 61
Trd, 4318946.493, 62
Trd, 4318946.593, 131
Trd, 4318947.193, 140
Trd, 4318947.743, 139
Trd, 4318949.293, 140
Trd, 4318949.493, 140
Trd, 4318949.743, 140
Trd, 4318950.043, 140
Trd, 4318950.393, 139
Trd, 4318951.143, 140
Trd, 4318951.343, 140
Trd, 4318952.493, 140
Trd, 4318952.543, 140
Trd, 4318952.593, 138
Trd, 4318954.143, 140
Trd, 4318954.943, 140
Trd, 4318954.993, 140
Trd, 4318955.493, 139
Trd, 4318956.693, 124
Trd, 4318956.893, 140
Trd, 4318957.993, 64
Trd, 4318958.193, 61
Trd, 4318958.593, 62
Trd, 4318959.543, 61
Trd, 4318960.393, 62
Trd, 4318963.243, 60
Trd, 4318963.943, 60
Trd, 4318964.293, 60
Trd, 4318964.693, 61
Trd, 4318965.093, 61
Trd, 4318965.493, 63
Trd, 4318966.643, 60
Trd, 4318966.893, 61
Trd, 4318967.893, 140
Trd, 4318968.143, 140
Trd, 4318968.243, 140
Trd, 4318968.393, 140
Trd, 4318970.093, 140
Trd, 4318970.343, 140
Trd, 4318970.643, 140
Trd, 4318971.093, 140
Trd, 4318971.393, 137
Trd, 4318971.493, 136
Trd, 4318972.043, 140
Trd, 4318973.143, 139
Trd, 4318973.893, 140
Trd, 4318975.243, 140
Trd, 4318976.243, 140
Trd, 4318976.543, 140
Trd, 4318978.293, 140
Trd, 4318980.293, 140
Trd, 4318982.243, 140
Trd, 4318982.593, 140
Trd, 4318983.943, 140
Trd, 4318984.093, 140
Trd, 4318984.493, 140
Trd, 4318985.643, 140
Trd, 4318985.943, 140
Trd, 4318986.543, 140
Trd, 4318988.493, 140
Trd, 4318988.543, 140
Trd, 4318988.793, 140
Trd, 4318988.943, 137
Trd, 4318990.793, 140
Trd, 4318991.343, 140
Trd, 4318991.643, 140
Trd, 4318992.493, 139
Trd, 4318992.743, 137
Trd, 4318993.343, 140
Trd, 4318993.493, 140
Trd, 4318994.293, 140
Trd, 4318995.193, 140
Trd, 4318996.043, 140
Trd, 4318996.393, 140
Trd, 4318996.543, 139
Trd, 4318997.793, 94
Trd, 4318998.743, 139
Trd, 4318999.043, 140
Trd, 4319000.343, 140
Trd, 4319000.693, 139
Trd, 4319002.643, 140
Trd, 4319002.793, 140
Trd, 4319002.943, 139
Trd, 4319004.193, 140
Trd, 4319004.943, 140
Trd, 4319005.843, 140
Trd, 4319006.193, 140
Trd, 4319006.543, 140
Trd, 4319008.443, 140
Trd, 4319008.793, 140
Trd, 4319009.493, 140
Trd, 4319010.043, 140
Trd, 4319010.343, 140
Trd, 4319011.443, 140
Trd, 4319011.893, 140
Trd, 4319013.193, 138
Trd, 4319013.343, 140
Trd, 4319013.893, 125
Trd, 4319014.093, 122
Trd, 4319015.543, 140
Trd, 4319016.193, 140
Trd, 4319017.043, 140
Trd, 4319018.293, 62
Trd, 4319019.843, 60
Trd, 4319019.993, 60
Trd, 4319020.243, 62
Trd, 4319020.893, 60
Trd, 4319023.643, 60
Trd, 4319023.693, 61
Trd, 4319024.143, 60
Trd, 4319025.243, 62
Trd, 4319025.543, 61
Trd, 4319025.743, 61
Trd, 4319026.343, 60
Trd, 4319026.493, 62
Trd, 4319027.843, 63
Trd, 4319028.143, 137
Trd, 4319028.343, 61
Trd, 4319030.643, 61
Trd, 4319030.793, 62
Trd, 4319031.593, 81
Trd, 4319033.093, 140
Trd, 4319033.593, 140
Trd, 4319033.693, 140
Trd, 4319034.143, 140
Trd, 4319034.443, 140
Trd, 4319034.643, 140
Trd, 4319036.643, 140
Trd, 4319036.993, 140
Trd, 4319037.543, 140
Trd, 4319038.593, 140
Trd, 4319038.843, 140
Trd, 4319040.593, 140
Trd, 4319041.393, 140
Trd, 4319041.443, 140
Trd, 4319041.643, 140
Trd, 4319042.743, 140
Trd, 4319042.793, 140
Trd, 4319043.893, 139
Trd, 4319044.793, 138
Trd, 4319045.393, 139
Trd, 4319046.493, 140
Trd, 4319046.843, 140
Trd, 4319047.593, 140
Trd, 4319047.943, 140
Trd, 4319048.843, 140
Trd, 4319049.793, 140
Trd, 4319049.893, 140
Trd, 4319051.693, 140
Trd, 4319052.143, 140
Trd, 4319053.543, 140
Trd, 4319054.993, 140
Trd, 4319055.693, 140
Trd, 4319057.843, 140
Trd, 4319057.993, 140
Trd, 4319058.143, 140
Trd, 4319058.343, 140
Trd, 4319059.193, 140
Trd, 4319059.493, 136
Trd, 4319059.743, 136
Trd, 4319060.643, 140
Trd, 4319060.893, 139
Trd, 4319061.493, 124
Trd, 4319063.343, 140
Trd, 4319064.293, 140
Trd, 4319064.743, 140
Trd, 4319064.893, 139
Trd, 4319065.343, 139
Trd, 4319066.093, 119
Trd, 4319066.943, 139
Trd, 4319067.743, 140
Trd, 4319067.993, 140
Trd, 4319068.193, 138
Trd, 4319069.293, 140
Trd, 4319069.593, 140
Trd, 4319071.193, 140
Trd, 4319071.743, 139
Trd, 4319071.993, 136
Trd, 4319072.943, 140
Trd, 4319073.193, 140
Trd, 4319073.943, 140
Trd, 4319074.893, 140
Trd, 4319075.543, 140
Trd, 4319075.893, 140
Trd, 4319075.943, 140
Trd, 4319076.093, 140
Trd, 4319076.793, 138
Trd, 4319078.493, 140
Trd, 4319078.543, 140
Trd, 4319079.893, 140
Trd, 4319080.443, 140
Trd, 4319081.693, 139
Trd, 4319082.093, 137
Trd, 4319082.793, 139
Trd, 4319083.393, 136
Trd, 4319083.493, 134
Trd, 4319084.343, 139
Trd, 4319084.943, 140
Trd, 4319084.993, 140
Trd, 4319086.493, 140
Trd, 4319086.643, 140
Trd, 4319087.843, 140
Trd, 4319087.993, 140
Trd, 4319088.693, 140
Trd, 4319088.793, 139
Trd, 4319090.293, 94
Trd, 4319090.543, 140
Trd, 4319090.643, 93
Trd, 4319091.793, 139
Trd, 4319092.193, 140
Trd, 4319093.093, 140
Trd, 4319093.343, 140
Trd, 4319093.993, 139
Trd, 4319094.593, 139
Trd, 4319095.793, 140
Trd, 4319096.093, 140
Trd, 4319097.093, 140
Trd, 4319097.293, 139
Trd, 4319097.543, 125
Trd, 4319098.993, 139
Trd, 4319099.643, 138
Trd, 4319099.693, 114
Trd, 4319100.243, 140
Trd, 4319102.493, 61
Trd, 4319103.043, 60
Trd, 4319105.343, 60
Trd, 4319105.643, 61
Trd, 4319108.043, 60
Trd, 4319108.143, 60
Trd, 4319108.993, 60
Trd, 4319109.093, 61
Trd, 4319109.593, 63
Trd, 4319109.693, 66
Trd, 4319110.093, 140
Trd, 4319110.343, 140
Trd, 4319110.893, 140
Trd, 4319111.943, 138
Trd, 4319112.393, 137
Trd, 4319113.393, 137
Trd, 4319115.443, 107
Trd, 4319115.943, 140
Trd, 4319117.143, 140
Trd, 4319117.843, 140
Trd, 4319117.893, 140
Trd, 4319118.143, 140
Trd, 4319118.643, 140
Trd, 4319119.543, 140
Trd, 4319120.893, 140
Trd, 4319121.043, 140
Trd, 4319121.693, 140
Trd, 4319123.343, 140
Trd, 4319123.843, 140
Trd, 4319124.693, 140
Trd, 4319124.843, 139
Trd, 4319126.593, 140
Trd, 4319126.793, 140
Trd, 4319126.993, 139
Trd, 4319127.243, 139
Trd, 4319128.193, 139
Trd, 4319128.493, 140
Trd, 4319129.743, 140
Trd, 4319129.893, 140
Trd, 4319131.993, 140
Trd, 4319132.743, 140
Trd, 4319133.493, 140
Trd, 4319133.593, 140
Trd, 4319134.743, 140
Trd, 4319134.893, 140
Trd, 4319134.943, 140
Trd, 4319135.393, 140
Trd, 4319135.593, 139
Trd, 4319135.893, 139
Trd, 4319136.443, 140
Trd, 4319137.093, 139
Trd, 4319137.343, 136
Trd, 4319137.893, 137
Trd, 4319139.593, 140
Trd, 4319141.043, 140
Trd, 4319141.093, 140
Trd, 4319142.343, 140
Trd, 4319142.793, 140
Trd, 4319143.143, 140
Trd, 4319143.843, 140
Trd, 4319144.093, 140
Trd, 4319144.843, 139
Trd, 4319145.343, 140
Trd, 4319145.893, 140
Trd, 4319147.143, 140
Trd, 4319147.343, 139
Trd, 4319148.043, 140
Trd, 4319149.143, 140
Trd, 4319149.393, 140
Trd, 4319150.243, 140
Trd, 4319150.643, 140
Trd, 4319151.743, 140
Trd, 4319152.193, 140
Trd, 4319152.893, 140
Trd, 4319153.393, 140
Trd, 4319154.493, 140
Trd, 4319155.343, 140
Trd, 4319157.193, 140
Trd, 4319157.493, 140
Trd, 4319157.843, 140
Trd, 4319158.293, 140
Trd, 4319159.143, 140
Trd, 4319159.243, 140
Trd, 4319159.343, 140
Trd, 4319159.743, 139
Trd, 4319161.343, 134
Trd, 4319163.243, 140
Trd, 4319163.743, 140
Trd, 4319164.193, 140
Trd, 4319164.693, 140
Trd, 4319165.443, 140
Trd, 4319166.443, 139
Trd, 4319167.593, 140
Trd, 4319167.843, 140
Trd, 4319168.193, 140
Trd, 4319168.543, 140
Trd, 4319168.993, 140
Trd, 4319169.443, 140
Trd, 4319169.543, 140
Trd, 4319169.693, 140
Trd, 4319170.893, 138
Trd, 4319171.893, 140
Trd, 4319172.543, 140
Trd, 4319172.943, 140
Trd, 4319172.993, 106
Trd, 4319174.293, 140
Trd, 4319175.143, 140
Trd, 4319175.893, 140
Trd, 4319175.943, 140
Trd, 4319175.993, 139
Trd, 4319176.743, 139
Trd, 4319178.543, 140
Trd, 4319179.643, 140
Trd, 4319180.643, 140
Trd, 4319180.893, 140
Trd, 4319181.243, 140
Trd, 4319181.643, 140
Trd, 4319183.143, 140
Trd, 4319183.543, 138
Trd, 4319183.843, 138
Trd, 4319185.793, 140
Trd, 4319186.143, 140
Trd, 4319187.393, 140
Trd, 4319187.893, 140
Trd, 4319188.393, 140
Trd, 4319188.793, 140
Trd, 4319188.943, 139
Trd, 4319191.993, 140
Trd, 4319192.043, 140
Trd, 4319192.143, 139
Trd, 4319193.843, 139
Trd, 4319194.493, 140
Trd, 4319194.643, 139
Trd, 4319194.843, 139
Trd, 4319196.243, 140
Trd, 4319196.293, 139
Trd, 4319196.943, 139
Trd, 4319197.243, 140
Trd, 4319197.293, 138
Trd, 4319197.743, 62
Trd, 4319198.793, 61
Trd, 4319199.243, 137
Trd, 4319199.743, 140
Trd, 4319200.193, 138
Trd, 4319201.093, 136
Trd, 4319201.693, 140
Trd, 4319201.793, 140
Trd, 4319202.043, 140
Trd, 4319203.943, 140
Trd, 4319204.393, 140
Trd, 4319204.443, 140
Trd, 4319205.343, 140
Trd, 4319206.043, 140
Trd, 4319206.293, 140
Trd, 4319206.443, 140
Trd, 4319206.893, 140
Trd, 4319206.993, 138
Trd, 4319208.743, 139
Trd, 4319209.243, 139
Trd, 4319211.793, 140
Trd, 4319211.993, 140
Trd, 4319212.193, 140
Trd, 4319214.243, 140
Trd, 4319214.543, 140
Trd, 4319214.643, 139
Trd, 4319214.843, 139
Trd, 4319215.293, 140
Trd, 4319215.793, 67
Trd, 4319215.893, 67
Trd, 4319216.243, 60
Trd, 4319217.243, 140
Trd, 4319217.293, 139
Trd, 4319218.343, 64
Trd, 4319218.493, 65
Trd, 4319219.943, 65
Trd, 4319221.643, 60
Trd, 4319223.393, 60
Trd, 4319224.093, 60
Trd, 4319224.343, 62
Trd, 4319224.393, 62
Trd, 4319225.943, 60
Trd, 4319226.643, 62
Trd, 4319227.293, 61
Trd, 4319227.693, 62
Trd, 4319228.343, 63
Trd, 4319228.743, 65
Trd, 4319228.843, 61
Trd, 4319229.943, 140
Trd, 4319231.443, 63
Trd, 4319231.993, 61
Trd, 4319232.393, 64
Trd, 4319233.493, 64
Trd, 4319234.043, 62
Trd, 4319235.393, 60
Trd, 4319235.693, 61
Trd, 4319236.993, 62
Trd, 4319237.343, 64
Trd, 4319238.493, 69
Trd, 4319238.793, 77
Trd, 4319239.243, 140
Trd, 4319239.343, 140
Trd, 4319240.243, 140
Trd, 4319240.843, 140
Trd, 4319241.543, 140
Trd, 4319241.743, 140
Trd, 4319241.943, 63
Trd, 4319243.643, 67
Trd, 4319246.693, 60
Trd, 4319246.843, 60
Trd, 4319247.043, 60
Trd, 4319247.943, 60
Trd, 4319248.143, 61
Trd, 4319248.993, 60
Trd, 4319249.443, 62
Trd, 4319249.793, 60
Trd, 4319249.893, 65
Trd, 4319251.493, 63
Trd, 4319252.293, 73
Trd, 4319252.543, 64
Trd, 4319252.843, 65
Trd, 4319253.343, 74
Trd, 4319254.143, 138
Trd, 4319254.243, 66
Trd, 4319255.593, 74
Trd, 4319256.293, 140
Trd, 4319257.893, 140
Trd, 4319257.993, 140
Trd, 4319258.393, 140
Trd, 4319258.593, 140
Trd, 4319259.893, 140
Trd, 4319260.143, 138
Trd, 4319260.593, 140
Trd, 4319260.943, 140
Trd, 4319261.793, 139
Trd, 4319262.793, 139
Trd, 4319263.893, 139
Trd, 4319263.993, 138
Trd, 4319264.743, 140
Trd, 4319265.493, 140
Trd, 4319265.943, 140
Trd, 4319266.243, 140
Trd, 4319266.343, 140
Trd, 4319267.893, 140
Trd, 4319267.993, 138
Trd, 4319268.843, 140
Trd, 4319268.893, 138
Trd, 4319269.893, 85
Trd, 4319271.943, 140
Trd, 4319272.843, 140
Trd, 4319272.943, 140
Trd, 4319273.893, 140
Trd, 4319273.993, 140
Trd, 4319274.443, 140
Trd, 4319274.893, 140
Trd, 4319275.393, 137
Trd, 4319277.443, 140
Trd, 4319277.943, 140
Trd, 4319278.093, 140
Trd, 4319278.593, 140
Trd, 4319280.693, 140
Trd, 4319280.843, 139
Trd, 4319281.443, 139
Trd, 4319283.143, 140
Trd, 4319283.293, 140
Trd, 4319283.893, 140
Trd, 4319284.093, 140
Trd, 4319284.343, 140
Trd, 4319285.243, 140
Trd, 4319285.943, 140
Trd, 4319287.743, 140
Trd, 4319287.793, 138
Trd, 4319288.143, 89
Trd, 4319289.043, 122
Trd, 4319290.443, 140
Trd, 4319290.643, 140
Trd, 4319291.043, 62
Trd, 4319291.843, 140
Trd, 4319293.393, 140
Trd, 4319293.893, 122
Trd, 4319294.193, 123
Trd, 4319294.643, 123
Trd, 4319295.893, 138
Trd, 4319296.793, 140
Trd, 4319296.843, 139
Trd, 4319296.993, 130
Trd, 4319297.843, 138
Trd, 4319299.343, 62
Trd, 4319300.143, 62
Trd, 4319300.693, 71
Trd, 4319301.293, 62
Trd, 4319301.393, 63
Trd, 4319302.943, 60
Trd, 4319304.193, 62
Trd, 4319304.443, 69
Trd, 4319305.043, 60
Trd, 4319305.243, 60
Trd, 4319305.993, 60
Trd, 4319306.293, 60
Trd, 4319306.343, 61
Trd, 4319306.693, 62
Trd, 4319307.443, 62
Trd, 4319307.493, 61
Trd, 4319308.043, 63
Trd, 4319308.593, 70
Trd, 4319309.993, 140
Trd, 4319310.643, 68
Trd, 4319311.693, 60
Trd, 4319312.643, 61
Trd, 4319312.743, 63
Trd, 4319314.793, 80
Trd, 4319315.493, 140
Trd, 4319316.143, 140
Trd, 4319316.543, 137
Trd, 4319317.243, 140
Trd, 4319318.143, 140
Trd, 4319319.293, 140
Trd, 4319319.843, 140
Trd, 4319320.393, 140
Trd, 4319321.443, 140
Trd, 4319321.943, 140
Trd, 4319322.693, 140
Trd, 4319323.843, 140
Trd, 4319323.993, 140
Trd, 4319324.393, 140
Trd, 4319325.243, 140
Trd, 4319326.443, 140
Trd, 4319327.893, 140
Trd, 4319328.043, 140
Trd, 4319328.693, 140
Trd, 4319329.193, 140
Trd, 4319329.843, 140
Trd, 4319330.393, 140
Trd, 4319330.993, 140
Trd, 4319331.543, 139
Trd, 4319332.093, 140
Trd, 4319332.793, 140
Trd, 4319334.493, 140
Trd, 4319334.793, 140
Trd, 4319335.193, 140
Trd, 4319335.993, 140
Trd, 4319336.943, 140
Trd, 4319337.393, 140
Trd, 4319337.593, 140
Trd, 4319337.643, 139
Trd, 4319338.143, 88
Trd, 4319338.893, 140
Trd, 4319340.243, 139
Trd, 4319341.293, 61
Trd, 4319342.043, 65
Trd, 4319342.843, 61
Trd, 4319342.943, 71
Trd, 4319343.293, 130
Trd, 4319343.543, 132
Trd, 4319343.943, 70
Trd, 4319344.443, 66
Trd, 4319345.743, 60
Trd, 4319345.943, 60
Trd, 4319346.593, 71
Trd, 4319346.893, 73
Trd, 4319349.593, 140
Trd, 4319350.243, 140
Trd, 4319350.293, 140
Trd, 4319350.993, 140
Trd, 4319351.543, 140
Trd, 4319352.893, 140
Trd, 4319353.293, 140
Trd, 4319353.693, 140
Trd, 4319355.143, 140
Trd, 4319355.793, 140
Trd, 4319356.293, 140
Trd, 4319356.543, 140
Trd, 4319356.793, 140
Trd, 4319357.293, 137
Trd, 4319358.943, 140
Trd, 4319359.243, 140
Trd, 4319359.293, 139
Trd, 4319359.943, 139
Trd, 4319360.243, 140
Trd, 4319360.293, 139
Trd, 4319361.393, 117
Trd, 4319362.193, 140
Trd, 4319363.043, 140
Trd, 4319363.843, 140
Trd, 4319364.593, 140
Trd, 4319365.593, 140
Trd, 4319365.793, 140
Trd, 4319366.143, 140
Trd, 4319366.243, 140
Trd, 4319367.993, 140
Trd, 4319368.343, 140
Trd, 4319368.643, 140
Trd, 4319369.393, 140
Trd, 4319369.943, 60
Trd, 4319369.993, 87
Trd, 4319370.343, 140
Trd, 4319371.493, 140
Trd, 4319373.693, 140
Trd, 4319374.093, 140
Trd, 4319376.093, 140
Trd, 4319377.943, 140
Trd, 4319378.393, 140
Trd, 4319378.493, 140
Trd, 4319378.743, 140
Trd, 4319379.543, 140
Trd, 4319379.943, 140
Trd, 4319380.893, 140
Trd, 4319381.543, 140
Trd, 4319381.943, 140
Trd, 4319382.193, 139
Trd, 4319382.793, 140
Trd, 4319383.093, 140
Trd, 4319384.243, 140
Trd, 4319384.843, 140
Trd, 4319385.343, 140
Trd, 4319385.943, 139
Trd, 4319386.243, 139
Trd, 4319386.643, 115
Trd, 4319387.993, 140
Trd, 4319388.443, 70
Trd, 4319389.643, 139
Trd, 4319391.093, 62
Trd, 4319391.143, 63
Trd, 4319391.743, 61
Trd, 4319392.593, 138
Trd, 4319393.993, 140
Trd, 4319394.043, 140
Trd, 4319394.143, 140
Trd, 4319394.293, 140
Trd, 4319395.343, 140
Trd, 4319395.393, 140
Trd, 4319397.393, 140
Trd, 4319398.043, 140
Trd, 4319398.243, 140
Trd, 4319400.043, 140
Trd, 4319400.343, 140
Trd, 4319400.543, 140
Trd, 4319400.993, 140
Trd, 4319402.193, 140
Trd, 4319403.343, 140
Trd, 4319403.643, 140
Trd, 4319404.193, 140
Trd, 4319404.743, 140
Trd, 4319405.243, 140
Trd, 4319405.293, 140
Trd, 4319405.993, 140
Trd, 4319406.243, 140
Trd, 4319407.193, 140
Trd, 4319408.293, 140
Trd, 4319408.843, 140
Trd, 4319408.993, 140
Trd, 4319410.243, 140
Trd, 4319410.343, 140
Trd, 4319410.393, 139
Trd, 4319411.493, 140
Trd, 4319412.593, 140
Trd, 4319414.393, 140
Trd, 4319414.493, 140
Trd, 4319414.743, 140
Trd, 4319417.493, 140
Trd, 4319418.343, 140
Trd, 4319418.793, 140
Trd, 4319419.293, 140
Trd, 4319419.743, 140
Trd, 4319419.843, 140
Trd, 4319420.893, 140
Trd, 4319421.793, 140
Trd, 4319421.843, 140
Trd, 4319422.793, 140
Trd, 4319423.343, 140
Trd, 4319424.193, 140
Trd, 4319425.443, 140
Trd, 4319426.343, 140
Trd, 4319426.643, 140
Trd, 4319429.143, 140
Trd, 4319429.943, 140
Trd, 4319430.043, 140
Trd, 4319430.343, 140
Trd, 4319430.443, 140
Trd, 4319432.193, 140
Trd, 4319432.343, 140
Trd, 4319433.443, 140
Trd, 4319433.493, 140
Trd, 4319433.693, 140
Trd, 4319434.693, 140
Trd, 4319435.043, 140
Trd, 4319435.793, 140
Trd, 4319436.893, 140
Trd, 4319437.743, 140
Trd, 4319437.843, 140
Trd, 4319438.943, 140
Trd, 4319439.043, 139
Trd, 4319439.243, 139
Trd, 4319440.993, 140
Trd, 4319441.443, 140
Trd, 4319441.493, 140
Trd, 4319441.543, 140
Trd, 4319442.493, 60
Trd, 4319443.343, 138
Trd, 4319444.493, 64
Trd, 4319444.693, 62
Trd, 4319444.993, 66
Trd, 4319445.593, 64
Trd, 4319446.243, 65
Trd, 4319446.443, 63
Trd, 4319447.693, 75
Trd, 4319448.743, 76
Trd, 4319449.743, 140
Trd, 4319449.793, 140
Trd, 4319449.943, 140
Trd, 4319450.393, 140
Trd, 4319450.593, 138
Trd, 4319450.993, 60
Trd, 4319451.443, 61
Trd, 4319451.793, 66
Trd, 4319453.343, 140
Trd, 4319453.693, 140
Trd, 4319454.043, 65
Trd, 4319454.493, 60
Trd, 4319456.193, 60
Trd, 4319456.593, 60
Trd, 4319457.543, 60
Trd, 4319458.593, 60
Trd, 4319458.693, 86
Trd, 4319460.993, 60
Trd, 4319461.593, 60
Trd, 4319462.043, 61
Trd, 4319463.493, 64
Trd, 4319463.793, 64
Trd, 4319464.793, 61
Trd, 4319464.893, 63
Trd, 4319465.443, 140
Trd, 4319465.943, 140
Trd, 4319465.993, 140
Trd, 4319467.443, 140
Trd, 4319467.543, 139
Trd, 4319467.993, 140
Trd, 4319468.393, 140
Trd, 4319469.143, 136
Trd, 4319469.743, 62
Trd, 4319470.043, 82
Trd, 4319471.293, 83
Trd, 4319471.443, 81
Trd, 4319473.293, 140
Trd, 4319473.593, 139
Trd, 4319474.393, 102
Trd, 4319475.243, 140
Trd, 4319476.043, 140
Trd, 4319476.593, 139
Trd, 4319476.843, 137
Trd, 4319477.143, 60
Trd, 4319478.293, 60
Trd, 4319478.343, 61
Trd, 4319480.993, 60
Trd, 4319482.143, 60
Trd, 4319482.193, 60
Trd, 4319483.343, 61
Trd, 4319484.693, 62
Trd, 4319484.793, 62
Trd, 4319484.993, 60
Trd, 4319485.443, 60
Trd, 4319485.693, 61
Trd, 4319486.343, 67
Trd, 4319487.293, 140
Trd, 4319487.693, 64
Trd, 4319488.243, 140
Trd, 4319489.793, 139
Trd, 4319490.193, 71
Trd, 4319491.343, 133
Trd, 4319491.843, 132
Trd, 4319492.693, 140
Trd, 4319492.943, 139
Trd, 4319493.743, 140
Trd, 4319494.043, 140
Trd, 4319494.093, 140
Trd, 4319494.643, 138
Trd, 4319495.443, 140
Trd, 4319496.643, 140
Trd, 4319496.693, 140
Trd, 4319497.243, 92
Trd, 4319497.543, 139
Trd, 4319498.043, 140
Trd, 4319499.743, 60
Trd, 4319500.693, 60
Trd, 4319501.393, 60
Trd, 4319501.943, 66
Trd, 4319503.893, 60
Trd, 4319504.393, 60
Trd, 4319504.693, 61
Trd, 4319508.043, 60
Trd, 4319508.393, 61
Trd, 4319508.493, 62
Trd, 4319509.093, 65
Trd, 4319509.493, 66
Trd, 4319509.743, 63
Trd, 4319510.043, 65
Trd, 4319510.493, 65
Trd, 4319510.943, 66
Trd, 4319511.193, 76
Trd, 4319512.243, 139
Trd, 4319512.293, 138
Trd, 4319513.143, 140
Trd, 4319513.743, 140
Trd, 4319513.893, 140
Trd, 4319513.943, 137
Trd, 4319514.543, 139
Trd, 4319517.093, 140
Trd, 4319518.643, 140
Trd, 4319518.693, 140
Trd, 4319518.943, 139
Trd, 4319519.093, 113
Trd, 4319519.893, 140
Trd, 4319520.193, 139
Trd, 4319520.643, 138
Trd, 4319522.193, 140
Trd, 4319522.243, 140
Trd, 4319522.843, 140
Trd, 4319523.243, 140
Trd, 4319524.193, 138
Trd, 4319524.643, 136
Trd, 4319525.843, 140
Trd, 4319526.443, 140
Trd, 4319527.493, 140
Trd, 4319528.143, 140
Trd, 4319528.343, 139
Trd, 4319529.343, 140
Trd, 4319531.043, 140
Trd, 4319531.343, 140
Trd, 4319531.793, 140
Trd, 4319531.843, 139
Trd, 4319532.493, 140
Trd, 4319532.543, 140
Trd, 4319533.493, 140
Trd, 4319533.743, 140
Trd, 4319533.943, 140
Trd, 4319535.243, 140
Trd, 4319535.443, 140
Trd, 4319535.793, 136
Trd, 4319536.693, 140
Trd, 4319537.343, 140
Trd, 4319537.643, 140
Trd, 4319538.093, 140
Trd, 4319538.843, 140
Trd, 4319538.943, 135
Trd, 4319540.293, 140
Trd, 4319541.893, 140
Trd, 4319543.343, 140
Trd, 4319543.843, 140
Trd, 4319543.993, 140
Trd, 4319545.243, 140
Trd, 4319545.843, 140
Trd, 4319546.093, 140
Trd, 4319547.593, 140
Trd, 4319547.793, 140
Trd, 4319548.143, 140
Trd, 4319549.043, 140
Trd, 4319549.293, 139
Trd, 4319549.643, 139
Trd, 4319551.243, 140
Trd, 4319551.343, 140
Trd, 4319551.493, 138
Trd, 4319552.543, 140
Trd, 4319552.993, 140
Trd, 4319553.143, 140
Trd, 4319554.493, 140
Trd, 4319555.343, 140
Trd, 4319555.993, 140
Trd, 4319556.143, 140
Trd, 4319556.643, 139
Trd, 4319557.543, 140
Trd, 4319558.193, 140
Trd, 4319558.493, 140
Trd, 4319560.043, 140
Trd, 4319561.143, 140
Trd, 4319561.393, 140
Trd, 4319562.043, 140
Trd, 4319562.943, 140
Trd, 4319564.093, 140
Trd, 4319565.393, 140
Trd, 4319565.543, 140
Trd, 4319565.743, 140
Trd, 4319565.893, 140
Trd, 4319565.993, 139
Trd, 4319567.043, 140
Trd, 4319569.743, 140
Trd, 4319569.843, 140
Trd, 4319570.443, 140
Trd, 4319570.493, 140
Trd, 4319570.793, 140
Trd, 4319570.993, 139
Trd, 4319573.093, 65
Trd, 4319574.793, 67
Trd, 4319575.043, 77
Trd, 4319575.143, 78
Trd, 4319575.193, 67
Trd, 4319575.643, 66
Trd, 4319575.893, 65
Trd, 4319577.293, 64
Trd, 4319577.793, 66
Trd, 4319579.793, 61
Trd, 4319579.993, 62
Trd, 4319580.143, 108
Trd, 4319580.793, 137
Trd, 4319581.593, 140
Trd, 4319581.743, 139
Trd, 4319582.543, 139
Trd, 4319583.343, 60
Trd, 4319583.693, 61
Trd, 4319584.393, 123
Trd, 4319585.093, 63
Trd, 4319586.143, 109
Trd, 4319586.193, 107
Trd, 4319586.643, 140
Trd, 4319587.493, 140
Trd, 4319589.543, 140
Trd, 4319589.743, 140
Trd, 4319589.843, 139
Trd, 4319590.593, 138
Trd, 4319590.843, 138
Trd, 4319591.243, 140
Trd, 4319593.193, 60
Trd, 4319593.543, 60
Trd, 4319594.593, 60
Trd, 4319596.443, 60
Trd, 4319596.643, 60
Trd, 4319598.343, 60
Trd, 4319598.843, 61
Trd, 4319599.893, 62
Trd, 4319600.093, 60
Trd, 4319600.493, 60
Trd, 4319600.643, 60
Trd, 4319601.993, 62
Trd, 4319602.243, 63
Trd, 4319602.943, 63
Trd, 4319604.443, 71
Trd, 4319604.493, 73
Trd, 4319605.143, 75
Trd, 4319605.493, 60
Trd, 4319608.193, 62
Trd, 4319608.343, 61
Trd, 4319608.393, 66
Trd, 4319609.193, 63
Trd, 4319610.643, 62
Trd, 4319611.543, 62
Trd, 4319611.843, 63
Trd, 4319612.843, 60
Trd, 4319612.943, 61
Trd, 4319613.993, 60
Trd, 4319614.193, 60
Trd, 4319614.393, 61
Trd, 4319614.793, 113
Trd, 4319615.443, 60
Trd, 4319615.693, 62
Trd, 4319616.143, 61
Trd, 4319616.443, 62
Trd, 4319616.943, 70
Trd, 4319617.893, 140
Trd, 4319619.093, 65
Trd, 4319619.793, 113
Trd, 4319621.293, 63
Trd, 4319621.793, 60
Trd, 4319622.393, 61
Trd, 4319623.643, 62
Trd, 4319624.443, 70
Trd, 4319626.093, 61
Trd, 4319626.793, 62
Trd, 4319627.443, 68
Trd, 4319628.293, 63
Trd, 4319628.643, 64
Trd, 4319628.993, 70
Trd, 4319629.793, 60
Trd, 4319630.593, 61
Trd, 4319630.893, 62
Trd, 4319631.093, 62
Trd, 4319632.943, 60
Trd, 4319633.143, 62
Trd, 4319633.743, 61
Trd, 4319634.993, 60
Trd, 4319635.043, 63
Trd, 4319635.843, 61
Trd, 4319637.243, 60
Trd, 4319637.843, 60
Trd, 4319637.943, 64
Trd, 4319638.443, 67
Trd, 4319639.893, 60
Trd, 4319640.043, 60
Trd, 4319641.493, 62
Trd, 4319641.843, 61
Trd, 4319642.043, 68
Trd, 4319642.143, 69
Trd, 4319643.043, 140
Trd, 4319643.343, 140
Trd, 4319644.743, 140
Trd, 4319645.143, 139
Trd, 4319645.643, 86
Trd, 4319646.243, 60
Trd, 4319647.643, 80
Trd, 4319647.693, 81
Trd, 4319648.743, 81
Trd, 4319648.843, 83
Trd, 4319650.693, 60
Trd, 4319650.893, 60
Trd, 4319651.543, 61
Trd, 4319652.293, 65
Trd, 4319653.593, 60
Trd, 4319655.293, 62
Trd, 4319655.743, 61
Trd, 4319655.943, 60
Trd, 4319656.493, 65
Trd, 4319656.793, 65
Trd, 4319656.893, 62
Trd, 4319657.743, 82
Trd, 4319658.393, 140
Trd, 4319659.243, 140
Trd, 4319659.743, 140
Trd, 4319659.943, 140
Trd, 4319661.243, 139
Trd, 4319661.843, 140
Trd, 4319662.643, 126
Trd, 4319663.243, 140
Trd, 4319663.843, 139
Trd, 4319664.193, 138
Trd, 4319665.693, 140
Trd, 4319666.493, 140
Trd, 4319667.493, 140
Trd, 4319667.793, 140
Trd, 4319668.393, 140
Trd, 4319669.143, 140
Trd, 4319669.793, 140
Trd, 4319670.343, 140
Trd, 4319671.343, 140
Trd, 4319671.943, 140
Trd, 4319671.993, 140
Trd, 4319672.443, 139
Trd, 4319673.543, 139
Trd, 4319674.443, 140
Trd, 4319674.893, 139
Trd, 4319675.793, 140
Trd, 4319676.943, 140
Trd, 4319677.093, 139
Trd, 4319679.293, 140
Trd, 4319681.043, 140
Trd, 4319681.143, 140
Trd, 4319682.693, 140
Trd, 4319683.243, 140
Trd, 4319683.643, 140
Trd, 4319683.993, 140
Trd, 4319684.093, 139
Trd, 4319684.293, 138
Trd, 4319684.493, 139
Trd, 4319685.843, 140
Trd, 4319685.993, 140
Trd, 4319686.843, 140
Trd, 4319687.943, 140
Trd, 4319688.293, 140
Trd, 4319690.093, 140
Trd, 4319690.393, 140
Trd, 4319690.843, 140
Trd, 4319691.293, 140
Trd, 4319691.693, 140
Trd, 4319692.643, 140
Trd, 4319693.243, 140
Trd, 4319693.443, 140
Trd, 4319694.593, 61
Trd, 4319694.843, 67
Trd, 4319696.593, 140
Trd, 4319696.743, 140
Trd, 4319697.343, 139
Trd, 4319697.493, 114
Trd, 4319698.093, 134
Trd, 4319698.893, 140
Trd, 4319699.793, 139
Trd, 4319700.693, 140
Trd, 4319701.143, 140
Trd, 4319702.543, 140
Trd, 4319702.743, 140
Trd, 4319703.043, 140
Trd, 4319704.393, 140
Trd, 4319705.043, 140
Trd, 4319705.093, 140
Trd, 4319705.893, 140
Trd, 4319706.093, 139
Trd, 4319707.243, 140
Trd, 4319708.143, 140
Trd, 4319708.993, 140
Trd, 4319709.593, 140
Trd, 4319710.843, 140
Trd, 4319711.843, 140
Trd, 4319712.643, 140
Trd, 4319714.193, 140
Trd, 4319714.243, 140
Trd, 4319714.343, 140
Trd, 4319714.793, 140
Trd, 4319715.293, 140
Trd, 4319715.893, 140
Trd, 4319717.493, 140
Trd, 4319717.643, 140
Trd, 4319718.043, 140
Trd, 4319718.143, 140
Trd, 4319718.593, 140
Trd, 4319718.793, 140
Trd, 4319720.893, 140
Trd, 4319721.293, 140
Trd, 4319722.443, 140
Trd, 4319722.793, 140
Trd, 4319723.393, 139
Trd, 4319723.843, 140
Trd, 4319724.543, 140
Trd, 4319726.193, 140
Trd, 4319727.193, 140
Trd, 4319727.843, 140
Trd, 4319728.893, 140
Trd, 4319729.543, 140
Trd, 4319729.843, 138
Trd, 4319730.293, 140
Trd, 4319730.993, 140
Trd, 4319731.643, 140
Trd, 4319731.693, 140
Trd, 4319732.643, 140
Trd, 4319733.443, 140
Trd, 4319734.543, 140
Trd, 4319736.193, 140
Trd, 4319736.593, 140
Trd, 4319737.793, 140
Trd, 4319738.043, 140
Trd, 4319738.243, 140
Trd, 4319738.943, 140
Trd, 4319739.243, 138
Trd, 4319741.293, 60
Trd, 4319741.543, 60
Trd, 4319741.993, 60
Trd, 4319742.893, 60
Trd, 4319743.093, 60
Trd, 4319744.943, 140
Trd, 4319745.193, 140
Trd, 4319745.893, 140
Trd, 4319746.093, 140
Trd, 4319747.243, 140
Trd, 4319747.293, 140
Trd, 4319748.193, 140
Trd, 4319748.293, 140
Trd, 4319748.593, 140
Trd, 4319749.393, 140
Trd, 4319751.343, 140
Trd, 4319751.593, 140
Trd, 4319752.293, 140
Trd, 4319752.993, 140
Trd, 4319753.293, 140
Trd, 4319754.093, 140
Trd, 4319754.843, 140
Trd, 4319755.793, 140
Trd, 4319756.043, 140
Trd, 4319756.843, 140
Trd, 4319758.143, 140
Trd, 4319759.543, 140
Trd, 4319760.193, 140
Trd, 4319760.643, 140
Trd, 4319761.093, 140
Trd, 4319761.343, 140
Trd, 4319761.793, 140
Trd, 4319762.743, 140
Trd, 4319763.093, 140
Trd, 4319764.243, 140
Trd, 4319764.443, 140
Trd, 4319764.793, 131
Trd, 4319765.043, 131
Trd, 4319765.093, 129
Trd, 4319766.093, 61
Trd, 4319766.993, 65
Trd, 4319767.343, 70
Trd, 4319768.193, 60
Trd, 4319768.893, 63
Trd, 4319769.393, 62
Trd, 4319770.943, 60
Trd, 4319771.393, 60
Trd, 4319772.293, 63
Trd, 4319772.393, 64
Trd, 4319773.693, 62
Trd, 4319773.993, 63
Trd, 4319775.343, 64
Trd, 4319775.393, 62
Trd, 4319775.943, 62
Trd, 4319776.693, 64
Trd, 4319777.093, 63
Trd, 4319777.543, 140
Trd, 4319778.393, 140
Trd, 4319778.743, 140
Trd, 4319779.293, 139
Trd, 4319780.143, 139
Trd, 4319780.593, 80
Trd, 4319780.993, 98
Trd, 4319781.243, 137
Trd, 4319781.993, 75
Trd, 4319782.793, 140
Trd, 4319783.443, 140
Trd, 4319784.593, 140
Trd, 4319784.793, 140
Trd, 4319784.943, 140
Trd, 4319786.443, 140
Trd, 4319786.543, 140
Trd, 4319787.993, 140
Trd, 4319789.193, 140
Trd, 4319789.793, 140
Trd, 4319789.943, 139
Trd, 4319790.543, 139
Trd, 4319790.793, 139
Trd, 4319791.293, 136
Trd, 4319791.793, 138
Trd, 4319792.243, 136
Trd, 4319792.693, 135
Trd, 4319793.143, 140
Trd, 4319793.393, 140
Trd, 4319795.043, 140
Trd, 4319795.393, 140
Trd, 4319796.193, 140
Trd, 4319797.943, 140
Trd, 4319798.393, 140
Trd, 4319798.543, 139
Trd, 4319799.543, 140
Trd, 4319799.643, 140
Trd, 4319799.993, 139
Trd, 4319800.893, 140
Trd, 4319801.093, 139
Trd, 4319801.643, 138
Trd, 4319801.843, 136
Trd, 4319803.543, 140
Trd, 4319804.143, 140
Trd, 4319804.193, 140
Trd, 4319804.993, 140
Trd, 4319805.393, 139
Trd, 4319805.743, 140
Trd, 4319807.293, 140
Trd, 4319807.693, 140
Trd, 4319808.443, 140
Trd, 4319808.543, 139
Trd, 4319809.543, 131
Trd, 4319810.543, 140
Trd, 4319810.993, 140
Trd, 4319811.543, 140
Trd, 4319812.093, 110
Trd, 4319812.493, 139
Trd, 4319813.043, 108
Trd, 4319815.343, 140
Trd, 4319815.393, 140
Trd, 4319816.293, 140
Trd, 4319818.593, 140
Trd, 4319818.693, 139
Trd, 4319818.843, 131
Trd, 4319819.843, 136
Trd, 4319820.143, 90
Trd, 4319820.193, 89
Trd, 4319821.843, 140
Trd, 4319822.043, 140
Trd, 4319824.643, 140
Trd, 4319824.993, 140
Trd, 4319825.643, 140
Trd, 4319826.093, 140
Trd, 4319826.293, 139
Trd, 4319827.343, 140
Trd, 4319827.593, 140
Trd, 4319828.243, 140
Trd, 4319829.593, 140
Trd, 4319830.043, 140
Trd, 4319830.193, 140
Trd, 4319830.393, 140
Trd, 4319830.793, 140
Trd, 4319831.243, 140
Trd, 4319833.093, 140
Trd, 4319833.393, 140
Trd, 4319835.043, 140
Trd, 4319836.293, 140
Trd, 4319836.343, 140
Trd, 4319836.493, 140
Trd, 4319836.593, 140
Trd, 4319837.343, 140
Trd, 4319837.543, 140
Trd, 4319838.543, 140
Trd, 4319839.043, 140
Trd, 4319839.693, 140
Trd, 4319840.193, 140
Trd, 4319841.943, 140
Trd, 4319842.143, 139
Trd, 4319842.443, 62
Trd, 4319842.593, 78
Trd, 4319844.093, 140
Trd, 4319844.293, 139
Trd, 4319845.543, 130
Trd, 4319846.243, 60
Trd, 4319846.393, 60
Trd, 4319846.543, 67
Trd, 4319847.443, 63
Trd, 4319848.093, 140
Trd, 4319848.493, 64
Trd, 4319850.093, 60
Trd, 4319851.793, 60
Trd, 4319852.043, 61
Trd, 4319853.543, 60
Trd, 4319854.993, 60
Trd, 4319855.293, 60
Trd, 4319856.043, 60
Trd, 4319856.093, 61
Trd, 4319856.293, 61
Trd, 4319856.793, 61
Trd, 4319857.243, 63
Trd, 4319858.143, 140
Trd, 4319858.943, 140
Trd, 4319859.243, 140
Trd, 4319860.843, 139
Trd, 4319862.043, 140
Trd, 4319862.443, 140
Trd, 4319862.693, 140
Trd, 4319863.243, 140
Trd, 4319863.543, 140
Trd, 4319864.593, 140
Trd, 4319864.843, 140
Trd, 4319866.893, 140
Trd, 4319867.893, 140
Trd, 4319868.293, 140
Trd, 4319868.393, 140
Trd, 4319868.493, 140
Trd, 4319868.693, 140
Trd, 4319870.443, 140
Trd, 4319872.543, 140
Trd, 4319872.843, 140
Trd, 4319873.043, 140
Trd, 4319873.343, 140
Trd, 4319873.643, 140
Trd, 4319874.943, 140
Trd, 4319875.193, 140
Trd, 4319875.543, 139
Trd, 4319876.093, 140
Trd, 4319877.543, 140
Trd, 4319877.893, 138
Trd, 4319879.043, 140
Trd, 4319879.893, 140
Trd, 4319881.143, 140
Trd, 4319881.393, 140
Trd, 4319881.793, 140
Trd, 4319882.393, 140
Trd, 4319883.243, 140
Trd, 4319883.843, 139
Trd, 4319885.043, 105
Trd, 4319885.143, 125
Trd, 4319886.093, 64
Trd, 4319887.993, 62
Trd, 4319888.243, 61
Trd, 4319888.293, 63
Trd, 4319888.593, 61
Trd, 4319889.093, 61
Trd, 4319889.443, 60
Trd, 4319889.693, 109
Trd, 4319892.293, 140
Trd, 4319892.343, 140
Trd, 4319892.493, 140
Trd, 4319892.593, 140
Trd, 4319892.743, 138
Trd, 4319893.693, 140
Trd, 4319895.193, 140
Trd, 4319895.743, 140
Trd, 4319897.093, 140
Trd, 4319898.643, 140
Trd, 4319898.893, 140
Trd, 4319898.943, 140
Trd, 4319898.993, 140
Trd, 4319899.143, 137
Trd, 4319899.193, 134
Trd, 4319899.793, 140
Trd, 4319900.193, 98
Trd, 4319900.593, 61
Trd, 4319901.643, 139
Trd, 4319902.743, 81
Trd, 4319903.893, 66
Trd, 4319904.943, 64
Trd, 4319905.493, 139
Trd, 4319906.043, 140
Trd, 4319906.793, 140
Trd, 4319907.193, 66
Trd, 4319907.643, 61
Trd, 4319908.843, 60
Trd, 4319909.643, 60
Trd, 4319912.893, 60
Trd, 4319913.493, 60
Trd, 4319913.943, 60
Trd, 4319914.093, 60
Trd, 4319914.693, 60
Trd, 4319914.743, 61
Trd, 4319914.943, 61
Trd, 4319915.243, 61
Trd, 4319916.093, 60
Trd, 4319916.643, 65
Trd, 4319916.693, 66
Trd, 4319917.393, 62
Trd, 4319918.993, 62
Trd, 4319919.543, 60
Trd, 4319920.343, 60
Trd, 4319921.893, 60
Trd, 4319923.793, 60
Trd, 4319923.843, 60
Trd, 4319924.143, 60
Trd, 4319924.543, 61
Trd, 4319925.443, 62
Trd, 4319927.093, 60
Trd, 4319927.693, 63
Trd, 4319927.893, 63
Trd, 4319928.143, 66
Trd, 4319928.393, 66
Trd, 4319928.493, 67
Trd, 4319928.693, 65
Trd, 4319929.843, 140
Trd, 4319929.993, 65
Trd, 4319930.743, 64
Trd, 4319931.043, 66
Trd, 4319931.393, 139
Trd, 4319931.743, 63
Trd, 4319932.593, 139
Trd, 4319933.693, 140
Trd, 4319934.843, 140
Trd, 4319935.843, 140
Trd, 4319936.943, 140
Trd, 4319937.393, 140
Trd, 4319937.593, 140
Trd, 4319937.793, 140
Trd, 4319939.043, 140
Trd, 4319939.243, 140
Trd, 4319941.043, 140
Trd, 4319941.943, 140
Trd, 4319942.793, 140
Trd, 4319943.793, 140
Trd, 4319944.443, 140
Trd, 4319944.743, 140
Trd, 4319944.843, 139
Trd, 4319945.643, 140
Trd, 4319946.193, 140
Trd, 4319946.443, 140
Trd, 4319946.493, 140
Trd, 4319946.893, 140
Trd, 4319947.643, 140
Trd, 4319949.043, 140
Trd, 4319949.343, 140
Trd, 4319950.843, 140
Trd, 4319951.693, 140
Trd, 4319952.643, 140
Trd, 4319952.793, 140
Trd, 4319953.543, 140
Trd, 4319955.593, 140
Trd, 4319955.693, 140
Trd, 4319956.293, 140
Trd, 4319956.693, 140
Trd, 4319957.793, 140
Trd, 4319958.543, 140
Trd, 4319959.143, 140
Trd, 4319959.193, 140
Trd, 4319959.343, 133
Trd, 4319959.443, 69
Trd, 4319960.593, 61
Trd, 4319961.093, 110
Trd, 4319961.393, 140
Trd, 4319962.443, 60
Trd, 4319962.693, 60
Trd, 4319963.443, 60
Trd, 4319964.943, 60
Trd, 4319966.043, 60
Trd, 4319966.343, 64
Trd, 4319967.093, 60
Trd, 4319968.143, 62
Trd, 4319968.743, 140
Trd, 4319968.993, 140
Trd, 4319969.593, 140
Trd, 4319969.843, 140
Trd, 4319970.443, 140
Trd, 4319972.293, 140
Trd, 4319972.743, 140
Trd, 4319973.143, 140
Trd, 4319973.243, 139
Trd, 4319973.343, 139
Trd, 4319974.193, 138
Trd, 4319974.943, 140
Trd, 4319975.293, 139
Trd, 4319976.143, 140
Trd, 4319977.193, 140
Trd, 4319978.043, 140
Trd, 4319978.193, 138
Trd, 4319978.843, 140
Trd, 4319980.193, 140
Trd, 4319980.893, 140
Trd, 4319980.993, 140
Trd, 4319981.143, 140
Trd, 4319981.993, 140
Trd, 4319983.243, 140
Trd, 4319983.993, 140
Trd, 4319984.343, 139
Trd, 4319985.243, 140
Trd, 4319985.343, 140
Trd, 4319985.693, 139
Trd, 4319986.543, 140
Trd, 4319986.793, 138
Trd, 4319987.093, 140
Trd, 4319988.493, 140
Trd, 4319988.743, 88
Trd, 4319989.793, 89
Trd, 4319990.443, 87
Trd, 4319991.643, 139
Trd, 4319992.043, 139
Trd, 4319992.593, 139
Trd, 4319992.693, 105
Trd, 4319993.843, 60
Trd, 4319993.943, 60
Trd, 4319994.843, 140
Trd, 4319996.043, 140
Trd, 4319996.093, 140
Trd, 4319996.343, 140
Trd, 4319997.593, 140
Trd, 4319997.643, 140
Trd, 4319998.943, 140
