Trd, 4317836.493, 89
Trd, 4317837.893, 95
Trd, 4317839.093, 95
Trd, 4317840.793, 95
Trd, 4317843.943, 88
Trd, 4317846.543, 89
Trd, 4317847.893, 88
Trd, 4317848.693, 87
Trd, 4317851.493, 95
Trd, 4317853.993, 90
Trd, 4317854.693, 89
Trd, 4317854.743, 90
Trd, 4317856.293, 88
Trd, 4317856.743, 88
Trd, 4317858.293, 121
Trd, 4317859.743, 88
Trd, 4317861.043, 93
Trd, 4317862.043, 92
Trd, 4317866.493, 89
Trd, 4317867.193, 89
Trd, 4317867.643, 89
Trd, 4317873.143, 88
Trd, 4317873.243, 88
Trd, 4317873.293, 89
Trd, 4317873.593, 104
Trd, 4317875.493, 94
Trd, 4317876.193, 87
Trd, 4317879.193, 91
Trd, 4317880.293, 92
Trd, 4317882.543, 87
Trd, 4317883.443, 89
Trd, 4317887.093, 87
Trd, 4317887.943, 88
Trd, 4317889.693, 87
Trd, 4317890.243, 86
Trd, 4317890.443, 87
Trd, 4317892.993, 86
Trd, 4317893.543, 85
Trd, 4317896.293, 86
Trd, 4317896.743, 86
Trd, 4317897.593, 85
Trd, 4317898.543, 86
Trd, 4317900.193, 86
Trd, 4317900.393, 86
Trd, 4317902.343, 99
Trd, 4317906.293, 85
Trd, 4317907.093, 85
Trd, 4317908.193, 91
Trd, 4317908.393, 98
Trd, 4317911.043, 85
Trd, 4317912.093, 92
Trd, 4317914.443, 95
Trd, 4317916.393, 88
Trd, 4317916.593, 90
Trd, 4317917.993, 86
Trd, 4317918.193, 87
Trd, 4317918.793, 89
Trd, 4317921.343, 88
Trd, 4317921.593, 89
Trd, 4317922.243, 87
Trd, 4317925.343, 103
Trd, 4317926.543, 90
Trd, 4317927.043, 97
Trd, 4317930.793, 93
Trd, 4317933.143, 90
Trd, 4317933.293, 93
Trd, 4317935.743, 89
Trd, 4317936.143, 92
Trd, 4317939.393, 89
Trd, 4317939.643, 89
Trd, 4317941.293, 88
Trd, 4317941.693, 88
Trd, 4317941.893, 91
Trd, 4317942.043, 102
Trd, 4317942.943, 101
Trd, 4317943.093, 86
Trd, 4317947.543, 90
Trd, 4317950.593, 91
Trd, 4317952.293, 91
Trd, 4317954.793, 88
Trd, 4317956.243, 87
Trd, 4317957.443, 90
Trd, 4317961.543, 88
Trd, 4317962.393, 88
Trd, 4317963.443, 88
Trd, 4317963.493, 95
Trd, 4317967.093, 86
Trd, 4317967.643, 86
Trd, 4317967.943, 86
Trd, 4317968.243, 89
Trd, 4317969.243, 96
Trd, 4317970.793, 87
Trd, 4317972.493, 92
Trd, 4317973.993, 102
Trd, 4317974.843, 94
Trd, 4317978.743, 95
Trd, 4317979.343, 93
Trd, 4317980.193, 95
Trd, 4317981.043, 91
Trd, 4317981.943, 94
Trd, 4317983.193, 104
Trd, 4317985.943, 90
Trd, 4317986.843, 90
Trd, 4317987.593, 92
Trd, 4317987.693, 92
Trd, 4317991.293, 91
Trd, 4317991.543, 88
Trd, 4317992.093, 93
Trd, 4317993.493, 92
Trd, 4317997.293, 89
Trd, 4317999.443, 89
Trd, 4317999.493, 91
Trd, 4318001.293, 90
Trd, 4318002.843, 89
Trd, 4318003.293, 88
Trd, 4318003.643, 89
Trd, 4318004.993, 88
Trd, 4318007.943, 90
Trd, 4318009.443, 104
Trd, 4318009.993, 88
Trd, 4318013.143, 91
Trd, 4318014.193, 90
Trd, 4318014.343, 87
Trd, 4318016.443, 91
Trd, 4318017.593, 91
Trd, 4318020.443, 88
Trd, 4318021.893, 87
Trd, 4318022.593, 87
Trd, 4318022.843, 87
Trd, 4318024.443, 95
Trd, 4318025.793, 86
Trd, 4318027.893, 92
Trd, 4318030.443, 90
Trd, 4318031.193, 91
Trd, 4318033.093, 88
Trd, 4318033.193, 91
Trd, 4318037.043, 91
Trd, 4318037.543, 88
Trd, 4318038.093, 89
Trd, 4318041.293, 88
Trd, 4318041.643, 87
Trd, 4318042.743, 86
Trd, 4318043.943, 101
Trd, 4318045.593, 86
Trd, 4318047.043, 91
Trd, 4318047.543, 90
Trd, 4318050.943, 89
Trd, 4318051.943, 88
Trd, 4318052.293, 86
Trd, 4318053.943, 88
Trd, 4318055.143, 91
Trd, 4318055.243, 87
Trd, 4318058.043, 91
Trd, 4318058.243, 88
Trd, 4318059.593, 92
Trd, 4318062.093, 89
Trd, 4318062.543, 91
Trd, 4318064.993, 100
Trd, 4318067.193, 88
Trd, 4318067.643, 95
Trd, 4318067.793, 87
Trd, 4318068.393, 96
Trd, 4318073.443, 87
Trd, 4318074.543, 86
Trd, 4318075.893, 87
Trd, 4318076.193, 86
Trd, 4318076.593, 100
Trd, 4318076.993, 103
Trd, 4318081.843, 94
Trd, 4318081.943, 97
Trd, 4318083.393, 95
Trd, 4318083.493, 89
Trd, 4318085.343, 88
Trd, 4318088.443, 89
Trd, 4318088.893, 88
Trd, 4318090.693, 87
Trd, 4318091.193, 87
Trd, 4318091.493, 95
Trd, 4318092.543, 102
Trd, 4318094.893, 87
Trd, 4318098.143, 90
Trd, 4318099.243, 90
Trd, 4318101.693, 95
Trd, 4318104.743, 88
Trd, 4318105.893, 86
Trd, 4318107.293, 89
Trd, 4318108.793, 86
Trd, 4318110.043, 89
Trd, 4318112.943, 86
Trd, 4318113.643, 87
Trd, 4318114.193, 86
Trd, 4318115.693, 85
Trd, 4318117.443, 88
Trd, 4318118.193, 95
Trd, 4318120.593, 91
Trd, 4318122.593, 87
Trd, 4318122.793, 89
Trd, 4318124.543, 104
Trd, 4318124.693, 86
Trd, 4318125.393, 86
Trd, 4318126.243, 95
Trd, 4318131.143, 88
Trd, 4318132.243, 88
Trd, 4318134.043, 89
Trd, 4318134.993, 87
Trd, 4318135.343, 87
Trd, 4318136.043, 95
Trd, 4318136.543, 86
Trd, 4318138.693, 91
Trd, 4318139.593, 104
Trd, 4318140.393, 86
Trd, 4318142.593, 92
Trd, 4318143.793, 87
Trd, 4318145.443, 88
Trd, 4318146.343, 87
Trd, 4318147.643, 89
Trd, 4318148.393, 87
Trd, 4318148.543, 104
Trd, 4318151.193, 86
Trd, 4318151.643, 94
Trd, 4318153.843, 93
Trd, 4318155.293, 91
Trd, 4318158.493, 86
Trd, 4318158.543, 86
Trd, 4318158.693, 91
Trd, 4318159.043, 85
Trd, 4318163.343, 94
Trd, 4318164.893, 88
Trd, 4318165.343, 91
Trd, 4318166.293, 87
Trd, 4318167.993, 90
Trd, 4318168.993, 91
Trd, 4318171.443, 91
Trd, 4318172.443, 86
Trd, 4318174.143, 91
Trd, 4318176.393, 87
Trd, 4318177.293, 89
Trd, 4318177.443, 86
Trd, 4318177.493, 91
Trd, 4318180.543, 86
Trd, 4318180.793, 88
Trd, 4318184.793, 87
Trd, 4318188.693, 87
Trd, 4318189.943, 86
Trd, 4318190.343, 91
Trd, 4318191.943, 86
Trd, 4318192.543, 89
Trd, 4318195.393, 88
Trd, 4318196.743, 99
Trd, 4318198.093, 127
Trd, 4318199.143, 102
Trd, 4318201.043, 101
Trd, 4318201.593, 102
Trd, 4318202.093, 102
Trd, 4318203.293, 99
Trd, 4318203.493, 96
Trd, 4318204.393, 78
Trd, 4318207.793, 97
Trd, 4318208.243, 103
Trd, 4318208.293, 95
Trd, 4318212.293, 98
Trd, 4318212.793, 102
Trd, 4318215.243, 95
Trd, 4318216.993, 94
Trd, 4318218.443, 96
Trd, 4318220.093, 94
Trd, 4318221.543, 93
Trd, 4318222.093, 94
Trd, 4318222.993, 92
Trd, 4318224.443, 94
Trd, 4318226.043, 91
Trd, 4318227.243, 93
Trd, 4318227.693, 92
Trd, 4318228.593, 95
Trd, 4318231.043, 91
Trd, 4318232.593, 90
Trd, 4318232.743, 92
Trd, 4318235.743, 90
Trd, 4318237.393, 95
Trd, 4318237.443, 104
Trd, 4318238.593, 89
Trd, 4318239.293, 95
Trd, 4318241.643, 90
Trd, 4318242.693, 92
Trd, 4318245.093, 90
Trd, 4318246.543, 91
Trd, 4318248.743, 91
Trd, 4318250.643, 89
Trd, 4318252.243, 89
Trd, 4318253.543, 90
Trd, 4318255.443, 90
Trd, 4318256.693, 88
Trd, 4318257.943, 94
Trd, 4318260.893, 88
Trd, 4318261.443, 91
Trd, 4318262.043, 91
Trd, 4318265.193, 88
Trd, 4318265.243, 87
Trd, 4318266.343, 87
Trd, 4318267.893, 86
Trd, 4318268.093, 87
Trd, 4318268.543, 86
Trd, 4318269.593, 88
Trd, 4318274.943, 89
Trd, 4318275.793, 88
Trd, 4318276.693, 89
Trd, 4318276.793, 96
Trd, 4318279.093, 97
Trd, 4318280.243, 102
Trd, 4318282.343, 87
Trd, 4318283.843, 90
Trd, 4318284.343, 89
Trd, 4318286.043, 86
Trd, 4318288.943, 86
Trd, 4318290.143, 86
Trd, 4318290.243, 87
Trd, 4318291.143, 97
Trd, 4318291.593, 104
Trd, 4318294.793, 89
Trd, 4318294.993, 87
Trd, 4318296.343, 88
Trd, 4318296.393, 91
Trd, 4318297.593, 86
Trd, 4318299.193, 86
Trd, 4318301.243, 87
Trd, 4318301.393, 99
Trd, 4318302.593, 85
Trd, 4318304.543, 91
Trd, 4318306.343, 86
Trd, 4318307.693, 90
Trd, 4318308.543, 86
Trd, 4318310.243, 87
Trd, 4318310.343, 88
Trd, 4318314.193, 88
Trd, 4318315.493, 89
Trd, 4318315.793, 95
Trd, 4318318.593, 86
Trd, 4318320.593, 87
Trd, 4318323.843, 94
Trd, 4318325.693, 91
Trd, 4318326.143, 91
Trd, 4318326.643, 86
Trd, 4318329.193, 86
Trd, 4318331.593, 86
Trd, 4318331.893, 87
Trd, 4318331.993, 87
Trd, 4318334.093, 88
Trd, 4318334.443, 97
Trd, 4318335.293, 87
Trd, 4318335.643, 91
Trd, 4318339.543, 86
Trd, 4318342.693, 89
Trd, 4318343.143, 88
Trd, 4318344.643, 87
Trd, 4318345.793, 86
Trd, 4318347.543, 85
Trd, 4318347.593, 86
Trd, 4318347.643, 86
Trd, 4318348.143, 104
Trd, 4318349.693, 92
Trd, 4318352.043, 84
Trd, 4318353.393, 90
Trd, 4318354.993, 91
Trd, 4318357.243, 87
Trd, 4318357.893, 91
Trd, 4318359.793, 91
Trd, 4318360.393, 86
Trd, 4318361.993, 88
Trd, 4318365.693, 87
Trd, 4318366.343, 88
Trd, 4318368.943, 87
Trd, 4318372.093, 88
Trd, 4318372.343, 88
Trd, 4318373.543, 86
Trd, 4318374.843, 93
Trd, 4318376.393, 87
Trd, 4318377.543, 91
Trd, 4318380.293, 89
Trd, 4318380.343, 88
Trd, 4318380.643, 101
Trd, 4318383.143, 87
Trd, 4318384.543, 93
Trd, 4318388.093, 86
Trd, 4318388.243, 85
Trd, 4318388.843, 86
Trd, 4318389.493, 104
Trd, 4318391.093, 86
Trd, 4318396.843, 86
Trd, 4318397.093, 87
Trd, 4318397.443, 86
Trd, 4318397.643, 85
Trd, 4318401.093, 93
Trd, 4318404.243, 87
Trd, 4318404.693, 87
Trd, 4318405.143, 86
Trd, 4318406.893, 86
Trd, 4318407.293, 92
Trd, 4318409.293, 89
Trd, 4318409.943, 104
Trd, 4318412.293, 90
Trd, 4318413.243, 90
Trd, 4318413.443, 86
Trd, 4318416.493, 86
Trd, 4318418.143, 90
Trd, 4318420.743, 92
Trd, 4318421.593, 96
Trd, 4318423.093, 93
Trd, 4318423.693, 94
Trd, 4318423.843, 91
Trd, 4318424.043, 94
Trd, 4318425.793, 102
Trd, 4318425.993, 91
Trd, 4318429.643, 91
Trd, 4318431.393, 91
Trd, 4318431.693, 93
Trd, 4318432.593, 90
Trd, 4318435.543, 91
Trd, 4318438.193, 91
Trd, 4318439.393, 99
Trd, 4318441.693, 92
Trd, 4318442.793, 89
Trd, 4318444.943, 88
Trd, 4318445.493, 92
Trd, 4318446.043, 92
Trd, 4318447.893, 87
Trd, 4318449.493, 90
Trd, 4318451.443, 89
Trd, 4318454.043, 87
Trd, 4318455.243, 89
Trd, 4318457.643, 87
Trd, 4318458.043, 86
Trd, 4318458.143, 86
Trd, 4318460.443, 86
Trd, 4318463.943, 86
Trd, 4318464.393, 86
Trd, 4318465.393, 87
Trd, 4318466.593, 86
Trd, 4318468.393, 86
Trd, 4318469.893, 87
Trd, 4318470.293, 100
Trd, 4318471.193, 101
Trd, 4318471.543, 104
Trd, 4318473.043, 99
Trd, 4318474.093, 97
Trd, 4318476.843, 94
Trd, 4318477.693, 86
Trd, 4318478.443, 88
Trd, 4318478.543, 91
Trd, 4318480.793, 94
Trd, 4318481.893, 103
Trd, 4318484.393, 92
Trd, 4318485.943, 95
Trd, 4318486.143, 96
Trd, 4318487.293, 94
Trd, 4318489.743, 94
Trd, 4318489.893, 93
Trd, 4318491.693, 94
Trd, 4318493.993, 91
Trd, 4318494.243, 91
Trd, 4318494.993, 93
Trd, 4318498.543, 90
Trd, 4318501.243, 92
Trd, 4318501.643, 91
Trd, 4318502.893, 90
Trd, 4318504.543, 89
Trd, 4318504.693, 102
Trd, 4318509.093, 96
Trd, 4318509.843, 95
Trd, 4318511.693, 89
Trd, 4318513.593, 91
Trd, 4318514.893, 88
Trd, 4318517.493, 90
Trd, 4318517.743, 90
Trd, 4318518.493, 89
Trd, 4318520.543, 91
Trd, 4318522.993, 88
Trd, 4318525.543, 89
Trd, 4318526.693, 89
Trd, 4318527.793, 87
Trd, 4318531.043, 89
Trd, 4318531.543, 87
Trd, 4318532.743, 88
Trd, 4318534.443, 87
Trd, 4318535.493, 86
Trd, 4318535.743, 103
Trd, 4318536.843, 86
Trd, 4318536.943, 103
Trd, 4318538.243, 104
Trd, 4318539.693, 92
Trd, 4318543.793, 93
Trd, 4318545.443, 92
Trd, 4318547.243, 91
Trd, 4318547.343, 98
Trd, 4318549.843, 91
Trd, 4318550.343, 92
Trd, 4318551.993, 91
Trd, 4318554.193, 91
Trd, 4318554.493, 92
Trd, 4318555.293, 90
Trd, 4318557.693, 90
Trd, 4318560.143, 98
Trd, 4318560.643, 89
Trd, 4318561.393, 93
Trd, 4318565.243, 90
Trd, 4318565.793, 88
Trd, 4318566.043, 87
Trd, 4318568.743, 89
Trd, 4318569.243, 87
Trd, 4318570.543, 89
Trd, 4318572.343, 90
Trd, 4318574.143, 86
Trd, 4318574.443, 86
Trd, 4318574.843, 87
Trd, 4318577.943, 86
Trd, 4318578.193, 88
Trd, 4318578.943, 88
Trd, 4318581.843, 88
Trd, 4318582.643, 86
Trd, 4318582.893, 91
Trd, 4318584.543, 98
Trd, 4318585.193, 86
Trd, 4318586.643, 90
Trd, 4318589.943, 91
Trd, 4318593.093, 86
Trd, 4318593.143, 86
Trd, 4318593.543, 88
Trd, 4318594.343, 86
Trd, 4318595.643, 118
Trd, 4318597.093, 95
Trd, 4318598.993, 92
Trd, 4318600.543, 92
Trd, 4318603.793, 89
Trd, 4318603.893, 86
Trd, 4318605.393, 88
Trd, 4318605.593, 86
Trd, 4318607.443, 86
Trd, 4318607.493, 87
Trd, 4318609.993, 86
Trd, 4318610.993, 86
Trd, 4318612.593, 96
Trd, 4318614.093, 85
Trd, 4318614.593, 92
Trd, 4318618.443, 86
Trd, 4318619.093, 87
Trd, 4318620.993, 86
Trd, 4318622.593, 89
Trd, 4318622.843, 104
Trd, 4318623.793, 106
Trd, 4318625.043, 98
Trd, 4318628.093, 91
Trd, 4318631.943, 91
Trd, 4318632.093, 90
Trd, 4318632.143, 93
Trd, 4318634.743, 91
Trd, 4318634.993, 92
Trd, 4318635.243, 107
Trd, 4318638.643, 90
Trd, 4318640.743, 89
Trd, 4318640.943, 89
Trd, 4318641.843, 90
Trd, 4318642.743, 91
Trd, 4318646.943, 91
Trd, 4318648.193, 104
Trd, 4318649.043, 89
Trd, 4318652.743, 90
Trd, 4318652.793, 93
Trd, 4318655.443, 91
Trd, 4318658.093, 90
Trd, 4318660.043, 89
Trd, 4318660.943, 89
Trd, 4318661.543, 104
Trd, 4318661.843, 97
Trd, 4318662.543, 86
Trd, 4318663.693, 85
Trd, 4318664.393, 85
Trd, 4318665.343, 89
Trd, 4318667.443, 86
Trd, 4318667.693, 87
Trd, 4318668.543, 85
Trd, 4318673.293, 86
Trd, 4318673.993, 87
Trd, 4318674.243, 87
Trd, 4318675.043, 86
Trd, 4318676.493, 96
Trd, 4318679.193, 91
Trd, 4318681.393, 91
Trd, 4318682.143, 86
Trd, 4318683.143, 91
Trd, 4318685.143, 86
Trd, 4318689.243, 90
Trd, 4318690.893, 86
Trd, 4318691.643, 89
Trd, 4318693.143, 87
Trd, 4318693.293, 87
Trd, 4318693.643, 86
Trd, 4318693.793, 95
Trd, 4318696.143, 92
Trd, 4318696.793, 91
Trd, 4318699.143, 113
Trd, 4318699.593, 94
Trd, 4318700.443, 94
Trd, 4318701.193, 78
Trd, 4318701.243, 95
Trd, 4318702.493, 91
Trd, 4318704.193, 88
Trd, 4318705.393, 95
Trd, 4318707.093, 91
Trd, 4318708.843, 92
Trd, 4318710.993, 90
Trd, 4318711.343, 93
Trd, 4318713.693, 91
Trd, 4318714.193, 95
Trd, 4318715.743, 94
Trd, 4318717.893, 94
Trd, 4318718.843, 89
Trd, 4318718.943, 91
Trd, 4318719.793, 96
Trd, 4318720.593, 105
Trd, 4318722.343, 99
Trd, 4318723.893, 79
Trd, 4318727.393, 89
Trd, 4318728.343, 88
Trd, 4318729.443, 88
Trd, 4318730.093, 87
Trd, 4318733.343, 86
Trd, 4318733.493, 86
Trd, 4318733.543, 88
Trd, 4318733.643, 85
Trd, 4318734.243, 103
Trd, 4318735.743, 104
Trd, 4318740.343, 95
Trd, 4318740.943, 104
Trd, 4318741.843, 90
Trd, 4318743.193, 93
Trd, 4318743.393, 86
Trd, 4318744.043, 93
Trd, 4318746.993, 91
Trd, 4318748.093, 87
Trd, 4318751.043, 90
Trd, 4318751.943, 88
Trd, 4318753.643, 91
Trd, 4318756.693, 91
Trd, 4318758.843, 91
Trd, 4318759.343, 96
Trd, 4318761.793, 86
Trd, 4318763.993, 86
Trd, 4318765.393, 103
Trd, 4318766.493, 94
Trd, 4318769.543, 91
Trd, 4318770.393, 89
Trd, 4318772.293, 87
Trd, 4318772.493, 87
Trd, 4318773.593, 86
Trd, 4318774.693, 87
Trd, 4318776.643, 90
Trd, 4318776.843, 98
Trd, 4318779.343, 89
Trd, 4318780.393, 93
Trd, 4318780.493, 95
Trd, 4318783.093, 97
Trd, 4318784.743, 115
Trd, 4318787.993, 93
Trd, 4318788.193, 90
Trd, 4318788.543, 78
Trd, 4318789.093, 93
Trd, 4318790.043, 90
Trd, 4318793.693, 88
Trd, 4318794.293, 87
Trd, 4318794.593, 87
Trd, 4318794.643, 88
Trd, 4318798.093, 88
Trd, 4318799.993, 89
Trd, 4318800.693, 87
Trd, 4318802.393, 106
Trd, 4318803.493, 86
Trd, 4318806.093, 86
Trd, 4318806.743, 91
Trd, 4318807.793, 89
Trd, 4318808.393, 89
Trd, 4318809.693, 86
Trd, 4318810.293, 100
Trd, 4318812.493, 93
Trd, 4318815.993, 93
Trd, 4318816.043, 86
Trd, 4318822.043, 88
Trd, 4318822.193, 86
Trd, 4318822.593, 87
Trd, 4318823.893, 88
Trd, 4318824.043, 86
Trd, 4318826.943, 89
Trd, 4318829.443, 86
Trd, 4318830.193, 87
Trd, 4318832.993, 88
Trd, 4318833.093, 86
Trd, 4318834.793, 86
Trd, 4318836.643, 87
Trd, 4318836.993, 92
Trd, 4318838.743, 95
Trd, 4318838.943, 105
Trd, 4318842.293, 85
Trd, 4318842.993, 86
Trd, 4318845.143, 87
Trd, 4318845.243, 88
Trd, 4318846.493, 88
Trd, 4318848.393, 95
Trd, 4318852.543, 88
Trd, 4318853.243, 85
Trd, 4318853.843, 88
Trd, 4318855.593, 84
Trd, 4318856.643, 79
Trd, 4318857.143, 78
Trd, 4318859.543, 86
Trd, 4318861.843, 100
Trd, 4318863.193, 116
Trd, 4318863.493, 90
Trd, 4318865.193, 88
Trd, 4318867.243, 94
Trd, 4318868.293, 93
Trd, 4318870.243, 104
Trd, 4318872.443, 94
Trd, 4318873.943, 90
Trd, 4318875.943, 91
Trd, 4318876.843, 91
Trd, 4318878.543, 88
Trd, 4318879.143, 92
Trd, 4318882.093, 92
Trd, 4318885.793, 90
Trd, 4318886.943, 113
Trd, 4318889.243, 93
Trd, 4318889.443, 92
Trd, 4318889.593, 91
Trd, 4318892.043, 77
Trd, 4318892.493, 89
Trd, 4318893.943, 76
Trd, 4318893.993, 81
Trd, 4318894.643, 95
Trd, 4318895.893, 105
Trd, 4318900.343, 88
Trd, 4318900.593, 92
Trd, 4318902.593, 91
Trd, 4318902.693, 90
Trd, 4318906.593, 89
Trd, 4318906.743, 88
Trd, 4318906.793, 87
Trd, 4318907.593, 99
Trd, 4318909.393, 93
Trd, 4318910.893, 87
Trd, 4318913.293, 87
Trd, 4318913.343, 78
Trd, 4318913.693, 85
Trd, 4318913.843, 100
Trd, 4318917.043, 92
Trd, 4318919.343, 89
Trd, 4318919.693, 90
Trd, 4318921.443, 87
Trd, 4318921.793, 87
Trd, 4318924.143, 87
Trd, 4318924.843, 87
Trd, 4318926.543, 103
Trd, 4318928.343, 86
Trd, 4318928.843, 92
Trd, 4318930.143, 87
Trd, 4318930.193, 92
Trd, 4318933.343, 91
Trd, 4318934.093, 92
Trd, 4318935.443, 93
Trd, 4318936.843, 88
Trd, 4318939.743, 93
Trd, 4318942.243, 95
Trd, 4318943.043, 97
Trd, 4318944.093, 87
Trd, 4318945.893, 94
Trd, 4318947.293, 105
Trd, 4318949.043, 87
Trd, 4318949.993, 91
Trd, 4318951.943, 88
Trd, 4318953.293, 89
Trd, 4318954.993, 86
Trd, 4318957.743, 86
Trd, 4318957.843, 86
Trd, 4318957.893, 85
Trd, 4318958.693, 78
Trd, 4318959.543, 98
Trd, 4318959.593, 101
Trd, 4318963.493, 101
Trd, 4318963.943, 84
Trd, 4318965.743, 94
Trd, 4318967.443, 94
Trd, 4318968.393, 93
Trd, 4318969.893, 87
Trd, 4318972.043, 94
Trd, 4318972.243, 86
Trd, 4318974.643, 93
Trd, 4318979.643, 93
Trd, 4318979.993, 94
Trd, 4318981.493, 88
Trd, 4318984.043, 87
Trd, 4318986.143, 87
Trd, 4318986.793, 88
Trd, 4318987.093, 89
Trd, 4318990.693, 88
Trd, 4318991.643, 89
Trd, 4318992.093, 87
Trd, 4318993.293, 86
Trd, 4318993.743, 89
Trd, 4318993.993, 89
Trd, 4318996.843, 87
Trd, 4319000.243, 87
Trd, 4319000.993, 86
Trd, 4319001.993, 88
Trd, 4319004.793, 85
Trd, 4319005.093, 86
Trd, 4319005.393, 86
Trd, 4319005.543, 86
Trd, 4319007.543, 87
Trd, 4319008.843, 87
Trd, 4319009.343, 95
Trd, 4319010.093, 118
Trd, 4319010.643, 86
Trd, 4319013.443, 94
Trd, 4319014.493, 87
Trd, 4319016.043, 93
Trd, 4319019.443, 91
Trd, 4319020.943, 91
Trd, 4319021.443, 87
Trd, 4319022.843, 90
Trd, 4319022.943, 87
Trd, 4319023.843, 90
Trd, 4319027.343, 86
Trd, 4319028.843, 86
Trd, 4319029.193, 86
Trd, 4319029.443, 85
Trd, 4319029.943, 109
Trd, 4319031.393, 101
Trd, 4319032.093, 120
Trd, 4319032.493, 101
Trd, 4319035.343, 100
Trd, 4319035.743, 104
Trd, 4319037.043, 102
Trd, 4319038.043, 99
Trd, 4319039.743, 92
Trd, 4319040.593, 91
Trd, 4319040.793, 86
Trd, 4319042.693, 92
Trd, 4319044.443, 99
Trd, 4319047.393, 96
Trd, 4319047.643, 96
Trd, 4319048.743, 97
Trd, 4319049.843, 94
Trd, 4319053.493, 97
Trd, 4319053.543, 94
Trd, 4319054.493, 97
Trd, 4319055.343, 97
Trd, 4319058.143, 93
Trd, 4319058.343, 93
Trd, 4319059.043, 86
Trd, 4319059.143, 104
Trd, 4319059.843, 101
Trd, 4319063.543, 92
Trd, 4319065.343, 92
Trd, 4319066.343, 91
Trd, 4319068.093, 94
Trd, 4319068.293, 92
Trd, 4319069.493, 99
Trd, 4319069.943, 90
Trd, 4319075.843, 90
Trd, 4319076.093, 90
Trd, 4319076.593, 90
Trd, 4319076.693, 89
Trd, 4319078.593, 89
Trd, 4319079.143, 96
Trd, 4319080.193, 88
Trd, 4319081.243, 88
Trd, 4319084.143, 87
Trd, 4319084.343, 88
Trd, 4319087.743, 88
Trd, 4319087.793, 86
Trd, 4319090.493, 86
Trd, 4319091.893, 88
Trd, 4319092.843, 94
Trd, 4319095.843, 90
Trd, 4319096.793, 86
Trd, 4319098.493, 90
Trd, 4319098.993, 91
Trd, 4319100.843, 92
Trd, 4319101.443, 92
Trd, 4319102.493, 90
Trd, 4319105.743, 88
Trd, 4319106.393, 93
Trd, 4319107.893, 94
Trd, 4319109.793, 93
Trd, 4319110.543, 95
Trd, 4319111.893, 87
Trd, 4319114.993, 88
Trd, 4319116.093, 94
Trd, 4319118.643, 90
Trd, 4319119.343, 88
Trd, 4319119.443, 89
Trd, 4319120.893, 87
Trd, 4319121.393, 87
Trd, 4319121.943, 87
Trd, 4319124.643, 87
Trd, 4319124.793, 86
Trd, 4319126.543, 77
Trd, 4319127.893, 96
Trd, 4319129.493, 87
Trd, 4319129.893, 85
Trd, 4319132.343, 88
Trd, 4319135.243, 88
Trd, 4319135.343, 89
Trd, 4319139.193, 86
Trd, 4319140.143, 87
Trd, 4319142.193, 86
Trd, 4319142.943, 85
Trd, 4319143.243, 87
Trd, 4319144.643, 90
Trd, 4319146.393, 89
Trd, 4319147.743, 92
Trd, 4319148.043, 89
Trd, 4319149.393, 95
Trd, 4319151.243, 88
Trd, 4319154.593, 89
Trd, 4319155.743, 91
Trd, 4319156.493, 104
Trd, 4319156.993, 88
Trd, 4319157.843, 94
Trd, 4319161.793, 90
Trd, 4319162.093, 89
Trd, 4319162.543, 88
Trd, 4319164.843, 89
Trd, 4319166.043, 97
Trd, 4319166.343, 87
Trd, 4319169.893, 92
Trd, 4319170.843, 86
Trd, 4319174.243, 88
Trd, 4319175.693, 87
Trd, 4319177.043, 86
Trd, 4319178.243, 86
Trd, 4319178.593, 87
Trd, 4319182.393, 87
Trd, 4319184.843, 87
Trd, 4319184.943, 87
Trd, 4319185.343, 88
Trd, 4319187.143, 88
Trd, 4319188.543, 88
Trd, 4319189.593, 88
Trd, 4319189.893, 93
Trd, 4319190.793, 104
Trd, 4319190.943, 96
Trd, 4319192.493, 87
Trd, 4319196.493, 87
Trd, 4319197.093, 87
Trd, 4319198.143, 86
Trd, 4319199.443, 86
Trd, 4319199.593, 87
Trd, 4319202.843, 86
Trd, 4319204.643, 86
Trd, 4319204.993, 85
Trd, 4319205.093, 84
Trd, 4319205.593, 86
Trd, 4319208.393, 86
Trd, 4319208.543, 86
Trd, 4319210.243, 84
Trd, 4319210.993, 92
Trd, 4319211.593, 91
Trd, 4319215.493, 91
Trd, 4319215.993, 90
Trd, 4319216.943, 86
Trd, 4319217.993, 92
Trd, 4319219.993, 91
Trd, 4319220.693, 87
Trd, 4319222.043, 95
Trd, 4319224.743, 88
Trd, 4319226.593, 86
Trd, 4319227.193, 86
Trd, 4319227.593, 85
Trd, 4319229.393, 87
Trd, 4319229.693, 87
Trd, 4319231.043, 94
Trd, 4319232.293, 92
Trd, 4319233.343, 98
Trd, 4319235.593, 91
Trd, 4319237.443, 95
Trd, 4319239.943, 91
Trd, 4319240.493, 95
Trd, 4319243.493, 93
Trd, 4319246.543, 92
Trd, 4319246.593, 91
Trd, 4319248.143, 90
Trd, 4319248.393, 91
Trd, 4319248.943, 91
Trd, 4319252.343, 91
Trd, 4319252.593, 90
Trd, 4319253.243, 99
Trd, 4319253.393, 89
Trd, 4319254.143, 96
Trd, 4319256.993, 94
Trd, 4319260.743, 89
Trd, 4319261.593, 91
Trd, 4319263.993, 91
Trd, 4319264.243, 97
Trd, 4319264.393, 88
Trd, 4319268.343, 89
Trd, 4319268.793, 91
Trd, 4319268.843, 92
Trd, 4319273.493, 88
Trd, 4319274.443, 89
Trd, 4319274.543, 87
Trd, 4319274.943, 95
Trd, 4319279.093, 94
Trd, 4319281.143, 90
Trd, 4319281.543, 89
Trd, 4319281.693, 94
Trd, 4319282.143, 94
Trd, 4319286.043, 92
Trd, 4319286.843, 91
Trd, 4319288.643, 90
Trd, 4319289.393, 89
Trd, 4319290.743, 88
Trd, 4319292.943, 89
Trd, 4319293.443, 87
Trd, 4319296.043, 87
Trd, 4319297.343, 86
Trd, 4319299.193, 87
Trd, 4319301.243, 86
Trd, 4319301.843, 104
Trd, 4319304.293, 91
Trd, 4319304.393, 93
Trd, 4319305.243, 89
Trd, 4319308.193, 92
Trd, 4319309.443, 91
Trd, 4319310.743, 90
Trd, 4319310.793, 90
Trd, 4319313.093, 90
Trd, 4319313.493, 89
Trd, 4319315.493, 86
Trd, 4319316.793, 95
Trd, 4319317.143, 104
Trd, 4319318.443, 97
Trd, 4319318.793, 95
Trd, 4319320.543, 93
Trd, 4319323.543, 92
Trd, 4319326.593, 91
Trd, 4319327.643, 91
Trd, 4319328.043, 90
Trd, 4319329.493, 90
Trd, 4319330.993, 95
Trd, 4319332.543, 89
Trd, 4319333.343, 94
Trd, 4319333.793, 93
Trd, 4319334.593, 89
Trd, 4319337.443, 90
Trd, 4319340.393, 90
Trd, 4319340.493, 97
Trd, 4319340.743, 117
Trd, 4319342.243, 88
Trd, 4319346.143, 98
Trd, 4319346.693, 97
Trd, 4319347.693, 87
Trd, 4319351.843, 89
Trd, 4319352.743, 89
Trd, 4319353.193, 105
Trd, 4319354.643, 100
Trd, 4319354.893, 86
Trd, 4319358.093, 88
Trd, 4319359.993, 86
Trd, 4319360.893, 89
Trd, 4319361.343, 86
Trd, 4319362.493, 85
Trd, 4319363.543, 105
Trd, 4319363.593, 117
Trd, 4319365.043, 100
Trd, 4319368.493, 89
Trd, 4319371.893, 89
Trd, 4319372.193, 90
Trd, 4319372.593, 90
Trd, 4319375.093, 88
Trd, 4319375.443, 89
Trd, 4319376.943, 79
Trd, 4319377.143, 104
Trd, 4319381.093, 86
Trd, 4319382.393, 90
Trd, 4319383.393, 88
Trd, 4319383.543, 98
Trd, 4319383.993, 104
Trd, 4319387.943, 89
Trd, 4319388.693, 88
Trd, 4319388.893, 89
Trd, 4319389.043, 90
Trd, 4319391.343, 89
Trd, 4319393.543, 87
Trd, 4319396.393, 101
Trd, 4319398.393, 86
Trd, 4319399.343, 90
Trd, 4319399.543, 90
Trd, 4319399.893, 85
Trd, 4319403.293, 87
Trd, 4319404.393, 86
Trd, 4319405.893, 87
Trd, 4319406.293, 104
Trd, 4319412.493, 87
Trd, 4319412.993, 87
Trd, 4319414.043, 86
Trd, 4319414.443, 88
Trd, 4319417.243, 88
Trd, 4319418.893, 97
Trd, 4319419.443, 86
Trd, 4319424.743, 87
Trd, 4319425.493, 89
Trd, 4319425.543, 89
Trd, 4319427.743, 88
Trd, 4319427.843, 86
Trd, 4319430.343, 87
Trd, 4319430.393, 87
Trd, 4319433.243, 87
Trd, 4319433.543, 86
Trd, 4319434.943, 87
Trd, 4319438.743, 86
Trd, 4319439.243, 87
Trd, 4319440.043, 85
Trd, 4319441.493, 93
Trd, 4319443.293, 85
Trd, 4319443.643, 87
Trd, 4319445.543, 99
Trd, 4319447.393, 93
Trd, 4319450.193, 92
Trd, 4319450.593, 90
Trd, 4319454.043, 92
Trd, 4319456.193, 90
Trd, 4319456.993, 91
Trd, 4319458.243, 88
Trd, 4319458.793, 90
Trd, 4319463.543, 88
Trd, 4319463.793, 87
Trd, 4319464.743, 88
Trd, 4319465.043, 86
Trd, 4319467.843, 87
Trd, 4319468.093, 103
Trd, 4319470.243, 94
Trd, 4319470.293, 99
Trd, 4319471.693, 86
Trd, 4319473.393, 88
Trd, 4319478.593, 86
Trd, 4319478.743, 86
Trd, 4319480.493, 87
Trd, 4319481.193, 86
Trd, 4319482.893, 86
Trd, 4319483.093, 85
Trd, 4319484.393, 95
Trd, 4319484.843, 85
Trd, 4319485.343, 104
Trd, 4319489.243, 90
Trd, 4319490.643, 92
Trd, 4319490.893, 93
Trd, 4319492.493, 91
Trd, 4319493.243, 96
Trd, 4319494.493, 91
Trd, 4319496.493, 90
Trd, 4319498.993, 89
Trd, 4319499.943, 90
Trd, 4319500.243, 91
Trd, 4319501.293, 102
Trd, 4319501.343, 104
Trd, 4319501.593, 94
Trd, 4319506.393, 94
Trd, 4319506.943, 94
Trd, 4319508.093, 92
Trd, 4319510.643, 93
Trd, 4319511.343, 94
Trd, 4319512.993, 99
Trd, 4319513.793, 96
Trd, 4319515.543, 91
Trd, 4319518.093, 95
Trd, 4319518.293, 95
Trd, 4319519.243, 91
Trd, 4319523.593, 92
Trd, 4319525.343, 91
Trd, 4319525.443, 90
Trd, 4319528.393, 91
Trd, 4319529.043, 91
Trd, 4319530.793, 92
Trd, 4319532.693, 90
Trd, 4319532.893, 91
Trd, 4319536.443, 89
Trd, 4319536.793, 91
Trd, 4319537.043, 104
Trd, 4319540.093, 88
Trd, 4319543.093, 87
Trd, 4319544.043, 86
Trd, 4319544.343, 88
Trd, 4319545.043, 91
Trd, 4319546.343, 91
Trd, 4319548.643, 91
Trd, 4319549.893, 91
Trd, 4319551.093, 89
Trd, 4319553.093, 88
Trd, 4319554.293, 95
Trd, 4319555.393, 95
Trd, 4319559.293, 89
Trd, 4319560.343, 87
Trd, 4319561.243, 86
Trd, 4319561.543, 87
Trd, 4319564.193, 88
Trd, 4319565.693, 88
Trd, 4319565.843, 89
Trd, 4319566.293, 86
Trd, 4319566.893, 100
Trd, 4319568.893, 117
Trd, 4319571.593, 87
Trd, 4319571.993, 97
Trd, 4319574.143, 95
Trd, 4319575.443, 94
Trd, 4319575.893, 87
Trd, 4319580.343, 90
Trd, 4319580.693, 86
Trd, 4319581.593, 89
Trd, 4319582.993, 93
Trd, 4319584.243, 91
Trd, 4319584.893, 90
Trd, 4319585.993, 98
Trd, 4319586.343, 113
Trd, 4319589.243, 98
Trd, 4319593.093, 92
Trd, 4319593.143, 90
Trd, 4319593.493, 93
Trd, 4319595.093, 102
Trd, 4319598.493, 90
Trd, 4319602.043, 90
Trd, 4319602.893, 90
Trd, 4319604.693, 89
Trd, 4319606.093, 94
Trd, 4319608.943, 92
Trd, 4319609.793, 90
Trd, 4319610.493, 96
Trd, 4319613.843, 92
Trd, 4319614.343, 90
Trd, 4319616.293, 90
Trd, 4319620.743, 95
Trd, 4319621.643, 91
Trd, 4319621.793, 89
Trd, 4319624.643, 92
Trd, 4319627.243, 93
Trd, 4319627.443, 88
Trd, 4319628.093, 96
Trd, 4319629.193, 93
Trd, 4319630.493, 93
Trd, 4319632.193, 92
Trd, 4319634.043, 91
Trd, 4319634.743, 93
Trd, 4319638.343, 93
Trd, 4319639.093, 92
Trd, 4319639.493, 96
Trd, 4319641.243, 90
Trd, 4319643.193, 95
Trd, 4319644.943, 95
Trd, 4319646.343, 90
Trd, 4319646.593, 89
Trd, 4319647.593, 87
Trd, 4319647.943, 96
Trd, 4319649.543, 87
Trd, 4319649.593, 94
Trd, 4319650.893, 94
Trd, 4319654.643, 90
Trd, 4319657.443, 90
Trd, 4319658.343, 88
Trd, 4319658.743, 89
Trd, 4319659.043, 88
Trd, 4319660.193, 89
Trd, 4319661.043, 87
Trd, 4319661.943, 90
Trd, 4319663.293, 90
Trd, 4319667.443, 90
Trd, 4319667.643, 87
Trd, 4319670.543, 86
Trd, 4319670.593, 88
Trd, 4319670.893, 85
Trd, 4319672.893, 99
Trd, 4319674.993, 93
Trd, 4319675.243, 93
Trd, 4319677.693, 92
Trd, 4319679.143, 91
Trd, 4319679.843, 91
Trd, 4319679.943, 92
Trd, 4319681.693, 89
Trd, 4319682.093, 95
Trd, 4319683.743, 93
Trd, 4319684.693, 88
Trd, 4319687.743, 87
Trd, 4319688.243, 88
Trd, 4319688.943, 97
Trd, 4319692.143, 91
Trd, 4319695.043, 86
Trd, 4319695.343, 87
Trd, 4319696.543, 85
Trd, 4319698.243, 82
Trd, 4319698.443, 84
Trd, 4319698.743, 104
Trd, 4319700.143, 112
Trd, 4319701.143, 95
Trd, 4319703.543, 94
Trd, 4319704.643, 93
Trd, 4319704.743, 95
Trd, 4319707.993, 91
Trd, 4319709.593, 92
Trd, 4319710.193, 92
Trd, 4319711.093, 95
Trd, 4319711.993, 96
Trd, 4319712.843, 89
Trd, 4319715.893, 88
Trd, 4319716.693, 95
Trd, 4319716.943, 95
Trd, 4319722.343, 90
Trd, 4319723.943, 87
Trd, 4319724.293, 88
Trd, 4319725.093, 87
Trd, 4319726.293, 87
Trd, 4319726.393, 88
Trd, 4319726.743, 86
Trd, 4319732.143, 88
Trd, 4319734.143, 86
Trd, 4319734.743, 87
Trd, 4319735.493, 87
Trd, 4319737.343, 86
Trd, 4319738.843, 87
Trd, 4319740.093, 86
Trd, 4319740.193, 87
Trd, 4319741.493, 101
Trd, 4319741.593, 122
Trd, 4319743.143, 100
Trd, 4319743.443, 99
Trd, 4319743.593, 117
Trd, 4319749.693, 104
Trd, 4319749.843, 99
Trd, 4319749.943, 98
Trd, 4319750.643, 113
Trd, 4319751.793, 121
Trd, 4319752.043, 122
Trd, 4319754.843, 98
Trd, 4319755.343, 97
Trd, 4319755.793, 92
Trd, 4319756.043, 95
Trd, 4319758.093, 107
Trd, 4319758.843, 99
Trd, 4319761.393, 99
Trd, 4319761.643, 95
Trd, 4319762.943, 94
Trd, 4319764.843, 98
Trd, 4319764.943, 104
Trd, 4319766.493, 99
Trd, 4319768.093, 96
Trd, 4319769.293, 93
Trd, 4319769.593, 95
Trd, 4319775.243, 95
Trd, 4319776.293, 95
Trd, 4319777.893, 95
Trd, 4319778.493, 92
Trd, 4319782.293, 93
Trd, 4319785.393, 91
Trd, 4319786.393, 91
Trd, 4319786.743, 91
Trd, 4319787.193, 93
Trd, 4319791.093, 93
Trd, 4319791.793, 97
Trd, 4319792.893, 91
Trd, 4319793.893, 95
Trd, 4319795.443, 93
Trd, 4319795.993, 91
Trd, 4319797.543, 98
Trd, 4319799.743, 90
Trd, 4319802.543, 94
Trd, 4319803.443, 92
Trd, 4319804.393, 90
Trd, 4319804.693, 91
Trd, 4319804.893, 94
Trd, 4319806.793, 89
Trd, 4319806.843, 92
Trd, 4319809.393, 89
Trd, 4319812.593, 89
Trd, 4319812.693, 89
Trd, 4319814.493, 88
Trd, 4319815.643, 90
Trd, 4319815.793, 87
Trd, 4319816.193, 104
Trd, 4319820.143, 93
Trd, 4319821.043, 88
Trd, 4319822.693, 93
Trd, 4319823.943, 88
Trd, 4319825.643, 88
Trd, 4319825.793, 89
Trd, 4319825.893, 91
Trd, 4319827.293, 104
Trd, 4319830.193, 87
Trd, 4319830.293, 92
Trd, 4319831.093, 94
Trd, 4319832.893, 95
Trd, 4319835.243, 90
Trd, 4319835.543, 93
Trd, 4319836.993, 87
Trd, 4319839.343, 92
Trd, 4319839.993, 86
Trd, 4319841.243, 92
Trd, 4319844.493, 89
Trd, 4319846.043, 89
Trd, 4319846.993, 88
Trd, 4319848.093, 89
Trd, 4319848.193, 86
Trd, 4319848.593, 95
Trd, 4319853.543, 90
Trd, 4319853.943, 88
Trd, 4319854.793, 90
Trd, 4319858.343, 89
Trd, 4319860.243, 89
Trd, 4319860.293, 87
Trd, 4319862.093, 90
Trd, 4319863.943, 90
Trd, 4319865.593, 97
Trd, 4319866.093, 86
Trd, 4319869.493, 86
Trd, 4319870.943, 86
Trd, 4319871.643, 86
Trd, 4319872.093, 88
Trd, 4319875.293, 104
Trd, 4319876.443, 92
Trd, 4319876.693, 87
Trd, 4319879.993, 88
Trd, 4319881.443, 89
Trd, 4319883.293, 89
Trd, 4319883.743, 97
Trd, 4319884.293, 87
Trd, 4319886.543, 91
Trd, 4319886.993, 87
Trd, 4319891.193, 86
Trd, 4319892.443, 89
Trd, 4319893.293, 86
Trd, 4319893.343, 88
Trd, 4319895.643, 86
Trd, 4319896.743, 86
Trd, 4319897.593, 79
Trd, 4319897.643, 82
Trd, 4319897.893, 107
Trd, 4319900.043, 113
Trd, 4319901.643, 107
Trd, 4319903.993, 89
Trd, 4319905.793, 94
Trd, 4319906.843, 94
Trd, 4319909.693, 91
Trd, 4319911.143, 89
Trd, 4319911.843, 90
Trd, 4319913.643, 88
Trd, 4319914.743, 88
Trd, 4319914.993, 96
Trd, 4319918.543, 91
Trd, 4319918.943, 90
Trd, 4319919.393, 87
Trd, 4319920.843, 89
Trd, 4319922.843, 88
Trd, 4319924.943, 88
Trd, 4319925.093, 89
Trd, 4319927.193, 88
Trd, 4319928.243, 87
Trd, 4319928.293, 95
Trd, 4319928.843, 87
Trd, 4319930.443, 91
Trd, 4319931.893, 92
Trd, 4319932.593, 97
Trd, 4319935.243, 86
Trd, 4319935.343, 92
Trd, 4319940.093, 87
Trd, 4319940.293, 86
Trd, 4319942.443, 85
Trd, 4319943.943, 87
Trd, 4319944.343, 87
Trd, 4319946.993, 85
Trd, 4319947.093, 88
Trd, 4319949.443, 88
Trd, 4319951.143, 96
Trd, 4319952.743, 86
Trd, 4319954.893, 90
Trd, 4319955.693, 95
Trd, 4319956.493, 91
Trd, 4319959.443, 88
Trd, 4319961.643, 88
Trd, 4319963.243, 89
Trd, 4319964.893, 88
Trd, 4319966.743, 90
Trd, 4319969.593, 87
Trd, 4319969.793, 90
Trd, 4319970.343, 90
Trd, 4319971.743, 89
Trd, 4319972.893, 96
Trd, 4319975.043, 87
Trd, 4319976.493, 100
Trd, 4319978.493, 87
Trd, 4319980.143, 98
Trd, 4319981.943, 98
Trd, 4319982.043, 98
Trd, 4319982.343, 87
Trd, 4319988.493, 86
Trd, 4319989.843, 86
Trd, 4319989.943, 88
Trd, 4319990.393, 89
Trd, 4319991.693, 97
Trd, 4319994.393, 91
Trd, 4319996.143, 87
Trd, 4319997.543, 90
Trd, 4319998.793, 91
Trd, 4319998.993, 91
Trd, 4319999.493, 88
