Trd, 4317874.543, 92
Trd, 4317876.143, 92
Trd, 4317877.043, 95
Trd, 4317878.093, 104
Trd, 4317878.643, 105
Trd, 4317880.893, 99
Trd, 4317882.343, 97
Trd, 4317883.793, 95
Trd, 4317883.993, 94
Trd, 4317884.693, 94
Trd, 4317885.793, 96
Trd, 4317886.293, 97
Trd, 4317889.743, 95
Trd, 4317890.393, 95
Trd, 4317891.443, 96
Trd, 4317891.643, 95
Trd, 4317891.793, 105
Trd, 4317894.493, 95
Trd, 4317894.943, 95
Trd, 4317895.793, 94
Trd, 4317896.143, 96
Trd, 4317899.143, 95
Trd, 4317900.293, 94
Trd, 4317901.443, 93
Trd, 4317903.143, 95
Trd, 4317903.993, 95
Trd, 4317904.793, 93
Trd, 4317905.243, 95
Trd, 4317907.293, 104
Trd, 4317911.643, 94
Trd, 4317912.443, 94
Trd, 4317913.443, 93
Trd, 4317914.543, 94
Trd, 4317914.843, 94
Trd, 4317914.993, 95
Trd, 4317916.993, 94
Trd, 4317919.143, 94
Trd, 4317920.143, 93
Trd, 4317920.643, 95
Trd, 4317923.193, 92
Trd, 4317923.643, 94
Trd, 4317924.493, 105
Trd, 4317927.193, 95
Trd, 4317927.893, 96
Trd, 4317929.193, 96
Trd, 4317930.443, 95
Trd, 4317930.993, 96
Trd, 4317931.243, 116
Trd, 4317933.393, 101
Trd, 4317934.893, 100
Trd, 4317938.293, 99
Trd, 4317939.893, 98
Trd, 4317941.893, 96
Trd, 4317942.043, 97
Trd, 4317943.093, 95
Trd, 4317943.943, 97
Trd, 4317944.293, 95
Trd, 4317946.193, 106
Trd, 4317946.743, 122
Trd, 4317946.893, 105
Trd, 4317947.193, 138
Trd, 4317950.293, 108
Trd, 4317952.993, 103
Trd, 4317953.493, 104
Trd, 4317954.743, 103
Trd, 4317955.693, 104
Trd, 4317955.743, 105
Trd, 4317956.143, 103
Trd, 4317956.643, 103
Trd, 4317958.093, 102
Trd, 4317960.093, 101
Trd, 4317960.843, 101
Trd, 4317964.043, 101
Trd, 4317964.593, 101
Trd, 4317964.993, 101
Trd, 4317965.093, 100
Trd, 4317967.193, 100
Trd, 4317968.143, 101
Trd, 4317968.643, 101
Trd, 4317969.693, 97
Trd, 4317970.743, 98
Trd, 4317973.293, 95
Trd, 4317974.993, 94
Trd, 4317975.593, 93
Trd, 4317975.743, 95
Trd, 4317977.793, 104
Trd, 4317978.643, 96
Trd, 4317980.193, 96
Trd, 4317981.093, 95
Trd, 4317981.243, 96
Trd, 4317983.393, 97
Trd, 4317984.443, 96
Trd, 4317986.143, 100
Trd, 4317987.843, 95
Trd, 4317988.393, 96
Trd, 4317988.843, 98
Trd, 4317991.593, 95
Trd, 4317991.943, 96
Trd, 4317995.143, 97
Trd, 4317995.943, 95
Trd, 4317997.993, 97
Trd, 4317998.843, 102
Trd, 4318001.943, 95
Trd, 4318002.593, 94
Trd, 4318002.693, 94
Trd, 4318003.543, 94
Trd, 4318005.493, 95
Trd, 4318008.043, 95
Trd, 4318010.643, 93
Trd, 4318010.943, 92
Trd, 4318013.193, 91
Trd, 4318014.243, 92
Trd, 4318014.743, 92
Trd, 4318015.943, 104
Trd, 4318017.543, 96
Trd, 4318021.143, 93
Trd, 4318021.843, 95
Trd, 4318025.843, 93
Trd, 4318026.443, 94
Trd, 4318026.743, 94
Trd, 4318027.543, 95
Trd, 4318029.443, 104
Trd, 4318030.893, 99
Trd, 4318032.593, 95
Trd, 4318032.893, 96
Trd, 4318034.893, 95
Trd, 4318035.243, 94
Trd, 4318036.143, 100
Trd, 4318038.993, 113
Trd, 4318040.993, 100
Trd, 4318042.943, 100
Trd, 4318043.443, 98
Trd, 4318046.843, 97
Trd, 4318047.143, 97
Trd, 4318047.943, 97
Trd, 4318048.343, 96
Trd, 4318049.543, 95
Trd, 4318050.043, 95
Trd, 4318051.693, 94
Trd, 4318051.743, 95
Trd, 4318053.993, 103
Trd, 4318054.593, 101
Trd, 4318055.443, 97
Trd, 4318057.843, 97
Trd, 4318058.843, 97
Trd, 4318059.093, 96
Trd, 4318060.843, 102
Trd, 4318062.943, 98
Trd, 4318063.043, 98
Trd, 4318063.693, 98
Trd, 4318065.193, 98
Trd, 4318067.443, 97
Trd, 4318067.843, 98
Trd, 4318069.793, 96
Trd, 4318069.893, 96
Trd, 4318070.493, 97
Trd, 4318072.693, 97
Trd, 4318075.793, 96
Trd, 4318077.643, 96
Trd, 4318078.093, 95
Trd, 4318078.243, 97
Trd, 4318079.243, 95
Trd, 4318081.143, 104
Trd, 4318082.043, 98
Trd, 4318083.043, 95
Trd, 4318083.293, 96
Trd, 4318083.793, 97
Trd, 4318086.043, 95
Trd, 4318086.293, 95
Trd, 4318089.543, 96
Trd, 4318090.543, 95
Trd, 4318091.393, 96
Trd, 4318091.793, 97
Trd, 4318094.193, 95
Trd, 4318094.543, 96
Trd, 4318095.593, 96
Trd, 4318098.293, 95
Trd, 4318098.693, 94
Trd, 4318098.993, 94
Trd, 4318099.343, 93
Trd, 4318101.943, 104
Trd, 4318104.293, 104
Trd, 4318104.693, 115
Trd, 4318105.193, 113
Trd, 4318105.443, 123
Trd, 4318109.443, 107
Trd, 4318112.043, 105
Trd, 4318113.643, 103
Trd, 4318115.393, 104
Trd, 4318115.643, 103
Trd, 4318116.793, 103
Trd, 4318118.043, 100
Trd, 4318120.893, 100
Trd, 4318121.143, 99
Trd, 4318121.243, 99
Trd, 4318122.143, 98
Trd, 4318123.493, 97
Trd, 4318126.493, 96
Trd, 4318127.593, 96
Trd, 4318129.243, 96
Trd, 4318132.293, 96
Trd, 4318133.093, 97
Trd, 4318134.993, 96
Trd, 4318135.143, 95
Trd, 4318137.193, 96
Trd, 4318138.943, 94
Trd, 4318139.093, 94
Trd, 4318139.893, 95
Trd, 4318140.843, 95
Trd, 4318141.143, 95
Trd, 4318144.493, 94
Trd, 4318144.643, 95
Trd, 4318146.043, 104
Trd, 4318146.243, 97
Trd, 4318148.443, 96
Trd, 4318150.093, 95
Trd, 4318152.193, 94
Trd, 4318152.293, 94
Trd, 4318152.393, 104
Trd, 4318153.793, 118
Trd, 4318154.593, 105
Trd, 4318156.443, 101
Trd, 4318157.243, 99
Trd, 4318159.693, 96
Trd, 4318159.743, 95
Trd, 4318159.843, 95
Trd, 4318161.243, 99
Trd, 4318163.943, 97
Trd, 4318165.243, 97
Trd, 4318165.343, 95
Trd, 4318165.643, 96
Trd, 4318166.793, 93
Trd, 4318167.593, 93
Trd, 4318168.293, 96
Trd, 4318170.043, 93
Trd, 4318173.343, 93
Trd, 4318174.343, 94
Trd, 4318175.493, 95
Trd, 4318176.893, 94
Trd, 4318177.093, 94
Trd, 4318178.643, 95
Trd, 4318178.843, 104
Trd, 4318181.343, 97
Trd, 4318183.393, 97
Trd, 4318185.643, 105
Trd, 4318187.593, 95
Trd, 4318188.143, 95
Trd, 4318189.043, 96
Trd, 4318190.443, 97
Trd, 4318192.793, 95
Trd, 4318194.693, 95
Trd, 4318194.843, 95
Trd, 4318196.393, 95
Trd, 4318196.543, 95
Trd, 4318198.593, 95
Trd, 4318200.243, 97
Trd, 4318201.393, 102
Trd, 4318203.493, 96
Trd, 4318205.293, 95
Trd, 4318205.893, 96
Trd, 4318206.593, 96
Trd, 4318208.443, 96
Trd, 4318209.143, 95
Trd, 4318211.993, 95
Trd, 4318212.243, 96
Trd, 4318212.843, 96
Trd, 4318212.893, 97
Trd, 4318213.493, 95
Trd, 4318215.243, 96
Trd, 4318217.443, 96
Trd, 4318217.843, 97
Trd, 4318218.443, 105
Trd, 4318220.693, 103
Trd, 4318221.143, 101
Trd, 4318222.543, 101
Trd, 4318224.993, 103
Trd, 4318226.493, 100
Trd, 4318228.393, 99
Trd, 4318228.843, 99
Trd, 4318229.193, 99
Trd, 4318231.243, 101
Trd, 4318232.443, 98
Trd, 4318237.593, 97
Trd, 4318238.343, 98
Trd, 4318239.543, 97
Trd, 4318240.343, 97
Trd, 4318241.493, 98
Trd, 4318241.593, 103
Trd, 4318244.693, 96
Trd, 4318244.743, 96
Trd, 4318244.793, 99
Trd, 4318249.243, 96
Trd, 4318250.243, 95
Trd, 4318250.993, 96
Trd, 4318252.393, 96
Trd, 4318252.493, 95
Trd, 4318253.343, 96
Trd, 4318253.843, 95
Trd, 4318256.443, 93
Trd, 4318257.343, 95
Trd, 4318258.443, 94
Trd, 4318259.243, 94
Trd, 4318260.743, 94
Trd, 4318262.093, 94
Trd, 4318263.243, 95
Trd, 4318265.443, 95
Trd, 4318267.143, 95
Trd, 4318267.693, 99
Trd, 4318271.193, 96
Trd, 4318274.343, 96
Trd, 4318274.693, 96
Trd, 4318275.243, 95
Trd, 4318276.243, 95
Trd, 4318279.193, 95
Trd, 4318279.343, 96
Trd, 4318279.693, 95
Trd, 4318281.693, 96
Trd, 4318281.743, 96
Trd, 4318283.493, 96
Trd, 4318285.393, 96
Trd, 4318285.643, 96
Trd, 4318288.043, 101
Trd, 4318289.043, 96
Trd, 4318289.843, 95
Trd, 4318291.143, 96
Trd, 4318291.243, 97
Trd, 4318292.543, 97
Trd, 4318295.793, 97
Trd, 4318298.593, 97
Trd, 4318298.793, 96
Trd, 4318299.343, 95
Trd, 4318300.493, 96
Trd, 4318300.843, 103
Trd, 4318304.293, 98
Trd, 4318304.593, 97
Trd, 4318307.393, 95
Trd, 4318308.393, 95
Trd, 4318308.543, 97
Trd, 4318309.593, 96
Trd, 4318310.443, 95
Trd, 4318312.843, 95
Trd, 4318313.143, 95
Trd, 4318314.643, 95
Trd, 4318315.243, 123
Trd, 4318318.393, 95
Trd, 4318319.643, 95
Trd, 4318319.693, 96
Trd, 4318320.943, 96
Trd, 4318321.493, 95
Trd, 4318321.643, 96
Trd, 4318325.593, 96
Trd, 4318325.793, 95
Trd, 4318326.243, 116
Trd, 4318328.043, 100
Trd, 4318329.843, 99
Trd, 4318332.443, 95
Trd, 4318335.143, 94
Trd, 4318335.743, 94
Trd, 4318336.093, 93
Trd, 4318336.943, 95
Trd, 4318338.943, 95
Trd, 4318340.043, 95
Trd, 4318340.793, 97
Trd, 4318342.643, 104
Trd, 4318344.393, 98
Trd, 4318344.993, 97
Trd, 4318346.643, 95
Trd, 4318347.493, 95
Trd, 4318348.293, 97
Trd, 4318350.843, 96
Trd, 4318351.393, 96
Trd, 4318351.743, 96
Trd, 4318354.243, 96
Trd, 4318355.443, 97
Trd, 4318356.843, 99
Trd, 4318359.843, 95
Trd, 4318360.393, 94
Trd, 4318360.943, 94
Trd, 4318361.843, 95
Trd, 4318362.093, 96
Trd, 4318363.143, 104
Trd, 4318363.293, 120
Trd, 4318367.593, 100
Trd, 4318367.843, 102
Trd, 4318368.793, 100
Trd, 4318370.043, 100
Trd, 4318372.393, 98
Trd, 4318372.493, 99
Trd, 4318374.093, 94
Trd, 4318374.743, 95
Trd, 4318376.393, 95
Trd, 4318377.593, 94
Trd, 4318378.293, 94
Trd, 4318378.993, 95
Trd, 4318379.043, 105
Trd, 4318380.643, 97
Trd, 4318381.993, 95
Trd, 4318382.443, 95
Trd, 4318384.043, 96
Trd, 4318385.043, 96
Trd, 4318385.743, 95
Trd, 4318388.143, 96
Trd, 4318390.343, 95
Trd, 4318391.393, 94
Trd, 4318391.643, 95
Trd, 4318393.743, 95
Trd, 4318394.393, 93
Trd, 4318397.943, 92
Trd, 4318398.093, 91
Trd, 4318399.343, 92
Trd, 4318399.643, 105
Trd, 4318400.393, 97
Trd, 4318402.793, 96
Trd, 4318402.893, 97
Trd, 4318405.243, 97
Trd, 4318405.543, 100
Trd, 4318407.293, 96
Trd, 4318407.943, 95
Trd, 4318408.643, 95
Trd, 4318412.793, 94
Trd, 4318413.243, 95
Trd, 4318414.443, 94
Trd, 4318417.643, 94
Trd, 4318418.193, 93
Trd, 4318418.243, 93
Trd, 4318418.443, 95
Trd, 4318419.943, 91
Trd, 4318421.743, 85
Trd, 4318422.293, 85
Trd, 4318423.743, 84
Trd, 4318423.993, 84
Trd, 4318425.643, 86
Trd, 4318426.243, 95
Trd, 4318426.443, 104
Trd, 4318429.343, 100
Trd, 4318429.593, 97
Trd, 4318429.893, 97
Trd, 4318431.593, 98
Trd, 4318432.793, 96
Trd, 4318433.193, 98
Trd, 4318435.193, 96
Trd, 4318437.943, 95
Trd, 4318438.993, 95
Trd, 4318440.043, 95
Trd, 4318440.143, 94
Trd, 4318443.893, 95
Trd, 4318444.243, 94
Trd, 4318444.543, 93
Trd, 4318444.743, 94
Trd, 4318445.143, 104
Trd, 4318446.793, 97
Trd, 4318447.593, 97
Trd, 4318449.743, 95
Trd, 4318450.043, 96
Trd, 4318450.093, 96
Trd, 4318450.543, 105
Trd, 4318453.893, 97
Trd, 4318454.543, 96
Trd, 4318457.043, 97
Trd, 4318458.193, 96
Trd, 4318458.743, 96
Trd, 4318460.043, 95
Trd, 4318460.243, 95
Trd, 4318462.243, 96
Trd, 4318463.443, 94
Trd, 4318463.543, 95
Trd, 4318463.843, 94
Trd, 4318466.043, 93
Trd, 4318466.243, 94
Trd, 4318467.443, 96
Trd, 4318470.843, 94
Trd, 4318471.593, 93
Trd, 4318472.193, 93
Trd, 4318473.993, 93
Trd, 4318474.743, 93
Trd, 4318475.993, 92
Trd, 4318476.293, 95
Trd, 4318476.943, 105
Trd, 4318478.543, 97
Trd, 4318480.043, 105
Trd, 4318481.843, 97
Trd, 4318482.243, 96
Trd, 4318483.493, 97
Trd, 4318483.793, 98
Trd, 4318484.343, 104
Trd, 4318488.143, 99
Trd, 4318491.043, 97
Trd, 4318491.193, 95
Trd, 4318494.193, 95
Trd, 4318494.243, 95
Trd, 4318494.593, 95
Trd, 4318494.693, 98
Trd, 4318496.693, 92
Trd, 4318498.293, 92
Trd, 4318499.243, 93
Trd, 4318500.193, 92
Trd, 4318500.943, 93
Trd, 4318503.593, 95
Trd, 4318503.843, 104
Trd, 4318506.443, 95
Trd, 4318507.293, 96
Trd, 4318507.993, 95
Trd, 4318508.293, 105
Trd, 4318509.293, 113
Trd, 4318515.093, 97
Trd, 4318516.343, 95
Trd, 4318517.143, 96
Trd, 4318518.143, 95
Trd, 4318519.643, 96
Trd, 4318520.293, 96
Trd, 4318521.893, 97
Trd, 4318523.343, 96
Trd, 4318523.493, 97
Trd, 4318523.943, 102
Trd, 4318526.093, 98
Trd, 4318528.193, 97
Trd, 4318531.543, 97
Trd, 4318532.093, 96
Trd, 4318533.043, 97
Trd, 4318533.493, 97
Trd, 4318535.293, 97
Trd, 4318535.793, 95
Trd, 4318536.893, 95
Trd, 4318540.243, 95
Trd, 4318541.493, 94
Trd, 4318542.043, 95
Trd, 4318543.843, 103
Trd, 4318544.193, 96
Trd, 4318544.743, 96
Trd, 4318548.943, 96
Trd, 4318550.593, 95
Trd, 4318551.093, 94
Trd, 4318551.693, 95
Trd, 4318555.243, 93
Trd, 4318555.343, 95
Trd, 4318555.743, 95
Trd, 4318557.693, 95
Trd, 4318558.143, 94
Trd, 4318558.243, 95
Trd, 4318559.193, 94
Trd, 4318559.593, 104
Trd, 4318563.993, 95
Trd, 4318565.193, 94
Trd, 4318565.893, 93
Trd, 4318567.443, 95
Trd, 4318569.043, 95
Trd, 4318570.643, 95
Trd, 4318571.743, 95
Trd, 4318571.943, 113
Trd, 4318574.043, 95
Trd, 4318575.543, 95
Trd, 4318577.143, 94
Trd, 4318577.293, 95
Trd, 4318578.493, 95
Trd, 4318579.543, 93
Trd, 4318580.793, 94
Trd, 4318581.793, 93
Trd, 4318583.343, 95
Trd, 4318585.243, 102
Trd, 4318585.643, 102
Trd, 4318585.943, 103
Trd, 4318587.843, 104
Trd, 4318588.093, 103
Trd, 4318588.543, 103
Trd, 4318590.643, 114
Trd, 4318593.043, 106
Trd, 4318593.343, 103
Trd, 4318594.143, 102
Trd, 4318595.043, 101
Trd, 4318595.693, 117
Trd, 4318598.843, 101
Trd, 4318598.893, 100
Trd, 4318599.543, 98
Trd, 4318599.643, 99
Trd, 4318600.093, 104
Trd, 4318603.743, 100
Trd, 4318606.443, 99
Trd, 4318606.943, 100
Trd, 4318609.543, 100
Trd, 4318609.993, 98
Trd, 4318611.593, 99
Trd, 4318615.043, 100
Trd, 4318617.893, 99
Trd, 4318618.543, 98
Trd, 4318619.843, 98
Trd, 4318620.143, 97
Trd, 4318622.343, 97
Trd, 4318622.393, 96
Trd, 4318622.943, 97
Trd, 4318624.243, 94
Trd, 4318625.543, 94
Trd, 4318626.493, 93
Trd, 4318627.843, 94
Trd, 4318627.893, 95
Trd, 4318628.143, 104
Trd, 4318630.443, 95
Trd, 4318630.793, 95
Trd, 4318631.743, 119
Trd, 4318633.843, 107
Trd, 4318634.293, 104
Trd, 4318635.243, 101
Trd, 4318635.543, 101
Trd, 4318636.643, 101
Trd, 4318637.293, 101
Trd, 4318639.293, 100
Trd, 4318642.293, 98
Trd, 4318642.343, 100
Trd, 4318644.393, 101
Trd, 4318646.093, 101
Trd, 4318648.093, 99
Trd, 4318649.443, 99
Trd, 4318649.543, 98
Trd, 4318652.143, 99
Trd, 4318654.143, 97
Trd, 4318654.193, 97
Trd, 4318654.743, 99
Trd, 4318655.743, 96
Trd, 4318656.293, 98
Trd, 4318659.243, 97
Trd, 4318660.393, 97
Trd, 4318660.593, 96
Trd, 4318661.893, 97
Trd, 4318663.293, 95
Trd, 4318665.193, 94
Trd, 4318665.543, 95
Trd, 4318666.543, 94
Trd, 4318666.693, 94
Trd, 4318666.943, 95
Trd, 4318670.243, 104
Trd, 4318670.543, 99
Trd, 4318671.293, 97
Trd, 4318671.943, 98
Trd, 4318675.293, 95
Trd, 4318676.593, 97
Trd, 4318678.143, 97
Trd, 4318678.543, 97
Trd, 4318681.443, 95
Trd, 4318681.893, 96
Trd, 4318682.393, 98
Trd, 4318686.243, 96
Trd, 4318687.343, 94
Trd, 4318687.693, 93
Trd, 4318688.043, 92
Trd, 4318689.143, 96
Trd, 4318689.843, 95
Trd, 4318692.493, 95
Trd, 4318692.643, 94
Trd, 4318693.243, 102
Trd, 4318696.493, 95
Trd, 4318696.643, 96
Trd, 4318697.343, 95
Trd, 4318697.393, 94
Trd, 4318697.493, 124
Trd, 4318700.143, 101
Trd, 4318700.993, 106
Trd, 4318701.993, 100
Trd, 4318705.443, 101
Trd, 4318706.043, 100
Trd, 4318707.393, 100
Trd, 4318708.643, 98
Trd, 4318710.593, 98
Trd, 4318710.843, 99
Trd, 4318713.043, 96
Trd, 4318713.493, 95
Trd, 4318716.843, 94
Trd, 4318717.793, 94
Trd, 4318718.543, 94
Trd, 4318718.993, 104
Trd, 4318720.793, 97
Trd, 4318723.393, 97
Trd, 4318725.593, 95
Trd, 4318726.043, 95
Trd, 4318726.243, 96
Trd, 4318728.543, 93
Trd, 4318729.193, 93
Trd, 4318730.743, 93
Trd, 4318731.443, 94
Trd, 4318732.643, 92
Trd, 4318733.693, 95
Trd, 4318735.193, 98
Trd, 4318735.743, 102
Trd, 4318736.443, 98
Trd, 4318737.643, 97
Trd, 4318739.343, 96
Trd, 4318739.393, 96
Trd, 4318743.193, 96
Trd, 4318743.893, 95
Trd, 4318746.043, 96
Trd, 4318748.293, 96
Trd, 4318748.793, 96
Trd, 4318751.193, 95
Trd, 4318751.243, 96
Trd, 4318752.643, 95
Trd, 4318753.043, 96
Trd, 4318755.843, 96
Trd, 4318756.693, 95
Trd, 4318757.143, 96
Trd, 4318758.243, 95
Trd, 4318758.443, 95
Trd, 4318760.043, 95
Trd, 4318761.343, 95
Trd, 4318761.593, 95
Trd, 4318762.693, 95
Trd, 4318764.043, 96
Trd, 4318765.093, 97
Trd, 4318765.193, 104
Trd, 4318769.443, 96
Trd, 4318769.943, 95
Trd, 4318770.643, 95
Trd, 4318770.793, 96
Trd, 4318772.193, 95
Trd, 4318774.143, 114
Trd, 4318776.543, 98
Trd, 4318777.643, 94
Trd, 4318778.193, 94
Trd, 4318779.143, 94
Trd, 4318779.343, 104
Trd, 4318781.643, 96
Trd, 4318783.093, 93
Trd, 4318783.893, 93
Trd, 4318783.943, 96
Trd, 4318785.293, 93
Trd, 4318787.193, 92
Trd, 4318787.343, 92
Trd, 4318788.393, 95
Trd, 4318789.643, 94
Trd, 4318790.643, 99
Trd, 4318792.893, 93
Trd, 4318793.093, 95
Trd, 4318794.143, 95
Trd, 4318795.243, 95
Trd, 4318796.143, 102
Trd, 4318798.693, 98
Trd, 4318801.043, 98
Trd, 4318802.943, 95
Trd, 4318804.243, 96
Trd, 4318804.743, 97
Trd, 4318805.493, 95
Trd, 4318808.343, 93
Trd, 4318808.543, 93
Trd, 4318808.643, 92
Trd, 4318811.293, 94
Trd, 4318812.043, 93
Trd, 4318813.893, 92
Trd, 4318816.043, 93
Trd, 4318817.093, 93
Trd, 4318817.243, 92
Trd, 4318818.643, 93
Trd, 4318818.843, 95
Trd, 4318819.793, 94
Trd, 4318822.493, 93
Trd, 4318824.043, 94
Trd, 4318825.443, 94
Trd, 4318825.943, 93
Trd, 4318826.993, 94
Trd, 4318827.093, 95
Trd, 4318830.743, 94
Trd, 4318830.943, 94
Trd, 4318831.093, 93
Trd, 4318834.243, 94
Trd, 4318834.993, 104
Trd, 4318836.693, 94
Trd, 4318837.743, 94
Trd, 4318838.793, 93
Trd, 4318841.693, 93
Trd, 4318841.793, 92
Trd, 4318842.393, 93
Trd, 4318843.093, 93
Trd, 4318843.743, 94
Trd, 4318844.393, 95
Trd, 4318846.843, 103
Trd, 4318849.543, 95
Trd, 4318850.243, 95
Trd, 4318850.893, 94
Trd, 4318850.943, 95
Trd, 4318854.143, 93
Trd, 4318855.793, 93
Trd, 4318857.193, 92
Trd, 4318858.493, 93
Trd, 4318860.243, 91
Trd, 4318860.743, 93
Trd, 4318860.943, 95
Trd, 4318863.743, 93
Trd, 4318864.193, 93
Trd, 4318866.393, 104
Trd, 4318867.143, 97
Trd, 4318868.193, 97
Trd, 4318868.993, 96
Trd, 4318869.293, 96
Trd, 4318870.793, 96
Trd, 4318871.193, 121
Trd, 4318873.193, 104
Trd, 4318875.693, 101
Trd, 4318875.843, 102
Trd, 4318878.043, 100
Trd, 4318879.843, 101
Trd, 4318881.243, 100
Trd, 4318881.393, 101
Trd, 4318882.143, 104
Trd, 4318883.643, 101
Trd, 4318884.543, 100
Trd, 4318885.393, 100
Trd, 4318888.093, 100
Trd, 4318889.493, 99
Trd, 4318890.643, 99
Trd, 4318892.093, 100
Trd, 4318892.343, 98
Trd, 4318892.693, 98
Trd, 4318895.993, 99
Trd, 4318896.843, 98
Trd, 4318897.393, 99
Trd, 4318900.243, 99
Trd, 4318902.093, 98
Trd, 4318902.393, 97
Trd, 4318902.643, 97
Trd, 4318904.093, 90
Trd, 4318906.043, 84
Trd, 4318906.243, 84
Trd, 4318906.543, 84
Trd, 4318906.793, 105
Trd, 4318909.843, 97
Trd, 4318911.693, 103
Trd, 4318912.043, 104
Trd, 4318915.343, 96
Trd, 4318916.643, 96
Trd, 4318917.843, 95
Trd, 4318917.943, 96
Trd, 4318919.193, 95
Trd, 4318919.843, 94
Trd, 4318920.243, 94
Trd, 4318920.743, 117
Trd, 4318920.893, 122
Trd, 4318925.043, 94
Trd, 4318926.943, 94
Trd, 4318927.943, 93
Trd, 4318928.043, 93
Trd, 4318931.243, 93
Trd, 4318932.843, 94
Trd, 4318934.543, 94
Trd, 4318935.493, 93
Trd, 4318936.193, 92
Trd, 4318936.743, 93
Trd, 4318937.143, 95
Trd, 4318939.893, 91
Trd, 4318940.043, 91
Trd, 4318941.493, 105
Trd, 4318942.543, 96
Trd, 4318944.043, 95
Trd, 4318945.493, 97
Trd, 4318946.743, 95
Trd, 4318947.093, 94
Trd, 4318947.943, 94
Trd, 4318948.693, 95
Trd, 4318953.093, 94
Trd, 4318953.293, 94
Trd, 4318953.793, 93
Trd, 4318954.943, 94
Trd, 4318956.793, 92
Trd, 4318957.093, 94
Trd, 4318957.993, 94
Trd, 4318959.343, 95
Trd, 4318960.093, 104
Trd, 4318963.093, 102
Trd, 4318964.643, 104
Trd, 4318964.893, 112
Trd, 4318967.193, 102
Trd, 4318968.143, 101
Trd, 4318969.993, 99
Trd, 4318970.393, 99
Trd, 4318970.793, 99
Trd, 4318970.993, 98
Trd, 4318971.643, 98
Trd, 4318972.393, 99
Trd, 4318974.093, 103
Trd, 4318976.993, 100
Trd, 4318978.843, 99
Trd, 4318981.843, 99
Trd, 4318982.193, 98
Trd, 4318983.093, 96
Trd, 4318983.493, 96
Trd, 4318987.793, 95
Trd, 4318987.943, 96
Trd, 4318988.493, 96
Trd, 4318989.443, 104
Trd, 4318992.143, 122
Trd, 4318994.593, 101
Trd, 4318998.243, 95
Trd, 4318998.343, 95
Trd, 4318998.643, 97
Trd, 4318998.893, 96
Trd, 4319001.543, 96
Trd, 4319002.143, 95
Trd, 4319002.643, 95
Trd, 4319004.593, 95
Trd, 4319004.893, 94
Trd, 4319005.143, 94
Trd, 4319007.743, 94
Trd, 4319010.093, 101
Trd, 4319010.393, 98
Trd, 4319011.243, 96
Trd, 4319011.893, 97
Trd, 4319014.143, 97
Trd, 4319015.743, 96
Trd, 4319015.993, 95
Trd, 4319016.343, 97
Trd, 4319017.693, 118
Trd, 4319018.943, 97
Trd, 4319023.243, 96
Trd, 4319023.393, 98
Trd, 4319023.743, 97
Trd, 4319025.093, 97
Trd, 4319025.193, 104
Trd, 4319029.193, 96
Trd, 4319030.893, 98
Trd, 4319031.693, 99
Trd, 4319032.193, 96
Trd, 4319032.393, 99
Trd, 4319034.643, 95
Trd, 4319034.793, 95
Trd, 4319038.093, 102
Trd, 4319040.993, 97
Trd, 4319041.093, 98
Trd, 4319042.993, 94
Trd, 4319043.393, 94
Trd, 4319044.543, 96
Trd, 4319046.043, 96
Trd, 4319046.493, 95
Trd, 4319050.443, 95
Trd, 4319052.443, 94
Trd, 4319052.493, 95
Trd, 4319053.343, 96
Trd, 4319053.843, 94
Trd, 4319056.843, 93
Trd, 4319057.243, 92
Trd, 4319057.443, 92
Trd, 4319059.093, 95
Trd, 4319060.593, 93
Trd, 4319060.893, 100
Trd, 4319063.093, 95
Trd, 4319063.293, 95
Trd, 4319063.743, 95
Trd, 4319064.593, 95
Trd, 4319068.243, 93
Trd, 4319069.093, 94
Trd, 4319072.093, 94
Trd, 4319072.993, 94
Trd, 4319073.693, 95
Trd, 4319074.743, 93
Trd, 4319076.643, 94
Trd, 4319078.443, 92
Trd, 4319079.493, 93
Trd, 4319081.943, 92
Trd, 4319083.843, 92
Trd, 4319084.843, 93
Trd, 4319086.393, 104
Trd, 4319088.643, 92
Trd, 4319088.843, 93
Trd, 4319090.243, 92
Trd, 4319090.493, 91
Trd, 4319090.693, 92
Trd, 4319094.693, 91
Trd, 4319095.143, 90
Trd, 4319095.193, 95
Trd, 4319095.743, 104
Trd, 4319099.743, 92
Trd, 4319100.093, 93
Trd, 4319100.643, 93
Trd, 4319102.793, 93
Trd, 4319103.593, 94
Trd, 4319106.043, 94
Trd, 4319107.143, 93
Trd, 4319109.543, 94
Trd, 4319110.193, 93
Trd, 4319110.893, 93
Trd, 4319113.093, 96
Trd, 4319113.543, 94
Trd, 4319115.143, 104
Trd, 4319116.193, 97
Trd, 4319116.343, 97
Trd, 4319116.893, 98
Trd, 4319119.443, 98
Trd, 4319121.543, 97
Trd, 4319123.243, 96
Trd, 4319123.543, 95
Trd, 4319125.293, 96
Trd, 4319125.493, 95
Trd, 4319127.193, 95
Trd, 4319128.743, 94
Trd, 4319129.293, 94
Trd, 4319130.043, 94
Trd, 4319130.993, 94
Trd, 4319133.493, 90
Trd, 4319133.643, 93
Trd, 4319134.243, 95
Trd, 4319136.593, 93
Trd, 4319137.693, 105
Trd, 4319137.743, 122
Trd, 4319139.393, 101
Trd, 4319141.093, 100
Trd, 4319142.743, 98
Trd, 4319144.693, 97
Trd, 4319145.243, 97
Trd, 4319148.693, 98
Trd, 4319151.143, 98
Trd, 4319153.193, 98
Trd, 4319153.743, 96
Trd, 4319153.793, 96
Trd, 4319154.793, 96
Trd, 4319156.293, 97
Trd, 4319157.343, 95
Trd, 4319158.593, 96
Trd, 4319159.943, 98
Trd, 4319160.393, 104
Trd, 4319161.443, 98
Trd, 4319162.593, 96
Trd, 4319166.643, 95
Trd, 4319166.693, 95
Trd, 4319167.793, 95
Trd, 4319168.193, 95
Trd, 4319171.293, 93
Trd, 4319172.293, 95
Trd, 4319172.843, 97
Trd, 4319175.743, 96
Trd, 4319176.193, 95
Trd, 4319176.393, 96
Trd, 4319178.843, 95
Trd, 4319178.893, 96
Trd, 4319180.643, 104
Trd, 4319180.843, 99
Trd, 4319184.943, 96
Trd, 4319184.993, 95
Trd, 4319185.993, 95
Trd, 4319187.493, 96
Trd, 4319188.643, 94
Trd, 4319188.893, 95
Trd, 4319192.093, 96
Trd, 4319192.643, 104
Trd, 4319192.993, 114
Trd, 4319195.043, 96
Trd, 4319195.393, 96
Trd, 4319198.093, 95
Trd, 4319199.093, 95
Trd, 4319201.143, 94
Trd, 4319202.293, 94
Trd, 4319203.443, 94
Trd, 4319203.943, 93
Trd, 4319204.043, 105
Trd, 4319204.243, 118
Trd, 4319208.993, 97
Trd, 4319210.193, 97
Trd, 4319211.693, 95
Trd, 4319212.193, 95
Trd, 4319213.143, 95
Trd, 4319216.543, 95
Trd, 4319217.743, 94
Trd, 4319217.793, 96
Trd, 4319218.443, 95
Trd, 4319221.593, 101
Trd, 4319223.693, 96
Trd, 4319225.393, 95
Trd, 4319226.443, 96
Trd, 4319227.593, 95
Trd, 4319228.143, 96
Trd, 4319228.443, 104
Trd, 4319230.293, 92
Trd, 4319231.193, 93
Trd, 4319231.393, 93
Trd, 4319232.243, 95
Trd, 4319232.993, 104
Trd, 4319234.993, 96
Trd, 4319236.493, 95
Trd, 4319237.393, 95
Trd, 4319239.343, 94
Trd, 4319240.193, 93
Trd, 4319240.643, 93
Trd, 4319241.493, 96
Trd, 4319242.893, 93
Trd, 4319242.943, 93
Trd, 4319243.943, 93
Trd, 4319246.393, 92
Trd, 4319249.493, 93
Trd, 4319249.543, 92
Trd, 4319250.543, 95
Trd, 4319252.093, 94
Trd, 4319252.943, 99
Trd, 4319253.543, 102
Trd, 4319254.543, 98
Trd, 4319256.443, 96
Trd, 4319256.493, 104
Trd, 4319261.193, 97
Trd, 4319263.443, 95
Trd, 4319264.093, 95
Trd, 4319264.493, 95
Trd, 4319264.993, 104
Trd, 4319265.943, 98
Trd, 4319266.893, 104
Trd, 4319267.593, 105
Trd, 4319271.893, 97
Trd, 4319273.143, 96
Trd, 4319274.543, 97
Trd, 4319277.493, 96
Trd, 4319279.143, 96
Trd, 4319282.693, 95
Trd, 4319282.993, 94
Trd, 4319283.443, 94
Trd, 4319283.993, 93
Trd, 4319284.293, 94
Trd, 4319285.643, 95
Trd, 4319286.643, 94
Trd, 4319287.593, 94
Trd, 4319287.893, 104
Trd, 4319290.643, 112
Trd, 4319291.543, 98
Trd, 4319292.693, 98
Trd, 4319293.493, 97
Trd, 4319293.743, 98
Trd, 4319295.043, 97
Trd, 4319296.443, 98
Trd, 4319297.393, 96
Trd, 4319299.543, 97
Trd, 4319300.443, 96
Trd, 4319301.193, 95
Trd, 4319301.843, 96
Trd, 4319303.043, 96
Trd, 4319305.293, 105
Trd, 4319306.343, 98
Trd, 4319307.793, 96
Trd, 4319308.043, 95
Trd, 4319308.493, 95
Trd, 4319310.093, 99
Trd, 4319310.493, 100
Trd, 4319315.993, 96
Trd, 4319316.593, 97
Trd, 4319317.543, 95
Trd, 4319318.093, 96
Trd, 4319321.343, 96
Trd, 4319321.643, 95
Trd, 4319322.693, 95
Trd, 4319323.893, 96
Trd, 4319324.743, 95
Trd, 4319328.043, 96
Trd, 4319328.943, 96
Trd, 4319329.393, 104
Trd, 4319332.393, 95
Trd, 4319332.843, 96
Trd, 4319333.993, 94
Trd, 4319334.643, 95
Trd, 4319335.693, 93
Trd, 4319336.543, 104
Trd, 4319340.443, 96
Trd, 4319340.793, 96
Trd, 4319342.543, 95
Trd, 4319343.843, 95
Trd, 4319343.993, 97
Trd, 4319346.343, 94
Trd, 4319347.393, 93
Trd, 4319347.843, 94
Trd, 4319348.093, 93
Trd, 4319350.143, 95
Trd, 4319350.943, 104
Trd, 4319352.243, 96
Trd, 4319353.143, 96
Trd, 4319353.993, 97
Trd, 4319355.593, 96
Trd, 4319360.343, 96
Trd, 4319360.493, 95
Trd, 4319361.293, 96
Trd, 4319362.993, 95
Trd, 4319363.493, 94
Trd, 4319363.693, 94
Trd, 4319365.293, 93
Trd, 4319366.293, 93
Trd, 4319366.693, 94
Trd, 4319366.793, 95
Trd, 4319368.643, 95
Trd, 4319370.093, 94
Trd, 4319371.643, 94
Trd, 4319371.793, 93
Trd, 4319373.643, 95
Trd, 4319373.743, 96
Trd, 4319376.193, 92
Trd, 4319376.443, 92
Trd, 4319377.543, 94
Trd, 4319380.593, 92
Trd, 4319381.093, 92
Trd, 4319382.793, 94
Trd, 4319383.443, 94
Trd, 4319386.993, 94
Trd, 4319388.493, 95
Trd, 4319389.693, 102
Trd, 4319392.143, 95
Trd, 4319392.493, 95
Trd, 4319394.393, 96
Trd, 4319396.193, 95
Trd, 4319396.943, 95
Trd, 4319397.893, 95
Trd, 4319402.493, 100
Trd, 4319403.143, 98
Trd, 4319403.943, 97
Trd, 4319405.093, 96
Trd, 4319407.093, 97
Trd, 4319410.043, 95
Trd, 4319410.193, 95
Trd, 4319412.193, 95
Trd, 4319412.643, 94
Trd, 4319413.443, 94
Trd, 4319413.593, 95
Trd, 4319415.093, 96
Trd, 4319415.993, 95
Trd, 4319418.393, 95
Trd, 4319418.743, 96
Trd, 4319420.693, 95
Trd, 4319420.943, 95
Trd, 4319422.543, 96
Trd, 4319425.093, 95
Trd, 4319425.743, 95
Trd, 4319425.893, 94
Trd, 4319427.343, 93
Trd, 4319429.093, 93
Trd, 4319429.893, 95
Trd, 4319431.393, 93
Trd, 4319434.393, 95
Trd, 4319435.443, 95
Trd, 4319435.693, 94
Trd, 4319436.543, 95
Trd, 4319438.243, 93
Trd, 4319440.593, 93
Trd, 4319441.643, 93
Trd, 4319443.093, 92
Trd, 4319444.093, 93
Trd, 4319446.643, 93
Trd, 4319447.243, 94
Trd, 4319448.343, 95
Trd, 4319449.493, 95
Trd, 4319453.343, 95
Trd, 4319453.743, 95
Trd, 4319454.943, 96
Trd, 4319455.543, 96
Trd, 4319456.243, 95
Trd, 4319457.493, 95
Trd, 4319458.043, 94
Trd, 4319458.193, 95
Trd, 4319462.043, 94
Trd, 4319464.293, 95
Trd, 4319464.843, 95
Trd, 4319465.393, 93
Trd, 4319467.443, 94
Trd, 4319467.493, 94
Trd, 4319470.493, 93
Trd, 4319471.093, 94
Trd, 4319473.243, 93
Trd, 4319474.443, 93
Trd, 4319475.393, 93
Trd, 4319475.593, 95
Trd, 4319476.593, 95
Trd, 4319477.393, 95
Trd, 4319480.343, 99
Trd, 4319481.643, 97
Trd, 4319482.843, 96
Trd, 4319483.543, 95
Trd, 4319484.243, 96
Trd, 4319484.893, 97
Trd, 4319486.893, 97
Trd, 4319488.343, 104
Trd, 4319491.693, 95
Trd, 4319492.493, 94
Trd, 4319492.543, 96
Trd, 4319494.343, 94
Trd, 4319494.693, 94
Trd, 4319495.193, 94
Trd, 4319495.993, 94
Trd, 4319496.293, 95
Trd, 4319498.043, 94
Trd, 4319499.243, 95
Trd, 4319500.543, 95
Trd, 4319500.793, 97
Trd, 4319503.243, 105
Trd, 4319505.393, 95
Trd, 4319505.543, 96
Trd, 4319508.043, 96
Trd, 4319508.393, 96
Trd, 4319511.993, 95
Trd, 4319512.393, 96
Trd, 4319515.593, 96
Trd, 4319517.493, 95
Trd, 4319517.643, 96
Trd, 4319519.243, 95
Trd, 4319519.993, 96
Trd, 4319520.643, 95
Trd, 4319522.293, 95
Trd, 4319525.293, 95
Trd, 4319525.393, 94
Trd, 4319525.643, 95
Trd, 4319529.193, 93
Trd, 4319529.493, 94
Trd, 4319530.743, 95
Trd, 4319532.943, 95
Trd, 4319533.893, 96
Trd, 4319533.943, 105
Trd, 4319537.093, 97
Trd, 4319539.543, 96
Trd, 4319540.343, 95
Trd, 4319540.493, 98
Trd, 4319541.143, 95
Trd, 4319541.593, 94
Trd, 4319543.493, 94
Trd, 4319544.993, 95
Trd, 4319545.693, 95
Trd, 4319546.243, 95
Trd, 4319548.093, 103
Trd, 4319549.643, 95
Trd, 4319549.843, 95
Trd, 4319550.193, 97
Trd, 4319551.293, 102
Trd, 4319554.493, 97
Trd, 4319556.143, 95
Trd, 4319556.893, 95
Trd, 4319557.643, 104
Trd, 4319559.343, 97
Trd, 4319559.393, 96
Trd, 4319559.593, 98
Trd, 4319561.643, 95
Trd, 4319562.693, 95
Trd, 4319565.993, 95
Trd, 4319566.043, 94
Trd, 4319566.443, 104
Trd, 4319567.993, 95
Trd, 4319569.943, 94
Trd, 4319571.193, 96
Trd, 4319571.343, 104
Trd, 4319574.343, 94
Trd, 4319574.943, 92
Trd, 4319577.193, 91
Trd, 4319578.243, 104
Trd, 4319578.543, 96
Trd, 4319579.943, 94
Trd, 4319581.543, 95
Trd, 4319582.843, 104
Trd, 4319584.693, 92
Trd, 4319586.093, 92
Trd, 4319587.043, 92
Trd, 4319588.493, 92
Trd, 4319588.843, 92
Trd, 4319589.243, 91
Trd, 4319589.343, 91
Trd, 4319590.493, 91
Trd, 4319592.343, 91
Trd, 4319592.793, 95
Trd, 4319595.193, 102
Trd, 4319595.643, 97
Trd, 4319597.043, 95
Trd, 4319597.693, 96
Trd, 4319598.593, 104
Trd, 4319601.793, 97
Trd, 4319602.443, 95
Trd, 4319603.043, 95
Trd, 4319604.093, 96
Trd, 4319605.193, 94
Trd, 4319605.393, 96
Trd, 4319606.793, 95
Trd, 4319608.193, 95
Trd, 4319609.743, 96
Trd, 4319610.443, 94
Trd, 4319611.143, 95
Trd, 4319613.693, 93
Trd, 4319615.343, 95
Trd, 4319616.393, 91
Trd, 4319617.043, 90
Trd, 4319618.743, 90
Trd, 4319618.793, 91
Trd, 4319620.493, 90
Trd, 4319621.493, 89
Trd, 4319621.843, 95
Trd, 4319624.843, 91
Trd, 4319627.243, 89
Trd, 4319627.743, 89
Trd, 4319629.093, 89
Trd, 4319631.943, 88
Trd, 4319632.193, 89
Trd, 4319633.593, 94
Trd, 4319633.693, 93
Trd, 4319634.843, 90
Trd, 4319637.043, 90
Trd, 4319637.143, 91
Trd, 4319638.793, 95
Trd, 4319639.693, 102
Trd, 4319641.893, 103
Trd, 4319644.243, 96
Trd, 4319645.493, 95
Trd, 4319649.143, 96
Trd, 4319649.293, 95
Trd, 4319650.443, 95
Trd, 4319650.793, 104
Trd, 4319651.693, 100
Trd, 4319653.493, 95
Trd, 4319654.793, 94
Trd, 4319657.293, 95
Trd, 4319657.443, 95
Trd, 4319659.043, 95
Trd, 4319660.143, 93
Trd, 4319660.343, 94
Trd, 4319665.593, 94
Trd, 4319666.393, 94
Trd, 4319667.493, 92
Trd, 4319669.093, 92
Trd, 4319669.793, 94
Trd, 4319670.143, 95
Trd, 4319671.493, 95
Trd, 4319672.093, 98
Trd, 4319674.393, 101
Trd, 4319675.543, 98
Trd, 4319678.093, 97
Trd, 4319678.443, 99
Trd, 4319679.193, 100
Trd, 4319681.143, 98
Trd, 4319681.743, 96
Trd, 4319682.793, 96
Trd, 4319684.343, 95
Trd, 4319684.993, 95
Trd, 4319685.493, 96
Trd, 4319688.593, 95
Trd, 4319689.093, 95
Trd, 4319690.893, 95
Trd, 4319691.843, 96
Trd, 4319694.243, 94
Trd, 4319694.293, 96
Trd, 4319695.893, 94
Trd, 4319698.293, 95
Trd, 4319699.193, 94
Trd, 4319701.093, 94
Trd, 4319701.993, 93
Trd, 4319703.043, 93
Trd, 4319703.293, 94
Trd, 4319704.593, 95
Trd, 4319708.393, 93
Trd, 4319708.593, 93
Trd, 4319709.743, 92
Trd, 4319710.943, 93
Trd, 4319711.243, 95
Trd, 4319714.943, 94
Trd, 4319715.193, 94
Trd, 4319716.993, 93
Trd, 4319717.193, 95
Trd, 4319718.043, 103
Trd, 4319720.243, 95
Trd, 4319721.793, 95
Trd, 4319723.543, 94
Trd, 4319724.543, 95
Trd, 4319724.993, 95
Trd, 4319726.793, 95
Trd, 4319729.243, 94
Trd, 4319729.443, 95
Trd, 4319729.493, 94
Trd, 4319730.143, 95
Trd, 4319732.893, 96
Trd, 4319734.393, 96
Trd, 4319735.393, 95
Trd, 4319735.793, 95
Trd, 4319737.143, 95
Trd, 4319737.943, 96
Trd, 4319738.643, 96
Trd, 4319740.643, 97
Trd, 4319740.743, 104
Trd, 4319742.593, 97
Trd, 4319744.743, 95
Trd, 4319744.993, 96
Trd, 4319746.293, 96
Trd, 4319746.343, 95
Trd, 4319748.643, 95
Trd, 4319750.443, 95
Trd, 4319750.493, 95
Trd, 4319751.593, 95
Trd, 4319752.943, 94
Trd, 4319754.243, 94
Trd, 4319755.843, 95
Trd, 4319756.043, 95
Trd, 4319757.293, 95
Trd, 4319758.893, 94
Trd, 4319759.793, 95
Trd, 4319760.643, 94
Trd, 4319762.143, 95
Trd, 4319766.093, 93
Trd, 4319766.243, 95
Trd, 4319766.343, 94
Trd, 4319767.143, 95
Trd, 4319769.593, 94
Trd, 4319770.993, 95
Trd, 4319771.593, 96
Trd, 4319774.943, 101
Trd, 4319775.293, 102
Trd, 4319775.843, 101
Trd, 4319776.543, 101
Trd, 4319777.993, 99
Trd, 4319778.693, 98
Trd, 4319778.793, 101
Trd, 4319779.193, 104
Trd, 4319780.993, 98
Trd, 4319784.993, 97
Trd, 4319785.093, 98
Trd, 4319786.293, 96
Trd, 4319787.393, 96
Trd, 4319788.793, 97
Trd, 4319790.293, 97
Trd, 4319790.943, 97
Trd, 4319793.093, 102
Trd, 4319794.043, 104
Trd, 4319797.093, 98
Trd, 4319798.543, 95
Trd, 4319799.443, 95
Trd, 4319800.193, 96
Trd, 4319801.493, 95
Trd, 4319803.793, 95
Trd, 4319805.943, 95
Trd, 4319806.693, 95
Trd, 4319807.993, 94
Trd, 4319808.943, 91
Trd, 4319809.193, 92
Trd, 4319810.293, 91
Trd, 4319810.893, 104
Trd, 4319812.493, 115
Trd, 4319814.393, 99
Trd, 4319815.043, 96
Trd, 4319816.093, 94
Trd, 4319817.693, 93
Trd, 4319818.893, 93
Trd, 4319821.543, 95
Trd, 4319822.443, 94
Trd, 4319823.293, 97
Trd, 4319825.093, 100
Trd, 4319827.493, 95
Trd, 4319827.643, 96
Trd, 4319827.693, 97
Trd, 4319829.543, 96
Trd, 4319830.893, 95
Trd, 4319833.043, 95
Trd, 4319835.643, 95
Trd, 4319835.743, 95
Trd, 4319836.493, 94
Trd, 4319836.943, 95
Trd, 4319839.193, 95
Trd, 4319840.643, 93
Trd, 4319840.693, 95
Trd, 4319843.043, 94
Trd, 4319843.443, 95
Trd, 4319845.593, 94
Trd, 4319846.043, 95
Trd, 4319847.243, 94
Trd, 4319850.093, 95
Trd, 4319850.943, 94
Trd, 4319850.993, 95
Trd, 4319852.593, 101
Trd, 4319853.393, 101
Trd, 4319855.293, 98
Trd, 4319856.193, 97
Trd, 4319858.793, 96
Trd, 4319859.543, 96
Trd, 4319859.593, 95
Trd, 4319862.443, 95
Trd, 4319864.893, 95
Trd, 4319865.543, 94
Trd, 4319865.743, 95
Trd, 4319866.093, 96
Trd, 4319869.143, 95
Trd, 4319870.343, 95
Trd, 4319871.493, 95
Trd, 4319872.643, 94
Trd, 4319874.093, 95
Trd, 4319876.143, 94
Trd, 4319876.593, 93
Trd, 4319877.293, 92
Trd, 4319877.893, 92
Trd, 4319879.693, 91
Trd, 4319880.693, 91
Trd, 4319881.293, 95
Trd, 4319883.443, 95
Trd, 4319884.243, 104
Trd, 4319887.293, 103
Trd, 4319888.843, 99
Trd, 4319888.893, 104
Trd, 4319889.543, 114
Trd, 4319891.543, 98
Trd, 4319892.343, 98
Trd, 4319892.793, 97
Trd, 4319893.093, 101
Trd, 4319895.543, 98
Trd, 4319898.193, 98
Trd, 4319898.793, 97
Trd, 4319900.493, 97
Trd, 4319901.193, 96
Trd, 4319901.293, 96
Trd, 4319902.043, 97
Trd, 4319904.393, 96
Trd, 4319908.643, 96
Trd, 4319909.043, 95
Trd, 4319909.443, 95
Trd, 4319910.193, 94
Trd, 4319910.343, 95
Trd, 4319910.793, 104
Trd, 4319914.093, 99
Trd, 4319914.793, 114
Trd, 4319915.443, 103
Trd, 4319918.343, 102
Trd, 4319918.943, 101
Trd, 4319920.893, 101
Trd, 4319921.493, 100
Trd, 4319922.493, 99
Trd, 4319925.943, 99
Trd, 4319927.243, 96
Trd, 4319927.943, 95
Trd, 4319928.943, 99
Trd, 4319931.243, 97
Trd, 4319932.443, 97
Trd, 4319932.893, 105
Trd, 4319935.893, 96
Trd, 4319939.593, 96
Trd, 4319940.443, 95
Trd, 4319940.643, 94
Trd, 4319941.243, 93
Trd, 4319941.543, 94
Trd, 4319943.643, 94
Trd, 4319944.443, 93
Trd, 4319944.693, 95
Trd, 4319946.893, 93
Trd, 4319948.193, 92
Trd, 4319949.143, 92
Trd, 4319950.743, 92
Trd, 4319953.093, 93
Trd, 4319954.543, 92
Trd, 4319955.743, 95
Trd, 4319956.293, 106
Trd, 4319956.843, 97
Trd, 4319958.593, 99
Trd, 4319959.593, 96
Trd, 4319961.393, 90
Trd, 4319962.443, 89
Trd, 4319962.593, 88
Trd, 4319963.093, 92
Trd, 4319964.843, 90
Trd, 4319965.643, 95
Trd, 4319966.643, 102
Trd, 4319969.693, 94
Trd, 4319970.293, 94
Trd, 4319971.293, 95
Trd, 4319973.143, 94
Trd, 4319973.593, 95
Trd, 4319975.793, 94
Trd, 4319977.693, 95
Trd, 4319979.743, 94
Trd, 4319979.843, 95
Trd, 4319980.843, 94
Trd, 4319981.493, 94
Trd, 4319981.793, 95
Trd, 4319981.943, 113
Trd, 4319984.743, 99
Trd, 4319985.843, 98
Trd, 4319987.743, 98
Trd, 4319992.043, 95
Trd, 4319992.543, 94
Trd, 4319992.593, 93
Trd, 4319992.893, 97
Trd, 4319994.993, 95
Trd, 4319996.443, 94
Trd, 4319996.693, 93
Trd, 4319997.443, 94
