Trd, 4317858.343, 92
Trd, 4317858.543, 91
Trd, 4317858.893, 95
Trd, 4317861.393, 93
Trd, 4317863.343, 95
Trd, 4317863.543, 94
Trd, 4317863.693, 92
Trd, 4317864.643, 94
Trd, 4317866.393, 95
Trd, 4317867.093, 95
Trd, 4317867.493, 96
Trd, 4317870.443, 98
Trd, 4317871.593, 99
Trd, 4317871.843, 97
Trd, 4317872.693, 85
Trd, 4317877.293, 100
Trd, 4317877.693, 99
Trd, 4317877.993, 98
Trd, 4317878.093, 97
Trd, 4317882.543, 97
Trd, 4317882.993, 97
Trd, 4317883.393, 96
Trd, 4317884.543, 97
Trd, 4317885.143, 95
Trd, 4317888.393, 99
Trd, 4317889.743, 98
Trd, 4317889.943, 97
Trd, 4317892.043, 99
Trd, 4317892.943, 98
Trd, 4317894.793, 97
Trd, 4317895.393, 95
Trd, 4317897.893, 95
Trd, 4317898.443, 94
Trd, 4317899.293, 91
Trd, 4317900.543, 91
Trd, 4317902.643, 92
Trd, 4317903.443, 91
Trd, 4317904.593, 93
Trd, 4317905.393, 92
Trd, 4317907.043, 91
Trd, 4317909.243, 92
Trd, 4317911.043, 92
Trd, 4317911.093, 91
Trd, 4317911.243, 90
Trd, 4317912.643, 88
Trd, 4317916.893, 90
Trd, 4317916.993, 90
Trd, 4317918.543, 90
Trd, 4317918.793, 90
Trd, 4317919.193, 89
Trd, 4317921.243, 88
Trd, 4317923.143, 90
Trd, 4317926.193, 90
Trd, 4317927.893, 90
Trd, 4317929.343, 94
Trd, 4317929.893, 91
Trd, 4317930.243, 90
Trd, 4317933.193, 91
Trd, 4317934.843, 92
Trd, 4317935.143, 91
Trd, 4317937.893, 90
Trd, 4317938.093, 90
Trd, 4317940.693, 90
Trd, 4317941.493, 91
Trd, 4317943.143, 93
Trd, 4317944.443, 92
Trd, 4317945.043, 92
Trd, 4317946.143, 90
Trd, 4317948.443, 91
Trd, 4317950.593, 91
Trd, 4317951.493, 90
Trd, 4317952.743, 89
Trd, 4317955.493, 90
Trd, 4317955.943, 90
Trd, 4317959.293, 90
Trd, 4317961.643, 89
Trd, 4317962.393, 90
Trd, 4317962.743, 89
Trd, 4317965.143, 90
Trd, 4317966.343, 88
Trd, 4317967.993, 89
Trd, 4317968.893, 90
Trd, 4317970.193, 91
Trd, 4317970.943, 91
Trd, 4317972.743, 92
Trd, 4317972.793, 90
Trd, 4317974.893, 91
Trd, 4317977.793, 89
Trd, 4317980.793, 94
Trd, 4317981.443, 95
Trd, 4317981.793, 95
Trd, 4317982.093, 94
Trd, 4317983.843, 97
Trd, 4317984.243, 97
Trd, 4317984.943, 95
Trd, 4317986.843, 98
Trd, 4317988.393, 98
Trd, 4317989.643, 98
Trd, 4317990.893, 97
Trd, 4317992.193, 96
Trd, 4317993.593, 88
Trd, 4317994.443, 86
Trd, 4317996.143, 91
Trd, 4317997.193, 91
Trd, 4317998.993, 95
Trd, 4317999.393, 93
Trd, 4318001.193, 94
Trd, 4318001.293, 95
Trd, 4318004.443, 99
Trd, 4318006.543, 99
Trd, 4318007.293, 98
Trd, 4318007.493, 97
Trd, 4318008.643, 90
Trd, 4318009.743, 96
Trd, 4318012.293, 95
Trd, 4318012.443, 96
Trd, 4318014.643, 99
Trd, 4318014.793, 98
Trd, 4318015.143, 99
Trd, 4318015.893, 97
Trd, 4318018.143, 98
Trd, 4318018.393, 92
Trd, 4318019.743, 95
Trd, 4318022.443, 96
Trd, 4318023.943, 94
Trd, 4318024.293, 95
Trd, 4318026.543, 94
Trd, 4318028.743, 93
Trd, 4318029.843, 92
Trd, 4318030.543, 91
Trd, 4318030.793, 84
Trd, 4318032.993, 87
Trd, 4318033.543, 88
Trd, 4318035.643, 96
Trd, 4318036.093, 95
Trd, 4318038.093, 98
Trd, 4318039.293, 98
Trd, 4318039.593, 97
Trd, 4318040.993, 96
Trd, 4318042.443, 96
Trd, 4318044.093, 97
Trd, 4318044.693, 96
Trd, 4318044.793, 96
Trd, 4318046.693, 97
Trd, 4318048.943, 93
Trd, 4318050.293, 97
Trd, 4318050.443, 97
Trd, 4318053.393, 96
Trd, 4318054.443, 95
Trd, 4318056.293, 96
Trd, 4318056.993, 95
Trd, 4318058.943, 96
Trd, 4318059.193, 95
Trd, 4318060.743, 96
Trd, 4318061.143, 96
Trd, 4318062.993, 95
Trd, 4318065.143, 95
Trd, 4318066.343, 95
Trd, 4318067.393, 94
Trd, 4318068.193, 93
Trd, 4318070.693, 92
Trd, 4318072.393, 93
Trd, 4318072.993, 92
Trd, 4318073.593, 93
Trd, 4318074.243, 87
Trd, 4318076.943, 92
Trd, 4318076.993, 92
Trd, 4318079.043, 91
Trd, 4318080.193, 92
Trd, 4318082.643, 95
Trd, 4318084.793, 94
Trd, 4318085.443, 94
Trd, 4318086.393, 93
Trd, 4318089.493, 92
Trd, 4318089.643, 92
Trd, 4318093.143, 92
Trd, 4318093.643, 92
Trd, 4318095.043, 93
Trd, 4318096.643, 92
Trd, 4318097.443, 92
Trd, 4318098.293, 91
Trd, 4318099.943, 92
Trd, 4318100.043, 91
Trd, 4318102.343, 92
Trd, 4318103.743, 92
Trd, 4318103.993, 92
Trd, 4318104.093, 92
Trd, 4318108.843, 94
Trd, 4318109.343, 93
Trd, 4318111.643, 93
Trd, 4318112.693, 93
Trd, 4318114.443, 93
Trd, 4318116.593, 92
Trd, 4318117.743, 92
Trd, 4318118.343, 91
Trd, 4318118.543, 93
Trd, 4318121.143, 92
Trd, 4318122.093, 93
Trd, 4318122.993, 95
Trd, 4318123.693, 94
Trd, 4318124.643, 93
Trd, 4318127.193, 93
Trd, 4318128.793, 91
Trd, 4318129.993, 92
Trd, 4318130.093, 88
Trd, 4318132.693, 92
Trd, 4318134.643, 94
Trd, 4318135.393, 93
Trd, 4318137.193, 93
Trd, 4318137.743, 93
Trd, 4318139.143, 93
Trd, 4318140.643, 95
Trd, 4318141.793, 94
Trd, 4318142.343, 96
Trd, 4318142.593, 94
Trd, 4318145.793, 97
Trd, 4318147.693, 98
Trd, 4318148.393, 97
Trd, 4318148.593, 97
Trd, 4318151.093, 101
Trd, 4318151.893, 101
Trd, 4318152.293, 100
Trd, 4318152.743, 100
Trd, 4318155.943, 86
Trd, 4318157.443, 98
Trd, 4318158.493, 103
Trd, 4318158.693, 102
Trd, 4318159.843, 102
Trd, 4318161.393, 105
Trd, 4318162.243, 86
Trd, 4318163.593, 101
Trd, 4318164.593, 101
Trd, 4318164.993, 100
Trd, 4318165.143, 86
Trd, 4318169.093, 99
Trd, 4318169.743, 99
Trd, 4318171.293, 104
Trd, 4318171.443, 103
Trd, 4318172.193, 103
Trd, 4318173.243, 103
Trd, 4318175.293, 102
Trd, 4318175.893, 100
Trd, 4318177.493, 101
Trd, 4318179.693, 98
Trd, 4318181.143, 93
Trd, 4318182.043, 96
Trd, 4318183.643, 97
Trd, 4318183.943, 96
Trd, 4318185.743, 98
Trd, 4318187.143, 99
Trd, 4318189.293, 103
Trd, 4318190.343, 104
Trd, 4318190.793, 104
Trd, 4318192.043, 102
Trd, 4318192.343, 103
Trd, 4318194.743, 103
Trd, 4318195.843, 101
Trd, 4318197.343, 100
Trd, 4318197.893, 99
Trd, 4318200.993, 100
Trd, 4318201.443, 98
Trd, 4318203.443, 100
Trd, 4318203.593, 99
Trd, 4318208.793, 100
Trd, 4318209.243, 99
Trd, 4318210.593, 99
Trd, 4318210.993, 98
Trd, 4318214.343, 99
Trd, 4318215.393, 99
Trd, 4318216.243, 98
Trd, 4318216.343, 99
Trd, 4318217.043, 98
Trd, 4318218.693, 97
Trd, 4318220.143, 86
Trd, 4318222.043, 95
Trd, 4318223.743, 94
Trd, 4318225.143, 94
Trd, 4318225.293, 92
Trd, 4318228.293, 93
Trd, 4318229.693, 93
Trd, 4318229.943, 93
Trd, 4318231.793, 92
Trd, 4318233.793, 93
Trd, 4318235.893, 92
Trd, 4318236.193, 91
Trd, 4318237.093, 91
Trd, 4318239.343, 93
Trd, 4318240.043, 92
Trd, 4318240.743, 92
Trd, 4318242.743, 92
Trd, 4318243.693, 94
Trd, 4318244.843, 94
Trd, 4318246.243, 91
Trd, 4318249.393, 95
Trd, 4318249.643, 94
Trd, 4318250.243, 92
Trd, 4318252.993, 92
Trd, 4318254.643, 92
Trd, 4318254.893, 90
Trd, 4318260.143, 93
Trd, 4318260.343, 91
Trd, 4318261.543, 92
Trd, 4318263.243, 92
Trd, 4318265.293, 91
Trd, 4318265.543, 91
Trd, 4318268.293, 93
Trd, 4318270.793, 94
Trd, 4318272.393, 96
Trd, 4318273.343, 96
Trd, 4318274.493, 96
Trd, 4318275.993, 98
Trd, 4318276.643, 95
Trd, 4318276.993, 76
Trd, 4318281.343, 100
Trd, 4318281.843, 99
Trd, 4318282.193, 99
Trd, 4318282.493, 98
Trd, 4318284.443, 103
Trd, 4318285.193, 101
Trd, 4318286.743, 101
Trd, 4318288.243, 100
Trd, 4318289.993, 101
Trd, 4318291.193, 99
Trd, 4318292.593, 99
Trd, 4318294.543, 100
Trd, 4318295.243, 99
Trd, 4318296.943, 100
Trd, 4318298.043, 100
Trd, 4318298.343, 100
Trd, 4318299.243, 99
Trd, 4318301.043, 101
Trd, 4318301.193, 100
Trd, 4318304.243, 99
Trd, 4318304.593, 100
Trd, 4318306.593, 100
Trd, 4318306.743, 98
Trd, 4318310.043, 97
Trd, 4318310.143, 98
Trd, 4318313.143, 98
Trd, 4318315.043, 99
Trd, 4318315.743, 98
Trd, 4318316.343, 98
Trd, 4318317.593, 94
Trd, 4318317.943, 95
Trd, 4318318.243, 94
Trd, 4318319.893, 96
Trd, 4318321.343, 95
Trd, 4318323.093, 94
Trd, 4318324.043, 94
Trd, 4318324.493, 95
Trd, 4318326.693, 94
Trd, 4318326.843, 95
Trd, 4318328.693, 95
Trd, 4318330.793, 97
Trd, 4318331.293, 97
Trd, 4318332.943, 98
Trd, 4318333.293, 99
Trd, 4318333.793, 99
Trd, 4318335.643, 102
Trd, 4318337.993, 101
Trd, 4318338.593, 101
Trd, 4318339.443, 100
Trd, 4318341.143, 100
Trd, 4318344.393, 100
Trd, 4318346.193, 89
Trd, 4318346.743, 95
Trd, 4318348.543, 90
Trd, 4318349.643, 87
Trd, 4318350.293, 91
Trd, 4318351.393, 92
Trd, 4318352.993, 90
Trd, 4318354.143, 91
Trd, 4318355.143, 92
Trd, 4318356.243, 91
Trd, 4318357.193, 95
Trd, 4318357.993, 97
Trd, 4318362.693, 98
Trd, 4318363.043, 99
Trd, 4318364.493, 101
Trd, 4318364.743, 99
Trd, 4318365.793, 98
Trd, 4318368.443, 90
Trd, 4318368.693, 95
Trd, 4318370.393, 95
Trd, 4318372.593, 94
Trd, 4318373.293, 93
Trd, 4318373.743, 94
Trd, 4318377.193, 88
Trd, 4318377.593, 90
Trd, 4318378.393, 91
Trd, 4318380.443, 92
Trd, 4318383.293, 90
Trd, 4318383.543, 90
Trd, 4318383.643, 89
Trd, 4318386.543, 90
Trd, 4318387.693, 90
Trd, 4318388.543, 92
Trd, 4318392.993, 99
Trd, 4318393.193, 98
Trd, 4318394.593, 103
Trd, 4318395.693, 103
Trd, 4318396.093, 101
Trd, 4318396.793, 86
Trd, 4318398.643, 98
Trd, 4318398.843, 94
Trd, 4318399.993, 97
Trd, 4318400.993, 96
Trd, 4318402.243, 97
Trd, 4318403.143, 96
Trd, 4318403.593, 95
Trd, 4318405.493, 88
Trd, 4318408.043, 93
Trd, 4318409.593, 95
Trd, 4318410.343, 95
Trd, 4318411.793, 93
Trd, 4318413.843, 95
Trd, 4318414.043, 94
Trd, 4318415.493, 92
Trd, 4318416.543, 91
Trd, 4318417.443, 85
Trd, 4318418.843, 86
Trd, 4318419.543, 90
Trd, 4318421.743, 90
Trd, 4318424.443, 92
Trd, 4318425.443, 91
Trd, 4318427.193, 92
Trd, 4318428.393, 95
Trd, 4318429.943, 95
Trd, 4318431.643, 95
Trd, 4318431.993, 94
Trd, 4318432.493, 94
Trd, 4318433.943, 93
Trd, 4318434.743, 93
Trd, 4318436.343, 96
Trd, 4318436.743, 94
Trd, 4318437.643, 95
Trd, 4318439.043, 94
Trd, 4318439.793, 94
Trd, 4318441.043, 95
Trd, 4318441.193, 93
Trd, 4318444.043, 94
Trd, 4318444.643, 94
Trd, 4318445.643, 95
Trd, 4318447.843, 95
Trd, 4318449.293, 94
Trd, 4318449.743, 94
Trd, 4318452.443, 95
Trd, 4318452.543, 93
Trd, 4318454.293, 93
Trd, 4318458.993, 94
Trd, 4318459.843, 92
Trd, 4318460.043, 91
Trd, 4318461.043, 91
Trd, 4318462.393, 90
Trd, 4318463.143, 93
Trd, 4318464.043, 94
Trd, 4318466.343, 92
Trd, 4318468.593, 91
Trd, 4318470.293, 91
Trd, 4318471.743, 91
Trd, 4318472.843, 92
Trd, 4318475.193, 92
Trd, 4318476.343, 93
Trd, 4318476.943, 92
Trd, 4318478.193, 92
Trd, 4318481.793, 92
Trd, 4318482.243, 92
Trd, 4318486.343, 92
Trd, 4318488.243, 91
Trd, 4318488.893, 90
Trd, 4318489.843, 90
Trd, 4318490.943, 90
Trd, 4318491.693, 90
Trd, 4318495.943, 91
Trd, 4318496.543, 90
Trd, 4318497.043, 91
Trd, 4318497.143, 91
Trd, 4318499.143, 92
Trd, 4318499.993, 91
Trd, 4318501.993, 93
Trd, 4318503.343, 98
Trd, 4318504.143, 98
Trd, 4318504.543, 97
Trd, 4318507.143, 97
Trd, 4318508.343, 98
Trd, 4318508.443, 97
Trd, 4318509.743, 97
Trd, 4318511.743, 95
Trd, 4318513.193, 94
Trd, 4318513.393, 89
Trd, 4318515.443, 89
Trd, 4318517.793, 92
Trd, 4318518.193, 92
Trd, 4318521.793, 93
Trd, 4318523.043, 93
Trd, 4318524.793, 92
Trd, 4318528.743, 92
Trd, 4318529.843, 91
Trd, 4318531.643, 92
Trd, 4318532.043, 92
Trd, 4318533.543, 94
Trd, 4318535.843, 94
Trd, 4318537.793, 95
Trd, 4318539.393, 94
Trd, 4318540.693, 94
Trd, 4318541.293, 93
Trd, 4318542.143, 92
Trd, 4318544.843, 91
Trd, 4318545.243, 91
Trd, 4318548.093, 95
Trd, 4318548.293, 94
Trd, 4318550.643, 95
Trd, 4318552.543, 99
Trd, 4318552.843, 97
Trd, 4318553.593, 96
Trd, 4318555.593, 97
Trd, 4318557.443, 96
Trd, 4318557.543, 96
Trd, 4318558.193, 97
Trd, 4318559.693, 96
Trd, 4318560.593, 86
Trd, 4318561.943, 95
Trd, 4318563.993, 94
Trd, 4318565.143, 94
Trd, 4318565.893, 94
Trd, 4318568.743, 95
Trd, 4318569.893, 94
Trd, 4318571.793, 94
Trd, 4318572.593, 94
Trd, 4318573.643, 86
Trd, 4318575.293, 90
Trd, 4318576.493, 92
Trd, 4318577.943, 94
Trd, 4318579.243, 97
Trd, 4318580.143, 95
Trd, 4318581.893, 104
Trd, 4318583.093, 108
Trd, 4318585.343, 109
Trd, 4318586.843, 109
Trd, 4318587.393, 108
Trd, 4318588.693, 107
Trd, 4318589.443, 106
Trd, 4318592.093, 92
Trd, 4318592.743, 93
Trd, 4318594.043, 99
Trd, 4318594.093, 94
Trd, 4318594.493, 96
Trd, 4318596.593, 86
Trd, 4318599.593, 92
Trd, 4318600.743, 91
Trd, 4318601.393, 92
Trd, 4318602.393, 92
Trd, 4318604.343, 86
Trd, 4318607.843, 95
Trd, 4318608.193, 94
Trd, 4318608.593, 92
Trd, 4318610.643, 91
Trd, 4318611.043, 90
Trd, 4318615.043, 95
Trd, 4318616.543, 93
Trd, 4318617.943, 94
Trd, 4318619.393, 94
Trd, 4318620.093, 93
Trd, 4318620.543, 95
Trd, 4318621.543, 94
Trd, 4318622.443, 93
Trd, 4318625.393, 92
Trd, 4318628.143, 92
Trd, 4318628.943, 91
Trd, 4318630.543, 93
Trd, 4318631.093, 91
Trd, 4318632.393, 93
Trd, 4318634.393, 93
Trd, 4318636.393, 91
Trd, 4318637.793, 90
Trd, 4318638.643, 93
Trd, 4318639.843, 95
Trd, 4318641.343, 100
Trd, 4318642.543, 103
Trd, 4318644.143, 103
Trd, 4318644.843, 102
Trd, 4318645.993, 102
Trd, 4318649.093, 103
Trd, 4318650.243, 104
Trd, 4318650.993, 104
Trd, 4318651.243, 103
Trd, 4318651.993, 104
Trd, 4318652.743, 103
Trd, 4318655.143, 101
Trd, 4318658.143, 100
Trd, 4318658.543, 100
Trd, 4318659.043, 87
Trd, 4318659.293, 93
Trd, 4318659.793, 82
Trd, 4318664.543, 102
Trd, 4318664.793, 102
Trd, 4318664.993, 101
Trd, 4318666.393, 101
Trd, 4318668.543, 102
Trd, 4318668.593, 101
Trd, 4318669.643, 101
Trd, 4318670.243, 100
Trd, 4318670.593, 99
Trd, 4318673.443, 88
Trd, 4318674.243, 87
Trd, 4318676.093, 94
Trd, 4318676.843, 92
Trd, 4318680.993, 96
Trd, 4318681.193, 95
Trd, 4318682.043, 96
Trd, 4318683.543, 96
Trd, 4318684.243, 95
Trd, 4318685.843, 95
Trd, 4318688.593, 97
Trd, 4318689.343, 101
Trd, 4318690.293, 101
Trd, 4318691.543, 100
Trd, 4318692.393, 101
Trd, 4318694.093, 102
Trd, 4318697.443, 105
Trd, 4318697.843, 103
Trd, 4318699.793, 102
Trd, 4318699.843, 102
Trd, 4318703.043, 96
Trd, 4318703.193, 88
Trd, 4318704.443, 89
Trd, 4318704.743, 95
Trd, 4318705.793, 93
Trd, 4318706.243, 95
Trd, 4318707.143, 93
Trd, 4318709.393, 93
Trd, 4318713.643, 93
Trd, 4318714.293, 93
Trd, 4318715.093, 95
Trd, 4318716.693, 95
Trd, 4318717.193, 94
Trd, 4318719.993, 95
Trd, 4318722.643, 95
Trd, 4318722.743, 95
Trd, 4318723.643, 93
Trd, 4318724.843, 86
Trd, 4318725.043, 88
Trd, 4318729.293, 107
Trd, 4318730.143, 108
Trd, 4318730.543, 107
Trd, 4318732.243, 109
Trd, 4318733.643, 108
Trd, 4318735.093, 108
Trd, 4318735.193, 107
Trd, 4318735.393, 107
Trd, 4318737.243, 107
Trd, 4318738.943, 105
Trd, 4318741.193, 107
Trd, 4318741.293, 104
Trd, 4318742.893, 106
Trd, 4318743.493, 105
Trd, 4318746.843, 106
Trd, 4318747.143, 94
Trd, 4318749.143, 102
Trd, 4318750.193, 103
Trd, 4318752.343, 102
Trd, 4318753.043, 103
Trd, 4318754.293, 102
Trd, 4318756.293, 101
Trd, 4318758.593, 100
Trd, 4318758.943, 103
Trd, 4318759.093, 102
Trd, 4318760.093, 103
Trd, 4318761.343, 101
Trd, 4318761.693, 86
Trd, 4318764.543, 100
Trd, 4318765.993, 99
Trd, 4318766.043, 98
Trd, 4318768.943, 98
Trd, 4318769.243, 98
Trd, 4318770.293, 99
Trd, 4318772.643, 96
Trd, 4318773.843, 97
Trd, 4318775.243, 96
Trd, 4318776.043, 95
Trd, 4318776.893, 76
Trd, 4318778.793, 96
Trd, 4318781.443, 96
Trd, 4318781.693, 96
Trd, 4318784.343, 102
Trd, 4318784.693, 100
Trd, 4318785.893, 100
Trd, 4318786.543, 100
Trd, 4318786.793, 99
Trd, 4318787.343, 98
Trd, 4318788.443, 87
Trd, 4318790.743, 88
Trd, 4318791.293, 92
Trd, 4318792.243, 95
Trd, 4318793.193, 94
Trd, 4318794.843, 95
Trd, 4318795.443, 93
Trd, 4318796.243, 93
Trd, 4318797.693, 92
Trd, 4318797.993, 92
Trd, 4318799.043, 92
Trd, 4318801.343, 93
Trd, 4318801.443, 94
Trd, 4318802.993, 93
Trd, 4318803.993, 95
Trd, 4318804.593, 93
Trd, 4318806.243, 92
Trd, 4318807.343, 92
Trd, 4318809.993, 93
Trd, 4318810.993, 93
Trd, 4318811.693, 93
Trd, 4318812.343, 92
Trd, 4318813.993, 93
Trd, 4318814.043, 91
Trd, 4318816.943, 94
Trd, 4318818.493, 95
Trd, 4318818.893, 93
Trd, 4318820.193, 92
Trd, 4318822.743, 93
Trd, 4318827.093, 92
Trd, 4318827.793, 92
Trd, 4318828.143, 93
Trd, 4318831.143, 101
Trd, 4318831.543, 94
Trd, 4318832.193, 99
Trd, 4318832.793, 93
Trd, 4318834.443, 90
Trd, 4318834.843, 94
Trd, 4318835.843, 96
Trd, 4318836.793, 88
Trd, 4318838.393, 94
Trd, 4318840.443, 95
Trd, 4318841.293, 94
Trd, 4318841.893, 87
Trd, 4318844.943, 86
Trd, 4318844.993, 92
Trd, 4318848.443, 89
Trd, 4318848.593, 88
Trd, 4318849.243, 88
Trd, 4318850.143, 87
Trd, 4318850.193, 88
Trd, 4318856.243, 94
Trd, 4318857.593, 93
Trd, 4318857.993, 92
Trd, 4318859.943, 93
Trd, 4318860.443, 91
Trd, 4318862.693, 93
Trd, 4318865.393, 91
Trd, 4318865.893, 90
Trd, 4318866.393, 90
Trd, 4318868.393, 90
Trd, 4318871.643, 93
Trd, 4318871.693, 91
Trd, 4318874.193, 91
Trd, 4318875.093, 92
Trd, 4318877.393, 93
Trd, 4318879.543, 92
Trd, 4318879.843, 86
Trd, 4318880.243, 86
Trd, 4318883.593, 95
Trd, 4318884.143, 96
Trd, 4318884.343, 94
Trd, 4318887.893, 97
Trd, 4318888.943, 98
Trd, 4318891.443, 103
Trd, 4318891.693, 101
Trd, 4318891.943, 100
Trd, 4318893.243, 100
Trd, 4318893.743, 101
Trd, 4318895.743, 103
Trd, 4318896.343, 102
Trd, 4318898.293, 102
Trd, 4318900.393, 104
Trd, 4318900.593, 104
Trd, 4318900.793, 101
Trd, 4318902.693, 101
Trd, 4318905.393, 96
Trd, 4318907.093, 94
Trd, 4318907.243, 95
Trd, 4318908.193, 95
Trd, 4318908.293, 94
Trd, 4318910.593, 99
Trd, 4318911.193, 98
Trd, 4318914.893, 101
Trd, 4318915.093, 100
Trd, 4318916.593, 104
Trd, 4318917.343, 101
Trd, 4318917.743, 99
Trd, 4318917.893, 99
Trd, 4318921.643, 99
Trd, 4318921.843, 98
Trd, 4318923.893, 103
Trd, 4318924.543, 102
Trd, 4318924.793, 101
Trd, 4318926.993, 101
Trd, 4318928.943, 101
Trd, 4318929.493, 88
Trd, 4318930.143, 86
Trd, 4318931.593, 95
Trd, 4318932.143, 94
Trd, 4318932.843, 95
Trd, 4318934.393, 100
Trd, 4318938.093, 105
Trd, 4318939.793, 105
Trd, 4318940.593, 104
Trd, 4318941.293, 103
Trd, 4318942.443, 103
Trd, 4318942.743, 102
Trd, 4318944.593, 101
Trd, 4318946.043, 101
Trd, 4318946.693, 101
Trd, 4318948.343, 102
Trd, 4318950.143, 101
Trd, 4318951.743, 100
Trd, 4318953.493, 100
Trd, 4318954.443, 100
Trd, 4318956.843, 100
Trd, 4318957.693, 101
Trd, 4318959.343, 101
Trd, 4318959.693, 100
Trd, 4318959.943, 98
Trd, 4318962.243, 104
Trd, 4318962.393, 103
Trd, 4318963.543, 103
Trd, 4318965.343, 94
Trd, 4318965.543, 98
Trd, 4318965.893, 98
Trd, 4318969.043, 103
Trd, 4318970.893, 103
Trd, 4318971.693, 102
Trd, 4318974.193, 101
Trd, 4318974.243, 100
Trd, 4318976.193, 104
Trd, 4318977.493, 103
Trd, 4318977.943, 101
Trd, 4318978.343, 96
Trd, 4318980.993, 99
Trd, 4318981.643, 100
Trd, 4318982.793, 100
Trd, 4318983.793, 99
Trd, 4318985.993, 90
Trd, 4318986.993, 97
Trd, 4318987.993, 95
Trd, 4318988.043, 97
Trd, 4318991.393, 93
Trd, 4318992.793, 97
Trd, 4318992.893, 95
Trd, 4318994.693, 93
Trd, 4318996.693, 86
Trd, 4318999.893, 94
Trd, 4319001.993, 92
Trd, 4319005.093, 94
Trd, 4319005.943, 93
Trd, 4319006.043, 91
Trd, 4319007.193, 92
Trd, 4319009.943, 93
Trd, 4319010.693, 95
Trd, 4319011.593, 97
Trd, 4319011.743, 96
Trd, 4319013.493, 94
Trd, 4319015.493, 94
Trd, 4319015.743, 93
Trd, 4319016.793, 93
Trd, 4319018.393, 94
Trd, 4319019.143, 95
Trd, 4319021.543, 97
Trd, 4319021.793, 97
Trd, 4319023.443, 96
Trd, 4319024.543, 97
Trd, 4319025.143, 96
Trd, 4319025.493, 86
Trd, 4319028.843, 98
Trd, 4319030.293, 98
Trd, 4319030.343, 97
Trd, 4319031.143, 97
Trd, 4319032.293, 97
Trd, 4319033.343, 96
Trd, 4319035.443, 88
Trd, 4319036.543, 92
Trd, 4319036.993, 95
Trd, 4319040.893, 98
Trd, 4319041.393, 97
Trd, 4319041.543, 94
Trd, 4319041.643, 94
Trd, 4319042.493, 95
Trd, 4319043.593, 98
Trd, 4319044.543, 102
Trd, 4319045.793, 103
Trd, 4319046.443, 102
Trd, 4319049.243, 104
Trd, 4319050.143, 104
Trd, 4319050.643, 103
Trd, 4319051.593, 103
Trd, 4319051.693, 101
Trd, 4319052.293, 86
Trd, 4319055.843, 102
Trd, 4319056.093, 97
Trd, 4319057.843, 100
Trd, 4319060.143, 99
Trd, 4319062.493, 101
Trd, 4319063.143, 101
Trd, 4319063.943, 101
Trd, 4319067.443, 100
Trd, 4319069.443, 99
Trd, 4319069.843, 98
Trd, 4319071.943, 100
Trd, 4319072.693, 98
Trd, 4319074.343, 100
Trd, 4319075.893, 99
Trd, 4319077.543, 99
Trd, 4319078.893, 98
Trd, 4319079.593, 99
Trd, 4319080.743, 98
Trd, 4319081.843, 99
Trd, 4319082.643, 98
Trd, 4319083.993, 98
Trd, 4319085.643, 97
Trd, 4319087.693, 99
Trd, 4319088.943, 98
Trd, 4319091.143, 97
Trd, 4319091.893, 98
Trd, 4319092.443, 99
Trd, 4319095.593, 99
Trd, 4319096.243, 97
Trd, 4319098.193, 98
Trd, 4319100.893, 98
Trd, 4319101.643, 98
Trd, 4319101.843, 97
Trd, 4319102.893, 96
Trd, 4319105.993, 86
Trd, 4319107.193, 94
Trd, 4319108.493, 96
Trd, 4319111.593, 95
Trd, 4319113.143, 96
Trd, 4319113.593, 96
Trd, 4319115.093, 96
Trd, 4319118.193, 97
Trd, 4319118.493, 95
Trd, 4319118.993, 94
Trd, 4319123.393, 95
Trd, 4319124.093, 95
Trd, 4319125.393, 95
Trd, 4319126.093, 94
Trd, 4319126.843, 93
Trd, 4319131.243, 93
Trd, 4319131.743, 95
Trd, 4319132.243, 93
Trd, 4319133.393, 93
Trd, 4319134.843, 93
Trd, 4319134.943, 94
Trd, 4319135.593, 93
Trd, 4319137.943, 95
Trd, 4319138.393, 94
Trd, 4319140.543, 93
Trd, 4319141.693, 92
Trd, 4319144.043, 92
Trd, 4319145.593, 91
Trd, 4319146.293, 92
Trd, 4319147.343, 95
Trd, 4319147.993, 94
Trd, 4319148.843, 89
Trd, 4319149.543, 86
Trd, 4319152.743, 92
Trd, 4319154.493, 92
Trd, 4319156.193, 94
Trd, 4319156.893, 94
Trd, 4319157.443, 93
Trd, 4319159.893, 92
Trd, 4319161.093, 94
Trd, 4319161.743, 93
Trd, 4319164.943, 91
Trd, 4319165.893, 89
Trd, 4319167.393, 93
Trd, 4319169.843, 92
Trd, 4319170.943, 91
Trd, 4319172.243, 91
Trd, 4319172.393, 91
Trd, 4319173.343, 90
Trd, 4319174.793, 92
Trd, 4319176.643, 94
Trd, 4319177.843, 92
Trd, 4319178.893, 92
Trd, 4319179.393, 89
Trd, 4319180.043, 90
Trd, 4319182.643, 88
Trd, 4319184.343, 91
Trd, 4319185.093, 91
Trd, 4319187.043, 95
Trd, 4319189.143, 102
Trd, 4319189.843, 99
Trd, 4319190.693, 102
Trd, 4319192.843, 102
Trd, 4319194.643, 99
Trd, 4319194.843, 90
Trd, 4319196.093, 100
Trd, 4319196.243, 97
Trd, 4319199.193, 102
Trd, 4319199.693, 102
Trd, 4319200.243, 103
Trd, 4319200.993, 102
Trd, 4319202.043, 104
Trd, 4319203.643, 102
Trd, 4319205.243, 103
Trd, 4319205.743, 102
Trd, 4319206.493, 101
Trd, 4319207.943, 101
Trd, 4319209.693, 102
Trd, 4319209.743, 101
Trd, 4319212.593, 98
Trd, 4319213.293, 98
Trd, 4319213.693, 87
Trd, 4319214.793, 99
Trd, 4319216.443, 98
Trd, 4319218.243, 97
Trd, 4319220.643, 96
Trd, 4319222.543, 96
Trd, 4319223.343, 95
Trd, 4319224.493, 94
Trd, 4319225.443, 95
Trd, 4319225.793, 95
Trd, 4319227.293, 95
Trd, 4319228.793, 94
Trd, 4319232.643, 97
Trd, 4319233.593, 98
Trd, 4319234.643, 98
Trd, 4319236.393, 98
Trd, 4319236.743, 96
Trd, 4319237.893, 87
Trd, 4319238.943, 90
Trd, 4319239.293, 92
Trd, 4319241.293, 94
Trd, 4319241.843, 90
Trd, 4319244.493, 98
Trd, 4319244.593, 98
Trd, 4319244.993, 97
Trd, 4319248.443, 103
Trd, 4319248.993, 103
Trd, 4319251.993, 104
Trd, 4319252.843, 103
Trd, 4319252.993, 102
Trd, 4319253.543, 100
Trd, 4319253.693, 86
Trd, 4319255.693, 95
Trd, 4319255.893, 95
Trd, 4319256.793, 97
Trd, 4319259.393, 98
Trd, 4319259.693, 94
Trd, 4319259.893, 86
Trd, 4319263.943, 95
Trd, 4319264.543, 94
Trd, 4319265.493, 95
Trd, 4319266.943, 91
Trd, 4319267.493, 92
Trd, 4319268.443, 87
Trd, 4319270.343, 89
Trd, 4319271.993, 89
Trd, 4319272.493, 89
Trd, 4319273.093, 89
Trd, 4319275.093, 91
Trd, 4319275.693, 89
Trd, 4319279.893, 90
Trd, 4319280.243, 89
Trd, 4319280.643, 89
Trd, 4319283.043, 89
Trd, 4319283.893, 90
Trd, 4319284.593, 90
Trd, 4319287.243, 89
Trd, 4319288.193, 88
Trd, 4319290.193, 89
Trd, 4319292.893, 90
Trd, 4319294.593, 90
Trd, 4319296.093, 90
Trd, 4319296.843, 91
Trd, 4319299.043, 91
Trd, 4319300.143, 90
Trd, 4319301.643, 91
Trd, 4319301.893, 92
Trd, 4319302.693, 91
Trd, 4319304.993, 91
Trd, 4319305.593, 90
Trd, 4319306.643, 90
Trd, 4319309.243, 90
Trd, 4319311.993, 92
Trd, 4319315.293, 92
Trd, 4319315.643, 93
Trd, 4319317.943, 93
Trd, 4319318.943, 92
Trd, 4319319.143, 92
Trd, 4319322.243, 95
Trd, 4319322.893, 92
Trd, 4319325.393, 102
Trd, 4319325.943, 101
Trd, 4319326.593, 99
Trd, 4319327.693, 100
Trd, 4319330.993, 102
Trd, 4319331.743, 101
Trd, 4319333.943, 103
Trd, 4319335.193, 104
Trd, 4319336.043, 106
Trd, 4319336.693, 104
Trd, 4319339.743, 104
Trd, 4319341.093, 104
Trd, 4319342.543, 105
Trd, 4319343.393, 104
Trd, 4319343.643, 103
Trd, 4319344.643, 102
Trd, 4319347.443, 101
Trd, 4319347.693, 102
Trd, 4319349.593, 102
Trd, 4319352.743, 101
Trd, 4319354.493, 101
Trd, 4319355.043, 102
Trd, 4319357.243, 101
Trd, 4319357.743, 100
Trd, 4319358.093, 101
Trd, 4319358.793, 99
Trd, 4319361.693, 98
Trd, 4319362.293, 99
Trd, 4319365.493, 99
Trd, 4319365.793, 97
Trd, 4319367.193, 98
Trd, 4319367.793, 99
Trd, 4319368.093, 96
Trd, 4319370.043, 99
Trd, 4319370.743, 98
Trd, 4319372.543, 97
Trd, 4319373.843, 97
Trd, 4319373.993, 86
Trd, 4319375.393, 95
Trd, 4319376.593, 96
Trd, 4319378.243, 95
Trd, 4319378.743, 94
Trd, 4319382.943, 96
Trd, 4319383.093, 95
Trd, 4319385.243, 93
Trd, 4319388.793, 97
Trd, 4319388.943, 97
Trd, 4319389.143, 96
Trd, 4319390.743, 96
Trd, 4319391.843, 95
Trd, 4319392.543, 95
Trd, 4319394.543, 96
Trd, 4319396.243, 95
Trd, 4319396.843, 93
Trd, 4319397.843, 95
Trd, 4319398.343, 95
Trd, 4319398.993, 93
Trd, 4319402.043, 95
Trd, 4319403.393, 94
Trd, 4319403.993, 94
Trd, 4319405.843, 94
Trd, 4319406.993, 94
Trd, 4319408.343, 93
Trd, 4319409.593, 95
Trd, 4319409.993, 94
Trd, 4319410.843, 95
Trd, 4319412.393, 97
Trd, 4319412.743, 93
Trd, 4319414.293, 96
Trd, 4319415.643, 97
Trd, 4319416.793, 96
Trd, 4319417.243, 96
Trd, 4319417.843, 95
Trd, 4319419.693, 94
Trd, 4319420.143, 76
Trd, 4319423.543, 93
Trd, 4319425.643, 96
Trd, 4319426.643, 95
Trd, 4319427.143, 95
Trd, 4319428.243, 94
Trd, 4319428.743, 94
Trd, 4319429.743, 94
Trd, 4319431.893, 95
Trd, 4319431.943, 95
Trd, 4319434.593, 93
Trd, 4319436.043, 95
Trd, 4319437.193, 99
Trd, 4319438.843, 99
Trd, 4319439.093, 98
Trd, 4319441.543, 97
Trd, 4319443.243, 87
Trd, 4319445.443, 93
Trd, 4319446.193, 89
Trd, 4319446.643, 91
Trd, 4319447.993, 90
Trd, 4319448.343, 91
Trd, 4319450.743, 95
Trd, 4319451.893, 98
Trd, 4319454.543, 99
Trd, 4319454.843, 99
Trd, 4319456.443, 98
Trd, 4319458.193, 98
Trd, 4319459.093, 90
Trd, 4319459.143, 89
Trd, 4319460.493, 91
Trd, 4319462.293, 94
Trd, 4319463.093, 95
Trd, 4319463.893, 93
Trd, 4319468.043, 95
Trd, 4319468.543, 95
Trd, 4319470.093, 95
Trd, 4319470.293, 93
Trd, 4319471.343, 94
Trd, 4319473.993, 95
Trd, 4319475.393, 93
Trd, 4319476.343, 93
Trd, 4319477.343, 94
Trd, 4319478.293, 93
Trd, 4319479.543, 92
Trd, 4319479.743, 93
Trd, 4319481.993, 92
Trd, 4319482.693, 93
Trd, 4319483.493, 95
Trd, 4319484.243, 94
Trd, 4319486.693, 94
Trd, 4319488.593, 96
Trd, 4319489.143, 95
Trd, 4319489.693, 94
Trd, 4319491.143, 86
Trd, 4319493.343, 92
Trd, 4319494.143, 91
Trd, 4319494.693, 87
Trd, 4319495.243, 91
Trd, 4319496.943, 88
Trd, 4319499.643, 91
Trd, 4319500.043, 89
Trd, 4319500.843, 91
Trd, 4319501.643, 89
Trd, 4319504.343, 90
Trd, 4319506.143, 91
Trd, 4319506.543, 91
Trd, 4319508.143, 92
Trd, 4319508.793, 95
Trd, 4319508.843, 94
Trd, 4319510.143, 95
Trd, 4319512.143, 95
Trd, 4319514.493, 101
Trd, 4319515.043, 102
Trd, 4319515.993, 103
Trd, 4319517.293, 101
Trd, 4319520.493, 103
Trd, 4319520.993, 102
Trd, 4319521.093, 101
Trd, 4319521.693, 101
Trd, 4319521.743, 101
Trd, 4319523.793, 100
Trd, 4319524.993, 99
Trd, 4319527.093, 100
Trd, 4319529.693, 102
Trd, 4319530.293, 99
Trd, 4319531.093, 102
Trd, 4319533.343, 104
Trd, 4319534.743, 105
Trd, 4319535.143, 106
Trd, 4319535.593, 105
Trd, 4319535.943, 104
Trd, 4319536.593, 93
Trd, 4319537.143, 100
Trd, 4319538.543, 84
Trd, 4319541.643, 93
Trd, 4319541.793, 86
Trd, 4319541.943, 94
Trd, 4319545.143, 93
Trd, 4319547.393, 95
Trd, 4319547.543, 94
Trd, 4319548.443, 92
Trd, 4319548.643, 92
Trd, 4319549.443, 91
Trd, 4319552.093, 90
Trd, 4319555.393, 93
Trd, 4319556.893, 94
Trd, 4319558.143, 93
Trd, 4319559.743, 93
Trd, 4319562.843, 93
Trd, 4319563.143, 92
Trd, 4319564.693, 97
Trd, 4319565.743, 101
Trd, 4319565.893, 100
Trd, 4319569.193, 99
Trd, 4319570.893, 104
Trd, 4319571.843, 102
Trd, 4319572.093, 103
Trd, 4319572.493, 97
Trd, 4319573.593, 101
Trd, 4319576.393, 102
Trd, 4319576.543, 101
Trd, 4319579.993, 103
Trd, 4319580.293, 103
Trd, 4319580.693, 102
Trd, 4319582.043, 100
Trd, 4319585.343, 99
Trd, 4319585.893, 93
Trd, 4319585.993, 86
Trd, 4319588.743, 99
Trd, 4319588.943, 97
Trd, 4319591.693, 98
Trd, 4319593.643, 97
Trd, 4319595.593, 96
Trd, 4319597.343, 98
Trd, 4319598.293, 99
Trd, 4319598.943, 100
Trd, 4319599.593, 100
Trd, 4319599.693, 86
Trd, 4319600.993, 99
Trd, 4319603.193, 98
Trd, 4319603.943, 99
Trd, 4319605.993, 99
Trd, 4319607.193, 98
Trd, 4319609.093, 97
Trd, 4319610.043, 96
Trd, 4319612.343, 97
Trd, 4319613.043, 96
Trd, 4319613.343, 96
Trd, 4319615.143, 95
Trd, 4319616.693, 101
Trd, 4319617.593, 100
Trd, 4319619.543, 99
Trd, 4319621.543, 101
Trd, 4319622.393, 102
Trd, 4319622.493, 101
Trd, 4319623.743, 101
Trd, 4319624.693, 102
Trd, 4319624.743, 101
Trd, 4319626.543, 88
Trd, 4319628.443, 99
Trd, 4319628.793, 98
Trd, 4319631.943, 98
Trd, 4319632.393, 98
Trd, 4319632.943, 97
Trd, 4319633.493, 97
Trd, 4319635.143, 100
Trd, 4319635.843, 98
Trd, 4319636.793, 98
Trd, 4319640.193, 100
Trd, 4319641.543, 102
Trd, 4319642.143, 102
Trd, 4319643.143, 103
Trd, 4319645.243, 101
Trd, 4319646.743, 100
Trd, 4319647.143, 101
Trd, 4319649.143, 101
Trd, 4319651.293, 96
Trd, 4319651.543, 96
Trd, 4319653.243, 96
Trd, 4319653.893, 97
Trd, 4319656.993, 102
Trd, 4319657.393, 101
Trd, 4319658.943, 102
Trd, 4319659.743, 101
Trd, 4319660.893, 101
Trd, 4319661.493, 101
Trd, 4319664.243, 100
Trd, 4319665.093, 99
Trd, 4319665.943, 103
Trd, 4319666.593, 101
Trd, 4319669.793, 101
Trd, 4319670.243, 101
Trd, 4319671.993, 101
Trd, 4319673.343, 100
Trd, 4319674.293, 101
Trd, 4319676.193, 99
Trd, 4319678.393, 101
Trd, 4319678.993, 100
Trd, 4319681.893, 99
Trd, 4319683.143, 99
Trd, 4319685.293, 99
Trd, 4319688.343, 99
Trd, 4319689.093, 98
Trd, 4319690.593, 99
Trd, 4319691.293, 97
Trd, 4319692.193, 97
Trd, 4319693.043, 85
Trd, 4319693.693, 94
Trd, 4319694.093, 91
Trd, 4319696.543, 94
Trd, 4319697.343, 93
Trd, 4319697.793, 91
Trd, 4319699.843, 93
Trd, 4319702.543, 100
Trd, 4319703.493, 99
Trd, 4319705.043, 98
Trd, 4319706.293, 99
Trd, 4319707.343, 99
Trd, 4319708.793, 99
Trd, 4319708.993, 99
Trd, 4319710.343, 90
Trd, 4319712.243, 96
Trd, 4319712.493, 95
Trd, 4319714.493, 94
Trd, 4319715.893, 95
Trd, 4319716.693, 95
Trd, 4319717.443, 95
Trd, 4319720.293, 96
Trd, 4319721.943, 95
Trd, 4319721.993, 94
Trd, 4319722.593, 87
Trd, 4319725.493, 94
Trd, 4319727.493, 97
Trd, 4319728.943, 96
Trd, 4319729.443, 95
Trd, 4319730.393, 95
Trd, 4319731.543, 94
Trd, 4319732.043, 94
Trd, 4319735.793, 94
Trd, 4319736.843, 95
Trd, 4319737.943, 95
Trd, 4319739.543, 94
Trd, 4319742.043, 96
Trd, 4319743.593, 97
Trd, 4319746.343, 100
Trd, 4319747.593, 100
Trd, 4319748.793, 101
Trd, 4319749.093, 100
Trd, 4319749.943, 99
Trd, 4319750.943, 99
Trd, 4319752.693, 99
Trd, 4319755.043, 100
Trd, 4319755.693, 99
Trd, 4319756.693, 100
Trd, 4319757.443, 99
Trd, 4319759.993, 93
Trd, 4319762.043, 100
Trd, 4319762.593, 96
Trd, 4319764.893, 99
Trd, 4319765.993, 98
Trd, 4319767.643, 99
Trd, 4319767.793, 97
Trd, 4319769.893, 99
Trd, 4319770.593, 99
Trd, 4319771.993, 98
Trd, 4319772.193, 97
Trd, 4319775.593, 100
Trd, 4319776.493, 102
Trd, 4319776.693, 100
Trd, 4319777.393, 100
Trd, 4319779.093, 98
Trd, 4319779.343, 93
Trd, 4319781.143, 97
Trd, 4319781.993, 96
Trd, 4319783.193, 94
Trd, 4319784.443, 96
Trd, 4319784.843, 85
Trd, 4319788.043, 92
Trd, 4319790.793, 92
Trd, 4319791.593, 92
Trd, 4319791.693, 93
Trd, 4319792.793, 93
Trd, 4319794.543, 95
Trd, 4319795.043, 93
Trd, 4319797.143, 94
Trd, 4319797.693, 93
Trd, 4319798.293, 93
Trd, 4319798.493, 95
Trd, 4319799.193, 92
Trd, 4319802.593, 91
Trd, 4319803.993, 90
Trd, 4319804.343, 89
Trd, 4319806.993, 90
Trd, 4319808.793, 95
Trd, 4319809.293, 94
Trd, 4319811.893, 95
Trd, 4319812.343, 95
Trd, 4319813.243, 90
Trd, 4319816.143, 89
Trd, 4319817.843, 92
Trd, 4319819.593, 92
Trd, 4319820.243, 91
Trd, 4319821.143, 91
Trd, 4319823.243, 92
Trd, 4319824.593, 94
Trd, 4319826.093, 95
Trd, 4319826.693, 93
Trd, 4319826.793, 93
Trd, 4319830.043, 93
Trd, 4319831.343, 93
Trd, 4319832.193, 93
Trd, 4319833.593, 92
Trd, 4319835.093, 91
Trd, 4319835.893, 93
Trd, 4319836.493, 91
Trd, 4319838.893, 92
Trd, 4319839.743, 91
Trd, 4319842.043, 92
Trd, 4319842.343, 92
Trd, 4319844.393, 92
Trd, 4319847.243, 93
Trd, 4319849.093, 93
Trd, 4319850.343, 92
Trd, 4319851.693, 92
Trd, 4319852.143, 92
Trd, 4319852.593, 91
Trd, 4319854.743, 90
Trd, 4319854.993, 90
Trd, 4319857.193, 96
Trd, 4319857.843, 93
Trd, 4319859.443, 96
Trd, 4319860.543, 97
Trd, 4319861.293, 96
Trd, 4319862.193, 96
Trd, 4319864.343, 96
Trd, 4319866.443, 99
Trd, 4319867.093, 97
Trd, 4319867.793, 95
Trd, 4319868.843, 96
Trd, 4319870.093, 93
Trd, 4319871.643, 95
Trd, 4319872.243, 94
Trd, 4319875.443, 92
Trd, 4319876.843, 87
Trd, 4319878.393, 88
Trd, 4319878.643, 86
Trd, 4319880.143, 89
Trd, 4319880.643, 90
Trd, 4319883.943, 92
Trd, 4319885.693, 94
Trd, 4319886.343, 95
Trd, 4319887.193, 94
Trd, 4319888.493, 94
Trd, 4319890.143, 93
Trd, 4319892.193, 94
Trd, 4319893.793, 95
Trd, 4319893.893, 93
Trd, 4319894.743, 93
Trd, 4319896.193, 97
Trd, 4319898.443, 103
Trd, 4319899.643, 104
Trd, 4319900.843, 104
Trd, 4319901.943, 101
Trd, 4319902.793, 76
Trd, 4319903.543, 97
Trd, 4319904.743, 98
Trd, 4319907.693, 104
Trd, 4319908.143, 104
Trd, 4319908.293, 103
Trd, 4319908.643, 86
Trd, 4319910.793, 101
Trd, 4319912.393, 101
Trd, 4319913.093, 101
Trd, 4319914.793, 100
Trd, 4319915.293, 100
Trd, 4319917.193, 99
Trd, 4319918.793, 102
Trd, 4319921.093, 101
Trd, 4319923.793, 99
Trd, 4319923.993, 99
Trd, 4319926.393, 100
Trd, 4319927.393, 99
Trd, 4319929.093, 98
Trd, 4319929.593, 86
Trd, 4319930.343, 95
Trd, 4319932.593, 93
Trd, 4319933.293, 92
Trd, 4319933.543, 79
Trd, 4319936.843, 97
Trd, 4319937.443, 97
Trd, 4319938.443, 96
Trd, 4319939.443, 94
Trd, 4319940.143, 96
Trd, 4319940.993, 94
Trd, 4319941.993, 92
Trd, 4319943.143, 92
Trd, 4319945.843, 94
Trd, 4319946.443, 91
Trd, 4319947.843, 95
Trd, 4319949.143, 95
Trd, 4319949.443, 95
Trd, 4319949.993, 93
Trd, 4319952.493, 93
Trd, 4319953.693, 93
Trd, 4319954.593, 93
Trd, 4319955.343, 92
Trd, 4319956.643, 92
Trd, 4319958.743, 95
Trd, 4319959.293, 94
Trd, 4319961.643, 93
Trd, 4319963.143, 94
Trd, 4319963.443, 94
Trd, 4319967.143, 94
Trd, 4319967.493, 93
Trd, 4319967.743, 94
Trd, 4319970.393, 97
Trd, 4319970.893, 96
Trd, 4319972.493, 96
Trd, 4319973.543, 101
Trd, 4319975.093, 104
Trd, 4319975.943, 106
Trd, 4319977.943, 107
Trd, 4319979.193, 105
Trd, 4319980.443, 100
Trd, 4319982.743, 100
Trd, 4319982.893, 98
Trd, 4319986.543, 98
Trd, 4319987.243, 99
Trd, 4319987.893, 90
Trd, 4319989.193, 96
Trd, 4319993.643, 95
Trd, 4319995.543, 95
Trd, 4319996.443, 96
Trd, 4319996.893, 97
Trd, 4319998.043, 96
