Trd, 4317887.393, 94
Trd, 4317888.043, 95
Trd, 4317888.543, 95
Trd, 4317890.193, 95
Trd, 4317890.593, 87
Trd, 4317894.893, 93
Trd, 4317895.243, 94
Trd, 4317896.443, 95
Trd, 4317897.393, 95
Trd, 4317898.843, 90
Trd, 4317899.943, 91
Trd, 4317901.693, 95
Trd, 4317902.643, 94
Trd, 4317903.093, 95
Trd, 4317905.743, 105
Trd, 4317907.643, 114
Trd, 4317907.693, 107
Trd, 4317909.143, 108
Trd, 4317909.443, 108
Trd, 4317910.043, 106
Trd, 4317911.043, 104
Trd, 4317913.493, 104
Trd, 4317915.643, 89
Trd, 4317916.743, 94
Trd, 4317917.993, 92
Trd, 4317918.943, 90
Trd, 4317920.393, 87
Trd, 4317923.493, 104
Trd, 4317923.543, 102
Trd, 4317924.093, 95
Trd, 4317926.193, 91
Trd, 4317926.893, 94
Trd, 4317927.443, 95
Trd, 4317928.293, 95
Trd, 4317930.643, 104
Trd, 4317931.693, 102
Trd, 4317933.393, 102
Trd, 4317935.093, 104
Trd, 4317935.393, 103
Trd, 4317937.143, 106
Trd, 4317937.443, 103
Trd, 4317940.743, 104
Trd, 4317941.543, 92
Trd, 4317942.593, 88
Trd, 4317943.243, 88
Trd, 4317943.893, 95
Trd, 4317944.993, 94
Trd, 4317946.043, 93
Trd, 4317946.943, 95
Trd, 4317948.043, 95
Trd, 4317951.093, 96
Trd, 4317952.193, 95
Trd, 4317954.493, 94
Trd, 4317954.943, 95
Trd, 4317956.193, 101
Trd, 4317956.793, 94
Trd, 4317959.693, 95
Trd, 4317960.943, 96
Trd, 4317961.743, 104
Trd, 4317962.293, 99
Trd, 4317964.443, 104
Trd, 4317964.593, 103
Trd, 4317966.843, 112
Trd, 4317967.343, 108
Trd, 4317968.093, 109
Trd, 4317969.593, 109
Trd, 4317969.993, 109
Trd, 4317970.843, 105
Trd, 4317972.743, 110
Trd, 4317974.343, 108
Trd, 4317974.443, 109
Trd, 4317976.343, 104
Trd, 4317978.093, 103
Trd, 4317979.593, 105
Trd, 4317979.793, 104
Trd, 4317981.243, 104
Trd, 4317982.493, 104
Trd, 4317984.193, 104
Trd, 4317984.743, 103
Trd, 4317986.043, 102
Trd, 4317986.443, 100
Trd, 4317988.043, 88
Trd, 4317988.093, 104
Trd, 4317989.593, 98
Trd, 4317991.643, 99
Trd, 4317992.443, 97
Trd, 4317993.643, 90
Trd, 4317994.543, 88
Trd, 4317995.643, 83
Trd, 4317995.743, 86
Trd, 4317996.943, 95
Trd, 4317998.043, 104
Trd, 4317998.243, 103
Trd, 4318000.793, 86
Trd, 4318001.593, 103
Trd, 4318003.643, 92
Trd, 4318006.143, 94
Trd, 4318007.093, 95
Trd, 4318007.893, 88
Trd, 4318009.493, 92
Trd, 4318010.193, 91
Trd, 4318013.043, 93
Trd, 4318015.193, 94
Trd, 4318016.143, 90
Trd, 4318016.493, 95
Trd, 4318018.543, 92
Trd, 4318020.793, 93
Trd, 4318021.143, 92
Trd, 4318022.093, 95
Trd, 4318024.443, 94
Trd, 4318026.293, 95
Trd, 4318027.793, 94
Trd, 4318030.393, 95
Trd, 4318031.793, 93
Trd, 4318031.993, 95
Trd, 4318033.343, 103
Trd, 4318034.543, 95
Trd, 4318037.193, 94
Trd, 4318038.393, 95
Trd, 4318039.643, 92
Trd, 4318043.393, 91
Trd, 4318044.193, 93
Trd, 4318044.643, 94
Trd, 4318046.693, 94
Trd, 4318046.893, 93
Trd, 4318047.893, 93
Trd, 4318049.043, 95
Trd, 4318049.293, 112
Trd, 4318051.993, 96
Trd, 4318054.143, 94
Trd, 4318056.843, 93
Trd, 4318057.143, 92
Trd, 4318057.943, 91
Trd, 4318058.143, 95
Trd, 4318059.793, 95
Trd, 4318060.193, 94
Trd, 4318061.943, 94
Trd, 4318062.793, 94
Trd, 4318065.143, 104
Trd, 4318066.543, 103
Trd, 4318067.193, 103
Trd, 4318067.793, 108
Trd, 4318067.943, 102
Trd, 4318069.343, 101
Trd, 4318071.393, 94
Trd, 4318072.243, 96
Trd, 4318072.643, 95
Trd, 4318072.843, 97
Trd, 4318074.743, 99
Trd, 4318076.493, 86
Trd, 4318079.243, 83
Trd, 4318079.693, 82
Trd, 4318079.893, 83
Trd, 4318081.393, 95
Trd, 4318082.093, 97
Trd, 4318083.343, 94
Trd, 4318084.593, 102
Trd, 4318084.993, 95
Trd, 4318086.593, 97
Trd, 4318088.143, 98
Trd, 4318090.243, 97
Trd, 4318090.643, 96
Trd, 4318090.743, 98
Trd, 4318092.743, 95
Trd, 4318094.943, 99
Trd, 4318095.643, 94
Trd, 4318096.293, 107
Trd, 4318099.343, 93
Trd, 4318099.493, 98
Trd, 4318102.993, 95
Trd, 4318104.493, 102
Trd, 4318105.243, 101
Trd, 4318105.593, 113
Trd, 4318106.493, 107
Trd, 4318107.093, 103
Trd, 4318108.643, 106
Trd, 4318111.243, 94
Trd, 4318111.893, 91
Trd, 4318113.393, 86
Trd, 4318113.643, 89
Trd, 4318115.643, 95
Trd, 4318119.343, 85
Trd, 4318119.593, 85
Trd, 4318119.843, 86
Trd, 4318120.243, 86
Trd, 4318122.043, 94
Trd, 4318124.543, 89
Trd, 4318125.443, 91
Trd, 4318125.943, 91
Trd, 4318130.393, 90
Trd, 4318130.493, 91
Trd, 4318132.043, 95
Trd, 4318132.093, 94
Trd, 4318133.393, 93
Trd, 4318134.193, 95
Trd, 4318135.343, 94
Trd, 4318135.843, 94
Trd, 4318139.543, 93
Trd, 4318141.243, 92
Trd, 4318141.443, 95
Trd, 4318142.343, 95
Trd, 4318143.143, 94
Trd, 4318145.543, 95
Trd, 4318147.143, 92
Trd, 4318147.593, 104
Trd, 4318150.043, 92
Trd, 4318150.443, 92
Trd, 4318151.393, 89
Trd, 4318152.843, 90
Trd, 4318153.843, 90
Trd, 4318154.343, 89
Trd, 4318157.393, 88
Trd, 4318157.943, 88
Trd, 4318158.293, 95
Trd, 4318159.143, 93
Trd, 4318162.743, 88
Trd, 4318163.343, 87
Trd, 4318164.793, 86
Trd, 4318165.143, 85
Trd, 4318165.993, 93
Trd, 4318167.093, 96
Trd, 4318169.343, 95
Trd, 4318169.643, 100
Trd, 4318171.743, 88
Trd, 4318172.393, 90
Trd, 4318173.443, 89
Trd, 4318173.693, 107
Trd, 4318175.493, 105
Trd, 4318177.543, 104
Trd, 4318179.393, 103
Trd, 4318179.843, 103
Trd, 4318179.943, 104
Trd, 4318181.193, 101
Trd, 4318183.043, 97
Trd, 4318183.793, 99
Trd, 4318184.843, 99
Trd, 4318186.043, 97
Trd, 4318186.343, 99
Trd, 4318187.993, 99
Trd, 4318189.193, 98
Trd, 4318191.143, 97
Trd, 4318192.643, 99
Trd, 4318193.893, 100
Trd, 4318194.143, 99
Trd, 4318194.593, 101
Trd, 4318196.993, 101
Trd, 4318197.543, 99
Trd, 4318198.143, 99
Trd, 4318199.493, 98
Trd, 4318200.193, 99
Trd, 4318200.543, 109
Trd, 4318204.293, 100
Trd, 4318204.793, 100
Trd, 4318205.243, 99
Trd, 4318205.993, 100
Trd, 4318207.143, 99
Trd, 4318209.393, 85
Trd, 4318209.643, 85
Trd, 4318210.443, 86
Trd, 4318213.393, 86
Trd, 4318213.693, 87
Trd, 4318214.943, 88
Trd, 4318215.393, 91
Trd, 4318216.893, 110
Trd, 4318217.493, 105
Trd, 4318218.293, 103
Trd, 4318219.593, 104
Trd, 4318221.193, 104
Trd, 4318222.293, 104
Trd, 4318222.543, 104
Trd, 4318224.643, 103
Trd, 4318225.093, 104
Trd, 4318226.893, 104
Trd, 4318228.143, 104
Trd, 4318228.743, 104
Trd, 4318230.843, 103
Trd, 4318231.843, 98
Trd, 4318233.543, 98
Trd, 4318233.743, 97
Trd, 4318234.893, 94
Trd, 4318237.843, 94
Trd, 4318238.043, 97
Trd, 4318238.993, 88
Trd, 4318240.793, 95
Trd, 4318240.893, 102
Trd, 4318242.193, 113
Trd, 4318242.593, 94
Trd, 4318246.393, 95
Trd, 4318246.743, 94
Trd, 4318247.343, 93
Trd, 4318248.643, 93
Trd, 4318250.993, 93
Trd, 4318251.243, 93
Trd, 4318252.943, 93
Trd, 4318255.793, 93
Trd, 4318256.493, 94
Trd, 4318257.543, 95
Trd, 4318257.793, 114
Trd, 4318259.593, 104
Trd, 4318260.843, 86
Trd, 4318261.093, 87
Trd, 4318261.893, 88
Trd, 4318263.493, 84
Trd, 4318265.543, 82
Trd, 4318265.893, 86
Trd, 4318266.743, 96
Trd, 4318267.693, 87
Trd, 4318271.293, 87
Trd, 4318271.593, 86
Trd, 4318272.193, 87
Trd, 4318273.443, 89
Trd, 4318275.593, 88
Trd, 4318276.843, 106
Trd, 4318279.693, 91
Trd, 4318279.943, 90
Trd, 4318280.693, 91
Trd, 4318281.443, 95
Trd, 4318283.993, 92
Trd, 4318285.193, 94
Trd, 4318286.543, 95
Trd, 4318287.643, 95
Trd, 4318288.243, 95
Trd, 4318289.693, 96
Trd, 4318291.193, 93
Trd, 4318292.193, 95
Trd, 4318293.743, 94
Trd, 4318294.143, 93
Trd, 4318296.643, 95
Trd, 4318296.893, 95
Trd, 4318297.293, 96
Trd, 4318297.443, 93
Trd, 4318298.693, 96
Trd, 4318299.693, 97
Trd, 4318301.993, 93
Trd, 4318302.693, 93
Trd, 4318303.393, 93
Trd, 4318304.893, 93
Trd, 4318305.093, 92
Trd, 4318306.893, 92
Trd, 4318307.243, 95
Trd, 4318307.593, 91
Trd, 4318311.493, 94
Trd, 4318312.543, 93
Trd, 4318312.693, 95
Trd, 4318314.043, 95
Trd, 4318314.493, 95
Trd, 4318317.493, 91
Trd, 4318317.743, 93
Trd, 4318318.143, 93
Trd, 4318318.943, 94
Trd, 4318320.843, 91
Trd, 4318322.793, 94
Trd, 4318324.593, 93
Trd, 4318325.993, 94
Trd, 4318326.943, 93
Trd, 4318328.443, 113
Trd, 4318328.493, 105
Trd, 4318329.493, 106
Trd, 4318331.093, 104
Trd, 4318333.193, 104
Trd, 4318333.593, 104
Trd, 4318334.293, 104
Trd, 4318335.643, 104
Trd, 4318335.993, 104
Trd, 4318339.543, 86
Trd, 4318340.143, 87
Trd, 4318340.943, 87
Trd, 4318344.493, 87
Trd, 4318345.443, 87
Trd, 4318346.843, 95
Trd, 4318346.943, 111
Trd, 4318351.793, 94
Trd, 4318352.643, 93
Trd, 4318352.993, 95
Trd, 4318355.943, 95
Trd, 4318356.243, 97
Trd, 4318358.793, 94
Trd, 4318360.843, 94
Trd, 4318363.043, 93
Trd, 4318363.843, 92
Trd, 4318364.143, 90
Trd, 4318365.293, 90
Trd, 4318366.243, 91
Trd, 4318368.293, 90
Trd, 4318368.843, 91
Trd, 4318369.043, 89
Trd, 4318372.593, 94
Trd, 4318373.243, 93
Trd, 4318373.443, 95
Trd, 4318374.343, 96
Trd, 4318376.843, 95
Trd, 4318377.493, 104
Trd, 4318378.143, 96
Trd, 4318379.993, 96
Trd, 4318381.693, 95
Trd, 4318382.793, 92
Trd, 4318384.243, 91
Trd, 4318385.843, 91
Trd, 4318386.643, 92
Trd, 4318388.593, 93
Trd, 4318388.643, 90
Trd, 4318390.793, 92
Trd, 4318391.593, 91
Trd, 4318392.493, 92
Trd, 4318392.793, 92
Trd, 4318395.393, 91
Trd, 4318396.443, 95
Trd, 4318398.543, 93
Trd, 4318399.193, 93
Trd, 4318399.643, 92
Trd, 4318399.793, 94
Trd, 4318403.493, 92
Trd, 4318403.693, 91
Trd, 4318405.243, 91
Trd, 4318405.443, 90
Trd, 4318406.043, 95
Trd, 4318407.643, 105
Trd, 4318408.243, 96
Trd, 4318411.343, 99
Trd, 4318412.193, 96
Trd, 4318412.743, 96
Trd, 4318413.693, 100
Trd, 4318416.443, 90
Trd, 4318418.043, 96
Trd, 4318418.243, 94
Trd, 4318420.093, 98
Trd, 4318420.393, 97
Trd, 4318421.193, 96
Trd, 4318421.343, 98
Trd, 4318423.243, 89
Trd, 4318425.493, 103
Trd, 4318426.943, 104
Trd, 4318428.093, 103
Trd, 4318428.993, 97
Trd, 4318429.543, 87
Trd, 4318429.643, 109
Trd, 4318431.993, 93
Trd, 4318433.293, 94
Trd, 4318435.193, 95
Trd, 4318435.793, 95
Trd, 4318435.843, 93
Trd, 4318439.293, 91
Trd, 4318439.593, 93
Trd, 4318441.393, 93
Trd, 4318441.893, 93
Trd, 4318443.593, 93
Trd, 4318444.343, 95
Trd, 4318445.893, 92
Trd, 4318447.593, 98
Trd, 4318448.693, 98
Trd, 4318449.443, 107
Trd, 4318449.793, 104
Trd, 4318452.543, 87
Trd, 4318452.793, 86
Trd, 4318453.493, 87
Trd, 4318454.043, 91
Trd, 4318456.293, 96
Trd, 4318457.293, 104
Trd, 4318458.443, 104
Trd, 4318460.643, 102
Trd, 4318462.143, 102
Trd, 4318462.243, 100
Trd, 4318464.093, 107
Trd, 4318464.893, 103
Trd, 4318465.743, 104
Trd, 4318467.193, 104
Trd, 4318468.443, 105
Trd, 4318470.043, 95
Trd, 4318470.993, 96
Trd, 4318471.143, 97
Trd, 4318473.193, 96
Trd, 4318473.343, 95
Trd, 4318474.393, 93
Trd, 4318476.393, 94
Trd, 4318479.143, 95
Trd, 4318479.393, 94
Trd, 4318480.093, 95
Trd, 4318480.943, 95
Trd, 4318481.943, 94
Trd, 4318483.943, 93
Trd, 4318483.993, 95
Trd, 4318485.693, 95
Trd, 4318486.293, 94
Trd, 4318488.943, 93
Trd, 4318489.343, 95
Trd, 4318489.493, 95
Trd, 4318491.343, 94
Trd, 4318492.593, 91
Trd, 4318494.993, 90
Trd, 4318495.643, 91
Trd, 4318496.693, 91
Trd, 4318496.993, 95
Trd, 4318498.193, 94
Trd, 4318499.643, 95
Trd, 4318501.893, 93
Trd, 4318503.643, 95
Trd, 4318503.793, 103
Trd, 4318503.843, 87
Trd, 4318507.643, 95
Trd, 4318509.093, 94
Trd, 4318510.643, 108
Trd, 4318512.443, 90
Trd, 4318513.243, 90
Trd, 4318516.093, 91
Trd, 4318516.993, 90
Trd, 4318517.593, 95
Trd, 4318518.943, 92
Trd, 4318521.643, 103
Trd, 4318521.743, 97
Trd, 4318522.993, 88
Trd, 4318523.893, 104
Trd, 4318524.343, 95
Trd, 4318526.343, 96
Trd, 4318527.843, 108
Trd, 4318528.543, 90
Trd, 4318530.493, 94
Trd, 4318532.443, 95
Trd, 4318533.343, 95
Trd, 4318535.593, 90
Trd, 4318535.693, 91
Trd, 4318536.843, 91
Trd, 4318538.243, 92
Trd, 4318539.293, 95
Trd, 4318539.793, 91
Trd, 4318539.893, 91
Trd, 4318542.143, 92
Trd, 4318543.593, 95
Trd, 4318544.193, 96
Trd, 4318544.493, 105
Trd, 4318545.343, 101
Trd, 4318549.293, 87
Trd, 4318550.543, 94
Trd, 4318551.393, 93
Trd, 4318553.593, 91
Trd, 4318555.193, 93
Trd, 4318557.293, 93
Trd, 4318557.793, 93
Trd, 4318558.193, 91
Trd, 4318560.093, 92
Trd, 4318562.593, 92
Trd, 4318562.693, 92
Trd, 4318564.193, 90
Trd, 4318565.893, 91
Trd, 4318567.493, 91
Trd, 4318567.543, 92
Trd, 4318568.993, 93
Trd, 4318570.143, 95
Trd, 4318570.793, 94
Trd, 4318572.143, 94
Trd, 4318572.593, 87
Trd, 4318573.743, 93
Trd, 4318574.243, 95
Trd, 4318577.793, 91
Trd, 4318579.393, 93
Trd, 4318581.343, 92
Trd, 4318581.843, 90
Trd, 4318583.593, 92
Trd, 4318583.993, 91
Trd, 4318585.693, 91
Trd, 4318588.593, 90
Trd, 4318588.793, 89
Trd, 4318589.343, 91
Trd, 4318590.893, 91
Trd, 4318591.343, 89
Trd, 4318592.843, 95
Trd, 4318595.693, 91
Trd, 4318596.043, 91
Trd, 4318597.443, 89
Trd, 4318599.593, 90
Trd, 4318599.793, 92
Trd, 4318602.343, 88
Trd, 4318602.393, 89
Trd, 4318602.793, 87
Trd, 4318604.543, 95
Trd, 4318606.243, 89
Trd, 4318606.443, 95
Trd, 4318606.843, 96
Trd, 4318607.793, 105
Trd, 4318608.343, 105
Trd, 4318609.993, 103
Trd, 4318611.143, 101
Trd, 4318611.743, 100
Trd, 4318612.543, 101
Trd, 4318612.893, 100
Trd, 4318614.843, 99
Trd, 4318615.693, 100
Trd, 4318616.693, 105
Trd, 4318617.393, 104
Trd, 4318618.743, 102
Trd, 4318620.143, 103
Trd, 4318622.093, 102
Trd, 4318622.643, 98
Trd, 4318623.193, 97
Trd, 4318624.643, 96
Trd, 4318625.893, 93
Trd, 4318627.443, 93
Trd, 4318628.093, 92
Trd, 4318629.943, 93
Trd, 4318632.493, 94
Trd, 4318633.593, 94
Trd, 4318633.893, 95
Trd, 4318635.443, 101
Trd, 4318635.793, 95
Trd, 4318636.493, 102
Trd, 4318636.543, 98
Trd, 4318639.193, 99
Trd, 4318640.493, 97
Trd, 4318640.793, 86
Trd, 4318644.243, 105
Trd, 4318644.743, 104
Trd, 4318646.293, 99
Trd, 4318646.393, 96
Trd, 4318648.793, 95
Trd, 4318649.393, 94
Trd, 4318649.643, 95
Trd, 4318653.143, 94
Trd, 4318654.593, 95
Trd, 4318654.943, 95
Trd, 4318655.343, 96
Trd, 4318656.393, 94
Trd, 4318656.943, 95
Trd, 4318662.243, 94
Trd, 4318662.493, 95
Trd, 4318663.293, 94
Trd, 4318663.343, 94
Trd, 4318664.743, 93
Trd, 4318665.043, 95
Trd, 4318667.343, 92
Trd, 4318668.293, 95
Trd, 4318670.793, 95
Trd, 4318671.693, 96
Trd, 4318672.943, 95
Trd, 4318674.243, 96
Trd, 4318675.193, 96
Trd, 4318675.543, 96
Trd, 4318677.393, 96
Trd, 4318679.143, 96
Trd, 4318679.243, 96
Trd, 4318680.793, 95
Trd, 4318681.443, 96
Trd, 4318681.643, 104
Trd, 4318683.043, 97
Trd, 4318686.893, 97
Trd, 4318687.143, 96
Trd, 4318687.493, 97
Trd, 4318687.743, 100
Trd, 4318690.093, 95
Trd, 4318691.993, 98
Trd, 4318693.843, 95
Trd, 4318695.143, 96
Trd, 4318695.543, 97
Trd, 4318695.843, 95
Trd, 4318696.593, 88
Trd, 4318698.793, 96
Trd, 4318700.343, 94
Trd, 4318700.693, 94
Trd, 4318703.893, 93
Trd, 4318706.343, 93
Trd, 4318706.593, 95
Trd, 4318706.943, 96
Trd, 4318707.543, 95
Trd, 4318709.543, 98
Trd, 4318711.143, 98
Trd, 4318711.443, 97
Trd, 4318712.743, 97
Trd, 4318713.793, 99
Trd, 4318714.443, 99
Trd, 4318715.543, 97
Trd, 4318717.493, 96
Trd, 4318719.993, 96
Trd, 4318721.043, 88
Trd, 4318724.693, 84
Trd, 4318725.293, 80
Trd, 4318727.693, 88
Trd, 4318729.643, 89
Trd, 4318730.593, 105
Trd, 4318731.193, 104
Trd, 4318731.993, 103
Trd, 4318732.493, 102
Trd, 4318732.743, 101
Trd, 4318734.543, 109
Trd, 4318735.243, 107
Trd, 4318735.293, 122
Trd, 4318736.943, 107
Trd, 4318737.793, 104
Trd, 4318738.443, 105
Trd, 4318739.893, 109
Trd, 4318742.993, 100
Trd, 4318743.393, 105
Trd, 4318744.443, 102
Trd, 4318745.393, 103
Trd, 4318745.493, 96
Trd, 4318747.743, 102
Trd, 4318749.793, 86
Trd, 4318750.043, 98
Trd, 4318751.293, 91
Trd, 4318751.343, 94
Trd, 4318751.943, 93
Trd, 4318754.443, 89
Trd, 4318759.843, 91
Trd, 4318760.343, 91
Trd, 4318760.393, 93
Trd, 4318761.943, 93
Trd, 4318763.293, 93
Trd, 4318764.693, 92
Trd, 4318764.793, 93
Trd, 4318766.343, 93
Trd, 4318768.643, 94
Trd, 4318768.893, 95
Trd, 4318770.593, 92
Trd, 4318772.243, 92
Trd, 4318772.443, 93
Trd, 4318772.793, 91
Trd, 4318774.243, 92
Trd, 4318774.993, 102
Trd, 4318776.843, 97
Trd, 4318777.793, 96
Trd, 4318779.643, 102
Trd, 4318781.443, 94
Trd, 4318781.893, 89
Trd, 4318782.743, 89
Trd, 4318783.143, 90
Trd, 4318783.893, 95
Trd, 4318784.693, 92
Trd, 4318787.743, 94
Trd, 4318788.893, 99
Trd, 4318789.993, 96
Trd, 4318791.143, 94
Trd, 4318793.593, 93
Trd, 4318794.043, 93
Trd, 4318794.593, 95
Trd, 4318794.993, 88
Trd, 4318795.493, 91
Trd, 4318800.893, 83
Trd, 4318801.093, 83
Trd, 4318801.143, 84
Trd, 4318802.093, 88
Trd, 4318802.243, 95
Trd, 4318803.743, 104
Trd, 4318804.143, 103
Trd, 4318807.493, 95
Trd, 4318808.143, 96
Trd, 4318809.543, 96
Trd, 4318811.493, 97
Trd, 4318811.993, 95
Trd, 4318812.393, 95
Trd, 4318813.793, 95
Trd, 4318814.293, 95
Trd, 4318815.843, 94
Trd, 4318819.543, 86
Trd, 4318820.443, 85
Trd, 4318820.593, 86
Trd, 4318823.443, 101
Trd, 4318824.443, 93
Trd, 4318825.593, 95
Trd, 4318826.543, 94
Trd, 4318826.643, 92
Trd, 4318827.793, 91
Trd, 4318829.593, 104
Trd, 4318831.043, 94
Trd, 4318831.593, 95
Trd, 4318833.393, 87
Trd, 4318834.493, 86
Trd, 4318836.643, 86
Trd, 4318836.693, 94
Trd, 4318839.443, 90
Trd, 4318839.993, 90
Trd, 4318841.593, 89
Trd, 4318842.243, 90
Trd, 4318843.893, 88
Trd, 4318846.193, 87
Trd, 4318846.593, 95
Trd, 4318848.993, 89
Trd, 4318849.643, 89
Trd, 4318850.893, 89
Trd, 4318852.293, 88
Trd, 4318855.543, 88
Trd, 4318856.093, 88
Trd, 4318857.343, 89
Trd, 4318857.843, 94
Trd, 4318858.793, 92
Trd, 4318859.593, 104
Trd, 4318860.393, 91
Trd, 4318861.743, 95
Trd, 4318865.743, 93
Trd, 4318866.743, 91
Trd, 4318867.593, 91
Trd, 4318868.793, 91
Trd, 4318869.443, 94
Trd, 4318870.743, 93
Trd, 4318871.143, 95
Trd, 4318871.943, 95
Trd, 4318874.593, 92
Trd, 4318876.443, 92
Trd, 4318877.243, 92
Trd, 4318878.193, 95
Trd, 4318879.393, 105
Trd, 4318882.593, 91
Trd, 4318883.193, 91
Trd, 4318883.843, 90
Trd, 4318884.643, 93
Trd, 4318886.143, 91
Trd, 4318886.843, 93
Trd, 4318889.943, 90
Trd, 4318890.643, 91
Trd, 4318891.843, 92
Trd, 4318893.393, 88
Trd, 4318894.293, 85
Trd, 4318896.543, 94
Trd, 4318897.543, 88
Trd, 4318899.093, 105
Trd, 4318899.643, 104
Trd, 4318899.743, 102
Trd, 4318901.393, 87
Trd, 4318901.943, 87
Trd, 4318904.193, 87
Trd, 4318905.093, 87
Trd, 4318905.143, 105
Trd, 4318906.793, 93
Trd, 4318908.393, 91
Trd, 4318908.943, 93
Trd, 4318910.543, 92
Trd, 4318911.343, 95
Trd, 4318912.993, 94
Trd, 4318913.743, 94
Trd, 4318913.793, 95
Trd, 4318915.443, 94
Trd, 4318918.793, 95
Trd, 4318919.493, 96
Trd, 4318919.693, 94
Trd, 4318920.443, 93
Trd, 4318922.193, 104
Trd, 4318922.843, 103
Trd, 4318924.093, 103
Trd, 4318925.043, 105
Trd, 4318926.543, 105
Trd, 4318927.393, 90
Trd, 4318927.593, 103
Trd, 4318929.743, 98
Trd, 4318929.793, 96
Trd, 4318930.493, 99
Trd, 4318930.593, 116
Trd, 4318932.443, 100
Trd, 4318935.443, 100
Trd, 4318936.093, 100
Trd, 4318938.843, 99
Trd, 4318940.143, 98
Trd, 4318941.293, 100
Trd, 4318941.843, 97
Trd, 4318942.443, 100
Trd, 4318942.993, 101
Trd, 4318944.993, 99
Trd, 4318945.743, 99
Trd, 4318946.293, 100
Trd, 4318949.093, 98
Trd, 4318949.993, 99
Trd, 4318953.343, 99
Trd, 4318953.393, 99
Trd, 4318953.993, 99
Trd, 4318957.243, 97
Trd, 4318958.393, 97
Trd, 4318958.493, 98
Trd, 4318960.793, 106
Trd, 4318960.893, 104
Trd, 4318962.193, 105
Trd, 4318962.643, 106
Trd, 4318965.193, 99
Trd, 4318965.443, 99
Trd, 4318968.793, 97
Trd, 4318969.043, 108
Trd, 4318969.943, 97
Trd, 4318970.243, 90
Trd, 4318970.693, 86
Trd, 4318971.693, 90
Trd, 4318972.643, 93
Trd, 4318976.093, 90
Trd, 4318977.043, 89
Trd, 4318978.743, 91
Trd, 4318979.843, 86
Trd, 4318980.043, 95
Trd, 4318981.143, 95
Trd, 4318982.193, 86
Trd, 4318982.693, 86
Trd, 4318983.143, 94
Trd, 4318984.493, 95
Trd, 4318987.143, 100
Trd, 4318987.543, 104
Trd, 4318989.643, 84
Trd, 4318990.043, 86
Trd, 4318990.643, 91
Trd, 4318991.443, 92
Trd, 4318994.043, 103
Trd, 4318994.143, 102
Trd, 4318994.243, 100
Trd, 4318995.343, 100
Trd, 4318997.743, 100
Trd, 4318999.193, 102
Trd, 4318999.793, 103
Trd, 4319000.193, 103
Trd, 4319001.443, 94
Trd, 4319002.293, 93
Trd, 4319003.993, 94
Trd, 4319005.543, 92
Trd, 4319005.893, 93
Trd, 4319006.143, 86
Trd, 4319006.743, 92
Trd, 4319009.993, 93
Trd, 4319011.893, 90
Trd, 4319012.493, 90
Trd, 4319012.593, 92
Trd, 4319013.493, 89
Trd, 4319014.443, 93
Trd, 4319019.743, 90
Trd, 4319020.143, 91
Trd, 4319021.443, 92
Trd, 4319021.543, 89
Trd, 4319021.693, 95
Trd, 4319024.643, 94
Trd, 4319024.743, 94
Trd, 4319027.393, 91
Trd, 4319028.043, 94
Trd, 4319029.243, 95
Trd, 4319030.093, 96
Trd, 4319030.643, 94
Trd, 4319031.593, 97
Trd, 4319033.093, 95
Trd, 4319034.193, 96
Trd, 4319034.493, 94
Trd, 4319035.543, 96
Trd, 4319036.093, 104
Trd, 4319039.343, 103
Trd, 4319040.793, 101
Trd, 4319040.893, 106
Trd, 4319042.293, 103
Trd, 4319042.643, 103
Trd, 4319043.693, 94
Trd, 4319045.793, 91
Trd, 4319046.293, 94
Trd, 4319046.443, 92
Trd, 4319046.943, 112
Trd, 4319048.393, 94
Trd, 4319049.093, 95
Trd, 4319050.943, 90
Trd, 4319051.743, 93
Trd, 4319053.943, 93
Trd, 4319054.693, 92
Trd, 4319054.843, 95
Trd, 4319055.743, 90
Trd, 4319057.693, 91
Trd, 4319058.393, 92
Trd, 4319060.493, 89
Trd, 4319061.343, 94
Trd, 4319063.343, 94
Trd, 4319064.193, 92
Trd, 4319066.793, 94
Trd, 4319067.643, 94
Trd, 4319069.093, 95
Trd, 4319071.643, 93
Trd, 4319072.093, 95
Trd, 4319074.093, 92
Trd, 4319076.093, 93
Trd, 4319077.443, 93
Trd, 4319077.843, 94
Trd, 4319078.993, 95
Trd, 4319079.493, 95
Trd, 4319079.643, 92
Trd, 4319079.693, 105
Trd, 4319085.443, 93
Trd, 4319085.993, 92
Trd, 4319086.093, 95
Trd, 4319087.193, 87
Trd, 4319088.693, 88
Trd, 4319089.043, 87
Trd, 4319089.993, 88
Trd, 4319091.843, 88
Trd, 4319093.643, 88
Trd, 4319095.243, 88
Trd, 4319095.943, 89
Trd, 4319098.093, 88
Trd, 4319098.493, 87
Trd, 4319099.893, 90
Trd, 4319101.293, 95
Trd, 4319102.943, 105
Trd, 4319103.643, 104
Trd, 4319105.993, 101
Trd, 4319106.693, 101
Trd, 4319108.243, 102
Trd, 4319108.493, 101
Trd, 4319109.593, 104
Trd, 4319109.793, 107
Trd, 4319112.343, 106
Trd, 4319112.393, 106
Trd, 4319113.393, 105
Trd, 4319116.643, 105
Trd, 4319117.643, 103
Trd, 4319117.693, 104
Trd, 4319118.343, 104
Trd, 4319118.793, 103
Trd, 4319121.093, 102
Trd, 4319123.043, 101
Trd, 4319124.193, 100
Trd, 4319124.493, 102
Trd, 4319125.093, 88
Trd, 4319126.993, 97
Trd, 4319127.443, 96
Trd, 4319128.193, 98
Trd, 4319129.643, 98
Trd, 4319130.993, 104
Trd, 4319131.643, 88
Trd, 4319133.393, 95
Trd, 4319133.543, 95
Trd, 4319136.893, 96
Trd, 4319137.193, 95
Trd, 4319137.893, 96
Trd, 4319139.693, 95
Trd, 4319140.943, 93
Trd, 4319141.393, 104
Trd, 4319141.543, 107
Trd, 4319143.243, 99
Trd, 4319144.043, 103
Trd, 4319146.643, 96
Trd, 4319148.493, 96
Trd, 4319149.493, 96
Trd, 4319151.843, 83
Trd, 4319152.243, 84
Trd, 4319152.393, 86
Trd, 4319153.043, 93
Trd, 4319154.643, 89
Trd, 4319156.793, 89
Trd, 4319157.243, 88
Trd, 4319160.643, 87
Trd, 4319160.843, 87
Trd, 4319162.743, 90
Trd, 4319163.343, 90
Trd, 4319164.993, 87
Trd, 4319165.793, 94
Trd, 4319167.493, 92
Trd, 4319168.043, 92
Trd, 4319168.093, 88
Trd, 4319169.643, 88
Trd, 4319170.343, 95
Trd, 4319172.443, 102
Trd, 4319176.243, 90
Trd, 4319178.093, 93
Trd, 4319180.493, 93
Trd, 4319182.293, 94
Trd, 4319182.993, 94
Trd, 4319183.893, 90
Trd, 4319184.743, 92
Trd, 4319186.243, 90
Trd, 4319187.393, 89
Trd, 4319188.643, 90
Trd, 4319189.093, 95
Trd, 4319190.693, 94
Trd, 4319191.793, 92
Trd, 4319192.793, 94
Trd, 4319195.093, 93
Trd, 4319195.593, 94
Trd, 4319198.843, 93
Trd, 4319199.793, 92
Trd, 4319199.993, 92
Trd, 4319200.093, 92
Trd, 4319203.093, 93
Trd, 4319204.293, 92
Trd, 4319205.343, 93
Trd, 4319206.393, 94
Trd, 4319207.243, 95
Trd, 4319208.693, 95
Trd, 4319209.043, 104
Trd, 4319209.943, 93
Trd, 4319210.893, 96
Trd, 4319212.393, 94
Trd, 4319213.443, 95
Trd, 4319214.843, 86
Trd, 4319217.343, 92
Trd, 4319218.043, 93
Trd, 4319220.893, 95
Trd, 4319221.593, 95
Trd, 4319222.743, 104
Trd, 4319224.143, 102
Trd, 4319226.293, 101
Trd, 4319226.543, 108
Trd, 4319227.343, 100
Trd, 4319227.693, 99
Trd, 4319228.293, 105
Trd, 4319230.293, 105
Trd, 4319230.943, 104
Trd, 4319231.693, 105
Trd, 4319233.893, 105
Trd, 4319234.843, 104
Trd, 4319235.593, 104
Trd, 4319237.393, 94
Trd, 4319238.693, 94
Trd, 4319239.543, 96
Trd, 4319240.593, 95
Trd, 4319241.143, 95
Trd, 4319242.993, 113
Trd, 4319243.593, 100
Trd, 4319244.093, 101
Trd, 4319247.493, 98
Trd, 4319247.593, 98
Trd, 4319248.343, 97
Trd, 4319249.593, 98
Trd, 4319250.793, 95
Trd, 4319251.743, 93
Trd, 4319252.593, 94
Trd, 4319255.043, 104
Trd, 4319255.143, 103
Trd, 4319255.893, 101
Trd, 4319257.243, 106
Trd, 4319257.343, 97
Trd, 4319258.943, 97
Trd, 4319261.243, 97
Trd, 4319263.693, 95
Trd, 4319263.793, 94
Trd, 4319265.443, 92
Trd, 4319268.493, 93
Trd, 4319269.293, 96
Trd, 4319269.493, 93
Trd, 4319270.543, 96
Trd, 4319272.593, 104
Trd, 4319273.593, 105
Trd, 4319276.393, 101
Trd, 4319276.443, 99
Trd, 4319278.093, 99
Trd, 4319278.943, 100
Trd, 4319279.943, 102
Trd, 4319282.093, 100
Trd, 4319282.193, 99
Trd, 4319284.143, 98
Trd, 4319285.843, 99
Trd, 4319286.043, 100
Trd, 4319288.093, 98
Trd, 4319288.843, 97
Trd, 4319290.243, 97
Trd, 4319291.243, 98
Trd, 4319292.343, 97
Trd, 4319293.243, 98
Trd, 4319295.793, 97
Trd, 4319296.743, 97
Trd, 4319298.943, 97
Trd, 4319300.143, 97
Trd, 4319300.993, 96
Trd, 4319302.543, 92
Trd, 4319302.893, 93
Trd, 4319303.443, 92
Trd, 4319303.993, 95
Trd, 4319304.293, 105
Trd, 4319307.643, 93
Trd, 4319307.993, 94
Trd, 4319310.543, 94
Trd, 4319311.143, 93
Trd, 4319312.143, 95
Trd, 4319313.493, 95
Trd, 4319316.293, 92
Trd, 4319316.743, 92
Trd, 4319316.843, 93
Trd, 4319317.693, 92
Trd, 4319318.293, 105
Trd, 4319319.993, 99
Trd, 4319321.043, 99
Trd, 4319323.993, 94
Trd, 4319324.493, 99
Trd, 4319326.543, 95
Trd, 4319326.693, 97
Trd, 4319327.993, 88
Trd, 4319330.043, 92
Trd, 4319330.293, 95
Trd, 4319331.043, 94
Trd, 4319333.343, 104
Trd, 4319333.743, 100
Trd, 4319335.843, 87
Trd, 4319337.293, 91
Trd, 4319337.843, 88
Trd, 4319338.143, 91
Trd, 4319338.543, 95
Trd, 4319339.893, 87
Trd, 4319340.793, 90
Trd, 4319344.193, 82
Trd, 4319344.443, 83
Trd, 4319344.943, 84
Trd, 4319347.243, 87
Trd, 4319347.493, 91
Trd, 4319349.243, 89
Trd, 4319351.943, 93
Trd, 4319352.143, 95
Trd, 4319352.393, 93
Trd, 4319353.543, 94
Trd, 4319355.743, 92
Trd, 4319357.243, 95
Trd, 4319358.443, 96
Trd, 4319359.243, 106
Trd, 4319359.893, 102
Trd, 4319360.843, 100
Trd, 4319363.093, 107
Trd, 4319363.493, 109
Trd, 4319364.943, 108
Trd, 4319366.093, 107
Trd, 4319366.693, 107
Trd, 4319366.993, 104
Trd, 4319367.243, 106
Trd, 4319369.293, 101
Trd, 4319370.143, 100
Trd, 4319370.893, 86
Trd, 4319372.743, 83
Trd, 4319374.543, 95
Trd, 4319376.543, 105
Trd, 4319376.943, 102
Trd, 4319378.443, 101
Trd, 4319379.093, 101
Trd, 4319379.593, 98
Trd, 4319380.043, 101
Trd, 4319382.293, 97
Trd, 4319382.543, 97
Trd, 4319384.193, 98
Trd, 4319384.943, 98
Trd, 4319387.293, 98
Trd, 4319388.493, 100
Trd, 4319388.843, 98
Trd, 4319389.393, 99
Trd, 4319390.693, 97
Trd, 4319391.443, 99
Trd, 4319392.993, 98
Trd, 4319393.443, 97
Trd, 4319395.143, 86
Trd, 4319397.043, 97
Trd, 4319399.143, 94
Trd, 4319399.543, 95
Trd, 4319399.743, 96
Trd, 4319401.343, 103
Trd, 4319402.043, 96
Trd, 4319402.943, 95
Trd, 4319405.243, 94
Trd, 4319406.743, 93
Trd, 4319406.993, 94
Trd, 4319407.593, 102
Trd, 4319410.493, 85
Trd, 4319410.793, 91
Trd, 4319411.943, 106
Trd, 4319414.193, 91
Trd, 4319415.643, 89
Trd, 4319416.943, 87
Trd, 4319417.543, 86
Trd, 4319419.093, 85
Trd, 4319419.993, 97
Trd, 4319422.393, 87
Trd, 4319423.593, 86
Trd, 4319424.043, 85
Trd, 4319424.293, 86
Trd, 4319426.243, 89
Trd, 4319427.143, 95
Trd, 4319428.543, 106
Trd, 4319430.243, 99
Trd, 4319430.893, 96
Trd, 4319431.493, 96
Trd, 4319432.743, 91
Trd, 4319434.793, 93
Trd, 4319434.993, 96
Trd, 4319436.643, 113
Trd, 4319437.843, 91
Trd, 4319439.743, 87
Trd, 4319440.543, 87
Trd, 4319441.943, 87
Trd, 4319443.343, 86
Trd, 4319445.443, 92
Trd, 4319447.143, 92
Trd, 4319447.343, 96
Trd, 4319448.893, 95
Trd, 4319451.243, 98
Trd, 4319452.043, 100
Trd, 4319452.143, 104
Trd, 4319452.593, 96
Trd, 4319454.843, 99
Trd, 4319455.043, 97
Trd, 4319457.643, 90
Trd, 4319458.293, 85
Trd, 4319460.443, 87
Trd, 4319462.093, 81
Trd, 4319462.393, 80
Trd, 4319463.043, 81
Trd, 4319463.993, 86
Trd, 4319465.093, 86
Trd, 4319465.743, 85
Trd, 4319469.193, 93
Trd, 4319470.493, 91
Trd, 4319471.543, 95
Trd, 4319471.943, 92
Trd, 4319473.193, 93
Trd, 4319477.043, 90
Trd, 4319478.393, 90
Trd, 4319478.593, 90
Trd, 4319478.893, 95
Trd, 4319482.643, 89
Trd, 4319482.793, 91
Trd, 4319484.043, 115
Trd, 4319487.043, 94
Trd, 4319488.843, 94
Trd, 4319489.643, 95
Trd, 4319489.893, 90
Trd, 4319490.743, 97
Trd, 4319492.843, 91
Trd, 4319494.143, 95
Trd, 4319494.543, 90
Trd, 4319497.143, 87
Trd, 4319497.343, 95
Trd, 4319497.893, 94
Trd, 4319502.243, 91
Trd, 4319503.993, 91
Trd, 4319504.443, 103
Trd, 4319504.493, 96
Trd, 4319506.393, 96
Trd, 4319506.743, 95
Trd, 4319508.743, 95
Trd, 4319511.293, 94
Trd, 4319513.043, 92
Trd, 4319513.343, 95
Trd, 4319515.043, 90
Trd, 4319516.293, 92
Trd, 4319516.993, 92
Trd, 4319517.843, 91
Trd, 4319518.143, 110
Trd, 4319522.993, 93
Trd, 4319523.493, 92
Trd, 4319524.243, 91
Trd, 4319524.943, 92
Trd, 4319526.143, 90
Trd, 4319528.743, 91
Trd, 4319528.943, 86
Trd, 4319529.643, 90
Trd, 4319530.143, 90
Trd, 4319530.243, 95
Trd, 4319533.393, 93
Trd, 4319533.843, 93
Trd, 4319534.943, 91
Trd, 4319536.493, 97
Trd, 4319538.943, 103
Trd, 4319539.043, 104
Trd, 4319540.043, 95
Trd, 4319542.943, 86
Trd, 4319543.343, 90
Trd, 4319543.493, 87
Trd, 4319543.793, 92
Trd, 4319545.843, 89
Trd, 4319545.893, 95
Trd, 4319547.943, 86
Trd, 4319548.943, 84
Trd, 4319549.093, 85
Trd, 4319550.893, 88
Trd, 4319554.543, 93
Trd, 4319555.493, 93
Trd, 4319556.443, 92
Trd, 4319557.293, 93
Trd, 4319558.843, 93
Trd, 4319562.443, 93
Trd, 4319563.793, 91
Trd, 4319565.793, 92
Trd, 4319568.143, 90
Trd, 4319568.893, 86
Trd, 4319569.493, 87
Trd, 4319570.143, 91
Trd, 4319570.843, 90
Trd, 4319571.093, 95
Trd, 4319572.693, 103
Trd, 4319575.293, 104
Trd, 4319575.443, 103
Trd, 4319577.393, 103
Trd, 4319577.543, 103
Trd, 4319577.993, 104
Trd, 4319579.043, 104
Trd, 4319579.843, 109
Trd, 4319580.493, 108
Trd, 4319582.743, 98
Trd, 4319584.193, 104
Trd, 4319585.143, 102
Trd, 4319586.893, 115
Trd, 4319587.793, 105
Trd, 4319588.493, 106
Trd, 4319588.843, 104
Trd, 4319591.293, 84
Trd, 4319591.743, 86
Trd, 4319592.293, 95
Trd, 4319593.093, 95
Trd, 4319593.343, 129
Trd, 4319595.993, 86
Trd, 4319597.393, 86
Trd, 4319597.793, 87
Trd, 4319598.843, 89
Trd, 4319599.293, 101
Trd, 4319599.693, 104
Trd, 4319602.893, 95
Trd, 4319602.943, 93
Trd, 4319603.443, 93
Trd, 4319604.893, 94
Trd, 4319607.093, 88
Trd, 4319608.193, 88
Trd, 4319611.743, 112
Trd, 4319612.693, 109
Trd, 4319612.993, 108
Trd, 4319613.593, 108
Trd, 4319615.293, 102
Trd, 4319615.793, 100
Trd, 4319617.143, 98
Trd, 4319617.893, 94
Trd, 4319619.793, 90
Trd, 4319622.143, 88
Trd, 4319623.143, 86
Trd, 4319623.543, 86
Trd, 4319625.143, 90
Trd, 4319626.443, 93
Trd, 4319627.243, 92
Trd, 4319629.393, 91
Trd, 4319631.443, 94
Trd, 4319632.443, 91
Trd, 4319632.493, 94
Trd, 4319635.243, 94
Trd, 4319637.693, 94
Trd, 4319637.893, 93
Trd, 4319638.193, 94
Trd, 4319640.693, 92
Trd, 4319641.093, 93
Trd, 4319642.343, 86
Trd, 4319644.993, 104
Trd, 4319645.443, 100
Trd, 4319646.593, 96
Trd, 4319648.443, 94
Trd, 4319649.043, 96
Trd, 4319651.543, 95
Trd, 4319651.743, 96
Trd, 4319652.393, 94
Trd, 4319655.993, 96
Trd, 4319656.793, 97
Trd, 4319657.843, 96
Trd, 4319658.543, 114
Trd, 4319659.143, 102
Trd, 4319659.443, 92
Trd, 4319660.793, 95
Trd, 4319662.843, 96
Trd, 4319663.193, 96
Trd, 4319663.843, 94
Trd, 4319666.493, 95
Trd, 4319667.393, 96
Trd, 4319668.943, 94
Trd, 4319672.443, 96
Trd, 4319672.593, 93
Trd, 4319673.793, 94
Trd, 4319675.393, 91
Trd, 4319676.093, 93
Trd, 4319676.643, 91
Trd, 4319679.393, 91
Trd, 4319679.593, 90
Trd, 4319681.143, 90
Trd, 4319681.943, 89
Trd, 4319684.143, 77
Trd, 4319684.443, 80
Trd, 4319685.243, 81
Trd, 4319686.493, 93
Trd, 4319687.193, 95
Trd, 4319690.143, 97
Trd, 4319690.593, 96
Trd, 4319692.093, 115
Trd, 4319693.443, 105
Trd, 4319693.543, 104
Trd, 4319697.643, 104
Trd, 4319699.243, 103
Trd, 4319699.793, 103
Trd, 4319700.043, 103
Trd, 4319701.593, 102
Trd, 4319701.993, 103
Trd, 4319705.193, 101
Trd, 4319705.743, 98
Trd, 4319705.843, 99
Trd, 4319706.193, 102
Trd, 4319707.943, 86
Trd, 4319710.793, 97
Trd, 4319711.243, 95
Trd, 4319712.443, 97
Trd, 4319713.043, 95
Trd, 4319713.793, 96
Trd, 4319715.693, 96
Trd, 4319717.493, 94
Trd, 4319720.193, 94
Trd, 4319721.443, 95
Trd, 4319721.843, 94
Trd, 4319722.443, 95
Trd, 4319724.443, 96
Trd, 4319726.193, 93
Trd, 4319726.743, 95
Trd, 4319728.143, 93
Trd, 4319728.543, 92
Trd, 4319728.793, 93
Trd, 4319729.143, 94
Trd, 4319730.193, 92
Trd, 4319731.393, 95
Trd, 4319734.643, 91
Trd, 4319735.093, 92
Trd, 4319737.693, 90
Trd, 4319737.793, 90
Trd, 4319738.343, 92
Trd, 4319739.043, 89
Trd, 4319740.193, 95
Trd, 4319743.643, 92
Trd, 4319744.143, 90
Trd, 4319745.493, 92
Trd, 4319746.293, 91
Trd, 4319748.143, 92
Trd, 4319749.093, 95
Trd, 4319751.443, 92
Trd, 4319751.543, 90
Trd, 4319751.943, 93
Trd, 4319752.693, 114
Trd, 4319753.893, 102
Trd, 4319755.443, 102
Trd, 4319755.493, 101
Trd, 4319758.893, 105
Trd, 4319758.993, 105
Trd, 4319759.093, 104
Trd, 4319761.743, 105
Trd, 4319761.893, 103
Trd, 4319763.543, 103
Trd, 4319764.843, 102
Trd, 4319766.243, 104
Trd, 4319768.343, 104
Trd, 4319768.993, 102
Trd, 4319770.493, 101
Trd, 4319771.143, 109
Trd, 4319773.043, 102
Trd, 4319775.193, 102
Trd, 4319777.443, 101
Trd, 4319777.493, 102
Trd, 4319777.693, 101
Trd, 4319779.993, 100
Trd, 4319781.043, 88
Trd, 4319781.443, 101
Trd, 4319783.543, 101
Trd, 4319784.393, 101
Trd, 4319784.893, 104
Trd, 4319785.643, 105
Trd, 4319786.593, 116
Trd, 4319787.443, 108
Trd, 4319789.143, 107
Trd, 4319789.993, 106
Trd, 4319791.843, 105
Trd, 4319792.993, 104
Trd, 4319793.193, 105
Trd, 4319795.343, 104
Trd, 4319796.093, 104
Trd, 4319797.793, 90
Trd, 4319799.943, 85
Trd, 4319800.593, 85
Trd, 4319801.593, 94
Trd, 4319801.743, 95
Trd, 4319802.343, 104
Trd, 4319803.293, 94
Trd, 4319803.343, 96
Trd, 4319804.643, 95
Trd, 4319805.643, 89
Trd, 4319806.443, 91
Trd, 4319809.443, 89
Trd, 4319810.443, 88
Trd, 4319811.043, 89
Trd, 4319811.743, 108
Trd, 4319812.993, 88
Trd, 4319813.093, 87
Trd, 4319816.393, 91
Trd, 4319816.843, 92
Trd, 4319818.093, 94
Trd, 4319818.493, 90
Trd, 4319820.143, 90
Trd, 4319821.343, 94
Trd, 4319822.993, 93
Trd, 4319824.043, 95
Trd, 4319828.543, 93
Trd, 4319829.543, 93
Trd, 4319829.593, 94
Trd, 4319830.543, 86
Trd, 4319831.093, 94
Trd, 4319831.343, 95
Trd, 4319833.093, 95
Trd, 4319834.493, 93
Trd, 4319834.893, 95
Trd, 4319835.293, 92
Trd, 4319835.743, 104
Trd, 4319837.093, 101
Trd, 4319838.243, 101
Trd, 4319839.243, 90
Trd, 4319842.243, 81
Trd, 4319843.893, 81
Trd, 4319844.293, 84
Trd, 4319845.893, 88
Trd, 4319847.043, 93
Trd, 4319847.193, 88
Trd, 4319848.543, 106
Trd, 4319850.943, 96
Trd, 4319853.143, 95
Trd, 4319853.793, 90
Trd, 4319854.593, 95
Trd, 4319854.743, 96
Trd, 4319857.343, 96
Trd, 4319857.693, 94
Trd, 4319859.993, 92
Trd, 4319860.693, 100
Trd, 4319863.143, 92
Trd, 4319863.293, 92
Trd, 4319864.643, 91
Trd, 4319867.843, 94
Trd, 4319867.993, 95
Trd, 4319869.493, 93
Trd, 4319869.793, 96
Trd, 4319871.043, 105
Trd, 4319874.743, 97
Trd, 4319875.443, 97
Trd, 4319876.243, 97
Trd, 4319877.893, 104
Trd, 4319879.193, 103
Trd, 4319880.393, 117
Trd, 4319880.943, 104
Trd, 4319882.593, 100
Trd, 4319884.793, 107
Trd, 4319884.993, 103
Trd, 4319885.393, 124
Trd, 4319887.043, 102
Trd, 4319889.243, 94
Trd, 4319890.043, 91
Trd, 4319891.243, 95
Trd, 4319893.443, 95
Trd, 4319895.293, 96
Trd, 4319895.393, 97
Trd, 4319896.093, 94
Trd, 4319897.393, 98
Trd, 4319897.593, 97
Trd, 4319899.693, 105
Trd, 4319902.393, 98
Trd, 4319904.493, 99
Trd, 4319905.293, 86
Trd, 4319909.393, 97
Trd, 4319909.643, 98
Trd, 4319912.743, 98
Trd, 4319913.143, 93
Trd, 4319914.943, 97
Trd, 4319917.043, 95
Trd, 4319917.393, 95
Trd, 4319918.093, 96
Trd, 4319918.843, 97
Trd, 4319919.443, 106
Trd, 4319920.293, 94
Trd, 4319922.693, 94
Trd, 4319923.293, 95
Trd, 4319923.643, 95
Trd, 4319924.993, 104
Trd, 4319925.393, 104
Trd, 4319928.143, 92
Trd, 4319928.243, 94
Trd, 4319929.693, 86
Trd, 4319930.243, 86
Trd, 4319930.343, 109
Trd, 4319931.693, 95
Trd, 4319931.993, 92
Trd, 4319933.293, 92
Trd, 4319934.193, 92
Trd, 4319937.343, 87
Trd, 4319938.393, 88
Trd, 4319939.343, 88
Trd, 4319939.893, 95
Trd, 4319940.743, 91
Trd, 4319942.393, 93
Trd, 4319944.643, 92
Trd, 4319946.393, 92
Trd, 4319946.643, 94
Trd, 4319948.643, 94
Trd, 4319950.193, 94
Trd, 4319950.393, 95
Trd, 4319952.093, 93
Trd, 4319952.893, 94
Trd, 4319954.293, 94
Trd, 4319954.743, 94
Trd, 4319956.543, 93
Trd, 4319957.793, 100
Trd, 4319958.443, 95
Trd, 4319961.043, 94
Trd, 4319961.893, 104
Trd, 4319961.993, 94
Trd, 4319964.643, 93
Trd, 4319965.343, 93
Trd, 4319965.993, 92
Trd, 4319966.743, 94
Trd, 4319968.793, 94
Trd, 4319969.543, 103
Trd, 4319970.893, 97
Trd, 4319971.193, 86
Trd, 4319973.143, 84
Trd, 4319974.543, 84
Trd, 4319975.293, 96
Trd, 4319977.343, 86
Trd, 4319978.293, 87
Trd, 4319979.843, 88
Trd, 4319980.993, 88
Trd, 4319981.493, 89
Trd, 4319982.443, 95
Trd, 4319983.343, 91
Trd, 4319983.443, 90
Trd, 4319984.193, 90
Trd, 4319984.893, 108
Trd, 4319987.693, 92
Trd, 4319987.993, 92
Trd, 4319988.643, 90
Trd, 4319991.393, 92
Trd, 4319993.043, 93
Trd, 4319993.493, 90
Trd, 4319994.793, 94
Trd, 4319994.893, 95
Trd, 4319996.293, 95
Trd, 4319997.343, 104
Trd, 4319999.943, 94
