Trd, 4317878.643, 105
Trd, 4317879.193, 101
Trd, 4317880.093, 100
Trd, 4317882.243, 97
Trd, 4317882.493, 102
Trd, 4317883.693, 89
Trd, 4317884.693, 95
Trd, 4317885.843, 95
Trd, 4317886.043, 106
Trd, 4317887.393, 84
Trd, 4317888.943, 95
Trd, 4317889.493, 95
Trd, 4317893.643, 94
Trd, 4317894.893, 96
Trd, 4317895.543, 93
Trd, 4317896.843, 96
Trd, 4317899.043, 94
Trd, 4317900.193, 94
Trd, 4317900.743, 85
Trd, 4317901.543, 98
Trd, 4317905.243, 96
Trd, 4317905.843, 95
Trd, 4317907.193, 99
Trd, 4317907.393, 97
Trd, 4317907.893, 107
Trd, 4317911.193, 95
Trd, 4317911.393, 93
Trd, 4317912.293, 85
Trd, 4317912.693, 92
Trd, 4317913.693, 98
Trd, 4317915.543, 98
Trd, 4317916.493, 107
Trd, 4317919.343, 96
Trd, 4317919.943, 97
Trd, 4317921.543, 82
Trd, 4317923.693, 85
Trd, 4317924.243, 96
Trd, 4317924.443, 105
Trd, 4317926.443, 93
Trd, 4317927.393, 94
Trd, 4317928.043, 96
Trd, 4317928.143, 85
Trd, 4317928.243, 104
Trd, 4317931.093, 96
Trd, 4317932.443, 96
Trd, 4317934.543, 96
Trd, 4317934.743, 84
Trd, 4317934.943, 95
Trd, 4317935.843, 78
Trd, 4317937.193, 90
Trd, 4317938.243, 87
Trd, 4317939.343, 96
Trd, 4317939.843, 104
Trd, 4317942.093, 91
Trd, 4317942.293, 100
Trd, 4317943.243, 95
Trd, 4317943.993, 115
Trd, 4317944.443, 101
Trd, 4317947.493, 96
Trd, 4317949.743, 84
Trd, 4317950.743, 90
Trd, 4317950.943, 89
Trd, 4317952.043, 104
Trd, 4317952.393, 99
Trd, 4317954.343, 83
Trd, 4317954.743, 93
Trd, 4317956.043, 104
Trd, 4317957.143, 104
Trd, 4317957.343, 109
Trd, 4317957.843, 94
Trd, 4317959.593, 98
Trd, 4317959.993, 101
Trd, 4317962.193, 86
Trd, 4317962.793, 98
Trd, 4317962.843, 106
Trd, 4317963.693, 100
Trd, 4317965.643, 116
Trd, 4317966.043, 100
Trd, 4317968.943, 100
Trd, 4317969.243, 102
Trd, 4317969.593, 102
Trd, 4317971.443, 111
Trd, 4317971.643, 100
Trd, 4317973.393, 103
Trd, 4317973.493, 112
Trd, 4317974.543, 95
Trd, 4317975.193, 102
Trd, 4317976.443, 99
Trd, 4317977.043, 109
Trd, 4317979.193, 93
Trd, 4317979.343, 103
Trd, 4317981.443, 101
Trd, 4317982.393, 100
Trd, 4317983.193, 104
Trd, 4317983.993, 101
Trd, 4317984.993, 101
Trd, 4317985.393, 104
Trd, 4317986.893, 95
Trd, 4317988.993, 95
Trd, 4317989.193, 95
Trd, 4317990.793, 104
Trd, 4317990.843, 98
Trd, 4317993.843, 95
Trd, 4317996.643, 97
Trd, 4317997.993, 94
Trd, 4317998.893, 101
Trd, 4317999.343, 105
Trd, 4318002.593, 96
Trd, 4318004.093, 99
Trd, 4318004.643, 98
Trd, 4318005.943, 83
Trd, 4318007.443, 96
Trd, 4318010.243, 94
Trd, 4318010.593, 93
Trd, 4318012.943, 94
Trd, 4318013.743, 98
Trd, 4318017.193, 91
Trd, 4318017.693, 92
Trd, 4318021.643, 85
Trd, 4318022.593, 96
Trd, 4318023.043, 100
Trd, 4318024.543, 94
Trd, 4318026.193, 101
Trd, 4318026.843, 105
Trd, 4318027.893, 95
Trd, 4318030.743, 113
Trd, 4318031.993, 100
Trd, 4318035.943, 98
Trd, 4318037.443, 88
Trd, 4318037.893, 87
Trd, 4318040.243, 95
Trd, 4318040.293, 98
Trd, 4318041.343, 96
Trd, 4318041.593, 94
Trd, 4318042.893, 91
Trd, 4318045.693, 105
Trd, 4318046.793, 98
Trd, 4318047.543, 95
Trd, 4318047.643, 98
Trd, 4318048.593, 86
Trd, 4318049.693, 99
Trd, 4318051.693, 98
Trd, 4318052.043, 94
Trd, 4318055.643, 95
Trd, 4318055.793, 97
Trd, 4318055.943, 97
Trd, 4318058.093, 97
Trd, 4318059.643, 96
Trd, 4318060.793, 123
Trd, 4318061.243, 101
Trd, 4318064.493, 100
Trd, 4318065.043, 101
Trd, 4318065.993, 107
Trd, 4318067.393, 113
Trd, 4318067.643, 104
Trd, 4318069.493, 100
Trd, 4318071.793, 88
Trd, 4318072.443, 100
Trd, 4318074.243, 105
Trd, 4318074.843, 101
Trd, 4318075.093, 119
Trd, 4318075.743, 104
Trd, 4318076.493, 114
Trd, 4318079.393, 93
Trd, 4318080.543, 96
Trd, 4318080.643, 99
Trd, 4318082.443, 98
Trd, 4318083.643, 106
Trd, 4318084.643, 88
Trd, 4318086.543, 92
Trd, 4318086.893, 100
Trd, 4318087.893, 106
Trd, 4318090.943, 95
Trd, 4318092.243, 85
Trd, 4318092.743, 95
Trd, 4318093.643, 105
Trd, 4318094.643, 125
Trd, 4318095.993, 102
Trd, 4318098.843, 99
Trd, 4318099.843, 90
Trd, 4318100.143, 105
Trd, 4318100.893, 84
Trd, 4318101.993, 97
Trd, 4318102.743, 98
Trd, 4318103.643, 96
Trd, 4318106.443, 99
Trd, 4318107.593, 106
Trd, 4318107.993, 130
Trd, 4318109.593, 109
Trd, 4318110.293, 92
Trd, 4318114.293, 93
Trd, 4318114.643, 85
Trd, 4318115.043, 89
Trd, 4318115.243, 93
Trd, 4318115.543, 99
Trd, 4318116.393, 97
Trd, 4318118.543, 100
Trd, 4318120.243, 96
Trd, 4318120.843, 97
Trd, 4318121.293, 108
Trd, 4318124.293, 98
Trd, 4318125.693, 99
Trd, 4318128.743, 98
Trd, 4318128.793, 80
Trd, 4318129.043, 99
Trd, 4318129.543, 99
Trd, 4318130.393, 105
Trd, 4318132.593, 96
Trd, 4318133.593, 101
Trd, 4318134.493, 109
Trd, 4318135.493, 113
Trd, 4318137.693, 103
Trd, 4318138.843, 103
Trd, 4318139.943, 101
Trd, 4318142.593, 101
Trd, 4318144.043, 95
Trd, 4318146.743, 93
Trd, 4318148.343, 111
Trd, 4318149.093, 102
Trd, 4318149.343, 102
Trd, 4318151.243, 96
Trd, 4318151.843, 101
Trd, 4318152.193, 104
Trd, 4318154.093, 99
Trd, 4318156.543, 102
Trd, 4318157.443, 100
Trd, 4318158.943, 95
Trd, 4318159.493, 102
Trd, 4318160.543, 103
Trd, 4318160.643, 105
Trd, 4318161.893, 104
Trd, 4318163.393, 110
Trd, 4318164.193, 101
Trd, 4318164.793, 106
Trd, 4318167.293, 99
Trd, 4318168.093, 101
Trd, 4318172.693, 103
Trd, 4318173.643, 102
Trd, 4318173.893, 100
Trd, 4318176.693, 97
Trd, 4318176.993, 99
Trd, 4318178.893, 98
Trd, 4318179.643, 89
Trd, 4318181.893, 115
Trd, 4318184.143, 100
Trd, 4318184.943, 96
Trd, 4318185.343, 89
Trd, 4318185.643, 95
Trd, 4318186.493, 97
Trd, 4318187.843, 96
Trd, 4318189.543, 95
Trd, 4318190.243, 106
Trd, 4318192.143, 96
Trd, 4318194.193, 97
Trd, 4318195.843, 108
Trd, 4318195.943, 103
Trd, 4318197.393, 95
Trd, 4318198.093, 77
Trd, 4318199.243, 95
Trd, 4318199.693, 93
Trd, 4318201.293, 93
Trd, 4318202.743, 85
Trd, 4318203.593, 98
Trd, 4318204.393, 108
Trd, 4318205.293, 95
Trd, 4318205.693, 98
Trd, 4318206.293, 96
Trd, 4318209.343, 106
Trd, 4318210.443, 98
Trd, 4318211.093, 94
Trd, 4318211.693, 95
Trd, 4318211.893, 96
Trd, 4318215.893, 95
Trd, 4318216.143, 95
Trd, 4318217.043, 95
Trd, 4318218.393, 94
Trd, 4318218.743, 95
Trd, 4318219.043, 95
Trd, 4318223.143, 95
Trd, 4318223.793, 93
Trd, 4318225.393, 94
Trd, 4318227.243, 89
Trd, 4318227.393, 107
Trd, 4318229.393, 94
Trd, 4318230.543, 88
Trd, 4318231.593, 89
Trd, 4318232.893, 87
Trd, 4318233.043, 82
Trd, 4318236.293, 87
Trd, 4318236.493, 97
Trd, 4318236.843, 113
Trd, 4318239.743, 92
Trd, 4318240.493, 94
Trd, 4318240.843, 96
Trd, 4318242.593, 92
Trd, 4318243.243, 96
Trd, 4318243.743, 104
Trd, 4318244.143, 96
Trd, 4318246.293, 95
Trd, 4318248.443, 95
Trd, 4318249.043, 95
Trd, 4318249.743, 99
Trd, 4318251.993, 96
Trd, 4318254.443, 106
Trd, 4318255.643, 97
Trd, 4318256.893, 92
Trd, 4318256.943, 95
Trd, 4318259.793, 105
Trd, 4318260.043, 103
Trd, 4318261.193, 101
Trd, 4318261.593, 95
Trd, 4318265.643, 96
Trd, 4318268.343, 96
Trd, 4318269.293, 94
Trd, 4318270.543, 94
Trd, 4318272.943, 94
Trd, 4318273.993, 94
Trd, 4318276.093, 94
Trd, 4318276.543, 112
Trd, 4318277.993, 116
Trd, 4318279.043, 105
Trd, 4318281.743, 104
Trd, 4318281.843, 108
Trd, 4318282.343, 92
Trd, 4318283.943, 115
Trd, 4318284.493, 113
Trd, 4318284.843, 105
Trd, 4318287.693, 95
Trd, 4318288.043, 87
Trd, 4318290.543, 98
Trd, 4318291.343, 98
Trd, 4318292.643, 98
Trd, 4318292.693, 86
Trd, 4318293.893, 100
Trd, 4318295.743, 98
Trd, 4318296.493, 98
Trd, 4318296.643, 97
Trd, 4318298.593, 116
Trd, 4318299.793, 113
Trd, 4318302.943, 105
Trd, 4318303.093, 88
Trd, 4318303.993, 85
Trd, 4318305.743, 106
Trd, 4318306.543, 104
Trd, 4318307.993, 100
Trd, 4318308.943, 103
Trd, 4318309.043, 92
Trd, 4318310.143, 104
Trd, 4318311.743, 103
Trd, 4318312.643, 97
Trd, 4318312.893, 94
Trd, 4318314.243, 101
Trd, 4318317.293, 96
Trd, 4318317.593, 103
Trd, 4318318.443, 100
Trd, 4318320.743, 103
Trd, 4318321.243, 97
Trd, 4318322.793, 103
Trd, 4318325.643, 103
Trd, 4318326.343, 91
Trd, 4318326.743, 84
Trd, 4318328.543, 98
Trd, 4318328.793, 104
Trd, 4318329.443, 96
Trd, 4318331.893, 98
Trd, 4318333.643, 95
Trd, 4318334.743, 97
Trd, 4318334.993, 98
Trd, 4318335.393, 105
Trd, 4318340.193, 98
Trd, 4318340.243, 100
Trd, 4318340.793, 94
Trd, 4318341.943, 102
Trd, 4318342.193, 107
Trd, 4318344.293, 101
Trd, 4318347.593, 98
Trd, 4318347.693, 101
Trd, 4318348.243, 105
Trd, 4318348.293, 115
Trd, 4318348.743, 84
Trd, 4318349.193, 85
Trd, 4318352.493, 99
Trd, 4318352.993, 99
Trd, 4318356.643, 97
Trd, 4318357.193, 94
Trd, 4318357.443, 99
Trd, 4318360.243, 95
Trd, 4318360.743, 99
Trd, 4318363.443, 96
Trd, 4318365.343, 97
Trd, 4318366.093, 104
Trd, 4318368.543, 94
Trd, 4318369.343, 99
Trd, 4318369.443, 91
Trd, 4318370.743, 96
Trd, 4318371.393, 104
Trd, 4318374.093, 93
Trd, 4318375.693, 95
Trd, 4318376.393, 95
Trd, 4318377.843, 94
Trd, 4318378.693, 95
Trd, 4318380.393, 95
Trd, 4318380.543, 95
Trd, 4318382.243, 104
Trd, 4318387.043, 100
Trd, 4318387.743, 98
Trd, 4318389.043, 95
Trd, 4318390.643, 97
Trd, 4318392.093, 94
Trd, 4318392.193, 92
Trd, 4318392.943, 88
Trd, 4318393.893, 88
Trd, 4318394.043, 93
Trd, 4318395.993, 92
Trd, 4318398.793, 93
Trd, 4318400.393, 92
Trd, 4318401.893, 95
Trd, 4318402.243, 97
Trd, 4318404.543, 94
Trd, 4318404.593, 92
Trd, 4318406.693, 94
Trd, 4318407.893, 96
Trd, 4318408.693, 91
Trd, 4318408.993, 85
Trd, 4318409.243, 94
Trd, 4318411.593, 101
Trd, 4318415.343, 96
Trd, 4318418.993, 96
Trd, 4318423.043, 96
Trd, 4318424.693, 96
Trd, 4318426.043, 97
Trd, 4318426.193, 105
Trd, 4318426.943, 111
Trd, 4318427.293, 93
Trd, 4318429.343, 96
Trd, 4318430.093, 91
Trd, 4318432.793, 95
Trd, 4318432.993, 97
Trd, 4318435.243, 97
Trd, 4318436.043, 96
Trd, 4318436.093, 94
Trd, 4318436.343, 94
Trd, 4318439.293, 104
Trd, 4318441.443, 97
Trd, 4318443.093, 97
Trd, 4318444.143, 97
Trd, 4318444.643, 99
Trd, 4318447.093, 93
Trd, 4318450.543, 95
Trd, 4318450.593, 96
Trd, 4318451.743, 95
Trd, 4318452.043, 100
Trd, 4318452.293, 92
Trd, 4318454.093, 96
Trd, 4318455.043, 106
Trd, 4318455.393, 119
Trd, 4318458.393, 102
Trd, 4318459.043, 102
Trd, 4318459.843, 117
Trd, 4318461.643, 105
Trd, 4318462.393, 110
Trd, 4318462.993, 94
Trd, 4318463.943, 96
Trd, 4318464.493, 114
Trd, 4318467.243, 97
Trd, 4318469.193, 88
Trd, 4318469.293, 100
Trd, 4318469.993, 100
Trd, 4318471.193, 99
Trd, 4318471.893, 100
Trd, 4318473.293, 104
Trd, 4318474.693, 88
Trd, 4318476.043, 94
Trd, 4318476.693, 96
Trd, 4318478.493, 94
Trd, 4318478.793, 101
Trd, 4318481.393, 95
Trd, 4318482.193, 95
Trd, 4318482.993, 90
Trd, 4318483.643, 96
Trd, 4318483.893, 97
Trd, 4318486.443, 94
Trd, 4318487.543, 93
Trd, 4318490.743, 95
Trd, 4318492.693, 95
Trd, 4318494.093, 94
Trd, 4318495.093, 101
Trd, 4318495.143, 95
Trd, 4318495.943, 85
Trd, 4318496.393, 91
Trd, 4318497.993, 93
Trd, 4318499.843, 93
Trd, 4318500.493, 92
Trd, 4318502.243, 92
Trd, 4318503.193, 96
Trd, 4318505.643, 91
Trd, 4318508.893, 92
Trd, 4318508.943, 92
Trd, 4318509.893, 92
Trd, 4318510.743, 92
Trd, 4318511.793, 90
Trd, 4318512.493, 104
Trd, 4318514.243, 93
Trd, 4318515.693, 97
Trd, 4318518.293, 94
Trd, 4318518.493, 93
Trd, 4318518.743, 96
Trd, 4318519.143, 106
Trd, 4318520.093, 85
Trd, 4318521.443, 97
Trd, 4318524.543, 96
Trd, 4318524.593, 107
Trd, 4318528.293, 96
Trd, 4318528.693, 98
Trd, 4318529.293, 97
Trd, 4318531.593, 111
Trd, 4318533.743, 98
Trd, 4318534.193, 110
Trd, 4318535.093, 102
Trd, 4318537.193, 95
Trd, 4318537.843, 102
Trd, 4318539.393, 87
Trd, 4318540.643, 99
Trd, 4318542.793, 97
Trd, 4318544.193, 94
Trd, 4318545.093, 101
Trd, 4318549.443, 97
Trd, 4318550.043, 98
Trd, 4318552.093, 98
Trd, 4318552.843, 99
Trd, 4318554.693, 104
Trd, 4318556.743, 96
Trd, 4318558.093, 91
Trd, 4318560.543, 95
Trd, 4318560.743, 98
Trd, 4318561.293, 92
Trd, 4318561.593, 98
Trd, 4318561.993, 106
Trd, 4318563.943, 101
Trd, 4318564.393, 84
Trd, 4318565.543, 91
Trd, 4318565.793, 98
Trd, 4318567.693, 95
Trd, 4318568.043, 97
Trd, 4318570.493, 95
Trd, 4318570.743, 95
Trd, 4318571.293, 94
Trd, 4318575.643, 109
Trd, 4318576.343, 106
Trd, 4318576.643, 102
Trd, 4318577.193, 101
Trd, 4318577.343, 113
Trd, 4318580.193, 96
Trd, 4318580.893, 85
Trd, 4318581.543, 79
Trd, 4318583.343, 89
Trd, 4318583.743, 91
Trd, 4318584.943, 87
Trd, 4318585.443, 91
Trd, 4318586.593, 97
Trd, 4318586.693, 94
Trd, 4318588.743, 92
Trd, 4318589.693, 94
Trd, 4318594.943, 99
Trd, 4318595.843, 93
Trd, 4318598.043, 113
Trd, 4318598.743, 98
Trd, 4318599.643, 97
Trd, 4318601.343, 98
Trd, 4318602.443, 85
Trd, 4318603.793, 99
Trd, 4318605.593, 95
Trd, 4318607.793, 93
Trd, 4318608.943, 96
Trd, 4318609.893, 94
Trd, 4318609.943, 95
Trd, 4318611.043, 100
Trd, 4318611.893, 101
Trd, 4318613.193, 103
Trd, 4318613.343, 104
Trd, 4318614.493, 95
Trd, 4318614.593, 89
Trd, 4318616.193, 95
Trd, 4318617.293, 84
Trd, 4318617.693, 95
Trd, 4318617.843, 95
Trd, 4318618.493, 101
Trd, 4318622.543, 96
Trd, 4318623.093, 95
Trd, 4318626.393, 93
Trd, 4318627.243, 89
Trd, 4318627.443, 99
Trd, 4318627.893, 105
Trd, 4318629.343, 94
Trd, 4318630.993, 98
Trd, 4318634.793, 96
Trd, 4318636.243, 95
Trd, 4318637.593, 95
Trd, 4318638.043, 98
Trd, 4318641.093, 94
Trd, 4318641.243, 96
Trd, 4318641.493, 97
Trd, 4318642.543, 95
Trd, 4318643.743, 104
Trd, 4318645.993, 127
Trd, 4318646.043, 95
Trd, 4318647.943, 103
Trd, 4318648.243, 101
Trd, 4318649.443, 98
Trd, 4318650.593, 95
Trd, 4318651.993, 100
Trd, 4318652.743, 97
Trd, 4318655.093, 95
Trd, 4318656.243, 95
Trd, 4318656.843, 97
Trd, 4318658.693, 85
Trd, 4318658.893, 90
Trd, 4318660.443, 100
Trd, 4318661.143, 97
Trd, 4318663.943, 95
Trd, 4318664.543, 96
Trd, 4318665.093, 105
Trd, 4318665.543, 93
Trd, 4318665.993, 97
Trd, 4318667.043, 104
Trd, 4318667.243, 95
Trd, 4318670.193, 98
Trd, 4318670.343, 94
Trd, 4318670.693, 99
Trd, 4318673.393, 104
Trd, 4318674.543, 101
Trd, 4318675.693, 102
Trd, 4318676.643, 113
Trd, 4318678.743, 104
Trd, 4318678.943, 109
Trd, 4318681.843, 95
Trd, 4318684.643, 95
Trd, 4318685.143, 96
Trd, 4318686.043, 94
Trd, 4318688.343, 96
Trd, 4318688.643, 107
Trd, 4318690.443, 97
Trd, 4318691.093, 98
Trd, 4318693.343, 98
Trd, 4318694.843, 97
Trd, 4318695.543, 104
Trd, 4318698.593, 105
Trd, 4318700.093, 98
Trd, 4318701.193, 99
Trd, 4318701.393, 90
Trd, 4318704.643, 96
Trd, 4318704.693, 96
Trd, 4318706.643, 102
Trd, 4318707.543, 98
Trd, 4318708.343, 107
Trd, 4318709.343, 116
Trd, 4318710.793, 97
Trd, 4318711.443, 101
Trd, 4318714.393, 96
Trd, 4318714.793, 98
Trd, 4318716.893, 96
Trd, 4318718.043, 100
Trd, 4318718.893, 96
Trd, 4318719.343, 99
Trd, 4318720.543, 121
Trd, 4318721.343, 91
Trd, 4318722.593, 98
Trd, 4318722.693, 100
Trd, 4318722.843, 105
Trd, 4318724.443, 108
Trd, 4318724.593, 85
Trd, 4318727.693, 84
Trd, 4318728.543, 93
Trd, 4318729.293, 89
Trd, 4318730.993, 108
Trd, 4318732.293, 102
Trd, 4318732.893, 93
Trd, 4318734.893, 94
Trd, 4318735.843, 108
Trd, 4318737.443, 95
Trd, 4318739.293, 96
Trd, 4318740.243, 93
Trd, 4318740.943, 96
Trd, 4318741.843, 104
Trd, 4318743.343, 96
Trd, 4318744.743, 97
Trd, 4318745.343, 97
Trd, 4318746.143, 114
Trd, 4318748.743, 96
Trd, 4318750.943, 98
Trd, 4318753.143, 95
Trd, 4318753.343, 97
Trd, 4318754.293, 95
Trd, 4318755.493, 110
Trd, 4318757.643, 99
Trd, 4318758.693, 104
Trd, 4318758.993, 94
Trd, 4318760.843, 95
Trd, 4318761.943, 104
Trd, 4318764.243, 98
Trd, 4318764.443, 100
Trd, 4318768.543, 98
Trd, 4318768.993, 97
Trd, 4318769.843, 103
Trd, 4318770.793, 96
Trd, 4318772.393, 99
Trd, 4318772.593, 92
Trd, 4318774.493, 96
Trd, 4318774.593, 105
Trd, 4318776.443, 98
Trd, 4318779.143, 98
Trd, 4318780.143, 98
Trd, 4318781.393, 100
Trd, 4318783.393, 97
Trd, 4318783.593, 105
Trd, 4318784.693, 111
Trd, 4318785.193, 97
Trd, 4318785.593, 105
Trd, 4318788.793, 98
Trd, 4318789.993, 103
Trd, 4318790.493, 100
Trd, 4318792.943, 99
Trd, 4318793.893, 115
Trd, 4318795.743, 105
Trd, 4318797.843, 107
Trd, 4318797.893, 100
Trd, 4318799.243, 95
Trd, 4318800.493, 101
Trd, 4318802.943, 98
Trd, 4318803.643, 95
Trd, 4318803.743, 101
Trd, 4318805.043, 104
Trd, 4318806.543, 97
Trd, 4318807.343, 98
Trd, 4318809.793, 96
Trd, 4318810.143, 90
Trd, 4318810.643, 96
Trd, 4318811.243, 96
Trd, 4318813.043, 104
Trd, 4318813.293, 95
Trd, 4318814.643, 85
Trd, 4318815.843, 96
Trd, 4318815.943, 96
Trd, 4318816.393, 92
Trd, 4318818.693, 88
Trd, 4318820.943, 93
Trd, 4318821.143, 96
Trd, 4318822.293, 107
Trd, 4318824.093, 101
Trd, 4318825.993, 102
Trd, 4318826.743, 107
Trd, 4318827.093, 98
Trd, 4318828.443, 101
Trd, 4318829.393, 89
Trd, 4318832.393, 101
Trd, 4318832.893, 99
Trd, 4318834.443, 97
Trd, 4318835.243, 97
Trd, 4318836.793, 100
Trd, 4318838.043, 98
Trd, 4318838.093, 96
Trd, 4318839.593, 85
Trd, 4318841.343, 96
Trd, 4318841.493, 105
Trd, 4318844.843, 96
Trd, 4318844.993, 95
Trd, 4318847.843, 96
Trd, 4318851.243, 96
Trd, 4318851.543, 96
Trd, 4318851.993, 99
Trd, 4318853.743, 93
Trd, 4318854.493, 97
Trd, 4318855.243, 86
Trd, 4318856.143, 100
Trd, 4318857.293, 98
Trd, 4318858.643, 105
Trd, 4318859.443, 105
Trd, 4318861.543, 95
Trd, 4318862.943, 97
Trd, 4318864.243, 107
Trd, 4318865.693, 98
Trd, 4318865.743, 99
Trd, 4318866.443, 96
Trd, 4318867.143, 87
Trd, 4318870.193, 109
Trd, 4318872.793, 101
Trd, 4318872.943, 106
Trd, 4318873.143, 99
Trd, 4318874.443, 101
Trd, 4318875.143, 92
Trd, 4318876.393, 101
Trd, 4318877.143, 98
Trd, 4318877.793, 98
Trd, 4318878.493, 105
Trd, 4318879.193, 92
Trd, 4318880.893, 102
Trd, 4318882.643, 105
Trd, 4318884.693, 99
Trd, 4318884.793, 101
Trd, 4318886.993, 101
Trd, 4318887.043, 83
Trd, 4318887.393, 98
Trd, 4318888.693, 96
Trd, 4318888.793, 100
Trd, 4318890.643, 96
Trd, 4318892.843, 97
Trd, 4318893.543, 85
Trd, 4318893.943, 95
Trd, 4318895.293, 85
Trd, 4318895.493, 106
Trd, 4318896.793, 113
Trd, 4318897.093, 102
Trd, 4318898.243, 127
Trd, 4318899.243, 108
Trd, 4318899.693, 97
Trd, 4318900.643, 105
Trd, 4318904.493, 97
Trd, 4318905.693, 100
Trd, 4318906.443, 90
Trd, 4318908.293, 89
Trd, 4318909.293, 95
Trd, 4318910.243, 100
Trd, 4318910.443, 106
Trd, 4318911.543, 98
Trd, 4318912.743, 98
Trd, 4318913.493, 98
Trd, 4318913.643, 94
Trd, 4318916.043, 85
Trd, 4318916.643, 96
Trd, 4318917.343, 94
Trd, 4318918.643, 95
Trd, 4318919.493, 113
Trd, 4318919.743, 111
Trd, 4318923.793, 102
Trd, 4318925.243, 98
Trd, 4318927.043, 98
Trd, 4318927.493, 97
Trd, 4318928.993, 98
Trd, 4318929.443, 104
Trd, 4318930.243, 104
Trd, 4318931.243, 98
Trd, 4318931.893, 97
Trd, 4318934.093, 99
Trd, 4318936.143, 101
Trd, 4318937.193, 99
Trd, 4318938.393, 96
Trd, 4318938.543, 105
Trd, 4318940.693, 114
Trd, 4318942.193, 93
Trd, 4318943.793, 94
Trd, 4318944.543, 93
Trd, 4318945.593, 100
Trd, 4318949.093, 102
Trd, 4318949.893, 97
Trd, 4318952.443, 95
Trd, 4318952.943, 108
Trd, 4318953.293, 109
Trd, 4318953.693, 100
Trd, 4318956.043, 96
Trd, 4318956.543, 97
Trd, 4318956.843, 104
Trd, 4318957.543, 106
Trd, 4318960.143, 100
Trd, 4318963.693, 100
Trd, 4318964.093, 106
Trd, 4318965.393, 106
Trd, 4318966.193, 99
Trd, 4318968.693, 102
Trd, 4318969.893, 102
Trd, 4318970.793, 100
Trd, 4318971.693, 104
Trd, 4318973.293, 102
Trd, 4318974.043, 102
Trd, 4318975.043, 89
Trd, 4318976.643, 86
Trd, 4318977.243, 91
Trd, 4318978.293, 97
Trd, 4318978.593, 106
Trd, 4318979.143, 110
Trd, 4318981.243, 96
Trd, 4318983.593, 96
Trd, 4318985.793, 97
Trd, 4318986.193, 97
Trd, 4318988.543, 97
Trd, 4318989.593, 94
Trd, 4318989.643, 96
Trd, 4318989.793, 94
Trd, 4318993.693, 92
Trd, 4318994.843, 92
Trd, 4318995.393, 93
Trd, 4318997.793, 99
Trd, 4318999.993, 94
Trd, 4319000.443, 95
Trd, 4319005.793, 91
Trd, 4319006.143, 102
Trd, 4319006.943, 90
Trd, 4319007.943, 96
Trd, 4319008.593, 97
Trd, 4319009.393, 97
Trd, 4319013.643, 95
Trd, 4319013.793, 94
Trd, 4319014.693, 95
Trd, 4319017.343, 92
Trd, 4319019.593, 96
Trd, 4319020.193, 96
Trd, 4319020.293, 89
Trd, 4319021.043, 104
Trd, 4319021.543, 93
Trd, 4319021.693, 97
Trd, 4319023.243, 105
Trd, 4319025.543, 90
Trd, 4319026.143, 99
Trd, 4319028.193, 96
Trd, 4319028.943, 102
Trd, 4319030.393, 97
Trd, 4319030.993, 98
Trd, 4319032.543, 110
Trd, 4319033.843, 122
Trd, 4319035.243, 105
Trd, 4319037.743, 105
Trd, 4319038.243, 116
Trd, 4319039.393, 90
Trd, 4319039.443, 97
Trd, 4319039.693, 101
Trd, 4319044.493, 101
Trd, 4319044.793, 103
Trd, 4319045.643, 101
Trd, 4319047.593, 101
Trd, 4319048.843, 100
Trd, 4319050.293, 98
Trd, 4319051.243, 98
Trd, 4319051.893, 106
Trd, 4319054.193, 100
Trd, 4319056.243, 104
Trd, 4319058.293, 99
Trd, 4319059.343, 105
Trd, 4319061.493, 100
Trd, 4319062.693, 96
Trd, 4319064.093, 104
Trd, 4319064.293, 99
Trd, 4319065.643, 85
Trd, 4319065.943, 96
Trd, 4319067.893, 98
Trd, 4319067.943, 91
Trd, 4319069.943, 98
Trd, 4319073.893, 97
Trd, 4319074.343, 94
Trd, 4319074.543, 104
Trd, 4319076.243, 98
Trd, 4319078.243, 94
Trd, 4319079.693, 95
Trd, 4319080.343, 96
Trd, 4319080.593, 90
Trd, 4319082.293, 98
Trd, 4319082.343, 105
Trd, 4319082.893, 113
Trd, 4319083.843, 94
Trd, 4319086.293, 99
Trd, 4319088.493, 95
Trd, 4319090.493, 99
Trd, 4319090.893, 94
Trd, 4319092.393, 99
Trd, 4319092.543, 88
Trd, 4319094.843, 99
Trd, 4319095.493, 99
Trd, 4319096.643, 88
Trd, 4319097.093, 91
Trd, 4319098.743, 93
Trd, 4319099.443, 104
Trd, 4319099.843, 115
Trd, 4319101.493, 98
Trd, 4319102.043, 101
Trd, 4319104.243, 96
Trd, 4319105.943, 97
Trd, 4319106.193, 100
Trd, 4319107.943, 105
Trd, 4319108.993, 96
Trd, 4319109.443, 98
Trd, 4319111.443, 96
Trd, 4319112.143, 98
Trd, 4319116.093, 105
Trd, 4319116.343, 99
Trd, 4319117.143, 99
Trd, 4319119.993, 96
Trd, 4319121.743, 98
Trd, 4319122.143, 85
Trd, 4319122.643, 95
Trd, 4319123.543, 107
Trd, 4319124.093, 102
Trd, 4319124.393, 95
Trd, 4319125.493, 96
Trd, 4319125.693, 99
Trd, 4319126.893, 88
Trd, 4319129.893, 96
Trd, 4319133.093, 107
Trd, 4319134.643, 98
Trd, 4319136.693, 98
Trd, 4319136.793, 98
Trd, 4319137.543, 106
Trd, 4319137.943, 98
Trd, 4319139.093, 102
Trd, 4319139.493, 113
Trd, 4319142.993, 102
Trd, 4319144.893, 97
Trd, 4319145.143, 102
Trd, 4319146.093, 94
Trd, 4319146.843, 105
Trd, 4319148.143, 96
Trd, 4319149.193, 103
Trd, 4319149.693, 102
Trd, 4319152.193, 96
Trd, 4319153.393, 102
Trd, 4319153.793, 96
Trd, 4319156.093, 98
Trd, 4319158.443, 97
Trd, 4319159.093, 98
Trd, 4319161.493, 98
Trd, 4319161.593, 95
Trd, 4319162.343, 105
Trd, 4319162.843, 106
Trd, 4319165.143, 100
Trd, 4319167.493, 96
Trd, 4319169.593, 100
Trd, 4319170.793, 100
Trd, 4319172.543, 97
Trd, 4319172.593, 100
Trd, 4319175.893, 85
Trd, 4319176.293, 101
Trd, 4319177.493, 100
Trd, 4319179.993, 100
Trd, 4319182.093, 99
Trd, 4319183.343, 99
Trd, 4319183.593, 99
Trd, 4319184.243, 104
Trd, 4319184.343, 92
Trd, 4319186.993, 85
Trd, 4319187.993, 96
Trd, 4319188.043, 96
Trd, 4319190.443, 105
Trd, 4319191.393, 97
Trd, 4319192.193, 95
Trd, 4319192.893, 96
Trd, 4319193.943, 105
Trd, 4319194.493, 106
Trd, 4319194.593, 93
Trd, 4319196.693, 107
Trd, 4319198.193, 95
Trd, 4319199.243, 101
Trd, 4319199.543, 98
Trd, 4319201.893, 98
Trd, 4319202.343, 88
Trd, 4319203.193, 97
Trd, 4319203.643, 99
Trd, 4319205.243, 96
Trd, 4319206.543, 107
Trd, 4319208.993, 97
Trd, 4319210.543, 95
Trd, 4319211.293, 92
Trd, 4319213.743, 96
Trd, 4319216.543, 96
Trd, 4319216.943, 99
Trd, 4319219.643, 97
Trd, 4319220.393, 97
Trd, 4319221.393, 96
Trd, 4319223.393, 105
Trd, 4319223.643, 100
Trd, 4319224.393, 108
Trd, 4319225.643, 100
Trd, 4319227.393, 101
Trd, 4319228.443, 94
Trd, 4319229.693, 101
Trd, 4319230.043, 105
Trd, 4319233.493, 99
Trd, 4319234.643, 101
Trd, 4319235.993, 95
Trd, 4319236.693, 103
Trd, 4319238.343, 96
Trd, 4319239.843, 96
Trd, 4319240.643, 95
Trd, 4319241.093, 104
Trd, 4319241.593, 96
Trd, 4319241.893, 92
Trd, 4319243.343, 116
Trd, 4319247.643, 95
Trd, 4319248.143, 98
Trd, 4319248.693, 98
Trd, 4319250.943, 98
Trd, 4319255.243, 98
Trd, 4319255.693, 94
Trd, 4319255.893, 113
Trd, 4319257.993, 96
Trd, 4319258.093, 101
Trd, 4319259.593, 101
Trd, 4319262.593, 100
Trd, 4319262.843, 94
Trd, 4319265.693, 93
Trd, 4319266.143, 97
Trd, 4319266.593, 98
Trd, 4319267.393, 104
Trd, 4319268.293, 99
Trd, 4319271.343, 94
Trd, 4319272.293, 98
Trd, 4319273.343, 85
Trd, 4319274.093, 95
Trd, 4319275.243, 93
Trd, 4319276.243, 96
Trd, 4319276.793, 83
Trd, 4319278.493, 105
Trd, 4319279.243, 105
Trd, 4319281.293, 94
Trd, 4319282.393, 99
Trd, 4319285.193, 96
Trd, 4319285.543, 96
Trd, 4319285.643, 94
Trd, 4319288.193, 94
Trd, 4319289.293, 96
Trd, 4319289.893, 95
Trd, 4319290.993, 93
Trd, 4319293.443, 108
Trd, 4319297.393, 97
Trd, 4319298.043, 95
Trd, 4319298.143, 108
Trd, 4319298.743, 99
Trd, 4319299.693, 98
Trd, 4319303.843, 95
Trd, 4319304.693, 97
Trd, 4319307.943, 96
Trd, 4319308.643, 101
Trd, 4319312.143, 98
Trd, 4319312.943, 98
Trd, 4319313.893, 92
Trd, 4319315.793, 94
Trd, 4319316.493, 99
Trd, 4319317.793, 95
Trd, 4319318.843, 98
Trd, 4319319.293, 95
Trd, 4319319.543, 95
Trd, 4319321.943, 99
Trd, 4319324.993, 96
Trd, 4319325.143, 96
Trd, 4319326.543, 104
Trd, 4319328.943, 99
Trd, 4319329.793, 91
Trd, 4319330.843, 100
Trd, 4319330.943, 104
Trd, 4319334.043, 95
Trd, 4319335.643, 96
Trd, 4319335.943, 98
Trd, 4319337.143, 97
Trd, 4319337.893, 103
Trd, 4319339.543, 97
Trd, 4319341.093, 99
Trd, 4319341.543, 90
Trd, 4319342.593, 95
Trd, 4319343.593, 105
Trd, 4319344.943, 102
Trd, 4319346.943, 97
Trd, 4319347.993, 96
Trd, 4319349.143, 96
Trd, 4319350.743, 95
Trd, 4319351.893, 88
Trd, 4319352.743, 94
Trd, 4319353.043, 106
Trd, 4319353.693, 96
Trd, 4319356.493, 103
Trd, 4319359.993, 106
Trd, 4319360.093, 99
Trd, 4319361.093, 101
Trd, 4319361.693, 115
Trd, 4319364.243, 98
Trd, 4319366.893, 99
Trd, 4319367.593, 99
Trd, 4319368.743, 99
Trd, 4319369.943, 93
Trd, 4319371.293, 95
Trd, 4319371.343, 87
Trd, 4319372.043, 96
Trd, 4319373.093, 94
Trd, 4319373.693, 85
Trd, 4319374.193, 105
Trd, 4319376.243, 95
Trd, 4319377.343, 97
Trd, 4319378.893, 105
Trd, 4319381.093, 106
Trd, 4319382.443, 98
Trd, 4319382.843, 102
Trd, 4319383.043, 98
Trd, 4319384.493, 97
Trd, 4319384.893, 99
Trd, 4319385.843, 99
Trd, 4319386.493, 105
Trd, 4319388.493, 98
Trd, 4319390.443, 97
Trd, 4319391.843, 83
Trd, 4319391.943, 95
Trd, 4319392.643, 91
Trd, 4319393.243, 92
Trd, 4319394.793, 106
Trd, 4319395.193, 98
Trd, 4319395.293, 113
Trd, 4319398.843, 96
Trd, 4319400.093, 96
Trd, 4319400.143, 104
Trd, 4319401.993, 98
Trd, 4319402.543, 104
Trd, 4319404.793, 91
Trd, 4319405.093, 85
Trd, 4319405.843, 95
Trd, 4319406.593, 98
Trd, 4319407.193, 103
Trd, 4319411.393, 95
Trd, 4319412.293, 86
Trd, 4319413.693, 92
Trd, 4319414.343, 97
Trd, 4319415.193, 95
Trd, 4319415.443, 97
Trd, 4319416.793, 102
Trd, 4319417.793, 104
Trd, 4319420.993, 99
Trd, 4319422.043, 97
Trd, 4319423.043, 97
Trd, 4319425.143, 99
Trd, 4319427.793, 97
Trd, 4319429.243, 96
Trd, 4319429.343, 98
Trd, 4319430.593, 96
Trd, 4319431.493, 95
Trd, 4319432.343, 104
Trd, 4319433.143, 102
Trd, 4319434.043, 93
Trd, 4319435.143, 97
Trd, 4319435.643, 85
Trd, 4319437.243, 104
Trd, 4319437.743, 96
Trd, 4319439.443, 98
Trd, 4319441.643, 99
Trd, 4319442.193, 91
Trd, 4319443.143, 97
Trd, 4319444.143, 95
Trd, 4319447.793, 98
Trd, 4319448.993, 97
Trd, 4319449.143, 105
Trd, 4319449.993, 95
Trd, 4319452.143, 96
Trd, 4319453.943, 97
Trd, 4319455.593, 97
Trd, 4319456.093, 94
Trd, 4319456.593, 88
Trd, 4319457.493, 98
Trd, 4319459.443, 93
Trd, 4319460.543, 97
Trd, 4319461.043, 98
Trd, 4319465.693, 94
Trd, 4319467.843, 94
Trd, 4319467.943, 91
Trd, 4319469.443, 94
Trd, 4319472.143, 93
Trd, 4319474.293, 96
Trd, 4319474.443, 95
Trd, 4319474.743, 95
Trd, 4319477.443, 103
Trd, 4319478.543, 105
Trd, 4319478.893, 98
Trd, 4319479.393, 98
Trd, 4319480.793, 108
Trd, 4319481.143, 101
Trd, 4319482.143, 102
Trd, 4319483.743, 101
Trd, 4319485.543, 108
Trd, 4319485.693, 103
Trd, 4319486.443, 94
Trd, 4319486.893, 98
Trd, 4319489.543, 101
Trd, 4319491.143, 102
Trd, 4319493.593, 101
Trd, 4319493.793, 99
Trd, 4319495.793, 104
Trd, 4319496.243, 97
Trd, 4319496.993, 103
Trd, 4319497.843, 104
Trd, 4319500.293, 102
Trd, 4319500.693, 98
Trd, 4319500.843, 113
Trd, 4319503.493, 95
Trd, 4319503.543, 99
Trd, 4319505.343, 98
Trd, 4319506.443, 103
Trd, 4319506.693, 103
Trd, 4319509.043, 100
Trd, 4319511.543, 99
Trd, 4319511.893, 92
Trd, 4319512.193, 104
Trd, 4319512.543, 114
Trd, 4319515.343, 97
Trd, 4319515.393, 91
Trd, 4319517.043, 97
Trd, 4319518.643, 84
Trd, 4319519.193, 107
Trd, 4319521.593, 98
Trd, 4319522.043, 99
Trd, 4319523.093, 99
Trd, 4319525.643, 106
Trd, 4319527.793, 97
Trd, 4319528.243, 92
Trd, 4319528.343, 89
Trd, 4319530.993, 101
Trd, 4319531.843, 88
Trd, 4319532.093, 95
Trd, 4319533.343, 96
Trd, 4319533.843, 107
Trd, 4319534.593, 118
Trd, 4319534.993, 114
Trd, 4319536.593, 100
Trd, 4319539.243, 100
Trd, 4319540.593, 98
Trd, 4319540.893, 100
Trd, 4319541.443, 100
Trd, 4319541.943, 105
Trd, 4319542.743, 95
Trd, 4319543.793, 95
Trd, 4319545.493, 97
Trd, 4319548.993, 94
Trd, 4319549.093, 97
Trd, 4319549.293, 98
Trd, 4319551.293, 104
Trd, 4319551.843, 109
Trd, 4319552.193, 113
Trd, 4319552.993, 103
Trd, 4319554.043, 94
Trd, 4319554.493, 105
Trd, 4319557.443, 98
Trd, 4319558.643, 98
Trd, 4319561.593, 97
Trd, 4319562.593, 102
Trd, 4319563.743, 98
Trd, 4319565.093, 96
Trd, 4319566.993, 85
Trd, 4319567.493, 99
Trd, 4319569.243, 97
Trd, 4319569.593, 95
Trd, 4319569.693, 104
Trd, 4319572.343, 99
Trd, 4319573.093, 104
Trd, 4319575.093, 98
Trd, 4319577.443, 98
Trd, 4319577.743, 99
Trd, 4319578.043, 99
Trd, 4319579.493, 98
Trd, 4319579.943, 94
Trd, 4319580.493, 96
Trd, 4319582.093, 118
Trd, 4319587.843, 101
Trd, 4319588.693, 103
Trd, 4319589.643, 102
Trd, 4319590.343, 97
Trd, 4319590.993, 105
Trd, 4319591.543, 113
Trd, 4319594.293, 95
Trd, 4319595.293, 101
Trd, 4319596.643, 101
Trd, 4319597.893, 97
Trd, 4319598.743, 99
Trd, 4319598.843, 99
Trd, 4319601.643, 93
Trd, 4319602.493, 99
Trd, 4319603.193, 98
Trd, 4319605.293, 98
Trd, 4319605.543, 98
Trd, 4319606.543, 99
Trd, 4319607.743, 99
Trd, 4319607.943, 104
Trd, 4319609.343, 96
Trd, 4319610.493, 97
Trd, 4319611.343, 102
Trd, 4319612.343, 104
Trd, 4319614.393, 102
Trd, 4319617.293, 96
Trd, 4319617.943, 100
Trd, 4319618.793, 93
Trd, 4319620.443, 99
Trd, 4319621.093, 97
Trd, 4319622.193, 95
Trd, 4319622.543, 97
Trd, 4319623.243, 104
Trd, 4319625.443, 96
Trd, 4319626.143, 94
Trd, 4319627.943, 96
Trd, 4319630.443, 104
Trd, 4319630.893, 114
Trd, 4319631.243, 105
Trd, 4319633.243, 97
Trd, 4319638.343, 99
Trd, 4319638.393, 96
Trd, 4319639.393, 99
Trd, 4319639.643, 101
Trd, 4319640.493, 110
Trd, 4319644.093, 97
Trd, 4319644.543, 100
Trd, 4319646.343, 102
Trd, 4319647.643, 97
Trd, 4319649.193, 107
Trd, 4319651.443, 102
Trd, 4319652.343, 102
Trd, 4319654.593, 98
Trd, 4319655.093, 106
Trd, 4319655.393, 92
Trd, 4319655.993, 93
Trd, 4319658.443, 100
Trd, 4319660.243, 100
Trd, 4319660.943, 109
Trd, 4319662.493, 98
Trd, 4319663.893, 99
Trd, 4319665.093, 97
Trd, 4319666.193, 100
Trd, 4319668.043, 100
Trd, 4319669.543, 100
Trd, 4319669.693, 95
Trd, 4319670.093, 94
Trd, 4319671.893, 85
Trd, 4319672.693, 103
Trd, 4319673.693, 113
Trd, 4319677.243, 103
Trd, 4319678.043, 96
Trd, 4319679.493, 109
Trd, 4319679.793, 84
Trd, 4319682.593, 96
Trd, 4319683.243, 104
Trd, 4319684.143, 104
Trd, 4319685.043, 104
Trd, 4319685.143, 95
Trd, 4319688.643, 103
Trd, 4319690.043, 97
Trd, 4319690.193, 105
Trd, 4319691.543, 102
Trd, 4319691.893, 112
Trd, 4319692.793, 103
Trd, 4319693.593, 114
Trd, 4319696.643, 103
Trd, 4319696.793, 83
Trd, 4319697.343, 103
Trd, 4319699.343, 110
Trd, 4319702.943, 101
Trd, 4319703.943, 105
Trd, 4319704.893, 96
Trd, 4319707.443, 100
Trd, 4319708.193, 101
Trd, 4319710.993, 101
Trd, 4319711.343, 101
Trd, 4319713.693, 101
Trd, 4319714.193, 100
Trd, 4319716.243, 102
Trd, 4319717.543, 102
Trd, 4319717.993, 104
Trd, 4319719.693, 88
Trd, 4319719.993, 96
Trd, 4319720.143, 97
Trd, 4319721.143, 105
Trd, 4319723.943, 103
Trd, 4319725.443, 99
Trd, 4319726.293, 107
Trd, 4319727.793, 98
Trd, 4319728.793, 101
Trd, 4319729.393, 95
Trd, 4319729.943, 99
Trd, 4319730.493, 108
Trd, 4319731.843, 85
Trd, 4319733.993, 91
Trd, 4319735.093, 94
Trd, 4319735.343, 99
Trd, 4319736.943, 127
Trd, 4319737.193, 98
Trd, 4319737.993, 96
Trd, 4319738.193, 97
Trd, 4319740.793, 94
Trd, 4319742.343, 100
Trd, 4319745.393, 97
Trd, 4319747.343, 98
Trd, 4319748.043, 95
Trd, 4319749.043, 97
Trd, 4319749.243, 104
Trd, 4319750.643, 98
Trd, 4319751.843, 96
Trd, 4319753.043, 96
Trd, 4319753.543, 106
Trd, 4319754.343, 91
Trd, 4319755.693, 98
Trd, 4319755.893, 98
Trd, 4319757.143, 111
Trd, 4319757.393, 100
Trd, 4319760.093, 97
Trd, 4319761.243, 99
Trd, 4319761.993, 99
Trd, 4319762.593, 99
Trd, 4319764.293, 98
Trd, 4319766.093, 103
Trd, 4319766.493, 101
Trd, 4319768.093, 99
Trd, 4319770.293, 104
Trd, 4319771.893, 88
Trd, 4319775.293, 99
Trd, 4319776.393, 100
Trd, 4319776.843, 99
Trd, 4319778.043, 87
Trd, 4319779.343, 94
Trd, 4319780.193, 97
Trd, 4319783.293, 96
Trd, 4319783.993, 104
Trd, 4319784.643, 96
Trd, 4319787.193, 102
Trd, 4319788.443, 97
Trd, 4319789.793, 104
Trd, 4319790.693, 100
Trd, 4319792.343, 113
Trd, 4319792.743, 102
Trd, 4319792.793, 97
Trd, 4319793.843, 110
Trd, 4319793.993, 100
Trd, 4319795.843, 84
Trd, 4319795.993, 98
Trd, 4319796.793, 97
Trd, 4319798.543, 99
Trd, 4319802.093, 99
Trd, 4319803.793, 98
Trd, 4319804.343, 101
Trd, 4319805.543, 99
Trd, 4319806.343, 103
Trd, 4319806.793, 100
Trd, 4319809.243, 100
Trd, 4319810.143, 100
Trd, 4319810.343, 98
Trd, 4319812.443, 101
Trd, 4319813.993, 98
Trd, 4319814.743, 100
Trd, 4319816.943, 102
Trd, 4319818.343, 98
Trd, 4319818.543, 101
Trd, 4319819.743, 87
Trd, 4319821.993, 95
Trd, 4319822.543, 92
Trd, 4319823.343, 95
Trd, 4319824.243, 96
Trd, 4319824.693, 106
Trd, 4319825.793, 113
Trd, 4319828.493, 98
Trd, 4319829.643, 99
Trd, 4319831.093, 95
Trd, 4319832.593, 96
Trd, 4319833.093, 89
Trd, 4319835.593, 97
Trd, 4319836.843, 96
Trd, 4319836.993, 93
Trd, 4319839.043, 95
Trd, 4319839.193, 97
Trd, 4319840.543, 105
Trd, 4319841.443, 92
Trd, 4319843.393, 107
Trd, 4319845.843, 101
Trd, 4319846.243, 96
Trd, 4319847.293, 97
Trd, 4319848.443, 101
Trd, 4319850.493, 89
Trd, 4319852.443, 98
Trd, 4319854.293, 97
Trd, 4319854.593, 98
Trd, 4319856.393, 108
Trd, 4319858.393, 95
Trd, 4319859.443, 99
Trd, 4319859.693, 108
Trd, 4319860.393, 100
Trd, 4319861.443, 98
Trd, 4319863.743, 98
Trd, 4319864.143, 99
Trd, 4319866.593, 103
Trd, 4319866.843, 101
Trd, 4319867.993, 100
Trd, 4319871.343, 100
Trd, 4319871.743, 100
Trd, 4319872.393, 85
Trd, 4319874.143, 98
Trd, 4319874.593, 98
Trd, 4319875.893, 97
Trd, 4319877.693, 86
Trd, 4319879.643, 97
Trd, 4319880.893, 98
Trd, 4319881.293, 104
Trd, 4319882.343, 107
Trd, 4319883.343, 93
Trd, 4319885.193, 101
Trd, 4319885.293, 99
Trd, 4319886.543, 102
Trd, 4319888.543, 101
Trd, 4319890.043, 104
Trd, 4319890.293, 99
Trd, 4319890.493, 95
Trd, 4319892.493, 101
Trd, 4319893.293, 101
Trd, 4319894.193, 99
Trd, 4319895.643, 96
Trd, 4319896.493, 116
Trd, 4319897.793, 99
Trd, 4319898.593, 99
Trd, 4319900.293, 95
Trd, 4319900.443, 98
Trd, 4319902.593, 99
Trd, 4319902.893, 104
Trd, 4319903.643, 90
Trd, 4319904.943, 98
Trd, 4319906.143, 97
Trd, 4319907.493, 100
Trd, 4319909.193, 97
Trd, 4319910.043, 100
Trd, 4319910.993, 96
Trd, 4319911.793, 100
Trd, 4319913.643, 100
Trd, 4319917.993, 95
Trd, 4319918.543, 99
Trd, 4319919.293, 99
Trd, 4319919.993, 102
Trd, 4319920.593, 113
Trd, 4319924.443, 96
Trd, 4319925.093, 92
Trd, 4319926.643, 103
Trd, 4319930.743, 102
Trd, 4319931.993, 101
Trd, 4319933.843, 98
Trd, 4319934.943, 100
Trd, 4319935.343, 104
Trd, 4319936.693, 101
Trd, 4319936.843, 115
Trd, 4319938.843, 97
Trd, 4319939.843, 99
Trd, 4319942.343, 97
Trd, 4319944.143, 99
Trd, 4319945.443, 99
Trd, 4319945.543, 93
Trd, 4319946.593, 103
Trd, 4319948.893, 97
Trd, 4319951.593, 97
Trd, 4319951.893, 96
Trd, 4319952.843, 95
Trd, 4319954.193, 104
Trd, 4319955.843, 95
Trd, 4319958.043, 98
Trd, 4319958.343, 98
Trd, 4319958.543, 104
Trd, 4319959.093, 94
Trd, 4319963.993, 98
Trd, 4319964.993, 98
Trd, 4319965.093, 98
Trd, 4319966.843, 104
Trd, 4319967.243, 85
Trd, 4319967.743, 108
Trd, 4319969.543, 107
Trd, 4319969.843, 98
Trd, 4319970.293, 104
Trd, 4319974.793, 100
Trd, 4319975.193, 83
Trd, 4319975.343, 103
Trd, 4319977.693, 102
Trd, 4319978.343, 104
Trd, 4319978.743, 98
Trd, 4319983.193, 99
Trd, 4319983.343, 99
Trd, 4319983.543, 96
Trd, 4319983.893, 99
Trd, 4319986.793, 98
Trd, 4319987.343, 98
Trd, 4319987.393, 101
Trd, 4319989.143, 104
Trd, 4319990.293, 99
Trd, 4319994.543, 99
Trd, 4319994.843, 98
Trd, 4319994.943, 99
Trd, 4319996.243, 99
Trd, 4319996.893, 101
Trd, 4319997.893, 104
