Trd, 4317856.843, 94
Trd, 4317857.993, 93
Trd, 4317859.343, 94
Trd, 4317859.943, 93
Trd, 4317860.193, 94
Trd, 4317863.493, 95
Trd, 4317864.193, 95
Trd, 4317865.743, 95
Trd, 4317865.893, 95
Trd, 4317867.393, 95
Trd, 4317867.643, 94
Trd, 4317869.793, 94
Trd, 4317870.943, 94
Trd, 4317871.943, 104
Trd, 4317876.193, 93
Trd, 4317876.543, 95
Trd, 4317878.943, 92
Trd, 4317879.343, 93
Trd, 4317880.343, 93
Trd, 4317881.693, 94
Trd, 4317882.993, 94
Trd, 4317883.193, 95
Trd, 4317884.093, 95
Trd, 4317885.243, 94
Trd, 4317886.293, 93
Trd, 4317887.293, 94
Trd, 4317887.893, 95
Trd, 4317889.393, 94
Trd, 4317889.493, 95
Trd, 4317890.843, 99
Trd, 4317893.743, 96
Trd, 4317894.643, 95
Trd, 4317896.443, 96
Trd, 4317896.843, 95
Trd, 4317896.943, 95
Trd, 4317899.693, 95
Trd, 4317900.093, 96
Trd, 4317902.343, 94
Trd, 4317905.343, 95
Trd, 4317905.543, 94
Trd, 4317905.743, 96
Trd, 4317906.543, 94
Trd, 4317910.593, 96
Trd, 4317910.743, 95
Trd, 4317913.743, 96
Trd, 4317913.943, 96
Trd, 4317916.043, 95
Trd, 4317916.343, 97
Trd, 4317916.893, 97
Trd, 4317919.193, 95
Trd, 4317920.743, 96
Trd, 4317920.893, 95
Trd, 4317920.943, 95
Trd, 4317921.393, 104
Trd, 4317925.793, 95
Trd, 4317925.893, 95
Trd, 4317926.593, 94
Trd, 4317927.243, 93
Trd, 4317928.843, 94
Trd, 4317929.193, 95
Trd, 4317929.793, 94
Trd, 4317932.693, 85
Trd, 4317933.393, 85
Trd, 4317934.493, 86
Trd, 4317935.493, 89
Trd, 4317936.143, 90
Trd, 4317937.143, 104
Trd, 4317939.743, 92
Trd, 4317940.993, 95
Trd, 4317941.043, 94
Trd, 4317942.443, 95
Trd, 4317943.243, 94
Trd, 4317945.193, 95
Trd, 4317947.093, 97
Trd, 4317948.543, 97
Trd, 4317949.493, 98
Trd, 4317950.493, 99
Trd, 4317950.993, 100
Trd, 4317952.793, 98
Trd, 4317952.943, 99
Trd, 4317954.643, 98
Trd, 4317956.993, 96
Trd, 4317957.393, 96
Trd, 4317957.943, 95
Trd, 4317958.293, 95
Trd, 4317958.993, 94
Trd, 4317960.193, 104
Trd, 4317962.043, 98
Trd, 4317963.243, 95
Trd, 4317964.143, 96
Trd, 4317965.543, 96
Trd, 4317966.693, 96
Trd, 4317970.243, 96
Trd, 4317972.043, 95
Trd, 4317973.693, 96
Trd, 4317974.543, 96
Trd, 4317976.143, 95
Trd, 4317977.493, 94
Trd, 4317978.493, 94
Trd, 4317979.593, 102
Trd, 4317983.043, 95
Trd, 4317983.843, 94
Trd, 4317985.393, 95
Trd, 4317987.293, 95
Trd, 4317988.543, 94
Trd, 4317989.443, 95
Trd, 4317991.093, 95
Trd, 4317993.643, 95
Trd, 4317994.493, 95
Trd, 4317994.943, 94
Trd, 4317997.093, 103
Trd, 4317998.943, 113
Trd, 4318001.343, 98
Trd, 4318001.943, 95
Trd, 4318002.343, 95
Trd, 4318003.543, 96
Trd, 4318003.943, 96
Trd, 4318004.493, 95
Trd, 4318005.743, 94
Trd, 4318008.693, 95
Trd, 4318010.643, 94
Trd, 4318011.143, 94
Trd, 4318013.243, 94
Trd, 4318014.293, 94
Trd, 4318017.793, 93
Trd, 4318017.993, 93
Trd, 4318018.643, 92
Trd, 4318019.843, 92
Trd, 4318019.943, 104
Trd, 4318022.693, 91
Trd, 4318023.793, 89
Trd, 4318024.943, 89
Trd, 4318025.343, 90
Trd, 4318029.443, 95
Trd, 4318030.143, 95
Trd, 4318030.443, 94
Trd, 4318031.393, 96
Trd, 4318033.243, 96
Trd, 4318034.543, 96
Trd, 4318037.093, 95
Trd, 4318037.793, 97
Trd, 4318038.943, 97
Trd, 4318040.243, 96
Trd, 4318042.943, 96
Trd, 4318043.493, 95
Trd, 4318044.993, 96
Trd, 4318046.993, 95
Trd, 4318047.493, 94
Trd, 4318047.943, 94
Trd, 4318049.443, 93
Trd, 4318050.093, 94
Trd, 4318051.243, 94
Trd, 4318052.793, 94
Trd, 4318053.693, 95
Trd, 4318054.593, 94
Trd, 4318055.743, 95
Trd, 4318056.843, 96
Trd, 4318058.493, 103
Trd, 4318060.793, 96
Trd, 4318062.493, 96
Trd, 4318064.443, 95
Trd, 4318064.743, 96
Trd, 4318064.943, 95
Trd, 4318065.843, 96
Trd, 4318068.743, 95
Trd, 4318068.993, 94
Trd, 4318072.143, 94
Trd, 4318072.443, 95
Trd, 4318072.643, 95
Trd, 4318075.043, 95
Trd, 4318076.343, 96
Trd, 4318076.693, 96
Trd, 4318078.343, 95
Trd, 4318078.643, 95
Trd, 4318081.793, 95
Trd, 4318082.093, 94
Trd, 4318082.393, 94
Trd, 4318082.493, 94
Trd, 4318085.493, 96
Trd, 4318086.943, 97
Trd, 4318087.993, 104
Trd, 4318088.543, 112
Trd, 4318089.343, 99
Trd, 4318090.943, 100
Trd, 4318091.643, 99
Trd, 4318097.143, 98
Trd, 4318097.293, 99
Trd, 4318098.193, 99
Trd, 4318098.843, 100
Trd, 4318101.093, 98
Trd, 4318102.543, 97
Trd, 4318103.143, 96
Trd, 4318103.943, 96
Trd, 4318104.393, 98
Trd, 4318107.643, 96
Trd, 4318109.243, 95
Trd, 4318110.793, 96
Trd, 4318112.293, 96
Trd, 4318113.693, 95
Trd, 4318114.793, 96
Trd, 4318115.193, 96
Trd, 4318115.543, 95
Trd, 4318116.543, 95
Trd, 4318120.193, 96
Trd, 4318120.943, 99
Trd, 4318123.493, 95
Trd, 4318127.493, 95
Trd, 4318127.793, 95
Trd, 4318129.193, 95
Trd, 4318129.243, 96
Trd, 4318130.493, 94
Trd, 4318132.643, 97
Trd, 4318134.843, 96
Trd, 4318136.243, 95
Trd, 4318136.593, 95
Trd, 4318137.343, 95
Trd, 4318137.743, 94
Trd, 4318137.793, 95
Trd, 4318139.143, 95
Trd, 4318141.143, 95
Trd, 4318141.543, 93
Trd, 4318143.093, 95
Trd, 4318144.093, 97
Trd, 4318144.993, 97
Trd, 4318147.143, 98
Trd, 4318148.693, 97
Trd, 4318150.293, 96
Trd, 4318151.993, 96
Trd, 4318153.093, 95
Trd, 4318153.743, 95
Trd, 4318156.843, 95
Trd, 4318157.493, 95
Trd, 4318158.693, 100
Trd, 4318161.843, 95
Trd, 4318162.243, 94
Trd, 4318164.393, 94
Trd, 4318166.443, 94
Trd, 4318166.793, 95
Trd, 4318167.493, 95
Trd, 4318168.993, 95
Trd, 4318169.593, 95
Trd, 4318172.293, 95
Trd, 4318172.393, 94
Trd, 4318174.393, 95
Trd, 4318176.043, 95
Trd, 4318177.493, 95
Trd, 4318178.143, 94
Trd, 4318179.643, 95
Trd, 4318181.143, 94
Trd, 4318181.793, 94
Trd, 4318185.393, 98
Trd, 4318186.143, 99
Trd, 4318189.043, 97
Trd, 4318189.193, 96
Trd, 4318190.143, 95
Trd, 4318192.343, 95
Trd, 4318193.243, 95
Trd, 4318194.293, 96
Trd, 4318196.043, 96
Trd, 4318196.593, 95
Trd, 4318197.593, 95
Trd, 4318198.443, 95
Trd, 4318200.193, 96
Trd, 4318200.943, 115
Trd, 4318202.443, 99
Trd, 4318202.593, 99
Trd, 4318204.793, 97
Trd, 4318205.943, 97
Trd, 4318208.493, 95
Trd, 4318209.693, 95
Trd, 4318210.093, 94
Trd, 4318210.743, 96
Trd, 4318211.793, 96
Trd, 4318213.493, 96
Trd, 4318215.993, 96
Trd, 4318216.043, 95
Trd, 4318216.243, 95
Trd, 4318216.593, 95
Trd, 4318220.193, 96
Trd, 4318220.543, 95
Trd, 4318221.243, 95
Trd, 4318222.693, 95
Trd, 4318222.993, 95
Trd, 4318224.743, 95
Trd, 4318226.093, 98
Trd, 4318226.993, 98
Trd, 4318228.243, 98
Trd, 4318229.343, 100
Trd, 4318230.093, 98
Trd, 4318234.343, 98
Trd, 4318234.893, 97
Trd, 4318239.143, 97
Trd, 4318240.693, 96
Trd, 4318242.043, 97
Trd, 4318244.643, 96
Trd, 4318245.693, 95
Trd, 4318245.743, 96
Trd, 4318247.443, 96
Trd, 4318249.743, 94
Trd, 4318249.843, 94
Trd, 4318250.493, 95
Trd, 4318252.893, 96
Trd, 4318253.943, 102
Trd, 4318255.593, 97
Trd, 4318256.093, 97
Trd, 4318256.243, 99
Trd, 4318258.043, 96
Trd, 4318258.793, 96
Trd, 4318260.943, 96
Trd, 4318264.793, 96
Trd, 4318265.593, 95
Trd, 4318266.143, 95
Trd, 4318266.193, 96
Trd, 4318270.143, 96
Trd, 4318270.543, 95
Trd, 4318272.793, 96
Trd, 4318274.143, 95
Trd, 4318274.443, 94
Trd, 4318275.743, 95
Trd, 4318277.043, 95
Trd, 4318278.293, 94
Trd, 4318281.493, 94
Trd, 4318281.593, 94
Trd, 4318281.643, 94
Trd, 4318284.543, 99
Trd, 4318284.593, 97
Trd, 4318285.543, 97
Trd, 4318287.443, 100
Trd, 4318289.143, 99
Trd, 4318289.443, 98
Trd, 4318292.693, 97
Trd, 4318294.093, 96
Trd, 4318296.393, 96
Trd, 4318296.543, 95
Trd, 4318297.793, 95
Trd, 4318298.593, 96
Trd, 4318298.993, 94
Trd, 4318300.243, 94
Trd, 4318301.093, 94
Trd, 4318302.293, 94
Trd, 4318302.593, 93
Trd, 4318305.243, 93
Trd, 4318305.443, 92
Trd, 4318306.293, 95
Trd, 4318312.443, 94
Trd, 4318312.543, 94
Trd, 4318313.143, 95
Trd, 4318313.843, 95
Trd, 4318315.693, 95
Trd, 4318316.243, 95
Trd, 4318316.543, 95
Trd, 4318316.993, 94
Trd, 4318319.343, 95
Trd, 4318321.093, 98
Trd, 4318322.343, 100
Trd, 4318324.143, 98
Trd, 4318325.043, 98
Trd, 4318326.293, 98
Trd, 4318327.243, 97
Trd, 4318327.793, 97
Trd, 4318329.793, 96
Trd, 4318332.343, 96
Trd, 4318332.393, 97
Trd, 4318332.843, 96
Trd, 4318332.943, 95
Trd, 4318334.993, 94
Trd, 4318337.293, 94
Trd, 4318337.743, 95
Trd, 4318338.243, 95
Trd, 4318339.493, 95
Trd, 4318339.593, 104
Trd, 4318343.193, 95
Trd, 4318344.043, 95
Trd, 4318344.443, 96
Trd, 4318347.693, 96
Trd, 4318350.693, 96
Trd, 4318351.443, 94
Trd, 4318352.343, 96
Trd, 4318353.693, 96
Trd, 4318354.943, 96
Trd, 4318358.243, 96
Trd, 4318359.293, 96
Trd, 4318359.843, 96
Trd, 4318360.843, 96
Trd, 4318361.243, 96
Trd, 4318364.943, 96
Trd, 4318365.443, 96
Trd, 4318367.343, 95
Trd, 4318369.393, 96
Trd, 4318370.293, 104
Trd, 4318375.343, 95
Trd, 4318375.493, 95
Trd, 4318376.243, 94
Trd, 4318377.943, 95
Trd, 4318378.343, 95
Trd, 4318379.493, 94
Trd, 4318379.593, 95
Trd, 4318382.043, 95
Trd, 4318383.443, 95
Trd, 4318384.593, 95
Trd, 4318386.193, 94
Trd, 4318387.893, 94
Trd, 4318388.843, 95
Trd, 4318391.443, 104
Trd, 4318392.443, 98
Trd, 4318393.593, 99
Trd, 4318395.543, 99
Trd, 4318397.043, 99
Trd, 4318397.443, 100
Trd, 4318399.893, 100
Trd, 4318400.393, 99
Trd, 4318401.043, 99
Trd, 4318403.493, 95
Trd, 4318403.593, 96
Trd, 4318404.843, 95
Trd, 4318405.193, 95
Trd, 4318405.943, 95
Trd, 4318407.343, 95
Trd, 4318407.693, 94
Trd, 4318410.693, 95
Trd, 4318412.293, 95
Trd, 4318412.993, 95
Trd, 4318414.493, 96
Trd, 4318415.343, 97
Trd, 4318416.093, 96
Trd, 4318417.443, 100
Trd, 4318419.993, 96
Trd, 4318422.793, 95
Trd, 4318423.193, 95
Trd, 4318423.343, 96
Trd, 4318424.643, 96
Trd, 4318425.543, 95
Trd, 4318426.993, 96
Trd, 4318429.043, 89
Trd, 4318430.493, 86
Trd, 4318432.293, 87
Trd, 4318432.843, 85
Trd, 4318433.293, 87
Trd, 4318433.843, 86
Trd, 4318434.193, 87
Trd, 4318436.793, 88
Trd, 4318437.693, 104
Trd, 4318440.293, 89
Trd, 4318441.293, 89
Trd, 4318441.793, 89
Trd, 4318442.443, 89
Trd, 4318445.293, 94
Trd, 4318447.043, 95
Trd, 4318448.743, 94
Trd, 4318449.143, 95
Trd, 4318450.693, 95
Trd, 4318451.443, 96
Trd, 4318452.643, 95
Trd, 4318452.843, 95
Trd, 4318454.793, 96
Trd, 4318456.243, 101
Trd, 4318458.343, 99
Trd, 4318458.843, 99
Trd, 4318458.993, 100
Trd, 4318461.193, 99
Trd, 4318462.443, 99
Trd, 4318462.493, 100
Trd, 4318464.993, 98
Trd, 4318468.093, 101
Trd, 4318469.743, 99
Trd, 4318472.593, 98
Trd, 4318473.493, 98
Trd, 4318473.943, 97
Trd, 4318474.843, 96
Trd, 4318475.293, 96
Trd, 4318477.543, 95
Trd, 4318478.493, 96
Trd, 4318478.843, 95
Trd, 4318479.243, 95
Trd, 4318480.393, 96
Trd, 4318481.893, 104
Trd, 4318485.043, 97
Trd, 4318485.793, 97
Trd, 4318486.243, 96
Trd, 4318486.943, 97
Trd, 4318488.993, 97
Trd, 4318489.443, 95
Trd, 4318493.393, 95
Trd, 4318494.993, 94
Trd, 4318495.643, 94
Trd, 4318497.693, 95
Trd, 4318499.393, 95
Trd, 4318499.743, 94
Trd, 4318504.243, 94
Trd, 4318506.843, 94
Trd, 4318506.893, 94
Trd, 4318510.443, 94
Trd, 4318511.043, 94
Trd, 4318511.693, 93
Trd, 4318512.643, 95
Trd, 4318513.393, 94
Trd, 4318514.243, 94
Trd, 4318517.793, 94
Trd, 4318517.893, 93
Trd, 4318517.943, 93
Trd, 4318520.093, 93
Trd, 4318520.743, 94
Trd, 4318521.893, 94
Trd, 4318522.193, 101
Trd, 4318524.393, 97
Trd, 4318524.793, 97
Trd, 4318525.693, 95
Trd, 4318527.193, 95
Trd, 4318527.643, 95
Trd, 4318530.093, 95
Trd, 4318530.493, 95
Trd, 4318531.593, 95
Trd, 4318534.093, 95
Trd, 4318534.443, 95
Trd, 4318534.743, 104
Trd, 4318537.843, 99
Trd, 4318539.593, 98
Trd, 4318539.693, 99
Trd, 4318541.293, 101
Trd, 4318543.093, 99
Trd, 4318545.043, 95
Trd, 4318545.593, 92
Trd, 4318547.093, 92
Trd, 4318547.343, 93
Trd, 4318549.293, 92
Trd, 4318549.743, 93
Trd, 4318551.043, 102
Trd, 4318553.843, 96
Trd, 4318554.343, 95
Trd, 4318554.393, 95
Trd, 4318554.493, 104
Trd, 4318559.843, 95
Trd, 4318560.093, 96
Trd, 4318560.593, 95
Trd, 4318561.293, 95
Trd, 4318562.693, 94
Trd, 4318564.943, 95
Trd, 4318566.093, 95
Trd, 4318566.893, 94
Trd, 4318566.943, 95
Trd, 4318569.393, 105
Trd, 4318570.343, 103
Trd, 4318571.893, 103
Trd, 4318572.943, 101
Trd, 4318573.093, 101
Trd, 4318573.443, 104
Trd, 4318575.943, 101
Trd, 4318577.093, 101
Trd, 4318579.643, 102
Trd, 4318581.893, 101
Trd, 4318585.493, 100
Trd, 4318585.643, 100
Trd, 4318586.593, 101
Trd, 4318590.543, 102
Trd, 4318591.293, 102
Trd, 4318594.043, 102
Trd, 4318594.693, 100
Trd, 4318596.493, 98
Trd, 4318597.693, 98
Trd, 4318598.043, 98
Trd, 4318599.643, 97
Trd, 4318600.393, 97
Trd, 4318601.443, 97
Trd, 4318603.743, 96
Trd, 4318605.893, 97
Trd, 4318607.393, 96
Trd, 4318608.143, 95
Trd, 4318609.893, 95
Trd, 4318611.293, 96
Trd, 4318612.593, 95
Trd, 4318612.943, 95
Trd, 4318613.343, 95
Trd, 4318613.693, 104
Trd, 4318616.893, 96
Trd, 4318618.593, 95
Trd, 4318619.193, 95
Trd, 4318621.743, 94
Trd, 4318623.343, 95
Trd, 4318623.793, 94
Trd, 4318624.193, 94
Trd, 4318624.443, 94
Trd, 4318625.193, 94
Trd, 4318628.643, 95
Trd, 4318628.743, 95
Trd, 4318629.193, 95
Trd, 4318629.693, 96
Trd, 4318632.243, 96
Trd, 4318632.743, 95
Trd, 4318633.593, 95
Trd, 4318633.793, 94
Trd, 4318637.093, 94
Trd, 4318637.793, 95
Trd, 4318638.093, 95
Trd, 4318638.693, 95
Trd, 4318639.993, 96
Trd, 4318641.243, 95
Trd, 4318642.993, 95
Trd, 4318646.143, 96
Trd, 4318646.693, 96
Trd, 4318646.743, 95
Trd, 4318647.793, 95
Trd, 4318649.393, 95
Trd, 4318649.993, 96
Trd, 4318650.543, 94
Trd, 4318653.143, 95
Trd, 4318653.843, 94
Trd, 4318654.593, 95
Trd, 4318655.543, 94
Trd, 4318656.993, 95
Trd, 4318658.143, 95
Trd, 4318659.593, 95
Trd, 4318661.643, 94
Trd, 4318662.693, 95
Trd, 4318664.943, 94
Trd, 4318666.493, 94
Trd, 4318667.143, 93
Trd, 4318667.393, 94
Trd, 4318672.843, 93
Trd, 4318674.843, 93
Trd, 4318674.993, 94
Trd, 4318676.593, 94
Trd, 4318677.493, 94
Trd, 4318677.943, 94
Trd, 4318680.043, 93
Trd, 4318681.843, 95
Trd, 4318682.693, 95
Trd, 4318683.943, 104
Trd, 4318688.293, 96
Trd, 4318689.293, 95
Trd, 4318690.793, 96
Trd, 4318690.893, 95
Trd, 4318694.543, 94
Trd, 4318696.443, 95
Trd, 4318696.593, 93
Trd, 4318700.493, 93
Trd, 4318701.493, 94
Trd, 4318702.543, 94
Trd, 4318703.243, 94
Trd, 4318705.493, 94
Trd, 4318707.793, 94
Trd, 4318707.943, 94
Trd, 4318708.693, 95
Trd, 4318710.543, 94
Trd, 4318712.793, 95
Trd, 4318714.693, 95
Trd, 4318715.393, 95
Trd, 4318716.393, 94
Trd, 4318717.243, 93
Trd, 4318717.643, 95
Trd, 4318719.743, 94
Trd, 4318720.993, 93
Trd, 4318721.793, 102
Trd, 4318726.293, 96
Trd, 4318726.893, 95
Trd, 4318727.643, 96
Trd, 4318729.543, 98
Trd, 4318731.143, 93
Trd, 4318731.243, 97
Trd, 4318733.293, 96
Trd, 4318733.393, 96
Trd, 4318735.793, 96
Trd, 4318738.443, 96
Trd, 4318739.393, 95
Trd, 4318740.493, 95
Trd, 4318740.593, 95
Trd, 4318741.493, 94
Trd, 4318743.543, 94
Trd, 4318743.993, 95
Trd, 4318745.693, 94
Trd, 4318747.243, 95
Trd, 4318749.493, 104
Trd, 4318751.193, 97
Trd, 4318751.593, 96
Trd, 4318752.643, 95
Trd, 4318753.893, 95
Trd, 4318754.293, 95
Trd, 4318754.493, 104
Trd, 4318757.793, 99
Trd, 4318758.293, 100
Trd, 4318758.943, 98
Trd, 4318759.093, 101
Trd, 4318762.043, 100
Trd, 4318763.543, 98
Trd, 4318765.493, 99
Trd, 4318768.793, 100
Trd, 4318771.443, 100
Trd, 4318772.093, 101
Trd, 4318772.243, 100
Trd, 4318773.243, 99
Trd, 4318774.043, 97
Trd, 4318775.643, 98
Trd, 4318776.193, 97
Trd, 4318780.293, 102
Trd, 4318781.943, 97
Trd, 4318782.193, 97
Trd, 4318782.343, 96
Trd, 4318785.643, 96
Trd, 4318788.443, 95
Trd, 4318788.843, 94
Trd, 4318788.993, 95
Trd, 4318789.143, 94
Trd, 4318789.943, 94
Trd, 4318790.543, 94
Trd, 4318793.393, 95
Trd, 4318797.093, 94
Trd, 4318797.293, 104
Trd, 4318798.293, 98
Trd, 4318799.343, 99
Trd, 4318800.893, 100
Trd, 4318801.343, 99
Trd, 4318802.943, 99
Trd, 4318804.693, 99
Trd, 4318807.193, 99
Trd, 4318808.193, 100
Trd, 4318808.543, 99
Trd, 4318810.993, 99
Trd, 4318812.793, 98
Trd, 4318813.093, 99
Trd, 4318815.643, 98
Trd, 4318815.943, 97
Trd, 4318816.443, 97
Trd, 4318819.093, 96
Trd, 4318822.243, 96
Trd, 4318822.643, 95
Trd, 4318822.843, 96
Trd, 4318823.393, 95
Trd, 4318824.043, 95
Trd, 4318825.543, 95
Trd, 4318825.643, 96
Trd, 4318826.493, 94
Trd, 4318827.543, 95
Trd, 4318829.693, 96
Trd, 4318832.143, 96
Trd, 4318832.543, 95
Trd, 4318834.093, 95
Trd, 4318835.793, 95
Trd, 4318837.493, 96
Trd, 4318837.943, 96
Trd, 4318838.593, 96
Trd, 4318842.293, 96
Trd, 4318842.493, 95
Trd, 4318842.993, 96
Trd, 4318843.643, 95
Trd, 4318844.593, 104
Trd, 4318850.143, 99
Trd, 4318851.743, 99
Trd, 4318853.243, 101
Trd, 4318854.643, 99
Trd, 4318855.043, 99
Trd, 4318858.643, 100
Trd, 4318859.093, 100
Trd, 4318860.343, 101
Trd, 4318862.343, 99
Trd, 4318863.843, 100
Trd, 4318864.943, 99
Trd, 4318866.793, 98
Trd, 4318867.193, 99
Trd, 4318871.343, 100
Trd, 4318871.543, 104
Trd, 4318872.743, 101
Trd, 4318873.493, 103
Trd, 4318873.793, 103
Trd, 4318873.893, 104
Trd, 4318876.143, 101
Trd, 4318878.193, 94
Trd, 4318880.093, 89
Trd, 4318880.193, 95
Trd, 4318880.643, 104
Trd, 4318881.943, 95
Trd, 4318884.443, 99
Trd, 4318885.793, 100
Trd, 4318886.943, 107
Trd, 4318888.743, 100
Trd, 4318890.693, 99
Trd, 4318891.743, 99
Trd, 4318891.843, 99
Trd, 4318893.343, 98
Trd, 4318894.693, 97
Trd, 4318895.043, 98
Trd, 4318896.343, 97
Trd, 4318899.743, 96
Trd, 4318901.193, 97
Trd, 4318902.293, 96
Trd, 4318903.193, 97
Trd, 4318904.093, 97
Trd, 4318906.493, 98
Trd, 4318906.743, 103
Trd, 4318907.943, 99
Trd, 4318908.843, 98
Trd, 4318912.393, 99
Trd, 4318913.543, 99
Trd, 4318914.543, 100
Trd, 4318915.343, 98
Trd, 4318916.943, 96
Trd, 4318917.693, 95
Trd, 4318920.143, 97
Trd, 4318920.693, 96
Trd, 4318922.793, 96
Trd, 4318923.593, 96
Trd, 4318925.093, 96
Trd, 4318925.643, 95
Trd, 4318926.343, 96
Trd, 4318929.343, 96
Trd, 4318930.093, 95
Trd, 4318930.143, 95
Trd, 4318931.043, 95
Trd, 4318932.343, 95
Trd, 4318934.543, 95
Trd, 4318937.393, 95
Trd, 4318938.643, 94
Trd, 4318938.793, 95
Trd, 4318939.493, 95
Trd, 4318943.493, 95
Trd, 4318944.543, 94
Trd, 4318946.093, 94
Trd, 4318946.743, 95
Trd, 4318948.593, 94
Trd, 4318949.093, 95
Trd, 4318951.343, 93
Trd, 4318952.143, 92
Trd, 4318952.393, 103
Trd, 4318955.443, 99
Trd, 4318956.243, 99
Trd, 4318957.093, 96
Trd, 4318959.543, 96
Trd, 4318959.793, 95
Trd, 4318961.993, 97
Trd, 4318962.593, 96
Trd, 4318963.843, 96
Trd, 4318965.543, 95
Trd, 4318966.193, 95
Trd, 4318966.643, 96
Trd, 4318969.743, 95
Trd, 4318971.543, 95
Trd, 4318972.743, 95
Trd, 4318972.893, 94
Trd, 4318976.593, 95
Trd, 4318976.943, 94
Trd, 4318978.993, 95
Trd, 4318979.493, 94
Trd, 4318981.293, 95
Trd, 4318981.393, 95
Trd, 4318981.643, 95
Trd, 4318983.893, 95
Trd, 4318986.343, 95
Trd, 4318987.593, 96
Trd, 4318987.943, 96
Trd, 4318991.743, 95
Trd, 4318992.093, 96
Trd, 4318992.793, 95
Trd, 4318994.293, 103
Trd, 4318996.043, 96
Trd, 4318996.493, 97
Trd, 4318996.943, 96
Trd, 4318998.193, 97
Trd, 4318998.243, 96
Trd, 4319001.193, 95
Trd, 4319002.793, 95
Trd, 4319003.743, 96
Trd, 4319004.893, 96
Trd, 4319007.243, 95
Trd, 4319008.193, 97
Trd, 4319008.793, 96
Trd, 4319010.843, 95
Trd, 4319011.593, 95
Trd, 4319012.393, 95
Trd, 4319012.893, 95
Trd, 4319014.443, 95
Trd, 4319014.543, 94
Trd, 4319017.143, 94
Trd, 4319020.293, 94
Trd, 4319020.443, 94
Trd, 4319023.943, 94
Trd, 4319024.293, 94
Trd, 4319025.893, 94
Trd, 4319027.893, 94
Trd, 4319029.843, 93
Trd, 4319030.943, 95
Trd, 4319031.943, 95
Trd, 4319034.593, 94
Trd, 4319034.893, 95
Trd, 4319035.343, 94
Trd, 4319036.193, 95
Trd, 4319038.743, 94
Trd, 4319039.093, 96
Trd, 4319041.343, 95
Trd, 4319042.993, 95
Trd, 4319043.293, 94
Trd, 4319046.593, 94
Trd, 4319048.293, 95
Trd, 4319048.443, 94
Trd, 4319051.293, 95
Trd, 4319051.843, 95
Trd, 4319054.293, 95
Trd, 4319055.693, 95
Trd, 4319055.793, 94
Trd, 4319056.443, 95
Trd, 4319057.443, 95
Trd, 4319059.593, 93
Trd, 4319060.743, 93
Trd, 4319061.743, 93
Trd, 4319061.843, 94
Trd, 4319065.343, 93
Trd, 4319065.393, 92
Trd, 4319065.793, 93
Trd, 4319066.893, 94
Trd, 4319068.143, 104
Trd, 4319070.543, 97
Trd, 4319071.543, 96
Trd, 4319072.593, 95
Trd, 4319073.243, 95
Trd, 4319074.093, 96
Trd, 4319077.693, 95
Trd, 4319077.743, 94
Trd, 4319078.693, 95
Trd, 4319079.243, 95
Trd, 4319079.993, 95
Trd, 4319081.693, 101
Trd, 4319084.393, 96
Trd, 4319084.893, 95
Trd, 4319086.793, 96
Trd, 4319087.993, 95
Trd, 4319089.443, 96
Trd, 4319091.593, 95
Trd, 4319091.893, 95
Trd, 4319091.993, 95
Trd, 4319094.093, 97
Trd, 4319094.193, 105
Trd, 4319096.343, 100
Trd, 4319097.093, 97
Trd, 4319098.343, 96
Trd, 4319098.393, 96
Trd, 4319099.343, 96
Trd, 4319100.043, 95
Trd, 4319103.193, 95
Trd, 4319103.843, 95
Trd, 4319104.943, 95
Trd, 4319106.343, 95
Trd, 4319107.993, 94
Trd, 4319108.093, 95
Trd, 4319108.343, 105
Trd, 4319109.693, 98
Trd, 4319112.993, 94
Trd, 4319113.593, 94
Trd, 4319117.043, 95
Trd, 4319118.843, 95
Trd, 4319119.193, 95
Trd, 4319122.043, 96
Trd, 4319122.693, 104
Trd, 4319124.343, 97
Trd, 4319124.793, 96
Trd, 4319126.693, 96
Trd, 4319127.043, 95
Trd, 4319130.043, 95
Trd, 4319131.493, 96
Trd, 4319132.443, 95
Trd, 4319132.893, 95
Trd, 4319133.593, 95
Trd, 4319134.543, 105
Trd, 4319136.943, 104
Trd, 4319138.343, 103
Trd, 4319138.593, 112
Trd, 4319139.393, 102
Trd, 4319142.843, 103
Trd, 4319144.643, 103
Trd, 4319145.043, 103
Trd, 4319145.793, 102
Trd, 4319146.843, 98
Trd, 4319147.693, 99
Trd, 4319148.143, 99
Trd, 4319149.343, 99
Trd, 4319153.343, 95
Trd, 4319153.893, 96
Trd, 4319154.293, 96
Trd, 4319155.843, 95
Trd, 4319155.993, 96
Trd, 4319156.943, 96
Trd, 4319157.793, 96
Trd, 4319160.643, 95
Trd, 4319161.993, 96
Trd, 4319163.893, 96
Trd, 4319164.993, 95
Trd, 4319166.543, 95
Trd, 4319167.143, 96
Trd, 4319167.343, 95
Trd, 4319168.043, 95
Trd, 4319168.093, 96
Trd, 4319169.893, 93
Trd, 4319172.043, 91
Trd, 4319173.043, 92
Trd, 4319173.543, 93
Trd, 4319175.493, 92
Trd, 4319176.893, 92
Trd, 4319178.743, 93
Trd, 4319183.693, 93
Trd, 4319184.843, 93
Trd, 4319184.993, 95
Trd, 4319186.393, 93
Trd, 4319188.143, 93
Trd, 4319191.093, 92
Trd, 4319191.643, 93
Trd, 4319195.393, 92
Trd, 4319195.843, 93
Trd, 4319196.443, 92
Trd, 4319197.293, 92
Trd, 4319197.593, 91
Trd, 4319198.543, 91
Trd, 4319202.693, 90
Trd, 4319202.943, 90
Trd, 4319204.543, 90
Trd, 4319204.993, 92
Trd, 4319207.243, 91
Trd, 4319208.543, 92
Trd, 4319211.193, 91
Trd, 4319211.893, 91
Trd, 4319213.243, 101
Trd, 4319214.143, 94
Trd, 4319215.193, 95
Trd, 4319217.543, 93
Trd, 4319219.193, 93
Trd, 4319219.343, 95
Trd, 4319221.193, 96
Trd, 4319222.343, 95
Trd, 4319222.493, 96
Trd, 4319224.293, 95
Trd, 4319225.193, 96
Trd, 4319226.843, 95
Trd, 4319229.193, 97
Trd, 4319229.393, 96
Trd, 4319230.443, 97
Trd, 4319234.593, 95
Trd, 4319234.743, 96
Trd, 4319235.093, 95
Trd, 4319235.393, 95
Trd, 4319236.093, 94
Trd, 4319236.293, 95
Trd, 4319238.543, 96
Trd, 4319240.343, 95
Trd, 4319240.843, 96
Trd, 4319245.343, 95
Trd, 4319245.443, 95
Trd, 4319245.993, 94
Trd, 4319246.893, 94
Trd, 4319251.393, 93
Trd, 4319252.193, 94
Trd, 4319252.393, 94
Trd, 4319252.843, 95
Trd, 4319254.243, 95
Trd, 4319254.343, 95
Trd, 4319258.343, 95
Trd, 4319258.443, 94
Trd, 4319259.943, 95
Trd, 4319261.943, 93
Trd, 4319262.393, 93
Trd, 4319263.393, 93
Trd, 4319263.593, 95
Trd, 4319265.593, 93
Trd, 4319266.793, 94
Trd, 4319268.543, 94
Trd, 4319269.843, 94
Trd, 4319272.543, 95
Trd, 4319274.493, 93
Trd, 4319275.343, 93
Trd, 4319275.893, 93
Trd, 4319276.643, 93
Trd, 4319279.043, 92
Trd, 4319280.193, 93
Trd, 4319281.343, 92
Trd, 4319283.143, 92
Trd, 4319283.743, 92
Trd, 4319285.993, 92
Trd, 4319287.543, 92
Trd, 4319288.843, 93
Trd, 4319291.193, 93
Trd, 4319293.343, 92
Trd, 4319294.093, 92
Trd, 4319295.293, 92
Trd, 4319298.543, 91
Trd, 4319300.143, 92
Trd, 4319300.193, 92
Trd, 4319302.143, 104
Trd, 4319304.843, 94
Trd, 4319307.743, 93
Trd, 4319309.443, 93
Trd, 4319311.593, 93
Trd, 4319311.993, 92
Trd, 4319312.493, 92
Trd, 4319313.893, 91
Trd, 4319314.543, 90
Trd, 4319314.693, 91
Trd, 4319315.693, 91
Trd, 4319317.793, 95
Trd, 4319318.943, 120
Trd, 4319320.993, 106
Trd, 4319321.293, 105
Trd, 4319321.743, 103
Trd, 4319325.193, 104
Trd, 4319326.843, 105
Trd, 4319328.093, 102
Trd, 4319329.243, 102
Trd, 4319329.593, 101
Trd, 4319330.543, 99
Trd, 4319331.143, 99
Trd, 4319333.743, 99
Trd, 4319334.643, 99
Trd, 4319335.143, 98
Trd, 4319338.643, 98
Trd, 4319339.343, 97
Trd, 4319344.693, 96
Trd, 4319345.843, 98
Trd, 4319346.693, 96
Trd, 4319347.093, 96
Trd, 4319348.893, 96
Trd, 4319349.793, 96
Trd, 4319350.543, 96
Trd, 4319352.193, 95
Trd, 4319353.943, 96
Trd, 4319355.293, 97
Trd, 4319357.743, 95
Trd, 4319358.193, 95
Trd, 4319358.443, 95
Trd, 4319358.593, 96
Trd, 4319360.493, 94
Trd, 4319360.793, 92
Trd, 4319362.993, 91
Trd, 4319363.793, 90
Trd, 4319365.143, 91
Trd, 4319365.393, 95
Trd, 4319367.793, 100
Trd, 4319369.693, 99
Trd, 4319371.093, 98
Trd, 4319372.493, 102
Trd, 4319373.393, 97
Trd, 4319374.443, 98
Trd, 4319376.143, 98
Trd, 4319379.293, 96
Trd, 4319379.493, 97
Trd, 4319382.793, 96
Trd, 4319386.243, 96
Trd, 4319386.393, 95
Trd, 4319386.443, 95
Trd, 4319386.793, 95
Trd, 4319386.943, 97
Trd, 4319389.643, 95
Trd, 4319389.843, 95
Trd, 4319390.793, 95
Trd, 4319392.243, 96
Trd, 4319393.043, 97
Trd, 4319394.643, 97
Trd, 4319397.093, 96
Trd, 4319398.993, 97
Trd, 4319399.543, 98
Trd, 4319402.443, 97
Trd, 4319404.643, 96
Trd, 4319405.893, 97
Trd, 4319406.793, 96
Trd, 4319407.443, 95
Trd, 4319408.043, 95
Trd, 4319409.593, 95
Trd, 4319412.393, 95
Trd, 4319412.743, 95
Trd, 4319412.893, 96
Trd, 4319415.493, 95
Trd, 4319416.293, 95
Trd, 4319417.993, 94
Trd, 4319419.743, 96
Trd, 4319420.793, 95
Trd, 4319422.543, 95
Trd, 4319423.243, 94
Trd, 4319423.543, 94
Trd, 4319424.193, 104
Trd, 4319426.743, 95
Trd, 4319427.843, 95
Trd, 4319429.493, 96
Trd, 4319430.543, 98
Trd, 4319432.043, 97
Trd, 4319432.343, 97
Trd, 4319433.393, 97
Trd, 4319437.143, 97
Trd, 4319438.393, 96
Trd, 4319440.543, 97
Trd, 4319441.343, 98
Trd, 4319444.293, 96
Trd, 4319445.043, 96
Trd, 4319445.143, 96
Trd, 4319446.843, 97
Trd, 4319449.293, 97
Trd, 4319449.793, 98
Trd, 4319451.893, 97
Trd, 4319452.343, 97
Trd, 4319453.293, 97
Trd, 4319454.593, 102
Trd, 4319456.193, 97
Trd, 4319458.393, 99
Trd, 4319459.793, 96
Trd, 4319460.343, 96
Trd, 4319461.243, 97
Trd, 4319463.143, 97
Trd, 4319463.793, 97
Trd, 4319464.893, 98
Trd, 4319465.943, 97
Trd, 4319469.143, 98
Trd, 4319469.393, 97
Trd, 4319469.693, 98
Trd, 4319473.043, 98
Trd, 4319474.293, 97
Trd, 4319475.193, 96
Trd, 4319475.443, 95
Trd, 4319476.093, 94
Trd, 4319479.443, 95
Trd, 4319480.493, 95
Trd, 4319481.193, 95
Trd, 4319483.293, 94
Trd, 4319483.493, 95
Trd, 4319485.693, 95
Trd, 4319485.793, 94
Trd, 4319486.943, 95
Trd, 4319488.043, 95
Trd, 4319489.643, 94
Trd, 4319492.243, 93
Trd, 4319492.843, 94
Trd, 4319494.643, 94
Trd, 4319496.343, 94
Trd, 4319496.893, 93
Trd, 4319499.043, 94
Trd, 4319500.793, 92
Trd, 4319500.993, 93
Trd, 4319502.543, 93
Trd, 4319503.243, 93
Trd, 4319503.593, 94
Trd, 4319507.143, 95
Trd, 4319508.343, 102
Trd, 4319510.743, 95
Trd, 4319510.793, 94
Trd, 4319513.243, 95
Trd, 4319513.843, 94
Trd, 4319514.793, 95
Trd, 4319517.393, 94
Trd, 4319518.893, 94
Trd, 4319519.043, 93
Trd, 4319520.893, 94
Trd, 4319522.243, 94
Trd, 4319522.943, 95
Trd, 4319524.143, 95
Trd, 4319525.743, 96
Trd, 4319528.193, 95
Trd, 4319528.693, 95
Trd, 4319529.043, 96
Trd, 4319529.393, 104
Trd, 4319532.593, 97
Trd, 4319534.143, 97
Trd, 4319535.043, 96
Trd, 4319535.743, 95
Trd, 4319535.893, 95
Trd, 4319538.293, 94
Trd, 4319540.793, 94
Trd, 4319541.193, 94
Trd, 4319544.343, 94
Trd, 4319545.093, 94
Trd, 4319545.243, 93
Trd, 4319545.793, 94
Trd, 4319548.743, 94
Trd, 4319549.043, 94
Trd, 4319550.943, 94
Trd, 4319553.593, 94
Trd, 4319554.093, 94
Trd, 4319555.143, 95
Trd, 4319556.943, 94
Trd, 4319558.943, 95
Trd, 4319560.943, 94
Trd, 4319561.343, 95
Trd, 4319563.093, 96
Trd, 4319564.393, 97
Trd, 4319564.743, 96
Trd, 4319564.843, 97
Trd, 4319567.043, 95
Trd, 4319567.443, 94
Trd, 4319570.443, 85
Trd, 4319570.743, 86
Trd, 4319571.143, 85
Trd, 4319572.193, 85
Trd, 4319573.143, 86
Trd, 4319574.043, 88
Trd, 4319574.393, 104
Trd, 4319577.193, 88
Trd, 4319578.593, 87
Trd, 4319579.243, 88
Trd, 4319579.893, 95
Trd, 4319584.143, 91
Trd, 4319585.443, 92
Trd, 4319587.893, 90
Trd, 4319587.943, 89
Trd, 4319591.043, 92
Trd, 4319591.943, 91
Trd, 4319592.693, 92
Trd, 4319593.893, 92
Trd, 4319595.293, 93
Trd, 4319596.143, 100
Trd, 4319597.993, 96
Trd, 4319599.793, 95
Trd, 4319601.843, 97
Trd, 4319603.393, 98
Trd, 4319603.643, 98
Trd, 4319603.843, 98
Trd, 4319606.293, 98
Trd, 4319606.693, 99
Trd, 4319608.343, 97
Trd, 4319609.393, 96
Trd, 4319611.043, 96
Trd, 4319613.343, 97
Trd, 4319614.343, 96
Trd, 4319615.643, 96
Trd, 4319617.893, 95
Trd, 4319618.143, 95
Trd, 4319619.343, 94
Trd, 4319620.343, 95
Trd, 4319621.243, 94
Trd, 4319622.793, 94
Trd, 4319625.093, 94
Trd, 4319625.443, 94
Trd, 4319626.543, 95
Trd, 4319626.843, 104
Trd, 4319628.343, 96
Trd, 4319629.493, 95
Trd, 4319630.893, 96
Trd, 4319632.093, 94
Trd, 4319634.093, 92
Trd, 4319635.793, 94
Trd, 4319637.593, 103
Trd, 4319640.043, 95
Trd, 4319642.093, 95
Trd, 4319643.793, 94
Trd, 4319644.043, 94
Trd, 4319644.443, 93
Trd, 4319646.743, 92
Trd, 4319648.993, 93
Trd, 4319650.543, 93
Trd, 4319650.993, 94
Trd, 4319655.893, 93
Trd, 4319657.193, 93
Trd, 4319658.793, 92
Trd, 4319659.593, 93
Trd, 4319659.993, 93
Trd, 4319661.043, 92
Trd, 4319661.743, 95
Trd, 4319663.743, 94
Trd, 4319664.093, 93
Trd, 4319667.093, 95
Trd, 4319667.143, 94
Trd, 4319669.693, 92
Trd, 4319670.993, 93
Trd, 4319671.193, 94
Trd, 4319671.843, 94
Trd, 4319674.843, 94
Trd, 4319676.093, 93
Trd, 4319677.043, 94
Trd, 4319679.843, 92
Trd, 4319680.193, 94
Trd, 4319680.243, 92
Trd, 4319681.143, 104
Trd, 4319684.243, 97
Trd, 4319684.343, 97
Trd, 4319684.693, 96
Trd, 4319687.843, 95
Trd, 4319688.343, 96
Trd, 4319688.543, 97
Trd, 4319692.393, 96
Trd, 4319692.743, 96
Trd, 4319697.293, 95
Trd, 4319698.193, 96
Trd, 4319698.243, 96
Trd, 4319702.343, 96
Trd, 4319702.443, 96
Trd, 4319703.593, 95
Trd, 4319704.643, 95
Trd, 4319705.693, 95
Trd, 4319708.343, 90
Trd, 4319708.843, 93
Trd, 4319708.993, 93
Trd, 4319709.393, 104
Trd, 4319710.293, 117
Trd, 4319714.843, 97
Trd, 4319715.543, 97
Trd, 4319716.943, 97
Trd, 4319717.343, 97
Trd, 4319719.843, 96
Trd, 4319720.593, 95
Trd, 4319720.643, 95
Trd, 4319722.493, 94
Trd, 4319722.943, 93
Trd, 4319722.993, 94
Trd, 4319726.043, 91
Trd, 4319726.393, 92
Trd, 4319727.093, 93
Trd, 4319729.143, 93
Trd, 4319730.293, 95
Trd, 4319731.593, 94
Trd, 4319733.443, 95
Trd, 4319737.593, 95
Trd, 4319737.793, 95
Trd, 4319738.593, 94
Trd, 4319739.493, 93
Trd, 4319740.693, 96
Trd, 4319743.243, 94
Trd, 4319746.043, 94
Trd, 4319746.793, 94
Trd, 4319748.093, 95
Trd, 4319749.393, 95
Trd, 4319750.693, 95
Trd, 4319751.243, 95
Trd, 4319752.143, 94
Trd, 4319754.043, 93
Trd, 4319754.493, 93
Trd, 4319756.193, 95
Trd, 4319756.543, 94
Trd, 4319758.493, 94
Trd, 4319759.493, 104
Trd, 4319760.943, 95
Trd, 4319763.943, 96
Trd, 4319764.893, 95
Trd, 4319765.093, 96
Trd, 4319767.993, 94
Trd, 4319769.193, 95
Trd, 4319771.693, 95
Trd, 4319771.943, 95
Trd, 4319772.493, 94
Trd, 4319773.593, 94
Trd, 4319774.193, 95
Trd, 4319774.843, 94
Trd, 4319775.743, 103
Trd, 4319778.593, 97
Trd, 4319779.093, 95
Trd, 4319779.543, 96
Trd, 4319782.143, 96
Trd, 4319783.193, 95
Trd, 4319787.193, 95
Trd, 4319787.343, 94
Trd, 4319789.743, 104
Trd, 4319790.943, 108
Trd, 4319792.043, 109
Trd, 4319793.143, 105
Trd, 4319793.893, 105
Trd, 4319795.643, 104
Trd, 4319795.993, 103
Trd, 4319797.343, 102
Trd, 4319800.543, 102
Trd, 4319800.643, 102
Trd, 4319802.443, 101
Trd, 4319803.793, 100
Trd, 4319805.243, 97
Trd, 4319806.693, 98
Trd, 4319807.893, 97
Trd, 4319808.493, 98
Trd, 4319808.743, 97
Trd, 4319811.393, 96
Trd, 4319811.793, 97
Trd, 4319812.943, 95
Trd, 4319813.793, 96
Trd, 4319815.043, 95
Trd, 4319815.393, 96
Trd, 4319817.043, 95
Trd, 4319819.843, 95
Trd, 4319819.993, 95
Trd, 4319820.943, 94
Trd, 4319823.343, 93
Trd, 4319825.693, 93
Trd, 4319825.793, 94
Trd, 4319827.093, 95
Trd, 4319827.743, 101
Trd, 4319829.693, 96
Trd, 4319831.093, 96
Trd, 4319832.093, 95
Trd, 4319832.993, 95
Trd, 4319834.043, 95
Trd, 4319837.043, 96
Trd, 4319837.893, 96
Trd, 4319840.093, 97
Trd, 4319840.593, 96
Trd, 4319841.143, 103
Trd, 4319845.143, 101
Trd, 4319846.443, 99
Trd, 4319848.593, 99
Trd, 4319849.743, 98
Trd, 4319849.993, 98
Trd, 4319852.793, 99
Trd, 4319853.593, 97
Trd, 4319854.493, 97
Trd, 4319857.643, 96
Trd, 4319857.893, 97
Trd, 4319859.093, 96
Trd, 4319859.493, 95
Trd, 4319861.643, 96
Trd, 4319863.093, 95
Trd, 4319864.143, 96
Trd, 4319867.043, 95
Trd, 4319867.193, 95
Trd, 4319868.143, 104
Trd, 4319869.393, 97
Trd, 4319870.493, 96
Trd, 4319871.643, 95
Trd, 4319871.993, 95
Trd, 4319873.993, 95
Trd, 4319875.543, 95
Trd, 4319878.793, 94
Trd, 4319879.893, 95
Trd, 4319881.193, 95
Trd, 4319881.243, 95
Trd, 4319883.293, 95
Trd, 4319884.043, 95
Trd, 4319886.843, 95
Trd, 4319886.943, 94
Trd, 4319888.443, 95
Trd, 4319889.993, 95
Trd, 4319891.443, 101
Trd, 4319894.043, 96
Trd, 4319894.193, 95
Trd, 4319894.343, 95
Trd, 4319895.443, 97
Trd, 4319899.093, 96
Trd, 4319901.093, 95
Trd, 4319901.293, 95
Trd, 4319901.393, 95
Trd, 4319902.193, 95
Trd, 4319903.493, 94
Trd, 4319903.793, 95
Trd, 4319905.393, 104
Trd, 4319906.643, 100
Trd, 4319907.493, 100
Trd, 4319908.643, 99
Trd, 4319909.743, 99
Trd, 4319910.993, 97
Trd, 4319912.843, 97
Trd, 4319913.243, 97
Trd, 4319913.293, 98
Trd, 4319914.843, 96
Trd, 4319917.443, 95
Trd, 4319917.943, 95
Trd, 4319919.843, 94
Trd, 4319921.393, 95
Trd, 4319921.893, 96
Trd, 4319922.543, 95
Trd, 4319924.343, 94
Trd, 4319924.443, 95
Trd, 4319928.243, 95
Trd, 4319928.443, 95
Trd, 4319929.643, 95
Trd, 4319930.943, 94
Trd, 4319934.543, 94
Trd, 4319934.593, 94
Trd, 4319937.243, 93
Trd, 4319939.043, 94
Trd, 4319939.693, 93
Trd, 4319941.743, 94
Trd, 4319941.893, 93
Trd, 4319942.093, 92
Trd, 4319945.593, 94
Trd, 4319946.943, 96
Trd, 4319947.143, 95
Trd, 4319947.693, 95
Trd, 4319950.093, 95
Trd, 4319950.293, 101
Trd, 4319954.843, 96
Trd, 4319955.993, 95
Trd, 4319956.443, 96
Trd, 4319958.793, 95
Trd, 4319960.293, 95
Trd, 4319961.543, 96
Trd, 4319962.293, 96
Trd, 4319963.543, 95
Trd, 4319963.993, 95
Trd, 4319967.393, 95
Trd, 4319968.743, 96
Trd, 4319969.243, 96
Trd, 4319969.743, 95
Trd, 4319971.043, 95
Trd, 4319972.093, 95
Trd, 4319972.743, 96
Trd, 4319975.093, 95
Trd, 4319977.393, 95
Trd, 4319978.043, 96
Trd, 4319978.493, 95
Trd, 4319979.993, 95
Trd, 4319980.993, 95
Trd, 4319981.143, 96
Trd, 4319984.943, 95
Trd, 4319985.993, 95
Trd, 4319986.043, 94
Trd, 4319987.843, 95
Trd, 4319987.943, 102
Trd, 4319991.043, 94
Trd, 4319993.943, 95
Trd, 4319994.443, 95
Trd, 4319997.143, 95
Trd, 4319997.793, 95
Trd, 4319998.693, 94
