Trd, 4317804.993, 90
Trd, 4317807.093, 90
Trd, 4317809.843, 89
Trd, 4317810.243, 89
Trd, 4317810.343, 85
Trd, 4317812.793, 89
Trd, 4317815.393, 89
Trd, 4317815.843, 90
Trd, 4317818.543, 86
Trd, 4317819.143, 88
Trd, 4317820.443, 95
Trd, 4317822.643, 91
Trd, 4317822.793, 89
Trd, 4317824.993, 91
Trd, 4317825.743, 89
Trd, 4317825.943, 91
Trd, 4317828.443, 91
Trd, 4317830.893, 90
Trd, 4317832.043, 92
Trd, 4317833.993, 89
Trd, 4317836.943, 91
Trd, 4317837.543, 91
Trd, 4317837.843, 92
Trd, 4317839.743, 89
Trd, 4317841.243, 88
Trd, 4317842.493, 92
Trd, 4317843.543, 91
Trd, 4317844.943, 91
Trd, 4317847.193, 87
Trd, 4317849.193, 86
Trd, 4317849.893, 88
Trd, 4317850.293, 90
Trd, 4317853.543, 86
Trd, 4317856.543, 88
Trd, 4317857.043, 87
Trd, 4317857.443, 101
Trd, 4317860.243, 98
Trd, 4317861.143, 94
Trd, 4317862.993, 95
Trd, 4317864.293, 93
Trd, 4317865.293, 94
Trd, 4317865.943, 96
Trd, 4317866.293, 101
Trd, 4317868.643, 97
Trd, 4317868.893, 97
Trd, 4317869.693, 96
Trd, 4317869.993, 98
Trd, 4317870.343, 104
Trd, 4317872.093, 100
Trd, 4317872.693, 95
Trd, 4317877.543, 97
Trd, 4317878.493, 96
Trd, 4317878.543, 95
Trd, 4317878.793, 97
Trd, 4317884.043, 95
Trd, 4317884.343, 97
Trd, 4317889.893, 94
Trd, 4317890.343, 97
Trd, 4317891.443, 98
Trd, 4317891.543, 97
Trd, 4317893.243, 94
Trd, 4317893.643, 96
Trd, 4317895.493, 97
Trd, 4317896.243, 98
Trd, 4317899.243, 94
Trd, 4317900.243, 97
Trd, 4317900.893, 97
Trd, 4317900.943, 93
Trd, 4317901.593, 97
Trd, 4317905.893, 96
Trd, 4317909.043, 95
Trd, 4317910.443, 92
Trd, 4317911.943, 91
Trd, 4317913.243, 94
Trd, 4317915.243, 90
Trd, 4317917.543, 93
Trd, 4317919.743, 91
Trd, 4317920.843, 91
Trd, 4317921.243, 95
Trd, 4317923.643, 93
Trd, 4317924.493, 112
Trd, 4317924.893, 103
Trd, 4317925.893, 100
Trd, 4317926.093, 98
Trd, 4317926.693, 97
Trd, 4317927.143, 94
Trd, 4317930.543, 106
Trd, 4317933.143, 92
Trd, 4317933.943, 86
Trd, 4317935.493, 97
Trd, 4317936.893, 109
Trd, 4317937.343, 94
Trd, 4317938.893, 101
Trd, 4317943.043, 96
Trd, 4317943.393, 100
Trd, 4317945.043, 100
Trd, 4317948.993, 96
Trd, 4317949.843, 99
Trd, 4317951.193, 99
Trd, 4317954.443, 98
Trd, 4317955.443, 99
Trd, 4317955.493, 95
Trd, 4317958.893, 97
Trd, 4317959.893, 94
Trd, 4317960.343, 98
Trd, 4317963.093, 95
Trd, 4317966.293, 95
Trd, 4317968.593, 97
Trd, 4317968.993, 97
Trd, 4317970.093, 97
Trd, 4317972.593, 98
Trd, 4317974.593, 94
Trd, 4317976.793, 93
Trd, 4317978.293, 96
Trd, 4317978.893, 96
Trd, 4317979.243, 96
Trd, 4317981.993, 94
Trd, 4317982.693, 96
Trd, 4317984.193, 95
Trd, 4317984.593, 95
Trd, 4317988.793, 93
Trd, 4317990.543, 94
Trd, 4317991.693, 94
Trd, 4317992.193, 93
Trd, 4317993.543, 94
Trd, 4317995.193, 92
Trd, 4317997.843, 94
Trd, 4317998.643, 95
Trd, 4317998.793, 91
Trd, 4318002.093, 95
Trd, 4318003.143, 94
Trd, 4318005.393, 91
Trd, 4318008.243, 93
Trd, 4318010.393, 90
Trd, 4318011.643, 93
Trd, 4318013.343, 93
Trd, 4318014.393, 90
Trd, 4318016.143, 93
Trd, 4318018.543, 92
Trd, 4318020.743, 92
Trd, 4318021.043, 89
Trd, 4318022.593, 89
Trd, 4318022.843, 91
Trd, 4318027.043, 91
Trd, 4318028.393, 91
Trd, 4318028.443, 88
Trd, 4318031.443, 91
Trd, 4318031.643, 90
Trd, 4318034.793, 91
Trd, 4318035.393, 88
Trd, 4318036.043, 90
Trd, 4318036.293, 91
Trd, 4318040.593, 91
Trd, 4318041.193, 88
Trd, 4318043.343, 90
Trd, 4318044.693, 90
Trd, 4318046.493, 88
Trd, 4318047.893, 95
Trd, 4318051.393, 91
Trd, 4318052.293, 90
Trd, 4318052.393, 87
Trd, 4318052.443, 96
Trd, 4318054.343, 87
Trd, 4318056.193, 91
Trd, 4318057.393, 91
Trd, 4318059.493, 90
Trd, 4318061.293, 90
Trd, 4318062.593, 90
Trd, 4318063.693, 90
Trd, 4318064.243, 90
Trd, 4318065.143, 89
Trd, 4318067.543, 91
Trd, 4318070.293, 88
Trd, 4318072.093, 91
Trd, 4318072.493, 92
Trd, 4318076.293, 91
Trd, 4318078.043, 86
Trd, 4318078.143, 92
Trd, 4318080.193, 92
Trd, 4318080.343, 88
Trd, 4318083.093, 91
Trd, 4318083.543, 91
Trd, 4318083.793, 96
Trd, 4318087.043, 92
Trd, 4318088.043, 88
Trd, 4318088.943, 92
Trd, 4318090.493, 87
Trd, 4318092.493, 91
Trd, 4318094.343, 85
Trd, 4318099.643, 90
Trd, 4318101.043, 90
Trd, 4318101.143, 91
Trd, 4318103.943, 86
Trd, 4318104.493, 90
Trd, 4318105.143, 89
Trd, 4318105.793, 88
Trd, 4318108.243, 90
Trd, 4318110.743, 90
Trd, 4318111.593, 90
Trd, 4318112.193, 87
Trd, 4318114.343, 90
Trd, 4318115.243, 95
Trd, 4318117.493, 88
Trd, 4318117.943, 96
Trd, 4318120.343, 88
Trd, 4318121.843, 90
Trd, 4318123.693, 90
Trd, 4318124.843, 91
Trd, 4318128.143, 90
Trd, 4318128.743, 91
Trd, 4318130.043, 93
Trd, 4318132.693, 93
Trd, 4318134.493, 91
Trd, 4318138.893, 90
Trd, 4318138.993, 92
Trd, 4318142.593, 89
Trd, 4318143.343, 91
Trd, 4318144.443, 91
Trd, 4318144.943, 96
Trd, 4318147.993, 90
Trd, 4318150.043, 90
Trd, 4318150.743, 93
Trd, 4318152.593, 93
Trd, 4318154.093, 93
Trd, 4318155.293, 89
Trd, 4318158.793, 92
Trd, 4318158.993, 92
Trd, 4318160.943, 89
Trd, 4318164.693, 91
Trd, 4318164.843, 91
Trd, 4318166.193, 95
Trd, 4318168.093, 92
Trd, 4318168.643, 89
Trd, 4318171.693, 88
Trd, 4318172.593, 92
Trd, 4318173.193, 92
Trd, 4318174.093, 93
Trd, 4318175.693, 86
Trd, 4318179.943, 92
Trd, 4318181.243, 92
Trd, 4318182.193, 90
Trd, 4318185.143, 91
Trd, 4318185.293, 90
Trd, 4318185.743, 88
Trd, 4318187.443, 91
Trd, 4318187.693, 91
Trd, 4318191.093, 106
Trd, 4318191.843, 88
Trd, 4318195.243, 87
Trd, 4318197.643, 95
Trd, 4318198.143, 95
Trd, 4318199.893, 91
Trd, 4318200.393, 93
Trd, 4318201.593, 92
Trd, 4318203.793, 90
Trd, 4318204.593, 91
Trd, 4318205.993, 92
Trd, 4318208.693, 89
Trd, 4318212.843, 92
Trd, 4318213.393, 92
Trd, 4318213.693, 88
Trd, 4318216.243, 92
Trd, 4318216.793, 95
Trd, 4318216.843, 107
Trd, 4318218.493, 87
Trd, 4318222.793, 93
Trd, 4318224.893, 94
Trd, 4318225.143, 91
Trd, 4318227.493, 94
Trd, 4318228.393, 90
Trd, 4318229.693, 94
Trd, 4318230.943, 95
Trd, 4318232.843, 89
Trd, 4318235.543, 93
Trd, 4318238.643, 91
Trd, 4318241.043, 89
Trd, 4318241.243, 91
Trd, 4318241.593, 87
Trd, 4318242.693, 91
Trd, 4318243.643, 85
Trd, 4318244.093, 95
Trd, 4318244.543, 98
Trd, 4318246.093, 94
Trd, 4318246.793, 119
Trd, 4318248.943, 101
Trd, 4318249.743, 96
Trd, 4318253.143, 104
Trd, 4318256.543, 98
Trd, 4318257.693, 96
Trd, 4318258.593, 98
Trd, 4318260.093, 97
Trd, 4318265.493, 96
Trd, 4318265.693, 96
Trd, 4318265.943, 95
Trd, 4318271.043, 94
Trd, 4318273.493, 96
Trd, 4318273.543, 96
Trd, 4318275.043, 93
Trd, 4318276.143, 95
Trd, 4318276.693, 95
Trd, 4318277.093, 93
Trd, 4318277.643, 94
Trd, 4318282.293, 94
Trd, 4318285.093, 94
Trd, 4318285.343, 92
Trd, 4318286.443, 95
Trd, 4318291.593, 95
Trd, 4318292.243, 95
Trd, 4318292.593, 91
Trd, 4318293.393, 96
Trd, 4318294.093, 90
Trd, 4318298.543, 89
Trd, 4318298.893, 95
Trd, 4318303.193, 88
Trd, 4318304.193, 95
Trd, 4318304.393, 95
Trd, 4318305.393, 96
Trd, 4318307.443, 96
Trd, 4318310.443, 92
Trd, 4318312.193, 92
Trd, 4318313.143, 92
Trd, 4318314.193, 92
Trd, 4318318.593, 91
Trd, 4318320.143, 90
Trd, 4318323.293, 92
Trd, 4318324.043, 92
Trd, 4318324.593, 89
Trd, 4318326.793, 91
Trd, 4318327.593, 92
Trd, 4318328.143, 91
Trd, 4318330.343, 89
Trd, 4318331.743, 89
Trd, 4318334.043, 91
Trd, 4318335.243, 89
Trd, 4318336.693, 91
Trd, 4318339.143, 89
Trd, 4318339.693, 88
Trd, 4318340.493, 88
Trd, 4318340.593, 89
Trd, 4318342.993, 87
Trd, 4318344.143, 92
Trd, 4318344.693, 91
Trd, 4318346.693, 89
Trd, 4318348.943, 89
Trd, 4318351.493, 88
Trd, 4318354.043, 89
Trd, 4318354.543, 89
Trd, 4318354.743, 90
Trd, 4318355.143, 87
Trd, 4318357.393, 90
Trd, 4318358.793, 89
Trd, 4318359.893, 90
Trd, 4318361.243, 90
Trd, 4318362.543, 90
Trd, 4318363.243, 89
Trd, 4318363.343, 95
Trd, 4318363.793, 88
Trd, 4318364.693, 92
Trd, 4318367.793, 93
Trd, 4318369.243, 93
Trd, 4318369.593, 95
Trd, 4318370.543, 88
Trd, 4318372.743, 91
Trd, 4318375.843, 89
Trd, 4318376.843, 92
Trd, 4318378.243, 92
Trd, 4318379.193, 93
Trd, 4318380.843, 112
Trd, 4318380.993, 105
Trd, 4318382.293, 117
Trd, 4318385.193, 103
Trd, 4318386.793, 105
Trd, 4318391.243, 103
Trd, 4318392.193, 102
Trd, 4318393.493, 101
Trd, 4318394.543, 103
Trd, 4318396.943, 103
Trd, 4318397.393, 100
Trd, 4318398.343, 97
Trd, 4318401.043, 96
Trd, 4318401.543, 114
Trd, 4318405.293, 99
Trd, 4318405.343, 101
Trd, 4318406.343, 94
Trd, 4318406.943, 100
Trd, 4318408.893, 99
Trd, 4318410.293, 98
Trd, 4318411.343, 99
Trd, 4318411.843, 98
Trd, 4318413.343, 94
Trd, 4318415.043, 93
Trd, 4318416.843, 94
Trd, 4318419.593, 91
Trd, 4318420.543, 93
Trd, 4318420.893, 93
Trd, 4318421.143, 90
Trd, 4318423.693, 92
Trd, 4318425.293, 91
Trd, 4318426.993, 90
Trd, 4318427.693, 89
Trd, 4318428.343, 91
Trd, 4318431.843, 95
Trd, 4318432.743, 93
Trd, 4318436.843, 107
Trd, 4318438.093, 98
Trd, 4318438.543, 98
Trd, 4318438.743, 97
Trd, 4318439.093, 91
Trd, 4318440.543, 86
Trd, 4318440.943, 96
Trd, 4318443.093, 96
Trd, 4318443.343, 96
Trd, 4318448.693, 93
Trd, 4318450.943, 95
Trd, 4318451.843, 94
Trd, 4318452.143, 93
Trd, 4318452.393, 96
Trd, 4318457.193, 95
Trd, 4318457.493, 93
Trd, 4318458.193, 93
Trd, 4318460.493, 92
Trd, 4318461.043, 94
Trd, 4318461.593, 92
Trd, 4318463.343, 93
Trd, 4318463.693, 93
Trd, 4318470.493, 91
Trd, 4318471.093, 93
Trd, 4318473.043, 91
Trd, 4318475.593, 93
Trd, 4318477.393, 93
Trd, 4318479.493, 93
Trd, 4318481.193, 92
Trd, 4318481.293, 91
Trd, 4318482.543, 89
Trd, 4318485.543, 91
Trd, 4318488.743, 89
Trd, 4318490.093, 91
Trd, 4318490.993, 91
Trd, 4318495.143, 88
Trd, 4318495.743, 89
Trd, 4318496.093, 89
Trd, 4318497.643, 89
Trd, 4318497.693, 87
Trd, 4318499.943, 88
Trd, 4318502.143, 86
Trd, 4318502.193, 87
Trd, 4318502.493, 95
Trd, 4318502.943, 117
Trd, 4318504.143, 112
Trd, 4318505.593, 97
Trd, 4318506.543, 100
Trd, 4318509.893, 97
Trd, 4318510.343, 96
Trd, 4318510.943, 85
Trd, 4318511.593, 118
Trd, 4318511.943, 100
Trd, 4318514.193, 100
Trd, 4318514.443, 85
Trd, 4318515.543, 95
Trd, 4318516.643, 95
Trd, 4318516.943, 94
Trd, 4318517.043, 86
Trd, 4318519.093, 89
Trd, 4318519.193, 94
Trd, 4318521.743, 95
Trd, 4318521.993, 92
Trd, 4318523.943, 94
Trd, 4318524.193, 96
Trd, 4318524.793, 93
Trd, 4318528.893, 92
Trd, 4318530.443, 89
Trd, 4318530.643, 90
Trd, 4318530.893, 91
Trd, 4318534.993, 89
Trd, 4318535.443, 90
Trd, 4318536.393, 90
Trd, 4318538.093, 95
Trd, 4318539.693, 88
Trd, 4318540.943, 92
Trd, 4318544.193, 92
Trd, 4318547.293, 88
Trd, 4318547.493, 92
Trd, 4318548.793, 92
Trd, 4318548.843, 92
Trd, 4318550.343, 88
Trd, 4318551.293, 93
Trd, 4318554.193, 87
Trd, 4318555.343, 91
Trd, 4318556.493, 91
Trd, 4318559.943, 88
Trd, 4318560.293, 92
Trd, 4318563.793, 92
Trd, 4318565.343, 87
Trd, 4318566.243, 91
Trd, 4318571.443, 91
Trd, 4318574.093, 90
Trd, 4318575.643, 91
Trd, 4318576.093, 91
Trd, 4318576.343, 90
Trd, 4318576.543, 89
Trd, 4318577.643, 133
Trd, 4318581.243, 95
Trd, 4318582.793, 98
Trd, 4318582.843, 98
Trd, 4318586.593, 98
Trd, 4318588.343, 93
Trd, 4318589.793, 97
Trd, 4318590.243, 97
Trd, 4318592.293, 92
Trd, 4318593.693, 95
Trd, 4318594.593, 95
Trd, 4318596.493, 92
Trd, 4318598.543, 91
Trd, 4318600.093, 93
Trd, 4318602.243, 91
Trd, 4318602.593, 90
Trd, 4318604.043, 89
Trd, 4318607.443, 90
Trd, 4318607.643, 90
Trd, 4318608.343, 92
Trd, 4318609.693, 95
Trd, 4318611.793, 94
Trd, 4318612.043, 99
Trd, 4318613.693, 93
Trd, 4318615.043, 97
Trd, 4318618.043, 94
Trd, 4318620.193, 94
Trd, 4318620.443, 96
Trd, 4318622.093, 95
Trd, 4318623.343, 94
Trd, 4318625.193, 95
Trd, 4318627.593, 93
Trd, 4318627.643, 95
Trd, 4318627.843, 95
Trd, 4318631.393, 95
Trd, 4318634.243, 94
Trd, 4318634.693, 96
Trd, 4318636.043, 93
Trd, 4318640.993, 95
Trd, 4318642.743, 93
Trd, 4318644.293, 95
Trd, 4318647.293, 94
Trd, 4318648.943, 92
Trd, 4318650.193, 94
Trd, 4318652.593, 92
Trd, 4318654.593, 94
Trd, 4318654.793, 91
Trd, 4318656.893, 94
Trd, 4318658.443, 94
Trd, 4318659.693, 94
Trd, 4318662.043, 91
Trd, 4318663.293, 94
Trd, 4318664.843, 86
Trd, 4318665.243, 89
Trd, 4318666.693, 90
Trd, 4318668.143, 89
Trd, 4318669.493, 89
Trd, 4318670.343, 95
Trd, 4318671.743, 90
Trd, 4318673.193, 89
Trd, 4318674.443, 92
Trd, 4318675.043, 78
Trd, 4318675.493, 85
Trd, 4318676.443, 86
Trd, 4318676.793, 95
Trd, 4318677.943, 90
Trd, 4318678.843, 90
Trd, 4318682.243, 112
Trd, 4318684.093, 98
Trd, 4318684.493, 96
Trd, 4318684.543, 92
Trd, 4318685.893, 97
Trd, 4318688.343, 97
Trd, 4318688.843, 93
Trd, 4318689.793, 98
Trd, 4318691.293, 99
Trd, 4318691.443, 114
Trd, 4318693.943, 94
Trd, 4318694.243, 101
Trd, 4318698.093, 100
Trd, 4318699.693, 101
Trd, 4318701.543, 101
Trd, 4318702.143, 86
Trd, 4318703.143, 101
Trd, 4318704.893, 101
Trd, 4318707.943, 94
Trd, 4318711.243, 96
Trd, 4318711.543, 96
Trd, 4318712.643, 94
Trd, 4318717.093, 93
Trd, 4318717.143, 95
Trd, 4318717.293, 97
Trd, 4318717.743, 98
Trd, 4318720.493, 98
Trd, 4318724.493, 98
Trd, 4318725.743, 98
Trd, 4318725.793, 98
Trd, 4318726.143, 92
Trd, 4318729.193, 97
Trd, 4318729.593, 96
Trd, 4318730.393, 97
Trd, 4318733.043, 91
Trd, 4318735.543, 94
Trd, 4318735.793, 94
Trd, 4318738.243, 93
Trd, 4318739.393, 93
Trd, 4318741.793, 90
Trd, 4318742.893, 92
Trd, 4318743.843, 89
Trd, 4318744.543, 92
Trd, 4318747.693, 90
Trd, 4318749.193, 92
Trd, 4318750.443, 95
Trd, 4318750.893, 102
Trd, 4318752.843, 96
Trd, 4318753.493, 91
Trd, 4318754.343, 108
Trd, 4318755.193, 97
Trd, 4318756.593, 96
Trd, 4318757.243, 97
Trd, 4318760.193, 96
Trd, 4318763.743, 96
Trd, 4318765.943, 96
Trd, 4318766.443, 95
Trd, 4318767.243, 110
Trd, 4318767.593, 95
Trd, 4318772.293, 101
Trd, 4318773.593, 100
Trd, 4318776.593, 99
Trd, 4318776.893, 100
Trd, 4318777.643, 98
Trd, 4318778.793, 99
Trd, 4318780.393, 97
Trd, 4318781.143, 100
Trd, 4318783.393, 94
Trd, 4318789.743, 95
Trd, 4318790.893, 97
Trd, 4318795.243, 94
Trd, 4318795.643, 96
Trd, 4318796.143, 96
Trd, 4318799.293, 96
Trd, 4318799.593, 96
Trd, 4318803.193, 93
Trd, 4318804.243, 95
Trd, 4318804.393, 96
Trd, 4318809.443, 92
Trd, 4318810.593, 94
Trd, 4318812.293, 94
Trd, 4318812.593, 95
Trd, 4318813.643, 95
Trd, 4318814.643, 94
Trd, 4318815.843, 92
Trd, 4318818.793, 95
Trd, 4318819.793, 92
Trd, 4318824.943, 94
Trd, 4318825.043, 91
Trd, 4318825.993, 94
Trd, 4318826.593, 94
Trd, 4318828.393, 91
Trd, 4318830.293, 94
Trd, 4318832.943, 92
Trd, 4318833.593, 95
Trd, 4318837.643, 93
Trd, 4318837.893, 91
Trd, 4318841.943, 92
Trd, 4318843.443, 90
Trd, 4318844.043, 92
Trd, 4318844.443, 92
Trd, 4318847.693, 91
Trd, 4318849.043, 91
Trd, 4318850.843, 89
Trd, 4318851.443, 92
Trd, 4318854.743, 91
Trd, 4318856.743, 92
Trd, 4318858.893, 89
Trd, 4318859.293, 93
Trd, 4318860.593, 93
Trd, 4318865.493, 91
Trd, 4318865.643, 91
Trd, 4318866.593, 88
Trd, 4318870.143, 90
Trd, 4318870.193, 91
Trd, 4318870.693, 87
Trd, 4318874.493, 91
Trd, 4318878.293, 90
Trd, 4318879.343, 88
Trd, 4318881.693, 91
Trd, 4318882.793, 91
Trd, 4318885.193, 105
Trd, 4318885.893, 95
Trd, 4318887.293, 127
Trd, 4318890.393, 93
Trd, 4318891.443, 96
Trd, 4318892.543, 96
Trd, 4318893.243, 91
Trd, 4318895.393, 96
Trd, 4318896.593, 96
Trd, 4318897.343, 109
Trd, 4318899.743, 101
Trd, 4318901.493, 99
Trd, 4318903.243, 86
Trd, 4318903.643, 86
Trd, 4318903.793, 87
Trd, 4318904.393, 86
Trd, 4318905.843, 91
Trd, 4318906.693, 91
Trd, 4318909.243, 91
Trd, 4318909.393, 95
Trd, 4318909.643, 86
Trd, 4318911.243, 100
Trd, 4318911.693, 88
Trd, 4318912.093, 122
Trd, 4318913.843, 106
Trd, 4318914.393, 113
Trd, 4318916.693, 99
Trd, 4318916.793, 94
Trd, 4318921.593, 91
Trd, 4318922.393, 98
Trd, 4318922.843, 98
Trd, 4318928.043, 95
Trd, 4318929.043, 95
Trd, 4318930.343, 92
Trd, 4318930.943, 91
Trd, 4318932.093, 95
Trd, 4318934.893, 95
Trd, 4318938.643, 93
Trd, 4318940.693, 93
Trd, 4318940.843, 91
Trd, 4318941.743, 93
Trd, 4318942.093, 94
Trd, 4318946.243, 91
Trd, 4318948.093, 91
Trd, 4318950.843, 94
Trd, 4318951.043, 94
Trd, 4318953.893, 94
Trd, 4318954.843, 93
Trd, 4318955.393, 92
Trd, 4318955.793, 94
Trd, 4318955.843, 95
Trd, 4318960.493, 93
Trd, 4318961.143, 94
Trd, 4318964.693, 95
Trd, 4318964.993, 95
Trd, 4318966.293, 92
Trd, 4318968.343, 91
Trd, 4318971.143, 94
Trd, 4318971.543, 94
Trd, 4318973.793, 95
Trd, 4318974.543, 95
Trd, 4318975.943, 91
Trd, 4318977.893, 90
Trd, 4318982.043, 94
Trd, 4318982.893, 87
Trd, 4318983.843, 89
Trd, 4318985.793, 87
Trd, 4318986.393, 89
Trd, 4318988.343, 95
Trd, 4318988.693, 92
Trd, 4318991.293, 92
Trd, 4318991.743, 96
Trd, 4318991.943, 90
Trd, 4318994.593, 94
Trd, 4318995.843, 93
Trd, 4318996.243, 92
Trd, 4318996.593, 95
Trd, 4318996.793, 111
Trd, 4318998.343, 91
Trd, 4319000.843, 99
Trd, 4319000.993, 93
Trd, 4319006.993, 92
Trd, 4319007.043, 97
Trd, 4319007.393, 96
Trd, 4319007.493, 97
Trd, 4319010.393, 95
Trd, 4319014.643, 95
Trd, 4319017.293, 93
Trd, 4319018.643, 95
Trd, 4319020.593, 95
Trd, 4319021.643, 95
Trd, 4319021.843, 92
Trd, 4319022.343, 95
Trd, 4319023.493, 93
Trd, 4319032.443, 93
Trd, 4319032.593, 91
Trd, 4319032.743, 94
Trd, 4319033.693, 90
Trd, 4319037.493, 93
Trd, 4319039.643, 90
Trd, 4319040.393, 94
Trd, 4319041.543, 94
Trd, 4319046.393, 92
Trd, 4319046.743, 91
Trd, 4319049.843, 89
Trd, 4319050.543, 90
Trd, 4319051.743, 90
Trd, 4319051.993, 91
Trd, 4319054.393, 88
Trd, 4319055.343, 92
Trd, 4319057.943, 92
Trd, 4319059.393, 92
Trd, 4319061.143, 87
Trd, 4319062.393, 91
Trd, 4319064.843, 91
Trd, 4319066.443, 89
Trd, 4319066.693, 90
Trd, 4319068.693, 95
Trd, 4319070.493, 92
Trd, 4319070.943, 93
Trd, 4319072.943, 87
Trd, 4319074.293, 93
Trd, 4319074.793, 87
Trd, 4319078.343, 91
Trd, 4319079.293, 89
Trd, 4319080.293, 89
Trd, 4319080.993, 87
Trd, 4319081.843, 89
Trd, 4319084.243, 86
Trd, 4319085.643, 89
Trd, 4319086.743, 89
Trd, 4319089.093, 86
Trd, 4319089.593, 88
Trd, 4319092.193, 89
Trd, 4319092.643, 89
Trd, 4319093.593, 89
Trd, 4319093.793, 88
Trd, 4319097.193, 89
Trd, 4319098.793, 90
Trd, 4319102.093, 90
Trd, 4319104.993, 88
Trd, 4319106.093, 90
Trd, 4319107.593, 90
Trd, 4319108.843, 90
Trd, 4319109.293, 90
Trd, 4319109.693, 87
Trd, 4319111.793, 89
Trd, 4319113.043, 90
Trd, 4319114.043, 91
Trd, 4319116.593, 92
Trd, 4319116.793, 91
Trd, 4319119.343, 96
Trd, 4319120.143, 95
Trd, 4319121.993, 90
Trd, 4319123.193, 93
Trd, 4319126.293, 93
Trd, 4319126.643, 96
Trd, 4319127.843, 92
Trd, 4319131.643, 91
Trd, 4319132.443, 95
Trd, 4319134.143, 94
Trd, 4319134.893, 91
Trd, 4319136.143, 94
Trd, 4319140.393, 94
Trd, 4319141.443, 95
Trd, 4319142.943, 95
Trd, 4319143.743, 90
Trd, 4319145.093, 90
Trd, 4319149.893, 95
Trd, 4319150.043, 94
Trd, 4319152.893, 94
Trd, 4319153.043, 94
Trd, 4319153.893, 111
Trd, 4319154.343, 111
Trd, 4319155.143, 99
Trd, 4319156.143, 103
Trd, 4319156.193, 104
Trd, 4319158.543, 105
Trd, 4319161.043, 103
Trd, 4319163.493, 101
Trd, 4319163.793, 105
Trd, 4319164.543, 104
Trd, 4319166.843, 101
Trd, 4319167.093, 100
Trd, 4319168.743, 101
Trd, 4319170.293, 100
Trd, 4319174.343, 94
Trd, 4319175.293, 102
Trd, 4319175.443, 102
Trd, 4319175.943, 103
Trd, 4319176.843, 121
Trd, 4319179.443, 97
Trd, 4319181.293, 102
Trd, 4319182.943, 98
Trd, 4319183.293, 101
Trd, 4319186.243, 96
Trd, 4319188.893, 95
Trd, 4319189.043, 97
Trd, 4319190.943, 97
Trd, 4319195.293, 97
Trd, 4319195.893, 94
Trd, 4319197.393, 96
Trd, 4319199.943, 95
Trd, 4319200.443, 94
Trd, 4319201.193, 95
Trd, 4319201.293, 93
Trd, 4319202.643, 95
Trd, 4319205.443, 95
Trd, 4319209.493, 92
Trd, 4319209.793, 95
Trd, 4319211.193, 95
Trd, 4319212.493, 95
Trd, 4319213.943, 91
Trd, 4319216.093, 95
Trd, 4319217.243, 94
Trd, 4319220.193, 95
Trd, 4319222.993, 95
Trd, 4319223.743, 96
Trd, 4319224.993, 94
Trd, 4319225.793, 94
Trd, 4319226.193, 96
Trd, 4319228.843, 94
Trd, 4319229.243, 94
Trd, 4319231.343, 94
Trd, 4319232.743, 92
Trd, 4319236.793, 94
Trd, 4319239.093, 93
Trd, 4319239.343, 93
Trd, 4319239.543, 92
Trd, 4319241.043, 91
Trd, 4319242.193, 91
Trd, 4319244.143, 92
Trd, 4319245.843, 90
Trd, 4319246.893, 90
Trd, 4319247.493, 91
Trd, 4319253.443, 91
Trd, 4319254.543, 91
Trd, 4319255.443, 89
Trd, 4319259.343, 91
Trd, 4319260.643, 90
Trd, 4319261.193, 91
Trd, 4319261.843, 89
Trd, 4319263.543, 90
Trd, 4319264.843, 89
Trd, 4319264.943, 90
Trd, 4319267.193, 88
Trd, 4319268.093, 92
Trd, 4319268.243, 95
Trd, 4319274.343, 93
Trd, 4319275.043, 93
Trd, 4319275.293, 89
Trd, 4319275.593, 93
Trd, 4319277.393, 88
Trd, 4319279.293, 93
Trd, 4319282.293, 91
Trd, 4319284.593, 95
Trd, 4319286.543, 93
Trd, 4319288.043, 93
Trd, 4319288.693, 93
Trd, 4319288.993, 106
Trd, 4319289.293, 91
Trd, 4319293.093, 95
Trd, 4319293.843, 94
Trd, 4319294.493, 93
Trd, 4319294.743, 93
Trd, 4319295.493, 95
Trd, 4319296.193, 93
Trd, 4319300.293, 93
Trd, 4319301.443, 92
Trd, 4319302.343, 90
Trd, 4319304.243, 91
Trd, 4319305.693, 92
Trd, 4319309.593, 90
Trd, 4319310.293, 91
Trd, 4319310.343, 91
Trd, 4319315.443, 91
Trd, 4319316.993, 92
Trd, 4319318.743, 91
Trd, 4319320.743, 90
Trd, 4319322.643, 92
Trd, 4319325.893, 92
Trd, 4319326.193, 90
Trd, 4319326.743, 92
Trd, 4319328.043, 92
Trd, 4319329.193, 90
Trd, 4319330.893, 92
Trd, 4319331.293, 92
Trd, 4319333.893, 89
Trd, 4319337.993, 91
Trd, 4319338.893, 88
Trd, 4319342.093, 90
Trd, 4319346.443, 87
Trd, 4319346.543, 89
Trd, 4319347.793, 88
Trd, 4319348.243, 87
Trd, 4319348.493, 86
Trd, 4319349.493, 78
Trd, 4319349.743, 86
Trd, 4319350.693, 95
Trd, 4319352.043, 91
Trd, 4319352.343, 109
Trd, 4319354.293, 96
Trd, 4319355.793, 96
Trd, 4319356.543, 117
Trd, 4319356.693, 104
Trd, 4319359.093, 108
Trd, 4319361.643, 102
Trd, 4319363.293, 105
Trd, 4319365.043, 105
Trd, 4319367.993, 102
Trd, 4319368.843, 106
Trd, 4319370.493, 101
Trd, 4319370.843, 106
Trd, 4319374.043, 101
Trd, 4319375.293, 84
Trd, 4319378.293, 100
Trd, 4319380.843, 100
Trd, 4319381.843, 96
Trd, 4319383.493, 101
Trd, 4319386.243, 99
Trd, 4319389.143, 98
Trd, 4319390.793, 95
Trd, 4319391.443, 95
Trd, 4319393.343, 98
Trd, 4319396.893, 94
Trd, 4319397.043, 96
Trd, 4319398.993, 96
Trd, 4319401.493, 96
Trd, 4319403.093, 95
Trd, 4319403.293, 93
Trd, 4319404.343, 96
Trd, 4319404.643, 93
Trd, 4319405.793, 94
Trd, 4319406.393, 93
Trd, 4319406.743, 95
Trd, 4319411.943, 94
Trd, 4319412.243, 94
Trd, 4319414.143, 93
Trd, 4319416.193, 93
Trd, 4319416.693, 92
Trd, 4319417.643, 94
Trd, 4319418.093, 91
Trd, 4319420.393, 93
Trd, 4319420.643, 91
Trd, 4319424.443, 90
Trd, 4319427.293, 92
Trd, 4319429.393, 92
Trd, 4319432.643, 92
Trd, 4319433.793, 90
Trd, 4319434.343, 90
Trd, 4319435.443, 92
Trd, 4319436.143, 88
Trd, 4319437.293, 92
Trd, 4319438.243, 89
Trd, 4319439.643, 107
Trd, 4319441.193, 95
Trd, 4319444.343, 93
Trd, 4319445.443, 96
Trd, 4319445.943, 92
Trd, 4319450.293, 93
Trd, 4319451.243, 94
Trd, 4319451.343, 91
Trd, 4319453.343, 93
Trd, 4319454.593, 93
Trd, 4319457.543, 93
Trd, 4319457.793, 91
Trd, 4319460.693, 93
Trd, 4319462.243, 93
Trd, 4319462.943, 89
Trd, 4319465.043, 93
Trd, 4319466.293, 88
Trd, 4319466.743, 92
Trd, 4319469.243, 92
Trd, 4319473.293, 87
Trd, 4319473.543, 87
Trd, 4319476.443, 89
Trd, 4319478.343, 89
Trd, 4319478.593, 86
Trd, 4319482.143, 89
Trd, 4319485.093, 90
Trd, 4319485.943, 86
Trd, 4319487.943, 88
Trd, 4319491.343, 86
Trd, 4319491.743, 87
Trd, 4319492.443, 86
Trd, 4319492.843, 87
Trd, 4319493.393, 87
Trd, 4319494.343, 86
Trd, 4319494.643, 86
Trd, 4319495.993, 95
Trd, 4319496.543, 84
Trd, 4319497.743, 90
Trd, 4319498.843, 87
Trd, 4319502.243, 94
Trd, 4319502.293, 96
Trd, 4319503.293, 92
Trd, 4319504.543, 93
Trd, 4319504.743, 91
Trd, 4319506.643, 94
Trd, 4319509.143, 89
Trd, 4319511.293, 91
Trd, 4319512.743, 89
Trd, 4319513.993, 89
Trd, 4319514.043, 89
Trd, 4319515.593, 89
Trd, 4319517.393, 88
Trd, 4319518.943, 118
Trd, 4319520.093, 104
Trd, 4319521.193, 98
Trd, 4319522.543, 97
Trd, 4319522.793, 85
Trd, 4319525.943, 96
Trd, 4319529.143, 96
Trd, 4319531.543, 91
Trd, 4319531.843, 96
Trd, 4319533.743, 95
Trd, 4319536.643, 91
Trd, 4319537.693, 94
Trd, 4319537.893, 93
Trd, 4319538.843, 91
Trd, 4319540.743, 93
Trd, 4319541.293, 96
Trd, 4319545.443, 93
Trd, 4319545.693, 94
Trd, 4319546.693, 90
Trd, 4319548.193, 90
Trd, 4319548.743, 90
Trd, 4319549.093, 89
Trd, 4319550.393, 95
Trd, 4319551.443, 109
Trd, 4319552.343, 99
Trd, 4319555.043, 88
Trd, 4319556.543, 93
Trd, 4319556.743, 95
Trd, 4319557.893, 94
Trd, 4319560.543, 94
Trd, 4319561.043, 93
Trd, 4319566.443, 95
Trd, 4319566.593, 95
Trd, 4319567.893, 92
Trd, 4319568.493, 94
Trd, 4319569.743, 92
Trd, 4319569.793, 95
Trd, 4319574.143, 91
Trd, 4319576.193, 95
Trd, 4319579.793, 90
Trd, 4319579.943, 95
Trd, 4319580.843, 95
Trd, 4319586.393, 90
Trd, 4319586.543, 95
Trd, 4319590.293, 90
Trd, 4319590.393, 92
Trd, 4319591.143, 93
Trd, 4319592.543, 95
Trd, 4319594.893, 93
Trd, 4319598.293, 90
Trd, 4319598.343, 93
Trd, 4319603.093, 90
Trd, 4319604.893, 90
Trd, 4319605.493, 93
Trd, 4319607.743, 93
Trd, 4319608.543, 94
Trd, 4319608.693, 89
Trd, 4319609.543, 95
Trd, 4319617.993, 91
Trd, 4319618.093, 88
Trd, 4319620.393, 91
Trd, 4319621.693, 91
Trd, 4319621.993, 95
Trd, 4319622.593, 93
Trd, 4319625.193, 90
Trd, 4319627.493, 92
Trd, 4319628.193, 91
Trd, 4319629.993, 91
Trd, 4319632.143, 92
Trd, 4319633.043, 91
Trd, 4319635.693, 91
Trd, 4319636.943, 90
Trd, 4319637.593, 92
Trd, 4319638.293, 95
Trd, 4319639.243, 94
Trd, 4319639.793, 90
Trd, 4319640.693, 95
Trd, 4319644.593, 95
Trd, 4319648.543, 90
Trd, 4319648.993, 95
Trd, 4319649.543, 95
Trd, 4319649.893, 89
Trd, 4319652.493, 94
Trd, 4319653.243, 95
Trd, 4319657.693, 93
Trd, 4319658.343, 89
Trd, 4319660.043, 93
Trd, 4319662.543, 90
Trd, 4319663.543, 93
Trd, 4319666.643, 90
Trd, 4319666.793, 93
Trd, 4319667.043, 94
Trd, 4319670.793, 92
Trd, 4319673.243, 90
Trd, 4319674.793, 92
Trd, 4319675.793, 89
Trd, 4319677.443, 93
Trd, 4319678.993, 93
Trd, 4319681.193, 127
Trd, 4319681.293, 97
Trd, 4319683.293, 101
Trd, 4319684.493, 97
Trd, 4319687.143, 97
Trd, 4319687.643, 98
Trd, 4319689.443, 96
Trd, 4319691.793, 95
Trd, 4319693.143, 95
Trd, 4319694.293, 95
Trd, 4319695.893, 106
Trd, 4319696.243, 102
Trd, 4319697.493, 100
Trd, 4319697.843, 100
Trd, 4319700.793, 101
Trd, 4319701.093, 102
Trd, 4319701.593, 102
Trd, 4319702.843, 106
Trd, 4319705.093, 94
Trd, 4319706.193, 104
Trd, 4319709.943, 100
Trd, 4319710.893, 103
Trd, 4319710.943, 103
Trd, 4319712.293, 101
Trd, 4319716.343, 103
Trd, 4319716.493, 100
Trd, 4319717.243, 102
Trd, 4319717.943, 99
Trd, 4319722.093, 97
Trd, 4319722.593, 94
Trd, 4319722.943, 96
Trd, 4319723.743, 96
Trd, 4319725.393, 95
Trd, 4319726.843, 93
Trd, 4319728.193, 93
Trd, 4319728.243, 84
Trd, 4319729.193, 93
Trd, 4319730.043, 123
Trd, 4319730.543, 105
Trd, 4319733.843, 94
Trd, 4319733.893, 95
Trd, 4319734.343, 88
Trd, 4319737.343, 94
Trd, 4319738.793, 92
Trd, 4319741.643, 94
Trd, 4319743.293, 94
Trd, 4319745.193, 93
Trd, 4319745.493, 92
Trd, 4319745.793, 94
Trd, 4319746.293, 95
Trd, 4319746.343, 91
Trd, 4319753.843, 94
Trd, 4319755.293, 91
Trd, 4319755.643, 93
Trd, 4319758.793, 91
Trd, 4319759.043, 92
Trd, 4319759.443, 92
Trd, 4319760.393, 92
Trd, 4319763.893, 92
Trd, 4319765.893, 92
Trd, 4319766.993, 91
Trd, 4319769.143, 93
Trd, 4319769.743, 95
Trd, 4319770.393, 122
Trd, 4319772.243, 106
Trd, 4319775.643, 103
Trd, 4319777.043, 104
Trd, 4319778.243, 106
Trd, 4319779.743, 105
Trd, 4319781.593, 103
Trd, 4319785.243, 104
Trd, 4319785.393, 102
Trd, 4319786.243, 104
Trd, 4319786.443, 99
Trd, 4319788.093, 101
Trd, 4319789.443, 100
Trd, 4319790.143, 97
Trd, 4319791.493, 96
Trd, 4319793.393, 100
Trd, 4319794.743, 100
Trd, 4319799.443, 98
Trd, 4319803.443, 99
Trd, 4319806.843, 99
Trd, 4319807.093, 97
Trd, 4319810.143, 98
Trd, 4319811.643, 97
Trd, 4319811.743, 98
Trd, 4319811.893, 96
Trd, 4319812.643, 98
Trd, 4319814.793, 95
Trd, 4319818.143, 94
Trd, 4319821.393, 97
Trd, 4319826.193, 97
Trd, 4319827.293, 94
Trd, 4319828.343, 94
Trd, 4319831.543, 96
Trd, 4319833.993, 96
Trd, 4319835.793, 93
Trd, 4319836.393, 95
Trd, 4319838.543, 92
Trd, 4319839.643, 94
Trd, 4319841.843, 91
Trd, 4319842.193, 93
Trd, 4319845.193, 93
Trd, 4319846.243, 90
Trd, 4319847.293, 93
Trd, 4319848.293, 93
Trd, 4319850.293, 89
Trd, 4319852.343, 92
Trd, 4319853.693, 89
Trd, 4319854.543, 93
Trd, 4319855.943, 94
Trd, 4319857.293, 95
Trd, 4319859.343, 89
Trd, 4319861.093, 91
Trd, 4319864.143, 91
Trd, 4319865.593, 91
Trd, 4319866.643, 88
Trd, 4319867.243, 90
Trd, 4319869.843, 89
Trd, 4319870.693, 87
Trd, 4319873.643, 89
Trd, 4319875.043, 92
Trd, 4319876.743, 96
Trd, 4319876.793, 113
Trd, 4319877.793, 90
Trd, 4319882.443, 92
Trd, 4319882.893, 91
Trd, 4319883.293, 89
Trd, 4319885.943, 88
Trd, 4319886.193, 91
Trd, 4319886.893, 91
Trd, 4319887.543, 91
Trd, 4319888.843, 95
Trd, 4319891.193, 93
Trd, 4319892.043, 91
Trd, 4319895.443, 91
Trd, 4319896.393, 93
Trd, 4319898.243, 93
Trd, 4319898.693, 92
Trd, 4319903.293, 90
Trd, 4319906.343, 92
Trd, 4319906.593, 89
Trd, 4319907.993, 92
Trd, 4319910.093, 92
Trd, 4319910.993, 95
Trd, 4319912.293, 89
Trd, 4319912.843, 93
Trd, 4319913.693, 95
Trd, 4319916.043, 94
Trd, 4319921.293, 89
Trd, 4319921.493, 92
Trd, 4319925.193, 89
Trd, 4319926.643, 91
Trd, 4319927.143, 91
Trd, 4319928.343, 91
Trd, 4319929.893, 91
Trd, 4319931.493, 88
Trd, 4319933.143, 90
Trd, 4319934.493, 90
Trd, 4319936.943, 88
Trd, 4319938.943, 89
Trd, 4319940.293, 92
Trd, 4319940.393, 96
Trd, 4319940.743, 92
Trd, 4319941.193, 118
Trd, 4319944.943, 94
Trd, 4319945.093, 92
Trd, 4319946.443, 93
Trd, 4319946.743, 95
Trd, 4319949.693, 93
Trd, 4319952.893, 94
Trd, 4319952.943, 93
Trd, 4319953.093, 92
Trd, 4319958.643, 93
Trd, 4319959.343, 91
Trd, 4319959.893, 93
Trd, 4319960.393, 91
Trd, 4319966.793, 93
Trd, 4319967.293, 93
Trd, 4319968.193, 90
Trd, 4319968.743, 94
Trd, 4319970.143, 92
Trd, 4319973.693, 93
Trd, 4319974.943, 90
Trd, 4319977.093, 90
Trd, 4319978.743, 92
Trd, 4319979.743, 92
Trd, 4319980.743, 92
Trd, 4319980.893, 93
Trd, 4319983.893, 90
Trd, 4319984.593, 94
Trd, 4319990.493, 94
Trd, 4319992.643, 94
Trd, 4319993.393, 89
Trd, 4319996.393, 94
Trd, 4319996.493, 88
Trd, 4319998.193, 93
Trd, 4319998.893, 93
