Trd, 4317910.593, 95
Trd, 4317911.093, 95
Trd, 4317913.543, 88
Trd, 4317914.693, 94
Trd, 4317914.843, 104
Trd, 4317915.643, 95
Trd, 4317915.943, 75
Trd, 4317916.843, 111
Trd, 4317917.293, 96
Trd, 4317918.993, 106
Trd, 4317921.893, 106
Trd, 4317923.193, 92
Trd, 4317924.743, 96
Trd, 4317925.643, 96
Trd, 4317926.643, 92
Trd, 4317926.993, 94
Trd, 4317931.043, 94
Trd, 4317932.343, 94
Trd, 4317932.893, 94
Trd, 4317933.693, 95
Trd, 4317934.993, 91
Trd, 4317935.993, 91
Trd, 4317937.093, 102
Trd, 4317937.293, 105
Trd, 4317939.393, 92
Trd, 4317941.943, 95
Trd, 4317943.443, 95
Trd, 4317943.493, 90
Trd, 4317944.293, 95
Trd, 4317946.893, 94
Trd, 4317947.393, 94
Trd, 4317949.543, 90
Trd, 4317950.343, 93
Trd, 4317952.493, 90
Trd, 4317953.893, 90
Trd, 4317955.043, 89
Trd, 4317955.593, 90
Trd, 4317958.143, 93
Trd, 4317958.493, 94
Trd, 4317958.943, 93
Trd, 4317959.093, 95
Trd, 4317959.743, 95
Trd, 4317962.393, 104
Trd, 4317963.493, 105
Trd, 4317965.393, 97
Trd, 4317966.293, 97
Trd, 4317966.443, 94
Trd, 4317968.543, 97
Trd, 4317970.893, 95
Trd, 4317970.993, 96
Trd, 4317971.843, 97
Trd, 4317974.943, 96
Trd, 4317975.343, 96
Trd, 4317975.493, 97
Trd, 4317975.993, 94
Trd, 4317977.293, 96
Trd, 4317977.743, 93
Trd, 4317977.993, 97
Trd, 4317980.743, 97
Trd, 4317981.293, 100
Trd, 4317983.793, 92
Trd, 4317984.793, 95
Trd, 4317986.143, 95
Trd, 4317989.893, 91
Trd, 4317990.293, 95
Trd, 4317990.493, 92
Trd, 4317991.893, 90
Trd, 4317991.993, 94
Trd, 4317993.493, 94
Trd, 4317993.993, 95
Trd, 4317994.493, 94
Trd, 4317994.943, 95
Trd, 4317997.043, 75
Trd, 4317998.243, 104
Trd, 4317999.443, 104
Trd, 4317999.993, 104
Trd, 4318000.043, 111
Trd, 4318001.593, 103
Trd, 4318002.293, 97
Trd, 4318004.843, 96
Trd, 4318004.893, 74
Trd, 4318006.393, 104
Trd, 4318006.893, 96
Trd, 4318008.343, 113
Trd, 4318009.543, 103
Trd, 4318010.393, 102
Trd, 4318012.043, 95
Trd, 4318012.643, 88
Trd, 4318013.493, 97
Trd, 4318015.893, 96
Trd, 4318016.343, 97
Trd, 4318017.243, 105
Trd, 4318017.443, 106
Trd, 4318018.443, 94
Trd, 4318018.693, 104
Trd, 4318022.543, 95
Trd, 4318023.343, 94
Trd, 4318023.793, 96
Trd, 4318024.343, 95
Trd, 4318027.193, 95
Trd, 4318028.193, 95
Trd, 4318028.843, 94
Trd, 4318030.093, 95
Trd, 4318032.243, 95
Trd, 4318032.693, 96
Trd, 4318034.493, 97
Trd, 4318035.443, 92
Trd, 4318037.693, 95
Trd, 4318037.993, 96
Trd, 4318039.093, 101
Trd, 4318039.593, 104
Trd, 4318040.693, 91
Trd, 4318043.743, 97
Trd, 4318044.293, 97
Trd, 4318046.143, 92
Trd, 4318048.043, 96
Trd, 4318049.743, 91
Trd, 4318050.693, 96
Trd, 4318051.443, 95
Trd, 4318053.893, 104
Trd, 4318054.593, 104
Trd, 4318055.093, 99
Trd, 4318055.843, 99
Trd, 4318055.993, 97
Trd, 4318058.043, 104
Trd, 4318059.943, 74
Trd, 4318060.243, 89
Trd, 4318060.543, 90
Trd, 4318062.143, 89
Trd, 4318062.993, 90
Trd, 4318063.343, 104
Trd, 4318064.543, 91
Trd, 4318065.693, 73
Trd, 4318068.243, 93
Trd, 4318069.043, 93
Trd, 4318069.093, 85
Trd, 4318070.943, 95
Trd, 4318074.593, 89
Trd, 4318076.543, 87
Trd, 4318076.593, 89
Trd, 4318077.193, 86
Trd, 4318078.743, 89
Trd, 4318081.943, 95
Trd, 4318082.593, 90
Trd, 4318083.043, 86
Trd, 4318085.093, 89
Trd, 4318085.993, 104
Trd, 4318088.593, 91
Trd, 4318088.993, 86
Trd, 4318090.593, 88
Trd, 4318090.943, 89
Trd, 4318091.043, 90
Trd, 4318092.243, 85
Trd, 4318094.793, 93
Trd, 4318096.143, 84
Trd, 4318096.343, 90
Trd, 4318098.993, 94
Trd, 4318099.643, 95
Trd, 4318101.993, 83
Trd, 4318102.343, 94
Trd, 4318104.893, 89
Trd, 4318105.093, 82
Trd, 4318105.143, 90
Trd, 4318106.543, 90
Trd, 4318107.143, 104
Trd, 4318108.793, 91
Trd, 4318109.943, 89
Trd, 4318110.993, 93
Trd, 4318112.593, 91
Trd, 4318113.193, 93
Trd, 4318114.943, 104
Trd, 4318115.293, 104
Trd, 4318115.993, 96
Trd, 4318116.543, 112
Trd, 4318117.193, 98
Trd, 4318117.543, 113
Trd, 4318120.793, 97
Trd, 4318121.243, 97
Trd, 4318123.643, 97
Trd, 4318124.593, 95
Trd, 4318125.393, 100
Trd, 4318126.293, 98
Trd, 4318126.993, 106
Trd, 4318129.593, 98
Trd, 4318130.093, 97
Trd, 4318130.693, 96
Trd, 4318133.143, 99
Trd, 4318133.243, 96
Trd, 4318133.793, 104
Trd, 4318136.793, 111
Trd, 4318137.193, 104
Trd, 4318137.793, 106
Trd, 4318138.293, 103
Trd, 4318139.193, 103
Trd, 4318140.843, 102
Trd, 4318141.443, 103
Trd, 4318142.693, 103
Trd, 4318144.393, 101
Trd, 4318144.743, 103
Trd, 4318146.493, 100
Trd, 4318148.493, 101
Trd, 4318148.793, 100
Trd, 4318148.843, 102
Trd, 4318149.493, 113
Trd, 4318150.593, 103
Trd, 4318150.893, 103
Trd, 4318153.843, 99
Trd, 4318153.893, 100
Trd, 4318155.493, 104
Trd, 4318155.643, 98
Trd, 4318157.493, 97
Trd, 4318157.643, 101
Trd, 4318159.693, 100
Trd, 4318160.843, 96
Trd, 4318160.893, 100
Trd, 4318164.643, 97
Trd, 4318165.193, 99
Trd, 4318165.293, 99
Trd, 4318166.343, 94
Trd, 4318168.293, 98
Trd, 4318168.543, 105
Trd, 4318172.093, 96
Trd, 4318173.993, 97
Trd, 4318174.243, 96
Trd, 4318175.093, 95
Trd, 4318175.593, 95
Trd, 4318177.543, 76
Trd, 4318178.243, 94
Trd, 4318178.893, 95
Trd, 4318180.543, 94
Trd, 4318182.443, 95
Trd, 4318182.593, 103
Trd, 4318182.993, 91
Trd, 4318186.043, 96
Trd, 4318187.343, 94
Trd, 4318187.743, 93
Trd, 4318188.193, 92
Trd, 4318189.543, 91
Trd, 4318190.393, 95
Trd, 4318193.893, 95
Trd, 4318194.143, 95
Trd, 4318194.743, 103
Trd, 4318195.943, 104
Trd, 4318196.143, 97
Trd, 4318197.043, 102
Trd, 4318197.993, 95
Trd, 4318198.243, 104
Trd, 4318201.743, 99
Trd, 4318202.193, 99
Trd, 4318202.993, 112
Trd, 4318206.493, 95
Trd, 4318209.293, 100
Trd, 4318211.693, 98
Trd, 4318212.793, 96
Trd, 4318213.493, 95
Trd, 4318215.393, 96
Trd, 4318215.443, 97
Trd, 4318218.193, 96
Trd, 4318219.043, 94
Trd, 4318219.693, 94
Trd, 4318220.093, 95
Trd, 4318220.643, 96
Trd, 4318221.693, 96
Trd, 4318223.143, 94
Trd, 4318224.593, 93
Trd, 4318226.793, 93
Trd, 4318228.043, 94
Trd, 4318228.493, 94
Trd, 4318231.043, 93
Trd, 4318231.893, 95
Trd, 4318232.793, 93
Trd, 4318234.593, 92
Trd, 4318237.793, 92
Trd, 4318238.193, 92
Trd, 4318241.743, 92
Trd, 4318242.343, 91
Trd, 4318243.343, 90
Trd, 4318243.443, 92
Trd, 4318244.343, 105
Trd, 4318245.093, 104
Trd, 4318245.843, 101
Trd, 4318246.643, 113
Trd, 4318248.993, 98
Trd, 4318251.293, 89
Trd, 4318251.343, 98
Trd, 4318252.243, 91
Trd, 4318253.293, 95
Trd, 4318254.293, 103
Trd, 4318254.893, 104
Trd, 4318257.793, 95
Trd, 4318258.693, 93
Trd, 4318259.343, 94
Trd, 4318259.943, 94
Trd, 4318261.743, 92
Trd, 4318262.193, 95
Trd, 4318264.943, 95
Trd, 4318265.243, 91
Trd, 4318265.793, 95
Trd, 4318268.843, 92
Trd, 4318270.443, 93
Trd, 4318271.793, 105
Trd, 4318272.343, 90
Trd, 4318273.143, 95
Trd, 4318273.593, 95
Trd, 4318273.693, 90
Trd, 4318274.993, 102
Trd, 4318277.193, 104
Trd, 4318277.343, 103
Trd, 4318278.043, 97
Trd, 4318279.743, 112
Trd, 4318279.993, 104
Trd, 4318281.893, 103
Trd, 4318283.743, 103
Trd, 4318283.843, 102
Trd, 4318284.793, 107
Trd, 4318285.543, 113
Trd, 4318288.493, 99
Trd, 4318288.693, 94
Trd, 4318288.993, 98
Trd, 4318291.093, 100
Trd, 4318292.293, 100
Trd, 4318293.143, 100
Trd, 4318293.643, 104
Trd, 4318295.793, 99
Trd, 4318296.593, 98
Trd, 4318298.193, 100
Trd, 4318298.693, 100
Trd, 4318299.743, 94
Trd, 4318302.693, 97
Trd, 4318302.993, 97
Trd, 4318304.743, 97
Trd, 4318304.843, 96
Trd, 4318306.743, 97
Trd, 4318307.943, 104
Trd, 4318308.043, 122
Trd, 4318308.743, 95
Trd, 4318308.993, 100
Trd, 4318310.193, 102
Trd, 4318313.793, 100
Trd, 4318313.843, 104
Trd, 4318314.343, 100
Trd, 4318314.743, 113
Trd, 4318315.793, 113
Trd, 4318317.243, 110
Trd, 4318318.243, 103
Trd, 4318318.543, 94
Trd, 4318320.593, 104
Trd, 4318320.943, 122
Trd, 4318322.293, 110
Trd, 4318323.293, 110
Trd, 4318323.543, 104
Trd, 4318326.943, 108
Trd, 4318327.643, 107
Trd, 4318330.693, 106
Trd, 4318330.993, 107
Trd, 4318331.793, 107
Trd, 4318333.243, 105
Trd, 4318335.793, 105
Trd, 4318335.993, 104
Trd, 4318337.093, 104
Trd, 4318337.643, 105
Trd, 4318339.193, 105
Trd, 4318341.693, 104
Trd, 4318342.143, 106
Trd, 4318343.943, 103
Trd, 4318344.093, 102
Trd, 4318345.343, 106
Trd, 4318346.143, 101
Trd, 4318346.293, 100
Trd, 4318348.043, 94
Trd, 4318348.543, 99
Trd, 4318348.843, 113
Trd, 4318350.143, 113
Trd, 4318352.593, 102
Trd, 4318352.693, 102
Trd, 4318353.993, 94
Trd, 4318354.443, 76
Trd, 4318354.693, 102
Trd, 4318355.693, 102
Trd, 4318356.993, 100
Trd, 4318358.793, 98
Trd, 4318359.193, 122
Trd, 4318359.543, 97
Trd, 4318361.893, 107
Trd, 4318362.943, 105
Trd, 4318363.243, 104
Trd, 4318363.893, 107
Trd, 4318364.593, 107
Trd, 4318366.293, 102
Trd, 4318367.493, 104
Trd, 4318368.193, 99
Trd, 4318369.743, 100
Trd, 4318370.493, 100
Trd, 4318370.843, 92
Trd, 4318372.143, 100
Trd, 4318373.193, 100
Trd, 4318374.343, 104
Trd, 4318375.793, 101
Trd, 4318376.943, 101
Trd, 4318377.493, 100
Trd, 4318378.993, 94
Trd, 4318380.093, 104
Trd, 4318380.593, 98
Trd, 4318380.643, 102
Trd, 4318384.193, 100
Trd, 4318384.643, 100
Trd, 4318385.643, 100
Trd, 4318386.943, 100
Trd, 4318387.593, 98
Trd, 4318389.993, 97
Trd, 4318390.343, 93
Trd, 4318390.943, 98
Trd, 4318391.843, 94
Trd, 4318392.443, 104
Trd, 4318392.993, 101
Trd, 4318395.493, 94
Trd, 4318398.043, 100
Trd, 4318398.293, 100
Trd, 4318398.793, 100
Trd, 4318399.343, 93
Trd, 4318401.043, 100
Trd, 4318403.193, 101
Trd, 4318404.143, 99
Trd, 4318406.543, 99
Trd, 4318406.743, 92
Trd, 4318409.243, 99
Trd, 4318410.143, 97
Trd, 4318411.693, 98
Trd, 4318411.943, 91
Trd, 4318413.443, 98
Trd, 4318417.393, 90
Trd, 4318417.743, 92
Trd, 4318418.593, 91
Trd, 4318419.493, 93
Trd, 4318421.893, 90
Trd, 4318422.393, 91
Trd, 4318424.243, 89
Trd, 4318424.593, 91
Trd, 4318425.293, 88
Trd, 4318425.843, 95
Trd, 4318427.143, 93
Trd, 4318429.143, 94
Trd, 4318429.243, 88
Trd, 4318430.243, 92
Trd, 4318430.993, 95
Trd, 4318433.343, 92
Trd, 4318434.743, 90
Trd, 4318434.793, 95
Trd, 4318436.643, 94
Trd, 4318437.643, 90
Trd, 4318438.893, 94
Trd, 4318439.543, 95
Trd, 4318440.943, 94
Trd, 4318444.943, 92
Trd, 4318445.693, 89
Trd, 4318445.743, 91
Trd, 4318445.893, 92
Trd, 4318447.643, 92
Trd, 4318449.193, 93
Trd, 4318450.143, 88
Trd, 4318452.393, 91
Trd, 4318452.943, 88
Trd, 4318453.793, 95
Trd, 4318454.793, 94
Trd, 4318456.643, 92
Trd, 4318456.943, 93
Trd, 4318458.343, 88
Trd, 4318459.043, 90
Trd, 4318462.593, 89
Trd, 4318462.893, 89
Trd, 4318463.693, 88
Trd, 4318464.443, 86
Trd, 4318464.543, 89
Trd, 4318465.943, 76
Trd, 4318467.193, 95
Trd, 4318469.693, 85
Trd, 4318470.143, 86
Trd, 4318472.293, 105
Trd, 4318472.693, 104
Trd, 4318473.993, 113
Trd, 4318474.893, 100
Trd, 4318476.493, 98
Trd, 4318477.043, 100
Trd, 4318478.193, 92
Trd, 4318478.793, 104
Trd, 4318480.143, 91
Trd, 4318480.843, 98
Trd, 4318480.993, 96
Trd, 4318482.793, 102
Trd, 4318484.543, 98
Trd, 4318485.043, 97
Trd, 4318485.293, 103
Trd, 4318486.743, 101
Trd, 4318488.843, 92
Trd, 4318489.443, 95
Trd, 4318490.893, 93
Trd, 4318491.593, 94
Trd, 4318492.493, 95
Trd, 4318493.743, 92
Trd, 4318494.093, 95
Trd, 4318498.043, 94
Trd, 4318498.993, 94
Trd, 4318499.693, 95
Trd, 4318501.843, 92
Trd, 4318502.043, 95
Trd, 4318503.293, 90
Trd, 4318504.143, 92
Trd, 4318506.043, 92
Trd, 4318508.493, 91
Trd, 4318508.943, 91
Trd, 4318509.593, 92
Trd, 4318511.343, 92
Trd, 4318512.043, 92
Trd, 4318512.193, 92
Trd, 4318512.893, 95
Trd, 4318514.343, 100
Trd, 4318515.693, 90
Trd, 4318516.743, 94
Trd, 4318520.193, 92
Trd, 4318520.943, 93
Trd, 4318521.043, 92
Trd, 4318521.143, 95
Trd, 4318522.293, 90
Trd, 4318523.943, 93
Trd, 4318524.443, 91
Trd, 4318526.943, 92
Trd, 4318528.893, 90
Trd, 4318530.193, 91
Trd, 4318530.993, 91
Trd, 4318531.493, 93
Trd, 4318532.493, 93
Trd, 4318533.493, 95
Trd, 4318533.943, 91
Trd, 4318534.743, 113
Trd, 4318535.643, 103
Trd, 4318536.893, 96
Trd, 4318537.643, 95
Trd, 4318538.893, 90
Trd, 4318539.093, 94
Trd, 4318541.343, 94
Trd, 4318541.593, 95
Trd, 4318543.393, 95
Trd, 4318543.443, 105
Trd, 4318546.143, 92
Trd, 4318546.493, 92
Trd, 4318549.443, 93
Trd, 4318549.643, 91
Trd, 4318551.743, 93
Trd, 4318551.893, 93
Trd, 4318552.143, 95
Trd, 4318553.943, 102
Trd, 4318554.793, 105
Trd, 4318557.343, 96
Trd, 4318557.793, 97
Trd, 4318559.843, 97
Trd, 4318560.093, 95
Trd, 4318561.993, 94
Trd, 4318562.243, 95
Trd, 4318564.693, 95
Trd, 4318565.143, 93
Trd, 4318566.943, 94
Trd, 4318567.343, 96
Trd, 4318569.143, 94
Trd, 4318571.543, 94
Trd, 4318571.643, 93
Trd, 4318572.643, 95
Trd, 4318574.293, 95
Trd, 4318574.493, 92
Trd, 4318575.993, 95
Trd, 4318576.143, 105
Trd, 4318577.893, 94
Trd, 4318580.043, 91
Trd, 4318580.193, 91
Trd, 4318581.293, 95
Trd, 4318583.043, 94
Trd, 4318583.793, 91
Trd, 4318583.943, 96
Trd, 4318585.343, 95
Trd, 4318587.143, 93
Trd, 4318587.493, 95
Trd, 4318587.843, 95
Trd, 4318588.693, 103
Trd, 4318590.543, 95
Trd, 4318592.543, 93
Trd, 4318593.043, 94
Trd, 4318593.893, 94
Trd, 4318595.043, 93
Trd, 4318595.093, 95
Trd, 4318595.493, 92
Trd, 4318595.593, 104
Trd, 4318602.393, 92
Trd, 4318603.043, 91
Trd, 4318603.893, 92
Trd, 4318604.743, 92
Trd, 4318605.393, 95
Trd, 4318606.143, 91
Trd, 4318606.393, 104
Trd, 4318606.993, 103
Trd, 4318609.343, 94
Trd, 4318610.343, 94
Trd, 4318610.793, 95
Trd, 4318612.193, 102
Trd, 4318613.793, 97
Trd, 4318615.493, 102
Trd, 4318615.593, 113
Trd, 4318617.143, 96
Trd, 4318618.943, 99
Trd, 4318619.393, 98
Trd, 4318622.393, 96
Trd, 4318623.943, 97
Trd, 4318624.793, 95
Trd, 4318625.593, 96
Trd, 4318627.043, 95
Trd, 4318627.343, 96
Trd, 4318628.193, 96
Trd, 4318630.143, 94
Trd, 4318631.143, 96
Trd, 4318632.643, 96
Trd, 4318634.343, 96
Trd, 4318635.643, 94
Trd, 4318637.893, 94
Trd, 4318638.293, 94
Trd, 4318638.993, 95
Trd, 4318639.793, 95
Trd, 4318641.643, 92
Trd, 4318643.043, 92
Trd, 4318643.843, 93
Trd, 4318644.993, 92
Trd, 4318646.393, 94
Trd, 4318646.793, 91
Trd, 4318648.943, 94
Trd, 4318651.993, 92
Trd, 4318652.093, 93
Trd, 4318652.943, 93
Trd, 4318654.393, 103
Trd, 4318655.143, 103
Trd, 4318655.343, 97
Trd, 4318656.243, 94
Trd, 4318660.543, 95
Trd, 4318661.543, 97
Trd, 4318662.943, 93
Trd, 4318663.893, 94
Trd, 4318664.343, 95
Trd, 4318665.443, 104
Trd, 4318669.343, 92
Trd, 4318669.493, 95
Trd, 4318669.643, 96
Trd, 4318670.743, 96
Trd, 4318671.493, 92
Trd, 4318671.593, 91
Trd, 4318673.693, 90
Trd, 4318674.493, 95
Trd, 4318674.843, 113
Trd, 4318675.193, 96
Trd, 4318676.493, 91
Trd, 4318678.993, 96
Trd, 4318680.743, 92
Trd, 4318681.043, 95
Trd, 4318682.543, 90
Trd, 4318682.993, 94
Trd, 4318684.743, 94
Trd, 4318685.443, 90
Trd, 4318687.693, 93
Trd, 4318688.543, 93
Trd, 4318692.193, 92
Trd, 4318693.593, 92
Trd, 4318693.643, 90
Trd, 4318696.243, 90
Trd, 4318696.293, 92
Trd, 4318699.093, 90
Trd, 4318699.243, 91
Trd, 4318700.043, 91
Trd, 4318702.043, 91
Trd, 4318702.243, 89
Trd, 4318702.593, 95
Trd, 4318704.443, 92
Trd, 4318705.993, 92
Trd, 4318707.443, 95
Trd, 4318708.643, 92
Trd, 4318708.843, 95
Trd, 4318709.743, 102
Trd, 4318710.743, 74
Trd, 4318711.243, 104
Trd, 4318712.093, 122
Trd, 4318712.793, 104
Trd, 4318714.493, 109
Trd, 4318716.843, 103
Trd, 4318718.293, 111
Trd, 4318718.343, 107
Trd, 4318718.443, 76
Trd, 4318719.643, 111
Trd, 4318720.493, 104
Trd, 4318721.743, 104
Trd, 4318721.993, 100
Trd, 4318725.693, 103
Trd, 4318726.193, 104
Trd, 4318726.343, 100
Trd, 4318727.393, 105
Trd, 4318728.393, 104
Trd, 4318730.493, 104
Trd, 4318731.343, 104
Trd, 4318733.393, 102
Trd, 4318733.493, 103
Trd, 4318738.393, 103
Trd, 4318738.943, 101
Trd, 4318739.693, 104
Trd, 4318740.993, 103
Trd, 4318741.693, 102
Trd, 4318742.043, 103
Trd, 4318745.843, 94
Trd, 4318745.893, 100
Trd, 4318747.443, 96
Trd, 4318747.893, 96
Trd, 4318750.393, 87
Trd, 4318750.593, 93
Trd, 4318751.343, 96
Trd, 4318751.443, 92
Trd, 4318751.943, 104
Trd, 4318752.943, 95
Trd, 4318753.743, 93
Trd, 4318755.843, 92
Trd, 4318756.293, 91
Trd, 4318757.193, 102
Trd, 4318759.143, 95
Trd, 4318761.193, 94
Trd, 4318761.643, 91
Trd, 4318762.693, 75
Trd, 4318763.743, 94
Trd, 4318764.543, 93
Trd, 4318766.593, 93
Trd, 4318767.893, 93
Trd, 4318767.943, 95
Trd, 4318769.093, 104
Trd, 4318770.643, 87
Trd, 4318772.143, 92
Trd, 4318772.693, 95
Trd, 4318775.043, 86
Trd, 4318775.243, 91
Trd, 4318779.993, 89
Trd, 4318780.443, 86
Trd, 4318780.943, 89
Trd, 4318781.443, 89
Trd, 4318783.193, 86
Trd, 4318784.893, 89
Trd, 4318787.293, 86
Trd, 4318788.943, 88
Trd, 4318790.043, 86
Trd, 4318790.443, 87
Trd, 4318791.843, 87
Trd, 4318793.743, 95
Trd, 4318794.893, 85
Trd, 4318795.593, 85
Trd, 4318795.943, 88
Trd, 4318796.193, 89
Trd, 4318798.993, 97
Trd, 4318801.343, 84
Trd, 4318803.693, 89
Trd, 4318803.993, 89
Trd, 4318804.993, 95
Trd, 4318806.343, 93
Trd, 4318806.543, 83
Trd, 4318807.293, 89
Trd, 4318808.593, 89
Trd, 4318808.843, 104
Trd, 4318812.143, 83
Trd, 4318813.343, 88
Trd, 4318813.993, 88
Trd, 4318814.293, 89
Trd, 4318816.643, 89
Trd, 4318816.693, 82
Trd, 4318820.143, 81
Trd, 4318820.793, 86
Trd, 4318820.843, 87
Trd, 4318822.393, 95
Trd, 4318824.193, 90
Trd, 4318824.493, 104
Trd, 4318827.743, 88
Trd, 4318827.793, 80
Trd, 4318829.393, 80
Trd, 4318831.643, 85
Trd, 4318831.993, 87
Trd, 4318832.543, 95
Trd, 4318835.643, 102
Trd, 4318837.043, 95
Trd, 4318837.793, 80
Trd, 4318838.893, 88
Trd, 4318841.543, 87
Trd, 4318841.643, 88
Trd, 4318842.093, 79
Trd, 4318843.993, 87
Trd, 4318846.143, 104
Trd, 4318846.943, 100
Trd, 4318847.093, 99
Trd, 4318847.293, 104
Trd, 4318848.893, 94
Trd, 4318849.793, 110
Trd, 4318850.443, 113
Trd, 4318853.193, 98
Trd, 4318853.443, 98
Trd, 4318853.543, 99
Trd, 4318856.093, 98
Trd, 4318857.343, 98
Trd, 4318857.443, 97
Trd, 4318858.893, 99
Trd, 4318859.143, 105
Trd, 4318859.593, 104
Trd, 4318861.243, 106
Trd, 4318862.493, 113
Trd, 4318863.443, 107
Trd, 4318866.243, 99
Trd, 4318866.593, 102
Trd, 4318868.743, 104
Trd, 4318869.043, 102
Trd, 4318869.143, 102
Trd, 4318870.093, 100
Trd, 4318870.393, 99
Trd, 4318871.793, 105
Trd, 4318872.693, 94
Trd, 4318875.043, 100
Trd, 4318876.943, 99
Trd, 4318877.293, 100
Trd, 4318878.043, 100
Trd, 4318878.393, 105
Trd, 4318879.393, 112
Trd, 4318879.843, 93
Trd, 4318879.893, 114
Trd, 4318882.643, 103
Trd, 4318882.843, 103
Trd, 4318884.743, 101
Trd, 4318885.093, 102
Trd, 4318885.693, 104
Trd, 4318888.093, 100
Trd, 4318888.543, 101
Trd, 4318889.693, 101
Trd, 4318890.593, 101
Trd, 4318892.393, 101
Trd, 4318893.993, 101
Trd, 4318895.143, 100
Trd, 4318896.143, 100
Trd, 4318896.243, 101
Trd, 4318896.743, 104
Trd, 4318899.293, 76
Trd, 4318899.493, 95
Trd, 4318901.643, 93
Trd, 4318902.093, 96
Trd, 4318903.793, 95
Trd, 4318905.143, 104
Trd, 4318905.393, 100
Trd, 4318905.893, 94
Trd, 4318906.043, 113
Trd, 4318906.843, 113
Trd, 4318907.993, 108
Trd, 4318909.043, 110
Trd, 4318909.843, 103
Trd, 4318910.693, 93
Trd, 4318911.393, 113
Trd, 4318912.543, 100
Trd, 4318914.343, 104
Trd, 4318914.693, 103
Trd, 4318915.243, 102
Trd, 4318917.193, 97
Trd, 4318918.443, 91
Trd, 4318918.643, 99
Trd, 4318919.993, 98
Trd, 4318920.293, 98
Trd, 4318923.593, 98
Trd, 4318924.193, 97
Trd, 4318924.943, 96
Trd, 4318925.693, 95
Trd, 4318926.393, 95
Trd, 4318929.343, 94
Trd, 4318929.543, 95
Trd, 4318929.593, 94
Trd, 4318930.743, 94
Trd, 4318932.343, 88
Trd, 4318932.443, 90
Trd, 4318933.643, 95
Trd, 4318933.693, 89
Trd, 4318936.393, 103
Trd, 4318937.543, 95
Trd, 4318938.643, 97
Trd, 4318939.493, 90
Trd, 4318941.593, 91
Trd, 4318942.943, 92
Trd, 4318943.743, 89
Trd, 4318944.193, 95
Trd, 4318944.893, 105
Trd, 4318946.093, 94
Trd, 4318946.493, 93
Trd, 4318947.943, 95
Trd, 4318949.043, 111
Trd, 4318950.543, 97
Trd, 4318952.293, 96
Trd, 4318953.543, 97
Trd, 4318954.143, 94
Trd, 4318955.393, 89
Trd, 4318957.243, 91
Trd, 4318957.343, 95
Trd, 4318957.743, 93
Trd, 4318959.143, 91
Trd, 4318959.893, 92
Trd, 4318962.443, 91
Trd, 4318962.593, 95
Trd, 4318963.643, 91
Trd, 4318964.893, 94
Trd, 4318966.243, 93
Trd, 4318967.543, 92
Trd, 4318969.593, 95
Trd, 4318970.943, 90
Trd, 4318971.993, 92
Trd, 4318972.343, 89
Trd, 4318974.093, 89
Trd, 4318974.243, 90
Trd, 4318976.143, 95
Trd, 4318976.893, 91
Trd, 4318978.393, 104
Trd, 4318978.943, 105
Trd, 4318980.393, 94
Trd, 4318981.543, 103
Trd, 4318985.193, 102
Trd, 4318985.593, 97
Trd, 4318986.243, 95
Trd, 4318988.093, 94
Trd, 4318988.243, 97
Trd, 4318989.443, 97
Trd, 4318990.293, 97
Trd, 4318992.543, 94
Trd, 4318994.043, 97
Trd, 4318994.393, 97
Trd, 4318996.943, 94
Trd, 4318997.643, 93
Trd, 4318998.843, 96
Trd, 4319002.193, 95
Trd, 4319003.043, 95
Trd, 4319004.243, 96
Trd, 4319005.793, 92
Trd, 4319006.743, 92
Trd, 4319007.593, 91
Trd, 4319007.943, 95
Trd, 4319009.993, 95
Trd, 4319010.243, 104
Trd, 4319010.743, 100
Trd, 4319012.243, 101
Trd, 4319012.593, 93
Trd, 4319013.093, 113
Trd, 4319015.793, 99
Trd, 4319017.743, 98
Trd, 4319018.343, 96
Trd, 4319018.743, 98
Trd, 4319021.193, 98
Trd, 4319021.443, 95
Trd, 4319022.193, 97
Trd, 4319024.693, 97
Trd, 4319025.043, 94
Trd, 4319025.843, 97
Trd, 4319028.593, 96
Trd, 4319029.343, 93
Trd, 4319029.393, 94
Trd, 4319030.043, 96
Trd, 4319032.643, 93
Trd, 4319034.043, 93
Trd, 4319034.293, 95
Trd, 4319035.893, 95
Trd, 4319037.593, 92
Trd, 4319038.743, 113
Trd, 4319039.393, 105
Trd, 4319039.593, 106
Trd, 4319040.343, 106
Trd, 4319041.443, 105
Trd, 4319041.793, 113
Trd, 4319043.943, 122
Trd, 4319044.243, 102
Trd, 4319046.593, 108
Trd, 4319047.043, 107
Trd, 4319048.943, 111
Trd, 4319049.493, 110
Trd, 4319051.443, 109
Trd, 4319051.693, 107
Trd, 4319051.993, 91
Trd, 4319052.543, 103
Trd, 4319052.643, 106
Trd, 4319054.643, 76
Trd, 4319055.793, 104
Trd, 4319056.793, 104
Trd, 4319060.193, 101
Trd, 4319061.743, 103
Trd, 4319062.793, 99
Trd, 4319063.743, 103
Trd, 4319064.443, 103
Trd, 4319065.743, 99
Trd, 4319066.043, 103
Trd, 4319067.893, 104
Trd, 4319068.243, 104
Trd, 4319069.993, 93
Trd, 4319071.943, 104
Trd, 4319073.643, 103
Trd, 4319073.693, 96
Trd, 4319074.793, 102
Trd, 4319075.193, 103
Trd, 4319081.043, 100
Trd, 4319081.443, 96
Trd, 4319082.793, 100
Trd, 4319082.893, 95
Trd, 4319083.193, 99
Trd, 4319084.743, 99
Trd, 4319085.693, 99
Trd, 4319086.193, 100
Trd, 4319090.893, 94
Trd, 4319091.193, 96
Trd, 4319091.643, 97
Trd, 4319092.693, 95
Trd, 4319093.243, 95
Trd, 4319093.693, 93
Trd, 4319094.493, 93
Trd, 4319097.843, 93
Trd, 4319098.143, 94
Trd, 4319098.493, 113
Trd, 4319099.243, 97
Trd, 4319099.693, 96
Trd, 4319100.593, 90
Trd, 4319102.043, 104
Trd, 4319103.093, 91
Trd, 4319103.793, 98
Trd, 4319106.143, 95
Trd, 4319106.993, 104
Trd, 4319107.343, 92
Trd, 4319109.893, 95
Trd, 4319109.943, 96
Trd, 4319112.743, 95
Trd, 4319113.593, 93
Trd, 4319114.493, 92
Trd, 4319114.743, 92
Trd, 4319115.793, 93
Trd, 4319118.493, 92
Trd, 4319120.143, 91
Trd, 4319120.193, 92
Trd, 4319120.993, 93
Trd, 4319121.793, 104
Trd, 4319123.993, 93
Trd, 4319124.793, 103
Trd, 4319126.393, 100
Trd, 4319127.543, 111
Trd, 4319128.843, 106
Trd, 4319128.993, 99
Trd, 4319129.193, 99
Trd, 4319133.093, 98
Trd, 4319133.443, 93
Trd, 4319134.043, 99
Trd, 4319134.343, 96
Trd, 4319134.443, 106
Trd, 4319135.793, 99
Trd, 4319136.443, 99
Trd, 4319137.943, 99
Trd, 4319140.393, 99
Trd, 4319141.293, 98
Trd, 4319141.343, 104
Trd, 4319144.443, 97
Trd, 4319144.743, 97
Trd, 4319145.293, 96
Trd, 4319145.943, 97
Trd, 4319146.143, 104
Trd, 4319148.193, 109
Trd, 4319148.493, 103
Trd, 4319149.743, 94
Trd, 4319150.943, 99
Trd, 4319152.143, 90
Trd, 4319153.693, 106
Trd, 4319154.243, 96
Trd, 4319154.693, 96
Trd, 4319154.993, 98
Trd, 4319157.243, 97
Trd, 4319158.343, 102
Trd, 4319159.393, 97
Trd, 4319159.493, 104
Trd, 4319159.993, 93
Trd, 4319160.343, 113
Trd, 4319161.793, 94
Trd, 4319162.143, 95
Trd, 4319166.243, 94
Trd, 4319166.543, 96
Trd, 4319167.843, 105
Trd, 4319168.443, 103
Trd, 4319169.143, 95
Trd, 4319170.643, 96
Trd, 4319170.693, 104
Trd, 4319171.793, 104
Trd, 4319172.443, 105
Trd, 4319172.543, 94
Trd, 4319176.393, 95
Trd, 4319176.543, 95
Trd, 4319176.743, 113
Trd, 4319176.793, 76
Trd, 4319177.893, 122
Trd, 4319179.393, 101
Trd, 4319180.593, 102
Trd, 4319181.043, 104
Trd, 4319181.393, 116
Trd, 4319182.143, 105
Trd, 4319183.093, 102
Trd, 4319184.943, 101
Trd, 4319185.893, 92
Trd, 4319186.543, 101
Trd, 4319187.843, 104
Trd, 4319191.193, 102
Trd, 4319191.643, 102
Trd, 4319193.643, 100
Trd, 4319194.943, 101
Trd, 4319195.443, 101
Trd, 4319195.643, 100
Trd, 4319195.743, 102
Trd, 4319196.043, 91
Trd, 4319197.593, 104
Trd, 4319199.993, 98
Trd, 4319203.293, 98
Trd, 4319204.643, 98
Trd, 4319204.843, 97
Trd, 4319205.893, 97
Trd, 4319206.293, 98
Trd, 4319206.593, 104
Trd, 4319208.993, 96
Trd, 4319210.043, 97
Trd, 4319211.043, 95
Trd, 4319211.293, 97
Trd, 4319213.093, 94
Trd, 4319214.343, 93
Trd, 4319214.543, 95
Trd, 4319215.843, 95
Trd, 4319215.893, 104
Trd, 4319216.343, 92
Trd, 4319218.043, 95
Trd, 4319218.943, 95
Trd, 4319220.743, 95
Trd, 4319223.143, 91
Trd, 4319224.293, 93
Trd, 4319224.843, 90
Trd, 4319225.293, 95
Trd, 4319227.593, 93
Trd, 4319228.293, 89
Trd, 4319230.093, 93
Trd, 4319231.443, 92
Trd, 4319233.393, 93
Trd, 4319234.493, 89
Trd, 4319235.493, 93
Trd, 4319235.643, 95
Trd, 4319237.293, 93
Trd, 4319238.093, 104
Trd, 4319239.743, 88
Trd, 4319240.693, 95
Trd, 4319243.993, 91
Trd, 4319244.493, 87
Trd, 4319245.293, 92
Trd, 4319245.343, 112
Trd, 4319249.843, 92
Trd, 4319249.893, 93
Trd, 4319250.393, 95
Trd, 4319250.743, 86
Trd, 4319251.893, 111
Trd, 4319252.143, 86
Trd, 4319253.693, 104
Trd, 4319255.293, 97
Trd, 4319255.743, 98
Trd, 4319256.393, 102
Trd, 4319257.193, 104
Trd, 4319258.793, 99
Trd, 4319258.943, 97
Trd, 4319262.643, 95
Trd, 4319262.693, 101
Trd, 4319263.693, 94
Trd, 4319265.593, 94
Trd, 4319267.243, 94
Trd, 4319268.243, 94
Trd, 4319268.293, 93
Trd, 4319270.193, 95
Trd, 4319270.343, 104
Trd, 4319273.543, 94
Trd, 4319273.643, 95
Trd, 4319273.943, 95
Trd, 4319275.343, 95
Trd, 4319275.493, 93
Trd, 4319277.393, 95
Trd, 4319278.543, 95
Trd, 4319280.343, 92
Trd, 4319280.493, 95
Trd, 4319284.043, 95
Trd, 4319285.143, 91
Trd, 4319285.793, 94
Trd, 4319286.893, 94
Trd, 4319288.993, 95
Trd, 4319290.543, 90
Trd, 4319291.093, 92
Trd, 4319291.593, 92
Trd, 4319292.943, 89
Trd, 4319294.093, 90
Trd, 4319295.743, 95
Trd, 4319297.693, 91
Trd, 4319298.443, 93
Trd, 4319299.543, 89
Trd, 4319299.593, 104
Trd, 4319302.143, 90
Trd, 4319305.843, 89
Trd, 4319306.593, 91
Trd, 4319307.043, 93
Trd, 4319308.243, 91
Trd, 4319308.393, 95
Trd, 4319310.193, 91
Trd, 4319312.693, 90
Trd, 4319314.493, 90
Trd, 4319314.593, 89
Trd, 4319315.343, 88
Trd, 4319316.043, 93
Trd, 4319318.493, 95
Trd, 4319319.743, 113
Trd, 4319321.293, 91
Trd, 4319322.343, 92
Trd, 4319323.593, 90
Trd, 4319324.893, 91
Trd, 4319325.643, 89
Trd, 4319326.943, 91
Trd, 4319327.593, 91
Trd, 4319327.843, 95
Trd, 4319331.093, 88
Trd, 4319331.593, 87
Trd, 4319332.393, 88
Trd, 4319332.593, 88
Trd, 4319333.043, 105
Trd, 4319333.993, 95
Trd, 4319335.493, 87
Trd, 4319335.593, 86
Trd, 4319336.743, 87
Trd, 4319338.343, 86
Trd, 4319338.643, 87
Trd, 4319339.293, 87
Trd, 4319339.693, 85
Trd, 4319340.993, 94
Trd, 4319344.743, 90
Trd, 4319344.843, 83
Trd, 4319346.243, 93
Trd, 4319347.543, 89
Trd, 4319348.593, 95
Trd, 4319351.293, 84
Trd, 4319351.793, 90
Trd, 4319353.843, 90
Trd, 4319356.093, 90
Trd, 4319356.843, 83
Trd, 4319356.943, 92
Trd, 4319358.043, 90
Trd, 4319360.393, 90
Trd, 4319360.793, 82
Trd, 4319361.493, 95
Trd, 4319363.893, 90
Trd, 4319363.943, 93
Trd, 4319365.743, 94
Trd, 4319368.043, 81
Trd, 4319369.193, 87
Trd, 4319370.643, 87
Trd, 4319373.143, 80
Trd, 4319373.393, 83
Trd, 4319374.743, 83
Trd, 4319377.193, 86
Trd, 4319377.843, 83
Trd, 4319378.393, 79
Trd, 4319378.893, 95
Trd, 4319379.693, 105
Trd, 4319380.543, 79
Trd, 4319381.393, 90
Trd, 4319382.343, 87
Trd, 4319385.243, 79
Trd, 4319385.693, 87
Trd, 4319386.143, 93
Trd, 4319388.943, 91
Trd, 4319390.143, 95
Trd, 4319390.743, 104
Trd, 4319391.693, 105
Trd, 4319393.343, 94
Trd, 4319395.243, 97
Trd, 4319397.193, 97
Trd, 4319397.443, 93
Trd, 4319398.893, 94
Trd, 4319400.493, 92
Trd, 4319402.143, 92
Trd, 4319402.493, 92
Trd, 4319402.543, 91
Trd, 4319404.243, 95
Trd, 4319405.393, 93
Trd, 4319406.443, 104
Trd, 4319408.143, 94
Trd, 4319408.643, 95
Trd, 4319409.993, 93
Trd, 4319410.593, 94
Trd, 4319411.893, 95
Trd, 4319414.193, 93
Trd, 4319414.393, 94
Trd, 4319415.643, 104
Trd, 4319417.393, 96
Trd, 4319417.443, 97
Trd, 4319418.793, 94
Trd, 4319420.593, 96
Trd, 4319421.143, 96
Trd, 4319423.243, 95
Trd, 4319423.993, 93
Trd, 4319424.193, 95
Trd, 4319425.693, 95
Trd, 4319427.493, 93
Trd, 4319428.193, 94
Trd, 4319428.843, 92
Trd, 4319429.343, 95
Trd, 4319430.643, 94
Trd, 4319432.343, 94
Trd, 4319433.643, 95
Trd, 4319434.393, 95
Trd, 4319434.843, 103
Trd, 4319436.093, 93
Trd, 4319436.243, 113
Trd, 4319437.493, 97
Trd, 4319439.343, 106
Trd, 4319441.493, 95
Trd, 4319442.943, 92
Trd, 4319444.343, 95
Trd, 4319444.943, 95
Trd, 4319446.043, 94
Trd, 4319446.343, 95
Trd, 4319447.443, 91
Trd, 4319448.743, 93
Trd, 4319452.843, 93
Trd, 4319452.993, 93
Trd, 4319453.493, 90
Trd, 4319453.943, 94
Trd, 4319456.643, 94
Trd, 4319458.243, 89
Trd, 4319458.443, 91
Trd, 4319460.043, 91
Trd, 4319461.643, 91
Trd, 4319464.043, 88
Trd, 4319465.093, 95
Trd, 4319466.193, 104
Trd, 4319466.493, 105
Trd, 4319467.943, 100
Trd, 4319469.593, 96
Trd, 4319469.793, 97
Trd, 4319472.893, 96
Trd, 4319472.943, 94
Trd, 4319474.793, 94
Trd, 4319475.143, 94
Trd, 4319476.143, 92
Trd, 4319476.843, 96
Trd, 4319476.943, 104
Trd, 4319478.093, 99
Trd, 4319480.543, 94
Trd, 4319481.743, 96
Trd, 4319482.593, 92
Trd, 4319482.993, 95
Trd, 4319484.343, 93
Trd, 4319486.393, 92
Trd, 4319487.543, 95
Trd, 4319489.593, 91
Trd, 4319489.793, 92
Trd, 4319490.043, 92
Trd, 4319491.693, 95
Trd, 4319491.843, 104
Trd, 4319492.243, 90
Trd, 4319493.893, 113
Trd, 4319495.393, 109
Trd, 4319497.193, 113
Trd, 4319497.993, 104
Trd, 4319499.593, 106
Trd, 4319499.843, 109
Trd, 4319500.643, 105
Trd, 4319501.843, 90
Trd, 4319502.493, 108
Trd, 4319505.843, 104
Trd, 4319506.393, 104
Trd, 4319507.393, 105
Trd, 4319507.643, 102
Trd, 4319508.893, 103
Trd, 4319513.243, 101
Trd, 4319513.593, 102
Trd, 4319514.993, 103
Trd, 4319515.143, 104
Trd, 4319517.093, 102
Trd, 4319517.193, 101
Trd, 4319517.543, 103
Trd, 4319517.593, 103
Trd, 4319519.793, 102
Trd, 4319521.143, 102
Trd, 4319522.243, 103
Trd, 4319523.993, 101
Trd, 4319524.593, 103
Trd, 4319525.743, 102
Trd, 4319526.693, 100
Trd, 4319527.193, 101
Trd, 4319529.143, 101
Trd, 4319531.493, 101
Trd, 4319534.043, 100
Trd, 4319534.193, 101
Trd, 4319534.393, 101
Trd, 4319535.043, 94
Trd, 4319535.093, 104
Trd, 4319535.993, 97
Trd, 4319537.393, 102
Trd, 4319538.193, 102
Trd, 4319540.343, 102
Trd, 4319541.543, 101
Trd, 4319541.893, 101
Trd, 4319542.243, 104
Trd, 4319542.893, 100
Trd, 4319544.443, 99
Trd, 4319547.093, 93
Trd, 4319547.193, 95
Trd, 4319547.293, 97
Trd, 4319548.493, 80
Trd, 4319548.693, 103
Trd, 4319548.843, 104
Trd, 4319549.893, 76
Trd, 4319552.493, 99
Trd, 4319552.843, 104
Trd, 4319554.893, 97
Trd, 4319556.293, 95
Trd, 4319556.943, 92
Trd, 4319558.093, 95
Trd, 4319558.693, 93
Trd, 4319559.243, 95
Trd, 4319562.143, 95
Trd, 4319562.593, 95
Trd, 4319562.843, 113
Trd, 4319566.893, 95
Trd, 4319567.593, 91
Trd, 4319568.093, 93
Trd, 4319570.843, 92
Trd, 4319572.293, 92
Trd, 4319573.143, 90
Trd, 4319574.193, 89
Trd, 4319574.993, 93
Trd, 4319576.493, 95
Trd, 4319578.643, 106
Trd, 4319578.893, 104
Trd, 4319579.693, 93
Trd, 4319580.193, 96
Trd, 4319580.843, 102
Trd, 4319583.043, 104
Trd, 4319584.093, 98
Trd, 4319584.293, 95
Trd, 4319586.343, 122
Trd, 4319587.693, 113
Trd, 4319588.593, 104
Trd, 4319589.393, 109
Trd, 4319590.293, 104
Trd, 4319590.943, 106
Trd, 4319592.443, 94
Trd, 4319592.543, 104
Trd, 4319594.943, 96
Trd, 4319595.143, 97
Trd, 4319596.893, 115
Trd, 4319597.493, 104
Trd, 4319597.893, 113
Trd, 4319598.243, 93
Trd, 4319599.143, 122
Trd, 4319599.493, 118
Trd, 4319602.293, 92
Trd, 4319602.693, 102
Trd, 4319603.343, 103
Trd, 4319604.693, 105
Trd, 4319605.093, 93
Trd, 4319606.393, 99
Trd, 4319606.993, 98
Trd, 4319607.493, 96
Trd, 4319608.393, 104
Trd, 4319608.543, 76
Trd, 4319609.743, 96
Trd, 4319610.843, 70
Trd, 4319612.243, 104
Trd, 4319612.693, 104
Trd, 4319615.043, 96
Trd, 4319616.043, 92
Trd, 4319617.443, 104
Trd, 4319619.043, 98
Trd, 4319619.893, 99
Trd, 4319621.393, 95
Trd, 4319622.543, 96
Trd, 4319623.393, 98
Trd, 4319623.693, 98
Trd, 4319625.143, 95
Trd, 4319626.143, 97
Trd, 4319629.093, 96
Trd, 4319629.193, 94
Trd, 4319629.393, 97
Trd, 4319630.593, 96
Trd, 4319631.293, 96
Trd, 4319632.643, 94
Trd, 4319635.193, 93
Trd, 4319636.393, 95
Trd, 4319637.243, 94
Trd, 4319637.843, 94
Trd, 4319641.143, 92
Trd, 4319642.043, 95
Trd, 4319642.543, 94
Trd, 4319643.293, 95
Trd, 4319644.343, 95
Trd, 4319648.193, 93
Trd, 4319648.793, 91
Trd, 4319650.893, 92
Trd, 4319651.143, 93
Trd, 4319651.643, 90
Trd, 4319652.643, 95
Trd, 4319654.843, 91
Trd, 4319656.143, 91
Trd, 4319657.493, 92
Trd, 4319657.893, 89
Trd, 4319660.043, 88
Trd, 4319661.043, 90
Trd, 4319663.043, 95
Trd, 4319663.793, 88
Trd, 4319664.293, 92
Trd, 4319665.193, 104
Trd, 4319668.093, 87
Trd, 4319668.543, 93
Trd, 4319670.093, 92
Trd, 4319670.393, 95
Trd, 4319671.893, 88
Trd, 4319673.993, 90
Trd, 4319674.293, 89
Trd, 4319674.893, 91
Trd, 4319675.393, 104
Trd, 4319678.443, 94
Trd, 4319678.593, 95
Trd, 4319679.093, 90
Trd, 4319680.543, 90
Trd, 4319684.243, 90
Trd, 4319684.493, 90
Trd, 4319685.043, 95
Trd, 4319688.043, 91
Trd, 4319688.393, 90
Trd, 4319688.993, 95
Trd, 4319689.343, 113
Trd, 4319690.193, 89
Trd, 4319691.193, 104
Trd, 4319691.943, 106
Trd, 4319692.743, 71
Trd, 4319695.193, 88
Trd, 4319697.043, 92
Trd, 4319698.343, 92
Trd, 4319698.643, 93
Trd, 4319701.443, 92
Trd, 4319702.843, 92
Trd, 4319703.293, 89
Trd, 4319703.843, 91
Trd, 4319706.943, 91
Trd, 4319708.293, 88
Trd, 4319709.093, 89
Trd, 4319709.493, 92
Trd, 4319711.843, 93
Trd, 4319713.843, 104
Trd, 4319714.543, 93
Trd, 4319716.043, 96
Trd, 4319717.643, 106
Trd, 4319718.243, 104
Trd, 4319719.493, 103
Trd, 4319719.993, 98
Trd, 4319720.543, 94
Trd, 4319720.993, 97
Trd, 4319721.893, 92
Trd, 4319723.043, 104
Trd, 4319723.193, 105
Trd, 4319724.243, 98
Trd, 4319725.993, 111
Trd, 4319726.443, 99
Trd, 4319726.893, 111
Trd, 4319727.943, 113
Trd, 4319728.993, 105
Trd, 4319729.393, 103
Trd, 4319731.293, 103
Trd, 4319732.343, 111
Trd, 4319733.543, 112
Trd, 4319734.843, 92
Trd, 4319735.893, 104
Trd, 4319739.493, 102
Trd, 4319740.393, 104
Trd, 4319740.843, 104
Trd, 4319742.143, 101
Trd, 4319745.193, 100
Trd, 4319745.243, 103
Trd, 4319745.393, 103
Trd, 4319745.793, 113
Trd, 4319746.393, 108
Trd, 4319748.193, 111
Trd, 4319749.243, 107
Trd, 4319749.793, 106
Trd, 4319751.593, 104
Trd, 4319752.443, 104
Trd, 4319753.093, 70
Trd, 4319755.143, 105
Trd, 4319755.443, 105
Trd, 4319756.693, 104
Trd, 4319757.743, 98
Trd, 4319757.793, 104
Trd, 4319760.293, 105
Trd, 4319762.943, 104
Trd, 4319764.193, 102
Trd, 4319764.743, 104
Trd, 4319767.293, 101
Trd, 4319767.443, 102
Trd, 4319769.393, 102
Trd, 4319770.443, 103
Trd, 4319770.643, 100
Trd, 4319772.043, 102
Trd, 4319772.543, 99
Trd, 4319772.793, 101
Trd, 4319773.193, 101
Trd, 4319776.593, 99
Trd, 4319778.143, 99
Trd, 4319779.343, 99
Trd, 4319779.693, 99
Trd, 4319780.543, 98
Trd, 4319781.743, 98
Trd, 4319782.093, 100
Trd, 4319783.143, 100
Trd, 4319784.793, 112
Trd, 4319785.443, 101
Trd, 4319786.143, 102
Trd, 4319787.443, 112
Trd, 4319788.143, 109
Trd, 4319791.843, 103
Trd, 4319791.993, 101
Trd, 4319792.143, 104
Trd, 4319793.743, 102
Trd, 4319795.493, 104
Trd, 4319796.493, 105
Trd, 4319798.593, 113
Trd, 4319800.343, 104
Trd, 4319800.593, 106
Trd, 4319802.093, 103
Trd, 4319804.693, 103
Trd, 4319805.843, 102
Trd, 4319806.193, 94
Trd, 4319806.543, 102
Trd, 4319806.743, 103
Trd, 4319808.593, 99
Trd, 4319808.893, 102
Trd, 4319810.943, 102
Trd, 4319813.293, 100
Trd, 4319814.643, 99
Trd, 4319815.943, 98
Trd, 4319815.993, 99
Trd, 4319817.443, 98
Trd, 4319818.943, 98
Trd, 4319819.193, 93
Trd, 4319820.193, 96
Trd, 4319820.793, 93
Trd, 4319822.943, 96
Trd, 4319823.593, 104
Trd, 4319824.943, 104
Trd, 4319826.543, 100
Trd, 4319827.043, 103
Trd, 4319827.193, 99
Trd, 4319827.493, 99
Trd, 4319830.293, 95
Trd, 4319830.543, 97
Trd, 4319832.343, 97
Trd, 4319833.093, 95
Trd, 4319834.743, 97
Trd, 4319835.543, 104
Trd, 4319836.293, 113
Trd, 4319838.793, 98
Trd, 4319841.243, 93
Trd, 4319841.493, 87
Trd, 4319842.643, 93
Trd, 4319842.743, 94
Trd, 4319846.193, 93
Trd, 4319847.093, 92
Trd, 4319847.293, 91
Trd, 4319848.693, 104
Trd, 4319849.643, 102
Trd, 4319851.443, 95
Trd, 4319852.093, 98
Trd, 4319852.893, 94
Trd, 4319855.743, 94
Trd, 4319855.793, 95
Trd, 4319856.643, 93
Trd, 4319857.193, 104
Trd, 4319858.343, 97
Trd, 4319860.593, 107
Trd, 4319861.543, 110
Trd, 4319863.793, 107
Trd, 4319864.443, 113
Trd, 4319865.293, 104
Trd, 4319866.393, 106
Trd, 4319866.993, 104
Trd, 4319868.793, 72
Trd, 4319869.493, 105
Trd, 4319872.343, 97
Trd, 4319873.943, 97
Trd, 4319874.193, 93
Trd, 4319875.543, 97
Trd, 4319877.843, 95
Trd, 4319878.643, 96
Trd, 4319879.493, 96
Trd, 4319879.893, 94
Trd, 4319880.693, 104
Trd, 4319881.543, 94
Trd, 4319883.843, 104
Trd, 4319885.593, 104
Trd, 4319885.643, 76
Trd, 4319885.993, 113
Trd, 4319886.493, 107
Trd, 4319888.743, 99
Trd, 4319889.393, 100
Trd, 4319890.843, 101
Trd, 4319891.093, 113
Trd, 4319892.843, 103
Trd, 4319893.143, 101
Trd, 4319893.943, 87
Trd, 4319895.293, 99
Trd, 4319896.593, 99
Trd, 4319896.793, 95
Trd, 4319900.093, 96
Trd, 4319900.643, 97
Trd, 4319901.693, 98
Trd, 4319902.443, 97
Trd, 4319904.543, 96
Trd, 4319905.693, 95
Trd, 4319907.393, 96
Trd, 4319907.543, 95
Trd, 4319908.343, 95
Trd, 4319910.893, 95
Trd, 4319912.443, 95
Trd, 4319913.043, 95
Trd, 4319914.093, 94
Trd, 4319915.343, 100
Trd, 4319917.543, 99
Trd, 4319917.693, 97
Trd, 4319917.893, 104
Trd, 4319918.343, 93
Trd, 4319920.293, 95
Trd, 4319922.043, 96
Trd, 4319923.393, 96
Trd, 4319924.043, 95
Trd, 4319924.393, 104
Trd, 4319925.243, 104
Trd, 4319925.393, 98
Trd, 4319925.993, 94
Trd, 4319926.443, 103
Trd, 4319928.443, 97
Trd, 4319932.193, 96
Trd, 4319932.543, 98
Trd, 4319933.843, 98
Trd, 4319934.243, 98
Trd, 4319936.493, 104
Trd, 4319937.493, 113
Trd, 4319937.743, 108
Trd, 4319938.243, 97
Trd, 4319940.793, 93
Trd, 4319941.943, 94
Trd, 4319943.743, 93
Trd, 4319943.943, 94
Trd, 4319944.843, 96
Trd, 4319945.143, 104
Trd, 4319945.793, 101
Trd, 4319947.293, 104
Trd, 4319948.443, 111
Trd, 4319950.243, 105
Trd, 4319951.293, 104
Trd, 4319952.943, 103
Trd, 4319953.393, 108
Trd, 4319955.993, 101
Trd, 4319956.493, 102
Trd, 4319957.793, 104
Trd, 4319958.493, 101
Trd, 4319960.443, 102
Trd, 4319961.493, 100
Trd, 4319961.943, 104
Trd, 4319963.343, 102
Trd, 4319963.793, 103
Trd, 4319965.543, 99
Trd, 4319966.493, 111
Trd, 4319968.093, 104
Trd, 4319969.293, 98
Trd, 4319969.843, 102
Trd, 4319972.093, 97
Trd, 4319973.093, 104
Trd, 4319973.393, 103
Trd, 4319973.943, 97
Trd, 4319975.943, 102
Trd, 4319976.593, 102
Trd, 4319978.693, 101
Trd, 4319979.543, 99
Trd, 4319980.293, 100
Trd, 4319980.543, 94
Trd, 4319980.993, 100
Trd, 4319982.743, 97
Trd, 4319984.193, 97
Trd, 4319985.093, 95
Trd, 4319985.543, 95
Trd, 4319985.943, 94
Trd, 4319987.343, 74
Trd, 4319989.043, 96
Trd, 4319989.143, 96
Trd, 4319989.993, 96
Trd, 4319993.593, 92
Trd, 4319993.643, 95
Trd, 4319994.693, 93
Trd, 4319995.943, 89
Trd, 4319997.593, 92
Trd, 4319997.743, 91
Trd, 4319999.393, 92
Trd, 4319999.843, 95
