Trd, 4317755.393, 88
Trd, 4317760.343, 89
Trd, 4317760.393, 88
Trd, 4317762.943, 93
Trd, 4317763.343, 93
Trd, 4317764.743, 95
Trd, 4317766.193, 92
Trd, 4317768.743, 92
Trd, 4317768.843, 95
Trd, 4317771.643, 94
Trd, 4317773.293, 94
Trd, 4317775.643, 95
Trd, 4317777.193, 95
Trd, 4317779.793, 96
Trd, 4317781.143, 95
Trd, 4317790.643, 95
Trd, 4317791.243, 94
Trd, 4317793.393, 95
Trd, 4317796.243, 93
Trd, 4317801.643, 92
Trd, 4317802.443, 92
Trd, 4317804.393, 95
Trd, 4317805.393, 95
Trd, 4317808.493, 92
Trd, 4317810.643, 92
Trd, 4317811.393, 93
Trd, 4317812.393, 93
Trd, 4317812.643, 95
Trd, 4317816.243, 95
Trd, 4317816.693, 92
Trd, 4317817.793, 94
Trd, 4317819.343, 95
Trd, 4317825.293, 91
Trd, 4317826.243, 94
Trd, 4317826.743, 93
Trd, 4317828.643, 91
Trd, 4317828.943, 91
Trd, 4317830.143, 92
Trd, 4317831.943, 90
Trd, 4317832.093, 92
Trd, 4317834.443, 95
Trd, 4317837.343, 89
Trd, 4317838.793, 88
Trd, 4317839.843, 93
Trd, 4317841.493, 88
Trd, 4317841.943, 93
Trd, 4317843.193, 93
Trd, 4317845.093, 95
Trd, 4317847.343, 91
Trd, 4317856.193, 93
Trd, 4317856.293, 91
Trd, 4317857.043, 90
Trd, 4317862.993, 90
Trd, 4317863.843, 90
Trd, 4317864.743, 93
Trd, 4317867.543, 93
Trd, 4317869.743, 94
Trd, 4317872.643, 91
Trd, 4317872.693, 91
Trd, 4317879.143, 91
Trd, 4317880.643, 93
Trd, 4317881.143, 91
Trd, 4317884.143, 93
Trd, 4317887.443, 91
Trd, 4317888.493, 93
Trd, 4317888.893, 91
Trd, 4317891.943, 93
Trd, 4317893.243, 90
Trd, 4317895.793, 90
Trd, 4317896.143, 90
Trd, 4317898.843, 93
Trd, 4317901.043, 95
Trd, 4317903.343, 89
Trd, 4317907.293, 94
Trd, 4317909.143, 89
Trd, 4317909.843, 93
Trd, 4317915.093, 95
Trd, 4317919.943, 91
Trd, 4317923.043, 90
Trd, 4317923.543, 89
Trd, 4317927.393, 90
Trd, 4317928.743, 89
Trd, 4317930.193, 90
Trd, 4317931.343, 89
Trd, 4317934.093, 90
Trd, 4317934.993, 89
Trd, 4317935.593, 89
Trd, 4317939.943, 88
Trd, 4317941.593, 89
Trd, 4317944.243, 89
Trd, 4317945.093, 88
Trd, 4317948.443, 88
Trd, 4317948.643, 89
Trd, 4317952.143, 90
Trd, 4317953.643, 95
Trd, 4317960.793, 90
Trd, 4317961.193, 87
Trd, 4317961.943, 89
Trd, 4317963.543, 93
Trd, 4317966.043, 90
Trd, 4317967.543, 90
Trd, 4317967.843, 92
Trd, 4317971.343, 93
Trd, 4317975.693, 89
Trd, 4317975.793, 93
Trd, 4317977.693, 91
Trd, 4317978.543, 89
Trd, 4317980.593, 88
Trd, 4317982.643, 87
Trd, 4317985.593, 89
Trd, 4317986.143, 92
Trd, 4317988.093, 93
Trd, 4317989.643, 89
Trd, 4317990.443, 93
Trd, 4317994.293, 88
Trd, 4317996.143, 91
Trd, 4318001.493, 89
Trd, 4318003.943, 88
Trd, 4318004.143, 87
Trd, 4318005.693, 88
Trd, 4318006.293, 86
Trd, 4318006.393, 86
Trd, 4318009.143, 91
Trd, 4318009.393, 95
Trd, 4318010.943, 94
Trd, 4318013.193, 94
Trd, 4318013.993, 92
Trd, 4318014.643, 92
Trd, 4318017.093, 95
Trd, 4318017.193, 91
Trd, 4318017.893, 99
Trd, 4318019.593, 95
Trd, 4318019.793, 96
Trd, 4318021.243, 104
Trd, 4318021.493, 97
Trd, 4318022.893, 97
Trd, 4318025.893, 96
Trd, 4318028.893, 95
Trd, 4318029.243, 97
Trd, 4318031.343, 94
Trd, 4318031.693, 97
Trd, 4318036.543, 95
Trd, 4318037.393, 97
Trd, 4318040.293, 94
Trd, 4318040.643, 97
Trd, 4318041.443, 94
Trd, 4318046.093, 94
Trd, 4318046.493, 97
Trd, 4318051.143, 97
Trd, 4318051.393, 93
Trd, 4318056.643, 92
Trd, 4318060.643, 96
Trd, 4318061.943, 91
Trd, 4318062.443, 91
Trd, 4318064.493, 94
Trd, 4318069.943, 90
Trd, 4318070.793, 93
Trd, 4318072.193, 90
Trd, 4318074.093, 92
Trd, 4318080.143, 93
Trd, 4318080.243, 89
Trd, 4318082.043, 93
Trd, 4318084.893, 88
Trd, 4318088.343, 90
Trd, 4318090.493, 89
Trd, 4318090.743, 90
Trd, 4318092.693, 87
Trd, 4318094.543, 87
Trd, 4318095.893, 90
Trd, 4318096.393, 95
Trd, 4318098.043, 94
Trd, 4318098.243, 93
Trd, 4318099.343, 93
Trd, 4318102.043, 92
Trd, 4318103.993, 92
Trd, 4318104.493, 95
Trd, 4318105.393, 88
Trd, 4318105.793, 91
Trd, 4318107.993, 90
Trd, 4318108.243, 93
Trd, 4318111.943, 89
Trd, 4318113.593, 93
Trd, 4318114.093, 94
Trd, 4318116.843, 88
Trd, 4318121.893, 93
Trd, 4318125.993, 87
Trd, 4318126.893, 90
Trd, 4318131.243, 89
Trd, 4318134.143, 87
Trd, 4318134.193, 89
Trd, 4318135.343, 86
Trd, 4318137.443, 85
Trd, 4318137.993, 89
Trd, 4318144.393, 85
Trd, 4318145.293, 88
Trd, 4318149.643, 86
Trd, 4318149.843, 88
Trd, 4318152.443, 88
Trd, 4318153.193, 86
Trd, 4318153.343, 86
Trd, 4318154.393, 88
Trd, 4318155.643, 95
Trd, 4318157.093, 90
Trd, 4318160.093, 92
Trd, 4318160.943, 91
Trd, 4318165.793, 91
Trd, 4318165.893, 90
Trd, 4318166.543, 90
Trd, 4318166.843, 90
Trd, 4318167.143, 89
Trd, 4318167.643, 89
Trd, 4318172.993, 102
Trd, 4318174.393, 102
Trd, 4318176.293, 122
Trd, 4318177.093, 102
Trd, 4318177.493, 107
Trd, 4318178.043, 102
Trd, 4318179.893, 102
Trd, 4318182.843, 102
Trd, 4318183.143, 102
Trd, 4318184.643, 102
Trd, 4318187.543, 101
Trd, 4318192.243, 100
Trd, 4318194.543, 102
Trd, 4318196.143, 100
Trd, 4318197.393, 100
Trd, 4318201.293, 100
Trd, 4318206.643, 99
Trd, 4318206.893, 101
Trd, 4318207.093, 98
Trd, 4318209.143, 97
Trd, 4318209.693, 101
Trd, 4318212.493, 97
Trd, 4318216.143, 101
Trd, 4318216.543, 96
Trd, 4318218.743, 95
Trd, 4318222.793, 99
Trd, 4318224.793, 95
Trd, 4318228.193, 95
Trd, 4318229.043, 97
Trd, 4318232.443, 95
Trd, 4318235.443, 95
Trd, 4318238.343, 97
Trd, 4318239.493, 93
Trd, 4318240.393, 93
Trd, 4318243.943, 96
Trd, 4318245.543, 92
Trd, 4318253.193, 92
Trd, 4318253.993, 92
Trd, 4318254.343, 96
Trd, 4318255.743, 91
Trd, 4318261.643, 90
Trd, 4318263.043, 92
Trd, 4318263.943, 91
Trd, 4318266.043, 90
Trd, 4318270.193, 92
Trd, 4318270.793, 92
Trd, 4318271.743, 89
Trd, 4318275.293, 88
Trd, 4318275.393, 88
Trd, 4318276.243, 92
Trd, 4318278.943, 92
Trd, 4318280.393, 88
Trd, 4318284.143, 88
Trd, 4318285.593, 91
Trd, 4318286.893, 87
Trd, 4318286.943, 87
Trd, 4318287.493, 91
Trd, 4318289.843, 93
Trd, 4318290.443, 90
Trd, 4318294.743, 89
Trd, 4318294.943, 90
Trd, 4318297.443, 95
Trd, 4318297.693, 91
Trd, 4318299.293, 95
Trd, 4318304.443, 91
Trd, 4318306.243, 93
Trd, 4318308.043, 91
Trd, 4318308.793, 90
Trd, 4318309.993, 95
Trd, 4318311.543, 93
Trd, 4318316.143, 91
Trd, 4318317.043, 90
Trd, 4318318.793, 92
Trd, 4318319.893, 89
Trd, 4318320.443, 95
Trd, 4318321.893, 94
Trd, 4318327.843, 93
Trd, 4318328.293, 94
Trd, 4318328.643, 92
Trd, 4318329.643, 95
Trd, 4318331.493, 94
Trd, 4318333.393, 94
Trd, 4318333.493, 94
Trd, 4318334.293, 95
Trd, 4318335.143, 95
Trd, 4318338.193, 95
Trd, 4318339.893, 95
Trd, 4318340.243, 94
Trd, 4318341.793, 93
Trd, 4318343.643, 95
Trd, 4318344.343, 92
Trd, 4318350.743, 94
Trd, 4318355.893, 92
Trd, 4318357.543, 94
Trd, 4318362.643, 94
Trd, 4318363.793, 92
Trd, 4318365.343, 93
Trd, 4318367.043, 92
Trd, 4318367.993, 93
Trd, 4318373.743, 92
Trd, 4318374.793, 94
Trd, 4318376.193, 92
Trd, 4318377.693, 93
Trd, 4318380.593, 93
Trd, 4318381.693, 92
Trd, 4318382.393, 93
Trd, 4318383.143, 95
Trd, 4318383.743, 91
Trd, 4318385.093, 104
Trd, 4318387.493, 90
Trd, 4318389.443, 90
Trd, 4318394.993, 96
Trd, 4318395.093, 95
Trd, 4318395.243, 99
Trd, 4318395.493, 99
Trd, 4318397.893, 102
Trd, 4318399.343, 99
Trd, 4318401.143, 99
Trd, 4318401.993, 99
Trd, 4318402.893, 97
Trd, 4318405.143, 96
Trd, 4318405.793, 88
Trd, 4318407.793, 94
Trd, 4318408.143, 93
Trd, 4318412.343, 93
Trd, 4318412.393, 97
Trd, 4318412.943, 92
Trd, 4318414.643, 87
Trd, 4318415.293, 87
Trd, 4318416.643, 88
Trd, 4318419.443, 88
Trd, 4318420.143, 95
Trd, 4318421.143, 92
Trd, 4318422.843, 95
Trd, 4318423.043, 94
Trd, 4318425.143, 95
Trd, 4318428.043, 94
Trd, 4318429.593, 95
Trd, 4318432.193, 96
Trd, 4318432.493, 93
Trd, 4318436.343, 95
Trd, 4318443.393, 95
Trd, 4318444.843, 91
Trd, 4318448.343, 95
Trd, 4318451.193, 93
Trd, 4318451.393, 90
Trd, 4318459.493, 90
Trd, 4318460.143, 89
Trd, 4318460.443, 93
Trd, 4318464.243, 92
Trd, 4318464.643, 91
Trd, 4318464.993, 93
Trd, 4318467.093, 91
Trd, 4318471.693, 93
Trd, 4318472.643, 91
Trd, 4318474.843, 93
Trd, 4318475.193, 93
Trd, 4318480.593, 93
Trd, 4318482.343, 94
Trd, 4318484.343, 90
Trd, 4318484.743, 95
Trd, 4318485.843, 90
Trd, 4318487.093, 92
Trd, 4318487.443, 90
Trd, 4318490.243, 92
Trd, 4318491.143, 91
Trd, 4318492.793, 95
Trd, 4318494.193, 94
Trd, 4318499.343, 92
Trd, 4318500.393, 90
Trd, 4318501.693, 89
Trd, 4318502.093, 89
Trd, 4318505.943, 91
Trd, 4318511.293, 89
Trd, 4318512.193, 91
Trd, 4318513.193, 91
Trd, 4318513.443, 88
Trd, 4318514.693, 87
Trd, 4318517.093, 91
Trd, 4318518.143, 91
Trd, 4318518.593, 90
Trd, 4318519.993, 93
Trd, 4318520.343, 93
Trd, 4318524.643, 93
Trd, 4318527.093, 92
Trd, 4318527.193, 92
Trd, 4318529.293, 93
Trd, 4318530.943, 91
Trd, 4318533.243, 93
Trd, 4318535.043, 93
Trd, 4318536.593, 91
Trd, 4318537.593, 95
Trd, 4318538.593, 93
Trd, 4318539.693, 97
Trd, 4318540.743, 95
Trd, 4318542.593, 94
Trd, 4318544.093, 95
Trd, 4318545.543, 93
Trd, 4318547.943, 93
Trd, 4318548.943, 92
Trd, 4318550.443, 91
Trd, 4318554.043, 90
Trd, 4318554.843, 95
Trd, 4318557.343, 90
Trd, 4318561.393, 90
Trd, 4318561.593, 89
Trd, 4318565.493, 94
Trd, 4318565.643, 88
Trd, 4318565.893, 95
Trd, 4318576.993, 87
Trd, 4318578.293, 87
Trd, 4318581.343, 87
Trd, 4318583.643, 87
Trd, 4318584.043, 86
Trd, 4318586.843, 104
Trd, 4318587.443, 85
Trd, 4318588.993, 86
Trd, 4318589.443, 85
Trd, 4318592.343, 95
Trd, 4318596.943, 89
Trd, 4318598.393, 90
Trd, 4318599.243, 95
Trd, 4318600.893, 88
Trd, 4318607.943, 91
Trd, 4318608.293, 90
Trd, 4318609.343, 95
Trd, 4318610.093, 95
Trd, 4318610.943, 95
Trd, 4318611.993, 102
Trd, 4318612.643, 103
Trd, 4318613.393, 104
Trd, 4318615.693, 97
Trd, 4318616.593, 97
Trd, 4318618.093, 93
Trd, 4318618.393, 77
Trd, 4318622.343, 91
Trd, 4318622.843, 91
Trd, 4318625.343, 91
Trd, 4318625.493, 92
Trd, 4318625.793, 90
Trd, 4318627.393, 104
Trd, 4318631.193, 89
Trd, 4318631.793, 97
Trd, 4318632.093, 101
Trd, 4318632.643, 102
Trd, 4318633.243, 99
Trd, 4318635.393, 82
Trd, 4318635.593, 97
Trd, 4318637.143, 94
Trd, 4318638.493, 96
Trd, 4318640.543, 105
Trd, 4318640.943, 97
Trd, 4318641.493, 104
Trd, 4318641.643, 94
Trd, 4318643.993, 99
Trd, 4318644.443, 103
Trd, 4318644.943, 86
Trd, 4318647.593, 100
Trd, 4318648.843, 99
Trd, 4318649.693, 107
Trd, 4318650.243, 99
Trd, 4318651.243, 85
Trd, 4318651.843, 92
Trd, 4318653.143, 96
Trd, 4318655.043, 95
Trd, 4318657.293, 108
Trd, 4318659.543, 94
Trd, 4318663.593, 97
Trd, 4318664.843, 93
Trd, 4318664.943, 93
Trd, 4318666.693, 94
Trd, 4318667.693, 93
Trd, 4318672.293, 94
Trd, 4318675.543, 94
Trd, 4318676.343, 94
Trd, 4318676.693, 95
Trd, 4318678.193, 94
Trd, 4318679.643, 95
Trd, 4318682.493, 95
Trd, 4318685.143, 94
Trd, 4318689.693, 95
Trd, 4318690.593, 93
Trd, 4318691.593, 92
Trd, 4318693.243, 91
Trd, 4318695.893, 91
Trd, 4318696.493, 95
Trd, 4318697.793, 91
Trd, 4318698.043, 96
Trd, 4318704.793, 95
Trd, 4318705.393, 90
Trd, 4318711.993, 97
Trd, 4318712.193, 95
Trd, 4318713.743, 95
Trd, 4318714.493, 94
Trd, 4318716.843, 94
Trd, 4318717.843, 95
Trd, 4318718.193, 95
Trd, 4318718.443, 93
Trd, 4318721.543, 93
Trd, 4318724.093, 93
Trd, 4318724.393, 93
Trd, 4318725.593, 95
Trd, 4318729.543, 95
Trd, 4318730.193, 92
Trd, 4318733.343, 91
Trd, 4318735.593, 92
Trd, 4318736.793, 93
Trd, 4318740.443, 91
Trd, 4318740.743, 93
Trd, 4318741.743, 91
Trd, 4318746.843, 93
Trd, 4318746.993, 90
Trd, 4318748.893, 89
Trd, 4318749.093, 91
Trd, 4318752.593, 88
Trd, 4318754.143, 92
Trd, 4318756.343, 87
Trd, 4318758.093, 92
Trd, 4318758.793, 86
Trd, 4318759.643, 86
Trd, 4318760.343, 89
Trd, 4318768.343, 90
Trd, 4318769.793, 86
Trd, 4318769.943, 90
Trd, 4318772.143, 88
Trd, 4318772.493, 90
Trd, 4318773.043, 88
Trd, 4318774.693, 95
Trd, 4318777.843, 88
Trd, 4318779.293, 92
Trd, 4318780.293, 93
Trd, 4318787.943, 91
Trd, 4318788.443, 95
Trd, 4318795.593, 92
Trd, 4318795.793, 92
Trd, 4318799.393, 91
Trd, 4318801.843, 89
Trd, 4318802.643, 88
Trd, 4318807.493, 91
Trd, 4318807.743, 91
Trd, 4318808.143, 88
Trd, 4318811.043, 88
Trd, 4318812.493, 91
Trd, 4318814.643, 90
Trd, 4318814.943, 89
Trd, 4318816.943, 92
Trd, 4318818.593, 92
Trd, 4318819.643, 89
Trd, 4318820.593, 92
Trd, 4318820.943, 89
Trd, 4318824.243, 88
Trd, 4318826.843, 88
Trd, 4318827.293, 92
Trd, 4318827.643, 92
Trd, 4318831.943, 92
Trd, 4318833.593, 92
Trd, 4318836.643, 89
Trd, 4318839.193, 93
Trd, 4318839.243, 88
Trd, 4318843.343, 89
Trd, 4318845.043, 92
Trd, 4318845.843, 92
Trd, 4318850.193, 92
Trd, 4318853.943, 93
Trd, 4318859.393, 92
Trd, 4318859.693, 89
Trd, 4318861.793, 88
Trd, 4318864.993, 89
Trd, 4318865.393, 92
Trd, 4318866.343, 95
Trd, 4318869.393, 93
Trd, 4318873.393, 92
Trd, 4318877.143, 91
Trd, 4318877.393, 94
Trd, 4318878.843, 95
Trd, 4318882.943, 90
Trd, 4318884.093, 89
Trd, 4318889.343, 89
Trd, 4318889.543, 94
Trd, 4318892.143, 91
Trd, 4318892.943, 91
Trd, 4318895.693, 94
Trd, 4318897.293, 94
Trd, 4318898.343, 90
Trd, 4318899.843, 89
Trd, 4318901.793, 89
Trd, 4318904.143, 95
Trd, 4318908.493, 93
Trd, 4318909.343, 90
Trd, 4318909.593, 90
Trd, 4318911.243, 93
Trd, 4318914.393, 91
Trd, 4318915.793, 90
Trd, 4318918.493, 92
Trd, 4318919.043, 92
Trd, 4318920.743, 95
Trd, 4318920.843, 89
Trd, 4318922.043, 88
Trd, 4318927.993, 93
Trd, 4318929.693, 88
Trd, 4318930.393, 95
Trd, 4318933.493, 87
Trd, 4318934.143, 91
Trd, 4318934.543, 94
Trd, 4318938.293, 92
Trd, 4318939.593, 91
Trd, 4318942.993, 92
Trd, 4318943.043, 91
Trd, 4318943.143, 91
Trd, 4318944.243, 90
Trd, 4318947.643, 89
Trd, 4318948.843, 91
Trd, 4318951.593, 88
Trd, 4318951.893, 87
Trd, 4318952.243, 88
Trd, 4318954.943, 87
Trd, 4318955.093, 86
Trd, 4318957.993, 94
Trd, 4318959.143, 94
Trd, 4318960.193, 94
Trd, 4318961.943, 95
Trd, 4318962.093, 94
Trd, 4318963.743, 93
Trd, 4318966.243, 95
Trd, 4318967.843, 95
Trd, 4318969.643, 93
Trd, 4318971.493, 93
Trd, 4318976.193, 95
Trd, 4318976.543, 92
Trd, 4318978.243, 91
Trd, 4318980.643, 98
Trd, 4318980.743, 95
Trd, 4318981.143, 96
Trd, 4318982.143, 96
Trd, 4318983.193, 105
Trd, 4318988.043, 99
Trd, 4318989.893, 100
Trd, 4318991.243, 105
Trd, 4318993.343, 98
Trd, 4318995.343, 98
Trd, 4318996.043, 98
Trd, 4318996.543, 98
Trd, 4318998.893, 97
Trd, 4319001.043, 98
Trd, 4319004.643, 96
Trd, 4319005.943, 98
Trd, 4319009.543, 95
Trd, 4319010.593, 95
Trd, 4319013.843, 97
Trd, 4319014.543, 96
Trd, 4319016.793, 95
Trd, 4319018.443, 95
Trd, 4319022.043, 95
Trd, 4319024.493, 95
Trd, 4319024.993, 96
Trd, 4319028.993, 95
Trd, 4319029.343, 94
Trd, 4319030.293, 96
Trd, 4319030.993, 95
Trd, 4319034.243, 94
Trd, 4319035.093, 95
Trd, 4319037.293, 95
Trd, 4319037.943, 94
Trd, 4319039.543, 93
Trd, 4319040.043, 93
Trd, 4319041.393, 95
Trd, 4319043.193, 95
Trd, 4319043.543, 91
Trd, 4319044.243, 91
Trd, 4319051.443, 93
Trd, 4319052.493, 93
Trd, 4319054.493, 95
Trd, 4319057.743, 92
Trd, 4319063.243, 95
Trd, 4319063.493, 91
Trd, 4319064.843, 90
Trd, 4319066.093, 89
Trd, 4319068.243, 95
Trd, 4319070.893, 94
Trd, 4319072.993, 91
Trd, 4319075.743, 90
Trd, 4319076.443, 91
Trd, 4319079.793, 90
Trd, 4319079.893, 92
Trd, 4319082.843, 90
Trd, 4319085.493, 92
Trd, 4319089.743, 90
Trd, 4319090.743, 92
Trd, 4319091.893, 90
Trd, 4319095.243, 89
Trd, 4319097.643, 89
Trd, 4319097.793, 92
Trd, 4319100.043, 95
Trd, 4319100.443, 94
Trd, 4319101.143, 93
Trd, 4319105.543, 94
Trd, 4319110.893, 93
Trd, 4319111.143, 93
Trd, 4319112.993, 93
Trd, 4319113.393, 94
Trd, 4319114.143, 93
Trd, 4319114.343, 95
Trd, 4319118.293, 95
Trd, 4319118.943, 92
Trd, 4319120.943, 91
Trd, 4319123.793, 95
Trd, 4319123.943, 90
Trd, 4319126.693, 89
Trd, 4319127.693, 95
Trd, 4319128.843, 91
Trd, 4319131.343, 95
Trd, 4319132.443, 92
Trd, 4319137.143, 91
Trd, 4319137.793, 95
Trd, 4319138.593, 91
Trd, 4319141.443, 94
Trd, 4319142.093, 91
Trd, 4319144.793, 94
Trd, 4319145.693, 91
Trd, 4319146.393, 91
Trd, 4319147.243, 92
Trd, 4319148.893, 91
Trd, 4319150.043, 91
Trd, 4319151.543, 94
Trd, 4319155.043, 93
Trd, 4319160.893, 93
Trd, 4319161.693, 92
Trd, 4319162.643, 94
Trd, 4319167.793, 92
Trd, 4319170.593, 91
Trd, 4319171.493, 94
Trd, 4319172.143, 95
Trd, 4319172.643, 91
Trd, 4319175.443, 91
Trd, 4319178.993, 95
Trd, 4319182.543, 92
Trd, 4319189.993, 95
Trd, 4319194.293, 93
Trd, 4319195.693, 92
Trd, 4319197.993, 92
Trd, 4319198.843, 91
Trd, 4319199.793, 94
Trd, 4319201.393, 91
Trd, 4319203.693, 94
Trd, 4319204.493, 90
Trd, 4319205.843, 90
Trd, 4319206.593, 93
Trd, 4319209.243, 90
Trd, 4319215.293, 90
Trd, 4319215.593, 92
Trd, 4319218.993, 92
Trd, 4319219.243, 89
Trd, 4319220.043, 89
Trd, 4319223.893, 88
Trd, 4319224.643, 88
Trd, 4319225.193, 91
Trd, 4319227.843, 87
Trd, 4319230.743, 86
Trd, 4319231.593, 89
Trd, 4319233.543, 104
Trd, 4319233.743, 93
Trd, 4319234.543, 94
Trd, 4319235.243, 94
Trd, 4319238.593, 95
Trd, 4319239.293, 95
Trd, 4319239.593, 95
Trd, 4319241.143, 94
Trd, 4319242.493, 94
Trd, 4319244.593, 95
Trd, 4319245.443, 94
Trd, 4319248.393, 93
Trd, 4319251.643, 96
Trd, 4319252.493, 93
Trd, 4319256.043, 93
Trd, 4319258.493, 93
Trd, 4319258.643, 94
Trd, 4319260.543, 94
Trd, 4319261.293, 93
Trd, 4319262.143, 94
Trd, 4319262.843, 93
Trd, 4319265.393, 93
Trd, 4319269.443, 94
Trd, 4319271.493, 92
Trd, 4319275.693, 91
Trd, 4319275.943, 93
Trd, 4319276.843, 91
Trd, 4319279.143, 93
Trd, 4319279.793, 91
Trd, 4319284.143, 90
Trd, 4319285.093, 93
Trd, 4319287.043, 90
Trd, 4319288.593, 93
Trd, 4319290.593, 89
Trd, 4319292.143, 92
Trd, 4319292.793, 93
Trd, 4319293.793, 94
Trd, 4319299.043, 88
Trd, 4319299.893, 93
Trd, 4319302.843, 90
Trd, 4319303.443, 90
Trd, 4319304.643, 95
Trd, 4319307.943, 89
Trd, 4319310.343, 93
Trd, 4319310.593, 88
Trd, 4319312.043, 94
Trd, 4319315.243, 93
Trd, 4319316.143, 87
Trd, 4319322.193, 91
Trd, 4319323.443, 87
Trd, 4319325.893, 104
Trd, 4319326.343, 104
Trd, 4319327.993, 106
Trd, 4319328.243, 106
Trd, 4319329.743, 102
Trd, 4319330.593, 100
Trd, 4319330.893, 85
Trd, 4319333.293, 97
Trd, 4319337.593, 99
Trd, 4319341.043, 100
Trd, 4319343.193, 98
Trd, 4319347.443, 100
Trd, 4319348.593, 97
Trd, 4319349.743, 97
Trd, 4319350.593, 100
Trd, 4319353.743, 97
Trd, 4319354.543, 96
Trd, 4319357.593, 99
Trd, 4319360.893, 95
Trd, 4319362.593, 98
Trd, 4319364.193, 95
Trd, 4319366.143, 97
Trd, 4319366.443, 95
Trd, 4319370.093, 95
Trd, 4319370.293, 96
Trd, 4319371.693, 95
Trd, 4319373.393, 95
Trd, 4319374.093, 95
Trd, 4319375.243, 103
Trd, 4319375.843, 102
Trd, 4319377.093, 100
Trd, 4319377.743, 100
Trd, 4319380.593, 99
Trd, 4319380.743, 99
Trd, 4319384.843, 97
Trd, 4319386.243, 98
Trd, 4319390.443, 99
Trd, 4319393.693, 98
Trd, 4319393.843, 99
Trd, 4319394.593, 98
Trd, 4319396.093, 96
Trd, 4319396.993, 101
Trd, 4319402.043, 99
Trd, 4319403.093, 99
Trd, 4319403.743, 100
Trd, 4319405.043, 99
Trd, 4319405.993, 99
Trd, 4319407.893, 99
Trd, 4319408.393, 98
Trd, 4319409.243, 97
Trd, 4319410.493, 101
Trd, 4319413.493, 97
Trd, 4319413.793, 102
Trd, 4319414.943, 94
Trd, 4319416.543, 95
Trd, 4319417.243, 93
Trd, 4319417.293, 95
Trd, 4319417.543, 92
Trd, 4319423.843, 95
Trd, 4319424.143, 91
Trd, 4319424.293, 95
Trd, 4319425.243, 95
Trd, 4319426.243, 95
Trd, 4319429.393, 95
Trd, 4319429.743, 94
Trd, 4319431.043, 94
Trd, 4319433.093, 94
Trd, 4319433.343, 93
Trd, 4319433.843, 92
Trd, 4319433.893, 92
Trd, 4319437.643, 95
Trd, 4319439.193, 91
Trd, 4319440.043, 94
Trd, 4319441.693, 94
Trd, 4319445.343, 94
Trd, 4319449.643, 93
Trd, 4319449.893, 93
Trd, 4319450.293, 92
Trd, 4319452.293, 95
Trd, 4319456.843, 92
Trd, 4319459.793, 92
Trd, 4319460.493, 94
Trd, 4319460.943, 91
Trd, 4319461.643, 95
Trd, 4319466.493, 92
Trd, 4319468.093, 92
Trd, 4319468.993, 91
Trd, 4319472.543, 94
Trd, 4319477.643, 94
Trd, 4319477.993, 91
Trd, 4319480.943, 94
Trd, 4319481.693, 90
Trd, 4319482.443, 104
Trd, 4319483.443, 89
Trd, 4319485.693, 92
Trd, 4319486.193, 91
Trd, 4319488.043, 94
Trd, 4319497.743, 90
Trd, 4319498.443, 93
Trd, 4319498.943, 93
Trd, 4319499.993, 89
Trd, 4319501.843, 95
Trd, 4319506.843, 91
Trd, 4319507.893, 90
Trd, 4319510.843, 91
Trd, 4319511.993, 92
Trd, 4319516.343, 90
Trd, 4319517.593, 91
Trd, 4319518.493, 92
Trd, 4319521.193, 90
Trd, 4319522.793, 95
Trd, 4319523.093, 93
Trd, 4319527.043, 93
Trd, 4319528.593, 94
Trd, 4319528.743, 93
Trd, 4319531.993, 94
Trd, 4319536.493, 94
Trd, 4319536.593, 93
Trd, 4319539.293, 92
Trd, 4319541.993, 92
Trd, 4319543.293, 91
Trd, 4319543.943, 93
Trd, 4319545.343, 90
Trd, 4319550.193, 94
Trd, 4319550.993, 95
Trd, 4319554.693, 94
Trd, 4319556.893, 90
Trd, 4319560.643, 94
Trd, 4319565.643, 94
Trd, 4319566.943, 92
Trd, 4319571.543, 94
Trd, 4319574.043, 91
Trd, 4319575.343, 91
Trd, 4319575.843, 92
Trd, 4319576.393, 91
Trd, 4319577.993, 91
Trd, 4319578.293, 106
Trd, 4319581.343, 95
Trd, 4319583.193, 92
Trd, 4319583.743, 92
Trd, 4319584.343, 95
Trd, 4319587.443, 92
Trd, 4319590.043, 91
Trd, 4319590.693, 95
Trd, 4319591.293, 90
Trd, 4319594.793, 95
Trd, 4319596.793, 90
Trd, 4319597.393, 90
Trd, 4319599.393, 90
Trd, 4319602.193, 92
Trd, 4319602.343, 91
Trd, 4319604.193, 93
Trd, 4319607.643, 92
Trd, 4319608.643, 90
Trd, 4319610.193, 92
Trd, 4319610.543, 89
Trd, 4319614.843, 88
Trd, 4319616.943, 92
Trd, 4319618.943, 89
Trd, 4319619.643, 89
Trd, 4319622.693, 92
Trd, 4319623.393, 90
Trd, 4319624.793, 92
Trd, 4319625.343, 90
Trd, 4319627.093, 92
Trd, 4319627.143, 90
Trd, 4319629.843, 95
Trd, 4319630.593, 93
Trd, 4319633.293, 99
Trd, 4319633.793, 98
Trd, 4319634.843, 99
Trd, 4319635.343, 98
Trd, 4319636.643, 98
Trd, 4319638.943, 98
Trd, 4319641.743, 101
Trd, 4319642.893, 98
Trd, 4319643.243, 97
Trd, 4319649.293, 98
Trd, 4319651.143, 99
Trd, 4319651.243, 98
Trd, 4319654.693, 99
Trd, 4319656.243, 98
Trd, 4319656.643, 101
Trd, 4319657.143, 97
Trd, 4319659.043, 96
Trd, 4319662.193, 95
Trd, 4319663.293, 94
Trd, 4319664.893, 96
Trd, 4319667.093, 94
Trd, 4319669.793, 93
Trd, 4319670.643, 92
Trd, 4319674.443, 91
Trd, 4319675.693, 96
Trd, 4319677.043, 95
Trd, 4319677.643, 96
Trd, 4319680.643, 94
Trd, 4319684.043, 96
Trd, 4319686.843, 94
Trd, 4319687.093, 96
Trd, 4319688.293, 93
Trd, 4319691.743, 96
Trd, 4319694.393, 92
Trd, 4319696.893, 92
Trd, 4319699.793, 95
Trd, 4319701.343, 92
Trd, 4319701.893, 94
Trd, 4319703.493, 92
Trd, 4319704.343, 95
Trd, 4319709.243, 94
Trd, 4319713.143, 94
Trd, 4319713.793, 93
Trd, 4319720.893, 94
Trd, 4319722.293, 93
Trd, 4319724.393, 94
Trd, 4319724.793, 95
Trd, 4319726.793, 93
Trd, 4319730.193, 92
Trd, 4319730.993, 94
Trd, 4319731.793, 93
Trd, 4319735.993, 94
Trd, 4319736.993, 95
Trd, 4319737.393, 105
Trd, 4319737.893, 96
Trd, 4319739.293, 100
Trd, 4319739.743, 99
Trd, 4319740.693, 99
Trd, 4319743.893, 103
Trd, 4319744.043, 101
Trd, 4319745.743, 100
Trd, 4319749.843, 100
Trd, 4319750.343, 100
Trd, 4319751.693, 100
Trd, 4319752.193, 100
Trd, 4319752.793, 99
Trd, 4319753.093, 99
Trd, 4319754.793, 105
Trd, 4319756.143, 102
Trd, 4319757.293, 101
Trd, 4319758.243, 105
Trd, 4319758.643, 102
Trd, 4319761.493, 101
Trd, 4319762.943, 102
Trd, 4319765.243, 103
Trd, 4319767.093, 101
Trd, 4319767.343, 104
Trd, 4319769.143, 108
Trd, 4319769.593, 104
Trd, 4319770.843, 107
Trd, 4319771.343, 107
Trd, 4319771.693, 99
Trd, 4319775.393, 113
Trd, 4319775.443, 110
Trd, 4319776.293, 111
Trd, 4319776.843, 100
Trd, 4319778.343, 106
Trd, 4319779.793, 108
Trd, 4319781.343, 106
Trd, 4319782.093, 119
Trd, 4319783.793, 109
Trd, 4319784.843, 113
Trd, 4319786.293, 109
Trd, 4319786.843, 109
Trd, 4319792.393, 109
Trd, 4319792.743, 108
Trd, 4319795.093, 107
Trd, 4319796.343, 105
Trd, 4319798.843, 104
Trd, 4319799.943, 108
Trd, 4319800.343, 103
Trd, 4319807.093, 103
Trd, 4319811.943, 108
Trd, 4319812.993, 108
Trd, 4319813.793, 102
Trd, 4319814.093, 101
Trd, 4319818.943, 101
Trd, 4319820.743, 102
Trd, 4319823.893, 102
Trd, 4319828.643, 102
Trd, 4319828.693, 101
Trd, 4319829.093, 100
Trd, 4319833.893, 106
Trd, 4319837.243, 99
Trd, 4319839.543, 99
Trd, 4319840.543, 104
Trd, 4319846.393, 103
Trd, 4319849.393, 98
Trd, 4319850.793, 97
Trd, 4319853.743, 101
Trd, 4319858.693, 96
Trd, 4319859.043, 101
Trd, 4319859.493, 97
Trd, 4319863.843, 101
Trd, 4319864.093, 97
Trd, 4319867.593, 97
Trd, 4319868.043, 100
Trd, 4319869.143, 97
Trd, 4319873.843, 98
Trd, 4319876.843, 100
Trd, 4319876.893, 97
Trd, 4319878.143, 98
Trd, 4319878.893, 97
Trd, 4319882.493, 97
Trd, 4319883.293, 98
Trd, 4319885.743, 98
Trd, 4319887.643, 97
Trd, 4319889.193, 97
Trd, 4319891.843, 96
Trd, 4319893.593, 96
Trd, 4319893.643, 97
Trd, 4319895.243, 95
Trd, 4319896.543, 95
Trd, 4319898.643, 97
Trd, 4319901.743, 95
Trd, 4319903.143, 95
Trd, 4319903.243, 97
Trd, 4319904.643, 95
Trd, 4319905.293, 95
Trd, 4319907.643, 94
Trd, 4319909.893, 96
Trd, 4319911.943, 93
Trd, 4319913.343, 95
Trd, 4319919.193, 92
Trd, 4319920.043, 95
Trd, 4319920.543, 92
Trd, 4319922.643, 95
Trd, 4319923.643, 104
Trd, 4319923.693, 99
Trd, 4319924.843, 100
Trd, 4319925.493, 104
Trd, 4319926.043, 98
Trd, 4319927.543, 104
Trd, 4319928.593, 99
Trd, 4319930.093, 99
Trd, 4319932.193, 99
Trd, 4319933.293, 98
Trd, 4319933.593, 97
Trd, 4319934.743, 97
Trd, 4319935.743, 117
Trd, 4319936.893, 103
Trd, 4319938.843, 98
Trd, 4319940.043, 98
Trd, 4319942.193, 87
Trd, 4319942.793, 92
Trd, 4319943.743, 86
Trd, 4319944.043, 80
Trd, 4319945.993, 90
Trd, 4319946.693, 89
Trd, 4319949.343, 89
Trd, 4319951.543, 90
Trd, 4319954.693, 95
Trd, 4319956.593, 89
Trd, 4319957.443, 89
Trd, 4319958.693, 92
Trd, 4319961.193, 90
Trd, 4319962.093, 92
Trd, 4319968.293, 91
Trd, 4319969.843, 91
Trd, 4319970.593, 92
Trd, 4319972.093, 92
Trd, 4319974.443, 92
Trd, 4319977.093, 91
Trd, 4319980.043, 90
Trd, 4319980.193, 92
Trd, 4319984.643, 89
Trd, 4319985.543, 92
Trd, 4319987.593, 88
Trd, 4319988.843, 87
Trd, 4319990.493, 92
Trd, 4319992.843, 92
Trd, 4319994.043, 86
Trd, 4319996.043, 92
Trd, 4319997.843, 93
