Trd, 4317948.243, 87
Trd, 4317948.543, 89
Trd, 4317950.193, 93
Trd, 4317950.543, 95
Trd, 4317951.743, 103
Trd, 4317952.243, 104
Trd, 4317954.143, 113
Trd, 4317954.243, 106
Trd, 4317955.893, 104
Trd, 4317956.943, 94
Trd, 4317957.343, 101
Trd, 4317958.043, 103
Trd, 4317959.293, 103
Trd, 4317960.743, 88
Trd, 4317960.793, 103
Trd, 4317963.093, 87
Trd, 4317963.193, 101
Trd, 4317963.543, 104
Trd, 4317964.493, 102
Trd, 4317965.843, 102
Trd, 4317967.843, 101
Trd, 4317968.193, 93
Trd, 4317969.843, 94
Trd, 4317970.443, 95
Trd, 4317971.343, 97
Trd, 4317971.643, 104
Trd, 4317974.693, 98
Trd, 4317975.793, 92
Trd, 4317975.943, 98
Trd, 4317976.343, 99
Trd, 4317976.443, 122
Trd, 4317979.493, 97
Trd, 4317980.293, 92
Trd, 4317981.343, 94
Trd, 4317982.293, 93
Trd, 4317982.443, 88
Trd, 4317983.143, 94
Trd, 4317983.493, 95
Trd, 4317985.943, 104
Trd, 4317986.793, 99
Trd, 4317989.093, 95
Trd, 4317989.243, 96
Trd, 4317989.393, 91
Trd, 4317989.993, 112
Trd, 4317993.143, 90
Trd, 4317993.343, 91
Trd, 4317994.393, 85
Trd, 4317995.793, 89
Trd, 4317996.293, 93
Trd, 4317998.043, 97
Trd, 4317998.393, 106
Trd, 4317999.293, 113
Trd, 4318001.043, 85
Trd, 4318001.393, 85
Trd, 4318001.843, 87
Trd, 4318003.493, 104
Trd, 4318003.943, 93
Trd, 4318004.343, 111
Trd, 4318006.043, 101
Trd, 4318006.593, 102
Trd, 4318008.643, 95
Trd, 4318009.543, 95
Trd, 4318009.693, 96
Trd, 4318011.243, 93
Trd, 4318012.143, 93
Trd, 4318012.643, 92
Trd, 4318013.393, 106
Trd, 4318015.893, 105
Trd, 4318016.193, 113
Trd, 4318016.593, 121
Trd, 4318017.793, 113
Trd, 4318018.793, 113
Trd, 4318021.693, 106
Trd, 4318021.993, 107
Trd, 4318023.993, 105
Trd, 4318024.693, 104
Trd, 4318025.093, 106
Trd, 4318025.543, 113
Trd, 4318026.043, 111
Trd, 4318027.093, 92
Trd, 4318027.243, 93
Trd, 4318029.093, 95
Trd, 4318030.643, 102
Trd, 4318030.693, 106
Trd, 4318031.393, 93
Trd, 4318032.193, 101
Trd, 4318033.693, 100
Trd, 4318035.293, 98
Trd, 4318036.043, 98
Trd, 4318037.143, 95
Trd, 4318037.193, 99
Trd, 4318038.293, 106
Trd, 4318039.043, 94
Trd, 4318040.693, 113
Trd, 4318042.743, 106
Trd, 4318042.993, 94
Trd, 4318043.843, 100
Trd, 4318044.593, 94
Trd, 4318044.893, 95
Trd, 4318046.193, 104
Trd, 4318049.143, 97
Trd, 4318050.243, 97
Trd, 4318051.143, 95
Trd, 4318052.143, 96
Trd, 4318052.743, 94
Trd, 4318052.993, 96
Trd, 4318054.493, 97
Trd, 4318055.393, 95
Trd, 4318055.993, 94
Trd, 4318056.543, 95
Trd, 4318058.343, 112
Trd, 4318059.543, 104
Trd, 4318061.193, 103
Trd, 4318061.643, 104
Trd, 4318063.193, 104
Trd, 4318063.443, 104
Trd, 4318066.043, 99
Trd, 4318067.693, 97
Trd, 4318068.443, 95
Trd, 4318068.893, 97
Trd, 4318069.293, 103
Trd, 4318070.593, 100
Trd, 4318072.643, 97
Trd, 4318072.693, 94
Trd, 4318074.243, 91
Trd, 4318074.643, 95
Trd, 4318076.493, 94
Trd, 4318077.043, 90
Trd, 4318077.393, 95
Trd, 4318078.743, 104
Trd, 4318080.793, 85
Trd, 4318081.193, 85
Trd, 4318081.793, 86
Trd, 4318082.593, 87
Trd, 4318085.343, 86
Trd, 4318085.593, 87
Trd, 4318086.543, 90
Trd, 4318086.593, 95
Trd, 4318088.343, 103
Trd, 4318088.493, 105
Trd, 4318091.243, 96
Trd, 4318091.643, 95
Trd, 4318092.493, 87
Trd, 4318093.043, 94
Trd, 4318094.493, 104
Trd, 4318097.493, 102
Trd, 4318097.593, 104
Trd, 4318098.193, 94
Trd, 4318098.293, 104
Trd, 4318101.643, 103
Trd, 4318101.693, 112
Trd, 4318102.843, 102
Trd, 4318103.543, 104
Trd, 4318104.493, 101
Trd, 4318105.243, 100
Trd, 4318105.943, 99
Trd, 4318106.193, 98
Trd, 4318107.793, 94
Trd, 4318108.393, 103
Trd, 4318111.693, 96
Trd, 4318112.643, 96
Trd, 4318112.893, 98
Trd, 4318113.293, 94
Trd, 4318113.843, 104
Trd, 4318115.093, 101
Trd, 4318116.293, 103
Trd, 4318117.443, 94
Trd, 4318118.593, 106
Trd, 4318118.943, 106
Trd, 4318119.193, 106
Trd, 4318121.593, 106
Trd, 4318121.793, 93
Trd, 4318122.843, 109
Trd, 4318123.993, 110
Trd, 4318125.293, 107
Trd, 4318127.393, 107
Trd, 4318128.193, 104
Trd, 4318128.693, 107
Trd, 4318130.743, 85
Trd, 4318131.293, 85
Trd, 4318132.343, 86
Trd, 4318132.643, 86
Trd, 4318133.343, 96
Trd, 4318134.093, 98
Trd, 4318134.643, 106
Trd, 4318134.943, 113
Trd, 4318135.943, 122
Trd, 4318136.343, 123
Trd, 4318138.543, 94
Trd, 4318139.543, 98
Trd, 4318141.043, 93
Trd, 4318141.793, 95
Trd, 4318142.343, 97
Trd, 4318143.743, 104
Trd, 4318144.993, 88
Trd, 4318145.843, 92
Trd, 4318147.093, 103
Trd, 4318148.493, 101
Trd, 4318150.043, 87
Trd, 4318150.193, 113
Trd, 4318152.093, 104
Trd, 4318152.693, 102
Trd, 4318154.393, 104
Trd, 4318154.993, 102
Trd, 4318155.643, 101
Trd, 4318156.593, 99
Trd, 4318156.743, 95
Trd, 4318159.843, 97
Trd, 4318160.193, 104
Trd, 4318161.943, 94
Trd, 4318162.493, 95
Trd, 4318163.043, 94
Trd, 4318163.193, 96
Trd, 4318163.493, 104
Trd, 4318165.193, 86
Trd, 4318165.693, 87
Trd, 4318166.443, 113
Trd, 4318167.743, 86
Trd, 4318168.943, 84
Trd, 4318170.943, 95
Trd, 4318171.443, 96
Trd, 4318172.893, 104
Trd, 4318174.843, 98
Trd, 4318176.093, 86
Trd, 4318177.243, 86
Trd, 4318178.693, 86
Trd, 4318179.393, 87
Trd, 4318179.743, 86
Trd, 4318181.393, 85
Trd, 4318181.443, 87
Trd, 4318182.493, 88
Trd, 4318183.293, 95
Trd, 4318184.393, 96
Trd, 4318187.493, 94
Trd, 4318187.893, 96
Trd, 4318189.543, 97
Trd, 4318189.643, 94
Trd, 4318189.743, 97
Trd, 4318191.343, 98
Trd, 4318192.943, 105
Trd, 4318193.343, 112
Trd, 4318195.843, 105
Trd, 4318196.543, 108
Trd, 4318198.193, 105
Trd, 4318199.493, 105
Trd, 4318199.993, 104
Trd, 4318200.093, 104
Trd, 4318200.893, 106
Trd, 4318201.393, 113
Trd, 4318203.793, 105
Trd, 4318205.793, 104
Trd, 4318208.243, 98
Trd, 4318208.543, 99
Trd, 4318208.993, 98
Trd, 4318209.143, 94
Trd, 4318209.293, 105
Trd, 4318209.593, 104
Trd, 4318210.843, 104
Trd, 4318212.793, 97
Trd, 4318213.393, 95
Trd, 4318214.543, 94
Trd, 4318214.843, 96
Trd, 4318216.843, 95
Trd, 4318218.343, 88
Trd, 4318220.243, 91
Trd, 4318220.793, 92
Trd, 4318221.143, 104
Trd, 4318221.793, 113
Trd, 4318223.493, 92
Trd, 4318224.043, 86
Trd, 4318225.493, 96
Trd, 4318226.393, 96
Trd, 4318226.793, 97
Trd, 4318227.843, 113
Trd, 4318230.043, 105
Trd, 4318230.793, 106
Trd, 4318231.143, 102
Trd, 4318233.493, 98
Trd, 4318233.793, 104
Trd, 4318234.693, 101
Trd, 4318234.793, 93
Trd, 4318236.293, 100
Trd, 4318238.293, 100
Trd, 4318238.643, 99
Trd, 4318239.943, 85
Trd, 4318240.993, 86
Trd, 4318242.293, 104
Trd, 4318243.043, 111
Trd, 4318243.593, 110
Trd, 4318244.043, 113
Trd, 4318244.143, 104
Trd, 4318246.193, 102
Trd, 4318247.293, 101
Trd, 4318247.843, 90
Trd, 4318248.743, 89
Trd, 4318250.043, 91
Trd, 4318250.743, 106
Trd, 4318254.043, 104
Trd, 4318254.693, 103
Trd, 4318255.093, 102
Trd, 4318256.343, 98
Trd, 4318257.943, 97
Trd, 4318258.343, 98
Trd, 4318258.843, 94
Trd, 4318260.643, 98
Trd, 4318260.943, 100
Trd, 4318262.393, 99
Trd, 4318263.693, 87
Trd, 4318263.843, 101
Trd, 4318265.443, 104
Trd, 4318265.893, 102
Trd, 4318267.443, 91
Trd, 4318268.543, 95
Trd, 4318269.393, 101
Trd, 4318270.893, 97
Trd, 4318271.993, 96
Trd, 4318274.893, 93
Trd, 4318275.093, 94
Trd, 4318275.193, 95
Trd, 4318277.043, 101
Trd, 4318277.443, 92
Trd, 4318278.543, 96
Trd, 4318278.593, 104
Trd, 4318281.093, 102
Trd, 4318281.243, 101
Trd, 4318282.693, 110
Trd, 4318283.543, 107
Trd, 4318285.993, 104
Trd, 4318286.193, 107
Trd, 4318287.093, 108
Trd, 4318288.693, 104
Trd, 4318290.343, 102
Trd, 4318290.993, 102
Trd, 4318291.693, 104
Trd, 4318291.893, 92
Trd, 4318292.643, 104
Trd, 4318293.793, 103
Trd, 4318295.393, 93
Trd, 4318295.693, 101
Trd, 4318295.843, 104
Trd, 4318296.493, 112
Trd, 4318298.243, 104
Trd, 4318298.743, 121
Trd, 4318300.443, 131
Trd, 4318302.493, 104
Trd, 4318303.143, 101
Trd, 4318305.643, 92
Trd, 4318306.993, 97
Trd, 4318307.443, 102
Trd, 4318308.693, 100
Trd, 4318309.643, 104
Trd, 4318309.743, 112
Trd, 4318311.693, 107
Trd, 4318313.643, 104
Trd, 4318314.143, 92
Trd, 4318315.343, 93
Trd, 4318315.693, 96
Trd, 4318317.093, 94
Trd, 4318317.593, 104
Trd, 4318319.493, 98
Trd, 4318320.143, 101
Trd, 4318320.943, 94
Trd, 4318321.293, 99
Trd, 4318322.743, 94
Trd, 4318324.743, 94
Trd, 4318325.843, 96
Trd, 4318326.493, 96
Trd, 4318326.793, 95
Trd, 4318327.793, 96
Trd, 4318328.043, 104
Trd, 4318328.343, 94
Trd, 4318330.693, 93
Trd, 4318330.843, 96
Trd, 4318331.193, 95
Trd, 4318331.543, 105
Trd, 4318333.993, 112
Trd, 4318336.293, 95
Trd, 4318336.443, 102
Trd, 4318337.193, 100
Trd, 4318337.443, 100
Trd, 4318338.543, 101
Trd, 4318339.043, 105
Trd, 4318342.243, 107
Trd, 4318343.143, 104
Trd, 4318343.943, 99
Trd, 4318344.243, 106
Trd, 4318346.493, 104
Trd, 4318346.793, 105
Trd, 4318347.943, 104
Trd, 4318348.243, 104
Trd, 4318350.343, 104
Trd, 4318351.043, 105
Trd, 4318352.893, 102
Trd, 4318353.143, 96
Trd, 4318353.293, 100
Trd, 4318354.743, 112
Trd, 4318355.843, 104
Trd, 4318356.493, 105
Trd, 4318357.643, 96
Trd, 4318358.293, 106
Trd, 4318359.443, 106
Trd, 4318359.793, 94
Trd, 4318361.593, 104
Trd, 4318362.343, 105
Trd, 4318365.293, 96
Trd, 4318365.493, 94
Trd, 4318365.793, 93
Trd, 4318366.443, 88
Trd, 4318367.743, 92
Trd, 4318368.593, 95
Trd, 4318368.943, 113
Trd, 4318370.393, 91
Trd, 4318371.043, 96
Trd, 4318371.593, 100
Trd, 4318372.293, 105
Trd, 4318375.043, 107
Trd, 4318377.143, 106
Trd, 4318377.193, 104
Trd, 4318377.243, 107
Trd, 4318379.243, 100
Trd, 4318379.793, 101
Trd, 4318381.593, 112
Trd, 4318382.543, 108
Trd, 4318382.843, 105
Trd, 4318383.293, 104
Trd, 4318383.743, 106
Trd, 4318385.293, 106
Trd, 4318387.693, 103
Trd, 4318388.793, 99
Trd, 4318389.193, 100
Trd, 4318389.793, 105
Trd, 4318390.643, 94
Trd, 4318392.693, 105
Trd, 4318392.893, 104
Trd, 4318394.293, 98
Trd, 4318394.743, 98
Trd, 4318394.943, 97
Trd, 4318394.993, 99
Trd, 4318395.493, 113
Trd, 4318395.593, 93
Trd, 4318397.193, 123
Trd, 4318401.643, 104
Trd, 4318402.593, 105
Trd, 4318402.793, 107
Trd, 4318403.243, 105
Trd, 4318404.943, 104
Trd, 4318408.143, 96
Trd, 4318408.443, 97
Trd, 4318409.943, 95
Trd, 4318410.243, 96
Trd, 4318410.893, 97
Trd, 4318412.343, 98
Trd, 4318412.493, 94
Trd, 4318412.843, 104
Trd, 4318414.893, 110
Trd, 4318415.393, 103
Trd, 4318415.993, 104
Trd, 4318417.893, 103
Trd, 4318420.893, 96
Trd, 4318422.393, 95
Trd, 4318422.943, 96
Trd, 4318423.643, 94
Trd, 4318425.393, 103
Trd, 4318426.393, 103
Trd, 4318428.393, 100
Trd, 4318428.743, 101
Trd, 4318429.043, 101
Trd, 4318430.143, 95
Trd, 4318430.293, 94
Trd, 4318430.643, 95
Trd, 4318430.843, 104
Trd, 4318432.693, 103
Trd, 4318433.693, 90
Trd, 4318434.643, 103
Trd, 4318437.093, 104
Trd, 4318438.093, 99
Trd, 4318439.493, 94
Trd, 4318441.643, 94
Trd, 4318441.793, 93
Trd, 4318442.493, 94
Trd, 4318442.943, 105
Trd, 4318443.093, 113
Trd, 4318444.743, 121
Trd, 4318445.993, 95
Trd, 4318447.643, 92
Trd, 4318447.893, 119
Trd, 4318448.493, 113
Trd, 4318451.143, 107
Trd, 4318451.943, 107
Trd, 4318452.443, 108
Trd, 4318453.393, 93
Trd, 4318455.993, 106
Trd, 4318456.993, 105
Trd, 4318457.293, 103
Trd, 4318457.393, 104
Trd, 4318459.043, 93
Trd, 4318461.593, 103
Trd, 4318462.693, 104
Trd, 4318464.393, 98
Trd, 4318465.093, 103
Trd, 4318465.293, 103
Trd, 4318465.893, 92
Trd, 4318468.143, 93
Trd, 4318469.193, 88
Trd, 4318469.893, 91
Trd, 4318470.693, 96
Trd, 4318471.643, 105
Trd, 4318471.743, 104
Trd, 4318472.293, 105
Trd, 4318475.143, 102
Trd, 4318475.643, 90
Trd, 4318476.093, 103
Trd, 4318476.143, 105
Trd, 4318476.493, 131
Trd, 4318478.743, 98
Trd, 4318479.793, 93
Trd, 4318480.693, 95
Trd, 4318480.893, 97
Trd, 4318481.293, 91
Trd, 4318481.793, 105
Trd, 4318483.693, 96
Trd, 4318484.493, 97
Trd, 4318487.243, 95
Trd, 4318487.293, 96
Trd, 4318488.643, 113
Trd, 4318490.643, 94
Trd, 4318490.693, 104
Trd, 4318492.493, 98
Trd, 4318493.243, 86
Trd, 4318494.693, 94
Trd, 4318495.093, 93
Trd, 4318495.693, 97
Trd, 4318497.793, 125
Trd, 4318498.843, 123
Trd, 4318500.093, 121
Trd, 4318500.643, 114
Trd, 4318502.843, 113
Trd, 4318503.093, 115
Trd, 4318503.593, 104
Trd, 4318506.093, 99
Trd, 4318506.693, 101
Trd, 4318508.643, 96
Trd, 4318509.193, 98
Trd, 4318511.893, 98
Trd, 4318512.943, 96
Trd, 4318513.743, 92
Trd, 4318514.543, 96
Trd, 4318514.843, 97
Trd, 4318516.543, 96
Trd, 4318517.693, 113
Trd, 4318517.993, 112
Trd, 4318519.043, 93
Trd, 4318520.643, 108
Trd, 4318521.043, 105
Trd, 4318524.893, 97
Trd, 4318525.843, 94
Trd, 4318525.993, 96
Trd, 4318526.243, 100
Trd, 4318526.943, 103
Trd, 4318529.343, 97
Trd, 4318529.593, 86
Trd, 4318530.493, 100
Trd, 4318532.343, 93
Trd, 4318532.593, 96
Trd, 4318533.443, 97
Trd, 4318534.743, 103
Trd, 4318534.943, 104
Trd, 4318537.643, 93
Trd, 4318537.843, 95
Trd, 4318538.893, 111
Trd, 4318539.893, 105
Trd, 4318542.293, 104
Trd, 4318542.693, 107
Trd, 4318544.443, 106
Trd, 4318544.793, 111
Trd, 4318546.743, 107
Trd, 4318548.643, 107
Trd, 4318549.443, 104
Trd, 4318550.593, 103
Trd, 4318551.343, 94
Trd, 4318552.993, 86
Trd, 4318553.793, 94
Trd, 4318554.643, 95
Trd, 4318555.743, 95
Trd, 4318558.193, 94
Trd, 4318558.893, 95
Trd, 4318560.243, 101
Trd, 4318562.243, 95
Trd, 4318562.443, 96
Trd, 4318563.843, 88
Trd, 4318565.243, 95
Trd, 4318565.593, 96
Trd, 4318565.943, 113
Trd, 4318566.593, 88
Trd, 4318568.393, 98
Trd, 4318571.093, 95
Trd, 4318571.243, 99
Trd, 4318571.693, 86
Trd, 4318573.843, 99
Trd, 4318574.443, 104
Trd, 4318574.793, 102
Trd, 4318575.043, 105
Trd, 4318577.593, 104
Trd, 4318578.493, 88
Trd, 4318580.793, 96
Trd, 4318580.843, 97
Trd, 4318582.643, 94
Trd, 4318582.993, 94
Trd, 4318583.843, 94
Trd, 4318584.143, 94
Trd, 4318585.843, 95
Trd, 4318586.393, 95
Trd, 4318587.043, 103
Trd, 4318587.243, 94
Trd, 4318590.143, 104
Trd, 4318591.643, 98
Trd, 4318591.693, 100
Trd, 4318593.093, 98
Trd, 4318593.193, 99
Trd, 4318593.743, 101
Trd, 4318595.693, 101
Trd, 4318595.793, 95
Trd, 4318596.243, 103
Trd, 4318598.193, 104
Trd, 4318598.843, 110
Trd, 4318601.293, 107
Trd, 4318601.543, 108
Trd, 4318602.743, 95
Trd, 4318604.393, 93
Trd, 4318605.093, 97
Trd, 4318606.393, 104
Trd, 4318606.743, 92
Trd, 4318607.993, 105
Trd, 4318608.743, 96
Trd, 4318608.893, 99
Trd, 4318610.843, 96
Trd, 4318611.943, 120
Trd, 4318614.143, 102
Trd, 4318614.293, 103
Trd, 4318614.843, 93
Trd, 4318615.893, 102
Trd, 4318617.593, 113
Trd, 4318618.793, 102
Trd, 4318620.093, 102
Trd, 4318620.543, 93
Trd, 4318622.743, 98
Trd, 4318623.843, 97
Trd, 4318624.943, 94
Trd, 4318626.793, 95
Trd, 4318626.843, 104
Trd, 4318627.243, 113
Trd, 4318627.593, 121
Trd, 4318629.543, 94
Trd, 4318629.743, 112
Trd, 4318631.793, 91
Trd, 4318632.643, 93
Trd, 4318632.943, 95
Trd, 4318634.143, 104
Trd, 4318636.443, 95
Trd, 4318637.393, 93
Trd, 4318637.943, 93
Trd, 4318641.193, 92
Trd, 4318641.693, 94
Trd, 4318641.743, 95
Trd, 4318642.143, 104
Trd, 4318645.493, 88
Trd, 4318645.643, 89
Trd, 4318646.993, 89
Trd, 4318647.893, 100
Trd, 4318648.143, 86
Trd, 4318649.343, 103
Trd, 4318650.393, 104
Trd, 4318650.743, 113
Trd, 4318653.043, 95
Trd, 4318653.243, 95
Trd, 4318654.893, 94
Trd, 4318655.193, 94
Trd, 4318655.743, 96
Trd, 4318656.993, 105
Trd, 4318658.443, 113
Trd, 4318659.393, 107
Trd, 4318661.543, 106
Trd, 4318662.493, 102
Trd, 4318663.743, 105
Trd, 4318664.843, 105
Trd, 4318665.793, 102
Trd, 4318666.993, 102
Trd, 4318668.043, 105
Trd, 4318669.993, 93
Trd, 4318670.793, 101
Trd, 4318671.343, 100
Trd, 4318672.743, 98
Trd, 4318672.993, 94
Trd, 4318674.043, 96
Trd, 4318674.443, 105
Trd, 4318677.193, 100
Trd, 4318677.393, 101
Trd, 4318678.543, 89
Trd, 4318681.043, 100
Trd, 4318682.343, 98
Trd, 4318683.243, 99
Trd, 4318683.393, 97
Trd, 4318683.493, 113
Trd, 4318688.243, 97
Trd, 4318688.393, 98
Trd, 4318689.193, 98
Trd, 4318689.643, 100
Trd, 4318689.743, 113
Trd, 4318691.043, 99
Trd, 4318691.843, 94
Trd, 4318691.893, 99
Trd, 4318693.343, 104
Trd, 4318695.443, 113
Trd, 4318695.843, 112
Trd, 4318696.143, 116
Trd, 4318698.893, 98
Trd, 4318699.393, 98
Trd, 4318699.793, 93
Trd, 4318699.893, 98
Trd, 4318701.093, 97
Trd, 4318702.043, 113
Trd, 4318702.893, 92
Trd, 4318705.393, 106
Trd, 4318707.043, 100
Trd, 4318707.393, 104
Trd, 4318709.393, 97
Trd, 4318710.193, 96
Trd, 4318710.693, 93
Trd, 4318710.793, 103
Trd, 4318713.243, 90
Trd, 4318713.593, 104
Trd, 4318714.743, 126
Trd, 4318715.543, 113
Trd, 4318716.393, 113
Trd, 4318718.743, 102
Trd, 4318720.443, 101
Trd, 4318721.493, 101
Trd, 4318722.243, 104
Trd, 4318724.093, 97
Trd, 4318724.543, 87
Trd, 4318725.043, 90
Trd, 4318725.193, 98
Trd, 4318726.143, 105
Trd, 4318727.843, 99
Trd, 4318728.493, 113
Trd, 4318729.043, 89
Trd, 4318730.093, 104
Trd, 4318731.643, 97
Trd, 4318732.093, 88
Trd, 4318732.343, 101
Trd, 4318736.243, 104
Trd, 4318736.743, 113
Trd, 4318738.443, 94
Trd, 4318738.893, 94
Trd, 4318740.043, 93
Trd, 4318741.143, 91
Trd, 4318741.893, 89
Trd, 4318743.943, 95
Trd, 4318745.393, 88
Trd, 4318745.693, 95
Trd, 4318746.893, 91
Trd, 4318748.593, 110
Trd, 4318748.993, 108
Trd, 4318749.093, 104
Trd, 4318750.443, 104
Trd, 4318751.243, 93
Trd, 4318754.293, 100
Trd, 4318754.943, 102
Trd, 4318756.043, 103
Trd, 4318756.893, 111
Trd, 4318757.393, 108
Trd, 4318757.993, 100
Trd, 4318759.693, 94
Trd, 4318760.093, 97
Trd, 4318762.493, 93
Trd, 4318763.593, 96
Trd, 4318764.543, 104
Trd, 4318765.943, 112
Trd, 4318766.593, 107
Trd, 4318767.693, 106
Trd, 4318767.743, 107
Trd, 4318768.743, 105
Trd, 4318770.193, 106
Trd, 4318771.393, 102
Trd, 4318772.343, 94
Trd, 4318773.843, 103
Trd, 4318774.493, 107
Trd, 4318776.543, 97
Trd, 4318777.393, 95
Trd, 4318777.843, 90
Trd, 4318778.493, 95
Trd, 4318778.593, 96
Trd, 4318781.343, 95
Trd, 4318783.443, 93
Trd, 4318784.093, 93
Trd, 4318785.393, 94
Trd, 4318786.293, 93
Trd, 4318786.393, 95
Trd, 4318787.843, 92
Trd, 4318787.943, 95
Trd, 4318788.193, 105
Trd, 4318789.493, 91
Trd, 4318789.893, 113
Trd, 4318791.293, 105
Trd, 4318792.943, 107
Trd, 4318793.243, 106
Trd, 4318793.593, 107
Trd, 4318794.593, 113
Trd, 4318796.443, 106
Trd, 4318797.393, 109
Trd, 4318797.543, 110
Trd, 4318800.443, 94
Trd, 4318802.493, 104
Trd, 4318804.243, 98
Trd, 4318805.043, 96
Trd, 4318805.243, 98
Trd, 4318806.143, 102
Trd, 4318807.893, 94
Trd, 4318807.993, 100
Trd, 4318808.143, 103
Trd, 4318810.243, 93
Trd, 4318811.043, 102
Trd, 4318811.893, 104
Trd, 4318813.593, 97
Trd, 4318814.943, 102
Trd, 4318815.193, 104
Trd, 4318816.343, 95
Trd, 4318818.293, 93
Trd, 4318820.443, 95
Trd, 4318820.693, 94
Trd, 4318820.893, 113
Trd, 4318822.143, 104
Trd, 4318822.243, 104
Trd, 4318822.343, 105
Trd, 4318823.443, 93
Trd, 4318824.043, 107
Trd, 4318825.743, 112
Trd, 4318828.693, 100
Trd, 4318830.043, 97
Trd, 4318830.643, 97
Trd, 4318830.993, 97
Trd, 4318831.943, 95
Trd, 4318832.743, 96
Trd, 4318835.693, 93
Trd, 4318835.943, 104
Trd, 4318836.943, 104
Trd, 4318837.643, 92
Trd, 4318838.393, 103
Trd, 4318839.343, 104
Trd, 4318839.693, 94
Trd, 4318842.393, 103
Trd, 4318842.643, 105
Trd, 4318844.343, 122
Trd, 4318845.293, 114
Trd, 4318846.243, 112
Trd, 4318847.293, 104
Trd, 4318848.093, 111
Trd, 4318849.993, 94
Trd, 4318852.193, 93
Trd, 4318852.343, 94
Trd, 4318853.243, 87
Trd, 4318853.743, 95
Trd, 4318855.143, 102
Trd, 4318855.743, 86
Trd, 4318857.693, 113
Trd, 4318857.993, 108
Trd, 4318861.343, 105
Trd, 4318861.793, 104
Trd, 4318862.193, 93
Trd, 4318862.293, 105
Trd, 4318863.093, 104
Trd, 4318864.793, 88
Trd, 4318865.693, 95
Trd, 4318866.693, 93
Trd, 4318868.443, 92
Trd, 4318868.943, 96
Trd, 4318870.543, 98
Trd, 4318871.343, 113
Trd, 4318871.493, 102
Trd, 4318871.693, 114
Trd, 4318873.643, 109
Trd, 4318876.243, 104
Trd, 4318877.643, 105
Trd, 4318877.893, 106
Trd, 4318879.093, 106
Trd, 4318879.243, 104
Trd, 4318879.793, 94
Trd, 4318881.443, 106
Trd, 4318882.693, 105
Trd, 4318882.943, 105
Trd, 4318884.693, 109
Trd, 4318885.143, 102
Trd, 4318886.293, 107
Trd, 4318887.443, 101
Trd, 4318889.543, 99
Trd, 4318889.693, 100
Trd, 4318890.793, 104
Trd, 4318890.993, 106
Trd, 4318892.643, 111
Trd, 4318895.043, 104
Trd, 4318895.793, 104
Trd, 4318896.543, 96
Trd, 4318898.343, 94
Trd, 4318898.943, 96
Trd, 4318899.643, 95
Trd, 4318902.393, 88
Trd, 4318902.843, 87
Trd, 4318904.693, 87
Trd, 4318904.743, 88
Trd, 4318905.693, 86
Trd, 4318907.093, 95
Trd, 4318907.243, 96
Trd, 4318908.693, 111
Trd, 4318909.693, 94
Trd, 4318909.993, 111
Trd, 4318913.143, 107
Trd, 4318913.893, 108
Trd, 4318914.393, 108
Trd, 4318915.443, 108
Trd, 4318918.243, 96
Trd, 4318919.343, 94
Trd, 4318919.543, 97
Trd, 4318919.993, 104
Trd, 4318920.043, 108
Trd, 4318920.593, 113
Trd, 4318924.443, 103
Trd, 4318924.793, 103
Trd, 4318925.093, 104
Trd, 4318928.293, 95
Trd, 4318928.443, 94
Trd, 4318928.643, 95
Trd, 4318928.743, 104
Trd, 4318929.243, 113
Trd, 4318930.543, 101
Trd, 4318931.343, 99
Trd, 4318931.643, 97
Trd, 4318933.193, 86
Trd, 4318934.543, 93
Trd, 4318935.493, 94
Trd, 4318935.743, 95
Trd, 4318936.593, 108
Trd, 4318939.293, 98
Trd, 4318940.493, 91
Trd, 4318943.143, 92
Trd, 4318943.943, 92
Trd, 4318944.093, 91
Trd, 4318945.293, 87
Trd, 4318945.343, 95
Trd, 4318946.243, 89
Trd, 4318946.993, 90
Trd, 4318947.143, 104
Trd, 4318947.643, 103
Trd, 4318950.943, 90
Trd, 4318951.693, 90
Trd, 4318952.143, 89
Trd, 4318954.043, 89
Trd, 4318954.693, 102
Trd, 4318955.993, 103
Trd, 4318956.593, 103
Trd, 4318957.393, 102
Trd, 4318957.993, 104
Trd, 4318958.643, 101
Trd, 4318959.743, 100
Trd, 4318962.443, 88
Trd, 4318962.943, 113
Trd, 4318962.993, 112
Trd, 4318963.193, 111
Trd, 4318965.293, 111
Trd, 4318967.493, 108
Trd, 4318968.843, 107
Trd, 4318968.993, 107
Trd, 4318969.143, 108
Trd, 4318969.593, 103
Trd, 4318970.993, 107
Trd, 4318971.693, 92
Trd, 4318972.893, 103
Trd, 4318974.043, 97
Trd, 4318974.643, 99
Trd, 4318975.693, 105
Trd, 4318976.643, 101
Trd, 4318978.143, 121
Trd, 4318978.443, 94
Trd, 4318979.643, 103
Trd, 4318981.643, 104
Trd, 4318982.043, 104
Trd, 4318983.743, 91
Trd, 4318984.693, 90
Trd, 4318984.793, 91
Trd, 4318987.443, 103
Trd, 4318989.343, 103
Trd, 4318989.843, 104
Trd, 4318991.243, 102
Trd, 4318992.043, 86
Trd, 4318993.343, 95
Trd, 4318993.893, 104
Trd, 4318995.293, 95
Trd, 4318995.743, 98
Trd, 4318996.793, 97
Trd, 4318998.443, 110
Trd, 4319000.193, 95
Trd, 4319002.093, 94
Trd, 4319002.243, 95
Trd, 4319002.443, 88
Trd, 4319002.793, 96
Trd, 4319003.993, 91
Trd, 4319004.943, 96
Trd, 4319005.143, 104
Trd, 4319005.943, 100
Trd, 4319008.793, 98
Trd, 4319009.343, 93
Trd, 4319010.243, 90
Trd, 4319010.793, 96
Trd, 4319011.543, 103
Trd, 4319012.743, 87
Trd, 4319012.993, 103
Trd, 4319013.243, 104
Trd, 4319014.593, 112
Trd, 4319015.893, 107
Trd, 4319017.693, 113
Trd, 4319019.143, 105
Trd, 4319021.843, 99
Trd, 4319022.193, 100
Trd, 4319022.893, 94
Trd, 4319023.143, 101
Trd, 4319023.393, 105
Trd, 4319025.593, 87
Trd, 4319026.393, 86
Trd, 4319026.443, 87
Trd, 4319027.243, 87
Trd, 4319027.543, 86
Trd, 4319027.993, 96
Trd, 4319030.443, 105
Trd, 4319031.043, 113
Trd, 4319032.143, 104
Trd, 4319034.343, 104
Trd, 4319034.793, 103
Trd, 4319035.093, 103
Trd, 4319035.443, 113
Trd, 4319035.893, 94
Trd, 4319037.943, 108
Trd, 4319038.893, 104
Trd, 4319040.493, 93
Trd, 4319041.693, 97
Trd, 4319041.893, 96
Trd, 4319043.943, 91
Trd, 4319045.593, 89
Trd, 4319045.693, 89
Trd, 4319046.043, 86
Trd, 4319046.743, 104
Trd, 4319047.493, 100
Trd, 4319050.393, 89
Trd, 4319050.893, 98
Trd, 4319051.143, 99
Trd, 4319051.243, 105
Trd, 4319052.543, 102
Trd, 4319056.143, 93
Trd, 4319056.343, 100
Trd, 4319057.843, 97
Trd, 4319058.043, 102
Trd, 4319059.193, 100
Trd, 4319059.493, 101
Trd, 4319060.143, 102
Trd, 4319060.443, 92
Trd, 4319063.893, 98
Trd, 4319065.043, 92
Trd, 4319065.543, 93
Trd, 4319065.643, 94
Trd, 4319068.243, 93
Trd, 4319069.693, 90
Trd, 4319070.793, 93
Trd, 4319072.443, 89
Trd, 4319072.593, 103
Trd, 4319073.993, 94
Trd, 4319075.793, 113
Trd, 4319076.693, 121
Trd, 4319076.993, 111
Trd, 4319078.643, 104
Trd, 4319079.243, 107
Trd, 4319081.493, 104
Trd, 4319081.793, 106
Trd, 4319081.843, 113
Trd, 4319082.543, 103
Trd, 4319084.143, 104
Trd, 4319085.743, 103
Trd, 4319086.093, 103
Trd, 4319087.843, 103
Trd, 4319088.193, 101
Trd, 4319088.743, 104
Trd, 4319091.843, 105
Trd, 4319092.143, 105
Trd, 4319092.293, 104
Trd, 4319092.643, 93
Trd, 4319093.193, 105
Trd, 4319094.793, 103
Trd, 4319094.893, 104
Trd, 4319094.993, 106
Trd, 4319097.093, 87
Trd, 4319098.993, 90
Trd, 4319099.743, 91
Trd, 4319099.793, 97
Trd, 4319102.543, 97
Trd, 4319103.093, 88
Trd, 4319103.743, 91
Trd, 4319104.493, 93
Trd, 4319105.143, 94
Trd, 4319107.293, 95
Trd, 4319108.143, 94
Trd, 4319109.493, 95
Trd, 4319110.693, 95
Trd, 4319112.743, 101
Trd, 4319112.843, 94
Trd, 4319114.093, 102
Trd, 4319115.693, 100
Trd, 4319116.343, 94
Trd, 4319117.443, 102
Trd, 4319118.693, 100
Trd, 4319119.893, 99
Trd, 4319121.893, 97
Trd, 4319123.343, 96
Trd, 4319123.843, 90
Trd, 4319124.293, 90
Trd, 4319124.643, 91
Trd, 4319126.693, 90
Trd, 4319127.093, 92
Trd, 4319127.893, 95
Trd, 4319128.943, 95
Trd, 4319128.993, 96
Trd, 4319131.493, 96
Trd, 4319131.643, 93
Trd, 4319131.793, 97
Trd, 4319134.143, 102
Trd, 4319135.843, 89
Trd, 4319136.493, 92
Trd, 4319137.393, 95
Trd, 4319138.843, 101
Trd, 4319139.643, 103
Trd, 4319140.243, 90
Trd, 4319141.843, 103
Trd, 4319142.943, 102
Trd, 4319144.293, 100
Trd, 4319144.543, 104
Trd, 4319147.593, 93
Trd, 4319147.693, 101
Trd, 4319147.743, 113
Trd, 4319149.393, 107
Trd, 4319151.893, 102
Trd, 4319152.043, 104
Trd, 4319152.543, 103
Trd, 4319153.243, 93
Trd, 4319154.193, 98
Trd, 4319154.443, 98
Trd, 4319155.093, 97
Trd, 4319155.643, 103
Trd, 4319159.293, 91
Trd, 4319160.243, 92
Trd, 4319160.443, 94
Trd, 4319161.393, 95
Trd, 4319162.293, 92
Trd, 4319163.243, 96
Trd, 4319163.943, 103
Trd, 4319165.643, 90
Trd, 4319166.143, 134
Trd, 4319166.743, 122
Trd, 4319169.393, 99
Trd, 4319170.543, 89
Trd, 4319172.193, 87
Trd, 4319172.943, 87
Trd, 4319173.143, 98
Trd, 4319173.743, 97
Trd, 4319174.393, 98
Trd, 4319175.693, 96
Trd, 4319176.293, 92
Trd, 4319176.393, 104
Trd, 4319179.243, 104
Trd, 4319179.943, 101
Trd, 4319181.793, 103
Trd, 4319183.593, 101
Trd, 4319184.543, 101
Trd, 4319185.543, 105
Trd, 4319187.443, 103
Trd, 4319187.643, 94
Trd, 4319187.693, 108
Trd, 4319187.793, 109
Trd, 4319191.893, 108
Trd, 4319193.193, 106
Trd, 4319193.643, 102
Trd, 4319193.793, 107
Trd, 4319196.343, 104
Trd, 4319196.493, 113
Trd, 4319197.093, 112
Trd, 4319198.793, 104
Trd, 4319201.143, 95
Trd, 4319201.893, 94
Trd, 4319203.793, 92
Trd, 4319204.293, 93
Trd, 4319205.093, 93
Trd, 4319205.543, 93
Trd, 4319206.843, 93
Trd, 4319207.443, 104
Trd, 4319209.543, 97
Trd, 4319209.993, 93
Trd, 4319210.093, 99
Trd, 4319210.993, 104
Trd, 4319211.443, 122
Trd, 4319214.443, 94
Trd, 4319215.243, 95
Trd, 4319216.043, 95
Trd, 4319217.293, 95
Trd, 4319218.843, 92
Trd, 4319219.343, 93
Trd, 4319220.093, 87
Trd, 4319221.293, 97
Trd, 4319221.843, 105
Trd, 4319223.693, 97
Trd, 4319224.143, 96
Trd, 4319224.843, 91
Trd, 4319226.993, 93
Trd, 4319227.143, 94
Trd, 4319228.393, 93
Trd, 4319228.843, 95
Trd, 4319229.143, 104
Trd, 4319230.093, 113
Trd, 4319230.543, 92
Trd, 4319232.193, 93
Trd, 4319233.093, 96
Trd, 4319233.193, 112
Trd, 4319236.293, 98
Trd, 4319237.643, 98
Trd, 4319238.243, 93
Trd, 4319239.493, 99
Trd, 4319240.143, 104
Trd, 4319241.743, 92
Trd, 4319244.643, 99
Trd, 4319245.793, 92
Trd, 4319246.643, 90
Trd, 4319246.743, 93
Trd, 4319247.843, 95
Trd, 4319247.893, 105
Trd, 4319250.743, 105
Trd, 4319251.043, 112
Trd, 4319252.393, 111
Trd, 4319252.943, 113
Trd, 4319255.293, 111
Trd, 4319255.943, 105
Trd, 4319256.993, 104
Trd, 4319258.693, 105
Trd, 4319258.893, 105
Trd, 4319260.593, 102
Trd, 4319260.843, 103
Trd, 4319262.143, 105
Trd, 4319264.393, 104
Trd, 4319264.443, 104
Trd, 4319264.743, 95
Trd, 4319266.993, 96
Trd, 4319267.793, 94
Trd, 4319268.293, 95
Trd, 4319270.293, 97
Trd, 4319270.643, 89
Trd, 4319271.243, 96
Trd, 4319271.693, 101
Trd, 4319272.643, 103
Trd, 4319274.243, 100
Trd, 4319274.693, 100
Trd, 4319275.943, 91
Trd, 4319275.993, 113
Trd, 4319277.543, 104
Trd, 4319278.093, 87
Trd, 4319279.643, 87
Trd, 4319280.493, 94
Trd, 4319281.693, 94
Trd, 4319281.843, 95
Trd, 4319284.293, 92
Trd, 4319284.943, 93
Trd, 4319285.543, 94
Trd, 4319287.193, 95
Trd, 4319287.493, 95
Trd, 4319288.093, 91
Trd, 4319289.093, 103
Trd, 4319289.593, 104
Trd, 4319292.643, 94
Trd, 4319293.543, 90
Trd, 4319295.293, 89
Trd, 4319296.293, 89
Trd, 4319297.893, 91
Trd, 4319300.043, 91
Trd, 4319300.593, 96
Trd, 4319301.143, 104
Trd, 4319302.093, 111
Trd, 4319302.393, 93
Trd, 4319304.093, 97
Trd, 4319304.293, 100
Trd, 4319306.993, 102
Trd, 4319307.143, 104
Trd, 4319308.193, 112
Trd, 4319309.843, 103
Trd, 4319310.093, 102
Trd, 4319311.443, 103
Trd, 4319312.743, 103
Trd, 4319314.143, 103
Trd, 4319315.043, 102
Trd, 4319315.943, 103
Trd, 4319317.243, 104
Trd, 4319318.443, 99
Trd, 4319318.543, 100
Trd, 4319318.593, 101
Trd, 4319321.543, 101
Trd, 4319321.843, 104
Trd, 4319322.793, 102
Trd, 4319324.543, 96
Trd, 4319325.043, 95
Trd, 4319326.493, 87
Trd, 4319327.243, 87
Trd, 4319329.043, 88
Trd, 4319329.293, 85
Trd, 4319329.993, 91
Trd, 4319332.043, 94
Trd, 4319332.543, 96
Trd, 4319333.643, 104
Trd, 4319333.893, 86
Trd, 4319334.143, 112
Trd, 4319334.293, 103
Trd, 4319336.143, 104
Trd, 4319338.443, 95
Trd, 4319339.093, 96
Trd, 4319340.093, 88
Trd, 4319341.593, 109
Trd, 4319342.543, 103
Trd, 4319345.243, 92
Trd, 4319346.243, 91
Trd, 4319346.543, 104
Trd, 4319349.093, 99
Trd, 4319349.143, 101
Trd, 4319350.143, 90
Trd, 4319351.593, 104
Trd, 4319351.793, 113
Trd, 4319353.693, 102
Trd, 4319354.193, 107
Trd, 4319355.893, 92
Trd, 4319356.993, 93
Trd, 4319357.043, 95
Trd, 4319357.493, 94
Trd, 4319361.893, 93
Trd, 4319361.943, 95
Trd, 4319363.043, 94
Trd, 4319363.243, 95
Trd, 4319364.893, 104
Trd, 4319365.343, 93
Trd, 4319365.943, 113
Trd, 4319366.443, 107
Trd, 4319366.543, 133
Trd, 4319369.543, 103
Trd, 4319369.593, 113
Trd, 4319370.943, 113
Trd, 4319371.243, 113
Trd, 4319373.843, 100
Trd, 4319375.543, 96
Trd, 4319376.393, 94
Trd, 4319376.593, 95
Trd, 4319376.993, 104
Trd, 4319378.193, 88
Trd, 4319378.793, 100
Trd, 4319380.893, 109
Trd, 4319381.593, 91
Trd, 4319383.343, 99
Trd, 4319384.393, 94
Trd, 4319385.043, 99
Trd, 4319385.193, 98
Trd, 4319386.593, 106
Trd, 4319388.693, 102
Trd, 4319389.493, 100
Trd, 4319390.893, 98
Trd, 4319391.043, 94
Trd, 4319392.243, 99
Trd, 4319393.843, 101
Trd, 4319394.993, 101
Trd, 4319395.243, 104
Trd, 4319396.143, 100
Trd, 4319396.493, 113
Trd, 4319399.643, 112
Trd, 4319401.993, 105
Trd, 4319402.043, 109
Trd, 4319402.643, 108
Trd, 4319403.943, 113
Trd, 4319406.993, 104
Trd, 4319408.993, 103
Trd, 4319409.143, 94
Trd, 4319409.193, 103
Trd, 4319409.243, 104
Trd, 4319410.443, 105
Trd, 4319411.993, 86
Trd, 4319412.243, 104
Trd, 4319413.893, 100
Trd, 4319415.893, 94
Trd, 4319416.493, 93
Trd, 4319416.743, 96
Trd, 4319417.993, 103
Trd, 4319418.793, 104
Trd, 4319420.893, 97
Trd, 4319421.893, 97
Trd, 4319422.943, 111
Trd, 4319423.443, 113
Trd, 4319426.293, 97
Trd, 4319426.393, 104
Trd, 4319427.793, 102
Trd, 4319428.343, 93
Trd, 4319428.543, 101
Trd, 4319430.893, 101
Trd, 4319431.493, 102
Trd, 4319431.943, 105
Trd, 4319434.443, 99
Trd, 4319435.293, 98
Trd, 4319435.793, 100
Trd, 4319436.143, 100
Trd, 4319437.293, 103
Trd, 4319437.993, 104
Trd, 4319438.343, 102
Trd, 4319439.843, 101
Trd, 4319440.993, 103
Trd, 4319442.743, 103
Trd, 4319444.193, 103
Trd, 4319446.143, 94
Trd, 4319446.743, 103
Trd, 4319447.143, 96
Trd, 4319448.943, 101
Trd, 4319449.943, 101
Trd, 4319450.343, 94
Trd, 4319451.343, 100
Trd, 4319452.743, 104
Trd, 4319454.693, 103
Trd, 4319456.143, 100
Trd, 4319456.693, 100
Trd, 4319457.243, 101
Trd, 4319458.693, 96
Trd, 4319459.043, 97
Trd, 4319459.893, 96
Trd, 4319461.393, 105
Trd, 4319462.193, 104
Trd, 4319463.893, 101
Trd, 4319465.543, 100
Trd, 4319465.743, 100
Trd, 4319467.543, 100
Trd, 4319468.743, 101
Trd, 4319469.043, 103
Trd, 4319469.643, 97
Trd, 4319470.493, 104
Trd, 4319470.593, 103
Trd, 4319471.643, 104
Trd, 4319473.443, 104
Trd, 4319474.543, 105
Trd, 4319475.743, 95
Trd, 4319477.143, 97
Trd, 4319477.993, 86
Trd, 4319478.843, 91
Trd, 4319479.593, 89
Trd, 4319480.843, 89
Trd, 4319480.943, 89
Trd, 4319481.993, 97
Trd, 4319483.793, 87
Trd, 4319484.293, 103
Trd, 4319484.593, 113
Trd, 4319486.843, 113
Trd, 4319487.343, 108
Trd, 4319488.293, 94
Trd, 4319490.393, 103
Trd, 4319491.443, 104
Trd, 4319492.693, 100
Trd, 4319493.993, 111
Trd, 4319495.193, 107
Trd, 4319496.543, 113
Trd, 4319497.393, 89
Trd, 4319497.593, 92
Trd, 4319498.743, 91
Trd, 4319499.693, 87
Trd, 4319499.893, 91
Trd, 4319500.343, 95
Trd, 4319502.043, 102
Trd, 4319503.643, 103
Trd, 4319505.443, 91
Trd, 4319506.243, 98
Trd, 4319506.393, 98
Trd, 4319508.943, 87
Trd, 4319509.743, 88
Trd, 4319510.693, 86
Trd, 4319510.993, 88
Trd, 4319512.343, 98
Trd, 4319513.343, 92
Trd, 4319513.893, 86
Trd, 4319514.043, 87
Trd, 4319515.193, 101
Trd, 4319516.693, 104
Trd, 4319518.093, 112
Trd, 4319519.693, 102
Trd, 4319520.293, 101
Trd, 4319520.943, 97
Trd, 4319523.543, 95
Trd, 4319523.843, 99
Trd, 4319525.543, 96
Trd, 4319525.993, 97
Trd, 4319526.143, 104
Trd, 4319527.093, 109
Trd, 4319529.393, 98
Trd, 4319530.593, 98
Trd, 4319530.793, 97
Trd, 4319531.493, 97
Trd, 4319532.493, 88
Trd, 4319533.593, 92
Trd, 4319533.643, 113
Trd, 4319535.743, 91
Trd, 4319536.793, 97
Trd, 4319536.893, 106
Trd, 4319536.993, 107
Trd, 4319538.543, 113
Trd, 4319540.493, 98
Trd, 4319541.093, 94
Trd, 4319541.393, 97
Trd, 4319543.143, 94
Trd, 4319543.893, 93
Trd, 4319544.743, 97
Trd, 4319545.343, 102
Trd, 4319546.193, 94
Trd, 4319546.443, 101
Trd, 4319548.743, 103
Trd, 4319549.543, 112
Trd, 4319550.643, 107
Trd, 4319551.093, 108
Trd, 4319553.343, 87
Trd, 4319554.343, 92
Trd, 4319555.043, 91
Trd, 4319555.793, 90
Trd, 4319557.043, 111
Trd, 4319557.793, 113
Trd, 4319560.093, 99
Trd, 4319560.443, 104
Trd, 4319560.843, 103
Trd, 4319562.093, 96
Trd, 4319563.643, 104
Trd, 4319563.993, 90
Trd, 4319565.093, 103
Trd, 4319567.043, 100
Trd, 4319569.393, 100
Trd, 4319569.643, 110
Trd, 4319570.593, 98
Trd, 4319571.843, 107
Trd, 4319573.243, 104
Trd, 4319574.743, 87
Trd, 4319575.993, 94
Trd, 4319578.343, 94
Trd, 4319578.443, 95
Trd, 4319579.993, 87
Trd, 4319581.743, 103
Trd, 4319582.343, 104
Trd, 4319582.743, 104
Trd, 4319585.993, 94
Trd, 4319586.593, 94
Trd, 4319586.793, 95
Trd, 4319586.843, 104
Trd, 4319588.893, 86
Trd, 4319589.443, 100
Trd, 4319589.943, 100
Trd, 4319591.743, 101
Trd, 4319593.893, 98
Trd, 4319594.043, 98
Trd, 4319594.893, 90
Trd, 4319595.393, 97
Trd, 4319595.943, 104
Trd, 4319597.043, 109
Trd, 4319599.743, 86
Trd, 4319599.893, 99
Trd, 4319600.943, 98
Trd, 4319603.443, 104
Trd, 4319604.543, 108
Trd, 4319605.193, 105
Trd, 4319605.443, 104
Trd, 4319606.843, 113
Trd, 4319608.543, 106
Trd, 4319609.293, 104
Trd, 4319610.393, 99
Trd, 4319610.993, 104
Trd, 4319612.393, 101
Trd, 4319612.843, 95
Trd, 4319615.193, 101
Trd, 4319615.943, 94
Trd, 4319616.043, 97
Trd, 4319617.093, 98
Trd, 4319617.593, 98
Trd, 4319620.043, 104
Trd, 4319621.843, 101
Trd, 4319622.293, 97
Trd, 4319622.593, 113
Trd, 4319625.443, 92
Trd, 4319625.493, 95
Trd, 4319627.743, 93
Trd, 4319628.243, 93
Trd, 4319628.343, 94
Trd, 4319628.893, 107
Trd, 4319629.693, 103
Trd, 4319631.493, 94
Trd, 4319633.193, 102
Trd, 4319633.443, 104
Trd, 4319634.343, 93
Trd, 4319634.643, 102
Trd, 4319635.093, 100
Trd, 4319637.643, 99
Trd, 4319637.993, 103
Trd, 4319639.743, 94
Trd, 4319639.893, 100
Trd, 4319640.593, 101
Trd, 4319640.693, 104
Trd, 4319642.893, 99
Trd, 4319643.093, 102
Trd, 4319644.643, 100
Trd, 4319645.093, 101
Trd, 4319645.943, 104
Trd, 4319646.743, 112
Trd, 4319648.293, 93
Trd, 4319649.493, 101
Trd, 4319651.093, 94
Trd, 4319652.093, 97
Trd, 4319652.493, 97
Trd, 4319652.893, 104
Trd, 4319654.093, 105
Trd, 4319654.993, 104
Trd, 4319656.593, 95
Trd, 4319657.543, 92
Trd, 4319659.743, 89
Trd, 4319660.743, 90
Trd, 4319660.843, 94
Trd, 4319661.493, 88
Trd, 4319662.243, 95
Trd, 4319664.243, 90
Trd, 4319664.893, 89
Trd, 4319665.143, 105
Trd, 4319665.243, 87
Trd, 4319667.293, 107
Trd, 4319670.343, 105
Trd, 4319671.093, 101
Trd, 4319672.293, 92
Trd, 4319672.443, 101
Trd, 4319673.493, 99
Trd, 4319674.993, 100
Trd, 4319676.893, 103
Trd, 4319676.993, 104
Trd, 4319678.743, 104
Trd, 4319679.243, 111
Trd, 4319679.743, 101
Trd, 4319680.593, 108
Trd, 4319681.943, 94
Trd, 4319683.043, 96
Trd, 4319683.743, 101
Trd, 4319684.843, 108
Trd, 4319685.493, 112
Trd, 4319686.593, 113
Trd, 4319686.943, 96
Trd, 4319688.893, 103
Trd, 4319691.593, 97
Trd, 4319692.093, 99
Trd, 4319694.043, 97
Trd, 4319694.143, 98
Trd, 4319695.343, 97
Trd, 4319695.593, 94
Trd, 4319697.143, 97
Trd, 4319698.593, 101
Trd, 4319699.143, 86
Trd, 4319699.243, 102
Trd, 4319699.543, 104
Trd, 4319700.643, 123
Trd, 4319701.993, 90
Trd, 4319704.243, 94
Trd, 4319704.393, 97
Trd, 4319705.543, 86
Trd, 4319706.093, 95
Trd, 4319707.593, 104
Trd, 4319709.893, 93
Trd, 4319710.293, 94
Trd, 4319710.993, 95
Trd, 4319712.143, 104
Trd, 4319714.143, 112
Trd, 4319714.593, 104
Trd, 4319714.693, 103
Trd, 4319716.793, 107
Trd, 4319718.043, 105
Trd, 4319718.443, 106
Trd, 4319720.293, 107
Trd, 4319720.943, 106
Trd, 4319723.093, 104
Trd, 4319723.893, 103
Trd, 4319724.093, 105
Trd, 4319725.393, 110
Trd, 4319728.243, 97
Trd, 4319729.143, 96
Trd, 4319729.343, 97
Trd, 4319731.293, 94
Trd, 4319732.343, 105
Trd, 4319733.393, 113
Trd, 4319734.443, 105
Trd, 4319735.443, 105
Trd, 4319736.193, 104
Trd, 4319736.293, 107
Trd, 4319738.793, 94
Trd, 4319739.143, 95
Trd, 4319740.293, 93
Trd, 4319740.743, 93
Trd, 4319741.743, 92
Trd, 4319743.343, 88
Trd, 4319743.593, 95
Trd, 4319744.343, 91
Trd, 4319746.043, 104
Trd, 4319746.743, 105
Trd, 4319748.043, 90
Trd, 4319750.143, 104
Trd, 4319750.793, 110
Trd, 4319752.443, 102
Trd, 4319752.943, 103
Trd, 4319753.143, 96
Trd, 4319753.193, 106
Trd, 4319756.393, 97
Trd, 4319758.493, 95
Trd, 4319758.743, 94
Trd, 4319759.493, 96
Trd, 4319760.543, 93
Trd, 4319760.593, 96
Trd, 4319761.143, 106
Trd, 4319762.693, 112
Trd, 4319763.893, 104
Trd, 4319764.943, 92
Trd, 4319766.043, 100
Trd, 4319767.193, 104
Trd, 4319768.643, 104
Trd, 4319769.993, 107
Trd, 4319770.393, 112
Trd, 4319772.393, 111
Trd, 4319773.443, 103
Trd, 4319774.043, 108
Trd, 4319775.393, 103
Trd, 4319776.543, 104
Trd, 4319778.643, 98
Trd, 4319778.693, 94
Trd, 4319778.993, 98
Trd, 4319779.743, 103
Trd, 4319779.993, 100
Trd, 4319781.493, 94
Trd, 4319782.993, 98
Trd, 4319784.193, 95
Trd, 4319785.093, 95
Trd, 4319785.193, 95
Trd, 4319787.343, 103
Trd, 4319789.643, 97
Trd, 4319790.593, 98
Trd, 4319791.043, 97
Trd, 4319792.643, 103
Trd, 4319792.693, 104
Trd, 4319793.693, 113
Trd, 4319796.043, 103
Trd, 4319797.443, 100
Trd, 4319797.793, 99
Trd, 4319797.943, 101
Trd, 4319798.043, 98
Trd, 4319800.793, 95
Trd, 4319801.243, 97
Trd, 4319801.493, 94
Trd, 4319801.843, 101
Trd, 4319802.843, 103
Trd, 4319804.193, 101
Trd, 4319805.343, 104
Trd, 4319805.693, 93
Trd, 4319805.793, 112
Trd, 4319807.643, 113
Trd, 4319809.343, 107
Trd, 4319810.493, 103
Trd, 4319811.593, 106
Trd, 4319813.793, 100
Trd, 4319814.743, 105
Trd, 4319815.643, 104
Trd, 4319816.293, 93
Trd, 4319816.743, 94
Trd, 4319818.693, 94
Trd, 4319819.443, 103
Trd, 4319820.693, 99
Trd, 4319822.393, 92
Trd, 4319822.493, 93
Trd, 4319823.393, 92
Trd, 4319823.593, 95
Trd, 4319827.193, 93
Trd, 4319827.643, 94
Trd, 4319827.693, 95
Trd, 4319828.843, 92
Trd, 4319829.193, 92
Trd, 4319830.143, 96
Trd, 4319831.693, 97
Trd, 4319833.393, 102
Trd, 4319834.793, 93
Trd, 4319835.743, 100
Trd, 4319836.493, 101
Trd, 4319836.693, 102
Trd, 4319836.793, 104
Trd, 4319839.443, 102
Trd, 4319840.393, 97
Trd, 4319841.643, 96
Trd, 4319842.893, 97
Trd, 4319843.043, 101
Trd, 4319843.093, 103
Trd, 4319845.143, 101
Trd, 4319845.943, 101
Trd, 4319848.293, 96
Trd, 4319849.043, 100
Trd, 4319850.093, 99
Trd, 4319850.693, 103
Trd, 4319850.793, 98
Trd, 4319852.993, 102
Trd, 4319853.343, 95
Trd, 4319853.793, 101
Trd, 4319855.443, 101
Trd, 4319856.093, 103
Trd, 4319856.143, 104
Trd, 4319858.043, 104
Trd, 4319860.643, 103
Trd, 4319861.093, 102
Trd, 4319861.743, 104
Trd, 4319861.893, 104
Trd, 4319863.143, 95
Trd, 4319864.343, 103
Trd, 4319866.393, 103
Trd, 4319866.693, 104
Trd, 4319867.343, 99
Trd, 4319867.993, 103
Trd, 4319870.843, 97
Trd, 4319871.293, 97
Trd, 4319871.543, 99
Trd, 4319871.893, 104
Trd, 4319874.393, 97
Trd, 4319876.093, 113
Trd, 4319876.943, 107
Trd, 4319876.993, 108
Trd, 4319878.593, 109
Trd, 4319880.393, 124
Trd, 4319881.443, 113
Trd, 4319881.993, 113
Trd, 4319883.193, 104
Trd, 4319884.293, 112
Trd, 4319885.193, 110
Trd, 4319885.943, 109
Trd, 4319887.143, 103
Trd, 4319889.143, 100
Trd, 4319889.693, 95
Trd, 4319889.793, 101
Trd, 4319890.843, 101
Trd, 4319892.643, 85
Trd, 4319893.343, 87
Trd, 4319895.493, 89
Trd, 4319897.093, 88
Trd, 4319898.043, 88
Trd, 4319898.393, 87
Trd, 4319898.643, 95
Trd, 4319898.893, 113
Trd, 4319900.393, 98
Trd, 4319900.493, 104
Trd, 4319903.493, 98
Trd, 4319904.593, 104
Trd, 4319905.143, 90
Trd, 4319905.293, 101
Trd, 4319905.393, 105
Trd, 4319906.443, 105
Trd, 4319907.393, 113
Trd, 4319909.393, 113
Trd, 4319911.593, 102
Trd, 4319912.693, 91
Trd, 4319913.193, 99
Trd, 4319913.843, 100
Trd, 4319915.393, 91
Trd, 4319915.893, 91
Trd, 4319916.493, 91
Trd, 4319916.743, 93
Trd, 4319918.343, 92
Trd, 4319918.793, 90
Trd, 4319919.793, 95
Trd, 4319920.893, 95
Trd, 4319921.093, 104
Trd, 4319922.943, 97
Trd, 4319924.293, 90
Trd, 4319924.443, 94
Trd, 4319925.943, 88
Trd, 4319927.393, 102
Trd, 4319928.493, 95
Trd, 4319929.643, 91
Trd, 4319931.343, 96
Trd, 4319932.293, 98
Trd, 4319933.943, 101
Trd, 4319934.493, 100
Trd, 4319934.993, 101
Trd, 4319935.443, 94
Trd, 4319936.593, 113
Trd, 4319938.293, 104
Trd, 4319938.693, 107
Trd, 4319939.543, 106
Trd, 4319940.993, 104
Trd, 4319941.193, 99
Trd, 4319941.543, 113
Trd, 4319944.743, 95
Trd, 4319944.793, 98
Trd, 4319945.893, 98
Trd, 4319946.093, 98
Trd, 4319947.993, 96
Trd, 4319949.893, 95
Trd, 4319950.643, 94
Trd, 4319950.693, 97
Trd, 4319950.943, 105
Trd, 4319951.993, 100
Trd, 4319952.943, 95
Trd, 4319954.943, 96
Trd, 4319955.293, 94
Trd, 4319955.743, 95
Trd, 4319956.693, 88
Trd, 4319959.293, 92
Trd, 4319959.893, 93
Trd, 4319961.193, 92
Trd, 4319962.593, 93
Trd, 4319963.043, 95
Trd, 4319965.043, 95
Trd, 4319965.243, 113
Trd, 4319965.643, 94
Trd, 4319966.093, 124
Trd, 4319967.093, 111
Trd, 4319971.593, 106
Trd, 4319971.993, 102
Trd, 4319972.043, 109
Trd, 4319972.293, 107
Trd, 4319973.943, 102
Trd, 4319976.093, 98
Trd, 4319976.543, 98
Trd, 4319978.043, 94
Trd, 4319978.093, 97
Trd, 4319978.593, 97
Trd, 4319981.743, 92
Trd, 4319983.343, 95
Trd, 4319983.493, 92
Trd, 4319983.793, 96
Trd, 4319984.143, 95
Trd, 4319984.443, 96
Trd, 4319985.993, 97
Trd, 4319987.193, 102
Trd, 4319987.443, 104
Trd, 4319989.743, 95
Trd, 4319989.993, 104
Trd, 4319990.143, 102
Trd, 4319991.693, 110
Trd, 4319993.793, 112
Trd, 4319995.343, 107
Trd, 4319995.543, 106
Trd, 4319995.743, 108
Trd, 4319997.843, 105
Trd, 4319998.243, 104
Trd, 4319999.343, 103
Trd, 4319999.743, 103
