Trd, 4317870.493, 95
Trd, 4317871.743, 98
Trd, 4317871.893, 103
Trd, 4317873.743, 99
Trd, 4317876.093, 113
Trd, 4317877.443, 103
Trd, 4317877.543, 104
Trd, 4317878.343, 103
Trd, 4317882.593, 90
Trd, 4317883.193, 90
Trd, 4317883.243, 90
Trd, 4317884.043, 95
Trd, 4317887.143, 94
Trd, 4317887.993, 93
Trd, 4317888.643, 95
Trd, 4317888.893, 104
Trd, 4317890.193, 97
Trd, 4317892.643, 101
Trd, 4317894.093, 96
Trd, 4317894.643, 97
Trd, 4317895.443, 97
Trd, 4317897.093, 101
Trd, 4317899.293, 97
Trd, 4317899.893, 131
Trd, 4317901.493, 101
Trd, 4317901.543, 108
Trd, 4317902.943, 105
Trd, 4317904.893, 100
Trd, 4317906.093, 99
Trd, 4317908.443, 101
Trd, 4317909.893, 99
Trd, 4317910.893, 89
Trd, 4317910.993, 100
Trd, 4317911.493, 101
Trd, 4317914.393, 101
Trd, 4317916.093, 104
Trd, 4317917.593, 101
Trd, 4317920.193, 99
Trd, 4317921.893, 99
Trd, 4317921.943, 100
Trd, 4317923.443, 97
Trd, 4317924.493, 97
Trd, 4317925.443, 98
Trd, 4317926.643, 96
Trd, 4317927.393, 96
Trd, 4317927.943, 97
Trd, 4317929.843, 96
Trd, 4317930.443, 96
Trd, 4317931.643, 104
Trd, 4317932.843, 98
Trd, 4317936.643, 95
Trd, 4317938.243, 93
Trd, 4317938.293, 93
Trd, 4317938.493, 93
Trd, 4317940.643, 104
Trd, 4317940.993, 91
Trd, 4317943.243, 94
Trd, 4317944.493, 94
Trd, 4317946.543, 94
Trd, 4317948.393, 95
Trd, 4317948.493, 96
Trd, 4317949.343, 97
Trd, 4317951.343, 95
Trd, 4317952.943, 95
Trd, 4317953.043, 96
Trd, 4317955.243, 98
Trd, 4317955.493, 97
Trd, 4317955.543, 113
Trd, 4317957.043, 100
Trd, 4317957.193, 101
Trd, 4317957.643, 97
Trd, 4317960.743, 97
Trd, 4317961.743, 96
Trd, 4317962.993, 99
Trd, 4317963.793, 104
Trd, 4317966.293, 95
Trd, 4317968.093, 95
Trd, 4317968.743, 96
Trd, 4317969.943, 95
Trd, 4317970.043, 96
Trd, 4317970.093, 94
Trd, 4317970.743, 96
Trd, 4317973.643, 95
Trd, 4317973.993, 96
Trd, 4317977.793, 103
Trd, 4317979.193, 98
Trd, 4317980.543, 98
Trd, 4317981.093, 96
Trd, 4317982.343, 95
Trd, 4317982.543, 96
Trd, 4317984.243, 96
Trd, 4317986.093, 100
Trd, 4317987.393, 96
Trd, 4317988.493, 104
Trd, 4317990.243, 97
Trd, 4317990.793, 96
Trd, 4317991.243, 96
Trd, 4317992.443, 96
Trd, 4317993.643, 103
Trd, 4317995.243, 96
Trd, 4317997.793, 97
Trd, 4317999.443, 97
Trd, 4318001.243, 97
Trd, 4318001.943, 95
Trd, 4318002.493, 111
Trd, 4318006.593, 99
Trd, 4318007.793, 96
Trd, 4318009.143, 98
Trd, 4318010.943, 96
Trd, 4318011.943, 95
Trd, 4318011.993, 95
Trd, 4318013.743, 95
Trd, 4318014.193, 94
Trd, 4318015.993, 95
Trd, 4318016.243, 93
Trd, 4318018.043, 93
Trd, 4318019.093, 93
Trd, 4318019.243, 94
Trd, 4318020.393, 91
Trd, 4318022.343, 104
Trd, 4318023.993, 108
Trd, 4318026.243, 100
Trd, 4318027.993, 98
Trd, 4318029.143, 99
Trd, 4318029.443, 104
Trd, 4318029.793, 96
Trd, 4318032.543, 99
Trd, 4318033.693, 97
Trd, 4318034.343, 96
Trd, 4318035.843, 96
Trd, 4318037.243, 95
Trd, 4318038.693, 95
Trd, 4318038.743, 96
Trd, 4318041.293, 89
Trd, 4318042.843, 87
Trd, 4318043.543, 87
Trd, 4318043.793, 95
Trd, 4318045.493, 91
Trd, 4318046.493, 104
Trd, 4318048.493, 91
Trd, 4318050.443, 90
Trd, 4318052.243, 91
Trd, 4318052.843, 91
Trd, 4318054.293, 91
Trd, 4318056.143, 102
Trd, 4318059.193, 95
Trd, 4318059.293, 102
Trd, 4318059.743, 97
Trd, 4318059.793, 113
Trd, 4318064.393, 106
Trd, 4318065.093, 106
Trd, 4318065.243, 105
Trd, 4318066.693, 103
Trd, 4318066.793, 105
Trd, 4318070.693, 97
Trd, 4318070.743, 99
Trd, 4318071.243, 99
Trd, 4318072.643, 100
Trd, 4318074.643, 102
Trd, 4318075.893, 101
Trd, 4318077.993, 100
Trd, 4318079.643, 104
Trd, 4318080.843, 101
Trd, 4318082.893, 101
Trd, 4318083.493, 99
Trd, 4318084.393, 102
Trd, 4318086.593, 99
Trd, 4318087.993, 99
Trd, 4318088.843, 99
Trd, 4318090.743, 101
Trd, 4318091.093, 103
Trd, 4318094.943, 100
Trd, 4318095.943, 99
Trd, 4318096.243, 99
Trd, 4318097.543, 98
Trd, 4318097.693, 95
Trd, 4318098.143, 104
Trd, 4318101.043, 98
Trd, 4318102.443, 98
Trd, 4318102.493, 97
Trd, 4318103.793, 97
Trd, 4318104.093, 104
Trd, 4318107.293, 98
Trd, 4318109.493, 97
Trd, 4318109.943, 96
Trd, 4318110.243, 97
Trd, 4318110.493, 95
Trd, 4318111.493, 97
Trd, 4318113.343, 96
Trd, 4318116.543, 101
Trd, 4318117.693, 98
Trd, 4318118.143, 104
Trd, 4318119.643, 96
Trd, 4318119.893, 99
Trd, 4318122.143, 97
Trd, 4318123.793, 96
Trd, 4318124.143, 104
Trd, 4318126.543, 100
Trd, 4318127.243, 95
Trd, 4318128.243, 111
Trd, 4318131.843, 99
Trd, 4318132.243, 100
Trd, 4318132.943, 98
Trd, 4318133.143, 100
Trd, 4318136.943, 99
Trd, 4318137.393, 97
Trd, 4318137.443, 95
Trd, 4318138.243, 97
Trd, 4318139.093, 104
Trd, 4318140.793, 98
Trd, 4318141.693, 98
Trd, 4318143.043, 96
Trd, 4318144.993, 97
Trd, 4318146.893, 96
Trd, 4318147.643, 96
Trd, 4318148.493, 104
Trd, 4318149.943, 95
Trd, 4318153.093, 97
Trd, 4318154.193, 95
Trd, 4318154.843, 96
Trd, 4318155.643, 96
Trd, 4318156.493, 96
Trd, 4318158.843, 103
Trd, 4318159.943, 98
Trd, 4318160.443, 99
Trd, 4318162.093, 101
Trd, 4318163.993, 97
Trd, 4318165.293, 103
Trd, 4318166.693, 100
Trd, 4318168.843, 101
Trd, 4318170.393, 98
Trd, 4318170.493, 100
Trd, 4318172.193, 99
Trd, 4318173.743, 98
Trd, 4318174.543, 103
Trd, 4318175.093, 96
Trd, 4318175.993, 100
Trd, 4318177.393, 95
Trd, 4318178.843, 98
Trd, 4318179.993, 98
Trd, 4318181.843, 95
Trd, 4318183.493, 95
Trd, 4318183.693, 97
Trd, 4318183.993, 96
Trd, 4318185.643, 101
Trd, 4318187.093, 103
Trd, 4318189.943, 96
Trd, 4318191.293, 95
Trd, 4318191.643, 96
Trd, 4318192.593, 94
Trd, 4318194.993, 95
Trd, 4318195.943, 95
Trd, 4318196.293, 95
Trd, 4318198.093, 113
Trd, 4318198.293, 102
Trd, 4318198.393, 131
Trd, 4318198.943, 101
Trd, 4318200.643, 102
Trd, 4318202.493, 104
Trd, 4318202.543, 104
Trd, 4318202.693, 107
Trd, 4318203.693, 85
Trd, 4318205.143, 108
Trd, 4318206.743, 108
Trd, 4318208.193, 101
Trd, 4318209.343, 109
Trd, 4318209.393, 100
Trd, 4318213.043, 102
Trd, 4318213.743, 102
Trd, 4318214.743, 100
Trd, 4318215.693, 100
Trd, 4318217.093, 100
Trd, 4318218.343, 99
Trd, 4318218.943, 98
Trd, 4318219.043, 99
Trd, 4318223.393, 98
Trd, 4318223.993, 98
Trd, 4318225.543, 97
Trd, 4318227.293, 98
Trd, 4318227.993, 104
Trd, 4318229.543, 96
Trd, 4318231.293, 96
Trd, 4318231.643, 96
Trd, 4318233.143, 96
Trd, 4318233.393, 95
Trd, 4318235.993, 95
Trd, 4318237.793, 105
Trd, 4318238.943, 96
Trd, 4318240.593, 95
Trd, 4318240.643, 97
Trd, 4318240.693, 100
Trd, 4318240.893, 95
Trd, 4318244.593, 97
Trd, 4318245.293, 97
Trd, 4318245.743, 96
Trd, 4318246.893, 95
Trd, 4318248.543, 96
Trd, 4318249.193, 95
Trd, 4318249.993, 95
Trd, 4318250.443, 84
Trd, 4318250.793, 104
Trd, 4318251.093, 113
Trd, 4318252.993, 103
Trd, 4318253.993, 103
Trd, 4318256.643, 97
Trd, 4318257.843, 96
Trd, 4318258.493, 95
Trd, 4318260.743, 96
Trd, 4318261.143, 97
Trd, 4318262.793, 100
Trd, 4318265.593, 99
Trd, 4318266.493, 98
Trd, 4318267.493, 97
Trd, 4318269.243, 96
Trd, 4318269.893, 95
Trd, 4318271.293, 95
Trd, 4318271.843, 96
Trd, 4318274.093, 113
Trd, 4318278.343, 98
Trd, 4318278.943, 98
Trd, 4318280.593, 96
Trd, 4318281.243, 95
Trd, 4318281.743, 96
Trd, 4318283.093, 96
Trd, 4318284.843, 95
Trd, 4318285.943, 95
Trd, 4318286.143, 104
Trd, 4318287.693, 95
Trd, 4318288.843, 96
Trd, 4318289.593, 95
Trd, 4318290.793, 96
Trd, 4318292.293, 94
Trd, 4318292.693, 103
Trd, 4318294.493, 101
Trd, 4318295.743, 104
Trd, 4318298.093, 95
Trd, 4318299.293, 96
Trd, 4318300.243, 96
Trd, 4318301.043, 96
Trd, 4318301.843, 96
Trd, 4318303.093, 99
Trd, 4318305.243, 96
Trd, 4318305.943, 97
Trd, 4318307.593, 97
Trd, 4318309.893, 96
Trd, 4318312.043, 98
Trd, 4318315.193, 101
Trd, 4318316.743, 99
Trd, 4318317.293, 99
Trd, 4318319.693, 99
Trd, 4318320.243, 104
Trd, 4318323.693, 100
Trd, 4318323.793, 99
Trd, 4318324.993, 99
Trd, 4318325.043, 85
Trd, 4318326.893, 107
Trd, 4318327.893, 101
Trd, 4318328.443, 103
Trd, 4318328.543, 113
Trd, 4318330.843, 106
Trd, 4318333.693, 100
Trd, 4318335.193, 100
Trd, 4318335.743, 100
Trd, 4318335.843, 99
Trd, 4318336.943, 100
Trd, 4318338.043, 104
Trd, 4318340.193, 110
Trd, 4318341.293, 104
Trd, 4318341.993, 102
Trd, 4318343.393, 102
Trd, 4318347.443, 101
Trd, 4318348.243, 102
Trd, 4318349.343, 101
Trd, 4318349.743, 102
Trd, 4318351.643, 102
Trd, 4318355.943, 102
Trd, 4318356.193, 103
Trd, 4318358.593, 102
Trd, 4318359.993, 100
Trd, 4318360.743, 99
Trd, 4318361.343, 100
Trd, 4318362.093, 99
Trd, 4318362.943, 99
Trd, 4318363.543, 98
Trd, 4318364.293, 104
Trd, 4318365.743, 99
Trd, 4318367.393, 99
Trd, 4318368.193, 98
Trd, 4318369.143, 97
Trd, 4318369.843, 98
Trd, 4318371.943, 99
Trd, 4318374.093, 98
Trd, 4318375.193, 97
Trd, 4318376.793, 96
Trd, 4318376.893, 96
Trd, 4318377.943, 103
Trd, 4318378.093, 104
Trd, 4318379.643, 101
Trd, 4318380.193, 131
Trd, 4318380.343, 95
Trd, 4318382.093, 86
Trd, 4318383.593, 106
Trd, 4318385.743, 104
Trd, 4318387.943, 99
Trd, 4318388.243, 104
Trd, 4318389.993, 101
Trd, 4318390.793, 102
Trd, 4318392.593, 100
Trd, 4318393.193, 99
Trd, 4318393.893, 99
Trd, 4318394.993, 95
Trd, 4318396.493, 99
Trd, 4318396.743, 99
Trd, 4318397.243, 100
Trd, 4318401.643, 97
Trd, 4318402.243, 96
Trd, 4318402.743, 97
Trd, 4318402.843, 98
Trd, 4318403.943, 97
Trd, 4318406.093, 97
Trd, 4318407.943, 97
Trd, 4318408.593, 98
Trd, 4318410.943, 95
Trd, 4318412.343, 95
Trd, 4318412.893, 95
Trd, 4318414.143, 94
Trd, 4318414.843, 95
Trd, 4318415.293, 96
Trd, 4318418.443, 99
Trd, 4318418.793, 100
Trd, 4318420.693, 99
Trd, 4318421.093, 99
Trd, 4318423.293, 98
Trd, 4318423.743, 97
Trd, 4318424.093, 98
Trd, 4318425.893, 98
Trd, 4318427.693, 99
Trd, 4318429.593, 98
Trd, 4318430.793, 97
Trd, 4318431.293, 97
Trd, 4318433.893, 98
Trd, 4318434.993, 97
Trd, 4318435.093, 98
Trd, 4318435.843, 97
Trd, 4318435.993, 96
Trd, 4318436.393, 113
Trd, 4318438.543, 104
Trd, 4318441.743, 98
Trd, 4318444.093, 95
Trd, 4318444.443, 95
Trd, 4318444.993, 97
Trd, 4318447.093, 96
Trd, 4318450.043, 95
Trd, 4318450.093, 97
Trd, 4318450.943, 103
Trd, 4318451.893, 103
Trd, 4318452.893, 99
Trd, 4318457.393, 98
Trd, 4318457.843, 104
Trd, 4318458.593, 95
Trd, 4318459.593, 99
Trd, 4318461.643, 96
Trd, 4318461.993, 97
Trd, 4318464.993, 95
Trd, 4318465.393, 104
Trd, 4318465.443, 85
Trd, 4318467.643, 97
Trd, 4318468.193, 95
Trd, 4318469.343, 94
Trd, 4318469.593, 95
Trd, 4318469.693, 93
Trd, 4318470.993, 93
Trd, 4318472.393, 94
Trd, 4318472.793, 94
Trd, 4318475.093, 95
Trd, 4318476.093, 94
Trd, 4318476.793, 95
Trd, 4318479.943, 96
Trd, 4318483.693, 96
Trd, 4318484.243, 95
Trd, 4318487.143, 94
Trd, 4318487.493, 95
Trd, 4318489.043, 95
Trd, 4318489.443, 95
Trd, 4318491.743, 102
Trd, 4318492.643, 102
Trd, 4318495.693, 99
Trd, 4318499.193, 98
Trd, 4318500.893, 96
Trd, 4318501.193, 97
Trd, 4318502.293, 96
Trd, 4318503.643, 96
Trd, 4318505.543, 97
Trd, 4318505.843, 96
Trd, 4318507.893, 98
Trd, 4318507.993, 98
Trd, 4318509.093, 96
Trd, 4318509.793, 97
Trd, 4318512.543, 95
Trd, 4318513.443, 95
Trd, 4318515.993, 95
Trd, 4318516.393, 104
Trd, 4318516.593, 94
Trd, 4318518.193, 110
Trd, 4318521.193, 99
Trd, 4318523.193, 95
Trd, 4318523.643, 95
Trd, 4318523.743, 96
Trd, 4318524.893, 97
Trd, 4318525.193, 96
Trd, 4318529.243, 96
Trd, 4318529.293, 104
Trd, 4318531.243, 95
Trd, 4318531.443, 95
Trd, 4318532.693, 77
Trd, 4318535.793, 96
Trd, 4318537.543, 96
Trd, 4318538.443, 104
Trd, 4318538.843, 94
Trd, 4318539.093, 111
Trd, 4318540.593, 96
Trd, 4318541.343, 97
Trd, 4318542.593, 104
Trd, 4318544.243, 99
Trd, 4318547.593, 96
Trd, 4318548.293, 98
Trd, 4318551.293, 95
Trd, 4318552.193, 95
Trd, 4318553.343, 95
Trd, 4318554.493, 96
Trd, 4318555.043, 94
Trd, 4318555.843, 94
Trd, 4318555.993, 104
Trd, 4318557.743, 112
Trd, 4318558.743, 109
Trd, 4318562.393, 100
Trd, 4318562.693, 99
Trd, 4318564.393, 97
Trd, 4318564.643, 101
Trd, 4318566.793, 98
Trd, 4318567.093, 97
Trd, 4318568.543, 96
Trd, 4318569.893, 96
Trd, 4318570.893, 104
Trd, 4318573.343, 96
Trd, 4318574.943, 96
Trd, 4318576.493, 95
Trd, 4318577.893, 96
Trd, 4318577.993, 96
Trd, 4318580.393, 96
Trd, 4318580.493, 95
Trd, 4318581.643, 103
Trd, 4318582.693, 99
Trd, 4318584.843, 97
Trd, 4318585.293, 95
Trd, 4318586.793, 91
Trd, 4318587.193, 91
Trd, 4318589.593, 95
Trd, 4318591.143, 96
Trd, 4318591.343, 95
Trd, 4318593.043, 95
Trd, 4318593.843, 103
Trd, 4318594.993, 95
Trd, 4318595.443, 104
Trd, 4318597.543, 95
Trd, 4318597.593, 98
Trd, 4318598.543, 104
Trd, 4318600.543, 98
Trd, 4318603.143, 96
Trd, 4318604.243, 97
Trd, 4318604.893, 97
Trd, 4318605.043, 95
Trd, 4318607.593, 103
Trd, 4318609.443, 102
Trd, 4318610.743, 113
Trd, 4318611.643, 109
Trd, 4318613.143, 105
Trd, 4318614.443, 104
Trd, 4318615.243, 103
Trd, 4318616.893, 98
Trd, 4318618.543, 97
Trd, 4318618.643, 99
Trd, 4318619.993, 104
Trd, 4318620.293, 101
Trd, 4318621.993, 112
Trd, 4318624.693, 101
Trd, 4318624.943, 100
Trd, 4318625.043, 103
Trd, 4318627.543, 101
Trd, 4318629.143, 100
Trd, 4318630.993, 98
Trd, 4318631.043, 99
Trd, 4318632.043, 99
Trd, 4318632.393, 104
Trd, 4318634.243, 107
Trd, 4318635.443, 102
Trd, 4318635.793, 101
Trd, 4318636.543, 102
Trd, 4318638.093, 102
Trd, 4318638.743, 101
Trd, 4318639.443, 100
Trd, 4318640.293, 113
Trd, 4318640.593, 107
Trd, 4318641.593, 87
Trd, 4318645.443, 98
Trd, 4318646.143, 104
Trd, 4318649.993, 98
Trd, 4318652.243, 103
Trd, 4318653.993, 97
Trd, 4318654.293, 99
Trd, 4318656.393, 113
Trd, 4318656.643, 112
Trd, 4318656.693, 95
Trd, 4318659.543, 101
Trd, 4318660.093, 100
Trd, 4318660.343, 99
Trd, 4318663.393, 100
Trd, 4318663.993, 104
Trd, 4318665.043, 101
Trd, 4318667.643, 99
Trd, 4318669.093, 99
Trd, 4318669.143, 100
Trd, 4318669.493, 104
Trd, 4318671.193, 102
Trd, 4318673.843, 101
Trd, 4318677.143, 98
Trd, 4318678.043, 96
Trd, 4318678.393, 96
Trd, 4318679.793, 95
Trd, 4318680.843, 88
Trd, 4318681.743, 104
Trd, 4318682.043, 94
Trd, 4318682.393, 113
Trd, 4318684.543, 95
Trd, 4318685.593, 95
Trd, 4318686.793, 113
Trd, 4318688.193, 101
Trd, 4318689.243, 97
Trd, 4318691.243, 94
Trd, 4318691.293, 95
Trd, 4318693.293, 88
Trd, 4318693.643, 95
Trd, 4318694.093, 102
Trd, 4318695.193, 98
Trd, 4318696.793, 95
Trd, 4318697.393, 95
Trd, 4318697.943, 95
Trd, 4318700.143, 95
Trd, 4318700.193, 113
Trd, 4318703.143, 101
Trd, 4318703.893, 107
Trd, 4318705.393, 101
Trd, 4318707.893, 103
Trd, 4318708.043, 105
Trd, 4318709.843, 100
Trd, 4318710.343, 100
Trd, 4318712.193, 99
Trd, 4318713.443, 100
Trd, 4318714.743, 100
Trd, 4318715.643, 98
Trd, 4318716.093, 99
Trd, 4318718.293, 100
Trd, 4318718.493, 113
Trd, 4318720.343, 101
Trd, 4318721.143, 99
Trd, 4318721.993, 100
Trd, 4318722.093, 100
Trd, 4318723.193, 102
Trd, 4318725.343, 99
Trd, 4318726.093, 100
Trd, 4318727.743, 100
Trd, 4318729.243, 98
Trd, 4318730.893, 99
Trd, 4318732.293, 99
Trd, 4318734.993, 96
Trd, 4318735.193, 97
Trd, 4318736.293, 97
Trd, 4318737.093, 96
Trd, 4318739.493, 96
Trd, 4318741.243, 95
Trd, 4318741.393, 97
Trd, 4318741.693, 103
Trd, 4318743.943, 95
Trd, 4318744.043, 98
Trd, 4318745.393, 97
Trd, 4318746.443, 95
Trd, 4318746.693, 96
Trd, 4318748.093, 96
Trd, 4318750.343, 95
Trd, 4318750.593, 95
Trd, 4318750.793, 95
Trd, 4318751.743, 101
Trd, 4318753.343, 103
Trd, 4318757.293, 97
Trd, 4318759.443, 96
Trd, 4318760.043, 95
Trd, 4318760.893, 104
Trd, 4318763.543, 103
Trd, 4318765.393, 99
Trd, 4318766.493, 99
Trd, 4318767.193, 96
Trd, 4318769.593, 96
Trd, 4318769.993, 95
Trd, 4318771.143, 95
Trd, 4318772.993, 96
Trd, 4318774.643, 103
Trd, 4318775.093, 98
Trd, 4318776.093, 97
Trd, 4318776.593, 98
Trd, 4318779.043, 99
Trd, 4318779.743, 96
Trd, 4318779.943, 99
Trd, 4318780.343, 103
Trd, 4318782.043, 96
Trd, 4318784.143, 104
Trd, 4318787.243, 98
Trd, 4318788.643, 96
Trd, 4318789.343, 95
Trd, 4318789.843, 95
Trd, 4318790.243, 85
Trd, 4318791.793, 88
Trd, 4318792.593, 91
Trd, 4318796.243, 95
Trd, 4318796.743, 91
Trd, 4318798.243, 91
Trd, 4318800.193, 96
Trd, 4318801.393, 94
Trd, 4318802.793, 95
Trd, 4318802.843, 97
Trd, 4318805.043, 101
Trd, 4318806.743, 97
Trd, 4318807.143, 98
Trd, 4318807.393, 97
Trd, 4318808.993, 104
Trd, 4318809.393, 96
Trd, 4318811.943, 99
Trd, 4318813.293, 100
Trd, 4318815.543, 97
Trd, 4318815.593, 98
Trd, 4318817.043, 96
Trd, 4318820.343, 97
Trd, 4318820.793, 97
Trd, 4318821.793, 102
Trd, 4318825.543, 97
Trd, 4318825.743, 99
Trd, 4318829.243, 97
Trd, 4318829.843, 97
Trd, 4318833.043, 97
Trd, 4318833.093, 100
Trd, 4318833.943, 102
Trd, 4318837.443, 99
Trd, 4318838.393, 96
Trd, 4318839.143, 99
Trd, 4318839.193, 104
Trd, 4318840.093, 113
Trd, 4318843.193, 102
Trd, 4318844.093, 101
Trd, 4318845.493, 86
Trd, 4318847.493, 91
Trd, 4318847.893, 90
Trd, 4318847.993, 92
Trd, 4318848.293, 94
Trd, 4318849.893, 95
Trd, 4318850.193, 94
Trd, 4318851.393, 103
Trd, 4318853.193, 94
Trd, 4318854.443, 95
Trd, 4318854.543, 94
Trd, 4318856.343, 95
Trd, 4318856.993, 94
Trd, 4318857.393, 95
Trd, 4318858.643, 95
Trd, 4318860.893, 85
Trd, 4318863.793, 95
Trd, 4318865.243, 94
Trd, 4318865.343, 93
Trd, 4318866.993, 95
Trd, 4318867.193, 103
Trd, 4318868.593, 95
Trd, 4318869.643, 96
Trd, 4318872.343, 95
Trd, 4318872.693, 95
Trd, 4318874.993, 96
Trd, 4318875.693, 104
Trd, 4318876.393, 99
Trd, 4318879.243, 100
Trd, 4318880.943, 96
Trd, 4318881.943, 97
Trd, 4318883.393, 95
Trd, 4318884.893, 95
Trd, 4318886.743, 95
Trd, 4318887.343, 95
Trd, 4318889.343, 95
Trd, 4318889.743, 95
Trd, 4318892.643, 94
Trd, 4318893.093, 103
Trd, 4318894.893, 93
Trd, 4318896.193, 99
Trd, 4318896.943, 100
Trd, 4318897.893, 97
Trd, 4318899.693, 97
Trd, 4318901.043, 101
Trd, 4318902.793, 96
Trd, 4318904.243, 95
Trd, 4318905.143, 96
Trd, 4318905.243, 96
Trd, 4318905.993, 95
Trd, 4318907.993, 96
Trd, 4318909.693, 96
Trd, 4318911.193, 95
Trd, 4318912.243, 95
Trd, 4318914.443, 96
Trd, 4318916.343, 94
Trd, 4318916.993, 94
Trd, 4318918.093, 93
Trd, 4318918.143, 95
Trd, 4318918.943, 93
Trd, 4318920.443, 95
Trd, 4318921.993, 102
Trd, 4318923.993, 97
Trd, 4318924.643, 96
Trd, 4318925.843, 96
Trd, 4318926.843, 95
Trd, 4318927.043, 96
Trd, 4318929.943, 97
Trd, 4318931.393, 96
Trd, 4318931.993, 97
Trd, 4318932.493, 95
Trd, 4318935.893, 100
Trd, 4318937.393, 101
Trd, 4318938.993, 98
Trd, 4318939.693, 96
Trd, 4318940.093, 96
Trd, 4318940.193, 104
Trd, 4318942.243, 87
Trd, 4318942.693, 94
Trd, 4318943.693, 93
Trd, 4318945.043, 93
Trd, 4318947.643, 91
Trd, 4318947.693, 94
Trd, 4318950.043, 93
Trd, 4318951.743, 92
Trd, 4318955.293, 98
Trd, 4318955.493, 100
Trd, 4318957.193, 94
Trd, 4318957.243, 96
Trd, 4318960.943, 96
Trd, 4318962.443, 95
Trd, 4318963.393, 96
Trd, 4318964.493, 96
Trd, 4318965.193, 104
Trd, 4318968.243, 96
Trd, 4318968.593, 96
Trd, 4318969.293, 98
Trd, 4318970.743, 104
Trd, 4318972.043, 100
Trd, 4318975.993, 94
Trd, 4318976.543, 95
Trd, 4318977.193, 95
Trd, 4318978.343, 90
Trd, 4318980.243, 95
Trd, 4318980.443, 103
Trd, 4318982.043, 95
Trd, 4318983.243, 96
Trd, 4318983.843, 96
Trd, 4318984.093, 97
Trd, 4318986.243, 95
Trd, 4318986.843, 95
Trd, 4318989.193, 96
Trd, 4318990.493, 97
Trd, 4318990.693, 103
Trd, 4318992.343, 95
Trd, 4318992.593, 103
Trd, 4318996.943, 96
Trd, 4318997.293, 98
Trd, 4318999.643, 96
Trd, 4319002.543, 95
Trd, 4319002.743, 96
Trd, 4319002.843, 95
Trd, 4319003.693, 96
Trd, 4319005.493, 96
Trd, 4319006.593, 95
Trd, 4319007.393, 95
Trd, 4319008.943, 95
Trd, 4319009.743, 103
Trd, 4319011.393, 85
Trd, 4319013.493, 96
Trd, 4319014.843, 97
Trd, 4319016.993, 97
Trd, 4319018.093, 96
Trd, 4319019.443, 97
Trd, 4319023.393, 100
Trd, 4319024.043, 98
Trd, 4319024.893, 100
Trd, 4319027.543, 98
Trd, 4319028.293, 98
Trd, 4319029.943, 98
Trd, 4319031.493, 97
Trd, 4319032.493, 130
Trd, 4319033.543, 95
Trd, 4319035.643, 107
Trd, 4319036.793, 105
Trd, 4319036.993, 105
Trd, 4319037.843, 104
Trd, 4319041.593, 97
Trd, 4319042.443, 97
Trd, 4319042.643, 96
Trd, 4319044.093, 102
Trd, 4319045.993, 101
Trd, 4319046.593, 102
Trd, 4319047.093, 105
Trd, 4319048.593, 101
Trd, 4319049.443, 102
Trd, 4319050.643, 102
Trd, 4319052.443, 103
Trd, 4319052.493, 104
Trd, 4319052.943, 100
Trd, 4319054.343, 113
Trd, 4319054.543, 95
Trd, 4319056.393, 102
Trd, 4319057.893, 100
Trd, 4319060.093, 100
Trd, 4319060.693, 99
Trd, 4319063.043, 98
Trd, 4319063.193, 99
Trd, 4319063.693, 101
Trd, 4319065.493, 101
Trd, 4319066.793, 98
Trd, 4319067.193, 99
Trd, 4319068.843, 96
Trd, 4319069.593, 98
Trd, 4319072.093, 97
Trd, 4319073.093, 95
Trd, 4319073.193, 95
Trd, 4319074.193, 95
Trd, 4319076.093, 103
Trd, 4319076.943, 104
Trd, 4319079.343, 105
Trd, 4319083.193, 100
Trd, 4319084.243, 100
Trd, 4319084.443, 112
Trd, 4319087.593, 103
Trd, 4319090.093, 97
Trd, 4319090.443, 100
Trd, 4319093.443, 99
Trd, 4319094.843, 100
Trd, 4319095.543, 98
Trd, 4319099.743, 98
Trd, 4319100.443, 98
Trd, 4319101.743, 99
Trd, 4319102.993, 97
Trd, 4319104.693, 96
Trd, 4319105.143, 96
Trd, 4319105.343, 96
Trd, 4319108.843, 96
Trd, 4319110.093, 95
Trd, 4319111.493, 95
Trd, 4319111.593, 96
Trd, 4319112.593, 95
Trd, 4319114.593, 95
Trd, 4319115.443, 95
Trd, 4319115.743, 104
Trd, 4319119.443, 97
Trd, 4319119.793, 96
Trd, 4319120.393, 104
Trd, 4319121.393, 94
Trd, 4319122.943, 93
Trd, 4319124.543, 94
Trd, 4319126.393, 93
Trd, 4319127.343, 93
Trd, 4319129.243, 102
Trd, 4319130.443, 104
Trd, 4319131.643, 96
Trd, 4319131.843, 97
Trd, 4319132.943, 95
Trd, 4319134.593, 94
Trd, 4319135.893, 95
Trd, 4319138.593, 95
Trd, 4319138.643, 94
Trd, 4319139.093, 94
Trd, 4319139.993, 95
Trd, 4319141.293, 95
Trd, 4319141.443, 113
Trd, 4319143.293, 113
Trd, 4319147.143, 103
Trd, 4319147.243, 106
Trd, 4319148.593, 105
Trd, 4319149.743, 106
Trd, 4319151.843, 103
Trd, 4319152.193, 102
Trd, 4319152.893, 101
Trd, 4319153.243, 103
Trd, 4319157.243, 100
Trd, 4319157.493, 99
Trd, 4319158.343, 97
Trd, 4319158.943, 99
Trd, 4319160.293, 99
Trd, 4319160.993, 100
Trd, 4319165.093, 99
Trd, 4319165.943, 99
Trd, 4319166.243, 98
Trd, 4319166.793, 97
Trd, 4319169.243, 93
Trd, 4319169.643, 94
Trd, 4319171.093, 90
Trd, 4319172.393, 87
Trd, 4319173.243, 86
Trd, 4319173.643, 87
Trd, 4319176.493, 103
Trd, 4319178.593, 104
Trd, 4319179.943, 97
Trd, 4319180.043, 97
Trd, 4319181.193, 102
Trd, 4319183.093, 103
Trd, 4319185.743, 100
Trd, 4319185.793, 98
Trd, 4319186.993, 99
Trd, 4319187.593, 98
Trd, 4319189.193, 103
Trd, 4319191.193, 104
Trd, 4319192.793, 112
Trd, 4319193.593, 102
Trd, 4319196.293, 101
Trd, 4319196.343, 101
Trd, 4319198.943, 101
Trd, 4319199.543, 102
Trd, 4319199.643, 100
Trd, 4319201.343, 102
Trd, 4319201.993, 101
Trd, 4319202.743, 102
Trd, 4319205.243, 101
Trd, 4319207.693, 101
Trd, 4319208.443, 99
Trd, 4319209.543, 98
Trd, 4319209.793, 95
Trd, 4319213.743, 89
Trd, 4319213.943, 93
Trd, 4319214.443, 91
Trd, 4319215.093, 93
Trd, 4319218.443, 92
Trd, 4319219.393, 93
Trd, 4319220.293, 95
Trd, 4319220.843, 95
Trd, 4319223.043, 94
Trd, 4319223.593, 93
Trd, 4319224.143, 93
Trd, 4319224.593, 92
Trd, 4319225.243, 112
Trd, 4319227.543, 113
Trd, 4319228.243, 113
Trd, 4319230.493, 125
Trd, 4319232.393, 112
Trd, 4319235.443, 108
Trd, 4319235.943, 108
Trd, 4319236.043, 109
Trd, 4319237.093, 107
Trd, 4319238.293, 106
Trd, 4319241.743, 106
Trd, 4319242.643, 106
Trd, 4319242.793, 113
Trd, 4319245.543, 104
Trd, 4319246.493, 103
Trd, 4319246.593, 106
Trd, 4319247.043, 104
Trd, 4319248.643, 102
Trd, 4319249.193, 102
Trd, 4319251.493, 98
Trd, 4319253.043, 98
Trd, 4319253.143, 97
Trd, 4319254.243, 98
Trd, 4319254.293, 95
Trd, 4319256.793, 97
Trd, 4319257.343, 98
Trd, 4319259.243, 98
Trd, 4319259.693, 99
Trd, 4319262.893, 100
Trd, 4319263.843, 98
Trd, 4319264.243, 98
Trd, 4319265.343, 102
Trd, 4319265.893, 97
Trd, 4319268.343, 99
Trd, 4319268.493, 99
Trd, 4319270.793, 99
Trd, 4319272.643, 102
Trd, 4319272.743, 101
Trd, 4319275.043, 103
Trd, 4319277.743, 102
Trd, 4319277.943, 104
Trd, 4319279.443, 102
Trd, 4319280.143, 97
Trd, 4319282.843, 100
Trd, 4319283.393, 99
Trd, 4319284.093, 99
Trd, 4319285.443, 103
Trd, 4319288.093, 102
Trd, 4319289.943, 104
Trd, 4319290.643, 104
Trd, 4319292.343, 112
Trd, 4319295.143, 105
Trd, 4319296.593, 105
Trd, 4319298.193, 103
Trd, 4319299.743, 102
Trd, 4319299.993, 104
Trd, 4319302.943, 102
Trd, 4319303.593, 101
Trd, 4319304.093, 102
Trd, 4319304.643, 105
Trd, 4319307.993, 103
Trd, 4319311.043, 103
Trd, 4319311.443, 101
Trd, 4319313.343, 102
Trd, 4319315.193, 101
Trd, 4319315.443, 102
Trd, 4319315.893, 112
Trd, 4319317.793, 102
Trd, 4319318.543, 103
Trd, 4319320.393, 103
Trd, 4319321.443, 102
Trd, 4319322.143, 102
Trd, 4319323.343, 102
Trd, 4319324.843, 102
Trd, 4319326.993, 101
Trd, 4319327.943, 102
Trd, 4319329.193, 103
Trd, 4319329.943, 104
Trd, 4319330.743, 104
Trd, 4319331.543, 104
Trd, 4319333.693, 128
Trd, 4319334.943, 116
Trd, 4319336.893, 116
Trd, 4319337.543, 113
Trd, 4319338.093, 113
Trd, 4319341.193, 107
Trd, 4319342.093, 105
Trd, 4319342.393, 106
Trd, 4319343.943, 104
Trd, 4319344.943, 103
Trd, 4319345.143, 105
Trd, 4319347.343, 102
Trd, 4319350.093, 97
Trd, 4319351.043, 98
Trd, 4319352.793, 105
Trd, 4319352.943, 101
Trd, 4319353.593, 110
Trd, 4319355.043, 101
Trd, 4319357.443, 103
Trd, 4319358.443, 103
Trd, 4319359.843, 103
Trd, 4319362.493, 103
Trd, 4319363.793, 103
Trd, 4319364.143, 113
Trd, 4319365.843, 106
Trd, 4319366.493, 106
Trd, 4319369.543, 105
Trd, 4319369.743, 106
Trd, 4319370.243, 106
Trd, 4319372.993, 106
Trd, 4319374.893, 103
Trd, 4319376.093, 103
Trd, 4319376.393, 103
Trd, 4319376.993, 104
Trd, 4319377.293, 112
Trd, 4319379.843, 103
Trd, 4319380.193, 103
Trd, 4319380.543, 105
Trd, 4319380.943, 95
Trd, 4319382.143, 97
Trd, 4319383.443, 95
Trd, 4319384.643, 104
Trd, 4319385.493, 99
Trd, 4319388.193, 110
Trd, 4319389.343, 101
Trd, 4319389.393, 100
Trd, 4319389.643, 112
Trd, 4319390.343, 131
Trd, 4319394.493, 104
Trd, 4319395.093, 104
Trd, 4319395.543, 103
Trd, 4319396.593, 103
Trd, 4319397.893, 104
Trd, 4319399.143, 102
Trd, 4319400.243, 95
Trd, 4319402.093, 92
Trd, 4319403.193, 93
Trd, 4319404.543, 94
Trd, 4319404.693, 104
Trd, 4319406.943, 97
Trd, 4319407.643, 96
Trd, 4319408.993, 113
Trd, 4319410.243, 112
Trd, 4319412.093, 102
Trd, 4319412.793, 103
Trd, 4319413.943, 103
Trd, 4319414.043, 105
Trd, 4319417.543, 101
Trd, 4319417.993, 95
Trd, 4319418.593, 96
Trd, 4319419.693, 96
Trd, 4319419.943, 96
Trd, 4319420.393, 104
Trd, 4319421.643, 111
Trd, 4319423.993, 100
Trd, 4319424.993, 102
Trd, 4319425.343, 104
Trd, 4319428.043, 97
Trd, 4319428.743, 98
Trd, 4319429.493, 96
Trd, 4319431.193, 95
Trd, 4319433.443, 100
Trd, 4319433.643, 98
Trd, 4319434.893, 101
Trd, 4319436.993, 104
Trd, 4319437.093, 100
Trd, 4319437.743, 100
Trd, 4319439.043, 99
Trd, 4319439.643, 98
Trd, 4319440.643, 98
Trd, 4319441.943, 98
Trd, 4319442.693, 97
Trd, 4319443.693, 98
Trd, 4319445.643, 103
Trd, 4319447.743, 103
Trd, 4319450.593, 102
Trd, 4319451.243, 102
Trd, 4319452.593, 99
Trd, 4319453.843, 101
Trd, 4319455.543, 99
Trd, 4319456.243, 100
Trd, 4319456.893, 100
Trd, 4319458.143, 100
Trd, 4319458.893, 113
Trd, 4319460.043, 104
Trd, 4319461.543, 103
Trd, 4319462.093, 104
Trd, 4319463.393, 103
Trd, 4319464.143, 101
Trd, 4319464.693, 102
Trd, 4319466.943, 105
Trd, 4319467.043, 113
Trd, 4319467.393, 105
Trd, 4319469.143, 106
Trd, 4319470.143, 107
Trd, 4319471.593, 103
Trd, 4319471.993, 104
Trd, 4319474.043, 103
Trd, 4319475.793, 98
Trd, 4319476.643, 100
Trd, 4319479.293, 94
Trd, 4319479.443, 98
Trd, 4319480.493, 95
Trd, 4319481.793, 95
Trd, 4319482.493, 113
Trd, 4319482.943, 100
Trd, 4319484.293, 99
Trd, 4319484.543, 100
Trd, 4319485.743, 99
Trd, 4319486.143, 99
Trd, 4319489.093, 101
Trd, 4319489.543, 113
Trd, 4319490.943, 112
Trd, 4319492.393, 103
Trd, 4319493.443, 102
Trd, 4319494.293, 101
Trd, 4319494.943, 102
Trd, 4319496.643, 103
Trd, 4319498.193, 102
Trd, 4319499.193, 101
Trd, 4319500.293, 101
Trd, 4319500.943, 104
Trd, 4319502.243, 102
Trd, 4319504.093, 101
Trd, 4319505.093, 100
Trd, 4319505.993, 100
Trd, 4319506.393, 101
Trd, 4319509.243, 104
Trd, 4319509.543, 101
Trd, 4319511.693, 100
Trd, 4319512.543, 100
Trd, 4319515.643, 100
Trd, 4319515.893, 100
Trd, 4319517.643, 100
Trd, 4319519.793, 102
Trd, 4319523.143, 101
Trd, 4319524.293, 102
Trd, 4319524.693, 102
Trd, 4319526.243, 101
Trd, 4319526.743, 100
Trd, 4319529.743, 100
Trd, 4319530.643, 99
Trd, 4319530.793, 101
Trd, 4319533.243, 99
Trd, 4319533.843, 102
Trd, 4319535.943, 104
Trd, 4319538.443, 111
Trd, 4319540.543, 100
Trd, 4319541.543, 104
Trd, 4319543.193, 103
Trd, 4319543.693, 103
Trd, 4319543.843, 104
Trd, 4319546.843, 102
Trd, 4319546.893, 101
Trd, 4319550.293, 102
Trd, 4319550.443, 103
Trd, 4319553.293, 102
Trd, 4319554.093, 101
Trd, 4319555.343, 100
Trd, 4319555.643, 104
Trd, 4319555.793, 113
Trd, 4319559.193, 100
Trd, 4319561.493, 103
Trd, 4319562.193, 102
Trd, 4319565.193, 100
Trd, 4319566.143, 99
Trd, 4319566.193, 100
Trd, 4319567.693, 100
Trd, 4319567.843, 98
Trd, 4319569.543, 100
Trd, 4319569.643, 101
Trd, 4319570.493, 97
Trd, 4319570.693, 104
Trd, 4319573.443, 99
Trd, 4319576.393, 97
Trd, 4319576.693, 98
Trd, 4319578.293, 97
Trd, 4319578.443, 96
Trd, 4319579.843, 97
Trd, 4319582.043, 97
Trd, 4319583.043, 96
Trd, 4319583.993, 97
Trd, 4319586.943, 102
Trd, 4319588.243, 96
Trd, 4319589.493, 97
Trd, 4319591.693, 95
Trd, 4319591.893, 95
Trd, 4319592.293, 95
Trd, 4319592.893, 104
Trd, 4319593.843, 94
Trd, 4319593.943, 113
Trd, 4319595.243, 85
Trd, 4319596.843, 102
Trd, 4319600.843, 98
Trd, 4319602.693, 96
Trd, 4319603.393, 97
Trd, 4319603.893, 96
Trd, 4319604.043, 97
Trd, 4319606.443, 88
Trd, 4319607.143, 90
Trd, 4319608.093, 91
Trd, 4319608.993, 92
Trd, 4319610.043, 95
Trd, 4319610.493, 89
Trd, 4319613.893, 91
Trd, 4319615.843, 92
Trd, 4319617.093, 92
Trd, 4319617.143, 105
Trd, 4319620.043, 93
Trd, 4319621.443, 93
Trd, 4319622.343, 110
Trd, 4319623.743, 107
Trd, 4319625.543, 100
Trd, 4319626.993, 98
Trd, 4319627.793, 95
Trd, 4319627.993, 100
Trd, 4319628.443, 105
Trd, 4319632.493, 97
Trd, 4319633.293, 98
Trd, 4319635.393, 99
Trd, 4319635.643, 96
Trd, 4319638.543, 98
Trd, 4319638.893, 98
Trd, 4319640.043, 97
Trd, 4319641.043, 102
Trd, 4319641.743, 97
Trd, 4319644.343, 97
Trd, 4319645.693, 97
Trd, 4319645.793, 96
Trd, 4319647.993, 94
Trd, 4319649.993, 92
Trd, 4319651.093, 92
Trd, 4319652.643, 95
Trd, 4319652.843, 102
Trd, 4319654.943, 95
Trd, 4319655.043, 95
Trd, 4319655.143, 104
Trd, 4319658.893, 98
Trd, 4319660.843, 100
Trd, 4319661.443, 98
Trd, 4319663.793, 97
Trd, 4319664.543, 112
Trd, 4319666.643, 101
Trd, 4319666.743, 102
Trd, 4319666.943, 104
Trd, 4319670.393, 102
Trd, 4319671.243, 100
Trd, 4319672.593, 101
Trd, 4319673.393, 99
Trd, 4319674.993, 101
Trd, 4319675.793, 101
Trd, 4319679.693, 100
Trd, 4319680.493, 100
Trd, 4319681.393, 101
Trd, 4319684.043, 100
Trd, 4319684.243, 100
Trd, 4319684.743, 99
Trd, 4319685.293, 100
Trd, 4319686.293, 102
Trd, 4319686.843, 99
Trd, 4319689.093, 99
Trd, 4319689.393, 100
Trd, 4319692.243, 100
Trd, 4319692.793, 98
Trd, 4319693.093, 100
Trd, 4319694.743, 101
Trd, 4319696.143, 101
Trd, 4319698.493, 98
Trd, 4319698.943, 97
Trd, 4319699.293, 96
Trd, 4319700.543, 99
Trd, 4319700.593, 113
Trd, 4319704.293, 101
Trd, 4319706.993, 99
Trd, 4319707.943, 100
Trd, 4319709.043, 98
Trd, 4319710.393, 99
Trd, 4319711.493, 99
Trd, 4319711.743, 104
Trd, 4319711.943, 98
Trd, 4319713.443, 112
Trd, 4319714.843, 106
Trd, 4319718.393, 102
Trd, 4319719.093, 103
Trd, 4319721.693, 102
Trd, 4319721.843, 99
Trd, 4319723.593, 103
Trd, 4319725.543, 103
Trd, 4319726.993, 99
Trd, 4319728.043, 98
Trd, 4319729.493, 99
Trd, 4319729.993, 98
Trd, 4319730.843, 97
Trd, 4319731.393, 98
Trd, 4319732.043, 113
Trd, 4319733.843, 101
Trd, 4319734.893, 112
Trd, 4319735.143, 100
Trd, 4319736.893, 107
Trd, 4319737.643, 102
Trd, 4319738.543, 101
Trd, 4319740.943, 105
Trd, 4319740.993, 87
Trd, 4319741.593, 98
Trd, 4319742.643, 102
Trd, 4319743.643, 101
Trd, 4319747.043, 104
Trd, 4319747.243, 105
Trd, 4319747.643, 103
Trd, 4319752.143, 104
Trd, 4319753.393, 101
Trd, 4319754.743, 100
Trd, 4319755.593, 100
Trd, 4319756.243, 101
Trd, 4319756.443, 104
Trd, 4319759.843, 102
Trd, 4319759.893, 99
Trd, 4319761.543, 98
Trd, 4319762.993, 95
Trd, 4319763.393, 96
Trd, 4319764.143, 90
Trd, 4319765.293, 91
Trd, 4319768.643, 89
Trd, 4319768.743, 104
Trd, 4319770.143, 92
Trd, 4319771.443, 94
Trd, 4319773.943, 101
Trd, 4319774.393, 97
Trd, 4319777.143, 113
Trd, 4319778.743, 106
Trd, 4319780.143, 99
Trd, 4319783.293, 98
Trd, 4319783.743, 99
Trd, 4319784.193, 98
Trd, 4319784.293, 99
Trd, 4319786.343, 98
Trd, 4319786.943, 99
Trd, 4319788.643, 97
Trd, 4319789.643, 98
Trd, 4319790.443, 99
Trd, 4319792.643, 98
Trd, 4319792.943, 96
Trd, 4319794.843, 98
Trd, 4319796.243, 98
Trd, 4319796.743, 96
Trd, 4319800.343, 97
Trd, 4319800.793, 97
Trd, 4319803.093, 103
Trd, 4319803.743, 98
Trd, 4319805.893, 98
Trd, 4319808.493, 97
Trd, 4319809.893, 98
Trd, 4319810.543, 94
Trd, 4319811.043, 99
Trd, 4319813.993, 97
Trd, 4319816.243, 95
Trd, 4319816.543, 96
Trd, 4319816.693, 95
Trd, 4319816.843, 96
Trd, 4319817.793, 96
Trd, 4319817.993, 104
Trd, 4319820.543, 111
Trd, 4319822.343, 95
Trd, 4319824.243, 98
Trd, 4319825.243, 99
Trd, 4319828.243, 98
Trd, 4319828.893, 99
Trd, 4319830.193, 99
Trd, 4319831.143, 104
Trd, 4319832.243, 113
Trd, 4319834.893, 98
Trd, 4319835.543, 100
Trd, 4319836.693, 100
Trd, 4319838.343, 99
Trd, 4319839.993, 99
Trd, 4319842.393, 99
Trd, 4319842.693, 99
Trd, 4319843.343, 99
Trd, 4319845.793, 96
Trd, 4319846.093, 97
Trd, 4319846.143, 96
Trd, 4319849.593, 88
Trd, 4319851.793, 92
Trd, 4319851.893, 93
Trd, 4319852.793, 91
Trd, 4319853.193, 104
Trd, 4319856.943, 94
Trd, 4319857.443, 95
Trd, 4319858.543, 92
Trd, 4319859.493, 93
Trd, 4319860.043, 93
Trd, 4319860.893, 93
Trd, 4319863.493, 95
Trd, 4319864.943, 93
Trd, 4319867.143, 99
Trd, 4319867.793, 102
Trd, 4319868.343, 96
Trd, 4319868.543, 104
Trd, 4319871.543, 99
Trd, 4319872.443, 96
Trd, 4319873.343, 97
Trd, 4319876.843, 94
Trd, 4319876.943, 94
Trd, 4319877.993, 95
Trd, 4319878.143, 95
Trd, 4319879.943, 96
Trd, 4319880.343, 95
Trd, 4319882.493, 112
Trd, 4319883.393, 95
Trd, 4319885.843, 98
Trd, 4319887.593, 95
Trd, 4319887.693, 97
Trd, 4319887.943, 94
Trd, 4319888.043, 96
Trd, 4319890.793, 96
Trd, 4319891.293, 96
Trd, 4319894.193, 98
Trd, 4319895.193, 96
Trd, 4319896.543, 96
Trd, 4319896.743, 95
Trd, 4319898.693, 96
Trd, 4319899.593, 95
Trd, 4319902.093, 104
Trd, 4319903.493, 109
Trd, 4319904.493, 97
Trd, 4319904.893, 100
Trd, 4319906.043, 99
Trd, 4319908.143, 104
Trd, 4319908.793, 97
Trd, 4319910.443, 100
Trd, 4319911.643, 96
Trd, 4319911.743, 97
Trd, 4319913.793, 98
Trd, 4319914.393, 98
Trd, 4319916.793, 99
Trd, 4319917.693, 98
Trd, 4319920.293, 97
Trd, 4319921.393, 96
Trd, 4319921.443, 98
Trd, 4319924.343, 99
Trd, 4319926.143, 98
Trd, 4319926.593, 104
Trd, 4319931.443, 99
Trd, 4319931.593, 100
Trd, 4319931.843, 99
Trd, 4319934.843, 98
Trd, 4319935.943, 97
Trd, 4319936.893, 97
Trd, 4319938.043, 98
Trd, 4319939.843, 112
Trd, 4319941.343, 98
Trd, 4319943.293, 99
Trd, 4319943.593, 95
Trd, 4319945.093, 101
Trd, 4319945.193, 98
Trd, 4319946.993, 97
Trd, 4319949.843, 93
Trd, 4319950.243, 93
Trd, 4319950.343, 94
Trd, 4319952.143, 94
Trd, 4319954.093, 93
Trd, 4319955.143, 94
Trd, 4319956.143, 95
Trd, 4319956.193, 104
Trd, 4319956.643, 113
Trd, 4319956.843, 94
Trd, 4319957.293, 85
Trd, 4319959.993, 95
Trd, 4319960.793, 96
Trd, 4319961.593, 96
Trd, 4319961.643, 96
Trd, 4319963.893, 101
Trd, 4319965.843, 95
Trd, 4319966.843, 96
Trd, 4319967.693, 95
Trd, 4319968.593, 95
Trd, 4319970.143, 94
Trd, 4319971.593, 95
Trd, 4319971.943, 96
Trd, 4319973.793, 103
Trd, 4319975.393, 97
Trd, 4319976.143, 96
Trd, 4319976.743, 95
Trd, 4319979.243, 103
Trd, 4319982.743, 97
Trd, 4319983.593, 104
Trd, 4319984.043, 100
Trd, 4319985.893, 100
Trd, 4319986.593, 99
Trd, 4319987.993, 102
Trd, 4319988.693, 99
Trd, 4319989.343, 99
Trd, 4319989.593, 98
Trd, 4319990.843, 99
Trd, 4319992.643, 103
Trd, 4319994.243, 97
Trd, 4319995.493, 98
Trd, 4319998.493, 95
Trd, 4319998.893, 97
Trd, 4319999.643, 95
Trd, 4319999.743, 96
