Trd, 4317868.243, 97
Trd, 4317868.693, 96
Trd, 4317868.743, 96
Trd, 4317869.893, 95
Trd, 4317870.093, 95
Trd, 4317870.793, 95
Trd, 4317871.543, 95
Trd, 4317874.593, 96
Trd, 4317875.543, 97
Trd, 4317876.743, 96
Trd, 4317880.693, 101
Trd, 4317882.293, 103
Trd, 4317883.243, 101
Trd, 4317883.993, 100
Trd, 4317884.193, 98
Trd, 4317885.093, 97
Trd, 4317885.743, 98
Trd, 4317888.593, 97
Trd, 4317889.493, 97
Trd, 4317889.593, 98
Trd, 4317890.393, 98
Trd, 4317892.643, 97
Trd, 4317893.843, 97
Trd, 4317897.443, 97
Trd, 4317897.543, 96
Trd, 4317898.643, 95
Trd, 4317899.043, 97
Trd, 4317903.493, 97
Trd, 4317903.693, 97
Trd, 4317903.843, 96
Trd, 4317904.743, 96
Trd, 4317904.843, 95
Trd, 4317905.693, 95
Trd, 4317906.693, 92
Trd, 4317909.143, 94
Trd, 4317910.043, 92
Trd, 4317912.393, 101
Trd, 4317913.543, 100
Trd, 4317913.643, 99
Trd, 4317917.393, 102
Trd, 4317917.743, 102
Trd, 4317920.043, 105
Trd, 4317920.543, 104
Trd, 4317920.693, 104
Trd, 4317921.743, 104
Trd, 4317923.593, 105
Trd, 4317924.193, 104
Trd, 4317924.993, 103
Trd, 4317925.093, 102
Trd, 4317925.793, 100
Trd, 4317928.043, 102
Trd, 4317930.593, 100
Trd, 4317930.743, 101
Trd, 4317931.943, 95
Trd, 4317933.043, 96
Trd, 4317934.343, 95
Trd, 4317934.793, 96
Trd, 4317936.493, 96
Trd, 4317936.843, 97
Trd, 4317937.593, 96
Trd, 4317938.543, 97
Trd, 4317940.743, 102
Trd, 4317942.343, 101
Trd, 4317943.243, 101
Trd, 4317945.093, 103
Trd, 4317946.043, 99
Trd, 4317946.293, 99
Trd, 4317947.143, 100
Trd, 4317950.393, 100
Trd, 4317951.443, 99
Trd, 4317951.843, 99
Trd, 4317953.193, 99
Trd, 4317955.093, 99
Trd, 4317955.793, 99
Trd, 4317956.893, 98
Trd, 4317959.193, 99
Trd, 4317959.543, 98
Trd, 4317963.043, 99
Trd, 4317963.893, 99
Trd, 4317965.293, 99
Trd, 4317965.543, 98
Trd, 4317965.993, 97
Trd, 4317967.743, 97
Trd, 4317968.543, 98
Trd, 4317968.743, 98
Trd, 4317972.643, 97
Trd, 4317974.543, 98
Trd, 4317976.043, 97
Trd, 4317976.793, 97
Trd, 4317977.593, 96
Trd, 4317979.193, 95
Trd, 4317980.193, 96
Trd, 4317983.543, 95
Trd, 4317984.543, 95
Trd, 4317987.693, 96
Trd, 4317988.093, 96
Trd, 4317988.693, 95
Trd, 4317990.193, 95
Trd, 4317992.643, 95
Trd, 4317994.543, 96
Trd, 4317995.193, 95
Trd, 4317996.943, 96
Trd, 4317998.243, 96
Trd, 4317998.293, 96
Trd, 4318000.393, 95
Trd, 4318000.943, 95
Trd, 4318001.743, 96
Trd, 4318001.993, 96
Trd, 4318003.443, 94
Trd, 4318004.393, 94
Trd, 4318004.693, 95
Trd, 4318008.143, 95
Trd, 4318009.043, 93
Trd, 4318009.493, 96
Trd, 4318010.043, 96
Trd, 4318013.343, 97
Trd, 4318013.993, 97
Trd, 4318014.593, 96
Trd, 4318015.143, 95
Trd, 4318016.693, 96
Trd, 4318018.443, 98
Trd, 4318018.743, 98
Trd, 4318019.543, 98
Trd, 4318020.143, 97
Trd, 4318022.443, 97
Trd, 4318025.793, 99
Trd, 4318026.443, 101
Trd, 4318027.243, 99
Trd, 4318028.643, 110
Trd, 4318028.743, 107
Trd, 4318032.043, 106
Trd, 4318032.843, 105
Trd, 4318034.143, 105
Trd, 4318036.843, 103
Trd, 4318039.193, 103
Trd, 4318040.743, 103
Trd, 4318040.943, 101
Trd, 4318042.643, 102
Trd, 4318044.043, 101
Trd, 4318046.043, 103
Trd, 4318046.493, 102
Trd, 4318050.543, 102
Trd, 4318051.293, 103
Trd, 4318051.743, 103
Trd, 4318052.093, 102
Trd, 4318054.943, 103
Trd, 4318055.493, 102
Trd, 4318056.743, 101
Trd, 4318060.043, 102
Trd, 4318060.693, 102
Trd, 4318061.543, 103
Trd, 4318062.143, 101
Trd, 4318065.793, 103
Trd, 4318066.543, 103
Trd, 4318067.293, 102
Trd, 4318069.443, 102
Trd, 4318070.543, 101
Trd, 4318074.843, 101
Trd, 4318075.043, 101
Trd, 4318076.893, 101
Trd, 4318078.593, 100
Trd, 4318078.643, 101
Trd, 4318079.043, 101
Trd, 4318080.293, 100
Trd, 4318080.743, 101
Trd, 4318080.993, 95
Trd, 4318087.193, 100
Trd, 4318087.593, 100
Trd, 4318087.893, 99
Trd, 4318088.843, 100
Trd, 4318089.043, 99
Trd, 4318092.493, 99
Trd, 4318093.143, 98
Trd, 4318094.943, 98
Trd, 4318096.393, 99
Trd, 4318097.093, 99
Trd, 4318097.993, 96
Trd, 4318101.243, 99
Trd, 4318102.143, 100
Trd, 4318102.393, 99
Trd, 4318103.043, 98
Trd, 4318103.493, 98
Trd, 4318106.593, 98
Trd, 4318106.943, 99
Trd, 4318107.193, 98
Trd, 4318110.843, 98
Trd, 4318112.943, 97
Trd, 4318113.093, 98
Trd, 4318113.943, 97
Trd, 4318115.143, 97
Trd, 4318116.443, 98
Trd, 4318116.893, 98
Trd, 4318117.393, 95
Trd, 4318120.393, 96
Trd, 4318124.893, 97
Trd, 4318125.393, 97
Trd, 4318125.443, 96
Trd, 4318125.943, 96
Trd, 4318127.343, 97
Trd, 4318127.593, 96
Trd, 4318128.893, 95
Trd, 4318129.793, 94
Trd, 4318131.843, 95
Trd, 4318132.693, 94
Trd, 4318135.043, 95
Trd, 4318136.743, 98
Trd, 4318137.493, 98
Trd, 4318138.443, 99
Trd, 4318140.243, 96
Trd, 4318141.143, 96
Trd, 4318142.043, 97
Trd, 4318142.893, 97
Trd, 4318143.943, 96
Trd, 4318146.693, 96
Trd, 4318146.943, 97
Trd, 4318147.993, 98
Trd, 4318149.743, 98
Trd, 4318152.143, 99
Trd, 4318152.893, 100
Trd, 4318153.993, 100
Trd, 4318154.843, 100
Trd, 4318155.393, 100
Trd, 4318157.343, 101
Trd, 4318157.543, 101
Trd, 4318158.093, 101
Trd, 4318159.593, 100
Trd, 4318160.393, 97
Trd, 4318160.743, 95
Trd, 4318162.043, 93
Trd, 4318162.743, 91
Trd, 4318163.393, 91
Trd, 4318165.643, 98
Trd, 4318165.943, 97
Trd, 4318167.743, 99
Trd, 4318168.843, 100
Trd, 4318170.443, 103
Trd, 4318172.543, 103
Trd, 4318173.143, 104
Trd, 4318174.343, 102
Trd, 4318174.693, 101
Trd, 4318176.693, 95
Trd, 4318177.443, 97
Trd, 4318178.793, 97
Trd, 4318181.443, 109
Trd, 4318184.143, 114
Trd, 4318184.343, 113
Trd, 4318184.393, 112
Trd, 4318185.643, 103
Trd, 4318187.193, 103
Trd, 4318188.543, 103
Trd, 4318189.193, 102
Trd, 4318190.143, 102
Trd, 4318190.343, 101
Trd, 4318192.143, 99
Trd, 4318193.343, 99
Trd, 4318194.393, 99
Trd, 4318195.693, 98
Trd, 4318198.343, 99
Trd, 4318199.243, 98
Trd, 4318201.543, 98
Trd, 4318202.493, 97
Trd, 4318203.143, 96
Trd, 4318204.593, 95
Trd, 4318205.593, 96
Trd, 4318205.993, 95
Trd, 4318208.493, 95
Trd, 4318208.693, 96
Trd, 4318210.693, 96
Trd, 4318213.293, 96
Trd, 4318213.893, 96
Trd, 4318215.843, 95
Trd, 4318216.493, 96
Trd, 4318218.393, 95
Trd, 4318220.093, 95
Trd, 4318220.943, 93
Trd, 4318221.293, 93
Trd, 4318223.443, 95
Trd, 4318223.493, 95
Trd, 4318224.493, 95
Trd, 4318227.293, 104
Trd, 4318228.293, 103
Trd, 4318230.043, 102
Trd, 4318230.643, 104
Trd, 4318232.093, 106
Trd, 4318232.343, 104
Trd, 4318233.693, 98
Trd, 4318234.143, 99
Trd, 4318234.893, 100
Trd, 4318235.893, 104
Trd, 4318236.193, 103
Trd, 4318236.993, 103
Trd, 4318239.793, 107
Trd, 4318240.193, 106
Trd, 4318241.943, 114
Trd, 4318242.143, 113
Trd, 4318242.443, 112
Trd, 4318242.943, 112
Trd, 4318245.943, 112
Trd, 4318246.443, 110
Trd, 4318249.293, 104
Trd, 4318249.993, 103
Trd, 4318250.343, 103
Trd, 4318251.843, 100
Trd, 4318251.943, 96
Trd, 4318253.893, 99
Trd, 4318255.493, 99
Trd, 4318255.643, 98
Trd, 4318258.743, 96
Trd, 4318259.743, 96
Trd, 4318259.893, 96
Trd, 4318261.043, 89
Trd, 4318263.643, 93
Trd, 4318264.143, 95
Trd, 4318264.643, 94
Trd, 4318265.693, 92
Trd, 4318268.393, 95
Trd, 4318268.993, 95
Trd, 4318269.643, 94
Trd, 4318270.343, 93
Trd, 4318273.143, 95
Trd, 4318273.543, 94
Trd, 4318273.793, 96
Trd, 4318274.543, 94
Trd, 4318276.343, 97
Trd, 4318277.593, 99
Trd, 4318279.443, 98
Trd, 4318280.893, 103
Trd, 4318281.743, 101
Trd, 4318283.993, 102
Trd, 4318285.293, 103
Trd, 4318286.893, 103
Trd, 4318287.193, 101
Trd, 4318289.393, 102
Trd, 4318291.193, 102
Trd, 4318291.543, 101
Trd, 4318292.643, 98
Trd, 4318295.593, 100
Trd, 4318297.543, 99
Trd, 4318299.393, 98
Trd, 4318302.143, 99
Trd, 4318303.143, 98
Trd, 4318306.593, 97
Trd, 4318307.443, 98
Trd, 4318308.393, 98
Trd, 4318308.643, 97
Trd, 4318309.243, 96
Trd, 4318311.093, 96
Trd, 4318311.493, 97
Trd, 4318315.093, 98
Trd, 4318316.093, 97
Trd, 4318317.343, 100
Trd, 4318318.393, 99
Trd, 4318318.493, 100
Trd, 4318319.743, 99
Trd, 4318320.593, 99
Trd, 4318322.093, 99
Trd, 4318324.093, 98
Trd, 4318324.943, 97
Trd, 4318327.993, 95
Trd, 4318329.243, 95
Trd, 4318329.943, 95
Trd, 4318331.093, 94
Trd, 4318333.243, 92
Trd, 4318333.943, 95
Trd, 4318334.743, 95
Trd, 4318337.443, 93
Trd, 4318338.193, 95
Trd, 4318338.793, 94
Trd, 4318339.443, 95
Trd, 4318341.293, 95
Trd, 4318342.593, 95
Trd, 4318343.043, 93
Trd, 4318344.643, 96
Trd, 4318346.243, 96
Trd, 4318346.843, 96
Trd, 4318349.243, 95
Trd, 4318349.593, 95
Trd, 4318352.093, 98
Trd, 4318352.893, 97
Trd, 4318355.243, 97
Trd, 4318355.693, 98
Trd, 4318356.243, 97
Trd, 4318357.343, 96
Trd, 4318359.293, 96
Trd, 4318363.343, 96
Trd, 4318363.593, 95
Trd, 4318363.993, 95
Trd, 4318364.743, 95
Trd, 4318366.243, 96
Trd, 4318366.843, 96
Trd, 4318368.943, 97
Trd, 4318370.043, 101
Trd, 4318371.043, 101
Trd, 4318375.193, 107
Trd, 4318375.443, 107
Trd, 4318375.943, 107
Trd, 4318376.693, 91
Trd, 4318377.493, 93
Trd, 4318378.343, 93
Trd, 4318379.193, 95
Trd, 4318380.893, 95
Trd, 4318383.043, 99
Trd, 4318385.143, 99
Trd, 4318386.893, 99
Trd, 4318387.543, 99
Trd, 4318387.743, 99
Trd, 4318391.043, 101
Trd, 4318391.893, 102
Trd, 4318392.843, 102
Trd, 4318393.443, 101
Trd, 4318394.193, 100
Trd, 4318395.893, 95
Trd, 4318396.543, 97
Trd, 4318398.843, 91
Trd, 4318399.743, 94
Trd, 4318401.343, 100
Trd, 4318402.143, 99
Trd, 4318403.993, 101
Trd, 4318404.443, 96
Trd, 4318405.543, 98
Trd, 4318408.193, 99
Trd, 4318409.493, 99
Trd, 4318410.493, 97
Trd, 4318411.343, 98
Trd, 4318411.993, 98
Trd, 4318412.743, 101
Trd, 4318414.193, 105
Trd, 4318415.693, 104
Trd, 4318417.693, 104
Trd, 4318417.843, 103
Trd, 4318419.643, 102
Trd, 4318421.993, 102
Trd, 4318423.493, 102
Trd, 4318424.243, 102
Trd, 4318424.443, 102
Trd, 4318425.543, 104
Trd, 4318428.443, 106
Trd, 4318428.693, 106
Trd, 4318429.743, 105
Trd, 4318430.743, 105
Trd, 4318431.693, 105
Trd, 4318432.943, 86
Trd, 4318434.093, 95
Trd, 4318435.843, 96
Trd, 4318437.393, 96
Trd, 4318438.943, 95
Trd, 4318440.093, 95
Trd, 4318441.143, 96
Trd, 4318441.693, 96
Trd, 4318443.943, 94
Trd, 4318444.743, 96
Trd, 4318445.693, 95
Trd, 4318446.143, 93
Trd, 4318446.543, 95
Trd, 4318448.743, 95
Trd, 4318450.093, 95
Trd, 4318452.193, 94
Trd, 4318452.643, 94
Trd, 4318453.643, 93
Trd, 4318453.893, 94
Trd, 4318455.843, 93
Trd, 4318457.293, 92
Trd, 4318458.293, 93
Trd, 4318460.343, 95
Trd, 4318460.743, 97
Trd, 4318460.793, 95
Trd, 4318461.743, 94
Trd, 4318462.093, 95
Trd, 4318464.643, 95
Trd, 4318464.993, 97
Trd, 4318465.543, 95
Trd, 4318468.393, 99
Trd, 4318469.793, 99
Trd, 4318473.043, 99
Trd, 4318473.293, 98
Trd, 4318475.143, 98
Trd, 4318476.693, 97
Trd, 4318476.993, 96
Trd, 4318478.493, 97
Trd, 4318479.093, 96
Trd, 4318479.593, 96
Trd, 4318481.643, 96
Trd, 4318482.993, 98
Trd, 4318483.843, 97
Trd, 4318485.993, 100
Trd, 4318486.443, 100
Trd, 4318487.393, 99
Trd, 4318489.743, 99
Trd, 4318490.393, 96
Trd, 4318490.593, 96
Trd, 4318494.443, 96
Trd, 4318494.643, 97
Trd, 4318494.993, 98
Trd, 4318495.793, 97
Trd, 4318499.243, 102
Trd, 4318500.343, 102
Trd, 4318500.843, 101
Trd, 4318502.393, 100
Trd, 4318503.343, 99
Trd, 4318504.993, 100
Trd, 4318505.143, 98
Trd, 4318508.593, 100
Trd, 4318509.143, 101
Trd, 4318509.693, 99
Trd, 4318510.143, 100
Trd, 4318510.893, 100
Trd, 4318512.193, 100
Trd, 4318515.593, 100
Trd, 4318516.393, 100
Trd, 4318516.493, 100
Trd, 4318516.543, 99
Trd, 4318518.043, 100
Trd, 4318519.743, 104
Trd, 4318521.243, 104
Trd, 4318522.093, 103
Trd, 4318523.493, 103
Trd, 4318523.943, 101
Trd, 4318526.593, 84
Trd, 4318527.793, 90
Trd, 4318528.893, 88
Trd, 4318529.993, 95
Trd, 4318530.193, 91
Trd, 4318532.493, 96
Trd, 4318532.543, 94
Trd, 4318533.493, 95
Trd, 4318534.393, 90
Trd, 4318536.693, 86
Trd, 4318537.293, 87
Trd, 4318537.793, 88
Trd, 4318539.293, 88
Trd, 4318540.643, 88
Trd, 4318541.993, 89
Trd, 4318542.843, 95
Trd, 4318543.293, 89
Trd, 4318544.043, 88
Trd, 4318547.143, 89
Trd, 4318547.293, 90
Trd, 4318548.693, 95
Trd, 4318549.193, 91
Trd, 4318550.893, 95
Trd, 4318551.893, 95
Trd, 4318552.293, 95
Trd, 4318552.393, 94
Trd, 4318555.543, 98
Trd, 4318556.543, 100
Trd, 4318557.493, 99
Trd, 4318557.693, 99
Trd, 4318559.293, 100
Trd, 4318560.493, 99
Trd, 4318562.443, 98
Trd, 4318563.743, 97
Trd, 4318564.643, 98
Trd, 4318566.143, 96
Trd, 4318569.993, 98
Trd, 4318571.493, 97
Trd, 4318572.343, 97
Trd, 4318574.393, 97
Trd, 4318575.243, 97
Trd, 4318575.843, 96
Trd, 4318576.493, 95
Trd, 4318577.143, 96
Trd, 4318579.893, 95
Trd, 4318581.343, 96
Trd, 4318582.743, 95
Trd, 4318585.093, 95
Trd, 4318585.543, 95
Trd, 4318586.143, 95
Trd, 4318588.743, 94
Trd, 4318589.693, 95
Trd, 4318593.793, 95
Trd, 4318594.543, 94
Trd, 4318595.493, 95
Trd, 4318597.293, 95
Trd, 4318597.393, 94
Trd, 4318598.543, 94
Trd, 4318600.543, 94
Trd, 4318602.843, 93
Trd, 4318603.143, 92
Trd, 4318605.443, 93
Trd, 4318606.593, 93
Trd, 4318607.193, 92
Trd, 4318608.693, 91
Trd, 4318609.543, 91
Trd, 4318610.243, 91
Trd, 4318611.743, 92
Trd, 4318613.143, 92
Trd, 4318614.993, 92
Trd, 4318616.643, 93
Trd, 4318617.843, 94
Trd, 4318618.393, 92
Trd, 4318618.993, 94
Trd, 4318621.593, 106
Trd, 4318623.593, 109
Trd, 4318623.793, 109
Trd, 4318624.843, 104
Trd, 4318625.593, 104
Trd, 4318626.293, 100
Trd, 4318626.943, 102
Trd, 4318628.843, 95
Trd, 4318630.543, 98
Trd, 4318630.793, 97
Trd, 4318631.493, 98
Trd, 4318631.543, 96
Trd, 4318633.143, 96
Trd, 4318634.643, 97
Trd, 4318635.393, 96
Trd, 4318636.443, 92
Trd, 4318638.843, 96
Trd, 4318639.343, 94
Trd, 4318640.093, 95
Trd, 4318640.943, 96
Trd, 4318641.793, 97
Trd, 4318642.543, 97
Trd, 4318646.043, 98
Trd, 4318646.293, 97
Trd, 4318646.793, 96
Trd, 4318648.143, 97
Trd, 4318649.143, 97
Trd, 4318650.043, 100
Trd, 4318651.993, 107
Trd, 4318652.993, 107
Trd, 4318653.493, 106
Trd, 4318654.943, 103
Trd, 4318658.643, 106
Trd, 4318658.793, 106
Trd, 4318658.843, 104
Trd, 4318659.493, 89
Trd, 4318659.993, 90
Trd, 4318660.293, 97
Trd, 4318661.443, 97
Trd, 4318662.493, 96
Trd, 4318666.193, 96
Trd, 4318666.743, 95
Trd, 4318666.993, 95
Trd, 4318668.093, 95
Trd, 4318669.443, 96
Trd, 4318671.643, 99
Trd, 4318672.543, 99
Trd, 4318675.643, 103
Trd, 4318675.843, 103
Trd, 4318675.943, 102
Trd, 4318676.793, 101
Trd, 4318677.793, 100
Trd, 4318679.343, 99
Trd, 4318679.993, 98
Trd, 4318682.343, 102
Trd, 4318684.343, 100
Trd, 4318684.593, 100
Trd, 4318684.893, 100
Trd, 4318687.293, 99
Trd, 4318687.693, 100
Trd, 4318688.293, 99
Trd, 4318689.893, 100
Trd, 4318691.793, 100
Trd, 4318693.343, 99
Trd, 4318693.893, 100
Trd, 4318694.743, 93
Trd, 4318696.643, 96
Trd, 4318699.643, 99
Trd, 4318700.493, 99
Trd, 4318701.793, 98
Trd, 4318703.943, 99
Trd, 4318704.543, 98
Trd, 4318705.693, 96
Trd, 4318707.643, 96
Trd, 4318708.443, 97
Trd, 4318709.893, 98
Trd, 4318710.543, 97
Trd, 4318715.443, 96
Trd, 4318715.893, 94
Trd, 4318717.493, 96
Trd, 4318717.593, 96
Trd, 4318719.193, 96
Trd, 4318720.243, 95
Trd, 4318721.243, 95
Trd, 4318721.643, 96
Trd, 4318723.693, 96
Trd, 4318725.043, 95
Trd, 4318725.393, 94
Trd, 4318725.843, 96
Trd, 4318728.243, 95
Trd, 4318728.793, 94
Trd, 4318729.993, 94
Trd, 4318732.243, 94
Trd, 4318732.493, 93
Trd, 4318734.193, 92
Trd, 4318737.793, 95
Trd, 4318737.993, 92
Trd, 4318739.593, 91
Trd, 4318740.843, 91
Trd, 4318742.193, 92
Trd, 4318742.943, 94
Trd, 4318744.093, 93
Trd, 4318745.893, 95
Trd, 4318746.343, 94
Trd, 4318746.943, 91
Trd, 4318748.693, 90
Trd, 4318750.543, 88
Trd, 4318751.393, 89
Trd, 4318753.443, 88
Trd, 4318754.293, 89
Trd, 4318756.943, 95
Trd, 4318757.493, 93
Trd, 4318759.243, 96
Trd, 4318762.093, 99
Trd, 4318762.443, 98
Trd, 4318762.643, 95
Trd, 4318763.443, 98
Trd, 4318764.693, 100
Trd, 4318766.993, 99
Trd, 4318767.543, 100
Trd, 4318768.143, 99
Trd, 4318769.593, 100
Trd, 4318772.443, 100
Trd, 4318773.143, 100
Trd, 4318773.593, 98
Trd, 4318774.243, 96
Trd, 4318776.293, 97
Trd, 4318779.393, 104
Trd, 4318779.943, 105
Trd, 4318780.593, 103
Trd, 4318781.243, 104
Trd, 4318782.293, 103
Trd, 4318785.693, 103
Trd, 4318787.493, 103
Trd, 4318788.143, 104
Trd, 4318788.393, 104
Trd, 4318788.743, 95
Trd, 4318791.643, 102
Trd, 4318792.643, 103
Trd, 4318794.143, 102
Trd, 4318794.493, 102
Trd, 4318794.843, 101
Trd, 4318798.243, 103
Trd, 4318798.693, 103
Trd, 4318801.293, 104
Trd, 4318801.893, 104
Trd, 4318802.443, 103
Trd, 4318804.093, 103
Trd, 4318805.843, 102
Trd, 4318808.343, 102
Trd, 4318812.843, 102
Trd, 4318813.393, 101
Trd, 4318814.443, 101
Trd, 4318815.043, 93
Trd, 4318817.243, 95
Trd, 4318817.393, 90
Trd, 4318818.943, 95
Trd, 4318821.593, 100
Trd, 4318822.193, 100
Trd, 4318822.743, 97
Trd, 4318824.293, 93
Trd, 4318825.643, 93
Trd, 4318827.043, 96
Trd, 4318828.243, 96
Trd, 4318828.443, 95
Trd, 4318829.143, 94
Trd, 4318830.043, 93
Trd, 4318832.443, 93
Trd, 4318833.193, 93
Trd, 4318837.043, 94
Trd, 4318838.943, 94
Trd, 4318840.093, 95
Trd, 4318841.193, 95
Trd, 4318841.943, 92
Trd, 4318842.293, 92
Trd, 4318842.743, 93
Trd, 4318844.943, 91
Trd, 4318846.293, 91
Trd, 4318848.093, 96
Trd, 4318848.893, 95
Trd, 4318850.293, 96
Trd, 4318851.143, 95
Trd, 4318851.193, 94
Trd, 4318851.793, 94
Trd, 4318853.743, 94
Trd, 4318854.443, 86
Trd, 4318855.993, 92
Trd, 4318856.093, 95
Trd, 4318859.393, 110
Trd, 4318859.943, 110
Trd, 4318860.143, 109
Trd, 4318861.793, 108
Trd, 4318862.643, 107
Trd, 4318865.293, 104
Trd, 4318865.843, 104
Trd, 4318867.693, 104
Trd, 4318870.043, 104
Trd, 4318870.893, 103
Trd, 4318871.393, 102
Trd, 4318873.993, 103
Trd, 4318875.393, 103
Trd, 4318876.493, 102
Trd, 4318877.043, 101
Trd, 4318878.893, 103
Trd, 4318881.493, 104
Trd, 4318882.193, 103
Trd, 4318882.943, 102
Trd, 4318885.543, 102
Trd, 4318885.893, 103
Trd, 4318887.343, 103
Trd, 4318887.893, 100
Trd, 4318889.643, 102
Trd, 4318890.993, 95
Trd, 4318892.393, 99
Trd, 4318893.893, 99
Trd, 4318895.743, 98
Trd, 4318896.543, 99
Trd, 4318899.443, 99
Trd, 4318899.543, 98
Trd, 4318900.793, 106
Trd, 4318901.393, 102
Trd, 4318902.643, 104
Trd, 4318904.643, 106
Trd, 4318905.593, 103
Trd, 4318906.993, 104
Trd, 4318907.293, 104
Trd, 4318908.143, 105
Trd, 4318909.393, 103
Trd, 4318913.793, 103
Trd, 4318914.393, 102
Trd, 4318917.943, 102
Trd, 4318917.993, 101
Trd, 4318918.393, 103
Trd, 4318918.793, 102
Trd, 4318921.193, 108
Trd, 4318921.493, 103
Trd, 4318921.793, 102
Trd, 4318924.393, 104
Trd, 4318925.843, 104
Trd, 4318928.543, 103
Trd, 4318929.193, 104
Trd, 4318929.443, 103
Trd, 4318930.093, 104
Trd, 4318930.793, 103
Trd, 4318931.093, 102
Trd, 4318932.893, 91
Trd, 4318933.693, 96
Trd, 4318935.243, 98
Trd, 4318935.643, 98
Trd, 4318937.143, 97
Trd, 4318939.193, 96
Trd, 4318940.393, 97
Trd, 4318941.643, 97
Trd, 4318942.343, 96
Trd, 4318944.343, 95
Trd, 4318946.043, 97
Trd, 4318947.043, 97
Trd, 4318948.793, 97
Trd, 4318949.343, 96
Trd, 4318951.643, 95
Trd, 4318951.943, 95
Trd, 4318953.293, 96
Trd, 4318955.243, 96
Trd, 4318956.493, 95
Trd, 4318958.893, 95
Trd, 4318959.493, 95
Trd, 4318961.593, 96
Trd, 4318961.843, 95
Trd, 4318963.943, 94
Trd, 4318964.093, 95
Trd, 4318964.743, 94
Trd, 4318965.193, 95
Trd, 4318967.143, 95
Trd, 4318968.543, 93
Trd, 4318970.743, 93
Trd, 4318971.193, 93
Trd, 4318972.743, 92
Trd, 4318973.943, 93
Trd, 4318974.443, 94
Trd, 4318975.893, 93
Trd, 4318976.343, 95
Trd, 4318978.793, 97
Trd, 4318979.043, 96
Trd, 4318981.843, 100
Trd, 4318982.543, 101
Trd, 4318982.943, 101
Trd, 4318985.743, 102
Trd, 4318987.343, 104
Trd, 4318989.543, 99
Trd, 4318990.043, 99
Trd, 4318990.143, 98
Trd, 4318992.243, 99
Trd, 4318994.293, 99
Trd, 4318994.993, 100
Trd, 4318995.393, 100
Trd, 4318996.643, 102
Trd, 4318999.143, 99
Trd, 4318999.743, 99
Trd, 4319000.043, 100
Trd, 4319000.593, 100
Trd, 4319002.343, 100
Trd, 4319002.943, 99
Trd, 4319004.543, 98
Trd, 4319007.843, 100
Trd, 4319008.143, 100
Trd, 4319010.193, 98
Trd, 4319012.093, 99
Trd, 4319012.743, 98
Trd, 4319013.343, 97
Trd, 4319014.793, 96
Trd, 4319018.593, 96
Trd, 4319020.543, 97
Trd, 4319021.293, 96
Trd, 4319022.243, 96
Trd, 4319024.593, 97
Trd, 4319024.693, 96
Trd, 4319026.843, 96
Trd, 4319026.993, 95
Trd, 4319027.493, 96
Trd, 4319029.743, 101
Trd, 4319029.793, 100
Trd, 4319032.193, 104
Trd, 4319033.843, 105
Trd, 4319035.243, 99
Trd, 4319035.993, 98
Trd, 4319037.643, 99
Trd, 4319038.943, 99
Trd, 4319041.443, 103
Trd, 4319041.643, 103
Trd, 4319042.193, 104
Trd, 4319042.743, 103
Trd, 4319043.593, 103
Trd, 4319045.143, 106
Trd, 4319047.343, 112
Trd, 4319048.543, 110
Trd, 4319050.043, 111
Trd, 4319051.093, 110
Trd, 4319052.293, 110
Trd, 4319053.293, 107
Trd, 4319056.093, 106
Trd, 4319056.543, 106
Trd, 4319057.993, 106
Trd, 4319061.143, 105
Trd, 4319061.793, 104
Trd, 4319061.893, 104
Trd, 4319063.443, 105
Trd, 4319064.143, 96
Trd, 4319065.943, 100
Trd, 4319067.243, 101
Trd, 4319069.093, 99
Trd, 4319069.143, 100
Trd, 4319069.493, 96
Trd, 4319072.093, 100
Trd, 4319073.493, 100
Trd, 4319074.593, 99
Trd, 4319075.843, 98
Trd, 4319077.093, 97
Trd, 4319078.343, 98
Trd, 4319081.643, 97
Trd, 4319082.493, 95
Trd, 4319085.343, 98
Trd, 4319086.693, 98
Trd, 4319087.143, 98
Trd, 4319088.143, 95
Trd, 4319089.393, 97
Trd, 4319089.743, 98
Trd, 4319090.943, 97
Trd, 4319091.293, 98
Trd, 4319093.843, 98
Trd, 4319094.643, 100
Trd, 4319096.893, 102
Trd, 4319096.993, 100
Trd, 4319097.343, 100
Trd, 4319098.943, 100
Trd, 4319100.093, 101
Trd, 4319100.743, 100
Trd, 4319100.993, 94
Trd, 4319105.893, 96
Trd, 4319106.143, 98
Trd, 4319106.843, 97
Trd, 4319112.393, 97
Trd, 4319112.443, 97
Trd, 4319112.943, 96
Trd, 4319113.493, 96
Trd, 4319114.293, 97
Trd, 4319115.243, 97
Trd, 4319115.643, 96
Trd, 4319119.943, 97
Trd, 4319120.993, 97
Trd, 4319123.393, 96
Trd, 4319124.193, 95
Trd, 4319126.043, 96
Trd, 4319126.093, 94
Trd, 4319126.943, 94
Trd, 4319127.793, 94
Trd, 4319130.193, 94
Trd, 4319130.743, 95
Trd, 4319132.293, 95
Trd, 4319133.993, 98
Trd, 4319134.943, 97
Trd, 4319135.343, 96
Trd, 4319137.493, 95
Trd, 4319139.043, 95
Trd, 4319139.493, 96
Trd, 4319139.643, 95
Trd, 4319140.943, 96
Trd, 4319142.493, 96
Trd, 4319143.343, 95
Trd, 4319143.593, 96
Trd, 4319146.993, 95
Trd, 4319147.293, 96
Trd, 4319148.943, 95
Trd, 4319150.393, 94
Trd, 4319152.793, 92
Trd, 4319153.543, 93
Trd, 4319154.393, 94
Trd, 4319154.493, 95
Trd, 4319155.543, 93
Trd, 4319156.393, 94
Trd, 4319158.593, 94
Trd, 4319160.643, 93
Trd, 4319162.693, 94
Trd, 4319164.043, 94
Trd, 4319164.293, 93
Trd, 4319166.343, 93
Trd, 4319167.443, 93
Trd, 4319168.393, 94
Trd, 4319169.843, 95
Trd, 4319170.793, 93
Trd, 4319173.993, 94
Trd, 4319174.193, 94
Trd, 4319175.093, 93
Trd, 4319175.543, 95
Trd, 4319178.443, 93
Trd, 4319180.243, 94
Trd, 4319181.043, 94
Trd, 4319181.693, 93
Trd, 4319182.043, 94
Trd, 4319183.343, 93
Trd, 4319184.993, 93
Trd, 4319187.743, 93
Trd, 4319189.093, 94
Trd, 4319190.143, 94
Trd, 4319190.193, 92
Trd, 4319192.793, 95
Trd, 4319193.643, 95
Trd, 4319194.593, 94
Trd, 4319196.993, 93
Trd, 4319197.293, 95
Trd, 4319199.343, 94
Trd, 4319199.943, 92
Trd, 4319201.443, 95
Trd, 4319202.493, 94
Trd, 4319203.193, 95
Trd, 4319205.893, 94
Trd, 4319206.893, 94
Trd, 4319208.193, 94
Trd, 4319209.543, 93
Trd, 4319211.293, 94
Trd, 4319212.893, 93
Trd, 4319213.243, 94
Trd, 4319214.043, 94
Trd, 4319214.743, 94
Trd, 4319216.093, 95
Trd, 4319216.593, 95
Trd, 4319217.543, 94
Trd, 4319218.493, 95
Trd, 4319222.593, 94
Trd, 4319222.693, 95
Trd, 4319224.893, 95
Trd, 4319225.043, 95
Trd, 4319227.093, 95
Trd, 4319227.343, 97
Trd, 4319230.593, 97
Trd, 4319231.243, 97
Trd, 4319234.093, 99
Trd, 4319234.343, 99
Trd, 4319235.993, 97
Trd, 4319236.343, 96
Trd, 4319236.643, 95
Trd, 4319239.343, 96
Trd, 4319241.143, 95
Trd, 4319242.193, 95
Trd, 4319244.243, 94
Trd, 4319246.393, 94
Trd, 4319246.893, 94
Trd, 4319247.793, 94
Trd, 4319249.843, 95
Trd, 4319250.793, 95
Trd, 4319253.793, 95
Trd, 4319255.743, 94
Trd, 4319257.243, 95
Trd, 4319257.343, 95
Trd, 4319258.143, 94
Trd, 4319259.193, 94
Trd, 4319260.043, 95
Trd, 4319262.643, 95
Trd, 4319264.543, 95
Trd, 4319265.793, 94
Trd, 4319266.943, 93
Trd, 4319267.493, 93
Trd, 4319269.293, 92
Trd, 4319269.893, 95
Trd, 4319270.693, 95
Trd, 4319271.093, 92
Trd, 4319272.643, 92
Trd, 4319275.193, 114
Trd, 4319276.943, 113
Trd, 4319277.443, 113
Trd, 4319277.743, 113
Trd, 4319279.343, 111
Trd, 4319279.893, 103
Trd, 4319282.093, 96
Trd, 4319284.393, 102
Trd, 4319284.943, 102
Trd, 4319285.043, 102
Trd, 4319285.693, 101
Trd, 4319287.593, 101
Trd, 4319288.793, 100
Trd, 4319292.443, 108
Trd, 4319292.993, 107
Trd, 4319293.793, 104
Trd, 4319294.293, 104
Trd, 4319295.793, 105
Trd, 4319298.243, 104
Trd, 4319298.993, 103
Trd, 4319301.493, 102
Trd, 4319302.743, 102
Trd, 4319305.093, 102
Trd, 4319305.543, 101
Trd, 4319305.743, 100
Trd, 4319307.843, 102
Trd, 4319308.293, 101
Trd, 4319310.193, 102
Trd, 4319311.743, 102
Trd, 4319312.643, 101
Trd, 4319315.143, 102
Trd, 4319315.343, 102
Trd, 4319316.243, 101
Trd, 4319320.593, 102
Trd, 4319320.793, 101
Trd, 4319322.843, 100
Trd, 4319322.943, 99
Trd, 4319325.593, 99
Trd, 4319327.343, 98
Trd, 4319327.593, 98
Trd, 4319328.393, 94
Trd, 4319329.493, 95
Trd, 4319330.843, 96
Trd, 4319331.193, 95
Trd, 4319332.993, 96
Trd, 4319333.443, 96
Trd, 4319336.943, 98
Trd, 4319337.843, 100
Trd, 4319339.793, 103
Trd, 4319340.443, 102
Trd, 4319340.493, 103
Trd, 4319340.693, 102
Trd, 4319341.243, 103
Trd, 4319342.693, 101
Trd, 4319344.493, 102
Trd, 4319345.543, 101
Trd, 4319347.193, 102
Trd, 4319347.593, 101
Trd, 4319348.843, 100
Trd, 4319350.843, 101
Trd, 4319351.093, 101
Trd, 4319352.043, 103
Trd, 4319353.293, 102
Trd, 4319354.293, 101
Trd, 4319355.693, 101
Trd, 4319356.343, 101
Trd, 4319358.143, 100
Trd, 4319359.893, 99
Trd, 4319359.993, 99
Trd, 4319366.543, 101
Trd, 4319367.293, 100
Trd, 4319368.443, 99
Trd, 4319371.093, 99
Trd, 4319371.893, 97
Trd, 4319377.293, 99
Trd, 4319378.493, 99
Trd, 4319379.993, 100
Trd, 4319381.793, 99
Trd, 4319382.143, 98
Trd, 4319385.293, 100
Trd, 4319385.743, 100
Trd, 4319386.293, 98
Trd, 4319388.193, 99
Trd, 4319389.043, 99
Trd, 4319391.193, 98
Trd, 4319392.093, 97
Trd, 4319393.993, 95
Trd, 4319397.593, 98
Trd, 4319398.693, 98
Trd, 4319400.043, 97
Trd, 4319401.093, 95
Trd, 4319403.543, 97
Trd, 4319405.093, 97
Trd, 4319405.193, 97
Trd, 4319406.593, 98
Trd, 4319407.543, 103
Trd, 4319408.193, 102
Trd, 4319411.843, 98
Trd, 4319412.943, 98
Trd, 4319413.493, 96
Trd, 4319413.793, 97
Trd, 4319417.543, 97
Trd, 4319418.093, 96
Trd, 4319419.293, 97
Trd, 4319420.693, 98
Trd, 4319421.943, 98
Trd, 4319423.793, 97
Trd, 4319424.193, 97
Trd, 4319427.643, 97
Trd, 4319428.093, 96
Trd, 4319428.843, 96
Trd, 4319431.393, 96
Trd, 4319431.543, 95
Trd, 4319432.293, 95
Trd, 4319432.493, 94
Trd, 4319433.143, 94
Trd, 4319433.693, 94
Trd, 4319435.943, 94
Trd, 4319438.493, 95
Trd, 4319439.993, 99
Trd, 4319442.343, 96
Trd, 4319444.093, 98
Trd, 4319445.643, 98
Trd, 4319446.143, 97
Trd, 4319447.443, 97
Trd, 4319448.793, 97
Trd, 4319449.693, 97
Trd, 4319451.343, 96
Trd, 4319453.693, 97
Trd, 4319454.643, 97
Trd, 4319455.693, 97
Trd, 4319456.193, 96
Trd, 4319458.143, 99
Trd, 4319459.693, 97
Trd, 4319460.043, 97
Trd, 4319461.293, 97
Trd, 4319461.693, 98
Trd, 4319464.743, 101
Trd, 4319464.993, 98
Trd, 4319465.793, 98
Trd, 4319466.993, 99
Trd, 4319469.093, 107
Trd, 4319469.943, 106
Trd, 4319470.243, 107
Trd, 4319471.593, 108
Trd, 4319472.093, 107
Trd, 4319474.293, 106
Trd, 4319475.093, 105
Trd, 4319476.243, 104
Trd, 4319476.343, 103
Trd, 4319477.693, 102
Trd, 4319478.593, 105
Trd, 4319479.643, 105
Trd, 4319484.193, 106
Trd, 4319484.743, 106
Trd, 4319485.193, 106
Trd, 4319486.443, 105
Trd, 4319486.493, 103
Trd, 4319487.193, 96
Trd, 4319491.093, 101
Trd, 4319492.093, 100
Trd, 4319493.143, 100
Trd, 4319493.493, 100
Trd, 4319494.693, 101
Trd, 4319496.543, 100
Trd, 4319497.293, 99
Trd, 4319499.743, 98
Trd, 4319501.593, 97
Trd, 4319502.643, 97
Trd, 4319505.093, 96
Trd, 4319505.893, 97
Trd, 4319507.743, 96
Trd, 4319508.593, 95
Trd, 4319509.093, 96
Trd, 4319511.393, 96
Trd, 4319514.093, 95
Trd, 4319516.093, 96
Trd, 4319517.643, 95
Trd, 4319519.993, 95
Trd, 4319521.393, 96
Trd, 4319521.893, 95
Trd, 4319522.143, 95
Trd, 4319524.243, 95
Trd, 4319524.343, 96
Trd, 4319525.043, 95
Trd, 4319525.293, 96
Trd, 4319526.543, 96
Trd, 4319528.093, 96
Trd, 4319528.943, 95
Trd, 4319529.293, 96
Trd, 4319531.643, 94
Trd, 4319532.993, 94
Trd, 4319533.693, 95
Trd, 4319535.343, 93
Trd, 4319536.943, 95
Trd, 4319537.593, 94
Trd, 4319537.993, 95
Trd, 4319540.543, 95
Trd, 4319541.693, 95
Trd, 4319542.693, 94
Trd, 4319544.493, 93
Trd, 4319545.793, 94
Trd, 4319547.093, 94
Trd, 4319548.643, 95
Trd, 4319548.943, 96
Trd, 4319549.343, 96
Trd, 4319550.793, 96
Trd, 4319551.143, 96
Trd, 4319551.993, 95
Trd, 4319556.593, 111
Trd, 4319557.093, 110
Trd, 4319557.593, 111
Trd, 4319559.643, 102
Trd, 4319559.793, 103
Trd, 4319561.243, 101
Trd, 4319562.093, 95
Trd, 4319564.643, 102
Trd, 4319566.043, 101
Trd, 4319567.193, 102
Trd, 4319567.293, 99
Trd, 4319571.043, 100
Trd, 4319572.293, 99
Trd, 4319572.793, 100
Trd, 4319573.743, 100
Trd, 4319574.293, 95
Trd, 4319574.943, 98
Trd, 4319578.593, 98
Trd, 4319581.043, 98
Trd, 4319581.743, 98
Trd, 4319582.243, 99
Trd, 4319583.543, 99
Trd, 4319586.443, 98
Trd, 4319587.743, 99
Trd, 4319587.993, 99
Trd, 4319588.993, 98
Trd, 4319591.543, 99
Trd, 4319591.743, 99
Trd, 4319592.493, 98
Trd, 4319592.793, 98
Trd, 4319594.093, 98
Trd, 4319595.393, 98
Trd, 4319597.543, 98
Trd, 4319597.893, 98
Trd, 4319600.393, 98
Trd, 4319600.993, 99
Trd, 4319601.193, 98
Trd, 4319604.393, 97
Trd, 4319605.043, 98
Trd, 4319606.443, 98
Trd, 4319608.043, 97
Trd, 4319609.143, 98
Trd, 4319609.493, 96
Trd, 4319613.443, 96
Trd, 4319613.993, 97
Trd, 4319617.943, 98
Trd, 4319619.243, 98
Trd, 4319619.443, 99
Trd, 4319623.393, 99
Trd, 4319623.493, 98
Trd, 4319627.043, 95
Trd, 4319629.593, 95
Trd, 4319631.393, 95
Trd, 4319631.943, 96
Trd, 4319632.593, 96
Trd, 4319634.793, 96
Trd, 4319635.043, 96
Trd, 4319638.193, 95
Trd, 4319639.493, 95
Trd, 4319639.793, 96
Trd, 4319643.143, 97
Trd, 4319643.293, 96
Trd, 4319644.643, 97
Trd, 4319645.393, 97
Trd, 4319646.193, 95
Trd, 4319647.943, 95
Trd, 4319649.443, 94
Trd, 4319651.593, 95
Trd, 4319652.143, 95
Trd, 4319653.843, 99
Trd, 4319654.143, 101
Trd, 4319657.243, 113
Trd, 4319658.593, 113
Trd, 4319658.743, 112
Trd, 4319659.693, 111
Trd, 4319660.043, 103
Trd, 4319662.293, 103
Trd, 4319663.093, 102
Trd, 4319663.893, 102
Trd, 4319665.293, 102
Trd, 4319665.843, 104
Trd, 4319666.693, 107
Trd, 4319668.243, 106
Trd, 4319669.143, 106
Trd, 4319669.993, 105
Trd, 4319672.493, 104
Trd, 4319673.593, 103
Trd, 4319675.743, 102
Trd, 4319677.443, 99
Trd, 4319678.343, 101
Trd, 4319678.493, 100
Trd, 4319679.193, 95
Trd, 4319681.143, 97
Trd, 4319682.043, 100
Trd, 4319682.393, 100
Trd, 4319685.093, 97
Trd, 4319685.393, 97
Trd, 4319688.293, 96
Trd, 4319690.593, 97
Trd, 4319691.093, 97
Trd, 4319691.343, 97
Trd, 4319691.493, 96
Trd, 4319695.443, 96
Trd, 4319696.493, 96
Trd, 4319696.693, 95
Trd, 4319697.743, 95
Trd, 4319698.693, 97
Trd, 4319698.993, 95
Trd, 4319700.093, 94
Trd, 4319701.593, 94
Trd, 4319703.093, 93
Trd, 4319704.493, 91
Trd, 4319706.293, 93
Trd, 4319706.693, 95
Trd, 4319707.943, 92
Trd, 4319709.793, 94
Trd, 4319711.193, 93
Trd, 4319712.843, 101
Trd, 4319712.993, 99
Trd, 4319714.293, 95
Trd, 4319715.643, 96
Trd, 4319717.993, 97
Trd, 4319719.443, 100
Trd, 4319720.543, 102
Trd, 4319722.343, 101
Trd, 4319724.943, 101
Trd, 4319725.093, 101
Trd, 4319725.493, 99
Trd, 4319729.093, 100
Trd, 4319729.243, 100
Trd, 4319730.893, 99
Trd, 4319732.193, 98
Trd, 4319733.493, 99
Trd, 4319734.243, 98
Trd, 4319735.893, 99
Trd, 4319736.793, 99
Trd, 4319738.043, 98
Trd, 4319739.243, 99
Trd, 4319739.593, 95
Trd, 4319742.093, 95
Trd, 4319744.443, 97
Trd, 4319745.143, 97
Trd, 4319745.293, 96
Trd, 4319750.243, 95
Trd, 4319750.493, 95
Trd, 4319750.843, 96
Trd, 4319750.893, 96
Trd, 4319751.393, 97
Trd, 4319752.893, 96
Trd, 4319754.093, 97
Trd, 4319755.243, 97
Trd, 4319758.393, 97
Trd, 4319758.493, 96
Trd, 4319759.693, 95
Trd, 4319762.343, 95
Trd, 4319762.693, 95
Trd, 4319763.293, 95
Trd, 4319764.993, 96
Trd, 4319765.093, 95
Trd, 4319766.743, 94
Trd, 4319768.443, 96
Trd, 4319768.593, 96
Trd, 4319770.143, 95
Trd, 4319771.643, 95
Trd, 4319771.743, 95
Trd, 4319773.443, 95
Trd, 4319774.943, 89
Trd, 4319776.993, 94
Trd, 4319777.843, 95
Trd, 4319778.643, 95
Trd, 4319780.543, 96
Trd, 4319781.293, 95
Trd, 4319781.743, 95
Trd, 4319785.293, 102
Trd, 4319785.793, 102
Trd, 4319786.293, 102
Trd, 4319786.343, 102
Trd, 4319788.893, 96
Trd, 4319789.143, 97
Trd, 4319790.993, 97
Trd, 4319792.843, 96
Trd, 4319794.193, 97
Trd, 4319795.143, 96
Trd, 4319795.993, 95
Trd, 4319797.443, 97
Trd, 4319799.593, 98
Trd, 4319799.893, 93
Trd, 4319801.393, 97
Trd, 4319801.593, 98
Trd, 4319802.593, 97
Trd, 4319804.093, 101
Trd, 4319804.543, 102
Trd, 4319805.843, 99
Trd, 4319807.443, 99
Trd, 4319808.643, 100
Trd, 4319809.693, 99
Trd, 4319810.843, 100
Trd, 4319812.993, 94
Trd, 4319816.693, 97
Trd, 4319817.893, 96
Trd, 4319818.093, 95
Trd, 4319818.443, 96
Trd, 4319819.993, 95
Trd, 4319821.143, 95
Trd, 4319821.643, 96
Trd, 4319823.593, 95
Trd, 4319823.793, 96
Trd, 4319824.343, 96
Trd, 4319827.793, 95
Trd, 4319829.443, 95
Trd, 4319830.143, 96
Trd, 4319831.393, 96
Trd, 4319833.993, 95
Trd, 4319834.693, 95
Trd, 4319836.143, 96
Trd, 4319838.843, 96
Trd, 4319839.843, 95
Trd, 4319841.743, 96
Trd, 4319843.493, 96
Trd, 4319843.643, 95
Trd, 4319845.043, 96
Trd, 4319847.143, 95
Trd, 4319848.993, 95
Trd, 4319849.043, 96
Trd, 4319849.893, 86
Trd, 4319851.543, 92
Trd, 4319851.693, 91
Trd, 4319852.943, 92
Trd, 4319853.043, 95
Trd, 4319854.143, 93
Trd, 4319857.043, 96
Trd, 4319859.393, 101
Trd, 4319859.693, 100
Trd, 4319861.393, 100
Trd, 4319862.693, 99
Trd, 4319864.393, 99
Trd, 4319864.843, 98
Trd, 4319865.993, 94
Trd, 4319868.943, 97
Trd, 4319870.243, 97
Trd, 4319873.143, 96
Trd, 4319873.193, 96
Trd, 4319873.693, 97
Trd, 4319876.293, 97
Trd, 4319878.243, 103
Trd, 4319878.393, 103
Trd, 4319879.293, 105
Trd, 4319879.743, 102
Trd, 4319882.543, 104
Trd, 4319882.893, 103
Trd, 4319883.093, 104
Trd, 4319884.343, 103
Trd, 4319885.543, 102
Trd, 4319886.293, 100
Trd, 4319890.393, 103
Trd, 4319891.843, 102
Trd, 4319893.443, 102
Trd, 4319897.593, 102
Trd, 4319898.993, 100
Trd, 4319900.943, 100
Trd, 4319901.443, 100
Trd, 4319903.043, 100
Trd, 4319904.093, 101
Trd, 4319904.593, 103
Trd, 4319905.693, 101
Trd, 4319907.943, 101
Trd, 4319909.843, 102
Trd, 4319910.093, 102
Trd, 4319910.943, 100
Trd, 4319913.493, 100
Trd, 4319917.493, 99
Trd, 4319917.643, 99
Trd, 4319917.893, 99
Trd, 4319919.943, 99
Trd, 4319921.593, 98
Trd, 4319923.893, 98
Trd, 4319926.093, 96
Trd, 4319926.993, 99
Trd, 4319928.543, 102
Trd, 4319928.743, 102
Trd, 4319930.643, 97
Trd, 4319931.893, 99
Trd, 4319932.793, 99
Trd, 4319934.493, 100
Trd, 4319936.143, 101
Trd, 4319936.843, 100
Trd, 4319937.393, 103
Trd, 4319938.593, 102
Trd, 4319940.043, 101
Trd, 4319941.293, 101
Trd, 4319942.643, 100
Trd, 4319944.943, 101
Trd, 4319946.493, 101
Trd, 4319948.243, 100
Trd, 4319948.493, 100
Trd, 4319949.443, 99
Trd, 4319950.693, 98
Trd, 4319954.593, 100
Trd, 4319954.643, 99
Trd, 4319958.993, 99
Trd, 4319959.543, 100
Trd, 4319959.693, 99
Trd, 4319960.193, 99
Trd, 4319960.793, 98
Trd, 4319962.193, 97
Trd, 4319966.093, 100
Trd, 4319968.793, 99
Trd, 4319969.243, 100
Trd, 4319969.993, 100
Trd, 4319970.293, 99
Trd, 4319973.493, 100
Trd, 4319973.643, 99
Trd, 4319974.593, 100
Trd, 4319974.993, 99
Trd, 4319976.293, 100
Trd, 4319977.993, 101
Trd, 4319979.193, 101
Trd, 4319979.643, 101
Trd, 4319981.043, 95
Trd, 4319983.293, 101
Trd, 4319983.543, 101
Trd, 4319985.093, 99
Trd, 4319986.693, 100
Trd, 4319987.793, 99
Trd, 4319989.093, 97
Trd, 4319990.043, 98
Trd, 4319990.793, 98
Trd, 4319991.593, 95
Trd, 4319993.693, 97
Trd, 4319994.343, 96
Trd, 4319995.543, 97
