Trd, 4317877.943, 113
Trd, 4317879.493, 104
Trd, 4317880.093, 102
Trd, 4317880.143, 100
Trd, 4317881.543, 100
Trd, 4317882.743, 99
Trd, 4317883.693, 99
Trd, 4317884.293, 95
Trd, 4317885.743, 95
Trd, 4317886.243, 97
Trd, 4317887.693, 96
Trd, 4317888.393, 96
Trd, 4317891.843, 95
Trd, 4317893.143, 95
Trd, 4317893.743, 96
Trd, 4317894.143, 95
Trd, 4317894.993, 93
Trd, 4317895.493, 94
Trd, 4317896.293, 95
Trd, 4317899.543, 93
Trd, 4317903.143, 95
Trd, 4317903.643, 95
Trd, 4317905.343, 94
Trd, 4317905.443, 92
Trd, 4317907.293, 95
Trd, 4317909.893, 95
Trd, 4317910.343, 95
Trd, 4317911.243, 95
Trd, 4317913.343, 94
Trd, 4317914.193, 95
Trd, 4317914.593, 95
Trd, 4317915.493, 95
Trd, 4317918.943, 95
Trd, 4317919.493, 95
Trd, 4317919.943, 95
Trd, 4317920.143, 94
Trd, 4317920.693, 93
Trd, 4317922.943, 93
Trd, 4317923.493, 93
Trd, 4317923.643, 92
Trd, 4317926.493, 93
Trd, 4317926.793, 91
Trd, 4317928.543, 92
Trd, 4317929.343, 93
Trd, 4317930.893, 92
Trd, 4317932.043, 92
Trd, 4317933.443, 105
Trd, 4317936.793, 92
Trd, 4317938.293, 93
Trd, 4317938.643, 93
Trd, 4317939.993, 95
Trd, 4317941.393, 113
Trd, 4317942.993, 106
Trd, 4317944.743, 104
Trd, 4317945.743, 104
Trd, 4317947.393, 105
Trd, 4317949.593, 103
Trd, 4317950.943, 105
Trd, 4317951.943, 102
Trd, 4317953.443, 104
Trd, 4317954.893, 103
Trd, 4317955.443, 102
Trd, 4317959.043, 101
Trd, 4317959.543, 103
Trd, 4317960.993, 102
Trd, 4317961.693, 103
Trd, 4317962.993, 102
Trd, 4317963.093, 101
Trd, 4317966.843, 105
Trd, 4317968.093, 101
Trd, 4317970.793, 102
Trd, 4317970.943, 101
Trd, 4317971.843, 103
Trd, 4317974.393, 102
Trd, 4317975.143, 101
Trd, 4317976.243, 100
Trd, 4317976.743, 99
Trd, 4317978.793, 99
Trd, 4317979.293, 96
Trd, 4317980.093, 100
Trd, 4317982.293, 96
Trd, 4317982.493, 98
Trd, 4317984.743, 96
Trd, 4317984.793, 95
Trd, 4317986.643, 97
Trd, 4317988.943, 97
Trd, 4317990.043, 96
Trd, 4317990.793, 97
Trd, 4317990.893, 97
Trd, 4317991.093, 95
Trd, 4317992.293, 105
Trd, 4317992.393, 113
Trd, 4317995.093, 100
Trd, 4317997.493, 100
Trd, 4317999.543, 103
Trd, 4318002.143, 99
Trd, 4318002.943, 100
Trd, 4318003.193, 100
Trd, 4318003.843, 99
Trd, 4318004.643, 99
Trd, 4318005.693, 101
Trd, 4318009.443, 101
Trd, 4318010.843, 99
Trd, 4318011.443, 99
Trd, 4318011.543, 98
Trd, 4318012.093, 98
Trd, 4318015.193, 99
Trd, 4318015.493, 100
Trd, 4318016.943, 99
Trd, 4318017.143, 96
Trd, 4318020.043, 100
Trd, 4318022.643, 97
Trd, 4318024.043, 98
Trd, 4318026.043, 97
Trd, 4318026.743, 98
Trd, 4318027.443, 96
Trd, 4318027.593, 104
Trd, 4318028.093, 95
Trd, 4318031.843, 95
Trd, 4318032.143, 95
Trd, 4318032.243, 95
Trd, 4318033.193, 96
Trd, 4318034.143, 104
Trd, 4318034.543, 103
Trd, 4318034.893, 102
Trd, 4318037.243, 101
Trd, 4318039.393, 103
Trd, 4318041.793, 101
Trd, 4318043.443, 102
Trd, 4318043.893, 103
Trd, 4318046.993, 102
Trd, 4318048.493, 103
Trd, 4318048.643, 102
Trd, 4318049.193, 100
Trd, 4318050.743, 101
Trd, 4318054.393, 100
Trd, 4318057.393, 100
Trd, 4318057.493, 99
Trd, 4318058.243, 101
Trd, 4318059.493, 99
Trd, 4318062.943, 99
Trd, 4318063.143, 100
Trd, 4318063.593, 100
Trd, 4318066.143, 99
Trd, 4318066.893, 99
Trd, 4318069.193, 99
Trd, 4318069.493, 98
Trd, 4318072.993, 99
Trd, 4318073.443, 99
Trd, 4318074.093, 97
Trd, 4318074.693, 99
Trd, 4318076.193, 96
Trd, 4318077.443, 96
Trd, 4318078.493, 89
Trd, 4318079.793, 96
Trd, 4318080.893, 100
Trd, 4318081.343, 96
Trd, 4318084.093, 96
Trd, 4318084.543, 95
Trd, 4318086.343, 95
Trd, 4318086.793, 96
Trd, 4318088.093, 100
Trd, 4318089.643, 99
Trd, 4318089.693, 100
Trd, 4318090.843, 98
Trd, 4318092.043, 99
Trd, 4318092.743, 98
Trd, 4318095.093, 97
Trd, 4318097.093, 98
Trd, 4318097.743, 97
Trd, 4318098.543, 98
Trd, 4318100.093, 98
Trd, 4318101.193, 100
Trd, 4318103.993, 98
Trd, 4318104.043, 97
Trd, 4318105.443, 96
Trd, 4318106.543, 97
Trd, 4318106.793, 96
Trd, 4318109.843, 96
Trd, 4318110.393, 95
Trd, 4318110.843, 97
Trd, 4318113.293, 97
Trd, 4318114.193, 97
Trd, 4318114.943, 97
Trd, 4318115.193, 97
Trd, 4318117.243, 96
Trd, 4318117.543, 97
Trd, 4318119.043, 96
Trd, 4318120.143, 98
Trd, 4318120.493, 109
Trd, 4318120.743, 96
Trd, 4318124.293, 96
Trd, 4318124.443, 95
Trd, 4318125.843, 95
Trd, 4318126.293, 95
Trd, 4318126.743, 96
Trd, 4318129.943, 94
Trd, 4318131.293, 93
Trd, 4318133.993, 94
Trd, 4318134.243, 94
Trd, 4318137.993, 95
Trd, 4318139.893, 96
Trd, 4318139.943, 95
Trd, 4318141.493, 95
Trd, 4318141.543, 94
Trd, 4318143.493, 95
Trd, 4318144.293, 94
Trd, 4318145.193, 96
Trd, 4318145.393, 106
Trd, 4318146.393, 97
Trd, 4318149.293, 102
Trd, 4318153.743, 97
Trd, 4318155.343, 97
Trd, 4318156.293, 97
Trd, 4318158.043, 97
Trd, 4318158.593, 97
Trd, 4318159.743, 95
Trd, 4318160.343, 97
Trd, 4318162.843, 94
Trd, 4318165.243, 96
Trd, 4318166.043, 95
Trd, 4318166.193, 94
Trd, 4318166.993, 112
Trd, 4318167.493, 107
Trd, 4318168.193, 107
Trd, 4318172.143, 106
Trd, 4318172.193, 108
Trd, 4318173.043, 106
Trd, 4318173.993, 105
Trd, 4318174.743, 104
Trd, 4318176.143, 104
Trd, 4318177.643, 104
Trd, 4318178.293, 103
Trd, 4318179.243, 102
Trd, 4318179.743, 112
Trd, 4318180.893, 109
Trd, 4318183.993, 103
Trd, 4318185.043, 104
Trd, 4318186.643, 104
Trd, 4318187.743, 104
Trd, 4318189.343, 105
Trd, 4318193.143, 104
Trd, 4318194.043, 105
Trd, 4318194.343, 103
Trd, 4318197.543, 102
Trd, 4318197.893, 104
Trd, 4318200.493, 102
Trd, 4318201.443, 103
Trd, 4318202.443, 113
Trd, 4318203.943, 106
Trd, 4318204.343, 105
Trd, 4318204.393, 104
Trd, 4318204.893, 104
Trd, 4318207.793, 89
Trd, 4318208.543, 94
Trd, 4318209.943, 96
Trd, 4318210.693, 97
Trd, 4318211.843, 97
Trd, 4318213.243, 98
Trd, 4318213.843, 97
Trd, 4318214.593, 94
Trd, 4318214.693, 98
Trd, 4318216.693, 98
Trd, 4318218.593, 96
Trd, 4318220.793, 98
Trd, 4318221.493, 97
Trd, 4318223.393, 98
Trd, 4318226.093, 96
Trd, 4318227.393, 95
Trd, 4318230.043, 96
Trd, 4318230.543, 95
Trd, 4318233.343, 96
Trd, 4318234.043, 96
Trd, 4318234.443, 95
Trd, 4318236.693, 95
Trd, 4318237.643, 94
Trd, 4318240.293, 96
Trd, 4318241.243, 95
Trd, 4318242.643, 92
Trd, 4318243.143, 95
Trd, 4318243.943, 94
Trd, 4318244.943, 95
Trd, 4318245.093, 94
Trd, 4318248.543, 94
Trd, 4318249.143, 95
Trd, 4318249.743, 95
Trd, 4318251.143, 95
Trd, 4318253.193, 97
Trd, 4318253.693, 96
Trd, 4318256.093, 97
Trd, 4318256.443, 96
Trd, 4318258.943, 96
Trd, 4318259.393, 95
Trd, 4318259.893, 95
Trd, 4318260.743, 87
Trd, 4318261.343, 105
Trd, 4318263.193, 95
Trd, 4318264.543, 102
Trd, 4318266.093, 99
Trd, 4318266.243, 98
Trd, 4318267.043, 97
Trd, 4318269.243, 86
Trd, 4318269.393, 85
Trd, 4318270.243, 95
Trd, 4318271.793, 91
Trd, 4318271.993, 112
Trd, 4318273.493, 89
Trd, 4318276.993, 92
Trd, 4318277.493, 92
Trd, 4318280.043, 92
Trd, 4318281.143, 98
Trd, 4318281.593, 92
Trd, 4318285.843, 94
Trd, 4318286.293, 92
Trd, 4318288.493, 94
Trd, 4318288.593, 92
Trd, 4318290.143, 94
Trd, 4318294.393, 94
Trd, 4318295.293, 94
Trd, 4318295.343, 92
Trd, 4318298.193, 93
Trd, 4318298.443, 92
Trd, 4318298.993, 93
Trd, 4318299.193, 106
Trd, 4318301.943, 92
Trd, 4318305.193, 95
Trd, 4318305.493, 96
Trd, 4318305.643, 94
Trd, 4318307.743, 97
Trd, 4318309.093, 102
Trd, 4318310.543, 99
Trd, 4318311.143, 100
Trd, 4318311.943, 105
Trd, 4318314.393, 104
Trd, 4318315.993, 101
Trd, 4318316.693, 101
Trd, 4318316.843, 99
Trd, 4318317.943, 99
Trd, 4318319.793, 97
Trd, 4318320.993, 92
Trd, 4318322.443, 95
Trd, 4318323.343, 95
Trd, 4318323.693, 106
Trd, 4318324.193, 94
Trd, 4318327.293, 97
Trd, 4318327.693, 98
Trd, 4318329.093, 98
Trd, 4318329.943, 97
Trd, 4318332.443, 97
Trd, 4318333.293, 97
Trd, 4318333.593, 98
Trd, 4318334.993, 96
Trd, 4318336.493, 97
Trd, 4318339.243, 95
Trd, 4318339.593, 95
Trd, 4318340.043, 95
Trd, 4318342.043, 94
Trd, 4318342.943, 93
Trd, 4318342.993, 95
Trd, 4318344.343, 87
Trd, 4318346.093, 91
Trd, 4318347.443, 90
Trd, 4318348.093, 90
Trd, 4318348.393, 95
Trd, 4318351.043, 100
Trd, 4318352.493, 113
Trd, 4318352.743, 104
Trd, 4318355.043, 103
Trd, 4318356.143, 103
Trd, 4318357.243, 101
Trd, 4318358.593, 99
Trd, 4318358.743, 100
Trd, 4318360.693, 100
Trd, 4318362.093, 101
Trd, 4318364.193, 98
Trd, 4318366.043, 101
Trd, 4318367.193, 100
Trd, 4318368.393, 99
Trd, 4318370.943, 101
Trd, 4318372.293, 99
Trd, 4318373.893, 98
Trd, 4318377.893, 98
Trd, 4318377.943, 97
Trd, 4318378.643, 95
Trd, 4318380.493, 93
Trd, 4318381.043, 95
Trd, 4318382.793, 94
Trd, 4318383.243, 94
Trd, 4318383.343, 93
Trd, 4318383.943, 106
Trd, 4318385.993, 98
Trd, 4318388.093, 95
Trd, 4318388.493, 96
Trd, 4318391.643, 96
Trd, 4318391.743, 95
Trd, 4318391.943, 95
Trd, 4318392.043, 93
Trd, 4318392.093, 110
Trd, 4318394.893, 100
Trd, 4318395.593, 100
Trd, 4318397.193, 99
Trd, 4318397.543, 99
Trd, 4318399.893, 99
Trd, 4318400.843, 98
Trd, 4318402.093, 99
Trd, 4318402.243, 99
Trd, 4318402.743, 98
Trd, 4318404.093, 97
Trd, 4318406.593, 109
Trd, 4318407.093, 102
Trd, 4318407.443, 103
Trd, 4318411.293, 101
Trd, 4318411.943, 99
Trd, 4318412.243, 95
Trd, 4318413.093, 96
Trd, 4318414.343, 97
Trd, 4318414.593, 95
Trd, 4318416.443, 95
Trd, 4318416.793, 95
Trd, 4318418.093, 94
Trd, 4318419.043, 108
Trd, 4318421.293, 104
Trd, 4318422.143, 104
Trd, 4318423.593, 99
Trd, 4318425.693, 101
Trd, 4318427.293, 100
Trd, 4318428.493, 100
Trd, 4318429.343, 97
Trd, 4318429.993, 96
Trd, 4318430.843, 98
Trd, 4318432.693, 98
Trd, 4318433.343, 97
Trd, 4318435.243, 98
Trd, 4318435.943, 96
Trd, 4318438.193, 97
Trd, 4318438.943, 96
Trd, 4318440.493, 96
Trd, 4318440.543, 95
Trd, 4318440.943, 96
Trd, 4318442.993, 95
Trd, 4318446.193, 95
Trd, 4318446.343, 96
Trd, 4318450.393, 94
Trd, 4318450.593, 95
Trd, 4318450.993, 95
Trd, 4318451.993, 94
Trd, 4318454.693, 95
Trd, 4318455.293, 95
Trd, 4318455.643, 96
Trd, 4318457.093, 98
Trd, 4318459.043, 95
Trd, 4318460.893, 96
Trd, 4318461.793, 96
Trd, 4318462.193, 96
Trd, 4318464.093, 96
Trd, 4318464.343, 97
Trd, 4318466.193, 95
Trd, 4318466.643, 94
Trd, 4318466.843, 97
Trd, 4318469.043, 96
Trd, 4318469.743, 97
Trd, 4318472.243, 104
Trd, 4318473.393, 112
Trd, 4318473.593, 105
Trd, 4318475.093, 104
Trd, 4318478.043, 106
Trd, 4318479.793, 104
Trd, 4318481.843, 104
Trd, 4318483.493, 103
Trd, 4318483.693, 102
Trd, 4318484.993, 103
Trd, 4318486.793, 101
Trd, 4318488.193, 102
Trd, 4318490.443, 102
Trd, 4318490.493, 101
Trd, 4318491.493, 102
Trd, 4318494.943, 100
Trd, 4318495.343, 102
Trd, 4318498.043, 101
Trd, 4318498.843, 100
Trd, 4318499.893, 104
Trd, 4318500.293, 99
Trd, 4318502.843, 97
Trd, 4318503.393, 96
Trd, 4318503.693, 97
Trd, 4318503.793, 87
Trd, 4318507.343, 92
Trd, 4318508.493, 92
Trd, 4318508.643, 93
Trd, 4318510.093, 95
Trd, 4318513.393, 99
Trd, 4318513.543, 95
Trd, 4318514.793, 96
Trd, 4318515.893, 96
Trd, 4318517.993, 97
Trd, 4318518.693, 95
Trd, 4318519.393, 94
Trd, 4318520.743, 95
Trd, 4318521.643, 95
Trd, 4318522.493, 94
Trd, 4318524.093, 105
Trd, 4318524.593, 101
Trd, 4318526.143, 110
Trd, 4318526.593, 107
Trd, 4318529.343, 107
Trd, 4318529.993, 107
Trd, 4318531.193, 105
Trd, 4318531.943, 105
Trd, 4318532.193, 104
Trd, 4318534.793, 113
Trd, 4318535.493, 113
Trd, 4318536.143, 111
Trd, 4318536.893, 111
Trd, 4318537.143, 111
Trd, 4318537.643, 110
Trd, 4318540.593, 108
Trd, 4318541.393, 104
Trd, 4318542.743, 108
Trd, 4318543.843, 104
Trd, 4318544.893, 107
Trd, 4318545.393, 107
Trd, 4318546.743, 112
Trd, 4318547.343, 106
Trd, 4318550.943, 107
Trd, 4318551.393, 105
Trd, 4318551.643, 106
Trd, 4318551.693, 104
Trd, 4318553.543, 104
Trd, 4318554.893, 101
Trd, 4318555.393, 100
Trd, 4318557.643, 86
Trd, 4318558.443, 94
Trd, 4318558.593, 95
Trd, 4318558.843, 92
Trd, 4318560.793, 96
Trd, 4318561.643, 96
Trd, 4318563.593, 95
Trd, 4318564.293, 96
Trd, 4318564.393, 97
Trd, 4318566.543, 95
Trd, 4318568.443, 95
Trd, 4318570.193, 94
Trd, 4318570.643, 95
Trd, 4318572.693, 95
Trd, 4318575.343, 95
Trd, 4318576.143, 94
Trd, 4318578.093, 105
Trd, 4318578.643, 103
Trd, 4318578.893, 101
Trd, 4318580.593, 112
Trd, 4318581.143, 101
Trd, 4318582.743, 102
Trd, 4318583.793, 102
Trd, 4318585.243, 102
Trd, 4318587.943, 103
Trd, 4318587.993, 102
Trd, 4318589.193, 112
Trd, 4318592.043, 104
Trd, 4318592.443, 104
Trd, 4318594.343, 104
Trd, 4318594.793, 102
Trd, 4318597.243, 104
Trd, 4318599.793, 102
Trd, 4318601.243, 102
Trd, 4318601.343, 101
Trd, 4318602.743, 101
Trd, 4318604.443, 101
Trd, 4318606.293, 102
Trd, 4318608.143, 100
Trd, 4318608.943, 102
Trd, 4318612.793, 101
Trd, 4318613.593, 100
Trd, 4318614.743, 101
Trd, 4318616.093, 98
Trd, 4318617.693, 97
Trd, 4318618.693, 97
Trd, 4318618.843, 96
Trd, 4318620.593, 95
Trd, 4318622.393, 95
Trd, 4318623.193, 95
Trd, 4318626.093, 95
Trd, 4318626.843, 104
Trd, 4318628.193, 94
Trd, 4318631.143, 100
Trd, 4318632.093, 99
Trd, 4318632.243, 98
Trd, 4318632.643, 96
Trd, 4318633.093, 97
Trd, 4318634.843, 96
Trd, 4318635.193, 95
Trd, 4318639.643, 98
Trd, 4318640.093, 98
Trd, 4318640.443, 105
Trd, 4318642.743, 97
Trd, 4318644.693, 97
Trd, 4318645.643, 97
Trd, 4318646.293, 95
Trd, 4318650.993, 95
Trd, 4318653.493, 96
Trd, 4318654.293, 95
Trd, 4318654.343, 95
Trd, 4318654.743, 97
Trd, 4318655.693, 106
Trd, 4318657.843, 95
Trd, 4318661.343, 96
Trd, 4318664.893, 95
Trd, 4318664.943, 96
Trd, 4318667.243, 94
Trd, 4318667.743, 96
Trd, 4318671.543, 96
Trd, 4318672.693, 95
Trd, 4318672.943, 94
Trd, 4318675.743, 95
Trd, 4318675.893, 95
Trd, 4318676.943, 94
Trd, 4318677.393, 95
Trd, 4318682.743, 95
Trd, 4318683.743, 95
Trd, 4318683.993, 94
Trd, 4318685.093, 93
Trd, 4318685.493, 92
Trd, 4318686.093, 92
Trd, 4318688.593, 113
Trd, 4318688.693, 101
Trd, 4318689.393, 93
Trd, 4318690.743, 93
Trd, 4318692.393, 96
Trd, 4318692.943, 96
Trd, 4318693.193, 95
Trd, 4318695.143, 95
Trd, 4318696.993, 113
Trd, 4318698.693, 109
Trd, 4318699.443, 112
Trd, 4318699.793, 106
Trd, 4318700.893, 102
Trd, 4318701.093, 88
Trd, 4318702.893, 99
Trd, 4318704.893, 97
Trd, 4318706.843, 111
Trd, 4318708.093, 103
Trd, 4318709.643, 104
Trd, 4318709.893, 102
Trd, 4318713.393, 104
Trd, 4318713.743, 104
Trd, 4318713.843, 113
Trd, 4318714.293, 101
Trd, 4318717.943, 102
Trd, 4318719.743, 103
Trd, 4318720.943, 100
Trd, 4318721.193, 100
Trd, 4318723.443, 99
Trd, 4318723.893, 98
Trd, 4318725.093, 98
Trd, 4318725.643, 97
Trd, 4318726.543, 97
Trd, 4318727.843, 98
Trd, 4318728.093, 98
Trd, 4318728.943, 97
Trd, 4318732.593, 96
Trd, 4318732.643, 95
Trd, 4318733.043, 94
Trd, 4318734.943, 91
Trd, 4318735.393, 93
Trd, 4318738.743, 97
Trd, 4318739.543, 96
Trd, 4318739.643, 96
Trd, 4318740.043, 96
Trd, 4318741.293, 102
Trd, 4318742.743, 96
Trd, 4318744.493, 96
Trd, 4318744.843, 95
Trd, 4318745.993, 97
Trd, 4318747.943, 95
Trd, 4318748.643, 97
Trd, 4318750.293, 95
Trd, 4318750.643, 94
Trd, 4318752.343, 95
Trd, 4318753.093, 94
Trd, 4318753.943, 95
Trd, 4318755.243, 94
Trd, 4318755.343, 93
Trd, 4318756.743, 92
Trd, 4318758.643, 95
Trd, 4318759.593, 94
Trd, 4318760.043, 96
Trd, 4318761.193, 96
Trd, 4318761.643, 95
Trd, 4318762.993, 97
Trd, 4318764.893, 97
Trd, 4318767.943, 98
Trd, 4318769.143, 100
Trd, 4318770.293, 103
Trd, 4318772.243, 105
Trd, 4318772.893, 103
Trd, 4318774.293, 104
Trd, 4318774.693, 103
Trd, 4318777.343, 102
Trd, 4318777.743, 102
Trd, 4318779.043, 112
Trd, 4318781.743, 104
Trd, 4318784.343, 104
Trd, 4318784.493, 105
Trd, 4318784.943, 102
Trd, 4318785.793, 106
Trd, 4318787.893, 99
Trd, 4318788.593, 87
Trd, 4318790.943, 95
Trd, 4318791.343, 98
Trd, 4318794.543, 105
Trd, 4318795.393, 104
Trd, 4318796.943, 106
Trd, 4318797.193, 104
Trd, 4318797.793, 106
Trd, 4318798.043, 105
Trd, 4318800.193, 104
Trd, 4318801.693, 103
Trd, 4318802.643, 104
Trd, 4318803.843, 103
Trd, 4318804.893, 100
Trd, 4318807.893, 98
Trd, 4318809.093, 98
Trd, 4318809.593, 98
Trd, 4318810.443, 97
Trd, 4318811.643, 95
Trd, 4318814.593, 98
Trd, 4318817.243, 97
Trd, 4318818.443, 96
Trd, 4318820.293, 98
Trd, 4318822.493, 98
Trd, 4318822.693, 97
Trd, 4318825.243, 96
Trd, 4318825.743, 95
Trd, 4318826.393, 96
Trd, 4318826.743, 113
Trd, 4318828.843, 95
Trd, 4318829.893, 102
Trd, 4318834.393, 99
Trd, 4318834.593, 99
Trd, 4318835.593, 97
Trd, 4318837.993, 98
Trd, 4318838.493, 96
Trd, 4318838.693, 97
Trd, 4318838.843, 95
Trd, 4318840.043, 99
Trd, 4318841.043, 99
Trd, 4318841.843, 105
Trd, 4318845.493, 99
Trd, 4318845.793, 98
Trd, 4318845.843, 98
Trd, 4318849.643, 99
Trd, 4318850.593, 99
Trd, 4318852.193, 98
Trd, 4318852.243, 97
Trd, 4318853.843, 97
Trd, 4318855.893, 98
Trd, 4318856.943, 96
Trd, 4318857.943, 97
Trd, 4318858.243, 95
Trd, 4318858.493, 98
Trd, 4318860.693, 96
Trd, 4318862.443, 97
Trd, 4318864.593, 98
Trd, 4318864.743, 98
Trd, 4318865.093, 98
Trd, 4318865.143, 95
Trd, 4318866.743, 98
Trd, 4318867.843, 97
Trd, 4318868.593, 98
Trd, 4318869.943, 97
Trd, 4318870.993, 98
Trd, 4318874.293, 96
Trd, 4318876.393, 96
Trd, 4318876.993, 95
Trd, 4318877.943, 96
Trd, 4318878.343, 96
Trd, 4318879.543, 95
Trd, 4318880.843, 95
Trd, 4318880.893, 96
Trd, 4318884.343, 96
Trd, 4318884.593, 94
Trd, 4318885.643, 99
Trd, 4318886.043, 97
Trd, 4318888.193, 104
Trd, 4318889.293, 100
Trd, 4318889.543, 100
Trd, 4318889.843, 99
Trd, 4318890.993, 98
Trd, 4318891.593, 97
Trd, 4318894.043, 98
Trd, 4318894.593, 97
Trd, 4318896.893, 95
Trd, 4318896.943, 95
Trd, 4318897.443, 93
Trd, 4318897.943, 96
Trd, 4318899.543, 97
Trd, 4318901.693, 95
Trd, 4318902.793, 96
Trd, 4318904.193, 95
Trd, 4318904.243, 95
Trd, 4318905.093, 97
Trd, 4318905.693, 98
Trd, 4318908.243, 97
Trd, 4318908.843, 98
Trd, 4318909.093, 97
Trd, 4318910.143, 98
Trd, 4318912.843, 98
Trd, 4318914.943, 98
Trd, 4318915.543, 98
Trd, 4318918.293, 99
Trd, 4318919.193, 98
Trd, 4318919.693, 98
Trd, 4318920.393, 93
Trd, 4318921.993, 93
Trd, 4318923.543, 92
Trd, 4318923.643, 92
Trd, 4318924.793, 94
Trd, 4318925.993, 104
Trd, 4318926.443, 99
Trd, 4318928.793, 119
Trd, 4318929.043, 117
Trd, 4318930.143, 104
Trd, 4318930.443, 106
Trd, 4318931.043, 107
Trd, 4318932.193, 106
Trd, 4318932.993, 106
Trd, 4318933.943, 102
Trd, 4318936.443, 95
Trd, 4318937.643, 93
Trd, 4318937.843, 93
Trd, 4318938.943, 99
Trd, 4318939.093, 99
Trd, 4318940.593, 113
Trd, 4318942.893, 103
Trd, 4318943.043, 106
Trd, 4318944.193, 88
Trd, 4318945.043, 107
Trd, 4318948.843, 98
Trd, 4318948.993, 105
Trd, 4318952.043, 100
Trd, 4318953.543, 102
Trd, 4318953.993, 103
Trd, 4318955.093, 102
Trd, 4318957.043, 100
Trd, 4318960.193, 101
Trd, 4318960.993, 101
Trd, 4318961.493, 101
Trd, 4318961.993, 100
Trd, 4318962.543, 104
Trd, 4318964.543, 102
Trd, 4318966.493, 102
Trd, 4318969.193, 101
Trd, 4318970.243, 103
Trd, 4318971.843, 101
Trd, 4318974.043, 100
Trd, 4318974.693, 101
Trd, 4318975.543, 99
Trd, 4318976.193, 98
Trd, 4318976.793, 99
Trd, 4318979.493, 103
Trd, 4318979.643, 101
Trd, 4318981.143, 101
Trd, 4318981.843, 113
Trd, 4318982.493, 111
Trd, 4318983.693, 109
Trd, 4318984.843, 110
Trd, 4318987.493, 105
Trd, 4318988.343, 110
Trd, 4318991.393, 106
Trd, 4318991.793, 107
Trd, 4318992.593, 106
Trd, 4318995.593, 105
Trd, 4318996.243, 105
Trd, 4318996.443, 104
Trd, 4318996.543, 105
Trd, 4318997.443, 86
Trd, 4318999.743, 112
Trd, 4319000.393, 112
Trd, 4319000.793, 109
Trd, 4319000.943, 106
Trd, 4319001.793, 104
Trd, 4319004.093, 111
Trd, 4319004.893, 113
Trd, 4319007.093, 113
Trd, 4319007.793, 113
Trd, 4319010.143, 112
Trd, 4319010.393, 112
Trd, 4319011.443, 111
Trd, 4319012.643, 110
Trd, 4319016.143, 109
Trd, 4319016.593, 109
Trd, 4319016.643, 111
Trd, 4319017.193, 111
Trd, 4319018.093, 108
Trd, 4319020.893, 108
Trd, 4319023.443, 108
Trd, 4319025.243, 107
Trd, 4319025.843, 106
Trd, 4319026.043, 107
Trd, 4319026.093, 104
Trd, 4319029.593, 103
Trd, 4319030.443, 102
Trd, 4319031.943, 103
Trd, 4319032.343, 101
Trd, 4319033.193, 102
Trd, 4319034.293, 103
Trd, 4319037.743, 100
Trd, 4319038.693, 103
Trd, 4319038.893, 102
Trd, 4319041.443, 102
Trd, 4319041.643, 102
Trd, 4319042.343, 101
Trd, 4319044.693, 100
Trd, 4319045.093, 101
Trd, 4319046.293, 102
Trd, 4319046.943, 103
Trd, 4319050.043, 102
Trd, 4319050.493, 101
Trd, 4319051.143, 100
Trd, 4319052.593, 95
Trd, 4319054.193, 96
Trd, 4319056.093, 96
Trd, 4319056.193, 95
Trd, 4319057.243, 96
Trd, 4319058.393, 97
Trd, 4319059.843, 95
Trd, 4319061.793, 96
Trd, 4319063.593, 97
Trd, 4319066.143, 95
Trd, 4319067.243, 95
Trd, 4319067.393, 96
Trd, 4319067.443, 94
Trd, 4319070.393, 93
Trd, 4319071.943, 94
Trd, 4319072.293, 93
Trd, 4319072.443, 95
Trd, 4319073.893, 94
Trd, 4319074.343, 94
Trd, 4319075.993, 94
Trd, 4319077.393, 95
Trd, 4319078.043, 95
Trd, 4319078.293, 95
Trd, 4319079.293, 95
Trd, 4319082.293, 95
Trd, 4319082.593, 94
Trd, 4319082.893, 95
Trd, 4319083.993, 104
Trd, 4319084.793, 101
Trd, 4319085.143, 96
Trd, 4319086.243, 100
Trd, 4319087.243, 100
Trd, 4319089.093, 99
Trd, 4319091.793, 99
Trd, 4319092.743, 98
Trd, 4319092.943, 98
Trd, 4319092.993, 99
Trd, 4319093.943, 113
Trd, 4319095.093, 97
Trd, 4319098.793, 102
Trd, 4319100.143, 100
Trd, 4319100.743, 102
Trd, 4319100.943, 99
Trd, 4319102.193, 101
Trd, 4319103.843, 98
Trd, 4319104.193, 101
Trd, 4319107.593, 100
Trd, 4319108.593, 100
Trd, 4319108.743, 101
Trd, 4319110.293, 100
Trd, 4319111.643, 99
Trd, 4319113.843, 101
Trd, 4319114.843, 102
Trd, 4319115.643, 99
Trd, 4319117.643, 101
Trd, 4319121.093, 100
Trd, 4319121.893, 100
Trd, 4319123.193, 99
Trd, 4319124.443, 98
Trd, 4319127.343, 92
Trd, 4319127.393, 94
Trd, 4319128.193, 95
Trd, 4319128.343, 93
Trd, 4319130.793, 94
Trd, 4319130.943, 94
Trd, 4319132.243, 95
Trd, 4319132.493, 94
Trd, 4319134.343, 94
Trd, 4319137.793, 95
Trd, 4319138.493, 95
Trd, 4319138.693, 95
Trd, 4319141.693, 92
Trd, 4319141.993, 92
Trd, 4319143.893, 92
Trd, 4319144.643, 93
Trd, 4319146.893, 102
Trd, 4319147.593, 96
Trd, 4319149.193, 97
Trd, 4319149.793, 97
Trd, 4319152.643, 97
Trd, 4319153.343, 96
Trd, 4319155.143, 96
Trd, 4319155.543, 95
Trd, 4319155.793, 96
Trd, 4319159.143, 95
Trd, 4319159.543, 95
Trd, 4319160.793, 94
Trd, 4319160.943, 95
Trd, 4319163.143, 94
Trd, 4319163.343, 96
Trd, 4319165.593, 112
Trd, 4319165.943, 106
Trd, 4319166.143, 104
Trd, 4319167.093, 103
Trd, 4319167.543, 103
Trd, 4319169.393, 97
Trd, 4319172.193, 100
Trd, 4319172.343, 99
Trd, 4319172.793, 110
Trd, 4319173.943, 101
Trd, 4319175.643, 103
Trd, 4319177.843, 101
Trd, 4319178.693, 100
Trd, 4319180.293, 100
Trd, 4319181.943, 102
Trd, 4319183.193, 101
Trd, 4319186.543, 100
Trd, 4319186.793, 98
Trd, 4319189.293, 101
Trd, 4319190.343, 100
Trd, 4319191.143, 100
Trd, 4319191.643, 102
Trd, 4319191.943, 99
Trd, 4319195.543, 96
Trd, 4319196.793, 98
Trd, 4319198.293, 95
Trd, 4319198.393, 96
Trd, 4319199.343, 95
Trd, 4319202.993, 96
Trd, 4319203.543, 96
Trd, 4319207.643, 95
Trd, 4319209.443, 97
Trd, 4319210.543, 97
Trd, 4319211.743, 96
Trd, 4319212.443, 95
Trd, 4319213.043, 94
Trd, 4319214.193, 86
Trd, 4319214.543, 87
Trd, 4319216.693, 89
Trd, 4319217.543, 95
Trd, 4319219.443, 97
Trd, 4319220.593, 95
Trd, 4319224.293, 95
Trd, 4319224.743, 94
Trd, 4319225.043, 95
Trd, 4319227.243, 96
Trd, 4319228.793, 97
Trd, 4319230.093, 97
Trd, 4319231.043, 96
Trd, 4319231.393, 96
Trd, 4319232.593, 98
Trd, 4319234.793, 97
Trd, 4319235.493, 96
Trd, 4319237.243, 95
Trd, 4319237.593, 93
Trd, 4319240.293, 111
Trd, 4319240.593, 101
Trd, 4319243.593, 101
Trd, 4319243.943, 100
Trd, 4319244.893, 99
Trd, 4319244.943, 100
Trd, 4319248.843, 98
Trd, 4319249.693, 101
Trd, 4319252.093, 100
Trd, 4319252.693, 99
Trd, 4319253.143, 100
Trd, 4319254.493, 99
Trd, 4319255.143, 98
Trd, 4319259.793, 100
Trd, 4319260.943, 98
Trd, 4319262.293, 99
Trd, 4319262.443, 98
Trd, 4319262.743, 98
Trd, 4319263.593, 97
Trd, 4319264.193, 104
Trd, 4319266.093, 100
Trd, 4319267.643, 101
Trd, 4319269.593, 101
Trd, 4319271.443, 104
Trd, 4319272.343, 104
Trd, 4319273.093, 105
Trd, 4319273.143, 95
Trd, 4319275.493, 101
Trd, 4319275.843, 104
Trd, 4319277.943, 92
Trd, 4319278.693, 94
Trd, 4319280.493, 93
Trd, 4319280.843, 94
Trd, 4319282.493, 94
Trd, 4319282.693, 94
Trd, 4319283.593, 86
Trd, 4319285.643, 88
Trd, 4319285.843, 95
Trd, 4319286.193, 91
Trd, 4319288.343, 90
Trd, 4319290.393, 91
Trd, 4319291.243, 92
Trd, 4319292.643, 92
Trd, 4319292.893, 91
Trd, 4319296.543, 92
Trd, 4319296.593, 91
Trd, 4319297.293, 92
Trd, 4319298.893, 92
Trd, 4319299.293, 93
Trd, 4319299.793, 106
Trd, 4319302.193, 94
Trd, 4319304.893, 95
Trd, 4319304.993, 94
Trd, 4319306.693, 93
Trd, 4319307.593, 95
Trd, 4319309.293, 94
Trd, 4319309.943, 95
Trd, 4319312.293, 94
Trd, 4319313.243, 94
Trd, 4319314.543, 94
Trd, 4319314.993, 94
Trd, 4319316.143, 94
Trd, 4319316.343, 93
Trd, 4319318.743, 106
Trd, 4319320.893, 106
Trd, 4319321.393, 104
Trd, 4319321.893, 111
Trd, 4319323.093, 101
Trd, 4319323.793, 100
Trd, 4319324.843, 103
Trd, 4319329.943, 103
Trd, 4319330.543, 102
Trd, 4319330.843, 101
Trd, 4319331.443, 113
Trd, 4319332.243, 105
Trd, 4319332.993, 96
Trd, 4319334.343, 107
Trd, 4319334.393, 101
Trd, 4319337.143, 97
Trd, 4319337.993, 93
Trd, 4319338.593, 95
Trd, 4319338.793, 95
Trd, 4319340.543, 93
Trd, 4319342.093, 95
Trd, 4319343.643, 94
Trd, 4319344.993, 105
Trd, 4319345.093, 96
Trd, 4319348.943, 98
Trd, 4319350.193, 95
Trd, 4319352.843, 96
Trd, 4319352.993, 96
Trd, 4319353.343, 95
Trd, 4319353.493, 94
Trd, 4319356.043, 95
Trd, 4319357.493, 95
Trd, 4319359.543, 95
Trd, 4319360.143, 94
Trd, 4319361.093, 96
Trd, 4319363.243, 93
Trd, 4319364.443, 95
Trd, 4319365.343, 93
Trd, 4319367.193, 94
Trd, 4319368.993, 95
Trd, 4319369.093, 95
Trd, 4319370.793, 107
Trd, 4319371.343, 100
Trd, 4319371.993, 100
Trd, 4319374.093, 99
Trd, 4319374.743, 100
Trd, 4319375.893, 101
Trd, 4319376.793, 99
Trd, 4319377.643, 102
Trd, 4319380.393, 99
Trd, 4319381.643, 98
Trd, 4319382.893, 94
Trd, 4319383.543, 93
Trd, 4319383.593, 95
Trd, 4319386.843, 94
Trd, 4319387.093, 95
Trd, 4319388.543, 94
Trd, 4319390.193, 94
Trd, 4319390.493, 95
Trd, 4319391.793, 94
Trd, 4319392.293, 95
Trd, 4319395.293, 95
Trd, 4319395.443, 95
Trd, 4319395.893, 95
Trd, 4319396.193, 95
Trd, 4319397.193, 94
Trd, 4319403.393, 95
Trd, 4319403.643, 95
Trd, 4319403.843, 95
Trd, 4319404.893, 95
Trd, 4319405.593, 96
Trd, 4319407.493, 95
Trd, 4319407.943, 95
Trd, 4319408.093, 94
Trd, 4319410.643, 94
Trd, 4319411.793, 93
Trd, 4319412.443, 100
Trd, 4319413.643, 94
Trd, 4319414.493, 87
Trd, 4319415.043, 88
Trd, 4319418.143, 89
Trd, 4319420.293, 90
Trd, 4319420.743, 90
Trd, 4319421.843, 90
Trd, 4319423.143, 90
Trd, 4319423.793, 95
Trd, 4319424.393, 92
Trd, 4319425.193, 92
Trd, 4319426.793, 98
Trd, 4319427.493, 95
Trd, 4319427.843, 95
Trd, 4319428.943, 99
Trd, 4319429.393, 106
Trd, 4319433.343, 99
Trd, 4319433.743, 98
Trd, 4319433.793, 98
Trd, 4319433.893, 102
Trd, 4319435.943, 99
Trd, 4319437.543, 97
Trd, 4319439.143, 98
Trd, 4319440.893, 98
Trd, 4319441.793, 97
Trd, 4319444.543, 97
Trd, 4319444.693, 96
Trd, 4319444.843, 97
Trd, 4319445.043, 96
Trd, 4319446.743, 97
Trd, 4319449.443, 110
Trd, 4319451.093, 101
Trd, 4319452.843, 104
Trd, 4319453.193, 104
Trd, 4319454.343, 103
Trd, 4319456.593, 104
Trd, 4319458.743, 104
Trd, 4319459.493, 103
Trd, 4319459.643, 105
Trd, 4319464.743, 103
Trd, 4319464.843, 104
Trd, 4319465.193, 102
Trd, 4319467.143, 103
Trd, 4319468.043, 103
Trd, 4319470.343, 102
Trd, 4319472.393, 99
Trd, 4319474.943, 102
Trd, 4319475.493, 102
Trd, 4319476.043, 102
Trd, 4319478.193, 102
Trd, 4319478.643, 101
Trd, 4319480.293, 101
Trd, 4319481.343, 110
Trd, 4319483.943, 101
Trd, 4319485.093, 101
Trd, 4319486.693, 100
Trd, 4319486.893, 100
Trd, 4319487.543, 100
Trd, 4319489.293, 100
Trd, 4319490.643, 101
Trd, 4319491.643, 99
Trd, 4319491.993, 98
Trd, 4319492.793, 100
Trd, 4319494.193, 99
Trd, 4319495.443, 98
Trd, 4319498.343, 98
Trd, 4319498.443, 97
Trd, 4319500.643, 98
Trd, 4319503.593, 98
Trd, 4319504.893, 97
Trd, 4319505.493, 97
Trd, 4319505.893, 96
Trd, 4319507.193, 97
Trd, 4319508.343, 98
Trd, 4319508.493, 98
Trd, 4319509.093, 96
Trd, 4319511.643, 95
Trd, 4319512.143, 95
Trd, 4319512.893, 95
Trd, 4319513.793, 95
Trd, 4319513.943, 96
Trd, 4319518.443, 96
Trd, 4319519.643, 97
Trd, 4319520.043, 99
Trd, 4319520.543, 100
Trd, 4319521.043, 101
Trd, 4319522.343, 112
Trd, 4319524.943, 103
Trd, 4319526.443, 104
Trd, 4319526.793, 104
Trd, 4319527.193, 103
Trd, 4319528.293, 102
Trd, 4319529.893, 102
Trd, 4319530.843, 101
Trd, 4319532.093, 104
Trd, 4319534.943, 101
Trd, 4319536.543, 104
Trd, 4319537.843, 104
Trd, 4319538.293, 103
Trd, 4319539.093, 106
Trd, 4319539.643, 102
Trd, 4319541.193, 104
Trd, 4319542.843, 103
Trd, 4319543.893, 102
Trd, 4319544.143, 101
Trd, 4319545.693, 98
Trd, 4319547.593, 94
Trd, 4319548.893, 100
Trd, 4319549.043, 99
Trd, 4319549.093, 106
Trd, 4319551.793, 98
Trd, 4319552.093, 97
Trd, 4319555.393, 97
Trd, 4319557.193, 97
Trd, 4319557.643, 96
Trd, 4319557.843, 95
Trd, 4319558.143, 93
Trd, 4319560.493, 95
Trd, 4319560.993, 98
Trd, 4319561.643, 100
Trd, 4319562.543, 101
Trd, 4319563.143, 99
Trd, 4319564.693, 108
Trd, 4319566.293, 104
Trd, 4319566.593, 103
Trd, 4319568.093, 101
Trd, 4319570.193, 95
Trd, 4319570.793, 95
Trd, 4319571.193, 94
Trd, 4319574.993, 94
Trd, 4319575.543, 95
Trd, 4319576.343, 95
Trd, 4319577.193, 106
Trd, 4319577.493, 98
Trd, 4319579.293, 101
Trd, 4319581.193, 104
Trd, 4319581.843, 103
Trd, 4319582.443, 102
Trd, 4319584.793, 103
Trd, 4319585.343, 102
Trd, 4319587.793, 88
Trd, 4319588.343, 96
Trd, 4319590.143, 98
Trd, 4319590.543, 98
Trd, 4319591.443, 103
Trd, 4319591.743, 97
Trd, 4319595.093, 98
Trd, 4319596.293, 98
Trd, 4319597.093, 97
Trd, 4319598.293, 98
Trd, 4319600.843, 98
Trd, 4319601.593, 97
Trd, 4319602.343, 95
Trd, 4319603.043, 98
Trd, 4319604.493, 98
Trd, 4319605.193, 95
Trd, 4319606.893, 95
Trd, 4319607.543, 95
Trd, 4319610.643, 94
Trd, 4319610.893, 96
Trd, 4319611.593, 95
Trd, 4319612.693, 96
Trd, 4319612.893, 96
Trd, 4319614.593, 100
Trd, 4319617.543, 95
Trd, 4319617.743, 95
Trd, 4319617.793, 94
Trd, 4319619.193, 94
Trd, 4319620.543, 93
Trd, 4319620.693, 106
Trd, 4319623.493, 95
Trd, 4319624.393, 96
Trd, 4319626.593, 97
Trd, 4319626.743, 95
Trd, 4319627.343, 94
Trd, 4319629.893, 97
Trd, 4319629.993, 96
Trd, 4319631.243, 96
Trd, 4319633.093, 102
Trd, 4319633.493, 102
Trd, 4319634.643, 104
Trd, 4319634.843, 108
Trd, 4319636.893, 101
Trd, 4319637.993, 102
Trd, 4319639.443, 101
Trd, 4319639.493, 102
Trd, 4319642.293, 102
Trd, 4319642.593, 102
Trd, 4319643.643, 103
Trd, 4319645.543, 104
Trd, 4319645.643, 104
Trd, 4319646.593, 102
Trd, 4319649.093, 101
Trd, 4319650.143, 101
Trd, 4319650.893, 100
Trd, 4319650.993, 100
Trd, 4319651.593, 107
Trd, 4319653.493, 93
Trd, 4319655.993, 90
Trd, 4319656.843, 90
Trd, 4319658.943, 91
Trd, 4319659.193, 90
Trd, 4319661.493, 95
Trd, 4319662.043, 93
Trd, 4319662.143, 94
Trd, 4319663.843, 99
Trd, 4319664.843, 99
Trd, 4319666.293, 112
Trd, 4319667.793, 98
Trd, 4319672.543, 101
Trd, 4319672.743, 102
Trd, 4319673.393, 101
Trd, 4319673.643, 100
Trd, 4319674.743, 100
Trd, 4319678.243, 87
Trd, 4319678.493, 89
Trd, 4319679.293, 92
Trd, 4319680.743, 92
Trd, 4319681.193, 93
Trd, 4319681.643, 94
Trd, 4319682.443, 95
Trd, 4319683.043, 93
Trd, 4319684.593, 95
Trd, 4319689.443, 95
Trd, 4319689.493, 92
Trd, 4319692.043, 95
Trd, 4319692.693, 91
Trd, 4319693.793, 91
Trd, 4319695.243, 92
Trd, 4319698.493, 94
Trd, 4319699.343, 95
Trd, 4319699.393, 95
Trd, 4319701.143, 95
Trd, 4319701.193, 94
Trd, 4319701.593, 95
Trd, 4319703.993, 93
Trd, 4319704.943, 94
Trd, 4319706.343, 94
Trd, 4319708.893, 94
Trd, 4319709.543, 94
Trd, 4319709.793, 93
Trd, 4319710.943, 94
Trd, 4319712.193, 87
Trd, 4319714.243, 89
Trd, 4319715.243, 90
Trd, 4319715.643, 90
Trd, 4319715.693, 90
Trd, 4319719.443, 91
Trd, 4319719.793, 95
Trd, 4319720.343, 90
Trd, 4319722.693, 93
Trd, 4319723.393, 93
Trd, 4319724.093, 92
Trd, 4319726.193, 94
Trd, 4319727.943, 95
Trd, 4319731.393, 101
Trd, 4319731.643, 99
Trd, 4319732.043, 104
Trd, 4319735.543, 99
Trd, 4319736.193, 98
Trd, 4319737.593, 100
Trd, 4319739.543, 99
Trd, 4319741.493, 98
Trd, 4319742.443, 97
Trd, 4319743.243, 96
Trd, 4319743.543, 104
Trd, 4319745.493, 96
Trd, 4319746.043, 96
Trd, 4319746.543, 95
Trd, 4319748.593, 95
Trd, 4319749.443, 95
Trd, 4319749.743, 95
Trd, 4319752.243, 96
Trd, 4319754.043, 95
Trd, 4319754.993, 95
Trd, 4319756.093, 96
Trd, 4319757.893, 95
Trd, 4319757.943, 95
Trd, 4319759.093, 97
Trd, 4319760.043, 97
Trd, 4319761.793, 100
Trd, 4319762.443, 99
Trd, 4319763.443, 97
Trd, 4319766.793, 99
Trd, 4319766.893, 112
Trd, 4319769.343, 104
Trd, 4319770.693, 101
Trd, 4319773.793, 100
Trd, 4319773.893, 101
Trd, 4319775.993, 100
Trd, 4319776.893, 101
Trd, 4319777.343, 99
Trd, 4319779.693, 100
Trd, 4319781.193, 99
Trd, 4319781.543, 99
Trd, 4319781.643, 98
Trd, 4319782.743, 97
Trd, 4319783.993, 97
Trd, 4319784.193, 97
Trd, 4319786.243, 97
Trd, 4319788.843, 97
Trd, 4319789.393, 86
Trd, 4319790.143, 90
Trd, 4319790.293, 90
Trd, 4319791.293, 105
Trd, 4319793.293, 94
Trd, 4319793.893, 98
Trd, 4319796.493, 94
Trd, 4319797.093, 94
Trd, 4319799.643, 94
Trd, 4319800.143, 99
Trd, 4319800.593, 96
Trd, 4319800.943, 95
Trd, 4319803.043, 99
Trd, 4319804.143, 103
Trd, 4319805.443, 98
Trd, 4319807.443, 97
Trd, 4319807.793, 97
Trd, 4319809.493, 98
Trd, 4319810.343, 97
Trd, 4319811.443, 98
Trd, 4319811.943, 113
Trd, 4319817.043, 98
Trd, 4319818.193, 98
Trd, 4319818.493, 99
Trd, 4319820.693, 99
Trd, 4319821.193, 113
Trd, 4319823.543, 104
Trd, 4319823.843, 99
Trd, 4319828.243, 100
Trd, 4319830.743, 99
Trd, 4319831.343, 98
Trd, 4319831.793, 97
Trd, 4319832.243, 96
Trd, 4319833.443, 94
Trd, 4319835.343, 93
Trd, 4319835.743, 95
Trd, 4319837.193, 95
Trd, 4319837.643, 95
Trd, 4319838.493, 94
Trd, 4319840.093, 107
Trd, 4319842.443, 104
Trd, 4319842.493, 104
Trd, 4319844.743, 103
Trd, 4319845.493, 102
Trd, 4319845.793, 113
Trd, 4319847.693, 109
Trd, 4319848.343, 110
Trd, 4319848.693, 106
Trd, 4319849.393, 95
Trd, 4319854.393, 104
Trd, 4319854.693, 104
Trd, 4319856.893, 103
Trd, 4319857.143, 104
Trd, 4319857.743, 104
Trd, 4319857.843, 103
Trd, 4319858.143, 103
Trd, 4319860.693, 101
Trd, 4319862.143, 96
Trd, 4319862.693, 89
Trd, 4319863.143, 96
Trd, 4319863.593, 98
Trd, 4319866.043, 97
Trd, 4319866.243, 97
Trd, 4319868.043, 96
Trd, 4319868.543, 97
Trd, 4319868.993, 101
Trd, 4319871.843, 100
Trd, 4319873.193, 99
Trd, 4319875.343, 100
Trd, 4319877.293, 98
Trd, 4319877.993, 98
Trd, 4319879.843, 98
Trd, 4319879.893, 97
Trd, 4319880.493, 99
Trd, 4319884.993, 99
Trd, 4319886.743, 97
Trd, 4319887.293, 97
Trd, 4319890.393, 97
Trd, 4319890.543, 96
Trd, 4319892.693, 97
Trd, 4319895.093, 97
Trd, 4319896.543, 96
Trd, 4319898.093, 95
Trd, 4319898.443, 96
Trd, 4319899.443, 96
Trd, 4319901.243, 97
Trd, 4319901.293, 96
Trd, 4319902.093, 96
Trd, 4319903.543, 103
Trd, 4319904.443, 102
Trd, 4319906.043, 105
Trd, 4319906.993, 101
Trd, 4319908.143, 98
Trd, 4319910.343, 101
Trd, 4319911.243, 102
Trd, 4319913.343, 100
Trd, 4319916.893, 99
Trd, 4319918.743, 100
Trd, 4319919.043, 101
Trd, 4319920.393, 101
Trd, 4319923.543, 100
Trd, 4319923.593, 101
Trd, 4319923.943, 100
Trd, 4319926.143, 98
Trd, 4319927.793, 100
Trd, 4319929.043, 99
Trd, 4319930.693, 98
Trd, 4319931.793, 99
Trd, 4319933.193, 100
Trd, 4319934.443, 100
Trd, 4319936.043, 100
Trd, 4319938.693, 100
Trd, 4319939.093, 100
Trd, 4319939.943, 98
Trd, 4319941.543, 89
Trd, 4319941.793, 89
Trd, 4319943.643, 88
Trd, 4319944.093, 105
Trd, 4319944.443, 93
Trd, 4319946.343, 97
Trd, 4319949.493, 98
Trd, 4319949.693, 97
Trd, 4319950.343, 105
Trd, 4319952.743, 96
Trd, 4319953.143, 97
Trd, 4319953.243, 95
Trd, 4319955.193, 98
Trd, 4319956.093, 99
Trd, 4319956.993, 99
Trd, 4319958.543, 88
Trd, 4319960.093, 94
Trd, 4319960.593, 91
Trd, 4319961.993, 92
Trd, 4319963.293, 95
Trd, 4319964.593, 96
Trd, 4319966.443, 95
Trd, 4319966.743, 94
Trd, 4319968.443, 95
Trd, 4319968.493, 95
Trd, 4319971.043, 95
Trd, 4319971.243, 96
Trd, 4319972.343, 94
Trd, 4319974.343, 95
Trd, 4319976.593, 95
Trd, 4319977.793, 94
Trd, 4319978.343, 94
Trd, 4319979.993, 93
Trd, 4319980.743, 95
Trd, 4319981.843, 101
Trd, 4319982.143, 113
Trd, 4319985.143, 105
Trd, 4319986.693, 103
Trd, 4319987.643, 88
Trd, 4319989.593, 90
Trd, 4319990.093, 89
Trd, 4319990.243, 95
Trd, 4319991.993, 91
Trd, 4319993.043, 91
Trd, 4319994.093, 91
Trd, 4319994.143, 91
Trd, 4319995.493, 91
Trd, 4319996.893, 91
Trd, 4319997.343, 90
