Trd, 4317859.543, 96
Trd, 4317860.493, 96
Trd, 4317862.743, 96
Trd, 4317865.093, 96
Trd, 4317866.143, 96
Trd, 4317866.293, 97
Trd, 4317866.793, 98
Trd, 4317868.843, 96
Trd, 4317870.043, 85
Trd, 4317871.643, 95
Trd, 4317871.693, 96
Trd, 4317874.593, 114
Trd, 4317875.293, 100
Trd, 4317877.193, 100
Trd, 4317877.593, 101
Trd, 4317878.893, 97
Trd, 4317879.243, 101
Trd, 4317880.993, 101
Trd, 4317881.293, 103
Trd, 4317882.593, 98
Trd, 4317885.443, 110
Trd, 4317886.043, 108
Trd, 4317886.543, 106
Trd, 4317887.643, 104
Trd, 4317887.993, 112
Trd, 4317888.493, 84
Trd, 4317889.343, 103
Trd, 4317891.043, 101
Trd, 4317892.643, 113
Trd, 4317895.743, 103
Trd, 4317897.143, 103
Trd, 4317899.593, 103
Trd, 4317900.543, 103
Trd, 4317902.343, 103
Trd, 4317904.743, 103
Trd, 4317904.843, 103
Trd, 4317905.093, 102
Trd, 4317908.043, 103
Trd, 4317909.243, 104
Trd, 4317909.493, 103
Trd, 4317911.243, 107
Trd, 4317912.543, 98
Trd, 4317913.343, 95
Trd, 4317914.193, 99
Trd, 4317915.593, 104
Trd, 4317918.493, 105
Trd, 4317918.593, 103
Trd, 4317919.093, 109
Trd, 4317919.793, 101
Trd, 4317920.343, 103
Trd, 4317922.343, 103
Trd, 4317922.643, 103
Trd, 4317924.493, 92
Trd, 4317925.943, 99
Trd, 4317927.793, 98
Trd, 4317929.893, 100
Trd, 4317930.043, 96
Trd, 4317930.143, 114
Trd, 4317933.393, 104
Trd, 4317935.343, 104
Trd, 4317935.993, 104
Trd, 4317939.393, 102
Trd, 4317940.043, 103
Trd, 4317941.293, 103
Trd, 4317942.993, 104
Trd, 4317944.043, 109
Trd, 4317947.593, 105
Trd, 4317950.743, 104
Trd, 4317951.493, 105
Trd, 4317951.593, 104
Trd, 4317955.793, 104
Trd, 4317956.543, 103
Trd, 4317962.293, 105
Trd, 4317964.143, 103
Trd, 4317965.193, 104
Trd, 4317965.543, 104
Trd, 4317966.393, 104
Trd, 4317966.493, 103
Trd, 4317967.993, 103
Trd, 4317970.543, 103
Trd, 4317971.893, 102
Trd, 4317972.893, 101
Trd, 4317973.693, 99
Trd, 4317974.843, 102
Trd, 4317975.793, 100
Trd, 4317976.493, 103
Trd, 4317978.843, 99
Trd, 4317979.343, 98
Trd, 4317980.093, 98
Trd, 4317982.593, 98
Trd, 4317982.743, 97
Trd, 4317986.393, 97
Trd, 4317987.843, 97
Trd, 4317988.643, 96
Trd, 4317988.993, 96
Trd, 4317990.093, 94
Trd, 4317993.343, 96
Trd, 4317995.493, 104
Trd, 4317995.793, 115
Trd, 4317996.693, 104
Trd, 4317997.293, 103
Trd, 4318001.993, 103
Trd, 4318003.643, 103
Trd, 4318004.443, 103
Trd, 4318007.893, 103
Trd, 4318010.843, 101
Trd, 4318012.793, 103
Trd, 4318013.443, 99
Trd, 4318015.993, 103
Trd, 4318016.993, 98
Trd, 4318018.743, 102
Trd, 4318021.143, 102
Trd, 4318022.243, 102
Trd, 4318022.943, 102
Trd, 4318023.093, 101
Trd, 4318027.043, 104
Trd, 4318027.393, 109
Trd, 4318028.193, 109
Trd, 4318029.093, 107
Trd, 4318029.543, 106
Trd, 4318031.793, 104
Trd, 4318032.143, 96
Trd, 4318033.243, 100
Trd, 4318033.993, 103
Trd, 4318036.293, 98
Trd, 4318037.593, 101
Trd, 4318039.043, 102
Trd, 4318040.693, 102
Trd, 4318042.443, 101
Trd, 4318043.543, 102
Trd, 4318043.593, 103
Trd, 4318044.543, 104
Trd, 4318044.643, 100
Trd, 4318045.293, 100
Trd, 4318048.093, 104
Trd, 4318048.993, 95
Trd, 4318049.493, 105
Trd, 4318051.043, 106
Trd, 4318052.593, 105
Trd, 4318056.343, 105
Trd, 4318058.193, 105
Trd, 4318058.643, 103
Trd, 4318058.743, 103
Trd, 4318061.143, 105
Trd, 4318064.493, 104
Trd, 4318064.743, 105
Trd, 4318065.243, 102
Trd, 4318068.043, 101
Trd, 4318068.793, 101
Trd, 4318071.993, 105
Trd, 4318074.193, 105
Trd, 4318080.943, 105
Trd, 4318082.243, 103
Trd, 4318086.543, 105
Trd, 4318086.893, 104
Trd, 4318088.043, 105
Trd, 4318089.543, 104
Trd, 4318089.743, 104
Trd, 4318090.443, 103
Trd, 4318090.993, 95
Trd, 4318091.393, 101
Trd, 4318093.493, 97
Trd, 4318093.693, 99
Trd, 4318094.193, 98
Trd, 4318096.043, 97
Trd, 4318096.793, 115
Trd, 4318102.293, 101
Trd, 4318102.843, 101
Trd, 4318103.743, 101
Trd, 4318103.843, 96
Trd, 4318106.393, 99
Trd, 4318106.593, 100
Trd, 4318108.593, 100
Trd, 4318109.693, 105
Trd, 4318111.343, 104
Trd, 4318111.893, 115
Trd, 4318114.943, 98
Trd, 4318114.993, 101
Trd, 4318116.293, 100
Trd, 4318118.493, 99
Trd, 4318120.143, 94
Trd, 4318120.943, 95
Trd, 4318122.343, 95
Trd, 4318123.543, 95
Trd, 4318127.043, 95
Trd, 4318127.693, 96
Trd, 4318127.893, 96
Trd, 4318129.293, 94
Trd, 4318130.743, 95
Trd, 4318135.043, 95
Trd, 4318135.843, 95
Trd, 4318137.143, 99
Trd, 4318139.643, 98
Trd, 4318140.143, 105
Trd, 4318141.143, 102
Trd, 4318141.443, 104
Trd, 4318142.043, 101
Trd, 4318146.943, 101
Trd, 4318147.393, 103
Trd, 4318148.143, 102
Trd, 4318152.443, 102
Trd, 4318153.043, 99
Trd, 4318154.343, 102
Trd, 4318156.593, 102
Trd, 4318156.993, 103
Trd, 4318159.543, 98
Trd, 4318160.293, 96
Trd, 4318160.893, 95
Trd, 4318163.093, 94
Trd, 4318165.243, 93
Trd, 4318165.443, 103
Trd, 4318165.693, 101
Trd, 4318168.643, 91
Trd, 4318169.493, 101
Trd, 4318169.593, 101
Trd, 4318172.093, 101
Trd, 4318172.243, 100
Trd, 4318172.793, 114
Trd, 4318174.393, 104
Trd, 4318176.943, 103
Trd, 4318181.293, 104
Trd, 4318181.343, 103
Trd, 4318183.293, 104
Trd, 4318183.943, 109
Trd, 4318187.093, 105
Trd, 4318187.793, 101
Trd, 4318188.193, 109
Trd, 4318190.393, 101
Trd, 4318190.743, 103
Trd, 4318191.093, 103
Trd, 4318193.893, 99
Trd, 4318195.293, 97
Trd, 4318195.693, 99
Trd, 4318196.293, 114
Trd, 4318196.543, 85
Trd, 4318198.693, 102
Trd, 4318198.993, 107
Trd, 4318200.043, 104
Trd, 4318200.793, 96
Trd, 4318201.343, 98
Trd, 4318202.193, 97
Trd, 4318203.993, 85
Trd, 4318204.193, 85
Trd, 4318205.443, 86
Trd, 4318207.793, 94
Trd, 4318208.843, 88
Trd, 4318209.143, 89
Trd, 4318209.543, 107
Trd, 4318209.843, 101
Trd, 4318213.143, 99
Trd, 4318213.943, 104
Trd, 4318214.343, 105
Trd, 4318216.193, 114
Trd, 4318217.643, 104
Trd, 4318219.093, 95
Trd, 4318220.293, 99
Trd, 4318221.843, 97
Trd, 4318225.193, 104
Trd, 4318225.793, 104
Trd, 4318225.843, 103
Trd, 4318226.493, 101
Trd, 4318227.593, 101
Trd, 4318229.893, 101
Trd, 4318230.193, 102
Trd, 4318232.793, 96
Trd, 4318233.543, 102
Trd, 4318235.393, 96
Trd, 4318236.893, 98
Trd, 4318239.043, 97
Trd, 4318241.543, 96
Trd, 4318243.143, 97
Trd, 4318243.893, 95
Trd, 4318243.943, 97
Trd, 4318244.243, 97
Trd, 4318245.443, 104
Trd, 4318248.793, 104
Trd, 4318249.293, 104
Trd, 4318249.493, 113
Trd, 4318250.443, 118
Trd, 4318251.293, 118
Trd, 4318251.693, 112
Trd, 4318252.043, 114
Trd, 4318254.043, 102
Trd, 4318254.143, 107
Trd, 4318257.243, 106
Trd, 4318257.793, 106
Trd, 4318257.943, 104
Trd, 4318259.593, 104
Trd, 4318260.993, 102
Trd, 4318261.943, 102
Trd, 4318262.643, 102
Trd, 4318265.493, 104
Trd, 4318265.793, 94
Trd, 4318266.193, 104
Trd, 4318267.493, 98
Trd, 4318268.843, 97
Trd, 4318268.893, 107
Trd, 4318269.743, 94
Trd, 4318271.143, 95
Trd, 4318271.393, 100
Trd, 4318271.693, 103
Trd, 4318275.043, 92
Trd, 4318276.343, 84
Trd, 4318277.093, 94
Trd, 4318277.443, 92
Trd, 4318280.143, 93
Trd, 4318280.843, 104
Trd, 4318281.043, 100
Trd, 4318281.493, 99
Trd, 4318283.843, 99
Trd, 4318285.443, 104
Trd, 4318285.593, 122
Trd, 4318286.893, 106
Trd, 4318287.743, 106
Trd, 4318288.443, 104
Trd, 4318288.993, 106
Trd, 4318290.593, 104
Trd, 4318292.193, 102
Trd, 4318294.293, 101
Trd, 4318296.193, 113
Trd, 4318296.993, 111
Trd, 4318297.443, 106
Trd, 4318299.343, 106
Trd, 4318299.993, 105
Trd, 4318300.993, 103
Trd, 4318303.393, 103
Trd, 4318305.043, 105
Trd, 4318305.343, 102
Trd, 4318307.093, 104
Trd, 4318307.143, 105
Trd, 4318309.943, 100
Trd, 4318311.243, 104
Trd, 4318312.143, 114
Trd, 4318312.743, 104
Trd, 4318314.093, 107
Trd, 4318315.593, 107
Trd, 4318316.043, 108
Trd, 4318317.343, 108
Trd, 4318317.693, 105
Trd, 4318319.593, 106
Trd, 4318319.943, 103
Trd, 4318325.293, 106
Trd, 4318326.493, 104
Trd, 4318328.093, 105
Trd, 4318328.293, 106
Trd, 4318328.593, 104
Trd, 4318330.643, 103
Trd, 4318332.643, 103
Trd, 4318332.943, 102
Trd, 4318334.843, 103
Trd, 4318335.293, 103
Trd, 4318336.443, 104
Trd, 4318337.993, 108
Trd, 4318340.043, 102
Trd, 4318341.343, 103
Trd, 4318343.643, 102
Trd, 4318343.993, 103
Trd, 4318346.493, 103
Trd, 4318348.093, 102
Trd, 4318348.543, 103
Trd, 4318350.743, 103
Trd, 4318351.793, 103
Trd, 4318353.143, 104
Trd, 4318353.543, 102
Trd, 4318354.693, 103
Trd, 4318354.843, 101
Trd, 4318355.693, 103
Trd, 4318356.493, 104
Trd, 4318359.543, 99
Trd, 4318361.143, 103
Trd, 4318362.093, 99
Trd, 4318362.593, 99
Trd, 4318363.793, 108
Trd, 4318365.793, 101
Trd, 4318368.593, 101
Trd, 4318370.493, 101
Trd, 4318372.343, 98
Trd, 4318372.843, 85
Trd, 4318372.893, 92
Trd, 4318373.893, 92
Trd, 4318375.243, 91
Trd, 4318377.093, 108
Trd, 4318378.293, 88
Trd, 4318381.943, 92
Trd, 4318383.193, 89
Trd, 4318384.543, 89
Trd, 4318384.993, 89
Trd, 4318385.343, 103
Trd, 4318386.593, 105
Trd, 4318389.643, 96
Trd, 4318390.193, 114
Trd, 4318390.893, 111
Trd, 4318391.743, 109
Trd, 4318393.243, 112
Trd, 4318394.793, 107
Trd, 4318396.093, 104
Trd, 4318396.493, 103
Trd, 4318399.093, 100
Trd, 4318400.543, 97
Trd, 4318400.743, 97
Trd, 4318402.343, 97
Trd, 4318402.493, 128
Trd, 4318404.343, 104
Trd, 4318404.493, 99
Trd, 4318406.793, 99
Trd, 4318407.093, 104
Trd, 4318407.393, 109
Trd, 4318408.343, 101
Trd, 4318409.343, 100
Trd, 4318409.593, 106
Trd, 4318411.743, 100
Trd, 4318411.993, 103
Trd, 4318413.993, 104
Trd, 4318414.743, 109
Trd, 4318415.293, 105
Trd, 4318416.843, 114
Trd, 4318418.843, 105
Trd, 4318419.243, 101
Trd, 4318419.693, 101
Trd, 4318421.943, 99
Trd, 4318422.243, 100
Trd, 4318423.493, 99
Trd, 4318423.743, 115
Trd, 4318425.943, 103
Trd, 4318426.693, 99
Trd, 4318427.443, 101
Trd, 4318428.493, 108
Trd, 4318429.793, 104
Trd, 4318431.943, 102
Trd, 4318433.693, 111
Trd, 4318434.193, 103
Trd, 4318434.293, 103
Trd, 4318438.093, 102
Trd, 4318439.193, 115
Trd, 4318441.143, 106
Trd, 4318441.943, 107
Trd, 4318442.293, 116
Trd, 4318443.793, 108
Trd, 4318445.743, 108
Trd, 4318446.493, 108
Trd, 4318446.593, 104
Trd, 4318452.743, 106
Trd, 4318453.693, 104
Trd, 4318453.893, 108
Trd, 4318454.893, 103
Trd, 4318456.243, 104
Trd, 4318456.543, 101
Trd, 4318457.993, 102
Trd, 4318460.193, 105
Trd, 4318461.443, 104
Trd, 4318462.493, 103
Trd, 4318463.143, 104
Trd, 4318464.593, 104
Trd, 4318464.693, 103
Trd, 4318467.243, 79
Trd, 4318468.543, 85
Trd, 4318469.243, 87
Trd, 4318469.643, 96
Trd, 4318470.343, 104
Trd, 4318471.143, 95
Trd, 4318472.193, 113
Trd, 4318474.093, 95
Trd, 4318475.193, 108
Trd, 4318475.393, 104
Trd, 4318476.743, 101
Trd, 4318479.893, 97
Trd, 4318480.793, 97
Trd, 4318480.993, 97
Trd, 4318481.643, 95
Trd, 4318482.643, 96
Trd, 4318483.743, 113
Trd, 4318484.643, 113
Trd, 4318484.993, 108
Trd, 4318488.493, 105
Trd, 4318489.393, 103
Trd, 4318490.093, 114
Trd, 4318490.893, 104
Trd, 4318492.643, 102
Trd, 4318493.093, 104
Trd, 4318494.093, 101
Trd, 4318494.143, 106
Trd, 4318495.743, 104
Trd, 4318497.343, 96
Trd, 4318497.943, 96
Trd, 4318499.143, 95
Trd, 4318500.343, 94
Trd, 4318501.993, 85
Trd, 4318502.343, 93
Trd, 4318502.993, 98
Trd, 4318504.943, 95
Trd, 4318507.393, 95
Trd, 4318509.943, 95
Trd, 4318510.543, 96
Trd, 4318512.393, 100
Trd, 4318513.343, 101
Trd, 4318514.843, 104
Trd, 4318515.093, 100
Trd, 4318516.243, 100
Trd, 4318516.343, 100
Trd, 4318519.743, 99
Trd, 4318520.493, 98
Trd, 4318521.693, 97
Trd, 4318525.843, 107
Trd, 4318526.293, 103
Trd, 4318526.593, 103
Trd, 4318526.793, 94
Trd, 4318527.043, 103
Trd, 4318527.243, 106
Trd, 4318532.093, 100
Trd, 4318533.443, 100
Trd, 4318534.293, 98
Trd, 4318536.493, 100
Trd, 4318538.243, 95
Trd, 4318539.543, 94
Trd, 4318539.743, 95
Trd, 4318541.993, 102
Trd, 4318542.293, 99
Trd, 4318543.143, 98
Trd, 4318543.943, 94
Trd, 4318545.493, 101
Trd, 4318546.343, 98
Trd, 4318548.543, 95
Trd, 4318548.693, 98
Trd, 4318551.043, 91
Trd, 4318551.693, 94
Trd, 4318552.743, 95
Trd, 4318553.693, 103
Trd, 4318553.893, 108
Trd, 4318554.443, 99
Trd, 4318555.193, 115
Trd, 4318558.393, 103
Trd, 4318560.493, 97
Trd, 4318560.893, 102
Trd, 4318563.293, 101
Trd, 4318565.893, 99
Trd, 4318569.043, 95
Trd, 4318569.843, 98
Trd, 4318570.343, 108
Trd, 4318571.593, 102
Trd, 4318573.443, 104
Trd, 4318574.893, 103
Trd, 4318574.943, 103
Trd, 4318576.243, 104
Trd, 4318579.093, 102
Trd, 4318581.243, 104
Trd, 4318581.393, 104
Trd, 4318582.393, 104
Trd, 4318582.693, 89
Trd, 4318585.193, 98
Trd, 4318587.343, 99
Trd, 4318587.743, 102
Trd, 4318588.143, 102
Trd, 4318588.793, 102
Trd, 4318590.093, 95
Trd, 4318592.993, 91
Trd, 4318593.093, 91
Trd, 4318593.993, 91
Trd, 4318594.043, 91
Trd, 4318596.843, 91
Trd, 4318598.093, 89
Trd, 4318598.893, 91
Trd, 4318599.843, 91
Trd, 4318605.193, 92
Trd, 4318605.643, 92
Trd, 4318608.893, 92
Trd, 4318610.043, 92
Trd, 4318610.743, 92
Trd, 4318611.093, 89
Trd, 4318611.943, 92
Trd, 4318612.693, 111
Trd, 4318613.493, 109
Trd, 4318614.993, 107
Trd, 4318616.243, 115
Trd, 4318616.893, 107
Trd, 4318618.343, 100
Trd, 4318618.393, 105
Trd, 4318619.493, 103
Trd, 4318620.243, 79
Trd, 4318621.243, 89
Trd, 4318621.893, 88
Trd, 4318623.343, 114
Trd, 4318624.493, 94
Trd, 4318626.593, 94
Trd, 4318627.293, 94
Trd, 4318629.393, 114
Trd, 4318629.943, 104
Trd, 4318630.993, 104
Trd, 4318633.443, 100
Trd, 4318633.743, 104
Trd, 4318634.043, 100
Trd, 4318635.593, 100
Trd, 4318637.593, 99
Trd, 4318638.443, 94
Trd, 4318640.343, 106
Trd, 4318640.643, 114
Trd, 4318640.993, 106
Trd, 4318642.043, 108
Trd, 4318643.643, 98
Trd, 4318644.243, 100
Trd, 4318644.743, 101
Trd, 4318648.293, 99
Trd, 4318648.593, 107
Trd, 4318649.843, 106
Trd, 4318652.243, 106
Trd, 4318654.393, 103
Trd, 4318655.193, 103
Trd, 4318656.593, 99
Trd, 4318657.743, 98
Trd, 4318658.743, 98
Trd, 4318659.843, 97
Trd, 4318660.593, 96
Trd, 4318662.293, 101
Trd, 4318663.243, 113
Trd, 4318664.943, 101
Trd, 4318665.793, 102
Trd, 4318667.893, 97
Trd, 4318668.693, 94
Trd, 4318669.293, 96
Trd, 4318672.393, 93
Trd, 4318673.993, 93
Trd, 4318674.143, 93
Trd, 4318674.593, 104
Trd, 4318679.493, 95
Trd, 4318680.793, 95
Trd, 4318682.843, 95
Trd, 4318684.593, 95
Trd, 4318687.043, 95
Trd, 4318689.843, 95
Trd, 4318689.993, 95
Trd, 4318693.893, 94
Trd, 4318694.743, 94
Trd, 4318697.943, 94
Trd, 4318698.943, 94
Trd, 4318700.893, 100
Trd, 4318702.993, 98
Trd, 4318703.293, 99
Trd, 4318704.043, 99
Trd, 4318705.593, 97
Trd, 4318707.593, 95
Trd, 4318708.393, 95
Trd, 4318709.693, 110
Trd, 4318710.543, 108
Trd, 4318710.643, 106
Trd, 4318712.893, 106
Trd, 4318713.543, 104
Trd, 4318715.293, 98
Trd, 4318715.643, 113
Trd, 4318717.743, 102
Trd, 4318718.293, 114
Trd, 4318720.643, 100
Trd, 4318722.693, 113
Trd, 4318722.793, 103
Trd, 4318723.343, 102
Trd, 4318724.343, 87
Trd, 4318725.293, 93
Trd, 4318727.093, 95
Trd, 4318728.643, 104
Trd, 4318728.793, 102
Trd, 4318730.493, 99
Trd, 4318731.793, 100
Trd, 4318732.293, 95
Trd, 4318732.643, 104
Trd, 4318733.943, 101
Trd, 4318735.343, 97
Trd, 4318738.943, 86
Trd, 4318739.243, 93
Trd, 4318739.643, 91
Trd, 4318740.093, 104
Trd, 4318741.093, 104
Trd, 4318744.293, 98
Trd, 4318744.943, 104
Trd, 4318746.793, 100
Trd, 4318749.443, 113
Trd, 4318749.493, 97
Trd, 4318751.043, 97
Trd, 4318751.493, 100
Trd, 4318755.493, 100
Trd, 4318755.543, 95
Trd, 4318755.643, 100
Trd, 4318756.343, 100
Trd, 4318759.743, 100
Trd, 4318760.593, 100
Trd, 4318761.543, 97
Trd, 4318763.493, 99
Trd, 4318764.793, 99
Trd, 4318767.493, 108
Trd, 4318767.793, 104
Trd, 4318773.543, 101
Trd, 4318774.493, 101
Trd, 4318778.243, 101
Trd, 4318779.143, 100
Trd, 4318781.243, 102
Trd, 4318782.843, 99
Trd, 4318782.893, 101
Trd, 4318784.343, 101
Trd, 4318784.593, 99
Trd, 4318786.043, 100
Trd, 4318786.743, 100
Trd, 4318789.443, 103
Trd, 4318789.743, 107
Trd, 4318790.093, 103
Trd, 4318794.193, 102
Trd, 4318795.743, 102
Trd, 4318795.993, 101
Trd, 4318798.043, 102
Trd, 4318799.893, 102
Trd, 4318801.843, 100
Trd, 4318802.343, 102
Trd, 4318803.393, 102
Trd, 4318803.543, 103
Trd, 4318803.593, 113
Trd, 4318805.193, 110
Trd, 4318808.243, 99
Trd, 4318810.093, 107
Trd, 4318811.793, 105
Trd, 4318812.943, 104
Trd, 4318816.193, 103
Trd, 4318817.443, 104
Trd, 4318818.093, 103
Trd, 4318818.943, 105
Trd, 4318819.543, 85
Trd, 4318823.143, 105
Trd, 4318823.643, 105
Trd, 4318824.143, 104
Trd, 4318824.943, 103
Trd, 4318825.043, 84
Trd, 4318825.593, 104
Trd, 4318828.493, 105
Trd, 4318830.743, 101
Trd, 4318831.493, 102
Trd, 4318831.793, 104
Trd, 4318832.993, 100
Trd, 4318838.443, 103
Trd, 4318838.593, 99
Trd, 4318838.793, 103
Trd, 4318840.643, 103
Trd, 4318840.993, 98
Trd, 4318841.693, 123
Trd, 4318842.393, 113
Trd, 4318843.493, 113
Trd, 4318844.543, 114
Trd, 4318847.943, 97
Trd, 4318849.043, 100
Trd, 4318849.143, 101
Trd, 4318849.643, 102
Trd, 4318849.893, 101
Trd, 4318853.093, 102
Trd, 4318853.593, 102
Trd, 4318856.193, 99
Trd, 4318858.293, 102
Trd, 4318859.443, 99
Trd, 4318860.593, 100
Trd, 4318861.443, 100
Trd, 4318864.543, 99
Trd, 4318865.793, 96
Trd, 4318865.843, 96
Trd, 4318866.843, 96
Trd, 4318868.693, 93
Trd, 4318869.493, 93
Trd, 4318870.693, 93
Trd, 4318871.393, 92
Trd, 4318873.093, 103
Trd, 4318873.443, 106
Trd, 4318874.043, 100
Trd, 4318876.593, 98
Trd, 4318877.743, 98
Trd, 4318878.043, 95
Trd, 4318880.093, 99
Trd, 4318880.693, 104
Trd, 4318881.493, 103
Trd, 4318883.543, 102
Trd, 4318884.543, 109
Trd, 4318886.793, 102
Trd, 4318887.243, 99
Trd, 4318888.843, 104
Trd, 4318889.843, 99
Trd, 4318890.643, 100
Trd, 4318891.143, 109
Trd, 4318891.543, 106
Trd, 4318893.743, 103
Trd, 4318894.443, 104
Trd, 4318895.643, 90
Trd, 4318896.143, 99
Trd, 4318898.243, 101
Trd, 4318899.893, 104
Trd, 4318901.343, 100
Trd, 4318902.993, 95
Trd, 4318903.943, 97
Trd, 4318904.693, 119
Trd, 4318904.893, 103
Trd, 4318905.943, 101
Trd, 4318908.593, 100
Trd, 4318909.593, 100
Trd, 4318909.843, 102
Trd, 4318912.093, 100
Trd, 4318912.593, 101
Trd, 4318913.343, 99
Trd, 4318914.793, 98
Trd, 4318917.543, 98
Trd, 4318921.393, 98
Trd, 4318921.993, 97
Trd, 4318922.293, 104
Trd, 4318924.543, 99
Trd, 4318925.493, 108
Trd, 4318925.993, 110
Trd, 4318926.643, 107
Trd, 4318928.343, 110
Trd, 4318930.393, 108
Trd, 4318930.893, 104
Trd, 4318931.843, 107
Trd, 4318932.643, 105
Trd, 4318935.643, 105
Trd, 4318935.843, 104
Trd, 4318937.443, 105
Trd, 4318938.293, 102
Trd, 4318942.843, 105
Trd, 4318944.643, 101
Trd, 4318945.143, 101
Trd, 4318945.543, 115
Trd, 4318946.143, 99
Trd, 4318946.393, 98
Trd, 4318947.243, 100
Trd, 4318949.093, 96
Trd, 4318949.443, 97
Trd, 4318952.843, 96
Trd, 4318953.443, 111
Trd, 4318953.743, 115
Trd, 4318954.543, 99
Trd, 4318956.443, 104
Trd, 4318958.643, 98
Trd, 4318958.793, 104
Trd, 4318961.343, 104
Trd, 4318965.643, 98
Trd, 4318969.343, 104
Trd, 4318970.043, 104
Trd, 4318970.643, 102
Trd, 4318972.393, 96
Trd, 4318973.143, 94
Trd, 4318974.193, 96
Trd, 4318976.193, 95
Trd, 4318978.343, 104
Trd, 4318978.843, 98
Trd, 4318978.893, 94
Trd, 4318980.393, 99
Trd, 4318982.043, 106
Trd, 4318983.443, 103
Trd, 4318983.793, 104
Trd, 4318985.243, 103
Trd, 4318986.443, 103
Trd, 4318989.293, 93
Trd, 4318990.193, 100
Trd, 4318990.943, 98
Trd, 4318991.343, 96
Trd, 4318991.393, 104
Trd, 4318995.143, 84
Trd, 4318995.293, 86
Trd, 4318995.443, 87
Trd, 4318996.893, 95
Trd, 4318998.793, 96
Trd, 4319000.543, 90
Trd, 4319000.743, 108
Trd, 4319001.993, 101
Trd, 4319002.243, 97
Trd, 4319003.243, 97
Trd, 4319005.393, 102
Trd, 4319006.793, 103
Trd, 4319007.393, 99
Trd, 4319008.393, 99
Trd, 4319009.193, 105
Trd, 4319012.143, 106
Trd, 4319013.543, 107
Trd, 4319014.043, 104
Trd, 4319014.843, 96
Trd, 4319015.893, 97
Trd, 4319017.493, 106
Trd, 4319018.343, 104
Trd, 4319019.393, 116
Trd, 4319020.543, 108
Trd, 4319021.193, 106
Trd, 4319022.993, 84
Trd, 4319024.443, 104
Trd, 4319025.643, 106
Trd, 4319028.943, 102
Trd, 4319029.393, 103
Trd, 4319030.243, 113
Trd, 4319031.743, 104
Trd, 4319033.243, 103
Trd, 4319034.593, 104
Trd, 4319035.843, 103
Trd, 4319036.793, 103
Trd, 4319038.193, 103
Trd, 4319038.343, 101
Trd, 4319039.043, 103
Trd, 4319040.243, 103
Trd, 4319042.643, 103
Trd, 4319044.893, 102
Trd, 4319045.893, 103
Trd, 4319046.093, 103
Trd, 4319047.493, 101
Trd, 4319048.793, 103
Trd, 4319050.343, 103
Trd, 4319052.193, 103
Trd, 4319052.543, 104
Trd, 4319054.493, 103
Trd, 4319055.993, 102
Trd, 4319056.193, 96
Trd, 4319057.393, 98
Trd, 4319057.593, 104
Trd, 4319060.193, 91
Trd, 4319061.293, 91
Trd, 4319062.043, 91
Trd, 4319062.093, 93
Trd, 4319064.293, 92
Trd, 4319064.693, 107
Trd, 4319065.043, 113
Trd, 4319066.543, 91
Trd, 4319067.293, 100
Trd, 4319068.643, 94
Trd, 4319071.343, 99
Trd, 4319072.293, 104
Trd, 4319073.543, 106
Trd, 4319074.093, 104
Trd, 4319075.043, 104
Trd, 4319075.293, 103
Trd, 4319076.443, 113
Trd, 4319077.393, 99
Trd, 4319079.193, 102
Trd, 4319079.743, 98
Trd, 4319079.843, 99
Trd, 4319082.843, 99
Trd, 4319083.843, 99
Trd, 4319085.943, 113
Trd, 4319086.343, 104
Trd, 4319089.143, 100
Trd, 4319090.593, 104
Trd, 4319092.043, 104
Trd, 4319093.343, 105
Trd, 4319094.043, 104
Trd, 4319095.293, 103
Trd, 4319095.393, 104
Trd, 4319100.293, 103
Trd, 4319100.493, 102
Trd, 4319102.443, 104
Trd, 4319103.893, 101
Trd, 4319104.143, 104
Trd, 4319107.043, 103
Trd, 4319109.793, 100
Trd, 4319110.743, 111
Trd, 4319113.143, 101
Trd, 4319115.143, 100
Trd, 4319116.243, 102
Trd, 4319118.693, 102
Trd, 4319119.293, 103
Trd, 4319122.493, 107
Trd, 4319123.293, 104
Trd, 4319123.593, 104
Trd, 4319127.493, 104
Trd, 4319128.043, 100
Trd, 4319128.643, 96
Trd, 4319129.193, 95
Trd, 4319130.193, 92
Trd, 4319131.293, 92
Trd, 4319131.793, 93
Trd, 4319134.293, 93
Trd, 4319136.243, 113
Trd, 4319136.843, 98
Trd, 4319137.843, 98
Trd, 4319140.543, 105
Trd, 4319140.893, 104
Trd, 4319141.093, 104
Trd, 4319144.093, 100
Trd, 4319145.093, 101
Trd, 4319145.743, 113
Trd, 4319146.793, 94
Trd, 4319147.893, 114
Trd, 4319150.693, 95
Trd, 4319151.243, 85
Trd, 4319152.293, 98
Trd, 4319152.693, 96
Trd, 4319156.393, 96
Trd, 4319158.193, 94
Trd, 4319159.043, 96
Trd, 4319159.193, 97
Trd, 4319160.543, 96
Trd, 4319160.643, 95
Trd, 4319162.543, 105
Trd, 4319163.393, 105
Trd, 4319163.493, 105
Trd, 4319164.093, 102
Trd, 4319167.493, 99
Trd, 4319167.893, 97
Trd, 4319169.793, 99
Trd, 4319170.743, 99
Trd, 4319173.193, 102
Trd, 4319174.743, 101
Trd, 4319175.643, 101
Trd, 4319176.843, 101
Trd, 4319177.193, 85
Trd, 4319178.043, 110
Trd, 4319180.643, 100
Trd, 4319183.543, 99
Trd, 4319183.593, 94
Trd, 4319185.093, 96
Trd, 4319187.193, 97
Trd, 4319187.943, 95
Trd, 4319189.143, 97
Trd, 4319192.143, 97
Trd, 4319193.543, 97
Trd, 4319193.843, 97
Trd, 4319197.043, 104
Trd, 4319198.843, 105
Trd, 4319200.493, 107
Trd, 4319200.793, 103
Trd, 4319201.593, 99
Trd, 4319202.643, 99
Trd, 4319203.993, 104
Trd, 4319205.143, 114
Trd, 4319206.393, 105
Trd, 4319209.493, 104
Trd, 4319210.093, 104
Trd, 4319211.643, 105
Trd, 4319214.743, 105
Trd, 4319215.043, 104
Trd, 4319216.743, 100
Trd, 4319217.093, 99
Trd, 4319217.543, 97
Trd, 4319217.793, 97
Trd, 4319220.043, 104
Trd, 4319221.543, 103
Trd, 4319222.493, 102
Trd, 4319224.193, 98
Trd, 4319224.893, 97
Trd, 4319225.293, 97
Trd, 4319227.243, 106
Trd, 4319229.293, 96
Trd, 4319229.793, 98
Trd, 4319230.293, 98
Trd, 4319233.193, 98
Trd, 4319233.743, 98
Trd, 4319235.343, 99
Trd, 4319236.393, 102
Trd, 4319237.443, 100
Trd, 4319240.093, 93
Trd, 4319240.243, 94
Trd, 4319240.793, 93
Trd, 4319241.243, 93
Trd, 4319243.643, 104
Trd, 4319245.243, 96
Trd, 4319245.943, 94
Trd, 4319246.093, 102
Trd, 4319247.543, 96
Trd, 4319248.843, 96
Trd, 4319252.393, 95
Trd, 4319253.643, 97
Trd, 4319255.143, 96
Trd, 4319257.093, 96
Trd, 4319259.443, 96
Trd, 4319260.693, 96
Trd, 4319261.043, 96
Trd, 4319261.443, 96
Trd, 4319262.543, 97
Trd, 4319263.343, 97
Trd, 4319264.693, 85
Trd, 4319266.193, 94
Trd, 4319268.643, 84
Trd, 4319272.143, 94
Trd, 4319272.993, 94
Trd, 4319275.693, 94
Trd, 4319276.043, 90
Trd, 4319276.993, 94
Trd, 4319277.443, 94
Trd, 4319278.343, 90
Trd, 4319279.843, 94
Trd, 4319284.143, 94
Trd, 4319285.793, 94
Trd, 4319286.593, 94
Trd, 4319287.493, 92
Trd, 4319289.043, 94
Trd, 4319289.893, 97
Trd, 4319291.293, 96
Trd, 4319291.843, 105
Trd, 4319295.093, 104
Trd, 4319295.793, 103
Trd, 4319296.493, 108
Trd, 4319296.993, 104
Trd, 4319298.243, 104
Trd, 4319299.043, 108
Trd, 4319299.893, 85
Trd, 4319300.493, 100
Trd, 4319302.093, 113
Trd, 4319303.393, 103
Trd, 4319305.443, 100
Trd, 4319306.143, 100
Trd, 4319306.293, 103
Trd, 4319307.893, 101
Trd, 4319309.593, 111
Trd, 4319310.043, 106
Trd, 4319311.143, 81
Trd, 4319314.743, 95
Trd, 4319315.793, 96
Trd, 4319317.193, 95
Trd, 4319317.993, 95
Trd, 4319319.593, 104
Trd, 4319319.743, 102
Trd, 4319320.993, 100
Trd, 4319321.943, 98
Trd, 4319322.193, 107
Trd, 4319325.043, 98
Trd, 4319325.743, 97
Trd, 4319326.143, 98
Trd, 4319327.293, 98
Trd, 4319328.793, 95
Trd, 4319330.493, 97
Trd, 4319331.993, 96
Trd, 4319334.943, 95
Trd, 4319335.543, 95
Trd, 4319336.343, 102
Trd, 4319337.293, 100
Trd, 4319339.343, 99
Trd, 4319340.343, 91
Trd, 4319342.943, 98
Trd, 4319344.493, 104
Trd, 4319344.993, 96
Trd, 4319346.443, 103
Trd, 4319346.743, 103
Trd, 4319347.193, 107
Trd, 4319348.443, 103
Trd, 4319349.243, 85
Trd, 4319349.893, 105
Trd, 4319351.343, 104
Trd, 4319352.993, 110
Trd, 4319353.643, 108
Trd, 4319356.343, 108
Trd, 4319356.493, 113
Trd, 4319356.893, 104
Trd, 4319362.243, 108
Trd, 4319364.843, 107
Trd, 4319365.043, 106
Trd, 4319366.343, 105
Trd, 4319370.843, 103
Trd, 4319371.593, 103
Trd, 4319374.043, 106
Trd, 4319375.343, 105
Trd, 4319377.793, 103
Trd, 4319379.593, 105
Trd, 4319379.643, 106
Trd, 4319382.793, 106
Trd, 4319384.543, 105
Trd, 4319385.593, 103
Trd, 4319385.843, 103
Trd, 4319387.943, 105
Trd, 4319388.343, 106
Trd, 4319388.543, 103
Trd, 4319391.543, 104
Trd, 4319395.643, 105
Trd, 4319396.493, 105
Trd, 4319397.593, 102
Trd, 4319400.143, 104
Trd, 4319403.993, 101
Trd, 4319404.293, 104
Trd, 4319406.343, 100
Trd, 4319409.243, 103
Trd, 4319410.143, 98
Trd, 4319410.443, 102
Trd, 4319412.043, 102
Trd, 4319412.243, 103
Trd, 4319412.843, 100
Trd, 4319413.893, 104
Trd, 4319416.593, 104
Trd, 4319418.143, 104
Trd, 4319419.843, 104
Trd, 4319420.993, 105
Trd, 4319422.193, 104
Trd, 4319423.593, 104
Trd, 4319424.443, 101
Trd, 4319425.493, 113
Trd, 4319426.893, 106
Trd, 4319427.643, 106
Trd, 4319427.893, 103
Trd, 4319432.943, 106
Trd, 4319434.093, 104
Trd, 4319434.443, 106
Trd, 4319434.893, 104
Trd, 4319437.693, 106
Trd, 4319437.943, 102
Trd, 4319438.443, 101
Trd, 4319438.593, 100
Trd, 4319439.843, 99
Trd, 4319442.393, 94
Trd, 4319443.093, 94
Trd, 4319444.493, 94
Trd, 4319444.993, 113
Trd, 4319445.443, 105
Trd, 4319446.393, 104
Trd, 4319447.093, 96
Trd, 4319448.493, 97
Trd, 4319448.543, 87
Trd, 4319451.593, 96
Trd, 4319452.843, 96
Trd, 4319454.043, 93
Trd, 4319454.793, 113
Trd, 4319456.943, 85
Trd, 4319457.393, 93
Trd, 4319457.493, 107
Trd, 4319459.743, 93
Trd, 4319461.743, 93
Trd, 4319462.443, 113
Trd, 4319464.893, 97
Trd, 4319465.693, 97
Trd, 4319467.143, 91
Trd, 4319467.393, 99
Trd, 4319470.143, 97
Trd, 4319472.593, 94
Trd, 4319473.543, 97
Trd, 4319475.093, 97
Trd, 4319475.693, 97
Trd, 4319478.093, 98
Trd, 4319478.743, 104
Trd, 4319479.643, 87
Trd, 4319480.693, 93
Trd, 4319481.843, 92
Trd, 4319482.143, 113
Trd, 4319483.193, 95
Trd, 4319483.293, 95
Trd, 4319484.093, 91
Trd, 4319487.493, 94
Trd, 4319489.243, 95
Trd, 4319491.793, 93
Trd, 4319493.243, 90
Trd, 4319493.993, 93
Trd, 4319495.593, 93
Trd, 4319496.593, 107
Trd, 4319497.193, 113
Trd, 4319500.693, 101
Trd, 4319503.843, 101
Trd, 4319503.993, 110
Trd, 4319504.043, 100
Trd, 4319507.343, 99
Trd, 4319507.443, 104
Trd, 4319509.893, 99
Trd, 4319511.193, 104
Trd, 4319512.343, 105
Trd, 4319513.493, 104
Trd, 4319515.993, 104
Trd, 4319519.243, 104
Trd, 4319520.143, 100
Trd, 4319520.393, 104
Trd, 4319522.943, 104
Trd, 4319526.643, 105
Trd, 4319526.793, 101
Trd, 4319527.393, 105
Trd, 4319528.143, 100
Trd, 4319530.393, 99
Trd, 4319532.193, 96
Trd, 4319534.443, 103
Trd, 4319534.543, 104
Trd, 4319535.843, 101
Trd, 4319538.493, 103
Trd, 4319539.443, 103
Trd, 4319540.493, 102
Trd, 4319541.343, 96
Trd, 4319541.443, 98
Trd, 4319543.793, 96
Trd, 4319544.543, 96
Trd, 4319546.893, 95
Trd, 4319547.743, 95
Trd, 4319549.943, 108
Trd, 4319550.043, 100
Trd, 4319551.193, 104
Trd, 4319551.993, 104
Trd, 4319553.543, 101
Trd, 4319553.843, 85
Trd, 4319556.043, 91
Trd, 4319556.393, 90
Trd, 4319556.493, 93
Trd, 4319557.243, 107
Trd, 4319557.393, 112
Trd, 4319558.643, 106
Trd, 4319561.393, 100
Trd, 4319562.643, 109
Trd, 4319563.793, 104
Trd, 4319564.793, 99
Trd, 4319565.093, 99
Trd, 4319565.193, 85
Trd, 4319567.543, 99
Trd, 4319571.243, 99
Trd, 4319571.743, 98
Trd, 4319574.893, 99
Trd, 4319575.493, 99
Trd, 4319577.143, 98
Trd, 4319578.193, 99
Trd, 4319578.943, 99
Trd, 4319581.643, 95
Trd, 4319583.943, 97
Trd, 4319584.743, 98
Trd, 4319584.993, 91
Trd, 4319585.893, 93
Trd, 4319589.893, 93
Trd, 4319590.343, 93
Trd, 4319591.093, 97
Trd, 4319593.343, 107
Trd, 4319594.493, 104
Trd, 4319595.543, 104
Trd, 4319596.293, 109
Trd, 4319597.043, 104
Trd, 4319597.843, 97
Trd, 4319599.593, 103
Trd, 4319602.993, 103
Trd, 4319603.593, 101
Trd, 4319604.643, 104
Trd, 4319605.793, 100
Trd, 4319606.593, 113
Trd, 4319607.543, 98
Trd, 4319607.893, 106
Trd, 4319609.243, 105
Trd, 4319611.043, 102
Trd, 4319612.093, 97
Trd, 4319613.843, 96
Trd, 4319614.243, 97
Trd, 4319614.693, 96
Trd, 4319617.643, 96
Trd, 4319617.743, 95
Trd, 4319620.193, 99
Trd, 4319621.093, 98
Trd, 4319621.343, 93
Trd, 4319621.993, 87
Trd, 4319623.243, 105
Trd, 4319623.443, 119
Trd, 4319625.043, 100
Trd, 4319625.743, 100
Trd, 4319626.443, 99
Trd, 4319628.343, 98
Trd, 4319628.593, 115
Trd, 4319631.193, 99
Trd, 4319631.493, 100
Trd, 4319634.293, 104
Trd, 4319635.493, 103
Trd, 4319636.143, 108
Trd, 4319636.993, 106
Trd, 4319637.893, 104
Trd, 4319638.193, 106
Trd, 4319639.943, 103
Trd, 4319640.943, 101
Trd, 4319642.543, 101
Trd, 4319644.393, 101
Trd, 4319645.243, 100
Trd, 4319647.293, 101
Trd, 4319647.893, 100
Trd, 4319648.143, 101
Trd, 4319649.543, 90
Trd, 4319650.043, 94
Trd, 4319651.493, 105
Trd, 4319652.243, 100
Trd, 4319653.743, 98
Trd, 4319654.993, 85
Trd, 4319657.243, 92
Trd, 4319658.043, 96
Trd, 4319658.793, 95
Trd, 4319660.593, 95
Trd, 4319661.543, 95
Trd, 4319663.143, 98
Trd, 4319664.893, 104
Trd, 4319665.343, 104
Trd, 4319666.643, 100
Trd, 4319667.893, 100
Trd, 4319668.543, 105
Trd, 4319669.193, 100
Trd, 4319671.843, 101
Trd, 4319674.143, 101
Trd, 4319674.343, 97
Trd, 4319677.093, 101
Trd, 4319677.593, 104
Trd, 4319678.043, 122
Trd, 4319678.643, 103
Trd, 4319680.593, 108
Trd, 4319682.193, 102
Trd, 4319683.143, 102
Trd, 4319684.243, 103
Trd, 4319685.543, 100
Trd, 4319686.743, 92
Trd, 4319686.993, 103
Trd, 4319688.343, 95
Trd, 4319688.743, 85
Trd, 4319689.543, 94
Trd, 4319691.643, 95
Trd, 4319692.443, 117
Trd, 4319693.893, 91
Trd, 4319695.893, 96
Trd, 4319699.393, 96
Trd, 4319699.993, 96
Trd, 4319702.593, 91
Trd, 4319703.393, 99
Trd, 4319704.393, 116
Trd, 4319706.643, 97
Trd, 4319706.843, 98
Trd, 4319707.593, 98
Trd, 4319707.993, 106
Trd, 4319711.793, 101
Trd, 4319711.993, 98
Trd, 4319712.143, 106
Trd, 4319713.243, 102
Trd, 4319714.843, 103
Trd, 4319715.493, 102
Trd, 4319717.293, 102
Trd, 4319717.893, 101
Trd, 4319718.693, 104
Trd, 4319720.693, 104
Trd, 4319721.743, 103
Trd, 4319722.893, 103
Trd, 4319723.843, 84
Trd, 4319725.343, 96
Trd, 4319727.593, 103
Trd, 4319727.993, 88
Trd, 4319729.293, 98
Trd, 4319731.043, 97
Trd, 4319731.443, 109
Trd, 4319732.043, 101
Trd, 4319732.993, 100
Trd, 4319734.943, 96
Trd, 4319737.343, 95
Trd, 4319737.943, 95
Trd, 4319738.143, 118
Trd, 4319740.643, 100
Trd, 4319742.643, 95
Trd, 4319744.293, 96
Trd, 4319744.993, 96
Trd, 4319748.443, 96
Trd, 4319750.693, 96
Trd, 4319750.893, 94
Trd, 4319751.393, 96
Trd, 4319752.843, 97
Trd, 4319755.043, 104
Trd, 4319755.693, 105
Trd, 4319755.793, 104
Trd, 4319757.293, 101
Trd, 4319759.643, 91
Trd, 4319760.693, 94
Trd, 4319761.393, 94
Trd, 4319762.693, 117
Trd, 4319763.543, 100
Trd, 4319767.693, 94
Trd, 4319768.393, 98
Trd, 4319769.743, 97
Trd, 4319771.443, 97
Trd, 4319775.093, 96
Trd, 4319775.443, 93
Trd, 4319776.193, 96
Trd, 4319777.293, 96
Trd, 4319778.143, 116
Trd, 4319780.343, 101
Trd, 4319780.643, 100
Trd, 4319781.643, 99
Trd, 4319786.243, 101
Trd, 4319786.393, 101
Trd, 4319789.493, 100
Trd, 4319789.993, 100
Trd, 4319791.493, 99
Trd, 4319794.593, 98
Trd, 4319794.943, 98
Trd, 4319795.493, 99
Trd, 4319796.543, 104
Trd, 4319798.743, 122
Trd, 4319799.493, 105
Trd, 4319801.693, 107
Trd, 4319802.293, 107
Trd, 4319804.543, 107
Trd, 4319805.243, 106
Trd, 4319809.293, 105
Trd, 4319809.793, 108
Trd, 4319811.243, 103
Trd, 4319811.993, 95
Trd, 4319813.543, 99
Trd, 4319814.093, 99
Trd, 4319815.993, 95
Trd, 4319817.393, 95
Trd, 4319817.443, 96
Trd, 4319818.093, 96
Trd, 4319826.643, 96
Trd, 4319827.143, 96
Trd, 4319828.943, 96
Trd, 4319831.593, 96
Trd, 4319831.943, 97
Trd, 4319832.243, 97
Trd, 4319834.643, 107
Trd, 4319836.993, 99
Trd, 4319837.343, 100
Trd, 4319838.793, 107
Trd, 4319839.743, 111
Trd, 4319840.193, 105
Trd, 4319840.943, 104
Trd, 4319845.293, 101
Trd, 4319847.343, 100
Trd, 4319847.393, 101
Trd, 4319848.643, 100
Trd, 4319850.343, 97
Trd, 4319851.693, 85
Trd, 4319852.793, 90
Trd, 4319853.043, 101
Trd, 4319854.643, 98
Trd, 4319855.093, 98
Trd, 4319855.793, 94
Trd, 4319855.943, 96
Trd, 4319858.393, 100
Trd, 4319859.643, 99
Trd, 4319860.593, 98
Trd, 4319862.893, 98
Trd, 4319864.093, 109
Trd, 4319864.943, 100
Trd, 4319865.393, 99
Trd, 4319870.843, 99
Trd, 4319873.043, 99
Trd, 4319873.543, 98
Trd, 4319874.793, 99
Trd, 4319877.693, 97
Trd, 4319880.143, 95
Trd, 4319881.493, 97
Trd, 4319882.793, 93
Trd, 4319883.493, 89
Trd, 4319884.593, 89
Trd, 4319886.193, 89
Trd, 4319886.693, 89
Trd, 4319886.843, 105
Trd, 4319889.443, 94
Trd, 4319891.093, 94
Trd, 4319891.493, 95
Trd, 4319893.193, 95
Trd, 4319894.843, 110
Trd, 4319895.943, 103
Trd, 4319896.593, 104
Trd, 4319897.343, 103
Trd, 4319899.693, 113
Trd, 4319900.943, 107
Trd, 4319903.143, 106
Trd, 4319903.743, 107
Trd, 4319904.143, 113
Trd, 4319905.643, 104
Trd, 4319906.293, 85
Trd, 4319908.593, 102
Trd, 4319909.043, 99
Trd, 4319909.493, 100
Trd, 4319911.143, 117
Trd, 4319911.293, 113
Trd, 4319914.393, 104
Trd, 4319915.143, 103
Trd, 4319915.343, 101
Trd, 4319917.293, 106
Trd, 4319917.893, 104
Trd, 4319919.293, 100
Trd, 4319921.143, 100
Trd, 4319922.693, 102
Trd, 4319923.193, 105
Trd, 4319923.493, 97
Trd, 4319923.643, 102
Trd, 4319924.793, 85
Trd, 4319925.893, 104
Trd, 4319926.893, 103
Trd, 4319930.793, 102
Trd, 4319931.543, 102
Trd, 4319931.593, 98
Trd, 4319934.443, 102
Trd, 4319934.643, 97
Trd, 4319935.743, 102
Trd, 4319936.543, 96
Trd, 4319937.793, 102
Trd, 4319944.693, 100
Trd, 4319945.143, 101
Trd, 4319945.393, 101
Trd, 4319945.743, 104
Trd, 4319945.893, 102
Trd, 4319948.193, 102
Trd, 4319950.293, 110
Trd, 4319952.693, 110
Trd, 4319952.793, 109
Trd, 4319953.843, 114
Trd, 4319954.393, 104
Trd, 4319956.493, 106
Trd, 4319957.643, 104
Trd, 4319959.043, 97
Trd, 4319960.393, 98
Trd, 4319961.243, 100
Trd, 4319962.393, 84
Trd, 4319963.493, 101
Trd, 4319964.193, 104
Trd, 4319965.693, 105
Trd, 4319966.193, 104
Trd, 4319967.893, 104
Trd, 4319969.793, 112
Trd, 4319970.293, 106
Trd, 4319970.693, 106
Trd, 4319974.043, 105
Trd, 4319975.143, 104
Trd, 4319979.043, 105
Trd, 4319980.393, 104
Trd, 4319981.343, 104
Trd, 4319982.193, 102
Trd, 4319983.093, 104
Trd, 4319984.293, 100
Trd, 4319984.593, 113
Trd, 4319985.193, 99
Trd, 4319987.393, 105
Trd, 4319988.743, 100
Trd, 4319989.743, 102
Trd, 4319990.943, 101
Trd, 4319993.043, 105
Trd, 4319994.043, 104
Trd, 4319996.393, 103
