Trd, 4317903.543, 92
Trd, 4317904.043, 95
Trd, 4317905.943, 93
Trd, 4317906.393, 94
Trd, 4317907.093, 92
Trd, 4317907.993, 94
Trd, 4317909.793, 95
Trd, 4317911.393, 96
Trd, 4317913.393, 98
Trd, 4317914.193, 113
Trd, 4317914.743, 98
Trd, 4317914.843, 95
Trd, 4317918.193, 97
Trd, 4317918.443, 98
Trd, 4317920.193, 98
Trd, 4317920.293, 96
Trd, 4317920.793, 98
Trd, 4317921.593, 121
Trd, 4317921.943, 103
Trd, 4317922.393, 105
Trd, 4317924.093, 103
Trd, 4317926.743, 95
Trd, 4317927.143, 90
Trd, 4317928.393, 91
Trd, 4317930.443, 92
Trd, 4317931.693, 95
Trd, 4317932.693, 94
Trd, 4317933.893, 93
Trd, 4317933.943, 92
Trd, 4317934.793, 90
Trd, 4317936.993, 93
Trd, 4317938.693, 94
Trd, 4317939.293, 95
Trd, 4317939.743, 93
Trd, 4317941.493, 111
Trd, 4317942.193, 92
Trd, 4317942.893, 86
Trd, 4317943.693, 91
Trd, 4317944.393, 88
Trd, 4317944.893, 102
Trd, 4317948.043, 92
Trd, 4317948.393, 112
Trd, 4317949.643, 91
Trd, 4317949.943, 91
Trd, 4317950.243, 96
Trd, 4317951.643, 91
Trd, 4317953.093, 95
Trd, 4317954.793, 90
Trd, 4317955.243, 96
Trd, 4317959.293, 94
Trd, 4317959.393, 94
Trd, 4317959.693, 92
Trd, 4317960.693, 86
Trd, 4317961.943, 93
Trd, 4317962.043, 95
Trd, 4317962.843, 110
Trd, 4317966.343, 96
Trd, 4317968.243, 95
Trd, 4317970.043, 97
Trd, 4317971.143, 95
Trd, 4317971.393, 96
Trd, 4317973.493, 94
Trd, 4317974.043, 96
Trd, 4317974.793, 95
Trd, 4317976.693, 95
Trd, 4317976.743, 94
Trd, 4317977.893, 104
Trd, 4317981.093, 97
Trd, 4317981.443, 98
Trd, 4317983.093, 93
Trd, 4317986.193, 94
Trd, 4317986.443, 92
Trd, 4317986.543, 97
Trd, 4317988.243, 88
Trd, 4317988.693, 97
Trd, 4317989.843, 98
Trd, 4317991.143, 90
Trd, 4317991.743, 98
Trd, 4317994.093, 93
Trd, 4317995.143, 90
Trd, 4317997.043, 90
Trd, 4317997.243, 95
Trd, 4317998.843, 94
Trd, 4318000.043, 95
Trd, 4318000.443, 95
Trd, 4318000.643, 96
Trd, 4318000.693, 92
Trd, 4318002.443, 106
Trd, 4318002.743, 93
Trd, 4318003.743, 113
Trd, 4318005.993, 95
Trd, 4318007.943, 97
Trd, 4318007.993, 93
Trd, 4318008.293, 93
Trd, 4318008.893, 97
Trd, 4318011.893, 88
Trd, 4318013.543, 90
Trd, 4318013.743, 88
Trd, 4318015.043, 89
Trd, 4318015.743, 90
Trd, 4318016.643, 91
Trd, 4318017.493, 84
Trd, 4318020.243, 91
Trd, 4318021.293, 113
Trd, 4318022.143, 95
Trd, 4318022.193, 96
Trd, 4318023.693, 95
Trd, 4318026.143, 96
Trd, 4318027.193, 97
Trd, 4318027.443, 96
Trd, 4318029.293, 96
Trd, 4318030.593, 92
Trd, 4318031.043, 94
Trd, 4318033.493, 92
Trd, 4318035.243, 94
Trd, 4318036.843, 94
Trd, 4318037.443, 95
Trd, 4318038.193, 94
Trd, 4318038.943, 95
Trd, 4318040.993, 96
Trd, 4318042.343, 96
Trd, 4318044.293, 107
Trd, 4318044.493, 95
Trd, 4318045.693, 95
Trd, 4318046.343, 101
Trd, 4318047.993, 102
Trd, 4318049.543, 99
Trd, 4318049.593, 100
Trd, 4318050.343, 100
Trd, 4318053.793, 100
Trd, 4318053.843, 99
Trd, 4318054.093, 101
Trd, 4318054.393, 86
Trd, 4318057.893, 99
Trd, 4318059.143, 97
Trd, 4318059.843, 98
Trd, 4318061.793, 98
Trd, 4318061.993, 96
Trd, 4318063.193, 99
Trd, 4318063.843, 98
Trd, 4318065.943, 95
Trd, 4318066.493, 98
Trd, 4318067.943, 99
Trd, 4318069.543, 100
Trd, 4318070.293, 98
Trd, 4318070.693, 97
Trd, 4318072.893, 100
Trd, 4318076.943, 97
Trd, 4318077.593, 100
Trd, 4318077.893, 98
Trd, 4318078.993, 100
Trd, 4318079.693, 100
Trd, 4318079.993, 97
Trd, 4318081.443, 108
Trd, 4318082.543, 96
Trd, 4318084.343, 102
Trd, 4318086.843, 97
Trd, 4318087.993, 96
Trd, 4318089.443, 102
Trd, 4318092.093, 102
Trd, 4318093.143, 100
Trd, 4318093.443, 98
Trd, 4318094.943, 98
Trd, 4318095.393, 102
Trd, 4318096.693, 102
Trd, 4318098.243, 99
Trd, 4318099.793, 102
Trd, 4318102.693, 101
Trd, 4318103.043, 98
Trd, 4318103.543, 99
Trd, 4318104.293, 97
Trd, 4318105.093, 102
Trd, 4318105.593, 85
Trd, 4318106.093, 105
Trd, 4318108.993, 98
Trd, 4318109.043, 103
Trd, 4318111.193, 97
Trd, 4318111.693, 103
Trd, 4318114.993, 103
Trd, 4318117.593, 99
Trd, 4318117.893, 97
Trd, 4318118.693, 103
Trd, 4318119.493, 102
Trd, 4318122.243, 96
Trd, 4318122.743, 105
Trd, 4318124.143, 100
Trd, 4318124.493, 97
Trd, 4318125.693, 100
Trd, 4318126.593, 96
Trd, 4318127.643, 100
Trd, 4318128.543, 100
Trd, 4318129.093, 113
Trd, 4318130.043, 84
Trd, 4318134.843, 98
Trd, 4318135.043, 98
Trd, 4318135.643, 99
Trd, 4318136.443, 96
Trd, 4318138.393, 96
Trd, 4318139.243, 95
Trd, 4318140.343, 98
Trd, 4318140.793, 95
Trd, 4318141.193, 98
Trd, 4318143.993, 98
Trd, 4318145.643, 96
Trd, 4318146.193, 95
Trd, 4318146.593, 98
Trd, 4318148.943, 95
Trd, 4318149.043, 98
Trd, 4318150.443, 95
Trd, 4318151.643, 94
Trd, 4318152.593, 99
Trd, 4318154.243, 98
Trd, 4318155.893, 95
Trd, 4318155.993, 98
Trd, 4318156.393, 98
Trd, 4318161.043, 97
Trd, 4318162.143, 98
Trd, 4318162.393, 96
Trd, 4318163.293, 99
Trd, 4318165.143, 100
Trd, 4318165.293, 95
Trd, 4318167.743, 99
Trd, 4318168.843, 98
Trd, 4318172.993, 95
Trd, 4318173.993, 94
Trd, 4318174.743, 99
Trd, 4318175.643, 99
Trd, 4318175.943, 85
Trd, 4318178.593, 97
Trd, 4318180.193, 95
Trd, 4318180.793, 93
Trd, 4318181.993, 93
Trd, 4318183.243, 97
Trd, 4318185.993, 95
Trd, 4318186.993, 97
Trd, 4318187.143, 113
Trd, 4318188.943, 96
Trd, 4318190.243, 95
Trd, 4318191.493, 99
Trd, 4318192.343, 97
Trd, 4318194.743, 95
Trd, 4318195.093, 98
Trd, 4318197.343, 96
Trd, 4318198.493, 97
Trd, 4318198.593, 94
Trd, 4318201.093, 97
Trd, 4318202.893, 97
Trd, 4318203.493, 97
Trd, 4318203.843, 96
Trd, 4318203.943, 96
Trd, 4318206.943, 96
Trd, 4318207.043, 107
Trd, 4318207.543, 98
Trd, 4318209.443, 95
Trd, 4318210.393, 95
Trd, 4318211.443, 101
Trd, 4318211.693, 95
Trd, 4318213.493, 98
Trd, 4318214.393, 96
Trd, 4318215.543, 97
Trd, 4318216.993, 97
Trd, 4318218.143, 98
Trd, 4318218.343, 95
Trd, 4318220.593, 97
Trd, 4318221.993, 99
Trd, 4318223.243, 105
Trd, 4318223.693, 95
Trd, 4318226.393, 96
Trd, 4318227.993, 95
Trd, 4318230.093, 95
Trd, 4318230.193, 100
Trd, 4318230.493, 100
Trd, 4318231.593, 94
Trd, 4318233.393, 100
Trd, 4318233.693, 99
Trd, 4318234.693, 95
Trd, 4318238.243, 98
Trd, 4318238.343, 98
Trd, 4318241.043, 98
Trd, 4318241.593, 109
Trd, 4318242.243, 97
Trd, 4318243.793, 97
Trd, 4318244.493, 101
Trd, 4318245.743, 103
Trd, 4318245.893, 104
Trd, 4318247.193, 85
Trd, 4318247.393, 87
Trd, 4318248.493, 98
Trd, 4318248.693, 113
Trd, 4318252.143, 96
Trd, 4318252.593, 95
Trd, 4318253.893, 96
Trd, 4318255.193, 95
Trd, 4318256.443, 96
Trd, 4318257.093, 96
Trd, 4318259.493, 98
Trd, 4318259.943, 106
Trd, 4318260.343, 98
Trd, 4318260.443, 100
Trd, 4318261.343, 97
Trd, 4318261.943, 101
Trd, 4318263.293, 97
Trd, 4318265.043, 99
Trd, 4318266.893, 97
Trd, 4318268.493, 98
Trd, 4318269.093, 98
Trd, 4318270.993, 96
Trd, 4318273.643, 98
Trd, 4318274.293, 104
Trd, 4318276.243, 98
Trd, 4318276.543, 99
Trd, 4318276.643, 96
Trd, 4318278.393, 96
Trd, 4318279.593, 98
Trd, 4318281.743, 96
Trd, 4318282.443, 96
Trd, 4318284.793, 98
Trd, 4318285.693, 96
Trd, 4318286.093, 99
Trd, 4318287.593, 99
Trd, 4318288.393, 99
Trd, 4318291.643, 96
Trd, 4318291.893, 99
Trd, 4318292.743, 100
Trd, 4318293.843, 95
Trd, 4318294.993, 100
Trd, 4318296.143, 96
Trd, 4318296.443, 95
Trd, 4318299.343, 95
Trd, 4318300.893, 99
Trd, 4318301.543, 95
Trd, 4318301.693, 101
Trd, 4318305.443, 97
Trd, 4318305.843, 99
Trd, 4318305.993, 99
Trd, 4318307.393, 96
Trd, 4318309.443, 99
Trd, 4318310.143, 95
Trd, 4318311.443, 99
Trd, 4318311.493, 104
Trd, 4318313.993, 96
Trd, 4318315.093, 100
Trd, 4318315.643, 97
Trd, 4318316.843, 100
Trd, 4318319.393, 96
Trd, 4318321.343, 100
Trd, 4318321.693, 97
Trd, 4318324.043, 100
Trd, 4318324.143, 95
Trd, 4318325.843, 100
Trd, 4318328.693, 97
Trd, 4318329.493, 96
Trd, 4318330.743, 95
Trd, 4318331.693, 100
Trd, 4318332.993, 100
Trd, 4318334.193, 100
Trd, 4318334.693, 95
Trd, 4318335.943, 95
Trd, 4318337.643, 96
Trd, 4318337.893, 95
Trd, 4318339.393, 96
Trd, 4318340.893, 96
Trd, 4318341.143, 95
Trd, 4318341.593, 94
Trd, 4318342.093, 106
Trd, 4318343.043, 93
Trd, 4318344.743, 95
Trd, 4318346.643, 94
Trd, 4318346.793, 93
Trd, 4318347.793, 100
Trd, 4318350.643, 96
Trd, 4318351.693, 96
Trd, 4318353.443, 94
Trd, 4318354.293, 93
Trd, 4318355.493, 96
Trd, 4318356.443, 92
Trd, 4318356.593, 85
Trd, 4318359.243, 96
Trd, 4318360.143, 95
Trd, 4318361.993, 95
Trd, 4318362.493, 92
Trd, 4318362.693, 113
Trd, 4318363.393, 91
Trd, 4318364.143, 96
Trd, 4318365.643, 113
Trd, 4318365.893, 86
Trd, 4318368.743, 92
Trd, 4318368.993, 98
Trd, 4318371.293, 95
Trd, 4318371.793, 96
Trd, 4318371.943, 96
Trd, 4318371.993, 95
Trd, 4318375.543, 95
Trd, 4318376.043, 95
Trd, 4318378.093, 95
Trd, 4318378.143, 94
Trd, 4318378.893, 95
Trd, 4318381.143, 95
Trd, 4318383.793, 96
Trd, 4318384.143, 96
Trd, 4318385.043, 98
Trd, 4318386.343, 96
Trd, 4318386.493, 95
Trd, 4318388.093, 95
Trd, 4318389.343, 98
Trd, 4318390.843, 106
Trd, 4318393.743, 113
Trd, 4318393.893, 100
Trd, 4318393.993, 97
Trd, 4318396.443, 88
Trd, 4318397.493, 96
Trd, 4318398.093, 90
Trd, 4318399.993, 93
Trd, 4318400.293, 95
Trd, 4318400.493, 95
Trd, 4318401.593, 95
Trd, 4318401.843, 107
Trd, 4318402.543, 96
Trd, 4318403.393, 87
Trd, 4318404.543, 113
Trd, 4318404.993, 87
Trd, 4318407.393, 90
Trd, 4318407.593, 85
Trd, 4318407.993, 104
Trd, 4318410.493, 98
Trd, 4318411.193, 102
Trd, 4318412.593, 95
Trd, 4318413.843, 95
Trd, 4318414.243, 101
Trd, 4318415.993, 100
Trd, 4318417.143, 95
Trd, 4318419.543, 98
Trd, 4318419.943, 100
Trd, 4318420.793, 100
Trd, 4318421.393, 113
Trd, 4318422.543, 95
Trd, 4318424.843, 95
Trd, 4318427.193, 96
Trd, 4318427.343, 96
Trd, 4318428.493, 95
Trd, 4318430.143, 95
Trd, 4318430.393, 105
Trd, 4318430.793, 94
Trd, 4318431.593, 99
Trd, 4318432.493, 97
Trd, 4318434.393, 93
Trd, 4318436.293, 92
Trd, 4318437.893, 97
Trd, 4318438.093, 95
Trd, 4318439.243, 95
Trd, 4318440.443, 91
Trd, 4318441.643, 94
Trd, 4318442.893, 96
Trd, 4318443.293, 93
Trd, 4318446.093, 97
Trd, 4318448.143, 95
Trd, 4318448.793, 95
Trd, 4318449.593, 95
Trd, 4318450.743, 96
Trd, 4318451.243, 94
Trd, 4318451.943, 105
Trd, 4318453.293, 96
Trd, 4318455.493, 95
Trd, 4318456.493, 94
Trd, 4318458.143, 96
Trd, 4318458.493, 96
Trd, 4318460.343, 95
Trd, 4318461.143, 97
Trd, 4318461.743, 96
Trd, 4318464.043, 97
Trd, 4318464.143, 95
Trd, 4318466.043, 97
Trd, 4318467.193, 95
Trd, 4318468.743, 95
Trd, 4318471.343, 97
Trd, 4318472.293, 97
Trd, 4318473.393, 95
Trd, 4318475.943, 97
Trd, 4318476.443, 97
Trd, 4318476.593, 101
Trd, 4318479.093, 95
Trd, 4318479.243, 105
Trd, 4318481.643, 94
Trd, 4318481.943, 98
Trd, 4318482.293, 93
Trd, 4318483.943, 96
Trd, 4318484.643, 95
Trd, 4318486.393, 93
Trd, 4318487.093, 95
Trd, 4318487.443, 93
Trd, 4318487.543, 85
Trd, 4318490.743, 96
Trd, 4318491.393, 96
Trd, 4318492.343, 94
Trd, 4318492.943, 95
Trd, 4318493.943, 96
Trd, 4318493.993, 94
Trd, 4318497.143, 93
Trd, 4318497.543, 96
Trd, 4318497.993, 92
Trd, 4318501.893, 94
Trd, 4318502.293, 95
Trd, 4318504.293, 95
Trd, 4318505.393, 93
Trd, 4318506.093, 95
Trd, 4318506.993, 95
Trd, 4318508.343, 96
Trd, 4318508.443, 95
Trd, 4318510.443, 96
Trd, 4318510.743, 94
Trd, 4318511.393, 93
Trd, 4318513.093, 84
Trd, 4318513.793, 95
Trd, 4318515.693, 95
Trd, 4318516.393, 94
Trd, 4318518.243, 95
Trd, 4318518.293, 96
Trd, 4318519.343, 97
Trd, 4318519.643, 113
Trd, 4318520.143, 97
Trd, 4318523.893, 98
Trd, 4318524.493, 95
Trd, 4318524.793, 99
Trd, 4318525.393, 100
Trd, 4318527.643, 99
Trd, 4318528.943, 98
Trd, 4318529.193, 96
Trd, 4318530.243, 95
Trd, 4318532.793, 98
Trd, 4318533.743, 95
Trd, 4318534.093, 98
Trd, 4318536.893, 98
Trd, 4318537.293, 95
Trd, 4318537.893, 95
Trd, 4318539.143, 98
Trd, 4318540.843, 97
Trd, 4318541.343, 95
Trd, 4318543.293, 94
Trd, 4318543.493, 97
Trd, 4318545.343, 96
Trd, 4318545.643, 97
Trd, 4318545.693, 95
Trd, 4318547.943, 97
Trd, 4318548.343, 93
Trd, 4318549.943, 113
Trd, 4318550.693, 95
Trd, 4318555.093, 100
Trd, 4318555.443, 101
Trd, 4318556.043, 100
Trd, 4318560.643, 102
Trd, 4318561.143, 99
Trd, 4318561.543, 96
Trd, 4318562.943, 100
Trd, 4318564.593, 100
Trd, 4318565.493, 95
Trd, 4318566.393, 71
Trd, 4318567.843, 81
Trd, 4318568.693, 89
Trd, 4318570.243, 99
Trd, 4318571.443, 88
Trd, 4318572.793, 89
Trd, 4318573.743, 90
Trd, 4318574.243, 91
Trd, 4318574.693, 87
Trd, 4318576.443, 90
Trd, 4318577.693, 89
Trd, 4318578.693, 91
Trd, 4318578.843, 95
Trd, 4318579.843, 91
Trd, 4318581.243, 91
Trd, 4318582.743, 90
Trd, 4318582.993, 92
Trd, 4318583.343, 105
Trd, 4318584.243, 90
Trd, 4318586.293, 95
Trd, 4318587.693, 90
Trd, 4318589.943, 96
Trd, 4318590.243, 96
Trd, 4318590.593, 93
Trd, 4318591.793, 71
Trd, 4318592.843, 88
Trd, 4318594.393, 88
Trd, 4318595.393, 87
Trd, 4318597.193, 87
Trd, 4318597.893, 89
Trd, 4318599.093, 90
Trd, 4318599.543, 95
Trd, 4318600.043, 131
Trd, 4318603.893, 95
Trd, 4318604.543, 95
Trd, 4318604.843, 96
Trd, 4318609.293, 96
Trd, 4318609.893, 96
Trd, 4318609.993, 95
Trd, 4318611.593, 96
Trd, 4318612.293, 113
Trd, 4318613.643, 98
Trd, 4318614.043, 102
Trd, 4318615.543, 97
Trd, 4318615.793, 97
Trd, 4318617.393, 97
Trd, 4318619.043, 97
Trd, 4318619.643, 98
Trd, 4318623.243, 98
Trd, 4318623.493, 99
Trd, 4318625.543, 98
Trd, 4318627.293, 98
Trd, 4318628.543, 97
Trd, 4318628.993, 98
Trd, 4318629.543, 97
Trd, 4318631.943, 96
Trd, 4318633.643, 98
Trd, 4318633.693, 98
Trd, 4318635.293, 98
Trd, 4318638.543, 95
Trd, 4318639.243, 96
Trd, 4318639.643, 95
Trd, 4318640.093, 95
Trd, 4318640.443, 97
Trd, 4318642.643, 89
Trd, 4318643.793, 86
Trd, 4318646.193, 90
Trd, 4318646.793, 97
Trd, 4318647.743, 95
Trd, 4318648.693, 104
Trd, 4318649.243, 96
Trd, 4318651.293, 96
Trd, 4318652.443, 95
Trd, 4318653.193, 95
Trd, 4318653.293, 97
Trd, 4318655.893, 97
Trd, 4318656.143, 98
Trd, 4318656.643, 104
Trd, 4318656.993, 95
Trd, 4318659.743, 95
Trd, 4318660.943, 95
Trd, 4318661.843, 98
Trd, 4318662.043, 98
Trd, 4318662.943, 95
Trd, 4318666.593, 94
Trd, 4318667.443, 97
Trd, 4318668.443, 107
Trd, 4318669.443, 96
Trd, 4318670.393, 100
Trd, 4318670.443, 100
Trd, 4318670.643, 94
Trd, 4318674.743, 96
Trd, 4318675.143, 97
Trd, 4318677.443, 95
Trd, 4318678.843, 95
Trd, 4318680.193, 96
Trd, 4318681.143, 94
Trd, 4318681.293, 96
Trd, 4318683.093, 96
Trd, 4318683.643, 96
Trd, 4318684.693, 95
Trd, 4318687.343, 96
Trd, 4318688.543, 95
Trd, 4318690.743, 96
Trd, 4318692.293, 96
Trd, 4318692.843, 95
Trd, 4318692.943, 97
Trd, 4318694.993, 95
Trd, 4318695.593, 92
Trd, 4318696.043, 97
Trd, 4318698.043, 97
Trd, 4318698.343, 93
Trd, 4318699.293, 87
Trd, 4318700.993, 98
Trd, 4318701.343, 91
Trd, 4318704.543, 94
Trd, 4318705.143, 97
Trd, 4318706.393, 107
Trd, 4318708.893, 98
Trd, 4318710.043, 95
Trd, 4318711.093, 95
Trd, 4318711.293, 97
Trd, 4318711.393, 97
Trd, 4318713.993, 95
Trd, 4318715.393, 97
Trd, 4318716.293, 96
Trd, 4318716.543, 98
Trd, 4318718.843, 95
Trd, 4318718.943, 98
Trd, 4318721.093, 98
Trd, 4318721.443, 97
Trd, 4318723.043, 97
Trd, 4318725.493, 95
Trd, 4318730.843, 97
Trd, 4318731.043, 97
Trd, 4318731.393, 98
Trd, 4318731.543, 94
Trd, 4318733.243, 94
Trd, 4318733.393, 87
Trd, 4318735.693, 96
Trd, 4318736.343, 96
Trd, 4318737.693, 96
Trd, 4318739.593, 95
Trd, 4318740.093, 94
Trd, 4318740.243, 92
Trd, 4318740.643, 95
Trd, 4318742.143, 92
Trd, 4318743.943, 91
Trd, 4318744.793, 91
Trd, 4318745.293, 90
Trd, 4318747.593, 91
Trd, 4318747.843, 96
Trd, 4318750.143, 96
Trd, 4318751.693, 96
Trd, 4318752.793, 96
Trd, 4318753.393, 95
Trd, 4318753.993, 113
Trd, 4318754.893, 85
Trd, 4318755.993, 96
Trd, 4318756.793, 92
Trd, 4318757.593, 86
Trd, 4318758.043, 107
Trd, 4318759.843, 92
Trd, 4318760.643, 86
Trd, 4318761.793, 87
Trd, 4318764.143, 93
Trd, 4318765.793, 92
Trd, 4318765.843, 90
Trd, 4318766.343, 98
Trd, 4318767.843, 87
Trd, 4318768.043, 85
Trd, 4318768.343, 92
Trd, 4318770.993, 95
Trd, 4318772.393, 93
Trd, 4318775.393, 99
Trd, 4318776.243, 101
Trd, 4318776.793, 101
Trd, 4318777.043, 93
Trd, 4318777.743, 93
Trd, 4318778.393, 89
Trd, 4318779.543, 106
Trd, 4318781.143, 97
Trd, 4318781.993, 96
Trd, 4318783.743, 98
Trd, 4318784.243, 96
Trd, 4318785.043, 96
Trd, 4318785.993, 96
Trd, 4318787.193, 98
Trd, 4318789.543, 86
Trd, 4318790.993, 98
Trd, 4318791.643, 95
Trd, 4318792.843, 97
Trd, 4318793.593, 97
Trd, 4318794.693, 96
Trd, 4318794.993, 108
Trd, 4318796.993, 96
Trd, 4318797.443, 68
Trd, 4318797.643, 113
Trd, 4318799.293, 93
Trd, 4318801.143, 102
Trd, 4318802.443, 101
Trd, 4318803.193, 92
Trd, 4318805.243, 101
Trd, 4318807.443, 97
Trd, 4318807.643, 99
Trd, 4318808.143, 96
Trd, 4318808.193, 99
Trd, 4318810.593, 96
Trd, 4318812.143, 98
Trd, 4318813.243, 95
Trd, 4318813.743, 97
Trd, 4318815.343, 95
Trd, 4318816.243, 97
Trd, 4318819.093, 97
Trd, 4318819.443, 94
Trd, 4318820.493, 97
Trd, 4318821.043, 105
Trd, 4318823.393, 95
Trd, 4318824.093, 102
Trd, 4318824.693, 98
Trd, 4318827.493, 95
Trd, 4318828.743, 98
Trd, 4318828.993, 95
Trd, 4318830.143, 98
Trd, 4318831.493, 95
Trd, 4318833.543, 98
Trd, 4318833.843, 109
Trd, 4318835.193, 98
Trd, 4318837.193, 97
Trd, 4318837.843, 100
Trd, 4318837.993, 98
Trd, 4318839.793, 99
Trd, 4318840.843, 97
Trd, 4318842.093, 100
Trd, 4318842.693, 96
Trd, 4318844.643, 99
Trd, 4318845.093, 95
Trd, 4318845.943, 94
Trd, 4318846.293, 98
Trd, 4318847.793, 98
Trd, 4318850.143, 97
Trd, 4318850.643, 96
Trd, 4318851.243, 98
Trd, 4318852.043, 95
Trd, 4318852.293, 98
Trd, 4318856.143, 94
Trd, 4318857.643, 97
Trd, 4318857.793, 97
Trd, 4318857.943, 105
Trd, 4318858.643, 95
Trd, 4318859.343, 99
Trd, 4318859.543, 93
Trd, 4318860.343, 113
Trd, 4318863.793, 95
Trd, 4318863.843, 93
Trd, 4318864.543, 98
Trd, 4318865.943, 94
Trd, 4318866.943, 93
Trd, 4318870.943, 95
Trd, 4318872.043, 96
Trd, 4318872.893, 94
Trd, 4318873.843, 97
Trd, 4318874.093, 93
Trd, 4318875.293, 94
Trd, 4318876.843, 86
Trd, 4318877.243, 92
Trd, 4318878.543, 91
Trd, 4318879.043, 97
Trd, 4318879.543, 94
Trd, 4318880.543, 93
Trd, 4318881.043, 113
Trd, 4318881.293, 94
Trd, 4318883.193, 95
Trd, 4318884.693, 93
Trd, 4318886.293, 93
Trd, 4318886.893, 96
Trd, 4318887.943, 96
Trd, 4318889.443, 96
Trd, 4318889.943, 93
Trd, 4318890.543, 93
Trd, 4318890.893, 110
Trd, 4318891.443, 122
Trd, 4318894.293, 101
Trd, 4318895.243, 104
Trd, 4318896.343, 122
Trd, 4318898.843, 104
Trd, 4318899.193, 102
Trd, 4318902.143, 105
Trd, 4318903.093, 104
Trd, 4318903.293, 103
Trd, 4318903.543, 105
Trd, 4318903.893, 102
Trd, 4318905.043, 105
Trd, 4318905.343, 95
Trd, 4318908.643, 102
Trd, 4318909.943, 104
Trd, 4318912.043, 102
Trd, 4318912.743, 101
Trd, 4318913.093, 103
Trd, 4318913.493, 101
Trd, 4318915.343, 104
Trd, 4318915.443, 100
Trd, 4318915.893, 103
Trd, 4318918.943, 102
Trd, 4318919.043, 101
Trd, 4318920.393, 102
Trd, 4318920.843, 113
Trd, 4318922.343, 103
Trd, 4318923.593, 101
Trd, 4318927.243, 100
Trd, 4318928.293, 104
Trd, 4318928.743, 103
Trd, 4318930.143, 101
Trd, 4318930.993, 100
Trd, 4318931.493, 99
Trd, 4318931.943, 113
Trd, 4318933.193, 111
Trd, 4318934.393, 98
Trd, 4318934.643, 95
Trd, 4318937.243, 101
Trd, 4318937.343, 106
Trd, 4318938.493, 101
Trd, 4318940.193, 104
Trd, 4318941.843, 101
Trd, 4318942.193, 104
Trd, 4318943.743, 100
Trd, 4318944.843, 102
Trd, 4318945.593, 95
Trd, 4318947.143, 104
Trd, 4318949.293, 100
Trd, 4318949.743, 103
Trd, 4318951.443, 99
Trd, 4318955.393, 102
Trd, 4318955.443, 102
Trd, 4318955.493, 98
Trd, 4318957.793, 102
Trd, 4318958.093, 98
Trd, 4318960.743, 98
Trd, 4318960.943, 97
Trd, 4318961.643, 100
Trd, 4318962.693, 100
Trd, 4318962.993, 101
Trd, 4318964.393, 98
Trd, 4318967.943, 100
Trd, 4318968.443, 100
Trd, 4318970.393, 97
Trd, 4318971.443, 95
Trd, 4318971.743, 100
Trd, 4318974.743, 97
Trd, 4318975.743, 100
Trd, 4318977.543, 100
Trd, 4318978.793, 100
Trd, 4318980.643, 100
Trd, 4318981.443, 97
Trd, 4318981.743, 96
Trd, 4318984.643, 100
Trd, 4318985.093, 100
Trd, 4318986.393, 99
Trd, 4318989.143, 95
Trd, 4318990.193, 97
Trd, 4318990.443, 99
Trd, 4318992.293, 98
Trd, 4318993.293, 97
Trd, 4318994.693, 96
Trd, 4318996.193, 95
Trd, 4318996.293, 95
Trd, 4318996.743, 98
Trd, 4318998.193, 86
Trd, 4319000.543, 94
Trd, 4319001.093, 95
Trd, 4319003.993, 94
Trd, 4319004.093, 95
Trd, 4319004.843, 95
Trd, 4319005.093, 96
Trd, 4319005.193, 93
Trd, 4319007.343, 105
Trd, 4319007.393, 113
Trd, 4319009.243, 93
Trd, 4319011.543, 91
Trd, 4319012.493, 90
Trd, 4319013.943, 89
Trd, 4319014.293, 91
Trd, 4319015.043, 93
Trd, 4319015.693, 92
Trd, 4319015.843, 95
Trd, 4319018.243, 91
Trd, 4319019.193, 92
Trd, 4319020.593, 94
Trd, 4319020.643, 111
Trd, 4319022.993, 95
Trd, 4319023.693, 93
Trd, 4319024.343, 95
Trd, 4319024.443, 94
Trd, 4319025.343, 98
Trd, 4319026.093, 87
Trd, 4319027.993, 111
Trd, 4319029.643, 95
Trd, 4319030.243, 94
Trd, 4319031.243, 102
Trd, 4319032.293, 102
Trd, 4319032.643, 99
Trd, 4319033.043, 98
Trd, 4319034.543, 98
Trd, 4319036.393, 99
Trd, 4319037.993, 103
Trd, 4319039.843, 102
Trd, 4319042.343, 102
Trd, 4319043.993, 103
Trd, 4319044.143, 104
Trd, 4319044.743, 101
Trd, 4319044.993, 99
Trd, 4319046.093, 102
Trd, 4319048.893, 100
Trd, 4319050.093, 102
Trd, 4319050.393, 99
Trd, 4319051.693, 102
Trd, 4319052.343, 100
Trd, 4319053.793, 95
Trd, 4319055.943, 87
Trd, 4319056.143, 100
Trd, 4319056.593, 100
Trd, 4319057.493, 95
Trd, 4319058.893, 99
Trd, 4319060.343, 95
Trd, 4319060.693, 100
Trd, 4319063.793, 98
Trd, 4319064.693, 99
Trd, 4319064.743, 94
Trd, 4319067.893, 97
Trd, 4319069.343, 98
Trd, 4319070.043, 99
Trd, 4319071.293, 95
Trd, 4319071.443, 95
Trd, 4319074.593, 95
Trd, 4319074.843, 97
Trd, 4319076.643, 97
Trd, 4319078.443, 95
Trd, 4319080.043, 96
Trd, 4319080.243, 97
Trd, 4319080.693, 94
Trd, 4319083.543, 97
Trd, 4319084.743, 96
Trd, 4319085.843, 95
Trd, 4319086.393, 95
Trd, 4319087.143, 113
Trd, 4319088.593, 96
Trd, 4319090.693, 109
Trd, 4319090.893, 99
Trd, 4319092.793, 101
Trd, 4319094.443, 101
Trd, 4319094.893, 101
Trd, 4319095.343, 102
Trd, 4319096.993, 100
Trd, 4319099.243, 95
Trd, 4319100.243, 98
Trd, 4319101.393, 86
Trd, 4319101.893, 99
Trd, 4319101.993, 100
Trd, 4319104.593, 97
Trd, 4319104.643, 100
Trd, 4319106.693, 96
Trd, 4319107.543, 99
Trd, 4319110.393, 95
Trd, 4319110.493, 85
Trd, 4319110.543, 98
Trd, 4319111.493, 97
Trd, 4319112.843, 96
Trd, 4319113.843, 95
Trd, 4319114.343, 93
Trd, 4319115.493, 96
Trd, 4319115.793, 104
Trd, 4319118.343, 96
Trd, 4319119.943, 95
Trd, 4319120.143, 98
Trd, 4319120.693, 98
Trd, 4319122.093, 99
Trd, 4319122.993, 95
Trd, 4319124.543, 99
Trd, 4319125.643, 99
Trd, 4319126.043, 95
Trd, 4319126.293, 94
Trd, 4319129.443, 99
Trd, 4319130.743, 99
Trd, 4319132.093, 97
Trd, 4319132.693, 96
Trd, 4319135.343, 98
Trd, 4319135.893, 98
Trd, 4319137.193, 96
Trd, 4319138.843, 98
Trd, 4319139.893, 97
Trd, 4319141.043, 96
Trd, 4319143.743, 98
Trd, 4319143.993, 99
Trd, 4319144.643, 98
Trd, 4319146.043, 97
Trd, 4319146.143, 98
Trd, 4319149.093, 96
Trd, 4319149.543, 98
Trd, 4319149.643, 96
Trd, 4319153.893, 95
Trd, 4319154.343, 97
Trd, 4319154.843, 95
Trd, 4319157.943, 96
Trd, 4319158.393, 95
Trd, 4319159.693, 94
Trd, 4319160.743, 94
Trd, 4319162.093, 95
Trd, 4319163.193, 94
Trd, 4319163.793, 95
Trd, 4319163.993, 107
Trd, 4319165.293, 100
Trd, 4319166.293, 113
Trd, 4319167.593, 95
Trd, 4319168.643, 94
Trd, 4319170.743, 96
Trd, 4319171.193, 96
Trd, 4319171.893, 95
Trd, 4319172.993, 96
Trd, 4319175.443, 95
Trd, 4319175.793, 94
Trd, 4319176.593, 95
Trd, 4319177.243, 107
Trd, 4319177.543, 95
Trd, 4319178.343, 113
Trd, 4319179.743, 97
Trd, 4319180.643, 96
Trd, 4319180.693, 96
Trd, 4319182.343, 97
Trd, 4319183.143, 85
Trd, 4319184.393, 94
Trd, 4319185.393, 86
Trd, 4319185.443, 84
Trd, 4319187.143, 93
Trd, 4319188.193, 93
Trd, 4319188.493, 92
Trd, 4319188.543, 89
Trd, 4319190.943, 95
Trd, 4319192.593, 91
Trd, 4319193.743, 91
Trd, 4319194.793, 92
Trd, 4319196.443, 91
Trd, 4319196.693, 92
Trd, 4319198.493, 94
Trd, 4319200.343, 94
Trd, 4319200.393, 96
Trd, 4319203.143, 94
Trd, 4319204.543, 93
Trd, 4319205.143, 95
Trd, 4319206.293, 93
Trd, 4319206.543, 94
Trd, 4319207.243, 113
Trd, 4319209.743, 102
Trd, 4319210.143, 100
Trd, 4319211.393, 100
Trd, 4319211.493, 95
Trd, 4319212.143, 100
Trd, 4319214.943, 99
Trd, 4319215.293, 103
Trd, 4319215.493, 113
Trd, 4319216.693, 107
Trd, 4319217.593, 99
Trd, 4319218.843, 97
Trd, 4319221.493, 99
Trd, 4319222.793, 103
Trd, 4319223.993, 103
Trd, 4319225.793, 98
Trd, 4319227.093, 102
Trd, 4319229.843, 101
Trd, 4319231.393, 100
Trd, 4319231.493, 101
Trd, 4319232.143, 98
Trd, 4319234.343, 99
Trd, 4319235.993, 103
Trd, 4319237.043, 101
Trd, 4319237.093, 101
Trd, 4319238.893, 86
Trd, 4319239.593, 101
Trd, 4319239.993, 98
Trd, 4319240.743, 105
Trd, 4319242.093, 98
Trd, 4319242.643, 97
Trd, 4319244.493, 98
Trd, 4319245.543, 98
Trd, 4319246.493, 99
Trd, 4319248.493, 96
Trd, 4319249.393, 98
Trd, 4319250.743, 98
Trd, 4319250.893, 96
Trd, 4319251.793, 95
Trd, 4319253.543, 90
Trd, 4319254.743, 92
Trd, 4319255.243, 95
Trd, 4319256.243, 109
Trd, 4319259.893, 96
Trd, 4319260.443, 95
Trd, 4319260.843, 96
Trd, 4319261.593, 96
Trd, 4319262.243, 96
Trd, 4319262.793, 104
Trd, 4319263.643, 95
Trd, 4319264.293, 94
Trd, 4319265.743, 95
Trd, 4319268.493, 94
Trd, 4319268.893, 85
Trd, 4319269.793, 97
Trd, 4319270.843, 88
Trd, 4319271.093, 97
Trd, 4319272.843, 97
Trd, 4319273.693, 93
Trd, 4319273.893, 68
Trd, 4319276.443, 95
Trd, 4319276.943, 93
Trd, 4319278.343, 94
Trd, 4319278.593, 87
Trd, 4319278.643, 85
Trd, 4319278.943, 107
Trd, 4319280.643, 95
Trd, 4319281.143, 96
Trd, 4319282.343, 94
Trd, 4319283.343, 95
Trd, 4319284.843, 95
Trd, 4319285.593, 95
Trd, 4319286.993, 95
Trd, 4319288.293, 96
Trd, 4319288.343, 113
Trd, 4319291.393, 97
Trd, 4319291.893, 96
Trd, 4319292.593, 96
Trd, 4319295.393, 98
Trd, 4319296.093, 98
Trd, 4319296.843, 105
Trd, 4319297.293, 95
Trd, 4319297.943, 95
Trd, 4319298.543, 102
Trd, 4319298.643, 102
Trd, 4319299.643, 87
Trd, 4319302.443, 87
Trd, 4319304.143, 86
Trd, 4319305.843, 89
Trd, 4319306.343, 90
Trd, 4319307.843, 106
Trd, 4319308.193, 113
Trd, 4319310.593, 93
Trd, 4319311.043, 95
Trd, 4319311.143, 94
Trd, 4319312.293, 93
Trd, 4319314.943, 94
Trd, 4319315.593, 95
Trd, 4319316.243, 97
Trd, 4319317.743, 92
Trd, 4319320.743, 96
Trd, 4319321.043, 95
Trd, 4319321.643, 95
Trd, 4319322.843, 104
Trd, 4319322.993, 94
Trd, 4319324.793, 113
Trd, 4319325.343, 95
Trd, 4319326.993, 101
Trd, 4319328.693, 101
Trd, 4319329.093, 98
Trd, 4319329.243, 102
Trd, 4319329.393, 97
Trd, 4319333.093, 100
Trd, 4319333.643, 98
Trd, 4319335.143, 97
Trd, 4319335.893, 100
Trd, 4319337.693, 100
Trd, 4319338.443, 101
Trd, 4319340.943, 101
Trd, 4319341.393, 100
Trd, 4319342.193, 106
Trd, 4319342.993, 95
Trd, 4319344.493, 103
Trd, 4319344.693, 98
Trd, 4319346.993, 87
Trd, 4319348.643, 98
Trd, 4319349.393, 91
Trd, 4319351.943, 96
Trd, 4319353.593, 97
Trd, 4319354.243, 95
Trd, 4319354.343, 95
Trd, 4319355.243, 99
Trd, 4319356.393, 104
Trd, 4319357.543, 97
Trd, 4319360.343, 96
Trd, 4319361.993, 97
Trd, 4319363.243, 99
Trd, 4319363.293, 99
Trd, 4319363.993, 99
Trd, 4319364.943, 96
Trd, 4319365.343, 95
Trd, 4319367.593, 99
Trd, 4319369.393, 100
Trd, 4319370.793, 100
Trd, 4319370.893, 96
Trd, 4319371.843, 95
Trd, 4319375.943, 99
Trd, 4319376.343, 99
Trd, 4319376.643, 97
Trd, 4319378.243, 96
Trd, 4319379.043, 98
Trd, 4319379.693, 99
Trd, 4319380.993, 96
Trd, 4319381.443, 95
Trd, 4319384.143, 89
Trd, 4319386.843, 99
Trd, 4319388.293, 95
Trd, 4319389.193, 98
Trd, 4319389.493, 96
Trd, 4319390.343, 98
Trd, 4319391.043, 98
Trd, 4319392.793, 95
Trd, 4319396.343, 106
Trd, 4319397.393, 96
Trd, 4319397.743, 99
Trd, 4319398.193, 95
Trd, 4319400.793, 99
Trd, 4319401.843, 99
Trd, 4319402.643, 96
Trd, 4319403.043, 96
Trd, 4319404.093, 99
Trd, 4319404.443, 95
Trd, 4319405.843, 99
Trd, 4319407.143, 99
Trd, 4319409.543, 96
Trd, 4319410.693, 95
Trd, 4319412.443, 99
Trd, 4319413.593, 98
Trd, 4319415.043, 96
Trd, 4319415.643, 95
Trd, 4319418.443, 98
Trd, 4319418.993, 95
Trd, 4319421.093, 98
Trd, 4319422.143, 94
Trd, 4319423.193, 86
Trd, 4319424.293, 92
Trd, 4319425.093, 113
Trd, 4319426.243, 101
Trd, 4319427.493, 96
Trd, 4319428.343, 98
Trd, 4319428.493, 95
Trd, 4319429.993, 95
Trd, 4319433.493, 97
Trd, 4319434.043, 95
Trd, 4319434.343, 96
Trd, 4319435.493, 105
Trd, 4319435.993, 113
Trd, 4319437.543, 95
Trd, 4319439.743, 95
Trd, 4319440.193, 99
Trd, 4319440.493, 96
Trd, 4319442.943, 99
Trd, 4319443.493, 95
Trd, 4319444.643, 98
Trd, 4319446.193, 98
Trd, 4319448.593, 95
Trd, 4319449.693, 95
Trd, 4319450.243, 94
Trd, 4319451.543, 67
Trd, 4319453.543, 98
Trd, 4319453.743, 98
Trd, 4319456.493, 93
Trd, 4319459.293, 97
Trd, 4319459.793, 96
Trd, 4319459.893, 95
Trd, 4319462.043, 95
Trd, 4319464.243, 95
Trd, 4319464.943, 96
Trd, 4319466.193, 94
Trd, 4319466.693, 96
Trd, 4319469.643, 94
Trd, 4319470.893, 93
Trd, 4319470.943, 95
Trd, 4319471.893, 92
Trd, 4319473.243, 91
Trd, 4319474.293, 95
Trd, 4319475.993, 91
Trd, 4319476.743, 95
Trd, 4319478.343, 93
Trd, 4319479.393, 95
Trd, 4319481.543, 95
Trd, 4319482.493, 96
Trd, 4319483.393, 93
Trd, 4319483.693, 105
Trd, 4319486.643, 95
Trd, 4319487.643, 96
Trd, 4319490.193, 96
Trd, 4319492.193, 97
Trd, 4319492.293, 95
Trd, 4319492.993, 98
Trd, 4319493.893, 97
Trd, 4319494.543, 96
Trd, 4319496.143, 97
Trd, 4319497.093, 106
Trd, 4319499.343, 96
Trd, 4319499.593, 95
Trd, 4319501.543, 98
Trd, 4319502.393, 96
Trd, 4319503.243, 97
Trd, 4319505.993, 95
Trd, 4319506.393, 95
Trd, 4319507.393, 98
Trd, 4319509.393, 98
Trd, 4319509.993, 98
Trd, 4319510.043, 96
Trd, 4319510.143, 99
Trd, 4319511.493, 99
Trd, 4319513.993, 105
Trd, 4319514.043, 99
Trd, 4319515.293, 98
Trd, 4319517.043, 100
Trd, 4319518.793, 100
Trd, 4319519.043, 95
Trd, 4319522.043, 96
Trd, 4319522.093, 96
Trd, 4319522.793, 96
Trd, 4319524.993, 95
Trd, 4319526.793, 96
Trd, 4319526.843, 95
Trd, 4319527.943, 94
Trd, 4319528.943, 95
Trd, 4319529.293, 92
Trd, 4319531.393, 96
Trd, 4319532.343, 97
Trd, 4319532.743, 92
Trd, 4319533.843, 97
Trd, 4319534.943, 97
Trd, 4319536.593, 97
Trd, 4319538.793, 96
Trd, 4319539.393, 98
Trd, 4319541.643, 97
Trd, 4319542.093, 96
Trd, 4319542.893, 98
Trd, 4319545.993, 97
Trd, 4319546.143, 95
Trd, 4319546.543, 99
Trd, 4319547.593, 94
Trd, 4319547.843, 98
Trd, 4319549.493, 98
Trd, 4319550.993, 99
Trd, 4319553.143, 108
Trd, 4319553.543, 98
Trd, 4319555.043, 99
Trd, 4319556.443, 103
Trd, 4319557.793, 104
Trd, 4319558.693, 102
Trd, 4319559.393, 98
Trd, 4319562.293, 98
Trd, 4319564.443, 97
Trd, 4319564.993, 95
Trd, 4319566.293, 101
Trd, 4319568.693, 98
Trd, 4319569.093, 100
Trd, 4319570.693, 99
Trd, 4319571.043, 97
Trd, 4319571.393, 107
Trd, 4319574.243, 101
Trd, 4319574.593, 96
Trd, 4319576.793, 103
Trd, 4319578.243, 102
Trd, 4319580.543, 101
Trd, 4319582.543, 102
Trd, 4319583.193, 100
Trd, 4319583.743, 101
Trd, 4319586.643, 102
Trd, 4319587.393, 99
Trd, 4319588.193, 101
Trd, 4319589.793, 101
Trd, 4319591.593, 100
Trd, 4319592.343, 101
Trd, 4319592.793, 102
Trd, 4319593.093, 98
Trd, 4319594.593, 103
Trd, 4319595.293, 101
Trd, 4319597.043, 99
Trd, 4319599.893, 96
Trd, 4319601.043, 86
Trd, 4319602.593, 86
Trd, 4319602.693, 93
Trd, 4319603.693, 96
Trd, 4319604.243, 105
Trd, 4319605.193, 113
Trd, 4319605.293, 93
Trd, 4319608.193, 95
Trd, 4319609.343, 98
Trd, 4319610.193, 94
Trd, 4319611.493, 97
Trd, 4319614.393, 95
Trd, 4319614.743, 97
Trd, 4319616.243, 96
Trd, 4319616.693, 96
Trd, 4319617.193, 96
Trd, 4319619.243, 95
Trd, 4319621.043, 94
Trd, 4319621.093, 86
Trd, 4319621.443, 95
Trd, 4319623.943, 95
Trd, 4319625.143, 92
Trd, 4319625.593, 88
Trd, 4319625.893, 95
Trd, 4319630.843, 94
Trd, 4319631.093, 93
Trd, 4319631.343, 95
Trd, 4319632.993, 92
Trd, 4319633.893, 95
Trd, 4319634.593, 95
Trd, 4319635.093, 95
Trd, 4319636.343, 95
Trd, 4319637.643, 94
Trd, 4319639.043, 95
Trd, 4319639.193, 94
Trd, 4319639.293, 93
Trd, 4319643.043, 95
Trd, 4319643.393, 96
Trd, 4319644.143, 95
Trd, 4319645.093, 93
Trd, 4319645.543, 93
Trd, 4319645.893, 94
Trd, 4319647.143, 94
Trd, 4319647.243, 92
Trd, 4319651.293, 93
Trd, 4319653.693, 94
Trd, 4319653.993, 94
Trd, 4319654.293, 92
Trd, 4319655.543, 95
Trd, 4319656.393, 95
Trd, 4319657.393, 96
Trd, 4319658.443, 105
Trd, 4319659.093, 95
Trd, 4319660.443, 97
Trd, 4319660.493, 100
Trd, 4319661.743, 100
Trd, 4319663.593, 96
Trd, 4319666.143, 99
Trd, 4319666.893, 99
Trd, 4319668.593, 98
Trd, 4319669.093, 96
Trd, 4319670.193, 96
Trd, 4319671.693, 110
Trd, 4319671.743, 96
Trd, 4319673.393, 97
Trd, 4319673.493, 103
Trd, 4319675.193, 100
Trd, 4319675.993, 99
Trd, 4319678.393, 96
Trd, 4319678.543, 68
Trd, 4319680.093, 92
Trd, 4319680.743, 91
Trd, 4319682.243, 95
Trd, 4319683.343, 90
Trd, 4319684.493, 95
Trd, 4319686.493, 89
Trd, 4319687.443, 96
Trd, 4319688.093, 95
Trd, 4319688.893, 88
Trd, 4319691.393, 90
Trd, 4319693.043, 94
Trd, 4319693.093, 97
Trd, 4319695.993, 95
Trd, 4319697.093, 95
Trd, 4319697.893, 93
Trd, 4319699.243, 93
Trd, 4319699.743, 92
Trd, 4319700.293, 95
Trd, 4319703.093, 95
Trd, 4319703.293, 95
Trd, 4319703.443, 96
Trd, 4319705.293, 113
Trd, 4319705.693, 130
Trd, 4319705.743, 95
Trd, 4319706.993, 105
Trd, 4319710.143, 85
Trd, 4319710.393, 86
Trd, 4319710.993, 97
Trd, 4319711.093, 100
Trd, 4319712.443, 97
Trd, 4319713.193, 96
Trd, 4319715.143, 97
Trd, 4319716.143, 95
Trd, 4319717.243, 95
Trd, 4319718.293, 95
Trd, 4319718.693, 97
Trd, 4319719.743, 113
Trd, 4319720.843, 99
Trd, 4319722.493, 98
Trd, 4319724.243, 103
Trd, 4319724.843, 97
Trd, 4319724.993, 104
Trd, 4319725.743, 104
Trd, 4319728.593, 99
Trd, 4319730.293, 86
Trd, 4319730.443, 95
Trd, 4319731.093, 96
Trd, 4319731.143, 84
Trd, 4319732.643, 94
Trd, 4319733.993, 95
Trd, 4319734.843, 95
Trd, 4319735.593, 95
Trd, 4319737.393, 95
Trd, 4319737.543, 94
Trd, 4319738.643, 95
Trd, 4319739.643, 107
Trd, 4319739.993, 94
Trd, 4319741.043, 93
Trd, 4319741.143, 100
Trd, 4319741.243, 113
Trd, 4319744.093, 105
Trd, 4319745.343, 100
Trd, 4319746.693, 105
Trd, 4319748.443, 100
Trd, 4319749.743, 99
Trd, 4319751.593, 102
Trd, 4319752.043, 99
Trd, 4319754.693, 101
Trd, 4319755.543, 98
Trd, 4319755.593, 100
Trd, 4319758.743, 98
Trd, 4319759.643, 100
Trd, 4319759.993, 97
Trd, 4319762.143, 99
Trd, 4319763.093, 96
Trd, 4319765.593, 99
Trd, 4319766.043, 99
Trd, 4319766.543, 98
Trd, 4319767.443, 97
Trd, 4319768.793, 99
Trd, 4319769.043, 98
Trd, 4319770.843, 98
Trd, 4319771.943, 98
Trd, 4319773.343, 98
Trd, 4319773.693, 96
Trd, 4319773.843, 104
Trd, 4319775.643, 96
Trd, 4319778.043, 99
Trd, 4319778.343, 100
Trd, 4319779.193, 95
Trd, 4319781.343, 96
Trd, 4319782.793, 99
Trd, 4319783.443, 95
Trd, 4319784.693, 99
Trd, 4319784.993, 94
Trd, 4319787.993, 95
Trd, 4319788.343, 94
Trd, 4319789.543, 95
Trd, 4319790.343, 110
Trd, 4319790.493, 93
Trd, 4319791.943, 83
Trd, 4319792.293, 96
Trd, 4319792.643, 91
Trd, 4319794.093, 90
Trd, 4319794.443, 92
Trd, 4319795.193, 94
Trd, 4319798.643, 90
Trd, 4319799.093, 89
Trd, 4319799.543, 93
Trd, 4319800.943, 93
Trd, 4319803.143, 104
Trd, 4319803.493, 93
Trd, 4319804.143, 92
Trd, 4319805.893, 95
Trd, 4319807.093, 95
Trd, 4319807.793, 96
Trd, 4319808.843, 96
Trd, 4319810.243, 94
Trd, 4319811.043, 95
Trd, 4319812.143, 95
Trd, 4319812.943, 89
Trd, 4319816.593, 95
Trd, 4319817.043, 94
Trd, 4319817.143, 93
Trd, 4319817.393, 107
Trd, 4319820.093, 95
Trd, 4319820.593, 95
Trd, 4319821.243, 95
Trd, 4319822.543, 113
Trd, 4319824.443, 102
Trd, 4319824.493, 96
Trd, 4319826.393, 103
Trd, 4319828.343, 97
Trd, 4319828.793, 100
Trd, 4319829.293, 100
Trd, 4319829.393, 96
Trd, 4319834.393, 96
Trd, 4319835.043, 99
Trd, 4319835.743, 99
Trd, 4319836.443, 95
Trd, 4319839.593, 97
Trd, 4319840.993, 98
Trd, 4319841.593, 98
Trd, 4319842.493, 96
Trd, 4319843.893, 95
Trd, 4319845.543, 96
Trd, 4319848.293, 107
Trd, 4319848.943, 113
Trd, 4319851.443, 101
Trd, 4319851.493, 102
Trd, 4319852.393, 95
Trd, 4319854.643, 97
Trd, 4319854.943, 96
Trd, 4319856.643, 97
Trd, 4319856.693, 97
Trd, 4319858.793, 94
Trd, 4319860.143, 97
Trd, 4319860.543, 97
Trd, 4319861.143, 98
Trd, 4319864.093, 95
Trd, 4319864.243, 95
Trd, 4319864.943, 113
Trd, 4319864.993, 96
Trd, 4319867.393, 103
Trd, 4319869.043, 96
Trd, 4319873.393, 99
Trd, 4319873.543, 98
Trd, 4319873.593, 95
Trd, 4319875.593, 97
Trd, 4319877.243, 96
Trd, 4319877.293, 95
Trd, 4319878.193, 97
Trd, 4319879.843, 98
Trd, 4319881.193, 99
Trd, 4319881.943, 101
Trd, 4319882.993, 113
Trd, 4319883.593, 100
Trd, 4319885.593, 100
Trd, 4319885.993, 105
Trd, 4319886.143, 86
Trd, 4319886.793, 102
Trd, 4319889.693, 105
Trd, 4319889.843, 113
Trd, 4319890.843, 100
Trd, 4319892.793, 103
Trd, 4319894.093, 105
Trd, 4319895.093, 104
Trd, 4319896.943, 101
Trd, 4319897.943, 102
Trd, 4319898.443, 100
Trd, 4319902.593, 104
Trd, 4319902.943, 100
Trd, 4319903.993, 95
Trd, 4319904.143, 103
Trd, 4319906.093, 113
Trd, 4319907.393, 98
Trd, 4319907.893, 97
Trd, 4319908.643, 104
Trd, 4319911.393, 102
Trd, 4319912.943, 102
Trd, 4319913.143, 97
Trd, 4319914.543, 101
Trd, 4319916.193, 102
Trd, 4319916.393, 99
Trd, 4319917.493, 102
Trd, 4319921.493, 102
Trd, 4319922.393, 102
Trd, 4319922.543, 99
Trd, 4319922.943, 97
Trd, 4319923.443, 102
Trd, 4319924.243, 107
Trd, 4319924.543, 95
Trd, 4319928.143, 104
Trd, 4319929.893, 104
Trd, 4319930.093, 106
Trd, 4319930.343, 101
Trd, 4319930.843, 100
Trd, 4319932.743, 105
Trd, 4319934.193, 100
Trd, 4319936.193, 103
Trd, 4319936.743, 101
Trd, 4319937.193, 100
Trd, 4319938.743, 101
Trd, 4319939.243, 103
Trd, 4319939.443, 99
Trd, 4319940.093, 113
Trd, 4319940.493, 106
Trd, 4319942.443, 96
Trd, 4319943.043, 104
Trd, 4319944.693, 99
Trd, 4319944.793, 104
Trd, 4319948.243, 113
Trd, 4319949.143, 98
Trd, 4319949.993, 102
Trd, 4319950.343, 104
Trd, 4319952.643, 101
Trd, 4319953.993, 101
Trd, 4319954.243, 101
Trd, 4319955.243, 98
Trd, 4319956.293, 96
Trd, 4319958.043, 88
Trd, 4319958.993, 96
Trd, 4319960.643, 95
Trd, 4319960.893, 105
Trd, 4319963.543, 97
Trd, 4319963.793, 97
Trd, 4319964.143, 95
Trd, 4319964.393, 94
Trd, 4319966.493, 97
Trd, 4319968.143, 97
Trd, 4319968.893, 99
Trd, 4319969.393, 99
Trd, 4319970.093, 100
Trd, 4319971.143, 101
Trd, 4319971.243, 99
Trd, 4319973.093, 97
Trd, 4319975.093, 113
Trd, 4319976.343, 100
Trd, 4319977.843, 99
Trd, 4319978.443, 101
Trd, 4319979.243, 102
Trd, 4319980.443, 98
Trd, 4319981.293, 97
Trd, 4319983.093, 101
Trd, 4319983.543, 97
Trd, 4319984.393, 101
Trd, 4319988.443, 101
Trd, 4319989.043, 97
Trd, 4319990.593, 102
Trd, 4319991.393, 96
Trd, 4319992.493, 98
Trd, 4319993.193, 100
Trd, 4319993.493, 108
Trd, 4319996.393, 97
Trd, 4319996.943, 102
Trd, 4319997.693, 102
