Trd, 4317849.993, 108
Trd, 4317850.543, 105
Trd, 4317851.943, 104
Trd, 4317855.893, 105
Trd, 4317857.243, 105
Trd, 4317857.593, 109
Trd, 4317857.643, 104
Trd, 4317862.193, 96
Trd, 4317862.343, 99
Trd, 4317862.993, 113
Trd, 4317866.143, 102
Trd, 4317866.393, 103
Trd, 4317868.343, 105
Trd, 4317871.843, 102
Trd, 4317872.493, 105
Trd, 4317873.643, 102
Trd, 4317875.243, 101
Trd, 4317875.593, 113
Trd, 4317876.493, 102
Trd, 4317877.843, 94
Trd, 4317879.643, 99
Trd, 4317880.543, 101
Trd, 4317882.693, 100
Trd, 4317883.193, 99
Trd, 4317886.293, 97
Trd, 4317886.443, 97
Trd, 4317886.493, 97
Trd, 4317887.693, 113
Trd, 4317889.643, 96
Trd, 4317890.393, 97
Trd, 4317891.243, 96
Trd, 4317892.193, 97
Trd, 4317892.243, 113
Trd, 4317893.793, 101
Trd, 4317894.393, 96
Trd, 4317895.743, 103
Trd, 4317898.543, 99
Trd, 4317899.093, 96
Trd, 4317899.193, 95
Trd, 4317899.893, 96
Trd, 4317901.243, 96
Trd, 4317904.943, 96
Trd, 4317906.393, 96
Trd, 4317906.843, 95
Trd, 4317907.893, 97
Trd, 4317908.943, 123
Trd, 4317912.193, 98
Trd, 4317915.043, 102
Trd, 4317915.593, 104
Trd, 4317916.293, 102
Trd, 4317918.843, 100
Trd, 4317919.343, 100
Trd, 4317920.693, 99
Trd, 4317923.443, 99
Trd, 4317923.943, 99
Trd, 4317923.993, 101
Trd, 4317925.743, 101
Trd, 4317926.593, 123
Trd, 4317928.493, 101
Trd, 4317929.143, 94
Trd, 4317931.443, 101
Trd, 4317933.543, 103
Trd, 4317934.243, 103
Trd, 4317934.343, 103
Trd, 4317938.743, 103
Trd, 4317939.293, 104
Trd, 4317940.343, 104
Trd, 4317942.143, 105
Trd, 4317942.493, 103
Trd, 4317943.393, 93
Trd, 4317943.643, 102
Trd, 4317944.393, 105
Trd, 4317946.093, 86
Trd, 4317947.243, 101
Trd, 4317948.893, 106
Trd, 4317950.893, 105
Trd, 4317952.843, 97
Trd, 4317954.843, 99
Trd, 4317956.093, 100
Trd, 4317957.543, 99
Trd, 4317957.793, 98
Trd, 4317958.993, 99
Trd, 4317959.693, 96
Trd, 4317961.143, 101
Trd, 4317964.843, 95
Trd, 4317965.243, 98
Trd, 4317966.793, 95
Trd, 4317966.993, 96
Trd, 4317968.293, 95
Trd, 4317969.793, 97
Trd, 4317969.893, 113
Trd, 4317973.493, 95
Trd, 4317974.793, 95
Trd, 4317975.443, 94
Trd, 4317975.893, 93
Trd, 4317976.193, 95
Trd, 4317976.793, 121
Trd, 4317978.843, 95
Trd, 4317980.293, 94
Trd, 4317981.043, 100
Trd, 4317985.893, 100
Trd, 4317986.193, 100
Trd, 4317986.543, 99
Trd, 4317986.743, 98
Trd, 4317987.443, 99
Trd, 4317989.593, 95
Trd, 4317990.843, 97
Trd, 4317992.093, 97
Trd, 4317992.843, 98
Trd, 4317993.393, 113
Trd, 4317994.543, 95
Trd, 4317995.643, 95
Trd, 4317997.743, 96
Trd, 4318000.543, 97
Trd, 4318001.493, 96
Trd, 4318001.793, 97
Trd, 4318005.393, 94
Trd, 4318006.343, 95
Trd, 4318006.443, 95
Trd, 4318007.393, 94
Trd, 4318007.593, 93
Trd, 4318008.043, 97
Trd, 4318009.843, 104
Trd, 4318011.343, 99
Trd, 4318012.443, 113
Trd, 4318014.693, 99
Trd, 4318015.193, 96
Trd, 4318016.093, 97
Trd, 4318018.043, 96
Trd, 4318018.893, 96
Trd, 4318020.143, 95
Trd, 4318022.493, 92
Trd, 4318023.093, 93
Trd, 4318025.243, 101
Trd, 4318025.293, 100
Trd, 4318026.043, 100
Trd, 4318028.193, 97
Trd, 4318030.143, 95
Trd, 4318030.593, 95
Trd, 4318031.643, 95
Trd, 4318032.693, 86
Trd, 4318033.043, 95
Trd, 4318033.743, 91
Trd, 4318037.993, 101
Trd, 4318038.893, 103
Trd, 4318040.093, 98
Trd, 4318041.193, 97
Trd, 4318041.243, 113
Trd, 4318043.443, 99
Trd, 4318044.143, 99
Trd, 4318045.093, 100
Trd, 4318046.243, 101
Trd, 4318048.843, 96
Trd, 4318049.043, 97
Trd, 4318052.243, 98
Trd, 4318052.893, 98
Trd, 4318053.343, 98
Trd, 4318055.643, 126
Trd, 4318057.643, 101
Trd, 4318058.293, 100
Trd, 4318058.893, 101
Trd, 4318059.143, 103
Trd, 4318062.843, 102
Trd, 4318063.343, 103
Trd, 4318063.893, 104
Trd, 4318066.293, 103
Trd, 4318068.343, 102
Trd, 4318069.593, 95
Trd, 4318070.393, 96
Trd, 4318070.493, 94
Trd, 4318072.443, 90
Trd, 4318072.543, 113
Trd, 4318074.143, 104
Trd, 4318075.593, 104
Trd, 4318076.793, 103
Trd, 4318079.393, 96
Trd, 4318080.543, 96
Trd, 4318081.443, 95
Trd, 4318082.043, 97
Trd, 4318082.543, 113
Trd, 4318084.993, 97
Trd, 4318087.593, 99
Trd, 4318088.343, 102
Trd, 4318090.243, 101
Trd, 4318090.893, 101
Trd, 4318091.443, 102
Trd, 4318091.743, 99
Trd, 4318094.343, 107
Trd, 4318095.793, 106
Trd, 4318097.193, 105
Trd, 4318097.843, 130
Trd, 4318099.243, 105
Trd, 4318100.093, 118
Trd, 4318100.393, 101
Trd, 4318103.943, 109
Trd, 4318105.343, 98
Trd, 4318107.443, 110
Trd, 4318108.943, 107
Trd, 4318111.293, 109
Trd, 4318113.093, 109
Trd, 4318113.443, 108
Trd, 4318114.393, 110
Trd, 4318114.543, 107
Trd, 4318116.543, 111
Trd, 4318120.193, 110
Trd, 4318120.893, 110
Trd, 4318122.793, 109
Trd, 4318124.093, 111
Trd, 4318124.243, 97
Trd, 4318127.743, 100
Trd, 4318129.243, 98
Trd, 4318129.293, 100
Trd, 4318132.193, 98
Trd, 4318132.543, 98
Trd, 4318132.593, 113
Trd, 4318133.943, 104
Trd, 4318134.493, 98
Trd, 4318138.643, 99
Trd, 4318139.243, 98
Trd, 4318140.843, 99
Trd, 4318141.293, 113
Trd, 4318142.543, 102
Trd, 4318146.243, 104
Trd, 4318147.543, 101
Trd, 4318150.443, 98
Trd, 4318154.643, 104
Trd, 4318155.343, 105
Trd, 4318156.443, 104
Trd, 4318156.993, 103
Trd, 4318158.493, 104
Trd, 4318158.643, 105
Trd, 4318158.893, 104
Trd, 4318161.343, 104
Trd, 4318162.343, 104
Trd, 4318164.793, 105
Trd, 4318165.443, 105
Trd, 4318166.193, 105
Trd, 4318169.443, 106
Trd, 4318170.343, 106
Trd, 4318173.143, 102
Trd, 4318174.743, 100
Trd, 4318175.743, 95
Trd, 4318176.093, 96
Trd, 4318178.843, 96
Trd, 4318180.193, 96
Trd, 4318182.693, 101
Trd, 4318183.293, 102
Trd, 4318184.293, 125
Trd, 4318186.193, 102
Trd, 4318188.143, 108
Trd, 4318190.993, 108
Trd, 4318192.093, 108
Trd, 4318193.143, 109
Trd, 4318194.093, 106
Trd, 4318197.143, 95
Trd, 4318197.643, 96
Trd, 4318198.143, 96
Trd, 4318199.493, 96
Trd, 4318200.293, 96
Trd, 4318200.993, 96
Trd, 4318201.793, 104
Trd, 4318202.293, 99
Trd, 4318203.143, 124
Trd, 4318207.643, 102
Trd, 4318208.043, 112
Trd, 4318212.293, 105
Trd, 4318213.293, 105
Trd, 4318215.743, 105
Trd, 4318215.943, 103
Trd, 4318216.093, 104
Trd, 4318216.593, 107
Trd, 4318217.693, 96
Trd, 4318219.543, 97
Trd, 4318220.143, 98
Trd, 4318221.843, 99
Trd, 4318223.443, 98
Trd, 4318223.643, 99
Trd, 4318224.443, 101
Trd, 4318227.743, 105
Trd, 4318228.043, 103
Trd, 4318231.243, 104
Trd, 4318231.693, 102
Trd, 4318233.093, 104
Trd, 4318236.043, 100
Trd, 4318236.543, 104
Trd, 4318238.043, 103
Trd, 4318238.143, 99
Trd, 4318238.943, 101
Trd, 4318241.143, 99
Trd, 4318242.643, 98
Trd, 4318243.693, 97
Trd, 4318244.593, 99
Trd, 4318247.843, 97
Trd, 4318248.593, 99
Trd, 4318250.793, 99
Trd, 4318252.693, 101
Trd, 4318254.943, 98
Trd, 4318255.493, 97
Trd, 4318257.493, 99
Trd, 4318257.593, 101
Trd, 4318259.893, 100
Trd, 4318262.943, 96
Trd, 4318263.893, 97
Trd, 4318264.993, 95
Trd, 4318265.843, 95
Trd, 4318266.743, 95
Trd, 4318267.543, 95
Trd, 4318267.893, 95
Trd, 4318269.393, 94
Trd, 4318270.093, 96
Trd, 4318271.943, 97
Trd, 4318274.743, 95
Trd, 4318274.793, 94
Trd, 4318276.093, 94
Trd, 4318276.343, 113
Trd, 4318278.393, 102
Trd, 4318278.843, 103
Trd, 4318280.443, 99
Trd, 4318281.293, 92
Trd, 4318281.843, 99
Trd, 4318282.743, 98
Trd, 4318284.093, 124
Trd, 4318285.293, 103
Trd, 4318288.593, 103
Trd, 4318291.343, 96
Trd, 4318291.893, 96
Trd, 4318292.143, 97
Trd, 4318293.543, 97
Trd, 4318293.693, 113
Trd, 4318296.543, 99
Trd, 4318299.193, 103
Trd, 4318299.693, 102
Trd, 4318300.693, 100
Trd, 4318301.893, 99
Trd, 4318302.143, 99
Trd, 4318302.243, 103
Trd, 4318306.093, 99
Trd, 4318306.693, 102
Trd, 4318309.393, 100
Trd, 4318309.493, 100
Trd, 4318310.343, 98
Trd, 4318310.543, 113
Trd, 4318311.643, 98
Trd, 4318312.043, 103
Trd, 4318314.993, 95
Trd, 4318315.493, 94
Trd, 4318316.393, 97
Trd, 4318316.493, 98
Trd, 4318319.143, 89
Trd, 4318319.693, 89
Trd, 4318320.843, 88
Trd, 4318321.893, 87
Trd, 4318324.643, 88
Trd, 4318326.243, 90
Trd, 4318328.393, 95
Trd, 4318329.493, 94
Trd, 4318331.293, 98
Trd, 4318331.443, 113
Trd, 4318333.243, 101
Trd, 4318333.293, 105
Trd, 4318334.793, 101
Trd, 4318334.943, 106
Trd, 4318337.393, 109
Trd, 4318337.493, 108
Trd, 4318338.193, 107
Trd, 4318340.393, 100
Trd, 4318341.443, 105
Trd, 4318344.593, 106
Trd, 4318345.593, 113
Trd, 4318348.093, 96
Trd, 4318348.743, 100
Trd, 4318349.843, 126
Trd, 4318352.093, 109
Trd, 4318353.243, 107
Trd, 4318355.293, 100
Trd, 4318356.043, 110
Trd, 4318359.093, 111
Trd, 4318359.793, 107
Trd, 4318362.343, 105
Trd, 4318363.643, 101
Trd, 4318365.393, 109
Trd, 4318366.043, 109
Trd, 4318366.093, 107
Trd, 4318369.393, 107
Trd, 4318369.893, 109
Trd, 4318371.893, 108
Trd, 4318372.343, 94
Trd, 4318374.843, 105
Trd, 4318375.543, 113
Trd, 4318376.593, 104
Trd, 4318379.693, 98
Trd, 4318380.943, 97
Trd, 4318381.693, 95
Trd, 4318382.093, 94
Trd, 4318382.993, 94
Trd, 4318384.643, 94
Trd, 4318385.543, 94
Trd, 4318386.593, 95
Trd, 4318387.193, 105
Trd, 4318389.393, 120
Trd, 4318389.443, 95
Trd, 4318391.743, 97
Trd, 4318393.243, 98
Trd, 4318393.393, 93
Trd, 4318396.943, 99
Trd, 4318399.093, 96
Trd, 4318399.693, 97
Trd, 4318400.893, 96
Trd, 4318401.743, 97
Trd, 4318402.593, 97
Trd, 4318404.993, 96
Trd, 4318406.143, 97
Trd, 4318407.693, 97
Trd, 4318408.993, 98
Trd, 4318410.393, 102
Trd, 4318410.743, 100
Trd, 4318414.443, 100
Trd, 4318415.143, 100
Trd, 4318415.693, 99
Trd, 4318415.743, 102
Trd, 4318417.493, 101
Trd, 4318418.543, 103
Trd, 4318419.943, 103
Trd, 4318420.393, 102
Trd, 4318421.593, 101
Trd, 4318423.143, 113
Trd, 4318425.243, 102
Trd, 4318426.643, 102
Trd, 4318428.793, 105
Trd, 4318429.893, 104
Trd, 4318430.893, 102
Trd, 4318433.093, 105
Trd, 4318433.293, 105
Trd, 4318435.293, 105
Trd, 4318435.943, 102
Trd, 4318437.593, 101
Trd, 4318438.943, 111
Trd, 4318439.843, 112
Trd, 4318440.593, 123
Trd, 4318442.443, 118
Trd, 4318442.643, 123
Trd, 4318444.093, 121
Trd, 4318444.693, 120
Trd, 4318449.043, 113
Trd, 4318450.293, 117
Trd, 4318452.893, 112
Trd, 4318454.943, 116
Trd, 4318455.093, 100
Trd, 4318458.793, 99
Trd, 4318459.743, 101
Trd, 4318461.043, 102
Trd, 4318462.693, 102
Trd, 4318463.893, 102
Trd, 4318465.043, 103
Trd, 4318465.493, 120
Trd, 4318468.243, 109
Trd, 4318470.193, 109
Trd, 4318470.443, 108
Trd, 4318472.643, 108
Trd, 4318473.143, 107
Trd, 4318475.493, 109
Trd, 4318477.093, 100
Trd, 4318478.993, 106
Trd, 4318481.093, 105
Trd, 4318482.493, 106
Trd, 4318482.993, 106
Trd, 4318483.043, 105
Trd, 4318486.543, 104
Trd, 4318488.593, 102
Trd, 4318488.843, 102
Trd, 4318490.243, 102
Trd, 4318492.093, 102
Trd, 4318493.943, 104
Trd, 4318494.893, 101
Trd, 4318495.693, 94
Trd, 4318496.743, 98
Trd, 4318496.893, 100
Trd, 4318497.243, 116
Trd, 4318497.493, 124
Trd, 4318501.193, 100
Trd, 4318502.443, 97
Trd, 4318505.743, 96
Trd, 4318506.743, 96
Trd, 4318507.093, 124
Trd, 4318509.843, 103
Trd, 4318510.093, 102
Trd, 4318512.193, 104
Trd, 4318515.143, 104
Trd, 4318515.543, 102
Trd, 4318516.893, 105
Trd, 4318518.093, 101
Trd, 4318521.193, 101
Trd, 4318522.443, 101
Trd, 4318522.593, 102
Trd, 4318524.043, 103
Trd, 4318526.393, 104
Trd, 4318526.493, 104
Trd, 4318528.193, 101
Trd, 4318529.993, 103
Trd, 4318530.643, 105
Trd, 4318531.543, 104
Trd, 4318534.093, 104
Trd, 4318534.343, 105
Trd, 4318535.343, 105
Trd, 4318537.543, 104
Trd, 4318537.943, 113
Trd, 4318539.943, 109
Trd, 4318542.843, 103
Trd, 4318543.693, 103
Trd, 4318545.493, 102
Trd, 4318546.043, 102
Trd, 4318547.143, 102
Trd, 4318548.443, 101
Trd, 4318550.493, 101
Trd, 4318552.293, 101
Trd, 4318552.393, 100
Trd, 4318553.543, 102
Trd, 4318555.493, 102
Trd, 4318556.493, 102
Trd, 4318556.843, 113
Trd, 4318557.593, 101
Trd, 4318562.243, 105
Trd, 4318563.993, 104
Trd, 4318564.143, 106
Trd, 4318564.893, 105
Trd, 4318567.143, 94
Trd, 4318567.493, 97
Trd, 4318568.343, 96
Trd, 4318568.993, 96
Trd, 4318569.143, 113
Trd, 4318572.343, 102
Trd, 4318572.793, 102
Trd, 4318574.443, 100
Trd, 4318577.143, 98
Trd, 4318577.843, 102
Trd, 4318580.293, 102
Trd, 4318581.443, 103
Trd, 4318582.193, 103
Trd, 4318582.793, 105
Trd, 4318584.293, 104
Trd, 4318585.543, 103
Trd, 4318588.943, 101
Trd, 4318589.793, 103
Trd, 4318590.343, 102
Trd, 4318593.143, 99
Trd, 4318594.593, 100
Trd, 4318595.693, 122
Trd, 4318596.743, 102
Trd, 4318596.943, 101
Trd, 4318598.993, 105
Trd, 4318600.593, 102
Trd, 4318601.293, 99
Trd, 4318602.243, 98
Trd, 4318603.993, 98
Trd, 4318604.393, 96
Trd, 4318604.843, 97
Trd, 4318606.243, 95
Trd, 4318606.393, 95
Trd, 4318611.793, 104
Trd, 4318612.593, 99
Trd, 4318613.843, 99
Trd, 4318615.093, 100
Trd, 4318616.593, 100
Trd, 4318619.443, 96
Trd, 4318619.793, 96
Trd, 4318620.543, 98
Trd, 4318621.043, 113
Trd, 4318624.293, 99
Trd, 4318626.293, 102
Trd, 4318627.493, 113
Trd, 4318630.093, 106
Trd, 4318632.043, 106
Trd, 4318632.243, 105
Trd, 4318634.043, 107
Trd, 4318635.043, 104
Trd, 4318636.043, 113
Trd, 4318637.093, 98
Trd, 4318637.793, 93
Trd, 4318639.443, 93
Trd, 4318639.543, 93
Trd, 4318640.443, 113
Trd, 4318641.593, 98
Trd, 4318643.143, 95
Trd, 4318645.243, 97
Trd, 4318645.843, 97
Trd, 4318648.993, 97
Trd, 4318649.943, 96
Trd, 4318650.043, 98
Trd, 4318650.343, 113
Trd, 4318651.293, 95
Trd, 4318654.143, 100
Trd, 4318655.043, 100
Trd, 4318656.593, 96
Trd, 4318658.893, 99
Trd, 4318660.543, 97
Trd, 4318661.593, 97
Trd, 4318662.643, 113
Trd, 4318664.293, 99
Trd, 4318665.943, 102
Trd, 4318666.643, 102
Trd, 4318668.693, 102
Trd, 4318672.793, 103
Trd, 4318673.193, 103
Trd, 4318673.993, 101
Trd, 4318674.593, 104
Trd, 4318674.843, 103
Trd, 4318676.443, 97
Trd, 4318677.893, 98
Trd, 4318678.343, 100
Trd, 4318679.943, 99
Trd, 4318683.393, 98
Trd, 4318683.443, 100
Trd, 4318684.393, 99
Trd, 4318685.843, 113
Trd, 4318686.843, 105
Trd, 4318687.193, 104
Trd, 4318688.593, 96
Trd, 4318689.493, 100
Trd, 4318689.643, 96
Trd, 4318691.593, 96
Trd, 4318693.193, 102
Trd, 4318694.493, 101
Trd, 4318694.693, 101
Trd, 4318696.493, 100
Trd, 4318698.893, 101
Trd, 4318699.943, 101
Trd, 4318701.393, 101
Trd, 4318701.843, 101
Trd, 4318702.343, 100
Trd, 4318703.943, 100
Trd, 4318706.343, 120
Trd, 4318707.893, 100
Trd, 4318710.343, 106
Trd, 4318711.343, 105
Trd, 4318711.643, 105
Trd, 4318715.043, 101
Trd, 4318715.293, 99
Trd, 4318717.743, 100
Trd, 4318718.243, 100
Trd, 4318719.093, 97
Trd, 4318721.743, 99
Trd, 4318722.143, 100
Trd, 4318722.593, 95
Trd, 4318722.743, 94
Trd, 4318726.193, 101
Trd, 4318727.743, 101
Trd, 4318728.043, 99
Trd, 4318728.443, 98
Trd, 4318729.293, 113
Trd, 4318731.593, 107
Trd, 4318732.293, 100
Trd, 4318734.143, 97
Trd, 4318736.393, 106
Trd, 4318736.443, 95
Trd, 4318740.293, 105
Trd, 4318741.043, 104
Trd, 4318743.643, 96
Trd, 4318744.343, 97
Trd, 4318745.243, 97
Trd, 4318745.293, 98
Trd, 4318746.843, 96
Trd, 4318747.093, 97
Trd, 4318747.793, 97
Trd, 4318749.843, 96
Trd, 4318750.493, 98
Trd, 4318752.243, 99
Trd, 4318753.643, 99
Trd, 4318753.743, 113
Trd, 4318754.643, 97
Trd, 4318756.993, 97
Trd, 4318758.343, 96
Trd, 4318759.143, 98
Trd, 4318760.693, 98
Trd, 4318761.243, 100
Trd, 4318761.693, 121
Trd, 4318765.793, 104
Trd, 4318768.993, 106
Trd, 4318769.443, 103
Trd, 4318770.543, 104
Trd, 4318771.843, 104
Trd, 4318773.143, 104
Trd, 4318774.143, 104
Trd, 4318776.143, 103
Trd, 4318776.393, 94
Trd, 4318778.093, 95
Trd, 4318779.243, 96
Trd, 4318779.643, 96
Trd, 4318780.793, 93
Trd, 4318782.843, 96
Trd, 4318784.643, 97
Trd, 4318785.893, 97
Trd, 4318786.593, 97
Trd, 4318788.193, 97
Trd, 4318788.443, 97
Trd, 4318790.793, 96
Trd, 4318791.943, 99
Trd, 4318793.643, 94
Trd, 4318795.593, 96
Trd, 4318795.643, 94
Trd, 4318796.743, 99
Trd, 4318797.893, 95
Trd, 4318798.443, 97
Trd, 4318798.793, 94
Trd, 4318802.393, 100
Trd, 4318802.793, 113
Trd, 4318805.093, 102
Trd, 4318808.193, 105
Trd, 4318809.793, 104
Trd, 4318810.443, 103
Trd, 4318813.493, 104
Trd, 4318814.143, 102
Trd, 4318815.793, 94
Trd, 4318816.543, 121
Trd, 4318818.393, 104
Trd, 4318819.193, 100
Trd, 4318822.693, 104
Trd, 4318823.843, 102
Trd, 4318824.093, 102
Trd, 4318825.793, 102
Trd, 4318826.843, 100
Trd, 4318828.993, 101
Trd, 4318829.593, 127
Trd, 4318831.193, 100
Trd, 4318833.893, 103
Trd, 4318833.993, 104
Trd, 4318835.343, 96
Trd, 4318836.593, 103
Trd, 4318838.843, 100
Trd, 4318839.193, 98
Trd, 4318840.843, 97
Trd, 4318842.043, 95
Trd, 4318842.143, 94
Trd, 4318842.893, 93
Trd, 4318844.993, 93
Trd, 4318845.593, 95
Trd, 4318846.043, 100
Trd, 4318847.743, 98
Trd, 4318848.893, 122
Trd, 4318851.443, 111
Trd, 4318852.843, 110
Trd, 4318853.743, 108
Trd, 4318855.943, 110
Trd, 4318856.393, 110
Trd, 4318856.693, 113
Trd, 4318860.993, 95
Trd, 4318862.543, 99
Trd, 4318863.193, 99
Trd, 4318863.543, 113
Trd, 4318864.743, 99
Trd, 4318865.393, 101
Trd, 4318868.743, 104
Trd, 4318869.293, 94
Trd, 4318871.143, 101
Trd, 4318872.193, 101
Trd, 4318873.143, 102
Trd, 4318874.693, 102
Trd, 4318875.193, 101
Trd, 4318875.993, 103
Trd, 4318878.293, 103
Trd, 4318879.943, 102
Trd, 4318880.193, 104
Trd, 4318883.393, 103
Trd, 4318883.793, 102
Trd, 4318887.543, 100
Trd, 4318887.793, 100
Trd, 4318888.343, 101
Trd, 4318889.743, 101
Trd, 4318889.843, 111
Trd, 4318891.643, 96
Trd, 4318893.293, 98
Trd, 4318894.493, 98
Trd, 4318896.143, 102
Trd, 4318898.043, 97
Trd, 4318898.093, 101
Trd, 4318900.293, 113
Trd, 4318900.993, 106
Trd, 4318902.293, 108
Trd, 4318904.843, 107
Trd, 4318904.893, 106
Trd, 4318905.243, 113
Trd, 4318907.443, 108
Trd, 4318910.193, 95
Trd, 4318911.193, 96
Trd, 4318912.893, 96
Trd, 4318913.593, 98
Trd, 4318914.043, 98
Trd, 4318918.243, 94
Trd, 4318918.843, 95
Trd, 4318919.143, 97
Trd, 4318920.393, 96
Trd, 4318922.193, 97
Trd, 4318923.943, 96
Trd, 4318924.993, 98
Trd, 4318925.343, 98
Trd, 4318926.343, 98
Trd, 4318928.293, 99
Trd, 4318929.443, 102
Trd, 4318930.793, 101
Trd, 4318932.343, 101
Trd, 4318934.043, 103
Trd, 4318937.643, 102
Trd, 4318937.693, 101
Trd, 4318937.743, 104
Trd, 4318939.293, 105
Trd, 4318942.993, 97
Trd, 4318943.443, 101
Trd, 4318945.743, 99
Trd, 4318946.643, 97
Trd, 4318946.793, 96
Trd, 4318948.093, 99
Trd, 4318949.343, 101
Trd, 4318951.893, 101
Trd, 4318952.093, 101
Trd, 4318952.243, 113
Trd, 4318954.443, 101
Trd, 4318958.143, 104
Trd, 4318958.893, 105
Trd, 4318960.193, 104
Trd, 4318961.943, 104
Trd, 4318963.443, 104
Trd, 4318963.893, 105
Trd, 4318966.943, 106
Trd, 4318967.943, 105
Trd, 4318969.243, 105
Trd, 4318972.193, 107
Trd, 4318973.143, 124
Trd, 4318973.843, 109
Trd, 4318975.543, 111
Trd, 4318975.743, 111
Trd, 4318977.293, 103
Trd, 4318978.793, 96
Trd, 4318980.443, 98
Trd, 4318981.493, 98
Trd, 4318981.743, 98
Trd, 4318982.593, 124
Trd, 4318983.293, 96
Trd, 4318986.393, 98
Trd, 4318986.693, 97
Trd, 4318988.443, 96
Trd, 4318990.543, 95
Trd, 4318992.543, 95
Trd, 4318993.143, 96
Trd, 4318994.193, 96
Trd, 4318994.943, 98
Trd, 4318996.693, 98
Trd, 4318997.793, 100
Trd, 4318998.943, 100
Trd, 4318999.343, 104
Trd, 4319002.243, 103
Trd, 4319003.293, 122
Trd, 4319003.893, 102
Trd, 4319008.243, 107
Trd, 4319009.193, 106
Trd, 4319009.693, 107
Trd, 4319009.893, 104
Trd, 4319014.143, 100
Trd, 4319014.343, 99
Trd, 4319014.693, 99
Trd, 4319015.843, 99
Trd, 4319018.243, 105
Trd, 4319020.043, 104
Trd, 4319020.093, 118
Trd, 4319022.843, 107
Trd, 4319023.793, 107
Trd, 4319025.993, 106
Trd, 4319026.343, 104
Trd, 4319028.093, 104
Trd, 4319029.593, 105
Trd, 4319031.493, 103
Trd, 4319032.093, 104
Trd, 4319032.393, 102
Trd, 4319033.793, 103
Trd, 4319035.843, 106
Trd, 4319038.143, 106
Trd, 4319038.843, 121
Trd, 4319040.193, 105
Trd, 4319042.543, 105
Trd, 4319043.493, 108
Trd, 4319044.493, 102
Trd, 4319047.693, 100
Trd, 4319048.843, 99
Trd, 4319049.793, 99
Trd, 4319052.593, 98
Trd, 4319053.893, 97
Trd, 4319053.943, 96
Trd, 4319055.993, 98
Trd, 4319058.693, 98
Trd, 4319059.643, 100
Trd, 4319060.043, 122
Trd, 4319060.643, 101
Trd, 4319062.643, 101
Trd, 4319064.193, 105
Trd, 4319067.043, 107
Trd, 4319067.393, 106
Trd, 4319068.693, 105
Trd, 4319070.193, 103
Trd, 4319070.843, 121
Trd, 4319072.693, 96
Trd, 4319074.593, 100
Trd, 4319075.093, 99
Trd, 4319075.343, 100
Trd, 4319077.393, 98
Trd, 4319078.293, 100
Trd, 4319079.193, 99
Trd, 4319080.993, 99
Trd, 4319081.193, 97
Trd, 4319086.043, 100
Trd, 4319086.643, 100
Trd, 4319086.843, 113
Trd, 4319088.343, 100
Trd, 4319090.393, 103
Trd, 4319090.543, 105
Trd, 4319092.893, 105
Trd, 4319094.093, 106
Trd, 4319094.743, 113
Trd, 4319096.393, 108
Trd, 4319099.043, 111
Trd, 4319101.393, 111
Trd, 4319101.943, 112
Trd, 4319103.193, 96
Trd, 4319104.193, 107
Trd, 4319104.293, 113
Trd, 4319106.793, 107
Trd, 4319109.993, 108
Trd, 4319110.443, 107
Trd, 4319110.593, 106
Trd, 4319112.243, 106
Trd, 4319112.443, 108
Trd, 4319114.893, 105
Trd, 4319116.793, 97
Trd, 4319117.743, 101
Trd, 4319118.193, 128
Trd, 4319122.243, 96
Trd, 4319123.043, 101
Trd, 4319124.693, 102
Trd, 4319124.943, 103
Trd, 4319125.443, 103
Trd, 4319128.143, 103
Trd, 4319128.493, 103
Trd, 4319129.343, 102
Trd, 4319131.743, 100
Trd, 4319132.593, 102
Trd, 4319133.193, 99
Trd, 4319133.843, 102
Trd, 4319136.843, 101
Trd, 4319138.693, 99
Trd, 4319139.443, 101
Trd, 4319140.893, 102
Trd, 4319142.043, 99
Trd, 4319143.743, 99
Trd, 4319145.293, 100
Trd, 4319146.643, 99
Trd, 4319148.093, 99
Trd, 4319148.693, 100
Trd, 4319148.793, 100
Trd, 4319151.093, 98
Trd, 4319152.743, 98
Trd, 4319152.843, 94
Trd, 4319153.693, 98
Trd, 4319154.443, 97
Trd, 4319157.043, 105
Trd, 4319158.893, 101
Trd, 4319159.293, 101
Trd, 4319159.343, 100
Trd, 4319161.293, 95
Trd, 4319162.293, 96
Trd, 4319165.493, 98
Trd, 4319166.843, 98
Trd, 4319167.793, 98
Trd, 4319168.343, 98
Trd, 4319169.193, 98
Trd, 4319169.843, 99
Trd, 4319171.093, 99
Trd, 4319171.143, 113
Trd, 4319171.393, 97
Trd, 4319175.243, 97
Trd, 4319176.693, 107
Trd, 4319180.093, 103
Trd, 4319181.943, 103
Trd, 4319182.293, 101
Trd, 4319182.743, 100
Trd, 4319185.643, 99
Trd, 4319186.843, 95
Trd, 4319187.193, 94
Trd, 4319187.443, 88
Trd, 4319188.293, 97
Trd, 4319188.893, 98
Trd, 4319191.643, 96
Trd, 4319192.543, 98
Trd, 4319193.643, 98
Trd, 4319195.593, 104
Trd, 4319196.093, 102
Trd, 4319197.443, 103
Trd, 4319197.893, 126
Trd, 4319198.043, 127
Trd, 4319198.793, 107
Trd, 4319200.793, 116
Trd, 4319202.693, 111
Trd, 4319205.193, 112
Trd, 4319206.243, 110
Trd, 4319209.893, 98
Trd, 4319210.093, 102
Trd, 4319210.643, 106
Trd, 4319213.293, 100
Trd, 4319213.443, 100
Trd, 4319214.793, 99
Trd, 4319215.443, 97
Trd, 4319215.943, 100
Trd, 4319218.093, 99
Trd, 4319219.193, 99
Trd, 4319222.043, 108
Trd, 4319222.443, 107
Trd, 4319223.993, 102
Trd, 4319224.793, 104
Trd, 4319226.543, 106
Trd, 4319226.593, 122
Trd, 4319228.143, 99
Trd, 4319233.393, 108
Trd, 4319235.493, 108
Trd, 4319235.693, 105
Trd, 4319237.543, 103
Trd, 4319238.043, 100
Trd, 4319239.093, 100
Trd, 4319239.893, 99
Trd, 4319241.993, 100
Trd, 4319242.343, 94
Trd, 4319243.943, 98
Trd, 4319246.093, 97
Trd, 4319249.093, 97
Trd, 4319249.443, 97
Trd, 4319250.043, 100
Trd, 4319251.293, 96
Trd, 4319252.293, 99
Trd, 4319255.193, 99
Trd, 4319255.743, 99
Trd, 4319256.593, 99
Trd, 4319257.793, 98
Trd, 4319259.993, 130
Trd, 4319260.343, 129
Trd, 4319261.243, 122
Trd, 4319262.793, 96
Trd, 4319264.593, 95
Trd, 4319264.743, 97
Trd, 4319266.743, 97
Trd, 4319269.243, 95
Trd, 4319269.893, 94
Trd, 4319269.943, 95
Trd, 4319272.743, 98
Trd, 4319273.143, 102
Trd, 4319274.243, 103
Trd, 4319274.793, 104
Trd, 4319275.993, 105
Trd, 4319277.093, 104
Trd, 4319278.643, 95
Trd, 4319280.593, 95
Trd, 4319281.043, 97
Trd, 4319281.843, 97
Trd, 4319282.493, 99
Trd, 4319284.343, 100
Trd, 4319285.893, 100
Trd, 4319286.043, 99
Trd, 4319288.593, 99
Trd, 4319290.143, 99
Trd, 4319291.043, 99
Trd, 4319292.543, 99
Trd, 4319292.943, 96
Trd, 4319294.093, 101
Trd, 4319295.743, 102
Trd, 4319296.593, 101
Trd, 4319298.443, 95
Trd, 4319299.543, 95
Trd, 4319299.593, 102
Trd, 4319302.593, 103
Trd, 4319303.493, 103
Trd, 4319305.893, 98
Trd, 4319307.843, 97
Trd, 4319309.593, 96
Trd, 4319310.293, 97
Trd, 4319312.143, 98
Trd, 4319312.693, 126
Trd, 4319315.143, 108
Trd, 4319318.643, 110
Trd, 4319320.393, 109
Trd, 4319321.493, 110
Trd, 4319323.743, 110
Trd, 4319325.443, 109
Trd, 4319326.193, 108
Trd, 4319326.843, 104
Trd, 4319327.393, 107
Trd, 4319328.593, 101
Trd, 4319330.343, 106
Trd, 4319330.893, 104
Trd, 4319333.743, 104
Trd, 4319334.243, 102
Trd, 4319336.893, 104
Trd, 4319337.093, 103
Trd, 4319339.093, 95
Trd, 4319342.193, 98
Trd, 4319342.943, 98
Trd, 4319343.743, 98
Trd, 4319344.043, 99
Trd, 4319344.843, 99
Trd, 4319346.843, 96
Trd, 4319347.393, 94
Trd, 4319347.643, 101
Trd, 4319349.543, 121
Trd, 4319351.593, 105
Trd, 4319353.443, 104
Trd, 4319356.293, 105
Trd, 4319357.893, 108
Trd, 4319358.293, 103
Trd, 4319358.993, 102
Trd, 4319361.793, 113
Trd, 4319366.893, 98
Trd, 4319367.193, 99
Trd, 4319368.393, 101
Trd, 4319368.793, 113
Trd, 4319371.143, 108
Trd, 4319373.743, 110
Trd, 4319374.743, 111
Trd, 4319374.793, 108
Trd, 4319376.643, 104
Trd, 4319376.693, 106
Trd, 4319379.843, 106
Trd, 4319381.093, 101
Trd, 4319384.293, 106
Trd, 4319384.993, 106
Trd, 4319387.093, 102
Trd, 4319387.643, 106
Trd, 4319389.443, 103
Trd, 4319391.043, 104
Trd, 4319392.043, 106
Trd, 4319392.343, 106
Trd, 4319394.743, 105
Trd, 4319395.543, 104
Trd, 4319396.593, 85
Trd, 4319399.743, 96
Trd, 4319399.893, 97
Trd, 4319400.693, 96
Trd, 4319403.443, 95
Trd, 4319405.543, 95
Trd, 4319406.143, 96
Trd, 4319407.193, 96
Trd, 4319408.993, 97
Trd, 4319411.643, 97
Trd, 4319411.893, 96
Trd, 4319413.043, 98
Trd, 4319415.393, 98
Trd, 4319416.093, 98
Trd, 4319418.993, 98
Trd, 4319421.043, 96
Trd, 4319421.493, 98
Trd, 4319422.943, 98
Trd, 4319423.543, 99
Trd, 4319424.893, 98
Trd, 4319426.343, 105
Trd, 4319427.293, 103
Trd, 4319429.293, 104
Trd, 4319429.743, 105
Trd, 4319429.993, 104
Trd, 4319430.143, 120
Trd, 4319432.343, 111
Trd, 4319433.843, 108
Trd, 4319436.343, 111
Trd, 4319438.293, 107
Trd, 4319438.343, 112
Trd, 4319441.293, 107
Trd, 4319441.393, 113
Trd, 4319445.643, 107
Trd, 4319445.843, 95
Trd, 4319450.893, 111
Trd, 4319451.843, 110
Trd, 4319454.843, 105
Trd, 4319456.143, 108
Trd, 4319457.143, 109
Trd, 4319457.793, 109
Trd, 4319458.693, 108
Trd, 4319462.143, 108
Trd, 4319464.743, 109
Trd, 4319465.343, 110
Trd, 4319466.093, 109
Trd, 4319467.993, 108
Trd, 4319468.243, 109
Trd, 4319468.893, 98
Trd, 4319472.893, 98
Trd, 4319473.393, 99
Trd, 4319474.643, 98
Trd, 4319475.143, 113
Trd, 4319476.893, 98
Trd, 4319480.693, 101
Trd, 4319481.043, 100
Trd, 4319482.043, 98
Trd, 4319485.843, 99
Trd, 4319486.393, 98
Trd, 4319487.793, 98
Trd, 4319490.643, 102
Trd, 4319490.893, 102
Trd, 4319492.093, 104
Trd, 4319494.093, 104
Trd, 4319494.293, 113
Trd, 4319495.243, 100
Trd, 4319496.593, 104
Trd, 4319499.293, 105
Trd, 4319499.693, 105
Trd, 4319501.393, 103
Trd, 4319502.943, 104
Trd, 4319503.743, 104
Trd, 4319505.943, 106
Trd, 4319505.993, 106
Trd, 4319506.693, 104
Trd, 4319509.643, 102
Trd, 4319510.893, 105
Trd, 4319511.893, 106
Trd, 4319512.243, 106
Trd, 4319512.443, 105
Trd, 4319513.693, 105
Trd, 4319516.443, 106
Trd, 4319517.743, 105
Trd, 4319519.243, 129
Trd, 4319520.943, 100
Trd, 4319525.143, 103
Trd, 4319526.243, 105
Trd, 4319526.293, 95
Trd, 4319529.543, 102
Trd, 4319529.693, 106
Trd, 4319531.143, 106
Trd, 4319532.143, 106
Trd, 4319534.543, 107
Trd, 4319535.443, 105
Trd, 4319538.593, 108
Trd, 4319541.093, 108
Trd, 4319541.343, 107
Trd, 4319542.493, 105
Trd, 4319543.043, 105
Trd, 4319545.993, 104
Trd, 4319547.143, 103
Trd, 4319549.293, 106
Trd, 4319550.893, 107
Trd, 4319550.993, 108
Trd, 4319551.593, 105
Trd, 4319552.493, 104
Trd, 4319554.043, 103
Trd, 4319554.743, 96
Trd, 4319554.793, 103
Trd, 4319559.193, 102
Trd, 4319559.593, 103
Trd, 4319559.793, 100
Trd, 4319562.393, 102
Trd, 4319563.593, 103
Trd, 4319565.543, 102
Trd, 4319567.743, 103
Trd, 4319568.643, 101
Trd, 4319569.193, 102
Trd, 4319569.993, 101
Trd, 4319571.793, 100
Trd, 4319573.243, 100
Trd, 4319575.193, 98
Trd, 4319575.643, 96
Trd, 4319577.343, 97
Trd, 4319577.793, 99
Trd, 4319578.443, 98
Trd, 4319582.493, 98
Trd, 4319582.693, 97
Trd, 4319582.943, 97
Trd, 4319585.043, 96
Trd, 4319585.893, 95
Trd, 4319587.593, 97
Trd, 4319589.793, 97
Trd, 4319590.043, 99
Trd, 4319591.643, 99
Trd, 4319592.143, 101
Trd, 4319593.893, 102
Trd, 4319595.993, 108
Trd, 4319598.493, 111
Trd, 4319599.193, 131
Trd, 4319599.893, 111
Trd, 4319601.393, 106
Trd, 4319605.443, 98
Trd, 4319605.543, 100
Trd, 4319606.593, 102
Trd, 4319606.743, 100
Trd, 4319608.493, 102
Trd, 4319610.093, 98
Trd, 4319611.343, 122
Trd, 4319616.643, 102
Trd, 4319617.293, 102
Trd, 4319618.593, 100
Trd, 4319620.693, 101
Trd, 4319620.943, 102
Trd, 4319623.693, 99
Trd, 4319623.743, 95
Trd, 4319624.093, 96
Trd, 4319625.493, 96
Trd, 4319626.543, 95
Trd, 4319627.993, 98
Trd, 4319628.143, 97
Trd, 4319631.293, 97
Trd, 4319631.793, 96
Trd, 4319633.343, 123
Trd, 4319633.743, 96
Trd, 4319638.793, 101
Trd, 4319638.943, 101
Trd, 4319639.193, 99
Trd, 4319642.143, 102
Trd, 4319643.593, 103
Trd, 4319644.343, 101
Trd, 4319644.493, 103
Trd, 4319645.543, 113
Trd, 4319645.593, 101
Trd, 4319648.593, 107
Trd, 4319650.193, 108
Trd, 4319650.993, 108
Trd, 4319651.793, 126
Trd, 4319656.043, 111
Trd, 4319656.393, 110
Trd, 4319657.093, 115
Trd, 4319659.143, 96
Trd, 4319661.893, 98
Trd, 4319662.193, 99
Trd, 4319662.393, 98
Trd, 4319663.593, 100
Trd, 4319667.393, 97
Trd, 4319668.943, 96
Trd, 4319670.143, 96
Trd, 4319671.943, 97
Trd, 4319672.593, 99
Trd, 4319673.543, 99
Trd, 4319673.693, 113
Trd, 4319673.843, 98
Trd, 4319677.693, 100
Trd, 4319679.143, 104
Trd, 4319679.193, 103
Trd, 4319681.393, 100
Trd, 4319682.493, 99
Trd, 4319682.993, 104
Trd, 4319685.693, 103
Trd, 4319685.893, 102
Trd, 4319687.993, 102
Trd, 4319691.543, 101
Trd, 4319691.943, 101
Trd, 4319692.793, 103
Trd, 4319692.943, 122
Trd, 4319694.043, 102
Trd, 4319696.793, 108
Trd, 4319697.543, 108
Trd, 4319698.143, 107
Trd, 4319698.543, 105
Trd, 4319699.343, 95
Trd, 4319700.343, 113
Trd, 4319703.793, 102
Trd, 4319704.043, 99
Trd, 4319706.343, 98
Trd, 4319707.643, 99
Trd, 4319707.793, 98
Trd, 4319709.893, 98
Trd, 4319712.343, 97
Trd, 4319713.393, 98
Trd, 4319715.093, 98
Trd, 4319715.693, 94
Trd, 4319716.793, 100
Trd, 4319718.593, 96
Trd, 4319719.193, 97
Trd, 4319719.943, 97
Trd, 4319720.293, 113
Trd, 4319723.293, 100
Trd, 4319725.143, 98
Trd, 4319725.243, 101
Trd, 4319727.343, 101
Trd, 4319729.643, 100
Trd, 4319731.293, 101
Trd, 4319731.693, 101
Trd, 4319732.243, 99
Trd, 4319735.193, 100
Trd, 4319735.293, 102
Trd, 4319737.443, 98
Trd, 4319741.093, 102
Trd, 4319743.443, 103
Trd, 4319745.043, 103
Trd, 4319745.243, 102
Trd, 4319746.743, 103
Trd, 4319749.093, 102
Trd, 4319749.243, 103
Trd, 4319750.993, 99
Trd, 4319751.493, 99
Trd, 4319754.093, 96
Trd, 4319756.043, 95
Trd, 4319756.243, 95
Trd, 4319758.143, 95
Trd, 4319759.143, 96
Trd, 4319760.693, 98
Trd, 4319761.193, 96
Trd, 4319761.693, 96
Trd, 4319761.893, 94
Trd, 4319763.443, 94
Trd, 4319763.993, 95
Trd, 4319766.993, 93
Trd, 4319767.943, 94
Trd, 4319769.143, 96
Trd, 4319769.743, 97
Trd, 4319771.343, 98
Trd, 4319772.043, 97
Trd, 4319773.693, 106
Trd, 4319775.243, 108
Trd, 4319775.893, 109
Trd, 4319778.093, 109
Trd, 4319778.193, 130
Trd, 4319781.543, 116
Trd, 4319783.143, 116
Trd, 4319784.043, 114
Trd, 4319785.843, 95
Trd, 4319786.843, 104
Trd, 4319788.943, 105
Trd, 4319789.643, 106
Trd, 4319790.893, 102
Trd, 4319793.643, 105
Trd, 4319793.893, 104
Trd, 4319795.043, 103
Trd, 4319795.343, 105
Trd, 4319797.343, 102
Trd, 4319799.093, 104
Trd, 4319802.793, 103
Trd, 4319803.993, 102
Trd, 4319806.593, 101
Trd, 4319806.743, 96
Trd, 4319807.343, 101
Trd, 4319807.993, 96
Trd, 4319810.743, 100
Trd, 4319812.243, 98
Trd, 4319813.043, 99
Trd, 4319816.843, 100
Trd, 4319816.893, 100
Trd, 4319817.743, 100
Trd, 4319821.193, 100
Trd, 4319821.543, 100
Trd, 4319823.493, 99
Trd, 4319823.693, 95
Trd, 4319823.893, 94
Trd, 4319824.043, 95
Trd, 4319827.793, 93
Trd, 4319828.343, 94
Trd, 4319828.443, 96
Trd, 4319829.743, 97
Trd, 4319830.293, 109
Trd, 4319831.743, 105
Trd, 4319834.893, 99
Trd, 4319835.143, 101
Trd, 4319837.043, 102
Trd, 4319839.043, 101
Trd, 4319839.193, 103
Trd, 4319841.493, 104
Trd, 4319842.343, 100
Trd, 4319844.743, 104
Trd, 4319845.093, 105
Trd, 4319846.243, 107
Trd, 4319847.143, 88
Trd, 4319848.843, 101
Trd, 4319849.893, 95
Trd, 4319850.843, 97
Trd, 4319853.343, 97
Trd, 4319855.793, 98
Trd, 4319857.043, 99
Trd, 4319858.293, 100
Trd, 4319858.793, 113
Trd, 4319862.893, 102
Trd, 4319863.293, 103
Trd, 4319864.293, 103
Trd, 4319865.243, 101
Trd, 4319865.893, 120
Trd, 4319867.893, 100
Trd, 4319870.493, 102
Trd, 4319871.343, 103
Trd, 4319871.443, 103
Trd, 4319872.843, 100
Trd, 4319875.193, 100
Trd, 4319875.443, 100
Trd, 4319876.143, 99
Trd, 4319876.443, 100
Trd, 4319879.793, 100
Trd, 4319880.043, 100
Trd, 4319881.543, 101
Trd, 4319884.493, 101
Trd, 4319886.493, 101
Trd, 4319889.443, 101
Trd, 4319891.343, 100
Trd, 4319891.593, 100
Trd, 4319891.693, 113
Trd, 4319893.743, 100
Trd, 4319895.493, 99
Trd, 4319896.443, 96
Trd, 4319896.743, 97
Trd, 4319899.893, 98
Trd, 4319900.493, 100
Trd, 4319900.993, 113
Trd, 4319903.693, 99
Trd, 4319903.793, 102
Trd, 4319905.843, 95
Trd, 4319906.593, 94
Trd, 4319907.393, 94
Trd, 4319907.743, 93
Trd, 4319910.843, 93
Trd, 4319911.443, 89
Trd, 4319914.093, 113
Trd, 4319915.793, 95
Trd, 4319916.293, 94
Trd, 4319916.393, 96
Trd, 4319918.393, 97
Trd, 4319921.543, 96
Trd, 4319922.793, 96
Trd, 4319924.593, 96
Trd, 4319926.593, 96
Trd, 4319927.643, 95
Trd, 4319928.943, 95
Trd, 4319929.043, 94
Trd, 4319929.543, 113
Trd, 4319931.893, 101
Trd, 4319932.593, 101
Trd, 4319932.643, 99
Trd, 4319934.593, 104
Trd, 4319937.143, 96
Trd, 4319937.293, 95
Trd, 4319938.143, 97
Trd, 4319938.843, 96
Trd, 4319941.343, 91
Trd, 4319942.643, 93
Trd, 4319943.143, 93
Trd, 4319945.993, 93
Trd, 4319948.243, 93
Trd, 4319948.343, 94
Trd, 4319949.493, 94
Trd, 4319950.943, 94
Trd, 4319952.493, 95
Trd, 4319955.093, 95
Trd, 4319956.543, 98
Trd, 4319957.543, 113
Trd, 4319957.693, 98
Trd, 4319962.493, 101
Trd, 4319963.143, 101
Trd, 4319964.493, 101
Trd, 4319967.043, 105
Trd, 4319967.843, 103
Trd, 4319967.893, 102
Trd, 4319968.593, 97
Trd, 4319971.643, 101
Trd, 4319971.943, 100
Trd, 4319974.943, 102
Trd, 4319976.643, 101
Trd, 4319977.893, 98
Trd, 4319978.793, 99
Trd, 4319979.343, 99
Trd, 4319981.243, 98
Trd, 4319981.793, 95
Trd, 4319983.543, 99
Trd, 4319985.143, 100
Trd, 4319985.543, 100
Trd, 4319988.243, 98
Trd, 4319990.643, 99
Trd, 4319993.643, 99
Trd, 4319994.293, 100
Trd, 4319994.543, 101
Trd, 4319995.193, 100
Trd, 4319997.143, 96
Trd, 4319999.793, 96
