Trd, 4317785.393, 100
Trd, 4317787.793, 95
Trd, 4317791.543, 98
Trd, 4317791.693, 96
Trd, 4317794.643, 96
Trd, 4317795.693, 100
Trd, 4317799.593, 101
Trd, 4317802.943, 95
Trd, 4317803.843, 95
Trd, 4317804.943, 98
Trd, 4317805.343, 97
Trd, 4317807.593, 97
Trd, 4317807.743, 106
Trd, 4317810.193, 96
Trd, 4317810.643, 103
Trd, 4317815.093, 97
Trd, 4317816.593, 104
Trd, 4317817.343, 96
Trd, 4317819.093, 98
Trd, 4317821.143, 99
Trd, 4317824.043, 94
Trd, 4317826.143, 98
Trd, 4317828.243, 97
Trd, 4317831.093, 97
Trd, 4317831.643, 113
Trd, 4317833.293, 95
Trd, 4317834.093, 95
Trd, 4317835.043, 103
Trd, 4317836.693, 94
Trd, 4317840.093, 95
Trd, 4317840.243, 98
Trd, 4317841.793, 94
Trd, 4317843.493, 96
Trd, 4317844.443, 99
Trd, 4317846.293, 94
Trd, 4317849.843, 98
Trd, 4317853.993, 99
Trd, 4317854.193, 93
Trd, 4317855.343, 105
Trd, 4317856.193, 92
Trd, 4317860.593, 97
Trd, 4317861.693, 97
Trd, 4317862.943, 92
Trd, 4317866.193, 97
Trd, 4317868.593, 98
Trd, 4317869.043, 108
Trd, 4317869.543, 95
Trd, 4317869.743, 104
Trd, 4317874.143, 94
Trd, 4317876.743, 100
Trd, 4317879.793, 101
Trd, 4317880.093, 94
Trd, 4317883.643, 100
Trd, 4317884.293, 97
Trd, 4317887.743, 97
Trd, 4317889.043, 100
Trd, 4317890.093, 100
Trd, 4317892.143, 98
Trd, 4317893.093, 96
Trd, 4317897.043, 98
Trd, 4317899.343, 100
Trd, 4317900.493, 97
Trd, 4317901.793, 106
Trd, 4317906.443, 97
Trd, 4317907.093, 101
Trd, 4317909.893, 101
Trd, 4317910.193, 102
Trd, 4317912.143, 105
Trd, 4317912.993, 100
Trd, 4317913.143, 100
Trd, 4317914.943, 100
Trd, 4317918.643, 99
Trd, 4317919.693, 102
Trd, 4317922.693, 99
Trd, 4317923.543, 98
Trd, 4317924.043, 102
Trd, 4317926.143, 101
Trd, 4317926.993, 100
Trd, 4317931.943, 99
Trd, 4317932.493, 98
Trd, 4317932.793, 102
Trd, 4317935.393, 99
Trd, 4317938.743, 98
Trd, 4317940.043, 99
Trd, 4317942.793, 98
Trd, 4317945.193, 99
Trd, 4317946.243, 100
Trd, 4317946.843, 100
Trd, 4317947.143, 96
Trd, 4317948.143, 109
Trd, 4317949.193, 98
Trd, 4317953.143, 113
Trd, 4317955.293, 107
Trd, 4317958.643, 106
Trd, 4317959.093, 101
Trd, 4317960.893, 106
Trd, 4317962.243, 105
Trd, 4317965.693, 103
Trd, 4317966.843, 105
Trd, 4317970.393, 102
Trd, 4317971.443, 101
Trd, 4317973.643, 101
Trd, 4317973.743, 99
Trd, 4317974.743, 102
Trd, 4317975.443, 102
Trd, 4317977.543, 107
Trd, 4317978.343, 100
Trd, 4317982.043, 104
Trd, 4317985.193, 101
Trd, 4317985.543, 104
Trd, 4317986.843, 100
Trd, 4317987.643, 99
Trd, 4317988.793, 98
Trd, 4317990.543, 108
Trd, 4317992.493, 98
Trd, 4317994.343, 102
Trd, 4317997.393, 102
Trd, 4317999.043, 100
Trd, 4318002.393, 98
Trd, 4318003.043, 101
Trd, 4318006.893, 99
Trd, 4318007.093, 101
Trd, 4318008.893, 98
Trd, 4318009.793, 100
Trd, 4318010.743, 97
Trd, 4318011.443, 101
Trd, 4318014.743, 103
Trd, 4318016.593, 104
Trd, 4318017.443, 101
Trd, 4318021.193, 106
Trd, 4318022.293, 99
Trd, 4318023.143, 101
Trd, 4318026.443, 103
Trd, 4318029.793, 99
Trd, 4318030.493, 99
Trd, 4318032.093, 103
Trd, 4318034.393, 101
Trd, 4318037.243, 99
Trd, 4318037.843, 107
Trd, 4318041.943, 98
Trd, 4318046.143, 105
Trd, 4318048.493, 104
Trd, 4318051.393, 101
Trd, 4318055.593, 101
Trd, 4318058.443, 101
Trd, 4318059.443, 103
Trd, 4318060.243, 102
Trd, 4318061.643, 104
Trd, 4318061.793, 102
Trd, 4318067.193, 101
Trd, 4318067.243, 104
Trd, 4318067.993, 110
Trd, 4318070.943, 99
Trd, 4318073.893, 104
Trd, 4318074.093, 99
Trd, 4318076.943, 122
Trd, 4318080.493, 108
Trd, 4318081.293, 112
Trd, 4318082.393, 108
Trd, 4318084.093, 107
Trd, 4318084.143, 109
Trd, 4318086.043, 113
Trd, 4318087.043, 113
Trd, 4318087.693, 112
Trd, 4318088.043, 96
Trd, 4318089.343, 108
Trd, 4318090.143, 108
Trd, 4318090.293, 104
Trd, 4318093.343, 105
Trd, 4318095.743, 106
Trd, 4318095.843, 104
Trd, 4318100.043, 105
Trd, 4318100.893, 104
Trd, 4318103.793, 104
Trd, 4318104.693, 103
Trd, 4318105.543, 110
Trd, 4318108.993, 102
Trd, 4318112.893, 104
Trd, 4318112.993, 102
Trd, 4318113.493, 102
Trd, 4318115.443, 101
Trd, 4318115.543, 101
Trd, 4318116.443, 103
Trd, 4318117.893, 100
Trd, 4318118.493, 103
Trd, 4318121.043, 103
Trd, 4318123.293, 101
Trd, 4318125.093, 103
Trd, 4318125.893, 101
Trd, 4318129.043, 105
Trd, 4318129.793, 104
Trd, 4318130.243, 100
Trd, 4318130.593, 99
Trd, 4318134.093, 94
Trd, 4318136.493, 100
Trd, 4318137.743, 97
Trd, 4318139.643, 100
Trd, 4318141.843, 100
Trd, 4318142.593, 99
Trd, 4318147.693, 98
Trd, 4318149.143, 105
Trd, 4318150.393, 102
Trd, 4318153.643, 104
Trd, 4318154.843, 105
Trd, 4318157.393, 99
Trd, 4318159.593, 99
Trd, 4318162.543, 98
Trd, 4318162.993, 97
Trd, 4318164.543, 99
Trd, 4318165.243, 98
Trd, 4318165.893, 98
Trd, 4318168.143, 99
Trd, 4318171.793, 98
Trd, 4318174.243, 100
Trd, 4318174.943, 98
Trd, 4318176.043, 100
Trd, 4318177.443, 106
Trd, 4318177.643, 99
Trd, 4318180.193, 100
Trd, 4318184.143, 102
Trd, 4318184.493, 100
Trd, 4318184.843, 101
Trd, 4318187.643, 103
Trd, 4318187.893, 99
Trd, 4318189.243, 103
Trd, 4318191.643, 98
Trd, 4318192.943, 104
Trd, 4318197.243, 100
Trd, 4318199.493, 103
Trd, 4318202.843, 104
Trd, 4318203.143, 99
Trd, 4318204.443, 103
Trd, 4318205.743, 102
Trd, 4318210.143, 102
Trd, 4318210.393, 101
Trd, 4318211.343, 103
Trd, 4318213.993, 100
Trd, 4318214.793, 101
Trd, 4318216.493, 100
Trd, 4318217.693, 100
Trd, 4318218.393, 102
Trd, 4318221.793, 101
Trd, 4318226.593, 99
Trd, 4318227.093, 98
Trd, 4318227.693, 101
Trd, 4318228.393, 102
Trd, 4318229.793, 102
Trd, 4318230.943, 101
Trd, 4318232.643, 99
Trd, 4318234.893, 99
Trd, 4318235.993, 103
Trd, 4318239.193, 99
Trd, 4318241.943, 102
Trd, 4318243.843, 104
Trd, 4318244.043, 107
Trd, 4318245.543, 100
Trd, 4318249.143, 110
Trd, 4318250.443, 109
Trd, 4318251.993, 106
Trd, 4318252.643, 107
Trd, 4318253.143, 106
Trd, 4318253.743, 103
Trd, 4318256.993, 103
Trd, 4318259.143, 99
Trd, 4318260.493, 102
Trd, 4318261.193, 100
Trd, 4318261.843, 102
Trd, 4318264.643, 102
Trd, 4318264.993, 100
Trd, 4318267.193, 100
Trd, 4318268.243, 100
Trd, 4318269.643, 104
Trd, 4318271.193, 100
Trd, 4318272.143, 103
Trd, 4318275.243, 99
Trd, 4318275.893, 102
Trd, 4318280.843, 102
Trd, 4318282.193, 98
Trd, 4318282.993, 96
Trd, 4318284.093, 103
Trd, 4318287.293, 101
Trd, 4318287.343, 101
Trd, 4318289.343, 100
Trd, 4318290.993, 105
Trd, 4318292.943, 100
Trd, 4318294.093, 103
Trd, 4318295.543, 99
Trd, 4318296.993, 101
Trd, 4318300.043, 98
Trd, 4318300.393, 102
Trd, 4318301.443, 101
Trd, 4318301.593, 97
Trd, 4318303.343, 99
Trd, 4318304.393, 101
Trd, 4318307.093, 99
Trd, 4318307.693, 98
Trd, 4318309.743, 94
Trd, 4318311.093, 97
Trd, 4318312.343, 99
Trd, 4318313.193, 100
Trd, 4318313.343, 95
Trd, 4318318.993, 101
Trd, 4318319.493, 101
Trd, 4318320.843, 97
Trd, 4318322.143, 96
Trd, 4318322.743, 96
Trd, 4318323.343, 99
Trd, 4318326.843, 97
Trd, 4318327.543, 96
Trd, 4318332.443, 95
Trd, 4318333.093, 96
Trd, 4318333.293, 94
Trd, 4318333.843, 95
Trd, 4318335.543, 93
Trd, 4318339.743, 96
Trd, 4318340.393, 92
Trd, 4318341.643, 96
Trd, 4318345.643, 96
Trd, 4318346.043, 91
Trd, 4318347.643, 95
Trd, 4318351.443, 90
Trd, 4318353.043, 95
Trd, 4318353.343, 95
Trd, 4318353.693, 89
Trd, 4318354.693, 119
Trd, 4318362.243, 91
Trd, 4318362.743, 95
Trd, 4318363.143, 88
Trd, 4318364.093, 88
Trd, 4318371.143, 93
Trd, 4318371.443, 97
Trd, 4318371.993, 88
Trd, 4318372.643, 93
Trd, 4318374.093, 99
Trd, 4318375.143, 97
Trd, 4318375.793, 94
Trd, 4318375.893, 105
Trd, 4318381.143, 103
Trd, 4318382.043, 98
Trd, 4318382.693, 104
Trd, 4318384.743, 103
Trd, 4318384.893, 102
Trd, 4318388.743, 101
Trd, 4318389.293, 106
Trd, 4318392.943, 100
Trd, 4318394.993, 100
Trd, 4318399.193, 103
Trd, 4318401.843, 100
Trd, 4318402.443, 100
Trd, 4318404.893, 102
Trd, 4318406.693, 99
Trd, 4318407.443, 99
Trd, 4318408.343, 102
Trd, 4318409.293, 98
Trd, 4318409.593, 104
Trd, 4318412.593, 102
Trd, 4318413.243, 97
Trd, 4318414.893, 102
Trd, 4318415.793, 98
Trd, 4318417.093, 101
Trd, 4318417.693, 105
Trd, 4318418.193, 100
Trd, 4318420.893, 99
Trd, 4318420.943, 100
Trd, 4318421.143, 99
Trd, 4318425.843, 99
Trd, 4318427.343, 98
Trd, 4318429.043, 100
Trd, 4318434.393, 101
Trd, 4318434.993, 101
Trd, 4318435.193, 96
Trd, 4318438.293, 101
Trd, 4318440.493, 101
Trd, 4318440.843, 97
Trd, 4318441.043, 108
Trd, 4318445.393, 101
Trd, 4318448.243, 97
Trd, 4318449.543, 100
Trd, 4318450.693, 102
Trd, 4318451.893, 99
Trd, 4318453.593, 102
Trd, 4318454.893, 99
Trd, 4318456.193, 98
Trd, 4318457.693, 103
Trd, 4318462.043, 97
Trd, 4318462.943, 104
Trd, 4318465.943, 100
Trd, 4318466.493, 103
Trd, 4318470.443, 100
Trd, 4318471.143, 103
Trd, 4318472.793, 100
Trd, 4318474.293, 103
Trd, 4318477.343, 107
Trd, 4318479.543, 101
Trd, 4318482.743, 104
Trd, 4318483.893, 101
Trd, 4318487.993, 105
Trd, 4318488.143, 100
Trd, 4318489.293, 100
Trd, 4318490.543, 101
Trd, 4318493.993, 100
Trd, 4318494.943, 103
Trd, 4318495.593, 103
Trd, 4318501.643, 104
Trd, 4318501.893, 99
Trd, 4318505.093, 103
Trd, 4318506.593, 101
Trd, 4318507.693, 104
Trd, 4318508.993, 100
Trd, 4318511.943, 103
Trd, 4318512.893, 100
Trd, 4318514.643, 94
Trd, 4318515.393, 91
Trd, 4318516.093, 95
Trd, 4318516.143, 96
Trd, 4318516.793, 95
Trd, 4318518.493, 104
Trd, 4318520.593, 101
Trd, 4318521.143, 102
Trd, 4318521.693, 105
Trd, 4318522.093, 99
Trd, 4318522.543, 113
Trd, 4318523.943, 98
Trd, 4318526.793, 103
Trd, 4318528.043, 103
Trd, 4318528.593, 101
Trd, 4318528.843, 77
Trd, 4318530.043, 105
Trd, 4318531.443, 113
Trd, 4318535.093, 104
Trd, 4318535.593, 110
Trd, 4318537.993, 103
Trd, 4318539.043, 106
Trd, 4318545.943, 103
Trd, 4318546.593, 102
Trd, 4318546.693, 104
Trd, 4318548.293, 102
Trd, 4318553.643, 108
Trd, 4318555.743, 105
Trd, 4318556.643, 102
Trd, 4318557.793, 101
Trd, 4318559.143, 99
Trd, 4318560.493, 106
Trd, 4318561.293, 100
Trd, 4318563.893, 99
Trd, 4318564.593, 104
Trd, 4318565.543, 102
Trd, 4318569.893, 101
Trd, 4318571.043, 103
Trd, 4318572.143, 103
Trd, 4318573.543, 102
Trd, 4318574.143, 100
Trd, 4318574.743, 104
Trd, 4318578.293, 104
Trd, 4318578.493, 100
Trd, 4318579.893, 104
Trd, 4318585.643, 99
Trd, 4318585.793, 99
Trd, 4318586.543, 102
Trd, 4318588.843, 102
Trd, 4318591.343, 99
Trd, 4318591.693, 100
Trd, 4318594.293, 100
Trd, 4318594.543, 98
Trd, 4318595.893, 106
Trd, 4318597.393, 102
Trd, 4318600.093, 103
Trd, 4318601.493, 97
Trd, 4318602.243, 97
Trd, 4318603.793, 95
Trd, 4318605.643, 99
Trd, 4318606.593, 99
Trd, 4318609.443, 97
Trd, 4318610.343, 100
Trd, 4318610.693, 97
Trd, 4318614.993, 99
Trd, 4318616.893, 96
Trd, 4318616.943, 100
Trd, 4318617.943, 95
Trd, 4318619.893, 95
Trd, 4318621.243, 100
Trd, 4318622.193, 94
Trd, 4318622.243, 94
Trd, 4318623.543, 100
Trd, 4318623.743, 113
Trd, 4318627.343, 97
Trd, 4318629.893, 100
Trd, 4318631.793, 100
Trd, 4318633.943, 102
Trd, 4318635.243, 102
Trd, 4318637.993, 103
Trd, 4318639.043, 102
Trd, 4318639.743, 102
Trd, 4318640.243, 108
Trd, 4318643.443, 101
Trd, 4318645.143, 104
Trd, 4318646.893, 100
Trd, 4318653.193, 100
Trd, 4318656.343, 103
Trd, 4318657.143, 99
Trd, 4318657.543, 103
Trd, 4318660.043, 99
Trd, 4318661.593, 113
Trd, 4318665.143, 104
Trd, 4318666.043, 98
Trd, 4318666.643, 97
Trd, 4318668.643, 98
Trd, 4318671.643, 104
Trd, 4318674.093, 94
Trd, 4318675.593, 97
Trd, 4318675.943, 97
Trd, 4318677.143, 104
Trd, 4318680.893, 102
Trd, 4318682.393, 96
Trd, 4318683.193, 101
Trd, 4318683.393, 95
Trd, 4318687.143, 102
Trd, 4318687.693, 110
Trd, 4318690.143, 95
Trd, 4318690.393, 103
Trd, 4318693.643, 94
Trd, 4318696.293, 94
Trd, 4318698.243, 99
Trd, 4318698.393, 100
Trd, 4318698.543, 93
Trd, 4318701.343, 101
Trd, 4318702.543, 101
Trd, 4318703.693, 105
Trd, 4318706.043, 102
Trd, 4318708.343, 102
Trd, 4318709.793, 103
Trd, 4318710.993, 120
Trd, 4318711.793, 111
Trd, 4318713.143, 108
Trd, 4318714.093, 110
Trd, 4318717.943, 108
Trd, 4318719.893, 107
Trd, 4318722.893, 108
Trd, 4318723.293, 106
Trd, 4318723.843, 106
Trd, 4318727.343, 103
Trd, 4318729.593, 104
Trd, 4318731.393, 103
Trd, 4318731.793, 103
Trd, 4318731.943, 106
Trd, 4318734.193, 102
Trd, 4318735.743, 103
Trd, 4318738.543, 102
Trd, 4318740.143, 103
Trd, 4318741.393, 102
Trd, 4318742.593, 101
Trd, 4318742.643, 104
Trd, 4318746.193, 104
Trd, 4318751.043, 100
Trd, 4318751.793, 100
Trd, 4318753.693, 101
Trd, 4318755.143, 99
Trd, 4318755.443, 103
Trd, 4318756.193, 104
Trd, 4318758.543, 100
Trd, 4318761.143, 105
Trd, 4318764.543, 94
Trd, 4318765.493, 104
Trd, 4318766.543, 104
Trd, 4318767.293, 102
Trd, 4318768.343, 104
Trd, 4318770.093, 101
Trd, 4318771.643, 101
Trd, 4318775.343, 100
Trd, 4318776.643, 99
Trd, 4318776.943, 99
Trd, 4318777.743, 101
Trd, 4318782.643, 101
Trd, 4318782.943, 98
Trd, 4318785.943, 101
Trd, 4318786.243, 99
Trd, 4318788.143, 97
Trd, 4318791.643, 101
Trd, 4318792.093, 113
Trd, 4318794.493, 101
Trd, 4318795.293, 97
Trd, 4318795.343, 96
Trd, 4318797.893, 98
Trd, 4318800.393, 98
Trd, 4318801.543, 96
Trd, 4318803.843, 96
Trd, 4318803.993, 95
Trd, 4318806.293, 95
Trd, 4318807.443, 101
Trd, 4318807.643, 100
Trd, 4318809.243, 94
Trd, 4318811.143, 108
Trd, 4318813.243, 102
Trd, 4318814.093, 101
Trd, 4318816.393, 104
Trd, 4318819.643, 102
Trd, 4318821.643, 103
Trd, 4318821.793, 100
Trd, 4318821.893, 100
Trd, 4318823.943, 96
Trd, 4318825.093, 100
Trd, 4318826.143, 101
Trd, 4318828.943, 113
Trd, 4318829.143, 101
Trd, 4318834.193, 100
Trd, 4318834.493, 106
Trd, 4318836.843, 103
Trd, 4318839.693, 102
Trd, 4318841.443, 99
Trd, 4318845.993, 100
Trd, 4318846.143, 98
Trd, 4318846.593, 99
Trd, 4318846.993, 98
Trd, 4318847.943, 94
Trd, 4318849.993, 97
Trd, 4318850.843, 93
Trd, 4318851.543, 98
Trd, 4318853.693, 95
Trd, 4318854.293, 93
Trd, 4318856.993, 94
Trd, 4318857.393, 107
Trd, 4318859.343, 94
Trd, 4318862.193, 104
Trd, 4318864.793, 102
Trd, 4318867.143, 96
Trd, 4318869.193, 102
Trd, 4318870.343, 99
Trd, 4318871.643, 100
Trd, 4318872.793, 103
Trd, 4318874.743, 103
Trd, 4318874.993, 100
Trd, 4318876.093, 111
Trd, 4318876.243, 99
Trd, 4318878.443, 98
Trd, 4318881.193, 104
Trd, 4318882.043, 104
Trd, 4318888.993, 103
Trd, 4318890.443, 104
Trd, 4318890.493, 104
Trd, 4318891.843, 102
Trd, 4318895.043, 103
Trd, 4318896.993, 94
Trd, 4318898.543, 103
Trd, 4318900.243, 102
Trd, 4318902.793, 99
Trd, 4318904.093, 101
Trd, 4318906.493, 99
Trd, 4318907.093, 98
Trd, 4318907.243, 101
Trd, 4318909.693, 98
Trd, 4318910.543, 100
Trd, 4318915.693, 101
Trd, 4318917.043, 101
Trd, 4318917.493, 99
Trd, 4318918.693, 98
Trd, 4318922.393, 103
Trd, 4318924.143, 100
Trd, 4318924.393, 104
Trd, 4318929.143, 99
Trd, 4318930.543, 100
Trd, 4318930.943, 103
Trd, 4318933.193, 101
Trd, 4318933.343, 99
Trd, 4318937.093, 98
Trd, 4318937.943, 99
Trd, 4318938.093, 97
Trd, 4318940.693, 96
Trd, 4318941.093, 98
Trd, 4318942.043, 100
Trd, 4318943.843, 98
Trd, 4318945.243, 96
Trd, 4318947.993, 95
Trd, 4318949.143, 99
Trd, 4318950.643, 110
Trd, 4318951.593, 105
Trd, 4318951.843, 94
Trd, 4318957.143, 99
Trd, 4318958.493, 94
Trd, 4318959.293, 101
Trd, 4318962.643, 100
Trd, 4318965.043, 104
Trd, 4318965.543, 102
Trd, 4318965.643, 99
Trd, 4318966.893, 103
Trd, 4318967.793, 103
Trd, 4318971.543, 100
Trd, 4318972.193, 103
Trd, 4318972.493, 100
Trd, 4318973.693, 104
Trd, 4318975.493, 100
Trd, 4318978.543, 104
Trd, 4318979.393, 104
Trd, 4318979.693, 102
Trd, 4318982.993, 101
Trd, 4318983.843, 100
Trd, 4318987.493, 104
Trd, 4318988.593, 100
Trd, 4318989.993, 94
Trd, 4318990.943, 97
Trd, 4318994.393, 99
Trd, 4318995.393, 104
Trd, 4318995.743, 104
Trd, 4318995.993, 107
Trd, 4318999.843, 99
Trd, 4319001.593, 103
Trd, 4319003.093, 102
Trd, 4319004.943, 99
Trd, 4319006.993, 101
Trd, 4319008.593, 102
Trd, 4319009.443, 99
Trd, 4319010.043, 99
Trd, 4319015.843, 98
Trd, 4319017.243, 101
Trd, 4319017.293, 102
Trd, 4319017.343, 98
Trd, 4319019.893, 101
Trd, 4319020.093, 97
Trd, 4319024.543, 99
Trd, 4319024.893, 102
Trd, 4319025.343, 113
Trd, 4319027.343, 104
Trd, 4319030.243, 101
Trd, 4319031.693, 98
Trd, 4319035.043, 97
Trd, 4319035.093, 97
Trd, 4319035.443, 102
Trd, 4319037.343, 103
Trd, 4319039.093, 94
Trd, 4319039.243, 104
Trd, 4319042.743, 113
Trd, 4319042.843, 101
Trd, 4319045.393, 101
Trd, 4319049.543, 104
Trd, 4319049.693, 104
Trd, 4319050.293, 101
Trd, 4319052.593, 103
Trd, 4319053.943, 100
Trd, 4319053.993, 100
Trd, 4319055.843, 104
Trd, 4319063.293, 103
Trd, 4319065.143, 100
Trd, 4319070.743, 100
Trd, 4319071.993, 103
Trd, 4319076.143, 102
Trd, 4319076.343, 99
Trd, 4319076.693, 102
Trd, 4319077.543, 101
Trd, 4319079.143, 102
Trd, 4319082.693, 104
Trd, 4319082.793, 104
Trd, 4319082.843, 100
Trd, 4319084.593, 100
Trd, 4319085.793, 104
Trd, 4319089.993, 99
Trd, 4319092.793, 104
Trd, 4319092.993, 99
Trd, 4319095.193, 98
Trd, 4319096.143, 99
Trd, 4319096.193, 98
Trd, 4319096.743, 102
Trd, 4319099.793, 97
Trd, 4319102.493, 101
Trd, 4319102.693, 99
Trd, 4319103.493, 113
Trd, 4319104.193, 98
Trd, 4319106.743, 98
Trd, 4319108.343, 104
Trd, 4319108.743, 98
Trd, 4319112.293, 102
Trd, 4319115.293, 101
Trd, 4319115.843, 99
Trd, 4319116.743, 99
Trd, 4319118.693, 102
Trd, 4319122.343, 98
Trd, 4319125.893, 100
Trd, 4319126.393, 101
Trd, 4319127.993, 97
Trd, 4319129.443, 96
Trd, 4319131.643, 101
Trd, 4319132.493, 98
Trd, 4319135.193, 98
Trd, 4319135.643, 100
Trd, 4319139.893, 102
Trd, 4319142.193, 102
Trd, 4319145.993, 99
Trd, 4319146.193, 99
Trd, 4319148.743, 102
Trd, 4319149.043, 102
Trd, 4319149.693, 102
Trd, 4319150.693, 103
Trd, 4319151.843, 100
Trd, 4319155.193, 100
Trd, 4319157.043, 104
Trd, 4319159.493, 100
Trd, 4319159.943, 104
Trd, 4319163.043, 94
Trd, 4319164.993, 97
Trd, 4319165.693, 103
Trd, 4319169.143, 100
Trd, 4319169.393, 101
Trd, 4319171.543, 100
Trd, 4319171.643, 102
Trd, 4319176.543, 102
Trd, 4319176.743, 99
Trd, 4319179.343, 103
Trd, 4319180.843, 98
Trd, 4319181.993, 98
Trd, 4319183.193, 102
Trd, 4319184.343, 101
Trd, 4319184.893, 97
Trd, 4319185.993, 102
Trd, 4319189.043, 94
Trd, 4319191.793, 101
Trd, 4319192.943, 102
Trd, 4319194.993, 99
Trd, 4319195.643, 105
Trd, 4319196.243, 102
Trd, 4319198.843, 103
Trd, 4319199.243, 104
Trd, 4319202.843, 102
Trd, 4319204.243, 104
Trd, 4319205.893, 101
Trd, 4319206.593, 100
Trd, 4319207.643, 100
Trd, 4319207.843, 102
Trd, 4319214.893, 103
Trd, 4319215.243, 101
Trd, 4319217.643, 103
Trd, 4319218.443, 101
Trd, 4319221.393, 103
Trd, 4319222.093, 113
Trd, 4319222.943, 100
Trd, 4319228.793, 102
Trd, 4319228.843, 99
Trd, 4319229.643, 104
Trd, 4319230.793, 99
Trd, 4319233.093, 101
Trd, 4319233.593, 98
Trd, 4319240.543, 97
Trd, 4319241.393, 95
Trd, 4319241.993, 98
Trd, 4319242.693, 99
Trd, 4319246.693, 97
Trd, 4319248.043, 98
Trd, 4319248.193, 98
Trd, 4319253.093, 98
Trd, 4319255.943, 98
Trd, 4319257.243, 97
Trd, 4319258.143, 96
Trd, 4319259.093, 96
Trd, 4319259.993, 96
Trd, 4319260.843, 94
Trd, 4319263.443, 97
Trd, 4319264.643, 96
Trd, 4319264.893, 104
Trd, 4319265.093, 97
Trd, 4319267.793, 107
Trd, 4319268.393, 96
Trd, 4319268.843, 103
Trd, 4319269.443, 101
Trd, 4319274.843, 102
Trd, 4319274.893, 101
Trd, 4319275.143, 109
Trd, 4319279.093, 104
Trd, 4319281.793, 102
Trd, 4319285.493, 103
Trd, 4319288.793, 105
Trd, 4319289.943, 101
Trd, 4319290.243, 101
Trd, 4319293.943, 101
Trd, 4319295.443, 100
Trd, 4319295.593, 104
Trd, 4319299.393, 103
Trd, 4319301.193, 99
Trd, 4319302.043, 94
Trd, 4319303.393, 96
Trd, 4319303.543, 102
Trd, 4319305.293, 101
Trd, 4319306.843, 99
Trd, 4319307.493, 98
Trd, 4319308.943, 98
Trd, 4319310.793, 111
Trd, 4319316.943, 103
Trd, 4319317.293, 101
Trd, 4319318.043, 103
Trd, 4319319.293, 100
Trd, 4319319.593, 98
Trd, 4319320.893, 105
Trd, 4319325.443, 102
Trd, 4319326.443, 103
Trd, 4319326.843, 103
Trd, 4319329.243, 103
Trd, 4319330.143, 101
Trd, 4319330.993, 100
Trd, 4319331.143, 104
Trd, 4319331.343, 100
Trd, 4319333.643, 104
Trd, 4319335.443, 103
Trd, 4319335.493, 102
Trd, 4319337.543, 102
Trd, 4319337.693, 101
Trd, 4319339.793, 103
Trd, 4319340.393, 94
Trd, 4319347.743, 98
Trd, 4319347.793, 102
Trd, 4319350.343, 99
Trd, 4319350.443, 99
Trd, 4319351.293, 102
Trd, 4319353.943, 102
Trd, 4319354.293, 99
Trd, 4319358.743, 98
Trd, 4319359.193, 101
Trd, 4319360.093, 97
Trd, 4319360.843, 94
Trd, 4319365.743, 96
Trd, 4319365.993, 95
Trd, 4319367.943, 95
Trd, 4319369.543, 98
Trd, 4319370.893, 94
Trd, 4319371.493, 98
Trd, 4319374.893, 97
Trd, 4319374.943, 98
Trd, 4319376.743, 94
Trd, 4319377.043, 94
Trd, 4319379.493, 113
Trd, 4319384.593, 93
Trd, 4319385.343, 99
Trd, 4319386.543, 96
Trd, 4319391.843, 98
Trd, 4319392.743, 95
Trd, 4319393.143, 98
Trd, 4319393.543, 108
Trd, 4319393.643, 95
Trd, 4319395.593, 113
Trd, 4319397.043, 94
Trd, 4319399.643, 93
Trd, 4319400.643, 100
Trd, 4319401.543, 99
Trd, 4319403.343, 101
Trd, 4319403.943, 100
Trd, 4319405.093, 99
Trd, 4319407.343, 98
Trd, 4319407.893, 100
Trd, 4319412.543, 102
Trd, 4319412.693, 99
Trd, 4319413.343, 101
Trd, 4319415.493, 98
Trd, 4319416.793, 101
Trd, 4319417.643, 110
Trd, 4319418.243, 98
Trd, 4319420.493, 97
Trd, 4319421.893, 103
Trd, 4319423.693, 102
Trd, 4319426.143, 98
Trd, 4319428.493, 103
Trd, 4319429.993, 102
Trd, 4319432.293, 98
Trd, 4319432.743, 97
Trd, 4319435.243, 96
Trd, 4319439.493, 100
Trd, 4319439.993, 98
Trd, 4319440.143, 110
Trd, 4319444.893, 97
Trd, 4319445.193, 97
Trd, 4319445.743, 101
Trd, 4319447.893, 101
Trd, 4319449.143, 97
Trd, 4319451.143, 97
Trd, 4319452.643, 101
Trd, 4319456.093, 104
Trd, 4319456.293, 97
Trd, 4319457.343, 96
Trd, 4319459.843, 97
Trd, 4319460.743, 102
Trd, 4319463.843, 97
Trd, 4319465.793, 96
Trd, 4319466.843, 102
Trd, 4319468.893, 95
Trd, 4319470.343, 103
Trd, 4319470.643, 103
Trd, 4319472.693, 103
Trd, 4319476.493, 94
Trd, 4319478.143, 94
Trd, 4319479.343, 98
Trd, 4319481.193, 99
Trd, 4319481.393, 105
Trd, 4319483.543, 102
Trd, 4319483.693, 97
Trd, 4319489.143, 99
Trd, 4319489.493, 99
Trd, 4319489.793, 103
Trd, 4319490.143, 103
Trd, 4319492.243, 98
Trd, 4319493.243, 102
Trd, 4319495.993, 102
Trd, 4319496.393, 98
Trd, 4319499.193, 102
Trd, 4319502.143, 102
Trd, 4319502.943, 102
Trd, 4319505.643, 103
Trd, 4319507.493, 104
Trd, 4319509.943, 104
Trd, 4319510.543, 104
Trd, 4319511.243, 105
Trd, 4319512.093, 103
Trd, 4319514.843, 106
Trd, 4319515.793, 102
Trd, 4319518.743, 101
Trd, 4319519.093, 102
Trd, 4319520.493, 119
Trd, 4319522.143, 113
Trd, 4319523.143, 107
Trd, 4319523.943, 105
Trd, 4319525.193, 105
Trd, 4319526.343, 105
Trd, 4319528.793, 104
Trd, 4319530.343, 122
Trd, 4319530.793, 114
Trd, 4319531.243, 94
Trd, 4319531.643, 105
Trd, 4319533.793, 105
Trd, 4319536.043, 104
Trd, 4319537.043, 107
Trd, 4319539.393, 101
Trd, 4319539.893, 94
Trd, 4319539.943, 104
Trd, 4319540.843, 93
Trd, 4319544.293, 104
Trd, 4319546.843, 101
Trd, 4319548.293, 104
Trd, 4319549.143, 101
Trd, 4319549.593, 104
Trd, 4319554.943, 102
Trd, 4319555.643, 101
Trd, 4319557.193, 100
Trd, 4319558.243, 101
Trd, 4319562.393, 99
Trd, 4319564.143, 101
Trd, 4319566.743, 100
Trd, 4319568.043, 99
Trd, 4319568.793, 98
Trd, 4319569.543, 94
Trd, 4319570.793, 100
Trd, 4319575.993, 101
Trd, 4319576.343, 101
Trd, 4319577.993, 96
Trd, 4319579.293, 99
Trd, 4319579.393, 101
Trd, 4319581.893, 98
Trd, 4319584.593, 104
Trd, 4319587.593, 101
Trd, 4319587.893, 98
Trd, 4319591.293, 100
Trd, 4319592.543, 101
Trd, 4319594.943, 97
Trd, 4319597.543, 100
Trd, 4319598.093, 101
Trd, 4319598.243, 96
Trd, 4319600.093, 100
Trd, 4319601.043, 95
Trd, 4319605.443, 100
Trd, 4319605.643, 94
Trd, 4319607.193, 94
Trd, 4319607.843, 99
Trd, 4319611.193, 98
Trd, 4319611.593, 100
Trd, 4319612.643, 96
Trd, 4319614.643, 94
Trd, 4319616.593, 94
Trd, 4319619.543, 96
Trd, 4319619.843, 93
Trd, 4319621.693, 97
Trd, 4319622.193, 93
Trd, 4319622.393, 97
Trd, 4319626.293, 92
Trd, 4319627.693, 94
Trd, 4319628.593, 99
Trd, 4319628.743, 99
Trd, 4319628.793, 113
Trd, 4319631.993, 98
Trd, 4319633.343, 97
Trd, 4319633.843, 100
Trd, 4319636.293, 101
Trd, 4319637.893, 97
Trd, 4319639.593, 98
Trd, 4319640.543, 101
Trd, 4319643.443, 103
Trd, 4319644.143, 99
Trd, 4319645.343, 104
Trd, 4319649.443, 105
Trd, 4319650.143, 100
Trd, 4319651.243, 99
Trd, 4319654.343, 103
Trd, 4319654.643, 99
Trd, 4319657.443, 104
Trd, 4319658.743, 98
Trd, 4319658.793, 98
Trd, 4319662.743, 102
Trd, 4319666.043, 103
Trd, 4319666.293, 98
Trd, 4319669.843, 99
Trd, 4319670.143, 102
Trd, 4319672.493, 99
Trd, 4319673.343, 101
Trd, 4319674.093, 98
Trd, 4319675.093, 109
Trd, 4319677.293, 101
Trd, 4319679.143, 100
Trd, 4319681.293, 103
Trd, 4319682.943, 99
Trd, 4319684.093, 103
Trd, 4319688.193, 102
Trd, 4319690.343, 103
Trd, 4319691.743, 113
Trd, 4319694.593, 101
Trd, 4319695.643, 107
Trd, 4319699.893, 103
Trd, 4319702.093, 103
Trd, 4319703.293, 102
Trd, 4319703.793, 104
Trd, 4319705.243, 104
Trd, 4319710.843, 102
Trd, 4319711.893, 102
Trd, 4319713.043, 101
Trd, 4319713.543, 101
Trd, 4319713.743, 104
Trd, 4319716.743, 104
Trd, 4319718.993, 94
Trd, 4319721.693, 100
Trd, 4319722.043, 99
Trd, 4319724.493, 100
Trd, 4319724.593, 99
Trd, 4319724.643, 105
Trd, 4319725.493, 113
Trd, 4319728.043, 98
Trd, 4319731.593, 100
Trd, 4319731.993, 102
Trd, 4319733.193, 94
Trd, 4319735.193, 98
Trd, 4319736.893, 99
Trd, 4319739.193, 100
Trd, 4319739.493, 105
Trd, 4319739.793, 98
Trd, 4319741.693, 104
Trd, 4319742.393, 97
Trd, 4319742.543, 97
Trd, 4319748.343, 101
Trd, 4319751.193, 101
Trd, 4319752.643, 99
Trd, 4319753.493, 102
Trd, 4319755.093, 94
Trd, 4319755.343, 80
Trd, 4319756.293, 104
Trd, 4319758.193, 94
Trd, 4319758.443, 68
Trd, 4319759.843, 94
Trd, 4319762.143, 89
Trd, 4319762.843, 93
Trd, 4319764.193, 96
Trd, 4319766.793, 88
Trd, 4319770.143, 94
Trd, 4319774.043, 96
Trd, 4319774.393, 106
Trd, 4319776.243, 101
Trd, 4319776.893, 112
Trd, 4319778.243, 96
Trd, 4319781.193, 106
Trd, 4319784.393, 106
Trd, 4319785.543, 105
Trd, 4319786.193, 84
Trd, 4319787.743, 106
Trd, 4319788.143, 101
Trd, 4319791.343, 98
Trd, 4319793.043, 102
Trd, 4319797.243, 100
Trd, 4319797.293, 98
Trd, 4319802.043, 103
Trd, 4319802.543, 99
Trd, 4319803.243, 104
Trd, 4319808.443, 100
Trd, 4319812.293, 103
Trd, 4319813.443, 102
Trd, 4319816.843, 100
Trd, 4319818.193, 98
Trd, 4319818.843, 101
Trd, 4319819.343, 98
Trd, 4319820.393, 102
Trd, 4319821.243, 97
Trd, 4319822.543, 96
Trd, 4319823.193, 104
Trd, 4319823.743, 94
Trd, 4319826.193, 104
Trd, 4319826.243, 102
Trd, 4319829.543, 105
Trd, 4319831.643, 104
Trd, 4319832.193, 104
Trd, 4319834.943, 103
Trd, 4319835.893, 103
Trd, 4319836.693, 104
Trd, 4319837.443, 103
Trd, 4319837.793, 101
Trd, 4319838.843, 103
Trd, 4319841.593, 100
Trd, 4319844.093, 101
Trd, 4319847.143, 101
Trd, 4319847.493, 102
Trd, 4319851.093, 101
Trd, 4319851.143, 98
Trd, 4319852.393, 98
Trd, 4319852.443, 102
Trd, 4319856.193, 113
Trd, 4319857.243, 107
Trd, 4319858.393, 109
Trd, 4319859.443, 108
Trd, 4319861.093, 94
Trd, 4319862.043, 97
Trd, 4319862.143, 104
Trd, 4319863.943, 105
Trd, 4319864.593, 104
Trd, 4319865.743, 103
Trd, 4319869.843, 104
Trd, 4319870.493, 103
Trd, 4319871.143, 102
Trd, 4319872.743, 100
Trd, 4319872.843, 101
Trd, 4319874.293, 101
Trd, 4319876.393, 100
Trd, 4319877.743, 102
Trd, 4319879.643, 102
Trd, 4319882.093, 100
Trd, 4319882.793, 100
Trd, 4319885.143, 99
Trd, 4319885.893, 102
Trd, 4319886.193, 103
Trd, 4319888.893, 98
Trd, 4319889.993, 97
Trd, 4319890.693, 94
Trd, 4319891.143, 103
Trd, 4319895.393, 100
Trd, 4319898.393, 100
Trd, 4319898.493, 98
Trd, 4319904.343, 101
Trd, 4319904.993, 97
Trd, 4319907.343, 98
Trd, 4319907.943, 100
Trd, 4319908.643, 94
Trd, 4319908.893, 100
Trd, 4319910.993, 105
Trd, 4319912.693, 95
Trd, 4319913.993, 94
Trd, 4319915.493, 98
Trd, 4319915.943, 101
Trd, 4319916.693, 101
Trd, 4319918.843, 98
Trd, 4319919.543, 77
Trd, 4319919.643, 88
Trd, 4319920.093, 88
Trd, 4319922.143, 90
Trd, 4319925.193, 111
Trd, 4319926.343, 100
Trd, 4319931.543, 102
Trd, 4319931.993, 99
Trd, 4319933.793, 102
Trd, 4319935.743, 120
Trd, 4319936.193, 110
Trd, 4319938.793, 110
Trd, 4319939.893, 94
Trd, 4319941.743, 90
Trd, 4319941.993, 95
Trd, 4319942.043, 97
Trd, 4319943.593, 87
Trd, 4319944.793, 96
Trd, 4319945.643, 93
Trd, 4319946.343, 96
Trd, 4319946.443, 93
Trd, 4319948.543, 94
Trd, 4319949.993, 95
Trd, 4319951.593, 96
Trd, 4319953.393, 97
Trd, 4319955.743, 106
Trd, 4319955.843, 86
Trd, 4319957.943, 100
Trd, 4319958.093, 101
Trd, 4319961.393, 102
Trd, 4319962.793, 107
Trd, 4319963.243, 100
Trd, 4319963.393, 94
Trd, 4319963.893, 95
Trd, 4319965.493, 100
Trd, 4319966.643, 103
Trd, 4319968.743, 100
Trd, 4319968.793, 99
Trd, 4319969.593, 100
Trd, 4319972.993, 99
Trd, 4319973.543, 100
Trd, 4319976.593, 102
Trd, 4319978.143, 102
Trd, 4319980.693, 99
Trd, 4319983.093, 98
Trd, 4319984.693, 102
Trd, 4319989.993, 98
Trd, 4319991.693, 101
Trd, 4319992.043, 97
Trd, 4319993.193, 102
Trd, 4319993.793, 96
Trd, 4319996.393, 96
Trd, 4319996.693, 95
Trd, 4319999.143, 102
Trd, 4319999.643, 102
