Trd, 4317823.643, 91
Trd, 4317825.893, 90
Trd, 4317826.193, 89
Trd, 4317829.443, 89
Trd, 4317829.493, 88
Trd, 4317831.343, 94
Trd, 4317833.893, 94
Trd, 4317834.693, 94
Trd, 4317836.493, 94
Trd, 4317837.143, 92
Trd, 4317838.393, 96
Trd, 4317840.093, 97
Trd, 4317840.643, 95
Trd, 4317843.643, 94
Trd, 4317845.693, 94
Trd, 4317847.443, 94
Trd, 4317847.743, 93
Trd, 4317849.943, 93
Trd, 4317851.993, 92
Trd, 4317852.943, 91
Trd, 4317853.593, 85
Trd, 4317857.193, 91
Trd, 4317858.493, 90
Trd, 4317859.993, 89
Trd, 4317861.393, 91
Trd, 4317863.143, 91
Trd, 4317864.793, 92
Trd, 4317868.143, 92
Trd, 4317869.593, 91
Trd, 4317871.343, 92
Trd, 4317872.293, 92
Trd, 4317874.143, 92
Trd, 4317874.843, 93
Trd, 4317878.293, 92
Trd, 4317879.293, 92
Trd, 4317879.443, 91
Trd, 4317881.193, 90
Trd, 4317881.993, 91
Trd, 4317883.193, 91
Trd, 4317883.743, 92
Trd, 4317887.893, 98
Trd, 4317888.343, 98
Trd, 4317889.093, 97
Trd, 4317890.193, 101
Trd, 4317890.493, 97
Trd, 4317892.293, 85
Trd, 4317893.293, 92
Trd, 4317893.743, 90
Trd, 4317896.243, 93
Trd, 4317898.293, 92
Trd, 4317899.143, 92
Trd, 4317899.493, 91
Trd, 4317901.893, 91
Trd, 4317902.143, 92
Trd, 4317904.443, 91
Trd, 4317904.493, 92
Trd, 4317907.243, 90
Trd, 4317907.493, 89
Trd, 4317908.643, 90
Trd, 4317911.093, 89
Trd, 4317913.243, 103
Trd, 4317914.143, 91
Trd, 4317915.343, 96
Trd, 4317916.443, 96
Trd, 4317919.193, 97
Trd, 4317920.243, 99
Trd, 4317920.543, 96
Trd, 4317921.793, 97
Trd, 4317921.943, 94
Trd, 4317923.543, 94
Trd, 4317925.393, 93
Trd, 4317927.843, 96
Trd, 4317929.843, 94
Trd, 4317931.343, 94
Trd, 4317932.343, 94
Trd, 4317932.843, 93
Trd, 4317935.493, 94
Trd, 4317937.243, 94
Trd, 4317937.693, 93
Trd, 4317940.643, 93
Trd, 4317942.243, 93
Trd, 4317942.893, 92
Trd, 4317943.343, 92
Trd, 4317946.393, 90
Trd, 4317948.993, 92
Trd, 4317950.293, 92
Trd, 4317950.843, 91
Trd, 4317953.243, 90
Trd, 4317953.793, 90
Trd, 4317956.143, 90
Trd, 4317956.393, 89
Trd, 4317957.543, 89
Trd, 4317959.193, 88
Trd, 4317960.993, 95
Trd, 4317964.443, 96
Trd, 4317965.043, 96
Trd, 4317965.793, 95
Trd, 4317966.943, 95
Trd, 4317967.293, 96
Trd, 4317967.593, 94
Trd, 4317971.443, 99
Trd, 4317971.593, 98
Trd, 4317971.793, 96
Trd, 4317973.693, 72
Trd, 4317975.593, 89
Trd, 4317975.643, 91
Trd, 4317977.443, 88
Trd, 4317978.843, 86
Trd, 4317981.893, 92
Trd, 4317983.893, 96
Trd, 4317984.843, 96
Trd, 4317984.893, 95
Trd, 4317987.443, 94
Trd, 4317988.343, 94
Trd, 4317990.843, 94
Trd, 4317992.243, 93
Trd, 4317992.793, 92
Trd, 4317994.743, 85
Trd, 4317995.793, 90
Trd, 4317997.293, 90
Trd, 4317999.943, 89
Trd, 4318001.043, 89
Trd, 4318003.443, 94
Trd, 4318003.543, 95
Trd, 4318003.993, 94
Trd, 4318006.593, 95
Trd, 4318007.993, 94
Trd, 4318010.643, 99
Trd, 4318011.143, 99
Trd, 4318012.993, 96
Trd, 4318013.393, 97
Trd, 4318015.043, 97
Trd, 4318017.443, 97
Trd, 4318019.093, 95
Trd, 4318020.393, 94
Trd, 4318022.793, 97
Trd, 4318023.443, 96
Trd, 4318023.493, 96
Trd, 4318026.293, 96
Trd, 4318027.393, 95
Trd, 4318027.743, 95
Trd, 4318029.493, 95
Trd, 4318030.643, 94
Trd, 4318032.243, 93
Trd, 4318033.743, 92
Trd, 4318034.743, 93
Trd, 4318034.843, 92
Trd, 4318036.543, 91
Trd, 4318037.743, 91
Trd, 4318041.593, 92
Trd, 4318041.893, 91
Trd, 4318042.193, 90
Trd, 4318044.043, 89
Trd, 4318045.393, 89
Trd, 4318048.093, 89
Trd, 4318049.143, 89
Trd, 4318049.893, 88
Trd, 4318050.193, 88
Trd, 4318052.243, 89
Trd, 4318053.193, 90
Trd, 4318055.243, 97
Trd, 4318056.043, 96
Trd, 4318056.593, 95
Trd, 4318058.193, 94
Trd, 4318059.893, 93
Trd, 4318062.393, 93
Trd, 4318063.343, 92
Trd, 4318063.693, 91
Trd, 4318066.543, 85
Trd, 4318067.393, 87
Trd, 4318067.493, 88
Trd, 4318069.093, 87
Trd, 4318069.393, 86
Trd, 4318071.343, 97
Trd, 4318074.643, 90
Trd, 4318074.893, 89
Trd, 4318075.243, 89
Trd, 4318077.893, 90
Trd, 4318078.343, 89
Trd, 4318079.693, 88
Trd, 4318082.593, 90
Trd, 4318082.843, 88
Trd, 4318085.543, 87
Trd, 4318085.843, 87
Trd, 4318087.143, 89
Trd, 4318088.493, 88
Trd, 4318090.643, 88
Trd, 4318091.393, 88
Trd, 4318094.993, 88
Trd, 4318096.793, 88
Trd, 4318097.793, 87
Trd, 4318100.293, 86
Trd, 4318102.343, 88
Trd, 4318102.893, 88
Trd, 4318103.693, 93
Trd, 4318106.393, 87
Trd, 4318106.743, 86
Trd, 4318109.043, 88
Trd, 4318113.343, 87
Trd, 4318113.443, 87
Trd, 4318113.993, 85
Trd, 4318116.093, 86
Trd, 4318118.093, 86
Trd, 4318118.943, 85
Trd, 4318119.893, 86
Trd, 4318120.193, 84
Trd, 4318122.293, 85
Trd, 4318123.193, 94
Trd, 4318123.393, 87
Trd, 4318126.543, 89
Trd, 4318127.593, 88
Trd, 4318127.993, 89
Trd, 4318128.043, 87
Trd, 4318129.693, 86
Trd, 4318132.143, 86
Trd, 4318134.743, 87
Trd, 4318135.493, 86
Trd, 4318137.693, 89
Trd, 4318139.043, 90
Trd, 4318141.293, 92
Trd, 4318143.243, 95
Trd, 4318143.543, 92
Trd, 4318144.493, 92
Trd, 4318145.493, 91
Trd, 4318147.093, 92
Trd, 4318149.443, 91
Trd, 4318150.793, 92
Trd, 4318151.493, 95
Trd, 4318154.143, 96
Trd, 4318154.543, 96
Trd, 4318155.343, 96
Trd, 4318157.343, 96
Trd, 4318157.543, 95
Trd, 4318160.693, 94
Trd, 4318160.893, 93
Trd, 4318163.443, 93
Trd, 4318163.843, 93
Trd, 4318165.293, 93
Trd, 4318166.543, 96
Trd, 4318167.493, 93
Trd, 4318168.493, 92
Trd, 4318170.893, 93
Trd, 4318172.043, 91
Trd, 4318174.793, 91
Trd, 4318175.643, 94
Trd, 4318175.693, 91
Trd, 4318176.343, 90
Trd, 4318181.393, 92
Trd, 4318181.443, 91
Trd, 4318182.243, 92
Trd, 4318183.443, 92
Trd, 4318186.043, 91
Trd, 4318187.443, 67
Trd, 4318189.643, 84
Trd, 4318190.093, 82
Trd, 4318195.343, 84
Trd, 4318195.643, 83
Trd, 4318198.693, 83
Trd, 4318199.943, 85
Trd, 4318200.143, 83
Trd, 4318201.643, 96
Trd, 4318205.543, 97
Trd, 4318205.993, 96
Trd, 4318206.493, 94
Trd, 4318208.793, 96
Trd, 4318210.193, 94
Trd, 4318212.393, 95
Trd, 4318212.943, 94
Trd, 4318214.843, 96
Trd, 4318215.543, 95
Trd, 4318217.593, 100
Trd, 4318219.743, 101
Trd, 4318220.343, 101
Trd, 4318220.693, 99
Trd, 4318220.943, 98
Trd, 4318223.793, 102
Trd, 4318227.143, 101
Trd, 4318227.243, 101
Trd, 4318228.243, 98
Trd, 4318229.943, 100
Trd, 4318231.093, 99
Trd, 4318231.393, 94
Trd, 4318232.493, 95
Trd, 4318234.943, 95
Trd, 4318235.543, 93
Trd, 4318235.943, 91
Trd, 4318237.943, 92
Trd, 4318239.643, 95
Trd, 4318241.193, 96
Trd, 4318241.493, 97
Trd, 4318242.093, 95
Trd, 4318243.993, 97
Trd, 4318246.143, 97
Trd, 4318246.593, 96
Trd, 4318248.593, 96
Trd, 4318251.193, 95
Trd, 4318254.193, 95
Trd, 4318256.393, 94
Trd, 4318257.243, 96
Trd, 4318257.343, 93
Trd, 4318259.443, 93
Trd, 4318259.743, 93
Trd, 4318260.193, 93
Trd, 4318263.643, 92
Trd, 4318266.093, 93
Trd, 4318266.293, 91
Trd, 4318267.143, 91
Trd, 4318268.643, 91
Trd, 4318273.443, 90
Trd, 4318273.643, 90
Trd, 4318274.293, 92
Trd, 4318277.843, 92
Trd, 4318279.693, 95
Trd, 4318280.593, 93
Trd, 4318281.393, 92
Trd, 4318285.243, 92
Trd, 4318286.543, 92
Trd, 4318289.993, 93
Trd, 4318290.043, 93
Trd, 4318290.093, 91
Trd, 4318290.493, 91
Trd, 4318293.843, 92
Trd, 4318296.893, 92
Trd, 4318298.293, 92
Trd, 4318300.743, 92
Trd, 4318300.943, 91
Trd, 4318301.693, 91
Trd, 4318302.793, 90
Trd, 4318304.693, 91
Trd, 4318305.893, 90
Trd, 4318309.193, 90
Trd, 4318311.643, 90
Trd, 4318312.593, 89
Trd, 4318313.993, 88
Trd, 4318315.643, 89
Trd, 4318315.943, 88
Trd, 4318316.343, 87
Trd, 4318318.993, 87
Trd, 4318320.193, 85
Trd, 4318323.343, 88
Trd, 4318324.993, 88
Trd, 4318325.143, 86
Trd, 4318328.443, 86
Trd, 4318330.193, 86
Trd, 4318331.193, 96
Trd, 4318332.693, 94
Trd, 4318332.843, 94
Trd, 4318333.543, 90
Trd, 4318337.093, 91
Trd, 4318337.393, 92
Trd, 4318338.493, 91
Trd, 4318342.043, 92
Trd, 4318343.243, 90
Trd, 4318345.043, 90
Trd, 4318345.343, 89
Trd, 4318346.543, 91
Trd, 4318348.143, 90
Trd, 4318350.643, 90
Trd, 4318351.793, 89
Trd, 4318351.943, 89
Trd, 4318353.143, 89
Trd, 4318356.043, 93
Trd, 4318356.643, 90
Trd, 4318358.443, 92
Trd, 4318361.243, 91
Trd, 4318363.293, 94
Trd, 4318365.743, 93
Trd, 4318366.543, 93
Trd, 4318368.443, 93
Trd, 4318370.343, 92
Trd, 4318371.593, 90
Trd, 4318373.993, 97
Trd, 4318375.093, 94
Trd, 4318375.143, 93
Trd, 4318378.393, 96
Trd, 4318378.943, 96
Trd, 4318379.543, 96
Trd, 4318382.143, 91
Trd, 4318383.643, 95
Trd, 4318384.543, 94
Trd, 4318386.593, 96
Trd, 4318386.743, 95
Trd, 4318388.843, 99
Trd, 4318391.593, 96
Trd, 4318391.693, 94
Trd, 4318394.293, 95
Trd, 4318396.443, 93
Trd, 4318397.293, 93
Trd, 4318398.143, 92
Trd, 4318402.743, 93
Trd, 4318403.193, 91
Trd, 4318404.093, 90
Trd, 4318406.243, 91
Trd, 4318406.843, 90
Trd, 4318406.943, 89
Trd, 4318407.843, 88
Trd, 4318413.093, 92
Trd, 4318413.743, 92
Trd, 4318416.343, 91
Trd, 4318416.693, 92
Trd, 4318418.493, 91
Trd, 4318421.493, 92
Trd, 4318421.543, 91
Trd, 4318423.043, 92
Trd, 4318425.043, 91
Trd, 4318426.093, 90
Trd, 4318430.643, 90
Trd, 4318431.493, 90
Trd, 4318431.993, 90
Trd, 4318432.143, 90
Trd, 4318433.993, 89
Trd, 4318437.193, 90
Trd, 4318437.793, 90
Trd, 4318437.843, 90
Trd, 4318440.143, 89
Trd, 4318442.443, 94
Trd, 4318443.143, 94
Trd, 4318444.193, 93
Trd, 4318444.643, 92
Trd, 4318446.693, 85
Trd, 4318447.093, 89
Trd, 4318451.493, 91
Trd, 4318452.093, 92
Trd, 4318452.793, 92
Trd, 4318456.243, 95
Trd, 4318457.043, 94
Trd, 4318457.243, 94
Trd, 4318457.743, 93
Trd, 4318462.143, 92
Trd, 4318464.893, 93
Trd, 4318464.993, 92
Trd, 4318466.093, 91
Trd, 4318467.043, 93
Trd, 4318470.593, 92
Trd, 4318473.943, 92
Trd, 4318474.493, 93
Trd, 4318475.743, 93
Trd, 4318478.593, 92
Trd, 4318479.243, 91
Trd, 4318482.093, 94
Trd, 4318483.693, 95
Trd, 4318483.743, 93
Trd, 4318489.743, 94
Trd, 4318490.343, 93
Trd, 4318491.693, 93
Trd, 4318492.143, 92
Trd, 4318494.043, 94
Trd, 4318494.293, 92
Trd, 4318496.693, 91
Trd, 4318497.893, 91
Trd, 4318499.643, 93
Trd, 4318499.943, 94
Trd, 4318502.543, 96
Trd, 4318502.843, 95
Trd, 4318503.593, 91
Trd, 4318505.643, 92
Trd, 4318508.243, 93
Trd, 4318509.593, 91
Trd, 4318510.943, 91
Trd, 4318512.043, 90
Trd, 4318514.493, 87
Trd, 4318517.743, 88
Trd, 4318520.693, 87
Trd, 4318521.493, 88
Trd, 4318524.543, 87
Trd, 4318525.043, 87
Trd, 4318525.743, 88
Trd, 4318526.843, 85
Trd, 4318529.393, 95
Trd, 4318530.393, 93
Trd, 4318530.643, 94
Trd, 4318532.343, 94
Trd, 4318532.543, 94
Trd, 4318537.443, 96
Trd, 4318538.143, 97
Trd, 4318538.743, 97
Trd, 4318539.293, 96
Trd, 4318544.043, 96
Trd, 4318544.343, 96
Trd, 4318545.443, 98
Trd, 4318546.193, 95
Trd, 4318546.893, 95
Trd, 4318549.843, 94
Trd, 4318552.593, 94
Trd, 4318553.093, 95
Trd, 4318553.243, 94
Trd, 4318553.543, 93
Trd, 4318554.993, 69
Trd, 4318555.643, 82
Trd, 4318556.543, 90
Trd, 4318558.243, 90
Trd, 4318561.143, 88
Trd, 4318561.193, 88
Trd, 4318564.793, 89
Trd, 4318565.393, 88
Trd, 4318565.843, 88
Trd, 4318569.543, 88
Trd, 4318569.843, 89
Trd, 4318572.743, 88
Trd, 4318573.893, 87
Trd, 4318575.943, 86
Trd, 4318577.293, 87
Trd, 4318578.893, 86
Trd, 4318579.743, 86
Trd, 4318580.593, 85
Trd, 4318581.543, 87
Trd, 4318584.443, 90
Trd, 4318586.843, 94
Trd, 4318587.193, 89
Trd, 4318587.843, 88
Trd, 4318589.593, 86
Trd, 4318590.993, 87
Trd, 4318592.293, 89
Trd, 4318592.543, 88
Trd, 4318595.443, 89
Trd, 4318596.943, 89
Trd, 4318598.293, 89
Trd, 4318600.043, 91
Trd, 4318600.193, 89
Trd, 4318604.293, 98
Trd, 4318604.643, 97
Trd, 4318604.693, 97
Trd, 4318607.393, 103
Trd, 4318607.993, 102
Trd, 4318608.293, 97
Trd, 4318609.943, 98
Trd, 4318611.393, 98
Trd, 4318612.843, 99
Trd, 4318613.293, 98
Trd, 4318614.643, 94
Trd, 4318616.293, 95
Trd, 4318618.993, 97
Trd, 4318619.593, 98
Trd, 4318619.693, 99
Trd, 4318621.893, 95
Trd, 4318622.043, 94
Trd, 4318622.693, 101
Trd, 4318623.593, 100
Trd, 4318624.143, 96
Trd, 4318625.643, 94
Trd, 4318630.493, 95
Trd, 4318631.443, 94
Trd, 4318633.443, 94
Trd, 4318634.343, 94
Trd, 4318634.743, 95
Trd, 4318634.993, 94
Trd, 4318636.143, 95
Trd, 4318637.343, 94
Trd, 4318638.643, 93
Trd, 4318640.193, 94
Trd, 4318642.093, 93
Trd, 4318642.893, 93
Trd, 4318644.743, 92
Trd, 4318646.193, 95
Trd, 4318647.343, 91
Trd, 4318647.943, 93
Trd, 4318650.543, 91
Trd, 4318652.343, 90
Trd, 4318653.593, 90
Trd, 4318655.143, 93
Trd, 4318656.493, 93
Trd, 4318656.543, 94
Trd, 4318657.393, 91
Trd, 4318662.543, 90
Trd, 4318664.743, 91
Trd, 4318665.693, 89
Trd, 4318668.243, 88
Trd, 4318668.893, 89
Trd, 4318670.893, 87
Trd, 4318673.943, 86
Trd, 4318674.793, 89
Trd, 4318677.293, 97
Trd, 4318677.843, 98
Trd, 4318680.343, 98
Trd, 4318680.793, 98
Trd, 4318681.643, 97
Trd, 4318684.293, 96
Trd, 4318686.393, 94
Trd, 4318687.193, 94
Trd, 4318687.993, 95
Trd, 4318688.193, 94
Trd, 4318690.093, 94
Trd, 4318691.393, 94
Trd, 4318692.493, 94
Trd, 4318694.893, 93
Trd, 4318696.493, 92
Trd, 4318697.243, 92
Trd, 4318700.993, 93
Trd, 4318701.743, 91
Trd, 4318704.943, 90
Trd, 4318704.993, 90
Trd, 4318706.443, 89
Trd, 4318707.343, 89
Trd, 4318708.593, 90
Trd, 4318709.143, 88
Trd, 4318711.493, 88
Trd, 4318714.143, 86
Trd, 4318717.543, 91
Trd, 4318718.743, 92
Trd, 4318719.243, 92
Trd, 4318720.943, 92
Trd, 4318721.793, 92
Trd, 4318722.493, 92
Trd, 4318724.443, 93
Trd, 4318725.093, 92
Trd, 4318726.843, 91
Trd, 4318730.243, 91
Trd, 4318733.993, 90
Trd, 4318734.893, 90
Trd, 4318735.243, 91
Trd, 4318736.743, 93
Trd, 4318736.993, 94
Trd, 4318739.393, 94
Trd, 4318740.293, 94
Trd, 4318741.943, 94
Trd, 4318743.043, 101
Trd, 4318746.043, 102
Trd, 4318746.393, 103
Trd, 4318747.843, 102
Trd, 4318748.493, 100
Trd, 4318748.593, 93
Trd, 4318750.943, 97
Trd, 4318751.893, 96
Trd, 4318753.293, 96
Trd, 4318754.693, 94
Trd, 4318758.093, 96
Trd, 4318758.843, 93
Trd, 4318761.543, 92
Trd, 4318765.243, 94
Trd, 4318766.893, 92
Trd, 4318770.493, 92
Trd, 4318770.693, 93
Trd, 4318771.243, 93
Trd, 4318771.593, 92
Trd, 4318773.093, 92
Trd, 4318775.143, 92
Trd, 4318778.843, 92
Trd, 4318780.843, 93
Trd, 4318783.393, 93
Trd, 4318786.043, 92
Trd, 4318787.143, 91
Trd, 4318788.443, 92
Trd, 4318788.593, 90
Trd, 4318789.243, 85
Trd, 4318793.643, 91
Trd, 4318795.243, 92
Trd, 4318795.693, 90
Trd, 4318798.593, 91
Trd, 4318798.993, 91
Trd, 4318800.243, 90
Trd, 4318800.343, 89
Trd, 4318805.993, 88
Trd, 4318806.143, 88
Trd, 4318806.743, 89
Trd, 4318808.493, 88
Trd, 4318812.093, 87
Trd, 4318812.193, 87
Trd, 4318813.493, 86
Trd, 4318815.043, 86
Trd, 4318817.643, 85
Trd, 4318819.443, 85
Trd, 4318819.693, 86
Trd, 4318819.993, 85
Trd, 4318820.893, 86
Trd, 4318825.293, 88
Trd, 4318825.743, 87
Trd, 4318826.543, 91
Trd, 4318827.643, 89
Trd, 4318828.943, 94
Trd, 4318831.093, 93
Trd, 4318833.043, 92
Trd, 4318833.193, 92
Trd, 4318834.643, 93
Trd, 4318837.543, 94
Trd, 4318837.893, 93
Trd, 4318838.693, 96
Trd, 4318840.093, 96
Trd, 4318840.893, 95
Trd, 4318841.493, 85
Trd, 4318845.293, 90
Trd, 4318847.693, 89
Trd, 4318848.343, 90
Trd, 4318848.843, 89
Trd, 4318849.493, 88
Trd, 4318852.993, 93
Trd, 4318853.843, 93
Trd, 4318855.393, 93
Trd, 4318856.393, 93
Trd, 4318859.293, 97
Trd, 4318860.993, 95
Trd, 4318861.793, 99
Trd, 4318863.393, 98
Trd, 4318864.843, 94
Trd, 4318866.693, 96
Trd, 4318866.743, 95
Trd, 4318868.293, 97
Trd, 4318870.443, 96
Trd, 4318871.793, 92
Trd, 4318873.393, 94
Trd, 4318873.793, 94
Trd, 4318874.193, 93
Trd, 4318879.193, 93
Trd, 4318879.243, 93
Trd, 4318880.243, 92
Trd, 4318882.543, 93
Trd, 4318882.743, 84
Trd, 4318883.093, 83
Trd, 4318884.443, 88
Trd, 4318889.243, 88
Trd, 4318889.893, 96
Trd, 4318891.293, 89
Trd, 4318893.243, 90
Trd, 4318894.593, 93
Trd, 4318895.593, 92
Trd, 4318896.693, 91
Trd, 4318898.493, 91
Trd, 4318900.543, 90
Trd, 4318901.093, 95
Trd, 4318901.193, 90
Trd, 4318903.343, 91
Trd, 4318905.543, 90
Trd, 4318905.793, 92
Trd, 4318907.643, 93
Trd, 4318907.843, 92
Trd, 4318909.943, 92
Trd, 4318911.593, 91
Trd, 4318912.793, 91
Trd, 4318912.993, 89
Trd, 4318914.743, 88
Trd, 4318917.643, 88
Trd, 4318918.293, 90
Trd, 4318918.543, 90
Trd, 4318922.293, 91
Trd, 4318923.343, 90
Trd, 4318925.143, 91
Trd, 4318926.093, 89
Trd, 4318926.643, 87
Trd, 4318928.843, 88
Trd, 4318929.893, 85
Trd, 4318931.493, 85
Trd, 4318933.043, 87
Trd, 4318935.393, 86
Trd, 4318939.143, 94
Trd, 4318939.843, 91
Trd, 4318940.043, 90
Trd, 4318942.393, 92
Trd, 4318943.143, 92
Trd, 4318944.293, 95
Trd, 4318945.393, 94
Trd, 4318949.643, 94
Trd, 4318951.293, 93
Trd, 4318954.093, 95
Trd, 4318954.293, 95
Trd, 4318955.593, 95
Trd, 4318955.993, 94
Trd, 4318958.943, 92
Trd, 4318963.543, 93
Trd, 4318965.443, 92
Trd, 4318966.043, 93
Trd, 4318967.093, 93
Trd, 4318968.643, 93
Trd, 4318968.893, 85
Trd, 4318970.043, 93
Trd, 4318974.993, 92
Trd, 4318976.743, 91
Trd, 4318976.943, 92
Trd, 4318977.393, 91
Trd, 4318979.393, 92
Trd, 4318979.493, 90
Trd, 4318984.943, 98
Trd, 4318985.143, 98
Trd, 4318985.893, 97
Trd, 4318986.043, 84
Trd, 4318987.493, 94
Trd, 4318989.143, 94
Trd, 4318990.093, 95
Trd, 4318991.543, 93
Trd, 4318993.593, 92
Trd, 4318994.793, 92
Trd, 4318995.243, 92
Trd, 4318997.393, 85
Trd, 4318997.593, 101
Trd, 4318997.943, 98
Trd, 4318998.993, 92
Trd, 4319001.743, 96
Trd, 4319002.743, 96
Trd, 4319005.943, 95
Trd, 4319006.393, 95
Trd, 4319009.593, 94
Trd, 4319010.593, 94
Trd, 4319011.343, 94
Trd, 4319011.893, 95
Trd, 4319013.043, 92
Trd, 4319013.793, 92
Trd, 4319015.643, 94
Trd, 4319016.093, 92
Trd, 4319016.743, 92
Trd, 4319020.043, 93
Trd, 4319021.393, 95
Trd, 4319021.693, 94
Trd, 4319023.093, 93
Trd, 4319024.793, 96
Trd, 4319025.343, 95
Trd, 4319026.243, 92
Trd, 4319028.593, 96
Trd, 4319028.843, 95
Trd, 4319029.343, 94
Trd, 4319031.543, 97
Trd, 4319032.443, 97
Trd, 4319034.693, 98
Trd, 4319036.543, 101
Trd, 4319036.793, 98
Trd, 4319039.143, 96
Trd, 4319039.193, 95
Trd, 4319040.843, 98
Trd, 4319043.493, 95
Trd, 4319046.243, 100
Trd, 4319046.743, 99
Trd, 4319047.293, 98
Trd, 4319047.643, 94
Trd, 4319049.043, 94
Trd, 4319050.643, 93
Trd, 4319051.743, 91
Trd, 4319052.943, 100
Trd, 4319055.543, 97
Trd, 4319056.293, 97
Trd, 4319056.893, 96
Trd, 4319058.193, 94
Trd, 4319059.393, 96
Trd, 4319061.493, 95
Trd, 4319062.193, 95
Trd, 4319062.493, 94
Trd, 4319067.143, 94
Trd, 4319068.343, 94
Trd, 4319069.793, 95
Trd, 4319071.043, 100
Trd, 4319071.543, 94
Trd, 4319073.143, 94
Trd, 4319073.193, 94
Trd, 4319076.543, 91
Trd, 4319078.093, 93
Trd, 4319078.243, 94
Trd, 4319078.893, 93
Trd, 4319080.693, 85
Trd, 4319085.343, 91
Trd, 4319086.693, 90
Trd, 4319087.243, 90
Trd, 4319089.893, 90
Trd, 4319090.193, 89
Trd, 4319092.993, 89
Trd, 4319094.993, 89
Trd, 4319095.643, 74
Trd, 4319099.293, 83
Trd, 4319101.493, 85
Trd, 4319103.643, 86
Trd, 4319105.293, 86
Trd, 4319105.943, 84
Trd, 4319107.493, 96
Trd, 4319107.593, 95
Trd, 4319108.193, 91
Trd, 4319108.843, 92
Trd, 4319109.743, 84
Trd, 4319113.093, 87
Trd, 4319116.593, 92
Trd, 4319117.993, 95
Trd, 4319118.143, 94
Trd, 4319120.793, 94
Trd, 4319122.043, 94
Trd, 4319123.243, 93
Trd, 4319123.443, 92
Trd, 4319126.593, 92
Trd, 4319127.093, 89
Trd, 4319128.293, 90
Trd, 4319130.443, 89
Trd, 4319131.643, 88
Trd, 4319132.293, 85
Trd, 4319134.093, 86
Trd, 4319135.393, 86
Trd, 4319135.743, 86
Trd, 4319135.793, 87
Trd, 4319139.143, 92
Trd, 4319140.243, 92
Trd, 4319144.793, 91
Trd, 4319145.443, 91
Trd, 4319146.793, 90
Trd, 4319147.593, 91
Trd, 4319150.493, 91
Trd, 4319150.993, 90
Trd, 4319151.243, 89
Trd, 4319155.043, 90
Trd, 4319155.593, 89
Trd, 4319157.443, 92
Trd, 4319157.993, 92
Trd, 4319160.043, 91
Trd, 4319162.593, 91
Trd, 4319164.093, 91
Trd, 4319165.493, 91
Trd, 4319169.043, 92
Trd, 4319169.993, 91
Trd, 4319172.443, 92
Trd, 4319173.443, 90
Trd, 4319173.643, 90
Trd, 4319174.493, 90
Trd, 4319175.693, 89
Trd, 4319175.843, 88
Trd, 4319179.293, 88
Trd, 4319180.043, 90
Trd, 4319181.793, 93
Trd, 4319182.543, 93
Trd, 4319186.593, 93
Trd, 4319188.293, 92
Trd, 4319189.593, 92
Trd, 4319191.993, 92
Trd, 4319192.843, 91
Trd, 4319194.443, 94
Trd, 4319195.643, 96
Trd, 4319196.493, 98
Trd, 4319197.043, 98
Trd, 4319197.943, 94
Trd, 4319200.643, 95
Trd, 4319204.293, 95
Trd, 4319204.943, 94
Trd, 4319207.343, 93
Trd, 4319209.393, 94
Trd, 4319209.643, 94
Trd, 4319211.643, 92
Trd, 4319213.143, 91
Trd, 4319215.043, 91
Trd, 4319216.943, 91
Trd, 4319217.143, 91
Trd, 4319218.043, 91
Trd, 4319218.343, 90
Trd, 4319220.643, 91
Trd, 4319223.243, 90
Trd, 4319224.093, 85
Trd, 4319226.093, 89
Trd, 4319226.693, 87
Trd, 4319227.943, 90
Trd, 4319228.943, 93
Trd, 4319230.193, 94
Trd, 4319231.143, 94
Trd, 4319233.043, 93
Trd, 4319234.493, 92
Trd, 4319235.693, 94
Trd, 4319237.943, 93
Trd, 4319239.293, 92
Trd, 4319239.543, 92
Trd, 4319241.543, 91
Trd, 4319245.043, 91
Trd, 4319246.393, 89
Trd, 4319247.893, 87
Trd, 4319249.693, 87
Trd, 4319250.843, 89
Trd, 4319251.843, 86
Trd, 4319253.793, 87
Trd, 4319255.693, 88
Trd, 4319256.293, 89
Trd, 4319256.993, 87
Trd, 4319258.993, 91
Trd, 4319261.743, 95
Trd, 4319262.793, 94
Trd, 4319264.693, 92
Trd, 4319265.493, 91
Trd, 4319266.043, 95
Trd, 4319266.843, 93
Trd, 4319267.693, 94
Trd, 4319270.343, 94
Trd, 4319270.843, 95
Trd, 4319271.743, 94
Trd, 4319272.693, 94
Trd, 4319274.943, 94
Trd, 4319275.143, 94
Trd, 4319278.793, 93
Trd, 4319280.543, 91
Trd, 4319280.793, 90
Trd, 4319282.693, 88
Trd, 4319285.293, 91
Trd, 4319290.443, 91
Trd, 4319290.793, 90
Trd, 4319291.593, 91
Trd, 4319292.493, 89
Trd, 4319292.743, 89
Trd, 4319294.693, 91
Trd, 4319295.593, 94
Trd, 4319297.293, 95
Trd, 4319299.093, 94
Trd, 4319301.193, 94
Trd, 4319302.043, 93
Trd, 4319302.443, 96
Trd, 4319306.843, 93
Trd, 4319306.943, 92
Trd, 4319308.643, 90
Trd, 4319308.843, 85
Trd, 4319310.093, 88
Trd, 4319314.943, 92
Trd, 4319315.893, 90
Trd, 4319316.543, 92
Trd, 4319318.143, 92
Trd, 4319318.393, 92
Trd, 4319321.693, 95
Trd, 4319322.393, 94
Trd, 4319323.393, 94
Trd, 4319323.993, 93
Trd, 4319325.243, 92
Trd, 4319325.993, 91
Trd, 4319327.593, 93
Trd, 4319327.893, 91
Trd, 4319331.893, 92
Trd, 4319332.393, 90
Trd, 4319335.443, 90
Trd, 4319336.343, 91
Trd, 4319336.543, 90
Trd, 4319337.393, 90
Trd, 4319337.693, 89
Trd, 4319340.343, 68
Trd, 4319341.893, 82
Trd, 4319346.143, 83
Trd, 4319347.543, 85
Trd, 4319349.443, 87
Trd, 4319351.193, 90
Trd, 4319352.293, 90
Trd, 4319353.493, 88
Trd, 4319355.493, 89
Trd, 4319356.493, 89
Trd, 4319359.543, 96
Trd, 4319361.043, 94
Trd, 4319361.943, 95
Trd, 4319363.093, 93
Trd, 4319363.943, 92
Trd, 4319365.043, 99
Trd, 4319365.793, 92
Trd, 4319366.393, 91
Trd, 4319368.143, 90
Trd, 4319369.193, 87
Trd, 4319372.543, 90
Trd, 4319373.843, 89
Trd, 4319374.543, 89
Trd, 4319375.743, 89
Trd, 4319375.943, 88
Trd, 4319379.793, 90
Trd, 4319382.743, 90
Trd, 4319383.443, 90
Trd, 4319384.643, 97
Trd, 4319385.693, 96
Trd, 4319386.243, 94
Trd, 4319388.093, 94
Trd, 4319390.093, 94
Trd, 4319391.043, 93
Trd, 4319392.393, 93
Trd, 4319393.643, 92
Trd, 4319395.193, 91
Trd, 4319396.443, 92
Trd, 4319397.743, 92
Trd, 4319398.643, 90
Trd, 4319401.493, 89
Trd, 4319402.093, 89
Trd, 4319404.943, 90
Trd, 4319407.993, 88
Trd, 4319408.493, 88
Trd, 4319408.793, 85
Trd, 4319411.143, 89
Trd, 4319411.843, 97
Trd, 4319412.643, 91
Trd, 4319412.943, 90
Trd, 4319413.593, 92
Trd, 4319416.243, 100
Trd, 4319416.793, 104
Trd, 4319417.843, 99
Trd, 4319418.743, 96
Trd, 4319420.493, 94
Trd, 4319420.593, 93
Trd, 4319422.043, 94
Trd, 4319422.543, 94
Trd, 4319424.543, 93
Trd, 4319424.593, 94
Trd, 4319427.143, 95
Trd, 4319427.843, 94
Trd, 4319430.043, 93
Trd, 4319431.893, 93
Trd, 4319433.643, 92
Trd, 4319434.293, 90
Trd, 4319435.993, 90
Trd, 4319437.543, 89
Trd, 4319438.943, 89
Trd, 4319440.493, 90
Trd, 4319441.993, 88
Trd, 4319442.193, 85
Trd, 4319445.943, 85
Trd, 4319445.993, 84
Trd, 4319449.643, 86
Trd, 4319451.393, 86
Trd, 4319454.493, 87
Trd, 4319456.443, 88
Trd, 4319456.943, 88
Trd, 4319457.243, 88
Trd, 4319459.493, 90
Trd, 4319460.093, 89
Trd, 4319461.893, 97
Trd, 4319461.943, 89
Trd, 4319465.993, 90
Trd, 4319468.693, 89
Trd, 4319469.593, 88
Trd, 4319471.143, 90
Trd, 4319471.393, 87
Trd, 4319472.243, 86
Trd, 4319473.193, 86
Trd, 4319476.043, 85
Trd, 4319476.243, 89
Trd, 4319476.793, 85
Trd, 4319482.193, 88
Trd, 4319482.743, 86
Trd, 4319483.393, 86
Trd, 4319484.343, 88
Trd, 4319487.943, 86
Trd, 4319489.243, 85
Trd, 4319491.243, 84
Trd, 4319491.343, 86
Trd, 4319494.793, 83
Trd, 4319495.243, 83
Trd, 4319495.943, 82
Trd, 4319498.293, 86
Trd, 4319499.943, 86
Trd, 4319500.493, 84
Trd, 4319502.043, 86
Trd, 4319502.293, 83
Trd, 4319504.593, 89
Trd, 4319505.593, 91
Trd, 4319506.843, 95
Trd, 4319507.443, 90
Trd, 4319508.393, 95
Trd, 4319509.343, 94
Trd, 4319509.943, 91
Trd, 4319515.643, 93
Trd, 4319516.693, 96
Trd, 4319517.443, 94
Trd, 4319519.493, 93
Trd, 4319521.093, 92
Trd, 4319521.593, 84
Trd, 4319524.193, 90
Trd, 4319524.793, 89
Trd, 4319526.293, 89
Trd, 4319530.093, 89
Trd, 4319530.843, 87
Trd, 4319532.643, 87
Trd, 4319533.693, 87
Trd, 4319536.093, 87
Trd, 4319536.693, 86
Trd, 4319537.743, 85
Trd, 4319539.093, 86
Trd, 4319542.843, 85
Trd, 4319545.293, 90
Trd, 4319546.243, 87
Trd, 4319546.493, 98
Trd, 4319549.143, 93
Trd, 4319550.143, 92
Trd, 4319551.093, 92
Trd, 4319554.493, 94
Trd, 4319555.493, 93
Trd, 4319558.343, 93
Trd, 4319559.443, 92
Trd, 4319560.893, 92
Trd, 4319561.993, 92
Trd, 4319562.443, 89
Trd, 4319565.693, 90
Trd, 4319568.793, 90
Trd, 4319571.393, 90
Trd, 4319572.093, 90
Trd, 4319573.593, 90
Trd, 4319574.843, 90
Trd, 4319575.343, 89
Trd, 4319577.793, 87
Trd, 4319578.593, 87
Trd, 4319582.343, 89
Trd, 4319582.643, 90
Trd, 4319582.743, 86
Trd, 4319584.893, 86
Trd, 4319586.143, 88
Trd, 4319586.393, 87
Trd, 4319588.843, 88
Trd, 4319588.893, 87
Trd, 4319591.743, 87
Trd, 4319592.993, 92
Trd, 4319596.193, 94
Trd, 4319596.493, 94
Trd, 4319596.643, 94
Trd, 4319597.793, 93
Trd, 4319597.893, 92
Trd, 4319598.893, 92
Trd, 4319599.743, 93
Trd, 4319603.993, 92
Trd, 4319606.743, 91
Trd, 4319607.493, 91
Trd, 4319608.993, 91
Trd, 4319611.293, 95
Trd, 4319611.443, 95
Trd, 4319612.543, 93
Trd, 4319615.293, 93
Trd, 4319617.193, 94
Trd, 4319617.343, 93
Trd, 4319618.193, 92
Trd, 4319620.593, 90
Trd, 4319621.443, 91
Trd, 4319623.843, 92
Trd, 4319624.293, 93
Trd, 4319625.293, 93
Trd, 4319626.343, 94
Trd, 4319626.643, 93
Trd, 4319627.993, 96
Trd, 4319628.943, 92
Trd, 4319630.993, 88
Trd, 4319636.043, 92
Trd, 4319636.393, 89
Trd, 4319637.843, 87
Trd, 4319640.743, 87
Trd, 4319641.993, 87
Trd, 4319645.943, 86
Trd, 4319646.343, 85
Trd, 4319647.693, 87
Trd, 4319651.043, 96
Trd, 4319651.393, 97
Trd, 4319652.793, 94
Trd, 4319654.543, 96
Trd, 4319655.293, 98
Trd, 4319656.043, 95
Trd, 4319657.993, 95
Trd, 4319658.293, 94
Trd, 4319662.093, 94
Trd, 4319662.293, 93
Trd, 4319664.343, 93
Trd, 4319665.343, 92
Trd, 4319666.393, 91
Trd, 4319667.093, 95
Trd, 4319668.743, 96
Trd, 4319671.043, 96
Trd, 4319671.743, 95
Trd, 4319671.993, 94
Trd, 4319672.143, 101
Trd, 4319675.193, 95
Trd, 4319675.443, 95
Trd, 4319675.743, 94
Trd, 4319679.743, 93
Trd, 4319680.243, 93
Trd, 4319682.643, 92
Trd, 4319682.893, 92
Trd, 4319684.193, 89
Trd, 4319684.393, 85
Trd, 4319688.393, 94
Trd, 4319688.743, 94
Trd, 4319688.893, 92
Trd, 4319691.343, 96
Trd, 4319693.993, 96
Trd, 4319695.593, 95
Trd, 4319696.343, 94
Trd, 4319696.993, 83
Trd, 4319698.743, 90
Trd, 4319700.743, 92
Trd, 4319701.193, 96
Trd, 4319703.093, 94
Trd, 4319704.493, 95
Trd, 4319705.693, 93
Trd, 4319708.343, 92
Trd, 4319709.443, 93
Trd, 4319711.293, 94
Trd, 4319713.793, 97
Trd, 4319714.443, 101
Trd, 4319715.043, 94
Trd, 4319715.343, 93
Trd, 4319715.393, 93
Trd, 4319719.493, 96
Trd, 4319720.043, 96
Trd, 4319720.993, 95
Trd, 4319723.593, 94
Trd, 4319724.093, 94
Trd, 4319725.693, 95
Trd, 4319728.193, 93
Trd, 4319730.543, 94
Trd, 4319730.893, 93
Trd, 4319730.943, 92
Trd, 4319732.593, 93
Trd, 4319738.943, 99
Trd, 4319739.443, 100
Trd, 4319740.743, 85
Trd, 4319741.643, 95
Trd, 4319744.093, 93
Trd, 4319744.843, 93
Trd, 4319745.643, 92
Trd, 4319747.093, 92
Trd, 4319748.643, 91
Trd, 4319749.643, 90
Trd, 4319750.043, 89
Trd, 4319751.743, 89
Trd, 4319756.393, 88
Trd, 4319757.143, 88
Trd, 4319758.293, 89
Trd, 4319758.343, 90
Trd, 4319759.193, 88
Trd, 4319761.943, 88
Trd, 4319763.043, 90
Trd, 4319764.593, 87
Trd, 4319767.743, 87
Trd, 4319768.443, 87
Trd, 4319769.593, 89
Trd, 4319772.893, 89
Trd, 4319775.793, 88
Trd, 4319776.193, 89
Trd, 4319778.093, 88
Trd, 4319778.893, 89
Trd, 4319779.843, 88
Trd, 4319780.843, 93
Trd, 4319781.893, 91
Trd, 4319785.893, 93
Trd, 4319786.243, 92
Trd, 4319787.243, 93
Trd, 4319788.543, 91
Trd, 4319789.693, 90
Trd, 4319790.643, 90
Trd, 4319792.143, 91
Trd, 4319792.743, 91
Trd, 4319793.493, 90
Trd, 4319795.643, 95
Trd, 4319798.793, 90
Trd, 4319799.643, 90
Trd, 4319800.893, 89
Trd, 4319802.193, 88
Trd, 4319802.393, 85
Trd, 4319804.343, 84
Trd, 4319808.843, 85
Trd, 4319810.643, 86
Trd, 4319811.593, 86
Trd, 4319813.243, 92
Trd, 4319813.543, 95
Trd, 4319814.193, 95
Trd, 4319815.193, 95
Trd, 4319816.193, 95
Trd, 4319818.643, 97
Trd, 4319819.893, 95
Trd, 4319821.193, 97
Trd, 4319821.993, 94
Trd, 4319823.543, 94
Trd, 4319825.343, 93
Trd, 4319825.793, 89
Trd, 4319828.493, 91
Trd, 4319830.393, 90
Trd, 4319830.843, 90
Trd, 4319832.993, 89
Trd, 4319836.193, 90
Trd, 4319836.993, 89
Trd, 4319839.593, 88
Trd, 4319840.493, 90
Trd, 4319840.943, 87
Trd, 4319843.093, 90
Trd, 4319844.293, 90
Trd, 4319845.043, 91
Trd, 4319846.043, 91
Trd, 4319848.243, 95
Trd, 4319850.493, 93
Trd, 4319850.593, 92
Trd, 4319851.393, 91
Trd, 4319853.293, 92
Trd, 4319853.743, 96
Trd, 4319854.293, 94
Trd, 4319855.393, 95
Trd, 4319856.943, 94
Trd, 4319860.443, 95
Trd, 4319861.293, 94
Trd, 4319862.993, 94
Trd, 4319863.393, 95
Trd, 4319865.893, 94
Trd, 4319866.443, 94
Trd, 4319867.143, 95
Trd, 4319867.393, 99
Trd, 4319867.693, 93
Trd, 4319869.643, 96
Trd, 4319871.143, 96
Trd, 4319871.943, 92
Trd, 4319875.943, 95
Trd, 4319877.493, 95
Trd, 4319880.743, 93
Trd, 4319881.243, 93
Trd, 4319883.743, 93
Trd, 4319884.143, 91
Trd, 4319885.943, 90
Trd, 4319886.493, 89
Trd, 4319887.793, 91
Trd, 4319890.843, 89
Trd, 4319891.043, 87
Trd, 4319894.643, 87
Trd, 4319894.943, 86
Trd, 4319898.143, 86
Trd, 4319898.593, 86
Trd, 4319901.243, 87
Trd, 4319901.943, 85
Trd, 4319904.243, 86
Trd, 4319906.343, 95
Trd, 4319907.093, 94
Trd, 4319909.793, 90
Trd, 4319910.643, 90
Trd, 4319911.843, 91
Trd, 4319912.493, 90
Trd, 4319913.293, 95
Trd, 4319915.293, 101
Trd, 4319915.343, 96
Trd, 4319917.643, 95
Trd, 4319919.593, 96
Trd, 4319920.543, 95
Trd, 4319921.343, 92
Trd, 4319925.543, 96
Trd, 4319927.393, 94
Trd, 4319928.693, 93
Trd, 4319929.143, 93
Trd, 4319931.293, 94
Trd, 4319934.393, 93
Trd, 4319935.193, 92
Trd, 4319936.993, 93
Trd, 4319937.293, 94
Trd, 4319938.143, 92
Trd, 4319939.693, 92
Trd, 4319939.843, 95
Trd, 4319940.843, 90
Trd, 4319941.943, 90
Trd, 4319944.543, 91
Trd, 4319945.643, 88
Trd, 4319949.943, 89
Trd, 4319952.693, 88
Trd, 4319952.843, 88
Trd, 4319952.893, 87
Trd, 4319952.993, 86
Trd, 4319956.293, 96
Trd, 4319957.093, 96
Trd, 4319957.343, 95
Trd, 4319959.643, 96
Trd, 4319962.043, 95
Trd, 4319963.093, 94
Trd, 4319964.393, 99
Trd, 4319965.843, 100
Trd, 4319966.643, 100
Trd, 4319967.443, 99
Trd, 4319968.843, 97
Trd, 4319969.993, 95
Trd, 4319970.693, 68
Trd, 4319971.843, 78
Trd, 4319973.093, 83
Trd, 4319973.293, 84
Trd, 4319975.243, 83
Trd, 4319978.243, 90
Trd, 4319978.843, 90
Trd, 4319979.543, 90
Trd, 4319980.743, 90
Trd, 4319981.243, 89
Trd, 4319981.743, 88
Trd, 4319985.343, 89
Trd, 4319986.693, 88
Trd, 4319986.843, 88
Trd, 4319991.093, 88
Trd, 4319993.543, 87
Trd, 4319993.943, 87
Trd, 4319995.293, 88
Trd, 4319995.693, 87
Trd, 4319998.293, 86
Trd, 4319999.443, 88
