Trd, 4317882.443, 100
Trd, 4317882.843, 101
Trd, 4317883.643, 99
Trd, 4317886.493, 87
Trd, 4317886.843, 101
Trd, 4317887.243, 97
Trd, 4317887.643, 100
Trd, 4317891.293, 97
Trd, 4317893.143, 100
Trd, 4317893.593, 96
Trd, 4317894.593, 98
Trd, 4317894.643, 96
Trd, 4317897.043, 98
Trd, 4317898.043, 95
Trd, 4317898.943, 95
Trd, 4317899.743, 95
Trd, 4317901.543, 101
Trd, 4317904.193, 103
Trd, 4317905.743, 99
Trd, 4317906.393, 98
Trd, 4317908.943, 103
Trd, 4317909.743, 99
Trd, 4317910.493, 107
Trd, 4317912.143, 98
Trd, 4317914.993, 98
Trd, 4317915.543, 102
Trd, 4317916.493, 100
Trd, 4317918.543, 92
Trd, 4317919.393, 100
Trd, 4317920.093, 96
Trd, 4317921.293, 100
Trd, 4317923.143, 96
Trd, 4317924.893, 99
Trd, 4317926.393, 98
Trd, 4317927.643, 87
Trd, 4317928.193, 91
Trd, 4317929.893, 92
Trd, 4317929.993, 105
Trd, 4317932.593, 99
Trd, 4317934.893, 96
Trd, 4317934.943, 93
Trd, 4317935.293, 97
Trd, 4317937.543, 101
Trd, 4317938.843, 98
Trd, 4317939.893, 98
Trd, 4317940.943, 95
Trd, 4317941.293, 95
Trd, 4317943.243, 106
Trd, 4317943.793, 97
Trd, 4317944.643, 101
Trd, 4317946.843, 103
Trd, 4317947.293, 83
Trd, 4317949.143, 98
Trd, 4317951.043, 113
Trd, 4317952.293, 100
Trd, 4317954.143, 97
Trd, 4317955.043, 97
Trd, 4317955.443, 104
Trd, 4317956.943, 98
Trd, 4317958.043, 98
Trd, 4317960.393, 101
Trd, 4317961.043, 100
Trd, 4317962.693, 100
Trd, 4317964.093, 101
Trd, 4317965.443, 99
Trd, 4317967.293, 102
Trd, 4317968.393, 113
Trd, 4317968.643, 107
Trd, 4317970.393, 97
Trd, 4317970.793, 113
Trd, 4317973.043, 106
Trd, 4317973.193, 105
Trd, 4317973.643, 104
Trd, 4317975.543, 105
Trd, 4317977.743, 102
Trd, 4317979.993, 103
Trd, 4317982.093, 104
Trd, 4317982.793, 103
Trd, 4317985.543, 110
Trd, 4317985.893, 112
Trd, 4317986.393, 109
Trd, 4317987.993, 110
Trd, 4317988.493, 103
Trd, 4317990.393, 108
Trd, 4317991.893, 108
Trd, 4317992.943, 75
Trd, 4317993.043, 95
Trd, 4317993.243, 101
Trd, 4317996.193, 98
Trd, 4317997.343, 98
Trd, 4317999.243, 97
Trd, 4318000.093, 98
Trd, 4318000.893, 113
Trd, 4318002.493, 101
Trd, 4318003.893, 105
Trd, 4318004.143, 101
Trd, 4318004.643, 110
Trd, 4318006.143, 103
Trd, 4318007.743, 102
Trd, 4318007.893, 103
Trd, 4318008.193, 107
Trd, 4318012.293, 103
Trd, 4318013.543, 104
Trd, 4318014.543, 104
Trd, 4318015.043, 103
Trd, 4318016.843, 105
Trd, 4318017.293, 102
Trd, 4318017.543, 104
Trd, 4318020.493, 102
Trd, 4318020.793, 103
Trd, 4318020.943, 104
Trd, 4318021.043, 102
Trd, 4318021.593, 111
Trd, 4318023.493, 105
Trd, 4318024.543, 95
Trd, 4318025.143, 102
Trd, 4318028.193, 109
Trd, 4318028.393, 113
Trd, 4318030.093, 101
Trd, 4318031.093, 96
Trd, 4318031.393, 96
Trd, 4318032.043, 98
Trd, 4318035.443, 106
Trd, 4318037.493, 100
Trd, 4318037.693, 98
Trd, 4318038.043, 97
Trd, 4318038.343, 102
Trd, 4318039.643, 98
Trd, 4318040.843, 113
Trd, 4318041.743, 106
Trd, 4318042.343, 105
Trd, 4318043.193, 106
Trd, 4318046.043, 103
Trd, 4318046.393, 109
Trd, 4318046.793, 108
Trd, 4318048.343, 107
Trd, 4318049.843, 108
Trd, 4318050.493, 107
Trd, 4318050.893, 87
Trd, 4318053.343, 112
Trd, 4318056.543, 110
Trd, 4318058.793, 80
Trd, 4318061.493, 105
Trd, 4318061.743, 95
Trd, 4318067.593, 104
Trd, 4318068.243, 104
Trd, 4318068.293, 102
Trd, 4318068.893, 100
Trd, 4318071.643, 99
Trd, 4318072.593, 103
Trd, 4318073.343, 102
Trd, 4318074.443, 103
Trd, 4318075.543, 99
Trd, 4318078.543, 103
Trd, 4318079.143, 103
Trd, 4318080.243, 99
Trd, 4318080.543, 98
Trd, 4318082.393, 103
Trd, 4318083.193, 102
Trd, 4318084.893, 105
Trd, 4318085.443, 105
Trd, 4318086.093, 98
Trd, 4318087.193, 97
Trd, 4318091.343, 98
Trd, 4318091.543, 109
Trd, 4318092.643, 95
Trd, 4318093.243, 108
Trd, 4318096.393, 100
Trd, 4318098.393, 100
Trd, 4318100.293, 102
Trd, 4318102.043, 99
Trd, 4318102.393, 97
Trd, 4318102.843, 103
Trd, 4318105.293, 99
Trd, 4318106.393, 95
Trd, 4318106.643, 88
Trd, 4318107.493, 112
Trd, 4318109.343, 103
Trd, 4318109.843, 127
Trd, 4318111.043, 108
Trd, 4318112.393, 106
Trd, 4318113.743, 103
Trd, 4318114.593, 105
Trd, 4318114.993, 114
Trd, 4318118.843, 100
Trd, 4318119.193, 100
Trd, 4318119.343, 111
Trd, 4318121.443, 112
Trd, 4318122.243, 113
Trd, 4318124.693, 103
Trd, 4318125.993, 111
Trd, 4318128.243, 99
Trd, 4318128.943, 98
Trd, 4318131.143, 95
Trd, 4318132.393, 94
Trd, 4318133.593, 97
Trd, 4318133.893, 95
Trd, 4318134.143, 113
Trd, 4318136.493, 94
Trd, 4318137.393, 95
Trd, 4318139.793, 95
Trd, 4318141.643, 95
Trd, 4318142.393, 96
Trd, 4318143.143, 99
Trd, 4318145.093, 97
Trd, 4318146.343, 91
Trd, 4318146.443, 92
Trd, 4318147.493, 98
Trd, 4318149.343, 100
Trd, 4318150.243, 96
Trd, 4318151.793, 99
Trd, 4318152.743, 99
Trd, 4318153.693, 108
Trd, 4318154.293, 115
Trd, 4318156.393, 95
Trd, 4318158.543, 96
Trd, 4318158.643, 96
Trd, 4318159.693, 113
Trd, 4318161.643, 96
Trd, 4318162.293, 95
Trd, 4318163.743, 87
Trd, 4318164.143, 95
Trd, 4318165.143, 92
Trd, 4318166.293, 93
Trd, 4318167.893, 112
Trd, 4318169.443, 95
Trd, 4318170.593, 104
Trd, 4318172.143, 98
Trd, 4318173.443, 100
Trd, 4318175.493, 100
Trd, 4318176.643, 98
Trd, 4318178.343, 103
Trd, 4318178.543, 113
Trd, 4318178.743, 113
Trd, 4318181.393, 103
Trd, 4318184.793, 103
Trd, 4318185.793, 107
Trd, 4318187.893, 104
Trd, 4318188.993, 106
Trd, 4318190.093, 106
Trd, 4318191.243, 105
Trd, 4318191.743, 113
Trd, 4318192.693, 108
Trd, 4318194.193, 104
Trd, 4318194.493, 103
Trd, 4318197.343, 106
Trd, 4318198.193, 106
Trd, 4318199.193, 103
Trd, 4318201.293, 103
Trd, 4318201.893, 102
Trd, 4318204.043, 103
Trd, 4318204.893, 102
Trd, 4318206.593, 103
Trd, 4318206.993, 102
Trd, 4318209.043, 108
Trd, 4318209.743, 105
Trd, 4318209.893, 113
Trd, 4318210.193, 105
Trd, 4318210.543, 103
Trd, 4318213.543, 107
Trd, 4318213.693, 106
Trd, 4318213.793, 104
Trd, 4318216.443, 108
Trd, 4318217.143, 109
Trd, 4318217.593, 113
Trd, 4318218.443, 105
Trd, 4318220.543, 108
Trd, 4318221.143, 103
Trd, 4318222.343, 111
Trd, 4318223.693, 107
Trd, 4318228.343, 105
Trd, 4318228.393, 103
Trd, 4318228.493, 109
Trd, 4318230.543, 102
Trd, 4318230.643, 104
Trd, 4318230.843, 86
Trd, 4318233.543, 97
Trd, 4318234.393, 97
Trd, 4318235.743, 130
Trd, 4318237.293, 112
Trd, 4318237.493, 109
Trd, 4318238.193, 103
Trd, 4318239.493, 78
Trd, 4318239.743, 93
Trd, 4318242.543, 93
Trd, 4318243.643, 97
Trd, 4318244.093, 98
Trd, 4318246.143, 100
Trd, 4318246.443, 107
Trd, 4318247.943, 112
Trd, 4318249.643, 100
Trd, 4318251.993, 104
Trd, 4318253.393, 108
Trd, 4318253.993, 107
Trd, 4318254.993, 106
Trd, 4318255.093, 105
Trd, 4318258.093, 103
Trd, 4318258.393, 97
Trd, 4318258.793, 102
Trd, 4318261.343, 103
Trd, 4318261.993, 96
Trd, 4318264.993, 96
Trd, 4318265.193, 97
Trd, 4318266.693, 96
Trd, 4318266.793, 113
Trd, 4318269.943, 103
Trd, 4318271.093, 96
Trd, 4318271.193, 98
Trd, 4318271.893, 95
Trd, 4318273.243, 98
Trd, 4318274.643, 96
Trd, 4318275.543, 97
Trd, 4318277.343, 112
Trd, 4318279.493, 109
Trd, 4318280.893, 106
Trd, 4318283.043, 107
Trd, 4318283.593, 106
Trd, 4318286.793, 107
Trd, 4318286.993, 107
Trd, 4318287.343, 105
Trd, 4318289.243, 106
Trd, 4318290.093, 105
Trd, 4318291.293, 103
Trd, 4318292.193, 107
Trd, 4318293.593, 76
Trd, 4318294.643, 95
Trd, 4318296.693, 103
Trd, 4318297.343, 99
Trd, 4318298.143, 98
Trd, 4318298.243, 85
Trd, 4318300.243, 95
Trd, 4318300.743, 113
Trd, 4318303.343, 106
Trd, 4318303.643, 103
Trd, 4318304.443, 98
Trd, 4318304.943, 99
Trd, 4318308.793, 109
Trd, 4318309.043, 107
Trd, 4318311.343, 104
Trd, 4318312.793, 121
Trd, 4318313.343, 116
Trd, 4318313.543, 103
Trd, 4318314.643, 75
Trd, 4318315.543, 97
Trd, 4318316.343, 112
Trd, 4318319.693, 103
Trd, 4318319.843, 107
Trd, 4318320.843, 102
Trd, 4318322.643, 93
Trd, 4318322.993, 113
Trd, 4318324.993, 98
Trd, 4318325.493, 99
Trd, 4318325.793, 110
Trd, 4318327.943, 103
Trd, 4318329.293, 113
Trd, 4318329.893, 104
Trd, 4318331.443, 104
Trd, 4318331.993, 105
Trd, 4318332.693, 106
Trd, 4318334.793, 103
Trd, 4318336.843, 104
Trd, 4318338.093, 98
Trd, 4318338.143, 100
Trd, 4318339.593, 96
Trd, 4318339.743, 94
Trd, 4318342.193, 97
Trd, 4318342.993, 98
Trd, 4318345.243, 95
Trd, 4318346.243, 97
Trd, 4318346.793, 96
Trd, 4318348.693, 96
Trd, 4318349.243, 104
Trd, 4318352.743, 99
Trd, 4318352.943, 99
Trd, 4318353.793, 98
Trd, 4318355.743, 98
Trd, 4318355.943, 111
Trd, 4318360.293, 104
Trd, 4318362.643, 105
Trd, 4318364.693, 105
Trd, 4318365.693, 105
Trd, 4318366.693, 104
Trd, 4318367.143, 105
Trd, 4318369.893, 103
Trd, 4318370.893, 105
Trd, 4318372.043, 106
Trd, 4318373.793, 103
Trd, 4318373.893, 103
Trd, 4318375.293, 113
Trd, 4318377.193, 98
Trd, 4318378.743, 90
Trd, 4318379.143, 75
Trd, 4318379.593, 97
Trd, 4318380.943, 117
Trd, 4318382.693, 94
Trd, 4318382.943, 95
Trd, 4318383.543, 81
Trd, 4318384.843, 76
Trd, 4318385.593, 86
Trd, 4318385.693, 107
Trd, 4318389.393, 95
Trd, 4318390.843, 111
Trd, 4318392.393, 98
Trd, 4318394.743, 105
Trd, 4318396.093, 104
Trd, 4318397.043, 114
Trd, 4318398.343, 110
Trd, 4318398.693, 113
Trd, 4318399.443, 124
Trd, 4318401.393, 112
Trd, 4318402.143, 106
Trd, 4318404.393, 104
Trd, 4318404.893, 103
Trd, 4318406.143, 104
Trd, 4318408.343, 96
Trd, 4318408.443, 99
Trd, 4318408.793, 115
Trd, 4318409.793, 91
Trd, 4318410.943, 98
Trd, 4318412.393, 98
Trd, 4318414.343, 113
Trd, 4318415.543, 97
Trd, 4318416.143, 106
Trd, 4318418.643, 102
Trd, 4318418.693, 103
Trd, 4318420.993, 100
Trd, 4318422.543, 102
Trd, 4318424.043, 107
Trd, 4318424.193, 103
Trd, 4318424.793, 101
Trd, 4318426.593, 98
Trd, 4318428.793, 83
Trd, 4318429.143, 93
Trd, 4318431.193, 109
Trd, 4318431.793, 113
Trd, 4318432.393, 108
Trd, 4318434.093, 104
Trd, 4318434.793, 107
Trd, 4318434.893, 99
Trd, 4318437.293, 80
Trd, 4318437.493, 96
Trd, 4318437.793, 94
Trd, 4318439.443, 105
Trd, 4318441.543, 112
Trd, 4318442.893, 100
Trd, 4318443.793, 99
Trd, 4318444.943, 76
Trd, 4318445.793, 108
Trd, 4318449.093, 108
Trd, 4318450.743, 103
Trd, 4318451.093, 101
Trd, 4318453.043, 102
Trd, 4318453.193, 105
Trd, 4318454.893, 104
Trd, 4318455.793, 113
Trd, 4318456.693, 101
Trd, 4318457.993, 78
Trd, 4318459.843, 97
Trd, 4318460.093, 99
Trd, 4318460.443, 96
Trd, 4318462.643, 95
Trd, 4318463.343, 97
Trd, 4318463.743, 95
Trd, 4318464.893, 113
Trd, 4318465.593, 111
Trd, 4318466.943, 103
Trd, 4318467.793, 110
Trd, 4318468.593, 107
Trd, 4318471.893, 107
Trd, 4318472.093, 103
Trd, 4318472.793, 112
Trd, 4318475.743, 81
Trd, 4318475.893, 87
Trd, 4318475.943, 113
Trd, 4318477.593, 101
Trd, 4318478.093, 101
Trd, 4318479.993, 104
Trd, 4318483.443, 94
Trd, 4318484.143, 82
Trd, 4318485.693, 101
Trd, 4318487.593, 101
Trd, 4318488.493, 101
Trd, 4318489.593, 104
Trd, 4318491.393, 111
Trd, 4318491.743, 110
Trd, 4318493.843, 103
Trd, 4318494.293, 104
Trd, 4318495.443, 112
Trd, 4318495.643, 104
Trd, 4318496.093, 103
Trd, 4318497.893, 104
Trd, 4318498.993, 105
Trd, 4318500.043, 96
Trd, 4318500.193, 98
Trd, 4318502.143, 100
Trd, 4318504.443, 99
Trd, 4318505.243, 102
Trd, 4318505.493, 101
Trd, 4318505.643, 107
Trd, 4318506.643, 99
Trd, 4318508.493, 104
Trd, 4318510.593, 105
Trd, 4318511.243, 100
Trd, 4318512.493, 113
Trd, 4318513.243, 99
Trd, 4318514.843, 108
Trd, 4318515.993, 101
Trd, 4318517.093, 106
Trd, 4318519.393, 101
Trd, 4318520.543, 104
Trd, 4318522.443, 97
Trd, 4318522.843, 101
Trd, 4318525.793, 98
Trd, 4318527.443, 98
Trd, 4318530.793, 98
Trd, 4318531.193, 78
Trd, 4318532.243, 96
Trd, 4318534.093, 98
Trd, 4318537.143, 96
Trd, 4318538.993, 93
Trd, 4318540.343, 106
Trd, 4318540.393, 105
Trd, 4318541.393, 106
Trd, 4318542.943, 105
Trd, 4318543.293, 101
Trd, 4318545.443, 113
Trd, 4318546.343, 111
Trd, 4318548.193, 103
Trd, 4318549.093, 79
Trd, 4318549.293, 104
Trd, 4318551.343, 88
Trd, 4318552.293, 88
Trd, 4318552.993, 79
Trd, 4318553.493, 91
Trd, 4318554.793, 90
Trd, 4318554.993, 98
Trd, 4318557.843, 113
Trd, 4318560.993, 99
Trd, 4318561.043, 99
Trd, 4318561.093, 113
Trd, 4318563.393, 112
Trd, 4318564.693, 107
Trd, 4318564.743, 101
Trd, 4318565.893, 107
Trd, 4318566.993, 109
Trd, 4318567.193, 102
Trd, 4318572.293, 93
Trd, 4318572.443, 95
Trd, 4318572.493, 98
Trd, 4318573.393, 98
Trd, 4318574.593, 113
Trd, 4318575.843, 103
Trd, 4318577.593, 101
Trd, 4318579.293, 102
Trd, 4318580.743, 105
Trd, 4318581.243, 106
Trd, 4318581.843, 101
Trd, 4318582.543, 100
Trd, 4318584.543, 95
Trd, 4318585.643, 105
Trd, 4318589.143, 98
Trd, 4318590.043, 97
Trd, 4318590.093, 102
Trd, 4318591.843, 102
Trd, 4318592.393, 104
Trd, 4318594.893, 103
Trd, 4318595.043, 102
Trd, 4318597.343, 94
Trd, 4318597.443, 98
Trd, 4318598.093, 95
Trd, 4318599.293, 112
Trd, 4318601.943, 100
Trd, 4318601.993, 99
Trd, 4318602.743, 105
Trd, 4318604.593, 100
Trd, 4318605.343, 103
Trd, 4318606.793, 119
Trd, 4318608.493, 98
Trd, 4318608.843, 99
Trd, 4318609.643, 98
Trd, 4318613.643, 98
Trd, 4318613.743, 99
Trd, 4318614.693, 100
Trd, 4318617.093, 101
Trd, 4318618.193, 100
Trd, 4318619.493, 114
Trd, 4318619.743, 106
Trd, 4318622.343, 106
Trd, 4318623.443, 102
Trd, 4318624.043, 101
Trd, 4318624.793, 102
Trd, 4318625.543, 106
Trd, 4318627.193, 116
Trd, 4318627.443, 113
Trd, 4318629.093, 109
Trd, 4318629.993, 110
Trd, 4318631.193, 113
Trd, 4318633.143, 116
Trd, 4318633.643, 115
Trd, 4318634.793, 103
Trd, 4318636.443, 110
Trd, 4318639.043, 95
Trd, 4318639.393, 97
Trd, 4318639.893, 99
Trd, 4318640.593, 101
Trd, 4318641.293, 97
Trd, 4318643.693, 82
Trd, 4318644.793, 94
Trd, 4318644.993, 97
Trd, 4318646.643, 95
Trd, 4318647.193, 113
Trd, 4318648.243, 112
Trd, 4318649.043, 85
Trd, 4318651.743, 70
Trd, 4318652.243, 79
Trd, 4318653.543, 78
Trd, 4318655.543, 91
Trd, 4318657.893, 96
Trd, 4318657.943, 94
Trd, 4318658.193, 95
Trd, 4318658.643, 110
Trd, 4318661.343, 113
Trd, 4318663.343, 95
Trd, 4318663.643, 107
Trd, 4318667.293, 97
Trd, 4318668.993, 100
Trd, 4318669.343, 102
Trd, 4318670.543, 98
Trd, 4318670.693, 97
Trd, 4318671.393, 107
Trd, 4318672.443, 98
Trd, 4318673.593, 78
Trd, 4318675.443, 96
Trd, 4318677.043, 96
Trd, 4318678.593, 113
Trd, 4318679.243, 96
Trd, 4318682.093, 98
Trd, 4318682.293, 101
Trd, 4318683.593, 95
Trd, 4318686.093, 97
Trd, 4318686.743, 97
Trd, 4318687.093, 113
Trd, 4318687.893, 95
Trd, 4318692.293, 97
Trd, 4318693.843, 96
Trd, 4318694.043, 94
Trd, 4318694.243, 94
Trd, 4318695.843, 113
Trd, 4318696.343, 95
Trd, 4318696.643, 96
Trd, 4318701.193, 98
Trd, 4318701.243, 97
Trd, 4318703.293, 100
Trd, 4318703.643, 98
Trd, 4318705.493, 99
Trd, 4318706.893, 100
Trd, 4318708.243, 111
Trd, 4318709.193, 113
Trd, 4318710.143, 100
Trd, 4318711.593, 104
Trd, 4318713.143, 100
Trd, 4318713.643, 103
Trd, 4318715.643, 99
Trd, 4318717.993, 103
Trd, 4318718.643, 98
Trd, 4318720.643, 104
Trd, 4318721.293, 97
Trd, 4318723.343, 95
Trd, 4318725.393, 80
Trd, 4318725.893, 87
Trd, 4318728.143, 93
Trd, 4318728.743, 95
Trd, 4318731.043, 92
Trd, 4318731.393, 98
Trd, 4318732.993, 94
Trd, 4318734.593, 110
Trd, 4318736.093, 101
Trd, 4318736.193, 113
Trd, 4318737.143, 98
Trd, 4318739.843, 112
Trd, 4318740.643, 103
Trd, 4318745.293, 106
Trd, 4318745.343, 105
Trd, 4318746.043, 102
Trd, 4318747.043, 113
Trd, 4318747.093, 102
Trd, 4318749.743, 107
Trd, 4318751.093, 105
Trd, 4318752.193, 105
Trd, 4318752.443, 103
Trd, 4318752.743, 106
Trd, 4318755.443, 106
Trd, 4318757.143, 102
Trd, 4318757.843, 102
Trd, 4318758.143, 104
Trd, 4318758.993, 101
Trd, 4318759.893, 104
Trd, 4318760.743, 102
Trd, 4318760.993, 100
Trd, 4318763.093, 96
Trd, 4318764.543, 100
Trd, 4318764.793, 111
Trd, 4318766.443, 100
Trd, 4318767.943, 102
Trd, 4318769.143, 113
Trd, 4318769.693, 101
Trd, 4318770.443, 101
Trd, 4318771.343, 99
Trd, 4318772.143, 101
Trd, 4318774.543, 101
Trd, 4318774.843, 100
Trd, 4318775.393, 98
Trd, 4318775.743, 108
Trd, 4318776.593, 106
Trd, 4318778.093, 109
Trd, 4318779.643, 106
Trd, 4318782.043, 102
Trd, 4318782.493, 102
Trd, 4318782.943, 109
Trd, 4318783.943, 108
Trd, 4318784.693, 110
Trd, 4318784.793, 103
Trd, 4318787.293, 109
Trd, 4318789.143, 107
Trd, 4318790.993, 109
Trd, 4318792.093, 106
Trd, 4318792.893, 103
Trd, 4318795.443, 105
Trd, 4318797.043, 107
Trd, 4318797.143, 108
Trd, 4318799.993, 103
Trd, 4318801.593, 105
Trd, 4318802.393, 108
Trd, 4318804.043, 107
Trd, 4318805.543, 105
Trd, 4318805.993, 108
Trd, 4318806.193, 104
Trd, 4318807.493, 103
Trd, 4318809.793, 109
Trd, 4318811.743, 104
Trd, 4318812.443, 103
Trd, 4318813.193, 104
Trd, 4318814.343, 103
Trd, 4318814.893, 107
Trd, 4318815.943, 120
Trd, 4318817.593, 111
Trd, 4318817.893, 114
Trd, 4318820.543, 111
Trd, 4318822.193, 103
Trd, 4318825.143, 112
Trd, 4318825.293, 113
Trd, 4318826.243, 113
Trd, 4318827.093, 108
Trd, 4318829.193, 103
Trd, 4318829.493, 111
Trd, 4318831.193, 95
Trd, 4318832.593, 107
Trd, 4318833.343, 95
Trd, 4318833.443, 103
Trd, 4318835.143, 101
Trd, 4318837.393, 113
Trd, 4318838.943, 105
Trd, 4318839.943, 95
Trd, 4318840.443, 80
Trd, 4318841.743, 113
Trd, 4318844.143, 97
Trd, 4318844.343, 104
Trd, 4318846.193, 97
Trd, 4318847.543, 108
Trd, 4318849.743, 102
Trd, 4318850.943, 100
Trd, 4318851.143, 103
Trd, 4318852.543, 103
Trd, 4318856.893, 103
Trd, 4318858.843, 103
Trd, 4318858.993, 109
Trd, 4318859.443, 101
Trd, 4318860.493, 99
Trd, 4318861.093, 101
Trd, 4318863.343, 109
Trd, 4318864.043, 102
Trd, 4318865.343, 88
Trd, 4318865.793, 97
Trd, 4318867.043, 95
Trd, 4318868.943, 96
Trd, 4318871.143, 113
Trd, 4318871.393, 97
Trd, 4318871.793, 103
Trd, 4318874.843, 97
Trd, 4318876.143, 102
Trd, 4318877.193, 98
Trd, 4318877.793, 102
Trd, 4318880.793, 101
Trd, 4318881.593, 103
Trd, 4318883.493, 101
Trd, 4318884.143, 103
Trd, 4318885.743, 101
Trd, 4318886.643, 107
Trd, 4318889.493, 103
Trd, 4318892.143, 100
Trd, 4318892.543, 102
Trd, 4318893.843, 102
Trd, 4318894.393, 100
Trd, 4318894.793, 99
Trd, 4318896.293, 91
Trd, 4318897.243, 91
Trd, 4318898.143, 96
Trd, 4318900.593, 97
Trd, 4318901.843, 113
Trd, 4318902.793, 102
Trd, 4318903.293, 101
Trd, 4318906.493, 92
Trd, 4318907.343, 90
Trd, 4318908.093, 96
Trd, 4318909.393, 92
Trd, 4318910.343, 106
Trd, 4318911.843, 112
Trd, 4318912.293, 106
Trd, 4318913.593, 104
Trd, 4318914.893, 104
Trd, 4318915.643, 103
Trd, 4318916.493, 113
Trd, 4318917.293, 109
Trd, 4318919.643, 109
Trd, 4318920.193, 99
Trd, 4318922.293, 97
Trd, 4318923.943, 97
Trd, 4318925.143, 108
Trd, 4318927.243, 112
Trd, 4318927.293, 109
Trd, 4318927.543, 106
Trd, 4318928.293, 104
Trd, 4318929.693, 106
Trd, 4318930.593, 105
Trd, 4318934.743, 109
Trd, 4318935.093, 107
Trd, 4318935.443, 103
Trd, 4318936.243, 103
Trd, 4318938.243, 102
Trd, 4318939.093, 98
Trd, 4318939.793, 101
Trd, 4318942.493, 113
Trd, 4318943.743, 103
Trd, 4318943.943, 115
Trd, 4318944.843, 99
Trd, 4318946.643, 113
Trd, 4318947.843, 98
Trd, 4318949.243, 97
Trd, 4318949.493, 94
Trd, 4318950.293, 97
Trd, 4318952.893, 102
Trd, 4318954.243, 104
Trd, 4318954.493, 98
Trd, 4318955.393, 113
Trd, 4318955.893, 105
Trd, 4318957.543, 106
Trd, 4318958.943, 103
Trd, 4318960.043, 99
Trd, 4318961.193, 99
Trd, 4318961.343, 107
Trd, 4318961.993, 98
Trd, 4318963.493, 88
Trd, 4318964.043, 93
Trd, 4318966.643, 85
Trd, 4318967.343, 107
Trd, 4318970.493, 101
Trd, 4318970.843, 101
Trd, 4318970.893, 104
Trd, 4318971.293, 101
Trd, 4318971.793, 95
Trd, 4318975.393, 113
Trd, 4318975.593, 104
Trd, 4318976.193, 103
Trd, 4318976.493, 107
Trd, 4318976.943, 103
Trd, 4318977.293, 76
Trd, 4318978.943, 111
Trd, 4318982.093, 107
Trd, 4318982.393, 102
Trd, 4318982.443, 102
Trd, 4318985.593, 106
Trd, 4318986.693, 104
Trd, 4318990.243, 107
Trd, 4318991.693, 105
Trd, 4318991.893, 104
Trd, 4318992.243, 103
Trd, 4318992.893, 104
Trd, 4318994.793, 107
Trd, 4318995.343, 112
Trd, 4318996.143, 93
Trd, 4318997.493, 95
Trd, 4318999.243, 106
Trd, 4319000.493, 129
Trd, 4319000.643, 122
Trd, 4319000.943, 113
Trd, 4319004.143, 80
Trd, 4319004.443, 99
Trd, 4319005.293, 99
Trd, 4319005.493, 97
Trd, 4319006.943, 96
Trd, 4319006.993, 95
Trd, 4319007.943, 110
Trd, 4319008.243, 76
Trd, 4319011.493, 101
Trd, 4319013.043, 98
Trd, 4319013.793, 110
Trd, 4319016.093, 99
Trd, 4319018.643, 102
Trd, 4319019.593, 101
Trd, 4319021.443, 108
Trd, 4319023.393, 102
Trd, 4319024.943, 105
Trd, 4319026.343, 123
Trd, 4319027.493, 109
Trd, 4319028.593, 105
Trd, 4319028.843, 98
Trd, 4319029.343, 101
Trd, 4319029.993, 107
Trd, 4319031.593, 100
Trd, 4319032.993, 80
Trd, 4319033.643, 95
Trd, 4319036.443, 92
Trd, 4319038.193, 90
Trd, 4319038.243, 90
Trd, 4319038.993, 86
Trd, 4319042.143, 95
Trd, 4319042.543, 108
Trd, 4319042.893, 99
Trd, 4319046.643, 95
Trd, 4319046.743, 96
Trd, 4319046.893, 96
Trd, 4319049.793, 97
Trd, 4319051.593, 99
Trd, 4319052.243, 106
Trd, 4319052.793, 98
Trd, 4319053.643, 98
Trd, 4319058.443, 106
Trd, 4319058.593, 102
Trd, 4319059.443, 102
Trd, 4319059.943, 97
Trd, 4319060.693, 99
Trd, 4319061.593, 102
Trd, 4319062.893, 109
Trd, 4319065.243, 104
Trd, 4319066.443, 105
Trd, 4319066.593, 101
Trd, 4319067.993, 102
Trd, 4319071.293, 103
Trd, 4319072.193, 102
Trd, 4319072.443, 103
Trd, 4319073.843, 102
Trd, 4319074.443, 101
Trd, 4319074.593, 100
Trd, 4319076.143, 105
Trd, 4319076.843, 100
Trd, 4319079.843, 99
Trd, 4319080.343, 92
Trd, 4319081.093, 95
Trd, 4319083.143, 110
Trd, 4319085.993, 98
Trd, 4319087.643, 97
Trd, 4319087.793, 98
Trd, 4319088.093, 97
Trd, 4319090.843, 98
Trd, 4319092.143, 101
Trd, 4319093.143, 96
Trd, 4319095.243, 106
Trd, 4319096.743, 126
Trd, 4319096.943, 109
Trd, 4319098.093, 96
Trd, 4319100.093, 97
Trd, 4319100.693, 84
Trd, 4319101.093, 96
Trd, 4319102.443, 95
Trd, 4319103.743, 95
Trd, 4319105.993, 95
Trd, 4319106.193, 96
Trd, 4319107.593, 96
Trd, 4319109.643, 103
Trd, 4319109.743, 99
Trd, 4319111.943, 106
Trd, 4319112.093, 101
Trd, 4319112.893, 101
Trd, 4319114.193, 100
Trd, 4319116.693, 119
Trd, 4319117.293, 112
Trd, 4319118.793, 109
Trd, 4319119.693, 107
Trd, 4319120.293, 103
Trd, 4319121.193, 109
Trd, 4319121.743, 112
Trd, 4319122.743, 106
Trd, 4319126.793, 108
Trd, 4319126.943, 106
Trd, 4319127.143, 103
Trd, 4319128.643, 110
Trd, 4319131.193, 107
Trd, 4319131.943, 106
Trd, 4319132.693, 103
Trd, 4319135.443, 109
Trd, 4319135.993, 109
Trd, 4319137.143, 110
Trd, 4319138.443, 108
Trd, 4319139.143, 106
Trd, 4319140.043, 111
Trd, 4319141.993, 106
Trd, 4319144.393, 105
Trd, 4319145.543, 104
Trd, 4319146.193, 103
Trd, 4319147.093, 101
Trd, 4319149.143, 105
Trd, 4319149.643, 105
Trd, 4319149.993, 104
Trd, 4319150.443, 110
Trd, 4319153.493, 105
Trd, 4319154.743, 113
Trd, 4319155.093, 108
Trd, 4319155.143, 107
Trd, 4319156.593, 109
Trd, 4319157.143, 121
Trd, 4319161.343, 103
Trd, 4319164.243, 107
Trd, 4319165.593, 99
Trd, 4319165.843, 99
Trd, 4319166.543, 98
Trd, 4319166.693, 108
Trd, 4319167.193, 95
Trd, 4319168.643, 94
Trd, 4319171.343, 101
Trd, 4319171.593, 100
Trd, 4319172.143, 100
Trd, 4319173.193, 108
Trd, 4319173.893, 99
Trd, 4319175.643, 88
Trd, 4319177.293, 97
Trd, 4319179.443, 95
Trd, 4319179.843, 83
Trd, 4319181.993, 96
Trd, 4319182.493, 95
Trd, 4319185.643, 100
Trd, 4319185.743, 104
Trd, 4319187.393, 97
Trd, 4319188.293, 100
Trd, 4319188.493, 97
Trd, 4319192.643, 101
Trd, 4319192.793, 86
Trd, 4319193.543, 97
Trd, 4319193.893, 115
Trd, 4319195.293, 109
Trd, 4319198.743, 100
Trd, 4319199.493, 102
Trd, 4319199.943, 108
Trd, 4319200.443, 100
Trd, 4319204.393, 101
Trd, 4319204.893, 105
Trd, 4319206.793, 106
Trd, 4319208.143, 101
Trd, 4319209.643, 106
Trd, 4319210.093, 110
Trd, 4319210.493, 109
Trd, 4319212.993, 115
Trd, 4319214.143, 108
Trd, 4319215.593, 110
Trd, 4319217.993, 107
Trd, 4319218.043, 108
Trd, 4319218.493, 112
Trd, 4319218.743, 111
Trd, 4319221.493, 104
Trd, 4319222.593, 113
Trd, 4319225.243, 109
Trd, 4319225.743, 103
Trd, 4319226.543, 109
Trd, 4319227.543, 109
Trd, 4319228.193, 107
Trd, 4319232.293, 106
Trd, 4319233.443, 106
Trd, 4319233.593, 103
Trd, 4319233.643, 113
Trd, 4319234.543, 109
Trd, 4319237.443, 110
Trd, 4319237.843, 113
Trd, 4319238.593, 108
Trd, 4319239.893, 110
Trd, 4319243.093, 90
Trd, 4319244.243, 102
Trd, 4319245.343, 104
Trd, 4319246.893, 102
Trd, 4319247.393, 101
Trd, 4319248.143, 104
Trd, 4319249.693, 108
Trd, 4319251.793, 113
Trd, 4319253.443, 105
Trd, 4319253.693, 109
Trd, 4319253.943, 104
Trd, 4319254.393, 109
Trd, 4319256.693, 103
Trd, 4319256.993, 109
Trd, 4319258.643, 80
Trd, 4319259.193, 95
Trd, 4319260.993, 99
Trd, 4319262.593, 110
Trd, 4319263.243, 110
Trd, 4319263.293, 109
Trd, 4319266.043, 96
Trd, 4319266.593, 103
Trd, 4319268.743, 113
Trd, 4319268.993, 104
Trd, 4319270.143, 106
Trd, 4319270.543, 101
Trd, 4319276.243, 102
Trd, 4319276.793, 103
Trd, 4319277.243, 103
Trd, 4319278.243, 103
Trd, 4319281.443, 102
Trd, 4319282.693, 103
Trd, 4319283.193, 113
Trd, 4319283.993, 100
Trd, 4319284.743, 83
Trd, 4319285.693, 97
Trd, 4319287.243, 94
Trd, 4319289.593, 93
Trd, 4319291.643, 108
Trd, 4319292.793, 111
Trd, 4319294.893, 100
Trd, 4319295.293, 99
Trd, 4319296.593, 104
Trd, 4319299.143, 112
Trd, 4319299.243, 99
Trd, 4319299.543, 105
Trd, 4319302.143, 99
Trd, 4319302.543, 99
Trd, 4319304.943, 101
Trd, 4319305.793, 104
Trd, 4319306.043, 100
Trd, 4319306.693, 113
Trd, 4319308.193, 100
Trd, 4319309.243, 101
Trd, 4319310.543, 97
Trd, 4319311.343, 104
Trd, 4319312.693, 100
Trd, 4319314.743, 120
Trd, 4319315.193, 109
Trd, 4319316.443, 104
Trd, 4319317.593, 105
Trd, 4319317.693, 103
Trd, 4319318.293, 109
Trd, 4319319.893, 74
Trd, 4319321.243, 85
Trd, 4319321.343, 99
Trd, 4319324.593, 107
Trd, 4319324.693, 100
Trd, 4319327.693, 107
Trd, 4319327.893, 106
Trd, 4319329.643, 104
Trd, 4319330.243, 105
Trd, 4319330.343, 108
Trd, 4319331.093, 103
Trd, 4319333.993, 96
Trd, 4319334.343, 101
Trd, 4319334.693, 105
Trd, 4319335.993, 103
Trd, 4319338.393, 103
Trd, 4319338.893, 104
Trd, 4319340.593, 77
Trd, 4319342.993, 113
Trd, 4319343.393, 104
Trd, 4319343.493, 114
Trd, 4319344.843, 105
Trd, 4319345.643, 103
Trd, 4319346.843, 96
Trd, 4319350.693, 107
Trd, 4319350.993, 106
Trd, 4319351.443, 110
Trd, 4319353.243, 113
Trd, 4319353.943, 106
Trd, 4319354.343, 98
Trd, 4319354.393, 92
Trd, 4319356.593, 105
Trd, 4319356.843, 104
Trd, 4319360.593, 103
Trd, 4319362.893, 103
Trd, 4319362.943, 104
Trd, 4319363.193, 101
Trd, 4319364.493, 104
Trd, 4319367.143, 108
Trd, 4319368.393, 105
Trd, 4319368.643, 106
Trd, 4319369.293, 103
Trd, 4319371.843, 125
Trd, 4319372.693, 122
Trd, 4319373.443, 108
Trd, 4319373.893, 88
Trd, 4319374.543, 100
Trd, 4319375.193, 95
Trd, 4319377.443, 97
Trd, 4319381.893, 80
Trd, 4319382.443, 95
Trd, 4319382.893, 102
Trd, 4319383.943, 98
Trd, 4319385.093, 89
Trd, 4319385.993, 90
Trd, 4319386.443, 92
Trd, 4319388.643, 111
Trd, 4319389.493, 115
Trd, 4319390.393, 113
Trd, 4319391.693, 93
Trd, 4319391.793, 96
Trd, 4319393.443, 103
Trd, 4319394.293, 103
Trd, 4319396.743, 108
Trd, 4319397.093, 109
Trd, 4319398.143, 107
Trd, 4319399.043, 94
Trd, 4319400.043, 90
Trd, 4319400.443, 97
Trd, 4319402.143, 100
Trd, 4319402.893, 100
Trd, 4319406.593, 101
Trd, 4319407.043, 103
Trd, 4319408.293, 104
Trd, 4319409.443, 112
Trd, 4319409.693, 113
Trd, 4319410.343, 106
Trd, 4319411.593, 102
Trd, 4319412.393, 105
Trd, 4319414.493, 95
Trd, 4319418.043, 80
Trd, 4319418.543, 96
Trd, 4319419.443, 88
Trd, 4319420.243, 94
Trd, 4319420.843, 91
Trd, 4319423.143, 105
Trd, 4319423.493, 113
Trd, 4319423.743, 96
Trd, 4319424.993, 81
Trd, 4319425.543, 96
Trd, 4319427.193, 91
Trd, 4319428.593, 91
Trd, 4319429.343, 88
Trd, 4319429.493, 98
Trd, 4319433.743, 94
Trd, 4319434.093, 100
Trd, 4319434.593, 97
Trd, 4319435.393, 95
Trd, 4319439.143, 93
Trd, 4319440.393, 98
Trd, 4319441.543, 96
Trd, 4319443.893, 97
Trd, 4319444.243, 97
Trd, 4319444.543, 93
Trd, 4319447.893, 94
Trd, 4319449.593, 96
Trd, 4319450.143, 104
Trd, 4319450.343, 95
Trd, 4319452.343, 96
Trd, 4319453.743, 96
Trd, 4319454.643, 95
Trd, 4319456.493, 110
Trd, 4319456.843, 94
Trd, 4319459.093, 103
Trd, 4319459.993, 101
Trd, 4319460.843, 101
Trd, 4319464.993, 102
Trd, 4319465.293, 100
Trd, 4319465.593, 101
Trd, 4319467.893, 103
Trd, 4319468.043, 100
Trd, 4319468.243, 104
Trd, 4319468.693, 101
Trd, 4319469.943, 104
Trd, 4319474.393, 100
Trd, 4319474.543, 101
Trd, 4319475.843, 94
Trd, 4319477.143, 97
Trd, 4319477.643, 105
Trd, 4319479.743, 100
Trd, 4319480.243, 98
Trd, 4319481.943, 99
Trd, 4319483.643, 99
Trd, 4319485.443, 105
Trd, 4319485.543, 98
Trd, 4319486.743, 110
Trd, 4319487.393, 108
Trd, 4319490.043, 97
Trd, 4319491.493, 104
Trd, 4319492.543, 88
Trd, 4319494.743, 96
Trd, 4319495.293, 103
Trd, 4319495.493, 78
Trd, 4319497.893, 97
Trd, 4319498.793, 95
Trd, 4319501.393, 96
Trd, 4319502.043, 95
Trd, 4319502.093, 96
Trd, 4319503.393, 108
Trd, 4319506.993, 101
Trd, 4319507.143, 98
Trd, 4319507.693, 97
Trd, 4319508.743, 102
Trd, 4319509.943, 104
Trd, 4319511.143, 104
Trd, 4319511.593, 113
Trd, 4319513.293, 101
Trd, 4319515.543, 105
Trd, 4319516.943, 107
Trd, 4319517.693, 107
Trd, 4319520.343, 105
Trd, 4319520.993, 105
Trd, 4319521.543, 103
Trd, 4319522.393, 98
Trd, 4319524.493, 96
Trd, 4319526.393, 104
Trd, 4319526.543, 101
Trd, 4319526.593, 76
Trd, 4319528.043, 95
Trd, 4319528.543, 100
Trd, 4319531.493, 100
Trd, 4319532.343, 103
Trd, 4319534.193, 106
Trd, 4319534.293, 102
Trd, 4319536.093, 108
Trd, 4319536.843, 112
Trd, 4319538.343, 107
Trd, 4319539.593, 103
Trd, 4319540.293, 100
Trd, 4319543.293, 113
Trd, 4319544.293, 101
Trd, 4319545.243, 96
Trd, 4319546.343, 106
Trd, 4319548.093, 104
Trd, 4319549.243, 102
Trd, 4319550.693, 101
Trd, 4319551.093, 102
Trd, 4319552.593, 82
Trd, 4319556.493, 97
Trd, 4319556.693, 100
Trd, 4319557.643, 99
Trd, 4319557.893, 96
Trd, 4319559.043, 112
Trd, 4319559.593, 108
Trd, 4319561.893, 106
Trd, 4319562.343, 107
Trd, 4319563.443, 103
Trd, 4319564.743, 105
Trd, 4319565.843, 111
Trd, 4319566.993, 108
Trd, 4319570.343, 107
Trd, 4319570.643, 108
Trd, 4319571.893, 103
Trd, 4319572.143, 105
Trd, 4319573.243, 105
Trd, 4319573.343, 104
Trd, 4319573.643, 103
Trd, 4319576.643, 86
Trd, 4319576.893, 99
Trd, 4319578.543, 109
Trd, 4319580.493, 101
Trd, 4319580.993, 110
Trd, 4319585.743, 104
Trd, 4319587.143, 102
Trd, 4319588.443, 102
Trd, 4319588.493, 104
Trd, 4319591.743, 103
Trd, 4319592.493, 104
Trd, 4319592.743, 105
Trd, 4319593.193, 102
Trd, 4319595.643, 101
Trd, 4319597.043, 85
Trd, 4319597.993, 96
Trd, 4319600.743, 113
Trd, 4319600.993, 119
Trd, 4319601.393, 105
Trd, 4319602.943, 100
Trd, 4319604.293, 98
Trd, 4319606.293, 100
Trd, 4319608.343, 100
Trd, 4319608.593, 104
Trd, 4319610.093, 102
Trd, 4319610.343, 95
Trd, 4319612.743, 108
Trd, 4319613.093, 100
Trd, 4319615.543, 100
Trd, 4319616.293, 105
Trd, 4319617.243, 101
Trd, 4319618.743, 100
Trd, 4319618.993, 100
Trd, 4319620.293, 101
Trd, 4319620.743, 96
Trd, 4319622.743, 99
Trd, 4319623.193, 99
Trd, 4319628.043, 96
Trd, 4319628.093, 96
Trd, 4319628.793, 89
Trd, 4319629.693, 96
Trd, 4319631.093, 106
Trd, 4319632.243, 100
Trd, 4319633.843, 102
Trd, 4319634.593, 107
Trd, 4319636.393, 103
Trd, 4319636.443, 100
Trd, 4319638.243, 113
Trd, 4319641.193, 112
Trd, 4319641.293, 113
Trd, 4319642.793, 112
Trd, 4319643.493, 103
Trd, 4319644.443, 100
Trd, 4319645.593, 103
Trd, 4319648.093, 106
Trd, 4319649.043, 113
Trd, 4319649.743, 105
Trd, 4319651.543, 103
Trd, 4319652.593, 105
Trd, 4319653.343, 111
Trd, 4319654.643, 106
Trd, 4319655.893, 97
Trd, 4319658.543, 101
Trd, 4319660.393, 101
Trd, 4319662.443, 113
Trd, 4319662.493, 95
Trd, 4319662.893, 112
Trd, 4319663.893, 111
Trd, 4319664.193, 76
Trd, 4319667.693, 109
Trd, 4319668.193, 107
Trd, 4319668.543, 105
Trd, 4319670.843, 103
Trd, 4319672.093, 108
Trd, 4319672.793, 103
Trd, 4319675.393, 105
Trd, 4319675.543, 102
Trd, 4319675.993, 101
Trd, 4319676.093, 111
Trd, 4319678.393, 109
Trd, 4319680.043, 95
Trd, 4319681.393, 91
Trd, 4319683.293, 101
Trd, 4319685.043, 105
Trd, 4319685.143, 113
Trd, 4319685.743, 103
Trd, 4319686.443, 103
Trd, 4319687.593, 105
Trd, 4319689.143, 103
Trd, 4319689.443, 102
Trd, 4319690.743, 109
Trd, 4319691.443, 113
Trd, 4319691.693, 104
Trd, 4319692.493, 103
Trd, 4319693.643, 111
Trd, 4319696.343, 96
Trd, 4319697.343, 96
Trd, 4319699.343, 97
Trd, 4319701.093, 97
Trd, 4319702.343, 99
Trd, 4319702.493, 99
Trd, 4319703.493, 107
Trd, 4319704.793, 113
Trd, 4319705.343, 112
Trd, 4319705.443, 102
Trd, 4319707.393, 124
Trd, 4319708.243, 96
Trd, 4319709.643, 106
Trd, 4319710.893, 102
Trd, 4319711.043, 115
Trd, 4319712.193, 94
Trd, 4319713.693, 99
Trd, 4319716.143, 102
Trd, 4319716.493, 103
Trd, 4319716.893, 100
Trd, 4319717.543, 99
Trd, 4319722.043, 100
Trd, 4319725.293, 102
Trd, 4319725.543, 102
Trd, 4319725.593, 99
Trd, 4319726.843, 100
Trd, 4319729.293, 101
Trd, 4319729.593, 102
Trd, 4319731.643, 109
Trd, 4319732.493, 104
Trd, 4319732.893, 103
Trd, 4319735.543, 102
Trd, 4319736.143, 102
Trd, 4319738.543, 99
Trd, 4319738.593, 104
Trd, 4319741.143, 102
Trd, 4319741.793, 104
Trd, 4319743.543, 104
Trd, 4319744.093, 103
Trd, 4319745.193, 101
Trd, 4319745.693, 105
Trd, 4319748.793, 101
Trd, 4319750.093, 105
Trd, 4319751.093, 105
Trd, 4319752.243, 107
Trd, 4319752.843, 119
Trd, 4319753.743, 104
Trd, 4319753.793, 103
Trd, 4319755.493, 102
Trd, 4319756.093, 104
Trd, 4319756.493, 113
Trd, 4319756.993, 105
Trd, 4319760.643, 106
Trd, 4319760.743, 105
Trd, 4319761.793, 106
Trd, 4319762.393, 113
Trd, 4319763.043, 103
Trd, 4319764.743, 104
Trd, 4319766.793, 103
Trd, 4319769.843, 105
Trd, 4319770.643, 106
Trd, 4319772.693, 107
Trd, 4319773.343, 104
Trd, 4319776.943, 105
Trd, 4319777.943, 106
Trd, 4319779.843, 105
Trd, 4319780.543, 104
Trd, 4319780.843, 105
Trd, 4319780.943, 103
Trd, 4319782.943, 82
Trd, 4319782.993, 83
Trd, 4319785.593, 85
Trd, 4319786.443, 99
Trd, 4319789.393, 77
Trd, 4319789.843, 86
Trd, 4319791.143, 86
Trd, 4319791.743, 97
Trd, 4319791.843, 111
Trd, 4319792.943, 111
Trd, 4319796.493, 100
Trd, 4319797.893, 100
Trd, 4319799.493, 96
Trd, 4319800.243, 95
Trd, 4319801.293, 77
Trd, 4319803.693, 83
Trd, 4319804.143, 95
Trd, 4319804.793, 88
Trd, 4319806.593, 90
Trd, 4319807.243, 108
Trd, 4319808.843, 95
Trd, 4319810.393, 95
Trd, 4319813.743, 93
Trd, 4319816.293, 95
Trd, 4319816.993, 95
Trd, 4319818.843, 97
Trd, 4319819.143, 113
Trd, 4319819.393, 95
Trd, 4319821.093, 108
Trd, 4319821.843, 97
Trd, 4319822.643, 96
Trd, 4319823.393, 106
Trd, 4319825.943, 100
Trd, 4319826.793, 99
Trd, 4319827.143, 104
Trd, 4319827.343, 101
Trd, 4319829.093, 101
Trd, 4319829.593, 98
Trd, 4319831.993, 112
Trd, 4319833.993, 112
Trd, 4319834.043, 111
Trd, 4319834.093, 103
Trd, 4319835.343, 108
Trd, 4319835.993, 108
Trd, 4319836.643, 107
Trd, 4319838.793, 106
Trd, 4319839.393, 102
Trd, 4319840.843, 95
Trd, 4319842.693, 108
Trd, 4319843.593, 101
Trd, 4319843.993, 88
Trd, 4319847.593, 99
Trd, 4319849.643, 100
Trd, 4319852.493, 100
Trd, 4319852.643, 109
Trd, 4319852.893, 99
Trd, 4319852.943, 99
Trd, 4319853.343, 103
Trd, 4319854.393, 113
Trd, 4319856.893, 103
Trd, 4319857.493, 102
Trd, 4319860.693, 95
Trd, 4319861.543, 86
Trd, 4319862.043, 96
Trd, 4319862.393, 97
Trd, 4319863.993, 97
Trd, 4319866.443, 98
Trd, 4319866.843, 110
Trd, 4319868.393, 100
Trd, 4319869.593, 113
Trd, 4319870.093, 96
Trd, 4319870.493, 102
Trd, 4319872.393, 90
Trd, 4319872.943, 89
Trd, 4319874.693, 96
Trd, 4319874.743, 106
Trd, 4319874.993, 113
Trd, 4319876.593, 95
Trd, 4319878.243, 98
Trd, 4319880.443, 101
Trd, 4319882.343, 102
Trd, 4319884.343, 100
Trd, 4319884.593, 99
Trd, 4319886.343, 102
Trd, 4319886.543, 99
Trd, 4319887.493, 108
Trd, 4319888.893, 99
Trd, 4319889.243, 104
Trd, 4319889.743, 101
Trd, 4319892.943, 100
Trd, 4319893.893, 105
Trd, 4319895.593, 105
Trd, 4319896.343, 102
Trd, 4319897.943, 112
Trd, 4319898.893, 102
Trd, 4319898.943, 110
Trd, 4319900.943, 109
Trd, 4319900.993, 102
Trd, 4319901.793, 101
Trd, 4319902.743, 88
Trd, 4319905.893, 100
Trd, 4319905.993, 97
Trd, 4319908.593, 97
Trd, 4319909.293, 96
Trd, 4319909.693, 97
Trd, 4319914.743, 96
Trd, 4319914.843, 97
Trd, 4319915.943, 99
Trd, 4319917.043, 100
Trd, 4319917.493, 99
Trd, 4319919.243, 100
Trd, 4319919.393, 108
Trd, 4319919.793, 99
Trd, 4319921.443, 113
Trd, 4319922.593, 112
Trd, 4319923.343, 130
Trd, 4319925.593, 118
Trd, 4319927.843, 104
Trd, 4319928.293, 111
Trd, 4319929.093, 112
Trd, 4319930.393, 114
Trd, 4319931.043, 114
Trd, 4319931.093, 113
Trd, 4319932.043, 110
Trd, 4319934.293, 114
Trd, 4319935.193, 103
Trd, 4319939.343, 112
Trd, 4319941.443, 107
Trd, 4319943.143, 106
Trd, 4319943.693, 111
Trd, 4319944.643, 103
Trd, 4319948.143, 98
Trd, 4319948.593, 97
Trd, 4319948.843, 109
Trd, 4319949.793, 113
Trd, 4319949.943, 110
Trd, 4319952.443, 107
Trd, 4319953.093, 102
Trd, 4319955.893, 102
Trd, 4319956.293, 108
Trd, 4319957.343, 113
Trd, 4319958.243, 106
Trd, 4319958.793, 103
Trd, 4319959.143, 108
Trd, 4319962.343, 105
Trd, 4319964.043, 107
Trd, 4319964.643, 106
Trd, 4319965.243, 105
Trd, 4319965.943, 107
Trd, 4319967.043, 93
Trd, 4319969.093, 93
Trd, 4319969.443, 95
Trd, 4319970.793, 92
Trd, 4319971.243, 97
Trd, 4319973.243, 110
Trd, 4319975.143, 102
Trd, 4319975.943, 102
Trd, 4319976.643, 112
Trd, 4319979.093, 114
Trd, 4319979.693, 107
Trd, 4319980.343, 107
Trd, 4319983.593, 109
Trd, 4319984.493, 84
Trd, 4319985.743, 105
Trd, 4319985.843, 114
Trd, 4319987.943, 109
Trd, 4319988.043, 103
Trd, 4319988.643, 106
Trd, 4319989.293, 102
Trd, 4319993.293, 96
Trd, 4319993.543, 97
Trd, 4319994.493, 108
Trd, 4319995.843, 110
Trd, 4319997.143, 108
Trd, 4319998.743, 108
Trd, 4319998.793, 107
Trd, 4319999.143, 106
Trd, 4319999.993, 103
