Trd, 4317858.893, 99
Trd, 4317859.293, 94
Trd, 4317860.043, 94
Trd, 4317861.893, 94
Trd, 4317864.743, 92
Trd, 4317864.993, 94
Trd, 4317866.293, 79
Trd, 4317867.943, 78
Trd, 4317870.043, 75
Trd, 4317870.393, 80
Trd, 4317870.893, 77
Trd, 4317873.443, 95
Trd, 4317874.693, 85
Trd, 4317876.593, 86
Trd, 4317876.893, 89
Trd, 4317880.143, 89
Trd, 4317881.193, 86
Trd, 4317881.493, 95
Trd, 4317882.793, 91
Trd, 4317883.793, 95
Trd, 4317885.943, 90
Trd, 4317887.243, 90
Trd, 4317888.943, 91
Trd, 4317891.493, 88
Trd, 4317892.843, 89
Trd, 4317893.593, 95
Trd, 4317894.293, 88
Trd, 4317894.993, 93
Trd, 4317896.993, 86
Trd, 4317898.293, 95
Trd, 4317901.043, 87
Trd, 4317904.243, 86
Trd, 4317905.393, 89
Trd, 4317905.493, 85
Trd, 4317906.793, 89
Trd, 4317906.893, 85
Trd, 4317907.143, 84
Trd, 4317911.293, 89
Trd, 4317911.993, 85
Trd, 4317912.493, 85
Trd, 4317913.893, 89
Trd, 4317917.193, 93
Trd, 4317918.843, 92
Trd, 4317919.843, 95
Trd, 4317919.993, 89
Trd, 4317920.843, 90
Trd, 4317925.143, 100
Trd, 4317925.543, 97
Trd, 4317925.743, 94
Trd, 4317926.543, 92
Trd, 4317927.693, 112
Trd, 4317928.893, 84
Trd, 4317930.093, 100
Trd, 4317930.143, 87
Trd, 4317931.543, 87
Trd, 4317933.993, 89
Trd, 4317936.993, 90
Trd, 4317939.793, 90
Trd, 4317940.693, 89
Trd, 4317942.093, 90
Trd, 4317945.043, 85
Trd, 4317945.343, 90
Trd, 4317946.043, 90
Trd, 4317946.793, 87
Trd, 4317947.043, 95
Trd, 4317947.743, 107
Trd, 4317948.193, 96
Trd, 4317948.443, 87
Trd, 4317949.293, 90
Trd, 4317953.243, 92
Trd, 4317955.943, 91
Trd, 4317956.143, 90
Trd, 4317956.543, 94
Trd, 4317957.943, 84
Trd, 4317958.793, 95
Trd, 4317959.593, 92
Trd, 4317960.443, 87
Trd, 4317964.293, 91
Trd, 4317965.293, 86
Trd, 4317966.593, 85
Trd, 4317966.693, 91
Trd, 4317967.143, 91
Trd, 4317968.043, 95
Trd, 4317970.443, 85
Trd, 4317970.843, 85
Trd, 4317971.693, 90
Trd, 4317973.993, 90
Trd, 4317976.243, 84
Trd, 4317976.943, 84
Trd, 4317977.443, 87
Trd, 4317977.593, 83
Trd, 4317980.293, 88
Trd, 4317980.943, 88
Trd, 4317984.743, 88
Trd, 4317985.693, 106
Trd, 4317986.793, 83
Trd, 4317987.293, 83
Trd, 4317987.343, 89
Trd, 4317988.043, 95
Trd, 4317989.743, 86
Trd, 4317991.393, 90
Trd, 4317991.693, 87
Trd, 4317992.493, 88
Trd, 4317995.843, 86
Trd, 4317998.443, 85
Trd, 4317998.693, 85
Trd, 4318001.693, 87
Trd, 4318002.293, 87
Trd, 4318004.143, 86
Trd, 4318007.293, 85
Trd, 4318008.193, 84
Trd, 4318008.593, 84
Trd, 4318009.193, 87
Trd, 4318009.593, 95
Trd, 4318011.593, 92
Trd, 4318011.943, 95
Trd, 4318014.393, 107
Trd, 4318014.443, 98
Trd, 4318014.493, 95
Trd, 4318016.843, 90
Trd, 4318018.093, 98
Trd, 4318018.843, 83
Trd, 4318019.793, 91
Trd, 4318019.943, 97
Trd, 4318022.893, 97
Trd, 4318023.543, 95
Trd, 4318026.093, 77
Trd, 4318026.293, 89
Trd, 4318027.643, 89
Trd, 4318028.193, 88
Trd, 4318028.243, 96
Trd, 4318029.293, 87
Trd, 4318029.943, 86
Trd, 4318030.593, 86
Trd, 4318030.643, 109
Trd, 4318035.293, 84
Trd, 4318036.093, 100
Trd, 4318036.543, 90
Trd, 4318037.493, 100
Trd, 4318037.943, 98
Trd, 4318038.343, 89
Trd, 4318040.793, 84
Trd, 4318041.443, 97
Trd, 4318044.193, 89
Trd, 4318044.793, 90
Trd, 4318046.943, 87
Trd, 4318047.893, 85
Trd, 4318048.993, 91
Trd, 4318052.643, 91
Trd, 4318053.593, 90
Trd, 4318055.243, 88
Trd, 4318056.093, 95
Trd, 4318056.743, 97
Trd, 4318057.443, 95
Trd, 4318058.543, 92
Trd, 4318061.143, 93
Trd, 4318061.443, 87
Trd, 4318064.143, 92
Trd, 4318064.343, 86
Trd, 4318065.693, 94
Trd, 4318067.843, 94
Trd, 4318067.893, 93
Trd, 4318070.043, 95
Trd, 4318071.043, 92
Trd, 4318071.143, 96
Trd, 4318073.243, 85
Trd, 4318073.693, 96
Trd, 4318075.593, 96
Trd, 4318077.043, 95
Trd, 4318078.243, 84
Trd, 4318078.593, 110
Trd, 4318079.843, 71
Trd, 4318080.743, 89
Trd, 4318080.793, 87
Trd, 4318081.243, 83
Trd, 4318082.993, 81
Trd, 4318083.093, 86
Trd, 4318085.843, 96
Trd, 4318086.743, 87
Trd, 4318088.593, 96
Trd, 4318088.743, 89
Trd, 4318090.443, 83
Trd, 4318091.493, 92
Trd, 4318093.243, 89
Trd, 4318095.243, 70
Trd, 4318095.693, 81
Trd, 4318095.793, 87
Trd, 4318095.993, 83
Trd, 4318098.243, 84
Trd, 4318098.893, 76
Trd, 4318102.243, 85
Trd, 4318102.343, 86
Trd, 4318103.793, 96
Trd, 4318105.543, 90
Trd, 4318106.543, 87
Trd, 4318110.643, 85
Trd, 4318111.593, 87
Trd, 4318116.943, 88
Trd, 4318117.593, 87
Trd, 4318117.943, 87
Trd, 4318118.043, 96
Trd, 4318119.393, 92
Trd, 4318120.843, 92
Trd, 4318121.543, 85
Trd, 4318122.793, 93
Trd, 4318123.743, 89
Trd, 4318124.493, 94
Trd, 4318124.643, 89
Trd, 4318125.743, 95
Trd, 4318126.643, 110
Trd, 4318127.543, 104
Trd, 4318132.843, 100
Trd, 4318133.893, 101
Trd, 4318134.093, 102
Trd, 4318134.993, 99
Trd, 4318135.293, 73
Trd, 4318138.193, 101
Trd, 4318139.043, 92
Trd, 4318139.943, 96
Trd, 4318141.993, 101
Trd, 4318143.643, 94
Trd, 4318146.643, 98
Trd, 4318148.393, 93
Trd, 4318154.243, 92
Trd, 4318154.743, 97
Trd, 4318156.043, 97
Trd, 4318159.293, 91
Trd, 4318159.943, 97
Trd, 4318160.943, 97
Trd, 4318161.593, 90
Trd, 4318166.143, 89
Trd, 4318166.193, 93
Trd, 4318167.193, 88
Trd, 4318169.893, 88
Trd, 4318171.993, 91
Trd, 4318172.493, 91
Trd, 4318173.793, 87
Trd, 4318175.093, 87
Trd, 4318176.243, 90
Trd, 4318176.293, 104
Trd, 4318177.243, 85
Trd, 4318179.793, 93
Trd, 4318181.043, 86
Trd, 4318181.243, 85
Trd, 4318182.593, 92
Trd, 4318182.943, 95
Trd, 4318185.943, 92
Trd, 4318190.393, 87
Trd, 4318190.593, 85
Trd, 4318190.643, 85
Trd, 4318190.743, 96
Trd, 4318192.493, 91
Trd, 4318193.493, 118
Trd, 4318195.493, 94
Trd, 4318197.593, 99
Trd, 4318197.793, 97
Trd, 4318198.093, 92
Trd, 4318200.243, 96
Trd, 4318202.893, 94
Trd, 4318203.593, 94
Trd, 4318204.543, 95
Trd, 4318205.093, 104
Trd, 4318205.343, 94
Trd, 4318206.043, 97
Trd, 4318207.693, 68
Trd, 4318208.143, 77
Trd, 4318212.093, 87
Trd, 4318212.743, 85
Trd, 4318213.893, 90
Trd, 4318214.393, 98
Trd, 4318215.543, 86
Trd, 4318218.643, 87
Trd, 4318221.593, 90
Trd, 4318221.793, 92
Trd, 4318224.793, 94
Trd, 4318226.693, 91
Trd, 4318227.993, 88
Trd, 4318229.543, 88
Trd, 4318230.343, 91
Trd, 4318231.643, 88
Trd, 4318234.993, 86
Trd, 4318236.293, 91
Trd, 4318236.393, 91
Trd, 4318236.543, 95
Trd, 4318236.943, 87
Trd, 4318239.043, 83
Trd, 4318239.393, 88
Trd, 4318242.143, 95
Trd, 4318242.743, 84
Trd, 4318244.493, 83
Trd, 4318246.143, 86
Trd, 4318250.193, 89
Trd, 4318251.193, 88
Trd, 4318251.493, 89
Trd, 4318251.643, 86
Trd, 4318252.293, 85
Trd, 4318254.393, 89
Trd, 4318254.943, 95
Trd, 4318256.343, 93
Trd, 4318256.743, 91
Trd, 4318258.043, 91
Trd, 4318258.443, 79
Trd, 4318259.643, 93
Trd, 4318260.243, 88
Trd, 4318260.443, 80
Trd, 4318263.793, 87
Trd, 4318263.993, 95
Trd, 4318264.743, 86
Trd, 4318266.993, 104
Trd, 4318267.293, 91
Trd, 4318267.393, 98
Trd, 4318268.093, 75
Trd, 4318270.893, 89
Trd, 4318271.093, 90
Trd, 4318273.993, 85
Trd, 4318274.943, 91
Trd, 4318275.343, 89
Trd, 4318278.143, 90
Trd, 4318278.293, 89
Trd, 4318280.693, 104
Trd, 4318283.343, 91
Trd, 4318284.493, 92
Trd, 4318285.193, 96
Trd, 4318288.843, 89
Trd, 4318289.693, 91
Trd, 4318290.993, 89
Trd, 4318296.393, 91
Trd, 4318296.443, 88
Trd, 4318297.743, 88
Trd, 4318299.243, 91
Trd, 4318302.593, 87
Trd, 4318303.043, 86
Trd, 4318303.243, 91
Trd, 4318304.893, 85
Trd, 4318305.393, 95
Trd, 4318306.243, 70
Trd, 4318307.393, 82
Trd, 4318309.593, 82
Trd, 4318310.293, 87
Trd, 4318310.743, 81
Trd, 4318311.343, 80
Trd, 4318312.893, 85
Trd, 4318315.593, 89
Trd, 4318315.993, 95
Trd, 4318316.643, 105
Trd, 4318316.993, 95
Trd, 4318318.143, 99
Trd, 4318320.343, 94
Trd, 4318322.993, 99
Trd, 4318324.043, 94
Trd, 4318325.543, 85
Trd, 4318327.943, 88
Trd, 4318328.643, 93
Trd, 4318328.943, 100
Trd, 4318329.143, 105
Trd, 4318331.793, 95
Trd, 4318332.993, 95
Trd, 4318333.243, 94
Trd, 4318334.643, 93
Trd, 4318335.143, 84
Trd, 4318338.193, 94
Trd, 4318338.893, 94
Trd, 4318339.693, 90
Trd, 4318342.593, 89
Trd, 4318344.243, 93
Trd, 4318346.043, 89
Trd, 4318346.543, 92
Trd, 4318347.943, 78
Trd, 4318347.993, 81
Trd, 4318348.743, 95
Trd, 4318349.543, 83
Trd, 4318352.143, 101
Trd, 4318352.493, 90
Trd, 4318353.393, 90
Trd, 4318355.043, 97
Trd, 4318356.143, 90
Trd, 4318358.143, 94
Trd, 4318361.843, 91
Trd, 4318363.143, 95
Trd, 4318364.193, 95
Trd, 4318365.193, 92
Trd, 4318365.843, 85
Trd, 4318367.593, 92
Trd, 4318368.343, 91
Trd, 4318368.793, 103
Trd, 4318368.893, 104
Trd, 4318371.043, 102
Trd, 4318371.593, 96
Trd, 4318372.843, 122
Trd, 4318373.143, 96
Trd, 4318374.743, 95
Trd, 4318376.793, 85
Trd, 4318378.693, 92
Trd, 4318380.493, 93
Trd, 4318381.193, 86
Trd, 4318382.143, 89
Trd, 4318383.893, 84
Trd, 4318384.693, 88
Trd, 4318385.043, 89
Trd, 4318385.643, 96
Trd, 4318386.993, 89
Trd, 4318388.143, 88
Trd, 4318389.443, 96
Trd, 4318392.493, 96
Trd, 4318395.143, 87
Trd, 4318396.293, 86
Trd, 4318397.293, 90
Trd, 4318399.143, 85
Trd, 4318399.193, 85
Trd, 4318400.193, 89
Trd, 4318400.843, 95
Trd, 4318400.893, 85
Trd, 4318403.693, 95
Trd, 4318404.093, 104
Trd, 4318404.693, 93
Trd, 4318408.043, 84
Trd, 4318408.493, 90
Trd, 4318409.193, 87
Trd, 4318409.543, 89
Trd, 4318409.743, 95
Trd, 4318410.793, 76
Trd, 4318413.393, 83
Trd, 4318414.993, 86
Trd, 4318415.443, 93
Trd, 4318418.143, 88
Trd, 4318418.193, 85
Trd, 4318421.093, 86
Trd, 4318421.193, 86
Trd, 4318422.943, 87
Trd, 4318424.093, 91
Trd, 4318424.693, 87
Trd, 4318427.043, 96
Trd, 4318427.893, 94
Trd, 4318430.943, 81
Trd, 4318430.993, 84
Trd, 4318433.293, 86
Trd, 4318434.143, 85
Trd, 4318437.793, 93
Trd, 4318438.843, 89
Trd, 4318440.393, 87
Trd, 4318441.393, 88
Trd, 4318444.793, 87
Trd, 4318445.343, 84
Trd, 4318447.393, 87
Trd, 4318448.743, 95
Trd, 4318449.293, 98
Trd, 4318449.643, 95
Trd, 4318449.843, 89
Trd, 4318451.293, 85
Trd, 4318452.193, 84
Trd, 4318452.643, 82
Trd, 4318454.443, 87
Trd, 4318455.093, 95
Trd, 4318457.043, 86
Trd, 4318458.693, 96
Trd, 4318458.993, 102
Trd, 4318459.693, 90
Trd, 4318459.893, 84
Trd, 4318462.143, 88
Trd, 4318463.743, 104
Trd, 4318464.243, 110
Trd, 4318465.643, 99
Trd, 4318467.793, 93
Trd, 4318470.543, 91
Trd, 4318471.343, 83
Trd, 4318471.993, 93
Trd, 4318472.893, 84
Trd, 4318473.493, 93
Trd, 4318474.243, 93
Trd, 4318475.043, 89
Trd, 4318477.793, 94
Trd, 4318479.293, 88
Trd, 4318480.243, 92
Trd, 4318481.943, 87
Trd, 4318483.343, 92
Trd, 4318485.793, 92
Trd, 4318486.293, 85
Trd, 4318487.543, 95
Trd, 4318487.893, 107
Trd, 4318488.793, 105
Trd, 4318488.843, 99
Trd, 4318490.543, 97
Trd, 4318491.493, 95
Trd, 4318493.193, 95
Trd, 4318495.693, 90
Trd, 4318496.493, 89
Trd, 4318498.293, 90
Trd, 4318499.543, 118
Trd, 4318499.793, 102
Trd, 4318500.543, 91
Trd, 4318500.593, 85
Trd, 4318503.293, 103
Trd, 4318505.643, 103
Trd, 4318505.693, 94
Trd, 4318506.243, 93
Trd, 4318507.743, 85
Trd, 4318508.543, 95
Trd, 4318511.093, 95
Trd, 4318513.493, 90
Trd, 4318515.193, 89
Trd, 4318518.143, 88
Trd, 4318520.943, 87
Trd, 4318522.943, 92
Trd, 4318524.043, 85
Trd, 4318524.793, 92
Trd, 4318526.843, 93
Trd, 4318527.793, 84
Trd, 4318527.943, 96
Trd, 4318530.143, 89
Trd, 4318530.543, 104
Trd, 4318534.493, 92
Trd, 4318535.443, 90
Trd, 4318535.793, 93
Trd, 4318539.043, 89
Trd, 4318539.443, 85
Trd, 4318542.393, 93
Trd, 4318543.393, 94
Trd, 4318544.943, 95
Trd, 4318546.743, 90
Trd, 4318548.793, 93
Trd, 4318549.043, 85
Trd, 4318551.093, 89
Trd, 4318552.193, 88
Trd, 4318552.443, 93
Trd, 4318554.143, 80
Trd, 4318554.743, 95
Trd, 4318560.393, 85
Trd, 4318561.543, 86
Trd, 4318562.793, 85
Trd, 4318563.643, 91
Trd, 4318563.743, 95
Trd, 4318563.843, 105
Trd, 4318565.593, 95
Trd, 4318565.743, 99
Trd, 4318566.043, 106
Trd, 4318567.343, 98
Trd, 4318570.293, 96
Trd, 4318570.793, 85
Trd, 4318572.143, 112
Trd, 4318572.543, 110
Trd, 4318575.143, 103
Trd, 4318575.593, 108
Trd, 4318577.843, 108
Trd, 4318578.743, 103
Trd, 4318580.443, 103
Trd, 4318584.043, 102
Trd, 4318585.193, 101
Trd, 4318587.843, 100
Trd, 4318588.293, 98
Trd, 4318590.393, 98
Trd, 4318590.643, 99
Trd, 4318591.243, 84
Trd, 4318592.943, 88
Trd, 4318593.693, 88
Trd, 4318596.143, 90
Trd, 4318596.593, 106
Trd, 4318596.743, 91
Trd, 4318597.893, 94
Trd, 4318599.193, 95
Trd, 4318601.493, 85
Trd, 4318602.693, 106
Trd, 4318608.193, 92
Trd, 4318609.743, 95
Trd, 4318611.393, 94
Trd, 4318612.193, 92
Trd, 4318612.593, 93
Trd, 4318614.593, 91
Trd, 4318614.943, 94
Trd, 4318617.243, 91
Trd, 4318619.693, 93
Trd, 4318621.343, 94
Trd, 4318623.493, 90
Trd, 4318625.093, 86
Trd, 4318625.943, 84
Trd, 4318626.193, 95
Trd, 4318628.443, 86
Trd, 4318630.193, 86
Trd, 4318630.543, 86
Trd, 4318632.793, 87
Trd, 4318634.943, 86
Trd, 4318637.193, 86
Trd, 4318637.943, 84
Trd, 4318639.093, 78
Trd, 4318639.743, 77
Trd, 4318640.843, 95
Trd, 4318641.593, 84
Trd, 4318642.093, 93
Trd, 4318643.943, 83
Trd, 4318644.393, 80
Trd, 4318646.893, 80
Trd, 4318648.093, 83
Trd, 4318649.493, 86
Trd, 4318652.493, 86
Trd, 4318653.093, 87
Trd, 4318654.493, 88
Trd, 4318655.343, 88
Trd, 4318655.393, 96
Trd, 4318656.143, 91
Trd, 4318658.493, 87
Trd, 4318659.093, 85
Trd, 4318660.093, 84
Trd, 4318660.343, 96
Trd, 4318661.943, 84
Trd, 4318662.693, 83
Trd, 4318663.893, 93
Trd, 4318665.093, 84
Trd, 4318669.243, 88
Trd, 4318669.443, 90
Trd, 4318670.193, 89
Trd, 4318670.343, 85
Trd, 4318673.443, 96
Trd, 4318673.593, 91
Trd, 4318676.293, 98
Trd, 4318678.093, 99
Trd, 4318678.893, 85
Trd, 4318678.993, 98
Trd, 4318680.343, 106
Trd, 4318680.643, 111
Trd, 4318682.093, 103
Trd, 4318682.943, 104
Trd, 4318684.593, 105
Trd, 4318685.543, 85
Trd, 4318689.093, 88
Trd, 4318689.843, 106
Trd, 4318689.893, 97
Trd, 4318690.093, 109
Trd, 4318690.143, 98
Trd, 4318692.193, 85
Trd, 4318693.543, 96
Trd, 4318694.593, 91
Trd, 4318696.043, 95
Trd, 4318698.543, 106
Trd, 4318700.043, 93
Trd, 4318702.643, 96
Trd, 4318704.443, 92
Trd, 4318707.093, 96
Trd, 4318707.143, 89
Trd, 4318708.443, 107
Trd, 4318709.493, 85
Trd, 4318711.843, 96
Trd, 4318713.443, 92
Trd, 4318714.293, 90
Trd, 4318714.943, 82
Trd, 4318717.393, 99
Trd, 4318717.643, 98
Trd, 4318717.893, 93
Trd, 4318719.543, 84
Trd, 4318720.743, 97
Trd, 4318721.143, 95
Trd, 4318722.443, 98
Trd, 4318724.243, 108
Trd, 4318724.943, 96
Trd, 4318725.543, 108
Trd, 4318727.943, 96
Trd, 4318728.843, 100
Trd, 4318730.343, 69
Trd, 4318731.443, 87
Trd, 4318732.443, 90
Trd, 4318734.793, 88
Trd, 4318735.143, 85
Trd, 4318736.143, 91
Trd, 4318738.393, 89
Trd, 4318738.543, 90
Trd, 4318740.043, 85
Trd, 4318740.293, 95
Trd, 4318744.743, 92
Trd, 4318745.343, 95
Trd, 4318746.543, 85
Trd, 4318748.143, 85
Trd, 4318753.593, 85
Trd, 4318753.843, 87
Trd, 4318754.243, 87
Trd, 4318754.843, 85
Trd, 4318755.893, 95
Trd, 4318757.893, 85
Trd, 4318758.593, 87
Trd, 4318758.843, 87
Trd, 4318760.343, 87
Trd, 4318760.493, 95
Trd, 4318761.193, 75
Trd, 4318761.593, 82
Trd, 4318763.643, 79
Trd, 4318764.393, 82
Trd, 4318765.293, 86
Trd, 4318766.393, 80
Trd, 4318769.043, 83
Trd, 4318769.543, 87
Trd, 4318769.893, 78
Trd, 4318772.093, 95
Trd, 4318772.593, 89
Trd, 4318774.293, 85
Trd, 4318775.793, 87
Trd, 4318776.343, 86
Trd, 4318777.943, 95
Trd, 4318779.643, 86
Trd, 4318780.443, 100
Trd, 4318781.193, 89
Trd, 4318784.343, 88
Trd, 4318784.693, 88
Trd, 4318788.093, 89
Trd, 4318789.793, 89
Trd, 4318789.843, 87
Trd, 4318791.443, 90
Trd, 4318793.043, 87
Trd, 4318794.843, 86
Trd, 4318796.993, 89
Trd, 4318798.293, 89
Trd, 4318801.243, 86
Trd, 4318802.893, 85
Trd, 4318806.693, 84
Trd, 4318808.393, 89
Trd, 4318808.543, 89
Trd, 4318808.693, 84
Trd, 4318809.693, 82
Trd, 4318810.493, 87
Trd, 4318814.893, 83
Trd, 4318815.143, 82
Trd, 4318818.243, 87
Trd, 4318820.993, 95
Trd, 4318822.193, 91
Trd, 4318822.943, 83
Trd, 4318823.543, 88
Trd, 4318824.093, 92
Trd, 4318826.193, 128
Trd, 4318826.343, 102
Trd, 4318826.643, 87
Trd, 4318831.193, 97
Trd, 4318831.693, 96
Trd, 4318832.393, 85
Trd, 4318832.693, 100
Trd, 4318834.543, 95
Trd, 4318836.443, 93
Trd, 4318837.743, 89
Trd, 4318839.193, 86
Trd, 4318840.243, 87
Trd, 4318840.943, 85
Trd, 4318843.093, 95
Trd, 4318844.193, 93
Trd, 4318844.993, 104
Trd, 4318845.093, 92
Trd, 4318847.543, 93
Trd, 4318848.343, 93
Trd, 4318850.193, 91
Trd, 4318852.443, 90
Trd, 4318852.543, 92
Trd, 4318853.843, 92
Trd, 4318858.843, 92
Trd, 4318858.893, 92
Trd, 4318859.743, 91
Trd, 4318863.343, 92
Trd, 4318866.293, 92
Trd, 4318867.193, 90
Trd, 4318867.293, 92
Trd, 4318868.993, 95
Trd, 4318869.793, 90
Trd, 4318870.143, 94
Trd, 4318870.543, 72
Trd, 4318871.643, 88
Trd, 4318875.343, 94
Trd, 4318877.243, 95
Trd, 4318877.843, 92
Trd, 4318878.693, 104
Trd, 4318878.743, 95
Trd, 4318880.093, 105
Trd, 4318882.393, 95
Trd, 4318882.943, 94
Trd, 4318884.243, 96
Trd, 4318884.643, 99
Trd, 4318885.693, 106
Trd, 4318886.093, 96
Trd, 4318886.643, 93
Trd, 4318891.943, 92
Trd, 4318894.043, 83
Trd, 4318895.543, 90
Trd, 4318896.943, 103
Trd, 4318897.493, 99
Trd, 4318898.693, 106
Trd, 4318898.943, 96
Trd, 4318901.393, 83
Trd, 4318902.143, 90
Trd, 4318903.093, 92
Trd, 4318904.143, 91
Trd, 4318906.043, 84
Trd, 4318907.143, 91
Trd, 4318908.243, 91
Trd, 4318909.843, 89
Trd, 4318911.543, 95
Trd, 4318911.743, 89
Trd, 4318914.743, 88
Trd, 4318916.343, 91
Trd, 4318917.593, 85
Trd, 4318917.943, 95
Trd, 4318918.043, 105
Trd, 4318921.643, 92
Trd, 4318922.143, 86
Trd, 4318922.893, 85
Trd, 4318923.043, 92
Trd, 4318924.793, 92
Trd, 4318924.893, 90
Trd, 4318926.093, 88
Trd, 4318926.543, 90
Trd, 4318926.943, 88
Trd, 4318931.443, 87
Trd, 4318934.743, 86
Trd, 4318936.593, 87
Trd, 4318937.543, 88
Trd, 4318937.743, 85
Trd, 4318938.743, 95
Trd, 4318939.093, 104
Trd, 4318940.693, 106
Trd, 4318941.593, 106
Trd, 4318942.593, 102
Trd, 4318943.693, 94
Trd, 4318945.593, 89
Trd, 4318946.143, 94
Trd, 4318947.393, 84
Trd, 4318948.293, 74
Trd, 4318948.693, 84
Trd, 4318949.193, 89
Trd, 4318951.393, 80
Trd, 4318952.143, 87
Trd, 4318952.893, 95
Trd, 4318954.143, 81
Trd, 4318957.343, 83
Trd, 4318957.743, 88
Trd, 4318960.143, 82
Trd, 4318960.593, 82
Trd, 4318961.193, 81
Trd, 4318961.643, 86
Trd, 4318964.443, 82
Trd, 4318965.993, 82
Trd, 4318967.843, 86
Trd, 4318968.143, 81
Trd, 4318970.643, 85
Trd, 4318970.943, 83
Trd, 4318972.593, 86
Trd, 4318973.193, 95
Trd, 4318974.443, 82
Trd, 4318976.143, 82
Trd, 4318976.943, 84
Trd, 4318980.443, 86
Trd, 4318981.693, 87
Trd, 4318982.093, 88
Trd, 4318984.393, 87
Trd, 4318985.743, 87
Trd, 4318986.143, 88
Trd, 4318986.843, 87
Trd, 4318987.043, 85
Trd, 4318987.393, 106
Trd, 4318990.193, 86
Trd, 4318995.793, 87
Trd, 4318996.693, 86
Trd, 4318996.843, 88
Trd, 4318999.493, 85
Trd, 4319000.343, 84
Trd, 4319003.393, 88
Trd, 4319003.443, 84
Trd, 4319005.593, 107
Trd, 4319007.243, 90
Trd, 4319008.643, 69
Trd, 4319009.693, 81
Trd, 4319011.543, 86
Trd, 4319012.043, 100
Trd, 4319013.093, 97
Trd, 4319014.193, 89
Trd, 4319015.593, 89
Trd, 4319018.093, 89
Trd, 4319018.393, 91
Trd, 4319018.893, 85
Trd, 4319020.493, 102
Trd, 4319024.293, 96
Trd, 4319025.443, 107
Trd, 4319025.543, 95
Trd, 4319025.793, 85
Trd, 4319027.393, 92
Trd, 4319028.693, 78
Trd, 4319029.793, 88
Trd, 4319030.243, 87
Trd, 4319030.493, 106
Trd, 4319033.293, 88
Trd, 4319034.343, 95
Trd, 4319034.793, 101
Trd, 4319036.843, 91
Trd, 4319036.893, 83
Trd, 4319037.543, 93
Trd, 4319038.693, 91
Trd, 4319040.943, 93
Trd, 4319041.243, 85
Trd, 4319042.943, 90
Trd, 4319043.443, 97
Trd, 4319043.993, 85
Trd, 4319045.543, 78
Trd, 4319045.693, 89
Trd, 4319047.093, 86
Trd, 4319049.443, 86
Trd, 4319050.393, 85
Trd, 4319054.993, 85
Trd, 4319056.393, 85
Trd, 4319057.743, 84
Trd, 4319058.243, 86
Trd, 4319058.643, 106
Trd, 4319060.393, 83
Trd, 4319061.543, 82
Trd, 4319066.043, 86
Trd, 4319066.143, 80
Trd, 4319068.393, 84
Trd, 4319068.843, 86
Trd, 4319069.743, 83
Trd, 4319069.843, 86
Trd, 4319072.843, 94
Trd, 4319073.093, 91
Trd, 4319073.243, 95
Trd, 4319073.793, 88
Trd, 4319076.093, 89
Trd, 4319076.593, 90
Trd, 4319076.643, 86
Trd, 4319080.093, 88
Trd, 4319080.343, 80
Trd, 4319081.293, 84
Trd, 4319083.243, 85
Trd, 4319086.443, 92
Trd, 4319086.943, 104
Trd, 4319089.693, 98
Trd, 4319092.493, 91
Trd, 4319092.643, 91
Trd, 4319094.693, 88
Trd, 4319094.793, 84
Trd, 4319096.143, 95
Trd, 4319096.743, 91
Trd, 4319098.493, 95
Trd, 4319098.893, 104
Trd, 4319100.143, 99
Trd, 4319103.493, 81
Trd, 4319104.443, 80
Trd, 4319104.893, 88
Trd, 4319106.793, 91
Trd, 4319107.593, 96
Trd, 4319108.343, 99
Trd, 4319109.543, 89
Trd, 4319113.093, 88
Trd, 4319114.393, 87
Trd, 4319115.693, 93
Trd, 4319116.643, 85
Trd, 4319117.443, 92
Trd, 4319119.643, 87
Trd, 4319121.793, 87
Trd, 4319122.693, 85
Trd, 4319123.693, 87
Trd, 4319124.043, 95
Trd, 4319124.593, 85
Trd, 4319125.293, 84
Trd, 4319125.793, 105
Trd, 4319129.043, 89
Trd, 4319130.343, 83
Trd, 4319131.643, 75
Trd, 4319131.943, 87
Trd, 4319132.843, 84
Trd, 4319133.343, 76
Trd, 4319133.543, 105
Trd, 4319136.443, 85
Trd, 4319136.693, 84
Trd, 4319139.443, 89
Trd, 4319140.443, 83
Trd, 4319140.543, 90
Trd, 4319141.343, 97
Trd, 4319142.343, 83
Trd, 4319142.793, 93
Trd, 4319145.243, 107
Trd, 4319145.593, 117
Trd, 4319145.993, 98
Trd, 4319149.343, 102
Trd, 4319150.343, 102
Trd, 4319151.393, 105
Trd, 4319153.793, 102
Trd, 4319153.943, 101
Trd, 4319156.293, 84
Trd, 4319156.793, 85
Trd, 4319157.143, 71
Trd, 4319160.593, 96
Trd, 4319161.843, 97
Trd, 4319162.043, 90
Trd, 4319164.043, 91
Trd, 4319164.593, 93
Trd, 4319165.693, 96
Trd, 4319167.143, 91
Trd, 4319167.193, 89
Trd, 4319171.643, 91
Trd, 4319172.143, 96
Trd, 4319172.893, 102
Trd, 4319173.793, 93
Trd, 4319174.243, 89
Trd, 4319174.943, 91
Trd, 4319175.693, 92
Trd, 4319175.793, 85
Trd, 4319177.793, 89
Trd, 4319178.843, 88
Trd, 4319180.693, 93
Trd, 4319183.743, 90
Trd, 4319185.243, 91
Trd, 4319188.593, 90
Trd, 4319188.643, 95
Trd, 4319189.143, 91
Trd, 4319189.393, 117
Trd, 4319191.093, 88
Trd, 4319192.493, 102
Trd, 4319193.193, 103
Trd, 4319193.893, 96
Trd, 4319195.043, 102
Trd, 4319196.693, 103
Trd, 4319197.993, 96
Trd, 4319199.643, 100
Trd, 4319199.893, 85
Trd, 4319203.143, 98
Trd, 4319204.243, 94
Trd, 4319205.693, 93
Trd, 4319205.843, 85
Trd, 4319209.293, 93
Trd, 4319209.593, 93
Trd, 4319209.693, 95
Trd, 4319210.393, 87
Trd, 4319210.493, 85
Trd, 4319210.993, 88
Trd, 4319213.793, 93
Trd, 4319215.293, 94
Trd, 4319215.643, 90
Trd, 4319219.543, 92
Trd, 4319222.543, 93
Trd, 4319223.343, 85
Trd, 4319226.193, 86
Trd, 4319226.593, 85
Trd, 4319227.243, 93
Trd, 4319228.093, 93
Trd, 4319228.543, 93
Trd, 4319229.493, 93
Trd, 4319230.593, 95
Trd, 4319231.893, 91
Trd, 4319233.593, 88
Trd, 4319237.893, 90
Trd, 4319238.143, 93
Trd, 4319238.293, 90
Trd, 4319241.343, 88
Trd, 4319244.793, 93
Trd, 4319246.793, 94
Trd, 4319248.693, 93
Trd, 4319248.743, 95
Trd, 4319249.043, 88
Trd, 4319251.693, 89
Trd, 4319254.193, 96
Trd, 4319255.393, 89
Trd, 4319256.243, 91
Trd, 4319256.443, 89
Trd, 4319258.243, 94
Trd, 4319260.193, 88
Trd, 4319262.093, 95
Trd, 4319264.843, 89
Trd, 4319265.243, 87
Trd, 4319265.743, 94
Trd, 4319266.293, 94
Trd, 4319268.093, 95
Trd, 4319271.043, 92
Trd, 4319273.393, 90
Trd, 4319273.493, 94
Trd, 4319276.243, 89
Trd, 4319276.893, 91
Trd, 4319278.093, 88
Trd, 4319281.093, 91
Trd, 4319283.643, 91
Trd, 4319284.043, 88
Trd, 4319287.743, 91
Trd, 4319288.693, 90
Trd, 4319291.693, 89
Trd, 4319292.093, 91
Trd, 4319293.643, 88
Trd, 4319294.593, 95
Trd, 4319296.493, 91
Trd, 4319297.343, 95
Trd, 4319298.893, 91
Trd, 4319300.743, 91
Trd, 4319302.343, 91
Trd, 4319303.543, 95
Trd, 4319304.093, 91
Trd, 4319304.343, 90
Trd, 4319304.643, 95
Trd, 4319306.543, 85
Trd, 4319308.093, 93
Trd, 4319309.493, 86
Trd, 4319311.643, 87
Trd, 4319312.793, 92
Trd, 4319314.093, 90
Trd, 4319314.793, 96
Trd, 4319317.443, 89
Trd, 4319318.693, 87
Trd, 4319319.493, 92
Trd, 4319319.543, 92
Trd, 4319320.443, 104
Trd, 4319320.693, 85
Trd, 4319322.543, 86
Trd, 4319323.893, 88
Trd, 4319326.593, 93
Trd, 4319328.093, 91
Trd, 4319330.993, 89
Trd, 4319332.243, 88
Trd, 4319332.643, 91
Trd, 4319332.893, 91
Trd, 4319333.443, 84
Trd, 4319335.243, 85
Trd, 4319335.743, 86
Trd, 4319336.943, 95
Trd, 4319339.043, 88
Trd, 4319340.843, 83
Trd, 4319341.143, 68
Trd, 4319343.493, 83
Trd, 4319344.443, 73
Trd, 4319344.643, 86
Trd, 4319345.843, 95
Trd, 4319346.043, 93
Trd, 4319347.393, 106
Trd, 4319347.743, 91
Trd, 4319348.493, 87
Trd, 4319349.693, 106
Trd, 4319351.043, 93
Trd, 4319351.843, 93
Trd, 4319352.743, 97
Trd, 4319353.543, 102
Trd, 4319357.743, 100
Trd, 4319358.243, 100
Trd, 4319358.593, 91
Trd, 4319361.293, 95
Trd, 4319361.943, 89
Trd, 4319364.243, 95
Trd, 4319364.743, 108
Trd, 4319365.593, 100
Trd, 4319366.693, 97
Trd, 4319367.793, 87
Trd, 4319368.293, 93
Trd, 4319370.693, 93
Trd, 4319370.943, 85
Trd, 4319373.243, 84
Trd, 4319374.493, 93
Trd, 4319376.493, 101
Trd, 4319376.793, 96
Trd, 4319376.943, 94
Trd, 4319378.443, 94
Trd, 4319381.293, 93
Trd, 4319381.843, 84
Trd, 4319382.443, 91
Trd, 4319384.293, 93
Trd, 4319384.493, 109
Trd, 4319385.843, 109
Trd, 4319386.443, 97
Trd, 4319388.193, 97
Trd, 4319389.593, 98
Trd, 4319390.343, 84
Trd, 4319391.793, 97
Trd, 4319392.493, 93
Trd, 4319393.793, 97
Trd, 4319395.843, 93
Trd, 4319397.243, 87
Trd, 4319398.143, 96
Trd, 4319398.893, 91
Trd, 4319400.793, 85
Trd, 4319401.193, 93
Trd, 4319403.293, 93
Trd, 4319403.743, 69
Trd, 4319404.293, 96
Trd, 4319405.943, 68
Trd, 4319408.393, 96
Trd, 4319409.343, 81
Trd, 4319410.043, 88
Trd, 4319410.593, 81
Trd, 4319411.893, 88
Trd, 4319412.343, 104
Trd, 4319415.393, 93
Trd, 4319416.893, 93
Trd, 4319418.093, 85
Trd, 4319418.443, 95
Trd, 4319418.543, 95
Trd, 4319419.643, 92
Trd, 4319420.193, 95
Trd, 4319421.293, 95
Trd, 4319422.693, 94
Trd, 4319423.543, 74
Trd, 4319424.943, 84
Trd, 4319428.543, 91
Trd, 4319429.793, 88
Trd, 4319430.793, 91
Trd, 4319433.043, 90
Trd, 4319435.643, 88
Trd, 4319437.143, 90
Trd, 4319438.243, 87
Trd, 4319438.793, 91
Trd, 4319439.493, 85
Trd, 4319440.943, 60
Trd, 4319441.643, 77
Trd, 4319444.943, 86
Trd, 4319445.343, 85
Trd, 4319446.043, 86
Trd, 4319446.693, 94
Trd, 4319449.293, 95
Trd, 4319449.393, 100
Trd, 4319451.343, 90
Trd, 4319453.993, 94
Trd, 4319454.093, 105
Trd, 4319457.293, 90
Trd, 4319457.693, 89
Trd, 4319459.493, 88
Trd, 4319459.543, 90
Trd, 4319460.043, 91
Trd, 4319460.243, 85
Trd, 4319461.493, 91
Trd, 4319462.493, 88
Trd, 4319462.943, 95
Trd, 4319463.593, 74
Trd, 4319465.893, 90
Trd, 4319467.543, 94
Trd, 4319468.593, 85
Trd, 4319469.993, 90
Trd, 4319472.393, 89
Trd, 4319472.993, 89
Trd, 4319474.693, 95
Trd, 4319475.143, 86
Trd, 4319475.343, 105
Trd, 4319477.443, 91
Trd, 4319477.793, 86
Trd, 4319479.293, 85
Trd, 4319480.493, 90
Trd, 4319482.743, 95
Trd, 4319483.943, 99
Trd, 4319484.743, 105
Trd, 4319486.493, 91
Trd, 4319487.643, 89
Trd, 4319491.193, 89
Trd, 4319491.943, 91
Trd, 4319494.443, 91
Trd, 4319495.743, 90
Trd, 4319495.793, 88
Trd, 4319497.593, 91
Trd, 4319497.743, 95
Trd, 4319499.493, 91
Trd, 4319499.843, 94
Trd, 4319500.143, 88
Trd, 4319500.893, 95
Trd, 4319501.993, 85
Trd, 4319503.543, 91
Trd, 4319506.143, 91
Trd, 4319507.493, 90
Trd, 4319507.693, 91
Trd, 4319509.193, 92
Trd, 4319509.593, 89
Trd, 4319509.643, 88
Trd, 4319512.893, 84
Trd, 4319513.643, 96
Trd, 4319514.543, 94
Trd, 4319516.493, 94
Trd, 4319517.343, 92
Trd, 4319517.793, 87
Trd, 4319518.293, 94
Trd, 4319520.893, 93
Trd, 4319522.893, 89
Trd, 4319524.743, 93
Trd, 4319525.093, 95
Trd, 4319526.743, 93
Trd, 4319530.943, 88
Trd, 4319530.993, 92
Trd, 4319532.193, 81
Trd, 4319533.043, 89
Trd, 4319535.443, 92
Trd, 4319535.893, 95
Trd, 4319537.993, 87
Trd, 4319543.643, 88
Trd, 4319543.793, 86
Trd, 4319546.093, 89
Trd, 4319546.743, 89
Trd, 4319547.243, 95
Trd, 4319550.343, 91
Trd, 4319551.043, 85
Trd, 4319551.293, 83
Trd, 4319553.343, 86
Trd, 4319554.343, 85
Trd, 4319556.143, 96
Trd, 4319557.443, 84
Trd, 4319561.593, 84
Trd, 4319563.193, 83
Trd, 4319563.743, 83
Trd, 4319564.793, 88
Trd, 4319565.893, 83
Trd, 4319567.543, 88
Trd, 4319570.393, 84
Trd, 4319571.993, 88
Trd, 4319572.593, 84
Trd, 4319573.193, 96
Trd, 4319573.793, 92
Trd, 4319576.543, 84
Trd, 4319576.643, 89
Trd, 4319578.143, 84
Trd, 4319579.043, 83
Trd, 4319581.293, 87
Trd, 4319581.843, 83
Trd, 4319582.893, 86
Trd, 4319586.143, 87
Trd, 4319588.293, 84
Trd, 4319589.343, 87
Trd, 4319590.943, 87
Trd, 4319591.793, 83
Trd, 4319593.593, 68
Trd, 4319594.793, 81
Trd, 4319596.743, 86
Trd, 4319597.543, 87
Trd, 4319599.993, 96
Trd, 4319601.693, 91
Trd, 4319602.993, 105
Trd, 4319603.593, 89
Trd, 4319603.943, 85
Trd, 4319604.343, 96
Trd, 4319607.293, 89
Trd, 4319608.193, 88
Trd, 4319608.993, 96
Trd, 4319609.843, 85
Trd, 4319614.893, 87
Trd, 4319616.843, 87
Trd, 4319617.393, 90
Trd, 4319618.843, 90
Trd, 4319620.243, 86
Trd, 4319620.343, 86
Trd, 4319621.693, 85
Trd, 4319623.243, 91
Trd, 4319626.993, 90
Trd, 4319627.243, 91
Trd, 4319629.793, 90
Trd, 4319630.493, 89
Trd, 4319632.443, 92
Trd, 4319634.493, 88
Trd, 4319634.993, 90
Trd, 4319636.843, 107
Trd, 4319637.693, 86
Trd, 4319638.293, 97
Trd, 4319641.643, 92
Trd, 4319642.593, 92
Trd, 4319643.593, 87
Trd, 4319643.843, 85
Trd, 4319644.993, 84
Trd, 4319646.643, 90
Trd, 4319647.043, 91
Trd, 4319648.243, 96
Trd, 4319648.543, 107
Trd, 4319650.193, 92
Trd, 4319653.343, 92
Trd, 4319654.893, 91
Trd, 4319654.993, 84
Trd, 4319656.643, 96
Trd, 4319657.143, 83
Trd, 4319658.843, 92
Trd, 4319661.043, 90
Trd, 4319663.643, 92
Trd, 4319664.043, 95
Trd, 4319665.743, 89
Trd, 4319665.893, 92
Trd, 4319667.243, 90
Trd, 4319668.143, 107
Trd, 4319670.893, 99
Trd, 4319671.193, 106
Trd, 4319672.943, 97
Trd, 4319673.393, 102
Trd, 4319673.943, 101
Trd, 4319674.693, 100
Trd, 4319676.093, 100
Trd, 4319677.593, 99
Trd, 4319679.543, 94
Trd, 4319680.943, 74
Trd, 4319681.593, 95
Trd, 4319683.893, 81
Trd, 4319684.443, 85
Trd, 4319685.743, 91
Trd, 4319685.893, 95
Trd, 4319687.743, 87
Trd, 4319691.943, 91
Trd, 4319693.343, 87
Trd, 4319694.643, 86
Trd, 4319695.093, 90
Trd, 4319696.743, 85
Trd, 4319700.943, 86
Trd, 4319704.143, 85
Trd, 4319704.443, 86
Trd, 4319705.243, 86
Trd, 4319705.643, 85
Trd, 4319707.393, 86
Trd, 4319708.393, 85
Trd, 4319710.543, 86
Trd, 4319712.543, 86
Trd, 4319713.593, 91
Trd, 4319713.843, 85
Trd, 4319714.443, 95
Trd, 4319715.193, 85
Trd, 4319715.443, 91
Trd, 4319717.393, 88
Trd, 4319718.393, 113
Trd, 4319719.793, 91
Trd, 4319720.543, 84
Trd, 4319720.793, 100
Trd, 4319722.943, 91
Trd, 4319723.093, 99
Trd, 4319723.743, 95
Trd, 4319726.393, 97
Trd, 4319727.093, 97
Trd, 4319728.543, 98
Trd, 4319730.593, 83
Trd, 4319731.643, 77
Trd, 4319732.493, 91
Trd, 4319732.543, 93
Trd, 4319738.243, 91
Trd, 4319740.143, 95
Trd, 4319741.293, 89
Trd, 4319743.393, 91
Trd, 4319743.893, 90
Trd, 4319744.793, 92
Trd, 4319745.693, 85
Trd, 4319745.943, 87
Trd, 4319747.393, 70
Trd, 4319749.343, 78
Trd, 4319749.743, 81
Trd, 4319751.193, 87
Trd, 4319754.593, 84
Trd, 4319757.193, 105
Trd, 4319757.843, 90
Trd, 4319758.543, 89
Trd, 4319759.243, 99
Trd, 4319760.443, 88
Trd, 4319761.793, 85
Trd, 4319762.793, 90
Trd, 4319764.793, 90
Trd, 4319765.093, 85
Trd, 4319766.793, 90
Trd, 4319768.593, 95
Trd, 4319770.393, 90
Trd, 4319770.593, 95
Trd, 4319771.643, 85
Trd, 4319772.593, 91
Trd, 4319775.443, 90
Trd, 4319777.593, 99
Trd, 4319779.043, 95
Trd, 4319779.743, 95
Trd, 4319782.193, 88
Trd, 4319783.993, 87
Trd, 4319788.093, 90
Trd, 4319788.743, 92
Trd, 4319788.993, 91
Trd, 4319791.393, 92
Trd, 4319791.643, 88
Trd, 4319792.093, 87
Trd, 4319794.143, 95
Trd, 4319794.343, 104
Trd, 4319799.043, 92
Trd, 4319800.743, 95
Trd, 4319804.943, 93
Trd, 4319806.243, 93
Trd, 4319807.193, 92
Trd, 4319807.893, 95
Trd, 4319808.943, 93
Trd, 4319809.543, 92
Trd, 4319810.593, 93
Trd, 4319812.443, 91
Trd, 4319812.793, 92
Trd, 4319817.243, 90
Trd, 4319818.043, 92
Trd, 4319819.193, 91
Trd, 4319819.443, 95
Trd, 4319820.143, 90
Trd, 4319821.893, 91
Trd, 4319822.893, 94
Trd, 4319824.293, 85
Trd, 4319826.993, 92
Trd, 4319827.543, 95
Trd, 4319827.793, 91
Trd, 4319828.093, 105
Trd, 4319829.943, 84
Trd, 4319830.693, 94
Trd, 4319831.743, 95
Trd, 4319832.993, 96
Trd, 4319834.943, 95
Trd, 4319835.743, 91
Trd, 4319837.643, 90
Trd, 4319839.843, 90
Trd, 4319839.893, 94
Trd, 4319840.643, 92
Trd, 4319844.993, 92
Trd, 4319845.893, 92
Trd, 4319846.243, 90
Trd, 4319846.693, 89
Trd, 4319849.143, 95
Trd, 4319849.743, 104
Trd, 4319851.343, 99
Trd, 4319852.793, 95
Trd, 4319853.243, 102
Trd, 4319855.293, 95
Trd, 4319855.743, 98
Trd, 4319856.493, 104
Trd, 4319856.643, 85
Trd, 4319857.493, 84
Trd, 4319859.943, 96
Trd, 4319861.743, 95
Trd, 4319862.243, 95
Trd, 4319863.793, 92
Trd, 4319864.043, 95
Trd, 4319865.343, 92
Trd, 4319865.993, 96
Trd, 4319867.193, 95
Trd, 4319868.543, 97
Trd, 4319870.343, 99
Trd, 4319873.793, 98
Trd, 4319874.293, 97
Trd, 4319874.393, 84
Trd, 4319874.893, 94
Trd, 4319876.443, 92
Trd, 4319878.043, 91
Trd, 4319878.793, 95
Trd, 4319880.043, 103
Trd, 4319881.293, 93
Trd, 4319883.243, 93
Trd, 4319883.793, 100
Trd, 4319884.043, 97
Trd, 4319887.793, 93
Trd, 4319888.193, 85
Trd, 4319891.693, 88
Trd, 4319892.543, 88
Trd, 4319892.743, 84
Trd, 4319893.843, 94
Trd, 4319896.843, 89
Trd, 4319898.693, 88
Trd, 4319899.043, 86
Trd, 4319900.143, 91
Trd, 4319900.393, 95
Trd, 4319908.043, 89
Trd, 4319908.243, 89
Trd, 4319909.543, 95
Trd, 4319910.143, 94
Trd, 4319910.393, 94
Trd, 4319912.193, 80
Trd, 4319912.543, 81
Trd, 4319913.643, 87
Trd, 4319914.393, 73
Trd, 4319916.993, 79
Trd, 4319918.643, 86
Trd, 4319918.693, 84
Trd, 4319919.343, 78
Trd, 4319921.143, 95
Trd, 4319923.643, 90
Trd, 4319924.493, 87
Trd, 4319925.343, 88
Trd, 4319926.643, 88
Trd, 4319927.493, 87
Trd, 4319928.693, 86
Trd, 4319931.743, 86
Trd, 4319932.743, 85
Trd, 4319933.143, 104
Trd, 4319933.543, 114
Trd, 4319937.243, 91
Trd, 4319937.743, 93
Trd, 4319941.493, 85
Trd, 4319941.743, 91
Trd, 4319945.193, 90
Trd, 4319946.593, 90
Trd, 4319949.043, 85
Trd, 4319949.943, 90
Trd, 4319950.143, 84
Trd, 4319951.293, 83
Trd, 4319952.343, 90
Trd, 4319953.193, 91
Trd, 4319954.543, 95
Trd, 4319956.493, 91
Trd, 4319956.693, 85
Trd, 4319959.693, 91
Trd, 4319963.043, 92
Trd, 4319963.543, 87
Trd, 4319964.493, 91
Trd, 4319965.843, 67
Trd, 4319966.893, 95
Trd, 4319967.893, 109
Trd, 4319968.643, 96
Trd, 4319969.243, 112
Trd, 4319969.843, 107
Trd, 4319971.943, 105
Trd, 4319974.193, 83
Trd, 4319975.143, 97
Trd, 4319977.593, 97
Trd, 4319977.743, 85
Trd, 4319978.293, 75
Trd, 4319980.143, 79
Trd, 4319980.743, 90
Trd, 4319981.243, 84
Trd, 4319982.093, 78
Trd, 4319983.293, 84
Trd, 4319984.943, 86
Trd, 4319988.193, 98
Trd, 4319988.643, 90
Trd, 4319990.393, 87
Trd, 4319991.343, 85
Trd, 4319995.993, 90
Trd, 4319996.393, 86
Trd, 4319998.143, 84
Trd, 4319999.743, 87
