Trd, 4317859.593, 92
Trd, 4317861.043, 95
Trd, 4317861.743, 96
Trd, 4317862.993, 95
Trd, 4317864.443, 94
Trd, 4317864.993, 93
Trd, 4317866.743, 93
Trd, 4317868.343, 92
Trd, 4317869.243, 95
Trd, 4317872.193, 104
Trd, 4317874.643, 91
Trd, 4317875.743, 89
Trd, 4317876.493, 93
Trd, 4317878.743, 90
Trd, 4317880.293, 90
Trd, 4317882.093, 91
Trd, 4317883.943, 90
Trd, 4317884.143, 96
Trd, 4317885.693, 89
Trd, 4317886.093, 96
Trd, 4317890.493, 88
Trd, 4317891.093, 89
Trd, 4317893.543, 94
Trd, 4317894.643, 90
Trd, 4317895.743, 93
Trd, 4317897.243, 104
Trd, 4317897.393, 97
Trd, 4317897.743, 97
Trd, 4317898.493, 99
Trd, 4317901.343, 96
Trd, 4317901.943, 96
Trd, 4317903.393, 97
Trd, 4317903.693, 95
Trd, 4317904.093, 94
Trd, 4317904.993, 95
Trd, 4317906.843, 93
Trd, 4317906.893, 96
Trd, 4317907.093, 125
Trd, 4317911.643, 93
Trd, 4317912.243, 95
Trd, 4317912.693, 96
Trd, 4317914.093, 94
Trd, 4317916.243, 95
Trd, 4317916.643, 95
Trd, 4317917.443, 93
Trd, 4317919.243, 98
Trd, 4317920.493, 96
Trd, 4317921.593, 91
Trd, 4317921.943, 104
Trd, 4317922.193, 106
Trd, 4317922.493, 85
Trd, 4317924.743, 92
Trd, 4317925.843, 102
Trd, 4317926.293, 93
Trd, 4317929.143, 94
Trd, 4317931.043, 94
Trd, 4317931.593, 96
Trd, 4317932.043, 97
Trd, 4317935.593, 93
Trd, 4317936.743, 94
Trd, 4317937.343, 94
Trd, 4317937.793, 93
Trd, 4317939.593, 93
Trd, 4317941.593, 93
Trd, 4317942.143, 95
Trd, 4317942.293, 93
Trd, 4317944.993, 96
Trd, 4317945.693, 103
Trd, 4317948.143, 92
Trd, 4317948.843, 91
Trd, 4317950.993, 76
Trd, 4317951.493, 83
Trd, 4317951.743, 92
Trd, 4317955.093, 89
Trd, 4317955.643, 87
Trd, 4317959.043, 87
Trd, 4317959.143, 87
Trd, 4317960.193, 92
Trd, 4317960.493, 89
Trd, 4317961.493, 86
Trd, 4317963.193, 96
Trd, 4317963.243, 86
Trd, 4317964.193, 90
Trd, 4317965.843, 97
Trd, 4317970.643, 87
Trd, 4317971.343, 94
Trd, 4317972.393, 87
Trd, 4317975.743, 91
Trd, 4317976.543, 88
Trd, 4317978.243, 86
Trd, 4317978.443, 95
Trd, 4317979.143, 104
Trd, 4317980.543, 91
Trd, 4317981.043, 90
Trd, 4317981.543, 85
Trd, 4317983.943, 92
Trd, 4317985.043, 96
Trd, 4317985.743, 85
Trd, 4317985.893, 97
Trd, 4317987.643, 89
Trd, 4317988.943, 93
Trd, 4317990.693, 104
Trd, 4317993.443, 96
Trd, 4317994.943, 95
Trd, 4317995.593, 96
Trd, 4317995.993, 95
Trd, 4317997.943, 122
Trd, 4317997.993, 95
Trd, 4317998.993, 97
Trd, 4318002.543, 95
Trd, 4318006.243, 96
Trd, 4318007.393, 94
Trd, 4318007.493, 96
Trd, 4318010.043, 96
Trd, 4318010.943, 94
Trd, 4318012.843, 95
Trd, 4318016.793, 93
Trd, 4318016.893, 95
Trd, 4318017.493, 93
Trd, 4318020.743, 94
Trd, 4318021.743, 95
Trd, 4318021.793, 93
Trd, 4318021.993, 92
Trd, 4318023.943, 90
Trd, 4318024.343, 101
Trd, 4318026.343, 93
Trd, 4318027.093, 95
Trd, 4318029.793, 91
Trd, 4318030.693, 92
Trd, 4318031.143, 91
Trd, 4318031.643, 95
Trd, 4318031.943, 106
Trd, 4318034.393, 99
Trd, 4318037.643, 89
Trd, 4318042.193, 91
Trd, 4318042.943, 92
Trd, 4318044.293, 101
Trd, 4318045.943, 89
Trd, 4318046.043, 88
Trd, 4318047.293, 91
Trd, 4318048.393, 89
Trd, 4318050.293, 98
Trd, 4318051.143, 92
Trd, 4318052.993, 90
Trd, 4318054.343, 101
Trd, 4318056.343, 97
Trd, 4318056.893, 94
Trd, 4318058.393, 94
Trd, 4318060.343, 95
Trd, 4318060.493, 94
Trd, 4318061.043, 98
Trd, 4318061.743, 104
Trd, 4318063.893, 98
Trd, 4318066.693, 93
Trd, 4318067.193, 95
Trd, 4318067.493, 96
Trd, 4318068.143, 94
Trd, 4318069.043, 95
Trd, 4318070.093, 96
Trd, 4318072.393, 94
Trd, 4318072.493, 96
Trd, 4318072.893, 104
Trd, 4318073.743, 113
Trd, 4318075.143, 93
Trd, 4318077.993, 93
Trd, 4318078.143, 97
Trd, 4318080.493, 96
Trd, 4318081.343, 93
Trd, 4318081.443, 96
Trd, 4318082.943, 105
Trd, 4318083.343, 122
Trd, 4318084.893, 95
Trd, 4318086.193, 92
Trd, 4318087.443, 96
Trd, 4318090.993, 93
Trd, 4318091.643, 94
Trd, 4318093.493, 95
Trd, 4318095.243, 93
Trd, 4318096.243, 95
Trd, 4318097.343, 92
Trd, 4318099.793, 92
Trd, 4318099.893, 93
Trd, 4318100.043, 76
Trd, 4318101.843, 95
Trd, 4318105.193, 91
Trd, 4318106.493, 90
Trd, 4318106.643, 91
Trd, 4318108.443, 93
Trd, 4318109.443, 95
Trd, 4318111.093, 102
Trd, 4318112.143, 94
Trd, 4318113.293, 100
Trd, 4318114.243, 94
Trd, 4318114.793, 97
Trd, 4318115.093, 92
Trd, 4318117.243, 96
Trd, 4318119.143, 97
Trd, 4318119.343, 94
Trd, 4318120.693, 94
Trd, 4318123.593, 95
Trd, 4318124.843, 93
Trd, 4318126.993, 96
Trd, 4318127.093, 106
Trd, 4318127.543, 92
Trd, 4318128.493, 92
Trd, 4318129.543, 114
Trd, 4318131.743, 96
Trd, 4318131.993, 85
Trd, 4318132.143, 99
Trd, 4318134.443, 93
Trd, 4318134.593, 95
Trd, 4318136.043, 104
Trd, 4318136.343, 92
Trd, 4318137.593, 97
Trd, 4318138.893, 96
Trd, 4318141.793, 104
Trd, 4318142.343, 96
Trd, 4318142.993, 98
Trd, 4318145.943, 95
Trd, 4318146.093, 95
Trd, 4318148.693, 96
Trd, 4318149.743, 85
Trd, 4318150.643, 97
Trd, 4318154.543, 94
Trd, 4318155.043, 92
Trd, 4318155.443, 95
Trd, 4318156.593, 94
Trd, 4318158.293, 94
Trd, 4318159.043, 95
Trd, 4318160.943, 94
Trd, 4318162.443, 96
Trd, 4318162.893, 105
Trd, 4318164.243, 92
Trd, 4318166.893, 90
Trd, 4318169.793, 94
Trd, 4318171.743, 91
Trd, 4318172.393, 91
Trd, 4318174.743, 92
Trd, 4318174.993, 90
Trd, 4318178.893, 92
Trd, 4318179.243, 95
Trd, 4318179.843, 106
Trd, 4318180.743, 90
Trd, 4318183.643, 92
Trd, 4318184.343, 92
Trd, 4318185.243, 93
Trd, 4318185.443, 94
Trd, 4318186.093, 107
Trd, 4318187.143, 88
Trd, 4318189.443, 95
Trd, 4318190.043, 85
Trd, 4318191.493, 94
Trd, 4318192.343, 90
Trd, 4318196.393, 90
Trd, 4318197.193, 90
Trd, 4318199.293, 89
Trd, 4318199.343, 91
Trd, 4318201.743, 88
Trd, 4318202.193, 87
Trd, 4318202.693, 90
Trd, 4318203.193, 107
Trd, 4318203.293, 114
Trd, 4318204.443, 86
Trd, 4318210.793, 94
Trd, 4318211.243, 98
Trd, 4318211.893, 93
Trd, 4318212.043, 89
Trd, 4318214.743, 94
Trd, 4318216.093, 90
Trd, 4318217.543, 92
Trd, 4318220.043, 93
Trd, 4318220.143, 89
Trd, 4318222.343, 90
Trd, 4318222.743, 89
Trd, 4318224.243, 92
Trd, 4318224.493, 93
Trd, 4318225.643, 96
Trd, 4318227.693, 89
Trd, 4318229.743, 88
Trd, 4318230.743, 93
Trd, 4318230.893, 88
Trd, 4318232.843, 93
Trd, 4318234.393, 87
Trd, 4318235.743, 97
Trd, 4318236.043, 104
Trd, 4318237.643, 94
Trd, 4318243.193, 89
Trd, 4318243.243, 89
Trd, 4318244.343, 88
Trd, 4318244.543, 91
Trd, 4318246.043, 87
Trd, 4318246.093, 85
Trd, 4318246.243, 104
Trd, 4318248.843, 91
Trd, 4318248.993, 89
Trd, 4318249.593, 95
Trd, 4318252.143, 97
Trd, 4318252.543, 90
Trd, 4318254.043, 90
Trd, 4318254.093, 104
Trd, 4318255.193, 93
Trd, 4318257.943, 90
Trd, 4318259.093, 104
Trd, 4318260.043, 94
Trd, 4318260.643, 92
Trd, 4318263.793, 94
Trd, 4318264.043, 91
Trd, 4318265.493, 91
Trd, 4318265.943, 113
Trd, 4318268.493, 91
Trd, 4318269.143, 95
Trd, 4318271.093, 102
Trd, 4318272.493, 94
Trd, 4318273.943, 93
Trd, 4318274.943, 94
Trd, 4318276.293, 93
Trd, 4318276.343, 92
Trd, 4318279.193, 90
Trd, 4318279.243, 95
Trd, 4318280.093, 108
Trd, 4318280.143, 92
Trd, 4318283.143, 113
Trd, 4318283.343, 105
Trd, 4318285.243, 106
Trd, 4318287.043, 100
Trd, 4318288.643, 93
Trd, 4318289.143, 95
Trd, 4318290.493, 94
Trd, 4318292.343, 94
Trd, 4318294.243, 94
Trd, 4318294.993, 94
Trd, 4318295.693, 95
Trd, 4318296.893, 97
Trd, 4318297.943, 94
Trd, 4318298.343, 85
Trd, 4318300.043, 96
Trd, 4318300.843, 105
Trd, 4318301.343, 91
Trd, 4318303.043, 91
Trd, 4318303.843, 91
Trd, 4318304.193, 123
Trd, 4318307.543, 90
Trd, 4318307.843, 90
Trd, 4318308.793, 104
Trd, 4318311.043, 95
Trd, 4318311.093, 95
Trd, 4318311.943, 89
Trd, 4318314.343, 92
Trd, 4318316.293, 94
Trd, 4318317.243, 91
Trd, 4318317.643, 96
Trd, 4318320.843, 93
Trd, 4318322.243, 96
Trd, 4318322.643, 94
Trd, 4318324.843, 100
Trd, 4318325.243, 98
Trd, 4318325.593, 95
Trd, 4318327.643, 95
Trd, 4318327.693, 85
Trd, 4318328.843, 91
Trd, 4318329.393, 101
Trd, 4318330.143, 91
Trd, 4318330.193, 114
Trd, 4318333.893, 95
Trd, 4318335.543, 95
Trd, 4318335.843, 95
Trd, 4318336.243, 93
Trd, 4318336.843, 92
Trd, 4318342.793, 91
Trd, 4318342.893, 93
Trd, 4318343.093, 91
Trd, 4318343.343, 94
Trd, 4318345.543, 94
Trd, 4318346.243, 90
Trd, 4318348.143, 95
Trd, 4318348.643, 106
Trd, 4318352.493, 99
Trd, 4318354.393, 94
Trd, 4318354.493, 93
Trd, 4318354.643, 95
Trd, 4318355.743, 95
Trd, 4318357.843, 95
Trd, 4318358.343, 94
Trd, 4318358.893, 93
Trd, 4318361.093, 94
Trd, 4318361.793, 93
Trd, 4318364.343, 96
Trd, 4318364.643, 93
Trd, 4318366.743, 93
Trd, 4318368.293, 92
Trd, 4318369.943, 92
Trd, 4318371.893, 94
Trd, 4318372.743, 91
Trd, 4318374.043, 85
Trd, 4318375.293, 93
Trd, 4318376.293, 95
Trd, 4318377.493, 93
Trd, 4318378.843, 89
Trd, 4318379.943, 89
Trd, 4318382.843, 90
Trd, 4318383.443, 90
Trd, 4318384.093, 88
Trd, 4318384.893, 87
Trd, 4318387.743, 87
Trd, 4318388.393, 88
Trd, 4318388.893, 95
Trd, 4318389.993, 88
Trd, 4318392.743, 85
Trd, 4318393.643, 89
Trd, 4318393.993, 96
Trd, 4318395.793, 91
Trd, 4318396.093, 90
Trd, 4318396.143, 104
Trd, 4318398.843, 91
Trd, 4318400.843, 95
Trd, 4318401.243, 90
Trd, 4318403.643, 94
Trd, 4318403.943, 105
Trd, 4318404.693, 92
Trd, 4318405.393, 113
Trd, 4318406.793, 91
Trd, 4318406.893, 85
Trd, 4318407.493, 131
Trd, 4318410.243, 94
Trd, 4318411.343, 93
Trd, 4318411.793, 93
Trd, 4318413.793, 95
Trd, 4318414.593, 93
Trd, 4318415.143, 89
Trd, 4318416.093, 89
Trd, 4318417.493, 93
Trd, 4318420.593, 96
Trd, 4318421.943, 89
Trd, 4318424.193, 89
Trd, 4318426.393, 90
Trd, 4318426.993, 95
Trd, 4318427.893, 88
Trd, 4318427.993, 88
Trd, 4318428.143, 92
Trd, 4318431.293, 88
Trd, 4318431.343, 92
Trd, 4318434.593, 97
Trd, 4318435.843, 96
Trd, 4318437.143, 98
Trd, 4318438.543, 98
Trd, 4318438.593, 100
Trd, 4318440.543, 96
Trd, 4318440.893, 105
Trd, 4318444.143, 95
Trd, 4318447.043, 96
Trd, 4318447.443, 94
Trd, 4318449.393, 96
Trd, 4318450.693, 96
Trd, 4318451.743, 93
Trd, 4318451.893, 92
Trd, 4318454.643, 93
Trd, 4318454.743, 95
Trd, 4318457.443, 92
Trd, 4318459.893, 95
Trd, 4318460.643, 91
Trd, 4318461.343, 92
Trd, 4318462.143, 113
Trd, 4318462.543, 90
Trd, 4318463.593, 89
Trd, 4318468.193, 93
Trd, 4318472.043, 89
Trd, 4318472.893, 91
Trd, 4318474.643, 91
Trd, 4318474.843, 90
Trd, 4318475.643, 95
Trd, 4318478.493, 96
Trd, 4318479.343, 92
Trd, 4318480.293, 108
Trd, 4318480.693, 90
Trd, 4318481.743, 92
Trd, 4318482.243, 102
Trd, 4318482.793, 89
Trd, 4318485.493, 96
Trd, 4318486.593, 105
Trd, 4318486.793, 93
Trd, 4318489.343, 95
Trd, 4318490.043, 96
Trd, 4318493.093, 105
Trd, 4318494.093, 95
Trd, 4318494.443, 92
Trd, 4318496.243, 97
Trd, 4318498.593, 98
Trd, 4318501.193, 94
Trd, 4318501.593, 93
Trd, 4318504.193, 94
Trd, 4318504.943, 95
Trd, 4318506.293, 93
Trd, 4318509.843, 92
Trd, 4318510.743, 92
Trd, 4318510.943, 94
Trd, 4318511.543, 94
Trd, 4318517.193, 94
Trd, 4318517.543, 92
Trd, 4318519.543, 92
Trd, 4318520.093, 92
Trd, 4318520.743, 91
Trd, 4318523.693, 91
Trd, 4318523.943, 92
Trd, 4318526.343, 92
Trd, 4318527.293, 89
Trd, 4318527.643, 90
Trd, 4318528.843, 93
Trd, 4318529.943, 93
Trd, 4318531.643, 89
Trd, 4318533.493, 89
Trd, 4318534.043, 92
Trd, 4318534.193, 88
Trd, 4318534.693, 91
Trd, 4318537.393, 91
Trd, 4318539.993, 95
Trd, 4318541.793, 90
Trd, 4318542.543, 90
Trd, 4318543.243, 88
Trd, 4318545.943, 94
Trd, 4318546.243, 89
Trd, 4318547.843, 91
Trd, 4318550.593, 88
Trd, 4318550.843, 91
Trd, 4318554.443, 91
Trd, 4318556.493, 95
Trd, 4318556.893, 90
Trd, 4318557.493, 91
Trd, 4318559.093, 90
Trd, 4318561.343, 94
Trd, 4318561.893, 91
Trd, 4318564.243, 89
Trd, 4318564.443, 91
Trd, 4318565.043, 89
Trd, 4318567.643, 90
Trd, 4318569.493, 91
Trd, 4318571.993, 89
Trd, 4318572.543, 88
Trd, 4318573.193, 91
Trd, 4318574.843, 95
Trd, 4318576.693, 91
Trd, 4318577.043, 93
Trd, 4318577.143, 90
Trd, 4318578.343, 96
Trd, 4318579.443, 91
Trd, 4318580.343, 91
Trd, 4318583.843, 97
Trd, 4318584.843, 93
Trd, 4318587.043, 104
Trd, 4318589.943, 94
Trd, 4318592.543, 93
Trd, 4318592.793, 92
Trd, 4318593.743, 91
Trd, 4318594.243, 85
Trd, 4318595.193, 94
Trd, 4318599.293, 88
Trd, 4318599.793, 92
Trd, 4318600.443, 92
Trd, 4318600.543, 88
Trd, 4318600.643, 95
Trd, 4318605.993, 106
Trd, 4318606.393, 100
Trd, 4318607.043, 87
Trd, 4318610.043, 86
Trd, 4318610.943, 92
Trd, 4318612.843, 85
Trd, 4318612.943, 85
Trd, 4318614.243, 85
Trd, 4318616.493, 90
Trd, 4318616.893, 90
Trd, 4318622.343, 86
Trd, 4318622.843, 87
Trd, 4318625.193, 86
Trd, 4318625.293, 84
Trd, 4318625.543, 84
Trd, 4318626.293, 83
Trd, 4318626.643, 96
Trd, 4318627.793, 87
Trd, 4318629.743, 83
Trd, 4318632.543, 83
Trd, 4318632.843, 87
Trd, 4318635.493, 87
Trd, 4318635.593, 86
Trd, 4318635.943, 93
Trd, 4318638.293, 93
Trd, 4318639.993, 89
Trd, 4318640.743, 85
Trd, 4318642.693, 84
Trd, 4318643.193, 89
Trd, 4318643.843, 94
Trd, 4318645.693, 86
Trd, 4318647.243, 96
Trd, 4318647.593, 93
Trd, 4318649.043, 92
Trd, 4318650.393, 95
Trd, 4318652.093, 98
Trd, 4318652.993, 91
Trd, 4318653.043, 92
Trd, 4318654.193, 85
Trd, 4318654.243, 106
Trd, 4318655.443, 96
Trd, 4318655.693, 93
Trd, 4318657.493, 106
Trd, 4318659.543, 101
Trd, 4318659.693, 96
Trd, 4318661.993, 95
Trd, 4318663.843, 94
Trd, 4318664.593, 101
Trd, 4318668.393, 97
Trd, 4318668.843, 93
Trd, 4318669.393, 99
Trd, 4318670.993, 92
Trd, 4318671.743, 91
Trd, 4318674.393, 95
Trd, 4318676.643, 94
Trd, 4318677.093, 94
Trd, 4318680.743, 90
Trd, 4318681.243, 94
Trd, 4318681.443, 96
Trd, 4318683.143, 90
Trd, 4318686.243, 89
Trd, 4318686.493, 89
Trd, 4318687.193, 89
Trd, 4318687.943, 91
Trd, 4318689.943, 88
Trd, 4318691.093, 88
Trd, 4318691.643, 96
Trd, 4318692.543, 105
Trd, 4318693.993, 94
Trd, 4318694.643, 92
Trd, 4318695.293, 113
Trd, 4318695.743, 85
Trd, 4318696.593, 103
Trd, 4318700.143, 87
Trd, 4318702.943, 95
Trd, 4318704.193, 91
Trd, 4318704.493, 95
Trd, 4318706.393, 95
Trd, 4318706.843, 105
Trd, 4318707.043, 90
Trd, 4318708.543, 101
Trd, 4318713.743, 89
Trd, 4318715.293, 94
Trd, 4318715.393, 95
Trd, 4318716.293, 92
Trd, 4318716.993, 91
Trd, 4318717.693, 95
Trd, 4318718.143, 96
Trd, 4318718.993, 113
Trd, 4318722.043, 97
Trd, 4318724.543, 93
Trd, 4318724.943, 97
Trd, 4318728.743, 97
Trd, 4318728.793, 97
Trd, 4318730.393, 93
Trd, 4318730.593, 92
Trd, 4318731.543, 92
Trd, 4318732.993, 101
Trd, 4318736.343, 95
Trd, 4318738.043, 96
Trd, 4318738.843, 96
Trd, 4318739.793, 94
Trd, 4318742.593, 95
Trd, 4318744.193, 95
Trd, 4318744.993, 93
Trd, 4318746.743, 92
Trd, 4318747.343, 95
Trd, 4318750.043, 90
Trd, 4318750.793, 95
Trd, 4318751.593, 93
Trd, 4318752.143, 91
Trd, 4318752.793, 102
Trd, 4318757.943, 92
Trd, 4318758.043, 95
Trd, 4318759.643, 92
Trd, 4318761.393, 92
Trd, 4318763.493, 91
Trd, 4318763.843, 91
Trd, 4318763.893, 95
Trd, 4318764.193, 90
Trd, 4318765.443, 88
Trd, 4318767.043, 91
Trd, 4318767.743, 104
Trd, 4318771.643, 87
Trd, 4318774.643, 88
Trd, 4318774.793, 89
Trd, 4318775.243, 88
Trd, 4318776.243, 95
Trd, 4318778.793, 88
Trd, 4318779.093, 90
Trd, 4318781.593, 86
Trd, 4318782.443, 93
Trd, 4318782.893, 94
Trd, 4318783.593, 95
Trd, 4318785.493, 89
Trd, 4318786.943, 92
Trd, 4318790.543, 89
Trd, 4318791.093, 91
Trd, 4318791.943, 88
Trd, 4318793.743, 87
Trd, 4318794.193, 85
Trd, 4318794.293, 89
Trd, 4318796.693, 96
Trd, 4318796.743, 94
Trd, 4318797.443, 104
Trd, 4318797.593, 92
Trd, 4318799.043, 86
Trd, 4318801.143, 85
Trd, 4318802.993, 99
Trd, 4318803.543, 99
Trd, 4318806.793, 95
Trd, 4318807.093, 96
Trd, 4318807.243, 94
Trd, 4318808.293, 93
Trd, 4318808.693, 93
Trd, 4318809.093, 105
Trd, 4318809.443, 94
Trd, 4318811.693, 93
Trd, 4318812.993, 104
Trd, 4318815.593, 96
Trd, 4318815.943, 105
Trd, 4318817.743, 95
Trd, 4318818.343, 97
Trd, 4318820.243, 96
Trd, 4318820.493, 94
Trd, 4318821.643, 93
Trd, 4318823.043, 100
Trd, 4318824.293, 94
Trd, 4318824.593, 95
Trd, 4318826.593, 93
Trd, 4318827.343, 93
Trd, 4318828.743, 94
Trd, 4318829.693, 82
Trd, 4318830.843, 92
Trd, 4318834.543, 91
Trd, 4318838.593, 89
Trd, 4318839.293, 89
Trd, 4318840.143, 92
Trd, 4318841.193, 91
Trd, 4318844.943, 93
Trd, 4318846.943, 90
Trd, 4318847.393, 90
Trd, 4318847.793, 91
Trd, 4318849.843, 95
Trd, 4318850.643, 102
Trd, 4318852.843, 89
Trd, 4318853.543, 89
Trd, 4318853.693, 89
Trd, 4318854.043, 92
Trd, 4318856.093, 97
Trd, 4318856.393, 104
Trd, 4318857.293, 94
Trd, 4318860.043, 99
Trd, 4318861.893, 104
Trd, 4318863.143, 102
Trd, 4318863.793, 98
Trd, 4318863.843, 93
Trd, 4318865.143, 96
Trd, 4318867.243, 95
Trd, 4318867.943, 94
Trd, 4318868.443, 95
Trd, 4318868.643, 103
Trd, 4318872.993, 93
Trd, 4318873.943, 96
Trd, 4318874.543, 92
Trd, 4318875.393, 91
Trd, 4318875.943, 96
Trd, 4318876.843, 112
Trd, 4318878.043, 85
Trd, 4318878.493, 98
Trd, 4318879.593, 113
Trd, 4318881.443, 103
Trd, 4318882.743, 96
Trd, 4318883.093, 100
Trd, 4318883.493, 94
Trd, 4318884.893, 98
Trd, 4318886.243, 100
Trd, 4318886.843, 93
Trd, 4318890.143, 92
Trd, 4318890.743, 88
Trd, 4318892.393, 94
Trd, 4318892.743, 88
Trd, 4318892.943, 96
Trd, 4318898.193, 97
Trd, 4318898.743, 90
Trd, 4318899.243, 109
Trd, 4318900.593, 93
Trd, 4318901.443, 95
Trd, 4318902.993, 91
Trd, 4318904.143, 94
Trd, 4318907.643, 94
Trd, 4318907.843, 95
Trd, 4318907.943, 92
Trd, 4318908.143, 91
Trd, 4318914.193, 92
Trd, 4318915.143, 91
Trd, 4318916.893, 93
Trd, 4318916.943, 90
Trd, 4318917.593, 90
Trd, 4318919.143, 91
Trd, 4318920.843, 89
Trd, 4318923.443, 90
Trd, 4318924.743, 95
Trd, 4318926.593, 92
Trd, 4318926.643, 89
Trd, 4318928.593, 106
Trd, 4318929.843, 104
Trd, 4318930.943, 95
Trd, 4318931.793, 111
Trd, 4318932.193, 94
Trd, 4318934.243, 95
Trd, 4318935.143, 95
Trd, 4318935.693, 96
Trd, 4318936.293, 95
Trd, 4318938.093, 95
Trd, 4318940.693, 95
Trd, 4318941.293, 85
Trd, 4318942.043, 95
Trd, 4318946.393, 92
Trd, 4318946.643, 95
Trd, 4318946.993, 92
Trd, 4318948.543, 95
Trd, 4318948.693, 89
Trd, 4318949.043, 90
Trd, 4318950.593, 109
Trd, 4318952.843, 85
Trd, 4318952.993, 95
Trd, 4318955.943, 94
Trd, 4318958.193, 88
Trd, 4318958.693, 94
Trd, 4318960.643, 93
Trd, 4318962.343, 94
Trd, 4318963.393, 91
Trd, 4318965.893, 94
Trd, 4318967.193, 90
Trd, 4318967.743, 90
Trd, 4318971.643, 93
Trd, 4318973.743, 95
Trd, 4318973.843, 108
Trd, 4318974.343, 90
Trd, 4318976.593, 103
Trd, 4318977.293, 106
Trd, 4318979.643, 95
Trd, 4318982.793, 92
Trd, 4318985.293, 92
Trd, 4318985.743, 91
Trd, 4318986.693, 91
Trd, 4318986.993, 92
Trd, 4318988.193, 95
Trd, 4318988.993, 92
Trd, 4318991.043, 91
Trd, 4318991.793, 90
Trd, 4318993.693, 85
Trd, 4318994.393, 86
Trd, 4318995.293, 88
Trd, 4318999.843, 89
Trd, 4319000.393, 87
Trd, 4319001.343, 95
Trd, 4319003.243, 88
Trd, 4319003.693, 89
Trd, 4319005.693, 87
Trd, 4319006.793, 95
Trd, 4319007.393, 86
Trd, 4319009.293, 86
Trd, 4319009.843, 86
Trd, 4319014.743, 86
Trd, 4319015.843, 85
Trd, 4319016.143, 88
Trd, 4319017.793, 95
Trd, 4319021.543, 103
Trd, 4319021.593, 94
Trd, 4319022.343, 100
Trd, 4319022.593, 92
Trd, 4319023.443, 105
Trd, 4319023.843, 90
Trd, 4319026.493, 91
Trd, 4319027.193, 92
Trd, 4319027.843, 89
Trd, 4319028.443, 105
Trd, 4319028.843, 88
Trd, 4319030.993, 88
Trd, 4319034.143, 90
Trd, 4319034.693, 91
Trd, 4319035.743, 88
Trd, 4319036.443, 96
Trd, 4319038.993, 105
Trd, 4319039.943, 93
Trd, 4319040.293, 92
Trd, 4319042.743, 97
Trd, 4319043.793, 91
Trd, 4319044.143, 96
Trd, 4319044.643, 85
Trd, 4319048.693, 88
Trd, 4319049.493, 90
Trd, 4319049.743, 89
Trd, 4319050.093, 99
Trd, 4319051.293, 93
Trd, 4319051.393, 92
Trd, 4319052.643, 104
Trd, 4319053.943, 94
Trd, 4319054.893, 92
Trd, 4319057.543, 92
Trd, 4319057.843, 85
Trd, 4319058.443, 95
Trd, 4319059.393, 103
Trd, 4319062.493, 90
Trd, 4319063.443, 89
Trd, 4319064.593, 91
Trd, 4319065.543, 89
Trd, 4319068.143, 91
Trd, 4319069.793, 91
Trd, 4319070.493, 88
Trd, 4319070.843, 88
Trd, 4319071.543, 97
Trd, 4319072.393, 113
Trd, 4319075.043, 93
Trd, 4319075.843, 91
Trd, 4319076.993, 93
Trd, 4319077.143, 76
Trd, 4319079.143, 96
Trd, 4319082.243, 93
Trd, 4319082.693, 84
Trd, 4319082.793, 89
Trd, 4319084.743, 100
Trd, 4319087.043, 94
Trd, 4319088.493, 94
Trd, 4319088.743, 93
Trd, 4319089.893, 94
Trd, 4319091.443, 101
Trd, 4319095.243, 93
Trd, 4319096.093, 96
Trd, 4319096.843, 94
Trd, 4319097.693, 92
Trd, 4319099.793, 92
Trd, 4319101.043, 93
Trd, 4319101.293, 95
Trd, 4319102.193, 91
Trd, 4319102.493, 108
Trd, 4319104.293, 94
Trd, 4319104.543, 90
Trd, 4319105.893, 106
Trd, 4319108.443, 93
Trd, 4319108.693, 91
Trd, 4319109.393, 93
Trd, 4319110.843, 94
Trd, 4319113.893, 93
Trd, 4319113.993, 94
Trd, 4319115.893, 92
Trd, 4319118.593, 94
Trd, 4319119.743, 94
Trd, 4319120.393, 95
Trd, 4319121.193, 95
Trd, 4319123.543, 92
Trd, 4319125.243, 91
Trd, 4319127.043, 90
Trd, 4319128.393, 89
Trd, 4319128.643, 92
Trd, 4319131.393, 89
Trd, 4319132.593, 91
Trd, 4319132.843, 91
Trd, 4319136.593, 89
Trd, 4319136.693, 91
Trd, 4319138.443, 90
Trd, 4319140.893, 89
Trd, 4319141.793, 91
Trd, 4319142.793, 88
Trd, 4319143.743, 96
Trd, 4319144.643, 104
Trd, 4319144.793, 88
Trd, 4319148.843, 93
Trd, 4319148.893, 89
Trd, 4319149.293, 88
Trd, 4319150.093, 105
Trd, 4319154.143, 88
Trd, 4319154.193, 95
Trd, 4319155.443, 88
Trd, 4319156.943, 90
Trd, 4319159.793, 87
Trd, 4319161.093, 89
Trd, 4319161.643, 89
Trd, 4319162.543, 87
Trd, 4319163.793, 85
Trd, 4319164.643, 91
Trd, 4319165.593, 89
Trd, 4319167.043, 93
Trd, 4319168.093, 104
Trd, 4319169.143, 94
Trd, 4319172.243, 93
Trd, 4319172.643, 99
Trd, 4319173.043, 100
Trd, 4319174.893, 94
Trd, 4319175.043, 91
Trd, 4319176.293, 100
Trd, 4319179.443, 92
Trd, 4319182.393, 94
Trd, 4319182.593, 92
Trd, 4319183.143, 91
Trd, 4319184.093, 93
Trd, 4319185.093, 95
Trd, 4319186.193, 90
Trd, 4319186.343, 89
Trd, 4319190.443, 92
Trd, 4319190.493, 89
Trd, 4319192.343, 88
Trd, 4319193.543, 94
Trd, 4319194.643, 88
Trd, 4319194.843, 96
Trd, 4319196.443, 104
Trd, 4319200.443, 96
Trd, 4319200.843, 95
Trd, 4319201.693, 98
Trd, 4319201.993, 99
Trd, 4319203.093, 94
Trd, 4319203.643, 93
Trd, 4319205.293, 103
Trd, 4319206.293, 94
Trd, 4319207.293, 91
Trd, 4319210.443, 95
Trd, 4319211.643, 104
Trd, 4319213.343, 93
Trd, 4319215.893, 99
Trd, 4319217.193, 96
Trd, 4319217.593, 95
Trd, 4319220.443, 94
Trd, 4319220.543, 93
Trd, 4319221.293, 94
Trd, 4319222.393, 95
Trd, 4319224.393, 94
Trd, 4319225.143, 85
Trd, 4319228.543, 93
Trd, 4319229.193, 92
Trd, 4319229.343, 90
Trd, 4319231.293, 93
Trd, 4319231.993, 95
Trd, 4319233.143, 90
Trd, 4319233.643, 85
Trd, 4319236.343, 93
Trd, 4319239.643, 93
Trd, 4319239.843, 89
Trd, 4319242.243, 90
Trd, 4319242.543, 94
Trd, 4319243.943, 95
Trd, 4319244.343, 90
Trd, 4319245.593, 92
Trd, 4319245.743, 93
Trd, 4319247.393, 93
Trd, 4319247.943, 91
Trd, 4319250.193, 94
Trd, 4319251.143, 92
Trd, 4319253.243, 91
Trd, 4319254.193, 91
Trd, 4319254.493, 92
Trd, 4319254.693, 92
Trd, 4319259.193, 90
Trd, 4319259.793, 96
Trd, 4319262.743, 92
Trd, 4319265.443, 96
Trd, 4319265.943, 104
Trd, 4319267.643, 94
Trd, 4319268.343, 97
Trd, 4319268.593, 93
Trd, 4319269.043, 98
Trd, 4319271.343, 92
Trd, 4319272.943, 95
Trd, 4319273.543, 101
Trd, 4319276.193, 96
Trd, 4319277.193, 94
Trd, 4319278.193, 97
Trd, 4319281.193, 94
Trd, 4319281.843, 92
Trd, 4319282.693, 91
Trd, 4319284.893, 93
Trd, 4319287.593, 93
Trd, 4319287.843, 91
Trd, 4319290.943, 93
Trd, 4319292.793, 93
Trd, 4319293.893, 93
Trd, 4319294.943, 91
Trd, 4319295.493, 86
Trd, 4319296.743, 93
Trd, 4319297.993, 95
Trd, 4319298.793, 92
Trd, 4319300.143, 85
Trd, 4319305.043, 92
Trd, 4319305.493, 89
Trd, 4319305.943, 96
Trd, 4319307.093, 104
Trd, 4319308.793, 96
Trd, 4319309.993, 94
Trd, 4319310.843, 94
Trd, 4319312.593, 99
Trd, 4319313.793, 94
Trd, 4319314.493, 103
Trd, 4319315.993, 93
Trd, 4319317.693, 93
Trd, 4319319.343, 92
Trd, 4319319.593, 91
Trd, 4319321.093, 92
Trd, 4319321.343, 85
Trd, 4319322.143, 94
Trd, 4319322.693, 76
Trd, 4319323.043, 95
Trd, 4319328.293, 89
Trd, 4319328.693, 88
Trd, 4319328.743, 96
Trd, 4319328.843, 87
Trd, 4319330.193, 90
Trd, 4319332.893, 91
Trd, 4319333.343, 104
Trd, 4319334.693, 101
Trd, 4319335.193, 89
Trd, 4319336.743, 89
Trd, 4319338.243, 95
Trd, 4319338.493, 100
Trd, 4319338.693, 104
Trd, 4319340.043, 110
Trd, 4319341.593, 94
Trd, 4319341.893, 91
Trd, 4319346.493, 93
Trd, 4319346.643, 96
Trd, 4319347.643, 93
Trd, 4319348.843, 96
Trd, 4319349.793, 91
Trd, 4319350.943, 96
Trd, 4319351.493, 91
Trd, 4319352.643, 86
Trd, 4319355.293, 100
Trd, 4319355.993, 96
Trd, 4319356.393, 95
Trd, 4319358.093, 94
Trd, 4319361.093, 93
Trd, 4319362.543, 92
Trd, 4319362.943, 94
Trd, 4319364.143, 92
Trd, 4319364.693, 92
Trd, 4319365.243, 94
Trd, 4319365.643, 95
Trd, 4319367.743, 103
Trd, 4319369.943, 97
Trd, 4319370.793, 103
Trd, 4319372.343, 104
Trd, 4319373.443, 95
Trd, 4319374.543, 103
Trd, 4319377.693, 97
Trd, 4319379.943, 93
Trd, 4319381.993, 94
Trd, 4319382.643, 93
Trd, 4319383.243, 95
Trd, 4319385.243, 94
Trd, 4319385.493, 95
Trd, 4319386.593, 91
Trd, 4319387.193, 95
Trd, 4319387.993, 90
Trd, 4319391.543, 93
Trd, 4319392.593, 94
Trd, 4319392.793, 95
Trd, 4319394.443, 95
Trd, 4319394.843, 93
Trd, 4319399.393, 91
Trd, 4319400.293, 93
Trd, 4319401.543, 94
Trd, 4319403.893, 95
Trd, 4319405.343, 90
Trd, 4319405.643, 93
Trd, 4319408.593, 93
Trd, 4319409.143, 89
Trd, 4319409.543, 94
Trd, 4319411.993, 104
Trd, 4319412.493, 88
Trd, 4319412.543, 87
Trd, 4319413.993, 86
Trd, 4319418.443, 93
Trd, 4319419.493, 85
Trd, 4319421.993, 96
Trd, 4319422.343, 103
Trd, 4319423.143, 90
Trd, 4319426.293, 94
Trd, 4319427.443, 96
Trd, 4319428.243, 96
Trd, 4319431.693, 97
Trd, 4319432.943, 95
Trd, 4319433.243, 94
Trd, 4319433.343, 93
Trd, 4319435.293, 96
Trd, 4319437.493, 95
Trd, 4319438.543, 93
Trd, 4319438.743, 93
Trd, 4319441.943, 95
Trd, 4319442.893, 92
Trd, 4319445.743, 93
Trd, 4319446.143, 91
Trd, 4319447.043, 93
Trd, 4319448.643, 91
Trd, 4319449.893, 91
Trd, 4319450.493, 94
Trd, 4319451.893, 95
Trd, 4319453.643, 91
Trd, 4319455.893, 91
Trd, 4319455.993, 85
Trd, 4319457.043, 92
Trd, 4319462.193, 95
Trd, 4319464.093, 88
Trd, 4319465.693, 89
Trd, 4319465.843, 92
Trd, 4319466.693, 113
Trd, 4319468.193, 87
Trd, 4319468.243, 87
Trd, 4319470.893, 93
Trd, 4319471.793, 100
Trd, 4319473.693, 94
Trd, 4319474.043, 94
Trd, 4319475.643, 97
Trd, 4319475.893, 93
Trd, 4319477.843, 87
Trd, 4319479.693, 91
Trd, 4319479.793, 98
Trd, 4319481.993, 90
Trd, 4319485.293, 91
Trd, 4319486.843, 91
Trd, 4319488.493, 89
Trd, 4319488.743, 89
Trd, 4319490.143, 91
Trd, 4319492.493, 97
Trd, 4319493.993, 90
Trd, 4319495.443, 90
Trd, 4319495.693, 89
Trd, 4319497.343, 89
Trd, 4319497.793, 89
Trd, 4319497.943, 97
Trd, 4319499.243, 94
Trd, 4319501.043, 91
Trd, 4319501.393, 102
Trd, 4319503.793, 99
Trd, 4319505.993, 102
Trd, 4319506.093, 112
Trd, 4319506.493, 98
Trd, 4319508.993, 97
Trd, 4319509.743, 98
Trd, 4319509.943, 98
Trd, 4319510.843, 96
Trd, 4319513.743, 94
Trd, 4319514.143, 99
Trd, 4319519.643, 98
Trd, 4319521.893, 95
Trd, 4319522.293, 93
Trd, 4319522.943, 85
Trd, 4319523.193, 96
Trd, 4319524.743, 93
Trd, 4319526.043, 94
Trd, 4319527.793, 92
Trd, 4319529.243, 91
Trd, 4319529.343, 91
Trd, 4319530.993, 92
Trd, 4319534.343, 91
Trd, 4319534.843, 95
Trd, 4319535.343, 105
Trd, 4319535.993, 90
Trd, 4319540.293, 89
Trd, 4319541.193, 92
Trd, 4319541.943, 90
Trd, 4319542.893, 92
Trd, 4319543.593, 101
Trd, 4319544.893, 99
Trd, 4319545.243, 96
Trd, 4319547.093, 104
Trd, 4319547.993, 94
Trd, 4319548.843, 95
Trd, 4319549.093, 94
Trd, 4319550.193, 100
Trd, 4319553.793, 98
Trd, 4319555.543, 95
Trd, 4319556.193, 113
Trd, 4319557.443, 94
Trd, 4319559.943, 93
Trd, 4319560.343, 93
Trd, 4319561.093, 95
Trd, 4319562.143, 92
Trd, 4319562.543, 96
Trd, 4319564.593, 92
Trd, 4319565.343, 93
Trd, 4319566.343, 93
Trd, 4319568.193, 104
Trd, 4319569.143, 93
Trd, 4319571.493, 93
Trd, 4319572.293, 92
Trd, 4319572.693, 94
Trd, 4319572.893, 95
Trd, 4319575.793, 94
Trd, 4319577.343, 92
Trd, 4319578.393, 92
Trd, 4319579.193, 85
Trd, 4319581.893, 94
Trd, 4319582.343, 95
Trd, 4319583.043, 89
Trd, 4319584.243, 94
Trd, 4319586.543, 102
Trd, 4319586.693, 89
Trd, 4319587.593, 92
Trd, 4319591.493, 98
Trd, 4319592.293, 95
Trd, 4319592.943, 95
Trd, 4319594.443, 94
Trd, 4319594.743, 94
Trd, 4319595.393, 94
Trd, 4319597.593, 95
Trd, 4319599.643, 104
Trd, 4319601.193, 100
Trd, 4319602.693, 96
Trd, 4319603.443, 102
Trd, 4319604.243, 94
Trd, 4319605.843, 95
Trd, 4319607.143, 76
Trd, 4319608.893, 86
Trd, 4319609.343, 86
Trd, 4319609.993, 77
Trd, 4319611.293, 86
Trd, 4319611.793, 97
Trd, 4319612.393, 87
Trd, 4319613.543, 85
Trd, 4319614.743, 103
Trd, 4319617.643, 89
Trd, 4319619.843, 96
Trd, 4319621.043, 89
Trd, 4319621.493, 109
Trd, 4319627.193, 91
Trd, 4319627.243, 90
Trd, 4319628.393, 76
Trd, 4319628.793, 88
Trd, 4319630.293, 88
Trd, 4319631.543, 84
Trd, 4319633.143, 93
Trd, 4319634.543, 94
Trd, 4319635.243, 92
Trd, 4319637.243, 92
Trd, 4319637.443, 95
Trd, 4319637.543, 91
Trd, 4319640.143, 104
Trd, 4319640.493, 85
Trd, 4319642.743, 94
Trd, 4319643.143, 91
Trd, 4319643.743, 106
Trd, 4319643.843, 92
Trd, 4319646.743, 120
Trd, 4319647.993, 101
Trd, 4319648.793, 95
Trd, 4319650.543, 101
Trd, 4319651.543, 108
Trd, 4319652.043, 100
Trd, 4319652.943, 99
Trd, 4319653.443, 92
Trd, 4319655.393, 97
Trd, 4319656.593, 96
Trd, 4319659.243, 97
Trd, 4319662.443, 96
Trd, 4319663.643, 94
Trd, 4319663.793, 97
Trd, 4319664.193, 98
Trd, 4319665.643, 95
Trd, 4319667.743, 92
Trd, 4319668.743, 86
Trd, 4319669.093, 93
Trd, 4319669.993, 106
Trd, 4319671.843, 85
Trd, 4319675.293, 91
Trd, 4319675.743, 90
Trd, 4319676.743, 91
Trd, 4319676.843, 89
Trd, 4319677.343, 95
Trd, 4319678.593, 91
Trd, 4319679.543, 88
Trd, 4319681.493, 87
Trd, 4319681.593, 91
Trd, 4319683.793, 87
Trd, 4319685.543, 95
Trd, 4319685.643, 107
Trd, 4319687.543, 91
Trd, 4319689.443, 92
Trd, 4319689.543, 95
Trd, 4319689.993, 85
Trd, 4319692.593, 90
Trd, 4319695.093, 91
Trd, 4319695.393, 95
Trd, 4319695.843, 88
Trd, 4319696.343, 87
Trd, 4319699.043, 86
Trd, 4319702.443, 85
Trd, 4319702.943, 88
Trd, 4319703.093, 95
Trd, 4319703.893, 84
Trd, 4319705.693, 92
Trd, 4319706.143, 107
Trd, 4319706.393, 84
Trd, 4319711.693, 85
Trd, 4319712.743, 90
Trd, 4319713.893, 84
Trd, 4319714.543, 100
Trd, 4319717.793, 84
Trd, 4319720.843, 83
Trd, 4319722.343, 83
Trd, 4319723.093, 86
Trd, 4319727.843, 86
Trd, 4319728.943, 83
Trd, 4319731.043, 85
Trd, 4319736.293, 85
Trd, 4319737.793, 82
Trd, 4319739.393, 82
Trd, 4319740.393, 93
Trd, 4319740.893, 99
Trd, 4319742.743, 87
Trd, 4319747.043, 86
Trd, 4319748.493, 82
Trd, 4319749.443, 97
Trd, 4319750.493, 82
Trd, 4319753.093, 87
Trd, 4319755.443, 87
Trd, 4319756.193, 90
Trd, 4319757.043, 87
Trd, 4319757.243, 86
Trd, 4319757.393, 96
Trd, 4319761.393, 95
Trd, 4319761.943, 92
Trd, 4319762.743, 92
Trd, 4319763.293, 92
Trd, 4319764.143, 102
Trd, 4319766.093, 91
Trd, 4319766.393, 90
Trd, 4319768.643, 89
Trd, 4319771.143, 92
Trd, 4319771.843, 92
Trd, 4319772.693, 95
Trd, 4319772.743, 104
Trd, 4319773.793, 91
Trd, 4319776.243, 96
Trd, 4319778.193, 101
Trd, 4319778.343, 100
Trd, 4319779.843, 94
Trd, 4319783.043, 92
Trd, 4319783.743, 94
Trd, 4319785.493, 94
Trd, 4319786.193, 95
Trd, 4319786.343, 92
Trd, 4319787.293, 85
Trd, 4319788.243, 91
Trd, 4319788.293, 104
Trd, 4319789.543, 112
Trd, 4319791.893, 105
Trd, 4319792.343, 99
Trd, 4319793.643, 105
Trd, 4319793.743, 91
Trd, 4319795.043, 101
Trd, 4319795.143, 95
Trd, 4319797.693, 101
Trd, 4319798.393, 94
Trd, 4319802.143, 94
Trd, 4319804.493, 96
Trd, 4319804.643, 105
Trd, 4319806.543, 93
Trd, 4319810.093, 94
Trd, 4319813.293, 93
Trd, 4319815.793, 94
Trd, 4319816.243, 92
Trd, 4319819.193, 91
Trd, 4319819.793, 94
Trd, 4319821.093, 91
Trd, 4319821.593, 94
Trd, 4319824.493, 90
Trd, 4319826.293, 89
Trd, 4319827.143, 94
Trd, 4319828.143, 94
Trd, 4319829.943, 88
Trd, 4319830.743, 87
Trd, 4319834.043, 86
Trd, 4319836.443, 93
Trd, 4319837.443, 94
Trd, 4319837.893, 91
Trd, 4319840.443, 92
Trd, 4319840.793, 95
Trd, 4319841.493, 86
Trd, 4319841.593, 96
Trd, 4319843.593, 92
Trd, 4319846.993, 92
Trd, 4319847.493, 86
Trd, 4319848.743, 85
Trd, 4319849.043, 88
Trd, 4319850.343, 89
Trd, 4319850.793, 85
Trd, 4319851.643, 89
Trd, 4319854.543, 91
Trd, 4319855.793, 104
Trd, 4319856.843, 91
Trd, 4319857.493, 99
Trd, 4319858.643, 106
Trd, 4319859.293, 91
Trd, 4319861.793, 93
Trd, 4319863.393, 90
Trd, 4319865.693, 91
Trd, 4319866.043, 86
Trd, 4319866.893, 88
Trd, 4319867.093, 87
Trd, 4319867.493, 96
Trd, 4319867.693, 105
Trd, 4319871.293, 104
Trd, 4319872.693, 93
Trd, 4319873.643, 92
Trd, 4319874.443, 92
Trd, 4319876.143, 93
Trd, 4319876.193, 95
Trd, 4319876.593, 91
Trd, 4319879.643, 91
Trd, 4319880.043, 90
Trd, 4319880.143, 90
Trd, 4319881.793, 91
Trd, 4319883.443, 94
Trd, 4319884.143, 113
Trd, 4319887.043, 93
Trd, 4319888.193, 103
Trd, 4319889.343, 95
Trd, 4319889.593, 94
Trd, 4319891.093, 107
Trd, 4319894.343, 105
Trd, 4319894.543, 93
Trd, 4319896.793, 98
Trd, 4319896.943, 105
Trd, 4319897.343, 93
Trd, 4319898.593, 105
Trd, 4319900.143, 99
Trd, 4319901.193, 96
Trd, 4319901.443, 99
Trd, 4319906.093, 98
Trd, 4319906.193, 85
Trd, 4319908.643, 96
Trd, 4319910.043, 96
Trd, 4319910.293, 92
Trd, 4319910.443, 91
Trd, 4319913.093, 90
Trd, 4319913.343, 85
Trd, 4319915.643, 94
Trd, 4319918.193, 88
Trd, 4319918.993, 89
Trd, 4319919.643, 91
Trd, 4319919.893, 95
Trd, 4319920.893, 89
Trd, 4319923.393, 91
Trd, 4319927.093, 105
Trd, 4319927.993, 89
Trd, 4319928.093, 88
Trd, 4319928.443, 90
Trd, 4319930.543, 90
Trd, 4319933.343, 88
Trd, 4319933.993, 89
Trd, 4319936.343, 95
Trd, 4319936.843, 96
Trd, 4319936.943, 90
Trd, 4319940.143, 90
Trd, 4319940.243, 90
Trd, 4319940.993, 97
Trd, 4319942.743, 104
Trd, 4319944.593, 89
Trd, 4319945.843, 87
Trd, 4319948.993, 89
Trd, 4319949.943, 90
Trd, 4319952.543, 89
Trd, 4319952.643, 88
Trd, 4319954.693, 89
Trd, 4319955.643, 92
Trd, 4319955.743, 89
Trd, 4319957.193, 105
Trd, 4319962.993, 88
Trd, 4319963.093, 90
Trd, 4319963.643, 88
Trd, 4319964.443, 88
Trd, 4319968.343, 91
Trd, 4319968.443, 89
Trd, 4319969.093, 96
Trd, 4319969.243, 104
Trd, 4319971.393, 97
Trd, 4319973.143, 104
Trd, 4319973.343, 94
Trd, 4319973.793, 93
Trd, 4319975.843, 93
Trd, 4319975.943, 85
Trd, 4319976.093, 96
Trd, 4319976.543, 99
Trd, 4319976.943, 83
Trd, 4319979.643, 94
Trd, 4319982.493, 97
Trd, 4319983.593, 94
Trd, 4319984.143, 95
Trd, 4319985.093, 93
Trd, 4319985.493, 93
Trd, 4319987.293, 95
Trd, 4319988.643, 92
Trd, 4319989.793, 93
Trd, 4319991.643, 92
Trd, 4319992.193, 93
Trd, 4319993.843, 91
Trd, 4319994.993, 95
Trd, 4319997.593, 93
Trd, 4319999.243, 104
