Trd, 4317802.143, 100
Trd, 4317803.743, 99
Trd, 4317803.993, 99
Trd, 4317805.493, 97
Trd, 4317806.193, 95
Trd, 4317807.143, 96
Trd, 4317807.593, 95
Trd, 4317811.193, 94
Trd, 4317812.343, 93
Trd, 4317812.543, 94
Trd, 4317815.793, 93
Trd, 4317815.993, 93
Trd, 4317818.343, 92
Trd, 4317821.193, 92
Trd, 4317822.593, 93
Trd, 4317823.743, 93
Trd, 4317825.593, 92
Trd, 4317828.793, 92
Trd, 4317829.193, 91
Trd, 4317831.293, 90
Trd, 4317832.643, 91
Trd, 4317832.793, 90
Trd, 4317833.643, 91
Trd, 4317834.893, 90
Trd, 4317835.293, 90
Trd, 4317837.643, 89
Trd, 4317840.743, 90
Trd, 4317841.343, 89
Trd, 4317844.393, 89
Trd, 4317844.893, 88
Trd, 4317845.543, 88
Trd, 4317846.393, 87
Trd, 4317848.743, 88
Trd, 4317851.343, 88
Trd, 4317851.743, 87
Trd, 4317853.393, 86
Trd, 4317855.043, 86
Trd, 4317855.693, 87
Trd, 4317858.043, 87
Trd, 4317860.293, 86
Trd, 4317860.843, 85
Trd, 4317863.193, 83
Trd, 4317865.793, 85
Trd, 4317866.243, 86
Trd, 4317868.093, 85
Trd, 4317868.193, 84
Trd, 4317870.393, 94
Trd, 4317870.543, 92
Trd, 4317872.293, 94
Trd, 4317876.343, 94
Trd, 4317876.593, 93
Trd, 4317877.543, 93
Trd, 4317882.043, 93
Trd, 4317884.343, 92
Trd, 4317884.393, 92
Trd, 4317886.043, 92
Trd, 4317886.943, 78
Trd, 4317887.193, 87
Trd, 4317889.093, 87
Trd, 4317892.593, 94
Trd, 4317894.243, 95
Trd, 4317895.543, 94
Trd, 4317896.493, 93
Trd, 4317897.043, 93
Trd, 4317899.243, 92
Trd, 4317902.493, 92
Trd, 4317905.843, 91
Trd, 4317905.993, 91
Trd, 4317906.343, 91
Trd, 4317907.243, 91
Trd, 4317909.743, 90
Trd, 4317909.893, 90
Trd, 4317910.593, 89
Trd, 4317913.343, 87
Trd, 4317913.393, 77
Trd, 4317916.943, 85
Trd, 4317917.993, 85
Trd, 4317919.693, 86
Trd, 4317921.543, 92
Trd, 4317922.693, 94
Trd, 4317923.443, 94
Trd, 4317926.293, 95
Trd, 4317928.043, 96
Trd, 4317929.443, 95
Trd, 4317930.143, 95
Trd, 4317930.993, 95
Trd, 4317934.043, 94
Trd, 4317935.393, 95
Trd, 4317936.243, 94
Trd, 4317937.393, 93
Trd, 4317939.793, 92
Trd, 4317943.243, 91
Trd, 4317943.343, 90
Trd, 4317944.693, 90
Trd, 4317944.993, 89
Trd, 4317946.743, 88
Trd, 4317949.343, 89
Trd, 4317949.693, 88
Trd, 4317951.043, 87
Trd, 4317953.043, 87
Trd, 4317953.943, 87
Trd, 4317954.743, 86
Trd, 4317958.243, 95
Trd, 4317958.493, 94
Trd, 4317960.693, 92
Trd, 4317961.843, 92
Trd, 4317963.293, 91
Trd, 4317965.793, 90
Trd, 4317966.443, 91
Trd, 4317966.993, 89
Trd, 4317967.243, 89
Trd, 4317968.893, 88
Trd, 4317972.993, 88
Trd, 4317975.393, 88
Trd, 4317975.543, 89
Trd, 4317976.343, 88
Trd, 4317978.043, 87
Trd, 4317982.793, 88
Trd, 4317984.193, 88
Trd, 4317984.743, 89
Trd, 4317986.043, 88
Trd, 4317990.643, 88
Trd, 4317990.993, 87
Trd, 4317992.493, 87
Trd, 4317992.593, 88
Trd, 4317996.443, 89
Trd, 4317997.193, 88
Trd, 4317997.493, 87
Trd, 4318000.143, 89
Trd, 4318000.293, 88
Trd, 4318003.143, 87
Trd, 4318004.493, 86
Trd, 4318004.543, 86
Trd, 4318007.143, 87
Trd, 4318008.743, 86
Trd, 4318010.393, 87
Trd, 4318013.293, 88
Trd, 4318013.693, 88
Trd, 4318014.943, 88
Trd, 4318015.643, 88
Trd, 4318017.443, 88
Trd, 4318017.793, 87
Trd, 4318023.493, 87
Trd, 4318026.543, 86
Trd, 4318026.993, 86
Trd, 4318028.493, 87
Trd, 4318029.093, 86
Trd, 4318031.143, 86
Trd, 4318032.593, 86
Trd, 4318033.693, 87
Trd, 4318034.293, 86
Trd, 4318036.843, 86
Trd, 4318041.643, 86
Trd, 4318042.693, 87
Trd, 4318043.343, 87
Trd, 4318044.243, 85
Trd, 4318045.493, 87
Trd, 4318048.993, 88
Trd, 4318050.093, 88
Trd, 4318052.843, 87
Trd, 4318052.943, 88
Trd, 4318054.093, 86
Trd, 4318055.393, 86
Trd, 4318055.743, 87
Trd, 4318060.393, 86
Trd, 4318060.693, 87
Trd, 4318062.093, 86
Trd, 4318063.743, 86
Trd, 4318067.343, 86
Trd, 4318069.243, 86
Trd, 4318071.043, 86
Trd, 4318072.093, 87
Trd, 4318074.743, 87
Trd, 4318079.043, 86
Trd, 4318081.043, 87
Trd, 4318081.143, 86
Trd, 4318082.493, 86
Trd, 4318084.493, 86
Trd, 4318086.243, 85
Trd, 4318087.643, 86
Trd, 4318090.943, 87
Trd, 4318091.393, 87
Trd, 4318092.993, 89
Trd, 4318093.943, 92
Trd, 4318098.543, 92
Trd, 4318099.743, 92
Trd, 4318101.893, 91
Trd, 4318102.243, 91
Trd, 4318102.843, 92
Trd, 4318104.343, 91
Trd, 4318108.543, 95
Trd, 4318108.743, 94
Trd, 4318110.043, 94
Trd, 4318110.943, 95
Trd, 4318113.843, 93
Trd, 4318118.093, 95
Trd, 4318118.643, 93
Trd, 4318119.343, 93
Trd, 4318123.143, 94
Trd, 4318124.543, 93
Trd, 4318126.693, 94
Trd, 4318128.093, 93
Trd, 4318128.243, 94
Trd, 4318130.393, 93
Trd, 4318130.593, 92
Trd, 4318135.093, 93
Trd, 4318138.143, 91
Trd, 4318138.443, 91
Trd, 4318140.043, 91
Trd, 4318140.393, 90
Trd, 4318142.893, 90
Trd, 4318143.843, 90
Trd, 4318145.393, 90
Trd, 4318149.243, 90
Trd, 4318149.943, 89
Trd, 4318151.743, 88
Trd, 4318153.093, 89
Trd, 4318154.643, 91
Trd, 4318156.393, 91
Trd, 4318158.343, 91
Trd, 4318159.493, 92
Trd, 4318162.193, 91
Trd, 4318162.343, 91
Trd, 4318162.993, 91
Trd, 4318165.093, 92
Trd, 4318166.743, 92
Trd, 4318169.543, 91
Trd, 4318170.543, 91
Trd, 4318173.293, 90
Trd, 4318173.593, 91
Trd, 4318175.093, 89
Trd, 4318177.393, 88
Trd, 4318179.393, 89
Trd, 4318179.493, 87
Trd, 4318180.893, 89
Trd, 4318184.743, 95
Trd, 4318184.843, 95
Trd, 4318187.293, 94
Trd, 4318187.843, 93
Trd, 4318190.093, 94
Trd, 4318191.343, 93
Trd, 4318192.793, 94
Trd, 4318193.343, 93
Trd, 4318193.843, 96
Trd, 4318195.993, 96
Trd, 4318200.743, 96
Trd, 4318201.493, 96
Trd, 4318201.993, 95
Trd, 4318202.443, 95
Trd, 4318203.943, 96
Trd, 4318206.593, 95
Trd, 4318210.443, 94
Trd, 4318211.143, 93
Trd, 4318213.593, 94
Trd, 4318214.043, 93
Trd, 4318214.393, 93
Trd, 4318214.893, 93
Trd, 4318215.493, 93
Trd, 4318217.243, 91
Trd, 4318217.343, 91
Trd, 4318220.093, 92
Trd, 4318221.543, 91
Trd, 4318226.193, 91
Trd, 4318226.843, 90
Trd, 4318229.543, 91
Trd, 4318230.993, 90
Trd, 4318231.643, 91
Trd, 4318231.993, 91
Trd, 4318234.143, 90
Trd, 4318234.693, 90
Trd, 4318236.193, 90
Trd, 4318237.543, 92
Trd, 4318238.943, 93
Trd, 4318240.143, 92
Trd, 4318241.343, 92
Trd, 4318242.643, 92
Trd, 4318246.893, 93
Trd, 4318250.693, 93
Trd, 4318250.993, 92
Trd, 4318251.343, 92
Trd, 4318255.643, 92
Trd, 4318257.493, 91
Trd, 4318258.393, 91
Trd, 4318259.443, 91
Trd, 4318261.543, 94
Trd, 4318262.293, 93
Trd, 4318264.343, 92
Trd, 4318267.243, 93
Trd, 4318268.193, 92
Trd, 4318272.443, 93
Trd, 4318273.093, 91
Trd, 4318273.443, 91
Trd, 4318277.493, 90
Trd, 4318280.943, 90
Trd, 4318281.943, 89
Trd, 4318283.393, 89
Trd, 4318284.393, 88
Trd, 4318285.693, 90
Trd, 4318286.893, 88
Trd, 4318287.343, 87
Trd, 4318287.543, 86
Trd, 4318290.443, 86
Trd, 4318294.193, 86
Trd, 4318295.043, 86
Trd, 4318297.343, 86
Trd, 4318297.543, 87
Trd, 4318299.193, 86
Trd, 4318300.093, 86
Trd, 4318301.843, 87
Trd, 4318302.843, 89
Trd, 4318304.843, 93
Trd, 4318306.393, 92
Trd, 4318307.743, 92
Trd, 4318309.193, 90
Trd, 4318310.643, 90
Trd, 4318311.343, 90
Trd, 4318313.343, 90
Trd, 4318315.143, 91
Trd, 4318317.443, 90
Trd, 4318320.543, 90
Trd, 4318322.743, 90
Trd, 4318323.843, 90
Trd, 4318324.593, 89
Trd, 4318324.793, 89
Trd, 4318326.843, 88
Trd, 4318328.493, 89
Trd, 4318329.343, 88
Trd, 4318331.243, 88
Trd, 4318333.993, 88
Trd, 4318337.793, 90
Trd, 4318340.243, 89
Trd, 4318340.643, 89
Trd, 4318341.943, 89
Trd, 4318342.893, 89
Trd, 4318343.743, 89
Trd, 4318345.493, 89
Trd, 4318347.793, 88
Trd, 4318348.243, 87
Trd, 4318352.043, 88
Trd, 4318352.693, 87
Trd, 4318352.793, 87
Trd, 4318353.543, 86
Trd, 4318354.793, 85
Trd, 4318358.393, 87
Trd, 4318360.543, 86
Trd, 4318360.893, 86
Trd, 4318360.943, 86
Trd, 4318363.043, 89
Trd, 4318364.243, 89
Trd, 4318364.943, 89
Trd, 4318366.293, 88
Trd, 4318368.093, 86
Trd, 4318368.693, 84
Trd, 4318368.943, 85
Trd, 4318373.643, 94
Trd, 4318374.243, 96
Trd, 4318376.443, 96
Trd, 4318377.893, 95
Trd, 4318378.143, 93
Trd, 4318378.743, 94
Trd, 4318381.893, 93
Trd, 4318382.043, 92
Trd, 4318382.693, 92
Trd, 4318385.343, 94
Trd, 4318385.893, 94
Trd, 4318387.493, 95
Trd, 4318387.643, 94
Trd, 4318390.693, 94
Trd, 4318394.143, 94
Trd, 4318394.743, 93
Trd, 4318395.393, 77
Trd, 4318396.593, 87
Trd, 4318399.443, 87
Trd, 4318402.693, 88
Trd, 4318404.993, 94
Trd, 4318406.993, 94
Trd, 4318407.293, 94
Trd, 4318408.743, 96
Trd, 4318411.093, 96
Trd, 4318411.843, 95
Trd, 4318414.143, 95
Trd, 4318415.493, 93
Trd, 4318416.743, 92
Trd, 4318417.643, 91
Trd, 4318418.743, 90
Trd, 4318420.693, 90
Trd, 4318422.093, 90
Trd, 4318430.443, 89
Trd, 4318430.693, 89
Trd, 4318432.443, 89
Trd, 4318432.643, 90
Trd, 4318433.793, 89
Trd, 4318435.143, 90
Trd, 4318435.893, 92
Trd, 4318439.793, 92
Trd, 4318440.643, 90
Trd, 4318444.943, 91
Trd, 4318445.543, 90
Trd, 4318446.793, 91
Trd, 4318450.443, 90
Trd, 4318451.493, 89
Trd, 4318452.643, 88
Trd, 4318453.793, 88
Trd, 4318454.993, 86
Trd, 4318455.643, 85
Trd, 4318457.043, 89
Trd, 4318457.993, 89
Trd, 4318458.693, 88
Trd, 4318460.893, 89
Trd, 4318462.393, 86
Trd, 4318464.343, 89
Trd, 4318465.393, 89
Trd, 4318465.843, 89
Trd, 4318469.993, 89
Trd, 4318470.593, 88
Trd, 4318471.043, 88
Trd, 4318471.493, 87
Trd, 4318474.443, 86
Trd, 4318475.593, 86
Trd, 4318475.993, 86
Trd, 4318478.543, 85
Trd, 4318479.243, 85
Trd, 4318479.393, 86
Trd, 4318482.493, 88
Trd, 4318484.043, 87
Trd, 4318484.943, 88
Trd, 4318486.243, 89
Trd, 4318487.943, 92
Trd, 4318488.593, 90
Trd, 4318489.643, 90
Trd, 4318491.043, 91
Trd, 4318491.993, 90
Trd, 4318494.043, 96
Trd, 4318495.893, 96
Trd, 4318498.193, 96
Trd, 4318498.343, 96
Trd, 4318499.093, 95
Trd, 4318501.443, 94
Trd, 4318502.543, 94
Trd, 4318506.593, 94
Trd, 4318507.193, 94
Trd, 4318511.943, 94
Trd, 4318514.093, 94
Trd, 4318515.243, 94
Trd, 4318515.293, 93
Trd, 4318517.043, 93
Trd, 4318518.243, 93
Trd, 4318520.243, 92
Trd, 4318521.093, 92
Trd, 4318522.243, 92
Trd, 4318523.993, 92
Trd, 4318527.493, 91
Trd, 4318528.193, 91
Trd, 4318529.393, 91
Trd, 4318529.743, 92
Trd, 4318530.793, 91
Trd, 4318534.093, 91
Trd, 4318537.793, 90
Trd, 4318538.093, 89
Trd, 4318542.293, 89
Trd, 4318545.143, 90
Trd, 4318549.743, 91
Trd, 4318549.843, 90
Trd, 4318552.643, 89
Trd, 4318552.993, 89
Trd, 4318558.543, 90
Trd, 4318558.843, 90
Trd, 4318560.243, 89
Trd, 4318562.893, 89
Trd, 4318563.593, 90
Trd, 4318565.143, 89
Trd, 4318566.493, 90
Trd, 4318566.743, 88
Trd, 4318571.593, 90
Trd, 4318573.043, 89
Trd, 4318574.243, 89
Trd, 4318575.893, 89
Trd, 4318578.193, 90
Trd, 4318579.193, 91
Trd, 4318580.793, 94
Trd, 4318584.743, 94
Trd, 4318585.193, 95
Trd, 4318586.543, 86
Trd, 4318588.193, 92
Trd, 4318590.243, 93
Trd, 4318591.593, 92
Trd, 4318593.643, 91
Trd, 4318594.143, 90
Trd, 4318595.843, 86
Trd, 4318596.593, 92
Trd, 4318598.043, 96
Trd, 4318599.543, 97
Trd, 4318600.493, 98
Trd, 4318601.143, 97
Trd, 4318603.243, 96
Trd, 4318604.093, 96
Trd, 4318608.743, 95
Trd, 4318609.493, 95
Trd, 4318611.693, 95
Trd, 4318612.843, 96
Trd, 4318614.293, 93
Trd, 4318617.693, 95
Trd, 4318618.093, 95
Trd, 4318618.393, 95
Trd, 4318621.943, 93
Trd, 4318622.643, 92
Trd, 4318623.793, 94
Trd, 4318624.743, 94
Trd, 4318625.743, 93
Trd, 4318627.193, 92
Trd, 4318628.743, 93
Trd, 4318630.143, 95
Trd, 4318630.543, 94
Trd, 4318631.743, 93
Trd, 4318636.593, 94
Trd, 4318636.743, 93
Trd, 4318643.143, 93
Trd, 4318644.943, 93
Trd, 4318646.043, 92
Trd, 4318646.793, 94
Trd, 4318648.343, 94
Trd, 4318649.093, 95
Trd, 4318650.043, 95
Trd, 4318650.193, 95
Trd, 4318652.443, 93
Trd, 4318652.493, 86
Trd, 4318653.493, 84
Trd, 4318655.993, 87
Trd, 4318656.143, 86
Trd, 4318657.043, 86
Trd, 4318658.893, 89
Trd, 4318659.393, 90
Trd, 4318661.743, 94
Trd, 4318663.343, 96
Trd, 4318663.643, 94
Trd, 4318664.843, 95
Trd, 4318668.193, 95
Trd, 4318669.343, 94
Trd, 4318670.893, 93
Trd, 4318673.193, 93
Trd, 4318674.243, 88
Trd, 4318674.843, 87
Trd, 4318676.643, 90
Trd, 4318678.993, 90
Trd, 4318682.943, 90
Trd, 4318683.143, 89
Trd, 4318684.643, 89
Trd, 4318685.043, 88
Trd, 4318688.893, 96
Trd, 4318689.243, 95
Trd, 4318690.293, 95
Trd, 4318693.043, 94
Trd, 4318694.643, 92
Trd, 4318695.143, 91
Trd, 4318698.543, 93
Trd, 4318700.143, 91
Trd, 4318701.193, 90
Trd, 4318704.993, 92
Trd, 4318707.093, 92
Trd, 4318708.993, 92
Trd, 4318709.993, 91
Trd, 4318712.393, 92
Trd, 4318715.243, 92
Trd, 4318716.493, 91
Trd, 4318718.143, 91
Trd, 4318720.993, 93
Trd, 4318721.793, 93
Trd, 4318725.893, 94
Trd, 4318726.143, 94
Trd, 4318727.893, 95
Trd, 4318729.293, 93
Trd, 4318732.543, 93
Trd, 4318732.843, 92
Trd, 4318734.243, 92
Trd, 4318735.793, 92
Trd, 4318738.493, 92
Trd, 4318738.793, 92
Trd, 4318738.993, 91
Trd, 4318739.243, 90
Trd, 4318745.543, 89
Trd, 4318745.593, 89
Trd, 4318746.343, 89
Trd, 4318747.993, 88
Trd, 4318749.393, 88
Trd, 4318751.493, 87
Trd, 4318752.943, 86
Trd, 4318753.593, 88
Trd, 4318754.393, 89
Trd, 4318757.993, 99
Trd, 4318758.443, 98
Trd, 4318759.493, 94
Trd, 4318760.693, 92
Trd, 4318763.143, 86
Trd, 4318764.243, 91
Trd, 4318765.293, 90
Trd, 4318769.743, 88
Trd, 4318769.893, 90
Trd, 4318771.993, 90
Trd, 4318773.493, 89
Trd, 4318773.793, 89
Trd, 4318775.443, 89
Trd, 4318778.693, 89
Trd, 4318778.993, 88
Trd, 4318779.743, 88
Trd, 4318781.643, 88
Trd, 4318783.843, 87
Trd, 4318784.293, 86
Trd, 4318785.343, 87
Trd, 4318786.793, 85
Trd, 4318790.193, 84
Trd, 4318792.343, 87
Trd, 4318793.143, 88
Trd, 4318793.993, 88
Trd, 4318794.793, 87
Trd, 4318798.743, 86
Trd, 4318799.193, 85
Trd, 4318801.393, 85
Trd, 4318802.643, 86
Trd, 4318803.593, 86
Trd, 4318807.843, 86
Trd, 4318807.893, 85
Trd, 4318809.143, 87
Trd, 4318810.093, 87
Trd, 4318810.743, 86
Trd, 4318812.843, 90
Trd, 4318813.793, 91
Trd, 4318814.543, 91
Trd, 4318817.143, 93
Trd, 4318819.493, 93
Trd, 4318821.793, 97
Trd, 4318822.693, 99
Trd, 4318824.093, 99
Trd, 4318824.593, 98
Trd, 4318827.293, 97
Trd, 4318828.493, 97
Trd, 4318832.143, 98
Trd, 4318833.493, 98
Trd, 4318833.893, 98
Trd, 4318835.143, 102
Trd, 4318835.743, 103
Trd, 4318836.543, 102
Trd, 4318838.893, 102
Trd, 4318842.743, 101
Trd, 4318842.793, 101
Trd, 4318843.743, 100
Trd, 4318844.643, 100
Trd, 4318844.743, 101
Trd, 4318845.543, 100
Trd, 4318847.893, 101
Trd, 4318850.643, 101
Trd, 4318850.993, 100
Trd, 4318853.493, 100
Trd, 4318855.743, 100
Trd, 4318856.043, 100
Trd, 4318857.843, 101
Trd, 4318857.993, 100
Trd, 4318860.593, 99
Trd, 4318860.893, 99
Trd, 4318862.393, 101
Trd, 4318862.693, 101
Trd, 4318865.193, 100
Trd, 4318866.393, 100
Trd, 4318867.143, 100
Trd, 4318868.593, 98
Trd, 4318869.693, 97
Trd, 4318872.843, 97
Trd, 4318873.793, 97
Trd, 4318874.943, 96
Trd, 4318876.043, 96
Trd, 4318876.193, 95
Trd, 4318877.843, 94
Trd, 4318881.793, 94
Trd, 4318882.643, 94
Trd, 4318883.643, 95
Trd, 4318885.243, 95
Trd, 4318887.393, 94
Trd, 4318890.293, 93
Trd, 4318890.443, 93
Trd, 4318891.243, 92
Trd, 4318892.593, 86
Trd, 4318894.243, 91
Trd, 4318895.143, 91
Trd, 4318895.393, 91
Trd, 4318898.343, 91
Trd, 4318899.693, 92
Trd, 4318904.943, 91
Trd, 4318906.193, 91
Trd, 4318906.643, 90
Trd, 4318908.043, 89
Trd, 4318912.943, 102
Trd, 4318913.643, 104
Trd, 4318914.143, 103
Trd, 4318914.693, 103
Trd, 4318915.243, 103
Trd, 4318917.993, 106
Trd, 4318918.793, 104
Trd, 4318919.693, 103
Trd, 4318922.393, 102
Trd, 4318922.543, 102
Trd, 4318925.243, 102
Trd, 4318925.393, 103
Trd, 4318925.993, 103
Trd, 4318927.093, 104
Trd, 4318928.043, 103
Trd, 4318929.443, 103
Trd, 4318931.093, 104
Trd, 4318932.193, 103
Trd, 4318934.993, 103
Trd, 4318936.943, 101
Trd, 4318938.443, 101
Trd, 4318939.243, 100
Trd, 4318940.193, 99
Trd, 4318942.393, 99
Trd, 4318945.293, 99
Trd, 4318946.093, 98
Trd, 4318946.443, 98
Trd, 4318949.543, 99
Trd, 4318949.843, 98
Trd, 4318950.593, 98
Trd, 4318954.493, 97
Trd, 4318956.993, 96
Trd, 4318958.643, 95
Trd, 4318959.843, 94
Trd, 4318962.193, 96
Trd, 4318964.293, 94
Trd, 4318965.793, 93
Trd, 4318966.993, 95
Trd, 4318967.593, 94
Trd, 4318971.443, 94
Trd, 4318971.593, 95
Trd, 4318972.343, 94
Trd, 4318973.493, 95
Trd, 4318973.893, 94
Trd, 4318976.793, 94
Trd, 4318977.193, 92
Trd, 4318978.893, 92
Trd, 4318980.343, 92
Trd, 4318981.143, 91
Trd, 4318983.843, 91
Trd, 4318983.993, 91
Trd, 4318984.193, 90
Trd, 4318985.343, 90
Trd, 4318987.443, 95
Trd, 4318988.293, 93
Trd, 4318988.693, 91
Trd, 4318991.693, 94
Trd, 4318992.193, 93
Trd, 4318994.043, 92
Trd, 4318997.393, 92
Trd, 4318998.343, 93
Trd, 4318999.193, 92
Trd, 4319000.593, 91
Trd, 4319002.143, 92
Trd, 4319004.343, 92
Trd, 4319005.393, 92
Trd, 4319006.743, 92
Trd, 4319007.393, 92
Trd, 4319011.493, 91
Trd, 4319014.993, 91
Trd, 4319015.593, 91
Trd, 4319015.893, 91
Trd, 4319016.893, 90
Trd, 4319020.593, 93
Trd, 4319020.743, 92
Trd, 4319022.043, 92
Trd, 4319023.143, 92
Trd, 4319027.193, 91
Trd, 4319027.543, 90
Trd, 4319028.743, 89
Trd, 4319029.093, 89
Trd, 4319033.393, 88
Trd, 4319033.593, 88
Trd, 4319035.093, 88
Trd, 4319037.643, 89
Trd, 4319039.893, 88
Trd, 4319040.243, 88
Trd, 4319040.993, 88
Trd, 4319042.193, 87
Trd, 4319045.393, 88
Trd, 4319045.443, 88
Trd, 4319047.543, 88
Trd, 4319047.693, 89
Trd, 4319051.193, 88
Trd, 4319052.393, 88
Trd, 4319052.543, 87
Trd, 4319054.993, 87
Trd, 4319058.693, 87
Trd, 4319060.593, 87
Trd, 4319062.643, 88
Trd, 4319063.393, 88
Trd, 4319065.493, 89
Trd, 4319066.743, 87
Trd, 4319067.493, 90
Trd, 4319070.493, 87
Trd, 4319072.243, 87
Trd, 4319073.243, 87
Trd, 4319074.193, 87
Trd, 4319076.243, 89
Trd, 4319078.993, 88
Trd, 4319079.743, 87
Trd, 4319079.893, 87
Trd, 4319080.193, 87
Trd, 4319083.793, 97
Trd, 4319085.193, 96
Trd, 4319086.843, 96
Trd, 4319090.393, 96
Trd, 4319091.743, 95
Trd, 4319092.643, 95
Trd, 4319093.443, 95
Trd, 4319094.943, 94
Trd, 4319096.893, 95
Trd, 4319099.593, 93
Trd, 4319100.743, 93
Trd, 4319100.993, 93
Trd, 4319104.193, 92
Trd, 4319104.693, 92
Trd, 4319106.493, 91
Trd, 4319106.643, 91
Trd, 4319108.843, 91
Trd, 4319109.093, 91
Trd, 4319112.843, 91
Trd, 4319113.343, 91
Trd, 4319115.793, 94
Trd, 4319117.743, 96
Trd, 4319118.243, 94
Trd, 4319120.443, 94
Trd, 4319121.143, 94
Trd, 4319121.693, 93
Trd, 4319124.193, 93
Trd, 4319125.743, 91
Trd, 4319126.243, 91
Trd, 4319127.793, 91
Trd, 4319128.443, 91
Trd, 4319128.993, 90
Trd, 4319131.043, 89
Trd, 4319132.543, 90
Trd, 4319134.543, 87
Trd, 4319137.143, 89
Trd, 4319138.543, 87
Trd, 4319143.143, 87
Trd, 4319143.743, 87
Trd, 4319147.343, 87
Trd, 4319148.193, 86
Trd, 4319148.243, 86
Trd, 4319149.843, 89
Trd, 4319152.543, 89
Trd, 4319153.393, 89
Trd, 4319155.293, 90
Trd, 4319157.993, 90
Trd, 4319158.743, 90
Trd, 4319158.993, 90
Trd, 4319160.343, 89
Trd, 4319161.243, 88
Trd, 4319162.093, 87
Trd, 4319162.193, 86
Trd, 4319166.443, 89
Trd, 4319167.593, 87
Trd, 4319169.143, 91
Trd, 4319172.393, 91
Trd, 4319172.793, 90
Trd, 4319173.593, 89
Trd, 4319175.093, 90
Trd, 4319175.893, 90
Trd, 4319177.443, 89
Trd, 4319179.393, 89
Trd, 4319184.893, 88
Trd, 4319185.293, 88
Trd, 4319185.343, 90
Trd, 4319186.093, 89
Trd, 4319190.143, 89
Trd, 4319191.643, 86
Trd, 4319193.143, 88
Trd, 4319193.743, 87
Trd, 4319195.643, 87
Trd, 4319196.893, 87
Trd, 4319198.493, 88
Trd, 4319201.693, 89
Trd, 4319202.943, 88
Trd, 4319203.293, 87
Trd, 4319206.443, 86
Trd, 4319206.493, 86
Trd, 4319208.243, 91
Trd, 4319209.293, 90
Trd, 4319210.093, 91
Trd, 4319213.143, 98
Trd, 4319215.643, 99
Trd, 4319216.243, 98
Trd, 4319216.643, 94
Trd, 4319217.493, 95
Trd, 4319218.543, 95
Trd, 4319220.993, 101
Trd, 4319221.043, 100
Trd, 4319222.143, 98
Trd, 4319224.243, 95
Trd, 4319224.943, 96
Trd, 4319227.593, 96
Trd, 4319229.843, 95
Trd, 4319229.893, 95
Trd, 4319232.443, 95
Trd, 4319233.293, 94
Trd, 4319234.793, 93
Trd, 4319239.093, 92
Trd, 4319240.693, 95
Trd, 4319244.543, 94
Trd, 4319246.143, 94
Trd, 4319246.243, 93
Trd, 4319248.093, 93
Trd, 4319249.843, 93
Trd, 4319250.543, 92
Trd, 4319253.743, 91
Trd, 4319253.993, 92
Trd, 4319260.843, 93
Trd, 4319260.943, 92
Trd, 4319261.443, 91
Trd, 4319262.643, 91
Trd, 4319263.143, 90
Trd, 4319265.143, 92
Trd, 4319267.393, 91
Trd, 4319267.993, 89
Trd, 4319271.193, 89
Trd, 4319271.243, 89
Trd, 4319271.893, 89
Trd, 4319274.893, 89
Trd, 4319275.193, 88
Trd, 4319278.193, 90
Trd, 4319278.643, 88
Trd, 4319280.743, 87
Trd, 4319281.393, 88
Trd, 4319282.693, 86
Trd, 4319284.593, 97
Trd, 4319287.393, 100
Trd, 4319287.743, 99
Trd, 4319289.143, 100
Trd, 4319291.093, 99
Trd, 4319294.393, 98
Trd, 4319295.193, 98
Trd, 4319295.743, 97
Trd, 4319296.093, 97
Trd, 4319297.693, 94
Trd, 4319299.843, 94
Trd, 4319301.543, 95
Trd, 4319302.793, 93
Trd, 4319304.143, 92
Trd, 4319306.443, 95
Trd, 4319307.293, 93
Trd, 4319308.293, 92
Trd, 4319308.343, 91
Trd, 4319311.443, 92
Trd, 4319311.493, 91
Trd, 4319311.993, 89
Trd, 4319315.493, 92
Trd, 4319316.243, 94
Trd, 4319317.143, 93
Trd, 4319317.793, 94
Trd, 4319318.743, 94
Trd, 4319322.143, 94
Trd, 4319322.243, 93
Trd, 4319322.543, 94
Trd, 4319323.943, 94
Trd, 4319326.943, 94
Trd, 4319328.443, 92
Trd, 4319328.643, 92
Trd, 4319329.993, 93
Trd, 4319334.043, 92
Trd, 4319336.743, 93
Trd, 4319341.793, 91
Trd, 4319342.893, 91
Trd, 4319345.193, 92
Trd, 4319345.343, 91
Trd, 4319346.943, 91
Trd, 4319348.543, 90
Trd, 4319348.843, 87
Trd, 4319352.493, 92
Trd, 4319355.893, 90
Trd, 4319356.993, 90
Trd, 4319357.343, 89
Trd, 4319361.493, 89
Trd, 4319362.643, 88
Trd, 4319364.043, 88
Trd, 4319365.493, 89
Trd, 4319366.093, 88
Trd, 4319367.893, 87
Trd, 4319370.293, 89
Trd, 4319372.693, 87
Trd, 4319373.293, 89
Trd, 4319374.543, 88
Trd, 4319375.643, 87
Trd, 4319377.843, 88
Trd, 4319380.593, 90
Trd, 4319383.643, 89
Trd, 4319383.993, 87
Trd, 4319387.493, 88
Trd, 4319388.743, 87
Trd, 4319389.493, 88
Trd, 4319392.293, 89
Trd, 4319392.393, 87
Trd, 4319396.643, 86
Trd, 4319396.943, 86
Trd, 4319397.343, 86
Trd, 4319398.643, 88
Trd, 4319400.293, 88
Trd, 4319402.043, 91
Trd, 4319403.093, 90
Trd, 4319404.593, 91
Trd, 4319405.993, 92
Trd, 4319409.143, 92
Trd, 4319412.143, 92
Trd, 4319414.443, 93
Trd, 4319414.943, 92
Trd, 4319415.943, 91
Trd, 4319417.443, 92
Trd, 4319417.943, 91
Trd, 4319420.593, 90
Trd, 4319420.793, 89
Trd, 4319421.943, 90
Trd, 4319425.393, 89
Trd, 4319426.793, 90
Trd, 4319428.343, 89
Trd, 4319430.293, 89
Trd, 4319432.443, 89
Trd, 4319435.793, 91
Trd, 4319436.093, 91
Trd, 4319438.543, 95
Trd, 4319440.043, 98
Trd, 4319440.393, 98
Trd, 4319440.793, 98
Trd, 4319443.243, 98
Trd, 4319444.643, 100
Trd, 4319445.793, 100
Trd, 4319447.493, 100
Trd, 4319448.693, 99
Trd, 4319448.993, 99
Trd, 4319449.893, 99
Trd, 4319451.643, 98
Trd, 4319452.393, 97
Trd, 4319452.843, 96
Trd, 4319454.393, 95
Trd, 4319455.143, 94
Trd, 4319455.843, 93
Trd, 4319458.543, 93
Trd, 4319459.243, 93
Trd, 4319461.493, 94
Trd, 4319463.993, 97
Trd, 4319464.343, 96
Trd, 4319464.693, 96
Trd, 4319465.343, 86
Trd, 4319466.493, 89
Trd, 4319467.093, 88
Trd, 4319469.943, 93
Trd, 4319471.093, 92
Trd, 4319471.343, 88
Trd, 4319474.243, 95
Trd, 4319475.043, 94
Trd, 4319475.393, 93
Trd, 4319480.043, 94
Trd, 4319480.793, 93
Trd, 4319482.943, 92
Trd, 4319483.543, 92
Trd, 4319484.993, 92
Trd, 4319485.793, 92
Trd, 4319488.193, 91
Trd, 4319488.343, 91
Trd, 4319489.893, 92
Trd, 4319491.493, 95
Trd, 4319492.993, 94
Trd, 4319495.093, 94
Trd, 4319497.643, 92
Trd, 4319499.243, 92
Trd, 4319500.543, 94
Trd, 4319501.343, 95
Trd, 4319501.793, 92
Trd, 4319504.793, 91
Trd, 4319505.693, 92
Trd, 4319506.843, 91
Trd, 4319509.093, 91
Trd, 4319509.743, 90
Trd, 4319511.593, 91
Trd, 4319511.943, 90
Trd, 4319512.893, 86
Trd, 4319514.993, 88
Trd, 4319518.593, 89
Trd, 4319521.693, 88
Trd, 4319524.043, 88
Trd, 4319524.093, 89
Trd, 4319525.193, 90
Trd, 4319525.593, 87
Trd, 4319527.943, 86
Trd, 4319533.193, 90
Trd, 4319534.943, 89
Trd, 4319537.593, 88
Trd, 4319540.743, 87
Trd, 4319540.893, 87
Trd, 4319543.393, 87
Trd, 4319547.493, 86
Trd, 4319547.893, 86
Trd, 4319548.143, 87
Trd, 4319551.743, 85
Trd, 4319554.643, 85
Trd, 4319554.993, 84
Trd, 4319555.493, 86
Trd, 4319556.543, 87
Trd, 4319559.093, 86
Trd, 4319560.343, 85
Trd, 4319562.043, 85
Trd, 4319563.243, 86
Trd, 4319565.743, 86
Trd, 4319567.543, 95
Trd, 4319567.643, 91
Trd, 4319568.343, 91
Trd, 4319571.593, 93
Trd, 4319572.943, 93
Trd, 4319574.593, 93
Trd, 4319575.793, 93
Trd, 4319575.843, 92
Trd, 4319578.443, 94
Trd, 4319579.793, 93
Trd, 4319583.043, 96
Trd, 4319583.693, 99
Trd, 4319584.793, 98
Trd, 4319585.793, 97
Trd, 4319587.493, 98
Trd, 4319588.293, 96
Trd, 4319590.343, 97
Trd, 4319591.143, 97
Trd, 4319592.743, 97
Trd, 4319594.443, 97
Trd, 4319594.943, 98
Trd, 4319595.493, 97
Trd, 4319596.043, 97
Trd, 4319597.593, 95
Trd, 4319599.993, 94
Trd, 4319601.693, 93
Trd, 4319603.143, 92
Trd, 4319605.693, 91
Trd, 4319606.493, 91
Trd, 4319608.343, 89
Trd, 4319611.043, 92
Trd, 4319612.043, 92
Trd, 4319613.443, 93
Trd, 4319613.893, 92
Trd, 4319614.693, 93
Trd, 4319614.743, 92
Trd, 4319617.943, 94
Trd, 4319618.893, 94
Trd, 4319619.493, 93
Trd, 4319620.793, 92
Trd, 4319622.593, 92
Trd, 4319623.943, 92
Trd, 4319625.793, 91
Trd, 4319626.543, 91
Trd, 4319627.393, 90
Trd, 4319630.093, 94
Trd, 4319631.543, 97
Trd, 4319632.393, 96
Trd, 4319632.443, 95
Trd, 4319635.393, 94
Trd, 4319636.493, 92
Trd, 4319639.343, 92
Trd, 4319640.243, 91
Trd, 4319641.593, 90
Trd, 4319644.093, 89
Trd, 4319644.243, 88
Trd, 4319645.793, 87
Trd, 4319646.743, 86
Trd, 4319649.593, 88
Trd, 4319649.893, 86
Trd, 4319652.993, 86
Trd, 4319654.743, 86
Trd, 4319655.693, 87
Trd, 4319658.393, 87
Trd, 4319662.593, 91
Trd, 4319664.143, 93
Trd, 4319664.493, 93
Trd, 4319665.343, 93
Trd, 4319665.893, 95
Trd, 4319667.943, 94
Trd, 4319668.843, 95
Trd, 4319672.193, 98
Trd, 4319673.293, 98
Trd, 4319673.593, 98
Trd, 4319675.293, 98
Trd, 4319676.093, 97
Trd, 4319678.443, 97
Trd, 4319678.793, 96
Trd, 4319679.043, 97
Trd, 4319681.043, 95
Trd, 4319682.993, 94
Trd, 4319684.893, 93
Trd, 4319686.143, 93
Trd, 4319687.643, 94
Trd, 4319690.893, 93
Trd, 4319694.493, 93
Trd, 4319694.943, 93
Trd, 4319697.643, 93
Trd, 4319697.793, 92
Trd, 4319698.243, 93
Trd, 4319702.293, 93
Trd, 4319704.043, 93
Trd, 4319706.493, 92
Trd, 4319707.393, 93
Trd, 4319708.593, 92
Trd, 4319709.243, 91
Trd, 4319711.343, 91
Trd, 4319712.093, 90
Trd, 4319713.643, 90
Trd, 4319714.643, 89
Trd, 4319718.893, 89
Trd, 4319718.993, 88
Trd, 4319723.543, 87
Trd, 4319724.843, 89
Trd, 4319725.243, 88
Trd, 4319727.643, 87
Trd, 4319728.543, 90
Trd, 4319730.093, 90
Trd, 4319731.493, 90
Trd, 4319733.943, 90
Trd, 4319735.843, 91
Trd, 4319737.193, 93
Trd, 4319738.943, 95
Trd, 4319739.193, 95
Trd, 4319742.293, 95
Trd, 4319742.593, 76
Trd, 4319746.193, 89
Trd, 4319748.043, 88
Trd, 4319749.293, 88
Trd, 4319749.393, 87
Trd, 4319751.093, 88
Trd, 4319755.093, 89
Trd, 4319755.193, 89
Trd, 4319756.793, 89
Trd, 4319758.393, 88
Trd, 4319760.393, 87
Trd, 4319760.893, 88
Trd, 4319763.743, 88
Trd, 4319764.843, 89
Trd, 4319765.443, 88
Trd, 4319766.893, 86
Trd, 4319770.143, 87
Trd, 4319770.643, 86
Trd, 4319770.693, 85
Trd, 4319772.043, 90
Trd, 4319773.993, 90
Trd, 4319775.893, 91
Trd, 4319779.143, 93
Trd, 4319780.343, 92
Trd, 4319782.643, 93
Trd, 4319783.243, 92
Trd, 4319784.843, 91
Trd, 4319790.143, 92
Trd, 4319792.093, 91
Trd, 4319792.343, 92
Trd, 4319793.293, 91
Trd, 4319797.243, 91
Trd, 4319797.393, 91
Trd, 4319797.943, 90
Trd, 4319799.243, 90
Trd, 4319804.343, 89
Trd, 4319807.243, 89
Trd, 4319807.293, 90
Trd, 4319812.093, 89
Trd, 4319813.093, 89
Trd, 4319813.443, 89
Trd, 4319815.843, 88
Trd, 4319816.093, 88
Trd, 4319817.293, 89
Trd, 4319818.993, 88
Trd, 4319823.643, 88
Trd, 4319823.793, 87
Trd, 4319827.793, 87
Trd, 4319828.393, 87
Trd, 4319830.993, 91
Trd, 4319831.093, 91
Trd, 4319831.943, 90
Trd, 4319836.193, 97
Trd, 4319836.643, 98
Trd, 4319836.693, 97
Trd, 4319838.043, 97
Trd, 4319839.293, 97
Trd, 4319842.343, 99
Trd, 4319842.893, 98
Trd, 4319843.643, 98
Trd, 4319845.893, 99
Trd, 4319846.543, 98
Trd, 4319848.843, 99
Trd, 4319848.993, 98
Trd, 4319851.193, 99
Trd, 4319853.693, 98
Trd, 4319854.893, 98
Trd, 4319855.843, 99
Trd, 4319856.743, 98
Trd, 4319857.493, 96
Trd, 4319861.493, 97
Trd, 4319863.193, 97
Trd, 4319863.643, 97
Trd, 4319865.743, 96
Trd, 4319867.193, 96
Trd, 4319867.543, 95
Trd, 4319868.743, 94
Trd, 4319870.593, 93
Trd, 4319874.943, 95
Trd, 4319877.693, 94
Trd, 4319878.743, 94
Trd, 4319881.043, 95
Trd, 4319882.843, 93
Trd, 4319884.193, 93
Trd, 4319885.943, 92
Trd, 4319886.193, 92
Trd, 4319892.443, 91
Trd, 4319892.943, 93
Trd, 4319894.193, 96
Trd, 4319895.393, 94
Trd, 4319895.443, 94
Trd, 4319898.793, 94
Trd, 4319899.743, 95
Trd, 4319900.993, 95
Trd, 4319901.093, 94
Trd, 4319901.943, 93
Trd, 4319904.743, 94
Trd, 4319906.293, 93
Trd, 4319909.693, 93
Trd, 4319911.293, 95
Trd, 4319911.443, 95
Trd, 4319912.193, 94
Trd, 4319912.243, 86
Trd, 4319917.593, 94
Trd, 4319918.893, 94
Trd, 4319919.393, 93
Trd, 4319920.143, 93
Trd, 4319923.143, 93
Trd, 4319923.193, 94
Trd, 4319923.443, 94
Trd, 4319925.343, 92
Trd, 4319927.343, 91
Trd, 4319927.593, 92
Trd, 4319931.243, 94
Trd, 4319931.893, 92
Trd, 4319933.943, 92
Trd, 4319934.993, 92
Trd, 4319938.493, 93
Trd, 4319938.893, 92
Trd, 4319942.793, 93
Trd, 4319943.743, 92
Trd, 4319944.693, 92
Trd, 4319946.293, 91
Trd, 4319949.443, 92
Trd, 4319949.643, 91
Trd, 4319952.593, 90
Trd, 4319955.643, 89
Trd, 4319956.893, 88
Trd, 4319956.993, 90
Trd, 4319960.043, 94
Trd, 4319961.193, 97
Trd, 4319961.843, 97
Trd, 4319962.543, 98
Trd, 4319963.743, 97
Trd, 4319964.293, 97
Trd, 4319966.793, 87
Trd, 4319968.643, 93
Trd, 4319970.343, 87
Trd, 4319971.043, 88
Trd, 4319972.693, 89
Trd, 4319975.943, 88
Trd, 4319976.143, 88
Trd, 4319976.993, 87
Trd, 4319978.943, 86
Trd, 4319980.393, 86
Trd, 4319983.493, 90
Trd, 4319986.993, 90
Trd, 4319987.043, 90
Trd, 4319991.193, 91
Trd, 4319992.393, 91
Trd, 4319995.393, 90
Trd, 4319996.243, 90
Trd, 4319996.393, 89
Trd, 4319998.693, 90
Trd, 4319998.743, 90
Trd, 4319999.493, 89
