Trd, 4317950.743, 92
Trd, 4317951.293, 96
Trd, 4317951.493, 104
Trd, 4317953.643, 92
Trd, 4317953.743, 86
Trd, 4317954.793, 96
Trd, 4317955.043, 99
Trd, 4317956.343, 97
Trd, 4317958.343, 107
Trd, 4317958.943, 97
Trd, 4317959.843, 96
Trd, 4317960.493, 94
Trd, 4317961.043, 93
Trd, 4317962.643, 111
Trd, 4317964.043, 113
Trd, 4317964.443, 114
Trd, 4317964.643, 111
Trd, 4317966.343, 104
Trd, 4317967.193, 105
Trd, 4317967.843, 103
Trd, 4317969.293, 99
Trd, 4317970.243, 104
Trd, 4317971.943, 98
Trd, 4317973.093, 104
Trd, 4317973.393, 67
Trd, 4317974.043, 91
Trd, 4317976.993, 99
Trd, 4317977.943, 93
Trd, 4317978.293, 98
Trd, 4317978.843, 99
Trd, 4317980.193, 104
Trd, 4317981.793, 99
Trd, 4317982.143, 86
Trd, 4317983.193, 111
Trd, 4317983.893, 63
Trd, 4317985.343, 104
Trd, 4317987.043, 89
Trd, 4317987.693, 86
Trd, 4317988.793, 95
Trd, 4317991.093, 94
Trd, 4317991.243, 91
Trd, 4317991.543, 91
Trd, 4317992.943, 91
Trd, 4317994.443, 94
Trd, 4317994.743, 92
Trd, 4317996.793, 89
Trd, 4317997.193, 95
Trd, 4317999.143, 94
Trd, 4317999.943, 92
Trd, 4318000.193, 91
Trd, 4318000.793, 104
Trd, 4318002.193, 91
Trd, 4318005.143, 89
Trd, 4318005.193, 89
Trd, 4318006.793, 95
Trd, 4318007.143, 92
Trd, 4318007.443, 96
Trd, 4318009.243, 118
Trd, 4318009.643, 113
Trd, 4318010.793, 107
Trd, 4318012.193, 108
Trd, 4318012.943, 104
Trd, 4318012.993, 95
Trd, 4318013.043, 106
Trd, 4318013.793, 76
Trd, 4318015.443, 87
Trd, 4318015.593, 96
Trd, 4318018.043, 96
Trd, 4318018.843, 97
Trd, 4318019.493, 96
Trd, 4318020.443, 104
Trd, 4318021.493, 87
Trd, 4318023.293, 87
Trd, 4318023.393, 86
Trd, 4318025.543, 87
Trd, 4318025.593, 86
Trd, 4318026.343, 92
Trd, 4318028.243, 92
Trd, 4318028.493, 91
Trd, 4318029.043, 95
Trd, 4318029.093, 90
Trd, 4318030.393, 104
Trd, 4318035.443, 98
Trd, 4318036.293, 93
Trd, 4318036.993, 90
Trd, 4318037.143, 89
Trd, 4318038.243, 112
Trd, 4318039.543, 98
Trd, 4318040.693, 98
Trd, 4318041.943, 97
Trd, 4318042.493, 113
Trd, 4318044.543, 103
Trd, 4318045.243, 99
Trd, 4318046.243, 99
Trd, 4318047.143, 95
Trd, 4318047.993, 101
Trd, 4318050.593, 97
Trd, 4318050.693, 96
Trd, 4318050.793, 99
Trd, 4318051.743, 88
Trd, 4318052.193, 104
Trd, 4318053.143, 103
Trd, 4318053.643, 91
Trd, 4318055.293, 99
Trd, 4318056.343, 92
Trd, 4318056.593, 91
Trd, 4318060.693, 99
Trd, 4318060.843, 100
Trd, 4318061.293, 97
Trd, 4318064.393, 104
Trd, 4318064.693, 96
Trd, 4318065.393, 96
Trd, 4318065.443, 95
Trd, 4318068.343, 100
Trd, 4318068.893, 94
Trd, 4318069.343, 101
Trd, 4318071.093, 95
Trd, 4318074.543, 99
Trd, 4318075.793, 98
Trd, 4318077.493, 104
Trd, 4318077.843, 98
Trd, 4318078.343, 100
Trd, 4318079.193, 96
Trd, 4318079.643, 96
Trd, 4318081.193, 100
Trd, 4318081.443, 97
Trd, 4318084.193, 97
Trd, 4318084.993, 99
Trd, 4318085.093, 104
Trd, 4318088.143, 96
Trd, 4318089.143, 100
Trd, 4318089.343, 95
Trd, 4318089.893, 94
Trd, 4318091.393, 90
Trd, 4318093.743, 101
Trd, 4318095.343, 94
Trd, 4318096.193, 98
Trd, 4318098.193, 99
Trd, 4318098.693, 98
Trd, 4318099.093, 111
Trd, 4318099.643, 112
Trd, 4318101.043, 113
Trd, 4318102.243, 94
Trd, 4318103.593, 102
Trd, 4318105.893, 101
Trd, 4318106.993, 103
Trd, 4318108.593, 102
Trd, 4318109.143, 103
Trd, 4318109.643, 100
Trd, 4318110.943, 100
Trd, 4318112.443, 99
Trd, 4318114.443, 98
Trd, 4318115.043, 86
Trd, 4318115.743, 97
Trd, 4318115.893, 98
Trd, 4318116.393, 90
Trd, 4318118.393, 97
Trd, 4318119.943, 94
Trd, 4318122.593, 101
Trd, 4318122.643, 95
Trd, 4318123.143, 88
Trd, 4318124.643, 99
Trd, 4318128.043, 104
Trd, 4318128.393, 99
Trd, 4318128.643, 98
Trd, 4318128.843, 97
Trd, 4318130.143, 102
Trd, 4318130.793, 95
Trd, 4318132.143, 89
Trd, 4318133.343, 91
Trd, 4318134.593, 96
Trd, 4318134.643, 96
Trd, 4318136.893, 96
Trd, 4318138.743, 104
Trd, 4318139.293, 113
Trd, 4318139.743, 103
Trd, 4318140.143, 101
Trd, 4318141.593, 104
Trd, 4318142.643, 122
Trd, 4318142.693, 97
Trd, 4318142.943, 95
Trd, 4318144.193, 95
Trd, 4318145.043, 87
Trd, 4318146.793, 86
Trd, 4318147.543, 97
Trd, 4318147.943, 104
Trd, 4318149.593, 101
Trd, 4318150.243, 86
Trd, 4318152.343, 96
Trd, 4318152.593, 102
Trd, 4318153.343, 113
Trd, 4318155.243, 100
Trd, 4318155.443, 95
Trd, 4318156.243, 113
Trd, 4318156.493, 108
Trd, 4318157.193, 95
Trd, 4318157.293, 104
Trd, 4318160.743, 100
Trd, 4318161.043, 98
Trd, 4318162.443, 99
Trd, 4318162.893, 97
Trd, 4318164.193, 111
Trd, 4318164.593, 95
Trd, 4318165.493, 99
Trd, 4318167.393, 98
Trd, 4318167.443, 95
Trd, 4318170.143, 95
Trd, 4318170.293, 99
Trd, 4318171.843, 99
Trd, 4318174.443, 103
Trd, 4318174.643, 111
Trd, 4318174.693, 102
Trd, 4318175.543, 100
Trd, 4318177.993, 99
Trd, 4318178.943, 95
Trd, 4318179.393, 102
Trd, 4318179.993, 104
Trd, 4318181.593, 104
Trd, 4318182.693, 96
Trd, 4318182.943, 102
Trd, 4318184.143, 96
Trd, 4318185.543, 97
Trd, 4318187.643, 103
Trd, 4318189.593, 96
Trd, 4318189.743, 95
Trd, 4318190.993, 96
Trd, 4318191.743, 100
Trd, 4318192.643, 95
Trd, 4318195.093, 95
Trd, 4318195.593, 101
Trd, 4318195.743, 104
Trd, 4318196.843, 100
Trd, 4318198.793, 101
Trd, 4318200.543, 104
Trd, 4318200.593, 102
Trd, 4318201.693, 114
Trd, 4318203.143, 101
Trd, 4318204.593, 87
Trd, 4318204.643, 101
Trd, 4318205.443, 85
Trd, 4318208.593, 94
Trd, 4318209.693, 96
Trd, 4318210.243, 94
Trd, 4318210.393, 98
Trd, 4318211.793, 93
Trd, 4318212.193, 98
Trd, 4318212.443, 84
Trd, 4318212.993, 76
Trd, 4318213.543, 113
Trd, 4318213.793, 104
Trd, 4318216.643, 101
Trd, 4318216.793, 88
Trd, 4318217.493, 86
Trd, 4318219.393, 102
Trd, 4318220.893, 101
Trd, 4318221.043, 98
Trd, 4318222.693, 98
Trd, 4318224.393, 111
Trd, 4318224.543, 97
Trd, 4318224.793, 117
Trd, 4318227.843, 96
Trd, 4318227.993, 103
Trd, 4318229.893, 87
Trd, 4318230.843, 104
Trd, 4318231.643, 92
Trd, 4318232.593, 91
Trd, 4318234.743, 93
Trd, 4318234.793, 97
Trd, 4318235.393, 98
Trd, 4318236.893, 100
Trd, 4318239.643, 108
Trd, 4318240.043, 106
Trd, 4318240.393, 104
Trd, 4318241.193, 87
Trd, 4318241.843, 112
Trd, 4318242.893, 86
Trd, 4318244.243, 91
Trd, 4318244.843, 92
Trd, 4318245.643, 106
Trd, 4318247.993, 102
Trd, 4318248.493, 96
Trd, 4318249.093, 95
Trd, 4318250.593, 95
Trd, 4318251.593, 102
Trd, 4318253.393, 99
Trd, 4318253.843, 97
Trd, 4318254.043, 102
Trd, 4318254.393, 104
Trd, 4318257.993, 101
Trd, 4318258.693, 100
Trd, 4318259.293, 104
Trd, 4318260.593, 99
Trd, 4318262.543, 99
Trd, 4318262.943, 100
Trd, 4318263.143, 97
Trd, 4318264.643, 100
Trd, 4318264.943, 96
Trd, 4318266.393, 100
Trd, 4318267.093, 86
Trd, 4318269.543, 98
Trd, 4318269.993, 113
Trd, 4318270.943, 101
Trd, 4318271.843, 100
Trd, 4318272.893, 99
Trd, 4318273.343, 99
Trd, 4318273.543, 86
Trd, 4318274.243, 117
Trd, 4318275.893, 91
Trd, 4318277.643, 105
Trd, 4318278.443, 89
Trd, 4318280.843, 92
Trd, 4318281.193, 92
Trd, 4318282.743, 101
Trd, 4318283.743, 101
Trd, 4318283.943, 96
Trd, 4318284.543, 96
Trd, 4318284.643, 95
Trd, 4318287.593, 90
Trd, 4318288.093, 100
Trd, 4318290.743, 96
Trd, 4318291.543, 93
Trd, 4318292.043, 94
Trd, 4318294.043, 95
Trd, 4318295.743, 97
Trd, 4318296.893, 97
Trd, 4318297.143, 96
Trd, 4318297.593, 96
Trd, 4318297.943, 97
Trd, 4318299.593, 97
Trd, 4318300.143, 104
Trd, 4318300.743, 77
Trd, 4318302.543, 83
Trd, 4318303.543, 97
Trd, 4318305.093, 97
Trd, 4318305.693, 86
Trd, 4318306.843, 90
Trd, 4318309.643, 103
Trd, 4318309.693, 90
Trd, 4318310.093, 91
Trd, 4318311.343, 97
Trd, 4318315.343, 94
Trd, 4318317.093, 96
Trd, 4318317.143, 97
Trd, 4318317.743, 96
Trd, 4318317.943, 104
Trd, 4318320.293, 98
Trd, 4318321.193, 95
Trd, 4318321.493, 95
Trd, 4318323.143, 98
Trd, 4318323.393, 95
Trd, 4318324.343, 113
Trd, 4318326.993, 109
Trd, 4318327.643, 117
Trd, 4318328.893, 113
Trd, 4318329.143, 110
Trd, 4318329.893, 110
Trd, 4318332.493, 112
Trd, 4318333.093, 112
Trd, 4318333.143, 104
Trd, 4318334.343, 111
Trd, 4318336.793, 105
Trd, 4318337.243, 108
Trd, 4318338.643, 105
Trd, 4318339.193, 104
Trd, 4318339.893, 104
Trd, 4318340.093, 95
Trd, 4318340.693, 105
Trd, 4318342.293, 113
Trd, 4318342.643, 104
Trd, 4318345.043, 106
Trd, 4318347.443, 104
Trd, 4318347.543, 105
Trd, 4318349.393, 105
Trd, 4318351.793, 108
Trd, 4318352.093, 117
Trd, 4318352.743, 111
Trd, 4318353.343, 104
Trd, 4318354.143, 102
Trd, 4318354.293, 108
Trd, 4318354.493, 95
Trd, 4318356.443, 96
Trd, 4318357.093, 102
Trd, 4318358.593, 103
Trd, 4318359.693, 97
Trd, 4318359.793, 96
Trd, 4318360.693, 140
Trd, 4318363.543, 112
Trd, 4318364.243, 95
Trd, 4318365.043, 108
Trd, 4318365.993, 101
Trd, 4318366.893, 102
Trd, 4318367.493, 104
Trd, 4318369.243, 83
Trd, 4318370.743, 104
Trd, 4318371.943, 93
Trd, 4318375.443, 97
Trd, 4318376.243, 95
Trd, 4318376.743, 97
Trd, 4318378.043, 96
Trd, 4318378.693, 97
Trd, 4318379.393, 96
Trd, 4318380.993, 97
Trd, 4318383.793, 98
Trd, 4318383.843, 96
Trd, 4318384.293, 96
Trd, 4318384.643, 95
Trd, 4318385.243, 88
Trd, 4318385.843, 115
Trd, 4318387.543, 93
Trd, 4318388.843, 101
Trd, 4318389.143, 104
Trd, 4318389.993, 102
Trd, 4318392.393, 86
Trd, 4318392.743, 94
Trd, 4318393.093, 96
Trd, 4318393.343, 80
Trd, 4318395.743, 97
Trd, 4318396.843, 99
Trd, 4318397.393, 102
Trd, 4318398.243, 102
Trd, 4318398.493, 113
Trd, 4318398.543, 122
Trd, 4318399.443, 135
Trd, 4318399.543, 86
Trd, 4318404.193, 112
Trd, 4318404.443, 108
Trd, 4318405.293, 110
Trd, 4318405.943, 95
Trd, 4318406.793, 88
Trd, 4318407.593, 87
Trd, 4318407.893, 105
Trd, 4318409.393, 87
Trd, 4318409.693, 104
Trd, 4318410.943, 111
Trd, 4318412.443, 103
Trd, 4318412.943, 99
Trd, 4318417.693, 100
Trd, 4318417.743, 101
Trd, 4318419.393, 101
Trd, 4318420.143, 102
Trd, 4318420.193, 101
Trd, 4318422.443, 102
Trd, 4318422.493, 101
Trd, 4318424.993, 102
Trd, 4318426.293, 99
Trd, 4318426.743, 112
Trd, 4318428.193, 101
Trd, 4318428.243, 102
Trd, 4318429.693, 99
Trd, 4318430.043, 95
Trd, 4318431.693, 113
Trd, 4318432.743, 90
Trd, 4318434.743, 97
Trd, 4318435.393, 96
Trd, 4318436.993, 95
Trd, 4318437.143, 97
Trd, 4318438.743, 98
Trd, 4318438.793, 97
Trd, 4318439.543, 96
Trd, 4318439.993, 95
Trd, 4318442.043, 97
Trd, 4318442.793, 95
Trd, 4318443.343, 95
Trd, 4318445.793, 104
Trd, 4318446.493, 102
Trd, 4318447.343, 113
Trd, 4318447.493, 104
Trd, 4318448.493, 85
Trd, 4318450.493, 86
Trd, 4318450.893, 90
Trd, 4318453.043, 100
Trd, 4318453.743, 95
Trd, 4318454.843, 95
Trd, 4318455.493, 99
Trd, 4318455.743, 94
Trd, 4318457.843, 97
Trd, 4318458.043, 95
Trd, 4318458.793, 99
Trd, 4318459.343, 96
Trd, 4318460.293, 99
Trd, 4318461.143, 95
Trd, 4318463.543, 95
Trd, 4318463.643, 95
Trd, 4318464.393, 99
Trd, 4318465.993, 99
Trd, 4318467.193, 95
Trd, 4318467.993, 99
Trd, 4318468.643, 98
Trd, 4318469.693, 97
Trd, 4318470.593, 100
Trd, 4318471.343, 112
Trd, 4318471.943, 104
Trd, 4318473.193, 112
Trd, 4318473.443, 106
Trd, 4318474.043, 104
Trd, 4318474.193, 111
Trd, 4318475.343, 95
Trd, 4318478.293, 101
Trd, 4318478.443, 99
Trd, 4318480.093, 95
Trd, 4318483.043, 106
Trd, 4318483.693, 104
Trd, 4318485.093, 101
Trd, 4318486.143, 104
Trd, 4318486.543, 102
Trd, 4318487.043, 95
Trd, 4318490.893, 101
Trd, 4318491.093, 104
Trd, 4318492.193, 101
Trd, 4318492.543, 99
Trd, 4318493.143, 98
Trd, 4318493.643, 100
Trd, 4318494.943, 98
Trd, 4318497.243, 100
Trd, 4318498.793, 104
Trd, 4318499.543, 102
Trd, 4318499.693, 116
Trd, 4318501.343, 107
Trd, 4318501.693, 93
Trd, 4318503.043, 113
Trd, 4318503.393, 104
Trd, 4318505.443, 96
Trd, 4318506.743, 96
Trd, 4318507.793, 95
Trd, 4318509.793, 103
Trd, 4318510.743, 99
Trd, 4318511.343, 103
Trd, 4318512.393, 101
Trd, 4318512.493, 102
Trd, 4318514.143, 100
Trd, 4318514.793, 86
Trd, 4318515.543, 91
Trd, 4318517.043, 111
Trd, 4318518.343, 101
Trd, 4318518.493, 98
Trd, 4318518.893, 103
Trd, 4318522.243, 107
Trd, 4318522.293, 104
Trd, 4318523.943, 113
Trd, 4318524.043, 106
Trd, 4318524.093, 95
Trd, 4318525.043, 99
Trd, 4318525.693, 84
Trd, 4318527.743, 95
Trd, 4318528.643, 122
Trd, 4318530.443, 91
Trd, 4318531.193, 91
Trd, 4318531.243, 89
Trd, 4318532.243, 101
Trd, 4318532.293, 104
Trd, 4318533.093, 113
Trd, 4318535.543, 88
Trd, 4318536.743, 88
Trd, 4318537.993, 102
Trd, 4318538.043, 91
Trd, 4318539.643, 93
Trd, 4318541.943, 98
Trd, 4318542.243, 103
Trd, 4318542.793, 96
Trd, 4318544.093, 95
Trd, 4318546.843, 87
Trd, 4318547.193, 87
Trd, 4318548.843, 96
Trd, 4318548.993, 97
Trd, 4318550.093, 104
Trd, 4318552.493, 97
Trd, 4318552.893, 96
Trd, 4318555.693, 88
Trd, 4318556.893, 97
Trd, 4318557.493, 91
Trd, 4318558.993, 91
Trd, 4318560.243, 95
Trd, 4318561.093, 96
Trd, 4318562.593, 94
Trd, 4318563.243, 95
Trd, 4318564.893, 87
Trd, 4318565.193, 95
Trd, 4318565.843, 104
Trd, 4318568.243, 99
Trd, 4318568.793, 93
Trd, 4318569.993, 95
Trd, 4318570.993, 75
Trd, 4318572.843, 93
Trd, 4318573.443, 99
Trd, 4318574.043, 98
Trd, 4318574.143, 93
Trd, 4318574.293, 85
Trd, 4318574.843, 104
Trd, 4318577.993, 96
Trd, 4318578.093, 98
Trd, 4318579.793, 95
Trd, 4318580.193, 94
Trd, 4318581.143, 89
Trd, 4318582.443, 95
Trd, 4318584.443, 91
Trd, 4318585.393, 95
Trd, 4318585.593, 90
Trd, 4318587.343, 96
Trd, 4318587.893, 96
Trd, 4318589.693, 92
Trd, 4318592.393, 89
Trd, 4318592.893, 94
Trd, 4318592.943, 85
Trd, 4318593.593, 75
Trd, 4318594.693, 104
Trd, 4318595.043, 99
Trd, 4318597.843, 112
Trd, 4318599.393, 112
Trd, 4318600.143, 99
Trd, 4318600.643, 104
Trd, 4318601.943, 103
Trd, 4318602.693, 109
Trd, 4318603.543, 88
Trd, 4318603.643, 85
Trd, 4318605.693, 115
Trd, 4318606.943, 104
Trd, 4318607.093, 105
Trd, 4318608.143, 94
Trd, 4318608.393, 101
Trd, 4318610.193, 101
Trd, 4318611.343, 112
Trd, 4318612.343, 104
Trd, 4318613.493, 105
Trd, 4318613.743, 104
Trd, 4318614.543, 104
Trd, 4318615.243, 95
Trd, 4318617.243, 104
Trd, 4318618.543, 105
Trd, 4318618.693, 103
Trd, 4318619.993, 104
Trd, 4318622.293, 104
Trd, 4318623.593, 103
Trd, 4318626.093, 104
Trd, 4318626.293, 103
Trd, 4318626.443, 102
Trd, 4318628.593, 104
Trd, 4318628.993, 103
Trd, 4318629.143, 102
Trd, 4318629.593, 100
Trd, 4318631.193, 95
Trd, 4318631.543, 86
Trd, 4318632.243, 104
Trd, 4318633.293, 103
Trd, 4318634.943, 105
Trd, 4318636.793, 104
Trd, 4318637.843, 103
Trd, 4318638.243, 101
Trd, 4318638.293, 103
Trd, 4318640.343, 95
Trd, 4318643.043, 95
Trd, 4318644.043, 99
Trd, 4318644.693, 97
Trd, 4318644.843, 95
Trd, 4318645.143, 95
Trd, 4318645.943, 96
Trd, 4318647.943, 113
Trd, 4318648.643, 103
Trd, 4318649.993, 103
Trd, 4318651.043, 74
Trd, 4318652.793, 89
Trd, 4318653.193, 101
Trd, 4318653.893, 88
Trd, 4318653.943, 87
Trd, 4318655.343, 101
Trd, 4318657.043, 87
Trd, 4318659.043, 86
Trd, 4318659.343, 96
Trd, 4318659.643, 86
Trd, 4318660.343, 104
Trd, 4318661.343, 86
Trd, 4318663.943, 99
Trd, 4318664.243, 91
Trd, 4318664.393, 104
Trd, 4318665.143, 89
Trd, 4318667.393, 87
Trd, 4318668.293, 87
Trd, 4318668.993, 86
Trd, 4318669.693, 97
Trd, 4318671.793, 96
Trd, 4318673.243, 95
Trd, 4318673.443, 96
Trd, 4318674.693, 116
Trd, 4318674.843, 95
Trd, 4318676.043, 95
Trd, 4318676.093, 85
Trd, 4318677.993, 113
Trd, 4318678.193, 115
Trd, 4318679.093, 110
Trd, 4318680.093, 112
Trd, 4318680.643, 109
Trd, 4318681.443, 104
Trd, 4318681.993, 113
Trd, 4318682.993, 96
Trd, 4318687.043, 104
Trd, 4318687.493, 106
Trd, 4318687.893, 106
Trd, 4318688.793, 107
Trd, 4318689.893, 105
Trd, 4318690.593, 95
Trd, 4318690.993, 86
Trd, 4318691.643, 104
Trd, 4318693.093, 86
Trd, 4318694.893, 97
Trd, 4318695.443, 88
Trd, 4318697.143, 88
Trd, 4318699.143, 89
Trd, 4318699.193, 96
Trd, 4318699.543, 104
Trd, 4318700.493, 92
Trd, 4318702.743, 95
Trd, 4318703.843, 95
Trd, 4318703.893, 104
Trd, 4318705.993, 94
Trd, 4318706.093, 98
Trd, 4318707.343, 95
Trd, 4318709.243, 90
Trd, 4318710.343, 97
Trd, 4318710.793, 93
Trd, 4318711.243, 92
Trd, 4318711.393, 96
Trd, 4318712.043, 116
Trd, 4318712.793, 91
Trd, 4318716.243, 98
Trd, 4318717.493, 98
Trd, 4318717.743, 95
Trd, 4318718.443, 96
Trd, 4318720.293, 99
Trd, 4318723.243, 97
Trd, 4318723.843, 98
Trd, 4318724.993, 95
Trd, 4318725.443, 111
Trd, 4318726.393, 101
Trd, 4318727.843, 96
Trd, 4318727.943, 104
Trd, 4318728.493, 95
Trd, 4318731.193, 122
Trd, 4318732.293, 105
Trd, 4318732.343, 105
Trd, 4318733.593, 104
Trd, 4318734.593, 110
Trd, 4318737.193, 112
Trd, 4318738.143, 110
Trd, 4318738.393, 109
Trd, 4318738.493, 110
Trd, 4318739.493, 104
Trd, 4318742.393, 105
Trd, 4318742.643, 113
Trd, 4318743.393, 104
Trd, 4318744.593, 105
Trd, 4318746.043, 103
Trd, 4318746.593, 122
Trd, 4318746.693, 91
Trd, 4318746.993, 90
Trd, 4318747.843, 105
Trd, 4318748.643, 95
Trd, 4318749.293, 104
Trd, 4318753.143, 105
Trd, 4318753.843, 95
Trd, 4318753.993, 85
Trd, 4318755.643, 92
Trd, 4318757.793, 97
Trd, 4318758.293, 101
Trd, 4318758.893, 97
Trd, 4318759.043, 95
Trd, 4318761.793, 95
Trd, 4318761.843, 97
Trd, 4318764.893, 97
Trd, 4318766.543, 100
Trd, 4318766.593, 97
Trd, 4318767.093, 95
Trd, 4318767.443, 104
Trd, 4318767.643, 95
Trd, 4318770.643, 113
Trd, 4318770.843, 108
Trd, 4318771.293, 107
Trd, 4318772.193, 96
Trd, 4318772.493, 95
Trd, 4318776.143, 104
Trd, 4318777.993, 101
Trd, 4318778.043, 97
Trd, 4318778.643, 97
Trd, 4318778.743, 95
Trd, 4318779.443, 110
Trd, 4318781.193, 113
Trd, 4318781.243, 112
Trd, 4318782.493, 104
Trd, 4318784.043, 112
Trd, 4318784.793, 115
Trd, 4318785.193, 105
Trd, 4318786.743, 106
Trd, 4318788.143, 113
Trd, 4318790.193, 106
Trd, 4318790.293, 105
Trd, 4318791.393, 107
Trd, 4318791.643, 104
Trd, 4318792.693, 91
Trd, 4318795.443, 96
Trd, 4318795.993, 93
Trd, 4318796.393, 102
Trd, 4318797.743, 87
Trd, 4318801.193, 111
Trd, 4318801.293, 106
Trd, 4318802.193, 101
Trd, 4318802.343, 102
Trd, 4318803.243, 100
Trd, 4318803.793, 87
Trd, 4318806.643, 96
Trd, 4318807.693, 94
Trd, 4318808.693, 85
Trd, 4318808.943, 101
Trd, 4318811.693, 99
Trd, 4318812.143, 101
Trd, 4318812.593, 96
Trd, 4318812.793, 94
Trd, 4318813.543, 101
Trd, 4318813.993, 96
Trd, 4318816.343, 100
Trd, 4318816.693, 97
Trd, 4318819.243, 100
Trd, 4318819.743, 99
Trd, 4318820.593, 106
Trd, 4318820.643, 105
Trd, 4318822.543, 94
Trd, 4318823.393, 98
Trd, 4318825.393, 96
Trd, 4318827.043, 94
Trd, 4318827.643, 99
Trd, 4318828.543, 92
Trd, 4318830.993, 93
Trd, 4318831.143, 98
Trd, 4318831.393, 104
Trd, 4318832.343, 93
Trd, 4318832.993, 91
Trd, 4318835.143, 92
Trd, 4318836.543, 93
Trd, 4318836.843, 98
Trd, 4318837.843, 99
Trd, 4318838.793, 97
Trd, 4318840.843, 97
Trd, 4318841.143, 98
Trd, 4318841.543, 86
Trd, 4318842.043, 104
Trd, 4318842.543, 102
Trd, 4318842.993, 101
Trd, 4318845.993, 116
Trd, 4318846.193, 116
Trd, 4318846.593, 112
Trd, 4318847.193, 119
Trd, 4318849.193, 101
Trd, 4318849.593, 111
Trd, 4318850.243, 95
Trd, 4318850.493, 111
Trd, 4318852.743, 95
Trd, 4318854.743, 107
Trd, 4318854.993, 104
Trd, 4318856.793, 101
Trd, 4318856.893, 86
Trd, 4318857.043, 104
Trd, 4318857.993, 86
Trd, 4318859.093, 88
Trd, 4318860.993, 102
Trd, 4318861.343, 95
Trd, 4318862.843, 100
Trd, 4318862.993, 99
Trd, 4318864.843, 112
Trd, 4318865.793, 120
Trd, 4318866.593, 109
Trd, 4318868.643, 112
Trd, 4318869.293, 109
Trd, 4318869.593, 110
Trd, 4318871.893, 104
Trd, 4318872.293, 108
Trd, 4318873.443, 105
Trd, 4318873.993, 108
Trd, 4318876.043, 113
Trd, 4318876.443, 104
Trd, 4318877.243, 104
Trd, 4318879.543, 107
Trd, 4318880.443, 103
Trd, 4318880.593, 101
Trd, 4318881.893, 87
Trd, 4318882.443, 86
Trd, 4318882.493, 108
Trd, 4318884.943, 103
Trd, 4318886.443, 87
Trd, 4318887.993, 101
Trd, 4318888.843, 86
Trd, 4318889.743, 75
Trd, 4318891.243, 90
Trd, 4318891.693, 91
Trd, 4318892.043, 97
Trd, 4318893.893, 96
Trd, 4318894.043, 120
Trd, 4318895.593, 95
Trd, 4318897.593, 90
Trd, 4318898.043, 98
Trd, 4318898.293, 90
Trd, 4318900.693, 101
Trd, 4318900.993, 100
Trd, 4318902.043, 94
Trd, 4318902.693, 113
Trd, 4318904.143, 109
Trd, 4318904.193, 112
Trd, 4318904.693, 120
Trd, 4318904.993, 107
Trd, 4318906.093, 104
Trd, 4318909.143, 104
Trd, 4318909.743, 90
Trd, 4318909.793, 113
Trd, 4318911.243, 104
Trd, 4318913.543, 122
Trd, 4318914.043, 107
Trd, 4318914.243, 104
Trd, 4318917.693, 103
Trd, 4318918.143, 107
Trd, 4318919.293, 107
Trd, 4318921.343, 103
Trd, 4318921.793, 102
Trd, 4318922.143, 106
Trd, 4318922.193, 101
Trd, 4318922.243, 95
Trd, 4318924.493, 104
Trd, 4318926.393, 99
Trd, 4318926.793, 99
Trd, 4318928.193, 104
Trd, 4318928.493, 104
Trd, 4318929.493, 98
Trd, 4318930.343, 95
Trd, 4318931.243, 103
Trd, 4318932.743, 114
Trd, 4318933.193, 104
Trd, 4318933.393, 113
Trd, 4318934.443, 97
Trd, 4318936.943, 103
Trd, 4318937.443, 108
Trd, 4318938.443, 117
Trd, 4318939.193, 107
Trd, 4318939.643, 103
Trd, 4318940.493, 107
Trd, 4318941.643, 86
Trd, 4318943.893, 94
Trd, 4318943.993, 101
Trd, 4318946.543, 96
Trd, 4318946.743, 94
Trd, 4318947.043, 104
Trd, 4318949.193, 88
Trd, 4318950.893, 91
Trd, 4318951.793, 97
Trd, 4318953.293, 96
Trd, 4318953.693, 91
Trd, 4318954.843, 96
Trd, 4318958.293, 95
Trd, 4318958.593, 96
Trd, 4318959.393, 97
Trd, 4318959.593, 97
Trd, 4318960.493, 95
Trd, 4318960.693, 113
Trd, 4318961.893, 98
Trd, 4318962.243, 98
Trd, 4318962.793, 104
Trd, 4318964.993, 98
Trd, 4318965.143, 95
Trd, 4318965.543, 87
Trd, 4318966.743, 87
Trd, 4318967.593, 76
Trd, 4318969.493, 97
Trd, 4318970.243, 98
Trd, 4318970.943, 112
Trd, 4318971.693, 102
Trd, 4318972.643, 98
Trd, 4318973.743, 102
Trd, 4318975.293, 100
Trd, 4318976.443, 95
Trd, 4318977.543, 100
Trd, 4318978.293, 95
Trd, 4318979.193, 100
Trd, 4318980.593, 100
Trd, 4318981.893, 98
Trd, 4318982.593, 99
Trd, 4318985.593, 92
Trd, 4318985.893, 84
Trd, 4318986.743, 99
Trd, 4318988.093, 93
Trd, 4318988.493, 89
Trd, 4318989.243, 86
Trd, 4318990.093, 96
Trd, 4318990.743, 86
Trd, 4318991.643, 86
Trd, 4318993.943, 97
Trd, 4318995.943, 97
Trd, 4318996.443, 95
Trd, 4318996.893, 111
Trd, 4318997.343, 105
Trd, 4318997.743, 107
Trd, 4318998.093, 124
Trd, 4319000.043, 114
Trd, 4319000.393, 109
Trd, 4319000.743, 104
Trd, 4319001.443, 95
Trd, 4319003.093, 92
Trd, 4319003.343, 108
Trd, 4319006.843, 95
Trd, 4319007.943, 93
Trd, 4319008.143, 99
Trd, 4319009.593, 100
Trd, 4319010.143, 104
Trd, 4319010.693, 96
Trd, 4319011.943, 102
Trd, 4319012.093, 98
Trd, 4319012.793, 97
Trd, 4319013.043, 122
Trd, 4319015.893, 96
Trd, 4319017.293, 103
Trd, 4319017.993, 98
Trd, 4319018.593, 95
Trd, 4319020.143, 103
Trd, 4319020.843, 95
Trd, 4319023.843, 103
Trd, 4319024.793, 100
Trd, 4319025.543, 98
Trd, 4319025.943, 97
Trd, 4319027.693, 102
Trd, 4319027.793, 113
Trd, 4319030.643, 100
Trd, 4319031.143, 101
Trd, 4319032.643, 83
Trd, 4319034.293, 93
Trd, 4319034.443, 103
Trd, 4319036.693, 92
Trd, 4319036.993, 86
Trd, 4319037.593, 98
Trd, 4319040.193, 100
Trd, 4319040.993, 98
Trd, 4319042.293, 98
Trd, 4319042.593, 99
Trd, 4319042.643, 97
Trd, 4319042.743, 95
Trd, 4319045.393, 87
Trd, 4319046.043, 85
Trd, 4319046.893, 94
Trd, 4319047.643, 96
Trd, 4319047.843, 87
Trd, 4319050.693, 86
Trd, 4319051.443, 97
Trd, 4319053.143, 93
Trd, 4319053.543, 90
Trd, 4319053.943, 104
Trd, 4319054.643, 98
Trd, 4319055.143, 90
Trd, 4319056.043, 92
Trd, 4319059.293, 93
Trd, 4319059.993, 93
Trd, 4319060.343, 94
Trd, 4319061.243, 93
Trd, 4319062.143, 95
Trd, 4319063.643, 86
Trd, 4319064.243, 95
Trd, 4319064.743, 77
Trd, 4319065.693, 104
Trd, 4319067.243, 102
Trd, 4319067.393, 97
Trd, 4319068.443, 115
Trd, 4319068.643, 86
Trd, 4319069.743, 98
Trd, 4319071.143, 93
Trd, 4319072.643, 99
Trd, 4319073.743, 110
Trd, 4319074.043, 100
Trd, 4319076.493, 86
Trd, 4319077.343, 99
Trd, 4319078.593, 99
Trd, 4319080.943, 105
Trd, 4319081.543, 103
Trd, 4319083.143, 103
Trd, 4319083.393, 101
Trd, 4319084.643, 95
Trd, 4319085.743, 78
Trd, 4319086.743, 101
Trd, 4319087.093, 104
Trd, 4319088.343, 96
Trd, 4319088.993, 95
Trd, 4319090.243, 112
Trd, 4319091.893, 105
Trd, 4319092.993, 106
Trd, 4319093.043, 104
Trd, 4319096.193, 103
Trd, 4319096.543, 102
Trd, 4319096.643, 102
Trd, 4319097.493, 112
Trd, 4319100.243, 111
Trd, 4319101.193, 95
Trd, 4319102.243, 104
Trd, 4319102.443, 104
Trd, 4319105.743, 104
Trd, 4319106.143, 103
Trd, 4319106.543, 113
Trd, 4319107.443, 95
Trd, 4319108.393, 98
Trd, 4319108.993, 96
Trd, 4319109.643, 104
Trd, 4319109.793, 105
Trd, 4319109.943, 86
Trd, 4319111.693, 90
Trd, 4319114.543, 103
Trd, 4319115.143, 103
Trd, 4319118.093, 102
Trd, 4319118.543, 103
Trd, 4319119.593, 99
Trd, 4319120.443, 89
Trd, 4319120.593, 103
Trd, 4319121.543, 103
Trd, 4319122.543, 93
Trd, 4319122.643, 85
Trd, 4319123.993, 86
Trd, 4319125.943, 111
Trd, 4319126.293, 95
Trd, 4319126.893, 87
Trd, 4319128.893, 102
Trd, 4319130.193, 95
Trd, 4319130.743, 94
Trd, 4319133.193, 100
Trd, 4319134.993, 101
Trd, 4319135.693, 99
Trd, 4319136.443, 99
Trd, 4319137.043, 101
Trd, 4319137.393, 99
Trd, 4319138.843, 101
Trd, 4319139.243, 95
Trd, 4319139.743, 104
Trd, 4319141.943, 96
Trd, 4319144.143, 98
Trd, 4319144.293, 94
Trd, 4319145.143, 95
Trd, 4319145.343, 100
Trd, 4319145.793, 95
Trd, 4319146.543, 92
Trd, 4319147.643, 100
Trd, 4319150.643, 100
Trd, 4319150.693, 111
Trd, 4319151.193, 122
Trd, 4319151.393, 100
Trd, 4319154.193, 99
Trd, 4319155.593, 95
Trd, 4319156.243, 78
Trd, 4319156.843, 86
Trd, 4319157.643, 95
Trd, 4319158.593, 95
Trd, 4319161.693, 106
Trd, 4319161.893, 105
Trd, 4319162.393, 104
Trd, 4319162.793, 87
Trd, 4319164.643, 92
Trd, 4319165.193, 110
Trd, 4319165.943, 87
Trd, 4319167.943, 117
Trd, 4319169.443, 88
Trd, 4319170.243, 95
Trd, 4319172.143, 88
Trd, 4319172.793, 87
Trd, 4319172.943, 99
Trd, 4319173.643, 92
Trd, 4319175.893, 94
Trd, 4319176.593, 94
Trd, 4319177.043, 97
Trd, 4319178.193, 93
Trd, 4319180.043, 95
Trd, 4319180.443, 93
Trd, 4319181.243, 115
Trd, 4319181.643, 95
Trd, 4319182.393, 97
Trd, 4319184.993, 96
Trd, 4319185.543, 96
Trd, 4319187.043, 100
Trd, 4319187.943, 96
Trd, 4319187.993, 97
Trd, 4319188.243, 86
Trd, 4319190.443, 92
Trd, 4319190.893, 93
Trd, 4319190.993, 99
Trd, 4319193.543, 95
Trd, 4319194.843, 97
Trd, 4319195.843, 97
Trd, 4319198.143, 96
Trd, 4319198.793, 116
Trd, 4319199.693, 103
Trd, 4319199.843, 103
Trd, 4319200.143, 96
Trd, 4319201.493, 88
Trd, 4319201.743, 90
Trd, 4319204.243, 112
Trd, 4319204.293, 114
Trd, 4319204.493, 110
Trd, 4319206.043, 108
Trd, 4319206.443, 108
Trd, 4319206.943, 104
Trd, 4319207.293, 95
Trd, 4319213.743, 104
Trd, 4319213.793, 101
Trd, 4319213.943, 86
Trd, 4319214.193, 104
Trd, 4319214.993, 95
Trd, 4319215.793, 113
Trd, 4319216.243, 106
Trd, 4319217.093, 106
Trd, 4319217.443, 105
Trd, 4319219.193, 87
Trd, 4319220.993, 99
Trd, 4319221.193, 95
Trd, 4319222.593, 90
Trd, 4319222.893, 104
Trd, 4319223.093, 90
Trd, 4319225.543, 90
Trd, 4319227.093, 77
Trd, 4319228.893, 92
Trd, 4319229.093, 91
Trd, 4319229.943, 95
Trd, 4319231.493, 93
Trd, 4319231.843, 95
Trd, 4319232.893, 104
Trd, 4319234.443, 98
Trd, 4319235.293, 96
Trd, 4319236.343, 96
Trd, 4319236.443, 95
Trd, 4319238.393, 92
Trd, 4319239.343, 97
Trd, 4319240.693, 98
Trd, 4319241.043, 86
Trd, 4319243.393, 94
Trd, 4319243.793, 95
Trd, 4319245.043, 95
Trd, 4319245.943, 95
Trd, 4319245.993, 96
Trd, 4319248.743, 94
Trd, 4319249.143, 96
Trd, 4319249.193, 103
Trd, 4319249.243, 115
Trd, 4319251.843, 95
Trd, 4319252.693, 118
Trd, 4319253.043, 94
Trd, 4319254.393, 108
Trd, 4319255.743, 112
Trd, 4319256.593, 87
Trd, 4319256.743, 101
Trd, 4319258.143, 99
Trd, 4319259.693, 88
Trd, 4319261.643, 92
Trd, 4319263.843, 96
Trd, 4319264.143, 97
Trd, 4319265.493, 94
Trd, 4319265.993, 93
Trd, 4319266.643, 104
Trd, 4319268.143, 93
Trd, 4319268.543, 97
Trd, 4319270.793, 111
Trd, 4319270.993, 112
Trd, 4319271.143, 104
Trd, 4319271.943, 113
Trd, 4319272.693, 107
Trd, 4319273.143, 106
Trd, 4319275.293, 103
Trd, 4319276.243, 104
Trd, 4319277.543, 112
Trd, 4319278.193, 89
Trd, 4319280.743, 97
Trd, 4319281.093, 97
Trd, 4319281.343, 104
Trd, 4319282.593, 103
Trd, 4319284.293, 88
Trd, 4319284.393, 76
Trd, 4319284.943, 85
Trd, 4319284.993, 101
Trd, 4319288.993, 96
Trd, 4319289.243, 104
Trd, 4319290.243, 113
Trd, 4319291.143, 109
Trd, 4319292.043, 104
Trd, 4319292.493, 114
Trd, 4319293.393, 113
Trd, 4319293.543, 123
Trd, 4319294.343, 113
Trd, 4319295.843, 86
Trd, 4319298.443, 90
Trd, 4319298.843, 92
Trd, 4319299.243, 104
Trd, 4319301.243, 104
Trd, 4319302.943, 95
Trd, 4319304.093, 100
Trd, 4319304.943, 87
Trd, 4319305.793, 96
Trd, 4319307.843, 92
Trd, 4319307.993, 97
Trd, 4319310.543, 97
Trd, 4319311.293, 103
Trd, 4319311.693, 95
Trd, 4319312.343, 91
Trd, 4319314.493, 96
Trd, 4319315.093, 112
Trd, 4319315.243, 95
Trd, 4319316.543, 95
Trd, 4319316.943, 96
Trd, 4319319.493, 101
Trd, 4319321.043, 113
Trd, 4319321.693, 109
Trd, 4319322.343, 109
Trd, 4319322.643, 116
Trd, 4319324.393, 113
Trd, 4319324.643, 108
Trd, 4319326.093, 104
Trd, 4319326.843, 95
Trd, 4319327.643, 100
Trd, 4319327.793, 106
Trd, 4319330.593, 97
Trd, 4319331.443, 104
Trd, 4319332.243, 97
Trd, 4319334.193, 95
Trd, 4319334.793, 101
Trd, 4319336.093, 96
Trd, 4319337.693, 101
Trd, 4319338.193, 101
Trd, 4319338.593, 96
Trd, 4319338.893, 95
Trd, 4319340.543, 110
Trd, 4319341.993, 95
Trd, 4319342.793, 102
Trd, 4319343.243, 97
Trd, 4319344.593, 102
Trd, 4319345.643, 99
Trd, 4319346.293, 99
Trd, 4319348.893, 97
Trd, 4319350.393, 101
Trd, 4319352.543, 99
Trd, 4319352.743, 101
Trd, 4319353.043, 98
Trd, 4319355.543, 104
Trd, 4319355.743, 96
Trd, 4319356.443, 101
Trd, 4319356.593, 102
Trd, 4319357.243, 85
Trd, 4319358.943, 102
Trd, 4319359.743, 76
Trd, 4319360.243, 87
Trd, 4319361.993, 97
Trd, 4319362.793, 113
Trd, 4319364.793, 110
Trd, 4319366.393, 108
Trd, 4319366.643, 104
Trd, 4319367.343, 111
Trd, 4319368.293, 88
Trd, 4319368.943, 87
Trd, 4319369.193, 86
Trd, 4319372.943, 95
Trd, 4319373.543, 95
Trd, 4319374.493, 98
Trd, 4319374.793, 104
Trd, 4319375.043, 93
Trd, 4319376.443, 87
Trd, 4319376.543, 85
Trd, 4319378.493, 96
Trd, 4319380.793, 95
Trd, 4319381.193, 89
Trd, 4319382.243, 104
Trd, 4319382.293, 82
Trd, 4319383.593, 99
Trd, 4319385.693, 93
Trd, 4319387.893, 97
Trd, 4319388.543, 96
Trd, 4319388.943, 92
Trd, 4319389.393, 93
Trd, 4319391.843, 92
Trd, 4319392.493, 95
Trd, 4319392.993, 91
Trd, 4319393.243, 92
Trd, 4319394.393, 95
Trd, 4319395.693, 104
Trd, 4319395.743, 90
Trd, 4319397.493, 91
Trd, 4319398.143, 95
Trd, 4319399.143, 94
Trd, 4319400.343, 94
Trd, 4319400.693, 96
Trd, 4319401.293, 95
Trd, 4319401.743, 95
Trd, 4319403.193, 113
Trd, 4319403.493, 101
Trd, 4319405.393, 104
Trd, 4319406.393, 86
Trd, 4319407.943, 98
Trd, 4319408.793, 98
Trd, 4319410.043, 102
Trd, 4319410.193, 95
Trd, 4319410.243, 104
Trd, 4319410.443, 86
Trd, 4319412.693, 91
Trd, 4319412.743, 98
Trd, 4319413.343, 89
Trd, 4319415.393, 90
Trd, 4319416.443, 115
Trd, 4319416.593, 99
Trd, 4319418.193, 100
Trd, 4319419.093, 88
Trd, 4319419.993, 98
Trd, 4319422.293, 98
Trd, 4319422.493, 96
Trd, 4319422.693, 95
Trd, 4319424.343, 98
Trd, 4319425.493, 107
Trd, 4319426.593, 111
Trd, 4319426.793, 104
Trd, 4319427.743, 106
Trd, 4319429.193, 107
Trd, 4319429.993, 107
Trd, 4319431.493, 87
Trd, 4319431.743, 104
Trd, 4319432.843, 98
Trd, 4319433.793, 102
Trd, 4319434.643, 99
Trd, 4319437.943, 104
Trd, 4319437.993, 115
Trd, 4319438.893, 102
Trd, 4319439.443, 103
Trd, 4319439.493, 104
Trd, 4319440.793, 87
Trd, 4319441.493, 87
Trd, 4319442.493, 88
Trd, 4319443.143, 98
Trd, 4319445.293, 86
Trd, 4319446.943, 97
Trd, 4319448.693, 104
Trd, 4319449.143, 98
Trd, 4319449.393, 97
Trd, 4319449.793, 98
Trd, 4319450.043, 95
Trd, 4319450.643, 112
Trd, 4319451.993, 103
Trd, 4319454.043, 103
Trd, 4319454.893, 113
Trd, 4319456.143, 101
Trd, 4319456.243, 89
Trd, 4319458.543, 101
Trd, 4319459.793, 104
Trd, 4319459.993, 99
Trd, 4319460.543, 102
Trd, 4319461.143, 97
Trd, 4319461.343, 86
Trd, 4319463.043, 78
Trd, 4319464.643, 102
Trd, 4319465.343, 104
Trd, 4319466.493, 92
Trd, 4319466.843, 99
Trd, 4319468.393, 92
Trd, 4319469.343, 88
Trd, 4319469.443, 123
Trd, 4319472.843, 113
Trd, 4319473.093, 110
Trd, 4319474.243, 113
Trd, 4319475.193, 108
Trd, 4319476.843, 109
Trd, 4319477.243, 89
Trd, 4319478.343, 88
Trd, 4319480.993, 104
Trd, 4319481.093, 93
Trd, 4319481.693, 104
Trd, 4319483.143, 115
Trd, 4319484.793, 102
Trd, 4319485.193, 101
Trd, 4319486.243, 100
Trd, 4319486.443, 107
Trd, 4319486.993, 95
Trd, 4319487.993, 87
Trd, 4319490.943, 96
Trd, 4319491.593, 104
Trd, 4319492.443, 97
Trd, 4319492.993, 115
Trd, 4319494.443, 99
Trd, 4319495.693, 104
Trd, 4319496.793, 103
Trd, 4319498.043, 104
Trd, 4319498.793, 95
Trd, 4319499.393, 86
Trd, 4319500.143, 103
Trd, 4319501.343, 101
Trd, 4319502.293, 104
Trd, 4319502.393, 100
Trd, 4319504.093, 122
Trd, 4319504.443, 101
Trd, 4319504.693, 102
Trd, 4319507.793, 104
Trd, 4319508.243, 102
Trd, 4319508.743, 105
Trd, 4319509.243, 95
Trd, 4319510.393, 89
Trd, 4319512.193, 96
Trd, 4319512.293, 86
Trd, 4319512.893, 102
Trd, 4319515.543, 98
Trd, 4319515.993, 99
Trd, 4319516.543, 99
Trd, 4319517.993, 75
Trd, 4319519.443, 89
Trd, 4319519.793, 94
Trd, 4319520.143, 86
Trd, 4319521.293, 113
Trd, 4319521.643, 109
Trd, 4319522.843, 113
Trd, 4319524.543, 109
Trd, 4319525.143, 113
Trd, 4319526.843, 102
Trd, 4319527.243, 98
Trd, 4319528.593, 102
Trd, 4319529.893, 88
Trd, 4319530.593, 90
Trd, 4319530.843, 96
Trd, 4319531.243, 86
Trd, 4319533.643, 88
Trd, 4319533.693, 96
Trd, 4319534.793, 87
Trd, 4319534.993, 104
Trd, 4319537.343, 98
Trd, 4319538.593, 98
Trd, 4319538.893, 94
Trd, 4319540.093, 98
Trd, 4319540.143, 104
Trd, 4319541.743, 84
Trd, 4319543.593, 98
Trd, 4319543.643, 89
Trd, 4319544.393, 87
Trd, 4319545.443, 91
Trd, 4319549.993, 89
Trd, 4319550.393, 94
Trd, 4319550.643, 96
Trd, 4319552.143, 101
Trd, 4319552.543, 94
Trd, 4319552.643, 93
Trd, 4319552.793, 98
Trd, 4319554.143, 100
Trd, 4319554.543, 96
Trd, 4319555.893, 86
Trd, 4319557.793, 99
Trd, 4319558.093, 112
Trd, 4319558.543, 95
Trd, 4319559.193, 113
Trd, 4319560.543, 108
Trd, 4319561.843, 113
Trd, 4319563.543, 111
Trd, 4319564.393, 116
Trd, 4319565.093, 108
Trd, 4319565.443, 104
Trd, 4319567.943, 104
Trd, 4319569.343, 105
Trd, 4319570.293, 103
Trd, 4319571.243, 104
Trd, 4319572.043, 103
Trd, 4319573.793, 108
Trd, 4319574.143, 112
Trd, 4319574.243, 106
Trd, 4319574.393, 104
Trd, 4319577.343, 103
Trd, 4319578.293, 104
Trd, 4319580.093, 104
Trd, 4319580.243, 103
Trd, 4319580.793, 95
Trd, 4319581.943, 97
Trd, 4319582.343, 105
Trd, 4319585.543, 86
Trd, 4319585.793, 78
Trd, 4319586.143, 102
Trd, 4319587.193, 118
Trd, 4319587.243, 85
Trd, 4319589.093, 93
Trd, 4319589.293, 104
Trd, 4319590.843, 104
Trd, 4319591.393, 94
Trd, 4319592.093, 90
Trd, 4319595.493, 90
Trd, 4319595.843, 98
Trd, 4319596.843, 99
Trd, 4319597.743, 94
Trd, 4319598.743, 92
Trd, 4319599.593, 91
Trd, 4319601.793, 95
Trd, 4319602.793, 98
Trd, 4319603.693, 104
Trd, 4319604.343, 100
Trd, 4319604.993, 97
Trd, 4319606.643, 99
Trd, 4319606.743, 119
Trd, 4319607.143, 90
Trd, 4319608.793, 113
Trd, 4319609.293, 86
Trd, 4319611.643, 96
Trd, 4319611.843, 95
Trd, 4319614.193, 99
Trd, 4319615.043, 99
Trd, 4319617.343, 96
Trd, 4319617.843, 95
Trd, 4319619.343, 104
Trd, 4319619.693, 95
Trd, 4319620.243, 95
Trd, 4319621.443, 86
Trd, 4319623.843, 92
Trd, 4319623.893, 93
Trd, 4319625.343, 97
Trd, 4319625.643, 93
Trd, 4319626.543, 95
Trd, 4319627.243, 96
Trd, 4319630.543, 95
Trd, 4319631.243, 96
Trd, 4319631.793, 95
Trd, 4319631.993, 95
Trd, 4319632.643, 104
Trd, 4319634.293, 99
Trd, 4319636.093, 97
Trd, 4319636.543, 95
Trd, 4319637.293, 99
Trd, 4319637.393, 95
Trd, 4319640.493, 106
Trd, 4319641.993, 114
Trd, 4319642.543, 105
Trd, 4319642.943, 87
Trd, 4319643.943, 95
Trd, 4319644.243, 93
Trd, 4319645.093, 100
Trd, 4319646.293, 91
Trd, 4319646.893, 113
Trd, 4319648.943, 92
Trd, 4319652.543, 101
Trd, 4319653.093, 100
Trd, 4319653.143, 97
Trd, 4319653.393, 101
Trd, 4319653.593, 96
Trd, 4319654.443, 104
Trd, 4319655.543, 87
Trd, 4319656.093, 66
Trd, 4319658.493, 113
Trd, 4319659.893, 112
Trd, 4319660.343, 114
Trd, 4319660.443, 104
Trd, 4319663.043, 109
Trd, 4319663.693, 106
Trd, 4319664.193, 104
Trd, 4319665.743, 109
Trd, 4319666.193, 103
Trd, 4319669.043, 102
Trd, 4319669.193, 104
Trd, 4319670.093, 95
Trd, 4319670.243, 104
Trd, 4319671.643, 97
Trd, 4319675.343, 102
Trd, 4319675.393, 100
Trd, 4319676.993, 87
Trd, 4319679.143, 94
Trd, 4319679.243, 97
Trd, 4319680.493, 95
Trd, 4319680.793, 98
Trd, 4319680.843, 104
Trd, 4319683.393, 99
Trd, 4319684.443, 96
Trd, 4319686.293, 96
Trd, 4319687.643, 95
Trd, 4319688.143, 97
Trd, 4319688.743, 87
Trd, 4319689.543, 96
Trd, 4319691.243, 104
Trd, 4319691.343, 92
Trd, 4319692.693, 103
Trd, 4319693.443, 102
Trd, 4319694.043, 117
Trd, 4319694.243, 85
Trd, 4319695.843, 92
Trd, 4319697.143, 90
Trd, 4319697.493, 76
Trd, 4319697.843, 97
Trd, 4319697.893, 104
Trd, 4319700.643, 89
Trd, 4319702.343, 101
Trd, 4319704.793, 95
Trd, 4319704.843, 113
Trd, 4319706.243, 104
Trd, 4319706.493, 107
Trd, 4319707.093, 104
Trd, 4319707.593, 107
Trd, 4319708.043, 103
Trd, 4319709.743, 95
Trd, 4319710.343, 122
Trd, 4319712.943, 101
Trd, 4319713.243, 104
Trd, 4319714.243, 99
Trd, 4319715.243, 99
Trd, 4319715.343, 98
Trd, 4319716.393, 122
Trd, 4319717.943, 99
Trd, 4319719.793, 103
Trd, 4319720.743, 97
Trd, 4319721.493, 96
Trd, 4319722.893, 86
Trd, 4319724.493, 103
Trd, 4319725.693, 102
Trd, 4319726.893, 113
Trd, 4319727.543, 104
Trd, 4319727.643, 104
Trd, 4319728.793, 95
Trd, 4319728.843, 100
Trd, 4319732.793, 99
Trd, 4319732.893, 95
Trd, 4319733.393, 100
Trd, 4319733.543, 86
Trd, 4319734.943, 101
Trd, 4319736.493, 101
Trd, 4319737.993, 113
Trd, 4319739.093, 106
Trd, 4319739.393, 108
Trd, 4319739.743, 96
Trd, 4319742.093, 104
Trd, 4319742.293, 95
Trd, 4319743.243, 87
Trd, 4319743.493, 103
Trd, 4319746.143, 99
Trd, 4319747.193, 98
Trd, 4319747.293, 104
Trd, 4319748.743, 97
Trd, 4319749.293, 95
Trd, 4319749.493, 101
Trd, 4319752.693, 102
Trd, 4319753.043, 98
Trd, 4319753.943, 101
Trd, 4319754.393, 113
Trd, 4319755.993, 103
Trd, 4319756.793, 103
Trd, 4319757.443, 114
Trd, 4319757.793, 113
Trd, 4319758.693, 109
Trd, 4319761.693, 95
Trd, 4319762.093, 95
Trd, 4319762.943, 97
Trd, 4319763.543, 86
Trd, 4319764.443, 87
Trd, 4319765.343, 97
Trd, 4319766.643, 92
Trd, 4319768.743, 99
Trd, 4319770.443, 97
Trd, 4319770.693, 95
Trd, 4319772.643, 95
Trd, 4319773.193, 97
Trd, 4319774.293, 97
Trd, 4319775.393, 96
Trd, 4319776.943, 97
Trd, 4319777.143, 96
Trd, 4319778.143, 76
Trd, 4319780.393, 97
Trd, 4319780.993, 88
Trd, 4319782.543, 94
Trd, 4319782.643, 95
Trd, 4319784.493, 94
Trd, 4319784.793, 92
Trd, 4319785.343, 95
Trd, 4319786.493, 95
Trd, 4319789.293, 113
Trd, 4319790.643, 110
Trd, 4319791.743, 109
Trd, 4319792.043, 104
Trd, 4319792.243, 107
Trd, 4319793.293, 95
Trd, 4319793.543, 87
Trd, 4319795.443, 95
Trd, 4319796.243, 103
Trd, 4319797.093, 105
Trd, 4319797.993, 95
Trd, 4319798.443, 76
Trd, 4319800.193, 87
Trd, 4319801.443, 96
Trd, 4319802.543, 88
Trd, 4319803.943, 92
Trd, 4319804.643, 96
Trd, 4319805.843, 96
Trd, 4319806.793, 96
Trd, 4319807.193, 95
Trd, 4319809.093, 96
Trd, 4319809.243, 76
Trd, 4319810.593, 104
Trd, 4319811.593, 95
Trd, 4319812.543, 95
Trd, 4319812.993, 96
Trd, 4319813.043, 115
Trd, 4319815.343, 113
Trd, 4319815.393, 106
Trd, 4319815.693, 104
Trd, 4319817.043, 106
Trd, 4319819.293, 102
Trd, 4319819.593, 86
Trd, 4319819.843, 120
Trd, 4319821.693, 99
Trd, 4319822.643, 98
Trd, 4319824.993, 108
Trd, 4319825.493, 98
Trd, 4319828.643, 97
Trd, 4319828.893, 95
Trd, 4319829.593, 100
Trd, 4319829.943, 86
Trd, 4319830.443, 89
Trd, 4319831.893, 96
Trd, 4319831.993, 77
Trd, 4319832.393, 91
Trd, 4319833.843, 104
Trd, 4319835.243, 91
Trd, 4319837.443, 118
Trd, 4319838.543, 91
Trd, 4319839.743, 96
Trd, 4319840.093, 90
Trd, 4319840.893, 90
Trd, 4319841.443, 97
Trd, 4319843.393, 92
Trd, 4319843.593, 91
Trd, 4319845.093, 97
Trd, 4319846.343, 91
Trd, 4319846.693, 97
Trd, 4319848.643, 104
Trd, 4319849.593, 97
Trd, 4319850.643, 94
Trd, 4319852.543, 94
Trd, 4319852.743, 91
Trd, 4319854.793, 91
Trd, 4319855.243, 91
Trd, 4319855.743, 104
Trd, 4319857.493, 111
Trd, 4319857.893, 100
Trd, 4319858.893, 97
Trd, 4319860.143, 95
Trd, 4319861.943, 97
Trd, 4319863.293, 95
Trd, 4319863.693, 104
Trd, 4319864.643, 96
Trd, 4319864.943, 98
Trd, 4319867.893, 113
Trd, 4319867.943, 106
Trd, 4319868.443, 108
Trd, 4319869.393, 104
Trd, 4319869.693, 95
Trd, 4319871.243, 101
Trd, 4319871.593, 98
Trd, 4319872.543, 84
Trd, 4319874.143, 90
Trd, 4319874.543, 98
Trd, 4319877.243, 95
Trd, 4319877.993, 97
Trd, 4319878.543, 113
Trd, 4319879.043, 95
Trd, 4319881.043, 98
Trd, 4319881.443, 90
Trd, 4319881.793, 89
Trd, 4319882.543, 97
Trd, 4319883.343, 117
Trd, 4319885.543, 104
Trd, 4319886.793, 103
Trd, 4319886.943, 101
Trd, 4319888.293, 101
Trd, 4319889.393, 88
Trd, 4319890.693, 113
Trd, 4319890.793, 94
Trd, 4319892.393, 94
Trd, 4319892.743, 103
Trd, 4319894.293, 112
Trd, 4319894.893, 106
Trd, 4319897.593, 104
Trd, 4319897.743, 95
Trd, 4319899.043, 100
Trd, 4319899.443, 99
Trd, 4319899.793, 105
Trd, 4319901.343, 113
Trd, 4319901.793, 133
Trd, 4319902.743, 112
Trd, 4319904.693, 111
Trd, 4319906.193, 109
Trd, 4319906.293, 104
Trd, 4319907.693, 109
Trd, 4319908.943, 108
Trd, 4319910.693, 104
Trd, 4319913.143, 101
Trd, 4319913.193, 104
Trd, 4319914.443, 89
Trd, 4319914.643, 81
Trd, 4319915.643, 89
Trd, 4319916.593, 91
Trd, 4319917.593, 91
Trd, 4319918.993, 92
Trd, 4319921.593, 95
Trd, 4319922.693, 96
Trd, 4319923.043, 97
Trd, 4319923.093, 96
Trd, 4319923.693, 97
Trd, 4319924.193, 131
Trd, 4319926.543, 112
Trd, 4319927.343, 106
Trd, 4319928.793, 108
Trd, 4319929.293, 111
Trd, 4319929.493, 104
Trd, 4319930.693, 95
Trd, 4319930.893, 76
Trd, 4319931.643, 118
Trd, 4319932.943, 112
Trd, 4319934.693, 89
Trd, 4319934.743, 86
Trd, 4319937.993, 99
Trd, 4319938.093, 103
Trd, 4319939.343, 104
Trd, 4319940.193, 98
Trd, 4319940.743, 104
Trd, 4319941.643, 104
Trd, 4319943.393, 107
Trd, 4319945.193, 104
Trd, 4319946.043, 102
Trd, 4319947.393, 104
Trd, 4319948.943, 112
Trd, 4319949.643, 104
Trd, 4319949.693, 104
Trd, 4319950.893, 109
Trd, 4319951.293, 106
Trd, 4319951.343, 95
Trd, 4319952.943, 114
Trd, 4319953.293, 110
Trd, 4319955.643, 109
Trd, 4319955.943, 112
Trd, 4319957.443, 95
Trd, 4319960.643, 102
Trd, 4319960.893, 106
Trd, 4319960.993, 101
Trd, 4319962.493, 89
Trd, 4319962.993, 96
Trd, 4319963.893, 95
Trd, 4319966.843, 95
Trd, 4319966.943, 100
Trd, 4319969.343, 98
Trd, 4319969.443, 104
Trd, 4319970.243, 97
Trd, 4319972.393, 95
Trd, 4319973.043, 87
Trd, 4319973.293, 96
Trd, 4319973.793, 96
Trd, 4319974.893, 96
Trd, 4319975.743, 94
Trd, 4319976.643, 93
Trd, 4319978.743, 96
Trd, 4319979.243, 93
Trd, 4319979.343, 96
Trd, 4319980.293, 104
Trd, 4319980.943, 104
Trd, 4319982.443, 103
Trd, 4319983.093, 102
Trd, 4319984.793, 89
Trd, 4319986.093, 94
Trd, 4319986.493, 102
Trd, 4319988.743, 93
Trd, 4319989.293, 98
Trd, 4319989.343, 89
Trd, 4319991.843, 93
Trd, 4319992.393, 97
Trd, 4319993.243, 95
Trd, 4319994.343, 97
Trd, 4319994.443, 104
Trd, 4319996.593, 104
Trd, 4319996.993, 109
Trd, 4319997.793, 105
Trd, 4319998.693, 103
Trd, 4319999.693, 86
