Trd, 4317904.643, 96
Trd, 4317904.943, 104
Trd, 4317905.393, 113
Trd, 4317905.793, 96
Trd, 4317907.593, 95
Trd, 4317908.693, 94
Trd, 4317910.043, 102
Trd, 4317911.193, 139
Trd, 4317913.093, 109
Trd, 4317913.143, 95
Trd, 4317913.643, 95
Trd, 4317914.343, 84
Trd, 4317916.243, 107
Trd, 4317918.943, 99
Trd, 4317919.993, 98
Trd, 4317920.993, 98
Trd, 4317922.193, 97
Trd, 4317923.693, 97
Trd, 4317924.143, 99
Trd, 4317925.143, 97
Trd, 4317925.293, 98
Trd, 4317925.593, 97
Trd, 4317928.643, 96
Trd, 4317929.193, 96
Trd, 4317931.093, 98
Trd, 4317931.493, 98
Trd, 4317933.893, 97
Trd, 4317935.743, 97
Trd, 4317936.043, 97
Trd, 4317939.793, 98
Trd, 4317942.293, 98
Trd, 4317942.993, 96
Trd, 4317943.243, 96
Trd, 4317944.593, 98
Trd, 4317945.743, 96
Trd, 4317946.893, 98
Trd, 4317948.143, 96
Trd, 4317950.443, 97
Trd, 4317951.543, 97
Trd, 4317951.993, 97
Trd, 4317952.543, 97
Trd, 4317953.243, 99
Trd, 4317954.043, 101
Trd, 4317954.543, 96
Trd, 4317957.193, 99
Trd, 4317957.893, 96
Trd, 4317959.143, 95
Trd, 4317959.893, 95
Trd, 4317960.643, 99
Trd, 4317962.393, 95
Trd, 4317962.443, 99
Trd, 4317963.093, 95
Trd, 4317964.093, 99
Trd, 4317968.343, 97
Trd, 4317968.443, 97
Trd, 4317968.493, 99
Trd, 4317971.093, 98
Trd, 4317971.443, 96
Trd, 4317973.743, 96
Trd, 4317973.943, 98
Trd, 4317974.143, 95
Trd, 4317975.993, 95
Trd, 4317976.193, 104
Trd, 4317978.793, 95
Trd, 4317981.493, 99
Trd, 4317985.243, 99
Trd, 4317985.293, 94
Trd, 4317987.043, 98
Trd, 4317987.593, 94
Trd, 4317988.843, 98
Trd, 4317989.193, 94
Trd, 4317991.293, 95
Trd, 4317991.443, 97
Trd, 4317992.193, 95
Trd, 4317992.793, 96
Trd, 4317994.243, 97
Trd, 4317996.293, 97
Trd, 4317998.093, 96
Trd, 4317998.593, 97
Trd, 4317999.293, 115
Trd, 4318000.143, 103
Trd, 4318000.693, 102
Trd, 4318001.443, 102
Trd, 4318001.693, 108
Trd, 4318003.193, 103
Trd, 4318004.493, 101
Trd, 4318005.343, 99
Trd, 4318006.293, 105
Trd, 4318007.443, 98
Trd, 4318009.693, 94
Trd, 4318009.943, 75
Trd, 4318011.493, 93
Trd, 4318011.893, 89
Trd, 4318012.293, 98
Trd, 4318012.893, 106
Trd, 4318013.043, 115
Trd, 4318014.893, 100
Trd, 4318017.193, 89
Trd, 4318017.293, 84
Trd, 4318018.843, 98
Trd, 4318019.143, 104
Trd, 4318021.143, 95
Trd, 4318023.443, 95
Trd, 4318024.543, 94
Trd, 4318025.393, 95
Trd, 4318025.593, 95
Trd, 4318025.943, 93
Trd, 4318027.593, 94
Trd, 4318027.743, 95
Trd, 4318030.543, 93
Trd, 4318032.543, 95
Trd, 4318032.693, 95
Trd, 4318033.593, 92
Trd, 4318033.693, 91
Trd, 4318035.093, 94
Trd, 4318036.143, 104
Trd, 4318036.343, 97
Trd, 4318038.193, 95
Trd, 4318038.793, 97
Trd, 4318039.193, 94
Trd, 4318039.343, 94
Trd, 4318041.043, 122
Trd, 4318043.393, 98
Trd, 4318044.893, 97
Trd, 4318045.493, 93
Trd, 4318047.743, 97
Trd, 4318049.393, 95
Trd, 4318051.243, 96
Trd, 4318051.393, 95
Trd, 4318054.293, 96
Trd, 4318059.393, 95
Trd, 4318059.543, 95
Trd, 4318060.143, 96
Trd, 4318062.343, 96
Trd, 4318062.693, 96
Trd, 4318064.943, 95
Trd, 4318065.143, 96
Trd, 4318067.193, 95
Trd, 4318067.693, 97
Trd, 4318068.843, 99
Trd, 4318068.943, 96
Trd, 4318069.743, 97
Trd, 4318069.793, 106
Trd, 4318070.693, 96
Trd, 4318071.043, 102
Trd, 4318071.793, 96
Trd, 4318074.843, 95
Trd, 4318075.643, 95
Trd, 4318075.993, 113
Trd, 4318076.993, 104
Trd, 4318079.343, 98
Trd, 4318079.443, 103
Trd, 4318079.943, 98
Trd, 4318081.243, 97
Trd, 4318082.043, 103
Trd, 4318086.093, 103
Trd, 4318086.243, 97
Trd, 4318087.443, 96
Trd, 4318087.993, 103
Trd, 4318090.343, 99
Trd, 4318091.993, 95
Trd, 4318092.943, 99
Trd, 4318093.143, 95
Trd, 4318095.743, 95
Trd, 4318095.993, 98
Trd, 4318097.143, 98
Trd, 4318097.643, 97
Trd, 4318099.393, 97
Trd, 4318100.893, 98
Trd, 4318101.043, 96
Trd, 4318102.193, 99
Trd, 4318102.243, 95
Trd, 4318104.393, 103
Trd, 4318105.643, 104
Trd, 4318106.543, 103
Trd, 4318107.693, 101
Trd, 4318108.643, 102
Trd, 4318109.643, 103
Trd, 4318110.793, 101
Trd, 4318112.893, 100
Trd, 4318113.793, 101
Trd, 4318115.093, 100
Trd, 4318115.643, 99
Trd, 4318116.493, 97
Trd, 4318118.543, 104
Trd, 4318121.693, 96
Trd, 4318122.543, 101
Trd, 4318123.343, 100
Trd, 4318123.743, 101
Trd, 4318124.393, 97
Trd, 4318124.893, 95
Trd, 4318125.193, 104
Trd, 4318125.643, 113
Trd, 4318128.193, 94
Trd, 4318129.493, 95
Trd, 4318129.943, 99
Trd, 4318130.893, 95
Trd, 4318132.193, 95
Trd, 4318134.943, 94
Trd, 4318135.993, 96
Trd, 4318138.293, 95
Trd, 4318138.543, 96
Trd, 4318140.993, 95
Trd, 4318141.843, 96
Trd, 4318142.093, 96
Trd, 4318144.893, 94
Trd, 4318145.743, 96
Trd, 4318146.643, 96
Trd, 4318147.343, 95
Trd, 4318148.743, 94
Trd, 4318149.393, 94
Trd, 4318150.893, 97
Trd, 4318150.993, 93
Trd, 4318151.143, 104
Trd, 4318153.793, 97
Trd, 4318154.943, 95
Trd, 4318156.793, 97
Trd, 4318157.693, 94
Trd, 4318158.793, 95
Trd, 4318159.793, 95
Trd, 4318159.943, 94
Trd, 4318160.093, 105
Trd, 4318161.393, 96
Trd, 4318162.693, 92
Trd, 4318165.143, 95
Trd, 4318165.543, 93
Trd, 4318166.343, 102
Trd, 4318168.943, 99
Trd, 4318168.993, 93
Trd, 4318169.943, 99
Trd, 4318170.293, 93
Trd, 4318170.843, 91
Trd, 4318171.993, 99
Trd, 4318174.293, 93
Trd, 4318178.693, 97
Trd, 4318179.393, 97
Trd, 4318179.493, 95
Trd, 4318181.993, 95
Trd, 4318182.393, 97
Trd, 4318184.493, 97
Trd, 4318184.693, 94
Trd, 4318185.193, 94
Trd, 4318186.293, 95
Trd, 4318189.693, 97
Trd, 4318190.743, 97
Trd, 4318191.843, 96
Trd, 4318193.743, 98
Trd, 4318194.893, 98
Trd, 4318195.193, 99
Trd, 4318195.793, 98
Trd, 4318196.193, 104
Trd, 4318197.593, 97
Trd, 4318200.293, 96
Trd, 4318200.693, 98
Trd, 4318201.543, 100
Trd, 4318202.893, 104
Trd, 4318205.243, 95
Trd, 4318206.193, 95
Trd, 4318206.793, 94
Trd, 4318208.993, 94
Trd, 4318209.043, 97
Trd, 4318209.293, 95
Trd, 4318210.643, 96
Trd, 4318211.693, 94
Trd, 4318214.893, 96
Trd, 4318216.193, 96
Trd, 4318217.393, 97
Trd, 4318217.493, 95
Trd, 4318219.943, 94
Trd, 4318219.993, 97
Trd, 4318223.743, 95
Trd, 4318225.743, 97
Trd, 4318225.793, 97
Trd, 4318226.293, 94
Trd, 4318228.393, 104
Trd, 4318229.643, 93
Trd, 4318230.493, 93
Trd, 4318230.943, 100
Trd, 4318232.043, 92
Trd, 4318232.693, 97
Trd, 4318234.693, 95
Trd, 4318234.893, 93
Trd, 4318235.143, 98
Trd, 4318237.043, 92
Trd, 4318238.293, 96
Trd, 4318241.093, 94
Trd, 4318242.043, 96
Trd, 4318242.443, 94
Trd, 4318243.343, 93
Trd, 4318245.193, 96
Trd, 4318246.243, 95
Trd, 4318247.443, 96
Trd, 4318249.043, 93
Trd, 4318250.543, 96
Trd, 4318251.243, 96
Trd, 4318251.893, 95
Trd, 4318252.643, 95
Trd, 4318254.693, 95
Trd, 4318254.743, 104
Trd, 4318255.493, 95
Trd, 4318256.243, 94
Trd, 4318258.343, 98
Trd, 4318260.843, 93
Trd, 4318261.443, 95
Trd, 4318261.493, 93
Trd, 4318262.543, 92
Trd, 4318263.443, 95
Trd, 4318263.793, 95
Trd, 4318264.743, 95
Trd, 4318265.593, 92
Trd, 4318268.793, 91
Trd, 4318268.893, 104
Trd, 4318269.093, 85
Trd, 4318270.343, 96
Trd, 4318272.293, 96
Trd, 4318273.143, 95
Trd, 4318274.643, 94
Trd, 4318275.043, 91
Trd, 4318275.343, 96
Trd, 4318278.143, 96
Trd, 4318278.443, 95
Trd, 4318279.443, 92
Trd, 4318282.243, 97
Trd, 4318282.693, 104
Trd, 4318284.193, 95
Trd, 4318284.943, 95
Trd, 4318285.643, 99
Trd, 4318286.893, 99
Trd, 4318287.393, 97
Trd, 4318287.443, 104
Trd, 4318287.643, 95
Trd, 4318289.143, 103
Trd, 4318289.543, 95
Trd, 4318291.543, 102
Trd, 4318292.593, 74
Trd, 4318294.043, 102
Trd, 4318294.243, 92
Trd, 4318296.993, 101
Trd, 4318297.093, 96
Trd, 4318297.943, 104
Trd, 4318298.893, 113
Trd, 4318299.493, 96
Trd, 4318300.993, 94
Trd, 4318302.543, 94
Trd, 4318304.693, 94
Trd, 4318306.393, 94
Trd, 4318307.243, 93
Trd, 4318307.843, 102
Trd, 4318309.243, 93
Trd, 4318309.793, 97
Trd, 4318310.243, 105
Trd, 4318312.593, 92
Trd, 4318313.893, 95
Trd, 4318314.643, 92
Trd, 4318316.043, 97
Trd, 4318317.543, 95
Trd, 4318321.593, 95
Trd, 4318321.843, 96
Trd, 4318323.693, 96
Trd, 4318323.943, 94
Trd, 4318324.893, 96
Trd, 4318325.293, 99
Trd, 4318325.893, 94
Trd, 4318330.043, 105
Trd, 4318332.493, 97
Trd, 4318332.543, 97
Trd, 4318333.093, 100
Trd, 4318335.193, 96
Trd, 4318335.643, 97
Trd, 4318336.893, 95
Trd, 4318336.943, 98
Trd, 4318337.843, 95
Trd, 4318338.343, 104
Trd, 4318340.693, 95
Trd, 4318342.243, 94
Trd, 4318344.193, 95
Trd, 4318344.943, 96
Trd, 4318347.343, 96
Trd, 4318347.493, 94
Trd, 4318348.593, 96
Trd, 4318349.893, 95
Trd, 4318351.893, 93
Trd, 4318352.943, 95
Trd, 4318354.043, 94
Trd, 4318354.643, 93
Trd, 4318355.793, 92
Trd, 4318356.093, 91
Trd, 4318356.993, 93
Trd, 4318358.793, 93
Trd, 4318360.793, 104
Trd, 4318362.743, 96
Trd, 4318363.693, 95
Trd, 4318364.443, 94
Trd, 4318366.293, 96
Trd, 4318369.093, 95
Trd, 4318369.243, 94
Trd, 4318369.893, 97
Trd, 4318370.843, 98
Trd, 4318373.543, 101
Trd, 4318373.643, 94
Trd, 4318375.793, 97
Trd, 4318377.843, 94
Trd, 4318378.393, 93
Trd, 4318379.393, 97
Trd, 4318380.693, 94
Trd, 4318381.593, 98
Trd, 4318383.843, 95
Trd, 4318384.793, 98
Trd, 4318385.093, 95
Trd, 4318385.793, 104
Trd, 4318386.593, 95
Trd, 4318386.893, 95
Trd, 4318389.993, 95
Trd, 4318392.893, 95
Trd, 4318393.543, 98
Trd, 4318393.693, 99
Trd, 4318395.743, 96
Trd, 4318396.593, 95
Trd, 4318397.843, 96
Trd, 4318399.043, 95
Trd, 4318400.793, 96
Trd, 4318401.443, 95
Trd, 4318401.493, 96
Trd, 4318402.143, 95
Trd, 4318403.093, 97
Trd, 4318404.743, 97
Trd, 4318406.593, 98
Trd, 4318407.293, 96
Trd, 4318408.543, 95
Trd, 4318409.743, 95
Trd, 4318411.493, 95
Trd, 4318411.993, 104
Trd, 4318412.143, 94
Trd, 4318413.693, 93
Trd, 4318413.743, 98
Trd, 4318416.243, 98
Trd, 4318417.943, 92
Trd, 4318418.443, 97
Trd, 4318418.943, 91
Trd, 4318421.043, 97
Trd, 4318421.693, 95
Trd, 4318421.943, 92
Trd, 4318422.843, 97
Trd, 4318424.743, 92
Trd, 4318425.443, 98
Trd, 4318426.393, 92
Trd, 4318429.443, 95
Trd, 4318430.293, 91
Trd, 4318430.743, 97
Trd, 4318432.843, 97
Trd, 4318434.193, 91
Trd, 4318435.993, 96
Trd, 4318439.193, 96
Trd, 4318440.393, 91
Trd, 4318441.293, 93
Trd, 4318442.643, 91
Trd, 4318442.843, 94
Trd, 4318443.043, 103
Trd, 4318444.943, 95
Trd, 4318445.793, 91
Trd, 4318448.143, 91
Trd, 4318448.943, 94
Trd, 4318450.943, 94
Trd, 4318453.043, 94
Trd, 4318453.093, 95
Trd, 4318454.793, 95
Trd, 4318454.943, 94
Trd, 4318456.643, 95
Trd, 4318457.543, 95
Trd, 4318458.593, 113
Trd, 4318459.793, 93
Trd, 4318463.393, 99
Trd, 4318463.693, 95
Trd, 4318464.543, 94
Trd, 4318464.943, 97
Trd, 4318466.943, 98
Trd, 4318468.193, 97
Trd, 4318470.293, 98
Trd, 4318470.743, 97
Trd, 4318472.943, 97
Trd, 4318473.443, 95
Trd, 4318473.893, 98
Trd, 4318477.543, 97
Trd, 4318478.043, 96
Trd, 4318480.593, 97
Trd, 4318481.593, 95
Trd, 4318483.193, 94
Trd, 4318483.243, 97
Trd, 4318484.043, 101
Trd, 4318486.793, 96
Trd, 4318488.793, 98
Trd, 4318489.043, 95
Trd, 4318489.943, 98
Trd, 4318492.343, 95
Trd, 4318494.143, 95
Trd, 4318496.093, 98
Trd, 4318496.243, 99
Trd, 4318496.443, 94
Trd, 4318497.293, 95
Trd, 4318498.293, 96
Trd, 4318498.593, 104
Trd, 4318500.893, 96
Trd, 4318501.143, 95
Trd, 4318502.593, 85
Trd, 4318502.943, 98
Trd, 4318504.943, 98
Trd, 4318505.093, 113
Trd, 4318506.193, 97
Trd, 4318506.743, 96
Trd, 4318508.643, 95
Trd, 4318509.843, 100
Trd, 4318510.143, 95
Trd, 4318510.893, 100
Trd, 4318511.943, 94
Trd, 4318512.093, 85
Trd, 4318513.043, 105
Trd, 4318516.243, 96
Trd, 4318516.443, 99
Trd, 4318518.093, 98
Trd, 4318521.593, 98
Trd, 4318522.493, 96
Trd, 4318522.643, 95
Trd, 4318523.243, 98
Trd, 4318524.643, 95
Trd, 4318525.193, 93
Trd, 4318526.743, 95
Trd, 4318529.043, 97
Trd, 4318530.493, 97
Trd, 4318530.993, 94
Trd, 4318532.693, 96
Trd, 4318535.043, 95
Trd, 4318535.843, 94
Trd, 4318538.393, 96
Trd, 4318538.443, 96
Trd, 4318540.443, 96
Trd, 4318540.843, 95
Trd, 4318543.043, 94
Trd, 4318543.593, 98
Trd, 4318543.993, 93
Trd, 4318547.693, 96
Trd, 4318548.243, 96
Trd, 4318548.793, 95
Trd, 4318549.193, 98
Trd, 4318549.543, 95
Trd, 4318552.993, 96
Trd, 4318553.993, 95
Trd, 4318554.193, 95
Trd, 4318556.193, 94
Trd, 4318557.693, 97
Trd, 4318557.893, 96
Trd, 4318559.493, 95
Trd, 4318560.343, 98
Trd, 4318560.943, 74
Trd, 4318563.393, 98
Trd, 4318566.243, 99
Trd, 4318567.443, 95
Trd, 4318567.493, 99
Trd, 4318568.043, 95
Trd, 4318568.293, 104
Trd, 4318568.693, 113
Trd, 4318569.293, 93
Trd, 4318570.043, 92
Trd, 4318575.743, 98
Trd, 4318575.793, 95
Trd, 4318577.693, 97
Trd, 4318580.943, 95
Trd, 4318583.043, 95
Trd, 4318583.743, 94
Trd, 4318585.093, 93
Trd, 4318586.043, 95
Trd, 4318587.193, 95
Trd, 4318588.193, 95
Trd, 4318588.343, 93
Trd, 4318589.293, 92
Trd, 4318589.743, 95
Trd, 4318592.293, 95
Trd, 4318593.243, 95
Trd, 4318593.993, 100
Trd, 4318594.193, 92
Trd, 4318596.193, 95
Trd, 4318597.593, 95
Trd, 4318597.993, 93
Trd, 4318598.743, 96
Trd, 4318598.943, 95
Trd, 4318599.643, 94
Trd, 4318599.793, 92
Trd, 4318601.093, 104
Trd, 4318602.893, 99
Trd, 4318603.143, 99
Trd, 4318603.343, 97
Trd, 4318606.093, 98
Trd, 4318606.193, 85
Trd, 4318606.343, 100
Trd, 4318607.393, 104
Trd, 4318609.843, 101
Trd, 4318609.893, 104
Trd, 4318610.193, 102
Trd, 4318611.543, 101
Trd, 4318612.593, 100
Trd, 4318616.143, 95
Trd, 4318617.193, 94
Trd, 4318617.643, 95
Trd, 4318618.043, 85
Trd, 4318618.343, 94
Trd, 4318620.643, 94
Trd, 4318621.293, 104
Trd, 4318623.793, 95
Trd, 4318624.093, 93
Trd, 4318625.543, 96
Trd, 4318626.443, 93
Trd, 4318627.743, 91
Trd, 4318628.593, 93
Trd, 4318629.243, 91
Trd, 4318629.543, 94
Trd, 4318632.693, 104
Trd, 4318633.143, 90
Trd, 4318633.793, 98
Trd, 4318635.793, 95
Trd, 4318635.893, 93
Trd, 4318637.893, 95
Trd, 4318638.043, 97
Trd, 4318639.643, 94
Trd, 4318639.843, 96
Trd, 4318641.243, 95
Trd, 4318643.343, 96
Trd, 4318643.793, 94
Trd, 4318645.293, 95
Trd, 4318646.793, 94
Trd, 4318646.843, 98
Trd, 4318647.693, 104
Trd, 4318648.243, 95
Trd, 4318650.293, 95
Trd, 4318650.893, 97
Trd, 4318651.943, 96
Trd, 4318652.343, 96
Trd, 4318652.993, 94
Trd, 4318653.643, 93
Trd, 4318655.843, 94
Trd, 4318656.393, 96
Trd, 4318656.843, 104
Trd, 4318658.293, 95
Trd, 4318658.943, 94
Trd, 4318660.243, 96
Trd, 4318660.543, 94
Trd, 4318662.393, 97
Trd, 4318662.743, 99
Trd, 4318663.143, 95
Trd, 4318665.343, 95
Trd, 4318665.593, 95
Trd, 4318666.743, 97
Trd, 4318668.543, 97
Trd, 4318669.043, 95
Trd, 4318670.393, 94
Trd, 4318672.193, 97
Trd, 4318672.243, 94
Trd, 4318672.593, 95
Trd, 4318673.443, 95
Trd, 4318673.743, 96
Trd, 4318675.393, 95
Trd, 4318676.143, 95
Trd, 4318678.143, 69
Trd, 4318678.243, 86
Trd, 4318678.543, 87
Trd, 4318679.793, 73
Trd, 4318680.143, 101
Trd, 4318681.043, 81
Trd, 4318682.043, 105
Trd, 4318683.843, 123
Trd, 4318686.443, 96
Trd, 4318687.493, 96
Trd, 4318687.793, 100
Trd, 4318687.843, 102
Trd, 4318689.043, 95
Trd, 4318691.243, 94
Trd, 4318693.143, 104
Trd, 4318693.543, 103
Trd, 4318693.693, 95
Trd, 4318696.343, 94
Trd, 4318696.993, 94
Trd, 4318697.343, 93
Trd, 4318698.193, 116
Trd, 4318699.293, 98
Trd, 4318699.593, 100
Trd, 4318702.443, 98
Trd, 4318702.893, 97
Trd, 4318703.243, 94
Trd, 4318704.293, 96
Trd, 4318705.043, 94
Trd, 4318706.393, 106
Trd, 4318706.543, 85
Trd, 4318706.943, 88
Trd, 4318710.393, 99
Trd, 4318710.493, 99
Trd, 4318710.943, 99
Trd, 4318711.443, 92
Trd, 4318711.493, 91
Trd, 4318718.043, 97
Trd, 4318719.293, 97
Trd, 4318721.243, 95
Trd, 4318722.193, 94
Trd, 4318722.543, 96
Trd, 4318724.193, 95
Trd, 4318725.443, 95
Trd, 4318725.543, 97
Trd, 4318725.943, 94
Trd, 4318726.443, 93
Trd, 4318727.843, 95
Trd, 4318728.393, 85
Trd, 4318729.993, 95
Trd, 4318732.393, 95
Trd, 4318734.843, 95
Trd, 4318737.643, 95
Trd, 4318737.743, 105
Trd, 4318739.143, 93
Trd, 4318739.693, 98
Trd, 4318740.593, 92
Trd, 4318744.593, 95
Trd, 4318745.343, 93
Trd, 4318745.793, 106
Trd, 4318746.243, 93
Trd, 4318747.343, 92
Trd, 4318747.743, 95
Trd, 4318748.293, 93
Trd, 4318749.143, 93
Trd, 4318750.193, 91
Trd, 4318750.893, 93
Trd, 4318753.493, 93
Trd, 4318754.193, 93
Trd, 4318754.393, 93
Trd, 4318755.643, 92
Trd, 4318755.693, 95
Trd, 4318756.443, 106
Trd, 4318757.193, 92
Trd, 4318757.893, 85
Trd, 4318759.893, 92
Trd, 4318760.143, 98
Trd, 4318762.093, 95
Trd, 4318762.943, 97
Trd, 4318763.293, 95
Trd, 4318764.343, 95
Trd, 4318765.893, 96
Trd, 4318768.793, 94
Trd, 4318770.343, 93
Trd, 4318770.793, 96
Trd, 4318771.393, 100
Trd, 4318772.443, 97
Trd, 4318772.593, 95
Trd, 4318773.543, 96
Trd, 4318774.293, 97
Trd, 4318777.193, 95
Trd, 4318777.793, 97
Trd, 4318779.593, 97
Trd, 4318781.243, 95
Trd, 4318782.543, 97
Trd, 4318783.493, 96
Trd, 4318784.543, 95
Trd, 4318785.593, 95
Trd, 4318786.693, 97
Trd, 4318789.093, 94
Trd, 4318789.643, 85
Trd, 4318790.593, 88
Trd, 4318791.293, 96
Trd, 4318792.743, 92
Trd, 4318795.043, 93
Trd, 4318797.243, 90
Trd, 4318797.393, 92
Trd, 4318800.093, 89
Trd, 4318800.143, 93
Trd, 4318801.043, 95
Trd, 4318804.243, 93
Trd, 4318804.493, 116
Trd, 4318804.893, 88
Trd, 4318805.043, 101
Trd, 4318808.593, 97
Trd, 4318808.993, 87
Trd, 4318809.243, 87
Trd, 4318811.143, 93
Trd, 4318813.443, 94
Trd, 4318813.993, 94
Trd, 4318816.143, 94
Trd, 4318816.193, 90
Trd, 4318816.543, 98
Trd, 4318817.893, 90
Trd, 4318819.943, 89
Trd, 4318820.793, 97
Trd, 4318821.493, 104
Trd, 4318823.043, 95
Trd, 4318823.243, 101
Trd, 4318826.193, 98
Trd, 4318826.843, 94
Trd, 4318827.543, 94
Trd, 4318830.943, 97
Trd, 4318833.043, 95
Trd, 4318834.743, 96
Trd, 4318835.093, 97
Trd, 4318835.543, 95
Trd, 4318836.643, 94
Trd, 4318837.143, 99
Trd, 4318837.493, 95
Trd, 4318839.743, 98
Trd, 4318840.443, 116
Trd, 4318842.543, 96
Trd, 4318842.993, 96
Trd, 4318843.993, 105
Trd, 4318845.243, 95
Trd, 4318848.443, 97
Trd, 4318849.293, 99
Trd, 4318849.793, 95
Trd, 4318853.743, 96
Trd, 4318853.843, 98
Trd, 4318855.693, 95
Trd, 4318858.493, 95
Trd, 4318859.193, 94
Trd, 4318859.743, 94
Trd, 4318859.893, 94
Trd, 4318862.293, 96
Trd, 4318862.393, 97
Trd, 4318863.043, 94
Trd, 4318863.693, 96
Trd, 4318865.243, 94
Trd, 4318866.493, 95
Trd, 4318867.693, 94
Trd, 4318867.893, 95
Trd, 4318870.643, 93
Trd, 4318870.943, 93
Trd, 4318871.493, 95
Trd, 4318873.143, 96
Trd, 4318873.943, 104
Trd, 4318875.693, 95
Trd, 4318877.993, 98
Trd, 4318878.543, 94
Trd, 4318879.393, 93
Trd, 4318880.243, 95
Trd, 4318883.693, 95
Trd, 4318884.843, 95
Trd, 4318886.993, 95
Trd, 4318887.643, 93
Trd, 4318887.943, 96
Trd, 4318888.843, 129
Trd, 4318889.243, 105
Trd, 4318889.843, 120
Trd, 4318891.293, 102
Trd, 4318893.443, 103
Trd, 4318895.993, 103
Trd, 4318896.043, 108
Trd, 4318897.493, 107
Trd, 4318898.043, 104
Trd, 4318900.293, 103
Trd, 4318900.743, 102
Trd, 4318901.343, 107
Trd, 4318903.593, 102
Trd, 4318905.393, 106
Trd, 4318905.893, 102
Trd, 4318907.143, 101
Trd, 4318907.593, 106
Trd, 4318909.693, 105
Trd, 4318910.543, 101
Trd, 4318910.943, 100
Trd, 4318912.343, 103
Trd, 4318912.643, 103
Trd, 4318914.943, 100
Trd, 4318916.543, 97
Trd, 4318917.993, 98
Trd, 4318919.843, 97
Trd, 4318921.443, 97
Trd, 4318922.043, 99
Trd, 4318924.043, 97
Trd, 4318926.293, 99
Trd, 4318926.943, 100
Trd, 4318927.043, 96
Trd, 4318928.393, 95
Trd, 4318931.193, 99
Trd, 4318931.443, 97
Trd, 4318932.343, 96
Trd, 4318933.443, 96
Trd, 4318935.693, 97
Trd, 4318936.393, 98
Trd, 4318937.843, 95
Trd, 4318938.843, 94
Trd, 4318940.643, 94
Trd, 4318941.343, 96
Trd, 4318941.593, 97
Trd, 4318941.993, 113
Trd, 4318942.993, 98
Trd, 4318943.493, 104
Trd, 4318944.093, 100
Trd, 4318946.093, 96
Trd, 4318947.493, 90
Trd, 4318947.543, 95
Trd, 4318949.543, 96
Trd, 4318949.993, 96
Trd, 4318951.043, 95
Trd, 4318951.543, 104
Trd, 4318951.993, 85
Trd, 4318955.943, 95
Trd, 4318956.493, 91
Trd, 4318956.793, 96
Trd, 4318958.943, 95
Trd, 4318959.143, 95
Trd, 4318960.543, 105
Trd, 4318960.743, 94
Trd, 4318962.893, 94
Trd, 4318963.643, 97
Trd, 4318967.643, 96
Trd, 4318969.693, 95
Trd, 4318970.693, 96
Trd, 4318971.843, 94
Trd, 4318972.643, 97
Trd, 4318973.493, 94
Trd, 4318975.743, 97
Trd, 4318980.643, 96
Trd, 4318980.993, 94
Trd, 4318981.093, 99
Trd, 4318983.093, 93
Trd, 4318984.043, 93
Trd, 4318985.043, 98
Trd, 4318985.843, 98
Trd, 4318988.693, 98
Trd, 4318989.743, 95
Trd, 4318991.343, 93
Trd, 4318992.093, 93
Trd, 4318992.543, 94
Trd, 4318994.443, 92
Trd, 4318994.493, 95
Trd, 4318995.843, 95
Trd, 4318996.393, 113
Trd, 4318997.093, 92
Trd, 4318999.143, 99
Trd, 4319000.693, 95
Trd, 4319001.893, 101
Trd, 4319005.093, 98
Trd, 4319005.293, 95
Trd, 4319005.493, 100
Trd, 4319009.193, 95
Trd, 4319010.293, 95
Trd, 4319011.043, 94
Trd, 4319012.143, 95
Trd, 4319014.343, 96
Trd, 4319014.393, 93
Trd, 4319015.043, 95
Trd, 4319017.943, 92
Trd, 4319018.343, 94
Trd, 4319019.743, 95
Trd, 4319020.343, 98
Trd, 4319020.593, 93
Trd, 4319020.943, 92
Trd, 4319021.943, 75
Trd, 4319023.143, 87
Trd, 4319023.943, 87
Trd, 4319024.493, 95
Trd, 4319029.443, 86
Trd, 4319030.943, 88
Trd, 4319031.693, 87
Trd, 4319031.943, 86
Trd, 4319033.293, 85
Trd, 4319033.743, 100
Trd, 4319034.343, 104
Trd, 4319036.043, 94
Trd, 4319037.143, 85
Trd, 4319037.643, 91
Trd, 4319038.393, 104
Trd, 4319039.493, 85
Trd, 4319040.943, 87
Trd, 4319044.543, 95
Trd, 4319046.143, 95
Trd, 4319046.593, 90
Trd, 4319046.943, 89
Trd, 4319047.493, 95
Trd, 4319050.143, 95
Trd, 4319051.543, 89
Trd, 4319051.893, 94
Trd, 4319052.493, 95
Trd, 4319052.793, 89
Trd, 4319053.843, 88
Trd, 4319055.393, 95
Trd, 4319056.393, 94
Trd, 4319058.343, 91
Trd, 4319060.943, 93
Trd, 4319061.093, 93
Trd, 4319065.443, 94
Trd, 4319065.743, 99
Trd, 4319065.893, 90
Trd, 4319067.293, 95
Trd, 4319067.443, 104
Trd, 4319068.443, 98
Trd, 4319069.593, 99
Trd, 4319070.293, 88
Trd, 4319072.243, 97
Trd, 4319072.693, 96
Trd, 4319073.293, 104
Trd, 4319074.643, 95
Trd, 4319074.893, 94
Trd, 4319075.093, 97
Trd, 4319077.743, 98
Trd, 4319078.093, 98
Trd, 4319078.593, 104
Trd, 4319079.693, 97
Trd, 4319081.743, 96
Trd, 4319081.893, 96
Trd, 4319082.793, 104
Trd, 4319083.643, 94
Trd, 4319086.543, 95
Trd, 4319086.893, 98
Trd, 4319088.093, 94
Trd, 4319089.843, 94
Trd, 4319090.093, 96
Trd, 4319091.143, 95
Trd, 4319094.343, 93
Trd, 4319094.593, 93
Trd, 4319095.143, 95
Trd, 4319096.993, 95
Trd, 4319097.943, 95
Trd, 4319099.093, 96
Trd, 4319100.443, 92
Trd, 4319101.493, 92
Trd, 4319101.693, 105
Trd, 4319104.693, 95
Trd, 4319106.443, 97
Trd, 4319108.243, 97
Trd, 4319108.443, 94
Trd, 4319108.643, 94
Trd, 4319109.543, 94
Trd, 4319110.393, 99
Trd, 4319110.943, 105
Trd, 4319114.743, 95
Trd, 4319115.593, 98
Trd, 4319115.693, 95
Trd, 4319117.043, 95
Trd, 4319118.643, 94
Trd, 4319119.693, 98
Trd, 4319119.743, 104
Trd, 4319121.393, 98
Trd, 4319123.543, 101
Trd, 4319124.743, 102
Trd, 4319125.593, 101
Trd, 4319126.193, 93
Trd, 4319126.243, 104
Trd, 4319128.293, 98
Trd, 4319129.843, 103
Trd, 4319130.843, 113
Trd, 4319131.543, 97
Trd, 4319132.243, 96
Trd, 4319133.193, 95
Trd, 4319134.943, 105
Trd, 4319135.193, 94
Trd, 4319136.243, 105
Trd, 4319136.793, 95
Trd, 4319138.393, 104
Trd, 4319138.593, 97
Trd, 4319140.093, 95
Trd, 4319142.293, 104
Trd, 4319144.343, 97
Trd, 4319144.943, 96
Trd, 4319145.643, 95
Trd, 4319146.693, 99
Trd, 4319147.193, 94
Trd, 4319149.493, 105
Trd, 4319150.843, 95
Trd, 4319151.193, 95
Trd, 4319151.443, 103
Trd, 4319153.793, 95
Trd, 4319154.443, 101
Trd, 4319157.193, 100
Trd, 4319157.943, 105
Trd, 4319159.193, 94
Trd, 4319159.543, 94
Trd, 4319160.543, 92
Trd, 4319161.293, 96
Trd, 4319162.793, 96
Trd, 4319165.843, 93
Trd, 4319167.393, 95
Trd, 4319168.143, 96
Trd, 4319168.293, 94
Trd, 4319169.093, 96
Trd, 4319171.293, 96
Trd, 4319173.643, 93
Trd, 4319173.993, 95
Trd, 4319174.143, 113
Trd, 4319175.243, 102
Trd, 4319175.793, 94
Trd, 4319176.093, 94
Trd, 4319176.893, 102
Trd, 4319181.243, 95
Trd, 4319181.743, 101
Trd, 4319183.293, 95
Trd, 4319185.793, 100
Trd, 4319186.843, 95
Trd, 4319187.643, 94
Trd, 4319187.993, 94
Trd, 4319188.743, 113
Trd, 4319189.093, 122
Trd, 4319191.043, 95
Trd, 4319191.443, 111
Trd, 4319192.293, 108
Trd, 4319195.093, 97
Trd, 4319195.393, 95
Trd, 4319196.593, 95
Trd, 4319196.843, 96
Trd, 4319198.193, 96
Trd, 4319198.343, 94
Trd, 4319200.043, 98
Trd, 4319200.743, 97
Trd, 4319203.193, 94
Trd, 4319206.143, 97
Trd, 4319206.243, 95
Trd, 4319207.193, 93
Trd, 4319208.243, 95
Trd, 4319210.093, 94
Trd, 4319210.793, 95
Trd, 4319212.593, 95
Trd, 4319214.943, 106
Trd, 4319215.143, 95
Trd, 4319217.293, 97
Trd, 4319218.993, 94
Trd, 4319219.343, 97
Trd, 4319220.743, 95
Trd, 4319221.293, 104
Trd, 4319221.493, 116
Trd, 4319223.043, 97
Trd, 4319223.143, 95
Trd, 4319225.593, 94
Trd, 4319227.993, 100
Trd, 4319229.293, 95
Trd, 4319230.343, 100
Trd, 4319232.393, 94
Trd, 4319232.743, 96
Trd, 4319232.793, 99
Trd, 4319235.743, 98
Trd, 4319235.793, 95
Trd, 4319235.893, 94
Trd, 4319239.843, 98
Trd, 4319242.093, 95
Trd, 4319242.543, 98
Trd, 4319242.843, 121
Trd, 4319243.943, 114
Trd, 4319244.843, 106
Trd, 4319245.593, 109
Trd, 4319246.193, 109
Trd, 4319246.493, 103
Trd, 4319248.443, 85
Trd, 4319248.843, 87
Trd, 4319251.493, 100
Trd, 4319253.243, 95
Trd, 4319254.743, 97
Trd, 4319255.543, 98
Trd, 4319257.043, 95
Trd, 4319260.093, 98
Trd, 4319260.293, 95
Trd, 4319260.893, 98
Trd, 4319263.193, 95
Trd, 4319263.293, 98
Trd, 4319265.243, 95
Trd, 4319265.843, 95
Trd, 4319265.943, 94
Trd, 4319268.293, 97
Trd, 4319270.243, 97
Trd, 4319270.293, 95
Trd, 4319271.093, 95
Trd, 4319271.943, 95
Trd, 4319275.793, 96
Trd, 4319276.543, 96
Trd, 4319276.993, 95
Trd, 4319277.793, 95
Trd, 4319278.343, 96
Trd, 4319279.293, 96
Trd, 4319280.543, 95
Trd, 4319282.043, 94
Trd, 4319283.993, 133
Trd, 4319284.143, 128
Trd, 4319284.993, 94
Trd, 4319286.443, 106
Trd, 4319287.093, 97
Trd, 4319287.943, 98
Trd, 4319288.443, 99
Trd, 4319288.893, 98
Trd, 4319289.793, 84
Trd, 4319291.143, 113
Trd, 4319292.743, 96
Trd, 4319294.093, 107
Trd, 4319296.443, 113
Trd, 4319296.993, 102
Trd, 4319298.493, 101
Trd, 4319299.743, 101
Trd, 4319299.943, 107
Trd, 4319300.093, 95
Trd, 4319300.793, 107
Trd, 4319303.343, 103
Trd, 4319305.293, 105
Trd, 4319306.193, 100
Trd, 4319308.293, 100
Trd, 4319308.743, 95
Trd, 4319309.943, 90
Trd, 4319311.193, 90
Trd, 4319312.193, 95
Trd, 4319312.893, 92
Trd, 4319313.893, 100
Trd, 4319316.093, 95
Trd, 4319316.743, 95
Trd, 4319319.393, 95
Trd, 4319320.043, 94
Trd, 4319321.393, 93
Trd, 4319321.543, 94
Trd, 4319322.893, 85
Trd, 4319322.993, 95
Trd, 4319324.243, 78
Trd, 4319325.143, 82
Trd, 4319326.243, 104
Trd, 4319326.293, 81
Trd, 4319326.743, 91
Trd, 4319327.343, 113
Trd, 4319330.943, 95
Trd, 4319331.043, 98
Trd, 4319331.493, 90
Trd, 4319331.543, 98
Trd, 4319333.593, 97
Trd, 4319334.793, 96
Trd, 4319337.643, 97
Trd, 4319338.043, 96
Trd, 4319339.443, 95
Trd, 4319341.443, 95
Trd, 4319341.643, 96
Trd, 4319342.593, 95
Trd, 4319343.943, 94
Trd, 4319344.793, 97
Trd, 4319345.493, 95
Trd, 4319346.043, 96
Trd, 4319351.243, 95
Trd, 4319351.343, 97
Trd, 4319353.543, 94
Trd, 4319354.393, 95
Trd, 4319354.893, 95
Trd, 4319355.093, 104
Trd, 4319355.893, 95
Trd, 4319356.893, 98
Trd, 4319357.093, 104
Trd, 4319361.293, 97
Trd, 4319361.393, 95
Trd, 4319361.743, 99
Trd, 4319363.193, 105
Trd, 4319363.543, 101
Trd, 4319363.893, 95
Trd, 4319364.243, 94
Trd, 4319365.943, 99
Trd, 4319369.943, 95
Trd, 4319371.643, 97
Trd, 4319372.593, 95
Trd, 4319374.093, 97
Trd, 4319376.893, 95
Trd, 4319377.393, 96
Trd, 4319378.643, 96
Trd, 4319379.743, 96
Trd, 4319381.193, 95
Trd, 4319381.643, 104
Trd, 4319382.993, 95
Trd, 4319384.593, 97
Trd, 4319386.493, 95
Trd, 4319387.793, 96
Trd, 4319388.043, 94
Trd, 4319390.393, 95
Trd, 4319391.393, 93
Trd, 4319391.943, 93
Trd, 4319393.193, 94
Trd, 4319393.493, 99
Trd, 4319395.743, 94
Trd, 4319396.793, 96
Trd, 4319397.243, 96
Trd, 4319398.143, 104
Trd, 4319398.393, 93
Trd, 4319400.193, 113
Trd, 4319400.643, 95
Trd, 4319402.843, 95
Trd, 4319403.043, 104
Trd, 4319403.393, 85
Trd, 4319405.093, 95
Trd, 4319406.143, 105
Trd, 4319407.643, 100
Trd, 4319408.343, 97
Trd, 4319408.943, 95
Trd, 4319409.993, 100
Trd, 4319410.493, 84
Trd, 4319411.943, 113
Trd, 4319412.543, 95
Trd, 4319412.943, 101
Trd, 4319413.843, 100
Trd, 4319415.593, 105
Trd, 4319416.993, 101
Trd, 4319417.043, 102
Trd, 4319417.243, 113
Trd, 4319418.493, 98
Trd, 4319419.393, 83
Trd, 4319421.343, 77
Trd, 4319421.593, 95
Trd, 4319421.943, 99
Trd, 4319424.743, 89
Trd, 4319426.093, 95
Trd, 4319427.043, 93
Trd, 4319427.393, 102
Trd, 4319428.143, 92
Trd, 4319429.293, 104
Trd, 4319430.943, 99
Trd, 4319434.343, 95
Trd, 4319434.743, 98
Trd, 4319435.443, 97
Trd, 4319436.293, 94
Trd, 4319440.043, 96
Trd, 4319440.193, 96
Trd, 4319441.493, 97
Trd, 4319442.193, 95
Trd, 4319442.993, 95
Trd, 4319444.893, 95
Trd, 4319445.543, 98
Trd, 4319446.593, 96
Trd, 4319448.793, 94
Trd, 4319450.393, 95
Trd, 4319451.593, 94
Trd, 4319453.043, 96
Trd, 4319453.193, 95
Trd, 4319453.993, 94
Trd, 4319455.393, 95
Trd, 4319455.943, 85
Trd, 4319458.043, 95
Trd, 4319458.093, 90
Trd, 4319458.293, 95
Trd, 4319461.143, 95
Trd, 4319463.893, 95
Trd, 4319464.543, 96
Trd, 4319465.293, 90
Trd, 4319466.443, 91
Trd, 4319469.593, 96
Trd, 4319469.743, 96
Trd, 4319470.043, 92
Trd, 4319471.693, 91
Trd, 4319472.943, 105
Trd, 4319474.793, 95
Trd, 4319475.093, 94
Trd, 4319476.943, 95
Trd, 4319477.843, 93
Trd, 4319479.293, 95
Trd, 4319479.443, 95
Trd, 4319480.043, 93
Trd, 4319481.793, 94
Trd, 4319483.293, 94
Trd, 4319485.693, 93
Trd, 4319486.043, 91
Trd, 4319486.643, 91
Trd, 4319487.143, 94
Trd, 4319487.643, 105
Trd, 4319489.243, 113
Trd, 4319489.793, 115
Trd, 4319490.643, 108
Trd, 4319491.643, 106
Trd, 4319492.043, 97
Trd, 4319492.193, 85
Trd, 4319495.343, 97
Trd, 4319495.543, 103
Trd, 4319496.593, 95
Trd, 4319497.743, 101
Trd, 4319498.043, 104
Trd, 4319501.693, 102
Trd, 4319502.443, 95
Trd, 4319504.093, 98
Trd, 4319505.693, 95
Trd, 4319506.743, 95
Trd, 4319508.443, 95
Trd, 4319508.593, 97
Trd, 4319510.293, 96
Trd, 4319510.893, 95
Trd, 4319512.593, 94
Trd, 4319512.843, 96
Trd, 4319513.843, 95
Trd, 4319514.943, 96
Trd, 4319515.193, 93
Trd, 4319517.393, 96
Trd, 4319518.343, 95
Trd, 4319518.493, 94
Trd, 4319521.943, 98
Trd, 4319522.093, 99
Trd, 4319522.493, 98
Trd, 4319526.843, 98
Trd, 4319527.593, 97
Trd, 4319528.793, 98
Trd, 4319528.943, 104
Trd, 4319530.643, 97
Trd, 4319532.493, 96
Trd, 4319533.293, 96
Trd, 4319534.843, 98
Trd, 4319536.343, 95
Trd, 4319537.493, 100
Trd, 4319539.043, 98
Trd, 4319539.993, 94
Trd, 4319541.293, 93
Trd, 4319542.593, 96
Trd, 4319543.393, 97
Trd, 4319544.193, 98
Trd, 4319545.443, 92
Trd, 4319546.793, 95
Trd, 4319547.293, 91
Trd, 4319548.093, 90
Trd, 4319548.593, 97
Trd, 4319549.793, 95
Trd, 4319550.793, 94
Trd, 4319554.143, 93
Trd, 4319555.543, 94
Trd, 4319556.243, 93
Trd, 4319556.293, 92
Trd, 4319556.893, 93
Trd, 4319559.293, 95
Trd, 4319559.743, 104
Trd, 4319560.393, 92
Trd, 4319561.943, 92
Trd, 4319561.993, 96
Trd, 4319564.693, 95
Trd, 4319565.393, 98
Trd, 4319566.543, 95
Trd, 4319567.643, 94
Trd, 4319568.543, 95
Trd, 4319570.393, 97
Trd, 4319570.643, 93
Trd, 4319574.843, 93
Trd, 4319575.143, 95
Trd, 4319575.943, 95
Trd, 4319576.493, 93
Trd, 4319578.543, 95
Trd, 4319579.693, 93
Trd, 4319582.543, 95
Trd, 4319582.993, 95
Trd, 4319583.293, 100
Trd, 4319584.493, 95
Trd, 4319584.643, 105
Trd, 4319586.593, 97
Trd, 4319588.093, 100
Trd, 4319588.543, 96
Trd, 4319590.693, 95
Trd, 4319591.193, 95
Trd, 4319591.743, 99
Trd, 4319593.893, 104
Trd, 4319595.143, 96
Trd, 4319595.243, 104
Trd, 4319595.293, 94
Trd, 4319598.193, 100
Trd, 4319599.943, 104
Trd, 4319600.493, 99
Trd, 4319601.193, 98
Trd, 4319602.643, 97
Trd, 4319604.443, 96
Trd, 4319604.493, 95
Trd, 4319605.293, 101
Trd, 4319606.193, 101
Trd, 4319610.193, 95
Trd, 4319610.943, 96
Trd, 4319611.593, 95
Trd, 4319611.893, 94
Trd, 4319612.093, 98
Trd, 4319614.343, 93
Trd, 4319615.993, 96
Trd, 4319617.293, 96
Trd, 4319618.943, 92
Trd, 4319620.143, 97
Trd, 4319620.293, 92
Trd, 4319621.093, 92
Trd, 4319622.643, 95
Trd, 4319622.843, 95
Trd, 4319626.193, 95
Trd, 4319626.293, 96
Trd, 4319627.243, 92
Trd, 4319628.043, 96
Trd, 4319629.493, 93
Trd, 4319631.293, 96
Trd, 4319632.093, 94
Trd, 4319633.243, 97
Trd, 4319634.843, 95
Trd, 4319637.343, 97
Trd, 4319639.943, 96
Trd, 4319640.193, 95
Trd, 4319640.443, 93
Trd, 4319643.393, 96
Trd, 4319643.643, 97
Trd, 4319643.843, 101
Trd, 4319646.193, 95
Trd, 4319646.693, 115
Trd, 4319647.893, 94
Trd, 4319649.093, 100
Trd, 4319650.943, 95
Trd, 4319651.793, 97
Trd, 4319656.043, 94
Trd, 4319656.193, 94
Trd, 4319658.243, 96
Trd, 4319658.343, 96
Trd, 4319661.093, 96
Trd, 4319661.993, 97
Trd, 4319662.193, 95
Trd, 4319662.593, 93
Trd, 4319665.543, 95
Trd, 4319665.743, 104
Trd, 4319667.093, 97
Trd, 4319668.343, 101
Trd, 4319668.843, 96
Trd, 4319669.943, 98
Trd, 4319671.143, 95
Trd, 4319673.593, 98
Trd, 4319675.843, 96
Trd, 4319676.943, 96
Trd, 4319678.743, 95
Trd, 4319679.543, 95
Trd, 4319681.393, 97
Trd, 4319681.943, 94
Trd, 4319682.793, 97
Trd, 4319685.193, 97
Trd, 4319685.843, 98
Trd, 4319687.493, 96
Trd, 4319687.543, 97
Trd, 4319689.493, 96
Trd, 4319690.293, 97
Trd, 4319690.443, 104
Trd, 4319691.843, 96
Trd, 4319692.993, 95
Trd, 4319695.993, 94
Trd, 4319697.093, 93
Trd, 4319697.443, 96
Trd, 4319697.693, 98
Trd, 4319700.443, 97
Trd, 4319701.793, 92
Trd, 4319702.643, 91
Trd, 4319703.493, 95
Trd, 4319704.643, 96
Trd, 4319705.943, 95
Trd, 4319708.693, 95
Trd, 4319709.043, 95
Trd, 4319709.143, 92
Trd, 4319711.943, 95
Trd, 4319712.893, 91
Trd, 4319715.993, 95
Trd, 4319716.243, 91
Trd, 4319716.343, 95
Trd, 4319717.093, 99
Trd, 4319718.193, 92
Trd, 4319720.043, 96
Trd, 4319721.393, 94
Trd, 4319722.443, 95
Trd, 4319722.743, 96
Trd, 4319722.843, 115
Trd, 4319727.693, 100
Trd, 4319727.793, 101
Trd, 4319728.193, 99
Trd, 4319729.943, 98
Trd, 4319730.143, 104
Trd, 4319731.943, 100
Trd, 4319732.543, 100
Trd, 4319733.343, 95
Trd, 4319736.243, 96
Trd, 4319736.593, 85
Trd, 4319737.493, 99
Trd, 4319739.243, 98
Trd, 4319741.693, 98
Trd, 4319743.443, 95
Trd, 4319744.343, 93
Trd, 4319745.193, 95
Trd, 4319747.043, 93
Trd, 4319748.743, 92
Trd, 4319749.943, 95
Trd, 4319751.143, 95
Trd, 4319753.143, 90
Trd, 4319753.543, 95
Trd, 4319754.743, 92
Trd, 4319755.093, 95
Trd, 4319756.393, 104
Trd, 4319758.393, 91
Trd, 4319760.343, 96
Trd, 4319760.493, 90
Trd, 4319760.843, 98
Trd, 4319761.493, 97
Trd, 4319762.193, 92
Trd, 4319763.093, 104
Trd, 4319764.843, 102
Trd, 4319765.643, 101
Trd, 4319766.143, 103
Trd, 4319768.243, 103
Trd, 4319769.193, 105
Trd, 4319769.743, 103
Trd, 4319770.893, 102
Trd, 4319771.593, 105
Trd, 4319772.043, 98
Trd, 4319773.393, 104
Trd, 4319775.143, 105
Trd, 4319776.243, 100
Trd, 4319776.693, 99
Trd, 4319777.493, 100
Trd, 4319778.193, 98
Trd, 4319781.343, 96
Trd, 4319781.843, 99
Trd, 4319784.243, 97
Trd, 4319784.293, 96
Trd, 4319785.193, 99
Trd, 4319785.593, 95
Trd, 4319786.393, 94
Trd, 4319786.893, 99
Trd, 4319788.243, 94
Trd, 4319788.293, 104
Trd, 4319790.143, 95
Trd, 4319792.293, 95
Trd, 4319792.693, 95
Trd, 4319793.293, 93
Trd, 4319795.243, 97
Trd, 4319795.543, 92
Trd, 4319797.043, 96
Trd, 4319798.393, 104
Trd, 4319799.493, 94
Trd, 4319800.043, 93
Trd, 4319801.443, 98
Trd, 4319802.593, 99
Trd, 4319804.593, 95
Trd, 4319808.193, 95
Trd, 4319808.493, 97
Trd, 4319809.293, 94
Trd, 4319810.343, 94
Trd, 4319810.493, 93
Trd, 4319810.593, 96
Trd, 4319812.143, 93
Trd, 4319812.993, 95
Trd, 4319813.943, 93
Trd, 4319815.243, 96
Trd, 4319816.143, 96
Trd, 4319819.493, 95
Trd, 4319820.593, 93
Trd, 4319822.593, 95
Trd, 4319822.993, 95
Trd, 4319823.993, 104
Trd, 4319824.593, 92
Trd, 4319825.243, 92
Trd, 4319827.043, 98
Trd, 4319829.393, 92
Trd, 4319830.143, 91
Trd, 4319830.543, 97
Trd, 4319831.793, 97
Trd, 4319834.843, 95
Trd, 4319835.393, 95
Trd, 4319835.693, 92
Trd, 4319836.293, 97
Trd, 4319837.193, 92
Trd, 4319838.943, 92
Trd, 4319840.493, 96
Trd, 4319840.993, 104
Trd, 4319843.043, 97
Trd, 4319843.143, 91
Trd, 4319845.643, 95
Trd, 4319846.893, 96
Trd, 4319847.943, 97
Trd, 4319851.293, 96
Trd, 4319852.543, 95
Trd, 4319852.593, 95
Trd, 4319852.743, 95
Trd, 4319853.793, 98
Trd, 4319854.543, 96
Trd, 4319856.343, 97
Trd, 4319856.593, 96
Trd, 4319859.193, 97
Trd, 4319859.943, 98
Trd, 4319861.093, 95
Trd, 4319864.393, 97
Trd, 4319865.493, 97
Trd, 4319865.943, 95
Trd, 4319870.793, 97
Trd, 4319872.093, 97
Trd, 4319872.293, 94
Trd, 4319873.843, 96
Trd, 4319874.793, 96
Trd, 4319875.343, 104
Trd, 4319876.343, 95
Trd, 4319879.143, 99
Trd, 4319880.943, 95
Trd, 4319881.893, 105
Trd, 4319883.193, 101
Trd, 4319883.343, 100
Trd, 4319884.193, 96
Trd, 4319885.743, 105
Trd, 4319886.593, 102
Trd, 4319886.793, 98
Trd, 4319888.243, 95
Trd, 4319891.143, 96
Trd, 4319891.743, 96
Trd, 4319893.393, 98
Trd, 4319894.543, 97
Trd, 4319894.943, 104
Trd, 4319895.243, 95
Trd, 4319898.943, 94
Trd, 4319900.093, 94
Trd, 4319900.293, 95
Trd, 4319900.693, 93
Trd, 4319903.693, 96
Trd, 4319906.093, 93
Trd, 4319907.843, 95
Trd, 4319909.343, 95
Trd, 4319909.693, 105
Trd, 4319910.093, 100
Trd, 4319910.693, 93
Trd, 4319911.093, 140
Trd, 4319911.393, 126
Trd, 4319911.993, 112
Trd, 4319913.093, 103
Trd, 4319914.743, 95
Trd, 4319915.193, 104
Trd, 4319916.043, 104
Trd, 4319916.543, 114
Trd, 4319916.893, 95
Trd, 4319917.793, 95
Trd, 4319919.393, 97
Trd, 4319919.993, 95
Trd, 4319920.843, 92
Trd, 4319921.943, 84
Trd, 4319922.443, 85
Trd, 4319923.293, 88
Trd, 4319924.543, 94
Trd, 4319924.843, 107
Trd, 4319928.043, 92
Trd, 4319928.143, 91
Trd, 4319928.393, 94
Trd, 4319929.093, 96
Trd, 4319931.193, 94
Trd, 4319931.343, 108
Trd, 4319932.593, 96
Trd, 4319934.243, 94
Trd, 4319937.143, 96
Trd, 4319939.093, 96
Trd, 4319939.343, 94
Trd, 4319939.793, 104
Trd, 4319941.593, 96
Trd, 4319942.693, 95
Trd, 4319942.793, 93
Trd, 4319943.643, 95
Trd, 4319944.243, 95
Trd, 4319945.093, 94
Trd, 4319946.193, 100
Trd, 4319948.443, 96
Trd, 4319948.743, 92
Trd, 4319952.043, 94
Trd, 4319952.143, 95
Trd, 4319953.243, 95
Trd, 4319953.543, 94
Trd, 4319954.643, 105
Trd, 4319956.143, 95
Trd, 4319956.793, 114
Trd, 4319957.343, 94
Trd, 4319959.293, 93
Trd, 4319960.443, 98
Trd, 4319963.743, 96
Trd, 4319964.643, 95
Trd, 4319964.993, 97
Trd, 4319965.043, 94
Trd, 4319967.543, 96
Trd, 4319968.293, 96
Trd, 4319969.043, 95
Trd, 4319970.643, 96
Trd, 4319970.693, 94
Trd, 4319971.093, 93
Trd, 4319973.393, 97
Trd, 4319974.243, 97
Trd, 4319974.643, 96
Trd, 4319976.743, 97
Trd, 4319977.143, 114
Trd, 4319978.493, 102
Trd, 4319979.043, 95
Trd, 4319982.643, 95
Trd, 4319982.793, 101
Trd, 4319983.443, 95
Trd, 4319983.893, 101
Trd, 4319986.043, 94
Trd, 4319987.893, 99
Trd, 4319987.943, 100
Trd, 4319991.443, 95
Trd, 4319994.193, 97
Trd, 4319994.243, 95
Trd, 4319994.343, 95
Trd, 4319996.093, 95
Trd, 4319996.143, 114
Trd, 4319997.993, 94
