Trd, 4317875.343, 100
Trd, 4317875.543, 91
Trd, 4317877.243, 75
Trd, 4317877.693, 104
Trd, 4317879.693, 103
Trd, 4317880.793, 104
Trd, 4317880.893, 103
Trd, 4317881.993, 103
Trd, 4317882.743, 102
Trd, 4317885.943, 105
Trd, 4317886.843, 101
Trd, 4317887.293, 100
Trd, 4317889.143, 100
Trd, 4317892.343, 99
Trd, 4317893.943, 99
Trd, 4317894.343, 104
Trd, 4317895.943, 98
Trd, 4317898.093, 97
Trd, 4317898.643, 104
Trd, 4317899.843, 95
Trd, 4317900.093, 77
Trd, 4317900.293, 87
Trd, 4317902.043, 103
Trd, 4317905.243, 103
Trd, 4317906.393, 92
Trd, 4317906.543, 92
Trd, 4317906.943, 92
Trd, 4317910.893, 94
Trd, 4317913.193, 93
Trd, 4317913.843, 93
Trd, 4317914.643, 93
Trd, 4317915.343, 93
Trd, 4317915.843, 98
Trd, 4317916.743, 98
Trd, 4317919.843, 92
Trd, 4317920.293, 92
Trd, 4317924.193, 91
Trd, 4317924.443, 98
Trd, 4317924.493, 91
Trd, 4317927.843, 98
Trd, 4317928.743, 93
Trd, 4317930.743, 93
Trd, 4317931.893, 92
Trd, 4317932.593, 92
Trd, 4317934.593, 98
Trd, 4317934.643, 95
Trd, 4317937.543, 94
Trd, 4317938.143, 99
Trd, 4317938.293, 94
Trd, 4317938.493, 93
Trd, 4317940.593, 99
Trd, 4317942.593, 99
Trd, 4317943.843, 98
Trd, 4317945.043, 97
Trd, 4317946.793, 96
Trd, 4317948.693, 96
Trd, 4317949.143, 96
Trd, 4317950.693, 98
Trd, 4317951.943, 96
Trd, 4317952.493, 96
Trd, 4317956.043, 95
Trd, 4317956.243, 98
Trd, 4317957.693, 86
Trd, 4317957.743, 89
Trd, 4317958.743, 91
Trd, 4317959.043, 105
Trd, 4317959.643, 75
Trd, 4317961.443, 98
Trd, 4317962.943, 103
Trd, 4317963.643, 102
Trd, 4317964.493, 100
Trd, 4317965.593, 101
Trd, 4317966.293, 105
Trd, 4317966.443, 103
Trd, 4317966.743, 102
Trd, 4317968.193, 101
Trd, 4317969.293, 102
Trd, 4317970.043, 101
Trd, 4317971.443, 78
Trd, 4317972.943, 77
Trd, 4317973.593, 91
Trd, 4317974.593, 90
Trd, 4317975.843, 95
Trd, 4317976.143, 92
Trd, 4317977.693, 92
Trd, 4317978.793, 91
Trd, 4317980.593, 91
Trd, 4317980.793, 95
Trd, 4317983.143, 90
Trd, 4317984.643, 90
Trd, 4317986.693, 95
Trd, 4317986.843, 89
Trd, 4317989.043, 88
Trd, 4317989.143, 75
Trd, 4317991.443, 85
Trd, 4317991.743, 84
Trd, 4317992.693, 95
Trd, 4317995.343, 87
Trd, 4317995.393, 95
Trd, 4317995.893, 86
Trd, 4317999.043, 85
Trd, 4317999.893, 95
Trd, 4318000.443, 84
Trd, 4318001.443, 84
Trd, 4318002.443, 104
Trd, 4318004.093, 90
Trd, 4318004.843, 74
Trd, 4318006.743, 84
Trd, 4318010.543, 82
Trd, 4318011.443, 82
Trd, 4318011.793, 86
Trd, 4318012.893, 81
Trd, 4318013.293, 95
Trd, 4318014.443, 78
Trd, 4318015.793, 104
Trd, 4318015.893, 89
Trd, 4318016.993, 91
Trd, 4318018.493, 86
Trd, 4318019.243, 83
Trd, 4318019.693, 86
Trd, 4318020.143, 104
Trd, 4318021.543, 82
Trd, 4318023.543, 84
Trd, 4318024.493, 81
Trd, 4318026.043, 88
Trd, 4318026.893, 83
Trd, 4318027.893, 88
Trd, 4318028.543, 83
Trd, 4318029.593, 81
Trd, 4318030.493, 81
Trd, 4318033.093, 84
Trd, 4318034.043, 88
Trd, 4318034.743, 83
Trd, 4318037.093, 83
Trd, 4318039.343, 89
Trd, 4318039.943, 82
Trd, 4318040.643, 82
Trd, 4318041.943, 95
Trd, 4318043.893, 85
Trd, 4318044.193, 84
Trd, 4318045.193, 93
Trd, 4318045.793, 83
Trd, 4318047.793, 84
Trd, 4318049.693, 95
Trd, 4318050.943, 90
Trd, 4318051.493, 89
Trd, 4318052.143, 88
Trd, 4318052.443, 91
Trd, 4318054.393, 88
Trd, 4318055.443, 95
Trd, 4318057.143, 87
Trd, 4318058.193, 87
Trd, 4318060.293, 94
Trd, 4318060.943, 87
Trd, 4318061.693, 86
Trd, 4318064.993, 92
Trd, 4318065.993, 85
Trd, 4318066.893, 85
Trd, 4318067.843, 85
Trd, 4318068.743, 84
Trd, 4318069.843, 95
Trd, 4318071.543, 85
Trd, 4318073.193, 85
Trd, 4318073.343, 84
Trd, 4318074.443, 94
Trd, 4318077.293, 94
Trd, 4318078.093, 91
Trd, 4318079.793, 90
Trd, 4318080.243, 87
Trd, 4318080.343, 86
Trd, 4318082.993, 88
Trd, 4318083.093, 95
Trd, 4318084.593, 88
Trd, 4318085.443, 87
Trd, 4318086.693, 87
Trd, 4318088.493, 92
Trd, 4318088.693, 95
Trd, 4318089.693, 86
Trd, 4318092.893, 85
Trd, 4318094.193, 86
Trd, 4318096.093, 85
Trd, 4318096.393, 95
Trd, 4318097.243, 85
Trd, 4318098.493, 84
Trd, 4318100.443, 85
Trd, 4318100.743, 95
Trd, 4318105.443, 84
Trd, 4318106.143, 84
Trd, 4318106.593, 83
Trd, 4318107.143, 89
Trd, 4318108.543, 82
Trd, 4318109.493, 95
Trd, 4318109.793, 68
Trd, 4318110.393, 79
Trd, 4318113.193, 86
Trd, 4318114.343, 86
Trd, 4318114.843, 92
Trd, 4318117.293, 85
Trd, 4318119.093, 89
Trd, 4318119.593, 95
Trd, 4318120.993, 92
Trd, 4318123.293, 91
Trd, 4318123.343, 95
Trd, 4318126.643, 90
Trd, 4318127.243, 87
Trd, 4318127.393, 89
Trd, 4318127.593, 77
Trd, 4318128.993, 95
Trd, 4318130.543, 87
Trd, 4318132.693, 104
Trd, 4318133.943, 87
Trd, 4318135.143, 86
Trd, 4318137.393, 94
Trd, 4318137.543, 87
Trd, 4318137.943, 95
Trd, 4318138.493, 86
Trd, 4318140.693, 88
Trd, 4318141.843, 95
Trd, 4318142.793, 86
Trd, 4318144.343, 86
Trd, 4318145.893, 86
Trd, 4318146.693, 86
Trd, 4318146.943, 95
Trd, 4318148.393, 85
Trd, 4318150.843, 85
Trd, 4318151.443, 83
Trd, 4318153.843, 88
Trd, 4318155.293, 87
Trd, 4318155.543, 93
Trd, 4318156.743, 87
Trd, 4318158.993, 87
Trd, 4318159.643, 93
Trd, 4318161.193, 88
Trd, 4318161.993, 86
Trd, 4318162.993, 94
Trd, 4318164.493, 94
Trd, 4318164.743, 95
Trd, 4318165.393, 104
Trd, 4318166.493, 97
Trd, 4318167.343, 101
Trd, 4318167.493, 92
Trd, 4318169.793, 100
Trd, 4318170.993, 99
Trd, 4318171.193, 80
Trd, 4318172.043, 87
Trd, 4318174.693, 113
Trd, 4318175.043, 105
Trd, 4318175.343, 104
Trd, 4318175.443, 98
Trd, 4318175.893, 113
Trd, 4318178.393, 101
Trd, 4318179.343, 107
Trd, 4318179.843, 107
Trd, 4318180.543, 106
Trd, 4318184.043, 106
Trd, 4318184.543, 105
Trd, 4318185.393, 105
Trd, 4318185.793, 107
Trd, 4318188.993, 107
Trd, 4318191.393, 104
Trd, 4318191.593, 103
Trd, 4318191.843, 103
Trd, 4318192.443, 106
Trd, 4318193.593, 102
Trd, 4318196.993, 102
Trd, 4318198.843, 105
Trd, 4318198.893, 102
Trd, 4318199.343, 100
Trd, 4318201.293, 105
Trd, 4318203.643, 101
Trd, 4318205.893, 100
Trd, 4318205.943, 100
Trd, 4318206.093, 100
Trd, 4318208.043, 93
Trd, 4318208.443, 95
Trd, 4318209.193, 102
Trd, 4318210.593, 97
Trd, 4318212.143, 102
Trd, 4318214.643, 96
Trd, 4318215.143, 96
Trd, 4318216.243, 98
Trd, 4318219.343, 95
Trd, 4318219.993, 95
Trd, 4318221.793, 94
Trd, 4318222.043, 92
Trd, 4318222.643, 98
Trd, 4318224.593, 93
Trd, 4318225.743, 92
Trd, 4318226.393, 98
Trd, 4318227.993, 84
Trd, 4318228.643, 90
Trd, 4318231.143, 91
Trd, 4318233.593, 92
Trd, 4318233.843, 96
Trd, 4318234.193, 91
Trd, 4318236.243, 91
Trd, 4318237.793, 90
Trd, 4318237.843, 94
Trd, 4318240.093, 90
Trd, 4318240.343, 89
Trd, 4318240.943, 95
Trd, 4318241.193, 96
Trd, 4318242.443, 89
Trd, 4318242.743, 89
Trd, 4318244.543, 93
Trd, 4318245.693, 101
Trd, 4318246.543, 101
Trd, 4318247.293, 79
Trd, 4318247.793, 101
Trd, 4318250.293, 96
Trd, 4318250.493, 95
Trd, 4318252.493, 94
Trd, 4318254.093, 91
Trd, 4318254.593, 92
Trd, 4318255.393, 96
Trd, 4318259.793, 91
Trd, 4318260.143, 91
Trd, 4318261.543, 94
Trd, 4318261.693, 90
Trd, 4318262.093, 82
Trd, 4318263.943, 86
Trd, 4318264.593, 101
Trd, 4318266.843, 93
Trd, 4318268.243, 90
Trd, 4318270.193, 94
Trd, 4318271.743, 90
Trd, 4318272.993, 90
Trd, 4318275.293, 89
Trd, 4318275.893, 88
Trd, 4318276.743, 93
Trd, 4318276.893, 94
Trd, 4318278.643, 90
Trd, 4318279.743, 89
Trd, 4318279.893, 95
Trd, 4318281.093, 89
Trd, 4318284.743, 95
Trd, 4318285.643, 89
Trd, 4318288.393, 89
Trd, 4318290.093, 88
Trd, 4318290.493, 90
Trd, 4318291.443, 95
Trd, 4318292.343, 89
Trd, 4318294.393, 89
Trd, 4318297.793, 89
Trd, 4318298.343, 94
Trd, 4318298.693, 88
Trd, 4318299.143, 88
Trd, 4318299.693, 88
Trd, 4318301.643, 95
Trd, 4318303.193, 105
Trd, 4318304.293, 100
Trd, 4318304.943, 100
Trd, 4318305.243, 100
Trd, 4318305.543, 99
Trd, 4318306.993, 77
Trd, 4318307.943, 101
Trd, 4318309.093, 86
Trd, 4318310.843, 90
Trd, 4318312.843, 90
Trd, 4318313.643, 95
Trd, 4318313.793, 92
Trd, 4318315.193, 91
Trd, 4318316.643, 90
Trd, 4318316.693, 88
Trd, 4318319.193, 89
Trd, 4318321.893, 94
Trd, 4318323.843, 89
Trd, 4318325.043, 88
Trd, 4318325.093, 92
Trd, 4318326.143, 88
Trd, 4318329.293, 87
Trd, 4318330.693, 93
Trd, 4318332.243, 86
Trd, 4318332.843, 86
Trd, 4318334.943, 87
Trd, 4318335.893, 94
Trd, 4318337.443, 94
Trd, 4318339.243, 90
Trd, 4318342.593, 89
Trd, 4318342.743, 89
Trd, 4318343.143, 89
Trd, 4318344.593, 94
Trd, 4318345.543, 88
Trd, 4318346.593, 95
Trd, 4318347.043, 87
Trd, 4318349.643, 95
Trd, 4318349.943, 96
Trd, 4318353.443, 90
Trd, 4318354.943, 89
Trd, 4318355.543, 89
Trd, 4318358.093, 96
Trd, 4318359.443, 90
Trd, 4318361.043, 90
Trd, 4318362.643, 94
Trd, 4318362.693, 89
Trd, 4318365.393, 88
Trd, 4318366.043, 88
Trd, 4318367.293, 88
Trd, 4318368.043, 88
Trd, 4318370.043, 94
Trd, 4318371.943, 89
Trd, 4318372.093, 94
Trd, 4318373.743, 88
Trd, 4318375.293, 95
Trd, 4318377.043, 91
Trd, 4318378.343, 92
Trd, 4318379.093, 93
Trd, 4318381.093, 91
Trd, 4318381.343, 95
Trd, 4318381.593, 90
Trd, 4318382.743, 90
Trd, 4318383.343, 90
Trd, 4318385.093, 92
Trd, 4318386.593, 92
Trd, 4318388.843, 91
Trd, 4318389.393, 90
Trd, 4318389.743, 95
Trd, 4318391.193, 97
Trd, 4318391.943, 96
Trd, 4318392.343, 95
Trd, 4318392.993, 95
Trd, 4318394.343, 105
Trd, 4318394.693, 74
Trd, 4318396.093, 92
Trd, 4318396.893, 92
Trd, 4318398.743, 80
Trd, 4318400.393, 90
Trd, 4318401.393, 90
Trd, 4318401.443, 92
Trd, 4318404.443, 90
Trd, 4318404.643, 92
Trd, 4318407.043, 93
Trd, 4318407.743, 95
Trd, 4318408.643, 91
Trd, 4318409.343, 93
Trd, 4318410.093, 95
Trd, 4318412.643, 94
Trd, 4318412.743, 91
Trd, 4318414.343, 95
Trd, 4318415.843, 95
Trd, 4318416.393, 91
Trd, 4318417.943, 95
Trd, 4318418.493, 97
Trd, 4318419.443, 96
Trd, 4318419.593, 96
Trd, 4318423.043, 95
Trd, 4318423.293, 94
Trd, 4318424.843, 96
Trd, 4318424.893, 95
Trd, 4318426.943, 96
Trd, 4318427.093, 93
Trd, 4318428.643, 93
Trd, 4318431.793, 95
Trd, 4318432.093, 93
Trd, 4318433.593, 92
Trd, 4318434.793, 91
Trd, 4318436.343, 89
Trd, 4318440.343, 94
Trd, 4318440.493, 91
Trd, 4318440.593, 109
Trd, 4318442.893, 90
Trd, 4318445.193, 90
Trd, 4318446.243, 90
Trd, 4318449.443, 94
Trd, 4318449.993, 96
Trd, 4318450.143, 93
Trd, 4318452.693, 92
Trd, 4318454.643, 96
Trd, 4318454.693, 91
Trd, 4318455.043, 91
Trd, 4318458.893, 94
Trd, 4318461.793, 90
Trd, 4318462.193, 90
Trd, 4318462.443, 89
Trd, 4318462.643, 89
Trd, 4318463.943, 90
Trd, 4318464.093, 95
Trd, 4318465.593, 89
Trd, 4318468.243, 89
Trd, 4318468.843, 93
Trd, 4318470.893, 88
Trd, 4318471.543, 87
Trd, 4318475.443, 86
Trd, 4318476.193, 93
Trd, 4318477.293, 85
Trd, 4318477.443, 85
Trd, 4318478.243, 85
Trd, 4318479.143, 93
Trd, 4318481.293, 95
Trd, 4318482.093, 88
Trd, 4318483.043, 88
Trd, 4318484.093, 88
Trd, 4318484.443, 87
Trd, 4318485.193, 95
Trd, 4318486.493, 96
Trd, 4318488.943, 89
Trd, 4318490.143, 91
Trd, 4318492.193, 95
Trd, 4318494.093, 92
Trd, 4318495.443, 90
Trd, 4318495.493, 90
Trd, 4318496.543, 89
Trd, 4318497.343, 88
Trd, 4318499.993, 95
Trd, 4318502.593, 88
Trd, 4318503.243, 92
Trd, 4318504.793, 89
Trd, 4318506.343, 90
Trd, 4318507.243, 87
Trd, 4318510.893, 88
Trd, 4318511.493, 89
Trd, 4318511.843, 90
Trd, 4318512.043, 89
Trd, 4318513.293, 95
Trd, 4318515.893, 88
Trd, 4318517.393, 87
Trd, 4318519.043, 86
Trd, 4318519.093, 94
Trd, 4318520.743, 86
Trd, 4318522.643, 95
Trd, 4318523.493, 89
Trd, 4318523.643, 88
Trd, 4318525.943, 91
Trd, 4318527.143, 90
Trd, 4318527.643, 95
Trd, 4318527.993, 91
Trd, 4318530.893, 90
Trd, 4318532.193, 89
Trd, 4318533.093, 89
Trd, 4318533.943, 94
Trd, 4318537.493, 89
Trd, 4318538.343, 88
Trd, 4318541.343, 88
Trd, 4318541.893, 94
Trd, 4318542.393, 95
Trd, 4318543.543, 88
Trd, 4318543.893, 93
Trd, 4318544.243, 80
Trd, 4318545.793, 92
Trd, 4318548.693, 92
Trd, 4318550.243, 91
Trd, 4318552.043, 91
Trd, 4318552.343, 90
Trd, 4318555.043, 91
Trd, 4318555.993, 89
Trd, 4318556.943, 89
Trd, 4318557.893, 88
Trd, 4318559.093, 87
Trd, 4318561.293, 95
Trd, 4318561.393, 86
Trd, 4318563.543, 86
Trd, 4318564.243, 89
Trd, 4318564.743, 86
Trd, 4318567.193, 88
Trd, 4318567.893, 87
Trd, 4318569.643, 86
Trd, 4318570.643, 89
Trd, 4318570.993, 95
Trd, 4318571.593, 85
Trd, 4318572.593, 83
Trd, 4318577.593, 92
Trd, 4318578.043, 89
Trd, 4318578.793, 92
Trd, 4318579.993, 90
Trd, 4318580.293, 88
Trd, 4318580.443, 87
Trd, 4318580.893, 107
Trd, 4318582.643, 88
Trd, 4318584.993, 89
Trd, 4318586.693, 89
Trd, 4318589.443, 95
Trd, 4318592.343, 92
Trd, 4318592.493, 90
Trd, 4318592.893, 89
Trd, 4318593.893, 90
Trd, 4318594.443, 88
Trd, 4318596.443, 89
Trd, 4318597.043, 95
Trd, 4318599.243, 93
Trd, 4318601.543, 93
Trd, 4318601.893, 106
Trd, 4318602.243, 92
Trd, 4318603.193, 77
Trd, 4318606.393, 92
Trd, 4318607.643, 92
Trd, 4318607.893, 90
Trd, 4318608.093, 95
Trd, 4318612.443, 101
Trd, 4318612.693, 105
Trd, 4318612.893, 100
Trd, 4318613.593, 99
Trd, 4318614.093, 101
Trd, 4318614.343, 99
Trd, 4318618.143, 98
Trd, 4318618.743, 98
Trd, 4318620.193, 100
Trd, 4318620.543, 97
Trd, 4318620.643, 97
Trd, 4318624.793, 98
Trd, 4318624.993, 96
Trd, 4318625.643, 96
Trd, 4318626.393, 95
Trd, 4318628.693, 95
Trd, 4318631.393, 94
Trd, 4318632.693, 93
Trd, 4318633.693, 92
Trd, 4318635.693, 92
Trd, 4318637.693, 96
Trd, 4318639.543, 91
Trd, 4318639.893, 90
Trd, 4318640.243, 90
Trd, 4318640.993, 89
Trd, 4318641.693, 72
Trd, 4318642.993, 86
Trd, 4318643.893, 105
Trd, 4318644.643, 77
Trd, 4318645.393, 72
Trd, 4318646.143, 86
Trd, 4318650.193, 91
Trd, 4318651.643, 91
Trd, 4318652.643, 90
Trd, 4318652.693, 90
Trd, 4318653.393, 97
Trd, 4318655.043, 89
Trd, 4318656.093, 77
Trd, 4318656.443, 106
Trd, 4318657.743, 78
Trd, 4318658.743, 86
Trd, 4318659.143, 85
Trd, 4318661.943, 106
Trd, 4318663.993, 89
Trd, 4318664.193, 95
Trd, 4318664.943, 91
Trd, 4318667.393, 90
Trd, 4318668.493, 93
Trd, 4318670.143, 89
Trd, 4318670.843, 89
Trd, 4318670.993, 105
Trd, 4318673.693, 88
Trd, 4318674.643, 87
Trd, 4318675.743, 86
Trd, 4318676.043, 79
Trd, 4318676.443, 94
Trd, 4318677.393, 86
Trd, 4318681.993, 96
Trd, 4318683.643, 93
Trd, 4318684.343, 87
Trd, 4318685.043, 87
Trd, 4318685.293, 85
Trd, 4318687.193, 86
Trd, 4318688.693, 85
Trd, 4318689.393, 89
Trd, 4318690.143, 105
Trd, 4318691.843, 84
Trd, 4318692.943, 85
Trd, 4318693.293, 87
Trd, 4318694.543, 84
Trd, 4318699.143, 83
Trd, 4318699.593, 87
Trd, 4318702.093, 85
Trd, 4318702.243, 82
Trd, 4318703.543, 81
Trd, 4318703.643, 81
Trd, 4318703.893, 87
Trd, 4318706.893, 95
Trd, 4318707.443, 84
Trd, 4318708.743, 84
Trd, 4318709.243, 112
Trd, 4318709.443, 98
Trd, 4318710.793, 96
Trd, 4318711.743, 110
Trd, 4318711.893, 102
Trd, 4318712.993, 104
Trd, 4318714.543, 104
Trd, 4318716.993, 105
Trd, 4318718.693, 104
Trd, 4318718.743, 103
Trd, 4318720.193, 103
Trd, 4318720.593, 103
Trd, 4318721.093, 86
Trd, 4318721.993, 103
Trd, 4318724.393, 100
Trd, 4318726.443, 99
Trd, 4318726.593, 103
Trd, 4318727.443, 100
Trd, 4318728.343, 99
Trd, 4318729.043, 77
Trd, 4318733.443, 96
Trd, 4318734.243, 96
Trd, 4318734.693, 97
Trd, 4318736.693, 95
Trd, 4318737.093, 98
Trd, 4318739.393, 94
Trd, 4318741.393, 95
Trd, 4318742.693, 95
Trd, 4318746.043, 97
Trd, 4318750.543, 95
Trd, 4318750.693, 97
Trd, 4318751.143, 95
Trd, 4318751.893, 95
Trd, 4318752.593, 93
Trd, 4318753.543, 96
Trd, 4318754.743, 89
Trd, 4318755.143, 92
Trd, 4318756.343, 90
Trd, 4318757.293, 90
Trd, 4318759.293, 91
Trd, 4318759.843, 95
Trd, 4318761.793, 92
Trd, 4318764.093, 92
Trd, 4318765.193, 91
Trd, 4318766.743, 95
Trd, 4318766.993, 91
Trd, 4318767.843, 95
Trd, 4318769.193, 90
Trd, 4318769.593, 89
Trd, 4318772.443, 89
Trd, 4318772.993, 95
Trd, 4318773.843, 97
Trd, 4318774.993, 95
Trd, 4318776.743, 84
Trd, 4318776.893, 89
Trd, 4318778.693, 90
Trd, 4318779.793, 82
Trd, 4318780.193, 88
Trd, 4318781.593, 89
Trd, 4318782.543, 88
Trd, 4318783.143, 87
Trd, 4318783.593, 95
Trd, 4318785.143, 88
Trd, 4318787.843, 87
Trd, 4318788.043, 87
Trd, 4318788.893, 77
Trd, 4318789.093, 93
Trd, 4318790.343, 84
Trd, 4318792.043, 95
Trd, 4318793.693, 90
Trd, 4318795.743, 91
Trd, 4318796.243, 94
Trd, 4318796.443, 90
Trd, 4318799.043, 90
Trd, 4318800.793, 90
Trd, 4318802.893, 92
Trd, 4318804.793, 95
Trd, 4318805.143, 89
Trd, 4318806.193, 88
Trd, 4318808.893, 94
Trd, 4318808.943, 88
Trd, 4318809.093, 87
Trd, 4318809.193, 87
Trd, 4318813.043, 94
Trd, 4318813.093, 87
Trd, 4318813.143, 95
Trd, 4318813.443, 88
Trd, 4318817.593, 90
Trd, 4318819.843, 90
Trd, 4318820.293, 89
Trd, 4318821.093, 88
Trd, 4318822.093, 88
Trd, 4318824.643, 90
Trd, 4318824.693, 88
Trd, 4318827.693, 95
Trd, 4318828.093, 89
Trd, 4318829.793, 95
Trd, 4318830.393, 91
Trd, 4318831.493, 92
Trd, 4318832.593, 91
Trd, 4318836.493, 90
Trd, 4318836.893, 90
Trd, 4318837.793, 95
Trd, 4318839.693, 93
Trd, 4318841.193, 90
Trd, 4318842.593, 89
Trd, 4318843.443, 95
Trd, 4318843.593, 88
Trd, 4318844.393, 88
Trd, 4318844.643, 90
Trd, 4318846.443, 95
Trd, 4318849.593, 87
Trd, 4318850.543, 88
Trd, 4318851.043, 95
Trd, 4318852.543, 88
Trd, 4318853.693, 90
Trd, 4318854.393, 95
Trd, 4318854.743, 87
Trd, 4318858.343, 88
Trd, 4318861.243, 90
Trd, 4318862.143, 90
Trd, 4318862.293, 95
Trd, 4318862.543, 89
Trd, 4318863.243, 104
Trd, 4318866.193, 88
Trd, 4318867.343, 88
Trd, 4318867.393, 98
Trd, 4318868.143, 91
Trd, 4318870.093, 93
Trd, 4318871.143, 95
Trd, 4318871.543, 92
Trd, 4318876.193, 92
Trd, 4318877.493, 94
Trd, 4318878.543, 92
Trd, 4318879.893, 91
Trd, 4318881.343, 95
Trd, 4318882.043, 91
Trd, 4318884.143, 94
Trd, 4318885.193, 95
Trd, 4318885.593, 94
Trd, 4318885.893, 94
Trd, 4318890.343, 94
Trd, 4318890.593, 93
Trd, 4318891.243, 93
Trd, 4318892.743, 95
Trd, 4318894.693, 95
Trd, 4318894.843, 92
Trd, 4318896.043, 92
Trd, 4318897.393, 91
Trd, 4318898.543, 91
Trd, 4318899.543, 90
Trd, 4318900.143, 95
Trd, 4318902.593, 94
Trd, 4318903.893, 93
Trd, 4318905.893, 95
Trd, 4318906.793, 93
Trd, 4318908.393, 92
Trd, 4318908.543, 96
Trd, 4318908.843, 91
Trd, 4318912.843, 95
Trd, 4318912.943, 94
Trd, 4318915.243, 94
Trd, 4318915.393, 94
Trd, 4318916.793, 93
Trd, 4318918.743, 96
Trd, 4318919.993, 95
Trd, 4318922.793, 95
Trd, 4318923.193, 96
Trd, 4318924.143, 94
Trd, 4318925.243, 94
Trd, 4318928.293, 93
Trd, 4318928.893, 92
Trd, 4318929.343, 96
Trd, 4318929.943, 97
Trd, 4318930.993, 104
Trd, 4318933.043, 103
Trd, 4318933.243, 103
Trd, 4318933.793, 103
Trd, 4318934.343, 103
Trd, 4318935.693, 111
Trd, 4318936.393, 86
Trd, 4318937.443, 99
Trd, 4318937.493, 106
Trd, 4318939.343, 83
Trd, 4318940.693, 96
Trd, 4318941.343, 97
Trd, 4318941.843, 93
Trd, 4318942.543, 89
Trd, 4318945.493, 93
Trd, 4318945.543, 98
Trd, 4318947.943, 92
Trd, 4318949.193, 75
Trd, 4318951.693, 89
Trd, 4318953.793, 95
Trd, 4318953.993, 93
Trd, 4318954.293, 93
Trd, 4318955.043, 93
Trd, 4318957.793, 92
Trd, 4318958.043, 92
Trd, 4318960.243, 91
Trd, 4318960.593, 94
Trd, 4318961.393, 91
Trd, 4318964.943, 90
Trd, 4318965.443, 94
Trd, 4318968.693, 90
Trd, 4318969.643, 89
Trd, 4318971.693, 88
Trd, 4318972.743, 88
Trd, 4318973.643, 87
Trd, 4318975.193, 87
Trd, 4318976.143, 92
Trd, 4318977.993, 93
Trd, 4318978.093, 86
Trd, 4318979.293, 85
Trd, 4318979.593, 95
Trd, 4318982.693, 86
Trd, 4318983.993, 90
Trd, 4318984.043, 85
Trd, 4318985.193, 85
Trd, 4318985.593, 104
Trd, 4318987.743, 84
Trd, 4318989.443, 84
Trd, 4318989.843, 86
Trd, 4318990.043, 88
Trd, 4318993.193, 83
Trd, 4318995.993, 82
Trd, 4318996.043, 104
Trd, 4318998.993, 81
Trd, 4319000.143, 92
Trd, 4319000.943, 86
Trd, 4319001.093, 96
Trd, 4319001.243, 85
Trd, 4319003.493, 85
Trd, 4319005.293, 96
Trd, 4319006.943, 87
Trd, 4319007.093, 87
Trd, 4319008.543, 86
Trd, 4319011.493, 94
Trd, 4319013.143, 90
Trd, 4319013.243, 96
Trd, 4319014.043, 89
Trd, 4319014.943, 88
Trd, 4319016.043, 95
Trd, 4319016.593, 89
Trd, 4319018.043, 88
Trd, 4319020.093, 94
Trd, 4319020.693, 89
Trd, 4319021.643, 89
Trd, 4319022.543, 88
Trd, 4319026.543, 94
Trd, 4319027.643, 88
Trd, 4319028.293, 87
Trd, 4319030.393, 94
Trd, 4319031.543, 87
Trd, 4319032.393, 87
Trd, 4319033.643, 95
Trd, 4319036.743, 87
Trd, 4319036.793, 87
Trd, 4319037.943, 86
Trd, 4319038.193, 83
Trd, 4319040.843, 95
Trd, 4319041.843, 85
Trd, 4319043.243, 84
Trd, 4319043.693, 83
Trd, 4319044.793, 82
Trd, 4319049.143, 87
Trd, 4319049.243, 94
Trd, 4319050.493, 86
Trd, 4319051.443, 95
Trd, 4319052.643, 88
Trd, 4319056.143, 87
Trd, 4319056.343, 87
Trd, 4319056.843, 87
Trd, 4319057.693, 95
Trd, 4319058.493, 86
Trd, 4319059.293, 86
Trd, 4319059.343, 84
Trd, 4319062.593, 95
Trd, 4319063.593, 87
Trd, 4319064.093, 88
Trd, 4319064.143, 113
Trd, 4319065.743, 87
Trd, 4319069.043, 89
Trd, 4319069.243, 106
Trd, 4319070.043, 89
Trd, 4319070.493, 89
Trd, 4319070.593, 88
Trd, 4319074.593, 91
Trd, 4319075.193, 82
Trd, 4319075.693, 87
Trd, 4319077.093, 89
Trd, 4319077.993, 88
Trd, 4319078.143, 88
Trd, 4319078.493, 96
Trd, 4319081.893, 87
Trd, 4319082.793, 96
Trd, 4319082.893, 87
Trd, 4319084.043, 86
Trd, 4319085.593, 87
Trd, 4319087.643, 85
Trd, 4319090.043, 85
Trd, 4319091.043, 95
Trd, 4319091.643, 92
Trd, 4319092.093, 89
Trd, 4319093.743, 91
Trd, 4319094.943, 92
Trd, 4319095.143, 92
Trd, 4319096.243, 92
Trd, 4319097.193, 95
Trd, 4319100.293, 94
Trd, 4319101.643, 95
Trd, 4319102.093, 93
Trd, 4319102.643, 93
Trd, 4319102.993, 112
Trd, 4319104.393, 84
Trd, 4319105.393, 96
Trd, 4319105.643, 88
Trd, 4319107.393, 94
Trd, 4319109.993, 98
Trd, 4319112.693, 95
Trd, 4319113.693, 94
Trd, 4319114.293, 98
Trd, 4319115.793, 92
Trd, 4319116.193, 92
Trd, 4319116.843, 93
Trd, 4319117.543, 98
Trd, 4319120.243, 92
Trd, 4319120.293, 98
Trd, 4319123.143, 92
Trd, 4319125.243, 91
Trd, 4319125.343, 91
Trd, 4319126.393, 92
Trd, 4319126.593, 95
Trd, 4319129.643, 90
Trd, 4319130.593, 91
Trd, 4319131.643, 91
Trd, 4319133.743, 90
Trd, 4319134.043, 92
Trd, 4319136.143, 89
Trd, 4319136.543, 93
Trd, 4319137.843, 88
Trd, 4319139.593, 88
Trd, 4319140.543, 95
Trd, 4319140.643, 92
Trd, 4319144.593, 93
Trd, 4319145.943, 105
Trd, 4319146.543, 92
Trd, 4319146.693, 92
Trd, 4319149.043, 91
Trd, 4319151.493, 91
Trd, 4319154.093, 93
Trd, 4319155.643, 112
Trd, 4319155.993, 100
Trd, 4319156.343, 102
Trd, 4319157.543, 99
Trd, 4319158.093, 94
Trd, 4319159.243, 107
Trd, 4319160.643, 97
Trd, 4319162.743, 96
Trd, 4319163.493, 96
Trd, 4319164.293, 97
Trd, 4319164.493, 96
Trd, 4319167.343, 95
Trd, 4319169.493, 94
Trd, 4319170.993, 96
Trd, 4319172.093, 95
Trd, 4319172.693, 94
Trd, 4319176.343, 96
Trd, 4319176.593, 94
Trd, 4319179.043, 93
Trd, 4319179.243, 93
Trd, 4319180.443, 92
Trd, 4319183.193, 92
Trd, 4319183.293, 92
Trd, 4319183.643, 95
Trd, 4319183.943, 92
Trd, 4319187.343, 91
Trd, 4319188.943, 91
Trd, 4319189.043, 91
Trd, 4319189.843, 95
Trd, 4319191.193, 90
Trd, 4319193.993, 95
Trd, 4319194.293, 90
Trd, 4319194.743, 90
Trd, 4319195.843, 89
Trd, 4319197.143, 89
Trd, 4319198.143, 94
Trd, 4319199.943, 89
Trd, 4319201.943, 95
Trd, 4319202.943, 89
Trd, 4319204.743, 92
Trd, 4319204.993, 88
Trd, 4319206.243, 86
Trd, 4319208.793, 90
Trd, 4319209.943, 90
Trd, 4319210.793, 88
Trd, 4319211.893, 84
Trd, 4319212.043, 95
Trd, 4319212.793, 87
Trd, 4319214.093, 93
Trd, 4319214.593, 87
Trd, 4319216.993, 94
Trd, 4319219.843, 88
Trd, 4319219.943, 87
Trd, 4319220.243, 87
Trd, 4319221.693, 86
Trd, 4319221.893, 79
Trd, 4319223.693, 82
Trd, 4319225.793, 84
Trd, 4319226.493, 83
Trd, 4319228.343, 95
Trd, 4319229.693, 83
Trd, 4319232.243, 90
Trd, 4319232.443, 84
Trd, 4319233.493, 84
Trd, 4319238.443, 88
Trd, 4319239.293, 88
Trd, 4319241.943, 90
Trd, 4319242.093, 88
Trd, 4319243.093, 88
Trd, 4319244.293, 87
Trd, 4319244.543, 95
Trd, 4319245.193, 86
Trd, 4319248.643, 86
Trd, 4319248.693, 92
Trd, 4319248.993, 86
Trd, 4319251.043, 92
Trd, 4319251.193, 86
Trd, 4319251.743, 85
Trd, 4319252.443, 85
Trd, 4319252.793, 95
Trd, 4319256.593, 89
Trd, 4319260.793, 88
Trd, 4319260.943, 94
Trd, 4319261.093, 88
Trd, 4319263.643, 95
Trd, 4319263.793, 89
Trd, 4319264.193, 89
Trd, 4319265.293, 95
Trd, 4319266.543, 88
Trd, 4319269.293, 88
Trd, 4319270.693, 88
Trd, 4319271.193, 88
Trd, 4319271.743, 95
Trd, 4319272.543, 95
Trd, 4319274.943, 110
Trd, 4319275.543, 106
Trd, 4319276.393, 114
Trd, 4319277.293, 110
Trd, 4319278.043, 103
Trd, 4319278.443, 92
Trd, 4319281.443, 105
Trd, 4319281.543, 105
Trd, 4319281.993, 103
Trd, 4319282.093, 103
Trd, 4319282.193, 68
Trd, 4319283.093, 81
Trd, 4319283.143, 107
Trd, 4319288.293, 103
Trd, 4319290.143, 98
Trd, 4319292.643, 97
Trd, 4319294.843, 96
Trd, 4319294.993, 103
Trd, 4319296.293, 95
Trd, 4319296.543, 94
Trd, 4319297.393, 95
Trd, 4319298.143, 103
Trd, 4319298.243, 94
Trd, 4319300.293, 93
Trd, 4319301.543, 93
Trd, 4319303.943, 100
Trd, 4319305.543, 94
Trd, 4319305.893, 93
Trd, 4319306.843, 93
Trd, 4319308.793, 92
Trd, 4319311.843, 92
Trd, 4319311.893, 96
Trd, 4319312.093, 91
Trd, 4319312.843, 95
Trd, 4319316.043, 93
Trd, 4319318.143, 92
Trd, 4319319.643, 91
Trd, 4319320.293, 95
Trd, 4319321.543, 90
Trd, 4319322.443, 89
Trd, 4319322.693, 80
Trd, 4319323.193, 95
Trd, 4319324.493, 77
Trd, 4319327.093, 87
Trd, 4319330.843, 95
Trd, 4319331.343, 87
Trd, 4319332.043, 87
Trd, 4319332.543, 94
Trd, 4319332.743, 86
Trd, 4319335.093, 85
Trd, 4319337.793, 95
Trd, 4319337.993, 87
Trd, 4319338.043, 95
Trd, 4319338.693, 87
Trd, 4319341.343, 86
Trd, 4319341.693, 86
Trd, 4319345.293, 90
Trd, 4319346.843, 89
Trd, 4319347.293, 87
Trd, 4319347.793, 95
Trd, 4319348.493, 87
Trd, 4319351.293, 95
Trd, 4319351.993, 87
Trd, 4319354.893, 87
Trd, 4319355.343, 95
Trd, 4319355.943, 87
Trd, 4319356.243, 86
Trd, 4319358.193, 85
Trd, 4319364.293, 90
Trd, 4319364.743, 95
Trd, 4319365.893, 87
Trd, 4319366.943, 86
Trd, 4319368.343, 85
Trd, 4319368.493, 92
Trd, 4319370.693, 95
Trd, 4319371.243, 84
Trd, 4319372.943, 84
Trd, 4319374.343, 92
Trd, 4319377.143, 93
Trd, 4319377.493, 89
Trd, 4319379.593, 88
Trd, 4319380.093, 90
Trd, 4319381.143, 87
Trd, 4319382.243, 90
Trd, 4319382.293, 87
Trd, 4319382.993, 87
Trd, 4319386.093, 87
Trd, 4319387.093, 110
Trd, 4319388.393, 96
Trd, 4319389.243, 95
Trd, 4319390.593, 94
Trd, 4319392.193, 94
Trd, 4319393.143, 96
Trd, 4319393.893, 93
Trd, 4319394.693, 93
Trd, 4319397.493, 96
Trd, 4319397.643, 92
Trd, 4319399.993, 92
Trd, 4319400.693, 91
Trd, 4319402.043, 96
Trd, 4319402.493, 95
Trd, 4319402.943, 91
Trd, 4319405.093, 96
Trd, 4319406.993, 94
Trd, 4319409.393, 94
Trd, 4319411.243, 93
Trd, 4319411.543, 96
Trd, 4319414.093, 93
Trd, 4319414.193, 92
Trd, 4319415.693, 91
Trd, 4319415.843, 91
Trd, 4319417.643, 92
Trd, 4319417.943, 96
Trd, 4319423.493, 94
Trd, 4319423.843, 96
Trd, 4319424.993, 94
Trd, 4319426.493, 96
Trd, 4319426.943, 95
Trd, 4319427.143, 95
Trd, 4319429.393, 95
Trd, 4319429.643, 93
Trd, 4319430.193, 85
Trd, 4319432.293, 90
Trd, 4319433.943, 90
Trd, 4319437.743, 91
Trd, 4319438.993, 90
Trd, 4319441.043, 89
Trd, 4319441.193, 96
Trd, 4319441.593, 89
Trd, 4319444.043, 89
Trd, 4319444.343, 89
Trd, 4319445.193, 95
Trd, 4319445.943, 87
Trd, 4319446.593, 86
Trd, 4319449.743, 89
Trd, 4319449.943, 88
Trd, 4319450.143, 95
Trd, 4319450.693, 95
Trd, 4319451.193, 88
Trd, 4319454.143, 95
Trd, 4319457.093, 87
Trd, 4319458.093, 87
Trd, 4319458.393, 95
Trd, 4319461.993, 88
Trd, 4319463.243, 85
Trd, 4319464.943, 88
Trd, 4319465.243, 91
Trd, 4319465.993, 87
Trd, 4319466.243, 90
Trd, 4319469.043, 95
Trd, 4319469.593, 94
Trd, 4319470.243, 96
Trd, 4319472.693, 96
Trd, 4319474.193, 95
Trd, 4319474.243, 97
Trd, 4319474.943, 95
Trd, 4319476.293, 86
Trd, 4319477.943, 106
Trd, 4319479.943, 93
Trd, 4319482.293, 92
Trd, 4319482.343, 89
Trd, 4319482.793, 97
Trd, 4319484.943, 90
Trd, 4319486.143, 90
Trd, 4319488.493, 90
Trd, 4319489.193, 90
Trd, 4319489.743, 95
Trd, 4319489.893, 89
Trd, 4319492.893, 95
Trd, 4319493.893, 88
Trd, 4319495.293, 94
Trd, 4319498.243, 88
Trd, 4319499.093, 87
Trd, 4319499.343, 87
Trd, 4319499.743, 92
Trd, 4319502.293, 87
Trd, 4319503.093, 105
Trd, 4319504.943, 97
Trd, 4319506.843, 91
Trd, 4319508.043, 90
Trd, 4319508.543, 92
Trd, 4319509.793, 89
Trd, 4319510.993, 88
Trd, 4319511.293, 89
Trd, 4319512.493, 92
Trd, 4319514.343, 80
Trd, 4319515.293, 96
Trd, 4319515.743, 87
Trd, 4319519.743, 95
Trd, 4319521.843, 88
Trd, 4319521.993, 96
Trd, 4319522.443, 87
Trd, 4319522.893, 87
Trd, 4319525.593, 86
Trd, 4319525.743, 90
Trd, 4319527.243, 85
Trd, 4319527.993, 85
Trd, 4319528.093, 90
Trd, 4319529.543, 84
Trd, 4319531.293, 86
Trd, 4319532.393, 86
Trd, 4319533.043, 96
Trd, 4319535.693, 86
Trd, 4319536.643, 85
Trd, 4319538.943, 93
Trd, 4319539.093, 84
Trd, 4319540.293, 95
Trd, 4319540.893, 83
Trd, 4319542.043, 83
Trd, 4319542.593, 89
Trd, 4319542.993, 88
Trd, 4319546.643, 95
Trd, 4319547.943, 93
Trd, 4319550.043, 93
Trd, 4319550.343, 95
Trd, 4319551.443, 92
Trd, 4319552.443, 91
Trd, 4319554.543, 95
Trd, 4319556.593, 91
Trd, 4319557.193, 90
Trd, 4319560.193, 93
Trd, 4319560.243, 91
Trd, 4319561.343, 94
Trd, 4319563.293, 91
Trd, 4319564.093, 90
Trd, 4319564.293, 89
Trd, 4319566.343, 95
Trd, 4319568.043, 94
Trd, 4319568.243, 95
Trd, 4319568.943, 77
Trd, 4319570.593, 95
Trd, 4319571.293, 91
Trd, 4319574.243, 92
Trd, 4319574.393, 91
Trd, 4319574.943, 95
Trd, 4319577.193, 90
Trd, 4319580.293, 94
Trd, 4319581.693, 91
Trd, 4319581.743, 91
Trd, 4319583.093, 95
Trd, 4319584.493, 91
Trd, 4319585.993, 91
Trd, 4319587.193, 95
Trd, 4319588.593, 90
Trd, 4319588.793, 90
Trd, 4319591.193, 95
Trd, 4319591.993, 90
Trd, 4319592.093, 95
Trd, 4319595.343, 91
Trd, 4319596.943, 98
Trd, 4319597.343, 97
Trd, 4319597.543, 105
Trd, 4319598.243, 96
Trd, 4319599.193, 98
Trd, 4319600.643, 77
Trd, 4319600.943, 74
Trd, 4319601.743, 88
Trd, 4319603.793, 94
Trd, 4319607.043, 91
Trd, 4319607.493, 91
Trd, 4319608.043, 91
Trd, 4319609.793, 94
Trd, 4319610.143, 78
Trd, 4319610.293, 88
Trd, 4319611.193, 85
Trd, 4319613.143, 81
Trd, 4319616.093, 84
Trd, 4319617.243, 87
Trd, 4319617.993, 83
Trd, 4319618.993, 105
Trd, 4319619.493, 88
Trd, 4319620.943, 87
Trd, 4319622.093, 86
Trd, 4319622.493, 86
Trd, 4319623.193, 95
Trd, 4319623.493, 95
Trd, 4319625.643, 89
Trd, 4319627.993, 87
Trd, 4319629.693, 87
Trd, 4319630.743, 87
Trd, 4319632.193, 89
Trd, 4319632.793, 87
Trd, 4319635.243, 86
Trd, 4319635.493, 86
Trd, 4319638.493, 90
Trd, 4319638.843, 85
Trd, 4319640.743, 95
Trd, 4319641.343, 84
Trd, 4319643.593, 89
Trd, 4319644.293, 86
Trd, 4319646.943, 94
Trd, 4319648.093, 87
Trd, 4319649.643, 89
Trd, 4319651.743, 88
Trd, 4319651.793, 94
Trd, 4319653.593, 92
Trd, 4319653.843, 95
Trd, 4319655.243, 91
Trd, 4319656.093, 92
Trd, 4319658.093, 105
Trd, 4319658.943, 91
Trd, 4319660.643, 96
Trd, 4319662.243, 91
Trd, 4319662.493, 90
Trd, 4319664.543, 94
Trd, 4319665.043, 90
Trd, 4319667.743, 93
Trd, 4319670.743, 92
Trd, 4319673.493, 93
Trd, 4319674.493, 92
Trd, 4319674.843, 91
Trd, 4319675.443, 95
Trd, 4319676.443, 91
Trd, 4319677.793, 90
Trd, 4319679.493, 90
Trd, 4319680.543, 89
Trd, 4319681.493, 89
Trd, 4319683.693, 95
Trd, 4319683.793, 89
Trd, 4319684.443, 89
Trd, 4319685.093, 95
Trd, 4319688.743, 88
Trd, 4319689.443, 88
Trd, 4319691.143, 87
Trd, 4319693.693, 87
Trd, 4319695.143, 89
Trd, 4319698.093, 86
Trd, 4319699.543, 86
Trd, 4319700.593, 85
Trd, 4319700.743, 95
Trd, 4319704.493, 93
Trd, 4319704.893, 87
Trd, 4319705.193, 95
Trd, 4319705.943, 87
Trd, 4319707.793, 92
Trd, 4319708.793, 91
Trd, 4319710.093, 90
Trd, 4319714.343, 94
Trd, 4319714.493, 90
Trd, 4319715.343, 89
Trd, 4319715.793, 88
Trd, 4319716.443, 80
Trd, 4319717.093, 94
Trd, 4319718.743, 86
Trd, 4319719.193, 95
Trd, 4319719.393, 86
Trd, 4319722.193, 95
Trd, 4319722.893, 87
Trd, 4319724.293, 87
Trd, 4319724.743, 86
Trd, 4319725.593, 94
Trd, 4319726.593, 95
Trd, 4319728.643, 90
Trd, 4319729.493, 89
Trd, 4319732.393, 95
Trd, 4319733.643, 89
Trd, 4319734.793, 89
Trd, 4319735.293, 88
Trd, 4319736.893, 91
Trd, 4319737.093, 87
Trd, 4319738.193, 87
Trd, 4319740.643, 86
Trd, 4319743.243, 86
Trd, 4319745.843, 105
Trd, 4319746.643, 89
Trd, 4319746.943, 93
Trd, 4319750.643, 91
Trd, 4319751.693, 95
Trd, 4319752.493, 91
Trd, 4319753.393, 95
Trd, 4319754.493, 91
Trd, 4319754.893, 91
Trd, 4319757.993, 90
Trd, 4319758.293, 94
Trd, 4319759.843, 94
Trd, 4319760.093, 89
Trd, 4319762.243, 93
Trd, 4319763.343, 93
Trd, 4319764.393, 95
Trd, 4319765.943, 92
Trd, 4319768.943, 91
Trd, 4319769.243, 94
Trd, 4319770.393, 91
Trd, 4319772.493, 94
Trd, 4319774.093, 95
Trd, 4319776.693, 92
Trd, 4319777.693, 92
Trd, 4319777.843, 105
Trd, 4319778.093, 94
Trd, 4319781.993, 97
Trd, 4319783.493, 96
Trd, 4319784.493, 96
Trd, 4319785.043, 96
Trd, 4319785.893, 100
Trd, 4319786.943, 95
Trd, 4319788.143, 94
Trd, 4319790.143, 98
Trd, 4319791.093, 95
Trd, 4319792.243, 94
Trd, 4319793.593, 98
Trd, 4319795.143, 94
Trd, 4319796.793, 94
Trd, 4319797.693, 93
Trd, 4319798.693, 93
Trd, 4319802.893, 93
Trd, 4319803.793, 98
Trd, 4319804.543, 93
Trd, 4319804.643, 93
Trd, 4319807.693, 92
Trd, 4319808.943, 97
Trd, 4319811.243, 91
Trd, 4319813.093, 92
Trd, 4319813.193, 91
Trd, 4319814.543, 81
Trd, 4319815.193, 96
Trd, 4319816.293, 88
Trd, 4319818.843, 88
Trd, 4319820.143, 87
Trd, 4319820.993, 92
Trd, 4319822.543, 90
Trd, 4319825.493, 93
Trd, 4319825.793, 90
Trd, 4319826.043, 89
Trd, 4319827.393, 93
Trd, 4319827.593, 89
Trd, 4319829.793, 90
Trd, 4319833.093, 92
Trd, 4319833.843, 93
Trd, 4319836.043, 91
Trd, 4319836.843, 89
Trd, 4319837.643, 92
Trd, 4319838.693, 90
Trd, 4319840.493, 90
Trd, 4319840.943, 95
Trd, 4319842.393, 89
Trd, 4319845.243, 89
Trd, 4319845.343, 95
Trd, 4319848.393, 95
Trd, 4319848.693, 88
Trd, 4319851.143, 88
Trd, 4319851.243, 88
Trd, 4319851.393, 92
Trd, 4319854.643, 92
Trd, 4319854.993, 87
Trd, 4319855.443, 86
Trd, 4319859.243, 86
Trd, 4319860.793, 85
Trd, 4319860.993, 85
Trd, 4319861.093, 90
Trd, 4319863.143, 88
Trd, 4319863.193, 95
Trd, 4319865.943, 87
Trd, 4319868.343, 91
Trd, 4319868.943, 93
Trd, 4319870.093, 95
Trd, 4319871.243, 91
Trd, 4319873.243, 91
Trd, 4319874.043, 90
Trd, 4319875.693, 89
Trd, 4319876.693, 90
Trd, 4319878.393, 95
Trd, 4319879.843, 89
Trd, 4319880.543, 89
Trd, 4319882.293, 88
Trd, 4319884.493, 95
Trd, 4319884.543, 96
Trd, 4319886.243, 96
Trd, 4319886.793, 89
Trd, 4319887.493, 94
Trd, 4319890.243, 94
Trd, 4319891.343, 93
Trd, 4319892.443, 93
Trd, 4319892.643, 92
Trd, 4319893.893, 96
Trd, 4319897.593, 96
Trd, 4319898.193, 91
Trd, 4319900.343, 104
Trd, 4319900.543, 95
Trd, 4319901.843, 98
Trd, 4319902.043, 98
Trd, 4319902.443, 98
Trd, 4319903.093, 89
Trd, 4319905.993, 97
Trd, 4319906.793, 96
Trd, 4319909.343, 98
Trd, 4319910.043, 95
Trd, 4319910.143, 85
Trd, 4319910.993, 104
Trd, 4319913.043, 92
Trd, 4319914.543, 97
Trd, 4319914.593, 95
Trd, 4319915.143, 92
Trd, 4319915.793, 92
Trd, 4319918.293, 93
Trd, 4319919.443, 94
Trd, 4319919.943, 92
Trd, 4319921.843, 91
Trd, 4319923.093, 95
Trd, 4319925.143, 91
Trd, 4319927.093, 90
Trd, 4319927.743, 94
Trd, 4319928.643, 89
Trd, 4319929.093, 88
Trd, 4319932.993, 90
Trd, 4319934.443, 90
Trd, 4319934.843, 90
Trd, 4319934.943, 95
Trd, 4319936.143, 89
Trd, 4319938.543, 95
Trd, 4319939.693, 89
Trd, 4319943.993, 96
Trd, 4319944.643, 90
Trd, 4319944.993, 89
Trd, 4319945.493, 95
Trd, 4319946.043, 96
Trd, 4319947.643, 96
Trd, 4319948.593, 95
Trd, 4319949.193, 94
Trd, 4319950.543, 96
Trd, 4319951.693, 94
Trd, 4319952.793, 93
Trd, 4319953.793, 93
Trd, 4319954.193, 92
Trd, 4319955.243, 90
Trd, 4319955.543, 95
Trd, 4319956.093, 104
Trd, 4319960.043, 91
Trd, 4319961.743, 91
Trd, 4319962.143, 91
Trd, 4319965.543, 92
Trd, 4319966.843, 95
Trd, 4319967.393, 90
Trd, 4319967.543, 90
Trd, 4319970.293, 90
Trd, 4319970.743, 94
Trd, 4319972.043, 89
Trd, 4319974.143, 89
Trd, 4319974.243, 89
Trd, 4319976.393, 92
Trd, 4319977.543, 91
Trd, 4319978.293, 93
Trd, 4319980.093, 90
Trd, 4319982.943, 89
Trd, 4319983.393, 89
Trd, 4319983.793, 88
Trd, 4319984.243, 91
Trd, 4319987.343, 92
Trd, 4319988.993, 90
Trd, 4319990.643, 89
Trd, 4319991.793, 89
Trd, 4319993.843, 89
Trd, 4319994.143, 88
Trd, 4319994.943, 92
Trd, 4319996.293, 87
Trd, 4319996.693, 81
Trd, 4319997.193, 87
