Trd, 4317830.543, 107
Trd, 4317831.043, 94
Trd, 4317832.793, 106
Trd, 4317834.343, 107
Trd, 4317838.243, 100
Trd, 4317838.693, 100
Trd, 4317838.793, 108
Trd, 4317841.793, 98
Trd, 4317843.543, 100
Trd, 4317844.093, 101
Trd, 4317844.293, 107
Trd, 4317844.693, 86
Trd, 4317845.043, 86
Trd, 4317846.693, 107
Trd, 4317848.893, 94
Trd, 4317850.293, 94
Trd, 4317850.793, 96
Trd, 4317852.643, 109
Trd, 4317855.693, 99
Trd, 4317855.993, 99
Trd, 4317859.243, 93
Trd, 4317860.293, 100
Trd, 4317862.443, 96
Trd, 4317862.793, 100
Trd, 4317863.243, 96
Trd, 4317864.493, 100
Trd, 4317869.543, 97
Trd, 4317870.293, 97
Trd, 4317871.643, 97
Trd, 4317871.993, 99
Trd, 4317872.493, 93
Trd, 4317873.343, 94
Trd, 4317875.043, 96
Trd, 4317875.293, 86
Trd, 4317876.793, 97
Trd, 4317879.443, 94
Trd, 4317879.743, 97
Trd, 4317880.893, 93
Trd, 4317881.043, 114
Trd, 4317882.643, 93
Trd, 4317884.693, 97
Trd, 4317887.893, 100
Trd, 4317888.543, 96
Trd, 4317889.443, 95
Trd, 4317891.293, 100
Trd, 4317892.443, 95
Trd, 4317892.543, 95
Trd, 4317894.893, 94
Trd, 4317895.393, 98
Trd, 4317895.993, 94
Trd, 4317896.493, 99
Trd, 4317898.543, 94
Trd, 4317901.043, 99
Trd, 4317903.443, 93
Trd, 4317904.793, 93
Trd, 4317907.243, 92
Trd, 4317909.793, 92
Trd, 4317912.043, 97
Trd, 4317912.843, 91
Trd, 4317912.993, 97
Trd, 4317914.493, 94
Trd, 4317915.443, 94
Trd, 4317916.093, 94
Trd, 4317918.593, 96
Trd, 4317919.293, 93
Trd, 4317921.843, 96
Trd, 4317922.693, 96
Trd, 4317924.193, 95
Trd, 4317924.343, 96
Trd, 4317924.743, 95
Trd, 4317925.293, 96
Trd, 4317926.143, 114
Trd, 4317927.393, 97
Trd, 4317928.493, 105
Trd, 4317931.493, 103
Trd, 4317933.293, 105
Trd, 4317933.693, 98
Trd, 4317935.993, 97
Trd, 4317936.793, 102
Trd, 4317939.643, 102
Trd, 4317940.843, 102
Trd, 4317940.993, 100
Trd, 4317941.793, 100
Trd, 4317944.343, 103
Trd, 4317944.543, 103
Trd, 4317946.343, 102
Trd, 4317947.443, 102
Trd, 4317948.493, 102
Trd, 4317949.193, 101
Trd, 4317950.043, 93
Trd, 4317955.243, 98
Trd, 4317955.493, 99
Trd, 4317955.943, 98
Trd, 4317959.343, 99
Trd, 4317959.443, 97
Trd, 4317960.743, 96
Trd, 4317963.093, 98
Trd, 4317963.643, 96
Trd, 4317964.093, 96
Trd, 4317965.643, 98
Trd, 4317970.293, 99
Trd, 4317970.693, 99
Trd, 4317973.043, 105
Trd, 4317973.093, 102
Trd, 4317974.393, 102
Trd, 4317974.643, 100
Trd, 4317976.843, 103
Trd, 4317980.493, 103
Trd, 4317981.443, 102
Trd, 4317982.443, 101
Trd, 4317982.493, 114
Trd, 4317983.793, 101
Trd, 4317984.993, 109
Trd, 4317985.193, 102
Trd, 4317989.043, 104
Trd, 4317989.243, 101
Trd, 4317990.893, 99
Trd, 4317991.543, 98
Trd, 4317994.493, 97
Trd, 4317996.093, 98
Trd, 4317998.143, 99
Trd, 4317999.543, 99
Trd, 4318004.193, 96
Trd, 4318004.293, 95
Trd, 4318006.043, 94
Trd, 4318006.093, 93
Trd, 4318009.093, 99
Trd, 4318009.793, 98
Trd, 4318013.143, 97
Trd, 4318013.493, 96
Trd, 4318014.043, 95
Trd, 4318014.443, 94
Trd, 4318016.943, 94
Trd, 4318019.493, 105
Trd, 4318021.893, 93
Trd, 4318023.243, 96
Trd, 4318025.543, 99
Trd, 4318026.093, 92
Trd, 4318026.393, 92
Trd, 4318027.693, 92
Trd, 4318030.793, 92
Trd, 4318031.543, 114
Trd, 4318033.943, 90
Trd, 4318034.993, 90
Trd, 4318036.243, 89
Trd, 4318036.893, 96
Trd, 4318036.943, 88
Trd, 4318041.293, 96
Trd, 4318044.143, 89
Trd, 4318044.293, 89
Trd, 4318046.543, 88
Trd, 4318046.993, 106
Trd, 4318047.143, 87
Trd, 4318047.643, 87
Trd, 4318050.343, 88
Trd, 4318052.243, 90
Trd, 4318053.893, 95
Trd, 4318055.043, 101
Trd, 4318055.293, 93
Trd, 4318057.043, 97
Trd, 4318058.743, 98
Trd, 4318059.693, 96
Trd, 4318061.443, 97
Trd, 4318064.193, 94
Trd, 4318064.693, 96
Trd, 4318065.143, 94
Trd, 4318067.543, 100
Trd, 4318067.593, 105
Trd, 4318068.343, 106
Trd, 4318070.293, 99
Trd, 4318070.793, 97
Trd, 4318074.543, 98
Trd, 4318075.993, 104
Trd, 4318076.093, 98
Trd, 4318081.493, 98
Trd, 4318083.093, 98
Trd, 4318083.793, 100
Trd, 4318084.043, 97
Trd, 4318084.693, 100
Trd, 4318086.993, 97
Trd, 4318089.543, 100
Trd, 4318090.293, 96
Trd, 4318090.643, 96
Trd, 4318091.793, 96
Trd, 4318093.543, 98
Trd, 4318094.293, 99
Trd, 4318096.443, 100
Trd, 4318097.643, 99
Trd, 4318099.143, 99
Trd, 4318101.243, 89
Trd, 4318101.693, 94
Trd, 4318103.493, 93
Trd, 4318104.693, 95
Trd, 4318105.293, 92
Trd, 4318105.743, 105
Trd, 4318106.143, 100
Trd, 4318107.343, 91
Trd, 4318109.643, 107
Trd, 4318110.093, 97
Trd, 4318111.643, 102
Trd, 4318114.343, 102
Trd, 4318114.493, 103
Trd, 4318115.393, 104
Trd, 4318117.693, 101
Trd, 4318118.093, 100
Trd, 4318118.993, 104
Trd, 4318120.293, 99
Trd, 4318122.743, 98
Trd, 4318122.793, 97
Trd, 4318123.293, 102
Trd, 4318124.593, 86
Trd, 4318128.293, 100
Trd, 4318128.743, 99
Trd, 4318129.643, 105
Trd, 4318132.693, 99
Trd, 4318136.393, 99
Trd, 4318137.043, 97
Trd, 4318140.293, 98
Trd, 4318143.593, 97
Trd, 4318144.343, 99
Trd, 4318145.893, 101
Trd, 4318146.443, 101
Trd, 4318146.643, 103
Trd, 4318147.693, 94
Trd, 4318149.943, 100
Trd, 4318151.743, 97
Trd, 4318152.093, 95
Trd, 4318152.693, 98
Trd, 4318152.793, 93
Trd, 4318155.743, 98
Trd, 4318157.943, 97
Trd, 4318161.793, 99
Trd, 4318163.443, 98
Trd, 4318163.643, 96
Trd, 4318166.193, 96
Trd, 4318167.643, 94
Trd, 4318168.043, 94
Trd, 4318169.193, 93
Trd, 4318169.343, 96
Trd, 4318170.843, 97
Trd, 4318171.793, 93
Trd, 4318175.993, 96
Trd, 4318177.093, 92
Trd, 4318177.143, 96
Trd, 4318178.643, 97
Trd, 4318181.993, 91
Trd, 4318182.743, 105
Trd, 4318183.693, 95
Trd, 4318187.293, 94
Trd, 4318187.993, 94
Trd, 4318190.593, 92
Trd, 4318193.343, 100
Trd, 4318193.543, 94
Trd, 4318194.793, 94
Trd, 4318196.843, 97
Trd, 4318198.593, 98
Trd, 4318199.293, 99
Trd, 4318200.393, 96
Trd, 4318200.593, 95
Trd, 4318201.743, 94
Trd, 4318203.643, 93
Trd, 4318204.943, 99
Trd, 4318205.593, 93
Trd, 4318205.643, 99
Trd, 4318206.893, 96
Trd, 4318207.793, 97
Trd, 4318209.993, 96
Trd, 4318212.143, 97
Trd, 4318213.243, 100
Trd, 4318213.493, 99
Trd, 4318216.043, 101
Trd, 4318216.493, 98
Trd, 4318217.893, 98
Trd, 4318218.043, 100
Trd, 4318219.993, 97
Trd, 4318221.143, 96
Trd, 4318224.193, 101
Trd, 4318227.843, 96
Trd, 4318228.193, 99
Trd, 4318230.243, 96
Trd, 4318230.943, 96
Trd, 4318231.393, 94
Trd, 4318232.693, 113
Trd, 4318233.093, 93
Trd, 4318236.043, 105
Trd, 4318239.093, 106
Trd, 4318239.593, 98
Trd, 4318239.993, 106
Trd, 4318241.493, 98
Trd, 4318243.143, 97
Trd, 4318245.093, 103
Trd, 4318245.943, 96
Trd, 4318246.043, 94
Trd, 4318246.293, 103
Trd, 4318250.343, 95
Trd, 4318253.243, 96
Trd, 4318254.193, 95
Trd, 4318254.243, 95
Trd, 4318255.243, 95
Trd, 4318256.093, 96
Trd, 4318257.543, 96
Trd, 4318261.093, 96
Trd, 4318261.693, 95
Trd, 4318261.943, 95
Trd, 4318262.443, 95
Trd, 4318262.543, 97
Trd, 4318263.943, 94
Trd, 4318268.443, 93
Trd, 4318272.493, 93
Trd, 4318273.193, 92
Trd, 4318274.593, 91
Trd, 4318275.093, 106
Trd, 4318277.393, 93
Trd, 4318279.143, 103
Trd, 4318279.643, 103
Trd, 4318281.543, 93
Trd, 4318282.643, 92
Trd, 4318284.043, 97
Trd, 4318284.393, 91
Trd, 4318285.693, 90
Trd, 4318288.293, 94
Trd, 4318291.293, 90
Trd, 4318293.743, 90
Trd, 4318297.293, 93
Trd, 4318299.993, 91
Trd, 4318302.893, 90
Trd, 4318305.643, 92
Trd, 4318306.343, 92
Trd, 4318308.793, 93
Trd, 4318310.743, 95
Trd, 4318312.643, 97
Trd, 4318313.943, 106
Trd, 4318314.393, 106
Trd, 4318315.243, 94
Trd, 4318317.543, 100
Trd, 4318318.543, 103
Trd, 4318320.993, 102
Trd, 4318322.343, 101
Trd, 4318322.593, 101
Trd, 4318322.993, 100
Trd, 4318324.943, 102
Trd, 4318325.093, 100
Trd, 4318325.943, 100
Trd, 4318328.943, 101
Trd, 4318329.343, 110
Trd, 4318330.193, 100
Trd, 4318330.393, 113
Trd, 4318332.743, 99
Trd, 4318335.343, 97
Trd, 4318335.443, 106
Trd, 4318335.643, 94
Trd, 4318338.693, 97
Trd, 4318339.793, 96
Trd, 4318341.593, 99
Trd, 4318343.043, 107
Trd, 4318343.293, 103
Trd, 4318343.593, 102
Trd, 4318344.843, 117
Trd, 4318345.843, 108
Trd, 4318347.493, 108
Trd, 4318350.193, 107
Trd, 4318350.293, 114
Trd, 4318351.793, 106
Trd, 4318351.893, 102
Trd, 4318352.193, 94
Trd, 4318355.993, 99
Trd, 4318357.243, 95
Trd, 4318358.443, 94
Trd, 4318359.143, 95
Trd, 4318360.743, 94
Trd, 4318360.793, 95
Trd, 4318362.693, 93
Trd, 4318365.643, 95
Trd, 4318366.643, 92
Trd, 4318369.993, 92
Trd, 4318371.193, 91
Trd, 4318372.843, 95
Trd, 4318373.943, 95
Trd, 4318374.693, 91
Trd, 4318377.893, 98
Trd, 4318378.343, 97
Trd, 4318379.543, 98
Trd, 4318379.993, 94
Trd, 4318381.943, 114
Trd, 4318384.993, 97
Trd, 4318386.993, 96
Trd, 4318387.043, 94
Trd, 4318387.343, 97
Trd, 4318387.843, 93
Trd, 4318389.843, 96
Trd, 4318391.043, 91
Trd, 4318391.093, 86
Trd, 4318398.293, 90
Trd, 4318399.993, 89
Trd, 4318400.843, 91
Trd, 4318401.343, 95
Trd, 4318401.793, 89
Trd, 4318402.993, 93
Trd, 4318405.843, 93
Trd, 4318407.493, 96
Trd, 4318409.893, 96
Trd, 4318410.043, 95
Trd, 4318411.693, 93
Trd, 4318412.693, 93
Trd, 4318414.693, 95
Trd, 4318417.843, 92
Trd, 4318418.193, 92
Trd, 4318418.843, 92
Trd, 4318421.793, 92
Trd, 4318421.843, 94
Trd, 4318422.343, 91
Trd, 4318422.493, 95
Trd, 4318422.643, 91
Trd, 4318426.693, 98
Trd, 4318426.843, 96
Trd, 4318428.493, 113
Trd, 4318428.793, 105
Trd, 4318431.643, 106
Trd, 4318431.693, 106
Trd, 4318433.793, 111
Trd, 4318434.243, 103
Trd, 4318435.743, 105
Trd, 4318438.993, 106
Trd, 4318439.343, 109
Trd, 4318441.643, 110
Trd, 4318442.943, 105
Trd, 4318444.693, 106
Trd, 4318445.643, 111
Trd, 4318446.593, 103
Trd, 4318447.693, 94
Trd, 4318448.143, 85
Trd, 4318448.593, 95
Trd, 4318450.043, 93
Trd, 4318450.393, 105
Trd, 4318451.243, 101
Trd, 4318452.843, 87
Trd, 4318452.943, 108
Trd, 4318455.093, 91
Trd, 4318458.093, 102
Trd, 4318461.043, 92
Trd, 4318461.343, 93
Trd, 4318463.043, 96
Trd, 4318464.243, 97
Trd, 4318465.093, 106
Trd, 4318465.143, 86
Trd, 4318466.493, 94
Trd, 4318468.943, 88
Trd, 4318470.743, 91
Trd, 4318472.993, 97
Trd, 4318474.043, 98
Trd, 4318475.043, 97
Trd, 4318475.193, 94
Trd, 4318476.893, 93
Trd, 4318478.343, 92
Trd, 4318478.993, 91
Trd, 4318479.393, 96
Trd, 4318482.393, 91
Trd, 4318484.593, 90
Trd, 4318490.043, 90
Trd, 4318491.893, 93
Trd, 4318493.243, 88
Trd, 4318493.293, 95
Trd, 4318498.393, 88
Trd, 4318498.493, 88
Trd, 4318500.143, 92
Trd, 4318501.493, 96
Trd, 4318502.693, 89
Trd, 4318503.993, 88
Trd, 4318504.543, 86
Trd, 4318505.143, 95
Trd, 4318506.293, 99
Trd, 4318508.043, 103
Trd, 4318508.743, 102
Trd, 4318511.393, 101
Trd, 4318513.643, 99
Trd, 4318514.343, 93
Trd, 4318514.393, 86
Trd, 4318515.293, 90
Trd, 4318515.343, 98
Trd, 4318517.643, 94
Trd, 4318519.543, 98
Trd, 4318520.593, 106
Trd, 4318523.943, 98
Trd, 4318524.243, 98
Trd, 4318525.393, 92
Trd, 4318525.693, 93
Trd, 4318527.993, 93
Trd, 4318530.193, 98
Trd, 4318530.543, 113
Trd, 4318532.593, 97
Trd, 4318533.993, 102
Trd, 4318534.493, 96
Trd, 4318536.243, 102
Trd, 4318536.993, 94
Trd, 4318539.793, 93
Trd, 4318542.143, 96
Trd, 4318543.443, 93
Trd, 4318543.793, 97
Trd, 4318545.143, 98
Trd, 4318547.093, 99
Trd, 4318548.893, 98
Trd, 4318549.993, 99
Trd, 4318551.443, 97
Trd, 4318551.593, 99
Trd, 4318553.043, 106
Trd, 4318553.343, 97
Trd, 4318554.543, 103
Trd, 4318554.943, 93
Trd, 4318556.993, 98
Trd, 4318560.793, 96
Trd, 4318561.093, 98
Trd, 4318562.493, 98
Trd, 4318564.493, 95
Trd, 4318567.793, 95
Trd, 4318568.393, 98
Trd, 4318569.193, 95
Trd, 4318570.143, 95
Trd, 4318573.343, 96
Trd, 4318573.443, 94
Trd, 4318574.443, 97
Trd, 4318575.193, 94
Trd, 4318576.793, 96
Trd, 4318577.843, 94
Trd, 4318577.893, 93
Trd, 4318581.043, 95
Trd, 4318581.843, 96
Trd, 4318584.893, 94
Trd, 4318585.243, 97
Trd, 4318588.843, 94
Trd, 4318589.493, 94
Trd, 4318590.143, 93
Trd, 4318590.393, 98
Trd, 4318592.043, 97
Trd, 4318593.893, 93
Trd, 4318595.843, 92
Trd, 4318597.243, 92
Trd, 4318598.243, 91
Trd, 4318598.843, 94
Trd, 4318599.143, 96
Trd, 4318600.093, 104
Trd, 4318603.393, 93
Trd, 4318603.443, 100
Trd, 4318606.043, 101
Trd, 4318608.193, 94
Trd, 4318608.493, 94
Trd, 4318609.893, 92
Trd, 4318610.343, 98
Trd, 4318611.843, 83
Trd, 4318612.993, 89
Trd, 4318614.893, 97
Trd, 4318616.143, 89
Trd, 4318616.943, 90
Trd, 4318619.043, 91
Trd, 4318619.493, 90
Trd, 4318621.693, 91
Trd, 4318625.043, 89
Trd, 4318625.943, 88
Trd, 4318628.193, 90
Trd, 4318629.643, 92
Trd, 4318629.743, 89
Trd, 4318629.793, 88
Trd, 4318631.693, 97
Trd, 4318633.243, 91
Trd, 4318638.843, 93
Trd, 4318641.043, 95
Trd, 4318643.093, 92
Trd, 4318648.193, 92
Trd, 4318649.593, 95
Trd, 4318649.743, 92
Trd, 4318649.893, 95
Trd, 4318653.393, 94
Trd, 4318653.493, 94
Trd, 4318657.543, 94
Trd, 4318657.693, 93
Trd, 4318658.893, 103
Trd, 4318659.693, 97
Trd, 4318660.793, 100
Trd, 4318661.793, 99
Trd, 4318661.993, 96
Trd, 4318662.643, 119
Trd, 4318664.893, 99
Trd, 4318666.493, 104
Trd, 4318667.293, 98
Trd, 4318670.193, 105
Trd, 4318672.143, 98
Trd, 4318674.193, 103
Trd, 4318674.243, 97
Trd, 4318677.693, 96
Trd, 4318678.393, 96
Trd, 4318679.193, 96
Trd, 4318679.943, 84
Trd, 4318680.893, 106
Trd, 4318682.593, 104
Trd, 4318685.443, 101
Trd, 4318685.943, 93
Trd, 4318686.393, 103
Trd, 4318687.393, 102
Trd, 4318689.893, 99
Trd, 4318691.643, 99
Trd, 4318692.143, 98
Trd, 4318692.543, 103
Trd, 4318693.393, 102
Trd, 4318696.843, 102
Trd, 4318696.993, 101
Trd, 4318697.993, 103
Trd, 4318699.443, 101
Trd, 4318700.743, 104
Trd, 4318701.143, 101
Trd, 4318702.543, 108
Trd, 4318705.043, 103
Trd, 4318705.893, 107
Trd, 4318707.443, 105
Trd, 4318709.143, 103
Trd, 4318710.143, 101
Trd, 4318713.193, 105
Trd, 4318713.493, 100
Trd, 4318714.943, 100
Trd, 4318717.043, 100
Trd, 4318717.793, 99
Trd, 4318718.993, 105
Trd, 4318721.243, 106
Trd, 4318721.443, 98
Trd, 4318725.643, 103
Trd, 4318725.743, 102
Trd, 4318727.943, 100
Trd, 4318729.143, 96
Trd, 4318731.593, 94
Trd, 4318731.843, 96
Trd, 4318732.293, 85
Trd, 4318733.193, 99
Trd, 4318733.643, 94
Trd, 4318737.593, 91
Trd, 4318738.643, 94
Trd, 4318738.993, 90
Trd, 4318739.993, 95
Trd, 4318742.793, 89
Trd, 4318744.443, 89
Trd, 4318745.643, 110
Trd, 4318746.293, 89
Trd, 4318748.793, 90
Trd, 4318750.693, 89
Trd, 4318751.693, 94
Trd, 4318751.993, 88
Trd, 4318755.943, 97
Trd, 4318756.693, 89
Trd, 4318757.443, 93
Trd, 4318757.793, 102
Trd, 4318761.943, 91
Trd, 4318762.093, 96
Trd, 4318764.243, 94
Trd, 4318767.393, 99
Trd, 4318768.093, 113
Trd, 4318768.643, 99
Trd, 4318770.843, 98
Trd, 4318770.943, 98
Trd, 4318775.943, 99
Trd, 4318777.093, 95
Trd, 4318777.293, 100
Trd, 4318777.593, 96
Trd, 4318779.293, 103
Trd, 4318780.643, 103
Trd, 4318783.793, 102
Trd, 4318783.843, 101
Trd, 4318786.743, 101
Trd, 4318791.093, 103
Trd, 4318791.343, 100
Trd, 4318792.193, 100
Trd, 4318793.143, 103
Trd, 4318793.643, 99
Trd, 4318797.743, 99
Trd, 4318798.193, 102
Trd, 4318799.643, 99
Trd, 4318801.243, 99
Trd, 4318802.993, 100
Trd, 4318803.543, 97
Trd, 4318805.493, 97
Trd, 4318810.543, 98
Trd, 4318810.893, 96
Trd, 4318811.393, 99
Trd, 4318812.293, 95
Trd, 4318814.293, 94
Trd, 4318814.593, 99
Trd, 4318815.093, 93
Trd, 4318816.293, 94
Trd, 4318817.543, 91
Trd, 4318817.993, 91
Trd, 4318821.193, 90
Trd, 4318823.093, 94
Trd, 4318823.143, 95
Trd, 4318824.543, 89
Trd, 4318826.893, 89
Trd, 4318829.843, 88
Trd, 4318830.393, 93
Trd, 4318834.043, 88
Trd, 4318835.643, 89
Trd, 4318838.943, 92
Trd, 4318840.493, 89
Trd, 4318840.543, 88
Trd, 4318841.293, 95
Trd, 4318843.093, 88
Trd, 4318844.243, 88
Trd, 4318845.143, 87
Trd, 4318847.543, 106
Trd, 4318848.893, 97
Trd, 4318850.493, 98
Trd, 4318853.043, 99
Trd, 4318853.393, 96
Trd, 4318853.693, 96
Trd, 4318856.393, 97
Trd, 4318856.443, 94
Trd, 4318856.493, 86
Trd, 4318861.743, 91
Trd, 4318861.843, 90
Trd, 4318861.893, 94
Trd, 4318862.393, 98
Trd, 4318864.743, 97
Trd, 4318864.793, 95
Trd, 4318864.893, 105
Trd, 4318867.693, 95
Trd, 4318869.793, 94
Trd, 4318872.493, 96
Trd, 4318872.593, 97
Trd, 4318873.243, 94
Trd, 4318874.843, 97
Trd, 4318875.043, 94
Trd, 4318875.593, 101
Trd, 4318876.493, 93
Trd, 4318880.093, 94
Trd, 4318884.643, 93
Trd, 4318886.393, 94
Trd, 4318886.643, 93
Trd, 4318887.043, 91
Trd, 4318889.543, 91
Trd, 4318890.243, 90
Trd, 4318890.793, 91
Trd, 4318894.093, 91
Trd, 4318894.493, 95
Trd, 4318897.843, 96
Trd, 4318897.993, 107
Trd, 4318900.993, 96
Trd, 4318902.093, 96
Trd, 4318903.443, 95
Trd, 4318905.693, 94
Trd, 4318908.143, 94
Trd, 4318908.593, 93
Trd, 4318909.893, 92
Trd, 4318910.193, 96
Trd, 4318910.543, 109
Trd, 4318912.693, 92
Trd, 4318913.293, 92
Trd, 4318914.043, 91
Trd, 4318916.743, 103
Trd, 4318917.243, 92
Trd, 4318919.643, 103
Trd, 4318919.943, 94
Trd, 4318922.143, 98
Trd, 4318924.343, 102
Trd, 4318926.343, 98
Trd, 4318928.593, 97
Trd, 4318929.743, 94
Trd, 4318932.093, 95
Trd, 4318933.143, 94
Trd, 4318933.293, 93
Trd, 4318934.043, 103
Trd, 4318937.043, 86
Trd, 4318937.243, 90
Trd, 4318937.493, 90
Trd, 4318938.343, 89
Trd, 4318938.793, 95
Trd, 4318941.143, 94
Trd, 4318941.393, 88
Trd, 4318943.043, 86
Trd, 4318944.143, 95
Trd, 4318945.693, 104
Trd, 4318946.993, 99
Trd, 4318947.643, 99
Trd, 4318948.543, 101
Trd, 4318948.843, 98
Trd, 4318951.943, 102
Trd, 4318954.893, 97
Trd, 4318957.193, 96
Trd, 4318957.243, 96
Trd, 4318959.893, 98
Trd, 4318960.493, 96
Trd, 4318960.743, 96
Trd, 4318963.743, 96
Trd, 4318964.143, 95
Trd, 4318967.143, 96
Trd, 4318969.493, 94
Trd, 4318969.593, 98
Trd, 4318970.493, 94
Trd, 4318971.493, 97
Trd, 4318974.193, 94
Trd, 4318974.443, 97
Trd, 4318975.793, 93
Trd, 4318976.193, 93
Trd, 4318976.793, 86
Trd, 4318977.593, 106
Trd, 4318978.843, 90
Trd, 4318979.243, 98
Trd, 4318982.243, 98
Trd, 4318984.193, 99
Trd, 4318986.693, 98
Trd, 4318986.993, 98
Trd, 4318989.343, 97
Trd, 4318989.893, 96
Trd, 4318991.693, 100
Trd, 4318995.793, 96
Trd, 4318997.243, 94
Trd, 4319001.493, 98
Trd, 4319001.593, 95
Trd, 4319003.093, 98
Trd, 4319003.343, 95
Trd, 4319005.293, 99
Trd, 4319006.093, 99
Trd, 4319007.943, 102
Trd, 4319008.093, 112
Trd, 4319008.843, 101
Trd, 4319011.693, 104
Trd, 4319012.993, 102
Trd, 4319015.293, 106
Trd, 4319017.493, 102
Trd, 4319017.543, 105
Trd, 4319019.793, 104
Trd, 4319020.993, 103
Trd, 4319022.643, 102
Trd, 4319023.843, 101
Trd, 4319026.043, 100
Trd, 4319027.593, 102
Trd, 4319028.543, 102
Trd, 4319031.243, 100
Trd, 4319033.743, 99
Trd, 4319036.443, 99
Trd, 4319036.793, 101
Trd, 4319038.843, 99
Trd, 4319041.143, 98
Trd, 4319041.193, 101
Trd, 4319043.043, 98
Trd, 4319045.743, 99
Trd, 4319047.093, 99
Trd, 4319048.993, 97
Trd, 4319050.493, 99
Trd, 4319052.043, 96
Trd, 4319052.493, 95
Trd, 4319053.843, 96
Trd, 4319054.493, 95
Trd, 4319055.043, 94
Trd, 4319058.243, 93
Trd, 4319061.093, 95
Trd, 4319061.943, 99
Trd, 4319063.093, 97
Trd, 4319063.193, 97
Trd, 4319064.393, 96
Trd, 4319065.343, 96
Trd, 4319065.393, 98
Trd, 4319067.843, 94
Trd, 4319069.343, 93
Trd, 4319069.743, 98
Trd, 4319070.893, 94
Trd, 4319074.293, 93
Trd, 4319076.193, 92
Trd, 4319076.493, 94
Trd, 4319080.493, 94
Trd, 4319080.943, 91
Trd, 4319084.943, 90
Trd, 4319086.393, 95
Trd, 4319086.593, 90
Trd, 4319089.593, 89
Trd, 4319091.743, 94
Trd, 4319093.943, 90
Trd, 4319094.043, 90
Trd, 4319094.393, 93
Trd, 4319095.993, 100
Trd, 4319097.843, 97
Trd, 4319097.943, 98
Trd, 4319099.143, 93
Trd, 4319101.793, 96
Trd, 4319102.543, 94
Trd, 4319103.643, 97
Trd, 4319104.343, 96
Trd, 4319105.393, 98
Trd, 4319108.143, 98
Trd, 4319108.643, 98
Trd, 4319109.993, 98
Trd, 4319110.743, 109
Trd, 4319111.743, 105
Trd, 4319113.793, 96
Trd, 4319113.943, 96
Trd, 4319115.793, 95
Trd, 4319115.943, 105
Trd, 4319117.443, 94
Trd, 4319118.743, 94
Trd, 4319119.343, 105
Trd, 4319123.593, 99
Trd, 4319124.843, 96
Trd, 4319125.043, 96
Trd, 4319125.093, 98
Trd, 4319126.643, 96
Trd, 4319127.043, 94
Trd, 4319130.493, 97
Trd, 4319131.793, 102
Trd, 4319132.443, 93
Trd, 4319133.643, 100
Trd, 4319135.293, 97
Trd, 4319137.143, 97
Trd, 4319138.343, 96
Trd, 4319139.193, 100
Trd, 4319140.893, 101
Trd, 4319141.943, 95
Trd, 4319143.343, 94
Trd, 4319148.743, 94
Trd, 4319150.593, 93
Trd, 4319150.693, 93
Trd, 4319150.843, 96
Trd, 4319152.793, 92
Trd, 4319153.443, 97
Trd, 4319155.193, 96
Trd, 4319156.143, 94
Trd, 4319158.743, 96
Trd, 4319161.293, 98
Trd, 4319163.443, 108
Trd, 4319163.793, 107
Trd, 4319165.043, 93
Trd, 4319165.793, 97
Trd, 4319168.743, 97
Trd, 4319168.943, 96
Trd, 4319169.243, 98
Trd, 4319169.943, 96
Trd, 4319173.493, 98
Trd, 4319173.543, 104
Trd, 4319174.743, 96
Trd, 4319176.043, 96
Trd, 4319177.543, 103
Trd, 4319179.943, 95
Trd, 4319180.943, 99
Trd, 4319181.993, 94
Trd, 4319183.343, 94
Trd, 4319185.793, 97
Trd, 4319186.193, 96
Trd, 4319188.293, 98
Trd, 4319189.843, 96
Trd, 4319190.793, 95
Trd, 4319192.743, 78
Trd, 4319193.193, 88
Trd, 4319194.993, 87
Trd, 4319195.893, 110
Trd, 4319196.743, 110
Trd, 4319197.293, 102
Trd, 4319198.393, 102
Trd, 4319199.393, 104
Trd, 4319200.293, 113
Trd, 4319200.493, 102
Trd, 4319201.443, 109
Trd, 4319202.343, 93
Trd, 4319205.593, 87
Trd, 4319206.643, 86
Trd, 4319207.843, 99
Trd, 4319209.143, 92
Trd, 4319213.093, 103
Trd, 4319213.543, 101
Trd, 4319214.843, 102
Trd, 4319215.993, 101
Trd, 4319217.343, 96
Trd, 4319218.243, 96
Trd, 4319220.943, 97
Trd, 4319222.193, 96
Trd, 4319222.893, 96
Trd, 4319224.943, 94
Trd, 4319225.043, 96
Trd, 4319226.093, 104
Trd, 4319228.893, 95
Trd, 4319229.443, 98
Trd, 4319230.593, 100
Trd, 4319233.393, 95
Trd, 4319235.343, 95
Trd, 4319236.043, 99
Trd, 4319239.993, 95
Trd, 4319240.593, 95
Trd, 4319241.543, 97
Trd, 4319242.293, 93
Trd, 4319242.343, 93
Trd, 4319243.343, 98
Trd, 4319245.143, 92
Trd, 4319248.143, 107
Trd, 4319248.343, 97
Trd, 4319250.293, 96
Trd, 4319252.593, 95
Trd, 4319252.643, 100
Trd, 4319253.793, 95
Trd, 4319254.193, 101
Trd, 4319256.443, 101
Trd, 4319257.243, 98
Trd, 4319258.043, 104
Trd, 4319259.593, 103
Trd, 4319259.893, 105
Trd, 4319262.543, 105
Trd, 4319263.443, 106
Trd, 4319266.343, 105
Trd, 4319266.543, 103
Trd, 4319268.693, 101
Trd, 4319270.493, 100
Trd, 4319271.293, 93
Trd, 4319272.693, 98
Trd, 4319273.043, 96
Trd, 4319274.593, 94
Trd, 4319276.693, 96
Trd, 4319278.493, 94
Trd, 4319279.843, 94
Trd, 4319281.143, 96
Trd, 4319281.543, 96
Trd, 4319285.643, 97
Trd, 4319286.943, 94
Trd, 4319287.143, 94
Trd, 4319287.643, 94
Trd, 4319289.643, 94
Trd, 4319290.443, 95
Trd, 4319291.743, 93
Trd, 4319292.543, 91
Trd, 4319292.943, 111
Trd, 4319294.543, 96
Trd, 4319296.193, 110
Trd, 4319299.393, 96
Trd, 4319299.593, 102
Trd, 4319300.343, 107
Trd, 4319300.643, 99
Trd, 4319301.993, 99
Trd, 4319303.243, 97
Trd, 4319306.193, 102
Trd, 4319307.893, 97
Trd, 4319309.743, 97
Trd, 4319310.793, 96
Trd, 4319314.093, 95
Trd, 4319314.643, 95
Trd, 4319316.443, 96
Trd, 4319319.643, 95
Trd, 4319319.943, 99
Trd, 4319320.593, 98
Trd, 4319325.643, 94
Trd, 4319326.493, 98
Trd, 4319328.493, 94
Trd, 4319329.643, 92
Trd, 4319330.443, 92
Trd, 4319331.743, 89
Trd, 4319332.143, 98
Trd, 4319333.393, 94
Trd, 4319336.243, 91
Trd, 4319336.793, 99
Trd, 4319338.143, 96
Trd, 4319340.243, 95
Trd, 4319340.593, 94
Trd, 4319341.493, 97
Trd, 4319344.643, 93
Trd, 4319348.993, 92
Trd, 4319349.043, 92
Trd, 4319350.293, 91
Trd, 4319350.943, 94
Trd, 4319352.093, 95
Trd, 4319356.543, 95
Trd, 4319357.743, 91
Trd, 4319358.193, 90
Trd, 4319358.543, 90
Trd, 4319358.793, 110
Trd, 4319359.543, 102
Trd, 4319361.443, 103
Trd, 4319362.893, 102
Trd, 4319366.843, 105
Trd, 4319368.293, 104
Trd, 4319368.593, 101
Trd, 4319368.993, 101
Trd, 4319371.143, 100
Trd, 4319373.543, 99
Trd, 4319375.293, 97
Trd, 4319376.993, 95
Trd, 4319379.893, 86
Trd, 4319380.993, 93
Trd, 4319381.543, 92
Trd, 4319382.693, 98
Trd, 4319383.293, 103
Trd, 4319386.393, 102
Trd, 4319387.443, 103
Trd, 4319388.493, 104
Trd, 4319388.893, 112
Trd, 4319389.793, 106
Trd, 4319391.743, 90
Trd, 4319392.743, 76
Trd, 4319393.893, 90
Trd, 4319395.043, 87
Trd, 4319397.393, 89
Trd, 4319399.893, 89
Trd, 4319400.443, 90
Trd, 4319400.493, 95
Trd, 4319402.993, 89
Trd, 4319406.793, 88
Trd, 4319408.043, 89
Trd, 4319409.443, 93
Trd, 4319411.343, 88
Trd, 4319414.793, 91
Trd, 4319415.493, 87
Trd, 4319416.293, 87
Trd, 4319420.343, 95
Trd, 4319421.893, 97
Trd, 4319422.843, 96
Trd, 4319422.943, 95
Trd, 4319423.793, 94
Trd, 4319429.743, 96
Trd, 4319429.993, 93
Trd, 4319430.643, 91
Trd, 4319431.443, 96
Trd, 4319433.143, 105
Trd, 4319433.743, 113
Trd, 4319437.743, 104
Trd, 4319437.843, 102
Trd, 4319438.843, 102
Trd, 4319439.243, 95
Trd, 4319439.843, 96
Trd, 4319440.693, 96
Trd, 4319445.043, 104
Trd, 4319445.393, 95
Trd, 4319446.393, 94
Trd, 4319447.293, 93
Trd, 4319451.493, 93
Trd, 4319452.893, 93
Trd, 4319453.093, 99
Trd, 4319453.293, 92
Trd, 4319457.943, 108
Trd, 4319459.193, 104
Trd, 4319459.893, 104
Trd, 4319459.943, 92
Trd, 4319461.393, 85
Trd, 4319462.743, 94
Trd, 4319463.293, 93
Trd, 4319464.293, 96
Trd, 4319466.443, 93
Trd, 4319466.743, 91
Trd, 4319469.743, 94
Trd, 4319470.243, 90
Trd, 4319470.943, 89
Trd, 4319471.143, 96
Trd, 4319476.843, 93
Trd, 4319478.593, 90
Trd, 4319479.143, 95
Trd, 4319479.593, 90
Trd, 4319482.793, 92
Trd, 4319483.093, 90
Trd, 4319488.643, 94
Trd, 4319488.993, 91
Trd, 4319491.293, 91
Trd, 4319491.893, 113
Trd, 4319494.193, 103
Trd, 4319496.593, 103
Trd, 4319497.143, 103
Trd, 4319497.393, 104
Trd, 4319500.643, 104
Trd, 4319501.593, 103
Trd, 4319501.993, 102
Trd, 4319503.843, 100
Trd, 4319505.243, 102
Trd, 4319505.843, 99
Trd, 4319508.243, 98
Trd, 4319509.143, 98
Trd, 4319511.243, 97
Trd, 4319511.343, 97
Trd, 4319513.693, 96
Trd, 4319514.893, 95
Trd, 4319515.593, 94
Trd, 4319517.543, 94
Trd, 4319519.393, 96
Trd, 4319520.543, 98
Trd, 4319524.893, 98
Trd, 4319526.543, 95
Trd, 4319527.043, 94
Trd, 4319531.093, 95
Trd, 4319531.193, 94
Trd, 4319531.743, 97
Trd, 4319534.893, 96
Trd, 4319535.393, 93
Trd, 4319535.943, 96
Trd, 4319537.543, 93
Trd, 4319538.843, 96
Trd, 4319539.293, 94
Trd, 4319539.543, 85
Trd, 4319542.243, 98
Trd, 4319542.543, 98
Trd, 4319542.943, 105
Trd, 4319544.943, 86
Trd, 4319548.143, 94
Trd, 4319548.443, 93
Trd, 4319550.093, 91
Trd, 4319550.843, 95
Trd, 4319551.243, 90
Trd, 4319552.893, 97
Trd, 4319555.893, 90
Trd, 4319556.143, 95
Trd, 4319557.593, 92
Trd, 4319559.043, 95
Trd, 4319559.393, 91
Trd, 4319564.293, 90
Trd, 4319566.643, 90
Trd, 4319567.443, 90
Trd, 4319567.743, 94
Trd, 4319568.143, 89
Trd, 4319572.443, 94
Trd, 4319573.293, 89
Trd, 4319574.193, 89
Trd, 4319574.493, 95
Trd, 4319576.443, 89
Trd, 4319579.293, 93
Trd, 4319581.593, 92
Trd, 4319582.443, 91
Trd, 4319584.993, 91
Trd, 4319586.543, 91
Trd, 4319587.443, 94
Trd, 4319589.093, 90
Trd, 4319590.793, 89
Trd, 4319591.443, 95
Trd, 4319592.843, 88
Trd, 4319593.193, 88
Trd, 4319594.943, 87
Trd, 4319597.143, 89
Trd, 4319599.643, 90
Trd, 4319599.993, 85
Trd, 4319601.743, 92
Trd, 4319606.093, 92
Trd, 4319607.043, 91
Trd, 4319608.343, 99
Trd, 4319612.193, 91
Trd, 4319613.393, 91
Trd, 4319613.993, 97
Trd, 4319615.143, 86
Trd, 4319616.943, 95
Trd, 4319619.243, 93
Trd, 4319621.243, 96
Trd, 4319623.493, 95
Trd, 4319623.593, 94
Trd, 4319623.993, 95
Trd, 4319625.843, 94
Trd, 4319627.593, 94
Trd, 4319628.343, 93
Trd, 4319630.243, 92
Trd, 4319631.843, 91
Trd, 4319632.043, 96
Trd, 4319633.743, 90
Trd, 4319634.943, 113
Trd, 4319636.143, 97
Trd, 4319638.843, 89
Trd, 4319638.943, 97
Trd, 4319642.243, 93
Trd, 4319642.893, 89
Trd, 4319643.493, 95
Trd, 4319644.643, 110
Trd, 4319647.743, 89
Trd, 4319648.893, 89
Trd, 4319651.643, 92
Trd, 4319651.943, 92
Trd, 4319654.993, 95
Trd, 4319656.143, 91
Trd, 4319656.943, 95
Trd, 4319657.493, 95
Trd, 4319660.843, 91
Trd, 4319663.193, 95
Trd, 4319664.543, 91
Trd, 4319665.593, 95
Trd, 4319667.193, 110
Trd, 4319667.643, 103
Trd, 4319667.843, 104
Trd, 4319669.593, 103
Trd, 4319669.893, 109
Trd, 4319670.593, 103
Trd, 4319672.493, 108
Trd, 4319672.693, 86
Trd, 4319673.743, 95
Trd, 4319674.843, 106
Trd, 4319677.643, 95
Trd, 4319677.993, 105
Trd, 4319681.793, 95
Trd, 4319682.143, 94
Trd, 4319682.243, 99
Trd, 4319684.443, 93
Trd, 4319686.143, 104
Trd, 4319687.543, 99
Trd, 4319687.793, 99
Trd, 4319689.343, 99
Trd, 4319690.043, 100
Trd, 4319692.343, 94
Trd, 4319693.293, 95
Trd, 4319696.093, 96
Trd, 4319696.143, 98
Trd, 4319696.493, 95
Trd, 4319699.443, 94
Trd, 4319703.893, 94
Trd, 4319704.593, 99
Trd, 4319705.043, 93
Trd, 4319705.493, 99
Trd, 4319707.993, 93
Trd, 4319708.543, 93
Trd, 4319710.293, 100
Trd, 4319712.143, 100
Trd, 4319713.143, 98
Trd, 4319714.593, 100
Trd, 4319715.693, 106
Trd, 4319717.243, 98
Trd, 4319717.543, 98
Trd, 4319719.793, 104
Trd, 4319722.743, 97
Trd, 4319723.743, 97
Trd, 4319725.093, 97
Trd, 4319727.693, 96
Trd, 4319729.593, 95
Trd, 4319732.793, 96
Trd, 4319734.743, 96
Trd, 4319735.043, 94
Trd, 4319735.643, 94
Trd, 4319738.043, 95
Trd, 4319739.193, 93
Trd, 4319745.993, 91
Trd, 4319746.893, 95
Trd, 4319747.443, 90
Trd, 4319750.793, 95
Trd, 4319751.293, 91
Trd, 4319754.093, 91
Trd, 4319756.393, 94
Trd, 4319757.843, 90
Trd, 4319760.643, 92
Trd, 4319760.793, 92
Trd, 4319762.043, 94
Trd, 4319763.693, 91
Trd, 4319763.743, 95
Trd, 4319767.393, 95
Trd, 4319771.043, 90
Trd, 4319772.643, 89
Trd, 4319772.993, 95
Trd, 4319777.243, 90
Trd, 4319777.293, 89
Trd, 4319778.893, 96
Trd, 4319779.143, 89
Trd, 4319782.093, 94
Trd, 4319783.893, 95
Trd, 4319784.343, 95
Trd, 4319787.293, 95
Trd, 4319787.493, 94
Trd, 4319789.493, 102
Trd, 4319789.993, 105
Trd, 4319791.243, 102
Trd, 4319792.243, 102
Trd, 4319793.493, 92
Trd, 4319794.393, 95
Trd, 4319796.293, 94
Trd, 4319796.393, 91
Trd, 4319796.843, 85
Trd, 4319798.493, 85
Trd, 4319800.243, 104
Trd, 4319800.943, 97
Trd, 4319804.043, 99
Trd, 4319804.443, 97
Trd, 4319806.293, 97
Trd, 4319806.943, 94
Trd, 4319807.343, 99
Trd, 4319809.593, 86
Trd, 4319809.693, 84
Trd, 4319812.543, 94
Trd, 4319813.943, 94
Trd, 4319814.193, 100
Trd, 4319814.243, 108
Trd, 4319816.343, 98
Trd, 4319817.693, 102
Trd, 4319818.293, 104
Trd, 4319820.143, 105
Trd, 4319820.693, 100
Trd, 4319822.043, 100
Trd, 4319824.593, 101
Trd, 4319825.193, 100
Trd, 4319825.843, 100
Trd, 4319826.193, 102
Trd, 4319828.943, 99
Trd, 4319829.993, 91
Trd, 4319831.093, 96
Trd, 4319831.143, 102
Trd, 4319834.593, 100
Trd, 4319834.743, 95
Trd, 4319834.843, 95
Trd, 4319835.593, 94
Trd, 4319836.293, 107
Trd, 4319840.843, 101
Trd, 4319842.793, 104
Trd, 4319844.143, 101
Trd, 4319845.143, 106
Trd, 4319846.043, 100
Trd, 4319846.243, 113
Trd, 4319849.443, 98
Trd, 4319849.543, 99
Trd, 4319853.293, 97
Trd, 4319857.093, 96
Trd, 4319857.243, 97
Trd, 4319858.643, 97
Trd, 4319861.393, 97
Trd, 4319861.843, 96
Trd, 4319862.093, 94
Trd, 4319864.693, 93
Trd, 4319868.293, 95
Trd, 4319868.443, 94
Trd, 4319870.393, 93
Trd, 4319872.043, 93
Trd, 4319873.043, 95
Trd, 4319873.743, 93
Trd, 4319873.943, 93
Trd, 4319878.143, 96
Trd, 4319879.643, 96
Trd, 4319880.143, 93
Trd, 4319882.093, 93
Trd, 4319884.343, 93
Trd, 4319884.593, 92
Trd, 4319888.893, 107
Trd, 4319891.893, 101
Trd, 4319893.993, 97
Trd, 4319895.243, 102
Trd, 4319896.143, 96
Trd, 4319898.543, 95
Trd, 4319900.393, 98
Trd, 4319902.143, 100
Trd, 4319902.193, 95
Trd, 4319905.493, 102
Trd, 4319905.743, 100
Trd, 4319907.643, 101
Trd, 4319907.693, 100
Trd, 4319908.443, 113
Trd, 4319913.093, 98
Trd, 4319913.243, 93
Trd, 4319913.443, 99
Trd, 4319914.843, 95
Trd, 4319920.393, 97
Trd, 4319920.943, 97
Trd, 4319923.993, 94
Trd, 4319924.593, 94
Trd, 4319927.793, 93
Trd, 4319927.943, 94
Trd, 4319927.993, 93
Trd, 4319932.293, 92
Trd, 4319934.293, 94
Trd, 4319934.393, 92
Trd, 4319936.693, 95
Trd, 4319938.293, 106
Trd, 4319939.543, 91
Trd, 4319941.343, 101
Trd, 4319943.143, 102
Trd, 4319943.243, 103
Trd, 4319943.693, 113
Trd, 4319943.993, 100
Trd, 4319944.243, 93
Trd, 4319944.793, 94
Trd, 4319947.593, 94
Trd, 4319949.543, 98
Trd, 4319951.043, 96
Trd, 4319951.393, 96
Trd, 4319951.493, 97
Trd, 4319952.293, 95
Trd, 4319952.843, 95
Trd, 4319953.993, 109
Trd, 4319955.643, 85
Trd, 4319958.693, 101
Trd, 4319960.193, 98
Trd, 4319960.493, 96
Trd, 4319961.143, 112
Trd, 4319961.693, 113
Trd, 4319963.693, 108
Trd, 4319964.943, 107
Trd, 4319965.943, 103
Trd, 4319967.043, 104
Trd, 4319968.743, 105
Trd, 4319970.043, 103
Trd, 4319971.543, 102
Trd, 4319971.843, 102
Trd, 4319972.193, 93
Trd, 4319973.843, 114
Trd, 4319975.193, 97
Trd, 4319975.993, 93
Trd, 4319976.693, 99
Trd, 4319979.893, 100
Trd, 4319981.093, 95
Trd, 4319982.343, 95
Trd, 4319982.593, 101
Trd, 4319984.493, 102
Trd, 4319985.043, 100
Trd, 4319987.143, 102
Trd, 4319988.343, 99
Trd, 4319990.493, 101
Trd, 4319990.793, 99
Trd, 4319992.543, 108
Trd, 4319994.093, 105
Trd, 4319995.243, 94
Trd, 4319996.393, 99
