Trd, 4317925.043, 95
Trd, 4317926.343, 104
Trd, 4317926.393, 102
Trd, 4317926.943, 98
Trd, 4317929.243, 99
Trd, 4317930.493, 99
Trd, 4317931.393, 98
Trd, 4317931.743, 91
Trd, 4317933.643, 99
Trd, 4317935.043, 104
Trd, 4317935.493, 96
Trd, 4317937.043, 96
Trd, 4317937.793, 95
Trd, 4317938.143, 99
Trd, 4317939.043, 114
Trd, 4317939.193, 113
Trd, 4317940.943, 102
Trd, 4317941.843, 102
Trd, 4317942.493, 105
Trd, 4317944.593, 102
Trd, 4317945.193, 102
Trd, 4317948.193, 86
Trd, 4317949.093, 103
Trd, 4317949.743, 105
Trd, 4317951.993, 102
Trd, 4317953.443, 102
Trd, 4317954.293, 103
Trd, 4317954.443, 104
Trd, 4317956.643, 106
Trd, 4317957.093, 106
Trd, 4317958.093, 105
Trd, 4317959.043, 105
Trd, 4317960.443, 108
Trd, 4317963.843, 106
Trd, 4317964.243, 104
Trd, 4317965.143, 104
Trd, 4317965.293, 103
Trd, 4317968.193, 104
Trd, 4317969.443, 102
Trd, 4317969.743, 102
Trd, 4317969.843, 101
Trd, 4317970.743, 105
Trd, 4317970.793, 86
Trd, 4317972.093, 80
Trd, 4317973.643, 95
Trd, 4317974.343, 91
Trd, 4317974.843, 91
Trd, 4317975.243, 95
Trd, 4317976.793, 95
Trd, 4317977.193, 104
Trd, 4317977.343, 90
Trd, 4317979.343, 97
Trd, 4317981.093, 90
Trd, 4317983.193, 94
Trd, 4317986.343, 95
Trd, 4317986.743, 104
Trd, 4317986.893, 94
Trd, 4317987.643, 96
Trd, 4317987.743, 97
Trd, 4317988.393, 96
Trd, 4317988.643, 99
Trd, 4317991.693, 98
Trd, 4317992.293, 97
Trd, 4317993.743, 84
Trd, 4317994.243, 97
Trd, 4317996.043, 95
Trd, 4317996.193, 93
Trd, 4317996.793, 92
Trd, 4317997.193, 101
Trd, 4318000.143, 94
Trd, 4318001.593, 96
Trd, 4318003.443, 93
Trd, 4318004.293, 95
Trd, 4318004.893, 94
Trd, 4318005.543, 95
Trd, 4318005.943, 95
Trd, 4318008.993, 94
Trd, 4318010.943, 95
Trd, 4318011.543, 95
Trd, 4318012.543, 103
Trd, 4318012.893, 96
Trd, 4318014.893, 96
Trd, 4318014.943, 95
Trd, 4318015.193, 104
Trd, 4318018.293, 97
Trd, 4318019.643, 96
Trd, 4318020.893, 96
Trd, 4318021.393, 94
Trd, 4318022.093, 96
Trd, 4318022.493, 94
Trd, 4318022.693, 88
Trd, 4318024.193, 94
Trd, 4318027.243, 95
Trd, 4318027.343, 93
Trd, 4318027.943, 93
Trd, 4318028.493, 94
Trd, 4318031.893, 94
Trd, 4318032.293, 93
Trd, 4318033.043, 93
Trd, 4318033.393, 94
Trd, 4318035.793, 88
Trd, 4318037.193, 94
Trd, 4318039.293, 95
Trd, 4318039.343, 104
Trd, 4318039.543, 91
Trd, 4318040.843, 96
Trd, 4318042.843, 90
Trd, 4318044.093, 103
Trd, 4318047.943, 95
Trd, 4318048.793, 96
Trd, 4318048.993, 94
Trd, 4318049.393, 104
Trd, 4318050.243, 93
Trd, 4318052.693, 96
Trd, 4318052.743, 93
Trd, 4318053.393, 86
Trd, 4318054.043, 96
Trd, 4318057.493, 113
Trd, 4318057.543, 113
Trd, 4318058.943, 110
Trd, 4318059.043, 108
Trd, 4318059.943, 103
Trd, 4318061.443, 86
Trd, 4318061.543, 101
Trd, 4318062.993, 99
Trd, 4318065.493, 104
Trd, 4318066.943, 102
Trd, 4318067.993, 102
Trd, 4318069.593, 102
Trd, 4318070.343, 86
Trd, 4318070.893, 103
Trd, 4318071.343, 104
Trd, 4318073.343, 101
Trd, 4318073.843, 100
Trd, 4318075.293, 100
Trd, 4318075.943, 101
Trd, 4318076.593, 104
Trd, 4318078.043, 86
Trd, 4318079.243, 103
Trd, 4318079.643, 95
Trd, 4318080.393, 102
Trd, 4318082.393, 88
Trd, 4318083.893, 94
Trd, 4318087.243, 95
Trd, 4318087.593, 98
Trd, 4318088.143, 98
Trd, 4318088.593, 104
Trd, 4318088.793, 103
Trd, 4318091.593, 99
Trd, 4318093.593, 101
Trd, 4318093.993, 99
Trd, 4318094.193, 98
Trd, 4318096.893, 98
Trd, 4318097.743, 99
Trd, 4318098.043, 111
Trd, 4318099.543, 103
Trd, 4318100.293, 101
Trd, 4318100.693, 89
Trd, 4318101.243, 78
Trd, 4318102.043, 89
Trd, 4318103.643, 106
Trd, 4318106.443, 96
Trd, 4318107.143, 99
Trd, 4318107.893, 104
Trd, 4318108.793, 100
Trd, 4318109.843, 98
Trd, 4318110.993, 97
Trd, 4318111.743, 97
Trd, 4318111.843, 86
Trd, 4318113.293, 98
Trd, 4318113.393, 98
Trd, 4318115.243, 104
Trd, 4318117.043, 99
Trd, 4318117.493, 94
Trd, 4318118.193, 93
Trd, 4318120.843, 96
Trd, 4318122.493, 93
Trd, 4318123.193, 87
Trd, 4318123.943, 92
Trd, 4318124.143, 95
Trd, 4318125.493, 90
Trd, 4318126.143, 94
Trd, 4318126.493, 86
Trd, 4318126.593, 93
Trd, 4318129.393, 93
Trd, 4318129.593, 103
Trd, 4318131.243, 94
Trd, 4318131.943, 93
Trd, 4318134.243, 94
Trd, 4318135.643, 95
Trd, 4318136.043, 105
Trd, 4318136.693, 92
Trd, 4318138.343, 105
Trd, 4318138.693, 106
Trd, 4318140.493, 106
Trd, 4318141.793, 97
Trd, 4318141.843, 99
Trd, 4318142.543, 86
Trd, 4318144.493, 97
Trd, 4318145.543, 97
Trd, 4318146.243, 97
Trd, 4318147.443, 106
Trd, 4318148.443, 96
Trd, 4318149.693, 95
Trd, 4318150.043, 93
Trd, 4318150.293, 109
Trd, 4318153.343, 103
Trd, 4318154.543, 102
Trd, 4318154.943, 105
Trd, 4318157.143, 104
Trd, 4318158.943, 103
Trd, 4318159.693, 102
Trd, 4318162.143, 102
Trd, 4318164.193, 102
Trd, 4318164.543, 103
Trd, 4318165.043, 103
Trd, 4318166.943, 101
Trd, 4318167.043, 86
Trd, 4318168.143, 100
Trd, 4318169.693, 102
Trd, 4318171.193, 101
Trd, 4318171.843, 113
Trd, 4318173.543, 103
Trd, 4318174.093, 107
Trd, 4318175.843, 103
Trd, 4318175.993, 102
Trd, 4318176.893, 86
Trd, 4318177.343, 99
Trd, 4318180.943, 94
Trd, 4318181.593, 95
Trd, 4318181.893, 94
Trd, 4318181.943, 86
Trd, 4318182.493, 81
Trd, 4318185.943, 90
Trd, 4318186.793, 91
Trd, 4318188.543, 91
Trd, 4318189.243, 91
Trd, 4318189.593, 95
Trd, 4318190.943, 90
Trd, 4318190.993, 92
Trd, 4318191.643, 95
Trd, 4318191.743, 104
Trd, 4318192.093, 85
Trd, 4318195.143, 96
Trd, 4318195.843, 90
Trd, 4318197.593, 98
Trd, 4318198.693, 98
Trd, 4318199.293, 93
Trd, 4318201.643, 93
Trd, 4318202.893, 91
Trd, 4318203.443, 95
Trd, 4318205.593, 95
Trd, 4318206.243, 91
Trd, 4318209.743, 95
Trd, 4318209.993, 94
Trd, 4318211.043, 96
Trd, 4318211.843, 92
Trd, 4318214.993, 94
Trd, 4318215.043, 92
Trd, 4318215.393, 96
Trd, 4318215.643, 112
Trd, 4318218.343, 97
Trd, 4318219.293, 108
Trd, 4318219.893, 103
Trd, 4318220.743, 94
Trd, 4318223.893, 100
Trd, 4318224.493, 100
Trd, 4318224.993, 99
Trd, 4318225.543, 99
Trd, 4318226.143, 100
Trd, 4318228.793, 98
Trd, 4318229.193, 102
Trd, 4318232.393, 104
Trd, 4318232.693, 104
Trd, 4318233.893, 103
Trd, 4318234.093, 102
Trd, 4318234.893, 101
Trd, 4318236.093, 105
Trd, 4318236.193, 101
Trd, 4318237.343, 112
Trd, 4318239.393, 103
Trd, 4318239.743, 104
Trd, 4318241.643, 104
Trd, 4318244.443, 104
Trd, 4318246.493, 103
Trd, 4318248.043, 102
Trd, 4318248.443, 103
Trd, 4318249.993, 101
Trd, 4318250.643, 96
Trd, 4318250.743, 104
Trd, 4318252.893, 98
Trd, 4318253.693, 86
Trd, 4318255.143, 94
Trd, 4318255.643, 98
Trd, 4318255.693, 98
Trd, 4318256.843, 93
Trd, 4318259.593, 98
Trd, 4318260.143, 101
Trd, 4318261.843, 96
Trd, 4318263.593, 94
Trd, 4318263.693, 67
Trd, 4318264.243, 94
Trd, 4318264.443, 95
Trd, 4318267.593, 97
Trd, 4318268.543, 105
Trd, 4318271.243, 105
Trd, 4318271.293, 104
Trd, 4318271.343, 104
Trd, 4318272.793, 104
Trd, 4318273.793, 83
Trd, 4318274.993, 92
Trd, 4318276.393, 105
Trd, 4318276.493, 104
Trd, 4318276.843, 112
Trd, 4318279.343, 101
Trd, 4318280.343, 100
Trd, 4318281.043, 101
Trd, 4318281.343, 93
Trd, 4318282.643, 92
Trd, 4318283.343, 104
Trd, 4318285.643, 88
Trd, 4318286.493, 101
Trd, 4318290.093, 95
Trd, 4318290.593, 97
Trd, 4318291.593, 95
Trd, 4318291.643, 96
Trd, 4318292.743, 97
Trd, 4318294.593, 97
Trd, 4318295.393, 98
Trd, 4318296.293, 99
Trd, 4318296.443, 97
Trd, 4318296.493, 97
Trd, 4318296.943, 105
Trd, 4318300.443, 104
Trd, 4318300.493, 94
Trd, 4318301.393, 100
Trd, 4318302.193, 104
Trd, 4318303.643, 93
Trd, 4318305.643, 99
Trd, 4318306.693, 103
Trd, 4318309.593, 99
Trd, 4318310.743, 98
Trd, 4318311.193, 99
Trd, 4318312.943, 98
Trd, 4318313.493, 97
Trd, 4318315.693, 98
Trd, 4318317.043, 96
Trd, 4318317.093, 86
Trd, 4318320.093, 95
Trd, 4318320.843, 97
Trd, 4318322.843, 93
Trd, 4318322.943, 92
Trd, 4318323.493, 95
Trd, 4318324.243, 91
Trd, 4318325.093, 91
Trd, 4318327.843, 93
Trd, 4318328.843, 93
Trd, 4318330.643, 95
Trd, 4318330.743, 93
Trd, 4318331.793, 86
Trd, 4318332.693, 83
Trd, 4318335.393, 90
Trd, 4318336.093, 102
Trd, 4318336.643, 91
Trd, 4318336.943, 92
Trd, 4318337.943, 94
Trd, 4318338.893, 112
Trd, 4318340.693, 105
Trd, 4318341.543, 104
Trd, 4318341.843, 104
Trd, 4318342.043, 113
Trd, 4318343.443, 103
Trd, 4318346.193, 103
Trd, 4318346.593, 104
Trd, 4318346.693, 109
Trd, 4318349.593, 104
Trd, 4318351.643, 104
Trd, 4318352.043, 103
Trd, 4318352.843, 104
Trd, 4318355.593, 104
Trd, 4318357.943, 102
Trd, 4318358.593, 102
Trd, 4318358.893, 104
Trd, 4318359.393, 103
Trd, 4318359.443, 101
Trd, 4318360.043, 92
Trd, 4318362.693, 101
Trd, 4318363.993, 101
Trd, 4318364.093, 99
Trd, 4318364.193, 102
Trd, 4318365.943, 102
Trd, 4318366.243, 98
Trd, 4318369.143, 102
Trd, 4318369.993, 104
Trd, 4318370.093, 100
Trd, 4318372.393, 105
Trd, 4318373.943, 104
Trd, 4318374.043, 99
Trd, 4318374.843, 103
Trd, 4318377.243, 100
Trd, 4318379.093, 99
Trd, 4318379.193, 103
Trd, 4318380.693, 98
Trd, 4318381.093, 98
Trd, 4318382.043, 97
Trd, 4318384.293, 96
Trd, 4318384.493, 89
Trd, 4318385.093, 97
Trd, 4318385.943, 97
Trd, 4318389.593, 89
Trd, 4318389.643, 92
Trd, 4318390.793, 90
Trd, 4318391.093, 113
Trd, 4318393.743, 93
Trd, 4318394.343, 90
Trd, 4318394.693, 94
Trd, 4318396.343, 94
Trd, 4318396.693, 95
Trd, 4318398.443, 93
Trd, 4318400.093, 95
Trd, 4318400.643, 95
Trd, 4318401.043, 93
Trd, 4318401.843, 92
Trd, 4318403.243, 95
Trd, 4318405.493, 96
Trd, 4318406.443, 101
Trd, 4318407.443, 97
Trd, 4318408.943, 97
Trd, 4318410.493, 86
Trd, 4318410.893, 85
Trd, 4318411.093, 87
Trd, 4318411.643, 90
Trd, 4318414.693, 93
Trd, 4318415.343, 87
Trd, 4318416.993, 93
Trd, 4318418.643, 93
Trd, 4318418.743, 95
Trd, 4318419.793, 92
Trd, 4318420.093, 94
Trd, 4318420.943, 92
Trd, 4318421.693, 95
Trd, 4318424.543, 95
Trd, 4318424.843, 93
Trd, 4318425.743, 95
Trd, 4318426.993, 92
Trd, 4318427.943, 95
Trd, 4318429.193, 96
Trd, 4318430.143, 104
Trd, 4318431.093, 99
Trd, 4318431.693, 102
Trd, 4318433.093, 98
Trd, 4318433.493, 86
Trd, 4318433.993, 73
Trd, 4318434.893, 93
Trd, 4318434.943, 92
Trd, 4318435.493, 97
Trd, 4318435.543, 91
Trd, 4318439.193, 103
Trd, 4318439.993, 103
Trd, 4318440.893, 101
Trd, 4318442.443, 104
Trd, 4318442.893, 103
Trd, 4318444.893, 104
Trd, 4318444.943, 103
Trd, 4318446.593, 104
Trd, 4318447.293, 91
Trd, 4318447.493, 99
Trd, 4318447.943, 99
Trd, 4318448.993, 97
Trd, 4318450.443, 86
Trd, 4318451.893, 95
Trd, 4318452.393, 94
Trd, 4318452.793, 95
Trd, 4318453.093, 86
Trd, 4318455.343, 86
Trd, 4318457.743, 89
Trd, 4318458.643, 92
Trd, 4318459.293, 92
Trd, 4318461.593, 92
Trd, 4318462.393, 92
Trd, 4318462.443, 101
Trd, 4318462.993, 91
Trd, 4318465.293, 103
Trd, 4318466.893, 99
Trd, 4318468.043, 97
Trd, 4318468.743, 98
Trd, 4318469.993, 86
Trd, 4318471.943, 95
Trd, 4318472.243, 99
Trd, 4318472.393, 103
Trd, 4318475.393, 95
Trd, 4318476.393, 100
Trd, 4318479.543, 100
Trd, 4318480.243, 99
Trd, 4318480.743, 104
Trd, 4318481.293, 100
Trd, 4318481.543, 97
Trd, 4318481.693, 96
Trd, 4318483.643, 96
Trd, 4318485.193, 100
Trd, 4318487.393, 95
Trd, 4318487.493, 98
Trd, 4318491.193, 98
Trd, 4318491.593, 96
Trd, 4318493.793, 95
Trd, 4318493.943, 94
Trd, 4318495.293, 95
Trd, 4318497.593, 95
Trd, 4318498.293, 95
Trd, 4318499.593, 95
Trd, 4318499.743, 94
Trd, 4318502.193, 94
Trd, 4318503.393, 94
Trd, 4318503.493, 95
Trd, 4318505.143, 95
Trd, 4318506.293, 95
Trd, 4318507.043, 86
Trd, 4318508.293, 95
Trd, 4318509.143, 96
Trd, 4318510.843, 92
Trd, 4318511.293, 95
Trd, 4318512.093, 90
Trd, 4318514.243, 94
Trd, 4318514.343, 95
Trd, 4318515.443, 95
Trd, 4318517.893, 96
Trd, 4318517.943, 92
Trd, 4318520.243, 95
Trd, 4318520.793, 93
Trd, 4318521.393, 95
Trd, 4318522.993, 103
Trd, 4318523.893, 96
Trd, 4318525.943, 86
Trd, 4318526.493, 89
Trd, 4318527.793, 95
Trd, 4318528.843, 94
Trd, 4318530.493, 111
Trd, 4318530.593, 98
Trd, 4318531.693, 101
Trd, 4318533.643, 104
Trd, 4318534.643, 100
Trd, 4318534.793, 94
Trd, 4318537.443, 104
Trd, 4318537.493, 102
Trd, 4318538.693, 101
Trd, 4318539.043, 105
Trd, 4318539.443, 87
Trd, 4318539.843, 96
Trd, 4318542.243, 106
Trd, 4318543.943, 104
Trd, 4318545.143, 94
Trd, 4318547.243, 99
Trd, 4318548.943, 101
Trd, 4318551.143, 100
Trd, 4318552.093, 100
Trd, 4318552.143, 104
Trd, 4318553.293, 104
Trd, 4318553.893, 99
Trd, 4318554.793, 101
Trd, 4318555.443, 101
Trd, 4318557.093, 99
Trd, 4318558.693, 86
Trd, 4318558.943, 98
Trd, 4318560.293, 98
Trd, 4318560.843, 113
Trd, 4318561.793, 96
Trd, 4318563.843, 100
Trd, 4318565.443, 100
Trd, 4318567.143, 100
Trd, 4318567.743, 98
Trd, 4318567.993, 100
Trd, 4318571.143, 100
Trd, 4318572.143, 99
Trd, 4318573.843, 98
Trd, 4318574.443, 99
Trd, 4318574.743, 98
Trd, 4318574.943, 100
Trd, 4318578.543, 98
Trd, 4318581.293, 97
Trd, 4318581.993, 97
Trd, 4318582.743, 98
Trd, 4318582.843, 85
Trd, 4318583.443, 98
Trd, 4318584.943, 81
Trd, 4318586.093, 92
Trd, 4318586.893, 90
Trd, 4318589.043, 95
Trd, 4318590.143, 92
Trd, 4318590.793, 91
Trd, 4318592.243, 90
Trd, 4318592.543, 93
Trd, 4318593.643, 104
Trd, 4318596.343, 104
Trd, 4318597.343, 86
Trd, 4318597.893, 91
Trd, 4318598.593, 96
Trd, 4318598.893, 75
Trd, 4318600.643, 86
Trd, 4318600.893, 93
Trd, 4318602.693, 95
Trd, 4318603.643, 95
Trd, 4318604.443, 87
Trd, 4318604.843, 88
Trd, 4318606.393, 86
Trd, 4318606.943, 88
Trd, 4318608.443, 88
Trd, 4318609.643, 104
Trd, 4318611.693, 103
Trd, 4318611.793, 104
Trd, 4318613.193, 93
Trd, 4318613.793, 89
Trd, 4318614.393, 102
Trd, 4318615.493, 85
Trd, 4318615.793, 92
Trd, 4318618.143, 93
Trd, 4318620.043, 94
Trd, 4318620.243, 103
Trd, 4318621.343, 103
Trd, 4318624.193, 100
Trd, 4318625.093, 100
Trd, 4318625.643, 113
Trd, 4318627.443, 102
Trd, 4318627.643, 85
Trd, 4318627.893, 75
Trd, 4318628.843, 100
Trd, 4318629.843, 96
Trd, 4318630.043, 93
Trd, 4318631.893, 93
Trd, 4318633.443, 96
Trd, 4318634.743, 95
Trd, 4318636.493, 95
Trd, 4318637.793, 95
Trd, 4318638.643, 94
Trd, 4318639.093, 93
Trd, 4318639.593, 91
Trd, 4318639.943, 102
Trd, 4318642.943, 96
Trd, 4318644.143, 93
Trd, 4318646.343, 94
Trd, 4318646.843, 96
Trd, 4318647.043, 91
Trd, 4318649.093, 96
Trd, 4318650.393, 94
Trd, 4318650.643, 103
Trd, 4318653.943, 99
Trd, 4318654.393, 98
Trd, 4318655.893, 98
Trd, 4318656.843, 98
Trd, 4318656.943, 97
Trd, 4318657.843, 97
Trd, 4318657.893, 102
Trd, 4318658.993, 86
Trd, 4318660.093, 94
Trd, 4318662.293, 93
Trd, 4318663.943, 93
Trd, 4318664.093, 97
Trd, 4318664.643, 104
Trd, 4318666.393, 100
Trd, 4318667.343, 93
Trd, 4318668.043, 91
Trd, 4318668.943, 103
Trd, 4318670.493, 96
Trd, 4318671.043, 104
Trd, 4318672.393, 95
Trd, 4318672.843, 94
Trd, 4318673.393, 86
Trd, 4318673.893, 96
Trd, 4318674.593, 77
Trd, 4318678.043, 97
Trd, 4318678.693, 92
Trd, 4318679.393, 98
Trd, 4318682.093, 94
Trd, 4318682.943, 95
Trd, 4318684.293, 94
Trd, 4318684.843, 92
Trd, 4318686.243, 93
Trd, 4318687.493, 85
Trd, 4318687.543, 94
Trd, 4318689.043, 80
Trd, 4318689.943, 86
Trd, 4318690.243, 85
Trd, 4318690.893, 89
Trd, 4318692.393, 95
Trd, 4318693.693, 102
Trd, 4318694.243, 96
Trd, 4318694.843, 87
Trd, 4318695.893, 93
Trd, 4318695.993, 104
Trd, 4318700.393, 102
Trd, 4318700.793, 101
Trd, 4318700.843, 100
Trd, 4318702.493, 97
Trd, 4318703.093, 94
Trd, 4318704.343, 97
Trd, 4318705.393, 100
Trd, 4318705.793, 104
Trd, 4318707.493, 100
Trd, 4318708.643, 96
Trd, 4318710.443, 98
Trd, 4318711.443, 99
Trd, 4318713.943, 98
Trd, 4318714.943, 99
Trd, 4318715.193, 88
Trd, 4318715.893, 86
Trd, 4318716.593, 92
Trd, 4318718.293, 103
Trd, 4318719.043, 104
Trd, 4318719.943, 100
Trd, 4318721.943, 100
Trd, 4318722.693, 104
Trd, 4318723.043, 97
Trd, 4318724.143, 97
Trd, 4318724.243, 96
Trd, 4318726.643, 96
Trd, 4318728.643, 104
Trd, 4318729.593, 101
Trd, 4318730.043, 95
Trd, 4318732.193, 97
Trd, 4318732.743, 99
Trd, 4318735.143, 99
Trd, 4318736.093, 99
Trd, 4318736.393, 98
Trd, 4318738.393, 97
Trd, 4318739.243, 98
Trd, 4318739.593, 97
Trd, 4318740.293, 93
Trd, 4318741.293, 105
Trd, 4318741.793, 104
Trd, 4318744.793, 98
Trd, 4318745.993, 100
Trd, 4318746.293, 102
Trd, 4318746.343, 104
Trd, 4318746.743, 93
Trd, 4318748.143, 101
Trd, 4318750.543, 97
Trd, 4318751.693, 96
Trd, 4318752.743, 99
Trd, 4318754.993, 99
Trd, 4318755.893, 97
Trd, 4318756.493, 99
Trd, 4318757.493, 104
Trd, 4318758.043, 101
Trd, 4318758.843, 99
Trd, 4318760.393, 96
Trd, 4318760.593, 103
Trd, 4318762.843, 104
Trd, 4318763.393, 87
Trd, 4318765.243, 112
Trd, 4318766.743, 103
Trd, 4318767.593, 102
Trd, 4318769.593, 101
Trd, 4318769.793, 102
Trd, 4318771.793, 100
Trd, 4318772.143, 100
Trd, 4318775.893, 90
Trd, 4318776.093, 96
Trd, 4318776.843, 97
Trd, 4318777.743, 96
Trd, 4318780.093, 95
Trd, 4318781.043, 100
Trd, 4318781.293, 104
Trd, 4318781.343, 99
Trd, 4318782.193, 95
Trd, 4318782.893, 100
Trd, 4318784.243, 96
Trd, 4318784.393, 95
Trd, 4318786.293, 98
Trd, 4318788.143, 95
Trd, 4318788.743, 99
Trd, 4318790.643, 97
Trd, 4318790.993, 98
Trd, 4318791.943, 95
Trd, 4318792.943, 95
Trd, 4318794.643, 94
Trd, 4318795.643, 96
Trd, 4318796.893, 96
Trd, 4318798.193, 101
Trd, 4318798.343, 93
Trd, 4318799.743, 102
Trd, 4318801.793, 100
Trd, 4318803.093, 99
Trd, 4318804.393, 97
Trd, 4318804.443, 100
Trd, 4318805.943, 96
Trd, 4318807.093, 96
Trd, 4318807.143, 89
Trd, 4318807.743, 96
Trd, 4318810.643, 93
Trd, 4318812.693, 91
Trd, 4318813.093, 90
Trd, 4318813.393, 95
Trd, 4318815.343, 95
Trd, 4318815.893, 91
Trd, 4318816.943, 104
Trd, 4318818.743, 92
Trd, 4318819.693, 94
Trd, 4318820.693, 102
Trd, 4318821.143, 91
Trd, 4318823.993, 98
Trd, 4318824.293, 96
Trd, 4318824.393, 97
Trd, 4318826.193, 103
Trd, 4318827.643, 101
Trd, 4318827.793, 97
Trd, 4318828.243, 104
Trd, 4318828.993, 98
Trd, 4318830.943, 99
Trd, 4318831.293, 97
Trd, 4318832.843, 99
Trd, 4318833.593, 104
Trd, 4318834.343, 88
Trd, 4318834.493, 112
Trd, 4318837.393, 103
Trd, 4318838.493, 101
Trd, 4318839.893, 101
Trd, 4318840.093, 101
Trd, 4318841.643, 100
Trd, 4318841.743, 113
Trd, 4318844.493, 103
Trd, 4318845.293, 102
Trd, 4318845.943, 100
Trd, 4318846.343, 102
Trd, 4318848.093, 104
Trd, 4318850.243, 104
Trd, 4318850.643, 83
Trd, 4318853.343, 103
Trd, 4318854.343, 104
Trd, 4318855.643, 101
Trd, 4318857.143, 102
Trd, 4318857.993, 105
Trd, 4318858.543, 104
Trd, 4318859.093, 105
Trd, 4318860.993, 103
Trd, 4318861.743, 103
Trd, 4318862.893, 103
Trd, 4318862.943, 102
Trd, 4318864.343, 101
Trd, 4318864.943, 103
Trd, 4318868.043, 104
Trd, 4318868.193, 103
Trd, 4318868.593, 104
Trd, 4318869.493, 105
Trd, 4318869.743, 112
Trd, 4318870.343, 104
Trd, 4318871.093, 85
Trd, 4318872.093, 80
Trd, 4318875.443, 103
Trd, 4318877.743, 101
Trd, 4318879.093, 102
Trd, 4318880.043, 102
Trd, 4318880.543, 100
Trd, 4318880.943, 99
Trd, 4318881.043, 102
Trd, 4318883.693, 101
Trd, 4318884.493, 97
Trd, 4318885.543, 86
Trd, 4318887.243, 100
Trd, 4318888.193, 98
Trd, 4318890.193, 97
Trd, 4318890.993, 96
Trd, 4318891.743, 94
Trd, 4318892.543, 94
Trd, 4318893.093, 97
Trd, 4318894.643, 95
Trd, 4318895.943, 94
Trd, 4318898.343, 93
Trd, 4318898.993, 95
Trd, 4318900.093, 104
Trd, 4318900.693, 112
Trd, 4318902.793, 100
Trd, 4318903.043, 102
Trd, 4318903.293, 99
Trd, 4318903.493, 97
Trd, 4318904.443, 105
Trd, 4318906.693, 98
Trd, 4318906.893, 97
Trd, 4318907.693, 104
Trd, 4318908.543, 86
Trd, 4318910.893, 96
Trd, 4318911.793, 99
Trd, 4318912.593, 79
Trd, 4318913.193, 95
Trd, 4318916.243, 96
Trd, 4318917.193, 95
Trd, 4318917.693, 104
Trd, 4318917.793, 106
Trd, 4318919.293, 98
Trd, 4318919.893, 97
Trd, 4318921.043, 86
Trd, 4318922.993, 91
Trd, 4318924.193, 93
Trd, 4318925.393, 94
Trd, 4318925.843, 99
Trd, 4318928.343, 94
Trd, 4318928.643, 95
Trd, 4318929.243, 93
Trd, 4318929.793, 102
Trd, 4318931.693, 105
Trd, 4318932.393, 104
Trd, 4318933.393, 104
Trd, 4318934.393, 103
Trd, 4318934.793, 104
Trd, 4318937.643, 104
Trd, 4318938.393, 101
Trd, 4318938.993, 100
Trd, 4318939.193, 93
Trd, 4318939.593, 84
Trd, 4318943.343, 97
Trd, 4318943.943, 99
Trd, 4318944.993, 98
Trd, 4318945.043, 97
Trd, 4318946.693, 104
Trd, 4318947.193, 101
Trd, 4318949.643, 103
Trd, 4318950.543, 102
Trd, 4318952.043, 104
Trd, 4318952.293, 112
Trd, 4318952.693, 104
Trd, 4318955.393, 106
Trd, 4318955.593, 104
Trd, 4318957.493, 105
Trd, 4318958.043, 104
Trd, 4318959.643, 105
Trd, 4318959.843, 103
Trd, 4318962.043, 102
Trd, 4318962.743, 104
Trd, 4318963.393, 101
Trd, 4318963.943, 86
Trd, 4318965.143, 104
Trd, 4318965.393, 104
Trd, 4318966.943, 92
Trd, 4318968.993, 103
Trd, 4318970.343, 103
Trd, 4318970.643, 97
Trd, 4318971.393, 96
Trd, 4318972.393, 95
Trd, 4318973.843, 102
Trd, 4318978.193, 98
Trd, 4318978.293, 100
Trd, 4318979.793, 102
Trd, 4318981.693, 101
Trd, 4318981.743, 99
Trd, 4318982.743, 97
Trd, 4318983.643, 100
Trd, 4318985.643, 101
Trd, 4318985.843, 104
Trd, 4318987.293, 99
Trd, 4318988.493, 94
Trd, 4318988.643, 74
Trd, 4318988.943, 102
Trd, 4318993.193, 99
Trd, 4318995.293, 95
Trd, 4318995.793, 94
Trd, 4318996.443, 99
Trd, 4318998.643, 93
Trd, 4318999.043, 97
Trd, 4319000.293, 95
Trd, 4319000.443, 92
Trd, 4319003.243, 103
Trd, 4319003.393, 95
Trd, 4319005.393, 96
Trd, 4319006.143, 100
Trd, 4319006.743, 95
Trd, 4319008.443, 94
Trd, 4319008.993, 97
Trd, 4319010.093, 92
Trd, 4319011.193, 94
Trd, 4319012.493, 92
Trd, 4319013.993, 95
Trd, 4319014.593, 95
Trd, 4319014.743, 91
Trd, 4319016.293, 96
Trd, 4319016.943, 91
Trd, 4319017.993, 95
Trd, 4319019.593, 100
Trd, 4319020.993, 93
Trd, 4319023.443, 95
Trd, 4319024.093, 94
Trd, 4319024.693, 93
Trd, 4319026.293, 95
Trd, 4319027.343, 95
Trd, 4319029.043, 96
Trd, 4319029.193, 95
Trd, 4319029.543, 104
Trd, 4319030.243, 89
Trd, 4319031.643, 92
Trd, 4319032.943, 92
Trd, 4319034.993, 95
Trd, 4319035.593, 94
Trd, 4319035.693, 94
Trd, 4319038.193, 91
Trd, 4319039.943, 102
Trd, 4319040.443, 104
Trd, 4319042.043, 96
Trd, 4319042.793, 95
Trd, 4319044.093, 95
Trd, 4319046.193, 94
Trd, 4319046.943, 95
Trd, 4319047.393, 95
Trd, 4319048.843, 94
Trd, 4319050.243, 104
Trd, 4319051.043, 98
Trd, 4319052.043, 97
Trd, 4319052.193, 100
Trd, 4319054.293, 97
Trd, 4319054.493, 110
Trd, 4319055.293, 95
Trd, 4319056.643, 105
Trd, 4319057.343, 104
Trd, 4319057.793, 90
Trd, 4319059.143, 103
Trd, 4319060.743, 97
Trd, 4319062.643, 98
Trd, 4319064.243, 99
Trd, 4319066.543, 97
Trd, 4319067.093, 97
Trd, 4319067.693, 97
Trd, 4319068.443, 96
Trd, 4319069.943, 104
Trd, 4319070.693, 113
Trd, 4319070.893, 106
Trd, 4319072.243, 104
Trd, 4319075.443, 91
Trd, 4319075.693, 86
Trd, 4319075.843, 95
Trd, 4319076.693, 96
Trd, 4319077.743, 107
Trd, 4319078.643, 97
Trd, 4319079.343, 95
Trd, 4319079.493, 103
Trd, 4319082.843, 98
Trd, 4319083.043, 96
Trd, 4319084.243, 98
Trd, 4319084.593, 96
Trd, 4319086.543, 98
Trd, 4319088.243, 102
Trd, 4319089.343, 102
Trd, 4319091.993, 99
Trd, 4319092.543, 99
Trd, 4319094.143, 99
Trd, 4319094.443, 100
Trd, 4319095.193, 104
Trd, 4319096.193, 100
Trd, 4319098.243, 100
Trd, 4319099.093, 102
Trd, 4319101.893, 101
Trd, 4319102.143, 99
Trd, 4319103.793, 101
Trd, 4319103.843, 98
Trd, 4319105.943, 98
Trd, 4319107.243, 97
Trd, 4319107.893, 96
Trd, 4319108.043, 97
Trd, 4319109.443, 80
Trd, 4319110.393, 104
Trd, 4319112.193, 96
Trd, 4319113.643, 92
Trd, 4319114.443, 96
Trd, 4319114.993, 91
Trd, 4319115.493, 101
Trd, 4319115.743, 90
Trd, 4319119.193, 99
Trd, 4319121.243, 96
Trd, 4319121.293, 97
Trd, 4319121.393, 96
Trd, 4319123.793, 95
Trd, 4319125.543, 93
Trd, 4319126.093, 95
Trd, 4319127.843, 93
Trd, 4319128.043, 94
Trd, 4319128.393, 94
Trd, 4319128.993, 105
Trd, 4319129.693, 97
Trd, 4319130.343, 97
Trd, 4319131.743, 96
Trd, 4319134.043, 96
Trd, 4319134.693, 105
Trd, 4319136.193, 95
Trd, 4319138.493, 96
Trd, 4319139.193, 103
Trd, 4319140.493, 99
Trd, 4319141.293, 97
Trd, 4319142.493, 98
Trd, 4319142.543, 97
Trd, 4319142.793, 86
Trd, 4319143.593, 105
Trd, 4319147.593, 95
Trd, 4319149.043, 95
Trd, 4319149.693, 96
Trd, 4319149.993, 94
Trd, 4319150.843, 96
Trd, 4319152.893, 94
Trd, 4319153.393, 97
Trd, 4319153.443, 94
Trd, 4319153.993, 105
Trd, 4319155.593, 104
Trd, 4319155.793, 100
Trd, 4319156.893, 99
Trd, 4319158.293, 111
Trd, 4319160.993, 98
Trd, 4319161.493, 100
Trd, 4319161.693, 97
Trd, 4319163.543, 99
Trd, 4319164.843, 98
Trd, 4319166.543, 97
Trd, 4319167.543, 96
Trd, 4319168.243, 99
Trd, 4319168.593, 100
Trd, 4319170.593, 96
Trd, 4319171.193, 94
Trd, 4319172.643, 99
Trd, 4319173.843, 96
Trd, 4319175.743, 111
Trd, 4319176.393, 100
Trd, 4319177.493, 107
Trd, 4319177.593, 104
Trd, 4319178.893, 104
Trd, 4319181.343, 105
Trd, 4319181.393, 103
Trd, 4319183.343, 104
Trd, 4319185.193, 104
Trd, 4319185.443, 103
Trd, 4319186.593, 103
Trd, 4319187.293, 86
Trd, 4319187.643, 96
Trd, 4319188.843, 98
Trd, 4319191.743, 99
Trd, 4319193.193, 104
Trd, 4319193.693, 98
Trd, 4319193.743, 97
Trd, 4319195.293, 102
Trd, 4319195.943, 86
Trd, 4319199.293, 97
Trd, 4319199.743, 98
Trd, 4319199.793, 98
Trd, 4319200.743, 96
Trd, 4319201.343, 105
Trd, 4319203.293, 99
Trd, 4319203.793, 100
Trd, 4319205.643, 98
Trd, 4319206.543, 97
Trd, 4319206.643, 101
Trd, 4319209.943, 96
Trd, 4319210.543, 98
Trd, 4319210.593, 99
Trd, 4319212.893, 97
Trd, 4319213.043, 104
Trd, 4319213.543, 95
Trd, 4319214.443, 96
Trd, 4319216.043, 97
Trd, 4319216.193, 103
Trd, 4319217.943, 105
Trd, 4319218.293, 102
Trd, 4319220.543, 101
Trd, 4319220.593, 87
Trd, 4319221.193, 102
Trd, 4319221.593, 79
Trd, 4319224.743, 91
Trd, 4319224.843, 97
Trd, 4319227.693, 92
Trd, 4319228.793, 91
Trd, 4319229.093, 95
Trd, 4319230.793, 95
Trd, 4319232.493, 91
Trd, 4319232.843, 94
Trd, 4319235.493, 90
Trd, 4319237.343, 95
Trd, 4319237.843, 92
Trd, 4319238.493, 103
Trd, 4319238.693, 104
Trd, 4319238.893, 92
Trd, 4319239.693, 97
Trd, 4319241.443, 97
Trd, 4319242.343, 96
Trd, 4319242.893, 94
Trd, 4319245.043, 95
Trd, 4319245.293, 95
Trd, 4319247.543, 94
Trd, 4319248.893, 95
Trd, 4319250.043, 95
Trd, 4319250.493, 93
Trd, 4319250.843, 95
Trd, 4319252.143, 95
Trd, 4319252.293, 92
Trd, 4319254.093, 96
Trd, 4319255.343, 104
Trd, 4319255.943, 97
Trd, 4319257.093, 97
Trd, 4319257.493, 97
Trd, 4319258.043, 95
Trd, 4319258.343, 96
Trd, 4319258.493, 95
Trd, 4319259.443, 86
Trd, 4319259.793, 104
Trd, 4319263.043, 112
Trd, 4319263.843, 106
Trd, 4319265.993, 110
Trd, 4319266.343, 108
Trd, 4319266.493, 104
Trd, 4319266.993, 84
Trd, 4319267.993, 99
Trd, 4319268.143, 109
Trd, 4319269.493, 103
Trd, 4319270.443, 86
Trd, 4319273.993, 98
Trd, 4319274.043, 96
Trd, 4319274.693, 99
Trd, 4319277.093, 103
Trd, 4319277.893, 102
Trd, 4319278.493, 102
Trd, 4319280.493, 97
Trd, 4319280.993, 100
Trd, 4319281.693, 100
Trd, 4319282.243, 86
Trd, 4319282.443, 100
Trd, 4319284.693, 104
Trd, 4319286.193, 102
Trd, 4319287.193, 101
Trd, 4319288.593, 80
Trd, 4319289.743, 88
Trd, 4319291.193, 94
Trd, 4319291.443, 91
Trd, 4319291.843, 95
Trd, 4319293.243, 87
Trd, 4319294.943, 91
Trd, 4319295.393, 90
Trd, 4319296.693, 93
Trd, 4319297.243, 95
Trd, 4319298.393, 104
Trd, 4319299.593, 95
Trd, 4319299.743, 95
Trd, 4319300.243, 96
Trd, 4319300.593, 93
Trd, 4319302.893, 104
Trd, 4319303.343, 86
Trd, 4319303.893, 95
Trd, 4319306.343, 101
Trd, 4319308.543, 102
Trd, 4319309.393, 100
Trd, 4319311.193, 100
Trd, 4319311.593, 104
Trd, 4319314.993, 95
Trd, 4319315.043, 95
Trd, 4319315.943, 92
Trd, 4319316.543, 96
Trd, 4319317.893, 93
Trd, 4319319.443, 95
Trd, 4319320.043, 103
Trd, 4319320.693, 95
Trd, 4319321.493, 94
Trd, 4319323.743, 98
Trd, 4319325.243, 98
Trd, 4319326.243, 97
Trd, 4319326.293, 102
Trd, 4319327.593, 104
Trd, 4319330.293, 96
Trd, 4319331.643, 95
Trd, 4319331.993, 87
Trd, 4319333.293, 93
Trd, 4319334.393, 96
Trd, 4319335.193, 95
Trd, 4319337.243, 93
Trd, 4319337.293, 93
Trd, 4319340.193, 94
Trd, 4319340.343, 92
Trd, 4319341.843, 95
Trd, 4319343.343, 94
Trd, 4319344.543, 95
Trd, 4319344.993, 94
Trd, 4319346.893, 94
Trd, 4319348.443, 101
Trd, 4319349.143, 95
Trd, 4319349.193, 99
Trd, 4319350.993, 103
Trd, 4319352.743, 99
Trd, 4319353.393, 95
Trd, 4319355.943, 98
Trd, 4319357.343, 98
Trd, 4319357.893, 98
Trd, 4319358.393, 96
Trd, 4319358.443, 99
Trd, 4319359.743, 92
Trd, 4319361.093, 102
Trd, 4319361.593, 102
Trd, 4319362.293, 98
Trd, 4319363.343, 96
Trd, 4319365.293, 103
Trd, 4319367.393, 97
Trd, 4319367.743, 97
Trd, 4319367.943, 95
Trd, 4319369.493, 95
Trd, 4319371.443, 96
Trd, 4319372.043, 97
Trd, 4319372.493, 113
Trd, 4319372.843, 103
Trd, 4319373.093, 102
Trd, 4319375.343, 105
Trd, 4319376.743, 105
Trd, 4319378.093, 104
Trd, 4319378.293, 104
Trd, 4319378.743, 105
Trd, 4319379.293, 103
Trd, 4319381.443, 104
Trd, 4319382.793, 103
Trd, 4319382.943, 102
Trd, 4319384.843, 102
Trd, 4319387.793, 103
Trd, 4319388.193, 102
Trd, 4319390.043, 103
Trd, 4319390.743, 102
Trd, 4319392.193, 102
Trd, 4319392.743, 86
Trd, 4319393.793, 99
Trd, 4319394.693, 87
Trd, 4319395.143, 94
Trd, 4319396.593, 95
Trd, 4319399.643, 95
Trd, 4319400.743, 95
Trd, 4319401.593, 93
Trd, 4319404.193, 94
Trd, 4319406.893, 94
Trd, 4319407.493, 95
Trd, 4319408.093, 94
Trd, 4319409.143, 102
Trd, 4319410.443, 93
Trd, 4319410.793, 101
Trd, 4319411.993, 95
Trd, 4319414.443, 96
Trd, 4319414.993, 96
Trd, 4319415.443, 96
Trd, 4319415.793, 95
Trd, 4319415.843, 98
Trd, 4319416.843, 91
Trd, 4319419.393, 96
Trd, 4319420.093, 104
Trd, 4319421.343, 93
Trd, 4319422.043, 99
Trd, 4319424.443, 99
Trd, 4319425.493, 98
Trd, 4319427.793, 97
Trd, 4319428.643, 98
Trd, 4319429.393, 99
Trd, 4319430.493, 102
Trd, 4319430.743, 99
Trd, 4319432.143, 103
Trd, 4319432.793, 101
Trd, 4319434.593, 101
Trd, 4319435.093, 101
Trd, 4319435.343, 102
Trd, 4319437.743, 101
Trd, 4319437.993, 113
Trd, 4319438.243, 100
Trd, 4319439.943, 104
Trd, 4319441.043, 99
Trd, 4319441.293, 104
Trd, 4319441.443, 85
Trd, 4319443.043, 96
Trd, 4319445.893, 95
Trd, 4319446.393, 95
Trd, 4319448.043, 98
Trd, 4319449.143, 114
Trd, 4319449.193, 113
Trd, 4319450.143, 101
Trd, 4319451.543, 96
Trd, 4319451.993, 92
Trd, 4319452.943, 97
Trd, 4319453.093, 91
Trd, 4319454.993, 100
Trd, 4319455.193, 92
Trd, 4319455.643, 86
Trd, 4319459.093, 98
Trd, 4319461.443, 99
Trd, 4319461.643, 102
Trd, 4319462.193, 99
Trd, 4319462.943, 99
Trd, 4319464.143, 104
Trd, 4319464.543, 97
Trd, 4319466.793, 92
Trd, 4319466.943, 105
Trd, 4319468.393, 86
Trd, 4319468.593, 99
Trd, 4319470.843, 91
Trd, 4319471.343, 95
Trd, 4319473.993, 95
Trd, 4319474.793, 95
Trd, 4319475.893, 95
Trd, 4319476.293, 95
Trd, 4319477.243, 103
Trd, 4319478.393, 93
Trd, 4319480.193, 95
Trd, 4319481.393, 97
Trd, 4319481.593, 100
Trd, 4319482.393, 105
Trd, 4319483.743, 99
Trd, 4319485.343, 99
Trd, 4319487.793, 97
Trd, 4319488.243, 98
Trd, 4319489.543, 104
Trd, 4319490.393, 85
Trd, 4319490.493, 85
Trd, 4319490.693, 105
Trd, 4319492.043, 104
Trd, 4319493.193, 91
Trd, 4319493.343, 85
Trd, 4319495.143, 88
Trd, 4319496.393, 92
Trd, 4319499.043, 95
Trd, 4319499.393, 89
Trd, 4319499.443, 104
Trd, 4319500.493, 94
Trd, 4319500.793, 93
Trd, 4319502.293, 93
Trd, 4319505.493, 93
Trd, 4319506.593, 93
Trd, 4319506.843, 92
Trd, 4319508.293, 104
Trd, 4319509.143, 98
Trd, 4319510.043, 112
Trd, 4319510.443, 105
Trd, 4319511.843, 100
Trd, 4319512.593, 86
Trd, 4319513.193, 104
Trd, 4319514.343, 112
Trd, 4319516.243, 107
Trd, 4319516.943, 103
Trd, 4319518.693, 104
Trd, 4319519.393, 103
Trd, 4319520.043, 110
Trd, 4319521.943, 102
Trd, 4319523.243, 103
Trd, 4319524.343, 84
Trd, 4319524.493, 104
Trd, 4319525.693, 97
Trd, 4319527.443, 101
Trd, 4319528.643, 104
Trd, 4319529.193, 96
Trd, 4319529.843, 96
Trd, 4319533.493, 99
Trd, 4319536.243, 97
Trd, 4319536.343, 97
Trd, 4319537.193, 95
Trd, 4319537.343, 95
Trd, 4319537.743, 97
Trd, 4319539.593, 97
Trd, 4319540.493, 92
Trd, 4319542.143, 92
Trd, 4319542.643, 101
Trd, 4319543.743, 91
Trd, 4319545.693, 86
Trd, 4319546.393, 95
Trd, 4319550.893, 94
Trd, 4319551.493, 91
Trd, 4319551.593, 90
Trd, 4319553.093, 94
Trd, 4319553.743, 95
Trd, 4319553.793, 92
Trd, 4319554.093, 89
Trd, 4319554.393, 92
Trd, 4319558.593, 89
Trd, 4319560.743, 92
Trd, 4319561.093, 92
Trd, 4319561.343, 95
Trd, 4319561.543, 90
Trd, 4319565.643, 112
Trd, 4319565.993, 111
Trd, 4319566.743, 102
Trd, 4319567.343, 97
Trd, 4319567.993, 98
Trd, 4319568.443, 96
Trd, 4319569.243, 94
Trd, 4319569.443, 99
Trd, 4319571.293, 103
Trd, 4319572.293, 102
Trd, 4319572.343, 86
Trd, 4319572.693, 104
Trd, 4319574.693, 101
Trd, 4319575.993, 98
Trd, 4319577.443, 97
Trd, 4319577.843, 103
Trd, 4319578.843, 96
Trd, 4319579.143, 103
Trd, 4319581.143, 96
Trd, 4319584.143, 100
Trd, 4319584.443, 96
Trd, 4319585.693, 100
Trd, 4319588.243, 96
Trd, 4319590.343, 100
Trd, 4319591.493, 96
Trd, 4319591.893, 100
Trd, 4319593.793, 98
Trd, 4319594.043, 98
Trd, 4319594.443, 84
Trd, 4319595.193, 99
Trd, 4319595.643, 100
Trd, 4319597.993, 101
Trd, 4319599.243, 104
Trd, 4319600.593, 104
Trd, 4319601.093, 103
Trd, 4319601.493, 102
Trd, 4319601.943, 105
Trd, 4319604.693, 113
Trd, 4319604.943, 108
Trd, 4319605.543, 106
Trd, 4319606.443, 104
Trd, 4319608.593, 109
Trd, 4319609.693, 98
Trd, 4319610.543, 104
Trd, 4319612.643, 102
Trd, 4319612.943, 102
Trd, 4319614.343, 102
Trd, 4319614.793, 100
Trd, 4319615.743, 102
Trd, 4319617.243, 100
Trd, 4319618.243, 101
Trd, 4319620.993, 95
Trd, 4319621.293, 95
Trd, 4319622.193, 88
Trd, 4319622.993, 89
Trd, 4319625.143, 95
Trd, 4319626.343, 104
Trd, 4319627.343, 96
Trd, 4319627.643, 96
Trd, 4319628.593, 101
Trd, 4319629.493, 104
Trd, 4319632.543, 95
Trd, 4319632.993, 89
Trd, 4319633.443, 94
Trd, 4319633.843, 95
Trd, 4319633.993, 92
Trd, 4319634.993, 105
Trd, 4319636.293, 98
Trd, 4319637.243, 99
Trd, 4319640.243, 102
Trd, 4319641.043, 98
Trd, 4319641.593, 103
Trd, 4319643.743, 103
Trd, 4319644.293, 102
Trd, 4319645.543, 103
Trd, 4319645.793, 104
Trd, 4319647.543, 102
Trd, 4319647.843, 101
Trd, 4319648.593, 89
Trd, 4319649.393, 97
Trd, 4319652.993, 98
Trd, 4319653.193, 99
Trd, 4319653.243, 96
Trd, 4319653.643, 104
Trd, 4319653.993, 95
Trd, 4319656.743, 94
Trd, 4319656.893, 90
Trd, 4319657.243, 104
Trd, 4319657.343, 104
Trd, 4319659.643, 97
Trd, 4319661.343, 97
Trd, 4319662.993, 99
Trd, 4319664.143, 98
Trd, 4319665.443, 99
Trd, 4319665.793, 97
Trd, 4319666.343, 96
Trd, 4319667.593, 113
Trd, 4319669.543, 97
Trd, 4319670.343, 95
Trd, 4319671.343, 95
Trd, 4319673.293, 96
Trd, 4319673.493, 84
Trd, 4319674.543, 93
Trd, 4319675.693, 97
Trd, 4319676.643, 104
Trd, 4319678.193, 97
Trd, 4319678.743, 95
Trd, 4319678.943, 91
Trd, 4319679.043, 98
Trd, 4319680.193, 93
Trd, 4319682.243, 104
Trd, 4319682.393, 95
Trd, 4319683.293, 103
Trd, 4319685.343, 102
Trd, 4319687.843, 100
Trd, 4319687.893, 100
Trd, 4319689.043, 99
Trd, 4319689.693, 102
Trd, 4319690.043, 104
Trd, 4319690.843, 113
Trd, 4319692.193, 107
Trd, 4319694.143, 104
Trd, 4319694.293, 103
Trd, 4319697.143, 103
Trd, 4319698.093, 86
Trd, 4319699.143, 97
Trd, 4319699.493, 100
Trd, 4319700.893, 101
Trd, 4319703.593, 102
Trd, 4319704.543, 99
Trd, 4319705.243, 86
Trd, 4319706.793, 95
Trd, 4319708.143, 95
Trd, 4319708.343, 99
Trd, 4319710.393, 98
Trd, 4319710.943, 103
Trd, 4319711.393, 103
Trd, 4319713.093, 102
Trd, 4319713.493, 102
Trd, 4319714.043, 101
Trd, 4319715.543, 99
Trd, 4319717.643, 103
Trd, 4319718.193, 114
Trd, 4319718.293, 113
Trd, 4319719.293, 106
Trd, 4319721.193, 104
Trd, 4319721.943, 104
Trd, 4319723.143, 90
Trd, 4319724.543, 99
Trd, 4319725.343, 101
Trd, 4319725.593, 102
Trd, 4319726.643, 102
Trd, 4319728.043, 101
Trd, 4319729.943, 100
Trd, 4319730.193, 100
Trd, 4319730.693, 100
Trd, 4319731.743, 100
Trd, 4319732.493, 104
Trd, 4319733.893, 98
Trd, 4319735.693, 91
Trd, 4319736.543, 95
Trd, 4319737.143, 96
Trd, 4319738.093, 95
Trd, 4319738.793, 96
Trd, 4319739.443, 85
Trd, 4319743.193, 94
Trd, 4319744.443, 96
Trd, 4319745.993, 97
Trd, 4319746.543, 94
Trd, 4319747.343, 98
Trd, 4319747.743, 104
Trd, 4319749.793, 96
Trd, 4319751.093, 94
Trd, 4319751.943, 97
Trd, 4319753.743, 105
Trd, 4319754.243, 104
Trd, 4319756.493, 101
Trd, 4319757.443, 89
Trd, 4319757.643, 86
Trd, 4319758.843, 94
Trd, 4319759.043, 100
Trd, 4319760.143, 96
Trd, 4319761.343, 96
Trd, 4319763.893, 94
Trd, 4319764.493, 73
Trd, 4319766.043, 96
Trd, 4319766.143, 103
Trd, 4319768.643, 104
Trd, 4319769.993, 100
Trd, 4319770.693, 102
Trd, 4319772.643, 100
Trd, 4319773.393, 100
Trd, 4319775.143, 104
Trd, 4319775.343, 113
Trd, 4319779.093, 107
Trd, 4319779.243, 106
Trd, 4319779.843, 105
Trd, 4319780.593, 104
Trd, 4319782.293, 103
Trd, 4319784.343, 86
Trd, 4319786.093, 101
Trd, 4319786.193, 101
Trd, 4319787.443, 104
Trd, 4319787.693, 102
Trd, 4319787.843, 106
Trd, 4319789.843, 103
Trd, 4319790.243, 102
Trd, 4319790.893, 104
Trd, 4319793.093, 101
Trd, 4319794.343, 98
Trd, 4319795.343, 100
Trd, 4319796.843, 100
Trd, 4319797.593, 99
Trd, 4319797.743, 98
Trd, 4319797.893, 101
Trd, 4319801.193, 100
Trd, 4319802.743, 101
Trd, 4319804.193, 99
Trd, 4319805.293, 95
Trd, 4319806.243, 94
Trd, 4319806.743, 95
Trd, 4319807.293, 104
Trd, 4319808.293, 94
Trd, 4319810.543, 103
Trd, 4319810.593, 100
Trd, 4319812.143, 101
Trd, 4319812.643, 100
Trd, 4319813.443, 98
Trd, 4319815.493, 86
Trd, 4319816.143, 90
Trd, 4319817.193, 97
Trd, 4319817.393, 97
Trd, 4319818.093, 97
Trd, 4319819.693, 92
Trd, 4319821.343, 102
Trd, 4319822.893, 101
Trd, 4319824.093, 102
Trd, 4319825.093, 102
Trd, 4319825.293, 104
Trd, 4319827.093, 103
Trd, 4319827.143, 101
Trd, 4319827.893, 94
Trd, 4319829.243, 77
Trd, 4319829.343, 88
Trd, 4319830.043, 113
Trd, 4319831.143, 100
Trd, 4319833.993, 99
Trd, 4319836.943, 98
Trd, 4319836.993, 99
Trd, 4319837.493, 97
Trd, 4319837.993, 86
Trd, 4319838.493, 104
Trd, 4319840.593, 104
Trd, 4319841.743, 100
Trd, 4319842.643, 110
Trd, 4319842.793, 100
Trd, 4319843.093, 107
Trd, 4319843.243, 86
Trd, 4319845.643, 104
Trd, 4319846.443, 103
Trd, 4319848.493, 102
Trd, 4319849.443, 103
Trd, 4319849.743, 102
Trd, 4319850.043, 104
Trd, 4319851.593, 104
Trd, 4319852.793, 101
Trd, 4319855.943, 101
Trd, 4319856.193, 104
Trd, 4319857.343, 100
Trd, 4319858.243, 99
Trd, 4319858.293, 103
Trd, 4319858.543, 88
Trd, 4319859.143, 104
Trd, 4319859.943, 104
Trd, 4319862.593, 96
Trd, 4319865.243, 102
Trd, 4319867.443, 104
Trd, 4319867.743, 101
Trd, 4319868.143, 101
Trd, 4319868.793, 94
Trd, 4319869.543, 102
Trd, 4319872.043, 101
Trd, 4319872.993, 102
Trd, 4319873.443, 102
Trd, 4319875.843, 104
Trd, 4319875.993, 101
Trd, 4319878.093, 102
Trd, 4319880.093, 102
Trd, 4319880.193, 104
Trd, 4319880.243, 100
Trd, 4319880.643, 87
Trd, 4319885.193, 100
Trd, 4319885.843, 95
Trd, 4319887.443, 94
Trd, 4319887.693, 100
Trd, 4319888.943, 95
Trd, 4319892.793, 97
Trd, 4319893.093, 96
Trd, 4319893.343, 104
Trd, 4319894.193, 113
Trd, 4319894.293, 103
Trd, 4319896.543, 100
Trd, 4319896.993, 93
Trd, 4319897.343, 101
Trd, 4319899.293, 97
Trd, 4319901.893, 97
Trd, 4319901.943, 84
Trd, 4319902.893, 96
Trd, 4319903.093, 97
Trd, 4319906.893, 98
Trd, 4319906.943, 97
Trd, 4319908.193, 103
Trd, 4319908.843, 104
Trd, 4319909.943, 97
Trd, 4319911.143, 100
Trd, 4319911.343, 97
Trd, 4319913.343, 97
Trd, 4319915.343, 97
Trd, 4319916.243, 97
Trd, 4319916.993, 89
Trd, 4319917.893, 94
Trd, 4319918.393, 98
Trd, 4319919.743, 97
Trd, 4319921.543, 93
Trd, 4319921.993, 95
Trd, 4319922.793, 96
Trd, 4319923.443, 95
Trd, 4319924.793, 95
Trd, 4319926.243, 95
Trd, 4319926.693, 95
Trd, 4319928.993, 94
Trd, 4319929.243, 95
Trd, 4319930.043, 93
Trd, 4319930.493, 95
Trd, 4319932.393, 105
Trd, 4319933.043, 98
Trd, 4319934.593, 98
Trd, 4319934.693, 98
Trd, 4319935.843, 85
Trd, 4319937.443, 94
Trd, 4319937.993, 94
Trd, 4319938.143, 96
Trd, 4319938.693, 92
Trd, 4319941.193, 95
Trd, 4319941.493, 104
Trd, 4319943.143, 99
Trd, 4319943.293, 101
Trd, 4319945.193, 113
Trd, 4319945.343, 112
Trd, 4319946.843, 111
Trd, 4319947.993, 101
Trd, 4319948.493, 106
Trd, 4319950.043, 105
Trd, 4319951.743, 107
Trd, 4319952.893, 112
Trd, 4319952.943, 111
Trd, 4319953.593, 111
Trd, 4319953.993, 104
Trd, 4319955.443, 107
Trd, 4319958.343, 90
Trd, 4319958.843, 88
Trd, 4319958.943, 103
Trd, 4319960.443, 100
Trd, 4319962.443, 99
Trd, 4319963.143, 99
Trd, 4319963.293, 95
Trd, 4319963.693, 104
Trd, 4319966.143, 103
Trd, 4319967.243, 105
Trd, 4319968.593, 100
Trd, 4319969.743, 104
Trd, 4319969.943, 103
Trd, 4319971.743, 102
Trd, 4319973.243, 101
Trd, 4319973.443, 95
Trd, 4319974.393, 104
Trd, 4319975.543, 102
Trd, 4319976.043, 99
Trd, 4319977.693, 104
Trd, 4319979.293, 98
Trd, 4319981.393, 100
Trd, 4319982.143, 98
Trd, 4319982.893, 98
Trd, 4319983.793, 101
Trd, 4319985.543, 95
Trd, 4319986.493, 96
Trd, 4319987.743, 95
Trd, 4319989.543, 96
Trd, 4319990.593, 96
Trd, 4319990.643, 97
Trd, 4319992.093, 93
Trd, 4319993.193, 92
Trd, 4319994.393, 103
Trd, 4319995.143, 105
Trd, 4319995.943, 100
Trd, 4319997.043, 105
Trd, 4319999.493, 104
