Trd, 4317865.543, 99
Trd, 4317865.793, 94
Trd, 4317868.543, 98
Trd, 4317869.193, 97
Trd, 4317872.743, 97
Trd, 4317873.093, 98
Trd, 4317873.243, 96
Trd, 4317875.943, 94
Trd, 4317878.143, 97
Trd, 4317879.643, 95
Trd, 4317879.893, 94
Trd, 4317880.593, 93
Trd, 4317881.393, 92
Trd, 4317882.093, 93
Trd, 4317883.043, 95
Trd, 4317884.543, 96
Trd, 4317884.893, 94
Trd, 4317885.843, 92
Trd, 4317887.743, 104
Trd, 4317888.893, 98
Trd, 4317890.043, 101
Trd, 4317890.793, 101
Trd, 4317891.643, 104
Trd, 4317891.893, 104
Trd, 4317892.643, 104
Trd, 4317894.343, 104
Trd, 4317896.093, 105
Trd, 4317898.693, 105
Trd, 4317898.893, 104
Trd, 4317899.593, 104
Trd, 4317900.293, 103
Trd, 4317901.143, 104
Trd, 4317902.943, 104
Trd, 4317903.343, 103
Trd, 4317904.193, 99
Trd, 4317908.093, 100
Trd, 4317908.943, 104
Trd, 4317909.593, 99
Trd, 4317911.343, 100
Trd, 4317913.843, 99
Trd, 4317913.993, 98
Trd, 4317917.043, 98
Trd, 4317918.243, 97
Trd, 4317918.293, 98
Trd, 4317919.343, 96
Trd, 4317922.843, 96
Trd, 4317924.393, 97
Trd, 4317924.593, 96
Trd, 4317925.043, 98
Trd, 4317925.443, 96
Trd, 4317925.843, 97
Trd, 4317927.843, 95
Trd, 4317928.843, 96
Trd, 4317930.143, 96
Trd, 4317933.443, 98
Trd, 4317933.993, 98
Trd, 4317934.443, 95
Trd, 4317936.293, 96
Trd, 4317936.493, 95
Trd, 4317936.593, 98
Trd, 4317940.693, 96
Trd, 4317942.493, 96
Trd, 4317943.393, 95
Trd, 4317944.593, 94
Trd, 4317945.393, 97
Trd, 4317946.843, 96
Trd, 4317947.393, 104
Trd, 4317951.293, 97
Trd, 4317952.393, 99
Trd, 4317952.943, 100
Trd, 4317953.593, 99
Trd, 4317956.343, 99
Trd, 4317956.893, 97
Trd, 4317959.693, 94
Trd, 4317960.043, 97
Trd, 4317962.593, 97
Trd, 4317963.543, 97
Trd, 4317965.493, 96
Trd, 4317966.293, 99
Trd, 4317966.843, 98
Trd, 4317967.443, 98
Trd, 4317967.693, 97
Trd, 4317968.093, 95
Trd, 4317969.893, 104
Trd, 4317970.943, 101
Trd, 4317972.893, 101
Trd, 4317973.993, 102
Trd, 4317975.193, 103
Trd, 4317977.693, 102
Trd, 4317977.943, 101
Trd, 4317978.093, 99
Trd, 4317980.843, 100
Trd, 4317983.043, 100
Trd, 4317983.993, 101
Trd, 4317985.043, 101
Trd, 4317985.843, 101
Trd, 4317988.143, 98
Trd, 4317989.543, 97
Trd, 4317989.893, 97
Trd, 4317990.343, 97
Trd, 4317990.393, 96
Trd, 4317991.893, 95
Trd, 4317993.393, 98
Trd, 4317993.693, 97
Trd, 4317994.693, 98
Trd, 4317996.293, 98
Trd, 4317997.193, 98
Trd, 4317998.793, 99
Trd, 4318000.043, 99
Trd, 4318002.043, 99
Trd, 4318003.093, 85
Trd, 4318003.943, 95
Trd, 4318004.443, 95
Trd, 4318005.543, 99
Trd, 4318007.843, 97
Trd, 4318009.693, 98
Trd, 4318011.743, 98
Trd, 4318012.193, 98
Trd, 4318014.443, 97
Trd, 4318016.793, 98
Trd, 4318017.043, 99
Trd, 4318018.093, 99
Trd, 4318018.193, 98
Trd, 4318019.793, 100
Trd, 4318021.293, 99
Trd, 4318022.193, 97
Trd, 4318023.793, 98
Trd, 4318023.943, 99
Trd, 4318026.193, 99
Trd, 4318027.143, 98
Trd, 4318029.493, 98
Trd, 4318030.693, 99
Trd, 4318031.093, 97
Trd, 4318033.193, 99
Trd, 4318033.393, 99
Trd, 4318035.843, 99
Trd, 4318036.043, 99
Trd, 4318037.343, 97
Trd, 4318038.843, 96
Trd, 4318042.743, 97
Trd, 4318043.943, 96
Trd, 4318044.743, 96
Trd, 4318045.343, 98
Trd, 4318046.093, 104
Trd, 4318049.243, 97
Trd, 4318051.993, 98
Trd, 4318052.443, 95
Trd, 4318054.393, 98
Trd, 4318056.843, 97
Trd, 4318057.143, 96
Trd, 4318057.643, 97
Trd, 4318060.443, 94
Trd, 4318061.643, 96
Trd, 4318062.493, 96
Trd, 4318063.293, 96
Trd, 4318064.493, 96
Trd, 4318065.193, 97
Trd, 4318066.193, 95
Trd, 4318067.143, 97
Trd, 4318068.393, 95
Trd, 4318070.593, 96
Trd, 4318072.593, 96
Trd, 4318072.743, 96
Trd, 4318074.593, 96
Trd, 4318075.643, 95
Trd, 4318077.643, 95
Trd, 4318078.593, 94
Trd, 4318078.793, 85
Trd, 4318080.543, 95
Trd, 4318083.043, 94
Trd, 4318086.443, 93
Trd, 4318086.893, 93
Trd, 4318087.243, 93
Trd, 4318089.293, 95
Trd, 4318089.793, 94
Trd, 4318091.393, 95
Trd, 4318091.643, 94
Trd, 4318093.243, 95
Trd, 4318094.193, 96
Trd, 4318094.293, 94
Trd, 4318097.543, 95
Trd, 4318098.043, 95
Trd, 4318101.593, 95
Trd, 4318103.743, 95
Trd, 4318104.193, 95
Trd, 4318104.493, 96
Trd, 4318105.743, 94
Trd, 4318106.993, 95
Trd, 4318107.243, 98
Trd, 4318107.943, 94
Trd, 4318110.293, 95
Trd, 4318110.843, 93
Trd, 4318113.543, 94
Trd, 4318113.843, 93
Trd, 4318116.043, 94
Trd, 4318116.543, 94
Trd, 4318117.943, 94
Trd, 4318119.643, 94
Trd, 4318122.643, 94
Trd, 4318123.393, 94
Trd, 4318124.243, 94
Trd, 4318126.343, 93
Trd, 4318126.593, 91
Trd, 4318129.343, 92
Trd, 4318129.393, 91
Trd, 4318129.543, 93
Trd, 4318131.443, 95
Trd, 4318132.293, 95
Trd, 4318133.443, 96
Trd, 4318134.293, 94
Trd, 4318134.843, 93
Trd, 4318135.493, 94
Trd, 4318137.493, 94
Trd, 4318138.993, 103
Trd, 4318139.743, 97
Trd, 4318140.643, 97
Trd, 4318141.143, 104
Trd, 4318143.143, 96
Trd, 4318144.343, 97
Trd, 4318147.993, 100
Trd, 4318148.293, 99
Trd, 4318148.443, 101
Trd, 4318148.493, 96
Trd, 4318151.543, 98
Trd, 4318153.693, 98
Trd, 4318154.093, 97
Trd, 4318154.293, 98
Trd, 4318155.043, 96
Trd, 4318155.493, 97
Trd, 4318159.293, 96
Trd, 4318160.643, 97
Trd, 4318161.493, 97
Trd, 4318164.543, 96
Trd, 4318164.893, 97
Trd, 4318166.493, 97
Trd, 4318167.593, 96
Trd, 4318169.093, 95
Trd, 4318172.343, 96
Trd, 4318173.043, 96
Trd, 4318173.593, 96
Trd, 4318174.243, 103
Trd, 4318174.343, 94
Trd, 4318175.843, 101
Trd, 4318176.693, 99
Trd, 4318177.143, 100
Trd, 4318179.493, 101
Trd, 4318179.993, 101
Trd, 4318181.943, 95
Trd, 4318182.443, 96
Trd, 4318184.343, 96
Trd, 4318184.693, 96
Trd, 4318185.943, 94
Trd, 4318187.843, 97
Trd, 4318187.893, 97
Trd, 4318188.743, 96
Trd, 4318189.343, 97
Trd, 4318190.343, 96
Trd, 4318193.243, 92
Trd, 4318194.443, 95
Trd, 4318195.393, 93
Trd, 4318196.593, 94
Trd, 4318197.843, 93
Trd, 4318198.943, 103
Trd, 4318199.493, 97
Trd, 4318201.043, 98
Trd, 4318202.093, 102
Trd, 4318202.893, 103
Trd, 4318203.743, 105
Trd, 4318204.093, 102
Trd, 4318205.443, 101
Trd, 4318207.493, 100
Trd, 4318207.843, 99
Trd, 4318210.643, 98
Trd, 4318210.793, 98
Trd, 4318211.543, 97
Trd, 4318212.193, 104
Trd, 4318213.943, 99
Trd, 4318214.093, 99
Trd, 4318214.343, 98
Trd, 4318215.743, 85
Trd, 4318216.443, 91
Trd, 4318217.693, 91
Trd, 4318220.493, 93
Trd, 4318221.643, 92
Trd, 4318222.893, 94
Trd, 4318223.743, 94
Trd, 4318224.943, 85
Trd, 4318226.543, 95
Trd, 4318229.043, 114
Trd, 4318229.793, 112
Trd, 4318229.843, 112
Trd, 4318230.943, 116
Trd, 4318231.193, 114
Trd, 4318232.593, 116
Trd, 4318233.193, 115
Trd, 4318235.643, 113
Trd, 4318236.393, 113
Trd, 4318236.943, 112
Trd, 4318238.643, 105
Trd, 4318242.343, 111
Trd, 4318242.593, 110
Trd, 4318244.093, 108
Trd, 4318246.243, 112
Trd, 4318246.843, 111
Trd, 4318250.243, 111
Trd, 4318251.143, 110
Trd, 4318251.493, 109
Trd, 4318253.993, 110
Trd, 4318255.043, 108
Trd, 4318256.143, 108
Trd, 4318259.443, 109
Trd, 4318260.143, 107
Trd, 4318262.143, 106
Trd, 4318262.193, 104
Trd, 4318263.443, 104
Trd, 4318264.893, 104
Trd, 4318265.893, 101
Trd, 4318267.593, 102
Trd, 4318267.943, 102
Trd, 4318268.143, 100
Trd, 4318268.393, 103
Trd, 4318270.893, 103
Trd, 4318274.243, 103
Trd, 4318274.443, 102
Trd, 4318276.043, 101
Trd, 4318277.543, 102
Trd, 4318278.093, 104
Trd, 4318278.843, 100
Trd, 4318281.293, 104
Trd, 4318282.043, 104
Trd, 4318282.443, 104
Trd, 4318283.143, 104
Trd, 4318284.793, 104
Trd, 4318285.693, 103
Trd, 4318286.543, 104
Trd, 4318286.943, 104
Trd, 4318289.843, 104
Trd, 4318290.593, 105
Trd, 4318292.743, 105
Trd, 4318294.043, 105
Trd, 4318295.193, 104
Trd, 4318296.543, 104
Trd, 4318296.593, 103
Trd, 4318298.743, 103
Trd, 4318298.893, 102
Trd, 4318300.343, 104
Trd, 4318300.393, 103
Trd, 4318301.143, 103
Trd, 4318303.543, 103
Trd, 4318304.893, 98
Trd, 4318306.743, 104
Trd, 4318309.043, 100
Trd, 4318310.993, 103
Trd, 4318311.593, 103
Trd, 4318313.143, 101
Trd, 4318315.993, 102
Trd, 4318316.793, 102
Trd, 4318318.843, 102
Trd, 4318322.093, 102
Trd, 4318322.143, 102
Trd, 4318322.243, 101
Trd, 4318323.743, 101
Trd, 4318326.243, 101
Trd, 4318327.043, 101
Trd, 4318327.843, 101
Trd, 4318330.343, 100
Trd, 4318332.593, 101
Trd, 4318332.743, 99
Trd, 4318334.493, 100
Trd, 4318334.943, 99
Trd, 4318336.393, 100
Trd, 4318337.143, 99
Trd, 4318340.193, 100
Trd, 4318340.943, 99
Trd, 4318344.443, 100
Trd, 4318345.593, 99
Trd, 4318346.293, 103
Trd, 4318348.593, 101
Trd, 4318348.743, 103
Trd, 4318350.043, 103
Trd, 4318350.743, 103
Trd, 4318351.443, 103
Trd, 4318355.243, 104
Trd, 4318356.443, 104
Trd, 4318356.793, 103
Trd, 4318358.893, 103
Trd, 4318360.693, 104
Trd, 4318361.893, 102
Trd, 4318364.943, 103
Trd, 4318366.993, 102
Trd, 4318367.593, 104
Trd, 4318367.943, 102
Trd, 4318368.393, 102
Trd, 4318371.343, 102
Trd, 4318372.093, 101
Trd, 4318372.743, 102
Trd, 4318375.093, 102
Trd, 4318376.343, 100
Trd, 4318377.693, 101
Trd, 4318379.243, 100
Trd, 4318379.443, 99
Trd, 4318381.143, 96
Trd, 4318383.493, 98
Trd, 4318386.443, 98
Trd, 4318386.693, 97
Trd, 4318388.143, 98
Trd, 4318391.093, 97
Trd, 4318391.143, 96
Trd, 4318391.743, 94
Trd, 4318393.193, 95
Trd, 4318396.243, 96
Trd, 4318398.043, 96
Trd, 4318399.443, 95
Trd, 4318399.993, 94
Trd, 4318400.893, 94
Trd, 4318401.093, 96
Trd, 4318404.443, 96
Trd, 4318405.693, 95
Trd, 4318406.643, 95
Trd, 4318407.743, 94
Trd, 4318407.993, 95
Trd, 4318409.843, 95
Trd, 4318411.193, 94
Trd, 4318412.293, 95
Trd, 4318413.193, 94
Trd, 4318414.193, 96
Trd, 4318416.393, 96
Trd, 4318417.793, 95
Trd, 4318419.843, 96
Trd, 4318420.543, 95
Trd, 4318422.793, 96
Trd, 4318424.043, 95
Trd, 4318427.193, 96
Trd, 4318427.743, 96
Trd, 4318428.493, 97
Trd, 4318429.643, 96
Trd, 4318429.793, 95
Trd, 4318430.293, 94
Trd, 4318431.143, 96
Trd, 4318433.293, 96
Trd, 4318433.543, 96
Trd, 4318436.343, 96
Trd, 4318437.093, 96
Trd, 4318437.343, 95
Trd, 4318442.593, 96
Trd, 4318442.843, 95
Trd, 4318445.293, 102
Trd, 4318445.593, 96
Trd, 4318445.993, 98
Trd, 4318449.043, 98
Trd, 4318450.693, 98
Trd, 4318451.493, 98
Trd, 4318451.693, 97
Trd, 4318453.543, 104
Trd, 4318455.193, 96
Trd, 4318456.893, 96
Trd, 4318457.593, 96
Trd, 4318458.093, 95
Trd, 4318460.793, 96
Trd, 4318461.243, 96
Trd, 4318461.443, 96
Trd, 4318462.543, 104
Trd, 4318466.443, 97
Trd, 4318467.893, 98
Trd, 4318468.743, 96
Trd, 4318469.493, 96
Trd, 4318470.243, 97
Trd, 4318470.643, 97
Trd, 4318471.693, 97
Trd, 4318472.193, 96
Trd, 4318474.093, 97
Trd, 4318475.543, 103
Trd, 4318475.643, 101
Trd, 4318476.493, 104
Trd, 4318477.043, 103
Trd, 4318478.743, 100
Trd, 4318480.293, 96
Trd, 4318480.593, 100
Trd, 4318481.093, 99
Trd, 4318483.643, 100
Trd, 4318484.393, 99
Trd, 4318486.593, 99
Trd, 4318487.893, 100
Trd, 4318488.643, 100
Trd, 4318488.993, 100
Trd, 4318489.393, 104
Trd, 4318492.443, 99
Trd, 4318494.193, 99
Trd, 4318495.493, 96
Trd, 4318497.193, 94
Trd, 4318499.743, 97
Trd, 4318500.343, 97
Trd, 4318502.393, 96
Trd, 4318503.343, 97
Trd, 4318504.593, 95
Trd, 4318507.043, 94
Trd, 4318509.643, 97
Trd, 4318509.743, 97
Trd, 4318510.243, 104
Trd, 4318514.343, 98
Trd, 4318514.593, 97
Trd, 4318514.843, 96
Trd, 4318516.243, 97
Trd, 4318517.943, 95
Trd, 4318519.643, 96
Trd, 4318520.343, 95
Trd, 4318521.693, 96
Trd, 4318523.893, 96
Trd, 4318524.593, 97
Trd, 4318525.443, 99
Trd, 4318526.343, 98
Trd, 4318526.993, 97
Trd, 4318527.093, 94
Trd, 4318528.793, 95
Trd, 4318530.843, 98
Trd, 4318532.243, 96
Trd, 4318533.543, 97
Trd, 4318536.093, 96
Trd, 4318537.143, 97
Trd, 4318537.893, 96
Trd, 4318540.893, 97
Trd, 4318541.543, 97
Trd, 4318542.293, 98
Trd, 4318542.593, 98
Trd, 4318547.993, 98
Trd, 4318549.143, 98
Trd, 4318550.443, 98
Trd, 4318550.493, 96
Trd, 4318550.793, 96
Trd, 4318552.943, 96
Trd, 4318554.543, 97
Trd, 4318555.493, 96
Trd, 4318557.643, 96
Trd, 4318558.443, 97
Trd, 4318561.093, 97
Trd, 4318561.443, 104
Trd, 4318563.593, 96
Trd, 4318564.543, 95
Trd, 4318566.693, 99
Trd, 4318567.343, 98
Trd, 4318569.043, 99
Trd, 4318570.293, 99
Trd, 4318571.593, 98
Trd, 4318572.493, 98
Trd, 4318574.043, 98
Trd, 4318574.093, 97
Trd, 4318574.543, 97
Trd, 4318578.343, 98
Trd, 4318578.743, 98
Trd, 4318579.693, 98
Trd, 4318581.143, 97
Trd, 4318582.493, 98
Trd, 4318583.793, 98
Trd, 4318584.593, 98
Trd, 4318586.643, 98
Trd, 4318588.043, 99
Trd, 4318588.093, 98
Trd, 4318589.093, 98
Trd, 4318590.543, 97
Trd, 4318590.843, 97
Trd, 4318591.093, 98
Trd, 4318593.293, 97
Trd, 4318593.343, 96
Trd, 4318595.293, 99
Trd, 4318598.293, 98
Trd, 4318601.443, 98
Trd, 4318601.743, 98
Trd, 4318602.643, 98
Trd, 4318603.143, 97
Trd, 4318604.643, 95
Trd, 4318605.093, 97
Trd, 4318607.143, 97
Trd, 4318608.543, 96
Trd, 4318609.443, 96
Trd, 4318612.643, 96
Trd, 4318613.093, 96
Trd, 4318615.093, 94
Trd, 4318617.393, 97
Trd, 4318618.593, 93
Trd, 4318620.143, 97
Trd, 4318620.193, 92
Trd, 4318621.243, 96
Trd, 4318624.743, 96
Trd, 4318625.143, 93
Trd, 4318628.393, 95
Trd, 4318628.643, 95
Trd, 4318629.043, 95
Trd, 4318629.993, 104
Trd, 4318630.843, 100
Trd, 4318631.693, 100
Trd, 4318633.943, 102
Trd, 4318634.393, 101
Trd, 4318635.993, 93
Trd, 4318639.443, 101
Trd, 4318641.093, 101
Trd, 4318641.443, 101
Trd, 4318642.943, 100
Trd, 4318647.543, 101
Trd, 4318647.743, 100
Trd, 4318648.443, 101
Trd, 4318649.743, 100
Trd, 4318653.043, 101
Trd, 4318653.143, 101
Trd, 4318654.893, 100
Trd, 4318655.043, 101
Trd, 4318655.793, 99
Trd, 4318657.993, 101
Trd, 4318661.693, 101
Trd, 4318661.943, 99
Trd, 4318662.943, 101
Trd, 4318663.343, 100
Trd, 4318663.943, 101
Trd, 4318666.743, 101
Trd, 4318667.193, 100
Trd, 4318667.343, 102
Trd, 4318668.843, 101
Trd, 4318669.693, 104
Trd, 4318670.993, 104
Trd, 4318671.343, 102
Trd, 4318675.193, 102
Trd, 4318675.693, 101
Trd, 4318676.993, 101
Trd, 4318678.193, 100
Trd, 4318679.143, 101
Trd, 4318681.093, 101
Trd, 4318681.443, 99
Trd, 4318682.293, 97
Trd, 4318683.193, 101
Trd, 4318685.493, 100
Trd, 4318687.793, 99
Trd, 4318688.443, 98
Trd, 4318690.143, 97
Trd, 4318692.693, 97
Trd, 4318693.693, 96
Trd, 4318694.043, 99
Trd, 4318697.293, 96
Trd, 4318700.293, 99
Trd, 4318700.643, 98
Trd, 4318702.243, 99
Trd, 4318703.093, 99
Trd, 4318703.993, 98
Trd, 4318708.543, 98
Trd, 4318709.043, 99
Trd, 4318709.743, 99
Trd, 4318710.243, 98
Trd, 4318711.393, 99
Trd, 4318712.143, 99
Trd, 4318714.243, 100
Trd, 4318715.093, 99
Trd, 4318715.493, 98
Trd, 4318716.643, 97
Trd, 4318717.593, 94
Trd, 4318720.393, 95
Trd, 4318720.893, 96
Trd, 4318721.693, 96
Trd, 4318722.343, 97
Trd, 4318722.593, 96
Trd, 4318723.443, 97
Trd, 4318726.743, 97
Trd, 4318727.693, 96
Trd, 4318729.943, 97
Trd, 4318730.193, 96
Trd, 4318734.043, 97
Trd, 4318736.143, 97
Trd, 4318736.493, 98
Trd, 4318737.293, 99
Trd, 4318738.493, 98
Trd, 4318738.843, 97
Trd, 4318740.743, 98
Trd, 4318742.043, 98
Trd, 4318742.993, 95
Trd, 4318746.243, 98
Trd, 4318748.893, 98
Trd, 4318748.993, 98
Trd, 4318750.943, 98
Trd, 4318751.343, 96
Trd, 4318754.043, 95
Trd, 4318756.393, 98
Trd, 4318756.493, 98
Trd, 4318758.243, 98
Trd, 4318758.543, 98
Trd, 4318758.793, 97
Trd, 4318763.693, 97
Trd, 4318765.343, 98
Trd, 4318766.043, 97
Trd, 4318766.193, 98
Trd, 4318766.443, 97
Trd, 4318768.043, 97
Trd, 4318769.293, 96
Trd, 4318772.293, 97
Trd, 4318772.843, 94
Trd, 4318774.693, 96
Trd, 4318776.293, 96
Trd, 4318777.243, 96
Trd, 4318778.443, 96
Trd, 4318778.693, 96
Trd, 4318780.943, 96
Trd, 4318781.093, 95
Trd, 4318783.243, 96
Trd, 4318783.643, 103
Trd, 4318783.743, 94
Trd, 4318786.643, 97
Trd, 4318787.193, 97
Trd, 4318788.993, 97
Trd, 4318790.443, 99
Trd, 4318791.043, 99
Trd, 4318793.993, 100
Trd, 4318795.343, 105
Trd, 4318795.493, 103
Trd, 4318796.493, 103
Trd, 4318797.493, 104
Trd, 4318798.993, 101
Trd, 4318799.693, 94
Trd, 4318801.193, 99
Trd, 4318802.693, 99
Trd, 4318802.993, 99
Trd, 4318805.543, 99
Trd, 4318805.893, 100
Trd, 4318805.943, 98
Trd, 4318806.593, 104
Trd, 4318808.293, 94
Trd, 4318809.793, 100
Trd, 4318810.093, 99
Trd, 4318814.743, 99
Trd, 4318815.643, 99
Trd, 4318816.393, 98
Trd, 4318818.243, 98
Trd, 4318819.243, 97
Trd, 4318821.393, 97
Trd, 4318822.643, 97
Trd, 4318823.543, 97
Trd, 4318824.593, 98
Trd, 4318825.243, 96
Trd, 4318827.243, 97
Trd, 4318828.143, 97
Trd, 4318828.443, 96
Trd, 4318830.393, 104
Trd, 4318831.343, 99
Trd, 4318832.443, 101
Trd, 4318833.443, 102
Trd, 4318834.843, 100
Trd, 4318837.543, 101
Trd, 4318838.443, 100
Trd, 4318839.193, 100
Trd, 4318842.493, 99
Trd, 4318843.093, 98
Trd, 4318843.443, 86
Trd, 4318846.543, 97
Trd, 4318846.693, 98
Trd, 4318846.743, 97
Trd, 4318850.393, 95
Trd, 4318851.043, 97
Trd, 4318851.993, 98
Trd, 4318852.943, 98
Trd, 4318854.843, 105
Trd, 4318856.243, 104
Trd, 4318856.893, 104
Trd, 4318857.743, 103
Trd, 4318860.443, 94
Trd, 4318860.793, 99
Trd, 4318861.893, 97
Trd, 4318862.193, 99
Trd, 4318863.543, 100
Trd, 4318865.593, 100
Trd, 4318867.843, 97
Trd, 4318868.943, 86
Trd, 4318869.893, 98
Trd, 4318870.743, 95
Trd, 4318871.593, 96
Trd, 4318873.193, 95
Trd, 4318873.993, 95
Trd, 4318874.693, 96
Trd, 4318875.493, 97
Trd, 4318875.643, 96
Trd, 4318875.843, 104
Trd, 4318876.493, 96
Trd, 4318879.243, 98
Trd, 4318879.943, 95
Trd, 4318883.243, 97
Trd, 4318885.993, 97
Trd, 4318886.843, 98
Trd, 4318887.643, 98
Trd, 4318888.893, 96
Trd, 4318889.943, 96
Trd, 4318891.793, 97
Trd, 4318891.993, 99
Trd, 4318892.693, 98
Trd, 4318893.093, 97
Trd, 4318893.493, 99
Trd, 4318896.693, 96
Trd, 4318898.493, 96
Trd, 4318898.893, 96
Trd, 4318900.143, 95
Trd, 4318900.493, 96
Trd, 4318902.843, 95
Trd, 4318903.443, 95
Trd, 4318905.843, 95
Trd, 4318906.393, 94
Trd, 4318907.943, 95
Trd, 4318908.943, 93
Trd, 4318909.543, 95
Trd, 4318910.643, 95
Trd, 4318912.443, 94
Trd, 4318913.193, 94
Trd, 4318916.943, 94
Trd, 4318918.093, 94
Trd, 4318918.743, 94
Trd, 4318920.343, 94
Trd, 4318921.393, 94
Trd, 4318924.693, 95
Trd, 4318925.993, 96
Trd, 4318926.443, 93
Trd, 4318928.893, 94
Trd, 4318929.193, 93
Trd, 4318929.793, 93
Trd, 4318930.693, 93
Trd, 4318930.843, 92
Trd, 4318932.443, 93
Trd, 4318932.793, 93
Trd, 4318936.543, 92
Trd, 4318939.193, 92
Trd, 4318939.993, 94
Trd, 4318941.693, 95
Trd, 4318943.593, 94
Trd, 4318943.693, 92
Trd, 4318944.443, 95
Trd, 4318945.143, 95
Trd, 4318946.093, 94
Trd, 4318947.243, 94
Trd, 4318947.693, 96
Trd, 4318948.643, 97
Trd, 4318951.693, 96
Trd, 4318952.843, 97
Trd, 4318953.943, 97
Trd, 4318956.143, 96
Trd, 4318957.493, 97
Trd, 4318958.743, 96
Trd, 4318960.793, 97
Trd, 4318962.843, 97
Trd, 4318963.893, 97
Trd, 4318964.893, 94
Trd, 4318968.943, 97
Trd, 4318969.793, 96
Trd, 4318973.193, 97
Trd, 4318973.493, 97
Trd, 4318974.243, 97
Trd, 4318975.093, 96
Trd, 4318976.743, 96
Trd, 4318977.243, 96
Trd, 4318978.443, 96
Trd, 4318979.093, 96
Trd, 4318979.993, 94
Trd, 4318981.793, 97
Trd, 4318982.743, 95
Trd, 4318982.893, 96
Trd, 4318984.893, 95
Trd, 4318987.593, 94
Trd, 4318989.243, 95
Trd, 4318989.443, 95
Trd, 4318991.993, 95
Trd, 4318993.243, 93
Trd, 4318994.043, 94
Trd, 4318994.193, 94
Trd, 4318998.443, 94
Trd, 4318999.143, 95
Trd, 4318999.293, 93
Trd, 4319003.293, 92
Trd, 4319006.043, 94
Trd, 4319006.093, 94
Trd, 4319006.443, 93
Trd, 4319008.643, 94
Trd, 4319010.093, 91
Trd, 4319010.543, 94
Trd, 4319012.543, 94
Trd, 4319012.593, 95
Trd, 4319014.493, 95
Trd, 4319016.393, 94
Trd, 4319017.243, 95
Trd, 4319017.993, 95
Trd, 4319019.793, 95
Trd, 4319021.393, 95
Trd, 4319022.093, 95
Trd, 4319022.143, 93
Trd, 4319023.593, 92
Trd, 4319027.043, 95
Trd, 4319027.793, 95
Trd, 4319028.043, 94
Trd, 4319029.343, 95
Trd, 4319033.043, 95
Trd, 4319033.093, 94
Trd, 4319033.443, 94
Trd, 4319034.243, 95
Trd, 4319035.443, 95
Trd, 4319036.743, 95
Trd, 4319037.143, 96
Trd, 4319037.293, 85
Trd, 4319037.943, 96
Trd, 4319040.543, 96
Trd, 4319042.593, 95
Trd, 4319046.793, 96
Trd, 4319047.393, 96
Trd, 4319048.293, 96
Trd, 4319048.893, 95
Trd, 4319049.043, 94
Trd, 4319051.543, 96
Trd, 4319053.143, 96
Trd, 4319054.793, 96
Trd, 4319055.643, 96
Trd, 4319055.843, 95
Trd, 4319058.043, 98
Trd, 4319058.293, 99
Trd, 4319059.343, 98
Trd, 4319059.643, 94
Trd, 4319059.843, 100
Trd, 4319063.543, 100
Trd, 4319064.943, 99
Trd, 4319066.743, 98
Trd, 4319067.843, 99
Trd, 4319068.793, 99
Trd, 4319070.093, 99
Trd, 4319071.193, 100
Trd, 4319071.993, 99
Trd, 4319073.693, 99
Trd, 4319074.143, 100
Trd, 4319077.543, 99
Trd, 4319078.043, 99
Trd, 4319078.543, 98
Trd, 4319082.143, 100
Trd, 4319083.543, 99
Trd, 4319083.743, 100
Trd, 4319084.243, 100
Trd, 4319086.043, 100
Trd, 4319088.443, 100
Trd, 4319088.543, 100
Trd, 4319089.543, 100
Trd, 4319091.443, 99
Trd, 4319092.293, 100
Trd, 4319094.793, 100
Trd, 4319096.593, 99
Trd, 4319096.693, 97
Trd, 4319096.843, 99
Trd, 4319099.393, 99
Trd, 4319101.043, 99
Trd, 4319101.393, 100
Trd, 4319102.043, 98
Trd, 4319104.793, 100
Trd, 4319107.343, 100
Trd, 4319108.393, 99
Trd, 4319109.943, 100
Trd, 4319110.793, 100
Trd, 4319115.243, 99
Trd, 4319117.643, 99
Trd, 4319118.143, 98
Trd, 4319118.243, 98
Trd, 4319118.393, 99
Trd, 4319119.193, 100
Trd, 4319119.293, 96
Trd, 4319123.643, 99
Trd, 4319124.543, 99
Trd, 4319124.743, 98
Trd, 4319125.943, 98
Trd, 4319126.243, 97
Trd, 4319128.593, 98
Trd, 4319129.793, 98
Trd, 4319130.593, 104
Trd, 4319132.443, 98
Trd, 4319133.643, 99
Trd, 4319136.243, 101
Trd, 4319138.093, 99
Trd, 4319138.593, 97
Trd, 4319139.443, 97
Trd, 4319139.493, 98
Trd, 4319141.043, 99
Trd, 4319141.893, 98
Trd, 4319142.593, 94
Trd, 4319146.093, 98
Trd, 4319146.843, 99
Trd, 4319147.243, 104
Trd, 4319147.943, 98
Trd, 4319151.043, 100
Trd, 4319151.793, 99
Trd, 4319154.643, 99
Trd, 4319154.693, 98
Trd, 4319156.243, 98
Trd, 4319160.243, 99
Trd, 4319160.293, 96
Trd, 4319161.243, 99
Trd, 4319161.743, 99
Trd, 4319163.743, 98
Trd, 4319163.993, 99
Trd, 4319167.343, 98
Trd, 4319167.993, 99
Trd, 4319168.093, 98
Trd, 4319169.743, 99
Trd, 4319170.843, 100
Trd, 4319172.993, 99
Trd, 4319173.893, 100
Trd, 4319174.043, 104
Trd, 4319175.443, 99
Trd, 4319177.843, 99
Trd, 4319177.943, 100
Trd, 4319179.093, 100
Trd, 4319180.593, 101
Trd, 4319180.993, 101
Trd, 4319182.643, 100
Trd, 4319183.493, 100
Trd, 4319184.893, 76
Trd, 4319188.143, 100
Trd, 4319188.343, 90
Trd, 4319192.843, 97
Trd, 4319192.943, 94
Trd, 4319195.093, 96
Trd, 4319196.393, 96
Trd, 4319198.143, 95
Trd, 4319198.343, 104
Trd, 4319200.043, 97
Trd, 4319201.393, 95
Trd, 4319202.793, 98
Trd, 4319203.593, 97
Trd, 4319203.993, 99
Trd, 4319204.343, 97
Trd, 4319208.093, 96
Trd, 4319209.693, 97
Trd, 4319210.293, 96
Trd, 4319211.393, 97
Trd, 4319211.993, 97
Trd, 4319212.393, 97
Trd, 4319213.793, 95
Trd, 4319215.143, 97
Trd, 4319215.743, 97
Trd, 4319217.193, 99
Trd, 4319219.443, 94
Trd, 4319221.593, 98
Trd, 4319222.193, 98
Trd, 4319226.543, 98
Trd, 4319227.643, 98
Trd, 4319228.343, 98
Trd, 4319228.643, 98
Trd, 4319228.693, 94
Trd, 4319230.893, 98
Trd, 4319233.593, 98
Trd, 4319234.393, 97
Trd, 4319235.743, 97
Trd, 4319237.843, 97
Trd, 4319238.393, 96
Trd, 4319239.143, 95
Trd, 4319239.843, 88
Trd, 4319240.093, 88
Trd, 4319241.793, 88
Trd, 4319242.393, 87
Trd, 4319243.543, 91
Trd, 4319244.293, 89
Trd, 4319244.543, 98
Trd, 4319246.443, 91
Trd, 4319246.643, 99
Trd, 4319249.493, 93
Trd, 4319250.143, 93
Trd, 4319253.843, 95
Trd, 4319254.643, 93
Trd, 4319255.993, 94
Trd, 4319256.593, 96
Trd, 4319258.493, 96
Trd, 4319260.643, 97
Trd, 4319260.793, 98
Trd, 4319260.993, 96
Trd, 4319261.293, 104
Trd, 4319263.293, 97
Trd, 4319265.193, 98
Trd, 4319267.193, 97
Trd, 4319267.443, 98
Trd, 4319268.893, 97
Trd, 4319271.943, 97
Trd, 4319272.743, 96
Trd, 4319276.293, 97
Trd, 4319278.143, 97
Trd, 4319279.193, 96
Trd, 4319279.893, 96
Trd, 4319281.643, 95
Trd, 4319281.993, 96
Trd, 4319284.893, 96
Trd, 4319285.543, 95
Trd, 4319290.543, 96
Trd, 4319291.643, 96
Trd, 4319292.493, 94
Trd, 4319294.843, 96
Trd, 4319295.293, 96
Trd, 4319295.443, 94
Trd, 4319296.393, 96
Trd, 4319299.093, 95
Trd, 4319301.993, 95
Trd, 4319303.243, 94
Trd, 4319304.093, 93
Trd, 4319304.893, 94
Trd, 4319305.543, 94
Trd, 4319308.393, 95
Trd, 4319308.643, 95
Trd, 4319308.943, 93
Trd, 4319309.593, 85
Trd, 4319314.943, 93
Trd, 4319317.343, 94
Trd, 4319317.543, 95
Trd, 4319317.943, 95
Trd, 4319318.343, 95
Trd, 4319320.643, 95
Trd, 4319321.293, 95
Trd, 4319321.393, 95
Trd, 4319323.293, 95
Trd, 4319324.693, 98
Trd, 4319325.293, 97
Trd, 4319327.043, 97
Trd, 4319329.643, 99
Trd, 4319330.143, 98
Trd, 4319332.593, 99
Trd, 4319334.043, 98
Trd, 4319335.043, 98
Trd, 4319337.293, 98
Trd, 4319337.943, 97
Trd, 4319338.943, 98
Trd, 4319340.143, 99
Trd, 4319340.643, 98
Trd, 4319340.993, 95
Trd, 4319346.993, 99
Trd, 4319347.293, 97
Trd, 4319348.593, 98
Trd, 4319348.793, 98
Trd, 4319349.893, 98
Trd, 4319350.593, 98
Trd, 4319350.843, 104
Trd, 4319352.993, 95
Trd, 4319356.793, 100
Trd, 4319356.843, 98
Trd, 4319358.693, 97
Trd, 4319359.693, 99
Trd, 4319360.343, 99
Trd, 4319361.943, 99
Trd, 4319362.343, 98
Trd, 4319363.943, 98
Trd, 4319365.593, 99
Trd, 4319367.643, 98
Trd, 4319368.193, 98
Trd, 4319368.693, 98
Trd, 4319369.093, 99
Trd, 4319371.793, 94
Trd, 4319372.243, 92
Trd, 4319375.093, 97
Trd, 4319376.993, 97
Trd, 4319377.143, 96
Trd, 4319377.193, 94
Trd, 4319381.093, 96
Trd, 4319381.343, 97
Trd, 4319382.143, 97
Trd, 4319383.243, 97
Trd, 4319385.943, 96
Trd, 4319386.643, 97
Trd, 4319387.243, 95
Trd, 4319388.593, 97
Trd, 4319393.093, 97
Trd, 4319394.693, 97
Trd, 4319394.843, 95
Trd, 4319396.843, 96
Trd, 4319397.393, 96
Trd, 4319400.443, 96
Trd, 4319400.743, 96
Trd, 4319401.493, 97
Trd, 4319402.793, 96
Trd, 4319403.593, 94
Trd, 4319405.243, 96
Trd, 4319406.593, 93
Trd, 4319407.893, 96
Trd, 4319408.193, 96
Trd, 4319413.443, 95
Trd, 4319416.393, 95
Trd, 4319416.543, 95
Trd, 4319417.093, 94
Trd, 4319417.943, 96
Trd, 4319421.993, 94
Trd, 4319422.143, 96
Trd, 4319423.743, 96
Trd, 4319423.793, 96
Trd, 4319425.743, 94
Trd, 4319427.993, 96
Trd, 4319429.493, 96
Trd, 4319429.643, 96
Trd, 4319430.293, 96
Trd, 4319431.143, 96
Trd, 4319432.143, 96
Trd, 4319433.793, 95
Trd, 4319436.393, 96
Trd, 4319437.743, 95
Trd, 4319438.043, 94
Trd, 4319439.393, 96
Trd, 4319441.593, 95
Trd, 4319443.043, 97
Trd, 4319443.993, 99
Trd, 4319444.243, 99
Trd, 4319444.293, 98
Trd, 4319445.443, 93
Trd, 4319446.793, 94
Trd, 4319448.243, 94
Trd, 4319450.243, 96
Trd, 4319451.143, 96
Trd, 4319452.593, 104
Trd, 4319452.743, 95
Trd, 4319454.393, 102
Trd, 4319454.843, 100
Trd, 4319456.093, 101
Trd, 4319457.043, 100
Trd, 4319458.243, 99
Trd, 4319460.893, 98
Trd, 4319462.393, 98
Trd, 4319462.443, 98
Trd, 4319462.893, 97
Trd, 4319463.693, 98
Trd, 4319466.693, 98
Trd, 4319468.643, 98
Trd, 4319471.243, 97
Trd, 4319472.393, 98
Trd, 4319473.293, 98
Trd, 4319474.893, 98
Trd, 4319475.693, 97
Trd, 4319478.393, 98
Trd, 4319478.743, 98
Trd, 4319480.743, 97
Trd, 4319481.393, 99
Trd, 4319482.393, 99
Trd, 4319484.493, 99
Trd, 4319484.893, 99
Trd, 4319486.393, 99
Trd, 4319488.693, 99
Trd, 4319490.693, 99
Trd, 4319493.693, 99
Trd, 4319493.993, 99
Trd, 4319494.093, 99
Trd, 4319494.193, 98
Trd, 4319498.193, 98
Trd, 4319500.043, 97
Trd, 4319500.743, 98
Trd, 4319503.043, 95
Trd, 4319503.093, 96
Trd, 4319503.843, 96
Trd, 4319504.543, 97
Trd, 4319508.943, 97
Trd, 4319509.693, 97
Trd, 4319510.993, 97
Trd, 4319512.543, 98
Trd, 4319513.093, 99
Trd, 4319513.543, 98
Trd, 4319515.193, 97
Trd, 4319517.593, 97
Trd, 4319518.643, 98
Trd, 4319519.043, 99
Trd, 4319520.743, 99
Trd, 4319521.093, 97
Trd, 4319523.693, 99
Trd, 4319524.143, 99
Trd, 4319525.293, 97
Trd, 4319526.643, 99
Trd, 4319526.893, 96
Trd, 4319528.293, 98
Trd, 4319529.443, 97
Trd, 4319531.593, 97
Trd, 4319532.543, 96
Trd, 4319535.343, 97
Trd, 4319535.543, 96
Trd, 4319537.093, 95
Trd, 4319537.943, 99
Trd, 4319538.643, 99
Trd, 4319538.943, 98
Trd, 4319541.443, 104
Trd, 4319541.693, 104
Trd, 4319542.843, 101
Trd, 4319543.543, 104
Trd, 4319545.393, 99
Trd, 4319546.243, 100
Trd, 4319546.893, 100
Trd, 4319547.143, 95
Trd, 4319550.593, 100
Trd, 4319553.493, 100
Trd, 4319554.393, 100
Trd, 4319554.793, 96
Trd, 4319555.343, 100
Trd, 4319559.143, 96
Trd, 4319561.493, 100
Trd, 4319562.243, 100
Trd, 4319562.743, 100
Trd, 4319562.943, 100
Trd, 4319564.043, 99
Trd, 4319566.943, 100
Trd, 4319567.993, 100
Trd, 4319568.143, 100
Trd, 4319568.693, 101
Trd, 4319570.043, 99
Trd, 4319572.343, 101
Trd, 4319573.043, 99
Trd, 4319573.543, 98
Trd, 4319574.343, 100
Trd, 4319578.343, 100
Trd, 4319579.843, 99
Trd, 4319580.393, 99
Trd, 4319582.793, 99
Trd, 4319583.043, 98
Trd, 4319584.393, 98
Trd, 4319584.893, 97
Trd, 4319587.743, 98
Trd, 4319589.693, 98
Trd, 4319589.893, 96
Trd, 4319590.293, 97
Trd, 4319593.093, 98
Trd, 4319593.293, 95
Trd, 4319597.293, 97
Trd, 4319598.993, 97
Trd, 4319599.893, 95
Trd, 4319601.393, 94
Trd, 4319602.493, 97
Trd, 4319602.843, 97
Trd, 4319604.993, 94
Trd, 4319607.843, 97
Trd, 4319608.193, 97
Trd, 4319608.593, 97
Trd, 4319610.743, 97
Trd, 4319611.543, 96
Trd, 4319611.793, 94
Trd, 4319612.043, 97
Trd, 4319614.843, 94
Trd, 4319615.093, 97
Trd, 4319615.693, 96
Trd, 4319616.643, 98
Trd, 4319617.443, 97
Trd, 4319617.993, 98
Trd, 4319620.443, 104
Trd, 4319622.593, 102
Trd, 4319623.193, 101
Trd, 4319624.643, 105
Trd, 4319625.293, 105
Trd, 4319626.743, 106
Trd, 4319627.343, 105
Trd, 4319627.443, 105
Trd, 4319628.893, 106
Trd, 4319630.043, 104
Trd, 4319631.393, 103
Trd, 4319633.143, 104
Trd, 4319633.943, 104
Trd, 4319634.843, 105
Trd, 4319635.343, 105
Trd, 4319635.393, 104
Trd, 4319636.793, 103
Trd, 4319637.393, 104
Trd, 4319639.493, 100
Trd, 4319639.993, 101
Trd, 4319640.193, 100
Trd, 4319642.393, 99
Trd, 4319644.093, 99
Trd, 4319645.693, 99
Trd, 4319647.293, 98
Trd, 4319648.243, 99
Trd, 4319650.043, 98
Trd, 4319651.493, 98
Trd, 4319653.243, 97
Trd, 4319655.293, 98
Trd, 4319655.343, 97
Trd, 4319656.393, 94
Trd, 4319657.543, 97
Trd, 4319659.793, 97
Trd, 4319660.043, 94
Trd, 4319662.993, 97
Trd, 4319664.293, 97
Trd, 4319664.793, 98
Trd, 4319665.593, 98
Trd, 4319666.843, 98
Trd, 4319669.593, 98
Trd, 4319669.943, 98
Trd, 4319670.543, 97
Trd, 4319673.643, 99
Trd, 4319674.893, 95
Trd, 4319675.343, 94
Trd, 4319676.893, 94
Trd, 4319677.593, 94
Trd, 4319678.793, 95
Trd, 4319680.743, 95
Trd, 4319681.493, 94
Trd, 4319684.693, 95
Trd, 4319684.893, 94
Trd, 4319687.493, 94
Trd, 4319687.993, 95
Trd, 4319688.043, 95
Trd, 4319688.543, 95
Trd, 4319690.293, 94
Trd, 4319690.393, 95
Trd, 4319693.293, 97
Trd, 4319694.493, 99
Trd, 4319694.543, 93
Trd, 4319696.893, 98
Trd, 4319696.993, 97
Trd, 4319698.493, 97
Trd, 4319699.743, 103
Trd, 4319700.143, 97
Trd, 4319701.293, 97
Trd, 4319701.843, 98
Trd, 4319703.893, 104
Trd, 4319704.243, 101
Trd, 4319706.243, 99
Trd, 4319707.443, 100
Trd, 4319707.743, 99
Trd, 4319709.643, 104
Trd, 4319709.943, 104
Trd, 4319710.093, 103
Trd, 4319710.693, 104
Trd, 4319712.643, 113
Trd, 4319712.793, 112
Trd, 4319714.343, 112
Trd, 4319715.443, 111
Trd, 4319715.743, 111
Trd, 4319716.443, 107
Trd, 4319719.793, 102
Trd, 4319720.693, 102
Trd, 4319721.493, 104
Trd, 4319722.893, 104
Trd, 4319725.043, 101
Trd, 4319725.693, 102
Trd, 4319726.293, 102
Trd, 4319729.293, 101
Trd, 4319729.393, 101
Trd, 4319730.543, 102
Trd, 4319732.593, 101
Trd, 4319733.443, 102
Trd, 4319733.943, 100
Trd, 4319734.393, 101
Trd, 4319737.843, 104
Trd, 4319739.143, 105
Trd, 4319739.943, 106
Trd, 4319740.993, 107
Trd, 4319741.493, 106
Trd, 4319742.993, 104
Trd, 4319743.943, 104
Trd, 4319744.643, 105
Trd, 4319745.393, 105
Trd, 4319746.443, 105
Trd, 4319749.943, 104
Trd, 4319751.693, 105
Trd, 4319752.043, 104
Trd, 4319752.343, 103
Trd, 4319753.043, 104
Trd, 4319754.443, 103
Trd, 4319754.893, 103
Trd, 4319758.493, 103
Trd, 4319759.193, 103
Trd, 4319760.143, 103
Trd, 4319760.493, 103
Trd, 4319762.243, 102
Trd, 4319765.743, 103
Trd, 4319765.893, 103
Trd, 4319766.293, 101
Trd, 4319769.343, 102
Trd, 4319769.693, 101
Trd, 4319769.843, 100
Trd, 4319772.293, 101
Trd, 4319773.793, 102
Trd, 4319774.143, 102
Trd, 4319780.193, 102
Trd, 4319780.443, 102
Trd, 4319781.143, 103
Trd, 4319782.043, 102
Trd, 4319783.393, 102
Trd, 4319783.793, 103
Trd, 4319785.593, 102
Trd, 4319785.943, 101
Trd, 4319789.093, 102
Trd, 4319791.243, 102
Trd, 4319791.493, 101
Trd, 4319791.993, 102
Trd, 4319794.743, 101
Trd, 4319795.593, 101
Trd, 4319797.893, 101
Trd, 4319800.093, 100
Trd, 4319800.943, 100
Trd, 4319803.843, 100
Trd, 4319804.843, 100
Trd, 4319805.693, 99
Trd, 4319806.443, 100
Trd, 4319808.143, 100
Trd, 4319809.493, 100
Trd, 4319810.093, 99
Trd, 4319812.243, 99
Trd, 4319813.493, 98
Trd, 4319813.793, 94
Trd, 4319816.743, 98
Trd, 4319818.493, 97
Trd, 4319820.443, 98
Trd, 4319820.743, 98
Trd, 4319822.593, 98
Trd, 4319825.743, 98
Trd, 4319826.043, 98
Trd, 4319826.793, 98
Trd, 4319828.993, 102
Trd, 4319829.543, 101
Trd, 4319831.643, 95
Trd, 4319832.493, 96
Trd, 4319833.943, 96
Trd, 4319835.393, 96
Trd, 4319836.693, 97
Trd, 4319837.493, 97
Trd, 4319838.143, 96
Trd, 4319838.843, 97
Trd, 4319838.993, 94
Trd, 4319839.893, 94
Trd, 4319843.143, 96
Trd, 4319843.243, 96
Trd, 4319844.493, 96
Trd, 4319845.543, 96
Trd, 4319847.343, 104
Trd, 4319849.493, 99
Trd, 4319849.793, 100
Trd, 4319851.143, 100
Trd, 4319851.643, 101
Trd, 4319852.443, 101
Trd, 4319852.693, 102
Trd, 4319854.243, 100
Trd, 4319855.293, 98
Trd, 4319858.193, 102
Trd, 4319858.593, 102
Trd, 4319860.043, 101
Trd, 4319861.293, 99
Trd, 4319863.693, 100
Trd, 4319864.943, 99
Trd, 4319867.543, 100
Trd, 4319868.093, 99
Trd, 4319869.193, 99
Trd, 4319870.543, 103
Trd, 4319871.293, 104
Trd, 4319872.193, 104
Trd, 4319873.343, 104
Trd, 4319874.243, 104
Trd, 4319875.643, 105
Trd, 4319875.743, 104
Trd, 4319880.793, 105
Trd, 4319881.243, 104
Trd, 4319882.243, 103
Trd, 4319882.393, 103
Trd, 4319883.193, 102
Trd, 4319883.943, 95
Trd, 4319886.593, 102
Trd, 4319889.143, 102
Trd, 4319889.243, 102
Trd, 4319892.443, 100
Trd, 4319893.343, 101
Trd, 4319894.543, 101
Trd, 4319895.093, 100
Trd, 4319895.543, 98
Trd, 4319896.443, 99
Trd, 4319898.993, 99
Trd, 4319901.193, 85
Trd, 4319903.343, 98
Trd, 4319903.793, 97
Trd, 4319904.043, 95
Trd, 4319904.943, 93
Trd, 4319908.043, 95
Trd, 4319908.443, 96
Trd, 4319909.393, 96
Trd, 4319910.393, 100
Trd, 4319911.343, 101
Trd, 4319912.143, 94
Trd, 4319912.893, 104
Trd, 4319913.993, 104
Trd, 4319915.193, 104
Trd, 4319917.343, 104
Trd, 4319917.543, 103
Trd, 4319918.043, 103
Trd, 4319918.843, 102
Trd, 4319921.443, 103
Trd, 4319921.843, 102
Trd, 4319922.193, 103
Trd, 4319922.543, 102
Trd, 4319925.443, 102
Trd, 4319925.843, 102
Trd, 4319926.343, 101
Trd, 4319927.843, 102
Trd, 4319928.693, 102
Trd, 4319931.293, 103
Trd, 4319932.543, 109
Trd, 4319933.593, 113
Trd, 4319933.993, 111
Trd, 4319935.293, 107
Trd, 4319937.243, 105
Trd, 4319937.543, 94
Trd, 4319939.493, 105
Trd, 4319943.993, 93
Trd, 4319944.893, 102
Trd, 4319945.293, 98
Trd, 4319947.093, 98
Trd, 4319948.943, 98
Trd, 4319948.993, 97
Trd, 4319950.243, 98
Trd, 4319950.743, 98
Trd, 4319951.943, 98
Trd, 4319953.543, 97
Trd, 4319955.693, 98
Trd, 4319956.093, 85
Trd, 4319957.793, 94
Trd, 4319958.943, 96
Trd, 4319958.993, 104
Trd, 4319961.743, 96
Trd, 4319963.843, 95
Trd, 4319965.443, 95
Trd, 4319965.793, 94
Trd, 4319965.843, 94
Trd, 4319966.493, 95
Trd, 4319968.243, 95
Trd, 4319969.143, 94
Trd, 4319971.093, 95
Trd, 4319972.543, 96
Trd, 4319972.943, 94
Trd, 4319973.143, 96
Trd, 4319979.343, 96
Trd, 4319980.443, 96
Trd, 4319980.493, 96
Trd, 4319980.543, 95
Trd, 4319982.143, 96
Trd, 4319983.193, 96
Trd, 4319985.893, 95
Trd, 4319985.943, 96
Trd, 4319989.693, 96
Trd, 4319989.743, 96
Trd, 4319990.743, 94
Trd, 4319991.143, 96
Trd, 4319992.343, 97
Trd, 4319993.243, 96
Trd, 4319994.893, 97
Trd, 4319995.493, 95
Trd, 4319996.093, 104
Trd, 4319996.993, 94
Trd, 4319999.443, 98
