Trd, 4317894.543, 99
Trd, 4317894.843, 96
Trd, 4317895.093, 95
Trd, 4317895.143, 104
Trd, 4317897.293, 98
Trd, 4317898.243, 102
Trd, 4317898.393, 97
Trd, 4317901.243, 96
Trd, 4317902.643, 97
Trd, 4317904.493, 99
Trd, 4317906.493, 100
Trd, 4317907.693, 100
Trd, 4317908.893, 99
Trd, 4317910.493, 98
Trd, 4317910.693, 97
Trd, 4317912.543, 96
Trd, 4317913.893, 98
Trd, 4317914.243, 98
Trd, 4317914.393, 95
Trd, 4317915.143, 86
Trd, 4317917.793, 98
Trd, 4317919.993, 98
Trd, 4317921.243, 100
Trd, 4317921.443, 99
Trd, 4317921.493, 103
Trd, 4317922.243, 100
Trd, 4317924.543, 95
Trd, 4317924.743, 94
Trd, 4317925.843, 99
Trd, 4317928.043, 103
Trd, 4317929.943, 99
Trd, 4317931.643, 103
Trd, 4317933.193, 104
Trd, 4317933.443, 104
Trd, 4317934.043, 103
Trd, 4317934.843, 103
Trd, 4317935.443, 96
Trd, 4317937.243, 112
Trd, 4317938.843, 94
Trd, 4317939.393, 98
Trd, 4317943.393, 102
Trd, 4317943.543, 104
Trd, 4317944.543, 101
Trd, 4317946.793, 100
Trd, 4317946.893, 94
Trd, 4317949.593, 100
Trd, 4317950.743, 113
Trd, 4317951.643, 102
Trd, 4317953.343, 104
Trd, 4317953.393, 101
Trd, 4317954.343, 103
Trd, 4317956.143, 105
Trd, 4317956.743, 101
Trd, 4317957.643, 95
Trd, 4317960.293, 98
Trd, 4317960.593, 94
Trd, 4317961.293, 96
Trd, 4317961.593, 96
Trd, 4317962.243, 85
Trd, 4317964.643, 96
Trd, 4317964.893, 103
Trd, 4317965.693, 92
Trd, 4317966.343, 85
Trd, 4317968.193, 94
Trd, 4317969.693, 96
Trd, 4317970.193, 99
Trd, 4317972.593, 98
Trd, 4317974.093, 98
Trd, 4317974.643, 113
Trd, 4317975.293, 95
Trd, 4317977.843, 95
Trd, 4317979.093, 94
Trd, 4317980.343, 94
Trd, 4317980.943, 97
Trd, 4317981.193, 98
Trd, 4317982.043, 99
Trd, 4317984.093, 98
Trd, 4317984.143, 98
Trd, 4317987.643, 98
Trd, 4317988.293, 103
Trd, 4317988.493, 97
Trd, 4317990.793, 95
Trd, 4317992.643, 99
Trd, 4317995.343, 100
Trd, 4317996.393, 110
Trd, 4317996.643, 100
Trd, 4317997.643, 99
Trd, 4317998.643, 100
Trd, 4318000.493, 104
Trd, 4318001.193, 122
Trd, 4318002.893, 101
Trd, 4318004.243, 94
Trd, 4318005.943, 96
Trd, 4318007.093, 103
Trd, 4318009.193, 99
Trd, 4318010.443, 98
Trd, 4318011.443, 99
Trd, 4318012.343, 101
Trd, 4318014.793, 101
Trd, 4318015.843, 101
Trd, 4318016.743, 100
Trd, 4318017.843, 100
Trd, 4318018.793, 100
Trd, 4318019.243, 99
Trd, 4318019.843, 94
Trd, 4318021.243, 97
Trd, 4318023.493, 93
Trd, 4318023.593, 95
Trd, 4318024.893, 94
Trd, 4318026.743, 95
Trd, 4318027.243, 91
Trd, 4318027.543, 84
Trd, 4318028.043, 105
Trd, 4318031.043, 97
Trd, 4318031.643, 96
Trd, 4318032.393, 104
Trd, 4318033.993, 95
Trd, 4318035.293, 95
Trd, 4318035.743, 97
Trd, 4318036.743, 94
Trd, 4318036.993, 94
Trd, 4318037.943, 86
Trd, 4318040.093, 95
Trd, 4318041.243, 98
Trd, 4318042.143, 98
Trd, 4318042.343, 93
Trd, 4318045.093, 96
Trd, 4318045.593, 96
Trd, 4318047.043, 97
Trd, 4318047.343, 95
Trd, 4318048.593, 94
Trd, 4318049.193, 94
Trd, 4318051.693, 105
Trd, 4318053.493, 97
Trd, 4318053.843, 98
Trd, 4318054.693, 98
Trd, 4318054.793, 100
Trd, 4318055.543, 97
Trd, 4318056.943, 96
Trd, 4318058.943, 94
Trd, 4318059.993, 96
Trd, 4318060.493, 94
Trd, 4318061.893, 95
Trd, 4318062.093, 95
Trd, 4318063.543, 93
Trd, 4318065.693, 93
Trd, 4318066.843, 95
Trd, 4318067.493, 95
Trd, 4318068.593, 95
Trd, 4318069.893, 97
Trd, 4318072.893, 96
Trd, 4318072.993, 97
Trd, 4318073.593, 96
Trd, 4318073.743, 106
Trd, 4318075.993, 100
Trd, 4318076.493, 100
Trd, 4318078.493, 103
Trd, 4318078.943, 99
Trd, 4318079.993, 94
Trd, 4318082.243, 101
Trd, 4318083.143, 103
Trd, 4318083.343, 101
Trd, 4318084.693, 100
Trd, 4318086.893, 101
Trd, 4318087.393, 102
Trd, 4318088.493, 100
Trd, 4318090.493, 99
Trd, 4318093.793, 100
Trd, 4318094.993, 98
Trd, 4318095.093, 98
Trd, 4318095.193, 94
Trd, 4318095.293, 104
Trd, 4318096.643, 99
Trd, 4318097.293, 99
Trd, 4318097.693, 111
Trd, 4318100.043, 104
Trd, 4318101.443, 106
Trd, 4318101.743, 104
Trd, 4318103.493, 103
Trd, 4318104.643, 103
Trd, 4318106.193, 103
Trd, 4318107.293, 102
Trd, 4318108.843, 101
Trd, 4318109.243, 99
Trd, 4318110.493, 100
Trd, 4318111.093, 100
Trd, 4318112.343, 99
Trd, 4318113.943, 94
Trd, 4318115.143, 98
Trd, 4318117.343, 98
Trd, 4318117.543, 99
Trd, 4318121.693, 100
Trd, 4318122.193, 103
Trd, 4318123.093, 100
Trd, 4318124.093, 100
Trd, 4318124.843, 97
Trd, 4318127.043, 99
Trd, 4318128.243, 98
Trd, 4318128.593, 97
Trd, 4318129.143, 96
Trd, 4318130.943, 96
Trd, 4318132.393, 97
Trd, 4318132.443, 95
Trd, 4318134.543, 95
Trd, 4318135.243, 95
Trd, 4318136.543, 96
Trd, 4318137.143, 94
Trd, 4318137.243, 97
Trd, 4318141.443, 100
Trd, 4318142.943, 99
Trd, 4318143.143, 98
Trd, 4318144.093, 97
Trd, 4318146.043, 94
Trd, 4318146.493, 66
Trd, 4318146.843, 92
Trd, 4318147.293, 89
Trd, 4318147.643, 104
Trd, 4318148.893, 88
Trd, 4318149.143, 95
Trd, 4318150.643, 87
Trd, 4318153.443, 90
Trd, 4318153.643, 89
Trd, 4318154.793, 95
Trd, 4318156.443, 93
Trd, 4318156.493, 92
Trd, 4318158.393, 92
Trd, 4318158.743, 85
Trd, 4318159.643, 92
Trd, 4318160.093, 103
Trd, 4318161.493, 92
Trd, 4318164.093, 95
Trd, 4318164.693, 92
Trd, 4318166.993, 102
Trd, 4318167.143, 87
Trd, 4318168.593, 90
Trd, 4318169.843, 90
Trd, 4318171.143, 91
Trd, 4318173.393, 94
Trd, 4318174.093, 95
Trd, 4318175.643, 95
Trd, 4318177.193, 97
Trd, 4318178.293, 113
Trd, 4318178.343, 96
Trd, 4318181.093, 98
Trd, 4318181.793, 97
Trd, 4318183.043, 99
Trd, 4318184.693, 99
Trd, 4318187.793, 97
Trd, 4318189.293, 103
Trd, 4318189.443, 100
Trd, 4318190.243, 101
Trd, 4318193.193, 101
Trd, 4318194.243, 101
Trd, 4318195.343, 100
Trd, 4318196.643, 99
Trd, 4318198.043, 100
Trd, 4318199.143, 100
Trd, 4318199.943, 99
Trd, 4318202.343, 102
Trd, 4318204.593, 101
Trd, 4318205.093, 100
Trd, 4318206.543, 100
Trd, 4318207.943, 99
Trd, 4318209.793, 100
Trd, 4318210.293, 101
Trd, 4318213.293, 99
Trd, 4318213.543, 100
Trd, 4318215.293, 101
Trd, 4318217.193, 100
Trd, 4318219.193, 101
Trd, 4318219.443, 102
Trd, 4318221.593, 101
Trd, 4318221.693, 99
Trd, 4318222.543, 88
Trd, 4318223.643, 93
Trd, 4318226.143, 97
Trd, 4318226.843, 101
Trd, 4318227.493, 97
Trd, 4318228.243, 96
Trd, 4318229.143, 95
Trd, 4318229.893, 95
Trd, 4318231.343, 94
Trd, 4318232.843, 95
Trd, 4318234.143, 95
Trd, 4318234.743, 113
Trd, 4318235.693, 95
Trd, 4318237.993, 100
Trd, 4318240.493, 105
Trd, 4318240.643, 104
Trd, 4318240.693, 103
Trd, 4318243.343, 103
Trd, 4318244.093, 103
Trd, 4318244.993, 102
Trd, 4318245.543, 94
Trd, 4318246.993, 103
Trd, 4318248.193, 102
Trd, 4318248.293, 104
Trd, 4318250.343, 104
Trd, 4318251.093, 103
Trd, 4318251.593, 103
Trd, 4318252.043, 95
Trd, 4318253.893, 94
Trd, 4318253.993, 104
Trd, 4318254.593, 85
Trd, 4318258.943, 106
Trd, 4318260.293, 104
Trd, 4318261.443, 104
Trd, 4318261.893, 103
Trd, 4318262.393, 103
Trd, 4318265.893, 97
Trd, 4318266.993, 98
Trd, 4318267.843, 84
Trd, 4318268.493, 97
Trd, 4318269.343, 106
Trd, 4318270.243, 102
Trd, 4318272.743, 105
Trd, 4318273.293, 104
Trd, 4318274.593, 111
Trd, 4318275.843, 103
Trd, 4318279.593, 104
Trd, 4318282.143, 105
Trd, 4318283.393, 104
Trd, 4318284.993, 104
Trd, 4318286.093, 102
Trd, 4318286.693, 102
Trd, 4318286.943, 102
Trd, 4318288.843, 103
Trd, 4318291.743, 100
Trd, 4318292.493, 104
Trd, 4318293.343, 101
Trd, 4318293.393, 100
Trd, 4318293.893, 103
Trd, 4318295.893, 101
Trd, 4318297.043, 101
Trd, 4318298.243, 98
Trd, 4318299.293, 102
Trd, 4318299.643, 100
Trd, 4318300.243, 94
Trd, 4318302.893, 99
Trd, 4318303.893, 89
Trd, 4318306.093, 99
Trd, 4318306.293, 96
Trd, 4318307.043, 95
Trd, 4318307.543, 94
Trd, 4318308.193, 102
Trd, 4318310.743, 96
Trd, 4318311.043, 103
Trd, 4318312.893, 101
Trd, 4318313.293, 101
Trd, 4318314.893, 100
Trd, 4318317.143, 96
Trd, 4318317.493, 96
Trd, 4318318.543, 97
Trd, 4318319.593, 104
Trd, 4318321.393, 100
Trd, 4318322.143, 98
Trd, 4318323.043, 97
Trd, 4318324.393, 85
Trd, 4318326.443, 98
Trd, 4318326.643, 97
Trd, 4318328.643, 98
Trd, 4318329.293, 95
Trd, 4318331.843, 104
Trd, 4318332.443, 101
Trd, 4318333.143, 98
Trd, 4318335.193, 99
Trd, 4318335.843, 99
Trd, 4318336.293, 98
Trd, 4318339.643, 99
Trd, 4318341.393, 99
Trd, 4318341.693, 97
Trd, 4318342.743, 97
Trd, 4318343.343, 96
Trd, 4318344.193, 101
Trd, 4318344.443, 94
Trd, 4318346.543, 94
Trd, 4318349.193, 98
Trd, 4318349.893, 97
Trd, 4318350.093, 95
Trd, 4318350.443, 95
Trd, 4318352.593, 96
Trd, 4318355.093, 105
Trd, 4318356.743, 103
Trd, 4318357.543, 104
Trd, 4318358.893, 103
Trd, 4318358.943, 94
Trd, 4318360.843, 100
Trd, 4318361.893, 104
Trd, 4318362.243, 104
Trd, 4318363.443, 102
Trd, 4318364.943, 94
Trd, 4318366.293, 100
Trd, 4318366.543, 111
Trd, 4318367.643, 103
Trd, 4318368.243, 103
Trd, 4318368.943, 101
Trd, 4318371.393, 104
Trd, 4318372.993, 103
Trd, 4318373.793, 100
Trd, 4318374.143, 94
Trd, 4318374.643, 99
Trd, 4318374.743, 98
Trd, 4318376.343, 95
Trd, 4318376.693, 98
Trd, 4318378.243, 98
Trd, 4318381.743, 101
Trd, 4318381.993, 104
Trd, 4318382.143, 94
Trd, 4318384.293, 101
Trd, 4318384.643, 102
Trd, 4318385.543, 101
Trd, 4318386.693, 102
Trd, 4318386.743, 101
Trd, 4318387.343, 104
Trd, 4318389.543, 101
Trd, 4318390.143, 105
Trd, 4318391.343, 100
Trd, 4318393.693, 102
Trd, 4318394.793, 103
Trd, 4318395.393, 103
Trd, 4318395.693, 94
Trd, 4318396.043, 77
Trd, 4318399.243, 103
Trd, 4318399.593, 113
Trd, 4318400.893, 107
Trd, 4318401.093, 104
Trd, 4318402.493, 103
Trd, 4318402.643, 108
Trd, 4318403.143, 94
Trd, 4318407.493, 107
Trd, 4318407.693, 106
Trd, 4318408.443, 107
Trd, 4318408.993, 104
Trd, 4318409.293, 103
Trd, 4318413.193, 107
Trd, 4318413.443, 104
Trd, 4318415.143, 103
Trd, 4318415.743, 102
Trd, 4318416.693, 108
Trd, 4318419.043, 104
Trd, 4318419.793, 105
Trd, 4318419.943, 106
Trd, 4318420.393, 102
Trd, 4318424.293, 104
Trd, 4318425.043, 102
Trd, 4318426.543, 103
Trd, 4318427.643, 102
Trd, 4318427.743, 104
Trd, 4318429.393, 101
Trd, 4318431.643, 102
Trd, 4318432.743, 102
Trd, 4318432.943, 104
Trd, 4318436.043, 102
Trd, 4318437.493, 100
Trd, 4318439.493, 102
Trd, 4318439.943, 101
Trd, 4318440.493, 98
Trd, 4318441.793, 103
Trd, 4318442.193, 85
Trd, 4318444.743, 98
Trd, 4318445.493, 101
Trd, 4318446.143, 97
Trd, 4318448.143, 99
Trd, 4318448.443, 104
Trd, 4318449.343, 96
Trd, 4318451.193, 99
Trd, 4318453.443, 111
Trd, 4318454.493, 102
Trd, 4318454.643, 103
Trd, 4318455.493, 101
Trd, 4318456.893, 105
Trd, 4318457.993, 101
Trd, 4318460.493, 103
Trd, 4318460.793, 104
Trd, 4318462.043, 102
Trd, 4318464.093, 101
Trd, 4318465.593, 104
Trd, 4318467.443, 102
Trd, 4318469.493, 102
Trd, 4318469.643, 101
Trd, 4318470.143, 94
Trd, 4318470.693, 103
Trd, 4318471.343, 103
Trd, 4318472.993, 87
Trd, 4318475.693, 101
Trd, 4318475.843, 98
Trd, 4318476.193, 97
Trd, 4318477.793, 99
Trd, 4318478.693, 98
Trd, 4318479.293, 95
Trd, 4318481.743, 98
Trd, 4318482.593, 96
Trd, 4318485.093, 95
Trd, 4318485.993, 96
Trd, 4318487.593, 95
Trd, 4318488.343, 94
Trd, 4318488.943, 93
Trd, 4318490.643, 96
Trd, 4318492.693, 104
Trd, 4318493.943, 97
Trd, 4318494.843, 95
Trd, 4318494.993, 96
Trd, 4318495.393, 95
Trd, 4318498.643, 97
Trd, 4318499.343, 103
Trd, 4318499.493, 95
Trd, 4318501.093, 96
Trd, 4318502.693, 95
Trd, 4318504.843, 96
Trd, 4318505.993, 96
Trd, 4318506.443, 98
Trd, 4318509.293, 97
Trd, 4318510.843, 100
Trd, 4318510.993, 97
Trd, 4318511.443, 96
Trd, 4318511.543, 94
Trd, 4318512.593, 85
Trd, 4318515.193, 96
Trd, 4318516.543, 94
Trd, 4318516.743, 94
Trd, 4318518.243, 93
Trd, 4318519.593, 96
Trd, 4318520.543, 93
Trd, 4318521.093, 95
Trd, 4318521.693, 105
Trd, 4318522.193, 93
Trd, 4318523.593, 113
Trd, 4318525.043, 93
Trd, 4318526.093, 90
Trd, 4318530.093, 95
Trd, 4318530.193, 94
Trd, 4318531.843, 95
Trd, 4318533.243, 97
Trd, 4318533.293, 104
Trd, 4318534.393, 94
Trd, 4318535.443, 94
Trd, 4318535.493, 94
Trd, 4318539.943, 96
Trd, 4318540.443, 96
Trd, 4318541.243, 95
Trd, 4318542.743, 94
Trd, 4318542.943, 94
Trd, 4318543.093, 113
Trd, 4318543.743, 93
Trd, 4318543.943, 85
Trd, 4318548.343, 97
Trd, 4318548.643, 97
Trd, 4318549.143, 97
Trd, 4318551.293, 98
Trd, 4318551.743, 100
Trd, 4318552.343, 98
Trd, 4318554.643, 94
Trd, 4318555.693, 97
Trd, 4318556.793, 103
Trd, 4318559.193, 99
Trd, 4318560.443, 99
Trd, 4318560.493, 98
Trd, 4318563.443, 101
Trd, 4318563.493, 97
Trd, 4318566.043, 101
Trd, 4318567.343, 103
Trd, 4318567.793, 101
Trd, 4318568.893, 105
Trd, 4318569.893, 107
Trd, 4318570.993, 106
Trd, 4318571.543, 110
Trd, 4318572.493, 104
Trd, 4318575.943, 104
Trd, 4318576.493, 103
Trd, 4318577.293, 104
Trd, 4318578.193, 104
Trd, 4318579.493, 103
Trd, 4318580.743, 104
Trd, 4318581.593, 105
Trd, 4318582.643, 104
Trd, 4318584.393, 103
Trd, 4318584.943, 94
Trd, 4318585.243, 110
Trd, 4318586.943, 103
Trd, 4318589.043, 107
Trd, 4318589.543, 106
Trd, 4318590.793, 104
Trd, 4318590.843, 103
Trd, 4318593.493, 102
Trd, 4318593.543, 106
Trd, 4318594.243, 95
Trd, 4318594.493, 94
Trd, 4318597.143, 100
Trd, 4318597.943, 102
Trd, 4318599.893, 103
Trd, 4318600.543, 101
Trd, 4318602.443, 102
Trd, 4318602.743, 102
Trd, 4318603.793, 104
Trd, 4318603.843, 101
Trd, 4318606.293, 100
Trd, 4318607.193, 99
Trd, 4318611.093, 102
Trd, 4318611.393, 102
Trd, 4318612.093, 100
Trd, 4318615.193, 103
Trd, 4318615.593, 103
Trd, 4318616.093, 99
Trd, 4318616.193, 99
Trd, 4318618.393, 99
Trd, 4318618.693, 104
Trd, 4318619.493, 94
Trd, 4318623.043, 102
Trd, 4318623.543, 100
Trd, 4318623.643, 85
Trd, 4318623.843, 98
Trd, 4318625.843, 94
Trd, 4318626.593, 92
Trd, 4318626.643, 77
Trd, 4318627.493, 95
Trd, 4318629.193, 95
Trd, 4318629.643, 94
Trd, 4318632.043, 94
Trd, 4318634.043, 94
Trd, 4318634.193, 104
Trd, 4318635.943, 109
Trd, 4318636.943, 85
Trd, 4318638.193, 93
Trd, 4318639.393, 84
Trd, 4318642.043, 95
Trd, 4318642.743, 94
Trd, 4318643.693, 103
Trd, 4318644.093, 106
Trd, 4318644.793, 94
Trd, 4318648.343, 97
Trd, 4318649.043, 99
Trd, 4318649.143, 98
Trd, 4318652.293, 101
Trd, 4318652.893, 100
Trd, 4318653.443, 103
Trd, 4318654.893, 94
Trd, 4318655.293, 100
Trd, 4318657.543, 102
Trd, 4318657.993, 103
Trd, 4318660.393, 101
Trd, 4318661.993, 104
Trd, 4318663.593, 102
Trd, 4318664.143, 103
Trd, 4318664.643, 94
Trd, 4318666.093, 87
Trd, 4318666.143, 103
Trd, 4318667.493, 100
Trd, 4318669.343, 100
Trd, 4318670.093, 99
Trd, 4318670.943, 95
Trd, 4318672.743, 98
Trd, 4318674.243, 102
Trd, 4318675.493, 103
Trd, 4318675.743, 113
Trd, 4318677.793, 101
Trd, 4318679.993, 101
Trd, 4318680.893, 103
Trd, 4318681.093, 101
Trd, 4318681.693, 104
Trd, 4318685.593, 102
Trd, 4318685.893, 103
Trd, 4318687.393, 103
Trd, 4318688.793, 104
Trd, 4318689.843, 103
Trd, 4318689.893, 102
Trd, 4318690.493, 101
Trd, 4318693.043, 113
Trd, 4318693.693, 103
Trd, 4318694.993, 107
Trd, 4318696.043, 100
Trd, 4318697.443, 103
Trd, 4318699.343, 103
Trd, 4318701.043, 102
Trd, 4318701.743, 102
Trd, 4318701.793, 99
Trd, 4318702.043, 94
Trd, 4318705.043, 100
Trd, 4318705.143, 98
Trd, 4318705.693, 100
Trd, 4318707.493, 102
Trd, 4318708.293, 104
Trd, 4318710.793, 100
Trd, 4318711.193, 101
Trd, 4318711.393, 100
Trd, 4318713.093, 96
Trd, 4318713.193, 99
Trd, 4318715.343, 98
Trd, 4318715.443, 99
Trd, 4318717.593, 86
Trd, 4318718.093, 95
Trd, 4318718.543, 92
Trd, 4318719.143, 95
Trd, 4318720.393, 95
Trd, 4318720.943, 93
Trd, 4318721.993, 85
Trd, 4318722.843, 101
Trd, 4318724.743, 88
Trd, 4318727.393, 94
Trd, 4318730.443, 98
Trd, 4318731.043, 97
Trd, 4318732.793, 96
Trd, 4318733.393, 101
Trd, 4318733.443, 94
Trd, 4318734.643, 96
Trd, 4318735.493, 97
Trd, 4318736.143, 104
Trd, 4318737.643, 90
Trd, 4318740.043, 96
Trd, 4318740.093, 95
Trd, 4318741.693, 95
Trd, 4318742.093, 99
Trd, 4318745.193, 97
Trd, 4318746.093, 94
Trd, 4318746.993, 93
Trd, 4318749.093, 95
Trd, 4318750.093, 93
Trd, 4318750.293, 96
Trd, 4318751.843, 96
Trd, 4318753.243, 93
Trd, 4318754.043, 92
Trd, 4318754.493, 101
Trd, 4318755.393, 93
Trd, 4318758.293, 98
Trd, 4318758.693, 96
Trd, 4318759.743, 95
Trd, 4318762.993, 94
Trd, 4318764.893, 96
Trd, 4318766.643, 97
Trd, 4318767.543, 96
Trd, 4318768.543, 97
Trd, 4318769.143, 98
Trd, 4318770.493, 97
Trd, 4318772.943, 104
Trd, 4318774.343, 100
Trd, 4318775.193, 98
Trd, 4318776.843, 98
Trd, 4318777.593, 99
Trd, 4318777.743, 97
Trd, 4318779.893, 99
Trd, 4318781.393, 98
Trd, 4318785.343, 100
Trd, 4318786.993, 101
Trd, 4318787.193, 100
Trd, 4318787.593, 102
Trd, 4318790.043, 103
Trd, 4318791.493, 103
Trd, 4318792.343, 101
Trd, 4318793.343, 100
Trd, 4318794.243, 102
Trd, 4318794.843, 94
Trd, 4318795.943, 100
Trd, 4318796.593, 99
Trd, 4318797.293, 104
Trd, 4318798.443, 98
Trd, 4318799.393, 96
Trd, 4318799.993, 86
Trd, 4318802.943, 89
Trd, 4318805.493, 92
Trd, 4318805.643, 91
Trd, 4318806.443, 87
Trd, 4318806.843, 85
Trd, 4318807.393, 99
Trd, 4318808.693, 89
Trd, 4318809.893, 76
Trd, 4318810.093, 105
Trd, 4318812.693, 97
Trd, 4318813.093, 89
Trd, 4318816.143, 95
Trd, 4318816.443, 91
Trd, 4318818.393, 92
Trd, 4318819.793, 94
Trd, 4318821.443, 90
Trd, 4318823.993, 94
Trd, 4318827.543, 96
Trd, 4318827.693, 95
Trd, 4318828.643, 96
Trd, 4318829.093, 100
Trd, 4318831.093, 98
Trd, 4318831.643, 97
Trd, 4318833.643, 97
Trd, 4318834.593, 104
Trd, 4318834.643, 95
Trd, 4318835.943, 94
Trd, 4318837.943, 96
Trd, 4318838.593, 95
Trd, 4318838.893, 95
Trd, 4318838.943, 94
Trd, 4318841.393, 94
Trd, 4318841.743, 88
Trd, 4318846.443, 94
Trd, 4318846.593, 92
Trd, 4318847.293, 92
Trd, 4318849.793, 94
Trd, 4318851.043, 94
Trd, 4318853.043, 97
Trd, 4318853.143, 101
Trd, 4318853.943, 98
Trd, 4318856.293, 99
Trd, 4318857.593, 99
Trd, 4318857.943, 104
Trd, 4318858.793, 114
Trd, 4318861.143, 103
Trd, 4318862.793, 104
Trd, 4318862.993, 103
Trd, 4318864.243, 102
Trd, 4318865.493, 103
Trd, 4318866.593, 101
Trd, 4318866.993, 104
Trd, 4318869.243, 101
Trd, 4318870.793, 100
Trd, 4318870.943, 94
Trd, 4318871.243, 101
Trd, 4318873.893, 100
Trd, 4318874.293, 97
Trd, 4318874.943, 85
Trd, 4318877.693, 101
Trd, 4318878.393, 100
Trd, 4318878.943, 99
Trd, 4318880.293, 100
Trd, 4318880.793, 101
Trd, 4318882.293, 104
Trd, 4318883.443, 100
Trd, 4318885.143, 99
Trd, 4318886.743, 102
Trd, 4318887.643, 101
Trd, 4318888.993, 98
Trd, 4318889.293, 94
Trd, 4318890.443, 94
Trd, 4318890.843, 105
Trd, 4318892.893, 97
Trd, 4318895.943, 100
Trd, 4318896.243, 99
Trd, 4318897.343, 98
Trd, 4318897.493, 97
Trd, 4318899.693, 96
Trd, 4318900.543, 96
Trd, 4318901.843, 94
Trd, 4318902.393, 98
Trd, 4318904.143, 96
Trd, 4318907.043, 98
Trd, 4318907.243, 104
Trd, 4318907.993, 100
Trd, 4318911.193, 104
Trd, 4318911.343, 110
Trd, 4318912.693, 104
Trd, 4318914.043, 105
Trd, 4318914.893, 103
Trd, 4318915.143, 85
Trd, 4318915.943, 98
Trd, 4318918.693, 103
Trd, 4318919.093, 105
Trd, 4318919.443, 102
Trd, 4318923.393, 101
Trd, 4318924.793, 103
Trd, 4318925.093, 103
Trd, 4318925.793, 104
Trd, 4318925.993, 105
Trd, 4318928.293, 103
Trd, 4318929.043, 103
Trd, 4318929.493, 112
Trd, 4318930.843, 105
Trd, 4318931.693, 101
Trd, 4318932.293, 94
Trd, 4318934.693, 104
Trd, 4318935.293, 104
Trd, 4318938.943, 102
Trd, 4318939.043, 101
Trd, 4318939.143, 104
Trd, 4318940.893, 103
Trd, 4318943.093, 102
Trd, 4318943.693, 102
Trd, 4318944.343, 101
Trd, 4318944.543, 94
Trd, 4318944.993, 104
Trd, 4318946.443, 99
Trd, 4318948.443, 100
Trd, 4318948.493, 104
Trd, 4318948.893, 99
Trd, 4318949.993, 95
Trd, 4318951.143, 97
Trd, 4318952.093, 96
Trd, 4318953.843, 99
Trd, 4318956.893, 96
Trd, 4318957.993, 96
Trd, 4318960.143, 99
Trd, 4318960.493, 105
Trd, 4318963.443, 102
Trd, 4318963.493, 102
Trd, 4318964.943, 102
Trd, 4318965.793, 113
Trd, 4318966.543, 103
Trd, 4318967.293, 109
Trd, 4318967.943, 102
Trd, 4318969.343, 101
Trd, 4318971.093, 95
Trd, 4318972.243, 95
Trd, 4318973.093, 98
Trd, 4318974.443, 102
Trd, 4318976.293, 100
Trd, 4318977.843, 98
Trd, 4318978.593, 97
Trd, 4318980.093, 101
Trd, 4318980.393, 101
Trd, 4318980.593, 100
Trd, 4318982.393, 94
Trd, 4318983.593, 104
Trd, 4318985.493, 98
Trd, 4318986.493, 98
Trd, 4318988.443, 98
Trd, 4318989.443, 97
Trd, 4318990.143, 98
Trd, 4318990.643, 94
Trd, 4318991.043, 86
Trd, 4318993.443, 98
Trd, 4318995.493, 96
Trd, 4318995.593, 96
Trd, 4318997.393, 98
Trd, 4318998.693, 99
Trd, 4319000.493, 100
Trd, 4319002.093, 99
Trd, 4319002.593, 119
Trd, 4319003.493, 104
Trd, 4319005.993, 104
Trd, 4319006.393, 104
Trd, 4319007.793, 103
Trd, 4319008.243, 104
Trd, 4319008.593, 113
Trd, 4319010.393, 106
Trd, 4319011.443, 97
Trd, 4319011.943, 104
Trd, 4319013.193, 101
Trd, 4319014.543, 94
Trd, 4319015.693, 100
Trd, 4319016.393, 99
Trd, 4319017.793, 98
Trd, 4319018.193, 98
Trd, 4319018.743, 105
Trd, 4319019.443, 98
Trd, 4319020.843, 94
Trd, 4319022.843, 97
Trd, 4319023.643, 96
Trd, 4319025.943, 105
Trd, 4319027.143, 99
Trd, 4319027.693, 99
Trd, 4319028.343, 96
Trd, 4319030.393, 95
Trd, 4319033.543, 98
Trd, 4319033.843, 97
Trd, 4319035.943, 98
Trd, 4319037.543, 99
Trd, 4319038.393, 96
Trd, 4319041.643, 100
Trd, 4319043.193, 100
Trd, 4319044.443, 101
Trd, 4319044.543, 99
Trd, 4319045.143, 98
Trd, 4319047.443, 99
Trd, 4319048.493, 97
Trd, 4319048.643, 85
Trd, 4319049.293, 104
Trd, 4319051.293, 96
Trd, 4319054.243, 99
Trd, 4319054.843, 98
Trd, 4319056.043, 101
Trd, 4319056.793, 102
Trd, 4319056.993, 99
Trd, 4319059.043, 100
Trd, 4319060.443, 101
Trd, 4319062.093, 101
Trd, 4319063.693, 101
Trd, 4319065.993, 96
Trd, 4319066.493, 101
Trd, 4319068.793, 100
Trd, 4319069.293, 100
Trd, 4319069.693, 100
Trd, 4319070.843, 104
Trd, 4319071.243, 99
Trd, 4319073.043, 99
Trd, 4319075.343, 100
Trd, 4319075.993, 98
Trd, 4319076.343, 97
Trd, 4319077.993, 97
Trd, 4319079.093, 104
Trd, 4319079.643, 95
Trd, 4319081.043, 95
Trd, 4319082.493, 95
Trd, 4319083.693, 95
Trd, 4319085.343, 100
Trd, 4319087.693, 98
Trd, 4319089.793, 97
Trd, 4319090.243, 95
Trd, 4319090.593, 99
Trd, 4319092.743, 97
Trd, 4319093.593, 96
Trd, 4319093.793, 95
Trd, 4319095.343, 96
Trd, 4319096.543, 96
Trd, 4319100.693, 99
Trd, 4319100.793, 95
Trd, 4319102.393, 96
Trd, 4319103.243, 97
Trd, 4319104.343, 95
Trd, 4319105.643, 96
Trd, 4319105.843, 99
Trd, 4319106.143, 95
Trd, 4319108.943, 98
Trd, 4319109.293, 96
Trd, 4319112.843, 96
Trd, 4319113.593, 97
Trd, 4319113.943, 98
Trd, 4319114.043, 95
Trd, 4319116.643, 97
Trd, 4319119.643, 96
Trd, 4319120.593, 97
Trd, 4319121.643, 97
Trd, 4319122.043, 98
Trd, 4319122.093, 85
Trd, 4319122.993, 100
Trd, 4319127.143, 85
Trd, 4319127.843, 96
Trd, 4319127.893, 94
Trd, 4319128.143, 103
Trd, 4319130.243, 94
Trd, 4319131.443, 95
Trd, 4319132.393, 100
Trd, 4319135.093, 101
Trd, 4319135.243, 101
Trd, 4319137.093, 101
Trd, 4319138.393, 100
Trd, 4319139.043, 96
Trd, 4319140.693, 98
Trd, 4319141.943, 98
Trd, 4319141.993, 102
Trd, 4319144.093, 104
Trd, 4319144.893, 99
Trd, 4319147.743, 103
Trd, 4319148.843, 104
Trd, 4319148.943, 102
Trd, 4319150.943, 104
Trd, 4319152.193, 104
Trd, 4319152.793, 103
Trd, 4319153.493, 103
Trd, 4319155.143, 104
Trd, 4319155.493, 113
Trd, 4319155.943, 102
Trd, 4319157.293, 101
Trd, 4319159.893, 102
Trd, 4319161.393, 101
Trd, 4319161.493, 104
Trd, 4319163.943, 102
Trd, 4319164.043, 102
Trd, 4319165.143, 101
Trd, 4319166.743, 103
Trd, 4319166.843, 101
Trd, 4319168.043, 104
Trd, 4319170.293, 101
Trd, 4319171.093, 101
Trd, 4319172.893, 104
Trd, 4319173.693, 100
Trd, 4319174.343, 100
Trd, 4319175.543, 104
Trd, 4319176.843, 101
Trd, 4319176.943, 101
Trd, 4319177.293, 101
Trd, 4319178.293, 100
Trd, 4319181.543, 102
Trd, 4319182.893, 100
Trd, 4319183.693, 98
Trd, 4319185.443, 94
Trd, 4319187.043, 99
Trd, 4319187.143, 97
Trd, 4319187.943, 96
Trd, 4319189.043, 100
Trd, 4319190.093, 104
Trd, 4319190.143, 97
Trd, 4319194.493, 100
Trd, 4319194.693, 98
Trd, 4319195.143, 99
Trd, 4319196.293, 101
Trd, 4319197.393, 98
Trd, 4319198.993, 100
Trd, 4319200.343, 100
Trd, 4319201.293, 101
Trd, 4319202.193, 100
Trd, 4319202.293, 98
Trd, 4319203.743, 101
Trd, 4319204.143, 94
Trd, 4319206.143, 99
Trd, 4319209.343, 99
Trd, 4319209.693, 99
Trd, 4319209.793, 98
Trd, 4319210.693, 97
Trd, 4319211.593, 96
Trd, 4319213.293, 100
Trd, 4319213.793, 97
Trd, 4319214.243, 96
Trd, 4319215.493, 101
Trd, 4319216.343, 99
Trd, 4319216.693, 98
Trd, 4319218.943, 101
Trd, 4319220.943, 100
Trd, 4319221.643, 122
Trd, 4319223.393, 100
Trd, 4319224.543, 101
Trd, 4319224.693, 99
Trd, 4319226.493, 101
Trd, 4319226.693, 99
Trd, 4319228.593, 103
Trd, 4319229.793, 99
Trd, 4319231.293, 99
Trd, 4319232.543, 99
Trd, 4319232.793, 104
Trd, 4319233.693, 98
Trd, 4319234.343, 94
Trd, 4319235.693, 97
Trd, 4319236.843, 96
Trd, 4319237.993, 93
Trd, 4319239.393, 96
Trd, 4319240.393, 95
Trd, 4319241.093, 95
Trd, 4319241.743, 96
Trd, 4319243.093, 97
Trd, 4319243.793, 97
Trd, 4319246.093, 97
Trd, 4319246.343, 96
Trd, 4319247.443, 97
Trd, 4319248.593, 100
Trd, 4319249.793, 104
Trd, 4319249.893, 97
Trd, 4319250.243, 96
Trd, 4319252.093, 95
Trd, 4319253.543, 113
Trd, 4319254.093, 94
Trd, 4319257.093, 96
Trd, 4319258.093, 100
Trd, 4319260.943, 98
Trd, 4319263.143, 100
Trd, 4319263.893, 97
Trd, 4319264.293, 97
Trd, 4319266.343, 98
Trd, 4319269.493, 100
Trd, 4319269.993, 98
Trd, 4319270.043, 97
Trd, 4319271.793, 98
Trd, 4319272.093, 99
Trd, 4319273.693, 99
Trd, 4319274.293, 97
Trd, 4319276.243, 99
Trd, 4319276.793, 97
Trd, 4319277.593, 103
Trd, 4319277.643, 94
Trd, 4319281.693, 96
Trd, 4319282.893, 95
Trd, 4319283.693, 101
Trd, 4319285.393, 100
Trd, 4319286.793, 103
Trd, 4319287.893, 99
Trd, 4319287.943, 98
Trd, 4319288.993, 97
Trd, 4319292.993, 101
Trd, 4319293.343, 102
Trd, 4319293.843, 98
Trd, 4319295.343, 99
Trd, 4319296.943, 99
Trd, 4319298.793, 100
Trd, 4319300.043, 84
Trd, 4319302.793, 100
Trd, 4319303.393, 99
Trd, 4319303.793, 96
Trd, 4319305.843, 100
Trd, 4319306.843, 99
Trd, 4319307.043, 99
Trd, 4319307.193, 104
Trd, 4319309.843, 102
Trd, 4319310.993, 100
Trd, 4319312.043, 100
Trd, 4319312.193, 95
Trd, 4319312.793, 95
Trd, 4319313.593, 95
Trd, 4319314.443, 101
Trd, 4319315.293, 94
Trd, 4319318.643, 96
Trd, 4319319.593, 95
Trd, 4319320.843, 95
Trd, 4319322.543, 98
Trd, 4319324.943, 100
Trd, 4319325.943, 103
Trd, 4319327.293, 104
Trd, 4319327.793, 103
Trd, 4319328.893, 100
Trd, 4319329.643, 104
Trd, 4319331.343, 104
Trd, 4319331.693, 103
Trd, 4319334.693, 105
Trd, 4319334.943, 103
Trd, 4319335.393, 110
Trd, 4319336.643, 102
Trd, 4319337.493, 95
Trd, 4319338.543, 102
Trd, 4319340.043, 103
Trd, 4319343.443, 104
Trd, 4319344.143, 103
Trd, 4319344.793, 103
Trd, 4319344.893, 102
Trd, 4319345.593, 85
Trd, 4319347.343, 94
Trd, 4319348.593, 103
Trd, 4319350.843, 101
Trd, 4319353.143, 103
Trd, 4319354.343, 99
Trd, 4319357.393, 102
Trd, 4319358.093, 100
Trd, 4319358.893, 99
Trd, 4319359.143, 94
Trd, 4319359.343, 100
Trd, 4319360.043, 86
Trd, 4319363.293, 97
Trd, 4319365.093, 96
Trd, 4319366.743, 92
Trd, 4319368.143, 93
Trd, 4319369.043, 96
Trd, 4319369.393, 104
Trd, 4319370.143, 96
Trd, 4319370.593, 113
Trd, 4319373.343, 102
Trd, 4319373.443, 98
Trd, 4319373.543, 96
Trd, 4319377.393, 97
Trd, 4319379.093, 102
Trd, 4319379.493, 97
Trd, 4319383.193, 99
Trd, 4319383.243, 98
Trd, 4319385.693, 98
Trd, 4319385.993, 98
Trd, 4319388.443, 97
Trd, 4319389.393, 97
Trd, 4319390.693, 97
Trd, 4319390.893, 95
Trd, 4319392.393, 98
Trd, 4319393.693, 98
Trd, 4319395.193, 97
Trd, 4319397.893, 101
Trd, 4319398.693, 103
Trd, 4319398.893, 99
Trd, 4319400.593, 99
Trd, 4319402.093, 98
Trd, 4319402.443, 100
Trd, 4319403.293, 97
Trd, 4319404.743, 99
Trd, 4319405.793, 113
Trd, 4319406.793, 102
Trd, 4319407.993, 106
Trd, 4319409.493, 104
Trd, 4319409.993, 103
Trd, 4319413.093, 104
Trd, 4319413.293, 104
Trd, 4319413.743, 103
Trd, 4319414.093, 105
Trd, 4319414.643, 102
Trd, 4319414.993, 94
Trd, 4319415.843, 111
Trd, 4319420.243, 104
Trd, 4319420.943, 105
Trd, 4319421.793, 105
Trd, 4319421.843, 113
Trd, 4319422.593, 103
Trd, 4319423.543, 104
Trd, 4319425.643, 103
Trd, 4319425.743, 93
Trd, 4319426.693, 101
Trd, 4319427.193, 113
Trd, 4319429.693, 102
Trd, 4319431.093, 103
Trd, 4319431.143, 101
Trd, 4319431.293, 103
Trd, 4319431.993, 100
Trd, 4319434.943, 96
Trd, 4319436.043, 100
Trd, 4319437.243, 100
Trd, 4319437.843, 122
Trd, 4319438.393, 99
Trd, 4319439.993, 96
Trd, 4319441.693, 99
Trd, 4319442.743, 95
Trd, 4319444.393, 98
Trd, 4319445.643, 98
Trd, 4319447.593, 94
Trd, 4319447.693, 85
Trd, 4319449.943, 98
Trd, 4319450.393, 95
Trd, 4319453.193, 97
Trd, 4319453.743, 95
Trd, 4319455.193, 96
Trd, 4319455.593, 95
Trd, 4319458.193, 94
Trd, 4319458.443, 94
Trd, 4319458.993, 95
Trd, 4319459.393, 95
Trd, 4319461.093, 114
Trd, 4319461.243, 94
Trd, 4319462.643, 93
Trd, 4319466.593, 98
Trd, 4319467.643, 97
Trd, 4319468.893, 97
Trd, 4319469.493, 96
Trd, 4319469.843, 98
Trd, 4319472.493, 96
Trd, 4319473.443, 95
Trd, 4319473.793, 104
Trd, 4319475.593, 98
Trd, 4319476.843, 98
Trd, 4319478.943, 96
Trd, 4319479.243, 95
Trd, 4319479.593, 97
Trd, 4319481.493, 99
Trd, 4319483.293, 94
Trd, 4319483.743, 95
Trd, 4319485.893, 104
Trd, 4319486.043, 99
Trd, 4319486.943, 100
Trd, 4319488.343, 99
Trd, 4319489.343, 101
Trd, 4319489.893, 102
Trd, 4319492.393, 101
Trd, 4319492.593, 102
Trd, 4319493.893, 104
Trd, 4319495.193, 85
Trd, 4319497.693, 103
Trd, 4319498.793, 104
Trd, 4319498.943, 105
Trd, 4319499.593, 103
Trd, 4319500.693, 102
Trd, 4319501.843, 101
Trd, 4319503.993, 100
Trd, 4319505.793, 100
Trd, 4319506.493, 100
Trd, 4319507.243, 100
Trd, 4319508.293, 99
Trd, 4319508.843, 99
Trd, 4319510.143, 100
Trd, 4319510.793, 98
Trd, 4319511.643, 97
Trd, 4319513.793, 101
Trd, 4319514.643, 96
Trd, 4319515.393, 96
Trd, 4319518.143, 100
Trd, 4319518.193, 98
Trd, 4319519.193, 96
Trd, 4319521.393, 98
Trd, 4319523.093, 99
Trd, 4319523.543, 97
Trd, 4319523.843, 99
Trd, 4319526.043, 99
Trd, 4319526.593, 98
Trd, 4319528.493, 97
Trd, 4319529.293, 97
Trd, 4319530.193, 97
Trd, 4319530.343, 94
Trd, 4319531.643, 100
Trd, 4319532.693, 97
Trd, 4319533.593, 96
Trd, 4319533.793, 104
Trd, 4319535.743, 95
Trd, 4319536.893, 113
Trd, 4319538.743, 96
Trd, 4319539.393, 94
Trd, 4319542.193, 95
Trd, 4319543.693, 100
Trd, 4319543.793, 99
Trd, 4319544.943, 98
Trd, 4319546.243, 98
Trd, 4319546.893, 99
Trd, 4319548.943, 99
Trd, 4319550.593, 102
Trd, 4319551.243, 97
Trd, 4319552.793, 95
Trd, 4319552.993, 94
Trd, 4319554.443, 96
Trd, 4319555.593, 98
Trd, 4319556.093, 98
Trd, 4319556.443, 96
Trd, 4319556.793, 95
Trd, 4319557.793, 104
Trd, 4319561.093, 99
Trd, 4319561.493, 94
Trd, 4319563.843, 99
Trd, 4319564.843, 96
Trd, 4319565.643, 94
Trd, 4319566.493, 99
Trd, 4319567.793, 97
Trd, 4319569.243, 103
Trd, 4319571.093, 98
Trd, 4319572.243, 96
Trd, 4319574.743, 98
Trd, 4319575.693, 94
Trd, 4319577.243, 97
Trd, 4319577.993, 96
Trd, 4319578.893, 95
Trd, 4319581.393, 95
Trd, 4319581.593, 94
Trd, 4319582.393, 97
Trd, 4319584.843, 120
Trd, 4319586.993, 101
Trd, 4319587.293, 101
Trd, 4319588.293, 100
Trd, 4319588.593, 103
Trd, 4319590.843, 103
Trd, 4319592.143, 104
Trd, 4319593.693, 101
Trd, 4319594.593, 103
Trd, 4319595.593, 97
Trd, 4319596.243, 100
Trd, 4319598.843, 102
Trd, 4319599.043, 104
Trd, 4319599.343, 99
Trd, 4319599.843, 99
Trd, 4319601.043, 99
Trd, 4319603.043, 95
Trd, 4319605.643, 99
Trd, 4319605.793, 101
Trd, 4319607.993, 98
Trd, 4319608.743, 98
Trd, 4319610.893, 100
Trd, 4319612.193, 104
Trd, 4319612.693, 99
Trd, 4319615.693, 99
Trd, 4319616.393, 98
Trd, 4319616.993, 101
Trd, 4319617.893, 101
Trd, 4319618.693, 100
Trd, 4319620.443, 101
Trd, 4319621.743, 105
Trd, 4319622.393, 103
Trd, 4319622.493, 101
Trd, 4319624.643, 101
Trd, 4319624.993, 101
Trd, 4319626.293, 100
Trd, 4319626.743, 101
Trd, 4319629.743, 99
Trd, 4319631.743, 99
Trd, 4319632.543, 102
Trd, 4319633.693, 94
Trd, 4319634.643, 103
Trd, 4319634.743, 104
Trd, 4319634.843, 98
Trd, 4319638.543, 96
Trd, 4319641.243, 99
Trd, 4319641.643, 98
Trd, 4319642.793, 98
Trd, 4319643.243, 98
Trd, 4319644.043, 97
Trd, 4319644.993, 96
Trd, 4319645.943, 104
Trd, 4319646.943, 94
Trd, 4319649.293, 101
Trd, 4319651.343, 97
Trd, 4319652.943, 98
Trd, 4319653.693, 96
Trd, 4319655.843, 98
Trd, 4319657.143, 97
Trd, 4319658.593, 96
Trd, 4319658.943, 95
Trd, 4319659.743, 94
Trd, 4319661.143, 94
Trd, 4319663.493, 94
Trd, 4319664.593, 104
Trd, 4319665.193, 94
Trd, 4319665.343, 85
Trd, 4319666.443, 92
Trd, 4319668.893, 94
Trd, 4319669.043, 113
Trd, 4319669.993, 123
Trd, 4319670.143, 101
Trd, 4319671.593, 96
Trd, 4319672.793, 96
Trd, 4319674.543, 97
Trd, 4319675.293, 98
Trd, 4319675.793, 101
Trd, 4319676.393, 85
Trd, 4319678.793, 95
Trd, 4319679.193, 96
Trd, 4319679.593, 95
Trd, 4319681.593, 97
Trd, 4319682.243, 94
Trd, 4319684.193, 95
Trd, 4319685.093, 95
Trd, 4319685.843, 94
Trd, 4319686.543, 104
Trd, 4319687.643, 93
Trd, 4319687.893, 92
Trd, 4319689.543, 86
Trd, 4319692.443, 95
Trd, 4319692.893, 94
Trd, 4319693.093, 91
Trd, 4319693.943, 95
Trd, 4319696.843, 93
Trd, 4319697.843, 92
Trd, 4319698.393, 95
Trd, 4319699.593, 95
Trd, 4319703.643, 96
Trd, 4319703.743, 95
Trd, 4319704.943, 103
Trd, 4319706.543, 98
Trd, 4319707.793, 104
Trd, 4319707.843, 113
Trd, 4319708.993, 102
Trd, 4319710.493, 102
Trd, 4319711.393, 102
Trd, 4319711.893, 102
Trd, 4319712.693, 103
Trd, 4319714.743, 100
Trd, 4319715.843, 94
Trd, 4319717.743, 99
Trd, 4319718.643, 95
Trd, 4319719.143, 96
Trd, 4319719.493, 98
Trd, 4319720.593, 100
Trd, 4319721.643, 98
Trd, 4319723.043, 95
Trd, 4319724.743, 97
Trd, 4319725.393, 99
Trd, 4319725.643, 104
Trd, 4319726.343, 94
Trd, 4319730.343, 97
Trd, 4319731.893, 97
Trd, 4319735.493, 104
Trd, 4319737.093, 98
Trd, 4319737.793, 103
Trd, 4319739.143, 101
Trd, 4319740.143, 102
Trd, 4319740.343, 104
Trd, 4319741.893, 100
Trd, 4319742.343, 104
Trd, 4319743.243, 94
Trd, 4319747.493, 83
Trd, 4319750.943, 103
Trd, 4319751.343, 100
Trd, 4319751.943, 99
Trd, 4319752.443, 104
Trd, 4319753.293, 101
Trd, 4319754.443, 102
Trd, 4319755.743, 100
Trd, 4319756.693, 102
Trd, 4319758.743, 101
Trd, 4319758.843, 99
Trd, 4319760.043, 100
Trd, 4319760.893, 97
Trd, 4319763.243, 96
Trd, 4319764.143, 96
Trd, 4319764.893, 94
Trd, 4319764.943, 78
Trd, 4319765.093, 76
Trd, 4319766.943, 102
Trd, 4319767.043, 84
Trd, 4319770.243, 98
Trd, 4319770.593, 97
Trd, 4319772.593, 94
Trd, 4319773.543, 93
Trd, 4319776.293, 96
Trd, 4319777.243, 97
Trd, 4319778.243, 96
Trd, 4319778.993, 97
Trd, 4319780.093, 97
Trd, 4319781.343, 102
Trd, 4319782.643, 97
Trd, 4319784.343, 99
Trd, 4319785.093, 99
Trd, 4319786.293, 104
Trd, 4319786.493, 98
Trd, 4319787.543, 94
Trd, 4319788.743, 110
Trd, 4319788.943, 98
Trd, 4319793.143, 100
Trd, 4319795.193, 103
Trd, 4319796.243, 99
Trd, 4319798.143, 99
Trd, 4319799.993, 99
Trd, 4319800.543, 98
Trd, 4319800.593, 94
Trd, 4319800.993, 100
Trd, 4319804.043, 96
Trd, 4319805.093, 96
Trd, 4319806.043, 97
Trd, 4319807.393, 97
Trd, 4319808.993, 101
Trd, 4319809.243, 96
Trd, 4319812.393, 100
Trd, 4319812.443, 99
Trd, 4319813.143, 97
Trd, 4319814.293, 100
Trd, 4319815.543, 101
Trd, 4319817.193, 103
Trd, 4319818.143, 103
Trd, 4319818.643, 102
Trd, 4319818.993, 94
Trd, 4319820.493, 100
Trd, 4319822.143, 101
Trd, 4319824.243, 100
Trd, 4319825.143, 101
Trd, 4319826.193, 100
Trd, 4319827.743, 102
Trd, 4319827.843, 98
Trd, 4319829.443, 98
Trd, 4319830.493, 97
Trd, 4319833.693, 101
Trd, 4319834.493, 101
Trd, 4319835.643, 102
Trd, 4319835.693, 97
Trd, 4319837.243, 101
Trd, 4319839.793, 103
Trd, 4319840.743, 104
Trd, 4319841.893, 102
Trd, 4319841.993, 94
Trd, 4319843.793, 102
Trd, 4319845.293, 104
Trd, 4319847.043, 102
Trd, 4319847.693, 101
Trd, 4319849.743, 101
Trd, 4319850.443, 101
Trd, 4319850.643, 86
Trd, 4319852.443, 99
Trd, 4319852.943, 101
Trd, 4319853.393, 100
Trd, 4319854.943, 99
Trd, 4319855.943, 94
Trd, 4319856.343, 104
Trd, 4319858.043, 99
Trd, 4319859.393, 98
Trd, 4319861.043, 98
Trd, 4319862.193, 97
Trd, 4319863.243, 98
Trd, 4319863.843, 97
Trd, 4319865.293, 97
Trd, 4319865.643, 96
Trd, 4319867.343, 104
Trd, 4319870.043, 96
Trd, 4319870.393, 95
Trd, 4319872.343, 95
Trd, 4319872.643, 102
Trd, 4319872.693, 94
Trd, 4319873.793, 79
Trd, 4319877.393, 94
Trd, 4319877.943, 97
Trd, 4319878.943, 92
Trd, 4319880.393, 93
Trd, 4319881.393, 96
Trd, 4319883.793, 93
Trd, 4319885.043, 94
Trd, 4319886.493, 93
Trd, 4319887.243, 94
Trd, 4319889.443, 95
Trd, 4319889.543, 96
Trd, 4319890.393, 96
Trd, 4319892.343, 104
Trd, 4319894.143, 96
Trd, 4319894.543, 95
Trd, 4319895.043, 95
Trd, 4319895.343, 98
Trd, 4319896.593, 94
Trd, 4319897.243, 85
Trd, 4319900.543, 97
Trd, 4319902.643, 94
Trd, 4319903.193, 94
Trd, 4319903.693, 97
Trd, 4319904.593, 93
Trd, 4319906.493, 104
Trd, 4319907.193, 94
Trd, 4319907.693, 89
Trd, 4319912.343, 95
Trd, 4319912.493, 95
Trd, 4319913.393, 92
Trd, 4319913.593, 92
Trd, 4319913.993, 105
Trd, 4319915.643, 113
Trd, 4319918.393, 95
Trd, 4319918.443, 94
Trd, 4319920.993, 94
Trd, 4319922.593, 94
Trd, 4319924.243, 95
Trd, 4319924.543, 98
Trd, 4319926.043, 94
Trd, 4319926.793, 95
Trd, 4319927.093, 94
Trd, 4319928.743, 95
Trd, 4319930.843, 93
Trd, 4319931.843, 92
Trd, 4319932.143, 95
Trd, 4319935.243, 95
Trd, 4319936.893, 98
Trd, 4319937.943, 99
Trd, 4319938.443, 98
Trd, 4319939.593, 94
Trd, 4319940.693, 97
Trd, 4319941.693, 98
Trd, 4319942.093, 99
Trd, 4319944.243, 98
Trd, 4319944.793, 97
Trd, 4319945.743, 94
Trd, 4319946.393, 96
Trd, 4319947.843, 95
Trd, 4319949.243, 95
Trd, 4319949.443, 102
Trd, 4319949.793, 104
Trd, 4319953.243, 98
Trd, 4319953.543, 96
Trd, 4319956.743, 95
Trd, 4319958.743, 97
Trd, 4319959.143, 95
Trd, 4319959.843, 94
Trd, 4319960.143, 94
Trd, 4319960.743, 95
Trd, 4319962.843, 96
Trd, 4319964.543, 97
Trd, 4319964.893, 97
Trd, 4319966.393, 103
Trd, 4319967.143, 98
Trd, 4319968.743, 96
Trd, 4319969.843, 95
Trd, 4319970.243, 95
Trd, 4319971.393, 97
Trd, 4319971.743, 95
Trd, 4319974.043, 99
Trd, 4319975.243, 99
Trd, 4319975.343, 103
Trd, 4319979.743, 96
Trd, 4319979.793, 94
Trd, 4319980.393, 99
Trd, 4319980.693, 97
Trd, 4319982.093, 97
Trd, 4319985.293, 98
Trd, 4319985.393, 97
Trd, 4319986.693, 96
Trd, 4319989.943, 97
Trd, 4319990.043, 95
Trd, 4319990.493, 97
Trd, 4319993.343, 94
Trd, 4319993.993, 96
Trd, 4319994.193, 97
Trd, 4319995.393, 94
Trd, 4319996.843, 95
Trd, 4319997.693, 100
Trd, 4319999.543, 96
