Trd, 4317887.743, 92
Trd, 4317890.493, 96
Trd, 4317891.093, 88
Trd, 4317892.093, 84
Trd, 4317892.543, 104
Trd, 4317894.493, 77
Trd, 4317894.943, 80
Trd, 4317896.393, 90
Trd, 4317897.543, 84
Trd, 4317898.143, 84
Trd, 4317898.293, 89
Trd, 4317898.493, 98
Trd, 4317902.493, 85
Trd, 4317903.493, 86
Trd, 4317903.843, 85
Trd, 4317905.493, 90
Trd, 4317908.343, 89
Trd, 4317908.393, 88
Trd, 4317910.593, 92
Trd, 4317911.243, 88
Trd, 4317913.743, 89
Trd, 4317914.743, 76
Trd, 4317915.493, 90
Trd, 4317917.993, 94
Trd, 4317918.443, 96
Trd, 4317918.643, 96
Trd, 4317919.693, 82
Trd, 4317919.943, 87
Trd, 4317922.293, 102
Trd, 4317922.443, 92
Trd, 4317923.693, 93
Trd, 4317925.543, 85
Trd, 4317926.193, 96
Trd, 4317927.593, 93
Trd, 4317928.643, 94
Trd, 4317930.143, 83
Trd, 4317930.443, 83
Trd, 4317930.793, 104
Trd, 4317931.193, 75
Trd, 4317932.493, 77
Trd, 4317934.243, 82
Trd, 4317935.993, 87
Trd, 4317936.943, 82
Trd, 4317937.643, 86
Trd, 4317937.693, 77
Trd, 4317939.843, 86
Trd, 4317939.993, 97
Trd, 4317941.543, 81
Trd, 4317942.893, 65
Trd, 4317944.493, 97
Trd, 4317946.143, 91
Trd, 4317948.743, 92
Trd, 4317949.593, 90
Trd, 4317950.693, 86
Trd, 4317951.393, 88
Trd, 4317952.343, 85
Trd, 4317954.293, 91
Trd, 4317955.793, 91
Trd, 4317955.993, 105
Trd, 4317956.093, 91
Trd, 4317957.843, 88
Trd, 4317958.793, 93
Trd, 4317959.943, 91
Trd, 4317961.193, 90
Trd, 4317965.493, 93
Trd, 4317965.543, 92
Trd, 4317966.343, 90
Trd, 4317966.493, 95
Trd, 4317969.293, 91
Trd, 4317969.393, 95
Trd, 4317971.143, 94
Trd, 4317971.493, 85
Trd, 4317972.843, 90
Trd, 4317974.543, 94
Trd, 4317974.943, 93
Trd, 4317975.293, 85
Trd, 4317976.193, 102
Trd, 4317976.443, 95
Trd, 4317979.293, 95
Trd, 4317979.593, 84
Trd, 4317980.143, 95
Trd, 4317981.093, 108
Trd, 4317982.943, 98
Trd, 4317983.093, 93
Trd, 4317984.093, 97
Trd, 4317985.493, 95
Trd, 4317987.293, 93
Trd, 4317988.193, 94
Trd, 4317988.443, 94
Trd, 4317990.443, 96
Trd, 4317991.593, 99
Trd, 4317993.843, 99
Trd, 4317994.043, 99
Trd, 4317994.843, 113
Trd, 4317995.643, 98
Trd, 4317998.793, 111
Trd, 4317999.093, 113
Trd, 4317999.493, 103
Trd, 4318000.193, 89
Trd, 4318001.343, 84
Trd, 4318003.393, 83
Trd, 4318004.493, 94
Trd, 4318004.543, 87
Trd, 4318006.393, 94
Trd, 4318008.743, 76
Trd, 4318009.743, 87
Trd, 4318012.243, 90
Trd, 4318014.093, 90
Trd, 4318015.493, 91
Trd, 4318016.793, 95
Trd, 4318018.093, 101
Trd, 4318019.143, 101
Trd, 4318020.293, 110
Trd, 4318021.443, 87
Trd, 4318021.693, 85
Trd, 4318022.993, 96
Trd, 4318023.093, 97
Trd, 4318026.393, 96
Trd, 4318026.543, 95
Trd, 4318026.993, 94
Trd, 4318028.343, 94
Trd, 4318028.393, 84
Trd, 4318031.393, 90
Trd, 4318033.493, 95
Trd, 4318034.593, 95
Trd, 4318035.493, 94
Trd, 4318037.293, 85
Trd, 4318040.493, 91
Trd, 4318041.543, 92
Trd, 4318042.443, 107
Trd, 4318044.643, 91
Trd, 4318046.093, 97
Trd, 4318046.293, 89
Trd, 4318047.493, 93
Trd, 4318048.643, 95
Trd, 4318050.493, 97
Trd, 4318051.943, 94
Trd, 4318052.293, 94
Trd, 4318053.143, 84
Trd, 4318055.193, 97
Trd, 4318056.843, 97
Trd, 4318057.093, 92
Trd, 4318057.543, 97
Trd, 4318057.843, 91
Trd, 4318058.843, 92
Trd, 4318060.643, 98
Trd, 4318062.293, 87
Trd, 4318062.493, 83
Trd, 4318064.893, 88
Trd, 4318066.843, 97
Trd, 4318066.893, 99
Trd, 4318067.843, 90
Trd, 4318069.193, 92
Trd, 4318069.843, 90
Trd, 4318071.943, 95
Trd, 4318073.893, 84
Trd, 4318075.343, 88
Trd, 4318076.443, 87
Trd, 4318077.293, 90
Trd, 4318078.893, 95
Trd, 4318078.943, 92
Trd, 4318079.293, 91
Trd, 4318079.443, 90
Trd, 4318080.143, 83
Trd, 4318081.643, 95
Trd, 4318082.893, 95
Trd, 4318083.093, 95
Trd, 4318085.843, 74
Trd, 4318087.693, 93
Trd, 4318088.143, 95
Trd, 4318088.993, 90
Trd, 4318090.543, 93
Trd, 4318090.693, 90
Trd, 4318091.043, 93
Trd, 4318094.093, 97
Trd, 4318095.843, 94
Trd, 4318096.793, 94
Trd, 4318097.543, 109
Trd, 4318097.943, 93
Trd, 4318098.843, 95
Trd, 4318102.043, 94
Trd, 4318103.243, 93
Trd, 4318104.293, 93
Trd, 4318105.893, 92
Trd, 4318106.943, 96
Trd, 4318108.893, 96
Trd, 4318109.193, 92
Trd, 4318109.343, 87
Trd, 4318111.593, 85
Trd, 4318113.993, 87
Trd, 4318116.093, 95
Trd, 4318116.743, 94
Trd, 4318117.243, 93
Trd, 4318118.143, 92
Trd, 4318118.893, 91
Trd, 4318119.893, 90
Trd, 4318121.143, 85
Trd, 4318122.443, 113
Trd, 4318128.143, 96
Trd, 4318128.643, 95
Trd, 4318129.193, 97
Trd, 4318129.443, 94
Trd, 4318130.443, 85
Trd, 4318131.893, 90
Trd, 4318133.543, 95
Trd, 4318135.993, 90
Trd, 4318137.243, 89
Trd, 4318138.193, 95
Trd, 4318139.043, 88
Trd, 4318142.943, 95
Trd, 4318143.543, 90
Trd, 4318143.843, 67
Trd, 4318145.293, 95
Trd, 4318145.393, 86
Trd, 4318146.193, 85
Trd, 4318149.393, 88
Trd, 4318150.293, 95
Trd, 4318150.993, 91
Trd, 4318151.793, 88
Trd, 4318151.893, 95
Trd, 4318152.893, 88
Trd, 4318153.043, 113
Trd, 4318155.643, 87
Trd, 4318157.893, 95
Trd, 4318158.543, 97
Trd, 4318160.843, 90
Trd, 4318160.993, 124
Trd, 4318161.943, 90
Trd, 4318163.343, 92
Trd, 4318164.793, 99
Trd, 4318165.543, 94
Trd, 4318167.093, 96
Trd, 4318167.193, 100
Trd, 4318167.393, 93
Trd, 4318172.593, 94
Trd, 4318172.793, 93
Trd, 4318173.143, 96
Trd, 4318174.093, 86
Trd, 4318175.793, 85
Trd, 4318176.093, 93
Trd, 4318178.793, 91
Trd, 4318179.343, 106
Trd, 4318181.743, 90
Trd, 4318181.793, 90
Trd, 4318182.243, 84
Trd, 4318185.143, 90
Trd, 4318186.193, 97
Trd, 4318186.393, 90
Trd, 4318187.393, 103
Trd, 4318188.743, 100
Trd, 4318189.343, 104
Trd, 4318190.643, 102
Trd, 4318191.793, 87
Trd, 4318193.293, 99
Trd, 4318193.793, 96
Trd, 4318195.993, 115
Trd, 4318197.193, 94
Trd, 4318197.543, 85
Trd, 4318198.643, 70
Trd, 4318200.593, 92
Trd, 4318202.493, 95
Trd, 4318203.843, 93
Trd, 4318205.093, 101
Trd, 4318205.843, 102
Trd, 4318206.543, 95
Trd, 4318210.693, 100
Trd, 4318211.193, 98
Trd, 4318211.443, 98
Trd, 4318212.693, 96
Trd, 4318215.643, 84
Trd, 4318216.143, 80
Trd, 4318219.143, 91
Trd, 4318219.293, 86
Trd, 4318222.143, 96
Trd, 4318223.193, 94
Trd, 4318223.493, 93
Trd, 4318225.093, 92
Trd, 4318227.793, 96
Trd, 4318228.193, 96
Trd, 4318228.893, 98
Trd, 4318229.493, 97
Trd, 4318230.843, 96
Trd, 4318234.143, 95
Trd, 4318235.543, 93
Trd, 4318235.893, 90
Trd, 4318237.343, 92
Trd, 4318239.943, 97
Trd, 4318241.293, 88
Trd, 4318241.843, 85
Trd, 4318243.243, 84
Trd, 4318244.243, 82
Trd, 4318245.543, 93
Trd, 4318246.443, 96
Trd, 4318247.393, 93
Trd, 4318248.043, 92
Trd, 4318251.443, 94
Trd, 4318252.743, 93
Trd, 4318254.193, 95
Trd, 4318254.243, 84
Trd, 4318254.743, 84
Trd, 4318258.643, 89
Trd, 4318259.343, 85
Trd, 4318262.393, 89
Trd, 4318263.693, 95
Trd, 4318266.093, 92
Trd, 4318266.243, 89
Trd, 4318267.293, 84
Trd, 4318268.543, 88
Trd, 4318268.993, 105
Trd, 4318270.993, 96
Trd, 4318271.193, 90
Trd, 4318271.343, 84
Trd, 4318272.143, 83
Trd, 4318273.093, 112
Trd, 4318274.393, 100
Trd, 4318274.893, 91
Trd, 4318275.793, 97
Trd, 4318279.343, 96
Trd, 4318281.043, 95
Trd, 4318281.143, 101
Trd, 4318283.393, 97
Trd, 4318285.093, 94
Trd, 4318286.193, 95
Trd, 4318287.043, 86
Trd, 4318288.193, 98
Trd, 4318288.843, 98
Trd, 4318289.543, 92
Trd, 4318291.993, 91
Trd, 4318292.643, 98
Trd, 4318296.643, 89
Trd, 4318296.693, 96
Trd, 4318297.893, 86
Trd, 4318299.043, 90
Trd, 4318299.293, 94
Trd, 4318301.143, 94
Trd, 4318302.443, 94
Trd, 4318303.643, 94
Trd, 4318304.143, 93
Trd, 4318304.293, 93
Trd, 4318306.443, 94
Trd, 4318307.443, 95
Trd, 4318307.943, 82
Trd, 4318308.493, 80
Trd, 4318309.143, 74
Trd, 4318311.493, 90
Trd, 4318313.143, 87
Trd, 4318315.143, 88
Trd, 4318316.393, 95
Trd, 4318317.443, 90
Trd, 4318317.843, 85
Trd, 4318320.443, 91
Trd, 4318321.793, 95
Trd, 4318322.243, 94
Trd, 4318322.943, 97
Trd, 4318324.993, 97
Trd, 4318327.643, 96
Trd, 4318328.343, 95
Trd, 4318328.443, 92
Trd, 4318329.243, 80
Trd, 4318331.893, 97
Trd, 4318332.443, 93
Trd, 4318333.643, 95
Trd, 4318335.843, 100
Trd, 4318335.893, 75
Trd, 4318336.643, 75
Trd, 4318337.343, 110
Trd, 4318337.843, 92
Trd, 4318338.593, 101
Trd, 4318339.143, 83
Trd, 4318339.593, 84
Trd, 4318340.943, 98
Trd, 4318342.193, 98
Trd, 4318343.293, 101
Trd, 4318346.443, 106
Trd, 4318346.493, 105
Trd, 4318347.543, 104
Trd, 4318348.043, 113
Trd, 4318348.593, 98
Trd, 4318348.893, 84
Trd, 4318352.893, 92
Trd, 4318354.093, 98
Trd, 4318354.793, 94
Trd, 4318356.143, 85
Trd, 4318356.443, 85
Trd, 4318359.743, 94
Trd, 4318361.943, 100
Trd, 4318362.993, 100
Trd, 4318363.643, 94
Trd, 4318363.943, 93
Trd, 4318366.443, 97
Trd, 4318368.993, 95
Trd, 4318369.343, 94
Trd, 4318371.693, 94
Trd, 4318373.943, 97
Trd, 4318375.543, 98
Trd, 4318375.893, 95
Trd, 4318376.193, 94
Trd, 4318376.543, 84
Trd, 4318379.543, 96
Trd, 4318380.493, 100
Trd, 4318381.743, 96
Trd, 4318382.493, 98
Trd, 4318382.693, 95
Trd, 4318384.043, 97
Trd, 4318384.643, 96
Trd, 4318386.293, 97
Trd, 4318388.293, 96
Trd, 4318389.993, 100
Trd, 4318390.793, 101
Trd, 4318391.343, 113
Trd, 4318391.543, 102
Trd, 4318393.493, 101
Trd, 4318395.143, 103
Trd, 4318397.593, 103
Trd, 4318398.493, 102
Trd, 4318398.993, 103
Trd, 4318399.143, 81
Trd, 4318400.343, 92
Trd, 4318403.243, 89
Trd, 4318405.343, 93
Trd, 4318406.243, 96
Trd, 4318406.293, 110
Trd, 4318407.593, 96
Trd, 4318408.443, 94
Trd, 4318410.093, 99
Trd, 4318411.293, 97
Trd, 4318411.393, 94
Trd, 4318411.843, 93
Trd, 4318412.293, 74
Trd, 4318415.393, 85
Trd, 4318415.643, 67
Trd, 4318416.493, 95
Trd, 4318417.843, 86
Trd, 4318418.743, 112
Trd, 4318419.643, 87
Trd, 4318422.193, 98
Trd, 4318424.493, 96
Trd, 4318425.143, 90
Trd, 4318426.643, 90
Trd, 4318427.443, 87
Trd, 4318428.293, 84
Trd, 4318429.193, 111
Trd, 4318430.943, 86
Trd, 4318432.943, 85
Trd, 4318434.243, 91
Trd, 4318435.343, 92
Trd, 4318436.343, 90
Trd, 4318438.393, 88
Trd, 4318438.743, 91
Trd, 4318439.343, 88
Trd, 4318441.643, 95
Trd, 4318443.993, 93
Trd, 4318445.193, 90
Trd, 4318445.893, 89
Trd, 4318447.843, 91
Trd, 4318448.893, 89
Trd, 4318449.843, 95
Trd, 4318450.543, 85
Trd, 4318453.243, 92
Trd, 4318454.393, 101
Trd, 4318454.993, 100
Trd, 4318455.093, 96
Trd, 4318455.843, 90
Trd, 4318456.443, 89
Trd, 4318459.443, 100
Trd, 4318460.993, 97
Trd, 4318461.493, 96
Trd, 4318462.193, 113
Trd, 4318463.793, 101
Trd, 4318465.293, 98
Trd, 4318466.093, 95
Trd, 4318466.693, 86
Trd, 4318467.093, 100
Trd, 4318471.543, 96
Trd, 4318472.443, 95
Trd, 4318474.443, 94
Trd, 4318476.743, 98
Trd, 4318477.943, 98
Trd, 4318479.843, 98
Trd, 4318480.343, 110
Trd, 4318481.443, 99
Trd, 4318482.293, 98
Trd, 4318483.143, 85
Trd, 4318483.443, 76
Trd, 4318485.593, 93
Trd, 4318488.193, 97
Trd, 4318489.043, 101
Trd, 4318489.743, 96
Trd, 4318489.993, 85
Trd, 4318493.343, 94
Trd, 4318493.693, 77
Trd, 4318497.243, 92
Trd, 4318497.893, 91
Trd, 4318498.293, 93
Trd, 4318500.393, 90
Trd, 4318501.643, 90
Trd, 4318503.543, 93
Trd, 4318505.243, 89
Trd, 4318505.693, 85
Trd, 4318506.943, 78
Trd, 4318507.043, 95
Trd, 4318508.193, 107
Trd, 4318508.793, 96
Trd, 4318510.293, 96
Trd, 4318511.393, 99
Trd, 4318513.293, 95
Trd, 4318513.943, 95
Trd, 4318515.743, 98
Trd, 4318516.043, 91
Trd, 4318517.093, 87
Trd, 4318519.593, 90
Trd, 4318521.093, 85
Trd, 4318521.243, 79
Trd, 4318522.093, 95
Trd, 4318524.443, 89
Trd, 4318525.693, 87
Trd, 4318526.493, 95
Trd, 4318527.343, 86
Trd, 4318529.593, 92
Trd, 4318529.893, 87
Trd, 4318530.993, 87
Trd, 4318531.243, 87
Trd, 4318532.343, 85
Trd, 4318532.593, 92
Trd, 4318533.793, 79
Trd, 4318534.243, 95
Trd, 4318537.843, 92
Trd, 4318538.043, 89
Trd, 4318540.343, 95
Trd, 4318540.943, 91
Trd, 4318541.743, 100
Trd, 4318543.543, 94
Trd, 4318544.043, 85
Trd, 4318544.343, 96
Trd, 4318544.743, 106
Trd, 4318545.893, 102
Trd, 4318549.543, 91
Trd, 4318550.093, 97
Trd, 4318550.293, 84
Trd, 4318551.543, 94
Trd, 4318553.693, 95
Trd, 4318555.093, 96
Trd, 4318555.393, 96
Trd, 4318556.643, 85
Trd, 4318558.843, 93
Trd, 4318559.343, 97
Trd, 4318560.443, 94
Trd, 4318561.043, 84
Trd, 4318561.543, 74
Trd, 4318563.893, 96
Trd, 4318564.243, 95
Trd, 4318564.393, 93
Trd, 4318566.293, 107
Trd, 4318569.543, 92
Trd, 4318571.243, 97
Trd, 4318571.343, 96
Trd, 4318572.143, 73
Trd, 4318575.193, 90
Trd, 4318575.543, 86
Trd, 4318578.293, 93
Trd, 4318578.393, 96
Trd, 4318579.043, 89
Trd, 4318582.543, 93
Trd, 4318583.093, 89
Trd, 4318584.743, 89
Trd, 4318585.793, 95
Trd, 4318586.643, 85
Trd, 4318587.743, 79
Trd, 4318588.343, 74
Trd, 4318590.093, 73
Trd, 4318590.443, 78
Trd, 4318594.093, 95
Trd, 4318594.993, 82
Trd, 4318596.743, 84
Trd, 4318597.393, 88
Trd, 4318598.643, 87
Trd, 4318599.143, 86
Trd, 4318600.893, 87
Trd, 4318601.043, 88
Trd, 4318604.843, 88
Trd, 4318605.193, 86
Trd, 4318606.043, 113
Trd, 4318608.343, 96
Trd, 4318610.893, 92
Trd, 4318613.393, 93
Trd, 4318615.143, 93
Trd, 4318615.943, 91
Trd, 4318617.393, 95
Trd, 4318618.243, 113
Trd, 4318618.943, 106
Trd, 4318620.193, 98
Trd, 4318620.643, 87
Trd, 4318621.593, 95
Trd, 4318622.693, 98
Trd, 4318625.493, 98
Trd, 4318626.093, 85
Trd, 4318627.193, 88
Trd, 4318627.493, 76
Trd, 4318627.643, 95
Trd, 4318629.443, 89
Trd, 4318631.043, 93
Trd, 4318632.843, 95
Trd, 4318634.643, 95
Trd, 4318635.843, 97
Trd, 4318636.143, 113
Trd, 4318636.293, 93
Trd, 4318636.343, 92
Trd, 4318639.143, 93
Trd, 4318640.243, 98
Trd, 4318641.193, 99
Trd, 4318641.693, 93
Trd, 4318644.093, 93
Trd, 4318644.143, 84
Trd, 4318645.143, 68
Trd, 4318646.093, 88
Trd, 4318647.043, 81
Trd, 4318648.943, 93
Trd, 4318649.343, 91
Trd, 4318651.743, 125
Trd, 4318652.493, 102
Trd, 4318653.943, 102
Trd, 4318654.993, 99
Trd, 4318655.743, 85
Trd, 4318657.843, 98
Trd, 4318658.593, 95
Trd, 4318660.893, 99
Trd, 4318662.443, 100
Trd, 4318662.643, 100
Trd, 4318663.193, 113
Trd, 4318663.693, 99
Trd, 4318663.743, 91
Trd, 4318666.893, 92
Trd, 4318668.093, 96
Trd, 4318669.443, 96
Trd, 4318670.343, 97
Trd, 4318671.193, 96
Trd, 4318671.443, 95
Trd, 4318673.293, 97
Trd, 4318673.543, 84
Trd, 4318675.793, 103
Trd, 4318676.393, 103
Trd, 4318677.793, 100
Trd, 4318681.143, 99
Trd, 4318681.593, 99
Trd, 4318682.093, 96
Trd, 4318682.243, 84
Trd, 4318684.893, 85
Trd, 4318685.443, 105
Trd, 4318688.743, 95
Trd, 4318690.993, 94
Trd, 4318691.643, 94
Trd, 4318693.493, 96
Trd, 4318695.743, 94
Trd, 4318697.193, 95
Trd, 4318697.243, 93
Trd, 4318697.893, 83
Trd, 4318699.993, 95
Trd, 4318701.293, 95
Trd, 4318702.893, 95
Trd, 4318702.993, 91
Trd, 4318704.193, 91
Trd, 4318706.293, 88
Trd, 4318706.593, 88
Trd, 4318708.143, 95
Trd, 4318708.193, 94
Trd, 4318710.493, 92
Trd, 4318712.343, 95
Trd, 4318712.843, 92
Trd, 4318714.293, 85
Trd, 4318716.093, 95
Trd, 4318716.793, 89
Trd, 4318719.243, 90
Trd, 4318719.643, 85
Trd, 4318721.293, 87
Trd, 4318722.193, 84
Trd, 4318723.643, 87
Trd, 4318723.693, 86
Trd, 4318726.143, 95
Trd, 4318727.593, 89
Trd, 4318728.093, 88
Trd, 4318729.743, 95
Trd, 4318731.243, 86
Trd, 4318732.193, 85
Trd, 4318735.443, 87
Trd, 4318737.093, 87
Trd, 4318737.543, 95
Trd, 4318737.743, 86
Trd, 4318739.193, 95
Trd, 4318740.843, 96
Trd, 4318742.093, 97
Trd, 4318742.993, 97
Trd, 4318743.593, 96
Trd, 4318744.293, 97
Trd, 4318744.793, 97
Trd, 4318745.843, 97
Trd, 4318746.893, 98
Trd, 4318748.643, 85
Trd, 4318750.793, 98
Trd, 4318750.943, 95
Trd, 4318752.993, 113
Trd, 4318754.243, 98
Trd, 4318754.543, 95
Trd, 4318756.643, 95
Trd, 4318757.393, 96
Trd, 4318759.593, 101
Trd, 4318761.343, 98
Trd, 4318761.743, 97
Trd, 4318763.543, 96
Trd, 4318763.743, 101
Trd, 4318764.293, 85
Trd, 4318767.743, 101
Trd, 4318768.093, 94
Trd, 4318768.343, 101
Trd, 4318768.493, 94
Trd, 4318771.493, 96
Trd, 4318772.743, 101
Trd, 4318773.943, 84
Trd, 4318775.043, 93
Trd, 4318778.243, 98
Trd, 4318778.893, 91
Trd, 4318779.593, 99
Trd, 4318780.093, 85
Trd, 4318781.393, 86
Trd, 4318783.143, 92
Trd, 4318783.593, 85
Trd, 4318784.093, 87
Trd, 4318786.793, 94
Trd, 4318789.743, 89
Trd, 4318790.093, 78
Trd, 4318792.093, 89
Trd, 4318792.293, 94
Trd, 4318793.343, 104
Trd, 4318795.793, 89
Trd, 4318797.143, 88
Trd, 4318797.693, 88
Trd, 4318797.943, 95
Trd, 4318798.143, 84
Trd, 4318798.543, 95
Trd, 4318801.743, 95
Trd, 4318803.293, 97
Trd, 4318803.443, 95
Trd, 4318804.043, 83
Trd, 4318804.543, 77
Trd, 4318806.393, 96
Trd, 4318806.643, 85
Trd, 4318808.293, 94
Trd, 4318810.993, 89
Trd, 4318814.293, 80
Trd, 4318815.043, 85
Trd, 4318816.093, 92
Trd, 4318816.643, 88
Trd, 4318818.943, 92
Trd, 4318819.093, 94
Trd, 4318820.343, 94
Trd, 4318821.993, 94
Trd, 4318823.493, 101
Trd, 4318824.443, 99
Trd, 4318825.943, 97
Trd, 4318827.293, 104
Trd, 4318827.443, 104
Trd, 4318828.793, 96
Trd, 4318831.243, 99
Trd, 4318832.693, 97
Trd, 4318833.043, 102
Trd, 4318833.843, 96
Trd, 4318834.293, 98
Trd, 4318835.493, 94
Trd, 4318835.893, 85
Trd, 4318840.143, 94
Trd, 4318840.343, 93
Trd, 4318842.093, 95
Trd, 4318843.343, 93
Trd, 4318843.693, 92
Trd, 4318844.843, 94
Trd, 4318845.193, 92
Trd, 4318845.293, 84
Trd, 4318846.993, 79
Trd, 4318848.093, 95
Trd, 4318850.543, 91
Trd, 4318851.993, 89
Trd, 4318852.043, 88
Trd, 4318853.693, 95
Trd, 4318853.893, 84
Trd, 4318854.443, 77
Trd, 4318854.493, 76
Trd, 4318857.393, 91
Trd, 4318858.543, 90
Trd, 4318861.193, 95
Trd, 4318861.843, 113
Trd, 4318861.893, 92
Trd, 4318861.993, 90
Trd, 4318864.493, 95
Trd, 4318864.743, 101
Trd, 4318865.993, 97
Trd, 4318866.243, 91
Trd, 4318866.743, 76
Trd, 4318867.293, 81
Trd, 4318868.743, 103
Trd, 4318870.143, 77
Trd, 4318871.343, 92
Trd, 4318874.493, 91
Trd, 4318876.493, 93
Trd, 4318876.993, 90
Trd, 4318877.793, 91
Trd, 4318881.043, 103
Trd, 4318881.743, 84
Trd, 4318882.593, 105
Trd, 4318885.143, 97
Trd, 4318885.743, 98
Trd, 4318886.593, 97
Trd, 4318889.743, 98
Trd, 4318890.043, 85
Trd, 4318892.493, 98
Trd, 4318892.793, 99
Trd, 4318893.193, 96
Trd, 4318896.943, 96
Trd, 4318898.893, 96
Trd, 4318899.093, 95
Trd, 4318899.543, 86
Trd, 4318900.193, 85
Trd, 4318900.743, 113
Trd, 4318901.843, 96
Trd, 4318903.243, 94
Trd, 4318904.543, 99
Trd, 4318905.543, 101
Trd, 4318906.693, 100
Trd, 4318908.143, 79
Trd, 4318909.393, 95
Trd, 4318909.893, 91
Trd, 4318911.543, 98
Trd, 4318912.643, 93
Trd, 4318914.893, 96
Trd, 4318915.043, 94
Trd, 4318916.793, 89
Trd, 4318919.043, 94
Trd, 4318919.393, 98
Trd, 4318919.843, 75
Trd, 4318920.043, 80
Trd, 4318922.443, 97
Trd, 4318923.643, 96
Trd, 4318923.893, 93
Trd, 4318925.343, 93
Trd, 4318926.043, 98
Trd, 4318926.093, 94
Trd, 4318928.593, 96
Trd, 4318929.943, 88
Trd, 4318933.743, 94
Trd, 4318933.993, 93
Trd, 4318934.143, 96
Trd, 4318934.343, 85
Trd, 4318936.743, 96
Trd, 4318936.993, 75
Trd, 4318939.843, 92
Trd, 4318940.193, 91
Trd, 4318941.693, 94
Trd, 4318941.793, 96
Trd, 4318943.493, 84
Trd, 4318944.093, 96
Trd, 4318945.543, 95
Trd, 4318947.143, 94
Trd, 4318947.643, 109
Trd, 4318948.193, 91
Trd, 4318949.543, 91
Trd, 4318950.793, 90
Trd, 4318952.843, 98
Trd, 4318954.143, 92
Trd, 4318955.593, 91
Trd, 4318957.093, 90
Trd, 4318957.593, 97
Trd, 4318963.043, 93
Trd, 4318964.043, 93
Trd, 4318965.443, 113
Trd, 4318966.543, 102
Trd, 4318966.743, 94
Trd, 4318968.793, 94
Trd, 4318969.993, 93
Trd, 4318970.843, 92
Trd, 4318972.893, 92
Trd, 4318975.543, 91
Trd, 4318975.643, 92
Trd, 4318976.443, 84
Trd, 4318980.593, 98
Trd, 4318980.893, 96
Trd, 4318981.243, 100
Trd, 4318983.493, 98
Trd, 4318983.943, 96
Trd, 4318984.693, 99
Trd, 4318987.143, 96
Trd, 4318988.893, 96
Trd, 4318990.143, 95
Trd, 4318990.743, 95
Trd, 4318992.993, 99
Trd, 4318993.393, 82
Trd, 4318996.543, 99
Trd, 4318996.893, 99
Trd, 4318996.943, 89
Trd, 4319000.143, 100
Trd, 4319000.993, 99
Trd, 4319002.093, 99
Trd, 4319003.143, 99
Trd, 4319003.193, 98
Trd, 4319004.343, 97
Trd, 4319005.343, 92
Trd, 4319007.293, 90
Trd, 4319007.743, 97
Trd, 4319007.993, 85
Trd, 4319010.843, 95
Trd, 4319011.743, 96
Trd, 4319012.443, 96
Trd, 4319013.643, 101
Trd, 4319015.243, 96
Trd, 4319016.393, 84
Trd, 4319016.843, 77
Trd, 4319016.993, 98
Trd, 4319019.093, 113
Trd, 4319021.043, 93
Trd, 4319021.293, 101
Trd, 4319021.593, 98
Trd, 4319021.993, 77
Trd, 4319025.143, 90
Trd, 4319026.393, 97
Trd, 4319026.593, 94
Trd, 4319027.393, 94
Trd, 4319027.893, 96
Trd, 4319029.393, 95
Trd, 4319030.593, 106
Trd, 4319031.643, 99
Trd, 4319032.143, 95
Trd, 4319032.993, 95
Trd, 4319033.793, 84
Trd, 4319034.793, 113
Trd, 4319036.343, 97
Trd, 4319036.993, 95
Trd, 4319039.293, 100
Trd, 4319040.393, 102
Trd, 4319040.893, 97
Trd, 4319044.143, 98
Trd, 4319044.293, 97
Trd, 4319045.993, 96
Trd, 4319049.193, 110
Trd, 4319049.343, 108
Trd, 4319049.743, 90
Trd, 4319051.993, 100
Trd, 4319053.743, 102
Trd, 4319053.793, 99
Trd, 4319054.293, 84
Trd, 4319055.243, 102
Trd, 4319055.993, 98
Trd, 4319057.993, 97
Trd, 4319058.143, 102
Trd, 4319060.343, 102
Trd, 4319060.943, 85
Trd, 4319063.843, 95
Trd, 4319064.643, 95
Trd, 4319067.593, 96
Trd, 4319068.343, 99
Trd, 4319069.043, 96
Trd, 4319071.593, 95
Trd, 4319071.643, 95
Trd, 4319072.293, 97
Trd, 4319073.443, 98
Trd, 4319076.243, 96
Trd, 4319076.993, 95
Trd, 4319078.443, 94
Trd, 4319080.793, 94
Trd, 4319081.893, 92
Trd, 4319085.193, 93
Trd, 4319085.593, 97
Trd, 4319085.643, 92
Trd, 4319087.193, 97
Trd, 4319088.843, 84
Trd, 4319090.393, 96
Trd, 4319091.343, 90
Trd, 4319092.743, 78
Trd, 4319093.443, 84
Trd, 4319097.043, 88
Trd, 4319097.893, 87
Trd, 4319098.693, 87
Trd, 4319098.993, 84
Trd, 4319101.193, 92
Trd, 4319101.493, 96
Trd, 4319102.893, 87
Trd, 4319103.393, 89
Trd, 4319103.543, 86
Trd, 4319106.943, 89
Trd, 4319107.143, 86
Trd, 4319107.743, 87
Trd, 4319108.793, 86
Trd, 4319109.593, 87
Trd, 4319112.843, 89
Trd, 4319115.193, 92
Trd, 4319115.343, 90
Trd, 4319117.643, 90
Trd, 4319117.793, 89
Trd, 4319121.243, 90
Trd, 4319121.993, 88
Trd, 4319123.493, 88
Trd, 4319123.593, 90
Trd, 4319124.493, 85
Trd, 4319125.493, 88
Trd, 4319127.043, 77
Trd, 4319127.793, 67
Trd, 4319127.993, 87
Trd, 4319132.343, 94
Trd, 4319133.493, 94
Trd, 4319133.843, 89
Trd, 4319134.143, 95
Trd, 4319135.843, 85
Trd, 4319137.043, 94
Trd, 4319138.393, 92
Trd, 4319139.143, 90
Trd, 4319140.193, 95
Trd, 4319141.793, 91
Trd, 4319142.343, 83
Trd, 4319142.993, 78
Trd, 4319145.293, 93
Trd, 4319145.343, 93
Trd, 4319146.393, 95
Trd, 4319148.743, 87
Trd, 4319149.193, 85
Trd, 4319149.993, 93
Trd, 4319150.493, 90
Trd, 4319150.693, 113
Trd, 4319152.043, 84
Trd, 4319153.743, 98
Trd, 4319155.443, 97
Trd, 4319156.193, 113
Trd, 4319156.343, 97
Trd, 4319156.443, 76
Trd, 4319156.843, 104
Trd, 4319157.843, 61
Trd, 4319161.043, 93
Trd, 4319161.893, 85
Trd, 4319163.293, 96
Trd, 4319164.943, 102
Trd, 4319167.893, 101
Trd, 4319168.493, 99
Trd, 4319168.643, 104
Trd, 4319169.593, 100
Trd, 4319170.393, 89
Trd, 4319170.643, 84
Trd, 4319172.443, 101
Trd, 4319173.893, 97
Trd, 4319174.943, 97
Trd, 4319178.393, 99
Trd, 4319179.093, 97
Trd, 4319179.293, 100
Trd, 4319179.943, 97
Trd, 4319181.143, 95
Trd, 4319184.643, 98
Trd, 4319184.943, 100
Trd, 4319185.343, 97
Trd, 4319189.193, 96
Trd, 4319189.643, 83
Trd, 4319189.743, 100
Trd, 4319191.293, 97
Trd, 4319194.093, 98
Trd, 4319194.393, 98
Trd, 4319195.593, 100
Trd, 4319197.743, 99
Trd, 4319198.543, 97
Trd, 4319200.943, 95
Trd, 4319201.593, 100
Trd, 4319201.843, 100
Trd, 4319202.443, 97
Trd, 4319204.143, 96
Trd, 4319204.743, 96
Trd, 4319207.693, 83
Trd, 4319208.293, 75
Trd, 4319209.693, 89
Trd, 4319209.943, 94
Trd, 4319211.893, 95
Trd, 4319212.343, 91
Trd, 4319212.893, 90
Trd, 4319213.393, 113
Trd, 4319214.893, 97
Trd, 4319215.943, 97
Trd, 4319218.093, 92
Trd, 4319218.593, 98
Trd, 4319219.093, 85
Trd, 4319222.193, 91
Trd, 4319224.943, 97
Trd, 4319225.493, 91
Trd, 4319226.043, 97
Trd, 4319226.543, 91
Trd, 4319228.243, 91
Trd, 4319230.493, 91
Trd, 4319231.093, 90
Trd, 4319232.443, 85
Trd, 4319234.543, 86
Trd, 4319235.193, 94
Trd, 4319236.043, 93
Trd, 4319238.293, 88
Trd, 4319238.793, 93
Trd, 4319239.393, 90
Trd, 4319240.893, 89
Trd, 4319241.093, 85
Trd, 4319244.093, 95
Trd, 4319245.643, 88
Trd, 4319246.943, 88
Trd, 4319248.293, 86
Trd, 4319249.643, 89
Trd, 4319250.993, 93
Trd, 4319252.843, 88
Trd, 4319253.393, 87
Trd, 4319254.343, 95
Trd, 4319255.593, 104
Trd, 4319257.693, 95
Trd, 4319259.393, 96
Trd, 4319259.693, 95
Trd, 4319260.493, 91
Trd, 4319261.343, 106
Trd, 4319262.893, 103
Trd, 4319264.443, 100
Trd, 4319264.493, 101
Trd, 4319265.593, 96
Trd, 4319266.843, 84
Trd, 4319267.043, 106
Trd, 4319268.143, 81
Trd, 4319268.793, 91
Trd, 4319268.993, 95
Trd, 4319271.343, 80
Trd, 4319272.243, 76
Trd, 4319275.393, 96
Trd, 4319276.743, 97
Trd, 4319278.143, 101
Trd, 4319279.093, 80
Trd, 4319280.143, 97
Trd, 4319280.693, 102
Trd, 4319282.393, 82
Trd, 4319286.543, 94
Trd, 4319286.643, 97
Trd, 4319288.893, 96
Trd, 4319289.143, 94
Trd, 4319289.293, 90
Trd, 4319289.443, 95
Trd, 4319292.443, 92
Trd, 4319293.243, 96
Trd, 4319293.743, 104
Trd, 4319294.243, 83
Trd, 4319296.493, 90
Trd, 4319296.843, 99
Trd, 4319297.493, 91
Trd, 4319300.443, 96
Trd, 4319300.693, 96
Trd, 4319301.743, 92
Trd, 4319302.193, 91
Trd, 4319303.543, 96
Trd, 4319305.893, 95
Trd, 4319306.143, 89
Trd, 4319306.243, 116
Trd, 4319306.643, 84
Trd, 4319307.443, 89
Trd, 4319308.843, 92
Trd, 4319310.843, 98
Trd, 4319311.593, 91
Trd, 4319312.643, 92
Trd, 4319316.043, 98
Trd, 4319316.893, 98
Trd, 4319317.543, 96
Trd, 4319319.093, 94
Trd, 4319321.593, 94
Trd, 4319323.393, 96
Trd, 4319323.693, 96
Trd, 4319324.593, 95
Trd, 4319326.493, 96
Trd, 4319326.543, 95
Trd, 4319327.143, 96
Trd, 4319328.093, 104
Trd, 4319328.943, 95
Trd, 4319329.943, 98
Trd, 4319331.343, 98
Trd, 4319331.593, 95
Trd, 4319332.093, 94
Trd, 4319332.343, 106
Trd, 4319333.043, 76
Trd, 4319338.693, 93
Trd, 4319341.143, 91
Trd, 4319341.893, 95
Trd, 4319343.093, 84
Trd, 4319343.743, 111
Trd, 4319344.293, 97
Trd, 4319345.793, 94
Trd, 4319347.993, 97
Trd, 4319348.043, 95
Trd, 4319350.293, 96
Trd, 4319352.993, 95
Trd, 4319353.143, 95
Trd, 4319353.543, 96
Trd, 4319353.743, 94
Trd, 4319354.043, 93
Trd, 4319356.293, 113
Trd, 4319357.243, 100
Trd, 4319358.093, 101
Trd, 4319359.493, 101
Trd, 4319360.043, 88
Trd, 4319360.643, 90
Trd, 4319363.093, 91
Trd, 4319365.193, 97
Trd, 4319365.393, 84
Trd, 4319366.943, 93
Trd, 4319367.443, 76
Trd, 4319367.743, 98
Trd, 4319370.943, 89
Trd, 4319371.693, 97
Trd, 4319372.093, 89
Trd, 4319372.793, 91
Trd, 4319375.343, 93
Trd, 4319376.593, 94
Trd, 4319376.643, 95
Trd, 4319377.043, 91
Trd, 4319379.493, 97
Trd, 4319380.093, 84
Trd, 4319380.243, 79
Trd, 4319381.493, 100
Trd, 4319382.893, 104
Trd, 4319384.143, 100
Trd, 4319385.943, 81
Trd, 4319386.793, 93
Trd, 4319388.093, 95
Trd, 4319388.593, 89
Trd, 4319389.643, 90
Trd, 4319391.443, 98
Trd, 4319391.543, 94
Trd, 4319392.293, 79
Trd, 4319393.043, 83
Trd, 4319394.993, 82
Trd, 4319395.893, 88
Trd, 4319396.043, 88
Trd, 4319398.293, 97
Trd, 4319398.943, 96
Trd, 4319399.293, 91
Trd, 4319400.543, 91
Trd, 4319402.043, 90
Trd, 4319402.743, 92
Trd, 4319402.793, 105
Trd, 4319405.193, 99
Trd, 4319406.043, 112
Trd, 4319406.793, 103
Trd, 4319407.843, 98
Trd, 4319408.293, 102
Trd, 4319409.693, 83
Trd, 4319411.343, 80
Trd, 4319413.093, 103
Trd, 4319413.193, 113
Trd, 4319414.143, 100
Trd, 4319414.243, 98
Trd, 4319415.093, 97
Trd, 4319415.643, 81
Trd, 4319422.393, 97
Trd, 4319423.543, 95
Trd, 4319423.793, 96
Trd, 4319424.193, 94
Trd, 4319426.493, 93
Trd, 4319428.593, 90
Trd, 4319428.893, 95
Trd, 4319429.243, 93
Trd, 4319432.143, 91
Trd, 4319432.243, 85
Trd, 4319435.993, 89
Trd, 4319436.843, 90
Trd, 4319437.643, 84
Trd, 4319438.743, 88
Trd, 4319440.293, 92
Trd, 4319441.793, 81
Trd, 4319441.843, 95
Trd, 4319442.793, 95
Trd, 4319444.293, 97
Trd, 4319444.493, 94
Trd, 4319445.043, 113
Trd, 4319447.343, 96
Trd, 4319447.643, 95
Trd, 4319447.843, 78
Trd, 4319448.693, 88
Trd, 4319451.193, 92
Trd, 4319453.843, 96
Trd, 4319453.893, 95
Trd, 4319454.493, 96
Trd, 4319457.243, 95
Trd, 4319458.893, 97
Trd, 4319459.393, 96
Trd, 4319459.443, 99
Trd, 4319460.043, 113
Trd, 4319460.693, 87
Trd, 4319462.893, 89
Trd, 4319464.493, 95
Trd, 4319464.543, 98
Trd, 4319466.493, 95
Trd, 4319468.693, 97
Trd, 4319468.843, 94
Trd, 4319470.093, 85
Trd, 4319471.793, 94
Trd, 4319472.643, 93
Trd, 4319472.693, 92
Trd, 4319477.293, 92
Trd, 4319477.893, 92
Trd, 4319478.843, 94
Trd, 4319480.493, 91
Trd, 4319481.543, 94
Trd, 4319483.443, 89
Trd, 4319484.793, 93
Trd, 4319485.443, 92
Trd, 4319485.843, 94
Trd, 4319486.243, 85
Trd, 4319489.593, 90
Trd, 4319489.843, 88
Trd, 4319491.843, 94
Trd, 4319494.143, 91
Trd, 4319495.893, 85
Trd, 4319496.893, 93
Trd, 4319497.493, 95
Trd, 4319497.843, 90
Trd, 4319499.343, 89
Trd, 4319500.043, 106
Trd, 4319500.593, 90
Trd, 4319501.943, 89
Trd, 4319502.743, 88
Trd, 4319503.843, 95
Trd, 4319504.193, 89
Trd, 4319506.593, 96
Trd, 4319507.743, 88
Trd, 4319511.993, 95
Trd, 4319512.793, 96
Trd, 4319513.293, 93
Trd, 4319513.343, 113
Trd, 4319513.443, 85
Trd, 4319516.493, 96
Trd, 4319517.643, 92
Trd, 4319518.343, 101
Trd, 4319518.993, 84
Trd, 4319521.993, 96
Trd, 4319522.143, 92
Trd, 4319522.293, 97
Trd, 4319522.343, 84
Trd, 4319527.143, 92
Trd, 4319529.143, 96
Trd, 4319530.493, 96
Trd, 4319531.243, 95
Trd, 4319532.293, 95
Trd, 4319532.743, 96
Trd, 4319533.643, 94
Trd, 4319534.943, 92
Trd, 4319537.743, 93
Trd, 4319538.843, 96
Trd, 4319541.143, 95
Trd, 4319541.293, 94
Trd, 4319541.793, 99
Trd, 4319542.493, 95
Trd, 4319543.393, 85
Trd, 4319546.593, 95
Trd, 4319547.643, 94
Trd, 4319548.343, 95
Trd, 4319550.443, 94
Trd, 4319552.943, 94
Trd, 4319553.243, 94
Trd, 4319554.143, 93
Trd, 4319555.643, 92
Trd, 4319556.343, 95
Trd, 4319559.193, 92
Trd, 4319560.643, 86
Trd, 4319561.893, 95
Trd, 4319562.343, 90
Trd, 4319563.043, 94
Trd, 4319565.443, 95
Trd, 4319565.593, 93
Trd, 4319567.743, 98
Trd, 4319567.843, 93
Trd, 4319570.893, 95
Trd, 4319571.143, 95
Trd, 4319571.293, 88
Trd, 4319571.593, 85
Trd, 4319572.393, 76
Trd, 4319575.843, 86
Trd, 4319575.893, 94
Trd, 4319577.443, 88
Trd, 4319578.393, 100
Trd, 4319579.843, 94
Trd, 4319580.743, 86
Trd, 4319580.843, 95
Trd, 4319581.493, 85
Trd, 4319584.193, 95
Trd, 4319585.343, 92
Trd, 4319585.493, 96
Trd, 4319587.693, 91
Trd, 4319589.543, 96
Trd, 4319590.893, 98
Trd, 4319591.793, 98
Trd, 4319594.443, 96
Trd, 4319596.293, 95
Trd, 4319596.593, 84
Trd, 4319597.243, 98
Trd, 4319597.893, 98
Trd, 4319598.993, 91
Trd, 4319599.993, 83
Trd, 4319600.443, 95
Trd, 4319602.343, 91
Trd, 4319603.193, 108
Trd, 4319603.493, 100
Trd, 4319604.043, 95
Trd, 4319605.243, 94
Trd, 4319607.843, 93
Trd, 4319610.443, 94
Trd, 4319610.793, 100
Trd, 4319612.043, 100
Trd, 4319612.143, 94
Trd, 4319612.443, 93
Trd, 4319613.743, 82
Trd, 4319613.893, 99
Trd, 4319616.343, 94
Trd, 4319618.393, 93
Trd, 4319620.743, 85
Trd, 4319621.043, 98
Trd, 4319621.543, 89
Trd, 4319621.643, 81
Trd, 4319624.293, 89
Trd, 4319625.043, 95
Trd, 4319625.993, 89
Trd, 4319626.043, 95
Trd, 4319629.793, 95
Trd, 4319630.643, 90
Trd, 4319631.143, 92
Trd, 4319632.593, 103
Trd, 4319633.693, 93
Trd, 4319634.043, 97
Trd, 4319638.193, 96
Trd, 4319638.843, 85
Trd, 4319639.193, 81
Trd, 4319640.343, 98
Trd, 4319640.843, 93
Trd, 4319644.593, 93
Trd, 4319646.893, 97
Trd, 4319648.193, 96
Trd, 4319649.593, 98
Trd, 4319650.443, 99
Trd, 4319651.343, 98
Trd, 4319653.043, 99
Trd, 4319653.193, 98
Trd, 4319653.643, 83
Trd, 4319654.193, 97
Trd, 4319655.893, 98
Trd, 4319656.743, 98
Trd, 4319659.893, 99
Trd, 4319662.843, 97
Trd, 4319663.093, 83
Trd, 4319663.343, 99
Trd, 4319663.893, 74
Trd, 4319664.143, 85
Trd, 4319667.693, 92
Trd, 4319669.243, 91
Trd, 4319669.743, 96
Trd, 4319670.843, 90
Trd, 4319671.443, 89
Trd, 4319672.793, 84
Trd, 4319673.893, 97
Trd, 4319677.143, 97
Trd, 4319678.643, 104
Trd, 4319679.393, 102
Trd, 4319679.593, 89
Trd, 4319680.993, 83
Trd, 4319681.543, 109
Trd, 4319682.293, 97
Trd, 4319685.593, 97
Trd, 4319686.043, 96
Trd, 4319687.193, 87
Trd, 4319690.593, 100
Trd, 4319691.643, 97
Trd, 4319693.393, 97
Trd, 4319694.393, 96
Trd, 4319695.643, 85
Trd, 4319698.293, 94
Trd, 4319698.493, 97
Trd, 4319700.343, 93
Trd, 4319701.493, 92
Trd, 4319703.943, 95
Trd, 4319703.993, 94
Trd, 4319704.393, 94
Trd, 4319705.293, 84
Trd, 4319707.543, 94
Trd, 4319708.543, 96
Trd, 4319709.193, 96
Trd, 4319710.293, 95
Trd, 4319712.143, 84
Trd, 4319713.493, 97
Trd, 4319713.843, 93
Trd, 4319714.593, 104
Trd, 4319716.093, 84
Trd, 4319718.993, 93
Trd, 4319720.243, 91
Trd, 4319722.393, 96
Trd, 4319722.843, 96
Trd, 4319724.093, 92
Trd, 4319724.343, 91
Trd, 4319725.593, 96
Trd, 4319725.943, 92
Trd, 4319726.543, 96
Trd, 4319726.893, 107
Trd, 4319728.543, 96
Trd, 4319731.393, 99
Trd, 4319731.643, 95
Trd, 4319732.093, 94
Trd, 4319732.593, 85
Trd, 4319734.493, 100
Trd, 4319736.043, 113
Trd, 4319736.993, 104
Trd, 4319737.093, 103
Trd, 4319738.593, 105
Trd, 4319739.343, 101
Trd, 4319739.793, 96
Trd, 4319743.243, 77
Trd, 4319743.343, 75
Trd, 4319744.693, 92
Trd, 4319745.593, 107
Trd, 4319749.093, 99
Trd, 4319749.443, 108
Trd, 4319749.743, 93
Trd, 4319750.693, 103
Trd, 4319752.043, 101
Trd, 4319752.743, 101
Trd, 4319754.143, 100
Trd, 4319755.193, 84
Trd, 4319757.893, 101
Trd, 4319758.743, 96
Trd, 4319760.043, 94
Trd, 4319760.493, 84
Trd, 4319761.793, 95
Trd, 4319764.993, 94
Trd, 4319765.043, 90
Trd, 4319766.093, 92
Trd, 4319766.143, 86
Trd, 4319766.693, 85
Trd, 4319768.243, 95
Trd, 4319769.943, 95
Trd, 4319770.893, 95
Trd, 4319771.593, 94
Trd, 4319773.343, 113
Trd, 4319775.193, 103
Trd, 4319775.693, 101
Trd, 4319777.993, 84
Trd, 4319778.343, 83
Trd, 4319778.493, 88
Trd, 4319780.143, 95
Trd, 4319783.043, 95
Trd, 4319784.443, 94
Trd, 4319784.893, 92
Trd, 4319786.743, 92
Trd, 4319786.893, 95
Trd, 4319788.993, 89
Trd, 4319790.693, 92
Trd, 4319790.893, 91
Trd, 4319792.393, 79
Trd, 4319792.443, 95
Trd, 4319793.693, 83
Trd, 4319796.393, 91
Trd, 4319796.743, 93
Trd, 4319797.543, 89
Trd, 4319798.143, 95
Trd, 4319799.343, 90
Trd, 4319801.943, 92
Trd, 4319804.093, 101
Trd, 4319804.643, 99
Trd, 4319805.743, 113
Trd, 4319806.093, 85
Trd, 4319806.193, 77
Trd, 4319807.193, 90
Trd, 4319809.393, 91
Trd, 4319809.893, 88
Trd, 4319810.693, 84
Trd, 4319813.143, 88
Trd, 4319816.243, 90
Trd, 4319817.393, 89
Trd, 4319820.193, 95
Trd, 4319820.393, 90
Trd, 4319821.343, 96
Trd, 4319822.243, 99
Trd, 4319822.343, 93
Trd, 4319822.643, 90
Trd, 4319823.143, 92
Trd, 4319824.843, 96
Trd, 4319825.243, 86
Trd, 4319828.393, 95
Trd, 4319829.593, 91
Trd, 4319830.643, 86
Trd, 4319832.543, 85
Trd, 4319832.843, 93
Trd, 4319833.043, 61
Trd, 4319833.493, 77
Trd, 4319834.543, 95
Trd, 4319835.493, 92
Trd, 4319836.193, 101
Trd, 4319839.043, 98
Trd, 4319839.743, 92
Trd, 4319840.343, 83
Trd, 4319840.443, 98
Trd, 4319840.843, 88
Trd, 4319843.293, 99
Trd, 4319843.893, 90
Trd, 4319844.793, 93
Trd, 4319845.643, 113
Trd, 4319846.543, 85
Trd, 4319847.943, 96
Trd, 4319849.843, 90
Trd, 4319852.743, 92
Trd, 4319853.443, 93
Trd, 4319857.343, 92
Trd, 4319857.593, 92
Trd, 4319858.793, 95
Trd, 4319859.393, 105
Trd, 4319859.443, 92
Trd, 4319860.543, 100
Trd, 4319861.493, 99
Trd, 4319862.043, 96
Trd, 4319864.193, 95
Trd, 4319866.593, 94
Trd, 4319866.743, 92
Trd, 4319868.543, 97
Trd, 4319869.593, 91
Trd, 4319871.443, 97
Trd, 4319872.543, 96
Trd, 4319873.993, 97
Trd, 4319874.343, 96
Trd, 4319875.243, 96
Trd, 4319875.893, 85
Trd, 4319878.993, 97
Trd, 4319879.643, 88
Trd, 4319883.443, 97
Trd, 4319883.593, 92
Trd, 4319884.593, 92
Trd, 4319884.843, 89
Trd, 4319886.943, 93
Trd, 4319887.093, 91
Trd, 4319889.393, 92
Trd, 4319890.343, 91
Trd, 4319892.343, 95
Trd, 4319892.893, 91
Trd, 4319893.793, 95
Trd, 4319897.243, 90
Trd, 4319898.193, 93
Trd, 4319899.643, 93
Trd, 4319901.393, 95
Trd, 4319903.943, 91
Trd, 4319907.193, 94
Trd, 4319907.293, 95
Trd, 4319907.343, 91
Trd, 4319907.693, 90
Trd, 4319909.643, 88
Trd, 4319909.893, 84
Trd, 4319911.443, 87
Trd, 4319913.193, 95
Trd, 4319913.393, 86
Trd, 4319917.943, 88
Trd, 4319918.593, 87
Trd, 4319918.943, 94
Trd, 4319919.293, 96
Trd, 4319920.893, 96
Trd, 4319921.593, 97
Trd, 4319922.343, 85
Trd, 4319925.993, 90
Trd, 4319927.193, 84
Trd, 4319929.043, 95
Trd, 4319930.543, 88
Trd, 4319932.393, 95
Trd, 4319932.693, 92
Trd, 4319933.493, 93
Trd, 4319936.643, 85
Trd, 4319937.843, 91
Trd, 4319940.993, 78
Trd, 4319941.193, 93
Trd, 4319942.943, 91
Trd, 4319943.543, 89
Trd, 4319944.243, 91
Trd, 4319945.443, 89
Trd, 4319945.643, 84
Trd, 4319949.193, 91
Trd, 4319949.293, 85
Trd, 4319950.193, 84
Trd, 4319952.593, 101
Trd, 4319953.093, 96
Trd, 4319954.343, 93
Trd, 4319955.043, 93
Trd, 4319956.243, 93
Trd, 4319957.343, 94
Trd, 4319958.243, 96
Trd, 4319959.143, 93
Trd, 4319960.143, 83
Trd, 4319961.643, 93
Trd, 4319965.293, 93
Trd, 4319965.593, 92
Trd, 4319965.743, 93
Trd, 4319966.093, 92
Trd, 4319966.743, 95
Trd, 4319967.393, 83
Trd, 4319969.793, 95
Trd, 4319971.743, 90
Trd, 4319972.643, 88
Trd, 4319974.293, 91
Trd, 4319975.393, 94
Trd, 4319978.093, 92
Trd, 4319978.643, 89
Trd, 4319978.693, 94
Trd, 4319980.143, 85
Trd, 4319982.243, 67
Trd, 4319982.293, 94
Trd, 4319982.343, 123
Trd, 4319982.793, 77
Trd, 4319987.693, 87
Trd, 4319988.243, 85
Trd, 4319989.343, 95
Trd, 4319989.743, 82
Trd, 4319990.793, 88
Trd, 4319991.243, 95
Trd, 4319992.743, 97
Trd, 4319993.443, 101
Trd, 4319994.643, 100
Trd, 4319996.043, 98
Trd, 4319996.893, 83
Trd, 4319997.843, 95
Trd, 4319998.943, 95
