Trd, 4317862.643, 93
Trd, 4317863.743, 95
Trd, 4317865.793, 93
Trd, 4317865.893, 101
Trd, 4317867.443, 96
Trd, 4317868.493, 96
Trd, 4317870.843, 95
Trd, 4317871.293, 96
Trd, 4317871.993, 95
Trd, 4317873.093, 95
Trd, 4317874.393, 96
Trd, 4317876.043, 95
Trd, 4317878.293, 96
Trd, 4317878.743, 95
Trd, 4317880.143, 95
Trd, 4317880.243, 96
Trd, 4317884.343, 95
Trd, 4317884.993, 95
Trd, 4317887.393, 95
Trd, 4317887.843, 94
Trd, 4317888.093, 95
Trd, 4317888.543, 95
Trd, 4317891.743, 95
Trd, 4317891.943, 94
Trd, 4317892.643, 95
Trd, 4317896.143, 95
Trd, 4317897.293, 95
Trd, 4317898.243, 95
Trd, 4317898.793, 94
Trd, 4317902.443, 96
Trd, 4317904.993, 95
Trd, 4317905.643, 94
Trd, 4317905.943, 95
Trd, 4317906.693, 95
Trd, 4317909.493, 96
Trd, 4317910.143, 95
Trd, 4317911.943, 95
Trd, 4317913.493, 96
Trd, 4317915.343, 96
Trd, 4317916.643, 96
Trd, 4317917.293, 95
Trd, 4317917.793, 95
Trd, 4317919.693, 95
Trd, 4317921.793, 94
Trd, 4317923.543, 95
Trd, 4317923.643, 95
Trd, 4317924.693, 95
Trd, 4317925.793, 95
Trd, 4317927.743, 95
Trd, 4317928.193, 95
Trd, 4317929.693, 95
Trd, 4317929.993, 94
Trd, 4317930.843, 93
Trd, 4317930.993, 94
Trd, 4317932.943, 94
Trd, 4317934.943, 95
Trd, 4317936.043, 103
Trd, 4317936.943, 98
Trd, 4317939.243, 97
Trd, 4317941.293, 96
Trd, 4317943.343, 95
Trd, 4317944.993, 95
Trd, 4317945.143, 95
Trd, 4317945.343, 93
Trd, 4317946.593, 94
Trd, 4317948.043, 94
Trd, 4317948.843, 93
Trd, 4317949.293, 94
Trd, 4317950.543, 94
Trd, 4317954.093, 94
Trd, 4317954.743, 101
Trd, 4317956.393, 96
Trd, 4317957.143, 93
Trd, 4317957.593, 93
Trd, 4317960.143, 93
Trd, 4317960.493, 94
Trd, 4317961.493, 95
Trd, 4317962.493, 94
Trd, 4317962.743, 93
Trd, 4317966.243, 92
Trd, 4317967.393, 94
Trd, 4317972.143, 94
Trd, 4317972.443, 93
Trd, 4317972.793, 94
Trd, 4317974.693, 94
Trd, 4317975.093, 97
Trd, 4317976.043, 95
Trd, 4317978.493, 103
Trd, 4317980.943, 97
Trd, 4317981.593, 97
Trd, 4317982.343, 98
Trd, 4317983.143, 96
Trd, 4317985.743, 95
Trd, 4317986.293, 96
Trd, 4317987.043, 96
Trd, 4317989.093, 96
Trd, 4317991.293, 96
Trd, 4317993.293, 96
Trd, 4317993.443, 97
Trd, 4317994.043, 97
Trd, 4317996.893, 95
Trd, 4317997.143, 95
Trd, 4317999.843, 94
Trd, 4318000.693, 95
Trd, 4318002.993, 95
Trd, 4318004.493, 95
Trd, 4318005.743, 94
Trd, 4318006.693, 95
Trd, 4318008.593, 94
Trd, 4318008.693, 95
Trd, 4318010.643, 94
Trd, 4318011.593, 93
Trd, 4318013.193, 94
Trd, 4318013.643, 94
Trd, 4318014.293, 94
Trd, 4318016.493, 94
Trd, 4318018.193, 93
Trd, 4318018.593, 94
Trd, 4318021.043, 94
Trd, 4318021.843, 94
Trd, 4318022.043, 94
Trd, 4318022.243, 95
Trd, 4318025.043, 95
Trd, 4318025.643, 95
Trd, 4318027.443, 96
Trd, 4318029.093, 95
Trd, 4318032.093, 97
Trd, 4318033.143, 99
Trd, 4318033.343, 104
Trd, 4318034.293, 98
Trd, 4318034.543, 100
Trd, 4318036.193, 102
Trd, 4318038.093, 102
Trd, 4318039.893, 101
Trd, 4318040.643, 104
Trd, 4318042.843, 103
Trd, 4318043.293, 102
Trd, 4318045.193, 102
Trd, 4318045.343, 101
Trd, 4318045.993, 103
Trd, 4318048.193, 102
Trd, 4318050.993, 102
Trd, 4318051.393, 101
Trd, 4318051.943, 100
Trd, 4318053.393, 99
Trd, 4318053.843, 100
Trd, 4318055.143, 99
Trd, 4318056.843, 97
Trd, 4318057.393, 96
Trd, 4318058.793, 97
Trd, 4318059.343, 104
Trd, 4318060.893, 95
Trd, 4318061.593, 96
Trd, 4318065.493, 97
Trd, 4318066.443, 95
Trd, 4318067.043, 94
Trd, 4318069.043, 94
Trd, 4318070.243, 95
Trd, 4318070.893, 95
Trd, 4318071.993, 94
Trd, 4318074.793, 93
Trd, 4318077.743, 94
Trd, 4318077.943, 94
Trd, 4318078.693, 95
Trd, 4318078.843, 93
Trd, 4318080.243, 96
Trd, 4318081.193, 96
Trd, 4318082.093, 96
Trd, 4318083.343, 100
Trd, 4318084.943, 97
Trd, 4318086.593, 97
Trd, 4318088.243, 96
Trd, 4318088.743, 96
Trd, 4318089.693, 96
Trd, 4318090.393, 104
Trd, 4318092.243, 96
Trd, 4318094.093, 95
Trd, 4318095.593, 94
Trd, 4318096.543, 95
Trd, 4318096.843, 96
Trd, 4318100.393, 94
Trd, 4318102.893, 95
Trd, 4318103.493, 94
Trd, 4318103.593, 96
Trd, 4318104.443, 95
Trd, 4318109.093, 94
Trd, 4318110.343, 95
Trd, 4318111.043, 94
Trd, 4318111.243, 95
Trd, 4318112.243, 94
Trd, 4318113.593, 95
Trd, 4318113.943, 95
Trd, 4318115.493, 93
Trd, 4318115.943, 94
Trd, 4318118.593, 93
Trd, 4318118.793, 104
Trd, 4318122.693, 93
Trd, 4318123.543, 92
Trd, 4318124.493, 93
Trd, 4318125.843, 101
Trd, 4318126.693, 100
Trd, 4318127.743, 103
Trd, 4318128.343, 104
Trd, 4318130.193, 102
Trd, 4318130.243, 102
Trd, 4318132.043, 105
Trd, 4318132.443, 107
Trd, 4318134.043, 104
Trd, 4318134.893, 105
Trd, 4318138.643, 103
Trd, 4318139.293, 102
Trd, 4318139.393, 101
Trd, 4318140.693, 100
Trd, 4318142.643, 101
Trd, 4318143.593, 99
Trd, 4318144.743, 101
Trd, 4318147.593, 102
Trd, 4318149.293, 103
Trd, 4318149.693, 103
Trd, 4318153.393, 103
Trd, 4318153.793, 102
Trd, 4318155.193, 102
Trd, 4318155.893, 104
Trd, 4318158.243, 103
Trd, 4318158.893, 102
Trd, 4318160.693, 100
Trd, 4318162.293, 97
Trd, 4318162.443, 99
Trd, 4318163.143, 99
Trd, 4318164.843, 98
Trd, 4318165.793, 98
Trd, 4318165.893, 99
Trd, 4318167.793, 95
Trd, 4318169.243, 95
Trd, 4318169.393, 94
Trd, 4318170.443, 95
Trd, 4318171.093, 94
Trd, 4318172.493, 95
Trd, 4318173.343, 95
Trd, 4318177.193, 95
Trd, 4318178.193, 95
Trd, 4318178.343, 94
Trd, 4318178.943, 95
Trd, 4318180.993, 95
Trd, 4318182.093, 95
Trd, 4318183.293, 94
Trd, 4318184.443, 94
Trd, 4318184.693, 93
Trd, 4318186.793, 94
Trd, 4318187.643, 95
Trd, 4318189.243, 98
Trd, 4318191.593, 95
Trd, 4318194.643, 94
Trd, 4318196.293, 95
Trd, 4318197.943, 93
Trd, 4318198.443, 93
Trd, 4318203.243, 92
Trd, 4318203.793, 92
Trd, 4318204.743, 92
Trd, 4318206.393, 93
Trd, 4318206.643, 95
Trd, 4318207.593, 121
Trd, 4318208.293, 105
Trd, 4318209.493, 101
Trd, 4318212.043, 104
Trd, 4318212.443, 103
Trd, 4318214.993, 100
Trd, 4318215.993, 96
Trd, 4318217.393, 96
Trd, 4318218.043, 97
Trd, 4318218.243, 97
Trd, 4318218.393, 98
Trd, 4318222.143, 96
Trd, 4318225.693, 96
Trd, 4318225.993, 95
Trd, 4318226.143, 96
Trd, 4318226.793, 95
Trd, 4318227.293, 95
Trd, 4318228.793, 101
Trd, 4318231.093, 97
Trd, 4318235.143, 95
Trd, 4318235.643, 96
Trd, 4318236.593, 97
Trd, 4318239.293, 95
Trd, 4318240.943, 96
Trd, 4318242.993, 95
Trd, 4318243.643, 95
Trd, 4318243.943, 96
Trd, 4318246.343, 96
Trd, 4318246.843, 96
Trd, 4318249.343, 97
Trd, 4318250.543, 97
Trd, 4318252.943, 97
Trd, 4318253.893, 98
Trd, 4318255.193, 98
Trd, 4318255.543, 96
Trd, 4318256.293, 95
Trd, 4318256.693, 95
Trd, 4318257.943, 95
Trd, 4318259.293, 95
Trd, 4318261.143, 94
Trd, 4318261.693, 95
Trd, 4318263.393, 93
Trd, 4318264.493, 95
Trd, 4318266.743, 94
Trd, 4318267.393, 94
Trd, 4318269.243, 115
Trd, 4318273.193, 98
Trd, 4318274.193, 96
Trd, 4318274.993, 97
Trd, 4318275.643, 97
Trd, 4318279.743, 96
Trd, 4318279.843, 96
Trd, 4318281.743, 97
Trd, 4318282.593, 96
Trd, 4318282.743, 98
Trd, 4318285.893, 96
Trd, 4318286.143, 96
Trd, 4318286.243, 95
Trd, 4318287.693, 95
Trd, 4318290.043, 94
Trd, 4318290.793, 95
Trd, 4318291.393, 95
Trd, 4318292.193, 95
Trd, 4318294.743, 95
Trd, 4318296.243, 96
Trd, 4318297.643, 96
Trd, 4318298.543, 95
Trd, 4318298.893, 95
Trd, 4318300.943, 95
Trd, 4318302.743, 95
Trd, 4318303.443, 95
Trd, 4318307.143, 95
Trd, 4318309.543, 96
Trd, 4318310.593, 98
Trd, 4318311.193, 97
Trd, 4318312.793, 97
Trd, 4318313.093, 104
Trd, 4318314.543, 101
Trd, 4318314.793, 100
Trd, 4318316.993, 99
Trd, 4318318.093, 99
Trd, 4318318.693, 98
Trd, 4318321.093, 98
Trd, 4318322.593, 98
Trd, 4318323.993, 97
Trd, 4318326.793, 96
Trd, 4318326.893, 96
Trd, 4318327.693, 96
Trd, 4318328.193, 96
Trd, 4318330.343, 95
Trd, 4318330.993, 94
Trd, 4318332.943, 95
Trd, 4318333.943, 96
Trd, 4318334.093, 96
Trd, 4318336.293, 96
Trd, 4318337.093, 97
Trd, 4318337.843, 97
Trd, 4318340.093, 97
Trd, 4318340.993, 97
Trd, 4318341.793, 96
Trd, 4318343.843, 97
Trd, 4318345.093, 97
Trd, 4318346.393, 96
Trd, 4318347.443, 98
Trd, 4318350.443, 98
Trd, 4318351.543, 98
Trd, 4318352.143, 98
Trd, 4318353.743, 97
Trd, 4318353.943, 96
Trd, 4318354.493, 95
Trd, 4318355.843, 95
Trd, 4318357.093, 95
Trd, 4318357.643, 96
Trd, 4318358.393, 96
Trd, 4318359.493, 95
Trd, 4318360.193, 91
Trd, 4318361.293, 92
Trd, 4318362.593, 90
Trd, 4318362.793, 95
Trd, 4318365.043, 97
Trd, 4318365.493, 104
Trd, 4318367.343, 98
Trd, 4318368.293, 97
Trd, 4318370.443, 96
Trd, 4318370.893, 96
Trd, 4318373.243, 96
Trd, 4318373.543, 98
Trd, 4318374.893, 95
Trd, 4318378.093, 96
Trd, 4318378.143, 113
Trd, 4318379.443, 98
Trd, 4318382.793, 96
Trd, 4318383.193, 95
Trd, 4318383.643, 95
Trd, 4318385.593, 96
Trd, 4318388.943, 96
Trd, 4318389.493, 96
Trd, 4318390.643, 95
Trd, 4318392.093, 94
Trd, 4318392.493, 94
Trd, 4318393.443, 95
Trd, 4318395.093, 94
Trd, 4318397.543, 95
Trd, 4318398.493, 95
Trd, 4318399.043, 95
Trd, 4318400.543, 95
Trd, 4318402.893, 95
Trd, 4318404.243, 95
Trd, 4318404.343, 100
Trd, 4318405.793, 95
Trd, 4318409.143, 96
Trd, 4318410.493, 95
Trd, 4318412.143, 95
Trd, 4318413.993, 94
Trd, 4318414.443, 95
Trd, 4318414.793, 95
Trd, 4318416.643, 95
Trd, 4318417.843, 95
Trd, 4318418.293, 94
Trd, 4318419.493, 95
Trd, 4318419.543, 95
Trd, 4318421.043, 94
Trd, 4318421.493, 95
Trd, 4318424.693, 95
Trd, 4318425.243, 95
Trd, 4318428.343, 94
Trd, 4318428.793, 94
Trd, 4318430.193, 93
Trd, 4318432.693, 95
Trd, 4318432.993, 95
Trd, 4318434.593, 94
Trd, 4318435.543, 93
Trd, 4318438.493, 93
Trd, 4318439.293, 92
Trd, 4318439.643, 93
Trd, 4318442.643, 93
Trd, 4318443.443, 92
Trd, 4318444.393, 93
Trd, 4318445.893, 94
Trd, 4318449.793, 94
Trd, 4318450.943, 93
Trd, 4318451.293, 94
Trd, 4318451.893, 93
Trd, 4318453.893, 94
Trd, 4318456.143, 93
Trd, 4318457.293, 95
Trd, 4318457.393, 95
Trd, 4318458.843, 95
Trd, 4318459.643, 95
Trd, 4318462.393, 95
Trd, 4318462.993, 94
Trd, 4318463.593, 95
Trd, 4318463.943, 95
Trd, 4318466.893, 95
Trd, 4318467.043, 96
Trd, 4318470.893, 95
Trd, 4318471.743, 96
Trd, 4318472.293, 96
Trd, 4318472.393, 96
Trd, 4318473.943, 96
Trd, 4318474.893, 103
Trd, 4318479.193, 97
Trd, 4318480.393, 97
Trd, 4318482.443, 95
Trd, 4318483.293, 96
Trd, 4318484.693, 95
Trd, 4318485.393, 95
Trd, 4318486.793, 95
Trd, 4318487.493, 94
Trd, 4318489.543, 95
Trd, 4318491.243, 95
Trd, 4318492.393, 94
Trd, 4318493.393, 93
Trd, 4318496.393, 94
Trd, 4318498.243, 94
Trd, 4318498.643, 95
Trd, 4318501.343, 96
Trd, 4318501.543, 102
Trd, 4318502.293, 96
Trd, 4318505.143, 95
Trd, 4318506.193, 97
Trd, 4318506.493, 96
Trd, 4318506.843, 95
Trd, 4318507.593, 97
Trd, 4318508.993, 96
Trd, 4318510.893, 95
Trd, 4318511.693, 90
Trd, 4318512.193, 89
Trd, 4318512.593, 92
Trd, 4318513.193, 90
Trd, 4318514.243, 90
Trd, 4318515.443, 90
Trd, 4318515.943, 95
Trd, 4318518.043, 93
Trd, 4318519.393, 95
Trd, 4318521.393, 100
Trd, 4318522.643, 95
Trd, 4318524.293, 96
Trd, 4318525.793, 95
Trd, 4318527.243, 95
Trd, 4318529.643, 94
Trd, 4318530.893, 94
Trd, 4318532.893, 93
Trd, 4318534.043, 94
Trd, 4318535.293, 94
Trd, 4318535.543, 95
Trd, 4318538.393, 94
Trd, 4318539.643, 94
Trd, 4318542.043, 94
Trd, 4318545.093, 93
Trd, 4318545.293, 94
Trd, 4318546.243, 94
Trd, 4318546.943, 95
Trd, 4318548.943, 95
Trd, 4318550.093, 95
Trd, 4318551.943, 92
Trd, 4318552.193, 93
Trd, 4318555.543, 93
Trd, 4318555.693, 95
Trd, 4318556.693, 94
Trd, 4318558.943, 94
Trd, 4318559.043, 93
Trd, 4318559.443, 94
Trd, 4318559.893, 94
Trd, 4318564.243, 93
Trd, 4318564.693, 94
Trd, 4318567.643, 94
Trd, 4318569.443, 93
Trd, 4318571.443, 92
Trd, 4318571.643, 94
Trd, 4318573.643, 93
Trd, 4318575.343, 92
Trd, 4318575.843, 92
Trd, 4318577.493, 92
Trd, 4318579.243, 92
Trd, 4318581.893, 92
Trd, 4318582.043, 92
Trd, 4318583.243, 91
Trd, 4318583.593, 103
Trd, 4318588.543, 94
Trd, 4318588.743, 93
Trd, 4318589.893, 94
Trd, 4318591.293, 93
Trd, 4318591.543, 92
Trd, 4318594.693, 94
Trd, 4318596.593, 94
Trd, 4318598.243, 93
Trd, 4318599.093, 95
Trd, 4318599.593, 95
Trd, 4318600.143, 100
Trd, 4318602.793, 95
Trd, 4318603.643, 95
Trd, 4318603.843, 96
Trd, 4318606.743, 95
Trd, 4318607.093, 94
Trd, 4318608.743, 95
Trd, 4318610.393, 93
Trd, 4318611.543, 94
Trd, 4318612.843, 93
Trd, 4318614.243, 93
Trd, 4318614.943, 93
Trd, 4318615.093, 94
Trd, 4318619.543, 94
Trd, 4318622.343, 94
Trd, 4318622.993, 93
Trd, 4318623.243, 94
Trd, 4318623.543, 93
Trd, 4318625.393, 91
Trd, 4318626.993, 92
Trd, 4318627.243, 92
Trd, 4318627.993, 94
Trd, 4318632.143, 101
Trd, 4318632.743, 104
Trd, 4318633.043, 100
Trd, 4318633.843, 99
Trd, 4318634.493, 98
Trd, 4318636.943, 103
Trd, 4318637.743, 99
Trd, 4318639.493, 98
Trd, 4318641.743, 97
Trd, 4318642.393, 98
Trd, 4318644.593, 97
Trd, 4318644.693, 96
Trd, 4318644.843, 104
Trd, 4318648.443, 96
Trd, 4318650.393, 95
Trd, 4318651.843, 96
Trd, 4318652.093, 95
Trd, 4318652.293, 95
Trd, 4318654.243, 104
Trd, 4318654.593, 103
Trd, 4318655.443, 100
Trd, 4318658.793, 100
Trd, 4318659.893, 99
Trd, 4318661.343, 104
Trd, 4318663.643, 101
Trd, 4318664.793, 100
Trd, 4318664.893, 101
Trd, 4318667.143, 102
Trd, 4318668.043, 114
Trd, 4318673.243, 103
Trd, 4318674.143, 101
Trd, 4318674.443, 99
Trd, 4318674.993, 99
Trd, 4318675.243, 98
Trd, 4318675.643, 95
Trd, 4318676.093, 95
Trd, 4318677.243, 94
Trd, 4318679.643, 93
Trd, 4318679.993, 94
Trd, 4318681.243, 95
Trd, 4318681.493, 95
Trd, 4318684.693, 95
Trd, 4318686.093, 95
Trd, 4318686.243, 95
Trd, 4318688.193, 94
Trd, 4318689.843, 95
Trd, 4318690.243, 95
Trd, 4318691.393, 96
Trd, 4318692.443, 100
Trd, 4318693.443, 97
Trd, 4318694.643, 97
Trd, 4318695.593, 103
Trd, 4318698.543, 98
Trd, 4318700.393, 98
Trd, 4318700.593, 99
Trd, 4318702.443, 97
Trd, 4318702.693, 96
Trd, 4318704.743, 95
Trd, 4318705.243, 96
Trd, 4318707.893, 98
Trd, 4318708.243, 98
Trd, 4318709.143, 97
Trd, 4318710.743, 96
Trd, 4318712.493, 97
Trd, 4318713.893, 95
Trd, 4318714.493, 95
Trd, 4318714.943, 95
Trd, 4318716.593, 97
Trd, 4318717.393, 101
Trd, 4318720.193, 96
Trd, 4318722.593, 97
Trd, 4318723.493, 96
Trd, 4318726.343, 95
Trd, 4318726.793, 95
Trd, 4318727.993, 95
Trd, 4318728.043, 96
Trd, 4318729.293, 96
Trd, 4318730.693, 95
Trd, 4318732.243, 95
Trd, 4318732.593, 95
Trd, 4318733.593, 94
Trd, 4318735.243, 95
Trd, 4318735.943, 99
Trd, 4318738.093, 100
Trd, 4318738.393, 103
Trd, 4318739.843, 99
Trd, 4318741.193, 97
Trd, 4318742.043, 101
Trd, 4318744.893, 98
Trd, 4318745.643, 98
Trd, 4318746.293, 98
Trd, 4318747.593, 97
Trd, 4318748.643, 95
Trd, 4318750.143, 95
Trd, 4318750.593, 98
Trd, 4318752.593, 95
Trd, 4318755.393, 96
Trd, 4318755.693, 96
Trd, 4318756.693, 95
Trd, 4318759.943, 95
Trd, 4318760.943, 96
Trd, 4318761.393, 96
Trd, 4318762.643, 95
Trd, 4318765.043, 96
Trd, 4318766.493, 96
Trd, 4318768.243, 98
Trd, 4318769.843, 98
Trd, 4318771.043, 98
Trd, 4318771.343, 104
Trd, 4318772.743, 97
Trd, 4318773.993, 98
Trd, 4318774.493, 97
Trd, 4318776.443, 98
Trd, 4318777.843, 97
Trd, 4318778.893, 97
Trd, 4318780.893, 98
Trd, 4318782.393, 96
Trd, 4318784.043, 97
Trd, 4318785.343, 96
Trd, 4318788.493, 96
Trd, 4318789.793, 97
Trd, 4318791.243, 96
Trd, 4318792.193, 96
Trd, 4318792.693, 95
Trd, 4318793.543, 95
Trd, 4318794.643, 95
Trd, 4318795.993, 97
Trd, 4318796.443, 95
Trd, 4318796.843, 96
Trd, 4318798.043, 95
Trd, 4318798.693, 94
Trd, 4318800.393, 93
Trd, 4318800.893, 94
Trd, 4318801.143, 117
Trd, 4318804.593, 97
Trd, 4318805.093, 96
Trd, 4318806.543, 95
Trd, 4318807.243, 97
Trd, 4318808.643, 96
Trd, 4318810.243, 96
Trd, 4318812.543, 95
Trd, 4318813.843, 96
Trd, 4318814.443, 104
Trd, 4318818.793, 97
Trd, 4318819.643, 96
Trd, 4318820.043, 95
Trd, 4318824.493, 95
Trd, 4318825.243, 95
Trd, 4318826.343, 93
Trd, 4318826.793, 93
Trd, 4318827.593, 93
Trd, 4318827.893, 95
Trd, 4318829.793, 95
Trd, 4318830.643, 94
Trd, 4318831.543, 101
Trd, 4318834.243, 95
Trd, 4318835.943, 96
Trd, 4318836.743, 95
Trd, 4318837.993, 96
Trd, 4318839.043, 95
Trd, 4318839.193, 94
Trd, 4318840.093, 94
Trd, 4318841.243, 94
Trd, 4318843.343, 95
Trd, 4318844.293, 96
Trd, 4318845.643, 95
Trd, 4318846.393, 95
Trd, 4318846.993, 96
Trd, 4318848.993, 95
Trd, 4318850.743, 96
Trd, 4318851.593, 99
Trd, 4318852.593, 102
Trd, 4318853.043, 99
Trd, 4318854.993, 98
Trd, 4318856.093, 97
Trd, 4318856.993, 97
Trd, 4318858.343, 97
Trd, 4318859.793, 104
Trd, 4318862.593, 95
Trd, 4318862.743, 96
Trd, 4318863.293, 96
Trd, 4318864.443, 95
Trd, 4318864.543, 94
Trd, 4318865.493, 95
Trd, 4318865.893, 95
Trd, 4318868.193, 94
Trd, 4318868.693, 94
Trd, 4318870.043, 102
Trd, 4318871.943, 97
Trd, 4318872.693, 97
Trd, 4318873.243, 97
Trd, 4318875.843, 101
Trd, 4318878.993, 100
Trd, 4318879.493, 100
Trd, 4318881.143, 99
Trd, 4318882.543, 99
Trd, 4318883.343, 99
Trd, 4318884.143, 95
Trd, 4318885.293, 97
Trd, 4318886.493, 95
Trd, 4318887.043, 95
Trd, 4318888.843, 95
Trd, 4318889.693, 95
Trd, 4318891.443, 94
Trd, 4318893.843, 95
Trd, 4318894.893, 95
Trd, 4318895.193, 94
Trd, 4318896.693, 94
Trd, 4318896.943, 94
Trd, 4318898.293, 102
Trd, 4318901.793, 92
Trd, 4318902.293, 95
Trd, 4318904.093, 94
Trd, 4318904.443, 94
Trd, 4318906.143, 95
Trd, 4318906.443, 94
Trd, 4318907.293, 93
Trd, 4318912.143, 93
Trd, 4318913.093, 93
Trd, 4318913.443, 92
Trd, 4318914.393, 92
Trd, 4318917.143, 92
Trd, 4318919.043, 92
Trd, 4318919.893, 92
Trd, 4318921.943, 91
Trd, 4318923.443, 91
Trd, 4318924.843, 91
Trd, 4318925.593, 91
Trd, 4318926.393, 90
Trd, 4318928.743, 91
Trd, 4318930.193, 92
Trd, 4318931.943, 92
Trd, 4318932.243, 92
Trd, 4318934.343, 91
Trd, 4318934.693, 95
Trd, 4318934.893, 122
Trd, 4318936.293, 104
Trd, 4318942.943, 97
Trd, 4318944.193, 98
Trd, 4318945.243, 96
Trd, 4318946.193, 96
Trd, 4318946.343, 97
Trd, 4318947.393, 96
Trd, 4318950.493, 95
Trd, 4318950.593, 94
Trd, 4318952.043, 95
Trd, 4318952.443, 95
Trd, 4318953.143, 104
Trd, 4318954.443, 95
Trd, 4318955.293, 95
Trd, 4318957.943, 95
Trd, 4318959.043, 96
Trd, 4318959.243, 95
Trd, 4318959.293, 96
Trd, 4318961.343, 95
Trd, 4318963.993, 95
Trd, 4318964.393, 95
Trd, 4318965.893, 96
Trd, 4318966.043, 104
Trd, 4318967.593, 97
Trd, 4318968.393, 95
Trd, 4318968.643, 95
Trd, 4318970.243, 95
Trd, 4318972.443, 96
Trd, 4318973.843, 95
Trd, 4318975.493, 95
Trd, 4318976.843, 95
Trd, 4318977.143, 94
Trd, 4318978.193, 96
Trd, 4318979.593, 103
Trd, 4318981.093, 98
Trd, 4318981.293, 99
Trd, 4318981.643, 104
Trd, 4318982.993, 96
Trd, 4318983.993, 98
Trd, 4318988.343, 98
Trd, 4318988.993, 97
Trd, 4318990.193, 97
Trd, 4318992.993, 98
Trd, 4318994.893, 96
Trd, 4318996.793, 95
Trd, 4318997.493, 97
Trd, 4318997.943, 95
Trd, 4318998.743, 95
Trd, 4319001.093, 95
Trd, 4319001.193, 94
Trd, 4319002.793, 94
Trd, 4319003.893, 95
Trd, 4319006.443, 95
Trd, 4319006.843, 95
Trd, 4319006.893, 104
Trd, 4319010.393, 96
Trd, 4319011.643, 96
Trd, 4319012.043, 95
Trd, 4319013.843, 96
Trd, 4319014.843, 95
Trd, 4319015.943, 95
Trd, 4319016.043, 96
Trd, 4319017.943, 94
Trd, 4319019.343, 95
Trd, 4319019.393, 94
Trd, 4319020.343, 94
Trd, 4319020.943, 94
Trd, 4319023.143, 95
Trd, 4319024.293, 96
Trd, 4319025.943, 96
Trd, 4319028.143, 95
Trd, 4319028.993, 96
Trd, 4319029.043, 104
Trd, 4319031.543, 99
Trd, 4319032.193, 100
Trd, 4319032.743, 100
Trd, 4319034.293, 100
Trd, 4319035.243, 98
Trd, 4319037.243, 96
Trd, 4319037.743, 95
Trd, 4319040.243, 96
Trd, 4319043.343, 96
Trd, 4319045.893, 95
Trd, 4319049.543, 95
Trd, 4319051.193, 95
Trd, 4319051.393, 94
Trd, 4319052.343, 94
Trd, 4319052.643, 93
Trd, 4319053.543, 93
Trd, 4319056.443, 104
Trd, 4319057.193, 99
Trd, 4319057.493, 100
Trd, 4319058.693, 101
Trd, 4319059.793, 102
Trd, 4319061.493, 101
Trd, 4319061.593, 100
Trd, 4319062.093, 100
Trd, 4319062.343, 104
Trd, 4319064.343, 121
Trd, 4319068.593, 104
Trd, 4319069.693, 104
Trd, 4319072.443, 104
Trd, 4319072.493, 103
Trd, 4319073.743, 104
Trd, 4319075.693, 104
Trd, 4319077.893, 105
Trd, 4319078.693, 104
Trd, 4319078.843, 105
Trd, 4319079.543, 105
Trd, 4319080.643, 103
Trd, 4319081.443, 103
Trd, 4319082.493, 102
Trd, 4319083.893, 101
Trd, 4319084.743, 101
Trd, 4319085.893, 100
Trd, 4319087.093, 98
Trd, 4319088.043, 98
Trd, 4319089.993, 96
Trd, 4319090.243, 96
Trd, 4319090.943, 95
Trd, 4319094.093, 96
Trd, 4319094.643, 95
Trd, 4319095.843, 96
Trd, 4319098.143, 96
Trd, 4319099.843, 95
Trd, 4319100.243, 96
Trd, 4319103.993, 95
Trd, 4319105.543, 95
Trd, 4319106.343, 96
Trd, 4319106.493, 96
Trd, 4319107.693, 96
Trd, 4319109.343, 99
Trd, 4319110.943, 101
Trd, 4319111.343, 98
Trd, 4319111.393, 103
Trd, 4319114.093, 101
Trd, 4319114.393, 102
Trd, 4319116.093, 102
Trd, 4319117.793, 101
Trd, 4319118.743, 100
Trd, 4319120.743, 99
Trd, 4319121.393, 102
Trd, 4319122.893, 100
Trd, 4319125.693, 99
Trd, 4319126.293, 97
Trd, 4319126.843, 97
Trd, 4319127.843, 104
Trd, 4319129.343, 100
Trd, 4319130.193, 102
Trd, 4319130.543, 101
Trd, 4319132.243, 101
Trd, 4319134.593, 100
Trd, 4319135.743, 99
Trd, 4319137.443, 99
Trd, 4319138.543, 99
Trd, 4319139.493, 99
Trd, 4319139.743, 99
Trd, 4319141.993, 100
Trd, 4319144.443, 98
Trd, 4319145.843, 98
Trd, 4319148.143, 98
Trd, 4319148.793, 97
Trd, 4319150.043, 97
Trd, 4319150.643, 97
Trd, 4319152.493, 98
Trd, 4319157.093, 98
Trd, 4319157.693, 99
Trd, 4319158.493, 97
Trd, 4319159.743, 97
Trd, 4319160.893, 97
Trd, 4319161.393, 97
Trd, 4319164.043, 96
Trd, 4319164.143, 96
Trd, 4319164.493, 95
Trd, 4319165.443, 95
Trd, 4319166.693, 104
Trd, 4319169.143, 99
Trd, 4319169.843, 99
Trd, 4319171.943, 99
Trd, 4319172.543, 97
Trd, 4319172.793, 97
Trd, 4319174.943, 98
Trd, 4319175.893, 97
Trd, 4319179.943, 97
Trd, 4319181.143, 96
Trd, 4319182.543, 96
Trd, 4319184.993, 96
Trd, 4319185.343, 95
Trd, 4319186.843, 97
Trd, 4319187.043, 97
Trd, 4319187.143, 104
Trd, 4319190.293, 96
Trd, 4319192.893, 95
Trd, 4319194.343, 95
Trd, 4319194.743, 96
Trd, 4319197.793, 95
Trd, 4319198.193, 96
Trd, 4319199.443, 95
Trd, 4319200.043, 96
Trd, 4319201.543, 96
Trd, 4319202.093, 96
Trd, 4319202.793, 98
Trd, 4319204.943, 96
Trd, 4319205.193, 97
Trd, 4319205.993, 95
Trd, 4319207.543, 95
Trd, 4319208.843, 97
Trd, 4319210.643, 98
Trd, 4319212.693, 96
Trd, 4319214.093, 97
Trd, 4319215.243, 97
Trd, 4319215.793, 97
Trd, 4319217.143, 95
Trd, 4319217.443, 97
Trd, 4319220.693, 95
Trd, 4319221.343, 95
Trd, 4319221.693, 95
Trd, 4319221.843, 95
Trd, 4319223.843, 95
Trd, 4319225.143, 95
Trd, 4319227.993, 96
Trd, 4319228.543, 95
Trd, 4319230.493, 94
Trd, 4319231.143, 95
Trd, 4319232.043, 94
Trd, 4319232.293, 94
Trd, 4319233.843, 94
Trd, 4319233.893, 95
Trd, 4319238.093, 92
Trd, 4319238.843, 90
Trd, 4319239.993, 89
Trd, 4319240.743, 95
Trd, 4319240.793, 104
Trd, 4319243.343, 94
Trd, 4319244.943, 93
Trd, 4319245.093, 94
Trd, 4319245.243, 94
Trd, 4319245.743, 95
Trd, 4319246.643, 104
Trd, 4319249.743, 97
Trd, 4319250.243, 96
Trd, 4319251.593, 95
Trd, 4319252.093, 95
Trd, 4319253.543, 96
Trd, 4319253.843, 95
Trd, 4319255.243, 93
Trd, 4319255.843, 94
Trd, 4319257.093, 94
Trd, 4319257.993, 93
Trd, 4319259.843, 94
Trd, 4319261.293, 94
Trd, 4319261.793, 94
Trd, 4319264.043, 94
Trd, 4319264.193, 94
Trd, 4319264.643, 93
Trd, 4319265.793, 94
Trd, 4319268.593, 101
Trd, 4319270.393, 94
Trd, 4319271.193, 94
Trd, 4319271.943, 93
Trd, 4319272.443, 93
Trd, 4319274.893, 93
Trd, 4319275.243, 93
Trd, 4319276.193, 93
Trd, 4319278.243, 93
Trd, 4319278.643, 93
Trd, 4319280.493, 91
Trd, 4319281.293, 91
Trd, 4319281.593, 104
Trd, 4319283.693, 93
Trd, 4319285.243, 95
Trd, 4319287.343, 101
Trd, 4319287.593, 100
Trd, 4319289.543, 99
Trd, 4319290.693, 99
Trd, 4319291.143, 102
Trd, 4319291.393, 99
Trd, 4319292.393, 99
Trd, 4319293.093, 100
Trd, 4319296.643, 99
Trd, 4319298.943, 101
Trd, 4319302.143, 100
Trd, 4319302.943, 99
Trd, 4319303.443, 99
Trd, 4319306.043, 97
Trd, 4319306.493, 99
Trd, 4319308.693, 97
Trd, 4319310.743, 98
Trd, 4319311.243, 97
Trd, 4319311.593, 96
Trd, 4319313.093, 98
Trd, 4319315.493, 95
Trd, 4319315.893, 96
Trd, 4319319.043, 96
Trd, 4319320.093, 96
Trd, 4319322.893, 95
Trd, 4319323.343, 97
Trd, 4319323.993, 118
Trd, 4319324.643, 100
Trd, 4319325.793, 99
Trd, 4319326.343, 100
Trd, 4319330.143, 98
Trd, 4319330.343, 100
Trd, 4319331.443, 98
Trd, 4319333.593, 99
Trd, 4319334.943, 99
Trd, 4319335.493, 98
Trd, 4319335.543, 99
Trd, 4319340.993, 98
Trd, 4319342.493, 97
Trd, 4319343.093, 98
Trd, 4319345.793, 97
Trd, 4319349.793, 96
Trd, 4319349.843, 96
Trd, 4319352.043, 96
Trd, 4319352.193, 97
Trd, 4319353.543, 96
Trd, 4319354.043, 96
Trd, 4319357.643, 95
Trd, 4319359.343, 96
Trd, 4319360.293, 95
Trd, 4319361.143, 94
Trd, 4319361.893, 95
Trd, 4319363.143, 95
Trd, 4319363.343, 95
Trd, 4319364.043, 96
Trd, 4319365.443, 96
Trd, 4319367.893, 97
Trd, 4319368.593, 96
Trd, 4319370.143, 97
Trd, 4319372.693, 96
Trd, 4319374.043, 97
Trd, 4319374.543, 95
Trd, 4319377.393, 95
Trd, 4319378.943, 96
Trd, 4319378.993, 96
Trd, 4319379.043, 95
Trd, 4319381.843, 101
Trd, 4319382.643, 104
Trd, 4319383.043, 99
Trd, 4319384.143, 99
Trd, 4319386.143, 96
Trd, 4319386.193, 99
Trd, 4319388.393, 96
Trd, 4319388.893, 96
Trd, 4319389.593, 96
Trd, 4319390.193, 95
Trd, 4319390.843, 96
Trd, 4319392.143, 95
Trd, 4319394.993, 95
Trd, 4319395.443, 96
Trd, 4319396.743, 96
Trd, 4319400.043, 95
Trd, 4319400.393, 95
Trd, 4319402.243, 95
Trd, 4319402.943, 95
Trd, 4319403.493, 94
Trd, 4319407.193, 93
Trd, 4319407.493, 95
Trd, 4319407.993, 95
Trd, 4319411.093, 95
Trd, 4319412.193, 95
Trd, 4319412.743, 94
Trd, 4319414.193, 95
Trd, 4319415.343, 95
Trd, 4319415.393, 94
Trd, 4319417.343, 94
Trd, 4319418.843, 95
Trd, 4319420.293, 98
Trd, 4319422.143, 102
Trd, 4319422.443, 101
Trd, 4319423.093, 101
Trd, 4319424.643, 101
Trd, 4319427.293, 101
Trd, 4319427.393, 102
Trd, 4319430.443, 102
Trd, 4319431.193, 101
Trd, 4319432.793, 101
Trd, 4319433.343, 100
Trd, 4319433.443, 100
Trd, 4319433.843, 100
Trd, 4319436.693, 98
Trd, 4319438.293, 98
Trd, 4319441.393, 98
Trd, 4319441.793, 98
Trd, 4319442.393, 98
Trd, 4319444.393, 93
Trd, 4319445.293, 94
Trd, 4319445.743, 95
Trd, 4319445.993, 94
Trd, 4319447.193, 91
Trd, 4319447.343, 91
Trd, 4319447.643, 91
Trd, 4319449.443, 94
Trd, 4319451.843, 92
Trd, 4319453.243, 101
Trd, 4319453.693, 95
Trd, 4319455.193, 95
Trd, 4319455.793, 94
Trd, 4319456.643, 95
Trd, 4319457.143, 95
Trd, 4319457.393, 95
Trd, 4319457.843, 94
Trd, 4319462.143, 96
Trd, 4319462.393, 95
Trd, 4319463.643, 104
Trd, 4319468.393, 95
Trd, 4319469.443, 95
Trd, 4319470.293, 96
Trd, 4319471.393, 96
Trd, 4319473.943, 95
Trd, 4319475.893, 95
Trd, 4319475.943, 94
Trd, 4319475.993, 95
Trd, 4319478.943, 94
Trd, 4319480.643, 94
Trd, 4319481.743, 94
Trd, 4319483.043, 93
Trd, 4319484.093, 94
Trd, 4319485.393, 94
Trd, 4319486.393, 94
Trd, 4319489.393, 92
Trd, 4319490.343, 94
Trd, 4319490.493, 95
Trd, 4319492.743, 94
Trd, 4319494.043, 94
Trd, 4319495.143, 93
Trd, 4319496.293, 94
Trd, 4319498.093, 94
Trd, 4319502.093, 94
Trd, 4319503.943, 93
Trd, 4319504.993, 94
Trd, 4319506.393, 95
Trd, 4319508.243, 92
Trd, 4319509.343, 93
Trd, 4319510.093, 92
Trd, 4319512.893, 92
Trd, 4319513.193, 91
Trd, 4319513.393, 91
Trd, 4319513.593, 92
Trd, 4319517.943, 91
Trd, 4319518.443, 92
Trd, 4319518.793, 91
Trd, 4319521.443, 90
Trd, 4319522.043, 91
Trd, 4319522.143, 104
Trd, 4319523.543, 94
Trd, 4319523.793, 94
Trd, 4319525.843, 93
Trd, 4319527.443, 95
Trd, 4319529.293, 99
Trd, 4319530.443, 95
Trd, 4319531.643, 99
Trd, 4319533.693, 100
Trd, 4319535.093, 99
Trd, 4319535.643, 98
Trd, 4319537.143, 97
Trd, 4319538.543, 96
Trd, 4319539.893, 95
Trd, 4319541.243, 96
Trd, 4319541.393, 96
Trd, 4319543.893, 96
Trd, 4319544.543, 95
Trd, 4319545.293, 96
Trd, 4319546.143, 95
Trd, 4319548.543, 97
Trd, 4319548.643, 96
Trd, 4319550.993, 96
Trd, 4319553.243, 97
Trd, 4319554.493, 103
Trd, 4319554.993, 95
Trd, 4319555.943, 95
Trd, 4319556.943, 96
Trd, 4319557.293, 95
Trd, 4319560.793, 95
Trd, 4319561.643, 95
Trd, 4319562.543, 95
Trd, 4319563.693, 95
Trd, 4319566.293, 95
Trd, 4319566.443, 95
Trd, 4319566.543, 95
Trd, 4319569.093, 95
Trd, 4319569.193, 95
Trd, 4319569.893, 95
Trd, 4319571.693, 90
Trd, 4319572.293, 91
Trd, 4319573.943, 90
Trd, 4319574.193, 90
Trd, 4319577.843, 95
Trd, 4319578.343, 95
Trd, 4319578.793, 94
Trd, 4319579.493, 117
Trd, 4319581.493, 99
Trd, 4319583.743, 99
Trd, 4319584.843, 98
Trd, 4319585.993, 96
Trd, 4319586.893, 96
Trd, 4319588.493, 95
Trd, 4319589.593, 95
Trd, 4319591.443, 96
Trd, 4319592.993, 98
Trd, 4319594.393, 98
Trd, 4319594.793, 96
Trd, 4319595.493, 95
Trd, 4319597.243, 95
Trd, 4319599.893, 95
Trd, 4319600.693, 96
Trd, 4319601.743, 96
Trd, 4319604.343, 95
Trd, 4319606.493, 97
Trd, 4319606.543, 96
Trd, 4319606.593, 96
Trd, 4319606.993, 104
Trd, 4319609.393, 103
Trd, 4319611.143, 99
Trd, 4319612.393, 100
Trd, 4319613.793, 99
Trd, 4319614.843, 98
Trd, 4319616.293, 98
Trd, 4319617.693, 97
Trd, 4319619.843, 96
Trd, 4319621.593, 95
Trd, 4319621.693, 96
Trd, 4319621.793, 97
Trd, 4319623.443, 95
Trd, 4319623.643, 95
Trd, 4319626.943, 94
Trd, 4319627.293, 96
Trd, 4319627.993, 95
Trd, 4319629.393, 95
Trd, 4319632.043, 93
Trd, 4319633.293, 94
Trd, 4319633.643, 94
Trd, 4319635.443, 94
Trd, 4319635.693, 93
Trd, 4319635.993, 93
Trd, 4319637.843, 95
Trd, 4319639.743, 95
Trd, 4319641.643, 95
Trd, 4319642.643, 95
Trd, 4319643.543, 94
Trd, 4319644.693, 94
Trd, 4319645.093, 94
Trd, 4319645.343, 104
Trd, 4319648.543, 95
Trd, 4319650.193, 95
Trd, 4319652.093, 95
Trd, 4319653.293, 96
Trd, 4319655.043, 95
Trd, 4319655.543, 94
Trd, 4319656.293, 95
Trd, 4319658.193, 95
Trd, 4319658.443, 95
Trd, 4319659.043, 94
Trd, 4319659.843, 104
Trd, 4319662.493, 97
Trd, 4319664.543, 97
Trd, 4319665.043, 95
Trd, 4319666.943, 97
Trd, 4319667.993, 98
Trd, 4319668.093, 113
Trd, 4319670.193, 102
Trd, 4319671.543, 104
Trd, 4319674.193, 105
Trd, 4319675.593, 104
Trd, 4319676.143, 104
Trd, 4319676.943, 104
Trd, 4319678.443, 102
Trd, 4319678.693, 102
Trd, 4319679.493, 102
Trd, 4319681.693, 102
Trd, 4319683.743, 101
Trd, 4319683.843, 101
Trd, 4319685.543, 102
Trd, 4319685.643, 101
Trd, 4319689.443, 100
Trd, 4319689.893, 100
Trd, 4319691.093, 100
Trd, 4319691.493, 100
Trd, 4319692.193, 99
Trd, 4319692.643, 100
Trd, 4319693.843, 119
Trd, 4319697.393, 99
Trd, 4319697.693, 99
Trd, 4319701.643, 100
Trd, 4319701.693, 101
Trd, 4319705.443, 103
Trd, 4319706.343, 103
Trd, 4319707.243, 101
Trd, 4319712.193, 102
Trd, 4319712.393, 101
Trd, 4319713.643, 100
Trd, 4319715.643, 101
Trd, 4319717.193, 98
Trd, 4319717.293, 100
Trd, 4319718.643, 99
Trd, 4319720.143, 98
Trd, 4319721.493, 98
Trd, 4319721.543, 99
Trd, 4319724.343, 97
Trd, 4319725.043, 97
Trd, 4319727.293, 98
Trd, 4319727.393, 97
Trd, 4319728.093, 98
Trd, 4319731.493, 98
Trd, 4319734.143, 98
Trd, 4319735.193, 97
Trd, 4319735.343, 97
Trd, 4319736.593, 98
Trd, 4319740.293, 98
Trd, 4319741.293, 98
Trd, 4319741.393, 97
Trd, 4319743.093, 96
Trd, 4319743.193, 95
Trd, 4319743.943, 98
Trd, 4319747.243, 95
Trd, 4319748.393, 95
Trd, 4319748.443, 104
Trd, 4319749.393, 96
Trd, 4319749.743, 97
Trd, 4319751.843, 96
Trd, 4319752.543, 97
Trd, 4319756.293, 97
Trd, 4319757.143, 97
Trd, 4319757.943, 97
Trd, 4319760.243, 95
Trd, 4319760.693, 97
Trd, 4319762.293, 96
Trd, 4319762.343, 97
Trd, 4319763.293, 96
Trd, 4319765.893, 95
Trd, 4319767.743, 95
Trd, 4319768.243, 96
Trd, 4319772.643, 95
Trd, 4319772.943, 94
Trd, 4319772.993, 94
Trd, 4319773.643, 93
Trd, 4319774.543, 94
Trd, 4319775.243, 94
Trd, 4319776.443, 95
Trd, 4319778.043, 94
Trd, 4319780.193, 100
Trd, 4319782.243, 100
Trd, 4319783.093, 102
Trd, 4319783.393, 99
Trd, 4319785.343, 100
Trd, 4319787.293, 98
Trd, 4319790.493, 100
Trd, 4319791.943, 99
Trd, 4319792.243, 100
Trd, 4319794.843, 98
Trd, 4319795.393, 100
Trd, 4319798.193, 97
Trd, 4319800.993, 97
Trd, 4319801.543, 97
Trd, 4319801.793, 96
Trd, 4319802.443, 97
Trd, 4319802.643, 96
Trd, 4319805.893, 98
Trd, 4319805.993, 96
Trd, 4319806.743, 96
Trd, 4319808.743, 95
Trd, 4319809.643, 95
Trd, 4319809.893, 94
Trd, 4319812.393, 94
Trd, 4319812.543, 96
Trd, 4319816.993, 95
Trd, 4319817.393, 95
Trd, 4319817.793, 95
Trd, 4319818.593, 94
Trd, 4319819.743, 94
Trd, 4319821.093, 104
Trd, 4319822.193, 95
Trd, 4319823.293, 95
Trd, 4319823.943, 95
Trd, 4319824.343, 95
Trd, 4319825.643, 95
Trd, 4319826.843, 95
Trd, 4319828.943, 101
Trd, 4319831.093, 95
Trd, 4319832.293, 95
Trd, 4319834.343, 96
Trd, 4319835.193, 95
Trd, 4319835.593, 96
Trd, 4319836.443, 96
Trd, 4319837.943, 96
Trd, 4319841.143, 95
Trd, 4319843.393, 95
Trd, 4319843.643, 95
Trd, 4319845.993, 95
Trd, 4319847.643, 94
Trd, 4319847.943, 94
Trd, 4319851.493, 100
Trd, 4319852.693, 102
Trd, 4319852.943, 100
Trd, 4319853.993, 100
Trd, 4319854.993, 98
Trd, 4319856.493, 98
Trd, 4319856.693, 98
Trd, 4319859.043, 100
Trd, 4319860.193, 98
Trd, 4319860.243, 99
Trd, 4319860.793, 104
Trd, 4319862.493, 101
Trd, 4319864.843, 101
Trd, 4319865.543, 101
Trd, 4319866.843, 101
Trd, 4319867.243, 102
Trd, 4319867.843, 101
Trd, 4319870.143, 101
Trd, 4319871.443, 101
Trd, 4319874.293, 101
Trd, 4319874.593, 100
Trd, 4319875.643, 101
Trd, 4319877.793, 100
Trd, 4319878.193, 100
Trd, 4319878.443, 99
Trd, 4319880.393, 95
Trd, 4319881.593, 95
Trd, 4319882.093, 95
Trd, 4319883.293, 94
Trd, 4319884.543, 94
Trd, 4319885.093, 94
Trd, 4319887.593, 93
Trd, 4319887.943, 94
Trd, 4319889.343, 94
Trd, 4319889.593, 93
Trd, 4319889.643, 94
Trd, 4319889.793, 95
Trd, 4319892.743, 94
Trd, 4319895.843, 95
Trd, 4319897.243, 95
Trd, 4319897.943, 95
Trd, 4319898.743, 93
Trd, 4319899.043, 95
Trd, 4319900.543, 95
Trd, 4319901.993, 95
Trd, 4319903.593, 97
Trd, 4319906.043, 98
Trd, 4319906.193, 97
Trd, 4319908.193, 96
Trd, 4319908.493, 96
Trd, 4319908.943, 97
Trd, 4319909.093, 104
Trd, 4319912.493, 95
Trd, 4319913.393, 96
Trd, 4319913.793, 95
Trd, 4319914.593, 94
Trd, 4319914.943, 94
Trd, 4319917.293, 94
Trd, 4319919.543, 94
Trd, 4319920.293, 94
Trd, 4319923.343, 97
Trd, 4319923.543, 96
Trd, 4319924.143, 95
Trd, 4319925.993, 96
Trd, 4319927.793, 94
Trd, 4319928.043, 93
Trd, 4319929.393, 93
Trd, 4319932.143, 93
Trd, 4319933.643, 95
Trd, 4319935.443, 97
Trd, 4319936.893, 96
Trd, 4319937.293, 102
Trd, 4319938.993, 97
Trd, 4319940.693, 97
Trd, 4319944.693, 96
Trd, 4319946.343, 97
Trd, 4319948.193, 95
Trd, 4319949.393, 95
Trd, 4319951.543, 104
Trd, 4319952.793, 97
Trd, 4319954.343, 95
Trd, 4319956.443, 94
Trd, 4319956.693, 94
Trd, 4319957.543, 94
Trd, 4319958.243, 94
Trd, 4319959.193, 94
Trd, 4319960.693, 96
Trd, 4319961.393, 95
Trd, 4319961.893, 95
Trd, 4319963.793, 93
Trd, 4319965.043, 95
Trd, 4319966.293, 96
Trd, 4319966.543, 96
Trd, 4319968.743, 96
Trd, 4319972.443, 95
Trd, 4319974.743, 95
Trd, 4319975.143, 94
Trd, 4319976.093, 95
Trd, 4319978.693, 95
Trd, 4319979.043, 94
Trd, 4319979.443, 95
Trd, 4319979.793, 95
Trd, 4319983.493, 102
Trd, 4319986.493, 94
Trd, 4319987.093, 94
Trd, 4319989.743, 94
Trd, 4319989.993, 95
Trd, 4319991.643, 94
Trd, 4319992.743, 93
Trd, 4319992.993, 95
Trd, 4319995.543, 94
Trd, 4319996.543, 96
Trd, 4319998.293, 95
Trd, 4319998.343, 95
Trd, 4319999.743, 104
