Trd, 4317891.193, 96
Trd, 4317892.843, 97
Trd, 4317893.193, 97
Trd, 4317894.443, 96
Trd, 4317896.943, 103
Trd, 4317898.693, 100
Trd, 4317899.043, 100
Trd, 4317899.443, 100
Trd, 4317901.493, 112
Trd, 4317902.393, 115
Trd, 4317902.743, 116
Trd, 4317903.243, 114
Trd, 4317905.043, 98
Trd, 4317906.743, 98
Trd, 4317908.943, 101
Trd, 4317909.743, 97
Trd, 4317910.843, 102
Trd, 4317911.543, 94
Trd, 4317911.993, 95
Trd, 4317913.743, 96
Trd, 4317913.793, 94
Trd, 4317915.193, 113
Trd, 4317915.843, 105
Trd, 4317918.193, 103
Trd, 4317919.693, 102
Trd, 4317919.943, 105
Trd, 4317921.093, 103
Trd, 4317921.293, 102
Trd, 4317924.043, 104
Trd, 4317925.143, 100
Trd, 4317926.443, 95
Trd, 4317927.193, 99
Trd, 4317927.293, 98
Trd, 4317927.793, 100
Trd, 4317930.893, 84
Trd, 4317931.243, 89
Trd, 4317933.593, 96
Trd, 4317934.593, 104
Trd, 4317935.143, 95
Trd, 4317935.293, 95
Trd, 4317936.493, 94
Trd, 4317937.493, 87
Trd, 4317938.243, 88
Trd, 4317940.343, 86
Trd, 4317940.543, 87
Trd, 4317942.493, 95
Trd, 4317942.693, 94
Trd, 4317943.043, 91
Trd, 4317943.793, 102
Trd, 4317946.693, 92
Trd, 4317947.893, 92
Trd, 4317949.043, 93
Trd, 4317949.693, 92
Trd, 4317951.493, 94
Trd, 4317953.243, 93
Trd, 4317953.693, 94
Trd, 4317954.243, 95
Trd, 4317954.343, 98
Trd, 4317957.043, 94
Trd, 4317958.893, 96
Trd, 4317959.993, 97
Trd, 4317961.043, 97
Trd, 4317963.293, 96
Trd, 4317963.743, 97
Trd, 4317964.993, 99
Trd, 4317965.993, 109
Trd, 4317968.043, 100
Trd, 4317970.143, 100
Trd, 4317971.943, 97
Trd, 4317972.143, 95
Trd, 4317973.893, 96
Trd, 4317975.743, 97
Trd, 4317976.043, 96
Trd, 4317976.543, 95
Trd, 4317978.343, 99
Trd, 4317978.743, 98
Trd, 4317981.193, 105
Trd, 4317984.243, 101
Trd, 4317985.243, 101
Trd, 4317985.743, 101
Trd, 4317985.993, 103
Trd, 4317986.893, 100
Trd, 4317988.043, 102
Trd, 4317989.193, 100
Trd, 4317990.143, 100
Trd, 4317991.243, 99
Trd, 4317992.143, 100
Trd, 4317995.043, 99
Trd, 4317996.493, 98
Trd, 4317996.993, 99
Trd, 4317999.343, 98
Trd, 4318000.193, 100
Trd, 4318001.493, 98
Trd, 4318002.393, 99
Trd, 4318002.893, 96
Trd, 4318003.043, 95
Trd, 4318004.093, 95
Trd, 4318005.893, 110
Trd, 4318007.443, 102
Trd, 4318009.093, 101
Trd, 4318010.943, 101
Trd, 4318011.493, 101
Trd, 4318012.443, 103
Trd, 4318014.593, 103
Trd, 4318014.643, 102
Trd, 4318014.843, 103
Trd, 4318015.743, 102
Trd, 4318018.243, 102
Trd, 4318018.493, 96
Trd, 4318021.193, 102
Trd, 4318022.043, 102
Trd, 4318022.443, 113
Trd, 4318023.443, 104
Trd, 4318026.093, 101
Trd, 4318026.843, 101
Trd, 4318028.343, 93
Trd, 4318030.143, 94
Trd, 4318032.293, 94
Trd, 4318032.693, 94
Trd, 4318033.193, 94
Trd, 4318033.643, 95
Trd, 4318035.093, 95
Trd, 4318037.693, 95
Trd, 4318037.793, 95
Trd, 4318038.693, 95
Trd, 4318041.093, 94
Trd, 4318041.943, 95
Trd, 4318042.743, 95
Trd, 4318044.443, 96
Trd, 4318044.943, 95
Trd, 4318046.343, 95
Trd, 4318046.743, 95
Trd, 4318048.093, 95
Trd, 4318048.543, 96
Trd, 4318052.143, 95
Trd, 4318052.393, 95
Trd, 4318053.843, 91
Trd, 4318054.443, 91
Trd, 4318055.043, 91
Trd, 4318055.893, 92
Trd, 4318056.793, 93
Trd, 4318058.793, 93
Trd, 4318059.243, 92
Trd, 4318059.843, 95
Trd, 4318061.243, 93
Trd, 4318062.243, 94
Trd, 4318063.993, 93
Trd, 4318065.443, 92
Trd, 4318066.593, 94
Trd, 4318068.493, 94
Trd, 4318068.593, 95
Trd, 4318070.043, 95
Trd, 4318070.843, 95
Trd, 4318072.293, 96
Trd, 4318072.543, 96
Trd, 4318075.193, 94
Trd, 4318075.643, 94
Trd, 4318077.393, 96
Trd, 4318079.243, 95
Trd, 4318079.393, 96
Trd, 4318082.093, 102
Trd, 4318082.493, 102
Trd, 4318082.843, 101
Trd, 4318084.293, 101
Trd, 4318084.743, 108
Trd, 4318087.043, 100
Trd, 4318090.793, 100
Trd, 4318090.993, 100
Trd, 4318091.843, 100
Trd, 4318093.193, 99
Trd, 4318096.343, 99
Trd, 4318096.593, 99
Trd, 4318097.093, 98
Trd, 4318099.743, 99
Trd, 4318101.093, 98
Trd, 4318101.843, 96
Trd, 4318102.643, 96
Trd, 4318104.843, 96
Trd, 4318105.093, 95
Trd, 4318106.843, 97
Trd, 4318108.543, 96
Trd, 4318109.243, 97
Trd, 4318111.143, 95
Trd, 4318112.393, 94
Trd, 4318112.543, 95
Trd, 4318113.493, 95
Trd, 4318114.193, 96
Trd, 4318115.043, 97
Trd, 4318116.793, 95
Trd, 4318117.443, 97
Trd, 4318119.143, 96
Trd, 4318119.193, 95
Trd, 4318121.193, 93
Trd, 4318121.993, 94
Trd, 4318122.893, 94
Trd, 4318124.193, 112
Trd, 4318127.343, 98
Trd, 4318128.293, 98
Trd, 4318132.693, 97
Trd, 4318133.143, 98
Trd, 4318133.993, 97
Trd, 4318135.743, 96
Trd, 4318136.543, 95
Trd, 4318137.993, 92
Trd, 4318138.193, 93
Trd, 4318140.593, 94
Trd, 4318140.893, 94
Trd, 4318143.693, 96
Trd, 4318144.943, 98
Trd, 4318145.493, 97
Trd, 4318147.743, 97
Trd, 4318148.993, 97
Trd, 4318149.943, 96
Trd, 4318150.343, 95
Trd, 4318151.643, 98
Trd, 4318153.143, 99
Trd, 4318154.343, 99
Trd, 4318154.893, 100
Trd, 4318156.493, 99
Trd, 4318158.593, 98
Trd, 4318158.893, 98
Trd, 4318159.243, 97
Trd, 4318163.493, 98
Trd, 4318163.743, 98
Trd, 4318164.143, 96
Trd, 4318165.693, 98
Trd, 4318166.943, 99
Trd, 4318169.443, 99
Trd, 4318170.143, 98
Trd, 4318171.693, 99
Trd, 4318171.843, 98
Trd, 4318172.943, 98
Trd, 4318173.843, 99
Trd, 4318175.793, 98
Trd, 4318176.143, 97
Trd, 4318176.793, 98
Trd, 4318177.093, 104
Trd, 4318178.493, 95
Trd, 4318178.943, 95
Trd, 4318181.643, 95
Trd, 4318181.793, 97
Trd, 4318184.543, 96
Trd, 4318185.293, 96
Trd, 4318186.043, 101
Trd, 4318187.493, 99
Trd, 4318188.643, 99
Trd, 4318189.193, 98
Trd, 4318189.393, 97
Trd, 4318191.143, 99
Trd, 4318191.243, 100
Trd, 4318193.043, 113
Trd, 4318193.293, 103
Trd, 4318195.693, 101
Trd, 4318196.243, 102
Trd, 4318197.643, 103
Trd, 4318197.943, 103
Trd, 4318198.493, 103
Trd, 4318199.943, 103
Trd, 4318201.493, 103
Trd, 4318203.443, 105
Trd, 4318203.893, 103
Trd, 4318204.243, 103
Trd, 4318205.393, 108
Trd, 4318208.193, 105
Trd, 4318209.043, 107
Trd, 4318209.393, 106
Trd, 4318209.643, 103
Trd, 4318214.543, 103
Trd, 4318214.893, 104
Trd, 4318216.443, 103
Trd, 4318216.993, 104
Trd, 4318217.093, 101
Trd, 4318219.743, 105
Trd, 4318224.293, 103
Trd, 4318225.393, 102
Trd, 4318225.643, 103
Trd, 4318226.543, 103
Trd, 4318227.943, 103
Trd, 4318228.393, 102
Trd, 4318228.793, 103
Trd, 4318232.393, 102
Trd, 4318233.093, 103
Trd, 4318234.243, 103
Trd, 4318236.343, 103
Trd, 4318236.693, 102
Trd, 4318237.543, 99
Trd, 4318239.343, 96
Trd, 4318240.743, 93
Trd, 4318241.243, 94
Trd, 4318243.143, 101
Trd, 4318243.643, 104
Trd, 4318243.693, 99
Trd, 4318245.443, 99
Trd, 4318247.193, 99
Trd, 4318250.093, 99
Trd, 4318250.343, 99
Trd, 4318250.393, 98
Trd, 4318251.143, 98
Trd, 4318253.043, 98
Trd, 4318253.393, 99
Trd, 4318254.293, 97
Trd, 4318256.493, 98
Trd, 4318257.993, 98
Trd, 4318259.193, 98
Trd, 4318260.543, 98
Trd, 4318261.543, 99
Trd, 4318262.043, 99
Trd, 4318264.443, 101
Trd, 4318264.543, 100
Trd, 4318265.693, 100
Trd, 4318267.193, 100
Trd, 4318267.243, 101
Trd, 4318268.743, 100
Trd, 4318271.543, 100
Trd, 4318272.193, 99
Trd, 4318273.093, 99
Trd, 4318274.193, 99
Trd, 4318275.043, 95
Trd, 4318277.043, 97
Trd, 4318277.693, 98
Trd, 4318278.143, 99
Trd, 4318278.293, 98
Trd, 4318280.643, 100
Trd, 4318281.043, 98
Trd, 4318283.693, 97
Trd, 4318285.193, 95
Trd, 4318286.293, 95
Trd, 4318286.743, 94
Trd, 4318287.793, 98
Trd, 4318290.293, 95
Trd, 4318290.993, 94
Trd, 4318291.693, 95
Trd, 4318291.893, 96
Trd, 4318295.293, 95
Trd, 4318296.293, 96
Trd, 4318297.293, 96
Trd, 4318298.593, 95
Trd, 4318299.743, 94
Trd, 4318300.593, 95
Trd, 4318301.193, 95
Trd, 4318301.893, 94
Trd, 4318302.843, 94
Trd, 4318305.693, 94
Trd, 4318307.093, 93
Trd, 4318307.593, 93
Trd, 4318309.143, 94
Trd, 4318310.393, 94
Trd, 4318310.493, 97
Trd, 4318311.443, 95
Trd, 4318313.443, 95
Trd, 4318313.793, 103
Trd, 4318317.243, 96
Trd, 4318319.193, 97
Trd, 4318319.293, 98
Trd, 4318319.993, 96
Trd, 4318320.493, 97
Trd, 4318321.543, 95
Trd, 4318322.793, 97
Trd, 4318323.743, 103
Trd, 4318324.043, 98
Trd, 4318325.943, 95
Trd, 4318327.043, 95
Trd, 4318328.093, 96
Trd, 4318328.493, 97
Trd, 4318329.443, 97
Trd, 4318331.393, 98
Trd, 4318332.143, 98
Trd, 4318334.343, 97
Trd, 4318335.493, 97
Trd, 4318337.093, 98
Trd, 4318337.243, 97
Trd, 4318339.543, 97
Trd, 4318340.643, 95
Trd, 4318341.443, 95
Trd, 4318341.743, 94
Trd, 4318342.443, 92
Trd, 4318345.593, 94
Trd, 4318346.293, 94
Trd, 4318347.443, 93
Trd, 4318347.743, 94
Trd, 4318348.893, 94
Trd, 4318349.293, 92
Trd, 4318353.343, 94
Trd, 4318353.943, 95
Trd, 4318354.793, 94
Trd, 4318356.543, 97
Trd, 4318357.543, 97
Trd, 4318357.743, 98
Trd, 4318357.943, 102
Trd, 4318361.693, 98
Trd, 4318362.343, 97
Trd, 4318363.293, 98
Trd, 4318364.843, 96
Trd, 4318365.393, 97
Trd, 4318367.093, 97
Trd, 4318367.943, 96
Trd, 4318369.293, 98
Trd, 4318369.543, 95
Trd, 4318371.893, 95
Trd, 4318373.043, 95
Trd, 4318373.293, 95
Trd, 4318374.693, 94
Trd, 4318374.843, 95
Trd, 4318377.143, 93
Trd, 4318377.843, 94
Trd, 4318379.543, 96
Trd, 4318380.393, 95
Trd, 4318380.643, 103
Trd, 4318383.193, 98
Trd, 4318384.643, 98
Trd, 4318385.193, 98
Trd, 4318385.893, 99
Trd, 4318386.243, 98
Trd, 4318387.343, 98
Trd, 4318388.393, 113
Trd, 4318389.543, 95
Trd, 4318392.843, 102
Trd, 4318394.243, 104
Trd, 4318395.543, 103
Trd, 4318396.543, 101
Trd, 4318396.743, 102
Trd, 4318398.193, 102
Trd, 4318399.743, 102
Trd, 4318401.143, 104
Trd, 4318403.143, 101
Trd, 4318403.293, 102
Trd, 4318404.893, 96
Trd, 4318405.093, 98
Trd, 4318406.093, 95
Trd, 4318407.943, 92
Trd, 4318408.393, 92
Trd, 4318410.093, 92
Trd, 4318410.993, 94
Trd, 4318414.443, 101
Trd, 4318415.493, 100
Trd, 4318415.543, 99
Trd, 4318417.593, 102
Trd, 4318418.393, 102
Trd, 4318419.393, 101
Trd, 4318422.843, 101
Trd, 4318422.943, 102
Trd, 4318423.893, 103
Trd, 4318425.843, 104
Trd, 4318426.243, 102
Trd, 4318428.993, 111
Trd, 4318429.293, 112
Trd, 4318430.693, 105
Trd, 4318431.843, 97
Trd, 4318431.993, 95
Trd, 4318432.393, 96
Trd, 4318433.343, 94
Trd, 4318435.293, 104
Trd, 4318436.093, 100
Trd, 4318437.243, 100
Trd, 4318438.443, 96
Trd, 4318439.093, 96
Trd, 4318440.743, 97
Trd, 4318441.843, 98
Trd, 4318442.943, 98
Trd, 4318443.343, 97
Trd, 4318444.093, 97
Trd, 4318445.843, 95
Trd, 4318449.043, 98
Trd, 4318449.643, 99
Trd, 4318450.893, 99
Trd, 4318452.493, 98
Trd, 4318454.293, 96
Trd, 4318454.843, 95
Trd, 4318455.093, 95
Trd, 4318456.843, 96
Trd, 4318458.293, 96
Trd, 4318459.043, 102
Trd, 4318460.143, 96
Trd, 4318461.843, 96
Trd, 4318462.493, 95
Trd, 4318462.893, 94
Trd, 4318463.293, 104
Trd, 4318466.793, 95
Trd, 4318467.343, 96
Trd, 4318467.693, 95
Trd, 4318468.043, 96
Trd, 4318469.993, 102
Trd, 4318470.393, 98
Trd, 4318471.693, 97
Trd, 4318473.643, 95
Trd, 4318475.043, 96
Trd, 4318476.543, 96
Trd, 4318477.843, 95
Trd, 4318478.193, 96
Trd, 4318479.743, 98
Trd, 4318481.293, 97
Trd, 4318481.443, 97
Trd, 4318483.793, 98
Trd, 4318484.843, 96
Trd, 4318486.443, 98
Trd, 4318486.993, 99
Trd, 4318488.343, 99
Trd, 4318490.193, 103
Trd, 4318490.993, 98
Trd, 4318491.193, 99
Trd, 4318492.893, 98
Trd, 4318494.793, 97
Trd, 4318497.293, 97
Trd, 4318498.393, 97
Trd, 4318498.493, 97
Trd, 4318498.793, 98
Trd, 4318502.543, 97
Trd, 4318503.243, 97
Trd, 4318504.743, 98
Trd, 4318506.443, 100
Trd, 4318507.443, 100
Trd, 4318508.443, 101
Trd, 4318508.793, 102
Trd, 4318510.493, 99
Trd, 4318512.743, 98
Trd, 4318513.793, 96
Trd, 4318517.443, 96
Trd, 4318517.593, 97
Trd, 4318517.993, 96
Trd, 4318518.543, 95
Trd, 4318519.193, 96
Trd, 4318521.393, 98
Trd, 4318521.493, 98
Trd, 4318525.843, 100
Trd, 4318525.993, 98
Trd, 4318526.743, 98
Trd, 4318527.543, 98
Trd, 4318528.793, 98
Trd, 4318529.543, 98
Trd, 4318529.743, 97
Trd, 4318531.693, 102
Trd, 4318532.893, 100
Trd, 4318534.343, 100
Trd, 4318536.643, 100
Trd, 4318538.193, 99
Trd, 4318538.593, 98
Trd, 4318539.393, 99
Trd, 4318542.093, 99
Trd, 4318545.193, 98
Trd, 4318546.193, 99
Trd, 4318547.343, 99
Trd, 4318547.943, 98
Trd, 4318548.193, 99
Trd, 4318551.093, 97
Trd, 4318552.643, 98
Trd, 4318554.593, 98
Trd, 4318554.993, 98
Trd, 4318555.243, 98
Trd, 4318556.243, 97
Trd, 4318556.793, 98
Trd, 4318557.843, 97
Trd, 4318557.993, 97
Trd, 4318560.293, 96
Trd, 4318561.193, 95
Trd, 4318561.843, 95
Trd, 4318562.243, 96
Trd, 4318562.993, 95
Trd, 4318566.193, 96
Trd, 4318567.193, 96
Trd, 4318568.043, 96
Trd, 4318568.593, 98
Trd, 4318569.593, 113
Trd, 4318572.493, 98
Trd, 4318572.643, 99
Trd, 4318573.493, 101
Trd, 4318575.943, 101
Trd, 4318576.543, 101
Trd, 4318577.293, 100
Trd, 4318577.893, 99
Trd, 4318579.293, 100
Trd, 4318581.993, 99
Trd, 4318582.343, 100
Trd, 4318584.493, 98
Trd, 4318584.643, 98
Trd, 4318586.493, 97
Trd, 4318588.193, 99
Trd, 4318589.843, 99
Trd, 4318590.293, 98
Trd, 4318592.243, 100
Trd, 4318593.043, 100
Trd, 4318594.143, 97
Trd, 4318595.693, 98
Trd, 4318596.743, 99
Trd, 4318597.893, 95
Trd, 4318598.543, 96
Trd, 4318600.043, 94
Trd, 4318600.593, 94
Trd, 4318601.343, 93
Trd, 4318603.543, 96
Trd, 4318605.693, 97
Trd, 4318605.743, 96
Trd, 4318607.743, 97
Trd, 4318608.493, 96
Trd, 4318609.293, 96
Trd, 4318609.843, 96
Trd, 4318611.543, 97
Trd, 4318613.643, 98
Trd, 4318614.693, 97
Trd, 4318615.893, 97
Trd, 4318617.043, 97
Trd, 4318617.443, 96
Trd, 4318617.893, 95
Trd, 4318620.093, 95
Trd, 4318620.743, 95
Trd, 4318621.643, 104
Trd, 4318622.693, 99
Trd, 4318624.943, 97
Trd, 4318626.293, 91
Trd, 4318626.693, 94
Trd, 4318626.843, 93
Trd, 4318630.793, 96
Trd, 4318632.593, 100
Trd, 4318633.093, 99
Trd, 4318635.143, 113
Trd, 4318635.193, 102
Trd, 4318638.493, 103
Trd, 4318638.693, 102
Trd, 4318639.243, 101
Trd, 4318641.543, 102
Trd, 4318644.093, 102
Trd, 4318644.593, 99
Trd, 4318645.693, 100
Trd, 4318647.093, 101
Trd, 4318647.193, 101
Trd, 4318647.843, 101
Trd, 4318650.243, 100
Trd, 4318652.243, 98
Trd, 4318652.943, 99
Trd, 4318653.443, 100
Trd, 4318653.943, 99
Trd, 4318654.693, 98
Trd, 4318657.043, 109
Trd, 4318658.143, 99
Trd, 4318659.993, 100
Trd, 4318660.293, 99
Trd, 4318663.293, 98
Trd, 4318664.393, 97
Trd, 4318665.243, 97
Trd, 4318665.643, 96
Trd, 4318665.893, 97
Trd, 4318666.043, 96
Trd, 4318668.643, 96
Trd, 4318670.843, 95
Trd, 4318672.593, 95
Trd, 4318673.593, 96
Trd, 4318673.943, 95
Trd, 4318673.993, 96
Trd, 4318674.643, 94
Trd, 4318676.243, 92
Trd, 4318679.043, 92
Trd, 4318680.043, 93
Trd, 4318680.493, 93
Trd, 4318681.393, 93
Trd, 4318681.543, 94
Trd, 4318682.093, 96
Trd, 4318683.093, 100
Trd, 4318685.343, 97
Trd, 4318686.293, 98
Trd, 4318687.743, 95
Trd, 4318688.693, 95
Trd, 4318689.693, 94
Trd, 4318690.743, 93
Trd, 4318692.443, 94
Trd, 4318692.543, 97
Trd, 4318695.043, 96
Trd, 4318696.043, 97
Trd, 4318696.743, 96
Trd, 4318699.593, 96
Trd, 4318700.543, 97
Trd, 4318700.793, 97
Trd, 4318701.443, 97
Trd, 4318703.293, 111
Trd, 4318704.393, 112
Trd, 4318705.343, 107
Trd, 4318706.443, 96
Trd, 4318707.693, 88
Trd, 4318708.943, 88
Trd, 4318709.893, 87
Trd, 4318711.943, 94
Trd, 4318712.343, 90
Trd, 4318712.893, 90
Trd, 4318714.843, 94
Trd, 4318716.393, 99
Trd, 4318717.193, 102
Trd, 4318719.243, 102
Trd, 4318721.093, 107
Trd, 4318721.543, 105
Trd, 4318721.743, 101
Trd, 4318721.793, 104
Trd, 4318723.043, 112
Trd, 4318725.293, 99
Trd, 4318726.793, 98
Trd, 4318726.993, 99
Trd, 4318727.293, 99
Trd, 4318728.843, 99
Trd, 4318729.293, 98
Trd, 4318731.943, 99
Trd, 4318732.143, 98
Trd, 4318733.643, 99
Trd, 4318734.693, 100
Trd, 4318736.093, 102
Trd, 4318736.593, 100
Trd, 4318738.393, 100
Trd, 4318738.843, 96
Trd, 4318739.843, 94
Trd, 4318741.593, 95
Trd, 4318745.543, 95
Trd, 4318746.593, 93
Trd, 4318747.343, 93
Trd, 4318748.193, 95
Trd, 4318750.593, 94
Trd, 4318752.743, 94
Trd, 4318754.643, 93
Trd, 4318754.843, 94
Trd, 4318755.043, 94
Trd, 4318755.893, 95
Trd, 4318757.043, 95
Trd, 4318757.843, 104
Trd, 4318760.343, 99
Trd, 4318760.693, 98
Trd, 4318761.493, 99
Trd, 4318763.043, 97
Trd, 4318763.493, 97
Trd, 4318765.193, 96
Trd, 4318765.343, 95
Trd, 4318767.143, 93
Trd, 4318768.243, 112
Trd, 4318768.393, 111
Trd, 4318770.493, 103
Trd, 4318771.343, 103
Trd, 4318772.543, 102
Trd, 4318773.843, 102
Trd, 4318774.293, 100
Trd, 4318775.893, 104
Trd, 4318778.343, 103
Trd, 4318779.193, 104
Trd, 4318779.493, 103
Trd, 4318780.193, 103
Trd, 4318781.543, 102
Trd, 4318781.593, 101
Trd, 4318785.243, 101
Trd, 4318785.443, 101
Trd, 4318786.193, 102
Trd, 4318786.843, 99
Trd, 4318788.943, 100
Trd, 4318789.343, 99
Trd, 4318790.443, 97
Trd, 4318791.493, 98
Trd, 4318791.993, 104
Trd, 4318793.343, 96
Trd, 4318793.843, 96
Trd, 4318795.693, 97
Trd, 4318796.693, 96
Trd, 4318797.393, 95
Trd, 4318799.043, 104
Trd, 4318803.243, 97
Trd, 4318804.643, 97
Trd, 4318805.993, 96
Trd, 4318806.843, 97
Trd, 4318807.443, 97
Trd, 4318809.293, 96
Trd, 4318810.643, 97
Trd, 4318811.243, 96
Trd, 4318811.443, 95
Trd, 4318811.493, 104
Trd, 4318812.343, 101
Trd, 4318816.643, 97
Trd, 4318817.343, 96
Trd, 4318819.143, 95
Trd, 4318820.443, 104
Trd, 4318822.643, 97
Trd, 4318822.893, 95
Trd, 4318823.293, 94
Trd, 4318824.393, 95
Trd, 4318824.643, 95
Trd, 4318825.743, 95
Trd, 4318826.943, 94
Trd, 4318827.293, 95
Trd, 4318830.193, 97
Trd, 4318830.843, 97
Trd, 4318831.993, 95
Trd, 4318832.293, 96
Trd, 4318833.593, 100
Trd, 4318834.493, 99
Trd, 4318835.793, 98
Trd, 4318837.743, 112
Trd, 4318840.343, 99
Trd, 4318841.793, 101
Trd, 4318842.693, 102
Trd, 4318843.143, 102
Trd, 4318843.993, 101
Trd, 4318846.443, 99
Trd, 4318846.943, 98
Trd, 4318847.243, 104
Trd, 4318848.443, 102
Trd, 4318850.193, 100
Trd, 4318851.193, 101
Trd, 4318851.793, 101
Trd, 4318852.943, 104
Trd, 4318853.693, 100
Trd, 4318855.393, 99
Trd, 4318855.443, 100
Trd, 4318856.593, 101
Trd, 4318858.343, 100
Trd, 4318859.793, 104
Trd, 4318860.843, 95
Trd, 4318861.993, 94
Trd, 4318863.143, 94
Trd, 4318863.793, 95
Trd, 4318863.943, 96
Trd, 4318867.593, 96
Trd, 4318867.893, 95
Trd, 4318868.693, 96
Trd, 4318869.293, 104
Trd, 4318869.593, 95
Trd, 4318873.643, 98
Trd, 4318873.893, 97
Trd, 4318875.793, 95
Trd, 4318875.843, 97
Trd, 4318878.093, 96
Trd, 4318879.193, 96
Trd, 4318880.793, 95
Trd, 4318881.343, 94
Trd, 4318883.193, 95
Trd, 4318883.343, 95
Trd, 4318883.943, 95
Trd, 4318886.293, 97
Trd, 4318888.393, 112
Trd, 4318888.793, 113
Trd, 4318888.893, 103
Trd, 4318889.743, 105
Trd, 4318890.843, 101
Trd, 4318892.193, 98
Trd, 4318892.293, 98
Trd, 4318894.043, 100
Trd, 4318896.093, 96
Trd, 4318896.193, 97
Trd, 4318896.393, 97
Trd, 4318900.793, 101
Trd, 4318901.093, 100
Trd, 4318901.143, 101
Trd, 4318902.843, 99
Trd, 4318904.193, 99
Trd, 4318906.243, 98
Trd, 4318906.993, 99
Trd, 4318907.593, 99
Trd, 4318910.493, 103
Trd, 4318910.593, 99
Trd, 4318912.793, 101
Trd, 4318913.493, 100
Trd, 4318913.993, 100
Trd, 4318914.393, 99
Trd, 4318917.393, 99
Trd, 4318918.443, 99
Trd, 4318918.743, 100
Trd, 4318922.843, 99
Trd, 4318923.443, 98
Trd, 4318925.943, 98
Trd, 4318926.693, 98
Trd, 4318926.943, 97
Trd, 4318928.793, 98
Trd, 4318931.243, 100
Trd, 4318932.143, 100
Trd, 4318932.493, 101
Trd, 4318933.693, 100
Trd, 4318934.643, 100
Trd, 4318935.493, 99
Trd, 4318935.543, 101
Trd, 4318938.143, 99
Trd, 4318940.393, 100
Trd, 4318941.243, 99
Trd, 4318943.343, 100
Trd, 4318943.993, 100
Trd, 4318944.993, 99
Trd, 4318945.143, 98
Trd, 4318947.343, 99
Trd, 4318947.993, 97
Trd, 4318948.143, 98
Trd, 4318950.393, 98
Trd, 4318951.243, 98
Trd, 4318953.343, 113
Trd, 4318954.343, 103
Trd, 4318955.043, 103
Trd, 4318956.143, 103
Trd, 4318959.193, 103
Trd, 4318959.993, 104
Trd, 4318963.643, 103
Trd, 4318964.593, 104
Trd, 4318964.943, 105
Trd, 4318965.643, 103
Trd, 4318966.893, 113
Trd, 4318967.693, 104
Trd, 4318969.543, 107
Trd, 4318971.943, 107
Trd, 4318972.193, 105
Trd, 4318973.093, 103
Trd, 4318975.443, 99
Trd, 4318976.143, 99
Trd, 4318978.943, 96
Trd, 4318979.193, 95
Trd, 4318979.443, 94
Trd, 4318981.393, 94
Trd, 4318982.393, 96
Trd, 4318983.843, 95
Trd, 4318985.443, 95
Trd, 4318985.843, 95
Trd, 4318987.093, 95
Trd, 4318988.193, 95
Trd, 4318989.393, 95
Trd, 4318991.393, 96
Trd, 4318992.943, 95
Trd, 4318993.443, 95
Trd, 4318995.743, 88
Trd, 4318995.993, 86
Trd, 4318997.043, 86
Trd, 4318997.093, 93
Trd, 4318997.893, 95
Trd, 4319000.893, 89
Trd, 4319002.793, 89
Trd, 4319003.193, 88
Trd, 4319004.593, 88
Trd, 4319005.943, 89
Trd, 4319006.993, 89
Trd, 4319007.543, 88
Trd, 4319009.443, 88
Trd, 4319010.043, 88
Trd, 4319013.043, 88
Trd, 4319015.193, 88
Trd, 4319015.343, 87
Trd, 4319016.843, 100
Trd, 4319017.743, 101
Trd, 4319018.043, 100
Trd, 4319021.393, 103
Trd, 4319021.493, 105
Trd, 4319022.393, 103
Trd, 4319024.893, 105
Trd, 4319026.343, 105
Trd, 4319028.643, 103
Trd, 4319029.343, 104
Trd, 4319030.793, 103
Trd, 4319031.493, 102
Trd, 4319032.743, 103
Trd, 4319033.643, 104
Trd, 4319034.393, 100
Trd, 4319036.493, 102
Trd, 4319036.993, 101
Trd, 4319037.143, 102
Trd, 4319038.593, 100
Trd, 4319039.743, 103
Trd, 4319041.743, 103
Trd, 4319043.393, 105
Trd, 4319044.493, 104
Trd, 4319045.443, 103
Trd, 4319046.443, 103
Trd, 4319047.993, 102
Trd, 4319050.893, 103
Trd, 4319051.193, 102
Trd, 4319051.943, 104
Trd, 4319052.493, 102
Trd, 4319053.643, 104
Trd, 4319054.593, 105
Trd, 4319055.943, 104
Trd, 4319058.693, 108
Trd, 4319059.293, 107
Trd, 4319059.543, 106
Trd, 4319060.943, 101
Trd, 4319063.093, 101
Trd, 4319064.343, 100
Trd, 4319064.743, 100
Trd, 4319066.743, 100
Trd, 4319067.243, 101
Trd, 4319067.443, 100
Trd, 4319069.493, 99
Trd, 4319071.643, 98
Trd, 4319072.293, 99
Trd, 4319073.043, 99
Trd, 4319073.393, 100
Trd, 4319075.743, 100
Trd, 4319076.693, 100
Trd, 4319077.543, 100
Trd, 4319078.543, 100
Trd, 4319081.643, 99
Trd, 4319082.843, 96
Trd, 4319083.893, 97
Trd, 4319085.243, 97
Trd, 4319087.493, 97
Trd, 4319087.793, 95
Trd, 4319088.193, 97
Trd, 4319090.193, 96
Trd, 4319091.093, 97
Trd, 4319092.643, 97
Trd, 4319093.643, 96
Trd, 4319095.743, 96
Trd, 4319097.793, 96
Trd, 4319100.893, 95
Trd, 4319101.893, 96
Trd, 4319102.093, 95
Trd, 4319102.343, 96
Trd, 4319105.643, 97
Trd, 4319105.793, 97
Trd, 4319106.943, 97
Trd, 4319108.143, 96
Trd, 4319108.193, 97
Trd, 4319109.693, 98
Trd, 4319110.243, 97
Trd, 4319111.393, 96
Trd, 4319111.943, 97
Trd, 4319114.243, 97
Trd, 4319115.543, 97
Trd, 4319116.093, 96
Trd, 4319117.543, 92
Trd, 4319117.843, 91
Trd, 4319118.243, 91
Trd, 4319118.943, 91
Trd, 4319120.343, 92
Trd, 4319120.593, 104
Trd, 4319122.693, 98
Trd, 4319125.093, 100
Trd, 4319126.043, 99
Trd, 4319128.743, 108
Trd, 4319129.143, 102
Trd, 4319129.843, 102
Trd, 4319130.743, 102
Trd, 4319132.093, 102
Trd, 4319132.293, 100
Trd, 4319135.743, 101
Trd, 4319136.293, 101
Trd, 4319137.443, 101
Trd, 4319138.893, 102
Trd, 4319140.343, 104
Trd, 4319141.193, 103
Trd, 4319141.443, 104
Trd, 4319144.593, 102
Trd, 4319146.043, 103
Trd, 4319147.743, 101
Trd, 4319149.343, 100
Trd, 4319149.843, 101
Trd, 4319150.693, 100
Trd, 4319153.543, 96
Trd, 4319153.893, 97
Trd, 4319154.193, 97
Trd, 4319154.643, 97
Trd, 4319156.043, 97
Trd, 4319156.993, 96
Trd, 4319158.493, 97
Trd, 4319158.743, 96
Trd, 4319160.393, 97
Trd, 4319163.443, 96
Trd, 4319166.343, 96
Trd, 4319166.793, 96
Trd, 4319166.843, 95
Trd, 4319167.443, 96
Trd, 4319169.293, 96
Trd, 4319172.093, 96
Trd, 4319173.043, 95
Trd, 4319173.593, 96
Trd, 4319174.243, 96
Trd, 4319174.493, 95
Trd, 4319175.443, 104
Trd, 4319177.043, 96
Trd, 4319177.943, 95
Trd, 4319178.493, 97
Trd, 4319178.893, 96
Trd, 4319182.343, 96
Trd, 4319183.393, 94
Trd, 4319185.243, 95
Trd, 4319185.493, 96
Trd, 4319187.093, 92
Trd, 4319188.143, 94
Trd, 4319188.243, 94
Trd, 4319188.943, 94
Trd, 4319190.593, 95
Trd, 4319191.243, 95
Trd, 4319192.243, 94
Trd, 4319192.343, 95
Trd, 4319195.993, 96
Trd, 4319196.993, 95
Trd, 4319197.843, 96
Trd, 4319199.693, 97
Trd, 4319201.843, 99
Trd, 4319203.493, 102
Trd, 4319203.793, 103
Trd, 4319204.343, 104
Trd, 4319204.843, 100
Trd, 4319207.293, 101
Trd, 4319207.943, 99
Trd, 4319209.493, 98
Trd, 4319212.143, 100
Trd, 4319212.693, 98
Trd, 4319213.293, 98
Trd, 4319214.893, 98
Trd, 4319215.043, 99
Trd, 4319217.743, 97
Trd, 4319218.693, 96
Trd, 4319219.043, 98
Trd, 4319222.593, 97
Trd, 4319222.843, 96
Trd, 4319223.393, 96
Trd, 4319223.643, 95
Trd, 4319224.993, 93
Trd, 4319226.443, 92
Trd, 4319228.393, 91
Trd, 4319230.093, 92
Trd, 4319231.043, 92
Trd, 4319231.593, 93
Trd, 4319231.893, 93
Trd, 4319235.493, 95
Trd, 4319236.243, 96
Trd, 4319237.093, 95
Trd, 4319237.293, 96
Trd, 4319238.193, 95
Trd, 4319238.443, 104
Trd, 4319242.093, 94
Trd, 4319243.793, 96
Trd, 4319244.043, 97
Trd, 4319244.543, 95
Trd, 4319245.643, 91
Trd, 4319248.343, 96
Trd, 4319248.943, 95
Trd, 4319250.643, 100
Trd, 4319252.693, 99
Trd, 4319252.993, 98
Trd, 4319254.293, 97
Trd, 4319255.243, 97
Trd, 4319255.393, 98
Trd, 4319257.093, 100
Trd, 4319259.093, 101
Trd, 4319260.243, 102
Trd, 4319261.193, 113
Trd, 4319262.143, 96
Trd, 4319263.843, 103
Trd, 4319264.243, 103
Trd, 4319267.493, 102
Trd, 4319267.893, 102
Trd, 4319269.043, 95
Trd, 4319269.693, 100
Trd, 4319271.793, 102
Trd, 4319271.993, 101
Trd, 4319273.193, 103
Trd, 4319274.043, 102
Trd, 4319275.543, 102
Trd, 4319276.243, 103
Trd, 4319278.243, 104
Trd, 4319280.143, 103
Trd, 4319280.943, 103
Trd, 4319282.843, 102
Trd, 4319283.643, 102
Trd, 4319284.393, 101
Trd, 4319285.443, 102
Trd, 4319286.043, 101
Trd, 4319287.893, 100
Trd, 4319288.593, 99
Trd, 4319290.193, 99
Trd, 4319291.743, 100
Trd, 4319292.193, 101
Trd, 4319292.493, 101
Trd, 4319293.043, 110
Trd, 4319296.093, 94
Trd, 4319298.743, 94
Trd, 4319299.343, 94
Trd, 4319299.693, 95
Trd, 4319301.293, 100
Trd, 4319301.643, 100
Trd, 4319304.293, 103
Trd, 4319306.843, 105
Trd, 4319306.943, 102
Trd, 4319309.393, 101
Trd, 4319311.743, 97
Trd, 4319311.793, 98
Trd, 4319312.293, 91
Trd, 4319312.643, 97
Trd, 4319313.993, 98
Trd, 4319314.993, 97
Trd, 4319316.843, 96
Trd, 4319318.743, 97
Trd, 4319319.543, 100
Trd, 4319320.843, 99
Trd, 4319321.693, 98
Trd, 4319325.343, 98
Trd, 4319326.093, 99
Trd, 4319326.293, 99
Trd, 4319327.893, 99
Trd, 4319328.243, 98
Trd, 4319329.043, 97
Trd, 4319330.743, 97
Trd, 4319331.443, 97
Trd, 4319331.643, 97
Trd, 4319334.093, 97
Trd, 4319335.143, 97
Trd, 4319336.793, 96
Trd, 4319337.743, 95
Trd, 4319338.693, 94
Trd, 4319339.993, 94
Trd, 4319340.993, 96
Trd, 4319342.943, 98
Trd, 4319343.793, 96
Trd, 4319344.493, 95
Trd, 4319347.743, 98
Trd, 4319348.143, 98
Trd, 4319349.193, 96
Trd, 4319351.193, 96
Trd, 4319352.193, 95
Trd, 4319353.143, 94
Trd, 4319353.993, 95
Trd, 4319354.643, 95
Trd, 4319356.743, 95
Trd, 4319357.443, 96
Trd, 4319358.943, 95
Trd, 4319360.743, 96
Trd, 4319361.343, 96
Trd, 4319364.043, 96
Trd, 4319365.343, 96
Trd, 4319365.993, 96
Trd, 4319366.943, 113
Trd, 4319367.793, 101
Trd, 4319369.593, 99
Trd, 4319372.443, 100
Trd, 4319373.993, 98
Trd, 4319374.843, 98
Trd, 4319375.693, 98
Trd, 4319377.043, 98
Trd, 4319378.293, 99
Trd, 4319379.443, 99
Trd, 4319382.193, 113
Trd, 4319383.093, 104
Trd, 4319383.893, 98
Trd, 4319384.493, 98
Trd, 4319385.193, 97
Trd, 4319385.693, 98
Trd, 4319388.093, 96
Trd, 4319389.243, 93
Trd, 4319389.493, 94
Trd, 4319390.793, 93
Trd, 4319392.443, 93
Trd, 4319393.543, 92
Trd, 4319395.443, 91
Trd, 4319395.543, 92
Trd, 4319397.093, 92
Trd, 4319397.993, 91
Trd, 4319398.643, 91
Trd, 4319400.593, 89
Trd, 4319401.093, 97
Trd, 4319402.843, 93
Trd, 4319404.093, 96
Trd, 4319405.093, 97
Trd, 4319406.743, 96
Trd, 4319407.193, 97
Trd, 4319407.993, 95
Trd, 4319408.493, 95
Trd, 4319409.193, 96
Trd, 4319411.343, 107
Trd, 4319412.693, 101
Trd, 4319415.143, 101
Trd, 4319415.743, 101
Trd, 4319416.543, 100
Trd, 4319418.793, 102
Trd, 4319421.593, 102
Trd, 4319422.993, 97
Trd, 4319423.293, 97
Trd, 4319423.693, 97
Trd, 4319424.143, 95
Trd, 4319424.393, 95
Trd, 4319425.643, 95
Trd, 4319428.093, 94
Trd, 4319429.443, 98
Trd, 4319429.593, 97
Trd, 4319432.643, 104
Trd, 4319433.193, 112
Trd, 4319433.343, 104
Trd, 4319434.843, 105
Trd, 4319436.693, 102
Trd, 4319437.093, 103
Trd, 4319437.793, 103
Trd, 4319439.593, 102
Trd, 4319441.643, 97
Trd, 4319443.143, 98
Trd, 4319443.393, 98
Trd, 4319444.193, 99
Trd, 4319444.793, 100
Trd, 4319446.443, 98
Trd, 4319446.793, 96
Trd, 4319448.693, 97
Trd, 4319449.043, 97
Trd, 4319450.393, 97
Trd, 4319452.393, 98
Trd, 4319453.543, 97
Trd, 4319455.693, 97
Trd, 4319457.043, 96
Trd, 4319457.943, 97
Trd, 4319459.343, 96
Trd, 4319460.093, 95
Trd, 4319460.343, 96
Trd, 4319462.993, 96
Trd, 4319463.293, 96
Trd, 4319465.293, 95
Trd, 4319465.793, 94
Trd, 4319467.543, 95
Trd, 4319468.093, 96
Trd, 4319468.943, 96
Trd, 4319469.993, 93
Trd, 4319472.443, 100
Trd, 4319474.893, 95
Trd, 4319476.543, 93
Trd, 4319477.343, 91
Trd, 4319477.393, 92
Trd, 4319479.593, 91
Trd, 4319479.843, 95
Trd, 4319481.343, 94
Trd, 4319482.093, 94
Trd, 4319483.093, 95
Trd, 4319483.943, 103
Trd, 4319484.643, 98
Trd, 4319486.343, 102
Trd, 4319486.743, 104
Trd, 4319488.493, 105
Trd, 4319489.093, 107
Trd, 4319490.093, 108
Trd, 4319491.843, 102
Trd, 4319494.743, 106
Trd, 4319494.793, 107
Trd, 4319496.043, 106
Trd, 4319497.493, 113
Trd, 4319498.643, 110
Trd, 4319500.193, 108
Trd, 4319500.243, 107
Trd, 4319502.543, 106
Trd, 4319503.243, 106
Trd, 4319504.243, 102
Trd, 4319505.493, 96
Trd, 4319509.043, 100
Trd, 4319509.593, 100
Trd, 4319510.393, 100
Trd, 4319511.993, 101
Trd, 4319512.993, 100
Trd, 4319514.443, 103
Trd, 4319514.693, 100
Trd, 4319516.993, 100
Trd, 4319517.443, 100
Trd, 4319518.393, 100
Trd, 4319519.093, 100
Trd, 4319521.243, 99
Trd, 4319522.043, 99
Trd, 4319523.193, 95
Trd, 4319523.893, 99
Trd, 4319523.943, 97
Trd, 4319525.393, 94
Trd, 4319526.793, 93
Trd, 4319527.693, 93
Trd, 4319529.243, 93
Trd, 4319530.793, 95
Trd, 4319531.943, 111
Trd, 4319532.893, 97
Trd, 4319534.593, 101
Trd, 4319535.393, 100
Trd, 4319537.043, 100
Trd, 4319538.593, 101
Trd, 4319540.743, 100
Trd, 4319541.193, 99
Trd, 4319541.793, 98
Trd, 4319544.693, 100
Trd, 4319545.743, 98
Trd, 4319547.793, 95
Trd, 4319548.193, 95
Trd, 4319548.843, 99
Trd, 4319550.293, 97
Trd, 4319550.393, 96
Trd, 4319552.693, 98
Trd, 4319554.743, 97
Trd, 4319555.043, 96
Trd, 4319556.093, 101
Trd, 4319557.043, 96
Trd, 4319558.643, 97
Trd, 4319559.193, 98
Trd, 4319561.493, 98
Trd, 4319561.893, 97
Trd, 4319562.993, 98
Trd, 4319564.043, 97
Trd, 4319564.843, 98
Trd, 4319567.143, 96
Trd, 4319568.143, 96
Trd, 4319569.043, 95
Trd, 4319570.643, 96
Trd, 4319571.343, 97
Trd, 4319573.993, 95
Trd, 4319574.443, 97
Trd, 4319574.543, 97
Trd, 4319575.243, 95
Trd, 4319576.843, 95
Trd, 4319577.543, 95
Trd, 4319579.793, 94
Trd, 4319581.393, 94
Trd, 4319581.893, 93
Trd, 4319584.143, 93
Trd, 4319585.443, 94
Trd, 4319586.643, 95
Trd, 4319586.843, 97
Trd, 4319589.643, 96
Trd, 4319589.743, 97
Trd, 4319591.493, 96
Trd, 4319592.743, 95
Trd, 4319594.743, 96
Trd, 4319596.843, 95
Trd, 4319599.443, 96
Trd, 4319601.193, 95
Trd, 4319601.943, 95
Trd, 4319602.343, 96
Trd, 4319603.093, 95
Trd, 4319603.943, 95
Trd, 4319605.143, 95
Trd, 4319605.493, 96
Trd, 4319606.043, 96
Trd, 4319608.193, 96
Trd, 4319608.893, 97
Trd, 4319609.093, 97
Trd, 4319610.643, 95
Trd, 4319611.743, 95
Trd, 4319613.993, 96
Trd, 4319614.293, 95
Trd, 4319616.793, 92
Trd, 4319617.943, 90
Trd, 4319618.293, 102
Trd, 4319620.743, 93
Trd, 4319621.543, 92
Trd, 4319622.143, 94
Trd, 4319622.393, 94
Trd, 4319626.043, 97
Trd, 4319626.843, 96
Trd, 4319627.993, 97
Trd, 4319628.343, 97
Trd, 4319628.893, 112
Trd, 4319631.943, 107
Trd, 4319632.093, 103
Trd, 4319634.243, 103
Trd, 4319635.543, 102
Trd, 4319636.093, 101
Trd, 4319638.193, 102
Trd, 4319638.343, 102
Trd, 4319638.493, 102
Trd, 4319641.443, 103
Trd, 4319641.693, 102
Trd, 4319642.343, 111
Trd, 4319643.343, 102
Trd, 4319645.943, 104
Trd, 4319647.743, 103
Trd, 4319649.093, 104
Trd, 4319650.143, 104
Trd, 4319650.293, 102
Trd, 4319652.743, 100
Trd, 4319653.743, 103
Trd, 4319655.293, 103
Trd, 4319656.293, 102
Trd, 4319656.593, 101
Trd, 4319659.093, 100
Trd, 4319663.543, 101
Trd, 4319663.793, 100
Trd, 4319665.643, 101
Trd, 4319667.093, 101
Trd, 4319667.343, 101
Trd, 4319667.993, 99
Trd, 4319669.043, 90
Trd, 4319669.193, 100
Trd, 4319669.443, 104
Trd, 4319672.093, 97
Trd, 4319672.493, 97
Trd, 4319675.443, 96
Trd, 4319675.493, 97
Trd, 4319676.343, 104
Trd, 4319678.593, 96
Trd, 4319679.443, 95
Trd, 4319680.793, 96
Trd, 4319683.743, 95
Trd, 4319683.893, 96
Trd, 4319684.143, 96
Trd, 4319684.543, 97
Trd, 4319686.743, 99
Trd, 4319687.493, 99
Trd, 4319688.743, 99
Trd, 4319689.693, 100
Trd, 4319689.843, 100
Trd, 4319692.043, 110
Trd, 4319693.243, 98
Trd, 4319696.093, 99
Trd, 4319696.293, 101
Trd, 4319697.493, 99
Trd, 4319698.993, 99
Trd, 4319699.993, 100
Trd, 4319700.043, 98
Trd, 4319701.743, 99
Trd, 4319703.443, 114
Trd, 4319703.793, 113
Trd, 4319705.843, 106
Trd, 4319706.693, 105
Trd, 4319707.193, 100
Trd, 4319708.643, 100
Trd, 4319710.443, 102
Trd, 4319710.943, 101
Trd, 4319711.443, 101
Trd, 4319712.493, 100
Trd, 4319713.243, 113
Trd, 4319717.543, 111
Trd, 4319718.143, 106
Trd, 4319718.593, 106
Trd, 4319719.393, 105
Trd, 4319722.443, 103
Trd, 4319722.593, 105
Trd, 4319724.193, 105
Trd, 4319726.093, 105
Trd, 4319727.643, 103
Trd, 4319728.093, 105
Trd, 4319729.243, 102
Trd, 4319731.093, 102
Trd, 4319731.843, 102
Trd, 4319733.093, 102
Trd, 4319735.493, 102
Trd, 4319736.243, 101
Trd, 4319737.693, 101
Trd, 4319737.843, 100
Trd, 4319740.043, 101
Trd, 4319741.543, 101
Trd, 4319742.693, 101
Trd, 4319743.393, 100
Trd, 4319744.893, 99
Trd, 4319747.293, 102
Trd, 4319747.443, 103
Trd, 4319748.793, 104
Trd, 4319749.143, 102
Trd, 4319753.243, 103
Trd, 4319753.893, 102
Trd, 4319754.343, 99
Trd, 4319756.443, 102
Trd, 4319758.143, 102
Trd, 4319758.593, 101
Trd, 4319760.893, 101
Trd, 4319761.793, 99
Trd, 4319762.643, 100
Trd, 4319764.243, 99
Trd, 4319764.693, 98
Trd, 4319766.843, 99
Trd, 4319768.143, 96
Trd, 4319768.993, 98
Trd, 4319769.443, 98
Trd, 4319771.143, 97
Trd, 4319773.493, 97
Trd, 4319774.993, 96
Trd, 4319776.693, 96
Trd, 4319776.993, 96
Trd, 4319777.393, 96
Trd, 4319779.243, 96
Trd, 4319780.293, 104
Trd, 4319780.993, 98
Trd, 4319781.693, 97
Trd, 4319782.993, 100
Trd, 4319783.793, 103
Trd, 4319786.593, 101
Trd, 4319787.743, 100
Trd, 4319789.293, 99
Trd, 4319789.793, 94
Trd, 4319790.043, 94
Trd, 4319790.643, 94
Trd, 4319792.093, 95
Trd, 4319792.893, 99
Trd, 4319795.443, 97
Trd, 4319796.493, 98
Trd, 4319796.893, 97
Trd, 4319797.743, 96
Trd, 4319798.893, 97
Trd, 4319801.043, 96
Trd, 4319802.043, 95
Trd, 4319803.493, 94
Trd, 4319803.893, 95
Trd, 4319805.493, 95
Trd, 4319806.643, 94
Trd, 4319807.893, 100
Trd, 4319808.743, 95
Trd, 4319810.293, 95
Trd, 4319811.593, 94
Trd, 4319812.593, 94
Trd, 4319813.893, 94
Trd, 4319814.243, 95
Trd, 4319815.143, 94
Trd, 4319816.193, 102
Trd, 4319817.793, 97
Trd, 4319818.943, 97
Trd, 4319819.493, 96
Trd, 4319820.593, 97
Trd, 4319822.543, 96
Trd, 4319823.143, 98
Trd, 4319825.243, 98
Trd, 4319826.893, 98
Trd, 4319827.443, 103
Trd, 4319827.593, 103
Trd, 4319828.093, 109
Trd, 4319832.093, 103
Trd, 4319832.393, 102
Trd, 4319834.893, 99
Trd, 4319835.343, 100
Trd, 4319837.843, 100
Trd, 4319838.593, 99
Trd, 4319839.093, 104
Trd, 4319839.943, 100
Trd, 4319841.643, 101
Trd, 4319842.493, 100
Trd, 4319843.393, 101
Trd, 4319844.193, 101
Trd, 4319844.393, 101
Trd, 4319844.993, 100
Trd, 4319847.893, 102
Trd, 4319848.243, 102
Trd, 4319850.343, 101
Trd, 4319851.643, 101
Trd, 4319854.643, 101
Trd, 4319856.243, 101
Trd, 4319856.543, 99
Trd, 4319857.693, 100
Trd, 4319860.593, 98
Trd, 4319860.993, 97
Trd, 4319861.193, 95
Trd, 4319864.243, 98
Trd, 4319865.043, 97
Trd, 4319865.243, 104
Trd, 4319866.493, 97
Trd, 4319866.743, 99
Trd, 4319867.143, 97
Trd, 4319869.093, 98
Trd, 4319869.193, 101
Trd, 4319873.043, 99
Trd, 4319873.293, 96
Trd, 4319874.143, 99
Trd, 4319875.993, 96
Trd, 4319876.293, 97
Trd, 4319877.693, 98
Trd, 4319878.793, 112
Trd, 4319879.193, 113
Trd, 4319879.493, 97
Trd, 4319880.543, 97
Trd, 4319884.843, 104
Trd, 4319884.943, 104
Trd, 4319887.043, 103
Trd, 4319888.293, 104
Trd, 4319889.643, 101
Trd, 4319891.643, 101
Trd, 4319891.843, 100
Trd, 4319893.443, 100
Trd, 4319894.443, 100
Trd, 4319895.143, 100
Trd, 4319897.593, 99
Trd, 4319897.943, 100
Trd, 4319898.343, 98
Trd, 4319901.043, 99
Trd, 4319902.543, 99
Trd, 4319903.293, 98
Trd, 4319903.693, 98
Trd, 4319903.993, 98
Trd, 4319904.893, 99
Trd, 4319908.693, 99
Trd, 4319911.743, 99
Trd, 4319912.093, 99
Trd, 4319913.493, 97
Trd, 4319913.643, 98
Trd, 4319915.593, 97
Trd, 4319916.943, 97
Trd, 4319918.093, 97
Trd, 4319919.143, 96
Trd, 4319920.493, 96
Trd, 4319921.193, 103
Trd, 4319923.943, 95
Trd, 4319925.193, 98
Trd, 4319927.543, 100
Trd, 4319928.193, 100
Trd, 4319928.643, 100
Trd, 4319929.643, 104
Trd, 4319931.843, 103
Trd, 4319932.943, 99
Trd, 4319933.643, 100
Trd, 4319934.393, 99
Trd, 4319936.143, 101
Trd, 4319936.993, 99
Trd, 4319937.393, 97
Trd, 4319939.543, 97
Trd, 4319939.643, 95
Trd, 4319940.093, 98
Trd, 4319940.493, 95
Trd, 4319941.143, 113
Trd, 4319942.893, 104
Trd, 4319944.743, 106
Trd, 4319945.343, 105
Trd, 4319947.493, 102
Trd, 4319949.443, 101
Trd, 4319951.093, 100
Trd, 4319951.943, 99
Trd, 4319953.993, 98
Trd, 4319954.093, 98
Trd, 4319954.243, 97
Trd, 4319955.043, 97
Trd, 4319957.093, 98
Trd, 4319959.693, 98
Trd, 4319959.893, 98
Trd, 4319959.993, 97
Trd, 4319961.043, 97
Trd, 4319961.393, 96
Trd, 4319963.593, 93
Trd, 4319966.543, 91
Trd, 4319967.943, 93
Trd, 4319968.143, 91
Trd, 4319969.043, 92
Trd, 4319970.193, 93
Trd, 4319972.293, 97
Trd, 4319973.593, 99
Trd, 4319973.893, 100
Trd, 4319974.493, 99
Trd, 4319975.093, 104
Trd, 4319976.293, 99
Trd, 4319979.493, 99
Trd, 4319980.793, 99
Trd, 4319982.493, 99
Trd, 4319983.593, 98
Trd, 4319984.793, 98
Trd, 4319986.693, 99
Trd, 4319987.143, 99
Trd, 4319987.593, 97
Trd, 4319989.693, 98
Trd, 4319990.343, 99
Trd, 4319991.043, 98
Trd, 4319993.443, 99
Trd, 4319993.493, 98
Trd, 4319995.743, 98
Trd, 4319996.543, 98
Trd, 4319998.643, 98
