Trd, 4317778.093, 88
Trd, 4317783.393, 88
Trd, 4317783.493, 88
Trd, 4317783.693, 90
Trd, 4317784.643, 85
Trd, 4317785.643, 85
Trd, 4317787.493, 90
Trd, 4317787.993, 103
Trd, 4317789.593, 105
Trd, 4317790.293, 105
Trd, 4317791.143, 105
Trd, 4317794.193, 104
Trd, 4317795.293, 103
Trd, 4317797.943, 102
Trd, 4317800.193, 102
Trd, 4317800.893, 101
Trd, 4317801.943, 101
Trd, 4317805.893, 100
Trd, 4317806.643, 100
Trd, 4317808.743, 99
Trd, 4317812.443, 99
Trd, 4317812.593, 98
Trd, 4317813.143, 98
Trd, 4317814.143, 96
Trd, 4317814.843, 89
Trd, 4317817.343, 89
Trd, 4317819.343, 88
Trd, 4317819.993, 97
Trd, 4317820.443, 93
Trd, 4317821.993, 94
Trd, 4317823.793, 93
Trd, 4317826.643, 91
Trd, 4317826.693, 92
Trd, 4317828.843, 93
Trd, 4317829.993, 94
Trd, 4317830.193, 93
Trd, 4317834.343, 94
Trd, 4317837.243, 94
Trd, 4317837.893, 95
Trd, 4317839.043, 95
Trd, 4317839.143, 95
Trd, 4317841.543, 95
Trd, 4317841.593, 95
Trd, 4317842.843, 95
Trd, 4317847.343, 93
Trd, 4317849.893, 96
Trd, 4317851.043, 93
Trd, 4317851.193, 92
Trd, 4317853.193, 92
Trd, 4317854.793, 92
Trd, 4317855.193, 91
Trd, 4317858.293, 91
Trd, 4317859.643, 90
Trd, 4317860.893, 96
Trd, 4317861.343, 95
Trd, 4317863.193, 95
Trd, 4317867.693, 96
Trd, 4317868.193, 94
Trd, 4317868.393, 94
Trd, 4317869.793, 94
Trd, 4317870.343, 85
Trd, 4317872.443, 92
Trd, 4317872.993, 91
Trd, 4317876.843, 91
Trd, 4317876.943, 92
Trd, 4317879.443, 90
Trd, 4317880.243, 90
Trd, 4317883.293, 90
Trd, 4317884.043, 92
Trd, 4317884.493, 90
Trd, 4317884.793, 90
Trd, 4317886.493, 90
Trd, 4317887.393, 92
Trd, 4317891.293, 90
Trd, 4317891.543, 92
Trd, 4317891.793, 89
Trd, 4317896.193, 89
Trd, 4317897.543, 88
Trd, 4317898.743, 96
Trd, 4317900.093, 87
Trd, 4317902.743, 93
Trd, 4317903.193, 94
Trd, 4317904.293, 93
Trd, 4317905.993, 92
Trd, 4317906.243, 91
Trd, 4317908.193, 91
Trd, 4317909.743, 92
Trd, 4317911.543, 91
Trd, 4317912.243, 90
Trd, 4317913.243, 93
Trd, 4317913.343, 88
Trd, 4317916.693, 90
Trd, 4317917.343, 89
Trd, 4317919.093, 88
Trd, 4317920.043, 93
Trd, 4317921.593, 87
Trd, 4317922.593, 86
Trd, 4317927.093, 88
Trd, 4317928.943, 89
Trd, 4317931.843, 88
Trd, 4317932.543, 88
Trd, 4317934.243, 89
Trd, 4317939.043, 89
Trd, 4317939.893, 89
Trd, 4317942.943, 88
Trd, 4317943.943, 87
Trd, 4317946.293, 89
Trd, 4317948.943, 89
Trd, 4317949.993, 89
Trd, 4317950.243, 88
Trd, 4317951.293, 86
Trd, 4317953.643, 85
Trd, 4317955.143, 89
Trd, 4317958.293, 95
Trd, 4317958.793, 88
Trd, 4317960.293, 87
Trd, 4317960.993, 86
Trd, 4317970.893, 91
Trd, 4317971.093, 89
Trd, 4317974.643, 89
Trd, 4317976.143, 89
Trd, 4317981.343, 90
Trd, 4317981.993, 88
Trd, 4317982.993, 89
Trd, 4317984.443, 89
Trd, 4317986.143, 89
Trd, 4317990.443, 89
Trd, 4317990.943, 89
Trd, 4317990.993, 88
Trd, 4317992.493, 102
Trd, 4317993.093, 97
Trd, 4317994.093, 100
Trd, 4317994.743, 100
Trd, 4317995.393, 98
Trd, 4317997.643, 98
Trd, 4317998.643, 98
Trd, 4317999.393, 98
Trd, 4318001.793, 96
Trd, 4318003.193, 85
Trd, 4318006.593, 95
Trd, 4318007.093, 95
Trd, 4318007.543, 94
Trd, 4318009.343, 95
Trd, 4318009.443, 93
Trd, 4318015.893, 94
Trd, 4318017.343, 94
Trd, 4318017.693, 92
Trd, 4318021.793, 95
Trd, 4318022.343, 92
Trd, 4318024.093, 95
Trd, 4318026.393, 94
Trd, 4318027.143, 93
Trd, 4318031.543, 93
Trd, 4318032.793, 92
Trd, 4318033.193, 92
Trd, 4318036.543, 98
Trd, 4318036.693, 98
Trd, 4318037.543, 99
Trd, 4318038.293, 99
Trd, 4318041.893, 104
Trd, 4318042.243, 103
Trd, 4318042.693, 84
Trd, 4318042.993, 93
Trd, 4318046.093, 102
Trd, 4318046.393, 100
Trd, 4318049.043, 102
Trd, 4318049.093, 103
Trd, 4318049.293, 99
Trd, 4318052.743, 102
Trd, 4318053.193, 100
Trd, 4318054.643, 99
Trd, 4318057.693, 99
Trd, 4318058.693, 101
Trd, 4318059.443, 100
Trd, 4318060.343, 97
Trd, 4318060.393, 74
Trd, 4318063.543, 100
Trd, 4318067.443, 94
Trd, 4318070.293, 93
Trd, 4318070.343, 92
Trd, 4318071.743, 91
Trd, 4318077.593, 91
Trd, 4318078.343, 90
Trd, 4318079.693, 90
Trd, 4318080.893, 90
Trd, 4318081.243, 89
Trd, 4318082.293, 89
Trd, 4318082.443, 85
Trd, 4318082.593, 95
Trd, 4318085.943, 91
Trd, 4318086.693, 92
Trd, 4318087.943, 92
Trd, 4318088.243, 91
Trd, 4318089.793, 91
Trd, 4318092.793, 89
Trd, 4318093.243, 93
Trd, 4318094.343, 88
Trd, 4318096.443, 89
Trd, 4318096.893, 88
Trd, 4318102.443, 88
Trd, 4318103.443, 88
Trd, 4318106.143, 91
Trd, 4318107.543, 88
Trd, 4318112.293, 88
Trd, 4318113.593, 98
Trd, 4318114.743, 89
Trd, 4318118.543, 88
Trd, 4318118.593, 91
Trd, 4318122.643, 88
Trd, 4318124.993, 88
Trd, 4318125.643, 87
Trd, 4318125.693, 87
Trd, 4318126.343, 86
Trd, 4318131.343, 86
Trd, 4318132.043, 86
Trd, 4318134.643, 90
Trd, 4318136.793, 92
Trd, 4318137.693, 90
Trd, 4318137.993, 90
Trd, 4318139.643, 88
Trd, 4318141.643, 88
Trd, 4318142.043, 87
Trd, 4318146.143, 87
Trd, 4318146.643, 91
Trd, 4318148.043, 91
Trd, 4318150.793, 86
Trd, 4318152.993, 90
Trd, 4318154.193, 89
Trd, 4318154.943, 89
Trd, 4318156.793, 91
Trd, 4318157.493, 92
Trd, 4318158.543, 90
Trd, 4318163.043, 92
Trd, 4318163.343, 89
Trd, 4318163.993, 85
Trd, 4318166.293, 86
Trd, 4318171.593, 90
Trd, 4318172.943, 89
Trd, 4318173.493, 89
Trd, 4318174.093, 88
Trd, 4318176.793, 87
Trd, 4318178.993, 87
Trd, 4318182.493, 86
Trd, 4318185.243, 85
Trd, 4318185.443, 85
Trd, 4318185.593, 88
Trd, 4318185.943, 85
Trd, 4318187.243, 84
Trd, 4318189.343, 86
Trd, 4318190.293, 89
Trd, 4318192.093, 83
Trd, 4318197.493, 95
Trd, 4318199.143, 83
Trd, 4318199.343, 82
Trd, 4318201.693, 90
Trd, 4318203.543, 89
Trd, 4318204.193, 84
Trd, 4318208.543, 87
Trd, 4318209.193, 85
Trd, 4318210.043, 85
Trd, 4318215.143, 88
Trd, 4318215.793, 95
Trd, 4318216.543, 90
Trd, 4318216.893, 87
Trd, 4318218.243, 86
Trd, 4318222.893, 90
Trd, 4318222.943, 89
Trd, 4318224.593, 93
Trd, 4318228.543, 92
Trd, 4318230.043, 91
Trd, 4318234.143, 90
Trd, 4318236.643, 90
Trd, 4318239.143, 90
Trd, 4318239.893, 92
Trd, 4318241.243, 89
Trd, 4318245.243, 88
Trd, 4318246.193, 88
Trd, 4318246.343, 92
Trd, 4318248.793, 90
Trd, 4318250.793, 90
Trd, 4318251.693, 88
Trd, 4318252.593, 88
Trd, 4318253.593, 88
Trd, 4318255.843, 88
Trd, 4318259.193, 88
Trd, 4318261.243, 91
Trd, 4318263.343, 95
Trd, 4318263.393, 93
Trd, 4318263.443, 93
Trd, 4318265.643, 92
Trd, 4318266.643, 92
Trd, 4318267.493, 96
Trd, 4318270.393, 101
Trd, 4318271.093, 100
Trd, 4318271.743, 98
Trd, 4318272.543, 98
Trd, 4318276.693, 98
Trd, 4318276.843, 99
Trd, 4318277.143, 98
Trd, 4318278.293, 98
Trd, 4318279.043, 97
Trd, 4318282.093, 97
Trd, 4318282.443, 96
Trd, 4318282.643, 85
Trd, 4318285.543, 98
Trd, 4318286.243, 94
Trd, 4318292.193, 96
Trd, 4318292.993, 95
Trd, 4318293.493, 94
Trd, 4318297.643, 94
Trd, 4318298.193, 94
Trd, 4318301.143, 94
Trd, 4318301.493, 93
Trd, 4318302.793, 98
Trd, 4318303.943, 93
Trd, 4318304.243, 86
Trd, 4318307.293, 93
Trd, 4318310.593, 93
Trd, 4318313.843, 94
Trd, 4318314.843, 92
Trd, 4318315.243, 98
Trd, 4318319.993, 91
Trd, 4318320.893, 90
Trd, 4318326.443, 90
Trd, 4318326.493, 90
Trd, 4318327.243, 90
Trd, 4318329.243, 90
Trd, 4318329.643, 86
Trd, 4318331.543, 90
Trd, 4318332.543, 94
Trd, 4318333.593, 85
Trd, 4318336.243, 89
Trd, 4318338.143, 95
Trd, 4318340.293, 93
Trd, 4318341.293, 88
Trd, 4318344.193, 88
Trd, 4318344.293, 85
Trd, 4318348.793, 86
Trd, 4318351.343, 85
Trd, 4318352.043, 87
Trd, 4318354.243, 84
Trd, 4318355.393, 92
Trd, 4318357.343, 91
Trd, 4318363.943, 83
Trd, 4318364.593, 82
Trd, 4318364.943, 87
Trd, 4318366.193, 85
Trd, 4318366.993, 92
Trd, 4318369.793, 98
Trd, 4318370.093, 98
Trd, 4318371.193, 103
Trd, 4318373.693, 104
Trd, 4318374.043, 103
Trd, 4318375.793, 102
Trd, 4318377.393, 102
Trd, 4318378.243, 104
Trd, 4318380.193, 106
Trd, 4318380.293, 104
Trd, 4318380.993, 100
Trd, 4318383.593, 103
Trd, 4318384.243, 101
Trd, 4318385.293, 76
Trd, 4318386.643, 82
Trd, 4318387.543, 88
Trd, 4318389.393, 87
Trd, 4318391.243, 104
Trd, 4318392.343, 102
Trd, 4318392.493, 101
Trd, 4318393.743, 102
Trd, 4318398.643, 102
Trd, 4318400.043, 102
Trd, 4318400.143, 103
Trd, 4318400.443, 100
Trd, 4318403.293, 99
Trd, 4318403.693, 93
Trd, 4318405.293, 96
Trd, 4318408.143, 94
Trd, 4318408.193, 94
Trd, 4318413.593, 97
Trd, 4318414.593, 95
Trd, 4318416.343, 98
Trd, 4318416.443, 94
Trd, 4318417.493, 93
Trd, 4318417.893, 96
Trd, 4318421.193, 93
Trd, 4318422.893, 92
Trd, 4318425.143, 91
Trd, 4318427.693, 91
Trd, 4318428.143, 91
Trd, 4318428.443, 90
Trd, 4318429.793, 94
Trd, 4318434.143, 92
Trd, 4318434.393, 90
Trd, 4318440.593, 89
Trd, 4318440.943, 88
Trd, 4318442.793, 88
Trd, 4318443.443, 88
Trd, 4318447.293, 87
Trd, 4318450.893, 89
Trd, 4318451.543, 86
Trd, 4318452.643, 85
Trd, 4318453.743, 95
Trd, 4318454.793, 84
Trd, 4318456.193, 83
Trd, 4318459.893, 90
Trd, 4318460.993, 90
Trd, 4318462.293, 90
Trd, 4318465.643, 91
Trd, 4318466.543, 92
Trd, 4318467.693, 97
Trd, 4318468.593, 98
Trd, 4318468.643, 98
Trd, 4318469.593, 97
Trd, 4318474.743, 98
Trd, 4318474.993, 97
Trd, 4318475.143, 97
Trd, 4318476.143, 97
Trd, 4318478.393, 96
Trd, 4318480.143, 95
Trd, 4318482.293, 99
Trd, 4318484.493, 94
Trd, 4318485.743, 94
Trd, 4318491.793, 94
Trd, 4318491.993, 96
Trd, 4318492.293, 93
Trd, 4318495.443, 94
Trd, 4318498.093, 93
Trd, 4318499.693, 92
Trd, 4318504.343, 91
Trd, 4318505.843, 90
Trd, 4318506.043, 90
Trd, 4318509.543, 89
Trd, 4318510.343, 95
Trd, 4318512.493, 90
Trd, 4318514.443, 92
Trd, 4318514.743, 90
Trd, 4318515.493, 90
Trd, 4318517.493, 90
Trd, 4318523.143, 90
Trd, 4318523.943, 90
Trd, 4318524.043, 89
Trd, 4318525.443, 94
Trd, 4318526.193, 89
Trd, 4318526.543, 89
Trd, 4318527.843, 90
Trd, 4318528.243, 94
Trd, 4318531.643, 90
Trd, 4318532.693, 91
Trd, 4318534.493, 90
Trd, 4318535.743, 89
Trd, 4318537.043, 89
Trd, 4318537.193, 85
Trd, 4318538.343, 92
Trd, 4318540.543, 93
Trd, 4318541.443, 92
Trd, 4318541.643, 92
Trd, 4318543.043, 92
Trd, 4318545.593, 90
Trd, 4318547.593, 91
Trd, 4318547.893, 91
Trd, 4318548.893, 88
Trd, 4318550.243, 85
Trd, 4318553.393, 89
Trd, 4318556.043, 91
Trd, 4318559.793, 90
Trd, 4318562.543, 90
Trd, 4318564.843, 90
Trd, 4318564.993, 89
Trd, 4318565.193, 92
Trd, 4318565.843, 89
Trd, 4318567.493, 87
Trd, 4318568.093, 93
Trd, 4318568.143, 86
Trd, 4318572.843, 85
Trd, 4318573.143, 87
Trd, 4318574.443, 92
Trd, 4318574.943, 92
Trd, 4318575.693, 96
Trd, 4318577.493, 91
Trd, 4318580.243, 90
Trd, 4318585.593, 89
Trd, 4318585.893, 85
Trd, 4318588.393, 88
Trd, 4318593.843, 89
Trd, 4318594.393, 94
Trd, 4318597.143, 90
Trd, 4318599.443, 95
Trd, 4318599.693, 93
Trd, 4318599.793, 92
Trd, 4318601.343, 92
Trd, 4318604.443, 91
Trd, 4318606.593, 90
Trd, 4318613.293, 90
Trd, 4318615.393, 89
Trd, 4318621.543, 90
Trd, 4318621.593, 89
Trd, 4318624.693, 90
Trd, 4318627.093, 90
Trd, 4318629.143, 91
Trd, 4318631.793, 91
Trd, 4318633.243, 90
Trd, 4318633.643, 90
Trd, 4318635.243, 90
Trd, 4318637.093, 92
Trd, 4318637.793, 92
Trd, 4318637.943, 90
Trd, 4318642.843, 92
Trd, 4318644.643, 89
Trd, 4318645.093, 88
Trd, 4318647.393, 89
Trd, 4318647.893, 89
Trd, 4318650.843, 88
Trd, 4318651.093, 88
Trd, 4318656.493, 89
Trd, 4318656.593, 88
Trd, 4318657.493, 88
Trd, 4318661.293, 88
Trd, 4318661.493, 89
Trd, 4318666.443, 89
Trd, 4318667.593, 89
Trd, 4318671.243, 88
Trd, 4318673.393, 88
Trd, 4318673.993, 87
Trd, 4318675.493, 86
Trd, 4318675.643, 89
Trd, 4318677.493, 86
Trd, 4318678.293, 89
Trd, 4318678.943, 95
Trd, 4318680.993, 92
Trd, 4318683.543, 95
Trd, 4318683.693, 91
Trd, 4318684.893, 92
Trd, 4318688.193, 91
Trd, 4318693.443, 90
Trd, 4318693.693, 89
Trd, 4318695.443, 93
Trd, 4318695.593, 88
Trd, 4318698.093, 88
Trd, 4318701.943, 94
Trd, 4318702.743, 91
Trd, 4318704.543, 88
Trd, 4318705.743, 87
Trd, 4318710.893, 87
Trd, 4318711.193, 86
Trd, 4318711.793, 86
Trd, 4318718.543, 90
Trd, 4318719.793, 86
Trd, 4318723.293, 87
Trd, 4318725.693, 87
Trd, 4318727.093, 92
Trd, 4318727.743, 88
Trd, 4318728.393, 90
Trd, 4318729.493, 95
Trd, 4318730.093, 90
Trd, 4318733.293, 91
Trd, 4318733.393, 96
Trd, 4318733.643, 91
Trd, 4318734.743, 91
Trd, 4318735.543, 95
Trd, 4318737.743, 94
Trd, 4318741.243, 94
Trd, 4318742.093, 88
Trd, 4318743.593, 88
Trd, 4318746.843, 90
Trd, 4318747.493, 87
Trd, 4318748.293, 103
Trd, 4318749.093, 95
Trd, 4318750.693, 96
Trd, 4318752.143, 95
Trd, 4318754.593, 94
Trd, 4318755.343, 94
Trd, 4318756.593, 94
Trd, 4318760.593, 93
Trd, 4318761.593, 93
Trd, 4318762.843, 93
Trd, 4318763.093, 93
Trd, 4318768.943, 93
Trd, 4318769.943, 93
Trd, 4318772.043, 92
Trd, 4318774.443, 92
Trd, 4318777.243, 92
Trd, 4318778.493, 92
Trd, 4318779.443, 91
Trd, 4318779.543, 94
Trd, 4318780.543, 96
Trd, 4318782.193, 90
Trd, 4318786.393, 89
Trd, 4318786.793, 93
Trd, 4318789.093, 89
Trd, 4318789.543, 88
Trd, 4318794.493, 87
Trd, 4318794.593, 87
Trd, 4318799.493, 91
Trd, 4318801.693, 88
Trd, 4318803.543, 87
Trd, 4318805.643, 89
Trd, 4318807.743, 90
Trd, 4318809.993, 87
Trd, 4318813.743, 86
Trd, 4318814.343, 86
Trd, 4318818.043, 86
Trd, 4318821.543, 87
Trd, 4318824.243, 86
Trd, 4318824.643, 85
Trd, 4318825.893, 88
Trd, 4318826.193, 88
Trd, 4318826.343, 87
Trd, 4318827.643, 85
Trd, 4318828.993, 94
Trd, 4318830.743, 92
Trd, 4318836.793, 93
Trd, 4318836.843, 92
Trd, 4318837.393, 91
Trd, 4318839.443, 90
Trd, 4318842.843, 89
Trd, 4318842.993, 89
Trd, 4318844.793, 89
Trd, 4318846.343, 88
Trd, 4318850.643, 87
Trd, 4318853.493, 87
Trd, 4318855.793, 87
Trd, 4318855.993, 87
Trd, 4318859.893, 90
Trd, 4318862.443, 87
Trd, 4318864.193, 89
Trd, 4318864.393, 95
Trd, 4318865.543, 86
Trd, 4318868.893, 86
Trd, 4318869.943, 86
Trd, 4318874.643, 86
Trd, 4318880.943, 90
Trd, 4318881.743, 87
Trd, 4318882.893, 89
Trd, 4318883.293, 87
Trd, 4318883.493, 85
Trd, 4318884.043, 95
Trd, 4318886.343, 95
Trd, 4318887.393, 94
Trd, 4318887.543, 91
Trd, 4318890.493, 93
Trd, 4318892.693, 91
Trd, 4318894.843, 95
Trd, 4318894.893, 92
Trd, 4318896.643, 91
Trd, 4318897.793, 91
Trd, 4318899.343, 90
Trd, 4318901.293, 90
Trd, 4318905.293, 90
Trd, 4318907.793, 89
Trd, 4318909.793, 88
Trd, 4318910.093, 88
Trd, 4318911.943, 90
Trd, 4318913.293, 89
Trd, 4318914.543, 96
Trd, 4318915.893, 96
Trd, 4318916.943, 103
Trd, 4318918.693, 106
Trd, 4318919.093, 106
Trd, 4318919.243, 104
Trd, 4318920.093, 105
Trd, 4318921.943, 100
Trd, 4318922.593, 100
Trd, 4318923.343, 99
Trd, 4318924.343, 101
Trd, 4318924.643, 100
Trd, 4318929.743, 100
Trd, 4318930.343, 98
Trd, 4318931.793, 98
Trd, 4318932.293, 97
Trd, 4318933.743, 97
Trd, 4318934.043, 97
Trd, 4318935.693, 85
Trd, 4318936.143, 86
Trd, 4318936.943, 77
Trd, 4318939.443, 86
Trd, 4318939.593, 86
Trd, 4318941.543, 88
Trd, 4318942.843, 86
Trd, 4318946.743, 87
Trd, 4318949.093, 88
Trd, 4318949.243, 87
Trd, 4318951.193, 86
Trd, 4318953.943, 88
Trd, 4318955.443, 93
Trd, 4318957.343, 94
Trd, 4318957.643, 97
Trd, 4318958.993, 94
Trd, 4318962.393, 94
Trd, 4318963.593, 93
Trd, 4318963.993, 97
Trd, 4318965.843, 93
Trd, 4318969.143, 93
Trd, 4318969.993, 92
Trd, 4318972.343, 91
Trd, 4318974.043, 91
Trd, 4318975.593, 94
Trd, 4318979.843, 91
Trd, 4318985.643, 90
Trd, 4318986.843, 90
Trd, 4318989.493, 95
Trd, 4318989.543, 95
Trd, 4318990.593, 89
Trd, 4318993.693, 89
Trd, 4318995.743, 88
Trd, 4318997.143, 87
Trd, 4318999.043, 86
Trd, 4319002.243, 87
Trd, 4319007.243, 87
Trd, 4319009.443, 86
Trd, 4319012.593, 86
Trd, 4319013.593, 86
Trd, 4319016.543, 86
Trd, 4319018.293, 86
Trd, 4319022.043, 89
Trd, 4319025.143, 90
Trd, 4319025.193, 88
Trd, 4319025.643, 88
Trd, 4319025.843, 86
Trd, 4319029.093, 91
Trd, 4319029.793, 91
Trd, 4319035.743, 91
Trd, 4319035.893, 89
Trd, 4319036.643, 89
Trd, 4319038.143, 87
Trd, 4319041.293, 87
Trd, 4319042.593, 87
Trd, 4319045.343, 86
Trd, 4319046.793, 92
Trd, 4319047.393, 95
Trd, 4319048.693, 94
Trd, 4319049.143, 92
Trd, 4319051.093, 91
Trd, 4319051.343, 90
Trd, 4319052.243, 89
Trd, 4319054.543, 91
Trd, 4319055.543, 96
Trd, 4319055.643, 90
Trd, 4319057.393, 93
Trd, 4319057.643, 91
Trd, 4319057.993, 87
Trd, 4319059.693, 87
Trd, 4319060.343, 96
Trd, 4319061.393, 88
Trd, 4319062.343, 85
Trd, 4319066.743, 88
Trd, 4319066.993, 88
Trd, 4319070.493, 87
Trd, 4319071.643, 87
Trd, 4319072.793, 88
Trd, 4319074.993, 88
Trd, 4319076.243, 87
Trd, 4319082.593, 86
Trd, 4319082.743, 86
Trd, 4319084.993, 86
Trd, 4319089.693, 85
Trd, 4319091.393, 85
Trd, 4319094.343, 88
Trd, 4319097.643, 84
Trd, 4319099.393, 84
Trd, 4319100.343, 83
Trd, 4319103.193, 83
Trd, 4319105.243, 86
Trd, 4319107.543, 90
Trd, 4319109.293, 86
Trd, 4319109.493, 87
Trd, 4319110.743, 96
Trd, 4319112.443, 90
Trd, 4319114.093, 92
Trd, 4319115.443, 90
Trd, 4319116.493, 92
Trd, 4319117.743, 89
Trd, 4319122.493, 90
Trd, 4319122.843, 89
Trd, 4319122.993, 88
Trd, 4319123.943, 87
Trd, 4319126.043, 86
Trd, 4319127.343, 92
Trd, 4319129.143, 95
Trd, 4319130.293, 87
Trd, 4319132.843, 89
Trd, 4319134.343, 87
Trd, 4319135.693, 95
Trd, 4319136.343, 88
Trd, 4319140.093, 90
Trd, 4319141.693, 89
Trd, 4319144.943, 88
Trd, 4319145.943, 90
Trd, 4319146.143, 87
Trd, 4319148.543, 90
Trd, 4319148.593, 87
Trd, 4319148.643, 95
Trd, 4319149.343, 86
Trd, 4319152.543, 86
Trd, 4319154.493, 86
Trd, 4319158.993, 90
Trd, 4319160.193, 88
Trd, 4319160.693, 89
Trd, 4319162.493, 96
Trd, 4319164.443, 89
Trd, 4319167.393, 91
Trd, 4319167.943, 88
Trd, 4319169.293, 88
Trd, 4319171.343, 87
Trd, 4319171.643, 86
Trd, 4319174.443, 86
Trd, 4319175.643, 87
Trd, 4319177.843, 86
Trd, 4319178.493, 87
Trd, 4319180.543, 94
Trd, 4319181.093, 93
Trd, 4319183.593, 93
Trd, 4319185.093, 92
Trd, 4319185.843, 92
Trd, 4319186.043, 94
Trd, 4319187.143, 92
Trd, 4319189.943, 91
Trd, 4319190.043, 91
Trd, 4319192.643, 94
Trd, 4319193.893, 95
Trd, 4319195.693, 91
Trd, 4319197.193, 92
Trd, 4319199.093, 91
Trd, 4319199.393, 91
Trd, 4319199.593, 88
Trd, 4319199.793, 94
Trd, 4319200.843, 85
Trd, 4319202.593, 89
Trd, 4319205.043, 88
Trd, 4319206.893, 87
Trd, 4319208.293, 87
Trd, 4319211.343, 87
Trd, 4319211.843, 89
Trd, 4319213.493, 87
Trd, 4319215.743, 86
Trd, 4319217.893, 85
Trd, 4319218.293, 88
Trd, 4319219.443, 87
Trd, 4319220.043, 86
Trd, 4319223.843, 97
Trd, 4319224.643, 98
Trd, 4319225.193, 98
Trd, 4319226.393, 101
Trd, 4319226.693, 100
Trd, 4319229.043, 99
Trd, 4319229.543, 101
Trd, 4319229.993, 105
Trd, 4319231.343, 102
Trd, 4319232.893, 103
Trd, 4319235.093, 104
Trd, 4319235.943, 103
Trd, 4319237.893, 102
Trd, 4319237.993, 101
Trd, 4319238.043, 101
Trd, 4319241.043, 107
Trd, 4319241.143, 107
Trd, 4319243.143, 86
Trd, 4319244.893, 93
Trd, 4319246.593, 98
Trd, 4319248.793, 97
Trd, 4319251.093, 97
Trd, 4319252.093, 96
Trd, 4319252.993, 95
Trd, 4319254.193, 95
Trd, 4319255.893, 91
Trd, 4319256.493, 85
Trd, 4319258.193, 88
Trd, 4319259.843, 87
Trd, 4319259.893, 87
Trd, 4319262.893, 88
Trd, 4319267.543, 87
Trd, 4319268.093, 90
Trd, 4319268.893, 86
Trd, 4319272.343, 94
Trd, 4319272.993, 85
Trd, 4319273.443, 89
Trd, 4319275.343, 89
Trd, 4319276.843, 93
Trd, 4319278.793, 91
Trd, 4319279.443, 89
Trd, 4319279.943, 95
Trd, 4319281.493, 89
Trd, 4319282.593, 85
Trd, 4319282.993, 87
Trd, 4319284.243, 80
Trd, 4319286.193, 90
Trd, 4319288.043, 89
Trd, 4319288.443, 82
Trd, 4319290.193, 85
Trd, 4319290.643, 84
Trd, 4319291.743, 96
Trd, 4319293.793, 89
Trd, 4319297.093, 93
Trd, 4319297.493, 92
Trd, 4319297.993, 95
Trd, 4319299.193, 94
Trd, 4319300.643, 96
Trd, 4319302.193, 95
Trd, 4319304.593, 96
Trd, 4319307.493, 85
Trd, 4319308.193, 93
Trd, 4319308.493, 94
Trd, 4319310.193, 97
Trd, 4319312.993, 96
Trd, 4319313.893, 94
Trd, 4319315.193, 84
Trd, 4319315.543, 88
Trd, 4319318.143, 88
Trd, 4319320.443, 90
Trd, 4319321.693, 94
Trd, 4319322.643, 95
Trd, 4319323.093, 98
Trd, 4319325.693, 98
Trd, 4319326.693, 97
Trd, 4319327.093, 72
Trd, 4319328.593, 85
Trd, 4319329.693, 84
Trd, 4319331.493, 94
Trd, 4319332.843, 90
Trd, 4319334.943, 89
Trd, 4319337.243, 91
Trd, 4319337.793, 95
Trd, 4319338.043, 94
Trd, 4319340.143, 87
Trd, 4319342.143, 93
Trd, 4319342.743, 93
Trd, 4319343.843, 92
Trd, 4319345.693, 93
Trd, 4319346.893, 98
Trd, 4319348.643, 97
Trd, 4319349.043, 95
Trd, 4319350.743, 95
Trd, 4319353.743, 96
Trd, 4319354.393, 95
Trd, 4319358.943, 95
Trd, 4319360.143, 95
Trd, 4319362.443, 96
Trd, 4319362.743, 96
Trd, 4319362.943, 97
Trd, 4319366.143, 95
Trd, 4319367.693, 95
Trd, 4319368.843, 95
Trd, 4319373.293, 95
Trd, 4319374.393, 94
Trd, 4319376.393, 97
Trd, 4319378.893, 94
Trd, 4319380.693, 94
Trd, 4319382.793, 93
Trd, 4319384.793, 92
Trd, 4319384.943, 91
Trd, 4319388.193, 92
Trd, 4319389.143, 92
Trd, 4319390.343, 91
Trd, 4319390.593, 95
Trd, 4319395.293, 92
Trd, 4319395.543, 94
Trd, 4319400.293, 91
Trd, 4319402.793, 90
Trd, 4319408.593, 90
Trd, 4319411.543, 90
Trd, 4319411.593, 88
Trd, 4319412.793, 93
Trd, 4319413.243, 89
Trd, 4319414.343, 95
Trd, 4319414.743, 89
Trd, 4319418.343, 93
Trd, 4319418.843, 91
Trd, 4319419.943, 90
Trd, 4319422.793, 95
Trd, 4319423.843, 95
Trd, 4319425.143, 94
Trd, 4319425.393, 94
Trd, 4319425.693, 85
Trd, 4319429.193, 92
Trd, 4319429.543, 91
Trd, 4319430.293, 96
Trd, 4319431.493, 96
Trd, 4319431.893, 91
Trd, 4319435.843, 92
Trd, 4319438.193, 91
Trd, 4319438.743, 91
Trd, 4319440.443, 91
Trd, 4319441.843, 90
Trd, 4319447.043, 89
Trd, 4319448.143, 93
Trd, 4319448.293, 90
Trd, 4319449.543, 89
Trd, 4319453.793, 89
Trd, 4319455.143, 88
Trd, 4319456.143, 88
Trd, 4319457.943, 85
Trd, 4319459.943, 92
Trd, 4319460.193, 87
Trd, 4319461.893, 87
Trd, 4319462.443, 89
Trd, 4319466.793, 87
Trd, 4319469.793, 86
Trd, 4319469.843, 89
Trd, 4319471.843, 85
Trd, 4319475.593, 85
Trd, 4319477.493, 85
Trd, 4319480.193, 87
Trd, 4319482.493, 85
Trd, 4319483.793, 89
Trd, 4319484.893, 85
Trd, 4319490.043, 84
Trd, 4319490.343, 84
Trd, 4319490.993, 84
Trd, 4319491.093, 87
Trd, 4319494.193, 86
Trd, 4319495.593, 84
Trd, 4319499.643, 87
Trd, 4319500.193, 85
Trd, 4319501.143, 85
Trd, 4319506.393, 85
Trd, 4319506.843, 87
Trd, 4319507.643, 84
Trd, 4319513.993, 84
Trd, 4319517.243, 86
Trd, 4319518.543, 88
Trd, 4319518.993, 83
Trd, 4319520.743, 93
Trd, 4319522.343, 88
Trd, 4319524.493, 82
Trd, 4319525.693, 82
Trd, 4319529.693, 91
Trd, 4319529.843, 90
Trd, 4319530.093, 95
Trd, 4319530.643, 90
Trd, 4319531.243, 95
Trd, 4319533.443, 95
Trd, 4319533.643, 94
Trd, 4319534.243, 85
Trd, 4319537.143, 94
Trd, 4319537.193, 96
Trd, 4319538.093, 84
Trd, 4319538.343, 86
Trd, 4319541.743, 85
Trd, 4319543.043, 104
Trd, 4319543.893, 94
Trd, 4319545.093, 98
Trd, 4319546.643, 99
Trd, 4319546.743, 85
Trd, 4319548.493, 99
Trd, 4319549.343, 99
Trd, 4319551.393, 99
Trd, 4319551.993, 99
Trd, 4319553.743, 98
Trd, 4319554.543, 98
Trd, 4319555.793, 99
Trd, 4319556.893, 99
Trd, 4319556.993, 100
Trd, 4319558.243, 99
Trd, 4319559.793, 99
Trd, 4319563.393, 99
Trd, 4319566.943, 99
Trd, 4319567.593, 99
Trd, 4319570.693, 98
Trd, 4319572.593, 97
Trd, 4319572.793, 97
Trd, 4319575.893, 98
Trd, 4319577.593, 99
Trd, 4319578.643, 97
Trd, 4319578.793, 96
Trd, 4319581.443, 96
Trd, 4319583.593, 95
Trd, 4319585.393, 95
Trd, 4319588.893, 96
Trd, 4319589.693, 97
Trd, 4319591.943, 96
Trd, 4319594.243, 94
Trd, 4319596.093, 96
Trd, 4319596.343, 95
Trd, 4319598.543, 94
Trd, 4319602.193, 93
Trd, 4319602.543, 93
Trd, 4319605.293, 100
Trd, 4319606.293, 93
Trd, 4319607.493, 92
Trd, 4319608.243, 92
Trd, 4319610.843, 93
Trd, 4319611.293, 91
Trd, 4319612.843, 91
Trd, 4319613.943, 91
Trd, 4319615.393, 90
Trd, 4319615.643, 90
Trd, 4319618.893, 90
Trd, 4319622.243, 89
Trd, 4319622.493, 89
Trd, 4319623.143, 93
Trd, 4319623.193, 88
Trd, 4319623.393, 95
Trd, 4319626.393, 88
Trd, 4319626.443, 88
Trd, 4319628.793, 95
Trd, 4319632.443, 87
Trd, 4319634.593, 86
Trd, 4319635.093, 89
Trd, 4319636.393, 89
Trd, 4319638.143, 89
Trd, 4319642.243, 90
Trd, 4319645.443, 88
Trd, 4319647.343, 88
Trd, 4319649.493, 91
Trd, 4319651.343, 87
Trd, 4319653.793, 86
Trd, 4319655.593, 85
Trd, 4319663.193, 88
Trd, 4319663.343, 91
Trd, 4319664.143, 85
Trd, 4319665.143, 85
Trd, 4319667.393, 84
Trd, 4319668.943, 86
Trd, 4319671.843, 83
Trd, 4319676.393, 85
Trd, 4319679.243, 85
Trd, 4319679.943, 82
Trd, 4319680.343, 82
Trd, 4319685.043, 82
Trd, 4319686.243, 81
Trd, 4319688.043, 85
Trd, 4319689.593, 86
Trd, 4319690.193, 85
Trd, 4319694.593, 86
Trd, 4319696.143, 96
Trd, 4319696.693, 85
Trd, 4319698.893, 87
Trd, 4319700.743, 84
Trd, 4319704.593, 86
Trd, 4319709.943, 87
Trd, 4319710.043, 83
Trd, 4319712.593, 82
Trd, 4319714.843, 81
Trd, 4319716.143, 81
Trd, 4319719.243, 80
Trd, 4319721.643, 85
Trd, 4319724.893, 79
Trd, 4319725.493, 80
Trd, 4319730.043, 81
Trd, 4319731.793, 81
Trd, 4319733.043, 91
Trd, 4319733.243, 86
Trd, 4319735.493, 88
Trd, 4319737.993, 89
Trd, 4319738.593, 97
Trd, 4319739.243, 93
Trd, 4319741.793, 98
Trd, 4319742.293, 94
Trd, 4319744.143, 97
Trd, 4319744.543, 97
Trd, 4319747.543, 96
Trd, 4319748.743, 97
Trd, 4319750.243, 96
Trd, 4319751.693, 95
Trd, 4319754.643, 94
Trd, 4319755.643, 93
Trd, 4319761.243, 92
Trd, 4319761.293, 92
Trd, 4319761.593, 92
Trd, 4319763.893, 90
Trd, 4319765.343, 89
Trd, 4319768.993, 90
Trd, 4319770.743, 95
Trd, 4319771.193, 89
Trd, 4319776.343, 88
Trd, 4319776.793, 88
Trd, 4319780.643, 89
Trd, 4319781.693, 88
Trd, 4319782.143, 92
Trd, 4319785.493, 87
Trd, 4319787.843, 91
Trd, 4319789.143, 88
Trd, 4319789.993, 93
Trd, 4319790.093, 89
Trd, 4319792.793, 90
Trd, 4319793.893, 89
Trd, 4319795.543, 88
Trd, 4319796.243, 95
Trd, 4319797.593, 94
Trd, 4319800.493, 91
Trd, 4319800.693, 90
Trd, 4319803.443, 89
Trd, 4319805.443, 89
Trd, 4319805.643, 94
Trd, 4319811.293, 89
Trd, 4319812.243, 89
Trd, 4319814.593, 92
Trd, 4319815.043, 94
Trd, 4319815.543, 92
Trd, 4319816.493, 91
Trd, 4319819.243, 91
Trd, 4319822.293, 91
Trd, 4319824.093, 90
Trd, 4319826.943, 91
Trd, 4319829.743, 90
Trd, 4319829.893, 90
Trd, 4319832.043, 89
Trd, 4319833.993, 90
Trd, 4319837.693, 95
Trd, 4319837.743, 89
Trd, 4319840.693, 92
Trd, 4319843.743, 90
Trd, 4319845.043, 90
Trd, 4319846.643, 90
Trd, 4319851.093, 89
Trd, 4319853.893, 93
Trd, 4319858.443, 92
Trd, 4319858.693, 91
Trd, 4319859.743, 93
Trd, 4319862.443, 91
Trd, 4319863.743, 91
Trd, 4319864.293, 90
Trd, 4319867.893, 89
Trd, 4319871.343, 93
Trd, 4319873.743, 89
Trd, 4319873.943, 88
Trd, 4319875.843, 87
Trd, 4319875.993, 92
Trd, 4319876.293, 85
Trd, 4319883.493, 89
Trd, 4319884.243, 87
Trd, 4319888.393, 92
Trd, 4319890.343, 87
Trd, 4319893.393, 95
Trd, 4319893.943, 86
Trd, 4319894.943, 85
Trd, 4319896.043, 85
Trd, 4319896.543, 86
Trd, 4319902.443, 89
Trd, 4319903.393, 88
Trd, 4319905.743, 88
Trd, 4319906.893, 87
Trd, 4319908.143, 81
Trd, 4319908.743, 94
Trd, 4319909.343, 87
Trd, 4319909.543, 96
Trd, 4319914.643, 94
Trd, 4319917.693, 88
Trd, 4319919.443, 87
Trd, 4319920.693, 86
Trd, 4319922.993, 88
Trd, 4319926.143, 85
Trd, 4319929.093, 85
Trd, 4319930.193, 84
Trd, 4319934.893, 85
Trd, 4319935.643, 84
Trd, 4319936.743, 87
Trd, 4319943.443, 86
Trd, 4319944.393, 88
Trd, 4319944.843, 85
Trd, 4319945.793, 90
Trd, 4319945.843, 84
Trd, 4319946.943, 85
Trd, 4319951.293, 85
Trd, 4319952.193, 85
Trd, 4319953.543, 86
Trd, 4319958.943, 85
Trd, 4319960.293, 95
Trd, 4319961.393, 93
Trd, 4319961.743, 93
Trd, 4319963.493, 92
Trd, 4319965.593, 93
Trd, 4319967.193, 92
Trd, 4319970.543, 91
Trd, 4319971.043, 93
Trd, 4319971.893, 90
Trd, 4319972.243, 90
Trd, 4319973.193, 95
Trd, 4319976.093, 97
Trd, 4319977.843, 102
Trd, 4319978.893, 101
Trd, 4319979.443, 97
Trd, 4319981.093, 98
Trd, 4319982.393, 99
Trd, 4319986.493, 98
Trd, 4319987.193, 98
Trd, 4319988.793, 98
Trd, 4319991.043, 97
Trd, 4319992.843, 96
Trd, 4319994.543, 94
Trd, 4319996.043, 93
Trd, 4319998.943, 93
Trd, 4319999.693, 97
