Trd, 4317847.043, 101
Trd, 4317848.643, 102
Trd, 4317848.843, 98
Trd, 4317849.043, 97
Trd, 4317850.443, 96
Trd, 4317852.143, 104
Trd, 4317852.793, 94
Trd, 4317854.043, 103
Trd, 4317856.543, 104
Trd, 4317856.993, 95
Trd, 4317857.493, 94
Trd, 4317859.143, 104
Trd, 4317862.143, 94
Trd, 4317863.143, 93
Trd, 4317864.243, 101
Trd, 4317865.593, 102
Trd, 4317865.693, 93
Trd, 4317867.693, 101
Trd, 4317868.093, 92
Trd, 4317868.843, 105
Trd, 4317870.543, 102
Trd, 4317872.143, 97
Trd, 4317873.893, 95
Trd, 4317876.643, 95
Trd, 4317877.293, 102
Trd, 4317879.593, 101
Trd, 4317880.743, 94
Trd, 4317883.043, 93
Trd, 4317884.643, 104
Trd, 4317886.843, 95
Trd, 4317887.243, 100
Trd, 4317888.443, 94
Trd, 4317890.093, 100
Trd, 4317890.693, 105
Trd, 4317891.193, 113
Trd, 4317892.693, 93
Trd, 4317894.993, 94
Trd, 4317896.443, 94
Trd, 4317898.543, 93
Trd, 4317899.943, 104
Trd, 4317901.343, 93
Trd, 4317903.443, 97
Trd, 4317904.293, 92
Trd, 4317905.093, 91
Trd, 4317905.443, 96
Trd, 4317908.243, 94
Trd, 4317909.393, 93
Trd, 4317909.743, 96
Trd, 4317912.193, 92
Trd, 4317914.093, 95
Trd, 4317914.243, 85
Trd, 4317915.293, 95
Trd, 4317916.593, 89
Trd, 4317916.793, 89
Trd, 4317920.143, 95
Trd, 4317922.943, 92
Trd, 4317924.093, 95
Trd, 4317924.643, 98
Trd, 4317925.743, 97
Trd, 4317928.043, 98
Trd, 4317928.293, 113
Trd, 4317929.343, 93
Trd, 4317930.743, 108
Trd, 4317931.143, 96
Trd, 4317932.093, 108
Trd, 4317934.743, 106
Trd, 4317938.743, 104
Trd, 4317939.693, 99
Trd, 4317939.993, 97
Trd, 4317940.193, 104
Trd, 4317944.693, 101
Trd, 4317944.743, 104
Trd, 4317945.543, 98
Trd, 4317949.293, 100
Trd, 4317949.593, 95
Trd, 4317949.893, 95
Trd, 4317951.093, 100
Trd, 4317952.093, 95
Trd, 4317955.643, 100
Trd, 4317957.493, 100
Trd, 4317958.693, 96
Trd, 4317958.793, 104
Trd, 4317959.993, 113
Trd, 4317961.293, 100
Trd, 4317961.693, 101
Trd, 4317964.793, 107
Trd, 4317965.243, 101
Trd, 4317967.893, 108
Trd, 4317968.493, 101
Trd, 4317969.343, 100
Trd, 4317969.943, 109
Trd, 4317972.143, 109
Trd, 4317975.293, 100
Trd, 4317975.743, 94
Trd, 4317978.193, 96
Trd, 4317978.493, 94
Trd, 4317980.943, 95
Trd, 4317982.593, 95
Trd, 4317983.143, 96
Trd, 4317984.243, 113
Trd, 4317985.093, 121
Trd, 4317987.093, 102
Trd, 4317987.443, 110
Trd, 4317989.143, 117
Trd, 4317990.543, 106
Trd, 4317993.993, 110
Trd, 4317995.393, 109
Trd, 4317997.043, 108
Trd, 4317998.443, 101
Trd, 4317999.343, 108
Trd, 4317999.843, 105
Trd, 4318000.143, 111
Trd, 4318004.543, 104
Trd, 4318005.143, 106
Trd, 4318005.493, 106
Trd, 4318007.943, 105
Trd, 4318008.993, 107
Trd, 4318010.293, 107
Trd, 4318011.943, 106
Trd, 4318012.943, 103
Trd, 4318015.193, 104
Trd, 4318015.693, 101
Trd, 4318017.393, 105
Trd, 4318019.443, 102
Trd, 4318020.343, 105
Trd, 4318021.193, 94
Trd, 4318022.443, 105
Trd, 4318023.093, 99
Trd, 4318025.293, 116
Trd, 4318025.943, 97
Trd, 4318027.393, 93
Trd, 4318027.843, 83
Trd, 4318029.443, 93
Trd, 4318030.893, 91
Trd, 4318032.993, 98
Trd, 4318033.643, 94
Trd, 4318035.693, 92
Trd, 4318036.843, 97
Trd, 4318038.893, 96
Trd, 4318040.643, 98
Trd, 4318041.093, 107
Trd, 4318041.693, 101
Trd, 4318043.593, 99
Trd, 4318045.393, 103
Trd, 4318046.293, 98
Trd, 4318047.793, 103
Trd, 4318048.543, 103
Trd, 4318050.243, 94
Trd, 4318053.593, 97
Trd, 4318054.693, 96
Trd, 4318057.243, 103
Trd, 4318058.393, 90
Trd, 4318059.393, 103
Trd, 4318060.593, 102
Trd, 4318062.893, 95
Trd, 4318064.343, 94
Trd, 4318066.543, 93
Trd, 4318066.793, 97
Trd, 4318067.993, 91
Trd, 4318069.293, 97
Trd, 4318070.243, 92
Trd, 4318071.443, 96
Trd, 4318073.393, 91
Trd, 4318076.343, 96
Trd, 4318076.643, 90
Trd, 4318078.243, 96
Trd, 4318078.993, 111
Trd, 4318080.243, 103
Trd, 4318080.643, 104
Trd, 4318083.243, 102
Trd, 4318085.043, 89
Trd, 4318086.093, 103
Trd, 4318087.643, 104
Trd, 4318088.393, 97
Trd, 4318089.843, 97
Trd, 4318090.293, 104
Trd, 4318090.943, 96
Trd, 4318093.143, 100
Trd, 4318094.543, 104
Trd, 4318095.993, 95
Trd, 4318098.293, 94
Trd, 4318098.943, 100
Trd, 4318100.043, 93
Trd, 4318101.193, 100
Trd, 4318102.743, 101
Trd, 4318103.043, 93
Trd, 4318106.643, 92
Trd, 4318106.743, 101
Trd, 4318108.593, 100
Trd, 4318109.193, 91
Trd, 4318109.493, 89
Trd, 4318113.993, 96
Trd, 4318114.893, 89
Trd, 4318115.143, 89
Trd, 4318116.593, 96
Trd, 4318117.093, 88
Trd, 4318119.593, 97
Trd, 4318120.493, 115
Trd, 4318121.343, 104
Trd, 4318122.743, 102
Trd, 4318123.443, 105
Trd, 4318125.193, 130
Trd, 4318126.993, 104
Trd, 4318127.143, 102
Trd, 4318127.993, 94
Trd, 4318129.893, 100
Trd, 4318130.093, 112
Trd, 4318132.693, 105
Trd, 4318133.043, 102
Trd, 4318135.143, 102
Trd, 4318136.093, 105
Trd, 4318137.893, 99
Trd, 4318138.043, 104
Trd, 4318139.293, 93
Trd, 4318141.593, 98
Trd, 4318143.043, 97
Trd, 4318143.593, 101
Trd, 4318145.593, 100
Trd, 4318147.843, 96
Trd, 4318147.893, 93
Trd, 4318148.043, 101
Trd, 4318148.843, 100
Trd, 4318150.993, 98
Trd, 4318151.093, 73
Trd, 4318154.793, 97
Trd, 4318155.143, 90
Trd, 4318156.943, 105
Trd, 4318160.343, 92
Trd, 4318162.543, 98
Trd, 4318163.943, 91
Trd, 4318164.743, 97
Trd, 4318165.643, 90
Trd, 4318167.743, 89
Trd, 4318169.393, 97
Trd, 4318169.443, 89
Trd, 4318170.743, 97
Trd, 4318171.643, 88
Trd, 4318174.643, 94
Trd, 4318175.693, 87
Trd, 4318176.093, 86
Trd, 4318176.393, 97
Trd, 4318178.793, 98
Trd, 4318180.843, 98
Trd, 4318184.693, 91
Trd, 4318186.593, 90
Trd, 4318186.843, 90
Trd, 4318187.243, 96
Trd, 4318187.493, 97
Trd, 4318191.543, 90
Trd, 4318191.643, 89
Trd, 4318191.843, 90
Trd, 4318191.993, 105
Trd, 4318193.043, 89
Trd, 4318197.593, 88
Trd, 4318197.943, 96
Trd, 4318199.393, 87
Trd, 4318200.143, 96
Trd, 4318202.543, 86
Trd, 4318203.793, 85
Trd, 4318204.243, 105
Trd, 4318209.943, 86
Trd, 4318210.443, 94
Trd, 4318210.543, 85
Trd, 4318212.443, 95
Trd, 4318213.193, 105
Trd, 4318213.793, 95
Trd, 4318214.643, 94
Trd, 4318216.193, 99
Trd, 4318217.793, 96
Trd, 4318217.893, 92
Trd, 4318218.793, 93
Trd, 4318220.643, 96
Trd, 4318221.093, 97
Trd, 4318221.243, 93
Trd, 4318223.993, 120
Trd, 4318226.293, 94
Trd, 4318228.543, 94
Trd, 4318228.643, 94
Trd, 4318228.743, 105
Trd, 4318231.193, 93
Trd, 4318233.343, 93
Trd, 4318233.843, 97
Trd, 4318235.343, 98
Trd, 4318235.843, 92
Trd, 4318238.843, 97
Trd, 4318240.143, 97
Trd, 4318240.293, 98
Trd, 4318241.393, 91
Trd, 4318241.843, 90
Trd, 4318243.143, 98
Trd, 4318244.293, 89
Trd, 4318245.593, 99
Trd, 4318250.193, 100
Trd, 4318251.193, 87
Trd, 4318252.243, 86
Trd, 4318252.493, 100
Trd, 4318254.143, 91
Trd, 4318256.443, 100
Trd, 4318256.693, 92
Trd, 4318257.643, 104
Trd, 4318258.193, 91
Trd, 4318261.243, 98
Trd, 4318262.493, 92
Trd, 4318263.693, 91
Trd, 4318265.193, 95
Trd, 4318267.293, 95
Trd, 4318268.493, 95
Trd, 4318268.643, 91
Trd, 4318269.693, 92
Trd, 4318270.843, 123
Trd, 4318274.343, 96
Trd, 4318275.193, 104
Trd, 4318275.593, 96
Trd, 4318276.293, 113
Trd, 4318281.043, 102
Trd, 4318281.093, 95
Trd, 4318281.143, 104
Trd, 4318281.393, 95
Trd, 4318284.593, 94
Trd, 4318285.193, 105
Trd, 4318288.193, 105
Trd, 4318288.293, 94
Trd, 4318290.693, 95
Trd, 4318291.043, 105
Trd, 4318293.943, 102
Trd, 4318294.843, 94
Trd, 4318297.243, 104
Trd, 4318298.743, 97
Trd, 4318300.693, 104
Trd, 4318301.843, 96
Trd, 4318304.143, 95
Trd, 4318304.493, 104
Trd, 4318305.043, 104
Trd, 4318307.943, 98
Trd, 4318308.043, 101
Trd, 4318311.643, 95
Trd, 4318312.543, 97
Trd, 4318313.193, 97
Trd, 4318314.293, 105
Trd, 4318314.443, 96
Trd, 4318314.743, 95
Trd, 4318315.743, 116
Trd, 4318319.693, 106
Trd, 4318320.193, 94
Trd, 4318322.693, 107
Trd, 4318324.093, 104
Trd, 4318325.043, 105
Trd, 4318325.643, 106
Trd, 4318328.343, 103
Trd, 4318328.443, 102
Trd, 4318329.493, 102
Trd, 4318330.443, 103
Trd, 4318331.993, 103
Trd, 4318334.543, 101
Trd, 4318335.193, 103
Trd, 4318337.643, 100
Trd, 4318338.893, 103
Trd, 4318339.543, 99
Trd, 4318340.193, 115
Trd, 4318343.993, 104
Trd, 4318346.593, 104
Trd, 4318347.393, 98
Trd, 4318347.493, 97
Trd, 4318350.643, 97
Trd, 4318351.093, 96
Trd, 4318352.243, 104
Trd, 4318353.693, 101
Trd, 4318355.693, 103
Trd, 4318357.343, 97
Trd, 4318357.743, 104
Trd, 4318360.293, 97
Trd, 4318363.043, 95
Trd, 4318364.143, 99
Trd, 4318364.893, 98
Trd, 4318366.343, 97
Trd, 4318366.443, 95
Trd, 4318366.543, 105
Trd, 4318367.393, 94
Trd, 4318372.243, 94
Trd, 4318372.543, 98
Trd, 4318373.543, 94
Trd, 4318374.193, 92
Trd, 4318375.493, 98
Trd, 4318377.643, 98
Trd, 4318377.843, 93
Trd, 4318380.643, 92
Trd, 4318382.493, 98
Trd, 4318383.893, 92
Trd, 4318386.393, 93
Trd, 4318389.093, 92
Trd, 4318389.193, 96
Trd, 4318389.243, 96
Trd, 4318391.493, 105
Trd, 4318393.893, 96
Trd, 4318394.293, 92
Trd, 4318394.693, 97
Trd, 4318397.043, 96
Trd, 4318397.593, 93
Trd, 4318399.193, 78
Trd, 4318400.343, 89
Trd, 4318400.793, 88
Trd, 4318401.543, 97
Trd, 4318404.893, 96
Trd, 4318405.393, 94
Trd, 4318405.543, 87
Trd, 4318405.593, 79
Trd, 4318407.793, 84
Trd, 4318409.243, 97
Trd, 4318409.593, 105
Trd, 4318411.143, 84
Trd, 4318412.493, 86
Trd, 4318414.093, 102
Trd, 4318417.793, 94
Trd, 4318418.493, 101
Trd, 4318419.443, 93
Trd, 4318420.043, 92
Trd, 4318420.743, 91
Trd, 4318421.893, 102
Trd, 4318426.943, 92
Trd, 4318428.243, 102
Trd, 4318429.693, 102
Trd, 4318429.893, 91
Trd, 4318431.443, 98
Trd, 4318432.093, 96
Trd, 4318433.193, 104
Trd, 4318433.793, 95
Trd, 4318435.893, 94
Trd, 4318435.993, 101
Trd, 4318438.293, 95
Trd, 4318442.093, 100
Trd, 4318443.893, 94
Trd, 4318445.243, 93
Trd, 4318445.843, 100
Trd, 4318446.793, 92
Trd, 4318449.343, 101
Trd, 4318449.543, 104
Trd, 4318451.393, 91
Trd, 4318452.743, 103
Trd, 4318454.643, 93
Trd, 4318455.443, 94
Trd, 4318456.593, 93
Trd, 4318456.843, 103
Trd, 4318457.993, 102
Trd, 4318459.093, 103
Trd, 4318461.093, 91
Trd, 4318461.943, 92
Trd, 4318465.593, 94
Trd, 4318466.343, 96
Trd, 4318468.843, 95
Trd, 4318470.343, 94
Trd, 4318470.443, 92
Trd, 4318472.493, 91
Trd, 4318474.043, 96
Trd, 4318475.693, 97
Trd, 4318478.543, 95
Trd, 4318479.243, 98
Trd, 4318480.243, 94
Trd, 4318481.493, 99
Trd, 4318482.243, 94
Trd, 4318485.443, 99
Trd, 4318485.493, 104
Trd, 4318487.843, 101
Trd, 4318488.193, 93
Trd, 4318491.743, 97
Trd, 4318492.493, 101
Trd, 4318492.893, 99
Trd, 4318494.943, 105
Trd, 4318497.393, 104
Trd, 4318499.443, 98
Trd, 4318500.693, 98
Trd, 4318501.043, 97
Trd, 4318504.093, 98
Trd, 4318504.443, 102
Trd, 4318505.243, 98
Trd, 4318507.093, 101
Trd, 4318507.343, 95
Trd, 4318507.543, 104
Trd, 4318509.993, 102
Trd, 4318511.693, 115
Trd, 4318513.393, 102
Trd, 4318514.543, 97
Trd, 4318516.293, 103
Trd, 4318517.043, 100
Trd, 4318517.993, 103
Trd, 4318519.193, 123
Trd, 4318519.843, 98
Trd, 4318522.243, 107
Trd, 4318523.543, 99
Trd, 4318523.843, 104
Trd, 4318525.143, 98
Trd, 4318528.593, 98
Trd, 4318529.093, 103
Trd, 4318529.343, 85
Trd, 4318533.593, 95
Trd, 4318534.743, 100
Trd, 4318535.393, 105
Trd, 4318537.143, 95
Trd, 4318538.993, 102
Trd, 4318539.293, 123
Trd, 4318540.143, 94
Trd, 4318542.093, 92
Trd, 4318543.143, 90
Trd, 4318543.893, 91
Trd, 4318544.243, 88
Trd, 4318545.493, 99
Trd, 4318548.593, 89
Trd, 4318549.343, 89
Trd, 4318554.343, 95
Trd, 4318555.693, 96
Trd, 4318556.643, 89
Trd, 4318557.393, 89
Trd, 4318559.693, 88
Trd, 4318560.793, 96
Trd, 4318561.943, 87
Trd, 4318563.843, 96
Trd, 4318564.043, 107
Trd, 4318565.043, 86
Trd, 4318565.593, 85
Trd, 4318567.343, 102
Trd, 4318570.743, 97
Trd, 4318572.093, 86
Trd, 4318572.243, 97
Trd, 4318573.493, 86
Trd, 4318574.343, 85
Trd, 4318575.193, 95
Trd, 4318577.343, 96
Trd, 4318578.143, 89
Trd, 4318582.193, 89
Trd, 4318582.543, 93
Trd, 4318584.493, 93
Trd, 4318585.793, 91
Trd, 4318588.343, 94
Trd, 4318589.643, 95
Trd, 4318590.643, 107
Trd, 4318592.293, 91
Trd, 4318593.493, 101
Trd, 4318594.093, 90
Trd, 4318597.293, 99
Trd, 4318598.143, 94
Trd, 4318600.143, 93
Trd, 4318601.993, 99
Trd, 4318602.293, 99
Trd, 4318603.243, 92
Trd, 4318604.193, 92
Trd, 4318607.493, 99
Trd, 4318607.543, 108
Trd, 4318608.643, 92
Trd, 4318609.393, 91
Trd, 4318609.893, 90
Trd, 4318611.193, 103
Trd, 4318614.593, 99
Trd, 4318615.343, 89
Trd, 4318615.643, 88
Trd, 4318617.343, 98
Trd, 4318618.643, 107
Trd, 4318619.443, 101
Trd, 4318620.693, 93
Trd, 4318622.043, 96
Trd, 4318623.643, 107
Trd, 4318624.593, 95
Trd, 4318626.343, 94
Trd, 4318626.843, 100
Trd, 4318627.793, 95
Trd, 4318632.643, 94
Trd, 4318633.693, 95
Trd, 4318634.093, 94
Trd, 4318635.343, 97
Trd, 4318638.093, 98
Trd, 4318638.443, 113
Trd, 4318639.193, 93
Trd, 4318642.243, 92
Trd, 4318642.493, 92
Trd, 4318643.643, 98
Trd, 4318644.393, 92
Trd, 4318644.593, 98
Trd, 4318644.843, 91
Trd, 4318646.593, 89
Trd, 4318648.043, 98
Trd, 4318649.243, 98
Trd, 4318651.393, 97
Trd, 4318651.943, 91
Trd, 4318652.593, 91
Trd, 4318653.143, 104
Trd, 4318654.843, 120
Trd, 4318655.543, 96
Trd, 4318657.943, 95
Trd, 4318660.743, 104
Trd, 4318661.693, 103
Trd, 4318663.643, 94
Trd, 4318663.793, 103
Trd, 4318664.593, 93
Trd, 4318665.293, 91
Trd, 4318668.593, 92
Trd, 4318668.843, 103
Trd, 4318669.443, 103
Trd, 4318671.343, 92
Trd, 4318672.193, 99
Trd, 4318672.343, 91
Trd, 4318672.943, 100
Trd, 4318675.243, 93
Trd, 4318677.843, 101
Trd, 4318678.693, 100
Trd, 4318680.043, 101
Trd, 4318680.693, 99
Trd, 4318682.493, 100
Trd, 4318686.293, 99
Trd, 4318687.593, 97
Trd, 4318688.143, 100
Trd, 4318688.493, 100
Trd, 4318688.693, 95
Trd, 4318694.343, 97
Trd, 4318694.493, 94
Trd, 4318694.643, 101
Trd, 4318694.793, 101
Trd, 4318695.643, 96
Trd, 4318696.193, 101
Trd, 4318697.643, 94
Trd, 4318698.943, 102
Trd, 4318701.393, 95
Trd, 4318704.243, 104
Trd, 4318705.193, 94
Trd, 4318705.943, 100
Trd, 4318706.793, 99
Trd, 4318708.643, 100
Trd, 4318709.543, 95
Trd, 4318709.743, 94
Trd, 4318711.593, 94
Trd, 4318712.743, 104
Trd, 4318713.393, 93
Trd, 4318714.843, 101
Trd, 4318716.493, 92
Trd, 4318718.593, 92
Trd, 4318719.093, 99
Trd, 4318719.943, 98
Trd, 4318721.193, 93
Trd, 4318723.243, 92
Trd, 4318725.693, 98
Trd, 4318728.593, 98
Trd, 4318729.193, 91
Trd, 4318729.993, 99
Trd, 4318730.143, 90
Trd, 4318731.043, 104
Trd, 4318732.393, 113
Trd, 4318735.743, 99
Trd, 4318737.843, 106
Trd, 4318740.193, 106
Trd, 4318740.593, 99
Trd, 4318740.643, 99
Trd, 4318742.393, 105
Trd, 4318743.893, 106
Trd, 4318745.543, 98
Trd, 4318747.593, 97
Trd, 4318748.593, 102
Trd, 4318749.643, 96
Trd, 4318753.493, 101
Trd, 4318755.543, 96
Trd, 4318755.643, 95
Trd, 4318756.243, 99
Trd, 4318759.643, 93
Trd, 4318761.193, 96
Trd, 4318761.843, 96
Trd, 4318764.843, 95
Trd, 4318764.943, 93
Trd, 4318766.243, 96
Trd, 4318767.043, 93
Trd, 4318769.093, 95
Trd, 4318769.843, 105
Trd, 4318771.443, 92
Trd, 4318772.093, 92
Trd, 4318773.993, 99
Trd, 4318776.193, 114
Trd, 4318777.243, 96
Trd, 4318779.543, 105
Trd, 4318780.293, 109
Trd, 4318781.643, 98
Trd, 4318782.843, 100
Trd, 4318783.393, 99
Trd, 4318783.593, 105
Trd, 4318786.043, 98
Trd, 4318787.293, 103
Trd, 4318788.243, 94
Trd, 4318789.993, 83
Trd, 4318791.343, 98
Trd, 4318793.043, 93
Trd, 4318794.293, 93
Trd, 4318796.993, 98
Trd, 4318797.593, 114
Trd, 4318798.493, 92
Trd, 4318800.943, 101
Trd, 4318800.993, 105
Trd, 4318803.643, 95
Trd, 4318804.543, 93
Trd, 4318804.793, 92
Trd, 4318805.193, 99
Trd, 4318807.893, 100
Trd, 4318808.243, 91
Trd, 4318810.143, 105
Trd, 4318813.243, 100
Trd, 4318815.093, 103
Trd, 4318815.993, 100
Trd, 4318817.543, 99
Trd, 4318817.993, 94
Trd, 4318819.293, 104
Trd, 4318823.243, 97
Trd, 4318824.093, 96
Trd, 4318824.293, 99
Trd, 4318825.643, 96
Trd, 4318825.993, 105
Trd, 4318827.643, 102
Trd, 4318830.393, 96
Trd, 4318831.993, 102
Trd, 4318832.043, 94
Trd, 4318834.143, 114
Trd, 4318838.143, 107
Trd, 4318838.543, 103
Trd, 4318839.093, 102
Trd, 4318840.593, 75
Trd, 4318840.743, 95
Trd, 4318841.443, 107
Trd, 4318842.393, 94
Trd, 4318845.243, 98
Trd, 4318846.643, 94
Trd, 4318846.843, 99
Trd, 4318847.493, 93
Trd, 4318849.443, 92
Trd, 4318850.343, 99
Trd, 4318852.393, 98
Trd, 4318853.043, 92
Trd, 4318855.293, 107
Trd, 4318856.593, 103
Trd, 4318856.743, 92
Trd, 4318858.893, 91
Trd, 4318861.393, 97
Trd, 4318861.543, 92
Trd, 4318862.443, 92
Trd, 4318863.543, 97
Trd, 4318865.493, 91
Trd, 4318865.643, 97
Trd, 4318866.043, 90
Trd, 4318868.193, 97
Trd, 4318869.443, 107
Trd, 4318869.643, 104
Trd, 4318871.493, 104
Trd, 4318874.193, 102
Trd, 4318875.143, 103
Trd, 4318877.793, 107
Trd, 4318879.743, 102
Trd, 4318881.243, 101
Trd, 4318881.493, 104
Trd, 4318884.593, 100
Trd, 4318885.393, 103
Trd, 4318886.493, 103
Trd, 4318888.993, 100
Trd, 4318889.343, 99
Trd, 4318890.093, 103
Trd, 4318892.493, 99
Trd, 4318892.793, 103
Trd, 4318893.893, 98
Trd, 4318894.593, 102
Trd, 4318897.143, 75
Trd, 4318897.593, 102
Trd, 4318898.443, 91
Trd, 4318899.793, 120
Trd, 4318900.543, 110
Trd, 4318901.493, 118
Trd, 4318902.693, 91
Trd, 4318903.243, 90
Trd, 4318904.593, 88
Trd, 4318904.993, 67
Trd, 4318907.843, 103
Trd, 4318911.643, 96
Trd, 4318911.893, 97
Trd, 4318913.193, 85
Trd, 4318914.293, 86
Trd, 4318915.743, 85
Trd, 4318916.893, 97
Trd, 4318918.493, 84
Trd, 4318919.843, 98
Trd, 4318920.843, 98
Trd, 4318921.143, 104
Trd, 4318923.393, 78
Trd, 4318923.493, 76
Trd, 4318925.293, 95
Trd, 4318926.143, 86
Trd, 4318926.293, 85
Trd, 4318926.493, 96
Trd, 4318930.493, 102
Trd, 4318931.493, 95
Trd, 4318932.293, 94
Trd, 4318932.793, 97
Trd, 4318934.093, 97
Trd, 4318937.043, 104
Trd, 4318937.243, 96
Trd, 4318938.593, 110
Trd, 4318941.043, 105
Trd, 4318941.493, 101
Trd, 4318944.243, 100
Trd, 4318946.443, 103
Trd, 4318950.493, 99
Trd, 4318951.093, 99
Trd, 4318952.243, 94
Trd, 4318953.343, 101
Trd, 4318953.593, 101
Trd, 4318955.793, 97
Trd, 4318956.693, 104
Trd, 4318957.093, 96
Trd, 4318960.093, 95
Trd, 4318960.843, 101
Trd, 4318961.393, 94
Trd, 4318963.193, 98
Trd, 4318964.793, 100
Trd, 4318966.293, 94
Trd, 4318968.893, 100
Trd, 4318969.343, 93
Trd, 4318970.293, 93
Trd, 4318971.343, 102
Trd, 4318971.943, 93
Trd, 4318973.693, 92
Trd, 4318975.993, 101
Trd, 4318978.243, 90
Trd, 4318979.143, 96
Trd, 4318980.243, 91
Trd, 4318982.393, 93
Trd, 4318983.693, 96
Trd, 4318985.743, 103
Trd, 4318986.793, 97
Trd, 4318988.043, 99
Trd, 4318988.993, 98
Trd, 4318990.093, 93
Trd, 4318990.643, 105
Trd, 4318991.593, 113
Trd, 4318995.643, 97
Trd, 4318996.743, 97
Trd, 4319000.093, 96
Trd, 4319000.193, 103
Trd, 4319001.493, 95
Trd, 4319003.143, 101
Trd, 4319004.943, 94
Trd, 4319006.043, 93
Trd, 4319007.593, 92
Trd, 4319008.643, 85
Trd, 4319009.693, 102
Trd, 4319014.493, 92
Trd, 4319016.343, 102
Trd, 4319016.693, 102
Trd, 4319017.543, 92
Trd, 4319018.843, 96
Trd, 4319019.293, 106
Trd, 4319022.243, 91
Trd, 4319023.843, 98
Trd, 4319024.443, 96
Trd, 4319025.393, 90
Trd, 4319025.493, 90
Trd, 4319029.193, 109
Trd, 4319029.993, 108
Trd, 4319030.043, 100
Trd, 4319035.593, 104
Trd, 4319036.293, 99
Trd, 4319037.143, 98
Trd, 4319039.493, 98
Trd, 4319040.843, 102
Trd, 4319041.143, 102
Trd, 4319043.693, 97
Trd, 4319044.793, 103
Trd, 4319046.743, 95
Trd, 4319048.193, 94
Trd, 4319048.543, 99
Trd, 4319049.393, 101
Trd, 4319049.843, 94
Trd, 4319052.493, 93
Trd, 4319055.193, 101
Trd, 4319056.093, 101
Trd, 4319056.193, 92
Trd, 4319058.943, 92
Trd, 4319060.493, 91
Trd, 4319060.893, 96
Trd, 4319062.043, 95
Trd, 4319064.093, 94
Trd, 4319064.243, 91
Trd, 4319065.243, 104
Trd, 4319066.143, 89
Trd, 4319067.393, 90
Trd, 4319068.143, 98
Trd, 4319069.793, 95
Trd, 4319070.743, 98
Trd, 4319073.743, 102
Trd, 4319074.793, 101
Trd, 4319075.243, 104
Trd, 4319075.493, 75
Trd, 4319077.743, 102
Trd, 4319078.743, 106
Trd, 4319079.593, 104
Trd, 4319081.893, 101
Trd, 4319082.793, 105
Trd, 4319083.243, 93
Trd, 4319085.443, 104
Trd, 4319085.493, 99
Trd, 4319086.643, 105
Trd, 4319089.193, 94
Trd, 4319092.893, 96
Trd, 4319093.193, 103
Trd, 4319094.443, 102
Trd, 4319094.893, 95
Trd, 4319099.993, 94
Trd, 4319100.343, 94
Trd, 4319100.493, 94
Trd, 4319101.543, 98
Trd, 4319102.543, 99
Trd, 4319104.593, 103
Trd, 4319106.693, 99
Trd, 4319106.743, 105
Trd, 4319106.793, 98
Trd, 4319108.143, 103
Trd, 4319109.293, 98
Trd, 4319111.293, 97
Trd, 4319113.543, 103
Trd, 4319115.843, 96
Trd, 4319115.993, 104
Trd, 4319118.643, 102
Trd, 4319120.843, 96
Trd, 4319123.543, 96
Trd, 4319123.643, 96
Trd, 4319123.793, 100
Trd, 4319124.443, 102
Trd, 4319126.243, 95
Trd, 4319126.643, 104
Trd, 4319132.593, 97
Trd, 4319133.743, 97
Trd, 4319134.393, 101
Trd, 4319134.943, 95
Trd, 4319135.043, 101
Trd, 4319139.243, 94
Trd, 4319141.893, 99
Trd, 4319142.243, 100
Trd, 4319142.793, 93
Trd, 4319143.943, 92
Trd, 4319145.193, 104
Trd, 4319147.293, 92
Trd, 4319148.593, 99
Trd, 4319149.493, 91
Trd, 4319150.743, 99
Trd, 4319153.743, 91
Trd, 4319155.193, 98
Trd, 4319155.393, 100
Trd, 4319157.893, 100
Trd, 4319159.093, 94
Trd, 4319160.593, 100
Trd, 4319161.193, 93
Trd, 4319161.393, 100
Trd, 4319165.243, 92
Trd, 4319165.793, 104
Trd, 4319168.643, 101
Trd, 4319169.443, 91
Trd, 4319171.643, 100
Trd, 4319174.043, 90
Trd, 4319174.343, 97
Trd, 4319174.893, 89
Trd, 4319176.693, 88
Trd, 4319177.443, 97
Trd, 4319179.943, 88
Trd, 4319181.543, 87
Trd, 4319183.293, 104
Trd, 4319184.993, 100
Trd, 4319185.493, 87
Trd, 4319188.093, 98
Trd, 4319189.343, 105
Trd, 4319191.043, 87
Trd, 4319191.393, 102
Trd, 4319194.693, 95
Trd, 4319194.843, 90
Trd, 4319197.293, 92
Trd, 4319197.593, 91
Trd, 4319198.343, 95
Trd, 4319198.443, 113
Trd, 4319202.293, 104
Trd, 4319202.643, 91
Trd, 4319202.843, 115
Trd, 4319203.693, 90
Trd, 4319209.193, 99
Trd, 4319209.393, 89
Trd, 4319210.093, 105
Trd, 4319210.493, 88
Trd, 4319211.643, 99
Trd, 4319213.143, 87
Trd, 4319214.243, 86
Trd, 4319215.393, 98
Trd, 4319216.043, 86
Trd, 4319216.593, 105
Trd, 4319216.993, 85
Trd, 4319217.143, 115
Trd, 4319221.693, 88
Trd, 4319222.243, 100
Trd, 4319222.343, 87
Trd, 4319224.993, 98
Trd, 4319226.893, 92
Trd, 4319227.443, 92
Trd, 4319230.643, 98
Trd, 4319232.043, 93
Trd, 4319232.893, 91
Trd, 4319233.943, 105
Trd, 4319234.043, 90
Trd, 4319236.893, 94
Trd, 4319240.093, 97
Trd, 4319241.143, 108
Trd, 4319241.443, 100
Trd, 4319243.393, 100
Trd, 4319244.593, 98
Trd, 4319245.343, 103
Trd, 4319247.493, 99
Trd, 4319248.543, 102
Trd, 4319249.443, 96
Trd, 4319250.743, 100
Trd, 4319252.293, 96
Trd, 4319254.043, 94
Trd, 4319255.143, 100
Trd, 4319256.293, 100
Trd, 4319256.443, 94
Trd, 4319256.593, 94
Trd, 4319259.993, 99
Trd, 4319260.693, 120
Trd, 4319263.243, 108
Trd, 4319264.543, 93
Trd, 4319265.393, 105
Trd, 4319266.493, 92
Trd, 4319268.743, 98
Trd, 4319270.843, 98
Trd, 4319272.043, 91
Trd, 4319272.493, 118
Trd, 4319273.093, 91
Trd, 4319273.693, 90
Trd, 4319276.893, 101
Trd, 4319278.343, 89
Trd, 4319279.493, 106
Trd, 4319280.343, 104
Trd, 4319280.543, 88
Trd, 4319283.743, 102
Trd, 4319284.443, 88
Trd, 4319285.643, 90
Trd, 4319287.743, 98
Trd, 4319288.543, 98
Trd, 4319288.743, 92
Trd, 4319291.643, 93
Trd, 4319293.243, 93
Trd, 4319294.443, 96
Trd, 4319294.593, 92
Trd, 4319295.443, 94
Trd, 4319298.243, 92
Trd, 4319298.443, 95
Trd, 4319300.993, 107
Trd, 4319301.943, 92
Trd, 4319303.093, 92
Trd, 4319304.693, 97
Trd, 4319307.743, 95
Trd, 4319308.793, 91
Trd, 4319310.693, 90
Trd, 4319313.243, 89
Trd, 4319314.443, 89
Trd, 4319314.493, 96
Trd, 4319316.993, 95
Trd, 4319318.793, 106
Trd, 4319318.943, 117
Trd, 4319321.043, 89
Trd, 4319323.293, 95
Trd, 4319323.343, 88
Trd, 4319324.093, 95
Trd, 4319325.243, 90
Trd, 4319329.093, 90
Trd, 4319330.443, 95
Trd, 4319332.943, 89
Trd, 4319333.143, 96
Trd, 4319335.643, 96
Trd, 4319336.143, 88
Trd, 4319338.043, 104
Trd, 4319339.393, 87
Trd, 4319340.443, 86
Trd, 4319340.543, 115
Trd, 4319343.593, 97
Trd, 4319344.343, 89
Trd, 4319346.593, 91
Trd, 4319348.243, 91
Trd, 4319348.393, 96
Trd, 4319348.693, 97
Trd, 4319348.743, 90
Trd, 4319351.543, 95
Trd, 4319353.143, 105
Trd, 4319354.543, 92
Trd, 4319355.143, 92
Trd, 4319357.193, 98
Trd, 4319358.643, 96
Trd, 4319362.193, 94
Trd, 4319363.843, 97
Trd, 4319364.093, 93
Trd, 4319366.343, 92
Trd, 4319367.243, 98
Trd, 4319369.543, 99
Trd, 4319369.943, 106
Trd, 4319370.393, 93
Trd, 4319374.093, 97
Trd, 4319377.343, 96
Trd, 4319377.993, 101
Trd, 4319378.593, 94
Trd, 4319380.593, 94
Trd, 4319381.843, 102
Trd, 4319383.593, 94
Trd, 4319385.643, 103
Trd, 4319385.743, 93
Trd, 4319388.443, 99
Trd, 4319392.343, 101
Trd, 4319392.593, 97
Trd, 4319392.793, 96
Trd, 4319394.093, 95
Trd, 4319394.693, 102
Trd, 4319396.843, 103
Trd, 4319398.093, 105
Trd, 4319399.193, 94
Trd, 4319402.193, 95
Trd, 4319403.693, 98
Trd, 4319404.093, 102
Trd, 4319405.393, 105
Trd, 4319405.443, 95
Trd, 4319406.943, 94
Trd, 4319407.443, 94
Trd, 4319410.193, 101
Trd, 4319413.743, 93
Trd, 4319413.993, 100
Trd, 4319414.193, 93
Trd, 4319416.043, 99
Trd, 4319418.343, 92
Trd, 4319418.943, 92
Trd, 4319419.643, 98
Trd, 4319420.043, 90
Trd, 4319421.493, 97
Trd, 4319424.243, 94
Trd, 4319425.143, 104
Trd, 4319427.843, 93
Trd, 4319428.393, 99
Trd, 4319429.843, 93
Trd, 4319431.693, 98
Trd, 4319434.393, 99
Trd, 4319434.693, 104
Trd, 4319436.093, 113
Trd, 4319436.543, 97
Trd, 4319436.593, 96
Trd, 4319437.543, 96
Trd, 4319439.243, 95
Trd, 4319443.243, 94
Trd, 4319443.343, 94
Trd, 4319444.693, 95
Trd, 4319445.593, 94
Trd, 4319447.943, 93
Trd, 4319448.543, 95
Trd, 4319449.643, 92
Trd, 4319451.893, 96
Trd, 4319453.093, 92
Trd, 4319453.343, 90
Trd, 4319453.593, 95
Trd, 4319456.643, 98
Trd, 4319457.343, 97
Trd, 4319458.293, 99
Trd, 4319460.743, 96
Trd, 4319461.043, 94
Trd, 4319463.193, 95
Trd, 4319464.593, 98
Trd, 4319465.393, 97
Trd, 4319466.443, 104
Trd, 4319467.443, 94
Trd, 4319467.693, 115
Trd, 4319468.343, 94
Trd, 4319473.293, 106
Trd, 4319473.543, 97
Trd, 4319475.143, 113
Trd, 4319475.443, 97
Trd, 4319476.293, 103
Trd, 4319476.543, 93
Trd, 4319476.593, 92
Trd, 4319476.743, 124
Trd, 4319480.693, 98
Trd, 4319481.893, 94
Trd, 4319484.243, 93
Trd, 4319485.943, 99
Trd, 4319486.893, 93
Trd, 4319488.943, 99
Trd, 4319489.143, 92
Trd, 4319490.443, 98
Trd, 4319491.343, 91
Trd, 4319493.643, 99
Trd, 4319493.793, 95
Trd, 4319496.393, 94
Trd, 4319497.093, 98
Trd, 4319498.893, 94
Trd, 4319500.843, 97
Trd, 4319500.893, 99
Trd, 4319501.393, 99
Trd, 4319503.693, 95
Trd, 4319507.293, 99
Trd, 4319508.893, 96
Trd, 4319510.143, 99
Trd, 4319510.193, 99
Trd, 4319511.843, 95
Trd, 4319513.293, 93
Trd, 4319516.693, 94
Trd, 4319517.293, 94
Trd, 4319517.743, 110
Trd, 4319520.343, 99
Trd, 4319521.343, 94
Trd, 4319521.443, 99
Trd, 4319522.393, 104
Trd, 4319525.043, 93
Trd, 4319526.543, 93
Trd, 4319527.043, 92
Trd, 4319528.443, 99
Trd, 4319530.443, 91
Trd, 4319532.093, 96
Trd, 4319535.493, 91
Trd, 4319537.543, 97
Trd, 4319539.293, 92
Trd, 4319540.043, 98
Trd, 4319540.893, 91
Trd, 4319541.043, 91
Trd, 4319543.943, 95
Trd, 4319544.643, 91
Trd, 4319546.843, 96
Trd, 4319547.193, 96
Trd, 4319549.993, 96
Trd, 4319551.043, 105
Trd, 4319551.893, 94
Trd, 4319554.343, 94
Trd, 4319554.793, 102
Trd, 4319555.943, 93
Trd, 4319555.993, 105
Trd, 4319558.493, 93
Trd, 4319558.693, 104
Trd, 4319559.193, 93
Trd, 4319561.493, 106
Trd, 4319564.143, 101
Trd, 4319565.043, 92
Trd, 4319566.493, 92
Trd, 4319567.393, 97
Trd, 4319570.043, 93
Trd, 4319570.643, 97
Trd, 4319572.293, 94
Trd, 4319574.243, 97
Trd, 4319576.993, 93
Trd, 4319577.443, 97
Trd, 4319578.893, 107
Trd, 4319579.543, 93
Trd, 4319580.743, 92
Trd, 4319583.693, 91
Trd, 4319583.743, 99
Trd, 4319583.793, 101
Trd, 4319587.143, 90
Trd, 4319589.393, 91
Trd, 4319590.843, 108
Trd, 4319591.293, 90
Trd, 4319593.343, 103
Trd, 4319593.443, 102
Trd, 4319593.543, 89
Trd, 4319596.943, 100
Trd, 4319599.443, 101
Trd, 4319600.143, 102
Trd, 4319602.943, 94
Trd, 4319603.393, 102
Trd, 4319604.193, 102
Trd, 4319605.193, 99
Trd, 4319607.893, 99
Trd, 4319609.293, 98
Trd, 4319609.543, 101
Trd, 4319610.793, 97
Trd, 4319611.843, 100
Trd, 4319614.143, 97
Trd, 4319614.893, 78
Trd, 4319615.493, 100
Trd, 4319616.743, 95
Trd, 4319619.093, 97
Trd, 4319619.243, 83
Trd, 4319619.543, 104
Trd, 4319621.043, 102
Trd, 4319622.393, 102
Trd, 4319623.193, 96
Trd, 4319623.493, 94
Trd, 4319624.643, 104
Trd, 4319625.543, 95
Trd, 4319625.593, 120
Trd, 4319629.243, 95
Trd, 4319629.743, 100
Trd, 4319631.443, 94
Trd, 4319634.793, 100
Trd, 4319635.093, 100
Trd, 4319635.793, 94
Trd, 4319639.243, 93
Trd, 4319641.543, 92
Trd, 4319641.893, 99
Trd, 4319642.143, 100
Trd, 4319643.043, 91
Trd, 4319643.893, 91
Trd, 4319647.143, 99
Trd, 4319647.643, 91
Trd, 4319649.093, 99
Trd, 4319649.793, 104
Trd, 4319650.643, 114
Trd, 4319651.743, 91
Trd, 4319654.243, 90
Trd, 4319655.493, 100
Trd, 4319655.743, 100
Trd, 4319659.293, 97
Trd, 4319659.443, 89
Trd, 4319659.543, 89
Trd, 4319663.493, 88
Trd, 4319664.443, 88
Trd, 4319664.643, 97
Trd, 4319668.793, 97
Trd, 4319669.493, 100
Trd, 4319670.843, 92
Trd, 4319671.643, 93
Trd, 4319672.493, 104
Trd, 4319674.243, 115
Trd, 4319674.893, 104
Trd, 4319675.443, 106
Trd, 4319675.993, 105
Trd, 4319676.443, 100
Trd, 4319679.743, 105
Trd, 4319680.893, 101
Trd, 4319682.743, 100
Trd, 4319682.843, 99
Trd, 4319683.043, 120
Trd, 4319684.893, 109
Trd, 4319686.643, 99
Trd, 4319687.443, 109
Trd, 4319690.843, 109
Trd, 4319691.193, 98
Trd, 4319691.543, 97
Trd, 4319694.043, 104
Trd, 4319696.543, 97
Trd, 4319698.643, 104
Trd, 4319699.793, 96
Trd, 4319700.543, 101
Trd, 4319702.443, 95
Trd, 4319703.293, 101
Trd, 4319703.743, 94
Trd, 4319705.843, 93
Trd, 4319706.593, 92
Trd, 4319707.093, 102
Trd, 4319708.093, 104
Trd, 4319711.693, 93
Trd, 4319712.643, 93
Trd, 4319714.343, 98
Trd, 4319715.093, 98
Trd, 4319719.043, 94
Trd, 4319719.443, 98
Trd, 4319719.643, 93
Trd, 4319719.843, 105
Trd, 4319721.893, 93
Trd, 4319724.393, 92
Trd, 4319724.893, 101
Trd, 4319726.393, 93
Trd, 4319728.793, 100
Trd, 4319730.043, 95
Trd, 4319731.393, 106
Trd, 4319733.793, 102
Trd, 4319735.043, 93
Trd, 4319735.543, 95
Trd, 4319738.393, 95
Trd, 4319740.443, 100
Trd, 4319741.193, 101
Trd, 4319742.743, 95
Trd, 4319744.143, 102
Trd, 4319744.243, 104
Trd, 4319744.443, 94
Trd, 4319746.593, 95
Trd, 4319747.343, 94
Trd, 4319750.643, 101
Trd, 4319750.993, 101
Trd, 4319751.743, 97
Trd, 4319753.843, 102
Trd, 4319754.693, 104
Trd, 4319755.543, 96
Trd, 4319757.593, 101
Trd, 4319759.093, 102
Trd, 4319759.743, 95
Trd, 4319760.793, 94
Trd, 4319762.243, 101
Trd, 4319762.543, 93
Trd, 4319763.793, 100
Trd, 4319764.393, 93
Trd, 4319767.443, 95
Trd, 4319770.493, 100
Trd, 4319771.143, 94
Trd, 4319772.093, 96
Trd, 4319773.093, 100
Trd, 4319774.243, 94
Trd, 4319776.843, 99
Trd, 4319777.093, 96
Trd, 4319781.193, 98
Trd, 4319781.243, 95
Trd, 4319783.093, 98
Trd, 4319783.893, 105
Trd, 4319785.043, 94
Trd, 4319788.193, 93
Trd, 4319788.893, 102
Trd, 4319789.093, 102
Trd, 4319789.493, 92
Trd, 4319790.643, 92
Trd, 4319791.943, 123
Trd, 4319794.193, 91
Trd, 4319795.593, 101
Trd, 4319795.793, 91
Trd, 4319797.943, 90
Trd, 4319798.243, 101
Trd, 4319799.393, 89
Trd, 4319800.343, 104
Trd, 4319804.143, 90
Trd, 4319804.193, 103
Trd, 4319804.743, 105
Trd, 4319805.093, 92
Trd, 4319807.943, 105
Trd, 4319808.193, 91
Trd, 4319810.643, 94
Trd, 4319812.293, 106
Trd, 4319814.343, 106
Trd, 4319816.693, 107
Trd, 4319817.043, 93
Trd, 4319817.143, 93
Trd, 4319821.593, 94
Trd, 4319821.743, 95
Trd, 4319822.043, 93
Trd, 4319823.393, 92
Trd, 4319824.193, 90
Trd, 4319825.943, 95
Trd, 4319827.493, 95
Trd, 4319829.693, 91
Trd, 4319831.243, 91
Trd, 4319831.393, 95
Trd, 4319832.093, 107
Trd, 4319832.643, 90
Trd, 4319833.043, 114
Trd, 4319836.743, 94
Trd, 4319837.843, 94
Trd, 4319841.393, 103
Trd, 4319841.593, 104
Trd, 4319841.993, 95
Trd, 4319842.943, 104
Trd, 4319843.743, 94
Trd, 4319844.493, 93
Trd, 4319846.843, 100
Trd, 4319850.043, 93
Trd, 4319852.093, 105
Trd, 4319852.693, 93
Trd, 4319853.593, 99
Trd, 4319854.943, 92
Trd, 4319855.843, 98
Trd, 4319858.043, 92
Trd, 4319858.743, 98
Trd, 4319862.943, 92
Trd, 4319862.993, 92
Trd, 4319863.343, 98
Trd, 4319864.043, 91
Trd, 4319864.193, 106
Trd, 4319865.643, 89
Trd, 4319865.943, 102
Trd, 4319868.993, 96
Trd, 4319869.543, 104
Trd, 4319870.893, 93
Trd, 4319873.393, 99
Trd, 4319874.493, 95
Trd, 4319876.793, 98
Trd, 4319877.443, 91
Trd, 4319878.343, 105
Trd, 4319882.643, 97
Trd, 4319883.893, 92
Trd, 4319884.843, 92
Trd, 4319886.643, 91
Trd, 4319886.893, 98
Trd, 4319887.993, 91
Trd, 4319888.893, 82
Trd, 4319889.693, 98
Trd, 4319889.743, 87
Trd, 4319895.093, 99
Trd, 4319895.793, 99
Trd, 4319896.343, 92
Trd, 4319897.393, 91
Trd, 4319898.693, 99
Trd, 4319899.293, 90
Trd, 4319902.543, 89
Trd, 4319903.593, 94
Trd, 4319904.093, 95
Trd, 4319905.293, 95
Trd, 4319906.343, 90
Trd, 4319908.943, 89
Trd, 4319909.993, 94
Trd, 4319911.143, 88
Trd, 4319911.293, 88
Trd, 4319914.793, 88
Trd, 4319914.843, 96
Trd, 4319915.043, 97
Trd, 4319918.193, 91
Trd, 4319918.693, 97
Trd, 4319920.293, 96
Trd, 4319921.843, 91
Trd, 4319923.993, 96
Trd, 4319924.543, 90
Trd, 4319925.843, 90
Trd, 4319925.943, 96
Trd, 4319927.693, 89
Trd, 4319928.693, 105
Trd, 4319929.943, 100
Trd, 4319931.493, 123
Trd, 4319933.893, 93
Trd, 4319934.093, 92
Trd, 4319937.743, 92
Trd, 4319938.893, 91
Trd, 4319939.143, 95
Trd, 4319939.443, 104
Trd, 4319940.043, 90
Trd, 4319943.893, 93
Trd, 4319944.343, 95
Trd, 4319946.143, 96
Trd, 4319947.143, 104
Trd, 4319949.593, 92
Trd, 4319949.943, 92
Trd, 4319949.993, 91
Trd, 4319953.093, 90
Trd, 4319953.193, 91
Trd, 4319957.343, 89
Trd, 4319957.393, 89
Trd, 4319958.443, 91
Trd, 4319959.643, 95
Trd, 4319960.893, 88
Trd, 4319963.293, 88
Trd, 4319963.643, 93
Trd, 4319964.793, 96
Trd, 4319968.943, 97
Trd, 4319969.393, 93
Trd, 4319970.943, 93
Trd, 4319971.193, 96
Trd, 4319971.893, 92
Trd, 4319975.443, 92
Trd, 4319976.143, 96
Trd, 4319976.643, 91
Trd, 4319976.993, 95
Trd, 4319979.593, 90
Trd, 4319982.193, 90
Trd, 4319982.493, 93
Trd, 4319985.343, 89
Trd, 4319986.393, 94
Trd, 4319989.093, 95
Trd, 4319989.843, 104
Trd, 4319989.943, 88
Trd, 4319990.893, 87
Trd, 4319993.593, 103
Trd, 4319994.043, 94
Trd, 4319995.043, 94
Trd, 4319995.343, 102
