Trd, 4317874.743, 95
Trd, 4317874.893, 91
Trd, 4317875.093, 95
Trd, 4317878.643, 95
Trd, 4317878.993, 96
Trd, 4317881.243, 95
Trd, 4317882.143, 95
Trd, 4317884.043, 90
Trd, 4317884.143, 95
Trd, 4317884.593, 104
Trd, 4317885.043, 90
Trd, 4317886.993, 96
Trd, 4317887.593, 96
Trd, 4317890.993, 91
Trd, 4317893.143, 96
Trd, 4317894.143, 96
Trd, 4317895.893, 96
Trd, 4317897.293, 96
Trd, 4317897.943, 96
Trd, 4317898.893, 95
Trd, 4317899.593, 96
Trd, 4317902.293, 94
Trd, 4317902.793, 96
Trd, 4317903.793, 94
Trd, 4317905.493, 95
Trd, 4317906.943, 95
Trd, 4317907.843, 104
Trd, 4317908.343, 107
Trd, 4317908.693, 101
Trd, 4317911.043, 100
Trd, 4317912.243, 99
Trd, 4317914.143, 100
Trd, 4317914.643, 100
Trd, 4317915.043, 100
Trd, 4317917.143, 98
Trd, 4317919.393, 100
Trd, 4317920.393, 99
Trd, 4317923.343, 97
Trd, 4317923.393, 98
Trd, 4317923.593, 98
Trd, 4317926.193, 97
Trd, 4317928.243, 97
Trd, 4317928.643, 96
Trd, 4317930.643, 97
Trd, 4317931.543, 94
Trd, 4317932.593, 97
Trd, 4317932.693, 96
Trd, 4317936.143, 97
Trd, 4317937.693, 97
Trd, 4317938.043, 96
Trd, 4317939.143, 94
Trd, 4317941.743, 97
Trd, 4317942.293, 97
Trd, 4317942.693, 97
Trd, 4317942.893, 94
Trd, 4317946.543, 96
Trd, 4317947.093, 97
Trd, 4317948.793, 92
Trd, 4317948.943, 96
Trd, 4317951.293, 93
Trd, 4317951.443, 96
Trd, 4317951.943, 93
Trd, 4317953.293, 95
Trd, 4317953.443, 95
Trd, 4317954.743, 99
Trd, 4317956.343, 96
Trd, 4317957.093, 98
Trd, 4317958.043, 102
Trd, 4317958.543, 122
Trd, 4317959.043, 108
Trd, 4317960.043, 92
Trd, 4317961.443, 105
Trd, 4317961.893, 101
Trd, 4317963.943, 109
Trd, 4317964.593, 109
Trd, 4317967.493, 109
Trd, 4317969.443, 109
Trd, 4317970.493, 104
Trd, 4317972.243, 105
Trd, 4317973.643, 103
Trd, 4317974.143, 104
Trd, 4317974.693, 104
Trd, 4317975.043, 102
Trd, 4317975.893, 101
Trd, 4317977.593, 105
Trd, 4317977.943, 103
Trd, 4317979.743, 103
Trd, 4317982.043, 103
Trd, 4317982.243, 99
Trd, 4317984.443, 103
Trd, 4317986.793, 103
Trd, 4317987.393, 103
Trd, 4317988.543, 103
Trd, 4317989.543, 103
Trd, 4317989.843, 102
Trd, 4317990.743, 103
Trd, 4317991.043, 93
Trd, 4317991.493, 83
Trd, 4317994.643, 103
Trd, 4317994.843, 103
Trd, 4318000.543, 98
Trd, 4318000.743, 95
Trd, 4318001.243, 97
Trd, 4318002.293, 97
Trd, 4318003.343, 96
Trd, 4318004.743, 96
Trd, 4318004.793, 94
Trd, 4318006.293, 93
Trd, 4318007.943, 96
Trd, 4318009.843, 96
Trd, 4318010.643, 96
Trd, 4318013.393, 93
Trd, 4318013.593, 96
Trd, 4318017.393, 96
Trd, 4318017.843, 96
Trd, 4318021.493, 93
Trd, 4318022.393, 96
Trd, 4318022.443, 96
Trd, 4318022.593, 91
Trd, 4318023.543, 96
Trd, 4318024.493, 96
Trd, 4318025.043, 96
Trd, 4318028.843, 92
Trd, 4318030.243, 95
Trd, 4318031.893, 95
Trd, 4318033.643, 94
Trd, 4318036.043, 94
Trd, 4318036.743, 94
Trd, 4318037.693, 91
Trd, 4318039.443, 94
Trd, 4318039.693, 94
Trd, 4318041.543, 91
Trd, 4318041.943, 94
Trd, 4318043.543, 94
Trd, 4318045.493, 93
Trd, 4318046.043, 94
Trd, 4318047.193, 94
Trd, 4318048.093, 94
Trd, 4318049.893, 94
Trd, 4318050.493, 95
Trd, 4318051.393, 94
Trd, 4318052.243, 95
Trd, 4318052.743, 95
Trd, 4318053.993, 96
Trd, 4318054.193, 104
Trd, 4318057.293, 93
Trd, 4318059.293, 96
Trd, 4318059.843, 92
Trd, 4318063.093, 91
Trd, 4318063.443, 96
Trd, 4318063.493, 96
Trd, 4318064.093, 96
Trd, 4318065.693, 95
Trd, 4318067.343, 94
Trd, 4318069.043, 93
Trd, 4318069.993, 94
Trd, 4318070.093, 107
Trd, 4318070.543, 97
Trd, 4318071.343, 97
Trd, 4318073.493, 114
Trd, 4318078.043, 98
Trd, 4318078.593, 98
Trd, 4318078.993, 98
Trd, 4318079.343, 94
Trd, 4318081.243, 97
Trd, 4318081.543, 93
Trd, 4318081.843, 98
Trd, 4318085.393, 96
Trd, 4318085.493, 96
Trd, 4318087.093, 92
Trd, 4318087.643, 96
Trd, 4318089.743, 91
Trd, 4318091.593, 95
Trd, 4318092.093, 105
Trd, 4318092.793, 113
Trd, 4318093.293, 106
Trd, 4318093.843, 106
Trd, 4318094.243, 90
Trd, 4318095.343, 104
Trd, 4318095.943, 104
Trd, 4318099.643, 103
Trd, 4318100.593, 103
Trd, 4318102.093, 103
Trd, 4318103.043, 94
Trd, 4318103.243, 102
Trd, 4318103.843, 103
Trd, 4318104.693, 107
Trd, 4318105.893, 104
Trd, 4318109.443, 103
Trd, 4318111.243, 103
Trd, 4318111.843, 102
Trd, 4318112.143, 103
Trd, 4318112.843, 103
Trd, 4318113.993, 115
Trd, 4318114.893, 103
Trd, 4318116.943, 103
Trd, 4318117.693, 103
Trd, 4318118.243, 108
Trd, 4318118.293, 103
Trd, 4318119.493, 104
Trd, 4318121.443, 102
Trd, 4318121.693, 103
Trd, 4318124.943, 102
Trd, 4318125.093, 101
Trd, 4318127.343, 92
Trd, 4318127.943, 96
Trd, 4318129.043, 96
Trd, 4318129.293, 94
Trd, 4318129.743, 97
Trd, 4318130.493, 97
Trd, 4318133.493, 97
Trd, 4318133.793, 97
Trd, 4318134.743, 97
Trd, 4318135.493, 94
Trd, 4318136.443, 97
Trd, 4318137.393, 97
Trd, 4318140.443, 96
Trd, 4318141.143, 94
Trd, 4318141.243, 96
Trd, 4318144.143, 96
Trd, 4318144.843, 96
Trd, 4318145.543, 96
Trd, 4318146.243, 93
Trd, 4318147.293, 100
Trd, 4318148.193, 115
Trd, 4318148.293, 106
Trd, 4318149.443, 106
Trd, 4318151.493, 101
Trd, 4318153.043, 91
Trd, 4318154.843, 99
Trd, 4318156.043, 97
Trd, 4318156.743, 98
Trd, 4318157.443, 99
Trd, 4318158.193, 99
Trd, 4318160.243, 99
Trd, 4318162.543, 95
Trd, 4318164.093, 99
Trd, 4318165.543, 99
Trd, 4318167.343, 94
Trd, 4318167.743, 99
Trd, 4318170.193, 99
Trd, 4318170.493, 99
Trd, 4318170.843, 99
Trd, 4318173.593, 92
Trd, 4318174.543, 97
Trd, 4318175.293, 97
Trd, 4318176.943, 96
Trd, 4318177.643, 91
Trd, 4318182.243, 95
Trd, 4318183.243, 95
Trd, 4318183.743, 91
Trd, 4318186.493, 95
Trd, 4318186.843, 95
Trd, 4318188.143, 92
Trd, 4318194.343, 95
Trd, 4318195.793, 92
Trd, 4318196.193, 95
Trd, 4318196.793, 90
Trd, 4318197.043, 95
Trd, 4318198.793, 95
Trd, 4318199.943, 95
Trd, 4318200.643, 88
Trd, 4318201.893, 95
Trd, 4318204.893, 93
Trd, 4318206.193, 93
Trd, 4318206.793, 93
Trd, 4318207.593, 87
Trd, 4318210.793, 88
Trd, 4318211.643, 92
Trd, 4318211.993, 93
Trd, 4318214.043, 92
Trd, 4318217.293, 92
Trd, 4318218.643, 92
Trd, 4318220.243, 92
Trd, 4318221.893, 92
Trd, 4318223.043, 87
Trd, 4318226.643, 92
Trd, 4318227.693, 92
Trd, 4318228.043, 86
Trd, 4318228.443, 91
Trd, 4318229.093, 95
Trd, 4318231.493, 93
Trd, 4318233.343, 113
Trd, 4318233.493, 98
Trd, 4318233.943, 97
Trd, 4318234.543, 92
Trd, 4318237.193, 94
Trd, 4318238.093, 95
Trd, 4318238.343, 105
Trd, 4318238.943, 92
Trd, 4318244.493, 96
Trd, 4318245.993, 96
Trd, 4318246.843, 92
Trd, 4318247.193, 95
Trd, 4318248.143, 91
Trd, 4318249.143, 95
Trd, 4318249.243, 95
Trd, 4318255.093, 95
Trd, 4318255.293, 90
Trd, 4318256.193, 95
Trd, 4318256.493, 95
Trd, 4318258.193, 95
Trd, 4318259.443, 95
Trd, 4318260.693, 89
Trd, 4318262.693, 90
Trd, 4318263.193, 95
Trd, 4318266.693, 95
Trd, 4318266.843, 95
Trd, 4318267.693, 94
Trd, 4318267.843, 95
Trd, 4318268.593, 92
Trd, 4318273.193, 92
Trd, 4318273.293, 95
Trd, 4318274.093, 95
Trd, 4318276.293, 95
Trd, 4318277.593, 95
Trd, 4318277.943, 96
Trd, 4318279.143, 93
Trd, 4318279.293, 96
Trd, 4318280.993, 113
Trd, 4318283.293, 99
Trd, 4318285.543, 98
Trd, 4318287.393, 95
Trd, 4318287.493, 98
Trd, 4318288.493, 96
Trd, 4318290.643, 97
Trd, 4318291.593, 98
Trd, 4318291.643, 109
Trd, 4318293.293, 102
Trd, 4318293.893, 122
Trd, 4318294.293, 112
Trd, 4318294.343, 108
Trd, 4318294.993, 116
Trd, 4318297.793, 104
Trd, 4318299.343, 93
Trd, 4318300.893, 101
Trd, 4318301.943, 101
Trd, 4318302.043, 101
Trd, 4318303.793, 107
Trd, 4318304.343, 103
Trd, 4318304.893, 103
Trd, 4318307.493, 103
Trd, 4318308.943, 103
Trd, 4318309.593, 105
Trd, 4318309.793, 104
Trd, 4318310.593, 104
Trd, 4318311.693, 112
Trd, 4318313.043, 118
Trd, 4318314.293, 108
Trd, 4318315.543, 104
Trd, 4318319.143, 106
Trd, 4318321.293, 103
Trd, 4318324.093, 105
Trd, 4318324.543, 104
Trd, 4318326.493, 103
Trd, 4318327.443, 104
Trd, 4318328.293, 104
Trd, 4318329.293, 104
Trd, 4318330.143, 78
Trd, 4318332.093, 100
Trd, 4318332.643, 99
Trd, 4318333.543, 91
Trd, 4318337.593, 97
Trd, 4318338.043, 97
Trd, 4318339.293, 97
Trd, 4318341.643, 97
Trd, 4318342.043, 92
Trd, 4318342.943, 96
Trd, 4318343.343, 96
Trd, 4318346.443, 92
Trd, 4318346.493, 96
Trd, 4318346.843, 97
Trd, 4318348.793, 114
Trd, 4318352.243, 98
Trd, 4318352.393, 96
Trd, 4318354.443, 98
Trd, 4318358.043, 95
Trd, 4318358.243, 98
Trd, 4318359.393, 95
Trd, 4318361.993, 98
Trd, 4318362.193, 98
Trd, 4318365.193, 97
Trd, 4318365.343, 94
Trd, 4318366.293, 97
Trd, 4318368.993, 96
Trd, 4318370.643, 93
Trd, 4318370.893, 96
Trd, 4318372.793, 95
Trd, 4318373.443, 95
Trd, 4318377.193, 94
Trd, 4318377.393, 95
Trd, 4318377.543, 95
Trd, 4318377.893, 93
Trd, 4318380.143, 95
Trd, 4318382.193, 95
Trd, 4318383.493, 92
Trd, 4318384.243, 95
Trd, 4318384.393, 96
Trd, 4318388.843, 92
Trd, 4318389.293, 94
Trd, 4318389.843, 91
Trd, 4318391.493, 95
Trd, 4318394.643, 94
Trd, 4318396.293, 94
Trd, 4318396.393, 91
Trd, 4318396.543, 94
Trd, 4318397.143, 94
Trd, 4318398.743, 109
Trd, 4318399.443, 98
Trd, 4318401.143, 98
Trd, 4318401.743, 98
Trd, 4318403.593, 98
Trd, 4318403.743, 98
Trd, 4318404.193, 84
Trd, 4318406.593, 95
Trd, 4318408.093, 95
Trd, 4318408.943, 95
Trd, 4318411.443, 95
Trd, 4318411.693, 91
Trd, 4318412.893, 95
Trd, 4318414.593, 104
Trd, 4318415.043, 98
Trd, 4318415.593, 86
Trd, 4318416.243, 99
Trd, 4318416.993, 88
Trd, 4318418.093, 94
Trd, 4318419.893, 91
Trd, 4318420.543, 94
Trd, 4318422.943, 92
Trd, 4318424.293, 93
Trd, 4318425.243, 91
Trd, 4318428.643, 93
Trd, 4318429.093, 90
Trd, 4318429.643, 93
Trd, 4318429.893, 90
Trd, 4318431.743, 93
Trd, 4318434.943, 92
Trd, 4318437.243, 92
Trd, 4318438.593, 89
Trd, 4318439.643, 92
Trd, 4318441.493, 92
Trd, 4318442.243, 92
Trd, 4318442.543, 106
Trd, 4318442.743, 95
Trd, 4318445.743, 95
Trd, 4318446.343, 95
Trd, 4318446.593, 94
Trd, 4318447.793, 95
Trd, 4318449.243, 94
Trd, 4318451.243, 95
Trd, 4318452.243, 93
Trd, 4318452.993, 95
Trd, 4318455.193, 95
Trd, 4318455.393, 93
Trd, 4318456.193, 95
Trd, 4318456.993, 94
Trd, 4318459.293, 95
Trd, 4318461.243, 95
Trd, 4318461.643, 94
Trd, 4318462.743, 95
Trd, 4318464.193, 104
Trd, 4318464.593, 111
Trd, 4318464.943, 104
Trd, 4318465.593, 103
Trd, 4318467.993, 85
Trd, 4318469.543, 99
Trd, 4318471.243, 98
Trd, 4318472.093, 99
Trd, 4318476.143, 99
Trd, 4318477.543, 95
Trd, 4318477.643, 99
Trd, 4318479.443, 94
Trd, 4318481.893, 95
Trd, 4318482.693, 95
Trd, 4318483.393, 95
Trd, 4318484.443, 92
Trd, 4318485.693, 95
Trd, 4318486.093, 95
Trd, 4318486.793, 95
Trd, 4318487.543, 95
Trd, 4318488.693, 101
Trd, 4318489.093, 97
Trd, 4318491.343, 96
Trd, 4318493.143, 96
Trd, 4318493.293, 96
Trd, 4318494.993, 111
Trd, 4318497.643, 95
Trd, 4318498.893, 99
Trd, 4318500.093, 99
Trd, 4318501.843, 99
Trd, 4318505.393, 95
Trd, 4318505.593, 98
Trd, 4318505.893, 98
Trd, 4318507.043, 98
Trd, 4318507.393, 99
Trd, 4318508.793, 98
Trd, 4318509.743, 95
Trd, 4318512.593, 98
Trd, 4318514.943, 95
Trd, 4318515.443, 97
Trd, 4318516.443, 96
Trd, 4318516.743, 96
Trd, 4318517.743, 95
Trd, 4318520.493, 96
Trd, 4318520.543, 96
Trd, 4318521.043, 103
Trd, 4318521.293, 103
Trd, 4318523.643, 103
Trd, 4318523.793, 93
Trd, 4318526.393, 98
Trd, 4318526.693, 97
Trd, 4318527.293, 96
Trd, 4318527.393, 95
Trd, 4318528.743, 93
Trd, 4318530.193, 95
Trd, 4318531.243, 91
Trd, 4318531.843, 116
Trd, 4318533.893, 100
Trd, 4318535.293, 99
Trd, 4318535.393, 117
Trd, 4318535.843, 115
Trd, 4318536.043, 109
Trd, 4318537.343, 106
Trd, 4318540.793, 100
Trd, 4318541.393, 100
Trd, 4318541.843, 102
Trd, 4318541.893, 100
Trd, 4318544.693, 98
Trd, 4318545.493, 99
Trd, 4318545.593, 99
Trd, 4318546.193, 99
Trd, 4318548.843, 99
Trd, 4318549.943, 101
Trd, 4318550.293, 100
Trd, 4318552.193, 100
Trd, 4318552.293, 94
Trd, 4318554.693, 100
Trd, 4318555.743, 117
Trd, 4318555.893, 105
Trd, 4318558.043, 102
Trd, 4318558.793, 101
Trd, 4318559.293, 101
Trd, 4318562.143, 100
Trd, 4318562.693, 101
Trd, 4318562.893, 101
Trd, 4318563.493, 101
Trd, 4318564.543, 94
Trd, 4318565.643, 101
Trd, 4318566.543, 113
Trd, 4318566.993, 103
Trd, 4318568.843, 102
Trd, 4318569.793, 103
Trd, 4318569.943, 93
Trd, 4318570.943, 100
Trd, 4318573.593, 98
Trd, 4318574.043, 96
Trd, 4318574.743, 98
Trd, 4318576.493, 98
Trd, 4318580.843, 96
Trd, 4318582.293, 98
Trd, 4318583.193, 96
Trd, 4318583.443, 98
Trd, 4318584.243, 98
Trd, 4318584.393, 109
Trd, 4318588.193, 101
Trd, 4318591.043, 100
Trd, 4318592.693, 100
Trd, 4318593.493, 96
Trd, 4318594.593, 99
Trd, 4318596.543, 98
Trd, 4318597.093, 95
Trd, 4318597.993, 98
Trd, 4318599.093, 97
Trd, 4318602.943, 96
Trd, 4318605.943, 94
Trd, 4318606.643, 95
Trd, 4318607.143, 95
Trd, 4318608.443, 94
Trd, 4318609.693, 94
Trd, 4318610.593, 94
Trd, 4318612.493, 94
Trd, 4318612.743, 94
Trd, 4318613.643, 95
Trd, 4318614.993, 95
Trd, 4318616.793, 94
Trd, 4318617.243, 95
Trd, 4318618.143, 112
Trd, 4318620.043, 94
Trd, 4318621.143, 94
Trd, 4318621.643, 95
Trd, 4318622.643, 95
Trd, 4318623.143, 118
Trd, 4318623.493, 104
Trd, 4318624.493, 104
Trd, 4318625.993, 121
Trd, 4318627.793, 108
Trd, 4318629.343, 103
Trd, 4318630.593, 114
Trd, 4318632.393, 104
Trd, 4318633.143, 105
Trd, 4318633.993, 103
Trd, 4318634.393, 105
Trd, 4318635.343, 104
Trd, 4318636.843, 101
Trd, 4318637.193, 102
Trd, 4318639.543, 102
Trd, 4318640.393, 105
Trd, 4318640.643, 104
Trd, 4318643.643, 103
Trd, 4318644.843, 104
Trd, 4318645.893, 105
Trd, 4318648.393, 101
Trd, 4318648.993, 103
Trd, 4318650.493, 103
Trd, 4318651.093, 101
Trd, 4318651.193, 102
Trd, 4318652.093, 102
Trd, 4318655.293, 99
Trd, 4318655.693, 94
Trd, 4318656.593, 99
Trd, 4318660.093, 97
Trd, 4318660.293, 94
Trd, 4318661.893, 96
Trd, 4318662.293, 96
Trd, 4318664.643, 96
Trd, 4318665.243, 93
Trd, 4318667.493, 96
Trd, 4318667.843, 96
Trd, 4318668.943, 114
Trd, 4318671.393, 99
Trd, 4318671.943, 98
Trd, 4318672.893, 98
Trd, 4318675.143, 93
Trd, 4318675.343, 98
Trd, 4318676.043, 98
Trd, 4318678.293, 106
Trd, 4318679.343, 101
Trd, 4318681.143, 104
Trd, 4318681.293, 102
Trd, 4318682.543, 102
Trd, 4318683.043, 107
Trd, 4318683.543, 102
Trd, 4318685.093, 103
Trd, 4318688.243, 94
Trd, 4318688.593, 93
Trd, 4318688.743, 95
Trd, 4318689.093, 95
Trd, 4318692.543, 95
Trd, 4318692.843, 95
Trd, 4318692.993, 93
Trd, 4318695.693, 106
Trd, 4318696.543, 105
Trd, 4318696.693, 104
Trd, 4318696.843, 92
Trd, 4318700.193, 101
Trd, 4318700.743, 100
Trd, 4318701.493, 100
Trd, 4318703.743, 96
Trd, 4318705.493, 100
Trd, 4318707.643, 100
Trd, 4318707.843, 100
Trd, 4318708.393, 94
Trd, 4318711.643, 100
Trd, 4318712.643, 100
Trd, 4318713.193, 100
Trd, 4318716.743, 99
Trd, 4318717.093, 97
Trd, 4318717.243, 100
Trd, 4318717.393, 113
Trd, 4318719.343, 96
Trd, 4318722.193, 102
Trd, 4318724.393, 99
Trd, 4318724.793, 99
Trd, 4318726.693, 99
Trd, 4318728.143, 96
Trd, 4318729.143, 94
Trd, 4318729.793, 99
Trd, 4318730.493, 99
Trd, 4318733.743, 99
Trd, 4318733.943, 99
Trd, 4318734.093, 99
Trd, 4318737.243, 93
Trd, 4318738.843, 99
Trd, 4318740.743, 98
Trd, 4318741.743, 98
Trd, 4318742.293, 98
Trd, 4318742.743, 95
Trd, 4318746.543, 98
Trd, 4318747.443, 98
Trd, 4318747.693, 98
Trd, 4318748.043, 98
Trd, 4318750.193, 94
Trd, 4318752.043, 93
Trd, 4318752.843, 97
Trd, 4318755.593, 97
Trd, 4318756.043, 97
Trd, 4318756.293, 97
Trd, 4318757.293, 104
Trd, 4318757.993, 104
Trd, 4318758.393, 85
Trd, 4318761.943, 100
Trd, 4318764.443, 100
Trd, 4318764.843, 93
Trd, 4318765.693, 100
Trd, 4318768.243, 96
Trd, 4318769.043, 97
Trd, 4318769.193, 98
Trd, 4318770.393, 92
Trd, 4318774.993, 92
Trd, 4318776.543, 97
Trd, 4318777.243, 97
Trd, 4318778.043, 97
Trd, 4318780.043, 97
Trd, 4318781.193, 97
Trd, 4318782.393, 92
Trd, 4318783.243, 97
Trd, 4318785.693, 103
Trd, 4318785.793, 99
Trd, 4318786.843, 101
Trd, 4318788.493, 101
Trd, 4318788.893, 115
Trd, 4318789.393, 104
Trd, 4318792.093, 102
Trd, 4318795.693, 103
Trd, 4318795.743, 103
Trd, 4318796.543, 103
Trd, 4318798.693, 105
Trd, 4318799.443, 104
Trd, 4318800.493, 104
Trd, 4318801.443, 103
Trd, 4318802.343, 105
Trd, 4318804.493, 105
Trd, 4318805.593, 104
Trd, 4318808.393, 105
Trd, 4318810.593, 103
Trd, 4318813.193, 105
Trd, 4318813.443, 104
Trd, 4318814.493, 104
Trd, 4318815.243, 104
Trd, 4318819.393, 100
Trd, 4318819.493, 104
Trd, 4318822.093, 101
Trd, 4318822.793, 102
Trd, 4318822.993, 103
Trd, 4318825.443, 99
Trd, 4318826.593, 97
Trd, 4318827.893, 97
Trd, 4318829.343, 97
Trd, 4318830.493, 97
Trd, 4318831.793, 97
Trd, 4318832.743, 97
Trd, 4318832.793, 95
Trd, 4318835.943, 93
Trd, 4318838.043, 96
Trd, 4318838.493, 96
Trd, 4318839.443, 96
Trd, 4318842.843, 92
Trd, 4318843.743, 96
Trd, 4318844.293, 96
Trd, 4318846.343, 91
Trd, 4318848.843, 96
Trd, 4318849.293, 96
Trd, 4318851.243, 92
Trd, 4318852.293, 96
Trd, 4318852.743, 96
Trd, 4318854.793, 96
Trd, 4318857.143, 95
Trd, 4318857.693, 93
Trd, 4318857.993, 95
Trd, 4318859.593, 95
Trd, 4318861.643, 99
Trd, 4318861.693, 113
Trd, 4318864.343, 98
Trd, 4318864.393, 99
Trd, 4318868.993, 98
Trd, 4318869.893, 98
Trd, 4318871.243, 98
Trd, 4318871.343, 99
Trd, 4318873.343, 96
Trd, 4318873.493, 98
Trd, 4318875.893, 95
Trd, 4318877.693, 98
Trd, 4318878.093, 98
Trd, 4318878.843, 95
Trd, 4318879.943, 98
Trd, 4318880.493, 98
Trd, 4318883.393, 96
Trd, 4318883.793, 98
Trd, 4318884.193, 96
Trd, 4318886.043, 94
Trd, 4318886.343, 97
Trd, 4318887.493, 98
Trd, 4318889.443, 97
Trd, 4318892.043, 97
Trd, 4318894.743, 97
Trd, 4318895.143, 111
Trd, 4318895.743, 94
Trd, 4318897.143, 99
Trd, 4318898.243, 96
Trd, 4318898.343, 94
Trd, 4318903.093, 95
Trd, 4318903.693, 95
Trd, 4318904.193, 96
Trd, 4318904.693, 94
Trd, 4318905.743, 96
Trd, 4318908.093, 96
Trd, 4318908.743, 94
Trd, 4318910.893, 95
Trd, 4318910.993, 93
Trd, 4318911.793, 98
Trd, 4318912.593, 96
Trd, 4318913.993, 96
Trd, 4318914.993, 96
Trd, 4318915.993, 95
Trd, 4318917.093, 112
Trd, 4318917.593, 103
Trd, 4318918.343, 107
Trd, 4318918.693, 106
Trd, 4318919.443, 84
Trd, 4318919.693, 116
Trd, 4318920.643, 76
Trd, 4318922.643, 101
Trd, 4318923.393, 101
Trd, 4318924.593, 101
Trd, 4318927.043, 99
Trd, 4318927.093, 99
Trd, 4318927.943, 93
Trd, 4318931.693, 98
Trd, 4318931.743, 92
Trd, 4318933.243, 97
Trd, 4318933.443, 98
Trd, 4318934.093, 98
Trd, 4318934.993, 108
Trd, 4318936.643, 113
Trd, 4318938.043, 103
Trd, 4318939.743, 98
Trd, 4318943.043, 103
Trd, 4318943.493, 104
Trd, 4318944.243, 103
Trd, 4318945.543, 102
Trd, 4318947.693, 102
Trd, 4318948.243, 94
Trd, 4318948.643, 99
Trd, 4318951.343, 99
Trd, 4318952.693, 96
Trd, 4318953.393, 99
Trd, 4318956.043, 94
Trd, 4318957.243, 99
Trd, 4318958.393, 99
Trd, 4318959.943, 98
Trd, 4318961.993, 98
Trd, 4318964.193, 98
Trd, 4318965.143, 98
Trd, 4318967.593, 97
Trd, 4318967.793, 94
Trd, 4318969.093, 97
Trd, 4318970.593, 97
Trd, 4318971.493, 93
Trd, 4318972.943, 92
Trd, 4318976.043, 97
Trd, 4318976.243, 97
Trd, 4318976.393, 97
Trd, 4318976.443, 97
Trd, 4318980.543, 93
Trd, 4318980.743, 97
Trd, 4318980.993, 97
Trd, 4318982.343, 96
Trd, 4318982.793, 96
Trd, 4318983.193, 99
Trd, 4318984.393, 97
Trd, 4318986.393, 98
Trd, 4318989.293, 97
Trd, 4318989.843, 98
Trd, 4318991.443, 98
Trd, 4318991.893, 96
Trd, 4318992.443, 98
Trd, 4318992.743, 98
Trd, 4318998.093, 97
Trd, 4318998.343, 98
Trd, 4319000.243, 97
Trd, 4319000.893, 97
Trd, 4319001.443, 95
Trd, 4319003.593, 97
Trd, 4319004.293, 94
Trd, 4319004.993, 97
Trd, 4319008.293, 98
Trd, 4319010.043, 106
Trd, 4319010.193, 105
Trd, 4319011.243, 92
Trd, 4319011.343, 113
Trd, 4319012.343, 102
Trd, 4319015.693, 101
Trd, 4319017.143, 98
Trd, 4319018.343, 101
Trd, 4319019.643, 98
Trd, 4319021.243, 100
Trd, 4319022.343, 100
Trd, 4319022.693, 97
Trd, 4319025.593, 100
Trd, 4319026.393, 99
Trd, 4319028.793, 98
Trd, 4319030.093, 97
Trd, 4319030.393, 98
Trd, 4319033.393, 98
Trd, 4319033.543, 98
Trd, 4319033.993, 100
Trd, 4319034.893, 99
Trd, 4319036.393, 97
Trd, 4319038.843, 99
Trd, 4319041.593, 94
Trd, 4319042.493, 98
Trd, 4319042.793, 98
Trd, 4319043.993, 98
Trd, 4319045.343, 98
Trd, 4319046.393, 98
Trd, 4319046.493, 93
Trd, 4319050.743, 98
Trd, 4319051.993, 98
Trd, 4319053.643, 98
Trd, 4319054.693, 92
Trd, 4319055.793, 98
Trd, 4319056.393, 98
Trd, 4319058.193, 91
Trd, 4319058.243, 98
Trd, 4319059.093, 97
Trd, 4319064.143, 96
Trd, 4319064.493, 90
Trd, 4319064.743, 96
Trd, 4319066.293, 95
Trd, 4319067.993, 95
Trd, 4319068.393, 95
Trd, 4319069.993, 95
Trd, 4319072.743, 95
Trd, 4319073.793, 95
Trd, 4319074.443, 89
Trd, 4319075.393, 88
Trd, 4319078.443, 94
Trd, 4319079.543, 94
Trd, 4319080.393, 94
Trd, 4319081.243, 87
Trd, 4319081.943, 94
Trd, 4319086.843, 104
Trd, 4319086.993, 104
Trd, 4319088.093, 99
Trd, 4319088.643, 99
Trd, 4319089.193, 96
Trd, 4319090.893, 94
Trd, 4319091.593, 96
Trd, 4319092.343, 94
Trd, 4319092.543, 95
Trd, 4319094.593, 95
Trd, 4319095.693, 92
Trd, 4319095.893, 94
Trd, 4319096.343, 93
Trd, 4319098.393, 93
Trd, 4319098.993, 93
Trd, 4319100.293, 118
Trd, 4319101.143, 100
Trd, 4319102.093, 99
Trd, 4319102.493, 100
Trd, 4319103.443, 92
Trd, 4319104.493, 100
Trd, 4319105.193, 98
Trd, 4319106.743, 98
Trd, 4319107.243, 96
Trd, 4319108.643, 103
Trd, 4319109.243, 100
Trd, 4319109.943, 114
Trd, 4319111.643, 102
Trd, 4319113.493, 103
Trd, 4319113.743, 103
Trd, 4319114.843, 103
Trd, 4319115.043, 93
Trd, 4319115.093, 115
Trd, 4319116.843, 100
Trd, 4319118.993, 96
Trd, 4319122.093, 100
Trd, 4319123.243, 99
Trd, 4319123.743, 98
Trd, 4319125.143, 95
Trd, 4319126.143, 98
Trd, 4319127.143, 105
Trd, 4319127.393, 104
Trd, 4319129.093, 102
Trd, 4319130.493, 98
Trd, 4319131.593, 98
Trd, 4319133.343, 98
Trd, 4319133.693, 98
Trd, 4319133.993, 98
Trd, 4319134.193, 107
Trd, 4319134.343, 85
Trd, 4319137.543, 99
Trd, 4319139.693, 99
Trd, 4319141.193, 99
Trd, 4319142.943, 97
Trd, 4319143.993, 99
Trd, 4319144.543, 98
Trd, 4319146.943, 98
Trd, 4319147.693, 98
Trd, 4319149.493, 96
Trd, 4319150.543, 94
Trd, 4319152.193, 98
Trd, 4319153.243, 98
Trd, 4319153.493, 98
Trd, 4319158.443, 98
Trd, 4319158.893, 98
Trd, 4319158.943, 93
Trd, 4319160.843, 92
Trd, 4319161.493, 97
Trd, 4319162.043, 97
Trd, 4319163.593, 97
Trd, 4319164.893, 97
Trd, 4319165.193, 110
Trd, 4319166.293, 122
Trd, 4319166.893, 103
Trd, 4319168.793, 95
Trd, 4319169.443, 95
Trd, 4319171.043, 96
Trd, 4319172.093, 91
Trd, 4319173.893, 94
Trd, 4319175.743, 94
Trd, 4319175.843, 95
Trd, 4319176.543, 90
Trd, 4319176.843, 110
Trd, 4319181.293, 96
Trd, 4319183.393, 96
Trd, 4319183.543, 91
Trd, 4319184.693, 96
Trd, 4319186.593, 96
Trd, 4319188.543, 91
Trd, 4319188.793, 95
Trd, 4319190.043, 94
Trd, 4319192.243, 90
Trd, 4319192.393, 93
Trd, 4319193.193, 93
Trd, 4319196.193, 93
Trd, 4319198.843, 89
Trd, 4319198.893, 93
Trd, 4319200.193, 93
Trd, 4319201.643, 93
Trd, 4319202.843, 89
Trd, 4319204.443, 93
Trd, 4319208.193, 89
Trd, 4319208.593, 93
Trd, 4319210.643, 93
Trd, 4319212.343, 92
Trd, 4319214.543, 92
Trd, 4319215.143, 88
Trd, 4319215.343, 93
Trd, 4319215.643, 93
Trd, 4319216.493, 87
Trd, 4319216.743, 116
Trd, 4319217.943, 99
Trd, 4319222.293, 94
Trd, 4319222.693, 89
Trd, 4319223.493, 94
Trd, 4319225.543, 93
Trd, 4319229.143, 93
Trd, 4319229.593, 90
Trd, 4319230.493, 93
Trd, 4319230.943, 115
Trd, 4319233.493, 100
Trd, 4319234.093, 101
Trd, 4319234.593, 98
Trd, 4319235.943, 90
Trd, 4319237.193, 96
Trd, 4319239.793, 96
Trd, 4319240.043, 93
Trd, 4319240.893, 96
Trd, 4319242.943, 96
Trd, 4319243.543, 96
Trd, 4319244.043, 96
Trd, 4319244.393, 94
Trd, 4319249.143, 96
Trd, 4319250.943, 95
Trd, 4319251.343, 95
Trd, 4319252.243, 92
Trd, 4319252.443, 95
Trd, 4319252.593, 92
Trd, 4319253.643, 95
Trd, 4319257.043, 92
Trd, 4319258.193, 95
Trd, 4319259.493, 95
Trd, 4319261.793, 95
Trd, 4319263.593, 93
Trd, 4319263.993, 95
Trd, 4319264.293, 95
Trd, 4319268.593, 95
Trd, 4319269.643, 95
Trd, 4319270.893, 93
Trd, 4319273.143, 94
Trd, 4319273.443, 95
Trd, 4319274.193, 93
Trd, 4319277.043, 95
Trd, 4319277.193, 95
Trd, 4319280.993, 93
Trd, 4319281.293, 95
Trd, 4319281.343, 95
Trd, 4319283.393, 95
Trd, 4319285.943, 94
Trd, 4319285.993, 93
Trd, 4319286.593, 94
Trd, 4319287.393, 95
Trd, 4319288.343, 95
Trd, 4319288.493, 104
Trd, 4319291.893, 96
Trd, 4319291.943, 93
Trd, 4319293.743, 92
Trd, 4319295.593, 96
Trd, 4319297.293, 96
Trd, 4319298.143, 94
Trd, 4319300.593, 96
Trd, 4319300.993, 96
Trd, 4319301.843, 96
Trd, 4319302.593, 94
Trd, 4319303.043, 94
Trd, 4319303.243, 95
Trd, 4319304.293, 95
Trd, 4319307.193, 94
Trd, 4319311.393, 95
Trd, 4319312.043, 93
Trd, 4319313.043, 94
Trd, 4319313.393, 107
Trd, 4319314.393, 92
Trd, 4319314.843, 98
Trd, 4319316.693, 98
Trd, 4319318.543, 98
Trd, 4319320.443, 97
Trd, 4319321.043, 90
Trd, 4319321.593, 97
Trd, 4319323.093, 89
Trd, 4319324.243, 97
Trd, 4319326.093, 95
Trd, 4319329.793, 89
Trd, 4319329.893, 93
Trd, 4319332.293, 93
Trd, 4319332.943, 93
Trd, 4319334.093, 93
Trd, 4319336.043, 93
Trd, 4319337.543, 93
Trd, 4319339.443, 105
Trd, 4319339.893, 91
Trd, 4319341.243, 95
Trd, 4319343.193, 92
Trd, 4319343.293, 95
Trd, 4319344.193, 90
Trd, 4319345.543, 95
Trd, 4319346.043, 95
Trd, 4319346.593, 95
Trd, 4319348.893, 95
Trd, 4319350.443, 90
Trd, 4319350.843, 95
Trd, 4319351.543, 95
Trd, 4319353.493, 91
Trd, 4319354.293, 95
Trd, 4319355.693, 95
Trd, 4319355.993, 122
Trd, 4319359.393, 90
Trd, 4319362.143, 98
Trd, 4319362.643, 98
Trd, 4319364.643, 97
Trd, 4319366.143, 97
Trd, 4319367.393, 97
Trd, 4319368.843, 93
Trd, 4319371.743, 97
Trd, 4319372.643, 92
Trd, 4319372.743, 97
Trd, 4319374.193, 96
Trd, 4319375.493, 91
Trd, 4319376.143, 96
Trd, 4319376.843, 95
Trd, 4319378.243, 118
Trd, 4319380.393, 97
Trd, 4319380.543, 98
Trd, 4319381.843, 98
Trd, 4319382.593, 93
Trd, 4319383.493, 98
Trd, 4319384.893, 93
Trd, 4319389.843, 94
Trd, 4319390.593, 97
Trd, 4319391.943, 97
Trd, 4319392.043, 97
Trd, 4319393.693, 97
Trd, 4319396.243, 97
Trd, 4319396.343, 98
Trd, 4319396.693, 94
Trd, 4319398.993, 97
Trd, 4319401.193, 97
Trd, 4319403.343, 97
Trd, 4319403.893, 93
Trd, 4319404.143, 104
Trd, 4319404.343, 99
Trd, 4319406.793, 113
Trd, 4319406.843, 104
Trd, 4319408.893, 103
Trd, 4319409.843, 102
Trd, 4319410.443, 100
Trd, 4319410.643, 102
Trd, 4319411.293, 104
Trd, 4319415.593, 103
Trd, 4319415.893, 104
Trd, 4319416.293, 104
Trd, 4319417.043, 105
Trd, 4319421.743, 104
Trd, 4319422.293, 105
Trd, 4319424.543, 113
Trd, 4319427.693, 106
Trd, 4319428.243, 86
Trd, 4319432.943, 105
Trd, 4319433.443, 105
Trd, 4319433.643, 104
Trd, 4319435.293, 104
Trd, 4319435.543, 105
Trd, 4319435.843, 93
Trd, 4319436.843, 98
Trd, 4319437.543, 97
Trd, 4319438.043, 97
Trd, 4319439.343, 114
Trd, 4319439.843, 101
Trd, 4319440.793, 98
Trd, 4319441.293, 99
Trd, 4319441.593, 105
Trd, 4319442.893, 100
Trd, 4319444.143, 84
Trd, 4319445.493, 97
Trd, 4319446.193, 99
Trd, 4319450.493, 98
Trd, 4319450.793, 98
Trd, 4319452.143, 94
Trd, 4319452.743, 98
Trd, 4319453.243, 93
Trd, 4319453.943, 98
Trd, 4319456.643, 98
Trd, 4319458.343, 98
Trd, 4319458.443, 92
Trd, 4319459.943, 98
Trd, 4319460.943, 99
Trd, 4319463.493, 97
Trd, 4319464.993, 93
Trd, 4319465.743, 97
Trd, 4319466.493, 106
Trd, 4319466.743, 104
Trd, 4319468.093, 99
Trd, 4319469.293, 99
Trd, 4319472.193, 97
Trd, 4319472.393, 100
Trd, 4319473.543, 100
Trd, 4319475.143, 100
Trd, 4319475.593, 96
Trd, 4319475.843, 100
Trd, 4319476.093, 101
Trd, 4319480.343, 99
Trd, 4319480.443, 99
Trd, 4319480.943, 100
Trd, 4319481.243, 95
Trd, 4319481.843, 100
Trd, 4319483.643, 99
Trd, 4319485.893, 99
Trd, 4319487.643, 95
Trd, 4319487.693, 99
Trd, 4319488.943, 93
Trd, 4319492.593, 98
Trd, 4319493.693, 94
Trd, 4319493.843, 98
Trd, 4319496.693, 97
Trd, 4319498.043, 97
Trd, 4319498.393, 97
Trd, 4319500.093, 93
Trd, 4319500.743, 97
Trd, 4319503.093, 97
Trd, 4319503.993, 94
Trd, 4319504.393, 97
Trd, 4319506.343, 93
Trd, 4319507.443, 96
Trd, 4319507.643, 95
Trd, 4319510.743, 95
Trd, 4319511.393, 95
Trd, 4319513.743, 95
Trd, 4319515.093, 92
Trd, 4319515.443, 95
Trd, 4319517.293, 95
Trd, 4319517.443, 92
Trd, 4319519.143, 94
Trd, 4319521.493, 92
Trd, 4319523.193, 92
Trd, 4319525.293, 92
Trd, 4319526.743, 92
Trd, 4319526.793, 91
Trd, 4319526.943, 95
Trd, 4319528.293, 91
Trd, 4319529.593, 89
Trd, 4319530.743, 92
Trd, 4319531.343, 89
Trd, 4319531.943, 95
Trd, 4319534.693, 109
Trd, 4319534.843, 103
Trd, 4319536.993, 98
Trd, 4319537.493, 99
Trd, 4319538.243, 99
Trd, 4319538.943, 97
Trd, 4319541.043, 94
Trd, 4319541.543, 117
Trd, 4319542.443, 102
Trd, 4319542.493, 116
Trd, 4319543.843, 104
Trd, 4319543.993, 104
Trd, 4319546.093, 100
Trd, 4319546.543, 93
Trd, 4319546.643, 103
Trd, 4319547.493, 97
Trd, 4319548.143, 96
Trd, 4319549.943, 95
Trd, 4319550.193, 96
Trd, 4319552.543, 96
Trd, 4319552.793, 93
Trd, 4319553.793, 97
Trd, 4319554.443, 97
Trd, 4319556.743, 96
Trd, 4319558.343, 95
Trd, 4319560.293, 94
Trd, 4319560.743, 94
Trd, 4319561.543, 95
Trd, 4319562.793, 95
Trd, 4319566.543, 94
Trd, 4319567.193, 95
Trd, 4319567.343, 95
Trd, 4319568.393, 94
Trd, 4319568.843, 95
Trd, 4319569.193, 93
Trd, 4319571.443, 95
Trd, 4319575.193, 95
Trd, 4319575.643, 95
Trd, 4319575.843, 108
Trd, 4319576.293, 92
Trd, 4319578.393, 114
Trd, 4319582.343, 94
Trd, 4319582.643, 96
Trd, 4319582.893, 96
Trd, 4319585.343, 95
Trd, 4319585.793, 96
Trd, 4319586.443, 95
Trd, 4319586.643, 95
Trd, 4319588.293, 121
Trd, 4319588.443, 107
Trd, 4319589.793, 104
Trd, 4319590.543, 94
Trd, 4319594.493, 100
Trd, 4319595.043, 104
Trd, 4319595.743, 99
Trd, 4319597.393, 103
Trd, 4319601.593, 101
Trd, 4319601.743, 102
Trd, 4319603.743, 101
Trd, 4319605.293, 98
Trd, 4319605.793, 115
Trd, 4319608.343, 103
Trd, 4319611.043, 103
Trd, 4319612.093, 103
Trd, 4319612.393, 103
Trd, 4319613.293, 101
Trd, 4319614.493, 103
Trd, 4319616.293, 86
Trd, 4319616.593, 103
Trd, 4319619.993, 100
Trd, 4319621.593, 103
Trd, 4319624.243, 99
Trd, 4319624.743, 103
Trd, 4319625.393, 103
Trd, 4319625.993, 103
Trd, 4319630.393, 98
Trd, 4319633.543, 99
Trd, 4319633.593, 99
Trd, 4319633.793, 97
Trd, 4319636.693, 99
Trd, 4319637.943, 99
Trd, 4319642.193, 99
Trd, 4319642.843, 96
Trd, 4319643.193, 99
Trd, 4319643.543, 99
Trd, 4319645.693, 94
Trd, 4319647.293, 100
Trd, 4319647.693, 102
Trd, 4319647.943, 103
Trd, 4319648.443, 101
Trd, 4319648.693, 107
Trd, 4319650.443, 103
Trd, 4319652.643, 102
Trd, 4319652.793, 101
Trd, 4319653.093, 102
Trd, 4319655.343, 102
Trd, 4319655.393, 102
Trd, 4319657.243, 102
Trd, 4319657.393, 101
Trd, 4319659.343, 102
Trd, 4319661.843, 98
Trd, 4319662.343, 98
Trd, 4319663.093, 97
Trd, 4319663.293, 98
Trd, 4319664.043, 94
Trd, 4319665.893, 93
Trd, 4319666.793, 98
Trd, 4319667.293, 110
Trd, 4319667.543, 115
Trd, 4319670.493, 104
Trd, 4319671.543, 104
Trd, 4319673.693, 102
Trd, 4319675.593, 103
Trd, 4319676.843, 100
Trd, 4319677.393, 102
Trd, 4319678.793, 98
Trd, 4319679.093, 99
Trd, 4319679.743, 97
Trd, 4319680.093, 98
Trd, 4319681.443, 97
Trd, 4319683.393, 97
Trd, 4319684.993, 96
Trd, 4319686.343, 97
Trd, 4319689.593, 96
Trd, 4319689.993, 96
Trd, 4319690.443, 94
Trd, 4319690.743, 94
Trd, 4319692.893, 96
Trd, 4319693.943, 96
Trd, 4319694.493, 96
Trd, 4319696.543, 92
Trd, 4319697.243, 96
Trd, 4319699.993, 95
Trd, 4319700.043, 96
Trd, 4319700.893, 95
Trd, 4319703.143, 92
Trd, 4319703.893, 104
Trd, 4319704.543, 103
Trd, 4319705.243, 100
Trd, 4319706.043, 99
Trd, 4319706.293, 110
Trd, 4319708.993, 103
Trd, 4319709.093, 102
Trd, 4319709.143, 104
Trd, 4319710.743, 105
Trd, 4319712.743, 104
Trd, 4319712.893, 92
Trd, 4319717.593, 101
Trd, 4319718.243, 101
Trd, 4319718.693, 95
Trd, 4319721.193, 98
Trd, 4319722.293, 97
Trd, 4319722.593, 96
Trd, 4319723.593, 97
Trd, 4319725.093, 97
Trd, 4319725.743, 114
Trd, 4319725.793, 94
Trd, 4319729.743, 100
Trd, 4319730.643, 99
Trd, 4319730.943, 99
Trd, 4319734.093, 96
Trd, 4319734.793, 99
Trd, 4319735.493, 99
Trd, 4319735.643, 96
Trd, 4319739.193, 99
Trd, 4319739.393, 99
Trd, 4319739.743, 100
Trd, 4319742.443, 102
Trd, 4319743.043, 113
Trd, 4319743.893, 110
Trd, 4319744.143, 104
Trd, 4319744.743, 118
Trd, 4319746.793, 106
Trd, 4319747.043, 123
Trd, 4319747.893, 94
Trd, 4319749.743, 101
Trd, 4319749.943, 101
Trd, 4319752.243, 96
Trd, 4319752.893, 96
Trd, 4319753.343, 96
Trd, 4319754.143, 93
Trd, 4319754.593, 94
Trd, 4319755.843, 95
Trd, 4319756.543, 122
Trd, 4319756.843, 102
Trd, 4319758.243, 91
Trd, 4319759.343, 102
Trd, 4319760.993, 97
Trd, 4319761.243, 86
Trd, 4319762.393, 99
Trd, 4319765.893, 97
Trd, 4319769.593, 97
Trd, 4319769.843, 97
Trd, 4319770.043, 97
Trd, 4319771.943, 97
Trd, 4319772.093, 94
Trd, 4319772.893, 97
Trd, 4319776.293, 93
Trd, 4319776.793, 97
Trd, 4319780.143, 97
Trd, 4319780.443, 97
Trd, 4319781.243, 91
Trd, 4319781.693, 97
Trd, 4319782.893, 90
Trd, 4319783.393, 97
Trd, 4319785.643, 100
Trd, 4319785.893, 118
Trd, 4319787.743, 104
Trd, 4319789.743, 100
Trd, 4319789.943, 103
Trd, 4319790.293, 103
Trd, 4319793.893, 99
Trd, 4319794.243, 102
Trd, 4319796.243, 102
Trd, 4319796.293, 102
Trd, 4319797.993, 102
Trd, 4319799.643, 101
Trd, 4319801.343, 98
Trd, 4319802.743, 100
Trd, 4319805.943, 97
Trd, 4319806.093, 100
Trd, 4319807.043, 100
Trd, 4319809.393, 100
Trd, 4319811.693, 100
Trd, 4319813.693, 100
Trd, 4319813.893, 94
Trd, 4319816.893, 96
Trd, 4319817.793, 97
Trd, 4319818.893, 97
Trd, 4319819.943, 95
Trd, 4319823.043, 94
Trd, 4319825.193, 97
Trd, 4319826.143, 97
Trd, 4319827.443, 97
Trd, 4319829.593, 97
Trd, 4319829.743, 98
Trd, 4319831.193, 110
Trd, 4319831.643, 118
Trd, 4319831.693, 108
Trd, 4319832.893, 104
Trd, 4319835.443, 101
Trd, 4319836.043, 101
Trd, 4319836.593, 101
Trd, 4319838.193, 106
Trd, 4319838.893, 103
Trd, 4319840.643, 100
Trd, 4319842.143, 103
Trd, 4319842.843, 99
Trd, 4319842.943, 103
Trd, 4319845.493, 93
Trd, 4319845.693, 100
Trd, 4319847.093, 97
Trd, 4319849.993, 93
Trd, 4319850.993, 96
Trd, 4319851.993, 95
Trd, 4319853.193, 95
Trd, 4319854.993, 95
Trd, 4319857.143, 94
Trd, 4319858.743, 93
Trd, 4319858.793, 95
Trd, 4319860.793, 91
Trd, 4319863.293, 94
Trd, 4319863.793, 94
Trd, 4319864.093, 95
Trd, 4319865.393, 104
Trd, 4319867.093, 100
Trd, 4319867.793, 76
Trd, 4319870.793, 115
Trd, 4319870.843, 104
Trd, 4319871.043, 115
Trd, 4319874.143, 101
Trd, 4319875.193, 103
Trd, 4319875.243, 103
Trd, 4319877.343, 99
Trd, 4319877.743, 97
Trd, 4319879.093, 95
Trd, 4319880.393, 95
Trd, 4319881.143, 101
Trd, 4319881.843, 93
Trd, 4319881.993, 97
Trd, 4319882.343, 113
Trd, 4319883.593, 103
Trd, 4319884.843, 102
Trd, 4319886.693, 95
Trd, 4319890.693, 94
Trd, 4319891.193, 99
Trd, 4319894.093, 99
Trd, 4319894.393, 99
Trd, 4319895.393, 99
Trd, 4319898.993, 93
Trd, 4319900.743, 99
Trd, 4319903.143, 93
Trd, 4319903.293, 99
Trd, 4319904.093, 99
Trd, 4319904.593, 92
Trd, 4319905.893, 100
Trd, 4319907.843, 100
Trd, 4319909.193, 100
Trd, 4319909.343, 122
Trd, 4319910.193, 92
Trd, 4319913.143, 102
Trd, 4319913.993, 103
Trd, 4319915.593, 102
Trd, 4319916.993, 102
Trd, 4319917.843, 102
Trd, 4319918.943, 101
Trd, 4319919.993, 102
Trd, 4319921.493, 101
Trd, 4319921.993, 101
Trd, 4319922.443, 102
Trd, 4319925.193, 102
Trd, 4319926.043, 104
Trd, 4319926.743, 103
Trd, 4319927.543, 102
Trd, 4319927.943, 111
Trd, 4319929.093, 106
Trd, 4319930.893, 102
Trd, 4319932.693, 104
Trd, 4319933.043, 104
Trd, 4319935.343, 104
Trd, 4319936.393, 103
Trd, 4319938.393, 103
Trd, 4319940.043, 94
Trd, 4319944.443, 103
Trd, 4319944.593, 103
Trd, 4319944.743, 113
Trd, 4319945.393, 100
Trd, 4319947.993, 105
Trd, 4319948.493, 105
Trd, 4319948.793, 103
Trd, 4319952.293, 104
Trd, 4319952.343, 113
Trd, 4319954.593, 104
Trd, 4319957.693, 105
Trd, 4319959.693, 106
Trd, 4319960.393, 106
Trd, 4319961.693, 106
Trd, 4319961.843, 103
Trd, 4319963.693, 102
Trd, 4319965.043, 101
Trd, 4319966.943, 101
Trd, 4319966.993, 100
Trd, 4319967.543, 112
Trd, 4319968.843, 93
Trd, 4319972.293, 98
Trd, 4319972.343, 98
Trd, 4319974.193, 95
Trd, 4319974.493, 97
Trd, 4319976.193, 97
Trd, 4319976.993, 110
Trd, 4319978.893, 93
Trd, 4319979.943, 99
Trd, 4319980.843, 93
Trd, 4319981.593, 98
Trd, 4319984.393, 98
Trd, 4319986.293, 98
Trd, 4319986.993, 92
Trd, 4319988.443, 98
Trd, 4319989.143, 98
Trd, 4319990.293, 98
Trd, 4319992.543, 96
Trd, 4319994.893, 92
Trd, 4319996.343, 95
Trd, 4319997.593, 95
Trd, 4319997.693, 92
Trd, 4319998.343, 95
