Trd, 4317766.193, 98
Trd, 4317766.593, 98
Trd, 4317767.793, 97
Trd, 4317768.243, 96
Trd, 4317770.793, 96
Trd, 4317772.343, 97
Trd, 4317774.343, 95
Trd, 4317777.993, 96
Trd, 4317781.643, 96
Trd, 4317781.993, 95
Trd, 4317785.143, 95
Trd, 4317785.493, 94
Trd, 4317786.943, 95
Trd, 4317787.393, 95
Trd, 4317789.543, 95
Trd, 4317791.193, 95
Trd, 4317794.943, 93
Trd, 4317797.243, 94
Trd, 4317797.643, 93
Trd, 4317801.943, 92
Trd, 4317802.143, 93
Trd, 4317803.643, 93
Trd, 4317804.293, 94
Trd, 4317806.043, 92
Trd, 4317806.393, 94
Trd, 4317808.493, 94
Trd, 4317808.743, 104
Trd, 4317811.093, 97
Trd, 4317812.993, 103
Trd, 4317814.093, 99
Trd, 4317814.193, 100
Trd, 4317819.543, 98
Trd, 4317823.093, 99
Trd, 4317825.043, 98
Trd, 4317825.993, 98
Trd, 4317828.643, 97
Trd, 4317835.993, 95
Trd, 4317837.193, 95
Trd, 4317838.043, 95
Trd, 4317838.693, 104
Trd, 4317842.393, 97
Trd, 4317845.643, 97
Trd, 4317845.743, 97
Trd, 4317849.293, 97
Trd, 4317852.343, 95
Trd, 4317853.993, 94
Trd, 4317856.843, 95
Trd, 4317858.543, 94
Trd, 4317860.143, 93
Trd, 4317861.543, 94
Trd, 4317862.243, 93
Trd, 4317862.793, 92
Trd, 4317862.943, 93
Trd, 4317863.893, 105
Trd, 4317870.643, 95
Trd, 4317870.693, 95
Trd, 4317875.293, 93
Trd, 4317878.593, 92
Trd, 4317878.643, 91
Trd, 4317879.393, 91
Trd, 4317881.043, 90
Trd, 4317882.243, 89
Trd, 4317884.093, 90
Trd, 4317885.743, 88
Trd, 4317885.943, 90
Trd, 4317888.593, 90
Trd, 4317894.193, 87
Trd, 4317894.343, 86
Trd, 4317895.143, 86
Trd, 4317895.543, 85
Trd, 4317896.893, 105
Trd, 4317898.243, 91
Trd, 4317898.693, 91
Trd, 4317899.043, 92
Trd, 4317899.793, 104
Trd, 4317902.343, 101
Trd, 4317904.143, 104
Trd, 4317904.943, 102
Trd, 4317906.243, 102
Trd, 4317906.593, 100
Trd, 4317907.793, 100
Trd, 4317909.243, 98
Trd, 4317910.843, 105
Trd, 4317913.743, 98
Trd, 4317913.943, 97
Trd, 4317919.143, 97
Trd, 4317919.793, 96
Trd, 4317922.693, 96
Trd, 4317925.793, 96
Trd, 4317927.043, 104
Trd, 4317928.893, 98
Trd, 4317931.793, 95
Trd, 4317932.343, 95
Trd, 4317932.543, 94
Trd, 4317933.393, 94
Trd, 4317936.393, 94
Trd, 4317938.943, 93
Trd, 4317940.643, 92
Trd, 4317941.443, 93
Trd, 4317942.443, 92
Trd, 4317943.743, 92
Trd, 4317944.143, 91
Trd, 4317945.943, 91
Trd, 4317948.893, 86
Trd, 4317949.643, 86
Trd, 4317950.693, 86
Trd, 4317951.493, 84
Trd, 4317954.543, 104
Trd, 4317954.743, 112
Trd, 4317955.893, 114
Trd, 4317957.343, 111
Trd, 4317961.043, 105
Trd, 4317964.443, 103
Trd, 4317964.893, 102
Trd, 4317965.043, 104
Trd, 4317966.393, 102
Trd, 4317970.143, 99
Trd, 4317970.943, 99
Trd, 4317971.293, 101
Trd, 4317976.793, 100
Trd, 4317977.793, 98
Trd, 4317979.393, 98
Trd, 4317981.093, 97
Trd, 4317982.693, 97
Trd, 4317985.143, 95
Trd, 4317988.293, 96
Trd, 4317992.743, 94
Trd, 4317993.443, 94
Trd, 4317993.893, 95
Trd, 4317996.043, 95
Trd, 4317997.193, 103
Trd, 4318003.243, 95
Trd, 4318003.443, 96
Trd, 4318006.543, 95
Trd, 4318007.993, 94
Trd, 4318010.593, 95
Trd, 4318015.493, 95
Trd, 4318016.143, 93
Trd, 4318018.043, 93
Trd, 4318019.093, 93
Trd, 4318020.843, 93
Trd, 4318023.693, 93
Trd, 4318024.493, 92
Trd, 4318028.243, 93
Trd, 4318029.143, 91
Trd, 4318030.043, 91
Trd, 4318031.943, 89
Trd, 4318033.543, 90
Trd, 4318034.043, 89
Trd, 4318035.493, 92
Trd, 4318036.943, 92
Trd, 4318037.593, 89
Trd, 4318038.493, 104
Trd, 4318042.493, 90
Trd, 4318043.593, 88
Trd, 4318043.993, 88
Trd, 4318044.343, 88
Trd, 4318044.943, 87
Trd, 4318046.593, 87
Trd, 4318047.893, 111
Trd, 4318049.143, 112
Trd, 4318050.343, 111
Trd, 4318053.143, 104
Trd, 4318055.743, 109
Trd, 4318059.393, 104
Trd, 4318060.193, 104
Trd, 4318062.293, 103
Trd, 4318062.793, 102
Trd, 4318068.893, 101
Trd, 4318069.643, 100
Trd, 4318069.943, 101
Trd, 4318073.293, 101
Trd, 4318076.993, 100
Trd, 4318077.793, 99
Trd, 4318078.243, 98
Trd, 4318078.843, 97
Trd, 4318082.593, 98
Trd, 4318083.743, 97
Trd, 4318086.293, 97
Trd, 4318087.143, 97
Trd, 4318088.243, 96
Trd, 4318088.343, 97
Trd, 4318090.843, 104
Trd, 4318091.143, 112
Trd, 4318091.393, 113
Trd, 4318093.893, 105
Trd, 4318097.793, 107
Trd, 4318099.393, 106
Trd, 4318102.943, 104
Trd, 4318103.093, 103
Trd, 4318105.243, 95
Trd, 4318105.293, 94
Trd, 4318106.093, 104
Trd, 4318108.393, 92
Trd, 4318110.393, 91
Trd, 4318111.543, 90
Trd, 4318111.793, 91
Trd, 4318113.643, 87
Trd, 4318114.643, 87
Trd, 4318116.943, 85
Trd, 4318117.043, 87
Trd, 4318118.043, 85
Trd, 4318121.243, 85
Trd, 4318122.643, 85
Trd, 4318123.643, 85
Trd, 4318126.443, 91
Trd, 4318127.493, 94
Trd, 4318128.593, 94
Trd, 4318131.593, 90
Trd, 4318132.593, 91
Trd, 4318133.843, 91
Trd, 4318133.993, 105
Trd, 4318135.743, 92
Trd, 4318137.693, 92
Trd, 4318138.443, 91
Trd, 4318139.843, 91
Trd, 4318141.793, 91
Trd, 4318143.093, 90
Trd, 4318146.693, 90
Trd, 4318146.943, 92
Trd, 4318148.993, 89
Trd, 4318152.893, 90
Trd, 4318154.093, 90
Trd, 4318155.393, 88
Trd, 4318156.793, 90
Trd, 4318160.093, 88
Trd, 4318164.493, 88
Trd, 4318164.593, 87
Trd, 4318165.593, 87
Trd, 4318166.093, 87
Trd, 4318169.543, 87
Trd, 4318169.943, 87
Trd, 4318171.443, 86
Trd, 4318171.943, 86
Trd, 4318173.893, 86
Trd, 4318174.193, 85
Trd, 4318174.693, 85
Trd, 4318175.243, 104
Trd, 4318179.793, 86
Trd, 4318180.593, 86
Trd, 4318186.843, 86
Trd, 4318190.993, 86
Trd, 4318191.993, 86
Trd, 4318192.343, 86
Trd, 4318193.493, 86
Trd, 4318195.343, 86
Trd, 4318198.593, 87
Trd, 4318201.893, 86
Trd, 4318203.043, 86
Trd, 4318205.043, 86
Trd, 4318206.093, 86
Trd, 4318207.943, 86
Trd, 4318208.543, 86
Trd, 4318212.043, 86
Trd, 4318213.393, 86
Trd, 4318218.493, 86
Trd, 4318218.643, 86
Trd, 4318223.743, 86
Trd, 4318225.993, 86
Trd, 4318227.093, 86
Trd, 4318230.793, 85
Trd, 4318231.143, 86
Trd, 4318231.593, 86
Trd, 4318233.143, 86
Trd, 4318235.443, 86
Trd, 4318237.043, 86
Trd, 4318237.443, 86
Trd, 4318242.193, 86
Trd, 4318248.193, 86
Trd, 4318248.893, 86
Trd, 4318249.093, 86
Trd, 4318254.893, 86
Trd, 4318257.893, 86
Trd, 4318259.943, 86
Trd, 4318262.793, 86
Trd, 4318265.193, 85
Trd, 4318268.193, 85
Trd, 4318268.893, 85
Trd, 4318270.443, 88
Trd, 4318270.693, 87
Trd, 4318273.493, 86
Trd, 4318274.043, 87
Trd, 4318274.643, 86
Trd, 4318278.543, 97
Trd, 4318279.393, 96
Trd, 4318280.043, 102
Trd, 4318282.543, 94
Trd, 4318283.193, 104
Trd, 4318284.943, 95
Trd, 4318286.293, 96
Trd, 4318288.893, 97
Trd, 4318289.043, 96
Trd, 4318291.393, 94
Trd, 4318291.643, 94
Trd, 4318293.993, 91
Trd, 4318295.243, 92
Trd, 4318295.643, 104
Trd, 4318298.093, 91
Trd, 4318299.143, 92
Trd, 4318300.593, 92
Trd, 4318304.043, 91
Trd, 4318308.143, 91
Trd, 4318309.393, 90
Trd, 4318311.293, 90
Trd, 4318311.543, 91
Trd, 4318314.043, 91
Trd, 4318315.543, 90
Trd, 4318316.693, 90
Trd, 4318317.093, 91
Trd, 4318317.443, 104
Trd, 4318319.093, 95
Trd, 4318321.093, 94
Trd, 4318325.343, 93
Trd, 4318330.093, 89
Trd, 4318330.943, 89
Trd, 4318331.343, 89
Trd, 4318332.193, 89
Trd, 4318332.393, 88
Trd, 4318334.793, 89
Trd, 4318335.393, 89
Trd, 4318337.143, 87
Trd, 4318340.593, 86
Trd, 4318341.193, 88
Trd, 4318342.893, 87
Trd, 4318345.093, 87
Trd, 4318345.693, 91
Trd, 4318346.793, 91
Trd, 4318347.293, 103
Trd, 4318348.743, 97
Trd, 4318351.393, 100
Trd, 4318352.293, 97
Trd, 4318352.693, 98
Trd, 4318356.993, 98
Trd, 4318357.593, 97
Trd, 4318358.543, 98
Trd, 4318362.943, 96
Trd, 4318364.693, 96
Trd, 4318365.243, 95
Trd, 4318368.843, 94
Trd, 4318369.193, 95
Trd, 4318373.043, 93
Trd, 4318375.393, 94
Trd, 4318376.043, 94
Trd, 4318378.693, 93
Trd, 4318379.643, 94
Trd, 4318382.393, 92
Trd, 4318382.493, 93
Trd, 4318388.193, 91
Trd, 4318389.993, 93
Trd, 4318391.643, 93
Trd, 4318394.843, 92
Trd, 4318395.343, 92
Trd, 4318397.093, 92
Trd, 4318397.593, 91
Trd, 4318400.593, 91
Trd, 4318401.943, 88
Trd, 4318403.543, 89
Trd, 4318404.393, 88
Trd, 4318406.993, 88
Trd, 4318408.193, 88
Trd, 4318411.193, 87
Trd, 4318412.743, 88
Trd, 4318413.893, 88
Trd, 4318419.243, 87
Trd, 4318419.743, 88
Trd, 4318420.293, 89
Trd, 4318424.793, 87
Trd, 4318425.393, 86
Trd, 4318427.043, 87
Trd, 4318427.143, 89
Trd, 4318431.343, 90
Trd, 4318432.343, 101
Trd, 4318432.593, 98
Trd, 4318434.793, 101
Trd, 4318435.393, 98
Trd, 4318436.393, 98
Trd, 4318440.193, 97
Trd, 4318443.893, 97
Trd, 4318444.793, 97
Trd, 4318447.893, 96
Trd, 4318448.893, 95
Trd, 4318450.293, 104
Trd, 4318451.743, 99
Trd, 4318456.743, 95
Trd, 4318461.443, 94
Trd, 4318464.093, 94
Trd, 4318464.793, 95
Trd, 4318467.493, 94
Trd, 4318469.343, 95
Trd, 4318472.643, 95
Trd, 4318472.693, 94
Trd, 4318477.093, 93
Trd, 4318477.643, 93
Trd, 4318480.243, 92
Trd, 4318481.143, 93
Trd, 4318482.343, 94
Trd, 4318484.393, 95
Trd, 4318489.043, 111
Trd, 4318490.693, 100
Trd, 4318492.543, 100
Trd, 4318494.393, 99
Trd, 4318495.443, 98
Trd, 4318497.793, 97
Trd, 4318506.843, 96
Trd, 4318508.393, 97
Trd, 4318510.243, 97
Trd, 4318511.493, 96
Trd, 4318512.593, 95
Trd, 4318514.993, 95
Trd, 4318518.143, 95
Trd, 4318522.193, 95
Trd, 4318522.543, 94
Trd, 4318527.643, 93
Trd, 4318528.293, 93
Trd, 4318528.743, 92
Trd, 4318530.343, 92
Trd, 4318531.993, 95
Trd, 4318532.293, 94
Trd, 4318534.343, 92
Trd, 4318534.693, 89
Trd, 4318536.693, 86
Trd, 4318537.543, 92
Trd, 4318538.393, 87
Trd, 4318539.943, 86
Trd, 4318540.243, 86
Trd, 4318541.943, 98
Trd, 4318542.743, 92
Trd, 4318544.343, 104
Trd, 4318547.843, 94
Trd, 4318548.843, 93
Trd, 4318550.493, 95
Trd, 4318552.343, 102
Trd, 4318552.793, 98
Trd, 4318555.243, 98
Trd, 4318557.043, 97
Trd, 4318561.143, 98
Trd, 4318563.593, 94
Trd, 4318563.943, 97
Trd, 4318566.043, 94
Trd, 4318566.493, 94
Trd, 4318567.793, 94
Trd, 4318569.143, 92
Trd, 4318570.893, 91
Trd, 4318571.593, 91
Trd, 4318577.093, 91
Trd, 4318578.193, 90
Trd, 4318580.693, 92
Trd, 4318581.343, 90
Trd, 4318584.943, 91
Trd, 4318585.143, 90
Trd, 4318586.193, 89
Trd, 4318587.193, 91
Trd, 4318592.243, 89
Trd, 4318592.693, 90
Trd, 4318599.093, 89
Trd, 4318599.243, 88
Trd, 4318600.093, 87
Trd, 4318602.693, 88
Trd, 4318604.493, 88
Trd, 4318606.843, 86
Trd, 4318607.243, 86
Trd, 4318611.393, 86
Trd, 4318615.593, 86
Trd, 4318616.643, 86
Trd, 4318617.643, 85
Trd, 4318618.493, 86
Trd, 4318619.293, 86
Trd, 4318623.393, 86
Trd, 4318623.693, 86
Trd, 4318623.893, 87
Trd, 4318627.243, 86
Trd, 4318628.743, 98
Trd, 4318629.143, 90
Trd, 4318629.193, 91
Trd, 4318632.093, 104
Trd, 4318638.193, 92
Trd, 4318639.193, 90
Trd, 4318639.443, 90
Trd, 4318640.293, 89
Trd, 4318642.943, 91
Trd, 4318643.543, 97
Trd, 4318644.693, 103
Trd, 4318648.693, 93
Trd, 4318650.093, 92
Trd, 4318653.493, 93
Trd, 4318656.493, 92
Trd, 4318657.043, 93
Trd, 4318658.093, 93
Trd, 4318661.293, 94
Trd, 4318663.643, 93
Trd, 4318664.243, 92
Trd, 4318665.243, 92
Trd, 4318665.693, 91
Trd, 4318666.143, 104
Trd, 4318668.693, 95
Trd, 4318670.243, 95
Trd, 4318672.843, 91
Trd, 4318673.293, 90
Trd, 4318674.493, 89
Trd, 4318677.193, 86
Trd, 4318677.993, 86
Trd, 4318679.893, 86
Trd, 4318680.093, 86
Trd, 4318681.943, 86
Trd, 4318683.743, 85
Trd, 4318684.643, 86
Trd, 4318685.393, 89
Trd, 4318686.293, 104
Trd, 4318686.993, 89
Trd, 4318687.143, 92
Trd, 4318689.793, 93
Trd, 4318690.543, 102
Trd, 4318691.493, 97
Trd, 4318693.743, 102
Trd, 4318695.543, 97
Trd, 4318698.943, 96
Trd, 4318702.893, 97
Trd, 4318708.543, 95
Trd, 4318708.893, 95
Trd, 4318709.393, 95
Trd, 4318711.943, 95
Trd, 4318713.243, 96
Trd, 4318716.243, 93
Trd, 4318716.943, 89
Trd, 4318717.343, 93
Trd, 4318720.243, 94
Trd, 4318720.943, 94
Trd, 4318722.993, 92
Trd, 4318723.243, 92
Trd, 4318725.293, 92
Trd, 4318725.943, 99
Trd, 4318726.743, 94
Trd, 4318727.843, 96
Trd, 4318729.893, 95
Trd, 4318731.993, 103
Trd, 4318733.743, 98
Trd, 4318734.343, 97
Trd, 4318734.643, 104
Trd, 4318737.393, 101
Trd, 4318738.693, 100
Trd, 4318740.893, 99
Trd, 4318741.643, 100
Trd, 4318743.193, 98
Trd, 4318743.443, 99
Trd, 4318746.843, 99
Trd, 4318747.243, 99
Trd, 4318749.343, 97
Trd, 4318750.093, 90
Trd, 4318750.543, 87
Trd, 4318751.243, 87
Trd, 4318752.143, 104
Trd, 4318753.493, 89
Trd, 4318756.743, 90
Trd, 4318757.193, 91
Trd, 4318759.293, 88
Trd, 4318760.043, 89
Trd, 4318762.293, 89
Trd, 4318764.993, 87
Trd, 4318765.493, 87
Trd, 4318766.293, 87
Trd, 4318767.193, 87
Trd, 4318768.143, 87
Trd, 4318771.293, 86
Trd, 4318774.343, 87
Trd, 4318776.093, 87
Trd, 4318777.993, 86
Trd, 4318780.893, 85
Trd, 4318780.943, 88
Trd, 4318782.443, 86
Trd, 4318783.443, 85
Trd, 4318784.343, 85
Trd, 4318786.693, 104
Trd, 4318789.043, 95
Trd, 4318789.693, 94
Trd, 4318791.043, 92
Trd, 4318791.193, 93
Trd, 4318794.143, 89
Trd, 4318795.193, 88
Trd, 4318795.893, 88
Trd, 4318795.993, 87
Trd, 4318796.793, 104
Trd, 4318799.843, 90
Trd, 4318799.993, 93
Trd, 4318802.743, 86
Trd, 4318805.343, 89
Trd, 4318809.793, 89
Trd, 4318812.743, 87
Trd, 4318812.943, 86
Trd, 4318813.043, 87
Trd, 4318815.693, 86
Trd, 4318818.093, 86
Trd, 4318820.893, 87
Trd, 4318823.243, 87
Trd, 4318824.093, 87
Trd, 4318824.393, 88
Trd, 4318825.893, 88
Trd, 4318828.593, 100
Trd, 4318830.443, 108
Trd, 4318831.793, 106
Trd, 4318833.143, 102
Trd, 4318834.093, 90
Trd, 4318835.843, 77
Trd, 4318835.893, 80
Trd, 4318837.493, 86
Trd, 4318838.793, 81
Trd, 4318839.193, 99
Trd, 4318839.993, 88
Trd, 4318843.243, 115
Trd, 4318847.193, 98
Trd, 4318847.243, 105
Trd, 4318848.293, 97
Trd, 4318849.443, 102
Trd, 4318850.493, 100
Trd, 4318856.993, 98
Trd, 4318858.093, 98
Trd, 4318859.093, 99
Trd, 4318861.293, 98
Trd, 4318863.293, 96
Trd, 4318866.043, 96
Trd, 4318866.843, 96
Trd, 4318867.993, 95
Trd, 4318869.393, 94
Trd, 4318870.543, 96
Trd, 4318872.143, 94
Trd, 4318872.343, 94
Trd, 4318874.993, 94
Trd, 4318875.643, 94
Trd, 4318877.193, 104
Trd, 4318880.843, 96
Trd, 4318883.493, 96
Trd, 4318884.493, 96
Trd, 4318887.143, 96
Trd, 4318889.943, 94
Trd, 4318893.193, 94
Trd, 4318893.893, 93
Trd, 4318895.493, 94
Trd, 4318895.543, 94
Trd, 4318896.993, 94
Trd, 4318899.743, 94
Trd, 4318902.443, 92
Trd, 4318902.543, 92
Trd, 4318904.643, 91
Trd, 4318904.793, 93
Trd, 4318904.893, 94
Trd, 4318909.443, 92
Trd, 4318913.243, 92
Trd, 4318916.893, 90
Trd, 4318920.293, 91
Trd, 4318921.643, 91
Trd, 4318925.593, 89
Trd, 4318928.943, 90
Trd, 4318929.843, 90
Trd, 4318931.093, 90
Trd, 4318931.693, 89
Trd, 4318936.893, 90
Trd, 4318941.193, 88
Trd, 4318941.893, 87
Trd, 4318942.143, 87
Trd, 4318942.593, 87
Trd, 4318946.093, 87
Trd, 4318948.743, 96
Trd, 4318948.843, 103
Trd, 4318950.043, 98
Trd, 4318952.743, 98
Trd, 4318953.593, 97
Trd, 4318954.093, 102
Trd, 4318958.993, 96
Trd, 4318959.343, 97
Trd, 4318959.443, 98
Trd, 4318962.643, 98
Trd, 4318962.993, 98
Trd, 4318966.093, 95
Trd, 4318967.943, 95
Trd, 4318968.243, 96
Trd, 4318971.043, 96
Trd, 4318973.043, 95
Trd, 4318975.993, 96
Trd, 4318977.693, 96
Trd, 4318977.743, 96
Trd, 4318981.393, 96
Trd, 4318982.493, 94
Trd, 4318985.793, 95
Trd, 4318987.493, 94
Trd, 4318988.343, 93
Trd, 4318989.393, 95
Trd, 4318990.143, 94
Trd, 4318992.593, 93
Trd, 4318995.743, 92
Trd, 4318999.393, 93
Trd, 4319000.893, 91
Trd, 4319002.443, 92
Trd, 4319006.243, 90
Trd, 4319006.893, 91
Trd, 4319007.793, 90
Trd, 4319008.693, 92
Trd, 4319010.093, 91
Trd, 4319011.043, 90
Trd, 4319011.893, 92
Trd, 4319014.543, 91
Trd, 4319017.443, 91
Trd, 4319017.843, 91
Trd, 4319022.243, 90
Trd, 4319023.793, 90
Trd, 4319025.643, 91
Trd, 4319027.143, 89
Trd, 4319028.993, 90
Trd, 4319029.643, 91
Trd, 4319033.343, 91
Trd, 4319036.893, 89
Trd, 4319038.143, 88
Trd, 4319038.543, 88
Trd, 4319040.493, 89
Trd, 4319040.643, 89
Trd, 4319046.043, 88
Trd, 4319046.593, 87
Trd, 4319048.743, 87
Trd, 4319049.443, 113
Trd, 4319049.493, 97
Trd, 4319050.993, 99
Trd, 4319054.093, 100
Trd, 4319055.093, 98
Trd, 4319057.743, 97
Trd, 4319057.943, 98
Trd, 4319058.143, 100
Trd, 4319061.093, 105
Trd, 4319061.393, 110
Trd, 4319062.193, 111
Trd, 4319065.143, 106
Trd, 4319067.043, 106
Trd, 4319068.193, 106
Trd, 4319068.893, 105
Trd, 4319069.843, 106
Trd, 4319074.093, 103
Trd, 4319074.643, 103
Trd, 4319076.193, 103
Trd, 4319077.743, 102
Trd, 4319079.543, 101
Trd, 4319080.893, 100
Trd, 4319082.243, 100
Trd, 4319082.743, 101
Trd, 4319084.293, 101
Trd, 4319087.943, 98
Trd, 4319088.243, 98
Trd, 4319089.543, 97
Trd, 4319092.443, 96
Trd, 4319096.593, 96
Trd, 4319097.293, 96
Trd, 4319097.343, 95
Trd, 4319098.093, 103
Trd, 4319099.343, 99
Trd, 4319102.143, 98
Trd, 4319106.193, 97
Trd, 4319106.243, 98
Trd, 4319107.943, 98
Trd, 4319113.643, 96
Trd, 4319114.943, 95
Trd, 4319115.193, 94
Trd, 4319119.693, 94
Trd, 4319121.093, 93
Trd, 4319123.243, 93
Trd, 4319124.293, 92
Trd, 4319125.193, 91
Trd, 4319125.943, 91
Trd, 4319127.543, 91
Trd, 4319129.293, 91
Trd, 4319130.293, 91
Trd, 4319133.893, 90
Trd, 4319136.643, 89
Trd, 4319138.693, 89
Trd, 4319138.893, 90
Trd, 4319139.993, 90
Trd, 4319142.543, 88
Trd, 4319143.393, 88
Trd, 4319144.293, 88
Trd, 4319145.243, 88
Trd, 4319146.943, 87
Trd, 4319147.993, 87
Trd, 4319148.293, 86
Trd, 4319149.143, 102
Trd, 4319150.943, 104
Trd, 4319152.843, 94
Trd, 4319153.593, 96
Trd, 4319155.393, 95
Trd, 4319158.243, 98
Trd, 4319159.343, 96
Trd, 4319162.643, 96
Trd, 4319163.743, 96
Trd, 4319167.943, 95
Trd, 4319168.343, 95
Trd, 4319171.943, 94
Trd, 4319173.743, 95
Trd, 4319174.943, 95
Trd, 4319176.893, 104
Trd, 4319180.393, 94
Trd, 4319182.543, 94
Trd, 4319182.893, 93
Trd, 4319183.743, 94
Trd, 4319186.093, 93
Trd, 4319187.793, 91
Trd, 4319188.793, 91
Trd, 4319190.643, 104
Trd, 4319190.993, 98
Trd, 4319192.393, 99
Trd, 4319193.943, 103
Trd, 4319196.793, 100
Trd, 4319198.543, 98
Trd, 4319200.993, 99
Trd, 4319207.193, 98
Trd, 4319207.393, 97
Trd, 4319208.593, 96
Trd, 4319212.693, 96
Trd, 4319213.593, 95
Trd, 4319215.943, 96
Trd, 4319220.143, 95
Trd, 4319223.043, 96
Trd, 4319223.093, 95
Trd, 4319225.593, 95
Trd, 4319227.393, 94
Trd, 4319227.793, 95
Trd, 4319232.993, 93
Trd, 4319233.093, 93
Trd, 4319235.193, 92
Trd, 4319236.843, 92
Trd, 4319238.293, 89
Trd, 4319239.043, 88
Trd, 4319241.393, 89
Trd, 4319243.043, 87
Trd, 4319247.893, 87
Trd, 4319248.193, 86
Trd, 4319248.293, 88
Trd, 4319251.393, 87
Trd, 4319254.543, 86
Trd, 4319258.143, 86
Trd, 4319258.543, 85
Trd, 4319258.693, 85
Trd, 4319262.793, 85
Trd, 4319262.843, 86
Trd, 4319263.243, 86
Trd, 4319267.443, 86
Trd, 4319269.293, 86
Trd, 4319272.043, 86
Trd, 4319274.643, 86
Trd, 4319280.493, 86
Trd, 4319282.193, 86
Trd, 4319284.593, 86
Trd, 4319289.193, 86
Trd, 4319289.893, 86
Trd, 4319295.893, 86
Trd, 4319299.893, 86
Trd, 4319300.743, 85
Trd, 4319301.493, 86
Trd, 4319303.893, 85
Trd, 4319305.443, 85
Trd, 4319309.993, 85
Trd, 4319310.243, 84
Trd, 4319311.343, 86
Trd, 4319312.393, 113
Trd, 4319313.793, 111
Trd, 4319313.843, 116
Trd, 4319316.243, 98
Trd, 4319317.243, 96
Trd, 4319317.943, 96
Trd, 4319323.043, 96
Trd, 4319323.393, 95
Trd, 4319324.943, 99
Trd, 4319327.243, 96
Trd, 4319327.343, 96
Trd, 4319330.793, 96
Trd, 4319332.343, 95
Trd, 4319332.543, 96
Trd, 4319333.993, 93
Trd, 4319335.743, 92
Trd, 4319336.493, 92
Trd, 4319336.943, 93
Trd, 4319340.493, 92
Trd, 4319341.143, 92
Trd, 4319342.293, 92
Trd, 4319343.243, 91
Trd, 4319343.693, 90
Trd, 4319344.243, 92
Trd, 4319344.743, 106
Trd, 4319352.093, 93
Trd, 4319353.293, 93
Trd, 4319355.643, 92
Trd, 4319359.793, 90
Trd, 4319360.293, 91
Trd, 4319361.393, 91
Trd, 4319362.193, 106
Trd, 4319362.893, 96
Trd, 4319364.043, 96
Trd, 4319366.243, 96
Trd, 4319367.393, 95
Trd, 4319369.393, 95
Trd, 4319370.543, 96
Trd, 4319375.043, 95
Trd, 4319375.693, 95
Trd, 4319377.243, 94
Trd, 4319378.443, 95
Trd, 4319382.993, 94
Trd, 4319384.543, 94
Trd, 4319386.043, 93
Trd, 4319388.393, 105
Trd, 4319390.543, 98
Trd, 4319394.843, 95
Trd, 4319395.493, 95
Trd, 4319396.793, 95
Trd, 4319397.493, 94
Trd, 4319397.943, 95
Trd, 4319401.343, 95
Trd, 4319403.843, 94
Trd, 4319404.143, 93
Trd, 4319406.643, 92
Trd, 4319407.693, 93
Trd, 4319409.743, 92
Trd, 4319411.643, 93
Trd, 4319412.693, 92
Trd, 4319413.493, 104
Trd, 4319418.343, 94
Trd, 4319419.393, 94
Trd, 4319421.593, 93
Trd, 4319421.743, 94
Trd, 4319422.293, 94
Trd, 4319426.993, 93
Trd, 4319427.243, 93
Trd, 4319428.743, 93
Trd, 4319429.093, 93
Trd, 4319430.543, 104
Trd, 4319431.093, 102
Trd, 4319433.743, 99
Trd, 4319436.793, 100
Trd, 4319438.193, 104
Trd, 4319440.293, 101
Trd, 4319444.243, 100
Trd, 4319446.693, 99
Trd, 4319446.793, 100
Trd, 4319449.143, 100
Trd, 4319451.243, 100
Trd, 4319452.443, 98
Trd, 4319457.493, 100
Trd, 4319458.543, 99
Trd, 4319462.443, 98
Trd, 4319462.493, 97
Trd, 4319465.843, 96
Trd, 4319466.793, 96
Trd, 4319467.693, 97
Trd, 4319469.693, 96
Trd, 4319470.093, 95
Trd, 4319472.193, 94
Trd, 4319473.093, 96
Trd, 4319475.943, 94
Trd, 4319478.293, 93
Trd, 4319481.293, 96
Trd, 4319481.943, 104
Trd, 4319484.043, 94
Trd, 4319487.993, 94
Trd, 4319489.293, 92
Trd, 4319490.293, 93
Trd, 4319491.093, 92
Trd, 4319491.593, 93
Trd, 4319494.143, 91
Trd, 4319494.593, 91
Trd, 4319496.493, 103
Trd, 4319496.693, 94
Trd, 4319500.093, 95
Trd, 4319501.493, 95
Trd, 4319504.343, 96
Trd, 4319507.193, 96
Trd, 4319507.843, 102
Trd, 4319508.393, 101
Trd, 4319509.093, 103
Trd, 4319511.243, 100
Trd, 4319512.443, 104
Trd, 4319515.543, 95
Trd, 4319516.293, 95
Trd, 4319517.393, 94
Trd, 4319518.493, 95
Trd, 4319520.943, 93
Trd, 4319523.093, 92
Trd, 4319524.943, 92
Trd, 4319525.693, 92
Trd, 4319526.993, 103
Trd, 4319528.243, 98
Trd, 4319531.893, 105
Trd, 4319534.443, 99
Trd, 4319534.693, 99
Trd, 4319536.593, 99
Trd, 4319539.643, 98
Trd, 4319545.543, 97
Trd, 4319546.893, 98
Trd, 4319550.643, 97
Trd, 4319556.293, 96
Trd, 4319557.043, 96
Trd, 4319558.193, 101
Trd, 4319561.293, 98
Trd, 4319563.743, 97
Trd, 4319564.843, 96
Trd, 4319566.593, 94
Trd, 4319568.493, 93
Trd, 4319569.093, 93
Trd, 4319569.343, 104
Trd, 4319571.593, 98
Trd, 4319572.343, 97
Trd, 4319574.093, 96
Trd, 4319574.643, 96
Trd, 4319577.593, 92
Trd, 4319579.543, 82
Trd, 4319579.893, 83
Trd, 4319581.843, 87
Trd, 4319582.993, 88
Trd, 4319583.193, 87
Trd, 4319584.693, 90
Trd, 4319585.893, 99
Trd, 4319586.943, 94
Trd, 4319587.843, 92
Trd, 4319589.093, 118
Trd, 4319591.193, 102
Trd, 4319592.243, 100
Trd, 4319592.593, 104
Trd, 4319594.943, 98
Trd, 4319596.993, 97
Trd, 4319601.343, 96
Trd, 4319601.393, 97
Trd, 4319604.493, 95
Trd, 4319606.293, 96
Trd, 4319607.943, 96
Trd, 4319609.043, 95
Trd, 4319609.493, 96
Trd, 4319616.943, 96
Trd, 4319617.193, 95
Trd, 4319620.743, 96
Trd, 4319622.443, 96
Trd, 4319626.493, 94
Trd, 4319627.643, 94
Trd, 4319628.693, 95
Trd, 4319628.843, 94
Trd, 4319629.443, 94
Trd, 4319632.043, 100
Trd, 4319633.143, 97
Trd, 4319633.943, 97
Trd, 4319636.893, 103
Trd, 4319638.243, 98
Trd, 4319640.393, 98
Trd, 4319642.093, 99
Trd, 4319643.793, 97
Trd, 4319648.193, 97
Trd, 4319650.093, 97
Trd, 4319650.643, 96
Trd, 4319656.293, 96
Trd, 4319657.943, 94
Trd, 4319658.393, 95
Trd, 4319665.043, 93
Trd, 4319665.093, 93
Trd, 4319665.693, 93
Trd, 4319666.293, 95
Trd, 4319667.343, 104
Trd, 4319669.493, 97
Trd, 4319669.743, 97
Trd, 4319680.093, 92
Trd, 4319680.293, 92
Trd, 4319681.693, 92
Trd, 4319681.893, 94
Trd, 4319683.643, 93
Trd, 4319688.393, 91
Trd, 4319690.293, 91
Trd, 4319690.393, 90
Trd, 4319690.843, 90
Trd, 4319691.793, 88
Trd, 4319692.443, 88
Trd, 4319693.243, 105
Trd, 4319695.143, 93
Trd, 4319698.493, 93
Trd, 4319699.043, 92
Trd, 4319702.093, 92
Trd, 4319705.443, 92
Trd, 4319706.393, 91
Trd, 4319713.043, 92
Trd, 4319715.643, 91
Trd, 4319717.143, 91
Trd, 4319717.343, 90
Trd, 4319718.293, 91
Trd, 4319718.593, 91
Trd, 4319723.843, 89
Trd, 4319723.943, 88
Trd, 4319725.193, 90
Trd, 4319728.043, 111
Trd, 4319729.193, 103
Trd, 4319730.843, 107
Trd, 4319731.343, 102
Trd, 4319733.293, 103
Trd, 4319734.993, 101
Trd, 4319735.693, 103
Trd, 4319739.093, 100
Trd, 4319739.143, 101
Trd, 4319744.193, 99
Trd, 4319745.543, 98
Trd, 4319749.193, 98
Trd, 4319749.843, 98
Trd, 4319751.793, 96
Trd, 4319752.843, 95
Trd, 4319754.593, 94
Trd, 4319754.743, 96
Trd, 4319755.293, 103
Trd, 4319755.943, 104
Trd, 4319757.693, 100
Trd, 4319758.643, 102
Trd, 4319767.893, 97
Trd, 4319771.043, 95
Trd, 4319772.643, 95
Trd, 4319772.693, 94
Trd, 4319775.243, 94
Trd, 4319775.743, 95
Trd, 4319777.143, 93
Trd, 4319778.993, 95
Trd, 4319780.243, 94
Trd, 4319782.543, 93
Trd, 4319784.243, 94
Trd, 4319784.743, 94
Trd, 4319786.043, 95
Trd, 4319787.943, 94
Trd, 4319791.543, 94
Trd, 4319797.693, 94
Trd, 4319798.443, 92
Trd, 4319799.193, 93
Trd, 4319802.293, 93
Trd, 4319803.743, 93
Trd, 4319805.243, 91
Trd, 4319806.293, 90
Trd, 4319806.893, 89
Trd, 4319810.293, 88
Trd, 4319810.643, 89
Trd, 4319811.393, 89
Trd, 4319812.543, 103
Trd, 4319813.193, 93
Trd, 4319813.943, 94
Trd, 4319816.143, 103
Trd, 4319818.393, 99
Trd, 4319818.743, 99
Trd, 4319820.743, 98
Trd, 4319822.143, 104
Trd, 4319825.593, 101
Trd, 4319827.793, 99
Trd, 4319829.393, 96
Trd, 4319829.993, 96
Trd, 4319830.743, 95
Trd, 4319831.993, 104
Trd, 4319834.393, 97
Trd, 4319838.843, 94
Trd, 4319838.993, 94
Trd, 4319839.193, 94
Trd, 4319840.943, 94
Trd, 4319841.593, 95
Trd, 4319845.393, 97
Trd, 4319846.743, 95
Trd, 4319847.393, 95
Trd, 4319852.693, 94
Trd, 4319852.843, 95
Trd, 4319854.343, 95
Trd, 4319856.843, 93
Trd, 4319858.493, 94
Trd, 4319858.693, 93
Trd, 4319858.993, 96
Trd, 4319860.543, 93
Trd, 4319865.793, 94
Trd, 4319866.943, 92
Trd, 4319867.093, 92
Trd, 4319867.343, 92
Trd, 4319869.943, 92
Trd, 4319873.543, 92
Trd, 4319875.793, 91
Trd, 4319875.843, 92
Trd, 4319875.893, 92
Trd, 4319877.493, 91
Trd, 4319877.543, 92
Trd, 4319879.843, 92
Trd, 4319880.793, 93
Trd, 4319880.893, 93
Trd, 4319883.443, 93
Trd, 4319888.043, 96
Trd, 4319888.993, 95
Trd, 4319889.243, 113
Trd, 4319895.393, 96
Trd, 4319898.293, 95
Trd, 4319899.093, 95
Trd, 4319900.693, 95
Trd, 4319901.943, 94
Trd, 4319903.543, 98
Trd, 4319903.993, 105
Trd, 4319907.393, 97
Trd, 4319909.393, 98
Trd, 4319910.493, 97
Trd, 4319911.443, 98
Trd, 4319918.693, 97
Trd, 4319921.893, 96
Trd, 4319922.093, 96
Trd, 4319922.643, 98
Trd, 4319926.193, 95
Trd, 4319927.093, 96
Trd, 4319928.493, 96
Trd, 4319933.493, 94
Trd, 4319933.593, 94
Trd, 4319935.243, 95
Trd, 4319936.643, 95
Trd, 4319938.843, 95
Trd, 4319939.543, 94
Trd, 4319939.693, 94
Trd, 4319940.693, 96
Trd, 4319943.093, 96
Trd, 4319944.243, 96
Trd, 4319945.843, 96
Trd, 4319947.093, 97
Trd, 4319948.693, 97
Trd, 4319949.593, 95
Trd, 4319951.643, 94
Trd, 4319951.843, 95
Trd, 4319955.193, 95
Trd, 4319957.743, 95
Trd, 4319962.443, 95
Trd, 4319965.143, 94
Trd, 4319965.243, 95
Trd, 4319965.393, 95
Trd, 4319970.693, 95
Trd, 4319972.693, 94
Trd, 4319973.893, 93
Trd, 4319974.243, 95
Trd, 4319976.743, 95
Trd, 4319979.143, 94
Trd, 4319979.943, 93
Trd, 4319984.593, 93
Trd, 4319991.493, 92
Trd, 4319991.543, 93
Trd, 4319992.043, 93
Trd, 4319993.193, 93
Trd, 4319996.093, 93
Trd, 4319996.793, 92
Trd, 4319997.443, 92
Trd, 4319999.293, 91
