Trd, 4317804.893, 98
Trd, 4317806.943, 97
Trd, 4317812.143, 96
Trd, 4317812.243, 96
Trd, 4317812.643, 96
Trd, 4317813.793, 96
Trd, 4317814.043, 96
Trd, 4317816.293, 101
Trd, 4317816.593, 103
Trd, 4317818.893, 104
Trd, 4317821.393, 104
Trd, 4317821.793, 104
Trd, 4317822.743, 104
Trd, 4317824.493, 105
Trd, 4317826.093, 104
Trd, 4317828.093, 103
Trd, 4317829.493, 103
Trd, 4317832.493, 103
Trd, 4317832.593, 102
Trd, 4317833.543, 102
Trd, 4317838.293, 102
Trd, 4317840.343, 102
Trd, 4317840.543, 101
Trd, 4317840.693, 103
Trd, 4317844.993, 100
Trd, 4317845.043, 99
Trd, 4317849.893, 100
Trd, 4317850.043, 100
Trd, 4317850.893, 103
Trd, 4317850.993, 104
Trd, 4317854.243, 104
Trd, 4317855.543, 108
Trd, 4317857.443, 109
Trd, 4317857.543, 108
Trd, 4317859.243, 109
Trd, 4317860.543, 108
Trd, 4317863.493, 109
Trd, 4317863.893, 107
Trd, 4317864.543, 97
Trd, 4317871.643, 104
Trd, 4317872.393, 103
Trd, 4317875.043, 103
Trd, 4317878.643, 102
Trd, 4317882.693, 102
Trd, 4317883.693, 102
Trd, 4317884.043, 101
Trd, 4317886.443, 101
Trd, 4317887.043, 102
Trd, 4317887.793, 94
Trd, 4317891.193, 99
Trd, 4317892.393, 96
Trd, 4317895.793, 97
Trd, 4317895.993, 96
Trd, 4317896.243, 96
Trd, 4317898.293, 97
Trd, 4317901.543, 98
Trd, 4317902.543, 98
Trd, 4317904.543, 98
Trd, 4317904.593, 98
Trd, 4317904.993, 98
Trd, 4317907.143, 99
Trd, 4317909.893, 99
Trd, 4317910.643, 98
Trd, 4317912.743, 99
Trd, 4317914.793, 102
Trd, 4317915.343, 103
Trd, 4317917.343, 100
Trd, 4317917.693, 101
Trd, 4317919.793, 101
Trd, 4317920.643, 96
Trd, 4317925.293, 100
Trd, 4317926.493, 100
Trd, 4317929.643, 99
Trd, 4317930.243, 98
Trd, 4317932.843, 101
Trd, 4317933.493, 99
Trd, 4317935.693, 97
Trd, 4317937.993, 98
Trd, 4317940.093, 100
Trd, 4317940.993, 99
Trd, 4317941.793, 99
Trd, 4317942.643, 100
Trd, 4317942.893, 100
Trd, 4317945.393, 100
Trd, 4317948.093, 98
Trd, 4317949.543, 100
Trd, 4317950.143, 99
Trd, 4317951.193, 98
Trd, 4317952.493, 97
Trd, 4317954.743, 96
Trd, 4317954.943, 96
Trd, 4317959.043, 97
Trd, 4317959.293, 95
Trd, 4317959.793, 96
Trd, 4317961.143, 94
Trd, 4317965.543, 95
Trd, 4317966.493, 97
Trd, 4317966.693, 97
Trd, 4317968.993, 104
Trd, 4317969.393, 101
Trd, 4317971.093, 105
Trd, 4317971.893, 110
Trd, 4317973.943, 110
Trd, 4317974.443, 111
Trd, 4317976.693, 96
Trd, 4317980.593, 106
Trd, 4317982.943, 107
Trd, 4317984.193, 106
Trd, 4317985.743, 105
Trd, 4317987.543, 104
Trd, 4317989.343, 105
Trd, 4317990.293, 104
Trd, 4317991.343, 105
Trd, 4317993.143, 104
Trd, 4317993.793, 104
Trd, 4317994.343, 103
Trd, 4317994.443, 102
Trd, 4317997.143, 102
Trd, 4317999.443, 102
Trd, 4318000.193, 100
Trd, 4318003.093, 102
Trd, 4318004.893, 100
Trd, 4318005.693, 98
Trd, 4318008.243, 98
Trd, 4318008.943, 98
Trd, 4318011.493, 98
Trd, 4318011.543, 97
Trd, 4318013.693, 97
Trd, 4318015.193, 97
Trd, 4318016.643, 96
Trd, 4318019.143, 95
Trd, 4318019.843, 95
Trd, 4318020.893, 104
Trd, 4318021.643, 109
Trd, 4318022.043, 108
Trd, 4318024.343, 101
Trd, 4318025.443, 103
Trd, 4318025.993, 96
Trd, 4318028.093, 105
Trd, 4318029.943, 103
Trd, 4318031.443, 109
Trd, 4318035.343, 105
Trd, 4318036.393, 102
Trd, 4318037.143, 102
Trd, 4318039.943, 100
Trd, 4318040.743, 102
Trd, 4318041.693, 101
Trd, 4318043.443, 102
Trd, 4318046.543, 102
Trd, 4318047.293, 101
Trd, 4318047.743, 101
Trd, 4318048.593, 100
Trd, 4318049.543, 99
Trd, 4318050.093, 98
Trd, 4318053.193, 96
Trd, 4318054.093, 95
Trd, 4318055.843, 94
Trd, 4318058.043, 97
Trd, 4318059.293, 104
Trd, 4318060.143, 119
Trd, 4318060.443, 113
Trd, 4318060.743, 116
Trd, 4318064.043, 114
Trd, 4318065.493, 113
Trd, 4318066.293, 113
Trd, 4318069.293, 113
Trd, 4318072.443, 113
Trd, 4318072.793, 114
Trd, 4318076.443, 113
Trd, 4318077.293, 111
Trd, 4318080.843, 111
Trd, 4318084.643, 112
Trd, 4318085.443, 111
Trd, 4318085.793, 110
Trd, 4318087.093, 93
Trd, 4318088.743, 103
Trd, 4318092.493, 102
Trd, 4318093.593, 104
Trd, 4318094.343, 104
Trd, 4318095.193, 102
Trd, 4318098.243, 101
Trd, 4318099.943, 103
Trd, 4318102.943, 101
Trd, 4318103.493, 102
Trd, 4318105.843, 102
Trd, 4318106.343, 101
Trd, 4318108.993, 100
Trd, 4318111.143, 101
Trd, 4318114.293, 100
Trd, 4318114.343, 99
Trd, 4318116.793, 99
Trd, 4318117.393, 103
Trd, 4318118.143, 97
Trd, 4318118.943, 96
Trd, 4318123.093, 99
Trd, 4318123.293, 98
Trd, 4318124.543, 97
Trd, 4318125.843, 98
Trd, 4318128.893, 97
Trd, 4318129.343, 96
Trd, 4318131.643, 97
Trd, 4318133.393, 96
Trd, 4318134.293, 96
Trd, 4318134.343, 97
Trd, 4318135.293, 97
Trd, 4318137.593, 98
Trd, 4318139.343, 109
Trd, 4318140.143, 104
Trd, 4318140.993, 107
Trd, 4318141.243, 94
Trd, 4318145.243, 113
Trd, 4318145.893, 113
Trd, 4318148.693, 113
Trd, 4318150.443, 113
Trd, 4318150.643, 112
Trd, 4318152.393, 111
Trd, 4318154.493, 109
Trd, 4318155.393, 108
Trd, 4318159.543, 111
Trd, 4318159.993, 111
Trd, 4318160.793, 112
Trd, 4318163.193, 110
Trd, 4318167.343, 111
Trd, 4318168.993, 110
Trd, 4318170.193, 108
Trd, 4318171.243, 114
Trd, 4318172.193, 115
Trd, 4318172.493, 107
Trd, 4318176.243, 110
Trd, 4318176.793, 111
Trd, 4318178.543, 109
Trd, 4318180.043, 106
Trd, 4318180.343, 106
Trd, 4318182.143, 101
Trd, 4318182.843, 102
Trd, 4318186.143, 96
Trd, 4318187.943, 98
Trd, 4318188.393, 101
Trd, 4318189.293, 102
Trd, 4318191.243, 94
Trd, 4318194.093, 97
Trd, 4318194.693, 100
Trd, 4318196.093, 99
Trd, 4318200.193, 100
Trd, 4318200.243, 100
Trd, 4318200.393, 98
Trd, 4318202.593, 97
Trd, 4318205.893, 96
Trd, 4318206.743, 96
Trd, 4318206.993, 94
Trd, 4318209.093, 102
Trd, 4318211.293, 98
Trd, 4318211.493, 99
Trd, 4318214.243, 100
Trd, 4318215.493, 99
Trd, 4318218.843, 99
Trd, 4318219.993, 98
Trd, 4318220.593, 98
Trd, 4318221.343, 98
Trd, 4318222.643, 97
Trd, 4318227.343, 99
Trd, 4318229.243, 99
Trd, 4318230.343, 98
Trd, 4318231.593, 99
Trd, 4318233.443, 101
Trd, 4318234.643, 102
Trd, 4318235.443, 101
Trd, 4318236.343, 102
Trd, 4318239.393, 101
Trd, 4318241.593, 100
Trd, 4318243.743, 100
Trd, 4318244.993, 100
Trd, 4318245.943, 99
Trd, 4318247.443, 98
Trd, 4318251.543, 100
Trd, 4318253.393, 99
Trd, 4318256.993, 98
Trd, 4318258.593, 99
Trd, 4318259.693, 97
Trd, 4318262.693, 96
Trd, 4318264.643, 96
Trd, 4318264.843, 95
Trd, 4318266.193, 94
Trd, 4318266.943, 95
Trd, 4318270.293, 93
Trd, 4318271.093, 94
Trd, 4318271.543, 94
Trd, 4318272.743, 102
Trd, 4318273.743, 99
Trd, 4318275.143, 98
Trd, 4318277.743, 98
Trd, 4318280.243, 99
Trd, 4318282.043, 97
Trd, 4318285.143, 96
Trd, 4318286.743, 96
Trd, 4318287.443, 95
Trd, 4318289.643, 95
Trd, 4318289.843, 102
Trd, 4318291.193, 101
Trd, 4318292.693, 84
Trd, 4318296.243, 101
Trd, 4318296.793, 93
Trd, 4318297.343, 105
Trd, 4318298.243, 109
Trd, 4318298.743, 104
Trd, 4318301.843, 100
Trd, 4318302.593, 101
Trd, 4318304.443, 102
Trd, 4318305.943, 103
Trd, 4318306.043, 102
Trd, 4318307.643, 101
Trd, 4318312.243, 101
Trd, 4318312.543, 100
Trd, 4318313.343, 103
Trd, 4318314.143, 100
Trd, 4318315.743, 99
Trd, 4318316.993, 98
Trd, 4318319.493, 100
Trd, 4318320.693, 99
Trd, 4318320.893, 99
Trd, 4318324.343, 102
Trd, 4318325.793, 101
Trd, 4318326.093, 100
Trd, 4318326.743, 97
Trd, 4318328.693, 98
Trd, 4318332.343, 100
Trd, 4318333.543, 98
Trd, 4318334.793, 100
Trd, 4318339.293, 100
Trd, 4318339.793, 100
Trd, 4318340.643, 100
Trd, 4318341.643, 99
Trd, 4318343.693, 99
Trd, 4318345.143, 97
Trd, 4318346.143, 97
Trd, 4318347.643, 97
Trd, 4318350.993, 97
Trd, 4318352.193, 97
Trd, 4318353.843, 96
Trd, 4318354.843, 97
Trd, 4318354.993, 94
Trd, 4318357.543, 95
Trd, 4318357.893, 101
Trd, 4318359.643, 99
Trd, 4318362.993, 100
Trd, 4318365.943, 99
Trd, 4318367.043, 104
Trd, 4318367.593, 111
Trd, 4318368.543, 105
Trd, 4318368.593, 94
Trd, 4318371.493, 104
Trd, 4318371.793, 104
Trd, 4318372.893, 105
Trd, 4318374.393, 101
Trd, 4318378.843, 105
Trd, 4318379.393, 106
Trd, 4318381.093, 106
Trd, 4318382.993, 106
Trd, 4318384.393, 106
Trd, 4318387.393, 106
Trd, 4318388.743, 105
Trd, 4318392.843, 105
Trd, 4318393.493, 105
Trd, 4318393.893, 104
Trd, 4318395.043, 105
Trd, 4318396.843, 103
Trd, 4318398.243, 100
Trd, 4318399.093, 99
Trd, 4318399.343, 99
Trd, 4318400.843, 101
Trd, 4318402.693, 100
Trd, 4318402.843, 101
Trd, 4318403.993, 98
Trd, 4318407.843, 100
Trd, 4318408.793, 100
Trd, 4318409.293, 100
Trd, 4318410.593, 100
Trd, 4318413.393, 100
Trd, 4318413.643, 98
Trd, 4318416.843, 98
Trd, 4318419.843, 99
Trd, 4318421.243, 98
Trd, 4318424.443, 99
Trd, 4318426.993, 98
Trd, 4318427.893, 97
Trd, 4318429.193, 98
Trd, 4318430.643, 99
Trd, 4318434.593, 100
Trd, 4318435.393, 100
Trd, 4318436.543, 99
Trd, 4318437.143, 101
Trd, 4318439.043, 102
Trd, 4318439.343, 104
Trd, 4318441.243, 108
Trd, 4318441.293, 106
Trd, 4318444.043, 106
Trd, 4318446.043, 106
Trd, 4318447.143, 104
Trd, 4318452.543, 105
Trd, 4318452.593, 104
Trd, 4318454.693, 104
Trd, 4318455.093, 103
Trd, 4318457.043, 106
Trd, 4318459.643, 103
Trd, 4318460.843, 102
Trd, 4318461.793, 101
Trd, 4318461.893, 96
Trd, 4318464.243, 102
Trd, 4318465.693, 101
Trd, 4318466.793, 101
Trd, 4318468.193, 99
Trd, 4318470.943, 100
Trd, 4318475.443, 100
Trd, 4318476.943, 99
Trd, 4318479.693, 99
Trd, 4318481.193, 100
Trd, 4318481.843, 99
Trd, 4318484.493, 100
Trd, 4318486.843, 100
Trd, 4318488.993, 99
Trd, 4318491.543, 99
Trd, 4318491.843, 98
Trd, 4318492.943, 95
Trd, 4318493.343, 94
Trd, 4318493.793, 95
Trd, 4318497.093, 96
Trd, 4318500.243, 96
Trd, 4318502.243, 96
Trd, 4318502.343, 95
Trd, 4318503.493, 94
Trd, 4318503.743, 93
Trd, 4318505.543, 96
Trd, 4318506.743, 97
Trd, 4318510.293, 95
Trd, 4318510.743, 96
Trd, 4318511.943, 96
Trd, 4318513.293, 95
Trd, 4318514.343, 106
Trd, 4318514.693, 105
Trd, 4318515.843, 105
Trd, 4318517.293, 103
Trd, 4318519.793, 103
Trd, 4318519.893, 102
Trd, 4318522.743, 97
Trd, 4318523.243, 97
Trd, 4318523.593, 100
Trd, 4318525.793, 98
Trd, 4318528.193, 100
Trd, 4318528.943, 99
Trd, 4318532.793, 99
Trd, 4318534.943, 98
Trd, 4318535.193, 100
Trd, 4318535.793, 98
Trd, 4318538.943, 101
Trd, 4318540.243, 98
Trd, 4318542.493, 98
Trd, 4318543.293, 98
Trd, 4318543.543, 98
Trd, 4318546.743, 97
Trd, 4318548.143, 98
Trd, 4318548.693, 100
Trd, 4318550.143, 101
Trd, 4318551.093, 101
Trd, 4318551.293, 100
Trd, 4318553.993, 102
Trd, 4318557.143, 100
Trd, 4318557.893, 101
Trd, 4318558.943, 101
Trd, 4318559.493, 101
Trd, 4318563.593, 110
Trd, 4318563.843, 108
Trd, 4318564.493, 108
Trd, 4318565.043, 104
Trd, 4318567.943, 104
Trd, 4318568.243, 95
Trd, 4318570.743, 101
Trd, 4318572.543, 100
Trd, 4318572.793, 99
Trd, 4318573.693, 100
Trd, 4318576.693, 99
Trd, 4318576.843, 98
Trd, 4318578.493, 98
Trd, 4318578.993, 98
Trd, 4318581.543, 99
Trd, 4318585.493, 99
Trd, 4318586.543, 100
Trd, 4318588.843, 100
Trd, 4318589.193, 101
Trd, 4318590.843, 99
Trd, 4318591.793, 101
Trd, 4318592.643, 101
Trd, 4318593.493, 100
Trd, 4318595.043, 100
Trd, 4318595.543, 94
Trd, 4318600.643, 98
Trd, 4318601.143, 97
Trd, 4318601.943, 96
Trd, 4318604.493, 96
Trd, 4318607.593, 96
Trd, 4318609.593, 96
Trd, 4318610.893, 97
Trd, 4318611.393, 95
Trd, 4318614.393, 98
Trd, 4318614.893, 97
Trd, 4318618.193, 98
Trd, 4318619.093, 98
Trd, 4318620.593, 97
Trd, 4318620.743, 102
Trd, 4318623.893, 99
Trd, 4318624.293, 100
Trd, 4318626.693, 99
Trd, 4318628.543, 98
Trd, 4318628.643, 98
Trd, 4318630.993, 96
Trd, 4318632.693, 96
Trd, 4318633.443, 96
Trd, 4318635.043, 95
Trd, 4318637.193, 94
Trd, 4318638.093, 93
Trd, 4318639.693, 93
Trd, 4318640.543, 94
Trd, 4318641.643, 95
Trd, 4318642.743, 102
Trd, 4318643.443, 96
Trd, 4318645.843, 105
Trd, 4318648.193, 99
Trd, 4318649.543, 100
Trd, 4318650.093, 98
Trd, 4318651.443, 98
Trd, 4318654.993, 96
Trd, 4318657.543, 97
Trd, 4318658.493, 96
Trd, 4318659.643, 95
Trd, 4318660.893, 94
Trd, 4318660.993, 94
Trd, 4318662.543, 95
Trd, 4318663.943, 96
Trd, 4318664.943, 103
Trd, 4318665.993, 102
Trd, 4318667.093, 102
Trd, 4318669.543, 101
Trd, 4318670.893, 104
Trd, 4318674.943, 101
Trd, 4318675.593, 101
Trd, 4318676.043, 101
Trd, 4318676.943, 100
Trd, 4318678.043, 98
Trd, 4318680.293, 98
Trd, 4318681.143, 96
Trd, 4318682.493, 98
Trd, 4318685.093, 97
Trd, 4318685.543, 98
Trd, 4318686.293, 108
Trd, 4318687.243, 108
Trd, 4318689.193, 108
Trd, 4318689.393, 109
Trd, 4318691.193, 112
Trd, 4318693.043, 112
Trd, 4318693.693, 112
Trd, 4318695.043, 111
Trd, 4318697.593, 110
Trd, 4318697.693, 110
Trd, 4318699.093, 85
Trd, 4318700.943, 91
Trd, 4318701.143, 102
Trd, 4318704.143, 124
Trd, 4318704.443, 124
Trd, 4318705.293, 116
Trd, 4318707.593, 90
Trd, 4318708.193, 100
Trd, 4318709.343, 104
Trd, 4318709.693, 102
Trd, 4318711.643, 99
Trd, 4318712.293, 98
Trd, 4318713.043, 97
Trd, 4318714.243, 96
Trd, 4318715.793, 95
Trd, 4318717.443, 96
Trd, 4318719.793, 97
Trd, 4318719.893, 85
Trd, 4318720.443, 105
Trd, 4318721.243, 105
Trd, 4318722.493, 104
Trd, 4318725.943, 107
Trd, 4318726.443, 110
Trd, 4318727.893, 104
Trd, 4318728.093, 105
Trd, 4318730.393, 118
Trd, 4318731.443, 115
Trd, 4318731.643, 114
Trd, 4318734.593, 115
Trd, 4318734.743, 96
Trd, 4318738.843, 105
Trd, 4318740.643, 107
Trd, 4318741.693, 106
Trd, 4318742.543, 105
Trd, 4318744.443, 104
Trd, 4318746.343, 105
Trd, 4318746.743, 103
Trd, 4318748.693, 102
Trd, 4318753.643, 103
Trd, 4318753.743, 102
Trd, 4318755.493, 100
Trd, 4318756.643, 101
Trd, 4318758.593, 102
Trd, 4318759.643, 100
Trd, 4318761.293, 101
Trd, 4318762.443, 102
Trd, 4318763.593, 100
Trd, 4318765.943, 102
Trd, 4318768.543, 102
Trd, 4318768.943, 101
Trd, 4318770.043, 101
Trd, 4318770.343, 100
Trd, 4318771.493, 99
Trd, 4318773.843, 101
Trd, 4318775.443, 101
Trd, 4318777.543, 100
Trd, 4318778.343, 100
Trd, 4318778.543, 99
Trd, 4318782.493, 99
Trd, 4318785.343, 100
Trd, 4318785.793, 100
Trd, 4318786.693, 99
Trd, 4318791.493, 98
Trd, 4318792.243, 97
Trd, 4318792.493, 98
Trd, 4318794.543, 96
Trd, 4318797.343, 95
Trd, 4318798.943, 96
Trd, 4318799.043, 97
Trd, 4318799.243, 97
Trd, 4318799.843, 96
Trd, 4318800.593, 97
Trd, 4318802.843, 99
Trd, 4318807.293, 101
Trd, 4318807.843, 101
Trd, 4318809.043, 100
Trd, 4318810.043, 99
Trd, 4318810.443, 99
Trd, 4318813.193, 100
Trd, 4318814.743, 100
Trd, 4318818.393, 101
Trd, 4318819.293, 100
Trd, 4318821.143, 100
Trd, 4318822.343, 101
Trd, 4318825.843, 101
Trd, 4318827.793, 99
Trd, 4318828.943, 104
Trd, 4318829.143, 99
Trd, 4318832.493, 100
Trd, 4318835.943, 104
Trd, 4318836.243, 102
Trd, 4318836.793, 102
Trd, 4318837.943, 102
Trd, 4318839.443, 102
Trd, 4318844.693, 103
Trd, 4318847.043, 102
Trd, 4318847.543, 101
Trd, 4318848.893, 103
Trd, 4318849.343, 100
Trd, 4318854.193, 101
Trd, 4318854.343, 102
Trd, 4318856.193, 101
Trd, 4318857.093, 101
Trd, 4318857.693, 103
Trd, 4318858.593, 102
Trd, 4318863.143, 102
Trd, 4318865.943, 102
Trd, 4318866.593, 100
Trd, 4318866.693, 103
Trd, 4318869.293, 100
Trd, 4318872.043, 101
Trd, 4318874.693, 101
Trd, 4318877.243, 101
Trd, 4318878.743, 102
Trd, 4318880.193, 101
Trd, 4318881.093, 100
Trd, 4318882.693, 100
Trd, 4318885.243, 100
Trd, 4318885.643, 99
Trd, 4318886.893, 99
Trd, 4318888.743, 107
Trd, 4318890.043, 107
Trd, 4318890.593, 99
Trd, 4318892.043, 105
Trd, 4318892.643, 105
Trd, 4318897.893, 105
Trd, 4318898.093, 105
Trd, 4318898.393, 106
Trd, 4318900.393, 104
Trd, 4318900.443, 103
Trd, 4318902.593, 101
Trd, 4318903.993, 102
Trd, 4318907.843, 102
Trd, 4318908.693, 102
Trd, 4318909.043, 99
Trd, 4318910.993, 99
Trd, 4318913.193, 99
Trd, 4318913.393, 99
Trd, 4318913.993, 97
Trd, 4318915.693, 99
Trd, 4318917.293, 98
Trd, 4318921.443, 98
Trd, 4318922.043, 99
Trd, 4318923.343, 99
Trd, 4318923.943, 98
Trd, 4318926.093, 102
Trd, 4318928.593, 99
Trd, 4318929.543, 99
Trd, 4318932.243, 98
Trd, 4318932.993, 98
Trd, 4318933.743, 97
Trd, 4318935.393, 99
Trd, 4318938.093, 98
Trd, 4318939.793, 97
Trd, 4318941.143, 96
Trd, 4318941.843, 96
Trd, 4318943.193, 95
Trd, 4318944.543, 93
Trd, 4318945.493, 93
Trd, 4318946.343, 87
Trd, 4318948.743, 88
Trd, 4318949.693, 89
Trd, 4318950.693, 89
Trd, 4318951.043, 88
Trd, 4318951.793, 87
Trd, 4318954.743, 86
Trd, 4318956.643, 86
Trd, 4318957.593, 88
Trd, 4318958.943, 89
Trd, 4318960.943, 87
Trd, 4318963.293, 87
Trd, 4318963.343, 88
Trd, 4318967.093, 92
Trd, 4318969.743, 97
Trd, 4318970.543, 96
Trd, 4318971.543, 96
Trd, 4318972.743, 95
Trd, 4318974.943, 97
Trd, 4318975.043, 96
Trd, 4318976.993, 97
Trd, 4318978.843, 99
Trd, 4318979.243, 98
Trd, 4318981.243, 100
Trd, 4318982.093, 99
Trd, 4318984.443, 119
Trd, 4318985.593, 119
Trd, 4318985.793, 117
Trd, 4318987.543, 117
Trd, 4318988.993, 119
Trd, 4318992.143, 119
Trd, 4318992.493, 118
Trd, 4318995.393, 115
Trd, 4318996.543, 113
Trd, 4318999.093, 102
Trd, 4318999.393, 103
Trd, 4319000.193, 103
Trd, 4319002.493, 102
Trd, 4319004.243, 103
Trd, 4319005.743, 103
Trd, 4319005.893, 103
Trd, 4319008.093, 104
Trd, 4319010.443, 103
Trd, 4319011.743, 101
Trd, 4319012.243, 100
Trd, 4319015.943, 101
Trd, 4319016.343, 100
Trd, 4319017.743, 102
Trd, 4319019.043, 94
Trd, 4319023.043, 98
Trd, 4319026.393, 99
Trd, 4319026.943, 98
Trd, 4319027.993, 98
Trd, 4319028.643, 99
Trd, 4319032.243, 98
Trd, 4319034.543, 99
Trd, 4319035.493, 99
Trd, 4319037.443, 97
Trd, 4319038.343, 97
Trd, 4319039.643, 97
Trd, 4319040.193, 98
Trd, 4319043.293, 97
Trd, 4319043.843, 98
Trd, 4319046.293, 98
Trd, 4319047.843, 99
Trd, 4319048.293, 100
Trd, 4319049.443, 99
Trd, 4319054.243, 100
Trd, 4319055.993, 99
Trd, 4319057.643, 100
Trd, 4319059.043, 99
Trd, 4319061.393, 118
Trd, 4319061.493, 115
Trd, 4319062.043, 113
Trd, 4319064.093, 113
Trd, 4319065.193, 96
Trd, 4319066.943, 102
Trd, 4319068.193, 101
Trd, 4319070.343, 103
Trd, 4319071.043, 102
Trd, 4319073.193, 96
Trd, 4319075.393, 98
Trd, 4319077.443, 98
Trd, 4319078.743, 97
Trd, 4319079.293, 96
Trd, 4319083.443, 97
Trd, 4319087.043, 98
Trd, 4319087.193, 96
Trd, 4319089.843, 98
Trd, 4319090.643, 101
Trd, 4319092.193, 102
Trd, 4319094.443, 101
Trd, 4319096.143, 102
Trd, 4319096.343, 103
Trd, 4319096.593, 100
Trd, 4319099.993, 100
Trd, 4319100.943, 102
Trd, 4319101.893, 101
Trd, 4319102.143, 102
Trd, 4319104.593, 101
Trd, 4319107.693, 99
Trd, 4319109.343, 98
Trd, 4319111.643, 99
Trd, 4319113.293, 97
Trd, 4319114.443, 98
Trd, 4319114.593, 97
Trd, 4319116.293, 96
Trd, 4319119.043, 108
Trd, 4319120.443, 112
Trd, 4319121.343, 117
Trd, 4319123.393, 115
Trd, 4319123.843, 115
Trd, 4319125.243, 113
Trd, 4319128.643, 112
Trd, 4319131.343, 112
Trd, 4319133.643, 112
Trd, 4319138.593, 111
Trd, 4319139.293, 111
Trd, 4319139.543, 94
Trd, 4319140.843, 105
Trd, 4319141.193, 104
Trd, 4319146.543, 105
Trd, 4319146.593, 105
Trd, 4319148.243, 105
Trd, 4319149.043, 85
Trd, 4319149.493, 103
Trd, 4319150.643, 99
Trd, 4319152.243, 100
Trd, 4319154.343, 100
Trd, 4319154.843, 99
Trd, 4319157.693, 98
Trd, 4319158.143, 99
Trd, 4319158.393, 98
Trd, 4319160.543, 98
Trd, 4319161.243, 99
Trd, 4319161.843, 99
Trd, 4319163.443, 103
Trd, 4319164.743, 108
Trd, 4319164.893, 109
Trd, 4319166.593, 109
Trd, 4319167.143, 108
Trd, 4319168.143, 106
Trd, 4319168.543, 94
Trd, 4319171.393, 106
Trd, 4319172.843, 104
Trd, 4319173.043, 107
Trd, 4319174.843, 106
Trd, 4319176.443, 107
Trd, 4319176.593, 92
Trd, 4319180.793, 103
Trd, 4319181.143, 102
Trd, 4319182.393, 101
Trd, 4319183.043, 101
Trd, 4319185.443, 99
Trd, 4319189.243, 98
Trd, 4319192.343, 99
Trd, 4319194.743, 98
Trd, 4319195.193, 98
Trd, 4319195.793, 99
Trd, 4319197.443, 100
Trd, 4319197.643, 100
Trd, 4319199.793, 100
Trd, 4319202.343, 100
Trd, 4319202.443, 98
Trd, 4319205.243, 101
Trd, 4319205.493, 101
Trd, 4319206.993, 101
Trd, 4319209.393, 98
Trd, 4319209.843, 97
Trd, 4319210.593, 96
Trd, 4319212.743, 98
Trd, 4319214.293, 96
Trd, 4319215.293, 98
Trd, 4319216.143, 96
Trd, 4319216.693, 95
Trd, 4319217.493, 94
Trd, 4319219.843, 96
Trd, 4319220.943, 114
Trd, 4319221.343, 95
Trd, 4319221.943, 104
Trd, 4319222.343, 104
Trd, 4319225.693, 104
Trd, 4319226.293, 105
Trd, 4319226.393, 103
Trd, 4319233.743, 103
Trd, 4319235.193, 102
Trd, 4319236.343, 103
Trd, 4319238.193, 102
Trd, 4319243.293, 103
Trd, 4319246.043, 103
Trd, 4319246.843, 104
Trd, 4319247.243, 103
Trd, 4319249.543, 104
Trd, 4319250.893, 102
Trd, 4319253.243, 102
Trd, 4319254.293, 102
Trd, 4319256.343, 102
Trd, 4319260.393, 102
Trd, 4319260.493, 99
Trd, 4319261.043, 103
Trd, 4319263.143, 103
Trd, 4319263.993, 102
Trd, 4319266.993, 101
Trd, 4319267.293, 101
Trd, 4319267.493, 100
Trd, 4319269.293, 99
Trd, 4319270.193, 99
Trd, 4319271.693, 98
Trd, 4319273.893, 98
Trd, 4319274.093, 98
Trd, 4319274.993, 96
Trd, 4319278.693, 95
Trd, 4319280.393, 96
Trd, 4319281.293, 95
Trd, 4319281.843, 94
Trd, 4319283.193, 95
Trd, 4319286.493, 96
Trd, 4319287.543, 96
Trd, 4319290.843, 97
Trd, 4319291.093, 96
Trd, 4319292.193, 98
Trd, 4319294.893, 104
Trd, 4319295.343, 101
Trd, 4319296.493, 106
Trd, 4319296.593, 105
Trd, 4319298.843, 94
Trd, 4319300.343, 101
Trd, 4319303.343, 100
Trd, 4319306.743, 102
Trd, 4319307.643, 101
Trd, 4319307.743, 100
Trd, 4319310.493, 101
Trd, 4319311.643, 101
Trd, 4319312.443, 99
Trd, 4319316.643, 101
Trd, 4319316.993, 100
Trd, 4319317.693, 99
Trd, 4319319.343, 99
Trd, 4319320.943, 101
Trd, 4319321.393, 100
Trd, 4319324.693, 101
Trd, 4319327.593, 101
Trd, 4319329.693, 101
Trd, 4319330.593, 102
Trd, 4319330.743, 104
Trd, 4319332.993, 105
Trd, 4319335.693, 124
Trd, 4319336.443, 122
Trd, 4319336.743, 118
Trd, 4319338.793, 119
Trd, 4319340.143, 95
Trd, 4319343.193, 108
Trd, 4319344.343, 109
Trd, 4319347.243, 106
Trd, 4319351.393, 104
Trd, 4319352.893, 103
Trd, 4319353.593, 102
Trd, 4319356.693, 99
Trd, 4319357.643, 94
Trd, 4319361.593, 100
Trd, 4319362.643, 98
Trd, 4319363.243, 97
Trd, 4319364.993, 98
Trd, 4319366.993, 106
Trd, 4319367.393, 102
Trd, 4319368.443, 101
Trd, 4319369.593, 103
Trd, 4319371.293, 102
Trd, 4319372.243, 102
Trd, 4319373.243, 101
Trd, 4319376.243, 100
Trd, 4319376.343, 99
Trd, 4319377.393, 100
Trd, 4319379.093, 94
Trd, 4319386.143, 98
Trd, 4319386.243, 98
Trd, 4319386.393, 97
Trd, 4319386.793, 95
Trd, 4319390.793, 97
Trd, 4319391.043, 98
Trd, 4319391.493, 99
Trd, 4319395.093, 98
Trd, 4319395.293, 99
Trd, 4319395.393, 99
Trd, 4319396.793, 98
Trd, 4319398.843, 99
Trd, 4319402.143, 98
Trd, 4319402.193, 100
Trd, 4319403.443, 99
Trd, 4319405.593, 98
Trd, 4319407.343, 100
Trd, 4319407.893, 99
Trd, 4319409.843, 98
Trd, 4319411.493, 98
Trd, 4319413.443, 96
Trd, 4319414.243, 96
Trd, 4319415.893, 98
Trd, 4319416.243, 94
Trd, 4319417.043, 94
Trd, 4319418.743, 94
Trd, 4319422.293, 95
Trd, 4319423.443, 94
Trd, 4319423.493, 94
Trd, 4319424.393, 94
Trd, 4319426.293, 100
Trd, 4319426.543, 97
Trd, 4319428.293, 97
Trd, 4319432.843, 96
Trd, 4319432.893, 96
Trd, 4319433.293, 95
Trd, 4319434.993, 96
Trd, 4319435.193, 97
Trd, 4319437.293, 96
Trd, 4319439.343, 98
Trd, 4319440.793, 99
Trd, 4319441.643, 98
Trd, 4319443.243, 98
Trd, 4319443.993, 97
Trd, 4319445.843, 97
Trd, 4319446.793, 95
Trd, 4319447.793, 95
Trd, 4319448.243, 96
Trd, 4319449.743, 95
Trd, 4319450.543, 96
Trd, 4319453.443, 96
Trd, 4319454.093, 97
Trd, 4319454.443, 94
Trd, 4319455.593, 96
Trd, 4319457.193, 97
Trd, 4319458.043, 96
Trd, 4319458.943, 96
Trd, 4319459.493, 95
Trd, 4319461.693, 98
Trd, 4319463.343, 97
Trd, 4319466.943, 98
Trd, 4319467.293, 98
Trd, 4319468.443, 98
Trd, 4319469.893, 97
Trd, 4319470.393, 96
Trd, 4319471.493, 96
Trd, 4319472.443, 93
Trd, 4319473.993, 104
Trd, 4319474.493, 106
Trd, 4319476.043, 111
Trd, 4319479.143, 118
Trd, 4319481.243, 122
Trd, 4319481.343, 122
Trd, 4319484.693, 121
Trd, 4319486.043, 122
Trd, 4319488.193, 120
Trd, 4319488.243, 113
Trd, 4319490.493, 115
Trd, 4319491.293, 115
Trd, 4319496.343, 114
Trd, 4319498.743, 113
Trd, 4319498.893, 112
Trd, 4319501.593, 112
Trd, 4319501.743, 113
Trd, 4319502.743, 110
Trd, 4319507.443, 109
Trd, 4319507.843, 108
Trd, 4319508.943, 107
Trd, 4319510.393, 108
Trd, 4319513.043, 108
Trd, 4319513.193, 106
Trd, 4319514.593, 102
Trd, 4319517.143, 105
Trd, 4319518.443, 102
Trd, 4319519.693, 101
Trd, 4319520.943, 100
Trd, 4319521.193, 99
Trd, 4319521.993, 93
Trd, 4319523.443, 99
Trd, 4319526.643, 97
Trd, 4319529.993, 98
Trd, 4319530.493, 100
Trd, 4319531.943, 100
Trd, 4319532.643, 100
Trd, 4319533.443, 100
Trd, 4319535.643, 96
Trd, 4319537.643, 99
Trd, 4319539.043, 99
Trd, 4319540.243, 98
Trd, 4319543.293, 97
Trd, 4319543.543, 98
Trd, 4319545.043, 97
Trd, 4319548.243, 99
Trd, 4319549.943, 114
Trd, 4319550.493, 115
Trd, 4319551.893, 113
Trd, 4319554.143, 107
Trd, 4319555.543, 105
Trd, 4319556.193, 98
Trd, 4319558.043, 103
Trd, 4319561.043, 102
Trd, 4319561.793, 101
Trd, 4319562.043, 102
Trd, 4319562.943, 101
Trd, 4319564.393, 110
Trd, 4319565.743, 105
Trd, 4319567.443, 102
Trd, 4319568.193, 103
Trd, 4319570.893, 94
Trd, 4319574.643, 101
Trd, 4319575.393, 100
Trd, 4319577.193, 102
Trd, 4319579.643, 101
Trd, 4319583.743, 101
Trd, 4319584.043, 100
Trd, 4319584.443, 100
Trd, 4319584.743, 98
Trd, 4319588.743, 97
Trd, 4319588.943, 98
Trd, 4319589.043, 97
Trd, 4319592.393, 97
Trd, 4319592.993, 94
Trd, 4319593.643, 99
Trd, 4319596.293, 95
Trd, 4319597.193, 95
Trd, 4319599.693, 94
Trd, 4319600.343, 95
Trd, 4319602.343, 94
Trd, 4319602.593, 95
Trd, 4319603.493, 95
Trd, 4319606.343, 96
Trd, 4319608.193, 93
Trd, 4319610.243, 95
Trd, 4319611.293, 95
Trd, 4319612.143, 93
Trd, 4319613.893, 95
Trd, 4319616.443, 95
Trd, 4319616.493, 95
Trd, 4319618.493, 95
Trd, 4319619.943, 94
Trd, 4319620.593, 96
Trd, 4319624.893, 95
Trd, 4319626.843, 95
Trd, 4319631.093, 94
Trd, 4319632.893, 96
Trd, 4319634.443, 94
Trd, 4319634.943, 92
Trd, 4319637.193, 104
Trd, 4319637.693, 99
Trd, 4319639.143, 110
Trd, 4319641.293, 114
Trd, 4319642.393, 108
Trd, 4319643.543, 110
Trd, 4319644.593, 104
Trd, 4319646.843, 104
Trd, 4319647.093, 101
Trd, 4319648.693, 101
Trd, 4319653.243, 100
Trd, 4319655.093, 101
Trd, 4319655.543, 100
Trd, 4319657.843, 98
Trd, 4319660.243, 97
Trd, 4319661.893, 97
Trd, 4319662.593, 97
Trd, 4319666.093, 95
Trd, 4319667.543, 96
Trd, 4319667.793, 97
Trd, 4319669.943, 98
Trd, 4319670.443, 99
Trd, 4319671.843, 100
Trd, 4319675.093, 103
Trd, 4319675.393, 101
Trd, 4319675.743, 101
Trd, 4319677.693, 101
Trd, 4319684.143, 102
Trd, 4319684.193, 101
Trd, 4319685.143, 101
Trd, 4319689.043, 101
Trd, 4319689.893, 100
Trd, 4319690.343, 99
Trd, 4319693.193, 99
Trd, 4319693.243, 99
Trd, 4319694.043, 97
Trd, 4319694.143, 97
Trd, 4319695.793, 97
Trd, 4319699.893, 97
Trd, 4319700.143, 96
Trd, 4319701.943, 97
Trd, 4319703.343, 100
Trd, 4319710.493, 96
Trd, 4319710.843, 97
Trd, 4319711.693, 96
Trd, 4319712.793, 96
Trd, 4319718.743, 96
Trd, 4319718.943, 94
Trd, 4319722.393, 95
Trd, 4319724.643, 94
Trd, 4319725.543, 94
Trd, 4319727.443, 95
Trd, 4319727.493, 94
Trd, 4319728.343, 95
Trd, 4319728.443, 94
Trd, 4319731.643, 100
Trd, 4319733.843, 103
Trd, 4319734.843, 97
Trd, 4319734.943, 97
Trd, 4319736.543, 93
Trd, 4319740.593, 99
Trd, 4319741.893, 100
Trd, 4319742.993, 100
Trd, 4319745.243, 99
Trd, 4319746.493, 98
Trd, 4319749.593, 99
Trd, 4319749.943, 97
Trd, 4319752.393, 97
Trd, 4319753.543, 95
Trd, 4319753.643, 96
Trd, 4319754.743, 94
Trd, 4319755.693, 93
Trd, 4319756.593, 94
Trd, 4319756.943, 94
Trd, 4319759.093, 94
Trd, 4319760.343, 95
Trd, 4319760.893, 95
Trd, 4319763.893, 98
Trd, 4319763.993, 98
Trd, 4319765.393, 100
Trd, 4319766.093, 100
Trd, 4319768.093, 102
Trd, 4319768.343, 111
Trd, 4319769.593, 93
Trd, 4319770.593, 105
Trd, 4319772.393, 104
Trd, 4319773.993, 102
Trd, 4319774.643, 102
Trd, 4319777.493, 103
Trd, 4319778.543, 104
Trd, 4319779.443, 104
Trd, 4319781.693, 103
Trd, 4319786.193, 104
Trd, 4319786.943, 104
Trd, 4319787.793, 103
Trd, 4319790.743, 102
Trd, 4319796.743, 101
Trd, 4319797.393, 100
Trd, 4319798.193, 100
Trd, 4319800.793, 99
Trd, 4319802.093, 99
Trd, 4319802.243, 98
Trd, 4319805.393, 99
Trd, 4319807.893, 99
Trd, 4319809.193, 100
Trd, 4319809.393, 99
Trd, 4319812.443, 98
Trd, 4319813.543, 97
Trd, 4319813.693, 98
Trd, 4319817.343, 96
Trd, 4319821.193, 97
Trd, 4319821.743, 95
Trd, 4319823.243, 95
Trd, 4319825.693, 94
Trd, 4319827.543, 93
Trd, 4319828.443, 93
Trd, 4319829.093, 93
Trd, 4319829.743, 94
Trd, 4319831.843, 95
Trd, 4319833.643, 92
Trd, 4319837.193, 96
Trd, 4319837.593, 96
Trd, 4319838.743, 104
Trd, 4319840.143, 120
Trd, 4319841.493, 121
Trd, 4319842.493, 120
Trd, 4319845.593, 117
Trd, 4319846.143, 116
Trd, 4319848.593, 104
Trd, 4319849.043, 104
Trd, 4319850.343, 105
Trd, 4319850.593, 94
Trd, 4319852.993, 102
Trd, 4319853.993, 101
Trd, 4319857.243, 101
Trd, 4319857.993, 100
Trd, 4319859.243, 109
Trd, 4319860.843, 105
Trd, 4319861.243, 105
Trd, 4319863.093, 104
Trd, 4319863.643, 103
Trd, 4319867.093, 104
Trd, 4319868.093, 103
Trd, 4319869.593, 102
Trd, 4319873.843, 102
Trd, 4319874.493, 103
Trd, 4319875.643, 102
Trd, 4319876.043, 102
Trd, 4319881.743, 103
Trd, 4319883.143, 104
Trd, 4319884.543, 102
Trd, 4319884.993, 94
Trd, 4319888.293, 100
Trd, 4319888.493, 99
Trd, 4319889.543, 100
Trd, 4319890.243, 99
Trd, 4319891.443, 98
Trd, 4319892.743, 97
Trd, 4319895.593, 96
Trd, 4319895.893, 98
Trd, 4319896.743, 97
Trd, 4319897.593, 97
Trd, 4319898.543, 96
Trd, 4319902.143, 98
Trd, 4319903.743, 101
Trd, 4319904.793, 100
Trd, 4319906.393, 101
Trd, 4319906.493, 99
Trd, 4319910.543, 99
Trd, 4319910.993, 100
Trd, 4319911.143, 99
Trd, 4319912.743, 100
Trd, 4319915.243, 107
Trd, 4319915.593, 103
Trd, 4319917.593, 104
Trd, 4319920.243, 104
Trd, 4319920.693, 103
Trd, 4319924.643, 102
Trd, 4319928.643, 101
Trd, 4319929.893, 103
Trd, 4319931.493, 101
Trd, 4319931.643, 101
Trd, 4319932.493, 94
Trd, 4319937.843, 102
Trd, 4319939.443, 101
Trd, 4319939.643, 100
Trd, 4319939.693, 98
Trd, 4319942.193, 94
Trd, 4319944.393, 97
Trd, 4319944.543, 96
Trd, 4319944.793, 96
Trd, 4319946.743, 99
Trd, 4319947.843, 99
Trd, 4319949.743, 99
Trd, 4319951.693, 100
Trd, 4319953.093, 98
Trd, 4319953.193, 97
Trd, 4319955.443, 100
Trd, 4319956.243, 97
Trd, 4319960.943, 97
Trd, 4319961.243, 98
Trd, 4319962.093, 96
Trd, 4319963.093, 96
Trd, 4319964.043, 96
Trd, 4319965.993, 97
Trd, 4319967.243, 97
Trd, 4319968.993, 97
Trd, 4319970.843, 98
Trd, 4319971.393, 98
Trd, 4319973.043, 94
Trd, 4319974.743, 98
Trd, 4319975.493, 98
Trd, 4319977.393, 90
Trd, 4319977.643, 90
Trd, 4319977.993, 91
Trd, 4319979.243, 91
Trd, 4319980.643, 90
Trd, 4319982.043, 94
Trd, 4319983.643, 101
Trd, 4319984.343, 100
Trd, 4319985.843, 99
Trd, 4319988.943, 100
Trd, 4319990.693, 102
Trd, 4319991.443, 102
Trd, 4319991.743, 101
Trd, 4319992.943, 103
Trd, 4319995.293, 102
Trd, 4319998.593, 101
Trd, 4319999.143, 100
