Trd, 4317822.393, 82
Trd, 4317822.793, 94
Trd, 4317823.993, 97
Trd, 4317824.243, 113
Trd, 4317825.543, 93
Trd, 4317826.543, 100
Trd, 4317828.343, 101
Trd, 4317829.593, 95
Trd, 4317830.493, 104
Trd, 4317831.543, 113
Trd, 4317831.843, 104
Trd, 4317833.393, 101
Trd, 4317837.493, 91
Trd, 4317837.743, 110
Trd, 4317839.243, 101
Trd, 4317839.743, 96
Trd, 4317841.843, 95
Trd, 4317842.093, 101
Trd, 4317842.593, 96
Trd, 4317845.043, 98
Trd, 4317846.743, 97
Trd, 4317846.843, 104
Trd, 4317847.793, 105
Trd, 4317851.043, 100
Trd, 4317853.043, 98
Trd, 4317853.243, 96
Trd, 4317853.343, 99
Trd, 4317857.593, 95
Trd, 4317857.843, 99
Trd, 4317859.443, 105
Trd, 4317859.993, 113
Trd, 4317861.693, 94
Trd, 4317863.343, 94
Trd, 4317865.893, 102
Trd, 4317869.093, 98
Trd, 4317871.043, 99
Trd, 4317874.443, 101
Trd, 4317874.593, 98
Trd, 4317875.843, 96
Trd, 4317876.243, 91
Trd, 4317878.793, 93
Trd, 4317880.293, 100
Trd, 4317881.343, 104
Trd, 4317881.893, 117
Trd, 4317883.193, 112
Trd, 4317884.293, 90
Trd, 4317884.493, 89
Trd, 4317888.843, 105
Trd, 4317889.393, 113
Trd, 4317890.493, 113
Trd, 4317892.993, 104
Trd, 4317893.843, 105
Trd, 4317894.443, 105
Trd, 4317894.843, 102
Trd, 4317895.693, 103
Trd, 4317896.243, 105
Trd, 4317899.543, 124
Trd, 4317900.343, 112
Trd, 4317900.843, 121
Trd, 4317904.493, 108
Trd, 4317904.943, 113
Trd, 4317904.993, 115
Trd, 4317905.943, 105
Trd, 4317907.093, 106
Trd, 4317911.093, 106
Trd, 4317911.193, 105
Trd, 4317912.543, 91
Trd, 4317914.293, 108
Trd, 4317915.493, 102
Trd, 4317916.493, 112
Trd, 4317918.693, 113
Trd, 4317919.843, 105
Trd, 4317920.293, 125
Trd, 4317924.143, 104
Trd, 4317925.493, 107
Trd, 4317925.843, 106
Trd, 4317927.593, 111
Trd, 4317929.843, 104
Trd, 4317931.343, 108
Trd, 4317931.443, 103
Trd, 4317933.093, 108
Trd, 4317936.193, 109
Trd, 4317936.693, 125
Trd, 4317937.193, 102
Trd, 4317938.943, 101
Trd, 4317942.643, 106
Trd, 4317944.193, 100
Trd, 4317945.693, 98
Trd, 4317946.943, 105
Trd, 4317948.243, 115
Trd, 4317952.243, 99
Trd, 4317952.593, 115
Trd, 4317952.993, 99
Trd, 4317954.793, 105
Trd, 4317954.843, 99
Trd, 4317957.943, 98
Trd, 4317959.943, 104
Trd, 4317962.043, 103
Trd, 4317962.493, 105
Trd, 4317963.743, 99
Trd, 4317964.043, 105
Trd, 4317966.143, 109
Trd, 4317968.043, 105
Trd, 4317969.443, 107
Trd, 4317970.943, 106
Trd, 4317971.643, 105
Trd, 4317974.393, 106
Trd, 4317974.493, 113
Trd, 4317975.593, 105
Trd, 4317976.293, 110
Trd, 4317977.643, 113
Trd, 4317979.693, 108
Trd, 4317980.793, 105
Trd, 4317983.693, 96
Trd, 4317983.843, 109
Trd, 4317983.943, 94
Trd, 4317985.543, 109
Trd, 4317988.343, 102
Trd, 4317989.993, 107
Trd, 4317990.343, 99
Trd, 4317991.043, 101
Trd, 4317993.793, 100
Trd, 4317994.643, 113
Trd, 4317996.393, 114
Trd, 4318001.193, 108
Trd, 4318001.443, 107
Trd, 4318003.193, 110
Trd, 4318004.543, 108
Trd, 4318004.993, 107
Trd, 4318006.093, 103
Trd, 4318007.893, 113
Trd, 4318010.543, 114
Trd, 4318010.793, 112
Trd, 4318011.593, 110
Trd, 4318013.393, 124
Trd, 4318013.843, 116
Trd, 4318015.393, 110
Trd, 4318016.593, 95
Trd, 4318017.793, 87
Trd, 4318019.143, 101
Trd, 4318021.693, 101
Trd, 4318022.993, 104
Trd, 4318024.343, 113
Trd, 4318026.343, 104
Trd, 4318026.493, 101
Trd, 4318027.243, 98
Trd, 4318030.143, 99
Trd, 4318031.293, 97
Trd, 4318032.593, 101
Trd, 4318033.093, 93
Trd, 4318036.393, 99
Trd, 4318036.443, 107
Trd, 4318036.743, 98
Trd, 4318038.143, 113
Trd, 4318039.893, 99
Trd, 4318040.493, 99
Trd, 4318041.393, 86
Trd, 4318044.093, 107
Trd, 4318044.993, 93
Trd, 4318045.693, 99
Trd, 4318049.693, 98
Trd, 4318052.643, 97
Trd, 4318054.093, 106
Trd, 4318054.893, 92
Trd, 4318058.543, 99
Trd, 4318062.993, 106
Trd, 4318063.393, 107
Trd, 4318063.693, 113
Trd, 4318065.793, 93
Trd, 4318067.043, 87
Trd, 4318068.043, 110
Trd, 4318070.243, 101
Trd, 4318072.443, 97
Trd, 4318072.843, 107
Trd, 4318075.093, 113
Trd, 4318076.193, 122
Trd, 4318077.993, 112
Trd, 4318079.343, 96
Trd, 4318080.393, 75
Trd, 4318082.143, 117
Trd, 4318082.493, 122
Trd, 4318082.843, 83
Trd, 4318084.543, 116
Trd, 4318086.543, 104
Trd, 4318088.493, 102
Trd, 4318088.993, 88
Trd, 4318089.893, 100
Trd, 4318090.493, 90
Trd, 4318091.993, 99
Trd, 4318097.943, 97
Trd, 4318098.143, 99
Trd, 4318098.493, 96
Trd, 4318100.943, 102
Trd, 4318102.643, 100
Trd, 4318105.593, 96
Trd, 4318107.343, 94
Trd, 4318107.943, 100
Trd, 4318108.893, 104
Trd, 4318112.043, 109
Trd, 4318112.593, 104
Trd, 4318114.343, 101
Trd, 4318115.143, 103
Trd, 4318116.993, 113
Trd, 4318118.893, 101
Trd, 4318120.593, 90
Trd, 4318121.643, 82
Trd, 4318126.193, 100
Trd, 4318127.443, 96
Trd, 4318128.943, 90
Trd, 4318130.143, 100
Trd, 4318130.643, 104
Trd, 4318132.093, 96
Trd, 4318133.093, 124
Trd, 4318135.993, 104
Trd, 4318137.343, 104
Trd, 4318137.493, 98
Trd, 4318138.143, 97
Trd, 4318139.393, 95
Trd, 4318141.443, 105
Trd, 4318142.993, 98
Trd, 4318143.643, 104
Trd, 4318145.093, 105
Trd, 4318145.643, 113
Trd, 4318149.793, 111
Trd, 4318153.343, 104
Trd, 4318154.743, 105
Trd, 4318157.793, 100
Trd, 4318159.543, 103
Trd, 4318162.143, 105
Trd, 4318165.743, 101
Trd, 4318167.743, 100
Trd, 4318169.893, 100
Trd, 4318171.243, 104
Trd, 4318172.143, 99
Trd, 4318174.393, 103
Trd, 4318178.343, 104
Trd, 4318178.393, 98
Trd, 4318179.343, 97
Trd, 4318179.843, 123
Trd, 4318181.943, 98
Trd, 4318182.993, 103
Trd, 4318186.043, 85
Trd, 4318186.843, 107
Trd, 4318187.493, 95
Trd, 4318188.393, 103
Trd, 4318191.093, 98
Trd, 4318192.043, 84
Trd, 4318193.143, 105
Trd, 4318194.493, 102
Trd, 4318196.393, 100
Trd, 4318196.843, 112
Trd, 4318196.993, 113
Trd, 4318197.993, 107
Trd, 4318201.043, 105
Trd, 4318203.343, 107
Trd, 4318204.243, 105
Trd, 4318204.843, 106
Trd, 4318206.693, 104
Trd, 4318208.193, 100
Trd, 4318210.793, 101
Trd, 4318212.293, 103
Trd, 4318213.243, 105
Trd, 4318215.793, 104
Trd, 4318216.243, 113
Trd, 4318216.393, 104
Trd, 4318218.543, 113
Trd, 4318221.643, 105
Trd, 4318222.293, 103
Trd, 4318223.043, 102
Trd, 4318226.593, 104
Trd, 4318227.493, 102
Trd, 4318228.093, 124
Trd, 4318230.493, 101
Trd, 4318231.443, 100
Trd, 4318232.793, 104
Trd, 4318236.893, 104
Trd, 4318237.193, 99
Trd, 4318237.693, 114
Trd, 4318238.393, 98
Trd, 4318241.593, 100
Trd, 4318244.443, 103
Trd, 4318244.843, 104
Trd, 4318246.493, 103
Trd, 4318247.393, 84
Trd, 4318247.443, 76
Trd, 4318250.343, 103
Trd, 4318251.943, 104
Trd, 4318254.343, 96
Trd, 4318256.043, 102
Trd, 4318256.493, 96
Trd, 4318257.593, 102
Trd, 4318260.543, 102
Trd, 4318261.243, 98
Trd, 4318263.143, 106
Trd, 4318263.743, 96
Trd, 4318266.593, 102
Trd, 4318269.143, 103
Trd, 4318269.993, 92
Trd, 4318271.493, 96
Trd, 4318273.393, 100
Trd, 4318273.793, 107
Trd, 4318275.093, 99
Trd, 4318277.093, 107
Trd, 4318280.593, 114
Trd, 4318282.093, 105
Trd, 4318283.193, 101
Trd, 4318284.493, 104
Trd, 4318285.043, 85
Trd, 4318286.293, 105
Trd, 4318286.393, 100
Trd, 4318289.143, 105
Trd, 4318290.943, 104
Trd, 4318291.643, 101
Trd, 4318292.393, 100
Trd, 4318293.993, 102
Trd, 4318296.493, 103
Trd, 4318297.643, 104
Trd, 4318298.693, 100
Trd, 4318299.643, 113
Trd, 4318299.893, 98
Trd, 4318301.293, 109
Trd, 4318304.243, 113
Trd, 4318307.193, 106
Trd, 4318310.693, 101
Trd, 4318311.843, 101
Trd, 4318311.893, 104
Trd, 4318311.943, 84
Trd, 4318313.693, 97
Trd, 4318315.293, 104
Trd, 4318317.193, 96
Trd, 4318319.493, 103
Trd, 4318319.693, 102
Trd, 4318320.593, 100
Trd, 4318321.793, 102
Trd, 4318322.293, 98
Trd, 4318322.493, 113
Trd, 4318325.643, 97
Trd, 4318325.893, 98
Trd, 4318326.893, 101
Trd, 4318328.943, 106
Trd, 4318331.443, 102
Trd, 4318332.143, 99
Trd, 4318333.243, 102
Trd, 4318337.493, 101
Trd, 4318338.943, 100
Trd, 4318340.343, 102
Trd, 4318342.693, 99
Trd, 4318345.293, 97
Trd, 4318345.843, 105
Trd, 4318347.693, 123
Trd, 4318347.993, 121
Trd, 4318348.393, 106
Trd, 4318349.593, 105
Trd, 4318349.893, 124
Trd, 4318352.143, 95
Trd, 4318356.043, 108
Trd, 4318358.193, 103
Trd, 4318360.493, 110
Trd, 4318362.843, 111
Trd, 4318365.243, 110
Trd, 4318366.143, 107
Trd, 4318367.843, 107
Trd, 4318368.293, 107
Trd, 4318371.043, 113
Trd, 4318371.243, 112
Trd, 4318371.893, 107
Trd, 4318372.643, 105
Trd, 4318374.193, 108
Trd, 4318376.543, 106
Trd, 4318379.293, 104
Trd, 4318382.043, 95
Trd, 4318383.393, 84
Trd, 4318384.093, 92
Trd, 4318384.293, 99
Trd, 4318386.243, 97
Trd, 4318387.293, 107
Trd, 4318388.293, 94
Trd, 4318389.543, 91
Trd, 4318391.743, 105
Trd, 4318392.193, 109
Trd, 4318392.943, 103
Trd, 4318393.943, 104
Trd, 4318395.493, 104
Trd, 4318396.793, 102
Trd, 4318397.943, 102
Trd, 4318399.243, 104
Trd, 4318399.543, 113
Trd, 4318401.293, 100
Trd, 4318401.843, 83
Trd, 4318404.343, 104
Trd, 4318406.293, 104
Trd, 4318406.343, 103
Trd, 4318407.893, 98
Trd, 4318409.193, 104
Trd, 4318410.043, 99
Trd, 4318413.693, 103
Trd, 4318414.243, 98
Trd, 4318415.693, 98
Trd, 4318417.643, 89
Trd, 4318417.743, 95
Trd, 4318418.743, 99
Trd, 4318419.093, 95
Trd, 4318419.993, 113
Trd, 4318422.693, 107
Trd, 4318427.943, 99
Trd, 4318428.293, 102
Trd, 4318428.693, 96
Trd, 4318431.793, 102
Trd, 4318434.843, 106
Trd, 4318436.393, 102
Trd, 4318437.743, 113
Trd, 4318439.543, 99
Trd, 4318444.093, 100
Trd, 4318445.043, 101
Trd, 4318446.843, 104
Trd, 4318446.893, 99
Trd, 4318448.843, 106
Trd, 4318453.143, 98
Trd, 4318453.343, 103
Trd, 4318455.143, 104
Trd, 4318456.343, 97
Trd, 4318456.893, 98
Trd, 4318457.493, 103
Trd, 4318461.043, 104
Trd, 4318462.693, 103
Trd, 4318463.893, 101
Trd, 4318464.893, 100
Trd, 4318466.143, 104
Trd, 4318467.343, 99
Trd, 4318468.093, 104
Trd, 4318468.293, 98
Trd, 4318469.843, 113
Trd, 4318472.293, 106
Trd, 4318473.443, 97
Trd, 4318474.243, 107
Trd, 4318476.043, 120
Trd, 4318476.343, 105
Trd, 4318477.243, 89
Trd, 4318478.543, 102
Trd, 4318481.393, 107
Trd, 4318482.693, 102
Trd, 4318483.643, 96
Trd, 4318486.243, 101
Trd, 4318487.493, 98
Trd, 4318487.943, 98
Trd, 4318488.743, 99
Trd, 4318490.443, 105
Trd, 4318490.743, 102
Trd, 4318493.093, 106
Trd, 4318495.843, 100
Trd, 4318497.443, 105
Trd, 4318499.843, 101
Trd, 4318502.243, 104
Trd, 4318502.943, 102
Trd, 4318503.593, 105
Trd, 4318504.543, 114
Trd, 4318505.743, 101
Trd, 4318506.643, 96
Trd, 4318506.893, 104
Trd, 4318507.993, 107
Trd, 4318511.493, 102
Trd, 4318514.743, 105
Trd, 4318516.743, 101
Trd, 4318518.443, 105
Trd, 4318520.743, 105
Trd, 4318524.043, 102
Trd, 4318526.893, 103
Trd, 4318527.293, 104
Trd, 4318527.643, 102
Trd, 4318527.993, 100
Trd, 4318529.293, 103
Trd, 4318529.543, 114
Trd, 4318531.193, 88
Trd, 4318534.743, 108
Trd, 4318536.193, 113
Trd, 4318538.643, 104
Trd, 4318539.243, 123
Trd, 4318541.643, 102
Trd, 4318544.343, 106
Trd, 4318544.793, 102
Trd, 4318545.993, 106
Trd, 4318546.743, 101
Trd, 4318548.443, 106
Trd, 4318549.593, 100
Trd, 4318549.693, 90
Trd, 4318552.493, 106
Trd, 4318554.593, 106
Trd, 4318556.643, 106
Trd, 4318557.643, 98
Trd, 4318559.943, 113
Trd, 4318564.143, 98
Trd, 4318564.193, 108
Trd, 4318565.093, 107
Trd, 4318566.493, 97
Trd, 4318567.393, 108
Trd, 4318568.693, 96
Trd, 4318568.893, 103
Trd, 4318571.893, 108
Trd, 4318572.593, 104
Trd, 4318572.843, 98
Trd, 4318573.193, 109
Trd, 4318574.693, 113
Trd, 4318576.493, 99
Trd, 4318578.693, 98
Trd, 4318579.143, 105
Trd, 4318579.193, 86
Trd, 4318580.943, 103
Trd, 4318582.743, 111
Trd, 4318582.793, 100
Trd, 4318583.593, 96
Trd, 4318584.443, 110
Trd, 4318584.593, 105
Trd, 4318590.343, 104
Trd, 4318591.943, 104
Trd, 4318592.093, 91
Trd, 4318593.993, 90
Trd, 4318594.843, 105
Trd, 4318596.543, 99
Trd, 4318599.993, 100
Trd, 4318601.593, 101
Trd, 4318602.093, 102
Trd, 4318604.793, 100
Trd, 4318606.643, 104
Trd, 4318607.143, 99
Trd, 4318608.343, 99
Trd, 4318608.393, 102
Trd, 4318611.243, 104
Trd, 4318611.443, 103
Trd, 4318613.293, 104
Trd, 4318615.543, 101
Trd, 4318617.243, 89
Trd, 4318617.393, 85
Trd, 4318617.993, 105
Trd, 4318620.043, 98
Trd, 4318620.893, 99
Trd, 4318624.543, 104
Trd, 4318625.843, 101
Trd, 4318627.393, 100
Trd, 4318628.743, 105
Trd, 4318629.843, 101
Trd, 4318630.743, 124
Trd, 4318632.143, 86
Trd, 4318632.793, 107
Trd, 4318633.393, 101
Trd, 4318634.843, 91
Trd, 4318637.243, 108
Trd, 4318638.643, 101
Trd, 4318639.293, 98
Trd, 4318640.343, 113
Trd, 4318641.643, 109
Trd, 4318644.043, 102
Trd, 4318644.443, 98
Trd, 4318645.643, 113
Trd, 4318647.493, 109
Trd, 4318648.743, 104
Trd, 4318648.943, 101
Trd, 4318650.543, 88
Trd, 4318651.643, 94
Trd, 4318652.593, 99
Trd, 4318653.393, 101
Trd, 4318657.243, 104
Trd, 4318657.443, 98
Trd, 4318658.443, 94
Trd, 4318658.493, 113
Trd, 4318660.293, 97
Trd, 4318663.843, 99
Trd, 4318664.143, 96
Trd, 4318666.443, 103
Trd, 4318668.043, 100
Trd, 4318669.793, 104
Trd, 4318673.493, 100
Trd, 4318674.493, 101
Trd, 4318676.843, 104
Trd, 4318679.893, 106
Trd, 4318679.943, 99
Trd, 4318684.443, 98
Trd, 4318686.143, 104
Trd, 4318688.993, 99
Trd, 4318689.243, 104
Trd, 4318689.643, 98
Trd, 4318692.993, 104
Trd, 4318694.743, 98
Trd, 4318696.743, 98
Trd, 4318698.893, 113
Trd, 4318699.093, 97
Trd, 4318700.043, 104
Trd, 4318700.743, 96
Trd, 4318702.043, 96
Trd, 4318702.193, 104
Trd, 4318703.793, 104
Trd, 4318706.893, 113
Trd, 4318708.593, 103
Trd, 4318711.143, 94
Trd, 4318713.293, 101
Trd, 4318713.743, 105
Trd, 4318717.093, 105
Trd, 4318718.543, 102
Trd, 4318719.143, 95
Trd, 4318721.393, 113
Trd, 4318729.093, 110
Trd, 4318729.443, 125
Trd, 4318729.893, 99
Trd, 4318731.093, 98
Trd, 4318732.493, 108
Trd, 4318733.643, 110
Trd, 4318736.493, 109
Trd, 4318737.593, 108
Trd, 4318737.693, 113
Trd, 4318742.793, 109
Trd, 4318743.443, 110
Trd, 4318744.643, 107
Trd, 4318746.143, 105
Trd, 4318747.093, 91
Trd, 4318747.143, 84
Trd, 4318749.543, 109
Trd, 4318751.143, 111
Trd, 4318752.743, 97
Trd, 4318754.143, 96
Trd, 4318756.193, 107
Trd, 4318756.393, 113
Trd, 4318759.093, 102
Trd, 4318759.743, 107
Trd, 4318760.743, 102
Trd, 4318762.393, 101
Trd, 4318762.493, 92
Trd, 4318767.193, 103
Trd, 4318767.543, 94
Trd, 4318769.643, 106
Trd, 4318771.043, 101
Trd, 4318773.143, 97
Trd, 4318774.743, 101
Trd, 4318776.043, 96
Trd, 4318776.743, 104
Trd, 4318782.043, 102
Trd, 4318782.143, 106
Trd, 4318782.993, 97
Trd, 4318783.093, 96
Trd, 4318783.743, 84
Trd, 4318784.593, 75
Trd, 4318785.243, 100
Trd, 4318791.543, 100
Trd, 4318792.693, 107
Trd, 4318796.043, 99
Trd, 4318796.543, 102
Trd, 4318797.543, 113
Trd, 4318800.693, 104
Trd, 4318801.443, 101
Trd, 4318802.093, 99
Trd, 4318802.393, 120
Trd, 4318803.393, 105
Trd, 4318805.643, 92
Trd, 4318809.893, 101
Trd, 4318810.143, 102
Trd, 4318812.193, 107
Trd, 4318812.843, 103
Trd, 4318815.193, 100
Trd, 4318817.243, 101
Trd, 4318819.743, 100
Trd, 4318821.443, 103
Trd, 4318824.593, 89
Trd, 4318825.893, 98
Trd, 4318827.843, 104
Trd, 4318828.793, 96
Trd, 4318829.293, 96
Trd, 4318830.443, 114
Trd, 4318832.843, 95
Trd, 4318832.893, 95
Trd, 4318833.643, 101
Trd, 4318836.743, 101
Trd, 4318838.443, 100
Trd, 4318839.393, 102
Trd, 4318841.893, 104
Trd, 4318845.343, 102
Trd, 4318845.543, 101
Trd, 4318847.393, 100
Trd, 4318849.893, 104
Trd, 4318850.743, 102
Trd, 4318853.143, 104
Trd, 4318853.293, 100
Trd, 4318856.443, 99
Trd, 4318859.243, 89
Trd, 4318860.393, 94
Trd, 4318860.443, 100
Trd, 4318861.693, 104
Trd, 4318861.843, 99
Trd, 4318863.643, 95
Trd, 4318864.093, 95
Trd, 4318866.693, 99
Trd, 4318869.543, 99
Trd, 4318869.593, 98
Trd, 4318871.493, 99
Trd, 4318871.893, 105
Trd, 4318872.093, 91
Trd, 4318875.943, 104
Trd, 4318876.543, 105
Trd, 4318876.893, 98
Trd, 4318877.193, 100
Trd, 4318878.793, 103
Trd, 4318880.593, 122
Trd, 4318882.343, 104
Trd, 4318882.393, 115
Trd, 4318882.793, 103
Trd, 4318884.593, 113
Trd, 4318885.093, 104
Trd, 4318885.793, 102
Trd, 4318888.893, 108
Trd, 4318892.193, 102
Trd, 4318892.793, 108
Trd, 4318894.193, 105
Trd, 4318896.293, 100
Trd, 4318897.743, 102
Trd, 4318897.793, 106
Trd, 4318898.943, 88
Trd, 4318899.043, 101
Trd, 4318901.693, 101
Trd, 4318902.493, 99
Trd, 4318903.143, 96
Trd, 4318904.393, 99
Trd, 4318906.943, 107
Trd, 4318909.193, 100
Trd, 4318909.393, 95
Trd, 4318910.043, 96
Trd, 4318911.943, 97
Trd, 4318914.443, 100
Trd, 4318914.693, 107
Trd, 4318917.293, 96
Trd, 4318917.393, 113
Trd, 4318918.293, 86
Trd, 4318918.643, 97
Trd, 4318922.443, 93
Trd, 4318923.143, 98
Trd, 4318923.393, 85
Trd, 4318925.543, 109
Trd, 4318926.693, 100
Trd, 4318927.143, 95
Trd, 4318930.993, 95
Trd, 4318931.793, 94
Trd, 4318931.993, 100
Trd, 4318934.143, 95
Trd, 4318934.993, 100
Trd, 4318936.143, 84
Trd, 4318936.993, 101
Trd, 4318939.193, 101
Trd, 4318939.543, 101
Trd, 4318940.343, 100
Trd, 4318940.843, 104
Trd, 4318942.893, 113
Trd, 4318943.593, 100
Trd, 4318944.693, 101
Trd, 4318946.393, 104
Trd, 4318949.143, 112
Trd, 4318950.993, 99
Trd, 4318953.343, 105
Trd, 4318954.393, 102
Trd, 4318955.943, 92
Trd, 4318959.443, 106
Trd, 4318960.393, 102
Trd, 4318960.593, 100
Trd, 4318963.393, 100
Trd, 4318963.493, 107
Trd, 4318965.343, 99
Trd, 4318968.193, 93
Trd, 4318970.593, 99
Trd, 4318971.193, 101
Trd, 4318971.493, 105
Trd, 4318974.493, 102
Trd, 4318974.993, 98
Trd, 4318975.343, 105
Trd, 4318978.443, 105
Trd, 4318978.943, 97
Trd, 4318980.743, 88
Trd, 4318981.493, 107
Trd, 4318982.193, 95
Trd, 4318984.993, 96
Trd, 4318985.143, 96
Trd, 4318985.793, 95
Trd, 4318987.693, 92
Trd, 4318987.943, 97
Trd, 4318988.293, 106
Trd, 4318991.443, 92
Trd, 4318992.343, 84
Trd, 4318994.943, 92
Trd, 4318995.593, 96
Trd, 4318997.043, 104
Trd, 4318997.293, 91
Trd, 4318998.343, 111
Trd, 4319001.093, 97
Trd, 4319003.243, 113
Trd, 4319003.343, 118
Trd, 4319003.493, 96
Trd, 4319009.243, 98
Trd, 4319009.343, 101
Trd, 4319009.843, 98
Trd, 4319010.693, 98
Trd, 4319011.643, 101
Trd, 4319016.943, 101
Trd, 4319017.943, 97
Trd, 4319019.943, 105
Trd, 4319020.093, 96
Trd, 4319020.343, 84
Trd, 4319022.993, 102
Trd, 4319024.743, 103
Trd, 4319028.793, 103
Trd, 4319030.143, 99
Trd, 4319031.793, 110
Trd, 4319033.043, 113
Trd, 4319033.543, 102
Trd, 4319035.493, 103
Trd, 4319036.143, 106
Trd, 4319040.643, 102
Trd, 4319041.593, 113
Trd, 4319042.543, 105
Trd, 4319042.943, 101
Trd, 4319043.043, 106
Trd, 4319048.193, 104
Trd, 4319052.693, 102
Trd, 4319055.043, 100
Trd, 4319057.343, 102
Trd, 4319057.943, 98
Trd, 4319058.893, 104
Trd, 4319059.093, 93
Trd, 4319059.893, 113
Trd, 4319060.043, 101
Trd, 4319061.593, 100
Trd, 4319063.993, 104
Trd, 4319065.793, 98
Trd, 4319066.443, 93
Trd, 4319067.793, 104
Trd, 4319068.993, 104
Trd, 4319071.743, 106
Trd, 4319072.893, 98
Trd, 4319074.793, 99
Trd, 4319076.443, 98
Trd, 4319077.293, 102
Trd, 4319080.343, 101
Trd, 4319080.993, 100
Trd, 4319083.043, 101
Trd, 4319083.843, 104
Trd, 4319085.093, 99
Trd, 4319085.493, 109
Trd, 4319087.393, 106
Trd, 4319089.293, 104
Trd, 4319089.443, 101
Trd, 4319090.443, 90
Trd, 4319093.193, 100
Trd, 4319093.643, 99
Trd, 4319095.293, 106
Trd, 4319095.443, 94
Trd, 4319096.993, 106
Trd, 4319101.893, 113
Trd, 4319103.193, 99
Trd, 4319103.343, 104
Trd, 4319103.943, 98
Trd, 4319105.043, 104
Trd, 4319109.243, 96
Trd, 4319113.143, 97
Trd, 4319113.743, 104
Trd, 4319113.793, 110
Trd, 4319116.343, 103
Trd, 4319117.343, 97
Trd, 4319118.043, 97
Trd, 4319120.193, 105
Trd, 4319122.043, 97
Trd, 4319122.593, 96
Trd, 4319126.143, 113
Trd, 4319126.893, 104
Trd, 4319128.993, 105
Trd, 4319129.293, 98
Trd, 4319131.043, 97
Trd, 4319132.243, 113
Trd, 4319136.393, 104
Trd, 4319137.793, 96
Trd, 4319138.293, 104
Trd, 4319138.743, 113
Trd, 4319139.243, 98
Trd, 4319140.093, 92
Trd, 4319141.543, 93
Trd, 4319141.793, 104
Trd, 4319144.593, 96
Trd, 4319146.293, 113
Trd, 4319147.793, 102
Trd, 4319150.143, 97
Trd, 4319150.193, 94
Trd, 4319151.443, 93
Trd, 4319151.843, 104
Trd, 4319154.293, 96
Trd, 4319156.843, 95
Trd, 4319157.143, 100
Trd, 4319159.043, 113
Trd, 4319159.943, 93
Trd, 4319161.993, 96
Trd, 4319162.393, 110
Trd, 4319162.743, 103
Trd, 4319164.343, 98
Trd, 4319167.543, 101
Trd, 4319169.243, 109
Trd, 4319172.993, 91
Trd, 4319173.143, 100
Trd, 4319173.693, 105
Trd, 4319175.243, 98
Trd, 4319175.993, 113
Trd, 4319177.043, 105
Trd, 4319178.543, 102
Trd, 4319179.543, 104
Trd, 4319179.593, 101
Trd, 4319181.443, 105
Trd, 4319181.493, 100
Trd, 4319184.243, 100
Trd, 4319186.543, 104
Trd, 4319186.993, 113
Trd, 4319188.793, 100
Trd, 4319192.743, 99
Trd, 4319193.243, 103
Trd, 4319194.793, 98
Trd, 4319195.293, 102
Trd, 4319196.393, 94
Trd, 4319197.143, 103
Trd, 4319200.443, 101
Trd, 4319201.393, 99
Trd, 4319202.093, 103
Trd, 4319202.893, 94
Trd, 4319204.343, 103
Trd, 4319205.043, 101
Trd, 4319205.943, 103
Trd, 4319206.943, 100
Trd, 4319207.593, 113
Trd, 4319208.093, 99
Trd, 4319211.543, 105
Trd, 4319212.043, 98
Trd, 4319212.193, 98
Trd, 4319215.593, 102
Trd, 4319218.593, 104
Trd, 4319219.543, 102
Trd, 4319220.343, 104
Trd, 4319222.043, 113
Trd, 4319223.693, 113
Trd, 4319224.243, 101
Trd, 4319226.693, 105
Trd, 4319228.843, 101
Trd, 4319230.793, 112
Trd, 4319232.793, 106
Trd, 4319233.393, 106
Trd, 4319240.343, 106
Trd, 4319240.493, 105
Trd, 4319243.943, 108
Trd, 4319245.543, 106
Trd, 4319246.243, 104
Trd, 4319248.993, 102
Trd, 4319249.243, 106
Trd, 4319250.443, 107
Trd, 4319252.243, 103
Trd, 4319255.243, 101
Trd, 4319255.943, 102
Trd, 4319255.993, 107
Trd, 4319257.443, 104
Trd, 4319258.593, 102
Trd, 4319260.343, 120
Trd, 4319260.793, 123
Trd, 4319262.993, 93
Trd, 4319264.393, 95
Trd, 4319266.443, 100
Trd, 4319270.393, 99
Trd, 4319271.443, 98
Trd, 4319272.343, 101
Trd, 4319272.543, 104
Trd, 4319273.893, 113
Trd, 4319274.143, 97
Trd, 4319275.993, 91
Trd, 4319277.343, 109
Trd, 4319277.393, 92
Trd, 4319279.993, 100
Trd, 4319284.543, 100
Trd, 4319285.043, 97
Trd, 4319285.543, 106
Trd, 4319286.493, 96
Trd, 4319288.243, 104
Trd, 4319289.893, 99
Trd, 4319290.993, 128
Trd, 4319292.893, 108
Trd, 4319293.993, 102
Trd, 4319297.143, 100
Trd, 4319297.693, 104
Trd, 4319299.193, 99
Trd, 4319301.293, 106
Trd, 4319302.743, 113
Trd, 4319304.693, 104
Trd, 4319305.993, 102
Trd, 4319308.043, 113
Trd, 4319309.693, 88
Trd, 4319311.493, 97
Trd, 4319312.593, 104
Trd, 4319313.693, 111
Trd, 4319317.743, 99
Trd, 4319318.343, 98
Trd, 4319319.493, 93
Trd, 4319319.943, 124
Trd, 4319322.343, 100
Trd, 4319323.143, 88
Trd, 4319323.243, 98
Trd, 4319325.893, 109
Trd, 4319327.493, 103
Trd, 4319328.043, 104
Trd, 4319329.443, 100
Trd, 4319330.143, 109
Trd, 4319331.293, 101
Trd, 4319333.393, 110
Trd, 4319339.343, 100
Trd, 4319343.043, 101
Trd, 4319343.743, 99
Trd, 4319344.993, 104
Trd, 4319346.943, 99
Trd, 4319347.293, 113
Trd, 4319349.043, 99
Trd, 4319350.143, 124
Trd, 4319351.043, 120
Trd, 4319352.843, 108
Trd, 4319356.193, 109
Trd, 4319357.243, 110
Trd, 4319357.443, 113
Trd, 4319358.043, 108
Trd, 4319360.493, 110
Trd, 4319361.043, 106
Trd, 4319361.743, 113
Trd, 4319363.143, 107
Trd, 4319365.493, 107
Trd, 4319365.593, 94
Trd, 4319366.493, 104
Trd, 4319368.293, 108
Trd, 4319368.843, 103
Trd, 4319371.243, 102
Trd, 4319372.193, 109
Trd, 4319372.393, 100
Trd, 4319374.043, 104
Trd, 4319374.293, 83
Trd, 4319374.743, 93
Trd, 4319378.043, 104
Trd, 4319378.193, 104
Trd, 4319380.943, 113
Trd, 4319381.893, 126
Trd, 4319384.393, 106
Trd, 4319386.743, 106
Trd, 4319388.093, 131
Trd, 4319390.193, 107
Trd, 4319391.393, 107
Trd, 4319393.743, 103
Trd, 4319394.293, 104
Trd, 4319395.493, 87
Trd, 4319395.743, 104
Trd, 4319397.593, 95
Trd, 4319398.893, 102
Trd, 4319400.393, 104
Trd, 4319403.543, 102
Trd, 4319404.293, 97
Trd, 4319405.643, 102
Trd, 4319406.543, 105
Trd, 4319408.743, 96
Trd, 4319409.143, 105
Trd, 4319409.593, 99
Trd, 4319410.343, 113
Trd, 4319411.643, 98
Trd, 4319413.543, 104
Trd, 4319413.843, 93
Trd, 4319417.043, 99
Trd, 4319418.243, 104
Trd, 4319418.993, 105
Trd, 4319420.843, 101
Trd, 4319421.093, 100
Trd, 4319421.993, 92
Trd, 4319423.243, 106
Trd, 4319424.943, 109
Trd, 4319426.093, 113
Trd, 4319426.393, 105
Trd, 4319430.843, 100
Trd, 4319431.843, 112
Trd, 4319433.293, 99
Trd, 4319435.393, 103
Trd, 4319435.443, 94
Trd, 4319437.743, 96
Trd, 4319438.093, 95
Trd, 4319443.593, 100
Trd, 4319445.343, 100
Trd, 4319445.943, 104
Trd, 4319449.243, 101
Trd, 4319449.593, 104
Trd, 4319450.043, 113
Trd, 4319451.393, 100
Trd, 4319451.593, 99
Trd, 4319455.143, 103
Trd, 4319458.443, 103
Trd, 4319458.943, 97
Trd, 4319459.943, 88
Trd, 4319460.293, 86
Trd, 4319462.543, 97
Trd, 4319463.843, 104
Trd, 4319464.793, 120
Trd, 4319464.943, 106
Trd, 4319465.993, 113
Trd, 4319469.093, 111
Trd, 4319469.393, 107
Trd, 4319469.643, 106
Trd, 4319471.093, 106
Trd, 4319471.393, 129
Trd, 4319476.943, 104
Trd, 4319477.093, 96
Trd, 4319480.593, 98
Trd, 4319481.593, 103
Trd, 4319482.293, 87
Trd, 4319484.993, 96
Trd, 4319488.993, 98
Trd, 4319491.643, 105
Trd, 4319493.043, 106
Trd, 4319493.393, 108
Trd, 4319496.943, 101
Trd, 4319496.993, 108
Trd, 4319498.443, 103
Trd, 4319500.093, 102
Trd, 4319504.293, 94
Trd, 4319504.893, 97
Trd, 4319505.443, 87
Trd, 4319506.343, 93
Trd, 4319507.443, 106
Trd, 4319509.443, 113
Trd, 4319510.843, 100
Trd, 4319511.593, 102
Trd, 4319513.493, 104
Trd, 4319515.093, 120
Trd, 4319517.493, 109
Trd, 4319518.043, 104
Trd, 4319520.243, 106
Trd, 4319520.593, 112
Trd, 4319521.493, 83
Trd, 4319523.143, 108
Trd, 4319524.543, 108
Trd, 4319525.543, 102
Trd, 4319527.843, 101
Trd, 4319528.943, 102
Trd, 4319531.593, 105
Trd, 4319533.843, 104
Trd, 4319534.443, 101
Trd, 4319534.943, 101
Trd, 4319535.493, 90
Trd, 4319536.593, 82
Trd, 4319536.743, 103
Trd, 4319537.393, 98
Trd, 4319539.343, 86
Trd, 4319539.943, 104
Trd, 4319542.943, 114
Trd, 4319543.043, 109
Trd, 4319544.843, 104
Trd, 4319546.193, 102
Trd, 4319546.243, 103
Trd, 4319548.843, 102
Trd, 4319549.243, 102
Trd, 4319550.443, 110
Trd, 4319551.643, 113
Trd, 4319554.393, 111
Trd, 4319556.093, 109
Trd, 4319556.143, 113
Trd, 4319559.993, 109
Trd, 4319560.593, 110
Trd, 4319560.793, 107
Trd, 4319561.093, 92
Trd, 4319565.193, 102
Trd, 4319566.943, 113
Trd, 4319567.643, 111
Trd, 4319568.693, 109
Trd, 4319569.593, 83
Trd, 4319570.543, 108
Trd, 4319572.243, 103
Trd, 4319572.643, 109
Trd, 4319578.193, 102
Trd, 4319579.243, 105
Trd, 4319580.543, 101
Trd, 4319580.893, 105
Trd, 4319581.593, 100
Trd, 4319583.193, 98
Trd, 4319583.643, 123
Trd, 4319584.993, 93
Trd, 4319585.393, 114
Trd, 4319587.393, 104
Trd, 4319588.193, 94
Trd, 4319590.043, 86
Trd, 4319590.493, 131
Trd, 4319592.293, 102
Trd, 4319594.393, 102
Trd, 4319596.593, 102
Trd, 4319597.143, 101
Trd, 4319599.143, 100
Trd, 4319601.493, 104
Trd, 4319601.893, 97
Trd, 4319603.343, 85
Trd, 4319603.543, 88
Trd, 4319604.593, 85
Trd, 4319606.693, 96
Trd, 4319608.043, 105
Trd, 4319610.543, 96
Trd, 4319610.993, 97
Trd, 4319611.043, 98
Trd, 4319612.293, 84
Trd, 4319614.193, 106
Trd, 4319618.193, 94
Trd, 4319619.093, 93
Trd, 4319619.493, 94
Trd, 4319619.843, 105
Trd, 4319621.493, 93
Trd, 4319624.543, 97
Trd, 4319626.543, 83
Trd, 4319627.493, 95
Trd, 4319630.443, 97
Trd, 4319633.743, 94
Trd, 4319634.943, 93
Trd, 4319635.443, 95
Trd, 4319635.743, 105
Trd, 4319636.893, 124
Trd, 4319639.493, 98
Trd, 4319641.843, 101
Trd, 4319642.693, 98
Trd, 4319642.793, 114
Trd, 4319643.543, 103
Trd, 4319644.593, 99
Trd, 4319644.893, 94
Trd, 4319648.293, 96
Trd, 4319649.093, 101
Trd, 4319650.593, 102
Trd, 4319652.543, 105
Trd, 4319653.293, 101
Trd, 4319653.343, 101
Trd, 4319655.343, 98
Trd, 4319655.943, 102
Trd, 4319656.493, 106
Trd, 4319659.093, 113
Trd, 4319661.343, 97
Trd, 4319661.843, 96
Trd, 4319663.943, 94
Trd, 4319665.593, 91
Trd, 4319665.893, 98
Trd, 4319667.493, 107
Trd, 4319671.643, 94
Trd, 4319673.543, 99
Trd, 4319674.393, 108
Trd, 4319675.893, 99
Trd, 4319676.793, 101
Trd, 4319677.993, 101
Trd, 4319680.343, 104
Trd, 4319682.443, 99
Trd, 4319684.443, 105
Trd, 4319689.093, 102
Trd, 4319690.093, 105
Trd, 4319690.693, 103
Trd, 4319691.393, 99
Trd, 4319691.943, 97
Trd, 4319694.793, 97
Trd, 4319695.593, 98
Trd, 4319697.443, 97
Trd, 4319698.143, 113
Trd, 4319698.243, 121
Trd, 4319700.393, 101
Trd, 4319701.343, 104
Trd, 4319702.093, 104
Trd, 4319703.243, 127
Trd, 4319703.643, 90
Trd, 4319705.593, 85
Trd, 4319707.993, 95
Trd, 4319709.743, 101
Trd, 4319711.393, 104
Trd, 4319713.693, 99
Trd, 4319715.143, 101
Trd, 4319716.043, 110
Trd, 4319717.143, 108
Trd, 4319719.293, 108
Trd, 4319720.893, 105
Trd, 4319722.543, 104
Trd, 4319722.993, 110
Trd, 4319726.593, 100
Trd, 4319726.943, 85
Trd, 4319727.493, 97
Trd, 4319730.443, 98
Trd, 4319730.743, 104
Trd, 4319733.293, 99
Trd, 4319733.393, 113
Trd, 4319734.493, 97
Trd, 4319734.643, 95
Trd, 4319734.743, 84
Trd, 4319738.843, 94
Trd, 4319741.343, 101
Trd, 4319741.793, 110
Trd, 4319743.443, 102
Trd, 4319745.343, 107
Trd, 4319747.193, 104
Trd, 4319747.443, 84
Trd, 4319748.393, 106
Trd, 4319750.843, 99
Trd, 4319751.643, 98
Trd, 4319751.843, 105
Trd, 4319752.093, 113
Trd, 4319753.293, 99
Trd, 4319755.793, 104
Trd, 4319760.043, 98
Trd, 4319760.893, 103
Trd, 4319761.943, 105
Trd, 4319764.343, 104
Trd, 4319764.543, 99
Trd, 4319766.193, 108
Trd, 4319769.293, 102
Trd, 4319770.143, 100
Trd, 4319771.193, 88
Trd, 4319773.043, 105
Trd, 4319776.593, 98
Trd, 4319777.643, 95
Trd, 4319778.193, 96
Trd, 4319781.793, 103
Trd, 4319782.343, 106
Trd, 4319785.493, 102
Trd, 4319786.443, 107
Trd, 4319788.293, 107
Trd, 4319788.393, 98
Trd, 4319791.843, 98
Trd, 4319794.643, 97
Trd, 4319797.393, 101
Trd, 4319797.593, 96
Trd, 4319798.443, 113
Trd, 4319798.793, 112
Trd, 4319804.493, 104
Trd, 4319805.343, 96
Trd, 4319805.743, 105
Trd, 4319807.043, 113
Trd, 4319809.243, 104
Trd, 4319811.443, 101
Trd, 4319811.843, 107
Trd, 4319812.743, 113
Trd, 4319817.193, 107
Trd, 4319818.343, 108
Trd, 4319819.893, 108
Trd, 4319820.793, 108
Trd, 4319821.993, 107
Trd, 4319822.943, 106
Trd, 4319823.143, 113
Trd, 4319823.993, 89
Trd, 4319826.793, 100
Trd, 4319827.343, 100
Trd, 4319828.793, 90
Trd, 4319830.693, 96
Trd, 4319832.543, 98
Trd, 4319834.443, 96
Trd, 4319834.693, 106
Trd, 4319835.193, 85
Trd, 4319838.493, 97
Trd, 4319840.293, 96
Trd, 4319841.143, 107
Trd, 4319841.793, 95
Trd, 4319841.943, 113
Trd, 4319846.193, 103
Trd, 4319847.293, 108
Trd, 4319847.743, 100
Trd, 4319848.093, 113
Trd, 4319849.243, 105
Trd, 4319849.993, 99
Trd, 4319853.693, 100
Trd, 4319854.393, 100
Trd, 4319855.093, 106
Trd, 4319856.943, 106
Trd, 4319857.843, 106
Trd, 4319858.443, 99
Trd, 4319860.993, 101
Trd, 4319862.443, 100
Trd, 4319863.593, 106
Trd, 4319865.593, 97
Trd, 4319866.393, 84
Trd, 4319867.093, 90
Trd, 4319867.443, 106
Trd, 4319869.593, 94
Trd, 4319873.043, 107
Trd, 4319873.193, 101
Trd, 4319876.693, 102
Trd, 4319877.643, 99
Trd, 4319878.143, 106
Trd, 4319879.543, 105
Trd, 4319882.443, 103
Trd, 4319884.343, 100
Trd, 4319885.343, 104
Trd, 4319886.343, 113
Trd, 4319889.243, 99
Trd, 4319890.243, 104
Trd, 4319890.443, 99
Trd, 4319890.493, 104
Trd, 4319894.293, 98
Trd, 4319897.293, 97
Trd, 4319897.493, 104
Trd, 4319899.743, 101
Trd, 4319903.443, 97
Trd, 4319904.743, 101
Trd, 4319904.893, 104
Trd, 4319906.493, 95
Trd, 4319907.143, 97
Trd, 4319910.493, 104
Trd, 4319911.393, 99
Trd, 4319912.893, 95
Trd, 4319913.493, 95
Trd, 4319917.643, 106
Trd, 4319918.443, 104
Trd, 4319919.193, 113
Trd, 4319920.593, 95
Trd, 4319922.043, 93
Trd, 4319924.143, 85
Trd, 4319924.993, 99
Trd, 4319925.743, 97
Trd, 4319929.743, 104
Trd, 4319930.093, 94
Trd, 4319932.043, 95
Trd, 4319932.193, 106
Trd, 4319936.343, 95
Trd, 4319936.543, 95
Trd, 4319938.543, 100
Trd, 4319939.093, 94
Trd, 4319939.843, 113
Trd, 4319940.743, 111
Trd, 4319944.043, 94
Trd, 4319945.293, 94
Trd, 4319945.943, 104
Trd, 4319949.243, 104
Trd, 4319950.143, 99
Trd, 4319950.893, 103
Trd, 4319951.543, 103
Trd, 4319953.393, 99
Trd, 4319954.643, 103
Trd, 4319956.593, 101
Trd, 4319958.393, 96
Trd, 4319958.493, 105
Trd, 4319960.193, 100
Trd, 4319964.193, 99
Trd, 4319964.793, 100
Trd, 4319966.243, 99
Trd, 4319966.643, 106
Trd, 4319966.743, 91
Trd, 4319968.143, 101
Trd, 4319970.643, 106
Trd, 4319973.343, 107
Trd, 4319973.693, 104
Trd, 4319974.143, 104
Trd, 4319975.393, 96
Trd, 4319976.193, 95
Trd, 4319979.243, 100
Trd, 4319980.443, 113
Trd, 4319981.093, 95
Trd, 4319983.093, 101
Trd, 4319984.843, 99
Trd, 4319985.893, 103
Trd, 4319987.293, 89
Trd, 4319987.493, 104
Trd, 4319992.043, 104
Trd, 4319992.093, 125
Trd, 4319993.993, 114
Trd, 4319998.493, 105
Trd, 4319999.493, 105
