Trd, 4317762.693, 82
Trd, 4317762.993, 82
Trd, 4317764.543, 82
Trd, 4317766.943, 89
Trd, 4317769.293, 86
Trd, 4317769.593, 86
Trd, 4317770.993, 87
Trd, 4317772.243, 95
Trd, 4317773.443, 89
Trd, 4317779.643, 89
Trd, 4317779.693, 88
Trd, 4317780.043, 88
Trd, 4317780.793, 87
Trd, 4317781.293, 88
Trd, 4317781.393, 95
Trd, 4317785.243, 87
Trd, 4317786.393, 86
Trd, 4317788.443, 88
Trd, 4317791.293, 86
Trd, 4317792.043, 85
Trd, 4317793.093, 85
Trd, 4317794.493, 84
Trd, 4317795.293, 86
Trd, 4317800.143, 90
Trd, 4317804.843, 86
Trd, 4317807.593, 85
Trd, 4317807.643, 85
Trd, 4317807.743, 85
Trd, 4317808.043, 88
Trd, 4317811.643, 90
Trd, 4317812.493, 89
Trd, 4317813.343, 94
Trd, 4317816.193, 89
Trd, 4317817.193, 89
Trd, 4317822.693, 89
Trd, 4317822.893, 90
Trd, 4317825.493, 88
Trd, 4317827.893, 89
Trd, 4317828.943, 88
Trd, 4317829.893, 88
Trd, 4317835.643, 88
Trd, 4317835.693, 88
Trd, 4317837.343, 88
Trd, 4317839.693, 87
Trd, 4317840.343, 89
Trd, 4317845.093, 87
Trd, 4317846.843, 86
Trd, 4317847.293, 87
Trd, 4317848.593, 85
Trd, 4317853.793, 85
Trd, 4317855.343, 85
Trd, 4317856.393, 86
Trd, 4317856.943, 85
Trd, 4317858.643, 85
Trd, 4317858.743, 85
Trd, 4317858.793, 84
Trd, 4317861.293, 86
Trd, 4317862.093, 87
Trd, 4317862.793, 87
Trd, 4317863.543, 95
Trd, 4317866.443, 86
Trd, 4317867.643, 86
Trd, 4317873.293, 85
Trd, 4317876.743, 85
Trd, 4317879.393, 88
Trd, 4317881.443, 85
Trd, 4317882.443, 84
Trd, 4317882.543, 86
Trd, 4317884.993, 88
Trd, 4317885.243, 87
Trd, 4317885.443, 95
Trd, 4317886.743, 90
Trd, 4317888.593, 90
Trd, 4317893.443, 89
Trd, 4317893.793, 90
Trd, 4317894.293, 88
Trd, 4317894.793, 91
Trd, 4317897.443, 87
Trd, 4317901.693, 101
Trd, 4317902.943, 96
Trd, 4317903.343, 95
Trd, 4317905.443, 94
Trd, 4317907.143, 96
Trd, 4317907.343, 93
Trd, 4317910.093, 93
Trd, 4317912.693, 92
Trd, 4317912.843, 93
Trd, 4317914.643, 91
Trd, 4317915.543, 91
Trd, 4317917.093, 95
Trd, 4317918.593, 90
Trd, 4317921.793, 91
Trd, 4317922.493, 90
Trd, 4317924.743, 90
Trd, 4317925.393, 90
Trd, 4317928.293, 91
Trd, 4317928.993, 90
Trd, 4317930.393, 89
Trd, 4317931.993, 88
Trd, 4317933.393, 88
Trd, 4317934.243, 87
Trd, 4317936.043, 86
Trd, 4317936.493, 89
Trd, 4317937.093, 95
Trd, 4317939.093, 87
Trd, 4317941.843, 88
Trd, 4317944.843, 86
Trd, 4317948.193, 86
Trd, 4317948.443, 88
Trd, 4317952.393, 85
Trd, 4317952.643, 85
Trd, 4317953.143, 84
Trd, 4317954.093, 84
Trd, 4317954.293, 89
Trd, 4317957.793, 86
Trd, 4317962.393, 84
Trd, 4317962.843, 84
Trd, 4317963.543, 84
Trd, 4317966.243, 83
Trd, 4317967.193, 85
Trd, 4317968.893, 85
Trd, 4317972.193, 85
Trd, 4317972.593, 86
Trd, 4317980.493, 86
Trd, 4317980.743, 85
Trd, 4317982.943, 87
Trd, 4317983.943, 84
Trd, 4317988.893, 85
Trd, 4317989.293, 84
Trd, 4317992.343, 84
Trd, 4317992.593, 84
Trd, 4317995.043, 84
Trd, 4317996.143, 84
Trd, 4317997.843, 85
Trd, 4317998.193, 87
Trd, 4318004.643, 84
Trd, 4318005.343, 84
Trd, 4318005.793, 83
Trd, 4318007.093, 83
Trd, 4318010.293, 83
Trd, 4318012.793, 82
Trd, 4318013.693, 83
Trd, 4318015.193, 82
Trd, 4318016.743, 82
Trd, 4318023.243, 83
Trd, 4318024.243, 82
Trd, 4318024.943, 83
Trd, 4318027.693, 84
Trd, 4318035.143, 82
Trd, 4318038.543, 82
Trd, 4318038.993, 82
Trd, 4318042.343, 82
Trd, 4318044.543, 82
Trd, 4318046.293, 81
Trd, 4318050.243, 82
Trd, 4318050.393, 81
Trd, 4318053.943, 86
Trd, 4318054.093, 84
Trd, 4318057.743, 84
Trd, 4318059.193, 85
Trd, 4318062.443, 84
Trd, 4318064.243, 85
Trd, 4318067.643, 84
Trd, 4318070.143, 84
Trd, 4318070.393, 85
Trd, 4318075.943, 85
Trd, 4318076.593, 85
Trd, 4318079.043, 85
Trd, 4318081.593, 84
Trd, 4318084.243, 86
Trd, 4318088.543, 84
Trd, 4318090.593, 84
Trd, 4318092.093, 84
Trd, 4318092.693, 84
Trd, 4318094.493, 87
Trd, 4318095.443, 87
Trd, 4318097.193, 86
Trd, 4318099.243, 86
Trd, 4318101.393, 87
Trd, 4318104.093, 85
Trd, 4318106.093, 86
Trd, 4318111.393, 84
Trd, 4318112.193, 84
Trd, 4318113.993, 85
Trd, 4318114.843, 85
Trd, 4318116.843, 84
Trd, 4318121.493, 84
Trd, 4318125.143, 84
Trd, 4318126.443, 83
Trd, 4318128.243, 90
Trd, 4318128.543, 87
Trd, 4318129.743, 86
Trd, 4318131.293, 91
Trd, 4318134.493, 86
Trd, 4318135.093, 86
Trd, 4318141.693, 87
Trd, 4318141.893, 85
Trd, 4318142.193, 84
Trd, 4318142.443, 88
Trd, 4318148.243, 84
Trd, 4318149.243, 86
Trd, 4318150.243, 86
Trd, 4318154.643, 85
Trd, 4318156.393, 86
Trd, 4318158.693, 85
Trd, 4318163.593, 86
Trd, 4318164.143, 85
Trd, 4318166.043, 86
Trd, 4318166.293, 86
Trd, 4318167.693, 86
Trd, 4318169.293, 85
Trd, 4318172.793, 85
Trd, 4318173.143, 95
Trd, 4318174.393, 90
Trd, 4318174.743, 89
Trd, 4318175.143, 104
Trd, 4318177.693, 87
Trd, 4318179.193, 87
Trd, 4318179.993, 87
Trd, 4318182.293, 86
Trd, 4318184.693, 86
Trd, 4318185.493, 85
Trd, 4318188.593, 85
Trd, 4318188.843, 85
Trd, 4318189.693, 92
Trd, 4318193.743, 87
Trd, 4318195.643, 87
Trd, 4318196.643, 86
Trd, 4318200.493, 86
Trd, 4318202.443, 87
Trd, 4318207.143, 85
Trd, 4318208.193, 85
Trd, 4318209.043, 86
Trd, 4318213.943, 86
Trd, 4318215.493, 85
Trd, 4318216.793, 85
Trd, 4318217.143, 85
Trd, 4318219.943, 84
Trd, 4318220.643, 85
Trd, 4318223.693, 89
Trd, 4318227.693, 83
Trd, 4318228.843, 82
Trd, 4318230.093, 82
Trd, 4318230.193, 84
Trd, 4318234.693, 82
Trd, 4318235.593, 83
Trd, 4318236.943, 93
Trd, 4318238.993, 86
Trd, 4318244.543, 81
Trd, 4318244.993, 84
Trd, 4318248.193, 83
Trd, 4318249.493, 91
Trd, 4318251.243, 89
Trd, 4318252.393, 89
Trd, 4318252.543, 88
Trd, 4318256.943, 88
Trd, 4318260.543, 87
Trd, 4318260.893, 87
Trd, 4318261.043, 95
Trd, 4318262.493, 87
Trd, 4318263.393, 103
Trd, 4318266.093, 97
Trd, 4318266.893, 97
Trd, 4318267.893, 96
Trd, 4318267.993, 96
Trd, 4318269.543, 94
Trd, 4318270.693, 94
Trd, 4318272.643, 94
Trd, 4318274.243, 95
Trd, 4318275.093, 93
Trd, 4318280.693, 95
Trd, 4318281.143, 92
Trd, 4318284.343, 92
Trd, 4318284.643, 94
Trd, 4318287.243, 91
Trd, 4318287.543, 93
Trd, 4318287.843, 90
Trd, 4318293.243, 89
Trd, 4318293.693, 90
Trd, 4318293.893, 89
Trd, 4318294.193, 89
Trd, 4318297.543, 88
Trd, 4318307.843, 88
Trd, 4318308.893, 87
Trd, 4318308.993, 87
Trd, 4318309.393, 86
Trd, 4318310.343, 85
Trd, 4318310.493, 86
Trd, 4318312.393, 88
Trd, 4318313.043, 87
Trd, 4318315.343, 86
Trd, 4318315.593, 88
Trd, 4318320.043, 86
Trd, 4318322.693, 85
Trd, 4318322.993, 85
Trd, 4318323.743, 87
Trd, 4318324.593, 87
Trd, 4318326.693, 92
Trd, 4318327.843, 91
Trd, 4318329.043, 90
Trd, 4318331.243, 89
Trd, 4318334.943, 91
Trd, 4318336.793, 88
Trd, 4318336.893, 88
Trd, 4318337.543, 91
Trd, 4318339.093, 88
Trd, 4318340.693, 90
Trd, 4318341.443, 88
Trd, 4318343.243, 87
Trd, 4318347.643, 89
Trd, 4318347.693, 95
Trd, 4318349.093, 87
Trd, 4318350.093, 88
Trd, 4318351.193, 87
Trd, 4318353.343, 88
Trd, 4318356.243, 94
Trd, 4318356.293, 91
Trd, 4318356.793, 90
Trd, 4318358.743, 100
Trd, 4318359.643, 97
Trd, 4318361.643, 96
Trd, 4318361.793, 96
Trd, 4318362.493, 95
Trd, 4318362.793, 95
Trd, 4318365.393, 90
Trd, 4318366.793, 91
Trd, 4318370.343, 90
Trd, 4318370.443, 90
Trd, 4318372.043, 89
Trd, 4318372.743, 90
Trd, 4318375.793, 89
Trd, 4318377.443, 88
Trd, 4318380.743, 89
Trd, 4318382.893, 87
Trd, 4318383.993, 86
Trd, 4318384.693, 85
Trd, 4318385.243, 85
Trd, 4318386.793, 85
Trd, 4318387.943, 95
Trd, 4318389.693, 85
Trd, 4318390.593, 87
Trd, 4318391.093, 86
Trd, 4318391.693, 86
Trd, 4318392.743, 102
Trd, 4318394.293, 98
Trd, 4318395.093, 99
Trd, 4318395.993, 97
Trd, 4318397.793, 98
Trd, 4318398.343, 98
Trd, 4318402.543, 101
Trd, 4318404.643, 98
Trd, 4318404.743, 97
Trd, 4318405.593, 97
Trd, 4318405.743, 97
Trd, 4318405.793, 99
Trd, 4318409.193, 97
Trd, 4318411.443, 96
Trd, 4318411.893, 96
Trd, 4318414.643, 95
Trd, 4318415.543, 94
Trd, 4318416.593, 95
Trd, 4318418.843, 93
Trd, 4318423.593, 92
Trd, 4318426.393, 92
Trd, 4318427.843, 93
Trd, 4318429.043, 92
Trd, 4318430.293, 92
Trd, 4318432.293, 93
Trd, 4318433.243, 92
Trd, 4318435.743, 91
Trd, 4318437.243, 90
Trd, 4318438.993, 90
Trd, 4318439.043, 90
Trd, 4318440.043, 89
Trd, 4318444.093, 91
Trd, 4318444.643, 101
Trd, 4318445.393, 98
Trd, 4318446.443, 101
Trd, 4318447.143, 98
Trd, 4318449.993, 98
Trd, 4318452.393, 98
Trd, 4318452.493, 98
Trd, 4318453.943, 96
Trd, 4318455.843, 104
Trd, 4318457.343, 96
Trd, 4318457.493, 98
Trd, 4318459.293, 95
Trd, 4318462.893, 97
Trd, 4318463.843, 95
Trd, 4318466.243, 95
Trd, 4318469.493, 95
Trd, 4318470.943, 95
Trd, 4318471.143, 94
Trd, 4318472.243, 93
Trd, 4318478.043, 92
Trd, 4318478.543, 92
Trd, 4318479.293, 92
Trd, 4318480.943, 93
Trd, 4318484.343, 91
Trd, 4318484.743, 93
Trd, 4318485.893, 91
Trd, 4318491.143, 90
Trd, 4318491.243, 90
Trd, 4318492.993, 90
Trd, 4318493.793, 95
Trd, 4318495.993, 89
Trd, 4318496.443, 89
Trd, 4318498.843, 88
Trd, 4318499.643, 87
Trd, 4318501.643, 87
Trd, 4318505.043, 86
Trd, 4318505.693, 93
Trd, 4318507.793, 87
Trd, 4318511.043, 85
Trd, 4318513.793, 84
Trd, 4318514.643, 84
Trd, 4318516.343, 86
Trd, 4318519.493, 92
Trd, 4318519.993, 94
Trd, 4318521.993, 93
Trd, 4318522.743, 95
Trd, 4318523.393, 95
Trd, 4318524.343, 94
Trd, 4318525.343, 94
Trd, 4318528.593, 104
Trd, 4318531.243, 92
Trd, 4318533.893, 91
Trd, 4318535.293, 91
Trd, 4318538.693, 91
Trd, 4318540.293, 90
Trd, 4318541.443, 91
Trd, 4318544.743, 90
Trd, 4318545.593, 90
Trd, 4318546.293, 91
Trd, 4318546.743, 98
Trd, 4318547.693, 96
Trd, 4318550.193, 96
Trd, 4318550.593, 97
Trd, 4318552.243, 95
Trd, 4318553.393, 96
Trd, 4318554.093, 95
Trd, 4318556.343, 94
Trd, 4318558.443, 94
Trd, 4318562.343, 95
Trd, 4318563.493, 94
Trd, 4318564.243, 92
Trd, 4318567.393, 93
Trd, 4318567.893, 92
Trd, 4318568.543, 91
Trd, 4318569.143, 95
Trd, 4318572.143, 91
Trd, 4318572.593, 90
Trd, 4318574.393, 90
Trd, 4318575.393, 89
Trd, 4318578.293, 89
Trd, 4318578.543, 89
Trd, 4318578.593, 88
Trd, 4318581.293, 89
Trd, 4318581.743, 89
Trd, 4318582.043, 88
Trd, 4318586.793, 87
Trd, 4318587.693, 88
Trd, 4318588.443, 86
Trd, 4318590.243, 86
Trd, 4318590.343, 86
Trd, 4318591.343, 87
Trd, 4318593.643, 88
Trd, 4318596.393, 87
Trd, 4318598.143, 88
Trd, 4318598.693, 87
Trd, 4318600.493, 94
Trd, 4318600.943, 89
Trd, 4318603.143, 88
Trd, 4318606.793, 88
Trd, 4318607.893, 92
Trd, 4318609.993, 88
Trd, 4318610.093, 87
Trd, 4318610.943, 86
Trd, 4318615.843, 87
Trd, 4318617.043, 87
Trd, 4318618.993, 87
Trd, 4318619.993, 86
Trd, 4318620.443, 85
Trd, 4318622.143, 86
Trd, 4318623.593, 86
Trd, 4318626.093, 85
Trd, 4318626.443, 84
Trd, 4318628.693, 84
Trd, 4318632.843, 84
Trd, 4318633.293, 83
Trd, 4318633.543, 83
Trd, 4318635.693, 85
Trd, 4318639.343, 83
Trd, 4318639.493, 83
Trd, 4318641.493, 82
Trd, 4318645.343, 82
Trd, 4318645.393, 83
Trd, 4318646.293, 82
Trd, 4318648.443, 87
Trd, 4318648.843, 95
Trd, 4318651.243, 92
Trd, 4318651.293, 91
Trd, 4318651.893, 95
Trd, 4318654.043, 92
Trd, 4318656.043, 91
Trd, 4318657.493, 91
Trd, 4318659.693, 89
Trd, 4318660.693, 92
Trd, 4318666.043, 89
Trd, 4318666.793, 89
Trd, 4318668.143, 89
Trd, 4318668.193, 88
Trd, 4318671.493, 92
Trd, 4318671.893, 91
Trd, 4318674.743, 94
Trd, 4318674.893, 94
Trd, 4318675.343, 95
Trd, 4318676.443, 92
Trd, 4318677.893, 93
Trd, 4318680.193, 91
Trd, 4318683.093, 91
Trd, 4318683.593, 90
Trd, 4318686.793, 89
Trd, 4318688.143, 89
Trd, 4318688.443, 90
Trd, 4318690.343, 88
Trd, 4318691.043, 91
Trd, 4318694.243, 88
Trd, 4318695.093, 89
Trd, 4318695.343, 87
Trd, 4318695.993, 89
Trd, 4318699.243, 86
Trd, 4318699.293, 86
Trd, 4318701.043, 86
Trd, 4318706.593, 85
Trd, 4318706.793, 86
Trd, 4318711.043, 85
Trd, 4318716.293, 86
Trd, 4318716.543, 86
Trd, 4318716.943, 88
Trd, 4318717.543, 87
Trd, 4318722.093, 86
Trd, 4318724.543, 86
Trd, 4318728.343, 84
Trd, 4318728.593, 84
Trd, 4318730.443, 86
Trd, 4318731.193, 84
Trd, 4318731.693, 95
Trd, 4318733.343, 87
Trd, 4318737.593, 84
Trd, 4318737.943, 84
Trd, 4318740.443, 85
Trd, 4318740.793, 93
Trd, 4318746.893, 84
Trd, 4318747.643, 85
Trd, 4318748.943, 84
Trd, 4318750.293, 87
Trd, 4318751.243, 86
Trd, 4318753.693, 86
Trd, 4318753.843, 86
Trd, 4318759.493, 85
Trd, 4318760.193, 86
Trd, 4318762.593, 86
Trd, 4318766.243, 84
Trd, 4318767.793, 84
Trd, 4318770.843, 85
Trd, 4318774.143, 94
Trd, 4318781.143, 85
Trd, 4318785.743, 85
Trd, 4318788.443, 83
Trd, 4318791.843, 84
Trd, 4318793.093, 83
Trd, 4318793.543, 83
Trd, 4318797.693, 84
Trd, 4318799.343, 85
Trd, 4318803.343, 84
Trd, 4318803.643, 83
Trd, 4318806.093, 82
Trd, 4318808.343, 82
Trd, 4318809.793, 82
Trd, 4318810.593, 82
Trd, 4318811.093, 83
Trd, 4318811.543, 95
Trd, 4318812.443, 90
Trd, 4318819.093, 82
Trd, 4318819.243, 84
Trd, 4318824.193, 81
Trd, 4318824.293, 83
Trd, 4318826.443, 83
Trd, 4318831.893, 80
Trd, 4318833.443, 80
Trd, 4318835.393, 81
Trd, 4318836.843, 82
Trd, 4318841.843, 79
Trd, 4318843.843, 78
Trd, 4318844.393, 80
Trd, 4318846.043, 80
Trd, 4318846.393, 83
Trd, 4318850.693, 89
Trd, 4318851.693, 83
Trd, 4318857.793, 83
Trd, 4318858.943, 82
Trd, 4318859.943, 83
Trd, 4318863.293, 84
Trd, 4318863.743, 86
Trd, 4318865.143, 84
Trd, 4318869.193, 85
Trd, 4318871.843, 84
Trd, 4318874.193, 83
Trd, 4318877.943, 83
Trd, 4318878.043, 82
Trd, 4318881.793, 87
Trd, 4318884.993, 84
Trd, 4318888.293, 81
Trd, 4318889.343, 82
Trd, 4318893.093, 82
Trd, 4318894.643, 81
Trd, 4318895.093, 82
Trd, 4318897.593, 80
Trd, 4318901.393, 81
Trd, 4318902.543, 79
Trd, 4318903.243, 79
Trd, 4318904.493, 88
Trd, 4318905.943, 85
Trd, 4318906.293, 83
Trd, 4318908.543, 89
Trd, 4318909.143, 95
Trd, 4318909.793, 89
Trd, 4318910.543, 86
Trd, 4318910.893, 87
Trd, 4318912.943, 102
Trd, 4318913.593, 99
Trd, 4318915.393, 98
Trd, 4318917.243, 98
Trd, 4318918.443, 88
Trd, 4318918.943, 93
Trd, 4318921.243, 95
Trd, 4318922.393, 94
Trd, 4318923.743, 97
Trd, 4318924.493, 96
Trd, 4318924.793, 102
Trd, 4318927.243, 97
Trd, 4318927.843, 96
Trd, 4318930.043, 96
Trd, 4318931.043, 97
Trd, 4318931.243, 95
Trd, 4318932.443, 94
Trd, 4318937.343, 93
Trd, 4318941.143, 91
Trd, 4318942.393, 93
Trd, 4318947.593, 93
Trd, 4318947.643, 90
Trd, 4318950.843, 89
Trd, 4318953.293, 89
Trd, 4318953.443, 88
Trd, 4318955.743, 89
Trd, 4318958.893, 89
Trd, 4318960.493, 87
Trd, 4318964.243, 87
Trd, 4318964.893, 87
Trd, 4318965.743, 88
Trd, 4318968.043, 87
Trd, 4318971.443, 86
Trd, 4318974.143, 85
Trd, 4318974.593, 85
Trd, 4318976.093, 86
Trd, 4318976.893, 85
Trd, 4318979.693, 90
Trd, 4318981.543, 85
Trd, 4318981.993, 87
Trd, 4318982.893, 86
Trd, 4318986.643, 85
Trd, 4318990.543, 86
Trd, 4318992.643, 85
Trd, 4318995.093, 86
Trd, 4318997.693, 84
Trd, 4319003.093, 85
Trd, 4319003.793, 84
Trd, 4319006.343, 85
Trd, 4319009.143, 84
Trd, 4319014.993, 83
Trd, 4319015.143, 83
Trd, 4319016.693, 83
Trd, 4319016.743, 92
Trd, 4319020.393, 87
Trd, 4319022.243, 87
Trd, 4319025.343, 85
Trd, 4319029.793, 86
Trd, 4319030.993, 85
Trd, 4319032.643, 85
Trd, 4319033.743, 86
Trd, 4319036.143, 84
Trd, 4319037.293, 84
Trd, 4319038.943, 86
Trd, 4319043.593, 83
Trd, 4319043.793, 83
Trd, 4319044.993, 83
Trd, 4319045.443, 83
Trd, 4319047.593, 86
Trd, 4319047.793, 85
Trd, 4319051.643, 86
Trd, 4319053.093, 84
Trd, 4319053.243, 85
Trd, 4319057.593, 85
Trd, 4319059.543, 87
Trd, 4319060.293, 87
Trd, 4319062.693, 84
Trd, 4319068.593, 84
Trd, 4319069.043, 85
Trd, 4319070.493, 85
Trd, 4319071.693, 86
Trd, 4319073.693, 85
Trd, 4319076.543, 85
Trd, 4319080.893, 84
Trd, 4319081.193, 85
Trd, 4319082.293, 84
Trd, 4319084.193, 86
Trd, 4319087.743, 84
Trd, 4319090.193, 83
Trd, 4319090.243, 83
Trd, 4319092.243, 88
Trd, 4319095.893, 85
Trd, 4319098.593, 85
Trd, 4319105.793, 84
Trd, 4319106.843, 84
Trd, 4319110.793, 84
Trd, 4319111.943, 86
Trd, 4319114.643, 84
Trd, 4319115.793, 85
Trd, 4319121.243, 83
Trd, 4319121.293, 83
Trd, 4319122.143, 83
Trd, 4319122.843, 91
Trd, 4319124.743, 88
Trd, 4319125.243, 89
Trd, 4319127.193, 88
Trd, 4319127.493, 88
Trd, 4319131.193, 88
Trd, 4319133.893, 87
Trd, 4319135.843, 86
Trd, 4319136.043, 85
Trd, 4319137.293, 84
Trd, 4319138.243, 84
Trd, 4319139.543, 85
Trd, 4319141.443, 83
Trd, 4319142.893, 84
Trd, 4319148.643, 83
Trd, 4319148.693, 82
Trd, 4319150.743, 82
Trd, 4319151.643, 87
Trd, 4319153.793, 86
Trd, 4319157.643, 87
Trd, 4319159.093, 85
Trd, 4319162.893, 84
Trd, 4319163.843, 84
Trd, 4319165.193, 84
Trd, 4319165.243, 95
Trd, 4319167.843, 91
Trd, 4319169.543, 89
Trd, 4319174.393, 83
Trd, 4319176.393, 83
Trd, 4319183.093, 84
Trd, 4319183.993, 87
Trd, 4319185.543, 86
Trd, 4319188.093, 86
Trd, 4319189.043, 86
Trd, 4319192.893, 86
Trd, 4319192.993, 86
Trd, 4319193.743, 85
Trd, 4319193.793, 85
Trd, 4319197.593, 88
Trd, 4319197.993, 94
Trd, 4319199.043, 88
Trd, 4319200.293, 89
Trd, 4319204.193, 87
Trd, 4319205.843, 88
Trd, 4319207.843, 88
Trd, 4319209.243, 87
Trd, 4319211.743, 86
Trd, 4319212.393, 86
Trd, 4319215.093, 86
Trd, 4319218.543, 85
Trd, 4319219.893, 86
Trd, 4319222.243, 86
Trd, 4319224.093, 86
Trd, 4319226.943, 86
Trd, 4319230.793, 84
Trd, 4319230.993, 84
Trd, 4319232.243, 89
Trd, 4319237.343, 84
Trd, 4319240.543, 85
Trd, 4319241.793, 85
Trd, 4319245.443, 83
Trd, 4319246.743, 83
Trd, 4319247.293, 83
Trd, 4319253.493, 83
Trd, 4319253.643, 84
Trd, 4319259.243, 83
Trd, 4319259.343, 84
Trd, 4319265.093, 82
Trd, 4319265.393, 84
Trd, 4319267.843, 82
Trd, 4319268.143, 82
Trd, 4319270.743, 82
Trd, 4319272.393, 90
Trd, 4319274.193, 88
Trd, 4319275.793, 88
Trd, 4319277.443, 89
Trd, 4319277.743, 88
Trd, 4319279.593, 86
Trd, 4319281.493, 86
Trd, 4319282.643, 86
Trd, 4319285.493, 85
Trd, 4319289.843, 86
Trd, 4319290.793, 86
Trd, 4319292.793, 86
Trd, 4319292.943, 85
Trd, 4319295.843, 84
Trd, 4319297.243, 85
Trd, 4319297.893, 83
Trd, 4319301.693, 84
Trd, 4319301.943, 83
Trd, 4319305.493, 84
Trd, 4319306.643, 85
Trd, 4319309.893, 85
Trd, 4319312.143, 83
Trd, 4319315.893, 84
Trd, 4319316.243, 83
Trd, 4319319.893, 84
Trd, 4319320.593, 84
Trd, 4319324.543, 85
Trd, 4319325.793, 85
Trd, 4319329.593, 85
Trd, 4319330.193, 87
Trd, 4319332.993, 87
Trd, 4319335.493, 86
Trd, 4319336.943, 87
Trd, 4319339.943, 85
Trd, 4319340.543, 85
Trd, 4319342.193, 85
Trd, 4319342.543, 86
Trd, 4319343.543, 104
Trd, 4319344.443, 99
Trd, 4319346.393, 87
Trd, 4319346.743, 89
Trd, 4319348.643, 91
Trd, 4319350.893, 93
Trd, 4319352.793, 91
Trd, 4319354.743, 91
Trd, 4319354.793, 90
Trd, 4319359.943, 89
Trd, 4319360.993, 89
Trd, 4319362.193, 90
Trd, 4319366.143, 88
Trd, 4319366.643, 87
Trd, 4319367.343, 89
Trd, 4319369.693, 90
Trd, 4319373.343, 86
Trd, 4319374.093, 85
Trd, 4319375.243, 85
Trd, 4319375.993, 85
Trd, 4319377.143, 85
Trd, 4319380.893, 85
Trd, 4319383.693, 86
Trd, 4319386.743, 95
Trd, 4319389.593, 84
Trd, 4319390.893, 84
Trd, 4319394.893, 85
Trd, 4319394.943, 85
Trd, 4319396.393, 84
Trd, 4319404.643, 83
Trd, 4319404.743, 83
Trd, 4319405.343, 85
Trd, 4319407.443, 87
Trd, 4319410.543, 85
Trd, 4319411.893, 84
Trd, 4319414.143, 85
Trd, 4319416.143, 85
Trd, 4319417.293, 85
Trd, 4319418.343, 88
Trd, 4319423.343, 84
Trd, 4319423.743, 83
Trd, 4319424.493, 84
Trd, 4319425.893, 83
Trd, 4319427.043, 82
Trd, 4319430.943, 82
Trd, 4319431.493, 81
Trd, 4319433.043, 82
Trd, 4319439.743, 81
Trd, 4319440.043, 80
Trd, 4319440.093, 80
Trd, 4319440.793, 80
Trd, 4319441.943, 80
Trd, 4319442.843, 92
Trd, 4319445.043, 84
Trd, 4319448.243, 95
Trd, 4319453.393, 83
Trd, 4319453.493, 86
Trd, 4319454.793, 87
Trd, 4319456.543, 86
Trd, 4319456.743, 86
Trd, 4319457.693, 87
Trd, 4319460.993, 88
Trd, 4319464.893, 87
Trd, 4319465.693, 87
Trd, 4319467.343, 87
Trd, 4319468.343, 87
Trd, 4319470.193, 86
Trd, 4319470.793, 87
Trd, 4319472.143, 92
Trd, 4319473.243, 96
Trd, 4319477.093, 92
Trd, 4319477.143, 91
Trd, 4319478.093, 92
Trd, 4319478.793, 91
Trd, 4319479.743, 90
Trd, 4319481.393, 85
Trd, 4319481.643, 87
Trd, 4319482.543, 91
Trd, 4319484.943, 86
Trd, 4319486.493, 88
Trd, 4319488.343, 87
Trd, 4319489.943, 88
Trd, 4319491.843, 89
Trd, 4319493.543, 88
Trd, 4319495.793, 88
Trd, 4319498.443, 88
Trd, 4319499.743, 87
Trd, 4319500.193, 87
Trd, 4319501.793, 86
Trd, 4319505.593, 85
Trd, 4319505.793, 85
Trd, 4319506.293, 85
Trd, 4319507.343, 93
Trd, 4319508.443, 88
Trd, 4319508.493, 95
Trd, 4319514.393, 87
Trd, 4319515.543, 87
Trd, 4319516.343, 87
Trd, 4319520.143, 86
Trd, 4319522.193, 85
Trd, 4319522.943, 87
Trd, 4319525.543, 85
Trd, 4319527.843, 86
Trd, 4319530.143, 85
Trd, 4319531.093, 88
Trd, 4319531.993, 89
Trd, 4319532.443, 90
Trd, 4319533.493, 90
Trd, 4319534.543, 91
Trd, 4319537.493, 92
Trd, 4319539.443, 91
Trd, 4319540.793, 91
Trd, 4319541.993, 91
Trd, 4319543.943, 92
Trd, 4319549.543, 90
Trd, 4319549.643, 90
Trd, 4319550.443, 90
Trd, 4319550.793, 88
Trd, 4319552.793, 93
Trd, 4319554.693, 89
Trd, 4319555.093, 88
Trd, 4319560.493, 89
Trd, 4319561.793, 87
Trd, 4319562.243, 87
Trd, 4319564.793, 87
Trd, 4319565.943, 88
Trd, 4319568.543, 87
Trd, 4319568.743, 86
Trd, 4319569.543, 87
Trd, 4319573.393, 89
Trd, 4319576.093, 85
Trd, 4319580.143, 84
Trd, 4319580.493, 84
Trd, 4319580.843, 85
Trd, 4319581.293, 84
Trd, 4319582.693, 95
Trd, 4319584.943, 86
Trd, 4319585.993, 92
Trd, 4319589.193, 87
Trd, 4319589.393, 86
Trd, 4319591.543, 88
Trd, 4319592.343, 86
Trd, 4319595.843, 85
Trd, 4319596.693, 87
Trd, 4319597.893, 87
Trd, 4319600.593, 88
Trd, 4319601.593, 87
Trd, 4319601.743, 87
Trd, 4319602.193, 86
Trd, 4319607.893, 88
Trd, 4319609.693, 86
Trd, 4319609.843, 86
Trd, 4319614.043, 87
Trd, 4319615.793, 86
Trd, 4319619.393, 86
Trd, 4319619.593, 85
Trd, 4319621.643, 85
Trd, 4319621.993, 85
Trd, 4319628.243, 85
Trd, 4319628.493, 84
Trd, 4319628.893, 84
Trd, 4319629.593, 92
Trd, 4319633.243, 87
Trd, 4319635.593, 91
Trd, 4319636.143, 90
Trd, 4319638.393, 91
Trd, 4319639.993, 90
Trd, 4319640.743, 89
Trd, 4319641.743, 89
Trd, 4319644.343, 88
Trd, 4319644.443, 89
Trd, 4319651.843, 89
Trd, 4319652.493, 88
Trd, 4319655.193, 87
Trd, 4319658.743, 86
Trd, 4319658.993, 86
Trd, 4319661.543, 85
Trd, 4319661.993, 85
Trd, 4319662.043, 106
Trd, 4319663.593, 95
Trd, 4319664.093, 98
Trd, 4319665.593, 101
Trd, 4319666.143, 109
Trd, 4319667.943, 103
Trd, 4319669.043, 104
Trd, 4319670.343, 103
Trd, 4319670.643, 101
Trd, 4319673.243, 100
Trd, 4319673.493, 100
Trd, 4319675.043, 100
Trd, 4319676.793, 100
Trd, 4319683.643, 99
Trd, 4319683.793, 99
Trd, 4319683.843, 98
Trd, 4319685.393, 99
Trd, 4319686.143, 97
Trd, 4319690.943, 97
Trd, 4319691.393, 96
Trd, 4319691.593, 98
Trd, 4319692.693, 95
Trd, 4319694.293, 95
Trd, 4319694.543, 94
Trd, 4319698.093, 93
Trd, 4319698.193, 93
Trd, 4319699.693, 95
Trd, 4319701.793, 93
Trd, 4319702.893, 92
Trd, 4319704.693, 92
Trd, 4319705.793, 101
Trd, 4319706.693, 94
Trd, 4319711.893, 93
Trd, 4319712.993, 93
Trd, 4319713.393, 92
Trd, 4319714.143, 91
Trd, 4319715.643, 104
Trd, 4319716.793, 95
Trd, 4319717.743, 95
Trd, 4319718.193, 95
Trd, 4319719.593, 95
Trd, 4319720.293, 94
Trd, 4319721.643, 92
Trd, 4319723.043, 93
Trd, 4319724.143, 92
Trd, 4319724.443, 93
Trd, 4319729.243, 92
Trd, 4319729.843, 92
Trd, 4319732.143, 93
Trd, 4319735.343, 91
Trd, 4319737.293, 90
Trd, 4319737.893, 89
Trd, 4319741.293, 90
Trd, 4319741.993, 88
Trd, 4319744.843, 88
Trd, 4319747.643, 89
Trd, 4319748.893, 87
Trd, 4319750.343, 86
Trd, 4319750.643, 86
Trd, 4319751.743, 87
Trd, 4319753.893, 88
Trd, 4319756.043, 87
Trd, 4319757.743, 88
Trd, 4319758.243, 87
Trd, 4319759.793, 87
Trd, 4319761.393, 86
Trd, 4319761.443, 86
Trd, 4319763.343, 86
Trd, 4319766.993, 85
Trd, 4319767.743, 85
Trd, 4319770.393, 85
Trd, 4319771.693, 86
Trd, 4319774.493, 86
Trd, 4319775.793, 85
Trd, 4319776.093, 86
Trd, 4319776.643, 87
Trd, 4319779.593, 87
Trd, 4319780.743, 87
Trd, 4319782.643, 86
Trd, 4319784.693, 87
Trd, 4319788.093, 86
Trd, 4319791.393, 87
Trd, 4319792.243, 86
Trd, 4319794.193, 86
Trd, 4319795.393, 87
Trd, 4319797.843, 87
Trd, 4319799.743, 86
Trd, 4319804.293, 88
Trd, 4319807.693, 85
Trd, 4319807.843, 85
Trd, 4319811.493, 84
Trd, 4319812.693, 86
Trd, 4319817.293, 84
Trd, 4319817.443, 83
Trd, 4319818.193, 83
Trd, 4319821.343, 86
Trd, 4319823.193, 86
Trd, 4319826.093, 84
Trd, 4319827.293, 85
Trd, 4319830.043, 84
Trd, 4319830.643, 83
Trd, 4319833.393, 83
Trd, 4319833.943, 83
Trd, 4319834.293, 82
Trd, 4319835.243, 82
Trd, 4319838.493, 88
Trd, 4319843.143, 83
Trd, 4319847.443, 81
Trd, 4319847.793, 82
Trd, 4319851.693, 81
Trd, 4319851.793, 80
Trd, 4319852.243, 80
Trd, 4319855.693, 80
Trd, 4319856.993, 80
Trd, 4319859.443, 79
Trd, 4319861.793, 80
Trd, 4319863.893, 79
Trd, 4319864.343, 79
Trd, 4319865.443, 86
Trd, 4319868.393, 84
Trd, 4319870.793, 85
Trd, 4319872.993, 87
Trd, 4319873.093, 88
Trd, 4319875.893, 87
Trd, 4319876.043, 88
Trd, 4319877.293, 89
Trd, 4319879.043, 90
Trd, 4319881.893, 87
Trd, 4319883.793, 87
Trd, 4319884.043, 86
Trd, 4319884.243, 85
Trd, 4319884.493, 86
Trd, 4319886.193, 84
Trd, 4319887.943, 84
Trd, 4319890.943, 86
Trd, 4319894.843, 83
Trd, 4319896.593, 83
Trd, 4319898.393, 84
Trd, 4319904.243, 84
Trd, 4319905.243, 82
Trd, 4319906.193, 82
Trd, 4319907.193, 87
Trd, 4319912.093, 85
Trd, 4319913.043, 85
Trd, 4319914.193, 85
Trd, 4319914.493, 85
Trd, 4319916.693, 86
Trd, 4319916.943, 86
Trd, 4319917.443, 84
Trd, 4319918.643, 113
Trd, 4319921.293, 98
Trd, 4319922.743, 99
Trd, 4319924.793, 98
Trd, 4319924.843, 105
Trd, 4319925.143, 98
Trd, 4319927.993, 103
Trd, 4319929.093, 102
Trd, 4319929.443, 102
Trd, 4319931.343, 101
Trd, 4319931.643, 100
Trd, 4319933.643, 101
Trd, 4319934.093, 100
Trd, 4319934.443, 99
Trd, 4319943.193, 98
Trd, 4319943.493, 98
Trd, 4319944.343, 97
Trd, 4319944.593, 104
Trd, 4319947.193, 91
Trd, 4319948.143, 95
Trd, 4319949.693, 95
Trd, 4319950.693, 94
Trd, 4319951.043, 99
Trd, 4319952.543, 94
Trd, 4319954.693, 93
Trd, 4319957.043, 93
Trd, 4319957.143, 93
Trd, 4319958.093, 93
Trd, 4319959.393, 92
Trd, 4319960.543, 95
Trd, 4319962.393, 92
Trd, 4319963.993, 94
Trd, 4319966.693, 91
Trd, 4319966.843, 91
Trd, 4319967.543, 93
Trd, 4319969.043, 91
Trd, 4319971.143, 91
Trd, 4319972.443, 91
Trd, 4319972.843, 92
Trd, 4319976.293, 93
Trd, 4319977.243, 91
Trd, 4319978.143, 92
Trd, 4319979.743, 91
Trd, 4319980.443, 91
Trd, 4319985.643, 89
Trd, 4319986.143, 89
Trd, 4319986.343, 88
Trd, 4319986.893, 91
Trd, 4319991.243, 88
Trd, 4319992.243, 89
Trd, 4319993.343, 89
Trd, 4319994.843, 89
Trd, 4319996.943, 88
Trd, 4319998.443, 88
Trd, 4319999.343, 95
