Trd, 4317821.143, 95
Trd, 4317823.193, 94
Trd, 4317827.343, 96
Trd, 4317828.243, 94
Trd, 4317828.493, 94
Trd, 4317830.593, 96
Trd, 4317832.493, 93
Trd, 4317833.193, 96
Trd, 4317835.993, 96
Trd, 4317838.243, 96
Trd, 4317839.643, 92
Trd, 4317841.893, 92
Trd, 4317842.343, 96
Trd, 4317845.743, 114
Trd, 4317846.393, 107
Trd, 4317846.543, 103
Trd, 4317848.093, 101
Trd, 4317849.593, 102
Trd, 4317850.393, 98
Trd, 4317851.093, 91
Trd, 4317852.793, 85
Trd, 4317854.193, 114
Trd, 4317855.193, 110
Trd, 4317857.793, 103
Trd, 4317857.943, 105
Trd, 4317860.543, 103
Trd, 4317860.893, 105
Trd, 4317862.193, 102
Trd, 4317862.343, 101
Trd, 4317862.543, 113
Trd, 4317869.993, 102
Trd, 4317871.893, 101
Trd, 4317872.193, 103
Trd, 4317874.193, 101
Trd, 4317874.993, 101
Trd, 4317878.493, 101
Trd, 4317880.493, 103
Trd, 4317881.743, 112
Trd, 4317882.693, 100
Trd, 4317884.343, 98
Trd, 4317884.493, 100
Trd, 4317885.993, 99
Trd, 4317888.093, 100
Trd, 4317888.343, 99
Trd, 4317888.843, 98
Trd, 4317890.243, 98
Trd, 4317891.293, 109
Trd, 4317892.343, 104
Trd, 4317892.893, 97
Trd, 4317894.893, 103
Trd, 4317895.943, 96
Trd, 4317898.193, 95
Trd, 4317899.193, 101
Trd, 4317900.443, 94
Trd, 4317902.893, 98
Trd, 4317902.993, 98
Trd, 4317903.843, 93
Trd, 4317905.393, 109
Trd, 4317906.043, 96
Trd, 4317906.993, 95
Trd, 4317910.793, 95
Trd, 4317912.043, 100
Trd, 4317912.243, 100
Trd, 4317914.193, 94
Trd, 4317918.943, 97
Trd, 4317919.243, 94
Trd, 4317921.993, 93
Trd, 4317924.043, 100
Trd, 4317926.593, 99
Trd, 4317927.443, 98
Trd, 4317927.943, 99
Trd, 4317929.143, 104
Trd, 4317929.443, 122
Trd, 4317930.893, 111
Trd, 4317931.393, 106
Trd, 4317932.843, 111
Trd, 4317933.543, 103
Trd, 4317934.243, 106
Trd, 4317935.793, 93
Trd, 4317936.993, 108
Trd, 4317938.343, 101
Trd, 4317939.943, 106
Trd, 4317941.093, 100
Trd, 4317941.143, 108
Trd, 4317941.343, 92
Trd, 4317943.893, 113
Trd, 4317946.693, 102
Trd, 4317951.093, 101
Trd, 4317952.993, 103
Trd, 4317953.493, 113
Trd, 4317955.193, 102
Trd, 4317955.843, 101
Trd, 4317957.743, 104
Trd, 4317960.293, 105
Trd, 4317963.293, 102
Trd, 4317964.243, 101
Trd, 4317964.593, 85
Trd, 4317965.093, 105
Trd, 4317967.393, 97
Trd, 4317967.893, 105
Trd, 4317970.293, 102
Trd, 4317971.393, 97
Trd, 4317972.293, 97
Trd, 4317972.593, 104
Trd, 4317978.393, 97
Trd, 4317978.543, 102
Trd, 4317979.093, 101
Trd, 4317979.743, 96
Trd, 4317980.143, 96
Trd, 4317985.343, 100
Trd, 4317985.443, 96
Trd, 4317988.743, 95
Trd, 4317988.893, 100
Trd, 4317989.293, 111
Trd, 4317989.993, 101
Trd, 4317993.043, 94
Trd, 4317993.143, 94
Trd, 4317995.293, 97
Trd, 4317995.893, 114
Trd, 4317997.793, 93
Trd, 4318001.393, 93
Trd, 4318004.543, 97
Trd, 4318005.943, 96
Trd, 4318006.193, 94
Trd, 4318006.893, 108
Trd, 4318008.143, 98
Trd, 4318010.393, 102
Trd, 4318010.943, 110
Trd, 4318011.943, 105
Trd, 4318015.393, 104
Trd, 4318016.743, 113
Trd, 4318019.893, 108
Trd, 4318020.793, 104
Trd, 4318021.293, 105
Trd, 4318022.993, 103
Trd, 4318025.743, 108
Trd, 4318029.243, 102
Trd, 4318029.643, 102
Trd, 4318030.543, 102
Trd, 4318030.793, 101
Trd, 4318032.343, 100
Trd, 4318032.843, 104
Trd, 4318033.043, 95
Trd, 4318033.493, 97
Trd, 4318034.843, 94
Trd, 4318035.343, 99
Trd, 4318036.193, 113
Trd, 4318037.043, 105
Trd, 4318038.093, 100
Trd, 4318039.143, 113
Trd, 4318040.993, 107
Trd, 4318043.043, 103
Trd, 4318046.443, 104
Trd, 4318048.193, 103
Trd, 4318049.943, 104
Trd, 4318049.993, 105
Trd, 4318050.193, 104
Trd, 4318056.943, 103
Trd, 4318057.843, 103
Trd, 4318058.943, 105
Trd, 4318060.793, 105
Trd, 4318061.543, 102
Trd, 4318062.743, 105
Trd, 4318064.693, 101
Trd, 4318068.093, 100
Trd, 4318068.343, 98
Trd, 4318069.993, 99
Trd, 4318071.143, 103
Trd, 4318071.493, 108
Trd, 4318073.843, 119
Trd, 4318074.193, 100
Trd, 4318076.243, 102
Trd, 4318076.793, 105
Trd, 4318078.243, 103
Trd, 4318080.043, 104
Trd, 4318080.693, 102
Trd, 4318082.093, 105
Trd, 4318084.493, 101
Trd, 4318086.043, 100
Trd, 4318086.093, 99
Trd, 4318086.243, 114
Trd, 4318088.393, 108
Trd, 4318090.243, 105
Trd, 4318090.543, 93
Trd, 4318092.543, 104
Trd, 4318096.043, 104
Trd, 4318096.993, 103
Trd, 4318099.493, 100
Trd, 4318099.643, 98
Trd, 4318102.543, 97
Trd, 4318104.193, 98
Trd, 4318104.593, 96
Trd, 4318105.543, 97
Trd, 4318106.943, 109
Trd, 4318112.543, 102
Trd, 4318112.893, 98
Trd, 4318114.493, 96
Trd, 4318116.143, 98
Trd, 4318117.243, 99
Trd, 4318118.293, 97
Trd, 4318120.893, 105
Trd, 4318121.493, 104
Trd, 4318122.493, 103
Trd, 4318122.893, 102
Trd, 4318123.943, 101
Trd, 4318125.793, 100
Trd, 4318126.343, 94
Trd, 4318126.643, 98
Trd, 4318131.943, 98
Trd, 4318133.093, 99
Trd, 4318133.293, 99
Trd, 4318136.993, 97
Trd, 4318138.643, 98
Trd, 4318138.793, 115
Trd, 4318139.043, 97
Trd, 4318139.443, 96
Trd, 4318140.443, 95
Trd, 4318141.743, 98
Trd, 4318141.993, 98
Trd, 4318149.243, 95
Trd, 4318150.743, 96
Trd, 4318151.043, 93
Trd, 4318153.093, 97
Trd, 4318157.443, 94
Trd, 4318159.793, 93
Trd, 4318161.893, 96
Trd, 4318162.043, 115
Trd, 4318162.743, 105
Trd, 4318164.643, 92
Trd, 4318166.693, 105
Trd, 4318167.543, 97
Trd, 4318169.093, 96
Trd, 4318171.043, 103
Trd, 4318171.843, 98
Trd, 4318173.643, 95
Trd, 4318179.443, 95
Trd, 4318179.993, 98
Trd, 4318180.443, 98
Trd, 4318180.493, 94
Trd, 4318180.543, 112
Trd, 4318181.793, 93
Trd, 4318187.193, 93
Trd, 4318187.543, 96
Trd, 4318189.293, 95
Trd, 4318192.093, 94
Trd, 4318192.693, 93
Trd, 4318193.043, 94
Trd, 4318195.393, 92
Trd, 4318201.493, 94
Trd, 4318201.643, 92
Trd, 4318202.043, 107
Trd, 4318203.643, 93
Trd, 4318207.043, 95
Trd, 4318208.543, 95
Trd, 4318208.893, 93
Trd, 4318209.093, 96
Trd, 4318210.993, 95
Trd, 4318211.343, 106
Trd, 4318211.443, 104
Trd, 4318214.143, 104
Trd, 4318215.943, 103
Trd, 4318215.993, 103
Trd, 4318217.193, 96
Trd, 4318218.643, 100
Trd, 4318219.143, 93
Trd, 4318220.143, 86
Trd, 4318220.443, 86
Trd, 4318220.993, 110
Trd, 4318225.293, 96
Trd, 4318225.943, 113
Trd, 4318226.693, 102
Trd, 4318227.743, 102
Trd, 4318227.943, 101
Trd, 4318230.093, 110
Trd, 4318231.243, 102
Trd, 4318233.793, 101
Trd, 4318237.393, 100
Trd, 4318238.293, 105
Trd, 4318239.143, 100
Trd, 4318239.443, 105
Trd, 4318241.543, 104
Trd, 4318242.293, 99
Trd, 4318243.193, 98
Trd, 4318245.043, 101
Trd, 4318248.443, 105
Trd, 4318249.143, 112
Trd, 4318250.743, 100
Trd, 4318253.143, 100
Trd, 4318255.343, 99
Trd, 4318255.793, 98
Trd, 4318256.543, 103
Trd, 4318256.793, 103
Trd, 4318259.143, 103
Trd, 4318259.593, 98
Trd, 4318259.993, 101
Trd, 4318260.093, 85
Trd, 4318260.693, 101
Trd, 4318265.493, 97
Trd, 4318265.543, 98
Trd, 4318265.893, 95
Trd, 4318266.243, 95
Trd, 4318268.893, 94
Trd, 4318270.143, 98
Trd, 4318272.443, 98
Trd, 4318273.743, 100
Trd, 4318273.893, 96
Trd, 4318275.743, 99
Trd, 4318280.293, 96
Trd, 4318280.643, 99
Trd, 4318283.443, 94
Trd, 4318283.693, 100
Trd, 4318284.243, 113
Trd, 4318285.543, 106
Trd, 4318287.243, 101
Trd, 4318289.193, 99
Trd, 4318289.543, 102
Trd, 4318290.543, 113
Trd, 4318291.743, 101
Trd, 4318293.043, 93
Trd, 4318295.893, 98
Trd, 4318296.043, 102
Trd, 4318299.193, 98
Trd, 4318299.343, 101
Trd, 4318301.643, 97
Trd, 4318303.343, 96
Trd, 4318303.993, 110
Trd, 4318304.893, 93
Trd, 4318305.743, 87
Trd, 4318305.943, 72
Trd, 4318307.543, 94
Trd, 4318308.243, 99
Trd, 4318310.643, 71
Trd, 4318310.943, 92
Trd, 4318312.893, 97
Trd, 4318314.993, 90
Trd, 4318316.243, 95
Trd, 4318317.493, 90
Trd, 4318320.843, 93
Trd, 4318321.543, 90
Trd, 4318323.943, 93
Trd, 4318326.593, 92
Trd, 4318329.993, 91
Trd, 4318330.693, 94
Trd, 4318331.493, 94
Trd, 4318336.543, 94
Trd, 4318336.643, 91
Trd, 4318338.043, 93
Trd, 4318338.993, 92
Trd, 4318340.093, 94
Trd, 4318343.193, 95
Trd, 4318347.343, 91
Trd, 4318347.493, 96
Trd, 4318350.693, 90
Trd, 4318351.143, 96
Trd, 4318352.093, 89
Trd, 4318354.793, 112
Trd, 4318355.093, 106
Trd, 4318355.893, 102
Trd, 4318358.143, 120
Trd, 4318358.593, 118
Trd, 4318359.193, 112
Trd, 4318359.543, 112
Trd, 4318360.043, 111
Trd, 4318361.643, 106
Trd, 4318361.993, 103
Trd, 4318363.693, 105
Trd, 4318366.693, 103
Trd, 4318367.643, 103
Trd, 4318368.893, 94
Trd, 4318369.143, 103
Trd, 4318369.193, 106
Trd, 4318370.543, 108
Trd, 4318371.543, 102
Trd, 4318372.843, 102
Trd, 4318374.043, 101
Trd, 4318375.543, 101
Trd, 4318375.943, 92
Trd, 4318377.043, 100
Trd, 4318381.843, 99
Trd, 4318383.193, 99
Trd, 4318383.443, 100
Trd, 4318385.293, 101
Trd, 4318387.593, 101
Trd, 4318388.343, 98
Trd, 4318390.843, 97
Trd, 4318393.293, 101
Trd, 4318394.243, 96
Trd, 4318394.443, 101
Trd, 4318396.093, 117
Trd, 4318396.493, 116
Trd, 4318398.443, 106
Trd, 4318399.493, 109
Trd, 4318401.093, 103
Trd, 4318401.993, 104
Trd, 4318402.393, 111
Trd, 4318404.043, 101
Trd, 4318404.993, 99
Trd, 4318405.793, 103
Trd, 4318406.193, 106
Trd, 4318407.793, 113
Trd, 4318411.243, 108
Trd, 4318411.843, 102
Trd, 4318412.143, 101
Trd, 4318413.193, 98
Trd, 4318413.543, 94
Trd, 4318414.493, 98
Trd, 4318416.143, 94
Trd, 4318421.043, 96
Trd, 4318421.093, 96
Trd, 4318422.043, 97
Trd, 4318422.243, 94
Trd, 4318422.793, 111
Trd, 4318424.193, 94
Trd, 4318425.993, 101
Trd, 4318427.443, 102
Trd, 4318428.493, 94
Trd, 4318430.143, 96
Trd, 4318431.243, 94
Trd, 4318431.643, 93
Trd, 4318432.693, 96
Trd, 4318433.093, 95
Trd, 4318436.893, 113
Trd, 4318437.093, 104
Trd, 4318437.693, 111
Trd, 4318439.193, 104
Trd, 4318439.893, 94
Trd, 4318442.443, 101
Trd, 4318443.393, 104
Trd, 4318443.943, 100
Trd, 4318445.293, 99
Trd, 4318445.393, 93
Trd, 4318445.793, 99
Trd, 4318447.993, 97
Trd, 4318451.593, 100
Trd, 4318452.493, 97
Trd, 4318452.843, 96
Trd, 4318453.243, 98
Trd, 4318456.843, 98
Trd, 4318457.993, 96
Trd, 4318459.743, 98
Trd, 4318460.043, 95
Trd, 4318461.643, 95
Trd, 4318461.893, 94
Trd, 4318465.993, 98
Trd, 4318467.593, 96
Trd, 4318468.043, 94
Trd, 4318469.243, 95
Trd, 4318470.393, 113
Trd, 4318471.293, 105
Trd, 4318471.893, 106
Trd, 4318472.643, 105
Trd, 4318474.243, 108
Trd, 4318476.343, 112
Trd, 4318476.393, 108
Trd, 4318478.193, 113
Trd, 4318480.293, 104
Trd, 4318480.843, 103
Trd, 4318481.693, 94
Trd, 4318482.443, 101
Trd, 4318482.543, 103
Trd, 4318483.143, 100
Trd, 4318483.643, 101
Trd, 4318487.693, 100
Trd, 4318488.093, 103
Trd, 4318488.443, 99
Trd, 4318489.343, 104
Trd, 4318490.243, 99
Trd, 4318491.793, 98
Trd, 4318493.443, 98
Trd, 4318495.143, 97
Trd, 4318496.493, 98
Trd, 4318498.993, 112
Trd, 4318499.093, 96
Trd, 4318503.593, 95
Trd, 4318506.393, 100
Trd, 4318507.843, 100
Trd, 4318507.943, 94
Trd, 4318512.643, 93
Trd, 4318517.293, 97
Trd, 4318518.993, 114
Trd, 4318520.243, 103
Trd, 4318521.143, 105
Trd, 4318522.893, 101
Trd, 4318522.943, 100
Trd, 4318525.143, 105
Trd, 4318525.893, 99
Trd, 4318526.993, 106
Trd, 4318527.743, 100
Trd, 4318529.243, 106
Trd, 4318529.693, 112
Trd, 4318531.443, 109
Trd, 4318533.843, 103
Trd, 4318534.393, 99
Trd, 4318537.743, 109
Trd, 4318541.143, 104
Trd, 4318544.543, 103
Trd, 4318545.043, 102
Trd, 4318546.843, 99
Trd, 4318546.893, 105
Trd, 4318548.893, 106
Trd, 4318550.193, 101
Trd, 4318553.043, 99
Trd, 4318553.393, 105
Trd, 4318554.393, 106
Trd, 4318555.493, 100
Trd, 4318557.293, 99
Trd, 4318560.543, 98
Trd, 4318563.293, 97
Trd, 4318563.993, 100
Trd, 4318566.893, 99
Trd, 4318567.043, 97
Trd, 4318567.243, 97
Trd, 4318568.393, 98
Trd, 4318569.043, 98
Trd, 4318570.243, 97
Trd, 4318572.393, 96
Trd, 4318574.093, 100
Trd, 4318575.043, 96
Trd, 4318577.943, 100
Trd, 4318579.393, 102
Trd, 4318580.993, 102
Trd, 4318582.343, 96
Trd, 4318583.593, 100
Trd, 4318584.743, 97
Trd, 4318585.343, 101
Trd, 4318587.043, 100
Trd, 4318587.193, 97
Trd, 4318589.393, 96
Trd, 4318589.593, 94
Trd, 4318592.443, 102
Trd, 4318592.693, 95
Trd, 4318594.893, 95
Trd, 4318599.193, 98
Trd, 4318600.543, 94
Trd, 4318601.693, 93
Trd, 4318604.643, 94
Trd, 4318605.993, 95
Trd, 4318609.393, 93
Trd, 4318609.493, 94
Trd, 4318610.043, 93
Trd, 4318611.393, 93
Trd, 4318613.293, 94
Trd, 4318614.743, 94
Trd, 4318616.493, 107
Trd, 4318617.043, 100
Trd, 4318619.343, 100
Trd, 4318622.143, 99
Trd, 4318622.393, 97
Trd, 4318622.943, 98
Trd, 4318623.493, 100
Trd, 4318623.893, 94
Trd, 4318624.443, 100
Trd, 4318624.593, 113
Trd, 4318628.393, 102
Trd, 4318629.793, 96
Trd, 4318630.093, 93
Trd, 4318631.843, 96
Trd, 4318634.143, 100
Trd, 4318635.243, 100
Trd, 4318638.393, 95
Trd, 4318640.143, 100
Trd, 4318640.393, 104
Trd, 4318641.593, 95
Trd, 4318643.893, 94
Trd, 4318644.493, 94
Trd, 4318645.893, 95
Trd, 4318647.293, 95
Trd, 4318650.093, 94
Trd, 4318650.643, 96
Trd, 4318652.843, 113
Trd, 4318656.793, 93
Trd, 4318657.243, 92
Trd, 4318659.793, 100
Trd, 4318660.443, 98
Trd, 4318663.543, 95
Trd, 4318664.993, 100
Trd, 4318665.793, 93
Trd, 4318666.293, 96
Trd, 4318671.093, 95
Trd, 4318671.443, 113
Trd, 4318672.043, 94
Trd, 4318673.493, 93
Trd, 4318673.593, 100
Trd, 4318677.293, 113
Trd, 4318679.143, 93
Trd, 4318679.843, 96
Trd, 4318682.893, 95
Trd, 4318683.743, 92
Trd, 4318685.643, 92
Trd, 4318686.193, 92
Trd, 4318688.643, 94
Trd, 4318691.893, 95
Trd, 4318694.093, 94
Trd, 4318694.843, 91
Trd, 4318695.543, 91
Trd, 4318696.543, 93
Trd, 4318698.043, 92
Trd, 4318700.293, 96
Trd, 4318700.893, 105
Trd, 4318701.543, 98
Trd, 4318704.743, 95
Trd, 4318706.593, 98
Trd, 4318708.643, 97
Trd, 4318709.843, 98
Trd, 4318711.193, 99
Trd, 4318714.443, 101
Trd, 4318715.493, 96
Trd, 4318718.093, 95
Trd, 4318718.843, 95
Trd, 4318718.893, 94
Trd, 4318721.043, 96
Trd, 4318722.343, 95
Trd, 4318722.993, 94
Trd, 4318725.493, 94
Trd, 4318725.543, 85
Trd, 4318728.043, 96
Trd, 4318731.943, 96
Trd, 4318733.393, 93
Trd, 4318734.843, 95
Trd, 4318735.543, 95
Trd, 4318736.493, 95
Trd, 4318737.243, 92
Trd, 4318743.993, 95
Trd, 4318744.243, 92
Trd, 4318745.193, 97
Trd, 4318746.943, 96
Trd, 4318750.243, 96
Trd, 4318750.393, 91
Trd, 4318753.543, 91
Trd, 4318756.443, 104
Trd, 4318757.593, 96
Trd, 4318758.543, 96
Trd, 4318760.143, 90
Trd, 4318761.643, 96
Trd, 4318762.293, 94
Trd, 4318766.493, 96
Trd, 4318769.143, 96
Trd, 4318771.443, 93
Trd, 4318774.643, 92
Trd, 4318777.193, 97
Trd, 4318777.843, 92
Trd, 4318781.493, 95
Trd, 4318781.793, 93
Trd, 4318782.293, 101
Trd, 4318783.093, 98
Trd, 4318786.193, 97
Trd, 4318786.293, 110
Trd, 4318786.643, 113
Trd, 4318789.843, 95
Trd, 4318793.643, 99
Trd, 4318793.693, 96
Trd, 4318795.043, 104
Trd, 4318797.043, 101
Trd, 4318799.693, 101
Trd, 4318801.893, 100
Trd, 4318802.143, 97
Trd, 4318802.943, 101
Trd, 4318804.693, 112
Trd, 4318805.943, 101
Trd, 4318808.343, 93
Trd, 4318810.193, 102
Trd, 4318810.643, 107
Trd, 4318812.293, 100
Trd, 4318813.293, 104
Trd, 4318816.093, 100
Trd, 4318816.593, 103
Trd, 4318817.343, 100
Trd, 4318817.593, 105
Trd, 4318817.643, 98
Trd, 4318818.193, 99
Trd, 4318824.493, 105
Trd, 4318824.693, 106
Trd, 4318824.743, 100
Trd, 4318825.143, 99
Trd, 4318831.193, 104
Trd, 4318832.393, 99
Trd, 4318833.293, 104
Trd, 4318835.793, 98
Trd, 4318836.043, 105
Trd, 4318837.243, 105
Trd, 4318837.443, 101
Trd, 4318841.793, 103
Trd, 4318841.893, 100
Trd, 4318842.293, 100
Trd, 4318842.593, 100
Trd, 4318843.243, 103
Trd, 4318843.893, 95
Trd, 4318845.193, 94
Trd, 4318847.043, 94
Trd, 4318847.343, 95
Trd, 4318850.143, 94
Trd, 4318850.293, 95
Trd, 4318851.193, 94
Trd, 4318852.243, 93
Trd, 4318853.243, 94
Trd, 4318855.793, 92
Trd, 4318855.843, 131
Trd, 4318859.643, 99
Trd, 4318860.543, 93
Trd, 4318862.493, 98
Trd, 4318867.793, 97
Trd, 4318868.593, 97
Trd, 4318869.043, 97
Trd, 4318869.193, 98
Trd, 4318870.143, 96
Trd, 4318874.693, 98
Trd, 4318875.393, 99
Trd, 4318875.743, 100
Trd, 4318877.643, 99
Trd, 4318879.243, 102
Trd, 4318881.393, 104
Trd, 4318883.243, 102
Trd, 4318885.043, 101
Trd, 4318885.893, 99
Trd, 4318888.643, 103
Trd, 4318889.143, 100
Trd, 4318891.243, 99
Trd, 4318892.843, 97
Trd, 4318892.993, 88
Trd, 4318893.243, 103
Trd, 4318894.343, 103
Trd, 4318894.743, 113
Trd, 4318898.343, 96
Trd, 4318899.343, 104
Trd, 4318900.193, 98
Trd, 4318901.293, 98
Trd, 4318902.093, 114
Trd, 4318904.793, 99
Trd, 4318908.293, 100
Trd, 4318909.043, 97
Trd, 4318911.293, 99
Trd, 4318911.443, 96
Trd, 4318914.993, 99
Trd, 4318918.393, 98
Trd, 4318918.943, 96
Trd, 4318921.043, 99
Trd, 4318921.443, 96
Trd, 4318922.843, 97
Trd, 4318923.643, 98
Trd, 4318924.593, 105
Trd, 4318925.843, 101
Trd, 4318928.093, 101
Trd, 4318928.343, 100
Trd, 4318930.493, 103
Trd, 4318933.593, 103
Trd, 4318934.743, 102
Trd, 4318936.143, 101
Trd, 4318937.943, 100
Trd, 4318937.993, 113
Trd, 4318938.143, 100
Trd, 4318942.243, 106
Trd, 4318942.543, 99
Trd, 4318944.393, 106
Trd, 4318945.943, 101
Trd, 4318949.693, 102
Trd, 4318951.943, 99
Trd, 4318955.443, 99
Trd, 4318956.993, 101
Trd, 4318957.593, 98
Trd, 4318959.343, 106
Trd, 4318959.493, 105
Trd, 4318962.043, 94
Trd, 4318963.093, 105
Trd, 4318963.243, 99
Trd, 4318965.393, 112
Trd, 4318968.943, 105
Trd, 4318969.343, 105
Trd, 4318971.343, 103
Trd, 4318972.143, 104
Trd, 4318976.343, 103
Trd, 4318977.293, 104
Trd, 4318978.043, 102
Trd, 4318978.743, 103
Trd, 4318980.293, 103
Trd, 4318980.893, 102
Trd, 4318982.393, 92
Trd, 4318982.993, 96
Trd, 4318983.943, 97
Trd, 4318984.143, 119
Trd, 4318987.043, 108
Trd, 4318988.993, 110
Trd, 4318989.393, 103
Trd, 4318991.993, 104
Trd, 4318993.293, 103
Trd, 4318994.793, 103
Trd, 4318995.943, 103
Trd, 4318997.393, 107
Trd, 4318998.543, 102
Trd, 4318999.493, 103
Trd, 4319001.243, 100
Trd, 4319001.443, 103
Trd, 4319004.493, 100
Trd, 4319006.393, 101
Trd, 4319006.993, 100
Trd, 4319010.143, 99
Trd, 4319011.843, 101
Trd, 4319011.893, 102
Trd, 4319012.193, 97
Trd, 4319014.343, 101
Trd, 4319018.893, 97
Trd, 4319019.343, 101
Trd, 4319021.043, 102
Trd, 4319022.993, 111
Trd, 4319023.993, 97
Trd, 4319024.943, 103
Trd, 4319026.793, 112
Trd, 4319027.893, 100
Trd, 4319030.393, 99
Trd, 4319032.243, 104
Trd, 4319035.843, 102
Trd, 4319036.493, 101
Trd, 4319036.643, 94
Trd, 4319038.443, 99
Trd, 4319039.643, 102
Trd, 4319040.693, 102
Trd, 4319040.893, 99
Trd, 4319041.443, 105
Trd, 4319042.543, 94
Trd, 4319042.843, 96
Trd, 4319044.293, 97
Trd, 4319045.443, 96
Trd, 4319048.343, 122
Trd, 4319049.743, 100
Trd, 4319050.593, 99
Trd, 4319050.893, 98
Trd, 4319053.793, 98
Trd, 4319055.343, 100
Trd, 4319056.393, 100
Trd, 4319059.193, 100
Trd, 4319059.643, 97
Trd, 4319060.443, 96
Trd, 4319062.443, 96
Trd, 4319064.193, 101
Trd, 4319065.943, 98
Trd, 4319066.293, 95
Trd, 4319067.793, 94
Trd, 4319068.343, 93
Trd, 4319071.143, 98
Trd, 4319073.043, 93
Trd, 4319073.543, 97
Trd, 4319073.793, 97
Trd, 4319080.893, 94
Trd, 4319083.443, 93
Trd, 4319083.993, 92
Trd, 4319087.693, 93
Trd, 4319087.943, 91
Trd, 4319088.143, 93
Trd, 4319090.093, 92
Trd, 4319095.193, 93
Trd, 4319097.843, 90
Trd, 4319098.993, 92
Trd, 4319099.443, 102
Trd, 4319103.493, 94
Trd, 4319103.693, 95
Trd, 4319105.893, 90
Trd, 4319108.643, 90
Trd, 4319110.543, 95
Trd, 4319110.893, 94
Trd, 4319111.993, 94
Trd, 4319114.093, 95
Trd, 4319114.343, 94
Trd, 4319114.793, 93
Trd, 4319115.093, 93
Trd, 4319116.693, 96
Trd, 4319117.443, 95
Trd, 4319119.643, 98
Trd, 4319120.743, 99
Trd, 4319121.693, 122
Trd, 4319122.343, 111
Trd, 4319124.743, 96
Trd, 4319125.443, 96
Trd, 4319125.693, 108
Trd, 4319128.593, 95
Trd, 4319128.943, 104
Trd, 4319130.293, 104
Trd, 4319131.693, 102
Trd, 4319132.593, 100
Trd, 4319132.943, 103
Trd, 4319135.993, 100
Trd, 4319138.493, 104
Trd, 4319140.093, 100
Trd, 4319142.693, 103
Trd, 4319144.643, 102
Trd, 4319146.743, 100
Trd, 4319149.493, 99
Trd, 4319149.993, 99
Trd, 4319150.993, 99
Trd, 4319151.843, 99
Trd, 4319153.343, 100
Trd, 4319153.543, 100
Trd, 4319156.243, 99
Trd, 4319157.093, 99
Trd, 4319157.593, 107
Trd, 4319159.793, 101
Trd, 4319160.493, 99
Trd, 4319161.993, 98
Trd, 4319162.043, 102
Trd, 4319164.243, 103
Trd, 4319165.693, 94
Trd, 4319166.643, 115
Trd, 4319167.343, 97
Trd, 4319169.043, 95
Trd, 4319169.843, 100
Trd, 4319171.543, 95
Trd, 4319172.343, 100
Trd, 4319174.293, 94
Trd, 4319175.843, 98
Trd, 4319178.093, 94
Trd, 4319178.393, 98
Trd, 4319179.243, 98
Trd, 4319180.293, 93
Trd, 4319181.143, 92
Trd, 4319184.643, 97
Trd, 4319186.193, 97
Trd, 4319189.193, 95
Trd, 4319189.593, 98
Trd, 4319190.643, 94
Trd, 4319193.593, 94
Trd, 4319194.393, 99
Trd, 4319195.493, 98
Trd, 4319196.143, 98
Trd, 4319196.243, 115
Trd, 4319198.843, 98
Trd, 4319199.843, 103
Trd, 4319202.093, 97
Trd, 4319204.293, 100
Trd, 4319204.493, 102
Trd, 4319204.793, 96
Trd, 4319206.143, 100
Trd, 4319208.093, 110
Trd, 4319208.243, 106
Trd, 4319210.493, 105
Trd, 4319211.543, 106
Trd, 4319212.143, 105
Trd, 4319214.793, 106
Trd, 4319216.893, 103
Trd, 4319218.593, 105
Trd, 4319221.093, 109
Trd, 4319221.293, 107
Trd, 4319223.043, 108
Trd, 4319223.343, 103
Trd, 4319223.443, 106
Trd, 4319224.243, 102
Trd, 4319225.993, 100
Trd, 4319226.843, 94
Trd, 4319227.443, 100
Trd, 4319228.443, 99
Trd, 4319229.143, 62
Trd, 4319231.143, 92
Trd, 4319235.343, 99
Trd, 4319235.943, 93
Trd, 4319236.993, 93
Trd, 4319238.143, 108
Trd, 4319240.093, 100
Trd, 4319240.593, 104
Trd, 4319241.443, 104
Trd, 4319241.543, 99
Trd, 4319242.043, 99
Trd, 4319244.793, 103
Trd, 4319244.843, 105
Trd, 4319245.743, 101
Trd, 4319246.843, 98
Trd, 4319248.893, 93
Trd, 4319249.493, 98
Trd, 4319253.493, 99
Trd, 4319256.043, 104
Trd, 4319256.643, 104
Trd, 4319259.093, 105
Trd, 4319263.843, 103
Trd, 4319264.743, 102
Trd, 4319265.393, 105
Trd, 4319265.843, 113
Trd, 4319267.343, 109
Trd, 4319267.443, 102
Trd, 4319272.693, 104
Trd, 4319272.793, 94
Trd, 4319273.043, 108
Trd, 4319276.443, 103
Trd, 4319277.243, 102
Trd, 4319277.443, 113
Trd, 4319278.893, 104
Trd, 4319281.893, 107
Trd, 4319282.743, 103
Trd, 4319283.293, 105
Trd, 4319284.193, 102
Trd, 4319284.793, 113
Trd, 4319285.493, 102
Trd, 4319288.043, 108
Trd, 4319292.243, 101
Trd, 4319293.793, 100
Trd, 4319294.043, 106
Trd, 4319297.943, 103
Trd, 4319300.343, 100
Trd, 4319300.693, 99
Trd, 4319302.793, 104
Trd, 4319305.543, 104
Trd, 4319306.393, 104
Trd, 4319307.343, 98
Trd, 4319309.293, 105
Trd, 4319310.343, 97
Trd, 4319310.593, 97
Trd, 4319313.193, 97
Trd, 4319314.793, 104
Trd, 4319314.943, 96
Trd, 4319316.743, 98
Trd, 4319317.293, 97
Trd, 4319320.893, 98
Trd, 4319321.343, 98
Trd, 4319321.593, 96
Trd, 4319321.693, 106
Trd, 4319324.193, 95
Trd, 4319325.893, 96
Trd, 4319327.643, 98
Trd, 4319328.443, 113
Trd, 4319332.343, 94
Trd, 4319334.643, 101
Trd, 4319335.093, 97
Trd, 4319336.193, 102
Trd, 4319338.343, 102
Trd, 4319339.093, 102
Trd, 4319339.593, 96
Trd, 4319342.993, 102
Trd, 4319344.443, 99
Trd, 4319344.643, 103
Trd, 4319345.043, 113
Trd, 4319345.493, 122
Trd, 4319348.143, 105
Trd, 4319348.543, 113
Trd, 4319349.393, 111
Trd, 4319350.043, 93
Trd, 4319352.543, 106
Trd, 4319352.793, 109
Trd, 4319354.543, 105
Trd, 4319356.343, 105
Trd, 4319356.393, 109
Trd, 4319357.043, 103
Trd, 4319358.193, 96
Trd, 4319359.093, 98
Trd, 4319361.793, 100
Trd, 4319362.093, 91
Trd, 4319364.543, 98
Trd, 4319366.393, 94
Trd, 4319366.793, 87
Trd, 4319367.493, 95
Trd, 4319372.093, 95
Trd, 4319372.693, 98
Trd, 4319373.543, 96
Trd, 4319373.993, 96
Trd, 4319374.143, 95
Trd, 4319376.143, 98
Trd, 4319377.193, 95
Trd, 4319378.193, 99
Trd, 4319378.743, 95
Trd, 4319381.843, 96
Trd, 4319382.343, 94
Trd, 4319383.893, 95
Trd, 4319384.243, 94
Trd, 4319385.793, 94
Trd, 4319387.543, 93
Trd, 4319388.643, 95
Trd, 4319389.243, 95
Trd, 4319389.793, 92
Trd, 4319394.693, 94
Trd, 4319395.893, 95
Trd, 4319395.943, 92
Trd, 4319396.493, 92
Trd, 4319400.643, 94
Trd, 4319400.993, 92
Trd, 4319401.393, 91
Trd, 4319402.593, 94
Trd, 4319404.643, 105
Trd, 4319405.643, 95
Trd, 4319405.893, 99
Trd, 4319406.493, 113
Trd, 4319408.793, 95
Trd, 4319409.343, 101
Trd, 4319411.843, 102
Trd, 4319413.493, 102
Trd, 4319414.693, 95
Trd, 4319415.143, 94
Trd, 4319416.293, 102
Trd, 4319416.643, 93
Trd, 4319419.243, 103
Trd, 4319423.243, 98
Trd, 4319424.293, 94
Trd, 4319429.193, 94
Trd, 4319429.393, 96
Trd, 4319430.043, 96
Trd, 4319431.043, 94
Trd, 4319434.093, 96
Trd, 4319434.343, 97
Trd, 4319436.243, 95
Trd, 4319436.443, 96
Trd, 4319440.693, 96
Trd, 4319442.543, 97
Trd, 4319443.843, 95
Trd, 4319445.743, 97
Trd, 4319446.843, 98
Trd, 4319447.843, 93
Trd, 4319448.493, 93
Trd, 4319449.793, 96
Trd, 4319452.293, 93
Trd, 4319452.893, 96
Trd, 4319454.743, 93
Trd, 4319458.443, 92
Trd, 4319460.343, 96
Trd, 4319461.043, 96
Trd, 4319463.943, 97
Trd, 4319464.093, 92
Trd, 4319466.643, 92
Trd, 4319468.493, 92
Trd, 4319469.143, 97
Trd, 4319470.993, 98
Trd, 4319473.193, 99
Trd, 4319474.343, 98
Trd, 4319479.593, 97
Trd, 4319479.743, 100
Trd, 4319482.593, 97
Trd, 4319483.893, 101
Trd, 4319484.993, 100
Trd, 4319485.543, 96
Trd, 4319487.743, 96
Trd, 4319490.043, 98
Trd, 4319493.593, 99
Trd, 4319494.143, 95
Trd, 4319494.993, 95
Trd, 4319495.143, 96
Trd, 4319496.393, 94
Trd, 4319496.693, 113
Trd, 4319496.943, 109
Trd, 4319498.743, 94
Trd, 4319505.243, 102
Trd, 4319506.393, 94
Trd, 4319508.343, 93
Trd, 4319508.643, 102
Trd, 4319512.493, 93
Trd, 4319512.943, 96
Trd, 4319513.143, 92
Trd, 4319515.293, 94
Trd, 4319521.093, 91
Trd, 4319521.143, 93
Trd, 4319521.793, 92
Trd, 4319522.143, 91
Trd, 4319525.393, 94
Trd, 4319525.793, 91
Trd, 4319527.643, 90
Trd, 4319529.193, 113
Trd, 4319532.543, 97
Trd, 4319532.893, 99
Trd, 4319533.393, 94
Trd, 4319535.443, 96
Trd, 4319539.543, 96
Trd, 4319539.843, 95
Trd, 4319539.943, 106
Trd, 4319542.393, 95
Trd, 4319542.543, 95
Trd, 4319546.743, 97
Trd, 4319546.993, 96
Trd, 4319547.343, 94
Trd, 4319548.593, 93
Trd, 4319549.193, 96
Trd, 4319550.743, 97
Trd, 4319551.693, 92
Trd, 4319551.893, 92
Trd, 4319557.193, 97
Trd, 4319560.243, 94
Trd, 4319560.343, 96
Trd, 4319561.143, 93
Trd, 4319563.293, 101
Trd, 4319563.943, 104
Trd, 4319564.243, 98
Trd, 4319564.943, 98
Trd, 4319565.993, 100
Trd, 4319566.493, 97
Trd, 4319569.043, 98
Trd, 4319569.593, 100
Trd, 4319572.993, 100
Trd, 4319573.293, 97
Trd, 4319573.743, 97
Trd, 4319574.593, 101
Trd, 4319577.393, 98
Trd, 4319578.093, 101
Trd, 4319578.543, 96
Trd, 4319581.943, 96
Trd, 4319582.393, 101
Trd, 4319584.193, 96
Trd, 4319584.543, 114
Trd, 4319586.193, 96
Trd, 4319590.093, 104
Trd, 4319590.343, 100
Trd, 4319594.893, 99
Trd, 4319595.693, 99
Trd, 4319596.343, 98
Trd, 4319599.093, 100
Trd, 4319599.893, 98
Trd, 4319601.443, 98
Trd, 4319601.543, 97
Trd, 4319602.443, 101
Trd, 4319604.393, 102
Trd, 4319605.393, 98
Trd, 4319606.843, 99
Trd, 4319609.943, 98
Trd, 4319610.693, 100
Trd, 4319611.193, 101
Trd, 4319616.193, 100
Trd, 4319618.393, 97
Trd, 4319619.043, 96
Trd, 4319620.593, 97
Trd, 4319620.893, 99
Trd, 4319622.343, 98
Trd, 4319623.243, 96
Trd, 4319623.643, 96
Trd, 4319624.543, 98
Trd, 4319627.643, 94
Trd, 4319628.743, 97
Trd, 4319630.443, 105
Trd, 4319630.593, 98
Trd, 4319633.493, 101
Trd, 4319634.293, 109
Trd, 4319635.493, 99
Trd, 4319637.243, 104
Trd, 4319638.093, 104
Trd, 4319639.543, 99
Trd, 4319639.693, 98
Trd, 4319642.643, 101
Trd, 4319644.943, 97
Trd, 4319645.093, 97
Trd, 4319645.343, 100
Trd, 4319649.693, 97
Trd, 4319649.793, 101
Trd, 4319652.193, 101
Trd, 4319652.343, 96
Trd, 4319653.043, 95
Trd, 4319658.043, 101
Trd, 4319658.093, 94
Trd, 4319658.493, 105
Trd, 4319661.043, 104
Trd, 4319662.493, 106
Trd, 4319662.943, 102
Trd, 4319664.743, 101
Trd, 4319668.393, 102
Trd, 4319668.993, 101
Trd, 4319670.143, 94
Trd, 4319673.643, 99
Trd, 4319674.143, 104
Trd, 4319677.293, 98
Trd, 4319680.393, 101
Trd, 4319681.543, 99
Trd, 4319684.343, 97
Trd, 4319685.443, 97
Trd, 4319686.043, 101
Trd, 4319690.343, 101
Trd, 4319690.393, 101
Trd, 4319695.843, 96
Trd, 4319696.043, 101
Trd, 4319697.593, 97
Trd, 4319697.693, 96
Trd, 4319699.743, 102
Trd, 4319701.293, 96
Trd, 4319701.843, 102
Trd, 4319705.343, 95
Trd, 4319705.543, 98
Trd, 4319708.243, 97
Trd, 4319710.093, 95
Trd, 4319711.743, 94
Trd, 4319713.893, 96
Trd, 4319715.193, 96
Trd, 4319716.343, 93
Trd, 4319719.093, 96
Trd, 4319722.443, 96
Trd, 4319723.243, 96
Trd, 4319723.293, 92
Trd, 4319725.993, 91
Trd, 4319727.193, 91
Trd, 4319729.893, 96
Trd, 4319730.893, 108
Trd, 4319734.693, 96
Trd, 4319739.893, 99
Trd, 4319740.943, 107
Trd, 4319742.693, 100
Trd, 4319743.093, 95
Trd, 4319744.393, 97
Trd, 4319748.793, 97
Trd, 4319749.093, 95
Trd, 4319749.493, 102
Trd, 4319749.943, 94
Trd, 4319752.493, 94
Trd, 4319754.693, 97
Trd, 4319756.643, 96
Trd, 4319759.493, 93
Trd, 4319761.143, 96
Trd, 4319763.243, 100
Trd, 4319764.243, 100
Trd, 4319764.293, 111
Trd, 4319767.293, 100
Trd, 4319770.093, 104
Trd, 4319772.843, 105
Trd, 4319774.943, 99
Trd, 4319775.743, 98
Trd, 4319776.543, 105
Trd, 4319777.593, 97
Trd, 4319779.293, 105
Trd, 4319780.043, 106
Trd, 4319780.243, 98
Trd, 4319785.693, 99
Trd, 4319788.793, 102
Trd, 4319791.393, 102
Trd, 4319791.893, 98
Trd, 4319792.343, 93
Trd, 4319792.493, 103
Trd, 4319795.193, 101
Trd, 4319796.393, 103
Trd, 4319797.343, 103
Trd, 4319797.393, 98
Trd, 4319798.643, 103
Trd, 4319800.543, 99
Trd, 4319800.893, 109
Trd, 4319803.793, 106
Trd, 4319806.243, 98
Trd, 4319808.343, 101
Trd, 4319811.943, 98
Trd, 4319811.993, 97
Trd, 4319815.293, 100
Trd, 4319817.043, 104
Trd, 4319817.143, 97
Trd, 4319818.793, 97
Trd, 4319819.893, 96
Trd, 4319820.493, 96
Trd, 4319822.193, 93
Trd, 4319823.293, 94
Trd, 4319824.143, 96
Trd, 4319825.293, 96
Trd, 4319828.193, 99
Trd, 4319828.993, 94
Trd, 4319829.343, 107
Trd, 4319829.543, 109
Trd, 4319830.743, 96
Trd, 4319834.193, 95
Trd, 4319836.343, 100
Trd, 4319837.793, 98
Trd, 4319839.793, 99
Trd, 4319839.993, 98
Trd, 4319844.443, 97
Trd, 4319845.193, 99
Trd, 4319845.393, 97
Trd, 4319848.143, 97
Trd, 4319850.043, 97
Trd, 4319851.643, 96
Trd, 4319851.943, 94
Trd, 4319853.943, 97
Trd, 4319856.393, 96
Trd, 4319857.243, 95
Trd, 4319858.393, 94
Trd, 4319858.793, 105
Trd, 4319861.243, 113
Trd, 4319863.593, 104
Trd, 4319867.093, 101
Trd, 4319867.743, 100
Trd, 4319869.743, 100
Trd, 4319873.343, 103
Trd, 4319875.193, 104
Trd, 4319875.893, 99
Trd, 4319876.193, 113
Trd, 4319876.943, 120
Trd, 4319877.093, 98
Trd, 4319878.443, 107
Trd, 4319879.643, 102
Trd, 4319879.693, 115
Trd, 4319880.493, 101
Trd, 4319883.843, 109
Trd, 4319885.993, 99
Trd, 4319887.143, 96
Trd, 4319887.943, 99
Trd, 4319889.743, 99
Trd, 4319890.793, 108
Trd, 4319892.293, 105
Trd, 4319893.143, 103
Trd, 4319894.293, 105
Trd, 4319895.093, 105
Trd, 4319895.293, 102
Trd, 4319895.443, 102
Trd, 4319896.243, 101
Trd, 4319899.043, 107
Trd, 4319903.543, 102
Trd, 4319903.693, 103
Trd, 4319904.043, 103
Trd, 4319904.443, 104
Trd, 4319906.543, 102
Trd, 4319908.743, 105
Trd, 4319909.743, 103
Trd, 4319909.893, 102
Trd, 4319910.993, 104
Trd, 4319911.543, 93
Trd, 4319912.093, 85
Trd, 4319915.143, 97
Trd, 4319917.193, 96
Trd, 4319922.043, 95
Trd, 4319922.143, 101
Trd, 4319922.193, 95
Trd, 4319922.243, 94
Trd, 4319925.293, 98
Trd, 4319926.443, 98
Trd, 4319928.693, 101
Trd, 4319930.343, 104
Trd, 4319930.393, 97
Trd, 4319933.993, 99
Trd, 4319934.843, 96
Trd, 4319935.043, 96
Trd, 4319936.543, 98
Trd, 4319937.793, 100
Trd, 4319942.693, 95
Trd, 4319945.793, 97
Trd, 4319947.843, 97
Trd, 4319948.193, 94
Trd, 4319951.043, 96
Trd, 4319955.693, 95
Trd, 4319956.343, 96
Trd, 4319957.043, 107
Trd, 4319957.893, 94
Trd, 4319958.693, 94
Trd, 4319964.043, 99
Trd, 4319965.643, 95
Trd, 4319967.193, 94
Trd, 4319967.643, 94
Trd, 4319972.393, 107
Trd, 4319972.493, 101
Trd, 4319975.543, 110
Trd, 4319976.743, 110
Trd, 4319977.943, 108
Trd, 4319978.143, 93
Trd, 4319979.893, 101
Trd, 4319980.143, 106
Trd, 4319981.243, 103
Trd, 4319984.843, 113
Trd, 4319986.143, 105
Trd, 4319987.993, 104
Trd, 4319988.793, 106
Trd, 4319988.943, 106
Trd, 4319990.493, 103
Trd, 4319990.743, 103
Trd, 4319990.843, 113
Trd, 4319992.343, 109
Trd, 4319993.943, 102
Trd, 4319997.343, 103
Trd, 4319997.593, 101
