Trd, 4317825.843, 101
Trd, 4317827.243, 100
Trd, 4317828.343, 100
Trd, 4317828.793, 101
Trd, 4317831.193, 101
Trd, 4317833.243, 100
Trd, 4317836.893, 101
Trd, 4317838.443, 100
Trd, 4317840.043, 101
Trd, 4317842.193, 101
Trd, 4317843.943, 101
Trd, 4317844.443, 100
Trd, 4317847.943, 99
Trd, 4317850.343, 101
Trd, 4317850.393, 101
Trd, 4317853.243, 101
Trd, 4317853.743, 101
Trd, 4317854.193, 100
Trd, 4317855.393, 99
Trd, 4317856.043, 98
Trd, 4317858.343, 100
Trd, 4317861.643, 99
Trd, 4317862.443, 98
Trd, 4317866.693, 98
Trd, 4317867.893, 99
Trd, 4317868.393, 99
Trd, 4317868.943, 99
Trd, 4317869.743, 95
Trd, 4317873.743, 98
Trd, 4317874.743, 97
Trd, 4317875.343, 98
Trd, 4317878.693, 97
Trd, 4317879.043, 96
Trd, 4317879.793, 96
Trd, 4317882.293, 97
Trd, 4317883.643, 97
Trd, 4317885.243, 97
Trd, 4317888.193, 94
Trd, 4317888.293, 97
Trd, 4317891.893, 96
Trd, 4317893.693, 96
Trd, 4317894.943, 95
Trd, 4317895.793, 96
Trd, 4317898.393, 96
Trd, 4317899.543, 95
Trd, 4317903.943, 96
Trd, 4317904.343, 95
Trd, 4317904.893, 96
Trd, 4317905.043, 95
Trd, 4317906.993, 95
Trd, 4317908.193, 95
Trd, 4317908.543, 93
Trd, 4317910.893, 94
Trd, 4317911.593, 94
Trd, 4317912.093, 95
Trd, 4317912.293, 95
Trd, 4317915.643, 96
Trd, 4317916.243, 97
Trd, 4317916.393, 95
Trd, 4317917.843, 96
Trd, 4317918.443, 98
Trd, 4317919.743, 97
Trd, 4317920.943, 98
Trd, 4317921.043, 95
Trd, 4317923.093, 100
Trd, 4317923.293, 98
Trd, 4317924.543, 99
Trd, 4317927.193, 98
Trd, 4317929.093, 96
Trd, 4317930.843, 99
Trd, 4317930.993, 97
Trd, 4317932.643, 97
Trd, 4317933.743, 97
Trd, 4317934.143, 97
Trd, 4317935.593, 97
Trd, 4317936.443, 97
Trd, 4317939.693, 96
Trd, 4317943.143, 97
Trd, 4317944.643, 96
Trd, 4317945.093, 97
Trd, 4317947.093, 96
Trd, 4317947.643, 97
Trd, 4317948.043, 104
Trd, 4317952.693, 96
Trd, 4317953.943, 97
Trd, 4317955.493, 97
Trd, 4317955.943, 95
Trd, 4317956.393, 96
Trd, 4317959.093, 97
Trd, 4317960.943, 97
Trd, 4317964.593, 97
Trd, 4317965.443, 96
Trd, 4317965.793, 96
Trd, 4317969.593, 97
Trd, 4317969.843, 95
Trd, 4317970.093, 96
Trd, 4317973.743, 95
Trd, 4317974.043, 94
Trd, 4317975.843, 95
Trd, 4317977.393, 95
Trd, 4317978.043, 95
Trd, 4317979.543, 97
Trd, 4317981.093, 96
Trd, 4317983.793, 96
Trd, 4317984.993, 96
Trd, 4317988.143, 96
Trd, 4317988.343, 95
Trd, 4317988.693, 95
Trd, 4317988.793, 95
Trd, 4317990.893, 95
Trd, 4317995.243, 95
Trd, 4317995.993, 96
Trd, 4317996.243, 96
Trd, 4317996.293, 95
Trd, 4317997.443, 128
Trd, 4317998.343, 105
Trd, 4317999.193, 107
Trd, 4318001.043, 111
Trd, 4318002.843, 99
Trd, 4318004.493, 102
Trd, 4318005.143, 121
Trd, 4318008.243, 103
Trd, 4318009.443, 106
Trd, 4318011.743, 104
Trd, 4318012.693, 103
Trd, 4318013.393, 104
Trd, 4318015.893, 104
Trd, 4318017.043, 103
Trd, 4318019.793, 104
Trd, 4318019.993, 103
Trd, 4318020.843, 103
Trd, 4318022.793, 103
Trd, 4318023.493, 104
Trd, 4318023.793, 103
Trd, 4318025.443, 104
Trd, 4318028.743, 100
Trd, 4318028.993, 103
Trd, 4318032.643, 103
Trd, 4318033.793, 103
Trd, 4318036.293, 103
Trd, 4318036.693, 101
Trd, 4318037.043, 102
Trd, 4318037.493, 103
Trd, 4318040.043, 101
Trd, 4318042.943, 101
Trd, 4318043.143, 99
Trd, 4318044.143, 102
Trd, 4318045.093, 102
Trd, 4318049.443, 102
Trd, 4318050.493, 100
Trd, 4318053.893, 101
Trd, 4318054.243, 102
Trd, 4318060.343, 102
Trd, 4318060.943, 102
Trd, 4318061.243, 101
Trd, 4318063.893, 102
Trd, 4318066.943, 100
Trd, 4318067.343, 102
Trd, 4318069.043, 103
Trd, 4318070.093, 102
Trd, 4318070.293, 101
Trd, 4318070.693, 102
Trd, 4318073.493, 102
Trd, 4318076.393, 103
Trd, 4318077.943, 101
Trd, 4318078.943, 95
Trd, 4318080.393, 102
Trd, 4318081.793, 102
Trd, 4318086.143, 102
Trd, 4318086.243, 102
Trd, 4318086.293, 101
Trd, 4318087.293, 100
Trd, 4318088.893, 102
Trd, 4318089.193, 100
Trd, 4318094.493, 101
Trd, 4318094.593, 100
Trd, 4318095.143, 100
Trd, 4318097.643, 99
Trd, 4318102.543, 100
Trd, 4318102.693, 97
Trd, 4318104.043, 100
Trd, 4318104.293, 97
Trd, 4318108.343, 100
Trd, 4318109.993, 100
Trd, 4318113.193, 99
Trd, 4318113.843, 98
Trd, 4318114.243, 98
Trd, 4318115.193, 99
Trd, 4318116.143, 100
Trd, 4318117.193, 95
Trd, 4318117.393, 100
Trd, 4318119.343, 104
Trd, 4318119.693, 105
Trd, 4318120.643, 104
Trd, 4318123.043, 103
Trd, 4318123.493, 104
Trd, 4318123.743, 104
Trd, 4318124.693, 104
Trd, 4318125.343, 102
Trd, 4318132.293, 103
Trd, 4318132.443, 103
Trd, 4318133.893, 103
Trd, 4318133.943, 101
Trd, 4318137.543, 102
Trd, 4318139.393, 103
Trd, 4318139.893, 103
Trd, 4318143.393, 102
Trd, 4318145.643, 103
Trd, 4318147.043, 102
Trd, 4318147.793, 102
Trd, 4318153.443, 103
Trd, 4318154.993, 103
Trd, 4318155.293, 100
Trd, 4318157.443, 103
Trd, 4318158.093, 101
Trd, 4318158.893, 103
Trd, 4318160.093, 100
Trd, 4318160.193, 102
Trd, 4318166.843, 102
Trd, 4318168.843, 101
Trd, 4318169.393, 100
Trd, 4318169.893, 101
Trd, 4318170.043, 101
Trd, 4318170.243, 100
Trd, 4318174.943, 100
Trd, 4318178.943, 101
Trd, 4318179.243, 101
Trd, 4318179.643, 101
Trd, 4318180.593, 104
Trd, 4318182.443, 104
Trd, 4318183.293, 105
Trd, 4318183.743, 105
Trd, 4318184.293, 104
Trd, 4318185.293, 104
Trd, 4318186.893, 101
Trd, 4318187.743, 99
Trd, 4318190.043, 95
Trd, 4318191.043, 91
Trd, 4318191.793, 94
Trd, 4318192.643, 95
Trd, 4318194.343, 95
Trd, 4318194.443, 94
Trd, 4318197.643, 96
Trd, 4318198.393, 96
Trd, 4318198.643, 96
Trd, 4318200.393, 96
Trd, 4318200.943, 96
Trd, 4318200.993, 95
Trd, 4318205.093, 96
Trd, 4318205.193, 95
Trd, 4318207.293, 95
Trd, 4318208.293, 94
Trd, 4318210.343, 93
Trd, 4318212.293, 95
Trd, 4318213.043, 95
Trd, 4318213.943, 95
Trd, 4318214.593, 95
Trd, 4318215.793, 94
Trd, 4318216.093, 95
Trd, 4318217.943, 96
Trd, 4318219.193, 95
Trd, 4318221.143, 96
Trd, 4318224.843, 95
Trd, 4318225.893, 96
Trd, 4318227.193, 96
Trd, 4318230.693, 96
Trd, 4318231.743, 95
Trd, 4318232.393, 97
Trd, 4318232.793, 96
Trd, 4318232.943, 97
Trd, 4318235.943, 116
Trd, 4318236.493, 105
Trd, 4318237.643, 105
Trd, 4318238.293, 104
Trd, 4318238.843, 105
Trd, 4318239.293, 104
Trd, 4318241.493, 103
Trd, 4318242.893, 102
Trd, 4318244.293, 101
Trd, 4318245.543, 102
Trd, 4318247.443, 101
Trd, 4318248.343, 99
Trd, 4318248.693, 99
Trd, 4318249.943, 98
Trd, 4318250.243, 100
Trd, 4318252.143, 87
Trd, 4318256.893, 99
Trd, 4318257.943, 99
Trd, 4318259.043, 99
Trd, 4318259.743, 99
Trd, 4318259.793, 97
Trd, 4318262.143, 96
Trd, 4318263.543, 99
Trd, 4318263.993, 99
Trd, 4318266.993, 99
Trd, 4318267.343, 99
Trd, 4318267.743, 97
Trd, 4318269.143, 100
Trd, 4318270.243, 122
Trd, 4318273.043, 99
Trd, 4318276.043, 101
Trd, 4318278.743, 101
Trd, 4318281.543, 99
Trd, 4318282.593, 101
Trd, 4318284.793, 101
Trd, 4318285.043, 101
Trd, 4318285.993, 100
Trd, 4318286.193, 98
Trd, 4318288.143, 100
Trd, 4318289.393, 98
Trd, 4318292.643, 100
Trd, 4318295.293, 100
Trd, 4318296.093, 98
Trd, 4318299.343, 100
Trd, 4318300.993, 97
Trd, 4318301.343, 100
Trd, 4318304.393, 99
Trd, 4318306.693, 98
Trd, 4318309.443, 99
Trd, 4318311.493, 97
Trd, 4318314.993, 95
Trd, 4318318.243, 99
Trd, 4318318.843, 99
Trd, 4318319.393, 99
Trd, 4318322.793, 96
Trd, 4318324.143, 98
Trd, 4318326.893, 98
Trd, 4318327.243, 96
Trd, 4318328.893, 95
Trd, 4318333.193, 98
Trd, 4318334.193, 97
Trd, 4318336.543, 95
Trd, 4318337.093, 96
Trd, 4318337.543, 97
Trd, 4318341.493, 97
Trd, 4318343.043, 97
Trd, 4318343.143, 96
Trd, 4318347.643, 95
Trd, 4318348.743, 96
Trd, 4318350.243, 97
Trd, 4318351.643, 96
Trd, 4318356.043, 97
Trd, 4318357.293, 96
Trd, 4318358.143, 97
Trd, 4318362.743, 96
Trd, 4318363.393, 96
Trd, 4318363.693, 95
Trd, 4318365.793, 95
Trd, 4318366.643, 95
Trd, 4318367.593, 96
Trd, 4318369.993, 95
Trd, 4318371.093, 94
Trd, 4318371.193, 95
Trd, 4318372.893, 96
Trd, 4318374.593, 95
Trd, 4318377.043, 96
Trd, 4318378.293, 96
Trd, 4318378.443, 95
Trd, 4318378.643, 95
Trd, 4318379.393, 96
Trd, 4318381.493, 105
Trd, 4318382.243, 107
Trd, 4318382.443, 104
Trd, 4318383.943, 95
Trd, 4318384.243, 104
Trd, 4318384.993, 99
Trd, 4318386.793, 100
Trd, 4318387.693, 97
Trd, 4318388.843, 97
Trd, 4318391.543, 101
Trd, 4318391.693, 100
Trd, 4318393.093, 99
Trd, 4318393.393, 104
Trd, 4318395.343, 97
Trd, 4318398.743, 101
Trd, 4318400.093, 99
Trd, 4318402.293, 99
Trd, 4318403.343, 98
Trd, 4318403.643, 99
Trd, 4318404.243, 97
Trd, 4318406.593, 102
Trd, 4318407.743, 98
Trd, 4318408.243, 99
Trd, 4318410.993, 99
Trd, 4318411.693, 99
Trd, 4318412.443, 101
Trd, 4318414.543, 100
Trd, 4318415.843, 99
Trd, 4318417.543, 101
Trd, 4318419.743, 101
Trd, 4318420.293, 100
Trd, 4318421.143, 99
Trd, 4318424.843, 99
Trd, 4318425.043, 100
Trd, 4318428.143, 100
Trd, 4318430.843, 99
Trd, 4318432.643, 100
Trd, 4318433.293, 100
Trd, 4318433.793, 100
Trd, 4318434.443, 100
Trd, 4318436.293, 99
Trd, 4318437.443, 99
Trd, 4318438.243, 99
Trd, 4318439.093, 100
Trd, 4318440.093, 98
Trd, 4318441.743, 97
Trd, 4318442.093, 99
Trd, 4318442.793, 100
Trd, 4318448.043, 99
Trd, 4318448.693, 100
Trd, 4318450.043, 98
Trd, 4318451.393, 97
Trd, 4318454.993, 100
Trd, 4318455.043, 99
Trd, 4318457.793, 98
Trd, 4318458.243, 98
Trd, 4318458.943, 97
Trd, 4318459.693, 99
Trd, 4318462.743, 98
Trd, 4318464.393, 97
Trd, 4318466.293, 98
Trd, 4318469.043, 97
Trd, 4318473.043, 98
Trd, 4318474.093, 97
Trd, 4318476.143, 97
Trd, 4318476.493, 98
Trd, 4318477.893, 98
Trd, 4318478.693, 98
Trd, 4318480.493, 97
Trd, 4318483.293, 87
Trd, 4318487.993, 97
Trd, 4318488.143, 98
Trd, 4318490.893, 95
Trd, 4318492.143, 97
Trd, 4318493.193, 97
Trd, 4318493.943, 97
Trd, 4318496.493, 95
Trd, 4318498.793, 97
Trd, 4318499.493, 96
Trd, 4318499.893, 97
Trd, 4318500.543, 95
Trd, 4318503.093, 95
Trd, 4318505.893, 97
Trd, 4318507.893, 97
Trd, 4318510.343, 96
Trd, 4318510.743, 97
Trd, 4318511.393, 96
Trd, 4318512.693, 97
Trd, 4318515.643, 96
Trd, 4318516.493, 97
Trd, 4318517.943, 97
Trd, 4318519.693, 97
Trd, 4318520.293, 96
Trd, 4318524.443, 95
Trd, 4318525.243, 95
Trd, 4318526.093, 96
Trd, 4318527.043, 95
Trd, 4318530.093, 95
Trd, 4318530.193, 95
Trd, 4318530.493, 87
Trd, 4318531.243, 90
Trd, 4318533.293, 92
Trd, 4318533.443, 91
Trd, 4318533.943, 95
Trd, 4318535.443, 90
Trd, 4318537.443, 93
Trd, 4318538.643, 93
Trd, 4318540.243, 95
Trd, 4318542.493, 92
Trd, 4318544.293, 94
Trd, 4318545.543, 94
Trd, 4318545.993, 94
Trd, 4318547.293, 93
Trd, 4318547.793, 93
Trd, 4318548.793, 95
Trd, 4318549.493, 94
Trd, 4318549.793, 93
Trd, 4318552.743, 95
Trd, 4318552.993, 94
Trd, 4318554.543, 95
Trd, 4318558.043, 95
Trd, 4318558.243, 94
Trd, 4318560.893, 95
Trd, 4318561.093, 95
Trd, 4318562.393, 95
Trd, 4318562.443, 94
Trd, 4318563.943, 94
Trd, 4318565.193, 93
Trd, 4318565.243, 94
Trd, 4318567.793, 94
Trd, 4318568.593, 94
Trd, 4318570.343, 95
Trd, 4318570.393, 104
Trd, 4318575.343, 95
Trd, 4318576.543, 96
Trd, 4318577.443, 95
Trd, 4318579.743, 96
Trd, 4318579.893, 95
Trd, 4318582.543, 119
Trd, 4318582.593, 104
Trd, 4318582.643, 102
Trd, 4318584.243, 102
Trd, 4318584.293, 103
Trd, 4318585.493, 101
Trd, 4318585.993, 103
Trd, 4318588.643, 99
Trd, 4318591.443, 97
Trd, 4318591.893, 90
Trd, 4318592.743, 96
Trd, 4318592.793, 95
Trd, 4318593.693, 96
Trd, 4318596.343, 94
Trd, 4318596.893, 96
Trd, 4318597.943, 95
Trd, 4318598.493, 96
Trd, 4318599.343, 88
Trd, 4318599.943, 93
Trd, 4318600.943, 94
Trd, 4318601.493, 95
Trd, 4318606.393, 94
Trd, 4318607.493, 95
Trd, 4318607.743, 95
Trd, 4318608.743, 96
Trd, 4318609.043, 96
Trd, 4318609.143, 95
Trd, 4318612.643, 96
Trd, 4318612.943, 95
Trd, 4318613.543, 95
Trd, 4318614.243, 97
Trd, 4318616.193, 96
Trd, 4318617.343, 97
Trd, 4318618.193, 97
Trd, 4318621.143, 96
Trd, 4318621.993, 96
Trd, 4318623.493, 96
Trd, 4318623.843, 96
Trd, 4318624.843, 96
Trd, 4318627.193, 95
Trd, 4318629.693, 96
Trd, 4318629.993, 97
Trd, 4318631.493, 95
Trd, 4318634.543, 94
Trd, 4318635.943, 96
Trd, 4318636.893, 95
Trd, 4318640.243, 96
Trd, 4318640.593, 95
Trd, 4318641.043, 96
Trd, 4318643.143, 96
Trd, 4318643.343, 95
Trd, 4318643.843, 95
Trd, 4318645.493, 96
Trd, 4318646.993, 95
Trd, 4318648.443, 96
Trd, 4318649.043, 95
Trd, 4318649.593, 86
Trd, 4318649.943, 96
Trd, 4318655.193, 96
Trd, 4318655.243, 95
Trd, 4318655.343, 96
Trd, 4318655.543, 96
Trd, 4318656.643, 95
Trd, 4318658.893, 96
Trd, 4318658.993, 97
Trd, 4318659.493, 97
Trd, 4318659.693, 97
Trd, 4318661.693, 96
Trd, 4318662.143, 96
Trd, 4318662.843, 96
Trd, 4318663.693, 95
Trd, 4318664.343, 97
Trd, 4318665.443, 95
Trd, 4318670.043, 96
Trd, 4318670.093, 95
Trd, 4318671.143, 95
Trd, 4318671.393, 95
Trd, 4318672.343, 96
Trd, 4318672.443, 96
Trd, 4318674.793, 112
Trd, 4318675.393, 102
Trd, 4318677.343, 129
Trd, 4318677.743, 108
Trd, 4318678.043, 108
Trd, 4318679.143, 108
Trd, 4318681.593, 100
Trd, 4318682.643, 98
Trd, 4318683.943, 95
Trd, 4318686.593, 97
Trd, 4318687.093, 95
Trd, 4318689.343, 94
Trd, 4318689.743, 90
Trd, 4318690.093, 94
Trd, 4318692.393, 94
Trd, 4318693.743, 95
Trd, 4318696.243, 93
Trd, 4318697.993, 94
Trd, 4318698.443, 94
Trd, 4318701.293, 94
Trd, 4318701.793, 95
Trd, 4318701.993, 95
Trd, 4318702.943, 95
Trd, 4318704.643, 95
Trd, 4318706.593, 94
Trd, 4318707.443, 95
Trd, 4318707.543, 95
Trd, 4318707.943, 120
Trd, 4318711.193, 96
Trd, 4318712.043, 102
Trd, 4318713.643, 102
Trd, 4318714.393, 103
Trd, 4318714.693, 101
Trd, 4318718.693, 98
Trd, 4318719.343, 98
Trd, 4318719.643, 90
Trd, 4318720.443, 104
Trd, 4318722.443, 98
Trd, 4318724.743, 95
Trd, 4318726.943, 95
Trd, 4318728.493, 96
Trd, 4318733.343, 96
Trd, 4318734.693, 95
Trd, 4318736.593, 96
Trd, 4318737.443, 95
Trd, 4318739.343, 95
Trd, 4318740.193, 95
Trd, 4318740.943, 95
Trd, 4318742.093, 95
Trd, 4318742.943, 96
Trd, 4318744.543, 98
Trd, 4318744.893, 86
Trd, 4318746.343, 98
Trd, 4318748.343, 94
Trd, 4318752.643, 96
Trd, 4318753.143, 95
Trd, 4318754.543, 96
Trd, 4318755.493, 95
Trd, 4318758.743, 96
Trd, 4318760.143, 96
Trd, 4318761.093, 95
Trd, 4318763.643, 96
Trd, 4318763.693, 95
Trd, 4318765.643, 94
Trd, 4318766.443, 94
Trd, 4318769.043, 95
Trd, 4318769.493, 95
Trd, 4318769.793, 95
Trd, 4318771.343, 98
Trd, 4318771.443, 97
Trd, 4318772.593, 98
Trd, 4318773.193, 98
Trd, 4318775.143, 99
Trd, 4318775.693, 90
Trd, 4318776.743, 94
Trd, 4318778.243, 95
Trd, 4318779.743, 96
Trd, 4318780.193, 95
Trd, 4318781.593, 121
Trd, 4318781.993, 104
Trd, 4318782.693, 109
Trd, 4318782.843, 95
Trd, 4318786.393, 107
Trd, 4318786.593, 103
Trd, 4318788.143, 106
Trd, 4318788.493, 104
Trd, 4318790.593, 104
Trd, 4318793.143, 103
Trd, 4318793.693, 103
Trd, 4318794.993, 100
Trd, 4318797.943, 99
Trd, 4318799.393, 100
Trd, 4318799.943, 98
Trd, 4318802.393, 100
Trd, 4318803.343, 100
Trd, 4318804.443, 100
Trd, 4318807.793, 100
Trd, 4318808.693, 99
Trd, 4318810.993, 100
Trd, 4318811.743, 100
Trd, 4318813.043, 116
Trd, 4318816.343, 98
Trd, 4318819.193, 102
Trd, 4318820.393, 99
Trd, 4318821.543, 102
Trd, 4318822.893, 101
Trd, 4318824.793, 101
Trd, 4318827.593, 101
Trd, 4318829.793, 101
Trd, 4318831.193, 101
Trd, 4318832.593, 100
Trd, 4318834.393, 101
Trd, 4318836.293, 99
Trd, 4318838.993, 101
Trd, 4318839.893, 99
Trd, 4318843.193, 101
Trd, 4318843.293, 99
Trd, 4318848.893, 101
Trd, 4318849.643, 100
Trd, 4318849.743, 101
Trd, 4318850.593, 101
Trd, 4318851.493, 102
Trd, 4318854.993, 101
Trd, 4318855.143, 100
Trd, 4318855.743, 99
Trd, 4318857.393, 99
Trd, 4318860.293, 122
Trd, 4318861.743, 110
Trd, 4318862.193, 108
Trd, 4318863.293, 109
Trd, 4318865.093, 107
Trd, 4318865.393, 106
Trd, 4318867.443, 103
Trd, 4318867.793, 102
Trd, 4318869.393, 103
Trd, 4318871.093, 103
Trd, 4318871.943, 103
Trd, 4318872.743, 104
Trd, 4318873.343, 102
Trd, 4318876.393, 103
Trd, 4318877.293, 101
Trd, 4318880.093, 100
Trd, 4318881.743, 102
Trd, 4318884.293, 99
Trd, 4318886.943, 102
Trd, 4318888.193, 101
Trd, 4318888.693, 101
Trd, 4318889.143, 102
Trd, 4318889.693, 99
Trd, 4318893.543, 102
Trd, 4318894.693, 101
Trd, 4318898.043, 100
Trd, 4318898.893, 101
Trd, 4318898.993, 101
Trd, 4318899.493, 100
Trd, 4318900.993, 100
Trd, 4318901.643, 100
Trd, 4318902.893, 122
Trd, 4318903.593, 106
Trd, 4318904.793, 102
Trd, 4318905.443, 99
Trd, 4318906.343, 102
Trd, 4318909.893, 99
Trd, 4318910.093, 102
Trd, 4318914.993, 100
Trd, 4318916.943, 102
Trd, 4318917.293, 101
Trd, 4318918.693, 101
Trd, 4318920.993, 101
Trd, 4318921.593, 102
Trd, 4318922.543, 100
Trd, 4318926.843, 101
Trd, 4318927.793, 102
Trd, 4318928.093, 101
Trd, 4318929.643, 100
Trd, 4318932.643, 102
Trd, 4318935.893, 101
Trd, 4318935.943, 102
Trd, 4318937.893, 100
Trd, 4318940.243, 101
Trd, 4318941.593, 100
Trd, 4318944.193, 101
Trd, 4318946.393, 100
Trd, 4318947.443, 99
Trd, 4318947.493, 98
Trd, 4318947.593, 102
Trd, 4318951.393, 100
Trd, 4318951.443, 101
Trd, 4318954.193, 99
Trd, 4318955.443, 100
Trd, 4318956.193, 97
Trd, 4318958.643, 99
Trd, 4318960.193, 96
Trd, 4318960.943, 96
Trd, 4318961.543, 97
Trd, 4318961.593, 100
Trd, 4318963.543, 96
Trd, 4318965.043, 95
Trd, 4318966.193, 98
Trd, 4318966.943, 95
Trd, 4318971.043, 96
Trd, 4318971.793, 96
Trd, 4318972.193, 96
Trd, 4318972.693, 96
Trd, 4318977.593, 95
Trd, 4318978.393, 96
Trd, 4318979.243, 96
Trd, 4318983.193, 96
Trd, 4318984.043, 94
Trd, 4318986.293, 97
Trd, 4318986.843, 96
Trd, 4318988.543, 97
Trd, 4318989.043, 104
Trd, 4318989.493, 95
Trd, 4318992.793, 97
Trd, 4318995.043, 97
Trd, 4318998.393, 95
Trd, 4318999.693, 96
Trd, 4319000.693, 95
Trd, 4319002.193, 96
Trd, 4319002.943, 96
Trd, 4319003.293, 95
Trd, 4319003.643, 94
Trd, 4319004.643, 94
Trd, 4319005.043, 95
Trd, 4319006.293, 95
Trd, 4319006.493, 96
Trd, 4319007.193, 95
Trd, 4319007.943, 95
Trd, 4319009.293, 96
Trd, 4319010.243, 95
Trd, 4319012.443, 95
Trd, 4319015.293, 96
Trd, 4319016.443, 95
Trd, 4319020.793, 96
Trd, 4319022.493, 95
Trd, 4319022.893, 96
Trd, 4319024.143, 95
Trd, 4319024.393, 95
Trd, 4319026.393, 96
Trd, 4319027.243, 96
Trd, 4319028.793, 96
Trd, 4319031.293, 95
Trd, 4319032.693, 96
Trd, 4319034.743, 96
Trd, 4319037.243, 95
Trd, 4319043.143, 96
Trd, 4319044.243, 96
Trd, 4319045.343, 95
Trd, 4319045.443, 95
Trd, 4319049.693, 96
Trd, 4319051.693, 95
Trd, 4319053.443, 96
Trd, 4319054.043, 95
Trd, 4319056.893, 96
Trd, 4319057.693, 96
Trd, 4319058.193, 95
Trd, 4319060.543, 94
Trd, 4319065.593, 96
Trd, 4319066.143, 96
Trd, 4319066.443, 92
Trd, 4319069.593, 95
Trd, 4319069.693, 93
Trd, 4319071.943, 95
Trd, 4319073.393, 95
Trd, 4319075.743, 94
Trd, 4319076.093, 95
Trd, 4319078.743, 95
Trd, 4319079.143, 94
Trd, 4319079.193, 92
Trd, 4319081.093, 93
Trd, 4319082.493, 93
Trd, 4319085.493, 99
Trd, 4319085.543, 97
Trd, 4319086.093, 96
Trd, 4319086.193, 121
Trd, 4319087.793, 97
Trd, 4319089.393, 98
Trd, 4319091.293, 104
Trd, 4319094.493, 101
Trd, 4319097.393, 102
Trd, 4319098.793, 103
Trd, 4319100.243, 102
Trd, 4319101.093, 101
Trd, 4319101.643, 103
Trd, 4319104.093, 102
Trd, 4319107.293, 101
Trd, 4319107.893, 100
Trd, 4319107.993, 100
Trd, 4319111.243, 99
Trd, 4319112.143, 98
Trd, 4319113.593, 99
Trd, 4319116.843, 98
Trd, 4319120.693, 98
Trd, 4319122.043, 99
Trd, 4319123.743, 99
Trd, 4319126.293, 98
Trd, 4319128.143, 99
Trd, 4319129.093, 98
Trd, 4319129.593, 96
Trd, 4319133.043, 99
Trd, 4319133.543, 99
Trd, 4319134.943, 99
Trd, 4319137.993, 100
Trd, 4319138.243, 98
Trd, 4319141.343, 97
Trd, 4319142.543, 99
Trd, 4319144.693, 100
Trd, 4319144.793, 100
Trd, 4319145.993, 99
Trd, 4319147.043, 98
Trd, 4319147.643, 104
Trd, 4319150.393, 99
Trd, 4319152.293, 100
Trd, 4319153.193, 100
Trd, 4319153.243, 100
Trd, 4319156.393, 100
Trd, 4319156.743, 95
Trd, 4319159.343, 99
Trd, 4319159.843, 99
Trd, 4319161.643, 131
Trd, 4319161.943, 112
Trd, 4319162.243, 104
Trd, 4319165.143, 112
Trd, 4319168.443, 110
Trd, 4319168.543, 111
Trd, 4319169.043, 109
Trd, 4319170.543, 111
Trd, 4319172.093, 108
Trd, 4319174.543, 104
Trd, 4319175.193, 99
Trd, 4319176.543, 101
Trd, 4319176.793, 91
Trd, 4319176.843, 100
Trd, 4319180.243, 97
Trd, 4319180.793, 100
Trd, 4319187.493, 100
Trd, 4319189.043, 100
Trd, 4319190.693, 96
Trd, 4319193.543, 97
Trd, 4319194.193, 98
Trd, 4319194.643, 97
Trd, 4319198.043, 97
Trd, 4319198.493, 96
Trd, 4319199.193, 97
Trd, 4319200.993, 97
Trd, 4319205.143, 96
Trd, 4319205.843, 97
Trd, 4319207.343, 96
Trd, 4319207.943, 95
Trd, 4319211.143, 96
Trd, 4319212.043, 95
Trd, 4319215.393, 96
Trd, 4319215.843, 95
Trd, 4319215.893, 95
Trd, 4319216.243, 96
Trd, 4319218.143, 95
Trd, 4319218.193, 96
Trd, 4319219.393, 100
Trd, 4319220.543, 96
Trd, 4319222.243, 99
Trd, 4319224.943, 100
Trd, 4319225.343, 119
Trd, 4319226.343, 105
Trd, 4319228.093, 103
Trd, 4319228.643, 100
Trd, 4319230.043, 101
Trd, 4319232.843, 104
Trd, 4319233.643, 102
Trd, 4319235.193, 103
Trd, 4319235.293, 101
Trd, 4319236.693, 100
Trd, 4319238.743, 100
Trd, 4319240.493, 100
Trd, 4319241.593, 99
Trd, 4319241.993, 104
Trd, 4319242.943, 101
Trd, 4319243.593, 106
Trd, 4319244.643, 101
Trd, 4319244.843, 104
Trd, 4319245.043, 102
Trd, 4319246.293, 95
Trd, 4319249.293, 100
Trd, 4319251.043, 102
Trd, 4319251.443, 102
Trd, 4319252.393, 101
Trd, 4319252.493, 101
Trd, 4319254.093, 100
Trd, 4319255.393, 101
Trd, 4319256.343, 98
Trd, 4319257.943, 98
Trd, 4319258.693, 99
Trd, 4319259.343, 99
Trd, 4319262.743, 98
Trd, 4319263.093, 98
Trd, 4319263.993, 97
Trd, 4319264.343, 121
Trd, 4319267.093, 100
Trd, 4319268.193, 98
Trd, 4319269.843, 99
Trd, 4319274.443, 97
Trd, 4319275.293, 99
Trd, 4319276.543, 99
Trd, 4319277.143, 98
Trd, 4319278.143, 99
Trd, 4319278.543, 99
Trd, 4319278.793, 98
Trd, 4319279.043, 98
Trd, 4319284.143, 98
Trd, 4319284.693, 98
Trd, 4319286.643, 96
Trd, 4319288.943, 98
Trd, 4319289.793, 98
Trd, 4319291.993, 96
Trd, 4319293.193, 97
Trd, 4319294.093, 96
Trd, 4319296.143, 96
Trd, 4319296.643, 96
Trd, 4319299.393, 95
Trd, 4319299.493, 96
Trd, 4319300.793, 95
Trd, 4319302.393, 96
Trd, 4319303.693, 97
Trd, 4319304.793, 96
Trd, 4319306.293, 96
Trd, 4319307.293, 96
Trd, 4319307.393, 96
Trd, 4319307.693, 95
Trd, 4319307.893, 104
Trd, 4319314.293, 96
Trd, 4319314.543, 95
Trd, 4319319.293, 96
Trd, 4319320.593, 95
Trd, 4319322.143, 96
Trd, 4319322.693, 96
Trd, 4319323.793, 97
Trd, 4319323.943, 94
Trd, 4319325.093, 96
Trd, 4319328.443, 96
Trd, 4319330.543, 96
Trd, 4319332.093, 95
Trd, 4319336.143, 96
Trd, 4319336.993, 104
Trd, 4319337.493, 95
Trd, 4319338.543, 99
Trd, 4319341.743, 94
Trd, 4319344.393, 97
Trd, 4319347.743, 96
Trd, 4319350.493, 97
Trd, 4319351.493, 97
Trd, 4319352.243, 96
Trd, 4319354.243, 97
Trd, 4319355.293, 97
Trd, 4319361.743, 97
Trd, 4319362.043, 96
Trd, 4319362.493, 97
Trd, 4319365.343, 95
Trd, 4319367.343, 97
Trd, 4319368.393, 97
Trd, 4319368.493, 95
Trd, 4319369.143, 97
Trd, 4319371.293, 97
Trd, 4319375.243, 97
Trd, 4319376.093, 96
Trd, 4319376.943, 97
Trd, 4319380.243, 96
Trd, 4319382.543, 95
Trd, 4319384.493, 96
Trd, 4319385.943, 96
Trd, 4319386.643, 96
Trd, 4319387.893, 96
Trd, 4319390.693, 97
Trd, 4319390.793, 96
Trd, 4319394.093, 96
Trd, 4319395.643, 97
Trd, 4319395.793, 97
Trd, 4319396.093, 104
Trd, 4319398.793, 95
Trd, 4319400.593, 94
Trd, 4319404.393, 94
Trd, 4319404.793, 97
Trd, 4319406.943, 96
Trd, 4319407.493, 96
Trd, 4319408.193, 95
Trd, 4319412.993, 96
Trd, 4319413.093, 96
Trd, 4319413.893, 97
Trd, 4319416.543, 95
Trd, 4319417.493, 97
Trd, 4319417.993, 97
Trd, 4319420.293, 96
Trd, 4319420.393, 95
Trd, 4319420.793, 96
Trd, 4319422.393, 96
Trd, 4319427.043, 96
Trd, 4319427.993, 95
Trd, 4319429.593, 94
Trd, 4319432.043, 94
Trd, 4319433.643, 96
Trd, 4319436.143, 96
Trd, 4319436.893, 95
Trd, 4319437.793, 94
Trd, 4319440.843, 94
Trd, 4319442.743, 94
Trd, 4319442.993, 96
Trd, 4319444.343, 95
Trd, 4319446.393, 95
Trd, 4319447.293, 96
Trd, 4319449.043, 96
Trd, 4319451.493, 96
Trd, 4319452.393, 96
Trd, 4319454.693, 95
Trd, 4319457.843, 96
Trd, 4319457.893, 95
Trd, 4319461.893, 97
Trd, 4319461.993, 97
Trd, 4319462.443, 95
Trd, 4319466.643, 95
Trd, 4319467.393, 96
Trd, 4319467.993, 96
Trd, 4319469.343, 95
Trd, 4319469.393, 95
Trd, 4319471.943, 95
Trd, 4319473.443, 96
Trd, 4319475.893, 96
Trd, 4319475.993, 95
Trd, 4319479.743, 96
Trd, 4319480.093, 95
Trd, 4319482.243, 95
Trd, 4319483.393, 96
Trd, 4319484.893, 96
Trd, 4319486.643, 96
Trd, 4319487.243, 96
Trd, 4319490.993, 95
Trd, 4319492.993, 95
Trd, 4319494.793, 96
Trd, 4319494.943, 96
Trd, 4319497.043, 95
Trd, 4319497.343, 96
Trd, 4319498.143, 96
Trd, 4319500.193, 95
Trd, 4319501.243, 97
Trd, 4319502.943, 97
Trd, 4319503.493, 96
Trd, 4319503.943, 104
Trd, 4319505.993, 101
Trd, 4319507.193, 103
Trd, 4319507.493, 102
Trd, 4319508.093, 99
Trd, 4319509.993, 100
Trd, 4319511.793, 100
Trd, 4319511.993, 100
Trd, 4319513.293, 98
Trd, 4319516.193, 100
Trd, 4319516.843, 100
Trd, 4319519.793, 100
Trd, 4319521.543, 99
Trd, 4319522.343, 100
Trd, 4319523.993, 99
Trd, 4319526.643, 100
Trd, 4319527.693, 100
Trd, 4319528.193, 99
Trd, 4319529.543, 101
Trd, 4319530.293, 99
Trd, 4319531.943, 101
Trd, 4319532.243, 102
Trd, 4319535.393, 102
Trd, 4319535.743, 102
Trd, 4319536.443, 101
Trd, 4319538.243, 100
Trd, 4319539.043, 101
Trd, 4319541.793, 101
Trd, 4319544.243, 101
Trd, 4319544.293, 100
Trd, 4319545.243, 99
Trd, 4319545.493, 99
Trd, 4319548.643, 97
Trd, 4319550.693, 100
Trd, 4319554.393, 97
Trd, 4319556.743, 100
Trd, 4319558.343, 99
Trd, 4319558.643, 97
Trd, 4319561.993, 99
Trd, 4319563.893, 99
Trd, 4319564.093, 99
Trd, 4319565.643, 98
Trd, 4319568.293, 96
Trd, 4319571.593, 96
Trd, 4319572.093, 97
Trd, 4319572.793, 97
Trd, 4319573.593, 97
Trd, 4319574.343, 96
Trd, 4319580.493, 97
Trd, 4319582.793, 96
Trd, 4319584.243, 96
Trd, 4319586.393, 97
Trd, 4319589.793, 96
Trd, 4319590.593, 95
Trd, 4319590.993, 96
Trd, 4319593.593, 97
Trd, 4319593.643, 104
Trd, 4319594.193, 100
Trd, 4319594.693, 99
Trd, 4319596.043, 98
Trd, 4319597.643, 100
Trd, 4319598.443, 100
Trd, 4319599.143, 100
Trd, 4319600.193, 102
Trd, 4319601.193, 119
Trd, 4319601.843, 86
Trd, 4319604.193, 129
Trd, 4319605.043, 120
Trd, 4319606.093, 104
Trd, 4319607.843, 115
Trd, 4319608.943, 114
Trd, 4319609.843, 113
Trd, 4319609.893, 111
Trd, 4319611.693, 109
Trd, 4319614.543, 102
Trd, 4319614.593, 104
Trd, 4319614.943, 99
Trd, 4319617.343, 103
Trd, 4319619.343, 103
Trd, 4319619.593, 102
Trd, 4319620.093, 102
Trd, 4319622.643, 101
Trd, 4319624.543, 102
Trd, 4319625.343, 102
Trd, 4319626.093, 101
Trd, 4319627.343, 100
Trd, 4319628.993, 101
Trd, 4319632.643, 99
Trd, 4319634.743, 100
Trd, 4319638.593, 100
Trd, 4319638.643, 99
Trd, 4319638.893, 100
Trd, 4319640.893, 100
Trd, 4319642.493, 99
Trd, 4319642.843, 98
Trd, 4319644.643, 99
Trd, 4319645.093, 97
Trd, 4319646.993, 99
Trd, 4319648.743, 98
Trd, 4319650.893, 97
Trd, 4319651.893, 96
Trd, 4319657.293, 95
Trd, 4319657.493, 98
Trd, 4319658.593, 97
Trd, 4319659.793, 96
Trd, 4319660.143, 97
Trd, 4319660.443, 97
Trd, 4319663.543, 96
Trd, 4319667.743, 95
Trd, 4319669.243, 97
Trd, 4319669.843, 96
Trd, 4319670.193, 97
Trd, 4319673.843, 97
Trd, 4319674.343, 95
Trd, 4319674.393, 96
Trd, 4319674.543, 95
Trd, 4319675.893, 96
Trd, 4319677.843, 95
Trd, 4319678.293, 95
Trd, 4319679.943, 95
Trd, 4319681.093, 94
Trd, 4319684.143, 97
Trd, 4319684.443, 97
Trd, 4319684.643, 96
Trd, 4319685.243, 97
Trd, 4319687.743, 96
Trd, 4319687.843, 97
Trd, 4319688.093, 97
Trd, 4319690.043, 96
Trd, 4319692.643, 95
Trd, 4319693.243, 98
Trd, 4319694.093, 97
Trd, 4319695.143, 97
Trd, 4319697.593, 98
Trd, 4319697.743, 97
Trd, 4319698.643, 98
Trd, 4319699.693, 96
Trd, 4319703.293, 97
Trd, 4319703.693, 98
Trd, 4319703.843, 96
Trd, 4319705.593, 95
Trd, 4319707.293, 98
Trd, 4319710.543, 97
Trd, 4319710.793, 95
Trd, 4319713.193, 96
Trd, 4319714.193, 95
Trd, 4319716.993, 96
Trd, 4319717.793, 95
Trd, 4319718.293, 96
Trd, 4319718.593, 94
Trd, 4319720.843, 96
Trd, 4319723.093, 96
Trd, 4319724.143, 95
Trd, 4319727.243, 96
Trd, 4319730.493, 95
Trd, 4319731.393, 96
Trd, 4319731.493, 95
Trd, 4319733.093, 94
Trd, 4319733.993, 95
Trd, 4319734.643, 96
Trd, 4319736.243, 96
Trd, 4319736.893, 95
Trd, 4319738.543, 96
Trd, 4319738.593, 95
Trd, 4319738.993, 97
Trd, 4319740.643, 97
Trd, 4319742.793, 96
Trd, 4319743.743, 97
Trd, 4319747.693, 95
Trd, 4319748.793, 97
Trd, 4319752.293, 97
Trd, 4319753.193, 97
Trd, 4319753.643, 97
Trd, 4319754.493, 97
Trd, 4319755.743, 97
Trd, 4319756.093, 96
Trd, 4319760.443, 97
Trd, 4319760.793, 96
Trd, 4319763.143, 97
Trd, 4319766.093, 96
Trd, 4319766.943, 97
Trd, 4319769.393, 97
Trd, 4319769.593, 96
Trd, 4319774.593, 96
Trd, 4319775.193, 95
Trd, 4319776.143, 94
Trd, 4319776.293, 94
Trd, 4319776.643, 104
Trd, 4319778.743, 97
Trd, 4319779.593, 95
Trd, 4319780.943, 94
Trd, 4319782.393, 94
Trd, 4319782.993, 96
Trd, 4319786.993, 96
Trd, 4319787.843, 97
Trd, 4319790.343, 95
Trd, 4319791.193, 96
Trd, 4319792.493, 96
Trd, 4319792.593, 96
Trd, 4319795.893, 95
Trd, 4319796.043, 95
Trd, 4319796.443, 95
Trd, 4319797.293, 95
Trd, 4319798.143, 90
Trd, 4319799.793, 91
Trd, 4319800.043, 95
Trd, 4319802.243, 105
Trd, 4319803.193, 104
Trd, 4319804.593, 109
Trd, 4319805.043, 109
Trd, 4319805.793, 127
Trd, 4319806.043, 104
Trd, 4319810.343, 105
Trd, 4319810.543, 108
Trd, 4319812.693, 104
Trd, 4319812.993, 104
Trd, 4319815.243, 104
Trd, 4319817.443, 106
Trd, 4319817.943, 104
Trd, 4319819.493, 105
Trd, 4319820.393, 104
Trd, 4319821.243, 104
Trd, 4319822.093, 104
Trd, 4319823.743, 103
Trd, 4319827.943, 104
Trd, 4319827.993, 103
Trd, 4319828.593, 103
Trd, 4319829.743, 104
Trd, 4319831.543, 103
Trd, 4319832.793, 108
Trd, 4319833.993, 106
Trd, 4319835.143, 104
Trd, 4319836.143, 95
Trd, 4319837.093, 96
Trd, 4319838.393, 98
Trd, 4319839.343, 97
Trd, 4319840.643, 104
Trd, 4319842.643, 97
Trd, 4319843.843, 96
Trd, 4319844.493, 97
Trd, 4319845.443, 97
Trd, 4319846.843, 97
Trd, 4319846.893, 94
Trd, 4319848.793, 93
Trd, 4319851.143, 95
Trd, 4319852.843, 94
Trd, 4319854.593, 95
Trd, 4319855.543, 95
Trd, 4319855.643, 93
Trd, 4319857.693, 95
Trd, 4319858.293, 95
Trd, 4319859.093, 96
Trd, 4319859.293, 96
Trd, 4319860.443, 95
Trd, 4319861.943, 95
Trd, 4319863.793, 96
Trd, 4319865.993, 94
Trd, 4319867.343, 96
Trd, 4319868.093, 95
Trd, 4319868.793, 95
Trd, 4319871.343, 95
Trd, 4319871.993, 95
Trd, 4319872.593, 94
Trd, 4319873.293, 95
Trd, 4319873.693, 93
Trd, 4319874.493, 96
Trd, 4319875.993, 95
Trd, 4319878.043, 121
Trd, 4319879.443, 103
Trd, 4319879.743, 104
Trd, 4319879.893, 122
Trd, 4319883.393, 106
Trd, 4319883.593, 104
Trd, 4319885.293, 99
Trd, 4319886.643, 96
Trd, 4319887.743, 98
Trd, 4319888.393, 98
Trd, 4319889.793, 104
Trd, 4319890.793, 106
Trd, 4319891.093, 105
Trd, 4319891.443, 95
Trd, 4319891.543, 118
Trd, 4319893.843, 102
Trd, 4319897.443, 101
Trd, 4319899.143, 101
Trd, 4319899.943, 100
Trd, 4319900.693, 99
Trd, 4319901.493, 100
Trd, 4319902.893, 98
Trd, 4319906.343, 99
Trd, 4319906.593, 98
Trd, 4319909.043, 100
Trd, 4319910.093, 100
Trd, 4319910.343, 99
Trd, 4319912.593, 98
Trd, 4319916.343, 99
Trd, 4319917.143, 96
Trd, 4319918.243, 98
Trd, 4319924.243, 96
Trd, 4319924.743, 96
Trd, 4319925.143, 97
Trd, 4319927.143, 98
Trd, 4319929.193, 96
Trd, 4319934.793, 97
Trd, 4319935.743, 97
Trd, 4319936.343, 96
Trd, 4319936.643, 104
Trd, 4319939.143, 96
Trd, 4319942.593, 97
Trd, 4319945.193, 95
Trd, 4319945.793, 96
Trd, 4319946.693, 94
Trd, 4319950.693, 96
Trd, 4319950.993, 97
Trd, 4319952.843, 95
Trd, 4319954.443, 96
Trd, 4319955.993, 96
Trd, 4319958.943, 96
Trd, 4319961.143, 95
Trd, 4319961.293, 96
Trd, 4319964.243, 96
Trd, 4319967.193, 96
Trd, 4319967.243, 95
Trd, 4319967.493, 95
Trd, 4319968.993, 104
Trd, 4319969.993, 95
Trd, 4319971.243, 99
Trd, 4319974.443, 98
Trd, 4319974.593, 97
Trd, 4319976.893, 99
Trd, 4319977.743, 97
Trd, 4319979.343, 98
Trd, 4319981.243, 98
Trd, 4319981.343, 97
Trd, 4319982.193, 95
Trd, 4319985.293, 98
Trd, 4319985.843, 95
Trd, 4319988.793, 97
Trd, 4319992.643, 97
Trd, 4319993.793, 95
Trd, 4319994.193, 97
Trd, 4319996.893, 97
Trd, 4319997.443, 96
Trd, 4319997.543, 95
