Trd, 4317883.343, 98
Trd, 4317884.543, 95
Trd, 4317885.093, 94
Trd, 4317887.443, 94
Trd, 4317887.743, 100
Trd, 4317889.943, 95
Trd, 4317892.193, 93
Trd, 4317893.743, 91
Trd, 4317894.843, 90
Trd, 4317894.943, 92
Trd, 4317896.243, 94
Trd, 4317897.343, 99
Trd, 4317898.693, 98
Trd, 4317899.943, 97
Trd, 4317901.693, 96
Trd, 4317902.293, 96
Trd, 4317903.643, 96
Trd, 4317904.393, 97
Trd, 4317905.343, 98
Trd, 4317908.043, 100
Trd, 4317908.693, 100
Trd, 4317908.993, 99
Trd, 4317910.093, 99
Trd, 4317911.843, 98
Trd, 4317913.443, 97
Trd, 4317914.043, 96
Trd, 4317914.493, 96
Trd, 4317914.993, 97
Trd, 4317918.493, 96
Trd, 4317919.343, 96
Trd, 4317919.993, 89
Trd, 4317920.393, 94
Trd, 4317922.243, 94
Trd, 4317924.243, 97
Trd, 4317924.793, 96
Trd, 4317925.293, 97
Trd, 4317926.193, 98
Trd, 4317927.043, 98
Trd, 4317927.843, 97
Trd, 4317928.243, 97
Trd, 4317932.543, 97
Trd, 4317932.893, 96
Trd, 4317934.393, 97
Trd, 4317937.443, 96
Trd, 4317937.793, 95
Trd, 4317938.343, 95
Trd, 4317939.643, 95
Trd, 4317939.743, 94
Trd, 4317941.843, 95
Trd, 4317944.543, 95
Trd, 4317944.593, 95
Trd, 4317944.793, 96
Trd, 4317945.493, 96
Trd, 4317946.043, 97
Trd, 4317946.793, 101
Trd, 4317949.493, 100
Trd, 4317950.443, 99
Trd, 4317950.693, 100
Trd, 4317953.143, 93
Trd, 4317955.443, 92
Trd, 4317956.843, 92
Trd, 4317957.893, 103
Trd, 4317958.393, 103
Trd, 4317958.543, 104
Trd, 4317960.093, 103
Trd, 4317960.643, 103
Trd, 4317961.643, 104
Trd, 4317962.043, 104
Trd, 4317963.393, 102
Trd, 4317966.043, 97
Trd, 4317967.543, 98
Trd, 4317968.593, 98
Trd, 4317971.043, 100
Trd, 4317971.093, 101
Trd, 4317973.143, 99
Trd, 4317973.943, 99
Trd, 4317973.993, 104
Trd, 4317976.093, 98
Trd, 4317977.043, 94
Trd, 4317978.793, 97
Trd, 4317979.793, 112
Trd, 4317980.543, 105
Trd, 4317983.443, 110
Trd, 4317983.693, 109
Trd, 4317986.493, 107
Trd, 4317987.643, 106
Trd, 4317988.893, 105
Trd, 4317990.643, 104
Trd, 4317992.793, 102
Trd, 4317992.843, 104
Trd, 4317993.443, 95
Trd, 4317994.543, 102
Trd, 4317996.193, 99
Trd, 4317998.243, 102
Trd, 4318000.243, 101
Trd, 4318000.943, 102
Trd, 4318002.543, 100
Trd, 4318004.443, 102
Trd, 4318005.793, 102
Trd, 4318007.193, 102
Trd, 4318009.543, 103
Trd, 4318010.043, 102
Trd, 4318010.243, 103
Trd, 4318012.843, 102
Trd, 4318013.043, 101
Trd, 4318013.293, 101
Trd, 4318016.043, 100
Trd, 4318017.143, 100
Trd, 4318017.543, 100
Trd, 4318018.093, 103
Trd, 4318020.643, 102
Trd, 4318022.393, 101
Trd, 4318022.943, 101
Trd, 4318023.543, 101
Trd, 4318025.093, 98
Trd, 4318025.793, 99
Trd, 4318026.843, 98
Trd, 4318027.593, 99
Trd, 4318029.693, 98
Trd, 4318030.443, 97
Trd, 4318030.943, 96
Trd, 4318033.193, 95
Trd, 4318035.343, 94
Trd, 4318036.343, 94
Trd, 4318036.643, 93
Trd, 4318037.993, 104
Trd, 4318039.493, 103
Trd, 4318039.943, 103
Trd, 4318040.593, 103
Trd, 4318044.593, 103
Trd, 4318045.693, 102
Trd, 4318046.043, 99
Trd, 4318047.043, 99
Trd, 4318049.243, 98
Trd, 4318049.793, 98
Trd, 4318050.943, 97
Trd, 4318053.493, 97
Trd, 4318054.243, 94
Trd, 4318054.343, 95
Trd, 4318056.093, 95
Trd, 4318058.093, 97
Trd, 4318058.343, 96
Trd, 4318059.893, 97
Trd, 4318062.143, 99
Trd, 4318063.193, 99
Trd, 4318063.543, 100
Trd, 4318065.843, 100
Trd, 4318066.543, 100
Trd, 4318067.243, 101
Trd, 4318067.843, 101
Trd, 4318069.493, 101
Trd, 4318071.643, 107
Trd, 4318072.943, 106
Trd, 4318074.643, 104
Trd, 4318075.193, 104
Trd, 4318076.293, 103
Trd, 4318077.393, 104
Trd, 4318080.193, 102
Trd, 4318080.443, 102
Trd, 4318082.243, 101
Trd, 4318082.793, 100
Trd, 4318084.293, 99
Trd, 4318084.743, 97
Trd, 4318085.743, 97
Trd, 4318088.193, 97
Trd, 4318088.793, 96
Trd, 4318089.943, 97
Trd, 4318091.843, 103
Trd, 4318095.343, 99
Trd, 4318096.193, 98
Trd, 4318096.893, 97
Trd, 4318097.793, 98
Trd, 4318099.493, 96
Trd, 4318101.793, 95
Trd, 4318102.593, 95
Trd, 4318102.993, 96
Trd, 4318105.943, 97
Trd, 4318107.143, 97
Trd, 4318108.043, 96
Trd, 4318108.893, 96
Trd, 4318109.393, 97
Trd, 4318111.943, 98
Trd, 4318112.943, 101
Trd, 4318114.243, 101
Trd, 4318114.493, 102
Trd, 4318116.243, 102
Trd, 4318117.643, 102
Trd, 4318117.693, 103
Trd, 4318118.443, 111
Trd, 4318123.243, 105
Trd, 4318124.193, 104
Trd, 4318124.793, 101
Trd, 4318125.643, 100
Trd, 4318126.343, 99
Trd, 4318128.943, 88
Trd, 4318129.243, 89
Trd, 4318131.293, 89
Trd, 4318131.343, 90
Trd, 4318131.993, 90
Trd, 4318133.793, 96
Trd, 4318135.693, 96
Trd, 4318137.343, 98
Trd, 4318138.993, 100
Trd, 4318139.343, 100
Trd, 4318140.343, 99
Trd, 4318140.543, 99
Trd, 4318141.243, 98
Trd, 4318142.993, 100
Trd, 4318143.243, 100
Trd, 4318144.393, 104
Trd, 4318146.993, 101
Trd, 4318147.693, 100
Trd, 4318148.943, 99
Trd, 4318150.243, 99
Trd, 4318150.693, 100
Trd, 4318152.493, 98
Trd, 4318153.593, 99
Trd, 4318156.093, 98
Trd, 4318156.193, 98
Trd, 4318158.893, 96
Trd, 4318159.293, 96
Trd, 4318160.593, 98
Trd, 4318161.743, 97
Trd, 4318162.693, 97
Trd, 4318163.593, 97
Trd, 4318165.843, 97
Trd, 4318166.643, 96
Trd, 4318166.693, 97
Trd, 4318167.793, 98
Trd, 4318170.193, 99
Trd, 4318171.893, 101
Trd, 4318172.243, 102
Trd, 4318175.193, 101
Trd, 4318177.043, 98
Trd, 4318178.593, 96
Trd, 4318179.943, 103
Trd, 4318182.243, 100
Trd, 4318182.893, 103
Trd, 4318183.993, 102
Trd, 4318185.343, 102
Trd, 4318186.543, 102
Trd, 4318186.643, 103
Trd, 4318187.393, 102
Trd, 4318189.393, 102
Trd, 4318191.993, 98
Trd, 4318192.943, 98
Trd, 4318194.593, 98
Trd, 4318194.693, 97
Trd, 4318196.343, 97
Trd, 4318197.093, 96
Trd, 4318197.843, 96
Trd, 4318199.343, 96
Trd, 4318201.293, 95
Trd, 4318202.543, 94
Trd, 4318203.343, 96
Trd, 4318205.593, 99
Trd, 4318207.593, 100
Trd, 4318208.093, 98
Trd, 4318209.043, 99
Trd, 4318211.493, 101
Trd, 4318212.843, 105
Trd, 4318214.643, 103
Trd, 4318215.293, 101
Trd, 4318217.243, 104
Trd, 4318219.793, 100
Trd, 4318219.893, 99
Trd, 4318220.393, 100
Trd, 4318221.893, 99
Trd, 4318224.093, 97
Trd, 4318224.843, 97
Trd, 4318225.293, 97
Trd, 4318227.193, 96
Trd, 4318228.593, 95
Trd, 4318229.693, 95
Trd, 4318229.793, 96
Trd, 4318230.493, 95
Trd, 4318231.893, 95
Trd, 4318232.543, 94
Trd, 4318234.793, 94
Trd, 4318236.093, 95
Trd, 4318236.793, 104
Trd, 4318238.543, 109
Trd, 4318239.543, 109
Trd, 4318239.893, 108
Trd, 4318241.143, 105
Trd, 4318242.543, 104
Trd, 4318243.093, 104
Trd, 4318244.193, 103
Trd, 4318247.193, 95
Trd, 4318248.143, 94
Trd, 4318248.243, 95
Trd, 4318249.893, 91
Trd, 4318251.543, 88
Trd, 4318252.393, 88
Trd, 4318252.693, 95
Trd, 4318253.293, 90
Trd, 4318253.543, 90
Trd, 4318256.593, 89
Trd, 4318257.893, 89
Trd, 4318259.793, 90
Trd, 4318260.043, 95
Trd, 4318260.993, 93
Trd, 4318262.543, 92
Trd, 4318262.943, 92
Trd, 4318265.543, 90
Trd, 4318266.243, 91
Trd, 4318267.043, 90
Trd, 4318267.743, 90
Trd, 4318269.743, 91
Trd, 4318270.943, 93
Trd, 4318273.743, 92
Trd, 4318273.943, 93
Trd, 4318274.243, 94
Trd, 4318275.543, 95
Trd, 4318276.943, 95
Trd, 4318277.143, 95
Trd, 4318278.993, 93
Trd, 4318280.493, 95
Trd, 4318283.243, 90
Trd, 4318283.593, 91
Trd, 4318286.843, 91
Trd, 4318288.143, 94
Trd, 4318289.043, 93
Trd, 4318290.193, 94
Trd, 4318292.793, 96
Trd, 4318293.693, 95
Trd, 4318294.243, 95
Trd, 4318294.843, 94
Trd, 4318297.043, 94
Trd, 4318297.443, 95
Trd, 4318297.543, 94
Trd, 4318297.843, 98
Trd, 4318300.093, 97
Trd, 4318301.693, 97
Trd, 4318302.343, 99
Trd, 4318305.243, 100
Trd, 4318306.293, 99
Trd, 4318307.093, 100
Trd, 4318308.943, 98
Trd, 4318309.593, 98
Trd, 4318312.143, 97
Trd, 4318312.593, 95
Trd, 4318313.393, 93
Trd, 4318315.543, 92
Trd, 4318317.343, 92
Trd, 4318318.843, 92
Trd, 4318319.293, 91
Trd, 4318319.893, 95
Trd, 4318321.943, 103
Trd, 4318323.993, 102
Trd, 4318324.343, 102
Trd, 4318325.693, 101
Trd, 4318327.643, 101
Trd, 4318327.693, 101
Trd, 4318330.443, 100
Trd, 4318331.043, 101
Trd, 4318331.793, 100
Trd, 4318332.493, 101
Trd, 4318334.793, 99
Trd, 4318336.043, 99
Trd, 4318337.293, 99
Trd, 4318339.293, 98
Trd, 4318339.443, 100
Trd, 4318340.393, 98
Trd, 4318342.643, 99
Trd, 4318343.243, 98
Trd, 4318344.193, 97
Trd, 4318345.193, 97
Trd, 4318345.343, 97
Trd, 4318346.793, 96
Trd, 4318347.093, 96
Trd, 4318349.493, 97
Trd, 4318349.593, 96
Trd, 4318352.043, 96
Trd, 4318352.793, 95
Trd, 4318352.843, 96
Trd, 4318354.843, 97
Trd, 4318355.293, 97
Trd, 4318358.343, 99
Trd, 4318359.243, 97
Trd, 4318361.993, 99
Trd, 4318362.293, 99
Trd, 4318362.543, 101
Trd, 4318363.843, 100
Trd, 4318364.643, 101
Trd, 4318367.193, 100
Trd, 4318368.243, 99
Trd, 4318369.093, 95
Trd, 4318370.043, 94
Trd, 4318372.393, 91
Trd, 4318373.493, 92
Trd, 4318373.943, 94
Trd, 4318375.143, 94
Trd, 4318376.043, 95
Trd, 4318377.643, 94
Trd, 4318378.543, 93
Trd, 4318378.743, 95
Trd, 4318380.143, 92
Trd, 4318381.043, 92
Trd, 4318381.993, 96
Trd, 4318383.743, 97
Trd, 4318386.943, 99
Trd, 4318389.093, 99
Trd, 4318389.243, 98
Trd, 4318390.043, 98
Trd, 4318392.293, 100
Trd, 4318392.543, 100
Trd, 4318392.643, 102
Trd, 4318394.893, 104
Trd, 4318395.393, 103
Trd, 4318397.543, 103
Trd, 4318398.543, 102
Trd, 4318399.093, 101
Trd, 4318400.043, 102
Trd, 4318400.443, 102
Trd, 4318400.843, 101
Trd, 4318401.393, 102
Trd, 4318403.343, 102
Trd, 4318404.493, 100
Trd, 4318407.243, 100
Trd, 4318408.793, 102
Trd, 4318409.343, 102
Trd, 4318409.593, 101
Trd, 4318411.493, 97
Trd, 4318411.693, 98
Trd, 4318413.843, 95
Trd, 4318414.743, 96
Trd, 4318414.793, 95
Trd, 4318417.693, 95
Trd, 4318418.993, 97
Trd, 4318421.343, 98
Trd, 4318422.493, 98
Trd, 4318423.293, 98
Trd, 4318423.593, 99
Trd, 4318425.693, 101
Trd, 4318425.893, 101
Trd, 4318426.343, 100
Trd, 4318428.243, 99
Trd, 4318429.093, 95
Trd, 4318429.393, 95
Trd, 4318431.493, 97
Trd, 4318433.143, 101
Trd, 4318433.543, 104
Trd, 4318434.843, 101
Trd, 4318435.143, 100
Trd, 4318439.193, 101
Trd, 4318439.943, 102
Trd, 4318441.843, 106
Trd, 4318443.243, 105
Trd, 4318443.593, 105
Trd, 4318444.743, 99
Trd, 4318445.743, 96
Trd, 4318447.493, 96
Trd, 4318448.543, 96
Trd, 4318451.243, 95
Trd, 4318452.343, 95
Trd, 4318454.393, 92
Trd, 4318454.643, 93
Trd, 4318455.293, 93
Trd, 4318456.893, 99
Trd, 4318457.443, 98
Trd, 4318457.593, 104
Trd, 4318459.593, 103
Trd, 4318460.843, 104
Trd, 4318461.393, 104
Trd, 4318462.093, 103
Trd, 4318464.043, 104
Trd, 4318465.793, 104
Trd, 4318466.543, 101
Trd, 4318468.943, 97
Trd, 4318469.643, 97
Trd, 4318469.743, 97
Trd, 4318471.143, 103
Trd, 4318474.793, 96
Trd, 4318475.393, 99
Trd, 4318476.943, 98
Trd, 4318477.043, 97
Trd, 4318478.043, 98
Trd, 4318479.493, 98
Trd, 4318481.693, 115
Trd, 4318483.243, 104
Trd, 4318483.893, 104
Trd, 4318484.543, 104
Trd, 4318486.443, 102
Trd, 4318488.043, 98
Trd, 4318488.243, 99
Trd, 4318489.743, 97
Trd, 4318490.193, 96
Trd, 4318491.243, 95
Trd, 4318491.293, 95
Trd, 4318494.193, 104
Trd, 4318494.943, 98
Trd, 4318495.243, 97
Trd, 4318498.543, 103
Trd, 4318498.893, 103
Trd, 4318499.493, 103
Trd, 4318501.393, 99
Trd, 4318503.793, 99
Trd, 4318505.593, 96
Trd, 4318506.793, 95
Trd, 4318508.393, 97
Trd, 4318509.093, 104
Trd, 4318510.143, 99
Trd, 4318511.193, 98
Trd, 4318512.293, 98
Trd, 4318513.393, 99
Trd, 4318515.443, 96
Trd, 4318516.293, 96
Trd, 4318518.743, 93
Trd, 4318519.443, 93
Trd, 4318520.243, 91
Trd, 4318522.043, 91
Trd, 4318522.443, 92
Trd, 4318523.943, 89
Trd, 4318523.993, 90
Trd, 4318526.093, 91
Trd, 4318527.843, 92
Trd, 4318528.593, 102
Trd, 4318529.593, 95
Trd, 4318531.643, 95
Trd, 4318531.993, 93
Trd, 4318533.343, 93
Trd, 4318534.093, 92
Trd, 4318535.743, 91
Trd, 4318537.193, 91
Trd, 4318537.543, 90
Trd, 4318537.943, 91
Trd, 4318538.393, 95
Trd, 4318540.743, 100
Trd, 4318541.493, 98
Trd, 4318543.293, 99
Trd, 4318544.793, 98
Trd, 4318546.643, 113
Trd, 4318549.643, 103
Trd, 4318550.543, 101
Trd, 4318552.843, 99
Trd, 4318553.343, 97
Trd, 4318553.393, 99
Trd, 4318554.693, 98
Trd, 4318555.993, 98
Trd, 4318557.343, 98
Trd, 4318558.193, 97
Trd, 4318558.993, 96
Trd, 4318559.843, 96
Trd, 4318559.993, 95
Trd, 4318560.243, 96
Trd, 4318563.843, 95
Trd, 4318565.593, 95
Trd, 4318566.743, 92
Trd, 4318567.993, 91
Trd, 4318569.693, 91
Trd, 4318569.793, 95
Trd, 4318570.943, 91
Trd, 4318571.943, 89
Trd, 4318573.143, 90
Trd, 4318576.193, 88
Trd, 4318576.343, 89
Trd, 4318576.393, 89
Trd, 4318580.293, 91
Trd, 4318581.593, 99
Trd, 4318582.543, 100
Trd, 4318583.243, 99
Trd, 4318585.193, 98
Trd, 4318585.493, 97
Trd, 4318587.193, 97
Trd, 4318588.993, 97
Trd, 4318590.193, 98
Trd, 4318592.943, 101
Trd, 4318594.443, 98
Trd, 4318595.643, 96
Trd, 4318595.793, 95
Trd, 4318598.093, 101
Trd, 4318599.793, 97
Trd, 4318601.743, 97
Trd, 4318602.093, 96
Trd, 4318603.043, 95
Trd, 4318604.693, 95
Trd, 4318605.193, 96
Trd, 4318607.143, 97
Trd, 4318609.693, 100
Trd, 4318611.393, 108
Trd, 4318613.093, 104
Trd, 4318613.293, 113
Trd, 4318614.743, 106
Trd, 4318615.643, 106
Trd, 4318619.193, 105
Trd, 4318619.493, 105
Trd, 4318620.193, 104
Trd, 4318620.693, 103
Trd, 4318622.193, 99
Trd, 4318623.593, 100
Trd, 4318625.293, 99
Trd, 4318626.543, 98
Trd, 4318627.093, 98
Trd, 4318628.443, 98
Trd, 4318628.693, 97
Trd, 4318630.843, 100
Trd, 4318631.593, 103
Trd, 4318633.343, 100
Trd, 4318633.843, 101
Trd, 4318635.093, 102
Trd, 4318636.593, 102
Trd, 4318636.943, 102
Trd, 4318639.293, 101
Trd, 4318639.443, 102
Trd, 4318642.243, 101
Trd, 4318643.443, 102
Trd, 4318644.893, 107
Trd, 4318647.493, 108
Trd, 4318649.343, 105
Trd, 4318649.443, 104
Trd, 4318649.643, 103
Trd, 4318650.493, 104
Trd, 4318652.693, 102
Trd, 4318653.643, 101
Trd, 4318654.543, 100
Trd, 4318654.593, 103
Trd, 4318655.893, 98
Trd, 4318657.593, 98
Trd, 4318657.893, 97
Trd, 4318658.543, 97
Trd, 4318662.143, 96
Trd, 4318663.243, 95
Trd, 4318665.243, 94
Trd, 4318666.843, 95
Trd, 4318667.743, 94
Trd, 4318669.743, 103
Trd, 4318670.243, 98
Trd, 4318670.693, 99
Trd, 4318674.443, 98
Trd, 4318675.693, 97
Trd, 4318676.693, 97
Trd, 4318679.643, 96
Trd, 4318679.793, 95
Trd, 4318679.843, 96
Trd, 4318680.743, 95
Trd, 4318681.143, 95
Trd, 4318683.243, 104
Trd, 4318683.743, 99
Trd, 4318686.743, 103
Trd, 4318687.343, 104
Trd, 4318688.493, 114
Trd, 4318689.393, 104
Trd, 4318690.343, 104
Trd, 4318691.093, 104
Trd, 4318692.343, 102
Trd, 4318694.343, 96
Trd, 4318694.843, 97
Trd, 4318695.593, 96
Trd, 4318696.593, 95
Trd, 4318698.593, 94
Trd, 4318699.393, 94
Trd, 4318700.393, 95
Trd, 4318701.393, 94
Trd, 4318701.993, 95
Trd, 4318702.393, 94
Trd, 4318703.143, 94
Trd, 4318705.443, 95
Trd, 4318707.293, 96
Trd, 4318708.493, 102
Trd, 4318710.443, 100
Trd, 4318711.593, 100
Trd, 4318713.643, 101
Trd, 4318715.643, 99
Trd, 4318716.943, 99
Trd, 4318717.243, 99
Trd, 4318717.543, 100
Trd, 4318720.643, 104
Trd, 4318722.343, 108
Trd, 4318723.043, 107
Trd, 4318723.193, 108
Trd, 4318724.543, 106
Trd, 4318724.943, 107
Trd, 4318726.643, 105
Trd, 4318727.743, 105
Trd, 4318728.293, 104
Trd, 4318729.643, 103
Trd, 4318732.693, 101
Trd, 4318734.043, 97
Trd, 4318735.393, 95
Trd, 4318735.793, 96
Trd, 4318737.593, 95
Trd, 4318738.343, 95
Trd, 4318738.843, 94
Trd, 4318739.143, 95
Trd, 4318740.493, 95
Trd, 4318742.693, 95
Trd, 4318743.093, 96
Trd, 4318743.443, 100
Trd, 4318746.443, 99
Trd, 4318746.593, 100
Trd, 4318749.643, 103
Trd, 4318751.443, 101
Trd, 4318751.943, 101
Trd, 4318753.393, 99
Trd, 4318753.943, 98
Trd, 4318754.693, 98
Trd, 4318756.893, 99
Trd, 4318757.493, 98
Trd, 4318759.593, 99
Trd, 4318761.643, 98
Trd, 4318762.093, 98
Trd, 4318763.843, 97
Trd, 4318764.643, 96
Trd, 4318764.743, 99
Trd, 4318767.593, 95
Trd, 4318768.443, 95
Trd, 4318768.543, 96
Trd, 4318770.743, 96
Trd, 4318773.643, 95
Trd, 4318774.343, 94
Trd, 4318774.843, 94
Trd, 4318775.243, 93
Trd, 4318776.793, 103
Trd, 4318778.493, 96
Trd, 4318779.593, 95
Trd, 4318781.143, 95
Trd, 4318781.543, 95
Trd, 4318782.243, 95
Trd, 4318783.793, 93
Trd, 4318786.393, 101
Trd, 4318787.043, 101
Trd, 4318788.343, 101
Trd, 4318789.693, 100
Trd, 4318790.743, 98
Trd, 4318792.543, 96
Trd, 4318794.643, 95
Trd, 4318794.943, 104
Trd, 4318797.693, 100
Trd, 4318799.243, 97
Trd, 4318799.843, 96
Trd, 4318800.443, 97
Trd, 4318800.843, 95
Trd, 4318801.593, 95
Trd, 4318803.093, 95
Trd, 4318804.493, 98
Trd, 4318805.393, 99
Trd, 4318808.143, 102
Trd, 4318808.343, 102
Trd, 4318810.943, 102
Trd, 4318811.043, 103
Trd, 4318811.993, 100
Trd, 4318812.743, 104
Trd, 4318814.843, 101
Trd, 4318816.093, 99
Trd, 4318817.543, 103
Trd, 4318818.593, 104
Trd, 4318819.743, 106
Trd, 4318821.293, 103
Trd, 4318822.243, 103
Trd, 4318823.943, 101
Trd, 4318824.093, 102
Trd, 4318824.243, 101
Trd, 4318827.293, 100
Trd, 4318827.943, 98
Trd, 4318828.193, 96
Trd, 4318829.343, 95
Trd, 4318831.843, 95
Trd, 4318833.243, 102
Trd, 4318835.293, 96
Trd, 4318835.443, 97
Trd, 4318835.493, 96
Trd, 4318836.293, 96
Trd, 4318836.543, 97
Trd, 4318840.543, 95
Trd, 4318841.693, 95
Trd, 4318842.993, 95
Trd, 4318843.593, 95
Trd, 4318845.093, 94
Trd, 4318847.093, 92
Trd, 4318847.743, 92
Trd, 4318848.093, 93
Trd, 4318849.493, 95
Trd, 4318850.043, 94
Trd, 4318851.143, 95
Trd, 4318851.443, 99
Trd, 4318853.293, 97
Trd, 4318853.543, 96
Trd, 4318854.543, 96
Trd, 4318856.293, 95
Trd, 4318857.643, 95
Trd, 4318858.993, 95
Trd, 4318861.293, 94
Trd, 4318861.893, 94
Trd, 4318862.693, 94
Trd, 4318864.093, 94
Trd, 4318865.543, 94
Trd, 4318867.793, 97
Trd, 4318868.243, 97
Trd, 4318869.143, 96
Trd, 4318872.293, 96
Trd, 4318873.493, 96
Trd, 4318874.643, 97
Trd, 4318875.943, 99
Trd, 4318877.143, 97
Trd, 4318878.193, 95
Trd, 4318879.093, 97
Trd, 4318879.593, 97
Trd, 4318883.343, 96
Trd, 4318884.043, 97
Trd, 4318884.743, 96
Trd, 4318887.293, 94
Trd, 4318887.793, 95
Trd, 4318887.943, 94
Trd, 4318888.893, 91
Trd, 4318889.943, 90
Trd, 4318890.193, 91
Trd, 4318893.243, 98
Trd, 4318893.643, 99
Trd, 4318893.893, 98
Trd, 4318894.343, 98
Trd, 4318897.243, 98
Trd, 4318897.843, 99
Trd, 4318899.143, 97
Trd, 4318900.043, 95
Trd, 4318902.293, 95
Trd, 4318902.393, 94
Trd, 4318902.793, 104
Trd, 4318904.643, 98
Trd, 4318905.643, 98
Trd, 4318905.843, 97
Trd, 4318906.393, 96
Trd, 4318908.493, 96
Trd, 4318908.793, 96
Trd, 4318909.193, 92
Trd, 4318910.793, 94
Trd, 4318912.843, 95
Trd, 4318913.043, 100
Trd, 4318915.593, 98
Trd, 4318917.943, 99
Trd, 4318918.343, 102
Trd, 4318919.393, 100
Trd, 4318920.593, 103
Trd, 4318920.843, 104
Trd, 4318922.343, 100
Trd, 4318924.243, 100
Trd, 4318925.743, 99
Trd, 4318926.243, 99
Trd, 4318928.893, 101
Trd, 4318929.793, 99
Trd, 4318930.493, 99
Trd, 4318931.993, 97
Trd, 4318932.043, 98
Trd, 4318934.243, 96
Trd, 4318935.693, 96
Trd, 4318936.343, 95
Trd, 4318936.843, 94
Trd, 4318940.593, 97
Trd, 4318940.793, 98
Trd, 4318941.443, 98
Trd, 4318941.993, 97
Trd, 4318942.893, 97
Trd, 4318944.693, 99
Trd, 4318945.343, 104
Trd, 4318947.743, 99
Trd, 4318947.843, 98
Trd, 4318949.443, 99
Trd, 4318950.543, 99
Trd, 4318951.493, 98
Trd, 4318951.793, 98
Trd, 4318951.843, 104
Trd, 4318956.143, 98
Trd, 4318957.143, 97
Trd, 4318957.493, 95
Trd, 4318959.793, 97
Trd, 4318960.293, 97
Trd, 4318962.193, 104
Trd, 4318964.093, 100
Trd, 4318964.343, 100
Trd, 4318965.243, 99
Trd, 4318965.393, 99
Trd, 4318965.793, 100
Trd, 4318967.993, 100
Trd, 4318969.543, 100
Trd, 4318970.343, 100
Trd, 4318970.843, 101
Trd, 4318972.193, 100
Trd, 4318974.493, 97
Trd, 4318975.243, 97
Trd, 4318976.043, 95
Trd, 4318977.043, 95
Trd, 4318979.543, 98
Trd, 4318980.043, 98
Trd, 4318980.593, 98
Trd, 4318981.043, 98
Trd, 4318982.993, 96
Trd, 4318985.243, 95
Trd, 4318985.943, 95
Trd, 4318986.193, 94
Trd, 4318987.393, 92
Trd, 4318987.643, 92
Trd, 4318990.593, 84
Trd, 4318991.543, 84
Trd, 4318991.793, 85
Trd, 4318993.793, 86
Trd, 4318994.743, 87
Trd, 4318995.343, 87
Trd, 4318996.943, 91
Trd, 4318997.293, 89
Trd, 4319000.193, 89
Trd, 4319002.343, 89
Trd, 4319003.343, 88
Trd, 4319005.293, 88
Trd, 4319006.393, 94
Trd, 4319007.293, 91
Trd, 4319007.543, 94
Trd, 4319009.943, 91
Trd, 4319010.743, 92
Trd, 4319012.643, 94
Trd, 4319013.243, 95
Trd, 4319014.243, 97
Trd, 4319015.543, 97
Trd, 4319016.543, 97
Trd, 4319017.743, 104
Trd, 4319019.893, 99
Trd, 4319020.343, 98
Trd, 4319020.843, 98
Trd, 4319022.143, 99
Trd, 4319025.043, 95
Trd, 4319025.443, 96
Trd, 4319027.243, 94
Trd, 4319028.543, 94
Trd, 4319029.343, 94
Trd, 4319031.693, 95
Trd, 4319032.543, 96
Trd, 4319033.093, 95
Trd, 4319035.443, 93
Trd, 4319036.193, 94
Trd, 4319037.643, 92
Trd, 4319038.443, 92
Trd, 4319038.643, 91
Trd, 4319041.443, 96
Trd, 4319041.643, 97
Trd, 4319043.793, 99
Trd, 4319044.393, 99
Trd, 4319044.793, 95
Trd, 4319046.093, 94
Trd, 4319046.793, 93
Trd, 4319046.943, 94
Trd, 4319047.943, 95
Trd, 4319051.243, 97
Trd, 4319051.343, 97
Trd, 4319051.543, 99
Trd, 4319052.993, 97
Trd, 4319053.593, 97
Trd, 4319054.043, 97
Trd, 4319055.843, 97
Trd, 4319055.993, 98
Trd, 4319058.043, 100
Trd, 4319058.843, 101
Trd, 4319060.193, 101
Trd, 4319061.843, 100
Trd, 4319062.493, 100
Trd, 4319063.093, 99
Trd, 4319064.443, 98
Trd, 4319064.893, 104
Trd, 4319067.643, 106
Trd, 4319068.893, 105
Trd, 4319069.343, 105
Trd, 4319071.343, 103
Trd, 4319073.143, 104
Trd, 4319074.443, 103
Trd, 4319078.093, 101
Trd, 4319078.443, 100
Trd, 4319079.243, 99
Trd, 4319081.493, 101
Trd, 4319081.893, 103
Trd, 4319082.293, 100
Trd, 4319083.093, 103
Trd, 4319083.743, 99
Trd, 4319086.993, 99
Trd, 4319088.193, 99
Trd, 4319088.393, 98
Trd, 4319089.293, 99
Trd, 4319090.843, 98
Trd, 4319091.993, 97
Trd, 4319092.393, 98
Trd, 4319095.893, 104
Trd, 4319097.843, 104
Trd, 4319097.943, 103
Trd, 4319099.693, 108
Trd, 4319100.393, 108
Trd, 4319102.343, 106
Trd, 4319103.343, 106
Trd, 4319103.743, 105
Trd, 4319105.043, 103
Trd, 4319107.093, 99
Trd, 4319108.743, 98
Trd, 4319110.943, 100
Trd, 4319112.143, 100
Trd, 4319113.643, 99
Trd, 4319114.993, 100
Trd, 4319115.993, 100
Trd, 4319117.793, 99
Trd, 4319120.043, 99
Trd, 4319121.393, 98
Trd, 4319122.443, 99
Trd, 4319122.993, 97
Trd, 4319123.243, 98
Trd, 4319126.593, 99
Trd, 4319127.693, 100
Trd, 4319127.843, 101
Trd, 4319131.743, 101
Trd, 4319132.543, 100
Trd, 4319134.793, 97
Trd, 4319134.893, 98
Trd, 4319137.493, 97
Trd, 4319138.343, 96
Trd, 4319138.593, 97
Trd, 4319140.593, 97
Trd, 4319142.243, 97
Trd, 4319144.193, 99
Trd, 4319144.693, 98
Trd, 4319145.243, 99
Trd, 4319146.593, 98
Trd, 4319146.743, 97
Trd, 4319147.543, 96
Trd, 4319148.843, 94
Trd, 4319152.243, 96
Trd, 4319152.343, 96
Trd, 4319153.093, 97
Trd, 4319154.043, 97
Trd, 4319157.143, 99
Trd, 4319157.493, 102
Trd, 4319158.543, 100
Trd, 4319158.893, 100
Trd, 4319160.143, 100
Trd, 4319160.293, 99
Trd, 4319162.243, 104
Trd, 4319164.143, 99
Trd, 4319164.893, 100
Trd, 4319165.293, 99
Trd, 4319168.393, 100
Trd, 4319169.393, 100
Trd, 4319169.893, 100
Trd, 4319171.243, 101
Trd, 4319172.893, 100
Trd, 4319173.843, 99
Trd, 4319176.193, 99
Trd, 4319177.343, 99
Trd, 4319177.893, 98
Trd, 4319178.193, 97
Trd, 4319183.043, 95
Trd, 4319184.243, 97
Trd, 4319184.893, 97
Trd, 4319185.393, 96
Trd, 4319185.743, 96
Trd, 4319186.743, 95
Trd, 4319188.443, 96
Trd, 4319190.943, 99
Trd, 4319192.043, 99
Trd, 4319193.043, 99
Trd, 4319193.493, 104
Trd, 4319196.643, 100
Trd, 4319197.243, 100
Trd, 4319199.343, 99
Trd, 4319200.693, 101
Trd, 4319202.393, 103
Trd, 4319202.993, 104
Trd, 4319205.643, 104
Trd, 4319205.993, 103
Trd, 4319209.443, 91
Trd, 4319209.843, 91
Trd, 4319210.693, 93
Trd, 4319211.593, 93
Trd, 4319212.743, 95
Trd, 4319212.793, 95
Trd, 4319214.693, 90
Trd, 4319214.943, 91
Trd, 4319215.043, 116
Trd, 4319216.543, 96
Trd, 4319217.993, 97
Trd, 4319219.593, 96
Trd, 4319220.493, 93
Trd, 4319222.043, 94
Trd, 4319223.493, 94
Trd, 4319223.743, 95
Trd, 4319224.993, 95
Trd, 4319226.943, 95
Trd, 4319227.593, 95
Trd, 4319228.893, 102
Trd, 4319230.543, 96
Trd, 4319230.843, 99
Trd, 4319233.293, 110
Trd, 4319235.943, 100
Trd, 4319237.093, 100
Trd, 4319237.143, 99
Trd, 4319237.693, 98
Trd, 4319239.143, 95
Trd, 4319242.693, 95
Trd, 4319243.743, 95
Trd, 4319243.893, 95
Trd, 4319244.443, 95
Trd, 4319247.743, 99
Trd, 4319248.243, 98
Trd, 4319248.893, 98
Trd, 4319250.743, 98
Trd, 4319251.693, 97
Trd, 4319252.993, 95
Trd, 4319253.343, 95
Trd, 4319254.693, 95
Trd, 4319254.793, 94
Trd, 4319257.393, 91
Trd, 4319257.943, 92
Trd, 4319260.043, 92
Trd, 4319260.093, 92
Trd, 4319262.943, 102
Trd, 4319264.093, 102
Trd, 4319264.743, 102
Trd, 4319265.393, 104
Trd, 4319266.993, 103
Trd, 4319267.693, 103
Trd, 4319268.993, 103
Trd, 4319269.393, 103
Trd, 4319270.643, 104
Trd, 4319271.893, 101
Trd, 4319272.243, 99
Trd, 4319273.743, 96
Trd, 4319274.043, 96
Trd, 4319275.943, 95
Trd, 4319276.443, 94
Trd, 4319278.893, 93
Trd, 4319281.493, 91
Trd, 4319282.693, 90
Trd, 4319282.993, 90
Trd, 4319283.393, 91
Trd, 4319284.893, 91
Trd, 4319285.093, 90
Trd, 4319289.893, 95
Trd, 4319290.093, 94
Trd, 4319290.993, 94
Trd, 4319291.493, 93
Trd, 4319294.143, 97
Trd, 4319296.193, 100
Trd, 4319296.893, 98
Trd, 4319297.793, 97
Trd, 4319298.993, 96
Trd, 4319299.193, 99
Trd, 4319300.943, 97
Trd, 4319302.043, 97
Trd, 4319302.343, 95
Trd, 4319303.493, 97
Trd, 4319304.243, 103
Trd, 4319305.193, 99
Trd, 4319305.893, 99
Trd, 4319306.993, 100
Trd, 4319309.593, 97
Trd, 4319309.793, 96
Trd, 4319312.043, 97
Trd, 4319312.693, 96
Trd, 4319314.343, 96
Trd, 4319316.193, 95
Trd, 4319316.743, 96
Trd, 4319316.843, 97
Trd, 4319318.493, 96
Trd, 4319318.593, 95
Trd, 4319319.343, 96
Trd, 4319320.793, 95
Trd, 4319321.143, 96
Trd, 4319323.593, 98
Trd, 4319324.993, 96
Trd, 4319325.993, 97
Trd, 4319327.693, 97
Trd, 4319328.243, 98
Trd, 4319328.443, 99
Trd, 4319330.243, 101
Trd, 4319332.543, 99
Trd, 4319332.993, 99
Trd, 4319333.993, 99
Trd, 4319335.293, 100
Trd, 4319337.393, 101
Trd, 4319338.443, 100
Trd, 4319340.493, 102
Trd, 4319340.793, 101
Trd, 4319341.543, 102
Trd, 4319342.193, 102
Trd, 4319345.393, 98
Trd, 4319346.093, 100
Trd, 4319346.643, 98
Trd, 4319347.693, 97
Trd, 4319348.643, 97
Trd, 4319349.043, 96
Trd, 4319350.143, 97
Trd, 4319350.893, 104
Trd, 4319352.893, 106
Trd, 4319354.343, 105
Trd, 4319355.393, 98
Trd, 4319357.643, 95
Trd, 4319357.693, 96
Trd, 4319360.793, 92
Trd, 4319361.443, 94
Trd, 4319362.593, 95
Trd, 4319364.143, 102
Trd, 4319365.043, 102
Trd, 4319365.693, 102
Trd, 4319366.743, 102
Trd, 4319367.793, 102
Trd, 4319368.893, 104
Trd, 4319371.943, 104
Trd, 4319372.893, 104
Trd, 4319372.993, 103
Trd, 4319373.593, 103
Trd, 4319374.343, 101
Trd, 4319375.343, 99
Trd, 4319376.293, 97
Trd, 4319376.943, 99
Trd, 4319380.343, 96
Trd, 4319380.743, 94
Trd, 4319380.893, 95
Trd, 4319381.593, 94
Trd, 4319384.893, 97
Trd, 4319385.043, 96
Trd, 4319387.643, 104
Trd, 4319391.343, 103
Trd, 4319391.993, 103
Trd, 4319392.343, 102
Trd, 4319393.843, 103
Trd, 4319394.043, 102
Trd, 4319395.593, 103
Trd, 4319397.743, 103
Trd, 4319398.143, 104
Trd, 4319399.093, 103
Trd, 4319399.893, 103
Trd, 4319400.343, 103
Trd, 4319403.693, 103
Trd, 4319404.543, 104
Trd, 4319404.593, 103
Trd, 4319406.043, 103
Trd, 4319407.493, 104
Trd, 4319410.793, 107
Trd, 4319410.893, 108
Trd, 4319415.443, 105
Trd, 4319416.243, 106
Trd, 4319417.993, 100
Trd, 4319418.443, 100
Trd, 4319419.893, 99
Trd, 4319420.193, 98
Trd, 4319421.093, 97
Trd, 4319423.093, 99
Trd, 4319423.593, 99
Trd, 4319426.943, 96
Trd, 4319427.293, 95
Trd, 4319428.393, 95
Trd, 4319429.193, 95
Trd, 4319429.743, 103
Trd, 4319431.493, 98
Trd, 4319432.793, 95
Trd, 4319433.293, 97
Trd, 4319435.193, 97
Trd, 4319435.793, 96
Trd, 4319437.943, 96
Trd, 4319437.993, 96
Trd, 4319438.543, 97
Trd, 4319441.593, 97
Trd, 4319442.793, 96
Trd, 4319444.693, 95
Trd, 4319445.193, 96
Trd, 4319446.043, 96
Trd, 4319448.043, 95
Trd, 4319449.043, 95
Trd, 4319449.843, 95
Trd, 4319451.293, 104
Trd, 4319451.793, 97
Trd, 4319452.293, 96
Trd, 4319453.693, 104
Trd, 4319456.693, 102
Trd, 4319457.793, 99
Trd, 4319459.743, 98
Trd, 4319461.843, 98
Trd, 4319462.443, 98
Trd, 4319464.293, 98
Trd, 4319464.343, 98
Trd, 4319465.743, 97
Trd, 4319467.093, 101
Trd, 4319467.493, 98
Trd, 4319469.643, 97
Trd, 4319470.443, 97
Trd, 4319472.793, 98
Trd, 4319474.343, 96
Trd, 4319475.493, 95
Trd, 4319476.493, 95
Trd, 4319478.843, 95
Trd, 4319481.143, 95
Trd, 4319482.793, 96
Trd, 4319482.893, 96
Trd, 4319486.443, 99
Trd, 4319486.993, 98
Trd, 4319488.043, 98
Trd, 4319489.593, 96
Trd, 4319490.743, 96
Trd, 4319491.343, 95
Trd, 4319492.893, 95
Trd, 4319493.593, 96
Trd, 4319495.793, 99
Trd, 4319497.393, 103
Trd, 4319498.193, 103
Trd, 4319499.593, 102
Trd, 4319500.043, 102
Trd, 4319500.943, 102
Trd, 4319502.493, 102
Trd, 4319503.393, 104
Trd, 4319504.993, 105
Trd, 4319506.143, 105
Trd, 4319507.543, 106
Trd, 4319508.993, 103
Trd, 4319510.043, 103
Trd, 4319510.593, 104
Trd, 4319511.843, 116
Trd, 4319513.393, 114
Trd, 4319513.643, 113
Trd, 4319515.543, 110
Trd, 4319516.743, 106
Trd, 4319518.943, 104
Trd, 4319519.043, 103
Trd, 4319521.743, 96
Trd, 4319521.993, 97
Trd, 4319522.443, 97
Trd, 4319525.493, 98
Trd, 4319526.043, 97
Trd, 4319526.593, 98
Trd, 4319527.693, 95
Trd, 4319528.543, 93
Trd, 4319529.743, 95
Trd, 4319530.493, 94
Trd, 4319531.393, 94
Trd, 4319533.093, 97
Trd, 4319533.193, 104
Trd, 4319535.293, 108
Trd, 4319536.793, 108
Trd, 4319537.243, 108
Trd, 4319538.443, 107
Trd, 4319540.393, 104
Trd, 4319541.343, 102
Trd, 4319543.343, 97
Trd, 4319543.543, 98
Trd, 4319544.293, 98
Trd, 4319544.593, 99
Trd, 4319546.693, 100
Trd, 4319548.443, 102
Trd, 4319554.043, 100
Trd, 4319554.393, 100
Trd, 4319555.243, 98
Trd, 4319555.293, 99
Trd, 4319555.643, 98
Trd, 4319558.543, 104
Trd, 4319560.843, 97
Trd, 4319560.943, 98
Trd, 4319564.293, 96
Trd, 4319564.693, 97
Trd, 4319566.193, 97
Trd, 4319567.493, 101
Trd, 4319568.293, 100
Trd, 4319568.443, 101
Trd, 4319570.193, 99
Trd, 4319573.593, 101
Trd, 4319574.943, 99
Trd, 4319575.493, 101
Trd, 4319576.193, 100
Trd, 4319578.043, 90
Trd, 4319579.293, 88
Trd, 4319580.993, 104
Trd, 4319583.493, 109
Trd, 4319584.143, 109
Trd, 4319586.793, 118
Trd, 4319586.843, 115
Trd, 4319587.693, 111
Trd, 4319591.393, 115
Trd, 4319592.143, 119
Trd, 4319593.543, 114
Trd, 4319594.543, 114
Trd, 4319598.843, 102
Trd, 4319600.243, 100
Trd, 4319601.343, 100
Trd, 4319601.693, 99
Trd, 4319603.843, 95
Trd, 4319604.093, 96
Trd, 4319607.043, 94
Trd, 4319607.193, 93
Trd, 4319608.943, 95
Trd, 4319609.893, 95
Trd, 4319610.593, 95
Trd, 4319612.693, 98
Trd, 4319612.893, 96
Trd, 4319613.843, 99
Trd, 4319614.993, 99
Trd, 4319615.743, 101
Trd, 4319616.393, 100
Trd, 4319619.993, 100
Trd, 4319621.043, 98
Trd, 4319622.043, 96
Trd, 4319622.643, 97
Trd, 4319623.943, 95
Trd, 4319624.993, 94
Trd, 4319626.543, 92
Trd, 4319626.893, 92
Trd, 4319628.043, 92
Trd, 4319628.193, 94
Trd, 4319631.493, 97
Trd, 4319631.643, 96
Trd, 4319631.793, 96
Trd, 4319634.843, 104
Trd, 4319635.793, 109
Trd, 4319635.893, 103
Trd, 4319637.543, 103
Trd, 4319637.993, 101
Trd, 4319640.243, 96
Trd, 4319640.743, 95
Trd, 4319641.443, 96
Trd, 4319642.443, 95
Trd, 4319642.843, 95
Trd, 4319642.993, 96
Trd, 4319644.793, 96
Trd, 4319645.293, 95
Trd, 4319646.793, 95
Trd, 4319647.943, 97
Trd, 4319649.643, 97
Trd, 4319651.093, 96
Trd, 4319651.693, 98
Trd, 4319653.143, 98
Trd, 4319655.143, 98
Trd, 4319655.243, 99
Trd, 4319657.543, 103
Trd, 4319658.343, 100
Trd, 4319659.893, 98
Trd, 4319660.143, 97
Trd, 4319660.393, 96
Trd, 4319662.043, 95
Trd, 4319662.943, 94
Trd, 4319664.643, 94
Trd, 4319666.593, 93
Trd, 4319667.393, 93
Trd, 4319668.443, 92
Trd, 4319670.093, 91
Trd, 4319670.343, 90
Trd, 4319672.543, 101
Trd, 4319673.193, 100
Trd, 4319676.393, 95
Trd, 4319677.243, 95
Trd, 4319677.543, 96
Trd, 4319678.343, 95
Trd, 4319679.893, 95
Trd, 4319680.693, 95
Trd, 4319681.493, 96
Trd, 4319682.493, 95
Trd, 4319683.143, 95
Trd, 4319684.693, 95
Trd, 4319686.493, 94
Trd, 4319687.943, 88
Trd, 4319689.893, 88
Trd, 4319690.143, 87
Trd, 4319692.493, 90
Trd, 4319693.393, 91
Trd, 4319693.843, 92
Trd, 4319695.243, 95
Trd, 4319697.643, 91
Trd, 4319699.043, 91
Trd, 4319699.593, 91
Trd, 4319700.343, 103
Trd, 4319701.693, 102
Trd, 4319702.743, 102
Trd, 4319702.793, 100
Trd, 4319705.093, 103
Trd, 4319705.193, 104
Trd, 4319706.043, 102
Trd, 4319706.893, 100
Trd, 4319709.743, 121
Trd, 4319711.393, 106
Trd, 4319712.543, 104
Trd, 4319712.993, 104
Trd, 4319713.593, 103
Trd, 4319715.393, 102
Trd, 4319716.843, 102
Trd, 4319717.493, 101
Trd, 4319720.093, 99
Trd, 4319720.443, 100
Trd, 4319723.293, 100
Trd, 4319723.493, 99
Trd, 4319724.593, 99
Trd, 4319725.543, 98
Trd, 4319726.093, 97
Trd, 4319726.243, 97
Trd, 4319728.393, 97
Trd, 4319729.343, 95
Trd, 4319730.343, 94
Trd, 4319732.093, 90
Trd, 4319733.143, 90
Trd, 4319733.343, 93
Trd, 4319735.843, 92
Trd, 4319736.843, 93
Trd, 4319739.093, 96
Trd, 4319740.393, 100
Trd, 4319741.143, 100
Trd, 4319742.943, 104
Trd, 4319743.993, 101
Trd, 4319744.743, 100
Trd, 4319744.943, 99
Trd, 4319745.993, 100
Trd, 4319749.943, 99
Trd, 4319750.293, 99
Trd, 4319750.843, 100
Trd, 4319751.393, 98
Trd, 4319753.343, 98
Trd, 4319753.793, 97
Trd, 4319755.643, 98
Trd, 4319756.393, 97
Trd, 4319756.843, 98
Trd, 4319758.793, 99
Trd, 4319759.243, 99
Trd, 4319761.643, 100
Trd, 4319764.443, 114
Trd, 4319764.793, 104
Trd, 4319765.893, 103
Trd, 4319766.193, 104
Trd, 4319769.393, 103
Trd, 4319770.343, 97
Trd, 4319771.343, 101
Trd, 4319772.543, 98
Trd, 4319773.643, 96
Trd, 4319775.043, 97
Trd, 4319775.593, 104
Trd, 4319776.393, 98
Trd, 4319777.593, 96
Trd, 4319778.643, 95
Trd, 4319779.343, 95
Trd, 4319780.243, 95
Trd, 4319780.993, 95
Trd, 4319782.243, 104
Trd, 4319784.993, 98
Trd, 4319785.143, 99
Trd, 4319786.343, 100
Trd, 4319787.493, 98
Trd, 4319789.993, 98
Trd, 4319790.193, 104
Trd, 4319791.843, 100
Trd, 4319793.293, 99
Trd, 4319795.543, 97
Trd, 4319795.693, 96
Trd, 4319796.493, 104
Trd, 4319798.293, 102
Trd, 4319798.743, 104
Trd, 4319799.193, 103
Trd, 4319800.843, 102
Trd, 4319802.793, 96
Trd, 4319803.143, 98
Trd, 4319804.693, 97
Trd, 4319806.743, 96
Trd, 4319806.843, 97
Trd, 4319807.693, 97
Trd, 4319809.193, 95
Trd, 4319810.193, 95
Trd, 4319810.743, 95
Trd, 4319811.093, 95
Trd, 4319813.393, 99
Trd, 4319815.293, 96
Trd, 4319816.243, 95
Trd, 4319817.243, 94
Trd, 4319818.143, 90
Trd, 4319819.093, 90
Trd, 4319819.543, 90
Trd, 4319820.343, 90
Trd, 4319822.193, 93
Trd, 4319824.543, 93
Trd, 4319824.943, 95
Trd, 4319826.293, 97
Trd, 4319828.743, 104
Trd, 4319829.593, 103
Trd, 4319830.193, 102
Trd, 4319830.993, 102
Trd, 4319832.093, 102
Trd, 4319834.243, 103
Trd, 4319835.193, 104
Trd, 4319837.743, 106
Trd, 4319839.243, 106
Trd, 4319839.993, 106
Trd, 4319841.343, 107
Trd, 4319841.493, 106
Trd, 4319842.793, 102
Trd, 4319843.893, 99
Trd, 4319845.693, 95
Trd, 4319847.443, 94
Trd, 4319847.793, 93
Trd, 4319848.893, 93
Trd, 4319849.543, 95
Trd, 4319852.993, 95
Trd, 4319853.393, 96
Trd, 4319853.943, 95
Trd, 4319855.643, 91
Trd, 4319857.493, 86
Trd, 4319857.943, 85
Trd, 4319859.493, 82
Trd, 4319860.143, 82
Trd, 4319861.843, 83
Trd, 4319863.693, 88
Trd, 4319866.043, 87
Trd, 4319867.143, 90
Trd, 4319867.643, 90
Trd, 4319869.393, 91
Trd, 4319870.443, 91
Trd, 4319870.693, 90
Trd, 4319871.293, 91
Trd, 4319872.393, 88
Trd, 4319874.593, 90
Trd, 4319876.793, 100
Trd, 4319877.093, 101
Trd, 4319877.843, 102
Trd, 4319879.543, 101
Trd, 4319881.343, 99
Trd, 4319882.493, 97
Trd, 4319883.093, 98
Trd, 4319886.143, 97
Trd, 4319886.643, 98
Trd, 4319886.893, 98
Trd, 4319889.643, 98
Trd, 4319892.393, 97
Trd, 4319892.543, 98
Trd, 4319893.093, 101
Trd, 4319894.993, 98
Trd, 4319895.643, 98
Trd, 4319896.343, 99
Trd, 4319896.693, 98
Trd, 4319899.143, 100
Trd, 4319902.393, 107
Trd, 4319902.793, 107
Trd, 4319904.143, 104
Trd, 4319904.793, 103
Trd, 4319907.243, 98
Trd, 4319907.843, 98
Trd, 4319910.693, 98
Trd, 4319911.043, 98
Trd, 4319913.843, 99
Trd, 4319915.043, 98
Trd, 4319917.493, 103
Trd, 4319918.393, 101
Trd, 4319918.643, 102
Trd, 4319920.043, 101
Trd, 4319921.043, 100
Trd, 4319923.943, 100
Trd, 4319926.543, 98
Trd, 4319926.593, 100
Trd, 4319927.743, 99
Trd, 4319927.893, 100
Trd, 4319929.243, 99
Trd, 4319930.443, 96
Trd, 4319930.643, 95
Trd, 4319933.243, 96
Trd, 4319934.443, 94
Trd, 4319935.543, 95
Trd, 4319936.343, 95
Trd, 4319936.643, 96
Trd, 4319937.793, 95
Trd, 4319939.943, 96
Trd, 4319940.443, 94
Trd, 4319942.193, 95
Trd, 4319942.543, 92
Trd, 4319942.643, 93
Trd, 4319944.893, 92
Trd, 4319947.843, 104
Trd, 4319949.243, 104
Trd, 4319949.493, 104
Trd, 4319950.193, 103
Trd, 4319950.743, 103
Trd, 4319953.543, 101
Trd, 4319953.943, 101
Trd, 4319954.843, 102
Trd, 4319958.443, 94
Trd, 4319958.543, 93
Trd, 4319958.693, 94
Trd, 4319959.293, 94
Trd, 4319961.943, 93
Trd, 4319965.243, 93
Trd, 4319965.493, 93
Trd, 4319966.193, 94
Trd, 4319967.243, 95
Trd, 4319967.743, 94
Trd, 4319969.543, 97
Trd, 4319969.643, 101
Trd, 4319971.393, 115
Trd, 4319973.143, 100
Trd, 4319973.743, 97
Trd, 4319974.693, 98
Trd, 4319976.693, 96
Trd, 4319976.943, 96
Trd, 4319978.143, 93
Trd, 4319979.443, 94
Trd, 4319980.043, 94
Trd, 4319981.193, 93
Trd, 4319982.743, 94
Trd, 4319982.993, 95
Trd, 4319983.493, 95
Trd, 4319986.593, 99
Trd, 4319987.043, 99
Trd, 4319989.743, 100
Trd, 4319991.243, 100
Trd, 4319991.743, 99
Trd, 4319993.393, 98
Trd, 4319994.093, 99
Trd, 4319996.693, 98
Trd, 4319996.743, 96
Trd, 4319997.343, 96
Trd, 4319997.443, 95
Trd, 4319999.043, 93
