Trd, 4317866.943, 86
Trd, 4317867.243, 112
Trd, 4317867.493, 90
Trd, 4317870.593, 90
Trd, 4317872.193, 89
Trd, 4317872.743, 95
Trd, 4317873.793, 93
Trd, 4317874.993, 96
Trd, 4317877.843, 93
Trd, 4317878.843, 94
Trd, 4317879.543, 93
Trd, 4317881.143, 95
Trd, 4317881.843, 72
Trd, 4317882.493, 68
Trd, 4317884.493, 86
Trd, 4317885.893, 95
Trd, 4317887.143, 101
Trd, 4317888.493, 87
Trd, 4317888.793, 86
Trd, 4317890.093, 98
Trd, 4317891.193, 103
Trd, 4317894.043, 95
Trd, 4317895.243, 91
Trd, 4317896.543, 96
Trd, 4317897.593, 90
Trd, 4317898.743, 90
Trd, 4317899.293, 90
Trd, 4317901.643, 80
Trd, 4317902.193, 72
Trd, 4317902.743, 89
Trd, 4317904.693, 99
Trd, 4317906.793, 92
Trd, 4317906.893, 104
Trd, 4317910.693, 95
Trd, 4317911.143, 95
Trd, 4317912.343, 95
Trd, 4317912.493, 96
Trd, 4317913.043, 95
Trd, 4317913.843, 95
Trd, 4317916.393, 95
Trd, 4317917.893, 95
Trd, 4317918.393, 96
Trd, 4317919.843, 95
Trd, 4317923.193, 94
Trd, 4317923.993, 93
Trd, 4317924.643, 96
Trd, 4317925.893, 96
Trd, 4317928.443, 93
Trd, 4317930.093, 93
Trd, 4317930.243, 95
Trd, 4317930.543, 92
Trd, 4317933.543, 96
Trd, 4317935.043, 95
Trd, 4317936.193, 95
Trd, 4317941.493, 94
Trd, 4317941.893, 95
Trd, 4317943.293, 95
Trd, 4317944.893, 92
Trd, 4317945.193, 94
Trd, 4317947.143, 92
Trd, 4317947.493, 96
Trd, 4317950.943, 91
Trd, 4317951.093, 91
Trd, 4317953.743, 95
Trd, 4317955.643, 90
Trd, 4317956.693, 98
Trd, 4317958.993, 94
Trd, 4317959.893, 90
Trd, 4317962.693, 89
Trd, 4317963.993, 93
Trd, 4317964.443, 88
Trd, 4317965.793, 92
Trd, 4317965.843, 88
Trd, 4317967.843, 113
Trd, 4317968.493, 95
Trd, 4317971.243, 100
Trd, 4317971.893, 99
Trd, 4317971.943, 98
Trd, 4317973.193, 96
Trd, 4317976.393, 96
Trd, 4317976.893, 99
Trd, 4317980.693, 95
Trd, 4317980.993, 95
Trd, 4317981.093, 98
Trd, 4317983.193, 98
Trd, 4317985.593, 94
Trd, 4317985.743, 94
Trd, 4317989.643, 95
Trd, 4317989.993, 67
Trd, 4317991.243, 97
Trd, 4317991.593, 88
Trd, 4317992.593, 89
Trd, 4317992.993, 88
Trd, 4317993.843, 113
Trd, 4317996.593, 92
Trd, 4317999.693, 91
Trd, 4317999.843, 88
Trd, 4318001.093, 87
Trd, 4318001.643, 92
Trd, 4318002.593, 92
Trd, 4318004.643, 87
Trd, 4318006.043, 90
Trd, 4318006.443, 92
Trd, 4318006.993, 99
Trd, 4318007.743, 87
Trd, 4318010.093, 86
Trd, 4318010.993, 92
Trd, 4318012.793, 86
Trd, 4318013.093, 92
Trd, 4318013.743, 86
Trd, 4318015.943, 92
Trd, 4318017.293, 95
Trd, 4318017.393, 92
Trd, 4318017.593, 85
Trd, 4318018.643, 93
Trd, 4318022.093, 94
Trd, 4318022.793, 101
Trd, 4318024.793, 91
Trd, 4318025.993, 90
Trd, 4318028.943, 95
Trd, 4318030.243, 95
Trd, 4318031.693, 91
Trd, 4318033.043, 92
Trd, 4318034.143, 93
Trd, 4318035.993, 104
Trd, 4318036.793, 91
Trd, 4318037.793, 90
Trd, 4318040.193, 113
Trd, 4318040.943, 89
Trd, 4318044.393, 92
Trd, 4318044.493, 93
Trd, 4318045.693, 91
Trd, 4318046.393, 94
Trd, 4318048.043, 93
Trd, 4318049.793, 92
Trd, 4318052.293, 91
Trd, 4318052.893, 93
Trd, 4318054.793, 97
Trd, 4318056.243, 70
Trd, 4318056.793, 86
Trd, 4318057.043, 87
Trd, 4318058.143, 88
Trd, 4318059.493, 113
Trd, 4318061.093, 105
Trd, 4318061.993, 104
Trd, 4318062.943, 103
Trd, 4318064.443, 95
Trd, 4318065.043, 74
Trd, 4318065.943, 90
Trd, 4318067.593, 94
Trd, 4318070.743, 94
Trd, 4318072.193, 93
Trd, 4318072.543, 93
Trd, 4318072.643, 94
Trd, 4318074.343, 113
Trd, 4318075.493, 95
Trd, 4318076.493, 70
Trd, 4318077.293, 90
Trd, 4318077.443, 88
Trd, 4318079.593, 90
Trd, 4318081.093, 89
Trd, 4318082.293, 72
Trd, 4318084.143, 89
Trd, 4318084.243, 87
Trd, 4318085.443, 85
Trd, 4318086.143, 73
Trd, 4318088.193, 88
Trd, 4318088.893, 96
Trd, 4318089.943, 92
Trd, 4318090.343, 84
Trd, 4318093.743, 95
Trd, 4318094.593, 89
Trd, 4318096.193, 94
Trd, 4318096.543, 95
Trd, 4318096.943, 90
Trd, 4318097.893, 90
Trd, 4318100.043, 94
Trd, 4318100.643, 93
Trd, 4318102.643, 90
Trd, 4318104.743, 95
Trd, 4318105.693, 95
Trd, 4318106.043, 90
Trd, 4318107.493, 94
Trd, 4318107.793, 89
Trd, 4318109.493, 101
Trd, 4318111.243, 90
Trd, 4318112.243, 94
Trd, 4318115.793, 93
Trd, 4318116.993, 95
Trd, 4318117.343, 92
Trd, 4318120.193, 92
Trd, 4318122.193, 94
Trd, 4318122.543, 91
Trd, 4318123.743, 94
Trd, 4318125.343, 90
Trd, 4318126.093, 94
Trd, 4318130.793, 92
Trd, 4318131.593, 91
Trd, 4318131.743, 95
Trd, 4318135.393, 94
Trd, 4318137.693, 91
Trd, 4318137.993, 95
Trd, 4318138.693, 90
Trd, 4318141.793, 113
Trd, 4318142.493, 95
Trd, 4318142.593, 86
Trd, 4318144.143, 96
Trd, 4318146.443, 95
Trd, 4318149.543, 95
Trd, 4318150.593, 98
Trd, 4318150.893, 94
Trd, 4318152.743, 93
Trd, 4318154.343, 93
Trd, 4318155.693, 95
Trd, 4318155.893, 93
Trd, 4318157.393, 78
Trd, 4318158.193, 80
Trd, 4318158.793, 89
Trd, 4318160.743, 107
Trd, 4318160.943, 67
Trd, 4318164.443, 86
Trd, 4318165.143, 95
Trd, 4318165.643, 85
Trd, 4318167.543, 99
Trd, 4318169.993, 90
Trd, 4318171.543, 95
Trd, 4318171.643, 90
Trd, 4318171.943, 89
Trd, 4318173.943, 95
Trd, 4318176.643, 94
Trd, 4318177.043, 90
Trd, 4318179.693, 89
Trd, 4318179.843, 93
Trd, 4318182.093, 95
Trd, 4318182.143, 89
Trd, 4318185.243, 94
Trd, 4318186.643, 90
Trd, 4318187.493, 94
Trd, 4318190.243, 101
Trd, 4318190.343, 92
Trd, 4318193.193, 90
Trd, 4318194.793, 97
Trd, 4318195.943, 95
Trd, 4318198.593, 92
Trd, 4318198.743, 91
Trd, 4318201.743, 94
Trd, 4318202.193, 95
Trd, 4318203.093, 91
Trd, 4318203.543, 66
Trd, 4318204.193, 86
Trd, 4318204.493, 88
Trd, 4318206.043, 87
Trd, 4318206.793, 95
Trd, 4318208.343, 91
Trd, 4318210.593, 88
Trd, 4318213.193, 89
Trd, 4318213.593, 88
Trd, 4318215.793, 91
Trd, 4318215.893, 91
Trd, 4318217.393, 90
Trd, 4318219.143, 87
Trd, 4318219.993, 87
Trd, 4318221.943, 90
Trd, 4318223.193, 94
Trd, 4318224.493, 99
Trd, 4318224.643, 87
Trd, 4318228.293, 87
Trd, 4318230.143, 90
Trd, 4318230.793, 95
Trd, 4318231.043, 86
Trd, 4318233.843, 85
Trd, 4318234.193, 90
Trd, 4318235.093, 112
Trd, 4318236.993, 97
Trd, 4318237.743, 100
Trd, 4318240.243, 96
Trd, 4318240.393, 95
Trd, 4318244.743, 97
Trd, 4318246.543, 95
Trd, 4318249.193, 94
Trd, 4318249.893, 96
Trd, 4318250.743, 93
Trd, 4318255.893, 95
Trd, 4318256.043, 96
Trd, 4318256.993, 93
Trd, 4318258.243, 92
Trd, 4318260.293, 95
Trd, 4318260.693, 92
Trd, 4318261.343, 93
Trd, 4318263.493, 93
Trd, 4318264.343, 92
Trd, 4318264.443, 91
Trd, 4318264.993, 96
Trd, 4318267.943, 95
Trd, 4318269.043, 91
Trd, 4318269.093, 96
Trd, 4318271.793, 90
Trd, 4318273.693, 96
Trd, 4318277.343, 95
Trd, 4318278.193, 92
Trd, 4318279.943, 94
Trd, 4318280.443, 92
Trd, 4318282.193, 93
Trd, 4318282.343, 81
Trd, 4318283.593, 93
Trd, 4318284.293, 89
Trd, 4318285.193, 93
Trd, 4318287.343, 89
Trd, 4318289.593, 93
Trd, 4318289.643, 89
Trd, 4318289.893, 88
Trd, 4318292.493, 94
Trd, 4318293.143, 88
Trd, 4318294.693, 88
Trd, 4318295.243, 94
Trd, 4318297.093, 95
Trd, 4318298.993, 93
Trd, 4318301.043, 96
Trd, 4318302.643, 92
Trd, 4318304.193, 96
Trd, 4318304.693, 95
Trd, 4318305.643, 94
Trd, 4318307.293, 92
Trd, 4318308.193, 98
Trd, 4318308.543, 98
Trd, 4318309.143, 97
Trd, 4318310.193, 97
Trd, 4318312.193, 97
Trd, 4318312.993, 94
Trd, 4318314.943, 96
Trd, 4318315.743, 98
Trd, 4318316.043, 95
Trd, 4318317.693, 95
Trd, 4318318.993, 98
Trd, 4318319.293, 95
Trd, 4318321.993, 95
Trd, 4318323.743, 94
Trd, 4318325.243, 80
Trd, 4318325.343, 89
Trd, 4318325.643, 91
Trd, 4318326.643, 95
Trd, 4318327.193, 92
Trd, 4318328.193, 66
Trd, 4318330.293, 89
Trd, 4318330.693, 92
Trd, 4318330.843, 87
Trd, 4318331.693, 92
Trd, 4318336.243, 88
Trd, 4318336.543, 92
Trd, 4318336.843, 101
Trd, 4318337.193, 87
Trd, 4318338.043, 87
Trd, 4318339.193, 96
Trd, 4318340.443, 87
Trd, 4318342.293, 91
Trd, 4318344.893, 91
Trd, 4318346.543, 87
Trd, 4318348.043, 86
Trd, 4318348.243, 92
Trd, 4318353.343, 86
Trd, 4318353.643, 85
Trd, 4318353.693, 93
Trd, 4318355.193, 93
Trd, 4318355.743, 93
Trd, 4318356.343, 85
Trd, 4318356.743, 84
Trd, 4318359.393, 95
Trd, 4318361.443, 96
Trd, 4318361.543, 92
Trd, 4318361.643, 95
Trd, 4318364.243, 93
Trd, 4318365.743, 92
Trd, 4318367.743, 94
Trd, 4318368.093, 95
Trd, 4318371.393, 94
Trd, 4318371.593, 92
Trd, 4318371.643, 91
Trd, 4318375.443, 90
Trd, 4318375.493, 94
Trd, 4318376.993, 95
Trd, 4318377.243, 92
Trd, 4318379.443, 113
Trd, 4318380.393, 95
Trd, 4318383.093, 95
Trd, 4318384.443, 94
Trd, 4318384.843, 99
Trd, 4318388.343, 98
Trd, 4318388.643, 95
Trd, 4318390.093, 94
Trd, 4318391.693, 98
Trd, 4318393.443, 93
Trd, 4318396.693, 95
Trd, 4318398.043, 94
Trd, 4318398.993, 93
Trd, 4318399.293, 97
Trd, 4318402.343, 92
Trd, 4318402.693, 94
Trd, 4318404.093, 93
Trd, 4318404.293, 92
Trd, 4318404.993, 95
Trd, 4318406.193, 97
Trd, 4318407.643, 94
Trd, 4318407.943, 113
Trd, 4318409.393, 96
Trd, 4318410.893, 95
Trd, 4318411.143, 93
Trd, 4318411.243, 113
Trd, 4318411.793, 82
Trd, 4318413.243, 97
Trd, 4318413.993, 96
Trd, 4318414.193, 94
Trd, 4318415.893, 70
Trd, 4318417.993, 95
Trd, 4318419.143, 94
Trd, 4318420.893, 94
Trd, 4318421.743, 93
Trd, 4318421.943, 92
Trd, 4318422.343, 95
Trd, 4318422.643, 95
Trd, 4318423.543, 66
Trd, 4318425.593, 85
Trd, 4318426.543, 85
Trd, 4318427.243, 84
Trd, 4318430.343, 95
Trd, 4318431.293, 94
Trd, 4318432.793, 95
Trd, 4318433.243, 113
Trd, 4318435.643, 94
Trd, 4318438.743, 99
Trd, 4318439.193, 99
Trd, 4318440.293, 100
Trd, 4318440.393, 99
Trd, 4318440.743, 95
Trd, 4318443.593, 97
Trd, 4318447.143, 100
Trd, 4318448.193, 98
Trd, 4318448.543, 97
Trd, 4318449.743, 97
Trd, 4318450.593, 74
Trd, 4318451.693, 87
Trd, 4318453.343, 86
Trd, 4318453.643, 95
Trd, 4318455.893, 96
Trd, 4318458.193, 111
Trd, 4318458.493, 95
Trd, 4318460.993, 94
Trd, 4318463.293, 95
Trd, 4318465.243, 95
Trd, 4318465.443, 93
Trd, 4318466.743, 94
Trd, 4318467.543, 96
Trd, 4318467.943, 95
Trd, 4318468.243, 113
Trd, 4318470.393, 102
Trd, 4318470.843, 103
Trd, 4318471.243, 99
Trd, 4318474.393, 102
Trd, 4318475.593, 101
Trd, 4318475.693, 103
Trd, 4318476.293, 100
Trd, 4318478.993, 101
Trd, 4318480.693, 99
Trd, 4318482.593, 99
Trd, 4318483.093, 103
Trd, 4318483.743, 96
Trd, 4318485.693, 97
Trd, 4318486.443, 98
Trd, 4318487.543, 98
Trd, 4318488.193, 96
Trd, 4318488.443, 95
Trd, 4318491.393, 97
Trd, 4318493.643, 99
Trd, 4318494.993, 96
Trd, 4318495.443, 95
Trd, 4318496.893, 95
Trd, 4318499.393, 94
Trd, 4318501.443, 95
Trd, 4318501.543, 96
Trd, 4318501.993, 94
Trd, 4318504.993, 94
Trd, 4318508.893, 95
Trd, 4318509.693, 94
Trd, 4318510.593, 93
Trd, 4318512.593, 96
Trd, 4318512.893, 94
Trd, 4318515.243, 93
Trd, 4318517.943, 95
Trd, 4318519.143, 94
Trd, 4318520.543, 93
Trd, 4318520.893, 92
Trd, 4318523.943, 106
Trd, 4318524.993, 92
Trd, 4318525.543, 98
Trd, 4318526.393, 92
Trd, 4318528.593, 92
Trd, 4318528.893, 95
Trd, 4318529.793, 95
Trd, 4318530.293, 95
Trd, 4318531.443, 95
Trd, 4318533.393, 95
Trd, 4318533.443, 74
Trd, 4318535.543, 93
Trd, 4318537.343, 96
Trd, 4318539.043, 95
Trd, 4318540.293, 71
Trd, 4318540.643, 88
Trd, 4318540.893, 93
Trd, 4318541.843, 95
Trd, 4318542.243, 94
Trd, 4318543.943, 94
Trd, 4318545.593, 93
Trd, 4318546.093, 93
Trd, 4318547.293, 94
Trd, 4318547.443, 95
Trd, 4318549.443, 93
Trd, 4318550.743, 68
Trd, 4318552.443, 77
Trd, 4318553.843, 87
Trd, 4318554.443, 96
Trd, 4318555.593, 95
Trd, 4318556.143, 94
Trd, 4318557.093, 92
Trd, 4318558.693, 88
Trd, 4318559.993, 97
Trd, 4318560.643, 95
Trd, 4318562.893, 92
Trd, 4318565.243, 94
Trd, 4318565.893, 92
Trd, 4318566.243, 91
Trd, 4318568.143, 93
Trd, 4318569.293, 94
Trd, 4318572.393, 91
Trd, 4318573.843, 90
Trd, 4318575.593, 95
Trd, 4318576.943, 90
Trd, 4318578.043, 89
Trd, 4318578.343, 95
Trd, 4318580.493, 89
Trd, 4318581.543, 88
Trd, 4318582.693, 94
Trd, 4318586.243, 91
Trd, 4318587.143, 88
Trd, 4318588.243, 87
Trd, 4318589.643, 86
Trd, 4318590.043, 90
Trd, 4318591.243, 72
Trd, 4318591.593, 77
Trd, 4318592.293, 95
Trd, 4318593.643, 86
Trd, 4318595.443, 87
Trd, 4318595.693, 87
Trd, 4318597.693, 98
Trd, 4318599.293, 95
Trd, 4318600.643, 90
Trd, 4318602.393, 93
Trd, 4318603.743, 95
Trd, 4318603.943, 90
Trd, 4318605.543, 91
Trd, 4318605.843, 104
Trd, 4318609.043, 95
Trd, 4318609.243, 90
Trd, 4318610.443, 90
Trd, 4318612.593, 95
Trd, 4318613.993, 95
Trd, 4318615.093, 94
Trd, 4318616.893, 93
Trd, 4318618.943, 95
Trd, 4318621.543, 94
Trd, 4318622.043, 92
Trd, 4318623.043, 94
Trd, 4318624.643, 92
Trd, 4318625.793, 91
Trd, 4318628.143, 94
Trd, 4318629.293, 94
Trd, 4318630.243, 91
Trd, 4318630.343, 91
Trd, 4318635.143, 91
Trd, 4318636.743, 90
Trd, 4318638.393, 95
Trd, 4318638.943, 95
Trd, 4318641.643, 89
Trd, 4318643.093, 88
Trd, 4318643.543, 95
Trd, 4318645.593, 90
Trd, 4318645.693, 92
Trd, 4318647.693, 90
Trd, 4318649.793, 88
Trd, 4318650.743, 88
Trd, 4318651.843, 87
Trd, 4318652.393, 92
Trd, 4318654.493, 105
Trd, 4318655.393, 93
Trd, 4318657.493, 87
Trd, 4318658.593, 86
Trd, 4318660.743, 86
Trd, 4318661.043, 92
Trd, 4318661.193, 96
Trd, 4318663.643, 85
Trd, 4318665.443, 88
Trd, 4318667.693, 94
Trd, 4318667.793, 93
Trd, 4318669.043, 93
Trd, 4318669.993, 95
Trd, 4318672.243, 94
Trd, 4318674.093, 95
Trd, 4318675.043, 95
Trd, 4318675.893, 93
Trd, 4318676.843, 95
Trd, 4318677.593, 95
Trd, 4318678.593, 99
Trd, 4318681.193, 94
Trd, 4318684.143, 95
Trd, 4318684.843, 96
Trd, 4318686.993, 96
Trd, 4318687.543, 94
Trd, 4318691.043, 95
Trd, 4318691.993, 97
Trd, 4318693.493, 94
Trd, 4318695.443, 93
Trd, 4318696.243, 90
Trd, 4318696.293, 90
Trd, 4318696.493, 95
Trd, 4318696.993, 80
Trd, 4318698.043, 95
Trd, 4318700.493, 92
Trd, 4318703.643, 94
Trd, 4318704.043, 91
Trd, 4318704.193, 81
Trd, 4318704.943, 95
Trd, 4318705.093, 88
Trd, 4318706.143, 88
Trd, 4318707.043, 93
Trd, 4318708.943, 93
Trd, 4318713.293, 91
Trd, 4318713.743, 93
Trd, 4318714.893, 91
Trd, 4318715.693, 92
Trd, 4318717.293, 90
Trd, 4318718.943, 94
Trd, 4318722.693, 91
Trd, 4318722.893, 93
Trd, 4318726.043, 90
Trd, 4318727.093, 94
Trd, 4318728.693, 95
Trd, 4318730.443, 90
Trd, 4318731.293, 94
Trd, 4318731.693, 90
Trd, 4318731.893, 89
Trd, 4318733.293, 95
Trd, 4318734.843, 89
Trd, 4318735.893, 95
Trd, 4318738.843, 112
Trd, 4318741.143, 98
Trd, 4318741.443, 98
Trd, 4318743.293, 97
Trd, 4318745.143, 97
Trd, 4318747.343, 99
Trd, 4318747.443, 96
Trd, 4318749.193, 71
Trd, 4318749.343, 87
Trd, 4318751.443, 88
Trd, 4318751.993, 87
Trd, 4318754.093, 95
Trd, 4318754.643, 91
Trd, 4318755.943, 67
Trd, 4318757.043, 95
Trd, 4318758.393, 92
Trd, 4318760.093, 88
Trd, 4318760.693, 76
Trd, 4318761.443, 113
Trd, 4318762.793, 101
Trd, 4318763.493, 71
Trd, 4318766.293, 86
Trd, 4318766.343, 88
Trd, 4318769.243, 86
Trd, 4318769.993, 85
Trd, 4318771.843, 84
Trd, 4318772.193, 87
Trd, 4318772.643, 87
Trd, 4318774.643, 87
Trd, 4318774.943, 83
Trd, 4318775.243, 83
Trd, 4318778.393, 95
Trd, 4318779.493, 90
Trd, 4318780.343, 87
Trd, 4318782.943, 90
Trd, 4318783.843, 88
Trd, 4318785.643, 90
Trd, 4318785.893, 86
Trd, 4318786.243, 85
Trd, 4318788.443, 91
Trd, 4318789.893, 70
Trd, 4318789.943, 67
Trd, 4318792.343, 82
Trd, 4318793.793, 80
Trd, 4318794.643, 92
Trd, 4318795.493, 80
Trd, 4318798.693, 87
Trd, 4318798.843, 79
Trd, 4318799.493, 87
Trd, 4318800.293, 95
Trd, 4318801.593, 100
Trd, 4318802.693, 85
Trd, 4318804.243, 90
Trd, 4318805.043, 84
Trd, 4318807.793, 90
Trd, 4318808.743, 89
Trd, 4318809.643, 90
Trd, 4318811.093, 95
Trd, 4318811.493, 95
Trd, 4318812.843, 113
Trd, 4318812.943, 71
Trd, 4318816.343, 96
Trd, 4318816.493, 97
Trd, 4318817.343, 96
Trd, 4318818.343, 96
Trd, 4318820.293, 95
Trd, 4318822.893, 96
Trd, 4318823.843, 95
Trd, 4318824.793, 97
Trd, 4318826.093, 98
Trd, 4318826.693, 95
Trd, 4318827.993, 95
Trd, 4318831.093, 95
Trd, 4318831.743, 98
Trd, 4318832.843, 97
Trd, 4318833.393, 94
Trd, 4318834.543, 94
Trd, 4318838.193, 96
Trd, 4318842.943, 96
Trd, 4318843.743, 93
Trd, 4318844.143, 96
Trd, 4318845.393, 94
Trd, 4318846.943, 93
Trd, 4318848.993, 92
Trd, 4318850.093, 95
Trd, 4318853.093, 95
Trd, 4318853.693, 101
Trd, 4318853.743, 92
Trd, 4318854.843, 91
Trd, 4318855.193, 91
Trd, 4318858.893, 95
Trd, 4318859.643, 94
Trd, 4318863.343, 93
Trd, 4318863.543, 95
Trd, 4318864.093, 95
Trd, 4318868.993, 92
Trd, 4318869.243, 96
Trd, 4318872.093, 91
Trd, 4318872.543, 93
Trd, 4318874.043, 91
Trd, 4318875.843, 94
Trd, 4318875.943, 90
Trd, 4318877.293, 93
Trd, 4318879.743, 93
Trd, 4318880.293, 96
Trd, 4318880.743, 90
Trd, 4318884.193, 90
Trd, 4318885.393, 95
Trd, 4318885.843, 68
Trd, 4318887.843, 85
Trd, 4318888.943, 85
Trd, 4318889.043, 88
Trd, 4318890.693, 68
Trd, 4318891.343, 79
Trd, 4318891.993, 111
Trd, 4318894.143, 95
Trd, 4318895.443, 88
Trd, 4318895.743, 113
Trd, 4318896.543, 91
Trd, 4318902.593, 94
Trd, 4318902.893, 92
Trd, 4318903.493, 95
Trd, 4318904.593, 93
Trd, 4318904.943, 92
Trd, 4318906.693, 94
Trd, 4318907.143, 91
Trd, 4318908.643, 91
Trd, 4318908.843, 101
Trd, 4318910.693, 90
Trd, 4318912.143, 89
Trd, 4318912.993, 98
Trd, 4318915.093, 99
Trd, 4318915.243, 97
Trd, 4318918.543, 99
Trd, 4318919.043, 100
Trd, 4318923.343, 98
Trd, 4318923.993, 100
Trd, 4318925.343, 97
Trd, 4318925.493, 97
Trd, 4318927.843, 97
Trd, 4318928.293, 98
Trd, 4318930.743, 96
Trd, 4318932.343, 98
Trd, 4318934.993, 97
Trd, 4318935.243, 96
Trd, 4318935.693, 95
Trd, 4318936.943, 113
Trd, 4318938.343, 95
Trd, 4318939.743, 94
Trd, 4318940.443, 95
Trd, 4318941.443, 93
Trd, 4318941.693, 78
Trd, 4318942.043, 83
Trd, 4318944.043, 67
Trd, 4318944.443, 82
Trd, 4318945.593, 86
Trd, 4318946.893, 86
Trd, 4318947.893, 113
Trd, 4318947.993, 85
Trd, 4318949.293, 94
Trd, 4318950.893, 95
Trd, 4318951.843, 95
Trd, 4318952.943, 94
Trd, 4318953.843, 113
Trd, 4318954.493, 101
Trd, 4318954.593, 97
Trd, 4318955.293, 76
Trd, 4318957.193, 94
Trd, 4318958.593, 93
Trd, 4318958.693, 98
Trd, 4318960.343, 95
Trd, 4318962.593, 95
Trd, 4318963.193, 94
Trd, 4318965.193, 95
Trd, 4318965.443, 93
Trd, 4318965.993, 96
Trd, 4318967.993, 93
Trd, 4318970.843, 92
Trd, 4318970.993, 94
Trd, 4318971.243, 96
Trd, 4318975.143, 95
Trd, 4318975.343, 91
Trd, 4318977.393, 95
Trd, 4318978.993, 111
Trd, 4318979.193, 95
Trd, 4318979.993, 95
Trd, 4318981.193, 88
Trd, 4318982.143, 95
Trd, 4318982.843, 94
Trd, 4318983.893, 93
Trd, 4318983.943, 93
Trd, 4318986.493, 92
Trd, 4318986.893, 92
Trd, 4318988.693, 96
Trd, 4318990.893, 111
Trd, 4318991.893, 100
Trd, 4318993.043, 100
Trd, 4318993.393, 108
Trd, 4318994.293, 98
Trd, 4318994.593, 95
Trd, 4318996.693, 72
Trd, 4318997.243, 83
Trd, 4319000.193, 107
Trd, 4319001.593, 96
Trd, 4319001.693, 93
Trd, 4319003.193, 95
Trd, 4319003.793, 96
Trd, 4319007.043, 95
Trd, 4319009.693, 94
Trd, 4319010.343, 95
Trd, 4319011.043, 94
Trd, 4319011.393, 94
Trd, 4319012.493, 93
Trd, 4319012.643, 94
Trd, 4319014.543, 94
Trd, 4319014.643, 95
Trd, 4319015.293, 92
Trd, 4319017.543, 113
Trd, 4319018.443, 99
Trd, 4319020.243, 101
Trd, 4319021.343, 98
Trd, 4319023.093, 97
Trd, 4319024.793, 98
Trd, 4319025.543, 103
Trd, 4319026.693, 95
Trd, 4319028.843, 96
Trd, 4319029.543, 92
Trd, 4319031.293, 95
Trd, 4319031.543, 74
Trd, 4319032.243, 92
Trd, 4319032.593, 96
Trd, 4319032.843, 104
Trd, 4319033.793, 93
Trd, 4319037.943, 85
Trd, 4319038.343, 84
Trd, 4319039.043, 89
Trd, 4319040.043, 67
Trd, 4319041.593, 96
Trd, 4319041.843, 90
Trd, 4319041.943, 88
Trd, 4319043.343, 90
Trd, 4319044.693, 109
Trd, 4319045.243, 96
Trd, 4319046.243, 95
Trd, 4319048.343, 97
Trd, 4319048.643, 98
Trd, 4319049.593, 96
Trd, 4319050.693, 95
Trd, 4319051.643, 95
Trd, 4319052.793, 96
Trd, 4319053.893, 66
Trd, 4319055.143, 82
Trd, 4319056.343, 86
Trd, 4319056.493, 85
Trd, 4319057.393, 89
Trd, 4319057.943, 89
Trd, 4319059.593, 94
Trd, 4319059.993, 97
Trd, 4319060.593, 90
Trd, 4319062.443, 89
Trd, 4319066.293, 94
Trd, 4319067.043, 95
Trd, 4319067.843, 95
Trd, 4319068.143, 94
Trd, 4319068.443, 99
Trd, 4319070.493, 94
Trd, 4319074.893, 93
Trd, 4319075.493, 95
Trd, 4319075.993, 97
Trd, 4319076.043, 93
Trd, 4319081.093, 92
Trd, 4319081.293, 92
Trd, 4319081.343, 95
Trd, 4319082.043, 95
Trd, 4319083.043, 91
Trd, 4319083.693, 96
Trd, 4319087.043, 95
Trd, 4319087.743, 91
Trd, 4319089.293, 90
Trd, 4319089.343, 82
Trd, 4319090.793, 94
Trd, 4319093.693, 93
Trd, 4319094.293, 88
Trd, 4319095.293, 87
Trd, 4319097.193, 93
Trd, 4319097.493, 94
Trd, 4319098.393, 95
Trd, 4319101.043, 98
Trd, 4319102.443, 94
Trd, 4319105.693, 93
Trd, 4319106.943, 92
Trd, 4319107.993, 94
Trd, 4319108.693, 95
Trd, 4319112.543, 92
Trd, 4319114.093, 94
Trd, 4319114.293, 95
Trd, 4319115.243, 91
Trd, 4319116.493, 90
Trd, 4319116.693, 95
Trd, 4319117.143, 113
Trd, 4319120.193, 90
Trd, 4319120.393, 94
Trd, 4319124.943, 94
Trd, 4319125.043, 91
Trd, 4319125.143, 95
Trd, 4319127.343, 90
Trd, 4319130.493, 90
Trd, 4319132.293, 94
Trd, 4319132.343, 95
Trd, 4319134.543, 90
Trd, 4319135.193, 95
Trd, 4319135.743, 91
Trd, 4319137.493, 90
Trd, 4319137.943, 96
Trd, 4319140.343, 94
Trd, 4319140.643, 89
Trd, 4319141.043, 101
Trd, 4319141.593, 90
Trd, 4319145.943, 94
Trd, 4319146.243, 89
Trd, 4319146.943, 88
Trd, 4319147.693, 94
Trd, 4319151.243, 95
Trd, 4319152.443, 89
Trd, 4319152.493, 96
Trd, 4319153.993, 88
Trd, 4319155.393, 94
Trd, 4319155.493, 88
Trd, 4319160.743, 92
Trd, 4319160.843, 87
Trd, 4319161.743, 91
Trd, 4319162.043, 86
Trd, 4319163.343, 82
Trd, 4319164.593, 90
Trd, 4319165.543, 95
Trd, 4319165.743, 93
Trd, 4319168.393, 91
Trd, 4319171.893, 92
Trd, 4319174.493, 93
Trd, 4319174.793, 90
Trd, 4319175.143, 93
Trd, 4319175.493, 97
Trd, 4319179.443, 90
Trd, 4319179.543, 94
Trd, 4319179.743, 89
Trd, 4319180.793, 95
Trd, 4319182.743, 96
Trd, 4319184.943, 95
Trd, 4319186.393, 95
Trd, 4319187.593, 77
Trd, 4319188.443, 96
Trd, 4319189.343, 90
Trd, 4319191.743, 95
Trd, 4319193.043, 91
Trd, 4319194.543, 91
Trd, 4319194.943, 91
Trd, 4319197.193, 93
Trd, 4319197.443, 100
Trd, 4319197.893, 95
Trd, 4319201.943, 95
Trd, 4319203.743, 105
Trd, 4319204.743, 100
Trd, 4319205.043, 100
Trd, 4319205.543, 98
Trd, 4319206.593, 95
Trd, 4319206.893, 100
Trd, 4319207.993, 82
Trd, 4319209.743, 97
Trd, 4319210.293, 97
Trd, 4319212.443, 96
Trd, 4319213.093, 96
Trd, 4319215.093, 98
Trd, 4319216.293, 98
Trd, 4319217.593, 95
Trd, 4319220.143, 95
Trd, 4319220.343, 68
Trd, 4319220.543, 85
Trd, 4319221.093, 87
Trd, 4319221.593, 86
Trd, 4319224.843, 95
Trd, 4319225.493, 90
Trd, 4319225.693, 91
Trd, 4319226.043, 98
Trd, 4319226.893, 89
Trd, 4319230.943, 88
Trd, 4319231.143, 95
Trd, 4319232.993, 94
Trd, 4319233.893, 95
Trd, 4319234.743, 95
Trd, 4319235.343, 96
Trd, 4319236.793, 95
Trd, 4319237.193, 79
Trd, 4319237.643, 95
Trd, 4319240.143, 94
Trd, 4319241.293, 95
Trd, 4319241.893, 86
Trd, 4319242.643, 96
Trd, 4319244.393, 95
Trd, 4319244.593, 94
Trd, 4319246.693, 91
Trd, 4319249.493, 96
Trd, 4319250.243, 92
Trd, 4319252.143, 97
Trd, 4319253.443, 93
Trd, 4319254.143, 96
Trd, 4319254.593, 93
Trd, 4319257.243, 95
Trd, 4319258.243, 92
Trd, 4319259.143, 111
Trd, 4319259.943, 96
Trd, 4319260.393, 97
Trd, 4319263.743, 100
Trd, 4319264.543, 99
Trd, 4319265.593, 101
Trd, 4319266.293, 98
Trd, 4319267.893, 77
Trd, 4319270.393, 95
Trd, 4319273.793, 95
Trd, 4319273.993, 94
Trd, 4319274.293, 68
Trd, 4319275.443, 94
Trd, 4319275.843, 95
Trd, 4319276.493, 90
Trd, 4319279.043, 89
Trd, 4319280.493, 94
Trd, 4319281.543, 113
Trd, 4319281.793, 98
Trd, 4319283.093, 113
Trd, 4319283.593, 95
Trd, 4319284.493, 89
Trd, 4319284.943, 96
Trd, 4319286.593, 99
Trd, 4319289.193, 98
Trd, 4319290.143, 97
Trd, 4319290.543, 98
Trd, 4319291.343, 90
Trd, 4319292.343, 97
Trd, 4319292.543, 95
Trd, 4319294.293, 71
Trd, 4319294.593, 68
Trd, 4319295.943, 88
Trd, 4319296.843, 88
Trd, 4319296.893, 84
Trd, 4319300.293, 93
Trd, 4319301.343, 91
Trd, 4319301.943, 90
Trd, 4319304.443, 91
Trd, 4319305.543, 95
Trd, 4319306.093, 95
Trd, 4319307.793, 113
Trd, 4319308.843, 105
Trd, 4319309.643, 105
Trd, 4319309.893, 103
Trd, 4319310.493, 113
Trd, 4319312.193, 103
Trd, 4319313.243, 105
Trd, 4319313.493, 102
Trd, 4319315.493, 83
Trd, 4319317.343, 100
Trd, 4319317.993, 97
Trd, 4319318.443, 95
Trd, 4319321.843, 100
Trd, 4319323.343, 96
Trd, 4319323.493, 96
Trd, 4319325.693, 100
Trd, 4319327.093, 102
Trd, 4319327.143, 101
Trd, 4319329.043, 111
Trd, 4319331.143, 96
Trd, 4319332.443, 81
Trd, 4319333.443, 99
Trd, 4319335.293, 95
Trd, 4319335.443, 98
Trd, 4319335.743, 94
Trd, 4319337.143, 75
Trd, 4319339.893, 81
Trd, 4319340.143, 88
Trd, 4319340.393, 96
Trd, 4319341.293, 92
Trd, 4319342.043, 86
Trd, 4319344.443, 95
Trd, 4319345.643, 113
Trd, 4319345.893, 89
Trd, 4319349.243, 91
Trd, 4319349.493, 95
Trd, 4319350.493, 95
Trd, 4319352.893, 92
Trd, 4319353.293, 112
Trd, 4319356.193, 97
Trd, 4319357.593, 99
Trd, 4319357.993, 97
Trd, 4319358.943, 101
Trd, 4319361.793, 98
Trd, 4319362.393, 97
Trd, 4319362.893, 95
Trd, 4319363.343, 97
Trd, 4319364.043, 96
Trd, 4319365.893, 91
Trd, 4319367.743, 92
Trd, 4319368.143, 79
Trd, 4319368.943, 70
Trd, 4319369.393, 95
Trd, 4319370.593, 67
Trd, 4319371.693, 77
Trd, 4319372.193, 80
Trd, 4319372.693, 109
Trd, 4319374.693, 99
Trd, 4319375.243, 86
Trd, 4319376.643, 95
Trd, 4319377.143, 92
Trd, 4319380.493, 91
Trd, 4319382.193, 94
Trd, 4319383.543, 95
Trd, 4319385.093, 93
Trd, 4319387.243, 92
Trd, 4319388.143, 95
Trd, 4319388.843, 95
Trd, 4319391.093, 91
Trd, 4319392.193, 96
Trd, 4319392.743, 91
Trd, 4319396.293, 95
Trd, 4319396.893, 91
Trd, 4319397.293, 94
Trd, 4319397.593, 90
Trd, 4319398.393, 95
Trd, 4319399.293, 113
Trd, 4319401.043, 98
Trd, 4319402.193, 98
Trd, 4319403.343, 97
Trd, 4319403.543, 102
Trd, 4319405.293, 95
Trd, 4319405.543, 96
Trd, 4319405.743, 94
Trd, 4319407.393, 95
Trd, 4319407.543, 95
Trd, 4319409.143, 96
Trd, 4319410.193, 97
Trd, 4319411.193, 112
Trd, 4319411.993, 96
Trd, 4319414.843, 97
Trd, 4319415.293, 94
Trd, 4319417.093, 94
Trd, 4319417.293, 84
Trd, 4319417.993, 91
Trd, 4319418.993, 91
Trd, 4319419.393, 90
Trd, 4319420.043, 66
Trd, 4319421.093, 95
Trd, 4319422.043, 89
Trd, 4319422.243, 97
Trd, 4319425.743, 96
Trd, 4319427.543, 94
Trd, 4319428.793, 94
Trd, 4319431.893, 92
Trd, 4319432.343, 95
Trd, 4319433.043, 92
Trd, 4319433.143, 68
Trd, 4319435.643, 97
Trd, 4319436.493, 96
Trd, 4319436.893, 91
Trd, 4319439.193, 97
Trd, 4319440.743, 95
Trd, 4319442.343, 95
Trd, 4319443.743, 95
Trd, 4319445.393, 94
Trd, 4319445.593, 95
Trd, 4319446.193, 94
Trd, 4319448.293, 94
Trd, 4319448.493, 85
Trd, 4319451.993, 91
Trd, 4319452.893, 94
Trd, 4319454.793, 90
Trd, 4319454.943, 94
Trd, 4319457.043, 93
Trd, 4319457.443, 89
Trd, 4319459.343, 95
Trd, 4319460.593, 95
Trd, 4319460.743, 93
Trd, 4319461.093, 89
Trd, 4319462.643, 96
Trd, 4319466.293, 96
Trd, 4319466.793, 92
Trd, 4319468.843, 93
Trd, 4319471.193, 95
Trd, 4319475.043, 92
Trd, 4319475.643, 92
Trd, 4319475.693, 95
Trd, 4319476.893, 91
Trd, 4319476.993, 95
Trd, 4319478.893, 75
Trd, 4319480.643, 95
Trd, 4319480.743, 89
Trd, 4319481.143, 94
Trd, 4319483.943, 77
Trd, 4319485.593, 95
Trd, 4319486.593, 89
Trd, 4319487.943, 88
Trd, 4319490.043, 91
Trd, 4319491.143, 87
Trd, 4319493.743, 87
Trd, 4319495.743, 91
Trd, 4319496.243, 91
Trd, 4319499.043, 87
Trd, 4319499.693, 92
Trd, 4319500.193, 98
Trd, 4319501.443, 87
Trd, 4319501.893, 88
Trd, 4319502.743, 95
Trd, 4319505.643, 95
Trd, 4319509.043, 96
Trd, 4319510.043, 95
Trd, 4319510.693, 95
Trd, 4319512.043, 95
Trd, 4319513.643, 96
Trd, 4319513.843, 90
Trd, 4319516.443, 93
Trd, 4319516.743, 93
Trd, 4319517.693, 95
Trd, 4319518.893, 95
Trd, 4319520.593, 95
Trd, 4319521.093, 98
Trd, 4319521.193, 94
Trd, 4319523.843, 104
Trd, 4319524.893, 93
Trd, 4319525.293, 67
Trd, 4319526.143, 86
Trd, 4319526.193, 93
Trd, 4319527.643, 86
Trd, 4319528.893, 89
Trd, 4319529.243, 94
Trd, 4319530.093, 97
Trd, 4319532.993, 92
Trd, 4319533.243, 91
Trd, 4319535.893, 90
Trd, 4319535.993, 94
Trd, 4319537.893, 93
Trd, 4319539.743, 89
Trd, 4319539.843, 88
Trd, 4319540.743, 92
Trd, 4319541.043, 96
Trd, 4319542.693, 73
Trd, 4319545.543, 94
Trd, 4319545.893, 96
Trd, 4319546.743, 93
Trd, 4319548.843, 96
Trd, 4319549.093, 92
Trd, 4319549.343, 92
Trd, 4319551.393, 94
Trd, 4319552.543, 92
Trd, 4319553.793, 91
Trd, 4319554.093, 90
Trd, 4319554.593, 69
Trd, 4319554.643, 99
Trd, 4319556.893, 93
Trd, 4319559.343, 90
Trd, 4319559.593, 93
Trd, 4319562.643, 90
Trd, 4319563.243, 93
Trd, 4319563.293, 94
Trd, 4319564.843, 90
Trd, 4319565.093, 101
Trd, 4319569.143, 95
Trd, 4319571.793, 92
Trd, 4319571.843, 94
Trd, 4319572.443, 90
Trd, 4319573.043, 94
Trd, 4319573.643, 90
Trd, 4319575.843, 90
Trd, 4319577.793, 93
Trd, 4319578.843, 93
Trd, 4319579.493, 89
Trd, 4319580.293, 93
Trd, 4319581.993, 94
Trd, 4319583.493, 94
Trd, 4319584.293, 93
Trd, 4319585.743, 92
Trd, 4319588.393, 94
Trd, 4319588.693, 96
Trd, 4319590.593, 94
Trd, 4319592.493, 93
Trd, 4319595.593, 96
Trd, 4319596.293, 94
Trd, 4319599.493, 95
Trd, 4319599.993, 96
Trd, 4319600.393, 93
Trd, 4319602.693, 95
Trd, 4319605.393, 96
Trd, 4319605.693, 93
Trd, 4319606.193, 92
Trd, 4319608.493, 95
Trd, 4319610.343, 96
Trd, 4319610.593, 95
Trd, 4319613.143, 93
Trd, 4319613.593, 70
Trd, 4319615.843, 95
Trd, 4319616.993, 96
Trd, 4319617.993, 92
Trd, 4319620.243, 91
Trd, 4319621.743, 91
Trd, 4319622.193, 93
Trd, 4319622.243, 85
Trd, 4319623.293, 73
Trd, 4319626.843, 91
Trd, 4319626.893, 88
Trd, 4319627.543, 70
Trd, 4319628.943, 83
Trd, 4319631.193, 90
Trd, 4319633.393, 95
Trd, 4319633.993, 87
Trd, 4319634.093, 97
Trd, 4319634.393, 86
Trd, 4319636.543, 96
Trd, 4319639.243, 95
Trd, 4319639.393, 97
Trd, 4319640.443, 95
Trd, 4319640.493, 94
Trd, 4319640.743, 97
Trd, 4319644.693, 95
Trd, 4319647.893, 96
Trd, 4319648.593, 93
Trd, 4319649.943, 94
Trd, 4319651.393, 95
Trd, 4319652.443, 93
Trd, 4319652.593, 92
Trd, 4319656.143, 92
Trd, 4319656.343, 91
Trd, 4319657.093, 95
Trd, 4319662.793, 93
Trd, 4319662.943, 95
Trd, 4319663.443, 92
Trd, 4319668.043, 92
Trd, 4319668.593, 96
Trd, 4319669.393, 95
Trd, 4319670.643, 93
Trd, 4319672.843, 95
Trd, 4319673.743, 92
Trd, 4319673.943, 96
Trd, 4319674.293, 91
Trd, 4319674.943, 101
Trd, 4319679.593, 92
Trd, 4319682.693, 95
Trd, 4319683.243, 94
Trd, 4319683.393, 93
Trd, 4319683.643, 92
Trd, 4319685.593, 95
Trd, 4319686.093, 92
Trd, 4319686.793, 91
Trd, 4319688.143, 83
Trd, 4319689.743, 95
Trd, 4319689.943, 90
Trd, 4319693.693, 95
Trd, 4319694.843, 89
Trd, 4319696.643, 89
Trd, 4319697.693, 80
Trd, 4319698.993, 95
Trd, 4319699.293, 95
Trd, 4319702.893, 88
Trd, 4319702.993, 95
Trd, 4319704.443, 96
Trd, 4319705.143, 87
Trd, 4319705.693, 87
Trd, 4319705.993, 97
Trd, 4319706.293, 79
Trd, 4319711.493, 93
Trd, 4319713.743, 90
Trd, 4319715.343, 94
Trd, 4319715.693, 94
Trd, 4319716.293, 89
Trd, 4319717.593, 88
Trd, 4319719.293, 95
Trd, 4319719.543, 89
Trd, 4319722.343, 87
Trd, 4319722.393, 78
Trd, 4319723.393, 91
Trd, 4319724.543, 87
Trd, 4319726.693, 95
Trd, 4319727.243, 88
Trd, 4319727.843, 113
Trd, 4319730.493, 89
Trd, 4319731.143, 88
Trd, 4319731.943, 89
Trd, 4319732.043, 88
Trd, 4319732.793, 89
Trd, 4319734.493, 87
Trd, 4319734.743, 112
Trd, 4319735.643, 100
Trd, 4319737.793, 100
Trd, 4319737.843, 107
Trd, 4319738.093, 99
Trd, 4319738.543, 98
Trd, 4319743.343, 102
Trd, 4319745.043, 99
Trd, 4319745.143, 99
Trd, 4319745.993, 98
Trd, 4319747.693, 98
Trd, 4319748.693, 97
Trd, 4319749.543, 100
Trd, 4319750.993, 96
Trd, 4319751.193, 95
Trd, 4319752.493, 87
Trd, 4319752.593, 89
Trd, 4319754.443, 94
Trd, 4319755.593, 110
Trd, 4319755.993, 95
Trd, 4319756.643, 86
Trd, 4319757.843, 106
Trd, 4319760.543, 93
Trd, 4319761.043, 92
Trd, 4319762.893, 98
Trd, 4319765.893, 95
Trd, 4319766.193, 92
Trd, 4319766.743, 98
Trd, 4319770.193, 95
Trd, 4319770.793, 97
Trd, 4319771.443, 94
Trd, 4319774.593, 95
Trd, 4319775.293, 93
Trd, 4319775.893, 92
Trd, 4319777.543, 94
Trd, 4319778.293, 83
Trd, 4319779.043, 89
Trd, 4319780.493, 90
Trd, 4319780.543, 88
Trd, 4319782.293, 88
Trd, 4319782.893, 88
Trd, 4319783.243, 90
Trd, 4319783.343, 96
Trd, 4319785.493, 93
Trd, 4319786.793, 95
Trd, 4319788.243, 94
Trd, 4319788.343, 95
Trd, 4319790.843, 95
Trd, 4319791.343, 94
Trd, 4319792.793, 93
Trd, 4319793.293, 96
Trd, 4319796.393, 97
Trd, 4319798.243, 94
Trd, 4319798.893, 97
Trd, 4319799.993, 94
Trd, 4319802.743, 95
Trd, 4319803.993, 93
Trd, 4319804.543, 92
Trd, 4319805.693, 95
Trd, 4319806.043, 92
Trd, 4319806.443, 76
Trd, 4319807.243, 88
Trd, 4319808.343, 94
Trd, 4319809.993, 92
Trd, 4319810.143, 113
Trd, 4319811.743, 102
Trd, 4319812.193, 76
Trd, 4319813.593, 102
Trd, 4319813.993, 99
Trd, 4319815.993, 100
Trd, 4319817.493, 100
Trd, 4319820.293, 99
Trd, 4319820.593, 96
Trd, 4319822.643, 98
Trd, 4319823.593, 97
Trd, 4319825.243, 99
Trd, 4319825.293, 97
Trd, 4319827.343, 96
Trd, 4319827.943, 96
Trd, 4319829.793, 95
Trd, 4319830.043, 94
Trd, 4319831.893, 95
Trd, 4319832.843, 95
Trd, 4319834.543, 95
Trd, 4319836.043, 94
Trd, 4319837.043, 93
Trd, 4319840.543, 95
Trd, 4319842.093, 95
Trd, 4319843.493, 93
Trd, 4319844.393, 93
Trd, 4319845.043, 95
Trd, 4319847.643, 96
Trd, 4319847.993, 96
Trd, 4319851.643, 94
Trd, 4319854.093, 95
Trd, 4319854.243, 94
Trd, 4319855.593, 93
Trd, 4319855.993, 95
Trd, 4319857.643, 93
Trd, 4319858.343, 101
Trd, 4319860.043, 92
Trd, 4319861.443, 92
Trd, 4319862.643, 94
Trd, 4319866.293, 96
Trd, 4319866.443, 90
Trd, 4319866.993, 89
Trd, 4319868.993, 94
Trd, 4319869.943, 94
Trd, 4319870.893, 90
Trd, 4319871.043, 89
Trd, 4319871.493, 97
Trd, 4319872.943, 106
Trd, 4319874.493, 99
Trd, 4319877.293, 95
Trd, 4319877.843, 94
Trd, 4319879.493, 93
Trd, 4319882.043, 95
Trd, 4319883.243, 96
Trd, 4319884.343, 93
Trd, 4319886.543, 92
Trd, 4319887.243, 96
Trd, 4319889.893, 94
Trd, 4319890.843, 96
Trd, 4319893.443, 96
Trd, 4319893.593, 92
Trd, 4319894.593, 92
Trd, 4319897.643, 95
Trd, 4319898.293, 92
Trd, 4319901.943, 100
Trd, 4319904.043, 95
Trd, 4319906.043, 93
Trd, 4319906.843, 95
Trd, 4319908.193, 92
Trd, 4319908.793, 93
Trd, 4319910.143, 92
Trd, 4319912.643, 91
Trd, 4319913.893, 90
Trd, 4319915.793, 92
Trd, 4319917.343, 90
Trd, 4319918.443, 89
Trd, 4319918.993, 93
Trd, 4319921.843, 95
Trd, 4319921.893, 92
Trd, 4319924.293, 92
Trd, 4319925.143, 95
Trd, 4319925.193, 67
Trd, 4319926.643, 84
Trd, 4319927.193, 95
Trd, 4319930.193, 96
Trd, 4319932.443, 92
Trd, 4319933.743, 89
Trd, 4319933.943, 91
Trd, 4319935.093, 92
Trd, 4319937.443, 90
Trd, 4319941.143, 94
Trd, 4319941.393, 94
Trd, 4319941.493, 94
Trd, 4319945.143, 94
Trd, 4319945.343, 94
Trd, 4319945.793, 95
Trd, 4319947.793, 95
Trd, 4319949.643, 96
Trd, 4319951.793, 95
Trd, 4319952.543, 94
Trd, 4319952.743, 96
Trd, 4319954.843, 93
Trd, 4319956.693, 92
Trd, 4319957.643, 95
Trd, 4319959.093, 94
Trd, 4319959.643, 91
Trd, 4319960.993, 90
Trd, 4319964.693, 92
Trd, 4319964.943, 91
Trd, 4319965.093, 90
Trd, 4319967.093, 113
Trd, 4319967.193, 92
Trd, 4319969.093, 103
Trd, 4319970.343, 102
Trd, 4319970.493, 102
Trd, 4319970.993, 95
Trd, 4319971.793, 100
Trd, 4319974.493, 99
Trd, 4319975.143, 98
Trd, 4319975.793, 95
Trd, 4319976.993, 73
Trd, 4319977.743, 94
Trd, 4319978.643, 93
Trd, 4319979.893, 113
Trd, 4319980.193, 95
Trd, 4319984.043, 94
Trd, 4319985.343, 100
Trd, 4319989.243, 94
Trd, 4319989.793, 93
Trd, 4319989.893, 99
Trd, 4319993.393, 93
Trd, 4319994.393, 100
Trd, 4319995.343, 95
Trd, 4319996.843, 100
Trd, 4319997.843, 98
Trd, 4319997.993, 98
