Trd, 4317818.393, 98
Trd, 4317819.343, 97
Trd, 4317822.193, 96
Trd, 4317822.743, 95
Trd, 4317823.043, 97
Trd, 4317824.693, 96
Trd, 4317827.293, 95
Trd, 4317828.193, 95
Trd, 4317831.143, 94
Trd, 4317832.443, 95
Trd, 4317833.943, 93
Trd, 4317835.893, 94
Trd, 4317837.643, 93
Trd, 4317838.393, 95
Trd, 4317840.043, 96
Trd, 4317840.343, 91
Trd, 4317841.893, 94
Trd, 4317843.343, 96
Trd, 4317844.293, 94
Trd, 4317846.143, 94
Trd, 4317846.943, 96
Trd, 4317847.243, 95
Trd, 4317850.793, 94
Trd, 4317851.493, 93
Trd, 4317853.493, 93
Trd, 4317854.543, 92
Trd, 4317854.843, 95
Trd, 4317855.893, 91
Trd, 4317857.643, 90
Trd, 4317859.993, 88
Trd, 4317862.443, 88
Trd, 4317862.843, 95
Trd, 4317863.943, 104
Trd, 4317865.243, 98
Trd, 4317866.393, 105
Trd, 4317866.493, 98
Trd, 4317868.143, 96
Trd, 4317869.893, 94
Trd, 4317870.893, 98
Trd, 4317873.343, 95
Trd, 4317878.893, 95
Trd, 4317879.093, 97
Trd, 4317879.993, 94
Trd, 4317880.443, 85
Trd, 4317882.193, 89
Trd, 4317884.693, 96
Trd, 4317885.893, 90
Trd, 4317886.443, 90
Trd, 4317888.243, 89
Trd, 4317890.743, 96
Trd, 4317893.243, 98
Trd, 4317893.843, 99
Trd, 4317895.293, 98
Trd, 4317896.993, 97
Trd, 4317897.693, 97
Trd, 4317898.443, 96
Trd, 4317899.543, 98
Trd, 4317899.993, 98
Trd, 4317900.493, 87
Trd, 4317905.643, 96
Trd, 4317905.843, 94
Trd, 4317907.293, 92
Trd, 4317908.043, 95
Trd, 4317908.243, 93
Trd, 4317910.893, 102
Trd, 4317915.293, 107
Trd, 4317915.393, 106
Trd, 4317915.493, 104
Trd, 4317917.793, 99
Trd, 4317918.393, 87
Trd, 4317919.843, 95
Trd, 4317920.243, 95
Trd, 4317921.543, 95
Trd, 4317924.093, 96
Trd, 4317926.293, 101
Trd, 4317926.893, 99
Trd, 4317929.093, 98
Trd, 4317929.993, 98
Trd, 4317930.543, 83
Trd, 4317931.193, 94
Trd, 4317934.143, 95
Trd, 4317935.243, 95
Trd, 4317935.693, 94
Trd, 4317935.743, 96
Trd, 4317939.843, 101
Trd, 4317941.093, 100
Trd, 4317941.393, 99
Trd, 4317941.743, 99
Trd, 4317943.643, 98
Trd, 4317945.293, 83
Trd, 4317948.543, 102
Trd, 4317950.893, 102
Trd, 4317951.693, 101
Trd, 4317952.943, 101
Trd, 4317953.443, 99
Trd, 4317955.593, 100
Trd, 4317959.143, 89
Trd, 4317959.293, 82
Trd, 4317961.143, 89
Trd, 4317962.543, 100
Trd, 4317962.693, 89
Trd, 4317964.243, 96
Trd, 4317964.493, 92
Trd, 4317967.493, 92
Trd, 4317968.343, 91
Trd, 4317970.893, 90
Trd, 4317972.643, 94
Trd, 4317973.143, 92
Trd, 4317973.893, 91
Trd, 4317975.643, 95
Trd, 4317976.043, 94
Trd, 4317979.443, 100
Trd, 4317979.643, 98
Trd, 4317980.093, 98
Trd, 4317981.093, 96
Trd, 4317982.393, 99
Trd, 4317982.643, 96
Trd, 4317984.043, 94
Trd, 4317985.593, 94
Trd, 4317986.993, 97
Trd, 4317989.393, 95
Trd, 4317990.293, 94
Trd, 4317993.393, 94
Trd, 4317994.493, 95
Trd, 4317994.693, 95
Trd, 4317996.243, 94
Trd, 4317996.693, 113
Trd, 4317997.393, 99
Trd, 4317997.543, 90
Trd, 4318001.743, 103
Trd, 4318002.493, 100
Trd, 4318003.343, 100
Trd, 4318005.343, 99
Trd, 4318007.193, 100
Trd, 4318008.743, 81
Trd, 4318011.993, 94
Trd, 4318012.193, 94
Trd, 4318013.193, 95
Trd, 4318014.443, 93
Trd, 4318016.543, 91
Trd, 4318020.493, 98
Trd, 4318020.543, 98
Trd, 4318021.193, 98
Trd, 4318021.443, 98
Trd, 4318022.593, 95
Trd, 4318022.643, 89
Trd, 4318023.793, 94
Trd, 4318026.293, 94
Trd, 4318027.693, 102
Trd, 4318029.493, 103
Trd, 4318030.893, 103
Trd, 4318031.843, 102
Trd, 4318032.343, 82
Trd, 4318032.743, 76
Trd, 4318034.743, 104
Trd, 4318039.693, 94
Trd, 4318041.493, 97
Trd, 4318042.543, 93
Trd, 4318045.093, 92
Trd, 4318045.543, 91
Trd, 4318046.643, 85
Trd, 4318048.693, 89
Trd, 4318053.643, 96
Trd, 4318053.743, 90
Trd, 4318055.843, 93
Trd, 4318057.943, 92
Trd, 4318058.943, 93
Trd, 4318059.993, 91
Trd, 4318060.843, 86
Trd, 4318063.793, 89
Trd, 4318063.993, 85
Trd, 4318066.043, 91
Trd, 4318066.243, 87
Trd, 4318068.293, 109
Trd, 4318069.743, 93
Trd, 4318070.593, 92
Trd, 4318070.993, 91
Trd, 4318074.043, 93
Trd, 4318074.593, 94
Trd, 4318076.293, 96
Trd, 4318077.443, 93
Trd, 4318078.443, 95
Trd, 4318078.643, 93
Trd, 4318082.043, 97
Trd, 4318083.093, 106
Trd, 4318083.293, 97
Trd, 4318083.393, 96
Trd, 4318084.243, 98
Trd, 4318084.293, 85
Trd, 4318089.243, 95
Trd, 4318089.293, 98
Trd, 4318089.743, 97
Trd, 4318092.643, 97
Trd, 4318093.243, 98
Trd, 4318095.393, 96
Trd, 4318097.393, 96
Trd, 4318097.493, 95
Trd, 4318097.643, 97
Trd, 4318100.393, 95
Trd, 4318101.343, 94
Trd, 4318106.043, 95
Trd, 4318106.693, 94
Trd, 4318109.743, 94
Trd, 4318110.843, 93
Trd, 4318112.193, 87
Trd, 4318113.443, 102
Trd, 4318114.793, 96
Trd, 4318115.043, 97
Trd, 4318116.743, 96
Trd, 4318120.493, 98
Trd, 4318121.193, 96
Trd, 4318123.393, 97
Trd, 4318124.093, 96
Trd, 4318126.593, 97
Trd, 4318127.693, 97
Trd, 4318127.793, 104
Trd, 4318129.593, 95
Trd, 4318131.593, 94
Trd, 4318132.693, 93
Trd, 4318134.643, 93
Trd, 4318136.393, 93
Trd, 4318136.743, 92
Trd, 4318138.993, 87
Trd, 4318139.243, 92
Trd, 4318142.943, 94
Trd, 4318143.993, 84
Trd, 4318144.643, 91
Trd, 4318146.693, 92
Trd, 4318147.593, 92
Trd, 4318150.693, 91
Trd, 4318152.293, 92
Trd, 4318152.793, 90
Trd, 4318155.143, 91
Trd, 4318156.993, 91
Trd, 4318159.343, 92
Trd, 4318159.693, 91
Trd, 4318161.493, 98
Trd, 4318161.943, 94
Trd, 4318162.943, 93
Trd, 4318163.593, 97
Trd, 4318165.843, 94
Trd, 4318168.093, 95
Trd, 4318171.593, 97
Trd, 4318172.643, 96
Trd, 4318173.043, 92
Trd, 4318175.293, 95
Trd, 4318177.343, 94
Trd, 4318179.743, 95
Trd, 4318181.243, 95
Trd, 4318181.493, 93
Trd, 4318183.543, 95
Trd, 4318183.743, 95
Trd, 4318185.093, 95
Trd, 4318186.543, 94
Trd, 4318188.293, 95
Trd, 4318188.743, 93
Trd, 4318189.543, 94
Trd, 4318192.043, 94
Trd, 4318194.193, 95
Trd, 4318194.943, 99
Trd, 4318195.543, 94
Trd, 4318196.443, 90
Trd, 4318200.693, 96
Trd, 4318201.143, 93
Trd, 4318203.993, 96
Trd, 4318204.543, 93
Trd, 4318204.693, 96
Trd, 4318207.093, 95
Trd, 4318208.043, 94
Trd, 4318209.543, 93
Trd, 4318209.643, 96
Trd, 4318212.343, 91
Trd, 4318213.993, 94
Trd, 4318218.543, 93
Trd, 4318218.793, 93
Trd, 4318221.943, 92
Trd, 4318222.143, 96
Trd, 4318222.193, 85
Trd, 4318224.243, 90
Trd, 4318226.593, 97
Trd, 4318227.493, 96
Trd, 4318228.343, 94
Trd, 4318228.693, 104
Trd, 4318229.343, 95
Trd, 4318234.093, 97
Trd, 4318235.793, 98
Trd, 4318236.093, 98
Trd, 4318238.893, 98
Trd, 4318239.093, 97
Trd, 4318239.793, 102
Trd, 4318241.443, 100
Trd, 4318241.993, 99
Trd, 4318243.043, 98
Trd, 4318245.343, 97
Trd, 4318246.393, 91
Trd, 4318246.793, 86
Trd, 4318247.243, 92
Trd, 4318248.693, 91
Trd, 4318251.743, 90
Trd, 4318253.193, 88
Trd, 4318254.293, 91
Trd, 4318254.993, 89
Trd, 4318255.043, 83
Trd, 4318260.343, 92
Trd, 4318260.893, 92
Trd, 4318262.543, 83
Trd, 4318263.343, 86
Trd, 4318267.193, 94
Trd, 4318269.993, 100
Trd, 4318270.343, 100
Trd, 4318270.993, 99
Trd, 4318271.193, 98
Trd, 4318272.743, 97
Trd, 4318274.793, 95
Trd, 4318275.093, 90
Trd, 4318275.443, 96
Trd, 4318275.593, 104
Trd, 4318277.343, 94
Trd, 4318281.093, 101
Trd, 4318281.143, 99
Trd, 4318282.593, 88
Trd, 4318283.993, 95
Trd, 4318284.893, 94
Trd, 4318286.943, 83
Trd, 4318287.643, 87
Trd, 4318291.543, 91
Trd, 4318291.643, 94
Trd, 4318292.893, 95
Trd, 4318293.893, 94
Trd, 4318297.093, 95
Trd, 4318299.293, 96
Trd, 4318299.343, 95
Trd, 4318299.893, 88
Trd, 4318303.993, 102
Trd, 4318304.793, 98
Trd, 4318304.843, 98
Trd, 4318305.593, 90
Trd, 4318307.593, 98
Trd, 4318308.043, 95
Trd, 4318309.843, 95
Trd, 4318314.793, 97
Trd, 4318315.243, 94
Trd, 4318317.593, 93
Trd, 4318318.993, 86
Trd, 4318320.893, 89
Trd, 4318322.093, 83
Trd, 4318325.443, 91
Trd, 4318325.643, 89
Trd, 4318325.993, 87
Trd, 4318327.543, 87
Trd, 4318327.743, 89
Trd, 4318330.493, 96
Trd, 4318331.293, 96
Trd, 4318333.393, 96
Trd, 4318334.093, 95
Trd, 4318334.443, 93
Trd, 4318336.143, 87
Trd, 4318337.693, 86
Trd, 4318338.043, 87
Trd, 4318338.893, 88
Trd, 4318339.893, 104
Trd, 4318341.743, 93
Trd, 4318344.093, 99
Trd, 4318345.243, 95
Trd, 4318348.443, 96
Trd, 4318349.543, 100
Trd, 4318350.543, 90
Trd, 4318352.893, 94
Trd, 4318353.793, 95
Trd, 4318355.193, 95
Trd, 4318357.143, 94
Trd, 4318357.993, 85
Trd, 4318360.393, 90
Trd, 4318360.993, 90
Trd, 4318363.143, 89
Trd, 4318365.843, 92
Trd, 4318366.943, 92
Trd, 4318368.943, 93
Trd, 4318370.093, 95
Trd, 4318377.193, 92
Trd, 4318377.293, 95
Trd, 4318377.543, 92
Trd, 4318379.693, 91
Trd, 4318380.543, 85
Trd, 4318381.793, 88
Trd, 4318384.643, 94
Trd, 4318385.743, 88
Trd, 4318386.493, 91
Trd, 4318388.693, 93
Trd, 4318388.893, 92
Trd, 4318393.093, 92
Trd, 4318393.893, 92
Trd, 4318393.943, 93
Trd, 4318397.593, 88
Trd, 4318398.943, 91
Trd, 4318399.243, 92
Trd, 4318399.343, 90
Trd, 4318402.393, 86
Trd, 4318403.093, 86
Trd, 4318404.243, 91
Trd, 4318406.893, 95
Trd, 4318407.543, 94
Trd, 4318407.593, 94
Trd, 4318409.743, 104
Trd, 4318411.693, 100
Trd, 4318413.393, 94
Trd, 4318414.743, 99
Trd, 4318415.993, 84
Trd, 4318416.593, 93
Trd, 4318418.743, 87
Trd, 4318420.243, 89
Trd, 4318420.743, 86
Trd, 4318421.443, 86
Trd, 4318423.443, 85
Trd, 4318423.943, 88
Trd, 4318425.393, 88
Trd, 4318427.893, 90
Trd, 4318429.293, 95
Trd, 4318430.493, 88
Trd, 4318432.043, 93
Trd, 4318433.893, 103
Trd, 4318434.143, 100
Trd, 4318434.493, 94
Trd, 4318435.393, 96
Trd, 4318437.893, 97
Trd, 4318439.793, 94
Trd, 4318440.043, 91
Trd, 4318443.943, 93
Trd, 4318445.143, 92
Trd, 4318446.143, 96
Trd, 4318451.343, 96
Trd, 4318452.193, 96
Trd, 4318453.343, 96
Trd, 4318456.843, 100
Trd, 4318457.293, 99
Trd, 4318457.743, 98
Trd, 4318458.793, 98
Trd, 4318459.493, 96
Trd, 4318461.593, 87
Trd, 4318462.843, 97
Trd, 4318463.743, 101
Trd, 4318464.793, 100
Trd, 4318467.293, 88
Trd, 4318468.843, 95
Trd, 4318469.393, 94
Trd, 4318471.343, 87
Trd, 4318472.093, 90
Trd, 4318473.993, 92
Trd, 4318477.243, 101
Trd, 4318478.493, 99
Trd, 4318478.943, 99
Trd, 4318480.343, 88
Trd, 4318484.343, 95
Trd, 4318485.243, 91
Trd, 4318486.243, 92
Trd, 4318486.843, 95
Trd, 4318488.793, 94
Trd, 4318490.593, 100
Trd, 4318491.393, 98
Trd, 4318493.493, 100
Trd, 4318494.043, 97
Trd, 4318497.043, 88
Trd, 4318498.293, 95
Trd, 4318499.893, 86
Trd, 4318502.093, 96
Trd, 4318503.843, 95
Trd, 4318504.343, 95
Trd, 4318505.493, 85
Trd, 4318506.943, 91
Trd, 4318508.593, 97
Trd, 4318510.593, 98
Trd, 4318513.393, 98
Trd, 4318513.993, 99
Trd, 4318516.043, 99
Trd, 4318517.443, 98
Trd, 4318518.143, 97
Trd, 4318519.543, 96
Trd, 4318521.543, 95
Trd, 4318524.943, 93
Trd, 4318525.693, 96
Trd, 4318526.343, 93
Trd, 4318526.543, 93
Trd, 4318528.943, 91
Trd, 4318530.943, 91
Trd, 4318531.993, 94
Trd, 4318533.043, 96
Trd, 4318535.993, 86
Trd, 4318537.043, 94
Trd, 4318539.693, 98
Trd, 4318540.343, 99
Trd, 4318540.793, 96
Trd, 4318542.293, 96
Trd, 4318545.343, 96
Trd, 4318546.543, 91
Trd, 4318548.193, 82
Trd, 4318549.043, 87
Trd, 4318550.393, 90
Trd, 4318551.143, 85
Trd, 4318552.893, 93
Trd, 4318554.343, 94
Trd, 4318556.193, 100
Trd, 4318557.193, 97
Trd, 4318558.043, 94
Trd, 4318561.093, 86
Trd, 4318561.493, 96
Trd, 4318563.493, 95
Trd, 4318565.843, 100
Trd, 4318566.593, 99
Trd, 4318567.843, 97
Trd, 4318570.193, 97
Trd, 4318570.993, 97
Trd, 4318576.843, 96
Trd, 4318577.043, 96
Trd, 4318578.043, 95
Trd, 4318578.993, 94
Trd, 4318581.043, 95
Trd, 4318582.793, 93
Trd, 4318582.893, 97
Trd, 4318586.743, 92
Trd, 4318586.793, 92
Trd, 4318587.393, 85
Trd, 4318588.993, 92
Trd, 4318592.943, 96
Trd, 4318595.443, 97
Trd, 4318595.493, 96
Trd, 4318597.443, 95
Trd, 4318599.643, 94
Trd, 4318600.243, 103
Trd, 4318602.243, 104
Trd, 4318602.543, 103
Trd, 4318603.193, 103
Trd, 4318604.143, 103
Trd, 4318605.943, 102
Trd, 4318606.993, 100
Trd, 4318607.243, 100
Trd, 4318609.793, 99
Trd, 4318612.493, 99
Trd, 4318612.593, 99
Trd, 4318615.593, 87
Trd, 4318616.443, 94
Trd, 4318618.843, 93
Trd, 4318619.943, 92
Trd, 4318621.243, 97
Trd, 4318621.843, 96
Trd, 4318627.043, 96
Trd, 4318627.993, 96
Trd, 4318628.743, 87
Trd, 4318632.793, 91
Trd, 4318632.943, 103
Trd, 4318633.043, 97
Trd, 4318633.543, 95
Trd, 4318635.593, 86
Trd, 4318636.393, 91
Trd, 4318638.793, 93
Trd, 4318640.143, 95
Trd, 4318641.293, 88
Trd, 4318642.393, 84
Trd, 4318646.393, 92
Trd, 4318647.443, 94
Trd, 4318647.943, 92
Trd, 4318649.593, 82
Trd, 4318653.793, 89
Trd, 4318655.693, 88
Trd, 4318656.593, 88
Trd, 4318656.893, 88
Trd, 4318658.693, 98
Trd, 4318659.993, 90
Trd, 4318662.893, 87
Trd, 4318663.943, 90
Trd, 4318665.093, 87
Trd, 4318666.293, 89
Trd, 4318667.693, 88
Trd, 4318668.693, 95
Trd, 4318671.043, 91
Trd, 4318671.743, 85
Trd, 4318672.993, 90
Trd, 4318674.693, 92
Trd, 4318675.643, 95
Trd, 4318677.343, 92
Trd, 4318679.143, 93
Trd, 4318684.443, 92
Trd, 4318686.243, 93
Trd, 4318686.943, 93
Trd, 4318687.543, 94
Trd, 4318687.593, 94
Trd, 4318691.543, 101
Trd, 4318692.643, 101
Trd, 4318694.643, 100
Trd, 4318694.693, 75
Trd, 4318695.143, 97
Trd, 4318696.443, 89
Trd, 4318697.593, 92
Trd, 4318698.593, 91
Trd, 4318700.393, 99
Trd, 4318701.543, 95
Trd, 4318703.243, 104
Trd, 4318703.843, 94
Trd, 4318705.193, 93
Trd, 4318706.243, 96
Trd, 4318706.393, 74
Trd, 4318711.193, 90
Trd, 4318712.543, 97
Trd, 4318713.493, 96
Trd, 4318715.393, 94
Trd, 4318716.843, 94
Trd, 4318720.243, 93
Trd, 4318721.293, 89
Trd, 4318722.093, 80
Trd, 4318723.493, 91
Trd, 4318725.093, 100
Trd, 4318725.393, 104
Trd, 4318726.593, 98
Trd, 4318727.443, 97
Trd, 4318729.743, 97
Trd, 4318731.443, 96
Trd, 4318734.543, 95
Trd, 4318737.093, 95
Trd, 4318740.543, 95
Trd, 4318741.593, 93
Trd, 4318743.643, 92
Trd, 4318744.443, 97
Trd, 4318747.393, 96
Trd, 4318747.843, 95
Trd, 4318748.193, 95
Trd, 4318750.743, 94
Trd, 4318754.893, 94
Trd, 4318754.993, 97
Trd, 4318756.393, 93
Trd, 4318760.493, 92
Trd, 4318761.143, 97
Trd, 4318761.993, 95
Trd, 4318764.743, 92
Trd, 4318766.043, 96
Trd, 4318767.993, 98
Trd, 4318769.343, 96
Trd, 4318771.093, 95
Trd, 4318775.893, 93
Trd, 4318777.743, 93
Trd, 4318780.693, 92
Trd, 4318781.243, 93
Trd, 4318786.993, 93
Trd, 4318787.143, 92
Trd, 4318787.193, 91
Trd, 4318788.543, 91
Trd, 4318790.393, 92
Trd, 4318792.443, 93
Trd, 4318793.443, 93
Trd, 4318794.193, 102
Trd, 4318794.743, 100
Trd, 4318794.943, 96
Trd, 4318796.893, 86
Trd, 4318798.143, 93
Trd, 4318801.443, 93
Trd, 4318802.243, 92
Trd, 4318807.393, 91
Trd, 4318808.293, 91
Trd, 4318808.543, 89
Trd, 4318810.943, 93
Trd, 4318812.643, 90
Trd, 4318814.193, 89
Trd, 4318814.243, 85
Trd, 4318815.993, 94
Trd, 4318818.093, 94
Trd, 4318818.243, 94
Trd, 4318820.593, 93
Trd, 4318821.343, 94
Trd, 4318823.143, 93
Trd, 4318824.193, 94
Trd, 4318827.093, 92
Trd, 4318827.493, 92
Trd, 4318827.543, 94
Trd, 4318828.293, 90
Trd, 4318832.493, 94
Trd, 4318835.043, 90
Trd, 4318836.693, 90
Trd, 4318837.943, 89
Trd, 4318839.143, 94
Trd, 4318839.243, 88
Trd, 4318843.143, 92
Trd, 4318846.893, 96
Trd, 4318847.693, 103
Trd, 4318849.143, 99
Trd, 4318849.943, 101
Trd, 4318851.643, 101
Trd, 4318851.843, 99
Trd, 4318853.343, 97
Trd, 4318854.193, 88
Trd, 4318855.993, 94
Trd, 4318857.393, 95
Trd, 4318862.193, 95
Trd, 4318862.693, 95
Trd, 4318865.293, 91
Trd, 4318867.443, 92
Trd, 4318868.193, 91
Trd, 4318871.743, 89
Trd, 4318874.593, 89
Trd, 4318877.493, 91
Trd, 4318877.543, 91
Trd, 4318878.443, 90
Trd, 4318879.593, 94
Trd, 4318879.743, 89
Trd, 4318882.943, 86
Trd, 4318884.393, 97
Trd, 4318884.743, 93
Trd, 4318885.593, 93
Trd, 4318886.443, 89
Trd, 4318887.493, 104
Trd, 4318890.193, 93
Trd, 4318893.993, 92
Trd, 4318894.043, 93
Trd, 4318895.893, 92
Trd, 4318896.593, 93
Trd, 4318898.793, 91
Trd, 4318899.893, 104
Trd, 4318900.593, 92
Trd, 4318902.343, 100
Trd, 4318903.643, 104
Trd, 4318905.193, 102
Trd, 4318906.193, 104
Trd, 4318908.243, 102
Trd, 4318908.493, 102
Trd, 4318910.443, 86
Trd, 4318911.093, 87
Trd, 4318912.893, 93
Trd, 4318913.293, 92
Trd, 4318913.543, 85
Trd, 4318913.593, 104
Trd, 4318915.343, 89
Trd, 4318917.393, 104
Trd, 4318919.143, 89
Trd, 4318921.743, 99
Trd, 4318923.043, 104
Trd, 4318924.493, 106
Trd, 4318924.693, 109
Trd, 4318927.043, 108
Trd, 4318927.743, 108
Trd, 4318928.493, 85
Trd, 4318934.243, 99
Trd, 4318934.643, 99
Trd, 4318936.193, 98
Trd, 4318937.493, 103
Trd, 4318939.243, 96
Trd, 4318940.893, 97
Trd, 4318942.093, 95
Trd, 4318942.643, 95
Trd, 4318945.043, 94
Trd, 4318946.043, 104
Trd, 4318947.693, 95
Trd, 4318948.893, 94
Trd, 4318951.043, 97
Trd, 4318951.193, 95
Trd, 4318954.293, 96
Trd, 4318955.943, 101
Trd, 4318956.043, 95
Trd, 4318957.543, 94
Trd, 4318958.443, 93
Trd, 4318963.493, 97
Trd, 4318963.593, 95
Trd, 4318965.843, 98
Trd, 4318968.943, 102
Trd, 4318968.993, 87
Trd, 4318969.843, 91
Trd, 4318970.593, 95
Trd, 4318972.593, 95
Trd, 4318973.093, 94
Trd, 4318975.143, 93
Trd, 4318976.443, 91
Trd, 4318977.893, 84
Trd, 4318980.743, 87
Trd, 4318981.043, 94
Trd, 4318984.293, 91
Trd, 4318985.593, 91
Trd, 4318986.993, 92
Trd, 4318990.043, 97
Trd, 4318990.543, 96
Trd, 4318991.643, 85
Trd, 4318993.693, 94
Trd, 4318994.793, 93
Trd, 4318996.043, 95
Trd, 4318996.693, 95
Trd, 4318999.143, 94
Trd, 4319000.743, 94
Trd, 4319001.643, 93
Trd, 4319002.493, 94
Trd, 4319002.893, 93
Trd, 4319006.343, 92
Trd, 4319007.293, 91
Trd, 4319007.943, 94
Trd, 4319009.743, 99
Trd, 4319012.143, 99
Trd, 4319013.243, 95
Trd, 4319016.793, 98
Trd, 4319018.793, 97
Trd, 4319019.593, 96
Trd, 4319020.043, 95
Trd, 4319021.493, 97
Trd, 4319025.493, 95
Trd, 4319027.043, 95
Trd, 4319027.443, 96
Trd, 4319027.893, 96
Trd, 4319030.643, 99
Trd, 4319033.143, 98
Trd, 4319033.943, 98
Trd, 4319034.393, 84
Trd, 4319035.943, 96
Trd, 4319038.393, 99
Trd, 4319038.993, 100
Trd, 4319041.493, 99
Trd, 4319042.143, 93
Trd, 4319044.793, 96
Trd, 4319048.743, 98
Trd, 4319051.393, 98
Trd, 4319053.593, 98
Trd, 4319054.143, 93
Trd, 4319054.593, 87
Trd, 4319056.543, 90
Trd, 4319058.843, 96
Trd, 4319060.493, 96
Trd, 4319062.793, 95
Trd, 4319063.593, 104
Trd, 4319066.043, 99
Trd, 4319067.893, 99
Trd, 4319069.843, 99
Trd, 4319075.543, 97
Trd, 4319076.243, 96
Trd, 4319077.743, 100
Trd, 4319079.743, 104
Trd, 4319080.543, 100
Trd, 4319080.593, 84
Trd, 4319080.943, 99
Trd, 4319083.243, 90
Trd, 4319084.243, 93
Trd, 4319088.843, 98
Trd, 4319089.943, 98
Trd, 4319091.293, 97
Trd, 4319092.393, 87
Trd, 4319093.143, 92
Trd, 4319093.843, 92
Trd, 4319095.193, 93
Trd, 4319097.743, 95
Trd, 4319098.443, 95
Trd, 4319098.543, 93
Trd, 4319100.693, 83
Trd, 4319101.293, 91
Trd, 4319101.593, 87
Trd, 4319104.143, 94
Trd, 4319106.343, 91
Trd, 4319107.993, 94
Trd, 4319108.743, 91
Trd, 4319111.693, 94
Trd, 4319112.443, 92
Trd, 4319112.943, 94
Trd, 4319113.743, 85
Trd, 4319117.343, 95
Trd, 4319118.693, 94
Trd, 4319119.793, 94
Trd, 4319120.843, 93
Trd, 4319120.943, 93
Trd, 4319122.443, 101
Trd, 4319124.793, 99
Trd, 4319126.443, 99
Trd, 4319127.443, 98
Trd, 4319127.593, 98
Trd, 4319128.943, 98
Trd, 4319130.493, 96
Trd, 4319132.343, 94
Trd, 4319133.193, 96
Trd, 4319133.443, 95
Trd, 4319134.793, 94
Trd, 4319137.243, 96
Trd, 4319138.443, 94
Trd, 4319138.793, 93
Trd, 4319139.643, 93
Trd, 4319143.143, 95
Trd, 4319145.343, 96
Trd, 4319149.443, 94
Trd, 4319150.043, 96
Trd, 4319153.593, 99
Trd, 4319154.543, 97
Trd, 4319155.043, 97
Trd, 4319156.493, 99
Trd, 4319158.043, 96
Trd, 4319158.743, 97
Trd, 4319161.593, 103
Trd, 4319161.643, 98
Trd, 4319162.993, 98
Trd, 4319164.293, 104
Trd, 4319164.493, 102
Trd, 4319165.643, 101
Trd, 4319166.743, 101
Trd, 4319168.443, 100
Trd, 4319170.593, 107
Trd, 4319172.243, 106
Trd, 4319172.993, 105
Trd, 4319175.743, 103
Trd, 4319178.043, 92
Trd, 4319179.143, 100
Trd, 4319179.893, 99
Trd, 4319184.243, 97
Trd, 4319184.793, 96
Trd, 4319185.643, 96
Trd, 4319188.493, 101
Trd, 4319189.093, 84
Trd, 4319191.193, 101
Trd, 4319192.943, 103
Trd, 4319194.743, 102
Trd, 4319195.893, 101
Trd, 4319197.293, 82
Trd, 4319198.943, 98
Trd, 4319200.493, 95
Trd, 4319204.093, 94
Trd, 4319204.843, 94
Trd, 4319207.243, 95
Trd, 4319207.893, 94
Trd, 4319207.993, 94
Trd, 4319210.343, 93
Trd, 4319213.593, 93
Trd, 4319214.743, 96
Trd, 4319215.443, 93
Trd, 4319217.293, 92
Trd, 4319219.893, 92
Trd, 4319220.343, 91
Trd, 4319221.843, 89
Trd, 4319222.393, 88
Trd, 4319222.943, 91
Trd, 4319225.993, 95
Trd, 4319226.843, 104
Trd, 4319228.443, 96
Trd, 4319229.893, 106
Trd, 4319230.043, 102
Trd, 4319231.093, 104
Trd, 4319234.643, 92
Trd, 4319235.493, 98
Trd, 4319236.243, 97
Trd, 4319237.043, 91
Trd, 4319239.943, 94
Trd, 4319244.743, 94
Trd, 4319245.243, 94
Trd, 4319245.743, 94
Trd, 4319246.493, 85
Trd, 4319248.393, 92
Trd, 4319250.243, 98
Trd, 4319250.793, 99
Trd, 4319252.543, 97
Trd, 4319255.393, 103
Trd, 4319256.243, 101
Trd, 4319256.593, 101
Trd, 4319257.693, 89
Trd, 4319258.093, 104
Trd, 4319259.543, 96
Trd, 4319261.043, 98
Trd, 4319262.043, 95
Trd, 4319263.293, 96
Trd, 4319264.993, 98
Trd, 4319266.743, 95
Trd, 4319267.893, 96
Trd, 4319271.843, 96
Trd, 4319272.443, 98
Trd, 4319273.543, 98
Trd, 4319276.093, 104
Trd, 4319276.943, 95
Trd, 4319277.893, 95
Trd, 4319279.143, 95
Trd, 4319280.343, 113
Trd, 4319281.843, 101
Trd, 4319284.143, 102
Trd, 4319284.443, 101
Trd, 4319286.543, 100
Trd, 4319289.593, 98
Trd, 4319291.243, 92
Trd, 4319291.893, 89
Trd, 4319292.393, 92
Trd, 4319293.843, 91
Trd, 4319296.793, 90
Trd, 4319298.093, 89
Trd, 4319298.193, 94
Trd, 4319302.093, 88
Trd, 4319303.093, 93
Trd, 4319304.943, 94
Trd, 4319305.093, 89
Trd, 4319306.143, 88
Trd, 4319310.193, 94
Trd, 4319310.643, 87
Trd, 4319312.193, 88
Trd, 4319313.093, 85
Trd, 4319313.393, 91
Trd, 4319315.093, 90
Trd, 4319315.543, 104
Trd, 4319320.243, 87
Trd, 4319321.443, 90
Trd, 4319321.743, 99
Trd, 4319324.043, 97
Trd, 4319324.393, 97
Trd, 4319326.493, 99
Trd, 4319327.093, 98
Trd, 4319329.343, 97
Trd, 4319331.043, 94
Trd, 4319331.793, 96
Trd, 4319334.443, 95
Trd, 4319334.843, 96
Trd, 4319335.493, 95
Trd, 4319339.743, 95
Trd, 4319341.943, 95
Trd, 4319342.993, 94
Trd, 4319345.043, 93
Trd, 4319346.193, 92
Trd, 4319346.893, 94
Trd, 4319349.943, 93
Trd, 4319350.743, 94
Trd, 4319351.843, 100
Trd, 4319352.893, 98
Trd, 4319353.593, 97
Trd, 4319355.093, 96
Trd, 4319356.343, 94
Trd, 4319358.993, 95
Trd, 4319362.293, 94
Trd, 4319363.993, 96
Trd, 4319364.293, 93
Trd, 4319366.493, 95
Trd, 4319366.643, 93
Trd, 4319369.293, 92
Trd, 4319369.493, 79
Trd, 4319370.593, 87
Trd, 4319372.543, 91
Trd, 4319372.743, 86
Trd, 4319374.693, 98
Trd, 4319374.843, 94
Trd, 4319377.393, 93
Trd, 4319377.493, 91
Trd, 4319379.493, 92
Trd, 4319380.793, 85
Trd, 4319381.193, 86
Trd, 4319383.793, 98
Trd, 4319385.043, 95
Trd, 4319385.643, 95
Trd, 4319387.443, 95
Trd, 4319389.793, 95
Trd, 4319390.593, 94
Trd, 4319392.593, 95
Trd, 4319393.693, 92
Trd, 4319394.093, 104
Trd, 4319396.193, 95
Trd, 4319398.093, 96
Trd, 4319400.693, 95
Trd, 4319401.893, 86
Trd, 4319402.143, 88
Trd, 4319402.493, 89
Trd, 4319404.043, 94
Trd, 4319404.793, 90
Trd, 4319406.793, 100
Trd, 4319408.393, 100
Trd, 4319408.893, 100
Trd, 4319409.043, 99
Trd, 4319412.993, 101
Trd, 4319413.293, 99
Trd, 4319413.343, 82
Trd, 4319414.343, 96
Trd, 4319417.493, 95
Trd, 4319421.643, 94
Trd, 4319422.343, 94
Trd, 4319425.643, 94
Trd, 4319427.393, 94
Trd, 4319427.943, 92
Trd, 4319430.643, 94
Trd, 4319433.943, 92
Trd, 4319435.793, 92
Trd, 4319435.993, 91
Trd, 4319439.093, 91
Trd, 4319440.693, 92
Trd, 4319443.343, 93
Trd, 4319443.693, 90
Trd, 4319444.743, 93
Trd, 4319445.093, 91
Trd, 4319447.893, 102
Trd, 4319449.293, 97
Trd, 4319451.893, 96
Trd, 4319453.843, 86
Trd, 4319454.043, 94
Trd, 4319455.993, 95
Trd, 4319458.743, 99
Trd, 4319458.993, 98
Trd, 4319459.893, 96
Trd, 4319459.993, 92
Trd, 4319461.643, 86
Trd, 4319462.043, 98
Trd, 4319463.093, 91
Trd, 4319466.043, 85
Trd, 4319467.443, 93
Trd, 4319468.043, 93
Trd, 4319472.243, 96
Trd, 4319472.993, 96
Trd, 4319474.643, 101
Trd, 4319474.693, 102
Trd, 4319475.093, 98
Trd, 4319477.643, 98
Trd, 4319479.393, 97
Trd, 4319480.693, 97
Trd, 4319481.743, 98
Trd, 4319481.943, 97
Trd, 4319484.643, 96
Trd, 4319485.343, 98
Trd, 4319486.243, 84
Trd, 4319486.843, 93
Trd, 4319487.493, 79
Trd, 4319490.293, 88
Trd, 4319491.993, 94
Trd, 4319493.193, 90
Trd, 4319494.793, 96
Trd, 4319496.243, 96
Trd, 4319496.693, 96
Trd, 4319499.993, 98
Trd, 4319501.393, 98
Trd, 4319501.543, 105
Trd, 4319503.643, 104
Trd, 4319504.143, 105
Trd, 4319504.743, 106
Trd, 4319506.743, 102
Trd, 4319507.443, 95
Trd, 4319508.643, 104
Trd, 4319510.243, 102
Trd, 4319515.143, 103
Trd, 4319515.943, 103
Trd, 4319516.893, 103
Trd, 4319517.543, 101
Trd, 4319519.393, 99
Trd, 4319520.243, 83
Trd, 4319521.043, 83
Trd, 4319524.143, 92
Trd, 4319524.243, 93
Trd, 4319524.493, 92
Trd, 4319526.143, 104
Trd, 4319526.643, 102
Trd, 4319527.493, 101
Trd, 4319527.593, 83
Trd, 4319531.293, 97
Trd, 4319533.443, 96
Trd, 4319534.493, 95
Trd, 4319535.043, 94
Trd, 4319537.293, 97
Trd, 4319537.843, 92
Trd, 4319538.243, 92
Trd, 4319540.093, 86
Trd, 4319543.193, 92
Trd, 4319543.393, 95
Trd, 4319544.943, 91
Trd, 4319545.893, 104
Trd, 4319545.993, 90
Trd, 4319548.393, 89
Trd, 4319550.843, 93
Trd, 4319553.143, 93
Trd, 4319553.393, 89
Trd, 4319553.443, 90
Trd, 4319555.993, 92
Trd, 4319560.443, 88
Trd, 4319560.493, 92
Trd, 4319562.143, 95
Trd, 4319562.593, 94
Trd, 4319565.193, 96
Trd, 4319567.193, 95
Trd, 4319569.693, 94
Trd, 4319571.043, 94
Trd, 4319573.243, 73
Trd, 4319574.643, 95
Trd, 4319576.893, 93
Trd, 4319577.093, 91
Trd, 4319580.143, 94
Trd, 4319582.443, 91
Trd, 4319582.943, 95
Trd, 4319584.593, 98
Trd, 4319584.993, 95
Trd, 4319586.193, 96
Trd, 4319590.743, 95
Trd, 4319591.593, 95
Trd, 4319592.143, 96
Trd, 4319592.793, 95
Trd, 4319593.343, 96
Trd, 4319594.843, 96
Trd, 4319595.993, 96
Trd, 4319599.893, 96
Trd, 4319600.343, 96
Trd, 4319601.093, 96
Trd, 4319606.393, 101
Trd, 4319606.443, 101
Trd, 4319607.093, 100
Trd, 4319607.893, 91
Trd, 4319611.243, 95
Trd, 4319611.593, 100
Trd, 4319612.793, 98
Trd, 4319612.943, 97
Trd, 4319614.743, 86
Trd, 4319618.393, 93
Trd, 4319621.443, 93
Trd, 4319621.593, 96
Trd, 4319622.143, 93
Trd, 4319622.493, 94
Trd, 4319624.443, 91
Trd, 4319625.093, 92
Trd, 4319627.043, 91
Trd, 4319630.093, 94
Trd, 4319631.643, 90
Trd, 4319631.993, 89
Trd, 4319634.993, 91
Trd, 4319637.543, 91
Trd, 4319638.743, 90
Trd, 4319639.943, 91
Trd, 4319641.393, 93
Trd, 4319642.443, 91
Trd, 4319643.793, 104
Trd, 4319645.243, 90
Trd, 4319645.743, 89
Trd, 4319647.993, 94
Trd, 4319648.043, 88
Trd, 4319652.793, 91
Trd, 4319653.693, 101
Trd, 4319654.693, 98
Trd, 4319657.593, 99
Trd, 4319658.743, 99
Trd, 4319659.993, 97
Trd, 4319660.393, 103
Trd, 4319661.643, 98
Trd, 4319663.243, 98
Trd, 4319663.893, 89
Trd, 4319665.843, 100
Trd, 4319667.093, 98
Trd, 4319669.993, 97
Trd, 4319671.293, 96
Trd, 4319673.343, 98
Trd, 4319673.493, 95
Trd, 4319675.043, 95
Trd, 4319677.743, 94
Trd, 4319678.293, 92
Trd, 4319680.993, 85
Trd, 4319682.293, 90
Trd, 4319684.943, 89
Trd, 4319688.393, 89
Trd, 4319689.593, 90
Trd, 4319690.343, 89
Trd, 4319690.793, 94
Trd, 4319693.443, 96
Trd, 4319695.443, 95
Trd, 4319696.743, 94
Trd, 4319696.993, 93
Trd, 4319699.193, 84
Trd, 4319702.743, 93
Trd, 4319703.693, 91
Trd, 4319705.143, 94
Trd, 4319705.243, 104
Trd, 4319705.393, 90
Trd, 4319707.293, 96
Trd, 4319711.593, 89
Trd, 4319712.643, 87
Trd, 4319714.893, 86
Trd, 4319716.843, 86
Trd, 4319718.193, 87
Trd, 4319718.793, 88
Trd, 4319720.843, 102
Trd, 4319722.143, 90
Trd, 4319723.293, 96
Trd, 4319725.893, 97
Trd, 4319726.743, 96
Trd, 4319727.943, 95
Trd, 4319728.993, 94
Trd, 4319729.543, 94
Trd, 4319733.043, 89
Trd, 4319734.193, 87
Trd, 4319734.543, 91
Trd, 4319737.193, 94
Trd, 4319738.193, 94
Trd, 4319738.243, 92
Trd, 4319742.243, 93
Trd, 4319745.643, 101
Trd, 4319745.693, 99
Trd, 4319745.793, 85
Trd, 4319747.693, 94
Trd, 4319750.393, 94
Trd, 4319751.243, 95
Trd, 4319754.793, 95
Trd, 4319756.593, 104
Trd, 4319757.443, 105
Trd, 4319757.893, 106
Trd, 4319759.593, 106
Trd, 4319759.693, 103
Trd, 4319760.093, 99
Trd, 4319760.693, 84
Trd, 4319761.993, 82
Trd, 4319763.643, 96
Trd, 4319766.793, 101
Trd, 4319768.443, 101
Trd, 4319769.193, 100
Trd, 4319769.743, 99
Trd, 4319770.393, 99
Trd, 4319771.843, 106
Trd, 4319773.543, 99
Trd, 4319776.193, 98
Trd, 4319776.593, 98
Trd, 4319776.743, 100
Trd, 4319778.443, 104
Trd, 4319778.893, 99
Trd, 4319779.343, 86
Trd, 4319784.893, 102
Trd, 4319784.993, 100
Trd, 4319785.743, 100
Trd, 4319787.393, 104
Trd, 4319788.193, 98
Trd, 4319789.893, 101
Trd, 4319791.193, 104
Trd, 4319794.143, 87
Trd, 4319794.443, 94
Trd, 4319794.893, 96
Trd, 4319796.543, 95
Trd, 4319798.143, 97
Trd, 4319798.993, 94
Trd, 4319800.793, 94
Trd, 4319800.843, 92
Trd, 4319801.893, 90
Trd, 4319803.793, 89
Trd, 4319807.443, 92
Trd, 4319808.343, 90
Trd, 4319811.543, 89
Trd, 4319814.193, 92
Trd, 4319814.343, 91
Trd, 4319817.043, 90
Trd, 4319818.743, 95
Trd, 4319818.793, 94
Trd, 4319821.043, 96
Trd, 4319821.493, 95
Trd, 4319822.493, 98
Trd, 4319823.093, 98
Trd, 4319825.693, 96
Trd, 4319826.743, 86
Trd, 4319829.443, 94
Trd, 4319831.293, 97
Trd, 4319832.443, 95
Trd, 4319832.993, 96
Trd, 4319834.993, 87
Trd, 4319836.393, 100
Trd, 4319837.493, 96
Trd, 4319837.793, 95
Trd, 4319837.893, 93
Trd, 4319840.143, 92
Trd, 4319840.743, 81
Trd, 4319841.193, 77
Trd, 4319842.593, 113
Trd, 4319843.993, 97
Trd, 4319845.993, 98
Trd, 4319848.043, 99
Trd, 4319849.143, 97
Trd, 4319850.693, 98
Trd, 4319851.243, 98
Trd, 4319851.443, 86
Trd, 4319852.693, 94
Trd, 4319854.493, 95
Trd, 4319855.543, 99
Trd, 4319858.243, 101
Trd, 4319858.593, 101
Trd, 4319860.043, 85
Trd, 4319860.943, 96
Trd, 4319862.843, 104
Trd, 4319864.093, 97
Trd, 4319864.443, 95
Trd, 4319866.143, 77
Trd, 4319871.093, 95
Trd, 4319872.993, 95
Trd, 4319873.393, 103
Trd, 4319874.243, 100
Trd, 4319875.943, 100
Trd, 4319877.343, 99
Trd, 4319879.093, 103
Trd, 4319879.293, 99
Trd, 4319880.393, 101
Trd, 4319881.893, 100
Trd, 4319886.693, 99
Trd, 4319887.343, 99
Trd, 4319888.693, 97
Trd, 4319889.643, 97
Trd, 4319892.493, 101
Trd, 4319893.143, 101
Trd, 4319893.793, 100
Trd, 4319896.393, 100
Trd, 4319896.543, 100
Trd, 4319898.493, 98
Trd, 4319899.843, 85
Trd, 4319900.743, 85
Trd, 4319901.293, 90
Trd, 4319907.443, 89
Trd, 4319909.293, 88
Trd, 4319911.193, 86
Trd, 4319912.993, 91
Trd, 4319916.793, 87
Trd, 4319918.293, 89
Trd, 4319921.943, 96
Trd, 4319924.043, 101
Trd, 4319924.093, 98
Trd, 4319924.343, 95
Trd, 4319927.843, 95
Trd, 4319927.943, 93
Trd, 4319929.543, 99
Trd, 4319930.993, 99
Trd, 4319931.743, 98
Trd, 4319933.393, 97
Trd, 4319937.293, 101
Trd, 4319937.343, 97
Trd, 4319937.993, 96
Trd, 4319941.343, 96
Trd, 4319942.243, 86
Trd, 4319943.143, 92
Trd, 4319946.593, 91
Trd, 4319947.143, 90
Trd, 4319947.243, 93
Trd, 4319949.393, 90
Trd, 4319951.543, 104
Trd, 4319953.293, 99
Trd, 4319954.493, 100
Trd, 4319954.693, 87
Trd, 4319954.793, 85
Trd, 4319956.393, 97
Trd, 4319957.293, 97
Trd, 4319959.743, 97
Trd, 4319959.993, 87
Trd, 4319962.493, 96
Trd, 4319963.743, 105
Trd, 4319964.043, 98
Trd, 4319965.743, 84
Trd, 4319968.943, 98
Trd, 4319969.593, 97
Trd, 4319970.793, 96
Trd, 4319971.143, 96
Trd, 4319971.793, 83
Trd, 4319973.693, 89
Trd, 4319973.943, 97
Trd, 4319976.943, 104
Trd, 4319977.243, 94
Trd, 4319979.743, 98
Trd, 4319980.393, 98
Trd, 4319981.843, 92
Trd, 4319982.943, 95
Trd, 4319985.443, 94
Trd, 4319989.043, 95
Trd, 4319989.243, 94
Trd, 4319991.643, 92
Trd, 4319994.193, 91
Trd, 4319995.393, 90
Trd, 4319999.743, 94
