Trd, 4317822.943, 93
Trd, 4317823.193, 98
Trd, 4317826.693, 93
Trd, 4317826.993, 93
Trd, 4317827.193, 98
Trd, 4317827.643, 98
Trd, 4317828.493, 104
Trd, 4317830.193, 97
Trd, 4317830.893, 92
Trd, 4317832.843, 95
Trd, 4317833.443, 92
Trd, 4317836.293, 95
Trd, 4317837.393, 106
Trd, 4317838.093, 97
Trd, 4317838.443, 94
Trd, 4317839.793, 95
Trd, 4317840.943, 93
Trd, 4317842.543, 97
Trd, 4317842.643, 106
Trd, 4317843.393, 95
Trd, 4317845.693, 98
Trd, 4317846.793, 94
Trd, 4317847.243, 92
Trd, 4317848.943, 98
Trd, 4317852.493, 98
Trd, 4317853.543, 94
Trd, 4317853.843, 93
Trd, 4317854.793, 106
Trd, 4317855.743, 92
Trd, 4317858.993, 95
Trd, 4317859.493, 98
Trd, 4317862.793, 94
Trd, 4317863.543, 93
Trd, 4317864.243, 98
Trd, 4317866.643, 93
Trd, 4317867.043, 96
Trd, 4317869.743, 93
Trd, 4317870.443, 95
Trd, 4317873.793, 93
Trd, 4317873.843, 92
Trd, 4317877.943, 91
Trd, 4317878.893, 95
Trd, 4317879.343, 95
Trd, 4317879.593, 91
Trd, 4317881.043, 91
Trd, 4317883.943, 90
Trd, 4317884.043, 95
Trd, 4317884.143, 95
Trd, 4317886.393, 89
Trd, 4317886.943, 89
Trd, 4317887.693, 113
Trd, 4317889.793, 97
Trd, 4317891.643, 110
Trd, 4317892.493, 92
Trd, 4317892.743, 92
Trd, 4317895.943, 92
Trd, 4317896.443, 92
Trd, 4317898.693, 100
Trd, 4317901.293, 91
Trd, 4317903.543, 100
Trd, 4317904.243, 91
Trd, 4317905.393, 100
Trd, 4317906.043, 100
Trd, 4317907.293, 93
Trd, 4317908.943, 92
Trd, 4317910.943, 92
Trd, 4317914.193, 100
Trd, 4317914.293, 91
Trd, 4317915.943, 100
Trd, 4317919.693, 93
Trd, 4317920.293, 92
Trd, 4317921.343, 98
Trd, 4317922.243, 99
Trd, 4317923.293, 92
Trd, 4317923.743, 99
Trd, 4317926.543, 91
Trd, 4317927.293, 99
Trd, 4317930.043, 90
Trd, 4317932.993, 99
Trd, 4317933.593, 99
Trd, 4317935.193, 92
Trd, 4317935.243, 89
Trd, 4317936.943, 99
Trd, 4317938.593, 104
Trd, 4317940.143, 91
Trd, 4317942.093, 97
Trd, 4317943.193, 98
Trd, 4317945.993, 98
Trd, 4317946.043, 93
Trd, 4317948.643, 92
Trd, 4317950.293, 98
Trd, 4317950.543, 98
Trd, 4317952.143, 94
Trd, 4317952.743, 105
Trd, 4317953.443, 93
Trd, 4317957.993, 93
Trd, 4317958.693, 92
Trd, 4317959.343, 99
Trd, 4317962.393, 99
Trd, 4317963.443, 94
Trd, 4317964.243, 93
Trd, 4317965.443, 99
Trd, 4317967.043, 92
Trd, 4317968.343, 91
Trd, 4317969.493, 96
Trd, 4317971.393, 91
Trd, 4317973.693, 96
Trd, 4317976.893, 90
Trd, 4317979.243, 96
Trd, 4317980.093, 89
Trd, 4317981.543, 89
Trd, 4317981.943, 106
Trd, 4317982.993, 96
Trd, 4317985.393, 88
Trd, 4317987.643, 92
Trd, 4317989.343, 88
Trd, 4317989.743, 88
Trd, 4317994.293, 92
Trd, 4317994.493, 106
Trd, 4317997.343, 87
Trd, 4317997.643, 87
Trd, 4318000.643, 87
Trd, 4318001.593, 91
Trd, 4318002.143, 92
Trd, 4318003.043, 106
Trd, 4318003.793, 86
Trd, 4318006.043, 93
Trd, 4318009.243, 85
Trd, 4318010.293, 87
Trd, 4318010.493, 92
Trd, 4318014.743, 88
Trd, 4318017.193, 87
Trd, 4318017.493, 90
Trd, 4318019.543, 90
Trd, 4318019.893, 87
Trd, 4318022.893, 90
Trd, 4318023.143, 89
Trd, 4318023.693, 90
Trd, 4318028.193, 88
Trd, 4318028.243, 88
Trd, 4318029.593, 90
Trd, 4318031.243, 90
Trd, 4318031.693, 88
Trd, 4318031.993, 86
Trd, 4318036.593, 86
Trd, 4318037.943, 90
Trd, 4318039.143, 90
Trd, 4318041.693, 87
Trd, 4318042.443, 96
Trd, 4318042.543, 92
Trd, 4318043.193, 113
Trd, 4318043.993, 93
Trd, 4318045.593, 101
Trd, 4318047.343, 85
Trd, 4318048.743, 91
Trd, 4318050.593, 92
Trd, 4318051.093, 92
Trd, 4318051.393, 110
Trd, 4318051.793, 90
Trd, 4318055.193, 85
Trd, 4318055.643, 88
Trd, 4318056.243, 90
Trd, 4318057.193, 110
Trd, 4318059.493, 92
Trd, 4318060.343, 90
Trd, 4318061.343, 93
Trd, 4318062.843, 100
Trd, 4318063.093, 96
Trd, 4318064.143, 93
Trd, 4318064.593, 113
Trd, 4318064.893, 104
Trd, 4318066.643, 100
Trd, 4318067.543, 99
Trd, 4318069.343, 92
Trd, 4318069.893, 113
Trd, 4318072.043, 96
Trd, 4318075.293, 101
Trd, 4318076.343, 95
Trd, 4318076.543, 94
Trd, 4318079.693, 101
Trd, 4318080.243, 101
Trd, 4318081.943, 94
Trd, 4318082.143, 93
Trd, 4318084.243, 101
Trd, 4318084.643, 94
Trd, 4318087.993, 99
Trd, 4318091.393, 101
Trd, 4318092.043, 95
Trd, 4318092.193, 101
Trd, 4318092.493, 94
Trd, 4318096.343, 106
Trd, 4318097.643, 94
Trd, 4318098.593, 101
Trd, 4318098.893, 94
Trd, 4318099.943, 94
Trd, 4318103.593, 86
Trd, 4318106.643, 92
Trd, 4318108.493, 95
Trd, 4318108.643, 91
Trd, 4318108.793, 95
Trd, 4318110.043, 106
Trd, 4318110.543, 97
Trd, 4318111.793, 98
Trd, 4318113.593, 98
Trd, 4318115.493, 94
Trd, 4318117.293, 95
Trd, 4318120.243, 98
Trd, 4318121.393, 95
Trd, 4318122.693, 93
Trd, 4318125.243, 98
Trd, 4318125.293, 97
Trd, 4318126.243, 98
Trd, 4318127.393, 97
Trd, 4318129.143, 104
Trd, 4318129.593, 94
Trd, 4318132.143, 93
Trd, 4318138.943, 96
Trd, 4318139.943, 95
Trd, 4318140.443, 98
Trd, 4318142.093, 94
Trd, 4318145.743, 93
Trd, 4318148.193, 98
Trd, 4318149.643, 93
Trd, 4318149.993, 98
Trd, 4318150.293, 92
Trd, 4318153.793, 92
Trd, 4318155.993, 98
Trd, 4318157.743, 93
Trd, 4318157.793, 93
Trd, 4318159.893, 98
Trd, 4318161.043, 71
Trd, 4318161.643, 85
Trd, 4318163.243, 87
Trd, 4318163.393, 89
Trd, 4318164.693, 87
Trd, 4318166.043, 90
Trd, 4318167.293, 89
Trd, 4318167.443, 96
Trd, 4318169.093, 93
Trd, 4318171.643, 106
Trd, 4318171.943, 94
Trd, 4318173.143, 93
Trd, 4318175.293, 92
Trd, 4318175.393, 85
Trd, 4318177.843, 96
Trd, 4318178.643, 93
Trd, 4318179.143, 93
Trd, 4318180.393, 89
Trd, 4318182.593, 96
Trd, 4318183.543, 95
Trd, 4318184.643, 94
Trd, 4318185.543, 94
Trd, 4318187.193, 93
Trd, 4318188.743, 93
Trd, 4318190.193, 93
Trd, 4318192.493, 92
Trd, 4318193.643, 93
Trd, 4318194.843, 92
Trd, 4318195.793, 91
Trd, 4318197.243, 93
Trd, 4318200.443, 93
Trd, 4318201.043, 92
Trd, 4318201.143, 107
Trd, 4318202.543, 96
Trd, 4318204.243, 93
Trd, 4318205.843, 94
Trd, 4318208.443, 95
Trd, 4318208.693, 93
Trd, 4318208.743, 93
Trd, 4318209.893, 95
Trd, 4318212.943, 94
Trd, 4318215.893, 93
Trd, 4318216.243, 94
Trd, 4318217.143, 96
Trd, 4318217.993, 94
Trd, 4318219.243, 93
Trd, 4318223.243, 93
Trd, 4318224.643, 92
Trd, 4318224.993, 94
Trd, 4318225.743, 94
Trd, 4318226.993, 92
Trd, 4318228.343, 93
Trd, 4318229.393, 122
Trd, 4318230.043, 106
Trd, 4318232.193, 93
Trd, 4318233.193, 86
Trd, 4318234.993, 97
Trd, 4318235.793, 97
Trd, 4318237.443, 97
Trd, 4318237.793, 105
Trd, 4318238.593, 99
Trd, 4318241.143, 97
Trd, 4318241.343, 97
Trd, 4318242.093, 116
Trd, 4318242.843, 96
Trd, 4318246.043, 96
Trd, 4318246.593, 101
Trd, 4318249.793, 95
Trd, 4318250.943, 94
Trd, 4318254.443, 94
Trd, 4318254.543, 94
Trd, 4318255.543, 101
Trd, 4318257.393, 101
Trd, 4318258.643, 101
Trd, 4318259.293, 104
Trd, 4318261.993, 93
Trd, 4318262.693, 92
Trd, 4318264.393, 92
Trd, 4318264.543, 98
Trd, 4318267.393, 98
Trd, 4318268.693, 97
Trd, 4318271.743, 91
Trd, 4318274.593, 96
Trd, 4318276.143, 96
Trd, 4318276.493, 91
Trd, 4318277.493, 91
Trd, 4318280.193, 90
Trd, 4318280.843, 90
Trd, 4318282.043, 96
Trd, 4318284.143, 96
Trd, 4318286.393, 92
Trd, 4318287.043, 91
Trd, 4318289.043, 115
Trd, 4318290.543, 90
Trd, 4318293.593, 98
Trd, 4318294.043, 90
Trd, 4318297.393, 95
Trd, 4318297.443, 93
Trd, 4318299.543, 94
Trd, 4318301.143, 93
Trd, 4318302.143, 98
Trd, 4318302.993, 98
Trd, 4318304.593, 93
Trd, 4318305.543, 101
Trd, 4318311.543, 99
Trd, 4318312.093, 96
Trd, 4318312.193, 95
Trd, 4318312.393, 98
Trd, 4318314.843, 98
Trd, 4318315.893, 95
Trd, 4318316.493, 104
Trd, 4318316.693, 94
Trd, 4318320.643, 93
Trd, 4318322.143, 92
Trd, 4318322.743, 96
Trd, 4318323.393, 96
Trd, 4318324.093, 92
Trd, 4318326.593, 96
Trd, 4318328.343, 96
Trd, 4318329.443, 94
Trd, 4318331.743, 94
Trd, 4318331.843, 93
Trd, 4318331.893, 96
Trd, 4318335.893, 85
Trd, 4318337.643, 90
Trd, 4318337.943, 96
Trd, 4318340.643, 96
Trd, 4318341.893, 89
Trd, 4318345.143, 96
Trd, 4318346.093, 94
Trd, 4318347.193, 96
Trd, 4318348.693, 90
Trd, 4318349.993, 94
Trd, 4318351.493, 89
Trd, 4318351.643, 94
Trd, 4318353.243, 89
Trd, 4318354.243, 91
Trd, 4318355.893, 105
Trd, 4318357.393, 90
Trd, 4318361.843, 91
Trd, 4318361.943, 96
Trd, 4318362.443, 96
Trd, 4318362.893, 90
Trd, 4318364.593, 106
Trd, 4318367.743, 90
Trd, 4318367.993, 89
Trd, 4318370.193, 97
Trd, 4318370.593, 91
Trd, 4318373.043, 91
Trd, 4318374.543, 97
Trd, 4318377.143, 95
Trd, 4318377.643, 97
Trd, 4318377.843, 92
Trd, 4318382.343, 91
Trd, 4318384.493, 90
Trd, 4318385.043, 91
Trd, 4318387.293, 95
Trd, 4318387.543, 93
Trd, 4318389.293, 94
Trd, 4318391.243, 91
Trd, 4318392.193, 94
Trd, 4318392.743, 94
Trd, 4318395.093, 90
Trd, 4318397.443, 94
Trd, 4318397.493, 93
Trd, 4318399.093, 99
Trd, 4318399.593, 94
Trd, 4318400.243, 107
Trd, 4318401.243, 85
Trd, 4318404.443, 97
Trd, 4318404.743, 93
Trd, 4318405.543, 109
Trd, 4318406.493, 90
Trd, 4318410.593, 97
Trd, 4318411.793, 95
Trd, 4318412.493, 94
Trd, 4318414.193, 99
Trd, 4318419.043, 94
Trd, 4318419.543, 99
Trd, 4318420.243, 93
Trd, 4318423.743, 92
Trd, 4318424.793, 92
Trd, 4318429.093, 91
Trd, 4318429.393, 99
Trd, 4318430.643, 91
Trd, 4318432.193, 97
Trd, 4318432.443, 90
Trd, 4318434.893, 97
Trd, 4318437.643, 97
Trd, 4318438.943, 94
Trd, 4318440.193, 93
Trd, 4318440.293, 85
Trd, 4318440.443, 97
Trd, 4318442.343, 109
Trd, 4318443.593, 92
Trd, 4318446.493, 93
Trd, 4318446.893, 93
Trd, 4318452.143, 98
Trd, 4318452.443, 93
Trd, 4318453.493, 93
Trd, 4318453.793, 98
Trd, 4318456.643, 104
Trd, 4318458.293, 100
Trd, 4318458.593, 101
Trd, 4318460.393, 100
Trd, 4318461.093, 99
Trd, 4318462.293, 100
Trd, 4318462.593, 98
Trd, 4318468.493, 97
Trd, 4318469.293, 99
Trd, 4318471.543, 99
Trd, 4318472.743, 96
Trd, 4318473.493, 94
Trd, 4318475.693, 99
Trd, 4318478.393, 95
Trd, 4318480.393, 97
Trd, 4318481.093, 99
Trd, 4318481.293, 94
Trd, 4318482.393, 94
Trd, 4318486.193, 95
Trd, 4318487.343, 95
Trd, 4318489.593, 93
Trd, 4318490.243, 92
Trd, 4318491.443, 95
Trd, 4318493.993, 94
Trd, 4318494.293, 92
Trd, 4318494.693, 92
Trd, 4318495.793, 94
Trd, 4318499.543, 94
Trd, 4318500.593, 91
Trd, 4318501.043, 93
Trd, 4318501.843, 91
Trd, 4318502.093, 104
Trd, 4318503.243, 90
Trd, 4318505.243, 93
Trd, 4318508.343, 91
Trd, 4318511.143, 90
Trd, 4318513.093, 94
Trd, 4318513.143, 90
Trd, 4318513.193, 89
Trd, 4318513.343, 95
Trd, 4318518.393, 89
Trd, 4318519.443, 89
Trd, 4318519.743, 93
Trd, 4318521.793, 92
Trd, 4318523.143, 106
Trd, 4318524.143, 90
Trd, 4318524.993, 99
Trd, 4318527.493, 95
Trd, 4318527.793, 94
Trd, 4318528.843, 96
Trd, 4318531.143, 92
Trd, 4318534.293, 96
Trd, 4318536.393, 94
Trd, 4318537.643, 85
Trd, 4318539.293, 91
Trd, 4318539.943, 90
Trd, 4318540.493, 90
Trd, 4318541.393, 89
Trd, 4318541.693, 106
Trd, 4318542.693, 92
Trd, 4318545.643, 94
Trd, 4318546.243, 99
Trd, 4318547.543, 96
Trd, 4318548.893, 94
Trd, 4318550.393, 94
Trd, 4318550.643, 85
Trd, 4318551.543, 113
Trd, 4318553.193, 97
Trd, 4318554.393, 95
Trd, 4318555.843, 94
Trd, 4318557.093, 97
Trd, 4318559.893, 97
Trd, 4318559.943, 94
Trd, 4318563.643, 97
Trd, 4318563.893, 93
Trd, 4318566.443, 92
Trd, 4318568.943, 88
Trd, 4318570.493, 91
Trd, 4318572.093, 92
Trd, 4318574.093, 90
Trd, 4318575.193, 89
Trd, 4318577.443, 92
Trd, 4318579.493, 92
Trd, 4318580.493, 93
Trd, 4318580.893, 85
Trd, 4318582.393, 99
Trd, 4318584.643, 94
Trd, 4318584.743, 93
Trd, 4318585.093, 113
Trd, 4318588.843, 94
Trd, 4318588.893, 93
Trd, 4318591.543, 96
Trd, 4318591.843, 94
Trd, 4318592.843, 96
Trd, 4318595.643, 94
Trd, 4318596.143, 88
Trd, 4318598.243, 93
Trd, 4318600.043, 92
Trd, 4318601.393, 93
Trd, 4318602.143, 91
Trd, 4318603.493, 93
Trd, 4318606.043, 85
Trd, 4318606.593, 93
Trd, 4318608.643, 90
Trd, 4318611.093, 89
Trd, 4318612.643, 93
Trd, 4318612.943, 88
Trd, 4318613.193, 93
Trd, 4318614.093, 93
Trd, 4318618.493, 93
Trd, 4318618.593, 93
Trd, 4318618.693, 91
Trd, 4318621.043, 90
Trd, 4318621.243, 85
Trd, 4318622.793, 93
Trd, 4318623.443, 104
Trd, 4318623.943, 95
Trd, 4318625.643, 90
Trd, 4318627.843, 95
Trd, 4318628.643, 95
Trd, 4318628.843, 90
Trd, 4318631.443, 89
Trd, 4318632.043, 103
Trd, 4318633.593, 92
Trd, 4318634.993, 96
Trd, 4318639.393, 95
Trd, 4318639.693, 96
Trd, 4318640.693, 93
Trd, 4318642.343, 99
Trd, 4318642.393, 113
Trd, 4318642.943, 97
Trd, 4318645.943, 96
Trd, 4318646.643, 99
Trd, 4318648.143, 95
Trd, 4318651.793, 96
Trd, 4318652.443, 94
Trd, 4318653.443, 94
Trd, 4318656.993, 96
Trd, 4318657.443, 96
Trd, 4318658.843, 93
Trd, 4318659.893, 86
Trd, 4318661.643, 92
Trd, 4318661.693, 91
Trd, 4318663.693, 93
Trd, 4318664.493, 90
Trd, 4318664.893, 92
Trd, 4318667.243, 89
Trd, 4318667.643, 92
Trd, 4318669.043, 89
Trd, 4318672.993, 92
Trd, 4318674.643, 88
Trd, 4318674.793, 92
Trd, 4318674.943, 88
Trd, 4318679.093, 88
Trd, 4318679.843, 92
Trd, 4318681.043, 92
Trd, 4318681.093, 87
Trd, 4318682.243, 89
Trd, 4318685.193, 92
Trd, 4318686.693, 89
Trd, 4318686.993, 92
Trd, 4318689.343, 88
Trd, 4318690.143, 113
Trd, 4318690.943, 98
Trd, 4318692.643, 91
Trd, 4318694.743, 100
Trd, 4318695.193, 99
Trd, 4318695.443, 94
Trd, 4318696.443, 97
Trd, 4318697.743, 106
Trd, 4318698.743, 108
Trd, 4318701.743, 98
Trd, 4318702.893, 100
Trd, 4318703.393, 104
Trd, 4318706.143, 97
Trd, 4318707.743, 97
Trd, 4318708.093, 100
Trd, 4318711.093, 94
Trd, 4318712.093, 95
Trd, 4318715.543, 100
Trd, 4318715.743, 100
Trd, 4318716.293, 95
Trd, 4318716.793, 94
Trd, 4318717.993, 104
Trd, 4318719.743, 85
Trd, 4318722.343, 93
Trd, 4318725.193, 100
Trd, 4318725.243, 93
Trd, 4318726.643, 92
Trd, 4318729.693, 99
Trd, 4318730.993, 99
Trd, 4318731.293, 91
Trd, 4318731.343, 91
Trd, 4318732.543, 106
Trd, 4318733.543, 86
Trd, 4318737.893, 94
Trd, 4318739.093, 98
Trd, 4318743.693, 93
Trd, 4318744.943, 92
Trd, 4318745.093, 97
Trd, 4318746.743, 96
Trd, 4318746.893, 107
Trd, 4318748.943, 105
Trd, 4318750.293, 95
Trd, 4318750.593, 94
Trd, 4318752.393, 94
Trd, 4318754.843, 97
Trd, 4318755.343, 94
Trd, 4318757.793, 97
Trd, 4318758.343, 93
Trd, 4318759.693, 97
Trd, 4318761.793, 92
Trd, 4318764.543, 97
Trd, 4318765.143, 91
Trd, 4318765.543, 102
Trd, 4318766.693, 94
Trd, 4318766.993, 87
Trd, 4318769.043, 96
Trd, 4318769.593, 93
Trd, 4318774.093, 93
Trd, 4318774.243, 96
Trd, 4318776.643, 96
Trd, 4318776.793, 92
Trd, 4318777.543, 96
Trd, 4318779.493, 91
Trd, 4318780.843, 91
Trd, 4318783.893, 90
Trd, 4318785.743, 96
Trd, 4318786.843, 90
Trd, 4318787.993, 91
Trd, 4318789.243, 95
Trd, 4318791.893, 90
Trd, 4318792.743, 101
Trd, 4318795.343, 95
Trd, 4318796.243, 96
Trd, 4318797.193, 106
Trd, 4318801.743, 95
Trd, 4318802.543, 97
Trd, 4318802.893, 95
Trd, 4318803.743, 98
Trd, 4318804.743, 96
Trd, 4318810.693, 95
Trd, 4318811.443, 95
Trd, 4318811.593, 97
Trd, 4318811.843, 108
Trd, 4318812.543, 97
Trd, 4318813.693, 100
Trd, 4318814.893, 99
Trd, 4318815.493, 113
Trd, 4318816.243, 107
Trd, 4318816.893, 102
Trd, 4318818.893, 110
Trd, 4318821.493, 111
Trd, 4318822.843, 107
Trd, 4318823.043, 106
Trd, 4318823.593, 106
Trd, 4318826.193, 106
Trd, 4318828.993, 105
Trd, 4318830.693, 93
Trd, 4318831.193, 101
Trd, 4318832.343, 108
Trd, 4318833.143, 113
Trd, 4318835.743, 101
Trd, 4318838.043, 100
Trd, 4318840.943, 99
Trd, 4318842.043, 98
Trd, 4318843.193, 94
Trd, 4318843.743, 102
Trd, 4318845.943, 95
Trd, 4318846.793, 102
Trd, 4318850.443, 94
Trd, 4318851.743, 102
Trd, 4318853.343, 94
Trd, 4318853.943, 93
Trd, 4318854.793, 102
Trd, 4318856.993, 93
Trd, 4318861.193, 94
Trd, 4318863.393, 96
Trd, 4318863.843, 99
Trd, 4318865.243, 93
Trd, 4318867.843, 98
Trd, 4318868.343, 93
Trd, 4318868.893, 98
Trd, 4318869.993, 93
Trd, 4318871.643, 93
Trd, 4318872.393, 97
Trd, 4318873.643, 93
Trd, 4318874.143, 99
Trd, 4318877.343, 95
Trd, 4318878.443, 97
Trd, 4318879.943, 97
Trd, 4318880.693, 94
Trd, 4318881.993, 93
Trd, 4318887.043, 97
Trd, 4318887.393, 95
Trd, 4318888.893, 94
Trd, 4318889.193, 97
Trd, 4318890.293, 94
Trd, 4318892.343, 113
Trd, 4318894.043, 93
Trd, 4318897.593, 92
Trd, 4318897.743, 92
Trd, 4318900.243, 99
Trd, 4318900.293, 92
Trd, 4318903.243, 99
Trd, 4318903.943, 95
Trd, 4318907.243, 95
Trd, 4318908.693, 99
Trd, 4318909.243, 94
Trd, 4318912.843, 97
Trd, 4318912.943, 99
Trd, 4318913.943, 109
Trd, 4318915.493, 96
Trd, 4318915.593, 94
Trd, 4318918.443, 100
Trd, 4318918.893, 96
Trd, 4318922.843, 94
Trd, 4318922.993, 94
Trd, 4318923.643, 101
Trd, 4318928.293, 100
Trd, 4318928.593, 94
Trd, 4318929.193, 99
Trd, 4318930.343, 95
Trd, 4318931.643, 99
Trd, 4318933.343, 95
Trd, 4318936.093, 95
Trd, 4318936.793, 94
Trd, 4318939.293, 96
Trd, 4318940.243, 94
Trd, 4318941.043, 96
Trd, 4318942.743, 93
Trd, 4318944.093, 92
Trd, 4318945.143, 96
Trd, 4318946.893, 96
Trd, 4318947.793, 93
Trd, 4318950.793, 96
Trd, 4318951.543, 91
Trd, 4318953.393, 96
Trd, 4318953.743, 91
Trd, 4318954.993, 87
Trd, 4318957.493, 88
Trd, 4318958.543, 92
Trd, 4318959.543, 95
Trd, 4318961.243, 93
Trd, 4318964.343, 93
Trd, 4318964.943, 92
Trd, 4318965.293, 90
Trd, 4318965.343, 89
Trd, 4318969.243, 90
Trd, 4318969.593, 93
Trd, 4318970.593, 93
Trd, 4318972.643, 92
Trd, 4318975.643, 91
Trd, 4318976.143, 93
Trd, 4318976.793, 93
Trd, 4318977.393, 94
Trd, 4318980.093, 90
Trd, 4318980.993, 94
Trd, 4318981.643, 89
Trd, 4318984.593, 94
Trd, 4318986.193, 94
Trd, 4318987.243, 88
Trd, 4318988.443, 87
Trd, 4318989.543, 93
Trd, 4318990.243, 92
Trd, 4318991.843, 86
Trd, 4318996.243, 92
Trd, 4318997.293, 96
Trd, 4318997.793, 95
Trd, 4318998.743, 94
Trd, 4318999.143, 94
Trd, 4318999.593, 94
Trd, 4319001.093, 98
Trd, 4319001.693, 104
Trd, 4319002.343, 94
Trd, 4319004.793, 94
Trd, 4319006.293, 96
Trd, 4319008.543, 96
Trd, 4319010.093, 93
Trd, 4319011.143, 100
Trd, 4319011.193, 104
Trd, 4319014.393, 93
Trd, 4319015.093, 98
Trd, 4319017.543, 98
Trd, 4319018.043, 97
Trd, 4319018.643, 104
Trd, 4319019.393, 96
Trd, 4319022.193, 95
Trd, 4319023.593, 95
Trd, 4319025.243, 99
Trd, 4319025.843, 99
Trd, 4319025.943, 94
Trd, 4319027.443, 86
Trd, 4319029.593, 97
Trd, 4319030.393, 92
Trd, 4319033.143, 104
Trd, 4319035.343, 102
Trd, 4319035.943, 93
Trd, 4319036.643, 96
Trd, 4319038.793, 95
Trd, 4319041.643, 98
Trd, 4319041.693, 95
Trd, 4319045.993, 96
Trd, 4319046.843, 94
Trd, 4319047.043, 94
Trd, 4319048.693, 96
Trd, 4319049.293, 93
Trd, 4319052.693, 92
Trd, 4319053.593, 93
Trd, 4319054.943, 91
Trd, 4319057.193, 91
Trd, 4319057.893, 90
Trd, 4319058.743, 93
Trd, 4319061.793, 92
Trd, 4319061.843, 93
Trd, 4319063.943, 90
Trd, 4319065.643, 92
Trd, 4319065.793, 92
Trd, 4319068.793, 105
Trd, 4319069.643, 91
Trd, 4319070.593, 86
Trd, 4319072.643, 88
Trd, 4319074.393, 90
Trd, 4319075.543, 91
Trd, 4319076.093, 87
Trd, 4319076.293, 88
Trd, 4319077.543, 91
Trd, 4319079.843, 106
Trd, 4319079.943, 92
Trd, 4319082.743, 92
Trd, 4319085.793, 92
Trd, 4319086.493, 92
Trd, 4319086.543, 91
Trd, 4319090.543, 91
Trd, 4319091.293, 93
Trd, 4319091.643, 106
Trd, 4319094.293, 90
Trd, 4319094.393, 95
Trd, 4319095.943, 96
Trd, 4319097.343, 93
Trd, 4319097.593, 95
Trd, 4319101.793, 92
Trd, 4319101.943, 92
Trd, 4319104.543, 95
Trd, 4319105.243, 95
Trd, 4319106.243, 91
Trd, 4319110.893, 90
Trd, 4319111.593, 89
Trd, 4319112.043, 95
Trd, 4319117.143, 106
Trd, 4319118.043, 94
Trd, 4319120.193, 90
Trd, 4319120.243, 98
Trd, 4319120.893, 98
Trd, 4319121.093, 90
Trd, 4319122.993, 98
Trd, 4319123.493, 91
Trd, 4319127.743, 97
Trd, 4319127.893, 94
Trd, 4319130.143, 93
Trd, 4319130.843, 92
Trd, 4319131.293, 97
Trd, 4319134.343, 91
Trd, 4319135.793, 91
Trd, 4319137.693, 95
Trd, 4319138.543, 97
Trd, 4319140.343, 92
Trd, 4319140.893, 97
Trd, 4319144.393, 95
Trd, 4319148.393, 94
Trd, 4319148.643, 94
Trd, 4319149.343, 96
Trd, 4319149.793, 96
Trd, 4319150.243, 93
Trd, 4319152.343, 106
Trd, 4319153.293, 92
Trd, 4319155.793, 97
Trd, 4319156.643, 92
Trd, 4319157.743, 97
Trd, 4319159.093, 91
Trd, 4319162.293, 90
Trd, 4319162.543, 90
Trd, 4319164.143, 97
Trd, 4319165.593, 97
Trd, 4319167.743, 92
Trd, 4319171.693, 95
Trd, 4319173.893, 95
Trd, 4319174.843, 97
Trd, 4319174.893, 95
Trd, 4319177.343, 92
Trd, 4319179.993, 97
Trd, 4319180.743, 93
Trd, 4319183.493, 92
Trd, 4319185.493, 91
Trd, 4319185.743, 97
Trd, 4319188.893, 97
Trd, 4319189.843, 91
Trd, 4319192.843, 97
Trd, 4319193.143, 91
Trd, 4319194.693, 90
Trd, 4319196.493, 91
Trd, 4319196.593, 76
Trd, 4319199.893, 97
Trd, 4319201.143, 97
Trd, 4319201.893, 97
Trd, 4319202.893, 106
Trd, 4319203.393, 92
Trd, 4319205.143, 92
Trd, 4319205.193, 92
Trd, 4319208.243, 99
Trd, 4319210.193, 91
Trd, 4319211.343, 91
Trd, 4319214.393, 90
Trd, 4319215.593, 97
Trd, 4319217.293, 94
Trd, 4319217.943, 106
Trd, 4319218.243, 91
Trd, 4319220.043, 98
Trd, 4319224.993, 94
Trd, 4319226.643, 98
Trd, 4319226.693, 93
Trd, 4319228.893, 106
Trd, 4319229.343, 104
Trd, 4319229.543, 94
Trd, 4319230.693, 93
Trd, 4319235.293, 100
Trd, 4319235.443, 94
Trd, 4319238.093, 106
Trd, 4319240.293, 94
Trd, 4319240.393, 94
Trd, 4319242.943, 101
Trd, 4319243.743, 93
Trd, 4319244.843, 92
Trd, 4319247.193, 99
Trd, 4319250.243, 100
Trd, 4319251.293, 94
Trd, 4319251.793, 93
Trd, 4319252.443, 99
Trd, 4319252.993, 92
Trd, 4319255.643, 87
Trd, 4319257.993, 92
Trd, 4319258.543, 91
Trd, 4319260.943, 92
Trd, 4319261.543, 92
Trd, 4319262.693, 90
Trd, 4319264.793, 93
Trd, 4319265.143, 93
Trd, 4319266.293, 93
Trd, 4319267.043, 93
Trd, 4319268.043, 92
Trd, 4319269.543, 80
Trd, 4319271.193, 93
Trd, 4319272.293, 93
Trd, 4319272.543, 89
Trd, 4319272.843, 88
Trd, 4319276.543, 88
Trd, 4319277.143, 93
Trd, 4319279.343, 87
Trd, 4319280.893, 93
Trd, 4319284.293, 93
Trd, 4319284.443, 87
Trd, 4319286.843, 93
Trd, 4319287.043, 86
Trd, 4319288.193, 87
Trd, 4319290.543, 93
Trd, 4319291.893, 89
Trd, 4319292.493, 93
Trd, 4319293.043, 88
Trd, 4319293.393, 113
Trd, 4319296.843, 93
Trd, 4319298.993, 94
Trd, 4319301.693, 105
Trd, 4319304.243, 97
Trd, 4319304.493, 97
Trd, 4319306.293, 93
Trd, 4319307.293, 92
Trd, 4319308.243, 92
Trd, 4319311.093, 97
Trd, 4319311.543, 97
Trd, 4319313.993, 101
Trd, 4319316.693, 92
Trd, 4319318.493, 91
Trd, 4319319.393, 97
Trd, 4319322.893, 97
Trd, 4319323.243, 90
Trd, 4319323.943, 97
Trd, 4319325.593, 89
Trd, 4319329.093, 88
Trd, 4319329.893, 97
Trd, 4319331.193, 97
Trd, 4319332.893, 95
Trd, 4319333.093, 107
Trd, 4319333.943, 95
Trd, 4319335.743, 94
Trd, 4319338.943, 93
Trd, 4319341.793, 94
Trd, 4319342.093, 98
Trd, 4319342.893, 98
Trd, 4319345.393, 98
Trd, 4319347.143, 93
Trd, 4319348.543, 92
Trd, 4319350.493, 95
Trd, 4319351.743, 91
Trd, 4319354.193, 90
Trd, 4319356.093, 96
Trd, 4319357.793, 89
Trd, 4319358.193, 95
Trd, 4319361.643, 91
Trd, 4319361.793, 90
Trd, 4319362.143, 95
Trd, 4319363.743, 90
Trd, 4319366.993, 93
Trd, 4319367.993, 95
Trd, 4319368.993, 94
Trd, 4319370.343, 91
Trd, 4319371.793, 90
Trd, 4319376.543, 90
Trd, 4319376.993, 93
Trd, 4319377.543, 94
Trd, 4319378.193, 96
Trd, 4319380.493, 113
Trd, 4319381.343, 103
Trd, 4319382.143, 94
Trd, 4319383.443, 91
Trd, 4319384.093, 99
Trd, 4319384.643, 77
Trd, 4319384.743, 96
Trd, 4319386.543, 105
Trd, 4319388.943, 100
Trd, 4319389.093, 94
Trd, 4319392.293, 106
Trd, 4319392.343, 98
Trd, 4319392.743, 94
Trd, 4319393.293, 104
Trd, 4319394.193, 103
Trd, 4319396.543, 99
Trd, 4319397.393, 102
Trd, 4319398.343, 99
Trd, 4319399.643, 99
Trd, 4319400.493, 94
Trd, 4319401.693, 106
Trd, 4319402.693, 98
Trd, 4319405.443, 97
Trd, 4319407.943, 100
Trd, 4319408.343, 94
Trd, 4319411.943, 100
Trd, 4319412.793, 104
Trd, 4319412.843, 97
Trd, 4319414.443, 99
Trd, 4319416.443, 95
Trd, 4319417.793, 94
Trd, 4319418.493, 113
Trd, 4319419.743, 95
Trd, 4319421.593, 100
Trd, 4319421.943, 94
Trd, 4319425.693, 93
Trd, 4319426.293, 93
Trd, 4319427.193, 100
Trd, 4319430.343, 93
Trd, 4319433.093, 100
Trd, 4319433.593, 92
Trd, 4319437.493, 92
Trd, 4319439.543, 92
Trd, 4319439.843, 100
Trd, 4319440.793, 91
Trd, 4319445.393, 100
Trd, 4319446.293, 92
Trd, 4319447.393, 92
Trd, 4319449.443, 100
Trd, 4319449.893, 100
Trd, 4319454.143, 93
Trd, 4319454.493, 100
Trd, 4319454.893, 93
Trd, 4319455.693, 100
Trd, 4319458.593, 93
Trd, 4319459.643, 93
Trd, 4319460.793, 95
Trd, 4319461.793, 95
Trd, 4319463.693, 92
Trd, 4319465.093, 91
Trd, 4319466.593, 95
Trd, 4319468.093, 85
Trd, 4319468.643, 88
Trd, 4319475.343, 89
Trd, 4319476.293, 92
Trd, 4319476.543, 92
Trd, 4319477.293, 88
Trd, 4319479.893, 92
Trd, 4319480.493, 87
Trd, 4319481.143, 92
Trd, 4319481.793, 92
Trd, 4319484.443, 88
Trd, 4319485.343, 86
Trd, 4319486.593, 90
Trd, 4319488.243, 89
Trd, 4319488.393, 86
Trd, 4319490.793, 89
Trd, 4319492.443, 85
Trd, 4319493.743, 89
Trd, 4319494.543, 104
Trd, 4319496.593, 84
Trd, 4319499.393, 87
Trd, 4319502.493, 88
Trd, 4319502.993, 93
Trd, 4319504.493, 84
Trd, 4319510.443, 84
Trd, 4319510.493, 88
Trd, 4319512.093, 88
Trd, 4319514.443, 88
Trd, 4319516.043, 83
Trd, 4319518.793, 83
Trd, 4319518.993, 88
Trd, 4319519.993, 87
Trd, 4319521.643, 87
Trd, 4319523.343, 84
Trd, 4319524.643, 87
Trd, 4319525.693, 87
Trd, 4319530.193, 87
Trd, 4319530.743, 85
Trd, 4319534.393, 86
Trd, 4319534.743, 87
Trd, 4319536.593, 85
Trd, 4319537.243, 86
Trd, 4319539.693, 86
Trd, 4319540.493, 86
Trd, 4319541.793, 84
Trd, 4319542.493, 86
Trd, 4319543.293, 86
Trd, 4319544.693, 86
Trd, 4319547.693, 84
Trd, 4319551.393, 86
Trd, 4319555.693, 86
Trd, 4319556.443, 86
Trd, 4319558.093, 87
Trd, 4319558.243, 105
Trd, 4319558.493, 90
Trd, 4319559.893, 89
Trd, 4319561.393, 110
Trd, 4319562.593, 90
Trd, 4319563.243, 94
Trd, 4319565.193, 89
Trd, 4319566.193, 93
Trd, 4319568.043, 122
Trd, 4319568.993, 101
Trd, 4319570.043, 112
Trd, 4319570.193, 88
Trd, 4319571.393, 100
Trd, 4319571.943, 105
Trd, 4319573.843, 104
Trd, 4319576.293, 113
Trd, 4319576.443, 103
Trd, 4319576.843, 94
Trd, 4319578.243, 85
Trd, 4319581.343, 104
Trd, 4319582.393, 104
Trd, 4319585.993, 101
Trd, 4319587.143, 99
Trd, 4319589.643, 103
Trd, 4319590.243, 100
Trd, 4319591.043, 99
Trd, 4319592.893, 104
Trd, 4319595.193, 103
Trd, 4319598.043, 99
Trd, 4319599.093, 94
Trd, 4319600.843, 103
Trd, 4319603.843, 99
Trd, 4319607.293, 98
Trd, 4319608.043, 97
Trd, 4319609.193, 103
Trd, 4319612.143, 97
Trd, 4319614.243, 96
Trd, 4319614.343, 103
Trd, 4319615.343, 94
Trd, 4319616.793, 89
Trd, 4319622.493, 96
Trd, 4319623.193, 94
Trd, 4319623.343, 93
Trd, 4319624.143, 92
Trd, 4319625.043, 104
Trd, 4319627.543, 94
Trd, 4319627.943, 113
Trd, 4319630.593, 85
Trd, 4319632.993, 98
Trd, 4319633.293, 91
Trd, 4319636.243, 90
Trd, 4319639.443, 98
Trd, 4319639.643, 98
Trd, 4319639.843, 90
Trd, 4319640.393, 90
Trd, 4319642.543, 89
Trd, 4319643.493, 104
Trd, 4319646.243, 92
Trd, 4319648.593, 97
Trd, 4319649.193, 97
Trd, 4319653.743, 95
Trd, 4319654.393, 93
Trd, 4319657.693, 91
Trd, 4319658.843, 94
Trd, 4319659.743, 94
Trd, 4319661.143, 91
Trd, 4319662.893, 94
Trd, 4319663.893, 92
Trd, 4319665.943, 90
Trd, 4319667.293, 90
Trd, 4319670.293, 94
Trd, 4319671.243, 94
Trd, 4319672.043, 89
Trd, 4319673.943, 88
Trd, 4319674.143, 94
Trd, 4319674.793, 89
Trd, 4319678.793, 94
Trd, 4319680.393, 89
Trd, 4319681.043, 91
Trd, 4319681.993, 93
Trd, 4319683.343, 89
Trd, 4319686.643, 89
Trd, 4319689.393, 93
Trd, 4319690.193, 93
Trd, 4319690.893, 88
Trd, 4319691.043, 87
Trd, 4319692.293, 105
Trd, 4319693.743, 105
Trd, 4319695.543, 92
Trd, 4319695.943, 101
Trd, 4319696.493, 102
Trd, 4319696.743, 113
Trd, 4319698.793, 91
Trd, 4319698.993, 85
Trd, 4319700.393, 118
Trd, 4319701.843, 113
Trd, 4319701.993, 104
Trd, 4319704.443, 94
Trd, 4319704.793, 77
Trd, 4319705.043, 100
Trd, 4319707.443, 99
Trd, 4319707.893, 91
Trd, 4319708.143, 93
Trd, 4319708.493, 100
Trd, 4319711.993, 98
Trd, 4319713.843, 96
Trd, 4319713.943, 99
Trd, 4319714.693, 95
Trd, 4319717.543, 100
Trd, 4319717.593, 95
Trd, 4319720.493, 99
Trd, 4319722.393, 105
Trd, 4319723.793, 97
Trd, 4319724.043, 96
Trd, 4319726.693, 99
Trd, 4319728.593, 94
Trd, 4319729.143, 90
Trd, 4319735.343, 99
Trd, 4319735.793, 94
Trd, 4319736.693, 99
Trd, 4319736.793, 93
Trd, 4319737.693, 99
Trd, 4319737.893, 93
Trd, 4319740.593, 94
Trd, 4319744.143, 93
Trd, 4319746.693, 92
Trd, 4319747.893, 99
Trd, 4319747.993, 92
Trd, 4319754.693, 99
Trd, 4319754.743, 107
Trd, 4319755.793, 93
Trd, 4319756.043, 93
Trd, 4319757.093, 93
Trd, 4319759.943, 93
Trd, 4319760.093, 100
Trd, 4319764.893, 93
Trd, 4319765.043, 100
Trd, 4319765.293, 100
Trd, 4319766.093, 94
Trd, 4319766.793, 93
Trd, 4319767.393, 109
Trd, 4319770.043, 102
Trd, 4319771.693, 94
Trd, 4319774.193, 93
Trd, 4319774.343, 102
Trd, 4319777.043, 94
Trd, 4319777.543, 87
Trd, 4319781.293, 92
Trd, 4319781.793, 96
Trd, 4319782.843, 91
Trd, 4319784.143, 96
Trd, 4319785.293, 92
Trd, 4319790.443, 91
Trd, 4319791.193, 94
Trd, 4319791.243, 94
Trd, 4319791.743, 90
Trd, 4319791.843, 94
Trd, 4319792.343, 104
Trd, 4319793.243, 98
Trd, 4319796.593, 97
Trd, 4319797.243, 96
Trd, 4319800.143, 97
Trd, 4319800.543, 95
Trd, 4319800.743, 94
Trd, 4319801.093, 113
Trd, 4319803.343, 94
Trd, 4319805.443, 87
Trd, 4319805.993, 93
Trd, 4319806.743, 92
Trd, 4319810.343, 100
Trd, 4319810.543, 91
Trd, 4319811.643, 91
Trd, 4319812.643, 108
Trd, 4319814.793, 94
Trd, 4319815.393, 97
Trd, 4319815.593, 108
Trd, 4319818.443, 94
Trd, 4319820.793, 98
Trd, 4319823.443, 95
Trd, 4319823.943, 98
Trd, 4319825.443, 98
Trd, 4319826.993, 95
Trd, 4319829.193, 95
Trd, 4319829.293, 98
Trd, 4319832.193, 97
Trd, 4319832.293, 94
Trd, 4319833.993, 93
Trd, 4319834.643, 97
Trd, 4319837.393, 97
Trd, 4319838.143, 98
Trd, 4319838.843, 95
Trd, 4319842.393, 97
Trd, 4319843.043, 94
Trd, 4319844.843, 93
Trd, 4319845.443, 97
Trd, 4319845.993, 93
Trd, 4319850.143, 97
Trd, 4319851.793, 96
Trd, 4319854.093, 95
Trd, 4319854.843, 96
Trd, 4319855.793, 96
Trd, 4319857.143, 94
Trd, 4319857.943, 93
Trd, 4319858.893, 104
Trd, 4319859.343, 103
Trd, 4319864.293, 96
Trd, 4319864.593, 97
Trd, 4319867.043, 94
Trd, 4319869.193, 94
Trd, 4319870.943, 93
Trd, 4319873.393, 97
Trd, 4319874.993, 97
Trd, 4319876.093, 93
Trd, 4319876.143, 92
Trd, 4319879.693, 92
Trd, 4319882.643, 92
Trd, 4319883.243, 97
Trd, 4319885.643, 104
Trd, 4319885.743, 92
Trd, 4319885.943, 113
Trd, 4319888.593, 91
Trd, 4319890.043, 100
Trd, 4319891.393, 91
Trd, 4319894.143, 90
Trd, 4319895.343, 100
Trd, 4319898.993, 91
Trd, 4319899.443, 92
Trd, 4319899.643, 91
Trd, 4319900.393, 98
Trd, 4319901.393, 98
Trd, 4319904.943, 94
Trd, 4319906.543, 97
Trd, 4319908.493, 93
Trd, 4319909.243, 93
Trd, 4319913.993, 97
Trd, 4319914.243, 93
Trd, 4319914.293, 97
Trd, 4319914.893, 92
Trd, 4319917.993, 97
Trd, 4319918.943, 91
Trd, 4319920.143, 91
Trd, 4319920.843, 97
Trd, 4319921.993, 90
Trd, 4319924.493, 90
Trd, 4319926.393, 97
Trd, 4319926.643, 98
Trd, 4319928.393, 86
Trd, 4319929.043, 114
Trd, 4319931.243, 110
Trd, 4319934.443, 98
Trd, 4319935.093, 94
Trd, 4319936.243, 100
Trd, 4319937.593, 94
Trd, 4319938.743, 114
Trd, 4319940.193, 109
Trd, 4319940.593, 97
Trd, 4319942.143, 95
Trd, 4319943.843, 87
Trd, 4319947.643, 98
Trd, 4319948.543, 95
Trd, 4319948.843, 103
Trd, 4319952.993, 98
Trd, 4319953.243, 89
Trd, 4319953.993, 103
Trd, 4319957.193, 95
Trd, 4319958.843, 104
Trd, 4319960.543, 93
Trd, 4319964.893, 98
Trd, 4319965.243, 104
Trd, 4319967.843, 95
Trd, 4319967.893, 94
Trd, 4319969.043, 104
Trd, 4319971.393, 99
Trd, 4319971.843, 101
Trd, 4319973.293, 99
Trd, 4319973.443, 98
Trd, 4319976.243, 97
Trd, 4319979.193, 99
Trd, 4319980.343, 97
Trd, 4319981.943, 96
Trd, 4319982.593, 95
Trd, 4319982.793, 98
Trd, 4319985.843, 94
Trd, 4319986.993, 98
Trd, 4319989.243, 98
Trd, 4319990.993, 93
Trd, 4319991.443, 93
Trd, 4319993.993, 98
Trd, 4319994.593, 98
Trd, 4319995.393, 92
Trd, 4319998.193, 93
