Trd, 4317894.143, 95
Trd, 4317894.793, 93
Trd, 4317895.143, 95
Trd, 4317896.093, 92
Trd, 4317896.993, 94
Trd, 4317898.243, 122
Trd, 4317900.393, 96
Trd, 4317901.293, 96
Trd, 4317902.843, 91
Trd, 4317905.293, 92
Trd, 4317905.393, 92
Trd, 4317906.693, 95
Trd, 4317908.943, 90
Trd, 4317909.493, 92
Trd, 4317910.493, 89
Trd, 4317911.743, 91
Trd, 4317912.643, 90
Trd, 4317915.093, 104
Trd, 4317915.643, 100
Trd, 4317916.943, 100
Trd, 4317917.043, 100
Trd, 4317919.093, 99
Trd, 4317920.043, 99
Trd, 4317921.043, 103
Trd, 4317922.043, 104
Trd, 4317922.643, 98
Trd, 4317922.993, 106
Trd, 4317924.293, 113
Trd, 4317924.493, 106
Trd, 4317926.193, 107
Trd, 4317928.893, 107
Trd, 4317929.643, 100
Trd, 4317930.093, 94
Trd, 4317930.143, 102
Trd, 4317931.943, 103
Trd, 4317932.293, 105
Trd, 4317933.693, 103
Trd, 4317935.793, 99
Trd, 4317936.293, 100
Trd, 4317937.093, 99
Trd, 4317939.743, 97
Trd, 4317940.543, 100
Trd, 4317940.743, 114
Trd, 4317942.793, 104
Trd, 4317943.893, 102
Trd, 4317944.943, 102
Trd, 4317947.293, 100
Trd, 4317947.943, 100
Trd, 4317948.593, 99
Trd, 4317948.993, 98
Trd, 4317951.093, 98
Trd, 4317952.043, 96
Trd, 4317952.893, 95
Trd, 4317953.893, 104
Trd, 4317954.093, 102
Trd, 4317955.543, 101
Trd, 4317956.543, 101
Trd, 4317956.893, 94
Trd, 4317957.593, 100
Trd, 4317957.693, 84
Trd, 4317958.943, 99
Trd, 4317960.693, 104
Trd, 4317962.693, 99
Trd, 4317963.843, 92
Trd, 4317967.343, 95
Trd, 4317969.743, 93
Trd, 4317970.143, 91
Trd, 4317971.843, 93
Trd, 4317974.193, 90
Trd, 4317974.443, 90
Trd, 4317974.793, 93
Trd, 4317975.943, 93
Trd, 4317976.943, 93
Trd, 4317978.593, 94
Trd, 4317979.693, 90
Trd, 4317981.543, 90
Trd, 4317981.693, 88
Trd, 4317983.743, 88
Trd, 4317985.543, 90
Trd, 4317985.693, 95
Trd, 4317985.993, 119
Trd, 4317987.243, 87
Trd, 4317987.293, 102
Trd, 4317990.793, 92
Trd, 4317991.193, 91
Trd, 4317991.243, 90
Trd, 4317991.393, 85
Trd, 4317992.843, 104
Trd, 4317995.043, 104
Trd, 4317995.793, 100
Trd, 4317995.893, 101
Trd, 4317996.793, 122
Trd, 4317997.543, 119
Trd, 4318001.043, 104
Trd, 4318003.093, 98
Trd, 4318003.143, 101
Trd, 4318004.993, 101
Trd, 4318006.043, 101
Trd, 4318006.543, 98
Trd, 4318007.243, 97
Trd, 4318007.843, 100
Trd, 4318010.493, 96
Trd, 4318010.743, 100
Trd, 4318011.443, 101
Trd, 4318012.743, 100
Trd, 4318015.943, 95
Trd, 4318016.643, 96
Trd, 4318017.193, 95
Trd, 4318018.043, 94
Trd, 4318019.843, 95
Trd, 4318020.693, 94
Trd, 4318021.293, 96
Trd, 4318022.193, 93
Trd, 4318025.843, 96
Trd, 4318026.443, 95
Trd, 4318027.743, 92
Trd, 4318027.843, 96
Trd, 4318028.793, 95
Trd, 4318031.443, 95
Trd, 4318031.893, 95
Trd, 4318033.943, 96
Trd, 4318035.093, 97
Trd, 4318037.293, 92
Trd, 4318037.343, 96
Trd, 4318037.893, 94
Trd, 4318039.293, 91
Trd, 4318040.143, 93
Trd, 4318041.093, 104
Trd, 4318043.943, 96
Trd, 4318045.193, 93
Trd, 4318045.243, 97
Trd, 4318046.743, 97
Trd, 4318049.843, 96
Trd, 4318050.093, 96
Trd, 4318052.043, 96
Trd, 4318052.443, 94
Trd, 4318053.593, 95
Trd, 4318055.193, 93
Trd, 4318056.043, 92
Trd, 4318056.343, 93
Trd, 4318058.743, 93
Trd, 4318060.393, 91
Trd, 4318062.043, 92
Trd, 4318064.343, 92
Trd, 4318064.943, 92
Trd, 4318065.443, 90
Trd, 4318067.343, 95
Trd, 4318069.393, 93
Trd, 4318069.743, 101
Trd, 4318070.643, 98
Trd, 4318073.043, 89
Trd, 4318074.543, 98
Trd, 4318077.793, 89
Trd, 4318078.293, 91
Trd, 4318078.543, 91
Trd, 4318078.593, 92
Trd, 4318082.343, 89
Trd, 4318083.093, 91
Trd, 4318083.243, 91
Trd, 4318083.993, 88
Trd, 4318086.843, 95
Trd, 4318086.893, 104
Trd, 4318089.193, 97
Trd, 4318090.193, 87
Trd, 4318090.443, 97
Trd, 4318093.043, 91
Trd, 4318093.443, 90
Trd, 4318095.393, 104
Trd, 4318097.693, 91
Trd, 4318099.443, 94
Trd, 4318099.693, 96
Trd, 4318100.543, 93
Trd, 4318100.943, 90
Trd, 4318103.293, 91
Trd, 4318105.143, 92
Trd, 4318105.493, 122
Trd, 4318106.993, 90
Trd, 4318107.843, 99
Trd, 4318109.693, 90
Trd, 4318109.893, 94
Trd, 4318111.793, 94
Trd, 4318112.343, 94
Trd, 4318114.393, 90
Trd, 4318116.043, 91
Trd, 4318117.993, 91
Trd, 4318118.393, 91
Trd, 4318119.143, 89
Trd, 4318120.443, 94
Trd, 4318121.543, 88
Trd, 4318122.743, 94
Trd, 4318124.743, 92
Trd, 4318126.393, 91
Trd, 4318126.443, 87
Trd, 4318127.043, 92
Trd, 4318129.393, 122
Trd, 4318130.493, 102
Trd, 4318131.193, 104
Trd, 4318134.443, 94
Trd, 4318135.243, 93
Trd, 4318135.343, 93
Trd, 4318135.993, 93
Trd, 4318136.843, 118
Trd, 4318140.443, 95
Trd, 4318140.843, 96
Trd, 4318143.443, 92
Trd, 4318144.093, 93
Trd, 4318146.843, 93
Trd, 4318147.493, 93
Trd, 4318150.243, 92
Trd, 4318150.843, 91
Trd, 4318151.443, 91
Trd, 4318153.793, 91
Trd, 4318155.393, 90
Trd, 4318155.543, 92
Trd, 4318156.743, 95
Trd, 4318157.043, 104
Trd, 4318157.593, 89
Trd, 4318157.843, 96
Trd, 4318161.793, 91
Trd, 4318162.293, 88
Trd, 4318163.593, 91
Trd, 4318164.543, 91
Trd, 4318166.343, 140
Trd, 4318166.843, 87
Trd, 4318167.793, 104
Trd, 4318173.143, 89
Trd, 4318173.443, 90
Trd, 4318174.443, 88
Trd, 4318175.243, 91
Trd, 4318176.743, 91
Trd, 4318179.093, 89
Trd, 4318179.243, 90
Trd, 4318179.493, 87
Trd, 4318181.043, 95
Trd, 4318183.193, 109
Trd, 4318184.143, 108
Trd, 4318184.793, 106
Trd, 4318184.993, 104
Trd, 4318185.493, 85
Trd, 4318186.893, 104
Trd, 4318187.493, 105
Trd, 4318190.343, 105
Trd, 4318192.143, 104
Trd, 4318192.243, 113
Trd, 4318193.793, 98
Trd, 4318195.943, 104
Trd, 4318196.443, 103
Trd, 4318197.093, 102
Trd, 4318199.093, 102
Trd, 4318201.893, 102
Trd, 4318202.293, 101
Trd, 4318203.443, 102
Trd, 4318205.243, 101
Trd, 4318205.943, 100
Trd, 4318208.393, 100
Trd, 4318208.693, 101
Trd, 4318209.493, 101
Trd, 4318210.593, 103
Trd, 4318212.143, 102
Trd, 4318212.343, 99
Trd, 4318213.293, 102
Trd, 4318216.743, 100
Trd, 4318217.043, 101
Trd, 4318218.093, 101
Trd, 4318219.343, 99
Trd, 4318219.943, 99
Trd, 4318220.093, 98
Trd, 4318220.693, 84
Trd, 4318222.343, 104
Trd, 4318223.493, 100
Trd, 4318223.993, 94
Trd, 4318228.243, 93
Trd, 4318229.193, 98
Trd, 4318229.643, 98
Trd, 4318231.043, 95
Trd, 4318231.143, 95
Trd, 4318231.693, 98
Trd, 4318232.543, 104
Trd, 4318233.493, 94
Trd, 4318238.743, 93
Trd, 4318239.293, 95
Trd, 4318239.643, 94
Trd, 4318239.993, 95
Trd, 4318242.093, 94
Trd, 4318242.193, 95
Trd, 4318242.293, 91
Trd, 4318244.543, 95
Trd, 4318244.693, 95
Trd, 4318249.643, 90
Trd, 4318249.893, 90
Trd, 4318250.543, 83
Trd, 4318251.143, 89
Trd, 4318251.993, 95
Trd, 4318253.143, 86
Trd, 4318254.043, 95
Trd, 4318255.593, 93
Trd, 4318257.293, 101
Trd, 4318261.093, 95
Trd, 4318262.043, 95
Trd, 4318263.193, 91
Trd, 4318264.843, 94
Trd, 4318266.843, 93
Trd, 4318267.143, 92
Trd, 4318267.293, 91
Trd, 4318267.693, 91
Trd, 4318270.943, 92
Trd, 4318271.193, 90
Trd, 4318272.443, 93
Trd, 4318273.493, 95
Trd, 4318273.743, 104
Trd, 4318274.843, 89
Trd, 4318277.643, 95
Trd, 4318278.043, 95
Trd, 4318278.993, 96
Trd, 4318279.893, 104
Trd, 4318281.493, 103
Trd, 4318281.643, 103
Trd, 4318282.793, 102
Trd, 4318283.543, 120
Trd, 4318285.393, 117
Trd, 4318290.343, 105
Trd, 4318291.143, 105
Trd, 4318291.443, 105
Trd, 4318291.493, 106
Trd, 4318292.543, 105
Trd, 4318293.643, 106
Trd, 4318295.893, 104
Trd, 4318298.593, 105
Trd, 4318299.293, 105
Trd, 4318300.193, 103
Trd, 4318301.793, 103
Trd, 4318302.993, 103
Trd, 4318303.993, 103
Trd, 4318305.043, 94
Trd, 4318305.193, 104
Trd, 4318306.193, 104
Trd, 4318307.093, 103
Trd, 4318310.043, 102
Trd, 4318310.793, 102
Trd, 4318311.743, 98
Trd, 4318313.593, 102
Trd, 4318315.343, 102
Trd, 4318316.893, 99
Trd, 4318317.743, 100
Trd, 4318317.843, 101
Trd, 4318319.743, 94
Trd, 4318320.243, 99
Trd, 4318322.393, 98
Trd, 4318325.843, 97
Trd, 4318326.843, 96
Trd, 4318326.993, 97
Trd, 4318327.043, 104
Trd, 4318330.543, 97
Trd, 4318330.593, 95
Trd, 4318332.243, 96
Trd, 4318333.343, 95
Trd, 4318334.443, 93
Trd, 4318335.193, 95
Trd, 4318337.343, 95
Trd, 4318339.543, 94
Trd, 4318342.093, 93
Trd, 4318342.193, 94
Trd, 4318342.793, 103
Trd, 4318343.393, 98
Trd, 4318344.843, 98
Trd, 4318345.343, 97
Trd, 4318346.693, 98
Trd, 4318347.893, 95
Trd, 4318348.393, 94
Trd, 4318349.343, 96
Trd, 4318350.193, 97
Trd, 4318351.243, 92
Trd, 4318352.843, 93
Trd, 4318356.293, 93
Trd, 4318358.493, 93
Trd, 4318359.043, 94
Trd, 4318359.743, 92
Trd, 4318360.293, 91
Trd, 4318361.343, 104
Trd, 4318361.443, 103
Trd, 4318362.593, 92
Trd, 4318364.343, 103
Trd, 4318364.593, 102
Trd, 4318367.293, 98
Trd, 4318368.193, 100
Trd, 4318368.493, 98
Trd, 4318370.143, 99
Trd, 4318370.493, 93
Trd, 4318372.343, 98
Trd, 4318372.843, 98
Trd, 4318373.843, 98
Trd, 4318374.843, 103
Trd, 4318375.143, 95
Trd, 4318378.193, 99
Trd, 4318378.643, 100
Trd, 4318381.043, 98
Trd, 4318381.193, 99
Trd, 4318382.193, 95
Trd, 4318384.693, 95
Trd, 4318386.893, 94
Trd, 4318387.143, 93
Trd, 4318387.293, 93
Trd, 4318387.543, 96
Trd, 4318388.243, 104
Trd, 4318390.793, 99
Trd, 4318391.193, 103
Trd, 4318391.843, 92
Trd, 4318393.643, 101
Trd, 4318397.943, 97
Trd, 4318398.543, 91
Trd, 4318400.943, 92
Trd, 4318401.643, 92
Trd, 4318401.943, 90
Trd, 4318402.043, 91
Trd, 4318402.343, 95
Trd, 4318406.243, 89
Trd, 4318407.843, 91
Trd, 4318408.893, 91
Trd, 4318409.293, 91
Trd, 4318412.193, 93
Trd, 4318413.393, 92
Trd, 4318414.843, 95
Trd, 4318415.743, 98
Trd, 4318416.793, 97
Trd, 4318417.943, 97
Trd, 4318418.343, 104
Trd, 4318418.793, 103
Trd, 4318420.393, 103
Trd, 4318420.943, 121
Trd, 4318422.093, 112
Trd, 4318424.543, 102
Trd, 4318425.943, 104
Trd, 4318428.593, 101
Trd, 4318428.793, 103
Trd, 4318428.943, 105
Trd, 4318430.493, 100
Trd, 4318430.693, 104
Trd, 4318432.093, 104
Trd, 4318436.343, 101
Trd, 4318436.943, 100
Trd, 4318438.493, 100
Trd, 4318439.143, 101
Trd, 4318441.343, 98
Trd, 4318443.243, 99
Trd, 4318443.343, 98
Trd, 4318444.343, 94
Trd, 4318444.393, 104
Trd, 4318448.693, 98
Trd, 4318449.343, 95
Trd, 4318450.443, 98
Trd, 4318452.993, 94
Trd, 4318454.243, 95
Trd, 4318454.343, 94
Trd, 4318454.493, 84
Trd, 4318454.543, 104
Trd, 4318456.443, 96
Trd, 4318457.693, 97
Trd, 4318459.393, 90
Trd, 4318459.543, 93
Trd, 4318461.843, 92
Trd, 4318462.393, 92
Trd, 4318463.243, 89
Trd, 4318464.843, 90
Trd, 4318466.893, 91
Trd, 4318468.993, 89
Trd, 4318469.193, 91
Trd, 4318472.143, 91
Trd, 4318472.943, 88
Trd, 4318475.043, 90
Trd, 4318479.243, 87
Trd, 4318479.393, 88
Trd, 4318479.643, 87
Trd, 4318480.243, 86
Trd, 4318480.943, 86
Trd, 4318482.093, 95
Trd, 4318482.193, 126
Trd, 4318485.693, 99
Trd, 4318486.293, 85
Trd, 4318486.393, 100
Trd, 4318486.943, 100
Trd, 4318487.943, 104
Trd, 4318490.593, 98
Trd, 4318491.043, 102
Trd, 4318492.193, 103
Trd, 4318494.743, 99
Trd, 4318495.393, 99
Trd, 4318496.143, 101
Trd, 4318496.743, 98
Trd, 4318498.493, 102
Trd, 4318498.843, 101
Trd, 4318499.143, 102
Trd, 4318502.543, 99
Trd, 4318502.593, 100
Trd, 4318502.993, 100
Trd, 4318505.643, 98
Trd, 4318505.743, 98
Trd, 4318506.343, 94
Trd, 4318507.743, 99
Trd, 4318509.843, 96
Trd, 4318511.943, 95
Trd, 4318512.093, 94
Trd, 4318513.943, 94
Trd, 4318514.293, 95
Trd, 4318514.943, 95
Trd, 4318517.393, 95
Trd, 4318517.843, 95
Trd, 4318519.993, 96
Trd, 4318520.593, 94
Trd, 4318521.793, 96
Trd, 4318523.893, 94
Trd, 4318525.493, 95
Trd, 4318525.743, 94
Trd, 4318526.843, 94
Trd, 4318527.443, 93
Trd, 4318528.193, 94
Trd, 4318531.043, 93
Trd, 4318531.893, 93
Trd, 4318532.193, 94
Trd, 4318533.693, 94
Trd, 4318535.843, 94
Trd, 4318535.893, 93
Trd, 4318537.743, 93
Trd, 4318538.593, 91
Trd, 4318541.193, 93
Trd, 4318541.243, 95
Trd, 4318544.493, 93
Trd, 4318544.893, 95
Trd, 4318547.093, 94
Trd, 4318548.043, 94
Trd, 4318548.093, 92
Trd, 4318548.843, 95
Trd, 4318549.543, 104
Trd, 4318552.343, 97
Trd, 4318552.793, 94
Trd, 4318553.593, 96
Trd, 4318554.743, 112
Trd, 4318556.093, 102
Trd, 4318558.693, 104
Trd, 4318559.543, 103
Trd, 4318560.893, 104
Trd, 4318562.393, 103
Trd, 4318562.993, 103
Trd, 4318564.093, 104
Trd, 4318564.743, 104
Trd, 4318569.093, 103
Trd, 4318569.593, 102
Trd, 4318571.243, 103
Trd, 4318571.693, 104
Trd, 4318571.743, 101
Trd, 4318574.943, 102
Trd, 4318575.593, 103
Trd, 4318578.943, 104
Trd, 4318581.143, 101
Trd, 4318582.343, 105
Trd, 4318583.193, 103
Trd, 4318584.643, 104
Trd, 4318584.993, 103
Trd, 4318585.293, 103
Trd, 4318586.543, 94
Trd, 4318587.393, 103
Trd, 4318588.893, 102
Trd, 4318589.243, 101
Trd, 4318591.993, 100
Trd, 4318592.293, 99
Trd, 4318596.443, 100
Trd, 4318596.543, 101
Trd, 4318596.993, 104
Trd, 4318597.943, 99
Trd, 4318600.143, 97
Trd, 4318600.543, 97
Trd, 4318601.543, 95
Trd, 4318601.693, 94
Trd, 4318603.693, 93
Trd, 4318604.143, 117
Trd, 4318606.743, 101
Trd, 4318607.793, 100
Trd, 4318608.243, 93
Trd, 4318608.293, 99
Trd, 4318609.943, 92
Trd, 4318611.393, 94
Trd, 4318612.243, 92
Trd, 4318613.293, 93
Trd, 4318613.843, 96
Trd, 4318615.593, 95
Trd, 4318616.543, 91
Trd, 4318617.993, 92
Trd, 4318618.993, 92
Trd, 4318620.043, 94
Trd, 4318621.893, 95
Trd, 4318623.293, 91
Trd, 4318625.443, 95
Trd, 4318626.793, 95
Trd, 4318627.393, 104
Trd, 4318627.443, 91
Trd, 4318629.843, 92
Trd, 4318630.643, 92
Trd, 4318631.143, 93
Trd, 4318632.243, 95
Trd, 4318633.543, 90
Trd, 4318634.293, 95
Trd, 4318637.343, 93
Trd, 4318637.943, 95
Trd, 4318639.343, 104
Trd, 4318639.593, 99
Trd, 4318639.743, 93
Trd, 4318642.093, 99
Trd, 4318643.543, 99
Trd, 4318643.993, 99
Trd, 4318644.393, 98
Trd, 4318646.593, 98
Trd, 4318647.143, 98
Trd, 4318648.343, 98
Trd, 4318650.143, 98
Trd, 4318651.593, 97
Trd, 4318652.193, 98
Trd, 4318654.093, 98
Trd, 4318654.343, 96
Trd, 4318655.143, 95
Trd, 4318656.293, 99
Trd, 4318656.943, 104
Trd, 4318659.843, 95
Trd, 4318660.143, 96
Trd, 4318661.243, 94
Trd, 4318663.643, 96
Trd, 4318665.993, 94
Trd, 4318666.193, 93
Trd, 4318666.593, 95
Trd, 4318667.343, 95
Trd, 4318668.243, 95
Trd, 4318669.843, 95
Trd, 4318671.243, 93
Trd, 4318674.293, 92
Trd, 4318674.793, 93
Trd, 4318676.393, 93
Trd, 4318677.743, 91
Trd, 4318677.893, 95
Trd, 4318677.943, 104
Trd, 4318680.793, 94
Trd, 4318682.943, 95
Trd, 4318684.993, 91
Trd, 4318685.643, 93
Trd, 4318687.793, 92
Trd, 4318688.543, 90
Trd, 4318689.793, 90
Trd, 4318690.093, 92
Trd, 4318690.493, 104
Trd, 4318690.793, 89
Trd, 4318693.093, 93
Trd, 4318694.543, 95
Trd, 4318695.693, 93
Trd, 4318696.543, 89
Trd, 4318697.193, 94
Trd, 4318697.543, 95
Trd, 4318700.393, 95
Trd, 4318700.443, 96
Trd, 4318701.693, 104
Trd, 4318702.143, 88
Trd, 4318704.493, 104
Trd, 4318707.443, 99
Trd, 4318707.743, 99
Trd, 4318709.293, 96
Trd, 4318709.843, 99
Trd, 4318713.793, 99
Trd, 4318714.493, 99
Trd, 4318714.743, 99
Trd, 4318715.193, 96
Trd, 4318715.393, 95
Trd, 4318716.943, 96
Trd, 4318718.193, 97
Trd, 4318719.943, 94
Trd, 4318721.143, 94
Trd, 4318721.343, 97
Trd, 4318723.393, 93
Trd, 4318725.543, 95
Trd, 4318727.043, 93
Trd, 4318728.043, 92
Trd, 4318729.093, 94
Trd, 4318729.293, 74
Trd, 4318730.493, 94
Trd, 4318730.893, 94
Trd, 4318733.043, 93
Trd, 4318735.593, 94
Trd, 4318735.743, 87
Trd, 4318736.743, 94
Trd, 4318736.843, 95
Trd, 4318739.343, 103
Trd, 4318740.643, 96
Trd, 4318741.943, 96
Trd, 4318742.293, 99
Trd, 4318742.643, 99
Trd, 4318747.143, 94
Trd, 4318749.043, 94
Trd, 4318749.093, 95
Trd, 4318751.143, 95
Trd, 4318751.493, 104
Trd, 4318755.793, 95
Trd, 4318755.993, 95
Trd, 4318757.293, 93
Trd, 4318757.643, 95
Trd, 4318760.043, 92
Trd, 4318760.193, 94
Trd, 4318760.643, 94
Trd, 4318762.843, 94
Trd, 4318762.993, 95
Trd, 4318764.243, 103
Trd, 4318765.743, 97
Trd, 4318769.543, 98
Trd, 4318769.943, 97
Trd, 4318770.643, 95
Trd, 4318771.143, 97
Trd, 4318772.643, 96
Trd, 4318773.293, 93
Trd, 4318773.743, 95
Trd, 4318774.843, 92
Trd, 4318777.393, 95
Trd, 4318778.543, 96
Trd, 4318778.993, 92
Trd, 4318779.343, 96
Trd, 4318780.943, 102
Trd, 4318781.093, 104
Trd, 4318783.593, 99
Trd, 4318784.243, 95
Trd, 4318785.493, 93
Trd, 4318788.443, 95
Trd, 4318788.543, 95
Trd, 4318788.743, 92
Trd, 4318789.893, 94
Trd, 4318791.593, 93
Trd, 4318794.243, 92
Trd, 4318795.343, 92
Trd, 4318796.593, 93
Trd, 4318797.093, 94
Trd, 4318798.593, 94
Trd, 4318799.543, 92
Trd, 4318799.693, 95
Trd, 4318803.143, 95
Trd, 4318803.693, 95
Trd, 4318804.593, 92
Trd, 4318805.293, 100
Trd, 4318808.893, 93
Trd, 4318810.443, 94
Trd, 4318810.493, 92
Trd, 4318811.993, 93
Trd, 4318812.293, 95
Trd, 4318814.343, 95
Trd, 4318816.193, 90
Trd, 4318818.893, 95
Trd, 4318819.293, 95
Trd, 4318819.443, 96
Trd, 4318821.043, 90
Trd, 4318822.443, 95
Trd, 4318823.243, 89
Trd, 4318824.293, 93
Trd, 4318824.443, 92
Trd, 4318828.593, 90
Trd, 4318829.543, 88
Trd, 4318830.893, 88
Trd, 4318831.143, 89
Trd, 4318831.743, 95
Trd, 4318832.193, 104
Trd, 4318832.293, 87
Trd, 4318833.293, 120
Trd, 4318834.043, 122
Trd, 4318837.043, 86
Trd, 4318837.993, 97
Trd, 4318840.043, 85
Trd, 4318842.043, 94
Trd, 4318843.043, 94
Trd, 4318844.193, 91
Trd, 4318844.543, 95
Trd, 4318845.493, 92
Trd, 4318846.393, 87
Trd, 4318850.143, 91
Trd, 4318851.543, 86
Trd, 4318852.393, 90
Trd, 4318853.593, 90
Trd, 4318854.743, 90
Trd, 4318856.343, 95
Trd, 4318857.093, 85
Trd, 4318858.893, 89
Trd, 4318859.943, 89
Trd, 4318861.643, 89
Trd, 4318862.193, 95
Trd, 4318862.593, 84
Trd, 4318865.743, 88
Trd, 4318867.543, 89
Trd, 4318868.843, 89
Trd, 4318869.293, 95
Trd, 4318871.143, 87
Trd, 4318871.843, 87
Trd, 4318872.193, 87
Trd, 4318872.743, 86
Trd, 4318873.293, 104
Trd, 4318874.943, 90
Trd, 4318876.493, 94
Trd, 4318878.043, 93
Trd, 4318878.093, 95
Trd, 4318879.043, 95
Trd, 4318879.843, 95
Trd, 4318879.993, 93
Trd, 4318885.543, 93
Trd, 4318887.243, 92
Trd, 4318887.443, 94
Trd, 4318888.343, 93
Trd, 4318890.143, 91
Trd, 4318890.193, 93
Trd, 4318892.693, 94
Trd, 4318893.493, 95
Trd, 4318894.343, 90
Trd, 4318895.593, 94
Trd, 4318895.643, 95
Trd, 4318897.193, 92
Trd, 4318899.243, 93
Trd, 4318899.943, 94
Trd, 4318901.293, 95
Trd, 4318903.093, 96
Trd, 4318904.793, 92
Trd, 4318905.343, 92
Trd, 4318905.793, 93
Trd, 4318905.893, 95
Trd, 4318906.393, 95
Trd, 4318913.243, 92
Trd, 4318913.343, 92
Trd, 4318913.843, 91
Trd, 4318915.143, 90
Trd, 4318915.293, 95
Trd, 4318915.843, 104
Trd, 4318919.043, 96
Trd, 4318921.743, 92
Trd, 4318922.393, 89
Trd, 4318922.893, 94
Trd, 4318924.143, 95
Trd, 4318928.093, 91
Trd, 4318928.743, 91
Trd, 4318928.843, 88
Trd, 4318930.293, 95
Trd, 4318931.643, 87
Trd, 4318933.943, 90
Trd, 4318935.793, 88
Trd, 4318936.043, 88
Trd, 4318936.443, 95
Trd, 4318936.943, 104
Trd, 4318938.143, 94
Trd, 4318941.543, 86
Trd, 4318942.093, 94
Trd, 4318942.543, 95
Trd, 4318944.643, 93
Trd, 4318945.393, 85
Trd, 4318946.843, 92
Trd, 4318948.693, 90
Trd, 4318949.343, 89
Trd, 4318949.743, 84
Trd, 4318951.343, 83
Trd, 4318954.693, 89
Trd, 4318955.743, 90
Trd, 4318955.793, 95
Trd, 4318956.243, 83
Trd, 4318957.093, 93
Trd, 4318958.843, 93
Trd, 4318960.643, 94
Trd, 4318964.093, 93
Trd, 4318964.893, 89
Trd, 4318965.293, 92
Trd, 4318966.493, 93
Trd, 4318967.743, 89
Trd, 4318969.443, 90
Trd, 4318969.493, 90
Trd, 4318969.993, 95
Trd, 4318970.693, 93
Trd, 4318971.293, 104
Trd, 4318971.993, 76
Trd, 4318975.343, 106
Trd, 4318976.143, 100
Trd, 4318976.493, 101
Trd, 4318978.693, 108
Trd, 4318979.193, 104
Trd, 4318980.193, 74
Trd, 4318980.793, 103
Trd, 4318981.443, 104
Trd, 4318981.943, 100
Trd, 4318983.993, 95
Trd, 4318984.093, 96
Trd, 4318985.793, 95
Trd, 4318986.843, 94
Trd, 4318987.893, 95
Trd, 4318990.543, 94
Trd, 4318993.293, 94
Trd, 4318994.693, 95
Trd, 4318995.193, 95
Trd, 4318997.343, 102
Trd, 4318997.643, 95
Trd, 4318999.243, 100
Trd, 4319001.893, 97
Trd, 4319004.993, 95
Trd, 4319005.343, 97
Trd, 4319006.093, 95
Trd, 4319008.793, 96
Trd, 4319009.043, 94
Trd, 4319009.843, 96
Trd, 4319011.943, 93
Trd, 4319013.543, 93
Trd, 4319014.793, 92
Trd, 4319014.893, 93
Trd, 4319015.293, 92
Trd, 4319016.793, 96
Trd, 4319019.543, 107
Trd, 4319019.593, 104
Trd, 4319019.993, 105
Trd, 4319021.093, 90
Trd, 4319021.643, 105
Trd, 4319021.843, 113
Trd, 4319022.743, 85
Trd, 4319023.943, 107
Trd, 4319024.243, 122
Trd, 4319025.643, 111
Trd, 4319026.343, 109
Trd, 4319026.943, 113
Trd, 4319029.593, 109
Trd, 4319031.693, 108
Trd, 4319032.093, 110
Trd, 4319032.343, 111
Trd, 4319033.743, 106
Trd, 4319034.493, 110
Trd, 4319035.593, 104
Trd, 4319036.743, 100
Trd, 4319038.393, 100
Trd, 4319039.493, 93
Trd, 4319039.943, 93
Trd, 4319040.543, 95
Trd, 4319041.643, 94
Trd, 4319041.693, 104
Trd, 4319045.093, 93
Trd, 4319045.993, 95
Trd, 4319046.343, 95
Trd, 4319047.593, 93
Trd, 4319049.143, 94
Trd, 4319049.243, 92
Trd, 4319049.393, 92
Trd, 4319051.743, 94
Trd, 4319053.993, 92
Trd, 4319054.893, 94
Trd, 4319056.143, 92
Trd, 4319056.493, 104
Trd, 4319057.343, 94
Trd, 4319058.543, 91
Trd, 4319058.893, 97
Trd, 4319062.043, 96
Trd, 4319062.993, 95
Trd, 4319064.443, 93
Trd, 4319065.693, 90
Trd, 4319066.393, 102
Trd, 4319068.143, 104
Trd, 4319068.343, 93
Trd, 4319069.843, 97
Trd, 4319071.643, 97
Trd, 4319076.293, 95
Trd, 4319077.393, 95
Trd, 4319077.493, 92
Trd, 4319079.243, 94
Trd, 4319080.793, 94
Trd, 4319081.893, 95
Trd, 4319082.543, 91
Trd, 4319085.643, 92
Trd, 4319086.093, 79
Trd, 4319086.493, 93
Trd, 4319087.193, 94
Trd, 4319090.643, 88
Trd, 4319091.143, 89
Trd, 4319092.943, 89
Trd, 4319093.443, 86
Trd, 4319095.143, 89
Trd, 4319095.743, 95
Trd, 4319098.343, 92
Trd, 4319100.543, 91
Trd, 4319100.593, 85
Trd, 4319103.943, 86
Trd, 4319104.143, 86
Trd, 4319106.343, 88
Trd, 4319107.593, 85
Trd, 4319108.743, 88
Trd, 4319108.893, 95
Trd, 4319109.093, 85
Trd, 4319110.543, 91
Trd, 4319114.543, 104
Trd, 4319115.743, 103
Trd, 4319115.943, 104
Trd, 4319117.343, 99
Trd, 4319118.343, 99
Trd, 4319120.543, 98
Trd, 4319121.243, 98
Trd, 4319121.493, 94
Trd, 4319122.193, 104
Trd, 4319123.743, 102
Trd, 4319123.793, 122
Trd, 4319126.943, 105
Trd, 4319127.743, 104
Trd, 4319128.393, 105
Trd, 4319129.093, 100
Trd, 4319131.693, 99
Trd, 4319133.093, 93
Trd, 4319133.243, 99
Trd, 4319134.193, 99
Trd, 4319134.493, 105
Trd, 4319136.143, 96
Trd, 4319136.793, 96
Trd, 4319136.943, 99
Trd, 4319138.043, 105
Trd, 4319138.893, 94
Trd, 4319138.943, 100
Trd, 4319141.393, 101
Trd, 4319141.443, 94
Trd, 4319142.343, 100
Trd, 4319143.493, 100
Trd, 4319145.293, 100
Trd, 4319145.543, 100
Trd, 4319148.743, 98
Trd, 4319149.993, 100
Trd, 4319150.643, 100
Trd, 4319152.243, 100
Trd, 4319153.493, 96
Trd, 4319156.243, 99
Trd, 4319158.293, 95
Trd, 4319159.343, 94
Trd, 4319160.293, 94
Trd, 4319160.593, 71
Trd, 4319161.293, 80
Trd, 4319162.493, 80
Trd, 4319163.243, 86
Trd, 4319164.843, 95
Trd, 4319165.943, 95
Trd, 4319167.193, 95
Trd, 4319168.593, 103
Trd, 4319169.393, 104
Trd, 4319170.143, 94
Trd, 4319170.943, 98
Trd, 4319172.193, 98
Trd, 4319172.393, 94
Trd, 4319173.993, 103
Trd, 4319175.393, 98
Trd, 4319176.693, 96
Trd, 4319177.793, 98
Trd, 4319177.843, 99
Trd, 4319178.143, 97
Trd, 4319178.193, 104
Trd, 4319180.993, 100
Trd, 4319181.043, 96
Trd, 4319183.093, 104
Trd, 4319183.993, 102
Trd, 4319185.993, 99
Trd, 4319186.243, 102
Trd, 4319187.043, 103
Trd, 4319190.493, 99
Trd, 4319191.593, 97
Trd, 4319191.643, 98
Trd, 4319193.443, 97
Trd, 4319193.993, 96
Trd, 4319195.093, 104
Trd, 4319196.643, 101
Trd, 4319198.443, 101
Trd, 4319198.993, 94
Trd, 4319199.993, 113
Trd, 4319200.743, 104
Trd, 4319201.393, 104
Trd, 4319202.943, 101
Trd, 4319203.593, 101
Trd, 4319206.893, 100
Trd, 4319206.993, 97
Trd, 4319209.343, 93
Trd, 4319210.443, 99
Trd, 4319210.593, 93
Trd, 4319211.893, 91
Trd, 4319212.193, 91
Trd, 4319212.393, 97
Trd, 4319213.193, 97
Trd, 4319216.593, 94
Trd, 4319216.843, 95
Trd, 4319218.493, 94
Trd, 4319218.943, 96
Trd, 4319220.443, 95
Trd, 4319221.193, 92
Trd, 4319222.093, 96
Trd, 4319224.893, 95
Trd, 4319225.393, 94
Trd, 4319225.743, 94
Trd, 4319226.743, 95
Trd, 4319228.043, 92
Trd, 4319229.843, 97
Trd, 4319232.493, 94
Trd, 4319233.143, 96
Trd, 4319234.093, 96
Trd, 4319235.693, 96
Trd, 4319236.993, 103
Trd, 4319237.743, 104
Trd, 4319241.543, 96
Trd, 4319242.843, 96
Trd, 4319243.643, 94
Trd, 4319244.943, 97
Trd, 4319245.093, 97
Trd, 4319247.243, 95
Trd, 4319247.543, 94
Trd, 4319249.893, 93
Trd, 4319250.493, 94
Trd, 4319254.593, 92
Trd, 4319255.043, 90
Trd, 4319255.593, 91
Trd, 4319255.793, 91
Trd, 4319257.193, 89
Trd, 4319258.293, 95
Trd, 4319260.193, 92
Trd, 4319260.643, 89
Trd, 4319261.193, 101
Trd, 4319263.843, 88
Trd, 4319264.993, 96
Trd, 4319265.793, 95
Trd, 4319266.743, 88
Trd, 4319267.443, 96
Trd, 4319268.093, 102
Trd, 4319270.043, 98
Trd, 4319270.843, 97
Trd, 4319272.843, 94
Trd, 4319273.743, 95
Trd, 4319276.243, 93
Trd, 4319276.293, 94
Trd, 4319277.893, 95
Trd, 4319278.193, 104
Trd, 4319279.093, 92
Trd, 4319281.343, 92
Trd, 4319282.043, 91
Trd, 4319282.893, 94
Trd, 4319285.043, 90
Trd, 4319285.943, 92
Trd, 4319287.243, 92
Trd, 4319289.043, 100
Trd, 4319289.443, 104
Trd, 4319291.443, 100
Trd, 4319291.893, 99
Trd, 4319292.493, 94
Trd, 4319293.743, 96
Trd, 4319293.993, 97
Trd, 4319294.443, 93
Trd, 4319295.743, 122
Trd, 4319297.793, 99
Trd, 4319298.043, 99
Trd, 4319299.343, 104
Trd, 4319299.893, 94
Trd, 4319301.643, 100
Trd, 4319302.443, 97
Trd, 4319303.593, 96
Trd, 4319304.543, 93
Trd, 4319308.693, 95
Trd, 4319311.093, 93
Trd, 4319312.043, 92
Trd, 4319312.843, 95
Trd, 4319313.443, 91
Trd, 4319314.993, 93
Trd, 4319316.043, 92
Trd, 4319317.343, 95
Trd, 4319318.343, 104
Trd, 4319318.743, 98
Trd, 4319318.943, 98
Trd, 4319320.093, 97
Trd, 4319320.243, 123
Trd, 4319323.093, 106
Trd, 4319323.343, 98
Trd, 4319323.643, 106
Trd, 4319326.643, 101
Trd, 4319327.793, 103
Trd, 4319329.493, 101
Trd, 4319330.843, 99
Trd, 4319332.393, 97
Trd, 4319332.543, 97
Trd, 4319333.343, 99
Trd, 4319333.693, 104
Trd, 4319336.143, 101
Trd, 4319338.593, 98
Trd, 4319338.643, 97
Trd, 4319339.893, 97
Trd, 4319340.743, 97
Trd, 4319340.893, 94
Trd, 4319343.093, 95
Trd, 4319344.343, 94
Trd, 4319344.443, 94
Trd, 4319346.293, 95
Trd, 4319347.843, 103
Trd, 4319348.193, 98
Trd, 4319348.743, 104
Trd, 4319349.693, 117
Trd, 4319351.743, 104
Trd, 4319352.593, 97
Trd, 4319355.893, 104
Trd, 4319358.193, 99
Trd, 4319358.793, 101
Trd, 4319358.993, 102
Trd, 4319359.293, 98
Trd, 4319360.243, 102
Trd, 4319360.793, 103
Trd, 4319363.543, 97
Trd, 4319363.943, 96
Trd, 4319364.593, 84
Trd, 4319365.093, 97
Trd, 4319366.043, 97
Trd, 4319367.343, 104
Trd, 4319368.493, 112
Trd, 4319369.293, 90
Trd, 4319370.843, 96
Trd, 4319372.543, 93
Trd, 4319372.743, 94
Trd, 4319373.143, 96
Trd, 4319375.943, 93
Trd, 4319376.393, 95
Trd, 4319376.743, 96
Trd, 4319379.593, 94
Trd, 4319379.843, 93
Trd, 4319382.593, 92
Trd, 4319382.643, 92
Trd, 4319383.593, 128
Trd, 4319383.793, 113
Trd, 4319383.893, 117
Trd, 4319385.443, 111
Trd, 4319387.993, 110
Trd, 4319389.943, 104
Trd, 4319389.993, 108
Trd, 4319390.593, 85
Trd, 4319392.593, 104
Trd, 4319394.793, 104
Trd, 4319394.843, 105
Trd, 4319395.393, 103
Trd, 4319398.193, 102
Trd, 4319398.443, 103
Trd, 4319400.643, 102
Trd, 4319400.893, 102
Trd, 4319402.043, 103
Trd, 4319403.193, 101
Trd, 4319406.193, 101
Trd, 4319407.893, 102
Trd, 4319409.243, 100
Trd, 4319409.343, 103
Trd, 4319409.893, 104
Trd, 4319413.443, 102
Trd, 4319413.793, 103
Trd, 4319414.143, 100
Trd, 4319415.593, 99
Trd, 4319416.343, 100
Trd, 4319416.893, 100
Trd, 4319417.093, 104
Trd, 4319418.193, 98
Trd, 4319418.443, 100
Trd, 4319420.943, 97
Trd, 4319422.493, 95
Trd, 4319422.643, 97
Trd, 4319424.393, 98
Trd, 4319424.493, 98
Trd, 4319427.243, 96
Trd, 4319427.343, 97
Trd, 4319429.043, 94
Trd, 4319430.243, 97
Trd, 4319432.643, 97
Trd, 4319433.543, 94
Trd, 4319433.843, 96
Trd, 4319435.293, 114
Trd, 4319435.943, 109
Trd, 4319437.793, 104
Trd, 4319438.593, 104
Trd, 4319439.743, 104
Trd, 4319440.193, 104
Trd, 4319442.393, 103
Trd, 4319443.243, 104
Trd, 4319443.793, 104
Trd, 4319445.143, 101
Trd, 4319445.743, 102
Trd, 4319447.443, 97
Trd, 4319448.343, 101
Trd, 4319448.543, 94
Trd, 4319451.043, 94
Trd, 4319451.843, 96
Trd, 4319452.543, 96
Trd, 4319453.793, 95
Trd, 4319455.093, 104
Trd, 4319455.493, 100
Trd, 4319457.343, 96
Trd, 4319458.893, 95
Trd, 4319458.993, 96
Trd, 4319459.143, 84
Trd, 4319459.443, 104
Trd, 4319461.193, 100
Trd, 4319461.693, 108
Trd, 4319464.143, 103
Trd, 4319466.143, 102
Trd, 4319466.893, 103
Trd, 4319467.693, 101
Trd, 4319469.443, 92
Trd, 4319469.493, 101
Trd, 4319473.193, 102
Trd, 4319474.493, 101
Trd, 4319475.243, 99
Trd, 4319475.693, 101
Trd, 4319477.193, 104
Trd, 4319477.893, 102
Trd, 4319477.943, 117
Trd, 4319479.793, 98
Trd, 4319482.243, 101
Trd, 4319483.793, 100
Trd, 4319485.493, 98
Trd, 4319485.943, 98
Trd, 4319485.993, 97
Trd, 4319489.493, 97
Trd, 4319490.093, 96
Trd, 4319490.893, 94
Trd, 4319492.343, 97
Trd, 4319493.343, 103
Trd, 4319494.343, 99
Trd, 4319494.393, 104
Trd, 4319495.543, 95
Trd, 4319495.693, 101
Trd, 4319496.493, 122
Trd, 4319498.793, 94
Trd, 4319499.643, 106
Trd, 4319502.543, 104
Trd, 4319503.443, 103
Trd, 4319505.493, 103
Trd, 4319505.643, 102
Trd, 4319508.243, 101
Trd, 4319508.843, 99
Trd, 4319511.843, 100
Trd, 4319512.543, 100
Trd, 4319514.143, 100
Trd, 4319514.993, 98
Trd, 4319516.043, 98
Trd, 4319516.193, 104
Trd, 4319516.893, 94
Trd, 4319519.093, 95
Trd, 4319519.443, 99
Trd, 4319520.493, 98
Trd, 4319522.593, 97
Trd, 4319523.493, 97
Trd, 4319524.543, 97
Trd, 4319525.393, 97
Trd, 4319526.593, 96
Trd, 4319527.793, 122
Trd, 4319528.943, 104
Trd, 4319529.343, 105
Trd, 4319529.443, 94
Trd, 4319533.593, 97
Trd, 4319535.043, 100
Trd, 4319537.243, 96
Trd, 4319537.493, 98
Trd, 4319539.093, 99
Trd, 4319539.243, 95
Trd, 4319540.693, 97
Trd, 4319540.943, 98
Trd, 4319542.993, 94
Trd, 4319544.593, 97
Trd, 4319545.293, 97
Trd, 4319546.993, 112
Trd, 4319547.193, 105
Trd, 4319548.793, 105
Trd, 4319549.593, 103
Trd, 4319550.893, 93
Trd, 4319551.843, 102
Trd, 4319552.193, 100
Trd, 4319554.293, 101
Trd, 4319554.993, 99
Trd, 4319555.343, 100
Trd, 4319555.643, 99
Trd, 4319557.493, 98
Trd, 4319558.193, 97
Trd, 4319558.893, 94
Trd, 4319559.993, 104
Trd, 4319560.943, 100
Trd, 4319562.493, 100
Trd, 4319563.843, 100
Trd, 4319564.843, 104
Trd, 4319566.143, 99
Trd, 4319566.343, 100
Trd, 4319567.493, 96
Trd, 4319567.643, 97
Trd, 4319568.943, 93
Trd, 4319569.693, 94
Trd, 4319572.393, 93
Trd, 4319572.593, 96
Trd, 4319572.793, 104
Trd, 4319573.643, 92
Trd, 4319576.793, 95
Trd, 4319577.193, 94
Trd, 4319577.243, 97
Trd, 4319578.793, 93
Trd, 4319579.193, 95
Trd, 4319582.093, 95
Trd, 4319584.743, 95
Trd, 4319584.893, 94
Trd, 4319585.443, 104
Trd, 4319586.143, 122
Trd, 4319587.243, 102
Trd, 4319589.743, 99
Trd, 4319590.393, 99
Trd, 4319590.593, 94
Trd, 4319592.143, 98
Trd, 4319594.693, 96
Trd, 4319595.743, 96
Trd, 4319596.843, 96
Trd, 4319596.993, 96
Trd, 4319598.443, 104
Trd, 4319599.493, 121
Trd, 4319600.593, 105
Trd, 4319601.543, 112
Trd, 4319602.043, 122
Trd, 4319605.643, 110
Trd, 4319605.843, 104
Trd, 4319605.943, 110
Trd, 4319606.193, 110
Trd, 4319608.893, 105
Trd, 4319609.493, 104
Trd, 4319611.443, 104
Trd, 4319611.893, 103
Trd, 4319613.043, 102
Trd, 4319613.843, 104
Trd, 4319615.043, 103
Trd, 4319615.843, 114
Trd, 4319617.893, 104
Trd, 4319618.593, 105
Trd, 4319621.393, 103
Trd, 4319621.543, 103
Trd, 4319622.793, 103
Trd, 4319622.893, 103
Trd, 4319624.193, 102
Trd, 4319624.593, 104
Trd, 4319627.543, 101
Trd, 4319628.193, 102
Trd, 4319628.743, 103
Trd, 4319630.393, 100
Trd, 4319630.693, 102
Trd, 4319632.043, 103
Trd, 4319632.293, 104
Trd, 4319632.893, 102
Trd, 4319634.343, 94
Trd, 4319636.293, 103
Trd, 4319637.893, 104
Trd, 4319638.243, 102
Trd, 4319638.493, 102
Trd, 4319638.943, 101
Trd, 4319640.543, 102
Trd, 4319641.743, 104
Trd, 4319642.043, 100
Trd, 4319643.643, 112
Trd, 4319644.243, 119
Trd, 4319644.443, 121
Trd, 4319647.393, 108
Trd, 4319647.793, 109
Trd, 4319648.943, 107
Trd, 4319649.893, 104
Trd, 4319651.543, 107
Trd, 4319651.843, 104
Trd, 4319653.793, 103
Trd, 4319655.593, 105
Trd, 4319656.193, 103
Trd, 4319657.043, 102
Trd, 4319658.293, 101
Trd, 4319659.643, 101
Trd, 4319659.893, 102
Trd, 4319662.743, 100
Trd, 4319663.193, 101
Trd, 4319663.243, 99
Trd, 4319664.793, 102
Trd, 4319665.343, 97
Trd, 4319666.343, 102
Trd, 4319668.893, 102
Trd, 4319671.193, 102
Trd, 4319673.093, 102
Trd, 4319673.293, 96
Trd, 4319676.493, 99
Trd, 4319678.493, 97
Trd, 4319679.243, 95
Trd, 4319679.293, 96
Trd, 4319681.193, 94
Trd, 4319681.643, 94
Trd, 4319681.893, 96
Trd, 4319683.543, 96
Trd, 4319683.993, 96
Trd, 4319684.743, 93
Trd, 4319687.493, 96
Trd, 4319688.093, 97
Trd, 4319688.293, 92
Trd, 4319689.343, 104
Trd, 4319691.393, 99
Trd, 4319694.143, 93
Trd, 4319695.243, 91
Trd, 4319696.793, 91
Trd, 4319697.343, 91
Trd, 4319697.593, 91
Trd, 4319698.993, 89
Trd, 4319701.293, 90
Trd, 4319702.993, 90
Trd, 4319703.543, 89
Trd, 4319704.293, 91
Trd, 4319705.143, 91
Trd, 4319705.393, 95
Trd, 4319708.043, 90
Trd, 4319708.093, 91
Trd, 4319709.943, 92
Trd, 4319711.393, 92
Trd, 4319712.193, 95
Trd, 4319712.493, 104
Trd, 4319713.343, 90
Trd, 4319714.443, 104
Trd, 4319715.843, 104
Trd, 4319716.743, 101
Trd, 4319717.193, 102
Trd, 4319717.443, 101
Trd, 4319719.593, 96
Trd, 4319721.193, 94
Trd, 4319722.243, 83
Trd, 4319722.493, 93
Trd, 4319725.343, 93
Trd, 4319727.743, 92
Trd, 4319728.893, 93
Trd, 4319730.043, 93
Trd, 4319730.793, 104
Trd, 4319731.293, 91
Trd, 4319733.843, 95
Trd, 4319734.543, 94
Trd, 4319737.043, 91
Trd, 4319737.493, 92
Trd, 4319739.043, 90
Trd, 4319739.993, 92
Trd, 4319740.593, 95
Trd, 4319742.193, 94
Trd, 4319743.943, 95
Trd, 4319745.193, 95
Trd, 4319745.643, 92
Trd, 4319747.043, 91
Trd, 4319747.493, 94
Trd, 4319747.843, 95
Trd, 4319752.193, 95
Trd, 4319752.243, 95
Trd, 4319754.843, 93
Trd, 4319755.543, 90
Trd, 4319756.393, 90
Trd, 4319758.393, 91
Trd, 4319759.393, 89
Trd, 4319760.243, 121
Trd, 4319760.593, 103
Trd, 4319762.193, 104
Trd, 4319762.543, 98
Trd, 4319762.843, 104
Trd, 4319766.593, 104
Trd, 4319766.843, 102
Trd, 4319767.643, 101
Trd, 4319769.093, 99
Trd, 4319769.793, 99
Trd, 4319770.393, 100
Trd, 4319771.393, 100
Trd, 4319775.093, 101
Trd, 4319776.343, 99
Trd, 4319776.693, 100
Trd, 4319777.243, 100
Trd, 4319778.793, 103
Trd, 4319779.893, 101
Trd, 4319780.093, 104
Trd, 4319781.843, 101
Trd, 4319784.343, 93
Trd, 4319785.593, 94
Trd, 4319785.693, 95
Trd, 4319786.793, 94
Trd, 4319787.493, 94
Trd, 4319790.193, 94
Trd, 4319790.493, 95
Trd, 4319790.943, 93
Trd, 4319791.543, 94
Trd, 4319792.643, 95
Trd, 4319793.293, 103
Trd, 4319794.543, 92
Trd, 4319796.643, 97
Trd, 4319797.143, 92
Trd, 4319798.743, 96
Trd, 4319800.143, 96
Trd, 4319802.143, 94
Trd, 4319802.493, 91
Trd, 4319804.343, 91
Trd, 4319804.393, 104
Trd, 4319807.193, 94
Trd, 4319808.193, 94
Trd, 4319808.993, 93
Trd, 4319811.743, 90
Trd, 4319812.293, 91
Trd, 4319813.943, 92
Trd, 4319815.143, 93
Trd, 4319815.393, 90
Trd, 4319817.493, 91
Trd, 4319818.743, 91
Trd, 4319821.293, 90
Trd, 4319822.993, 90
Trd, 4319824.193, 89
Trd, 4319828.443, 90
Trd, 4319828.693, 88
Trd, 4319829.093, 90
Trd, 4319830.643, 95
Trd, 4319831.643, 87
Trd, 4319832.843, 91
Trd, 4319832.893, 92
Trd, 4319833.943, 91
Trd, 4319834.093, 85
Trd, 4319836.043, 103
Trd, 4319837.343, 98
Trd, 4319838.593, 94
Trd, 4319839.193, 98
Trd, 4319839.843, 98
Trd, 4319840.993, 98
Trd, 4319842.643, 99
Trd, 4319843.493, 104
Trd, 4319843.793, 122
Trd, 4319845.643, 103
Trd, 4319847.543, 103
Trd, 4319849.443, 101
Trd, 4319850.393, 99
Trd, 4319850.743, 100
Trd, 4319851.293, 102
Trd, 4319855.393, 101
Trd, 4319857.093, 101
Trd, 4319857.943, 101
Trd, 4319858.993, 98
Trd, 4319859.743, 99
Trd, 4319859.943, 98
Trd, 4319860.193, 100
Trd, 4319861.493, 102
Trd, 4319863.693, 102
Trd, 4319865.093, 100
Trd, 4319867.843, 101
Trd, 4319868.143, 97
Trd, 4319870.743, 95
Trd, 4319871.543, 101
Trd, 4319871.993, 101
Trd, 4319872.843, 104
Trd, 4319873.443, 95
Trd, 4319875.243, 103
Trd, 4319875.443, 104
Trd, 4319876.393, 104
Trd, 4319880.393, 100
Trd, 4319881.043, 96
Trd, 4319882.143, 100
Trd, 4319883.693, 99
Trd, 4319886.043, 100
Trd, 4319887.193, 96
Trd, 4319887.543, 97
Trd, 4319887.693, 95
Trd, 4319890.193, 94
Trd, 4319890.593, 95
Trd, 4319891.893, 95
Trd, 4319892.643, 97
Trd, 4319895.343, 94
Trd, 4319896.593, 97
Trd, 4319898.093, 97
Trd, 4319900.293, 96
Trd, 4319902.293, 96
Trd, 4319902.643, 104
Trd, 4319904.093, 94
Trd, 4319905.543, 103
Trd, 4319905.893, 99
Trd, 4319906.643, 100
Trd, 4319907.943, 98
Trd, 4319908.393, 98
Trd, 4319909.893, 97
Trd, 4319910.493, 122
Trd, 4319911.993, 108
Trd, 4319913.393, 104
Trd, 4319915.693, 102
Trd, 4319918.143, 96
Trd, 4319918.643, 99
Trd, 4319921.993, 97
Trd, 4319922.043, 95
Trd, 4319922.793, 96
Trd, 4319924.143, 96
Trd, 4319925.243, 95
Trd, 4319925.443, 96
Trd, 4319926.443, 95
Trd, 4319926.743, 96
Trd, 4319928.893, 95
Trd, 4319929.693, 95
Trd, 4319930.093, 95
Trd, 4319930.793, 94
Trd, 4319933.093, 96
Trd, 4319934.193, 104
Trd, 4319934.293, 121
Trd, 4319936.343, 98
Trd, 4319936.993, 94
Trd, 4319940.793, 95
Trd, 4319941.343, 95
Trd, 4319941.443, 93
Trd, 4319941.893, 97
Trd, 4319944.493, 95
Trd, 4319944.743, 96
Trd, 4319948.393, 92
Trd, 4319948.693, 94
Trd, 4319949.693, 93
Trd, 4319951.143, 91
Trd, 4319951.393, 92
Trd, 4319952.793, 93
Trd, 4319952.843, 104
Trd, 4319954.643, 97
Trd, 4319955.493, 114
Trd, 4319955.743, 107
Trd, 4319955.793, 93
Trd, 4319957.593, 103
Trd, 4319958.793, 101
Trd, 4319959.343, 102
Trd, 4319960.193, 104
Trd, 4319963.593, 100
Trd, 4319964.693, 103
Trd, 4319965.793, 101
Trd, 4319966.593, 102
Trd, 4319969.193, 99
Trd, 4319969.343, 100
Trd, 4319969.643, 101
Trd, 4319972.843, 99
Trd, 4319973.493, 99
Trd, 4319975.043, 99
Trd, 4319975.593, 99
Trd, 4319975.993, 100
Trd, 4319978.843, 99
Trd, 4319979.293, 94
Trd, 4319979.543, 100
Trd, 4319982.293, 96
Trd, 4319983.793, 96
Trd, 4319984.693, 95
Trd, 4319985.993, 96
Trd, 4319986.293, 94
Trd, 4319987.693, 95
Trd, 4319987.993, 104
Trd, 4319989.243, 110
Trd, 4319990.193, 104
Trd, 4319990.243, 122
Trd, 4319991.793, 101
Trd, 4319993.393, 108
Trd, 4319995.893, 104
Trd, 4319996.643, 106
Trd, 4319998.693, 103
Trd, 4319999.843, 103
