Trd, 4317912.593, 93
Trd, 4317913.193, 95
Trd, 4317913.643, 95
Trd, 4317913.993, 96
Trd, 4317917.143, 96
Trd, 4317917.293, 97
Trd, 4317917.793, 104
Trd, 4317917.943, 94
Trd, 4317919.793, 98
Trd, 4317920.993, 99
Trd, 4317921.543, 95
Trd, 4317922.843, 104
Trd, 4317926.543, 98
Trd, 4317928.343, 96
Trd, 4317928.693, 95
Trd, 4317928.993, 96
Trd, 4317929.043, 98
Trd, 4317929.293, 104
Trd, 4317931.993, 100
Trd, 4317932.643, 100
Trd, 4317933.743, 100
Trd, 4317934.793, 100
Trd, 4317935.543, 102
Trd, 4317937.593, 98
Trd, 4317938.493, 104
Trd, 4317940.943, 102
Trd, 4317941.393, 103
Trd, 4317942.643, 103
Trd, 4317943.143, 104
Trd, 4317943.243, 115
Trd, 4317945.243, 98
Trd, 4317946.893, 104
Trd, 4317948.143, 108
Trd, 4317948.643, 103
Trd, 4317949.793, 102
Trd, 4317950.243, 94
Trd, 4317952.093, 100
Trd, 4317952.993, 101
Trd, 4317953.443, 102
Trd, 4317954.643, 104
Trd, 4317956.593, 104
Trd, 4317956.843, 104
Trd, 4317957.893, 101
Trd, 4317960.593, 103
Trd, 4317960.993, 104
Trd, 4317961.643, 94
Trd, 4317963.293, 104
Trd, 4317965.443, 98
Trd, 4317965.593, 99
Trd, 4317965.843, 101
Trd, 4317967.143, 100
Trd, 4317967.893, 104
Trd, 4317969.593, 95
Trd, 4317971.043, 116
Trd, 4317972.593, 109
Trd, 4317973.443, 120
Trd, 4317974.993, 108
Trd, 4317975.143, 104
Trd, 4317978.493, 106
Trd, 4317979.143, 109
Trd, 4317980.193, 108
Trd, 4317981.043, 106
Trd, 4317981.993, 108
Trd, 4317985.193, 101
Trd, 4317988.393, 105
Trd, 4317989.093, 104
Trd, 4317989.343, 103
Trd, 4317990.893, 97
Trd, 4317991.043, 106
Trd, 4317991.593, 92
Trd, 4317992.893, 102
Trd, 4317994.143, 96
Trd, 4317995.043, 97
Trd, 4317996.043, 96
Trd, 4317998.193, 104
Trd, 4317999.643, 98
Trd, 4317999.843, 99
Trd, 4317999.993, 113
Trd, 4318002.443, 96
Trd, 4318004.493, 99
Trd, 4318006.343, 94
Trd, 4318006.593, 98
Trd, 4318006.943, 98
Trd, 4318007.493, 98
Trd, 4318009.193, 98
Trd, 4318009.943, 87
Trd, 4318010.943, 97
Trd, 4318014.193, 95
Trd, 4318014.643, 95
Trd, 4318016.343, 92
Trd, 4318016.693, 94
Trd, 4318017.893, 104
Trd, 4318019.693, 99
Trd, 4318019.993, 90
Trd, 4318021.643, 90
Trd, 4318021.843, 92
Trd, 4318024.243, 93
Trd, 4318025.143, 93
Trd, 4318026.293, 89
Trd, 4318027.343, 95
Trd, 4318028.143, 90
Trd, 4318028.293, 104
Trd, 4318030.293, 122
Trd, 4318031.143, 107
Trd, 4318032.043, 108
Trd, 4318035.293, 95
Trd, 4318036.043, 96
Trd, 4318036.293, 94
Trd, 4318036.643, 100
Trd, 4318038.793, 97
Trd, 4318038.993, 97
Trd, 4318040.593, 93
Trd, 4318042.093, 97
Trd, 4318042.943, 104
Trd, 4318044.793, 105
Trd, 4318045.143, 106
Trd, 4318046.593, 116
Trd, 4318047.493, 122
Trd, 4318047.593, 108
Trd, 4318048.593, 94
Trd, 4318050.143, 105
Trd, 4318050.493, 106
Trd, 4318052.693, 108
Trd, 4318056.093, 107
Trd, 4318056.193, 108
Trd, 4318057.343, 107
Trd, 4318058.293, 107
Trd, 4318060.643, 105
Trd, 4318061.643, 104
Trd, 4318062.893, 103
Trd, 4318063.343, 103
Trd, 4318063.593, 102
Trd, 4318065.493, 96
Trd, 4318066.743, 101
Trd, 4318067.143, 101
Trd, 4318067.743, 113
Trd, 4318069.243, 105
Trd, 4318071.093, 103
Trd, 4318072.443, 100
Trd, 4318073.743, 101
Trd, 4318073.993, 103
Trd, 4318075.893, 114
Trd, 4318077.343, 102
Trd, 4318078.893, 105
Trd, 4318079.193, 101
Trd, 4318081.043, 104
Trd, 4318081.543, 104
Trd, 4318083.993, 105
Trd, 4318085.593, 103
Trd, 4318087.193, 94
Trd, 4318087.243, 100
Trd, 4318087.943, 104
Trd, 4318088.993, 96
Trd, 4318089.743, 102
Trd, 4318091.093, 104
Trd, 4318092.293, 114
Trd, 4318093.443, 104
Trd, 4318094.993, 108
Trd, 4318098.593, 106
Trd, 4318098.893, 105
Trd, 4318100.193, 104
Trd, 4318100.993, 106
Trd, 4318101.843, 104
Trd, 4318103.093, 105
Trd, 4318103.543, 105
Trd, 4318104.393, 88
Trd, 4318104.893, 104
Trd, 4318105.543, 111
Trd, 4318107.393, 103
Trd, 4318109.643, 86
Trd, 4318110.443, 101
Trd, 4318111.793, 97
Trd, 4318112.693, 104
Trd, 4318113.893, 97
Trd, 4318114.193, 96
Trd, 4318114.293, 94
Trd, 4318116.143, 95
Trd, 4318116.493, 94
Trd, 4318117.843, 104
Trd, 4318119.343, 99
Trd, 4318120.543, 97
Trd, 4318122.193, 98
Trd, 4318122.543, 93
Trd, 4318123.893, 93
Trd, 4318125.093, 98
Trd, 4318127.343, 95
Trd, 4318127.443, 97
Trd, 4318129.743, 104
Trd, 4318130.243, 100
Trd, 4318130.443, 99
Trd, 4318132.693, 97
Trd, 4318132.793, 98
Trd, 4318134.393, 98
Trd, 4318136.243, 104
Trd, 4318136.643, 102
Trd, 4318137.743, 103
Trd, 4318139.543, 103
Trd, 4318140.293, 99
Trd, 4318141.343, 104
Trd, 4318141.543, 99
Trd, 4318142.893, 122
Trd, 4318143.493, 117
Trd, 4318145.443, 114
Trd, 4318146.443, 118
Trd, 4318148.193, 105
Trd, 4318149.243, 104
Trd, 4318150.243, 104
Trd, 4318151.943, 105
Trd, 4318152.093, 105
Trd, 4318153.793, 104
Trd, 4318155.543, 106
Trd, 4318156.343, 106
Trd, 4318157.393, 94
Trd, 4318158.443, 99
Trd, 4318158.893, 105
Trd, 4318159.543, 113
Trd, 4318160.343, 106
Trd, 4318164.443, 97
Trd, 4318164.943, 97
Trd, 4318165.093, 94
Trd, 4318165.593, 97
Trd, 4318166.093, 115
Trd, 4318167.793, 104
Trd, 4318169.593, 105
Trd, 4318170.643, 104
Trd, 4318172.893, 105
Trd, 4318173.943, 104
Trd, 4318174.343, 105
Trd, 4318175.543, 115
Trd, 4318175.793, 122
Trd, 4318178.593, 109
Trd, 4318178.693, 108
Trd, 4318179.943, 105
Trd, 4318181.243, 103
Trd, 4318181.943, 104
Trd, 4318182.643, 122
Trd, 4318183.093, 113
Trd, 4318183.643, 94
Trd, 4318186.643, 116
Trd, 4318187.693, 114
Trd, 4318188.543, 104
Trd, 4318191.793, 109
Trd, 4318192.643, 109
Trd, 4318195.243, 107
Trd, 4318195.343, 106
Trd, 4318195.493, 105
Trd, 4318197.193, 106
Trd, 4318197.693, 107
Trd, 4318199.093, 107
Trd, 4318199.543, 105
Trd, 4318199.643, 104
Trd, 4318201.293, 115
Trd, 4318203.793, 104
Trd, 4318203.943, 105
Trd, 4318204.593, 103
Trd, 4318206.193, 106
Trd, 4318206.793, 94
Trd, 4318209.793, 102
Trd, 4318211.993, 101
Trd, 4318212.243, 102
Trd, 4318213.243, 103
Trd, 4318216.493, 100
Trd, 4318216.643, 104
Trd, 4318217.093, 103
Trd, 4318218.943, 105
Trd, 4318219.243, 104
Trd, 4318220.143, 104
Trd, 4318221.693, 117
Trd, 4318222.243, 94
Trd, 4318222.393, 76
Trd, 4318223.043, 97
Trd, 4318226.643, 95
Trd, 4318226.943, 94
Trd, 4318227.743, 104
Trd, 4318229.143, 101
Trd, 4318230.393, 96
Trd, 4318230.893, 104
Trd, 4318232.043, 95
Trd, 4318233.693, 104
Trd, 4318234.093, 114
Trd, 4318235.093, 109
Trd, 4318236.943, 104
Trd, 4318240.643, 105
Trd, 4318240.943, 106
Trd, 4318242.243, 111
Trd, 4318242.643, 112
Trd, 4318244.343, 111
Trd, 4318245.443, 104
Trd, 4318246.793, 109
Trd, 4318247.793, 109
Trd, 4318248.043, 107
Trd, 4318249.393, 111
Trd, 4318251.093, 108
Trd, 4318251.793, 108
Trd, 4318255.243, 107
Trd, 4318256.093, 106
Trd, 4318256.843, 107
Trd, 4318258.043, 114
Trd, 4318259.043, 108
Trd, 4318261.743, 111
Trd, 4318263.093, 105
Trd, 4318263.393, 110
Trd, 4318266.243, 105
Trd, 4318266.643, 104
Trd, 4318268.643, 102
Trd, 4318270.093, 104
Trd, 4318270.693, 104
Trd, 4318271.793, 105
Trd, 4318272.593, 103
Trd, 4318272.993, 104
Trd, 4318273.993, 104
Trd, 4318274.343, 94
Trd, 4318275.293, 96
Trd, 4318276.943, 105
Trd, 4318277.243, 122
Trd, 4318280.593, 117
Trd, 4318281.143, 114
Trd, 4318282.843, 113
Trd, 4318282.893, 116
Trd, 4318283.943, 113
Trd, 4318286.193, 104
Trd, 4318287.293, 104
Trd, 4318287.443, 104
Trd, 4318287.743, 96
Trd, 4318290.043, 99
Trd, 4318291.193, 100
Trd, 4318293.443, 101
Trd, 4318293.643, 98
Trd, 4318295.293, 98
Trd, 4318296.293, 103
Trd, 4318296.793, 104
Trd, 4318297.743, 104
Trd, 4318299.993, 98
Trd, 4318301.243, 99
Trd, 4318302.393, 115
Trd, 4318302.443, 95
Trd, 4318302.793, 131
Trd, 4318305.243, 108
Trd, 4318305.893, 103
Trd, 4318308.643, 103
Trd, 4318310.243, 102
Trd, 4318311.393, 104
Trd, 4318311.993, 104
Trd, 4318312.693, 104
Trd, 4318313.193, 104
Trd, 4318314.893, 112
Trd, 4318315.393, 122
Trd, 4318317.443, 119
Trd, 4318318.693, 106
Trd, 4318320.993, 88
Trd, 4318321.793, 101
Trd, 4318321.843, 104
Trd, 4318325.443, 104
Trd, 4318325.993, 100
Trd, 4318326.593, 102
Trd, 4318326.743, 94
Trd, 4318327.693, 102
Trd, 4318329.743, 101
Trd, 4318331.593, 94
Trd, 4318331.743, 98
Trd, 4318332.293, 97
Trd, 4318334.043, 104
Trd, 4318335.593, 102
Trd, 4318335.893, 104
Trd, 4318337.043, 103
Trd, 4318337.243, 104
Trd, 4318338.493, 94
Trd, 4318339.743, 104
Trd, 4318340.543, 104
Trd, 4318341.543, 104
Trd, 4318345.243, 111
Trd, 4318345.393, 108
Trd, 4318347.593, 104
Trd, 4318347.793, 105
Trd, 4318348.593, 114
Trd, 4318349.193, 106
Trd, 4318350.343, 104
Trd, 4318352.043, 106
Trd, 4318352.643, 104
Trd, 4318353.643, 102
Trd, 4318355.093, 98
Trd, 4318356.943, 97
Trd, 4318357.193, 114
Trd, 4318358.343, 103
Trd, 4318360.843, 101
Trd, 4318360.993, 104
Trd, 4318362.693, 101
Trd, 4318362.843, 102
Trd, 4318364.693, 101
Trd, 4318365.343, 115
Trd, 4318367.793, 106
Trd, 4318368.193, 107
Trd, 4318368.893, 106
Trd, 4318369.493, 105
Trd, 4318370.243, 105
Trd, 4318371.843, 104
Trd, 4318372.293, 103
Trd, 4318372.693, 103
Trd, 4318374.693, 102
Trd, 4318376.343, 103
Trd, 4318376.593, 104
Trd, 4318376.643, 102
Trd, 4318380.393, 95
Trd, 4318380.593, 100
Trd, 4318381.993, 101
Trd, 4318384.993, 99
Trd, 4318385.743, 97
Trd, 4318386.193, 98
Trd, 4318386.793, 97
Trd, 4318388.143, 97
Trd, 4318390.393, 103
Trd, 4318391.343, 99
Trd, 4318392.043, 98
Trd, 4318392.343, 113
Trd, 4318393.943, 98
Trd, 4318394.743, 105
Trd, 4318396.043, 106
Trd, 4318397.743, 104
Trd, 4318398.643, 103
Trd, 4318402.243, 101
Trd, 4318402.693, 101
Trd, 4318403.943, 100
Trd, 4318407.093, 104
Trd, 4318407.943, 113
Trd, 4318409.393, 99
Trd, 4318409.743, 101
Trd, 4318409.893, 104
Trd, 4318411.493, 103
Trd, 4318413.343, 98
Trd, 4318414.143, 100
Trd, 4318415.293, 95
Trd, 4318415.593, 94
Trd, 4318416.743, 95
Trd, 4318418.093, 94
Trd, 4318418.293, 95
Trd, 4318418.493, 113
Trd, 4318421.793, 102
Trd, 4318422.643, 104
Trd, 4318424.143, 94
Trd, 4318425.043, 94
Trd, 4318425.143, 99
Trd, 4318426.243, 93
Trd, 4318426.343, 97
Trd, 4318426.843, 98
Trd, 4318428.593, 104
Trd, 4318428.943, 92
Trd, 4318433.043, 97
Trd, 4318433.143, 95
Trd, 4318433.643, 97
Trd, 4318434.943, 98
Trd, 4318436.443, 104
Trd, 4318439.143, 104
Trd, 4318439.743, 110
Trd, 4318440.143, 106
Trd, 4318440.993, 107
Trd, 4318441.143, 105
Trd, 4318442.693, 104
Trd, 4318444.943, 108
Trd, 4318445.693, 108
Trd, 4318446.143, 104
Trd, 4318448.043, 104
Trd, 4318448.343, 107
Trd, 4318449.743, 102
Trd, 4318451.143, 102
Trd, 4318451.843, 102
Trd, 4318452.393, 104
Trd, 4318454.993, 102
Trd, 4318455.393, 94
Trd, 4318455.593, 103
Trd, 4318457.143, 105
Trd, 4318457.693, 97
Trd, 4318457.893, 113
Trd, 4318460.343, 100
Trd, 4318461.943, 100
Trd, 4318462.243, 101
Trd, 4318462.543, 131
Trd, 4318464.493, 104
Trd, 4318466.043, 105
Trd, 4318466.593, 104
Trd, 4318466.693, 105
Trd, 4318467.643, 104
Trd, 4318471.343, 104
Trd, 4318471.643, 103
Trd, 4318472.343, 105
Trd, 4318472.543, 112
Trd, 4318472.643, 114
Trd, 4318475.543, 104
Trd, 4318476.693, 105
Trd, 4318476.843, 106
Trd, 4318478.543, 102
Trd, 4318480.093, 100
Trd, 4318481.493, 104
Trd, 4318481.693, 103
Trd, 4318483.893, 101
Trd, 4318484.193, 102
Trd, 4318486.593, 102
Trd, 4318486.893, 99
Trd, 4318486.993, 100
Trd, 4318487.943, 104
Trd, 4318488.493, 98
Trd, 4318488.793, 104
Trd, 4318491.943, 105
Trd, 4318492.093, 104
Trd, 4318493.393, 104
Trd, 4318494.143, 109
Trd, 4318494.393, 124
Trd, 4318497.743, 105
Trd, 4318498.993, 104
Trd, 4318500.793, 105
Trd, 4318502.293, 106
Trd, 4318504.893, 105
Trd, 4318506.193, 104
Trd, 4318506.843, 104
Trd, 4318507.343, 105
Trd, 4318507.793, 105
Trd, 4318510.143, 105
Trd, 4318511.243, 104
Trd, 4318511.693, 104
Trd, 4318513.743, 105
Trd, 4318514.193, 106
Trd, 4318515.943, 106
Trd, 4318516.193, 103
Trd, 4318520.443, 105
Trd, 4318520.543, 104
Trd, 4318520.793, 106
Trd, 4318523.843, 102
Trd, 4318523.943, 106
Trd, 4318524.943, 102
Trd, 4318525.843, 105
Trd, 4318527.343, 104
Trd, 4318527.993, 107
Trd, 4318529.243, 104
Trd, 4318529.943, 103
Trd, 4318530.193, 94
Trd, 4318531.043, 112
Trd, 4318533.143, 109
Trd, 4318534.593, 103
Trd, 4318535.893, 104
Trd, 4318536.793, 105
Trd, 4318538.243, 106
Trd, 4318538.743, 106
Trd, 4318540.093, 102
Trd, 4318541.943, 105
Trd, 4318543.293, 104
Trd, 4318544.643, 94
Trd, 4318545.293, 100
Trd, 4318545.493, 105
Trd, 4318547.443, 105
Trd, 4318548.643, 106
Trd, 4318548.793, 104
Trd, 4318550.943, 108
Trd, 4318551.843, 122
Trd, 4318553.193, 108
Trd, 4318553.793, 108
Trd, 4318554.293, 102
Trd, 4318555.843, 104
Trd, 4318556.743, 108
Trd, 4318557.343, 108
Trd, 4318559.693, 101
Trd, 4318560.293, 106
Trd, 4318562.743, 102
Trd, 4318564.343, 104
Trd, 4318564.843, 103
Trd, 4318564.943, 102
Trd, 4318567.343, 103
Trd, 4318567.643, 104
Trd, 4318569.793, 102
Trd, 4318571.093, 101
Trd, 4318571.443, 94
Trd, 4318572.243, 104
Trd, 4318572.443, 105
Trd, 4318574.243, 104
Trd, 4318574.693, 103
Trd, 4318574.943, 105
Trd, 4318575.843, 101
Trd, 4318577.643, 104
Trd, 4318577.993, 112
Trd, 4318580.643, 105
Trd, 4318581.243, 103
Trd, 4318581.743, 113
Trd, 4318583.143, 97
Trd, 4318583.493, 97
Trd, 4318587.043, 99
Trd, 4318587.293, 98
Trd, 4318587.693, 99
Trd, 4318589.043, 98
Trd, 4318589.593, 104
Trd, 4318590.243, 114
Trd, 4318590.993, 85
Trd, 4318592.143, 108
Trd, 4318594.143, 104
Trd, 4318597.443, 102
Trd, 4318597.893, 103
Trd, 4318599.243, 101
Trd, 4318599.293, 104
Trd, 4318601.543, 76
Trd, 4318603.643, 101
Trd, 4318603.843, 100
Trd, 4318604.343, 101
Trd, 4318605.693, 104
Trd, 4318606.393, 99
Trd, 4318608.393, 104
Trd, 4318608.693, 110
Trd, 4318610.093, 105
Trd, 4318611.193, 104
Trd, 4318612.293, 105
Trd, 4318612.693, 106
Trd, 4318612.943, 114
Trd, 4318613.443, 104
Trd, 4318613.643, 94
Trd, 4318616.343, 91
Trd, 4318617.793, 93
Trd, 4318617.843, 96
Trd, 4318618.043, 103
Trd, 4318620.293, 103
Trd, 4318620.743, 95
Trd, 4318622.543, 95
Trd, 4318623.043, 98
Trd, 4318624.093, 94
Trd, 4318624.343, 98
Trd, 4318625.093, 97
Trd, 4318625.743, 96
Trd, 4318626.193, 104
Trd, 4318629.443, 96
Trd, 4318629.743, 97
Trd, 4318631.693, 97
Trd, 4318631.993, 85
Trd, 4318635.093, 104
Trd, 4318635.843, 95
Trd, 4318637.243, 101
Trd, 4318638.843, 100
Trd, 4318638.993, 102
Trd, 4318639.693, 95
Trd, 4318639.943, 95
Trd, 4318641.943, 100
Trd, 4318643.843, 104
Trd, 4318644.293, 103
Trd, 4318646.693, 103
Trd, 4318648.193, 104
Trd, 4318648.793, 104
Trd, 4318648.893, 103
Trd, 4318649.543, 94
Trd, 4318650.743, 105
Trd, 4318653.293, 103
Trd, 4318654.593, 101
Trd, 4318654.693, 99
Trd, 4318656.543, 104
Trd, 4318657.193, 100
Trd, 4318657.643, 101
Trd, 4318659.943, 99
Trd, 4318662.293, 100
Trd, 4318662.493, 98
Trd, 4318663.093, 94
Trd, 4318664.193, 92
Trd, 4318664.793, 104
Trd, 4318667.143, 94
Trd, 4318667.643, 94
Trd, 4318668.793, 95
Trd, 4318669.893, 94
Trd, 4318669.943, 115
Trd, 4318670.093, 83
Trd, 4318670.643, 105
Trd, 4318672.993, 104
Trd, 4318674.793, 102
Trd, 4318675.693, 102
Trd, 4318676.543, 95
Trd, 4318677.093, 114
Trd, 4318678.693, 101
Trd, 4318680.543, 98
Trd, 4318681.293, 97
Trd, 4318681.543, 99
Trd, 4318682.143, 99
Trd, 4318685.443, 99
Trd, 4318685.493, 94
Trd, 4318689.143, 99
Trd, 4318689.193, 99
Trd, 4318689.643, 94
Trd, 4318689.793, 104
Trd, 4318691.843, 105
Trd, 4318692.493, 108
Trd, 4318693.093, 115
Trd, 4318694.193, 115
Trd, 4318694.943, 109
Trd, 4318695.993, 112
Trd, 4318698.093, 107
Trd, 4318698.643, 108
Trd, 4318702.243, 99
Trd, 4318703.993, 101
Trd, 4318704.443, 102
Trd, 4318704.793, 104
Trd, 4318705.993, 97
Trd, 4318706.593, 113
Trd, 4318709.343, 98
Trd, 4318711.143, 97
Trd, 4318711.243, 98
Trd, 4318711.743, 98
Trd, 4318712.943, 98
Trd, 4318714.943, 102
Trd, 4318715.043, 94
Trd, 4318715.393, 104
Trd, 4318717.343, 104
Trd, 4318718.993, 113
Trd, 4318719.293, 103
Trd, 4318720.543, 107
Trd, 4318720.793, 105
Trd, 4318721.643, 104
Trd, 4318723.593, 106
Trd, 4318724.693, 105
Trd, 4318725.693, 103
Trd, 4318726.193, 94
Trd, 4318726.993, 105
Trd, 4318727.893, 104
Trd, 4318731.093, 105
Trd, 4318733.393, 104
Trd, 4318733.843, 104
Trd, 4318734.143, 101
Trd, 4318736.243, 102
Trd, 4318737.243, 101
Trd, 4318737.493, 103
Trd, 4318739.243, 103
Trd, 4318739.593, 103
Trd, 4318740.743, 101
Trd, 4318741.993, 102
Trd, 4318744.043, 103
Trd, 4318744.193, 104
Trd, 4318745.293, 114
Trd, 4318745.843, 112
Trd, 4318746.043, 81
Trd, 4318748.793, 139
Trd, 4318749.643, 123
Trd, 4318749.993, 122
Trd, 4318752.243, 113
Trd, 4318754.443, 108
Trd, 4318754.793, 113
Trd, 4318755.793, 110
Trd, 4318757.043, 105
Trd, 4318757.343, 105
Trd, 4318758.693, 104
Trd, 4318759.293, 103
Trd, 4318759.593, 105
Trd, 4318762.893, 102
Trd, 4318763.393, 105
Trd, 4318763.643, 106
Trd, 4318764.093, 81
Trd, 4318765.743, 92
Trd, 4318767.443, 90
Trd, 4318768.943, 114
Trd, 4318769.393, 105
Trd, 4318770.293, 104
Trd, 4318771.693, 103
Trd, 4318774.093, 103
Trd, 4318774.693, 102
Trd, 4318775.193, 107
Trd, 4318776.593, 104
Trd, 4318777.243, 114
Trd, 4318777.843, 103
Trd, 4318779.543, 105
Trd, 4318781.993, 104
Trd, 4318782.593, 105
Trd, 4318784.143, 105
Trd, 4318785.943, 97
Trd, 4318786.093, 94
Trd, 4318786.843, 95
Trd, 4318787.493, 97
Trd, 4318789.393, 103
Trd, 4318790.543, 103
Trd, 4318790.743, 100
Trd, 4318790.893, 104
Trd, 4318791.943, 113
Trd, 4318792.393, 107
Trd, 4318793.543, 105
Trd, 4318796.293, 94
Trd, 4318797.593, 95
Trd, 4318798.343, 95
Trd, 4318798.743, 97
Trd, 4318799.393, 97
Trd, 4318800.643, 95
Trd, 4318802.193, 95
Trd, 4318804.093, 95
Trd, 4318805.243, 97
Trd, 4318805.493, 95
Trd, 4318806.143, 93
Trd, 4318808.293, 96
Trd, 4318808.593, 94
Trd, 4318809.593, 93
Trd, 4318809.693, 104
Trd, 4318811.393, 103
Trd, 4318812.993, 104
Trd, 4318813.143, 92
Trd, 4318814.243, 103
Trd, 4318814.943, 85
Trd, 4318815.893, 97
Trd, 4318817.293, 95
Trd, 4318819.443, 103
Trd, 4318819.943, 102
Trd, 4318819.993, 104
Trd, 4318821.993, 102
Trd, 4318825.443, 104
Trd, 4318826.293, 102
Trd, 4318826.693, 102
Trd, 4318828.543, 102
Trd, 4318829.243, 102
Trd, 4318830.243, 103
Trd, 4318832.543, 104
Trd, 4318833.143, 102
Trd, 4318834.193, 94
Trd, 4318835.493, 102
Trd, 4318835.893, 122
Trd, 4318837.193, 103
Trd, 4318838.443, 99
Trd, 4318841.743, 100
Trd, 4318842.943, 102
Trd, 4318843.143, 104
Trd, 4318846.943, 102
Trd, 4318847.093, 102
Trd, 4318847.193, 100
Trd, 4318848.493, 104
Trd, 4318849.443, 101
Trd, 4318850.593, 104
Trd, 4318851.493, 104
Trd, 4318853.093, 102
Trd, 4318853.893, 119
Trd, 4318856.793, 104
Trd, 4318857.493, 103
Trd, 4318858.343, 103
Trd, 4318859.093, 104
Trd, 4318859.743, 94
Trd, 4318861.443, 100
Trd, 4318861.643, 100
Trd, 4318862.193, 104
Trd, 4318863.593, 111
Trd, 4318864.343, 94
Trd, 4318865.493, 98
Trd, 4318867.343, 99
Trd, 4318867.943, 105
Trd, 4318870.343, 104
Trd, 4318871.243, 112
Trd, 4318872.093, 108
Trd, 4318872.893, 109
Trd, 4318874.243, 106
Trd, 4318875.193, 95
Trd, 4318877.743, 105
Trd, 4318878.243, 107
Trd, 4318879.293, 104
Trd, 4318879.893, 106
Trd, 4318881.993, 104
Trd, 4318883.093, 104
Trd, 4318883.193, 103
Trd, 4318885.843, 101
Trd, 4318886.243, 95
Trd, 4318886.543, 103
Trd, 4318886.893, 94
Trd, 4318888.143, 104
Trd, 4318889.143, 103
Trd, 4318891.593, 102
Trd, 4318892.793, 102
Trd, 4318893.643, 103
Trd, 4318893.793, 103
Trd, 4318896.243, 97
Trd, 4318896.743, 98
Trd, 4318897.843, 101
Trd, 4318898.393, 104
Trd, 4318899.893, 104
Trd, 4318900.093, 112
Trd, 4318902.893, 106
Trd, 4318904.043, 105
Trd, 4318904.243, 104
Trd, 4318907.443, 105
Trd, 4318907.593, 104
Trd, 4318907.943, 106
Trd, 4318908.593, 106
Trd, 4318910.493, 107
Trd, 4318911.393, 104
Trd, 4318912.743, 108
Trd, 4318913.793, 108
Trd, 4318914.043, 107
Trd, 4318917.493, 107
Trd, 4318918.243, 106
Trd, 4318918.943, 95
Trd, 4318922.043, 104
Trd, 4318923.043, 104
Trd, 4318923.393, 107
Trd, 4318925.193, 113
Trd, 4318925.593, 123
Trd, 4318926.643, 122
Trd, 4318927.743, 95
Trd, 4318929.843, 107
Trd, 4318932.793, 107
Trd, 4318934.143, 106
Trd, 4318934.193, 104
Trd, 4318935.443, 103
Trd, 4318936.043, 113
Trd, 4318936.093, 122
Trd, 4318939.043, 122
Trd, 4318939.893, 113
Trd, 4318941.743, 103
Trd, 4318941.843, 107
Trd, 4318942.943, 98
Trd, 4318944.943, 95
Trd, 4318946.343, 94
Trd, 4318946.443, 96
Trd, 4318948.043, 95
Trd, 4318948.593, 93
Trd, 4318950.593, 94
Trd, 4318950.993, 83
Trd, 4318951.193, 104
Trd, 4318952.093, 113
Trd, 4318955.393, 102
Trd, 4318955.443, 103
Trd, 4318956.343, 103
Trd, 4318956.593, 94
Trd, 4318957.393, 102
Trd, 4318958.343, 119
Trd, 4318958.693, 108
Trd, 4318959.993, 106
Trd, 4318962.843, 101
Trd, 4318963.793, 81
Trd, 4318965.193, 98
Trd, 4318966.443, 102
Trd, 4318967.893, 102
Trd, 4318969.093, 105
Trd, 4318969.593, 105
Trd, 4318969.793, 115
Trd, 4318971.443, 110
Trd, 4318972.543, 104
Trd, 4318973.893, 102
Trd, 4318975.693, 102
Trd, 4318976.643, 103
Trd, 4318977.593, 103
Trd, 4318978.243, 100
Trd, 4318978.693, 104
Trd, 4318979.293, 116
Trd, 4318982.343, 99
Trd, 4318982.793, 94
Trd, 4318983.543, 92
Trd, 4318985.243, 91
Trd, 4318986.743, 95
Trd, 4318987.243, 90
Trd, 4318988.193, 92
Trd, 4318989.843, 95
Trd, 4318990.793, 114
Trd, 4318992.193, 104
Trd, 4318993.093, 123
Trd, 4318993.893, 117
Trd, 4318995.943, 107
Trd, 4318996.743, 108
Trd, 4318996.943, 107
Trd, 4318998.243, 105
Trd, 4318998.543, 103
Trd, 4319003.443, 103
Trd, 4319004.293, 97
Trd, 4319004.343, 105
Trd, 4319005.743, 104
Trd, 4319006.143, 105
Trd, 4319007.093, 94
Trd, 4319008.693, 92
Trd, 4319008.993, 93
Trd, 4319010.043, 95
Trd, 4319010.293, 116
Trd, 4319013.143, 103
Trd, 4319013.443, 94
Trd, 4319013.493, 104
Trd, 4319016.893, 104
Trd, 4319017.293, 96
Trd, 4319017.543, 103
Trd, 4319019.793, 104
Trd, 4319019.943, 115
Trd, 4319020.193, 98
Trd, 4319022.143, 103
Trd, 4319023.043, 103
Trd, 4319024.493, 117
Trd, 4319025.693, 86
Trd, 4319026.343, 101
Trd, 4319027.643, 104
Trd, 4319028.743, 102
Trd, 4319029.243, 95
Trd, 4319031.943, 100
Trd, 4319032.543, 101
Trd, 4319033.093, 117
Trd, 4319035.393, 93
Trd, 4319036.393, 88
Trd, 4319037.343, 93
Trd, 4319038.193, 93
Trd, 4319039.493, 95
Trd, 4319040.793, 92
Trd, 4319041.243, 116
Trd, 4319041.643, 86
Trd, 4319042.343, 104
Trd, 4319043.943, 104
Trd, 4319044.593, 116
Trd, 4319044.743, 94
Trd, 4319047.943, 101
Trd, 4319048.643, 94
Trd, 4319049.693, 98
Trd, 4319050.343, 93
Trd, 4319051.393, 98
Trd, 4319054.893, 99
Trd, 4319055.143, 104
Trd, 4319056.443, 96
Trd, 4319058.093, 100
Trd, 4319058.943, 102
Trd, 4319060.843, 101
Trd, 4319061.943, 98
Trd, 4319062.343, 101
Trd, 4319062.793, 96
Trd, 4319063.643, 95
Trd, 4319064.143, 101
Trd, 4319066.643, 102
Trd, 4319068.793, 94
Trd, 4319069.143, 103
Trd, 4319070.693, 97
Trd, 4319071.543, 96
Trd, 4319072.793, 101
Trd, 4319074.643, 100
Trd, 4319076.243, 104
Trd, 4319076.593, 101
Trd, 4319076.943, 94
Trd, 4319077.393, 85
Trd, 4319078.143, 111
Trd, 4319079.643, 122
Trd, 4319081.293, 113
Trd, 4319081.493, 109
Trd, 4319082.393, 105
Trd, 4319083.693, 113
Trd, 4319085.743, 104
Trd, 4319086.343, 94
Trd, 4319086.993, 98
Trd, 4319090.143, 105
Trd, 4319090.343, 104
Trd, 4319090.743, 99
Trd, 4319093.243, 103
Trd, 4319093.743, 101
Trd, 4319096.093, 103
Trd, 4319097.643, 96
Trd, 4319097.993, 99
Trd, 4319098.593, 104
Trd, 4319100.043, 100
Trd, 4319100.643, 101
Trd, 4319101.793, 103
Trd, 4319102.893, 111
Trd, 4319105.143, 104
Trd, 4319106.443, 104
Trd, 4319106.993, 112
Trd, 4319107.843, 104
Trd, 4319110.593, 105
Trd, 4319111.293, 107
Trd, 4319112.693, 105
Trd, 4319113.293, 123
Trd, 4319114.543, 107
Trd, 4319114.593, 108
Trd, 4319117.493, 104
Trd, 4319120.793, 105
Trd, 4319121.243, 104
Trd, 4319121.993, 105
Trd, 4319123.243, 104
Trd, 4319124.693, 105
Trd, 4319125.443, 94
Trd, 4319126.643, 97
Trd, 4319127.193, 86
Trd, 4319128.293, 96
Trd, 4319129.643, 96
Trd, 4319133.143, 95
Trd, 4319133.443, 93
Trd, 4319134.743, 105
Trd, 4319136.593, 103
Trd, 4319136.843, 96
Trd, 4319137.393, 112
Trd, 4319138.693, 113
Trd, 4319140.893, 105
Trd, 4319142.093, 96
Trd, 4319142.843, 87
Trd, 4319143.643, 104
Trd, 4319144.493, 92
Trd, 4319144.893, 102
Trd, 4319146.293, 97
Trd, 4319147.943, 102
Trd, 4319148.343, 97
Trd, 4319149.143, 100
Trd, 4319152.293, 99
Trd, 4319153.293, 95
Trd, 4319153.393, 98
Trd, 4319153.543, 115
Trd, 4319155.743, 102
Trd, 4319156.943, 87
Trd, 4319157.193, 94
Trd, 4319157.393, 75
Trd, 4319159.143, 101
Trd, 4319159.943, 102
Trd, 4319160.593, 102
Trd, 4319162.993, 95
Trd, 4319163.293, 101
Trd, 4319164.693, 90
Trd, 4319167.193, 95
Trd, 4319169.243, 94
Trd, 4319169.593, 98
Trd, 4319171.193, 104
Trd, 4319171.293, 115
Trd, 4319173.343, 103
Trd, 4319174.243, 104
Trd, 4319174.293, 105
Trd, 4319174.793, 105
Trd, 4319175.743, 101
Trd, 4319177.293, 116
Trd, 4319177.843, 123
Trd, 4319177.893, 84
Trd, 4319180.993, 106
Trd, 4319181.343, 108
Trd, 4319183.043, 107
Trd, 4319183.443, 106
Trd, 4319185.343, 106
Trd, 4319186.793, 104
Trd, 4319187.193, 106
Trd, 4319189.193, 115
Trd, 4319190.893, 106
Trd, 4319192.643, 105
Trd, 4319193.043, 105
Trd, 4319195.093, 103
Trd, 4319197.343, 103
Trd, 4319197.743, 113
Trd, 4319198.393, 103
Trd, 4319200.043, 103
Trd, 4319200.693, 104
Trd, 4319202.343, 103
Trd, 4319202.893, 95
Trd, 4319203.393, 102
Trd, 4319203.493, 105
Trd, 4319203.643, 94
Trd, 4319206.393, 103
Trd, 4319207.943, 97
Trd, 4319208.393, 94
Trd, 4319210.143, 104
Trd, 4319210.893, 124
Trd, 4319211.993, 122
Trd, 4319214.543, 104
Trd, 4319214.793, 94
Trd, 4319215.143, 104
Trd, 4319217.643, 101
Trd, 4319218.193, 97
Trd, 4319219.493, 99
Trd, 4319219.543, 104
Trd, 4319222.293, 98
Trd, 4319222.943, 101
Trd, 4319224.343, 101
Trd, 4319224.593, 102
Trd, 4319226.743, 102
Trd, 4319227.293, 104
Trd, 4319230.043, 101
Trd, 4319230.693, 102
Trd, 4319230.943, 101
Trd, 4319231.643, 104
Trd, 4319233.343, 105
Trd, 4319233.743, 117
Trd, 4319235.543, 106
Trd, 4319235.793, 110
Trd, 4319236.493, 104
Trd, 4319238.243, 109
Trd, 4319240.293, 108
Trd, 4319241.893, 108
Trd, 4319243.543, 105
Trd, 4319244.893, 108
Trd, 4319244.943, 110
Trd, 4319247.543, 107
Trd, 4319248.593, 108
Trd, 4319248.743, 108
Trd, 4319251.793, 107
Trd, 4319253.693, 108
Trd, 4319254.593, 106
Trd, 4319255.843, 108
Trd, 4319257.993, 107
Trd, 4319259.593, 105
Trd, 4319260.893, 106
Trd, 4319262.343, 106
Trd, 4319262.593, 105
Trd, 4319263.893, 106
Trd, 4319267.193, 105
Trd, 4319267.443, 104
Trd, 4319267.943, 104
Trd, 4319269.593, 103
Trd, 4319269.643, 97
Trd, 4319271.743, 102
Trd, 4319272.843, 104
Trd, 4319273.843, 100
Trd, 4319274.993, 104
Trd, 4319277.193, 105
Trd, 4319278.343, 103
Trd, 4319278.843, 94
Trd, 4319280.343, 104
Trd, 4319281.343, 112
Trd, 4319283.193, 113
Trd, 4319283.493, 124
Trd, 4319283.993, 97
Trd, 4319286.393, 105
Trd, 4319287.093, 105
Trd, 4319287.293, 104
Trd, 4319290.293, 104
Trd, 4319290.543, 104
Trd, 4319291.393, 103
Trd, 4319295.343, 103
Trd, 4319295.543, 96
Trd, 4319295.843, 101
Trd, 4319297.993, 104
Trd, 4319298.043, 104
Trd, 4319298.843, 114
Trd, 4319302.393, 105
Trd, 4319303.493, 106
Trd, 4319303.543, 107
Trd, 4319306.093, 107
Trd, 4319306.893, 105
Trd, 4319308.843, 107
Trd, 4319309.193, 114
Trd, 4319310.643, 106
Trd, 4319313.243, 107
Trd, 4319313.843, 106
Trd, 4319315.443, 105
Trd, 4319315.843, 104
Trd, 4319315.943, 106
Trd, 4319318.243, 104
Trd, 4319319.193, 103
Trd, 4319319.243, 83
Trd, 4319321.043, 104
Trd, 4319323.043, 93
Trd, 4319323.243, 98
Trd, 4319324.043, 99
Trd, 4319324.643, 93
Trd, 4319325.143, 92
Trd, 4319326.943, 111
Trd, 4319330.343, 96
Trd, 4319330.793, 96
Trd, 4319330.943, 104
Trd, 4319331.193, 93
Trd, 4319331.243, 114
Trd, 4319333.143, 105
Trd, 4319334.543, 122
Trd, 4319336.243, 119
Trd, 4319336.843, 113
Trd, 4319337.443, 111
Trd, 4319338.943, 116
Trd, 4319339.793, 104
Trd, 4319341.243, 113
Trd, 4319343.293, 110
Trd, 4319344.343, 109
Trd, 4319345.043, 111
Trd, 4319347.893, 103
Trd, 4319347.943, 103
Trd, 4319348.093, 111
Trd, 4319349.793, 102
Trd, 4319351.043, 103
Trd, 4319353.043, 103
Trd, 4319353.143, 104
Trd, 4319353.593, 103
Trd, 4319355.693, 102
Trd, 4319355.893, 74
Trd, 4319356.443, 103
Trd, 4319360.093, 77
Trd, 4319360.943, 92
Trd, 4319362.493, 92
Trd, 4319362.543, 95
Trd, 4319364.193, 93
Trd, 4319366.543, 93
Trd, 4319366.593, 103
Trd, 4319368.343, 104
Trd, 4319368.993, 103
Trd, 4319369.193, 113
Trd, 4319372.393, 94
Trd, 4319372.443, 97
Trd, 4319373.393, 93
Trd, 4319373.643, 95
Trd, 4319375.243, 96
Trd, 4319377.543, 95
Trd, 4319378.093, 93
Trd, 4319378.443, 94
Trd, 4319379.943, 93
Trd, 4319380.293, 93
Trd, 4319381.993, 94
Trd, 4319383.443, 94
Trd, 4319383.843, 95
Trd, 4319384.293, 105
Trd, 4319389.343, 96
Trd, 4319389.443, 94
Trd, 4319389.593, 97
Trd, 4319392.643, 113
Trd, 4319392.893, 105
Trd, 4319393.243, 105
Trd, 4319394.693, 104
Trd, 4319398.493, 102
Trd, 4319398.643, 101
Trd, 4319399.593, 104
Trd, 4319400.543, 95
Trd, 4319401.393, 102
Trd, 4319401.793, 103
Trd, 4319405.193, 101
Trd, 4319405.943, 102
Trd, 4319406.443, 103
Trd, 4319407.193, 104
Trd, 4319408.293, 100
Trd, 4319410.543, 102
Trd, 4319410.693, 100
Trd, 4319411.493, 104
Trd, 4319412.743, 103
Trd, 4319414.493, 102
Trd, 4319414.943, 104
Trd, 4319415.493, 95
Trd, 4319415.693, 113
Trd, 4319418.043, 103
Trd, 4319418.243, 85
Trd, 4319420.243, 104
Trd, 4319420.743, 104
Trd, 4319422.493, 101
Trd, 4319422.943, 104
Trd, 4319425.943, 104
Trd, 4319428.343, 104
Trd, 4319428.743, 112
Trd, 4319429.243, 110
Trd, 4319430.793, 105
Trd, 4319431.193, 106
Trd, 4319431.543, 104
Trd, 4319435.293, 106
Trd, 4319437.493, 106
Trd, 4319437.643, 104
Trd, 4319438.993, 105
Trd, 4319439.743, 106
Trd, 4319441.793, 106
Trd, 4319442.593, 110
Trd, 4319445.593, 108
Trd, 4319446.193, 107
Trd, 4319447.793, 109
Trd, 4319449.343, 107
Trd, 4319449.443, 106
Trd, 4319449.793, 104
Trd, 4319451.543, 106
Trd, 4319453.043, 106
Trd, 4319453.343, 104
Trd, 4319453.393, 114
Trd, 4319455.743, 106
Trd, 4319456.593, 107
Trd, 4319457.493, 106
Trd, 4319458.893, 107
Trd, 4319463.093, 106
Trd, 4319463.693, 105
Trd, 4319464.293, 105
Trd, 4319466.843, 104
Trd, 4319466.943, 105
Trd, 4319469.843, 104
Trd, 4319472.243, 98
Trd, 4319472.693, 100
Trd, 4319473.343, 101
Trd, 4319473.793, 99
Trd, 4319475.343, 101
Trd, 4319475.843, 104
Trd, 4319477.693, 103
Trd, 4319477.943, 114
Trd, 4319479.443, 100
Trd, 4319480.743, 97
Trd, 4319481.793, 83
Trd, 4319481.993, 100
Trd, 4319482.443, 101
Trd, 4319483.793, 102
Trd, 4319486.193, 101
Trd, 4319489.443, 109
Trd, 4319489.693, 106
Trd, 4319489.893, 104
Trd, 4319491.393, 105
Trd, 4319492.193, 104
Trd, 4319493.143, 104
Trd, 4319493.693, 95
Trd, 4319494.843, 105
Trd, 4319495.343, 121
Trd, 4319497.193, 114
Trd, 4319497.743, 109
Trd, 4319498.943, 94
Trd, 4319501.643, 112
Trd, 4319501.843, 105
Trd, 4319502.743, 105
Trd, 4319505.193, 107
Trd, 4319505.293, 108
Trd, 4319508.343, 107
Trd, 4319508.443, 105
Trd, 4319509.393, 102
Trd, 4319510.093, 94
Trd, 4319511.943, 103
Trd, 4319512.493, 105
Trd, 4319513.043, 102
Trd, 4319514.093, 104
Trd, 4319514.293, 81
Trd, 4319514.493, 105
Trd, 4319516.643, 92
Trd, 4319517.893, 95
Trd, 4319518.593, 95
Trd, 4319519.093, 92
Trd, 4319522.643, 95
Trd, 4319523.843, 92
Trd, 4319524.193, 97
Trd, 4319526.843, 95
Trd, 4319527.693, 95
Trd, 4319529.543, 95
Trd, 4319530.393, 104
Trd, 4319530.543, 105
Trd, 4319531.443, 104
Trd, 4319531.993, 104
Trd, 4319534.343, 100
Trd, 4319535.693, 100
Trd, 4319536.093, 101
Trd, 4319537.993, 102
Trd, 4319538.793, 102
Trd, 4319538.993, 104
Trd, 4319539.843, 94
Trd, 4319541.393, 93
Trd, 4319542.643, 93
Trd, 4319542.743, 102
Trd, 4319543.793, 99
Trd, 4319545.393, 104
Trd, 4319548.743, 98
Trd, 4319549.293, 97
Trd, 4319549.793, 97
Trd, 4319551.043, 95
Trd, 4319553.043, 104
Trd, 4319554.293, 113
Trd, 4319554.743, 107
Trd, 4319557.193, 96
Trd, 4319557.993, 99
Trd, 4319558.643, 103
Trd, 4319561.843, 96
Trd, 4319562.743, 100
Trd, 4319565.443, 97
Trd, 4319565.843, 94
Trd, 4319567.193, 94
Trd, 4319567.293, 95
Trd, 4319567.893, 94
Trd, 4319568.243, 104
Trd, 4319570.293, 114
Trd, 4319570.643, 101
Trd, 4319571.143, 106
Trd, 4319573.143, 105
Trd, 4319573.293, 103
Trd, 4319574.393, 102
Trd, 4319574.693, 94
Trd, 4319575.943, 99
Trd, 4319576.243, 101
Trd, 4319576.793, 100
Trd, 4319579.443, 104
Trd, 4319580.093, 103
Trd, 4319582.443, 109
Trd, 4319582.643, 107
Trd, 4319583.293, 96
Trd, 4319584.843, 103
Trd, 4319586.193, 101
Trd, 4319587.593, 100
Trd, 4319587.943, 102
Trd, 4319589.393, 104
Trd, 4319590.293, 103
Trd, 4319590.843, 103
Trd, 4319592.443, 103
Trd, 4319592.593, 104
Trd, 4319594.643, 102
Trd, 4319597.293, 103
Trd, 4319597.643, 104
Trd, 4319597.693, 103
Trd, 4319599.293, 104
Trd, 4319599.743, 103
Trd, 4319600.493, 104
Trd, 4319600.793, 104
Trd, 4319602.243, 104
Trd, 4319604.593, 105
Trd, 4319605.243, 105
Trd, 4319607.193, 105
Trd, 4319608.243, 103
Trd, 4319608.843, 95
Trd, 4319609.293, 103
Trd, 4319611.843, 101
Trd, 4319612.593, 101
Trd, 4319614.043, 104
Trd, 4319616.493, 112
Trd, 4319617.343, 112
Trd, 4319619.693, 85
Trd, 4319620.293, 105
Trd, 4319620.843, 110
Trd, 4319621.643, 112
Trd, 4319625.293, 108
Trd, 4319625.743, 107
Trd, 4319627.743, 95
Trd, 4319629.093, 103
Trd, 4319629.243, 104
Trd, 4319629.793, 105
Trd, 4319630.243, 113
Trd, 4319633.593, 107
Trd, 4319633.893, 107
Trd, 4319634.943, 107
Trd, 4319636.243, 107
Trd, 4319637.443, 108
Trd, 4319639.693, 107
Trd, 4319639.993, 108
Trd, 4319640.243, 105
Trd, 4319642.093, 108
Trd, 4319644.443, 110
Trd, 4319644.943, 100
Trd, 4319645.943, 111
Trd, 4319648.493, 104
Trd, 4319649.143, 105
Trd, 4319649.443, 107
Trd, 4319649.543, 107
Trd, 4319652.393, 104
Trd, 4319653.193, 104
Trd, 4319653.693, 105
Trd, 4319656.993, 106
Trd, 4319657.093, 106
Trd, 4319657.993, 102
Trd, 4319659.243, 102
Trd, 4319659.393, 106
Trd, 4319660.043, 106
Trd, 4319663.393, 96
Trd, 4319663.493, 98
Trd, 4319664.043, 94
Trd, 4319665.593, 104
Trd, 4319667.693, 104
Trd, 4319670.093, 102
Trd, 4319670.693, 113
Trd, 4319671.193, 105
Trd, 4319671.543, 101
Trd, 4319672.743, 104
Trd, 4319673.043, 105
Trd, 4319674.493, 100
Trd, 4319675.093, 104
Trd, 4319675.143, 94
Trd, 4319677.943, 105
Trd, 4319678.393, 103
Trd, 4319679.393, 100
Trd, 4319680.393, 102
Trd, 4319681.493, 101
Trd, 4319681.993, 102
Trd, 4319682.293, 114
Trd, 4319683.093, 94
Trd, 4319684.343, 83
Trd, 4319684.643, 105
Trd, 4319685.093, 104
Trd, 4319687.893, 94
Trd, 4319689.343, 101
Trd, 4319689.843, 96
Trd, 4319690.293, 104
Trd, 4319692.793, 99
Trd, 4319693.443, 95
Trd, 4319695.143, 99
Trd, 4319695.193, 101
Trd, 4319696.743, 96
Trd, 4319698.493, 102
Trd, 4319699.493, 104
Trd, 4319700.443, 111
Trd, 4319703.293, 105
Trd, 4319703.343, 94
Trd, 4319704.043, 103
Trd, 4319704.093, 104
Trd, 4319705.043, 113
Trd, 4319708.243, 106
Trd, 4319708.543, 104
Trd, 4319709.493, 104
Trd, 4319710.543, 106
Trd, 4319712.443, 104
Trd, 4319713.593, 102
Trd, 4319714.343, 94
Trd, 4319714.693, 102
Trd, 4319717.993, 95
Trd, 4319718.393, 95
Trd, 4319718.643, 97
Trd, 4319719.193, 104
Trd, 4319721.743, 96
Trd, 4319721.893, 95
Trd, 4319722.693, 99
Trd, 4319723.993, 103
Trd, 4319724.393, 104
Trd, 4319725.443, 76
Trd, 4319726.593, 78
Trd, 4319729.443, 96
Trd, 4319729.543, 97
Trd, 4319730.343, 98
Trd, 4319731.843, 104
Trd, 4319733.293, 113
Trd, 4319735.043, 121
Trd, 4319736.093, 118
Trd, 4319737.443, 118
Trd, 4319738.393, 113
Trd, 4319739.343, 103
Trd, 4319740.843, 108
Trd, 4319740.993, 109
Trd, 4319741.393, 114
Trd, 4319742.093, 121
Trd, 4319742.793, 103
Trd, 4319743.743, 109
Trd, 4319747.893, 100
Trd, 4319748.893, 98
Trd, 4319749.693, 97
Trd, 4319750.793, 95
Trd, 4319751.843, 117
Trd, 4319753.793, 100
Trd, 4319754.243, 103
Trd, 4319755.043, 102
Trd, 4319756.793, 103
Trd, 4319757.343, 99
Trd, 4319757.543, 103
Trd, 4319757.593, 98
Trd, 4319760.593, 103
Trd, 4319761.043, 103
Trd, 4319762.793, 103
Trd, 4319763.343, 100
Trd, 4319764.893, 96
Trd, 4319765.043, 101
Trd, 4319769.043, 104
Trd, 4319769.543, 102
Trd, 4319770.743, 101
Trd, 4319771.143, 94
Trd, 4319771.543, 101
Trd, 4319772.743, 100
Trd, 4319773.743, 114
Trd, 4319773.943, 99
Trd, 4319775.343, 105
Trd, 4319778.693, 99
Trd, 4319779.343, 97
Trd, 4319780.343, 95
Trd, 4319781.193, 104
Trd, 4319781.443, 85
Trd, 4319782.393, 113
Trd, 4319783.643, 96
Trd, 4319784.943, 104
Trd, 4319786.693, 105
Trd, 4319787.493, 107
Trd, 4319787.543, 104
Trd, 4319789.693, 107
Trd, 4319789.793, 105
Trd, 4319793.043, 105
Trd, 4319794.993, 104
Trd, 4319795.393, 105
Trd, 4319797.243, 104
Trd, 4319798.393, 103
Trd, 4319800.093, 95
Trd, 4319800.393, 100
Trd, 4319800.793, 97
Trd, 4319802.443, 98
Trd, 4319805.043, 97
Trd, 4319806.743, 96
Trd, 4319806.943, 97
Trd, 4319807.093, 104
Trd, 4319807.643, 104
Trd, 4319809.093, 113
Trd, 4319810.993, 103
Trd, 4319811.593, 103
Trd, 4319812.143, 98
Trd, 4319813.143, 84
Trd, 4319813.493, 104
Trd, 4319815.293, 104
Trd, 4319816.193, 105
Trd, 4319816.643, 122
Trd, 4319819.243, 104
Trd, 4319820.143, 111
Trd, 4319821.243, 109
Trd, 4319822.943, 107
Trd, 4319823.843, 105
Trd, 4319825.743, 105
Trd, 4319827.143, 106
Trd, 4319828.043, 105
Trd, 4319830.093, 104
Trd, 4319831.593, 105
Trd, 4319832.793, 103
Trd, 4319833.143, 104
Trd, 4319834.893, 104
Trd, 4319836.543, 103
Trd, 4319837.993, 103
Trd, 4319838.793, 101
Trd, 4319839.943, 94
Trd, 4319840.193, 100
Trd, 4319842.743, 96
Trd, 4319844.593, 95
Trd, 4319844.843, 104
Trd, 4319846.393, 104
Trd, 4319847.543, 101
Trd, 4319848.793, 98
Trd, 4319849.643, 94
Trd, 4319851.343, 103
Trd, 4319851.393, 96
Trd, 4319852.393, 104
Trd, 4319853.243, 96
Trd, 4319853.993, 113
Trd, 4319856.743, 94
Trd, 4319856.843, 99
Trd, 4319857.143, 102
Trd, 4319858.693, 95
Trd, 4319859.693, 104
Trd, 4319859.893, 111
Trd, 4319863.243, 104
Trd, 4319863.993, 103
Trd, 4319864.593, 104
Trd, 4319866.693, 103
Trd, 4319866.793, 104
Trd, 4319868.543, 103
Trd, 4319869.543, 94
Trd, 4319870.343, 103
Trd, 4319872.893, 103
Trd, 4319873.193, 103
Trd, 4319875.493, 104
Trd, 4319875.743, 105
Trd, 4319876.993, 107
Trd, 4319878.193, 109
Trd, 4319878.943, 107
Trd, 4319878.993, 112
Trd, 4319882.193, 110
Trd, 4319883.293, 112
Trd, 4319884.393, 112
Trd, 4319884.643, 110
Trd, 4319886.093, 104
Trd, 4319887.943, 103
Trd, 4319888.093, 105
Trd, 4319889.543, 109
Trd, 4319890.293, 108
Trd, 4319891.843, 109
Trd, 4319892.493, 106
Trd, 4319893.843, 105
Trd, 4319893.943, 106
Trd, 4319894.643, 105
Trd, 4319894.893, 104
Trd, 4319896.643, 108
Trd, 4319901.093, 105
Trd, 4319901.993, 104
Trd, 4319902.443, 105
Trd, 4319903.143, 104
Trd, 4319904.493, 105
Trd, 4319906.093, 102
Trd, 4319908.193, 104
Trd, 4319909.343, 101
Trd, 4319910.493, 101
Trd, 4319911.043, 94
Trd, 4319914.593, 99
Trd, 4319914.743, 100
Trd, 4319914.993, 98
Trd, 4319916.243, 104
Trd, 4319917.393, 121
Trd, 4319919.293, 105
Trd, 4319919.793, 105
Trd, 4319922.843, 105
Trd, 4319923.393, 118
Trd, 4319924.993, 102
Trd, 4319925.893, 103
Trd, 4319927.243, 101
Trd, 4319927.593, 102
Trd, 4319929.143, 103
Trd, 4319929.393, 94
Trd, 4319930.143, 83
Trd, 4319932.493, 92
Trd, 4319935.243, 93
Trd, 4319935.393, 104
Trd, 4319936.643, 119
Trd, 4319937.743, 117
Trd, 4319938.043, 93
Trd, 4319940.443, 106
Trd, 4319940.843, 118
Trd, 4319942.043, 122
Trd, 4319942.193, 103
Trd, 4319944.243, 105
Trd, 4319945.143, 106
Trd, 4319945.643, 105
Trd, 4319946.943, 108
Trd, 4319947.593, 104
Trd, 4319949.893, 108
Trd, 4319951.193, 107
Trd, 4319953.943, 107
Trd, 4319953.993, 107
Trd, 4319954.043, 106
Trd, 4319956.043, 105
Trd, 4319958.393, 103
Trd, 4319960.093, 105
Trd, 4319960.943, 106
Trd, 4319961.993, 105
Trd, 4319962.193, 112
Trd, 4319962.643, 104
Trd, 4319963.093, 103
Trd, 4319964.743, 108
Trd, 4319967.943, 106
Trd, 4319968.693, 104
Trd, 4319969.493, 106
Trd, 4319969.643, 107
Trd, 4319971.143, 105
Trd, 4319972.193, 106
Trd, 4319973.343, 106
Trd, 4319973.943, 113
Trd, 4319975.293, 106
Trd, 4319978.493, 106
Trd, 4319978.693, 104
Trd, 4319979.143, 94
Trd, 4319980.143, 105
Trd, 4319980.793, 105
Trd, 4319981.243, 104
Trd, 4319982.493, 104
Trd, 4319982.593, 105
Trd, 4319984.193, 84
Trd, 4319985.043, 89
Trd, 4319986.393, 88
Trd, 4319986.743, 70
Trd, 4319987.243, 95
Trd, 4319989.593, 93
Trd, 4319990.893, 105
Trd, 4319991.843, 106
Trd, 4319993.943, 104
Trd, 4319994.843, 111
Trd, 4319994.893, 104
Trd, 4319996.343, 97
Trd, 4319997.343, 95
Trd, 4319999.893, 104
