Trd, 4317841.993, 102
Trd, 4317844.993, 102
Trd, 4317845.393, 102
Trd, 4317845.443, 101
Trd, 4317846.293, 100
Trd, 4317849.393, 94
Trd, 4317850.393, 97
Trd, 4317850.543, 95
Trd, 4317852.443, 93
Trd, 4317853.043, 94
Trd, 4317854.843, 95
Trd, 4317856.493, 111
Trd, 4317857.243, 97
Trd, 4317857.393, 115
Trd, 4317859.393, 113
Trd, 4317860.193, 108
Trd, 4317864.493, 105
Trd, 4317865.293, 105
Trd, 4317869.593, 103
Trd, 4317870.943, 102
Trd, 4317873.493, 101
Trd, 4317873.793, 101
Trd, 4317874.293, 101
Trd, 4317874.643, 101
Trd, 4317876.243, 101
Trd, 4317879.743, 100
Trd, 4317880.193, 100
Trd, 4317882.093, 100
Trd, 4317882.293, 101
Trd, 4317884.593, 100
Trd, 4317885.893, 100
Trd, 4317887.993, 100
Trd, 4317889.693, 100
Trd, 4317895.293, 100
Trd, 4317896.193, 100
Trd, 4317896.393, 100
Trd, 4317899.443, 100
Trd, 4317899.693, 100
Trd, 4317900.043, 99
Trd, 4317902.043, 98
Trd, 4317903.493, 97
Trd, 4317904.443, 98
Trd, 4317906.693, 97
Trd, 4317908.993, 97
Trd, 4317910.593, 97
Trd, 4317910.843, 109
Trd, 4317912.543, 100
Trd, 4317915.893, 99
Trd, 4317917.243, 99
Trd, 4317917.543, 98
Trd, 4317918.943, 98
Trd, 4317919.993, 95
Trd, 4317920.293, 94
Trd, 4317922.243, 95
Trd, 4317923.393, 95
Trd, 4317924.593, 94
Trd, 4317925.543, 113
Trd, 4317927.543, 97
Trd, 4317930.993, 97
Trd, 4317931.393, 96
Trd, 4317931.593, 97
Trd, 4317933.393, 97
Trd, 4317934.293, 96
Trd, 4317936.143, 97
Trd, 4317938.293, 97
Trd, 4317939.493, 96
Trd, 4317940.143, 97
Trd, 4317941.743, 97
Trd, 4317942.243, 97
Trd, 4317943.993, 97
Trd, 4317944.443, 97
Trd, 4317944.743, 98
Trd, 4317949.043, 96
Trd, 4317949.393, 97
Trd, 4317950.343, 112
Trd, 4317952.693, 100
Trd, 4317955.293, 100
Trd, 4317956.193, 99
Trd, 4317956.643, 100
Trd, 4317958.193, 100
Trd, 4317958.243, 100
Trd, 4317959.143, 100
Trd, 4317963.643, 100
Trd, 4317963.693, 100
Trd, 4317964.793, 101
Trd, 4317965.693, 114
Trd, 4317969.643, 103
Trd, 4317970.143, 102
Trd, 4317970.743, 102
Trd, 4317972.343, 101
Trd, 4317972.943, 101
Trd, 4317977.493, 101
Trd, 4317978.393, 101
Trd, 4317978.443, 100
Trd, 4317979.643, 100
Trd, 4317982.093, 99
Trd, 4317984.093, 99
Trd, 4317985.093, 99
Trd, 4317989.493, 99
Trd, 4317990.293, 98
Trd, 4317991.193, 99
Trd, 4317991.743, 99
Trd, 4317993.543, 99
Trd, 4317994.943, 99
Trd, 4317995.793, 99
Trd, 4317995.843, 100
Trd, 4317996.843, 100
Trd, 4317999.743, 100
Trd, 4318000.543, 100
Trd, 4318002.243, 100
Trd, 4318004.843, 101
Trd, 4318006.543, 101
Trd, 4318008.393, 101
Trd, 4318013.393, 101
Trd, 4318015.393, 100
Trd, 4318016.243, 100
Trd, 4318016.893, 101
Trd, 4318017.643, 113
Trd, 4318018.243, 103
Trd, 4318020.393, 100
Trd, 4318020.593, 100
Trd, 4318022.993, 101
Trd, 4318024.493, 100
Trd, 4318025.693, 98
Trd, 4318025.843, 99
Trd, 4318029.343, 96
Trd, 4318030.393, 94
Trd, 4318031.393, 94
Trd, 4318032.093, 93
Trd, 4318032.343, 95
Trd, 4318033.893, 112
Trd, 4318034.243, 103
Trd, 4318034.543, 104
Trd, 4318036.393, 102
Trd, 4318040.043, 100
Trd, 4318040.743, 101
Trd, 4318041.493, 101
Trd, 4318041.543, 101
Trd, 4318043.593, 100
Trd, 4318044.993, 101
Trd, 4318046.693, 100
Trd, 4318047.193, 101
Trd, 4318048.493, 113
Trd, 4318052.343, 102
Trd, 4318052.993, 102
Trd, 4318053.493, 101
Trd, 4318055.593, 102
Trd, 4318056.393, 102
Trd, 4318058.143, 100
Trd, 4318058.893, 100
Trd, 4318059.193, 100
Trd, 4318064.293, 100
Trd, 4318064.793, 100
Trd, 4318066.093, 100
Trd, 4318066.293, 99
Trd, 4318067.093, 99
Trd, 4318069.943, 98
Trd, 4318070.393, 98
Trd, 4318073.343, 98
Trd, 4318073.693, 97
Trd, 4318074.843, 98
Trd, 4318077.293, 98
Trd, 4318077.543, 98
Trd, 4318079.493, 98
Trd, 4318080.643, 98
Trd, 4318081.793, 98
Trd, 4318081.993, 98
Trd, 4318082.643, 97
Trd, 4318087.043, 97
Trd, 4318087.893, 97
Trd, 4318089.393, 98
Trd, 4318090.943, 98
Trd, 4318092.843, 98
Trd, 4318094.443, 97
Trd, 4318096.543, 97
Trd, 4318097.343, 97
Trd, 4318098.643, 96
Trd, 4318102.293, 96
Trd, 4318102.443, 96
Trd, 4318103.543, 95
Trd, 4318106.693, 96
Trd, 4318108.443, 96
Trd, 4318108.743, 96
Trd, 4318109.293, 119
Trd, 4318111.293, 100
Trd, 4318113.043, 100
Trd, 4318113.493, 100
Trd, 4318115.693, 98
Trd, 4318115.843, 99
Trd, 4318117.243, 100
Trd, 4318117.743, 112
Trd, 4318118.993, 101
Trd, 4318121.693, 102
Trd, 4318122.443, 102
Trd, 4318122.893, 103
Trd, 4318123.243, 112
Trd, 4318125.843, 105
Trd, 4318128.043, 104
Trd, 4318130.543, 104
Trd, 4318134.943, 103
Trd, 4318136.143, 103
Trd, 4318136.693, 99
Trd, 4318137.643, 99
Trd, 4318138.793, 99
Trd, 4318139.593, 99
Trd, 4318141.243, 98
Trd, 4318142.493, 97
Trd, 4318144.043, 97
Trd, 4318144.293, 98
Trd, 4318147.143, 97
Trd, 4318147.593, 97
Trd, 4318149.593, 97
Trd, 4318149.793, 96
Trd, 4318150.843, 96
Trd, 4318151.593, 117
Trd, 4318153.193, 102
Trd, 4318154.993, 101
Trd, 4318156.393, 100
Trd, 4318157.543, 99
Trd, 4318157.693, 100
Trd, 4318157.993, 100
Trd, 4318160.993, 101
Trd, 4318162.793, 96
Trd, 4318163.893, 96
Trd, 4318164.293, 96
Trd, 4318166.393, 96
Trd, 4318166.843, 96
Trd, 4318167.493, 96
Trd, 4318167.743, 96
Trd, 4318167.893, 96
Trd, 4318169.443, 95
Trd, 4318171.993, 95
Trd, 4318172.143, 95
Trd, 4318174.193, 114
Trd, 4318177.393, 100
Trd, 4318181.393, 99
Trd, 4318181.943, 99
Trd, 4318182.593, 100
Trd, 4318183.543, 99
Trd, 4318184.843, 100
Trd, 4318185.443, 125
Trd, 4318185.943, 104
Trd, 4318188.043, 107
Trd, 4318190.343, 106
Trd, 4318191.393, 106
Trd, 4318191.693, 106
Trd, 4318193.493, 94
Trd, 4318194.493, 96
Trd, 4318195.393, 96
Trd, 4318195.943, 97
Trd, 4318196.493, 96
Trd, 4318196.643, 97
Trd, 4318200.193, 96
Trd, 4318200.493, 96
Trd, 4318202.593, 96
Trd, 4318202.693, 99
Trd, 4318204.443, 97
Trd, 4318206.543, 95
Trd, 4318207.143, 95
Trd, 4318210.043, 95
Trd, 4318211.893, 94
Trd, 4318212.193, 95
Trd, 4318214.243, 94
Trd, 4318214.943, 95
Trd, 4318215.543, 95
Trd, 4318216.043, 95
Trd, 4318216.993, 95
Trd, 4318218.593, 95
Trd, 4318219.493, 95
Trd, 4318219.793, 95
Trd, 4318221.593, 95
Trd, 4318224.743, 95
Trd, 4318225.593, 95
Trd, 4318227.093, 95
Trd, 4318227.243, 95
Trd, 4318229.843, 95
Trd, 4318230.343, 95
Trd, 4318230.793, 94
Trd, 4318231.193, 95
Trd, 4318231.243, 113
Trd, 4318231.843, 113
Trd, 4318232.643, 104
Trd, 4318233.143, 116
Trd, 4318234.443, 102
Trd, 4318235.793, 98
Trd, 4318237.993, 98
Trd, 4318238.293, 98
Trd, 4318241.943, 97
Trd, 4318242.393, 97
Trd, 4318242.793, 97
Trd, 4318244.343, 97
Trd, 4318244.793, 97
Trd, 4318245.543, 96
Trd, 4318249.443, 96
Trd, 4318250.343, 95
Trd, 4318251.193, 96
Trd, 4318252.243, 97
Trd, 4318252.943, 111
Trd, 4318253.543, 99
Trd, 4318254.943, 98
Trd, 4318255.493, 97
Trd, 4318256.693, 97
Trd, 4318259.243, 96
Trd, 4318260.593, 95
Trd, 4318261.043, 96
Trd, 4318262.093, 115
Trd, 4318262.443, 127
Trd, 4318263.343, 105
Trd, 4318264.643, 102
Trd, 4318270.043, 101
Trd, 4318271.693, 96
Trd, 4318272.643, 93
Trd, 4318274.743, 93
Trd, 4318275.693, 93
Trd, 4318275.943, 93
Trd, 4318277.593, 93
Trd, 4318279.793, 93
Trd, 4318280.843, 94
Trd, 4318282.893, 94
Trd, 4318286.743, 93
Trd, 4318286.893, 94
Trd, 4318290.643, 93
Trd, 4318290.793, 93
Trd, 4318290.993, 93
Trd, 4318294.143, 92
Trd, 4318295.443, 93
Trd, 4318296.443, 94
Trd, 4318298.893, 94
Trd, 4318298.993, 94
Trd, 4318299.043, 95
Trd, 4318300.293, 107
Trd, 4318300.643, 112
Trd, 4318301.593, 103
Trd, 4318302.993, 100
Trd, 4318305.943, 99
Trd, 4318305.993, 115
Trd, 4318308.593, 102
Trd, 4318309.993, 102
Trd, 4318310.393, 102
Trd, 4318312.493, 102
Trd, 4318313.493, 101
Trd, 4318314.593, 100
Trd, 4318316.393, 101
Trd, 4318318.393, 100
Trd, 4318318.493, 100
Trd, 4318319.193, 99
Trd, 4318321.243, 96
Trd, 4318321.343, 94
Trd, 4318321.793, 97
Trd, 4318323.293, 95
Trd, 4318325.443, 94
Trd, 4318325.943, 119
Trd, 4318327.843, 99
Trd, 4318329.893, 100
Trd, 4318330.193, 100
Trd, 4318330.643, 100
Trd, 4318334.893, 100
Trd, 4318337.493, 100
Trd, 4318339.843, 100
Trd, 4318341.993, 100
Trd, 4318342.243, 100
Trd, 4318342.793, 100
Trd, 4318345.793, 100
Trd, 4318346.243, 100
Trd, 4318347.443, 101
Trd, 4318348.243, 101
Trd, 4318348.893, 101
Trd, 4318351.743, 101
Trd, 4318353.543, 101
Trd, 4318353.943, 101
Trd, 4318356.693, 101
Trd, 4318357.343, 101
Trd, 4318357.843, 101
Trd, 4318359.443, 101
Trd, 4318361.543, 100
Trd, 4318362.543, 100
Trd, 4318363.193, 100
Trd, 4318365.193, 100
Trd, 4318366.393, 100
Trd, 4318366.993, 100
Trd, 4318371.143, 99
Trd, 4318373.393, 99
Trd, 4318373.593, 99
Trd, 4318375.143, 97
Trd, 4318376.493, 96
Trd, 4318377.693, 96
Trd, 4318378.843, 96
Trd, 4318382.593, 96
Trd, 4318385.493, 96
Trd, 4318385.893, 96
Trd, 4318386.693, 96
Trd, 4318388.343, 95
Trd, 4318391.693, 95
Trd, 4318391.993, 95
Trd, 4318396.093, 95
Trd, 4318396.743, 95
Trd, 4318398.643, 95
Trd, 4318400.393, 95
Trd, 4318400.493, 94
Trd, 4318404.243, 95
Trd, 4318405.493, 95
Trd, 4318407.293, 95
Trd, 4318407.643, 96
Trd, 4318411.193, 95
Trd, 4318411.743, 94
Trd, 4318411.893, 93
Trd, 4318413.693, 95
Trd, 4318417.043, 93
Trd, 4318417.693, 93
Trd, 4318419.643, 95
Trd, 4318420.143, 95
Trd, 4318420.843, 96
Trd, 4318423.143, 92
Trd, 4318423.943, 92
Trd, 4318424.443, 92
Trd, 4318426.193, 96
Trd, 4318427.993, 92
Trd, 4318429.493, 92
Trd, 4318429.893, 95
Trd, 4318430.393, 95
Trd, 4318431.693, 95
Trd, 4318432.843, 95
Trd, 4318434.893, 96
Trd, 4318435.293, 96
Trd, 4318436.993, 95
Trd, 4318437.593, 95
Trd, 4318439.243, 94
Trd, 4318440.593, 95
Trd, 4318441.293, 95
Trd, 4318442.843, 95
Trd, 4318443.793, 95
Trd, 4318447.293, 94
Trd, 4318447.893, 96
Trd, 4318448.343, 95
Trd, 4318451.293, 95
Trd, 4318453.143, 95
Trd, 4318454.093, 95
Trd, 4318455.143, 114
Trd, 4318457.893, 98
Trd, 4318459.143, 93
Trd, 4318459.693, 94
Trd, 4318460.043, 94
Trd, 4318461.093, 94
Trd, 4318462.193, 94
Trd, 4318462.793, 94
Trd, 4318463.443, 95
Trd, 4318465.493, 95
Trd, 4318465.893, 95
Trd, 4318468.443, 94
Trd, 4318468.993, 94
Trd, 4318469.743, 95
Trd, 4318471.593, 95
Trd, 4318474.693, 95
Trd, 4318477.393, 94
Trd, 4318478.293, 94
Trd, 4318479.643, 93
Trd, 4318483.393, 93
Trd, 4318483.593, 92
Trd, 4318484.793, 93
Trd, 4318485.543, 93
Trd, 4318486.193, 94
Trd, 4318487.743, 95
Trd, 4318489.293, 93
Trd, 4318490.093, 112
Trd, 4318490.143, 114
Trd, 4318492.343, 101
Trd, 4318493.643, 97
Trd, 4318493.843, 106
Trd, 4318494.793, 100
Trd, 4318498.443, 99
Trd, 4318500.843, 98
Trd, 4318501.493, 98
Trd, 4318501.743, 99
Trd, 4318504.693, 97
Trd, 4318506.593, 97
Trd, 4318506.793, 97
Trd, 4318506.843, 97
Trd, 4318506.893, 96
Trd, 4318507.793, 95
Trd, 4318508.693, 95
Trd, 4318509.093, 98
Trd, 4318512.743, 97
Trd, 4318514.043, 97
Trd, 4318518.443, 97
Trd, 4318519.643, 97
Trd, 4318520.843, 97
Trd, 4318522.543, 97
Trd, 4318523.443, 97
Trd, 4318526.643, 97
Trd, 4318529.143, 97
Trd, 4318529.443, 97
Trd, 4318532.793, 97
Trd, 4318534.593, 96
Trd, 4318535.843, 96
Trd, 4318538.193, 96
Trd, 4318538.693, 96
Trd, 4318540.543, 96
Trd, 4318542.743, 96
Trd, 4318543.693, 96
Trd, 4318548.143, 96
Trd, 4318548.443, 96
Trd, 4318550.393, 96
Trd, 4318553.493, 96
Trd, 4318554.243, 96
Trd, 4318554.593, 96
Trd, 4318556.143, 96
Trd, 4318556.243, 97
Trd, 4318558.793, 96
Trd, 4318560.943, 95
Trd, 4318561.543, 95
Trd, 4318563.093, 95
Trd, 4318565.693, 95
Trd, 4318567.793, 94
Trd, 4318568.743, 95
Trd, 4318570.643, 95
Trd, 4318570.743, 96
Trd, 4318572.243, 95
Trd, 4318573.793, 96
Trd, 4318574.193, 96
Trd, 4318576.343, 96
Trd, 4318578.443, 96
Trd, 4318579.043, 96
Trd, 4318579.543, 96
Trd, 4318587.093, 96
Trd, 4318588.443, 95
Trd, 4318588.693, 94
Trd, 4318589.443, 94
Trd, 4318590.043, 94
Trd, 4318590.543, 95
Trd, 4318590.993, 95
Trd, 4318592.143, 98
Trd, 4318594.493, 96
Trd, 4318594.543, 97
Trd, 4318596.943, 97
Trd, 4318597.343, 96
Trd, 4318599.743, 97
Trd, 4318601.143, 94
Trd, 4318602.043, 94
Trd, 4318604.443, 92
Trd, 4318604.793, 94
Trd, 4318604.843, 94
Trd, 4318606.543, 95
Trd, 4318606.843, 95
Trd, 4318611.293, 95
Trd, 4318611.493, 96
Trd, 4318613.043, 102
Trd, 4318613.993, 99
Trd, 4318614.993, 98
Trd, 4318617.143, 98
Trd, 4318617.443, 97
Trd, 4318619.193, 98
Trd, 4318619.543, 100
Trd, 4318620.493, 99
Trd, 4318620.643, 99
Trd, 4318623.993, 99
Trd, 4318625.993, 99
Trd, 4318627.443, 98
Trd, 4318628.393, 99
Trd, 4318629.193, 99
Trd, 4318630.793, 99
Trd, 4318631.443, 99
Trd, 4318633.743, 98
Trd, 4318636.643, 98
Trd, 4318637.893, 108
Trd, 4318638.443, 120
Trd, 4318639.993, 103
Trd, 4318640.493, 103
Trd, 4318641.093, 104
Trd, 4318641.693, 105
Trd, 4318644.343, 104
Trd, 4318645.043, 100
Trd, 4318645.393, 103
Trd, 4318649.643, 97
Trd, 4318650.093, 98
Trd, 4318651.293, 97
Trd, 4318651.393, 97
Trd, 4318651.993, 97
Trd, 4318653.993, 96
Trd, 4318655.193, 96
Trd, 4318656.793, 93
Trd, 4318657.993, 94
Trd, 4318658.093, 110
Trd, 4318659.643, 97
Trd, 4318660.893, 97
Trd, 4318661.143, 97
Trd, 4318662.393, 93
Trd, 4318663.693, 95
Trd, 4318666.243, 95
Trd, 4318668.643, 92
Trd, 4318668.893, 90
Trd, 4318669.893, 89
Trd, 4318671.293, 95
Trd, 4318672.343, 108
Trd, 4318674.393, 94
Trd, 4318674.843, 97
Trd, 4318676.693, 94
Trd, 4318677.843, 96
Trd, 4318679.993, 94
Trd, 4318681.243, 93
Trd, 4318681.443, 94
Trd, 4318684.343, 93
Trd, 4318684.743, 94
Trd, 4318686.893, 93
Trd, 4318688.243, 93
Trd, 4318689.193, 93
Trd, 4318689.993, 93
Trd, 4318693.143, 93
Trd, 4318693.943, 95
Trd, 4318696.093, 95
Trd, 4318696.393, 95
Trd, 4318697.493, 95
Trd, 4318699.593, 95
Trd, 4318699.943, 95
Trd, 4318700.593, 118
Trd, 4318701.343, 108
Trd, 4318703.243, 99
Trd, 4318703.343, 105
Trd, 4318705.793, 100
Trd, 4318710.243, 98
Trd, 4318710.343, 98
Trd, 4318710.543, 99
Trd, 4318712.243, 99
Trd, 4318713.793, 99
Trd, 4318713.893, 101
Trd, 4318714.593, 110
Trd, 4318714.943, 113
Trd, 4318715.843, 118
Trd, 4318718.143, 102
Trd, 4318718.543, 104
Trd, 4318721.193, 97
Trd, 4318723.743, 96
Trd, 4318725.893, 96
Trd, 4318727.243, 96
Trd, 4318727.343, 96
Trd, 4318728.643, 96
Trd, 4318731.843, 95
Trd, 4318733.093, 95
Trd, 4318733.693, 95
Trd, 4318733.793, 95
Trd, 4318738.493, 95
Trd, 4318739.543, 94
Trd, 4318739.843, 95
Trd, 4318740.793, 95
Trd, 4318741.793, 95
Trd, 4318742.643, 95
Trd, 4318746.093, 94
Trd, 4318748.443, 94
Trd, 4318749.093, 94
Trd, 4318749.393, 93
Trd, 4318749.493, 95
Trd, 4318754.443, 93
Trd, 4318755.643, 93
Trd, 4318756.793, 93
Trd, 4318757.443, 95
Trd, 4318758.393, 95
Trd, 4318759.193, 127
Trd, 4318759.243, 102
Trd, 4318762.743, 98
Trd, 4318764.593, 96
Trd, 4318764.893, 96
Trd, 4318767.543, 96
Trd, 4318768.443, 96
Trd, 4318770.593, 95
Trd, 4318771.793, 95
Trd, 4318772.493, 94
Trd, 4318773.693, 94
Trd, 4318774.293, 95
Trd, 4318776.843, 95
Trd, 4318776.893, 95
Trd, 4318781.643, 95
Trd, 4318783.343, 95
Trd, 4318784.193, 94
Trd, 4318784.793, 94
Trd, 4318785.293, 94
Trd, 4318786.593, 95
Trd, 4318787.293, 95
Trd, 4318788.343, 95
Trd, 4318789.943, 113
Trd, 4318792.293, 98
Trd, 4318793.643, 98
Trd, 4318794.893, 95
Trd, 4318795.943, 95
Trd, 4318796.243, 95
Trd, 4318796.893, 95
Trd, 4318797.893, 94
Trd, 4318800.743, 94
Trd, 4318801.343, 93
Trd, 4318801.793, 93
Trd, 4318802.193, 95
Trd, 4318802.743, 95
Trd, 4318803.943, 95
Trd, 4318805.493, 95
Trd, 4318807.843, 94
Trd, 4318808.443, 93
Trd, 4318809.943, 94
Trd, 4318810.993, 94
Trd, 4318812.593, 113
Trd, 4318813.943, 99
Trd, 4318817.543, 98
Trd, 4318817.593, 98
Trd, 4318818.093, 98
Trd, 4318818.943, 98
Trd, 4318820.493, 97
Trd, 4318823.893, 97
Trd, 4318825.043, 97
Trd, 4318825.193, 97
Trd, 4318828.293, 96
Trd, 4318830.793, 95
Trd, 4318832.193, 95
Trd, 4318832.293, 94
Trd, 4318833.293, 94
Trd, 4318833.793, 94
Trd, 4318835.843, 93
Trd, 4318835.993, 94
Trd, 4318837.243, 93
Trd, 4318839.493, 95
Trd, 4318841.943, 94
Trd, 4318843.093, 94
Trd, 4318843.243, 94
Trd, 4318843.643, 95
Trd, 4318847.343, 95
Trd, 4318847.943, 95
Trd, 4318848.343, 95
Trd, 4318849.593, 95
Trd, 4318850.893, 95
Trd, 4318853.043, 95
Trd, 4318853.293, 96
Trd, 4318856.243, 95
Trd, 4318857.393, 95
Trd, 4318859.893, 95
Trd, 4318860.393, 95
Trd, 4318863.193, 95
Trd, 4318867.193, 95
Trd, 4318867.543, 94
Trd, 4318868.493, 94
Trd, 4318869.443, 94
Trd, 4318870.643, 94
Trd, 4318872.493, 94
Trd, 4318873.143, 94
Trd, 4318875.393, 94
Trd, 4318877.293, 94
Trd, 4318878.943, 93
Trd, 4318882.543, 93
Trd, 4318882.593, 93
Trd, 4318883.343, 94
Trd, 4318883.993, 95
Trd, 4318889.393, 94
Trd, 4318890.443, 93
Trd, 4318891.393, 92
Trd, 4318891.943, 94
Trd, 4318892.443, 94
Trd, 4318892.643, 95
Trd, 4318894.643, 95
Trd, 4318896.343, 94
Trd, 4318898.493, 94
Trd, 4318898.943, 94
Trd, 4318899.243, 93
Trd, 4318900.293, 93
Trd, 4318902.343, 92
Trd, 4318902.593, 93
Trd, 4318903.443, 95
Trd, 4318905.943, 94
Trd, 4318906.943, 95
Trd, 4318907.493, 95
Trd, 4318909.643, 94
Trd, 4318910.743, 94
Trd, 4318910.943, 99
Trd, 4318912.093, 98
Trd, 4318913.293, 97
Trd, 4318914.543, 96
Trd, 4318914.593, 97
Trd, 4318915.393, 113
Trd, 4318918.093, 100
Trd, 4318918.443, 100
Trd, 4318920.543, 100
Trd, 4318922.893, 100
Trd, 4318923.343, 100
Trd, 4318926.293, 100
Trd, 4318926.593, 100
Trd, 4318927.043, 112
Trd, 4318929.843, 103
Trd, 4318931.793, 102
Trd, 4318933.193, 97
Trd, 4318933.843, 97
Trd, 4318934.793, 96
Trd, 4318936.943, 98
Trd, 4318938.193, 96
Trd, 4318938.793, 96
Trd, 4318940.643, 96
Trd, 4318941.343, 96
Trd, 4318944.293, 96
Trd, 4318944.493, 97
Trd, 4318944.793, 95
Trd, 4318947.693, 95
Trd, 4318948.243, 94
Trd, 4318948.693, 96
Trd, 4318950.143, 140
Trd, 4318950.243, 112
Trd, 4318951.293, 128
Trd, 4318954.043, 114
Trd, 4318954.843, 111
Trd, 4318956.793, 114
Trd, 4318957.393, 111
Trd, 4318959.343, 100
Trd, 4318959.843, 100
Trd, 4318961.093, 100
Trd, 4318961.243, 100
Trd, 4318963.893, 100
Trd, 4318964.393, 112
Trd, 4318964.993, 107
Trd, 4318965.393, 105
Trd, 4318967.493, 105
Trd, 4318968.293, 104
Trd, 4318969.043, 105
Trd, 4318969.993, 105
Trd, 4318972.043, 104
Trd, 4318973.693, 104
Trd, 4318976.743, 103
Trd, 4318976.943, 104
Trd, 4318977.143, 103
Trd, 4318979.493, 102
Trd, 4318983.593, 99
Trd, 4318983.993, 98
Trd, 4318984.193, 98
Trd, 4318984.543, 99
Trd, 4318987.343, 95
Trd, 4318990.243, 96
Trd, 4318991.243, 96
Trd, 4318991.443, 97
Trd, 4318994.993, 97
Trd, 4318995.093, 97
Trd, 4318995.593, 97
Trd, 4318996.943, 111
Trd, 4318997.643, 100
Trd, 4318998.143, 100
Trd, 4318999.943, 100
Trd, 4319003.943, 100
Trd, 4319004.343, 101
Trd, 4319006.793, 100
Trd, 4319009.443, 100
Trd, 4319009.743, 101
Trd, 4319010.843, 100
Trd, 4319012.043, 101
Trd, 4319013.693, 100
Trd, 4319013.843, 101
Trd, 4319018.993, 100
Trd, 4319020.043, 100
Trd, 4319020.093, 100
Trd, 4319024.093, 100
Trd, 4319025.493, 100
Trd, 4319026.343, 99
Trd, 4319027.843, 99
Trd, 4319029.443, 99
Trd, 4319032.193, 99
Trd, 4319033.643, 99
Trd, 4319034.393, 98
Trd, 4319035.193, 99
Trd, 4319036.793, 99
Trd, 4319037.993, 99
Trd, 4319038.443, 98
Trd, 4319038.743, 97
Trd, 4319038.843, 98
Trd, 4319041.043, 99
Trd, 4319044.743, 99
Trd, 4319046.043, 99
Trd, 4319046.493, 99
Trd, 4319047.293, 100
Trd, 4319048.743, 100
Trd, 4319051.193, 99
Trd, 4319052.543, 99
Trd, 4319056.043, 99
Trd, 4319056.943, 98
Trd, 4319058.493, 98
Trd, 4319060.793, 98
Trd, 4319061.593, 98
Trd, 4319064.393, 98
Trd, 4319064.643, 98
Trd, 4319065.343, 97
Trd, 4319068.543, 98
Trd, 4319069.393, 115
Trd, 4319071.293, 101
Trd, 4319074.893, 100
Trd, 4319075.443, 100
Trd, 4319075.593, 100
Trd, 4319077.793, 100
Trd, 4319078.843, 99
Trd, 4319080.343, 98
Trd, 4319082.143, 98
Trd, 4319082.543, 98
Trd, 4319087.893, 97
Trd, 4319088.193, 97
Trd, 4319089.593, 97
Trd, 4319090.693, 97
Trd, 4319091.043, 97
Trd, 4319091.743, 97
Trd, 4319093.193, 97
Trd, 4319096.243, 97
Trd, 4319096.493, 97
Trd, 4319097.543, 106
Trd, 4319097.893, 99
Trd, 4319098.543, 99
Trd, 4319099.343, 101
Trd, 4319100.393, 101
Trd, 4319103.593, 99
Trd, 4319103.693, 98
Trd, 4319105.743, 98
Trd, 4319105.843, 99
Trd, 4319105.893, 100
Trd, 4319110.943, 99
Trd, 4319111.243, 97
Trd, 4319113.493, 98
Trd, 4319113.843, 98
Trd, 4319114.793, 98
Trd, 4319117.343, 98
Trd, 4319118.593, 97
Trd, 4319119.693, 96
Trd, 4319121.743, 96
Trd, 4319122.693, 96
Trd, 4319123.043, 95
Trd, 4319123.193, 96
Trd, 4319124.143, 96
Trd, 4319124.543, 97
Trd, 4319126.543, 96
Trd, 4319127.493, 96
Trd, 4319129.893, 96
Trd, 4319132.593, 96
Trd, 4319134.093, 96
Trd, 4319136.593, 97
Trd, 4319136.993, 97
Trd, 4319138.793, 96
Trd, 4319140.543, 95
Trd, 4319142.493, 95
Trd, 4319143.593, 94
Trd, 4319145.643, 94
Trd, 4319147.393, 93
Trd, 4319149.093, 94
Trd, 4319149.443, 94
Trd, 4319151.393, 94
Trd, 4319153.343, 93
Trd, 4319153.393, 95
Trd, 4319154.293, 95
Trd, 4319156.443, 94
Trd, 4319158.343, 95
Trd, 4319159.043, 95
Trd, 4319159.793, 111
Trd, 4319159.993, 103
Trd, 4319160.943, 108
Trd, 4319161.493, 101
Trd, 4319163.943, 113
Trd, 4319166.493, 106
Trd, 4319166.943, 105
Trd, 4319167.193, 107
Trd, 4319168.293, 112
Trd, 4319170.693, 104
Trd, 4319172.893, 101
Trd, 4319174.243, 97
Trd, 4319174.893, 97
Trd, 4319175.243, 97
Trd, 4319176.693, 97
Trd, 4319177.193, 117
Trd, 4319180.693, 101
Trd, 4319181.193, 101
Trd, 4319181.643, 102
Trd, 4319184.793, 99
Trd, 4319184.943, 99
Trd, 4319188.643, 99
Trd, 4319189.893, 99
Trd, 4319191.343, 99
Trd, 4319191.443, 98
Trd, 4319192.993, 99
Trd, 4319193.793, 99
Trd, 4319193.893, 99
Trd, 4319197.393, 99
Trd, 4319199.843, 98
Trd, 4319202.193, 98
Trd, 4319202.293, 97
Trd, 4319202.593, 98
Trd, 4319205.243, 98
Trd, 4319205.743, 98
Trd, 4319207.443, 98
Trd, 4319209.843, 98
Trd, 4319211.543, 98
Trd, 4319214.143, 97
Trd, 4319214.593, 97
Trd, 4319216.043, 97
Trd, 4319216.243, 96
Trd, 4319218.843, 96
Trd, 4319220.993, 96
Trd, 4319221.593, 96
Trd, 4319223.243, 96
Trd, 4319223.743, 96
Trd, 4319227.843, 96
Trd, 4319229.343, 96
Trd, 4319230.693, 95
Trd, 4319230.843, 96
Trd, 4319231.243, 106
Trd, 4319233.943, 98
Trd, 4319235.343, 96
Trd, 4319236.193, 95
Trd, 4319237.343, 94
Trd, 4319240.343, 93
Trd, 4319240.743, 93
Trd, 4319240.993, 95
Trd, 4319241.443, 100
Trd, 4319245.493, 95
Trd, 4319249.543, 95
Trd, 4319249.743, 94
Trd, 4319249.893, 95
Trd, 4319251.043, 95
Trd, 4319252.843, 95
Trd, 4319253.493, 94
Trd, 4319253.593, 95
Trd, 4319256.743, 95
Trd, 4319257.343, 113
Trd, 4319258.343, 114
Trd, 4319259.943, 113
Trd, 4319261.293, 102
Trd, 4319262.593, 102
Trd, 4319263.993, 98
Trd, 4319264.443, 101
Trd, 4319266.043, 99
Trd, 4319267.643, 97
Trd, 4319268.393, 98
Trd, 4319269.943, 98
Trd, 4319270.193, 99
Trd, 4319271.993, 98
Trd, 4319272.493, 97
Trd, 4319274.193, 97
Trd, 4319276.293, 97
Trd, 4319278.143, 97
Trd, 4319279.343, 97
Trd, 4319279.793, 97
Trd, 4319281.493, 97
Trd, 4319282.243, 97
Trd, 4319285.093, 97
Trd, 4319287.043, 97
Trd, 4319288.393, 97
Trd, 4319288.893, 97
Trd, 4319292.043, 97
Trd, 4319292.343, 97
Trd, 4319293.993, 95
Trd, 4319294.693, 95
Trd, 4319294.743, 94
Trd, 4319296.643, 96
Trd, 4319297.343, 96
Trd, 4319297.593, 123
Trd, 4319301.493, 97
Trd, 4319301.643, 98
Trd, 4319302.443, 97
Trd, 4319303.593, 97
Trd, 4319304.193, 97
Trd, 4319305.893, 97
Trd, 4319306.143, 97
Trd, 4319306.543, 97
Trd, 4319308.893, 97
Trd, 4319309.943, 97
Trd, 4319311.043, 98
Trd, 4319311.943, 97
Trd, 4319313.593, 98
Trd, 4319315.493, 98
Trd, 4319316.593, 98
Trd, 4319319.593, 98
Trd, 4319322.143, 98
Trd, 4319323.043, 98
Trd, 4319323.693, 98
Trd, 4319323.843, 99
Trd, 4319325.693, 98
Trd, 4319328.493, 97
Trd, 4319329.443, 96
Trd, 4319330.193, 97
Trd, 4319331.443, 94
Trd, 4319333.493, 93
Trd, 4319333.693, 93
Trd, 4319334.443, 104
Trd, 4319335.043, 112
Trd, 4319335.143, 98
Trd, 4319336.393, 99
Trd, 4319338.393, 95
Trd, 4319340.793, 96
Trd, 4319342.393, 96
Trd, 4319342.443, 96
Trd, 4319346.193, 96
Trd, 4319347.043, 96
Trd, 4319347.093, 97
Trd, 4319347.843, 96
Trd, 4319348.043, 95
Trd, 4319349.993, 113
Trd, 4319351.943, 99
Trd, 4319353.593, 99
Trd, 4319355.293, 99
Trd, 4319356.693, 99
Trd, 4319356.843, 99
Trd, 4319359.093, 99
Trd, 4319362.043, 116
Trd, 4319362.543, 113
Trd, 4319364.393, 105
Trd, 4319366.093, 103
Trd, 4319366.493, 105
Trd, 4319367.493, 105
Trd, 4319368.843, 105
Trd, 4319369.293, 105
Trd, 4319372.143, 102
Trd, 4319375.843, 98
Trd, 4319376.593, 98
Trd, 4319376.793, 98
Trd, 4319377.393, 98
Trd, 4319382.943, 97
Trd, 4319382.993, 97
Trd, 4319383.393, 96
Trd, 4319383.843, 97
Trd, 4319384.893, 97
Trd, 4319386.643, 97
Trd, 4319386.693, 97
Trd, 4319390.443, 97
Trd, 4319391.293, 97
Trd, 4319393.093, 97
Trd, 4319394.343, 98
Trd, 4319396.193, 98
Trd, 4319398.743, 98
Trd, 4319399.593, 98
Trd, 4319401.493, 98
Trd, 4319402.593, 98
Trd, 4319402.693, 98
Trd, 4319407.043, 98
Trd, 4319408.643, 97
Trd, 4319410.193, 96
Trd, 4319412.343, 96
Trd, 4319414.643, 96
Trd, 4319415.043, 96
Trd, 4319415.743, 96
Trd, 4319418.993, 96
Trd, 4319419.393, 96
Trd, 4319420.593, 96
Trd, 4319423.543, 96
Trd, 4319424.593, 96
Trd, 4319426.643, 96
Trd, 4319426.743, 96
Trd, 4319426.943, 96
Trd, 4319427.993, 105
Trd, 4319429.693, 98
Trd, 4319430.743, 98
Trd, 4319431.243, 97
Trd, 4319433.143, 97
Trd, 4319436.393, 97
Trd, 4319436.843, 96
Trd, 4319438.443, 98
Trd, 4319440.393, 97
Trd, 4319442.043, 96
Trd, 4319443.243, 97
Trd, 4319443.943, 98
Trd, 4319447.443, 99
Trd, 4319448.643, 98
Trd, 4319450.093, 98
Trd, 4319450.443, 97
Trd, 4319454.843, 98
Trd, 4319458.843, 96
Trd, 4319459.143, 96
Trd, 4319459.743, 96
Trd, 4319460.093, 96
Trd, 4319460.243, 95
Trd, 4319461.893, 112
Trd, 4319463.443, 117
Trd, 4319463.993, 103
Trd, 4319465.243, 102
Trd, 4319466.793, 102
Trd, 4319469.293, 97
Trd, 4319470.593, 99
Trd, 4319471.443, 99
Trd, 4319472.293, 99
Trd, 4319474.593, 98
Trd, 4319475.143, 97
Trd, 4319475.393, 97
Trd, 4319477.043, 97
Trd, 4319477.493, 98
Trd, 4319479.693, 97
Trd, 4319484.643, 97
Trd, 4319485.393, 97
Trd, 4319486.093, 96
Trd, 4319486.143, 97
Trd, 4319489.143, 97
Trd, 4319490.643, 97
Trd, 4319492.143, 96
Trd, 4319492.543, 96
Trd, 4319492.993, 113
Trd, 4319494.793, 104
Trd, 4319495.293, 102
Trd, 4319497.393, 103
Trd, 4319498.043, 102
Trd, 4319499.693, 100
Trd, 4319501.243, 100
Trd, 4319502.693, 100
Trd, 4319502.793, 101
Trd, 4319503.793, 118
Trd, 4319506.843, 101
Trd, 4319506.943, 102
Trd, 4319510.193, 95
Trd, 4319512.343, 95
Trd, 4319514.843, 95
Trd, 4319515.343, 96
Trd, 4319515.643, 115
Trd, 4319516.793, 99
Trd, 4319517.893, 99
Trd, 4319521.493, 95
Trd, 4319521.843, 95
Trd, 4319522.143, 94
Trd, 4319523.743, 94
Trd, 4319524.843, 94
Trd, 4319525.393, 94
Trd, 4319525.793, 95
Trd, 4319526.743, 92
Trd, 4319529.293, 94
Trd, 4319530.093, 93
Trd, 4319530.143, 94
Trd, 4319531.293, 94
Trd, 4319532.643, 94
Trd, 4319533.893, 94
Trd, 4319534.543, 95
Trd, 4319537.093, 95
Trd, 4319541.543, 95
Trd, 4319541.893, 95
Trd, 4319544.243, 94
Trd, 4319546.793, 94
Trd, 4319547.043, 95
Trd, 4319547.693, 95
Trd, 4319548.593, 95
Trd, 4319551.993, 94
Trd, 4319552.593, 92
Trd, 4319553.243, 93
Trd, 4319554.893, 93
Trd, 4319555.143, 94
Trd, 4319557.443, 93
Trd, 4319558.193, 95
Trd, 4319559.693, 94
Trd, 4319563.343, 94
Trd, 4319564.593, 94
Trd, 4319564.843, 94
Trd, 4319569.693, 93
Trd, 4319570.193, 92
Trd, 4319571.543, 92
Trd, 4319572.543, 92
Trd, 4319573.243, 93
Trd, 4319574.243, 95
Trd, 4319576.393, 95
Trd, 4319577.343, 94
Trd, 4319578.593, 93
Trd, 4319579.893, 93
Trd, 4319580.093, 94
Trd, 4319583.093, 93
Trd, 4319584.493, 95
Trd, 4319586.293, 93
Trd, 4319586.993, 94
Trd, 4319587.443, 94
Trd, 4319590.843, 94
Trd, 4319591.793, 94
Trd, 4319592.593, 94
Trd, 4319592.643, 95
Trd, 4319593.843, 95
Trd, 4319597.993, 95
Trd, 4319599.893, 94
Trd, 4319602.243, 95
Trd, 4319605.143, 95
Trd, 4319607.293, 94
Trd, 4319608.593, 94
Trd, 4319609.343, 94
Trd, 4319610.693, 94
Trd, 4319614.243, 94
Trd, 4319615.843, 94
Trd, 4319616.193, 95
Trd, 4319618.593, 95
Trd, 4319620.393, 94
Trd, 4319621.193, 94
Trd, 4319624.843, 95
Trd, 4319625.393, 96
Trd, 4319628.643, 95
Trd, 4319629.343, 94
Trd, 4319631.193, 94
Trd, 4319632.043, 93
Trd, 4319633.093, 104
Trd, 4319633.643, 97
Trd, 4319634.343, 96
Trd, 4319634.693, 97
Trd, 4319636.343, 96
Trd, 4319637.243, 96
Trd, 4319638.143, 97
Trd, 4319639.193, 104
Trd, 4319641.143, 99
Trd, 4319642.293, 99
Trd, 4319644.743, 99
Trd, 4319646.693, 99
Trd, 4319647.093, 98
Trd, 4319647.343, 99
Trd, 4319648.893, 99
Trd, 4319651.293, 100
Trd, 4319652.743, 99
Trd, 4319653.143, 99
Trd, 4319654.343, 99
Trd, 4319655.093, 99
Trd, 4319657.043, 99
Trd, 4319658.243, 99
Trd, 4319658.393, 97
Trd, 4319658.893, 99
Trd, 4319662.643, 98
Trd, 4319663.893, 97
Trd, 4319664.143, 98
Trd, 4319664.393, 98
Trd, 4319666.443, 98
Trd, 4319667.243, 98
Trd, 4319669.643, 98
Trd, 4319672.893, 98
Trd, 4319673.893, 97
Trd, 4319676.693, 97
Trd, 4319677.143, 98
Trd, 4319679.193, 97
Trd, 4319679.443, 96
Trd, 4319679.893, 97
Trd, 4319681.143, 97
Trd, 4319682.193, 97
Trd, 4319682.593, 98
Trd, 4319683.893, 98
Trd, 4319686.643, 97
Trd, 4319686.893, 97
Trd, 4319688.893, 97
Trd, 4319689.693, 97
Trd, 4319691.443, 97
Trd, 4319691.893, 96
Trd, 4319693.993, 96
Trd, 4319694.043, 97
Trd, 4319696.693, 97
Trd, 4319696.843, 97
Trd, 4319698.143, 118
Trd, 4319700.693, 98
Trd, 4319701.843, 98
Trd, 4319702.093, 99
Trd, 4319703.743, 99
Trd, 4319704.493, 99
Trd, 4319704.993, 99
Trd, 4319711.193, 99
Trd, 4319711.643, 99
Trd, 4319712.293, 97
Trd, 4319714.043, 97
Trd, 4319715.743, 97
Trd, 4319717.593, 97
Trd, 4319719.043, 97
Trd, 4319723.143, 96
Trd, 4319723.543, 96
Trd, 4319723.893, 96
Trd, 4319725.343, 96
Trd, 4319729.993, 96
Trd, 4319730.743, 96
Trd, 4319731.743, 96
Trd, 4319733.943, 96
Trd, 4319734.643, 96
Trd, 4319736.493, 96
Trd, 4319738.043, 95
Trd, 4319738.843, 95
Trd, 4319739.243, 95
Trd, 4319743.193, 95
Trd, 4319746.043, 95
Trd, 4319746.693, 95
Trd, 4319747.243, 95
Trd, 4319747.793, 95
Trd, 4319750.693, 95
Trd, 4319751.393, 95
Trd, 4319751.993, 95
Trd, 4319753.343, 95
Trd, 4319754.493, 95
Trd, 4319759.193, 95
Trd, 4319760.343, 95
Trd, 4319760.893, 95
Trd, 4319761.593, 95
Trd, 4319763.093, 95
Trd, 4319763.443, 96
Trd, 4319765.893, 96
Trd, 4319766.043, 96
Trd, 4319767.493, 95
Trd, 4319768.293, 94
Trd, 4319768.393, 95
Trd, 4319768.493, 96
Trd, 4319770.093, 93
Trd, 4319773.343, 93
Trd, 4319773.443, 93
Trd, 4319774.743, 119
Trd, 4319776.793, 98
Trd, 4319778.843, 100
Trd, 4319780.343, 94
Trd, 4319782.443, 94
Trd, 4319784.943, 94
Trd, 4319786.143, 94
Trd, 4319790.143, 94
Trd, 4319790.243, 94
Trd, 4319792.143, 94
Trd, 4319792.443, 95
Trd, 4319793.143, 95
Trd, 4319793.293, 95
Trd, 4319794.243, 95
Trd, 4319797.393, 95
Trd, 4319798.893, 95
Trd, 4319802.793, 94
Trd, 4319803.243, 95
Trd, 4319804.893, 95
Trd, 4319805.393, 95
Trd, 4319807.893, 94
Trd, 4319810.793, 94
Trd, 4319812.293, 94
Trd, 4319813.493, 94
Trd, 4319815.043, 94
Trd, 4319816.843, 93
Trd, 4319817.643, 93
Trd, 4319818.343, 94
Trd, 4319818.593, 94
Trd, 4319821.093, 95
Trd, 4319822.593, 91
Trd, 4319823.343, 92
Trd, 4319827.043, 92
Trd, 4319828.143, 91
Trd, 4319828.193, 92
Trd, 4319829.293, 92
Trd, 4319830.893, 92
Trd, 4319831.043, 92
Trd, 4319834.343, 92
Trd, 4319835.193, 92
Trd, 4319837.343, 92
Trd, 4319838.043, 92
Trd, 4319840.043, 92
Trd, 4319840.093, 92
Trd, 4319842.543, 91
Trd, 4319842.793, 90
Trd, 4319845.793, 90
Trd, 4319846.193, 90
Trd, 4319846.843, 92
Trd, 4319848.793, 92
Trd, 4319849.893, 92
Trd, 4319850.993, 92
Trd, 4319852.243, 93
Trd, 4319853.543, 95
Trd, 4319856.693, 94
Trd, 4319857.393, 95
Trd, 4319859.093, 95
Trd, 4319860.243, 94
Trd, 4319860.643, 94
Trd, 4319864.393, 94
Trd, 4319864.593, 94
Trd, 4319868.493, 94
Trd, 4319871.093, 94
Trd, 4319872.293, 94
Trd, 4319872.643, 94
Trd, 4319872.743, 94
Trd, 4319876.193, 93
Trd, 4319876.593, 93
Trd, 4319878.043, 94
Trd, 4319880.443, 94
Trd, 4319881.643, 95
Trd, 4319882.193, 95
Trd, 4319883.843, 95
Trd, 4319885.493, 94
Trd, 4319887.493, 93
Trd, 4319888.343, 93
Trd, 4319889.243, 93
Trd, 4319892.393, 93
Trd, 4319893.093, 92
Trd, 4319893.393, 92
Trd, 4319893.443, 93
Trd, 4319894.643, 93
Trd, 4319896.543, 92
Trd, 4319896.693, 92
Trd, 4319897.293, 117
Trd, 4319899.293, 100
Trd, 4319900.593, 101
Trd, 4319902.843, 94
Trd, 4319903.743, 95
Trd, 4319905.293, 94
Trd, 4319906.243, 93
Trd, 4319907.243, 113
Trd, 4319908.593, 96
Trd, 4319908.993, 97
Trd, 4319911.043, 97
Trd, 4319913.043, 98
Trd, 4319913.793, 93
Trd, 4319914.743, 95
Trd, 4319915.943, 94
Trd, 4319916.843, 94
Trd, 4319917.943, 94
Trd, 4319920.693, 94
Trd, 4319921.643, 95
Trd, 4319921.943, 117
Trd, 4319923.943, 98
Trd, 4319925.793, 98
Trd, 4319927.293, 98
Trd, 4319929.293, 97
Trd, 4319929.743, 98
Trd, 4319935.543, 97
Trd, 4319936.693, 97
Trd, 4319937.943, 97
Trd, 4319939.193, 97
Trd, 4319939.343, 97
Trd, 4319940.143, 97
Trd, 4319941.493, 97
Trd, 4319943.193, 97
Trd, 4319945.593, 97
Trd, 4319947.443, 97
Trd, 4319948.193, 97
Trd, 4319948.793, 97
Trd, 4319949.993, 97
Trd, 4319952.343, 95
Trd, 4319952.743, 97
Trd, 4319953.793, 98
Trd, 4319956.043, 97
Trd, 4319959.843, 97
Trd, 4319960.493, 97
Trd, 4319961.243, 97
Trd, 4319964.343, 97
Trd, 4319965.843, 96
Trd, 4319966.843, 96
Trd, 4319968.093, 97
Trd, 4319969.093, 97
Trd, 4319971.193, 97
Trd, 4319971.793, 98
Trd, 4319973.093, 97
Trd, 4319975.293, 96
Trd, 4319975.343, 97
Trd, 4319976.043, 97
Trd, 4319977.443, 97
Trd, 4319977.793, 97
Trd, 4319978.593, 116
Trd, 4319980.893, 101
Trd, 4319984.043, 101
Trd, 4319984.393, 104
Trd, 4319985.593, 102
Trd, 4319988.843, 102
Trd, 4319991.593, 101
Trd, 4319992.143, 101
Trd, 4319994.543, 101
Trd, 4319994.693, 100
Trd, 4319996.393, 101
Trd, 4319996.543, 101
