Trd, 4317905.743, 95
Trd, 4317906.293, 96
Trd, 4317909.243, 97
Trd, 4317909.843, 97
Trd, 4317910.543, 94
Trd, 4317910.743, 92
Trd, 4317912.593, 93
Trd, 4317912.743, 94
Trd, 4317914.093, 92
Trd, 4317915.693, 95
Trd, 4317916.093, 92
Trd, 4317917.093, 95
Trd, 4317918.643, 96
Trd, 4317920.093, 96
Trd, 4317921.793, 94
Trd, 4317922.093, 85
Trd, 4317923.593, 98
Trd, 4317924.093, 97
Trd, 4317925.043, 102
Trd, 4317927.543, 98
Trd, 4317927.693, 96
Trd, 4317929.143, 99
Trd, 4317931.843, 98
Trd, 4317934.193, 98
Trd, 4317934.243, 97
Trd, 4317934.743, 96
Trd, 4317936.993, 97
Trd, 4317937.393, 95
Trd, 4317937.493, 99
Trd, 4317938.693, 85
Trd, 4317942.843, 96
Trd, 4317943.943, 95
Trd, 4317946.343, 98
Trd, 4317946.543, 99
Trd, 4317947.343, 94
Trd, 4317949.193, 95
Trd, 4317950.593, 96
Trd, 4317950.893, 95
Trd, 4317952.443, 95
Trd, 4317953.643, 97
Trd, 4317955.593, 85
Trd, 4317955.793, 94
Trd, 4317955.843, 96
Trd, 4317956.743, 104
Trd, 4317956.843, 95
Trd, 4317959.843, 100
Trd, 4317959.893, 99
Trd, 4317962.693, 99
Trd, 4317963.743, 98
Trd, 4317964.743, 97
Trd, 4317965.693, 97
Trd, 4317968.193, 96
Trd, 4317968.843, 96
Trd, 4317969.493, 94
Trd, 4317971.143, 103
Trd, 4317973.043, 94
Trd, 4317974.543, 91
Trd, 4317975.243, 91
Trd, 4317975.543, 92
Trd, 4317976.243, 95
Trd, 4317977.693, 93
Trd, 4317978.893, 93
Trd, 4317979.893, 94
Trd, 4317982.593, 94
Trd, 4317983.593, 95
Trd, 4317983.993, 92
Trd, 4317984.243, 104
Trd, 4317985.493, 103
Trd, 4317985.943, 99
Trd, 4317986.643, 94
Trd, 4317988.893, 96
Trd, 4317990.043, 99
Trd, 4317991.043, 94
Trd, 4317991.643, 98
Trd, 4317992.243, 95
Trd, 4317994.943, 98
Trd, 4317995.593, 102
Trd, 4317995.743, 95
Trd, 4317998.443, 104
Trd, 4317999.393, 96
Trd, 4318000.443, 95
Trd, 4318001.493, 97
Trd, 4318002.443, 96
Trd, 4318002.793, 96
Trd, 4318003.893, 97
Trd, 4318006.393, 104
Trd, 4318006.643, 97
Trd, 4318008.293, 101
Trd, 4318008.543, 99
Trd, 4318010.843, 101
Trd, 4318011.443, 99
Trd, 4318014.693, 100
Trd, 4318015.843, 101
Trd, 4318016.193, 101
Trd, 4318017.343, 104
Trd, 4318018.093, 97
Trd, 4318018.743, 94
Trd, 4318021.943, 101
Trd, 4318022.143, 98
Trd, 4318023.343, 98
Trd, 4318023.393, 97
Trd, 4318023.443, 85
Trd, 4318024.893, 97
Trd, 4318027.643, 94
Trd, 4318027.993, 93
Trd, 4318028.093, 96
Trd, 4318029.643, 96
Trd, 4318030.443, 94
Trd, 4318031.243, 94
Trd, 4318031.493, 95
Trd, 4318032.593, 96
Trd, 4318035.743, 97
Trd, 4318036.393, 95
Trd, 4318038.543, 95
Trd, 4318038.993, 94
Trd, 4318039.043, 96
Trd, 4318039.493, 93
Trd, 4318042.993, 94
Trd, 4318044.343, 95
Trd, 4318045.043, 94
Trd, 4318046.393, 93
Trd, 4318046.643, 92
Trd, 4318048.293, 86
Trd, 4318048.793, 95
Trd, 4318050.043, 96
Trd, 4318051.493, 95
Trd, 4318052.343, 94
Trd, 4318052.893, 94
Trd, 4318054.293, 96
Trd, 4318054.593, 93
Trd, 4318055.893, 101
Trd, 4318058.443, 97
Trd, 4318058.643, 97
Trd, 4318060.793, 97
Trd, 4318061.293, 97
Trd, 4318062.593, 96
Trd, 4318064.693, 97
Trd, 4318066.093, 97
Trd, 4318067.343, 98
Trd, 4318067.543, 103
Trd, 4318068.593, 112
Trd, 4318070.543, 105
Trd, 4318071.593, 106
Trd, 4318072.593, 94
Trd, 4318073.343, 106
Trd, 4318074.493, 107
Trd, 4318075.643, 106
Trd, 4318077.193, 103
Trd, 4318077.993, 95
Trd, 4318080.593, 98
Trd, 4318083.393, 106
Trd, 4318083.443, 105
Trd, 4318084.193, 104
Trd, 4318084.243, 103
Trd, 4318085.693, 105
Trd, 4318087.943, 95
Trd, 4318089.193, 101
Trd, 4318089.843, 100
Trd, 4318090.193, 101
Trd, 4318090.243, 101
Trd, 4318091.443, 113
Trd, 4318093.493, 108
Trd, 4318094.093, 103
Trd, 4318094.793, 102
Trd, 4318098.993, 104
Trd, 4318099.043, 103
Trd, 4318100.643, 105
Trd, 4318101.443, 104
Trd, 4318101.593, 105
Trd, 4318101.693, 103
Trd, 4318105.243, 103
Trd, 4318106.843, 102
Trd, 4318108.443, 105
Trd, 4318109.643, 104
Trd, 4318110.343, 102
Trd, 4318111.143, 102
Trd, 4318112.093, 103
Trd, 4318113.243, 101
Trd, 4318114.143, 102
Trd, 4318117.743, 103
Trd, 4318118.343, 102
Trd, 4318118.743, 100
Trd, 4318119.643, 102
Trd, 4318120.393, 99
Trd, 4318122.943, 98
Trd, 4318125.443, 97
Trd, 4318125.593, 97
Trd, 4318126.843, 98
Trd, 4318129.093, 99
Trd, 4318129.193, 97
Trd, 4318129.593, 97
Trd, 4318131.943, 97
Trd, 4318132.093, 96
Trd, 4318132.793, 94
Trd, 4318133.543, 86
Trd, 4318134.293, 95
Trd, 4318135.643, 92
Trd, 4318137.943, 94
Trd, 4318138.143, 95
Trd, 4318139.243, 93
Trd, 4318141.693, 92
Trd, 4318143.193, 92
Trd, 4318143.943, 92
Trd, 4318144.293, 95
Trd, 4318144.843, 94
Trd, 4318146.993, 96
Trd, 4318147.593, 100
Trd, 4318147.843, 104
Trd, 4318148.043, 99
Trd, 4318149.993, 97
Trd, 4318150.093, 98
Trd, 4318151.043, 102
Trd, 4318154.093, 100
Trd, 4318154.293, 99
Trd, 4318155.743, 99
Trd, 4318156.193, 112
Trd, 4318157.693, 103
Trd, 4318158.143, 103
Trd, 4318160.643, 102
Trd, 4318161.893, 94
Trd, 4318162.943, 84
Trd, 4318164.743, 92
Trd, 4318165.793, 95
Trd, 4318167.443, 104
Trd, 4318168.793, 101
Trd, 4318169.593, 101
Trd, 4318170.143, 101
Trd, 4318170.843, 100
Trd, 4318173.293, 101
Trd, 4318173.443, 100
Trd, 4318176.443, 98
Trd, 4318176.543, 100
Trd, 4318177.593, 97
Trd, 4318179.743, 98
Trd, 4318180.043, 99
Trd, 4318181.443, 100
Trd, 4318181.943, 104
Trd, 4318182.293, 97
Trd, 4318184.543, 102
Trd, 4318186.243, 103
Trd, 4318187.143, 112
Trd, 4318189.743, 106
Trd, 4318190.293, 105
Trd, 4318192.593, 105
Trd, 4318193.693, 108
Trd, 4318195.493, 106
Trd, 4318198.243, 107
Trd, 4318198.793, 103
Trd, 4318199.943, 96
Trd, 4318203.543, 103
Trd, 4318203.993, 104
Trd, 4318204.343, 101
Trd, 4318205.643, 102
Trd, 4318207.093, 104
Trd, 4318207.293, 102
Trd, 4318209.043, 101
Trd, 4318212.493, 100
Trd, 4318212.643, 101
Trd, 4318213.893, 102
Trd, 4318215.443, 104
Trd, 4318215.543, 103
Trd, 4318215.843, 100
Trd, 4318216.643, 85
Trd, 4318217.793, 113
Trd, 4318218.243, 98
Trd, 4318219.693, 98
Trd, 4318221.243, 101
Trd, 4318224.343, 100
Trd, 4318224.693, 100
Trd, 4318226.143, 100
Trd, 4318226.343, 99
Trd, 4318226.443, 100
Trd, 4318228.893, 98
Trd, 4318229.293, 103
Trd, 4318232.093, 99
Trd, 4318232.393, 100
Trd, 4318232.643, 100
Trd, 4318232.793, 94
Trd, 4318233.343, 104
Trd, 4318234.893, 96
Trd, 4318240.243, 100
Trd, 4318240.793, 99
Trd, 4318241.493, 102
Trd, 4318243.893, 101
Trd, 4318244.143, 100
Trd, 4318244.243, 99
Trd, 4318244.493, 96
Trd, 4318246.293, 101
Trd, 4318246.593, 94
Trd, 4318248.643, 100
Trd, 4318250.893, 99
Trd, 4318251.243, 99
Trd, 4318251.443, 98
Trd, 4318254.143, 97
Trd, 4318254.193, 101
Trd, 4318257.043, 99
Trd, 4318257.893, 99
Trd, 4318259.493, 100
Trd, 4318260.843, 98
Trd, 4318263.843, 100
Trd, 4318264.143, 98
Trd, 4318264.443, 98
Trd, 4318264.893, 101
Trd, 4318266.993, 100
Trd, 4318267.493, 98
Trd, 4318268.893, 97
Trd, 4318272.243, 97
Trd, 4318273.543, 97
Trd, 4318273.643, 99
Trd, 4318275.043, 93
Trd, 4318276.993, 94
Trd, 4318279.043, 94
Trd, 4318279.443, 98
Trd, 4318280.343, 93
Trd, 4318283.693, 95
Trd, 4318284.693, 95
Trd, 4318285.043, 94
Trd, 4318287.743, 95
Trd, 4318288.343, 93
Trd, 4318290.393, 92
Trd, 4318290.643, 92
Trd, 4318292.243, 93
Trd, 4318292.693, 96
Trd, 4318294.043, 95
Trd, 4318294.193, 104
Trd, 4318294.593, 94
Trd, 4318297.993, 79
Trd, 4318298.443, 78
Trd, 4318298.843, 91
Trd, 4318299.943, 89
Trd, 4318302.193, 95
Trd, 4318302.943, 91
Trd, 4318303.643, 104
Trd, 4318304.043, 97
Trd, 4318305.643, 96
Trd, 4318305.743, 95
Trd, 4318306.593, 95
Trd, 4318309.943, 96
Trd, 4318311.143, 94
Trd, 4318311.343, 95
Trd, 4318312.293, 96
Trd, 4318312.793, 94
Trd, 4318315.743, 95
Trd, 4318317.043, 94
Trd, 4318317.793, 96
Trd, 4318318.393, 99
Trd, 4318318.843, 99
Trd, 4318320.543, 98
Trd, 4318321.343, 100
Trd, 4318322.193, 101
Trd, 4318323.793, 101
Trd, 4318326.143, 100
Trd, 4318327.593, 100
Trd, 4318327.643, 99
Trd, 4318327.893, 76
Trd, 4318330.393, 104
Trd, 4318330.943, 92
Trd, 4318333.093, 98
Trd, 4318333.943, 98
Trd, 4318334.693, 98
Trd, 4318335.993, 98
Trd, 4318337.543, 97
Trd, 4318337.943, 99
Trd, 4318338.943, 86
Trd, 4318342.193, 100
Trd, 4318342.943, 95
Trd, 4318344.693, 99
Trd, 4318345.143, 97
Trd, 4318345.443, 95
Trd, 4318346.543, 99
Trd, 4318347.193, 98
Trd, 4318348.943, 95
Trd, 4318351.243, 97
Trd, 4318353.493, 94
Trd, 4318353.793, 95
Trd, 4318354.643, 95
Trd, 4318356.543, 97
Trd, 4318357.293, 97
Trd, 4318357.493, 96
Trd, 4318357.693, 94
Trd, 4318361.743, 97
Trd, 4318361.893, 97
Trd, 4318363.093, 95
Trd, 4318363.293, 102
Trd, 4318363.693, 96
Trd, 4318364.843, 97
Trd, 4318367.443, 98
Trd, 4318368.693, 97
Trd, 4318368.793, 99
Trd, 4318369.643, 97
Trd, 4318369.693, 98
Trd, 4318370.543, 94
Trd, 4318373.243, 98
Trd, 4318375.343, 98
Trd, 4318375.893, 99
Trd, 4318376.243, 104
Trd, 4318376.943, 98
Trd, 4318378.393, 100
Trd, 4318380.093, 100
Trd, 4318381.143, 99
Trd, 4318381.743, 101
Trd, 4318384.093, 100
Trd, 4318385.343, 102
Trd, 4318385.643, 99
Trd, 4318385.943, 105
Trd, 4318386.293, 98
Trd, 4318388.393, 98
Trd, 4318388.693, 97
Trd, 4318391.143, 101
Trd, 4318391.693, 113
Trd, 4318392.243, 97
Trd, 4318395.693, 113
Trd, 4318397.843, 108
Trd, 4318397.943, 105
Trd, 4318400.193, 103
Trd, 4318400.993, 103
Trd, 4318401.493, 86
Trd, 4318403.943, 94
Trd, 4318405.193, 98
Trd, 4318405.743, 100
Trd, 4318407.843, 99
Trd, 4318408.143, 101
Trd, 4318408.543, 101
Trd, 4318408.893, 105
Trd, 4318410.643, 104
Trd, 4318411.443, 102
Trd, 4318412.493, 101
Trd, 4318412.843, 96
Trd, 4318415.843, 96
Trd, 4318415.893, 94
Trd, 4318418.343, 89
Trd, 4318418.593, 77
Trd, 4318419.993, 88
Trd, 4318421.143, 103
Trd, 4318421.743, 92
Trd, 4318423.943, 92
Trd, 4318424.643, 94
Trd, 4318426.043, 96
Trd, 4318426.593, 95
Trd, 4318427.243, 93
Trd, 4318428.693, 93
Trd, 4318430.493, 96
Trd, 4318431.393, 104
Trd, 4318432.993, 96
Trd, 4318433.743, 95
Trd, 4318435.093, 99
Trd, 4318435.893, 97
Trd, 4318437.443, 98
Trd, 4318438.793, 97
Trd, 4318440.143, 95
Trd, 4318441.043, 96
Trd, 4318443.793, 95
Trd, 4318445.093, 95
Trd, 4318445.543, 96
Trd, 4318447.643, 95
Trd, 4318448.243, 95
Trd, 4318450.193, 95
Trd, 4318451.643, 94
Trd, 4318452.593, 95
Trd, 4318453.943, 95
Trd, 4318455.493, 95
Trd, 4318455.793, 96
Trd, 4318457.593, 95
Trd, 4318457.843, 94
Trd, 4318458.893, 93
Trd, 4318463.143, 92
Trd, 4318464.493, 92
Trd, 4318464.743, 91
Trd, 4318464.793, 85
Trd, 4318464.943, 96
Trd, 4318467.393, 97
Trd, 4318468.443, 97
Trd, 4318468.893, 94
Trd, 4318470.543, 94
Trd, 4318470.993, 98
Trd, 4318471.893, 105
Trd, 4318471.943, 88
Trd, 4318475.393, 98
Trd, 4318475.643, 99
Trd, 4318475.893, 97
Trd, 4318477.243, 99
Trd, 4318477.843, 96
Trd, 4318480.093, 94
Trd, 4318481.493, 96
Trd, 4318482.893, 95
Trd, 4318483.793, 95
Trd, 4318484.143, 95
Trd, 4318485.693, 113
Trd, 4318487.643, 94
Trd, 4318487.893, 100
Trd, 4318488.443, 96
Trd, 4318490.893, 100
Trd, 4318493.793, 99
Trd, 4318493.943, 98
Trd, 4318494.143, 98
Trd, 4318495.443, 98
Trd, 4318498.543, 96
Trd, 4318498.593, 96
Trd, 4318498.693, 98
Trd, 4318500.193, 96
Trd, 4318501.293, 97
Trd, 4318503.143, 95
Trd, 4318504.343, 94
Trd, 4318505.743, 94
Trd, 4318506.543, 95
Trd, 4318506.893, 93
Trd, 4318507.593, 104
Trd, 4318509.493, 93
Trd, 4318511.793, 96
Trd, 4318512.143, 96
Trd, 4318512.193, 95
Trd, 4318513.393, 95
Trd, 4318513.843, 94
Trd, 4318514.543, 96
Trd, 4318516.243, 94
Trd, 4318517.093, 95
Trd, 4318518.843, 104
Trd, 4318519.843, 95
Trd, 4318521.593, 113
Trd, 4318521.843, 113
Trd, 4318522.143, 99
Trd, 4318524.943, 107
Trd, 4318525.093, 107
Trd, 4318525.793, 107
Trd, 4318528.193, 106
Trd, 4318528.293, 107
Trd, 4318528.443, 113
Trd, 4318528.843, 103
Trd, 4318529.593, 94
Trd, 4318530.143, 76
Trd, 4318533.593, 103
Trd, 4318533.793, 106
Trd, 4318533.943, 113
Trd, 4318536.943, 94
Trd, 4318537.893, 100
Trd, 4318538.343, 100
Trd, 4318538.593, 99
Trd, 4318540.093, 98
Trd, 4318541.343, 99
Trd, 4318541.593, 96
Trd, 4318542.443, 96
Trd, 4318542.943, 95
Trd, 4318543.893, 95
Trd, 4318545.643, 96
Trd, 4318546.693, 103
Trd, 4318548.493, 95
Trd, 4318549.893, 99
Trd, 4318552.043, 100
Trd, 4318552.793, 98
Trd, 4318553.293, 96
Trd, 4318553.693, 101
Trd, 4318556.293, 98
Trd, 4318557.543, 98
Trd, 4318557.793, 98
Trd, 4318560.093, 104
Trd, 4318560.443, 100
Trd, 4318561.593, 98
Trd, 4318563.093, 96
Trd, 4318565.043, 98
Trd, 4318565.793, 99
Trd, 4318566.643, 97
Trd, 4318566.993, 96
Trd, 4318569.243, 94
Trd, 4318569.343, 95
Trd, 4318569.743, 86
Trd, 4318572.093, 94
Trd, 4318573.943, 95
Trd, 4318574.243, 95
Trd, 4318574.993, 98
Trd, 4318576.343, 99
Trd, 4318577.593, 98
Trd, 4318577.993, 99
Trd, 4318578.443, 113
Trd, 4318579.993, 104
Trd, 4318580.293, 101
Trd, 4318580.843, 102
Trd, 4318580.993, 94
Trd, 4318583.093, 104
Trd, 4318584.693, 88
Trd, 4318584.943, 104
Trd, 4318586.893, 97
Trd, 4318589.693, 98
Trd, 4318590.843, 97
Trd, 4318591.093, 96
Trd, 4318591.543, 98
Trd, 4318593.493, 97
Trd, 4318594.343, 95
Trd, 4318597.243, 96
Trd, 4318598.043, 105
Trd, 4318600.643, 96
Trd, 4318602.043, 100
Trd, 4318602.743, 97
Trd, 4318604.293, 96
Trd, 4318605.243, 95
Trd, 4318605.393, 98
Trd, 4318608.243, 98
Trd, 4318608.543, 99
Trd, 4318609.493, 100
Trd, 4318610.893, 99
Trd, 4318612.243, 100
Trd, 4318612.993, 100
Trd, 4318614.093, 101
Trd, 4318614.743, 94
Trd, 4318616.093, 98
Trd, 4318616.193, 86
Trd, 4318617.343, 98
Trd, 4318619.443, 95
Trd, 4318620.743, 95
Trd, 4318622.593, 96
Trd, 4318624.493, 96
Trd, 4318624.943, 96
Trd, 4318625.643, 92
Trd, 4318627.593, 94
Trd, 4318629.743, 94
Trd, 4318630.093, 94
Trd, 4318630.743, 94
Trd, 4318631.243, 95
Trd, 4318632.943, 92
Trd, 4318634.143, 95
Trd, 4318634.193, 93
Trd, 4318635.643, 92
Trd, 4318637.143, 93
Trd, 4318637.193, 92
Trd, 4318638.093, 91
Trd, 4318640.943, 92
Trd, 4318641.643, 92
Trd, 4318642.243, 95
Trd, 4318645.193, 93
Trd, 4318645.993, 93
Trd, 4318646.293, 95
Trd, 4318647.493, 95
Trd, 4318648.143, 92
Trd, 4318650.293, 91
Trd, 4318651.693, 90
Trd, 4318652.343, 91
Trd, 4318653.243, 91
Trd, 4318653.793, 92
Trd, 4318654.543, 89
Trd, 4318655.493, 95
Trd, 4318655.643, 90
Trd, 4318658.093, 93
Trd, 4318660.793, 94
Trd, 4318661.643, 93
Trd, 4318662.193, 95
Trd, 4318663.243, 95
Trd, 4318665.093, 95
Trd, 4318666.243, 96
Trd, 4318666.693, 102
Trd, 4318668.393, 98
Trd, 4318669.693, 99
Trd, 4318670.143, 96
Trd, 4318671.243, 96
Trd, 4318672.193, 100
Trd, 4318674.293, 95
Trd, 4318676.343, 100
Trd, 4318677.293, 100
Trd, 4318677.393, 98
Trd, 4318680.843, 99
Trd, 4318680.893, 98
Trd, 4318681.093, 104
Trd, 4318682.093, 97
Trd, 4318684.543, 94
Trd, 4318685.093, 96
Trd, 4318685.993, 96
Trd, 4318686.843, 95
Trd, 4318687.843, 94
Trd, 4318688.793, 95
Trd, 4318688.843, 96
Trd, 4318689.943, 94
Trd, 4318690.143, 105
Trd, 4318691.893, 95
Trd, 4318693.393, 97
Trd, 4318694.543, 97
Trd, 4318695.493, 96
Trd, 4318695.893, 95
Trd, 4318697.543, 96
Trd, 4318699.643, 95
Trd, 4318699.743, 94
Trd, 4318700.193, 94
Trd, 4318703.343, 99
Trd, 4318703.643, 97
Trd, 4318704.143, 105
Trd, 4318704.993, 99
Trd, 4318706.593, 97
Trd, 4318707.993, 98
Trd, 4318708.043, 105
Trd, 4318711.443, 102
Trd, 4318711.693, 101
Trd, 4318712.193, 103
Trd, 4318713.843, 99
Trd, 4318716.343, 99
Trd, 4318717.243, 98
Trd, 4318718.043, 97
Trd, 4318719.193, 97
Trd, 4318719.843, 98
Trd, 4318721.443, 99
Trd, 4318722.343, 104
Trd, 4318724.393, 104
Trd, 4318724.643, 104
Trd, 4318726.243, 104
Trd, 4318727.093, 103
Trd, 4318727.393, 104
Trd, 4318728.143, 85
Trd, 4318732.243, 103
Trd, 4318734.093, 107
Trd, 4318734.243, 106
Trd, 4318735.743, 105
Trd, 4318737.793, 102
Trd, 4318738.393, 101
Trd, 4318739.493, 94
Trd, 4318739.693, 100
Trd, 4318741.193, 86
Trd, 4318742.093, 96
Trd, 4318743.243, 93
Trd, 4318744.043, 95
Trd, 4318745.693, 93
Trd, 4318746.893, 113
Trd, 4318750.493, 98
Trd, 4318750.743, 98
Trd, 4318751.643, 99
Trd, 4318752.193, 98
Trd, 4318752.943, 97
Trd, 4318753.243, 97
Trd, 4318756.093, 95
Trd, 4318758.693, 96
Trd, 4318758.943, 96
Trd, 4318759.593, 97
Trd, 4318759.793, 97
Trd, 4318760.943, 94
Trd, 4318763.243, 95
Trd, 4318764.393, 94
Trd, 4318765.043, 96
Trd, 4318767.243, 93
Trd, 4318770.143, 97
Trd, 4318771.693, 95
Trd, 4318773.043, 93
Trd, 4318773.293, 95
Trd, 4318774.843, 93
Trd, 4318775.443, 76
Trd, 4318778.743, 93
Trd, 4318779.193, 95
Trd, 4318779.743, 95
Trd, 4318782.893, 99
Trd, 4318783.643, 100
Trd, 4318784.443, 98
Trd, 4318787.043, 98
Trd, 4318787.443, 99
Trd, 4318788.093, 97
Trd, 4318790.243, 96
Trd, 4318791.293, 98
Trd, 4318792.343, 98
Trd, 4318793.693, 99
Trd, 4318794.243, 98
Trd, 4318795.243, 96
Trd, 4318796.093, 104
Trd, 4318798.593, 109
Trd, 4318798.643, 96
Trd, 4318801.343, 96
Trd, 4318803.143, 101
Trd, 4318803.343, 102
Trd, 4318805.793, 100
Trd, 4318805.843, 102
Trd, 4318806.493, 98
Trd, 4318807.343, 102
Trd, 4318807.593, 95
Trd, 4318810.993, 97
Trd, 4318812.393, 101
Trd, 4318812.543, 100
Trd, 4318813.443, 101
Trd, 4318815.193, 100
Trd, 4318815.693, 98
Trd, 4318816.393, 97
Trd, 4318818.293, 99
Trd, 4318819.793, 98
Trd, 4318819.843, 101
Trd, 4318822.493, 98
Trd, 4318823.393, 98
Trd, 4318824.743, 97
Trd, 4318824.793, 97
Trd, 4318827.343, 96
Trd, 4318828.143, 97
Trd, 4318828.993, 98
Trd, 4318829.943, 96
Trd, 4318831.843, 95
Trd, 4318832.593, 99
Trd, 4318835.343, 102
Trd, 4318835.993, 99
Trd, 4318837.543, 95
Trd, 4318839.643, 96
Trd, 4318839.893, 100
Trd, 4318840.993, 100
Trd, 4318842.393, 98
Trd, 4318844.743, 98
Trd, 4318846.343, 97
Trd, 4318846.593, 96
Trd, 4318848.493, 97
Trd, 4318848.943, 98
Trd, 4318850.043, 96
Trd, 4318850.343, 97
Trd, 4318853.193, 111
Trd, 4318853.243, 95
Trd, 4318855.143, 98
Trd, 4318856.793, 98
Trd, 4318858.093, 99
Trd, 4318859.043, 100
Trd, 4318859.093, 96
Trd, 4318859.743, 94
Trd, 4318861.143, 85
Trd, 4318863.243, 105
Trd, 4318863.293, 103
Trd, 4318864.443, 103
Trd, 4318865.693, 100
Trd, 4318867.393, 100
Trd, 4318868.593, 103
Trd, 4318870.043, 112
Trd, 4318871.243, 102
Trd, 4318871.893, 94
Trd, 4318873.543, 97
Trd, 4318874.193, 84
Trd, 4318875.043, 95
Trd, 4318875.393, 95
Trd, 4318875.893, 83
Trd, 4318880.043, 96
Trd, 4318880.793, 95
Trd, 4318882.343, 92
Trd, 4318882.693, 107
Trd, 4318887.143, 96
Trd, 4318887.743, 94
Trd, 4318887.893, 95
Trd, 4318888.893, 95
Trd, 4318890.143, 97
Trd, 4318890.893, 107
Trd, 4318894.443, 99
Trd, 4318895.193, 98
Trd, 4318895.493, 99
Trd, 4318896.093, 97
Trd, 4318897.043, 95
Trd, 4318898.443, 98
Trd, 4318900.293, 99
Trd, 4318901.193, 99
Trd, 4318902.593, 98
Trd, 4318903.093, 94
Trd, 4318904.643, 97
Trd, 4318905.093, 96
Trd, 4318905.793, 104
Trd, 4318905.993, 96
Trd, 4318908.093, 99
Trd, 4318910.343, 97
Trd, 4318911.493, 99
Trd, 4318913.743, 98
Trd, 4318913.793, 97
Trd, 4318915.943, 98
Trd, 4318915.993, 97
Trd, 4318917.843, 96
Trd, 4318918.643, 95
Trd, 4318918.893, 94
Trd, 4318919.243, 97
Trd, 4318923.093, 98
Trd, 4318924.293, 98
Trd, 4318924.693, 95
Trd, 4318924.793, 94
Trd, 4318926.293, 95
Trd, 4318927.493, 93
Trd, 4318927.943, 97
Trd, 4318931.243, 97
Trd, 4318931.893, 96
Trd, 4318933.793, 95
Trd, 4318933.893, 95
Trd, 4318933.993, 97
Trd, 4318936.193, 96
Trd, 4318936.743, 97
Trd, 4318939.143, 96
Trd, 4318940.393, 95
Trd, 4318940.643, 97
Trd, 4318942.793, 96
Trd, 4318942.843, 97
Trd, 4318945.143, 98
Trd, 4318945.193, 96
Trd, 4318946.743, 100
Trd, 4318948.743, 96
Trd, 4318949.543, 96
Trd, 4318950.143, 96
Trd, 4318951.393, 98
Trd, 4318951.943, 98
Trd, 4318952.343, 87
Trd, 4318953.443, 103
Trd, 4318954.993, 94
Trd, 4318957.743, 101
Trd, 4318958.193, 94
Trd, 4318960.693, 96
Trd, 4318961.543, 101
Trd, 4318963.393, 98
Trd, 4318966.243, 97
Trd, 4318966.643, 98
Trd, 4318967.643, 98
Trd, 4318967.793, 96
Trd, 4318970.393, 94
Trd, 4318971.343, 89
Trd, 4318973.343, 95
Trd, 4318973.443, 96
Trd, 4318974.443, 94
Trd, 4318976.093, 93
Trd, 4318976.193, 95
Trd, 4318976.793, 85
Trd, 4318979.993, 96
Trd, 4318980.543, 94
Trd, 4318980.793, 93
Trd, 4318981.993, 93
Trd, 4318982.593, 96
Trd, 4318985.743, 93
Trd, 4318987.543, 111
Trd, 4318988.043, 92
Trd, 4318989.693, 99
Trd, 4318991.443, 99
Trd, 4318993.043, 97
Trd, 4318993.293, 94
Trd, 4318995.943, 98
Trd, 4318996.243, 96
Trd, 4318996.943, 97
Trd, 4318997.643, 96
Trd, 4318997.943, 85
Trd, 4318999.993, 103
Trd, 4319001.043, 97
Trd, 4319002.043, 97
Trd, 4319002.743, 98
Trd, 4319004.243, 96
Trd, 4319005.193, 96
Trd, 4319005.443, 97
Trd, 4319008.843, 94
Trd, 4319010.543, 98
Trd, 4319011.493, 98
Trd, 4319012.493, 99
Trd, 4319012.843, 104
Trd, 4319012.893, 95
Trd, 4319015.493, 95
Trd, 4319016.343, 95
Trd, 4319017.343, 94
Trd, 4319018.893, 93
Trd, 4319020.993, 94
Trd, 4319021.443, 94
Trd, 4319021.893, 94
Trd, 4319021.993, 95
Trd, 4319022.193, 93
Trd, 4319022.393, 66
Trd, 4319024.943, 95
Trd, 4319029.493, 109
Trd, 4319029.893, 112
Trd, 4319031.093, 110
Trd, 4319032.993, 106
Trd, 4319033.043, 107
Trd, 4319035.593, 95
Trd, 4319036.493, 101
Trd, 4319037.943, 100
Trd, 4319038.393, 103
Trd, 4319040.043, 103
Trd, 4319041.543, 102
Trd, 4319042.743, 104
Trd, 4319042.993, 102
Trd, 4319044.143, 101
Trd, 4319045.893, 99
Trd, 4319046.143, 98
Trd, 4319049.143, 97
Trd, 4319049.443, 96
Trd, 4319051.593, 93
Trd, 4319051.743, 96
Trd, 4319052.993, 95
Trd, 4319053.943, 95
Trd, 4319054.893, 100
Trd, 4319056.643, 95
Trd, 4319057.043, 98
Trd, 4319057.243, 94
Trd, 4319060.493, 98
Trd, 4319062.093, 98
Trd, 4319063.393, 99
Trd, 4319063.593, 99
Trd, 4319065.093, 101
Trd, 4319065.343, 100
Trd, 4319066.343, 100
Trd, 4319067.793, 100
Trd, 4319069.943, 101
Trd, 4319072.343, 100
Trd, 4319074.043, 100
Trd, 4319074.093, 99
Trd, 4319075.593, 99
Trd, 4319076.393, 100
Trd, 4319076.643, 101
Trd, 4319079.343, 97
Trd, 4319081.443, 101
Trd, 4319081.793, 101
Trd, 4319083.843, 100
Trd, 4319083.943, 101
Trd, 4319084.093, 99
Trd, 4319087.093, 98
Trd, 4319088.693, 95
Trd, 4319088.743, 97
Trd, 4319090.293, 96
Trd, 4319090.693, 96
Trd, 4319091.093, 113
Trd, 4319091.893, 98
Trd, 4319093.693, 94
Trd, 4319094.993, 107
Trd, 4319096.043, 94
Trd, 4319097.793, 97
Trd, 4319098.143, 97
Trd, 4319098.793, 94
Trd, 4319099.843, 95
Trd, 4319102.943, 95
Trd, 4319104.743, 95
Trd, 4319104.993, 94
Trd, 4319106.543, 94
Trd, 4319107.143, 93
Trd, 4319108.093, 95
Trd, 4319108.293, 107
Trd, 4319109.593, 96
Trd, 4319110.043, 101
Trd, 4319112.993, 98
Trd, 4319113.043, 96
Trd, 4319115.143, 97
Trd, 4319115.943, 97
Trd, 4319116.343, 96
Trd, 4319117.243, 95
Trd, 4319118.443, 97
Trd, 4319120.543, 96
Trd, 4319121.943, 94
Trd, 4319122.243, 94
Trd, 4319123.793, 98
Trd, 4319124.093, 97
Trd, 4319124.593, 94
Trd, 4319127.143, 96
Trd, 4319127.293, 96
Trd, 4319127.943, 95
Trd, 4319130.543, 95
Trd, 4319132.343, 95
Trd, 4319132.743, 94
Trd, 4319132.943, 93
Trd, 4319133.843, 93
Trd, 4319133.943, 102
Trd, 4319135.843, 93
Trd, 4319137.893, 100
Trd, 4319139.293, 98
Trd, 4319140.443, 98
Trd, 4319140.543, 97
Trd, 4319140.993, 99
Trd, 4319141.343, 96
Trd, 4319143.593, 97
Trd, 4319146.643, 99
Trd, 4319146.793, 99
Trd, 4319148.043, 98
Trd, 4319148.793, 102
Trd, 4319150.443, 100
Trd, 4319150.993, 99
Trd, 4319152.443, 94
Trd, 4319152.843, 75
Trd, 4319154.793, 90
Trd, 4319156.193, 93
Trd, 4319156.493, 95
Trd, 4319157.243, 94
Trd, 4319157.543, 93
Trd, 4319158.643, 104
Trd, 4319160.543, 94
Trd, 4319162.193, 95
Trd, 4319162.793, 99
Trd, 4319165.343, 99
Trd, 4319167.693, 99
Trd, 4319169.043, 99
Trd, 4319169.143, 98
Trd, 4319170.193, 102
Trd, 4319171.943, 99
Trd, 4319174.943, 98
Trd, 4319175.143, 95
Trd, 4319177.643, 95
Trd, 4319177.893, 97
Trd, 4319179.343, 96
Trd, 4319180.043, 95
Trd, 4319180.843, 94
Trd, 4319181.843, 93
Trd, 4319182.643, 85
Trd, 4319183.743, 94
Trd, 4319186.043, 94
Trd, 4319186.343, 94
Trd, 4319187.843, 92
Trd, 4319188.343, 92
Trd, 4319190.243, 91
Trd, 4319190.693, 86
Trd, 4319193.193, 94
Trd, 4319193.443, 95
Trd, 4319197.393, 95
Trd, 4319197.593, 104
Trd, 4319198.093, 93
Trd, 4319200.943, 93
Trd, 4319201.793, 95
Trd, 4319203.543, 95
Trd, 4319203.793, 94
Trd, 4319205.343, 93
Trd, 4319205.893, 92
Trd, 4319206.343, 92
Trd, 4319207.793, 92
Trd, 4319209.193, 93
Trd, 4319210.143, 95
Trd, 4319210.943, 91
Trd, 4319212.393, 95
Trd, 4319213.343, 93
Trd, 4319214.743, 94
Trd, 4319216.093, 94
Trd, 4319216.293, 93
Trd, 4319216.643, 92
Trd, 4319219.593, 92
Trd, 4319220.043, 92
Trd, 4319222.543, 95
Trd, 4319223.593, 113
Trd, 4319223.843, 105
Trd, 4319224.693, 105
Trd, 4319225.793, 103
Trd, 4319225.993, 93
Trd, 4319226.593, 85
Trd, 4319228.993, 101
Trd, 4319229.343, 99
Trd, 4319230.493, 98
Trd, 4319230.593, 100
Trd, 4319233.393, 94
Trd, 4319233.843, 85
Trd, 4319236.243, 100
Trd, 4319236.393, 98
Trd, 4319237.543, 98
Trd, 4319239.693, 96
Trd, 4319241.443, 99
Trd, 4319244.393, 98
Trd, 4319244.943, 98
Trd, 4319244.993, 95
Trd, 4319246.793, 97
Trd, 4319249.093, 98
Trd, 4319249.443, 95
Trd, 4319249.893, 100
Trd, 4319251.693, 102
Trd, 4319252.943, 94
Trd, 4319253.943, 98
Trd, 4319255.893, 95
Trd, 4319256.993, 93
Trd, 4319257.393, 96
Trd, 4319258.143, 97
Trd, 4319259.293, 93
Trd, 4319260.243, 96
Trd, 4319262.443, 104
Trd, 4319262.893, 96
Trd, 4319264.493, 94
Trd, 4319265.193, 94
Trd, 4319266.193, 93
Trd, 4319267.193, 86
Trd, 4319268.343, 93
Trd, 4319268.743, 88
Trd, 4319272.043, 90
Trd, 4319272.943, 90
Trd, 4319273.993, 95
Trd, 4319274.343, 90
Trd, 4319275.993, 98
Trd, 4319278.643, 101
Trd, 4319279.093, 102
Trd, 4319279.643, 101
Trd, 4319280.643, 94
Trd, 4319281.693, 104
Trd, 4319282.643, 99
Trd, 4319285.243, 99
Trd, 4319286.143, 98
Trd, 4319286.193, 98
Trd, 4319286.543, 99
Trd, 4319287.893, 105
Trd, 4319288.543, 100
Trd, 4319289.943, 103
Trd, 4319290.343, 103
Trd, 4319291.343, 102
Trd, 4319292.743, 112
Trd, 4319294.243, 103
Trd, 4319295.793, 103
Trd, 4319298.293, 105
Trd, 4319298.543, 101
Trd, 4319299.693, 102
Trd, 4319299.993, 101
Trd, 4319300.693, 100
Trd, 4319301.743, 99
Trd, 4319302.493, 97
Trd, 4319305.043, 96
Trd, 4319305.843, 95
Trd, 4319305.943, 97
Trd, 4319307.143, 95
Trd, 4319310.443, 97
Trd, 4319311.243, 103
Trd, 4319312.593, 103
Trd, 4319314.243, 102
Trd, 4319315.093, 103
Trd, 4319315.143, 102
Trd, 4319315.593, 104
Trd, 4319317.393, 94
Trd, 4319318.343, 99
Trd, 4319318.593, 88
Trd, 4319319.293, 97
Trd, 4319320.493, 103
Trd, 4319322.793, 100
Trd, 4319324.643, 100
Trd, 4319324.843, 101
Trd, 4319325.543, 100
Trd, 4319326.493, 99
Trd, 4319327.443, 99
Trd, 4319328.243, 95
Trd, 4319329.943, 97
Trd, 4319331.993, 99
Trd, 4319333.093, 100
Trd, 4319333.493, 100
Trd, 4319334.493, 112
Trd, 4319334.743, 98
Trd, 4319338.993, 101
Trd, 4319340.093, 101
Trd, 4319341.543, 102
Trd, 4319341.943, 101
Trd, 4319342.543, 100
Trd, 4319344.043, 103
Trd, 4319344.343, 104
Trd, 4319344.743, 99
Trd, 4319348.893, 101
Trd, 4319349.943, 100
Trd, 4319349.993, 99
Trd, 4319350.443, 100
Trd, 4319353.243, 95
Trd, 4319353.743, 99
Trd, 4319355.743, 102
Trd, 4319356.493, 101
Trd, 4319357.743, 100
Trd, 4319357.893, 100
Trd, 4319358.443, 100
Trd, 4319358.943, 95
Trd, 4319361.443, 101
Trd, 4319363.643, 98
Trd, 4319364.393, 96
Trd, 4319365.543, 98
Trd, 4319366.893, 98
Trd, 4319367.193, 96
Trd, 4319368.193, 96
Trd, 4319370.243, 94
Trd, 4319370.493, 94
Trd, 4319371.893, 95
Trd, 4319372.743, 94
Trd, 4319373.543, 95
Trd, 4319374.393, 92
Trd, 4319375.993, 95
Trd, 4319377.593, 94
Trd, 4319377.793, 94
Trd, 4319379.043, 95
Trd, 4319379.543, 93
Trd, 4319379.993, 93
Trd, 4319381.643, 95
Trd, 4319383.793, 102
Trd, 4319384.193, 99
Trd, 4319384.393, 99
Trd, 4319388.193, 109
Trd, 4319389.043, 105
Trd, 4319389.343, 104
Trd, 4319389.843, 101
Trd, 4319390.893, 104
Trd, 4319391.243, 103
Trd, 4319394.643, 102
Trd, 4319395.393, 103
Trd, 4319395.643, 104
Trd, 4319396.443, 103
Trd, 4319399.093, 102
Trd, 4319399.293, 103
Trd, 4319399.543, 101
Trd, 4319402.393, 98
Trd, 4319403.243, 95
Trd, 4319404.643, 101
Trd, 4319404.993, 99
Trd, 4319407.393, 98
Trd, 4319408.193, 99
Trd, 4319409.093, 98
Trd, 4319409.693, 98
Trd, 4319412.943, 104
Trd, 4319413.143, 101
Trd, 4319413.993, 100
Trd, 4319415.643, 99
Trd, 4319415.793, 99
Trd, 4319418.193, 98
Trd, 4319418.843, 99
Trd, 4319419.443, 99
Trd, 4319419.793, 94
Trd, 4319419.943, 104
Trd, 4319422.793, 97
Trd, 4319424.893, 98
Trd, 4319425.043, 97
Trd, 4319425.893, 95
Trd, 4319426.643, 97
Trd, 4319427.793, 96
Trd, 4319427.943, 96
Trd, 4319428.093, 104
Trd, 4319429.793, 95
Trd, 4319431.143, 105
Trd, 4319432.993, 100
Trd, 4319434.393, 98
Trd, 4319435.043, 99
Trd, 4319435.593, 100
Trd, 4319436.243, 99
Trd, 4319438.443, 100
Trd, 4319440.193, 100
Trd, 4319441.293, 99
Trd, 4319441.443, 99
Trd, 4319443.843, 96
Trd, 4319443.943, 95
Trd, 4319444.293, 98
Trd, 4319445.093, 96
Trd, 4319447.393, 96
Trd, 4319447.743, 95
Trd, 4319448.593, 104
Trd, 4319450.293, 98
Trd, 4319452.593, 98
Trd, 4319453.593, 95
Trd, 4319454.893, 100
Trd, 4319455.643, 99
Trd, 4319457.343, 98
Trd, 4319458.243, 94
Trd, 4319460.643, 96
Trd, 4319462.343, 97
Trd, 4319463.543, 98
Trd, 4319465.143, 96
Trd, 4319465.693, 95
Trd, 4319468.193, 95
Trd, 4319468.893, 95
Trd, 4319469.893, 99
Trd, 4319469.993, 99
Trd, 4319472.193, 98
Trd, 4319472.593, 94
Trd, 4319474.743, 91
Trd, 4319475.293, 83
Trd, 4319476.843, 98
Trd, 4319477.893, 93
Trd, 4319477.943, 91
Trd, 4319478.843, 85
Trd, 4319480.893, 94
Trd, 4319482.193, 96
Trd, 4319483.093, 94
Trd, 4319483.793, 91
Trd, 4319486.393, 96
Trd, 4319487.993, 95
Trd, 4319489.293, 86
Trd, 4319490.443, 91
Trd, 4319491.393, 90
Trd, 4319491.643, 90
Trd, 4319493.393, 90
Trd, 4319496.043, 91
Trd, 4319497.143, 90
Trd, 4319497.393, 94
Trd, 4319499.093, 89
Trd, 4319499.993, 88
Trd, 4319500.643, 87
Trd, 4319501.743, 88
Trd, 4319502.793, 88
Trd, 4319503.943, 85
Trd, 4319504.393, 94
Trd, 4319506.993, 90
Trd, 4319507.943, 91
Trd, 4319508.493, 104
Trd, 4319510.693, 93
Trd, 4319513.843, 94
Trd, 4319513.993, 93
Trd, 4319515.193, 93
Trd, 4319516.393, 95
Trd, 4319517.443, 104
Trd, 4319519.293, 93
Trd, 4319522.443, 96
Trd, 4319522.843, 96
Trd, 4319525.443, 98
Trd, 4319525.643, 95
Trd, 4319526.343, 99
Trd, 4319527.593, 96
Trd, 4319528.043, 113
Trd, 4319530.193, 102
Trd, 4319532.193, 100
Trd, 4319533.293, 100
Trd, 4319533.593, 102
Trd, 4319535.393, 98
Trd, 4319536.443, 99
Trd, 4319536.793, 97
Trd, 4319538.693, 99
Trd, 4319539.693, 88
Trd, 4319539.993, 85
Trd, 4319544.843, 95
Trd, 4319545.893, 96
Trd, 4319545.943, 94
Trd, 4319548.293, 94
Trd, 4319549.393, 104
Trd, 4319550.593, 100
Trd, 4319550.793, 100
Trd, 4319550.943, 99
Trd, 4319551.893, 98
Trd, 4319552.543, 97
Trd, 4319552.943, 99
Trd, 4319556.243, 99
Trd, 4319557.893, 99
Trd, 4319558.743, 99
Trd, 4319559.143, 94
Trd, 4319559.993, 85
Trd, 4319561.143, 113
Trd, 4319561.243, 111
Trd, 4319561.393, 107
Trd, 4319564.893, 108
Trd, 4319565.543, 106
Trd, 4319566.343, 104
Trd, 4319568.493, 104
Trd, 4319570.993, 104
Trd, 4319571.193, 104
Trd, 4319573.193, 103
Trd, 4319573.243, 103
Trd, 4319575.293, 102
Trd, 4319575.743, 97
Trd, 4319576.043, 102
Trd, 4319577.593, 98
Trd, 4319577.993, 85
Trd, 4319578.743, 102
Trd, 4319580.793, 98
Trd, 4319582.393, 99
Trd, 4319583.243, 99
Trd, 4319584.493, 97
Trd, 4319586.443, 95
Trd, 4319586.543, 94
Trd, 4319587.743, 94
Trd, 4319587.893, 97
Trd, 4319588.943, 99
Trd, 4319590.043, 100
Trd, 4319591.443, 103
Trd, 4319592.743, 102
Trd, 4319593.643, 100
Trd, 4319594.243, 102
Trd, 4319595.443, 102
Trd, 4319596.043, 101
Trd, 4319599.693, 100
Trd, 4319599.943, 100
Trd, 4319600.543, 94
Trd, 4319601.393, 100
Trd, 4319601.793, 85
Trd, 4319605.743, 97
Trd, 4319606.993, 96
Trd, 4319607.543, 97
Trd, 4319607.693, 100
Trd, 4319607.893, 95
Trd, 4319610.293, 100
Trd, 4319612.743, 97
Trd, 4319613.143, 96
Trd, 4319614.293, 99
Trd, 4319615.793, 100
Trd, 4319616.043, 101
Trd, 4319616.143, 113
Trd, 4319617.293, 100
Trd, 4319618.393, 99
Trd, 4319620.343, 100
Trd, 4319620.893, 100
Trd, 4319622.993, 99
Trd, 4319623.293, 100
Trd, 4319624.643, 101
Trd, 4319625.293, 98
Trd, 4319627.493, 98
Trd, 4319628.593, 97
Trd, 4319628.743, 97
Trd, 4319630.393, 95
Trd, 4319632.343, 99
Trd, 4319633.493, 102
Trd, 4319634.343, 100
Trd, 4319634.443, 102
Trd, 4319636.193, 113
Trd, 4319637.343, 98
Trd, 4319640.143, 101
Trd, 4319641.143, 100
Trd, 4319641.743, 99
Trd, 4319642.493, 94
Trd, 4319643.643, 100
Trd, 4319644.193, 104
Trd, 4319645.443, 99
Trd, 4319649.243, 100
Trd, 4319649.443, 100
Trd, 4319649.843, 99
Trd, 4319651.943, 99
Trd, 4319652.393, 98
Trd, 4319654.093, 96
Trd, 4319654.443, 95
Trd, 4319656.443, 96
Trd, 4319657.643, 96
Trd, 4319658.443, 95
Trd, 4319659.193, 96
Trd, 4319660.593, 94
Trd, 4319661.243, 97
Trd, 4319662.843, 105
Trd, 4319663.993, 113
Trd, 4319664.243, 105
Trd, 4319664.893, 103
Trd, 4319666.043, 105
Trd, 4319668.643, 99
Trd, 4319669.243, 100
Trd, 4319670.543, 103
Trd, 4319670.793, 102
Trd, 4319672.343, 103
Trd, 4319674.043, 95
Trd, 4319675.543, 101
Trd, 4319676.893, 100
Trd, 4319677.593, 100
Trd, 4319679.493, 100
Trd, 4319680.193, 101
Trd, 4319682.193, 100
Trd, 4319682.543, 99
Trd, 4319684.143, 100
Trd, 4319685.143, 98
Trd, 4319685.243, 94
Trd, 4319687.743, 97
Trd, 4319688.643, 97
Trd, 4319690.093, 96
Trd, 4319691.093, 96
Trd, 4319692.293, 96
Trd, 4319694.543, 95
Trd, 4319697.193, 94
Trd, 4319698.643, 94
Trd, 4319699.643, 94
Trd, 4319700.593, 94
Trd, 4319700.743, 93
Trd, 4319701.043, 93
Trd, 4319703.593, 93
Trd, 4319704.943, 104
Trd, 4319706.193, 104
Trd, 4319706.443, 102
Trd, 4319707.243, 103
Trd, 4319708.393, 103
Trd, 4319708.943, 102
Trd, 4319710.293, 101
Trd, 4319711.993, 94
Trd, 4319713.093, 100
Trd, 4319714.293, 99
Trd, 4319715.743, 98
Trd, 4319715.993, 97
Trd, 4319717.193, 101
Trd, 4319719.743, 98
Trd, 4319720.243, 100
Trd, 4319723.193, 97
Trd, 4319725.193, 99
Trd, 4319725.593, 98
Trd, 4319726.143, 98
Trd, 4319728.593, 99
Trd, 4319729.943, 98
Trd, 4319730.893, 97
Trd, 4319732.643, 98
Trd, 4319732.893, 98
Trd, 4319733.643, 85
Trd, 4319735.393, 98
Trd, 4319736.093, 95
Trd, 4319737.443, 97
Trd, 4319738.443, 97
Trd, 4319739.293, 96
Trd, 4319740.893, 96
Trd, 4319741.143, 96
Trd, 4319741.443, 94
Trd, 4319744.243, 94
Trd, 4319745.393, 96
Trd, 4319745.543, 93
Trd, 4319746.793, 92
Trd, 4319748.193, 93
Trd, 4319748.393, 95
Trd, 4319748.493, 92
Trd, 4319750.843, 93
Trd, 4319751.943, 94
Trd, 4319752.693, 95
Trd, 4319753.293, 95
Trd, 4319755.443, 95
Trd, 4319756.693, 95
Trd, 4319756.743, 94
Trd, 4319757.793, 94
Trd, 4319759.343, 94
Trd, 4319760.343, 94
Trd, 4319762.143, 93
Trd, 4319762.993, 95
Trd, 4319764.343, 95
Trd, 4319766.443, 98
Trd, 4319766.543, 102
Trd, 4319767.393, 96
Trd, 4319769.443, 101
Trd, 4319771.593, 98
Trd, 4319771.793, 96
Trd, 4319772.343, 97
Trd, 4319772.843, 96
Trd, 4319774.793, 97
Trd, 4319774.993, 99
Trd, 4319777.193, 100
Trd, 4319778.843, 98
Trd, 4319779.743, 102
Trd, 4319781.293, 102
Trd, 4319781.393, 101
Trd, 4319782.493, 99
Trd, 4319786.343, 97
Trd, 4319786.893, 95
Trd, 4319787.493, 95
Trd, 4319787.793, 104
Trd, 4319790.343, 100
Trd, 4319790.493, 96
Trd, 4319791.293, 98
Trd, 4319793.893, 99
Trd, 4319794.893, 96
Trd, 4319796.693, 96
Trd, 4319796.793, 98
Trd, 4319796.843, 94
Trd, 4319797.743, 97
Trd, 4319799.393, 104
Trd, 4319799.643, 99
Trd, 4319801.693, 97
Trd, 4319802.593, 95
Trd, 4319803.393, 96
Trd, 4319805.093, 99
Trd, 4319805.243, 96
Trd, 4319806.643, 98
Trd, 4319808.243, 97
Trd, 4319810.093, 95
Trd, 4319811.343, 95
Trd, 4319811.793, 104
Trd, 4319812.093, 95
Trd, 4319815.193, 99
Trd, 4319815.493, 97
Trd, 4319816.493, 98
Trd, 4319817.193, 96
Trd, 4319818.443, 96
Trd, 4319818.693, 97
Trd, 4319819.743, 97
Trd, 4319820.693, 96
Trd, 4319820.743, 95
Trd, 4319822.693, 94
Trd, 4319823.143, 95
Trd, 4319824.843, 94
Trd, 4319827.843, 95
Trd, 4319830.243, 94
Trd, 4319830.443, 93
Trd, 4319830.493, 96
Trd, 4319832.243, 93
Trd, 4319833.093, 96
Trd, 4319834.743, 96
Trd, 4319835.643, 94
Trd, 4319836.943, 93
Trd, 4319837.493, 92
Trd, 4319840.343, 95
Trd, 4319840.643, 85
Trd, 4319841.943, 91
Trd, 4319842.093, 90
Trd, 4319843.293, 90
Trd, 4319844.093, 103
Trd, 4319845.193, 92
Trd, 4319846.143, 96
Trd, 4319847.593, 93
Trd, 4319849.443, 94
Trd, 4319849.743, 92
Trd, 4319850.243, 92
Trd, 4319851.843, 93
Trd, 4319853.093, 95
Trd, 4319854.293, 96
Trd, 4319854.893, 97
Trd, 4319858.693, 97
Trd, 4319859.293, 104
Trd, 4319861.843, 99
Trd, 4319862.243, 95
Trd, 4319862.643, 85
Trd, 4319862.993, 95
Trd, 4319863.393, 95
Trd, 4319864.793, 94
Trd, 4319866.643, 96
Trd, 4319867.593, 93
Trd, 4319867.743, 96
Trd, 4319869.043, 93
Trd, 4319870.193, 94
Trd, 4319870.693, 93
Trd, 4319871.543, 93
Trd, 4319871.593, 95
Trd, 4319873.443, 94
Trd, 4319876.493, 102
Trd, 4319876.943, 101
Trd, 4319877.693, 99
Trd, 4319878.443, 101
Trd, 4319879.893, 100
Trd, 4319880.393, 100
Trd, 4319881.943, 95
Trd, 4319883.143, 100
Trd, 4319885.043, 98
Trd, 4319885.293, 85
Trd, 4319886.143, 99
Trd, 4319888.393, 101
Trd, 4319888.993, 99
Trd, 4319891.243, 96
Trd, 4319893.043, 99
Trd, 4319893.243, 94
Trd, 4319893.543, 99
Trd, 4319895.343, 95
Trd, 4319898.193, 95
Trd, 4319898.393, 97
Trd, 4319898.943, 97
Trd, 4319899.793, 95
Trd, 4319902.093, 96
Trd, 4319902.243, 94
Trd, 4319902.693, 103
Trd, 4319904.643, 94
Trd, 4319905.543, 100
Trd, 4319906.593, 95
Trd, 4319908.893, 100
Trd, 4319909.593, 101
Trd, 4319910.293, 98
Trd, 4319911.043, 104
Trd, 4319911.343, 97
Trd, 4319914.943, 101
Trd, 4319914.993, 101
Trd, 4319915.393, 101
Trd, 4319916.943, 101
Trd, 4319917.543, 100
Trd, 4319918.093, 100
Trd, 4319918.543, 104
Trd, 4319920.593, 102
Trd, 4319920.743, 98
Trd, 4319920.893, 94
Trd, 4319922.343, 102
Trd, 4319923.243, 95
Trd, 4319924.843, 97
Trd, 4319925.843, 97
Trd, 4319926.343, 93
Trd, 4319928.543, 92
Trd, 4319929.193, 94
Trd, 4319930.293, 94
Trd, 4319930.893, 92
Trd, 4319931.193, 92
Trd, 4319931.593, 95
Trd, 4319934.593, 92
Trd, 4319936.343, 95
Trd, 4319938.193, 97
Trd, 4319939.643, 99
Trd, 4319939.943, 99
Trd, 4319940.043, 103
Trd, 4319942.893, 100
Trd, 4319943.543, 99
Trd, 4319946.293, 98
Trd, 4319946.593, 101
Trd, 4319948.293, 97
Trd, 4319950.593, 99
Trd, 4319952.743, 100
Trd, 4319954.043, 100
Trd, 4319954.693, 100
Trd, 4319954.893, 99
Trd, 4319955.243, 101
Trd, 4319956.293, 103
Trd, 4319958.343, 101
Trd, 4319958.543, 100
Trd, 4319960.043, 100
Trd, 4319961.093, 99
Trd, 4319961.943, 100
Trd, 4319962.093, 113
Trd, 4319965.393, 104
Trd, 4319965.593, 103
Trd, 4319967.093, 105
Trd, 4319968.293, 104
Trd, 4319968.993, 104
Trd, 4319970.093, 103
Trd, 4319971.093, 105
Trd, 4319972.293, 106
Trd, 4319972.893, 107
Trd, 4319973.443, 113
Trd, 4319975.043, 111
Trd, 4319975.243, 103
Trd, 4319978.593, 98
Trd, 4319980.043, 97
Trd, 4319980.143, 95
Trd, 4319980.743, 96
Trd, 4319981.943, 98
Trd, 4319983.243, 97
Trd, 4319984.093, 98
Trd, 4319984.143, 97
Trd, 4319987.543, 97
Trd, 4319988.693, 98
Trd, 4319989.943, 99
Trd, 4319990.843, 100
Trd, 4319991.793, 100
Trd, 4319991.893, 99
Trd, 4319993.593, 98
Trd, 4319993.643, 100
Trd, 4319996.843, 98
Trd, 4319997.593, 98
Trd, 4319997.843, 98
Trd, 4319998.743, 104
Trd, 4319999.793, 97
