Trd, 4317902.093, 99
Trd, 4317902.593, 100
Trd, 4317902.693, 94
Trd, 4317906.793, 97
Trd, 4317908.493, 96
Trd, 4317908.543, 101
Trd, 4317909.093, 99
Trd, 4317909.443, 94
Trd, 4317909.843, 94
Trd, 4317909.993, 84
Trd, 4317910.993, 104
Trd, 4317914.043, 97
Trd, 4317914.443, 97
Trd, 4317915.193, 94
Trd, 4317916.593, 93
Trd, 4317917.993, 98
Trd, 4317918.793, 94
Trd, 4317921.243, 97
Trd, 4317922.443, 94
Trd, 4317922.793, 97
Trd, 4317923.093, 93
Trd, 4317924.693, 95
Trd, 4317925.593, 94
Trd, 4317927.693, 92
Trd, 4317928.593, 95
Trd, 4317929.943, 95
Trd, 4317931.743, 91
Trd, 4317933.493, 93
Trd, 4317933.843, 122
Trd, 4317934.143, 107
Trd, 4317937.293, 95
Trd, 4317940.443, 94
Trd, 4317940.993, 98
Trd, 4317941.643, 93
Trd, 4317942.193, 98
Trd, 4317943.343, 84
Trd, 4317946.593, 95
Trd, 4317946.893, 97
Trd, 4317947.193, 91
Trd, 4317948.993, 96
Trd, 4317949.793, 93
Trd, 4317950.943, 96
Trd, 4317952.993, 96
Trd, 4317954.693, 95
Trd, 4317955.693, 93
Trd, 4317955.743, 92
Trd, 4317956.843, 95
Trd, 4317957.243, 95
Trd, 4317958.943, 96
Trd, 4317962.693, 93
Trd, 4317962.793, 96
Trd, 4317965.043, 93
Trd, 4317966.493, 93
Trd, 4317968.643, 96
Trd, 4317970.193, 95
Trd, 4317971.093, 95
Trd, 4317971.293, 92
Trd, 4317972.143, 91
Trd, 4317972.493, 91
Trd, 4317974.093, 90
Trd, 4317974.343, 95
Trd, 4317976.593, 94
Trd, 4317976.643, 93
Trd, 4317976.943, 85
Trd, 4317979.343, 92
Trd, 4317980.393, 95
Trd, 4317981.993, 94
Trd, 4317982.143, 95
Trd, 4317982.343, 104
Trd, 4317984.543, 101
Trd, 4317984.643, 97
Trd, 4317985.493, 95
Trd, 4317987.443, 95
Trd, 4317989.693, 98
Trd, 4317990.043, 98
Trd, 4317990.343, 94
Trd, 4317991.443, 98
Trd, 4317992.793, 98
Trd, 4317992.843, 96
Trd, 4317994.693, 95
Trd, 4317997.093, 99
Trd, 4317998.543, 100
Trd, 4317998.993, 99
Trd, 4317999.943, 99
Trd, 4318001.343, 104
Trd, 4318003.443, 101
Trd, 4318003.643, 94
Trd, 4318004.943, 95
Trd, 4318006.593, 96
Trd, 4318007.443, 95
Trd, 4318008.293, 98
Trd, 4318010.193, 97
Trd, 4318010.393, 99
Trd, 4318010.693, 96
Trd, 4318013.543, 83
Trd, 4318015.993, 98
Trd, 4318016.793, 99
Trd, 4318017.393, 102
Trd, 4318017.693, 104
Trd, 4318018.343, 100
Trd, 4318020.193, 100
Trd, 4318021.243, 96
Trd, 4318021.943, 95
Trd, 4318022.593, 100
Trd, 4318022.793, 104
Trd, 4318023.343, 98
Trd, 4318027.943, 97
Trd, 4318028.493, 101
Trd, 4318029.343, 101
Trd, 4318030.843, 96
Trd, 4318031.093, 94
Trd, 4318033.793, 100
Trd, 4318034.643, 96
Trd, 4318035.143, 95
Trd, 4318037.043, 97
Trd, 4318037.943, 94
Trd, 4318038.193, 94
Trd, 4318039.993, 96
Trd, 4318040.943, 96
Trd, 4318044.793, 93
Trd, 4318045.393, 93
Trd, 4318046.243, 96
Trd, 4318046.493, 104
Trd, 4318049.243, 99
Trd, 4318050.243, 94
Trd, 4318051.293, 100
Trd, 4318051.543, 102
Trd, 4318053.693, 101
Trd, 4318054.543, 100
Trd, 4318055.093, 102
Trd, 4318055.693, 99
Trd, 4318057.143, 94
Trd, 4318059.043, 98
Trd, 4318059.643, 99
Trd, 4318060.843, 94
Trd, 4318063.293, 96
Trd, 4318063.993, 99
Trd, 4318065.943, 99
Trd, 4318067.793, 98
Trd, 4318068.843, 99
Trd, 4318069.343, 97
Trd, 4318070.443, 98
Trd, 4318070.543, 99
Trd, 4318073.143, 97
Trd, 4318073.343, 96
Trd, 4318074.643, 98
Trd, 4318075.043, 97
Trd, 4318076.593, 96
Trd, 4318076.793, 104
Trd, 4318079.893, 94
Trd, 4318080.643, 97
Trd, 4318081.843, 95
Trd, 4318083.793, 98
Trd, 4318084.743, 96
Trd, 4318085.243, 97
Trd, 4318086.443, 94
Trd, 4318089.243, 95
Trd, 4318089.543, 94
Trd, 4318090.543, 94
Trd, 4318093.043, 98
Trd, 4318097.043, 96
Trd, 4318097.493, 96
Trd, 4318098.143, 95
Trd, 4318098.343, 94
Trd, 4318100.693, 96
Trd, 4318101.143, 94
Trd, 4318101.543, 93
Trd, 4318106.043, 96
Trd, 4318106.343, 94
Trd, 4318106.393, 97
Trd, 4318106.593, 82
Trd, 4318110.043, 91
Trd, 4318110.143, 96
Trd, 4318110.443, 91
Trd, 4318111.443, 104
Trd, 4318113.443, 101
Trd, 4318116.043, 98
Trd, 4318116.093, 100
Trd, 4318117.943, 98
Trd, 4318121.193, 96
Trd, 4318122.743, 100
Trd, 4318124.693, 100
Trd, 4318124.743, 104
Trd, 4318125.943, 116
Trd, 4318126.793, 98
Trd, 4318128.343, 100
Trd, 4318128.493, 131
Trd, 4318129.043, 102
Trd, 4318130.243, 111
Trd, 4318131.593, 103
Trd, 4318132.843, 103
Trd, 4318133.643, 100
Trd, 4318134.743, 99
Trd, 4318135.243, 103
Trd, 4318136.493, 103
Trd, 4318138.443, 97
Trd, 4318139.593, 96
Trd, 4318140.543, 101
Trd, 4318141.043, 101
Trd, 4318141.193, 97
Trd, 4318147.493, 100
Trd, 4318148.393, 101
Trd, 4318148.443, 98
Trd, 4318148.593, 100
Trd, 4318151.793, 98
Trd, 4318152.593, 98
Trd, 4318153.693, 98
Trd, 4318154.193, 97
Trd, 4318155.793, 97
Trd, 4318156.943, 98
Trd, 4318157.193, 96
Trd, 4318158.793, 99
Trd, 4318160.093, 98
Trd, 4318161.743, 97
Trd, 4318161.793, 96
Trd, 4318163.043, 94
Trd, 4318164.443, 95
Trd, 4318164.593, 96
Trd, 4318166.793, 76
Trd, 4318168.293, 91
Trd, 4318168.893, 96
Trd, 4318168.993, 77
Trd, 4318169.343, 97
Trd, 4318171.893, 78
Trd, 4318173.993, 84
Trd, 4318174.043, 85
Trd, 4318176.093, 83
Trd, 4318176.493, 88
Trd, 4318178.593, 99
Trd, 4318178.793, 104
Trd, 4318178.843, 85
Trd, 4318180.693, 99
Trd, 4318183.443, 102
Trd, 4318183.843, 104
Trd, 4318183.943, 100
Trd, 4318185.193, 103
Trd, 4318186.443, 100
Trd, 4318187.943, 99
Trd, 4318188.743, 104
Trd, 4318189.693, 104
Trd, 4318191.843, 98
Trd, 4318192.393, 104
Trd, 4318194.793, 99
Trd, 4318195.143, 102
Trd, 4318197.393, 99
Trd, 4318198.443, 102
Trd, 4318199.193, 98
Trd, 4318200.443, 102
Trd, 4318201.693, 98
Trd, 4318203.543, 98
Trd, 4318203.843, 100
Trd, 4318205.793, 98
Trd, 4318206.443, 104
Trd, 4318207.543, 77
Trd, 4318209.593, 92
Trd, 4318211.393, 93
Trd, 4318212.093, 92
Trd, 4318212.743, 91
Trd, 4318214.743, 93
Trd, 4318215.343, 93
Trd, 4318218.043, 95
Trd, 4318218.593, 92
Trd, 4318219.793, 95
Trd, 4318221.143, 104
Trd, 4318222.543, 95
Trd, 4318224.093, 98
Trd, 4318224.593, 94
Trd, 4318224.843, 84
Trd, 4318228.343, 98
Trd, 4318229.393, 100
Trd, 4318230.543, 95
Trd, 4318230.843, 100
Trd, 4318231.093, 104
Trd, 4318233.193, 94
Trd, 4318234.043, 97
Trd, 4318234.443, 93
Trd, 4318236.093, 96
Trd, 4318236.543, 95
Trd, 4318238.593, 96
Trd, 4318239.293, 104
Trd, 4318239.343, 115
Trd, 4318240.893, 95
Trd, 4318241.393, 95
Trd, 4318242.293, 103
Trd, 4318242.893, 94
Trd, 4318246.193, 100
Trd, 4318247.843, 100
Trd, 4318248.643, 101
Trd, 4318250.793, 97
Trd, 4318252.343, 101
Trd, 4318253.043, 98
Trd, 4318254.393, 104
Trd, 4318255.293, 103
Trd, 4318256.093, 97
Trd, 4318258.693, 102
Trd, 4318259.143, 96
Trd, 4318261.893, 99
Trd, 4318263.643, 95
Trd, 4318263.943, 95
Trd, 4318265.193, 100
Trd, 4318265.593, 100
Trd, 4318266.993, 101
Trd, 4318267.243, 96
Trd, 4318267.993, 104
Trd, 4318269.093, 94
Trd, 4318271.443, 97
Trd, 4318272.093, 97
Trd, 4318272.643, 96
Trd, 4318275.643, 98
Trd, 4318275.893, 97
Trd, 4318276.293, 95
Trd, 4318276.443, 94
Trd, 4318277.243, 97
Trd, 4318277.493, 97
Trd, 4318277.943, 84
Trd, 4318280.243, 94
Trd, 4318282.293, 94
Trd, 4318283.293, 95
Trd, 4318283.643, 97
Trd, 4318286.493, 97
Trd, 4318287.343, 94
Trd, 4318290.093, 97
Trd, 4318290.193, 97
Trd, 4318291.693, 95
Trd, 4318292.043, 98
Trd, 4318292.743, 82
Trd, 4318295.193, 97
Trd, 4318295.493, 91
Trd, 4318295.793, 104
Trd, 4318296.843, 91
Trd, 4318298.393, 97
Trd, 4318299.293, 90
Trd, 4318301.393, 90
Trd, 4318301.843, 96
Trd, 4318303.593, 97
Trd, 4318304.493, 90
Trd, 4318306.443, 89
Trd, 4318308.593, 90
Trd, 4318309.893, 93
Trd, 4318310.543, 93
Trd, 4318311.743, 89
Trd, 4318313.443, 93
Trd, 4318315.943, 88
Trd, 4318316.293, 88
Trd, 4318316.343, 93
Trd, 4318318.793, 92
Trd, 4318318.993, 86
Trd, 4318321.893, 89
Trd, 4318323.293, 92
Trd, 4318323.943, 90
Trd, 4318325.293, 93
Trd, 4318325.993, 96
Trd, 4318326.543, 104
Trd, 4318330.693, 97
Trd, 4318331.643, 93
Trd, 4318332.693, 96
Trd, 4318332.843, 96
Trd, 4318333.493, 95
Trd, 4318334.343, 99
Trd, 4318334.743, 94
Trd, 4318338.443, 98
Trd, 4318338.943, 98
Trd, 4318339.443, 96
Trd, 4318340.193, 98
Trd, 4318340.393, 85
Trd, 4318342.193, 98
Trd, 4318343.643, 97
Trd, 4318345.843, 99
Trd, 4318346.943, 99
Trd, 4318347.143, 98
Trd, 4318348.193, 104
Trd, 4318348.843, 97
Trd, 4318349.193, 115
Trd, 4318352.443, 100
Trd, 4318352.693, 96
Trd, 4318353.943, 100
Trd, 4318355.643, 96
Trd, 4318357.793, 95
Trd, 4318357.943, 99
Trd, 4318359.743, 99
Trd, 4318361.043, 96
Trd, 4318364.143, 99
Trd, 4318364.693, 95
Trd, 4318365.443, 99
Trd, 4318366.893, 96
Trd, 4318368.693, 97
Trd, 4318369.543, 96
Trd, 4318370.793, 95
Trd, 4318371.493, 94
Trd, 4318372.693, 97
Trd, 4318373.343, 97
Trd, 4318373.893, 96
Trd, 4318375.093, 94
Trd, 4318375.193, 83
Trd, 4318380.443, 95
Trd, 4318380.843, 95
Trd, 4318380.993, 92
Trd, 4318381.293, 91
Trd, 4318382.243, 96
Trd, 4318382.293, 104
Trd, 4318384.543, 104
Trd, 4318387.743, 91
Trd, 4318388.093, 90
Trd, 4318388.893, 95
Trd, 4318391.393, 96
Trd, 4318392.543, 89
Trd, 4318393.393, 89
Trd, 4318394.043, 97
Trd, 4318396.343, 97
Trd, 4318397.993, 91
Trd, 4318399.093, 93
Trd, 4318401.893, 95
Trd, 4318402.393, 95
Trd, 4318404.193, 90
Trd, 4318404.443, 85
Trd, 4318405.343, 91
Trd, 4318406.493, 90
Trd, 4318406.943, 95
Trd, 4318407.543, 93
Trd, 4318408.543, 96
Trd, 4318408.943, 94
Trd, 4318410.643, 93
Trd, 4318412.843, 88
Trd, 4318413.243, 93
Trd, 4318416.043, 95
Trd, 4318416.143, 104
Trd, 4318419.793, 98
Trd, 4318420.293, 94
Trd, 4318420.943, 96
Trd, 4318422.293, 98
Trd, 4318423.143, 95
Trd, 4318424.043, 98
Trd, 4318424.693, 98
Trd, 4318427.193, 84
Trd, 4318429.143, 98
Trd, 4318429.393, 92
Trd, 4318430.393, 93
Trd, 4318431.793, 97
Trd, 4318431.943, 94
Trd, 4318433.743, 98
Trd, 4318434.943, 104
Trd, 4318436.743, 100
Trd, 4318437.743, 100
Trd, 4318438.093, 99
Trd, 4318438.643, 99
Trd, 4318439.093, 101
Trd, 4318441.543, 99
Trd, 4318442.743, 101
Trd, 4318443.743, 100
Trd, 4318444.943, 101
Trd, 4318445.943, 99
Trd, 4318446.343, 104
Trd, 4318447.643, 97
Trd, 4318448.943, 100
Trd, 4318449.493, 97
Trd, 4318449.993, 94
Trd, 4318452.043, 95
Trd, 4318452.543, 98
Trd, 4318452.893, 94
Trd, 4318454.743, 101
Trd, 4318455.043, 94
Trd, 4318455.943, 93
Trd, 4318456.543, 104
Trd, 4318456.843, 122
Trd, 4318458.493, 92
Trd, 4318460.793, 115
Trd, 4318462.043, 108
Trd, 4318465.493, 106
Trd, 4318465.943, 103
Trd, 4318466.443, 101
Trd, 4318467.693, 106
Trd, 4318468.743, 100
Trd, 4318468.943, 105
Trd, 4318471.143, 101
Trd, 4318472.543, 104
Trd, 4318473.743, 102
Trd, 4318474.093, 103
Trd, 4318475.893, 100
Trd, 4318476.093, 99
Trd, 4318476.993, 95
Trd, 4318477.493, 102
Trd, 4318479.043, 94
Trd, 4318481.293, 99
Trd, 4318482.493, 99
Trd, 4318482.643, 97
Trd, 4318482.743, 117
Trd, 4318485.793, 97
Trd, 4318487.043, 96
Trd, 4318488.293, 100
Trd, 4318489.993, 96
Trd, 4318490.643, 96
Trd, 4318490.993, 100
Trd, 4318491.843, 100
Trd, 4318492.993, 95
Trd, 4318493.143, 94
Trd, 4318494.593, 101
Trd, 4318496.243, 101
Trd, 4318496.843, 100
Trd, 4318498.743, 98
Trd, 4318498.793, 102
Trd, 4318500.543, 97
Trd, 4318502.743, 100
Trd, 4318503.693, 102
Trd, 4318505.043, 101
Trd, 4318505.493, 101
Trd, 4318506.493, 100
Trd, 4318509.193, 101
Trd, 4318510.543, 101
Trd, 4318510.693, 102
Trd, 4318511.793, 103
Trd, 4318512.293, 94
Trd, 4318512.843, 98
Trd, 4318513.493, 103
Trd, 4318517.893, 102
Trd, 4318518.143, 101
Trd, 4318519.743, 99
Trd, 4318520.543, 94
Trd, 4318522.993, 100
Trd, 4318524.643, 98
Trd, 4318525.743, 104
Trd, 4318527.493, 97
Trd, 4318528.443, 97
Trd, 4318528.693, 100
Trd, 4318531.793, 100
Trd, 4318534.493, 101
Trd, 4318535.043, 98
Trd, 4318537.193, 99
Trd, 4318537.743, 102
Trd, 4318537.843, 94
Trd, 4318538.043, 104
Trd, 4318541.643, 102
Trd, 4318541.943, 103
Trd, 4318543.743, 100
Trd, 4318543.893, 100
Trd, 4318544.043, 103
Trd, 4318546.693, 103
Trd, 4318547.893, 100
Trd, 4318551.043, 101
Trd, 4318551.293, 99
Trd, 4318552.093, 102
Trd, 4318553.543, 98
Trd, 4318554.243, 100
Trd, 4318554.993, 95
Trd, 4318555.543, 94
Trd, 4318558.343, 95
Trd, 4318558.543, 101
Trd, 4318559.493, 94
Trd, 4318561.493, 96
Trd, 4318563.443, 97
Trd, 4318564.043, 98
Trd, 4318564.893, 95
Trd, 4318567.243, 100
Trd, 4318567.693, 104
Trd, 4318570.193, 102
Trd, 4318570.593, 98
Trd, 4318571.093, 114
Trd, 4318571.193, 97
Trd, 4318574.293, 102
Trd, 4318574.793, 102
Trd, 4318576.493, 96
Trd, 4318576.593, 96
Trd, 4318580.593, 96
Trd, 4318581.693, 95
Trd, 4318583.093, 100
Trd, 4318583.193, 104
Trd, 4318585.593, 99
Trd, 4318585.943, 95
Trd, 4318587.093, 97
Trd, 4318589.443, 96
Trd, 4318590.943, 98
Trd, 4318591.743, 99
Trd, 4318592.343, 99
Trd, 4318592.843, 117
Trd, 4318596.943, 103
Trd, 4318596.993, 104
Trd, 4318597.243, 100
Trd, 4318597.493, 98
Trd, 4318598.793, 104
Trd, 4318600.193, 102
Trd, 4318601.243, 103
Trd, 4318603.493, 101
Trd, 4318604.643, 103
Trd, 4318605.393, 102
Trd, 4318607.693, 101
Trd, 4318607.993, 100
Trd, 4318608.143, 84
Trd, 4318608.443, 104
Trd, 4318608.493, 75
Trd, 4318609.643, 80
Trd, 4318610.993, 91
Trd, 4318611.293, 104
Trd, 4318612.493, 91
Trd, 4318613.793, 94
Trd, 4318615.343, 90
Trd, 4318616.543, 98
Trd, 4318618.843, 90
Trd, 4318620.593, 94
Trd, 4318622.093, 90
Trd, 4318623.243, 90
Trd, 4318623.943, 95
Trd, 4318625.743, 95
Trd, 4318628.543, 93
Trd, 4318628.643, 92
Trd, 4318629.343, 94
Trd, 4318630.593, 91
Trd, 4318631.643, 94
Trd, 4318631.843, 90
Trd, 4318633.543, 95
Trd, 4318634.743, 89
Trd, 4318637.093, 96
Trd, 4318638.143, 97
Trd, 4318638.343, 96
Trd, 4318639.993, 96
Trd, 4318641.093, 93
Trd, 4318642.843, 99
Trd, 4318642.993, 104
Trd, 4318643.493, 102
Trd, 4318644.143, 113
Trd, 4318648.043, 105
Trd, 4318648.593, 104
Trd, 4318648.793, 103
Trd, 4318649.093, 101
Trd, 4318651.293, 105
Trd, 4318651.493, 101
Trd, 4318652.943, 101
Trd, 4318653.393, 95
Trd, 4318655.093, 94
Trd, 4318655.143, 104
Trd, 4318657.243, 99
Trd, 4318657.793, 101
Trd, 4318658.493, 94
Trd, 4318660.443, 96
Trd, 4318661.893, 95
Trd, 4318662.393, 92
Trd, 4318664.543, 97
Trd, 4318665.843, 99
Trd, 4318666.193, 98
Trd, 4318667.293, 99
Trd, 4318669.443, 99
Trd, 4318669.943, 98
Trd, 4318670.243, 104
Trd, 4318670.993, 115
Trd, 4318672.193, 95
Trd, 4318674.843, 98
Trd, 4318675.443, 104
Trd, 4318677.793, 97
Trd, 4318679.643, 99
Trd, 4318680.643, 98
Trd, 4318681.543, 98
Trd, 4318682.693, 97
Trd, 4318683.193, 94
Trd, 4318684.193, 100
Trd, 4318685.793, 99
Trd, 4318688.343, 99
Trd, 4318688.793, 95
Trd, 4318689.193, 95
Trd, 4318690.243, 98
Trd, 4318690.543, 99
Trd, 4318690.943, 94
Trd, 4318691.993, 113
Trd, 4318694.843, 97
Trd, 4318695.493, 95
Trd, 4318696.843, 95
Trd, 4318698.193, 97
Trd, 4318698.693, 104
Trd, 4318701.443, 99
Trd, 4318701.893, 94
Trd, 4318703.493, 94
Trd, 4318705.043, 98
Trd, 4318706.343, 96
Trd, 4318707.043, 95
Trd, 4318708.393, 98
Trd, 4318709.093, 97
Trd, 4318710.793, 97
Trd, 4318712.193, 99
Trd, 4318712.943, 104
Trd, 4318715.043, 100
Trd, 4318715.243, 97
Trd, 4318715.693, 84
Trd, 4318716.643, 99
Trd, 4318717.093, 93
Trd, 4318718.843, 99
Trd, 4318720.393, 96
Trd, 4318721.143, 96
Trd, 4318721.793, 96
Trd, 4318724.343, 96
Trd, 4318725.443, 96
Trd, 4318727.093, 94
Trd, 4318727.393, 97
Trd, 4318727.893, 77
Trd, 4318729.293, 92
Trd, 4318730.343, 94
Trd, 4318731.993, 94
Trd, 4318733.493, 92
Trd, 4318733.843, 94
Trd, 4318735.143, 94
Trd, 4318735.893, 95
Trd, 4318737.393, 104
Trd, 4318738.093, 93
Trd, 4318739.493, 95
Trd, 4318739.843, 94
Trd, 4318743.693, 97
Trd, 4318743.943, 94
Trd, 4318744.243, 96
Trd, 4318744.693, 93
Trd, 4318747.343, 97
Trd, 4318747.393, 93
Trd, 4318748.543, 97
Trd, 4318748.793, 92
Trd, 4318752.993, 94
Trd, 4318753.493, 94
Trd, 4318754.243, 95
Trd, 4318756.543, 93
Trd, 4318756.943, 95
Trd, 4318757.193, 93
Trd, 4318759.343, 92
Trd, 4318761.143, 95
Trd, 4318761.443, 95
Trd, 4318762.443, 96
Trd, 4318762.643, 92
Trd, 4318762.943, 96
Trd, 4318764.493, 96
Trd, 4318766.643, 93
Trd, 4318767.243, 92
Trd, 4318768.993, 96
Trd, 4318769.243, 95
Trd, 4318769.893, 93
Trd, 4318771.143, 95
Trd, 4318774.043, 93
Trd, 4318774.343, 95
Trd, 4318776.043, 95
Trd, 4318776.493, 92
Trd, 4318778.943, 95
Trd, 4318780.043, 94
Trd, 4318781.043, 94
Trd, 4318783.043, 93
Trd, 4318783.943, 95
Trd, 4318784.293, 104
Trd, 4318784.643, 94
Trd, 4318785.943, 98
Trd, 4318788.593, 98
Trd, 4318789.043, 97
Trd, 4318789.593, 94
Trd, 4318790.543, 94
Trd, 4318791.393, 104
Trd, 4318792.543, 95
Trd, 4318793.393, 76
Trd, 4318795.743, 91
Trd, 4318796.943, 90
Trd, 4318797.693, 89
Trd, 4318799.093, 95
Trd, 4318799.293, 104
Trd, 4318800.293, 89
Trd, 4318802.543, 92
Trd, 4318803.893, 96
Trd, 4318805.743, 96
Trd, 4318806.693, 97
Trd, 4318807.093, 92
Trd, 4318808.893, 97
Trd, 4318808.943, 87
Trd, 4318812.393, 90
Trd, 4318812.943, 93
Trd, 4318815.193, 96
Trd, 4318816.743, 93
Trd, 4318817.493, 94
Trd, 4318817.993, 95
Trd, 4318819.593, 96
Trd, 4318819.993, 96
Trd, 4318821.343, 96
Trd, 4318822.343, 99
Trd, 4318822.493, 97
Trd, 4318823.243, 97
Trd, 4318825.293, 96
Trd, 4318826.193, 94
Trd, 4318827.643, 98
Trd, 4318827.693, 96
Trd, 4318828.743, 97
Trd, 4318830.643, 96
Trd, 4318831.193, 96
Trd, 4318832.893, 96
Trd, 4318833.143, 94
Trd, 4318833.593, 95
Trd, 4318834.493, 86
Trd, 4318834.943, 91
Trd, 4318836.993, 94
Trd, 4318839.793, 90
Trd, 4318840.693, 94
Trd, 4318841.093, 95
Trd, 4318841.993, 91
Trd, 4318843.793, 95
Trd, 4318844.743, 95
Trd, 4318845.743, 96
Trd, 4318846.743, 96
Trd, 4318847.543, 118
Trd, 4318847.843, 95
Trd, 4318849.793, 85
Trd, 4318850.143, 107
Trd, 4318853.343, 92
Trd, 4318853.493, 86
Trd, 4318854.893, 95
Trd, 4318855.443, 104
Trd, 4318856.243, 101
Trd, 4318857.043, 102
Trd, 4318858.043, 102
Trd, 4318858.243, 114
Trd, 4318858.643, 94
Trd, 4318859.343, 85
Trd, 4318860.993, 106
Trd, 4318861.193, 77
Trd, 4318862.693, 92
Trd, 4318862.843, 105
Trd, 4318864.593, 105
Trd, 4318865.343, 93
Trd, 4318868.293, 95
Trd, 4318868.443, 98
Trd, 4318870.593, 97
Trd, 4318871.743, 95
Trd, 4318873.893, 94
Trd, 4318875.143, 98
Trd, 4318876.743, 98
Trd, 4318877.243, 96
Trd, 4318879.193, 97
Trd, 4318880.393, 98
Trd, 4318880.643, 96
Trd, 4318882.693, 98
Trd, 4318883.493, 96
Trd, 4318884.043, 95
Trd, 4318885.743, 97
Trd, 4318886.343, 96
Trd, 4318887.843, 94
Trd, 4318888.243, 94
Trd, 4318889.493, 93
Trd, 4318890.293, 97
Trd, 4318890.643, 97
Trd, 4318891.543, 97
Trd, 4318893.093, 95
Trd, 4318894.493, 96
Trd, 4318894.693, 97
Trd, 4318896.493, 94
Trd, 4318896.843, 97
Trd, 4318900.893, 96
Trd, 4318903.543, 97
Trd, 4318904.043, 97
Trd, 4318904.193, 95
Trd, 4318904.393, 93
Trd, 4318906.293, 93
Trd, 4318907.343, 98
Trd, 4318908.843, 97
Trd, 4318909.243, 97
Trd, 4318909.493, 114
Trd, 4318910.543, 85
Trd, 4318911.393, 97
Trd, 4318911.793, 96
Trd, 4318913.493, 95
Trd, 4318915.943, 92
Trd, 4318916.543, 91
Trd, 4318917.543, 91
Trd, 4318919.093, 91
Trd, 4318919.243, 97
Trd, 4318920.393, 92
Trd, 4318921.343, 93
Trd, 4318921.493, 96
Trd, 4318921.893, 92
Trd, 4318924.493, 95
Trd, 4318924.743, 85
Trd, 4318925.143, 104
Trd, 4318925.793, 104
Trd, 4318927.493, 102
Trd, 4318927.843, 99
Trd, 4318929.193, 96
Trd, 4318931.443, 102
Trd, 4318932.243, 99
Trd, 4318932.443, 117
Trd, 4318934.693, 100
Trd, 4318935.893, 104
Trd, 4318936.743, 99
Trd, 4318937.243, 104
Trd, 4318939.493, 99
Trd, 4318942.093, 104
Trd, 4318944.793, 103
Trd, 4318944.843, 99
Trd, 4318945.443, 94
Trd, 4318947.343, 104
Trd, 4318948.743, 103
Trd, 4318949.393, 103
Trd, 4318949.443, 104
Trd, 4318950.493, 102
Trd, 4318952.293, 101
Trd, 4318953.543, 102
Trd, 4318953.943, 102
Trd, 4318954.393, 104
Trd, 4318954.443, 101
Trd, 4318957.543, 101
Trd, 4318958.293, 103
Trd, 4318959.493, 95
Trd, 4318961.993, 100
Trd, 4318963.143, 94
Trd, 4318963.593, 86
Trd, 4318964.193, 100
Trd, 4318966.043, 99
Trd, 4318966.393, 99
Trd, 4318970.593, 97
Trd, 4318970.843, 98
Trd, 4318973.243, 97
Trd, 4318973.443, 95
Trd, 4318975.343, 98
Trd, 4318975.493, 97
Trd, 4318976.893, 105
Trd, 4318977.293, 95
Trd, 4318979.643, 102
Trd, 4318981.143, 99
Trd, 4318982.943, 102
Trd, 4318984.593, 100
Trd, 4318985.593, 98
Trd, 4318985.643, 101
Trd, 4318985.743, 97
Trd, 4318988.893, 100
Trd, 4318989.093, 98
Trd, 4318989.893, 100
Trd, 4318991.143, 100
Trd, 4318991.693, 98
Trd, 4318991.843, 94
Trd, 4318993.343, 101
Trd, 4318995.143, 104
Trd, 4318995.543, 97
Trd, 4318999.543, 102
Trd, 4319000.193, 100
Trd, 4319000.743, 100
Trd, 4319000.993, 101
Trd, 4319001.243, 99
Trd, 4319002.643, 102
Trd, 4319002.793, 104
Trd, 4319005.443, 94
Trd, 4319005.943, 84
Trd, 4319007.993, 98
Trd, 4319008.893, 95
Trd, 4319009.243, 100
Trd, 4319010.493, 99
Trd, 4319012.193, 96
Trd, 4319014.093, 95
Trd, 4319016.093, 99
Trd, 4319017.393, 96
Trd, 4319018.143, 99
Trd, 4319019.243, 99
Trd, 4319019.393, 95
Trd, 4319020.593, 98
Trd, 4319023.243, 94
Trd, 4319025.143, 84
Trd, 4319025.593, 94
Trd, 4319027.143, 94
Trd, 4319028.443, 93
Trd, 4319029.593, 94
Trd, 4319031.043, 93
Trd, 4319032.293, 94
Trd, 4319033.343, 93
Trd, 4319035.493, 94
Trd, 4319036.743, 94
Trd, 4319037.093, 92
Trd, 4319038.893, 93
Trd, 4319039.743, 95
Trd, 4319040.443, 94
Trd, 4319041.843, 95
Trd, 4319041.943, 95
Trd, 4319043.393, 93
Trd, 4319045.343, 97
Trd, 4319045.493, 93
Trd, 4319046.293, 104
Trd, 4319048.843, 94
Trd, 4319049.093, 97
Trd, 4319050.293, 95
Trd, 4319050.943, 96
Trd, 4319054.243, 95
Trd, 4319055.943, 94
Trd, 4319056.543, 95
Trd, 4319058.843, 94
Trd, 4319059.493, 96
Trd, 4319059.943, 95
Trd, 4319060.443, 94
Trd, 4319062.493, 95
Trd, 4319066.043, 97
Trd, 4319068.643, 97
Trd, 4319069.393, 96
Trd, 4319069.443, 93
Trd, 4319070.593, 92
Trd, 4319073.293, 97
Trd, 4319073.693, 95
Trd, 4319076.443, 94
Trd, 4319077.093, 97
Trd, 4319077.493, 98
Trd, 4319079.293, 93
Trd, 4319080.993, 98
Trd, 4319082.343, 93
Trd, 4319082.693, 97
Trd, 4319083.143, 92
Trd, 4319085.793, 94
Trd, 4319086.493, 104
Trd, 4319087.993, 97
Trd, 4319088.543, 94
Trd, 4319089.643, 98
Trd, 4319090.093, 94
Trd, 4319092.343, 96
Trd, 4319092.943, 95
Trd, 4319093.393, 95
Trd, 4319095.293, 96
Trd, 4319096.993, 96
Trd, 4319098.043, 94
Trd, 4319098.093, 94
Trd, 4319098.443, 95
Trd, 4319098.543, 83
Trd, 4319101.193, 95
Trd, 4319101.343, 94
Trd, 4319103.793, 96
Trd, 4319105.493, 95
Trd, 4319107.993, 95
Trd, 4319108.943, 94
Trd, 4319109.193, 93
Trd, 4319109.443, 92
Trd, 4319110.143, 95
Trd, 4319110.743, 85
Trd, 4319113.143, 95
Trd, 4319113.943, 96
Trd, 4319114.143, 91
Trd, 4319115.843, 91
Trd, 4319117.443, 90
Trd, 4319119.043, 95
Trd, 4319120.243, 95
Trd, 4319120.843, 93
Trd, 4319121.843, 95
Trd, 4319122.443, 93
Trd, 4319126.993, 95
Trd, 4319128.093, 94
Trd, 4319128.793, 95
Trd, 4319129.093, 93
Trd, 4319129.143, 104
Trd, 4319130.393, 100
Trd, 4319131.093, 99
Trd, 4319131.543, 92
Trd, 4319132.843, 90
Trd, 4319134.793, 95
Trd, 4319135.693, 94
Trd, 4319136.143, 95
Trd, 4319136.343, 95
Trd, 4319138.093, 95
Trd, 4319140.293, 104
Trd, 4319140.743, 97
Trd, 4319141.593, 101
Trd, 4319143.093, 122
Trd, 4319143.693, 94
Trd, 4319144.393, 110
Trd, 4319146.593, 105
Trd, 4319146.993, 108
Trd, 4319147.843, 94
Trd, 4319148.993, 108
Trd, 4319151.143, 108
Trd, 4319151.943, 102
Trd, 4319152.043, 100
Trd, 4319155.293, 108
Trd, 4319156.843, 97
Trd, 4319158.593, 99
Trd, 4319158.993, 98
Trd, 4319160.443, 94
Trd, 4319161.193, 101
Trd, 4319163.893, 99
Trd, 4319164.043, 99
Trd, 4319165.193, 97
Trd, 4319165.943, 98
Trd, 4319166.993, 104
Trd, 4319170.793, 101
Trd, 4319171.143, 101
Trd, 4319171.243, 101
Trd, 4319174.293, 99
Trd, 4319174.643, 98
Trd, 4319176.493, 95
Trd, 4319177.343, 96
Trd, 4319177.793, 94
Trd, 4319178.543, 93
Trd, 4319181.093, 96
Trd, 4319181.593, 93
Trd, 4319182.193, 96
Trd, 4319182.893, 116
Trd, 4319185.793, 97
Trd, 4319185.843, 93
Trd, 4319186.843, 93
Trd, 4319188.393, 100
Trd, 4319189.243, 100
Trd, 4319190.993, 97
Trd, 4319191.693, 98
Trd, 4319193.893, 84
Trd, 4319196.393, 96
Trd, 4319198.843, 96
Trd, 4319198.943, 97
Trd, 4319200.393, 97
Trd, 4319200.793, 97
Trd, 4319201.743, 95
Trd, 4319203.743, 97
Trd, 4319204.393, 98
Trd, 4319204.443, 94
Trd, 4319204.493, 94
Trd, 4319205.543, 82
Trd, 4319208.643, 94
Trd, 4319209.093, 93
Trd, 4319209.193, 98
Trd, 4319211.793, 102
Trd, 4319211.893, 104
Trd, 4319212.143, 101
Trd, 4319213.443, 101
Trd, 4319215.043, 101
Trd, 4319215.143, 104
Trd, 4319215.743, 94
Trd, 4319217.293, 120
Trd, 4319217.643, 107
Trd, 4319218.793, 97
Trd, 4319221.543, 101
Trd, 4319222.493, 100
Trd, 4319223.993, 98
Trd, 4319224.543, 100
Trd, 4319225.043, 99
Trd, 4319225.393, 97
Trd, 4319225.993, 105
Trd, 4319228.943, 98
Trd, 4319229.193, 100
Trd, 4319232.793, 99
Trd, 4319232.943, 98
Trd, 4319233.943, 99
Trd, 4319234.943, 97
Trd, 4319235.393, 100
Trd, 4319236.593, 100
Trd, 4319237.343, 104
Trd, 4319238.843, 96
Trd, 4319239.543, 95
Trd, 4319241.843, 98
Trd, 4319245.343, 95
Trd, 4319245.643, 98
Trd, 4319246.243, 94
Trd, 4319246.543, 95
Trd, 4319249.143, 96
Trd, 4319249.393, 97
Trd, 4319250.243, 95
Trd, 4319251.193, 96
Trd, 4319253.593, 95
Trd, 4319255.243, 93
Trd, 4319256.943, 86
Trd, 4319257.043, 88
Trd, 4319257.493, 79
Trd, 4319257.643, 95
Trd, 4319257.743, 77
Trd, 4319258.693, 95
Trd, 4319259.193, 94
Trd, 4319261.443, 104
Trd, 4319261.943, 90
Trd, 4319263.143, 113
Trd, 4319264.043, 121
Trd, 4319264.593, 93
Trd, 4319266.443, 109
Trd, 4319267.443, 103
Trd, 4319267.543, 110
Trd, 4319270.043, 106
Trd, 4319271.243, 108
Trd, 4319272.993, 108
Trd, 4319273.493, 104
Trd, 4319275.743, 108
Trd, 4319276.243, 105
Trd, 4319280.743, 104
Trd, 4319280.843, 108
Trd, 4319281.343, 103
Trd, 4319281.543, 108
Trd, 4319283.493, 108
Trd, 4319285.693, 102
Trd, 4319287.193, 102
Trd, 4319288.493, 103
Trd, 4319289.393, 107
Trd, 4319290.543, 107
Trd, 4319291.893, 103
Trd, 4319293.893, 107
Trd, 4319296.093, 102
Trd, 4319296.293, 107
Trd, 4319296.693, 101
Trd, 4319299.543, 103
Trd, 4319301.193, 102
Trd, 4319301.743, 100
Trd, 4319301.943, 100
Trd, 4319303.443, 94
Trd, 4319303.743, 85
Trd, 4319304.893, 95
Trd, 4319305.093, 92
Trd, 4319306.293, 90
Trd, 4319308.793, 94
Trd, 4319309.243, 92
Trd, 4319309.843, 84
Trd, 4319310.193, 104
Trd, 4319312.143, 104
Trd, 4319312.793, 126
Trd, 4319314.843, 98
Trd, 4319315.593, 101
Trd, 4319316.193, 100
Trd, 4319317.043, 99
Trd, 4319317.443, 97
Trd, 4319318.493, 94
Trd, 4319319.393, 99
Trd, 4319319.743, 96
Trd, 4319322.493, 98
Trd, 4319324.193, 96
Trd, 4319325.393, 98
Trd, 4319326.293, 97
Trd, 4319327.193, 98
Trd, 4319328.493, 80
Trd, 4319329.793, 100
Trd, 4319329.993, 104
Trd, 4319333.143, 96
Trd, 4319333.343, 95
Trd, 4319333.843, 93
Trd, 4319334.043, 81
Trd, 4319334.743, 97
Trd, 4319334.993, 116
Trd, 4319340.743, 99
Trd, 4319340.793, 99
Trd, 4319342.293, 95
Trd, 4319343.843, 99
Trd, 4319343.943, 94
Trd, 4319344.843, 92
Trd, 4319347.743, 96
Trd, 4319348.293, 97
Trd, 4319349.543, 93
Trd, 4319350.143, 94
Trd, 4319350.843, 95
Trd, 4319352.593, 104
Trd, 4319355.443, 99
Trd, 4319355.693, 94
Trd, 4319357.943, 99
Trd, 4319358.643, 98
Trd, 4319359.243, 104
Trd, 4319360.793, 97
Trd, 4319361.343, 95
Trd, 4319363.043, 101
Trd, 4319363.993, 99
Trd, 4319364.493, 101
Trd, 4319365.943, 101
Trd, 4319366.993, 98
Trd, 4319368.793, 100
Trd, 4319369.243, 100
Trd, 4319370.393, 97
Trd, 4319371.493, 97
Trd, 4319373.193, 100
Trd, 4319374.193, 128
Trd, 4319377.543, 106
Trd, 4319377.593, 105
Trd, 4319378.043, 101
Trd, 4319378.293, 94
Trd, 4319379.093, 108
Trd, 4319380.343, 119
Trd, 4319380.543, 100
Trd, 4319381.293, 81
Trd, 4319383.993, 91
Trd, 4319384.693, 90
Trd, 4319385.193, 91
Trd, 4319386.843, 93
Trd, 4319387.043, 104
Trd, 4319390.443, 93
Trd, 4319391.643, 97
Trd, 4319393.093, 97
Trd, 4319393.393, 92
Trd, 4319397.093, 95
Trd, 4319398.643, 92
Trd, 4319398.743, 95
Trd, 4319399.693, 95
Trd, 4319400.293, 104
Trd, 4319402.493, 97
Trd, 4319403.343, 97
Trd, 4319404.593, 98
Trd, 4319405.093, 96
Trd, 4319405.943, 98
Trd, 4319407.643, 98
Trd, 4319407.893, 96
Trd, 4319409.943, 99
Trd, 4319410.043, 96
Trd, 4319410.943, 94
Trd, 4319415.693, 99
Trd, 4319416.143, 99
Trd, 4319417.143, 99
Trd, 4319417.343, 94
Trd, 4319417.743, 93
Trd, 4319422.443, 97
Trd, 4319423.993, 96
Trd, 4319424.293, 99
Trd, 4319425.993, 98
Trd, 4319426.693, 97
Trd, 4319426.943, 98
Trd, 4319428.943, 95
Trd, 4319429.793, 94
Trd, 4319430.993, 94
Trd, 4319432.543, 98
Trd, 4319433.243, 98
Trd, 4319435.043, 94
Trd, 4319435.893, 98
Trd, 4319436.243, 93
Trd, 4319437.793, 98
Trd, 4319440.093, 98
Trd, 4319440.643, 97
Trd, 4319440.743, 99
Trd, 4319444.143, 98
Trd, 4319444.843, 96
Trd, 4319445.543, 84
Trd, 4319447.793, 93
Trd, 4319449.143, 95
Trd, 4319450.593, 94
Trd, 4319450.743, 95
Trd, 4319450.943, 93
Trd, 4319451.243, 104
Trd, 4319453.043, 122
Trd, 4319454.393, 82
Trd, 4319455.993, 100
Trd, 4319457.043, 104
Trd, 4319458.243, 104
Trd, 4319459.293, 103
Trd, 4319459.943, 102
Trd, 4319461.143, 93
Trd, 4319461.843, 102
Trd, 4319462.293, 97
Trd, 4319463.193, 102
Trd, 4319465.093, 99
Trd, 4319465.593, 101
Trd, 4319466.593, 104
Trd, 4319467.343, 103
Trd, 4319468.893, 103
Trd, 4319469.543, 79
Trd, 4319470.393, 89
Trd, 4319471.143, 77
Trd, 4319471.343, 78
Trd, 4319473.843, 88
Trd, 4319474.243, 89
Trd, 4319475.193, 95
Trd, 4319477.343, 89
Trd, 4319478.143, 89
Trd, 4319479.843, 87
Trd, 4319480.493, 87
Trd, 4319480.643, 95
Trd, 4319482.043, 104
Trd, 4319483.143, 102
Trd, 4319484.593, 97
Trd, 4319484.793, 96
Trd, 4319485.093, 91
Trd, 4319487.443, 94
Trd, 4319488.493, 95
Trd, 4319489.193, 104
Trd, 4319489.693, 94
Trd, 4319493.193, 97
Trd, 4319494.493, 93
Trd, 4319495.143, 92
Trd, 4319495.443, 96
Trd, 4319496.593, 92
Trd, 4319497.493, 93
Trd, 4319497.943, 93
Trd, 4319500.343, 93
Trd, 4319500.693, 94
Trd, 4319502.893, 92
Trd, 4319502.993, 92
Trd, 4319503.993, 94
Trd, 4319506.643, 91
Trd, 4319509.143, 94
Trd, 4319509.393, 95
Trd, 4319509.643, 93
Trd, 4319514.093, 91
Trd, 4319514.793, 95
Trd, 4319514.843, 104
Trd, 4319516.093, 94
Trd, 4319516.693, 95
Trd, 4319519.243, 98
Trd, 4319520.193, 104
Trd, 4319521.543, 97
Trd, 4319521.793, 100
Trd, 4319523.443, 99
Trd, 4319524.293, 99
Trd, 4319525.743, 100
Trd, 4319527.593, 98
Trd, 4319529.193, 100
Trd, 4319529.793, 103
Trd, 4319530.343, 103
Trd, 4319531.543, 102
Trd, 4319531.843, 103
Trd, 4319532.593, 94
Trd, 4319533.443, 103
Trd, 4319535.743, 98
Trd, 4319536.543, 96
Trd, 4319536.943, 100
Trd, 4319537.993, 104
Trd, 4319541.093, 98
Trd, 4319542.143, 97
Trd, 4319543.643, 97
Trd, 4319544.693, 98
Trd, 4319545.643, 95
Trd, 4319547.043, 94
Trd, 4319548.793, 94
Trd, 4319549.043, 95
Trd, 4319549.893, 104
Trd, 4319550.943, 94
Trd, 4319551.343, 100
Trd, 4319552.743, 115
Trd, 4319554.243, 104
Trd, 4319554.843, 102
Trd, 4319557.843, 102
Trd, 4319558.393, 97
Trd, 4319559.043, 98
Trd, 4319560.243, 97
Trd, 4319561.293, 104
Trd, 4319561.743, 94
Trd, 4319562.593, 104
Trd, 4319564.193, 102
Trd, 4319565.793, 97
Trd, 4319567.293, 99
Trd, 4319570.543, 98
Trd, 4319570.693, 94
Trd, 4319570.893, 101
Trd, 4319571.043, 101
Trd, 4319573.093, 96
Trd, 4319574.893, 96
Trd, 4319575.093, 97
Trd, 4319576.493, 98
Trd, 4319576.693, 97
Trd, 4319577.343, 94
Trd, 4319578.143, 104
Trd, 4319580.693, 102
Trd, 4319582.443, 99
Trd, 4319584.243, 101
Trd, 4319585.843, 98
Trd, 4319587.393, 98
Trd, 4319587.993, 97
Trd, 4319588.743, 98
Trd, 4319590.093, 117
Trd, 4319591.043, 95
Trd, 4319593.143, 95
Trd, 4319594.043, 101
Trd, 4319594.693, 101
Trd, 4319595.543, 104
Trd, 4319596.343, 94
Trd, 4319596.793, 94
Trd, 4319598.293, 102
Trd, 4319598.343, 93
Trd, 4319602.843, 98
Trd, 4319603.343, 99
Trd, 4319606.343, 97
Trd, 4319606.493, 94
Trd, 4319606.793, 98
Trd, 4319607.443, 98
Trd, 4319608.843, 104
Trd, 4319609.693, 101
Trd, 4319610.543, 100
Trd, 4319611.393, 97
Trd, 4319612.843, 102
Trd, 4319614.543, 94
Trd, 4319615.293, 86
Trd, 4319615.943, 102
Trd, 4319619.993, 98
Trd, 4319620.143, 99
Trd, 4319621.443, 94
Trd, 4319622.143, 93
Trd, 4319624.593, 92
Trd, 4319626.993, 94
Trd, 4319628.893, 95
Trd, 4319629.293, 95
Trd, 4319630.643, 94
Trd, 4319631.543, 96
Trd, 4319632.243, 93
Trd, 4319633.443, 92
Trd, 4319634.593, 96
Trd, 4319635.893, 91
Trd, 4319639.443, 94
Trd, 4319640.843, 93
Trd, 4319640.943, 92
Trd, 4319642.293, 94
Trd, 4319642.693, 95
Trd, 4319642.843, 96
Trd, 4319644.143, 96
Trd, 4319644.943, 97
Trd, 4319646.443, 104
Trd, 4319648.693, 98
Trd, 4319649.293, 99
Trd, 4319650.643, 98
Trd, 4319654.093, 100
Trd, 4319654.593, 100
Trd, 4319655.443, 99
Trd, 4319656.343, 99
Trd, 4319656.543, 104
Trd, 4319657.543, 101
Trd, 4319657.943, 102
Trd, 4319658.393, 115
Trd, 4319658.793, 85
Trd, 4319660.043, 93
Trd, 4319661.993, 104
Trd, 4319663.543, 98
Trd, 4319664.143, 102
Trd, 4319665.293, 102
Trd, 4319666.543, 102
Trd, 4319667.443, 100
Trd, 4319670.843, 101
Trd, 4319672.043, 99
Trd, 4319673.143, 102
Trd, 4319673.793, 98
Trd, 4319674.343, 102
Trd, 4319675.393, 103
Trd, 4319676.743, 98
Trd, 4319678.843, 97
Trd, 4319679.593, 102
Trd, 4319681.193, 102
Trd, 4319682.043, 97
Trd, 4319682.793, 96
Trd, 4319684.543, 101
Trd, 4319685.143, 101
Trd, 4319686.293, 99
Trd, 4319687.893, 98
Trd, 4319689.093, 98
Trd, 4319690.093, 95
Trd, 4319690.643, 97
Trd, 4319692.143, 95
Trd, 4319692.893, 96
Trd, 4319694.043, 94
Trd, 4319695.193, 97
Trd, 4319696.543, 96
Trd, 4319697.643, 93
Trd, 4319699.393, 95
Trd, 4319700.893, 93
Trd, 4319701.193, 92
Trd, 4319703.193, 95
Trd, 4319703.943, 95
Trd, 4319705.493, 91
Trd, 4319706.543, 96
Trd, 4319709.193, 90
Trd, 4319710.093, 96
Trd, 4319711.943, 97
Trd, 4319712.393, 97
Trd, 4319712.993, 99
Trd, 4319713.343, 83
Trd, 4319714.243, 98
Trd, 4319714.343, 96
Trd, 4319715.643, 104
Trd, 4319716.693, 121
Trd, 4319719.043, 97
Trd, 4319719.393, 98
Trd, 4319720.943, 98
Trd, 4319721.393, 97
Trd, 4319722.943, 94
Trd, 4319724.193, 99
Trd, 4319724.993, 105
Trd, 4319725.993, 103
Trd, 4319728.193, 97
Trd, 4319728.593, 100
Trd, 4319731.543, 97
Trd, 4319731.743, 95
Trd, 4319732.993, 100
Trd, 4319734.693, 100
Trd, 4319735.593, 95
Trd, 4319735.993, 98
Trd, 4319737.893, 99
Trd, 4319738.643, 97
Trd, 4319739.043, 81
Trd, 4319741.493, 99
Trd, 4319744.143, 93
Trd, 4319744.493, 92
Trd, 4319744.743, 98
Trd, 4319747.793, 95
Trd, 4319749.343, 92
Trd, 4319750.243, 96
Trd, 4319751.543, 94
Trd, 4319751.893, 93
Trd, 4319753.693, 94
Trd, 4319754.343, 92
Trd, 4319754.743, 94
Trd, 4319757.543, 96
Trd, 4319757.993, 95
Trd, 4319758.343, 92
Trd, 4319760.793, 95
Trd, 4319762.593, 93
Trd, 4319765.293, 96
Trd, 4319765.443, 96
Trd, 4319765.643, 96
Trd, 4319766.543, 92
Trd, 4319767.493, 92
Trd, 4319767.893, 94
Trd, 4319768.143, 85
Trd, 4319771.293, 93
Trd, 4319771.493, 94
Trd, 4319771.643, 92
Trd, 4319774.243, 96
Trd, 4319774.643, 94
Trd, 4319775.393, 95
Trd, 4319777.693, 95
Trd, 4319778.643, 94
Trd, 4319781.893, 96
Trd, 4319781.993, 93
Trd, 4319783.193, 95
Trd, 4319783.643, 97
Trd, 4319785.643, 97
Trd, 4319786.743, 94
Trd, 4319789.393, 95
Trd, 4319790.943, 96
Trd, 4319791.393, 95
Trd, 4319791.443, 96
Trd, 4319792.093, 97
Trd, 4319792.643, 94
Trd, 4319794.393, 93
Trd, 4319795.243, 95
Trd, 4319798.243, 95
Trd, 4319798.493, 94
Trd, 4319800.043, 94
Trd, 4319803.043, 93
Trd, 4319803.543, 83
Trd, 4319806.643, 94
Trd, 4319807.493, 94
Trd, 4319808.843, 95
Trd, 4319809.543, 104
Trd, 4319810.343, 94
Trd, 4319811.893, 97
Trd, 4319812.343, 98
Trd, 4319812.643, 95
Trd, 4319812.793, 94
Trd, 4319812.993, 98
Trd, 4319816.193, 98
Trd, 4319816.893, 98
Trd, 4319817.893, 96
Trd, 4319819.293, 97
Trd, 4319819.893, 94
Trd, 4319820.343, 97
Trd, 4319822.793, 98
Trd, 4319823.743, 97
Trd, 4319823.793, 104
Trd, 4319826.193, 97
Trd, 4319829.993, 101
Trd, 4319830.893, 100
Trd, 4319832.093, 101
Trd, 4319833.343, 98
Trd, 4319834.993, 99
Trd, 4319835.993, 100
Trd, 4319838.543, 99
Trd, 4319838.943, 100
Trd, 4319841.293, 98
Trd, 4319841.743, 97
Trd, 4319842.193, 99
Trd, 4319842.593, 99
Trd, 4319843.743, 100
Trd, 4319844.343, 94
Trd, 4319845.693, 101
Trd, 4319846.043, 95
Trd, 4319847.493, 93
Trd, 4319848.843, 98
Trd, 4319849.093, 95
Trd, 4319852.293, 97
Trd, 4319852.543, 104
Trd, 4319853.893, 95
Trd, 4319854.643, 99
Trd, 4319855.993, 96
Trd, 4319856.193, 113
Trd, 4319856.793, 97
Trd, 4319859.143, 103
Trd, 4319859.943, 96
Trd, 4319862.693, 98
Trd, 4319863.193, 103
Trd, 4319865.693, 103
Trd, 4319865.843, 98
Trd, 4319866.743, 94
Trd, 4319868.743, 94
Trd, 4319868.893, 83
Trd, 4319869.393, 94
Trd, 4319869.693, 100
Trd, 4319873.543, 96
Trd, 4319876.493, 96
Trd, 4319877.093, 95
Trd, 4319877.993, 97
Trd, 4319878.343, 97
Trd, 4319880.643, 95
Trd, 4319880.743, 104
Trd, 4319882.093, 101
Trd, 4319882.443, 94
Trd, 4319885.093, 93
Trd, 4319885.243, 93
Trd, 4319887.243, 96
Trd, 4319888.193, 95
Trd, 4319888.593, 95
Trd, 4319889.743, 95
Trd, 4319890.693, 95
Trd, 4319892.543, 94
Trd, 4319892.793, 95
Trd, 4319893.593, 92
Trd, 4319895.493, 96
Trd, 4319895.743, 91
Trd, 4319896.643, 85
Trd, 4319898.343, 95
Trd, 4319900.043, 92
Trd, 4319900.993, 89
Trd, 4319901.193, 88
Trd, 4319904.343, 91
Trd, 4319904.893, 91
Trd, 4319905.043, 95
Trd, 4319905.293, 88
Trd, 4319907.043, 88
Trd, 4319907.993, 93
Trd, 4319909.743, 93
Trd, 4319911.243, 96
Trd, 4319914.193, 91
Trd, 4319914.443, 94
Trd, 4319915.343, 92
Trd, 4319916.093, 92
Trd, 4319916.493, 95
Trd, 4319919.043, 95
Trd, 4319919.943, 95
Trd, 4319920.143, 95
Trd, 4319920.393, 85
Trd, 4319922.293, 104
Trd, 4319923.993, 103
Trd, 4319924.743, 122
Trd, 4319925.093, 112
Trd, 4319925.993, 108
Trd, 4319926.643, 103
Trd, 4319927.443, 95
Trd, 4319928.193, 94
Trd, 4319930.543, 104
Trd, 4319931.693, 84
Trd, 4319932.843, 95
Trd, 4319937.243, 99
Trd, 4319937.293, 96
Trd, 4319939.243, 96
Trd, 4319939.993, 99
Trd, 4319941.793, 99
Trd, 4319942.443, 94
Trd, 4319942.893, 93
Trd, 4319945.343, 95
Trd, 4319946.543, 95
Trd, 4319947.643, 96
Trd, 4319948.843, 96
Trd, 4319949.143, 104
Trd, 4319949.893, 101
Trd, 4319949.943, 97
Trd, 4319952.343, 94
Trd, 4319952.843, 102
Trd, 4319953.143, 115
Trd, 4319953.543, 85
Trd, 4319957.693, 96
Trd, 4319957.993, 95
Trd, 4319959.493, 94
Trd, 4319959.993, 96
Trd, 4319961.693, 96
Trd, 4319964.043, 95
Trd, 4319964.493, 94
Trd, 4319964.543, 95
Trd, 4319966.043, 93
Trd, 4319966.243, 84
Trd, 4319967.393, 95
Trd, 4319968.243, 94
Trd, 4319968.593, 104
Trd, 4319969.843, 92
Trd, 4319970.993, 96
Trd, 4319971.993, 91
Trd, 4319972.243, 95
Trd, 4319976.093, 95
Trd, 4319976.193, 94
Trd, 4319976.943, 94
Trd, 4319978.493, 92
Trd, 4319978.593, 95
Trd, 4319980.993, 91
Trd, 4319982.443, 95
Trd, 4319982.693, 91
Trd, 4319984.543, 104
Trd, 4319988.743, 99
Trd, 4319988.843, 97
Trd, 4319990.343, 95
Trd, 4319990.393, 95
Trd, 4319990.593, 97
Trd, 4319993.243, 97
Trd, 4319995.193, 96
Trd, 4319995.393, 97
Trd, 4319995.643, 94
Trd, 4319996.593, 93
Trd, 4319997.193, 98
Trd, 4319999.293, 92
