Trd, 4317890.943, 100
Trd, 4317893.543, 95
Trd, 4317894.143, 97
Trd, 4317894.193, 95
Trd, 4317896.893, 98
Trd, 4317897.893, 97
Trd, 4317899.943, 96
Trd, 4317900.643, 95
Trd, 4317904.743, 98
Trd, 4317905.593, 94
Trd, 4317907.493, 93
Trd, 4317907.543, 93
Trd, 4317908.393, 91
Trd, 4317909.793, 96
Trd, 4317911.943, 92
Trd, 4317913.643, 94
Trd, 4317915.493, 93
Trd, 4317915.943, 92
Trd, 4317916.993, 93
Trd, 4317917.093, 104
Trd, 4317919.493, 94
Trd, 4317920.993, 95
Trd, 4317923.243, 94
Trd, 4317924.193, 95
Trd, 4317925.593, 93
Trd, 4317926.093, 95
Trd, 4317927.793, 95
Trd, 4317927.893, 94
Trd, 4317929.593, 95
Trd, 4317933.043, 94
Trd, 4317933.493, 93
Trd, 4317934.693, 89
Trd, 4317935.943, 92
Trd, 4317937.243, 99
Trd, 4317937.293, 95
Trd, 4317937.943, 94
Trd, 4317939.193, 95
Trd, 4317941.843, 94
Trd, 4317943.843, 104
Trd, 4317944.593, 93
Trd, 4317946.093, 93
Trd, 4317947.393, 93
Trd, 4317949.393, 94
Trd, 4317949.893, 95
Trd, 4317951.293, 92
Trd, 4317951.443, 92
Trd, 4317953.543, 95
Trd, 4317954.843, 98
Trd, 4317955.293, 98
Trd, 4317957.293, 98
Trd, 4317959.393, 98
Trd, 4317959.493, 98
Trd, 4317960.143, 94
Trd, 4317960.943, 99
Trd, 4317961.493, 87
Trd, 4317964.043, 99
Trd, 4317964.193, 93
Trd, 4317966.493, 93
Trd, 4317967.093, 93
Trd, 4317967.493, 92
Trd, 4317968.893, 95
Trd, 4317971.743, 95
Trd, 4317972.443, 93
Trd, 4317973.193, 95
Trd, 4317973.393, 92
Trd, 4317976.293, 97
Trd, 4317976.593, 94
Trd, 4317977.893, 93
Trd, 4317981.443, 94
Trd, 4317981.643, 95
Trd, 4317982.493, 96
Trd, 4317983.193, 94
Trd, 4317984.593, 93
Trd, 4317984.893, 96
Trd, 4317985.793, 96
Trd, 4317987.043, 93
Trd, 4317989.743, 96
Trd, 4317990.143, 94
Trd, 4317991.043, 95
Trd, 4317992.493, 94
Trd, 4317993.343, 93
Trd, 4317995.443, 95
Trd, 4317995.543, 96
Trd, 4317996.343, 94
Trd, 4317997.693, 99
Trd, 4317999.543, 94
Trd, 4318000.043, 94
Trd, 4318001.043, 94
Trd, 4318002.793, 93
Trd, 4318003.443, 95
Trd, 4318006.293, 93
Trd, 4318006.743, 94
Trd, 4318008.543, 95
Trd, 4318009.493, 93
Trd, 4318010.643, 93
Trd, 4318012.543, 98
Trd, 4318014.143, 100
Trd, 4318015.393, 101
Trd, 4318015.643, 102
Trd, 4318015.693, 104
Trd, 4318016.593, 98
Trd, 4318017.043, 94
Trd, 4318019.293, 96
Trd, 4318020.493, 99
Trd, 4318020.793, 97
Trd, 4318022.243, 102
Trd, 4318022.543, 98
Trd, 4318025.093, 97
Trd, 4318026.043, 103
Trd, 4318026.743, 96
Trd, 4318027.243, 91
Trd, 4318029.443, 95
Trd, 4318031.143, 94
Trd, 4318031.293, 93
Trd, 4318031.543, 95
Trd, 4318032.993, 93
Trd, 4318034.493, 94
Trd, 4318035.743, 94
Trd, 4318036.643, 98
Trd, 4318038.543, 95
Trd, 4318038.693, 94
Trd, 4318040.543, 96
Trd, 4318041.393, 105
Trd, 4318042.243, 95
Trd, 4318043.793, 93
Trd, 4318044.793, 94
Trd, 4318045.543, 113
Trd, 4318045.593, 96
Trd, 4318048.043, 101
Trd, 4318048.843, 100
Trd, 4318050.643, 99
Trd, 4318051.043, 98
Trd, 4318052.593, 100
Trd, 4318052.793, 99
Trd, 4318053.993, 102
Trd, 4318055.243, 91
Trd, 4318056.393, 95
Trd, 4318058.843, 93
Trd, 4318060.293, 92
Trd, 4318061.143, 104
Trd, 4318062.493, 93
Trd, 4318063.443, 92
Trd, 4318065.743, 93
Trd, 4318065.843, 92
Trd, 4318067.243, 92
Trd, 4318068.493, 95
Trd, 4318071.993, 94
Trd, 4318072.993, 93
Trd, 4318073.343, 93
Trd, 4318073.393, 92
Trd, 4318074.643, 82
Trd, 4318075.393, 82
Trd, 4318076.393, 88
Trd, 4318077.893, 87
Trd, 4318078.943, 87
Trd, 4318081.393, 97
Trd, 4318081.493, 96
Trd, 4318081.593, 104
Trd, 4318081.893, 94
Trd, 4318082.193, 90
Trd, 4318086.293, 92
Trd, 4318086.393, 96
Trd, 4318087.843, 93
Trd, 4318088.593, 92
Trd, 4318090.393, 93
Trd, 4318090.693, 90
Trd, 4318091.593, 91
Trd, 4318093.443, 92
Trd, 4318093.693, 94
Trd, 4318094.443, 104
Trd, 4318096.693, 93
Trd, 4318098.443, 93
Trd, 4318099.893, 94
Trd, 4318100.543, 92
Trd, 4318103.543, 93
Trd, 4318105.293, 94
Trd, 4318106.993, 93
Trd, 4318107.043, 95
Trd, 4318107.743, 94
Trd, 4318110.093, 94
Trd, 4318112.543, 94
Trd, 4318112.993, 94
Trd, 4318114.243, 110
Trd, 4318117.893, 101
Trd, 4318118.293, 100
Trd, 4318118.593, 99
Trd, 4318118.793, 103
Trd, 4318120.243, 98
Trd, 4318121.693, 98
Trd, 4318123.343, 99
Trd, 4318123.693, 97
Trd, 4318125.243, 97
Trd, 4318125.343, 100
Trd, 4318127.643, 99
Trd, 4318129.743, 98
Trd, 4318130.243, 104
Trd, 4318132.493, 98
Trd, 4318132.643, 96
Trd, 4318133.493, 97
Trd, 4318134.693, 96
Trd, 4318135.643, 94
Trd, 4318137.693, 90
Trd, 4318139.143, 95
Trd, 4318140.893, 94
Trd, 4318141.093, 93
Trd, 4318143.793, 97
Trd, 4318143.993, 95
Trd, 4318144.893, 93
Trd, 4318145.043, 92
Trd, 4318147.443, 92
Trd, 4318149.693, 96
Trd, 4318150.843, 94
Trd, 4318151.843, 96
Trd, 4318151.993, 93
Trd, 4318152.193, 92
Trd, 4318153.643, 90
Trd, 4318156.443, 94
Trd, 4318157.693, 95
Trd, 4318157.993, 95
Trd, 4318158.893, 93
Trd, 4318159.093, 92
Trd, 4318160.493, 92
Trd, 4318161.993, 91
Trd, 4318165.493, 95
Trd, 4318166.393, 92
Trd, 4318169.093, 98
Trd, 4318169.143, 97
Trd, 4318170.043, 96
Trd, 4318171.243, 95
Trd, 4318172.343, 95
Trd, 4318173.043, 95
Trd, 4318173.693, 98
Trd, 4318175.343, 98
Trd, 4318175.893, 96
Trd, 4318176.893, 96
Trd, 4318178.093, 94
Trd, 4318180.643, 97
Trd, 4318181.443, 96
Trd, 4318181.743, 96
Trd, 4318182.593, 95
Trd, 4318182.693, 101
Trd, 4318185.343, 95
Trd, 4318186.743, 94
Trd, 4318189.093, 96
Trd, 4318190.193, 95
Trd, 4318191.843, 94
Trd, 4318192.993, 97
Trd, 4318193.493, 95
Trd, 4318194.193, 97
Trd, 4318194.593, 96
Trd, 4318196.293, 104
Trd, 4318197.143, 100
Trd, 4318198.293, 97
Trd, 4318200.193, 99
Trd, 4318200.393, 98
Trd, 4318201.143, 97
Trd, 4318201.543, 93
Trd, 4318202.193, 95
Trd, 4318203.043, 94
Trd, 4318205.493, 94
Trd, 4318205.743, 93
Trd, 4318207.293, 92
Trd, 4318208.243, 62
Trd, 4318208.693, 80
Trd, 4318209.243, 71
Trd, 4318211.143, 88
Trd, 4318211.393, 88
Trd, 4318215.593, 95
Trd, 4318216.193, 91
Trd, 4318216.493, 91
Trd, 4318217.643, 94
Trd, 4318219.393, 94
Trd, 4318220.643, 95
Trd, 4318220.893, 93
Trd, 4318221.593, 93
Trd, 4318222.793, 94
Trd, 4318224.043, 104
Trd, 4318225.943, 100
Trd, 4318226.793, 99
Trd, 4318228.293, 116
Trd, 4318228.993, 105
Trd, 4318230.993, 109
Trd, 4318231.343, 115
Trd, 4318232.393, 108
Trd, 4318234.193, 95
Trd, 4318234.843, 94
Trd, 4318235.593, 97
Trd, 4318236.343, 99
Trd, 4318239.643, 101
Trd, 4318240.293, 102
Trd, 4318242.743, 105
Trd, 4318242.893, 103
Trd, 4318244.193, 103
Trd, 4318245.093, 102
Trd, 4318246.493, 101
Trd, 4318248.393, 103
Trd, 4318250.493, 100
Trd, 4318250.993, 100
Trd, 4318252.293, 94
Trd, 4318253.393, 101
Trd, 4318254.543, 101
Trd, 4318255.093, 99
Trd, 4318255.843, 98
Trd, 4318257.393, 99
Trd, 4318257.593, 97
Trd, 4318258.193, 97
Trd, 4318258.293, 94
Trd, 4318260.193, 97
Trd, 4318261.143, 95
Trd, 4318262.293, 94
Trd, 4318265.443, 96
Trd, 4318267.943, 96
Trd, 4318268.993, 95
Trd, 4318269.693, 95
Trd, 4318271.343, 104
Trd, 4318271.543, 94
Trd, 4318273.743, 94
Trd, 4318274.443, 97
Trd, 4318276.643, 96
Trd, 4318278.093, 94
Trd, 4318279.193, 94
Trd, 4318281.043, 96
Trd, 4318281.793, 94
Trd, 4318282.893, 98
Trd, 4318284.443, 99
Trd, 4318285.943, 99
Trd, 4318286.743, 96
Trd, 4318286.793, 93
Trd, 4318287.043, 104
Trd, 4318289.293, 95
Trd, 4318289.893, 96
Trd, 4318291.143, 95
Trd, 4318292.643, 94
Trd, 4318293.743, 93
Trd, 4318294.493, 96
Trd, 4318297.493, 102
Trd, 4318297.543, 100
Trd, 4318300.843, 103
Trd, 4318300.893, 101
Trd, 4318301.243, 100
Trd, 4318301.343, 99
Trd, 4318302.593, 104
Trd, 4318303.143, 97
Trd, 4318303.343, 92
Trd, 4318306.893, 104
Trd, 4318307.293, 101
Trd, 4318310.693, 113
Trd, 4318310.893, 103
Trd, 4318311.243, 105
Trd, 4318311.643, 107
Trd, 4318312.493, 103
Trd, 4318314.393, 76
Trd, 4318315.243, 107
Trd, 4318316.243, 94
Trd, 4318316.893, 93
Trd, 4318317.043, 95
Trd, 4318319.043, 97
Trd, 4318320.893, 97
Trd, 4318320.943, 95
Trd, 4318321.743, 104
Trd, 4318323.793, 88
Trd, 4318324.693, 107
Trd, 4318326.393, 95
Trd, 4318326.893, 90
Trd, 4318329.243, 93
Trd, 4318329.293, 95
Trd, 4318330.743, 92
Trd, 4318332.193, 93
Trd, 4318335.793, 93
Trd, 4318336.243, 92
Trd, 4318337.493, 95
Trd, 4318338.293, 93
Trd, 4318341.093, 92
Trd, 4318341.293, 93
Trd, 4318345.093, 93
Trd, 4318345.493, 92
Trd, 4318345.893, 93
Trd, 4318347.743, 92
Trd, 4318350.193, 92
Trd, 4318352.193, 91
Trd, 4318355.343, 94
Trd, 4318355.743, 94
Trd, 4318356.393, 95
Trd, 4318356.843, 93
Trd, 4318361.043, 92
Trd, 4318361.693, 92
Trd, 4318362.243, 102
Trd, 4318365.393, 104
Trd, 4318366.093, 95
Trd, 4318366.543, 94
Trd, 4318367.193, 87
Trd, 4318367.843, 95
Trd, 4318370.343, 91
Trd, 4318372.743, 91
Trd, 4318374.393, 90
Trd, 4318374.743, 89
Trd, 4318375.193, 89
Trd, 4318377.143, 95
Trd, 4318377.393, 96
Trd, 4318380.193, 101
Trd, 4318381.193, 100
Trd, 4318381.993, 100
Trd, 4318382.743, 114
Trd, 4318383.343, 99
Trd, 4318383.943, 98
Trd, 4318386.143, 96
Trd, 4318388.643, 99
Trd, 4318389.043, 97
Trd, 4318390.093, 98
Trd, 4318390.343, 104
Trd, 4318390.843, 95
Trd, 4318394.193, 95
Trd, 4318394.843, 95
Trd, 4318395.293, 94
Trd, 4318396.093, 93
Trd, 4318396.293, 95
Trd, 4318398.043, 83
Trd, 4318403.343, 91
Trd, 4318403.643, 91
Trd, 4318405.943, 89
Trd, 4318406.243, 90
Trd, 4318407.193, 96
Trd, 4318408.793, 90
Trd, 4318408.843, 93
Trd, 4318411.543, 97
Trd, 4318412.143, 96
Trd, 4318412.543, 93
Trd, 4318413.093, 96
Trd, 4318414.443, 98
Trd, 4318414.693, 95
Trd, 4318415.993, 93
Trd, 4318417.243, 104
Trd, 4318419.243, 96
Trd, 4318419.943, 94
Trd, 4318420.743, 99
Trd, 4318421.693, 94
Trd, 4318422.993, 103
Trd, 4318423.343, 94
Trd, 4318425.093, 99
Trd, 4318425.543, 97
Trd, 4318428.193, 100
Trd, 4318429.193, 96
Trd, 4318430.343, 96
Trd, 4318431.793, 98
Trd, 4318432.693, 98
Trd, 4318432.793, 97
Trd, 4318433.243, 98
Trd, 4318435.943, 98
Trd, 4318436.193, 98
Trd, 4318436.843, 100
Trd, 4318437.993, 99
Trd, 4318440.293, 98
Trd, 4318441.293, 99
Trd, 4318442.893, 95
Trd, 4318443.493, 95
Trd, 4318444.243, 94
Trd, 4318445.343, 95
Trd, 4318445.543, 76
Trd, 4318448.293, 91
Trd, 4318450.143, 93
Trd, 4318450.443, 95
Trd, 4318452.343, 92
Trd, 4318452.543, 91
Trd, 4318455.593, 92
Trd, 4318457.193, 95
Trd, 4318458.093, 91
Trd, 4318459.243, 92
Trd, 4318459.343, 91
Trd, 4318459.543, 95
Trd, 4318461.493, 91
Trd, 4318462.043, 92
Trd, 4318466.143, 93
Trd, 4318466.193, 94
Trd, 4318467.743, 96
Trd, 4318469.893, 95
Trd, 4318470.993, 94
Trd, 4318474.343, 94
Trd, 4318474.543, 94
Trd, 4318475.943, 97
Trd, 4318476.493, 97
Trd, 4318476.593, 95
Trd, 4318479.393, 98
Trd, 4318479.943, 97
Trd, 4318480.943, 97
Trd, 4318484.293, 97
Trd, 4318485.643, 98
Trd, 4318486.993, 96
Trd, 4318487.043, 96
Trd, 4318488.193, 94
Trd, 4318488.243, 93
Trd, 4318488.893, 99
Trd, 4318490.393, 96
Trd, 4318490.643, 95
Trd, 4318491.543, 94
Trd, 4318492.893, 100
Trd, 4318497.293, 95
Trd, 4318497.443, 95
Trd, 4318499.743, 95
Trd, 4318501.043, 95
Trd, 4318501.393, 104
Trd, 4318502.993, 94
Trd, 4318503.643, 95
Trd, 4318503.843, 101
Trd, 4318506.343, 94
Trd, 4318507.293, 94
Trd, 4318507.443, 98
Trd, 4318507.643, 94
Trd, 4318508.743, 93
Trd, 4318512.793, 95
Trd, 4318513.193, 95
Trd, 4318514.043, 104
Trd, 4318515.743, 94
Trd, 4318518.993, 94
Trd, 4318519.543, 94
Trd, 4318520.743, 94
Trd, 4318522.993, 93
Trd, 4318523.093, 101
Trd, 4318525.293, 96
Trd, 4318525.993, 97
Trd, 4318527.193, 94
Trd, 4318528.843, 93
Trd, 4318529.343, 93
Trd, 4318530.593, 96
Trd, 4318532.093, 97
Trd, 4318533.943, 96
Trd, 4318535.343, 95
Trd, 4318535.643, 97
Trd, 4318537.593, 98
Trd, 4318539.443, 98
Trd, 4318540.943, 97
Trd, 4318541.143, 96
Trd, 4318543.293, 98
Trd, 4318543.693, 96
Trd, 4318543.943, 96
Trd, 4318544.143, 104
Trd, 4318546.443, 89
Trd, 4318546.843, 89
Trd, 4318548.493, 93
Trd, 4318548.793, 81
Trd, 4318549.443, 104
Trd, 4318550.243, 86
Trd, 4318552.693, 93
Trd, 4318553.093, 92
Trd, 4318555.443, 96
Trd, 4318556.093, 104
Trd, 4318556.193, 118
Trd, 4318556.993, 99
Trd, 4318558.443, 100
Trd, 4318558.743, 99
Trd, 4318561.043, 102
Trd, 4318562.393, 98
Trd, 4318563.293, 96
Trd, 4318564.343, 97
Trd, 4318566.143, 96
Trd, 4318566.643, 95
Trd, 4318567.793, 96
Trd, 4318569.543, 97
Trd, 4318571.643, 98
Trd, 4318573.543, 99
Trd, 4318574.243, 96
Trd, 4318574.993, 100
Trd, 4318575.243, 96
Trd, 4318577.693, 96
Trd, 4318577.843, 95
Trd, 4318578.643, 95
Trd, 4318579.493, 94
Trd, 4318579.943, 93
Trd, 4318581.643, 96
Trd, 4318583.693, 104
Trd, 4318584.893, 95
Trd, 4318586.693, 94
Trd, 4318589.043, 94
Trd, 4318591.193, 94
Trd, 4318591.593, 93
Trd, 4318592.043, 90
Trd, 4318593.243, 95
Trd, 4318594.443, 96
Trd, 4318595.593, 95
Trd, 4318597.543, 96
Trd, 4318599.043, 103
Trd, 4318600.093, 101
Trd, 4318602.743, 101
Trd, 4318604.293, 101
Trd, 4318605.343, 104
Trd, 4318606.193, 103
Trd, 4318606.243, 100
Trd, 4318608.243, 101
Trd, 4318611.143, 102
Trd, 4318611.393, 101
Trd, 4318612.293, 104
Trd, 4318613.343, 103
Trd, 4318613.493, 101
Trd, 4318614.543, 102
Trd, 4318615.493, 103
Trd, 4318616.993, 103
Trd, 4318617.643, 101
Trd, 4318617.693, 99
Trd, 4318619.993, 101
Trd, 4318620.443, 119
Trd, 4318623.443, 99
Trd, 4318623.643, 99
Trd, 4318625.243, 107
Trd, 4318625.643, 98
Trd, 4318625.743, 97
Trd, 4318626.643, 99
Trd, 4318627.593, 94
Trd, 4318629.443, 97
Trd, 4318629.693, 96
Trd, 4318631.543, 97
Trd, 4318633.743, 99
Trd, 4318635.893, 98
Trd, 4318638.093, 96
Trd, 4318638.193, 101
Trd, 4318638.843, 95
Trd, 4318639.693, 99
Trd, 4318641.393, 98
Trd, 4318642.543, 98
Trd, 4318644.743, 97
Trd, 4318645.343, 101
Trd, 4318648.493, 97
Trd, 4318648.943, 97
Trd, 4318649.043, 96
Trd, 4318650.493, 96
Trd, 4318653.493, 96
Trd, 4318654.193, 99
Trd, 4318654.843, 96
Trd, 4318655.493, 96
Trd, 4318656.043, 98
Trd, 4318656.993, 95
Trd, 4318658.993, 99
Trd, 4318660.843, 95
Trd, 4318661.593, 104
Trd, 4318662.343, 94
Trd, 4318664.543, 95
Trd, 4318664.593, 94
Trd, 4318664.643, 93
Trd, 4318666.193, 93
Trd, 4318667.443, 96
Trd, 4318668.893, 99
Trd, 4318669.793, 94
Trd, 4318672.543, 100
Trd, 4318672.693, 98
Trd, 4318673.343, 104
Trd, 4318673.643, 99
Trd, 4318675.293, 102
Trd, 4318675.743, 102
Trd, 4318677.293, 101
Trd, 4318679.693, 101
Trd, 4318681.343, 100
Trd, 4318683.643, 103
Trd, 4318684.093, 102
Trd, 4318685.693, 100
Trd, 4318685.793, 103
Trd, 4318687.993, 100
Trd, 4318688.193, 99
Trd, 4318689.293, 99
Trd, 4318691.743, 104
Trd, 4318693.343, 102
Trd, 4318695.343, 101
Trd, 4318695.693, 100
Trd, 4318696.143, 100
Trd, 4318696.193, 104
Trd, 4318696.543, 99
Trd, 4318698.993, 99
Trd, 4318699.143, 98
Trd, 4318700.343, 92
Trd, 4318701.943, 89
Trd, 4318702.693, 86
Trd, 4318702.793, 78
Trd, 4318704.043, 76
Trd, 4318704.443, 86
Trd, 4318707.843, 88
Trd, 4318709.193, 88
Trd, 4318709.543, 96
Trd, 4318711.143, 90
Trd, 4318711.193, 90
Trd, 4318713.593, 90
Trd, 4318718.093, 92
Trd, 4318719.343, 91
Trd, 4318719.493, 96
Trd, 4318720.593, 92
Trd, 4318721.043, 92
Trd, 4318723.693, 105
Trd, 4318723.943, 91
Trd, 4318724.743, 89
Trd, 4318724.893, 78
Trd, 4318727.693, 88
Trd, 4318727.893, 87
Trd, 4318729.443, 91
Trd, 4318730.093, 92
Trd, 4318733.593, 96
Trd, 4318734.443, 95
Trd, 4318736.343, 94
Trd, 4318737.493, 78
Trd, 4318739.093, 95
Trd, 4318739.793, 92
Trd, 4318740.843, 97
Trd, 4318742.043, 95
Trd, 4318743.993, 98
Trd, 4318744.543, 95
Trd, 4318745.293, 94
Trd, 4318745.443, 93
Trd, 4318746.093, 94
Trd, 4318746.293, 91
Trd, 4318746.993, 97
Trd, 4318748.793, 95
Trd, 4318752.143, 95
Trd, 4318753.293, 95
Trd, 4318753.493, 94
Trd, 4318756.293, 93
Trd, 4318756.593, 94
Trd, 4318757.593, 95
Trd, 4318758.443, 93
Trd, 4318760.243, 100
Trd, 4318760.493, 98
Trd, 4318761.593, 97
Trd, 4318761.993, 105
Trd, 4318762.943, 97
Trd, 4318765.243, 96
Trd, 4318767.643, 97
Trd, 4318768.293, 96
Trd, 4318769.293, 95
Trd, 4318771.143, 96
Trd, 4318771.193, 94
Trd, 4318772.043, 95
Trd, 4318772.593, 95
Trd, 4318773.443, 118
Trd, 4318775.043, 94
Trd, 4318776.743, 96
Trd, 4318778.043, 96
Trd, 4318780.943, 96
Trd, 4318781.043, 105
Trd, 4318781.693, 95
Trd, 4318782.293, 95
Trd, 4318783.193, 95
Trd, 4318783.943, 101
Trd, 4318785.693, 93
Trd, 4318787.993, 96
Trd, 4318788.543, 94
Trd, 4318788.743, 82
Trd, 4318791.243, 94
Trd, 4318791.593, 97
Trd, 4318793.743, 101
Trd, 4318794.293, 102
Trd, 4318796.443, 104
Trd, 4318797.043, 103
Trd, 4318798.193, 121
Trd, 4318799.893, 105
Trd, 4318800.143, 102
Trd, 4318801.293, 95
Trd, 4318802.443, 100
Trd, 4318802.943, 93
Trd, 4318804.093, 105
Trd, 4318804.793, 98
Trd, 4318805.443, 101
Trd, 4318807.093, 115
Trd, 4318810.343, 103
Trd, 4318811.443, 108
Trd, 4318812.293, 102
Trd, 4318812.443, 101
Trd, 4318812.643, 100
Trd, 4318812.993, 115
Trd, 4318813.643, 93
Trd, 4318816.543, 101
Trd, 4318817.093, 98
Trd, 4318819.243, 100
Trd, 4318819.743, 101
Trd, 4318820.443, 103
Trd, 4318821.443, 99
Trd, 4318823.643, 100
Trd, 4318825.293, 101
Trd, 4318827.143, 101
Trd, 4318828.043, 100
Trd, 4318828.593, 99
Trd, 4318829.693, 100
Trd, 4318830.343, 94
Trd, 4318831.743, 104
Trd, 4318831.843, 98
Trd, 4318831.893, 98
Trd, 4318833.643, 96
Trd, 4318834.343, 92
Trd, 4318834.893, 104
Trd, 4318836.693, 96
Trd, 4318838.293, 96
Trd, 4318838.993, 95
Trd, 4318841.343, 99
Trd, 4318841.893, 99
Trd, 4318842.493, 104
Trd, 4318843.343, 99
Trd, 4318844.743, 114
Trd, 4318845.993, 99
Trd, 4318846.743, 100
Trd, 4318847.143, 98
Trd, 4318847.293, 93
Trd, 4318848.693, 92
Trd, 4318850.293, 87
Trd, 4318850.543, 88
Trd, 4318851.443, 92
Trd, 4318852.043, 99
Trd, 4318853.043, 84
Trd, 4318855.893, 90
Trd, 4318856.743, 90
Trd, 4318857.493, 96
Trd, 4318858.293, 89
Trd, 4318859.393, 102
Trd, 4318860.543, 97
Trd, 4318861.843, 95
Trd, 4318864.493, 96
Trd, 4318864.743, 95
Trd, 4318868.193, 94
Trd, 4318868.943, 97
Trd, 4318869.093, 95
Trd, 4318872.443, 94
Trd, 4318872.743, 94
Trd, 4318876.493, 96
Trd, 4318876.743, 104
Trd, 4318878.093, 100
Trd, 4318878.793, 95
Trd, 4318878.943, 94
Trd, 4318879.443, 94
Trd, 4318881.993, 93
Trd, 4318882.543, 100
Trd, 4318885.343, 95
Trd, 4318886.043, 99
Trd, 4318887.093, 99
Trd, 4318887.543, 114
Trd, 4318888.543, 105
Trd, 4318890.193, 105
Trd, 4318891.443, 106
Trd, 4318892.093, 105
Trd, 4318893.193, 76
Trd, 4318894.493, 113
Trd, 4318896.293, 100
Trd, 4318899.243, 99
Trd, 4318899.393, 100
Trd, 4318899.943, 97
Trd, 4318900.193, 96
Trd, 4318900.393, 95
Trd, 4318900.593, 109
Trd, 4318901.243, 96
Trd, 4318901.393, 94
Trd, 4318906.393, 96
Trd, 4318906.643, 96
Trd, 4318906.793, 108
Trd, 4318907.993, 96
Trd, 4318908.443, 97
Trd, 4318911.643, 97
Trd, 4318912.343, 98
Trd, 4318915.043, 96
Trd, 4318915.593, 95
Trd, 4318916.643, 99
Trd, 4318917.093, 95
Trd, 4318919.443, 96
Trd, 4318920.443, 97
Trd, 4318923.143, 103
Trd, 4318923.943, 98
Trd, 4318924.393, 101
Trd, 4318925.893, 99
Trd, 4318927.343, 98
Trd, 4318929.093, 98
Trd, 4318929.593, 97
Trd, 4318929.993, 93
Trd, 4318931.693, 96
Trd, 4318932.293, 104
Trd, 4318933.743, 79
Trd, 4318936.593, 92
Trd, 4318937.593, 94
Trd, 4318939.943, 95
Trd, 4318940.143, 94
Trd, 4318941.793, 94
Trd, 4318942.143, 95
Trd, 4318942.943, 93
Trd, 4318943.643, 92
Trd, 4318947.893, 96
Trd, 4318949.843, 93
Trd, 4318951.943, 98
Trd, 4318952.343, 97
Trd, 4318953.293, 96
Trd, 4318954.993, 98
Trd, 4318955.043, 104
Trd, 4318955.343, 96
Trd, 4318958.343, 101
Trd, 4318958.793, 102
Trd, 4318958.843, 98
Trd, 4318961.243, 97
Trd, 4318961.793, 104
Trd, 4318962.093, 76
Trd, 4318963.493, 86
Trd, 4318965.443, 85
Trd, 4318966.993, 85
Trd, 4318970.393, 91
Trd, 4318971.093, 92
Trd, 4318971.343, 91
Trd, 4318972.693, 94
Trd, 4318974.943, 93
Trd, 4318975.293, 93
Trd, 4318975.743, 100
Trd, 4318979.343, 92
Trd, 4318980.943, 96
Trd, 4318981.343, 95
Trd, 4318981.893, 95
Trd, 4318982.893, 100
Trd, 4318983.693, 99
Trd, 4318987.193, 99
Trd, 4318987.243, 99
Trd, 4318989.593, 98
Trd, 4318991.593, 98
Trd, 4318991.643, 96
Trd, 4318991.793, 95
Trd, 4318993.043, 95
Trd, 4318993.093, 94
Trd, 4318994.993, 76
Trd, 4318995.443, 96
Trd, 4318998.893, 93
Trd, 4318999.143, 102
Trd, 4318999.943, 94
Trd, 4319000.193, 93
Trd, 4319002.393, 93
Trd, 4319003.593, 93
Trd, 4319004.093, 93
Trd, 4319005.143, 96
Trd, 4319005.993, 92
Trd, 4319007.743, 96
Trd, 4319008.043, 91
Trd, 4319008.143, 91
Trd, 4319012.393, 93
Trd, 4319013.693, 93
Trd, 4319014.243, 93
Trd, 4319014.343, 94
Trd, 4319015.193, 92
Trd, 4319017.643, 91
Trd, 4319017.743, 86
Trd, 4319017.893, 93
Trd, 4319021.993, 94
Trd, 4319022.743, 93
Trd, 4319024.793, 92
Trd, 4319028.093, 94
Trd, 4319028.143, 91
Trd, 4319028.493, 91
Trd, 4319030.043, 99
Trd, 4319031.243, 93
Trd, 4319031.593, 97
Trd, 4319032.793, 94
Trd, 4319033.643, 96
Trd, 4319033.993, 95
Trd, 4319036.093, 98
Trd, 4319037.743, 100
Trd, 4319038.743, 99
Trd, 4319038.993, 98
Trd, 4319041.843, 104
Trd, 4319042.893, 101
Trd, 4319045.293, 100
Trd, 4319046.293, 98
Trd, 4319048.643, 99
Trd, 4319049.643, 99
Trd, 4319050.393, 99
Trd, 4319051.893, 97
Trd, 4319052.493, 98
Trd, 4319054.343, 98
Trd, 4319054.743, 104
Trd, 4319055.293, 96
Trd, 4319055.893, 94
Trd, 4319057.643, 95
Trd, 4319058.043, 94
Trd, 4319059.493, 92
Trd, 4319059.543, 95
Trd, 4319063.193, 101
Trd, 4319063.493, 94
Trd, 4319065.193, 95
Trd, 4319066.193, 91
Trd, 4319066.643, 96
Trd, 4319068.293, 95
Trd, 4319069.293, 95
Trd, 4319071.093, 96
Trd, 4319073.043, 95
Trd, 4319074.043, 94
Trd, 4319074.343, 94
Trd, 4319076.143, 95
Trd, 4319076.593, 105
Trd, 4319078.343, 95
Trd, 4319078.593, 94
Trd, 4319078.843, 92
Trd, 4319082.243, 96
Trd, 4319082.543, 95
Trd, 4319083.093, 96
Trd, 4319083.743, 98
Trd, 4319084.793, 97
Trd, 4319086.093, 86
Trd, 4319086.893, 81
Trd, 4319089.243, 92
Trd, 4319090.393, 95
Trd, 4319093.293, 91
Trd, 4319094.193, 90
Trd, 4319094.243, 90
Trd, 4319094.393, 94
Trd, 4319098.843, 94
Trd, 4319098.943, 92
Trd, 4319100.593, 92
Trd, 4319101.443, 97
Trd, 4319103.043, 91
Trd, 4319106.293, 95
Trd, 4319109.693, 91
Trd, 4319110.893, 90
Trd, 4319112.343, 91
Trd, 4319114.243, 90
Trd, 4319114.793, 92
Trd, 4319116.593, 93
Trd, 4319118.193, 94
Trd, 4319118.793, 94
Trd, 4319118.893, 98
Trd, 4319121.243, 102
Trd, 4319121.543, 100
Trd, 4319121.943, 99
Trd, 4319122.593, 94
Trd, 4319124.143, 83
Trd, 4319125.643, 95
Trd, 4319127.593, 97
Trd, 4319128.343, 96
Trd, 4319130.043, 96
Trd, 4319131.093, 99
Trd, 4319132.193, 94
Trd, 4319133.893, 95
Trd, 4319135.743, 97
Trd, 4319136.993, 96
Trd, 4319137.593, 95
Trd, 4319138.843, 95
Trd, 4319139.943, 95
Trd, 4319140.793, 94
Trd, 4319143.893, 97
Trd, 4319144.293, 94
Trd, 4319145.393, 98
Trd, 4319147.593, 97
Trd, 4319147.693, 94
Trd, 4319147.943, 113
Trd, 4319148.143, 76
Trd, 4319149.443, 92
Trd, 4319150.943, 93
Trd, 4319153.743, 98
Trd, 4319153.943, 97
Trd, 4319157.093, 99
Trd, 4319158.093, 104
Trd, 4319158.243, 98
Trd, 4319159.093, 100
Trd, 4319159.243, 97
Trd, 4319159.543, 122
Trd, 4319161.493, 95
Trd, 4319165.493, 97
Trd, 4319166.443, 104
Trd, 4319167.543, 96
Trd, 4319168.093, 95
Trd, 4319169.543, 95
Trd, 4319170.543, 96
Trd, 4319171.493, 95
Trd, 4319172.543, 94
Trd, 4319174.143, 94
Trd, 4319174.493, 93
Trd, 4319175.893, 92
Trd, 4319177.493, 89
Trd, 4319178.743, 95
Trd, 4319179.793, 92
Trd, 4319180.893, 94
Trd, 4319181.093, 104
Trd, 4319181.693, 92
Trd, 4319185.093, 92
Trd, 4319185.693, 93
Trd, 4319187.293, 92
Trd, 4319189.243, 92
Trd, 4319190.343, 94
Trd, 4319190.893, 92
Trd, 4319193.193, 96
Trd, 4319193.393, 93
Trd, 4319196.993, 93
Trd, 4319197.893, 95
Trd, 4319199.293, 92
Trd, 4319201.893, 91
Trd, 4319202.343, 91
Trd, 4319203.293, 91
Trd, 4319203.843, 97
Trd, 4319206.093, 94
Trd, 4319207.543, 94
Trd, 4319210.043, 104
Trd, 4319211.093, 94
Trd, 4319212.043, 95
Trd, 4319212.143, 104
Trd, 4319212.293, 94
Trd, 4319213.393, 94
Trd, 4319214.093, 94
Trd, 4319215.993, 76
Trd, 4319220.743, 92
Trd, 4319220.843, 91
Trd, 4319220.893, 89
Trd, 4319223.943, 89
Trd, 4319225.593, 91
Trd, 4319225.693, 91
Trd, 4319226.443, 92
Trd, 4319226.643, 89
Trd, 4319228.343, 96
Trd, 4319230.593, 90
Trd, 4319231.843, 90
Trd, 4319232.293, 95
Trd, 4319235.043, 102
Trd, 4319235.793, 103
Trd, 4319237.143, 102
Trd, 4319238.043, 102
Trd, 4319240.043, 96
Trd, 4319240.243, 99
Trd, 4319241.043, 104
Trd, 4319241.543, 95
Trd, 4319242.343, 97
Trd, 4319245.093, 94
Trd, 4319245.143, 95
Trd, 4319245.243, 94
Trd, 4319246.543, 76
Trd, 4319249.093, 104
Trd, 4319250.143, 92
Trd, 4319251.193, 93
Trd, 4319251.743, 92
Trd, 4319254.843, 93
Trd, 4319255.543, 91
Trd, 4319257.693, 92
Trd, 4319258.743, 93
Trd, 4319260.343, 95
Trd, 4319261.793, 94
Trd, 4319263.593, 95
Trd, 4319264.293, 92
Trd, 4319268.843, 91
Trd, 4319270.743, 92
Trd, 4319272.243, 93
Trd, 4319272.643, 95
Trd, 4319273.143, 92
Trd, 4319273.593, 91
Trd, 4319274.343, 90
Trd, 4319276.643, 94
Trd, 4319276.743, 92
Trd, 4319277.293, 92
Trd, 4319277.793, 105
Trd, 4319279.193, 95
Trd, 4319281.043, 94
Trd, 4319281.293, 98
Trd, 4319281.343, 93
Trd, 4319282.393, 93
Trd, 4319283.693, 93
Trd, 4319283.743, 97
Trd, 4319285.993, 99
Trd, 4319286.593, 92
Trd, 4319287.293, 94
Trd, 4319287.843, 105
Trd, 4319288.393, 94
Trd, 4319290.643, 97
Trd, 4319291.843, 98
Trd, 4319295.443, 97
Trd, 4319296.543, 98
Trd, 4319297.543, 104
Trd, 4319298.943, 102
Trd, 4319299.393, 100
Trd, 4319300.043, 99
Trd, 4319301.893, 100
Trd, 4319303.143, 113
Trd, 4319303.793, 100
Trd, 4319306.393, 105
Trd, 4319306.743, 105
Trd, 4319306.843, 104
Trd, 4319307.693, 103
Trd, 4319308.543, 108
Trd, 4319308.893, 94
Trd, 4319310.243, 102
Trd, 4319310.693, 101
Trd, 4319313.443, 101
Trd, 4319314.393, 100
Trd, 4319316.193, 102
Trd, 4319317.543, 101
Trd, 4319318.143, 100
Trd, 4319320.743, 99
Trd, 4319321.193, 104
Trd, 4319321.443, 98
Trd, 4319323.093, 97
Trd, 4319324.093, 97
Trd, 4319326.143, 96
Trd, 4319326.493, 98
Trd, 4319326.693, 99
Trd, 4319329.843, 94
Trd, 4319332.293, 99
Trd, 4319332.543, 97
Trd, 4319332.743, 95
Trd, 4319334.693, 94
Trd, 4319334.743, 86
Trd, 4319337.743, 97
Trd, 4319338.843, 97
Trd, 4319339.843, 97
Trd, 4319340.543, 97
Trd, 4319341.293, 97
Trd, 4319342.743, 97
Trd, 4319346.143, 95
Trd, 4319347.343, 96
Trd, 4319347.993, 98
Trd, 4319349.943, 95
Trd, 4319350.793, 95
Trd, 4319351.193, 104
Trd, 4319352.393, 94
Trd, 4319354.943, 95
Trd, 4319356.993, 99
Trd, 4319357.643, 101
Trd, 4319359.343, 95
Trd, 4319360.093, 95
Trd, 4319362.293, 96
Trd, 4319363.293, 99
Trd, 4319364.643, 95
Trd, 4319364.793, 94
Trd, 4319365.993, 96
Trd, 4319367.543, 92
Trd, 4319368.793, 93
Trd, 4319372.743, 97
Trd, 4319372.993, 104
Trd, 4319373.743, 96
Trd, 4319374.793, 96
Trd, 4319376.643, 96
Trd, 4319377.693, 99
Trd, 4319379.543, 105
Trd, 4319381.143, 95
Trd, 4319383.093, 99
Trd, 4319385.193, 99
Trd, 4319385.293, 104
Trd, 4319385.393, 97
Trd, 4319387.693, 98
Trd, 4319387.843, 97
Trd, 4319388.393, 97
Trd, 4319390.543, 97
Trd, 4319394.693, 96
Trd, 4319394.743, 96
Trd, 4319395.243, 96
Trd, 4319396.443, 96
Trd, 4319397.143, 95
Trd, 4319397.693, 104
Trd, 4319398.593, 95
Trd, 4319402.193, 95
Trd, 4319402.843, 94
Trd, 4319402.993, 93
Trd, 4319403.693, 95
Trd, 4319404.543, 105
Trd, 4319405.043, 94
Trd, 4319409.893, 95
Trd, 4319410.243, 94
Trd, 4319410.993, 96
Trd, 4319411.293, 99
Trd, 4319414.943, 96
Trd, 4319417.393, 96
Trd, 4319419.443, 97
Trd, 4319420.043, 95
Trd, 4319420.293, 96
Trd, 4319423.093, 94
Trd, 4319423.193, 94
Trd, 4319424.543, 96
Trd, 4319425.243, 93
Trd, 4319427.293, 92
Trd, 4319428.843, 97
Trd, 4319429.693, 93
Trd, 4319431.693, 92
Trd, 4319432.793, 96
Trd, 4319433.343, 96
Trd, 4319435.543, 94
Trd, 4319439.143, 97
Trd, 4319439.893, 95
Trd, 4319440.293, 93
Trd, 4319440.893, 93
Trd, 4319441.893, 104
Trd, 4319443.393, 95
Trd, 4319443.493, 93
Trd, 4319444.243, 90
Trd, 4319444.543, 92
Trd, 4319446.043, 86
Trd, 4319446.743, 90
Trd, 4319447.143, 78
Trd, 4319449.693, 87
Trd, 4319451.543, 90
Trd, 4319451.793, 89
Trd, 4319454.043, 89
Trd, 4319454.293, 104
Trd, 4319455.443, 88
Trd, 4319457.393, 86
Trd, 4319459.043, 95
Trd, 4319460.693, 93
Trd, 4319461.143, 104
Trd, 4319462.293, 92
Trd, 4319462.893, 90
Trd, 4319464.193, 90
Trd, 4319468.143, 91
Trd, 4319469.693, 95
Trd, 4319469.893, 89
Trd, 4319470.693, 94
Trd, 4319472.043, 94
Trd, 4319474.743, 95
Trd, 4319475.543, 93
Trd, 4319475.593, 92
Trd, 4319477.793, 93
Trd, 4319477.993, 92
Trd, 4319478.393, 95
Trd, 4319479.193, 92
Trd, 4319483.493, 95
Trd, 4319484.693, 93
Trd, 4319485.643, 91
Trd, 4319487.493, 91
Trd, 4319487.993, 90
Trd, 4319489.393, 91
Trd, 4319492.043, 89
Trd, 4319492.593, 94
Trd, 4319493.543, 93
Trd, 4319495.943, 96
Trd, 4319496.743, 93
Trd, 4319498.293, 91
Trd, 4319499.943, 90
Trd, 4319502.393, 96
Trd, 4319502.643, 94
Trd, 4319502.793, 104
Trd, 4319503.693, 92
Trd, 4319506.893, 93
Trd, 4319508.743, 97
Trd, 4319509.143, 94
Trd, 4319510.243, 93
Trd, 4319511.043, 97
Trd, 4319514.843, 95
Trd, 4319515.343, 96
Trd, 4319515.443, 95
Trd, 4319516.093, 94
Trd, 4319516.643, 94
Trd, 4319518.093, 101
Trd, 4319519.043, 104
Trd, 4319519.243, 98
Trd, 4319519.993, 97
Trd, 4319522.343, 96
Trd, 4319523.843, 96
Trd, 4319524.143, 92
Trd, 4319526.293, 122
Trd, 4319527.243, 104
Trd, 4319528.293, 104
Trd, 4319529.643, 103
Trd, 4319530.843, 105
Trd, 4319531.793, 94
Trd, 4319532.843, 101
Trd, 4319533.693, 87
Trd, 4319534.343, 90
Trd, 4319535.543, 90
Trd, 4319536.693, 96
Trd, 4319537.993, 95
Trd, 4319538.293, 83
Trd, 4319538.643, 101
Trd, 4319541.243, 86
Trd, 4319543.743, 87
Trd, 4319545.843, 89
Trd, 4319545.993, 86
Trd, 4319547.393, 93
Trd, 4319550.393, 92
Trd, 4319551.443, 98
Trd, 4319551.893, 95
Trd, 4319552.693, 96
Trd, 4319554.793, 103
Trd, 4319556.143, 104
Trd, 4319556.793, 102
Trd, 4319557.243, 100
Trd, 4319558.193, 98
Trd, 4319558.943, 99
Trd, 4319558.993, 95
Trd, 4319562.293, 101
Trd, 4319563.143, 96
Trd, 4319564.193, 97
Trd, 4319565.893, 96
Trd, 4319566.393, 95
Trd, 4319567.143, 83
Trd, 4319567.493, 100
Trd, 4319571.593, 93
Trd, 4319572.393, 90
Trd, 4319572.643, 91
Trd, 4319573.043, 104
Trd, 4319576.143, 94
Trd, 4319576.343, 96
Trd, 4319576.593, 93
Trd, 4319580.293, 93
Trd, 4319581.393, 92
Trd, 4319581.843, 92
Trd, 4319582.943, 90
Trd, 4319583.043, 91
Trd, 4319584.543, 92
Trd, 4319584.893, 89
Trd, 4319585.343, 89
Trd, 4319589.143, 92
Trd, 4319590.443, 99
Trd, 4319590.643, 92
Trd, 4319591.743, 95
Trd, 4319594.343, 96
Trd, 4319594.793, 94
Trd, 4319599.143, 93
Trd, 4319599.593, 96
Trd, 4319600.493, 96
Trd, 4319600.643, 93
Trd, 4319601.243, 92
Trd, 4319605.793, 96
Trd, 4319606.393, 96
Trd, 4319607.293, 95
Trd, 4319608.393, 94
Trd, 4319608.793, 93
Trd, 4319610.943, 98
Trd, 4319612.043, 98
Trd, 4319612.593, 100
Trd, 4319613.293, 97
Trd, 4319616.293, 104
Trd, 4319616.643, 99
Trd, 4319616.943, 100
Trd, 4319617.993, 105
Trd, 4319618.543, 97
Trd, 4319622.043, 98
Trd, 4319622.693, 92
Trd, 4319623.343, 94
Trd, 4319624.293, 95
Trd, 4319624.943, 95
Trd, 4319625.643, 105
Trd, 4319626.143, 94
Trd, 4319626.743, 95
Trd, 4319629.193, 101
Trd, 4319629.393, 94
Trd, 4319631.593, 95
Trd, 4319632.843, 94
Trd, 4319633.443, 93
Trd, 4319639.193, 96
Trd, 4319639.343, 97
Trd, 4319639.543, 94
Trd, 4319640.093, 95
Trd, 4319640.493, 94
Trd, 4319641.543, 106
Trd, 4319645.643, 96
Trd, 4319646.343, 94
Trd, 4319647.243, 94
Trd, 4319647.893, 104
Trd, 4319649.593, 93
Trd, 4319650.143, 92
Trd, 4319650.793, 92
Trd, 4319652.193, 97
Trd, 4319653.693, 95
Trd, 4319656.143, 97
Trd, 4319656.643, 95
Trd, 4319657.043, 95
Trd, 4319658.443, 104
Trd, 4319660.793, 96
Trd, 4319661.543, 94
Trd, 4319663.693, 96
Trd, 4319663.793, 97
Trd, 4319664.443, 94
Trd, 4319666.643, 96
Trd, 4319669.593, 95
Trd, 4319670.393, 97
Trd, 4319670.743, 96
Trd, 4319672.193, 94
Trd, 4319672.893, 89
Trd, 4319673.543, 102
Trd, 4319673.893, 93
Trd, 4319675.693, 93
Trd, 4319676.293, 88
Trd, 4319678.843, 90
Trd, 4319679.393, 92
Trd, 4319682.693, 92
Trd, 4319683.393, 91
Trd, 4319683.843, 91
Trd, 4319684.143, 99
Trd, 4319685.743, 95
Trd, 4319686.493, 95
Trd, 4319686.693, 92
Trd, 4319689.393, 95
Trd, 4319693.643, 95
Trd, 4319693.943, 94
Trd, 4319694.543, 94
Trd, 4319694.593, 95
Trd, 4319694.643, 95
Trd, 4319695.493, 96
Trd, 4319696.643, 104
Trd, 4319698.093, 99
Trd, 4319698.293, 98
Trd, 4319699.193, 97
Trd, 4319702.143, 99
Trd, 4319702.343, 99
Trd, 4319703.993, 99
Trd, 4319704.443, 98
Trd, 4319705.343, 100
Trd, 4319705.843, 99
Trd, 4319709.093, 101
Trd, 4319709.393, 99
Trd, 4319709.543, 98
Trd, 4319709.793, 98
Trd, 4319710.343, 96
Trd, 4319712.793, 96
Trd, 4319713.543, 96
Trd, 4319713.693, 101
Trd, 4319714.193, 94
Trd, 4319718.193, 101
Trd, 4319718.443, 101
Trd, 4319718.643, 100
Trd, 4319719.293, 104
Trd, 4319721.493, 100
Trd, 4319722.993, 100
Trd, 4319724.393, 101
Trd, 4319724.843, 100
Trd, 4319725.943, 104
Trd, 4319726.993, 93
Trd, 4319727.943, 94
Trd, 4319728.943, 96
Trd, 4319729.243, 91
Trd, 4319731.393, 111
Trd, 4319731.793, 100
Trd, 4319733.143, 95
Trd, 4319734.193, 94
Trd, 4319735.393, 91
Trd, 4319736.093, 91
Trd, 4319736.643, 93
Trd, 4319737.693, 91
Trd, 4319738.343, 76
Trd, 4319739.843, 102
Trd, 4319740.893, 93
Trd, 4319743.043, 93
Trd, 4319744.343, 93
Trd, 4319745.943, 93
Trd, 4319748.043, 97
Trd, 4319748.643, 96
Trd, 4319751.943, 94
Trd, 4319753.793, 95
Trd, 4319754.343, 94
Trd, 4319755.743, 96
Trd, 4319756.393, 94
Trd, 4319757.493, 96
Trd, 4319758.543, 97
Trd, 4319759.593, 94
Trd, 4319762.343, 95
Trd, 4319764.943, 86
Trd, 4319767.893, 94
Trd, 4319767.993, 92
Trd, 4319769.193, 93
Trd, 4319771.443, 92
Trd, 4319771.643, 91
Trd, 4319774.943, 95
Trd, 4319775.193, 98
Trd, 4319777.143, 95
Trd, 4319779.793, 97
Trd, 4319779.943, 97
Trd, 4319780.743, 105
Trd, 4319782.093, 96
Trd, 4319782.993, 92
Trd, 4319783.293, 95
Trd, 4319784.993, 95
Trd, 4319786.093, 94
Trd, 4319787.243, 93
Trd, 4319787.393, 69
Trd, 4319788.243, 106
Trd, 4319791.093, 93
Trd, 4319791.593, 93
Trd, 4319792.193, 94
Trd, 4319793.143, 93
Trd, 4319795.543, 87
Trd, 4319796.443, 90
Trd, 4319796.593, 91
Trd, 4319797.593, 95
Trd, 4319798.393, 91
Trd, 4319798.593, 117
Trd, 4319798.993, 123
Trd, 4319800.793, 111
Trd, 4319801.243, 100
Trd, 4319802.093, 105
Trd, 4319804.243, 89
Trd, 4319804.693, 81
Trd, 4319806.193, 95
Trd, 4319806.693, 94
Trd, 4319806.893, 85
Trd, 4319807.793, 91
Trd, 4319808.643, 95
Trd, 4319809.993, 94
Trd, 4319810.693, 102
Trd, 4319812.743, 102
Trd, 4319814.543, 101
Trd, 4319815.593, 102
Trd, 4319815.893, 101
Trd, 4319817.943, 123
Trd, 4319818.193, 100
Trd, 4319818.943, 99
Trd, 4319819.093, 111
Trd, 4319819.693, 92
Trd, 4319821.993, 97
Trd, 4319823.293, 96
Trd, 4319824.593, 97
Trd, 4319827.043, 101
Trd, 4319827.643, 106
Trd, 4319829.093, 100
Trd, 4319832.193, 103
Trd, 4319833.043, 101
Trd, 4319833.193, 104
Trd, 4319833.443, 100
Trd, 4319834.093, 100
Trd, 4319834.543, 100
Trd, 4319834.593, 94
Trd, 4319837.393, 98
Trd, 4319839.193, 95
Trd, 4319840.693, 88
Trd, 4319840.793, 76
Trd, 4319842.493, 98
Trd, 4319845.193, 94
Trd, 4319845.593, 95
Trd, 4319845.893, 96
Trd, 4319846.843, 95
Trd, 4319847.593, 94
Trd, 4319849.043, 94
Trd, 4319849.093, 105
Trd, 4319849.643, 94
Trd, 4319850.793, 85
Trd, 4319854.193, 91
Trd, 4319856.393, 98
Trd, 4319856.643, 97
Trd, 4319856.793, 105
Trd, 4319858.843, 117
Trd, 4319858.893, 96
Trd, 4319860.593, 94
Trd, 4319862.693, 95
Trd, 4319862.793, 93
Trd, 4319864.743, 95
Trd, 4319865.193, 93
Trd, 4319866.493, 97
Trd, 4319867.543, 94
Trd, 4319869.043, 93
Trd, 4319869.643, 93
Trd, 4319871.643, 94
Trd, 4319873.343, 94
Trd, 4319873.893, 94
Trd, 4319877.843, 93
Trd, 4319878.793, 94
Trd, 4319879.493, 93
Trd, 4319880.393, 98
Trd, 4319881.343, 99
Trd, 4319883.143, 95
Trd, 4319883.993, 96
Trd, 4319885.193, 94
Trd, 4319886.543, 98
Trd, 4319887.643, 96
Trd, 4319888.943, 88
Trd, 4319889.193, 104
Trd, 4319889.493, 93
Trd, 4319892.393, 92
Trd, 4319893.893, 92
Trd, 4319895.293, 96
Trd, 4319895.943, 91
Trd, 4319896.143, 90
Trd, 4319897.943, 90
Trd, 4319899.893, 89
Trd, 4319901.993, 95
Trd, 4319902.043, 91
Trd, 4319903.593, 101
Trd, 4319906.043, 104
Trd, 4319907.293, 91
Trd, 4319908.043, 90
Trd, 4319908.593, 90
Trd, 4319912.193, 91
Trd, 4319913.393, 94
Trd, 4319914.493, 91
Trd, 4319916.093, 92
Trd, 4319918.693, 91
Trd, 4319919.143, 95
Trd, 4319920.943, 95
Trd, 4319924.293, 96
Trd, 4319925.243, 96
Trd, 4319925.293, 95
Trd, 4319925.843, 95
Trd, 4319926.493, 94
Trd, 4319926.693, 93
Trd, 4319927.543, 97
Trd, 4319928.643, 92
Trd, 4319931.493, 92
Trd, 4319931.543, 101
Trd, 4319933.893, 93
Trd, 4319934.893, 92
Trd, 4319937.293, 96
Trd, 4319937.443, 94
Trd, 4319938.993, 95
Trd, 4319939.543, 98
Trd, 4319939.793, 94
Trd, 4319940.493, 94
Trd, 4319942.293, 100
Trd, 4319942.843, 105
Trd, 4319942.993, 95
Trd, 4319943.793, 95
Trd, 4319946.843, 95
Trd, 4319947.893, 101
Trd, 4319948.493, 106
Trd, 4319948.743, 99
Trd, 4319949.793, 94
Trd, 4319951.243, 96
Trd, 4319952.243, 100
Trd, 4319953.043, 86
Trd, 4319954.293, 95
Trd, 4319955.793, 96
Trd, 4319957.543, 94
Trd, 4319961.493, 96
Trd, 4319962.293, 94
Trd, 4319962.543, 95
Trd, 4319963.793, 95
Trd, 4319965.143, 99
Trd, 4319966.643, 98
Trd, 4319967.093, 96
Trd, 4319967.843, 96
Trd, 4319969.093, 97
Trd, 4319970.193, 97
Trd, 4319973.643, 97
Trd, 4319974.543, 99
Trd, 4319975.343, 96
Trd, 4319975.943, 95
Trd, 4319976.043, 95
Trd, 4319979.143, 98
Trd, 4319979.843, 96
Trd, 4319981.093, 104
Trd, 4319982.093, 94
Trd, 4319983.393, 99
Trd, 4319983.743, 96
Trd, 4319984.993, 96
Trd, 4319985.443, 95
Trd, 4319986.143, 104
Trd, 4319987.093, 94
Trd, 4319989.143, 96
Trd, 4319989.243, 95
Trd, 4319991.943, 96
Trd, 4319991.993, 94
Trd, 4319994.093, 94
Trd, 4319994.393, 93
Trd, 4319996.143, 104
Trd, 4319997.993, 95
Trd, 4319999.493, 102
