Trd, 4317793.043, 101
Trd, 4317794.843, 103
Trd, 4317797.643, 101
Trd, 4317798.543, 100
Trd, 4317800.043, 110
Trd, 4317805.043, 102
Trd, 4317808.543, 101
Trd, 4317808.843, 100
Trd, 4317811.893, 100
Trd, 4317813.393, 100
Trd, 4317814.843, 99
Trd, 4317818.043, 98
Trd, 4317818.793, 98
Trd, 4317818.843, 97
Trd, 4317819.543, 99
Trd, 4317823.543, 98
Trd, 4317824.093, 97
Trd, 4317824.893, 98
Trd, 4317830.343, 98
Trd, 4317830.593, 98
Trd, 4317830.643, 97
Trd, 4317833.393, 96
Trd, 4317835.493, 98
Trd, 4317837.093, 95
Trd, 4317839.193, 95
Trd, 4317840.143, 96
Trd, 4317841.143, 94
Trd, 4317843.993, 94
Trd, 4317845.243, 108
Trd, 4317848.893, 93
Trd, 4317849.443, 95
Trd, 4317853.593, 95
Trd, 4317854.443, 94
Trd, 4317855.643, 93
Trd, 4317856.193, 94
Trd, 4317858.293, 94
Trd, 4317858.793, 95
Trd, 4317862.243, 96
Trd, 4317865.493, 95
Trd, 4317867.943, 94
Trd, 4317867.993, 93
Trd, 4317869.793, 94
Trd, 4317871.643, 94
Trd, 4317874.093, 93
Trd, 4317874.793, 93
Trd, 4317876.843, 92
Trd, 4317878.993, 93
Trd, 4317882.043, 93
Trd, 4317882.893, 92
Trd, 4317883.243, 93
Trd, 4317885.643, 92
Trd, 4317888.043, 91
Trd, 4317888.243, 92
Trd, 4317888.293, 91
Trd, 4317890.793, 90
Trd, 4317891.443, 90
Trd, 4317893.043, 91
Trd, 4317895.243, 90
Trd, 4317897.443, 89
Trd, 4317898.593, 90
Trd, 4317899.593, 90
Trd, 4317901.793, 90
Trd, 4317902.943, 105
Trd, 4317906.093, 93
Trd, 4317907.193, 92
Trd, 4317909.143, 92
Trd, 4317909.643, 92
Trd, 4317911.443, 91
Trd, 4317912.943, 93
Trd, 4317914.143, 92
Trd, 4317915.243, 95
Trd, 4317915.593, 95
Trd, 4317916.843, 94
Trd, 4317919.943, 97
Trd, 4317921.443, 98
Trd, 4317923.293, 110
Trd, 4317923.593, 101
Trd, 4317924.593, 100
Trd, 4317926.693, 102
Trd, 4317928.793, 101
Trd, 4317930.393, 102
Trd, 4317931.843, 101
Trd, 4317932.043, 102
Trd, 4317934.543, 101
Trd, 4317935.143, 101
Trd, 4317936.793, 100
Trd, 4317937.543, 101
Trd, 4317938.543, 100
Trd, 4317941.093, 100
Trd, 4317942.793, 101
Trd, 4317943.243, 100
Trd, 4317946.043, 101
Trd, 4317947.293, 111
Trd, 4317950.993, 105
Trd, 4317951.993, 105
Trd, 4317952.193, 106
Trd, 4317953.843, 105
Trd, 4317955.193, 104
Trd, 4317959.093, 105
Trd, 4317959.643, 104
Trd, 4317960.993, 103
Trd, 4317962.693, 103
Trd, 4317964.243, 102
Trd, 4317965.643, 103
Trd, 4317969.743, 102
Trd, 4317972.393, 102
Trd, 4317973.093, 101
Trd, 4317975.743, 101
Trd, 4317977.793, 100
Trd, 4317980.993, 102
Trd, 4317981.243, 103
Trd, 4317983.993, 100
Trd, 4317984.343, 100
Trd, 4317985.743, 99
Trd, 4317986.643, 99
Trd, 4317987.593, 99
Trd, 4317989.543, 99
Trd, 4317991.343, 100
Trd, 4317995.143, 100
Trd, 4317995.843, 100
Trd, 4317997.593, 100
Trd, 4317998.793, 100
Trd, 4318000.993, 99
Trd, 4318005.993, 99
Trd, 4318006.293, 98
Trd, 4318006.693, 98
Trd, 4318006.843, 100
Trd, 4318011.043, 97
Trd, 4318011.493, 97
Trd, 4318012.493, 98
Trd, 4318014.293, 98
Trd, 4318015.493, 97
Trd, 4318016.743, 98
Trd, 4318017.043, 98
Trd, 4318018.893, 97
Trd, 4318019.393, 98
Trd, 4318019.693, 98
Trd, 4318024.043, 98
Trd, 4318024.443, 97
Trd, 4318024.543, 96
Trd, 4318024.793, 96
Trd, 4318026.793, 106
Trd, 4318027.743, 110
Trd, 4318029.843, 97
Trd, 4318030.943, 98
Trd, 4318032.543, 101
Trd, 4318034.593, 98
Trd, 4318037.343, 97
Trd, 4318038.293, 97
Trd, 4318039.643, 96
Trd, 4318042.293, 98
Trd, 4318043.743, 96
Trd, 4318043.843, 96
Trd, 4318046.643, 98
Trd, 4318048.293, 99
Trd, 4318049.143, 100
Trd, 4318049.593, 113
Trd, 4318053.643, 99
Trd, 4318054.243, 100
Trd, 4318054.493, 104
Trd, 4318056.793, 99
Trd, 4318058.493, 100
Trd, 4318060.243, 100
Trd, 4318061.493, 99
Trd, 4318064.943, 98
Trd, 4318065.243, 100
Trd, 4318068.443, 99
Trd, 4318071.343, 98
Trd, 4318074.343, 97
Trd, 4318075.943, 98
Trd, 4318075.993, 97
Trd, 4318077.793, 98
Trd, 4318080.743, 99
Trd, 4318081.643, 96
Trd, 4318083.493, 97
Trd, 4318084.993, 96
Trd, 4318086.493, 97
Trd, 4318088.643, 97
Trd, 4318089.943, 104
Trd, 4318092.243, 99
Trd, 4318093.593, 100
Trd, 4318094.193, 101
Trd, 4318095.993, 113
Trd, 4318098.243, 112
Trd, 4318098.343, 111
Trd, 4318099.593, 107
Trd, 4318100.743, 103
Trd, 4318102.193, 102
Trd, 4318103.593, 101
Trd, 4318104.593, 113
Trd, 4318105.843, 104
Trd, 4318107.343, 104
Trd, 4318109.943, 105
Trd, 4318110.993, 104
Trd, 4318112.593, 104
Trd, 4318114.593, 104
Trd, 4318115.143, 104
Trd, 4318119.443, 103
Trd, 4318120.393, 104
Trd, 4318121.543, 104
Trd, 4318122.093, 103
Trd, 4318126.043, 102
Trd, 4318126.343, 103
Trd, 4318129.743, 103
Trd, 4318130.143, 104
Trd, 4318134.993, 102
Trd, 4318137.143, 101
Trd, 4318137.443, 101
Trd, 4318137.943, 102
Trd, 4318138.693, 103
Trd, 4318140.093, 104
Trd, 4318143.043, 104
Trd, 4318145.643, 103
Trd, 4318147.693, 103
Trd, 4318149.643, 104
Trd, 4318150.743, 101
Trd, 4318154.043, 102
Trd, 4318154.243, 103
Trd, 4318155.793, 104
Trd, 4318157.993, 101
Trd, 4318158.393, 100
Trd, 4318162.843, 100
Trd, 4318163.243, 101
Trd, 4318163.343, 99
Trd, 4318165.643, 101
Trd, 4318168.043, 100
Trd, 4318169.243, 101
Trd, 4318170.243, 98
Trd, 4318173.893, 99
Trd, 4318175.243, 97
Trd, 4318175.593, 99
Trd, 4318176.993, 99
Trd, 4318179.293, 99
Trd, 4318184.243, 97
Trd, 4318187.293, 98
Trd, 4318188.193, 98
Trd, 4318190.943, 99
Trd, 4318191.593, 98
Trd, 4318195.493, 97
Trd, 4318196.343, 97
Trd, 4318198.143, 98
Trd, 4318199.793, 97
Trd, 4318200.493, 94
Trd, 4318202.043, 95
Trd, 4318204.243, 98
Trd, 4318206.493, 97
Trd, 4318208.393, 98
Trd, 4318210.143, 97
Trd, 4318211.443, 102
Trd, 4318212.193, 108
Trd, 4318214.693, 104
Trd, 4318217.643, 104
Trd, 4318218.493, 104
Trd, 4318219.193, 104
Trd, 4318219.743, 105
Trd, 4318222.043, 104
Trd, 4318222.343, 103
Trd, 4318225.493, 103
Trd, 4318227.043, 102
Trd, 4318227.793, 108
Trd, 4318231.143, 102
Trd, 4318231.293, 102
Trd, 4318232.443, 102
Trd, 4318234.093, 101
Trd, 4318237.043, 101
Trd, 4318240.093, 104
Trd, 4318243.093, 102
Trd, 4318246.593, 101
Trd, 4318251.393, 100
Trd, 4318251.843, 101
Trd, 4318255.643, 99
Trd, 4318255.693, 99
Trd, 4318256.293, 99
Trd, 4318257.593, 100
Trd, 4318259.243, 94
Trd, 4318259.293, 97
Trd, 4318260.693, 98
Trd, 4318262.293, 97
Trd, 4318265.593, 97
Trd, 4318265.743, 97
Trd, 4318265.843, 99
Trd, 4318268.343, 99
Trd, 4318271.243, 98
Trd, 4318273.393, 98
Trd, 4318276.643, 98
Trd, 4318276.793, 98
Trd, 4318277.593, 105
Trd, 4318279.893, 100
Trd, 4318284.743, 101
Trd, 4318285.443, 99
Trd, 4318288.193, 101
Trd, 4318291.743, 100
Trd, 4318293.893, 99
Trd, 4318297.393, 99
Trd, 4318297.543, 98
Trd, 4318300.593, 99
Trd, 4318301.593, 99
Trd, 4318302.943, 98
Trd, 4318304.343, 97
Trd, 4318308.093, 98
Trd, 4318309.193, 97
Trd, 4318309.743, 98
Trd, 4318312.843, 97
Trd, 4318313.343, 98
Trd, 4318315.943, 101
Trd, 4318316.793, 97
Trd, 4318318.243, 97
Trd, 4318319.393, 97
Trd, 4318322.293, 96
Trd, 4318325.293, 97
Trd, 4318326.193, 97
Trd, 4318327.843, 95
Trd, 4318329.043, 94
Trd, 4318329.843, 93
Trd, 4318331.643, 94
Trd, 4318332.293, 94
Trd, 4318332.493, 95
Trd, 4318336.643, 102
Trd, 4318337.243, 100
Trd, 4318337.743, 111
Trd, 4318340.143, 102
Trd, 4318341.043, 104
Trd, 4318342.143, 104
Trd, 4318346.343, 104
Trd, 4318346.743, 104
Trd, 4318346.843, 105
Trd, 4318347.943, 103
Trd, 4318350.993, 102
Trd, 4318351.143, 103
Trd, 4318353.293, 102
Trd, 4318355.493, 102
Trd, 4318358.043, 102
Trd, 4318358.443, 101
Trd, 4318359.693, 101
Trd, 4318359.793, 102
Trd, 4318366.393, 102
Trd, 4318367.093, 101
Trd, 4318367.793, 101
Trd, 4318368.793, 102
Trd, 4318370.843, 102
Trd, 4318373.643, 101
Trd, 4318376.443, 101
Trd, 4318377.943, 102
Trd, 4318382.593, 102
Trd, 4318385.593, 102
Trd, 4318386.043, 100
Trd, 4318388.993, 102
Trd, 4318389.743, 102
Trd, 4318390.543, 101
Trd, 4318390.743, 100
Trd, 4318392.793, 101
Trd, 4318397.443, 99
Trd, 4318398.143, 100
Trd, 4318401.593, 99
Trd, 4318403.093, 100
Trd, 4318404.243, 100
Trd, 4318409.693, 100
Trd, 4318410.193, 99
Trd, 4318412.143, 100
Trd, 4318415.643, 98
Trd, 4318416.043, 99
Trd, 4318418.593, 97
Trd, 4318420.393, 97
Trd, 4318421.443, 98
Trd, 4318422.893, 99
Trd, 4318426.843, 98
Trd, 4318427.543, 98
Trd, 4318432.093, 98
Trd, 4318432.143, 98
Trd, 4318436.843, 97
Trd, 4318437.693, 98
Trd, 4318440.093, 97
Trd, 4318440.693, 96
Trd, 4318444.043, 96
Trd, 4318445.143, 97
Trd, 4318448.793, 95
Trd, 4318450.093, 97
Trd, 4318453.493, 96
Trd, 4318454.643, 97
Trd, 4318458.243, 96
Trd, 4318458.643, 97
Trd, 4318463.543, 95
Trd, 4318464.293, 95
Trd, 4318464.793, 96
Trd, 4318467.543, 98
Trd, 4318467.643, 98
Trd, 4318472.393, 98
Trd, 4318475.743, 98
Trd, 4318478.193, 99
Trd, 4318479.393, 98
Trd, 4318479.693, 99
Trd, 4318479.793, 97
Trd, 4318485.793, 98
Trd, 4318486.593, 97
Trd, 4318486.993, 99
Trd, 4318490.493, 96
Trd, 4318491.243, 95
Trd, 4318494.543, 95
Trd, 4318496.893, 95
Trd, 4318497.393, 94
Trd, 4318501.343, 95
Trd, 4318501.893, 96
Trd, 4318502.293, 95
Trd, 4318504.043, 94
Trd, 4318505.643, 95
Trd, 4318505.893, 94
Trd, 4318505.943, 93
Trd, 4318510.043, 93
Trd, 4318510.593, 94
Trd, 4318511.493, 95
Trd, 4318512.243, 95
Trd, 4318516.043, 94
Trd, 4318516.943, 96
Trd, 4318518.893, 96
Trd, 4318519.043, 96
Trd, 4318522.143, 99
Trd, 4318524.243, 99
Trd, 4318524.993, 98
Trd, 4318525.493, 103
Trd, 4318527.293, 104
Trd, 4318528.743, 104
Trd, 4318528.943, 103
Trd, 4318531.593, 104
Trd, 4318532.043, 113
Trd, 4318535.193, 101
Trd, 4318536.193, 101
Trd, 4318537.693, 96
Trd, 4318538.193, 100
Trd, 4318539.793, 98
Trd, 4318541.193, 97
Trd, 4318541.293, 97
Trd, 4318543.693, 98
Trd, 4318544.593, 99
Trd, 4318547.893, 99
Trd, 4318548.243, 99
Trd, 4318548.993, 99
Trd, 4318551.993, 98
Trd, 4318552.643, 97
Trd, 4318557.093, 98
Trd, 4318557.643, 98
Trd, 4318560.043, 97
Trd, 4318563.393, 97
Trd, 4318564.043, 97
Trd, 4318567.343, 96
Trd, 4318570.543, 97
Trd, 4318571.543, 97
Trd, 4318573.443, 95
Trd, 4318574.243, 95
Trd, 4318574.343, 97
Trd, 4318577.693, 96
Trd, 4318578.543, 95
Trd, 4318580.793, 96
Trd, 4318582.143, 96
Trd, 4318584.093, 94
Trd, 4318586.943, 95
Trd, 4318588.893, 96
Trd, 4318590.893, 102
Trd, 4318593.593, 103
Trd, 4318594.243, 102
Trd, 4318594.493, 106
Trd, 4318595.893, 104
Trd, 4318597.743, 104
Trd, 4318599.893, 103
Trd, 4318600.243, 108
Trd, 4318602.343, 103
Trd, 4318605.793, 104
Trd, 4318606.843, 102
Trd, 4318607.643, 104
Trd, 4318610.993, 104
Trd, 4318613.443, 103
Trd, 4318614.193, 103
Trd, 4318616.593, 102
Trd, 4318618.393, 103
Trd, 4318618.993, 101
Trd, 4318621.643, 98
Trd, 4318621.993, 98
Trd, 4318623.543, 98
Trd, 4318624.343, 98
Trd, 4318624.793, 100
Trd, 4318626.243, 99
Trd, 4318627.943, 104
Trd, 4318631.193, 100
Trd, 4318631.993, 100
Trd, 4318632.243, 98
Trd, 4318632.593, 98
Trd, 4318633.993, 97
Trd, 4318635.643, 97
Trd, 4318635.893, 112
Trd, 4318639.243, 100
Trd, 4318639.893, 99
Trd, 4318641.243, 100
Trd, 4318642.493, 100
Trd, 4318644.893, 100
Trd, 4318645.693, 100
Trd, 4318650.143, 101
Trd, 4318651.243, 99
Trd, 4318651.843, 100
Trd, 4318653.443, 102
Trd, 4318653.793, 101
Trd, 4318655.943, 102
Trd, 4318656.093, 101
Trd, 4318658.193, 101
Trd, 4318659.243, 103
Trd, 4318659.843, 102
Trd, 4318662.793, 101
Trd, 4318663.293, 102
Trd, 4318664.393, 102
Trd, 4318665.093, 101
Trd, 4318665.943, 102
Trd, 4318666.393, 102
Trd, 4318670.893, 101
Trd, 4318672.243, 101
Trd, 4318675.293, 101
Trd, 4318676.193, 100
Trd, 4318678.793, 101
Trd, 4318679.293, 99
Trd, 4318681.593, 99
Trd, 4318685.743, 99
Trd, 4318688.443, 99
Trd, 4318689.493, 98
Trd, 4318690.693, 99
Trd, 4318691.493, 98
Trd, 4318698.993, 99
Trd, 4318700.093, 99
Trd, 4318701.543, 97
Trd, 4318705.043, 97
Trd, 4318705.493, 97
Trd, 4318708.793, 96
Trd, 4318708.993, 97
Trd, 4318710.443, 98
Trd, 4318713.343, 97
Trd, 4318714.943, 97
Trd, 4318715.693, 97
Trd, 4318717.243, 97
Trd, 4318719.193, 96
Trd, 4318720.193, 96
Trd, 4318721.293, 95
Trd, 4318722.393, 94
Trd, 4318724.443, 94
Trd, 4318725.393, 92
Trd, 4318728.293, 88
Trd, 4318729.493, 89
Trd, 4318729.843, 89
Trd, 4318730.393, 92
Trd, 4318733.993, 96
Trd, 4318734.743, 95
Trd, 4318736.243, 96
Trd, 4318736.593, 104
Trd, 4318737.743, 113
Trd, 4318738.943, 102
Trd, 4318740.543, 110
Trd, 4318743.393, 107
Trd, 4318744.843, 105
Trd, 4318745.193, 107
Trd, 4318746.093, 106
Trd, 4318749.793, 105
Trd, 4318750.443, 105
Trd, 4318751.443, 105
Trd, 4318751.543, 104
Trd, 4318754.743, 104
Trd, 4318755.793, 105
Trd, 4318758.043, 103
Trd, 4318758.993, 104
Trd, 4318761.593, 104
Trd, 4318762.843, 103
Trd, 4318763.593, 105
Trd, 4318766.393, 104
Trd, 4318767.593, 103
Trd, 4318769.893, 104
Trd, 4318770.693, 105
Trd, 4318775.193, 104
Trd, 4318775.493, 104
Trd, 4318778.843, 103
Trd, 4318779.193, 102
Trd, 4318781.093, 102
Trd, 4318782.243, 102
Trd, 4318782.793, 106
Trd, 4318786.043, 101
Trd, 4318786.843, 102
Trd, 4318787.393, 102
Trd, 4318788.793, 102
Trd, 4318794.193, 101
Trd, 4318794.893, 102
Trd, 4318798.093, 102
Trd, 4318800.743, 101
Trd, 4318801.843, 100
Trd, 4318801.943, 100
Trd, 4318802.443, 101
Trd, 4318802.543, 101
Trd, 4318805.743, 103
Trd, 4318807.493, 103
Trd, 4318808.193, 103
Trd, 4318808.993, 102
Trd, 4318811.443, 101
Trd, 4318813.643, 99
Trd, 4318814.393, 99
Trd, 4318814.493, 100
Trd, 4318817.443, 100
Trd, 4318820.193, 101
Trd, 4318821.993, 104
Trd, 4318824.693, 101
Trd, 4318824.793, 103
Trd, 4318826.543, 101
Trd, 4318829.393, 100
Trd, 4318830.843, 99
Trd, 4318831.343, 101
Trd, 4318833.793, 101
Trd, 4318836.043, 100
Trd, 4318837.693, 100
Trd, 4318839.493, 99
Trd, 4318842.543, 100
Trd, 4318843.193, 99
Trd, 4318843.743, 100
Trd, 4318844.543, 99
Trd, 4318847.293, 100
Trd, 4318847.843, 99
Trd, 4318850.543, 97
Trd, 4318851.143, 99
Trd, 4318853.493, 98
Trd, 4318855.693, 98
Trd, 4318855.943, 98
Trd, 4318857.593, 99
Trd, 4318858.343, 100
Trd, 4318858.893, 99
Trd, 4318861.393, 98
Trd, 4318862.043, 98
Trd, 4318862.743, 97
Trd, 4318865.293, 99
Trd, 4318865.993, 98
Trd, 4318868.343, 104
Trd, 4318868.593, 101
Trd, 4318869.093, 105
Trd, 4318870.993, 100
Trd, 4318871.493, 103
Trd, 4318873.793, 100
Trd, 4318874.793, 101
Trd, 4318875.593, 100
Trd, 4318878.443, 99
Trd, 4318878.543, 100
Trd, 4318878.843, 99
Trd, 4318880.193, 101
Trd, 4318882.243, 99
Trd, 4318885.693, 98
Trd, 4318886.043, 97
Trd, 4318887.943, 97
Trd, 4318889.393, 98
Trd, 4318892.793, 97
Trd, 4318894.143, 98
Trd, 4318894.543, 97
Trd, 4318895.793, 98
Trd, 4318897.693, 97
Trd, 4318898.543, 95
Trd, 4318899.693, 94
Trd, 4318902.693, 96
Trd, 4318904.843, 95
Trd, 4318905.793, 93
Trd, 4318906.443, 111
Trd, 4318909.943, 96
Trd, 4318910.893, 97
Trd, 4318914.793, 97
Trd, 4318916.143, 95
Trd, 4318917.143, 95
Trd, 4318917.843, 95
Trd, 4318917.943, 94
Trd, 4318919.893, 96
Trd, 4318921.393, 94
Trd, 4318921.893, 93
Trd, 4318924.093, 92
Trd, 4318924.543, 93
Trd, 4318926.743, 91
Trd, 4318928.693, 91
Trd, 4318929.543, 91
Trd, 4318929.693, 106
Trd, 4318932.143, 93
Trd, 4318932.743, 92
Trd, 4318933.243, 92
Trd, 4318935.143, 91
Trd, 4318935.193, 91
Trd, 4318937.493, 92
Trd, 4318939.943, 94
Trd, 4318940.643, 94
Trd, 4318943.243, 94
Trd, 4318943.293, 93
Trd, 4318945.093, 110
Trd, 4318946.743, 104
Trd, 4318948.643, 104
Trd, 4318949.193, 99
Trd, 4318949.793, 107
Trd, 4318952.993, 101
Trd, 4318954.143, 101
Trd, 4318954.393, 102
Trd, 4318956.243, 101
Trd, 4318956.993, 102
Trd, 4318958.693, 100
Trd, 4318958.893, 99
Trd, 4318961.193, 99
Trd, 4318964.143, 98
Trd, 4318965.143, 99
Trd, 4318965.993, 99
Trd, 4318967.093, 99
Trd, 4318970.343, 99
Trd, 4318972.293, 99
Trd, 4318975.243, 98
Trd, 4318975.293, 98
Trd, 4318976.193, 98
Trd, 4318977.043, 99
Trd, 4318979.143, 98
Trd, 4318982.643, 97
Trd, 4318983.543, 97
Trd, 4318983.643, 99
Trd, 4318988.243, 99
Trd, 4318989.693, 100
Trd, 4318992.893, 98
Trd, 4318993.543, 99
Trd, 4318993.943, 99
Trd, 4318995.143, 97
Trd, 4318996.843, 96
Trd, 4318997.243, 95
Trd, 4318999.343, 94
Trd, 4318999.993, 95
Trd, 4319001.043, 95
Trd, 4319005.443, 95
Trd, 4319005.993, 94
Trd, 4319006.093, 96
Trd, 4319007.093, 95
Trd, 4319008.293, 95
Trd, 4319010.293, 96
Trd, 4319012.243, 96
Trd, 4319013.843, 95
Trd, 4319014.443, 96
Trd, 4319016.243, 96
Trd, 4319019.293, 95
Trd, 4319020.643, 96
Trd, 4319020.993, 96
Trd, 4319023.093, 96
Trd, 4319024.843, 98
Trd, 4319025.893, 97
Trd, 4319025.993, 98
Trd, 4319029.243, 96
Trd, 4319032.143, 96
Trd, 4319032.293, 95
Trd, 4319034.343, 96
Trd, 4319035.643, 96
Trd, 4319037.493, 96
Trd, 4319038.343, 95
Trd, 4319045.743, 96
Trd, 4319046.943, 96
Trd, 4319049.093, 106
Trd, 4319049.243, 104
Trd, 4319049.293, 100
Trd, 4319050.393, 113
Trd, 4319053.643, 105
Trd, 4319054.693, 104
Trd, 4319055.093, 105
Trd, 4319055.343, 105
Trd, 4319055.593, 103
Trd, 4319057.943, 97
Trd, 4319058.643, 97
Trd, 4319061.093, 97
Trd, 4319061.293, 98
Trd, 4319062.443, 91
Trd, 4319062.943, 93
Trd, 4319064.793, 96
Trd, 4319065.843, 95
Trd, 4319065.993, 94
Trd, 4319067.843, 93
Trd, 4319068.493, 93
Trd, 4319071.843, 93
Trd, 4319073.093, 93
Trd, 4319073.193, 110
Trd, 4319076.943, 95
Trd, 4319077.643, 98
Trd, 4319079.543, 97
Trd, 4319080.843, 96
Trd, 4319081.143, 95
Trd, 4319081.343, 97
Trd, 4319084.693, 95
Trd, 4319085.843, 95
Trd, 4319089.943, 94
Trd, 4319091.393, 95
Trd, 4319091.843, 95
Trd, 4319093.543, 94
Trd, 4319094.643, 95
Trd, 4319098.443, 93
Trd, 4319100.093, 94
Trd, 4319100.143, 104
Trd, 4319102.543, 96
Trd, 4319105.593, 95
Trd, 4319106.193, 94
Trd, 4319109.593, 95
Trd, 4319110.293, 92
Trd, 4319112.393, 94
Trd, 4319113.743, 94
Trd, 4319113.893, 93
Trd, 4319114.593, 93
Trd, 4319116.543, 92
Trd, 4319118.793, 93
Trd, 4319120.443, 93
Trd, 4319121.493, 92
Trd, 4319123.293, 91
Trd, 4319126.693, 91
Trd, 4319128.143, 91
Trd, 4319128.593, 90
Trd, 4319128.993, 90
Trd, 4319132.593, 90
Trd, 4319134.143, 90
Trd, 4319134.443, 91
Trd, 4319136.193, 90
Trd, 4319140.293, 90
Trd, 4319141.343, 89
Trd, 4319141.943, 88
Trd, 4319143.643, 88
Trd, 4319144.143, 89
Trd, 4319145.293, 89
Trd, 4319148.143, 104
Trd, 4319150.543, 94
Trd, 4319150.943, 95
Trd, 4319152.843, 93
Trd, 4319153.543, 93
Trd, 4319156.593, 93
Trd, 4319156.893, 92
Trd, 4319159.193, 91
Trd, 4319159.943, 92
Trd, 4319161.893, 90
Trd, 4319162.393, 91
Trd, 4319164.893, 90
Trd, 4319165.143, 90
Trd, 4319168.843, 91
Trd, 4319173.093, 90
Trd, 4319174.043, 90
Trd, 4319176.093, 89
Trd, 4319178.743, 90
Trd, 4319178.993, 89
Trd, 4319179.943, 90
Trd, 4319180.843, 88
Trd, 4319182.893, 89
Trd, 4319183.693, 89
Trd, 4319187.043, 91
Trd, 4319187.093, 90
Trd, 4319187.743, 113
Trd, 4319191.593, 94
Trd, 4319194.593, 92
Trd, 4319195.593, 92
Trd, 4319197.243, 91
Trd, 4319197.993, 90
Trd, 4319199.543, 91
Trd, 4319202.093, 90
Trd, 4319206.643, 91
Trd, 4319206.693, 91
Trd, 4319207.793, 90
Trd, 4319210.493, 90
Trd, 4319211.893, 89
Trd, 4319214.793, 90
Trd, 4319215.243, 90
Trd, 4319217.643, 89
Trd, 4319218.343, 90
Trd, 4319225.193, 90
Trd, 4319225.743, 89
Trd, 4319229.743, 90
Trd, 4319231.743, 89
Trd, 4319231.793, 91
Trd, 4319234.643, 88
Trd, 4319234.743, 88
Trd, 4319234.793, 88
Trd, 4319237.243, 87
Trd, 4319239.543, 87
Trd, 4319240.393, 88
Trd, 4319241.693, 88
Trd, 4319243.243, 87
Trd, 4319244.843, 87
Trd, 4319245.043, 87
Trd, 4319249.093, 86
Trd, 4319249.243, 87
Trd, 4319249.943, 88
Trd, 4319252.143, 85
Trd, 4319253.043, 86
Trd, 4319253.543, 86
Trd, 4319253.593, 111
Trd, 4319255.793, 89
Trd, 4319259.643, 91
Trd, 4319259.943, 90
Trd, 4319260.293, 92
Trd, 4319262.243, 89
Trd, 4319263.893, 89
Trd, 4319266.193, 89
Trd, 4319266.893, 90
Trd, 4319269.043, 89
Trd, 4319271.243, 90
Trd, 4319273.243, 88
Trd, 4319273.643, 88
Trd, 4319275.643, 89
Trd, 4319278.843, 87
Trd, 4319279.243, 88
Trd, 4319282.193, 88
Trd, 4319282.843, 87
Trd, 4319285.043, 86
Trd, 4319285.943, 105
Trd, 4319287.243, 90
Trd, 4319288.243, 95
Trd, 4319291.343, 94
Trd, 4319292.393, 94
Trd, 4319294.493, 93
Trd, 4319294.893, 92
Trd, 4319295.743, 94
Trd, 4319297.093, 93
Trd, 4319298.443, 92
Trd, 4319300.543, 93
Trd, 4319300.593, 93
Trd, 4319300.943, 94
Trd, 4319304.343, 93
Trd, 4319305.793, 95
Trd, 4319309.843, 93
Trd, 4319310.543, 94
Trd, 4319311.343, 93
Trd, 4319313.243, 93
Trd, 4319314.643, 92
Trd, 4319315.943, 93
Trd, 4319317.043, 94
Trd, 4319318.643, 100
Trd, 4319319.243, 96
Trd, 4319321.693, 99
Trd, 4319322.493, 99
Trd, 4319325.393, 95
Trd, 4319325.593, 102
Trd, 4319328.443, 98
Trd, 4319330.693, 100
Trd, 4319333.193, 97
Trd, 4319333.593, 97
Trd, 4319335.193, 97
Trd, 4319336.193, 98
Trd, 4319338.993, 96
Trd, 4319339.793, 95
Trd, 4319343.593, 95
Trd, 4319344.393, 96
Trd, 4319345.843, 95
Trd, 4319346.043, 94
Trd, 4319346.693, 109
Trd, 4319351.093, 97
Trd, 4319351.793, 97
Trd, 4319351.893, 97
Trd, 4319354.743, 95
Trd, 4319355.343, 95
Trd, 4319355.593, 95
Trd, 4319359.593, 113
Trd, 4319360.343, 99
Trd, 4319364.243, 98
Trd, 4319364.293, 97
Trd, 4319366.543, 98
Trd, 4319369.943, 96
Trd, 4319370.543, 99
Trd, 4319373.643, 99
Trd, 4319374.243, 100
Trd, 4319376.843, 97
Trd, 4319377.793, 98
Trd, 4319379.993, 96
Trd, 4319382.593, 96
Trd, 4319383.293, 95
Trd, 4319385.443, 94
Trd, 4319388.093, 93
Trd, 4319388.293, 95
Trd, 4319390.993, 93
Trd, 4319391.393, 94
Trd, 4319392.243, 93
Trd, 4319395.643, 93
Trd, 4319399.143, 93
Trd, 4319399.393, 92
Trd, 4319399.943, 92
Trd, 4319401.793, 94
Trd, 4319403.393, 94
Trd, 4319404.543, 94
Trd, 4319407.443, 94
Trd, 4319407.643, 101
Trd, 4319409.943, 94
Trd, 4319411.193, 95
Trd, 4319413.443, 94
Trd, 4319413.643, 93
Trd, 4319413.893, 93
Trd, 4319414.793, 113
Trd, 4319416.693, 98
Trd, 4319418.593, 99
Trd, 4319421.493, 100
Trd, 4319422.743, 101
Trd, 4319424.493, 102
Trd, 4319425.843, 104
Trd, 4319429.493, 102
Trd, 4319429.593, 102
Trd, 4319430.343, 103
Trd, 4319431.393, 102
Trd, 4319432.343, 101
Trd, 4319435.293, 102
Trd, 4319436.293, 103
Trd, 4319439.643, 102
Trd, 4319440.693, 101
Trd, 4319442.593, 101
Trd, 4319444.593, 102
Trd, 4319446.643, 100
Trd, 4319446.943, 102
Trd, 4319449.793, 101
Trd, 4319450.143, 100
Trd, 4319453.393, 100
Trd, 4319453.643, 100
Trd, 4319458.043, 100
Trd, 4319459.343, 99
Trd, 4319460.493, 100
Trd, 4319464.893, 100
Trd, 4319464.943, 98
Trd, 4319465.843, 99
Trd, 4319466.293, 99
Trd, 4319467.093, 98
Trd, 4319468.793, 99
Trd, 4319473.893, 97
Trd, 4319474.593, 98
Trd, 4319475.493, 98
Trd, 4319476.843, 108
Trd, 4319479.043, 99
Trd, 4319481.443, 99
Trd, 4319483.243, 98
Trd, 4319483.943, 97
Trd, 4319484.243, 97
Trd, 4319488.593, 97
Trd, 4319488.693, 98
Trd, 4319491.293, 98
Trd, 4319491.443, 97
Trd, 4319495.043, 96
Trd, 4319495.793, 95
Trd, 4319496.743, 96
Trd, 4319497.493, 113
Trd, 4319502.693, 95
Trd, 4319504.593, 96
Trd, 4319507.543, 95
Trd, 4319508.343, 96
Trd, 4319509.043, 95
Trd, 4319510.543, 96
Trd, 4319512.393, 95
Trd, 4319514.143, 96
Trd, 4319514.793, 94
Trd, 4319515.193, 95
Trd, 4319519.493, 95
Trd, 4319519.793, 93
Trd, 4319520.543, 93
Trd, 4319523.643, 94
Trd, 4319524.343, 94
Trd, 4319525.093, 94
Trd, 4319526.693, 93
Trd, 4319526.843, 92
Trd, 4319529.743, 94
Trd, 4319530.343, 100
Trd, 4319532.043, 96
Trd, 4319533.843, 95
Trd, 4319536.543, 95
Trd, 4319537.843, 95
Trd, 4319538.593, 94
Trd, 4319538.993, 96
Trd, 4319540.643, 94
Trd, 4319544.543, 94
Trd, 4319545.043, 93
Trd, 4319547.343, 94
Trd, 4319547.693, 94
Trd, 4319548.993, 94
Trd, 4319553.393, 93
Trd, 4319554.843, 94
Trd, 4319554.943, 94
Trd, 4319556.343, 93
Trd, 4319558.493, 93
Trd, 4319560.593, 94
Trd, 4319564.243, 94
Trd, 4319565.693, 93
Trd, 4319568.093, 94
Trd, 4319568.593, 94
Trd, 4319571.793, 93
Trd, 4319575.343, 92
Trd, 4319576.793, 91
Trd, 4319576.943, 92
Trd, 4319577.993, 91
Trd, 4319578.693, 92
Trd, 4319579.893, 93
Trd, 4319581.193, 97
Trd, 4319584.743, 104
Trd, 4319585.143, 98
Trd, 4319587.343, 99
Trd, 4319588.043, 99
Trd, 4319588.993, 98
Trd, 4319590.443, 107
Trd, 4319591.493, 99
Trd, 4319593.593, 99
Trd, 4319594.593, 99
Trd, 4319594.643, 98
Trd, 4319597.443, 99
Trd, 4319598.243, 100
Trd, 4319599.193, 98
Trd, 4319600.243, 98
Trd, 4319602.093, 99
Trd, 4319604.593, 98
Trd, 4319606.643, 97
Trd, 4319607.993, 96
Trd, 4319608.793, 96
Trd, 4319609.243, 95
Trd, 4319610.093, 97
Trd, 4319611.643, 96
Trd, 4319613.743, 98
Trd, 4319615.993, 100
Trd, 4319616.893, 99
Trd, 4319617.193, 104
Trd, 4319620.393, 101
Trd, 4319622.093, 99
Trd, 4319622.293, 98
Trd, 4319624.043, 99
Trd, 4319626.743, 99
Trd, 4319627.143, 100
Trd, 4319628.393, 99
Trd, 4319631.943, 99
Trd, 4319632.243, 99
Trd, 4319637.893, 99
Trd, 4319639.393, 99
Trd, 4319639.893, 99
Trd, 4319640.493, 98
Trd, 4319643.643, 97
Trd, 4319643.793, 97
Trd, 4319645.093, 101
Trd, 4319645.843, 100
Trd, 4319646.143, 101
Trd, 4319647.443, 105
Trd, 4319650.093, 102
Trd, 4319650.593, 103
Trd, 4319651.543, 102
Trd, 4319653.943, 101
Trd, 4319655.143, 100
Trd, 4319655.593, 101
Trd, 4319657.293, 102
Trd, 4319661.193, 103
Trd, 4319661.293, 102
Trd, 4319662.693, 112
Trd, 4319664.043, 107
Trd, 4319666.643, 103
Trd, 4319669.943, 102
Trd, 4319670.443, 101
Trd, 4319670.843, 100
Trd, 4319672.193, 100
Trd, 4319674.143, 100
Trd, 4319675.193, 105
Trd, 4319676.393, 99
Trd, 4319679.693, 100
Trd, 4319680.793, 99
Trd, 4319681.443, 98
Trd, 4319683.143, 99
Trd, 4319683.843, 105
Trd, 4319686.593, 98
Trd, 4319688.543, 99
Trd, 4319689.743, 99
Trd, 4319690.093, 98
Trd, 4319691.143, 98
Trd, 4319693.093, 98
Trd, 4319698.793, 98
Trd, 4319699.793, 96
Trd, 4319700.143, 98
Trd, 4319700.643, 98
Trd, 4319703.943, 98
Trd, 4319707.093, 97
Trd, 4319707.943, 96
Trd, 4319708.443, 98
Trd, 4319711.843, 97
Trd, 4319712.293, 97
Trd, 4319713.343, 97
Trd, 4319715.343, 96
Trd, 4319716.743, 97
Trd, 4319718.993, 97
Trd, 4319720.143, 98
Trd, 4319721.193, 97
Trd, 4319722.343, 97
Trd, 4319725.543, 96
Trd, 4319725.793, 96
Trd, 4319727.843, 97
Trd, 4319729.493, 96
Trd, 4319732.843, 96
Trd, 4319733.343, 96
Trd, 4319736.293, 95
Trd, 4319737.043, 96
Trd, 4319739.143, 96
Trd, 4319740.743, 95
Trd, 4319742.293, 95
Trd, 4319742.543, 94
Trd, 4319742.843, 94
Trd, 4319746.243, 95
Trd, 4319748.543, 95
Trd, 4319748.843, 95
Trd, 4319751.643, 94
Trd, 4319751.943, 94
Trd, 4319754.843, 94
Trd, 4319755.193, 94
Trd, 4319756.493, 94
Trd, 4319757.893, 93
Trd, 4319759.393, 93
Trd, 4319760.893, 93
Trd, 4319760.943, 94
Trd, 4319762.043, 93
Trd, 4319763.693, 96
Trd, 4319766.893, 102
Trd, 4319768.493, 100
Trd, 4319769.243, 96
Trd, 4319769.793, 95
Trd, 4319772.943, 99
Trd, 4319775.393, 98
Trd, 4319777.443, 99
Trd, 4319778.743, 98
Trd, 4319781.393, 97
Trd, 4319782.343, 98
Trd, 4319782.843, 96
Trd, 4319786.493, 96
Trd, 4319786.993, 95
Trd, 4319787.543, 105
Trd, 4319788.143, 97
Trd, 4319788.843, 113
Trd, 4319793.743, 98
Trd, 4319795.543, 97
Trd, 4319796.593, 99
Trd, 4319800.843, 98
Trd, 4319801.493, 97
Trd, 4319802.093, 99
Trd, 4319803.343, 96
Trd, 4319805.743, 96
Trd, 4319807.093, 96
Trd, 4319808.143, 95
Trd, 4319808.643, 96
Trd, 4319810.743, 98
Trd, 4319811.943, 97
Trd, 4319813.343, 96
Trd, 4319814.693, 95
Trd, 4319815.593, 96
Trd, 4319816.893, 99
Trd, 4319818.193, 97
Trd, 4319821.743, 98
Trd, 4319823.443, 95
Trd, 4319823.793, 93
Trd, 4319824.693, 93
Trd, 4319825.993, 93
Trd, 4319827.143, 92
Trd, 4319828.443, 90
Trd, 4319829.493, 90
Trd, 4319830.643, 92
Trd, 4319831.943, 111
Trd, 4319836.493, 109
Trd, 4319836.643, 102
Trd, 4319837.343, 102
Trd, 4319839.393, 103
Trd, 4319841.793, 103
Trd, 4319841.893, 102
Trd, 4319843.243, 104
Trd, 4319845.393, 101
Trd, 4319847.993, 101
Trd, 4319848.693, 102
Trd, 4319850.143, 101
Trd, 4319851.993, 102
Trd, 4319853.743, 99
Trd, 4319855.093, 98
Trd, 4319855.293, 102
Trd, 4319857.043, 100
Trd, 4319857.993, 93
Trd, 4319859.143, 93
Trd, 4319860.393, 90
Trd, 4319862.593, 90
Trd, 4319862.793, 90
Trd, 4319864.593, 95
Trd, 4319864.743, 93
Trd, 4319865.293, 102
Trd, 4319867.643, 94
Trd, 4319868.243, 93
Trd, 4319869.143, 94
Trd, 4319869.793, 92
Trd, 4319871.843, 95
Trd, 4319874.893, 95
Trd, 4319877.143, 97
Trd, 4319878.543, 97
Trd, 4319878.943, 103
Trd, 4319881.743, 96
Trd, 4319885.193, 98
Trd, 4319885.493, 98
Trd, 4319885.793, 106
Trd, 4319889.043, 97
Trd, 4319889.843, 99
Trd, 4319890.993, 98
Trd, 4319892.893, 98
Trd, 4319892.993, 98
Trd, 4319895.093, 96
Trd, 4319896.593, 97
Trd, 4319896.643, 97
Trd, 4319897.743, 96
Trd, 4319900.093, 96
Trd, 4319901.843, 96
Trd, 4319904.943, 95
Trd, 4319905.343, 96
Trd, 4319906.943, 95
Trd, 4319912.843, 95
Trd, 4319913.393, 94
Trd, 4319913.943, 95
Trd, 4319917.443, 94
Trd, 4319917.693, 95
Trd, 4319919.893, 93
Trd, 4319923.643, 94
Trd, 4319923.793, 95
Trd, 4319927.443, 93
Trd, 4319929.343, 94
Trd, 4319929.443, 93
Trd, 4319930.943, 94
Trd, 4319932.543, 94
Trd, 4319935.543, 94
Trd, 4319935.893, 93
Trd, 4319936.993, 93
Trd, 4319937.793, 93
Trd, 4319940.393, 95
Trd, 4319943.143, 94
Trd, 4319943.343, 94
Trd, 4319943.793, 97
Trd, 4319945.293, 112
Trd, 4319947.293, 100
Trd, 4319949.493, 100
Trd, 4319950.743, 99
Trd, 4319951.043, 100
Trd, 4319951.643, 100
Trd, 4319954.443, 100
Trd, 4319955.493, 100
Trd, 4319957.043, 99
Trd, 4319958.843, 98
Trd, 4319959.093, 99
Trd, 4319960.943, 98
Trd, 4319960.993, 100
Trd, 4319961.193, 97
Trd, 4319965.093, 98
Trd, 4319965.243, 97
Trd, 4319967.643, 96
Trd, 4319969.943, 97
Trd, 4319970.743, 97
Trd, 4319971.893, 96
Trd, 4319972.693, 97
Trd, 4319976.043, 97
Trd, 4319979.993, 98
Trd, 4319982.793, 97
Trd, 4319983.093, 98
Trd, 4319984.743, 97
Trd, 4319986.143, 96
Trd, 4319986.793, 97
Trd, 4319988.643, 97
Trd, 4319990.393, 95
Trd, 4319994.393, 96
Trd, 4319996.193, 96
Trd, 4319997.793, 95
Trd, 4319998.443, 96
