Trd, 4317877.743, 95
Trd, 4317878.343, 95
Trd, 4317878.743, 95
Trd, 4317878.843, 98
Trd, 4317880.943, 94
Trd, 4317881.943, 95
Trd, 4317882.193, 109
Trd, 4317885.393, 97
Trd, 4317885.643, 97
Trd, 4317888.393, 99
Trd, 4317888.793, 98
Trd, 4317892.793, 98
Trd, 4317892.843, 98
Trd, 4317892.893, 99
Trd, 4317896.243, 99
Trd, 4317896.643, 99
Trd, 4317898.093, 98
Trd, 4317898.743, 98
Trd, 4317899.743, 99
Trd, 4317900.143, 104
Trd, 4317901.243, 97
Trd, 4317904.343, 99
Trd, 4317905.943, 101
Trd, 4317906.543, 101
Trd, 4317908.893, 100
Trd, 4317909.593, 100
Trd, 4317910.043, 101
Trd, 4317913.343, 100
Trd, 4317913.943, 99
Trd, 4317913.993, 98
Trd, 4317914.743, 100
Trd, 4317914.793, 97
Trd, 4317914.843, 94
Trd, 4317915.493, 85
Trd, 4317917.493, 100
Trd, 4317920.893, 94
Trd, 4317923.293, 94
Trd, 4317924.293, 93
Trd, 4317925.093, 92
Trd, 4317925.293, 92
Trd, 4317925.993, 93
Trd, 4317926.493, 95
Trd, 4317927.943, 101
Trd, 4317928.243, 102
Trd, 4317930.043, 100
Trd, 4317931.593, 108
Trd, 4317932.793, 86
Trd, 4317934.893, 97
Trd, 4317934.943, 96
Trd, 4317935.243, 94
Trd, 4317938.943, 95
Trd, 4317940.093, 96
Trd, 4317940.193, 94
Trd, 4317941.443, 93
Trd, 4317941.693, 77
Trd, 4317945.343, 94
Trd, 4317945.943, 95
Trd, 4317946.843, 94
Trd, 4317946.943, 94
Trd, 4317948.493, 95
Trd, 4317949.143, 95
Trd, 4317949.593, 85
Trd, 4317949.843, 95
Trd, 4317953.043, 90
Trd, 4317953.293, 97
Trd, 4317953.493, 89
Trd, 4317957.043, 92
Trd, 4317958.743, 92
Trd, 4317959.043, 93
Trd, 4317959.343, 91
Trd, 4317960.643, 92
Trd, 4317964.743, 94
Trd, 4317965.493, 93
Trd, 4317966.043, 95
Trd, 4317968.193, 92
Trd, 4317968.293, 104
Trd, 4317969.093, 92
Trd, 4317973.093, 93
Trd, 4317973.493, 94
Trd, 4317974.143, 92
Trd, 4317974.643, 92
Trd, 4317976.343, 93
Trd, 4317979.493, 94
Trd, 4317979.593, 93
Trd, 4317979.843, 86
Trd, 4317979.993, 95
Trd, 4317983.093, 90
Trd, 4317985.743, 90
Trd, 4317987.843, 89
Trd, 4317988.093, 93
Trd, 4317990.393, 88
Trd, 4317993.343, 89
Trd, 4317994.593, 92
Trd, 4317994.993, 88
Trd, 4317996.343, 94
Trd, 4317997.693, 88
Trd, 4317999.693, 93
Trd, 4318000.493, 91
Trd, 4318001.843, 92
Trd, 4318004.593, 91
Trd, 4318005.643, 93
Trd, 4318005.843, 91
Trd, 4318008.343, 91
Trd, 4318009.993, 91
Trd, 4318012.393, 104
Trd, 4318012.593, 112
Trd, 4318013.993, 109
Trd, 4318015.593, 108
Trd, 4318016.443, 112
Trd, 4318017.393, 109
Trd, 4318019.043, 108
Trd, 4318019.193, 108
Trd, 4318020.493, 106
Trd, 4318020.643, 106
Trd, 4318021.193, 103
Trd, 4318021.943, 90
Trd, 4318023.343, 108
Trd, 4318026.393, 100
Trd, 4318027.493, 102
Trd, 4318029.093, 101
Trd, 4318029.693, 102
Trd, 4318030.843, 100
Trd, 4318031.443, 121
Trd, 4318031.743, 99
Trd, 4318034.193, 115
Trd, 4318034.243, 100
Trd, 4318036.943, 102
Trd, 4318039.043, 102
Trd, 4318040.493, 101
Trd, 4318041.243, 103
Trd, 4318041.643, 103
Trd, 4318045.443, 102
Trd, 4318045.843, 101
Trd, 4318046.443, 103
Trd, 4318047.293, 95
Trd, 4318048.043, 86
Trd, 4318048.643, 90
Trd, 4318052.943, 100
Trd, 4318053.493, 101
Trd, 4318053.843, 100
Trd, 4318054.143, 98
Trd, 4318055.793, 99
Trd, 4318058.443, 100
Trd, 4318058.643, 104
Trd, 4318058.893, 99
Trd, 4318062.143, 101
Trd, 4318062.943, 98
Trd, 4318066.893, 99
Trd, 4318067.243, 97
Trd, 4318067.693, 99
Trd, 4318068.493, 98
Trd, 4318068.693, 95
Trd, 4318068.743, 94
Trd, 4318071.893, 94
Trd, 4318072.693, 92
Trd, 4318072.793, 95
Trd, 4318073.643, 92
Trd, 4318074.543, 95
Trd, 4318076.593, 95
Trd, 4318078.493, 94
Trd, 4318079.093, 95
Trd, 4318079.193, 94
Trd, 4318079.393, 98
Trd, 4318083.193, 94
Trd, 4318083.493, 97
Trd, 4318084.693, 93
Trd, 4318085.843, 92
Trd, 4318087.343, 93
Trd, 4318090.093, 92
Trd, 4318091.043, 92
Trd, 4318093.693, 91
Trd, 4318095.593, 92
Trd, 4318097.393, 93
Trd, 4318097.493, 91
Trd, 4318098.143, 95
Trd, 4318099.443, 91
Trd, 4318099.893, 91
Trd, 4318100.043, 91
Trd, 4318101.193, 90
Trd, 4318103.843, 91
Trd, 4318104.493, 93
Trd, 4318105.293, 92
Trd, 4318106.093, 91
Trd, 4318109.343, 90
Trd, 4318109.693, 94
Trd, 4318109.793, 90
Trd, 4318111.893, 95
Trd, 4318113.293, 90
Trd, 4318113.843, 93
Trd, 4318114.743, 92
Trd, 4318116.693, 93
Trd, 4318118.943, 101
Trd, 4318119.243, 101
Trd, 4318119.843, 104
Trd, 4318122.793, 104
Trd, 4318122.893, 113
Trd, 4318123.643, 102
Trd, 4318123.893, 102
Trd, 4318125.793, 95
Trd, 4318128.743, 99
Trd, 4318130.143, 102
Trd, 4318130.943, 98
Trd, 4318132.993, 99
Trd, 4318133.543, 99
Trd, 4318135.443, 98
Trd, 4318136.043, 99
Trd, 4318136.643, 97
Trd, 4318137.443, 97
Trd, 4318139.643, 97
Trd, 4318141.393, 96
Trd, 4318144.093, 96
Trd, 4318144.393, 95
Trd, 4318144.543, 85
Trd, 4318146.793, 92
Trd, 4318147.143, 97
Trd, 4318149.943, 97
Trd, 4318149.993, 96
Trd, 4318152.943, 97
Trd, 4318155.243, 96
Trd, 4318155.643, 97
Trd, 4318155.743, 96
Trd, 4318156.293, 94
Trd, 4318157.293, 96
Trd, 4318157.893, 94
Trd, 4318158.593, 97
Trd, 4318160.993, 94
Trd, 4318161.293, 93
Trd, 4318164.443, 95
Trd, 4318165.693, 95
Trd, 4318166.693, 94
Trd, 4318168.793, 94
Trd, 4318170.993, 93
Trd, 4318172.743, 94
Trd, 4318173.293, 94
Trd, 4318173.843, 93
Trd, 4318175.943, 92
Trd, 4318176.343, 95
Trd, 4318180.143, 93
Trd, 4318180.743, 92
Trd, 4318181.393, 95
Trd, 4318184.043, 96
Trd, 4318184.743, 97
Trd, 4318184.893, 96
Trd, 4318186.743, 94
Trd, 4318188.443, 97
Trd, 4318190.343, 96
Trd, 4318190.843, 95
Trd, 4318191.693, 96
Trd, 4318194.093, 96
Trd, 4318194.193, 95
Trd, 4318195.143, 94
Trd, 4318196.393, 93
Trd, 4318197.093, 96
Trd, 4318199.893, 93
Trd, 4318201.493, 94
Trd, 4318202.393, 92
Trd, 4318202.793, 92
Trd, 4318202.993, 91
Trd, 4318203.493, 96
Trd, 4318206.843, 90
Trd, 4318208.693, 90
Trd, 4318210.943, 91
Trd, 4318210.993, 89
Trd, 4318212.093, 94
Trd, 4318212.793, 95
Trd, 4318213.143, 104
Trd, 4318214.143, 94
Trd, 4318215.943, 96
Trd, 4318217.143, 97
Trd, 4318218.443, 94
Trd, 4318218.743, 96
Trd, 4318222.093, 103
Trd, 4318222.943, 102
Trd, 4318223.093, 100
Trd, 4318225.193, 104
Trd, 4318226.543, 107
Trd, 4318227.093, 100
Trd, 4318229.843, 104
Trd, 4318231.093, 104
Trd, 4318231.793, 104
Trd, 4318232.193, 103
Trd, 4318234.893, 102
Trd, 4318235.293, 101
Trd, 4318236.993, 101
Trd, 4318237.243, 93
Trd, 4318239.343, 93
Trd, 4318240.593, 95
Trd, 4318240.743, 94
Trd, 4318241.293, 93
Trd, 4318241.843, 112
Trd, 4318242.293, 95
Trd, 4318245.343, 97
Trd, 4318245.793, 96
Trd, 4318248.093, 95
Trd, 4318248.943, 113
Trd, 4318249.393, 94
Trd, 4318254.093, 97
Trd, 4318254.193, 96
Trd, 4318256.143, 95
Trd, 4318256.293, 95
Trd, 4318257.893, 96
Trd, 4318258.993, 95
Trd, 4318259.943, 104
Trd, 4318261.193, 94
Trd, 4318261.593, 93
Trd, 4318261.693, 93
Trd, 4318264.343, 92
Trd, 4318265.693, 104
Trd, 4318267.893, 97
Trd, 4318268.093, 97
Trd, 4318269.043, 98
Trd, 4318270.893, 97
Trd, 4318271.443, 94
Trd, 4318272.593, 85
Trd, 4318272.943, 98
Trd, 4318276.443, 96
Trd, 4318277.143, 94
Trd, 4318277.243, 93
Trd, 4318279.543, 93
Trd, 4318280.543, 94
Trd, 4318282.093, 113
Trd, 4318282.393, 99
Trd, 4318283.093, 93
Trd, 4318283.443, 98
Trd, 4318285.093, 93
Trd, 4318288.443, 101
Trd, 4318288.493, 102
Trd, 4318288.943, 99
Trd, 4318290.143, 77
Trd, 4318294.493, 95
Trd, 4318295.093, 94
Trd, 4318296.293, 93
Trd, 4318296.943, 96
Trd, 4318297.643, 92
Trd, 4318298.143, 91
Trd, 4318298.343, 91
Trd, 4318299.693, 94
Trd, 4318302.893, 93
Trd, 4318304.043, 91
Trd, 4318305.693, 90
Trd, 4318308.893, 93
Trd, 4318311.893, 91
Trd, 4318312.843, 91
Trd, 4318313.093, 90
Trd, 4318313.493, 85
Trd, 4318316.193, 89
Trd, 4318317.543, 88
Trd, 4318317.643, 89
Trd, 4318318.643, 89
Trd, 4318321.043, 92
Trd, 4318321.393, 90
Trd, 4318323.643, 95
Trd, 4318324.743, 93
Trd, 4318325.243, 94
Trd, 4318325.593, 93
Trd, 4318326.793, 87
Trd, 4318331.493, 90
Trd, 4318332.393, 93
Trd, 4318332.943, 90
Trd, 4318335.093, 90
Trd, 4318336.143, 91
Trd, 4318336.493, 91
Trd, 4318336.543, 90
Trd, 4318341.343, 92
Trd, 4318341.743, 90
Trd, 4318342.193, 91
Trd, 4318343.693, 95
Trd, 4318344.193, 104
Trd, 4318345.893, 91
Trd, 4318346.243, 106
Trd, 4318346.593, 93
Trd, 4318346.943, 91
Trd, 4318349.493, 93
Trd, 4318351.993, 94
Trd, 4318354.143, 94
Trd, 4318356.493, 94
Trd, 4318356.893, 93
Trd, 4318358.293, 92
Trd, 4318360.093, 92
Trd, 4318361.143, 95
Trd, 4318362.243, 92
Trd, 4318362.843, 90
Trd, 4318363.593, 93
Trd, 4318365.343, 92
Trd, 4318368.493, 91
Trd, 4318369.043, 92
Trd, 4318370.443, 91
Trd, 4318370.743, 93
Trd, 4318373.093, 91
Trd, 4318373.843, 94
Trd, 4318375.743, 95
Trd, 4318377.193, 94
Trd, 4318378.143, 94
Trd, 4318378.893, 96
Trd, 4318381.293, 94
Trd, 4318382.293, 93
Trd, 4318384.893, 94
Trd, 4318385.193, 93
Trd, 4318386.193, 92
Trd, 4318387.193, 92
Trd, 4318389.693, 94
Trd, 4318390.893, 93
Trd, 4318392.043, 92
Trd, 4318393.943, 94
Trd, 4318394.693, 94
Trd, 4318397.493, 93
Trd, 4318398.793, 93
Trd, 4318399.343, 95
Trd, 4318400.893, 92
Trd, 4318401.843, 91
Trd, 4318402.293, 94
Trd, 4318405.393, 94
Trd, 4318407.093, 93
Trd, 4318407.643, 94
Trd, 4318408.743, 92
Trd, 4318410.643, 93
Trd, 4318414.943, 93
Trd, 4318415.693, 94
Trd, 4318415.743, 95
Trd, 4318416.493, 93
Trd, 4318417.993, 92
Trd, 4318419.643, 92
Trd, 4318420.693, 91
Trd, 4318422.343, 90
Trd, 4318423.443, 92
Trd, 4318426.343, 94
Trd, 4318426.393, 92
Trd, 4318427.643, 95
Trd, 4318428.193, 92
Trd, 4318430.493, 92
Trd, 4318432.193, 93
Trd, 4318432.593, 102
Trd, 4318433.493, 104
Trd, 4318434.793, 112
Trd, 4318434.993, 102
Trd, 4318437.543, 105
Trd, 4318437.993, 110
Trd, 4318438.793, 103
Trd, 4318439.343, 102
Trd, 4318443.093, 103
Trd, 4318443.643, 101
Trd, 4318444.893, 100
Trd, 4318446.543, 99
Trd, 4318447.043, 102
Trd, 4318447.343, 102
Trd, 4318449.493, 112
Trd, 4318449.993, 112
Trd, 4318451.893, 113
Trd, 4318454.543, 113
Trd, 4318454.843, 103
Trd, 4318455.443, 103
Trd, 4318456.043, 103
Trd, 4318456.843, 101
Trd, 4318457.143, 101
Trd, 4318458.043, 101
Trd, 4318458.543, 100
Trd, 4318460.943, 99
Trd, 4318464.093, 99
Trd, 4318464.343, 98
Trd, 4318464.893, 95
Trd, 4318464.943, 100
Trd, 4318467.593, 95
Trd, 4318468.543, 96
Trd, 4318470.593, 99
Trd, 4318471.893, 95
Trd, 4318473.193, 99
Trd, 4318474.693, 96
Trd, 4318475.543, 96
Trd, 4318476.243, 97
Trd, 4318477.193, 94
Trd, 4318478.993, 97
Trd, 4318480.493, 94
Trd, 4318482.293, 95
Trd, 4318482.843, 93
Trd, 4318484.693, 94
Trd, 4318484.943, 93
Trd, 4318486.293, 95
Trd, 4318487.193, 93
Trd, 4318489.293, 94
Trd, 4318489.643, 95
Trd, 4318489.943, 104
Trd, 4318491.443, 97
Trd, 4318492.143, 98
Trd, 4318494.043, 99
Trd, 4318495.043, 98
Trd, 4318497.093, 99
Trd, 4318498.393, 99
Trd, 4318499.893, 100
Trd, 4318500.293, 98
Trd, 4318503.543, 98
Trd, 4318503.593, 97
Trd, 4318503.743, 97
Trd, 4318505.343, 97
Trd, 4318506.743, 98
Trd, 4318508.543, 97
Trd, 4318509.493, 97
Trd, 4318509.643, 113
Trd, 4318513.493, 101
Trd, 4318513.943, 101
Trd, 4318514.443, 100
Trd, 4318515.643, 100
Trd, 4318517.893, 99
Trd, 4318519.693, 97
Trd, 4318520.343, 94
Trd, 4318520.993, 96
Trd, 4318524.043, 96
Trd, 4318524.843, 95
Trd, 4318525.993, 94
Trd, 4318526.393, 98
Trd, 4318527.693, 93
Trd, 4318530.443, 97
Trd, 4318531.643, 94
Trd, 4318533.043, 94
Trd, 4318534.493, 94
Trd, 4318535.593, 95
Trd, 4318536.043, 94
Trd, 4318537.193, 95
Trd, 4318539.343, 99
Trd, 4318539.893, 100
Trd, 4318539.943, 108
Trd, 4318541.993, 99
Trd, 4318542.293, 109
Trd, 4318542.343, 98
Trd, 4318545.193, 100
Trd, 4318545.393, 99
Trd, 4318546.393, 99
Trd, 4318547.543, 102
Trd, 4318549.543, 94
Trd, 4318550.043, 101
Trd, 4318553.043, 100
Trd, 4318553.393, 97
Trd, 4318554.043, 96
Trd, 4318555.693, 97
Trd, 4318556.443, 100
Trd, 4318560.143, 96
Trd, 4318560.293, 96
Trd, 4318561.393, 98
Trd, 4318562.493, 94
Trd, 4318564.793, 98
Trd, 4318565.293, 98
Trd, 4318567.493, 97
Trd, 4318567.693, 96
Trd, 4318567.743, 104
Trd, 4318568.043, 94
Trd, 4318570.043, 99
Trd, 4318571.643, 93
Trd, 4318572.593, 92
Trd, 4318575.493, 97
Trd, 4318575.943, 95
Trd, 4318576.193, 93
Trd, 4318576.793, 91
Trd, 4318578.493, 93
Trd, 4318581.893, 94
Trd, 4318583.093, 94
Trd, 4318583.443, 93
Trd, 4318586.243, 92
Trd, 4318586.443, 92
Trd, 4318588.743, 94
Trd, 4318589.343, 92
Trd, 4318589.443, 95
Trd, 4318592.093, 91
Trd, 4318593.293, 87
Trd, 4318595.543, 95
Trd, 4318597.143, 89
Trd, 4318600.043, 91
Trd, 4318601.043, 90
Trd, 4318603.093, 95
Trd, 4318605.343, 92
Trd, 4318605.993, 90
Trd, 4318606.593, 90
Trd, 4318608.693, 92
Trd, 4318610.393, 90
Trd, 4318611.693, 89
Trd, 4318611.843, 94
Trd, 4318614.793, 89
Trd, 4318619.093, 90
Trd, 4318620.743, 92
Trd, 4318621.393, 93
Trd, 4318623.193, 91
Trd, 4318623.743, 91
Trd, 4318624.143, 90
Trd, 4318626.493, 90
Trd, 4318628.593, 90
Trd, 4318629.293, 90
Trd, 4318629.793, 89
Trd, 4318630.093, 95
Trd, 4318632.293, 91
Trd, 4318634.043, 92
Trd, 4318634.193, 90
Trd, 4318635.043, 90
Trd, 4318637.143, 92
Trd, 4318639.543, 92
Trd, 4318641.543, 91
Trd, 4318642.643, 92
Trd, 4318643.643, 92
Trd, 4318644.693, 91
Trd, 4318645.743, 94
Trd, 4318647.743, 91
Trd, 4318648.643, 90
Trd, 4318652.043, 91
Trd, 4318653.543, 91
Trd, 4318655.343, 91
Trd, 4318656.093, 90
Trd, 4318657.293, 91
Trd, 4318660.493, 92
Trd, 4318660.943, 92
Trd, 4318661.143, 91
Trd, 4318662.493, 91
Trd, 4318664.443, 92
Trd, 4318665.393, 90
Trd, 4318667.243, 90
Trd, 4318667.693, 91
Trd, 4318671.943, 93
Trd, 4318672.543, 104
Trd, 4318672.743, 99
Trd, 4318674.593, 98
Trd, 4318676.493, 98
Trd, 4318677.493, 101
Trd, 4318677.993, 99
Trd, 4318679.243, 99
Trd, 4318680.643, 99
Trd, 4318680.893, 104
Trd, 4318682.193, 98
Trd, 4318683.443, 97
Trd, 4318685.743, 96
Trd, 4318687.093, 96
Trd, 4318689.593, 96
Trd, 4318689.693, 95
Trd, 4318691.743, 96
Trd, 4318692.493, 120
Trd, 4318694.543, 99
Trd, 4318694.993, 103
Trd, 4318696.743, 100
Trd, 4318697.843, 99
Trd, 4318698.093, 98
Trd, 4318699.093, 97
Trd, 4318702.243, 96
Trd, 4318703.043, 96
Trd, 4318703.393, 96
Trd, 4318705.493, 96
Trd, 4318706.643, 95
Trd, 4318707.443, 113
Trd, 4318707.643, 94
Trd, 4318708.693, 99
Trd, 4318709.743, 101
Trd, 4318710.543, 100
Trd, 4318711.543, 100
Trd, 4318714.193, 94
Trd, 4318714.393, 95
Trd, 4318714.443, 96
Trd, 4318715.043, 94
Trd, 4318717.993, 94
Trd, 4318718.543, 93
Trd, 4318719.793, 92
Trd, 4318720.243, 93
Trd, 4318721.643, 93
Trd, 4318721.793, 95
Trd, 4318723.843, 95
Trd, 4318724.743, 95
Trd, 4318725.893, 95
Trd, 4318726.143, 94
Trd, 4318727.743, 94
Trd, 4318729.643, 95
Trd, 4318730.643, 96
Trd, 4318730.943, 99
Trd, 4318731.443, 114
Trd, 4318732.193, 103
Trd, 4318733.143, 103
Trd, 4318734.493, 103
Trd, 4318735.993, 102
Trd, 4318736.793, 104
Trd, 4318738.093, 104
Trd, 4318738.193, 103
Trd, 4318739.893, 102
Trd, 4318742.943, 104
Trd, 4318743.693, 102
Trd, 4318744.743, 102
Trd, 4318745.293, 104
Trd, 4318747.893, 102
Trd, 4318750.093, 101
Trd, 4318750.543, 101
Trd, 4318751.443, 102
Trd, 4318751.943, 101
Trd, 4318751.993, 99
Trd, 4318752.993, 95
Trd, 4318753.893, 94
Trd, 4318754.593, 98
Trd, 4318758.493, 96
Trd, 4318760.193, 98
Trd, 4318760.243, 97
Trd, 4318762.643, 104
Trd, 4318763.843, 101
Trd, 4318764.443, 100
Trd, 4318764.943, 101
Trd, 4318765.943, 99
Trd, 4318767.593, 101
Trd, 4318768.293, 100
Trd, 4318770.243, 100
Trd, 4318770.343, 100
Trd, 4318773.343, 99
Trd, 4318773.993, 99
Trd, 4318774.543, 94
Trd, 4318775.343, 104
Trd, 4318777.293, 100
Trd, 4318778.043, 99
Trd, 4318778.843, 100
Trd, 4318781.043, 100
Trd, 4318783.593, 100
Trd, 4318784.093, 104
Trd, 4318785.793, 100
Trd, 4318786.443, 100
Trd, 4318787.993, 100
Trd, 4318789.943, 101
Trd, 4318790.893, 99
Trd, 4318792.143, 100
Trd, 4318793.443, 98
Trd, 4318794.893, 98
Trd, 4318795.843, 98
Trd, 4318795.943, 99
Trd, 4318797.393, 99
Trd, 4318797.643, 99
Trd, 4318798.593, 98
Trd, 4318801.343, 100
Trd, 4318802.643, 102
Trd, 4318803.493, 103
Trd, 4318803.543, 102
Trd, 4318806.543, 102
Trd, 4318807.693, 101
Trd, 4318810.493, 100
Trd, 4318810.543, 102
Trd, 4318811.293, 101
Trd, 4318814.793, 101
Trd, 4318816.243, 102
Trd, 4318816.493, 101
Trd, 4318818.143, 101
Trd, 4318820.843, 101
Trd, 4318821.493, 102
Trd, 4318821.643, 100
Trd, 4318822.093, 100
Trd, 4318824.343, 101
Trd, 4318825.393, 94
Trd, 4318826.643, 99
Trd, 4318827.343, 99
Trd, 4318828.143, 98
Trd, 4318829.893, 95
Trd, 4318831.693, 94
Trd, 4318832.693, 93
Trd, 4318834.743, 92
Trd, 4318836.493, 89
Trd, 4318836.943, 90
Trd, 4318837.643, 90
Trd, 4318840.093, 90
Trd, 4318840.593, 95
Trd, 4318840.793, 89
Trd, 4318842.593, 88
Trd, 4318844.693, 92
Trd, 4318845.943, 91
Trd, 4318846.743, 87
Trd, 4318847.093, 91
Trd, 4318847.143, 90
Trd, 4318849.293, 89
Trd, 4318850.343, 95
Trd, 4318852.643, 92
Trd, 4318853.393, 93
Trd, 4318855.193, 94
Trd, 4318857.793, 92
Trd, 4318858.243, 91
Trd, 4318858.743, 91
Trd, 4318858.943, 90
Trd, 4318862.193, 95
Trd, 4318863.493, 92
Trd, 4318864.893, 92
Trd, 4318865.393, 90
Trd, 4318868.193, 92
Trd, 4318869.243, 93
Trd, 4318872.243, 92
Trd, 4318872.743, 103
Trd, 4318873.893, 92
Trd, 4318875.443, 96
Trd, 4318875.643, 91
Trd, 4318877.043, 94
Trd, 4318879.143, 96
Trd, 4318879.693, 95
Trd, 4318881.093, 86
Trd, 4318884.543, 93
Trd, 4318884.693, 93
Trd, 4318887.243, 95
Trd, 4318889.443, 102
Trd, 4318889.643, 97
Trd, 4318889.743, 96
Trd, 4318891.843, 100
Trd, 4318892.043, 97
Trd, 4318894.393, 102
Trd, 4318894.443, 99
Trd, 4318896.243, 100
Trd, 4318898.093, 102
Trd, 4318898.243, 110
Trd, 4318901.243, 102
Trd, 4318901.743, 102
Trd, 4318901.943, 101
Trd, 4318903.393, 111
Trd, 4318904.943, 107
Trd, 4318906.043, 107
Trd, 4318906.993, 106
Trd, 4318908.093, 106
Trd, 4318909.743, 106
Trd, 4318910.143, 107
Trd, 4318911.193, 105
Trd, 4318912.493, 106
Trd, 4318915.343, 103
Trd, 4318916.243, 104
Trd, 4318917.243, 103
Trd, 4318917.893, 102
Trd, 4318919.093, 101
Trd, 4318920.193, 102
Trd, 4318922.443, 101
Trd, 4318922.693, 102
Trd, 4318923.043, 101
Trd, 4318924.993, 101
Trd, 4318925.093, 86
Trd, 4318928.543, 97
Trd, 4318929.293, 100
Trd, 4318930.693, 100
Trd, 4318932.693, 93
Trd, 4318934.843, 95
Trd, 4318935.193, 95
Trd, 4318935.993, 94
Trd, 4318938.943, 96
Trd, 4318939.593, 97
Trd, 4318940.193, 96
Trd, 4318940.293, 95
Trd, 4318941.743, 94
Trd, 4318944.693, 96
Trd, 4318945.643, 95
Trd, 4318946.043, 94
Trd, 4318946.993, 94
Trd, 4318948.243, 93
Trd, 4318949.543, 93
Trd, 4318949.743, 95
Trd, 4318950.393, 104
Trd, 4318951.093, 107
Trd, 4318953.943, 107
Trd, 4318954.893, 106
Trd, 4318955.893, 105
Trd, 4318956.643, 104
Trd, 4318957.043, 103
Trd, 4318959.643, 103
Trd, 4318960.243, 104
Trd, 4318961.693, 104
Trd, 4318962.693, 103
Trd, 4318964.393, 102
Trd, 4318964.943, 103
Trd, 4318965.893, 102
Trd, 4318966.593, 102
Trd, 4318968.243, 101
Trd, 4318970.343, 100
Trd, 4318970.593, 101
Trd, 4318971.693, 100
Trd, 4318974.293, 99
Trd, 4318974.343, 100
Trd, 4318974.893, 99
Trd, 4318977.593, 98
Trd, 4318978.343, 98
Trd, 4318979.343, 97
Trd, 4318980.793, 98
Trd, 4318980.893, 95
Trd, 4318980.993, 94
Trd, 4318981.793, 113
Trd, 4318984.093, 94
Trd, 4318985.693, 96
Trd, 4318987.143, 93
Trd, 4318988.293, 92
Trd, 4318988.493, 92
Trd, 4318990.443, 91
Trd, 4318991.593, 92
Trd, 4318991.793, 104
Trd, 4318993.493, 91
Trd, 4318994.543, 91
Trd, 4318997.893, 90
Trd, 4318998.593, 91
Trd, 4318999.093, 90
Trd, 4319001.743, 90
Trd, 4319002.143, 90
Trd, 4319002.293, 95
Trd, 4319004.193, 111
Trd, 4319004.893, 97
Trd, 4319005.943, 99
Trd, 4319006.493, 99
Trd, 4319006.643, 99
Trd, 4319008.743, 106
Trd, 4319011.393, 99
Trd, 4319011.843, 100
Trd, 4319013.193, 101
Trd, 4319014.243, 100
Trd, 4319015.193, 101
Trd, 4319016.293, 100
Trd, 4319016.943, 94
Trd, 4319019.143, 97
Trd, 4319020.843, 99
Trd, 4319022.793, 99
Trd, 4319023.343, 99
Trd, 4319025.393, 101
Trd, 4319026.743, 101
Trd, 4319027.343, 100
Trd, 4319028.343, 99
Trd, 4319029.243, 94
Trd, 4319030.143, 89
Trd, 4319031.293, 95
Trd, 4319032.293, 86
Trd, 4319032.493, 95
Trd, 4319034.343, 95
Trd, 4319035.943, 97
Trd, 4319036.543, 105
Trd, 4319037.793, 98
Trd, 4319039.193, 99
Trd, 4319039.243, 97
Trd, 4319040.693, 98
Trd, 4319041.543, 98
Trd, 4319042.893, 96
Trd, 4319043.993, 102
Trd, 4319044.143, 96
Trd, 4319047.493, 98
Trd, 4319048.993, 97
Trd, 4319049.143, 96
Trd, 4319049.293, 104
Trd, 4319051.293, 97
Trd, 4319051.693, 96
Trd, 4319053.243, 95
Trd, 4319053.393, 95
Trd, 4319054.393, 93
Trd, 4319056.843, 95
Trd, 4319057.193, 95
Trd, 4319057.743, 96
Trd, 4319059.093, 94
Trd, 4319061.093, 112
Trd, 4319063.393, 95
Trd, 4319063.893, 95
Trd, 4319064.843, 97
Trd, 4319068.843, 100
Trd, 4319069.043, 101
Trd, 4319070.843, 101
Trd, 4319071.893, 100
Trd, 4319071.993, 99
Trd, 4319072.343, 101
Trd, 4319073.993, 113
Trd, 4319074.143, 100
Trd, 4319075.493, 100
Trd, 4319078.193, 108
Trd, 4319079.043, 100
Trd, 4319079.143, 109
Trd, 4319080.443, 101
Trd, 4319084.143, 103
Trd, 4319084.293, 119
Trd, 4319084.693, 101
Trd, 4319085.693, 101
Trd, 4319090.093, 102
Trd, 4319092.243, 104
Trd, 4319093.143, 104
Trd, 4319095.193, 104
Trd, 4319095.943, 103
Trd, 4319097.593, 104
Trd, 4319097.893, 103
Trd, 4319099.543, 103
Trd, 4319102.043, 103
Trd, 4319102.943, 102
Trd, 4319103.543, 103
Trd, 4319105.793, 103
Trd, 4319106.543, 102
Trd, 4319106.693, 103
Trd, 4319109.293, 101
Trd, 4319109.643, 102
Trd, 4319110.693, 102
Trd, 4319111.593, 99
Trd, 4319113.043, 94
Trd, 4319113.943, 97
Trd, 4319116.093, 98
Trd, 4319116.743, 97
Trd, 4319117.543, 96
Trd, 4319118.293, 98
Trd, 4319119.943, 95
Trd, 4319121.393, 99
Trd, 4319123.343, 95
Trd, 4319123.643, 95
Trd, 4319125.643, 94
Trd, 4319125.943, 94
Trd, 4319127.493, 94
Trd, 4319130.243, 94
Trd, 4319131.643, 94
Trd, 4319132.243, 93
Trd, 4319133.543, 92
Trd, 4319134.193, 95
Trd, 4319135.393, 95
Trd, 4319136.593, 90
Trd, 4319138.643, 89
Trd, 4319139.493, 90
Trd, 4319141.243, 92
Trd, 4319143.843, 91
Trd, 4319144.393, 96
Trd, 4319144.893, 91
Trd, 4319147.793, 101
Trd, 4319148.043, 100
Trd, 4319148.793, 100
Trd, 4319150.693, 99
Trd, 4319151.543, 98
Trd, 4319152.893, 97
Trd, 4319154.343, 97
Trd, 4319154.643, 97
Trd, 4319155.743, 95
Trd, 4319157.093, 96
Trd, 4319157.793, 97
Trd, 4319160.293, 104
Trd, 4319160.893, 95
Trd, 4319162.493, 94
Trd, 4319164.393, 96
Trd, 4319164.743, 94
Trd, 4319166.393, 95
Trd, 4319166.893, 94
Trd, 4319169.593, 94
Trd, 4319170.293, 93
Trd, 4319172.093, 92
Trd, 4319173.043, 93
Trd, 4319174.893, 93
Trd, 4319175.343, 92
Trd, 4319176.043, 95
Trd, 4319177.143, 91
Trd, 4319178.843, 91
Trd, 4319179.443, 93
Trd, 4319181.593, 93
Trd, 4319183.943, 92
Trd, 4319185.293, 93
Trd, 4319185.493, 92
Trd, 4319185.593, 95
Trd, 4319186.643, 92
Trd, 4319189.643, 91
Trd, 4319190.943, 92
Trd, 4319191.593, 92
Trd, 4319191.793, 91
Trd, 4319194.093, 93
Trd, 4319197.243, 91
Trd, 4319197.293, 93
Trd, 4319199.593, 92
Trd, 4319199.893, 93
Trd, 4319202.293, 92
Trd, 4319202.693, 93
Trd, 4319204.443, 92
Trd, 4319206.143, 95
Trd, 4319206.843, 91
Trd, 4319207.393, 91
Trd, 4319210.293, 85
Trd, 4319210.943, 89
Trd, 4319211.393, 93
Trd, 4319214.243, 91
Trd, 4319215.893, 89
Trd, 4319218.393, 91
Trd, 4319218.893, 94
Trd, 4319219.943, 92
Trd, 4319220.293, 91
Trd, 4319222.143, 92
Trd, 4319222.843, 96
Trd, 4319223.093, 91
Trd, 4319225.493, 90
Trd, 4319225.893, 90
Trd, 4319227.643, 93
Trd, 4319229.593, 95
Trd, 4319229.793, 93
Trd, 4319229.943, 90
Trd, 4319231.943, 93
Trd, 4319231.993, 91
Trd, 4319232.593, 91
Trd, 4319234.943, 92
Trd, 4319238.143, 92
Trd, 4319239.043, 92
Trd, 4319239.093, 95
Trd, 4319239.143, 91
Trd, 4319240.843, 91
Trd, 4319242.643, 91
Trd, 4319243.543, 91
Trd, 4319243.993, 90
Trd, 4319245.393, 89
Trd, 4319245.443, 95
Trd, 4319246.193, 88
Trd, 4319248.743, 92
Trd, 4319250.743, 94
Trd, 4319251.443, 93
Trd, 4319253.743, 93
Trd, 4319254.343, 93
Trd, 4319256.043, 94
Trd, 4319258.193, 94
Trd, 4319259.293, 93
Trd, 4319260.393, 93
Trd, 4319262.743, 93
Trd, 4319262.793, 94
Trd, 4319265.343, 96
Trd, 4319265.843, 96
Trd, 4319266.093, 114
Trd, 4319266.393, 95
Trd, 4319267.693, 94
Trd, 4319270.343, 109
Trd, 4319271.293, 102
Trd, 4319272.593, 102
Trd, 4319273.043, 102
Trd, 4319274.693, 106
Trd, 4319275.143, 102
Trd, 4319276.793, 100
Trd, 4319278.293, 100
Trd, 4319280.443, 99
Trd, 4319281.693, 100
Trd, 4319283.093, 99
Trd, 4319284.093, 99
Trd, 4319287.093, 99
Trd, 4319287.443, 100
Trd, 4319289.143, 100
Trd, 4319289.293, 99
Trd, 4319290.343, 112
Trd, 4319290.843, 98
Trd, 4319293.743, 97
Trd, 4319294.143, 103
Trd, 4319296.943, 96
Trd, 4319298.843, 102
Trd, 4319300.793, 101
Trd, 4319301.793, 100
Trd, 4319302.993, 100
Trd, 4319304.143, 100
Trd, 4319304.643, 94
Trd, 4319307.293, 98
Trd, 4319307.343, 99
Trd, 4319308.093, 98
Trd, 4319308.343, 96
Trd, 4319311.693, 105
Trd, 4319313.143, 104
Trd, 4319313.243, 104
Trd, 4319314.993, 103
Trd, 4319315.943, 94
Trd, 4319316.743, 103
Trd, 4319318.393, 99
Trd, 4319319.993, 98
Trd, 4319320.043, 101
Trd, 4319322.993, 99
Trd, 4319323.393, 99
Trd, 4319324.343, 98
Trd, 4319326.793, 97
Trd, 4319327.193, 108
Trd, 4319329.443, 100
Trd, 4319330.843, 99
Trd, 4319331.793, 100
Trd, 4319331.843, 97
Trd, 4319333.443, 95
Trd, 4319334.293, 95
Trd, 4319335.443, 96
Trd, 4319337.793, 94
Trd, 4319339.743, 94
Trd, 4319339.993, 95
Trd, 4319340.443, 93
Trd, 4319341.143, 93
Trd, 4319343.493, 95
Trd, 4319343.693, 94
Trd, 4319345.843, 93
Trd, 4319348.243, 96
Trd, 4319350.743, 94
Trd, 4319350.893, 93
Trd, 4319352.443, 93
Trd, 4319352.543, 91
Trd, 4319353.243, 86
Trd, 4319355.443, 89
Trd, 4319357.893, 92
Trd, 4319359.543, 94
Trd, 4319360.893, 93
Trd, 4319361.943, 94
Trd, 4319362.543, 95
Trd, 4319363.193, 93
Trd, 4319364.493, 91
Trd, 4319366.193, 93
Trd, 4319367.643, 91
Trd, 4319368.493, 95
Trd, 4319370.043, 92
Trd, 4319371.843, 93
Trd, 4319372.093, 93
Trd, 4319375.443, 94
Trd, 4319375.893, 95
Trd, 4319377.293, 93
Trd, 4319379.443, 97
Trd, 4319379.593, 92
Trd, 4319381.543, 111
Trd, 4319383.093, 99
Trd, 4319384.593, 102
Trd, 4319387.493, 101
Trd, 4319388.693, 100
Trd, 4319388.743, 100
Trd, 4319389.243, 94
Trd, 4319392.343, 100
Trd, 4319393.143, 100
Trd, 4319393.493, 100
Trd, 4319393.693, 95
Trd, 4319393.893, 104
Trd, 4319395.243, 113
Trd, 4319398.843, 103
Trd, 4319398.893, 101
Trd, 4319399.143, 101
Trd, 4319399.443, 94
Trd, 4319401.993, 98
Trd, 4319403.043, 99
Trd, 4319404.943, 96
Trd, 4319405.943, 96
Trd, 4319406.693, 96
Trd, 4319406.793, 95
Trd, 4319406.893, 113
Trd, 4319409.293, 100
Trd, 4319411.293, 101
Trd, 4319412.593, 110
Trd, 4319413.543, 99
Trd, 4319415.793, 97
Trd, 4319415.893, 103
Trd, 4319419.243, 101
Trd, 4319419.843, 99
Trd, 4319423.593, 99
Trd, 4319423.943, 98
Trd, 4319424.543, 98
Trd, 4319424.993, 97
Trd, 4319425.743, 97
Trd, 4319427.943, 109
Trd, 4319429.293, 104
Trd, 4319430.493, 108
Trd, 4319430.843, 107
Trd, 4319431.143, 107
Trd, 4319432.243, 106
Trd, 4319433.693, 105
Trd, 4319435.293, 107
Trd, 4319435.743, 103
Trd, 4319436.343, 105
Trd, 4319438.443, 103
Trd, 4319438.493, 102
Trd, 4319441.493, 104
Trd, 4319441.643, 103
Trd, 4319442.093, 101
Trd, 4319442.393, 105
Trd, 4319447.343, 101
Trd, 4319448.593, 102
Trd, 4319449.693, 103
Trd, 4319449.993, 102
Trd, 4319450.693, 99
Trd, 4319452.743, 99
Trd, 4319454.793, 101
Trd, 4319458.143, 98
Trd, 4319458.443, 100
Trd, 4319460.293, 99
Trd, 4319460.993, 98
Trd, 4319461.543, 97
Trd, 4319463.343, 96
Trd, 4319464.843, 100
Trd, 4319465.393, 101
Trd, 4319467.243, 96
Trd, 4319469.343, 96
Trd, 4319472.643, 95
Trd, 4319472.893, 93
Trd, 4319473.543, 92
Trd, 4319474.293, 91
Trd, 4319477.493, 94
Trd, 4319478.093, 93
Trd, 4319478.143, 95
Trd, 4319478.993, 102
Trd, 4319479.293, 92
Trd, 4319482.293, 99
Trd, 4319483.043, 98
Trd, 4319484.193, 103
Trd, 4319486.343, 107
Trd, 4319486.843, 106
Trd, 4319487.043, 103
Trd, 4319488.743, 102
Trd, 4319489.943, 102
Trd, 4319493.293, 86
Trd, 4319494.243, 97
Trd, 4319494.393, 100
Trd, 4319496.693, 100
Trd, 4319497.343, 100
Trd, 4319497.743, 97
Trd, 4319499.643, 98
Trd, 4319499.943, 97
Trd, 4319501.093, 98
Trd, 4319503.493, 99
Trd, 4319505.943, 98
Trd, 4319506.393, 98
Trd, 4319507.293, 99
Trd, 4319507.593, 100
Trd, 4319508.543, 95
Trd, 4319512.193, 96
Trd, 4319512.343, 97
Trd, 4319513.443, 97
Trd, 4319514.093, 96
Trd, 4319514.393, 96
Trd, 4319517.893, 95
Trd, 4319519.293, 94
Trd, 4319520.093, 96
Trd, 4319520.893, 95
Trd, 4319522.693, 94
Trd, 4319523.193, 95
Trd, 4319524.193, 96
Trd, 4319525.043, 96
Trd, 4319527.143, 96
Trd, 4319527.193, 96
Trd, 4319528.293, 97
Trd, 4319529.293, 99
Trd, 4319530.843, 94
Trd, 4319531.543, 95
Trd, 4319532.793, 92
Trd, 4319533.193, 92
Trd, 4319533.943, 96
Trd, 4319534.043, 92
Trd, 4319535.993, 91
Trd, 4319538.143, 92
Trd, 4319539.993, 96
Trd, 4319540.443, 95
Trd, 4319540.593, 93
Trd, 4319543.393, 99
Trd, 4319543.793, 98
Trd, 4319545.343, 98
Trd, 4319545.993, 96
Trd, 4319547.543, 97
Trd, 4319548.943, 96
Trd, 4319549.543, 104
Trd, 4319549.743, 95
Trd, 4319553.293, 107
Trd, 4319553.543, 107
Trd, 4319553.793, 102
Trd, 4319554.243, 110
Trd, 4319555.343, 103
Trd, 4319558.543, 104
Trd, 4319559.193, 102
Trd, 4319559.643, 101
Trd, 4319561.843, 100
Trd, 4319564.443, 101
Trd, 4319565.943, 98
Trd, 4319567.343, 98
Trd, 4319568.443, 98
Trd, 4319571.043, 101
Trd, 4319571.793, 99
Trd, 4319572.793, 98
Trd, 4319573.443, 99
Trd, 4319575.693, 97
Trd, 4319577.943, 97
Trd, 4319579.243, 97
Trd, 4319579.593, 97
Trd, 4319580.693, 104
Trd, 4319582.093, 94
Trd, 4319582.493, 86
Trd, 4319585.993, 93
Trd, 4319586.543, 91
Trd, 4319587.843, 95
Trd, 4319587.893, 92
Trd, 4319591.243, 91
Trd, 4319591.293, 95
Trd, 4319592.893, 92
Trd, 4319593.443, 92
Trd, 4319594.293, 91
Trd, 4319597.193, 93
Trd, 4319597.793, 90
Trd, 4319598.943, 95
Trd, 4319600.443, 94
Trd, 4319601.093, 96
Trd, 4319601.793, 95
Trd, 4319603.393, 95
Trd, 4319604.143, 94
Trd, 4319604.643, 95
Trd, 4319604.843, 94
Trd, 4319605.243, 104
Trd, 4319609.493, 93
Trd, 4319611.193, 94
Trd, 4319612.743, 95
Trd, 4319612.893, 94
Trd, 4319613.393, 94
Trd, 4319614.393, 95
Trd, 4319615.593, 97
Trd, 4319616.993, 102
Trd, 4319617.743, 101
Trd, 4319617.943, 100
Trd, 4319619.843, 98
Trd, 4319620.193, 99
Trd, 4319620.893, 94
Trd, 4319622.893, 98
Trd, 4319623.143, 97
Trd, 4319624.293, 94
Trd, 4319624.993, 97
Trd, 4319627.543, 96
Trd, 4319628.393, 94
Trd, 4319629.093, 93
Trd, 4319629.493, 95
Trd, 4319631.593, 93
Trd, 4319633.343, 92
Trd, 4319635.243, 94
Trd, 4319635.943, 95
Trd, 4319636.493, 104
Trd, 4319637.193, 94
Trd, 4319640.443, 94
Trd, 4319640.993, 95
Trd, 4319641.993, 93
Trd, 4319642.093, 93
Trd, 4319642.993, 93
Trd, 4319643.843, 92
Trd, 4319644.243, 86
Trd, 4319647.193, 91
Trd, 4319648.343, 91
Trd, 4319648.543, 92
Trd, 4319649.793, 95
Trd, 4319652.293, 91
Trd, 4319652.893, 90
Trd, 4319656.243, 93
Trd, 4319656.693, 90
Trd, 4319657.593, 90
Trd, 4319658.293, 92
Trd, 4319660.693, 90
Trd, 4319661.193, 91
Trd, 4319662.893, 91
Trd, 4319664.943, 91
Trd, 4319664.993, 90
Trd, 4319665.493, 95
Trd, 4319666.693, 90
Trd, 4319667.193, 89
Trd, 4319669.893, 91
Trd, 4319671.793, 98
Trd, 4319672.243, 94
Trd, 4319676.093, 99
Trd, 4319676.293, 104
Trd, 4319676.393, 98
Trd, 4319678.843, 96
Trd, 4319679.143, 96
Trd, 4319680.393, 95
Trd, 4319682.593, 96
Trd, 4319682.893, 96
Trd, 4319683.443, 94
Trd, 4319685.193, 94
Trd, 4319686.193, 97
Trd, 4319688.393, 96
Trd, 4319688.793, 95
Trd, 4319689.093, 94
Trd, 4319689.743, 93
Trd, 4319690.393, 96
Trd, 4319691.593, 98
Trd, 4319692.243, 97
Trd, 4319694.393, 97
Trd, 4319695.543, 92
Trd, 4319696.343, 93
Trd, 4319697.193, 93
Trd, 4319697.393, 92
Trd, 4319698.143, 94
Trd, 4319701.143, 92
Trd, 4319704.093, 92
Trd, 4319705.143, 95
Trd, 4319705.643, 94
Trd, 4319706.643, 95
Trd, 4319707.043, 93
Trd, 4319707.643, 93
Trd, 4319709.993, 94
Trd, 4319712.243, 93
Trd, 4319712.743, 93
Trd, 4319713.743, 93
Trd, 4319714.093, 93
Trd, 4319714.743, 92
Trd, 4319715.693, 87
Trd, 4319717.893, 95
Trd, 4319718.193, 88
Trd, 4319720.493, 94
Trd, 4319720.843, 89
Trd, 4319721.743, 95
Trd, 4319724.893, 103
Trd, 4319724.943, 101
Trd, 4319726.643, 101
Trd, 4319728.893, 101
Trd, 4319730.043, 101
Trd, 4319730.443, 104
Trd, 4319731.943, 101
Trd, 4319734.843, 100
Trd, 4319735.343, 99
Trd, 4319736.643, 99
Trd, 4319737.393, 98
Trd, 4319738.493, 97
Trd, 4319738.593, 94
Trd, 4319740.843, 95
Trd, 4319741.393, 85
Trd, 4319741.793, 97
Trd, 4319744.793, 93
Trd, 4319746.793, 92
Trd, 4319748.893, 91
Trd, 4319749.043, 91
Trd, 4319750.593, 90
Trd, 4319750.693, 92
Trd, 4319752.293, 89
Trd, 4319755.193, 90
Trd, 4319755.743, 94
Trd, 4319757.793, 91
Trd, 4319758.393, 91
Trd, 4319759.943, 92
Trd, 4319760.043, 91
Trd, 4319760.243, 95
Trd, 4319763.593, 92
Trd, 4319764.193, 92
Trd, 4319766.943, 93
Trd, 4319767.893, 91
Trd, 4319769.093, 92
Trd, 4319769.743, 91
Trd, 4319770.293, 90
Trd, 4319774.743, 89
Trd, 4319774.993, 89
Trd, 4319775.293, 92
Trd, 4319775.343, 88
Trd, 4319776.593, 88
Trd, 4319777.393, 87
Trd, 4319777.693, 95
Trd, 4319782.943, 88
Trd, 4319784.593, 95
Trd, 4319786.393, 88
Trd, 4319788.043, 92
Trd, 4319788.393, 90
Trd, 4319790.393, 92
Trd, 4319792.193, 91
Trd, 4319792.343, 93
Trd, 4319794.693, 90
Trd, 4319795.993, 91
Trd, 4319799.193, 90
Trd, 4319799.793, 90
Trd, 4319802.543, 90
Trd, 4319802.943, 90
Trd, 4319803.743, 91
Trd, 4319804.393, 95
Trd, 4319804.993, 89
Trd, 4319808.393, 92
Trd, 4319810.543, 91
Trd, 4319810.693, 90
Trd, 4319811.693, 94
Trd, 4319812.943, 91
Trd, 4319815.843, 90
Trd, 4319816.593, 104
Trd, 4319816.843, 90
Trd, 4319820.643, 91
Trd, 4319821.593, 93
Trd, 4319822.793, 91
Trd, 4319823.093, 90
Trd, 4319823.643, 95
Trd, 4319825.643, 90
Trd, 4319826.643, 90
Trd, 4319829.293, 94
Trd, 4319829.443, 102
Trd, 4319830.193, 77
Trd, 4319834.143, 89
Trd, 4319835.443, 88
Trd, 4319836.393, 92
Trd, 4319838.243, 95
Trd, 4319838.543, 92
Trd, 4319838.893, 92
Trd, 4319839.843, 104
Trd, 4319842.593, 99
Trd, 4319843.093, 99
Trd, 4319844.043, 100
Trd, 4319845.393, 99
Trd, 4319846.793, 93
Trd, 4319849.093, 99
Trd, 4319851.093, 99
Trd, 4319852.543, 98
Trd, 4319852.943, 97
Trd, 4319854.543, 98
Trd, 4319855.643, 94
Trd, 4319857.193, 95
Trd, 4319857.343, 97
Trd, 4319858.893, 95
Trd, 4319859.943, 106
Trd, 4319860.993, 77
Trd, 4319862.993, 92
Trd, 4319863.743, 92
Trd, 4319867.493, 94
Trd, 4319868.793, 94
Trd, 4319871.443, 95
Trd, 4319872.593, 94
Trd, 4319872.743, 93
Trd, 4319873.993, 95
Trd, 4319874.793, 104
Trd, 4319875.393, 94
Trd, 4319876.043, 93
Trd, 4319879.843, 98
Trd, 4319880.993, 93
Trd, 4319881.643, 93
Trd, 4319885.143, 92
Trd, 4319886.893, 94
Trd, 4319888.093, 93
Trd, 4319890.093, 93
Trd, 4319891.343, 92
Trd, 4319892.943, 96
Trd, 4319894.593, 104
Trd, 4319895.193, 92
Trd, 4319897.943, 93
Trd, 4319898.793, 93
Trd, 4319901.693, 93
Trd, 4319903.493, 95
Trd, 4319903.643, 93
Trd, 4319903.893, 92
Trd, 4319907.443, 94
Trd, 4319907.843, 92
Trd, 4319908.843, 92
Trd, 4319912.293, 92
Trd, 4319912.793, 94
Trd, 4319913.743, 92
Trd, 4319913.843, 91
Trd, 4319915.393, 91
Trd, 4319916.543, 91
Trd, 4319917.443, 92
Trd, 4319918.243, 90
Trd, 4319922.193, 90
Trd, 4319922.793, 89
Trd, 4319922.843, 89
Trd, 4319923.393, 90
Trd, 4319926.143, 93
Trd, 4319926.843, 94
Trd, 4319928.043, 93
Trd, 4319929.393, 92
Trd, 4319929.443, 95
Trd, 4319932.043, 93
Trd, 4319932.143, 92
Trd, 4319933.343, 113
Trd, 4319933.443, 92
Trd, 4319933.543, 86
Trd, 4319935.743, 94
Trd, 4319936.743, 94
Trd, 4319937.443, 96
Trd, 4319938.193, 112
Trd, 4319940.843, 102
Trd, 4319941.093, 101
Trd, 4319941.943, 99
Trd, 4319942.343, 94
Trd, 4319945.543, 100
Trd, 4319946.193, 96
Trd, 4319948.293, 97
Trd, 4319949.093, 100
Trd, 4319950.493, 100
Trd, 4319952.743, 98
Trd, 4319953.543, 97
Trd, 4319955.893, 97
Trd, 4319957.193, 96
Trd, 4319958.193, 98
Trd, 4319959.093, 96
Trd, 4319959.193, 94
Trd, 4319960.343, 95
Trd, 4319964.143, 97
Trd, 4319965.193, 98
Trd, 4319965.793, 97
Trd, 4319965.943, 103
Trd, 4319968.243, 99
Trd, 4319969.543, 100
Trd, 4319970.093, 99
Trd, 4319973.393, 98
Trd, 4319974.143, 97
Trd, 4319974.243, 96
Trd, 4319975.193, 99
Trd, 4319975.293, 95
Trd, 4319978.143, 94
Trd, 4319979.343, 97
Trd, 4319980.643, 94
Trd, 4319982.493, 94
Trd, 4319983.893, 94
Trd, 4319984.943, 96
Trd, 4319986.793, 94
Trd, 4319987.493, 94
Trd, 4319988.293, 94
Trd, 4319989.343, 93
Trd, 4319989.493, 95
Trd, 4319989.593, 93
Trd, 4319990.693, 111
Trd, 4319993.243, 94
Trd, 4319995.243, 98
Trd, 4319995.543, 95
Trd, 4319996.093, 100
Trd, 4319996.943, 100
