Trd, 4317924.043, 96
Trd, 4317924.843, 96
Trd, 4317925.443, 98
Trd, 4317927.043, 94
Trd, 4317927.343, 95
Trd, 4317927.493, 98
Trd, 4317930.293, 95
Trd, 4317931.243, 86
Trd, 4317932.343, 95
Trd, 4317932.943, 97
Trd, 4317933.493, 91
Trd, 4317934.543, 96
Trd, 4317937.493, 90
Trd, 4317937.543, 91
Trd, 4317938.243, 96
Trd, 4317939.643, 95
Trd, 4317941.193, 77
Trd, 4317941.443, 112
Trd, 4317942.743, 117
Trd, 4317943.743, 104
Trd, 4317944.443, 102
Trd, 4317946.393, 95
Trd, 4317947.543, 97
Trd, 4317947.993, 86
Trd, 4317948.393, 98
Trd, 4317949.643, 97
Trd, 4317952.093, 92
Trd, 4317952.193, 93
Trd, 4317953.693, 90
Trd, 4317954.593, 113
Trd, 4317955.543, 86
Trd, 4317958.143, 100
Trd, 4317958.243, 113
Trd, 4317958.443, 91
Trd, 4317960.443, 102
Trd, 4317961.543, 99
Trd, 4317961.743, 90
Trd, 4317965.043, 94
Trd, 4317965.293, 95
Trd, 4317965.793, 95
Trd, 4317966.693, 95
Trd, 4317968.443, 118
Trd, 4317969.193, 108
Trd, 4317969.643, 104
Trd, 4317971.043, 93
Trd, 4317972.793, 95
Trd, 4317973.043, 86
Trd, 4317973.293, 94
Trd, 4317976.693, 92
Trd, 4317976.843, 91
Trd, 4317977.393, 94
Trd, 4317977.893, 95
Trd, 4317979.993, 94
Trd, 4317981.893, 104
Trd, 4317984.043, 101
Trd, 4317984.693, 103
Trd, 4317985.593, 94
Trd, 4317986.093, 105
Trd, 4317986.543, 96
Trd, 4317988.343, 96
Trd, 4317988.493, 97
Trd, 4317989.843, 94
Trd, 4317990.593, 93
Trd, 4317991.743, 97
Trd, 4317992.243, 113
Trd, 4317993.943, 93
Trd, 4317994.543, 88
Trd, 4317994.893, 89
Trd, 4317995.593, 89
Trd, 4317997.193, 104
Trd, 4317998.793, 96
Trd, 4317999.343, 113
Trd, 4318001.743, 103
Trd, 4318003.243, 92
Trd, 4318003.743, 102
Trd, 4318003.843, 101
Trd, 4318005.493, 101
Trd, 4318008.793, 101
Trd, 4318010.293, 101
Trd, 4318010.843, 104
Trd, 4318012.793, 105
Trd, 4318013.793, 101
Trd, 4318015.493, 102
Trd, 4318016.543, 100
Trd, 4318017.443, 100
Trd, 4318020.693, 99
Trd, 4318021.943, 94
Trd, 4318021.993, 100
Trd, 4318024.343, 96
Trd, 4318024.593, 97
Trd, 4318024.893, 104
Trd, 4318026.743, 93
Trd, 4318026.893, 100
Trd, 4318028.543, 104
Trd, 4318028.743, 116
Trd, 4318031.043, 99
Trd, 4318032.493, 100
Trd, 4318033.193, 94
Trd, 4318035.543, 88
Trd, 4318036.093, 87
Trd, 4318036.843, 86
Trd, 4318037.243, 91
Trd, 4318038.193, 89
Trd, 4318038.643, 90
Trd, 4318040.093, 95
Trd, 4318042.543, 91
Trd, 4318042.843, 92
Trd, 4318044.193, 94
Trd, 4318044.643, 95
Trd, 4318048.543, 89
Trd, 4318049.443, 91
Trd, 4318049.493, 88
Trd, 4318049.943, 91
Trd, 4318050.743, 91
Trd, 4318051.793, 92
Trd, 4318053.843, 91
Trd, 4318053.893, 93
Trd, 4318054.893, 94
Trd, 4318056.243, 86
Trd, 4318057.193, 95
Trd, 4318057.593, 106
Trd, 4318059.943, 92
Trd, 4318060.593, 94
Trd, 4318062.293, 94
Trd, 4318062.343, 95
Trd, 4318063.943, 94
Trd, 4318064.393, 115
Trd, 4318065.993, 104
Trd, 4318066.493, 94
Trd, 4318069.443, 97
Trd, 4318070.293, 95
Trd, 4318070.893, 86
Trd, 4318073.093, 95
Trd, 4318073.593, 95
Trd, 4318076.143, 92
Trd, 4318077.443, 94
Trd, 4318078.293, 95
Trd, 4318079.193, 95
Trd, 4318079.543, 95
Trd, 4318081.293, 91
Trd, 4318081.743, 96
Trd, 4318082.343, 106
Trd, 4318083.443, 99
Trd, 4318085.093, 95
Trd, 4318086.543, 94
Trd, 4318088.043, 90
Trd, 4318092.543, 92
Trd, 4318093.393, 93
Trd, 4318093.693, 89
Trd, 4318093.793, 93
Trd, 4318095.643, 93
Trd, 4318097.393, 94
Trd, 4318098.093, 88
Trd, 4318098.593, 94
Trd, 4318099.793, 104
Trd, 4318100.293, 113
Trd, 4318100.493, 99
Trd, 4318102.243, 104
Trd, 4318103.743, 95
Trd, 4318104.243, 107
Trd, 4318106.793, 100
Trd, 4318107.043, 101
Trd, 4318109.143, 99
Trd, 4318109.893, 98
Trd, 4318111.293, 99
Trd, 4318112.343, 111
Trd, 4318113.493, 94
Trd, 4318115.793, 99
Trd, 4318115.993, 99
Trd, 4318116.043, 100
Trd, 4318118.443, 96
Trd, 4318119.893, 86
Trd, 4318120.993, 93
Trd, 4318121.943, 95
Trd, 4318123.193, 105
Trd, 4318124.793, 99
Trd, 4318125.643, 107
Trd, 4318127.843, 100
Trd, 4318128.243, 91
Trd, 4318129.843, 91
Trd, 4318129.943, 92
Trd, 4318133.093, 90
Trd, 4318134.443, 93
Trd, 4318136.493, 93
Trd, 4318137.243, 88
Trd, 4318138.043, 92
Trd, 4318139.493, 91
Trd, 4318139.643, 93
Trd, 4318141.443, 104
Trd, 4318142.743, 104
Trd, 4318143.293, 105
Trd, 4318143.493, 108
Trd, 4318144.693, 98
Trd, 4318145.843, 99
Trd, 4318146.043, 102
Trd, 4318149.293, 100
Trd, 4318150.143, 101
Trd, 4318151.093, 115
Trd, 4318151.643, 104
Trd, 4318153.293, 94
Trd, 4318153.343, 104
Trd, 4318155.143, 98
Trd, 4318156.493, 97
Trd, 4318156.793, 97
Trd, 4318157.743, 95
Trd, 4318159.693, 98
Trd, 4318159.743, 99
Trd, 4318160.943, 104
Trd, 4318161.643, 101
Trd, 4318163.093, 113
Trd, 4318164.493, 104
Trd, 4318166.043, 104
Trd, 4318166.343, 105
Trd, 4318166.543, 103
Trd, 4318168.993, 104
Trd, 4318170.993, 94
Trd, 4318172.143, 103
Trd, 4318172.943, 99
Trd, 4318173.243, 100
Trd, 4318174.543, 113
Trd, 4318175.093, 113
Trd, 4318177.093, 104
Trd, 4318178.093, 94
Trd, 4318179.693, 96
Trd, 4318180.193, 92
Trd, 4318181.393, 107
Trd, 4318184.043, 103
Trd, 4318184.493, 101
Trd, 4318184.943, 101
Trd, 4318185.693, 99
Trd, 4318188.043, 94
Trd, 4318189.193, 99
Trd, 4318190.493, 99
Trd, 4318191.343, 99
Trd, 4318193.393, 96
Trd, 4318193.743, 104
Trd, 4318195.593, 94
Trd, 4318196.843, 90
Trd, 4318198.493, 89
Trd, 4318198.743, 108
Trd, 4318199.693, 86
Trd, 4318200.243, 97
Trd, 4318200.993, 104
Trd, 4318202.143, 103
Trd, 4318203.143, 113
Trd, 4318203.543, 105
Trd, 4318205.293, 122
Trd, 4318205.843, 104
Trd, 4318207.743, 102
Trd, 4318208.193, 103
Trd, 4318210.693, 101
Trd, 4318211.043, 105
Trd, 4318214.293, 99
Trd, 4318214.493, 101
Trd, 4318215.893, 94
Trd, 4318217.343, 96
Trd, 4318220.493, 96
Trd, 4318220.843, 96
Trd, 4318221.343, 105
Trd, 4318222.593, 102
Trd, 4318223.543, 102
Trd, 4318223.593, 103
Trd, 4318225.093, 94
Trd, 4318227.193, 99
Trd, 4318228.443, 99
Trd, 4318229.493, 99
Trd, 4318230.193, 98
Trd, 4318230.843, 94
Trd, 4318231.143, 76
Trd, 4318231.593, 101
Trd, 4318233.993, 101
Trd, 4318234.843, 104
Trd, 4318236.293, 101
Trd, 4318237.343, 98
Trd, 4318238.193, 101
Trd, 4318239.893, 100
Trd, 4318241.543, 100
Trd, 4318241.593, 105
Trd, 4318242.193, 101
Trd, 4318242.243, 122
Trd, 4318245.443, 104
Trd, 4318245.693, 104
Trd, 4318247.743, 100
Trd, 4318248.143, 101
Trd, 4318248.793, 94
Trd, 4318250.393, 98
Trd, 4318250.743, 98
Trd, 4318252.043, 94
Trd, 4318255.443, 96
Trd, 4318255.643, 97
Trd, 4318255.793, 106
Trd, 4318256.643, 94
Trd, 4318256.943, 104
Trd, 4318257.743, 99
Trd, 4318260.093, 98
Trd, 4318260.543, 98
Trd, 4318261.043, 115
Trd, 4318264.693, 103
Trd, 4318264.943, 96
Trd, 4318265.993, 103
Trd, 4318267.343, 103
Trd, 4318269.243, 99
Trd, 4318269.343, 99
Trd, 4318269.393, 94
Trd, 4318269.993, 101
Trd, 4318271.543, 106
Trd, 4318274.043, 96
Trd, 4318277.243, 93
Trd, 4318277.343, 95
Trd, 4318277.393, 92
Trd, 4318277.493, 95
Trd, 4318278.093, 108
Trd, 4318278.693, 104
Trd, 4318281.343, 92
Trd, 4318281.493, 96
Trd, 4318281.693, 94
Trd, 4318281.843, 103
Trd, 4318284.393, 94
Trd, 4318284.843, 95
Trd, 4318285.543, 94
Trd, 4318286.243, 93
Trd, 4318286.693, 90
Trd, 4318287.993, 104
Trd, 4318288.143, 107
Trd, 4318290.193, 103
Trd, 4318290.593, 103
Trd, 4318292.143, 100
Trd, 4318293.793, 99
Trd, 4318293.943, 104
Trd, 4318296.693, 95
Trd, 4318297.493, 95
Trd, 4318298.493, 94
Trd, 4318300.293, 95
Trd, 4318300.943, 94
Trd, 4318302.743, 93
Trd, 4318303.693, 93
Trd, 4318304.443, 94
Trd, 4318304.543, 95
Trd, 4318307.443, 95
Trd, 4318309.593, 92
Trd, 4318309.993, 95
Trd, 4318310.693, 121
Trd, 4318311.893, 110
Trd, 4318314.293, 108
Trd, 4318315.793, 110
Trd, 4318315.993, 104
Trd, 4318317.293, 103
Trd, 4318317.343, 105
Trd, 4318317.943, 107
Trd, 4318320.643, 94
Trd, 4318321.643, 106
Trd, 4318322.843, 103
Trd, 4318323.343, 103
Trd, 4318324.293, 102
Trd, 4318327.693, 100
Trd, 4318328.443, 100
Trd, 4318331.643, 97
Trd, 4318332.193, 97
Trd, 4318332.393, 97
Trd, 4318332.743, 98
Trd, 4318333.643, 94
Trd, 4318333.743, 109
Trd, 4318334.443, 103
Trd, 4318336.143, 87
Trd, 4318337.593, 103
Trd, 4318340.243, 94
Trd, 4318340.693, 97
Trd, 4318340.793, 98
Trd, 4318341.593, 97
Trd, 4318342.743, 97
Trd, 4318344.893, 104
Trd, 4318346.593, 104
Trd, 4318348.243, 94
Trd, 4318348.443, 101
Trd, 4318348.543, 89
Trd, 4318349.993, 93
Trd, 4318350.993, 100
Trd, 4318351.893, 93
Trd, 4318352.493, 92
Trd, 4318353.043, 97
Trd, 4318353.743, 108
Trd, 4318354.793, 99
Trd, 4318355.493, 121
Trd, 4318356.143, 103
Trd, 4318357.343, 103
Trd, 4318360.643, 94
Trd, 4318360.793, 102
Trd, 4318361.843, 102
Trd, 4318362.143, 100
Trd, 4318363.193, 97
Trd, 4318364.793, 98
Trd, 4318365.943, 97
Trd, 4318365.993, 105
Trd, 4318368.893, 99
Trd, 4318369.043, 99
Trd, 4318369.643, 100
Trd, 4318371.093, 99
Trd, 4318372.243, 96
Trd, 4318372.393, 98
Trd, 4318374.493, 97
Trd, 4318375.043, 94
Trd, 4318377.393, 96
Trd, 4318378.093, 96
Trd, 4318378.293, 105
Trd, 4318380.093, 98
Trd, 4318382.443, 98
Trd, 4318382.643, 99
Trd, 4318383.193, 93
Trd, 4318384.543, 92
Trd, 4318386.193, 89
Trd, 4318386.593, 90
Trd, 4318388.593, 89
Trd, 4318389.193, 88
Trd, 4318389.393, 95
Trd, 4318390.243, 104
Trd, 4318390.593, 110
Trd, 4318392.193, 99
Trd, 4318392.393, 112
Trd, 4318395.443, 99
Trd, 4318396.043, 101
Trd, 4318396.793, 96
Trd, 4318398.393, 94
Trd, 4318399.043, 95
Trd, 4318399.543, 113
Trd, 4318400.593, 106
Trd, 4318400.643, 104
Trd, 4318400.943, 106
Trd, 4318401.693, 122
Trd, 4318404.293, 91
Trd, 4318405.343, 88
Trd, 4318405.493, 96
Trd, 4318405.843, 94
Trd, 4318408.393, 109
Trd, 4318408.943, 103
Trd, 4318411.593, 102
Trd, 4318412.693, 103
Trd, 4318413.343, 104
Trd, 4318414.593, 94
Trd, 4318414.993, 104
Trd, 4318417.043, 93
Trd, 4318417.243, 86
Trd, 4318417.743, 99
Trd, 4318419.293, 97
Trd, 4318419.443, 94
Trd, 4318420.493, 109
Trd, 4318424.393, 91
Trd, 4318424.543, 89
Trd, 4318424.693, 94
Trd, 4318425.693, 95
Trd, 4318426.193, 98
Trd, 4318428.993, 89
Trd, 4318430.093, 95
Trd, 4318431.343, 90
Trd, 4318432.243, 93
Trd, 4318433.343, 95
Trd, 4318435.043, 107
Trd, 4318435.343, 108
Trd, 4318435.993, 104
Trd, 4318438.393, 90
Trd, 4318440.143, 88
Trd, 4318440.243, 89
Trd, 4318440.593, 87
Trd, 4318443.893, 93
Trd, 4318444.393, 95
Trd, 4318444.543, 88
Trd, 4318445.643, 115
Trd, 4318446.393, 113
Trd, 4318446.543, 122
Trd, 4318447.743, 105
Trd, 4318448.043, 103
Trd, 4318449.293, 99
Trd, 4318452.493, 93
Trd, 4318452.743, 94
Trd, 4318453.943, 95
Trd, 4318454.543, 104
Trd, 4318454.593, 93
Trd, 4318455.543, 92
Trd, 4318458.293, 93
Trd, 4318459.143, 91
Trd, 4318459.343, 93
Trd, 4318460.843, 95
Trd, 4318462.043, 91
Trd, 4318463.293, 92
Trd, 4318464.543, 92
Trd, 4318466.343, 91
Trd, 4318466.693, 91
Trd, 4318467.543, 90
Trd, 4318468.243, 91
Trd, 4318469.743, 95
Trd, 4318471.093, 92
Trd, 4318472.493, 88
Trd, 4318473.143, 92
Trd, 4318473.943, 95
Trd, 4318474.143, 104
Trd, 4318475.093, 86
Trd, 4318475.743, 112
Trd, 4318475.943, 100
Trd, 4318477.393, 104
Trd, 4318477.593, 119
Trd, 4318479.593, 113
Trd, 4318481.593, 104
Trd, 4318483.643, 106
Trd, 4318484.493, 100
Trd, 4318485.493, 100
Trd, 4318486.793, 102
Trd, 4318490.293, 98
Trd, 4318490.493, 101
Trd, 4318491.393, 101
Trd, 4318491.993, 101
Trd, 4318494.443, 101
Trd, 4318495.293, 101
Trd, 4318496.243, 96
Trd, 4318496.793, 94
Trd, 4318496.943, 102
Trd, 4318497.543, 103
Trd, 4318498.243, 105
Trd, 4318502.393, 96
Trd, 4318504.443, 94
Trd, 4318504.493, 97
Trd, 4318506.193, 97
Trd, 4318507.493, 94
Trd, 4318508.793, 92
Trd, 4318509.993, 103
Trd, 4318510.693, 104
Trd, 4318512.843, 107
Trd, 4318513.593, 104
Trd, 4318514.343, 106
Trd, 4318514.743, 106
Trd, 4318517.943, 103
Trd, 4318520.343, 101
Trd, 4318520.393, 94
Trd, 4318520.593, 101
Trd, 4318522.943, 99
Trd, 4318524.043, 100
Trd, 4318526.193, 100
Trd, 4318527.293, 98
Trd, 4318527.593, 101
Trd, 4318529.493, 98
Trd, 4318530.843, 96
Trd, 4318531.143, 94
Trd, 4318531.793, 97
Trd, 4318533.843, 96
Trd, 4318533.993, 97
Trd, 4318534.543, 93
Trd, 4318536.493, 106
Trd, 4318536.793, 104
Trd, 4318539.393, 104
Trd, 4318539.543, 100
Trd, 4318540.743, 101
Trd, 4318541.743, 103
Trd, 4318542.193, 98
Trd, 4318544.543, 99
Trd, 4318544.943, 107
Trd, 4318547.193, 107
Trd, 4318548.043, 104
Trd, 4318549.443, 101
Trd, 4318549.843, 86
Trd, 4318550.093, 101
Trd, 4318551.143, 92
Trd, 4318552.543, 95
Trd, 4318553.143, 104
Trd, 4318554.343, 94
Trd, 4318554.443, 92
Trd, 4318555.193, 97
Trd, 4318556.793, 104
Trd, 4318556.843, 106
Trd, 4318557.693, 105
Trd, 4318559.693, 104
Trd, 4318562.343, 104
Trd, 4318562.993, 102
Trd, 4318563.043, 103
Trd, 4318563.093, 76
Trd, 4318563.843, 113
Trd, 4318565.993, 99
Trd, 4318566.543, 104
Trd, 4318567.343, 104
Trd, 4318568.643, 104
Trd, 4318569.593, 94
Trd, 4318570.193, 104
Trd, 4318570.543, 106
Trd, 4318572.743, 105
Trd, 4318572.993, 100
Trd, 4318573.643, 100
Trd, 4318573.843, 98
Trd, 4318574.543, 112
Trd, 4318576.343, 103
Trd, 4318577.843, 110
Trd, 4318579.193, 102
Trd, 4318581.793, 104
Trd, 4318582.743, 104
Trd, 4318583.943, 101
Trd, 4318584.443, 100
Trd, 4318587.693, 100
Trd, 4318587.893, 101
Trd, 4318588.693, 98
Trd, 4318589.293, 100
Trd, 4318589.793, 100
Trd, 4318593.143, 99
Trd, 4318595.093, 99
Trd, 4318595.793, 99
Trd, 4318596.593, 99
Trd, 4318598.343, 94
Trd, 4318599.193, 98
Trd, 4318599.393, 86
Trd, 4318601.443, 98
Trd, 4318602.143, 104
Trd, 4318602.893, 104
Trd, 4318603.543, 112
Trd, 4318604.443, 102
Trd, 4318605.693, 105
Trd, 4318607.343, 104
Trd, 4318608.293, 100
Trd, 4318608.443, 104
Trd, 4318608.643, 107
Trd, 4318611.843, 104
Trd, 4318611.943, 86
Trd, 4318614.143, 99
Trd, 4318614.743, 99
Trd, 4318617.093, 97
Trd, 4318618.093, 96
Trd, 4318618.793, 99
Trd, 4318619.693, 94
Trd, 4318622.443, 97
Trd, 4318622.543, 97
Trd, 4318622.793, 97
Trd, 4318624.043, 93
Trd, 4318625.143, 95
Trd, 4318625.543, 95
Trd, 4318628.143, 92
Trd, 4318628.243, 95
Trd, 4318629.943, 91
Trd, 4318630.043, 94
Trd, 4318631.943, 95
Trd, 4318632.243, 95
Trd, 4318633.693, 103
Trd, 4318634.143, 97
Trd, 4318635.743, 97
Trd, 4318637.043, 96
Trd, 4318637.843, 95
Trd, 4318638.843, 96
Trd, 4318642.093, 94
Trd, 4318642.493, 96
Trd, 4318642.993, 96
Trd, 4318643.143, 97
Trd, 4318644.393, 103
Trd, 4318645.193, 101
Trd, 4318647.593, 94
Trd, 4318648.393, 101
Trd, 4318648.593, 104
Trd, 4318648.843, 105
Trd, 4318650.043, 113
Trd, 4318651.143, 113
Trd, 4318653.493, 106
Trd, 4318654.543, 106
Trd, 4318654.943, 104
Trd, 4318655.043, 102
Trd, 4318657.943, 104
Trd, 4318658.143, 105
Trd, 4318658.393, 106
Trd, 4318658.793, 102
Trd, 4318659.343, 106
Trd, 4318660.193, 112
Trd, 4318663.043, 100
Trd, 4318663.843, 107
Trd, 4318666.293, 104
Trd, 4318666.843, 103
Trd, 4318667.993, 105
Trd, 4318668.743, 94
Trd, 4318670.843, 99
Trd, 4318671.693, 96
Trd, 4318672.793, 98
Trd, 4318675.543, 97
Trd, 4318676.443, 94
Trd, 4318677.243, 97
Trd, 4318677.343, 98
Trd, 4318677.943, 97
Trd, 4318680.093, 95
Trd, 4318680.993, 93
Trd, 4318682.343, 96
Trd, 4318682.793, 94
Trd, 4318685.943, 94
Trd, 4318686.643, 95
Trd, 4318689.343, 92
Trd, 4318690.043, 94
Trd, 4318690.593, 104
Trd, 4318691.093, 104
Trd, 4318691.443, 100
Trd, 4318691.893, 113
Trd, 4318693.393, 94
Trd, 4318695.193, 99
Trd, 4318696.443, 97
Trd, 4318697.993, 96
Trd, 4318698.743, 96
Trd, 4318699.793, 99
Trd, 4318701.493, 95
Trd, 4318701.993, 94
Trd, 4318703.443, 95
Trd, 4318703.743, 97
Trd, 4318705.293, 97
Trd, 4318706.293, 98
Trd, 4318707.543, 99
Trd, 4318708.843, 102
Trd, 4318709.593, 93
Trd, 4318711.993, 92
Trd, 4318712.043, 99
Trd, 4318713.943, 100
Trd, 4318714.393, 100
Trd, 4318716.193, 104
Trd, 4318716.343, 109
Trd, 4318717.043, 104
Trd, 4318719.993, 103
Trd, 4318720.743, 101
Trd, 4318721.543, 104
Trd, 4318722.343, 104
Trd, 4318723.393, 76
Trd, 4318723.993, 101
Trd, 4318724.493, 101
Trd, 4318726.593, 95
Trd, 4318728.843, 93
Trd, 4318728.943, 93
Trd, 4318730.243, 86
Trd, 4318731.393, 94
Trd, 4318732.143, 89
Trd, 4318733.743, 94
Trd, 4318733.943, 95
Trd, 4318734.793, 94
Trd, 4318735.093, 93
Trd, 4318736.843, 104
Trd, 4318737.393, 107
Trd, 4318737.843, 99
Trd, 4318740.043, 101
Trd, 4318740.943, 98
Trd, 4318741.643, 102
Trd, 4318743.293, 100
Trd, 4318744.543, 101
Trd, 4318744.993, 103
Trd, 4318746.943, 105
Trd, 4318747.193, 94
Trd, 4318748.493, 112
Trd, 4318750.443, 104
Trd, 4318750.743, 100
Trd, 4318750.943, 106
Trd, 4318751.093, 110
Trd, 4318751.293, 93
Trd, 4318755.493, 102
Trd, 4318755.543, 101
Trd, 4318756.143, 104
Trd, 4318757.043, 86
Trd, 4318758.443, 96
Trd, 4318759.093, 96
Trd, 4318760.893, 96
Trd, 4318762.043, 93
Trd, 4318762.343, 96
Trd, 4318762.393, 86
Trd, 4318764.893, 113
Trd, 4318766.193, 102
Trd, 4318766.943, 115
Trd, 4318768.093, 104
Trd, 4318769.593, 97
Trd, 4318769.993, 97
Trd, 4318770.293, 86
Trd, 4318771.843, 79
Trd, 4318772.593, 94
Trd, 4318772.693, 96
Trd, 4318773.743, 86
Trd, 4318775.143, 84
Trd, 4318775.543, 68
Trd, 4318775.843, 107
Trd, 4318777.993, 78
Trd, 4318779.493, 85
Trd, 4318780.893, 86
Trd, 4318781.243, 95
Trd, 4318781.593, 95
Trd, 4318782.293, 92
Trd, 4318784.593, 87
Trd, 4318785.543, 88
Trd, 4318786.393, 87
Trd, 4318787.793, 95
Trd, 4318788.393, 104
Trd, 4318789.193, 96
Trd, 4318792.343, 95
Trd, 4318793.243, 93
Trd, 4318793.693, 95
Trd, 4318794.493, 95
Trd, 4318794.593, 89
Trd, 4318794.843, 113
Trd, 4318795.793, 112
Trd, 4318798.243, 103
Trd, 4318799.543, 102
Trd, 4318799.993, 98
Trd, 4318801.993, 98
Trd, 4318802.943, 98
Trd, 4318803.393, 98
Trd, 4318806.493, 94
Trd, 4318807.043, 95
Trd, 4318807.393, 95
Trd, 4318809.093, 94
Trd, 4318810.093, 95
Trd, 4318810.693, 107
Trd, 4318811.693, 93
Trd, 4318815.393, 96
Trd, 4318816.993, 94
Trd, 4318817.143, 96
Trd, 4318819.493, 92
Trd, 4318819.593, 95
Trd, 4318820.543, 95
Trd, 4318821.193, 94
Trd, 4318822.093, 103
Trd, 4318822.493, 104
Trd, 4318824.193, 100
Trd, 4318826.593, 104
Trd, 4318827.043, 94
Trd, 4318827.493, 100
Trd, 4318828.293, 112
Trd, 4318828.943, 86
Trd, 4318829.493, 98
Trd, 4318830.143, 99
Trd, 4318831.693, 103
Trd, 4318831.743, 117
Trd, 4318833.593, 113
Trd, 4318834.943, 107
Trd, 4318836.193, 112
Trd, 4318836.493, 93
Trd, 4318837.443, 113
Trd, 4318839.793, 104
Trd, 4318841.893, 91
Trd, 4318842.293, 86
Trd, 4318842.993, 92
Trd, 4318843.793, 94
Trd, 4318844.943, 90
Trd, 4318847.093, 93
Trd, 4318847.643, 93
Trd, 4318848.193, 105
Trd, 4318849.143, 95
Trd, 4318851.193, 94
Trd, 4318851.743, 90
Trd, 4318852.243, 95
Trd, 4318855.243, 92
Trd, 4318857.443, 90
Trd, 4318857.893, 95
Trd, 4318858.493, 107
Trd, 4318860.743, 99
Trd, 4318860.943, 89
Trd, 4318862.943, 96
Trd, 4318863.993, 97
Trd, 4318864.843, 104
Trd, 4318865.793, 88
Trd, 4318866.793, 100
Trd, 4318867.043, 103
Trd, 4318868.893, 98
Trd, 4318870.593, 86
Trd, 4318871.293, 97
Trd, 4318871.343, 98
Trd, 4318874.693, 91
Trd, 4318875.643, 87
Trd, 4318875.793, 88
Trd, 4318877.193, 95
Trd, 4318878.493, 105
Trd, 4318880.643, 111
Trd, 4318881.293, 86
Trd, 4318883.843, 91
Trd, 4318883.993, 93
Trd, 4318884.443, 92
Trd, 4318886.493, 86
Trd, 4318886.893, 91
Trd, 4318888.693, 91
Trd, 4318890.443, 91
Trd, 4318890.943, 96
Trd, 4318891.143, 103
Trd, 4318891.943, 97
Trd, 4318893.843, 92
Trd, 4318894.293, 104
Trd, 4318895.843, 97
Trd, 4318896.043, 98
Trd, 4318896.543, 90
Trd, 4318897.693, 98
Trd, 4318899.193, 98
Trd, 4318902.793, 90
Trd, 4318902.993, 91
Trd, 4318903.093, 89
Trd, 4318904.443, 91
Trd, 4318906.443, 92
Trd, 4318906.793, 91
Trd, 4318908.443, 88
Trd, 4318909.643, 95
Trd, 4318911.143, 87
Trd, 4318911.193, 109
Trd, 4318914.193, 95
Trd, 4318914.443, 95
Trd, 4318916.393, 87
Trd, 4318917.793, 95
Trd, 4318919.993, 93
Trd, 4318920.243, 95
Trd, 4318920.443, 108
Trd, 4318922.093, 94
Trd, 4318923.393, 102
Trd, 4318925.393, 102
Trd, 4318925.743, 96
Trd, 4318927.193, 96
Trd, 4318928.793, 96
Trd, 4318929.143, 95
Trd, 4318929.293, 107
Trd, 4318930.543, 104
Trd, 4318931.893, 102
Trd, 4318932.043, 106
Trd, 4318934.343, 102
Trd, 4318934.993, 102
Trd, 4318935.193, 94
Trd, 4318936.693, 94
Trd, 4318938.593, 85
Trd, 4318938.643, 87
Trd, 4318939.493, 86
Trd, 4318940.743, 95
Trd, 4318942.743, 102
Trd, 4318942.943, 86
Trd, 4318944.843, 104
Trd, 4318945.193, 94
Trd, 4318946.193, 95
Trd, 4318946.493, 91
Trd, 4318947.843, 87
Trd, 4318949.343, 83
Trd, 4318949.893, 86
Trd, 4318952.593, 93
Trd, 4318953.093, 95
Trd, 4318953.793, 87
Trd, 4318954.143, 113
Trd, 4318955.443, 103
Trd, 4318956.143, 104
Trd, 4318956.893, 104
Trd, 4318957.543, 98
Trd, 4318958.143, 114
Trd, 4318961.643, 100
Trd, 4318962.193, 102
Trd, 4318964.993, 101
Trd, 4318965.393, 102
Trd, 4318966.793, 101
Trd, 4318967.643, 108
Trd, 4318967.793, 117
Trd, 4318969.293, 94
Trd, 4318970.493, 105
Trd, 4318971.793, 97
Trd, 4318973.093, 104
Trd, 4318974.243, 103
Trd, 4318975.193, 105
Trd, 4318976.043, 101
Trd, 4318977.243, 100
Trd, 4318977.593, 93
Trd, 4318979.243, 89
Trd, 4318980.593, 89
Trd, 4318980.793, 95
Trd, 4318982.443, 104
Trd, 4318983.343, 90
Trd, 4318983.393, 96
Trd, 4318984.743, 96
Trd, 4318989.693, 92
Trd, 4318990.793, 90
Trd, 4318991.643, 91
Trd, 4318992.143, 90
Trd, 4318992.393, 95
Trd, 4318992.793, 106
Trd, 4318993.443, 104
Trd, 4318994.243, 121
Trd, 4318998.243, 106
Trd, 4318998.443, 106
Trd, 4318999.543, 104
Trd, 4319000.193, 94
Trd, 4319001.293, 101
Trd, 4319002.843, 115
Trd, 4319003.493, 104
Trd, 4319004.893, 103
Trd, 4319004.993, 104
Trd, 4319006.443, 103
Trd, 4319006.943, 104
Trd, 4319007.893, 103
Trd, 4319009.493, 94
Trd, 4319009.843, 104
Trd, 4319012.043, 104
Trd, 4319013.243, 104
Trd, 4319015.843, 97
Trd, 4319017.193, 98
Trd, 4319018.993, 95
Trd, 4319019.443, 93
Trd, 4319020.693, 94
Trd, 4319021.243, 95
Trd, 4319022.243, 86
Trd, 4319022.693, 94
Trd, 4319024.193, 91
Trd, 4319025.193, 92
Trd, 4319025.393, 94
Trd, 4319025.593, 95
Trd, 4319027.143, 115
Trd, 4319028.593, 86
Trd, 4319029.643, 97
Trd, 4319030.443, 95
Trd, 4319031.943, 97
Trd, 4319033.643, 93
Trd, 4319033.743, 94
Trd, 4319034.643, 87
Trd, 4319036.193, 87
Trd, 4319036.743, 86
Trd, 4319036.943, 96
Trd, 4319038.993, 89
Trd, 4319039.643, 121
Trd, 4319040.093, 100
Trd, 4319041.643, 99
Trd, 4319043.543, 98
Trd, 4319044.293, 98
Trd, 4319044.543, 99
Trd, 4319045.543, 94
Trd, 4319045.593, 100
Trd, 4319047.743, 99
Trd, 4319048.893, 100
Trd, 4319051.593, 96
Trd, 4319052.243, 93
Trd, 4319053.343, 95
Trd, 4319054.043, 92
Trd, 4319054.743, 107
Trd, 4319055.543, 103
Trd, 4319058.843, 103
Trd, 4319059.093, 101
Trd, 4319059.393, 102
Trd, 4319059.893, 105
Trd, 4319060.243, 86
Trd, 4319063.893, 97
Trd, 4319065.993, 96
Trd, 4319066.493, 94
Trd, 4319066.693, 94
Trd, 4319066.793, 96
Trd, 4319067.743, 94
Trd, 4319069.093, 93
Trd, 4319071.343, 102
Trd, 4319071.393, 107
Trd, 4319073.193, 98
Trd, 4319074.593, 96
Trd, 4319075.693, 94
Trd, 4319076.443, 86
Trd, 4319076.593, 95
Trd, 4319076.693, 96
Trd, 4319078.893, 95
Trd, 4319079.393, 96
Trd, 4319080.243, 91
Trd, 4319082.243, 96
Trd, 4319083.043, 92
Trd, 4319083.893, 93
Trd, 4319084.843, 91
Trd, 4319086.143, 109
Trd, 4319087.993, 112
Trd, 4319089.093, 101
Trd, 4319090.143, 101
Trd, 4319090.843, 103
Trd, 4319091.843, 102
Trd, 4319094.593, 97
Trd, 4319094.943, 94
Trd, 4319096.193, 78
Trd, 4319097.243, 94
Trd, 4319097.693, 95
Trd, 4319099.343, 86
Trd, 4319100.743, 95
Trd, 4319101.943, 87
Trd, 4319102.843, 92
Trd, 4319103.043, 115
Trd, 4319103.543, 113
Trd, 4319105.343, 92
Trd, 4319105.693, 103
Trd, 4319105.793, 109
Trd, 4319106.243, 116
Trd, 4319109.843, 106
Trd, 4319110.393, 106
Trd, 4319111.443, 104
Trd, 4319114.893, 101
Trd, 4319116.443, 97
Trd, 4319117.343, 96
Trd, 4319117.443, 94
Trd, 4319117.493, 98
Trd, 4319118.543, 108
Trd, 4319119.393, 101
Trd, 4319119.443, 93
Trd, 4319122.643, 95
Trd, 4319123.243, 91
Trd, 4319125.643, 92
Trd, 4319126.443, 91
Trd, 4319126.693, 90
Trd, 4319127.793, 91
Trd, 4319129.543, 84
Trd, 4319130.693, 86
Trd, 4319131.793, 95
Trd, 4319132.093, 109
Trd, 4319133.143, 104
Trd, 4319135.043, 104
Trd, 4319135.793, 101
Trd, 4319136.493, 82
Trd, 4319137.843, 105
Trd, 4319138.943, 102
Trd, 4319140.593, 92
Trd, 4319141.543, 105
Trd, 4319142.193, 104
Trd, 4319142.793, 105
Trd, 4319143.493, 105
Trd, 4319146.443, 105
Trd, 4319148.193, 103
Trd, 4319148.343, 105
Trd, 4319148.843, 104
Trd, 4319150.993, 106
Trd, 4319151.043, 106
Trd, 4319151.643, 103
Trd, 4319154.043, 101
Trd, 4319155.593, 94
Trd, 4319156.243, 93
Trd, 4319157.293, 92
Trd, 4319157.943, 106
Trd, 4319158.243, 114
Trd, 4319158.293, 104
Trd, 4319159.443, 86
Trd, 4319160.843, 120
Trd, 4319162.593, 113
Trd, 4319163.193, 113
Trd, 4319165.843, 104
Trd, 4319166.843, 105
Trd, 4319167.043, 106
Trd, 4319170.093, 102
Trd, 4319170.893, 94
Trd, 4319171.293, 103
Trd, 4319172.093, 101
Trd, 4319172.243, 97
Trd, 4319173.043, 104
Trd, 4319174.743, 103
Trd, 4319174.893, 101
Trd, 4319176.043, 100
Trd, 4319176.693, 104
Trd, 4319178.743, 102
Trd, 4319179.893, 101
Trd, 4319180.243, 105
Trd, 4319180.643, 93
Trd, 4319183.493, 102
Trd, 4319183.843, 99
Trd, 4319186.593, 100
Trd, 4319187.993, 110
Trd, 4319188.643, 103
Trd, 4319189.643, 101
Trd, 4319190.843, 102
Trd, 4319192.843, 101
Trd, 4319193.643, 100
Trd, 4319193.693, 94
Trd, 4319197.293, 99
Trd, 4319197.393, 100
Trd, 4319197.793, 96
Trd, 4319199.043, 97
Trd, 4319201.093, 92
Trd, 4319201.343, 91
Trd, 4319202.693, 93
Trd, 4319203.943, 78
Trd, 4319204.993, 93
Trd, 4319205.693, 93
Trd, 4319207.043, 95
Trd, 4319208.893, 73
Trd, 4319209.943, 95
Trd, 4319212.193, 94
Trd, 4319212.643, 95
Trd, 4319213.693, 101
Trd, 4319215.093, 104
Trd, 4319216.093, 97
Trd, 4319216.643, 94
Trd, 4319216.743, 98
Trd, 4319217.543, 113
Trd, 4319219.243, 104
Trd, 4319220.193, 104
Trd, 4319222.343, 103
Trd, 4319223.293, 93
Trd, 4319223.593, 103
Trd, 4319225.743, 101
Trd, 4319226.943, 102
Trd, 4319227.243, 100
Trd, 4319229.643, 105
Trd, 4319229.793, 104
Trd, 4319230.743, 102
Trd, 4319231.393, 99
Trd, 4319231.843, 99
Trd, 4319232.993, 94
Trd, 4319233.793, 111
Trd, 4319236.093, 101
Trd, 4319237.493, 100
Trd, 4319237.593, 101
Trd, 4319238.793, 103
Trd, 4319239.843, 99
Trd, 4319240.293, 100
Trd, 4319241.693, 106
Trd, 4319241.943, 104
Trd, 4319242.443, 111
Trd, 4319242.793, 116
Trd, 4319243.793, 116
Trd, 4319246.393, 94
Trd, 4319248.243, 106
Trd, 4319249.243, 103
Trd, 4319250.243, 103
Trd, 4319250.843, 103
Trd, 4319252.393, 102
Trd, 4319254.093, 101
Trd, 4319255.843, 102
Trd, 4319255.893, 94
Trd, 4319256.293, 103
Trd, 4319257.243, 95
Trd, 4319258.793, 101
Trd, 4319261.993, 97
Trd, 4319262.993, 97
Trd, 4319265.643, 76
Trd, 4319265.793, 91
Trd, 4319266.843, 88
Trd, 4319267.843, 86
Trd, 4319268.543, 87
Trd, 4319269.343, 95
Trd, 4319270.693, 92
Trd, 4319270.793, 87
Trd, 4319272.893, 86
Trd, 4319275.193, 90
Trd, 4319276.443, 90
Trd, 4319276.593, 91
Trd, 4319277.743, 95
Trd, 4319278.993, 94
Trd, 4319279.193, 95
Trd, 4319280.143, 122
Trd, 4319281.293, 102
Trd, 4319281.393, 86
Trd, 4319282.893, 105
Trd, 4319283.293, 101
Trd, 4319284.193, 111
Trd, 4319284.593, 104
Trd, 4319287.543, 93
Trd, 4319289.143, 103
Trd, 4319289.243, 104
Trd, 4319291.243, 92
Trd, 4319291.693, 101
Trd, 4319291.793, 104
Trd, 4319292.893, 122
Trd, 4319295.093, 95
Trd, 4319295.893, 99
Trd, 4319297.693, 98
Trd, 4319300.093, 93
Trd, 4319301.293, 98
Trd, 4319302.043, 97
Trd, 4319302.643, 96
Trd, 4319304.193, 95
Trd, 4319305.493, 96
Trd, 4319306.693, 96
Trd, 4319307.143, 96
Trd, 4319307.443, 104
Trd, 4319307.843, 93
Trd, 4319311.343, 95
Trd, 4319311.743, 93
Trd, 4319312.093, 96
Trd, 4319313.543, 91
Trd, 4319313.793, 95
Trd, 4319314.643, 96
Trd, 4319315.943, 95
Trd, 4319318.943, 92
Trd, 4319319.093, 96
Trd, 4319320.193, 94
Trd, 4319320.343, 111
Trd, 4319322.343, 97
Trd, 4319327.193, 95
Trd, 4319327.693, 94
Trd, 4319328.343, 95
Trd, 4319331.493, 95
Trd, 4319331.843, 92
Trd, 4319332.093, 94
Trd, 4319332.943, 94
Trd, 4319333.493, 94
Trd, 4319334.793, 95
Trd, 4319335.593, 108
Trd, 4319336.543, 92
Trd, 4319337.993, 96
Trd, 4319338.793, 98
Trd, 4319338.893, 91
Trd, 4319340.493, 106
Trd, 4319341.443, 98
Trd, 4319343.593, 94
Trd, 4319344.793, 95
Trd, 4319345.943, 90
Trd, 4319347.643, 90
Trd, 4319347.943, 90
Trd, 4319348.293, 90
Trd, 4319350.093, 89
Trd, 4319350.193, 90
Trd, 4319352.393, 88
Trd, 4319353.193, 95
Trd, 4319353.393, 89
Trd, 4319353.843, 91
Trd, 4319356.143, 105
Trd, 4319356.593, 97
Trd, 4319359.093, 99
Trd, 4319360.943, 99
Trd, 4319361.293, 112
Trd, 4319362.593, 101
Trd, 4319362.643, 97
Trd, 4319363.193, 104
Trd, 4319365.543, 95
Trd, 4319367.693, 95
Trd, 4319367.893, 93
Trd, 4319369.243, 105
Trd, 4319370.943, 94
Trd, 4319371.543, 97
Trd, 4319372.493, 97
Trd, 4319373.943, 112
Trd, 4319376.043, 100
Trd, 4319376.443, 100
Trd, 4319377.693, 97
Trd, 4319378.343, 113
Trd, 4319381.893, 111
Trd, 4319382.393, 109
Trd, 4319383.643, 104
Trd, 4319383.943, 106
Trd, 4319384.493, 104
Trd, 4319385.893, 101
Trd, 4319387.143, 104
Trd, 4319387.643, 112
Trd, 4319387.693, 93
Trd, 4319388.793, 113
Trd, 4319390.293, 104
Trd, 4319392.143, 105
Trd, 4319395.193, 103
Trd, 4319396.293, 102
Trd, 4319396.343, 104
Trd, 4319396.643, 86
Trd, 4319397.693, 105
Trd, 4319399.943, 100
Trd, 4319400.343, 94
Trd, 4319401.243, 100
Trd, 4319403.343, 99
Trd, 4319406.293, 95
Trd, 4319406.493, 98
Trd, 4319408.043, 98
Trd, 4319408.093, 113
Trd, 4319409.043, 101
Trd, 4319412.493, 95
Trd, 4319412.843, 94
Trd, 4319413.393, 96
Trd, 4319414.793, 92
Trd, 4319415.393, 97
Trd, 4319416.393, 102
Trd, 4319418.343, 95
Trd, 4319418.443, 93
Trd, 4319419.843, 94
Trd, 4319420.893, 93
Trd, 4319421.643, 92
Trd, 4319421.793, 94
Trd, 4319424.143, 95
Trd, 4319424.793, 95
Trd, 4319425.693, 92
Trd, 4319426.143, 93
Trd, 4319426.493, 106
Trd, 4319428.093, 96
Trd, 4319428.193, 97
Trd, 4319430.643, 109
Trd, 4319432.443, 104
Trd, 4319433.343, 102
Trd, 4319435.493, 100
Trd, 4319435.593, 100
Trd, 4319436.143, 102
Trd, 4319437.393, 93
Trd, 4319437.743, 102
Trd, 4319440.993, 102
Trd, 4319442.443, 97
Trd, 4319442.793, 101
Trd, 4319445.193, 99
Trd, 4319445.493, 99
Trd, 4319445.793, 100
Trd, 4319447.443, 106
Trd, 4319449.743, 102
Trd, 4319449.843, 98
Trd, 4319449.993, 103
Trd, 4319452.343, 100
Trd, 4319453.743, 96
Trd, 4319453.843, 94
Trd, 4319454.343, 98
Trd, 4319455.943, 97
Trd, 4319457.493, 93
Trd, 4319458.143, 94
Trd, 4319460.693, 94
Trd, 4319461.193, 95
Trd, 4319462.293, 96
Trd, 4319463.993, 113
Trd, 4319464.043, 105
Trd, 4319465.993, 112
Trd, 4319466.343, 110
Trd, 4319467.143, 103
Trd, 4319468.593, 93
Trd, 4319469.793, 105
Trd, 4319470.593, 103
Trd, 4319472.643, 97
Trd, 4319473.193, 99
Trd, 4319473.593, 92
Trd, 4319474.293, 99
Trd, 4319474.643, 105
Trd, 4319476.843, 93
Trd, 4319477.493, 99
Trd, 4319477.893, 99
Trd, 4319481.493, 95
Trd, 4319481.543, 96
Trd, 4319483.293, 96
Trd, 4319485.543, 92
Trd, 4319486.043, 97
Trd, 4319486.443, 97
Trd, 4319489.293, 97
Trd, 4319489.393, 97
Trd, 4319489.893, 92
Trd, 4319490.693, 113
Trd, 4319491.093, 107
Trd, 4319492.493, 104
Trd, 4319494.093, 97
Trd, 4319494.843, 101
Trd, 4319495.643, 100
Trd, 4319498.643, 94
Trd, 4319498.993, 104
Trd, 4319499.443, 100
Trd, 4319500.193, 101
Trd, 4319500.843, 113
Trd, 4319501.943, 122
Trd, 4319503.243, 104
Trd, 4319504.293, 106
Trd, 4319509.193, 105
Trd, 4319510.593, 104
Trd, 4319511.143, 103
Trd, 4319511.893, 104
Trd, 4319514.893, 101
Trd, 4319516.093, 100
Trd, 4319516.443, 102
Trd, 4319516.843, 102
Trd, 4319518.443, 102
Trd, 4319518.893, 102
Trd, 4319520.793, 97
Trd, 4319521.343, 98
Trd, 4319522.643, 98
Trd, 4319523.743, 96
Trd, 4319525.593, 95
Trd, 4319526.693, 97
Trd, 4319527.643, 98
Trd, 4319527.993, 106
Trd, 4319530.493, 98
Trd, 4319530.943, 86
Trd, 4319532.693, 95
Trd, 4319533.293, 95
Trd, 4319533.543, 92
Trd, 4319537.443, 93
Trd, 4319541.343, 92
Trd, 4319541.643, 92
Trd, 4319542.693, 91
Trd, 4319542.993, 76
Trd, 4319544.793, 90
Trd, 4319545.643, 90
Trd, 4319546.543, 104
Trd, 4319548.893, 113
Trd, 4319549.143, 104
Trd, 4319549.243, 102
Trd, 4319551.143, 101
Trd, 4319551.643, 94
Trd, 4319551.943, 100
Trd, 4319552.593, 100
Trd, 4319555.593, 104
Trd, 4319557.093, 101
Trd, 4319557.993, 101
Trd, 4319559.493, 99
Trd, 4319560.593, 86
Trd, 4319561.993, 97
Trd, 4319562.393, 98
Trd, 4319562.443, 111
Trd, 4319562.743, 122
Trd, 4319563.643, 109
Trd, 4319567.093, 112
Trd, 4319568.193, 106
Trd, 4319569.443, 103
Trd, 4319570.343, 103
Trd, 4319571.143, 101
Trd, 4319572.143, 100
Trd, 4319572.693, 94
Trd, 4319575.693, 95
Trd, 4319576.493, 96
Trd, 4319576.943, 97
Trd, 4319577.343, 97
Trd, 4319578.543, 97
Trd, 4319579.293, 96
Trd, 4319580.893, 87
Trd, 4319581.893, 90
Trd, 4319582.143, 90
Trd, 4319582.993, 104
Trd, 4319583.493, 122
Trd, 4319583.893, 111
Trd, 4319585.043, 81
Trd, 4319586.793, 101
Trd, 4319587.143, 103
Trd, 4319589.643, 106
Trd, 4319591.843, 98
Trd, 4319592.393, 94
Trd, 4319593.743, 92
Trd, 4319594.643, 93
Trd, 4319595.993, 95
Trd, 4319596.743, 102
Trd, 4319597.743, 93
Trd, 4319598.343, 97
Trd, 4319599.093, 77
Trd, 4319599.993, 96
Trd, 4319601.643, 92
Trd, 4319602.193, 93
Trd, 4319602.843, 94
Trd, 4319603.043, 95
Trd, 4319605.043, 94
Trd, 4319605.293, 109
Trd, 4319605.443, 90
Trd, 4319606.843, 95
Trd, 4319608.293, 92
Trd, 4319610.593, 93
Trd, 4319611.393, 89
Trd, 4319612.893, 91
Trd, 4319613.793, 91
Trd, 4319614.093, 94
Trd, 4319614.393, 95
Trd, 4319619.793, 90
Trd, 4319620.043, 91
Trd, 4319620.743, 92
Trd, 4319621.393, 95
Trd, 4319622.343, 92
Trd, 4319623.743, 93
Trd, 4319625.793, 92
Trd, 4319625.943, 91
Trd, 4319626.843, 93
Trd, 4319627.593, 95
Trd, 4319629.643, 90
Trd, 4319629.893, 95
Trd, 4319629.993, 106
Trd, 4319632.643, 94
Trd, 4319633.393, 95
Trd, 4319634.893, 104
Trd, 4319636.443, 89
Trd, 4319637.493, 96
Trd, 4319637.843, 96
Trd, 4319639.943, 88
Trd, 4319640.343, 95
Trd, 4319641.493, 96
Trd, 4319644.343, 91
Trd, 4319644.493, 105
Trd, 4319645.093, 106
Trd, 4319645.343, 105
Trd, 4319646.543, 102
Trd, 4319648.593, 116
Trd, 4319648.693, 94
Trd, 4319650.943, 86
Trd, 4319652.243, 85
Trd, 4319653.093, 91
Trd, 4319653.843, 96
Trd, 4319656.643, 91
Trd, 4319656.993, 91
Trd, 4319658.343, 89
Trd, 4319659.843, 91
Trd, 4319660.393, 95
Trd, 4319661.343, 103
Trd, 4319663.693, 103
Trd, 4319664.893, 102
Trd, 4319665.143, 107
Trd, 4319666.043, 99
Trd, 4319669.643, 99
Trd, 4319669.843, 99
Trd, 4319670.593, 99
Trd, 4319672.993, 104
Trd, 4319673.343, 104
Trd, 4319673.593, 94
Trd, 4319673.793, 105
Trd, 4319677.393, 106
Trd, 4319677.893, 103
Trd, 4319678.143, 103
Trd, 4319679.443, 97
Trd, 4319680.793, 99
Trd, 4319682.443, 100
Trd, 4319683.843, 103
Trd, 4319684.593, 103
Trd, 4319685.243, 90
Trd, 4319686.193, 90
Trd, 4319687.543, 94
Trd, 4319688.793, 94
Trd, 4319690.143, 94
Trd, 4319690.343, 95
Trd, 4319690.693, 94
Trd, 4319692.643, 113
Trd, 4319693.243, 93
Trd, 4319696.943, 92
Trd, 4319697.743, 93
Trd, 4319697.793, 94
Trd, 4319699.793, 94
Trd, 4319700.143, 94
Trd, 4319702.793, 95
Trd, 4319702.943, 110
Trd, 4319704.493, 92
Trd, 4319704.743, 98
Trd, 4319704.793, 104
Trd, 4319706.293, 94
Trd, 4319706.543, 67
Trd, 4319707.593, 88
Trd, 4319709.143, 91
Trd, 4319709.943, 95
Trd, 4319710.193, 112
Trd, 4319710.993, 104
Trd, 4319712.093, 117
Trd, 4319712.943, 102
Trd, 4319713.443, 111
Trd, 4319714.443, 92
Trd, 4319716.143, 110
Trd, 4319718.193, 102
Trd, 4319718.643, 105
Trd, 4319720.293, 104
Trd, 4319720.993, 89
Trd, 4319722.843, 104
Trd, 4319722.893, 92
Trd, 4319724.893, 104
Trd, 4319725.643, 103
Trd, 4319727.143, 103
Trd, 4319727.193, 102
Trd, 4319727.693, 102
Trd, 4319729.343, 103
Trd, 4319731.793, 101
Trd, 4319733.693, 108
Trd, 4319734.243, 104
Trd, 4319735.343, 103
Trd, 4319736.143, 94
Trd, 4319738.693, 91
Trd, 4319738.743, 95
Trd, 4319739.643, 96
Trd, 4319742.293, 94
Trd, 4319743.143, 78
Trd, 4319743.643, 67
Trd, 4319743.943, 87
Trd, 4319744.843, 86
Trd, 4319745.493, 87
Trd, 4319746.393, 75
Trd, 4319746.443, 96
Trd, 4319746.893, 86
Trd, 4319748.993, 104
Trd, 4319749.393, 96
Trd, 4319751.343, 122
Trd, 4319752.043, 111
Trd, 4319754.343, 108
Trd, 4319754.843, 110
Trd, 4319755.493, 104
Trd, 4319755.893, 109
Trd, 4319759.343, 104
Trd, 4319759.443, 93
Trd, 4319759.543, 105
Trd, 4319762.093, 98
Trd, 4319762.193, 97
Trd, 4319762.343, 76
Trd, 4319763.143, 104
Trd, 4319765.293, 95
Trd, 4319765.543, 97
Trd, 4319766.543, 111
Trd, 4319766.593, 112
Trd, 4319768.743, 102
Trd, 4319769.193, 104
Trd, 4319770.543, 100
Trd, 4319773.793, 98
Trd, 4319773.993, 101
Trd, 4319774.693, 99
Trd, 4319776.293, 98
Trd, 4319776.393, 99
Trd, 4319777.793, 113
Trd, 4319778.293, 103
Trd, 4319778.543, 103
Trd, 4319778.843, 115
Trd, 4319783.793, 101
Trd, 4319784.143, 100
Trd, 4319784.793, 99
Trd, 4319787.493, 100
Trd, 4319787.693, 94
Trd, 4319788.743, 97
Trd, 4319788.843, 98
Trd, 4319790.443, 97
Trd, 4319791.143, 98
Trd, 4319793.843, 94
Trd, 4319793.943, 96
Trd, 4319794.493, 96
Trd, 4319795.443, 96
Trd, 4319797.443, 96
Trd, 4319800.443, 96
Trd, 4319801.693, 94
Trd, 4319801.743, 93
Trd, 4319802.443, 96
Trd, 4319803.543, 103
Trd, 4319805.793, 97
Trd, 4319805.893, 106
Trd, 4319807.893, 98
Trd, 4319808.343, 100
Trd, 4319808.743, 105
Trd, 4319810.343, 111
Trd, 4319810.543, 86
Trd, 4319812.143, 93
Trd, 4319813.493, 102
Trd, 4319815.193, 101
Trd, 4319816.543, 101
Trd, 4319819.743, 99
Trd, 4319820.743, 99
Trd, 4319821.543, 98
Trd, 4319822.943, 99
Trd, 4319823.193, 96
Trd, 4319825.943, 96
Trd, 4319826.443, 96
Trd, 4319827.193, 94
Trd, 4319829.893, 96
Trd, 4319831.843, 95
Trd, 4319833.043, 92
Trd, 4319833.643, 86
Trd, 4319833.993, 93
Trd, 4319834.243, 91
Trd, 4319834.293, 95
Trd, 4319835.643, 94
Trd, 4319837.243, 94
Trd, 4319840.343, 92
Trd, 4319841.143, 94
Trd, 4319842.093, 94
Trd, 4319842.943, 90
Trd, 4319843.843, 93
Trd, 4319845.543, 92
Trd, 4319846.693, 92
Trd, 4319847.693, 89
Trd, 4319847.793, 95
Trd, 4319848.943, 86
Trd, 4319849.143, 95
Trd, 4319849.443, 107
Trd, 4319851.593, 104
Trd, 4319852.443, 102
Trd, 4319854.043, 110
Trd, 4319855.943, 105
Trd, 4319857.243, 106
Trd, 4319859.543, 104
Trd, 4319859.693, 105
Trd, 4319860.693, 94
Trd, 4319861.693, 105
Trd, 4319864.143, 98
Trd, 4319865.243, 102
Trd, 4319865.443, 104
Trd, 4319867.243, 102
Trd, 4319868.793, 103
Trd, 4319869.593, 104
Trd, 4319870.493, 102
Trd, 4319871.793, 94
Trd, 4319872.343, 100
Trd, 4319872.493, 101
Trd, 4319875.393, 101
Trd, 4319875.493, 107
Trd, 4319876.793, 93
Trd, 4319876.993, 96
Trd, 4319877.043, 80
Trd, 4319877.193, 97
Trd, 4319878.693, 113
Trd, 4319879.843, 87
Trd, 4319879.893, 101
Trd, 4319881.743, 98
Trd, 4319882.843, 91
Trd, 4319884.993, 93
Trd, 4319886.193, 104
Trd, 4319887.593, 101
Trd, 4319887.693, 105
Trd, 4319888.243, 94
Trd, 4319890.143, 96
Trd, 4319890.693, 78
Trd, 4319893.293, 89
Trd, 4319893.543, 89
Trd, 4319893.693, 104
Trd, 4319894.393, 106
Trd, 4319896.243, 98
Trd, 4319897.943, 99
Trd, 4319898.293, 96
Trd, 4319899.093, 98
Trd, 4319900.643, 99
Trd, 4319902.343, 109
Trd, 4319903.243, 95
Trd, 4319903.393, 104
Trd, 4319903.793, 104
Trd, 4319903.843, 117
Trd, 4319907.893, 103
Trd, 4319907.943, 102
Trd, 4319908.193, 105
Trd, 4319911.043, 86
Trd, 4319911.543, 103
Trd, 4319912.943, 100
Trd, 4319915.543, 95
Trd, 4319915.593, 95
Trd, 4319916.893, 96
Trd, 4319917.293, 94
Trd, 4319920.443, 95
Trd, 4319920.693, 86
Trd, 4319921.843, 93
Trd, 4319924.543, 91
Trd, 4319924.693, 90
Trd, 4319924.943, 108
Trd, 4319927.993, 91
Trd, 4319928.543, 91
Trd, 4319929.143, 93
Trd, 4319930.193, 92
Trd, 4319930.593, 92
Trd, 4319931.293, 95
Trd, 4319931.793, 90
Trd, 4319934.343, 96
Trd, 4319934.993, 95
Trd, 4319935.793, 106
Trd, 4319935.843, 89
Trd, 4319936.343, 104
Trd, 4319938.093, 105
Trd, 4319939.193, 103
Trd, 4319939.793, 103
Trd, 4319940.793, 104
Trd, 4319941.193, 93
Trd, 4319941.943, 118
Trd, 4319942.893, 109
Trd, 4319943.943, 103
Trd, 4319945.793, 105
Trd, 4319946.843, 104
Trd, 4319947.943, 102
Trd, 4319948.093, 107
Trd, 4319948.643, 107
Trd, 4319949.093, 117
Trd, 4319950.643, 101
Trd, 4319951.393, 94
Trd, 4319953.293, 98
Trd, 4319953.643, 95
Trd, 4319955.943, 96
Trd, 4319956.643, 96
Trd, 4319957.193, 97
Trd, 4319958.243, 94
Trd, 4319958.443, 95
Trd, 4319960.693, 94
Trd, 4319961.043, 96
Trd, 4319962.443, 96
Trd, 4319962.943, 93
Trd, 4319964.243, 110
Trd, 4319965.643, 95
Trd, 4319967.993, 92
Trd, 4319968.393, 94
Trd, 4319969.443, 94
Trd, 4319971.243, 95
Trd, 4319971.593, 103
Trd, 4319973.193, 104
Trd, 4319973.843, 101
Trd, 4319975.043, 100
Trd, 4319975.293, 94
Trd, 4319975.893, 101
Trd, 4319976.993, 99
Trd, 4319978.343, 93
Trd, 4319979.393, 100
Trd, 4319982.043, 101
Trd, 4319983.643, 101
Trd, 4319983.993, 102
Trd, 4319984.143, 105
Trd, 4319987.143, 103
Trd, 4319988.043, 101
Trd, 4319989.393, 99
Trd, 4319990.143, 100
Trd, 4319992.893, 99
Trd, 4319993.193, 100
Trd, 4319993.643, 99
Trd, 4319994.193, 104
Trd, 4319994.443, 94
Trd, 4319996.143, 103
Trd, 4319996.443, 103
Trd, 4319996.893, 102
