Trd, 4317884.243, 94
Trd, 4317884.793, 95
Trd, 4317885.743, 93
Trd, 4317887.543, 93
Trd, 4317888.693, 93
Trd, 4317888.843, 95
Trd, 4317891.743, 94
Trd, 4317892.093, 93
Trd, 4317892.693, 94
Trd, 4317896.743, 95
Trd, 4317898.093, 102
Trd, 4317898.193, 97
Trd, 4317898.443, 99
Trd, 4317898.843, 97
Trd, 4317900.193, 96
Trd, 4317902.993, 98
Trd, 4317903.293, 99
Trd, 4317904.493, 97
Trd, 4317905.493, 98
Trd, 4317908.443, 97
Trd, 4317910.543, 96
Trd, 4317910.743, 94
Trd, 4317911.893, 98
Trd, 4317912.793, 95
Trd, 4317913.393, 95
Trd, 4317914.043, 97
Trd, 4317915.293, 94
Trd, 4317916.593, 95
Trd, 4317917.293, 95
Trd, 4317919.043, 94
Trd, 4317921.943, 95
Trd, 4317922.743, 97
Trd, 4317923.793, 97
Trd, 4317924.093, 96
Trd, 4317924.593, 94
Trd, 4317925.343, 93
Trd, 4317927.443, 95
Trd, 4317928.293, 95
Trd, 4317928.793, 103
Trd, 4317931.643, 97
Trd, 4317932.643, 98
Trd, 4317934.143, 97
Trd, 4317935.143, 95
Trd, 4317936.043, 96
Trd, 4317936.643, 96
Trd, 4317937.643, 97
Trd, 4317941.343, 95
Trd, 4317941.443, 98
Trd, 4317943.593, 97
Trd, 4317949.643, 97
Trd, 4317950.293, 94
Trd, 4317950.643, 97
Trd, 4317952.043, 96
Trd, 4317952.793, 95
Trd, 4317953.943, 95
Trd, 4317954.443, 95
Trd, 4317956.893, 115
Trd, 4317957.343, 94
Trd, 4317959.793, 95
Trd, 4317960.243, 94
Trd, 4317961.393, 93
Trd, 4317961.743, 91
Trd, 4317964.243, 92
Trd, 4317964.293, 92
Trd, 4317964.343, 94
Trd, 4317966.143, 95
Trd, 4317967.693, 104
Trd, 4317968.043, 100
Trd, 4317970.993, 104
Trd, 4317971.243, 108
Trd, 4317972.193, 104
Trd, 4317972.493, 109
Trd, 4317973.593, 104
Trd, 4317976.093, 105
Trd, 4317978.793, 104
Trd, 4317979.043, 103
Trd, 4317979.293, 104
Trd, 4317981.093, 102
Trd, 4317982.593, 100
Trd, 4317984.443, 103
Trd, 4317985.243, 103
Trd, 4317986.593, 100
Trd, 4317987.293, 94
Trd, 4317988.693, 95
Trd, 4317989.943, 96
Trd, 4317991.393, 96
Trd, 4317991.743, 104
Trd, 4317992.393, 92
Trd, 4317993.093, 93
Trd, 4317993.743, 99
Trd, 4317995.793, 93
Trd, 4317997.843, 95
Trd, 4317998.143, 94
Trd, 4317998.893, 94
Trd, 4317998.993, 95
Trd, 4318002.293, 96
Trd, 4318003.793, 97
Trd, 4318004.043, 96
Trd, 4318005.293, 100
Trd, 4318010.393, 97
Trd, 4318011.643, 97
Trd, 4318011.993, 95
Trd, 4318012.843, 97
Trd, 4318014.143, 94
Trd, 4318014.243, 102
Trd, 4318017.043, 97
Trd, 4318017.293, 94
Trd, 4318020.343, 96
Trd, 4318021.693, 95
Trd, 4318023.743, 96
Trd, 4318024.343, 94
Trd, 4318027.293, 95
Trd, 4318027.543, 95
Trd, 4318028.243, 93
Trd, 4318029.943, 94
Trd, 4318032.393, 92
Trd, 4318032.493, 94
Trd, 4318032.693, 102
Trd, 4318034.643, 114
Trd, 4318036.693, 99
Trd, 4318038.493, 95
Trd, 4318038.893, 95
Trd, 4318043.043, 94
Trd, 4318043.793, 95
Trd, 4318043.993, 95
Trd, 4318044.093, 95
Trd, 4318046.793, 95
Trd, 4318048.593, 94
Trd, 4318051.193, 95
Trd, 4318051.893, 96
Trd, 4318052.543, 96
Trd, 4318054.043, 95
Trd, 4318054.893, 96
Trd, 4318056.393, 96
Trd, 4318057.343, 94
Trd, 4318057.793, 95
Trd, 4318058.643, 94
Trd, 4318059.043, 93
Trd, 4318061.193, 97
Trd, 4318063.993, 95
Trd, 4318064.393, 94
Trd, 4318065.993, 92
Trd, 4318067.693, 94
Trd, 4318067.993, 95
Trd, 4318069.093, 95
Trd, 4318070.743, 92
Trd, 4318072.743, 94
Trd, 4318073.193, 94
Trd, 4318073.593, 96
Trd, 4318076.293, 94
Trd, 4318077.093, 96
Trd, 4318079.393, 97
Trd, 4318079.993, 95
Trd, 4318083.493, 97
Trd, 4318083.893, 97
Trd, 4318084.643, 95
Trd, 4318085.643, 94
Trd, 4318087.043, 97
Trd, 4318090.893, 95
Trd, 4318091.993, 95
Trd, 4318092.343, 93
Trd, 4318094.243, 94
Trd, 4318096.643, 94
Trd, 4318097.393, 95
Trd, 4318098.293, 95
Trd, 4318098.993, 94
Trd, 4318099.993, 100
Trd, 4318101.093, 96
Trd, 4318103.643, 98
Trd, 4318104.243, 99
Trd, 4318106.593, 99
Trd, 4318107.343, 97
Trd, 4318107.993, 100
Trd, 4318109.343, 97
Trd, 4318110.643, 99
Trd, 4318113.443, 96
Trd, 4318114.443, 98
Trd, 4318114.493, 96
Trd, 4318114.643, 99
Trd, 4318117.793, 97
Trd, 4318118.243, 96
Trd, 4318120.393, 96
Trd, 4318122.293, 96
Trd, 4318123.443, 98
Trd, 4318124.793, 95
Trd, 4318125.893, 93
Trd, 4318128.393, 95
Trd, 4318128.493, 94
Trd, 4318129.093, 103
Trd, 4318129.643, 93
Trd, 4318130.593, 99
Trd, 4318131.293, 97
Trd, 4318133.743, 96
Trd, 4318134.543, 95
Trd, 4318134.693, 95
Trd, 4318135.243, 95
Trd, 4318137.593, 99
Trd, 4318139.043, 97
Trd, 4318140.843, 97
Trd, 4318141.993, 97
Trd, 4318142.193, 97
Trd, 4318142.643, 97
Trd, 4318143.743, 87
Trd, 4318144.193, 86
Trd, 4318144.543, 100
Trd, 4318145.143, 104
Trd, 4318147.843, 94
Trd, 4318148.943, 95
Trd, 4318149.143, 98
Trd, 4318151.093, 95
Trd, 4318151.443, 119
Trd, 4318155.343, 94
Trd, 4318157.043, 97
Trd, 4318157.993, 97
Trd, 4318158.743, 97
Trd, 4318159.793, 96
Trd, 4318160.443, 96
Trd, 4318161.243, 98
Trd, 4318162.893, 95
Trd, 4318163.143, 96
Trd, 4318163.343, 97
Trd, 4318167.643, 98
Trd, 4318168.393, 99
Trd, 4318168.493, 96
Trd, 4318168.593, 104
Trd, 4318169.693, 97
Trd, 4318172.843, 96
Trd, 4318173.193, 101
Trd, 4318176.243, 95
Trd, 4318176.543, 97
Trd, 4318178.443, 92
Trd, 4318179.093, 91
Trd, 4318179.743, 91
Trd, 4318180.993, 91
Trd, 4318181.293, 90
Trd, 4318181.743, 91
Trd, 4318182.393, 104
Trd, 4318186.243, 87
Trd, 4318186.593, 91
Trd, 4318188.193, 90
Trd, 4318189.443, 90
Trd, 4318190.043, 100
Trd, 4318191.043, 104
Trd, 4318191.543, 114
Trd, 4318193.343, 111
Trd, 4318193.393, 104
Trd, 4318194.293, 105
Trd, 4318195.643, 105
Trd, 4318196.543, 103
Trd, 4318197.243, 105
Trd, 4318198.793, 100
Trd, 4318199.193, 101
Trd, 4318200.043, 100
Trd, 4318201.543, 96
Trd, 4318202.843, 96
Trd, 4318203.393, 94
Trd, 4318203.593, 98
Trd, 4318205.293, 104
Trd, 4318209.693, 99
Trd, 4318210.243, 96
Trd, 4318210.493, 95
Trd, 4318212.193, 96
Trd, 4318212.793, 95
Trd, 4318213.443, 97
Trd, 4318214.693, 95
Trd, 4318215.943, 95
Trd, 4318217.393, 95
Trd, 4318217.993, 96
Trd, 4318220.693, 95
Trd, 4318222.143, 94
Trd, 4318223.843, 96
Trd, 4318224.993, 104
Trd, 4318225.093, 103
Trd, 4318226.343, 99
Trd, 4318228.543, 100
Trd, 4318229.643, 101
Trd, 4318230.143, 102
Trd, 4318230.643, 99
Trd, 4318231.943, 98
Trd, 4318233.493, 97
Trd, 4318235.643, 97
Trd, 4318235.843, 98
Trd, 4318235.993, 96
Trd, 4318238.893, 96
Trd, 4318239.643, 95
Trd, 4318241.543, 96
Trd, 4318242.693, 96
Trd, 4318242.993, 96
Trd, 4318244.543, 94
Trd, 4318244.593, 95
Trd, 4318248.293, 94
Trd, 4318249.343, 95
Trd, 4318249.793, 104
Trd, 4318251.293, 95
Trd, 4318251.393, 101
Trd, 4318253.943, 100
Trd, 4318255.343, 99
Trd, 4318255.593, 93
Trd, 4318256.643, 97
Trd, 4318260.093, 93
Trd, 4318261.593, 95
Trd, 4318261.893, 93
Trd, 4318262.693, 97
Trd, 4318263.693, 95
Trd, 4318264.193, 96
Trd, 4318264.793, 97
Trd, 4318265.793, 113
Trd, 4318266.593, 94
Trd, 4318267.543, 97
Trd, 4318269.493, 96
Trd, 4318269.843, 97
Trd, 4318270.993, 95
Trd, 4318273.043, 97
Trd, 4318274.043, 99
Trd, 4318274.893, 94
Trd, 4318277.193, 97
Trd, 4318277.743, 96
Trd, 4318279.643, 95
Trd, 4318280.693, 94
Trd, 4318280.743, 95
Trd, 4318282.493, 95
Trd, 4318283.393, 94
Trd, 4318284.943, 96
Trd, 4318286.393, 95
Trd, 4318290.443, 95
Trd, 4318290.893, 95
Trd, 4318291.193, 95
Trd, 4318293.293, 96
Trd, 4318294.093, 93
Trd, 4318294.893, 95
Trd, 4318295.743, 94
Trd, 4318297.743, 95
Trd, 4318300.943, 93
Trd, 4318301.893, 95
Trd, 4318302.793, 93
Trd, 4318304.443, 95
Trd, 4318304.693, 94
Trd, 4318305.193, 95
Trd, 4318308.343, 95
Trd, 4318308.943, 95
Trd, 4318310.593, 95
Trd, 4318311.243, 100
Trd, 4318313.593, 97
Trd, 4318314.493, 94
Trd, 4318315.143, 98
Trd, 4318315.543, 93
Trd, 4318318.793, 96
Trd, 4318319.643, 97
Trd, 4318319.893, 98
Trd, 4318324.043, 95
Trd, 4318324.493, 94
Trd, 4318324.943, 95
Trd, 4318325.893, 93
Trd, 4318326.893, 88
Trd, 4318328.193, 92
Trd, 4318328.943, 93
Trd, 4318329.943, 87
Trd, 4318330.093, 93
Trd, 4318332.943, 93
Trd, 4318334.843, 95
Trd, 4318336.143, 96
Trd, 4318337.993, 91
Trd, 4318338.243, 95
Trd, 4318338.643, 95
Trd, 4318340.543, 96
Trd, 4318343.343, 95
Trd, 4318343.693, 94
Trd, 4318345.243, 97
Trd, 4318345.893, 97
Trd, 4318347.243, 96
Trd, 4318348.243, 94
Trd, 4318350.793, 97
Trd, 4318354.193, 94
Trd, 4318354.593, 96
Trd, 4318355.593, 95
Trd, 4318356.143, 95
Trd, 4318356.493, 95
Trd, 4318359.043, 93
Trd, 4318360.393, 92
Trd, 4318361.193, 95
Trd, 4318362.443, 95
Trd, 4318364.043, 95
Trd, 4318366.393, 94
Trd, 4318368.593, 94
Trd, 4318368.893, 94
Trd, 4318369.143, 93
Trd, 4318371.893, 95
Trd, 4318372.843, 95
Trd, 4318373.893, 96
Trd, 4318374.343, 97
Trd, 4318375.793, 94
Trd, 4318378.993, 96
Trd, 4318380.243, 96
Trd, 4318381.893, 94
Trd, 4318382.443, 95
Trd, 4318384.043, 94
Trd, 4318384.193, 96
Trd, 4318385.393, 96
Trd, 4318385.793, 96
Trd, 4318386.743, 103
Trd, 4318387.793, 100
Trd, 4318391.893, 100
Trd, 4318394.143, 99
Trd, 4318394.193, 100
Trd, 4318394.443, 98
Trd, 4318397.493, 101
Trd, 4318398.093, 99
Trd, 4318398.543, 99
Trd, 4318400.143, 100
Trd, 4318401.643, 99
Trd, 4318403.693, 104
Trd, 4318404.143, 98
Trd, 4318404.643, 100
Trd, 4318407.693, 100
Trd, 4318408.093, 99
Trd, 4318408.193, 100
Trd, 4318409.393, 97
Trd, 4318411.543, 99
Trd, 4318413.543, 99
Trd, 4318413.693, 98
Trd, 4318414.593, 96
Trd, 4318416.993, 96
Trd, 4318417.393, 94
Trd, 4318417.893, 100
Trd, 4318417.943, 100
Trd, 4318421.493, 100
Trd, 4318423.293, 100
Trd, 4318424.443, 97
Trd, 4318425.693, 100
Trd, 4318425.793, 95
Trd, 4318425.943, 95
Trd, 4318428.293, 115
Trd, 4318431.493, 97
Trd, 4318432.943, 96
Trd, 4318434.793, 99
Trd, 4318436.193, 99
Trd, 4318438.993, 94
Trd, 4318439.743, 97
Trd, 4318440.843, 97
Trd, 4318440.993, 97
Trd, 4318441.993, 95
Trd, 4318442.693, 95
Trd, 4318444.793, 94
Trd, 4318445.043, 95
Trd, 4318445.743, 95
Trd, 4318448.843, 95
Trd, 4318448.993, 95
Trd, 4318449.493, 104
Trd, 4318450.893, 95
Trd, 4318453.793, 98
Trd, 4318455.443, 98
Trd, 4318455.543, 94
Trd, 4318455.693, 95
Trd, 4318456.743, 95
Trd, 4318460.243, 95
Trd, 4318460.743, 97
Trd, 4318461.893, 96
Trd, 4318463.593, 96
Trd, 4318464.193, 95
Trd, 4318464.293, 104
Trd, 4318465.143, 94
Trd, 4318467.193, 96
Trd, 4318467.743, 93
Trd, 4318470.493, 96
Trd, 4318471.443, 97
Trd, 4318472.993, 97
Trd, 4318475.043, 97
Trd, 4318475.993, 98
Trd, 4318477.043, 98
Trd, 4318477.543, 86
Trd, 4318479.943, 93
Trd, 4318480.293, 94
Trd, 4318482.843, 94
Trd, 4318483.043, 94
Trd, 4318485.743, 94
Trd, 4318486.093, 93
Trd, 4318486.443, 94
Trd, 4318487.343, 92
Trd, 4318489.993, 94
Trd, 4318490.293, 95
Trd, 4318492.243, 93
Trd, 4318493.343, 95
Trd, 4318494.243, 97
Trd, 4318494.443, 104
Trd, 4318497.843, 93
Trd, 4318498.893, 97
Trd, 4318499.293, 98
Trd, 4318500.943, 97
Trd, 4318501.743, 97
Trd, 4318504.493, 104
Trd, 4318504.643, 104
Trd, 4318505.743, 102
Trd, 4318506.143, 101
Trd, 4318507.543, 100
Trd, 4318510.343, 101
Trd, 4318512.393, 101
Trd, 4318513.643, 100
Trd, 4318514.793, 101
Trd, 4318515.343, 99
Trd, 4318516.343, 101
Trd, 4318517.143, 98
Trd, 4318518.393, 86
Trd, 4318518.443, 101
Trd, 4318520.843, 95
Trd, 4318522.193, 94
Trd, 4318523.143, 104
Trd, 4318523.493, 104
Trd, 4318523.793, 101
Trd, 4318525.493, 102
Trd, 4318526.693, 101
Trd, 4318528.493, 95
Trd, 4318528.943, 102
Trd, 4318531.793, 98
Trd, 4318532.543, 99
Trd, 4318533.243, 98
Trd, 4318534.493, 98
Trd, 4318535.843, 96
Trd, 4318536.293, 97
Trd, 4318536.743, 97
Trd, 4318538.393, 95
Trd, 4318541.643, 97
Trd, 4318541.993, 96
Trd, 4318544.143, 96
Trd, 4318544.293, 97
Trd, 4318545.093, 96
Trd, 4318545.743, 95
Trd, 4318545.993, 96
Trd, 4318546.943, 104
Trd, 4318547.493, 101
Trd, 4318549.393, 101
Trd, 4318550.543, 101
Trd, 4318553.443, 101
Trd, 4318553.993, 100
Trd, 4318554.693, 100
Trd, 4318556.793, 101
Trd, 4318557.493, 101
Trd, 4318558.993, 97
Trd, 4318561.193, 102
Trd, 4318562.143, 102
Trd, 4318563.143, 104
Trd, 4318565.393, 107
Trd, 4318565.493, 104
Trd, 4318566.343, 104
Trd, 4318566.743, 114
Trd, 4318567.343, 104
Trd, 4318568.443, 104
Trd, 4318570.093, 103
Trd, 4318570.493, 101
Trd, 4318570.643, 103
Trd, 4318573.543, 99
Trd, 4318573.593, 94
Trd, 4318574.593, 89
Trd, 4318575.243, 90
Trd, 4318576.943, 88
Trd, 4318577.943, 95
Trd, 4318578.193, 91
Trd, 4318579.693, 102
Trd, 4318582.243, 88
Trd, 4318583.843, 89
Trd, 4318585.193, 89
Trd, 4318585.393, 88
Trd, 4318585.943, 91
Trd, 4318587.393, 90
Trd, 4318588.393, 103
Trd, 4318591.393, 91
Trd, 4318591.693, 92
Trd, 4318593.093, 91
Trd, 4318593.343, 92
Trd, 4318593.843, 100
Trd, 4318596.343, 90
Trd, 4318597.793, 91
Trd, 4318597.843, 92
Trd, 4318600.493, 92
Trd, 4318601.593, 93
Trd, 4318604.093, 93
Trd, 4318604.343, 98
Trd, 4318605.243, 93
Trd, 4318607.043, 95
Trd, 4318607.543, 96
Trd, 4318609.143, 94
Trd, 4318611.343, 95
Trd, 4318612.593, 95
Trd, 4318613.793, 96
Trd, 4318615.643, 103
Trd, 4318616.493, 95
Trd, 4318617.093, 107
Trd, 4318618.143, 104
Trd, 4318618.543, 105
Trd, 4318619.393, 114
Trd, 4318621.743, 106
Trd, 4318622.793, 105
Trd, 4318623.193, 104
Trd, 4318626.293, 98
Trd, 4318627.343, 101
Trd, 4318628.043, 100
Trd, 4318630.993, 102
Trd, 4318632.493, 102
Trd, 4318633.493, 101
Trd, 4318633.743, 102
Trd, 4318633.893, 100
Trd, 4318634.993, 100
Trd, 4318636.093, 101
Trd, 4318638.293, 95
Trd, 4318638.993, 98
Trd, 4318641.393, 98
Trd, 4318641.593, 101
Trd, 4318642.193, 100
Trd, 4318642.493, 98
Trd, 4318644.843, 104
Trd, 4318645.143, 98
Trd, 4318646.293, 102
Trd, 4318647.643, 104
Trd, 4318649.743, 102
Trd, 4318650.193, 103
Trd, 4318651.943, 103
Trd, 4318652.143, 102
Trd, 4318653.993, 99
Trd, 4318655.043, 97
Trd, 4318656.143, 97
Trd, 4318657.043, 104
Trd, 4318657.693, 90
Trd, 4318658.743, 93
Trd, 4318659.293, 94
Trd, 4318661.943, 94
Trd, 4318662.493, 92
Trd, 4318663.793, 101
Trd, 4318664.993, 96
Trd, 4318666.643, 95
Trd, 4318667.043, 100
Trd, 4318667.143, 94
Trd, 4318671.643, 98
Trd, 4318671.793, 96
Trd, 4318673.493, 98
Trd, 4318675.143, 96
Trd, 4318675.643, 98
Trd, 4318677.243, 98
Trd, 4318679.093, 93
Trd, 4318679.843, 95
Trd, 4318680.243, 94
Trd, 4318681.193, 89
Trd, 4318681.293, 96
Trd, 4318683.893, 94
Trd, 4318684.643, 93
Trd, 4318688.393, 92
Trd, 4318688.543, 94
Trd, 4318692.543, 94
Trd, 4318692.593, 95
Trd, 4318695.193, 92
Trd, 4318696.043, 95
Trd, 4318697.243, 95
Trd, 4318697.493, 95
Trd, 4318699.393, 93
Trd, 4318699.743, 94
Trd, 4318702.093, 103
Trd, 4318702.393, 102
Trd, 4318704.293, 101
Trd, 4318705.343, 101
Trd, 4318705.943, 97
Trd, 4318708.793, 99
Trd, 4318709.143, 97
Trd, 4318709.243, 99
Trd, 4318714.593, 98
Trd, 4318715.493, 98
Trd, 4318715.643, 96
Trd, 4318718.893, 98
Trd, 4318718.943, 99
Trd, 4318719.743, 97
Trd, 4318720.893, 95
Trd, 4318722.043, 95
Trd, 4318722.693, 98
Trd, 4318722.893, 104
Trd, 4318724.743, 94
Trd, 4318727.043, 93
Trd, 4318727.643, 97
Trd, 4318728.993, 89
Trd, 4318729.343, 87
Trd, 4318730.443, 87
Trd, 4318732.093, 87
Trd, 4318732.793, 85
Trd, 4318733.393, 100
Trd, 4318736.693, 94
Trd, 4318737.043, 90
Trd, 4318740.593, 90
Trd, 4318741.293, 91
Trd, 4318741.593, 93
Trd, 4318746.493, 92
Trd, 4318747.343, 91
Trd, 4318747.443, 88
Trd, 4318749.443, 90
Trd, 4318750.543, 91
Trd, 4318753.293, 90
Trd, 4318753.493, 91
Trd, 4318753.593, 91
Trd, 4318757.693, 89
Trd, 4318758.243, 88
Trd, 4318760.493, 89
Trd, 4318761.343, 89
Trd, 4318762.143, 87
Trd, 4318762.793, 93
Trd, 4318764.893, 92
Trd, 4318766.593, 92
Trd, 4318766.893, 92
Trd, 4318767.993, 104
Trd, 4318769.743, 91
Trd, 4318771.643, 96
Trd, 4318772.493, 96
Trd, 4318772.943, 102
Trd, 4318773.943, 93
Trd, 4318776.093, 98
Trd, 4318777.343, 96
Trd, 4318777.393, 98
Trd, 4318777.543, 115
Trd, 4318778.593, 99
Trd, 4318778.793, 94
Trd, 4318781.793, 99
Trd, 4318782.743, 94
Trd, 4318785.093, 98
Trd, 4318786.143, 97
Trd, 4318786.843, 97
Trd, 4318787.593, 97
Trd, 4318790.993, 96
Trd, 4318791.893, 96
Trd, 4318793.043, 95
Trd, 4318793.943, 94
Trd, 4318794.693, 92
Trd, 4318795.693, 100
Trd, 4318795.943, 104
Trd, 4318797.643, 98
Trd, 4318801.093, 97
Trd, 4318802.193, 97
Trd, 4318802.293, 94
Trd, 4318802.643, 96
Trd, 4318803.143, 94
Trd, 4318806.243, 95
Trd, 4318807.893, 96
Trd, 4318810.793, 95
Trd, 4318811.593, 95
Trd, 4318811.993, 94
Trd, 4318812.893, 104
Trd, 4318814.843, 94
Trd, 4318816.243, 94
Trd, 4318816.843, 95
Trd, 4318819.593, 94
Trd, 4318820.043, 95
Trd, 4318820.393, 94
Trd, 4318820.843, 93
Trd, 4318821.643, 96
Trd, 4318822.793, 98
Trd, 4318827.093, 94
Trd, 4318827.593, 95
Trd, 4318829.243, 94
Trd, 4318829.493, 93
Trd, 4318831.093, 93
Trd, 4318835.393, 95
Trd, 4318835.843, 92
Trd, 4318836.643, 95
Trd, 4318836.693, 96
Trd, 4318837.793, 98
Trd, 4318839.293, 96
Trd, 4318841.343, 97
Trd, 4318842.343, 93
Trd, 4318843.543, 92
Trd, 4318843.693, 94
Trd, 4318847.193, 94
Trd, 4318847.643, 91
Trd, 4318847.943, 93
Trd, 4318850.143, 94
Trd, 4318850.343, 104
Trd, 4318852.193, 93
Trd, 4318854.743, 94
Trd, 4318854.943, 93
Trd, 4318855.693, 91
Trd, 4318857.593, 93
Trd, 4318858.043, 101
Trd, 4318860.443, 91
Trd, 4318860.593, 95
Trd, 4318862.443, 95
Trd, 4318866.143, 95
Trd, 4318867.093, 95
Trd, 4318868.243, 95
Trd, 4318868.543, 96
Trd, 4318869.193, 95
Trd, 4318869.593, 94
Trd, 4318869.743, 104
Trd, 4318870.993, 95
Trd, 4318873.193, 97
Trd, 4318874.993, 104
Trd, 4318875.243, 100
Trd, 4318876.643, 97
Trd, 4318877.493, 100
Trd, 4318879.443, 96
Trd, 4318881.043, 93
Trd, 4318881.293, 104
Trd, 4318881.843, 95
Trd, 4318882.893, 96
Trd, 4318886.243, 96
Trd, 4318888.343, 96
Trd, 4318889.193, 96
Trd, 4318889.293, 97
Trd, 4318891.293, 97
Trd, 4318893.143, 95
Trd, 4318893.743, 95
Trd, 4318894.193, 94
Trd, 4318894.743, 93
Trd, 4318895.543, 93
Trd, 4318897.143, 89
Trd, 4318897.993, 91
Trd, 4318898.593, 97
Trd, 4318900.443, 93
Trd, 4318901.243, 90
Trd, 4318902.893, 93
Trd, 4318903.243, 91
Trd, 4318904.193, 95
Trd, 4318907.743, 95
Trd, 4318907.893, 93
Trd, 4318909.343, 95
Trd, 4318910.793, 92
Trd, 4318910.943, 96
Trd, 4318913.443, 94
Trd, 4318914.043, 94
Trd, 4318916.093, 94
Trd, 4318919.093, 91
Trd, 4318920.443, 94
Trd, 4318921.643, 94
Trd, 4318921.793, 94
Trd, 4318923.293, 96
Trd, 4318924.193, 92
Trd, 4318926.743, 92
Trd, 4318927.693, 95
Trd, 4318929.893, 102
Trd, 4318931.843, 93
Trd, 4318933.643, 97
Trd, 4318934.843, 96
Trd, 4318935.293, 95
Trd, 4318936.243, 93
Trd, 4318936.443, 92
Trd, 4318938.693, 92
Trd, 4318939.143, 96
Trd, 4318939.693, 102
Trd, 4318941.243, 97
Trd, 4318941.393, 112
Trd, 4318941.893, 95
Trd, 4318943.043, 97
Trd, 4318943.893, 86
Trd, 4318946.593, 94
Trd, 4318947.243, 90
Trd, 4318948.043, 94
Trd, 4318948.393, 103
Trd, 4318949.093, 110
Trd, 4318950.243, 100
Trd, 4318952.343, 104
Trd, 4318954.743, 104
Trd, 4318955.043, 110
Trd, 4318956.743, 105
Trd, 4318958.593, 105
Trd, 4318958.643, 104
Trd, 4318958.943, 104
Trd, 4318960.243, 102
Trd, 4318960.693, 104
Trd, 4318961.143, 124
Trd, 4318961.543, 122
Trd, 4318962.743, 95
Trd, 4318965.093, 110
Trd, 4318966.443, 108
Trd, 4318967.043, 111
Trd, 4318968.943, 109
Trd, 4318970.443, 105
Trd, 4318970.543, 106
Trd, 4318971.043, 105
Trd, 4318971.893, 102
Trd, 4318972.343, 103
Trd, 4318973.043, 104
Trd, 4318976.393, 95
Trd, 4318978.443, 96
Trd, 4318979.493, 96
Trd, 4318979.593, 97
Trd, 4318979.693, 98
Trd, 4318981.843, 98
Trd, 4318982.043, 98
Trd, 4318983.593, 103
Trd, 4318984.693, 104
Trd, 4318985.143, 98
Trd, 4318987.493, 94
Trd, 4318988.493, 89
Trd, 4318989.043, 97
Trd, 4318989.193, 96
Trd, 4318990.743, 93
Trd, 4318991.893, 92
Trd, 4318993.743, 94
Trd, 4318995.743, 94
Trd, 4318995.893, 94
Trd, 4318996.243, 93
Trd, 4318998.793, 94
Trd, 4318998.993, 95
Trd, 4318999.593, 104
Trd, 4319002.743, 97
Trd, 4319003.193, 93
Trd, 4319003.393, 97
Trd, 4319006.693, 95
Trd, 4319008.743, 94
Trd, 4319011.193, 95
Trd, 4319011.393, 92
Trd, 4319013.293, 95
Trd, 4319013.493, 95
Trd, 4319015.393, 96
Trd, 4319017.043, 99
Trd, 4319017.943, 98
Trd, 4319019.993, 97
Trd, 4319020.543, 93
Trd, 4319021.343, 95
Trd, 4319022.093, 93
Trd, 4319025.293, 96
Trd, 4319025.543, 92
Trd, 4319025.943, 95
Trd, 4319027.393, 96
Trd, 4319027.843, 113
Trd, 4319031.443, 100
Trd, 4319031.893, 94
Trd, 4319034.343, 99
Trd, 4319035.793, 97
Trd, 4319036.943, 96
Trd, 4319037.143, 94
Trd, 4319037.443, 99
Trd, 4319038.043, 104
Trd, 4319040.793, 97
Trd, 4319040.843, 94
Trd, 4319043.893, 94
Trd, 4319044.343, 97
Trd, 4319047.993, 96
Trd, 4319048.793, 96
Trd, 4319049.943, 96
Trd, 4319050.293, 94
Trd, 4319050.893, 96
Trd, 4319052.893, 95
Trd, 4319056.943, 94
Trd, 4319058.543, 95
Trd, 4319058.593, 96
Trd, 4319058.793, 104
Trd, 4319060.743, 97
Trd, 4319060.993, 96
Trd, 4319061.943, 97
Trd, 4319062.543, 119
Trd, 4319064.443, 94
Trd, 4319065.393, 102
Trd, 4319065.893, 93
Trd, 4319068.643, 95
Trd, 4319070.393, 97
Trd, 4319070.443, 94
Trd, 4319071.893, 95
Trd, 4319072.693, 96
Trd, 4319075.443, 95
Trd, 4319075.843, 95
Trd, 4319076.193, 96
Trd, 4319077.593, 94
Trd, 4319079.293, 93
Trd, 4319081.193, 96
Trd, 4319082.143, 97
Trd, 4319082.643, 104
Trd, 4319082.943, 99
Trd, 4319084.043, 96
Trd, 4319085.543, 96
Trd, 4319085.943, 100
Trd, 4319086.893, 100
Trd, 4319087.993, 95
Trd, 4319088.443, 94
Trd, 4319090.243, 104
Trd, 4319090.343, 112
Trd, 4319091.693, 94
Trd, 4319091.843, 91
Trd, 4319093.193, 88
Trd, 4319093.493, 89
Trd, 4319094.843, 104
Trd, 4319096.393, 92
Trd, 4319097.293, 93
Trd, 4319098.993, 97
Trd, 4319099.793, 95
Trd, 4319100.543, 115
Trd, 4319101.593, 102
Trd, 4319103.393, 106
Trd, 4319103.943, 98
Trd, 4319104.843, 102
Trd, 4319108.093, 98
Trd, 4319109.093, 98
Trd, 4319110.743, 97
Trd, 4319110.993, 101
Trd, 4319111.543, 101
Trd, 4319113.943, 99
Trd, 4319115.943, 97
Trd, 4319116.243, 99
Trd, 4319117.343, 87
Trd, 4319117.443, 91
Trd, 4319118.893, 91
Trd, 4319120.043, 105
Trd, 4319120.243, 104
Trd, 4319122.193, 99
Trd, 4319122.643, 101
Trd, 4319124.043, 104
Trd, 4319125.993, 95
Trd, 4319126.193, 94
Trd, 4319126.543, 95
Trd, 4319128.393, 103
Trd, 4319130.193, 98
Trd, 4319130.393, 97
Trd, 4319132.293, 98
Trd, 4319132.943, 100
Trd, 4319135.943, 99
Trd, 4319135.993, 94
Trd, 4319136.943, 113
Trd, 4319138.293, 98
Trd, 4319140.593, 103
Trd, 4319140.743, 103
Trd, 4319141.243, 97
Trd, 4319143.943, 101
Trd, 4319143.993, 96
Trd, 4319144.593, 102
Trd, 4319145.793, 102
Trd, 4319146.843, 101
Trd, 4319149.343, 102
Trd, 4319149.493, 99
Trd, 4319151.293, 103
Trd, 4319151.643, 98
Trd, 4319151.893, 97
Trd, 4319156.343, 101
Trd, 4319156.793, 100
Trd, 4319157.143, 97
Trd, 4319157.493, 101
Trd, 4319157.893, 96
Trd, 4319160.243, 98
Trd, 4319160.993, 102
Trd, 4319162.543, 102
Trd, 4319164.643, 100
Trd, 4319165.343, 101
Trd, 4319165.693, 98
Trd, 4319165.943, 104
Trd, 4319168.643, 98
Trd, 4319172.243, 100
Trd, 4319172.793, 98
Trd, 4319174.793, 99
Trd, 4319176.193, 99
Trd, 4319176.493, 98
Trd, 4319178.593, 99
Trd, 4319180.193, 98
Trd, 4319180.443, 100
Trd, 4319181.693, 100
Trd, 4319183.293, 97
Trd, 4319184.093, 98
Trd, 4319185.943, 98
Trd, 4319186.193, 99
Trd, 4319187.743, 98
Trd, 4319187.993, 98
Trd, 4319190.943, 97
Trd, 4319192.393, 86
Trd, 4319192.993, 85
Trd, 4319193.343, 93
Trd, 4319194.093, 88
Trd, 4319194.493, 104
Trd, 4319195.293, 91
Trd, 4319198.043, 91
Trd, 4319199.043, 91
Trd, 4319200.343, 104
Trd, 4319201.443, 95
Trd, 4319203.643, 94
Trd, 4319204.193, 95
Trd, 4319207.293, 95
Trd, 4319207.793, 95
Trd, 4319208.543, 95
Trd, 4319210.393, 96
Trd, 4319211.443, 94
Trd, 4319212.143, 98
Trd, 4319212.293, 104
Trd, 4319215.743, 94
Trd, 4319217.343, 95
Trd, 4319217.793, 94
Trd, 4319218.243, 95
Trd, 4319218.493, 104
Trd, 4319221.243, 98
Trd, 4319223.893, 93
Trd, 4319224.043, 95
Trd, 4319225.043, 92
Trd, 4319227.043, 95
Trd, 4319228.593, 100
Trd, 4319229.443, 94
Trd, 4319231.893, 96
Trd, 4319231.943, 97
Trd, 4319235.693, 96
Trd, 4319236.193, 96
Trd, 4319236.793, 94
Trd, 4319238.143, 93
Trd, 4319240.543, 97
Trd, 4319242.343, 95
Trd, 4319242.493, 93
Trd, 4319244.493, 92
Trd, 4319245.443, 93
Trd, 4319246.643, 93
Trd, 4319246.943, 93
Trd, 4319247.943, 94
Trd, 4319248.843, 121
Trd, 4319251.093, 115
Trd, 4319251.243, 112
Trd, 4319251.493, 122
Trd, 4319252.743, 111
Trd, 4319252.793, 104
Trd, 4319255.643, 111
Trd, 4319258.043, 110
Trd, 4319258.343, 108
Trd, 4319259.193, 109
Trd, 4319259.793, 104
Trd, 4319261.893, 98
Trd, 4319263.593, 101
Trd, 4319263.993, 100
Trd, 4319265.193, 108
Trd, 4319267.143, 96
Trd, 4319268.793, 104
Trd, 4319269.593, 103
Trd, 4319270.093, 104
Trd, 4319270.793, 122
Trd, 4319272.543, 111
Trd, 4319272.643, 106
Trd, 4319274.893, 103
Trd, 4319276.343, 107
Trd, 4319276.693, 111
Trd, 4319277.093, 98
Trd, 4319280.893, 102
Trd, 4319281.143, 102
Trd, 4319281.393, 101
Trd, 4319281.493, 93
Trd, 4319281.943, 104
Trd, 4319283.193, 103
Trd, 4319284.993, 104
Trd, 4319285.293, 101
Trd, 4319288.893, 103
Trd, 4319289.143, 103
Trd, 4319289.843, 102
Trd, 4319291.543, 103
Trd, 4319292.593, 100
Trd, 4319293.943, 102
Trd, 4319294.543, 101
Trd, 4319295.443, 100
Trd, 4319295.793, 99
Trd, 4319296.893, 103
Trd, 4319298.343, 104
Trd, 4319298.393, 94
Trd, 4319300.943, 104
Trd, 4319301.093, 104
Trd, 4319301.743, 98
Trd, 4319303.143, 95
Trd, 4319303.843, 97
Trd, 4319305.343, 97
Trd, 4319305.743, 97
Trd, 4319307.143, 99
Trd, 4319307.293, 94
Trd, 4319310.193, 95
Trd, 4319310.893, 96
Trd, 4319311.793, 93
Trd, 4319313.243, 94
Trd, 4319313.443, 90
Trd, 4319317.093, 95
Trd, 4319318.693, 95
Trd, 4319319.843, 94
Trd, 4319321.693, 94
Trd, 4319321.743, 95
Trd, 4319322.293, 94
Trd, 4319322.993, 94
Trd, 4319325.693, 95
Trd, 4319329.543, 93
Trd, 4319331.493, 95
Trd, 4319331.643, 95
Trd, 4319333.493, 95
Trd, 4319334.593, 95
Trd, 4319336.343, 96
Trd, 4319337.143, 94
Trd, 4319339.843, 95
Trd, 4319340.893, 95
Trd, 4319341.343, 93
Trd, 4319342.693, 95
Trd, 4319346.143, 95
Trd, 4319346.743, 92
Trd, 4319348.793, 93
Trd, 4319348.993, 92
Trd, 4319350.693, 96
Trd, 4319351.493, 93
Trd, 4319352.893, 92
Trd, 4319355.143, 92
Trd, 4319356.943, 93
Trd, 4319357.743, 93
Trd, 4319361.093, 94
Trd, 4319361.943, 93
Trd, 4319362.143, 94
Trd, 4319365.893, 96
Trd, 4319366.543, 101
Trd, 4319368.643, 98
Trd, 4319369.143, 99
Trd, 4319369.543, 98
Trd, 4319370.093, 100
Trd, 4319372.543, 98
Trd, 4319372.643, 97
Trd, 4319375.193, 97
Trd, 4319376.043, 95
Trd, 4319376.743, 92
Trd, 4319379.293, 96
Trd, 4319379.843, 95
Trd, 4319380.643, 94
Trd, 4319380.843, 86
Trd, 4319381.843, 94
Trd, 4319381.893, 96
Trd, 4319382.443, 104
Trd, 4319386.893, 96
Trd, 4319387.843, 96
Trd, 4319388.643, 95
Trd, 4319389.393, 93
Trd, 4319389.743, 97
Trd, 4319391.243, 95
Trd, 4319392.443, 93
Trd, 4319393.043, 97
Trd, 4319394.893, 96
Trd, 4319396.593, 94
Trd, 4319398.243, 96
Trd, 4319398.943, 94
Trd, 4319400.343, 93
Trd, 4319401.243, 96
Trd, 4319402.693, 94
Trd, 4319404.243, 92
Trd, 4319406.743, 94
Trd, 4319408.243, 96
Trd, 4319409.693, 95
Trd, 4319409.993, 93
Trd, 4319410.393, 104
Trd, 4319411.993, 96
Trd, 4319412.943, 96
Trd, 4319414.343, 94
Trd, 4319416.593, 97
Trd, 4319416.993, 97
Trd, 4319418.643, 93
Trd, 4319421.043, 92
Trd, 4319423.343, 94
Trd, 4319423.843, 101
Trd, 4319425.293, 97
Trd, 4319426.493, 95
Trd, 4319427.243, 96
Trd, 4319427.893, 96
Trd, 4319430.143, 95
Trd, 4319431.293, 94
Trd, 4319433.393, 122
Trd, 4319434.393, 111
Trd, 4319434.693, 104
Trd, 4319436.693, 105
Trd, 4319437.443, 104
Trd, 4319439.243, 104
Trd, 4319439.343, 105
Trd, 4319441.393, 104
Trd, 4319441.893, 104
Trd, 4319442.843, 103
Trd, 4319445.393, 103
Trd, 4319446.493, 104
Trd, 4319446.543, 102
Trd, 4319449.043, 103
Trd, 4319449.193, 103
Trd, 4319450.043, 101
Trd, 4319450.893, 100
Trd, 4319451.543, 94
Trd, 4319451.743, 103
Trd, 4319454.093, 100
Trd, 4319455.193, 99
Trd, 4319457.543, 98
Trd, 4319457.893, 101
Trd, 4319459.843, 98
Trd, 4319461.793, 100
Trd, 4319462.093, 100
Trd, 4319462.293, 98
Trd, 4319462.443, 104
Trd, 4319464.593, 96
Trd, 4319465.743, 102
Trd, 4319467.793, 98
Trd, 4319468.593, 101
Trd, 4319469.543, 102
Trd, 4319474.393, 101
Trd, 4319474.493, 102
Trd, 4319474.693, 101
Trd, 4319475.193, 104
Trd, 4319476.143, 100
Trd, 4319478.193, 99
Trd, 4319479.693, 101
Trd, 4319480.193, 102
Trd, 4319481.393, 114
Trd, 4319484.593, 104
Trd, 4319484.643, 99
Trd, 4319487.043, 98
Trd, 4319488.043, 94
Trd, 4319488.093, 97
Trd, 4319488.643, 96
Trd, 4319490.193, 95
Trd, 4319491.193, 94
Trd, 4319491.893, 89
Trd, 4319493.243, 89
Trd, 4319495.543, 97
Trd, 4319495.843, 94
Trd, 4319498.493, 103
Trd, 4319498.593, 104
Trd, 4319498.893, 98
Trd, 4319501.393, 97
Trd, 4319501.993, 98
Trd, 4319503.343, 96
Trd, 4319504.893, 97
Trd, 4319505.743, 98
Trd, 4319507.293, 101
Trd, 4319507.793, 99
Trd, 4319509.443, 99
Trd, 4319510.393, 98
Trd, 4319511.543, 98
Trd, 4319513.943, 96
Trd, 4319514.193, 95
Trd, 4319515.293, 96
Trd, 4319515.493, 98
Trd, 4319518.793, 97
Trd, 4319519.243, 96
Trd, 4319520.293, 94
Trd, 4319521.443, 97
Trd, 4319524.243, 95
Trd, 4319524.643, 94
Trd, 4319524.693, 93
Trd, 4319525.593, 103
Trd, 4319526.243, 104
Trd, 4319527.093, 86
Trd, 4319529.143, 90
Trd, 4319529.443, 99
Trd, 4319529.643, 99
Trd, 4319531.393, 96
Trd, 4319533.143, 94
Trd, 4319536.143, 100
Trd, 4319537.293, 97
Trd, 4319537.543, 99
Trd, 4319537.893, 99
Trd, 4319538.043, 100
Trd, 4319539.493, 96
Trd, 4319540.543, 98
Trd, 4319542.643, 96
Trd, 4319544.243, 99
Trd, 4319545.943, 99
Trd, 4319547.543, 98
Trd, 4319548.393, 100
Trd, 4319550.193, 98
Trd, 4319551.393, 96
Trd, 4319551.943, 98
Trd, 4319552.793, 95
Trd, 4319553.443, 100
Trd, 4319554.143, 94
Trd, 4319554.593, 104
Trd, 4319556.143, 103
Trd, 4319557.293, 97
Trd, 4319560.443, 103
Trd, 4319562.043, 104
Trd, 4319562.693, 110
Trd, 4319563.043, 104
Trd, 4319563.343, 105
Trd, 4319563.643, 106
Trd, 4319563.893, 104
Trd, 4319566.793, 104
Trd, 4319569.593, 105
Trd, 4319570.843, 106
Trd, 4319571.593, 104
Trd, 4319572.993, 104
Trd, 4319574.843, 105
Trd, 4319575.693, 105
Trd, 4319575.843, 104
Trd, 4319576.743, 103
Trd, 4319578.693, 102
Trd, 4319579.343, 117
Trd, 4319582.293, 103
Trd, 4319584.993, 104
Trd, 4319586.043, 102
Trd, 4319587.093, 101
Trd, 4319588.143, 115
Trd, 4319589.493, 94
Trd, 4319591.643, 101
Trd, 4319592.193, 104
Trd, 4319592.443, 102
Trd, 4319593.143, 101
Trd, 4319594.993, 95
Trd, 4319595.493, 95
Trd, 4319595.893, 96
Trd, 4319597.243, 95
Trd, 4319598.293, 97
Trd, 4319599.743, 96
Trd, 4319600.743, 98
Trd, 4319601.043, 96
Trd, 4319602.393, 99
Trd, 4319602.943, 104
Trd, 4319604.143, 101
Trd, 4319607.743, 99
Trd, 4319608.293, 98
Trd, 4319608.393, 96
Trd, 4319611.143, 95
Trd, 4319611.493, 99
Trd, 4319613.343, 98
Trd, 4319615.943, 96
Trd, 4319617.493, 96
Trd, 4319618.043, 95
Trd, 4319618.643, 98
Trd, 4319619.043, 93
Trd, 4319619.893, 96
Trd, 4319620.143, 104
Trd, 4319621.793, 97
Trd, 4319623.043, 96
Trd, 4319625.993, 96
Trd, 4319626.643, 94
Trd, 4319628.043, 95
Trd, 4319629.193, 96
Trd, 4319629.543, 99
Trd, 4319630.943, 97
Trd, 4319632.693, 94
Trd, 4319632.993, 98
Trd, 4319634.643, 97
Trd, 4319637.743, 97
Trd, 4319638.393, 94
Trd, 4319640.943, 95
Trd, 4319641.243, 96
Trd, 4319642.043, 96
Trd, 4319642.193, 96
Trd, 4319642.593, 95
Trd, 4319645.243, 96
Trd, 4319647.193, 94
Trd, 4319647.643, 96
Trd, 4319649.443, 96
Trd, 4319651.043, 96
Trd, 4319652.743, 96
Trd, 4319654.493, 96
Trd, 4319656.093, 97
Trd, 4319656.693, 97
Trd, 4319657.343, 95
Trd, 4319657.543, 94
Trd, 4319657.693, 97
Trd, 4319660.793, 98
Trd, 4319661.143, 98
Trd, 4319661.843, 97
Trd, 4319661.893, 101
Trd, 4319664.593, 116
Trd, 4319664.893, 105
Trd, 4319665.193, 106
Trd, 4319666.793, 104
Trd, 4319668.393, 103
Trd, 4319669.743, 104
Trd, 4319671.093, 104
Trd, 4319672.593, 104
Trd, 4319673.193, 93
Trd, 4319674.543, 95
Trd, 4319674.743, 95
Trd, 4319675.943, 93
Trd, 4319677.693, 95
Trd, 4319678.543, 95
Trd, 4319679.543, 92
Trd, 4319679.643, 104
Trd, 4319680.393, 100
Trd, 4319683.043, 99
Trd, 4319684.193, 96
Trd, 4319685.243, 97
Trd, 4319686.593, 95
Trd, 4319687.493, 95
Trd, 4319687.593, 95
Trd, 4319687.643, 94
Trd, 4319688.893, 104
Trd, 4319688.993, 93
Trd, 4319690.993, 103
Trd, 4319692.443, 92
Trd, 4319692.893, 95
Trd, 4319693.443, 95
Trd, 4319693.943, 113
Trd, 4319697.893, 94
Trd, 4319697.943, 93
Trd, 4319698.993, 91
Trd, 4319699.743, 95
Trd, 4319700.743, 114
Trd, 4319702.043, 104
Trd, 4319704.093, 100
Trd, 4319705.043, 102
Trd, 4319705.593, 100
Trd, 4319705.643, 93
Trd, 4319706.393, 104
Trd, 4319707.793, 104
Trd, 4319709.393, 103
Trd, 4319709.443, 104
Trd, 4319710.243, 98
Trd, 4319711.143, 104
Trd, 4319712.893, 99
Trd, 4319714.193, 104
Trd, 4319714.943, 97
Trd, 4319715.943, 104
Trd, 4319716.193, 100
Trd, 4319719.193, 104
Trd, 4319720.893, 97
Trd, 4319721.793, 94
Trd, 4319721.943, 96
Trd, 4319723.543, 93
Trd, 4319725.393, 92
Trd, 4319725.993, 93
Trd, 4319727.793, 93
Trd, 4319729.243, 92
Trd, 4319729.843, 92
Trd, 4319730.693, 95
Trd, 4319732.143, 94
Trd, 4319733.943, 95
Trd, 4319735.493, 95
Trd, 4319735.993, 93
Trd, 4319736.993, 95
Trd, 4319738.293, 95
Trd, 4319739.793, 94
Trd, 4319740.743, 93
Trd, 4319741.493, 96
Trd, 4319742.943, 92
Trd, 4319743.393, 96
Trd, 4319746.343, 94
Trd, 4319747.593, 94
Trd, 4319749.793, 93
Trd, 4319750.443, 94
Trd, 4319751.243, 94
Trd, 4319752.543, 101
Trd, 4319753.593, 94
Trd, 4319753.793, 98
Trd, 4319756.743, 96
Trd, 4319758.693, 95
Trd, 4319759.093, 97
Trd, 4319759.543, 94
Trd, 4319759.643, 97
Trd, 4319762.693, 97
Trd, 4319764.093, 96
Trd, 4319764.243, 94
Trd, 4319766.143, 95
Trd, 4319766.843, 96
Trd, 4319767.293, 96
Trd, 4319769.843, 96
Trd, 4319770.993, 94
Trd, 4319772.393, 95
Trd, 4319773.793, 93
Trd, 4319776.943, 95
Trd, 4319777.443, 95
Trd, 4319779.793, 95
Trd, 4319781.043, 92
Trd, 4319783.693, 93
Trd, 4319786.093, 93
Trd, 4319786.143, 94
Trd, 4319787.293, 93
Trd, 4319788.493, 91
Trd, 4319790.143, 93
Trd, 4319790.943, 93
Trd, 4319795.093, 93
Trd, 4319795.293, 92
Trd, 4319795.643, 94
Trd, 4319796.643, 92
Trd, 4319797.893, 93
Trd, 4319797.993, 104
Trd, 4319799.593, 92
Trd, 4319802.443, 95
Trd, 4319804.443, 95
Trd, 4319805.943, 94
Trd, 4319806.793, 92
Trd, 4319807.343, 93
Trd, 4319809.643, 92
Trd, 4319813.893, 93
Trd, 4319816.493, 93
Trd, 4319816.793, 91
Trd, 4319817.143, 93
Trd, 4319818.143, 91
Trd, 4319819.243, 92
Trd, 4319819.993, 97
Trd, 4319820.293, 104
Trd, 4319822.293, 99
Trd, 4319823.743, 99
Trd, 4319823.893, 91
Trd, 4319829.243, 94
Trd, 4319830.143, 95
Trd, 4319832.293, 95
Trd, 4319832.343, 95
Trd, 4319834.993, 95
Trd, 4319835.243, 94
Trd, 4319836.393, 105
Trd, 4319836.443, 104
Trd, 4319837.343, 100
Trd, 4319838.293, 93
Trd, 4319838.743, 100
Trd, 4319840.443, 99
Trd, 4319842.093, 95
Trd, 4319844.043, 95
Trd, 4319846.843, 93
Trd, 4319847.993, 96
Trd, 4319849.143, 96
Trd, 4319851.093, 95
Trd, 4319851.393, 95
Trd, 4319852.643, 95
Trd, 4319853.143, 93
Trd, 4319854.393, 94
Trd, 4319856.643, 94
Trd, 4319856.843, 93
Trd, 4319857.593, 95
Trd, 4319858.343, 96
Trd, 4319862.743, 94
Trd, 4319862.793, 95
Trd, 4319862.943, 91
Trd, 4319864.493, 94
Trd, 4319866.893, 94
Trd, 4319868.343, 94
Trd, 4319871.293, 93
Trd, 4319872.143, 92
Trd, 4319873.093, 94
Trd, 4319873.743, 93
Trd, 4319874.793, 93
Trd, 4319875.193, 93
Trd, 4319877.293, 92
Trd, 4319877.693, 94
Trd, 4319878.293, 91
Trd, 4319879.293, 98
Trd, 4319881.343, 90
Trd, 4319883.393, 95
Trd, 4319885.093, 95
Trd, 4319885.643, 95
Trd, 4319887.693, 96
Trd, 4319888.493, 98
Trd, 4319892.993, 97
Trd, 4319893.093, 97
Trd, 4319893.493, 94
Trd, 4319895.093, 98
Trd, 4319896.943, 98
Trd, 4319899.693, 95
Trd, 4319900.143, 98
Trd, 4319902.643, 97
Trd, 4319902.893, 96
Trd, 4319907.643, 95
Trd, 4319908.343, 96
Trd, 4319909.543, 96
Trd, 4319911.043, 96
Trd, 4319912.243, 94
Trd, 4319913.593, 96
Trd, 4319913.993, 96
Trd, 4319914.693, 94
Trd, 4319915.843, 95
Trd, 4319916.193, 95
Trd, 4319916.443, 93
Trd, 4319919.643, 96
Trd, 4319920.443, 95
Trd, 4319922.843, 95
Trd, 4319923.393, 95
Trd, 4319926.893, 95
Trd, 4319927.143, 94
Trd, 4319927.643, 94
Trd, 4319928.093, 93
Trd, 4319929.143, 94
Trd, 4319929.743, 101
Trd, 4319932.193, 93
Trd, 4319935.193, 96
Trd, 4319935.343, 96
Trd, 4319935.843, 96
Trd, 4319935.943, 94
Trd, 4319939.493, 95
Trd, 4319941.493, 95
Trd, 4319942.193, 95
Trd, 4319943.543, 95
Trd, 4319945.893, 94
Trd, 4319945.993, 95
Trd, 4319946.643, 96
Trd, 4319947.943, 94
Trd, 4319948.393, 96
Trd, 4319952.293, 95
Trd, 4319953.993, 95
Trd, 4319954.993, 96
Trd, 4319956.593, 93
Trd, 4319958.593, 96
Trd, 4319959.143, 95
Trd, 4319959.793, 96
Trd, 4319960.643, 96
Trd, 4319963.393, 95
Trd, 4319964.193, 96
Trd, 4319965.043, 94
Trd, 4319966.093, 96
Trd, 4319967.543, 97
Trd, 4319968.343, 94
Trd, 4319969.993, 97
Trd, 4319972.043, 97
Trd, 4319972.793, 98
Trd, 4319973.643, 96
Trd, 4319974.043, 104
Trd, 4319976.543, 98
Trd, 4319978.193, 94
Trd, 4319979.143, 99
Trd, 4319980.593, 99
Trd, 4319981.493, 96
Trd, 4319981.693, 97
Trd, 4319983.143, 96
Trd, 4319984.093, 94
Trd, 4319986.593, 93
Trd, 4319986.993, 96
Trd, 4319989.643, 98
Trd, 4319990.143, 104
Trd, 4319992.293, 95
Trd, 4319993.543, 98
Trd, 4319994.143, 96
Trd, 4319994.893, 95
Trd, 4319995.893, 96
Trd, 4319998.293, 97
Trd, 4319998.343, 104
Trd, 4319999.243, 96
