Trd, 4317901.743, 98
Trd, 4317904.743, 106
Trd, 4317905.893, 101
Trd, 4317908.993, 102
Trd, 4317909.493, 103
Trd, 4317910.543, 103
Trd, 4317913.843, 100
Trd, 4317914.193, 99
Trd, 4317916.443, 98
Trd, 4317916.943, 100
Trd, 4317917.693, 97
Trd, 4317918.193, 99
Trd, 4317920.193, 98
Trd, 4317923.793, 97
Trd, 4317924.793, 98
Trd, 4317925.043, 96
Trd, 4317926.443, 98
Trd, 4317927.493, 94
Trd, 4317927.743, 98
Trd, 4317930.093, 82
Trd, 4317930.343, 87
Trd, 4317931.093, 87
Trd, 4317931.343, 86
Trd, 4317933.143, 87
Trd, 4317934.443, 86
Trd, 4317935.643, 85
Trd, 4317937.093, 86
Trd, 4317937.743, 89
Trd, 4317938.993, 88
Trd, 4317939.843, 87
Trd, 4317941.043, 96
Trd, 4317941.843, 89
Trd, 4317942.393, 112
Trd, 4317944.643, 97
Trd, 4317945.293, 99
Trd, 4317947.743, 99
Trd, 4317949.093, 99
Trd, 4317949.493, 113
Trd, 4317950.143, 95
Trd, 4317951.293, 91
Trd, 4317952.443, 84
Trd, 4317953.343, 90
Trd, 4317953.643, 91
Trd, 4317953.843, 122
Trd, 4317954.943, 101
Trd, 4317956.593, 96
Trd, 4317956.843, 103
Trd, 4317957.493, 100
Trd, 4317958.343, 122
Trd, 4317960.893, 107
Trd, 4317961.043, 94
Trd, 4317961.743, 85
Trd, 4317961.943, 113
Trd, 4317964.993, 102
Trd, 4317965.193, 101
Trd, 4317965.393, 102
Trd, 4317965.993, 113
Trd, 4317967.493, 99
Trd, 4317967.793, 108
Trd, 4317970.943, 100
Trd, 4317972.443, 100
Trd, 4317972.693, 101
Trd, 4317973.343, 113
Trd, 4317973.793, 108
Trd, 4317974.593, 99
Trd, 4317975.943, 98
Trd, 4317976.793, 105
Trd, 4317978.243, 96
Trd, 4317980.993, 103
Trd, 4317982.493, 103
Trd, 4317982.943, 94
Trd, 4317983.793, 95
Trd, 4317985.843, 101
Trd, 4317986.343, 101
Trd, 4317986.843, 99
Trd, 4317988.593, 95
Trd, 4317989.193, 88
Trd, 4317989.743, 97
Trd, 4317989.793, 101
Trd, 4317992.393, 97
Trd, 4317992.593, 97
Trd, 4317994.943, 106
Trd, 4317995.593, 100
Trd, 4317998.193, 102
Trd, 4317998.743, 96
Trd, 4317999.293, 101
Trd, 4318000.343, 100
Trd, 4318002.993, 113
Trd, 4318003.993, 108
Trd, 4318005.243, 104
Trd, 4318005.443, 108
Trd, 4318006.843, 106
Trd, 4318007.093, 105
Trd, 4318008.243, 94
Trd, 4318010.093, 102
Trd, 4318011.193, 86
Trd, 4318011.393, 86
Trd, 4318011.643, 100
Trd, 4318014.493, 117
Trd, 4318015.943, 113
Trd, 4318016.993, 106
Trd, 4318017.993, 95
Trd, 4318018.093, 106
Trd, 4318018.843, 94
Trd, 4318019.693, 104
Trd, 4318021.293, 97
Trd, 4318022.993, 99
Trd, 4318023.543, 99
Trd, 4318023.743, 113
Trd, 4318025.143, 122
Trd, 4318025.343, 95
Trd, 4318027.993, 94
Trd, 4318028.293, 94
Trd, 4318030.043, 102
Trd, 4318030.543, 96
Trd, 4318031.943, 102
Trd, 4318033.243, 102
Trd, 4318033.593, 94
Trd, 4318034.943, 100
Trd, 4318036.793, 96
Trd, 4318038.243, 100
Trd, 4318039.443, 101
Trd, 4318042.043, 96
Trd, 4318042.243, 95
Trd, 4318043.493, 95
Trd, 4318043.743, 101
Trd, 4318046.093, 101
Trd, 4318046.443, 98
Trd, 4318047.143, 100
Trd, 4318049.543, 101
Trd, 4318049.743, 94
Trd, 4318051.743, 95
Trd, 4318052.443, 113
Trd, 4318053.693, 105
Trd, 4318054.643, 107
Trd, 4318055.693, 94
Trd, 4318056.793, 98
Trd, 4318057.593, 106
Trd, 4318058.843, 101
Trd, 4318059.643, 103
Trd, 4318062.843, 103
Trd, 4318064.043, 100
Trd, 4318064.443, 102
Trd, 4318067.293, 98
Trd, 4318067.743, 97
Trd, 4318068.243, 102
Trd, 4318069.143, 86
Trd, 4318069.493, 96
Trd, 4318071.943, 95
Trd, 4318072.493, 94
Trd, 4318073.893, 95
Trd, 4318074.693, 95
Trd, 4318075.193, 95
Trd, 4318075.343, 94
Trd, 4318076.943, 92
Trd, 4318078.993, 85
Trd, 4318079.743, 91
Trd, 4318081.643, 95
Trd, 4318082.543, 94
Trd, 4318083.643, 95
Trd, 4318083.793, 93
Trd, 4318085.493, 92
Trd, 4318085.543, 96
Trd, 4318087.943, 98
Trd, 4318089.543, 100
Trd, 4318090.343, 118
Trd, 4318091.693, 102
Trd, 4318092.893, 104
Trd, 4318094.343, 104
Trd, 4318096.893, 103
Trd, 4318097.243, 102
Trd, 4318097.493, 102
Trd, 4318097.793, 85
Trd, 4318099.293, 113
Trd, 4318100.143, 104
Trd, 4318100.893, 120
Trd, 4318102.743, 104
Trd, 4318103.293, 104
Trd, 4318104.093, 93
Trd, 4318105.243, 110
Trd, 4318105.943, 108
Trd, 4318106.593, 103
Trd, 4318110.493, 104
Trd, 4318110.793, 105
Trd, 4318111.893, 94
Trd, 4318112.493, 113
Trd, 4318113.793, 100
Trd, 4318117.393, 86
Trd, 4318118.243, 96
Trd, 4318119.043, 96
Trd, 4318119.443, 98
Trd, 4318120.043, 96
Trd, 4318120.443, 93
Trd, 4318123.043, 95
Trd, 4318123.893, 126
Trd, 4318125.843, 103
Trd, 4318126.143, 103
Trd, 4318126.193, 99
Trd, 4318127.993, 101
Trd, 4318130.093, 101
Trd, 4318131.343, 102
Trd, 4318132.593, 104
Trd, 4318133.193, 104
Trd, 4318134.493, 104
Trd, 4318134.643, 105
Trd, 4318136.493, 119
Trd, 4318137.093, 105
Trd, 4318139.493, 111
Trd, 4318141.143, 104
Trd, 4318142.893, 103
Trd, 4318142.943, 107
Trd, 4318148.043, 107
Trd, 4318148.343, 107
Trd, 4318150.193, 104
Trd, 4318151.293, 104
Trd, 4318151.393, 107
Trd, 4318152.093, 107
Trd, 4318155.593, 106
Trd, 4318156.093, 104
Trd, 4318156.493, 103
Trd, 4318158.943, 106
Trd, 4318163.243, 106
Trd, 4318163.493, 104
Trd, 4318164.443, 105
Trd, 4318167.193, 104
Trd, 4318167.593, 113
Trd, 4318168.243, 122
Trd, 4318170.043, 109
Trd, 4318170.943, 113
Trd, 4318170.993, 104
Trd, 4318173.193, 94
Trd, 4318174.743, 96
Trd, 4318174.893, 101
Trd, 4318174.993, 86
Trd, 4318177.793, 97
Trd, 4318178.293, 100
Trd, 4318178.593, 98
Trd, 4318178.993, 86
Trd, 4318179.293, 113
Trd, 4318181.043, 110
Trd, 4318182.743, 116
Trd, 4318182.943, 96
Trd, 4318183.243, 94
Trd, 4318186.143, 112
Trd, 4318187.043, 109
Trd, 4318190.193, 109
Trd, 4318190.493, 107
Trd, 4318190.793, 107
Trd, 4318192.193, 95
Trd, 4318192.543, 110
Trd, 4318196.943, 109
Trd, 4318197.243, 104
Trd, 4318200.643, 99
Trd, 4318201.443, 109
Trd, 4318201.643, 109
Trd, 4318202.043, 99
Trd, 4318202.393, 94
Trd, 4318204.943, 108
Trd, 4318206.493, 108
Trd, 4318206.793, 104
Trd, 4318208.493, 107
Trd, 4318209.843, 105
Trd, 4318210.743, 108
Trd, 4318211.543, 113
Trd, 4318213.893, 104
Trd, 4318214.793, 107
Trd, 4318215.243, 104
Trd, 4318216.943, 94
Trd, 4318217.943, 86
Trd, 4318219.043, 88
Trd, 4318219.643, 89
Trd, 4318221.093, 96
Trd, 4318221.293, 113
Trd, 4318222.693, 86
Trd, 4318223.343, 92
Trd, 4318223.493, 113
Trd, 4318227.793, 94
Trd, 4318229.593, 97
Trd, 4318231.543, 96
Trd, 4318231.793, 97
Trd, 4318232.493, 96
Trd, 4318232.843, 95
Trd, 4318234.193, 94
Trd, 4318236.243, 95
Trd, 4318237.693, 97
Trd, 4318238.293, 106
Trd, 4318240.143, 96
Trd, 4318240.343, 101
Trd, 4318242.243, 101
Trd, 4318242.943, 88
Trd, 4318244.243, 111
Trd, 4318245.293, 94
Trd, 4318246.843, 99
Trd, 4318249.193, 99
Trd, 4318249.343, 101
Trd, 4318250.243, 101
Trd, 4318251.193, 96
Trd, 4318253.343, 101
Trd, 4318254.743, 100
Trd, 4318256.043, 98
Trd, 4318257.643, 101
Trd, 4318259.693, 101
Trd, 4318260.143, 98
Trd, 4318260.393, 96
Trd, 4318260.893, 102
Trd, 4318260.943, 113
Trd, 4318262.393, 96
Trd, 4318263.393, 94
Trd, 4318264.193, 106
Trd, 4318265.143, 105
Trd, 4318267.993, 103
Trd, 4318268.443, 87
Trd, 4318269.643, 103
Trd, 4318271.893, 101
Trd, 4318272.043, 101
Trd, 4318272.643, 119
Trd, 4318275.543, 98
Trd, 4318276.293, 96
Trd, 4318277.893, 96
Trd, 4318278.643, 103
Trd, 4318279.443, 103
Trd, 4318280.443, 94
Trd, 4318282.393, 93
Trd, 4318284.093, 97
Trd, 4318286.293, 96
Trd, 4318286.743, 97
Trd, 4318287.193, 94
Trd, 4318291.493, 96
Trd, 4318292.443, 97
Trd, 4318292.543, 97
Trd, 4318292.793, 95
Trd, 4318293.143, 96
Trd, 4318294.443, 97
Trd, 4318294.793, 121
Trd, 4318296.293, 96
Trd, 4318299.993, 96
Trd, 4318300.243, 102
Trd, 4318302.943, 100
Trd, 4318303.243, 100
Trd, 4318303.293, 99
Trd, 4318303.943, 97
Trd, 4318304.443, 99
Trd, 4318306.593, 103
Trd, 4318308.143, 101
Trd, 4318308.243, 102
Trd, 4318311.243, 100
Trd, 4318311.543, 99
Trd, 4318314.543, 102
Trd, 4318316.643, 98
Trd, 4318316.943, 102
Trd, 4318317.693, 98
Trd, 4318319.643, 97
Trd, 4318320.643, 102
Trd, 4318322.843, 97
Trd, 4318322.993, 101
Trd, 4318324.443, 96
Trd, 4318325.343, 99
Trd, 4318325.743, 100
Trd, 4318327.893, 95
Trd, 4318328.593, 94
Trd, 4318329.443, 94
Trd, 4318330.793, 97
Trd, 4318332.193, 96
Trd, 4318333.793, 95
Trd, 4318334.643, 94
Trd, 4318335.893, 93
Trd, 4318335.943, 113
Trd, 4318339.193, 99
Trd, 4318340.443, 94
Trd, 4318341.143, 93
Trd, 4318342.543, 97
Trd, 4318343.793, 97
Trd, 4318344.893, 97
Trd, 4318345.543, 98
Trd, 4318346.893, 97
Trd, 4318346.943, 96
Trd, 4318350.293, 106
Trd, 4318351.193, 104
Trd, 4318351.743, 102
Trd, 4318352.143, 102
Trd, 4318353.243, 104
Trd, 4318355.143, 103
Trd, 4318355.393, 102
Trd, 4318356.243, 104
Trd, 4318360.243, 105
Trd, 4318361.693, 105
Trd, 4318362.143, 104
Trd, 4318363.293, 105
Trd, 4318363.343, 104
Trd, 4318363.443, 103
Trd, 4318363.993, 108
Trd, 4318364.443, 113
Trd, 4318367.343, 109
Trd, 4318369.593, 109
Trd, 4318369.993, 110
Trd, 4318370.243, 108
Trd, 4318371.643, 95
Trd, 4318373.343, 111
Trd, 4318374.093, 105
Trd, 4318376.393, 104
Trd, 4318376.543, 108
Trd, 4318377.193, 108
Trd, 4318380.093, 103
Trd, 4318380.643, 102
Trd, 4318381.643, 95
Trd, 4318381.743, 102
Trd, 4318383.593, 100
Trd, 4318387.643, 97
Trd, 4318388.093, 100
Trd, 4318388.193, 100
Trd, 4318388.993, 99
Trd, 4318392.543, 113
Trd, 4318393.143, 100
Trd, 4318393.993, 107
Trd, 4318396.543, 112
Trd, 4318397.293, 107
Trd, 4318398.043, 108
Trd, 4318398.793, 95
Trd, 4318398.993, 113
Trd, 4318399.343, 109
Trd, 4318400.243, 94
Trd, 4318400.843, 92
Trd, 4318404.143, 103
Trd, 4318404.643, 103
Trd, 4318406.993, 104
Trd, 4318408.493, 104
Trd, 4318408.843, 102
Trd, 4318409.643, 103
Trd, 4318409.843, 101
Trd, 4318410.643, 99
Trd, 4318413.943, 121
Trd, 4318414.143, 113
Trd, 4318414.643, 121
Trd, 4318418.193, 107
Trd, 4318419.343, 104
Trd, 4318419.393, 103
Trd, 4318421.393, 97
Trd, 4318421.643, 107
Trd, 4318423.793, 102
Trd, 4318425.443, 106
Trd, 4318426.593, 99
Trd, 4318427.143, 100
Trd, 4318427.693, 112
Trd, 4318430.243, 100
Trd, 4318430.493, 105
Trd, 4318431.343, 121
Trd, 4318431.893, 100
Trd, 4318434.493, 102
Trd, 4318435.243, 105
Trd, 4318436.643, 102
Trd, 4318437.043, 105
Trd, 4318439.743, 104
Trd, 4318439.893, 101
Trd, 4318440.793, 101
Trd, 4318441.043, 105
Trd, 4318442.243, 101
Trd, 4318445.043, 102
Trd, 4318445.593, 103
Trd, 4318448.093, 101
Trd, 4318448.193, 100
Trd, 4318449.593, 85
Trd, 4318450.543, 103
Trd, 4318452.643, 96
Trd, 4318452.793, 94
Trd, 4318453.343, 101
Trd, 4318457.243, 101
Trd, 4318458.043, 96
Trd, 4318459.243, 98
Trd, 4318459.493, 99
Trd, 4318461.243, 113
Trd, 4318461.393, 105
Trd, 4318461.693, 104
Trd, 4318461.943, 86
Trd, 4318463.893, 113
Trd, 4318465.793, 113
Trd, 4318466.093, 108
Trd, 4318467.593, 99
Trd, 4318469.443, 107
Trd, 4318469.693, 104
Trd, 4318470.693, 105
Trd, 4318471.893, 113
Trd, 4318472.343, 108
Trd, 4318473.993, 110
Trd, 4318474.093, 109
Trd, 4318476.093, 96
Trd, 4318476.693, 105
Trd, 4318477.493, 106
Trd, 4318478.543, 113
Trd, 4318481.093, 102
Trd, 4318481.443, 101
Trd, 4318483.393, 108
Trd, 4318484.343, 107
Trd, 4318484.943, 101
Trd, 4318485.093, 97
Trd, 4318486.543, 99
Trd, 4318487.943, 98
Trd, 4318489.293, 96
Trd, 4318489.343, 99
Trd, 4318491.393, 98
Trd, 4318491.893, 98
Trd, 4318494.743, 98
Trd, 4318494.793, 97
Trd, 4318495.493, 94
Trd, 4318498.393, 111
Trd, 4318498.543, 94
Trd, 4318499.593, 100
Trd, 4318499.943, 103
Trd, 4318500.893, 105
Trd, 4318501.093, 113
Trd, 4318502.543, 109
Trd, 4318503.343, 105
Trd, 4318503.393, 109
Trd, 4318504.793, 87
Trd, 4318505.343, 113
Trd, 4318509.443, 113
Trd, 4318510.293, 111
Trd, 4318510.843, 112
Trd, 4318510.943, 110
Trd, 4318512.393, 85
Trd, 4318513.893, 97
Trd, 4318514.343, 94
Trd, 4318516.843, 110
Trd, 4318518.143, 112
Trd, 4318518.193, 113
Trd, 4318518.543, 110
Trd, 4318522.643, 108
Trd, 4318523.243, 108
Trd, 4318523.543, 113
Trd, 4318525.543, 108
Trd, 4318525.743, 106
Trd, 4318527.393, 106
Trd, 4318530.393, 110
Trd, 4318530.493, 113
Trd, 4318532.043, 105
Trd, 4318535.193, 112
Trd, 4318535.493, 112
Trd, 4318537.043, 105
Trd, 4318538.043, 104
Trd, 4318538.743, 111
Trd, 4318539.693, 104
Trd, 4318540.743, 103
Trd, 4318542.943, 110
Trd, 4318542.993, 101
Trd, 4318544.543, 109
Trd, 4318544.593, 109
Trd, 4318547.293, 106
Trd, 4318549.243, 104
Trd, 4318552.543, 113
Trd, 4318553.343, 110
Trd, 4318553.693, 104
Trd, 4318555.643, 107
Trd, 4318556.743, 110
Trd, 4318556.943, 113
Trd, 4318560.243, 106
Trd, 4318560.343, 110
Trd, 4318560.843, 113
Trd, 4318563.993, 108
Trd, 4318564.693, 107
Trd, 4318566.543, 126
Trd, 4318566.643, 112
Trd, 4318568.193, 95
Trd, 4318570.343, 109
Trd, 4318571.643, 109
Trd, 4318571.743, 103
Trd, 4318572.343, 95
Trd, 4318573.293, 104
Trd, 4318574.343, 103
Trd, 4318575.043, 113
Trd, 4318575.443, 96
Trd, 4318578.393, 108
Trd, 4318579.793, 107
Trd, 4318580.043, 107
Trd, 4318580.343, 102
Trd, 4318583.393, 103
Trd, 4318584.043, 103
Trd, 4318584.093, 108
Trd, 4318586.943, 107
Trd, 4318587.393, 104
Trd, 4318589.093, 104
Trd, 4318589.943, 103
Trd, 4318590.493, 107
Trd, 4318591.393, 108
Trd, 4318595.343, 107
Trd, 4318595.493, 103
Trd, 4318598.143, 104
Trd, 4318599.243, 107
Trd, 4318599.293, 102
Trd, 4318599.793, 94
Trd, 4318600.493, 100
Trd, 4318601.893, 91
Trd, 4318602.943, 90
Trd, 4318603.643, 122
Trd, 4318604.293, 84
Trd, 4318605.043, 127
Trd, 4318605.943, 113
Trd, 4318607.493, 114
Trd, 4318609.943, 108
Trd, 4318610.043, 111
Trd, 4318611.143, 109
Trd, 4318612.993, 110
Trd, 4318615.643, 110
Trd, 4318617.343, 104
Trd, 4318617.493, 109
Trd, 4318617.693, 94
Trd, 4318619.243, 104
Trd, 4318620.793, 109
Trd, 4318620.993, 108
Trd, 4318622.693, 87
Trd, 4318625.143, 88
Trd, 4318625.593, 87
Trd, 4318627.143, 95
Trd, 4318627.543, 96
Trd, 4318627.943, 122
Trd, 4318631.143, 102
Trd, 4318631.443, 102
Trd, 4318632.643, 94
Trd, 4318634.193, 94
Trd, 4318634.443, 113
Trd, 4318635.743, 94
Trd, 4318637.043, 105
Trd, 4318640.543, 99
Trd, 4318640.593, 101
Trd, 4318641.693, 100
Trd, 4318642.343, 98
Trd, 4318643.243, 99
Trd, 4318643.843, 97
Trd, 4318644.343, 94
Trd, 4318645.793, 100
Trd, 4318647.643, 99
Trd, 4318648.043, 100
Trd, 4318649.143, 100
Trd, 4318649.843, 101
Trd, 4318650.543, 101
Trd, 4318652.293, 100
Trd, 4318654.443, 87
Trd, 4318654.843, 87
Trd, 4318655.093, 88
Trd, 4318655.543, 113
Trd, 4318655.743, 85
Trd, 4318658.043, 99
Trd, 4318659.843, 98
Trd, 4318660.693, 95
Trd, 4318662.843, 98
Trd, 4318663.043, 95
Trd, 4318666.943, 98
Trd, 4318667.843, 100
Trd, 4318668.793, 100
Trd, 4318669.393, 99
Trd, 4318669.543, 94
Trd, 4318669.743, 100
Trd, 4318672.793, 96
Trd, 4318673.643, 90
Trd, 4318674.893, 87
Trd, 4318675.793, 85
Trd, 4318676.343, 91
Trd, 4318676.993, 89
Trd, 4318677.893, 88
Trd, 4318679.543, 90
Trd, 4318679.743, 113
Trd, 4318682.343, 91
Trd, 4318683.293, 94
Trd, 4318683.993, 90
Trd, 4318686.093, 90
Trd, 4318686.393, 85
Trd, 4318686.893, 95
Trd, 4318691.093, 95
Trd, 4318691.693, 89
Trd, 4318693.543, 95
Trd, 4318694.843, 88
Trd, 4318694.943, 95
Trd, 4318697.793, 89
Trd, 4318698.093, 87
Trd, 4318698.543, 96
Trd, 4318699.943, 95
Trd, 4318701.943, 93
Trd, 4318702.143, 92
Trd, 4318703.243, 93
Trd, 4318705.043, 91
Trd, 4318705.793, 95
Trd, 4318706.693, 90
Trd, 4318708.093, 95
Trd, 4318708.743, 113
Trd, 4318709.293, 97
Trd, 4318710.493, 100
Trd, 4318712.393, 98
Trd, 4318713.043, 101
Trd, 4318713.693, 100
Trd, 4318715.443, 101
Trd, 4318716.443, 102
Trd, 4318716.893, 102
Trd, 4318718.243, 99
Trd, 4318720.593, 104
Trd, 4318721.393, 94
Trd, 4318722.443, 104
Trd, 4318722.793, 102
Trd, 4318724.343, 104
Trd, 4318725.193, 104
Trd, 4318727.343, 105
Trd, 4318728.393, 96
Trd, 4318729.093, 94
Trd, 4318732.993, 105
Trd, 4318734.143, 98
Trd, 4318734.793, 97
Trd, 4318735.143, 105
Trd, 4318735.193, 106
Trd, 4318737.193, 106
Trd, 4318740.093, 98
Trd, 4318740.793, 100
Trd, 4318741.093, 97
Trd, 4318743.943, 96
Trd, 4318745.593, 100
Trd, 4318746.493, 101
Trd, 4318746.643, 96
Trd, 4318748.143, 101
Trd, 4318748.543, 101
Trd, 4318748.593, 96
Trd, 4318751.993, 101
Trd, 4318752.193, 98
Trd, 4318752.493, 97
Trd, 4318756.793, 101
Trd, 4318757.543, 99
Trd, 4318759.093, 100
Trd, 4318759.843, 99
Trd, 4318759.943, 101
Trd, 4318763.843, 99
Trd, 4318764.193, 100
Trd, 4318764.393, 99
Trd, 4318766.593, 100
Trd, 4318768.143, 99
Trd, 4318768.693, 99
Trd, 4318770.593, 99
Trd, 4318771.093, 98
Trd, 4318772.293, 94
Trd, 4318772.543, 100
Trd, 4318773.643, 100
Trd, 4318774.843, 96
Trd, 4318777.043, 100
Trd, 4318778.443, 102
Trd, 4318779.793, 122
Trd, 4318780.993, 113
Trd, 4318781.943, 114
Trd, 4318782.293, 110
Trd, 4318783.243, 112
Trd, 4318784.393, 104
Trd, 4318784.743, 94
Trd, 4318787.893, 102
Trd, 4318788.093, 108
Trd, 4318788.643, 101
Trd, 4318789.193, 103
Trd, 4318789.243, 105
Trd, 4318791.043, 113
Trd, 4318791.643, 108
Trd, 4318793.243, 108
Trd, 4318793.643, 108
Trd, 4318794.193, 104
Trd, 4318796.343, 103
Trd, 4318796.693, 103
Trd, 4318800.293, 98
Trd, 4318800.843, 99
Trd, 4318801.143, 99
Trd, 4318801.443, 97
Trd, 4318803.043, 113
Trd, 4318803.693, 104
Trd, 4318805.393, 104
Trd, 4318807.293, 95
Trd, 4318807.993, 96
Trd, 4318809.293, 97
Trd, 4318811.543, 103
Trd, 4318811.943, 95
Trd, 4318813.493, 95
Trd, 4318814.393, 103
Trd, 4318815.893, 102
Trd, 4318816.043, 94
Trd, 4318819.093, 93
Trd, 4318821.193, 113
Trd, 4318821.543, 113
Trd, 4318822.043, 110
Trd, 4318822.493, 104
Trd, 4318823.993, 104
Trd, 4318826.043, 106
Trd, 4318826.443, 108
Trd, 4318828.043, 108
Trd, 4318828.093, 104
Trd, 4318829.393, 104
Trd, 4318832.443, 101
Trd, 4318833.343, 101
Trd, 4318833.393, 94
Trd, 4318834.143, 113
Trd, 4318835.843, 100
Trd, 4318836.393, 93
Trd, 4318836.643, 85
Trd, 4318838.093, 101
Trd, 4318840.043, 95
Trd, 4318842.493, 101
Trd, 4318842.543, 96
Trd, 4318846.693, 97
Trd, 4318847.793, 98
Trd, 4318849.193, 97
Trd, 4318849.493, 96
Trd, 4318849.943, 98
Trd, 4318850.493, 98
Trd, 4318851.143, 94
Trd, 4318851.293, 88
Trd, 4318854.493, 101
Trd, 4318854.643, 97
Trd, 4318855.743, 113
Trd, 4318856.243, 104
Trd, 4318856.993, 121
Trd, 4318860.243, 114
Trd, 4318860.593, 113
Trd, 4318860.993, 112
Trd, 4318862.393, 108
Trd, 4318865.243, 86
Trd, 4318865.693, 107
Trd, 4318865.793, 108
Trd, 4318865.943, 93
Trd, 4318867.893, 103
Trd, 4318868.943, 102
Trd, 4318870.393, 102
Trd, 4318871.593, 104
Trd, 4318873.193, 104
Trd, 4318874.493, 105
Trd, 4318875.843, 105
Trd, 4318876.143, 113
Trd, 4318876.443, 104
Trd, 4318877.793, 95
Trd, 4318881.143, 101
Trd, 4318881.643, 102
Trd, 4318883.443, 103
Trd, 4318885.693, 104
Trd, 4318885.993, 104
Trd, 4318886.343, 105
Trd, 4318887.543, 103
Trd, 4318887.793, 113
Trd, 4318888.793, 103
Trd, 4318891.193, 109
Trd, 4318892.243, 107
Trd, 4318894.343, 103
Trd, 4318894.593, 102
Trd, 4318895.143, 102
Trd, 4318895.293, 108
Trd, 4318899.643, 104
Trd, 4318899.943, 108
Trd, 4318900.893, 109
Trd, 4318902.693, 106
Trd, 4318903.293, 104
Trd, 4318903.393, 108
Trd, 4318905.593, 108
Trd, 4318908.343, 104
Trd, 4318909.293, 108
Trd, 4318911.343, 103
Trd, 4318911.943, 108
Trd, 4318912.093, 103
Trd, 4318914.593, 108
Trd, 4318914.743, 103
Trd, 4318915.193, 103
Trd, 4318917.943, 108
Trd, 4318918.993, 104
Trd, 4318919.193, 109
Trd, 4318922.193, 107
Trd, 4318924.593, 104
Trd, 4318924.643, 103
Trd, 4318925.943, 106
Trd, 4318926.793, 107
Trd, 4318927.593, 111
Trd, 4318928.593, 110
Trd, 4318930.043, 112
Trd, 4318931.643, 107
Trd, 4318932.343, 113
Trd, 4318933.343, 107
Trd, 4318936.843, 111
Trd, 4318937.543, 113
Trd, 4318938.093, 106
Trd, 4318939.193, 105
Trd, 4318942.493, 104
Trd, 4318944.143, 105
Trd, 4318944.293, 110
Trd, 4318944.893, 104
Trd, 4318946.793, 106
Trd, 4318948.193, 104
Trd, 4318949.943, 103
Trd, 4318950.993, 106
Trd, 4318952.743, 103
Trd, 4318953.043, 106
Trd, 4318955.393, 106
Trd, 4318955.943, 104
Trd, 4318955.993, 102
Trd, 4318956.643, 105
Trd, 4318958.543, 101
Trd, 4318958.993, 104
Trd, 4318960.443, 102
Trd, 4318960.943, 95
Trd, 4318963.193, 105
Trd, 4318963.493, 105
Trd, 4318967.593, 103
Trd, 4318967.793, 101
Trd, 4318968.243, 104
Trd, 4318969.093, 101
Trd, 4318969.843, 113
Trd, 4318972.193, 100
Trd, 4318972.543, 105
Trd, 4318974.693, 100
Trd, 4318975.543, 103
Trd, 4318977.743, 99
Trd, 4318977.993, 94
Trd, 4318979.193, 103
Trd, 4318979.793, 103
Trd, 4318980.643, 97
Trd, 4318981.943, 97
Trd, 4318982.143, 113
Trd, 4318984.843, 97
Trd, 4318985.443, 96
Trd, 4318988.493, 101
Trd, 4318989.193, 98
Trd, 4318989.843, 97
Trd, 4318990.393, 100
Trd, 4318992.793, 95
Trd, 4318993.543, 85
Trd, 4318995.143, 100
Trd, 4318995.843, 111
Trd, 4318997.393, 113
Trd, 4318998.343, 102
Trd, 4318999.143, 106
Trd, 4319001.343, 100
Trd, 4319002.193, 99
Trd, 4319002.893, 105
Trd, 4319004.743, 99
Trd, 4319006.893, 104
Trd, 4319007.643, 98
Trd, 4319008.343, 104
Trd, 4319008.393, 98
Trd, 4319010.993, 103
Trd, 4319012.393, 102
Trd, 4319012.443, 103
Trd, 4319014.493, 99
Trd, 4319014.993, 95
Trd, 4319016.443, 103
Trd, 4319019.093, 97
Trd, 4319020.493, 103
Trd, 4319020.993, 101
Trd, 4319022.493, 98
Trd, 4319024.943, 113
Trd, 4319025.343, 104
Trd, 4319026.293, 105
Trd, 4319028.493, 105
Trd, 4319029.843, 121
Trd, 4319030.243, 104
Trd, 4319032.843, 106
Trd, 4319033.543, 102
Trd, 4319036.643, 106
Trd, 4319037.343, 107
Trd, 4319037.443, 104
Trd, 4319039.443, 104
Trd, 4319041.293, 103
Trd, 4319041.843, 106
Trd, 4319042.043, 107
Trd, 4319042.993, 102
Trd, 4319043.893, 106
Trd, 4319044.993, 102
Trd, 4319047.243, 106
Trd, 4319048.693, 104
Trd, 4319049.643, 103
Trd, 4319050.893, 104
Trd, 4319051.443, 103
Trd, 4319052.043, 101
Trd, 4319052.793, 112
Trd, 4319054.643, 107
Trd, 4319054.943, 102
Trd, 4319055.693, 105
Trd, 4319057.493, 94
Trd, 4319060.043, 102
Trd, 4319061.043, 103
Trd, 4319061.393, 103
Trd, 4319062.543, 100
Trd, 4319063.043, 113
Trd, 4319064.893, 101
Trd, 4319065.943, 104
Trd, 4319066.143, 100
Trd, 4319066.693, 104
Trd, 4319068.143, 96
Trd, 4319068.443, 107
Trd, 4319072.143, 99
Trd, 4319072.393, 99
Trd, 4319073.943, 98
Trd, 4319074.243, 100
Trd, 4319076.693, 100
Trd, 4319077.343, 100
Trd, 4319077.443, 99
Trd, 4319079.343, 97
Trd, 4319081.043, 97
Trd, 4319081.443, 99
Trd, 4319081.993, 104
Trd, 4319082.693, 97
Trd, 4319084.293, 100
Trd, 4319085.143, 100
Trd, 4319085.243, 101
Trd, 4319086.543, 102
Trd, 4319089.743, 112
Trd, 4319090.043, 107
Trd, 4319091.093, 104
Trd, 4319091.693, 122
Trd, 4319093.043, 112
Trd, 4319094.243, 113
Trd, 4319095.343, 105
Trd, 4319095.693, 96
Trd, 4319099.643, 106
Trd, 4319100.793, 106
Trd, 4319104.243, 104
Trd, 4319105.093, 103
Trd, 4319107.043, 106
Trd, 4319108.243, 104
Trd, 4319108.943, 105
Trd, 4319109.943, 106
Trd, 4319110.043, 103
Trd, 4319113.343, 106
Trd, 4319113.793, 105
Trd, 4319114.393, 105
Trd, 4319114.643, 104
Trd, 4319115.343, 122
Trd, 4319115.543, 103
Trd, 4319119.993, 111
Trd, 4319121.393, 110
Trd, 4319121.493, 104
Trd, 4319121.943, 110
Trd, 4319123.893, 106
Trd, 4319124.393, 86
Trd, 4319125.593, 110
Trd, 4319127.593, 110
Trd, 4319128.343, 93
Trd, 4319130.543, 98
Trd, 4319131.043, 97
Trd, 4319131.193, 113
Trd, 4319132.193, 86
Trd, 4319133.593, 96
Trd, 4319135.543, 113
Trd, 4319135.743, 110
Trd, 4319136.043, 93
Trd, 4319136.193, 128
Trd, 4319137.293, 92
Trd, 4319141.393, 110
Trd, 4319141.593, 97
Trd, 4319143.043, 99
Trd, 4319143.793, 98
Trd, 4319144.443, 113
Trd, 4319145.443, 97
Trd, 4319145.493, 97
Trd, 4319147.943, 119
Trd, 4319148.443, 96
Trd, 4319149.543, 108
Trd, 4319149.693, 113
Trd, 4319150.543, 96
Trd, 4319153.343, 101
Trd, 4319153.593, 101
Trd, 4319154.593, 94
Trd, 4319156.093, 101
Trd, 4319158.743, 113
Trd, 4319158.893, 106
Trd, 4319160.043, 104
Trd, 4319160.993, 107
Trd, 4319162.343, 105
Trd, 4319163.093, 105
Trd, 4319163.493, 104
Trd, 4319163.643, 120
Trd, 4319166.543, 97
Trd, 4319167.143, 113
Trd, 4319167.843, 113
Trd, 4319170.693, 106
Trd, 4319172.593, 107
Trd, 4319173.193, 107
Trd, 4319173.693, 104
Trd, 4319173.993, 104
Trd, 4319176.143, 94
Trd, 4319176.493, 85
Trd, 4319178.293, 106
Trd, 4319179.343, 106
Trd, 4319180.293, 99
Trd, 4319182.043, 99
Trd, 4319182.343, 106
Trd, 4319184.843, 100
Trd, 4319185.093, 106
Trd, 4319185.743, 106
Trd, 4319186.793, 99
Trd, 4319189.343, 103
Trd, 4319191.943, 103
Trd, 4319192.793, 102
Trd, 4319193.493, 103
Trd, 4319193.943, 94
Trd, 4319197.493, 101
Trd, 4319197.943, 99
Trd, 4319199.243, 105
Trd, 4319200.293, 104
Trd, 4319200.843, 106
Trd, 4319201.143, 100
Trd, 4319201.793, 105
Trd, 4319202.943, 94
Trd, 4319204.493, 104
Trd, 4319208.343, 102
Trd, 4319209.293, 104
Trd, 4319209.693, 101
Trd, 4319209.743, 104
Trd, 4319210.243, 110
Trd, 4319214.593, 97
Trd, 4319214.643, 94
Trd, 4319216.343, 98
Trd, 4319216.743, 99
Trd, 4319218.343, 94
Trd, 4319218.993, 98
Trd, 4319221.743, 88
Trd, 4319222.393, 88
Trd, 4319225.093, 89
Trd, 4319225.243, 96
Trd, 4319225.443, 88
Trd, 4319226.593, 88
Trd, 4319227.743, 88
Trd, 4319228.843, 88
Trd, 4319229.243, 94
Trd, 4319229.343, 87
Trd, 4319230.343, 119
Trd, 4319231.443, 112
Trd, 4319232.093, 129
Trd, 4319233.893, 88
Trd, 4319234.293, 86
Trd, 4319235.793, 100
Trd, 4319236.893, 100
Trd, 4319238.443, 113
Trd, 4319239.593, 107
Trd, 4319240.343, 104
Trd, 4319241.543, 100
Trd, 4319241.593, 107
Trd, 4319242.293, 106
Trd, 4319244.443, 104
Trd, 4319246.643, 102
Trd, 4319247.143, 96
Trd, 4319247.293, 104
Trd, 4319249.193, 103
Trd, 4319251.893, 100
Trd, 4319252.743, 103
Trd, 4319255.643, 101
Trd, 4319255.843, 103
Trd, 4319256.043, 99
Trd, 4319258.643, 99
Trd, 4319260.043, 103
Trd, 4319260.443, 103
Trd, 4319261.193, 101
Trd, 4319262.543, 103
Trd, 4319262.943, 101
Trd, 4319265.993, 100
Trd, 4319266.593, 103
Trd, 4319268.593, 102
Trd, 4319268.693, 103
Trd, 4319269.193, 100
Trd, 4319270.693, 104
Trd, 4319271.193, 99
Trd, 4319271.643, 97
Trd, 4319271.943, 113
Trd, 4319275.593, 104
Trd, 4319275.893, 98
Trd, 4319276.893, 103
Trd, 4319280.743, 101
Trd, 4319280.893, 98
Trd, 4319280.943, 103
Trd, 4319282.493, 98
Trd, 4319285.043, 103
Trd, 4319286.443, 97
Trd, 4319289.793, 103
Trd, 4319290.793, 99
Trd, 4319291.793, 103
Trd, 4319293.293, 102
Trd, 4319294.443, 98
Trd, 4319295.693, 98
Trd, 4319297.943, 102
Trd, 4319298.993, 102
Trd, 4319299.393, 100
Trd, 4319301.393, 99
Trd, 4319301.993, 100
Trd, 4319303.143, 99
Trd, 4319304.593, 98
Trd, 4319306.343, 98
Trd, 4319307.293, 100
Trd, 4319308.443, 85
Trd, 4319310.143, 92
Trd, 4319310.943, 100
Trd, 4319311.543, 101
Trd, 4319313.643, 99
Trd, 4319313.993, 98
Trd, 4319315.343, 98
Trd, 4319315.993, 113
Trd, 4319316.543, 97
Trd, 4319317.393, 96
Trd, 4319317.993, 94
Trd, 4319318.743, 102
Trd, 4319322.443, 103
Trd, 4319323.443, 103
Trd, 4319324.843, 102
Trd, 4319327.843, 102
Trd, 4319327.943, 100
Trd, 4319329.093, 113
Trd, 4319330.443, 103
Trd, 4319333.443, 103
Trd, 4319334.293, 106
Trd, 4319335.943, 104
Trd, 4319337.143, 106
Trd, 4319338.043, 102
Trd, 4319338.193, 94
Trd, 4319338.293, 103
Trd, 4319340.193, 92
Trd, 4319340.593, 96
Trd, 4319341.793, 94
Trd, 4319342.593, 101
Trd, 4319344.643, 103
Trd, 4319344.743, 113
Trd, 4319345.243, 102
Trd, 4319345.943, 101
Trd, 4319346.793, 108
Trd, 4319349.143, 105
Trd, 4319350.743, 103
Trd, 4319351.243, 100
Trd, 4319352.693, 100
Trd, 4319354.043, 98
Trd, 4319355.893, 100
Trd, 4319356.993, 100
Trd, 4319358.143, 101
Trd, 4319359.193, 99
Trd, 4319360.343, 102
Trd, 4319360.893, 98
Trd, 4319361.343, 96
Trd, 4319362.593, 113
Trd, 4319363.843, 107
Trd, 4319365.793, 104
Trd, 4319367.143, 107
Trd, 4319367.293, 86
Trd, 4319370.543, 108
Trd, 4319372.193, 102
Trd, 4319373.293, 102
Trd, 4319373.993, 101
Trd, 4319374.343, 108
Trd, 4319378.643, 103
Trd, 4319378.893, 102
Trd, 4319378.943, 101
Trd, 4319379.343, 101
Trd, 4319381.493, 102
Trd, 4319381.793, 122
Trd, 4319382.643, 94
Trd, 4319385.893, 101
Trd, 4319386.593, 98
Trd, 4319387.593, 111
Trd, 4319388.743, 113
Trd, 4319390.593, 100
Trd, 4319391.693, 101
Trd, 4319392.343, 109
Trd, 4319393.893, 110
Trd, 4319396.243, 106
Trd, 4319396.893, 110
Trd, 4319397.393, 103
Trd, 4319397.793, 94
Trd, 4319398.293, 113
Trd, 4319401.543, 112
Trd, 4319402.593, 110
Trd, 4319404.693, 107
Trd, 4319406.943, 106
Trd, 4319407.193, 109
Trd, 4319408.193, 110
Trd, 4319409.743, 105
Trd, 4319409.993, 104
Trd, 4319410.793, 109
Trd, 4319412.643, 105
Trd, 4319413.243, 104
Trd, 4319415.893, 112
Trd, 4319416.843, 104
Trd, 4319417.193, 126
Trd, 4319417.543, 107
Trd, 4319419.193, 105
Trd, 4319420.743, 106
Trd, 4319422.743, 106
Trd, 4319423.143, 94
Trd, 4319425.343, 104
Trd, 4319426.193, 106
Trd, 4319426.743, 104
Trd, 4319427.493, 103
Trd, 4319429.393, 104
Trd, 4319430.743, 103
Trd, 4319431.193, 103
Trd, 4319432.743, 113
Trd, 4319433.743, 106
Trd, 4319435.243, 108
Trd, 4319436.143, 107
Trd, 4319437.543, 107
Trd, 4319437.843, 106
Trd, 4319438.743, 107
Trd, 4319439.493, 104
Trd, 4319441.843, 86
Trd, 4319442.443, 92
Trd, 4319444.143, 100
Trd, 4319444.843, 113
Trd, 4319445.743, 122
Trd, 4319445.843, 108
Trd, 4319447.893, 112
Trd, 4319449.993, 107
Trd, 4319450.593, 106
Trd, 4319452.393, 93
Trd, 4319452.443, 106
Trd, 4319453.043, 110
Trd, 4319453.893, 99
Trd, 4319455.643, 101
Trd, 4319456.343, 85
Trd, 4319456.893, 91
Trd, 4319457.743, 91
Trd, 4319459.493, 96
Trd, 4319460.543, 90
Trd, 4319460.893, 90
Trd, 4319461.693, 89
Trd, 4319462.793, 91
Trd, 4319463.643, 85
Trd, 4319464.193, 96
Trd, 4319465.643, 93
Trd, 4319469.493, 110
Trd, 4319470.243, 104
Trd, 4319470.493, 112
Trd, 4319470.593, 106
Trd, 4319470.743, 92
Trd, 4319471.743, 107
Trd, 4319472.893, 106
Trd, 4319474.643, 108
Trd, 4319475.343, 106
Trd, 4319476.293, 94
Trd, 4319476.793, 103
Trd, 4319478.443, 93
Trd, 4319479.193, 99
Trd, 4319481.693, 105
Trd, 4319482.243, 103
Trd, 4319483.343, 109
Trd, 4319484.893, 106
Trd, 4319485.143, 107
Trd, 4319486.243, 107
Trd, 4319487.193, 113
Trd, 4319490.393, 105
Trd, 4319490.743, 105
Trd, 4319492.093, 104
Trd, 4319492.343, 107
Trd, 4319492.743, 103
Trd, 4319494.493, 102
Trd, 4319495.493, 104
Trd, 4319496.543, 121
Trd, 4319496.943, 98
Trd, 4319497.193, 113
Trd, 4319498.943, 94
Trd, 4319500.943, 101
Trd, 4319502.893, 100
Trd, 4319503.993, 101
Trd, 4319504.843, 102
Trd, 4319506.593, 102
Trd, 4319506.643, 100
Trd, 4319506.993, 99
Trd, 4319507.093, 102
Trd, 4319509.893, 102
Trd, 4319510.793, 100
Trd, 4319512.743, 99
Trd, 4319513.393, 102
Trd, 4319514.243, 100
Trd, 4319517.143, 102
Trd, 4319518.893, 103
Trd, 4319520.043, 103
Trd, 4319521.043, 104
Trd, 4319521.393, 100
Trd, 4319522.043, 98
Trd, 4319523.393, 92
Trd, 4319524.993, 93
Trd, 4319526.993, 96
Trd, 4319527.643, 97
Trd, 4319528.193, 95
Trd, 4319528.543, 97
Trd, 4319531.743, 96
Trd, 4319532.043, 97
Trd, 4319532.293, 95
Trd, 4319535.893, 94
Trd, 4319536.443, 96
Trd, 4319537.693, 96
Trd, 4319538.293, 93
Trd, 4319541.143, 96
Trd, 4319541.593, 92
Trd, 4319544.093, 96
Trd, 4319544.393, 113
Trd, 4319544.643, 98
Trd, 4319544.843, 96
Trd, 4319547.643, 99
Trd, 4319547.943, 95
Trd, 4319549.343, 98
Trd, 4319549.443, 95
Trd, 4319550.793, 97
Trd, 4319551.993, 96
Trd, 4319552.743, 95
Trd, 4319553.893, 96
Trd, 4319556.443, 96
Trd, 4319556.493, 97
Trd, 4319558.243, 112
Trd, 4319558.943, 113
Trd, 4319559.243, 108
Trd, 4319559.293, 104
Trd, 4319561.843, 104
Trd, 4319563.793, 104
Trd, 4319564.643, 105
Trd, 4319566.993, 103
Trd, 4319567.793, 103
Trd, 4319567.943, 105
Trd, 4319570.243, 102
Trd, 4319571.193, 106
Trd, 4319571.643, 113
Trd, 4319572.093, 103
Trd, 4319572.743, 105
Trd, 4319574.343, 104
Trd, 4319575.243, 112
Trd, 4319577.743, 112
Trd, 4319578.843, 110
Trd, 4319579.093, 121
Trd, 4319579.393, 107
Trd, 4319580.943, 104
Trd, 4319582.693, 111
Trd, 4319586.293, 110
Trd, 4319586.693, 110
Trd, 4319587.043, 108
Trd, 4319590.143, 106
Trd, 4319590.893, 104
Trd, 4319590.993, 108
Trd, 4319592.543, 109
Trd, 4319594.443, 108
Trd, 4319595.343, 106
Trd, 4319595.593, 107
Trd, 4319598.293, 94
Trd, 4319601.043, 104
Trd, 4319601.393, 104
Trd, 4319601.893, 103
Trd, 4319602.393, 102
Trd, 4319604.943, 104
Trd, 4319606.893, 104
Trd, 4319607.893, 104
Trd, 4319607.993, 103
Trd, 4319608.193, 103
Trd, 4319609.743, 96
Trd, 4319610.243, 104
Trd, 4319610.693, 100
Trd, 4319613.843, 101
Trd, 4319614.693, 100
Trd, 4319615.643, 97
Trd, 4319616.743, 98
Trd, 4319618.043, 98
Trd, 4319618.343, 96
Trd, 4319618.593, 95
Trd, 4319619.943, 98
Trd, 4319621.143, 95
Trd, 4319622.193, 98
Trd, 4319623.143, 94
Trd, 4319625.293, 98
Trd, 4319625.343, 93
Trd, 4319628.643, 93
Trd, 4319629.243, 96
Trd, 4319629.293, 92
Trd, 4319631.043, 95
Trd, 4319633.393, 96
Trd, 4319634.793, 94
Trd, 4319635.993, 93
Trd, 4319637.793, 96
Trd, 4319638.993, 97
Trd, 4319639.543, 113
Trd, 4319640.593, 97
Trd, 4319641.443, 103
Trd, 4319643.793, 97
Trd, 4319646.143, 98
Trd, 4319646.193, 100
Trd, 4319646.493, 96
Trd, 4319646.643, 96
Trd, 4319648.343, 99
Trd, 4319651.393, 94
Trd, 4319653.293, 94
Trd, 4319653.343, 92
Trd, 4319653.693, 113
Trd, 4319653.743, 91
Trd, 4319653.893, 100
Trd, 4319657.493, 103
Trd, 4319657.793, 126
Trd, 4319657.843, 98
Trd, 4319659.143, 96
Trd, 4319659.593, 109
Trd, 4319660.693, 94
Trd, 4319661.693, 97
Trd, 4319661.793, 103
Trd, 4319663.293, 86
Trd, 4319663.943, 89
Trd, 4319664.743, 88
Trd, 4319666.443, 92
Trd, 4319666.993, 95
Trd, 4319668.043, 107
Trd, 4319668.143, 113
Trd, 4319668.393, 87
Trd, 4319672.343, 103
Trd, 4319672.393, 104
Trd, 4319673.143, 102
Trd, 4319674.393, 102
Trd, 4319676.043, 105
Trd, 4319676.993, 102
Trd, 4319677.793, 106
Trd, 4319679.743, 104
Trd, 4319681.293, 101
Trd, 4319683.593, 105
Trd, 4319684.543, 105
Trd, 4319686.493, 104
Trd, 4319686.843, 113
Trd, 4319687.943, 109
Trd, 4319689.543, 103
Trd, 4319689.943, 103
Trd, 4319690.993, 100
Trd, 4319693.293, 113
Trd, 4319693.593, 112
Trd, 4319694.793, 112
Trd, 4319695.843, 106
Trd, 4319697.693, 113
Trd, 4319698.193, 119
Trd, 4319699.743, 111
Trd, 4319702.193, 112
Trd, 4319702.893, 113
Trd, 4319704.693, 110
Trd, 4319704.893, 104
Trd, 4319705.493, 112
Trd, 4319707.343, 108
Trd, 4319707.543, 111
Trd, 4319708.393, 94
Trd, 4319709.793, 88
Trd, 4319710.243, 90
Trd, 4319711.493, 85
Trd, 4319712.993, 96
Trd, 4319713.293, 97
Trd, 4319713.343, 90
Trd, 4319714.443, 95
Trd, 4319715.543, 113
Trd, 4319716.393, 102
Trd, 4319716.843, 122
Trd, 4319718.193, 113
Trd, 4319719.843, 115
Trd, 4319720.093, 111
Trd, 4319722.393, 110
Trd, 4319723.593, 111
Trd, 4319724.543, 85
Trd, 4319725.693, 105
Trd, 4319727.293, 102
Trd, 4319727.443, 113
Trd, 4319728.393, 93
Trd, 4319728.493, 87
Trd, 4319733.443, 98
Trd, 4319734.393, 100
Trd, 4319735.293, 100
Trd, 4319735.543, 97
Trd, 4319736.993, 96
Trd, 4319737.293, 97
Trd, 4319741.793, 97
Trd, 4319741.943, 96
Trd, 4319743.543, 98
Trd, 4319745.643, 97
Trd, 4319745.993, 95
Trd, 4319746.993, 94
Trd, 4319748.193, 97
Trd, 4319748.543, 97
Trd, 4319750.193, 95
Trd, 4319752.543, 95
Trd, 4319753.093, 95
Trd, 4319753.293, 113
Trd, 4319754.293, 94
Trd, 4319755.543, 93
Trd, 4319757.443, 97
Trd, 4319757.743, 94
Trd, 4319759.143, 93
Trd, 4319761.643, 95
Trd, 4319763.343, 92
Trd, 4319765.643, 92
Trd, 4319768.993, 92
Trd, 4319769.343, 94
Trd, 4319770.393, 95
Trd, 4319771.793, 91
Trd, 4319773.843, 96
Trd, 4319773.993, 96
Trd, 4319775.293, 93
Trd, 4319777.893, 96
Trd, 4319778.843, 95
Trd, 4319778.893, 91
Trd, 4319780.343, 90
Trd, 4319780.943, 87
Trd, 4319782.293, 83
Trd, 4319783.043, 82
Trd, 4319783.893, 95
Trd, 4319783.993, 97
Trd, 4319784.743, 87
Trd, 4319787.993, 91
Trd, 4319789.543, 89
Trd, 4319789.893, 86
Trd, 4319790.893, 88
Trd, 4319791.143, 95
Trd, 4319794.243, 113
Trd, 4319794.393, 104
Trd, 4319794.793, 103
Trd, 4319796.343, 123
Trd, 4319797.143, 104
Trd, 4319798.343, 111
Trd, 4319800.243, 94
Trd, 4319801.743, 103
Trd, 4319802.493, 106
Trd, 4319803.243, 107
Trd, 4319805.243, 106
Trd, 4319806.093, 103
Trd, 4319807.893, 104
Trd, 4319810.743, 101
Trd, 4319810.943, 102
Trd, 4319812.143, 102
Trd, 4319812.993, 104
Trd, 4319815.193, 113
Trd, 4319815.593, 128
Trd, 4319816.543, 113
Trd, 4319818.743, 112
Trd, 4319821.543, 112
Trd, 4319821.893, 113
Trd, 4319823.543, 111
Trd, 4319824.393, 112
Trd, 4319825.343, 111
Trd, 4319825.493, 112
Trd, 4319826.593, 108
Trd, 4319827.443, 113
Trd, 4319828.643, 94
Trd, 4319830.543, 103
Trd, 4319833.093, 101
Trd, 4319833.793, 102
Trd, 4319834.593, 101
Trd, 4319834.743, 102
Trd, 4319835.943, 103
Trd, 4319838.893, 102
Trd, 4319838.943, 101
Trd, 4319839.693, 94
Trd, 4319840.893, 97
Trd, 4319841.693, 97
Trd, 4319843.543, 113
Trd, 4319844.893, 114
Trd, 4319845.893, 105
Trd, 4319846.793, 103
Trd, 4319847.393, 104
Trd, 4319851.343, 111
Trd, 4319851.693, 108
Trd, 4319852.643, 107
Trd, 4319854.143, 108
Trd, 4319855.543, 97
Trd, 4319855.843, 85
Trd, 4319856.493, 93
Trd, 4319857.393, 95
Trd, 4319858.193, 94
Trd, 4319859.243, 94
Trd, 4319859.443, 113
Trd, 4319861.793, 101
Trd, 4319862.693, 100
Trd, 4319862.743, 97
Trd, 4319863.993, 96
Trd, 4319864.843, 86
Trd, 4319865.393, 87
Trd, 4319865.843, 86
Trd, 4319866.343, 113
Trd, 4319868.843, 96
Trd, 4319870.043, 95
Trd, 4319870.593, 96
Trd, 4319873.793, 94
Trd, 4319873.893, 93
Trd, 4319874.443, 97
Trd, 4319874.643, 92
Trd, 4319876.993, 93
Trd, 4319877.693, 92
Trd, 4319878.693, 97
Trd, 4319879.843, 95
Trd, 4319881.793, 95
Trd, 4319881.843, 94
Trd, 4319882.043, 97
Trd, 4319883.193, 122
Trd, 4319885.043, 93
Trd, 4319885.393, 113
Trd, 4319886.893, 131
Trd, 4319888.093, 115
Trd, 4319890.443, 111
Trd, 4319891.093, 113
Trd, 4319892.893, 111
Trd, 4319893.293, 106
Trd, 4319895.243, 96
Trd, 4319896.293, 105
Trd, 4319896.743, 94
Trd, 4319897.593, 106
Trd, 4319898.543, 105
Trd, 4319900.143, 103
Trd, 4319901.843, 106
Trd, 4319904.043, 104
Trd, 4319905.493, 106
Trd, 4319906.943, 103
Trd, 4319907.843, 106
Trd, 4319908.643, 112
Trd, 4319909.043, 104
Trd, 4319910.243, 107
Trd, 4319910.393, 109
Trd, 4319912.693, 112
Trd, 4319913.643, 104
Trd, 4319916.193, 109
Trd, 4319916.293, 107
Trd, 4319919.743, 106
Trd, 4319920.093, 105
Trd, 4319920.743, 109
Trd, 4319921.093, 110
Trd, 4319923.193, 104
Trd, 4319924.893, 107
Trd, 4319926.193, 104
Trd, 4319926.443, 106
Trd, 4319927.893, 105
Trd, 4319929.793, 104
Trd, 4319929.993, 102
Trd, 4319930.543, 105
Trd, 4319931.143, 94
Trd, 4319932.993, 102
Trd, 4319933.243, 101
Trd, 4319935.893, 102
Trd, 4319936.993, 100
Trd, 4319938.143, 120
Trd, 4319939.693, 103
Trd, 4319939.743, 111
Trd, 4319941.093, 108
Trd, 4319942.393, 104
Trd, 4319943.843, 107
Trd, 4319945.543, 105
Trd, 4319946.243, 104
Trd, 4319947.393, 104
Trd, 4319948.543, 103
Trd, 4319952.093, 96
Trd, 4319953.143, 96
Trd, 4319953.593, 90
Trd, 4319953.743, 85
Trd, 4319955.143, 90
Trd, 4319955.993, 96
Trd, 4319957.493, 94
Trd, 4319957.843, 94
Trd, 4319959.893, 92
Trd, 4319959.993, 96
Trd, 4319960.143, 113
Trd, 4319960.643, 94
Trd, 4319961.093, 105
Trd, 4319965.043, 96
Trd, 4319965.493, 101
Trd, 4319965.743, 101
Trd, 4319966.543, 94
Trd, 4319967.043, 96
Trd, 4319973.093, 97
Trd, 4319974.343, 101
Trd, 4319974.693, 101
Trd, 4319976.793, 101
Trd, 4319977.043, 98
Trd, 4319977.143, 110
Trd, 4319980.093, 103
Trd, 4319980.843, 103
Trd, 4319981.593, 106
Trd, 4319983.043, 104
Trd, 4319983.493, 104
Trd, 4319983.593, 113
Trd, 4319986.043, 104
Trd, 4319987.193, 113
Trd, 4319987.243, 121
Trd, 4319988.043, 112
Trd, 4319991.593, 106
Trd, 4319991.693, 112
Trd, 4319994.893, 112
Trd, 4319995.393, 108
Trd, 4319997.243, 109
Trd, 4319998.893, 112
Trd, 4319999.793, 113
