Trd, 4317802.243, 104
Trd, 4317802.393, 105
Trd, 4317806.693, 105
Trd, 4317807.093, 103
Trd, 4317808.743, 102
Trd, 4317808.943, 114
Trd, 4317810.643, 106
Trd, 4317811.343, 102
Trd, 4317812.693, 106
Trd, 4317813.343, 107
Trd, 4317813.593, 105
Trd, 4317816.643, 105
Trd, 4317818.293, 105
Trd, 4317821.543, 104
Trd, 4317822.543, 106
Trd, 4317822.743, 104
Trd, 4317826.293, 106
Trd, 4317826.693, 103
Trd, 4317829.293, 106
Trd, 4317829.843, 104
Trd, 4317830.093, 102
Trd, 4317831.343, 105
Trd, 4317831.493, 113
Trd, 4317835.343, 106
Trd, 4317835.593, 113
Trd, 4317838.793, 103
Trd, 4317839.743, 84
Trd, 4317840.843, 95
Trd, 4317841.643, 97
Trd, 4317842.143, 104
Trd, 4317847.293, 99
Trd, 4317849.093, 99
Trd, 4317851.043, 100
Trd, 4317853.593, 106
Trd, 4317853.743, 130
Trd, 4317855.843, 107
Trd, 4317857.443, 107
Trd, 4317859.593, 105
Trd, 4317860.393, 106
Trd, 4317862.043, 107
Trd, 4317862.693, 106
Trd, 4317864.493, 103
Trd, 4317866.043, 103
Trd, 4317867.243, 113
Trd, 4317868.493, 106
Trd, 4317870.593, 106
Trd, 4317874.893, 102
Trd, 4317875.243, 106
Trd, 4317878.243, 106
Trd, 4317880.643, 105
Trd, 4317881.793, 101
Trd, 4317883.543, 105
Trd, 4317887.543, 105
Trd, 4317887.843, 101
Trd, 4317889.143, 103
Trd, 4317890.343, 104
Trd, 4317893.693, 105
Trd, 4317894.793, 103
Trd, 4317897.093, 105
Trd, 4317897.293, 102
Trd, 4317899.493, 105
Trd, 4317902.843, 104
Trd, 4317903.293, 102
Trd, 4317905.793, 105
Trd, 4317910.593, 105
Trd, 4317912.493, 107
Trd, 4317913.243, 104
Trd, 4317913.493, 113
Trd, 4317914.343, 101
Trd, 4317915.893, 101
Trd, 4317919.543, 104
Trd, 4317922.243, 104
Trd, 4317922.693, 113
Trd, 4317922.993, 100
Trd, 4317926.543, 110
Trd, 4317926.693, 98
Trd, 4317928.743, 129
Trd, 4317932.793, 109
Trd, 4317933.993, 106
Trd, 4317935.093, 105
Trd, 4317936.293, 103
Trd, 4317938.493, 108
Trd, 4317939.693, 108
Trd, 4317941.843, 107
Trd, 4317942.143, 102
Trd, 4317944.843, 103
Trd, 4317946.243, 103
Trd, 4317947.393, 118
Trd, 4317948.593, 107
Trd, 4317949.693, 109
Trd, 4317950.393, 109
Trd, 4317952.043, 108
Trd, 4317954.893, 107
Trd, 4317956.493, 104
Trd, 4317959.343, 104
Trd, 4317959.393, 108
Trd, 4317960.693, 102
Trd, 4317963.343, 104
Trd, 4317965.993, 104
Trd, 4317969.943, 102
Trd, 4317970.243, 102
Trd, 4317971.593, 113
Trd, 4317973.343, 104
Trd, 4317974.343, 100
Trd, 4317975.243, 99
Trd, 4317976.543, 113
Trd, 4317977.543, 100
Trd, 4317981.793, 106
Trd, 4317983.943, 104
Trd, 4317985.043, 105
Trd, 4317987.593, 105
Trd, 4317987.793, 103
Trd, 4317989.993, 106
Trd, 4317990.143, 103
Trd, 4317990.793, 114
Trd, 4317991.843, 102
Trd, 4317994.693, 103
Trd, 4317996.443, 115
Trd, 4317996.893, 103
Trd, 4317998.643, 98
Trd, 4318000.193, 97
Trd, 4318001.593, 98
Trd, 4318001.893, 96
Trd, 4318003.843, 96
Trd, 4318006.143, 95
Trd, 4318006.993, 96
Trd, 4318009.843, 96
Trd, 4318011.893, 96
Trd, 4318012.943, 94
Trd, 4318013.043, 96
Trd, 4318018.143, 96
Trd, 4318018.593, 93
Trd, 4318019.093, 96
Trd, 4318019.343, 91
Trd, 4318024.993, 96
Trd, 4318025.343, 131
Trd, 4318026.793, 90
Trd, 4318027.093, 100
Trd, 4318027.643, 113
Trd, 4318027.793, 90
Trd, 4318028.993, 84
Trd, 4318029.193, 125
Trd, 4318033.743, 101
Trd, 4318035.393, 99
Trd, 4318038.593, 99
Trd, 4318041.843, 99
Trd, 4318042.143, 99
Trd, 4318042.593, 103
Trd, 4318043.493, 102
Trd, 4318044.343, 99
Trd, 4318048.043, 101
Trd, 4318052.043, 101
Trd, 4318054.243, 101
Trd, 4318055.693, 101
Trd, 4318056.943, 102
Trd, 4318057.293, 101
Trd, 4318060.543, 101
Trd, 4318060.993, 102
Trd, 4318061.143, 100
Trd, 4318063.543, 100
Trd, 4318066.343, 99
Trd, 4318067.793, 100
Trd, 4318068.643, 115
Trd, 4318069.993, 111
Trd, 4318070.143, 108
Trd, 4318071.293, 105
Trd, 4318071.693, 122
Trd, 4318073.793, 102
Trd, 4318076.093, 106
Trd, 4318077.593, 106
Trd, 4318079.443, 106
Trd, 4318079.643, 105
Trd, 4318080.343, 115
Trd, 4318084.293, 107
Trd, 4318087.793, 105
Trd, 4318087.843, 104
Trd, 4318088.643, 107
Trd, 4318089.243, 112
Trd, 4318090.443, 103
Trd, 4318091.343, 103
Trd, 4318093.443, 103
Trd, 4318094.143, 87
Trd, 4318094.193, 104
Trd, 4318097.393, 94
Trd, 4318097.643, 98
Trd, 4318100.543, 99
Trd, 4318101.343, 98
Trd, 4318103.093, 83
Trd, 4318103.793, 98
Trd, 4318105.193, 113
Trd, 4318106.993, 99
Trd, 4318110.643, 113
Trd, 4318111.293, 102
Trd, 4318112.993, 102
Trd, 4318114.293, 103
Trd, 4318117.693, 101
Trd, 4318118.443, 100
Trd, 4318118.893, 103
Trd, 4318119.393, 99
Trd, 4318119.493, 114
Trd, 4318120.643, 106
Trd, 4318122.143, 99
Trd, 4318126.743, 99
Trd, 4318127.943, 102
Trd, 4318129.293, 104
Trd, 4318131.793, 102
Trd, 4318132.793, 100
Trd, 4318133.793, 100
Trd, 4318136.043, 88
Trd, 4318136.943, 102
Trd, 4318137.943, 93
Trd, 4318139.143, 98
Trd, 4318139.393, 93
Trd, 4318141.093, 92
Trd, 4318145.543, 96
Trd, 4318145.593, 97
Trd, 4318153.493, 92
Trd, 4318154.193, 96
Trd, 4318155.693, 96
Trd, 4318155.743, 96
Trd, 4318157.093, 108
Trd, 4318162.093, 98
Trd, 4318162.293, 94
Trd, 4318164.743, 98
Trd, 4318167.293, 114
Trd, 4318168.393, 100
Trd, 4318169.743, 99
Trd, 4318171.093, 100
Trd, 4318171.843, 101
Trd, 4318175.543, 101
Trd, 4318178.443, 100
Trd, 4318181.043, 97
Trd, 4318182.493, 95
Trd, 4318183.343, 96
Trd, 4318184.243, 100
Trd, 4318185.493, 100
Trd, 4318186.993, 100
Trd, 4318187.643, 98
Trd, 4318190.543, 100
Trd, 4318191.043, 115
Trd, 4318192.143, 98
Trd, 4318197.243, 102
Trd, 4318200.393, 102
Trd, 4318201.643, 99
Trd, 4318203.693, 102
Trd, 4318203.893, 102
Trd, 4318206.893, 97
Trd, 4318207.393, 97
Trd, 4318208.443, 102
Trd, 4318210.393, 96
Trd, 4318210.843, 102
Trd, 4318211.493, 102
Trd, 4318211.893, 102
Trd, 4318218.193, 102
Trd, 4318220.893, 102
Trd, 4318221.143, 95
Trd, 4318223.343, 104
Trd, 4318225.043, 94
Trd, 4318226.593, 102
Trd, 4318227.493, 102
Trd, 4318228.343, 94
Trd, 4318231.043, 102
Trd, 4318232.593, 102
Trd, 4318236.643, 98
Trd, 4318237.793, 100
Trd, 4318241.993, 100
Trd, 4318243.993, 96
Trd, 4318245.393, 99
Trd, 4318248.393, 99
Trd, 4318249.093, 100
Trd, 4318249.843, 110
Trd, 4318250.043, 105
Trd, 4318252.793, 113
Trd, 4318254.693, 105
Trd, 4318255.993, 104
Trd, 4318257.793, 102
Trd, 4318259.993, 103
Trd, 4318264.843, 103
Trd, 4318265.493, 103
Trd, 4318268.643, 101
Trd, 4318269.543, 103
Trd, 4318276.793, 103
Trd, 4318278.193, 103
Trd, 4318279.243, 113
Trd, 4318281.543, 100
Trd, 4318281.843, 102
Trd, 4318285.043, 104
Trd, 4318285.793, 101
Trd, 4318288.743, 100
Trd, 4318290.693, 104
Trd, 4318293.993, 101
Trd, 4318294.043, 104
Trd, 4318294.493, 100
Trd, 4318297.893, 102
Trd, 4318298.393, 102
Trd, 4318298.993, 100
Trd, 4318301.893, 100
Trd, 4318302.043, 111
Trd, 4318304.793, 102
Trd, 4318305.993, 103
Trd, 4318306.793, 113
Trd, 4318308.293, 101
Trd, 4318312.493, 102
Trd, 4318314.193, 100
Trd, 4318314.593, 102
Trd, 4318316.643, 102
Trd, 4318316.843, 113
Trd, 4318320.393, 105
Trd, 4318321.643, 102
Trd, 4318321.693, 101
Trd, 4318324.443, 104
Trd, 4318324.643, 101
Trd, 4318325.693, 92
Trd, 4318327.293, 99
Trd, 4318328.693, 96
Trd, 4318331.143, 98
Trd, 4318331.993, 97
Trd, 4318333.693, 99
Trd, 4318334.843, 114
Trd, 4318335.493, 100
Trd, 4318338.293, 100
Trd, 4318339.943, 101
Trd, 4318341.543, 108
Trd, 4318342.393, 101
Trd, 4318344.493, 99
Trd, 4318345.443, 97
Trd, 4318345.643, 102
Trd, 4318348.443, 101
Trd, 4318350.493, 101
Trd, 4318357.143, 97
Trd, 4318357.243, 100
Trd, 4318357.643, 100
Trd, 4318359.893, 97
Trd, 4318363.493, 99
Trd, 4318364.443, 96
Trd, 4318365.643, 95
Trd, 4318366.443, 99
Trd, 4318367.243, 130
Trd, 4318367.843, 105
Trd, 4318368.343, 101
Trd, 4318369.693, 101
Trd, 4318370.093, 100
Trd, 4318370.293, 104
Trd, 4318371.893, 104
Trd, 4318376.593, 104
Trd, 4318377.793, 103
Trd, 4318378.243, 102
Trd, 4318379.143, 113
Trd, 4318380.093, 99
Trd, 4318381.343, 104
Trd, 4318384.993, 103
Trd, 4318387.143, 103
Trd, 4318389.843, 108
Trd, 4318390.043, 113
Trd, 4318391.843, 100
Trd, 4318392.293, 100
Trd, 4318392.743, 99
Trd, 4318394.343, 105
Trd, 4318398.393, 100
Trd, 4318398.443, 104
Trd, 4318398.543, 104
Trd, 4318401.143, 104
Trd, 4318401.793, 113
Trd, 4318403.093, 125
Trd, 4318406.193, 102
Trd, 4318407.643, 102
Trd, 4318407.743, 107
Trd, 4318410.443, 102
Trd, 4318410.743, 107
Trd, 4318412.293, 107
Trd, 4318413.843, 110
Trd, 4318414.793, 107
Trd, 4318416.193, 104
Trd, 4318418.693, 113
Trd, 4318420.443, 104
Trd, 4318421.143, 107
Trd, 4318423.193, 106
Trd, 4318424.343, 107
Trd, 4318426.343, 106
Trd, 4318427.143, 103
Trd, 4318427.593, 106
Trd, 4318430.843, 102
Trd, 4318433.093, 104
Trd, 4318433.393, 110
Trd, 4318433.693, 103
Trd, 4318438.193, 103
Trd, 4318440.043, 104
Trd, 4318440.893, 113
Trd, 4318442.593, 106
Trd, 4318443.593, 102
Trd, 4318444.793, 102
Trd, 4318445.943, 111
Trd, 4318446.693, 107
Trd, 4318447.093, 101
Trd, 4318450.493, 100
Trd, 4318452.693, 106
Trd, 4318455.093, 102
Trd, 4318455.443, 104
Trd, 4318456.443, 102
Trd, 4318459.693, 104
Trd, 4318460.493, 102
Trd, 4318461.893, 102
Trd, 4318462.793, 102
Trd, 4318463.093, 104
Trd, 4318464.443, 111
Trd, 4318467.393, 101
Trd, 4318469.143, 105
Trd, 4318470.543, 102
Trd, 4318470.743, 105
Trd, 4318471.093, 88
Trd, 4318472.593, 100
Trd, 4318473.843, 101
Trd, 4318475.293, 100
Trd, 4318477.543, 125
Trd, 4318479.493, 101
Trd, 4318479.893, 100
Trd, 4318481.543, 101
Trd, 4318484.043, 100
Trd, 4318485.893, 101
Trd, 4318486.943, 101
Trd, 4318487.543, 99
Trd, 4318488.193, 100
Trd, 4318489.893, 101
Trd, 4318490.143, 85
Trd, 4318491.443, 91
Trd, 4318495.493, 99
Trd, 4318496.093, 106
Trd, 4318497.143, 104
Trd, 4318497.793, 102
Trd, 4318499.093, 102
Trd, 4318502.443, 102
Trd, 4318502.493, 115
Trd, 4318507.743, 103
Trd, 4318508.943, 103
Trd, 4318510.693, 114
Trd, 4318512.243, 111
Trd, 4318512.493, 110
Trd, 4318513.893, 109
Trd, 4318516.043, 121
Trd, 4318516.943, 109
Trd, 4318518.043, 112
Trd, 4318518.493, 112
Trd, 4318518.843, 111
Trd, 4318522.093, 103
Trd, 4318525.393, 107
Trd, 4318527.293, 106
Trd, 4318528.643, 106
Trd, 4318529.743, 106
Trd, 4318533.043, 106
Trd, 4318533.793, 104
Trd, 4318533.893, 106
Trd, 4318535.843, 103
Trd, 4318538.043, 107
Trd, 4318538.743, 105
Trd, 4318541.593, 105
Trd, 4318545.093, 104
Trd, 4318545.193, 105
Trd, 4318546.093, 105
Trd, 4318546.543, 121
Trd, 4318546.843, 114
Trd, 4318549.693, 107
Trd, 4318551.893, 108
Trd, 4318552.293, 108
Trd, 4318552.593, 111
Trd, 4318554.593, 105
Trd, 4318554.893, 103
Trd, 4318556.543, 105
Trd, 4318559.593, 113
Trd, 4318559.843, 105
Trd, 4318564.243, 102
Trd, 4318568.443, 105
Trd, 4318569.143, 105
Trd, 4318571.593, 104
Trd, 4318573.693, 104
Trd, 4318576.493, 102
Trd, 4318577.393, 102
Trd, 4318577.643, 103
Trd, 4318580.393, 101
Trd, 4318580.593, 102
Trd, 4318582.393, 101
Trd, 4318582.893, 102
Trd, 4318583.343, 100
Trd, 4318585.593, 102
Trd, 4318587.293, 102
Trd, 4318587.393, 99
Trd, 4318589.843, 113
Trd, 4318591.743, 124
Trd, 4318595.543, 106
Trd, 4318596.393, 100
Trd, 4318596.843, 106
Trd, 4318598.343, 103
Trd, 4318601.343, 113
Trd, 4318601.743, 121
Trd, 4318602.893, 115
Trd, 4318604.493, 112
Trd, 4318604.893, 124
Trd, 4318606.443, 88
Trd, 4318607.043, 94
Trd, 4318608.143, 105
Trd, 4318610.393, 109
Trd, 4318614.143, 100
Trd, 4318615.243, 100
Trd, 4318615.593, 106
Trd, 4318615.793, 107
Trd, 4318621.343, 106
Trd, 4318621.943, 104
Trd, 4318624.943, 106
Trd, 4318625.143, 103
Trd, 4318626.193, 104
Trd, 4318626.793, 104
Trd, 4318627.943, 106
Trd, 4318633.643, 106
Trd, 4318635.943, 106
Trd, 4318637.443, 106
Trd, 4318640.543, 113
Trd, 4318641.943, 107
Trd, 4318644.543, 105
Trd, 4318644.893, 104
Trd, 4318645.243, 107
Trd, 4318645.943, 104
Trd, 4318652.243, 106
Trd, 4318652.343, 104
Trd, 4318652.793, 104
Trd, 4318654.293, 105
Trd, 4318655.693, 105
Trd, 4318657.743, 103
Trd, 4318659.343, 105
Trd, 4318662.393, 105
Trd, 4318662.993, 102
Trd, 4318664.443, 102
Trd, 4318665.793, 105
Trd, 4318665.843, 113
Trd, 4318666.943, 105
Trd, 4318669.343, 105
Trd, 4318672.493, 106
Trd, 4318672.893, 104
Trd, 4318675.493, 105
Trd, 4318676.643, 113
Trd, 4318678.543, 104
Trd, 4318683.493, 103
Trd, 4318685.593, 103
Trd, 4318686.193, 105
Trd, 4318687.593, 105
Trd, 4318690.843, 105
Trd, 4318691.793, 114
Trd, 4318695.243, 113
Trd, 4318696.943, 114
Trd, 4318697.143, 105
Trd, 4318697.193, 105
Trd, 4318699.143, 109
Trd, 4318702.343, 108
Trd, 4318703.043, 104
Trd, 4318703.543, 108
Trd, 4318707.093, 103
Trd, 4318707.543, 108
Trd, 4318709.593, 108
Trd, 4318710.993, 105
Trd, 4318711.293, 113
Trd, 4318712.393, 108
Trd, 4318716.293, 113
Trd, 4318717.293, 103
Trd, 4318720.693, 108
Trd, 4318721.843, 104
Trd, 4318722.993, 105
Trd, 4318724.993, 108
Trd, 4318728.943, 107
Trd, 4318730.893, 104
Trd, 4318731.443, 104
Trd, 4318733.343, 104
Trd, 4318734.593, 104
Trd, 4318735.143, 106
Trd, 4318736.843, 102
Trd, 4318737.893, 101
Trd, 4318738.693, 84
Trd, 4318738.843, 113
Trd, 4318740.943, 102
Trd, 4318744.543, 102
Trd, 4318744.643, 101
Trd, 4318746.443, 100
Trd, 4318747.243, 102
Trd, 4318748.693, 104
Trd, 4318749.243, 113
Trd, 4318750.443, 109
Trd, 4318751.543, 106
Trd, 4318753.743, 107
Trd, 4318753.943, 111
Trd, 4318757.343, 97
Trd, 4318758.043, 99
Trd, 4318759.143, 95
Trd, 4318759.393, 113
Trd, 4318763.293, 97
Trd, 4318765.093, 97
Trd, 4318770.243, 95
Trd, 4318771.143, 97
Trd, 4318771.343, 97
Trd, 4318775.243, 97
Trd, 4318775.893, 97
Trd, 4318778.543, 94
Trd, 4318779.093, 93
Trd, 4318779.593, 114
Trd, 4318784.943, 93
Trd, 4318788.343, 99
Trd, 4318788.843, 114
Trd, 4318789.843, 107
Trd, 4318791.743, 111
Trd, 4318791.793, 110
Trd, 4318792.693, 113
Trd, 4318794.443, 99
Trd, 4318796.293, 97
Trd, 4318797.193, 100
Trd, 4318798.043, 99
Trd, 4318803.343, 105
Trd, 4318805.943, 105
Trd, 4318809.793, 114
Trd, 4318814.093, 98
Trd, 4318814.343, 106
Trd, 4318814.893, 97
Trd, 4318817.243, 106
Trd, 4318817.743, 105
Trd, 4318818.893, 100
Trd, 4318819.093, 106
Trd, 4318820.943, 114
Trd, 4318822.143, 102
Trd, 4318823.493, 107
Trd, 4318826.093, 107
Trd, 4318829.393, 101
Trd, 4318830.693, 101
Trd, 4318832.143, 105
Trd, 4318833.143, 113
Trd, 4318835.093, 104
Trd, 4318837.143, 104
Trd, 4318838.193, 101
Trd, 4318838.693, 104
Trd, 4318838.743, 101
Trd, 4318839.743, 114
Trd, 4318847.043, 104
Trd, 4318847.293, 101
Trd, 4318849.543, 104
Trd, 4318852.493, 104
Trd, 4318853.043, 104
Trd, 4318853.343, 100
Trd, 4318855.343, 114
Trd, 4318858.993, 104
Trd, 4318859.543, 105
Trd, 4318861.243, 105
Trd, 4318862.393, 107
Trd, 4318862.493, 114
Trd, 4318863.093, 107
Trd, 4318863.293, 102
Trd, 4318864.843, 104
Trd, 4318866.243, 107
Trd, 4318869.593, 104
Trd, 4318870.993, 102
Trd, 4318871.093, 114
Trd, 4318871.493, 88
Trd, 4318872.643, 105
Trd, 4318873.943, 104
Trd, 4318877.143, 104
Trd, 4318879.893, 99
Trd, 4318880.893, 113
Trd, 4318882.943, 106
Trd, 4318883.093, 106
Trd, 4318884.143, 116
Trd, 4318886.143, 107
Trd, 4318886.193, 107
Trd, 4318888.693, 113
Trd, 4318889.643, 115
Trd, 4318890.343, 100
Trd, 4318892.193, 104
Trd, 4318893.143, 109
Trd, 4318893.293, 114
Trd, 4318895.643, 115
Trd, 4318896.993, 112
Trd, 4318898.093, 111
Trd, 4318899.193, 114
Trd, 4318900.893, 109
Trd, 4318901.443, 108
Trd, 4318902.343, 103
Trd, 4318903.243, 105
Trd, 4318905.593, 103
Trd, 4318906.843, 83
Trd, 4318908.493, 100
Trd, 4318909.343, 101
Trd, 4318910.443, 99
Trd, 4318912.043, 100
Trd, 4318915.293, 100
Trd, 4318919.393, 100
Trd, 4318919.593, 98
Trd, 4318919.643, 114
Trd, 4318924.693, 102
Trd, 4318926.143, 102
Trd, 4318926.943, 100
Trd, 4318927.443, 98
Trd, 4318929.543, 99
Trd, 4318934.743, 102
Trd, 4318935.693, 110
Trd, 4318936.243, 100
Trd, 4318937.493, 104
Trd, 4318942.593, 99
Trd, 4318942.893, 98
Trd, 4318942.993, 104
Trd, 4318943.743, 107
Trd, 4318944.243, 114
Trd, 4318946.143, 109
Trd, 4318946.293, 102
Trd, 4318947.893, 114
Trd, 4318948.843, 121
Trd, 4318951.793, 114
Trd, 4318952.143, 108
Trd, 4318954.393, 108
Trd, 4318955.193, 108
Trd, 4318955.743, 99
Trd, 4318956.393, 113
Trd, 4318956.593, 113
Trd, 4318960.293, 107
Trd, 4318962.993, 113
Trd, 4318964.293, 104
Trd, 4318964.543, 103
Trd, 4318967.693, 108
Trd, 4318967.893, 103
Trd, 4318970.243, 101
Trd, 4318973.443, 107
Trd, 4318974.893, 102
Trd, 4318977.993, 107
Trd, 4318980.143, 107
Trd, 4318980.543, 102
Trd, 4318980.843, 102
Trd, 4318982.793, 107
Trd, 4318985.393, 105
Trd, 4318986.993, 107
Trd, 4318987.793, 105
Trd, 4318988.343, 103
Trd, 4318988.493, 107
Trd, 4318990.193, 104
Trd, 4318991.743, 113
Trd, 4318993.893, 103
Trd, 4318994.693, 95
Trd, 4318996.443, 98
Trd, 4318996.493, 103
Trd, 4318999.943, 103
Trd, 4319000.693, 97
Trd, 4319002.243, 113
Trd, 4319004.443, 95
Trd, 4319006.943, 93
Trd, 4319008.043, 103
Trd, 4319008.993, 103
Trd, 4319011.543, 103
Trd, 4319013.293, 97
Trd, 4319017.993, 102
Trd, 4319018.293, 97
Trd, 4319019.193, 102
Trd, 4319021.393, 102
Trd, 4319022.343, 105
Trd, 4319022.943, 108
Trd, 4319023.693, 104
Trd, 4319023.893, 103
Trd, 4319027.643, 113
Trd, 4319028.243, 103
Trd, 4319028.943, 102
Trd, 4319031.643, 103
Trd, 4319033.143, 102
Trd, 4319035.543, 105
Trd, 4319036.943, 105
Trd, 4319037.743, 105
Trd, 4319040.443, 105
Trd, 4319040.943, 101
Trd, 4319041.143, 105
Trd, 4319042.693, 83
Trd, 4319044.093, 97
Trd, 4319044.543, 95
Trd, 4319046.193, 101
Trd, 4319047.993, 101
Trd, 4319050.793, 103
Trd, 4319051.493, 102
Trd, 4319052.943, 113
Trd, 4319053.543, 120
Trd, 4319054.943, 88
Trd, 4319056.843, 105
Trd, 4319057.493, 101
Trd, 4319058.443, 106
Trd, 4319060.593, 99
Trd, 4319062.993, 98
Trd, 4319063.443, 105
Trd, 4319064.193, 113
Trd, 4319064.393, 97
Trd, 4319068.193, 101
Trd, 4319068.493, 102
Trd, 4319073.043, 96
Trd, 4319073.693, 96
Trd, 4319073.893, 98
Trd, 4319074.593, 98
Trd, 4319076.443, 95
Trd, 4319079.443, 83
Trd, 4319081.593, 97
Trd, 4319082.443, 97
Trd, 4319086.193, 113
Trd, 4319086.743, 104
Trd, 4319087.443, 110
Trd, 4319087.943, 103
Trd, 4319088.293, 103
Trd, 4319089.693, 103
Trd, 4319089.993, 111
Trd, 4319091.743, 113
Trd, 4319096.193, 105
Trd, 4319096.243, 103
Trd, 4319098.643, 106
Trd, 4319100.293, 111
Trd, 4319100.393, 114
Trd, 4319100.993, 109
Trd, 4319101.243, 93
Trd, 4319102.893, 104
Trd, 4319104.793, 88
Trd, 4319104.943, 105
Trd, 4319106.843, 106
Trd, 4319107.843, 95
Trd, 4319109.493, 113
Trd, 4319110.443, 95
Trd, 4319113.293, 105
Trd, 4319114.293, 106
Trd, 4319116.743, 106
Trd, 4319119.243, 105
Trd, 4319119.493, 104
Trd, 4319121.743, 103
Trd, 4319122.893, 105
Trd, 4319123.193, 105
Trd, 4319125.043, 105
Trd, 4319128.993, 102
Trd, 4319130.143, 104
Trd, 4319131.243, 105
Trd, 4319132.193, 103
Trd, 4319132.543, 103
Trd, 4319132.843, 85
Trd, 4319133.243, 105
Trd, 4319134.593, 100
Trd, 4319135.443, 99
Trd, 4319136.693, 103
Trd, 4319139.343, 103
Trd, 4319141.843, 102
Trd, 4319143.393, 103
Trd, 4319144.243, 102
Trd, 4319145.293, 103
Trd, 4319147.993, 113
Trd, 4319151.293, 102
Trd, 4319151.743, 101
Trd, 4319155.243, 105
Trd, 4319156.043, 102
Trd, 4319157.243, 105
Trd, 4319158.693, 105
Trd, 4319159.643, 109
Trd, 4319159.843, 103
Trd, 4319160.993, 106
Trd, 4319163.543, 114
Trd, 4319166.693, 107
Trd, 4319166.743, 103
Trd, 4319169.193, 103
Trd, 4319170.443, 107
Trd, 4319171.893, 114
Trd, 4319172.693, 110
Trd, 4319174.793, 109
Trd, 4319175.293, 110
Trd, 4319175.843, 103
Trd, 4319176.743, 110
Trd, 4319178.493, 129
Trd, 4319181.443, 110
Trd, 4319182.993, 105
Trd, 4319185.343, 107
Trd, 4319187.643, 105
Trd, 4319187.743, 109
Trd, 4319190.893, 104
Trd, 4319192.293, 103
Trd, 4319192.443, 109
Trd, 4319192.993, 94
Trd, 4319193.093, 106
Trd, 4319195.243, 103
Trd, 4319196.743, 113
Trd, 4319197.743, 104
Trd, 4319197.993, 98
Trd, 4319201.593, 99
Trd, 4319203.243, 104
Trd, 4319205.393, 104
Trd, 4319207.693, 110
Trd, 4319207.943, 113
Trd, 4319209.193, 105
Trd, 4319210.143, 106
Trd, 4319211.443, 107
Trd, 4319212.393, 110
Trd, 4319213.743, 103
Trd, 4319218.343, 105
Trd, 4319220.193, 105
Trd, 4319224.793, 113
Trd, 4319225.643, 103
Trd, 4319226.393, 122
Trd, 4319226.943, 127
Trd, 4319227.243, 110
Trd, 4319229.343, 103
Trd, 4319231.143, 101
Trd, 4319231.593, 109
Trd, 4319234.243, 103
Trd, 4319235.843, 103
Trd, 4319237.043, 105
Trd, 4319239.943, 105
Trd, 4319240.493, 102
Trd, 4319240.593, 126
Trd, 4319241.043, 102
Trd, 4319241.643, 128
Trd, 4319243.043, 109
Trd, 4319245.443, 109
Trd, 4319247.893, 109
Trd, 4319249.193, 109
Trd, 4319250.093, 107
Trd, 4319251.793, 109
Trd, 4319252.043, 107
Trd, 4319252.143, 88
Trd, 4319255.493, 109
Trd, 4319256.643, 103
Trd, 4319257.093, 104
Trd, 4319261.393, 105
Trd, 4319262.643, 111
Trd, 4319263.643, 107
Trd, 4319264.143, 103
Trd, 4319264.543, 105
Trd, 4319266.243, 113
Trd, 4319268.143, 118
Trd, 4319270.143, 114
Trd, 4319271.393, 111
Trd, 4319271.643, 100
Trd, 4319273.243, 110
Trd, 4319274.093, 99
Trd, 4319275.793, 113
Trd, 4319276.393, 106
Trd, 4319276.893, 104
Trd, 4319277.493, 110
Trd, 4319280.043, 110
Trd, 4319282.693, 110
Trd, 4319283.293, 105
Trd, 4319284.093, 113
Trd, 4319286.993, 103
Trd, 4319288.093, 101
Trd, 4319290.793, 109
Trd, 4319291.543, 100
Trd, 4319292.193, 108
Trd, 4319293.793, 105
Trd, 4319296.943, 106
Trd, 4319297.943, 99
Trd, 4319302.193, 105
Trd, 4319302.493, 105
Trd, 4319303.643, 113
Trd, 4319307.843, 104
Trd, 4319308.793, 100
Trd, 4319309.343, 100
Trd, 4319311.043, 104
Trd, 4319316.343, 102
Trd, 4319318.743, 102
Trd, 4319318.793, 113
Trd, 4319320.243, 99
Trd, 4319321.943, 114
Trd, 4319322.443, 110
Trd, 4319322.843, 106
Trd, 4319323.793, 107
Trd, 4319325.143, 104
Trd, 4319326.293, 116
Trd, 4319326.643, 103
Trd, 4319327.443, 104
Trd, 4319329.643, 105
Trd, 4319329.843, 115
Trd, 4319333.143, 108
Trd, 4319336.093, 105
Trd, 4319337.143, 123
Trd, 4319337.743, 112
Trd, 4319337.993, 111
Trd, 4319339.493, 110
Trd, 4319340.093, 113
Trd, 4319340.193, 114
Trd, 4319341.493, 108
Trd, 4319342.843, 112
Trd, 4319345.893, 103
Trd, 4319346.343, 108
Trd, 4319348.793, 108
Trd, 4319355.043, 108
Trd, 4319355.593, 105
Trd, 4319356.843, 105
Trd, 4319358.843, 107
Trd, 4319362.143, 107
Trd, 4319364.443, 106
Trd, 4319364.643, 106
Trd, 4319366.243, 104
Trd, 4319366.593, 104
Trd, 4319369.593, 104
Trd, 4319371.793, 103
Trd, 4319372.843, 113
Trd, 4319375.243, 107
Trd, 4319376.393, 102
Trd, 4319378.843, 107
Trd, 4319380.193, 114
Trd, 4319381.793, 100
Trd, 4319382.843, 108
Trd, 4319383.443, 108
Trd, 4319386.743, 99
Trd, 4319389.343, 106
Trd, 4319393.043, 103
Trd, 4319393.293, 114
Trd, 4319394.643, 100
Trd, 4319394.893, 105
Trd, 4319400.143, 102
Trd, 4319401.193, 105
Trd, 4319402.393, 105
Trd, 4319407.843, 105
Trd, 4319409.043, 106
Trd, 4319412.843, 105
Trd, 4319413.043, 106
Trd, 4319413.493, 106
Trd, 4319416.693, 103
Trd, 4319417.943, 106
Trd, 4319418.293, 103
Trd, 4319419.243, 113
Trd, 4319423.043, 103
Trd, 4319423.293, 108
Trd, 4319424.393, 102
Trd, 4319429.443, 107
Trd, 4319429.643, 107
Trd, 4319430.593, 102
Trd, 4319431.393, 102
Trd, 4319433.893, 103
Trd, 4319434.543, 107
Trd, 4319439.193, 102
Trd, 4319442.493, 104
Trd, 4319442.743, 101
Trd, 4319444.393, 104
Trd, 4319444.743, 100
Trd, 4319445.243, 99
Trd, 4319450.443, 104
Trd, 4319451.643, 114
Trd, 4319452.643, 100
Trd, 4319452.793, 104
Trd, 4319453.693, 105
Trd, 4319455.193, 105
Trd, 4319456.343, 127
Trd, 4319457.393, 100
Trd, 4319463.393, 106
Trd, 4319464.793, 106
Trd, 4319467.693, 108
Trd, 4319468.393, 101
Trd, 4319468.993, 106
Trd, 4319471.993, 100
Trd, 4319472.743, 106
Trd, 4319473.393, 106
Trd, 4319474.993, 101
Trd, 4319477.893, 106
Trd, 4319479.493, 101
Trd, 4319480.243, 106
Trd, 4319485.193, 106
Trd, 4319485.343, 101
Trd, 4319485.843, 106
Trd, 4319488.893, 105
Trd, 4319490.893, 106
Trd, 4319490.943, 105
Trd, 4319492.093, 107
Trd, 4319495.093, 107
Trd, 4319496.843, 107
Trd, 4319500.043, 105
Trd, 4319500.993, 103
Trd, 4319503.043, 107
Trd, 4319503.843, 102
Trd, 4319507.243, 106
Trd, 4319507.643, 101
Trd, 4319508.743, 112
Trd, 4319512.643, 101
Trd, 4319512.743, 101
Trd, 4319515.193, 105
Trd, 4319517.643, 105
Trd, 4319518.643, 105
Trd, 4319519.793, 101
Trd, 4319519.843, 105
Trd, 4319525.143, 105
Trd, 4319526.343, 101
Trd, 4319526.643, 105
Trd, 4319527.393, 101
Trd, 4319530.993, 105
Trd, 4319531.943, 100
Trd, 4319532.593, 105
Trd, 4319536.793, 105
Trd, 4319536.843, 106
Trd, 4319541.943, 104
Trd, 4319542.043, 100
Trd, 4319544.643, 100
Trd, 4319546.193, 104
Trd, 4319549.493, 104
Trd, 4319549.543, 113
Trd, 4319549.693, 100
Trd, 4319549.843, 98
Trd, 4319555.343, 101
Trd, 4319555.743, 113
Trd, 4319556.843, 107
Trd, 4319559.093, 101
Trd, 4319560.343, 101
Trd, 4319560.543, 107
Trd, 4319562.043, 104
Trd, 4319563.293, 105
Trd, 4319564.243, 100
Trd, 4319567.043, 105
Trd, 4319568.943, 99
Trd, 4319570.393, 105
Trd, 4319570.493, 105
Trd, 4319572.493, 131
Trd, 4319572.943, 113
Trd, 4319573.343, 110
Trd, 4319576.243, 110
Trd, 4319578.343, 109
Trd, 4319579.243, 118
Trd, 4319580.043, 108
Trd, 4319582.493, 111
Trd, 4319583.793, 111
Trd, 4319587.443, 107
Trd, 4319587.693, 92
Trd, 4319590.693, 101
Trd, 4319592.043, 102
Trd, 4319592.843, 123
Trd, 4319593.093, 122
Trd, 4319594.193, 114
Trd, 4319595.093, 109
Trd, 4319598.593, 110
Trd, 4319600.993, 113
Trd, 4319603.643, 107
Trd, 4319605.493, 110
Trd, 4319605.743, 107
Trd, 4319606.293, 110
Trd, 4319608.693, 103
Trd, 4319610.493, 105
Trd, 4319611.193, 104
Trd, 4319612.293, 113
Trd, 4319613.793, 101
Trd, 4319614.693, 99
Trd, 4319618.093, 106
Trd, 4319618.543, 99
Trd, 4319621.543, 106
Trd, 4319623.493, 108
Trd, 4319623.843, 113
Trd, 4319624.943, 108
Trd, 4319624.993, 106
Trd, 4319627.343, 104
Trd, 4319627.543, 108
Trd, 4319631.443, 103
Trd, 4319633.043, 105
Trd, 4319634.043, 105
Trd, 4319634.643, 105
Trd, 4319635.343, 104
Trd, 4319636.543, 105
Trd, 4319638.343, 104
Trd, 4319639.193, 103
Trd, 4319639.693, 113
Trd, 4319641.943, 110
Trd, 4319644.443, 107
Trd, 4319645.843, 105
Trd, 4319646.093, 113
Trd, 4319648.643, 104
Trd, 4319649.043, 108
Trd, 4319650.893, 106
Trd, 4319651.993, 107
Trd, 4319655.143, 113
Trd, 4319656.093, 108
Trd, 4319658.843, 105
Trd, 4319660.693, 104
Trd, 4319664.143, 108
Trd, 4319665.543, 113
Trd, 4319666.543, 110
Trd, 4319667.593, 106
Trd, 4319671.143, 102
Trd, 4319671.993, 108
Trd, 4319672.393, 101
Trd, 4319673.393, 108
Trd, 4319675.793, 100
Trd, 4319681.193, 107
Trd, 4319682.443, 113
Trd, 4319683.043, 110
Trd, 4319686.193, 108
Trd, 4319690.343, 106
Trd, 4319692.843, 101
Trd, 4319694.893, 106
Trd, 4319694.993, 101
Trd, 4319696.943, 105
Trd, 4319698.693, 105
Trd, 4319704.043, 105
Trd, 4319704.343, 103
Trd, 4319705.093, 105
Trd, 4319705.693, 103
Trd, 4319706.093, 113
Trd, 4319709.593, 100
Trd, 4319711.343, 92
Trd, 4319712.593, 85
Trd, 4319714.243, 111
Trd, 4319714.793, 97
Trd, 4319717.593, 99
Trd, 4319717.843, 123
Trd, 4319719.593, 107
Trd, 4319721.693, 121
Trd, 4319721.793, 108
Trd, 4319722.293, 106
Trd, 4319723.093, 102
Trd, 4319725.393, 115
Trd, 4319726.343, 115
Trd, 4319726.693, 104
Trd, 4319729.293, 102
Trd, 4319729.793, 107
Trd, 4319733.393, 107
Trd, 4319734.443, 107
Trd, 4319736.393, 108
Trd, 4319738.693, 107
Trd, 4319739.743, 106
Trd, 4319740.493, 108
Trd, 4319741.393, 113
Trd, 4319741.843, 105
Trd, 4319743.743, 104
Trd, 4319746.793, 108
Trd, 4319747.143, 108
Trd, 4319749.093, 102
Trd, 4319749.443, 107
Trd, 4319752.593, 107
Trd, 4319753.843, 102
Trd, 4319754.093, 107
Trd, 4319759.793, 107
Trd, 4319761.043, 107
Trd, 4319761.493, 102
Trd, 4319762.293, 109
Trd, 4319762.943, 101
Trd, 4319764.743, 102
Trd, 4319765.743, 84
Trd, 4319767.443, 104
Trd, 4319769.393, 102
Trd, 4319769.793, 95
Trd, 4319772.693, 100
Trd, 4319774.993, 99
Trd, 4319777.893, 101
Trd, 4319779.543, 103
Trd, 4319779.693, 102
Trd, 4319779.993, 111
Trd, 4319781.793, 105
Trd, 4319782.843, 104
Trd, 4319783.343, 124
Trd, 4319784.243, 100
Trd, 4319785.843, 101
Trd, 4319789.493, 100
Trd, 4319790.043, 101
Trd, 4319792.093, 99
Trd, 4319792.493, 123
Trd, 4319793.443, 97
Trd, 4319793.893, 124
Trd, 4319795.993, 107
Trd, 4319796.443, 95
Trd, 4319798.093, 108
Trd, 4319799.443, 105
Trd, 4319801.643, 103
Trd, 4319802.943, 103
Trd, 4319804.893, 98
Trd, 4319806.743, 113
Trd, 4319808.093, 111
Trd, 4319809.643, 111
Trd, 4319810.043, 109
Trd, 4319810.693, 109
Trd, 4319811.293, 119
Trd, 4319812.543, 107
Trd, 4319817.043, 110
Trd, 4319818.243, 108
Trd, 4319819.243, 108
Trd, 4319820.093, 113
Trd, 4319820.743, 107
Trd, 4319822.193, 108
Trd, 4319825.093, 107
Trd, 4319825.693, 107
Trd, 4319825.943, 102
Trd, 4319826.793, 105
Trd, 4319827.743, 105
Trd, 4319828.693, 87
Trd, 4319829.993, 114
Trd, 4319833.693, 97
Trd, 4319835.893, 114
Trd, 4319838.193, 101
Trd, 4319845.693, 99
Trd, 4319846.893, 99
Trd, 4319848.093, 96
Trd, 4319848.593, 95
Trd, 4319848.643, 98
Trd, 4319855.143, 99
Trd, 4319855.293, 99
Trd, 4319856.543, 96
Trd, 4319857.793, 99
Trd, 4319860.643, 97
Trd, 4319862.393, 113
Trd, 4319864.893, 96
Trd, 4319865.393, 101
Trd, 4319865.543, 102
Trd, 4319867.443, 115
Trd, 4319868.893, 103
Trd, 4319868.943, 103
Trd, 4319869.643, 104
Trd, 4319872.743, 109
Trd, 4319873.043, 113
Trd, 4319874.843, 108
Trd, 4319876.443, 114
Trd, 4319877.893, 112
Trd, 4319878.043, 112
Trd, 4319879.593, 117
Trd, 4319880.343, 103
Trd, 4319881.593, 118
Trd, 4319884.593, 112
Trd, 4319885.293, 108
Trd, 4319885.993, 106
Trd, 4319886.393, 88
Trd, 4319887.793, 110
Trd, 4319891.393, 102
Trd, 4319892.993, 109
Trd, 4319894.393, 109
Trd, 4319894.793, 113
Trd, 4319897.593, 101
Trd, 4319900.543, 109
Trd, 4319900.843, 102
Trd, 4319902.893, 108
Trd, 4319903.793, 101
Trd, 4319904.793, 108
Trd, 4319905.243, 108
Trd, 4319907.993, 104
Trd, 4319908.443, 108
Trd, 4319910.093, 108
Trd, 4319910.293, 103
Trd, 4319914.493, 107
Trd, 4319915.193, 107
Trd, 4319918.593, 102
Trd, 4319918.793, 113
Trd, 4319920.543, 109
Trd, 4319922.443, 109
Trd, 4319923.293, 104
Trd, 4319925.893, 103
Trd, 4319926.993, 109
Trd, 4319929.243, 111
Trd, 4319932.293, 101
Trd, 4319932.343, 108
Trd, 4319934.193, 105
Trd, 4319938.343, 104
Trd, 4319939.393, 104
Trd, 4319940.143, 101
Trd, 4319941.143, 101
Trd, 4319941.293, 104
Trd, 4319945.143, 112
Trd, 4319945.593, 105
Trd, 4319945.693, 101
Trd, 4319948.143, 107
Trd, 4319949.443, 113
Trd, 4319952.143, 105
Trd, 4319952.843, 107
Trd, 4319953.643, 118
Trd, 4319957.293, 103
Trd, 4319957.393, 103
Trd, 4319958.943, 108
Trd, 4319961.893, 104
Trd, 4319964.093, 105
Trd, 4319966.443, 108
Trd, 4319967.193, 91
Trd, 4319969.793, 99
Trd, 4319970.293, 104
Trd, 4319971.493, 106
Trd, 4319972.393, 101
Trd, 4319972.943, 113
Trd, 4319976.793, 104
Trd, 4319977.343, 105
Trd, 4319978.193, 105
Trd, 4319978.943, 103
Trd, 4319980.143, 102
Trd, 4319982.593, 114
Trd, 4319983.793, 102
Trd, 4319983.993, 104
Trd, 4319984.043, 101
Trd, 4319987.593, 101
Trd, 4319989.093, 104
Trd, 4319989.843, 100
Trd, 4319990.293, 104
Trd, 4319992.593, 104
Trd, 4319994.793, 99
Trd, 4319995.143, 88
Trd, 4319996.793, 104
Trd, 4319998.493, 104
Trd, 4319999.843, 104
