Trd, 4317909.693, 97
Trd, 4317910.743, 93
Trd, 4317913.043, 95
Trd, 4317915.943, 95
Trd, 4317916.893, 93
Trd, 4317918.293, 96
Trd, 4317920.493, 95
Trd, 4317920.743, 103
Trd, 4317922.093, 98
Trd, 4317922.493, 92
Trd, 4317926.193, 94
Trd, 4317926.693, 93
Trd, 4317928.793, 95
Trd, 4317929.493, 94
Trd, 4317930.343, 91
Trd, 4317933.143, 95
Trd, 4317933.593, 95
Trd, 4317934.993, 94
Trd, 4317936.493, 95
Trd, 4317936.843, 95
Trd, 4317938.343, 95
Trd, 4317939.393, 93
Trd, 4317939.693, 114
Trd, 4317942.743, 97
Trd, 4317943.893, 95
Trd, 4317944.093, 99
Trd, 4317944.593, 115
Trd, 4317945.793, 94
Trd, 4317946.543, 107
Trd, 4317947.793, 75
Trd, 4317949.093, 99
Trd, 4317950.393, 100
Trd, 4317952.343, 90
Trd, 4317952.993, 114
Trd, 4317953.543, 108
Trd, 4317954.043, 90
Trd, 4317957.693, 98
Trd, 4317957.793, 98
Trd, 4317958.143, 95
Trd, 4317960.543, 100
Trd, 4317960.993, 95
Trd, 4317961.343, 96
Trd, 4317961.693, 96
Trd, 4317963.293, 95
Trd, 4317963.743, 94
Trd, 4317963.943, 96
Trd, 4317965.893, 96
Trd, 4317968.993, 92
Trd, 4317970.643, 92
Trd, 4317970.893, 93
Trd, 4317971.843, 94
Trd, 4317972.943, 93
Trd, 4317974.493, 96
Trd, 4317975.043, 97
Trd, 4317978.593, 91
Trd, 4317979.393, 90
Trd, 4317979.943, 94
Trd, 4317980.143, 114
Trd, 4317980.393, 109
Trd, 4317980.843, 116
Trd, 4317982.093, 101
Trd, 4317983.893, 98
Trd, 4317984.593, 94
Trd, 4317985.143, 98
Trd, 4317985.643, 93
Trd, 4317985.793, 108
Trd, 4317987.643, 98
Trd, 4317987.743, 92
Trd, 4317988.043, 82
Trd, 4317989.443, 117
Trd, 4317991.143, 93
Trd, 4317991.543, 83
Trd, 4317992.743, 95
Trd, 4317993.243, 98
Trd, 4317993.543, 110
Trd, 4317996.043, 99
Trd, 4317997.993, 92
Trd, 4317999.943, 95
Trd, 4318001.443, 86
Trd, 4318001.893, 97
Trd, 4318004.343, 104
Trd, 4318004.943, 118
Trd, 4318004.993, 106
Trd, 4318005.093, 100
Trd, 4318006.993, 98
Trd, 4318007.343, 101
Trd, 4318007.743, 100
Trd, 4318007.993, 104
Trd, 4318009.543, 118
Trd, 4318009.693, 123
Trd, 4318011.443, 94
Trd, 4318014.143, 100
Trd, 4318014.493, 113
Trd, 4318014.993, 82
Trd, 4318016.043, 106
Trd, 4318017.993, 103
Trd, 4318019.493, 95
Trd, 4318021.043, 96
Trd, 4318022.993, 98
Trd, 4318023.793, 114
Trd, 4318025.243, 97
Trd, 4318025.393, 100
Trd, 4318025.643, 116
Trd, 4318026.543, 99
Trd, 4318030.343, 99
Trd, 4318030.843, 94
Trd, 4318031.243, 100
Trd, 4318032.393, 98
Trd, 4318033.343, 102
Trd, 4318035.193, 98
Trd, 4318035.593, 100
Trd, 4318037.193, 94
Trd, 4318037.943, 106
Trd, 4318040.143, 113
Trd, 4318042.643, 102
Trd, 4318043.043, 92
Trd, 4318044.193, 107
Trd, 4318044.393, 100
Trd, 4318046.293, 99
Trd, 4318046.843, 90
Trd, 4318047.343, 102
Trd, 4318047.943, 102
Trd, 4318050.643, 81
Trd, 4318051.793, 95
Trd, 4318051.993, 108
Trd, 4318052.793, 94
Trd, 4318055.193, 96
Trd, 4318055.643, 93
Trd, 4318057.593, 95
Trd, 4318059.343, 93
Trd, 4318059.743, 94
Trd, 4318060.743, 107
Trd, 4318061.293, 96
Trd, 4318064.643, 96
Trd, 4318065.243, 92
Trd, 4318065.343, 96
Trd, 4318065.443, 91
Trd, 4318066.543, 101
Trd, 4318067.943, 93
Trd, 4318070.793, 97
Trd, 4318076.393, 96
Trd, 4318077.943, 93
Trd, 4318077.993, 95
Trd, 4318078.693, 95
Trd, 4318078.743, 95
Trd, 4318079.393, 76
Trd, 4318081.543, 91
Trd, 4318082.993, 93
Trd, 4318083.993, 93
Trd, 4318084.193, 96
Trd, 4318085.293, 94
Trd, 4318085.443, 115
Trd, 4318086.843, 93
Trd, 4318089.143, 84
Trd, 4318089.393, 101
Trd, 4318091.143, 92
Trd, 4318092.193, 86
Trd, 4318093.043, 88
Trd, 4318096.893, 89
Trd, 4318097.593, 89
Trd, 4318097.843, 90
Trd, 4318098.193, 95
Trd, 4318098.843, 91
Trd, 4318100.593, 89
Trd, 4318101.993, 93
Trd, 4318103.693, 83
Trd, 4318105.143, 87
Trd, 4318107.343, 93
Trd, 4318108.543, 102
Trd, 4318108.893, 93
Trd, 4318111.843, 90
Trd, 4318112.343, 108
Trd, 4318112.543, 109
Trd, 4318115.393, 88
Trd, 4318115.643, 83
Trd, 4318116.043, 96
Trd, 4318117.143, 92
Trd, 4318119.993, 98
Trd, 4318122.043, 97
Trd, 4318123.043, 93
Trd, 4318123.343, 105
Trd, 4318124.493, 89
Trd, 4318126.093, 107
Trd, 4318126.693, 96
Trd, 4318127.393, 102
Trd, 4318129.143, 96
Trd, 4318130.943, 96
Trd, 4318131.443, 85
Trd, 4318133.193, 96
Trd, 4318134.443, 97
Trd, 4318135.593, 93
Trd, 4318136.593, 96
Trd, 4318138.293, 109
Trd, 4318139.243, 104
Trd, 4318139.493, 103
Trd, 4318141.793, 100
Trd, 4318141.893, 100
Trd, 4318142.243, 104
Trd, 4318142.593, 92
Trd, 4318144.893, 101
Trd, 4318144.943, 98
Trd, 4318146.943, 99
Trd, 4318148.743, 93
Trd, 4318149.093, 98
Trd, 4318151.743, 95
Trd, 4318153.143, 84
Trd, 4318153.993, 95
Trd, 4318155.443, 95
Trd, 4318156.393, 95
Trd, 4318156.493, 92
Trd, 4318157.793, 110
Trd, 4318158.943, 93
Trd, 4318159.893, 105
Trd, 4318161.843, 93
Trd, 4318162.843, 95
Trd, 4318163.593, 110
Trd, 4318164.193, 99
Trd, 4318164.243, 92
Trd, 4318166.793, 98
Trd, 4318168.393, 97
Trd, 4318168.893, 98
Trd, 4318171.293, 97
Trd, 4318172.643, 94
Trd, 4318173.443, 98
Trd, 4318174.693, 97
Trd, 4318175.293, 86
Trd, 4318175.693, 84
Trd, 4318177.543, 90
Trd, 4318179.243, 91
Trd, 4318180.593, 90
Trd, 4318182.493, 96
Trd, 4318183.393, 102
Trd, 4318183.843, 96
Trd, 4318184.393, 85
Trd, 4318185.443, 92
Trd, 4318186.543, 110
Trd, 4318188.543, 89
Trd, 4318189.343, 104
Trd, 4318190.293, 98
Trd, 4318190.493, 96
Trd, 4318191.693, 96
Trd, 4318192.843, 83
Trd, 4318194.193, 92
Trd, 4318194.593, 94
Trd, 4318196.543, 97
Trd, 4318197.393, 99
Trd, 4318198.693, 94
Trd, 4318202.443, 96
Trd, 4318202.543, 97
Trd, 4318202.993, 95
Trd, 4318203.043, 93
Trd, 4318206.843, 94
Trd, 4318207.293, 98
Trd, 4318207.593, 97
Trd, 4318208.943, 94
Trd, 4318209.143, 95
Trd, 4318214.093, 82
Trd, 4318215.343, 96
Trd, 4318215.743, 96
Trd, 4318216.793, 96
Trd, 4318217.193, 96
Trd, 4318217.243, 88
Trd, 4318218.493, 96
Trd, 4318220.293, 97
Trd, 4318222.343, 95
Trd, 4318223.043, 93
Trd, 4318223.293, 100
Trd, 4318225.293, 92
Trd, 4318227.543, 95
Trd, 4318228.093, 92
Trd, 4318228.693, 95
Trd, 4318228.843, 90
Trd, 4318231.643, 95
Trd, 4318233.293, 124
Trd, 4318233.993, 112
Trd, 4318235.243, 120
Trd, 4318235.293, 90
Trd, 4318235.593, 68
Trd, 4318237.143, 99
Trd, 4318237.693, 98
Trd, 4318240.143, 93
Trd, 4318240.843, 92
Trd, 4318242.043, 96
Trd, 4318242.193, 96
Trd, 4318243.043, 96
Trd, 4318245.643, 94
Trd, 4318246.343, 96
Trd, 4318246.893, 94
Trd, 4318249.943, 95
Trd, 4318250.693, 95
Trd, 4318250.793, 96
Trd, 4318251.293, 83
Trd, 4318252.543, 95
Trd, 4318256.893, 94
Trd, 4318257.243, 96
Trd, 4318259.543, 92
Trd, 4318261.393, 92
Trd, 4318262.193, 93
Trd, 4318263.093, 91
Trd, 4318265.293, 93
Trd, 4318266.193, 90
Trd, 4318266.643, 96
Trd, 4318268.243, 91
Trd, 4318269.743, 82
Trd, 4318269.893, 92
Trd, 4318271.743, 97
Trd, 4318271.843, 94
Trd, 4318274.893, 93
Trd, 4318275.493, 94
Trd, 4318276.793, 96
Trd, 4318277.493, 98
Trd, 4318277.943, 108
Trd, 4318278.693, 106
Trd, 4318279.093, 105
Trd, 4318280.493, 103
Trd, 4318281.993, 99
Trd, 4318282.343, 97
Trd, 4318283.343, 96
Trd, 4318283.443, 92
Trd, 4318284.093, 107
Trd, 4318285.893, 122
Trd, 4318287.243, 102
Trd, 4318287.493, 115
Trd, 4318289.643, 92
Trd, 4318289.943, 96
Trd, 4318290.443, 103
Trd, 4318292.143, 117
Trd, 4318293.993, 103
Trd, 4318295.593, 97
Trd, 4318295.943, 95
Trd, 4318296.243, 92
Trd, 4318297.993, 92
Trd, 4318298.693, 94
Trd, 4318299.593, 99
Trd, 4318300.693, 96
Trd, 4318302.693, 97
Trd, 4318303.293, 122
Trd, 4318304.993, 100
Trd, 4318305.843, 94
Trd, 4318306.293, 94
Trd, 4318306.593, 101
Trd, 4318307.993, 97
Trd, 4318311.743, 94
Trd, 4318311.893, 97
Trd, 4318312.793, 93
Trd, 4318315.143, 95
Trd, 4318315.343, 94
Trd, 4318316.843, 97
Trd, 4318317.043, 102
Trd, 4318317.643, 99
Trd, 4318317.943, 113
Trd, 4318319.393, 112
Trd, 4318319.593, 122
Trd, 4318319.893, 101
Trd, 4318323.043, 100
Trd, 4318324.793, 101
Trd, 4318326.443, 95
Trd, 4318326.593, 101
Trd, 4318328.543, 119
Trd, 4318328.993, 93
Trd, 4318330.493, 113
Trd, 4318330.693, 102
Trd, 4318331.843, 103
Trd, 4318333.193, 103
Trd, 4318335.693, 104
Trd, 4318337.243, 100
Trd, 4318337.343, 102
Trd, 4318338.243, 94
Trd, 4318338.743, 95
Trd, 4318340.843, 99
Trd, 4318341.493, 93
Trd, 4318343.893, 97
Trd, 4318344.093, 98
Trd, 4318344.993, 98
Trd, 4318345.793, 118
Trd, 4318347.743, 99
Trd, 4318350.293, 99
Trd, 4318350.543, 96
Trd, 4318352.343, 92
Trd, 4318353.593, 99
Trd, 4318353.643, 101
Trd, 4318354.643, 99
Trd, 4318356.893, 94
Trd, 4318357.893, 97
Trd, 4318359.243, 96
Trd, 4318359.943, 106
Trd, 4318361.093, 90
Trd, 4318362.443, 91
Trd, 4318362.743, 81
Trd, 4318363.493, 91
Trd, 4318363.843, 89
Trd, 4318366.143, 100
Trd, 4318368.543, 94
Trd, 4318369.993, 93
Trd, 4318370.143, 93
Trd, 4318370.643, 96
Trd, 4318371.793, 112
Trd, 4318372.543, 91
Trd, 4318373.293, 93
Trd, 4318373.393, 114
Trd, 4318374.343, 122
Trd, 4318376.393, 85
Trd, 4318377.993, 99
Trd, 4318379.593, 92
Trd, 4318379.943, 96
Trd, 4318380.293, 93
Trd, 4318382.843, 92
Trd, 4318382.943, 112
Trd, 4318383.593, 96
Trd, 4318384.943, 102
Trd, 4318386.293, 113
Trd, 4318388.093, 100
Trd, 4318388.843, 96
Trd, 4318389.043, 91
Trd, 4318390.793, 98
Trd, 4318392.093, 85
Trd, 4318392.343, 97
Trd, 4318393.993, 95
Trd, 4318394.693, 89
Trd, 4318394.943, 94
Trd, 4318396.993, 83
Trd, 4318397.243, 89
Trd, 4318398.193, 87
Trd, 4318398.243, 90
Trd, 4318401.193, 89
Trd, 4318402.893, 89
Trd, 4318403.093, 97
Trd, 4318403.293, 88
Trd, 4318403.493, 85
Trd, 4318406.893, 93
Trd, 4318408.593, 120
Trd, 4318410.393, 95
Trd, 4318411.643, 93
Trd, 4318413.193, 92
Trd, 4318413.593, 95
Trd, 4318417.193, 93
Trd, 4318417.343, 93
Trd, 4318418.543, 107
Trd, 4318418.643, 91
Trd, 4318420.593, 97
Trd, 4318421.243, 100
Trd, 4318423.093, 94
Trd, 4318423.843, 95
Trd, 4318426.093, 98
Trd, 4318427.193, 99
Trd, 4318427.893, 94
Trd, 4318428.843, 98
Trd, 4318431.443, 97
Trd, 4318432.043, 97
Trd, 4318432.093, 85
Trd, 4318433.143, 98
Trd, 4318436.243, 97
Trd, 4318437.693, 104
Trd, 4318437.893, 93
Trd, 4318440.593, 98
Trd, 4318441.143, 96
Trd, 4318441.693, 92
Trd, 4318442.343, 94
Trd, 4318445.043, 94
Trd, 4318445.293, 94
Trd, 4318446.943, 96
Trd, 4318448.443, 91
Trd, 4318450.393, 95
Trd, 4318450.443, 96
Trd, 4318451.743, 114
Trd, 4318452.843, 93
Trd, 4318454.993, 94
Trd, 4318455.243, 91
Trd, 4318455.443, 95
Trd, 4318457.943, 93
Trd, 4318460.343, 93
Trd, 4318460.593, 96
Trd, 4318460.793, 105
Trd, 4318463.943, 95
Trd, 4318465.393, 95
Trd, 4318465.643, 96
Trd, 4318465.693, 90
Trd, 4318466.593, 88
Trd, 4318468.893, 91
Trd, 4318470.293, 93
Trd, 4318471.843, 90
Trd, 4318473.393, 91
Trd, 4318473.843, 89
Trd, 4318474.493, 94
Trd, 4318474.743, 94
Trd, 4318476.693, 93
Trd, 4318476.793, 98
Trd, 4318479.393, 92
Trd, 4318480.193, 96
Trd, 4318480.693, 96
Trd, 4318484.393, 92
Trd, 4318484.693, 95
Trd, 4318486.093, 95
Trd, 4318486.643, 91
Trd, 4318489.393, 90
Trd, 4318491.643, 93
Trd, 4318491.843, 93
Trd, 4318493.693, 93
Trd, 4318493.993, 112
Trd, 4318494.093, 115
Trd, 4318494.743, 93
Trd, 4318497.293, 92
Trd, 4318498.043, 98
Trd, 4318499.143, 119
Trd, 4318500.193, 100
Trd, 4318500.843, 93
Trd, 4318501.193, 101
Trd, 4318506.543, 92
Trd, 4318506.643, 97
Trd, 4318506.943, 97
Trd, 4318507.393, 102
Trd, 4318508.343, 99
Trd, 4318508.893, 91
Trd, 4318510.393, 99
Trd, 4318512.143, 94
Trd, 4318512.693, 95
Trd, 4318512.793, 106
Trd, 4318513.493, 107
Trd, 4318515.843, 97
Trd, 4318516.193, 93
Trd, 4318518.643, 95
Trd, 4318519.793, 92
Trd, 4318521.193, 97
Trd, 4318522.043, 95
Trd, 4318522.943, 95
Trd, 4318523.843, 90
Trd, 4318524.743, 97
Trd, 4318526.193, 97
Trd, 4318527.393, 100
Trd, 4318531.193, 97
Trd, 4318531.643, 106
Trd, 4318533.143, 96
Trd, 4318535.443, 96
Trd, 4318537.243, 96
Trd, 4318537.843, 95
Trd, 4318539.493, 104
Trd, 4318541.393, 98
Trd, 4318543.143, 94
Trd, 4318543.593, 98
Trd, 4318544.093, 84
Trd, 4318544.493, 99
Trd, 4318546.393, 98
Trd, 4318548.993, 98
Trd, 4318549.443, 93
Trd, 4318549.993, 114
Trd, 4318551.393, 95
Trd, 4318552.693, 93
Trd, 4318553.993, 87
Trd, 4318554.293, 82
Trd, 4318556.193, 107
Trd, 4318556.293, 109
Trd, 4318557.843, 96
Trd, 4318558.793, 92
Trd, 4318559.043, 96
Trd, 4318559.093, 86
Trd, 4318559.793, 114
Trd, 4318562.593, 99
Trd, 4318562.993, 97
Trd, 4318563.243, 92
Trd, 4318563.593, 91
Trd, 4318564.443, 94
Trd, 4318567.993, 90
Trd, 4318568.193, 94
Trd, 4318568.243, 95
Trd, 4318568.543, 115
Trd, 4318569.843, 85
Trd, 4318571.043, 114
Trd, 4318573.043, 96
Trd, 4318573.943, 111
Trd, 4318574.643, 114
Trd, 4318577.193, 109
Trd, 4318577.493, 96
Trd, 4318578.043, 91
Trd, 4318580.793, 97
Trd, 4318582.293, 100
Trd, 4318582.643, 94
Trd, 4318583.343, 100
Trd, 4318584.143, 100
Trd, 4318584.893, 93
Trd, 4318585.693, 99
Trd, 4318590.393, 96
Trd, 4318590.843, 92
Trd, 4318592.343, 96
Trd, 4318594.093, 94
Trd, 4318594.393, 109
Trd, 4318595.343, 91
Trd, 4318595.993, 104
Trd, 4318596.143, 100
Trd, 4318597.443, 96
Trd, 4318597.643, 101
Trd, 4318599.093, 100
Trd, 4318599.643, 99
Trd, 4318601.293, 97
Trd, 4318603.693, 99
Trd, 4318603.793, 100
Trd, 4318604.293, 103
Trd, 4318604.793, 94
Trd, 4318607.543, 97
Trd, 4318609.843, 98
Trd, 4318610.943, 106
Trd, 4318611.143, 96
Trd, 4318611.343, 83
Trd, 4318612.843, 108
Trd, 4318614.443, 87
Trd, 4318614.743, 112
Trd, 4318614.843, 104
Trd, 4318618.293, 98
Trd, 4318618.943, 98
Trd, 4318620.643, 97
Trd, 4318621.693, 96
Trd, 4318622.443, 96
Trd, 4318625.193, 94
Trd, 4318625.343, 97
Trd, 4318625.893, 83
Trd, 4318626.093, 113
Trd, 4318628.893, 91
Trd, 4318631.943, 93
Trd, 4318633.193, 95
Trd, 4318634.293, 92
Trd, 4318634.443, 95
Trd, 4318634.493, 99
Trd, 4318636.043, 97
Trd, 4318636.443, 92
Trd, 4318638.243, 91
Trd, 4318640.393, 95
Trd, 4318640.643, 95
Trd, 4318642.193, 96
Trd, 4318643.943, 113
Trd, 4318644.693, 115
Trd, 4318644.993, 106
Trd, 4318645.393, 91
Trd, 4318646.993, 101
Trd, 4318647.843, 96
Trd, 4318650.643, 98
Trd, 4318652.443, 107
Trd, 4318653.343, 114
Trd, 4318653.543, 108
Trd, 4318654.443, 91
Trd, 4318656.693, 110
Trd, 4318658.743, 98
Trd, 4318659.343, 93
Trd, 4318659.993, 97
Trd, 4318660.593, 101
Trd, 4318662.843, 96
Trd, 4318663.643, 93
Trd, 4318664.193, 102
Trd, 4318664.593, 105
Trd, 4318666.043, 106
Trd, 4318667.043, 101
Trd, 4318667.943, 114
Trd, 4318668.593, 100
Trd, 4318669.393, 96
Trd, 4318670.193, 91
Trd, 4318670.243, 97
Trd, 4318675.793, 92
Trd, 4318675.893, 93
Trd, 4318676.393, 102
Trd, 4318676.793, 91
Trd, 4318678.743, 85
Trd, 4318678.843, 95
Trd, 4318679.893, 114
Trd, 4318681.043, 95
Trd, 4318681.643, 113
Trd, 4318681.843, 116
Trd, 4318682.943, 108
Trd, 4318685.093, 113
Trd, 4318685.243, 111
Trd, 4318686.443, 103
Trd, 4318689.843, 102
Trd, 4318689.943, 91
Trd, 4318691.393, 95
Trd, 4318692.543, 101
Trd, 4318693.743, 103
Trd, 4318695.393, 108
Trd, 4318695.543, 100
Trd, 4318697.693, 96
Trd, 4318698.393, 98
Trd, 4318698.943, 123
Trd, 4318700.143, 94
Trd, 4318702.643, 99
Trd, 4318703.343, 93
Trd, 4318703.593, 102
Trd, 4318703.893, 105
Trd, 4318706.843, 97
Trd, 4318708.093, 76
Trd, 4318708.893, 103
Trd, 4318711.043, 102
Trd, 4318712.593, 101
Trd, 4318713.993, 96
Trd, 4318714.693, 93
Trd, 4318717.243, 91
Trd, 4318718.043, 95
Trd, 4318718.743, 101
Trd, 4318720.993, 93
Trd, 4318721.593, 95
Trd, 4318721.943, 109
Trd, 4318724.943, 94
Trd, 4318725.343, 96
Trd, 4318725.693, 93
Trd, 4318727.143, 97
Trd, 4318727.693, 92
Trd, 4318728.493, 92
Trd, 4318729.693, 90
Trd, 4318730.343, 87
Trd, 4318733.343, 90
Trd, 4318733.743, 90
Trd, 4318735.193, 86
Trd, 4318736.043, 96
Trd, 4318736.693, 91
Trd, 4318739.243, 86
Trd, 4318739.443, 85
Trd, 4318741.943, 89
Trd, 4318743.393, 87
Trd, 4318744.843, 89
Trd, 4318747.443, 89
Trd, 4318748.443, 86
Trd, 4318748.693, 95
Trd, 4318750.443, 89
Trd, 4318752.443, 104
Trd, 4318753.843, 86
Trd, 4318754.843, 91
Trd, 4318756.993, 85
Trd, 4318757.943, 91
Trd, 4318759.943, 97
Trd, 4318762.443, 92
Trd, 4318762.693, 91
Trd, 4318764.893, 90
Trd, 4318766.343, 88
Trd, 4318769.743, 90
Trd, 4318770.393, 88
Trd, 4318770.993, 81
Trd, 4318771.193, 97
Trd, 4318771.693, 113
Trd, 4318773.493, 93
Trd, 4318773.743, 86
Trd, 4318776.593, 93
Trd, 4318776.743, 93
Trd, 4318778.593, 96
Trd, 4318779.243, 109
Trd, 4318779.943, 84
Trd, 4318783.443, 94
Trd, 4318783.843, 94
Trd, 4318784.293, 89
Trd, 4318785.043, 88
Trd, 4318787.293, 94
Trd, 4318787.693, 98
Trd, 4318788.193, 113
Trd, 4318789.993, 97
Trd, 4318790.893, 98
Trd, 4318792.943, 113
Trd, 4318793.443, 123
Trd, 4318793.543, 98
Trd, 4318794.693, 102
Trd, 4318795.493, 97
Trd, 4318796.643, 94
Trd, 4318796.943, 101
Trd, 4318797.393, 93
Trd, 4318798.043, 97
Trd, 4318799.393, 95
Trd, 4318801.943, 96
Trd, 4318802.043, 97
Trd, 4318802.843, 112
Trd, 4318803.293, 112
Trd, 4318803.793, 94
Trd, 4318804.993, 101
Trd, 4318806.843, 101
Trd, 4318807.693, 97
Trd, 4318809.793, 100
Trd, 4318810.593, 98
Trd, 4318811.193, 101
Trd, 4318811.293, 99
Trd, 4318811.643, 93
Trd, 4318813.993, 84
Trd, 4318818.293, 98
Trd, 4318819.093, 93
Trd, 4318819.693, 99
Trd, 4318819.743, 93
Trd, 4318823.143, 92
Trd, 4318824.843, 92
Trd, 4318824.943, 96
Trd, 4318825.543, 95
Trd, 4318826.243, 94
Trd, 4318827.643, 102
Trd, 4318828.343, 82
Trd, 4318829.743, 111
Trd, 4318832.243, 95
Trd, 4318832.793, 87
Trd, 4318833.793, 101
Trd, 4318834.643, 101
Trd, 4318834.793, 88
Trd, 4318836.193, 98
Trd, 4318836.443, 98
Trd, 4318837.243, 96
Trd, 4318840.393, 90
Trd, 4318842.293, 104
Trd, 4318842.343, 96
Trd, 4318842.643, 98
Trd, 4318844.543, 96
Trd, 4318844.743, 104
Trd, 4318847.993, 95
Trd, 4318848.843, 96
Trd, 4318850.893, 94
Trd, 4318851.593, 96
Trd, 4318852.243, 96
Trd, 4318852.743, 95
Trd, 4318854.793, 95
Trd, 4318856.693, 88
Trd, 4318857.643, 90
Trd, 4318857.893, 92
Trd, 4318858.793, 89
Trd, 4318859.943, 91
Trd, 4318860.143, 85
Trd, 4318863.993, 97
Trd, 4318864.943, 114
Trd, 4318865.643, 95
Trd, 4318866.193, 85
Trd, 4318867.443, 114
Trd, 4318869.543, 86
Trd, 4318871.743, 89
Trd, 4318873.343, 92
Trd, 4318876.343, 91
Trd, 4318876.993, 90
Trd, 4318877.543, 91
Trd, 4318877.893, 97
Trd, 4318880.243, 89
Trd, 4318882.943, 90
Trd, 4318884.993, 91
Trd, 4318885.793, 96
Trd, 4318886.643, 89
Trd, 4318886.793, 104
Trd, 4318889.493, 88
Trd, 4318889.593, 93
Trd, 4318891.443, 93
Trd, 4318893.043, 101
Trd, 4318893.193, 92
Trd, 4318893.743, 114
Trd, 4318893.893, 128
Trd, 4318894.943, 95
Trd, 4318895.893, 91
Trd, 4318896.143, 100
Trd, 4318896.993, 95
Trd, 4318897.893, 117
Trd, 4318900.543, 91
Trd, 4318902.593, 92
Trd, 4318903.393, 95
Trd, 4318903.993, 85
Trd, 4318906.593, 91
Trd, 4318906.843, 91
Trd, 4318910.943, 90
Trd, 4318911.443, 90
Trd, 4318911.643, 95
Trd, 4318912.243, 87
Trd, 4318912.643, 113
Trd, 4318915.293, 108
Trd, 4318916.543, 97
Trd, 4318918.693, 83
Trd, 4318919.943, 97
Trd, 4318920.293, 108
Trd, 4318920.843, 114
Trd, 4318921.443, 94
Trd, 4318922.693, 94
Trd, 4318922.993, 102
Trd, 4318924.043, 104
Trd, 4318926.343, 100
Trd, 4318927.443, 99
Trd, 4318929.193, 98
Trd, 4318930.693, 100
Trd, 4318930.893, 95
Trd, 4318932.143, 113
Trd, 4318932.643, 103
Trd, 4318933.243, 82
Trd, 4318937.243, 99
Trd, 4318937.493, 94
Trd, 4318938.293, 113
Trd, 4318938.393, 96
Trd, 4318939.843, 111
Trd, 4318941.593, 102
Trd, 4318943.343, 111
Trd, 4318944.243, 96
Trd, 4318946.293, 106
Trd, 4318947.143, 94
Trd, 4318948.493, 99
Trd, 4318949.593, 111
Trd, 4318949.743, 113
Trd, 4318950.093, 103
Trd, 4318952.143, 106
Trd, 4318952.643, 93
Trd, 4318952.743, 116
Trd, 4318955.293, 103
Trd, 4318956.243, 80
Trd, 4318957.193, 95
Trd, 4318958.393, 94
Trd, 4318958.543, 95
Trd, 4318959.543, 96
Trd, 4318962.093, 106
Trd, 4318962.593, 103
Trd, 4318963.443, 99
Trd, 4318963.943, 91
Trd, 4318964.993, 90
Trd, 4318967.693, 96
Trd, 4318967.743, 97
Trd, 4318968.793, 105
Trd, 4318968.943, 99
Trd, 4318970.543, 95
Trd, 4318974.543, 97
Trd, 4318974.693, 102
Trd, 4318975.093, 113
Trd, 4318975.593, 98
Trd, 4318980.043, 103
Trd, 4318980.243, 97
Trd, 4318980.743, 101
Trd, 4318980.993, 113
Trd, 4318981.993, 98
Trd, 4318982.943, 103
Trd, 4318983.893, 85
Trd, 4318986.593, 102
Trd, 4318987.643, 99
Trd, 4318989.793, 94
Trd, 4318991.443, 93
Trd, 4318992.243, 97
Trd, 4318993.343, 100
Trd, 4318993.793, 97
Trd, 4318994.343, 107
Trd, 4318998.143, 96
Trd, 4318998.993, 95
Trd, 4318999.793, 92
Trd, 4318999.843, 95
Trd, 4319000.943, 90
Trd, 4319001.843, 90
Trd, 4319002.143, 113
Trd, 4319003.643, 100
Trd, 4319005.293, 111
Trd, 4319006.443, 100
Trd, 4319008.643, 100
Trd, 4319008.993, 102
Trd, 4319011.043, 93
Trd, 4319014.643, 94
Trd, 4319014.743, 101
Trd, 4319015.243, 96
Trd, 4319015.343, 84
Trd, 4319019.943, 108
Trd, 4319020.843, 100
Trd, 4319022.593, 97
Trd, 4319023.593, 113
Trd, 4319025.093, 100
Trd, 4319027.743, 96
Trd, 4319028.043, 105
Trd, 4319029.243, 99
Trd, 4319029.693, 107
Trd, 4319031.493, 101
Trd, 4319033.343, 99
Trd, 4319035.243, 101
Trd, 4319036.693, 99
Trd, 4319037.143, 113
Trd, 4319038.043, 102
Trd, 4319039.643, 98
Trd, 4319040.093, 93
Trd, 4319040.793, 108
Trd, 4319042.493, 84
Trd, 4319042.643, 103
Trd, 4319044.343, 103
Trd, 4319048.093, 101
Trd, 4319048.193, 99
Trd, 4319048.693, 94
Trd, 4319050.443, 97
Trd, 4319052.793, 99
Trd, 4319053.093, 115
Trd, 4319054.943, 101
Trd, 4319056.243, 103
Trd, 4319056.793, 103
Trd, 4319058.143, 94
Trd, 4319059.193, 101
Trd, 4319060.443, 102
Trd, 4319060.793, 115
Trd, 4319063.343, 99
Trd, 4319064.093, 93
Trd, 4319064.543, 117
Trd, 4319064.993, 103
Trd, 4319069.143, 102
Trd, 4319069.293, 105
Trd, 4319070.243, 104
Trd, 4319070.443, 98
Trd, 4319071.093, 108
Trd, 4319072.593, 98
Trd, 4319073.443, 99
Trd, 4319074.693, 98
Trd, 4319077.243, 93
Trd, 4319078.043, 88
Trd, 4319079.343, 93
Trd, 4319079.743, 82
Trd, 4319081.393, 91
Trd, 4319084.043, 92
Trd, 4319084.343, 91
Trd, 4319085.743, 90
Trd, 4319086.593, 95
Trd, 4319087.143, 117
Trd, 4319087.543, 102
Trd, 4319089.643, 95
Trd, 4319090.143, 111
Trd, 4319090.543, 117
Trd, 4319093.343, 106
Trd, 4319093.693, 101
Trd, 4319093.793, 100
Trd, 4319093.893, 89
Trd, 4319098.093, 101
Trd, 4319099.343, 101
Trd, 4319100.393, 98
Trd, 4319101.843, 94
Trd, 4319101.893, 96
Trd, 4319102.643, 98
Trd, 4319102.743, 99
Trd, 4319105.393, 113
Trd, 4319106.043, 100
Trd, 4319106.443, 93
Trd, 4319107.743, 114
Trd, 4319108.143, 121
Trd, 4319109.543, 97
Trd, 4319110.693, 85
Trd, 4319111.543, 102
Trd, 4319112.243, 102
Trd, 4319114.093, 98
Trd, 4319114.593, 108
Trd, 4319117.143, 102
Trd, 4319117.543, 100
Trd, 4319117.643, 94
Trd, 4319119.743, 102
Trd, 4319121.193, 102
Trd, 4319122.043, 97
Trd, 4319122.443, 91
Trd, 4319125.493, 99
Trd, 4319125.543, 96
Trd, 4319127.293, 94
Trd, 4319128.193, 84
Trd, 4319129.143, 97
Trd, 4319129.243, 98
Trd, 4319129.943, 92
Trd, 4319132.093, 99
Trd, 4319132.793, 118
Trd, 4319135.343, 103
Trd, 4319135.543, 94
Trd, 4319136.193, 101
Trd, 4319139.693, 98
Trd, 4319140.393, 97
Trd, 4319140.493, 97
Trd, 4319140.793, 83
Trd, 4319143.293, 112
Trd, 4319144.443, 87
Trd, 4319145.593, 96
Trd, 4319146.693, 97
Trd, 4319147.443, 96
Trd, 4319148.293, 96
Trd, 4319148.643, 112
Trd, 4319152.593, 96
Trd, 4319153.093, 96
Trd, 4319153.443, 116
Trd, 4319154.343, 90
Trd, 4319156.043, 99
Trd, 4319156.543, 112
Trd, 4319156.743, 95
Trd, 4319157.993, 103
Trd, 4319158.793, 95
Trd, 4319160.043, 93
Trd, 4319160.893, 98
Trd, 4319161.443, 103
Trd, 4319163.493, 116
Trd, 4319165.193, 101
Trd, 4319165.243, 91
Trd, 4319166.793, 106
Trd, 4319166.893, 107
Trd, 4319168.943, 95
Trd, 4319169.093, 97
Trd, 4319171.793, 98
Trd, 4319172.693, 92
Trd, 4319173.793, 83
Trd, 4319174.043, 98
Trd, 4319174.893, 96
Trd, 4319175.043, 85
Trd, 4319176.543, 96
Trd, 4319178.143, 100
Trd, 4319178.193, 90
Trd, 4319178.993, 101
Trd, 4319179.843, 77
Trd, 4319182.243, 93
Trd, 4319182.943, 93
Trd, 4319185.843, 105
Trd, 4319185.943, 93
Trd, 4319187.643, 95
Trd, 4319187.793, 98
Trd, 4319189.343, 95
Trd, 4319190.293, 98
Trd, 4319191.743, 94
Trd, 4319193.643, 97
Trd, 4319195.943, 96
Trd, 4319195.993, 97
Trd, 4319197.843, 97
Trd, 4319198.343, 106
Trd, 4319198.393, 93
Trd, 4319199.443, 92
Trd, 4319200.793, 116
Trd, 4319202.243, 97
Trd, 4319203.693, 99
Trd, 4319205.243, 93
Trd, 4319205.693, 96
Trd, 4319207.443, 95
Trd, 4319208.943, 95
Trd, 4319209.093, 96
Trd, 4319210.493, 96
Trd, 4319211.593, 102
Trd, 4319212.493, 115
Trd, 4319212.543, 92
Trd, 4319213.643, 104
Trd, 4319214.693, 91
Trd, 4319215.093, 101
Trd, 4319216.293, 116
Trd, 4319216.493, 100
Trd, 4319218.043, 91
Trd, 4319218.343, 114
Trd, 4319220.143, 120
Trd, 4319222.043, 100
Trd, 4319222.593, 109
Trd, 4319223.143, 103
Trd, 4319223.993, 126
Trd, 4319228.093, 89
Trd, 4319229.143, 99
Trd, 4319229.443, 85
Trd, 4319230.093, 102
Trd, 4319232.193, 92
Trd, 4319232.443, 95
Trd, 4319234.793, 96
Trd, 4319235.993, 95
Trd, 4319236.043, 94
Trd, 4319237.393, 94
Trd, 4319238.143, 113
Trd, 4319239.493, 96
Trd, 4319240.243, 95
Trd, 4319240.793, 114
Trd, 4319241.393, 93
Trd, 4319242.393, 104
Trd, 4319243.793, 99
Trd, 4319244.093, 122
Trd, 4319245.693, 107
Trd, 4319247.593, 119
Trd, 4319247.943, 102
Trd, 4319250.593, 95
Trd, 4319252.543, 95
Trd, 4319253.143, 94
Trd, 4319253.693, 97
Trd, 4319254.893, 99
Trd, 4319255.743, 105
Trd, 4319257.243, 99
Trd, 4319257.693, 104
Trd, 4319257.943, 113
Trd, 4319260.243, 105
Trd, 4319260.493, 84
Trd, 4319261.993, 102
Trd, 4319263.093, 90
Trd, 4319263.943, 106
Trd, 4319264.393, 111
Trd, 4319265.293, 122
Trd, 4319265.493, 123
Trd, 4319265.593, 102
Trd, 4319267.743, 84
Trd, 4319268.343, 87
Trd, 4319268.993, 98
Trd, 4319272.093, 105
Trd, 4319272.693, 97
Trd, 4319274.343, 96
Trd, 4319274.643, 101
Trd, 4319275.343, 102
Trd, 4319275.543, 113
Trd, 4319277.243, 105
Trd, 4319277.943, 96
Trd, 4319278.493, 123
Trd, 4319279.443, 83
Trd, 4319280.293, 105
Trd, 4319280.643, 97
Trd, 4319282.593, 95
Trd, 4319283.193, 98
Trd, 4319286.593, 98
Trd, 4319287.743, 100
Trd, 4319288.643, 95
Trd, 4319289.143, 96
Trd, 4319289.993, 105
Trd, 4319292.143, 94
Trd, 4319292.343, 96
Trd, 4319292.743, 98
Trd, 4319296.543, 98
Trd, 4319297.243, 97
Trd, 4319298.043, 113
Trd, 4319298.493, 94
Trd, 4319300.543, 94
Trd, 4319300.693, 99
Trd, 4319300.843, 96
Trd, 4319301.993, 85
Trd, 4319302.543, 96
Trd, 4319304.543, 94
Trd, 4319306.243, 93
Trd, 4319306.843, 95
Trd, 4319307.093, 95
Trd, 4319308.293, 93
Trd, 4319309.393, 105
Trd, 4319311.493, 96
Trd, 4319311.643, 103
Trd, 4319311.743, 91
Trd, 4319316.243, 98
Trd, 4319317.043, 93
Trd, 4319317.343, 103
Trd, 4319318.093, 99
Trd, 4319318.943, 98
Trd, 4319320.343, 98
Trd, 4319321.343, 97
Trd, 4319321.593, 91
Trd, 4319322.543, 98
Trd, 4319324.543, 113
Trd, 4319325.793, 117
Trd, 4319327.143, 103
Trd, 4319330.343, 101
Trd, 4319331.193, 91
Trd, 4319331.493, 96
Trd, 4319331.943, 84
Trd, 4319332.243, 94
Trd, 4319333.143, 102
Trd, 4319335.443, 97
Trd, 4319335.943, 109
Trd, 4319336.493, 116
Trd, 4319337.593, 100
Trd, 4319338.043, 98
Trd, 4319339.743, 95
Trd, 4319340.843, 91
Trd, 4319342.743, 96
Trd, 4319342.843, 99
Trd, 4319344.293, 99
Trd, 4319345.193, 95
Trd, 4319346.243, 98
Trd, 4319347.243, 95
Trd, 4319349.093, 97
Trd, 4319349.393, 82
Trd, 4319353.343, 92
Trd, 4319353.893, 98
Trd, 4319354.843, 91
Trd, 4319354.993, 104
Trd, 4319355.693, 109
Trd, 4319357.593, 96
Trd, 4319357.993, 115
Trd, 4319359.293, 98
Trd, 4319361.993, 95
Trd, 4319362.543, 104
Trd, 4319363.443, 96
Trd, 4319365.943, 95
Trd, 4319366.243, 102
Trd, 4319367.043, 98
Trd, 4319368.343, 96
Trd, 4319369.893, 94
Trd, 4319370.393, 98
Trd, 4319370.743, 113
Trd, 4319370.943, 93
Trd, 4319373.643, 101
Trd, 4319374.343, 110
Trd, 4319375.393, 99
Trd, 4319375.893, 93
Trd, 4319376.093, 102
Trd, 4319378.243, 99
Trd, 4319378.493, 99
Trd, 4319378.743, 111
Trd, 4319381.193, 100
Trd, 4319382.143, 100
Trd, 4319382.793, 101
Trd, 4319385.293, 96
Trd, 4319385.643, 85
Trd, 4319385.743, 113
Trd, 4319387.543, 96
Trd, 4319388.343, 102
Trd, 4319390.943, 95
Trd, 4319391.493, 94
Trd, 4319392.043, 95
Trd, 4319393.293, 95
Trd, 4319394.293, 95
Trd, 4319395.243, 94
Trd, 4319395.293, 95
Trd, 4319395.943, 106
Trd, 4319397.793, 91
Trd, 4319399.543, 96
Trd, 4319402.193, 93
Trd, 4319402.693, 90
Trd, 4319405.443, 89
Trd, 4319405.493, 93
Trd, 4319406.593, 93
Trd, 4319408.393, 96
Trd, 4319409.143, 111
Trd, 4319410.393, 109
Trd, 4319411.793, 97
Trd, 4319412.893, 98
Trd, 4319413.643, 103
Trd, 4319414.193, 95
Trd, 4319415.643, 105
Trd, 4319416.693, 101
Trd, 4319417.393, 93
Trd, 4319419.343, 97
Trd, 4319420.493, 99
Trd, 4319422.793, 110
Trd, 4319424.643, 101
Trd, 4319425.593, 100
Trd, 4319426.243, 100
Trd, 4319427.293, 95
Trd, 4319429.243, 94
Trd, 4319430.593, 84
Trd, 4319430.793, 86
Trd, 4319432.793, 90
Trd, 4319433.243, 90
Trd, 4319435.143, 86
Trd, 4319435.843, 88
Trd, 4319437.043, 101
Trd, 4319438.293, 100
Trd, 4319438.843, 114
Trd, 4319439.593, 88
Trd, 4319441.343, 88
Trd, 4319445.293, 92
Trd, 4319445.593, 92
Trd, 4319446.593, 90
Trd, 4319447.493, 93
Trd, 4319447.743, 88
Trd, 4319450.093, 93
Trd, 4319451.043, 93
Trd, 4319451.743, 99
Trd, 4319453.143, 89
Trd, 4319455.143, 88
Trd, 4319456.893, 89
Trd, 4319457.143, 96
Trd, 4319457.593, 97
Trd, 4319458.143, 97
Trd, 4319459.693, 105
Trd, 4319460.193, 101
Trd, 4319461.293, 96
Trd, 4319463.793, 98
Trd, 4319464.893, 98
Trd, 4319465.343, 98
Trd, 4319466.993, 95
Trd, 4319467.343, 98
Trd, 4319468.143, 104
Trd, 4319468.943, 93
Trd, 4319469.243, 120
Trd, 4319471.193, 106
Trd, 4319471.593, 118
Trd, 4319471.943, 123
Trd, 4319472.293, 85
Trd, 4319473.293, 102
Trd, 4319475.243, 100
Trd, 4319476.093, 99
Trd, 4319477.643, 107
Trd, 4319478.843, 108
Trd, 4319480.993, 102
Trd, 4319482.093, 96
Trd, 4319483.493, 101
Trd, 4319484.443, 94
Trd, 4319486.193, 98
Trd, 4319486.643, 97
Trd, 4319486.993, 100
Trd, 4319488.643, 99
Trd, 4319488.743, 104
Trd, 4319490.043, 87
Trd, 4319490.243, 95
Trd, 4319492.893, 95
Trd, 4319493.493, 95
Trd, 4319493.593, 84
Trd, 4319495.843, 106
Trd, 4319496.543, 101
Trd, 4319497.393, 100
Trd, 4319498.143, 100
Trd, 4319498.543, 113
Trd, 4319498.593, 112
Trd, 4319499.893, 107
Trd, 4319504.443, 94
Trd, 4319504.643, 84
Trd, 4319505.043, 95
Trd, 4319505.543, 92
Trd, 4319506.143, 93
Trd, 4319508.293, 109
Trd, 4319510.393, 96
Trd, 4319510.443, 97
Trd, 4319511.943, 96
Trd, 4319512.593, 93
Trd, 4319513.443, 100
Trd, 4319514.243, 108
Trd, 4319515.093, 102
Trd, 4319515.193, 113
Trd, 4319516.393, 100
Trd, 4319517.993, 98
Trd, 4319518.093, 99
Trd, 4319519.393, 95
Trd, 4319522.343, 108
Trd, 4319523.743, 98
Trd, 4319524.393, 95
Trd, 4319525.593, 104
Trd, 4319525.793, 94
Trd, 4319527.693, 100
Trd, 4319527.943, 100
Trd, 4319528.843, 92
Trd, 4319529.293, 96
Trd, 4319531.393, 107
Trd, 4319533.893, 94
Trd, 4319534.343, 101
Trd, 4319535.843, 98
Trd, 4319536.643, 95
Trd, 4319537.343, 95
Trd, 4319538.293, 96
Trd, 4319539.093, 108
Trd, 4319539.843, 106
Trd, 4319540.443, 103
Trd, 4319542.693, 93
Trd, 4319545.143, 96
Trd, 4319545.943, 96
Trd, 4319546.893, 95
Trd, 4319547.793, 96
Trd, 4319547.843, 106
Trd, 4319550.693, 94
Trd, 4319552.893, 95
Trd, 4319553.493, 95
Trd, 4319555.093, 96
Trd, 4319555.193, 94
Trd, 4319555.993, 92
Trd, 4319556.293, 96
Trd, 4319557.143, 95
Trd, 4319558.543, 95
Trd, 4319559.643, 111
Trd, 4319561.093, 97
Trd, 4319562.593, 96
Trd, 4319563.943, 99
Trd, 4319565.743, 94
Trd, 4319566.143, 95
Trd, 4319566.943, 96
Trd, 4319567.443, 95
Trd, 4319567.693, 97
Trd, 4319570.693, 94
Trd, 4319571.093, 95
Trd, 4319571.743, 95
Trd, 4319572.243, 93
Trd, 4319574.693, 92
Trd, 4319575.193, 85
Trd, 4319577.443, 95
Trd, 4319578.543, 95
Trd, 4319578.843, 98
Trd, 4319580.193, 111
Trd, 4319582.243, 88
Trd, 4319582.343, 95
Trd, 4319582.843, 107
Trd, 4319584.843, 97
Trd, 4319585.143, 112
Trd, 4319585.593, 114
Trd, 4319585.793, 84
Trd, 4319587.443, 107
Trd, 4319587.543, 97
Trd, 4319589.543, 86
Trd, 4319591.593, 93
Trd, 4319591.893, 95
Trd, 4319593.243, 84
Trd, 4319595.293, 94
Trd, 4319595.443, 96
Trd, 4319598.293, 93
Trd, 4319598.893, 94
Trd, 4319599.293, 94
Trd, 4319599.593, 102
Trd, 4319601.593, 92
Trd, 4319602.443, 95
Trd, 4319602.843, 94
Trd, 4319603.743, 93
Trd, 4319603.893, 99
Trd, 4319607.793, 94
Trd, 4319608.543, 96
Trd, 4319610.843, 99
Trd, 4319611.143, 97
Trd, 4319611.843, 94
Trd, 4319612.393, 94
Trd, 4319614.943, 94
Trd, 4319615.043, 96
Trd, 4319615.243, 93
Trd, 4319616.543, 112
Trd, 4319617.043, 95
Trd, 4319617.943, 97
Trd, 4319619.743, 95
Trd, 4319621.593, 92
Trd, 4319622.593, 95
Trd, 4319622.643, 95
Trd, 4319623.293, 114
Trd, 4319625.293, 100
Trd, 4319625.643, 99
Trd, 4319625.793, 106
Trd, 4319627.343, 91
Trd, 4319628.793, 99
Trd, 4319629.193, 82
Trd, 4319629.493, 97
Trd, 4319632.593, 94
Trd, 4319633.143, 96
Trd, 4319636.043, 97
Trd, 4319636.643, 93
Trd, 4319637.943, 106
Trd, 4319638.693, 107
Trd, 4319638.793, 109
Trd, 4319640.493, 97
Trd, 4319642.393, 91
Trd, 4319642.643, 100
Trd, 4319643.443, 100
Trd, 4319644.693, 98
Trd, 4319646.843, 94
Trd, 4319647.343, 97
Trd, 4319647.893, 101
Trd, 4319648.843, 114
Trd, 4319649.093, 93
Trd, 4319649.943, 108
Trd, 4319650.043, 80
Trd, 4319651.743, 98
Trd, 4319653.493, 100
Trd, 4319654.443, 101
Trd, 4319654.793, 88
Trd, 4319657.993, 95
Trd, 4319658.893, 100
Trd, 4319660.843, 93
Trd, 4319662.043, 99
Trd, 4319662.243, 97
Trd, 4319662.893, 92
Trd, 4319664.243, 102
Trd, 4319665.993, 97
Trd, 4319666.643, 98
Trd, 4319666.743, 96
Trd, 4319667.843, 107
Trd, 4319668.343, 102
Trd, 4319668.643, 115
Trd, 4319671.293, 92
Trd, 4319672.793, 98
Trd, 4319673.793, 99
Trd, 4319673.993, 99
Trd, 4319675.493, 98
Trd, 4319675.643, 85
Trd, 4319676.643, 105
Trd, 4319676.943, 103
Trd, 4319678.093, 105
Trd, 4319679.993, 99
Trd, 4319682.943, 99
Trd, 4319684.643, 104
Trd, 4319685.143, 102
Trd, 4319685.643, 110
Trd, 4319688.843, 101
Trd, 4319689.943, 102
Trd, 4319690.793, 102
Trd, 4319691.643, 76
Trd, 4319691.993, 102
Trd, 4319695.543, 99
Trd, 4319695.643, 87
Trd, 4319697.993, 93
Trd, 4319699.843, 93
Trd, 4319700.793, 105
Trd, 4319702.293, 97
Trd, 4319703.693, 94
Trd, 4319704.243, 97
Trd, 4319705.093, 106
Trd, 4319705.593, 107
Trd, 4319707.793, 100
Trd, 4319707.843, 116
Trd, 4319709.543, 85
Trd, 4319711.043, 103
Trd, 4319713.393, 98
Trd, 4319713.593, 100
Trd, 4319714.493, 97
Trd, 4319716.143, 94
Trd, 4319719.443, 109
Trd, 4319720.843, 114
Trd, 4319722.043, 99
Trd, 4319722.993, 100
Trd, 4319724.193, 96
Trd, 4319726.393, 97
Trd, 4319727.343, 97
Trd, 4319728.193, 100
Trd, 4319730.693, 89
Trd, 4319731.243, 95
Trd, 4319732.493, 97
Trd, 4319735.093, 95
Trd, 4319735.293, 95
Trd, 4319735.793, 117
Trd, 4319736.543, 90
Trd, 4319738.493, 108
Trd, 4319739.043, 109
Trd, 4319739.393, 113
Trd, 4319740.943, 103
Trd, 4319743.243, 100
Trd, 4319744.493, 94
Trd, 4319745.093, 100
Trd, 4319745.393, 84
Trd, 4319746.093, 95
Trd, 4319746.193, 99
Trd, 4319749.393, 98
Trd, 4319751.243, 98
Trd, 4319751.743, 97
Trd, 4319751.793, 93
Trd, 4319755.193, 95
Trd, 4319755.293, 93
Trd, 4319756.393, 91
Trd, 4319756.543, 93
Trd, 4319758.543, 93
Trd, 4319760.243, 92
Trd, 4319760.793, 93
Trd, 4319761.193, 92
Trd, 4319761.793, 95
Trd, 4319766.493, 92
Trd, 4319766.693, 91
Trd, 4319767.193, 85
Trd, 4319768.193, 90
Trd, 4319768.893, 90
Trd, 4319769.543, 110
Trd, 4319770.343, 114
Trd, 4319772.943, 95
Trd, 4319773.293, 98
Trd, 4319773.593, 114
Trd, 4319775.243, 96
Trd, 4319775.793, 99
Trd, 4319776.193, 92
Trd, 4319777.143, 77
Trd, 4319778.343, 103
Trd, 4319779.693, 89
Trd, 4319780.443, 94
Trd, 4319782.393, 96
Trd, 4319783.843, 94
Trd, 4319784.943, 95
Trd, 4319785.743, 95
Trd, 4319787.143, 95
Trd, 4319789.943, 93
Trd, 4319791.793, 95
Trd, 4319791.993, 93
Trd, 4319793.443, 96
Trd, 4319796.043, 92
Trd, 4319796.243, 94
Trd, 4319797.493, 91
Trd, 4319798.343, 98
Trd, 4319801.843, 91
Trd, 4319802.643, 103
Trd, 4319803.043, 90
Trd, 4319805.443, 88
Trd, 4319805.993, 95
Trd, 4319806.543, 92
Trd, 4319810.093, 92
Trd, 4319811.043, 96
Trd, 4319811.843, 93
Trd, 4319812.893, 96
Trd, 4319813.993, 91
Trd, 4319814.143, 95
Trd, 4319815.143, 114
Trd, 4319817.243, 96
Trd, 4319819.093, 99
Trd, 4319820.243, 105
Trd, 4319820.893, 90
Trd, 4319821.593, 90
Trd, 4319823.343, 98
Trd, 4319824.043, 97
Trd, 4319824.643, 99
Trd, 4319826.593, 109
Trd, 4319826.943, 103
Trd, 4319828.043, 96
Trd, 4319828.693, 114
Trd, 4319829.243, 94
Trd, 4319830.593, 105
Trd, 4319830.643, 125
Trd, 4319835.093, 93
Trd, 4319835.893, 95
Trd, 4319836.193, 98
Trd, 4319836.543, 96
Trd, 4319840.493, 95
Trd, 4319840.993, 97
Trd, 4319841.143, 104
Trd, 4319841.843, 94
Trd, 4319843.193, 98
Trd, 4319844.243, 85
Trd, 4319846.143, 97
Trd, 4319847.343, 95
Trd, 4319849.743, 96
Trd, 4319850.893, 93
Trd, 4319851.743, 95
Trd, 4319852.993, 108
Trd, 4319853.843, 96
Trd, 4319854.543, 96
Trd, 4319856.143, 99
Trd, 4319857.693, 111
Trd, 4319857.793, 94
Trd, 4319858.393, 91
Trd, 4319858.993, 98
Trd, 4319859.743, 97
Trd, 4319861.093, 96
Trd, 4319862.693, 89
Trd, 4319863.293, 95
Trd, 4319863.343, 96
Trd, 4319864.743, 95
Trd, 4319866.693, 94
Trd, 4319867.493, 95
Trd, 4319869.393, 113
Trd, 4319872.993, 91
Trd, 4319874.643, 93
Trd, 4319874.993, 94
Trd, 4319876.193, 95
Trd, 4319877.143, 98
Trd, 4319877.343, 100
Trd, 4319878.643, 113
Trd, 4319878.793, 111
Trd, 4319879.893, 91
Trd, 4319881.293, 99
Trd, 4319881.643, 107
Trd, 4319882.193, 108
Trd, 4319885.293, 101
Trd, 4319888.443, 100
Trd, 4319889.193, 99
Trd, 4319890.293, 101
Trd, 4319891.343, 93
Trd, 4319891.843, 84
Trd, 4319891.943, 96
Trd, 4319892.143, 76
Trd, 4319892.593, 98
Trd, 4319892.693, 113
Trd, 4319896.243, 80
Trd, 4319899.493, 96
Trd, 4319900.243, 79
Trd, 4319901.643, 94
Trd, 4319902.543, 98
Trd, 4319903.893, 96
Trd, 4319904.743, 96
Trd, 4319905.693, 91
Trd, 4319907.293, 95
Trd, 4319907.893, 95
Trd, 4319912.493, 95
Trd, 4319912.743, 100
Trd, 4319913.943, 97
Trd, 4319914.693, 90
Trd, 4319914.743, 106
Trd, 4319915.293, 100
Trd, 4319916.643, 97
Trd, 4319918.743, 96
Trd, 4319919.543, 96
Trd, 4319919.593, 89
Trd, 4319921.443, 99
Trd, 4319923.293, 97
Trd, 4319923.993, 89
Trd, 4319924.493, 88
Trd, 4319925.593, 95
Trd, 4319927.593, 94
Trd, 4319929.543, 88
Trd, 4319929.993, 94
Trd, 4319930.143, 96
Trd, 4319934.143, 87
Trd, 4319934.793, 94
Trd, 4319938.943, 94
Trd, 4319939.843, 94
Trd, 4319941.143, 92
Trd, 4319942.543, 92
Trd, 4319943.843, 91
Trd, 4319945.093, 94
Trd, 4319947.043, 89
Trd, 4319948.543, 94
Trd, 4319949.243, 108
Trd, 4319950.693, 96
Trd, 4319951.743, 87
Trd, 4319954.343, 94
Trd, 4319955.543, 98
Trd, 4319956.593, 95
Trd, 4319957.043, 91
Trd, 4319958.243, 95
Trd, 4319960.943, 86
Trd, 4319962.243, 93
Trd, 4319962.293, 75
Trd, 4319964.643, 100
Trd, 4319965.493, 93
Trd, 4319965.993, 97
Trd, 4319967.993, 94
Trd, 4319968.543, 96
Trd, 4319968.593, 93
Trd, 4319970.693, 111
Trd, 4319971.043, 97
Trd, 4319974.043, 90
Trd, 4319974.493, 97
Trd, 4319974.693, 79
Trd, 4319976.143, 100
Trd, 4319978.843, 105
Trd, 4319979.193, 100
Trd, 4319979.493, 119
Trd, 4319981.293, 98
Trd, 4319982.193, 104
Trd, 4319985.143, 95
Trd, 4319985.593, 92
Trd, 4319985.743, 78
Trd, 4319986.343, 94
Trd, 4319987.293, 89
Trd, 4319988.543, 91
Trd, 4319990.643, 96
Trd, 4319990.793, 111
Trd, 4319990.993, 113
Trd, 4319992.093, 93
Trd, 4319993.393, 97
Trd, 4319993.793, 106
Trd, 4319995.943, 95
Trd, 4319996.743, 113
Trd, 4319997.093, 94
