Trd, 4317878.293, 94
Trd, 4317881.193, 95
Trd, 4317881.493, 94
Trd, 4317882.943, 77
Trd, 4317886.443, 88
Trd, 4317887.493, 88
Trd, 4317889.493, 92
Trd, 4317890.493, 95
Trd, 4317891.693, 91
Trd, 4317893.293, 92
Trd, 4317893.393, 92
Trd, 4317895.593, 95
Trd, 4317896.893, 88
Trd, 4317897.793, 88
Trd, 4317899.793, 91
Trd, 4317899.843, 96
Trd, 4317900.693, 90
Trd, 4317903.843, 90
Trd, 4317904.193, 90
Trd, 4317906.093, 92
Trd, 4317906.193, 91
Trd, 4317909.143, 91
Trd, 4317911.143, 90
Trd, 4317912.193, 95
Trd, 4317913.543, 90
Trd, 4317914.443, 92
Trd, 4317915.143, 92
Trd, 4317915.693, 92
Trd, 4317916.993, 91
Trd, 4317917.243, 94
Trd, 4317919.943, 95
Trd, 4317921.043, 92
Trd, 4317923.143, 91
Trd, 4317923.843, 90
Trd, 4317926.543, 94
Trd, 4317929.793, 93
Trd, 4317931.093, 92
Trd, 4317931.193, 91
Trd, 4317931.293, 95
Trd, 4317932.143, 91
Trd, 4317933.143, 90
Trd, 4317933.593, 105
Trd, 4317934.393, 90
Trd, 4317934.443, 88
Trd, 4317937.293, 86
Trd, 4317938.893, 91
Trd, 4317940.593, 95
Trd, 4317941.743, 92
Trd, 4317943.543, 98
Trd, 4317945.043, 91
Trd, 4317945.143, 91
Trd, 4317945.293, 93
Trd, 4317946.343, 91
Trd, 4317946.493, 90
Trd, 4317948.193, 97
Trd, 4317950.243, 93
Trd, 4317953.093, 96
Trd, 4317953.393, 96
Trd, 4317953.843, 97
Trd, 4317954.843, 95
Trd, 4317956.793, 95
Trd, 4317958.293, 96
Trd, 4317959.343, 96
Trd, 4317959.993, 96
Trd, 4317962.693, 95
Trd, 4317963.243, 88
Trd, 4317963.543, 97
Trd, 4317965.193, 93
Trd, 4317966.093, 92
Trd, 4317967.243, 91
Trd, 4317970.143, 98
Trd, 4317970.843, 97
Trd, 4317972.093, 96
Trd, 4317972.743, 97
Trd, 4317973.793, 95
Trd, 4317974.543, 94
Trd, 4317974.793, 88
Trd, 4317976.443, 105
Trd, 4317977.693, 122
Trd, 4317977.793, 98
Trd, 4317978.343, 96
Trd, 4317978.893, 102
Trd, 4317980.843, 103
Trd, 4317982.893, 103
Trd, 4317983.043, 102
Trd, 4317983.843, 105
Trd, 4317986.443, 102
Trd, 4317986.793, 102
Trd, 4317987.993, 104
Trd, 4317989.393, 101
Trd, 4317989.543, 101
Trd, 4317991.593, 92
Trd, 4317993.843, 95
Trd, 4317994.743, 98
Trd, 4317995.893, 99
Trd, 4317995.943, 80
Trd, 4317997.493, 97
Trd, 4317998.193, 93
Trd, 4317999.993, 95
Trd, 4318001.443, 94
Trd, 4318001.793, 94
Trd, 4318006.943, 94
Trd, 4318008.043, 93
Trd, 4318008.593, 96
Trd, 4318009.693, 105
Trd, 4318009.743, 97
Trd, 4318012.093, 97
Trd, 4318012.843, 101
Trd, 4318013.893, 100
Trd, 4318016.093, 99
Trd, 4318017.443, 99
Trd, 4318017.943, 99
Trd, 4318018.493, 98
Trd, 4318019.293, 82
Trd, 4318020.293, 99
Trd, 4318021.393, 93
Trd, 4318023.143, 96
Trd, 4318024.943, 97
Trd, 4318025.193, 107
Trd, 4318026.543, 97
Trd, 4318026.893, 96
Trd, 4318027.643, 95
Trd, 4318030.943, 94
Trd, 4318030.993, 93
Trd, 4318032.243, 98
Trd, 4318033.593, 94
Trd, 4318034.943, 93
Trd, 4318036.993, 82
Trd, 4318038.093, 91
Trd, 4318038.243, 93
Trd, 4318041.343, 95
Trd, 4318042.193, 95
Trd, 4318045.593, 95
Trd, 4318045.643, 95
Trd, 4318046.093, 94
Trd, 4318047.143, 93
Trd, 4318048.443, 95
Trd, 4318050.343, 95
Trd, 4318051.743, 95
Trd, 4318052.543, 88
Trd, 4318052.693, 95
Trd, 4318056.593, 93
Trd, 4318057.143, 92
Trd, 4318057.393, 89
Trd, 4318058.093, 85
Trd, 4318058.793, 90
Trd, 4318060.193, 89
Trd, 4318062.243, 89
Trd, 4318064.843, 89
Trd, 4318064.943, 88
Trd, 4318065.043, 87
Trd, 4318066.793, 96
Trd, 4318068.743, 88
Trd, 4318071.143, 88
Trd, 4318073.243, 89
Trd, 4318073.743, 89
Trd, 4318074.393, 96
Trd, 4318076.093, 94
Trd, 4318076.643, 94
Trd, 4318080.643, 93
Trd, 4318082.793, 92
Trd, 4318082.843, 92
Trd, 4318083.493, 96
Trd, 4318083.593, 92
Trd, 4318084.193, 91
Trd, 4318086.643, 91
Trd, 4318088.143, 90
Trd, 4318088.593, 97
Trd, 4318089.543, 91
Trd, 4318091.193, 101
Trd, 4318092.443, 91
Trd, 4318093.493, 90
Trd, 4318094.293, 90
Trd, 4318095.443, 89
Trd, 4318095.793, 104
Trd, 4318097.543, 95
Trd, 4318100.543, 97
Trd, 4318101.043, 94
Trd, 4318103.243, 99
Trd, 4318104.143, 99
Trd, 4318104.893, 98
Trd, 4318106.793, 97
Trd, 4318109.743, 98
Trd, 4318110.393, 96
Trd, 4318112.393, 95
Trd, 4318115.743, 98
Trd, 4318117.693, 97
Trd, 4318118.093, 98
Trd, 4318118.493, 97
Trd, 4318118.843, 97
Trd, 4318118.943, 95
Trd, 4318120.843, 95
Trd, 4318120.993, 95
Trd, 4318122.893, 92
Trd, 4318125.293, 94
Trd, 4318125.593, 93
Trd, 4318125.643, 97
Trd, 4318126.343, 92
Trd, 4318128.693, 95
Trd, 4318129.843, 94
Trd, 4318131.093, 94
Trd, 4318131.993, 90
Trd, 4318132.543, 77
Trd, 4318133.993, 96
Trd, 4318137.593, 94
Trd, 4318140.393, 94
Trd, 4318141.193, 93
Trd, 4318142.993, 96
Trd, 4318143.743, 95
Trd, 4318144.343, 94
Trd, 4318145.943, 95
Trd, 4318146.443, 95
Trd, 4318148.193, 105
Trd, 4318151.793, 98
Trd, 4318152.143, 94
Trd, 4318152.343, 94
Trd, 4318153.293, 93
Trd, 4318157.693, 99
Trd, 4318157.993, 99
Trd, 4318159.393, 98
Trd, 4318159.493, 98
Trd, 4318160.243, 99
Trd, 4318160.843, 98
Trd, 4318161.293, 98
Trd, 4318162.043, 99
Trd, 4318163.893, 105
Trd, 4318164.743, 98
Trd, 4318165.993, 98
Trd, 4318167.093, 97
Trd, 4318168.093, 97
Trd, 4318171.543, 96
Trd, 4318173.243, 95
Trd, 4318174.743, 95
Trd, 4318175.543, 96
Trd, 4318176.593, 101
Trd, 4318180.693, 100
Trd, 4318180.743, 97
Trd, 4318182.443, 96
Trd, 4318183.943, 94
Trd, 4318185.843, 95
Trd, 4318186.693, 95
Trd, 4318187.393, 93
Trd, 4318188.043, 94
Trd, 4318189.243, 98
Trd, 4318191.593, 95
Trd, 4318193.643, 98
Trd, 4318193.693, 93
Trd, 4318193.993, 77
Trd, 4318198.493, 94
Trd, 4318199.893, 94
Trd, 4318200.093, 93
Trd, 4318202.393, 92
Trd, 4318202.543, 90
Trd, 4318204.593, 90
Trd, 4318204.793, 98
Trd, 4318205.343, 90
Trd, 4318206.593, 94
Trd, 4318206.793, 104
Trd, 4318208.893, 92
Trd, 4318210.543, 93
Trd, 4318213.193, 95
Trd, 4318214.893, 98
Trd, 4318215.593, 95
Trd, 4318215.693, 94
Trd, 4318217.043, 94
Trd, 4318219.743, 116
Trd, 4318221.743, 104
Trd, 4318221.993, 104
Trd, 4318224.643, 105
Trd, 4318225.893, 108
Trd, 4318226.943, 108
Trd, 4318227.943, 108
Trd, 4318229.393, 112
Trd, 4318229.943, 92
Trd, 4318230.343, 88
Trd, 4318231.143, 98
Trd, 4318233.143, 99
Trd, 4318233.543, 98
Trd, 4318234.743, 95
Trd, 4318237.143, 97
Trd, 4318239.193, 99
Trd, 4318239.443, 96
Trd, 4318240.643, 95
Trd, 4318241.943, 104
Trd, 4318242.593, 95
Trd, 4318245.443, 94
Trd, 4318245.843, 94
Trd, 4318247.693, 101
Trd, 4318247.793, 94
Trd, 4318251.343, 93
Trd, 4318252.493, 92
Trd, 4318255.593, 92
Trd, 4318255.993, 95
Trd, 4318257.793, 92
Trd, 4318259.643, 91
Trd, 4318260.193, 91
Trd, 4318261.443, 91
Trd, 4318262.493, 95
Trd, 4318263.393, 90
Trd, 4318264.343, 104
Trd, 4318264.443, 89
Trd, 4318265.493, 95
Trd, 4318266.043, 93
Trd, 4318267.743, 92
Trd, 4318268.143, 85
Trd, 4318268.543, 91
Trd, 4318270.093, 104
Trd, 4318272.543, 90
Trd, 4318274.193, 75
Trd, 4318274.843, 77
Trd, 4318277.693, 97
Trd, 4318278.943, 86
Trd, 4318279.393, 95
Trd, 4318281.643, 95
Trd, 4318282.593, 94
Trd, 4318283.443, 93
Trd, 4318283.843, 93
Trd, 4318285.493, 109
Trd, 4318286.793, 100
Trd, 4318286.993, 100
Trd, 4318287.193, 93
Trd, 4318288.893, 102
Trd, 4318289.243, 97
Trd, 4318290.693, 97
Trd, 4318293.193, 97
Trd, 4318295.243, 96
Trd, 4318297.343, 96
Trd, 4318298.143, 95
Trd, 4318298.493, 98
Trd, 4318299.143, 95
Trd, 4318300.743, 97
Trd, 4318301.193, 104
Trd, 4318303.443, 96
Trd, 4318306.843, 95
Trd, 4318306.943, 95
Trd, 4318307.843, 93
Trd, 4318308.393, 104
Trd, 4318311.443, 94
Trd, 4318311.493, 101
Trd, 4318311.543, 94
Trd, 4318312.693, 93
Trd, 4318313.293, 82
Trd, 4318315.343, 91
Trd, 4318317.593, 90
Trd, 4318318.993, 95
Trd, 4318319.393, 90
Trd, 4318319.893, 74
Trd, 4318320.393, 90
Trd, 4318320.643, 95
Trd, 4318322.243, 94
Trd, 4318322.643, 91
Trd, 4318323.743, 95
Trd, 4318324.693, 104
Trd, 4318324.993, 94
Trd, 4318326.493, 94
Trd, 4318327.143, 87
Trd, 4318330.643, 99
Trd, 4318331.193, 94
Trd, 4318332.093, 93
Trd, 4318333.243, 92
Trd, 4318335.543, 103
Trd, 4318337.543, 102
Trd, 4318337.843, 94
Trd, 4318339.193, 100
Trd, 4318339.493, 113
Trd, 4318339.843, 97
Trd, 4318340.893, 98
Trd, 4318342.543, 79
Trd, 4318344.343, 85
Trd, 4318345.393, 82
Trd, 4318347.143, 87
Trd, 4318348.943, 89
Trd, 4318352.793, 91
Trd, 4318353.293, 89
Trd, 4318354.293, 88
Trd, 4318354.993, 95
Trd, 4318355.693, 92
Trd, 4318355.893, 92
Trd, 4318356.393, 82
Trd, 4318359.393, 94
Trd, 4318361.793, 93
Trd, 4318362.043, 97
Trd, 4318365.693, 93
Trd, 4318368.393, 95
Trd, 4318368.643, 92
Trd, 4318369.193, 91
Trd, 4318369.793, 99
Trd, 4318371.393, 95
Trd, 4318371.993, 94
Trd, 4318372.843, 96
Trd, 4318374.293, 99
Trd, 4318375.243, 101
Trd, 4318376.243, 100
Trd, 4318377.793, 100
Trd, 4318377.893, 104
Trd, 4318379.243, 99
Trd, 4318379.943, 91
Trd, 4318381.293, 96
Trd, 4318382.493, 102
Trd, 4318383.993, 98
Trd, 4318385.693, 96
Trd, 4318386.493, 97
Trd, 4318389.243, 96
Trd, 4318389.743, 95
Trd, 4318389.993, 102
Trd, 4318392.993, 99
Trd, 4318395.393, 98
Trd, 4318396.943, 98
Trd, 4318397.743, 97
Trd, 4318401.993, 96
Trd, 4318402.643, 95
Trd, 4318402.793, 83
Trd, 4318404.293, 113
Trd, 4318406.293, 93
Trd, 4318408.593, 92
Trd, 4318409.593, 92
Trd, 4318410.743, 91
Trd, 4318411.093, 98
Trd, 4318413.493, 100
Trd, 4318413.693, 99
Trd, 4318413.843, 92
Trd, 4318414.643, 96
Trd, 4318418.043, 108
Trd, 4318418.343, 100
Trd, 4318418.543, 99
Trd, 4318420.043, 98
Trd, 4318420.893, 98
Trd, 4318423.093, 88
Trd, 4318426.243, 94
Trd, 4318426.743, 95
Trd, 4318427.143, 94
Trd, 4318429.193, 93
Trd, 4318431.343, 94
Trd, 4318433.293, 93
Trd, 4318434.193, 98
Trd, 4318435.343, 96
Trd, 4318435.443, 93
Trd, 4318436.343, 95
Trd, 4318436.443, 94
Trd, 4318440.493, 97
Trd, 4318441.093, 94
Trd, 4318442.143, 98
Trd, 4318445.343, 97
Trd, 4318445.643, 94
Trd, 4318446.443, 94
Trd, 4318446.493, 94
Trd, 4318447.143, 106
Trd, 4318450.393, 104
Trd, 4318451.393, 104
Trd, 4318452.393, 104
Trd, 4318453.043, 104
Trd, 4318453.293, 103
Trd, 4318453.643, 102
Trd, 4318453.743, 88
Trd, 4318455.693, 99
Trd, 4318458.393, 99
Trd, 4318459.993, 99
Trd, 4318460.943, 98
Trd, 4318463.143, 99
Trd, 4318463.443, 99
Trd, 4318465.143, 104
Trd, 4318465.643, 98
Trd, 4318466.893, 84
Trd, 4318467.893, 93
Trd, 4318469.943, 95
Trd, 4318470.943, 91
Trd, 4318474.143, 90
Trd, 4318475.243, 95
Trd, 4318475.693, 94
Trd, 4318477.393, 90
Trd, 4318480.293, 92
Trd, 4318480.943, 92
Trd, 4318481.343, 91
Trd, 4318482.893, 95
Trd, 4318483.743, 91
Trd, 4318484.093, 90
Trd, 4318484.143, 77
Trd, 4318485.043, 85
Trd, 4318486.093, 105
Trd, 4318487.443, 93
Trd, 4318487.643, 79
Trd, 4318488.493, 90
Trd, 4318488.943, 89
Trd, 4318491.443, 89
Trd, 4318492.343, 88
Trd, 4318494.193, 94
Trd, 4318495.793, 89
Trd, 4318496.893, 88
Trd, 4318499.643, 95
Trd, 4318500.143, 111
Trd, 4318500.593, 100
Trd, 4318501.193, 103
Trd, 4318501.793, 101
Trd, 4318503.343, 101
Trd, 4318503.443, 100
Trd, 4318505.043, 108
Trd, 4318508.693, 105
Trd, 4318509.393, 106
Trd, 4318509.693, 103
Trd, 4318512.243, 104
Trd, 4318513.093, 105
Trd, 4318514.493, 78
Trd, 4318514.593, 81
Trd, 4318515.943, 96
Trd, 4318516.993, 94
Trd, 4318518.393, 98
Trd, 4318519.943, 88
Trd, 4318520.193, 93
Trd, 4318521.443, 79
Trd, 4318522.893, 90
Trd, 4318523.293, 106
Trd, 4318527.693, 100
Trd, 4318528.543, 92
Trd, 4318529.143, 92
Trd, 4318530.243, 92
Trd, 4318530.993, 90
Trd, 4318531.293, 90
Trd, 4318532.343, 95
Trd, 4318535.143, 86
Trd, 4318535.643, 93
Trd, 4318536.293, 90
Trd, 4318537.293, 88
Trd, 4318538.443, 95
Trd, 4318538.743, 64
Trd, 4318540.293, 82
Trd, 4318544.493, 90
Trd, 4318546.293, 95
Trd, 4318548.193, 94
Trd, 4318549.693, 93
Trd, 4318550.643, 92
Trd, 4318551.043, 108
Trd, 4318551.993, 93
Trd, 4318552.543, 93
Trd, 4318553.943, 98
Trd, 4318554.143, 94
Trd, 4318555.043, 93
Trd, 4318557.393, 92
Trd, 4318560.443, 96
Trd, 4318560.893, 93
Trd, 4318561.893, 91
Trd, 4318563.193, 91
Trd, 4318563.593, 95
Trd, 4318566.093, 93
Trd, 4318566.143, 92
Trd, 4318566.393, 92
Trd, 4318567.893, 96
Trd, 4318570.243, 96
Trd, 4318570.593, 107
Trd, 4318570.793, 94
Trd, 4318570.993, 93
Trd, 4318571.493, 95
Trd, 4318575.793, 104
Trd, 4318576.543, 113
Trd, 4318576.943, 106
Trd, 4318578.143, 104
Trd, 4318578.493, 103
Trd, 4318579.893, 102
Trd, 4318581.093, 100
Trd, 4318583.343, 101
Trd, 4318584.143, 101
Trd, 4318585.593, 104
Trd, 4318586.643, 100
Trd, 4318588.743, 99
Trd, 4318590.743, 96
Trd, 4318591.293, 97
Trd, 4318594.143, 96
Trd, 4318594.243, 94
Trd, 4318595.193, 95
Trd, 4318598.993, 97
Trd, 4318599.993, 96
Trd, 4318600.293, 102
Trd, 4318601.543, 95
Trd, 4318602.943, 93
Trd, 4318603.443, 77
Trd, 4318605.393, 91
Trd, 4318606.643, 90
Trd, 4318608.093, 96
Trd, 4318610.293, 87
Trd, 4318610.393, 105
Trd, 4318611.493, 95
Trd, 4318613.443, 95
Trd, 4318614.643, 94
Trd, 4318615.793, 99
Trd, 4318616.593, 94
Trd, 4318618.343, 93
Trd, 4318619.643, 93
Trd, 4318620.193, 97
Trd, 4318620.843, 90
Trd, 4318627.043, 93
Trd, 4318627.993, 104
Trd, 4318628.243, 93
Trd, 4318628.543, 92
Trd, 4318631.593, 93
Trd, 4318632.543, 92
Trd, 4318633.793, 97
Trd, 4318636.243, 97
Trd, 4318636.893, 96
Trd, 4318638.043, 96
Trd, 4318638.593, 103
Trd, 4318639.743, 96
Trd, 4318641.243, 94
Trd, 4318643.243, 93
Trd, 4318645.093, 100
Trd, 4318645.393, 94
Trd, 4318647.543, 94
Trd, 4318649.343, 93
Trd, 4318650.593, 93
Trd, 4318651.393, 91
Trd, 4318653.443, 93
Trd, 4318653.943, 91
Trd, 4318654.343, 91
Trd, 4318657.193, 96
Trd, 4318658.543, 90
Trd, 4318659.193, 89
Trd, 4318660.293, 89
Trd, 4318662.743, 90
Trd, 4318663.443, 90
Trd, 4318663.943, 96
Trd, 4318667.693, 95
Trd, 4318667.793, 94
Trd, 4318668.193, 94
Trd, 4318668.743, 91
Trd, 4318671.943, 95
Trd, 4318672.593, 92
Trd, 4318673.343, 91
Trd, 4318673.893, 90
Trd, 4318677.493, 91
Trd, 4318678.143, 95
Trd, 4318679.593, 91
Trd, 4318680.793, 92
Trd, 4318681.343, 93
Trd, 4318682.893, 92
Trd, 4318683.243, 91
Trd, 4318684.293, 87
Trd, 4318685.843, 86
Trd, 4318687.043, 82
Trd, 4318687.743, 104
Trd, 4318688.093, 88
Trd, 4318692.743, 90
Trd, 4318695.593, 91
Trd, 4318697.643, 91
Trd, 4318698.143, 90
Trd, 4318699.043, 96
Trd, 4318700.243, 92
Trd, 4318700.693, 89
Trd, 4318702.193, 95
Trd, 4318704.343, 94
Trd, 4318705.593, 94
Trd, 4318706.543, 93
Trd, 4318708.143, 95
Trd, 4318708.393, 94
Trd, 4318709.943, 94
Trd, 4318712.243, 95
Trd, 4318713.793, 96
Trd, 4318714.343, 95
Trd, 4318714.743, 93
Trd, 4318715.743, 93
Trd, 4318716.043, 104
Trd, 4318718.543, 92
Trd, 4318719.343, 92
Trd, 4318721.493, 91
Trd, 4318722.143, 89
Trd, 4318723.593, 104
Trd, 4318725.443, 94
Trd, 4318726.693, 91
Trd, 4318727.943, 94
Trd, 4318728.943, 99
Trd, 4318730.443, 94
Trd, 4318731.743, 95
Trd, 4318733.543, 95
Trd, 4318733.843, 94
Trd, 4318735.093, 93
Trd, 4318736.393, 93
Trd, 4318739.093, 93
Trd, 4318739.493, 93
Trd, 4318741.543, 97
Trd, 4318741.643, 96
Trd, 4318742.343, 113
Trd, 4318743.343, 94
Trd, 4318745.593, 96
Trd, 4318747.143, 95
Trd, 4318747.543, 94
Trd, 4318748.093, 95
Trd, 4318749.393, 94
Trd, 4318751.743, 109
Trd, 4318752.693, 93
Trd, 4318753.643, 93
Trd, 4318755.193, 96
Trd, 4318758.143, 93
Trd, 4318759.543, 93
Trd, 4318760.943, 92
Trd, 4318761.143, 95
Trd, 4318761.193, 92
Trd, 4318763.993, 96
Trd, 4318764.843, 94
Trd, 4318765.843, 99
Trd, 4318766.243, 99
Trd, 4318766.743, 98
Trd, 4318766.893, 94
Trd, 4318768.643, 109
Trd, 4318771.343, 100
Trd, 4318772.043, 100
Trd, 4318772.693, 100
Trd, 4318773.693, 99
Trd, 4318776.293, 98
Trd, 4318776.493, 106
Trd, 4318778.693, 97
Trd, 4318778.793, 96
Trd, 4318778.893, 90
Trd, 4318779.593, 101
Trd, 4318781.643, 101
Trd, 4318782.293, 99
Trd, 4318782.443, 99
Trd, 4318784.643, 104
Trd, 4318784.693, 101
Trd, 4318785.193, 86
Trd, 4318786.193, 87
Trd, 4318787.843, 122
Trd, 4318788.893, 89
Trd, 4318790.243, 94
Trd, 4318790.943, 93
Trd, 4318793.243, 93
Trd, 4318794.393, 103
Trd, 4318794.543, 93
Trd, 4318796.143, 92
Trd, 4318797.193, 91
Trd, 4318798.693, 90
Trd, 4318800.043, 86
Trd, 4318802.193, 91
Trd, 4318802.843, 89
Trd, 4318802.993, 82
Trd, 4318805.643, 91
Trd, 4318806.993, 87
Trd, 4318807.993, 88
Trd, 4318809.643, 96
Trd, 4318810.843, 87
Trd, 4318811.043, 104
Trd, 4318813.143, 87
Trd, 4318815.093, 90
Trd, 4318816.143, 95
Trd, 4318816.993, 88
Trd, 4318821.443, 93
Trd, 4318822.093, 90
Trd, 4318822.193, 90
Trd, 4318822.993, 90
Trd, 4318823.443, 99
Trd, 4318824.943, 90
Trd, 4318827.743, 91
Trd, 4318827.993, 90
Trd, 4318828.093, 90
Trd, 4318830.043, 96
Trd, 4318830.143, 88
Trd, 4318832.643, 95
Trd, 4318833.943, 95
Trd, 4318835.893, 94
Trd, 4318835.943, 96
Trd, 4318836.893, 94
Trd, 4318837.543, 93
Trd, 4318840.693, 96
Trd, 4318840.843, 96
Trd, 4318842.343, 95
Trd, 4318842.393, 86
Trd, 4318843.793, 96
Trd, 4318844.343, 92
Trd, 4318844.393, 92
Trd, 4318847.243, 91
Trd, 4318847.993, 81
Trd, 4318854.343, 91
Trd, 4318855.093, 91
Trd, 4318856.493, 91
Trd, 4318856.543, 91
Trd, 4318859.993, 90
Trd, 4318861.143, 93
Trd, 4318862.493, 90
Trd, 4318862.643, 90
Trd, 4318864.993, 93
Trd, 4318865.193, 96
Trd, 4318867.193, 92
Trd, 4318868.943, 92
Trd, 4318870.343, 91
Trd, 4318872.393, 96
Trd, 4318873.693, 93
Trd, 4318874.393, 92
Trd, 4318876.943, 96
Trd, 4318877.443, 91
Trd, 4318878.593, 92
Trd, 4318880.743, 95
Trd, 4318880.793, 95
Trd, 4318883.443, 98
Trd, 4318884.343, 104
Trd, 4318885.043, 102
Trd, 4318885.993, 99
Trd, 4318886.093, 98
Trd, 4318886.393, 97
Trd, 4318888.693, 96
Trd, 4318889.643, 105
Trd, 4318890.493, 94
Trd, 4318891.043, 88
Trd, 4318891.593, 114
Trd, 4318893.593, 94
Trd, 4318894.893, 96
Trd, 4318895.843, 87
Trd, 4318896.743, 93
Trd, 4318898.043, 96
Trd, 4318899.193, 92
Trd, 4318899.443, 89
Trd, 4318900.093, 89
Trd, 4318903.193, 93
Trd, 4318903.493, 104
Trd, 4318903.643, 91
Trd, 4318906.043, 97
Trd, 4318907.443, 96
Trd, 4318908.093, 94
Trd, 4318910.593, 98
Trd, 4318910.843, 94
Trd, 4318911.493, 85
Trd, 4318914.093, 98
Trd, 4318914.493, 92
Trd, 4318915.893, 112
Trd, 4318918.543, 100
Trd, 4318919.043, 95
Trd, 4318920.543, 96
Trd, 4318923.843, 94
Trd, 4318924.643, 94
Trd, 4318925.243, 95
Trd, 4318926.593, 93
Trd, 4318926.693, 93
Trd, 4318928.293, 97
Trd, 4318929.793, 92
Trd, 4318930.043, 92
Trd, 4318930.993, 77
Trd, 4318933.193, 96
Trd, 4318934.693, 89
Trd, 4318935.243, 88
Trd, 4318935.993, 86
Trd, 4318936.993, 91
Trd, 4318939.143, 104
Trd, 4318939.743, 90
Trd, 4318940.393, 89
Trd, 4318942.143, 98
Trd, 4318943.093, 87
Trd, 4318944.493, 87
Trd, 4318946.043, 89
Trd, 4318947.193, 91
Trd, 4318951.393, 90
Trd, 4318952.793, 89
Trd, 4318952.893, 94
Trd, 4318954.443, 95
Trd, 4318955.543, 93
Trd, 4318958.743, 91
Trd, 4318959.593, 90
Trd, 4318960.093, 95
Trd, 4318960.693, 89
Trd, 4318963.043, 89
Trd, 4318965.093, 95
Trd, 4318966.693, 88
Trd, 4318967.743, 88
Trd, 4318968.193, 87
Trd, 4318968.493, 87
Trd, 4318969.443, 105
Trd, 4318970.193, 86
Trd, 4318972.293, 95
Trd, 4318972.993, 98
Trd, 4318974.593, 95
Trd, 4318975.043, 95
Trd, 4318977.093, 94
Trd, 4318978.543, 94
Trd, 4318979.043, 93
Trd, 4318984.293, 93
Trd, 4318984.793, 97
Trd, 4318986.243, 93
Trd, 4318986.443, 93
Trd, 4318987.943, 100
Trd, 4318989.143, 97
Trd, 4318991.343, 96
Trd, 4318992.893, 94
Trd, 4318993.243, 94
Trd, 4318995.393, 93
Trd, 4318996.843, 93
Trd, 4319000.493, 95
Trd, 4319000.643, 92
Trd, 4319001.193, 92
Trd, 4319002.643, 105
Trd, 4319003.393, 95
Trd, 4319003.993, 74
Trd, 4319005.743, 78
Trd, 4319008.193, 97
Trd, 4319010.393, 90
Trd, 4319010.643, 89
Trd, 4319013.093, 96
Trd, 4319013.293, 97
Trd, 4319014.243, 96
Trd, 4319014.693, 95
Trd, 4319016.043, 95
Trd, 4319016.793, 94
Trd, 4319017.643, 92
Trd, 4319018.243, 92
Trd, 4319018.943, 91
Trd, 4319021.143, 94
Trd, 4319022.243, 97
Trd, 4319023.143, 93
Trd, 4319024.443, 92
Trd, 4319024.843, 83
Trd, 4319029.343, 96
Trd, 4319029.793, 113
Trd, 4319032.493, 96
Trd, 4319032.543, 104
Trd, 4319033.443, 96
Trd, 4319033.993, 95
Trd, 4319036.243, 95
Trd, 4319036.743, 95
Trd, 4319038.993, 95
Trd, 4319039.243, 95
Trd, 4319039.343, 95
Trd, 4319041.393, 102
Trd, 4319041.743, 94
Trd, 4319043.493, 93
Trd, 4319043.793, 92
Trd, 4319046.593, 93
Trd, 4319046.793, 94
Trd, 4319047.993, 94
Trd, 4319048.143, 102
Trd, 4319050.593, 104
Trd, 4319050.893, 93
Trd, 4319051.243, 92
Trd, 4319052.893, 92
Trd, 4319055.043, 102
Trd, 4319056.443, 95
Trd, 4319057.243, 94
Trd, 4319057.543, 93
Trd, 4319061.293, 95
Trd, 4319061.393, 95
Trd, 4319062.193, 95
Trd, 4319062.593, 102
Trd, 4319065.093, 102
Trd, 4319066.093, 95
Trd, 4319066.243, 94
Trd, 4319066.993, 94
Trd, 4319068.143, 93
Trd, 4319068.993, 88
Trd, 4319071.193, 92
Trd, 4319071.493, 102
Trd, 4319073.843, 93
Trd, 4319075.843, 102
Trd, 4319076.443, 95
Trd, 4319076.743, 95
Trd, 4319077.143, 94
Trd, 4319078.443, 73
Trd, 4319079.793, 73
Trd, 4319081.943, 91
Trd, 4319082.043, 89
Trd, 4319083.043, 88
Trd, 4319084.843, 95
Trd, 4319087.093, 90
Trd, 4319087.193, 90
Trd, 4319088.443, 91
Trd, 4319089.343, 89
Trd, 4319089.893, 95
Trd, 4319090.443, 89
Trd, 4319092.593, 88
Trd, 4319093.893, 95
Trd, 4319093.993, 87
Trd, 4319094.043, 104
Trd, 4319096.793, 78
Trd, 4319096.893, 75
Trd, 4319098.893, 86
Trd, 4319099.493, 87
Trd, 4319100.493, 99
Trd, 4319101.243, 99
Trd, 4319101.793, 97
Trd, 4319101.993, 95
Trd, 4319104.743, 97
Trd, 4319106.093, 96
Trd, 4319106.343, 95
Trd, 4319108.343, 97
Trd, 4319108.943, 95
Trd, 4319111.193, 95
Trd, 4319111.343, 94
Trd, 4319113.043, 104
Trd, 4319113.293, 97
Trd, 4319115.543, 99
Trd, 4319115.643, 98
Trd, 4319117.343, 98
Trd, 4319117.793, 98
Trd, 4319117.993, 97
Trd, 4319121.043, 97
Trd, 4319123.093, 96
Trd, 4319123.693, 95
Trd, 4319123.943, 95
Trd, 4319124.043, 99
Trd, 4319124.943, 94
Trd, 4319127.043, 93
Trd, 4319128.543, 94
Trd, 4319130.243, 99
Trd, 4319133.693, 94
Trd, 4319134.393, 99
Trd, 4319134.593, 93
Trd, 4319134.743, 93
Trd, 4319135.743, 92
Trd, 4319135.843, 90
Trd, 4319138.243, 93
Trd, 4319140.093, 92
Trd, 4319142.593, 96
Trd, 4319142.793, 92
Trd, 4319143.493, 92
Trd, 4319144.693, 91
Trd, 4319144.843, 88
Trd, 4319146.343, 105
Trd, 4319147.643, 93
Trd, 4319148.443, 93
Trd, 4319149.793, 92
Trd, 4319152.343, 93
Trd, 4319154.843, 92
Trd, 4319155.443, 91
Trd, 4319155.593, 91
Trd, 4319158.093, 99
Trd, 4319159.193, 90
Trd, 4319160.643, 98
Trd, 4319161.243, 90
Trd, 4319161.993, 89
Trd, 4319162.043, 89
Trd, 4319164.693, 96
Trd, 4319166.343, 89
Trd, 4319167.843, 94
Trd, 4319168.393, 93
Trd, 4319170.143, 93
Trd, 4319171.693, 92
Trd, 4319172.143, 96
Trd, 4319173.993, 92
Trd, 4319175.993, 96
Trd, 4319176.043, 95
Trd, 4319176.593, 93
Trd, 4319177.293, 97
Trd, 4319177.343, 93
Trd, 4319179.893, 92
Trd, 4319181.593, 107
Trd, 4319183.243, 95
Trd, 4319184.543, 95
Trd, 4319186.593, 100
Trd, 4319186.843, 94
Trd, 4319188.243, 95
Trd, 4319189.843, 97
Trd, 4319191.443, 97
Trd, 4319192.343, 96
Trd, 4319195.093, 96
Trd, 4319196.893, 95
Trd, 4319198.443, 104
Trd, 4319199.293, 95
Trd, 4319200.143, 94
Trd, 4319202.243, 93
Trd, 4319203.193, 92
Trd, 4319204.743, 96
Trd, 4319205.293, 95
Trd, 4319206.593, 94
Trd, 4319207.543, 95
Trd, 4319209.793, 94
Trd, 4319210.643, 98
Trd, 4319211.543, 93
Trd, 4319212.393, 93
Trd, 4319214.093, 93
Trd, 4319214.293, 93
Trd, 4319219.193, 96
Trd, 4319220.193, 92
Trd, 4319220.493, 77
Trd, 4319221.143, 91
Trd, 4319222.543, 90
Trd, 4319224.293, 95
Trd, 4319224.343, 89
Trd, 4319225.293, 95
Trd, 4319226.943, 101
Trd, 4319229.243, 101
Trd, 4319229.943, 105
Trd, 4319230.343, 100
Trd, 4319230.943, 100
Trd, 4319232.793, 100
Trd, 4319233.943, 100
Trd, 4319234.843, 100
Trd, 4319235.443, 88
Trd, 4319236.693, 106
Trd, 4319236.743, 96
Trd, 4319237.193, 77
Trd, 4319241.393, 96
Trd, 4319241.443, 98
Trd, 4319242.943, 94
Trd, 4319244.143, 94
Trd, 4319244.443, 81
Trd, 4319245.243, 88
Trd, 4319246.043, 85
Trd, 4319247.393, 98
Trd, 4319249.243, 89
Trd, 4319250.243, 95
Trd, 4319251.943, 95
Trd, 4319252.043, 98
Trd, 4319252.893, 93
Trd, 4319253.543, 92
Trd, 4319255.343, 91
Trd, 4319257.193, 98
Trd, 4319258.993, 90
Trd, 4319260.143, 88
Trd, 4319260.743, 88
Trd, 4319263.743, 89
Trd, 4319264.993, 84
Trd, 4319265.493, 90
Trd, 4319267.093, 94
Trd, 4319269.243, 90
Trd, 4319270.793, 89
Trd, 4319272.493, 89
Trd, 4319272.843, 88
Trd, 4319274.693, 90
Trd, 4319275.193, 95
Trd, 4319276.043, 88
Trd, 4319277.443, 84
Trd, 4319278.143, 90
Trd, 4319280.143, 93
Trd, 4319282.043, 90
Trd, 4319282.893, 95
Trd, 4319284.993, 94
Trd, 4319285.243, 95
Trd, 4319287.793, 98
Trd, 4319288.693, 96
Trd, 4319289.593, 97
Trd, 4319290.343, 95
Trd, 4319291.343, 89
Trd, 4319292.393, 92
Trd, 4319292.993, 88
Trd, 4319294.093, 95
Trd, 4319295.893, 93
Trd, 4319298.293, 93
Trd, 4319298.593, 93
Trd, 4319299.743, 82
Trd, 4319300.343, 105
Trd, 4319302.193, 93
Trd, 4319302.793, 93
Trd, 4319303.143, 92
Trd, 4319307.193, 92
Trd, 4319307.543, 92
Trd, 4319308.193, 91
Trd, 4319310.443, 90
Trd, 4319311.543, 93
Trd, 4319314.643, 93
Trd, 4319316.243, 97
Trd, 4319316.643, 97
Trd, 4319318.543, 98
Trd, 4319320.693, 95
Trd, 4319321.893, 94
Trd, 4319322.543, 98
Trd, 4319323.793, 93
Trd, 4319325.443, 93
Trd, 4319326.593, 98
Trd, 4319327.093, 93
Trd, 4319330.193, 92
Trd, 4319330.243, 105
Trd, 4319332.143, 91
Trd, 4319332.343, 93
Trd, 4319332.593, 91
Trd, 4319333.043, 92
Trd, 4319334.843, 91
Trd, 4319335.043, 91
Trd, 4319337.243, 107
Trd, 4319338.643, 89
Trd, 4319340.443, 91
Trd, 4319341.043, 90
Trd, 4319343.193, 95
Trd, 4319345.443, 107
Trd, 4319345.693, 91
Trd, 4319347.693, 92
Trd, 4319348.493, 91
Trd, 4319348.593, 91
Trd, 4319349.893, 97
Trd, 4319352.393, 91
Trd, 4319352.443, 90
Trd, 4319355.093, 95
Trd, 4319355.643, 93
Trd, 4319357.743, 97
Trd, 4319357.843, 95
Trd, 4319358.443, 94
Trd, 4319360.843, 95
Trd, 4319361.543, 97
Trd, 4319361.893, 108
Trd, 4319362.393, 90
Trd, 4319364.693, 95
Trd, 4319365.643, 94
Trd, 4319367.843, 97
Trd, 4319369.043, 94
Trd, 4319371.143, 98
Trd, 4319371.643, 112
Trd, 4319372.543, 108
Trd, 4319372.793, 108
Trd, 4319373.443, 104
Trd, 4319374.643, 105
Trd, 4319375.243, 103
Trd, 4319376.693, 103
Trd, 4319377.543, 102
Trd, 4319378.093, 122
Trd, 4319379.493, 102
Trd, 4319380.443, 110
Trd, 4319382.843, 108
Trd, 4319383.343, 107
Trd, 4319385.693, 107
Trd, 4319387.593, 107
Trd, 4319390.543, 107
Trd, 4319392.643, 108
Trd, 4319393.293, 105
Trd, 4319395.093, 105
Trd, 4319398.843, 104
Trd, 4319399.143, 105
Trd, 4319399.193, 103
Trd, 4319401.493, 84
Trd, 4319401.693, 79
Trd, 4319403.043, 89
Trd, 4319403.493, 77
Trd, 4319405.243, 92
Trd, 4319407.543, 95
Trd, 4319407.793, 97
Trd, 4319407.843, 89
Trd, 4319408.543, 95
Trd, 4319411.043, 95
Trd, 4319411.893, 95
Trd, 4319413.743, 95
Trd, 4319415.993, 105
Trd, 4319416.793, 94
Trd, 4319417.893, 94
Trd, 4319418.443, 98
Trd, 4319419.493, 93
Trd, 4319420.043, 92
Trd, 4319421.343, 107
Trd, 4319423.243, 97
Trd, 4319423.793, 95
Trd, 4319424.543, 95
Trd, 4319428.593, 80
Trd, 4319430.243, 95
Trd, 4319432.943, 94
Trd, 4319434.043, 93
Trd, 4319434.643, 93
Trd, 4319435.843, 92
Trd, 4319437.793, 95
Trd, 4319438.193, 92
Trd, 4319438.793, 94
Trd, 4319440.643, 101
Trd, 4319440.843, 101
Trd, 4319441.343, 100
Trd, 4319443.543, 100
Trd, 4319445.543, 99
Trd, 4319446.343, 98
Trd, 4319447.343, 100
Trd, 4319447.443, 100
Trd, 4319449.443, 99
Trd, 4319451.693, 99
Trd, 4319451.943, 100
Trd, 4319454.343, 98
Trd, 4319454.793, 98
Trd, 4319457.293, 99
Trd, 4319457.343, 99
Trd, 4319458.943, 98
Trd, 4319459.093, 98
Trd, 4319460.493, 100
Trd, 4319460.993, 97
Trd, 4319463.293, 96
Trd, 4319463.393, 94
Trd, 4319466.643, 99
Trd, 4319466.893, 97
Trd, 4319469.543, 109
Trd, 4319469.643, 109
Trd, 4319469.693, 100
Trd, 4319472.243, 105
Trd, 4319472.343, 103
Trd, 4319472.543, 103
Trd, 4319474.493, 108
Trd, 4319476.593, 102
Trd, 4319476.793, 102
Trd, 4319477.843, 80
Trd, 4319479.493, 97
Trd, 4319479.943, 103
Trd, 4319481.293, 96
Trd, 4319482.543, 96
Trd, 4319485.343, 100
Trd, 4319488.493, 99
Trd, 4319488.643, 99
Trd, 4319489.343, 86
Trd, 4319492.193, 92
Trd, 4319495.393, 94
Trd, 4319495.593, 100
Trd, 4319496.143, 93
Trd, 4319497.043, 92
Trd, 4319497.593, 94
Trd, 4319500.493, 92
Trd, 4319503.143, 104
Trd, 4319503.193, 97
Trd, 4319505.843, 96
Trd, 4319505.943, 95
Trd, 4319506.643, 86
Trd, 4319508.393, 106
Trd, 4319508.443, 95
Trd, 4319509.893, 96
Trd, 4319512.243, 95
Trd, 4319512.843, 95
Trd, 4319514.293, 94
Trd, 4319514.693, 98
Trd, 4319515.043, 94
Trd, 4319516.193, 72
Trd, 4319516.793, 90
Trd, 4319516.943, 98
Trd, 4319517.443, 95
Trd, 4319518.493, 94
Trd, 4319521.443, 93
Trd, 4319523.743, 92
Trd, 4319526.693, 93
Trd, 4319526.843, 92
Trd, 4319528.643, 98
Trd, 4319529.093, 92
Trd, 4319530.093, 91
Trd, 4319530.893, 90
Trd, 4319531.593, 98
Trd, 4319532.693, 87
Trd, 4319534.343, 105
Trd, 4319534.643, 89
Trd, 4319535.493, 88
Trd, 4319537.743, 87
Trd, 4319538.093, 89
Trd, 4319539.893, 71
Trd, 4319539.943, 68
Trd, 4319540.493, 90
Trd, 4319543.243, 81
Trd, 4319544.543, 95
Trd, 4319545.493, 79
Trd, 4319548.443, 82
Trd, 4319549.543, 80
Trd, 4319550.543, 94
Trd, 4319550.943, 106
Trd, 4319552.093, 97
Trd, 4319552.793, 98
Trd, 4319552.893, 96
Trd, 4319554.893, 119
Trd, 4319555.593, 112
Trd, 4319557.193, 110
Trd, 4319557.543, 109
Trd, 4319559.493, 107
Trd, 4319560.293, 103
Trd, 4319561.393, 86
Trd, 4319564.943, 107
Trd, 4319565.393, 102
Trd, 4319566.493, 102
Trd, 4319567.043, 101
Trd, 4319571.793, 101
Trd, 4319572.093, 101
Trd, 4319572.843, 86
Trd, 4319574.593, 100
Trd, 4319575.393, 99
Trd, 4319576.093, 98
Trd, 4319577.043, 97
Trd, 4319577.743, 77
Trd, 4319579.893, 92
Trd, 4319580.543, 95
Trd, 4319581.193, 88
Trd, 4319586.043, 96
Trd, 4319586.193, 96
Trd, 4319586.843, 95
Trd, 4319587.393, 82
Trd, 4319587.443, 104
Trd, 4319590.093, 98
Trd, 4319590.343, 95
Trd, 4319590.643, 95
Trd, 4319590.693, 83
Trd, 4319591.693, 83
Trd, 4319592.543, 94
Trd, 4319594.693, 98
Trd, 4319596.093, 99
Trd, 4319596.293, 104
Trd, 4319596.593, 96
Trd, 4319599.043, 97
Trd, 4319601.043, 97
Trd, 4319602.393, 98
Trd, 4319603.843, 98
Trd, 4319604.043, 105
Trd, 4319605.743, 94
Trd, 4319606.243, 91
Trd, 4319607.743, 87
Trd, 4319608.343, 106
Trd, 4319610.843, 97
Trd, 4319613.343, 97
Trd, 4319614.493, 96
Trd, 4319615.793, 95
Trd, 4319616.093, 95
Trd, 4319617.443, 95
Trd, 4319619.343, 94
Trd, 4319620.393, 93
Trd, 4319620.943, 80
Trd, 4319622.543, 94
Trd, 4319623.143, 89
Trd, 4319623.793, 95
Trd, 4319624.943, 88
Trd, 4319627.343, 105
Trd, 4319627.893, 92
Trd, 4319628.193, 92
Trd, 4319631.093, 94
Trd, 4319632.493, 94
Trd, 4319632.543, 94
Trd, 4319633.793, 95
Trd, 4319634.193, 93
Trd, 4319634.693, 92
Trd, 4319638.193, 92
Trd, 4319639.243, 94
Trd, 4319640.793, 93
Trd, 4319641.443, 95
Trd, 4319643.343, 92
Trd, 4319644.443, 91
Trd, 4319645.943, 95
Trd, 4319647.993, 107
Trd, 4319648.093, 102
Trd, 4319648.593, 101
Trd, 4319650.793, 100
Trd, 4319650.993, 99
Trd, 4319652.443, 98
Trd, 4319652.593, 98
Trd, 4319654.893, 101
Trd, 4319655.393, 96
Trd, 4319655.843, 96
Trd, 4319657.093, 96
Trd, 4319661.093, 97
Trd, 4319661.243, 101
Trd, 4319661.543, 96
Trd, 4319665.043, 95
Trd, 4319666.293, 94
Trd, 4319668.193, 95
Trd, 4319668.443, 100
Trd, 4319668.693, 94
Trd, 4319671.493, 93
Trd, 4319671.643, 104
Trd, 4319672.243, 93
Trd, 4319672.643, 93
Trd, 4319676.543, 95
Trd, 4319676.693, 95
Trd, 4319676.893, 113
Trd, 4319679.043, 94
Trd, 4319679.493, 93
Trd, 4319682.543, 92
Trd, 4319682.993, 104
Trd, 4319684.043, 96
Trd, 4319684.793, 94
Trd, 4319687.493, 98
Trd, 4319687.843, 97
Trd, 4319689.343, 101
Trd, 4319689.993, 96
Trd, 4319693.643, 97
Trd, 4319694.393, 96
Trd, 4319695.893, 91
Trd, 4319696.643, 78
Trd, 4319699.443, 97
Trd, 4319700.643, 90
Trd, 4319701.943, 95
Trd, 4319704.093, 97
Trd, 4319704.643, 94
Trd, 4319705.293, 94
Trd, 4319705.593, 85
Trd, 4319707.493, 92
Trd, 4319708.643, 95
Trd, 4319710.193, 100
Trd, 4319712.693, 101
Trd, 4319713.293, 100
Trd, 4319713.993, 98
Trd, 4319715.743, 99
Trd, 4319715.943, 71
Trd, 4319717.543, 86
Trd, 4319721.843, 92
Trd, 4319721.893, 98
Trd, 4319722.793, 93
Trd, 4319724.943, 97
Trd, 4319724.993, 96
Trd, 4319726.743, 97
Trd, 4319727.843, 95
Trd, 4319731.193, 97
Trd, 4319732.643, 97
Trd, 4319733.993, 96
Trd, 4319734.643, 98
Trd, 4319738.243, 98
Trd, 4319739.143, 97
Trd, 4319739.643, 97
Trd, 4319740.493, 95
Trd, 4319742.093, 93
Trd, 4319742.743, 90
Trd, 4319742.943, 98
Trd, 4319745.093, 79
Trd, 4319746.193, 75
Trd, 4319748.343, 88
Trd, 4319749.943, 96
Trd, 4319750.293, 87
Trd, 4319751.343, 85
Trd, 4319755.193, 96
Trd, 4319756.193, 87
Trd, 4319757.043, 88
Trd, 4319757.343, 86
Trd, 4319759.043, 95
Trd, 4319761.343, 96
Trd, 4319762.793, 97
Trd, 4319763.243, 96
Trd, 4319763.593, 95
Trd, 4319766.143, 95
Trd, 4319767.243, 95
Trd, 4319770.243, 95
Trd, 4319771.543, 97
Trd, 4319772.793, 94
Trd, 4319773.943, 94
Trd, 4319776.043, 93
Trd, 4319776.393, 92
Trd, 4319778.593, 91
Trd, 4319778.943, 90
Trd, 4319780.193, 77
Trd, 4319780.643, 89
Trd, 4319785.193, 93
Trd, 4319785.343, 97
Trd, 4319785.443, 91
Trd, 4319786.593, 92
Trd, 4319786.643, 97
Trd, 4319789.843, 92
Trd, 4319792.093, 92
Trd, 4319793.343, 90
Trd, 4319794.293, 105
Trd, 4319794.343, 89
Trd, 4319794.493, 90
Trd, 4319797.693, 91
Trd, 4319798.493, 90
Trd, 4319798.843, 87
Trd, 4319800.793, 95
Trd, 4319800.843, 89
Trd, 4319801.793, 88
Trd, 4319805.193, 91
Trd, 4319805.993, 95
Trd, 4319806.743, 89
Trd, 4319810.393, 89
Trd, 4319810.643, 100
Trd, 4319811.793, 91
Trd, 4319811.843, 88
Trd, 4319814.443, 93
Trd, 4319816.393, 93
Trd, 4319817.693, 92
Trd, 4319817.843, 97
Trd, 4319821.193, 91
Trd, 4319821.693, 91
Trd, 4319821.893, 89
Trd, 4319824.293, 97
Trd, 4319825.043, 92
Trd, 4319827.193, 97
Trd, 4319828.143, 93
Trd, 4319828.643, 92
Trd, 4319828.693, 91
Trd, 4319831.143, 91
Trd, 4319832.293, 91
Trd, 4319832.543, 90
Trd, 4319832.793, 94
Trd, 4319833.693, 93
Trd, 4319834.543, 87
Trd, 4319837.793, 95
Trd, 4319838.043, 89
Trd, 4319841.493, 101
Trd, 4319841.693, 96
Trd, 4319843.443, 97
Trd, 4319843.743, 96
Trd, 4319845.293, 97
Trd, 4319846.743, 95
Trd, 4319847.493, 90
Trd, 4319848.043, 105
Trd, 4319848.443, 91
Trd, 4319850.143, 77
Trd, 4319850.543, 105
Trd, 4319850.693, 67
Trd, 4319852.543, 95
Trd, 4319854.343, 99
Trd, 4319854.993, 98
Trd, 4319856.993, 98
Trd, 4319857.093, 97
Trd, 4319858.793, 96
Trd, 4319859.893, 80
Trd, 4319861.043, 89
Trd, 4319862.743, 104
Trd, 4319863.843, 91
Trd, 4319863.993, 86
Trd, 4319865.693, 90
Trd, 4319868.893, 93
Trd, 4319870.593, 93
Trd, 4319871.443, 92
Trd, 4319872.593, 92
Trd, 4319873.793, 92
Trd, 4319874.043, 95
Trd, 4319874.493, 105
Trd, 4319878.293, 95
Trd, 4319880.643, 113
Trd, 4319881.843, 94
Trd, 4319882.343, 91
Trd, 4319884.743, 94
Trd, 4319887.393, 95
Trd, 4319889.093, 93
Trd, 4319891.393, 92
Trd, 4319891.593, 92
Trd, 4319892.693, 92
Trd, 4319893.793, 100
Trd, 4319894.143, 102
Trd, 4319895.243, 101
Trd, 4319895.493, 110
Trd, 4319896.143, 101
Trd, 4319896.643, 100
Trd, 4319897.793, 100
Trd, 4319900.143, 91
Trd, 4319902.193, 99
Trd, 4319904.193, 104
Trd, 4319905.243, 100
Trd, 4319906.043, 99
Trd, 4319906.843, 97
Trd, 4319907.993, 101
Trd, 4319908.493, 98
Trd, 4319908.943, 105
Trd, 4319909.443, 97
Trd, 4319910.043, 77
Trd, 4319910.893, 93
Trd, 4319912.743, 92
Trd, 4319914.543, 88
Trd, 4319915.543, 92
Trd, 4319918.093, 91
Trd, 4319918.943, 95
Trd, 4319918.993, 93
Trd, 4319919.243, 105
Trd, 4319921.093, 99
Trd, 4319923.243, 96
Trd, 4319923.643, 96
Trd, 4319926.893, 97
Trd, 4319928.093, 97
Trd, 4319929.593, 102
Trd, 4319929.643, 96
Trd, 4319933.543, 99
Trd, 4319933.943, 97
Trd, 4319934.193, 97
Trd, 4319934.643, 97
Trd, 4319935.243, 96
Trd, 4319939.093, 95
Trd, 4319940.343, 96
Trd, 4319944.793, 95
Trd, 4319945.093, 94
Trd, 4319946.093, 103
Trd, 4319946.993, 104
Trd, 4319947.593, 105
Trd, 4319947.843, 107
Trd, 4319948.543, 103
Trd, 4319951.543, 102
Trd, 4319953.543, 103
Trd, 4319954.043, 101
Trd, 4319954.443, 100
Trd, 4319956.643, 100
Trd, 4319958.993, 105
Trd, 4319961.743, 100
Trd, 4319962.593, 99
Trd, 4319963.143, 98
Trd, 4319963.693, 96
Trd, 4319965.343, 104
Trd, 4319966.393, 98
Trd, 4319967.893, 97
Trd, 4319968.543, 98
Trd, 4319969.843, 97
Trd, 4319972.243, 97
Trd, 4319972.943, 105
Trd, 4319973.943, 97
Trd, 4319974.443, 96
Trd, 4319975.343, 80
Trd, 4319978.043, 92
Trd, 4319978.293, 103
Trd, 4319978.993, 91
Trd, 4319979.043, 91
Trd, 4319980.743, 90
Trd, 4319981.993, 89
Trd, 4319984.743, 90
Trd, 4319985.293, 90
Trd, 4319987.443, 97
Trd, 4319988.543, 90
Trd, 4319988.793, 89
Trd, 4319990.443, 90
Trd, 4319992.543, 96
Trd, 4319994.443, 91
Trd, 4319994.643, 92
Trd, 4319996.043, 92
Trd, 4319997.493, 92
Trd, 4319998.143, 80
Trd, 4319999.643, 96
